{"id":"gen9anythinggoes-1982970651","p1":"azzels","p2":"Jangod67","format":"[Gen 9] Anything Goes","log":"|j|\u2606azzels\n|j|\u2606Jangod67\n|t:|1699064654\n|gametype|singles\n|player|p1|azzels|1|\n|player|p2|Jangod67|102|\n|teamsize|p1|6\n|teamsize|p2|6\n|gen|9\n|tier|[Gen 9] Anything Goes\n|rule|HP Percentage Mod: HP is shown in percentages\n|rule|Endless Battle Clause: Forcing endless battles is banned\n|clearpoke\n|poke|p1|Gliscor, M|\n|poke|p1|Ninetales-Alola, M|\n|poke|p1|Manaphy|\n|poke|p1|Cinderace, M|\n|poke|p1|Kingambit, F|\n|poke|p1|Heatran, M|\n|poke|p2|Glimmora, F|\n|poke|p2|Milotic, M|\n|poke|p2|Lokix, F|\n|poke|p2|Crawdaunt, M|\n|poke|p2|Ditto|\n|poke|p2|Great Tusk|\n|teampreview\n|j| Lageon\n|\n|t:|1699064679\n|start\n|switch|p1a: Cinderace|Cinderace, M|100\/100\n|switch|p2a: Glimmora|Glimmora, F|100\/100\n|turn|1\n|\n|t:|1699064693\n|move|p2a: Glimmora|Spiky Shield|p2a: Glimmora\n|-singleturn|p2a: Glimmora|move: Protect\n|move|p1a: Cinderace|High Jump Kick|p2a: Glimmora\n|-start|p1a: Cinderace|typechange|Fighting|[from] ability: Libero\n|-activate|p2a: Glimmora|move: Protect\n|-damage|p1a: Cinderace|88\/100|[from] Spiky Shield|[of] p2a: Glimmora\n|-damage|p1a: Cinderace|38\/100|[from] highjumpkick\n|\n|upkeep\n|turn|2\n|\n|t:|1699064710\n|move|p1a: Cinderace|High Jump Kick|p2a: Glimmora\n|-damage|p2a: Glimmora|39\/100\n|-activate|p2a: Glimmora|ability: Toxic Debris\n|-sidestart|p1: azzels|move: Toxic Spikes\n|move|p2a: Glimmora|Sludge Bomb|p1a: Cinderace\n|-damage|p1a: Cinderace|0 fnt\n|faint|p1a: Cinderace\n|\n|-heal|p2a: Glimmora|46\/100|[from] item: Leftovers\n|upkeep\n|\n|t:|1699064721\n|switch|p1a: Gliscor|Gliscor, M|100\/100\n|turn|3\n|\n|t:|1699064731\n|move|p2a: Glimmora|Spiky Shield|p2a: Glimmora\n|-singleturn|p2a: Glimmora|move: Protect\n|move|p1a: Gliscor|Toxic Spikes|p2a: Glimmora\n|-sidestart|p2: Jangod67|move: Toxic Spikes\n|\n|-heal|p2a: Glimmora|52\/100|[from] item: Leftovers\n|-status|p1a: Gliscor|tox|[from] item: Toxic Orb\n|upkeep\n|turn|4\n|\n|t:|1699064743\n|move|p1a: Gliscor|Spikes|p2a: Glimmora\n|-sidestart|p2: Jangod67|Spikes\n|move|p2a: Glimmora|Toxic Spikes|p1a: Gliscor\n|-sidestart|p1: azzels|move: Toxic Spikes\n|\n|-heal|p2a: Glimmora|58\/100|[from] item: Leftovers\n|upkeep\n|turn|5\n|\n|t:|1699064749\n|move|p1a: Gliscor|Toxic Spikes|p2a: Glimmora\n|-sidestart|p2: Jangod67|move: Toxic Spikes\n|move|p2a: Glimmora|Toxic Spikes||[still]\n|-fail|p2a: Glimmora\n|\n|-heal|p2a: Glimmora|64\/100|[from] item: Leftovers\n|upkeep\n|turn|6\n|\n|t:|1699064764\n|move|p1a: Gliscor|Spikes|p2a: Glimmora\n|-sidestart|p2: Jangod67|Spikes\n|move|p2a: Glimmora|Sludge Bomb|p1a: Gliscor\n|-resisted|p1a: Gliscor\n|-damage|p1a: Gliscor|76\/100 tox\n|\n|-heal|p2a: Glimmora|70\/100|[from] item: Leftovers\n|-heal|p1a: Gliscor|88\/100 tox|[from] ability: Poison Heal\n|upkeep\n|turn|7\n|\n|t:|1699064781\n|move|p1a: Gliscor|Earthquake|p2a: Glimmora\n|-supereffective|p2a: Glimmora\n|-damage|p2a: Glimmora|0 fnt\n|faint|p2a: Glimmora\n|\n|-heal|p1a: Gliscor|100\/100 tox|[from] ability: Poison Heal\n|upkeep\n|\n|t:|1699064797\n|switch|p2a: Crawdaunt|Crawdaunt, M|100\/100\n|-status|p2a: Crawdaunt|tox\n|-damage|p2a: Crawdaunt|84\/100 tox|[from] Spikes\n|turn|8\n|\n|t:|1699064804\n|-terastallize|p2a: Crawdaunt|Water\n|move|p1a: Gliscor|Protect|p1a: Gliscor\n|-singleturn|p1a: Gliscor|Protect\n|move|p2a: Crawdaunt|Swords Dance|p2a: Crawdaunt\n|-boost|p2a: Crawdaunt|atk|2\n|\n|-heal|p2a: Crawdaunt|90\/100 tox|[from] item: Leftovers\n|-damage|p2a: Crawdaunt|84\/100 tox|[from] psn\n|upkeep\n|turn|9\n|\n|t:|1699064840\n|move|p2a: Crawdaunt|Aqua Jet|p1a: Gliscor\n|-supereffective|p1a: Gliscor\n|-crit|p1a: Gliscor\n|-damage|p1a: Gliscor|0 fnt\n|faint|p1a: Gliscor\n|\n|-heal|p2a: Crawdaunt|90\/100 tox|[from] item: Leftovers\n|-damage|p2a: Crawdaunt|78\/100 tox|[from] psn\n|upkeep\n|\n|t:|1699064852\n|switch|p1a: Ninetales|Ninetales-Alola, M|100\/100\n|-status|p1a: Ninetales|tox\n|-weather|Snow|[from] ability: Snow Warning|[of] p1a: Ninetales\n|turn|10\n|\n|t:|1699064859\n|move|p2a: Crawdaunt|Aqua Jet|p1a: Ninetales\n|-damage|p1a: Ninetales|58\/100 tox\n|move|p1a: Ninetales|Disable|p2a: Crawdaunt\n|-start|p2a: Crawdaunt|Disable|Aqua Jet\n|\n|-weather|Snow|[upkeep]\n|-heal|p2a: Crawdaunt|84\/100 tox|[from] item: Leftovers\n|-damage|p1a: Ninetales|52\/100 tox|[from] psn\n|-damage|p2a: Crawdaunt|66\/100 tox|[from] psn\n|upkeep\n|turn|11\n|\n|t:|1699064870\n|move|p1a: Ninetales|Aurora Veil|p1a: Ninetales\n|-sidestart|p1: azzels|move: Aurora Veil\n|move|p2a: Crawdaunt|Knock Off|p1a: Ninetales\n|-resisted|p1a: Ninetales\n|-damage|p1a: Ninetales|35\/100 tox\n|-enditem|p1a: Ninetales|Light Clay|[from] move: Knock Off|[of] p2a: Crawdaunt\n|\n|-weather|Snow|[upkeep]\n|-heal|p2a: Crawdaunt|72\/100 tox|[from] item: Leftovers\n|-damage|p1a: Ninetales|23\/100 tox|[from] psn\n|-damage|p2a: Crawdaunt|48\/100 tox|[from] psn\n|upkeep\n|turn|12\n|\n|t:|1699064878\n|move|p1a: Ninetales|Rain Dance|p1a: Ninetales\n|-weather|RainDance\n|move|p2a: Crawdaunt|Liquidation|p1a: Ninetales\n|-damage|p1a: Ninetales|0 fnt\n|faint|p1a: Ninetales\n|\n|-weather|RainDance|[upkeep]\n|-heal|p2a: Crawdaunt|54\/100 tox|[from] item: Leftovers\n|-damage|p2a: Crawdaunt|24\/100 tox|[from] psn\n|upkeep\n|\n|t:|1699064886\n|switch|p1a: Manaphy|Manaphy|100\/100\n|-status|p1a: Manaphy|tox\n|turn|13\n|\n|t:|1699064892\n|move|p1a: Manaphy|Energy Ball|p2a: Crawdaunt\n|-supereffective|p2a: Crawdaunt\n|-damage|p2a: Crawdaunt|0 fnt\n|faint|p2a: Crawdaunt\n|\n|-weather|RainDance|[upkeep]\n|-activate|p1a: Manaphy|ability: Hydration\n|-curestatus|p1a: Manaphy|tox|[msg]\n|upkeep\n|\n|t:|1699064953\n|switch|p2a: Milotic|Milotic, M, shiny|100\/100\n|-status|p2a: Milotic|tox\n|-damage|p2a: Milotic|84\/100 tox|[from] Spikes\n|turn|14\n|\n|t:|1699064967\n|move|p2a: Milotic|Protect|p2a: Milotic\n|-singleturn|p2a: Milotic|Protect\n|move|p1a: Manaphy|Tail Glow|p1a: Manaphy\n|-boost|p1a: Manaphy|spa|3\n|\n|-weather|RainDance|[upkeep]\n|-heal|p2a: Milotic|90\/100 tox|[from] item: Leftovers\n|-damage|p2a: Milotic|84\/100 tox|[from] psn\n|upkeep\n|turn|15\n|\n|t:|1699064976\n|move|p1a: Manaphy|Energy Ball|p2a: Milotic\n|-supereffective|p2a: Milotic\n|-damage|p2a: Milotic|8\/100 tox\n|move|p2a: Milotic|Haze|p2a: Milotic\n|-clearallboost\n|\n|-weather|RainDance|[upkeep]\n|-heal|p2a: Milotic|14\/100 tox|[from] item: Leftovers\n|-damage|p2a: Milotic|2\/100 tox|[from] psn\n|upkeep\n|turn|16\n|\n|t:|1699064987\n|move|p1a: Manaphy|Tail Glow|p1a: Manaphy\n|-boost|p1a: Manaphy|spa|3\n|move|p2a: Milotic|Recover|p2a: Milotic\n|-heal|p2a: Milotic|52\/100 tox\n|\n|-weather|none\n|-heal|p2a: Milotic|58\/100 tox|[from] item: Leftovers\n|-damage|p2a: Milotic|40\/100 tox|[from] psn\n|upkeep\n|turn|17\n|\n|t:|1699064996\n|move|p2a: Milotic|Protect|p2a: Milotic\n|-singleturn|p2a: Milotic|Protect\n|move|p1a: Manaphy|Energy Ball|p2a: Milotic\n|-activate|p2a: Milotic|move: Protect\n|\n|-heal|p2a: Milotic|46\/100 tox|[from] item: Leftovers\n|-damage|p2a: Milotic|21\/100 tox|[from] psn\n|upkeep\n|turn|18\n|\n|t:|1699065006\n|move|p2a: Milotic|Protect||[still]\n|-fail|p2a: Milotic\n|move|p1a: Manaphy|Energy Ball|p2a: Milotic\n|-supereffective|p2a: Milotic\n|-damage|p2a: Milotic|0 fnt\n|faint|p2a: Milotic\n|\n|-sideend|p1: azzels|move: Aurora Veil\n|upkeep\n|\n|t:|1699065014\n|switch|p2a: Ditto|Ditto, shiny|100\/100\n|-status|p2a: Ditto|tox\n|-damage|p2a: Ditto|84\/100 tox|[from] Spikes\n|-transform|p2a: Ditto|p1a: Manaphy|[from] ability: Imposter\n|turn|19\n|\n|t:|1699065046\n|-terastallize|p1a: Manaphy|Fairy\n|move|p2a: Ditto|Surf|p1a: Manaphy\n|-damage|p1a: Manaphy|0 fnt\n|faint|p1a: Manaphy\n|\n|-damage|p2a: Ditto|78\/100 tox|[from] psn\n|upkeep\n|\n|t:|1699065175\n|switch|p1a: Heatran|Heatran, M|100\/100\n|turn|20\n|\n|t:|1699065186\n|move|p1a: Heatran|Protect|p1a: Heatran\n|-singleturn|p1a: Heatran|Protect\n|move|p2a: Ditto|Surf|p1a: Heatran\n|-activate|p1a: Heatran|move: Protect\n|\n|-damage|p2a: Ditto|66\/100 tox|[from] psn\n|upkeep\n|turn|21\n|\n|t:|1699065196\n|move|p2a: Ditto|Surf|p1a: Heatran\n|-supereffective|p1a: Heatran\n|-damage|p1a: Heatran|0 fnt\n|faint|p1a: Heatran\n|\n|-damage|p2a: Ditto|48\/100 tox|[from] psn\n|upkeep\n|\n|t:|1699065202\n|switch|p1a: Kingambit|Kingambit, F|100\/100\n|-activate|p1a: Kingambit|ability: Supreme Overlord\n|-start|p1a: Kingambit|fallen5|[silent]\n|turn|22\n|\n|t:|1699065240\n|move|p2a: Ditto|Surf|p1a: Kingambit\n|-damage|p1a: Kingambit|0 fnt\n|faint|p1a: Kingambit\n|-end|p1a: Kingambit|fallen5|[silent]\n|\n|win|Jangod67\n","uploadtime":1699065250,"views":7,"p1id":"azzels","p2id":"jangod67","formatid":"gen9anythinggoes","rating":0,"private":0,"password":""}