{"id":"gen9anythinggoes-1999605830","p1":"DannexYT","p2":"DukeGoolies","format":"[Gen 9] Anything Goes","log":"|j|\u2606DannexYT\n|j|\u2606DukeGoolies\n|t:|1701100536\n|gametype|singles\n|player|p1|DannexYT|lucas|1141\n|player|p2|DukeGoolies|169|1028\n|teamsize|p1|6\n|teamsize|p2|6\n|gen|9\n|tier|[Gen 9] Anything Goes\n|rated|\n|rule|HP Percentage Mod: HP is shown in percentages\n|rule|Endless Battle Clause: Forcing endless battles is banned\n|clearpoke\n|poke|p1|Weezing-Galar, M|\n|poke|p1|Avalugg, M|\n|poke|p1|Slowking, M|\n|poke|p1|Tauros, M|\n|poke|p1|Landorus-Therian, M|\n|poke|p1|Pawmot, M|\n|poke|p2|Dragapult, F|\n|poke|p2|Iron Moth|\n|poke|p2|Azumarill, F|\n|poke|p2|Bronzong|\n|poke|p2|Zapdos|\n|poke|p2|Heracross, M|\n|teampreview\n|\n|t:|1701100553\n|start\n|switch|p1a: Chewbacca|Tauros, M|100\/100\n|switch|p2a: Bronzong|Bronzong|100\/100\n|turn|1\n|\n|t:|1701100573\n|move|p1a: Chewbacca|Close Combat|p2a: Bronzong\n|-damage|p2a: Bronzong|54\/100\n|-unboost|p1a: Chewbacca|def|1\n|-unboost|p1a: Chewbacca|spd|1\n|move|p2a: Bronzong|Reflect|p2a: Bronzong\n|-sidestart|p2: DukeGoolies|Reflect\n|\n|upkeep\n|turn|2\n|\n|t:|1701100580\n|switch|p1a: Yoda|Slowking, M|100\/100\n|move|p2a: Bronzong|Light Screen|p2a: Bronzong\n|-sidestart|p2: DukeGoolies|move: Light Screen\n|\n|upkeep\n|turn|3\n|\n|t:|1701100607\n|switch|p2a: Dragapult|Dragapult, F|100\/100\n|move|p1a: Yoda|Future Sight|p2a: Dragapult\n|-start|p1a: Yoda|move: Future Sight\n|\n|upkeep\n|turn|4\n|\n|t:|1701100618\n|move|p2a: Dragapult|Shadow Ball|p1a: Yoda\n|-supereffective|p1a: Yoda\n|-damage|p1a: Yoda|60\/100\n|move|p1a: Yoda|Ice Beam|p2a: Dragapult\n|-supereffective|p2a: Dragapult\n|-damage|p2a: Dragapult|71\/100\n|\n|upkeep\n|turn|5\n|\n|t:|1701100634\n|move|p2a: Dragapult|Shadow Ball|p1a: Yoda\n|-supereffective|p1a: Yoda\n|-damage|p1a: Yoda|19\/100\n|-unboost|p1a: Yoda|spd|1\n|move|p1a: Yoda|Ice Beam|p2a: Dragapult\n|-supereffective|p2a: Dragapult\n|-damage|p2a: Dragapult|41\/100\n|\n|-end|p2a: Dragapult|move: Future Sight\n|-damage|p2a: Dragapult|13\/100\n|upkeep\n|turn|6\n|\n|t:|1701100645\n|switch|p1a: Chewbacca|Tauros, M|100\/100\n|move|p2a: Dragapult|Shadow Ball|p1a: Chewbacca\n|-immune|p1a: Chewbacca\n|\n|upkeep\n|turn|7\n|\n|t:|1701100666\n|switch|p2a: Heracross|Heracross, M|100\/100\n|move|p1a: Chewbacca|Earthquake|p2a: Heracross\n|-resisted|p2a: Heracross\n|-crit|p2a: Heracross\n|-damage|p2a: Heracross|54\/100\n|\n|-status|p2a: Heracross|brn|[from] item: Flame Orb\n|upkeep\n|turn|8\n|\n|t:|1701100703\n|switch|p1a: C-3PO|Weezing-Galar, M|100\/100\n|move|p2a: Heracross|Close Combat|p1a: C-3PO\n|-resisted|p1a: C-3PO\n|-damage|p1a: C-3PO|85\/100\n|-unboost|p2a: Heracross|def|1\n|-unboost|p2a: Heracross|spd|1\n|\n|-heal|p1a: C-3PO|91\/100|[from] item: Black Sludge\n|-damage|p2a: Heracross|48\/100 brn|[from] brn\n|-sideend|p2: DukeGoolies|Reflect\n|upkeep\n|turn|9\n|\n|t:|1701100734\n|move|p2a: Heracross|Facade|p1a: C-3PO\n|-damage|p1a: C-3PO|44\/100\n|move|p1a: C-3PO|Thunderbolt|p2a: Heracross\n|-damage|p2a: Heracross|33\/100 brn\n|\n|-heal|p1a: C-3PO|50\/100|[from] item: Black Sludge\n|-damage|p2a: Heracross|27\/100 brn|[from] brn\n|-sideend|p2: DukeGoolies|move: Light Screen\n|upkeep\n|turn|10\n|\n|t:|1701100757\n|switch|p1a: R2-D2|Avalugg, M|100\/100\n|move|p2a: Heracross|Facade|p1a: R2-D2\n|-crit|p1a: R2-D2\n|-damage|p1a: R2-D2|59\/100\n|-damage|p2a: Heracross|11\/100 brn|[from] item: Rocky Helmet|[of] p1a: R2-D2\n|\n|-damage|p2a: Heracross|5\/100 brn|[from] brn\n|upkeep\n|turn|11\n|\n|t:|1701100778\n|-terastallize|p1a: R2-D2|Fighting\n|move|p2a: Heracross|Close Combat|p1a: R2-D2\n|-damage|p1a: R2-D2|21\/100\n|-unboost|p2a: Heracross|def|1\n|-unboost|p2a: Heracross|spd|1\n|-damage|p2a: Heracross|0 fnt|[from] item: Rocky Helmet|[of] p1a: R2-D2\n|faint|p2a: Heracross\n|move|p1a: R2-D2|Recover|p1a: R2-D2\n|-heal|p1a: R2-D2|71\/100\n|\n|upkeep\n|\n|t:|1701100788\n|switch|p2a: Bronzong|Bronzong|54\/100\n|turn|12\n|inactive|Battle timer is ON: inactive players will automatically lose when time's up. (requested by DukeGoolies)\n|\n|t:|1701100845\n|move|p2a: Bronzong|Psychic|p1a: R2-D2\n|-supereffective|p1a: R2-D2\n|-damage|p1a: R2-D2|0 fnt\n|faint|p1a: R2-D2\n|\n|upkeep\n|\n|t:|1701100869\n|switch|p1a: Yoda|Slowking, M|52\/100\n|turn|13\n|inactive|DukeGoolies has 120 seconds left.\n|\n|t:|1701100903\n|move|p2a: Bronzong|Light Screen|p2a: Bronzong\n|-sidestart|p2: DukeGoolies|move: Light Screen\n|move|p1a: Yoda|Future Sight|p2a: Bronzong\n|-start|p1a: Yoda|move: Future Sight\n|\n|upkeep\n|turn|14\n|\n|t:|1701100909\n|move|p2a: Bronzong|Reflect|p2a: Bronzong\n|-sidestart|p2: DukeGoolies|Reflect\n|move|p1a: Yoda|Scald|p2a: Bronzong\n|-damage|p2a: Bronzong|44\/100\n|\n|upkeep\n|turn|15\n|inactive|DukeGoolies has 120 seconds left.\n|inactive|DannexYT has 120 seconds left.\n|\n|t:|1701100953\n|switch|p2a: Iron Moth|Iron Moth|100\/100\n|-enditem|p2a: Iron Moth|Booster Energy\n|-activate|p2a: Iron Moth|ability: Quark Drive|[fromitem]\n|-start|p2a: Iron Moth|quarkdrivespe\n|move|p1a: Yoda|Scald|p2a: Iron Moth\n|-supereffective|p2a: Iron Moth\n|-damage|p2a: Iron Moth|73\/100\n|\n|-end|p2a: Iron Moth|move: Future Sight\n|-supereffective|p2a: Iron Moth\n|-damage|p2a: Iron Moth|32\/100\n|upkeep\n|turn|16\n|inactive|DannexYT has 120 seconds left.\n|\n|t:|1701100982\n|switch|p1a: Lando|Landorus-Therian, M|100\/100\n|-ability|p1a: Lando|Intimidate|boost\n|-unboost|p2a: Iron Moth|atk|1\n|move|p2a: Iron Moth|Energy Ball|p1a: Lando\n|-damage|p1a: Lando|79\/100\n|\n|-heal|p1a: Lando|85\/100|[from] item: Leftovers\n|upkeep\n|turn|17\n|\n|t:|1701100994\n|move|p2a: Iron Moth|Fiery Dance|p1a: Lando\n|-damage|p1a: Lando|52\/100\n|-boost|p2a: Iron Moth|spa|1\n|move|p1a: Lando|Smack Down|p2a: Iron Moth\n|-supereffective|p2a: Iron Moth\n|-damage|p2a: Iron Moth|9\/100\n|\n|-heal|p1a: Lando|58\/100|[from] item: Leftovers\n|upkeep\n|turn|18\n|\n|t:|1701101006\n|switch|p1a: Yoda|Slowking, M|85\/100\n|move|p2a: Iron Moth|Fiery Dance|p1a: Yoda\n|-resisted|p1a: Yoda\n|-damage|p1a: Yoda|72\/100\n|\n|upkeep\n|turn|19\n|\n|t:|1701101015\n|move|p2a: Iron Moth|Energy Ball|p1a: Yoda\n|-supereffective|p1a: Yoda\n|-damage|p1a: Yoda|35\/100\n|move|p1a: Yoda|Scald|p2a: Iron Moth\n|-supereffective|p2a: Iron Moth\n|-damage|p2a: Iron Moth|0 fnt\n|faint|p2a: Iron Moth\n|-end|p2a: Iron Moth|Quark Drive|[silent]\n|\n|upkeep\n|\n|t:|1701101028\n|switch|p2a: Zapdos|Zapdos|100\/100\n|turn|20\n|\n|t:|1701101054\n|switch|p1a: Lando|Landorus-Therian, M|58\/100\n|-ability|p1a: Lando|Intimidate|boost\n|-unboost|p2a: Zapdos|atk|1\n|move|p2a: Zapdos|Hurricane|p1a: Lando|[miss]\n|-miss|p2a: Zapdos|p1a: Lando\n|\n|-heal|p1a: Lando|64\/100|[from] item: Leftovers\n|-sideend|p2: DukeGoolies|move: Light Screen\n|upkeep\n|turn|21\n|inactive|DukeGoolies has 120 seconds left.\n|\n|t:|1701101078\n|switch|p2a: Azumarill|Azumarill, F|100\/100\n|move|p1a: Lando|Stealth Rock|p2a: Azumarill\n|-sidestart|p2: DukeGoolies|move: Stealth Rock\n|\n|-heal|p1a: Lando|70\/100|[from] item: Leftovers\n|-sideend|p2: DukeGoolies|Reflect\n|upkeep\n|turn|22\n|\n|t:|1701101102\n|switch|p1a: C-3PO|Weezing-Galar, M|50\/100\n|move|p2a: Azumarill|Knock Off|p1a: C-3PO\n|-resisted|p1a: C-3PO\n|-damage|p1a: C-3PO|37\/100\n|-enditem|p1a: C-3PO|Black Sludge|[from] move: Knock Off|[of] p2a: Azumarill\n|\n|upkeep\n|turn|23\n|\n|t:|1701101117\n|switch|p2a: Bronzong|Bronzong|44\/100\n|-damage|p2a: Bronzong|38\/100|[from] Stealth Rock\n|move|p1a: C-3PO|Thunderbolt|p2a: Bronzong\n|-damage|p2a: Bronzong|27\/100\n|\n|upkeep\n|turn|24\n|\n|t:|1701101131\n|switch|p1a: Yoda|Slowking, M|69\/100\n|move|p2a: Bronzong|Light Screen|p2a: Bronzong\n|-sidestart|p2: DukeGoolies|move: Light Screen\n|\n|upkeep\n|turn|25\n|\n|t:|1701101137\n|move|p2a: Bronzong|Reflect|p2a: Bronzong\n|-sidestart|p2: DukeGoolies|Reflect\n|move|p1a: Yoda|Future Sight|p2a: Bronzong\n|-start|p1a: Yoda|move: Future Sight\n|\n|upkeep\n|turn|26\n|inactive|DukeGoolies has 90 seconds left.\n|\n|t:|1701101162\n|switch|p2a: Zapdos|Zapdos|100\/100\n|move|p1a: Yoda|Future Sight||[still]\n|-fail|p1a: Yoda\n|\n|upkeep\n|turn|27\n|inactive|DukeGoolies has 90 seconds left.\n|\n|t:|1701101173\n|switch|p1a: Lando|Landorus-Therian, M|70\/100\n|-ability|p1a: Lando|Intimidate|boost\n|-unboost|p2a: Zapdos|atk|1\n|move|p2a: Zapdos|Thunderbolt|p1a: Lando\n|-immune|p1a: Lando\n|\n|-end|p2a: Zapdos|move: Future Sight\n|-damage|p2a: Zapdos|79\/100\n|-heal|p1a: Lando|76\/100|[from] item: Leftovers\n|upkeep\n|turn|28\n|inactive|DukeGoolies has 90 seconds left.\n|\n|t:|1701101185\n|switch|p2a: Azumarill|Azumarill, F|100\/100\n|-damage|p2a: Azumarill|88\/100|[from] Stealth Rock\n|move|p1a: Lando|Smack Down|p2a: Azumarill\n|-damage|p2a: Azumarill|79\/100\n|\n|-heal|p1a: Lando|82\/100|[from] item: Leftovers\n|upkeep\n|turn|29\n|\n|t:|1701101194\n|switch|p1a: C-3PO|Weezing-Galar, M|37\/100\n|move|p2a: Azumarill|Belly Drum|p2a: Azumarill\n|-damage|p2a: Azumarill|29\/100\n|-setboost|p2a: Azumarill|atk|6|[from] move: Belly Drum\n|-enditem|p2a: Azumarill|Sitrus Berry|[eat]\n|-heal|p2a: Azumarill|53\/100|[from] item: Sitrus Berry\n|\n|upkeep\n|turn|30\n|inactive|DukeGoolies has 90 seconds left.\n|\n|t:|1701101235\n|move|p2a: Azumarill|Aqua Jet|p1a: C-3PO\n|-damage|p1a: C-3PO|0 fnt\n|faint|p1a: C-3PO\n|\n|upkeep\n|\n|t:|1701101245\n|switch|p1a: Chewbacca|Tauros, M|100\/100\n|turn|31\n|\n|t:|1701101262\n|move|p2a: Azumarill|Aqua Jet|p1a: Chewbacca\n|-damage|p1a: Chewbacca|0 fnt\n|faint|p1a: Chewbacca\n|\n|-sideend|p2: DukeGoolies|move: Light Screen\n|upkeep\n|inactive|DannexYT has 120 seconds left.\n|\n|t:|1701101279\n|switch|p1a: Lando|Landorus-Therian, M|82\/100\n|-ability|p1a: Lando|Intimidate|boost\n|-unboost|p2a: Azumarill|atk|1\n|turn|32\n|\n|t:|1701101295\n|switch|p1a: Yoda|Slowking, M|100\/100\n|move|p2a: Azumarill|Aqua Jet|p1a: Yoda\n|-resisted|p1a: Yoda\n|-damage|p1a: Yoda|53\/100\n|\n|-sideend|p2: DukeGoolies|Reflect\n|upkeep\n|turn|33\n|inactive|DukeGoolies has 60 seconds left.\n|\n|t:|1701101329\n|switch|p1a: Lando|Landorus-Therian, M|82\/100\n|-ability|p1a: Lando|Intimidate|boost\n|-unboost|p2a: Azumarill|atk|1\n|move|p2a: Azumarill|Knock Off|p1a: Lando\n|-damage|p1a: Lando|0 fnt\n|-enditem|p1a: Lando|Leftovers|[from] move: Knock Off|[of] p2a: Azumarill\n|faint|p1a: Lando\n|\n|upkeep\n|\n|t:|1701101337\n|switch|p1a: Han Solo|Pawmot, M|100\/100\n|turn|34\n|\n|t:|1701101362\n|move|p2a: Azumarill|Aqua Jet|p1a: Han Solo\n|-damage|p1a: Han Solo|0 fnt\n|faint|p1a: Han Solo\n|\n|upkeep\n|\n|t:|1701101366\n|switch|p1a: Yoda|Slowking, M|87\/100\n|turn|35\n|\n|t:|1701101378\n|move|p2a: Azumarill|Knock Off|p1a: Yoda\n|-supereffective|p1a: Yoda\n|-damage|p1a: Yoda|0 fnt\n|-enditem|p1a: Yoda|Assault Vest|[from] move: Knock Off|[of] p2a: Azumarill\n|faint|p1a: Yoda\n|\n|win|DukeGoolies\n|raw|DannexYT's rating: 1141 &rarr; <strong>1108<\/strong><br \/>(-33 for losing)\n|raw|DukeGoolies's rating: 1028 &rarr; <strong>1075<\/strong><br \/>(+47 for winning)\n|l|\u2606DannexYT\n|c|\u2606DukeGoolies|gg\n","uploadtime":1701101401,"views":22,"p1id":"dannexyt","p2id":"dukegoolies","formatid":"gen9anythinggoes","rating":1075,"private":0,"password":""}