{"id":"gen9anythinggoes-1978947864","p1":"we up dos","p2":"Pure Hackmons","format":"[Gen 9] Anything Goes","log":"|j|\u2606we up dos\n|j|\u2606Pure Hackmons\n|t:|1698613450\n|gametype|singles\n|player|p1|we up dos|caitlin-masters|\n|player|p2|Pure Hackmons|ethan|\n|teamsize|p1|6\n|teamsize|p2|6\n|gen|9\n|tier|[Gen 9] Anything Goes\n|rated|Tournament battle\n|rule|HP Percentage Mod: HP is shown in percentages\n|rule|Endless Battle Clause: Forcing endless battles is banned\n|rule|Species Clause: Limit one of each Pok\u00e9mon\n|rule|OHKO Clause: OHKO moves are banned\n|rule|Evasion Moves Clause: Evasion moves are banned\n|rule|1 Ability Clause: Limit 1 of each ability\n|rule|Sleep Moves Clause: Sleep-inducing moves are banned\n|rule|Terastal Clause: You cannot Terastallize\n|clearpoke\n|poke|p1|Overqwil, M|\n|poke|p1|Ting-Lu|\n|poke|p1|Toxapex, F|\n|poke|p1|Thundurus-Therian, M|\n|poke|p1|Meloetta|\n|poke|p1|Ogerpon-Wellspring, F|\n|poke|p2|Ting-Lu|\n|poke|p2|Blissey, F|\n|poke|p2|Empoleon, M|\n|poke|p2|Corviknight, F|\n|poke|p2|Dipplin, F|\n|poke|p2|Toxapex, M|\n|teampreview\n|j|%Iolanthe\n|inactive|Battle timer is ON: inactive players will automatically lose when time's up. (requested by we up dos)\n|j|+Dasocks (^-^)\n|j| Binacle Pinnacle\n|c|\u2606Pure Hackmons|HF.\n|\n|t:|1698613475\n|start\n|switch|p1a: Thundurus|Thundurus-Therian, M|100\/100\n|switch|p2a: Toxapex|Toxapex, M|100\/100\n|turn|1\n|l|%Iolanthe\n|\n|t:|1698613481\n|switch|p1a: Toxapex|Toxapex, F|100\/100\n|switch|p2a: Blissey|Blissey, F|100\/100\n|\n|upkeep\n|turn|2\n|j| Purehackmonx 6\n|\n|t:|1698613486\n|switch|p2a: Toxapex|Toxapex, M|100\/100\n|move|p1a: Toxapex|Mortal Spin|p2a: Toxapex\n|-resisted|p2a: Toxapex\n|-damage|p2a: Toxapex|99\/100\n|-damage|p1a: Toxapex|84\/100|[from] item: Rocky Helmet|[of] p2a: Toxapex\n|\n|upkeep\n|turn|3\n|\n|t:|1698613492\n|move|p2a: Toxapex|Scald|p1a: Toxapex\n|-resisted|p1a: Toxapex\n|-damage|p1a: Toxapex|80\/100\n|-status|p1a: Toxapex|brn\n|move|p1a: Toxapex|Mortal Spin|p2a: Toxapex\n|-resisted|p2a: Toxapex\n|-damage|p2a: Toxapex|98\/100\n|-damage|p1a: Toxapex|64\/100 brn|[from] item: Rocky Helmet|[of] p2a: Toxapex\n|\n|-damage|p1a: Toxapex|58\/100 brn|[from] brn\n|upkeep\n|turn|4\n|\n|t:|1698613498\n|switch|p2a: Empoleon|Empoleon, M|100\/100\n|move|p1a: Toxapex|Flip Turn|p2a: Empoleon\n|-resisted|p2a: Empoleon\n|-damage|p2a: Empoleon|98\/100\n|\n|t:|1698613504\n|switch|p1a: Ogerpon|Ogerpon-Wellspring, F|100\/100|[from] Flip Turn\n|\n|-heal|p2a: Empoleon|100\/100|[from] item: Leftovers\n|upkeep\n|turn|5\n|\n|t:|1698613509\n|move|p1a: Ogerpon|Flower Trick|p2a: Empoleon\n|-crit|p2a: Empoleon\n|-damage|p2a: Empoleon|28\/100\n|move|p2a: Empoleon|Stealth Rock|p1a: Ogerpon\n|-sidestart|p1: we up dos|move: Stealth Rock\n|\n|-heal|p2a: Empoleon|34\/100|[from] item: Leftovers\n|upkeep\n|turn|6\n|c|\u2606Pure Hackmons|ow\n|\n|t:|1698613515\n|switch|p2a: Dipplin|Dipplin, F|100\/100\n|-ability|p2a: Dipplin|Intimidate|boost\n|-unboost|p1a: Ogerpon|atk|1\n|move|p1a: Ogerpon|Swords Dance|p1a: Ogerpon\n|-boost|p1a: Ogerpon|atk|2\n|\n|upkeep\n|turn|7\n|\n|t:|1698613521\n|move|p1a: Ogerpon|Pyro Ball|p2a: Dipplin\n|-damage|p2a: Dipplin|69\/100\n|move|p2a: Dipplin|Dragon Tail|p1a: Ogerpon\n|-damage|p1a: Ogerpon|76\/100\n|drag|p1a: Meloetta|Meloetta|100\/100\n|\n|upkeep\n|turn|8\n|c|+Dasocks (^-^)|dipplin my goat\n|c| Purehackmonx 6|we up dos\n|\n|t:|1698613531\n|switch|p2a: Blissey|Blissey, F|100\/100\n|move|p1a: Meloetta|Glare|p2a: Blissey\n|-status|p2a: Blissey|par\n|\n|upkeep\n|turn|9\n|\n|t:|1698613542\n|move|p1a: Meloetta|Lumina Crash|p2a: Blissey\n|-damage|p2a: Blissey|86\/100 par\n|-unboost|p2a: Blissey|spd|2\n|cant|p2a: Blissey|par\n|\n|-heal|p2a: Blissey|92\/100 par|[from] item: Leftovers\n|upkeep\n|turn|10\n|\n|t:|1698613547\n|move|p1a: Meloetta|Boomburst|p2a: Blissey\n|-damage|p2a: Blissey|27\/100 par\n|move|p2a: Blissey|Transform|p1a: Meloetta\n|-transform|p2a: Blissey|p1a: Meloetta\n|\n|-heal|p2a: Blissey|33\/100 par|[from] item: Leftovers\n|upkeep\n|turn|11\n|c|\u2606Pure Hackmons|woa\n|\n|t:|1698613555\n|move|p1a: Meloetta|Boomburst|p2a: Blissey\n|-damage|p2a: Blissey|10\/100 par\n|move|p2a: Blissey|Recover|p2a: Blissey\n|-heal|p2a: Blissey|60\/100 par\n|\n|-heal|p2a: Blissey|66\/100 par|[from] item: Leftovers\n|upkeep\n|turn|12\n|\n|t:|1698613560\n|move|p1a: Meloetta|Lumina Crash|p2a: Blissey\n|-resisted|p2a: Blissey\n|-damage|p2a: Blissey|56\/100 par\n|-unboost|p2a: Blissey|spd|2\n|move|p2a: Blissey|Glare|p1a: Meloetta\n|-status|p1a: Meloetta|par\n|\n|-heal|p2a: Blissey|62\/100 par|[from] item: Leftovers\n|upkeep\n|turn|13\n|\n|t:|1698613570\n|move|p1a: Meloetta|Boomburst|p2a: Blissey\n|-damage|p2a: Blissey|18\/100 par\n|move|p2a: Blissey|Recover|p2a: Blissey\n|-heal|p2a: Blissey|68\/100 par\n|\n|-heal|p2a: Blissey|74\/100 par|[from] item: Leftovers\n|upkeep\n|turn|14\n|\n|t:|1698613582\n|move|p2a: Blissey|Boomburst|p1a: Meloetta\n|-damage|p1a: Meloetta|62\/100 par\n|move|p1a: Meloetta|Boomburst|p2a: Blissey\n|-damage|p2a: Blissey|33\/100 par\n|\n|-heal|p2a: Blissey|39\/100 par|[from] item: Leftovers\n|upkeep\n|turn|15\n|c|+Dasocks (^-^)|melo taking that better than blissey\n|\n|t:|1698613590\n|switch|p2a: Corviknight|Corviknight, F|100\/100\n|move|p1a: Meloetta|Lumina Crash|p2a: Corviknight\n|-resisted|p2a: Corviknight\n|-damage|p2a: Corviknight|78\/100\n|-unboost|p2a: Corviknight|spd|2\n|\n|-heal|p2a: Corviknight|84\/100|[from] item: Leftovers\n|upkeep\n|turn|16\n|\n|t:|1698613599\n|switch|p2a: Blissey|Blissey, F|39\/100 par\n|switch|p1a: Toxapex|Toxapex, F|91\/100 brn\n|-damage|p1a: Toxapex|79\/100 brn|[from] Stealth Rock\n|\n|-heal|p2a: Blissey|45\/100 par|[from] item: Leftovers\n|-damage|p1a: Toxapex|73\/100 brn|[from] brn\n|upkeep\n|turn|17\n|c| Binacle Pinnacle|This mon is so broken\n|\n|t:|1698613606\n|move|p2a: Blissey|Soft-Boiled|p2a: Blissey\n|-heal|p2a: Blissey|95\/100 par\n|move|p1a: Toxapex|Mortal Spin|p2a: Blissey\n|-damage|p2a: Blissey|92\/100 par\n|-sideend|p1: we up dos|Stealth Rock|[from] move: Mortal Spin|[of] p1a: Toxapex\n|\n|-heal|p2a: Blissey|98\/100 par|[from] item: Leftovers\n|-damage|p1a: Toxapex|67\/100 brn|[from] brn\n|upkeep\n|turn|18\n|c| Binacle Pinnacle|this tier is doomed WTF\n|\n|t:|1698613618\n|switch|p2a: Empoleon|Empoleon, M|34\/100\n|move|p1a: Toxapex|Flip Turn|p2a: Empoleon\n|-resisted|p2a: Empoleon\n|-damage|p2a: Empoleon|31\/100\n|c|\u2606Pure Hackmons|These guys have Weavile Free Man\n|\n|t:|1698613624\n|switch|p1a: Ogerpon|Ogerpon-Wellspring, F|76\/100|[from] Flip Turn\n|\n|-heal|p2a: Empoleon|38\/100|[from] item: Leftovers\n|upkeep\n|turn|19\n|c|+Dasocks (^-^)|boomburst. surging strikes. jet punch. gigaton hammer.\n|c|+Dasocks (^-^)|nothing is sacred\n|\n|t:|1698613629\n|switch|p1a: Overqwil|Overqwil, M|100\/100\n|switch|p2a: Dipplin|Dipplin, F|69\/100\n|-ability|p2a: Dipplin|Intimidate|boost\n|-unboost|p1a: Overqwil|atk|1\n|\n|upkeep\n|turn|20\n|l| Purehackmonx 6\n|\n|t:|1698613634\n|switch|p2a: Toxapex|Toxapex, M|100\/100\n|move|p1a: Overqwil|Noxious Torque|p2a: Toxapex\n|-resisted|p2a: Toxapex\n|-damage|p2a: Toxapex|93\/100\n|\n|upkeep\n|turn|21\n|\n|t:|1698613641\n|move|p1a: Overqwil|Coil|p1a: Overqwil\n|-boost|p1a: Overqwil|atk|1\n|-boost|p1a: Overqwil|def|1\n|-boost|p1a: Overqwil|accuracy|1\n|move|p2a: Toxapex|Flip Turn|p1a: Overqwil\n|-damage|p1a: Overqwil|91\/100\n|\n|t:|1698613653\n|switch|p2a: Dipplin|Dipplin, F|69\/100|[from] Flip Turn\n|-ability|p2a: Dipplin|Intimidate|boost\n|-unboost|p1a: Overqwil|atk|1\n|\n|-heal|p1a: Overqwil|98\/100|[from] item: Leftovers\n|upkeep\n|turn|22\n|\n|t:|1698613662\n|switch|p2a: Toxapex|Toxapex, M|100\/100\n|move|p1a: Overqwil|Noxious Torque|p2a: Toxapex\n|-resisted|p2a: Toxapex\n|-damage|p2a: Toxapex|92\/100\n|\n|-heal|p1a: Overqwil|100\/100|[from] item: Leftovers\n|upkeep\n|turn|23\n|\n|t:|1698613665\n|move|p1a: Overqwil|Coil|p1a: Overqwil\n|-boost|p1a: Overqwil|atk|1\n|-boost|p1a: Overqwil|def|1\n|-boost|p1a: Overqwil|accuracy|1\n|move|p2a: Toxapex|Scald|p1a: Overqwil\n|-damage|p1a: Overqwil|84\/100\n|\n|-heal|p1a: Overqwil|90\/100|[from] item: Leftovers\n|upkeep\n|turn|24\n|\n|t:|1698613667\n|move|p1a: Overqwil|Coil|p1a: Overqwil\n|-boost|p1a: Overqwil|atk|1\n|-boost|p1a: Overqwil|def|1\n|-boost|p1a: Overqwil|accuracy|1\n|move|p2a: Toxapex|Scald|p1a: Overqwil\n|-damage|p1a: Overqwil|75\/100\n|\n|-heal|p1a: Overqwil|81\/100|[from] item: Leftovers\n|upkeep\n|turn|25\n|c|\u2606we up dos|gg if no burn\n|\n|t:|1698613685\n|move|p1a: Overqwil|Coil|p1a: Overqwil\n|-boost|p1a: Overqwil|atk|1\n|-boost|p1a: Overqwil|def|1\n|-boost|p1a: Overqwil|accuracy|1\n|move|p2a: Toxapex|Flip Turn|p1a: Overqwil\n|-damage|p1a: Overqwil|76\/100\n|\n|t:|1698613690\n|switch|p2a: Dipplin|Dipplin, F|69\/100|[from] Flip Turn\n|-ability|p2a: Dipplin|Intimidate|boost\n|-unboost|p1a: Overqwil|atk|1\n|\n|-heal|p1a: Overqwil|83\/100|[from] item: Leftovers\n|upkeep\n|turn|26\n|\n|t:|1698613695\n|move|p1a: Overqwil|Noxious Torque|p2a: Dipplin\n|-supereffective|p2a: Dipplin\n|-damage|p2a: Dipplin|16\/100\n|move|p2a: Dipplin|Dragon Tail|p1a: Overqwil\n|-damage|p1a: Overqwil|77\/100\n|drag|p1a: Toxapex|Toxapex, F|99\/100 brn\n|\n|-damage|p1a: Toxapex|94\/100 brn|[from] brn\n|upkeep\n|turn|27\n|c|+Dasocks (^-^)|dipplin eats\n|\n|t:|1698613704\n|switch|p2a: Empoleon|Empoleon, M|38\/100\n|move|p1a: Toxapex|Mortal Spin|p2a: Empoleon\n|-immune|p2a: Empoleon\n|\n|-heal|p2a: Empoleon|44\/100|[from] item: Leftovers\n|-damage|p1a: Toxapex|88\/100 brn|[from] brn\n|upkeep\n|turn|28\n|\n|t:|1698613709\n|move|p2a: Empoleon|Roost|p2a: Empoleon\n|-heal|p2a: Empoleon|94\/100\n|-singleturn|p2a: Empoleon|move: Roost\n|move|p1a: Toxapex|Flip Turn|p2a: Empoleon\n|-resisted|p2a: Empoleon\n|-damage|p2a: Empoleon|91\/100\n|\n|t:|1698613717\n|switch|p1a: Thundurus|Thundurus-Therian, M|100\/100|[from] Flip Turn\n|\n|-heal|p2a: Empoleon|98\/100|[from] item: Leftovers\n|upkeep\n|turn|29\n|\n|t:|1698613720\n|switch|p2a: Blissey|Blissey, F|98\/100 par\n|move|p1a: Thundurus|Zap Cannon|p2a: Blissey\n|-damage|p2a: Blissey|65\/100 par\n|\n|-heal|p2a: Blissey|71\/100 par|[from] item: Leftovers\n|upkeep\n|turn|30\n|\n|t:|1698613728\n|switch|p1a: Ogerpon|Ogerpon-Wellspring, F|76\/100\n|move|p2a: Blissey|Soft-Boiled|p2a: Blissey\n|-heal|p2a: Blissey|100\/100 par\n|\n|upkeep\n|turn|31\n|\n|t:|1698613736\n|switch|p2a: Dipplin|Dipplin, F|16\/100\n|-ability|p2a: Dipplin|Intimidate|boost\n|-unboost|p1a: Ogerpon|atk|1\n|move|p1a: Ogerpon|Surging Strikes|p2a: Dipplin\n|-resisted|p2a: Dipplin\n|-crit|p2a: Dipplin\n|-damage|p2a: Dipplin|12\/100\n|-resisted|p2a: Dipplin\n|-crit|p2a: Dipplin\n|-damage|p2a: Dipplin|9\/100\n|-resisted|p2a: Dipplin\n|-crit|p2a: Dipplin\n|-damage|p2a: Dipplin|5\/100\n|-hitcount|p2a: Dipplin|3\n|\n|upkeep\n|turn|32\n|\n|t:|1698613741\n|switch|p2a: Toxapex|Toxapex, M|100\/100\n|move|p1a: Ogerpon|Surging Strikes|p2a: Toxapex\n|-resisted|p2a: Toxapex\n|-crit|p2a: Toxapex\n|-damage|p2a: Toxapex|90\/100\n|-damage|p1a: Ogerpon|60\/100|[from] item: Rocky Helmet|[of] p2a: Toxapex\n|-resisted|p2a: Toxapex\n|-crit|p2a: Toxapex\n|-damage|p2a: Toxapex|80\/100\n|-damage|p1a: Ogerpon|43\/100|[from] item: Rocky Helmet|[of] p2a: Toxapex\n|-resisted|p2a: Toxapex\n|-crit|p2a: Toxapex\n|-damage|p2a: Toxapex|71\/100\n|-damage|p1a: Ogerpon|26\/100|[from] item: Rocky Helmet|[of] p2a: Toxapex\n|-hitcount|p2a: Toxapex|3\n|\n|upkeep\n|turn|33\n|\n|t:|1698613748\n|switch|p2a: Corviknight|Corviknight, F|84\/100\n|move|p1a: Ogerpon|Flower Trick|p2a: Corviknight\n|-resisted|p2a: Corviknight\n|-crit|p2a: Corviknight\n|-damage|p2a: Corviknight|70\/100\n|\n|-heal|p2a: Corviknight|76\/100|[from] item: Leftovers\n|upkeep\n|turn|34\n|\n|t:|1698613753\n|switch|p1a: Ting-Lu|Ting-Lu|100\/100\n|switch|p2a: Toxapex|Toxapex, M|100\/100\n|\n|upkeep\n|turn|35\n|\n|t:|1698613759\n|move|p1a: Ting-Lu|Knock Off|p2a: Toxapex\n|-damage|p2a: Toxapex|80\/100\n|-damage|p1a: Ting-Lu|84\/100|[from] item: Rocky Helmet|[of] p2a: Toxapex\n|-enditem|p2a: Toxapex|Rocky Helmet|[from] move: Knock Off|[of] p1a: Ting-Lu\n|move|p2a: Toxapex|Mortal Spin|p1a: Ting-Lu\n|-resisted|p1a: Ting-Lu\n|-damage|p1a: Ting-Lu|83\/100\n|-status|p1a: Ting-Lu|psn\n|\n|-heal|p1a: Ting-Lu|89\/100 psn|[from] item: Leftovers\n|-damage|p1a: Ting-Lu|76\/100 psn|[from] psn\n|upkeep\n|turn|36\n|\n|t:|1698613764\n|move|p1a: Ting-Lu|Ceaseless Edge|p2a: Toxapex\n|-damage|p2a: Toxapex|66\/100\n|-sidestart|p2: Pure Hackmons|Spikes\n|move|p2a: Toxapex|Flip Turn|p1a: Ting-Lu\n|-supereffective|p1a: Ting-Lu\n|-damage|p1a: Ting-Lu|64\/100 psn\n|\n|t:|1698613767\n|switch|p2a: Corviknight|Corviknight, F|76\/100|[from] Flip Turn\n|\n|-heal|p2a: Corviknight|82\/100|[from] item: Leftovers\n|-heal|p1a: Ting-Lu|71\/100 psn|[from] item: Leftovers\n|-damage|p1a: Ting-Lu|58\/100 psn|[from] psn\n|upkeep\n|turn|37\n|\n|t:|1698613796\n|move|p2a: Corviknight|Defog|p1a: Ting-Lu\n|-unboost|p1a: Ting-Lu|evasion|1\n|-sideend|p2: Pure Hackmons|Spikes|[from] move: Defog|[of] p2a: Corviknight\n|move|p1a: Ting-Lu|Parting Shot|p2a: Corviknight\n|-unboost|p2a: Corviknight|atk|1\n|-unboost|p2a: Corviknight|spa|1\n|inactive|we up dos has 120 seconds left.\n|\n|t:|1698613813\n|switch|p1a: Overqwil|Overqwil, M|77\/100|[from] Parting Shot\n|\n|-heal|p1a: Overqwil|83\/100|[from] item: Leftovers\n|-heal|p2a: Corviknight|88\/100|[from] item: Leftovers\n|upkeep\n|turn|38\n|\n|t:|1698613816\n|switch|p2a: Ting-Lu|Ting-Lu|100\/100\n|-ability|p2a: Ting-Lu|Tablets of Ruin\n|move|p1a: Overqwil|Coil|p1a: Overqwil\n|-boost|p1a: Overqwil|atk|1\n|-boost|p1a: Overqwil|def|1\n|-boost|p1a: Overqwil|accuracy|1\n|\n|-heal|p1a: Overqwil|89\/100|[from] item: Leftovers\n|upkeep\n|turn|39\n|\n|t:|1698613821\n|move|p1a: Overqwil|Coil|p1a: Overqwil\n|-boost|p1a: Overqwil|atk|1\n|-boost|p1a: Overqwil|def|1\n|-boost|p1a: Overqwil|accuracy|1\n|move|p2a: Ting-Lu|Earthquake|p1a: Overqwil\n|-heal|p1a: Overqwil|100\/100|[from] ability: Earth Eater|[of] p2a: Ting-Lu\n|\n|upkeep\n|turn|40\n|\n|t:|1698613836\n|switch|p2a: Blissey|Blissey, F|100\/100 par\n|move|p1a: Overqwil|Power Trip|p2a: Blissey\n|-crit|p2a: Blissey\n|-damage|p2a: Blissey|10\/100 par\n|\n|-heal|p2a: Blissey|16\/100 par|[from] item: Leftovers\n|upkeep\n|turn|41\n|inactive|we up dos has 120 seconds left.\n|inactive|we up dos has 90 seconds left.\n|\n|t:|1698613902\n|move|p1a: Overqwil|Coil|p1a: Overqwil\n|-boost|p1a: Overqwil|atk|1\n|-boost|p1a: Overqwil|def|1\n|-boost|p1a: Overqwil|accuracy|1\n|move|p2a: Blissey|Transform|p1a: Overqwil\n|-transform|p2a: Blissey|p1a: Overqwil\n|\n|-heal|p2a: Blissey|23\/100 par|[from] item: Leftovers\n|upkeep\n|turn|42\n|\n|t:|1698613914\n|move|p1a: Overqwil|Power Trip|p2a: Blissey\n|-resisted|p2a: Blissey\n|-damage|p2a: Blissey|0 fnt\n|faint|p2a: Blissey\n|\n|upkeep\n|\n|t:|1698613924\n|switch|p2a: Toxapex|Toxapex, M|99\/100\n|turn|43\n|inactive|we up dos has 90 seconds left.\n|\n|t:|1698613956\n|move|p1a: Overqwil|Power Trip|p2a: Toxapex\n|-damage|p2a: Toxapex|0 fnt\n|faint|p2a: Toxapex\n|\n|upkeep\n|c|\u2606Pure Hackmons|g_g\n|-message|Pure Hackmons forfeited.\n|\n|win|we up dos\n|n|\u2606we up dos|weupdos\n|n|\u2606Pure Hackmons|purehackmons\n|n| Dasocks (^-^)|dasocks\n|n| Binacle Pinnacle|binaclepinnacle\n","uploadtime":1698613965,"views":7,"p1id":"weupdos","p2id":"purehackmons","formatid":"gen9anythinggoes","rating":0,"private":0,"password":""}