{"id":"gen9anythinggoes-1990740297","p1":"A1mm0r4ckd","p2":"IMTHEFALSESHEPHERD","format":"[Gen 9] Anything Goes","log":"|j|\u2606A1mm0r4ckd\n|j|\u2606IMTHEFALSESHEPHERD\n|t:|1699996408\n|gametype|singles\n|player|p1|A1mm0r4ckd|hiker-gen4|1156\n|player|p2|IMTHEFALSESHEPHERD|red|1275\n|teamsize|p1|6\n|teamsize|p2|6\n|gen|9\n|tier|[Gen 9] Anything Goes\n|rated|\n|rule|HP Percentage Mod: HP is shown in percentages\n|rule|Endless Battle Clause: Forcing endless battles is banned\n|clearpoke\n|poke|p1|Maushold-Four|\n|poke|p1|Glalie, F|\n|poke|p1|Snorunt, F|\n|poke|p1|Azumarill, M|\n|poke|p1|Snorlax, M|\n|poke|p1|Glimmora, F|\n|poke|p2|Typhlosion, M|\n|poke|p2|Sudowoodo, M|\n|poke|p2|Ursaluna-Bloodmoon, M|\n|poke|p2|Arceus-Electric|\n|poke|p2|Dragonite, M|\n|poke|p2|Annihilape, M|\n|teampreview\n|c|\u2606IMTHEFALSESHEPHERD|glhf\n|\n|t:|1699996416\n|start\n|switch|p1a: Glimmora|Glimmora, F|100\/100\n|switch|p2a: GoldHadItIdccc|Dragonite, M|100\/100\n|turn|1\n|\n|t:|1699996426\n|move|p2a: GoldHadItIdccc|Dragon Dance|p2a: GoldHadItIdccc\n|-boost|p2a: GoldHadItIdccc|atk|1\n|-boost|p2a: GoldHadItIdccc|spe|1\n|move|p1a: Glimmora|Reflect|p1a: Glimmora\n|-sidestart|p1: A1mm0r4ckd|Reflect\n|\n|upkeep\n|turn|2\n|\n|t:|1699996433\n|move|p2a: GoldHadItIdccc|Encore|p1a: Glimmora\n|-start|p1a: Glimmora|Encore\n|move|p1a: Glimmora|Reflect||[still]\n|-fail|p1a: Glimmora\n|\n|upkeep\n|turn|3\n|\n|t:|1699996444\n|switch|p1a: Snorlax|Snorlax, M|100\/100\n|move|p2a: GoldHadItIdccc|Dragon Dance|p2a: GoldHadItIdccc\n|-boost|p2a: GoldHadItIdccc|atk|1\n|-boost|p2a: GoldHadItIdccc|spe|1\n|\n|upkeep\n|turn|4\n|\n|t:|1699996451\n|move|p2a: GoldHadItIdccc|Earthquake|p1a: Snorlax\n|-damage|p1a: Snorlax|65\/100\n|move|p1a: Snorlax|Belly Drum|p1a: Snorlax\n|-damage|p1a: Snorlax|15\/100\n|-setboost|p1a: Snorlax|atk|6|[from] move: Belly Drum\n|-enditem|p1a: Snorlax|Sitrus Berry|[eat]\n|-heal|p1a: Snorlax|40\/100|[from] item: Sitrus Berry\n|\n|upkeep\n|turn|5\n|\n|t:|1699996463\n|move|p2a: GoldHadItIdccc|Encore|p1a: Snorlax\n|-start|p1a: Snorlax|Encore\n|move|p1a: Snorlax|Belly Drum||[still]\n|-fail|p1a: Snorlax\n|\n|-sideend|p1: A1mm0r4ckd|Reflect\n|upkeep\n|turn|6\n|\n|t:|1699996474\n|switch|p1a: Glimmora|Glimmora, F|100\/100\n|move|p2a: GoldHadItIdccc|Dragon Dance|p2a: GoldHadItIdccc\n|-boost|p2a: GoldHadItIdccc|atk|1\n|-boost|p2a: GoldHadItIdccc|spe|1\n|\n|upkeep\n|turn|7\n|\n|t:|1699996479\n|move|p2a: GoldHadItIdccc|Earthquake|p1a: Glimmora\n|-supereffective|p1a: Glimmora\n|-crit|p1a: Glimmora\n|-damage|p1a: Glimmora|0 fnt\n|-activate|p1a: Glimmora|ability: Toxic Debris\n|-sidestart|p2: IMTHEFALSESHEPHERD|move: Toxic Spikes\n|faint|p1a: Glimmora\n|\n|upkeep\n|\n|t:|1699996488\n|switch|p1a: Glalie|Glalie, F|100\/100\n|turn|8\n|-message|A1mm0r4ckd forfeited.\n|\n|win|IMTHEFALSESHEPHERD\n|raw|A1mm0r4ckd's rating: 1156 &rarr; <strong>1139<\/strong><br \/>(-17 for losing)\n|raw|IMTHEFALSESHEPHERD's rating: 1275 &rarr; <strong>1292<\/strong><br \/>(+17 for winning)\n|l|\u2606A1mm0r4ckd\n","uploadtime":1699996512,"views":14,"p1id":"a1mm0r4ckd","p2id":"imthefalseshepherd","formatid":"gen9anythinggoes","rating":1139,"private":0,"password":""}