{"id":"gen9anythinggoes-1999252444","p1":"Nahxela","p2":"batesmotel37","format":"[Gen 9] Anything Goes","log":"|j|\u2606Nahxela\n|j|\u2606batesmotel37\n|t:|1701050989\n|gametype|singles\n|player|p1|Nahxela|2|\n|player|p2|batesmotel37|169|\n|teamsize|p1|3\n|teamsize|p2|3\n|gen|9\n|tier|[Gen 9] Anything Goes\n|rule|HP Percentage Mod: HP is shown in percentages\n|rule|Endless Battle Clause: Forcing endless battles is banned\n|clearpoke\n|poke|p1|Diancie|\n|poke|p1|Clefairy, M|\n|poke|p1|Dragonite, F|\n|poke|p2|Dragonite, M|\n|poke|p2|Tinkaton, F|\n|poke|p2|Slaking, F|\n|teampreview\n|\n|t:|1701050992\n|start\n|switch|p1a: Diancie|Diancie|100\/100\n|switch|p2a: Tinkaton|Tinkaton, F|100\/100\n|turn|1\n|\n|t:|1701051000\n|move|p2a: Tinkaton|Metronome|p2a: Tinkaton\n|move|p2a: Tinkaton|Minimize|p2a: Tinkaton|[from]move: Metronome\n|-boost|p2a: Tinkaton|evasion|2\n|move|p1a: Diancie|Metronome|p1a: Diancie\n|move|p1a: Diancie|Sludge Bomb|p2a: Tinkaton|[from]move: Metronome\n|-immune|p2a: Tinkaton\n|\n|upkeep\n|turn|2\n|\n|t:|1701051008\n|move|p2a: Tinkaton|Metronome|p2a: Tinkaton\n|move|p2a: Tinkaton|Mountain Gale|p1a: Diancie|[from]move: Metronome\n|-damage|p1a: Diancie|86\/100\n|move|p1a: Diancie|Metronome|p1a: Diancie\n|move|p1a: Diancie|Whirlpool|p2a: Tinkaton|[from]move: Metronome\n|-damage|p2a: Tinkaton|93\/100\n|-activate|p2a: Tinkaton|move: Whirlpool|[of] p1a: Diancie\n|\n|-damage|p2a: Tinkaton|81\/100|[from] move: Whirlpool|[partiallytrapped]\n|upkeep\n|turn|3\n|\n|t:|1701051017\n|move|p2a: Tinkaton|Metronome|p2a: Tinkaton\n|move|p2a: Tinkaton|Toxic Thread|p1a: Diancie|[from]move: Metronome\n|-fail|p1a: Diancie|unboost|[from] ability: Clear Body|[of] p1a: Diancie\n|-status|p1a: Diancie|psn\n|move|p1a: Diancie|Metronome|p1a: Diancie\n|move|p1a: Diancie|Acid Armor|p1a: Diancie|[from]move: Metronome\n|-boost|p1a: Diancie|def|2\n|\n|-damage|p1a: Diancie|74\/100 psn|[from] psn\n|-damage|p2a: Tinkaton|69\/100|[from] move: Whirlpool|[partiallytrapped]\n|upkeep\n|turn|4\n|\n|t:|1701051028\n|move|p2a: Tinkaton|Metronome|p2a: Tinkaton\n|move|p2a: Tinkaton|Hyper Voice|p1a: Diancie|[from]move: Metronome\n|-resisted|p1a: Diancie\n|-damage|p1a: Diancie|67\/100 psn\n|move|p1a: Diancie|Metronome|p1a: Diancie\n|move|p1a: Diancie|Sunny Day|p1a: Diancie|[from]move: Metronome\n|-weather|SunnyDay\n|\n|-weather|SunnyDay|[upkeep]\n|-damage|p1a: Diancie|55\/100 psn|[from] psn\n|-damage|p2a: Tinkaton|56\/100|[from] move: Whirlpool|[partiallytrapped]\n|upkeep\n|turn|5\n|\n|t:|1701051037\n|move|p2a: Tinkaton|Metronome|p2a: Tinkaton\n|move|p2a: Tinkaton|Entrainment|p1a: Diancie|[from]move: Metronome\n|-endability|p1a: Diancie|Clear Body|[from] move: Entrainment\n|-ability|p1a: Diancie|Pickpocket|[from] move: Entrainment\n|move|p1a: Diancie|Metronome|p1a: Diancie\n|move|p1a: Diancie|Wonder Room|p1a: Diancie|[from]move: Metronome\n|-fieldstart|move: Wonder Room|[of] p1a: Diancie\n|\n|-weather|SunnyDay|[upkeep]\n|-damage|p1a: Diancie|43\/100 psn|[from] psn\n|-damage|p2a: Tinkaton|44\/100|[from] move: Whirlpool|[partiallytrapped]\n|upkeep\n|turn|6\n|\n|t:|1701051046\n|move|p2a: Tinkaton|Metronome|p2a: Tinkaton\n|move|p2a: Tinkaton|Torment|p1a: Diancie|[from]move: Metronome\n|-start|p1a: Diancie|Torment\n|move|p1a: Diancie|Metronome|p1a: Diancie\n|move|p1a: Diancie|Triple Dive|p2a: Tinkaton|[from]move: Metronome\n|-damage|p2a: Tinkaton|41\/100\n|-damage|p2a: Tinkaton|38\/100\n|-damage|p2a: Tinkaton|35\/100\n|-hitcount|p2a: Tinkaton|3\n|\n|-weather|SunnyDay|[upkeep]\n|-damage|p1a: Diancie|30\/100 psn|[from] psn\n|-end|p2a: Tinkaton|Whirlpool|[partiallytrapped]\n|upkeep\n|turn|7\n|\n|t:|1701051062\n|switch|p2a: Dragonite|Dragonite, M|100\/100\n|switch|p1a: Clefairy|Clefairy, M|100\/100\n|\n|-weather|SunnyDay|[upkeep]\n|upkeep\n|turn|8\n|\n|t:|1701051068\n|move|p2a: Dragonite|Metronome|p2a: Dragonite\n|move|p2a: Dragonite|Quiver Dance|p2a: Dragonite|[from]move: Metronome\n|-boost|p2a: Dragonite|spa|1\n|-boost|p2a: Dragonite|spd|1\n|-boost|p2a: Dragonite|spe|1\n|move|p1a: Clefairy|Metronome|p1a: Clefairy\n|move|p1a: Clefairy|Soft-Boiled||[from]move: Metronome|[still]\n|-fail|p1a: Clefairy|heal\n|\n|-weather|none\n|upkeep\n|turn|9\n|c|\u2606Nahxela|notteshock\n|\n|t:|1701051076\n|move|p2a: Dragonite|Metronome|p2a: Dragonite\n|move|p2a: Dragonite|Shell Side Arm|p1a: Clefairy|[from]move: Metronome|[anim] Shell Side Arm Special\n|-supereffective|p1a: Clefairy\n|-damage|p1a: Clefairy|39\/100\n|-hint|Special Shell Side Arm\n|move|p1a: Clefairy|Metronome|p1a: Clefairy\n|move|p1a: Clefairy|Rollout|p2a: Dragonite|[from]move: Metronome\n|-supereffective|p2a: Dragonite\n|-damage|p2a: Dragonite|96\/100\n|\n|-heal|p2a: Dragonite|100\/100|[from] item: Leftovers\n|-fieldend|move: Wonder Room\n|upkeep\n|turn|10\n|c|\u2606Nahxela|its joever\n|\n|t:|1701051086\n|move|p2a: Dragonite|Metronome|p2a: Dragonite\n|move|p2a: Dragonite|Sandsear Storm|p1a: Clefairy|[from]move: Metronome|[miss]\n|-miss|p2a: Dragonite|p1a: Clefairy\n|move|p1a: Clefairy|Rollout|p2a: Dragonite|[from]lockedmove\n|-supereffective|p2a: Dragonite\n|-damage|p2a: Dragonite|94\/100\n|\n|-heal|p2a: Dragonite|99\/100|[from] item: Leftovers\n|upkeep\n|turn|11\n|\n|t:|1701051099\n|switch|p2a: Slaking|Slaking, F|100\/100\n|move|p1a: Clefairy|Rollout|p2a: Slaking|[from]lockedmove\n|-damage|p2a: Slaking|92\/100\n|\n|upkeep\n|turn|12\n|\n|t:|1701051104\n|move|p2a: Slaking|Metronome|p2a: Slaking\n|move|p2a: Slaking|Flatter|p1a: Clefairy|[from]move: Metronome\n|-boost|p1a: Clefairy|spa|1\n|-start|p1a: Clefairy|confusion\n|-activate|p1a: Clefairy|confusion\n|move|p1a: Clefairy|Rollout|p2a: Slaking|[from]lockedmove\n|-damage|p2a: Slaking|73\/100\n|\n|upkeep\n|turn|13\n|\n|t:|1701051113\n|switch|p2a: Tinkaton|Tinkaton, F|35\/100\n|-activate|p1a: Clefairy|confusion\n|-damage|p1a: Clefairy|30\/100|[from] confusion\n|\n|upkeep\n|turn|14\n|\n|t:|1701051119\n|move|p2a: Tinkaton|Metronome|p2a: Tinkaton\n|move|p2a: Tinkaton|Dynamic Punch|p1a: Clefairy|[from]move: Metronome|[miss]\n|-miss|p2a: Tinkaton|p1a: Clefairy\n|-activate|p1a: Clefairy|confusion\n|-damage|p1a: Clefairy|21\/100|[from] confusion\n|\n|upkeep\n|turn|15\n|\n|t:|1701051126\n|move|p2a: Tinkaton|Metronome|p2a: Tinkaton\n|move|p2a: Tinkaton|Toxic|p1a: Clefairy|[from]move: Metronome\n|-status|p1a: Clefairy|tox\n|-end|p1a: Clefairy|confusion\n|move|p1a: Clefairy|Metronome|p1a: Clefairy\n|move|p1a: Clefairy|Psybeam|p2a: Tinkaton|[from]move: Metronome\n|-resisted|p2a: Tinkaton\n|-damage|p2a: Tinkaton|28\/100\n|\n|upkeep\n|turn|16\n|\n|t:|1701051134\n|move|p2a: Tinkaton|Metronome|p2a: Tinkaton\n|move|p2a: Tinkaton|Agility|p2a: Tinkaton|[from]move: Metronome\n|-boost|p2a: Tinkaton|spe|2\n|move|p1a: Clefairy|Metronome|p1a: Clefairy\n|move|p1a: Clefairy|Bullet Seed|p2a: Tinkaton|[from]move: Metronome\n|-resisted|p2a: Tinkaton\n|-damage|p2a: Tinkaton|26\/100\n|-resisted|p2a: Tinkaton\n|-damage|p2a: Tinkaton|25\/100\n|-hitcount|p2a: Tinkaton|2\n|\n|upkeep\n|turn|17\n|\n|t:|1701051143\n|move|p2a: Tinkaton|Metronome|p2a: Tinkaton\n|move|p2a: Tinkaton|Venoshock|p1a: Clefairy|[from]move: Metronome\n|-supereffective|p1a: Clefairy\n|-damage|p1a: Clefairy|0 fnt\n|faint|p1a: Clefairy\n|\n|upkeep\n|\n|t:|1701051148\n|switch|p1a: Diancie|Diancie|30\/100 psn\n|turn|18\n|\n|t:|1701051152\n|move|p2a: Tinkaton|Metronome|p2a: Tinkaton\n|move|p2a: Tinkaton|Simple Beam|p1a: Diancie|[from]move: Metronome\n|-endability|p1a: Diancie|Clear Body|[from] move: Simple Beam\n|-ability|p1a: Diancie|Simple|[from] move: Simple Beam\n|move|p1a: Diancie|Metronome|p1a: Diancie\n|move|p1a: Diancie|High Jump Kick|p2a: Tinkaton|[from]move: Metronome|[miss]\n|-miss|p1a: Diancie|p2a: Tinkaton\n|-damage|p1a: Diancie|0 fnt|[from] highjumpkick\n|faint|p1a: Diancie\n|\n|upkeep\n|c|\u2606Nahxela|cryumaru\n|c|\u2606batesmotel37|notte\n|\n|t:|1701051163\n|switch|p1a: Dragonite|Dragonite, F|100\/100\n|turn|19\n|c|\u2606batesmotel37|shock\n|\n|t:|1701051172\n|move|p2a: Tinkaton|Metronome|p2a: Tinkaton\n|move|p2a: Tinkaton|Aromatic Mist|null|[from]move: Metronome|[notarget]\n|-fail|p2a: Tinkaton\n|move|p1a: Dragonite|Metronome|p1a: Dragonite\n|move|p1a: Dragonite|Explosion|p2a: Tinkaton|[from]move: Metronome\n|-resisted|p2a: Tinkaton\n|-damage|p2a: Tinkaton|0 fnt\n|faint|p1a: Dragonite\n|faint|p2a: Tinkaton\n|\n|win|batesmotel37\n|c|\u2606Nahxela|notteshcok\n|c|\u2606batesmotel37|pika\n|l|\u2606Nahxela\n","uploadtime":1701051184,"views":5,"p1id":"nahxela","p2id":"batesmotel37","formatid":"gen9anythinggoes","rating":0,"private":0,"password":""}