{"id":"gen9anythinggoes-1982773416","p1":"Xzhs","p2":"Domenice","format":"[Gen 9] Anything Goes","log":"|j|\u2606Xzhs\n|j|\u2606Domenice\n|t:|1699043524\n|gametype|singles\n|player|p1|Xzhs|koga|1030\n|player|p2|Domenice|170|1000\n|teamsize|p1|2\n|teamsize|p2|6\n|gen|9\n|tier|[Gen 9] Anything Goes\n|rated|\n|rule|HP Percentage Mod: HP is shown in percentages\n|rule|Endless Battle Clause: Forcing endless battles is banned\n|clearpoke\n|poke|p1|Zangoose, M|\n|poke|p1|Urshifu-*, M|\n|poke|p2|Lechonk, M|\n|poke|p2|Voltorb-Hisui|\n|poke|p2|Overqwil, M|\n|poke|p2|Snom, M|\n|poke|p2|Wooper, M|\n|poke|p2|Azurill, M|\n|teampreview\n|\n|t:|1699043528\n|start\n|switch|p1a: Zangoose|Zangoose, M|100\/100\n|switch|p2a: Lechonk|Lechonk, M, shiny|100\/100\n|turn|1\n|\n|t:|1699043535\n|move|p1a: Zangoose|Agility|p1a: Zangoose\n|-boost|p1a: Zangoose|spe|2\n|move|p2a: Lechonk|Take Down|p1a: Zangoose\n|-damage|p1a: Zangoose|79\/100\n|-damage|p2a: Lechonk|94\/100|[from] Recoil\n|\n|upkeep\n|turn|2\n|\n|t:|1699043545\n|move|p1a: Zangoose|Belly Drum|p1a: Zangoose\n|-damage|p1a: Zangoose|29\/100\n|-setboost|p1a: Zangoose|atk|6|[from] move: Belly Drum\n|-enditem|p1a: Zangoose|Sitrus Berry|[eat]\n|-heal|p1a: Zangoose|53\/100|[from] item: Sitrus Berry\n|move|p2a: Lechonk|Tackle|p1a: Zangoose\n|-damage|p1a: Zangoose|43\/100\n|\n|upkeep\n|turn|3\n|\n|t:|1699043557\n|move|p1a: Zangoose|Baton Pass|p1a: Zangoose\n|\n|t:|1699043559\n|switch|p1a: Urshifu|Urshifu-Rapid-Strike, M|100\/100|[from] Baton Pass\n|move|p2a: Lechonk|Take Down|p1a: Urshifu\n|-damage|p1a: Urshifu|83\/100\n|-damage|p2a: Lechonk|88\/100|[from] Recoil\n|\n|upkeep\n|turn|4\n|\n|t:|1699043569\n|-terastallize|p2a: Lechonk|Normal\n|move|p1a: Urshifu|Drain Punch|p2a: Lechonk\n|-supereffective|p2a: Lechonk\n|-damage|p2a: Lechonk|0 fnt\n|-heal|p1a: Urshifu|100\/100|[from] drain|[of] p2a: Lechonk\n|faint|p2a: Lechonk\n|\n|upkeep\n|\n|t:|1699043577\n|switch|p2a: Overqwil|Overqwil, M, shiny|100\/100\n|turn|5\n|\n|t:|1699043589\n|move|p1a: Urshifu|Surging Strikes|p2a: Overqwil\n|-crit|p2a: Overqwil\n|-damage|p2a: Overqwil|0 fnt\n|faint|p2a: Overqwil\n|-hitcount|p2: Overqwil|1\n|\n|upkeep\n|\n|t:|1699043594\n|switch|p2a: Voltorb|Voltorb-Hisui, shiny|100\/100\n|turn|6\n|\n|t:|1699043600\n|move|p1a: Urshifu|Iron Head|p2a: Voltorb\n|-resisted|p2a: Voltorb\n|-damage|p2a: Voltorb|0 fnt\n|faint|p2a: Voltorb\n|\n|upkeep\n|\n|t:|1699043605\n|switch|p2a: Wooper|Wooper, M|100\/100\n|turn|7\n|\n|t:|1699043613\n|move|p1a: Urshifu|Drain Punch|p2a: Wooper\n|-damage|p2a: Wooper|0 fnt\n|faint|p2a: Wooper\n|\n|upkeep\n|\n|t:|1699043617\n|switch|p2a: Azurill|Azurill, M|100\/100\n|turn|8\n|\n|t:|1699043625\n|move|p1a: Urshifu|Iron Head|p2a: Azurill\n|-supereffective|p2a: Azurill\n|-crit|p2a: Azurill\n|-damage|p2a: Azurill|0 fnt\n|faint|p2a: Azurill\n|\n|upkeep\n|\n|t:|1699043630\n|switch|p2a: Snom|Snom, M|100\/100\n|turn|9\n|\n|t:|1699043637\n|move|p1a: Urshifu|Iron Head|p2a: Snom\n|-supereffective|p2a: Snom\n|-damage|p2a: Snom|0 fnt\n|faint|p2a: Snom\n|\n|win|Xzhs\n|raw|Xzhs's rating: 1030 &rarr; <strong>1062<\/strong><br \/>(+32 for winning)\n|raw|Domenice's rating: 1000 &rarr; <strong>1000<\/strong><br \/>(+0 for losing)\n|l|\u2606Domenice\n","uploadtime":1699043756,"views":6,"p1id":"xzhs","p2id":"domenice","formatid":"gen9anythinggoes","rating":1000,"private":0,"password":""}