{"id":"gen9anythinggoes-1973699224","p1":"Blazing-thunder-go","p2":"pandigaymer","format":"[Gen 9] Anything Goes","log":"|j|\u2606Blazing-thunder-go\n|j|\u2606pandigaymer\n|t:|1698004592\n|gametype|singles\n|player|p1|Blazing-thunder-go|falkner|1096\n|player|p2|pandigaymer|265|1047\n|teamsize|p1|6\n|teamsize|p2|6\n|gen|9\n|tier|[Gen 9] Anything Goes\n|rated|\n|rule|HP Percentage Mod: HP is shown in percentages\n|rule|Endless Battle Clause: Forcing endless battles is banned\n|clearpoke\n|poke|p1|Greninja-*, M|\n|poke|p1|Jolteon, F|\n|poke|p1|Miraidon|\n|poke|p1|Cinderace, M|\n|poke|p1|Ceruledge, F|\n|poke|p1|Ditto|\n|poke|p2|Sandaconda, F|\n|poke|p2|Espeon, M|\n|poke|p2|Gliscor, F|\n|poke|p2|Drifblim, M|\n|poke|p2|Calyrex-Shadow|\n|poke|p2|Vaporeon, M|\n|teampreview\n|\n|t:|1698004607\n|start\n|switch|p1a: Greninja|Greninja, M|100\/100\n|switch|p2a: Drifblim|Drifblim, M|100\/100\n|turn|1\n|\n|t:|1698004617\n|move|p1a: Greninja|Night Slash|p2a: Drifblim\n|-supereffective|p2a: Drifblim\n|-damage|p2a: Drifblim|54\/100\n|move|p2a: Drifblim|Minimize|p2a: Drifblim\n|-boost|p2a: Drifblim|evasion|2\n|\n|upkeep\n|turn|2\n|\n|t:|1698004624\n|move|p1a: Greninja|Night Slash|p2a: Drifblim\n|-supereffective|p2a: Drifblim\n|-damage|p2a: Drifblim|10\/100\n|-enditem|p2a: Drifblim|Sitrus Berry|[eat]\n|-heal|p2a: Drifblim|35\/100|[from] item: Sitrus Berry\n|move|p2a: Drifblim|Minimize|p2a: Drifblim\n|-boost|p2a: Drifblim|evasion|2\n|\n|upkeep\n|turn|3\n|\n|t:|1698004637\n|move|p2a: Drifblim|Baton Pass|p2a: Drifblim\n|\n|t:|1698004640\n|switch|p2a: Gliscor|Gliscor, F|100\/100|[from] Baton Pass\n|move|p1a: Greninja|Ice Beam|p2a: Gliscor\n|-supereffective|p2a: Gliscor\n|-damage|p2a: Gliscor|16\/100\n|\n|-status|p2a: Gliscor|tox|[from] item: Toxic Orb\n|upkeep\n|turn|4\n|\n|t:|1698004651\n|move|p1a: Greninja|Ice Beam|p2a: Gliscor|[miss]\n|-miss|p1a: Greninja|p2a: Gliscor\n|move|p2a: Gliscor|Baton Pass|p2a: Gliscor\n|\n|t:|1698004655\n|switch|p2a: Vaporeon|Vaporeon, M|100\/100|[from] Baton Pass\n|\n|upkeep\n|turn|5\n|\n|t:|1698004669\n|switch|p1a: Jolteon|Jolteon, F|100\/100\n|move|p2a: Vaporeon|Acid Armor|p2a: Vaporeon\n|-boost|p2a: Vaporeon|def|2\n|\n|upkeep\n|turn|6\n|\n|t:|1698004682\n|move|p1a: Jolteon|Thunderbolt|p2a: Vaporeon|[miss]\n|-miss|p1a: Jolteon|p2a: Vaporeon\n|move|p2a: Vaporeon|Baton Pass|p2a: Vaporeon\n|\n|t:|1698004690\n|switch|p2a: Sandaconda|Sandaconda, F|100\/100|[from] Baton Pass\n|\n|upkeep\n|turn|7\n|\n|t:|1698004698\n|move|p1a: Jolteon|Copycat|p1a: Jolteon\n|move|p1a: Jolteon|Baton Pass|p1a: Jolteon|[from]move: Copycat\n|\n|t:|1698004712\n|switch|p1a: Greninja|Greninja, M|100\/100|[from] Baton Pass\n|move|p2a: Sandaconda|Minimize|p2a: Sandaconda\n|-boost|p2a: Sandaconda|evasion|2\n|\n|upkeep\n|turn|8\n|\n|t:|1698004737\n|switch|p1a: Jolteon|Jolteon, F|100\/100\n|move|p2a: Sandaconda|Minimize|p2a: Sandaconda\n|-boost|p2a: Sandaconda|evasion|0\n|\n|upkeep\n|turn|9\n|\n|t:|1698004744\n|move|p1a: Jolteon|Copycat|p1a: Jolteon\n|move|p1a: Jolteon|Minimize|p1a: Jolteon|[from]move: Copycat\n|-boost|p1a: Jolteon|evasion|2\n|move|p2a: Sandaconda|Coil|p2a: Sandaconda\n|-boost|p2a: Sandaconda|atk|1\n|-boost|p2a: Sandaconda|def|1\n|-boost|p2a: Sandaconda|accuracy|1\n|\n|upkeep\n|turn|10\n|\n|t:|1698004751\n|move|p1a: Jolteon|Copycat|p1a: Jolteon\n|move|p1a: Jolteon|Coil|p1a: Jolteon|[from]move: Copycat\n|-boost|p1a: Jolteon|atk|1\n|-boost|p1a: Jolteon|def|1\n|-boost|p1a: Jolteon|accuracy|1\n|move|p2a: Sandaconda|Earthquake|p1a: Jolteon|[miss]\n|-miss|p2a: Sandaconda|p1a: Jolteon\n|\n|upkeep\n|turn|11\n|\n|t:|1698004760\n|move|p1a: Jolteon|Copycat|p1a: Jolteon\n|move|p1a: Jolteon|Earthquake|p2a: Sandaconda|[from]move: Copycat|[miss]\n|-miss|p1a: Jolteon|p2a: Sandaconda\n|move|p2a: Sandaconda|Earthquake|p1a: Jolteon|[miss]\n|-miss|p2a: Sandaconda|p1a: Jolteon\n|\n|upkeep\n|turn|12\n|\n|t:|1698004768\n|move|p1a: Jolteon|Copycat|p1a: Jolteon\n|move|p1a: Jolteon|Earthquake|p2a: Sandaconda|[from]move: Copycat\n|-damage|p2a: Sandaconda|91\/100\n|move|p2a: Sandaconda|Earthquake|p1a: Jolteon\n|-supereffective|p1a: Jolteon\n|-damage|p1a: Jolteon|0 fnt\n|faint|p1a: Jolteon\n|\n|-heal|p2a: Sandaconda|97\/100|[from] item: Leftovers\n|upkeep\n|\n|t:|1698004782\n|switch|p1a: Greninja|Greninja, M|100\/100\n|turn|13\n|\n|t:|1698004791\n|move|p1a: Greninja|Liquidation|p2a: Sandaconda|[miss]\n|-miss|p1a: Greninja|p2a: Sandaconda\n|move|p2a: Sandaconda|Coil|p2a: Sandaconda\n|-boost|p2a: Sandaconda|atk|1\n|-boost|p2a: Sandaconda|def|1\n|-boost|p2a: Sandaconda|accuracy|1\n|\n|-heal|p2a: Sandaconda|100\/100|[from] item: Leftovers\n|upkeep\n|turn|14\n|\n|t:|1698004800\n|move|p1a: Greninja|Ice Beam|p2a: Sandaconda|[miss]\n|-miss|p1a: Greninja|p2a: Sandaconda\n|move|p2a: Sandaconda|Coil|p2a: Sandaconda\n|-boost|p2a: Sandaconda|atk|1\n|-boost|p2a: Sandaconda|def|1\n|-boost|p2a: Sandaconda|accuracy|1\n|\n|upkeep\n|turn|15\n|\n|t:|1698004810\n|move|p1a: Greninja|Ice Beam|p2a: Sandaconda|[miss]\n|-miss|p1a: Greninja|p2a: Sandaconda\n|move|p2a: Sandaconda|Coil|p2a: Sandaconda\n|-boost|p2a: Sandaconda|atk|1\n|-boost|p2a: Sandaconda|def|1\n|-boost|p2a: Sandaconda|accuracy|1\n|\n|upkeep\n|turn|16\n|\n|t:|1698004816\n|move|p1a: Greninja|Liquidation|p2a: Sandaconda|[miss]\n|-miss|p1a: Greninja|p2a: Sandaconda\n|move|p2a: Sandaconda|Body Press|p1a: Greninja\n|-supereffective|p1a: Greninja\n|-damage|p1a: Greninja|0 fnt\n|faint|p1a: Greninja\n|\n|upkeep\n|c|\u2606pandigaymer|haha\n|\n|t:|1698004828\n|switch|p1a: Ceruledge|Ceruledge, F|100\/100\n|turn|17\n|\n|t:|1698004836\n|-terastallize|p1a: Ceruledge|Ghost\n|move|p1a: Ceruledge|Destiny Bond|p1a: Ceruledge\n|-singlemove|p1a: Ceruledge|Destiny Bond\n|move|p2a: Sandaconda|Earthquake|p1a: Ceruledge\n|-damage|p1a: Ceruledge|0 fnt\n|faint|p1a: Ceruledge\n|-activate|p1a: Ceruledge|move: Destiny Bond\n|faint|p2a: Sandaconda\n|\n|upkeep\n|\n|t:|1698004853\n|switch|p1a: Ditto|Ditto|100\/100\n|switch|p2a: Drifblim|Drifblim, M|35\/100\n|-transform|p1a: Ditto|p2a: Drifblim|[from] ability: Imposter\n|turn|18\n|\n|t:|1698004862\n|move|p2a: Drifblim|Minimize|p2a: Drifblim\n|-boost|p2a: Drifblim|evasion|2\n|move|p1a: Ditto|Minimize|p1a: Ditto\n|-boost|p1a: Ditto|evasion|2\n|\n|upkeep\n|turn|19\n|\n|t:|1698004868\n|move|p1a: Ditto|Minimize|p1a: Ditto\n|-boost|p1a: Ditto|evasion|2\n|move|p2a: Drifblim|Minimize|p2a: Drifblim\n|-boost|p2a: Drifblim|evasion|2\n|\n|upkeep\n|turn|20\n|\n|t:|1698004874\n|move|p1a: Ditto|Minimize|p1a: Ditto\n|-boost|p1a: Ditto|evasion|2\n|move|p2a: Drifblim|Baton Pass|p2a: Drifblim\n|\n|t:|1698004884\n|switch|p2a: Calyrex|Calyrex-Shadow|100\/100|[from] Baton Pass\n|-ability|p2a: Calyrex|As One\n|-ability|p2a: Calyrex|Unnerve\n|\n|upkeep\n|turn|21\n|\n|t:|1698004893\n|move|p2a: Calyrex|Substitute|p2a: Calyrex\n|-start|p2a: Calyrex|Substitute\n|-damage|p2a: Calyrex|76\/100\n|move|p1a: Ditto|Minimize|p1a: Ditto\n|-boost|p1a: Ditto|evasion|0\n|\n|-heal|p2a: Calyrex|82\/100|[from] item: Leftovers\n|upkeep\n|turn|22\n|\n|t:|1698004903\n|move|p2a: Calyrex|Calm Mind|p2a: Calyrex\n|-boost|p2a: Calyrex|spa|1\n|-boost|p2a: Calyrex|spd|1\n|move|p1a: Ditto|Calm Mind|p1a: Ditto\n|-boost|p1a: Ditto|spa|1\n|-boost|p1a: Ditto|spd|1\n|\n|-heal|p2a: Calyrex|88\/100|[from] item: Leftovers\n|upkeep\n|turn|23\n|\n|t:|1698004912\n|move|p2a: Calyrex|Calm Mind|p2a: Calyrex\n|-boost|p2a: Calyrex|spa|1\n|-boost|p2a: Calyrex|spd|1\n|move|p1a: Ditto|Calm Mind|p1a: Ditto\n|-boost|p1a: Ditto|spa|1\n|-boost|p1a: Ditto|spd|1\n|\n|-heal|p2a: Calyrex|94\/100|[from] item: Leftovers\n|upkeep\n|turn|24\n|\n|t:|1698004919\n|move|p2a: Calyrex|Calm Mind|p2a: Calyrex\n|-boost|p2a: Calyrex|spa|1\n|-boost|p2a: Calyrex|spd|1\n|move|p1a: Ditto|Calm Mind|p1a: Ditto\n|-boost|p1a: Ditto|spa|1\n|-boost|p1a: Ditto|spd|1\n|\n|-heal|p2a: Calyrex|100\/100|[from] item: Leftovers\n|upkeep\n|turn|25\n|\n|t:|1698004934\n|move|p2a: Calyrex|Calm Mind|p2a: Calyrex\n|-boost|p2a: Calyrex|spa|1\n|-boost|p2a: Calyrex|spd|1\n|move|p1a: Ditto|Calm Mind|p1a: Ditto\n|-boost|p1a: Ditto|spa|1\n|-boost|p1a: Ditto|spd|1\n|\n|upkeep\n|turn|26\n|\n|t:|1698004956\n|move|p2a: Calyrex|Baton Pass|p2a: Calyrex\n|\n|t:|1698004959\n|switch|p2a: Drifblim|Drifblim, M|35\/100|[from] Baton Pass\n|move|p1a: Ditto|Calm Mind|p1a: Ditto\n|-boost|p1a: Ditto|spa|1\n|-boost|p1a: Ditto|spd|1\n|\n|upkeep\n|turn|27\n|\n|t:|1698005009\n|move|p2a: Drifblim|Minimize|p2a: Drifblim\n|-boost|p2a: Drifblim|evasion|2\n|move|p1a: Ditto|Minimize|p1a: Ditto\n|-boost|p1a: Ditto|evasion|0\n|\n|upkeep\n|turn|28\n|\n|t:|1698005043\n|move|p2a: Drifblim|Baton Pass|p2a: Drifblim\n|\n|t:|1698005055\n|switch|p2a: Vaporeon|Vaporeon, M|100\/100|[from] Baton Pass\n|move|p1a: Ditto|Substitute|p1a: Ditto\n|-start|p1a: Ditto|Substitute\n|-damage|p1a: Ditto|75\/100\n|\n|upkeep\n|turn|29\n|\n|t:|1698005062\n|move|p1a: Ditto|Baton Pass|p1a: Ditto\n|\n|t:|1698005065\n|switch|p1a: Miraidon|Miraidon|100\/100|[from] Baton Pass\n|-fieldstart|move: Electric Terrain|[from] ability: Hadron Engine|[of] p1a: Miraidon\n|move|p2a: Vaporeon|Acid Armor|p2a: Vaporeon\n|-boost|p2a: Vaporeon|def|2\n|\n|upkeep\n|turn|30\n|\n|t:|1698005080\n|move|p1a: Miraidon|Electro Drift|p2a: Vaporeon|[miss]\n|-miss|p1a: Miraidon|p2a: Vaporeon\n|move|p2a: Vaporeon|Acid Armor|p2a: Vaporeon\n|-boost|p2a: Vaporeon|def|2\n|\n|upkeep\n|turn|31\n|\n|t:|1698005091\n|move|p1a: Miraidon|Overheat|p2a: Vaporeon|[miss]\n|-miss|p1a: Miraidon|p2a: Vaporeon\n|move|p2a: Vaporeon|Acid Armor|p2a: Vaporeon\n|-boost|p2a: Vaporeon|def|2\n|\n|upkeep\n|turn|32\n|\n|t:|1698005097\n|move|p1a: Miraidon|Dragon Pulse|p2a: Vaporeon|[miss]\n|-miss|p1a: Miraidon|p2a: Vaporeon\n|move|p2a: Vaporeon|Aqua Ring|p2a: Vaporeon\n|-start|p2a: Vaporeon|Aqua Ring\n|\n|upkeep\n|turn|33\n|\n|t:|1698005109\n|move|p1a: Miraidon|Dragon Pulse|p2a: Vaporeon|[miss]\n|-miss|p1a: Miraidon|p2a: Vaporeon\n|move|p2a: Vaporeon|Baton Pass|p2a: Vaporeon\n|\n|t:|1698005115\n|switch|p2a: Espeon|Espeon, M|100\/100|[from] Baton Pass\n|\n|-fieldend|move: Electric Terrain\n|upkeep\n|turn|34\n|\n|t:|1698005122\n|move|p2a: Espeon|Stored Power|p1a: Miraidon|[miss]\n|-miss|p2a: Espeon|p1a: Miraidon\n|move|p1a: Miraidon|Electro Drift|p2a: Espeon|[miss]\n|-miss|p1a: Miraidon|p2a: Espeon\n|\n|upkeep\n|turn|35\n|\n|t:|1698005131\n|switch|p1a: Ditto|Ditto|75\/100\n|move|p2a: Espeon|Stored Power|p1a: Ditto\n|-crit|p1a: Ditto\n|-damage|p1a: Ditto|0 fnt\n|faint|p1a: Ditto\n|\n|upkeep\n|\n|t:|1698005138\n|switch|p1a: Miraidon|Miraidon|100\/100\n|-fieldstart|move: Electric Terrain|[from] ability: Hadron Engine|[of] p1a: Miraidon\n|turn|36\n|c|\u2606pandigaymer|dude whyyy\n|\n|t:|1698005143\n|move|p2a: Espeon|Stored Power|p1a: Miraidon\n|-damage|p1a: Miraidon|0 fnt\n|faint|p1a: Miraidon\n|\n|upkeep\n|\n|t:|1698005147\n|switch|p1a: Cinderace|Cinderace, M|100\/100\n|turn|37\n|c|\u2606pandigaymer|dumb ass kid\n|\n|t:|1698005164\n|move|p2a: Espeon|Stored Power|p1a: Cinderace\n|-damage|p1a: Cinderace|0 fnt\n|faint|p1a: Cinderace\n|\n|win|pandigaymer\n|raw|Blazing-thunder-go's rating: 1096 &rarr; <strong>1068<\/strong><br \/>(-28 for losing)\n|raw|pandigaymer's rating: 1047 &rarr; <strong>1085<\/strong><br \/>(+38 for winning)\n|c|\u2606Blazing-thunder-go|gg\n|c|\u2606Blazing-thunder-go|sry im not goog\n|c|\u2606Blazing-thunder-go|good my bad\n","uploadtime":1698005177,"views":10,"p1id":"blazingthundergo","p2id":"pandigaymer","formatid":"gen9anythinggoes","rating":1068,"private":0,"password":""}