{"id":"gen9anythinggoes-1991273068","p1":"GigaBytes7","p2":"teet4t44","format":"[Gen 9] Anything Goes","log":"|j|\u2606GigaBytes7\n|j|\u2606teet4t44\n|t:|1700063250\n|gametype|singles\n|player|p1|GigaBytes7|elaine|1775\n|player|p2|teet4t44|101|1699\n|teamsize|p1|6\n|teamsize|p2|6\n|gen|9\n|tier|[Gen 9] Anything Goes\n|rated|\n|rule|HP Percentage Mod: HP is shown in percentages\n|rule|Endless Battle Clause: Forcing endless battles is banned\n|clearpoke\n|poke|p1|Miraidon|\n|poke|p1|Calyrex-Shadow|\n|poke|p1|Ting-Lu|\n|poke|p1|Arceus|\n|poke|p1|Arceus-Water|\n|poke|p1|Arceus-Fairy|\n|poke|p2|Grimmsnarl, M|\n|poke|p2|Kyogre|\n|poke|p2|Calyrex-Shadow|\n|poke|p2|Arceus|\n|poke|p2|Koraidon|\n|poke|p2|Zacian-*|\n|teampreview\n|inactive|Battle timer is ON: inactive players will automatically lose when time's up. (requested by GigaBytes7)\n|\n|t:|1700063258\n|start\n|switch|p1a: Ting-Lu|Ting-Lu|100\/100\n|switch|p2a: Grimmsnarl|Grimmsnarl, M|100\/100\n|-ability|p1a: Ting-Lu|Vessel of Ruin\n|turn|1\n|inactive|GigaBytes7 has 120 seconds left.\n|\n|t:|1700063302\n|move|p2a: Grimmsnarl|Reflect|p2a: Grimmsnarl\n|-sidestart|p2: teet4t44|Reflect\n|move|p1a: Ting-Lu|Stealth Rock|p2a: Grimmsnarl\n|-sidestart|p2: teet4t44|move: Stealth Rock\n|\n|upkeep\n|turn|2\n|\n|t:|1700063309\n|move|p2a: Grimmsnarl|Light Screen|p2a: Grimmsnarl\n|-sidestart|p2: teet4t44|move: Light Screen\n|move|p1a: Ting-Lu|Spikes|p2a: Grimmsnarl\n|-sidestart|p2: teet4t44|Spikes\n|\n|upkeep\n|turn|3\n|inactive|GigaBytes7 has 120 seconds left.\n|\n|t:|1700063326\n|switch|p2a: Kyogre|Kyogre|100\/100\n|-damage|p2a: Kyogre|88\/100|[from] Stealth Rock\n|-damage|p2a: Kyogre|76\/100|[from] Spikes\n|-weather|RainDance|[from] ability: Drizzle|[of] p2a: Kyogre\n|move|p1a: Ting-Lu|Spikes|p2a: Kyogre\n|-sidestart|p2: teet4t44|Spikes\n|\n|-weather|RainDance|[upkeep]\n|upkeep\n|turn|4\n|inactive|GigaBytes7 has 120 seconds left.\n|inactive|teet4t44 has 120 seconds left.\n|l|\u2606teet4t44\n|inactive|teet4t44 disconnected and has a minute to reconnect!\n|player|p2|\n|j|\u2606teet4t44\n|inactive|teet4t44 reconnected and has 110 seconds left.\n|player|p2|teet4t44|101\n|\n|t:|1700063371\n|move|p2a: Kyogre|Calm Mind|p2a: Kyogre\n|-boost|p2a: Kyogre|spa|1\n|-boost|p2a: Kyogre|spd|1\n|move|p1a: Ting-Lu|Whirlwind|p2a: Kyogre\n|drag|p2a: Koraidon|Koraidon|100\/100\n|-damage|p2a: Koraidon|94\/100|[from] Stealth Rock\n|-damage|p2a: Koraidon|78\/100|[from] Spikes\n|-weather|SunnyDay|[from] ability: Orichalcum Pulse|[of] p2a: Koraidon\n|-activate|p2a: Koraidon|Orichalcum Pulse|[source]\n|\n|-weather|SunnyDay|[upkeep]\n|upkeep\n|turn|5\n|\n|t:|1700063380\n|switch|p1a: Arceus|Arceus-Water|100\/100\n|move|p2a: Koraidon|Collision Course|p1a: Arceus\n|-damage|p1a: Arceus|63\/100\n|\n|-weather|SunnyDay|[upkeep]\n|upkeep\n|turn|6\n|\n|t:|1700063389\n|move|p2a: Koraidon|Flame Charge|p1a: Arceus\n|-resisted|p1a: Arceus\n|-damage|p1a: Arceus|54\/100\n|-boost|p2a: Koraidon|spe|1\n|move|p1a: Arceus|Will-O-Wisp|p2a: Koraidon\n|-status|p2a: Koraidon|brn\n|\n|-weather|SunnyDay|[upkeep]\n|-damage|p2a: Koraidon|72\/100 brn|[from] brn\n|upkeep\n|turn|7\n|inactive|teet4t44 has 120 seconds left.\n|inactive|GigaBytes7 has 120 seconds left.\n|\n|t:|1700063421\n|move|p2a: Koraidon|Swords Dance|p2a: Koraidon\n|-boost|p2a: Koraidon|atk|2\n|move|p1a: Arceus|Recover|p1a: Arceus\n|-heal|p1a: Arceus|100\/100\n|\n|-weather|SunnyDay|[upkeep]\n|-damage|p2a: Koraidon|66\/100 brn|[from] brn\n|upkeep\n|turn|8\n|inactive|teet4t44 has 120 seconds left.\n|\n|t:|1700063433\n|move|p2a: Koraidon|Collision Course|p1a: Arceus\n|-damage|p1a: Arceus|64\/100\n|move|p1a: Arceus|Ice Beam|p2a: Koraidon\n|-supereffective|p2a: Koraidon\n|-damage|p2a: Koraidon|41\/100 brn\n|\n|-weather|none\n|-damage|p2a: Koraidon|35\/100 brn|[from] brn\n|-sideend|p2: teet4t44|Reflect\n|upkeep\n|turn|9\n|\n|t:|1700063437\n|move|p2a: Koraidon|Collision Course|p1a: Arceus\n|-damage|p1a: Arceus|39\/100\n|move|p1a: Arceus|Recover|p1a: Arceus\n|-heal|p1a: Arceus|89\/100\n|\n|-damage|p2a: Koraidon|29\/100 brn|[from] brn\n|-sideend|p2: teet4t44|move: Light Screen\n|upkeep\n|turn|10\n|\n|t:|1700063443\n|switch|p1a: Arceus|Arceus-Fairy|100\/100\n|move|p2a: Koraidon|Collision Course|p1a: Arceus\n|-resisted|p1a: Arceus\n|-damage|p1a: Arceus|84\/100\n|\n|-damage|p2a: Koraidon|22\/100 brn|[from] brn\n|upkeep\n|turn|11\n|\n|t:|1700063447\n|move|p2a: Koraidon|Flame Charge|p1a: Arceus\n|-damage|p1a: Arceus|73\/100\n|-boost|p2a: Koraidon|spe|1\n|move|p1a: Arceus|Recover|p1a: Arceus\n|-heal|p1a: Arceus|100\/100\n|\n|-damage|p2a: Koraidon|16\/100 brn|[from] brn\n|upkeep\n|turn|12\n|\n|t:|1700063454\n|move|p2a: Koraidon|Flame Charge|p1a: Arceus\n|-damage|p1a: Arceus|88\/100\n|-boost|p2a: Koraidon|spe|1\n|move|p1a: Arceus|Judgment|p2a: Koraidon\n|-supereffective|p2a: Koraidon\n|-damage|p2a: Koraidon|0 fnt\n|faint|p2a: Koraidon\n|\n|upkeep\n|\n|t:|1700063461\n|switch|p2a: Zacian|Zacian-Crowned|100\/100\n|-damage|p2a: Zacian|95\/100|[from] Stealth Rock\n|-damage|p2a: Zacian|78\/100|[from] Spikes\n|-ability|p2a: Zacian|Intrepid Sword|boost\n|-boost|p2a: Zacian|atk|1\n|turn|13\n|\n|t:|1700063475\n|switch|p1a: Arceus|Arceus-Water|89\/100\n|move|p2a: Zacian|Behemoth Blade|p1a: Arceus\n|-resisted|p1a: Arceus\n|-damage|p1a: Arceus|70\/100\n|\n|upkeep\n|turn|14\n|\n|t:|1700063484\n|move|p2a: Zacian|Wild Charge|p1a: Arceus\n|-supereffective|p1a: Arceus\n|-damage|p1a: Arceus|22\/100\n|-damage|p2a: Zacian|62\/100|[from] Recoil\n|move|p1a: Arceus|Will-O-Wisp|p2a: Zacian\n|-status|p2a: Zacian|brn\n|\n|-damage|p2a: Zacian|56\/100 brn|[from] brn\n|upkeep\n|turn|15\n|\n|t:|1700063488\n|move|p2a: Zacian|Behemoth Blade|p1a: Arceus\n|-resisted|p1a: Arceus\n|-damage|p1a: Arceus|12\/100\n|move|p1a: Arceus|Recover|p1a: Arceus\n|-heal|p1a: Arceus|62\/100\n|\n|-damage|p2a: Zacian|50\/100 brn|[from] brn\n|upkeep\n|turn|16\n|\n|t:|1700063497\n|switch|p2a: Grimmsnarl|Grimmsnarl, M|100\/100\n|-damage|p2a: Grimmsnarl|88\/100|[from] Stealth Rock\n|-damage|p2a: Grimmsnarl|71\/100|[from] Spikes\n|move|p1a: Arceus|Recover|p1a: Arceus\n|-heal|p1a: Arceus|100\/100\n|\n|upkeep\n|turn|17\n|-message|teet4t44 forfeited.\n|\n|win|GigaBytes7\n|raw|GigaBytes7's rating: 1775 &rarr; <strong>1791<\/strong><br \/>(+16 for winning)\n|raw|teet4t44's rating: 1699 &rarr; <strong>1683<\/strong><br \/>(-16 for losing)\n|c|\u2606GigaBytes7|i love def arceus\n|l|\u2606teet4t44\n|c|\u2606GigaBytes7|lmao\n","uploadtime":1700063510,"views":7,"p1id":"gigabytes7","p2id":"teet4t44","formatid":"gen9anythinggoes","rating":1683,"private":0,"password":""}