{"id":"gen9anythinggoes-1981860012","p1":"AGisgood","p2":"AnimeZZZZ5","format":"[Gen 9] Anything Goes","log":"|j|\u2606AGisgood\n|j|\u2606AnimeZZZZ5\n|t:|1698947072\n|gametype|singles\n|player|p1|AGisgood|cynthia-gen4|1883\n|player|p2|AnimeZZZZ5|170|1935\n|teamsize|p1|6\n|teamsize|p2|6\n|gen|9\n|tier|[Gen 9] Anything Goes\n|rated|\n|rule|HP Percentage Mod: HP is shown in percentages\n|rule|Endless Battle Clause: Forcing endless battles is banned\n|clearpoke\n|poke|p1|Arceus-Ground|\n|poke|p1|Arceus|\n|poke|p1|Calyrex-Shadow|\n|poke|p1|Zacian-*|\n|poke|p1|Ting-Lu|\n|poke|p1|Koraidon|\n|poke|p2|Rayquaza|\n|poke|p2|Miraidon|\n|poke|p2|Ditto|\n|poke|p2|Miraidon|\n|poke|p2|Glimmora, M|\n|poke|p2|Ogerpon-Hearthflame, F|\n|teampreview\n|inactive|Battle timer is ON: inactive players will automatically lose when time's up. (requested by AGisgood)\n|\n|t:|1698947088\n|start\n|switch|p1a: Arceus|Arceus-Ground|100\/100\n|switch|p2a: Ogerpon|Ogerpon-Hearthflame, F|100\/100\n|-ability|p2a: Ogerpon|Mold Breaker\n|turn|1\n|\n|t:|1698947096\n|switch|p1a: Koraidon|Koraidon|100\/100\n|-weather|SunnyDay|[from] ability: Orichalcum Pulse|[of] p1a: Koraidon\n|-activate|p1a: Koraidon|Orichalcum Pulse|[source]\n|move|p2a: Ogerpon|Trailblaze|p1a: Koraidon\n|-resisted|p1a: Koraidon\n|-damage|p1a: Koraidon|86\/100\n|-boost|p2a: Ogerpon|spe|1\n|\n|-weather|SunnyDay|[upkeep]\n|upkeep\n|turn|2\n|\n|t:|1698947104\n|-terastallize|p1a: Koraidon|Fire\n|move|p1a: Koraidon|Flare Blitz|p2a: Ogerpon\n|-damage|p2a: Ogerpon|0 fnt\n|faint|p2a: Ogerpon\n|-damage|p1a: Koraidon|57\/100|[from] Recoil\n|\n|-weather|SunnyDay|[upkeep]\n|upkeep\n|\n|t:|1698947108\n|switch|p2a: Glimmora|Glimmora, M|100\/100\n|turn|3\n|\n|t:|1698947111\n|switch|p1a: Arceus|Arceus-Ground|100\/100\n|move|p2a: Glimmora|Stealth Rock|p1a: Arceus\n|-sidestart|p1: AGisgood|move: Stealth Rock\n|\n|-weather|SunnyDay|[upkeep]\n|upkeep\n|turn|4\n|\n|t:|1698947114\n|move|p1a: Arceus|Judgment|p2a: Glimmora\n|-supereffective|p2a: Glimmora\n|-enditem|p2a: Glimmora|Focus Sash\n|-damage|p2a: Glimmora|1\/100\n|move|p2a: Glimmora|Mortal Spin|p1a: Arceus\n|-resisted|p1a: Arceus\n|-damage|p1a: Arceus|99\/100\n|-status|p1a: Arceus|psn\n|\n|-weather|SunnyDay|[upkeep]\n|-damage|p1a: Arceus|87\/100 psn|[from] psn\n|upkeep\n|turn|5\n|\n|t:|1698947119\n|switch|p2a: Ditto|Ditto|100\/100\n|-transform|p2a: Ditto|p1a: Arceus|[from] ability: Imposter\n|move|p1a: Arceus|Judgment|p2a: Ditto\n|-crit|p2a: Ditto\n|-damage|p2a: Ditto|29\/100\n|\n|-weather|none\n|-damage|p1a: Arceus|74\/100 psn|[from] psn\n|upkeep\n|turn|6\n|\n|t:|1698947123\n|switch|p2a: Glimmora|Glimmora, M|1\/100\n|move|p1a: Arceus|Judgment|p2a: Glimmora\n|-supereffective|p2a: Glimmora\n|-damage|p2a: Glimmora|0 fnt\n|faint|p2a: Glimmora\n|\n|-damage|p1a: Arceus|62\/100 psn|[from] psn\n|upkeep\n|\n|t:|1698947125\n|switch|p2a: Rayquaza|Rayquaza|100\/100\n|-ability|p2a: Rayquaza|Air Lock\n|turn|7\n|\n|t:|1698947130\n|switch|p1a: Arceus|Arceus|100\/100\n|-damage|p1a: Arceus|88\/100|[from] Stealth Rock\n|move|p2a: Rayquaza|Dragon Ascent|p1a: Arceus\n|-damage|p1a: Arceus|27\/100\n|-unboost|p2a: Rayquaza|def|1\n|-unboost|p2a: Rayquaza|spd|1\n|-damage|p2a: Rayquaza|91\/100|[from] item: Life Orb\n|\n|-heal|p1a: Arceus|33\/100|[from] item: Leftovers\n|upkeep\n|turn|8\n|\n|t:|1698947134\n|move|p1a: Arceus|Extreme Speed|p2a: Rayquaza\n|-damage|p2a: Rayquaza|21\/100\n|move|p2a: Rayquaza|Dragon Ascent|p1a: Arceus\n|-damage|p1a: Arceus|0 fnt\n|-unboost|p2a: Rayquaza|def|1\n|-unboost|p2a: Rayquaza|spd|1\n|faint|p1a: Arceus\n|-damage|p2a: Rayquaza|11\/100|[from] item: Life Orb\n|\n|upkeep\n|j| Tianelfik\n|\n|t:|1698947139\n|switch|p1a: Calyrex|Calyrex-Shadow|100\/100\n|-ability|p1a: Calyrex|As One\n|-ability|p1a: Calyrex|Unnerve\n|turn|9\n|\n|t:|1698947145\n|move|p1a: Calyrex|Astral Barrage|p2a: Rayquaza\n|-damage|p2a: Rayquaza|0 fnt\n|faint|p2a: Rayquaza\n|-ability|p1a: Calyrex|Grim Neigh|boost\n|-boost|p1a: Calyrex|spa|1\n|\n|upkeep\n|\n|t:|1698947150\n|switch|p2a: Miraidon|Miraidon|100\/100\n|-fieldstart|move: Electric Terrain|[from] ability: Hadron Engine|[of] p2a: Miraidon\n|turn|10\n|\n|t:|1698947157\n|move|p1a: Calyrex|Astral Barrage|p2a: Miraidon\n|-damage|p2a: Miraidon|9\/100\n|move|p2a: Miraidon|Draco Meteor|p1a: Calyrex\n|-damage|p1a: Calyrex|5\/100\n|-unboost|p2a: Miraidon|spa|2\n|\n|upkeep\n|turn|11\n|\n|t:|1698947162\n|move|p1a: Calyrex|Astral Barrage|p2a: Miraidon\n|-damage|p2a: Miraidon|0 fnt\n|faint|p2a: Miraidon\n|-ability|p1a: Calyrex|Grim Neigh|boost\n|-boost|p1a: Calyrex|spa|1\n|\n|upkeep\n|\n|t:|1698947164\n|switch|p2a: Ditto|Ditto|29\/100\n|-transform|p2a: Ditto|p1a: Calyrex|[from] ability: Imposter\n|turn|12\n|j| jun\u5e73\u5b89xianshen\n|\n|t:|1698947178\n|move|p2a: Ditto|Grass Knot|p1a: Calyrex\n|-damage|p1a: Calyrex|0 fnt\n|faint|p1a: Calyrex\n|-ability|p2a: Ditto|Grim Neigh|boost\n|-boost|p2a: Ditto|spa|1\n|\n|upkeep\n|\n|t:|1698947183\n|switch|p1a: Zacian|Zacian-Crowned|100\/100\n|-damage|p1a: Zacian|95\/100|[from] Stealth Rock\n|-ability|p1a: Zacian|Intrepid Sword|boost\n|-boost|p1a: Zacian|atk|1\n|turn|13\n|\n|t:|1698947185\n|switch|p2a: Miraidon|Miraidon|100\/100\n|-activate|p2a: Miraidon|ability: Hadron Engine\n|-enditem|p2a: Miraidon|Electric Seed\n|-boost|p2a: Miraidon|def|1|[from] item: Electric Seed\n|move|p1a: Zacian|Behemoth Blade|p2a: Miraidon\n|-resisted|p2a: Miraidon\n|-damage|p2a: Miraidon|75\/100\n|\n|upkeep\n|turn|14\n|\n|t:|1698947193\n|switch|p2a: Ditto|Ditto|29\/100\n|-transform|p2a: Ditto|p1a: Zacian|[from] ability: Imposter\n|-ability|p2a: Ditto|Intrepid Sword|boost\n|-boost|p2a: Ditto|atk|1\n|move|p1a: Zacian|Behemoth Blade|p2a: Ditto\n|-damage|p2a: Ditto|0 fnt\n|faint|p2a: Ditto\n|\n|-fieldend|move: Electric Terrain\n|upkeep\n|\n|t:|1698947195\n|switch|p2a: Miraidon|Miraidon|75\/100\n|-fieldstart|move: Electric Terrain|[from] ability: Hadron Engine|[of] p2a: Miraidon\n|turn|15\n|c| jun\u5e73\u5b89xianshen|\u8fd8\u597d\n|\n|t:|1698947200\n|-terastallize|p2a: Miraidon|Poison\n|move|p1a: Zacian|Play Rough|p2a: Miraidon\n|-resisted|p2a: Miraidon\n|-damage|p2a: Miraidon|41\/100\n|move|p2a: Miraidon|Agility|p2a: Miraidon\n|-boost|p2a: Miraidon|spe|2\n|\n|upkeep\n|turn|16\n|\n|t:|1698947205\n|move|p2a: Miraidon|Parabolic Charge|p1a: Zacian\n|-damage|p1a: Zacian|41\/100\n|-heal|p2a: Miraidon|65\/100|[from] drain|[of] p1a: Zacian\n|move|p1a: Zacian|Behemoth Blade|p2a: Miraidon\n|-damage|p2a: Miraidon|0 fnt\n|faint|p2a: Miraidon\n|\n|win|AGisgood\n|raw|AGisgood's rating: 1883 &rarr; <strong>1906<\/strong><br \/>(+23 for winning)\n|raw|AnimeZZZZ5's rating: 1935 &rarr; <strong>1912<\/strong><br \/>(-23 for losing)\n|c| jun\u5e73\u5b89xianshen|wo\uff01\n|l|\u2606AnimeZZZZ5\n|c|\u2606AGisgood|\u554a\uff01\n|c|\u2606AGisgood|\u554a\u554a\u554a\n|l| Tianelfik\n|c|\u2606AGisgood|\u5e73\u8861\u725b\u903c\n","uploadtime":1698947253,"views":18,"p1id":"agisgood","p2id":"animezzzz5","formatid":"gen9anythinggoes","rating":1906,"private":0,"password":""}