{"id":"gen9anythinggoes-1996328347","p1":"tangorine","p2":"FanMac","format":"[Gen 9] Anything Goes","log":"|j|\u2606tangorine\n|j|\u2606FanMac\n|t:|1700671598\n|gametype|singles\n|player|p1|tangorine|erika|1158\n|player|p2|FanMac|bellelba|1328\n|teamsize|p1|6\n|teamsize|p2|6\n|gen|9\n|tier|[Gen 9] Anything Goes\n|rated|\n|rule|HP Percentage Mod: HP is shown in percentages\n|rule|Endless Battle Clause: Forcing endless battles is banned\n|clearpoke\n|poke|p1|Urshifu-*, M|\n|poke|p1|Gastrodon, M|\n|poke|p1|Munkidori, M|\n|poke|p1|Mandibuzz, F|\n|poke|p1|Rotom-Mow|\n|poke|p1|Skeledirge, F|\n|poke|p2|Ribombee, F|\n|poke|p2|Gholdengo|\n|poke|p2|Dragapult, M|\n|poke|p2|Great Tusk|\n|poke|p2|Conkeldurr, F|\n|poke|p2|Iron Moth|\n|teampreview\n|inactive|Battle timer is ON: inactive players will automatically lose when time's up. (requested by FanMac)\n|\n|t:|1700671617\n|start\n|switch|p1a: Skeledirge|Skeledirge, F|100\/100\n|switch|p2a: Dragapult|Dragapult, M|100\/100\n|turn|1\n|\n|t:|1700671624\n|switch|p1a: Mandibuzz|Mandibuzz, F|100\/100\n|move|p2a: Dragapult|Dragon Dance|p2a: Dragapult\n|-boost|p2a: Dragapult|atk|1\n|-boost|p2a: Dragapult|spe|1\n|\n|upkeep\n|turn|2\n|\n|t:|1700671634\n|move|p2a: Dragapult|Dragon Darts|p1a: Mandibuzz\n|-damage|p1a: Mandibuzz|72\/100\n|-anim|p2a: Dragapult|Dragon Darts|p1a: Mandibuzz\n|-damage|p1a: Mandibuzz|40\/100\n|-damage|p2a: Dragapult|91\/100|[from] item: Life Orb\n|move|p1a: Mandibuzz|Toxic|p2a: Dragapult\n|-status|p2a: Dragapult|tox\n|\n|-damage|p2a: Dragapult|85\/100 tox|[from] psn\n|upkeep\n|turn|3\n|\n|t:|1700671646\n|switch|p1a: Gastrodon|Gastrodon, M|100\/100\n|move|p2a: Dragapult|Dragon Dance|p2a: Dragapult\n|-boost|p2a: Dragapult|atk|1\n|-boost|p2a: Dragapult|spe|1\n|\n|-damage|p2a: Dragapult|73\/100 tox|[from] psn\n|upkeep\n|turn|4\n|\n|t:|1700671656\n|move|p2a: Dragapult|Phantom Force||[still]\n|-prepare|p2a: Dragapult|Phantom Force\n|move|p1a: Gastrodon|Ice Beam|p2a: Dragapult|[miss]\n|-miss|p1a: Gastrodon|p2a: Dragapult\n|\n|-damage|p2a: Dragapult|55\/100 tox|[from] psn\n|upkeep\n|turn|5\n|\n|t:|1700671661\n|switch|p1a: Mandibuzz|Mandibuzz, F|40\/100\n|move|p2a: Dragapult|Phantom Force|p1a: Mandibuzz|[from]lockedmove\n|-resisted|p1a: Mandibuzz\n|-damage|p1a: Mandibuzz|5\/100\n|-damage|p2a: Dragapult|45\/100 tox|[from] item: Life Orb\n|\n|-damage|p2a: Dragapult|21\/100 tox|[from] psn\n|upkeep\n|turn|6\n|\n|t:|1700671671\n|switch|p1a: Gastrodon|Gastrodon, M|100\/100\n|move|p2a: Dragapult|Dragon Darts|p1a: Gastrodon\n|-damage|p1a: Gastrodon|25\/100\n|-anim|p2a: Dragapult|Dragon Darts|p1a: Gastrodon\n|-damage|p1a: Gastrodon|0 fnt\n|faint|p1a: Gastrodon\n|-damage|p2a: Dragapult|11\/100 tox|[from] item: Life Orb\n|\n|-damage|p2a: Dragapult|0 fnt|[from] psn\n|faint|p2a: Dragapult\n|upkeep\n|\n|t:|1700671691\n|switch|p2a: Conkeldurr|Conkeldurr, F|100\/100\n|switch|p1a: Urshifu|Urshifu-Rapid-Strike, M|100\/100\n|turn|7\n|inactive|tangorine has 120 seconds left.\n|\n|t:|1700671714\n|-terastallize|p2a: Conkeldurr|Electric\n|move|p1a: Urshifu|Surging Strikes|p2a: Conkeldurr\n|-crit|p2a: Conkeldurr\n|-damage|p2a: Conkeldurr|72\/100\n|-crit|p2a: Conkeldurr\n|-damage|p2a: Conkeldurr|45\/100\n|-crit|p2a: Conkeldurr\n|-damage|p2a: Conkeldurr|19\/100\n|-hitcount|p2a: Conkeldurr|3\n|move|p2a: Conkeldurr|Drain Punch|p1a: Urshifu\n|-damage|p1a: Urshifu|54\/100\n|-heal|p2a: Conkeldurr|40\/100|[from] drain|[of] p1a: Urshifu\n|\n|-status|p2a: Conkeldurr|brn|[from] item: Flame Orb\n|upkeep\n|turn|8\n|\n|t:|1700671727\n|move|p2a: Conkeldurr|Mach Punch|p1a: Urshifu\n|-damage|p1a: Urshifu|18\/100\n|move|p1a: Urshifu|Surging Strikes|p2a: Conkeldurr\n|-crit|p2a: Conkeldurr\n|-damage|p2a: Conkeldurr|12\/100 brn\n|-crit|p2a: Conkeldurr\n|-damage|p2a: Conkeldurr|0 fnt\n|faint|p2a: Conkeldurr\n|-hitcount|p2: Conkeldurr|2\n|\n|upkeep\n|\n|t:|1700671738\n|switch|p2a: Ribombee|Ribombee, F|100\/100\n|turn|9\n|\n|t:|1700671754\n|switch|p1a: Munkidori|Munkidori, M|100\/100\n|move|p2a: Ribombee|U-turn|p1a: Munkidori\n|-damage|p1a: Munkidori|80\/100\n|\n|t:|1700671764\n|switch|p2a: Great Tusk|Great Tusk|100\/100|[from] U-turn\n|\n|upkeep\n|turn|10\n|\n|t:|1700671773\n|move|p1a: Munkidori|Parting Shot|p2a: Great Tusk\n|-unboost|p2a: Great Tusk|atk|1\n|-unboost|p2a: Great Tusk|spa|1\n|\n|t:|1700671782\n|switch|p1a: Mandibuzz|Mandibuzz, F|5\/100|[from] Parting Shot\n|move|p2a: Great Tusk|Headlong Rush|p1a: Mandibuzz\n|-immune|p1a: Mandibuzz\n|\n|upkeep\n|turn|11\n|\n|t:|1700671791\n|move|p2a: Great Tusk|Knock Off|p1a: Mandibuzz\n|-resisted|p1a: Mandibuzz\n|-damage|p1a: Mandibuzz|0 fnt\n|-enditem|p1a: Mandibuzz|Heavy-Duty Boots|[from] move: Knock Off|[of] p2a: Great Tusk\n|faint|p1a: Mandibuzz\n|\n|upkeep\n|\n|t:|1700671805\n|switch|p1a: Urshifu|Urshifu-Rapid-Strike, M|18\/100\n|turn|12\n|\n|t:|1700671811\n|move|p1a: Urshifu|Surging Strikes|p2a: Great Tusk\n|-supereffective|p2a: Great Tusk\n|-crit|p2a: Great Tusk\n|-damage|p2a: Great Tusk|54\/100\n|-supereffective|p2a: Great Tusk\n|-crit|p2a: Great Tusk\n|-damage|p2a: Great Tusk|8\/100\n|-supereffective|p2a: Great Tusk\n|-crit|p2a: Great Tusk\n|-damage|p2a: Great Tusk|0 fnt\n|faint|p2a: Great Tusk\n|-end|p2a: Great Tusk|Protosynthesis|[silent]\n|-hitcount|p2: Great Tusk|3\n|\n|upkeep\n|\n|t:|1700671821\n|switch|p2a: Ribombee|Ribombee, F|100\/100\n|turn|13\n|\n|t:|1700671835\n|switch|p1a: Skeledirge|Skeledirge, F|100\/100\n|move|p2a: Ribombee|Psychic|p1a: Skeledirge\n|-crit|p1a: Skeledirge\n|-damage|p1a: Skeledirge|58\/100\n|-unboost|p1a: Skeledirge|spd|1\n|\n|upkeep\n|turn|14\n|\n|t:|1700671854\n|switch|p1a: Rotom|Rotom-Mow|100\/100\n|move|p2a: Ribombee|Psychic|p1a: Rotom\n|-damage|p1a: Rotom|51\/100\n|\n|-heal|p1a: Rotom|57\/100|[from] item: Leftovers\n|upkeep\n|turn|15\n|\n|t:|1700671867\n|move|p2a: Ribombee|Psychic|p1a: Rotom\n|-damage|p1a: Rotom|8\/100\n|move|p1a: Rotom|Volt Switch|p2a: Ribombee\n|-damage|p2a: Ribombee|47\/100\n|\n|t:|1700671879\n|switch|p1a: Munkidori|Munkidori, M|80\/100|[from] Volt Switch\n|\n|upkeep\n|turn|16\n|\n|t:|1700671899\n|move|p1a: Munkidori|Sludge Bomb|p2a: Ribombee\n|-supereffective|p2a: Ribombee\n|-damage|p2a: Ribombee|0 fnt\n|faint|p2a: Ribombee\n|\n|upkeep\n|\n|t:|1700671905\n|switch|p2a: Gholdengo|Gholdengo|100\/100\n|turn|17\n|\n|t:|1700671922\n|switch|p1a: Rotom|Rotom-Mow|8\/100\n|move|p2a: Gholdengo|Nasty Plot|p2a: Gholdengo\n|-boost|p2a: Gholdengo|spa|2\n|\n|-heal|p1a: Rotom|15\/100|[from] item: Leftovers\n|upkeep\n|turn|18\n|\n|t:|1700671935\n|move|p1a: Rotom|Will-O-Wisp|p2a: Gholdengo\n|-immune|p2a: Gholdengo|[from] ability: Good as Gold\n|move|p2a: Gholdengo|Shadow Ball|p1a: Rotom\n|-damage|p1a: Rotom|0 fnt\n|faint|p1a: Rotom\n|\n|upkeep\n|inactive|tangorine has 120 seconds left.\n|inactive|tangorine has 90 seconds left.\n|\n|t:|1700672003\n|switch|p1a: Urshifu|Urshifu-Rapid-Strike, M|18\/100\n|turn|19\n|\n|t:|1700672010\n|move|p1a: Urshifu|Surging Strikes|p2a: Gholdengo\n|-crit|p2a: Gholdengo\n|-damage|p2a: Gholdengo|65\/100\n|-crit|p2a: Gholdengo\n|-damage|p2a: Gholdengo|35\/100\n|-crit|p2a: Gholdengo\n|-damage|p2a: Gholdengo|0 fnt\n|faint|p2a: Gholdengo\n|-hitcount|p2: Gholdengo|3\n|\n|upkeep\n|\n|t:|1700672018\n|switch|p2a: Iron Moth|Iron Moth|100\/100\n|-enditem|p2a: Iron Moth|Booster Energy\n|-activate|p2a: Iron Moth|ability: Quark Drive|[fromitem]\n|-start|p2a: Iron Moth|quarkdrivespe\n|turn|20\n|\n|t:|1700672025\n|move|p2a: Iron Moth|Energy Ball|p1a: Urshifu\n|-supereffective|p1a: Urshifu\n|-damage|p1a: Urshifu|0 fnt\n|faint|p1a: Urshifu\n|\n|upkeep\n|\n|t:|1700672039\n|switch|p1a: Munkidori|Munkidori, M|80\/100\n|turn|21\n|inactive|FanMac has 120 seconds left.\n|\n|t:|1700672088\n|move|p2a: Iron Moth|Fiery Dance|p1a: Munkidori\n|-damage|p1a: Munkidori|32\/100\n|-boost|p2a: Iron Moth|spa|1\n|move|p1a: Munkidori|Psychic|p2a: Iron Moth\n|-supereffective|p2a: Iron Moth\n|-damage|p2a: Iron Moth|0 fnt\n|faint|p2a: Iron Moth\n|-end|p2a: Iron Moth|Quark Drive|[silent]\n|\n|win|tangorine\n|raw|tangorine's rating: 1158 &rarr; <strong>1194<\/strong><br \/>(+36 for winning)\n|raw|FanMac's rating: 1328 &rarr; <strong>1299<\/strong><br \/>(-29 for losing)\n","uploadtime":1700672096,"views":2,"p1id":"tangorine","p2id":"fanmac","formatid":"gen9anythinggoes","rating":1194,"private":0,"password":""}