{"id":"gen9anythinggoes-1972416740","p1":"Rowan_Rocket","p2":"policeas","format":"[Gen 9] Anything Goes","log":"|j|\u2606Rowan_Rocket\n|j|\u2606policeas\n|t:|1697840474\n|gametype|singles\n|player|p1|Rowan_Rocket|rocketgrunt|1036\n|player|p2|policeas|265|1000\n|teamsize|p1|6\n|teamsize|p2|6\n|gen|9\n|tier|[Gen 9] Anything Goes\n|rated|\n|rule|HP Percentage Mod: HP is shown in percentages\n|rule|Endless Battle Clause: Forcing endless battles is banned\n|clearpoke\n|poke|p1|Farigiraf, M|\n|poke|p1|Wyrdeer, F|\n|poke|p1|Ursaluna, M|\n|poke|p1|Grafaiai, F|\n|poke|p1|Zoroark-Hisui, M|\n|poke|p1|Ambipom, M|\n|poke|p2|Poliwrath, F|\n|poke|p2|Calyrex-Shadow|\n|poke|p2|Drifblim, F|\n|poke|p2|Rayquaza|\n|poke|p2|Gliscor, M|\n|poke|p2|Chi-Yu|\n|teampreview\n|inactive|Battle timer is ON: inactive players will automatically lose when time's up. (requested by policeas)\n|\n|t:|1697840505\n|start\n|switch|p1a: Ambipom|Ambipom, M|100\/100\n|switch|p2a: loon|Drifblim, F|100\/100\n|turn|1\n|\n|t:|1697840514\n|move|p1a: Ambipom|Bitter Malice|p2a: loon\n|-supereffective|p2a: loon\n|-damage|p2a: loon|28\/100\n|-unboost|p2a: loon|atk|1\n|move|p2a: loon|Substitute|p2a: loon\n|-start|p2a: loon|Substitute\n|-damage|p2a: loon|3\/100\n|\n|upkeep\n|turn|2\n|\n|t:|1697840534\n|move|p1a: Ambipom|Bitter Malice|p2a: loon\n|-supereffective|p2a: loon\n|-end|p2a: loon|Substitute\n|move|p2a: loon|Trick Room|p2a: loon\n|-fieldstart|move: Trick Room|[of] p2a: loon\n|\n|upkeep\n|turn|3\n|\n|t:|1697840552\n|switch|p1a: Grafaiai|Grafaiai, F|100\/100\n|move|p2a: loon|Explosion|p1a: Grafaiai\n|-damage|p1a: Grafaiai|38\/100\n|faint|p2a: loon\n|\n|-heal|p1a: Grafaiai|44\/100|[from] item: Black Sludge\n|upkeep\n|inactive|policeas has 120 seconds left.\n|\n|t:|1697840564\n|switch|p2a: BULK|Poliwrath, F|100\/100\n|turn|4\n|\n|t:|1697840568\n|move|p1a: Grafaiai|Parting Shot|p2a: BULK\n|-unboost|p2a: BULK|atk|1\n|-unboost|p2a: BULK|spa|1\n|\n|t:|1697840574\n|switch|p1a: Farigiraf|Farigiraf, M|100\/100|[from] Parting Shot\n|move|p2a: BULK|Substitute|p2a: BULK\n|-start|p2a: BULK|Substitute\n|-damage|p2a: BULK|76\/100\n|\n|upkeep\n|turn|5\n|\n|t:|1697840585\n|move|p1a: Farigiraf|Calm Mind|p1a: Farigiraf\n|-boost|p1a: Farigiraf|spa|1\n|-boost|p1a: Farigiraf|spd|1\n|move|p2a: BULK|Belly Drum|p2a: BULK\n|-damage|p2a: BULK|26\/100\n|-setboost|p2a: BULK|atk|6|[from] move: Belly Drum\n|\n|upkeep\n|turn|6\n|\n|t:|1697840599\n|move|p1a: Farigiraf|Twin Beam|p2a: BULK\n|-supereffective|p2a: BULK\n|-end|p2a: BULK|Substitute\n|-supereffective|p2a: BULK\n|-damage|p2a: BULK|0 fnt\n|faint|p2a: BULK\n|-hitcount|p2: BULK|2\n|\n|-fieldend|move: Trick Room\n|upkeep\n|-message|policeas forfeited.\n|\n|win|Rowan_Rocket\n|raw|Rowan_Rocket's rating: 1036 &rarr; <strong>1067<\/strong><br \/>(+31 for winning)\n|raw|policeas's rating: 1000 &rarr; <strong>1000<\/strong><br \/>(+0 for losing)\n|l|\u2606policeas\n","uploadtime":1697840616,"views":9,"p1id":"rowanrocket","p2id":"policeas","formatid":"gen9anythinggoes","rating":1000,"private":0,"password":""}