{"id":"gen9anythinggoes-1973543944","p1":"CamiloShorock","p2":"gonquical","format":"[Gen 9] Anything Goes","log":"|j|\u2606CamiloShorock\n|j|\u2606gonquical\n|t:|1697989130\n|gametype|singles\n|player|p1|CamiloShorock|2|\n|player|p2|gonquical|ghetsis|\n|teamsize|p1|6\n|teamsize|p2|6\n|gen|9\n|tier|[Gen 9] Anything Goes\n|rule|HP Percentage Mod: HP is shown in percentages\n|rule|Endless Battle Clause: Forcing endless battles is banned\n|clearpoke\n|poke|p1|Gholdengo|\n|poke|p1|Rotom-Wash|\n|poke|p1|Grimmsnarl, M|\n|poke|p1|Cloyster, F|\n|poke|p1|Breloom, F|\n|poke|p1|Gengar, M|\n|poke|p2|Gallade, M|\n|poke|p2|Landorus-Therian, M|\n|poke|p2|Armarouge, M|\n|poke|p2|Farigiraf, F|\n|poke|p2|Meloetta|\n|poke|p2|Amoonguss, M|\n|teampreview\n|c|\u2606CamiloShorock|hello\n|c|\u2606CamiloShorock|suerte bro\n|\n|t:|1697989214\n|start\n|switch|p1a: Cloyster|Cloyster, F|100\/100\n|switch|p2a: Y\u016bko|Farigiraf, F, shiny|100\/100\n|turn|1\n|\n|t:|1697989226\n|move|p1a: Cloyster|Shell Smash|p1a: Cloyster\n|-unboost|p1a: Cloyster|def|1\n|-unboost|p1a: Cloyster|spd|1\n|-boost|p1a: Cloyster|atk|2\n|-boost|p1a: Cloyster|spa|2\n|-boost|p1a: Cloyster|spe|2\n|move|p2a: Y\u016bko|Trick Room|p2a: Y\u016bko\n|-fieldstart|move: Trick Room|[of] p2a: Y\u016bko\n|\n|upkeep\n|turn|2\n|\n|t:|1697989276\n|switch|p2a: Lelouch|Armarouge, M, shiny|100\/100\n|move|p1a: Cloyster|Icicle Spear|p2a: Lelouch\n|-resisted|p2a: Lelouch\n|-damage|p2a: Lelouch|90\/100\n|-resisted|p2a: Lelouch\n|-damage|p2a: Lelouch|79\/100\n|-resisted|p2a: Lelouch\n|-damage|p2a: Lelouch|68\/100\n|-resisted|p2a: Lelouch\n|-damage|p2a: Lelouch|58\/100\n|-resisted|p2a: Lelouch\n|-damage|p2a: Lelouch|48\/100\n|-hitcount|p2a: Lelouch|5\n|\n|upkeep\n|turn|3\n|\n|t:|1697989298\n|move|p2a: Lelouch|Energy Ball|p1a: Cloyster\n|-supereffective|p1a: Cloyster\n|-enditem|p1a: Cloyster|Focus Sash\n|-damage|p1a: Cloyster|1\/100\n|-damage|p2a: Lelouch|38\/100|[from] item: Life Orb\n|move|p1a: Cloyster|Waterfall|p2a: Lelouch\n|-supereffective|p2a: Lelouch\n|-damage|p2a: Lelouch|0 fnt\n|faint|p2a: Lelouch\n|\n|upkeep\n|\n|t:|1697989315\n|switch|p2a: Y\u016bko|Farigiraf, F, shiny|100\/100\n|turn|4\n|\n|t:|1697989328\n|move|p1a: Cloyster|Ice Shard||[still]\n|cant|p2a: Y\u016bko|ability: Armor Tail|Ice Shard|[of] p1a: Cloyster\n|move|p2a: Y\u016bko|Earthquake|p1a: Cloyster\n|-damage|p1a: Cloyster|0 fnt\n|faint|p1a: Cloyster\n|\n|upkeep\n|\n|t:|1697989341\n|switch|p1a: Gengar|Gengar, M|100\/100\n|turn|5\n|\n|t:|1697989371\n|move|p2a: Y\u016bko|Earthquake|p1a: Gengar\n|-supereffective|p1a: Gengar\n|-enditem|p1a: Gengar|Focus Sash\n|-damage|p1a: Gengar|1\/100\n|move|p1a: Gengar|Nasty Plot|p1a: Gengar\n|-boost|p1a: Gengar|spa|2\n|\n|-fieldend|move: Trick Room\n|upkeep\n|turn|6\n|\n|t:|1697989410\n|move|p1a: Gengar|Destiny Bond|p1a: Gengar\n|-singlemove|p1a: Gengar|Destiny Bond\n|move|p2a: Y\u016bko|Trick Room|p2a: Y\u016bko\n|-fieldstart|move: Trick Room|[of] p2a: Y\u016bko\n|\n|upkeep\n|turn|7\n|\n|t:|1697989424\n|switch|p2a: Shigeo|Amoonguss, M|100\/100\n|move|p1a: Gengar|Sludge Bomb|p2a: Shigeo\n|-damage|p2a: Shigeo|20\/100\n|-enditem|p2a: Shigeo|Aguav Berry|[eat]\n|-heal|p2a: Shigeo|54\/100|[from] item: Aguav Berry\n|\n|upkeep\n|turn|8\n|\n|t:|1697989440\n|switch|p1a: Grimmsnarl|Grimmsnarl, M|100\/100\n|move|p2a: Shigeo|Sludge Bomb|p1a: Grimmsnarl\n|-supereffective|p1a: Grimmsnarl\n|-damage|p1a: Grimmsnarl|60\/100\n|-status|p1a: Grimmsnarl|psn\n|\n|-damage|p1a: Grimmsnarl|48\/100 psn|[from] psn\n|upkeep\n|turn|9\n|\n|t:|1697989453\n|move|p1a: Grimmsnarl|Light Screen|p1a: Grimmsnarl\n|-sidestart|p1: CamiloShorock|move: Light Screen\n|move|p2a: Shigeo|Sludge Bomb|p1a: Grimmsnarl\n|-supereffective|p1a: Grimmsnarl\n|-damage|p1a: Grimmsnarl|26\/100 psn\n|\n|-damage|p1a: Grimmsnarl|13\/100 psn|[from] psn\n|upkeep\n|turn|10\n|\n|t:|1697989466\n|switch|p2a: Y\u016bko|Farigiraf, F, shiny|100\/100\n|move|p1a: Grimmsnarl|Reflect|p1a: Grimmsnarl\n|-sidestart|p1: CamiloShorock|Reflect\n|\n|-damage|p1a: Grimmsnarl|1\/100 psn|[from] psn\n|-fieldend|move: Trick Room\n|upkeep\n|turn|11\n|\n|t:|1697989476\n|move|p1a: Grimmsnarl|Taunt||[still]\n|cant|p2a: Y\u016bko|ability: Armor Tail|Taunt|[of] p1a: Grimmsnarl\n|move|p2a: Y\u016bko|Trick Room|p2a: Y\u016bko\n|-fieldstart|move: Trick Room|[of] p2a: Y\u016bko\n|\n|-damage|p1a: Grimmsnarl|0 fnt|[from] psn\n|faint|p1a: Grimmsnarl\n|upkeep\n|\n|t:|1697989494\n|switch|p1a: Gholdengo|Gholdengo|100\/100\n|turn|12\n|\n|t:|1697989504\n|move|p2a: Y\u016bko|Psychic Fangs|p1a: Gholdengo\n|-sideend|p1: CamiloShorock|Reflect\n|-sideend|p1: CamiloShorock|move: Light Screen\n|-resisted|p1a: Gholdengo\n|-damage|p1a: Gholdengo|84\/100\n|move|p1a: Gholdengo|Make It Rain|p2a: Y\u016bko\n|-damage|p2a: Y\u016bko|30\/100\n|-unboost|p1a: Gholdengo|spa|1\n|\n|upkeep\n|turn|13\n|\n|t:|1697989519\n|move|p2a: Y\u016bko|Earthquake|p1a: Gholdengo\n|-supereffective|p1a: Gholdengo\n|-damage|p1a: Gholdengo|26\/100\n|move|p1a: Gholdengo|Make It Rain|p2a: Y\u016bko\n|-damage|p2a: Y\u016bko|0 fnt\n|-unboost|p1a: Gholdengo|spa|1\n|faint|p2a: Y\u016bko\n|\n|upkeep\n|\n|t:|1697989590\n|switch|p2a: Shigeo|Amoonguss, M|87\/100\n|turn|14\n|\n|t:|1697989602\n|move|p2a: Shigeo|Foul Play|p1a: Gholdengo\n|-supereffective|p1a: Gholdengo\n|-damage|p1a: Gholdengo|5\/100\n|move|p1a: Gholdengo|Recover|p1a: Gholdengo\n|-heal|p1a: Gholdengo|55\/100\n|\n|upkeep\n|turn|15\n|\n|t:|1697989621\n|switch|p2a: Hitoshi|Gallade, M, shiny|100\/100\n|move|p1a: Gholdengo|Recover|p1a: Gholdengo\n|-heal|p1a: Gholdengo|100\/100\n|\n|-fieldend|move: Trick Room\n|upkeep\n|turn|16\n|\n|t:|1697989653\n|switch|p1a: Gengar|Gengar, M|1\/100\n|move|p2a: Hitoshi|Leaf Blade|p1a: Gengar\n|-resisted|p1a: Gengar\n|-damage|p1a: Gengar|0 fnt\n|faint|p1a: Gengar\n|\n|upkeep\n|\n|t:|1697989670\n|switch|p1a: Rotom|Rotom-Wash|100\/100\n|turn|17\n|\n|t:|1697989676\n|move|p1a: Rotom|Will-O-Wisp|p2a: Hitoshi\n|-status|p2a: Hitoshi|brn\n|move|p2a: Hitoshi|Leaf Blade|p1a: Rotom\n|-supereffective|p1a: Rotom\n|-damage|p1a: Rotom|36\/100\n|\n|-damage|p2a: Hitoshi|94\/100 brn|[from] brn\n|upkeep\n|turn|18\n|\n|t:|1697989687\n|switch|p1a: Breloom|Breloom, F|100\/100\n|move|p2a: Hitoshi|Leaf Blade|p1a: Breloom\n|-resisted|p1a: Breloom\n|-damage|p1a: Breloom|82\/100\n|\n|-heal|p1a: Breloom|88\/100|[from] item: Leftovers\n|-damage|p2a: Hitoshi|88\/100 brn|[from] brn\n|upkeep\n|turn|19\n|\n|t:|1697989723\n|switch|p2a: Shigeo|Amoonguss, M|100\/100\n|move|p1a: Breloom|Spore|p2a: Shigeo\n|-immune|p2a: Shigeo\n|\n|-heal|p1a: Breloom|94\/100|[from] item: Leftovers\n|upkeep\n|turn|20\n|\n|t:|1697989732\n|move|p1a: Breloom|Force Palm|p2a: Shigeo\n|-resisted|p2a: Shigeo\n|-damage|p2a: Shigeo|81\/100\n|move|p2a: Shigeo|Sludge Bomb|p1a: Breloom\n|-supereffective|p1a: Breloom\n|-damage|p1a: Breloom|0 fnt\n|faint|p1a: Breloom\n|\n|upkeep\n|\n|t:|1697989738\n|switch|p1a: Gholdengo|Gholdengo|100\/100\n|turn|21\n|\n|t:|1697989753\n|move|p2a: Shigeo|Protect|p2a: Shigeo\n|-singleturn|p2a: Shigeo|Protect\n|move|p1a: Gholdengo|Nasty Plot|p1a: Gholdengo\n|-boost|p1a: Gholdengo|spa|2\n|\n|upkeep\n|turn|22\n|\n|t:|1697989772\n|move|p1a: Gholdengo|Shadow Ball|p2a: Shigeo\n|-crit|p2a: Shigeo\n|-damage|p2a: Shigeo|0 fnt\n|faint|p2a: Shigeo\n|\n|upkeep\n|\n|t:|1697989782\n|switch|p2a: Arataka|Landorus-Therian, M, shiny|100\/100\n|-ability|p2a: Arataka|Intimidate|boost\n|-unboost|p1a: Gholdengo|atk|1\n|turn|23\n|\n|t:|1697989797\n|move|p2a: Arataka|Earthquake|p1a: Gholdengo\n|-supereffective|p1a: Gholdengo\n|-damage|p1a: Gholdengo|0 fnt\n|faint|p1a: Gholdengo\n|\n|upkeep\n|\n|t:|1697989801\n|switch|p1a: Rotom|Rotom-Wash|36\/100\n|turn|24\n|\n|t:|1697989809\n|move|p1a: Rotom|Hydro Pump|p2a: Arataka\n|-supereffective|p2a: Arataka\n|-damage|p2a: Arataka|0 fnt\n|faint|p2a: Arataka\n|\n|upkeep\n|\n|t:|1697989815\n|switch|p2a: Hitoshi|Gallade, M, shiny|88\/100 brn\n|turn|25\n|\n|t:|1697989819\n|move|p1a: Rotom|Hydro Pump|p2a: Hitoshi\n|-damage|p2a: Hitoshi|39\/100 brn\n|move|p2a: Hitoshi|Leaf Blade|p1a: Rotom\n|-supereffective|p1a: Rotom\n|-damage|p1a: Rotom|0 fnt\n|faint|p1a: Rotom\n|\n|win|gonquical\n|c|\u2606CamiloShorock|gg\n|c|\u2606CamiloShorock|le mandas la replay?\n|c|\u2606CamiloShorock|es que ya m tengo que ir xD\n|c|\u2606CamiloShorock|buen trick room eh\n|l|\u2606gonquical\n","uploadtime":1697989834,"views":15,"p1id":"camiloshorock","p2id":"gonquical","formatid":"gen9anythinggoes","rating":0,"private":0,"password":""}