{"id":"gen9anythinggoes-1998975793","p1":"TheTrueTauboy","p2":"01jara123","format":"[Gen 9] Anything Goes","log":"|j|\u2606TheTrueTauboy\n|j|\u260601jara123\n|t:|1701019782\n|gametype|singles\n|player|p1|TheTrueTauboy|pokekid|\n|player|p2|01jara123|265|\n|teamsize|p1|6\n|teamsize|p2|6\n|gen|9\n|tier|[Gen 9] Anything Goes\n|rule|HP Percentage Mod: HP is shown in percentages\n|rule|Endless Battle Clause: Forcing endless battles is banned\n|clearpoke\n|poke|p1|Weezing-Galar, F|\n|poke|p1|Tornadus-Therian, M|\n|poke|p1|Rotom-Frost|\n|poke|p1|Slowking, F|\n|poke|p1|Scizor, F|\n|poke|p1|Garchomp, M|\n|poke|p2|Gothitelle, M|\n|poke|p2|Gliscor, F|\n|poke|p2|Gholdengo|\n|poke|p2|Clefable, M|\n|poke|p2|Alomomola, M|\n|poke|p2|Ogerpon-Hearthflame, F|\n|teampreview\n|c|\u260601jara123|Paso link\n|c|\u2606TheTrueTauboy|tarde\n|c|\u2606TheTrueTauboy|gud lac hab fan\n|j| pepitodechocolate\n|c|\u260601jara123|Ya veo\n|c|\u260601jara123|Buena suerte!!\n|l| pepitodechocolate\n|j| mimizukii\n|j| Red Krow\n|l| mimizukii\n|\n|t:|1701019886\n|start\n|switch|p1a: Juan Carlos I|Slowking, F|100\/100\n|switch|p2a: Alomomola|Alomomola, M|100\/100\n|turn|1\n|j| mimizukii\n|l| mimizukii\n|j| mimizukii\n|j| LeunamTG\n|\n|t:|1701019921\n|move|p2a: Alomomola|Scald|p1a: Juan Carlos I\n|-resisted|p1a: Juan Carlos I\n|-damage|p1a: Juan Carlos I|97\/100\n|move|p1a: Juan Carlos I|Chilly Reception|p1a: Juan Carlos I\n|-weather|Snow\n|\n|t:|1701019924\n|switch|p1a: SmartFridge|Rotom-Frost|100\/100|[from] Chilly Reception\n|\n|-weather|Snow|[upkeep]\n|upkeep\n|turn|2\n|\n|t:|1701019938\n|-terastallize|p1a: SmartFridge|Ghost\n|move|p2a: Alomomola|Protect|p2a: Alomomola\n|-singleturn|p2a: Alomomola|Protect\n|move|p1a: SmartFridge|Volt Switch|p2a: Alomomola\n|-activate|p2a: Alomomola|move: Protect\n|\n|-weather|Snow|[upkeep]\n|upkeep\n|turn|3\n|\n|t:|1701019958\n|switch|p1a: Juan Carlos I|Slowking, F|100\/100\n|switch|p2a: Clefable|Clefable, M|100\/100\n|\n|-weather|Snow|[upkeep]\n|upkeep\n|turn|4\n|\n|t:|1701019965\n|move|p2a: Clefable|Stealth Rock|p1a: Juan Carlos I\n|-sidestart|p1: TheTrueTauboy|move: Stealth Rock\n|move|p1a: Juan Carlos I|Chilly Reception|p1a: Juan Carlos I\n|\n|t:|1701019971\n|switch|p1a: DougDimmadome|Weezing-Galar, F|100\/100|[from] Chilly Reception\n|-ability|p1a: DougDimmadome|Neutralizing Gas\n|-damage|p1a: DougDimmadome|88\/100|[from] Stealth Rock\n|\n|-weather|Snow|[upkeep]\n|-heal|p1a: DougDimmadome|94\/100|[from] item: Leftovers\n|upkeep\n|turn|5\n|\n|t:|1701019990\n|switch|p2a: Gholdengo|Gholdengo|100\/100\n|move|p1a: DougDimmadome|Defog|p2a: Gholdengo\n|-unboost|p2a: Gholdengo|evasion|1\n|-sideend|p1: TheTrueTauboy|Stealth Rock|[from] move: Defog|[of] p1a: DougDimmadome\n|\n|-weather|none\n|-heal|p1a: DougDimmadome|99\/100|[from] item: Leftovers\n|upkeep\n|turn|6\n|\n|t:|1701020007\n|-end|p1a: DougDimmadome|ability: Neutralizing Gas\n|switch|p1a: CHOMP|Garchomp, M|100\/100\n|move|p2a: Gholdengo|Shadow Ball|p1a: CHOMP\n|-damage|p1a: CHOMP|53\/100\n|\n|upkeep\n|turn|7\n|\n|t:|1701020051\n|switch|p2a: Gliscor|Gliscor, F|100\/100\n|move|p1a: CHOMP|Stealth Rock|p2a: Gliscor\n|-sidestart|p2: 01jara123|move: Stealth Rock\n|\n|-status|p2a: Gliscor|tox|[from] item: Toxic Orb\n|upkeep\n|turn|8\n|\n|t:|1701020076\n|move|p1a: CHOMP|Liquidation|p2a: Gliscor\n|-supereffective|p2a: Gliscor\n|-damage|p2a: Gliscor|62\/100 tox\n|move|p2a: Gliscor|Spikes|p1a: CHOMP\n|-sidestart|p1: TheTrueTauboy|Spikes\n|\n|-heal|p2a: Gliscor|74\/100 tox|[from] ability: Poison Heal\n|upkeep\n|turn|9\n|c|\u260601jara123|Ni sab\u00eda que lo aprend\u00eda lol\n|\n|t:|1701020098\n|switch|p1a: SmartFridge|Rotom-Frost, tera:Ghost|100\/100\n|move|p2a: Gliscor|U-turn|p1a: SmartFridge\n|-resisted|p1a: SmartFridge\n|-damage|p1a: SmartFridge|91\/100\n|\n|t:|1701020112\n|switch|p2a: Clefable|Clefable, M|100\/100|[from] U-turn\n|\n|upkeep\n|turn|10\n|\n|t:|1701020128\n|move|p1a: SmartFridge|Trick|p2a: Clefable\n|-activate|p1a: SmartFridge|move: Trick|[of] p2a: Clefable\n|-item|p2a: Clefable|Choice Scarf|[from] move: Trick\n|-item|p1a: SmartFridge|Leftovers|[from] move: Trick\n|move|p2a: Clefable|Stealth Rock|p1a: SmartFridge\n|-sidestart|p1: TheTrueTauboy|move: Stealth Rock\n|\n|-heal|p1a: SmartFridge|97\/100|[from] item: Leftovers\n|upkeep\n|turn|11\n|\n|t:|1701020164\n|switch|p2a: Gholdengo|Gholdengo|100\/100\n|-damage|p2a: Gholdengo|94\/100|[from] Stealth Rock\n|move|p1a: SmartFridge|Volt Switch|p2a: Gholdengo\n|-damage|p2a: Gholdengo|59\/100\n|\n|t:|1701020199\n|switch|p1a: Bird Person|Tornadus-Therian, M|100\/100|[from] Volt Switch\n|-damage|p1a: Bird Person|76\/100|[from] Stealth Rock\n|\n|-heal|p2a: Gholdengo|66\/100|[from] item: Leftovers\n|upkeep\n|turn|12\n|\n|t:|1701020218\n|switch|p2a: Clefable|Clefable, M|100\/100\n|move|p1a: Bird Person|Heat Wave|p2a: Clefable\n|-damage|p2a: Clefable|80\/100\n|-status|p2a: Clefable|brn\n|\n|upkeep\n|turn|13\n|\n|t:|1701020260\n|move|p1a: Bird Person|U-turn|p2a: Clefable\n|-resisted|p2a: Clefable\n|-damage|p2a: Clefable|71\/100 brn\n|\n|t:|1701020266\n|switch|p1a: BETIGUERAS|Scizor, F, shiny|100\/100|[from] U-turn\n|move|p2a: Clefable|Flamethrower|p1a: BETIGUERAS\n|-supereffective|p1a: BETIGUERAS\n|-damage|p1a: BETIGUERAS|3\/100\n|\n|upkeep\n|turn|14\n|\n|t:|1701020276\n|switch|p2a: Alomomola|Alomomola, M|100\/100\n|-damage|p2a: Alomomola|88\/100|[from] Stealth Rock\n|move|p1a: BETIGUERAS|Knock Off|p2a: Alomomola\n|-damage|p2a: Alomomola|67\/100\n|-damage|p1a: BETIGUERAS|0 fnt|[from] item: Rocky Helmet|[of] p2a: Alomomola\n|faint|p1a: BETIGUERAS\n|\n|upkeep\n|c| mimizukii|:0\n|c| mimizukii|Oooooo\n|c|\u260601jara123|No me ca\u00eda bien el gliscor\n|\n|t:|1701020299\n|switch|p1a: Bird Person|Tornadus-Therian, M|100\/100\n|-damage|p1a: Bird Person|76\/100|[from] Stealth Rock\n|turn|15\n|\n|t:|1701020326\n|move|p1a: Bird Person|Nasty Plot|p1a: Bird Person\n|-boost|p1a: Bird Person|spa|2\n|move|p2a: Alomomola|Wish|p2a: Alomomola\n|\n|upkeep\n|turn|16\n|\n|t:|1701020340\n|move|p1a: Bird Person|Bleakwind Storm|p2a: Alomomola\n|-damage|p2a: Alomomola|0 fnt\n|faint|p2a: Alomomola\n|\n|upkeep\n|\n|t:|1701020349\n|switch|p2a: Gothitelle|Gothitelle, M|100\/100\n|-damage|p2a: Gothitelle|88\/100|[from] Stealth Rock\n|turn|17\n|\n|t:|1701020401\n|move|p2a: Gothitelle|Thunderbolt|p1a: Bird Person\n|-supereffective|p1a: Bird Person\n|-damage|p1a: Bird Person|21\/100\n|move|p1a: Bird Person|U-turn|p2a: Gothitelle\n|-supereffective|p2a: Gothitelle\n|-damage|p2a: Gothitelle|52\/100\n|j| victorintre\n|\n|t:|1701020478\n|switch|p1a: CHOMP|Garchomp, M|53\/100|[from] U-turn\n|-damage|p1a: CHOMP|41\/100|[from] Spikes\n|-damage|p1a: CHOMP|35\/100|[from] Stealth Rock\n|\n|upkeep\n|turn|18\n|\n|t:|1701020500\n|switch|p2a: Clefable|Clefable, M|71\/100 brn\n|move|p1a: CHOMP|Liquidation|p2a: Clefable\n|-damage|p2a: Clefable|38\/100 brn\n|\n|upkeep\n|turn|19\n|\n|t:|1701020525\n|switch|p1a: DougDimmadome|Weezing-Galar, F|99\/100\n|-ability|p1a: DougDimmadome|Neutralizing Gas\n|-damage|p1a: DougDimmadome|88\/100|[from] Spikes\n|-damage|p1a: DougDimmadome|76\/100|[from] Stealth Rock\n|move|p2a: Clefable|Flamethrower|p1a: DougDimmadome\n|-damage|p1a: DougDimmadome|52\/100\n|\n|-heal|p1a: DougDimmadome|58\/100|[from] item: Leftovers\n|-damage|p2a: Clefable|31\/100 brn|[from] brn\n|upkeep\n|turn|20\n|\n|t:|1701020534\n|move|p2a: Clefable|Flamethrower|p1a: DougDimmadome\n|-damage|p1a: DougDimmadome|33\/100\n|move|p1a: DougDimmadome|Defog|p2a: Clefable\n|-unboost|p2a: Clefable|evasion|1\n|-sideend|p2: 01jara123|Stealth Rock|[from] move: Defog|[of] p1a: DougDimmadome\n|-sideend|p1: TheTrueTauboy|Spikes|[from] move: Defog|[of] p1a: DougDimmadome\n|-sideend|p1: TheTrueTauboy|Stealth Rock|[from] move: Defog|[of] p1a: DougDimmadome\n|\n|-heal|p1a: DougDimmadome|39\/100|[from] item: Leftovers\n|-damage|p2a: Clefable|25\/100 brn|[from] brn\n|upkeep\n|turn|21\n|\n|t:|1701020542\n|-end|p1a: DougDimmadome|ability: Neutralizing Gas\n|switch|p1a: Juan Carlos I|Slowking, F|100\/100\n|move|p2a: Clefable|Flamethrower|p1a: Juan Carlos I\n|-resisted|p1a: Juan Carlos I\n|-damage|p1a: Juan Carlos I|94\/100\n|\n|-heal|p1a: Juan Carlos I|99\/100|[from] item: Leftovers\n|upkeep\n|turn|22\n|\n|t:|1701020556\n|switch|p2a: Gothitelle|Gothitelle, M|52\/100\n|move|p1a: Juan Carlos I|Chilly Reception|p1a: Juan Carlos I\n|-weather|Snow\n|\n|t:|1701020571\n|switch|p1a: SmartFridge|Rotom-Frost, tera:Ghost|97\/100|[from] Chilly Reception\n|\n|-weather|Snow|[upkeep]\n|-heal|p1a: SmartFridge|100\/100|[from] item: Leftovers\n|upkeep\n|turn|23\n|\n|t:|1701020590\n|switch|p2a: Clefable|Clefable, M|25\/100 brn\n|move|p1a: SmartFridge|Shadow Ball|p2a: Clefable\n|-damage|p2a: Clefable|1\/100 brn\n|-unboost|p2a: Clefable|spd|1\n|\n|-weather|Snow|[upkeep]\n|upkeep\n|turn|24\n|l| victorintre\n|\n|t:|1701020647\n|switch|p1a: Juan Carlos I|Slowking, F|100\/100\n|move|p2a: Clefable|Stealth Rock|p1a: Juan Carlos I\n|-sidestart|p1: TheTrueTauboy|move: Stealth Rock\n|\n|-weather|Snow|[upkeep]\n|upkeep\n|turn|25\n|j| victorintre\n|\n|t:|1701020663\n|switch|p2a: Gothitelle|Gothitelle, M|52\/100\n|move|p1a: Juan Carlos I|Chilly Reception|p1a: Juan Carlos I\n|\n|t:|1701020667\n|switch|p1a: SmartFridge|Rotom-Frost, tera:Ghost|100\/100|[from] Chilly Reception\n|-damage|p1a: SmartFridge|88\/100|[from] Stealth Rock\n|\n|-weather|Snow|[upkeep]\n|-heal|p1a: SmartFridge|94\/100|[from] item: Leftovers\n|upkeep\n|turn|26\n|\n|t:|1701020712\n|switch|p2a: Clefable|Clefable, M|1\/100 brn\n|move|p1a: SmartFridge|Shadow Ball|p2a: Clefable\n|-damage|p2a: Clefable|0 fnt\n|faint|p2a: Clefable\n|\n|-weather|none\n|-heal|p1a: SmartFridge|100\/100|[from] item: Leftovers\n|upkeep\n|c| mimizukii|pipi :(\n|\n|t:|1701020736\n|switch|p2a: Ogerpon|Ogerpon-Hearthflame, F|100\/100\n|-ability|p2a: Ogerpon|Mold Breaker\n|turn|27\n|\n|t:|1701020758\n|switch|p1a: CHOMP|Garchomp, M|35\/100\n|-damage|p1a: CHOMP|29\/100|[from] Stealth Rock\n|move|p2a: Ogerpon|Trailblaze|p1a: CHOMP\n|-damage|p1a: CHOMP|2\/100\n|-boost|p2a: Ogerpon|spe|1\n|-damage|p2a: Ogerpon|88\/100|[from] ability: Rough Skin|[of] p1a: CHOMP\n|-damage|p2a: Ogerpon|72\/100|[from] item: Rocky Helmet|[of] p1a: CHOMP\n|\n|upkeep\n|turn|28\n|\n|t:|1701020775\n|move|p2a: Ogerpon|Trailblaze|p1a: CHOMP\n|-damage|p1a: CHOMP|0 fnt\n|-boost|p2a: Ogerpon|spe|1\n|-damage|p2a: Ogerpon|59\/100|[from] ability: Rough Skin|[of] p1a: CHOMP\n|-damage|p2a: Ogerpon|43\/100|[from] item: Rocky Helmet|[of] p1a: CHOMP\n|faint|p1a: CHOMP\n|\n|upkeep\n|\n|t:|1701020778\n|switch|p1a: SmartFridge|Rotom-Frost, tera:Ghost|100\/100\n|-damage|p1a: SmartFridge|88\/100|[from] Stealth Rock\n|turn|29\n|\n|t:|1701020784\n|move|p2a: Ogerpon|Wood Hammer|p1a: SmartFridge\n|-damage|p1a: SmartFridge|7\/100\n|-damage|p2a: Ogerpon|18\/100|[from] Recoil\n|move|p1a: SmartFridge|Shadow Ball|p2a: Ogerpon\n|-damage|p2a: Ogerpon|0 fnt\n|faint|p2a: Ogerpon\n|\n|-heal|p1a: SmartFridge|13\/100|[from] item: Leftovers\n|upkeep\n|c|\u260601jara123|Shit\n|\n|t:|1701020807\n|switch|p2a: Gothitelle|Gothitelle, M|52\/100\n|turn|30\n|\n|t:|1701020831\n|move|p2a: Gothitelle|Dark Pulse|p1a: SmartFridge\n|-supereffective|p1a: SmartFridge\n|-damage|p1a: SmartFridge|0 fnt\n|faint|p1a: SmartFridge\n|\n|upkeep\n|\n|t:|1701020837\n|switch|p1a: DougDimmadome|Weezing-Galar, F|39\/100\n|-ability|p1a: DougDimmadome|Neutralizing Gas\n|-damage|p1a: DougDimmadome|27\/100|[from] Stealth Rock\n|turn|31\n|j| Sppregaladog01\n|\n|t:|1701020850\n|switch|p2a: Gholdengo|Gholdengo|66\/100\n|move|p1a: DougDimmadome|Defog|p2a: Gholdengo\n|-unboost|p2a: Gholdengo|evasion|1\n|-sideend|p1: TheTrueTauboy|Stealth Rock|[from] move: Defog|[of] p1a: DougDimmadome\n|\n|-heal|p2a: Gholdengo|72\/100|[from] item: Leftovers\n|-heal|p1a: DougDimmadome|33\/100|[from] item: Leftovers\n|upkeep\n|turn|32\n|\n|t:|1701020875\n|move|p2a: Gholdengo|Shadow Ball|p1a: DougDimmadome\n|-damage|p1a: DougDimmadome|0 fnt\n|faint|p1a: DougDimmadome\n|-end|p1a: DougDimmadome|ability: Neutralizing Gas\n|\n|-heal|p2a: Gholdengo|78\/100|[from] item: Leftovers\n|upkeep\n|\n|t:|1701020880\n|switch|p1a: Bird Person|Tornadus-Therian, M|55\/100\n|turn|33\n|\n|t:|1701020903\n|move|p1a: Bird Person|U-turn|p2a: Gholdengo\n|-resisted|p2a: Gholdengo\n|-damage|p2a: Gholdengo|75\/100\n|\n|t:|1701020905\n|switch|p1a: Juan Carlos I|Slowking, F|100\/100|[from] U-turn\n|move|p2a: Gholdengo|Make It Rain|p1a: Juan Carlos I\n|-resisted|p1a: Juan Carlos I\n|-damage|p1a: Juan Carlos I|80\/100\n|-unboost|p2a: Gholdengo|spa|1\n|\n|-heal|p2a: Gholdengo|81\/100|[from] item: Leftovers\n|-heal|p1a: Juan Carlos I|87\/100|[from] item: Leftovers\n|upkeep\n|turn|34\n|\n|t:|1701020929\n|switch|p2a: Gliscor|Gliscor, F|74\/100 tox\n|move|p1a: Juan Carlos I|Scald|p2a: Gliscor\n|-supereffective|p2a: Gliscor\n|-damage|p2a: Gliscor|10\/100 tox\n|\n|-heal|p1a: Juan Carlos I|93\/100|[from] item: Leftovers\n|-heal|p2a: Gliscor|22\/100 tox|[from] ability: Poison Heal\n|upkeep\n|turn|35\n|\n|t:|1701020946\n|switch|p1a: Bird Person|Tornadus-Therian, M|88\/100\n|move|p2a: Gliscor|Earthquake|p1a: Bird Person\n|-immune|p1a: Bird Person\n|\n|-heal|p2a: Gliscor|35\/100 tox|[from] ability: Poison Heal\n|upkeep\n|turn|36\n|l| Sppregaladog01\n|\n|t:|1701020963\n|move|p1a: Bird Person|Bleakwind Storm|p2a: Gliscor\n|-damage|p2a: Gliscor|0 fnt\n|faint|p2a: Gliscor\n|\n|upkeep\n|j| Sppregaladog01\n|\n|t:|1701021000\n|switch|p2a: Gholdengo|Gholdengo|81\/100\n|turn|37\n|\n|t:|1701021019\n|move|p1a: Bird Person|Heat Wave|p2a: Gholdengo\n|-supereffective|p2a: Gholdengo\n|-damage|p2a: Gholdengo|23\/100\n|move|p2a: Gholdengo|Thunder Wave|p1a: Bird Person\n|-status|p1a: Bird Person|par\n|\n|-heal|p2a: Gholdengo|29\/100|[from] item: Leftovers\n|upkeep\n|turn|38\n|\n|t:|1701021026\n|move|p2a: Gholdengo|Recover|p2a: Gholdengo\n|-heal|p2a: Gholdengo|80\/100\n|move|p1a: Bird Person|Heat Wave|p2a: Gholdengo|[miss]\n|-miss|p1a: Bird Person|p2a: Gholdengo\n|\n|-heal|p2a: Gholdengo|86\/100|[from] item: Leftovers\n|upkeep\n|turn|39\n|\n|t:|1701021034\n|move|p2a: Gholdengo|Shadow Ball|p1a: Bird Person\n|-damage|p1a: Bird Person|29\/100 par\n|cant|p1a: Bird Person|par\n|\n|-heal|p2a: Gholdengo|92\/100|[from] item: Leftovers\n|upkeep\n|turn|40\n|\n|t:|1701021042\n|move|p2a: Gholdengo|Shadow Ball|p1a: Bird Person\n|-damage|p1a: Bird Person|0 fnt\n|faint|p1a: Bird Person\n|\n|-heal|p2a: Gholdengo|98\/100|[from] item: Leftovers\n|upkeep\n|\n|t:|1701021043\n|switch|p1a: Juan Carlos I|Slowking, F|100\/100\n|turn|41\n|c|\u2606TheTrueTauboy|gg wp\n|c|\u260601jara123|Mi plan era spamear recover hasta que fallaras\n|c|\u260601jara123|gg\n|\n|t:|1701021059\n|move|p2a: Gholdengo|Shadow Ball|p1a: Juan Carlos I\n|-supereffective|p1a: Juan Carlos I\n|-damage|p1a: Juan Carlos I|44\/100\n|move|p1a: Juan Carlos I|Flamethrower|p2a: Gholdengo\n|-supereffective|p2a: Gholdengo\n|-damage|p2a: Gholdengo|52\/100\n|\n|-heal|p2a: Gholdengo|58\/100|[from] item: Leftovers\n|-heal|p1a: Juan Carlos I|50\/100|[from] item: Leftovers\n|upkeep\n|turn|42\n|c|\u2606TheTrueTauboy|tenia q haber clicado nasty\n|c|\u2606TheTrueTauboy|y luego no full para\n|\n|t:|1701021075\n|move|p2a: Gholdengo|Shadow Ball|p1a: Juan Carlos I\n|-supereffective|p1a: Juan Carlos I\n|-damage|p1a: Juan Carlos I|0 fnt\n|faint|p1a: Juan Carlos I\n|\n|win|01jara123\n|c|\u260601jara123|Que objeto llevaba el tornadus?\n|c|\u260601jara123|Era riscky\n|c|\u2606TheTrueTauboy|sharp beak\n|l| Red Krow\n|c|\u260601jara123|Pero te estaba saliendo bien\n|c|\u260601jara123|Tiene sentido\n|c|\u260601jara123|GG\n|l|\u2606TheTrueTauboy\n|c|\u260601jara123|Modest adem\u00e1s\n|l| mimizukii\n|l| LeunamTG\n","uploadtime":1701021092,"views":37,"p1id":"thetruetauboy","p2id":"01jara123","formatid":"gen9anythinggoes","rating":0,"private":0,"password":""}