{"id":"gen9anythinggoes-1982235353","p1":"patddontpee","p2":"bigeg04","format":"[Gen 9] Anything Goes","log":"|j|\u2606patddontpee\n|j|\u2606bigeg04\n|t:|1698982565\n|gametype|singles\n|player|p1|patddontpee|leon-masters|\n|player|p2|bigeg04|266|\n|teamsize|p1|6\n|teamsize|p2|6\n|gen|9\n|tier|[Gen 9] Anything Goes\n|rule|HP Percentage Mod: HP is shown in percentages\n|rule|Endless Battle Clause: Forcing endless battles is banned\n|clearpoke\n|poke|p1|Typhlosion-Hisui, M|\n|poke|p1|Enamorus-Therian, F|\n|poke|p1|Hydreigon, F|\n|poke|p1|Lycanroc-Dusk, F|\n|poke|p1|Iron Treads|\n|poke|p1|Dondozo, F|\n|poke|p2|Typhlosion, M|\n|poke|p2|Gardevoir, F|\n|poke|p2|Garchomp, F|\n|poke|p2|Scizor, F|\n|poke|p2|Eiscue, F|\n|poke|p2|Rotom-Mow|\n|teampreview\n|\n|t:|1698982571\n|start\n|switch|p1a: Malos|Hydreigon, F|100\/100\n|switch|p2a: Rotom|Rotom-Mow|100\/100\n|turn|1\n|\n|t:|1698982576\n|move|p1a: Malos|U-turn|p2a: Rotom\n|-supereffective|p2a: Rotom\n|-damage|p2a: Rotom|67\/100\n|j| 50UP\n|\n|t:|1698982581\n|switch|p1a: Metal Face|Iron Treads, shiny|100\/100|[from] U-turn\n|move|p2a: Rotom|Will-O-Wisp|p1a: Metal Face\n|-status|p1a: Metal Face|brn\n|\n|-heal|p2a: Rotom|73\/100|[from] item: Leftovers\n|-damage|p1a: Metal Face|94\/100 brn|[from] brn\n|upkeep\n|turn|2\n|\n|t:|1698982591\n|move|p1a: Metal Face|Stealth Rock|p2a: Rotom\n|-sidestart|p2: bigeg04|move: Stealth Rock\n|move|p2a: Rotom|Volt Switch|p1a: Metal Face\n|-immune|p1a: Metal Face\n|\n|-heal|p2a: Rotom|79\/100|[from] item: Leftovers\n|-damage|p1a: Metal Face|88\/100 brn|[from] brn\n|upkeep\n|turn|3\n|\n|t:|1698982619\n|-end|p1a: Metal Face|Quark Drive|[silent]\n|switch|p1a: Malos|Hydreigon, F|100\/100\n|switch|p2a: Scizor|Scizor, F|100\/100\n|\n|upkeep\n|turn|4\n|\n|t:|1698982649\n|move|p2a: Scizor|Bullet Punch|p1a: Malos\n|-damage|p1a: Malos|63\/100\n|move|p1a: Malos|U-turn|p2a: Scizor\n|-resisted|p2a: Scizor\n|-damage|p2a: Scizor|93\/100\n|\n|t:|1698982664\n|switch|p1a: Pyra|Typhlosion-Hisui, M, shiny|100\/100|[from] U-turn\n|-item|p2a: Scizor|Heavy-Duty Boots|[from] ability: Frisk|[of] p1a: Pyra|[identify]\n|\n|upkeep\n|turn|5\n|\n|t:|1698982700\n|switch|p2a: Garchomp|Garchomp, F|100\/100\n|-damage|p2a: Garchomp|94\/100|[from] Stealth Rock\n|move|p1a: Pyra|Shadow Ball|p2a: Garchomp\n|-damage|p2a: Garchomp|46\/100\n|\n|upkeep\n|turn|6\n|\n|t:|1698982734\n|switch|p1a: Gramps|Dondozo, F|100\/100\n|move|p2a: Garchomp|Stealth Rock|p1a: Gramps\n|-sidestart|p1: patddontpee|move: Stealth Rock\n|\n|upkeep\n|turn|7\n|\n|t:|1698982756\n|move|p2a: Garchomp|Spikes|p1a: Gramps\n|-sidestart|p1: patddontpee|Spikes\n|move|p1a: Gramps|Avalanche|p2a: Garchomp\n|-supereffective|p2a: Garchomp\n|-damage|p2a: Garchomp|1\/100\n|-damage|p1a: Gramps|88\/100|[from] ability: Rough Skin|[of] p2a: Garchomp\n|-damage|p1a: Gramps|71\/100|[from] item: Rocky Helmet|[of] p2a: Garchomp\n|\n|upkeep\n|turn|8\n|\n|t:|1698982779\n|switch|p1a: Metal Face|Iron Treads, shiny|88\/100 brn\n|-damage|p1a: Metal Face|85\/100 brn|[from] Stealth Rock\n|-damage|p1a: Metal Face|72\/100 brn|[from] Spikes\n|move|p2a: Garchomp|Spikes|p1a: Metal Face\n|-sidestart|p1: patddontpee|Spikes\n|\n|-damage|p1a: Metal Face|66\/100 brn|[from] brn\n|upkeep\n|turn|9\n|\n|t:|1698982809\n|move|p1a: Metal Face|Rapid Spin|p2a: Garchomp\n|-damage|p2a: Garchomp|0 fnt\n|-boost|p1a: Metal Face|spe|1\n|-damage|p1a: Metal Face|54\/100 brn|[from] ability: Rough Skin|[of] p2a: Garchomp\n|-damage|p1a: Metal Face|37\/100 brn|[from] item: Rocky Helmet|[of] p2a: Garchomp\n|-sideend|p1: patddontpee|Spikes|[from] move: Rapid Spin|[of] p1a: Metal Face\n|-sideend|p1: patddontpee|Stealth Rock|[from] move: Rapid Spin|[of] p1a: Metal Face\n|faint|p2a: Garchomp\n|\n|-damage|p1a: Metal Face|31\/100 brn|[from] brn\n|upkeep\n|\n|t:|1698982875\n|switch|p2a: Rotom|Rotom-Mow|79\/100\n|-damage|p2a: Rotom|67\/100|[from] Stealth Rock\n|turn|10\n|\n|t:|1698982888\n|-end|p1a: Metal Face|Quark Drive|[silent]\n|switch|p1a: Malos|Hydreigon, F|63\/100\n|move|p2a: Rotom|Leaf Storm|p1a: Malos\n|-resisted|p1a: Malos\n|-damage|p1a: Malos|38\/100\n|-unboost|p2a: Rotom|spa|2\n|\n|-heal|p2a: Rotom|73\/100|[from] item: Leftovers\n|upkeep\n|turn|11\n|\n|t:|1698982915\n|move|p1a: Malos|U-turn|p2a: Rotom\n|-supereffective|p2a: Rotom\n|-damage|p2a: Rotom|39\/100\n|\n|t:|1698982927\n|switch|p1a: Pyra|Typhlosion-Hisui, M, shiny|100\/100|[from] U-turn\n|-item|p2a: Rotom|Leftovers|[from] ability: Frisk|[of] p1a: Pyra|[identify]\n|move|p2a: Rotom|Will-O-Wisp|p1a: Pyra|[miss]\n|-miss|p2a: Rotom|p1a: Pyra\n|\n|-heal|p2a: Rotom|45\/100|[from] item: Leftovers\n|upkeep\n|turn|12\n|\n|t:|1698983001\n|switch|p2a: Typhlosion|Typhlosion, M|100\/100\n|-damage|p2a: Typhlosion|76\/100|[from] Stealth Rock\n|move|p1a: Pyra|Shadow Ball|p2a: Typhlosion\n|-damage|p2a: Typhlosion|0 fnt\n|faint|p2a: Typhlosion\n|\n|upkeep\n|\n|t:|1698983016\n|switch|p2a: Scizor|Scizor, F|93\/100\n|turn|13\n|\n|t:|1698983116\n|switch|p1a: Metal Face|Iron Treads, shiny|31\/100 brn\n|move|p2a: Scizor|Knock Off|p1a: Metal Face\n|-damage|p1a: Metal Face|2\/100 brn\n|-damage|p2a: Scizor|77\/100|[from] item: Rocky Helmet|[of] p1a: Metal Face\n|-enditem|p1a: Metal Face|Rocky Helmet|[from] move: Knock Off|[of] p2a: Scizor\n|\n|-damage|p1a: Metal Face|0 fnt|[from] brn\n|faint|p1a: Metal Face\n|-end|p1a: Metal Face|Quark Drive|[silent]\n|upkeep\n|\n|t:|1698983131\n|switch|p1a: Pyra|Typhlosion-Hisui, M, shiny|100\/100\n|-item|p2a: Scizor|Heavy-Duty Boots|[from] ability: Frisk|[of] p1a: Pyra|[identify]\n|turn|14\n|\n|t:|1698983143\n|move|p1a: Pyra|Flamethrower|p2a: Scizor\n|-supereffective|p2a: Scizor\n|-damage|p2a: Scizor|0 fnt\n|faint|p2a: Scizor\n|\n|upkeep\n|\n|t:|1698983161\n|switch|p2a: Eiscue|Eiscue, F|100\/100\n|-damage|p2a: Eiscue|76\/100|[from] Stealth Rock\n|turn|15\n|\n|t:|1698983175\n|-terastallize|p2a: Eiscue|Ground\n|move|p1a: Pyra|Flamethrower|p2a: Eiscue\n|-damage|p2a: Eiscue|0 fnt\n|faint|p2a: Eiscue\n|\n|upkeep\n|\n|t:|1698983186\n|switch|p2a: Rotom|Rotom-Mow|45\/100\n|-damage|p2a: Rotom|33\/100|[from] Stealth Rock\n|turn|16\n|\n|t:|1698983192\n|move|p2a: Rotom|Protect|p2a: Rotom\n|-singleturn|p2a: Rotom|Protect\n|move|p1a: Pyra|Flamethrower|p2a: Rotom\n|-activate|p2a: Rotom|move: Protect\n|\n|-heal|p2a: Rotom|39\/100|[from] item: Leftovers\n|upkeep\n|turn|17\n|\n|t:|1698983206\n|move|p1a: Pyra|Flamethrower|p2a: Rotom\n|-supereffective|p2a: Rotom\n|-damage|p2a: Rotom|0 fnt\n|faint|p2a: Rotom\n|\n|upkeep\n|\n|t:|1698983211\n|switch|p2a: Gardevoir|Gardevoir, F|100\/100\n|-damage|p2a: Gardevoir|88\/100|[from] Stealth Rock\n|-item|p1a: Pyra|Choice Specs|[from] ability: Frisk|[of] p2a: Gardevoir|[identify]\n|-ability|p2a: Gardevoir|Frisk|[from] ability: Trace|[of] p1a: Pyra\n|turn|18\n|\n|t:|1698983237\n|move|p1a: Pyra|Flamethrower|p2a: Gardevoir\n|-damage|p2a: Gardevoir|19\/100\n|move|p2a: Gardevoir|Shadow Ball|p1a: Pyra\n|-supereffective|p1a: Pyra\n|-damage|p1a: Pyra|0 fnt\n|faint|p1a: Pyra\n|-damage|p2a: Gardevoir|9\/100|[from] item: Life Orb\n|\n|upkeep\n|\n|t:|1698983262\n|switch|p1a: Malos|Hydreigon, F|38\/100\n|turn|19\n|\n|t:|1698983266\n|move|p1a: Malos|Flash Cannon|p2a: Gardevoir\n|-supereffective|p2a: Gardevoir\n|-damage|p2a: Gardevoir|0 fnt\n|faint|p2a: Gardevoir\n|\n|win|patddontpee\n|c|\u2606patddontpee|gg\n","uploadtime":1698983287,"views":11,"p1id":"patddontpee","p2id":"bigeg04","formatid":"gen9anythinggoes","rating":0,"private":0,"password":""}