{"id":"gen9anythinggoes-1988585754","p1":"JebobaTea","p2":"Dumbfudge","format":"[Gen 9] Anything Goes","log":"|j|\u2606JebobaTea\n|j|\u2606Dumbfudge\n|t:|1699738952\n|gametype|singles\n|player|p1|JebobaTea|hugh|1327\n|player|p2|Dumbfudge|blackbelt-gen4dp|1261\n|teamsize|p1|6\n|teamsize|p2|6\n|gen|9\n|tier|[Gen 9] Anything Goes\n|rated|\n|rule|HP Percentage Mod: HP is shown in percentages\n|rule|Endless Battle Clause: Forcing endless battles is banned\n|clearpoke\n|poke|p1|Grimmsnarl, M|\n|poke|p1|Ditto|\n|poke|p1|Toxapex, F|\n|poke|p1|Corviknight, F|\n|poke|p1|Calyrex-Shadow|\n|poke|p1|Gholdengo|\n|poke|p2|Espathra, M|\n|poke|p2|Shaymin-Sky|\n|poke|p2|Zacian-*|\n|poke|p2|Breloom, F|\n|poke|p2|Diancie|\n|poke|p2|Cryogonal|\n|teampreview\n|inactive|Battle timer is ON: inactive players will automatically lose when time's up. (requested by Dumbfudge)\n|\n|t:|1699738967\n|start\n|switch|p1a: big scary|Grimmsnarl, M|100\/100\n|switch|p2a: Cushing|Diancie|100\/100\n|turn|1\n|\n|t:|1699738982\n|move|p1a: big scary|Taunt|p2a: Cushing\n|-start|p2a: Cushing|move: Taunt\n|cant|p2a: Cushing|move: Taunt|Spikes\n|\n|upkeep\n|turn|2\n|\n|t:|1699738997\n|switch|p2a: Whooping cough|Zacian-Crowned|100\/100\n|-ability|p2a: Whooping cough|Intrepid Sword|boost\n|-boost|p2a: Whooping cough|atk|1\n|move|p1a: big scary|Light Screen|p1a: big scary\n|-sidestart|p1: JebobaTea|move: Light Screen\n|\n|upkeep\n|turn|3\n|\n|t:|1699739009\n|-terastallize|p2a: Whooping cough|Steel\n|move|p1a: big scary|Reflect|p1a: big scary\n|-sidestart|p1: JebobaTea|Reflect\n|move|p2a: Whooping cough|Behemoth Blade|p1a: big scary\n|-supereffective|p1a: big scary\n|-damage|p1a: big scary|6\/100\n|\n|upkeep\n|turn|4\n|inactive|JebobaTea has 120 seconds left.\n|\n|t:|1699739039\n|switch|p1a: yes|Toxapex, F|100\/100\n|move|p2a: Whooping cough|Quick Attack|p1a: yes\n|-damage|p1a: yes|94\/100\n|-damage|p2a: Whooping cough|84\/100|[from] item: Rocky Helmet|[of] p1a: yes\n|\n|upkeep\n|turn|5\n|\n|t:|1699739050\n|switch|p2a: Cushing|Diancie|100\/100\n|move|p1a: yes|Haze|p1a: yes\n|-clearallboost\n|\n|upkeep\n|turn|6\n|\n|t:|1699739064\n|move|p2a: Cushing|Spikes|p1a: yes\n|-sidestart|p1: JebobaTea|Spikes\n|move|p1a: yes|Toxic Spikes|p2a: Cushing\n|-sidestart|p2: Dumbfudge|move: Toxic Spikes\n|\n|upkeep\n|turn|7\n|\n|t:|1699739078\n|move|p2a: Cushing|Spikes|p1a: yes\n|-sidestart|p1: JebobaTea|Spikes\n|move|p1a: yes|Toxic Spikes|p2a: Cushing\n|-sidestart|p2: Dumbfudge|move: Toxic Spikes\n|\n|upkeep\n|turn|8\n|\n|t:|1699739083\n|switch|p1a: watermelon|Corviknight, F|100\/100\n|-ability|p1a: watermelon|Pressure\n|move|p2a: Cushing|Spikes|p1a: watermelon\n|-sidestart|p1: JebobaTea|Spikes\n|\n|upkeep\n|turn|9\n|\n|t:|1699739101\n|move|p2a: Cushing|Stealth Rock|p1a: watermelon\n|-sidestart|p1: JebobaTea|move: Stealth Rock\n|move|p1a: watermelon|Iron Head|p2a: Cushing\n|-supereffective|p2a: Cushing\n|-damage|p2a: Cushing|21\/100\n|\n|-heal|p2a: Cushing|27\/100|[from] item: Leftovers\n|-sideend|p1: JebobaTea|move: Light Screen\n|upkeep\n|turn|10\n|\n|t:|1699739111\n|move|p2a: Cushing|Iron Defense|p2a: Cushing\n|-boost|p2a: Cushing|def|2\n|move|p1a: watermelon|Iron Head|p2a: Cushing\n|-supereffective|p2a: Cushing\n|-crit|p2a: Cushing\n|-damage|p2a: Cushing|0 fnt\n|faint|p2a: Cushing\n|\n|-sideend|p1: JebobaTea|Reflect\n|upkeep\n|\n|t:|1699739128\n|switch|p2a: Chickenpox|Espathra, M|100\/100\n|-status|p2a: Chickenpox|tox\n|turn|11\n|\n|t:|1699739141\n|move|p2a: Chickenpox|Substitute|p2a: Chickenpox\n|-start|p2a: Chickenpox|Substitute\n|-damage|p2a: Chickenpox|76\/100 tox\n|move|p1a: watermelon|Defog|p2a: Chickenpox\n|-sideend|p2: Dumbfudge|Toxic Spikes|[from] move: Defog|[of] p1a: watermelon\n|-sideend|p1: JebobaTea|Spikes|[from] move: Defog|[of] p1a: watermelon\n|-sideend|p1: JebobaTea|Stealth Rock|[from] move: Defog|[of] p1a: watermelon\n|\n|-damage|p2a: Chickenpox|70\/100 tox|[from] psn\n|-ability|p2a: Chickenpox|Speed Boost|boost\n|-boost|p2a: Chickenpox|spe|1\n|upkeep\n|turn|12\n|\n|t:|1699739154\n|switch|p1a: yes|Toxapex, F|100\/100\n|move|p2a: Chickenpox|Protect||[still]\n|-fail|p2a: Chickenpox\n|\n|-damage|p2a: Chickenpox|57\/100 tox|[from] psn\n|-ability|p2a: Chickenpox|Speed Boost|boost\n|-boost|p2a: Chickenpox|spe|1\n|upkeep\n|turn|13\n|\n|t:|1699739163\n|move|p2a: Chickenpox|Baton Pass|p2a: Chickenpox\n|\n|t:|1699739165\n|switch|p2a: Flat out AIDS|Breloom, F|100\/100|[from] Baton Pass\n|move|p1a: yes|Haze|p1a: yes\n|-clearallboost\n|\n|-status|p2a: Flat out AIDS|tox|[from] item: Toxic Orb\n|upkeep\n|turn|14\n|c|\u2606JebobaTea|i approve of the names\n|\n|t:|1699739180\n|move|p1a: yes|Baneful Bunker|p1a: yes\n|-singleturn|p1a: yes|move: Protect\n|move|p2a: Flat out AIDS|Spore|p1a: yes\n|-activate|p1a: yes|move: Protect\n|\n|upkeep\n|turn|15\n|\n|t:|1699739191\n|switch|p1a: weird thing|Gholdengo|100\/100\n|move|p2a: Flat out AIDS|Spore|p1a: weird thing\n|-immune|p1a: weird thing|[from] ability: Good as Gold\n|\n|upkeep\n|turn|16\n|\n|t:|1699739201\n|move|p1a: weird thing|Nasty Plot|p1a: weird thing\n|-boost|p1a: weird thing|spa|2\n|move|p2a: Flat out AIDS|Zen Headbutt|p1a: weird thing\n|-resisted|p1a: weird thing\n|-damage|p1a: weird thing|87\/100\n|\n|upkeep\n|turn|17\n|\n|t:|1699739211\n|move|p1a: weird thing|Shadow Ball|p2a: Flat out AIDS\n|-end|p2a: Flat out AIDS|Substitute\n|move|p2a: Flat out AIDS|Zen Headbutt|p1a: weird thing\n|-resisted|p1a: weird thing\n|-damage|p1a: weird thing|74\/100\n|\n|upkeep\n|turn|18\n|\n|t:|1699739219\n|move|p1a: weird thing|Shadow Ball|p2a: Flat out AIDS\n|-damage|p2a: Flat out AIDS|0 fnt\n|faint|p2a: Flat out AIDS\n|\n|upkeep\n|\n|t:|1699739231\n|switch|p2a: Dry eye|Cryogonal|100\/100\n|turn|19\n|c|\u2606JebobaTea|10\/10 name\n|\n|t:|1699739246\n|move|p2a: Dry eye|Explosion|p1a: weird thing\n|-immune|p1a: weird thing\n|faint|p2a: Dry eye\n|move|p1a: weird thing|Make It Rain|p2: Dry eye|[notarget]\n|-fail|p1a: weird thing\n|\n|upkeep\n|\n|t:|1699739257\n|switch|p2a: Whooping cough|Zacian-Crowned, tera:Steel|84\/100\n|turn|20\n|inactive|JebobaTea has 120 seconds left.\n|\n|t:|1699739291\n|move|p2a: Whooping cough|Behemoth Blade|p1a: weird thing\n|-resisted|p1a: weird thing\n|-damage|p1a: weird thing|30\/100\n|move|p1a: weird thing|Shadow Ball|p2a: Whooping cough\n|-damage|p2a: Whooping cough|3\/100\n|\n|upkeep\n|turn|21\n|inactive|JebobaTea has 120 seconds left.\n|\n|t:|1699739316\n|move|p2a: Whooping cough|Behemoth Blade|p1a: weird thing\n|-resisted|p1a: weird thing\n|-damage|p1a: weird thing|0 fnt\n|faint|p1a: weird thing\n|\n|upkeep\n|\n|t:|1699739335\n|switch|p1a: yes|Toxapex, F|100\/100\n|turn|22\n|c|\u2606Dumbfudge|Gg\n|c|\u2606Dumbfudge|Gl\n|c|\u2606JebobaTea|gg\n|-message|Dumbfudge forfeited.\n|\n|win|JebobaTea\n|raw|JebobaTea's rating: 1327 &rarr; <strong>1343<\/strong><br \/>(+16 for winning)\n|raw|Dumbfudge's rating: 1261 &rarr; <strong>1241<\/strong><br \/>(-20 for losing)\n|l|\u2606Dumbfudge\n","uploadtime":1699739428,"views":5,"p1id":"jebobatea","p2id":"dumbfudge","formatid":"gen9anythinggoes","rating":1241,"private":0,"password":""}