{"id":"gen9anythinggoes-1983554753","p1":"Atomina","p2":"Bakitaladelbarrio","format":"[Gen 9] Anything Goes","log":"|j|\u2606Atomina\n|j|\u2606Bakitaladelbarrio\n|t:|1699142851\n|gametype|singles\n|player|p1|Atomina|burglar|1356\n|player|p2|Bakitaladelbarrio|colress|1507\n|teamsize|p1|6\n|teamsize|p2|6\n|gen|9\n|tier|[Gen 9] Anything Goes\n|rated|\n|rule|HP Percentage Mod: HP is shown in percentages\n|rule|Endless Battle Clause: Forcing endless battles is banned\n|clearpoke\n|poke|p1|Glimmora, F|\n|poke|p1|Urshifu-*, F|\n|poke|p1|Corviknight, F|\n|poke|p1|Iron Leaves|\n|poke|p1|Miraidon|\n|poke|p1|Koraidon|\n|poke|p2|Calyrex-Shadow|\n|poke|p2|Darkrai|\n|poke|p2|Ditto|\n|poke|p2|Zacian-*|\n|poke|p2|Miraidon|\n|poke|p2|Glimmora, M|\n|teampreview\n|inactive|Battle timer is ON: inactive players will automatically lose when time's up. (requested by Atomina)\n|\n|t:|1699142867\n|start\n|switch|p1a: Glimmora|Glimmora, F, shiny|100\/100\n|switch|p2a: Glimmora|Glimmora, M|100\/100\n|turn|1\n|\n|t:|1699142873\n|move|p1a: Glimmora|Earth Power|p2a: Glimmora\n|-supereffective|p2a: Glimmora\n|-enditem|p2a: Glimmora|Focus Sash\n|-damage|p2a: Glimmora|1\/100\n|move|p2a: Glimmora|Earth Power|p1a: Glimmora\n|-supereffective|p1a: Glimmora\n|-enditem|p1a: Glimmora|Focus Sash\n|-damage|p1a: Glimmora|1\/100\n|\n|upkeep\n|turn|2\n|\n|t:|1699142883\n|move|p2a: Glimmora|Earth Power|p1a: Glimmora\n|-supereffective|p1a: Glimmora\n|-damage|p1a: Glimmora|0 fnt\n|faint|p1a: Glimmora\n|\n|upkeep\n|\n|t:|1699142899\n|switch|p1a: Iron Leaves|Iron Leaves|100\/100\n|turn|3\n|\n|t:|1699142906\n|move|p1a: Iron Leaves|Psyblade|p2a: Glimmora\n|-supereffective|p2a: Glimmora\n|-crit|p2a: Glimmora\n|-damage|p2a: Glimmora|0 fnt\n|-activate|p2a: Glimmora|ability: Toxic Debris\n|-sidestart|p1: Atomina|move: Toxic Spikes\n|faint|p2a: Glimmora\n|-damage|p1a: Iron Leaves|91\/100|[from] item: Life Orb\n|\n|upkeep\n|\n|t:|1699142914\n|switch|p2a: Darkrai|Darkrai|100\/100\n|turn|4\n|\n|t:|1699142920\n|move|p2a: Darkrai|Hypnosis|p1a: Iron Leaves|[miss]\n|-miss|p2a: Darkrai|p1a: Iron Leaves\n|move|p1a: Iron Leaves|Leaf Blade|p2a: Darkrai\n|-damage|p2a: Darkrai|22\/100\n|-damage|p1a: Iron Leaves|81\/100|[from] item: Life Orb\n|\n|upkeep\n|turn|5\n|\n|t:|1699142928\n|move|p2a: Darkrai|Hypnosis|p1a: Iron Leaves\n|-status|p1a: Iron Leaves|slp|[from] move: Hypnosis\n|cant|p1a: Iron Leaves|slp\n|\n|-damage|p1a: Iron Leaves|68\/100 slp|[from] ability: Bad Dreams|[of] p2a: Darkrai\n|upkeep\n|turn|6\n|\n|t:|1699142936\n|move|p2a: Darkrai|Dark Pulse|p1a: Iron Leaves\n|-supereffective|p1a: Iron Leaves\n|-damage|p1a: Iron Leaves|0 fnt\n|faint|p1a: Iron Leaves\n|-end|p1a: Iron Leaves|Quark Drive|[silent]\n|\n|upkeep\n|\n|t:|1699142941\n|switch|p1a: Miraidon|Miraidon|100\/100\n|-status|p1a: Miraidon|psn\n|-fieldstart|move: Electric Terrain|[from] ability: Hadron Engine|[of] p1a: Miraidon\n|turn|7\n|\n|t:|1699142950\n|move|p1a: Miraidon|Electro Drift|p2a: Darkrai\n|-damage|p2a: Darkrai|0 fnt\n|faint|p2a: Darkrai\n|-damage|p1a: Miraidon|91\/100 psn|[from] item: Life Orb\n|\n|-damage|p1a: Miraidon|78\/100 psn|[from] psn\n|upkeep\n|\n|t:|1699142960\n|switch|p2a: Miraidon|Miraidon|100\/100\n|-activate|p2a: Miraidon|ability: Hadron Engine\n|turn|8\n|\n|t:|1699142969\n|move|p2a: Miraidon|Volt Switch|p1a: Miraidon\n|-resisted|p1a: Miraidon\n|-damage|p1a: Miraidon|64\/100 psn\n|\n|t:|1699142973\n|switch|p2a: Zacian|Zacian-Crowned|100\/100|[from] Volt Switch\n|-ability|p2a: Zacian|Intrepid Sword|boost\n|-boost|p2a: Zacian|atk|1\n|move|p1a: Miraidon|Draco Meteor|p2a: Zacian\n|-immune|p2a: Zacian\n|\n|-damage|p1a: Miraidon|52\/100 psn|[from] psn\n|upkeep\n|turn|9\n|\n|t:|1699142984\n|move|p2a: Zacian|Swords Dance|p2a: Zacian\n|-boost|p2a: Zacian|atk|2\n|move|p1a: Miraidon|Overheat|p2a: Zacian\n|-supereffective|p2a: Zacian\n|-damage|p2a: Zacian|0 fnt\n|-unboost|p1a: Miraidon|spa|2\n|faint|p2a: Zacian\n|-damage|p1a: Miraidon|42\/100 psn|[from] item: Life Orb\n|\n|-damage|p1a: Miraidon|30\/100 psn|[from] psn\n|upkeep\n|\n|t:|1699142998\n|switch|p2a: Calyrex|Calyrex-Shadow|100\/100\n|-ability|p2a: Calyrex|As One\n|-ability|p2a: Calyrex|Unnerve\n|turn|10\n|\n|t:|1699143004\n|move|p2a: Calyrex|Astral Barrage|p1a: Miraidon\n|-damage|p1a: Miraidon|0 fnt\n|faint|p1a: Miraidon\n|-ability|p2a: Calyrex|Grim Neigh|boost\n|-boost|p2a: Calyrex|spa|1\n|\n|upkeep\n|\n|t:|1699143020\n|switch|p1a: Koraidon|Koraidon|100\/100\n|-status|p1a: Koraidon|psn\n|-weather|SunnyDay|[from] ability: Orichalcum Pulse|[of] p1a: Koraidon\n|-activate|p1a: Koraidon|Orichalcum Pulse|[source]\n|turn|11\n|\n|t:|1699143027\n|move|p2a: Calyrex|Astral Barrage|p1a: Koraidon\n|-damage|p1a: Koraidon|0 fnt\n|faint|p1a: Koraidon\n|-ability|p2a: Calyrex|Grim Neigh|boost\n|-boost|p2a: Calyrex|spa|1\n|\n|-weather|SunnyDay|[upkeep]\n|-fieldend|move: Electric Terrain\n|upkeep\n|\n|t:|1699143030\n|switch|p1a: Corviknight|Corviknight, F, shiny|100\/100\n|-ability|p1a: Corviknight|Pressure\n|turn|12\n|\n|t:|1699143042\n|move|p2a: Calyrex|Astral Barrage|p1a: Corviknight\n|-damage|p1a: Corviknight|0 fnt\n|faint|p1a: Corviknight\n|-ability|p2a: Calyrex|Grim Neigh|boost\n|-boost|p2a: Calyrex|spa|1\n|\n|-weather|SunnyDay|[upkeep]\n|upkeep\n|\n|t:|1699143046\n|switch|p1a: Urshifu|Urshifu-Rapid-Strike, F|100\/100\n|-status|p1a: Urshifu|psn\n|turn|13\n|\n|t:|1699143054\n|move|p2a: Calyrex|Energy Ball|p1a: Urshifu\n|-supereffective|p1a: Urshifu\n|-damage|p1a: Urshifu|0 fnt\n|faint|p1a: Urshifu\n|\n|win|Bakitaladelbarrio\n|raw|Atomina's rating: 1356 &rarr; <strong>1344<\/strong><br \/>(-12 for losing)\n|raw|Bakitaladelbarrio's rating: 1507 &rarr; <strong>1519<\/strong><br \/>(+12 for winning)\n|l|\u2606Atomina\n","uploadtime":1699143061,"views":4,"p1id":"atomina","p2id":"bakitaladelbarrio","formatid":"gen9anythinggoes","rating":1344,"private":0,"password":""}