{"id":"gen9anythinggoes-1972325333","p1":"kingokp","p2":"ThornDaSatyr","format":"[Gen 9] Anything Goes","log":"|j|\u2606kingokp\n|j|\u2606ThornDaSatyr\n|t:|1697831534\n|gametype|singles\n|player|p1|kingokp|aetherfoundation|1196\n|player|p2|ThornDaSatyr|harlequin|1170\n|teamsize|p1|6\n|teamsize|p2|6\n|gen|9\n|tier|[Gen 9] Anything Goes\n|rated|\n|rule|HP Percentage Mod: HP is shown in percentages\n|rule|Endless Battle Clause: Forcing endless battles is banned\n|clearpoke\n|poke|p1|Krookodile, F|\n|poke|p1|Krookodile, M|\n|poke|p1|Orthworm, F|\n|poke|p1|Zapdos|\n|poke|p1|Iron Bundle|\n|poke|p1|Azumarill, F|\n|poke|p2|Chien-Pao|\n|poke|p2|Overqwil, F|\n|poke|p2|Arcanine-Hisui, M|\n|poke|p2|Appletun, F|\n|poke|p2|Eelektross, F|\n|poke|p2|Clefable, M|\n|teampreview\n|inactive|Battle timer is ON: inactive players will automatically lose when time's up. (requested by kingokp)\n|\n|t:|1697831542\n|start\n|switch|p1a: Orthworm|Orthworm, F|100\/100\n|switch|p2a: Appletun|Appletun, F|100\/100\n|turn|1\n|\n|t:|1697831548\n|move|p1a: Orthworm|Iron Head|p2a: Appletun\n|-damage|p2a: Appletun|70\/100\n|cant|p2a: Appletun|flinch\n|\n|upkeep\n|turn|2\n|\n|t:|1697831553\n|move|p1a: Orthworm|Shed Tail|p1a: Orthworm\n|-start|p1a: Orthworm|Substitute|[from] move: Shed Tail\n|-damage|p1a: Orthworm|50\/100\n|-enditem|p1a: Orthworm|Sitrus Berry|[eat]\n|-heal|p1a: Orthworm|75\/100|[from] item: Sitrus Berry\n|\n|t:|1697831560\n|switch|p1a: one punch|Azumarill, F, shiny|100\/100|[from] Shed Tail\n|move|p2a: Appletun|Iron Defense|p2a: Appletun\n|-boost|p2a: Appletun|def|2\n|\n|upkeep\n|turn|3\n|\n|t:|1697831569\n|move|p1a: one punch|Belly Drum|p1a: one punch\n|-damage|p1a: one punch|50\/100\n|-setboost|p1a: one punch|atk|6|[from] move: Belly Drum\n|-enditem|p1a: one punch|Sitrus Berry|[eat]\n|-heal|p1a: one punch|75\/100|[from] item: Sitrus Berry\n|move|p2a: Appletun|Iron Defense|p2a: Appletun\n|-boost|p2a: Appletun|def|2\n|\n|upkeep\n|turn|4\n|\n|t:|1697831578\n|move|p1a: one punch|Ice Spinner|p2a: Appletun\n|-supereffective|p2a: Appletun\n|-damage|p2a: Appletun|0 fnt\n|faint|p2a: Appletun\n|\n|upkeep\n|\n|t:|1697831584\n|switch|p2a: Overqwil|Overqwil, F|100\/100\n|-ability|p2a: Overqwil|Intimidate|boost\n|-immune|p1a: one punch\n|turn|5\n|\n|t:|1697831591\n|move|p1a: one punch|Aqua Jet|p2a: Overqwil\n|-damage|p2a: Overqwil|0 fnt\n|faint|p2a: Overqwil\n|\n|upkeep\n|\n|t:|1697831603\n|switch|p2a: Chien-Pao|Chien-Pao|100\/100\n|-ability|p2a: Chien-Pao|Sword of Ruin\n|turn|6\n|\n|t:|1697831609\n|move|p2a: Chien-Pao|Icicle Crash|p1a: one punch\n|-resisted|p1a: one punch\n|-end|p1a: one punch|Substitute\n|move|p1a: one punch|Play Rough|p2a: Chien-Pao\n|-supereffective|p2a: Chien-Pao\n|-damage|p2a: Chien-Pao|0 fnt\n|faint|p2a: Chien-Pao\n|\n|upkeep\n|\n|t:|1697831618\n|switch|p2a: Arcanine|Arcanine-Hisui, M|100\/100\n|turn|7\n|\n|t:|1697831624\n|move|p1a: one punch|Aqua Jet|p2a: Arcanine\n|-supereffective|p2a: Arcanine\n|-damage|p2a: Arcanine|0 fnt\n|faint|p2a: Arcanine\n|\n|upkeep\n|\n|t:|1697831631\n|switch|p2a: Clefable|Clefable, M, shiny|100\/100\n|turn|8\n|\n|t:|1697831637\n|move|p1a: one punch|Aqua Jet|p2a: Clefable\n|-damage|p2a: Clefable|0 fnt\n|faint|p2a: Clefable\n|\n|upkeep\n|-message|ThornDaSatyr forfeited.\n|\n|win|kingokp\n|raw|kingokp's rating: 1196 &rarr; <strong>1219<\/strong><br \/>(+23 for winning)\n|raw|ThornDaSatyr's rating: 1170 &rarr; <strong>1147<\/strong><br \/>(-23 for losing)\n|l|\u2606ThornDaSatyr\n","uploadtime":1697831649,"views":18,"p1id":"kingokp","p2id":"thorndasatyr","formatid":"gen9anythinggoes","rating":1147,"private":0,"password":""}