{"id":"gen9anythinggoes-1992297354","p1":"juandlm13","p2":"gobrightly","format":"[Gen 9] Anything Goes","log":"|j|\u2606juandlm13\n|j|\u2606gobrightly\n|t:|1700172087\n|gametype|singles\n|player|p1|juandlm13|veteran|1317\n|player|p2|gobrightly|rancher|1358\n|teamsize|p1|6\n|teamsize|p2|6\n|gen|9\n|tier|[Gen 9] Anything Goes\n|rated|\n|rule|HP Percentage Mod: HP is shown in percentages\n|rule|Endless Battle Clause: Forcing endless battles is banned\n|clearpoke\n|poke|p1|Manaphy|\n|poke|p1|Hippowdon, M|\n|poke|p1|Houndstone, M|\n|poke|p1|Toxapex, M|\n|poke|p1|Zoroark-Hisui, M|\n|poke|p1|Donphan, L1, M|\n|poke|p2|Gastrodon-East, M|\n|poke|p2|Dragapult, M|\n|poke|p2|Weavile, F|\n|poke|p2|Hatterene, F|\n|poke|p2|Espeon, F|\n|poke|p2|Urshifu-*, M|\n|teampreview\n|inactive|Battle timer is ON: inactive players will automatically lose when time's up. (requested by gobrightly)\n|\n|t:|1700172099\n|start\n|switch|p1a: Manaphy|Manaphy|100\/100\n|switch|p2a: Espeon|Espeon, F, shiny|100\/100\n|turn|1\n|\n|t:|1700172114\n|move|p2a: Espeon|Trick|p1a: Manaphy\n|-activate|p2a: Espeon|move: Trick|[of] p1a: Manaphy\n|-item|p1a: Manaphy|Choice Scarf|[from] move: Trick\n|-item|p2a: Espeon|Focus Sash|[from] move: Trick\n|move|p1a: Manaphy|Nasty Plot|p1a: Manaphy\n|-boost|p1a: Manaphy|spa|2\n|\n|upkeep\n|turn|2\n|\n|t:|1700172124\n|move|p1a: Manaphy|Nasty Plot|p1a: Manaphy\n|-boost|p1a: Manaphy|spa|2\n|move|p2a: Espeon|Psychic|p1a: Manaphy\n|-damage|p1a: Manaphy|12\/100\n|replace|p1a: Zoroark|Zoroark-Hisui, M\n|-end|p1a: Zoroark|Illusion\n|\n|upkeep\n|turn|3\n|\n|t:|1700172142\n|move|p1a: Zoroark|Nasty Plot|p1a: Zoroark\n|-boost|p1a: Zoroark|spa|2\n|move|p2a: Espeon|Psychic|p1a: Zoroark\n|-damage|p1a: Zoroark|0 fnt\n|faint|p1a: Zoroark\n|\n|upkeep\n|inactive|juandlm13 has 120 seconds left.\n|\n|t:|1700172165\n|switch|p1a: Houndstone|Houndstone, M|100\/100\n|turn|4\n|\n|t:|1700172169\n|-terastallize|p2a: Espeon|Normal\n|move|p1a: Houndstone|Shadow Sneak|p2a: Espeon\n|-immune|p2a: Espeon\n|move|p2a: Espeon|Psychic|p1a: Houndstone\n|-damage|p1a: Houndstone|48\/100\n|\n|upkeep\n|turn|5\n|\n|t:|1700172185\n|switch|p1a: Hippowdon|Hippowdon, M|100\/100\n|-weather|Sandstorm|[from] ability: Sand Stream|[of] p1a: Hippowdon\n|move|p2a: Espeon|Psychic|p1a: Hippowdon\n|-damage|p1a: Hippowdon|66\/100\n|\n|-weather|Sandstorm|[upkeep]\n|-damage|p2a: Espeon|95\/100|[from] Sandstorm\n|-heal|p1a: Hippowdon|72\/100|[from] item: Leftovers\n|upkeep\n|turn|6\n|\n|t:|1700172200\n|move|p2a: Espeon|Hyper Beam|p1a: Hippowdon|[miss]\n|-miss|p2a: Espeon|p1a: Hippowdon\n|move|p1a: Hippowdon|Mud-Slap|p2a: Espeon\n|-damage|p2a: Espeon|88\/100\n|-unboost|p2a: Espeon|accuracy|1\n|\n|-weather|Sandstorm|[upkeep]\n|-damage|p2a: Espeon|82\/100|[from] Sandstorm\n|-heal|p1a: Hippowdon|78\/100|[from] item: Leftovers\n|upkeep\n|turn|7\n|inactive|juandlm13 has 120 seconds left.\n|\n|t:|1700172222\n|switch|p2a: Hatterene|Hatterene, F|100\/100\n|move|p1a: Hippowdon|Mud-Slap|p2a: Hatterene\n|-damage|p2a: Hatterene|96\/100\n|-unboost|p2a: Hatterene|accuracy|1\n|\n|-weather|Sandstorm|[upkeep]\n|-damage|p2a: Hatterene|90\/100|[from] Sandstorm\n|-heal|p1a: Hippowdon|85\/100|[from] item: Leftovers\n|upkeep\n|turn|8\n|inactive|juandlm13 has 120 seconds left.\n|\n|t:|1700172233\n|switch|p1a: Donphan|Donphan, L1, M, shiny|100\/100\n|move|p2a: Hatterene|Psychic|p1a: Donphan\n|-ability|p1a: Donphan|Sturdy\n|-damage|p1a: Donphan|8\/100\n|\n|-weather|Sandstorm|[upkeep]\n|-damage|p2a: Hatterene|84\/100|[from] Sandstorm\n|upkeep\n|turn|9\n|inactive|juandlm13 has 120 seconds left.\n|\n|t:|1700172244\n|move|p2a: Hatterene|Psychic|p1a: Donphan\n|-damage|p1a: Donphan|0 fnt\n|faint|p1a: Donphan\n|\n|-weather|none\n|upkeep\n|\n|t:|1700172257\n|switch|p1a: Manaphy|Manaphy|100\/100\n|turn|10\n|\n|t:|1700172265\n|move|p1a: Manaphy|Tail Glow|p1a: Manaphy\n|-boost|p1a: Manaphy|spa|3\n|move|p2a: Hatterene|Nuzzle|p1a: Manaphy\n|-supereffective|p1a: Manaphy\n|-damage|p1a: Manaphy|93\/100\n|-status|p1a: Manaphy|par\n|\n|upkeep\n|turn|11\n|\n|t:|1700172274\n|switch|p2a: Gastrodon|Gastrodon-East, M|100\/100\n|move|p1a: Manaphy|Rain Dance|p1a: Manaphy\n|-weather|RainDance\n|\n|-weather|RainDance|[upkeep]\n|-activate|p1a: Manaphy|ability: Hydration\n|-curestatus|p1a: Manaphy|par|[msg]\n|upkeep\n|turn|12\n|\n|t:|1700172285\n|move|p1a: Manaphy|Scald|p2a: Gastrodon\n|-ability|p2a: Gastrodon|Storm Drain|boost\n|-boost|p2a: Gastrodon|spa|1\n|move|p2a: Gastrodon|Yawn|p1a: Manaphy\n|-start|p1a: Manaphy|move: Yawn|[of] p2a: Gastrodon\n|\n|-weather|RainDance|[upkeep]\n|upkeep\n|turn|13\n|\n|t:|1700172295\n|move|p1a: Manaphy|Tail Glow|p1a: Manaphy\n|-boost|p1a: Manaphy|spa|3\n|move|p2a: Gastrodon|Surf|p1a: Manaphy\n|-resisted|p1a: Manaphy\n|-crit|p1a: Manaphy\n|-damage|p1a: Manaphy|46\/100\n|\n|-weather|RainDance|[upkeep]\n|-end|p1a: Manaphy|move: Yawn|[silent]\n|-status|p1a: Manaphy|slp\n|upkeep\n|turn|14\n|\n|t:|1700172307\n|cant|p1a: Manaphy|slp\n|move|p2a: Gastrodon|Earth Power|p1a: Manaphy\n|-damage|p1a: Manaphy|4\/100 slp\n|-enditem|p1a: Manaphy|Salac Berry|[eat]\n|-boost|p1a: Manaphy|spe|1|[from] item: Salac Berry\n|\n|-weather|RainDance|[upkeep]\n|-activate|p1a: Manaphy|ability: Hydration\n|-curestatus|p1a: Manaphy|slp|[msg]\n|upkeep\n|turn|15\n|\n|t:|1700172318\n|move|p1a: Manaphy|Stored Power|p2a: Gastrodon\n|-damage|p2a: Gastrodon|0 fnt\n|faint|p2a: Gastrodon\n|\n|-weather|none\n|upkeep\n|\n|t:|1700172324\n|switch|p2a: Weavile|Weavile, F|100\/100\n|turn|16\n|\n|t:|1700172330\n|move|p2a: Weavile|Fake Out|p1a: Manaphy\n|-damage|p1a: Manaphy|0 fnt\n|faint|p1a: Manaphy\n|\n|upkeep\n|\n|t:|1700172336\n|switch|p1a: Toxapex|Toxapex, M, shiny|100\/100\n|turn|17\n|\n|t:|1700172344\n|switch|p2a: Hatterene|Hatterene, F|84\/100\n|move|p1a: Toxapex|Toxic|p2a: Hatterene\n|move|p2a: Hatterene|Toxic|p1a: Toxapex|[from]ability: Magic Bounce\n|-immune|p1a: Toxapex\n|\n|upkeep\n|turn|18\n|\n|t:|1700172357\n|switch|p1a: Hippowdon|Hippowdon, M|85\/100\n|-weather|Sandstorm|[from] ability: Sand Stream|[of] p1a: Hippowdon\n|move|p2a: Hatterene|Psychic|p1a: Hippowdon\n|-damage|p1a: Hippowdon|45\/100\n|\n|-weather|Sandstorm|[upkeep]\n|-damage|p2a: Hatterene|78\/100|[from] Sandstorm\n|-heal|p1a: Hippowdon|51\/100|[from] item: Leftovers\n|upkeep\n|turn|19\n|\n|t:|1700172371\n|move|p2a: Hatterene|Psychic|p1a: Hippowdon\n|-damage|p1a: Hippowdon|11\/100\n|move|p1a: Hippowdon|Roar|p2a: Hatterene\n|move|p2a: Hatterene|Roar|p1a: Hippowdon|[from]ability: Magic Bounce\n|drag|p1a: Houndstone|Houndstone, M|48\/100\n|\n|-weather|Sandstorm|[upkeep]\n|-damage|p2a: Hatterene|72\/100|[from] Sandstorm\n|upkeep\n|turn|20\n|-activate|p2a: Hatterene|item: Quick Claw\n|\n|t:|1700172382\n|move|p2a: Hatterene|Shadow Ball|p1a: Houndstone\n|-supereffective|p1a: Houndstone\n|-damage|p1a: Houndstone|0 fnt\n|faint|p1a: Houndstone\n|\n|-weather|Sandstorm|[upkeep]\n|-damage|p2a: Hatterene|66\/100|[from] Sandstorm\n|upkeep\n|\n|t:|1700172404\n|switch|p1a: Toxapex|Toxapex, M, shiny|100\/100\n|turn|21\n|-activate|p2a: Hatterene|item: Quick Claw\n|\n|t:|1700172413\n|move|p2a: Hatterene|Nuzzle|p1a: Toxapex\n|-supereffective|p1a: Toxapex\n|-damage|p1a: Toxapex|96\/100\n|-status|p1a: Toxapex|par\n|-damage|p2a: Hatterene|49\/100|[from] item: Rocky Helmet|[of] p1a: Toxapex\n|move|p1a: Toxapex|Stockpile|p1a: Toxapex\n|-start|p1a: Toxapex|stockpile1\n|-boost|p1a: Toxapex|def|1\n|-boost|p1a: Toxapex|spd|1\n|\n|-weather|Sandstorm|[upkeep]\n|-damage|p2a: Hatterene|43\/100|[from] Sandstorm\n|-damage|p1a: Toxapex|90\/100 par|[from] Sandstorm\n|upkeep\n|turn|22\n|\n|t:|1700172426\n|move|p2a: Hatterene|Psychic|p1a: Toxapex\n|-supereffective|p1a: Toxapex\n|-damage|p1a: Toxapex|31\/100 par\n|move|p1a: Toxapex|Stockpile|p1a: Toxapex\n|-start|p1a: Toxapex|stockpile2\n|-boost|p1a: Toxapex|def|1\n|-boost|p1a: Toxapex|spd|1\n|\n|-weather|none\n|upkeep\n|turn|23\n|\n|t:|1700172436\n|move|p2a: Hatterene|Psychic|p1a: Toxapex\n|-supereffective|p1a: Toxapex\n|-damage|p1a: Toxapex|0 fnt\n|faint|p1a: Toxapex\n|\n|upkeep\n|\n|t:|1700172442\n|switch|p1a: Hippowdon|Hippowdon, M|11\/100\n|-weather|Sandstorm|[from] ability: Sand Stream|[of] p1a: Hippowdon\n|turn|24\n|\n|t:|1700172447\n|move|p1a: Hippowdon|Mud-Slap|p2a: Hatterene\n|-damage|p2a: Hatterene|38\/100\n|-unboost|p2a: Hatterene|accuracy|1\n|move|p2a: Hatterene|Psychic|p1a: Hippowdon\n|-damage|p1a: Hippowdon|0 fnt\n|faint|p1a: Hippowdon\n|\n|win|gobrightly\n|raw|juandlm13's rating: 1317 &rarr; <strong>1299<\/strong><br \/>(-18 for losing)\n|raw|gobrightly's rating: 1358 &rarr; <strong>1376<\/strong><br \/>(+18 for winning)\n","uploadtime":1700172458,"views":7,"p1id":"juandlm13","p2id":"gobrightly","formatid":"gen9anythinggoes","rating":1299,"private":0,"password":""}