{"id":"gen9anythinggoes-1993676167","p1":"grassGLEADER","p2":"gaster 190","format":"[Gen 9] Anything Goes","log":"|j|\u2606grassGLEADER\n|j|\u2606gaster 190\n|t:|1700344385\n|gametype|singles\n|player|p1|grassGLEADER|mallow|1174\n|player|p2|gaster 190|169|1155\n|teamsize|p1|6\n|teamsize|p2|6\n|gen|9\n|tier|[Gen 9] Anything Goes\n|rated|\n|rule|HP Percentage Mod: HP is shown in percentages\n|rule|Endless Battle Clause: Forcing endless battles is banned\n|clearpoke\n|poke|p1|Meowscarada, F|\n|poke|p1|Abomasnow, M|\n|poke|p1|Breloom, F|\n|poke|p1|Torterra, M|\n|poke|p1|Leavanny, M|\n|poke|p1|Appletun, M|\n|poke|p2|Basculegion, M|\n|poke|p2|Volcarona, M|\n|poke|p2|Flutter Mane|\n|poke|p2|Iron Bundle|\n|poke|p2|Zacian-*|\n|poke|p2|Urshifu-*, F|\n|teampreview\n|c|\u2606grassGLEADER|hello! this is a test run\n|c|\u2606grassGLEADER|:D\n|\n|t:|1700344411\n|start\n|switch|p1a: don't kill me >.<|Leavanny, M, shiny|100\/100\n|switch|p2a: Volcarona|Volcarona, M|100\/100\n|turn|1\n|\n|t:|1700344420\n|move|p1a: don't kill me >.<|Sticky Web|p2a: Volcarona\n|-sidestart|p2: gaster 190|move: Sticky Web\n|move|p2a: Volcarona|Fiery Dance|p1a: don't kill me >.<\n|-supereffective|p1a: don't kill me >.<\n|-enditem|p1a: don't kill me >.<|Focus Sash\n|-damage|p1a: don't kill me >.<|1\/100\n|\n|upkeep\n|turn|2\n|\n|t:|1700344432\n|move|p1a: don't kill me >.<|X-Scissor|p2a: Volcarona\n|-resisted|p2a: Volcarona\n|-damage|p2a: Volcarona|61\/100\n|-status|p1a: don't kill me >.<|brn|[from] ability: Flame Body|[of] p2a: Volcarona\n|move|p2a: Volcarona|Air Slash|p1a: don't kill me >.<\n|-supereffective|p1a: don't kill me >.<\n|-damage|p1a: don't kill me >.<|0 fnt\n|faint|p1a: don't kill me >.<\n|\n|upkeep\n|\n|t:|1700344439\n|switch|p1a: APPLE PIE:D|Appletun, M|100\/100\n|turn|3\n|\n|t:|1700344447\n|-terastallize|p1a: APPLE PIE:D|Steel\n|move|p2a: Volcarona|Fiery Dance|p1a: APPLE PIE:D\n|-supereffective|p1a: APPLE PIE:D\n|-damage|p1a: APPLE PIE:D|73\/100\n|-enditem|p1a: APPLE PIE:D|Weakness Policy\n|-boost|p1a: APPLE PIE:D|atk|2|[from] item: Weakness Policy\n|-boost|p1a: APPLE PIE:D|spa|2|[from] item: Weakness Policy\n|move|p1a: APPLE PIE:D|Dragon Pulse|p2a: Volcarona\n|-damage|p2a: Volcarona|25\/100\n|\n|upkeep\n|turn|4\n|\n|t:|1700344461\n|move|p2a: Volcarona|Fiery Dance|p1a: APPLE PIE:D\n|-supereffective|p1a: APPLE PIE:D\n|-damage|p1a: APPLE PIE:D|46\/100\n|-boost|p2a: Volcarona|spa|1\n|move|p1a: APPLE PIE:D|Dragon Pulse|p2a: Volcarona\n|-damage|p2a: Volcarona|0 fnt\n|faint|p2a: Volcarona\n|\n|upkeep\n|\n|t:|1700344474\n|switch|p2a: Urshifu|Urshifu, F|100\/100\n|turn|5\n|j| RocketGruntLudwig\n|\n|t:|1700344480\n|move|p2a: Urshifu|Drain Punch|p1a: APPLE PIE:D\n|-supereffective|p1a: APPLE PIE:D\n|-damage|p1a: APPLE PIE:D|0 fnt\n|faint|p1a: APPLE PIE:D\n|\n|upkeep\n|c|\u2606grassGLEADER|ludwig!\n|c| RocketGruntLudwig|hi do you just lose here now\n|c|\u2606grassGLEADER|. . . thx for the support\n|c|\u2606grassGLEADER|your so kind\n|\n|t:|1700344519\n|switch|p1a: LAND 0.0|Torterra, M, shiny|100\/100\n|turn|6\n|\n|t:|1700344538\n|move|p2a: Urshifu|Close Combat|p1a: LAND 0.0\n|-damage|p1a: LAND 0.0|46\/100\n|-unboost|p2a: Urshifu|def|1\n|-unboost|p2a: Urshifu|spd|1\n|move|p1a: LAND 0.0|Zen Headbutt|p2a: Urshifu\n|-immune|p2a: Urshifu\n|\n|upkeep\n|turn|7\n|c|\u2606grassGLEADER|wait\n|c|\u2606grassGLEADER|DARK\n|c|\u2606grassGLEADER|what\n|\n|t:|1700344563\n|move|p2a: Urshifu|Drain Punch|p1a: LAND 0.0\n|-damage|p1a: LAND 0.0|10\/100\n|move|p1a: LAND 0.0|Iron Defense|p1a: LAND 0.0\n|-boost|p1a: LAND 0.0|def|2\n|\n|upkeep\n|turn|8\n|\n|t:|1700344575\n|move|p2a: Urshifu|Drain Punch|p1a: LAND 0.0\n|-damage|p1a: LAND 0.0|0 fnt\n|faint|p1a: LAND 0.0\n|\n|upkeep\n|c| RocketGruntLudwig|???\n|c|\u2606grassGLEADER|ludwig i chose zen bc it dose a lost of dmg and a lost of pp\n|\n|t:|1700344618\n|switch|p1a: BIG BOY :3|Abomasnow, M, shiny|100\/100\n|-weather|Snow|[from] ability: Snow Warning|[of] p1a: BIG BOY :3\n|turn|9\n|c| RocketGruntLudwig|Speak in English.\n|\n|t:|1700344635\n|move|p2a: Urshifu|Close Combat|p1a: BIG BOY :3\n|-supereffective|p1a: BIG BOY :3\n|-damage|p1a: BIG BOY :3|9\/100\n|-unboost|p2a: Urshifu|def|1\n|-unboost|p2a: Urshifu|spd|1\n|move|p1a: BIG BOY :3|Blizzard|p2a: Urshifu\n|-damage|p2a: Urshifu|0 fnt\n|faint|p2a: Urshifu\n|\n|-weather|Snow|[upkeep]\n|upkeep\n|\n|t:|1700344651\n|switch|p2a: Iron Bundle|Iron Bundle|100\/100\n|-activate|p2a: Iron Bundle|move: Sticky Web\n|-unboost|p2a: Iron Bundle|spe|1\n|-enditem|p2a: Iron Bundle|Booster Energy\n|-activate|p2a: Iron Bundle|ability: Quark Drive|[fromitem]\n|-start|p2a: Iron Bundle|quarkdrivespa\n|turn|10\n|c|\u2606grassGLEADER|sen headbut on my \"land\"\n|c|\u2606grassGLEADER|zen*\n|c|\u2606grassGLEADER|it has a lot of PP so i chose it\n|\n|t:|1700344687\n|-terastallize|p2a: Iron Bundle|Ice\n|move|p1a: BIG BOY :3|Ice Shard|p2a: Iron Bundle\n|-resisted|p2a: Iron Bundle\n|-damage|p2a: Iron Bundle|96\/100\n|move|p2a: Iron Bundle|Chilling Water|p1a: BIG BOY :3\n|-resisted|p1a: BIG BOY :3\n|-damage|p1a: BIG BOY :3|0 fnt\n|faint|p1a: BIG BOY :3\n|\n|-weather|Snow|[upkeep]\n|upkeep\n|\n|t:|1700344692\n|switch|p1a: mushrum|Breloom, F, shiny|100\/100\n|turn|11\n|\n|t:|1700344706\n|move|p2a: Iron Bundle|Blizzard|p1a: mushrum\n|-supereffective|p1a: mushrum\n|-damage|p1a: mushrum|0 fnt\n|faint|p1a: mushrum\n|\n|-weather|Snow|[upkeep]\n|upkeep\n|\n|t:|1700344711\n|switch|p1a: Little kitty|Meowscarada, F, shiny|100\/100\n|turn|12\n|\n|t:|1700344719\n|move|p1a: Little kitty|Sucker Punch|p2a: Iron Bundle\n|-start|p1a: Little kitty|typechange|Dark|[from] ability: Protean\n|-damage|p2a: Iron Bundle|68\/100\n|-damage|p1a: Little kitty|91\/100|[from] item: Life Orb\n|move|p2a: Iron Bundle|Blizzard|p1a: Little kitty\n|-damage|p1a: Little kitty|0 fnt\n|faint|p1a: Little kitty\n|\n|win|gaster 190\n|raw|grassGLEADER's rating: 1174 &rarr; <strong>1148<\/strong><br \/>(-26 for losing)\n|raw|gaster 190's rating: 1155 &rarr; <strong>1181<\/strong><br \/>(+26 for winning)\n|c|\u2606grassGLEADER|GGs! i need a better mushroom\n|l|\u2606grassGLEADER\n","uploadtime":1700344771,"views":5,"p1id":"grassgleader","p2id":"gaster190","formatid":"gen9anythinggoes","rating":1148,"private":0,"password":""}