{"id":"gen9anythinggoes-1981734117","p1":"Shadowclonekoko","p2":"TheShinySigilyph","format":"[Gen 9] Anything Goes","log":"|j|\u2606Shadowclonekoko\n|j|\u2606TheShinySigilyph\n|t:|1698937535\n|gametype|singles\n|player|p1|Shadowclonekoko|dawn|1197\n|player|p2|TheShinySigilyph|iris-gen5bw2|1116\n|teamsize|p1|6\n|teamsize|p2|6\n|gen|9\n|tier|[Gen 9] Anything Goes\n|rated|\n|rule|HP Percentage Mod: HP is shown in percentages\n|rule|Endless Battle Clause: Forcing endless battles is banned\n|clearpoke\n|poke|p1|Calyrex-Shadow|\n|poke|p1|Regieleki|\n|poke|p1|Ribombee, F|\n|poke|p1|Urshifu-*, F|\n|poke|p1|Drifblim, F|\n|poke|p1|Zacian-*|\n|poke|p2|Calyrex-Shadow|\n|poke|p2|Espeon, M|\n|poke|p2|Glimmora, F|\n|poke|p2|Manaphy|\n|poke|p2|Venomoth, F|\n|poke|p2|Zacian-*|\n|teampreview\n|\n|t:|1698937553\n|start\n|switch|p1a: Ribombee|Ribombee, F|100\/100\n|switch|p2a: Glimmora|Glimmora, F|100\/100\n|turn|1\n|inactive|Battle timer is ON: inactive players will automatically lose when time's up. (requested by Shadowclonekoko)\n|\n|t:|1698937574\n|move|p1a: Ribombee|Sticky Web|p2a: Glimmora\n|-sidestart|p2: TheShinySigilyph|move: Sticky Web\n|move|p2a: Glimmora|Stealth Rock|p1a: Ribombee\n|-sidestart|p1: Shadowclonekoko|move: Stealth Rock\n|\n|upkeep\n|turn|2\n|\n|t:|1698937582\n|move|p1a: Ribombee|Quiver Dance|p1a: Ribombee\n|-boost|p1a: Ribombee|spa|1\n|-boost|p1a: Ribombee|spd|1\n|-boost|p1a: Ribombee|spe|1\n|move|p2a: Glimmora|Toxic Spikes|p1a: Ribombee\n|-sidestart|p1: Shadowclonekoko|move: Toxic Spikes\n|\n|upkeep\n|turn|3\n|\n|t:|1698937588\n|move|p1a: Ribombee|Quiver Dance|p1a: Ribombee\n|-boost|p1a: Ribombee|spa|1\n|-boost|p1a: Ribombee|spd|1\n|-boost|p1a: Ribombee|spe|1\n|move|p2a: Glimmora|Toxic Spikes|p1a: Ribombee\n|-sidestart|p1: Shadowclonekoko|move: Toxic Spikes\n|\n|upkeep\n|turn|4\n|\n|t:|1698937593\n|move|p1a: Ribombee|Quiver Dance|p1a: Ribombee\n|-boost|p1a: Ribombee|spa|1\n|-boost|p1a: Ribombee|spd|1\n|-boost|p1a: Ribombee|spe|1\n|move|p2a: Glimmora|Mortal Spin|p1a: Ribombee\n|-supereffective|p1a: Ribombee\n|-damage|p1a: Ribombee|75\/100\n|-status|p1a: Ribombee|psn\n|-sideend|p2: TheShinySigilyph|Sticky Web|[from] move: Mortal Spin|[of] p2a: Glimmora\n|\n|-damage|p1a: Ribombee|63\/100 psn|[from] psn\n|upkeep\n|turn|5\n|\n|t:|1698937602\n|move|p1a: Ribombee|Baton Pass|p1a: Ribombee\n|\n|t:|1698937604\n|switch|p1a: Drifblim|Drifblim, F, shiny|100\/100|[from] Baton Pass\n|-damage|p1a: Drifblim|76\/100|[from] Stealth Rock\n|move|p2a: Glimmora|Spikes|p1a: Drifblim\n|-sidestart|p1: Shadowclonekoko|Spikes\n|\n|upkeep\n|turn|6\n|\n|t:|1698937612\n|move|p1a: Drifblim|Minimize|p1a: Drifblim\n|-boost|p1a: Drifblim|evasion|2\n|move|p2a: Glimmora|Mortal Spin|p1a: Drifblim\n|-resisted|p1a: Drifblim\n|-crit|p1a: Drifblim\n|-damage|p1a: Drifblim|69\/100\n|-status|p1a: Drifblim|psn\n|\n|-damage|p1a: Drifblim|57\/100 psn|[from] psn\n|upkeep\n|turn|7\n|\n|t:|1698937622\n|move|p1a: Drifblim|Minimize|p1a: Drifblim\n|-boost|p1a: Drifblim|evasion|2\n|move|p2a: Glimmora|Spikes|p1a: Drifblim\n|-sidestart|p1: Shadowclonekoko|Spikes\n|\n|-damage|p1a: Drifblim|44\/100 psn|[from] psn\n|upkeep\n|turn|8\n|\n|t:|1698937629\n|move|p1a: Drifblim|Minimize|p1a: Drifblim\n|-boost|p1a: Drifblim|evasion|2\n|move|p2a: Glimmora|Spikes|p1a: Drifblim\n|-sidestart|p1: Shadowclonekoko|Spikes\n|\n|-damage|p1a: Drifblim|32\/100 psn|[from] psn\n|upkeep\n|turn|9\n|\n|t:|1698937635\n|switch|p2a: Manaphy|Manaphy|100\/100\n|move|p1a: Drifblim|Baton Pass|p1a: Drifblim\n|\n|t:|1698937641\n|switch|p1a: Urshifu|Urshifu, F|100\/100|[from] Baton Pass\n|-damage|p1a: Urshifu|94\/100|[from] Stealth Rock\n|-status|p1a: Urshifu|tox\n|-damage|p1a: Urshifu|69\/100 tox|[from] Spikes\n|\n|-heal|p1a: Urshifu|76\/100 tox|[from] item: Leftovers\n|-damage|p1a: Urshifu|69\/100 tox|[from] psn\n|upkeep\n|turn|10\n|\n|t:|1698937651\n|move|p1a: Urshifu|Wicked Blow|p2a: Manaphy\n|-crit|p2a: Manaphy\n|-damage|p2a: Manaphy|50\/100\n|move|p2a: Manaphy|Heart Swap|p1a: Urshifu\n|-swapboost|p2a: Manaphy|p1a: Urshifu|[from] move: Heart Swap\n|\n|-heal|p1a: Urshifu|76\/100 tox|[from] item: Leftovers\n|-damage|p1a: Urshifu|63\/100 tox|[from] psn\n|upkeep\n|turn|11\n|c|\u2606TheShinySigilyph|Hippity hoppity your stat changes are now my property\n|\n|t:|1698937677\n|move|p2a: Manaphy|Scald|p1a: Urshifu\n|-damage|p1a: Urshifu|0 fnt\n|faint|p1a: Urshifu\n|\n|upkeep\n|\n|t:|1698937684\n|switch|p1a: Regieleki|Regieleki|100\/100\n|-damage|p1a: Regieleki|88\/100|[from] Stealth Rock\n|-status|p1a: Regieleki|tox\n|-damage|p1a: Regieleki|63\/100 tox|[from] Spikes\n|turn|12\n|\n|t:|1698937690\n|move|p2a: Manaphy|Scald|p1a: Regieleki\n|-damage|p1a: Regieleki|0 fnt\n|faint|p1a: Regieleki\n|\n|upkeep\n|\n|t:|1698937699\n|switch|p1a: Zacian|Zacian-Crowned|100\/100\n|-damage|p1a: Zacian|95\/100|[from] Stealth Rock\n|-damage|p1a: Zacian|70\/100|[from] Spikes\n|-ability|p1a: Zacian|Intrepid Sword|boost\n|-boost|p1a: Zacian|atk|1\n|turn|13\n|\n|t:|1698937706\n|move|p2a: Manaphy|Baton Pass|p2a: Manaphy\n|\n|t:|1698937707\n|switch|p2a: Calyrex|Calyrex-Shadow|100\/100|[from] Baton Pass\n|-ability|p2a: Calyrex|As One\n|-ability|p2a: Calyrex|Unnerve\n|move|p1a: Zacian|Behemoth Blade|p2a: Calyrex|[miss]\n|-miss|p1a: Zacian|p2a: Calyrex\n|\n|upkeep\n|turn|14\n|\n|t:|1698937718\n|move|p2a: Calyrex|Astral Barrage|p1a: Zacian\n|-damage|p1a: Zacian|0 fnt\n|faint|p1a: Zacian\n|-ability|p2a: Calyrex|Grim Neigh|boost\n|-boost|p2a: Calyrex|spa|1\n|\n|upkeep\n|\n|t:|1698937722\n|switch|p1a: Ribombee|Ribombee, F|63\/100 psn\n|-damage|p1a: Ribombee|38\/100 psn|[from] Stealth Rock\n|-damage|p1a: Ribombee|13\/100 psn|[from] Spikes\n|turn|15\n|\n|t:|1698937728\n|move|p2a: Calyrex|Dark Pulse|p1a: Ribombee\n|-resisted|p1a: Ribombee\n|-damage|p1a: Ribombee|0 fnt\n|faint|p1a: Ribombee\n|-ability|p2a: Calyrex|Grim Neigh|boost\n|-boost|p2a: Calyrex|spa|1\n|\n|upkeep\n|\n|t:|1698937730\n|switch|p1a: Drifblim|Drifblim, F, shiny|32\/100 psn\n|-damage|p1a: Drifblim|7\/100 psn|[from] Stealth Rock\n|turn|16\n|\n|t:|1698937737\n|move|p2a: Calyrex|Dark Pulse|p1a: Drifblim\n|-supereffective|p1a: Drifblim\n|-damage|p1a: Drifblim|0 fnt\n|faint|p1a: Drifblim\n|-ability|p2a: Calyrex|Grim Neigh|boost\n|-boost|p2a: Calyrex|spa|1\n|\n|upkeep\n|\n|t:|1698937738\n|switch|p1a: Calyrex|Calyrex-Shadow|100\/100\n|-ability|p1a: Calyrex|As One\n|-ability|p1a: Calyrex|Unnerve\n|-damage|p1a: Calyrex|88\/100|[from] Stealth Rock\n|-status|p1a: Calyrex|tox\n|-damage|p1a: Calyrex|63\/100 tox|[from] Spikes\n|turn|17\n|\n|t:|1698937749\n|-terastallize|p1a: Calyrex|Normal\n|move|p2a: Calyrex|Dark Pulse|p1a: Calyrex\n|-damage|p1a: Calyrex|0 fnt\n|faint|p1a: Calyrex\n|\n|win|TheShinySigilyph\n|raw|Shadowclonekoko's rating: 1197 &rarr; <strong>1166<\/strong><br \/>(-31 for losing)\n|raw|TheShinySigilyph's rating: 1116 &rarr; <strong>1147<\/strong><br \/>(+31 for winning)\n|c|\u2606Shadowclonekoko|Gg\n|c|\u2606TheShinySigilyph|Gg\n|l|\u2606Shadowclonekoko\n|c|\u2606TheShinySigilyph|You had a good strategy though\n","uploadtime":1698937773,"views":6,"p1id":"shadowclonekoko","p2id":"theshinysigilyph","formatid":"gen9anythinggoes","rating":1147,"private":0,"password":""}