{"id":"gen9anythinggoes-2000675498","p1":"Steeltachi","p2":"kayjulers","format":"[Gen 9] Anything Goes","log":"|j|\u2606Steeltachi\n|j|\u2606kayjulers\n|t:|1701217481\n|gametype|singles\n|player|p1|Steeltachi|clown|\n|player|p2|kayjulers|169|\n|teamsize|p1|6\n|teamsize|p2|6\n|gen|9\n|tier|[Gen 9] Anything Goes\n|rule|HP Percentage Mod: HP is shown in percentages\n|rule|Endless Battle Clause: Forcing endless battles is banned\n|clearpoke\n|poke|p1|Ditto|\n|poke|p1|Zoroark-Hisui, M|\n|poke|p1|Zoroark, M|\n|poke|p1|Ursaluna-Bloodmoon, M|\n|poke|p1|Mew|\n|poke|p1|Heracross, M|\n|poke|p2|Darkrai|\n|poke|p2|Basculegion-F, F|\n|poke|p2|Weezing-Galar, M|\n|poke|p2|Ogerpon-Wellspring, F|\n|poke|p2|Tauros-Paldea-Blaze, M|\n|poke|p2|Jirachi|\n|teampreview\n|c|\u2606kayjulers|have fun, my dude\n|c|\u2606Steeltachi|You too!\n|j| Chazl Dazl\n|\n|t:|1701217513\n|start\n|switch|p1a: Ditto|Ditto|100\/100\n|switch|p2a: Doug Dimmadome|Weezing-Galar, M|100\/100\n|-ability|p2a: Doug Dimmadome|Neutralizing Gas\n|turn|1\n|c| Chazl Dazl|GASP\n|\n|t:|1701217538\n|switch|p1a: Ursaluna|Ursaluna-Bloodmoon, M|100\/100\n|move|p2a: Doug Dimmadome|Toxic Spikes|p1a: Ursaluna\n|-sidestart|p1: Steeltachi|move: Toxic Spikes\n|\n|upkeep\n|turn|2\n|\n|t:|1701217572\n|-end|p2a: Doug Dimmadome|ability: Neutralizing Gas\n|switch|p2a: Ermac|Basculegion-F, F|100\/100\n|move|p1a: Ursaluna|Calm Mind|p1a: Ursaluna\n|-boost|p1a: Ursaluna|spa|1\n|-boost|p1a: Ursaluna|spd|1\n|\n|upkeep\n|turn|3\n|\n|t:|1701217614\n|switch|p1a: Ditto|Ditto|100\/100\n|-status|p1a: Ditto|psn\n|-transform|p1a: Ditto|p2a: Ermac|[from] ability: Imposter\n|move|p2a: Ermac|Surf|p1a: Ditto\n|-resisted|p1a: Ditto\n|-damage|p1a: Ditto|59\/100 psn\n|-enditem|p1a: Ditto|Red Card|[of] p2a: Ermac\n|drag|p2a: Doug Dimmadome|Weezing-Galar, M|100\/100\n|-ability|p2a: Doug Dimmadome|Neutralizing Gas\n|\n|-damage|p1a: Ditto|47\/100 psn|[from] psn\n|upkeep\n|turn|4\n|\n|t:|1701217691\n|-end|p2a: Doug Dimmadome|ability: Neutralizing Gas\n|switch|p2a: Zanza|Darkrai|100\/100\n|move|p1a: Ditto|Flip Turn|p2a: Zanza\n|-damage|p2a: Zanza|71\/100\n|\n|t:|1701217700\n|switch|p1a: Heracross|Heracross, M|100\/100|[from] Flip Turn\n|\n|upkeep\n|turn|5\n|\n|t:|1701217716\n|move|p2a: Zanza|Focus Blast|p1a: Heracross|[miss]\n|-miss|p2a: Zanza|p1a: Heracross\n|move|p1a: Heracross|Brick Break|p2a: Zanza\n|-supereffective|p2a: Zanza\n|-damage|p2a: Zanza|10\/100\n|\n|upkeep\n|turn|6\n|\n|t:|1701217735\n|move|p2a: Zanza|Focus Blast|p1a: Heracross\n|-supereffective|p1a: Heracross\n|-damage|p1a: Heracross|0 fnt\n|replace|p1a: Zoroark|Zoroark, M\n|-end|p1a: Zoroark|Illusion\n|faint|p1a: Zoroark\n|\n|upkeep\n|\n|t:|1701217740\n|switch|p1a: Ursaluna|Ursaluna-Bloodmoon, M|100\/100\n|-status|p1a: Ursaluna|psn\n|turn|7\n|\n|t:|1701217749\n|move|p1a: Ursaluna|Vacuum Wave|p2a: Zanza\n|-supereffective|p2a: Zanza\n|-damage|p2a: Zanza|0 fnt\n|faint|p2a: Zanza\n|\n|-damage|p1a: Ursaluna|88\/100 psn|[from] psn\n|upkeep\n|\n|t:|1701217757\n|switch|p2a: Ermac|Basculegion-F, F|100\/100\n|turn|8\n|\n|t:|1701217763\n|switch|p1a: Ditto|Ditto|47\/100 psn\n|-transform|p1a: Ditto|p2a: Ermac|[from] ability: Imposter\n|move|p2a: Ermac|Surf|p1a: Ditto\n|-resisted|p1a: Ditto\n|-damage|p1a: Ditto|12\/100 psn\n|\n|-damage|p1a: Ditto|0 fnt|[from] psn\n|faint|p1a: Ditto\n|upkeep\n|\n|t:|1701217776\n|switch|p1a: Heracross|Heracross, M|100\/100\n|-status|p1a: Heracross|psn\n|turn|9\n|\n|t:|1701217809\n|switch|p2a: Doug Dimmadome|Weezing-Galar, M|100\/100\n|-ability|p2a: Doug Dimmadome|Neutralizing Gas\n|replace|p1a: Zoroark|Zoroark-Hisui, M\n|-end|p1a: Zoroark|Illusion\n|move|p1a: Zoroark|Shadow Ball|p2a: Doug Dimmadome\n|-damage|p2a: Doug Dimmadome|49\/100\n|-damage|p1a: Zoroark|91\/100 psn|[from] item: Life Orb\n|\n|-heal|p2a: Doug Dimmadome|55\/100|[from] item: Black Sludge\n|-damage|p1a: Zoroark|78\/100 psn|[from] psn\n|upkeep\n|turn|10\n|\n|t:|1701217849\n|move|p1a: Zoroark|Shadow Ball|p2a: Doug Dimmadome\n|-damage|p2a: Doug Dimmadome|9\/100\n|-damage|p1a: Zoroark|68\/100 psn|[from] item: Life Orb\n|move|p2a: Doug Dimmadome|Strange Steam|p1a: Zoroark\n|-damage|p1a: Zoroark|8\/100 psn\n|\n|-heal|p2a: Doug Dimmadome|15\/100|[from] item: Black Sludge\n|-damage|p1a: Zoroark|0 fnt|[from] psn\n|faint|p1a: Zoroark\n|upkeep\n|\n|t:|1701217858\n|switch|p1a: Ursaluna|Ursaluna-Bloodmoon, M|88\/100 psn\n|turn|11\n|\n|t:|1701217869\n|move|p1a: Ursaluna|Vacuum Wave|p2a: Doug Dimmadome\n|-resisted|p2a: Doug Dimmadome\n|-damage|p2a: Doug Dimmadome|12\/100\n|move|p2a: Doug Dimmadome|Pain Split|p1a: Ursaluna\n|-sethp|p1a: Ursaluna|49\/100 psn|[from] move: Pain Split|[silent]\n|-sethp|p2a: Doug Dimmadome|62\/100|[from] move: Pain Split\n|\n|-heal|p2a: Doug Dimmadome|68\/100|[from] item: Black Sludge\n|-heal|p1a: Ursaluna|55\/100 psn|[from] item: Leftovers\n|-damage|p1a: Ursaluna|42\/100 psn|[from] psn\n|upkeep\n|turn|12\n|\n|t:|1701217882\n|move|p2a: Doug Dimmadome|Strange Steam|p1a: Ursaluna\n|-damage|p1a: Ursaluna|10\/100 psn\n|move|p1a: Ursaluna|Earth Power|p2a: Doug Dimmadome\n|-supereffective|p2a: Doug Dimmadome\n|-damage|p2a: Doug Dimmadome|0 fnt\n|faint|p2a: Doug Dimmadome\n|-end|p2a: Doug Dimmadome|ability: Neutralizing Gas\n|\n|-heal|p1a: Ursaluna|16\/100 psn|[from] item: Leftovers\n|-damage|p1a: Ursaluna|4\/100 psn|[from] psn\n|upkeep\n|\n|t:|1701217949\n|switch|p2a: Ermac|Basculegion-F, F|100\/100\n|turn|13\n|\n|t:|1701217955\n|move|p1a: Ursaluna|Vacuum Wave|p2a: Ermac\n|-damage|p2a: Ermac|84\/100\n|move|p2a: Ermac|Flip Turn|p1a: Ursaluna\n|-supereffective|p1a: Ursaluna\n|-damage|p1a: Ursaluna|0 fnt\n|faint|p1a: Ursaluna\n|\n|t:|1701217957\n|switch|p2a: Jirachi|Jirachi|100\/100|[from] Flip Turn\n|\n|upkeep\n|\n|t:|1701217966\n|switch|p1a: Mew|Mew|100\/100\n|-status|p1a: Mew|psn\n|turn|14\n|\n|t:|1701217976\n|move|p2a: Jirachi|Iron Head|p1a: Mew\n|-damage|p1a: Mew|71\/100 psn\n|move|p1a: Mew|Transform|p2a: Jirachi\n|-transform|p1a: Mew|p2a: Jirachi\n|\n|-damage|p1a: Mew|58\/100 psn|[from] psn\n|upkeep\n|turn|15\n|\n|t:|1701217987\n|move|p2a: Jirachi|Iron Head|p1a: Mew\n|-resisted|p1a: Mew\n|-damage|p1a: Mew|44\/100 psn\n|move|p1a: Mew|Drain Punch|p2a: Jirachi\n|-damage|p2a: Jirachi|79\/100\n|-heal|p1a: Mew|54\/100 psn|[from] drain|[of] p2a: Jirachi\n|\n|-damage|p1a: Mew|42\/100 psn|[from] psn\n|upkeep\n|turn|16\n|\n|t:|1701217997\n|move|p2a: Jirachi|Iron Head|p1a: Mew\n|-resisted|p1a: Mew\n|-damage|p1a: Mew|25\/100 psn\n|cant|p1a: Mew|flinch\n|\n|-damage|p1a: Mew|13\/100 psn|[from] psn\n|upkeep\n|turn|17\n|\n|t:|1701218007\n|move|p1a: Mew|Drain Punch|p2a: Jirachi\n|-damage|p2a: Jirachi|57\/100\n|-heal|p1a: Mew|23\/100 psn|[from] drain|[of] p2a: Jirachi\n|move|p2a: Jirachi|Iron Head|p1a: Mew\n|-resisted|p1a: Mew\n|-damage|p1a: Mew|8\/100 psn\n|\n|-damage|p1a: Mew|0 fnt|[from] psn\n|faint|p1a: Mew\n|upkeep\n|\n|t:|1701218015\n|switch|p1a: Heracross|Heracross, M|100\/100\n|-status|p1a: Heracross|psn\n|turn|18\n|\n|t:|1701218034\n|move|p2a: Jirachi|Iron Head|p1a: Heracross\n|-damage|p1a: Heracross|42\/100 psn\n|move|p1a: Heracross|Earthquake|p2a: Jirachi\n|-supereffective|p2a: Jirachi\n|-crit|p2a: Jirachi\n|-damage|p2a: Jirachi|0 fnt\n|faint|p2a: Jirachi\n|-ability|p1a: Heracross|Moxie|boost\n|-boost|p1a: Heracross|atk|1\n|\n|-damage|p1a: Heracross|30\/100 psn|[from] psn\n|upkeep\n|\n|t:|1701218050\n|switch|p2a: Skull Kid|Ogerpon-Wellspring, F|100\/100\n|turn|19\n|\n|t:|1701218053\n|-terastallize|p2a: Skull Kid|Water\n|detailschange|p2a: Skull Kid|Ogerpon-Wellspring-Tera, F, tera:Water\n|-ability|p2a: Skull Kid|Embody Aspect (Wellspring)|boost\n|-boost|p2a: Skull Kid|spd|1\n|move|p2a: Skull Kid|Ivy Cudgel|p1a: Heracross|[anim] Ivy Cudgel Water\n|-crit|p1a: Heracross\n|-damage|p1a: Heracross|0 fnt\n|faint|p1a: Heracross\n|\n|win|kayjulers\n|c|\u2606kayjulers|gg man\n|c|\u2606Steeltachi|ggs\n|l| Chazl Dazl\n","uploadtime":1701218066,"views":11,"p1id":"steeltachi","p2id":"kayjulers","formatid":"gen9anythinggoes","rating":0,"private":0,"password":""}