{"id":"gen9anythinggoes-1994352104","p1":"FemboyPlayer","p2":"showdown ac flinch","format":"[Gen 9] Anything Goes","log":"|j|\u2606FemboyPlayer\n|j|\u2606showdown ac flinch\n|t:|1700434159\n|gametype|singles\n|player|p1|FemboyPlayer|elesa|1110\n|player|p2|showdown ac flinch|2|1000\n|teamsize|p1|6\n|teamsize|p2|6\n|gen|9\n|tier|[Gen 9] Anything Goes\n|rated|\n|rule|HP Percentage Mod: HP is shown in percentages\n|rule|Endless Battle Clause: Forcing endless battles is banned\n|clearpoke\n|poke|p1|Espeon, M|\n|poke|p1|Zoroark, F|\n|poke|p1|Zoroark-Hisui, F|\n|poke|p1|Ninetales, M|\n|poke|p1|Ninetales-Alola, M|\n|poke|p1|Delphox, F|\n|poke|p2|Decidueye, M|\n|poke|p2|Decidueye, F|\n|poke|p2|Decidueye, M|\n|poke|p2|Decidueye-Hisui, M|\n|poke|p2|Decidueye-Hisui, F|\n|poke|p2|Decidueye-Hisui, F|\n|teampreview\n|\n|t:|1700434166\n|start\n|switch|p1a: Mewthree|Espeon, M|100\/100\n|switch|p2a: Decidueye|Decidueye, M, shiny|100\/100\n|turn|1\n|\n|t:|1700434172\n|move|p1a: Mewthree|Thunder Wave|p2a: Decidueye\n|-status|p2a: Decidueye|par\n|cant|p2a: Decidueye|par\n|\n|upkeep\n|turn|2\n|\n|t:|1700434178\n|cant|p2a: Decidueye|par\n|move|p1a: Mewthree|Roar|p2a: Decidueye\n|drag|p2a: Decidueye|Decidueye, M, shiny|100\/100\n|\n|upkeep\n|turn|3\n|\n|t:|1700434185\n|move|p1a: Mewthree|Thunder Wave|p2a: Decidueye\n|-status|p2a: Decidueye|par\n|move|p2a: Decidueye|Swords Dance|p2a: Decidueye\n|-boost|p2a: Decidueye|atk|2\n|-enditem|p1a: Mewthree|Mirror Herb\n|-boost|p1a: Mewthree|atk|2|[from] item: Mirror Herb\n|\n|upkeep\n|turn|4\n|\n|t:|1700434192\n|move|p2a: Decidueye|Shadow Sneak|p1a: Mewthree\n|-supereffective|p1a: Mewthree\n|-damage|p1a: Mewthree|0 fnt\n|faint|p1a: Mewthree\n|-damage|p2a: Decidueye|91\/100 par|[from] item: Life Orb\n|\n|upkeep\n|\n|t:|1700434201\n|switch|p1a: Kitsune|Delphox, F, shiny|100\/100\n|turn|5\n|\n|t:|1700434206\n|move|p1a: Kitsune|Flamethrower|p2a: Decidueye\n|-supereffective|p2a: Decidueye\n|-damage|p2a: Decidueye|25\/100 par\n|move|p2a: Decidueye|Leaf Blade|p1a: Kitsune\n|-enditem|p1a: Kitsune|Focus Sash\n|-damage|p1a: Kitsune|1\/100\n|replace|p1a: Lycanrock-Twilight|Zoroark-Hisui, F, shiny\n|-end|p1a: Lycanrock-Twilight|Illusion\n|-damage|p2a: Decidueye|16\/100 par|[from] item: Life Orb\n|\n|upkeep\n|turn|6\n|\n|t:|1700434216\n|move|p1a: Lycanrock-Twilight|Flamethrower|p2a: Decidueye\n|-supereffective|p2a: Decidueye\n|-damage|p2a: Decidueye|0 fnt\n|faint|p2a: Decidueye\n|\n|upkeep\n|\n|t:|1700434220\n|switch|p2a: Decidueye|Decidueye-Hisui, M|100\/100\n|turn|7\n|\n|t:|1700434225\n|move|p1a: Lycanrock-Twilight|Psychic|p2a: Decidueye\n|-supereffective|p2a: Decidueye\n|-damage|p2a: Decidueye|30\/100\n|move|p2a: Decidueye|Triple Arrows|p1a: Lycanrock-Twilight\n|-supereffective|p1a: Lycanrock-Twilight\n|-damage|p1a: Lycanrock-Twilight|0 fnt\n|faint|p1a: Lycanrock-Twilight\n|-damage|p2a: Decidueye|20\/100|[from] item: Life Orb\n|\n|upkeep\n|\n|t:|1700434232\n|switch|p1a: Multifluff|Ninetales-Alola, M, shiny|100\/100\n|-weather|Snow|[from] ability: Snow Warning|[of] p1a: Multifluff\n|turn|8\n|\n|t:|1700434236\n|move|p1a: Multifluff|Blizzard|p2a: Decidueye\n|-supereffective|p2a: Decidueye\n|-damage|p2a: Decidueye|0 fnt\n|faint|p2a: Decidueye\n|\n|-weather|Snow|[upkeep]\n|upkeep\n|\n|t:|1700434241\n|switch|p2a: Decidueye|Decidueye, M, shiny|100\/100 par\n|turn|9\n|\n|t:|1700434245\n|move|p1a: Multifluff|Blizzard|p2a: Decidueye\n|-supereffective|p2a: Decidueye\n|-damage|p2a: Decidueye|3\/100 par\n|move|p2a: Decidueye|Swords Dance|p2a: Decidueye\n|-boost|p2a: Decidueye|atk|2\n|\n|-weather|Snow|[upkeep]\n|upkeep\n|turn|10\n|\n|t:|1700434250\n|move|p2a: Decidueye|Shadow Sneak|p1a: Multifluff\n|-damage|p1a: Multifluff|50\/100\n|-damage|p2a: Decidueye|0 fnt|[from] item: Life Orb\n|faint|p2a: Decidueye\n|move|p1a: Multifluff|Blizzard|p2: Decidueye|[notarget]\n|-fail|p1a: Multifluff\n|\n|-weather|Snow|[upkeep]\n|upkeep\n|\n|t:|1700434254\n|switch|p2a: Decidueye|Decidueye, F, shiny|100\/100\n|turn|11\n|\n|t:|1700434258\n|move|p1a: Multifluff|Blizzard|p2a: Decidueye\n|-supereffective|p2a: Decidueye\n|-damage|p2a: Decidueye|0 fnt\n|faint|p2a: Decidueye\n|\n|-weather|Snow|[upkeep]\n|upkeep\n|\n|t:|1700434263\n|switch|p2a: Decidueye|Decidueye-Hisui, F|100\/100\n|turn|12\n|\n|t:|1700434269\n|move|p1a: Multifluff|Blizzard|p2a: Decidueye\n|-supereffective|p2a: Decidueye\n|-damage|p2a: Decidueye|0 fnt\n|faint|p2a: Decidueye\n|\n|-weather|none\n|upkeep\n|n|\u2606showdown ac flinch|showdownacflinch\n|inactive|Battle timer is ON: inactive players will automatically lose when time's up. (requested by FemboyPlayer)\n|c|\u2606showdown ac flinch|stupid furry\n|l|\u2606showdown ac flinch\n|inactive|showdown ac flinch disconnected and has a minute to reconnect!\n|player|p2|\n|inactive|showdown ac flinch has 30 seconds to reconnect!\n|inactive|showdown ac flinch has 20 seconds to reconnect!\n|inactive|showdown ac flinch has 15 seconds to reconnect!\n|inactive|showdown ac flinch has 10 seconds to reconnect!\n|inactive|showdown ac flinch has 5 seconds to reconnect!\n|-message|showdown ac flinch lost due to inactivity.\n|\n|win|FemboyPlayer\n|raw|FemboyPlayer's rating: 1110 &rarr; <strong>1127<\/strong><br \/>(+17 for winning)\n|raw|showdown ac flinch's rating: 1000 &rarr; <strong>1000<\/strong><br \/>(+0 for losing)\n","uploadtime":1700434391,"views":1,"p1id":"femboyplayer","p2id":"showdownacflinch","formatid":"gen9anythinggoes","rating":1000,"private":0,"password":""}