{"id":"gen9anythinggoes-1990044428","p1":"jstacks89","p2":"Nubbleslabob","format":"[Gen 9] Anything Goes","log":"|j|\u2606jstacks89\n|j|\u2606Nubbleslabob\n|t:|1699918564\n|gametype|singles\n|player|p1|jstacks89|170|1081\n|player|p2|Nubbleslabob|waiter-gen9|1147\n|teamsize|p1|6\n|teamsize|p2|6\n|gen|9\n|tier|[Gen 9] Anything Goes\n|rated|\n|rule|HP Percentage Mod: HP is shown in percentages\n|rule|Endless Battle Clause: Forcing endless battles is banned\n|clearpoke\n|poke|p1|Ceruledge, M|\n|poke|p1|Kyogre|\n|poke|p1|Amoonguss, M|\n|poke|p1|Espathra, M|\n|poke|p1|Maushold-Four|\n|poke|p1|Ditto|\n|poke|p2|Cloyster, F|\n|poke|p2|Cloyster, F|\n|poke|p2|Cloyster, M|\n|poke|p2|Cloyster, F|\n|poke|p2|Cloyster, F|\n|poke|p2|Cloyster, F|\n|teampreview\n|\n|t:|1699918571\n|start\n|switch|p1a: Amoonguss|Amoonguss, M|100\/100\n|switch|p2a: john wick|Cloyster, F, shiny|100\/100\n|turn|1\n|c|\u2606jstacks89|hi :)\n|\n|t:|1699918598\n|move|p2a: john wick|Shell Smash|p2a: john wick\n|-unboost|p2a: john wick|def|1\n|-unboost|p2a: john wick|spd|1\n|-boost|p2a: john wick|atk|2\n|-boost|p2a: john wick|spa|2\n|-boost|p2a: john wick|spe|2\n|move|p1a: Amoonguss|Spore|p2a: john wick\n|-status|p2a: john wick|slp|[from] move: Spore\n|\n|upkeep\n|turn|2\n|c|\u2606Nubbleslabob|hi :)\n|c|\u2606jstacks89|i missed play rough twice last match lets see how this goes\n|c|\u2606Nubbleslabob|prepare to be cloystered\n|\n|t:|1699918619\n|cant|p2a: john wick|slp\n|move|p1a: Amoonguss|Giga Drain|p2a: john wick\n|-supereffective|p2a: john wick\n|-enditem|p2a: john wick|Focus Sash\n|-damage|p2a: john wick|1\/100 slp\n|\n|upkeep\n|turn|3\n|\n|t:|1699918626\n|cant|p2a: john wick|slp\n|move|p1a: Amoonguss|Giga Drain|p2a: john wick\n|-supereffective|p2a: john wick\n|-damage|p2a: john wick|0 fnt\n|faint|p2a: john wick\n|\n|upkeep\n|\n|t:|1699918632\n|switch|p2a: w doge|Cloyster, F, shiny|100\/100\n|turn|4\n|c|\u2606jstacks89|i refuse to get cloystered\n|\n|t:|1699918643\n|move|p2a: w doge|Icicle Spear|p1a: Amoonguss\n|-supereffective|p1a: Amoonguss\n|-damage|p1a: Amoonguss|81\/100\n|-supereffective|p1a: Amoonguss\n|-damage|p1a: Amoonguss|61\/100\n|-supereffective|p1a: Amoonguss\n|-damage|p1a: Amoonguss|41\/100\n|-supereffective|p1a: Amoonguss\n|-damage|p1a: Amoonguss|22\/100\n|-supereffective|p1a: Amoonguss\n|-damage|p1a: Amoonguss|2\/100\n|-hitcount|p1a: Amoonguss|5\n|move|p1a: Amoonguss|Spore|p2a: w doge\n|-status|p2a: w doge|slp|[from] move: Spore\n|\n|-heal|p1a: Amoonguss|9\/100|[from] item: Black Sludge\n|upkeep\n|turn|5\n|\n|t:|1699918656\n|switch|p2a: LEEROY JENKINS|Cloyster, M, shiny|100\/100\n|move|p1a: Amoonguss|Giga Drain|p2a: LEEROY JENKINS\n|-supereffective|p2a: LEEROY JENKINS\n|-enditem|p2a: LEEROY JENKINS|Focus Sash\n|-damage|p2a: LEEROY JENKINS|1\/100\n|-heal|p1a: Amoonguss|36\/100|[from] drain|[of] p2a: LEEROY JENKINS\n|\n|-heal|p1a: Amoonguss|43\/100|[from] item: Black Sludge\n|upkeep\n|turn|6\n|c|\u2606jstacks89|give me my health back\n|\n|t:|1699918668\n|move|p2a: LEEROY JENKINS|Icicle Spear|p1a: Amoonguss\n|-supereffective|p1a: Amoonguss\n|-damage|p1a: Amoonguss|22\/100\n|-supereffective|p1a: Amoonguss\n|-damage|p1a: Amoonguss|3\/100\n|-supereffective|p1a: Amoonguss\n|-damage|p1a: Amoonguss|0 fnt\n|faint|p1a: Amoonguss\n|-hitcount|p1: Amoonguss|3\n|\n|upkeep\n|c|\u2606jstacks89|ow\n|c|\u2606Nubbleslabob|nani\n|\n|t:|1699918681\n|switch|p1a: Espathra|Espathra, M|100\/100\n|turn|7\n|c|\u2606Nubbleslabob|your only counter to me is dead\n|c|\u2606jstacks89|no\n|c|\u2606jstacks89|no its not\n|\n|t:|1699918697\n|move|p1a: Espathra|Calm Mind|p1a: Espathra\n|-boost|p1a: Espathra|spa|1\n|-boost|p1a: Espathra|spd|1\n|move|p2a: LEEROY JENKINS|Icicle Spear|p1a: Espathra\n|-damage|p1a: Espathra|85\/100\n|-damage|p1a: Espathra|68\/100\n|-damage|p1a: Espathra|50\/100\n|-damage|p1a: Espathra|33\/100\n|-damage|p1a: Espathra|16\/100\n|-hitcount|p1a: Espathra|5\n|\n|-heal|p1a: Espathra|22\/100|[from] item: Leftovers\n|-ability|p1a: Espathra|Speed Boost|boost\n|-boost|p1a: Espathra|spe|1\n|upkeep\n|turn|8\n|\n|t:|1699918710\n|move|p1a: Espathra|Protect|p1a: Espathra\n|-singleturn|p1a: Espathra|Protect\n|move|p2a: LEEROY JENKINS|Icicle Spear|p1a: Espathra\n|-activate|p1a: Espathra|move: Protect\n|\n|-heal|p1a: Espathra|28\/100|[from] item: Leftovers\n|-ability|p1a: Espathra|Speed Boost|boost\n|-boost|p1a: Espathra|spe|1\n|upkeep\n|turn|9\n|\n|t:|1699918718\n|move|p1a: Espathra|Stored Power|p2a: LEEROY JENKINS\n|-damage|p2a: LEEROY JENKINS|0 fnt\n|faint|p2a: LEEROY JENKINS\n|\n|-heal|p1a: Espathra|34\/100|[from] item: Leftovers\n|-ability|p1a: Espathra|Speed Boost|boost\n|-boost|p1a: Espathra|spe|1\n|upkeep\n|c|\u2606jstacks89|:)\n|\n|t:|1699918724\n|switch|p2a: w doge|Cloyster, F, shiny|100\/100 slp\n|turn|10\n|\n|t:|1699918731\n|move|p1a: Espathra|Calm Mind|p1a: Espathra\n|-boost|p1a: Espathra|spa|1\n|-boost|p1a: Espathra|spd|1\n|cant|p2a: w doge|slp\n|\n|-heal|p1a: Espathra|40\/100|[from] item: Leftovers\n|-ability|p1a: Espathra|Speed Boost|boost\n|-boost|p1a: Espathra|spe|1\n|upkeep\n|turn|11\n|\n|t:|1699918738\n|move|p1a: Espathra|Stored Power|p2a: w doge\n|-enditem|p2a: w doge|Focus Sash\n|-damage|p2a: w doge|1\/100 slp\n|cant|p2a: w doge|slp\n|\n|-heal|p1a: Espathra|46\/100|[from] item: Leftovers\n|-ability|p1a: Espathra|Speed Boost|boost\n|-boost|p1a: Espathra|spe|1\n|upkeep\n|turn|12\n|c|\u2606Nubbleslabob|WAKE UP GOD DAMMIT\n|\n|t:|1699918780\n|switch|p2a: vsauce michael|Cloyster, F, shiny|100\/100\n|move|p1a: Espathra|Stored Power|p2a: vsauce michael\n|-enditem|p2a: vsauce michael|Focus Sash\n|-damage|p2a: vsauce michael|1\/100\n|\n|-heal|p1a: Espathra|52\/100|[from] item: Leftovers\n|-ability|p1a: Espathra|Speed Boost|boost\n|-boost|p1a: Espathra|spe|1\n|upkeep\n|turn|13\n|c|\u2606jstacks89|sry was doing somthing\n|\n|t:|1699918793\n|move|p1a: Espathra|Stored Power|p2a: vsauce michael\n|-damage|p2a: vsauce michael|0 fnt\n|faint|p2a: vsauce michael\n|\n|-heal|p1a: Espathra|58\/100|[from] item: Leftovers\n|upkeep\n|\n|t:|1699918798\n|switch|p2a: Mr. Bubble guppy|Cloyster, F, shiny|100\/100\n|turn|14\n|\n|t:|1699918802\n|move|p1a: Espathra|Protect|p1a: Espathra\n|-singleturn|p1a: Espathra|Protect\n|move|p2a: Mr. Bubble guppy|Icicle Spear|p1a: Espathra\n|-activate|p1a: Espathra|move: Protect\n|\n|-heal|p1a: Espathra|64\/100|[from] item: Leftovers\n|upkeep\n|turn|15\n|\n|t:|1699918808\n|move|p1a: Espathra|Stored Power|p2a: Mr. Bubble guppy\n|-enditem|p2a: Mr. Bubble guppy|Focus Sash\n|-damage|p2a: Mr. Bubble guppy|1\/100\n|move|p2a: Mr. Bubble guppy|Icicle Spear|p1a: Espathra\n|-damage|p1a: Espathra|46\/100\n|-damage|p1a: Espathra|28\/100\n|-damage|p1a: Espathra|12\/100\n|-damage|p1a: Espathra|0 fnt\n|faint|p1a: Espathra\n|-hitcount|p1: Espathra|4\n|\n|upkeep\n|c|\u2606jstacks89|sad\n|\n|t:|1699918823\n|switch|p1a: Kyogre|Kyogre|100\/100\n|-weather|RainDance|[from] ability: Drizzle|[of] p1a: Kyogre\n|turn|16\n|c|\u2606Nubbleslabob|PLEASE DIE DAMMIT\n|\n|t:|1699918833\n|move|p2a: Mr. Bubble guppy|Icicle Spear|p1a: Kyogre\n|-resisted|p1a: Kyogre\n|-damage|p1a: Kyogre|96\/100\n|-resisted|p1a: Kyogre\n|-damage|p1a: Kyogre|91\/100\n|-resisted|p1a: Kyogre\n|-damage|p1a: Kyogre|85\/100\n|-resisted|p1a: Kyogre\n|-damage|p1a: Kyogre|80\/100\n|-resisted|p1a: Kyogre\n|-damage|p1a: Kyogre|75\/100\n|-hitcount|p1a: Kyogre|5\n|move|p1a: Kyogre|Origin Pulse|p2a: Mr. Bubble guppy\n|-resisted|p2a: Mr. Bubble guppy\n|-damage|p2a: Mr. Bubble guppy|0 fnt\n|faint|p2a: Mr. Bubble guppy\n|\n|-weather|RainDance|[upkeep]\n|-heal|p1a: Kyogre|81\/100|[from] item: Leftovers\n|upkeep\n|\n|t:|1699918852\n|switch|p2a: Moai|Cloyster, F, shiny|100\/100\n|turn|17\n|c|\u2606Nubbleslabob|moai\n|\n|t:|1699918860\n|-terastallize|p2a: Moai|Ground\n|move|p2a: Moai|Tera Blast|p1a: Kyogre|[anim] Tera Blast Ground\n|-damage|p1a: Kyogre|52\/100\n|move|p1a: Kyogre|Origin Pulse|p2a: Moai\n|-supereffective|p2a: Moai\n|-enditem|p2a: Moai|Focus Sash\n|-damage|p2a: Moai|1\/100\n|\n|-weather|RainDance|[upkeep]\n|-heal|p1a: Kyogre|58\/100|[from] item: Leftovers\n|upkeep\n|turn|18\n|c|\u2606Nubbleslabob|tera time\n|c|\u2606jstacks89|ow\n|c|\u2606jstacks89|now die\n|\n|t:|1699918876\n|move|p2a: Moai|Rock Blast|p1a: Kyogre\n|-damage|p1a: Kyogre|51\/100\n|-damage|p1a: Kyogre|45\/100\n|-damage|p1a: Kyogre|38\/100\n|-damage|p1a: Kyogre|30\/100\n|-damage|p1a: Kyogre|24\/100\n|-hitcount|p1a: Kyogre|5\n|move|p1a: Kyogre|Origin Pulse|p2a: Moai\n|-supereffective|p2a: Moai\n|-damage|p2a: Moai|0 fnt\n|faint|p2a: Moai\n|\n|-weather|RainDance|[upkeep]\n|-heal|p1a: Kyogre|30\/100|[from] item: Leftovers\n|upkeep\n|\n|t:|1699918893\n|switch|p2a: w doge|Cloyster, F, shiny|1\/100 slp\n|turn|19\n|c|\u2606Nubbleslabob|WAKE UP MOTHERFUCKER\n|c|\u2606jstacks89|hey wana see something cool\n|\n|t:|1699918907\n|switch|p1a: Ditto|Ditto|100\/100\n|-transform|p1a: Ditto|p2a: w doge|[from] ability: Imposter\n|cant|p2a: w doge|slp\n|\n|-weather|RainDance|[upkeep]\n|upkeep\n|turn|20\n|c|\u2606jstacks89|get cloystered\n|c|\u2606Nubbleslabob|dont outspeed\n|\n|t:|1699918921\n|move|p1a: Ditto|Shell Smash|p1a: Ditto\n|-unboost|p1a: Ditto|def|1\n|-unboost|p1a: Ditto|spd|1\n|-boost|p1a: Ditto|atk|2\n|-boost|p1a: Ditto|spa|2\n|-boost|p1a: Ditto|spe|2\n|-curestatus|p2a: w doge|slp|[msg]\n|move|p2a: w doge|Icicle Spear|p1a: Ditto\n|-resisted|p1a: Ditto\n|-damage|p1a: Ditto|97\/100\n|-resisted|p1a: Ditto\n|-damage|p1a: Ditto|95\/100\n|-resisted|p1a: Ditto\n|-damage|p1a: Ditto|92\/100\n|-resisted|p1a: Ditto\n|-damage|p1a: Ditto|89\/100\n|-resisted|p1a: Ditto\n|-damage|p1a: Ditto|87\/100\n|-hitcount|p1a: Ditto|5\n|\n|-weather|none\n|-heal|p1a: Ditto|93\/100|[from] item: Leftovers\n|upkeep\n|turn|21\n|c|\u2606Nubbleslabob|ggs\n|c|\u2606jstacks89|little baby damage\n|\n|t:|1699918950\n|move|p1a: Ditto|Shell Smash|p1a: Ditto\n|-unboost|p1a: Ditto|def|1\n|-unboost|p1a: Ditto|spd|1\n|-boost|p1a: Ditto|atk|2\n|-boost|p1a: Ditto|spa|2\n|-boost|p1a: Ditto|spe|2\n|move|p2a: w doge|Rock Blast|p1a: Ditto\n|-supereffective|p1a: Ditto\n|-damage|p1a: Ditto|74\/100\n|-supereffective|p1a: Ditto\n|-damage|p1a: Ditto|57\/100\n|-supereffective|p1a: Ditto\n|-damage|p1a: Ditto|36\/100\n|-supereffective|p1a: Ditto\n|-crit|p1a: Ditto\n|-damage|p1a: Ditto|9\/100\n|-supereffective|p1a: Ditto\n|-damage|p1a: Ditto|0 fnt\n|faint|p1a: Ditto\n|-hitcount|p1: Ditto|5\n|\n|upkeep\n|c|\u2606Nubbleslabob|OH\n|c|\u2606Nubbleslabob|OH\n|c|\u2606Nubbleslabob|OH\n|c|\u2606Nubbleslabob|OHHHH\n|c|\u2606jstacks89|wait stop nooooooo\n|c|\u2606Nubbleslabob|GET CLOYSTERED\n|\n|t:|1699918968\n|switch|p1a: Maushold|Maushold-Four|100\/100\n|turn|22\n|c|\u2606Nubbleslabob|BWAHAHAHA\n|c|\u2606Nubbleslabob|uh oh\n|c|\u2606jstacks89|get bombed\n|\n|t:|1699918987\n|move|p1a: Maushold|Population Bomb|p2a: w doge\n|-damage|p2a: w doge|0 fnt\n|faint|p2a: w doge\n|-hitcount|p2: w doge|1\n|\n|win|jstacks89\n|raw|jstacks89's rating: 1081 &rarr; <strong>1114<\/strong><br \/>(+33 for winning)\n|raw|Nubbleslabob's rating: 1147 &rarr; <strong>1117<\/strong><br \/>(-30 for losing)\n","uploadtime":1699918826,"views":4,"p1id":"jstacks89","p2id":"nubbleslabob","formatid":"gen9anythinggoes","rating":1114,"private":0,"password":""}