{"id":"gen9anythinggoes-1978898457","p1":"pokemonshowdoe","p2":"Ceruliknight","format":"[Gen 9] Anything Goes","log":"|j|\u2606pokemonshowdoe\n|j|\u2606Ceruliknight\n|t:|1698607914\n|gametype|singles\n|player|p1|pokemonshowdoe|gentleman-gen4dp|\n|player|p2|Ceruliknight|riley|\n|teamsize|p1|6\n|teamsize|p2|6\n|gen|9\n|tier|[Gen 9] Anything Goes\n|rule|HP Percentage Mod: HP is shown in percentages\n|rule|Endless Battle Clause: Forcing endless battles is banned\n|clearpoke\n|poke|p1|Azumarill, F|\n|poke|p1|Rookidee, F|\n|poke|p1|Torkoal, M|\n|poke|p1|Voltorb|\n|poke|p1|Luvdisc, M|\n|poke|p1|Morgrem, M|\n|poke|p2|Wingull, F|\n|poke|p2|Lechonk, F|\n|poke|p2|Hoppip, M|\n|poke|p2|Froslass, F|\n|poke|p2|Farigiraf, M|\n|poke|p2|Shuppet, M|\n|teampreview\n|\n|t:|1698607933\n|start\n|switch|p1a: Azumarill|Azumarill, F|100\/100\n|switch|p2a: Peeko|Wingull, F, shiny|100\/100\n|turn|1\n|\n|t:|1698607968\n|switch|p1a: Rookidee|Rookidee, F|100\/100\n|move|p2a: Peeko|Rain Dance|p2a: Peeko\n|-weather|RainDance\n|\n|-weather|RainDance|[upkeep]\n|upkeep\n|turn|2\n|\n|t:|1698607977\n|move|p2a: Peeko|Ice Beam|p1a: Rookidee\n|-supereffective|p1a: Rookidee\n|-damage|p1a: Rookidee|47\/100\n|move|p1a: Rookidee|Hone Claws|p1a: Rookidee\n|-boost|p1a: Rookidee|atk|1\n|-boost|p1a: Rookidee|accuracy|1\n|\n|-weather|RainDance|[upkeep]\n|upkeep\n|turn|3\n|\n|t:|1698607988\n|switch|p1a: Luvdisc|Luvdisc, M|100\/100\n|move|p2a: Peeko|Ice Beam|p1a: Luvdisc\n|-resisted|p1a: Luvdisc\n|-damage|p1a: Luvdisc|86\/100\n|\n|-weather|RainDance|[upkeep]\n|upkeep\n|turn|4\n|\n|t:|1698607997\n|move|p2a: Peeko|Air Slash|p1a: Luvdisc\n|-damage|p1a: Luvdisc|53\/100\n|move|p1a: Luvdisc|Ice Beam|p2a: Peeko\n|-damage|p2a: Peeko|74\/100\n|\n|-weather|RainDance|[upkeep]\n|-heal|p2a: Peeko|80\/100|[from] ability: Rain Dish\n|upkeep\n|turn|5\n|\n|t:|1698608015\n|-terastallize|p1a: Luvdisc|Water\n|move|p2a: Peeko|Air Slash|p1a: Luvdisc\n|-damage|p1a: Luvdisc|18\/100\n|cant|p1a: Luvdisc|flinch\n|\n|-weather|none\n|upkeep\n|turn|6\n|\n|t:|1698608023\n|move|p1a: Luvdisc|Protect|p1a: Luvdisc\n|-singleturn|p1a: Luvdisc|Protect\n|move|p2a: Peeko|Rain Dance|p2a: Peeko\n|-weather|RainDance\n|\n|-weather|RainDance|[upkeep]\n|-heal|p2a: Peeko|86\/100|[from] ability: Rain Dish\n|upkeep\n|turn|7\n|\n|t:|1698608030\n|move|p1a: Luvdisc|Protect||[still]\n|-fail|p1a: Luvdisc\n|move|p2a: Peeko|Air Slash|p1a: Luvdisc\n|-damage|p1a: Luvdisc|0 fnt\n|faint|p1a: Luvdisc\n|\n|-weather|RainDance|[upkeep]\n|-heal|p2a: Peeko|92\/100|[from] ability: Rain Dish\n|upkeep\n|\n|t:|1698608039\n|switch|p1a: Voltorb|Voltorb|100\/100\n|turn|8\n|\n|t:|1698608045\n|switch|p2a: Chonks|Lechonk, F|100\/100\n|move|p1a: Voltorb|Light Screen|p1a: Voltorb\n|-sidestart|p1: pokemonshowdoe|move: Light Screen\n|\n|-weather|RainDance|[upkeep]\n|upkeep\n|turn|9\n|\n|t:|1698608056\n|switch|p2a: Shoopit|Shuppet, M, shiny|100\/100\n|move|p1a: Voltorb|Protect||[still]\n|-fail|p1a: Voltorb\n|\n|-weather|RainDance|[upkeep]\n|upkeep\n|turn|10\n|\n|t:|1698608067\n|switch|p1a: Rookidee|Rookidee, F|47\/100\n|move|p2a: Shoopit|Encore||[still]\n|-fail|p2a: Shoopit\n|\n|-weather|none\n|upkeep\n|turn|11\n|\n|t:|1698608087\n|move|p1a: Rookidee|Hone Claws|p1a: Rookidee\n|-boost|p1a: Rookidee|atk|1\n|-boost|p1a: Rookidee|accuracy|1\n|move|p2a: Shoopit|Poltergeist|p1a: Rookidee\n|-activate|p1a: Rookidee|move: Poltergeist|Eviolite\n|-damage|p1a: Rookidee|0 fnt\n|faint|p1a: Rookidee\n|\n|upkeep\n|\n|t:|1698608097\n|switch|p1a: Azumarill|Azumarill, F|100\/100\n|turn|12\n|\n|t:|1698608105\n|move|p1a: Azumarill|Aqua Jet|p2a: Shoopit\n|-damage|p2a: Shoopit|75\/100\n|move|p2a: Shoopit|Encore|p1a: Azumarill\n|-start|p1a: Azumarill|Encore\n|\n|-sideend|p1: pokemonshowdoe|move: Light Screen\n|upkeep\n|turn|13\n|\n|t:|1698608115\n|move|p1a: Azumarill|Aqua Jet|p2a: Shoopit\n|-crit|p2a: Shoopit\n|-damage|p2a: Shoopit|34\/100\n|move|p2a: Shoopit|Gunk Shot|p1a: Azumarill|[miss]\n|-miss|p2a: Shoopit|p1a: Azumarill\n|\n|upkeep\n|turn|14\n|\n|t:|1698608136\n|move|p1a: Azumarill|Aqua Jet|p2a: Shoopit\n|-damage|p2a: Shoopit|6\/100\n|move|p2a: Shoopit|Shadow Sneak|p1a: Azumarill\n|-damage|p1a: Azumarill|78\/100\n|\n|upkeep\n|turn|15\n|\n|t:|1698608152\n|move|p1a: Azumarill|Aqua Jet|p2a: Shoopit\n|-damage|p2a: Shoopit|0 fnt\n|faint|p2a: Shoopit\n|\n|-end|p1a: Azumarill|Encore\n|upkeep\n|\n|t:|1698608161\n|switch|p2a: Girafaraf|Farigiraf, M|100\/100\n|turn|16\n|\n|t:|1698608173\n|move|p1a: Azumarill|Belly Drum|p1a: Azumarill\n|-damage|p1a: Azumarill|28\/100\n|-setboost|p1a: Azumarill|atk|6|[from] move: Belly Drum\n|move|p2a: Girafaraf|Nasty Plot|p2a: Girafaraf\n|-boost|p2a: Girafaraf|spa|2\n|\n|upkeep\n|turn|17\n|\n|t:|1698608182\n|move|p1a: Azumarill|Brick Break|p2a: Girafaraf\n|-damage|p2a: Girafaraf|56\/100\n|move|p2a: Girafaraf|Hyper Voice|p1a: Azumarill\n|-damage|p1a: Azumarill|0 fnt\n|faint|p1a: Azumarill\n|-enditem|p2a: Girafaraf|Throat Spray\n|-boost|p2a: Girafaraf|spa|1|[from] item: Throat Spray\n|\n|upkeep\n|\n|t:|1698608190\n|switch|p1a: Torkoal|Torkoal, M|100\/100\n|turn|18\n|\n|t:|1698608198\n|move|p2a: Girafaraf|Hyper Voice|p1a: Torkoal\n|-damage|p1a: Torkoal|0 fnt\n|faint|p1a: Torkoal\n|\n|upkeep\n|\n|t:|1698608203\n|switch|p1a: Voltorb|Voltorb|100\/100\n|turn|19\n|\n|t:|1698608209\n|switch|p2a: Yuki|Froslass, F|100\/100\n|move|p1a: Voltorb|Explosion|p2a: Yuki\n|-immune|p2a: Yuki\n|faint|p1a: Voltorb\n|\n|upkeep\n|\n|t:|1698608216\n|switch|p1a: Morgrem|Morgrem, M|100\/100\n|-item|p2a: Yuki|Leftovers|[from] ability: Frisk|[of] p1a: Morgrem|[identify]\n|turn|20\n|\n|t:|1698608226\n|move|p2a: Yuki|Will-O-Wisp|p1a: Morgrem\n|-status|p1a: Morgrem|brn\n|move|p1a: Morgrem|Dazzling Gleam|p2a: Yuki\n|-damage|p2a: Yuki|49\/100\n|\n|-heal|p2a: Yuki|55\/100|[from] item: Leftovers\n|-damage|p1a: Morgrem|94\/100 brn|[from] brn\n|upkeep\n|turn|21\n|\n|t:|1698608236\n|move|p2a: Yuki|Ice Beam|p1a: Morgrem\n|-damage|p1a: Morgrem|32\/100 brn\n|move|p1a: Morgrem|Dazzling Gleam|p2a: Yuki\n|-damage|p2a: Yuki|3\/100\n|\n|-heal|p2a: Yuki|9\/100|[from] item: Leftovers\n|-damage|p1a: Morgrem|25\/100 brn|[from] brn\n|upkeep\n|turn|22\n|\n|t:|1698608249\n|move|p2a: Yuki|Destiny Bond|p2a: Yuki\n|-singlemove|p2a: Yuki|Destiny Bond\n|move|p1a: Morgrem|Dazzling Gleam|p2a: Yuki\n|-damage|p2a: Yuki|0 fnt\n|faint|p2a: Yuki\n|-activate|p2a: Yuki|move: Destiny Bond\n|faint|p1a: Morgrem\n|\n|win|Ceruliknight\n","uploadtime":1698608259,"views":4,"p1id":"pokemonshowdoe","p2id":"ceruliknight","formatid":"gen9anythinggoes","rating":0,"private":0,"password":""}