{"id":"gen9anythinggoes-1978520634","p1":"AlolanRa1chu","p2":"MrSaltedBeef","format":"[Gen 9] Anything Goes","log":"|j|\u2606AlolanRa1chu\n|j|\u2606MrSaltedBeef\n|t:|1698549899\n|gametype|singles\n|player|p1|AlolanRa1chu|wattson|\n|player|p2|MrSaltedBeef|101|\n|teamsize|p1|6\n|teamsize|p2|6\n|gen|9\n|tier|[Gen 9] Anything Goes\n|rule|HP Percentage Mod: HP is shown in percentages\n|rule|Endless Battle Clause: Forcing endless battles is banned\n|clearpoke\n|poke|p1|Rayquaza|\n|poke|p1|Ting-Lu|\n|poke|p1|Meowscarada, F|\n|poke|p1|Goodra-Hisui, M|\n|poke|p1|Flutter Mane|\n|poke|p1|Arceus-Fire|\n|poke|p2|Annihilape, F|\n|poke|p2|Sylveon, M|\n|poke|p2|Baxcalibur, M|\n|poke|p2|Charcadet, F|\n|poke|p2|Vikavolt, F|\n|poke|p2|Rillaboom, F|\n|teampreview\n|\n|t:|1698549919\n|start\n|switch|p1a: boo|Flutter Mane|100\/100\n|switch|p2a: slim jim|Vikavolt, F, shiny|100\/100\n|-enditem|p1a: boo|Booster Energy\n|-activate|p1a: boo|ability: Protosynthesis|[fromitem]\n|-start|p1a: boo|protosynthesisspa\n|turn|1\n|\n|t:|1698549926\n|move|p1a: boo|Calm Mind|p1a: boo\n|-boost|p1a: boo|spa|1\n|-boost|p1a: boo|spd|1\n|move|p2a: slim jim|Volt Switch|p1a: boo\n|-damage|p1a: boo|78\/100\n|\n|t:|1698549931\n|switch|p2a: lucy|Sylveon, M, shiny|100\/100|[from] Volt Switch\n|\n|upkeep\n|turn|2\n|\n|t:|1698549936\n|move|p1a: boo|Hex|p2a: lucy\n|-damage|p2a: lucy|58\/100\n|move|p2a: lucy|Dazzling Gleam|p1a: boo\n|-damage|p1a: boo|60\/100\n|\n|upkeep\n|turn|3\n|\n|t:|1698549947\n|move|p1a: boo|Calm Mind|p1a: boo\n|-boost|p1a: boo|spa|1\n|-boost|p1a: boo|spd|1\n|move|p2a: lucy|Charm|p1a: boo\n|-unboost|p1a: boo|atk|2\n|\n|upkeep\n|turn|4\n|\n|t:|1698549951\n|move|p1a: boo|Calm Mind|p1a: boo\n|-boost|p1a: boo|spa|1\n|-boost|p1a: boo|spd|1\n|move|p2a: lucy|Draining Kiss|p1a: boo\n|-damage|p1a: boo|52\/100\n|-heal|p2a: lucy|63\/100|[from] drain|[of] p1a: boo\n|\n|upkeep\n|turn|5\n|\n|t:|1698549954\n|move|p1a: boo|Calm Mind|p1a: boo\n|-boost|p1a: boo|spa|1\n|-boost|p1a: boo|spd|1\n|move|p2a: lucy|Dazzling Gleam|p1a: boo\n|-damage|p1a: boo|40\/100\n|\n|upkeep\n|turn|6\n|\n|t:|1698549959\n|move|p1a: boo|Calm Mind|p1a: boo\n|-boost|p1a: boo|spa|1\n|-boost|p1a: boo|spd|1\n|move|p2a: lucy|Facade|p1a: boo\n|-immune|p1a: boo\n|\n|upkeep\n|turn|7\n|\n|t:|1698549962\n|move|p1a: boo|Calm Mind|p1a: boo\n|-boost|p1a: boo|spa|1\n|-boost|p1a: boo|spd|1\n|move|p2a: lucy|Dazzling Gleam|p1a: boo\n|-damage|p1a: boo|32\/100\n|\n|upkeep\n|turn|8\n|\n|t:|1698549965\n|move|p1a: boo|Hex|p2a: lucy\n|-damage|p2a: lucy|0 fnt\n|faint|p2a: lucy\n|\n|upkeep\n|\n|t:|1698549968\n|switch|p2a: slim jim|Vikavolt, F, shiny|100\/100\n|turn|9\n|\n|t:|1698549975\n|move|p1a: boo|Dazzling Gleam|p2a: slim jim\n|-damage|p2a: slim jim|0 fnt\n|faint|p2a: slim jim\n|\n|upkeep\n|\n|t:|1698549978\n|switch|p2a: global warming|Baxcalibur, M|100\/100\n|turn|10\n|\n|t:|1698549981\n|move|p1a: boo|Dazzling Gleam|p2a: global warming\n|-supereffective|p2a: global warming\n|-damage|p2a: global warming|0 fnt\n|faint|p2a: global warming\n|\n|upkeep\n|\n|t:|1698549984\n|switch|p2a: Crush^tm ORANGE|Annihilape, F|100\/100\n|turn|11\n|\n|t:|1698549987\n|move|p1a: boo|Dazzling Gleam|p2a: Crush^tm ORANGE\n|-supereffective|p2a: Crush^tm ORANGE\n|-damage|p2a: Crush^tm ORANGE|0 fnt\n|faint|p2a: Crush^tm ORANGE\n|\n|upkeep\n|\n|t:|1698549989\n|switch|p2a: baboomtss|Rillaboom, F, shiny|100\/100\n|-fieldstart|move: Grassy Terrain|[from] ability: Grassy Surge|[of] p2a: baboomtss\n|turn|12\n|\n|t:|1698549992\n|move|p1a: boo|Hex|p2a: baboomtss\n|-damage|p2a: baboomtss|0 fnt\n|faint|p2a: baboomtss\n|\n|-heal|p1a: boo|38\/100|[from] Grassy Terrain\n|upkeep\n|\n|t:|1698549994\n|switch|p2a: trickestier|Charcadet, F|100\/100\n|turn|13\n|\n|t:|1698549999\n|-terastallize|p2a: trickestier|Fire\n|move|p1a: boo|Dazzling Gleam|p2a: trickestier\n|-resisted|p2a: trickestier\n|-damage|p2a: trickestier|0 fnt\n|faint|p2a: trickestier\n|\n|win|AlolanRa1chu\n","uploadtime":1698550006,"views":8,"p1id":"alolanra1chu","p2id":"mrsaltedbeef","formatid":"gen9anythinggoes","rating":0,"private":0,"password":""}