{"id":"gen9anythinggoes-1991021611","p1":"iopjklbmn","p2":"emrysthemay","format":"[Gen 9] Anything Goes","log":"|j|\u2606iopjklbmn\n|j|\u2606emrysthemay\n|t:|1700029438\n|gametype|singles\n|player|p1|iopjklbmn|shauntal|1057\n|player|p2|emrysthemay|169|1000\n|teamsize|p1|6\n|teamsize|p2|6\n|gen|9\n|tier|[Gen 9] Anything Goes\n|rated|\n|rule|HP Percentage Mod: HP is shown in percentages\n|rule|Endless Battle Clause: Forcing endless battles is banned\n|clearpoke\n|poke|p1|Snorlax, F|\n|poke|p1|Drifblim, F|\n|poke|p1|Pawmot, F|\n|poke|p1|Gengar, M|\n|poke|p1|Great Tusk|\n|poke|p1|Jumpluff, F|\n|poke|p2|Ceruledge, F|\n|poke|p2|Goodra, F|\n|poke|p2|Muk, M|\n|poke|p2|Cloyster, M|\n|poke|p2|Espeon, M|\n|poke|p2|Gliscor, M|\n|teampreview\n|\n|t:|1700029449\n|start\n|switch|p1a: Jumpluff|Jumpluff, F|100\/100\n|switch|p2a: The|Cloyster, M|100\/100\n|turn|1\n|\n|t:|1700029461\n|move|p1a: Jumpluff|Cotton Guard|p1a: Jumpluff\n|-boost|p1a: Jumpluff|def|3\n|move|p2a: The|Poison Jab|p1a: Jumpluff\n|-supereffective|p1a: Jumpluff\n|-damage|p1a: Jumpluff|89\/100\n|-status|p1a: Jumpluff|psn\n|-enditem|p1a: Jumpluff|Red Card|[of] p2a: The\n|drag|p2a: Man|Goodra, F|100\/100\n|\n|-damage|p1a: Jumpluff|76\/100 psn|[from] psn\n|upkeep\n|turn|2\n|\n|t:|1700029484\n|move|p2a: Man|Dragon Pulse|p1a: Jumpluff\n|-damage|p1a: Jumpluff|28\/100 psn\n|-damage|p2a: Man|91\/100|[from] item: Life Orb\n|move|p1a: Jumpluff|Cotton Guard|p1a: Jumpluff\n|-boost|p1a: Jumpluff|def|3\n|\n|-damage|p1a: Jumpluff|16\/100 psn|[from] psn\n|upkeep\n|turn|3\n|\n|t:|1700029493\n|move|p2a: Man|Dragon Pulse|p1a: Jumpluff\n|-damage|p1a: Jumpluff|0 fnt\n|faint|p1a: Jumpluff\n|-damage|p2a: Man|81\/100|[from] item: Life Orb\n|\n|upkeep\n|\n|t:|1700029498\n|switch|p1a: Drifblim|Drifblim, F|100\/100\n|turn|4\n|\n|t:|1700029503\n|move|p2a: Man|Dragon Pulse|p1a: Drifblim\n|-damage|p1a: Drifblim|67\/100\n|-damage|p2a: Man|71\/100|[from] item: Life Orb\n|move|p1a: Drifblim|Minimize|p1a: Drifblim\n|-boost|p1a: Drifblim|evasion|2\n|\n|upkeep\n|turn|5\n|\n|t:|1700029518\n|move|p2a: Man|Dragon Pulse|p1a: Drifblim\n|-damage|p1a: Drifblim|29\/100\n|-damage|p2a: Man|61\/100|[from] item: Life Orb\n|move|p1a: Drifblim|Minimize|p1a: Drifblim\n|-boost|p1a: Drifblim|evasion|2\n|\n|upkeep\n|turn|6\n|\n|t:|1700029533\n|move|p2a: Man|Dragon Pulse|p1a: Drifblim|[miss]\n|-miss|p2a: Man|p1a: Drifblim\n|move|p1a: Drifblim|Minimize|p1a: Drifblim\n|-boost|p1a: Drifblim|evasion|2\n|\n|upkeep\n|turn|7\n|\n|t:|1700029541\n|move|p2a: Man|Dragon Pulse|p1a: Drifblim|[miss]\n|-miss|p2a: Man|p1a: Drifblim\n|move|p1a: Drifblim|Substitute|p1a: Drifblim\n|-start|p1a: Drifblim|Substitute\n|-damage|p1a: Drifblim|4\/100\n|\n|upkeep\n|turn|8\n|\n|t:|1700029549\n|move|p2a: Man|Dragon Pulse|p1a: Drifblim\n|-end|p1a: Drifblim|Substitute\n|-damage|p2a: Man|51\/100|[from] item: Life Orb\n|move|p1a: Drifblim|Baton Pass|p1a: Drifblim\n|\n|t:|1700029554\n|switch|p1a: Snorlax|Snorlax, F|100\/100|[from] Baton Pass\n|\n|upkeep\n|turn|9\n|\n|t:|1700029565\n|-terastallize|p1a: Snorlax|Ghost\n|move|p2a: Man|Dragon Pulse|p1a: Snorlax\n|-damage|p1a: Snorlax|72\/100\n|-damage|p2a: Man|41\/100|[from] item: Life Orb\n|move|p1a: Snorlax|Belly Drum|p1a: Snorlax\n|-damage|p1a: Snorlax|22\/100\n|-setboost|p1a: Snorlax|atk|6|[from] move: Belly Drum\n|\n|upkeep\n|turn|10\n|\n|t:|1700029575\n|move|p2a: Man|Dragon Pulse|p1a: Snorlax|[miss]\n|-miss|p2a: Man|p1a: Snorlax\n|move|p1a: Snorlax|Rest|p1a: Snorlax\n|-status|p1a: Snorlax|slp|[from] move: Rest\n|-heal|p1a: Snorlax|100\/100 slp|[silent]\n|-enditem|p1a: Snorlax|Chesto Berry|[eat]\n|-curestatus|p1a: Snorlax|slp|[msg]\n|\n|upkeep\n|turn|11\n|\n|t:|1700029584\n|move|p2a: Man|Dragon Pulse|p1a: Snorlax\n|-damage|p1a: Snorlax|71\/100\n|-damage|p2a: Man|31\/100|[from] item: Life Orb\n|move|p1a: Snorlax|Heat Crash|p2a: Man\n|-resisted|p2a: Man\n|-damage|p2a: Man|0 fnt\n|-ability|p2a: Man|Gooey\n|-unboost|p1a: Snorlax|spe|1\n|faint|p2a: Man\n|\n|upkeep\n|\n|t:|1700029618\n|switch|p2a: The|Ceruledge, F|100\/100\n|turn|12\n|\n|t:|1700029631\n|move|p2a: The|Destiny Bond|p2a: The\n|-singlemove|p2a: The|Destiny Bond\n|move|p1a: Snorlax|Heat Crash|p2a: The\n|-start|p2a: The|ability: Flash Fire\n|\n|upkeep\n|turn|13\n|\n|t:|1700029650\n|move|p2a: The|Shadow Sneak|p1a: Snorlax|[miss]\n|-miss|p2a: The|p1a: Snorlax\n|move|p1a: Snorlax|Double-Edge|p2a: The\n|-immune|p2a: The\n|\n|upkeep\n|turn|14\n|\n|t:|1700029658\n|move|p2a: The|Shadow Sneak|p1a: Snorlax|[miss]\n|-miss|p2a: The|p1a: Snorlax\n|move|p1a: Snorlax|Heat Crash|p2a: The\n|-immune|p2a: The|[from] ability: Flash Fire\n|\n|upkeep\n|turn|15\n|\n|t:|1700029665\n|switch|p1a: Gengar|Gengar, M|100\/100\n|move|p2a: The|Shadow Sneak|p1a: Gengar\n|-supereffective|p1a: Gengar\n|-damage|p1a: Gengar|28\/100\n|\n|-heal|p1a: Gengar|34\/100|[from] item: Leftovers\n|upkeep\n|turn|16\n|\n|t:|1700029673\n|move|p2a: The|Shadow Sneak|p1a: Gengar\n|-supereffective|p1a: Gengar\n|-damage|p1a: Gengar|0 fnt\n|faint|p1a: Gengar\n|\n|upkeep\n|-message|iopjklbmn forfeited.\n|\n|win|emrysthemay\n|raw|iopjklbmn's rating: 1057 &rarr; <strong>1035<\/strong><br \/>(-22 for losing)\n|raw|emrysthemay's rating: 1000 &rarr; <strong>1047<\/strong><br \/>(+47 for winning)\n|l|\u2606iopjklbmn\n","uploadtime":1700029686,"views":12,"p1id":"iopjklbmn","p2id":"emrysthemay","formatid":"gen9anythinggoes","rating":1035,"private":0,"password":""}