{"id":"gen9anythinggoes-1993125571","p1":"voqgz on tiktok","p2":"nightndai","format":"[Gen 9] Anything Goes","log":"|j|\u2606voqgz on tiktok\n|j|\u2606nightndai\n|t:|1700267771\n|gametype|singles\n|player|p1|voqgz on tiktok|265|1188\n|player|p2|nightndai|dancer|1074\n|teamsize|p1|6\n|teamsize|p2|6\n|gen|9\n|tier|[Gen 9] Anything Goes\n|rated|\n|rule|HP Percentage Mod: HP is shown in percentages\n|rule|Endless Battle Clause: Forcing endless battles is banned\n|clearpoke\n|poke|p1|Houndstone, M|\n|poke|p1|Slowbro-Galar, F|\n|poke|p1|Chi-Yu|\n|poke|p1|Ursaluna-Bloodmoon, M|\n|poke|p1|Gliscor, M|\n|poke|p1|Tyranitar, F|\n|poke|p2|Inteleon, F|\n|poke|p2|Iron Valiant|\n|poke|p2|Pawmot, F|\n|poke|p2|Greninja-*, M|\n|poke|p2|Koraidon|\n|poke|p2|Ogerpon-Hearthflame, F|\n|teampreview\n|inactive|Battle timer is ON: inactive players will automatically lose when time's up. (requested by voqgz on tiktok)\n|\n|t:|1700267781\n|start\n|switch|p1a: Tyranitar|Tyranitar, F|100\/100\n|switch|p2a: Suki|Inteleon, F, shiny|100\/100\n|-weather|Sandstorm|[from] ability: Sand Stream|[of] p1a: Tyranitar\n|turn|1\n|\n|t:|1700267793\n|switch|p1a: Gliscor|Gliscor, M|100\/100\n|move|p2a: Suki|Snipe Shot|p1a: Gliscor\n|-supereffective|p1a: Gliscor\n|-damage|p1a: Gliscor|8\/100\n|\n|-weather|Sandstorm|[upkeep]\n|-damage|p2a: Suki|94\/100|[from] Sandstorm\n|-status|p1a: Gliscor|tox|[from] item: Toxic Orb\n|upkeep\n|turn|2\n|\n|t:|1700267809\n|move|p2a: Suki|Scald|p1a: Gliscor\n|-supereffective|p1a: Gliscor\n|-damage|p1a: Gliscor|0 fnt\n|faint|p1a: Gliscor\n|\n|-weather|Sandstorm|[upkeep]\n|-damage|p2a: Suki|88\/100|[from] Sandstorm\n|upkeep\n|\n|t:|1700267819\n|switch|p1a: Slowbro|Slowbro-Galar, F|100\/100\n|turn|3\n|inactive|nightndai has 120 seconds left.\n|\n|t:|1700267873\n|move|p2a: Suki|Blizzard|p1a: Slowbro|[miss]\n|-miss|p2a: Suki|p1a: Slowbro\n|move|p1a: Slowbro|Trick Room|p1a: Slowbro\n|-fieldstart|move: Trick Room|[of] p1a: Slowbro\n|\n|-weather|Sandstorm|[upkeep]\n|-damage|p1a: Slowbro|94\/100|[from] Sandstorm\n|-damage|p2a: Suki|82\/100|[from] Sandstorm\n|upkeep\n|turn|4\n|\n|t:|1700267881\n|move|p1a: Slowbro|Calm Mind|p1a: Slowbro\n|-boost|p1a: Slowbro|spa|1\n|-boost|p1a: Slowbro|spd|1\n|move|p2a: Suki|Shadow Ball|p1a: Slowbro\n|-supereffective|p1a: Slowbro\n|-damage|p1a: Slowbro|62\/100\n|\n|-weather|Sandstorm|[upkeep]\n|-damage|p1a: Slowbro|56\/100|[from] Sandstorm\n|-damage|p2a: Suki|76\/100|[from] Sandstorm\n|upkeep\n|turn|5\n|\n|t:|1700267891\n|move|p1a: Slowbro|Calm Mind|p1a: Slowbro\n|-boost|p1a: Slowbro|spa|1\n|-boost|p1a: Slowbro|spd|1\n|move|p2a: Suki|Shadow Ball|p1a: Slowbro\n|-supereffective|p1a: Slowbro\n|-damage|p1a: Slowbro|34\/100\n|\n|-weather|Sandstorm|[upkeep]\n|-damage|p1a: Slowbro|28\/100|[from] Sandstorm\n|-damage|p2a: Suki|70\/100|[from] Sandstorm\n|upkeep\n|turn|6\n|\n|t:|1700267909\n|move|p1a: Slowbro|Calm Mind|p1a: Slowbro\n|-boost|p1a: Slowbro|spa|1\n|-boost|p1a: Slowbro|spd|1\n|move|p2a: Suki|Scald|p1a: Slowbro\n|-damage|p1a: Slowbro|13\/100\n|\n|-weather|Sandstorm|[upkeep]\n|-damage|p1a: Slowbro|7\/100|[from] Sandstorm\n|-damage|p2a: Suki|64\/100|[from] Sandstorm\n|upkeep\n|turn|7\n|\n|t:|1700267923\n|move|p1a: Slowbro|Flamethrower|p2a: Suki\n|-resisted|p2a: Suki\n|-damage|p2a: Suki|18\/100\n|move|p2a: Suki|Blizzard|p1a: Slowbro\n|-damage|p1a: Slowbro|0 fnt\n|faint|p1a: Slowbro\n|\n|-weather|Sandstorm|[upkeep]\n|-damage|p2a: Suki|12\/100|[from] Sandstorm\n|-fieldend|move: Trick Room\n|upkeep\n|\n|t:|1700267936\n|switch|p1a: Chi-Yu|Chi-Yu|100\/100\n|-ability|p1a: Chi-Yu|Beads of Ruin\n|turn|8\n|inactive|nightndai has 120 seconds left.\n|\n|t:|1700267950\n|-terastallize|p1a: Chi-Yu|Water\n|move|p2a: Suki|Snipe Shot|p1a: Chi-Yu\n|-resisted|p1a: Chi-Yu\n|-damage|p1a: Chi-Yu|81\/100\n|move|p1a: Chi-Yu|Dark Pulse|p2a: Suki\n|-damage|p2a: Suki|0 fnt\n|faint|p2a: Suki\n|\n|-weather|none\n|upkeep\n|inactive|nightndai has 120 seconds left.\n|\n|t:|1700267962\n|switch|p2a: Yuri|Iron Valiant|100\/100\n|turn|9\n|inactive|nightndai has 120 seconds left.\n|\n|t:|1700267973\n|move|p2a: Yuri|Psycho Cut|p1a: Chi-Yu\n|-damage|p1a: Chi-Yu|53\/100\n|move|p1a: Chi-Yu|Tera Blast|p2a: Yuri|[anim] Tera Blast Water\n|-damage|p2a: Yuri|2\/100\n|\n|upkeep\n|turn|10\n|\n|t:|1700267980\n|move|p2a: Yuri|Spirit Break|p1a: Chi-Yu\n|-damage|p1a: Chi-Yu|5\/100\n|-unboost|p1a: Chi-Yu|spa|1\n|move|p1a: Chi-Yu|Tera Blast|p2a: Yuri|[anim] Tera Blast Water\n|-damage|p2a: Yuri|0 fnt\n|faint|p2a: Yuri\n|-end|p2a: Yuri|Quark Drive|[silent]\n|\n|upkeep\n|\n|t:|1700267990\n|switch|p2a: Koko|Koraidon|100\/100\n|-weather|SunnyDay|[from] ability: Orichalcum Pulse|[of] p2a: Koko\n|-activate|p2a: Koko|Orichalcum Pulse|[source]\n|turn|11\n|\n|t:|1700268000\n|move|p2a: Koko|Draco Meteor|p1a: Chi-Yu\n|-damage|p1a: Chi-Yu|0 fnt\n|-unboost|p2a: Koko|spa|2\n|faint|p1a: Chi-Yu\n|\n|-weather|SunnyDay|[upkeep]\n|upkeep\n|\n|t:|1700268013\n|switch|p1a: Ursaluna|Ursaluna-Bloodmoon, M|100\/100\n|turn|12\n|\n|t:|1700268030\n|move|p2a: Koko|Body Press|p1a: Ursaluna\n|-supereffective|p1a: Ursaluna\n|-damage|p1a: Ursaluna|42\/100\n|-damage|p2a: Koko|84\/100|[from] item: Rocky Helmet|[of] p1a: Ursaluna\n|move|p1a: Ursaluna|Moonblast|p2a: Koko\n|-supereffective|p2a: Koko\n|-damage|p2a: Koko|0 fnt\n|faint|p2a: Koko\n|\n|-weather|SunnyDay|[upkeep]\n|upkeep\n|\n|t:|1700268039\n|switch|p2a: Missio|Greninja, M, shiny|100\/100\n|turn|13\n|\n|t:|1700268046\n|move|p2a: Missio|Water Shuriken|p1a: Ursaluna\n|-start|p2a: Missio|typechange|Water|[from] ability: Protean\n|-supereffective|p1a: Ursaluna\n|-damage|p1a: Ursaluna|33\/100\n|-supereffective|p1a: Ursaluna\n|-damage|p1a: Ursaluna|26\/100\n|-supereffective|p1a: Ursaluna\n|-damage|p1a: Ursaluna|18\/100\n|-supereffective|p1a: Ursaluna\n|-damage|p1a: Ursaluna|10\/100\n|-hitcount|p1a: Ursaluna|4\n|move|p1a: Ursaluna|Moonlight|p1a: Ursaluna\n|-heal|p1a: Ursaluna|77\/100\n|\n|-weather|SunnyDay|[upkeep]\n|upkeep\n|turn|14\n|\n|t:|1700268061\n|move|p2a: Missio|Chilling Water|p1a: Ursaluna\n|-supereffective|p1a: Ursaluna\n|-damage|p1a: Ursaluna|52\/100\n|-unboost|p1a: Ursaluna|atk|1\n|move|p1a: Ursaluna|Moonblast|p2a: Missio\n|-damage|p2a: Missio|48\/100\n|\n|-weather|SunnyDay|[upkeep]\n|upkeep\n|turn|15\n|\n|t:|1700268071\n|move|p2a: Missio|Hydro Pump|p1a: Ursaluna\n|-supereffective|p1a: Ursaluna\n|-damage|p1a: Ursaluna|0 fnt\n|faint|p1a: Ursaluna\n|\n|-weather|none\n|upkeep\n|inactive|voqgz on tiktok has 120 seconds left.\n|\n|t:|1700268097\n|switch|p1a: Tyranitar|Tyranitar, F|100\/100\n|-weather|Sandstorm|[from] ability: Sand Stream|[of] p1a: Tyranitar\n|turn|16\n|\n|t:|1700268105\n|move|p2a: Missio|Hydro Pump|p1a: Tyranitar|[miss]\n|-miss|p2a: Missio|p1a: Tyranitar\n|move|p1a: Tyranitar|Knock Off|p2a: Missio\n|-damage|p2a: Missio|0 fnt\n|-enditem|p2a: Missio|Mystic Water|[from] move: Knock Off|[of] p1a: Tyranitar\n|faint|p2a: Missio\n|\n|-weather|Sandstorm|[upkeep]\n|upkeep\n|\n|t:|1700268114\n|switch|p2a: Shakira|Pawmot, F, shiny|100\/100\n|turn|17\n|\n|t:|1700268120\n|-singleturn|p2a: Shakira|move: Focus Punch\n|move|p1a: Tyranitar|Earthquake|p2a: Shakira\n|-supereffective|p2a: Shakira\n|-damage|p2a: Shakira|0 fnt\n|faint|p2a: Shakira\n|\n|-weather|Sandstorm|[upkeep]\n|upkeep\n|\n|t:|1700268126\n|switch|p2a: Athena|Ogerpon-Hearthflame, F|100\/100\n|-ability|p2a: Athena|Mold Breaker\n|turn|18\n|\n|t:|1700268134\n|move|p2a: Athena|Wood Hammer|p1a: Tyranitar\n|-supereffective|p1a: Tyranitar\n|-damage|p1a: Tyranitar|8\/100\n|-damage|p2a: Athena|64\/100|[from] Recoil\n|move|p1a: Tyranitar|Knock Off|p2a: Athena\n|-damage|p2a: Athena|19\/100\n|\n|-weather|Sandstorm|[upkeep]\n|-damage|p2a: Athena|13\/100|[from] Sandstorm\n|upkeep\n|turn|19\n|\n|t:|1700268146\n|move|p2a: Athena|Wood Hammer|p1a: Tyranitar\n|-supereffective|p1a: Tyranitar\n|-damage|p1a: Tyranitar|0 fnt\n|faint|p1a: Tyranitar\n|-damage|p2a: Athena|11\/100|[from] Recoil\n|\n|-weather|Sandstorm|[upkeep]\n|-damage|p2a: Athena|5\/100|[from] Sandstorm\n|upkeep\n|\n|t:|1700268155\n|switch|p1a: Houndstone|Houndstone, M|100\/100\n|turn|20\n|\n|t:|1700268158\n|move|p1a: Houndstone|Protect|p1a: Houndstone\n|-singleturn|p1a: Houndstone|Protect\n|move|p2a: Athena|Lash Out|p1a: Houndstone\n|-activate|p1a: Houndstone|move: Protect\n|\n|-weather|Sandstorm|[upkeep]\n|-damage|p2a: Athena|0 fnt|[from] Sandstorm\n|faint|p2a: Athena\n|\n|win|voqgz on tiktok\n|upkeep\n|raw|voqgz on tiktok's rating: 1188 &rarr; <strong>1205<\/strong><br \/>(+17 for winning)\n|raw|nightndai's rating: 1074 &rarr; <strong>1060<\/strong><br \/>(-14 for losing)\n|c|\u2606voqgz on tiktok|gg\n","uploadtime":1700268178,"views":38,"p1id":"voqgzontiktok","p2id":"nightndai","formatid":"gen9anythinggoes","rating":1060,"private":0,"password":""}