{"id":"gen9anythinggoes-1981849963","p1":"LimefennecYT","p2":"Shaggy'sWaifu","format":"[Gen 9] Anything Goes","log":"|j|\u2606LimefennecYT\n|j|\u2606Shaggy'sWaifu\n|t:|1698946307\n|gametype|singles\n|player|p1|LimefennecYT|iris-gen5bw2|1085\n|player|p2|Shaggy'sWaifu|170|1077\n|teamsize|p1|6\n|teamsize|p2|6\n|gen|9\n|tier|[Gen 9] Anything Goes\n|rated|\n|rule|HP Percentage Mod: HP is shown in percentages\n|rule|Endless Battle Clause: Forcing endless battles is banned\n|clearpoke\n|poke|p1|Kingambit, M|\n|poke|p1|Tyranitar, M|\n|poke|p1|Annihilape, F|\n|poke|p1|Ditto|\n|poke|p1|Maushold-Four|\n|poke|p1|Sylveon, M|\n|poke|p2|Annihilape, F|\n|poke|p2|Annihilape, M|\n|poke|p2|Annihilape, F|\n|poke|p2|Annihilape, F|\n|poke|p2|Annihilape, F|\n|poke|p2|Gastrodon, M|\n|teampreview\n|n|!LimefennecYT|limefennecyt\n|\n|t:|1698946324\n|start\n|switch|p1a: Sandy|Tyranitar, M|100\/100\n|switch|p2a: Thing 1|Annihilape, F|100\/100\n|-weather|Sandstorm|[from] ability: Sand Stream|[of] p1a: Sandy\n|turn|1\n|\n|t:|1698946332\n|move|p2a: Thing 1|Final Gambit|p1a: Sandy\n|-damage|p1a: Sandy|0 fnt\n|faint|p2a: Thing 1\n|faint|p1a: Sandy\n|\n|-weather|Sandstorm|[upkeep]\n|upkeep\n|\n|t:|1698946339\n|switch|p2a: Thing 2|Annihilape, M|100\/100\n|switch|p1a: Rose|Sylveon, M, shiny|100\/100\n|turn|2\n|j| TheShinySigilyph\n|\n|t:|1698946345\n|move|p2a: Thing 2|Final Gambit|p1a: Rose\n|-damage|p1a: Rose|0 fnt\n|faint|p2a: Thing 2\n|faint|p1a: Rose\n|\n|-weather|Sandstorm|[upkeep]\n|upkeep\n|c| TheShinySigilyph|Hello fellow people\n|c| TheShinySigilyph|i am here to observe\n|\n|t:|1698946356\n|switch|p2a: Annihilape|Annihilape, F|100\/100\n|switch|p1a: Domaustic Abuse|Maushold-Four, shiny|100\/100\n|turn|3\n|\n|t:|1698946361\n|move|p2a: Annihilape|Final Gambit|p1a: Domaustic Abuse\n|-damage|p1a: Domaustic Abuse|0 fnt\n|faint|p2a: Annihilape\n|faint|p1a: Domaustic Abuse\n|\n|-weather|Sandstorm|[upkeep]\n|upkeep\n|\n|t:|1698946367\n|switch|p2a: Annihilape|Annihilape, F|100\/100\n|switch|p1a: Amogus|Ditto, shiny|100\/100\n|-transform|p1a: Amogus|p2a: Annihilape|[from] ability: Imposter\n|turn|4\n|c| TheShinySigilyph|Sus\n|inactive|Battle timer is ON: inactive players will automatically lose when time's up. (requested by LimefennecYT)\n|\n|t:|1698946384\n|move|p2a: Annihilape|Shadow Claw|p1a: Amogus\n|-supereffective|p1a: Amogus\n|-damage|p1a: Amogus|18\/100\n|move|p1a: Amogus|Final Gambit|p2a: Annihilape\n|-immune|p2a: Annihilape\n|\n|-weather|Sandstorm|[upkeep]\n|-damage|p2a: Annihilape|94\/100|[from] Sandstorm\n|-damage|p1a: Amogus|12\/100|[from] Sandstorm\n|-heal|p1a: Amogus|18\/100|[from] item: Leftovers\n|upkeep\n|turn|5\n|c|\u2606Shaggy'sWaifu|lol\n|\n|t:|1698946406\n|move|p2a: Annihilape|Shadow Claw|p1a: Amogus\n|-supereffective|p1a: Amogus\n|-damage|p1a: Amogus|0 fnt\n|faint|p1a: Amogus\n|\n|-weather|none\n|upkeep\n|\n|t:|1698946412\n|switch|p1a: Rage Quit|Annihilape, F|100\/100\n|turn|6\n|\n|t:|1698946415\n|move|p2a: Annihilape|Shadow Claw|p1a: Rage Quit\n|-supereffective|p1a: Rage Quit\n|-crit|p1a: Rage Quit\n|-damage|p1a: Rage Quit|19\/100\n|move|p1a: Rage Quit|Drain Punch|p2a: Annihilape\n|-immune|p2a: Annihilape\n|\n|-heal|p1a: Rage Quit|25\/100|[from] item: Leftovers\n|upkeep\n|turn|7\n|c|\u2606Shaggy'sWaifu|dude\n|\n|t:|1698946425\n|move|p2a: Annihilape|Shadow Claw|p1a: Rage Quit\n|-supereffective|p1a: Rage Quit\n|-damage|p1a: Rage Quit|0 fnt\n|faint|p1a: Rage Quit\n|\n|upkeep\n|c| TheShinySigilyph|Very amazing fight we have here\n|\n|t:|1698946440\n|switch|p1a: Death|Kingambit, M, shiny|100\/100\n|-activate|p1a: Death|ability: Supreme Overlord\n|-start|p1a: Death|fallen5|[silent]\n|turn|8\n|\n|t:|1698946460\n|-terastallize|p1a: Death|Dark\n|move|p1a: Death|Sucker Punch|p2a: Annihilape\n|-damage|p2a: Annihilape|6\/100\n|move|p2a: Annihilape|Shadow Claw|p1a: Death\n|-resisted|p1a: Death\n|-crit|p1a: Death\n|-damage|p1a: Death|80\/100\n|\n|upkeep\n|turn|9\n|\n|t:|1698946477\n|move|p1a: Death|Sucker Punch|p2a: Annihilape\n|-damage|p2a: Annihilape|0 fnt\n|faint|p2a: Annihilape\n|\n|upkeep\n|\n|t:|1698946485\n|switch|p2a: Gastrodon|Gastrodon, M|100\/100\n|turn|10\n|\n|t:|1698946489\n|move|p1a: Death|Kowtow Cleave|p2a: Gastrodon\n|-enditem|p2a: Gastrodon|Focus Sash\n|-damage|p2a: Gastrodon|1\/100\n|move|p2a: Gastrodon|Counter|p1a: Death\n|-damage|p1a: Death|0 fnt\n|faint|p1a: Death\n|-end|p1a: Death|fallen5|[silent]\n|\n|win|Shaggy'sWaifu\n|raw|LimefennecYT's rating: 1085 &rarr; <strong>1062<\/strong><br \/>(-23 for losing)\n|raw|Shaggy&apos;sWaifu's rating: 1077 &rarr; <strong>1106<\/strong><br \/>(+29 for winning)\n","uploadtime":1698946315,"views":3,"p1id":"limefennecyt","p2id":"shaggyswaifu","formatid":"gen9anythinggoes","rating":1062,"private":0,"password":""}