{"id":"gen9anythinggoes-1976270539","p1":"daweyshegoes","p2":"YablinButBETTAH","format":"[Gen 9] Anything Goes","log":"|j|\u2606daweyshegoes\n|j|\u2606YablinButBETTAH\n|t:|1698280701\n|gametype|singles\n|player|p1|daweyshegoes|1|1095\n|player|p2|YablinButBETTAH|silver|1064\n|teamsize|p1|6\n|teamsize|p2|6\n|gen|9\n|tier|[Gen 9] Anything Goes\n|rated|\n|rule|HP Percentage Mod: HP is shown in percentages\n|rule|Endless Battle Clause: Forcing endless battles is banned\n|clearpoke\n|poke|p1|Hydreigon, M|\n|poke|p1|Gardevoir, F|\n|poke|p1|Milotic, F|\n|poke|p1|Gliscor, M|\n|poke|p1|Froslass, F|\n|poke|p1|Infernape, F|\n|poke|p2|Kingambit, M|\n|poke|p2|Samurott-Hisui, F|\n|poke|p2|Delphox, M|\n|poke|p2|Floatzel, M|\n|poke|p2|Slither Wing|\n|poke|p2|Zapdos-Galar|\n|teampreview\n|\n|t:|1698280725\n|start\n|switch|p1a: Froslass|Froslass, F|100\/100\n|switch|p2a: Yoinkers!|Delphox, M, shiny|100\/100\n|turn|1\n|\n|t:|1698280733\n|move|p1a: Froslass|Shadow Ball|p2a: Yoinkers!\n|-supereffective|p2a: Yoinkers!\n|-damage|p2a: Yoinkers!|43\/100\n|move|p2a: Yoinkers!|Mystical Fire|p1a: Froslass\n|-supereffective|p1a: Froslass\n|-damage|p1a: Froslass|0 fnt\n|faint|p1a: Froslass\n|\n|upkeep\n|\n|t:|1698280748\n|switch|p1a: Gliscor|Gliscor, M|100\/100\n|turn|2\n|\n|t:|1698280754\n|move|p2a: Yoinkers!|Dazzling Gleam|p1a: Gliscor\n|-damage|p1a: Gliscor|65\/100\n|-item|p2a: Yoinkers!|Toxic Orb|[from] ability: Magician|[of] p1a: Gliscor\n|move|p1a: Gliscor|Earthquake|p2a: Yoinkers!\n|-supereffective|p2a: Yoinkers!\n|-damage|p2a: Yoinkers!|0 fnt\n|faint|p2a: Yoinkers!\n|\n|upkeep\n|\n|t:|1698280766\n|switch|p2a: Darkest Blade|Samurott-Hisui, F, shiny|100\/100\n|turn|3\n|\n|t:|1698280787\n|switch|p1a: Milotic|Milotic, F|100\/100\n|move|p2a: Darkest Blade|Ceaseless Edge|p1a: Milotic\n|-damage|p1a: Milotic|52\/100\n|-sidestart|p1: daweyshegoes|Spikes\n|\n|upkeep\n|turn|4\n|\n|t:|1698280798\n|move|p2a: Darkest Blade|Sacred Sword|p1a: Milotic\n|-damage|p1a: Milotic|3\/100\n|move|p1a: Milotic|Recover|p1a: Milotic\n|-heal|p1a: Milotic|53\/100\n|\n|upkeep\n|turn|5\n|\n|t:|1698280806\n|move|p2a: Darkest Blade|Fury Cutter|p1a: Milotic\n|-damage|p1a: Milotic|32\/100\n|cant|p1a: Milotic|flinch\n|\n|upkeep\n|turn|6\n|\n|t:|1698280812\n|move|p2a: Darkest Blade|Fury Cutter|p1a: Milotic\n|-damage|p1a: Milotic|0 fnt\n|faint|p1a: Milotic\n|\n|upkeep\n|c|\u2606YablinButBETTAH|nuh uh\n|\n|t:|1698280830\n|switch|p1a: Gardevoir|Gardevoir, F, shiny|100\/100\n|-damage|p1a: Gardevoir|88\/100|[from] Spikes\n|-ability|p1a: Gardevoir|Sharpness|[from] ability: Trace|[of] p2a: Darkest Blade\n|turn|7\n|\n|t:|1698280841\n|move|p1a: Gardevoir|Moonblast|p2a: Darkest Blade\n|-supereffective|p2a: Darkest Blade\n|-damage|p2a: Darkest Blade|0 fnt\n|faint|p2a: Darkest Blade\n|\n|upkeep\n|c|\u2606YablinButBETTAH|ow\n|\n|t:|1698280853\n|switch|p2a: Nope|Floatzel, M, shiny|100\/100\n|turn|8\n|\n|t:|1698280865\n|move|p2a: Nope|Hydro Pump|p1a: Gardevoir\n|-damage|p1a: Gardevoir|49\/100\n|move|p1a: Gardevoir|Psychic|p2a: Nope\n|-damage|p2a: Nope|0 fnt\n|faint|p2a: Nope\n|\n|upkeep\n|c|\u2606YablinButBETTAH|the waifu is strong with this one\n|\n|t:|1698280885\n|switch|p2a: EBICBIRB|Zapdos-Galar, shiny|100\/100\n|turn|9\n|\n|t:|1698280891\n|move|p2a: EBICBIRB|Thunderous Kick|p1a: Gardevoir\n|-resisted|p1a: Gardevoir\n|-damage|p1a: Gardevoir|30\/100\n|-unboost|p1a: Gardevoir|def|1\n|move|p1a: Gardevoir|Psychic|p2a: EBICBIRB\n|-supereffective|p2a: EBICBIRB\n|-damage|p2a: EBICBIRB|0 fnt\n|faint|p2a: EBICBIRB\n|\n|upkeep\n|\n|t:|1698280900\n|switch|p2a: Falcoun|Slither Wing|100\/100\n|turn|10\n|\n|t:|1698280907\n|move|p1a: Gardevoir|Psychic|p2a: Falcoun\n|-supereffective|p2a: Falcoun\n|-damage|p2a: Falcoun|0 fnt\n|faint|p2a: Falcoun\n|-end|p2a: Falcoun|Protosynthesis|[silent]\n|\n|upkeep\n|\n|t:|1698280911\n|switch|p2a: Slaughter King|Kingambit, M, shiny|100\/100\n|-activate|p2a: Slaughter King|ability: Supreme Overlord\n|-start|p2a: Slaughter King|fallen5|[silent]\n|turn|11\n|\n|t:|1698280919\n|-terastallize|p2a: Slaughter King|Dark\n|move|p1a: Gardevoir|Moonblast|p2a: Slaughter King\n|-supereffective|p2a: Slaughter King\n|-damage|p2a: Slaughter King|0 fnt\n|faint|p2a: Slaughter King\n|-end|p2a: Slaughter King|fallen5|[silent]\n|\n|win|daweyshegoes\n|raw|daweyshegoes's rating: 1095 &rarr; <strong>1118<\/strong><br \/>(+23 for winning)\n|raw|YablinButBETTAH's rating: 1064 &rarr; <strong>1046<\/strong><br \/>(-18 for losing)\n|c|\u2606YablinButBETTAH|gg ig\n|l|\u2606YablinButBETTAH\n","uploadtime":1698280937,"views":21,"p1id":"daweyshegoes","p2id":"yablinbutbettah","formatid":"gen9anythinggoes","rating":1046,"private":0,"password":""}