{"id":"gen9anythinggoes-2000445467","p1":"kowtow kleabe","p2":"ieatchalk","format":"[Gen 9] Anything Goes","log":"|j|\u2606kowtow kleabe\n|j|\u2606ieatchalk\n|t:|1701195438\n|gametype|singles\n|player|p1|kowtow kleabe|swimmer|\n|player|p2|ieatchalk|wallace|\n|teamsize|p1|6\n|teamsize|p2|6\n|gen|9\n|tier|[Gen 9] Anything Goes\n|rule|HP Percentage Mod: HP is shown in percentages\n|rule|Endless Battle Clause: Forcing endless battles is banned\n|clearpoke\n|poke|p1|Infernape, M|\n|poke|p1|Ceruledge, F|\n|poke|p1|Hydreigon, M|\n|poke|p1|Basculin, M|\n|poke|p1|Decidueye, F|\n|poke|p1|Weavile, F|\n|poke|p2|Okidogi, M|\n|poke|p2|Lilligant-Hisui, F|\n|poke|p2|Baxcalibur, M|\n|poke|p2|Ogerpon-Hearthflame, F|\n|poke|p2|Hatterene, F|\n|poke|p2|Ditto|\n|teampreview\n|\n|t:|1701195463\n|start\n|switch|p1a: Basculin|Basculin, M|100\/100\n|switch|p2a: DogInHim|Okidogi, M|100\/100\n|turn|1\n|\n|t:|1701195479\n|move|p1a: Basculin|Wave Crash|p2a: DogInHim\n|-damage|p2a: DogInHim|33\/100\n|-damage|p1a: Basculin|71\/100|[from] Recoil\n|move|p2a: DogInHim|Drain Punch|p1a: Basculin\n|-damage|p1a: Basculin|0 fnt\n|-heal|p2a: DogInHim|59\/100|[from] drain|[of] p1a: Basculin\n|faint|p1a: Basculin\n|\n|-heal|p2a: DogInHim|65\/100|[from] item: Leftovers\n|upkeep\n|\n|t:|1701195498\n|switch|p1a: Hydreigon|Hydreigon, M|100\/100\n|turn|2\n|\n|t:|1701195501\n|move|p1a: Hydreigon|Draco Meteor|p2a: DogInHim\n|-damage|p2a: DogInHim|0 fnt\n|-unboost|p1a: Hydreigon|spa|2\n|faint|p2a: DogInHim\n|\n|upkeep\n|\n|t:|1701195510\n|switch|p2a: Baxcalibur|Baxcalibur, M|100\/100\n|turn|3\n|l|\u2606kowtow kleabe\n|player|p1|\n|j|\u2606kowtow kleabe\n|player|p1|kowtow kleabe|swimmer\n|\n|t:|1701195546\n|switch|p1a: Infernape|Infernape, M|100\/100\n|move|p2a: Baxcalibur|Dragon Dance|p2a: Baxcalibur\n|-boost|p2a: Baxcalibur|atk|1\n|-boost|p2a: Baxcalibur|spe|1\n|\n|upkeep\n|turn|4\n|\n|t:|1701195555\n|move|p1a: Infernape|Vacuum Wave|p2a: Baxcalibur\n|-supereffective|p2a: Baxcalibur\n|-enditem|p2a: Baxcalibur|Chople Berry|[eat]\n|-enditem|p2a: Baxcalibur|Chople Berry|[weaken]\n|-damage|p2a: Baxcalibur|73\/100\n|move|p2a: Baxcalibur|Glaive Rush|p1a: Infernape\n|-damage|p1a: Infernape|0 fnt\n|-singlemove|p2a: Baxcalibur|Glaive Rush|[silent]\n|faint|p1a: Infernape\n|\n|upkeep\n|\n|t:|1701195563\n|switch|p1a: Weavile|Weavile, F|100\/100\n|-ability|p1a: Weavile|Pressure\n|turn|5\n|\n|t:|1701195569\n|move|p2a: Baxcalibur|Glaive Rush|p1a: Weavile\n|-enditem|p1a: Weavile|Focus Sash\n|-damage|p1a: Weavile|1\/100\n|-singlemove|p2a: Baxcalibur|Glaive Rush|[silent]\n|move|p1a: Weavile|Low Kick|p2a: Baxcalibur\n|-supereffective|p2a: Baxcalibur\n|-damage|p2a: Baxcalibur|0 fnt\n|faint|p2a: Baxcalibur\n|\n|upkeep\n|\n|t:|1701195581\n|switch|p2a: Ditto|Ditto|100\/100\n|-transform|p2a: Ditto|p1a: Weavile|[from] ability: Imposter\n|-ability|p2a: Ditto|Pressure\n|turn|6\n|\n|t:|1701195598\n|move|p2a: Ditto|Ice Spinner|p1a: Weavile\n|-resisted|p1a: Weavile\n|-damage|p1a: Weavile|0 fnt\n|faint|p1a: Weavile\n|\n|upkeep\n|\n|t:|1701195602\n|switch|p1a: Ceruledge|Ceruledge, F|100\/100\n|turn|7\n|\n|t:|1701195606\n|switch|p2a: Ogerpon|Ogerpon-Hearthflame, F|100\/100\n|-ability|p2a: Ogerpon|Mold Breaker\n|move|p1a: Ceruledge|Bitter Blade|p2a: Ogerpon\n|-damage|p2a: Ogerpon|35\/100\n|\n|upkeep\n|turn|8\n|\n|t:|1701195615\n|move|p2a: Ogerpon|U-turn|p1a: Ceruledge\n|-resisted|p1a: Ceruledge\n|-crit|p1a: Ceruledge\n|-damage|p1a: Ceruledge|85\/100\n|-ability|p1a: Ceruledge|Weak Armor|boost\n|-unboost|p1a: Ceruledge|def|1\n|-boost|p1a: Ceruledge|spe|2\n|\n|t:|1701195618\n|switch|p2a: Ditto|Ditto|100\/100|[from] U-turn\n|-transform|p2a: Ditto|p1a: Ceruledge|[from] ability: Imposter\n|move|p1a: Ceruledge|Bitter Blade|p2a: Ditto\n|-resisted|p2a: Ditto\n|-damage|p2a: Ditto|48\/100\n|-heal|p1a: Ceruledge|100\/100|[from] drain|[of] p2a: Ditto\n|-ability|p2a: Ditto|Weak Armor|boost\n|-unboost|p2a: Ditto|def|1\n|-boost|p2a: Ditto|spe|2\n|\n|upkeep\n|turn|9\n|\n|t:|1701195628\n|move|p2a: Ditto|Shadow Sneak|p1a: Ceruledge\n|-supereffective|p1a: Ceruledge\n|-enditem|p1a: Ceruledge|Focus Sash\n|-damage|p1a: Ceruledge|1\/100\n|-ability|p1a: Ceruledge|Weak Armor|boost\n|-unboost|p1a: Ceruledge|def|1\n|-boost|p1a: Ceruledge|spe|2\n|move|p1a: Ceruledge|Shadow Sneak|p2a: Ditto\n|-supereffective|p2a: Ditto\n|-damage|p2a: Ditto|0 fnt\n|faint|p2a: Ditto\n|\n|upkeep\n|\n|t:|1701195635\n|switch|p2a: Hatterene|Hatterene, F|100\/100\n|turn|10\n|\n|t:|1701195644\n|move|p1a: Ceruledge|Bitter Blade|p2a: Hatterene\n|-damage|p2a: Hatterene|39\/100\n|-heal|p1a: Ceruledge|35\/100|[from] drain|[of] p2a: Hatterene\n|move|p2a: Hatterene|Dazzling Gleam|p1a: Ceruledge\n|-resisted|p1a: Ceruledge\n|-damage|p1a: Ceruledge|0 fnt\n|faint|p1a: Ceruledge\n|\n|upkeep\n|\n|t:|1701195652\n|switch|p1a: Decidueye|Decidueye, F|100\/100\n|turn|11\n|\n|t:|1701195656\n|move|p1a: Decidueye|Swords Dance|p1a: Decidueye\n|-boost|p1a: Decidueye|atk|2\n|move|p2a: Hatterene|Dazzling Gleam|p1a: Decidueye\n|-damage|p1a: Decidueye|26\/100\n|\n|upkeep\n|turn|12\n|\n|t:|1701195659\n|move|p1a: Decidueye|Shadow Sneak|p2a: Hatterene\n|-supereffective|p2a: Hatterene\n|-damage|p2a: Hatterene|0 fnt\n|faint|p2a: Hatterene\n|\n|upkeep\n|\n|t:|1701195661\n|switch|p2a: Lilligant|Lilligant-Hisui, F|100\/100\n|turn|13\n|\n|t:|1701195665\n|move|p1a: Decidueye|Shadow Sneak|p2a: Lilligant\n|-crit|p2a: Lilligant\n|-damage|p2a: Lilligant|0 fnt\n|faint|p2a: Lilligant\n|\n|upkeep\n|\n|t:|1701195666\n|switch|p2a: Ogerpon|Ogerpon-Hearthflame, F|35\/100\n|-ability|p2a: Ogerpon|Mold Breaker\n|turn|14\n|\n|t:|1701195672\n|move|p1a: Decidueye|Shadow Sneak|p2a: Ogerpon\n|-crit|p2a: Ogerpon\n|-damage|p2a: Ogerpon|0 fnt\n|faint|p2a: Ogerpon\n|\n|win|kowtow kleabe\n|l|\u2606ieatchalk\n","uploadtime":1701195678,"views":4,"p1id":"kowtowkleabe","p2id":"ieatchalk","formatid":"gen9anythinggoes","rating":0,"private":0,"password":""}