{"id":"gen9anythinggoes-1984001278","p1":"brianbass","p2":"Ohsnappity","format":"[Gen 9] Anything Goes","log":"|j|\u2606brianbass\n|j|\u2606Ohsnappity\n|t:|1699208573\n|gametype|singles\n|player|p1|brianbass|benga|1254\n|player|p2|Ohsnappity|firebreather|1290\n|teamsize|p1|6\n|teamsize|p2|6\n|gen|9\n|tier|[Gen 9] Anything Goes\n|rated|\n|rule|HP Percentage Mod: HP is shown in percentages\n|rule|Endless Battle Clause: Forcing endless battles is banned\n|clearpoke\n|poke|p1|Pelipper, F|\n|poke|p1|Kilowattrel, M|\n|poke|p1|Basculegion-F, F|\n|poke|p1|Iron Jugulis|\n|poke|p1|Brute Bonnet|\n|poke|p1|Greninja-*, M|\n|poke|p2|Mew|\n|poke|p2|Cramorant, F|\n|poke|p2|Morpeko, M|\n|poke|p2|Grimmsnarl, M|\n|poke|p2|Tauros-Paldea-Blaze, M|\n|poke|p2|Zoroark-Hisui, F|\n|teampreview\n|inactive|Battle timer is ON: inactive players will automatically lose when time's up. (requested by Ohsnappity)\n|\n|t:|1699208608\n|start\n|switch|p1a: Iron Jugulis|Iron Jugulis|100\/100\n|switch|p2a: Tauros|Tauros-Paldea-Blaze, M|100\/100\n|-ability|p2a: Tauros|Intimidate|boost\n|-unboost|p1a: Iron Jugulis|atk|1\n|-enditem|p1a: Iron Jugulis|Booster Energy\n|-activate|p1a: Iron Jugulis|ability: Quark Drive|[fromitem]\n|-start|p1a: Iron Jugulis|quarkdrivespe\n|turn|1\n|\n|t:|1699208618\n|move|p1a: Iron Jugulis|Taunt|p2a: Tauros\n|-start|p2a: Tauros|move: Taunt\n|move|p2a: Tauros|Close Combat|p1a: Iron Jugulis\n|-damage|p1a: Iron Jugulis|36\/100\n|-unboost|p2a: Tauros|def|1\n|-unboost|p2a: Tauros|spd|1\n|\n|upkeep\n|turn|2\n|\n|t:|1699208625\n|move|p1a: Iron Jugulis|Earth Power|p2a: Tauros\n|-supereffective|p2a: Tauros\n|-damage|p2a: Tauros|9\/100\n|move|p2a: Tauros|Close Combat|p1a: Iron Jugulis\n|-damage|p1a: Iron Jugulis|0 fnt\n|-unboost|p2a: Tauros|def|1\n|-unboost|p2a: Tauros|spd|1\n|faint|p1a: Iron Jugulis\n|-end|p1a: Iron Jugulis|Quark Drive|[silent]\n|\n|upkeep\n|\n|t:|1699208632\n|switch|p1a: Pelipper|Pelipper, F|100\/100\n|-weather|RainDance|[from] ability: Drizzle|[of] p1a: Pelipper\n|turn|3\n|\n|t:|1699208637\n|move|p2a: Tauros|Close Combat|p1a: Pelipper\n|-resisted|p1a: Pelipper\n|-damage|p1a: Pelipper|80\/100\n|-unboost|p2a: Tauros|def|1\n|-unboost|p2a: Tauros|spd|1\n|move|p1a: Pelipper|U-turn|p2a: Tauros\n|-resisted|p2a: Tauros\n|-damage|p2a: Tauros|3\/100\n|\n|t:|1699208645\n|switch|p1a: Greninja|Greninja, M|100\/100|[from] U-turn\n|\n|-weather|RainDance|[upkeep]\n|-end|p2a: Tauros|move: Taunt\n|upkeep\n|turn|4\n|\n|t:|1699208659\n|move|p1a: Greninja|Swords Dance|p1a: Greninja\n|-boost|p1a: Greninja|atk|2\n|move|p2a: Tauros|Close Combat|p1a: Greninja\n|-supereffective|p1a: Greninja\n|-damage|p1a: Greninja|0 fnt\n|-unboost|p2a: Tauros|def|1\n|-unboost|p2a: Tauros|spd|1\n|faint|p1a: Greninja\n|\n|-weather|RainDance|[upkeep]\n|upkeep\n|c|\u2606brianbass|fuckca\n|c|\u2606brianbass|svjwidfkckdc5\\]4];l[\n|\n|t:|1699208668\n|switch|p1a: Kilowattrel|Kilowattrel, M|100\/100\n|turn|5\n|\n|t:|1699208681\n|move|p1a: Kilowattrel|Weather Ball|p2a: Tauros\n|-supereffective|p2a: Tauros\n|-damage|p2a: Tauros|0 fnt\n|faint|p2a: Tauros\n|-damage|p1a: Kilowattrel|91\/100|[from] item: Life Orb\n|\n|-weather|RainDance|[upkeep]\n|upkeep\n|\n|t:|1699208688\n|switch|p2a: Cramorant|Cramorant, F, shiny|100\/100\n|turn|6\n|c|\u2606brianbass|wth\n|\n|t:|1699208695\n|-terastallize|p2a: Cramorant|Ground\n|move|p1a: Kilowattrel|Thunder|p2a: Cramorant\n|-immune|p2a: Cramorant\n|move|p2a: Cramorant|Surf|p1a: Kilowattrel\n|-formechange|p2a: Cramorant|Cramorant-Gulping|\n|-damage|p1a: Kilowattrel|0 fnt\n|faint|p1a: Kilowattrel\n|\n|-weather|RainDance|[upkeep]\n|upkeep\n|c|\u2606brianbass|bruh\n|c|\u2606brianbass|ground\n|c|\u2606brianbass|300iq\n|c|\u2606brianbass|can i get ur bird by and chance\n|c|\u2606brianbass|lol\n|\n|t:|1699208712\n|switch|p1a: Basculegion|Basculegion-F, F, shiny|100\/100\n|turn|7\n|\n|t:|1699208716\n|move|p2a: Cramorant|Endure|p2a: Cramorant\n|-singleturn|p2a: Cramorant|move: Endure\n|move|p1a: Basculegion|Surf|p2a: Cramorant\n|-supereffective|p2a: Cramorant\n|-activate|p2a: Cramorant|move: Endure\n|-damage|p2a: Cramorant|1\/100\n|-damage|p1a: Basculegion|76\/100|[from] ability: Gulp Missile|[of] p2a: Cramorant\n|-unboost|p1a: Basculegion|def|1\n|-formechange|p2a: Cramorant|Cramorant|\n|-damage|p1a: Basculegion|66\/100|[from] item: Life Orb\n|\n|-weather|RainDance|[upkeep]\n|upkeep\n|turn|8\n|\n|t:|1699208722\n|move|p1a: Basculegion|Surf|p2a: Cramorant\n|-supereffective|p2a: Cramorant\n|-damage|p2a: Cramorant|0 fnt\n|faint|p2a: Cramorant\n|-damage|p1a: Basculegion|56\/100|[from] item: Life Orb\n|\n|-weather|RainDance|[upkeep]\n|upkeep\n|c|\u2606brianbass|!showteam\n|c| brianbass|\/raw <div class=\"infobox\"><details><summary>View team<\/summary>Pelipper (F) @ Damp Rock  <br \/>Ability: Drizzle  <br \/>Tera Type: Water  <br \/>EVs: 248 HP &#x2f; 252 Def &#x2f; 8 SpA  <br \/>Bold Nature  <br \/>- Chilling Water  <br \/>- Hurricane  <br \/>- U-turn  <br \/>- Roost  <br \/><br \/>Kilowattrel (M) @ Life Orb  <br \/>Ability: Volt Absorb  <br \/>Tera Type: Water  <br \/>EVs: 252 SpA &#x2f; 4 SpD &#x2f; 252 Spe  <br \/>Timid Nature  <br \/>IVs: 0 Atk  <br \/>- Hurricane  <br \/>- Thunder  <br \/>- Weather Ball  <br \/>- Volt Switch  <br \/><br \/>Basculegion (Basculegion-F) (F) @ Life Orb  <br \/>Ability: Adaptability  <br \/>Shiny: Yes  <br \/>Tera Type: Electric  <br \/>EVs: 4 Def &#x2f; 252 SpA &#x2f; 252 Spe  <br \/>Timid Nature  <br \/>IVs: 0 Atk  <br \/>- Shadow Ball  <br \/>- Surf  <br \/>- Rest  <br \/>- Sleep Talk  <br \/><br \/>Iron Jugulis @ Booster Energy  <br \/>Ability: Quark Drive  <br \/>Tera Type: Flying  <br \/>EVs: 252 SpA &#x2f; 4 SpD &#x2f; 252 Spe  <br \/>Timid Nature  <br \/>IVs: 0 Atk  <br \/>- Hurricane  <br \/>- Dark Pulse  <br \/>- Earth Power  <br \/>- Taunt  <br \/><br \/>Brute Bonnet @ Life Orb  <br \/>Ability: Protosynthesis  <br \/>Tera Type: Fairy  <br \/>EVs: 252 HP &#x2f; 252 Atk &#x2f; 4 SpD  <br \/>Adamant Nature  <br \/>- Sucker Punch  <br \/>- Spore  <br \/>- Seed Bomb  <br \/>- Close Combat  <br \/><br \/>Greninja (Greninja-Bond) (M) @ Wide Lens  <br \/>Ability: Battle Bond  <br \/>Hidden Power: Ghost  <br \/>Tera Type: Water  <br \/>EVs: 4 Def &#x2f; 252 SpA &#x2f; 252 Spe  <br \/>Timid Nature  <br \/>- Hydro Pump  <br \/>- Dark Pulse  <br \/>- Water Shuriken  <br \/>- Swords Dance  <br \/><br \/><\/details><\/div>\n|\n|t:|1699208729\n|switch|p2a: Grimmsnarl|Grimmsnarl, M, shiny|100\/100\n|turn|9\n|\n|t:|1699208734\n|move|p1a: Basculegion|Surf|p2a: Grimmsnarl\n|-damage|p2a: Grimmsnarl|0 fnt\n|faint|p2a: Grimmsnarl\n|-damage|p1a: Basculegion|46\/100|[from] item: Life Orb\n|\n|-weather|RainDance|[upkeep]\n|upkeep\n|\n|t:|1699208753\n|switch|p2a: Mew|Mew, shiny|100\/100\n|turn|10\n|\n|t:|1699208758\n|move|p2a: Mew|Bitter Malice|p1a: Basculegion\n|-supereffective|p1a: Basculegion\n|-damage|p1a: Basculegion|0 fnt\n|faint|p1a: Basculegion\n|\n|-weather|none\n|upkeep\n|\n|t:|1699208764\n|switch|p1a: Pelipper|Pelipper, F|80\/100\n|-weather|RainDance|[from] ability: Drizzle|[of] p1a: Pelipper\n|turn|11\n|\n|t:|1699208785\n|move|p2a: Mew|Hyper Voice|p1a: Pelipper\n|-damage|p1a: Pelipper|10\/100\n|move|p1a: Pelipper|Chilling Water|p2a: Mew\n|-damage|p2a: Mew|45\/100\n|-unboost|p2a: Mew|atk|1\n|replace|p2a: Zoroark|Zoroark-Hisui, F, shiny\n|-end|p2a: Zoroark|Illusion\n|\n|-weather|RainDance|[upkeep]\n|upkeep\n|turn|12\n|\n|t:|1699208793\n|move|p2a: Zoroark|Hyper Voice|p1a: Pelipper\n|-damage|p1a: Pelipper|0 fnt\n|faint|p1a: Pelipper\n|\n|-weather|RainDance|[upkeep]\n|upkeep\n|\n|t:|1699208796\n|switch|p1a: Brute Bonnet|Brute Bonnet|100\/100\n|turn|13\n|\n|t:|1699208806\n|move|p2a: Zoroark|Hyper Voice|p1a: Brute Bonnet\n|-damage|p1a: Brute Bonnet|63\/100\n|move|p1a: Brute Bonnet|Seed Bomb|p2a: Zoroark\n|-damage|p2a: Zoroark|0 fnt\n|faint|p2a: Zoroark\n|-damage|p1a: Brute Bonnet|53\/100|[from] item: Life Orb\n|\n|-weather|RainDance|[upkeep]\n|upkeep\n|\n|t:|1699208813\n|switch|p2a: Morpeko|Morpeko, M, shiny|100\/100\n|-item|p2a: Morpeko|Air Balloon\n|turn|14\n|\n|t:|1699208823\n|-terastallize|p1a: Brute Bonnet|Fairy\n|move|p2a: Morpeko|Brick Break|p1a: Brute Bonnet\n|-resisted|p1a: Brute Bonnet\n|-damage|p1a: Brute Bonnet|45\/100\n|move|p1a: Brute Bonnet|Spore|p2a: Morpeko\n|-status|p2a: Morpeko|slp|[from] move: Spore\n|\n|-weather|RainDance|[upkeep]\n|-formechange|p2a: Morpeko|Morpeko-Hangry||[from] ability: Hunger Switch\n|upkeep\n|turn|15\n|\n|t:|1699208836\n|cant|p2a: Morpeko|slp\n|move|p1a: Brute Bonnet|Close Combat|p2a: Morpeko\n|-supereffective|p2a: Morpeko\n|-damage|p2a: Morpeko|0 fnt\n|-unboost|p1a: Brute Bonnet|def|1\n|-unboost|p1a: Brute Bonnet|spd|1\n|-enditem|p2a: Morpeko|Air Balloon\n|faint|p2a: Morpeko\n|-damage|p1a: Brute Bonnet|35\/100|[from] item: Life Orb\n|\n|-weather|RainDance|[upkeep]\n|upkeep\n|\n|t:|1699208843\n|switch|p2a: Mew|Mew, shiny|100\/100\n|turn|16\n|\n|t:|1699208848\n|move|p2a: Mew|Imprison|p2a: Mew\n|-start|p2a: Mew|move: Imprison\n|move|p1a: Brute Bonnet|Spore|p2a: Mew\n|-status|p2a: Mew|slp|[from] move: Spore\n|\n|-weather|RainDance|[upkeep]\n|upkeep\n|turn|17\n|\n|t:|1699208859\n|cant|p2a: Mew|slp\n|move|p1a: Brute Bonnet|Seed Bomb|p2a: Mew\n|-damage|p2a: Mew|41\/100 slp\n|-damage|p1a: Brute Bonnet|25\/100|[from] item: Life Orb\n|\n|-weather|RainDance|[upkeep]\n|-heal|p2a: Mew|47\/100 slp|[from] item: Leftovers\n|upkeep\n|turn|18\n|c|\u2606brianbass|gg\n|\n|t:|1699208867\n|cant|p2a: Mew|slp\n|move|p1a: Brute Bonnet|Seed Bomb|p2a: Mew\n|-damage|p2a: Mew|0 fnt\n|faint|p2a: Mew\n|-damage|p1a: Brute Bonnet|15\/100|[from] item: Life Orb\n|\n|win|brianbass\n|raw|brianbass's rating: 1254 &rarr; <strong>1282<\/strong><br \/>(+28 for winning)\n|raw|Ohsnappity's rating: 1290 &rarr; <strong>1262<\/strong><br \/>(-28 for losing)\n|l|\u2606Ohsnappity\n|c|\u2606brianbass|gg\n|c|\u2606brianbass|good team\n|c|\u2606brianbass|can i use\n","uploadtime":1699208882,"views":4,"p1id":"brianbass","p2id":"ohsnappity","formatid":"gen9anythinggoes","rating":1262,"private":0,"password":""}