{"id":"gen9anythinggoes-1981171763","p1":"CalamityGames","p2":"solgaleobossbra","format":"[Gen 9] Anything Goes","log":"|j|\u2606CalamityGames\n|j|\u2606solgaleobossbra\n|t:|1698869440\n|gametype|singles\n|player|p1|CalamityGames|marley|1185\n|player|p2|solgaleobossbra|1|1000\n|teamsize|p1|6\n|teamsize|p2|6\n|gen|9\n|tier|[Gen 9] Anything Goes\n|rated|\n|rule|HP Percentage Mod: HP is shown in percentages\n|rule|Endless Battle Clause: Forcing endless battles is banned\n|clearpoke\n|poke|p1|Fezandipiti, M|\n|poke|p1|Munkidori, M|\n|poke|p1|Okidogi, M|\n|poke|p1|Glimmora, M|\n|poke|p1|Dragalge, M|\n|poke|p1|Toxtricity, F|\n|poke|p2|Annihilape, F|\n|poke|p2|Ninetales-Alola, F|\n|poke|p2|Shaymin-Sky|\n|poke|p2|Walking Wake|\n|poke|p2|Calyrex-Shadow|\n|poke|p2|Kingambit, M|\n|teampreview\n|inactive|Battle timer is ON: inactive players will automatically lose when time's up. (requested by CalamityGames)\n|\n|t:|1698869447\n|start\n|switch|p1a: Glimmora|Glimmora, M, shiny|100\/100\n|switch|p2a: Ninetales|Ninetales-Alola, F, shiny|100\/100\n|-weather|Snow|[from] ability: Snow Warning|[of] p2a: Ninetales\n|turn|1\n|\n|t:|1698869456\n|move|p2a: Ninetales|Ice Beam|p1a: Glimmora\n|-damage|p1a: Glimmora|67\/100\n|move|p1a: Glimmora|Stealth Rock|p2a: Ninetales\n|-sidestart|p2: solgaleobossbra|move: Stealth Rock\n|\n|-weather|Snow|[upkeep]\n|-heal|p1a: Glimmora|73\/100|[from] item: Black Sludge\n|upkeep\n|turn|2\n|\n|t:|1698869467\n|move|p1a: Glimmora|Spikes|p2a: Ninetales\n|-sidestart|p2: solgaleobossbra|Spikes\n|move|p2a: Ninetales|Avalanche|p1a: Glimmora\n|-damage|p1a: Glimmora|59\/100\n|-activate|p1a: Glimmora|ability: Toxic Debris\n|-sidestart|p2: solgaleobossbra|move: Toxic Spikes\n|\n|-weather|Snow|[upkeep]\n|-heal|p1a: Glimmora|65\/100|[from] item: Black Sludge\n|upkeep\n|turn|3\n|\n|t:|1698869479\n|move|p2a: Ninetales|Ice Beam|p1a: Glimmora\n|-damage|p1a: Glimmora|34\/100\n|move|p1a: Glimmora|Spikes|p2a: Ninetales\n|-sidestart|p2: solgaleobossbra|Spikes\n|\n|-weather|Snow|[upkeep]\n|-heal|p1a: Glimmora|40\/100|[from] item: Black Sludge\n|upkeep\n|turn|4\n|\n|t:|1698869489\n|move|p2a: Ninetales|Zen Headbutt|p1a: Glimmora|[miss]\n|-miss|p2a: Ninetales|p1a: Glimmora\n|move|p1a: Glimmora|Spikes|p2a: Ninetales\n|-sidestart|p2: solgaleobossbra|Spikes\n|\n|-weather|Snow|[upkeep]\n|-heal|p1a: Glimmora|46\/100|[from] item: Black Sludge\n|upkeep\n|turn|5\n|\n|t:|1698869497\n|move|p2a: Ninetales|Ice Beam|p1a: Glimmora\n|-damage|p1a: Glimmora|17\/100\n|move|p1a: Glimmora|Mortal Spin|p2a: Ninetales\n|-supereffective|p2a: Ninetales\n|-damage|p2a: Ninetales|85\/100\n|-status|p2a: Ninetales|psn\n|\n|-weather|none\n|-heal|p1a: Glimmora|23\/100|[from] item: Black Sludge\n|-damage|p2a: Ninetales|73\/100 psn|[from] psn\n|upkeep\n|turn|6\n|\n|t:|1698869508\n|move|p1a: Glimmora|Spiky Shield|p1a: Glimmora\n|-singleturn|p1a: Glimmora|move: Protect\n|move|p2a: Ninetales|Ice Beam|p1a: Glimmora\n|-activate|p1a: Glimmora|move: Protect\n|\n|-heal|p1a: Glimmora|29\/100|[from] item: Black Sludge\n|-damage|p2a: Ninetales|61\/100 psn|[from] psn\n|upkeep\n|turn|7\n|\n|t:|1698869518\n|move|p2a: Ninetales|Ice Beam|p1a: Glimmora\n|-damage|p1a: Glimmora|0 fnt\n|faint|p1a: Glimmora\n|\n|-damage|p2a: Ninetales|49\/100 psn|[from] psn\n|upkeep\n|\n|t:|1698869529\n|switch|p1a: Munkidori|Munkidori, M|100\/100\n|turn|8\n|\n|t:|1698869534\n|move|p1a: Munkidori|Trailblaze|p2a: Ninetales\n|-damage|p2a: Ninetales|34\/100 psn\n|-boost|p1a: Munkidori|spe|1\n|move|p2a: Ninetales|Avalanche|p1a: Munkidori\n|-damage|p1a: Munkidori|59\/100\n|\n|-heal|p1a: Munkidori|65\/100|[from] item: Black Sludge\n|-damage|p2a: Ninetales|21\/100 psn|[from] psn\n|upkeep\n|turn|9\n|\n|t:|1698869547\n|move|p1a: Munkidori|Shadow Ball|p2a: Ninetales\n|-damage|p2a: Ninetales|0 fnt\n|faint|p2a: Ninetales\n|\n|-heal|p1a: Munkidori|72\/100|[from] item: Black Sludge\n|upkeep\n|\n|t:|1698869554\n|switch|p2a: Annihilape|Annihilape, F|100\/100\n|-damage|p2a: Annihilape|94\/100|[from] Stealth Rock\n|-damage|p2a: Annihilape|69\/100|[from] Spikes\n|-status|p2a: Annihilape|psn\n|turn|10\n|\n|t:|1698869564\n|move|p1a: Munkidori|Psychic|p2a: Annihilape\n|-supereffective|p2a: Annihilape\n|-damage|p2a: Annihilape|0 fnt\n|faint|p2a: Annihilape\n|\n|-heal|p1a: Munkidori|78\/100|[from] item: Black Sludge\n|upkeep\n|\n|t:|1698869573\n|switch|p2a: Walking Wake|Walking Wake|100\/100\n|-damage|p2a: Walking Wake|88\/100|[from] Stealth Rock\n|-damage|p2a: Walking Wake|63\/100|[from] Spikes\n|-status|p2a: Walking Wake|psn\n|-enditem|p2a: Walking Wake|Booster Energy\n|-activate|p2a: Walking Wake|ability: Protosynthesis|[fromitem]\n|-start|p2a: Walking Wake|protosynthesisspa\n|turn|11\n|\n|t:|1698869586\n|move|p1a: Munkidori|Clear Smog|p2a: Walking Wake\n|-damage|p2a: Walking Wake|34\/100 psn\n|-clearboost|p2a: Walking Wake\n|move|p2a: Walking Wake|Hydro Steam|p1a: Munkidori\n|-damage|p1a: Munkidori|22\/100\n|\n|-heal|p1a: Munkidori|28\/100|[from] item: Black Sludge\n|-damage|p2a: Walking Wake|22\/100 psn|[from] psn\n|upkeep\n|turn|12\n|\n|t:|1698869601\n|move|p1a: Munkidori|Psychic|p2a: Walking Wake\n|-damage|p2a: Walking Wake|0 fnt\n|faint|p2a: Walking Wake\n|-end|p2a: Walking Wake|Protosynthesis|[silent]\n|\n|-heal|p1a: Munkidori|34\/100|[from] item: Black Sludge\n|upkeep\n|\n|t:|1698869614\n|switch|p2a: Calyrex|Calyrex-Shadow|100\/100\n|-ability|p2a: Calyrex|As One\n|-ability|p2a: Calyrex|Unnerve\n|-damage|p2a: Calyrex|88\/100|[from] Stealth Rock\n|-damage|p2a: Calyrex|63\/100|[from] Spikes\n|-status|p2a: Calyrex|psn\n|turn|13\n|\n|t:|1698869625\n|move|p2a: Calyrex|Astral Barrage|p1a: Munkidori\n|-supereffective|p1a: Munkidori\n|-damage|p1a: Munkidori|0 fnt\n|faint|p1a: Munkidori\n|-ability|p2a: Calyrex|Grim Neigh|boost\n|-boost|p2a: Calyrex|spa|1\n|-damage|p2a: Calyrex|53\/100 psn|[from] item: Life Orb\n|\n|-damage|p2a: Calyrex|41\/100 psn|[from] psn\n|upkeep\n|\n|t:|1698869638\n|switch|p1a: Fezandipiti|Fezandipiti, M|100\/100\n|turn|14\n|\n|t:|1698869644\n|move|p2a: Calyrex|Astral Barrage|p1a: Fezandipiti\n|-damage|p1a: Fezandipiti|0 fnt\n|faint|p1a: Fezandipiti\n|-ability|p2a: Calyrex|Grim Neigh|boost\n|-boost|p2a: Calyrex|spa|1\n|-damage|p2a: Calyrex|31\/100 psn|[from] item: Life Orb\n|\n|-damage|p2a: Calyrex|19\/100 psn|[from] psn\n|upkeep\n|\n|t:|1698869661\n|switch|p1a: Toxtricity|Toxtricity, F, shiny|100\/100\n|turn|15\n|\n|t:|1698869669\n|move|p2a: Calyrex|Astral Barrage|p1a: Toxtricity\n|-damage|p1a: Toxtricity|0 fnt\n|faint|p1a: Toxtricity\n|-ability|p2a: Calyrex|Grim Neigh|boost\n|-boost|p2a: Calyrex|spa|1\n|-damage|p2a: Calyrex|9\/100 psn|[from] item: Life Orb\n|\n|-damage|p2a: Calyrex|0 fnt|[from] psn\n|faint|p2a: Calyrex\n|upkeep\n|\n|t:|1698869681\n|switch|p2a: Shaymin|Shaymin-Sky, shiny|100\/100\n|switch|p1a: Okidogi|Okidogi, M|100\/100\n|-damage|p2a: Shaymin|76\/100|[from] Stealth Rock\n|turn|16\n|\n|t:|1698869690\n|move|p2a: Shaymin|Leech Seed|p1a: Okidogi\n|-start|p1a: Okidogi|move: Leech Seed\n|move|p1a: Okidogi|Thunder Punch|p2a: Shaymin\n|-damage|p2a: Shaymin|48\/100\n|-damage|p1a: Okidogi|84\/100|[from] item: Rocky Helmet|[of] p2a: Shaymin\n|\n|-heal|p1a: Okidogi|90\/100|[from] item: Black Sludge\n|-damage|p1a: Okidogi|78\/100|[from] Leech Seed|[of] p2a: Shaymin\n|-heal|p2a: Shaymin|58\/100|[silent]\n|upkeep\n|turn|17\n|\n|t:|1698869701\n|move|p2a: Shaymin|Substitute|p2a: Shaymin\n|-start|p2a: Shaymin|Substitute\n|-damage|p2a: Shaymin|34\/100\n|move|p1a: Okidogi|Ice Punch|p2a: Shaymin\n|-supereffective|p2a: Shaymin\n|-end|p2a: Shaymin|Substitute\n|\n|-heal|p1a: Okidogi|84\/100|[from] item: Black Sludge\n|-damage|p1a: Okidogi|71\/100|[from] Leech Seed|[of] p2a: Shaymin\n|-heal|p2a: Shaymin|44\/100|[silent]\n|upkeep\n|turn|18\n|\n|t:|1698869714\n|move|p2a: Shaymin|Substitute|p2a: Shaymin\n|-start|p2a: Shaymin|Substitute\n|-damage|p2a: Shaymin|19\/100\n|move|p1a: Okidogi|Ice Punch|p2a: Shaymin\n|-supereffective|p2a: Shaymin\n|-end|p2a: Shaymin|Substitute\n|\n|-heal|p1a: Okidogi|77\/100|[from] item: Black Sludge\n|-damage|p1a: Okidogi|65\/100|[from] Leech Seed|[of] p2a: Shaymin\n|-heal|p2a: Shaymin|30\/100|[silent]\n|upkeep\n|turn|19\n|\n|t:|1698869725\n|move|p2a: Shaymin|Seed Flare|p1a: Okidogi\n|-resisted|p1a: Okidogi\n|-damage|p1a: Okidogi|39\/100\n|-unboost|p1a: Okidogi|spd|2\n|move|p1a: Okidogi|Ice Punch|p2a: Shaymin\n|-supereffective|p2a: Shaymin\n|-damage|p2a: Shaymin|0 fnt\n|-damage|p1a: Okidogi|22\/100|[from] item: Rocky Helmet|[of] p2a: Shaymin\n|faint|p2a: Shaymin\n|\n|-heal|p1a: Okidogi|28\/100|[from] item: Black Sludge\n|upkeep\n|\n|t:|1698869737\n|switch|p2a: Kingambit|Kingambit, M|100\/100\n|-damage|p2a: Kingambit|94\/100|[from] Stealth Rock\n|-damage|p2a: Kingambit|69\/100|[from] Spikes\n|-activate|p2a: Kingambit|ability: Supreme Overlord\n|-start|p2a: Kingambit|fallen5|[silent]\n|turn|20\n|\n|t:|1698869747\n|-terastallize|p2a: Kingambit|Dark\n|move|p1a: Okidogi|Drain Punch|p2a: Kingambit\n|-supereffective|p2a: Kingambit\n|-damage|p2a: Kingambit|15\/100\n|-heal|p1a: Okidogi|60\/100|[from] drain|[of] p2a: Kingambit\n|move|p2a: Kingambit|Kowtow Cleave|p1a: Okidogi\n|-resisted|p1a: Okidogi\n|-damage|p1a: Okidogi|17\/100\n|\n|-heal|p1a: Okidogi|23\/100|[from] item: Black Sludge\n|-damage|p1a: Okidogi|11\/100|[from] Leech Seed|[of] p2a: Kingambit\n|-heal|p2a: Kingambit|26\/100|[silent]\n|upkeep\n|turn|21\n|\n|t:|1698869762\n|move|p1a: Okidogi|Drain Punch|p2a: Kingambit\n|-supereffective|p2a: Kingambit\n|-damage|p2a: Kingambit|0 fnt\n|-heal|p1a: Okidogi|26\/100|[from] drain|[of] p2a: Kingambit\n|faint|p2a: Kingambit\n|-end|p2a: Kingambit|fallen5|[silent]\n|\n|win|CalamityGames\n|raw|CalamityGames's rating: 1185 &rarr; <strong>1198<\/strong><br \/>(+13 for winning)\n|raw|solgaleobossbra's rating: 1000 &rarr; <strong>1000<\/strong><br \/>(+0 for losing)\n|c|\u2606CalamityGames|Gg\n|l|\u2606solgaleobossbra\n","uploadtime":1698869777,"views":6,"p1id":"calamitygames","p2id":"solgaleobossbra","formatid":"gen9anythinggoes","rating":1000,"private":0,"password":""}