{"id":"gen9anythinggoes-1998007154","p1":"Logpooy","p2":"g1pro","format":"[Gen 9] Anything Goes","log":"|j|\u2606Logpooy\n|j|\u2606g1pro\n|t:|1700878195\n|gametype|singles\n|player|p1|Logpooy|ingo|1056\n|player|p2|g1pro|101|1096\n|teamsize|p1|6\n|teamsize|p2|6\n|gen|9\n|tier|[Gen 9] Anything Goes\n|rated|\n|rule|HP Percentage Mod: HP is shown in percentages\n|rule|Endless Battle Clause: Forcing endless battles is banned\n|clearpoke\n|poke|p1|Sandslash, M|\n|poke|p1|Barraskewda, M|\n|poke|p1|Salazzle, F|\n|poke|p1|Drifblim, M|\n|poke|p1|Zoroark-Hisui, F|\n|poke|p1|Dudunsparce-*, M|\n|poke|p2|Mew|\n|poke|p2|Hoopa-Unbound|\n|poke|p2|Dragonite, F|\n|poke|p2|Zacian-*|\n|poke|p2|Blissey, F|\n|poke|p2|Rayquaza|\n|teampreview\n|\n|t:|1700878205\n|start\n|switch|p1a: hnnnng|Salazzle, F|100\/100\n|switch|p2a: Mew|Mew|100\/100\n|turn|1\n|\n|t:|1700878217\n|move|p1a: hnnnng|Toxic|p2a: Mew\n|-status|p2a: Mew|tox\n|-activate|p2a: Mew|ability: Synchronize\n|-immune|p1a: hnnnng\n|move|p2a: Mew|Substitute|p2a: Mew\n|-start|p2a: Mew|Substitute\n|-damage|p2a: Mew|75\/100 tox\n|\n|-damage|p2a: Mew|69\/100 tox|[from] psn\n|upkeep\n|turn|2\n|\n|t:|1700878227\n|move|p1a: hnnnng|Heat Wave|p2a: Mew\n|-end|p2a: Mew|Substitute\n|move|p2a: Mew|Nasty Plot|p2a: Mew\n|-boost|p2a: Mew|spa|2\n|\n|-damage|p2a: Mew|57\/100 tox|[from] psn\n|upkeep\n|turn|3\n|\n|t:|1700878236\n|move|p1a: hnnnng|Heat Wave|p2a: Mew\n|-damage|p2a: Mew|21\/100 tox\n|move|p2a: Mew|Baton Pass|p2a: Mew\n|\n|t:|1700878243\n|switch|p2a: Hoopa|Hoopa-Unbound|100\/100|[from] Baton Pass\n|\n|upkeep\n|turn|4\n|\n|t:|1700878250\n|move|p1a: hnnnng|Toxic|p2a: Hoopa\n|-status|p2a: Hoopa|tox\n|move|p2a: Hoopa|Psychic|p1a: hnnnng\n|-supereffective|p1a: hnnnng\n|-damage|p1a: hnnnng|0 fnt\n|faint|p1a: hnnnng\n|\n|-damage|p2a: Hoopa|95\/100 tox|[from] psn\n|upkeep\n|\n|t:|1700878253\n|switch|p1a: .x. moment|Drifblim, M, shiny|100\/100\n|turn|5\n|\n|t:|1700878263\n|move|p2a: Hoopa|Shadow Ball|p1a: .x. moment\n|-supereffective|p1a: .x. moment\n|-crit|p1a: .x. moment\n|-damage|p1a: .x. moment|0 fnt\n|faint|p1a: .x. moment\n|\n|-damage|p2a: Hoopa|83\/100 tox|[from] psn\n|upkeep\n|\n|t:|1700878273\n|switch|p1a: Da Cheff|Dudunsparce, M|100\/100\n|turn|6\n|\n|t:|1700878294\n|move|p1a: Da Cheff|Flamethrower|p2a: Hoopa\n|-damage|p2a: Hoopa|41\/100 tox\n|-damage|p1a: Da Cheff|91\/100|[from] item: Life Orb\n|move|p2a: Hoopa|Psychic|p1a: Da Cheff\n|-damage|p1a: Da Cheff|0 fnt\n|replace|p1a: hi :)|Zoroark-Hisui, F, shiny\n|-end|p1a: hi :)|Illusion\n|faint|p1a: hi :)\n|\n|-damage|p2a: Hoopa|23\/100 tox|[from] psn\n|upkeep\n|\n|t:|1700878301\n|switch|p1a: Mario 64|Barraskewda, M, shiny|100\/100\n|turn|7\n|\n|t:|1700878306\n|move|p1a: Mario 64|Liquidation|p2a: Hoopa\n|-damage|p2a: Hoopa|0 fnt\n|-damage|p1a: Mario 64|84\/100|[from] item: Rocky Helmet|[of] p2a: Hoopa\n|faint|p2a: Hoopa\n|\n|upkeep\n|\n|t:|1700878314\n|switch|p2a: Zacian|Zacian-Crowned|100\/100\n|-ability|p2a: Zacian|Intrepid Sword|boost\n|-boost|p2a: Zacian|atk|1\n|turn|8\n|\n|t:|1700878323\n|move|p1a: Mario 64|Liquidation|p2a: Zacian\n|-damage|p2a: Zacian|58\/100\n|-unboost|p2a: Zacian|def|1\n|move|p2a: Zacian|Behemoth Blade|p1a: Mario 64\n|-resisted|p1a: Mario 64\n|-damage|p1a: Mario 64|1\/100\n|\n|upkeep\n|turn|9\n|\n|t:|1700878335\n|move|p1a: Mario 64|Liquidation|p2a: Zacian\n|-crit|p2a: Zacian\n|-damage|p2a: Zacian|0 fnt\n|faint|p2a: Zacian\n|\n|upkeep\n|\n|t:|1700878343\n|switch|p2a: Blisseyyyyyy|Blissey, F|100\/100\n|turn|10\n|\n|t:|1700878348\n|move|p1a: Mario 64|Liquidation|p2a: Blisseyyyyyy\n|-damage|p2a: Blisseyyyyyy|61\/100\n|move|p2a: Blisseyyyyyy|Seismic Toss|p1a: Mario 64\n|-damage|p1a: Mario 64|0 fnt\n|faint|p1a: Mario 64\n|\n|-heal|p2a: Blisseyyyyyy|68\/100|[from] item: Leftovers\n|upkeep\n|\n|t:|1700878365\n|switch|p1a: Da Cheff|Dudunsparce, M|100\/100\n|turn|11\n|\n|t:|1700878380\n|move|p2a: Blisseyyyyyy|Psychic|p1a: Da Cheff\n|-damage|p1a: Da Cheff|82\/100\n|move|p1a: Da Cheff|Zen Headbutt|p2a: Blisseyyyyyy\n|-damage|p2a: Blisseyyyyyy|49\/100\n|\n|-heal|p2a: Blisseyyyyyy|56\/100|[from] item: Leftovers\n|-heal|p1a: Da Cheff|88\/100|[from] item: Leftovers\n|upkeep\n|turn|12\n|\n|t:|1700878389\n|move|p1a: Da Cheff|Ancient Power|p2a: Blisseyyyyyy\n|-damage|p2a: Blisseyyyyyy|50\/100\n|move|p2a: Blisseyyyyyy|Seismic Toss|p1a: Da Cheff\n|-damage|p1a: Da Cheff|66\/100\n|\n|-heal|p1a: Da Cheff|72\/100|[from] item: Leftovers\n|-heal|p2a: Blisseyyyyyy|56\/100|[from] item: Leftovers\n|upkeep\n|turn|13\n|\n|t:|1700878397\n|move|p2a: Blisseyyyyyy|Soft-Boiled|p2a: Blisseyyyyyy\n|-heal|p2a: Blisseyyyyyy|100\/100\n|move|p1a: Da Cheff|Ancient Power|p2a: Blisseyyyyyy\n|-damage|p2a: Blisseyyyyyy|94\/100\n|-boost|p1a: Da Cheff|atk|1\n|-boost|p1a: Da Cheff|def|1\n|-boost|p1a: Da Cheff|spa|1\n|-boost|p1a: Da Cheff|spd|1\n|-boost|p1a: Da Cheff|spe|1\n|\n|-heal|p1a: Da Cheff|78\/100|[from] item: Leftovers\n|-heal|p2a: Blisseyyyyyy|99\/100|[from] item: Leftovers\n|upkeep\n|turn|14\n|\n|t:|1700878411\n|switch|p2a: Dragonite|Dragonite, F|100\/100\n|move|p1a: Da Cheff|Ancient Power|p2a: Dragonite\n|-supereffective|p2a: Dragonite\n|-damage|p2a: Dragonite|44\/100\n|\n|-heal|p2a: Dragonite|50\/100|[from] item: Leftovers\n|-heal|p1a: Da Cheff|84\/100|[from] item: Leftovers\n|upkeep\n|turn|15\n|\n|t:|1700878429\n|-terastallize|p1a: Da Cheff|Ghost\n|move|p2a: Dragonite|Earthquake|p1a: Da Cheff\n|-damage|p1a: Da Cheff|63\/100\n|move|p1a: Da Cheff|Ice Beam|p2a: Dragonite\n|-supereffective|p2a: Dragonite\n|-damage|p2a: Dragonite|0 fnt\n|faint|p2a: Dragonite\n|\n|-heal|p1a: Da Cheff|69\/100|[from] item: Leftovers\n|upkeep\n|\n|t:|1700878441\n|switch|p2a: Rayquaza|Rayquaza|100\/100\n|-ability|p2a: Rayquaza|Air Lock\n|turn|16\n|\n|t:|1700878451\n|move|p2a: Rayquaza|Stone Edge|p1a: Da Cheff\n|-damage|p1a: Da Cheff|48\/100\n|move|p1a: Da Cheff|Ice Beam|p2a: Rayquaza\n|-supereffective|p2a: Rayquaza\n|-damage|p2a: Rayquaza|0 fnt\n|faint|p2a: Rayquaza\n|\n|-heal|p1a: Da Cheff|54\/100|[from] item: Leftovers\n|upkeep\n|\n|t:|1700878460\n|switch|p2a: Mew|Mew|21\/100 tox\n|turn|17\n|\n|t:|1700878465\n|move|p2a: Mew|Life Dew|p2a: Mew\n|-heal|p2a: Mew|46\/100 tox\n|move|p1a: Da Cheff|Ancient Power|p2a: Mew\n|-damage|p2a: Mew|25\/100 tox\n|\n|-heal|p1a: Da Cheff|60\/100|[from] item: Leftovers\n|-damage|p2a: Mew|19\/100 tox|[from] psn\n|upkeep\n|turn|18\n|\n|t:|1700878483\n|move|p2a: Mew|Nasty Plot|p2a: Mew\n|-boost|p2a: Mew|spa|2\n|move|p1a: Da Cheff|Ancient Power|p2a: Mew\n|-damage|p2a: Mew|0 fnt\n|-boost|p1a: Da Cheff|atk|1\n|-boost|p1a: Da Cheff|def|1\n|-boost|p1a: Da Cheff|spa|1\n|-boost|p1a: Da Cheff|spd|1\n|-boost|p1a: Da Cheff|spe|1\n|faint|p2a: Mew\n|\n|-heal|p1a: Da Cheff|66\/100|[from] item: Leftovers\n|upkeep\n|\n|t:|1700878493\n|switch|p2a: Blisseyyyyyy|Blissey, F|99\/100\n|turn|19\n|c|\u2606Logpooy|the classic dudunsparce sweep\n|\n|t:|1700878504\n|move|p1a: Da Cheff|Zen Headbutt|p2a: Blisseyyyyyy\n|-damage|p2a: Blisseyyyyyy|67\/100\n|cant|p2a: Blisseyyyyyy|flinch\n|\n|-heal|p1a: Da Cheff|73\/100|[from] item: Leftovers\n|-heal|p2a: Blisseyyyyyy|73\/100|[from] item: Leftovers\n|upkeep\n|turn|20\n|\n|t:|1700878511\n|move|p1a: Da Cheff|Zen Headbutt|p2a: Blisseyyyyyy\n|-damage|p2a: Blisseyyyyyy|41\/100\n|cant|p2a: Blisseyyyyyy|flinch\n|\n|-heal|p1a: Da Cheff|79\/100|[from] item: Leftovers\n|-heal|p2a: Blisseyyyyyy|48\/100|[from] item: Leftovers\n|upkeep\n|turn|21\n|\n|t:|1700878518\n|move|p1a: Da Cheff|Zen Headbutt|p2a: Blisseyyyyyy\n|-damage|p2a: Blisseyyyyyy|15\/100\n|move|p2a: Blisseyyyyyy|Soft-Boiled|p2a: Blisseyyyyyy\n|-heal|p2a: Blisseyyyyyy|65\/100\n|\n|-heal|p1a: Da Cheff|85\/100|[from] item: Leftovers\n|-heal|p2a: Blisseyyyyyy|71\/100|[from] item: Leftovers\n|upkeep\n|turn|22\n|\n|t:|1700878526\n|move|p1a: Da Cheff|Zen Headbutt|p2a: Blisseyyyyyy\n|-damage|p2a: Blisseyyyyyy|36\/100\n|move|p2a: Blisseyyyyyy|Thunderbolt|p1a: Da Cheff\n|-damage|p1a: Da Cheff|77\/100\n|\n|-heal|p1a: Da Cheff|83\/100|[from] item: Leftovers\n|-heal|p2a: Blisseyyyyyy|42\/100|[from] item: Leftovers\n|upkeep\n|turn|23\n|-message|g1pro forfeited.\n|\n|win|Logpooy\n|raw|Logpooy's rating: 1056 &rarr; <strong>1091<\/strong><br \/>(+35 for winning)\n|raw|g1pro's rating: 1096 &rarr; <strong>1069<\/strong><br \/>(-27 for losing)\n|l|\u2606g1pro\n","uploadtime":1700878543,"views":2,"p1id":"logpooy","p2id":"g1pro","formatid":"gen9anythinggoes","rating":1069,"private":0,"password":""}