{"id":"gen9anythinggoes-1981261590","p1":"Lil_bryce","p2":"sorrynotsorrymate","format":"[Gen 9] Anything Goes","log":"|j|\u2606Lil_bryce\n|j|\u2606sorrynotsorrymate\n|t:|1698877443\n|gametype|singles\n|player|p1|Lil_bryce|170|1404\n|player|p2|sorrynotsorrymate|swimmer-gen4|1433\n|teamsize|p1|6\n|teamsize|p2|6\n|gen|9\n|tier|[Gen 9] Anything Goes\n|rated|\n|rule|HP Percentage Mod: HP is shown in percentages\n|rule|Endless Battle Clause: Forcing endless battles is banned\n|clearpoke\n|poke|p1|Calyrex-Shadow|\n|poke|p1|Arceus|\n|poke|p1|Chien-Pao|\n|poke|p1|Espathra, M|\n|poke|p1|Zacian-*|\n|poke|p1|Giratina|\n|poke|p2|Annihilape, F|\n|poke|p2|Urshifu-*, M|\n|poke|p2|Toxapex, M|\n|poke|p2|Volcarona, M|\n|poke|p2|Ogerpon-Hearthflame, F|\n|poke|p2|Landorus, M|\n|teampreview\n|inactive|Battle timer is ON: inactive players will automatically lose when time's up. (requested by sorrynotsorrymate)\n|inactive|Lil_bryce has 120 seconds left.\n|\n|t:|1698877475\n|start\n|switch|p1a: Arceus|Arceus|100\/100\n|switch|p2a: Ogerpon|Ogerpon-Hearthflame, F|100\/100\n|-ability|p2a: Ogerpon|Mold Breaker\n|turn|1\n|\n|t:|1698877487\n|move|p2a: Ogerpon|Trailblaze|p1a: Arceus\n|-damage|p1a: Arceus|82\/100\n|-boost|p2a: Ogerpon|spe|1\n|move|p1a: Arceus|Swords Dance|p1a: Arceus\n|-boost|p1a: Arceus|atk|2\n|\n|upkeep\n|turn|2\n|c|\u2606Lil_bryce|its morbin time its should be a crime to have an arceus that hit this fine\n|\n|t:|1698877501\n|switch|p2a: Annihilape|Annihilape, F, shiny|100\/100\n|move|p1a: Arceus|Extreme Speed|p2a: Annihilape\n|-immune|p2a: Annihilape\n|\n|upkeep\n|turn|3\n|c|\u2606sorrynotsorrymate|whar\n|\n|t:|1698877510\n|-terastallize|p1a: Arceus|Ghost\n|move|p1a: Arceus|Shadow Claw|p2a: Annihilape\n|-supereffective|p2a: Annihilape\n|-damage|p2a: Annihilape|0 fnt\n|faint|p2a: Annihilape\n|\n|upkeep\n|\n|t:|1698877515\n|switch|p2a: Urshifu|Urshifu, M|100\/100\n|turn|4\n|\n|t:|1698877520\n|move|p1a: Arceus|Extreme Speed|p2a: Urshifu\n|-damage|p2a: Urshifu|1\/100\n|move|p2a: Urshifu|Wicked Blow|p1a: Arceus\n|-supereffective|p1a: Arceus\n|-crit|p1a: Arceus\n|-damage|p1a: Arceus|0 fnt\n|faint|p1a: Arceus\n|\n|upkeep\n|c|\u2606Lil_bryce|WHY\n|\n|t:|1698877533\n|switch|p1a: Calyrex|Calyrex-Shadow|100\/100\n|-ability|p1a: Calyrex|As One\n|-ability|p1a: Calyrex|Unnerve\n|turn|5\n|c|\u2606sorrynotsorrymate|you didn't kill without a crit either way\n|\n|t:|1698877542\n|move|p2a: Urshifu|Sucker Punch|p1a: Calyrex\n|-supereffective|p1a: Calyrex\n|-enditem|p1a: Calyrex|Focus Sash\n|-damage|p1a: Calyrex|1\/100\n|move|p1a: Calyrex|Pollen Puff|p2a: Urshifu\n|-damage|p2a: Urshifu|0 fnt\n|faint|p2a: Urshifu\n|-ability|p1a: Calyrex|Grim Neigh|boost\n|-boost|p1a: Calyrex|spa|1\n|\n|upkeep\n|\n|t:|1698877548\n|switch|p2a: Volcarona|Volcarona, M|100\/100\n|turn|6\n|c|\u2606Lil_bryce|i forgor about sucker punch\n|c|\u2606Lil_bryce|im so dumb\n|\n|t:|1698877558\n|move|p1a: Calyrex|Astral Barrage|p2a: Volcarona\n|-damage|p2a: Volcarona|0 fnt\n|faint|p2a: Volcarona\n|-ability|p1a: Calyrex|Grim Neigh|boost\n|-boost|p1a: Calyrex|spa|1\n|\n|upkeep\n|\n|t:|1698877562\n|switch|p2a: Toxapex|Toxapex, M|100\/100\n|turn|7\n|c|\u2606Lil_bryce|well rip team i gues\n|\n|t:|1698877567\n|move|p1a: Calyrex|Psyshock|p2a: Toxapex\n|-supereffective|p2a: Toxapex\n|-damage|p2a: Toxapex|0 fnt\n|faint|p2a: Toxapex\n|-ability|p1a: Calyrex|Grim Neigh|boost\n|-boost|p1a: Calyrex|spa|1\n|\n|upkeep\n|\n|t:|1698877570\n|switch|p2a: Ogerpon|Ogerpon-Hearthflame, F|100\/100\n|-ability|p2a: Ogerpon|Mold Breaker\n|turn|8\n|c|\u2606Lil_bryce|destroyed\n|\n|t:|1698877577\n|-terastallize|p2a: Ogerpon|Fire\n|detailschange|p2a: Ogerpon|Ogerpon-Hearthflame-Tera, F, tera:Fire\n|-ability|p2a: Ogerpon|Embody Aspect (Hearthflame)|boost\n|-boost|p2a: Ogerpon|atk|1\n|move|p1a: Calyrex|Astral Barrage|p2a: Ogerpon\n|-damage|p2a: Ogerpon|0 fnt\n|faint|p2a: Ogerpon\n|-ability|p1a: Calyrex|Grim Neigh|boost\n|-boost|p1a: Calyrex|spa|1\n|\n|upkeep\n|\n|t:|1698877580\n|switch|p2a: Landorus|Landorus, M|100\/100\n|turn|9\n|\n|t:|1698877588\n|move|p1a: Calyrex|Astral Barrage|p2a: Landorus\n|-damage|p2a: Landorus|0 fnt\n|faint|p2a: Landorus\n|\n|win|Lil_bryce\n|raw|Lil_bryce's rating: 1404 &rarr; <strong>1426<\/strong><br \/>(+22 for winning)\n|raw|sorrynotsorrymate's rating: 1433 &rarr; <strong>1411<\/strong><br \/>(-22 for losing)\n|c|\u2606sorrynotsorrymate|gg\n|c|\u2606Lil_bryce|CALY for the win\n|l|\u2606sorrynotsorrymate\n|c|\u2606Lil_bryce|im saving this replay\n","uploadtime":1698877605,"views":10,"p1id":"lilbryce","p2id":"sorrynotsorrymate","formatid":"gen9anythinggoes","rating":1411,"private":0,"password":""}