{"id":"gen9anythinggoes-1980869178","p1":"Shadixsman","p2":"AGisgood","format":"[Gen 9] Anything Goes","log":"|j|\u2606Shadixsman\n|j|\u2606AGisgood\n|t:|1698844263\n|gametype|singles\n|player|p1|Shadixsman|266|1691\n|player|p2|AGisgood|cynthia-gen4|1814\n|teamsize|p1|6\n|teamsize|p2|6\n|gen|9\n|tier|[Gen 9] Anything Goes\n|rated|\n|rule|HP Percentage Mod: HP is shown in percentages\n|rule|Endless Battle Clause: Forcing endless battles is banned\n|clearpoke\n|poke|p1|Miraidon|\n|poke|p1|Calyrex-Shadow|\n|poke|p1|Corviknight, M|\n|poke|p1|Koraidon|\n|poke|p1|Great Tusk|\n|poke|p1|Arceus-Ground|\n|poke|p2|Arceus|\n|poke|p2|Calyrex-Shadow|\n|poke|p2|Koraidon|\n|poke|p2|Ting-Lu|\n|poke|p2|Zacian-*|\n|poke|p2|Arceus-Ground|\n|teampreview\n|inactive|Battle timer is ON: inactive players will automatically lose when time's up. (requested by AGisgood)\n|c|\u2606AGisgood|glhf\n|c|\u2606Shadixsman|u2\n|\n|t:|1698844287\n|start\n|switch|p1a: Great Tusk|Great Tusk|100\/100\n|switch|p2a: Arceus|Arceus-Ground|100\/100\n|turn|1\n|inactive|Shadixsman has 120 seconds left.\n|\n|t:|1698844321\n|-end|p1a: Great Tusk|Protosynthesis|[silent]\n|switch|p1a: Corviknight|Corviknight, M|100\/100\n|-ability|p1a: Corviknight|Pressure\n|move|p2a: Arceus|Will-O-Wisp|p1a: Corviknight\n|-status|p1a: Corviknight|brn\n|\n|-damage|p1a: Corviknight|94\/100 brn|[from] brn\n|upkeep\n|turn|2\n|j| yahhhhhhhh\n|\n|t:|1698844328\n|move|p2a: Arceus|Stealth Rock|p1a: Corviknight\n|-sidestart|p1: Shadixsman|move: Stealth Rock\n|move|p1a: Corviknight|U-turn|p2a: Arceus\n|-damage|p2a: Arceus|97\/100\n|\n|t:|1698844333\n|switch|p1a: Koraidon|Koraidon|100\/100|[from] U-turn\n|-damage|p1a: Koraidon|94\/100|[from] Stealth Rock\n|-weather|SunnyDay|[from] ability: Orichalcum Pulse|[of] p1a: Koraidon\n|-activate|p1a: Koraidon|Orichalcum Pulse|[source]\n|\n|-weather|SunnyDay|[upkeep]\n|upkeep\n|turn|3\n|\n|t:|1698844336\n|-terastallize|p1a: Koraidon|Fire\n|move|p1a: Koraidon|Flare Blitz|p2a: Arceus\n|-damage|p2a: Arceus|19\/100\n|-damage|p1a: Koraidon|61\/100|[from] Recoil\n|move|p2a: Arceus|Will-O-Wisp|p1a: Koraidon|[miss]\n|-miss|p2a: Arceus|p1a: Koraidon\n|\n|-weather|SunnyDay|[upkeep]\n|upkeep\n|turn|4\n|inactive|AGisgood has 120 seconds left.\n|\n|t:|1698844374\n|move|p1a: Koraidon|Flare Blitz|p2a: Arceus\n|-damage|p2a: Arceus|0 fnt\n|faint|p2a: Arceus\n|-damage|p1a: Koraidon|53\/100|[from] Recoil\n|\n|-weather|SunnyDay|[upkeep]\n|upkeep\n|\n|t:|1698844379\n|switch|p2a: Koraidon|Koraidon|100\/100\n|-activate|p2a: Koraidon|ability: Orichalcum Pulse\n|turn|5\n|\n|t:|1698844381\n|switch|p1a: Great Tusk|Great Tusk|100\/100\n|-damage|p1a: Great Tusk|97\/100|[from] Stealth Rock\n|-activate|p1a: Great Tusk|ability: Protosynthesis\n|-start|p1a: Great Tusk|protosynthesisdef\n|move|p2a: Koraidon|Low Kick|p1a: Great Tusk\n|-damage|p1a: Great Tusk|64\/100\n|-damage|p2a: Koraidon|84\/100|[from] item: Rocky Helmet|[of] p1a: Great Tusk\n|\n|-weather|SunnyDay|[upkeep]\n|upkeep\n|turn|6\n|\n|t:|1698844388\n|switch|p2a: Calyrex|Calyrex-Shadow|100\/100\n|-ability|p2a: Calyrex|As One\n|-ability|p2a: Calyrex|Unnerve\n|move|p1a: Great Tusk|Stealth Rock|p2a: Calyrex\n|-sidestart|p2: AGisgood|move: Stealth Rock\n|\n|-weather|none\n|-end|p1a: Great Tusk|Protosynthesis\n|upkeep\n|turn|7\n|\n|t:|1698844398\n|-end|p1a: Great Tusk|Protosynthesis|[silent]\n|switch|p1a: Corviknight|Corviknight, M|94\/100 brn\n|-damage|p1a: Corviknight|82\/100 brn|[from] Stealth Rock\n|-ability|p1a: Corviknight|Pressure\n|move|p2a: Calyrex|Nasty Plot|p2a: Calyrex\n|-boost|p2a: Calyrex|spa|2\n|\n|-heal|p1a: Corviknight|88\/100 brn|[from] item: Leftovers\n|-damage|p1a: Corviknight|82\/100 brn|[from] brn\n|upkeep\n|turn|8\n|\n|t:|1698844404\n|move|p2a: Calyrex|Astral Barrage|p1a: Corviknight\n|-damage|p1a: Corviknight|0 fnt\n|faint|p1a: Corviknight\n|-ability|p2a: Calyrex|Grim Neigh|boost\n|-boost|p2a: Calyrex|spa|1\n|\n|upkeep\n|\n|t:|1698844409\n|switch|p1a: Koraidon|Koraidon, tera:Fire|53\/100\n|-damage|p1a: Koraidon|28\/100|[from] Stealth Rock\n|-weather|SunnyDay|[from] ability: Orichalcum Pulse|[of] p1a: Koraidon\n|-activate|p1a: Koraidon|Orichalcum Pulse|[source]\n|turn|9\n|\n|t:|1698844415\n|switch|p2a: Koraidon|Koraidon|84\/100\n|-damage|p2a: Koraidon|78\/100|[from] Stealth Rock\n|-activate|p2a: Koraidon|ability: Orichalcum Pulse\n|move|p1a: Koraidon|Flare Blitz|p2a: Koraidon\n|-resisted|p2a: Koraidon\n|-damage|p2a: Koraidon|20\/100\n|-damage|p1a: Koraidon|9\/100|[from] Recoil\n|\n|-weather|SunnyDay|[upkeep]\n|upkeep\n|turn|10\n|\n|t:|1698844422\n|move|p2a: Koraidon|Low Kick|p1a: Koraidon\n|-damage|p1a: Koraidon|0 fnt\n|faint|p1a: Koraidon\n|\n|-weather|SunnyDay|[upkeep]\n|upkeep\n|\n|t:|1698844431\n|switch|p1a: Great Tusk|Great Tusk|64\/100\n|-damage|p1a: Great Tusk|61\/100|[from] Stealth Rock\n|-activate|p1a: Great Tusk|ability: Protosynthesis\n|-start|p1a: Great Tusk|protosynthesisdef\n|turn|11\n|\n|t:|1698844434\n|move|p2a: Koraidon|Low Kick|p1a: Great Tusk\n|-damage|p1a: Great Tusk|27\/100\n|-damage|p2a: Koraidon|3\/100|[from] item: Rocky Helmet|[of] p1a: Great Tusk\n|move|p1a: Great Tusk|Knock Off|p2a: Koraidon\n|-resisted|p2a: Koraidon\n|-damage|p2a: Koraidon|0 fnt\n|-enditem|p2a: Koraidon|Choice Scarf|[from] move: Knock Off|[of] p1a: Great Tusk\n|faint|p2a: Koraidon\n|\n|-weather|SunnyDay|[upkeep]\n|upkeep\n|\n|t:|1698844442\n|switch|p2a: Calyrex|Calyrex-Shadow|100\/100\n|-ability|p2a: Calyrex|As One\n|-ability|p2a: Calyrex|Unnerve\n|turn|12\n|\n|t:|1698844444\n|move|p2a: Calyrex|Astral Barrage|p1a: Great Tusk\n|-damage|p1a: Great Tusk|0 fnt\n|faint|p1a: Great Tusk\n|-end|p1a: Great Tusk|Protosynthesis|[silent]\n|-ability|p2a: Calyrex|Grim Neigh|boost\n|-boost|p2a: Calyrex|spa|1\n|\n|-weather|SunnyDay|[upkeep]\n|upkeep\n|\n|t:|1698844460\n|switch|p1a: Miraidon|Miraidon|100\/100\n|-damage|p1a: Miraidon|88\/100|[from] Stealth Rock\n|-fieldstart|move: Electric Terrain|[from] ability: Hadron Engine|[of] p1a: Miraidon\n|turn|13\n|\n|t:|1698844463\n|switch|p2a: Ting-Lu|Ting-Lu|100\/100\n|-damage|p2a: Ting-Lu|94\/100|[from] Stealth Rock\n|-ability|p2a: Ting-Lu|Vessel of Ruin\n|move|p1a: Miraidon|Draco Meteor|p2a: Ting-Lu\n|-damage|p2a: Ting-Lu|33\/100\n|-unboost|p1a: Miraidon|spa|2\n|\n|-weather|none\n|-heal|p2a: Ting-Lu|39\/100|[from] item: Leftovers\n|upkeep\n|turn|14\n|\n|t:|1698844468\n|move|p1a: Miraidon|Draco Meteor|p2a: Ting-Lu|[miss]\n|-miss|p1a: Miraidon|p2a: Ting-Lu\n|move|p2a: Ting-Lu|Earthquake|p1a: Miraidon\n|-supereffective|p1a: Miraidon\n|-damage|p1a: Miraidon|14\/100\n|\n|-heal|p2a: Ting-Lu|45\/100|[from] item: Leftovers\n|upkeep\n|turn|15\n|\n|t:|1698844473\n|move|p1a: Miraidon|Draco Meteor|p2a: Ting-Lu\n|-damage|p2a: Ting-Lu|15\/100\n|-unboost|p1a: Miraidon|spa|2\n|move|p2a: Ting-Lu|Earthquake|p1a: Miraidon\n|-supereffective|p1a: Miraidon\n|-damage|p1a: Miraidon|0 fnt\n|faint|p1a: Miraidon\n|\n|-heal|p2a: Ting-Lu|22\/100|[from] item: Leftovers\n|upkeep\n|\n|t:|1698844476\n|switch|p1a: Arceus|Arceus-Ground|100\/100\n|-damage|p1a: Arceus|94\/100|[from] Stealth Rock\n|turn|16\n|\n|t:|1698844479\n|move|p1a: Arceus|Dragon Dance|p1a: Arceus\n|-boost|p1a: Arceus|atk|1\n|-boost|p1a: Arceus|spe|1\n|move|p2a: Ting-Lu|Fissure|p1a: Arceus\n|-damage|p1a: Arceus|0 fnt\n|faint|p1a: Arceus\n|-ohko\n|\n|-heal|p2a: Ting-Lu|28\/100|[from] item: Leftovers\n|upkeep\n|\n|t:|1698844482\n|switch|p1a: Calyrex|Calyrex-Shadow|100\/100\n|-ability|p1a: Calyrex|As One\n|-ability|p1a: Calyrex|Unnerve\n|-damage|p1a: Calyrex|88\/100|[from] Stealth Rock\n|turn|17\n|\n|t:|1698844487\n|switch|p2a: Arceus|Arceus|100\/100\n|-damage|p2a: Arceus|88\/100|[from] Stealth Rock\n|move|p1a: Calyrex|Trick|p2a: Arceus\n|-activate|p1a: Calyrex|move: Trick|[of] p2a: Arceus\n|-item|p2a: Arceus|Choice Scarf|[from] move: Trick\n|-item|p1a: Calyrex|Leftovers|[from] move: Trick\n|\n|-heal|p1a: Calyrex|94\/100|[from] item: Leftovers\n|-fieldend|move: Electric Terrain\n|upkeep\n|turn|18\n|\n|t:|1698844491\n|move|p1a: Calyrex|Psyshock|p2a: Arceus\n|-damage|p2a: Arceus|53\/100\n|move|p2a: Arceus|Shadow Claw|p1a: Calyrex\n|-supereffective|p1a: Calyrex\n|-damage|p1a: Calyrex|0 fnt\n|faint|p1a: Calyrex\n|\n|win|AGisgood\n|raw|Shadixsman's rating: 1691 &rarr; <strong>1678<\/strong><br \/>(-13 for losing)\n|raw|AGisgood's rating: 1814 &rarr; <strong>1827<\/strong><br \/>(+13 for winning)\n|c|\u2606Shadixsman|gg\n|l|\u2606AGisgood\n|l|\u2606Shadixsman\n","uploadtime":1698844820,"views":3,"p1id":"shadixsman","p2id":"agisgood","formatid":"gen9anythinggoes","rating":1678,"private":0,"password":""}