{"id":"gen9anythinggoes-1988543285","p1":"kenn","p2":"Octosquid420","format":"[Gen 9] Anything Goes","log":"|j|\u2606kenn\n|j|\u2606Octosquid420\n|t:|1699734260\n|gametype|singles\n|player|p1|kenn|#capplixvenomicons|\n|player|p2|Octosquid420|cynthia-masters|\n|teamsize|p1|6\n|teamsize|p2|6\n|gen|9\n|tier|[Gen 9] Anything Goes\n|rule|HP Percentage Mod: HP is shown in percentages\n|rule|Endless Battle Clause: Forcing endless battles is banned\n|rule|Species Clause: Limit one of each Pok\u00e9mon\n|rule|OHKO Clause: OHKO moves are banned\n|rule|Evasion Moves Clause: Evasion moves are banned\n|rule|Sleep Clause Mod: Limit one foe put to sleep\n|rule|Category Swap Mod: All physical moves become special, and vice versa\n|clearpoke\n|poke|p1|Gliscor, M|\n|poke|p1|Gholdengo|\n|poke|p1|Palafin, M|\n|poke|p1|Iron Valiant|\n|poke|p1|Hydreigon, F|\n|poke|p1|Volcarona, F|\n|poke|p2|Hydreigon, F|\n|poke|p2|Gengar, M|\n|poke|p2|Sylveon, M|\n|poke|p2|Empoleon, F|\n|poke|p2|Gliscor, F|\n|poke|p2|Iron Valiant|\n|teampreview\n|c|\u2606kenn|Glhf\n|c|\u2606Octosquid420|i swore i saw this om a while ago\n|c|\u2606Octosquid420|it looked interesting\n|\n|t:|1699734301\n|start\n|switch|p1a: Palafin|Palafin, M|100\/100\n|switch|p2a: Empoleon|Empoleon, F|100\/100\n|turn|1\n|c|\u2606Octosquid420|160 attack boomburst\n|c|\u2606Octosquid420|lmfaooo\n|j| Gimlaf\n|\n|t:|1699734348\n|detailschange|p1a: Palafin|Palafin-Hero, M\n|switch|p1a: Hydreigon|Hydreigon, F|100\/100\n|move|p2a: Empoleon|Flip Turn|p1a: Hydreigon\n|-resisted|p1a: Hydreigon\n|-damage|p1a: Hydreigon|88\/100\n|\n|t:|1699734354\n|switch|p2a: Sylveon|Sylveon, M|100\/100|[from] Flip Turn\n|\n|upkeep\n|turn|2\n|\n|t:|1699734382\n|switch|p1a: Volcarona|Volcarona, F|100\/100\n|move|p2a: Sylveon|Body Slam|p1a: Volcarona\n|-resisted|p1a: Volcarona\n|-damage|p1a: Volcarona|63\/100\n|-status|p1a: Volcarona|par\n|\n|upkeep\n|turn|3\n|\n|t:|1699734391\n|switch|p2a: Empoleon|Empoleon, F|100\/100\n|move|p1a: Volcarona|Quiver Dance|p1a: Volcarona\n|-boost|p1a: Volcarona|spa|1\n|-boost|p1a: Volcarona|spd|1\n|-boost|p1a: Volcarona|spe|1\n|\n|upkeep\n|turn|4\n|\n|t:|1699734416\n|cant|p1a: Volcarona|par\n|move|p2a: Empoleon|Flip Turn|p1a: Volcarona\n|-supereffective|p1a: Volcarona\n|-damage|p1a: Volcarona|33\/100 par\n|-status|p2a: Empoleon|brn|[from] ability: Flame Body|[of] p1a: Volcarona\n|c|\u2606kenn|It is a fun one for sure\n|c|\u2606Octosquid420|I like your avatar! im guessing its custom?\n|\n|t:|1699734438\n|switch|p2a: Hydreigon|Hydreigon, F|100\/100|[from] Flip Turn\n|\n|upkeep\n|turn|5\n|\n|t:|1699734450\n|move|p2a: Hydreigon|Scale Shot|p1a: Volcarona\n|-damage|p1a: Volcarona|24\/100 par\n|-damage|p1a: Volcarona|15\/100 par\n|-damage|p1a: Volcarona|6\/100 par\n|-damage|p1a: Volcarona|0 fnt\n|faint|p1a: Volcarona\n|-hitcount|p1: Volcarona|4\n|-unboost|p2a: Hydreigon|def|1\n|-boost|p2a: Hydreigon|spe|1\n|\n|upkeep\n|\n|t:|1699734457\n|switch|p1a: Iron Valiant|Iron Valiant|100\/100\n|-enditem|p1a: Iron Valiant|Booster Energy\n|-activate|p1a: Iron Valiant|ability: Quark Drive|[fromitem]\n|-start|p1a: Iron Valiant|quarkdrivespe\n|turn|6\n|\n|t:|1699734475\n|switch|p2a: Gengar|Gengar, M|100\/100\n|move|p1a: Iron Valiant|Swords Dance|p1a: Iron Valiant\n|-boost|p1a: Iron Valiant|atk|2\n|\n|upkeep\n|turn|7\n|\n|t:|1699734482\n|-terastallize|p1a: Iron Valiant|Electric\n|move|p1a: Iron Valiant|Thunderbolt|p2a: Gengar\n|-damage|p2a: Gengar|0 fnt\n|faint|p2a: Gengar\n|\n|upkeep\n|\n|t:|1699734487\n|switch|p2a: Sylveon|Sylveon, M|100\/100\n|turn|8\n|\n|t:|1699734496\n|-terastallize|p2a: Sylveon|Ground\n|move|p1a: Iron Valiant|Moonblast|p2a: Sylveon\n|-damage|p2a: Sylveon|0 fnt\n|faint|p2a: Sylveon\n|\n|upkeep\n|\n|t:|1699734501\n|switch|p2a: Empoleon|Empoleon, F|100\/100 brn\n|turn|9\n|\n|t:|1699734507\n|switch|p2a: Gliscor|Gliscor, F|100\/100\n|move|p1a: Iron Valiant|Aura Sphere|p2a: Gliscor\n|-resisted|p2a: Gliscor\n|-damage|p2a: Gliscor|77\/100\n|\n|-status|p2a: Gliscor|tox|[from] item: Toxic Orb\n|upkeep\n|turn|10\n|c|\u2606kenn|Valiant __may__ be a problem lol\n|\n|t:|1699734531\n|move|p2a: Gliscor|Protect|p2a: Gliscor\n|-singleturn|p2a: Gliscor|Protect\n|move|p1a: Iron Valiant|Moonblast|p2a: Gliscor\n|-activate|p2a: Gliscor|move: Protect\n|\n|-heal|p2a: Gliscor|89\/100 tox|[from] ability: Poison Heal\n|upkeep\n|turn|11\n|\n|t:|1699734535\n|move|p1a: Iron Valiant|Moonblast|p2a: Gliscor\n|-damage|p2a: Gliscor|29\/100 tox\n|-unboost|p2a: Gliscor|spa|1\n|move|p2a: Gliscor|Earth Power|p1a: Iron Valiant\n|-supereffective|p1a: Iron Valiant\n|-damage|p1a: Iron Valiant|32\/100\n|\n|-heal|p2a: Gliscor|42\/100 tox|[from] ability: Poison Heal\n|upkeep\n|turn|12\n|c|\u2606Octosquid420|seems like it lol\n|\n|t:|1699734578\n|move|p2a: Gliscor|Protect|p2a: Gliscor\n|-singleturn|p2a: Gliscor|Protect\n|move|p1a: Iron Valiant|Moonblast|p2a: Gliscor\n|-activate|p2a: Gliscor|move: Protect\n|\n|-heal|p2a: Gliscor|54\/100 tox|[from] ability: Poison Heal\n|upkeep\n|turn|13\n|\n|t:|1699734583\n|move|p2a: Gliscor|Protect||[still]\n|-fail|p2a: Gliscor\n|move|p1a: Iron Valiant|Moonblast|p2a: Gliscor\n|-damage|p2a: Gliscor|0 fnt\n|faint|p2a: Gliscor\n|\n|upkeep\n|\n|t:|1699734587\n|switch|p2a: Iron Valiant|Iron Valiant|100\/100\n|-enditem|p2a: Iron Valiant|Booster Energy\n|-activate|p2a: Iron Valiant|ability: Quark Drive|[fromitem]\n|-start|p2a: Iron Valiant|quarkdrivespe\n|turn|14\n|\n|t:|1699734590\n|move|p2a: Iron Valiant|Vacuum Wave|p1a: Iron Valiant\n|-damage|p1a: Iron Valiant|7\/100\n|move|p1a: Iron Valiant|Moonblast|p2a: Iron Valiant\n|-supereffective|p2a: Iron Valiant\n|-damage|p2a: Iron Valiant|0 fnt\n|faint|p2a: Iron Valiant\n|-end|p2a: Iron Valiant|Quark Drive|[silent]\n|\n|upkeep\n|\n|t:|1699734594\n|switch|p2a: Empoleon|Empoleon, F|100\/100 brn\n|turn|15\n|c|\u2606Octosquid420|gg lol\n|c|\u2606kenn|Gg\n|c|\u2606Octosquid420|im gonna attempt to build something\n|c|\u2606Octosquid420|and then a rematch?\n|\n|t:|1699734617\n|move|p1a: Iron Valiant|Thunderbolt|p2a: Empoleon\n|-supereffective|p2a: Empoleon\n|-damage|p2a: Empoleon|0 fnt\n|faint|p2a: Empoleon\n|\n|upkeep\n|\n|t:|1699734618\n|switch|p2a: Hydreigon|Hydreigon, F|100\/100\n|turn|16\n|\n|t:|1699734623\n|move|p1a: Iron Valiant|Moonblast|p2a: Hydreigon\n|-supereffective|p2a: Hydreigon\n|-crit|p2a: Hydreigon\n|-damage|p2a: Hydreigon|0 fnt\n|faint|p2a: Hydreigon\n|\n|win|kenn\n|c|\u2606kenn|Surr\n|c|\u2606kenn|Sure*\n|c|\u2606kenn|:D\n","uploadtime":1699734644,"views":13,"p1id":"kenn","p2id":"octosquid420","formatid":"gen9anythinggoes","rating":0,"private":0,"password":""}