{"id":"gen9anythinggoes-2000014517","p1":"Rvbiiopr","p2":"letbuild1","format":"[Gen 9] Anything Goes","log":"|j|\u2606Rvbiiopr\n|j|\u2606letbuild1\n|t:|1701141326\n|gametype|singles\n|player|p1|Rvbiiopr|palmer|1047\n|player|p2|letbuild1|n|1124\n|teamsize|p1|6\n|teamsize|p2|6\n|gen|9\n|tier|[Gen 9] Anything Goes\n|rated|\n|rule|HP Percentage Mod: HP is shown in percentages\n|rule|Endless Battle Clause: Forcing endless battles is banned\n|clearpoke\n|poke|p1|Abomasnow, M|\n|poke|p1|Articuno|\n|poke|p1|Ninetales-Alola, M|\n|poke|p1|Slowking, M|\n|poke|p1|Hatterene, F|\n|poke|p1|Iron Bundle|\n|poke|p2|Flutter Mane|\n|poke|p2|Koraidon|\n|poke|p2|Gholdengo|\n|poke|p2|Maushold-Four|\n|poke|p2|Grimmsnarl, M|\n|poke|p2|Cinderace, F|\n|teampreview\n|inactive|Battle timer is ON: inactive players will automatically lose when time's up. (requested by letbuild1)\n|\n|t:|1701141341\n|start\n|switch|p1a: Hatterene|Hatterene, F|100\/100\n|switch|p2a: Cinderace|Cinderace, F|100\/100\n|turn|1\n|\n|t:|1701141354\n|-terastallize|p1a: Hatterene|Fire\n|move|p2a: Cinderace|Pyro Ball|p1a: Hatterene\n|-resisted|p1a: Hatterene\n|-damage|p1a: Hatterene|69\/100\n|move|p1a: Hatterene|Psychic|p2a: Cinderace\n|-damage|p2a: Cinderace|18\/100\n|\n|upkeep\n|turn|2\n|\n|t:|1701141364\n|move|p2a: Cinderace|Acrobatics|p1a: Hatterene\n|-start|p2a: Cinderace|typechange|Flying|[from] ability: Libero\n|-damage|p1a: Hatterene|13\/100\n|move|p1a: Hatterene|Psychic|p2a: Cinderace\n|-damage|p2a: Cinderace|0 fnt\n|faint|p2a: Cinderace\n|\n|upkeep\n|\n|t:|1701141372\n|switch|p2a: Flutter Mane|Flutter Mane|100\/100\n|-enditem|p2a: Flutter Mane|Booster Energy\n|-activate|p2a: Flutter Mane|ability: Protosynthesis|[fromitem]\n|-start|p2a: Flutter Mane|protosynthesisspe\n|turn|3\n|\n|t:|1701141382\n|move|p2a: Flutter Mane|Shadow Ball|p1a: Hatterene\n|-damage|p1a: Hatterene|0 fnt\n|faint|p1a: Hatterene\n|\n|upkeep\n|\n|t:|1701141390\n|switch|p1a: Ninetales|Ninetales-Alola, M|100\/100\n|-weather|Snow|[from] ability: Snow Warning|[of] p1a: Ninetales\n|turn|4\n|\n|t:|1701141400\n|move|p2a: Flutter Mane|Thunder Wave|p1a: Ninetales\n|-status|p1a: Ninetales|par\n|move|p1a: Ninetales|Aurora Veil|p1a: Ninetales\n|-sidestart|p1: Rvbiiopr|move: Aurora Veil\n|\n|-weather|Snow|[upkeep]\n|upkeep\n|turn|5\n|\n|t:|1701141407\n|move|p2a: Flutter Mane|Calm Mind|p2a: Flutter Mane\n|-boost|p2a: Flutter Mane|spa|1\n|-boost|p2a: Flutter Mane|spd|1\n|move|p1a: Ninetales|Moonblast|p2a: Flutter Mane\n|-damage|p2a: Flutter Mane|77\/100\n|\n|-weather|Snow|[upkeep]\n|upkeep\n|turn|6\n|\n|t:|1701141415\n|move|p2a: Flutter Mane|Calm Mind|p2a: Flutter Mane\n|-boost|p2a: Flutter Mane|spa|1\n|-boost|p2a: Flutter Mane|spd|1\n|move|p1a: Ninetales|Moonblast|p2a: Flutter Mane\n|-damage|p2a: Flutter Mane|56\/100\n|\n|-weather|Snow|[upkeep]\n|upkeep\n|turn|7\n|\n|t:|1701141425\n|move|p2a: Flutter Mane|Calm Mind|p2a: Flutter Mane\n|-boost|p2a: Flutter Mane|spa|1\n|-boost|p2a: Flutter Mane|spd|1\n|cant|p1a: Ninetales|par\n|\n|-weather|Snow|[upkeep]\n|upkeep\n|turn|8\n|\n|t:|1701141439\n|move|p2a: Flutter Mane|Calm Mind|p2a: Flutter Mane\n|-boost|p2a: Flutter Mane|spa|1\n|-boost|p2a: Flutter Mane|spd|1\n|cant|p1a: Ninetales|par\n|\n|-weather|none\n|-sideend|p1: Rvbiiopr|move: Aurora Veil\n|upkeep\n|turn|9\n|\n|t:|1701141446\n|move|p2a: Flutter Mane|Shadow Ball|p1a: Ninetales\n|-enditem|p1a: Ninetales|Focus Sash\n|-damage|p1a: Ninetales|1\/100 par\n|move|p1a: Ninetales|Extrasensory|p2a: Flutter Mane\n|-damage|p2a: Flutter Mane|49\/100\n|\n|upkeep\n|turn|10\n|\n|t:|1701141452\n|move|p2a: Flutter Mane|Shadow Ball|p1a: Ninetales\n|-damage|p1a: Ninetales|0 fnt\n|faint|p1a: Ninetales\n|\n|upkeep\n|\n|t:|1701141472\n|switch|p1a: Abomasnow|Abomasnow, M|100\/100\n|-weather|Snow|[from] ability: Snow Warning|[of] p1a: Abomasnow\n|turn|11\n|\n|t:|1701141484\n|move|p2a: Flutter Mane|Thunder Wave|p1a: Abomasnow\n|-status|p1a: Abomasnow|par\n|move|p1a: Abomasnow|Leech Seed|p2a: Flutter Mane\n|-start|p2a: Flutter Mane|move: Leech Seed\n|\n|-weather|Snow|[upkeep]\n|-damage|p2a: Flutter Mane|36\/100|[from] Leech Seed|[of] p1a: Abomasnow\n|upkeep\n|turn|12\n|\n|t:|1701141509\n|move|p2a: Flutter Mane|Moonblast|p1a: Abomasnow\n|-damage|p1a: Abomasnow|0 fnt\n|faint|p1a: Abomasnow\n|\n|-weather|Snow|[upkeep]\n|upkeep\n|\n|t:|1701141522\n|switch|p1a: Slowking|Slowking, M|100\/100\n|turn|13\n|\n|t:|1701141529\n|move|p2a: Flutter Mane|Thunder Wave|p1a: Slowking|[miss]\n|-miss|p2a: Flutter Mane|p1a: Slowking\n|move|p1a: Slowking|Trick Room|p1a: Slowking\n|-fieldstart|move: Trick Room|[of] p1a: Slowking\n|\n|-weather|Snow|[upkeep]\n|-damage|p2a: Flutter Mane|24\/100|[from] Leech Seed|[of] p1a: Slowking\n|upkeep\n|turn|14\n|\n|t:|1701141546\n|-end|p2a: Flutter Mane|Protosynthesis|[silent]\n|switch|p2a: Maushold|Maushold-Four|100\/100\n|move|p1a: Slowking|Future Sight|p2a: Maushold\n|-start|p1a: Slowking|move: Future Sight\n|\n|-weather|Snow|[upkeep]\n|upkeep\n|turn|15\n|\n|t:|1701141552\n|move|p1a: Slowking|Scald|p2a: Maushold\n|-damage|p2a: Maushold|47\/100\n|move|p2a: Maushold|Population Bomb|p1a: Slowking\n|-damage|p1a: Slowking|89\/100\n|-damage|p1a: Slowking|77\/100\n|-damage|p1a: Slowking|67\/100\n|-damage|p1a: Slowking|56\/100\n|-damage|p1a: Slowking|44\/100\n|-damage|p1a: Slowking|33\/100\n|-damage|p1a: Slowking|22\/100\n|-enditem|p1a: Slowking|Aguav Berry|[eat]\n|-heal|p1a: Slowking|55\/100|[from] item: Aguav Berry\n|-damage|p1a: Slowking|43\/100\n|-damage|p1a: Slowking|32\/100\n|-damage|p1a: Slowking|21\/100\n|-hitcount|p1a: Slowking|10\n|\n|-weather|none\n|upkeep\n|turn|16\n|\n|t:|1701141572\n|switch|p2a: Gholdengo|Gholdengo|100\/100\n|move|p1a: Slowking|Scald|p2a: Gholdengo\n|-damage|p2a: Gholdengo|55\/100\n|\n|-end|p2a: Gholdengo|move: Future Sight\n|-resisted|p2a: Gholdengo\n|-damage|p2a: Gholdengo|19\/100\n|-heal|p2a: Gholdengo|25\/100|[from] item: Leftovers\n|upkeep\n|turn|17\n|\n|t:|1701141597\n|move|p1a: Slowking|Scald|p2a: Gholdengo\n|-damage|p2a: Gholdengo|0 fnt\n|faint|p2a: Gholdengo\n|\n|-fieldend|move: Trick Room\n|upkeep\n|\n|t:|1701141604\n|switch|p2a: Grimmsnarl|Grimmsnarl, M, shiny|100\/100\n|turn|18\n|\n|t:|1701141608\n|move|p2a: Grimmsnarl|Sucker Punch||[still]\n|-fail|p2a: Grimmsnarl\n|move|p1a: Slowking|Chilly Reception|p1a: Slowking\n|-weather|Snow\n|\n|t:|1701141617\n|switch|p1a: Articuno|Articuno|100\/100|[from] Chilly Reception\n|\n|-weather|Snow|[upkeep]\n|upkeep\n|turn|19\n|\n|t:|1701141622\n|move|p2a: Grimmsnarl|Taunt|p1a: Articuno\n|-start|p1a: Articuno|move: Taunt\n|move|p1a: Articuno|Blizzard|p2a: Grimmsnarl\n|-damage|p2a: Grimmsnarl|33\/100\n|-status|p2a: Grimmsnarl|frz\n|\n|-weather|Snow|[upkeep]\n|upkeep\n|turn|20\n|\n|t:|1701141632\n|-curestatus|p2a: Grimmsnarl|frz|[msg]\n|move|p2a: Grimmsnarl|Sucker Punch|p1a: Articuno\n|-damage|p1a: Articuno|75\/100\n|move|p1a: Articuno|Blizzard|p2a: Grimmsnarl\n|-damage|p2a: Grimmsnarl|0 fnt\n|faint|p2a: Grimmsnarl\n|\n|-weather|Snow|[upkeep]\n|-heal|p1a: Articuno|81\/100|[from] item: Leftovers\n|upkeep\n|\n|t:|1701141645\n|switch|p2a: Maushold|Maushold-Four|47\/100\n|turn|21\n|\n|t:|1701141650\n|move|p2a: Maushold|Population Bomb|p1a: Articuno\n|-damage|p1a: Articuno|74\/100\n|-damage|p1a: Articuno|68\/100\n|-damage|p1a: Articuno|61\/100\n|-damage|p1a: Articuno|54\/100\n|-damage|p1a: Articuno|48\/100\n|-damage|p1a: Articuno|41\/100\n|-damage|p1a: Articuno|34\/100\n|-damage|p1a: Articuno|28\/100\n|-damage|p1a: Articuno|21\/100\n|-damage|p1a: Articuno|15\/100\n|-hitcount|p1a: Articuno|10\n|move|p1a: Articuno|Blizzard|p2a: Maushold\n|-damage|p2a: Maushold|0 fnt\n|faint|p2a: Maushold\n|\n|-weather|Snow|[upkeep]\n|-heal|p1a: Articuno|21\/100|[from] item: Leftovers\n|-end|p1a: Articuno|move: Taunt\n|upkeep\n|\n|t:|1701141661\n|switch|p2a: Flutter Mane|Flutter Mane|24\/100\n|turn|22\n|\n|t:|1701141672\n|move|p2a: Flutter Mane|Shadow Ball|p1a: Articuno\n|-damage|p1a: Articuno|0 fnt\n|faint|p1a: Articuno\n|\n|-weather|none\n|upkeep\n|\n|t:|1701141688\n|switch|p1a: Iron Bundle|Iron Bundle|100\/100\n|-enditem|p1a: Iron Bundle|Booster Energy\n|-activate|p1a: Iron Bundle|ability: Quark Drive|[fromitem]\n|-start|p1a: Iron Bundle|quarkdrivespe\n|turn|23\n|\n|t:|1701141695\n|move|p1a: Iron Bundle|Freeze-Dry|p2a: Flutter Mane\n|-damage|p2a: Flutter Mane|0 fnt\n|faint|p2a: Flutter Mane\n|-end|p2a: Flutter Mane|Protosynthesis|[silent]\n|\n|upkeep\n|\n|t:|1701141698\n|switch|p2a: Koraidon|Koraidon|100\/100\n|-weather|SunnyDay|[from] ability: Orichalcum Pulse|[of] p2a: Koraidon\n|-activate|p2a: Koraidon|Orichalcum Pulse|[source]\n|turn|24\n|\n|t:|1701141705\n|-terastallize|p2a: Koraidon|Fighting\n|move|p1a: Iron Bundle|Protect|p1a: Iron Bundle\n|-singleturn|p1a: Iron Bundle|Protect\n|move|p2a: Koraidon|Collision Course|p1a: Iron Bundle\n|-activate|p1a: Iron Bundle|move: Protect\n|\n|-weather|SunnyDay|[upkeep]\n|upkeep\n|turn|25\n|\n|t:|1701141724\n|move|p1a: Iron Bundle|Freeze-Dry|p2a: Koraidon\n|-damage|p2a: Koraidon|66\/100\n|move|p2a: Koraidon|Collision Course|p1a: Iron Bundle\n|-supereffective|p1a: Iron Bundle\n|-damage|p1a: Iron Bundle|0 fnt\n|faint|p1a: Iron Bundle\n|-end|p1a: Iron Bundle|Quark Drive|[silent]\n|-damage|p2a: Koraidon|56\/100|[from] item: Life Orb\n|\n|-weather|SunnyDay|[upkeep]\n|upkeep\n|\n|t:|1701141734\n|switch|p1a: Slowking|Slowking, M|54\/100\n|turn|26\n|\n|t:|1701141739\n|move|p2a: Koraidon|Dragon Claw|p1a: Slowking\n|-damage|p1a: Slowking|0 fnt\n|faint|p1a: Slowking\n|-damage|p2a: Koraidon|46\/100|[from] item: Life Orb\n|\n|win|letbuild1\n|raw|Rvbiiopr's rating: 1047 &rarr; <strong>1034<\/strong><br \/>(-13 for losing)\n|raw|letbuild1's rating: 1124 &rarr; <strong>1144<\/strong><br \/>(+20 for winning)\n","uploadtime":1701141747,"views":1,"p1id":"rvbiiopr","p2id":"letbuild1","formatid":"gen9anythinggoes","rating":1034,"private":0,"password":""}