{"id":"gen9anythinggoes-1981470908","p1":"lytienhung","p2":"tienlay","format":"[Gen 9] Anything Goes","log":"|j|\u2606lytienhung\n|j|\u2606tienlay\n|t:|1698901971\n|gametype|singles\n|player|p1|lytienhung|dawn|1126\n|player|p2|tienlay|265|1123\n|teamsize|p1|6\n|teamsize|p2|6\n|gen|9\n|tier|[Gen 9] Anything Goes\n|rated|\n|rule|HP Percentage Mod: HP is shown in percentages\n|rule|Endless Battle Clause: Forcing endless battles is banned\n|clearpoke\n|poke|p1|Toxapex, F|\n|poke|p1|Basculegion, M|\n|poke|p1|Fezandipiti, M|\n|poke|p1|Wo-Chien|\n|poke|p1|Mewtwo|\n|poke|p1|Zacian-*|\n|poke|p2|Pincurchin, M|\n|poke|p2|Iron Moth|\n|poke|p2|Iron Jugulis|\n|poke|p2|Iron Treads|\n|poke|p2|Iron Thorns|\n|poke|p2|Pincurchin, M|\n|teampreview\n|inactive|Battle timer is ON: inactive players will automatically lose when time's up. (requested by lytienhung)\n|inactive|tienlay also wants the timer to be on.\n|\n|t:|1698901979\n|start\n|switch|p1a: Fezandipiti|Fezandipiti, M|100\/100\n|switch|p2a: Pincurchin|Pincurchin, M|100\/100\n|-fieldstart|move: Electric Terrain|[from] ability: Electric Surge|[of] p2a: Pincurchin\n|turn|1\n|\n|t:|1698901985\n|move|p1a: Fezandipiti|Beat Up|p2a: Pincurchin\n|-damage|p2a: Pincurchin|96\/100\n|-damage|p2a: Pincurchin|92\/100\n|-status|p2a: Pincurchin|tox|[from] ability: Toxic Chain|[of] p1a: Fezandipiti\n|-damage|p2a: Pincurchin|89\/100 tox\n|-damage|p2a: Pincurchin|85\/100 tox\n|-damage|p2a: Pincurchin|80\/100 tox\n|-damage|p2a: Pincurchin|75\/100 tox\n|-hitcount|p2a: Pincurchin|6\n|move|p2a: Pincurchin|Thunder Wave|p1a: Fezandipiti\n|-status|p1a: Fezandipiti|par\n|\n|-damage|p2a: Pincurchin|69\/100 tox|[from] psn\n|upkeep\n|turn|2\n|\n|t:|1698901998\n|move|p1a: Fezandipiti|Play Rough|p2a: Pincurchin\n|-damage|p2a: Pincurchin|37\/100 tox\n|move|p2a: Pincurchin|Toxic Spikes|p1a: Fezandipiti\n|-sidestart|p1: lytienhung|move: Toxic Spikes\n|\n|-damage|p2a: Pincurchin|25\/100 tox|[from] psn\n|upkeep\n|turn|3\n|\n|t:|1698902010\n|move|p2a: Pincurchin|Sucker Punch|p1a: Fezandipiti\n|-resisted|p1a: Fezandipiti\n|-damage|p1a: Fezandipiti|91\/100 par\n|move|p1a: Fezandipiti|Play Rough|p2a: Pincurchin\n|-damage|p2a: Pincurchin|0 fnt\n|faint|p2a: Pincurchin\n|\n|-heal|p1a: Fezandipiti|97\/100 par|[from] item: Leftovers\n|upkeep\n|\n|t:|1698902017\n|switch|p2a: Iron Treads|Iron Treads|100\/100\n|-activate|p2a: Iron Treads|ability: Quark Drive\n|-start|p2a: Iron Treads|quarkdrivespe\n|turn|4\n|\n|t:|1698902025\n|switch|p1a: Toxapex|Toxapex, F, shiny|100\/100\n|-sideend|p1: lytienhung|move: Toxic Spikes|[of] p1a: Toxapex\n|move|p2a: Iron Treads|Iron Head|p1a: Toxapex\n|-resisted|p1a: Toxapex\n|-damage|p1a: Toxapex|86\/100\n|\n|-heal|p1a: Toxapex|92\/100|[from] item: Leftovers\n|upkeep\n|turn|5\n|\n|t:|1698902033\n|move|p2a: Iron Treads|Rapid Spin|p1a: Toxapex\n|-damage|p1a: Toxapex|79\/100\n|-boost|p2a: Iron Treads|spe|1\n|move|p1a: Toxapex|Infestation|p2a: Iron Treads\n|-resisted|p2a: Iron Treads\n|-damage|p2a: Iron Treads|99\/100\n|-activate|p2a: Iron Treads|move: Infestation|[of] p1a: Toxapex\n|\n|-heal|p1a: Toxapex|85\/100|[from] item: Leftovers\n|-damage|p2a: Iron Treads|87\/100|[from] move: Infestation|[partiallytrapped]\n|-fieldend|move: Electric Terrain\n|-end|p2a: Iron Treads|Quark Drive\n|upkeep\n|turn|6\n|\n|t:|1698902043\n|move|p2a: Iron Treads|Earthquake|p1a: Toxapex\n|-supereffective|p1a: Toxapex\n|-damage|p1a: Toxapex|5\/100\n|move|p1a: Toxapex|Stockpile|p1a: Toxapex\n|-start|p1a: Toxapex|stockpile1\n|-boost|p1a: Toxapex|def|1\n|-boost|p1a: Toxapex|spd|1\n|\n|-heal|p1a: Toxapex|11\/100|[from] item: Leftovers\n|-damage|p2a: Iron Treads|74\/100|[from] move: Infestation|[partiallytrapped]\n|upkeep\n|turn|7\n|\n|t:|1698902055\n|switch|p1a: Wo-Chien|Wo-Chien|100\/100\n|-ability|p1a: Wo-Chien|Tablets of Ruin\n|move|p2a: Iron Treads|Volt Switch|p1a: Wo-Chien\n|-resisted|p1a: Wo-Chien\n|-damage|p1a: Wo-Chien|97\/100\n|\n|t:|1698902064\n|-end|p2a: Iron Treads|Quark Drive|[silent]\n|switch|p2a: Iron Moth|Iron Moth|100\/100|[from] Volt Switch\n|\n|-heal|p1a: Wo-Chien|100\/100|[from] item: Leftovers\n|upkeep\n|turn|8\n|inactive|lytienhung has 120 seconds left.\n|\n|t:|1698902112\n|switch|p1a: Mewtwo|Mewtwo|100\/100\n|-ability|p1a: Mewtwo|Unnerve\n|move|p2a: Iron Moth|Fiery Dance|p1a: Mewtwo\n|-damage|p1a: Mewtwo|57\/100\n|\n|upkeep\n|turn|9\n|\n|t:|1698902124\n|-end|p2a: Iron Moth|Quark Drive|[silent]\n|switch|p2a: Iron Jugulis|Iron Jugulis|100\/100\n|move|p1a: Mewtwo|Earth Power|p2a: Iron Jugulis\n|-immune|p2a: Iron Jugulis\n|\n|upkeep\n|turn|10\n|\n|t:|1698902138\n|-terastallize|p2a: Iron Jugulis|Steel\n|move|p1a: Mewtwo|Psychic|p2a: Iron Jugulis\n|-resisted|p2a: Iron Jugulis\n|-damage|p2a: Iron Jugulis|71\/100\n|move|p2a: Iron Jugulis|Dark Pulse|p1a: Mewtwo\n|-supereffective|p1a: Mewtwo\n|-damage|p1a: Mewtwo|0 fnt\n|faint|p1a: Mewtwo\n|\n|upkeep\n|\n|t:|1698902152\n|switch|p1a: Wo-Chien|Wo-Chien|100\/100\n|-ability|p1a: Wo-Chien|Tablets of Ruin\n|turn|11\n|\n|t:|1698902156\n|move|p2a: Iron Jugulis|Air Slash|p1a: Wo-Chien|[miss]\n|-miss|p2a: Iron Jugulis|p1a: Wo-Chien\n|move|p1a: Wo-Chien|Mean Look|p2a: Iron Jugulis\n|-activate|p2a: Iron Jugulis|trapped\n|\n|upkeep\n|turn|12\n|\n|t:|1698902161\n|move|p2a: Iron Jugulis|Air Slash|p1a: Wo-Chien\n|-supereffective|p1a: Wo-Chien\n|-damage|p1a: Wo-Chien|56\/100\n|cant|p1a: Wo-Chien|flinch\n|\n|-heal|p1a: Wo-Chien|62\/100|[from] item: Leftovers\n|upkeep\n|turn|13\n|\n|t:|1698902168\n|move|p2a: Iron Jugulis|Air Slash|p1a: Wo-Chien\n|-supereffective|p1a: Wo-Chien\n|-damage|p1a: Wo-Chien|16\/100\n|move|p1a: Wo-Chien|Leech Seed|p2a: Iron Jugulis\n|-start|p2a: Iron Jugulis|move: Leech Seed\n|\n|-heal|p1a: Wo-Chien|22\/100|[from] item: Leftovers\n|-damage|p2a: Iron Jugulis|59\/100|[from] Leech Seed|[of] p1a: Wo-Chien\n|-heal|p1a: Wo-Chien|35\/100|[silent]\n|upkeep\n|turn|14\n|\n|t:|1698902176\n|move|p1a: Wo-Chien|Protect|p1a: Wo-Chien\n|-singleturn|p1a: Wo-Chien|Protect\n|move|p2a: Iron Jugulis|Air Slash|p1a: Wo-Chien\n|-activate|p1a: Wo-Chien|move: Protect\n|\n|-heal|p1a: Wo-Chien|42\/100|[from] item: Leftovers\n|-damage|p2a: Iron Jugulis|46\/100|[from] Leech Seed|[of] p1a: Wo-Chien\n|-heal|p1a: Wo-Chien|55\/100|[silent]\n|upkeep\n|turn|15\n|\n|t:|1698902185\n|move|p2a: Iron Jugulis|Air Slash|p1a: Wo-Chien\n|-supereffective|p1a: Wo-Chien\n|-damage|p1a: Wo-Chien|8\/100\n|move|p1a: Wo-Chien|Foul Play|p2a: Iron Jugulis\n|-damage|p2a: Iron Jugulis|21\/100\n|\n|-heal|p1a: Wo-Chien|14\/100|[from] item: Leftovers\n|-damage|p2a: Iron Jugulis|8\/100|[from] Leech Seed|[of] p1a: Wo-Chien\n|-heal|p1a: Wo-Chien|27\/100|[silent]\n|upkeep\n|turn|16\n|\n|t:|1698902193\n|move|p1a: Wo-Chien|Protect|p1a: Wo-Chien\n|-singleturn|p1a: Wo-Chien|Protect\n|move|p2a: Iron Jugulis|Air Slash|p1a: Wo-Chien\n|-activate|p1a: Wo-Chien|move: Protect\n|\n|-heal|p1a: Wo-Chien|33\/100|[from] item: Leftovers\n|-damage|p2a: Iron Jugulis|0 fnt|[from] Leech Seed|[of] p1a: Wo-Chien\n|-heal|p1a: Wo-Chien|42\/100|[silent]\n|faint|p2a: Iron Jugulis\n|-end|p2a: Iron Jugulis|Quark Drive|[silent]\n|upkeep\n|\n|t:|1698902198\n|switch|p2a: Iron Moth|Iron Moth|100\/100\n|turn|17\n|\n|t:|1698902227\n|switch|p1a: Zacian|Zacian-Crowned|100\/100\n|-ability|p1a: Zacian|Intrepid Sword|boost\n|-boost|p1a: Zacian|atk|1\n|move|p2a: Iron Moth|Sludge Wave|p1a: Zacian\n|-immune|p1a: Zacian\n|\n|upkeep\n|turn|18\n|inactive|lytienhung has 120 seconds left.\n|c|\u2606lytienhung|!weakness iron moth\n|c| lytienhung|\/raw <div class=\"infobox\">Iron Moth (ignoring abilities):<br \/><span class=\"message-effect-weak\">Weaknesses<\/span>: <b>Ground<\/b>, Psychic, Rock, Water<br \/><span class=\"message-effect-resist\">Resistances<\/span>: <b>Bug<\/b>, <b>Fairy<\/b>, Fighting, Fire, <b>Grass<\/b>, Ice, Poison, Steel<br \/><span class=\"message-effect-immune\">Immunities<\/span>: Burn, Toxic<\/div>\n|\n|t:|1698902256\n|move|p1a: Zacian|Crunch|p2a: Iron Moth\n|-damage|p2a: Iron Moth|19\/100\n|-unboost|p2a: Iron Moth|def|1\n|-enditem|p2a: Iron Moth|Aguav Berry|[eat]\n|-heal|p2a: Iron Moth|52\/100|[from] item: Aguav Berry\n|move|p2a: Iron Moth|Fiery Dance|p1a: Zacian\n|-supereffective|p1a: Zacian\n|-damage|p1a: Zacian|21\/100\n|\n|upkeep\n|turn|19\n|inactive|tienlay has 120 seconds left.\n|\n|t:|1698902281\n|-end|p2a: Iron Moth|Quark Drive|[silent]\n|switch|p2a: Iron Treads|Iron Treads|74\/100\n|move|p1a: Zacian|Crunch|p2a: Iron Treads\n|-damage|p2a: Iron Treads|28\/100\n|\n|upkeep\n|turn|20\n|inactive|lytienhung has 90 seconds left.\n|c|\u2606lytienhung|!weakness iron treads\n|c| lytienhung|\/raw <div class=\"infobox\">Iron Treads (ignoring abilities):<br \/><span class=\"message-effect-weak\">Weaknesses<\/span>: Fighting, Fire, Ground, Water<br \/><span class=\"message-effect-resist\">Resistances<\/span>: Bug, Dragon, Fairy, Flying, Normal, Psychic, <b>Rock<\/b>, Steel<br \/><span class=\"message-effect-immune\">Immunities<\/span>: Electric, Poison, Sandstorm damage, Toxic<\/div>\n|c|\u2606tienlay|Bruh\n|\n|t:|1698902310\n|move|p1a: Zacian|Crunch|p2a: Iron Treads\n|-crit|p2a: Iron Treads\n|-damage|p2a: Iron Treads|0 fnt\n|faint|p2a: Iron Treads\n|-end|p2a: Iron Treads|Quark Drive|[silent]\n|\n|upkeep\n|c|\u2606tienlay|Really bro?\n|\n|t:|1698902317\n|switch|p2a: Pincurchin|Pincurchin, M|100\/100\n|-fieldstart|move: Electric Terrain|[from] ability: Electric Surge|[of] p2a: Pincurchin\n|turn|21\n|inactive|lytienhung has 90 seconds left.\n|c|\u2606tienlay|\u1ee6a\n|c|\u2606lytienhung|!weakness pincurchin\n|c| lytienhung|\/raw <div class=\"infobox\">Pincurchin (ignoring abilities):<br \/><span class=\"message-effect-weak\">Weaknesses<\/span>: Ground<br \/><span class=\"message-effect-resist\">Resistances<\/span>: Electric, Flying, Steel<br \/><span class=\"message-effect-immune\">Immunities<\/span>: Paralysis<\/div>\n|c|\u2606tienlay|VN \u00e0\n|c|\u2606lytienhung|\u1eeb\n|\n|t:|1698902350\n|-terastallize|p1a: Zacian|Fairy\n|move|p1a: Zacian|Play Rough|p2a: Pincurchin|[miss]\n|-miss|p1a: Zacian|p2a: Pincurchin\n|move|p2a: Pincurchin|Liquidation|p1a: Zacian\n|-damage|p1a: Zacian|0 fnt\n|faint|p1a: Zacian\n|\n|upkeep\n|c|\u2606tienlay|Wtf nwax \u00e0 :)\n|inactive|lytienhung has 60 seconds left.\n|c|\u2606tienlay|Bruh~\n|c|\u2606lytienhung|?\n|\n|t:|1698902374\n|switch|p1a: Fezandipiti|Fezandipiti, M|97\/100 par\n|turn|22\n|c|\u2606tienlay|H t m\u1edbi g\u1eb7p vn \u0111aya\n|c|\u2606lytienhung|tui c\u0169ng v\u1eady\n|inactive|tienlay has 120 seconds left.\n|c|\u2606tienlay|!weak fezandipiti\n|c| tienlay|\/raw <div class=\"infobox\">Fezandipiti (ignoring abilities):<br \/><span class=\"message-effect-weak\">Weaknesses<\/span>: Ground, Psychic, Steel<br \/><span class=\"message-effect-resist\">Resistances<\/span>: <b>Bug<\/b>, Dark, Fairy, <b>Fighting<\/b>, Grass<br \/><span class=\"message-effect-immune\">Immunities<\/span>: Dragon, Toxic<\/div>\n|\n|t:|1698902408\n|move|p1a: Fezandipiti|Beat Up|p2a: Pincurchin\n|-damage|p2a: Pincurchin|97\/100\n|-status|p2a: Pincurchin|tox|[from] ability: Toxic Chain|[of] p1a: Fezandipiti\n|-damage|p2a: Pincurchin|92\/100 tox\n|-damage|p2a: Pincurchin|89\/100 tox\n|-damage|p2a: Pincurchin|86\/100 tox\n|-hitcount|p2a: Pincurchin|4\n|move|p2a: Pincurchin|Liquidation|p1a: Fezandipiti\n|-damage|p1a: Fezandipiti|74\/100 par\n|\n|-heal|p1a: Fezandipiti|80\/100 par|[from] item: Leftovers\n|-damage|p2a: Pincurchin|80\/100 tox|[from] psn\n|upkeep\n|turn|23\n|inactive|lytienhung has 60 seconds left.\n|\n|t:|1698902421\n|move|p1a: Fezandipiti|Play Rough|p2a: Pincurchin\n|-damage|p2a: Pincurchin|42\/100 tox\n|move|p2a: Pincurchin|Poison Jab|p1a: Fezandipiti\n|-damage|p1a: Fezandipiti|58\/100 par\n|\n|-heal|p1a: Fezandipiti|64\/100 par|[from] item: Leftovers\n|-damage|p2a: Pincurchin|30\/100 tox|[from] psn\n|upkeep\n|turn|24\n|inactive|tienlay has 120 seconds left.\n|\n|t:|1698902430\n|switch|p2a: Iron Moth|Iron Moth|52\/100\n|-activate|p2a: Iron Moth|ability: Quark Drive\n|-start|p2a: Iron Moth|quarkdrivespa\n|move|p1a: Fezandipiti|Protect||[still]\n|-fail|p1a: Fezandipiti\n|\n|-heal|p1a: Fezandipiti|70\/100 par|[from] item: Leftovers\n|upkeep\n|turn|25\n|inactive|lytienhung has 60 seconds left.\n|\n|t:|1698902459\n|move|p2a: Iron Moth|Fiery Dance|p1a: Fezandipiti\n|-damage|p1a: Fezandipiti|30\/100 par\n|move|p1a: Fezandipiti|Beat Up|p2a: Iron Moth\n|-damage|p2a: Iron Moth|47\/100\n|-damage|p2a: Iron Moth|41\/100\n|-damage|p2a: Iron Moth|37\/100\n|-damage|p2a: Iron Moth|31\/100\n|-hitcount|p2a: Iron Moth|4\n|\n|-heal|p1a: Fezandipiti|36\/100 par|[from] item: Leftovers\n|-fieldend|move: Electric Terrain\n|-end|p2a: Iron Moth|Quark Drive\n|upkeep\n|turn|26\n|\n|t:|1698902471\n|cant|p1a: Fezandipiti|par\n|move|p2a: Iron Moth|Fiery Dance|p1a: Fezandipiti\n|-damage|p1a: Fezandipiti|1\/100 par\n|\n|-heal|p1a: Fezandipiti|7\/100 par|[from] item: Leftovers\n|upkeep\n|turn|27\n|\n|t:|1698902482\n|move|p1a: Fezandipiti|Protect|p1a: Fezandipiti\n|-singleturn|p1a: Fezandipiti|Protect\n|move|p2a: Iron Moth|Air Slash|p1a: Fezandipiti\n|-activate|p1a: Fezandipiti|move: Protect\n|\n|-heal|p1a: Fezandipiti|13\/100 par|[from] item: Leftovers\n|upkeep\n|turn|28\n|\n|t:|1698902501\n|move|p2a: Iron Moth|Fiery Dance|p1a: Fezandipiti\n|-damage|p1a: Fezandipiti|0 fnt\n|faint|p1a: Fezandipiti\n|\n|upkeep\n|\n|t:|1698902506\n|switch|p1a: Toxapex|Toxapex, F, shiny|44\/100\n|turn|29\n|\n|t:|1698902510\n|move|p2a: Iron Moth|Energy Ball|p1a: Toxapex\n|-damage|p1a: Toxapex|18\/100\n|move|p1a: Toxapex|Infestation|p2a: Iron Moth\n|-resisted|p2a: Iron Moth\n|-damage|p2a: Iron Moth|31\/100\n|-activate|p2a: Iron Moth|move: Infestation|[of] p1a: Toxapex\n|\n|-heal|p1a: Toxapex|24\/100|[from] item: Leftovers\n|-damage|p2a: Iron Moth|18\/100|[from] move: Infestation|[partiallytrapped]\n|upkeep\n|turn|30\n|inactive|lytienhung has 60 seconds left.\n|\n|t:|1698902518\n|move|p2a: Iron Moth|Energy Ball|p1a: Toxapex\n|-damage|p1a: Toxapex|0 fnt\n|faint|p1a: Toxapex\n|\n|-end|p2a: Iron Moth|Infestation|[partiallytrapped]|[silent]\n|upkeep\n|\n|t:|1698902523\n|switch|p1a: Basculegion|Basculegion, M, shiny|100\/100\n|turn|31\n|\n|t:|1698902528\n|move|p2a: Iron Moth|Energy Ball|p1a: Basculegion\n|-supereffective|p1a: Basculegion\n|-damage|p1a: Basculegion|27\/100\n|move|p1a: Basculegion|Agility|p1a: Basculegion\n|-boost|p1a: Basculegion|spe|2\n|\n|upkeep\n|turn|32\n|\n|t:|1698902535\n|move|p1a: Basculegion|Last Respects|p2a: Iron Moth\n|-damage|p2a: Iron Moth|0 fnt\n|faint|p2a: Iron Moth\n|-end|p2a: Iron Moth|Quark Drive|[silent]\n|\n|upkeep\n|\n|t:|1698902538\n|switch|p2a: Iron Thorns|Iron Thorns|100\/100\n|turn|33\n|\n|t:|1698902544\n|move|p1a: Basculegion|Last Respects|p2a: Iron Thorns\n|-damage|p2a: Iron Thorns|0 fnt\n|faint|p2a: Iron Thorns\n|-end|p2a: Iron Thorns|Quark Drive|[silent]\n|\n|upkeep\n|\n|t:|1698902547\n|switch|p2a: Pincurchin|Pincurchin, M|30\/100 tox\n|-fieldstart|move: Electric Terrain|[from] ability: Electric Surge|[of] p2a: Pincurchin\n|turn|34\n|c|\u2606tienlay|Bruh\n|c|\u2606tienlay|Ko 1 c\u00e1i t\u0103ng n\u00e0o\n|\n|t:|1698902565\n|move|p1a: Basculegion|Last Respects|p2a: Pincurchin\n|-damage|p2a: Pincurchin|0 fnt\n|faint|p2a: Pincurchin\n|\n|win|lytienhung\n|raw|lytienhung's rating: 1126 &rarr; <strong>1151<\/strong><br \/>(+25 for winning)\n|raw|tienlay's rating: 1123 &rarr; <strong>1098<\/strong><br \/>(-25 for losing)\n","uploadtime":1698902378,"views":4,"p1id":"lytienhung","p2id":"tienlay","formatid":"gen9anythinggoes","rating":1098,"private":0,"password":""}