{"id":"gen9anythinggoes-1974541460","p1":"ysaturnn","p2":"InHist151RN","format":"[Gen 9] Anything Goes","log":"|j|\u2606ysaturnn\n|j|\u203dInHist151RN\n|t:|1698095671\n|gametype|singles\n|player|p1|ysaturnn|bugsy|1060\n|player|p2|InHist151RN|veteran|1055\n|teamsize|p1|6\n|teamsize|p2|6\n|gen|9\n|tier|[Gen 9] Anything Goes\n|rated|\n|rule|HP Percentage Mod: HP is shown in percentages\n|rule|Endless Battle Clause: Forcing endless battles is banned\n|clearpoke\n|poke|p1|Cramorant, F|\n|poke|p1|Cramorant, F|\n|poke|p1|Cramorant, F|\n|poke|p1|Cramorant, M|\n|poke|p1|Cramorant, M|\n|poke|p1|Cramorant, M|\n|poke|p2|Trevenant, F|\n|poke|p2|Trevenant, F|\n|poke|p2|Trevenant, M|\n|poke|p2|Trevenant, M|\n|poke|p2|Trevenant, M|\n|poke|p2|Trevenant, M|\n|teampreview\n|inactive|Battle timer is ON: inactive players will automatically lose when time's up. (requested by ysaturnn)\n|c|\u2606ysaturnn|epic\n|\n|t:|1698095690\n|start\n|switch|p1a: Cramorant|Cramorant, F|100\/100\n|switch|p2a: Trevenant|Trevenant, F, shiny|100\/100\n|turn|1\n|\n|t:|1698095699\n|move|p1a: Cramorant|Tailwind|p1a: Cramorant\n|-sidestart|p1: ysaturnn|move: Tailwind\n|move|p2a: Trevenant|Trick Room|p2a: Trevenant\n|-fieldstart|move: Trick Room|[of] p2a: Trevenant\n|\n|upkeep\n|turn|2\n|\n|t:|1698095705\n|move|p2a: Trevenant|Sunny Day|p2a: Trevenant\n|-weather|SunnyDay\n|move|p1a: Cramorant|Rain Dance|p1a: Cramorant\n|-weather|RainDance\n|\n|-weather|RainDance|[upkeep]\n|upkeep\n|turn|3\n|\n|t:|1698095716\n|switch|p1a: Cramorant|Cramorant, F|100\/100\n|move|p2a: Trevenant|Sunny Day|p2a: Trevenant\n|-weather|SunnyDay\n|\n|-weather|SunnyDay|[upkeep]\n|upkeep\n|turn|4\n|inactive|InHist151RN has 120 seconds left.\n|\n|t:|1698095751\n|-terastallize|p1a: Cramorant|Flying\n|move|p2a: Trevenant|Energy Ball|p1a: Cramorant\n|-resisted|p1a: Cramorant\n|-damage|p1a: Cramorant|86\/100\n|move|p1a: Cramorant|Air Slash|p2a: Trevenant\n|-supereffective|p2a: Trevenant\n|-damage|p2a: Trevenant|13\/100\n|\n|-weather|SunnyDay|[upkeep]\n|-sideend|p1: ysaturnn|move: Tailwind\n|upkeep\n|turn|5\n|\n|t:|1698095760\n|move|p2a: Trevenant|Destiny Bond|p2a: Trevenant\n|-singlemove|p2a: Trevenant|Destiny Bond\n|move|p1a: Cramorant|Air Slash|p2a: Trevenant\n|-supereffective|p2a: Trevenant\n|-damage|p2a: Trevenant|0 fnt\n|faint|p2a: Trevenant\n|-activate|p2a: Trevenant|move: Destiny Bond\n|faint|p1a: Cramorant\n|\n|-weather|SunnyDay|[upkeep]\n|-fieldend|move: Trick Room\n|upkeep\n|inactive|InHist151RN has 120 seconds left.\n|\n|t:|1698095778\n|switch|p1a: Cramorant|Cramorant, F|100\/100\n|switch|p2a: Trevenant|Trevenant, F|100\/100\n|turn|6\n|\n|t:|1698095784\n|-terastallize|p2a: Trevenant|Ground\n|move|p1a: Cramorant|Weather Ball|p2a: Trevenant\n|-damage|p2a: Trevenant|59\/100\n|move|p2a: Trevenant|Foul Play|p1a: Cramorant\n|-damage|p1a: Cramorant|72\/100\n|\n|-weather|SunnyDay|[upkeep]\n|upkeep\n|turn|7\n|\n|t:|1698095798\n|switch|p1a: Cramorant|Cramorant, M, shiny|100\/100\n|move|p2a: Trevenant|Foul Play|p1a: Cramorant\n|-damage|p1a: Cramorant|81\/100\n|\n|-weather|SunnyDay|[upkeep]\n|upkeep\n|turn|8\n|\n|t:|1698095807\n|move|p1a: Cramorant|Agility|p1a: Cramorant\n|-boost|p1a: Cramorant|spe|2\n|move|p2a: Trevenant|Foul Play|p1a: Cramorant\n|-damage|p1a: Cramorant|58\/100\n|\n|-weather|SunnyDay|[upkeep]\n|upkeep\n|turn|9\n|\n|t:|1698095815\n|move|p1a: Cramorant|Surf|p2a: Trevenant\n|-formechange|p1a: Cramorant|Cramorant-Gulping|\n|-supereffective|p2a: Trevenant\n|-damage|p2a: Trevenant|31\/100\n|-enditem|p2a: Trevenant|Sitrus Berry|[eat]\n|-heal|p2a: Trevenant|56\/100|[from] item: Sitrus Berry\n|move|p2a: Trevenant|Foul Play|p1a: Cramorant\n|-damage|p1a: Cramorant|37\/100\n|-damage|p2a: Trevenant|31\/100|[from] ability: Gulp Missile|[of] p1a: Cramorant\n|-unboost|p2a: Trevenant|def|1\n|-formechange|p1a: Cramorant|Cramorant|\n|\n|-weather|SunnyDay|[upkeep]\n|-item|p2a: Trevenant|Sitrus Berry|[from] ability: Harvest\n|upkeep\n|-enditem|p2a: Trevenant|Sitrus Berry|[eat]\n|-heal|p2a: Trevenant|56\/100|[from] item: Sitrus Berry\n|turn|10\n|inactive|InHist151RN has 120 seconds left.\n|\n|t:|1698095848\n|move|p1a: Cramorant|Surf|p2a: Trevenant\n|-formechange|p1a: Cramorant|Cramorant-Gorging|\n|-supereffective|p2a: Trevenant\n|-damage|p2a: Trevenant|30\/100\n|move|p2a: Trevenant|Foul Play|p1a: Cramorant\n|-damage|p1a: Cramorant|15\/100\n|-damage|p2a: Trevenant|5\/100|[from] ability: Gulp Missile|[of] p1a: Cramorant\n|-status|p2a: Trevenant|par\n|-formechange|p1a: Cramorant|Cramorant|\n|\n|-weather|none\n|upkeep\n|turn|11\n|inactive|InHist151RN has 120 seconds left.\n|\n|t:|1698095866\n|move|p1a: Cramorant|Surf|p2a: Trevenant\n|-formechange|p1a: Cramorant|Cramorant-Gorging|\n|-supereffective|p2a: Trevenant\n|-damage|p2a: Trevenant|0 fnt\n|faint|p2a: Trevenant\n|\n|upkeep\n|inactive|InHist151RN has 120 seconds left.\n|\n|t:|1698095873\n|switch|p2a: Trevenant|Trevenant, M|100\/100\n|turn|12\n|\n|t:|1698095876\n|move|p2a: Trevenant|Sucker Punch|p1a: Cramorant\n|-damage|p1a: Cramorant|0 fnt\n|-damage|p2a: Trevenant|76\/100|[from] ability: Gulp Missile|[of] p1a: Cramorant\n|-status|p2a: Trevenant|par\n|-formechange|p1a: Cramorant|Cramorant|\n|faint|p1a: Cramorant\n|\n|upkeep\n|\n|t:|1698095884\n|switch|p1a: Cramorant|Cramorant, M|100\/100\n|turn|13\n|\n|t:|1698095892\n|move|p1a: Cramorant|Surf|p2a: Trevenant\n|-formechange|p1a: Cramorant|Cramorant-Gulping|\n|-resisted|p2a: Trevenant\n|-damage|p2a: Trevenant|61\/100 par\n|cant|p2a: Trevenant|par\n|\n|upkeep\n|turn|14\n|\n|t:|1698095898\n|move|p1a: Cramorant|Hurricane|p2a: Trevenant|[miss]\n|-miss|p1a: Cramorant|p2a: Trevenant\n|move|p2a: Trevenant|Trailblaze|p1a: Cramorant\n|-damage|p1a: Cramorant|71\/100\n|-boost|p2a: Trevenant|spe|1\n|-damage|p2a: Trevenant|44\/100 par|[from] item: Rocky Helmet|[of] p1a: Cramorant\n|-damage|p2a: Trevenant|19\/100 par|[from] ability: Gulp Missile|[of] p1a: Cramorant\n|-unboost|p2a: Trevenant|def|1\n|-formechange|p1a: Cramorant|Cramorant|\n|-enditem|p2a: Trevenant|Sitrus Berry|[eat]\n|-heal|p2a: Trevenant|44\/100 par|[from] item: Sitrus Berry\n|\n|upkeep\n|turn|15\n|\n|t:|1698095905\n|move|p1a: Cramorant|Surf|p2a: Trevenant\n|-formechange|p1a: Cramorant|Cramorant-Gulping|\n|-resisted|p2a: Trevenant\n|-damage|p2a: Trevenant|31\/100 par\n|move|p2a: Trevenant|Trailblaze|p1a: Cramorant\n|-damage|p1a: Cramorant|38\/100\n|-boost|p2a: Trevenant|spe|1\n|-damage|p2a: Trevenant|14\/100 par|[from] item: Rocky Helmet|[of] p1a: Cramorant\n|-damage|p2a: Trevenant|0 fnt|[from] ability: Gulp Missile|[of] p1a: Cramorant\n|-formechange|p1a: Cramorant|Cramorant|\n|faint|p2a: Trevenant\n|\n|upkeep\n|\n|t:|1698095907\n|switch|p2a: Trevenant|Trevenant, M|100\/100\n|turn|16\n|\n|t:|1698095920\n|move|p1a: Cramorant|Protect|p1a: Cramorant\n|-singleturn|p1a: Cramorant|Protect\n|move|p2a: Trevenant|Poltergeist|p1a: Cramorant\n|-activate|p1a: Cramorant|move: Protect\n|\n|upkeep\n|turn|17\n|\n|t:|1698095944\n|move|p1a: Cramorant|Hurricane|p2a: Trevenant\n|-supereffective|p2a: Trevenant\n|-damage|p2a: Trevenant|26\/100\n|-start|p2a: Trevenant|confusion\n|-enditem|p2a: Trevenant|Sitrus Berry|[eat]\n|-heal|p2a: Trevenant|51\/100|[from] item: Sitrus Berry\n|-activate|p2a: Trevenant|confusion\n|move|p2a: Trevenant|Poltergeist|p1a: Cramorant\n|-activate|p1a: Cramorant|move: Poltergeist|Rocky Helmet\n|-damage|p1a: Cramorant|0 fnt\n|faint|p1a: Cramorant\n|\n|upkeep\n|\n|t:|1698095950\n|switch|p1a: Cramorant|Cramorant, F|72\/100\n|turn|18\n|\n|t:|1698095954\n|move|p1a: Cramorant|Hurricane|p2a: Trevenant|[miss]\n|-miss|p1a: Cramorant|p2a: Trevenant\n|-activate|p2a: Trevenant|confusion\n|move|p2a: Trevenant|Poltergeist|p1a: Cramorant\n|-activate|p1a: Cramorant|move: Poltergeist|Choice Scarf\n|-damage|p1a: Cramorant|0 fnt\n|faint|p1a: Cramorant\n|\n|upkeep\n|\n|t:|1698095959\n|switch|p1a: Cramorant|Cramorant, F|100\/100\n|turn|19\n|\n|t:|1698095969\n|move|p1a: Cramorant|Rain Dance|p1a: Cramorant\n|-weather|RainDance\n|-activate|p2a: Trevenant|confusion\n|move|p2a: Trevenant|Poltergeist|p1a: Cramorant\n|-activate|p1a: Cramorant|move: Poltergeist|Focus Sash\n|-damage|p1a: Cramorant|13\/100\n|\n|-weather|RainDance|[upkeep]\n|-item|p2a: Trevenant|Sitrus Berry|[from] ability: Harvest\n|upkeep\n|turn|20\n|\n|t:|1698095981\n|move|p1a: Cramorant|Tailwind|p1a: Cramorant\n|-sidestart|p1: ysaturnn|move: Tailwind\n|-activate|p2a: Trevenant|confusion\n|move|p2a: Trevenant|Knock Off|p1a: Cramorant\n|-damage|p1a: Cramorant|0 fnt\n|-enditem|p1a: Cramorant|Focus Sash|[from] move: Knock Off|[of] p2a: Trevenant\n|faint|p1a: Cramorant\n|\n|-weather|RainDance|[upkeep]\n|upkeep\n|\n|t:|1698095984\n|switch|p1a: Cramorant|Cramorant, M|100\/100\n|turn|21\n|\n|t:|1698095994\n|move|p1a: Cramorant|Brave Bird|p2a: Trevenant\n|-supereffective|p2a: Trevenant\n|-damage|p2a: Trevenant|0 fnt\n|faint|p2a: Trevenant\n|-damage|p1a: Cramorant|78\/100|[from] Recoil\n|\n|-weather|RainDance|[upkeep]\n|upkeep\n|\n|t:|1698095999\n|switch|p2a: Trevenant|Trevenant, M, shiny|100\/100\n|turn|22\n|\n|t:|1698096002\n|move|p1a: Cramorant|Brave Bird|p2a: Trevenant\n|-supereffective|p2a: Trevenant\n|-damage|p2a: Trevenant|0 fnt\n|faint|p2a: Trevenant\n|-damage|p1a: Cramorant|35\/100|[from] Recoil\n|-enditem|p1a: Cramorant|Sitrus Berry|[eat]\n|-heal|p1a: Cramorant|60\/100|[from] item: Sitrus Berry\n|\n|-weather|RainDance|[upkeep]\n|upkeep\n|\n|t:|1698096005\n|switch|p2a: Trevenant|Trevenant, M|100\/100\n|turn|23\n|\n|t:|1698096009\n|move|p2a: Trevenant|Protect|p2a: Trevenant\n|-singleturn|p2a: Trevenant|Protect\n|move|p1a: Cramorant|Brave Bird|p2a: Trevenant\n|-activate|p2a: Trevenant|move: Protect\n|\n|-weather|none\n|-sideend|p1: ysaturnn|move: Tailwind\n|upkeep\n|turn|24\n|\n|t:|1698096014\n|move|p1a: Cramorant|Fly||[still]\n|-prepare|p1a: Cramorant|Fly\n|move|p2a: Trevenant|Tera Blast|p1a: Cramorant|[miss]\n|-miss|p2a: Trevenant|p1a: Cramorant\n|\n|upkeep\n|turn|25\n|\n|t:|1698096033\n|move|p2a: Trevenant|Protect|p2a: Trevenant\n|-singleturn|p2a: Trevenant|Protect\n|move|p1a: Cramorant|Fly|p2a: Trevenant|[from]lockedmove\n|-activate|p2a: Trevenant|move: Protect\n|\n|upkeep\n|turn|26\n|\n|t:|1698096040\n|move|p1a: Cramorant|Brave Bird|p2a: Trevenant\n|-supereffective|p2a: Trevenant\n|-damage|p2a: Trevenant|0 fnt\n|faint|p2a: Trevenant\n|-damage|p1a: Cramorant|16\/100|[from] Recoil\n|\n|win|ysaturnn\n|raw|ysaturnn's rating: 1060 &rarr; <strong>1091<\/strong><br \/>(+31 for winning)\n|raw|InHist151RN's rating: 1055 &rarr; <strong>1037<\/strong><br \/>(-18 for losing)\n|l|\u203dInHist151RN\n|c|\u2606ysaturnn|gg\n","uploadtime":1698096049,"views":12,"p1id":"ysaturnn","p2id":"inhist151rn","formatid":"gen9anythinggoes","rating":1037,"private":0,"password":""}