{"id":"gen9anythinggoes-1978679285","p1":"Dumbfudge","p2":"DonaldDuck999","format":"[Gen 9] Anything Goes","log":"|j|\u2606Dumbfudge\n|j|\u2606DonaldDuck999\n|t:|1698580184\n|gametype|singles\n|player|p1|Dumbfudge|blackbelt-gen4dp|1237\n|player|p2|DonaldDuck999|pokekid|1230\n|teamsize|p1|6\n|teamsize|p2|6\n|gen|9\n|tier|[Gen 9] Anything Goes\n|rated|\n|rule|HP Percentage Mod: HP is shown in percentages\n|rule|Endless Battle Clause: Forcing endless battles is banned\n|clearpoke\n|poke|p1|Zacian-*|\n|poke|p1|Calyrex-Shadow|\n|poke|p1|Breloom, M|\n|poke|p1|Espathra, M|\n|poke|p1|Hoopa-Unbound|\n|poke|p1|Shaymin-Sky|\n|poke|p2|Quaquaval, F|\n|poke|p2|Drifblim, M|\n|poke|p2|Palafin, F|\n|poke|p2|Cloyster, M|\n|poke|p2|Oricorio-Pom-Pom, F|\n|poke|p2|Drifblim, M|\n|teampreview\n|inactive|Battle timer is ON: inactive players will automatically lose when time's up. (requested by DonaldDuck999)\n|\n|t:|1698580188\n|start\n|switch|p1a: Shaymin|Shaymin-Sky|100\/100\n|switch|p2a: Bob1|Drifblim, M|100\/100\n|turn|1\n|\n|t:|1698580198\n|move|p1a: Shaymin|Air Slash|p2a: Bob1\n|-damage|p2a: Bob1|70\/100\n|move|p2a: Bob1|Minimize|p2a: Bob1\n|-boost|p2a: Bob1|evasion|2\n|\n|upkeep\n|turn|2\n|\n|t:|1698580204\n|move|p1a: Shaymin|Air Slash|p2a: Bob1|[miss]\n|-miss|p1a: Shaymin|p2a: Bob1\n|move|p2a: Bob1|Minimize|p2a: Bob1\n|-boost|p2a: Bob1|evasion|2\n|\n|upkeep\n|turn|3\n|\n|t:|1698580210\n|move|p1a: Shaymin|Air Slash|p2a: Bob1|[miss]\n|-miss|p1a: Shaymin|p2a: Bob1\n|move|p2a: Bob1|Hypnosis|p1a: Shaymin|[miss]\n|-miss|p2a: Bob1|p1a: Shaymin\n|\n|upkeep\n|turn|4\n|\n|t:|1698580217\n|move|p1a: Shaymin|Air Slash|p2a: Bob1\n|-damage|p2a: Bob1|35\/100\n|move|p2a: Bob1|Hypnosis|p1a: Shaymin|[miss]\n|-miss|p2a: Bob1|p1a: Shaymin\n|\n|upkeep\n|turn|5\n|\n|t:|1698580223\n|move|p1a: Shaymin|Air Slash|p2a: Bob1|[miss]\n|-miss|p1a: Shaymin|p2a: Bob1\n|move|p2a: Bob1|Substitute|p2a: Bob1\n|-start|p2a: Bob1|Substitute\n|-damage|p2a: Bob1|11\/100\n|\n|upkeep\n|turn|6\n|\n|t:|1698580229\n|switch|p1a: Calyrex|Calyrex-Shadow|100\/100\n|-ability|p1a: Calyrex|As One\n|-ability|p1a: Calyrex|Unnerve\n|move|p2a: Bob1|Hypnosis|p1a: Calyrex\n|-status|p1a: Calyrex|slp|[from] move: Hypnosis\n|\n|upkeep\n|turn|7\n|\n|t:|1698580241\n|cant|p1a: Calyrex|slp\n|move|p2a: Bob1|Minimize|p2a: Bob1\n|-boost|p2a: Bob1|evasion|2\n|\n|upkeep\n|turn|8\n|\n|t:|1698580249\n|cant|p1a: Calyrex|slp\n|move|p2a: Bob1|Baton Pass|p2a: Bob1\n|\n|t:|1698580257\n|switch|p2a: AverageCheerleader|Oricorio-Pom-Pom, F, shiny|100\/100|[from] Baton Pass\n|\n|upkeep\n|turn|9\n|\n|t:|1698580263\n|cant|p1a: Calyrex|slp\n|move|p2a: AverageCheerleader|Quiver Dance|p2a: AverageCheerleader\n|-boost|p2a: AverageCheerleader|spa|1\n|-boost|p2a: AverageCheerleader|spd|1\n|-boost|p2a: AverageCheerleader|spe|1\n|\n|upkeep\n|turn|10\n|\n|t:|1698580270\n|move|p2a: AverageCheerleader|Swords Dance|p2a: AverageCheerleader\n|-boost|p2a: AverageCheerleader|atk|2\n|-curestatus|p1a: Calyrex|slp|[msg]\n|move|p1a: Calyrex|Haze|p1a: Calyrex\n|-clearallboost\n|\n|upkeep\n|turn|11\n|\n|t:|1698580279\n|move|p1a: Calyrex|Astral Barrage|p2a: AverageCheerleader\n|-end|p2a: AverageCheerleader|Substitute\n|move|p2a: AverageCheerleader|Revelation Dance|p1a: Calyrex\n|-damage|p1a: Calyrex|54\/100\n|\n|upkeep\n|turn|12\n|\n|t:|1698580288\n|switch|p2a: Bob1|Drifblim, M|11\/100\n|move|p1a: Calyrex|Astral Barrage|p2a: Bob1\n|-supereffective|p2a: Bob1\n|-damage|p2a: Bob1|0 fnt\n|faint|p2a: Bob1\n|-ability|p1a: Calyrex|Grim Neigh|boost\n|-boost|p1a: Calyrex|spa|1\n|\n|upkeep\n|\n|t:|1698580293\n|switch|p2a: Bob2|Drifblim, M|100\/100\n|turn|13\n|\n|t:|1698580300\n|-terastallize|p2a: Bob2|Normal\n|move|p1a: Calyrex|Astral Barrage|p2a: Bob2\n|-immune|p2a: Bob2\n|move|p2a: Bob2|Substitute|p2a: Bob2\n|-start|p2a: Bob2|Substitute\n|-damage|p2a: Bob2|76\/100\n|\n|upkeep\n|turn|14\n|\n|t:|1698580310\n|move|p1a: Calyrex|Double-Edge|p2a: Bob2\n|-end|p2a: Bob2|Substitute\n|-damage|p1a: Calyrex|42\/100|[from] Recoil|[of] p2a: Bob2\n|move|p2a: Bob2|Hypnosis|p1a: Calyrex|[miss]\n|-miss|p2a: Bob2|p1a: Calyrex\n|\n|upkeep\n|turn|15\n|\n|t:|1698580318\n|move|p1a: Calyrex|Double-Edge|p2a: Bob2\n|-damage|p2a: Bob2|45\/100\n|-damage|p1a: Calyrex|27\/100|[from] Recoil\n|move|p2a: Bob2|Hypnosis|p1a: Calyrex|[miss]\n|-miss|p2a: Bob2|p1a: Calyrex\n|\n|upkeep\n|turn|16\n|\n|t:|1698580327\n|move|p1a: Calyrex|Double-Edge|p2a: Bob2\n|-damage|p2a: Bob2|15\/100\n|-damage|p1a: Calyrex|13\/100|[from] Recoil\n|move|p2a: Bob2|Hypnosis|p1a: Calyrex\n|-status|p1a: Calyrex|slp|[from] move: Hypnosis\n|\n|upkeep\n|turn|17\n|\n|t:|1698580336\n|cant|p1a: Calyrex|slp\n|move|p2a: Bob2|Minimize|p2a: Bob2\n|-boost|p2a: Bob2|evasion|2\n|\n|upkeep\n|turn|18\n|\n|t:|1698580345\n|cant|p1a: Calyrex|slp\n|move|p2a: Bob2|Minimize|p2a: Bob2\n|-boost|p2a: Bob2|evasion|2\n|\n|upkeep\n|turn|19\n|\n|t:|1698580350\n|-curestatus|p1a: Calyrex|slp|[msg]\n|move|p1a: Calyrex|Haze|p1a: Calyrex\n|-clearallboost\n|move|p2a: Bob2|Baton Pass|p2a: Bob2\n|\n|t:|1698580356\n|switch|p2a: Cloyster|Cloyster, M|100\/100|[from] Baton Pass\n|\n|upkeep\n|turn|20\n|\n|t:|1698580361\n|move|p1a: Calyrex|Astral Barrage|p2a: Cloyster\n|-enditem|p2a: Cloyster|Focus Sash\n|-damage|p2a: Cloyster|1\/100\n|move|p2a: Cloyster|Shell Smash|p2a: Cloyster\n|-unboost|p2a: Cloyster|def|1\n|-unboost|p2a: Cloyster|spd|1\n|-boost|p2a: Cloyster|atk|2\n|-boost|p2a: Cloyster|spa|2\n|-boost|p2a: Cloyster|spe|2\n|\n|upkeep\n|turn|21\n|\n|t:|1698580377\n|switch|p1a: Zacian|Zacian-Crowned|100\/100\n|-ability|p1a: Zacian|Intrepid Sword|boost\n|-boost|p1a: Zacian|atk|1\n|move|p2a: Cloyster|Icicle Spear|p1a: Zacian\n|-resisted|p1a: Zacian\n|-damage|p1a: Zacian|89\/100\n|-resisted|p1a: Zacian\n|-damage|p1a: Zacian|77\/100\n|-resisted|p1a: Zacian\n|-damage|p1a: Zacian|66\/100\n|-resisted|p1a: Zacian\n|-damage|p1a: Zacian|54\/100\n|-resisted|p1a: Zacian\n|-damage|p1a: Zacian|42\/100\n|-hitcount|p1a: Zacian|5\n|\n|upkeep\n|turn|22\n|\n|t:|1698580390\n|move|p1a: Zacian|Quick Attack|p2a: Cloyster\n|-damage|p2a: Cloyster|0 fnt\n|faint|p2a: Cloyster\n|\n|upkeep\n|\n|t:|1698580397\n|switch|p2a: AverageCheerleader|Oricorio-Pom-Pom, F, shiny|100\/100\n|turn|23\n|\n|t:|1698580401\n|-terastallize|p1a: Zacian|Steel\n|move|p1a: Zacian|Behemoth Blade|p2a: AverageCheerleader\n|-resisted|p2a: AverageCheerleader\n|-damage|p2a: AverageCheerleader|16\/100\n|move|p2a: AverageCheerleader|Quiver Dance|p2a: AverageCheerleader\n|-boost|p2a: AverageCheerleader|spa|1\n|-boost|p2a: AverageCheerleader|spd|1\n|-boost|p2a: AverageCheerleader|spe|1\n|\n|-heal|p2a: AverageCheerleader|22\/100|[from] item: Leftovers\n|upkeep\n|turn|24\n|\n|t:|1698580415\n|move|p1a: Zacian|Quick Attack|p2a: AverageCheerleader\n|-damage|p2a: AverageCheerleader|0 fnt\n|faint|p2a: AverageCheerleader\n|\n|upkeep\n|\n|t:|1698580420\n|switch|p2a: Palafin|Palafin, F|100\/100\n|turn|25\n|c|\u2606Dumbfudge|Wp so far\n|\n|t:|1698580430\n|move|p1a: Zacian|Behemoth Blade|p2a: Palafin\n|-resisted|p2a: Palafin\n|-damage|p2a: Palafin|30\/100\n|move|p2a: Palafin|Flip Turn|p1a: Zacian\n|-damage|p1a: Zacian|23\/100\n|\n|t:|1698580437\n|detailschange|p2a: Palafin|Palafin-Hero, F\n|switch|p2a: Bob2|Drifblim, M, tera:Normal|15\/100|[from] Flip Turn\n|\n|upkeep\n|turn|26\n|\n|t:|1698580443\n|move|p1a: Zacian|Behemoth Blade|p2a: Bob2\n|-damage|p2a: Bob2|0 fnt\n|-damage|p1a: Zacian|0 fnt|[from] ability: Aftermath|[of] p2a: Bob2\n|faint|p2a: Bob2\n|faint|p1a: Zacian\n|\n|upkeep\n|\n|t:|1698580457\n|switch|p1a: Espathra|Espathra, M|100\/100\n|switch|p2a: Zesty|Quaquaval, F, shiny|100\/100\n|turn|27\n|\n|t:|1698580485\n|move|p1a: Espathra|Protect|p1a: Espathra\n|-singleturn|p1a: Espathra|Protect\n|move|p2a: Zesty|Aqua Step|p1a: Espathra\n|-activate|p1a: Espathra|move: Protect\n|\n|-ability|p1a: Espathra|Speed Boost|boost\n|-boost|p1a: Espathra|spe|1\n|upkeep\n|turn|28\n|\n|t:|1698580496\n|move|p1a: Espathra|Hypnosis|p2a: Zesty\n|-status|p2a: Zesty|slp|[from] move: Hypnosis\n|cant|p2a: Zesty|slp\n|\n|-ability|p1a: Espathra|Speed Boost|boost\n|-boost|p1a: Espathra|spe|1\n|upkeep\n|turn|29\n|\n|t:|1698580504\n|move|p1a: Espathra|Substitute|p1a: Espathra\n|-start|p1a: Espathra|Substitute\n|-damage|p1a: Espathra|76\/100\n|-curestatus|p2a: Zesty|slp|[msg]\n|move|p2a: Zesty|Aqua Step|p1a: Espathra\n|-crit|p1a: Espathra\n|-end|p1a: Espathra|Substitute\n|-boost|p2a: Zesty|spe|1\n|\n|-ability|p1a: Espathra|Speed Boost|boost\n|-boost|p1a: Espathra|spe|1\n|upkeep\n|turn|30\n|\n|t:|1698580522\n|move|p1a: Espathra|Baton Pass|p1a: Espathra\n|\n|t:|1698580524\n|switch|p1a: Breloom|Breloom, M|100\/100|[from] Baton Pass\n|move|p2a: Zesty|Aqua Step|p1a: Breloom\n|-resisted|p1a: Breloom\n|-damage|p1a: Breloom|70\/100\n|-boost|p2a: Zesty|spe|1\n|-damage|p2a: Zesty|84\/100|[from] item: Rocky Helmet|[of] p1a: Breloom\n|\n|upkeep\n|turn|31\n|\n|t:|1698580533\n|move|p1a: Breloom|Spore|p2a: Zesty\n|-status|p2a: Zesty|slp|[from] move: Spore\n|cant|p2a: Zesty|slp\n|\n|upkeep\n|turn|32\n|\n|t:|1698580541\n|move|p1a: Breloom|Substitute|p1a: Breloom\n|-start|p1a: Breloom|Substitute\n|-damage|p1a: Breloom|45\/100\n|cant|p2a: Zesty|slp\n|\n|upkeep\n|turn|33\n|\n|t:|1698580547\n|move|p1a: Breloom|Leech Seed|p2a: Zesty\n|-start|p2a: Zesty|move: Leech Seed\n|-curestatus|p2a: Zesty|slp|[msg]\n|move|p2a: Zesty|Aqua Step|p1a: Breloom\n|-resisted|p1a: Breloom\n|-end|p1a: Breloom|Substitute\n|-boost|p2a: Zesty|spe|1\n|\n|-damage|p2a: Zesty|72\/100|[from] Leech Seed|[of] p1a: Breloom\n|-heal|p1a: Breloom|60\/100|[silent]\n|upkeep\n|turn|34\n|\n|t:|1698580558\n|move|p1a: Breloom|Spore|p2a: Zesty\n|-status|p2a: Zesty|slp|[from] move: Spore\n|cant|p2a: Zesty|slp\n|\n|-damage|p2a: Zesty|60\/100 slp|[from] Leech Seed|[of] p1a: Breloom\n|-heal|p1a: Breloom|74\/100|[silent]\n|upkeep\n|turn|35\n|\n|t:|1698580566\n|move|p1a: Breloom|Substitute|p1a: Breloom\n|-start|p1a: Breloom|Substitute\n|-damage|p1a: Breloom|49\/100\n|cant|p2a: Zesty|slp\n|\n|-damage|p2a: Zesty|47\/100 slp|[from] Leech Seed|[of] p1a: Breloom\n|-heal|p1a: Breloom|64\/100|[silent]\n|upkeep\n|turn|36\n|\n|t:|1698580574\n|-singleturn|p1a: Breloom|move: Focus Punch\n|-curestatus|p2a: Zesty|slp|[msg]\n|move|p2a: Zesty|Ice Spinner|p1a: Breloom\n|-supereffective|p1a: Breloom\n|-end|p1a: Breloom|Substitute\n|move|p1a: Breloom|Focus Punch|p2a: Zesty\n|-damage|p2a: Zesty|0 fnt\n|faint|p2a: Zesty\n|\n|upkeep\n|\n|t:|1698580580\n|switch|p2a: Palafin|Palafin-Hero, F|30\/100\n|-activate|p2a: Palafin|ability: Zero to Hero\n|turn|37\n|\n|t:|1698580588\n|move|p1a: Breloom|Spore|p2a: Palafin\n|-status|p2a: Palafin|slp|[from] move: Spore\n|cant|p2a: Palafin|slp\n|\n|upkeep\n|turn|38\n|\n|t:|1698580594\n|move|p1a: Breloom|Substitute|p1a: Breloom\n|-start|p1a: Breloom|Substitute\n|-damage|p1a: Breloom|39\/100\n|cant|p2a: Palafin|slp\n|\n|upkeep\n|turn|39\n|\n|t:|1698580600\n|move|p1a: Breloom|Leech Seed|p2a: Palafin\n|-start|p2a: Palafin|move: Leech Seed\n|cant|p2a: Palafin|slp\n|\n|-damage|p2a: Palafin|18\/100 slp|[from] Leech Seed|[of] p1a: Breloom\n|-heal|p1a: Breloom|55\/100|[silent]\n|upkeep\n|turn|40\n|\n|t:|1698580607\n|-singleturn|p1a: Breloom|move: Focus Punch\n|-curestatus|p2a: Palafin|slp|[msg]\n|move|p2a: Palafin|Jet Punch|p1a: Breloom\n|-resisted|p1a: Breloom\n|-activate|p1a: Breloom|move: Substitute|[damage]\n|move|p1a: Breloom|Focus Punch|p2a: Palafin\n|-damage|p2a: Palafin|0 fnt\n|faint|p2a: Palafin\n|\n|win|Dumbfudge\n|raw|Dumbfudge's rating: 1237 &rarr; <strong>1261<\/strong><br \/>(+24 for winning)\n|raw|DonaldDuck999's rating: 1230 &rarr; <strong>1206<\/strong><br \/>(-24 for losing)\n|l|\u2606DonaldDuck999\n","uploadtime":1698580633,"views":13,"p1id":"dumbfudge","p2id":"donaldduck999","formatid":"gen9anythinggoes","rating":1206,"private":0,"password":""}