{"id":"gen9anythinggoes-1993786945","p1":"AttentivePeach","p2":"Fig Jam n Crepes","format":"[Gen 9] Anything Goes","log":"|j|\u2606AttentivePeach\n|j|\u2606Fig Jam n Crepes\n|t:|1700357178\n|gametype|singles\n|player|p1|AttentivePeach|266|1287\n|player|p2|Fig Jam n Crepes|youngn|1243\n|teamsize|p1|6\n|teamsize|p2|6\n|gen|9\n|tier|[Gen 9] Anything Goes\n|rated|\n|rule|HP Percentage Mod: HP is shown in percentages\n|rule|Endless Battle Clause: Forcing endless battles is banned\n|clearpoke\n|poke|p1|Starly, L1, M|\n|poke|p1|Donphan, L1, F|\n|poke|p1|Garganacl, F|\n|poke|p1|Blissey, F|\n|poke|p1|Munkidori, M|\n|poke|p1|Indeedee, M|\n|poke|p2|Morpeko, F|\n|poke|p2|Morpeko, F|\n|poke|p2|Morpeko, M|\n|poke|p2|Morpeko, M|\n|poke|p2|Morpeko, F|\n|poke|p2|Morpeko, M|\n|teampreview\n|inactive|Battle timer is ON: inactive players will automatically lose when time's up. (requested by AttentivePeach)\n|\n|t:|1700357184\n|start\n|switch|p1a: Starly|Starly, L1, M|100\/100\n|switch|p2a: Perry|Morpeko, M|100\/100\n|turn|1\n|\n|t:|1700357188\n|move|p2a: Perry|Super Fang|p1a: Starly\n|-damage|p1a: Starly|50\/100\n|move|p1a: Starly|Endeavor|p2a: Perry\n|-damage|p2a: Perry|3\/100\n|\n|-formechange|p2a: Perry|Morpeko-Hangry||[from] ability: Hunger Switch\n|upkeep\n|turn|2\n|\n|t:|1700357192\n|move|p1a: Starly|Quick Attack|p2a: Perry\n|-damage|p2a: Perry|2\/100\n|move|p2a: Perry|Aura Wheel|p1a: Starly\n|-damage|p1a: Starly|0 fnt\n|-boost|p2a: Perry|spe|1\n|faint|p1a: Starly\n|\n|-formechange|p2a: Perry|Morpeko||[from] ability: Hunger Switch\n|upkeep\n|\n|t:|1700357198\n|switch|p1a: Munkidori|Munkidori, M|100\/100\n|turn|3\n|\n|t:|1700357202\n|move|p2a: Perry|Protect|p2a: Perry\n|-singleturn|p2a: Perry|Protect\n|move|p1a: Munkidori|Fake Out|p2a: Perry\n|-activate|p2a: Perry|move: Protect\n|\n|-formechange|p2a: Perry|Morpeko-Hangry||[from] ability: Hunger Switch\n|upkeep\n|turn|4\n|\n|t:|1700357204\n|move|p1a: Munkidori|Protect|p1a: Munkidori\n|-singleturn|p1a: Munkidori|Protect\n|move|p2a: Perry|Aura Wheel|p1a: Munkidori\n|-activate|p1a: Munkidori|move: Protect\n|\n|-formechange|p2a: Perry|Morpeko||[from] ability: Hunger Switch\n|upkeep\n|turn|5\n|\n|t:|1700357212\n|switch|p1a: Donphan|Donphan, L1, F|100\/100\n|move|p2a: Perry|Protect||[still]\n|-fail|p2a: Perry\n|\n|-formechange|p2a: Perry|Morpeko-Hangry||[from] ability: Hunger Switch\n|upkeep\n|turn|6\n|\n|t:|1700357218\n|move|p2a: Perry|Super Fang|p1a: Donphan|[miss]\n|-miss|p2a: Perry|p1a: Donphan\n|move|p1a: Donphan|Counter||[still]\n|-fail|p1a: Donphan\n|\n|-formechange|p2a: Perry|Morpeko||[from] ability: Hunger Switch\n|upkeep\n|turn|7\n|\n|t:|1700357223\n|move|p2a: Perry|Super Fang|p1a: Donphan\n|-damage|p1a: Donphan|54\/100\n|move|p1a: Donphan|Stealth Rock|p2a: Perry\n|-sidestart|p2: Fig Jam n Crepes|move: Stealth Rock\n|\n|-formechange|p2a: Perry|Morpeko-Hangry||[from] ability: Hunger Switch\n|upkeep\n|turn|8\n|\n|t:|1700357227\n|move|p2a: Perry|Aura Wheel|p1a: Donphan\n|-crit|p1a: Donphan\n|-damage|p1a: Donphan|0 fnt\n|-boost|p2a: Perry|spe|1\n|faint|p1a: Donphan\n|\n|-formechange|p2a: Perry|Morpeko||[from] ability: Hunger Switch\n|upkeep\n|\n|t:|1700357231\n|switch|p1a: Munkidori|Munkidori, M|100\/100\n|turn|9\n|\n|t:|1700357235\n|move|p2a: Perry|Protect|p2a: Perry\n|-singleturn|p2a: Perry|Protect\n|move|p1a: Munkidori|Fake Out|p2a: Perry\n|-activate|p2a: Perry|move: Protect\n|\n|-formechange|p2a: Perry|Morpeko-Hangry||[from] ability: Hunger Switch\n|upkeep\n|turn|10\n|\n|t:|1700357239\n|move|p2a: Perry|Aura Wheel|p1a: Munkidori\n|-supereffective|p1a: Munkidori\n|-crit|p1a: Munkidori\n|-enditem|p1a: Munkidori|Focus Sash\n|-damage|p1a: Munkidori|1\/100\n|-boost|p2a: Perry|spe|1\n|move|p1a: Munkidori|Shadow Ball|p2a: Perry\n|-resisted|p2a: Perry\n|-damage|p2a: Perry|0 fnt\n|faint|p2a: Perry\n|\n|upkeep\n|\n|t:|1700357242\n|switch|p2a: Huckleberry|Morpeko, M|100\/100\n|-damage|p2a: Huckleberry|88\/100|[from] Stealth Rock\n|turn|11\n|\n|t:|1700357249\n|move|p2a: Huckleberry|Quick Attack|p1a: Munkidori\n|-damage|p1a: Munkidori|0 fnt\n|faint|p1a: Munkidori\n|\n|-formechange|p2a: Huckleberry|Morpeko-Hangry||[from] ability: Hunger Switch\n|upkeep\n|\n|t:|1700357255\n|switch|p1a: Blissey|Blissey, F|100\/100\n|turn|12\n|\n|t:|1700357258\n|move|p2a: Huckleberry|Rapid Spin|p1a: Blissey\n|-damage|p1a: Blissey|89\/100\n|-boost|p2a: Huckleberry|spe|1\n|-damage|p2a: Huckleberry|72\/100|[from] item: Rocky Helmet|[of] p1a: Blissey\n|-sideend|p2: Fig Jam n Crepes|Stealth Rock|[from] move: Rapid Spin|[of] p2a: Huckleberry\n|move|p1a: Blissey|Light Screen|p1a: Blissey\n|-sidestart|p1: AttentivePeach|move: Light Screen\n|\n|-formechange|p2a: Huckleberry|Morpeko||[from] ability: Hunger Switch\n|upkeep\n|turn|13\n|\n|t:|1700357261\n|move|p2a: Huckleberry|Aura Wheel|p1a: Blissey\n|-crit|p1a: Blissey\n|-damage|p1a: Blissey|33\/100\n|-boost|p2a: Huckleberry|spe|1\n|move|p1a: Blissey|Thunder Wave|p2a: Huckleberry\n|-immune|p2a: Huckleberry\n|\n|-formechange|p2a: Huckleberry|Morpeko-Hangry||[from] ability: Hunger Switch\n|upkeep\n|turn|14\n|\n|t:|1700357265\n|switch|p2a: Jerry|Morpeko, F, shiny|100\/100\n|move|p1a: Blissey|Seismic Toss|p2a: Jerry\n|-damage|p2a: Jerry|62\/100\n|\n|-formechange|p2a: Jerry|Morpeko-Hangry||[from] ability: Hunger Switch\n|upkeep\n|turn|15\n|\n|t:|1700357268\n|move|p2a: Jerry|Psychic Fangs|p1a: Blissey\n|-sideend|p1: AttentivePeach|move: Light Screen\n|-damage|p1a: Blissey|13\/100\n|-damage|p2a: Jerry|45\/100|[from] item: Rocky Helmet|[of] p1a: Blissey\n|move|p1a: Blissey|Soft-Boiled|p1a: Blissey\n|-heal|p1a: Blissey|63\/100\n|\n|-formechange|p2a: Jerry|Morpeko||[from] ability: Hunger Switch\n|upkeep\n|turn|16\n|\n|t:|1700357275\n|move|p2a: Jerry|Aura Wheel|p1a: Blissey\n|-damage|p1a: Blissey|23\/100\n|-boost|p2a: Jerry|spe|1\n|move|p1a: Blissey|Light Screen|p1a: Blissey\n|-sidestart|p1: AttentivePeach|move: Light Screen\n|\n|-formechange|p2a: Jerry|Morpeko-Hangry||[from] ability: Hunger Switch\n|upkeep\n|turn|17\n|\n|t:|1700357279\n|move|p2a: Jerry|Aura Wheel|p1a: Blissey\n|-damage|p1a: Blissey|0 fnt\n|-boost|p2a: Jerry|spe|1\n|faint|p1a: Blissey\n|\n|-formechange|p2a: Jerry|Morpeko||[from] ability: Hunger Switch\n|upkeep\n|\n|t:|1700357283\n|switch|p1a: Indeedee|Indeedee, M|100\/100\n|-fieldstart|move: Psychic Terrain|[from] ability: Psychic Surge|[of] p1a: Indeedee\n|turn|18\n|\n|t:|1700357286\n|move|p2a: Jerry|Protect|p2a: Jerry\n|-singleturn|p2a: Jerry|Protect\n|move|p1a: Indeedee|Calm Mind|p1a: Indeedee\n|-boost|p1a: Indeedee|spa|1\n|-boost|p1a: Indeedee|spd|1\n|\n|-formechange|p2a: Jerry|Morpeko-Hangry||[from] ability: Hunger Switch\n|upkeep\n|turn|19\n|\n|t:|1700357288\n|move|p2a: Jerry|Aura Wheel|p1a: Indeedee\n|-supereffective|p1a: Indeedee\n|-damage|p1a: Indeedee|0 fnt\n|-boost|p2a: Jerry|spe|1\n|faint|p1a: Indeedee\n|\n|-formechange|p2a: Jerry|Morpeko||[from] ability: Hunger Switch\n|upkeep\n|\n|t:|1700357290\n|switch|p1a: Garganacl|Garganacl, F|100\/100\n|turn|20\n|\n|t:|1700357298\n|-terastallize|p2a: Jerry|Psychic\n|move|p2a: Jerry|Psychic Fangs|p1a: Garganacl\n|-sideend|p1: AttentivePeach|move: Light Screen\n|-damage|p1a: Garganacl|76\/100\n|-damage|p2a: Jerry|29\/100|[from] item: Rocky Helmet|[of] p1a: Garganacl\n|move|p1a: Garganacl|Salt Cure|p2a: Jerry\n|-damage|p2a: Jerry|0 fnt\n|faint|p2a: Jerry\n|\n|upkeep\n|\n|t:|1700357301\n|switch|p2a: Huckleberry|Morpeko, M|72\/100\n|turn|21\n|\n|t:|1700357305\n|move|p2a: Huckleberry|Aura Wheel|p1a: Garganacl\n|-crit|p1a: Garganacl\n|-damage|p1a: Garganacl|39\/100\n|-boost|p2a: Huckleberry|spe|1\n|move|p1a: Garganacl|Salt Cure|p2a: Huckleberry\n|-damage|p2a: Huckleberry|45\/100\n|-start|p2a: Huckleberry|Salt Cure\n|\n|-damage|p2a: Huckleberry|32\/100|[from] Salt Cure\n|-formechange|p2a: Huckleberry|Morpeko-Hangry||[from] ability: Hunger Switch\n|upkeep\n|turn|22\n|\n|t:|1700357308\n|move|p2a: Huckleberry|Aura Wheel|p1a: Garganacl\n|-damage|p1a: Garganacl|17\/100\n|-boost|p2a: Huckleberry|spe|1\n|move|p1a: Garganacl|Recover|p1a: Garganacl\n|-heal|p1a: Garganacl|67\/100\n|\n|-damage|p2a: Huckleberry|20\/100|[from] Salt Cure\n|-fieldend|move: Psychic Terrain\n|-formechange|p2a: Huckleberry|Morpeko||[from] ability: Hunger Switch\n|upkeep\n|turn|23\n|\n|t:|1700357311\n|switch|p2a: Terry|Morpeko, F|100\/100\n|move|p1a: Garganacl|Recover|p1a: Garganacl\n|-heal|p1a: Garganacl|100\/100\n|\n|-formechange|p2a: Terry|Morpeko-Hangry||[from] ability: Hunger Switch\n|upkeep\n|turn|24\n|\n|t:|1700357320\n|move|p2a: Terry|Aura Wheel|p1a: Garganacl\n|-damage|p1a: Garganacl|79\/100\n|-boost|p2a: Terry|spe|1\n|move|p1a: Garganacl|Salt Cure|p2a: Terry\n|-damage|p2a: Terry|70\/100\n|-start|p2a: Terry|Salt Cure\n|\n|-damage|p2a: Terry|57\/100|[from] Salt Cure\n|-formechange|p2a: Terry|Morpeko||[from] ability: Hunger Switch\n|upkeep\n|turn|25\n|\n|t:|1700357324\n|switch|p2a: Huckleberry|Morpeko, M|20\/100\n|move|p1a: Garganacl|Curse|p1a: Garganacl\n|-unboost|p1a: Garganacl|spe|1\n|-boost|p1a: Garganacl|atk|1\n|-boost|p1a: Garganacl|def|1\n|\n|-formechange|p2a: Huckleberry|Morpeko-Hangry||[from] ability: Hunger Switch\n|upkeep\n|turn|26\n|\n|t:|1700357329\n|move|p2a: Huckleberry|Aura Wheel|p1a: Garganacl\n|-damage|p1a: Garganacl|64\/100\n|-boost|p2a: Huckleberry|spe|1\n|move|p1a: Garganacl|Stealth Rock|p2a: Huckleberry\n|-sidestart|p2: Fig Jam n Crepes|move: Stealth Rock\n|\n|-formechange|p2a: Huckleberry|Morpeko||[from] ability: Hunger Switch\n|upkeep\n|turn|27\n|\n|t:|1700357332\n|move|p2a: Huckleberry|Rapid Spin|p1a: Garganacl\n|-resisted|p1a: Garganacl\n|-damage|p1a: Garganacl|62\/100\n|-boost|p2a: Huckleberry|spe|1\n|-damage|p2a: Huckleberry|4\/100|[from] item: Rocky Helmet|[of] p1a: Garganacl\n|-sideend|p2: Fig Jam n Crepes|Stealth Rock|[from] move: Rapid Spin|[of] p2a: Huckleberry\n|move|p1a: Garganacl|Salt Cure|p2a: Huckleberry\n|-damage|p2a: Huckleberry|0 fnt\n|faint|p2a: Huckleberry\n|\n|upkeep\n|\n|t:|1700357336\n|switch|p2a: Derry|Morpeko, M|100\/100\n|turn|28\n|\n|t:|1700357339\n|move|p2a: Derry|Aura Wheel|p1a: Garganacl\n|-damage|p1a: Garganacl|45\/100\n|-boost|p2a: Derry|spe|1\n|move|p1a: Garganacl|Salt Cure|p2a: Derry\n|-damage|p2a: Derry|59\/100\n|-start|p2a: Derry|Salt Cure\n|\n|-damage|p2a: Derry|47\/100|[from] Salt Cure\n|-formechange|p2a: Derry|Morpeko-Hangry||[from] ability: Hunger Switch\n|upkeep\n|turn|29\n|\n|t:|1700357342\n|switch|p2a: Lerry|Morpeko, F|100\/100\n|move|p1a: Garganacl|Stealth Rock|p2a: Lerry\n|-sidestart|p2: Fig Jam n Crepes|move: Stealth Rock\n|\n|-formechange|p2a: Lerry|Morpeko-Hangry||[from] ability: Hunger Switch\n|upkeep\n|turn|30\n|\n|t:|1700357345\n|move|p2a: Lerry|Electric Terrain|p2a: Lerry\n|-fieldstart|move: Electric Terrain\n|move|p1a: Garganacl|Salt Cure|p2a: Lerry\n|-damage|p2a: Lerry|58\/100\n|-start|p2a: Lerry|Salt Cure\n|\n|-damage|p2a: Lerry|46\/100|[from] Salt Cure\n|-formechange|p2a: Lerry|Morpeko||[from] ability: Hunger Switch\n|upkeep\n|turn|31\n|\n|t:|1700357347\n|move|p2a: Lerry|Aura Wheel|p1a: Garganacl\n|-damage|p1a: Garganacl|25\/100\n|-boost|p2a: Lerry|spe|1\n|move|p1a: Garganacl|Recover|p1a: Garganacl\n|-heal|p1a: Garganacl|75\/100\n|\n|-damage|p2a: Lerry|33\/100|[from] Salt Cure\n|-formechange|p2a: Lerry|Morpeko-Hangry||[from] ability: Hunger Switch\n|upkeep\n|turn|32\n|\n|t:|1700357350\n|switch|p2a: Terry|Morpeko, F|57\/100\n|-damage|p2a: Terry|45\/100|[from] Stealth Rock\n|move|p1a: Garganacl|Recover|p1a: Garganacl\n|-heal|p1a: Garganacl|100\/100\n|\n|-formechange|p2a: Terry|Morpeko-Hangry||[from] ability: Hunger Switch\n|upkeep\n|turn|33\n|\n|t:|1700357353\n|move|p2a: Terry|Ice Fang|p1a: Garganacl\n|-damage|p1a: Garganacl|94\/100\n|-damage|p2a: Terry|29\/100|[from] item: Rocky Helmet|[of] p1a: Garganacl\n|move|p1a: Garganacl|Salt Cure|p2a: Terry\n|-damage|p2a: Terry|0 fnt\n|faint|p2a: Terry\n|\n|upkeep\n|-message|Fig Jam n Crepes forfeited.\n|\n|win|AttentivePeach\n|raw|AttentivePeach's rating: 1287 &rarr; <strong>1309<\/strong><br \/>(+22 for winning)\n|raw|Fig Jam n Crepes's rating: 1243 &rarr; <strong>1221<\/strong><br \/>(-22 for losing)\n|l|\u2606Fig Jam n Crepes\n","uploadtime":1700357376,"views":4,"p1id":"attentivepeach","p2id":"figjamncrepes","formatid":"gen9anythinggoes","rating":1221,"private":0,"password":""}