{"id":"gen9anythinggoes-1984359176","p1":"Ecco4502","p2":"SoloOrca","format":"[Gen 9] Anything Goes","log":"|j|\u2606Ecco4502\n|j|\u2606SoloOrca\n|t:|1699249202\n|gametype|singles\n|player|p1|Ecco4502|hilbert|1115\n|player|p2|SoloOrca|cynthia-gen4|1163\n|teamsize|p1|6\n|teamsize|p2|6\n|gen|9\n|tier|[Gen 9] Anything Goes\n|rated|\n|rule|HP Percentage Mod: HP is shown in percentages\n|rule|Endless Battle Clause: Forcing endless battles is banned\n|clearpoke\n|poke|p1|Raichu-Alola, F|\n|poke|p1|Flareon, M|\n|poke|p1|Gogoat, M|\n|poke|p1|Milotic, F|\n|poke|p1|Furret, F|\n|poke|p1|Ninetales-Alola, M|\n|poke|p2|Baxcalibur, F|\n|poke|p2|Corviknight, M|\n|poke|p2|Vikavolt, M|\n|poke|p2|Orthworm, M|\n|poke|p2|Garchomp, M|\n|poke|p2|Kilowattrel, M|\n|teampreview\n|\n|t:|1699249210\n|start\n|switch|p1a: Flare|Flareon, M|100\/100\n|switch|p2a: Corviknight|Corviknight, M|100\/100\n|-ability|p2a: Corviknight|Pressure\n|turn|1\n|\n|t:|1699249221\n|move|p1a: Flare|Protect|p1a: Flare\n|-singleturn|p1a: Flare|Protect\n|move|p2a: Corviknight|Dual Wingbeat|p1a: Flare\n|-activate|p1a: Flare|move: Protect\n|\n|-status|p1a: Flare|tox|[from] item: Toxic Orb\n|upkeep\n|turn|2\n|\n|t:|1699249231\n|move|p2a: Corviknight|Bulk Up|p2a: Corviknight\n|-boost|p2a: Corviknight|atk|1\n|-boost|p2a: Corviknight|def|1\n|move|p1a: Flare|Flare Blitz|p2a: Corviknight\n|-supereffective|p2a: Corviknight\n|-damage|p2a: Corviknight|0 fnt\n|faint|p2a: Corviknight\n|-damage|p1a: Flare|61\/100 tox|[from] Recoil\n|\n|-damage|p1a: Flare|55\/100 tox|[from] psn\n|upkeep\n|\n|t:|1699249235\n|switch|p2a: Kilowattrel|Kilowattrel, M|100\/100\n|turn|3\n|\n|t:|1699249245\n|move|p2a: Kilowattrel|Tailwind|p2a: Kilowattrel\n|-sidestart|p2: SoloOrca|move: Tailwind\n|-start|p2a: Kilowattrel|Charge|Tailwind|[from] ability: Wind Power\n|move|p1a: Flare|Facade|p2a: Kilowattrel\n|-damage|p2a: Kilowattrel|0 fnt\n|faint|p2a: Kilowattrel\n|\n|-damage|p1a: Flare|43\/100 tox|[from] psn\n|upkeep\n|\n|t:|1699249250\n|switch|p2a: Baxcalibur|Baxcalibur, F|100\/100\n|turn|4\n|\n|t:|1699249267\n|-terastallize|p2a: Baxcalibur|Psychic\n|-terastallize|p1a: Flare|Normal\n|move|p2a: Baxcalibur|Dragon Dance|p2a: Baxcalibur\n|-boost|p2a: Baxcalibur|atk|1\n|-boost|p2a: Baxcalibur|spe|1\n|move|p1a: Flare|Facade|p2a: Baxcalibur\n|-crit|p2a: Baxcalibur\n|-damage|p2a: Baxcalibur|0 fnt\n|faint|p2a: Baxcalibur\n|\n|-damage|p1a: Flare|25\/100 tox|[from] psn\n|upkeep\n|\n|t:|1699249271\n|switch|p2a: Vikavolt|Vikavolt, M|100\/100\n|turn|5\n|\n|t:|1699249284\n|move|p2a: Vikavolt|Volt Switch|p1a: Flare\n|-damage|p1a: Flare|0 fnt\n|faint|p1a: Flare\n|\n|t:|1699249289\n|switch|p2a: Orthworm|Orthworm, M|100\/100|[from] Volt Switch\n|\n|upkeep\n|\n|t:|1699249303\n|switch|p1a: Frost|Ninetales-Alola, M|100\/100\n|-weather|Snow|[from] ability: Snow Warning|[of] p1a: Frost\n|turn|6\n|\n|t:|1699249308\n|move|p1a: Frost|Aurora Veil|p1a: Frost\n|-sidestart|p1: Ecco4502|move: Aurora Veil\n|move|p2a: Orthworm|Iron Head|p1a: Frost\n|-supereffective|p1a: Frost\n|-damage|p1a: Frost|63\/100\n|\n|-weather|Snow|[upkeep]\n|-sideend|p2: SoloOrca|move: Tailwind\n|upkeep\n|turn|7\n|\n|t:|1699249317\n|switch|p1a: Leviathan|Milotic, F, shiny|100\/100\n|move|p2a: Orthworm|Stealth Rock|p1a: Leviathan\n|-sidestart|p1: Ecco4502|move: Stealth Rock\n|\n|-weather|Snow|[upkeep]\n|-status|p1a: Leviathan|brn|[from] item: Flame Orb\n|upkeep\n|turn|8\n|\n|t:|1699249326\n|move|p1a: Leviathan|Scald|p2a: Orthworm\n|-damage|p2a: Orthworm|74\/100\n|-status|p2a: Orthworm|brn\n|move|p2a: Orthworm|Iron Head|p1a: Leviathan\n|-resisted|p1a: Leviathan\n|-damage|p1a: Leviathan|99\/100 brn\n|\n|-weather|Snow|[upkeep]\n|-damage|p1a: Leviathan|93\/100 brn|[from] brn\n|-damage|p2a: Orthworm|68\/100 brn|[from] brn\n|upkeep\n|turn|9\n|\n|t:|1699249337\n|move|p1a: Leviathan|Scald|p2a: Orthworm\n|-damage|p2a: Orthworm|41\/100 brn\n|-enditem|p2a: Orthworm|Sitrus Berry|[eat]\n|-heal|p2a: Orthworm|66\/100 brn|[from] item: Sitrus Berry\n|move|p2a: Orthworm|Shed Tail|p2a: Orthworm\n|-start|p2a: Orthworm|Substitute|[from] move: Shed Tail\n|-damage|p2a: Orthworm|16\/100 brn\n|\n|t:|1699249352\n|switch|p2a: Vikavolt|Vikavolt, M|100\/100|[from] Shed Tail\n|\n|-weather|Snow|[upkeep]\n|-damage|p1a: Leviathan|87\/100 brn|[from] brn\n|upkeep\n|turn|10\n|\n|t:|1699249364\n|switch|p1a: Ziege|Gogoat, M, shiny|100\/100\n|-damage|p1a: Ziege|88\/100|[from] Stealth Rock\n|move|p2a: Vikavolt|Sticky Web|p1a: Ziege\n|-sidestart|p1: Ecco4502|move: Sticky Web\n|\n|-weather|none\n|upkeep\n|turn|11\n|\n|t:|1699249374\n|move|p1a: Ziege|Bulk Up|p1a: Ziege\n|-boost|p1a: Ziege|atk|1\n|-boost|p1a: Ziege|def|1\n|move|p2a: Vikavolt|Bug Buzz|p1a: Ziege\n|-supereffective|p1a: Ziege\n|-damage|p1a: Ziege|52\/100\n|-enditem|p1a: Ziege|Weakness Policy\n|-boost|p1a: Ziege|atk|2|[from] item: Weakness Policy\n|-boost|p1a: Ziege|spa|2|[from] item: Weakness Policy\n|\n|upkeep\n|turn|12\n|\n|t:|1699249383\n|move|p1a: Ziege|Horn Leech|p2a: Vikavolt\n|-resisted|p2a: Vikavolt\n|-end|p2a: Vikavolt|Substitute\n|-heal|p1a: Ziege|61\/100|[from] drain|[of] p2a: Vikavolt\n|move|p2a: Vikavolt|Volt Switch|p1a: Ziege\n|-resisted|p1a: Ziege\n|-damage|p1a: Ziege|55\/100\n|\n|t:|1699249395\n|switch|p2a: Garchomp|Garchomp, M|100\/100|[from] Volt Switch\n|\n|upkeep\n|turn|13\n|\n|t:|1699249403\n|move|p2a: Garchomp|Fire Fang|p1a: Ziege\n|-supereffective|p1a: Ziege\n|-damage|p1a: Ziege|39\/100\n|move|p1a: Ziege|Milk Drink|p1a: Ziege\n|-heal|p1a: Ziege|89\/100\n|\n|-sideend|p1: Ecco4502|move: Aurora Veil\n|upkeep\n|turn|14\n|\n|t:|1699249412\n|move|p2a: Garchomp|Swords Dance|p2a: Garchomp\n|-boost|p2a: Garchomp|atk|2\n|move|p1a: Ziege|Horn Leech|p2a: Garchomp\n|-damage|p2a: Garchomp|39\/100\n|-heal|p1a: Ziege|100\/100|[from] drain|[of] p2a: Garchomp\n|-damage|p1a: Ziege|88\/100|[from] ability: Rough Skin|[of] p2a: Garchomp\n|-enditem|p2a: Garchomp|Sitrus Berry|[eat]\n|-heal|p2a: Garchomp|64\/100|[from] item: Sitrus Berry\n|\n|upkeep\n|turn|15\n|\n|t:|1699249423\n|move|p2a: Garchomp|Earthquake|p1a: Ziege\n|-resisted|p1a: Ziege\n|-damage|p1a: Ziege|48\/100\n|move|p1a: Ziege|Horn Leech|p2a: Garchomp\n|-damage|p2a: Garchomp|0 fnt\n|-heal|p1a: Ziege|73\/100|[from] drain|[of] p2a: Garchomp\n|-damage|p1a: Ziege|61\/100|[from] ability: Rough Skin|[of] p2a: Garchomp\n|faint|p2a: Garchomp\n|\n|upkeep\n|\n|t:|1699249426\n|switch|p2a: Vikavolt|Vikavolt, M|100\/100\n|turn|16\n|\n|t:|1699249437\n|move|p1a: Ziege|Rock Slide|p2a: Vikavolt|[miss]\n|-miss|p1a: Ziege|p2a: Vikavolt\n|move|p2a: Vikavolt|Bug Buzz|p1a: Ziege\n|-supereffective|p1a: Ziege\n|-damage|p1a: Ziege|0 fnt\n|faint|p1a: Ziege\n|\n|upkeep\n|\n|t:|1699249445\n|switch|p1a: Gidget|Furret, F, shiny|100\/100\n|-damage|p1a: Gidget|88\/100|[from] Stealth Rock\n|-activate|p1a: Gidget|move: Sticky Web\n|-unboost|p1a: Gidget|spe|1\n|-item|p2a: Vikavolt|Lum Berry|[from] ability: Frisk|[of] p1a: Gidget|[identify]\n|turn|17\n|\n|t:|1699249452\n|move|p1a: Gidget|Tidy Up|p1a: Gidget\n|-sideend|p1: Ecco4502|Stealth Rock\n|-sideend|p1: Ecco4502|Sticky Web\n|-activate|p1a: Gidget|move: Tidy Up\n|-boost|p1a: Gidget|atk|1\n|-boost|p1a: Gidget|spe|1\n|move|p2a: Vikavolt|Flash Cannon|p1a: Gidget\n|-damage|p1a: Gidget|23\/100\n|-unboost|p1a: Gidget|spd|1\n|\n|upkeep\n|turn|18\n|\n|t:|1699249463\n|move|p1a: Gidget|Giga Impact|p2a: Vikavolt\n|-damage|p2a: Vikavolt|0 fnt\n|-mustrecharge|p1a: Gidget\n|faint|p2a: Vikavolt\n|-damage|p1a: Gidget|13\/100|[from] item: Life Orb\n|\n|upkeep\n|\n|t:|1699249469\n|switch|p2a: Orthworm|Orthworm, M|16\/100 brn\n|turn|19\n|\n|t:|1699249474\n|cant|p1a: Gidget|recharge\n|move|p2a: Orthworm|Iron Head|p1a: Gidget\n|-damage|p1a: Gidget|0 fnt\n|faint|p1a: Gidget\n|\n|-damage|p2a: Orthworm|10\/100 brn|[from] brn\n|upkeep\n|\n|t:|1699249483\n|switch|p1a: Psyshock|Raichu-Alola, F|100\/100\n|turn|20\n|\n|t:|1699249487\n|move|p1a: Psyshock|Electric Terrain|p1a: Psyshock\n|-fieldstart|move: Electric Terrain\n|-enditem|p1a: Psyshock|Electric Seed\n|-boost|p1a: Psyshock|def|1|[from] item: Electric Seed\n|move|p2a: Orthworm|Iron Head|p1a: Psyshock\n|-resisted|p1a: Psyshock\n|-damage|p1a: Psyshock|92\/100\n|\n|-damage|p2a: Orthworm|4\/100 brn|[from] brn\n|upkeep\n|turn|21\n|\n|t:|1699249496\n|move|p1a: Psyshock|Electro Ball|p2a: Orthworm\n|-damage|p2a: Orthworm|0 fnt\n|faint|p2a: Orthworm\n|\n|win|Ecco4502\n|raw|Ecco4502's rating: 1115 &rarr; <strong>1143<\/strong><br \/>(+28 for winning)\n|raw|SoloOrca's rating: 1163 &rarr; <strong>1135<\/strong><br \/>(-28 for losing)\n|l|\u2606SoloOrca\n","uploadtime":1699249510,"views":5,"p1id":"ecco4502","p2id":"soloorca","formatid":"gen9anythinggoes","rating":1135,"private":0,"password":""}