{"id":"gen9anythinggoes-1993148628","p1":"digdugdoug","p2":"TheDarkar","format":"[Gen 9] Anything Goes","log":"|j|\u2606digdugdoug\n|j|\u2606TheDarkar\n|t:|1700270628\n|gametype|singles\n|player|p1|digdugdoug|benga|1538\n|player|p2|TheDarkar|guzma|1549\n|teamsize|p1|6\n|teamsize|p2|6\n|gen|9\n|tier|[Gen 9] Anything Goes\n|rated|\n|rule|HP Percentage Mod: HP is shown in percentages\n|rule|Endless Battle Clause: Forcing endless battles is banned\n|clearpoke\n|poke|p1|Mandibuzz, F|\n|poke|p1|Snorlax, M|\n|poke|p1|Clodsire, F|\n|poke|p1|Slowbro, M|\n|poke|p1|Sinistcha|\n|poke|p1|Great Tusk|\n|poke|p2|Grimmsnarl, M|\n|poke|p2|Calyrex-Shadow|\n|poke|p2|Ting-Lu|\n|poke|p2|Toxapex, F|\n|poke|p2|Koraidon|\n|poke|p2|Miraidon|\n|teampreview\n|inactive|Battle timer is ON: inactive players will automatically lose when time's up. (requested by digdugdoug)\n|\n|t:|1700270659\n|start\n|switch|p1a: Snorlax|Snorlax, M|100\/100\n|switch|p2a: Miraidon|Miraidon|100\/100\n|-fieldstart|move: Electric Terrain|[from] ability: Hadron Engine|[of] p2a: Miraidon\n|turn|1\n|\n|t:|1700270677\n|move|p2a: Miraidon|U-turn|p1a: Snorlax\n|-damage|p1a: Snorlax|88\/100\n|\n|t:|1700270681\n|switch|p2a: Koraidon|Koraidon|100\/100|[from] U-turn\n|-weather|SunnyDay|[from] ability: Orichalcum Pulse|[of] p2a: Koraidon\n|-activate|p2a: Koraidon|Orichalcum Pulse|[source]\n|move|p1a: Snorlax|Fissure|p2a: Koraidon|[miss]\n|-miss|p1a: Snorlax|p2a: Koraidon\n|\n|-weather|SunnyDay|[upkeep]\n|-heal|p1a: Snorlax|94\/100|[from] item: Leftovers\n|upkeep\n|turn|2\n|\n|t:|1700270691\n|switch|p1a: Slowbro|Slowbro, M|100\/100\n|move|p2a: Koraidon|Low Kick|p1a: Slowbro\n|-resisted|p1a: Slowbro\n|-damage|p1a: Slowbro|85\/100\n|\n|-weather|SunnyDay|[upkeep]\n|-heal|p1a: Slowbro|91\/100|[from] item: Leftovers\n|upkeep\n|turn|3\n|\n|t:|1700270704\n|switch|p2a: Grimmsnarl|Grimmsnarl, M|100\/100\n|move|p1a: Slowbro|Calm Mind|p1a: Slowbro\n|-boost|p1a: Slowbro|spa|1\n|-boost|p1a: Slowbro|spd|1\n|\n|-weather|SunnyDay|[upkeep]\n|-heal|p1a: Slowbro|97\/100|[from] item: Leftovers\n|upkeep\n|turn|4\n|\n|t:|1700270710\n|switch|p1a: Mandibuzz|Mandibuzz, F|100\/100\n|move|p2a: Grimmsnarl|Light Screen|p2a: Grimmsnarl\n|-sidestart|p2: TheDarkar|move: Light Screen\n|\n|-weather|SunnyDay|[upkeep]\n|upkeep\n|turn|5\n|\n|t:|1700270714\n|move|p2a: Grimmsnarl|Reflect|p2a: Grimmsnarl\n|-sidestart|p2: TheDarkar|Reflect\n|move|p1a: Mandibuzz|Knock Off|p2a: Grimmsnarl\n|-resisted|p2a: Grimmsnarl\n|-damage|p2a: Grimmsnarl|97\/100\n|-enditem|p2a: Grimmsnarl|Light Clay|[from] move: Knock Off|[of] p1a: Mandibuzz\n|\n|-weather|none\n|-fieldend|move: Electric Terrain\n|upkeep\n|turn|6\n|\n|t:|1700270721\n|switch|p2a: Toxapex|Toxapex, F|100\/100\n|move|p1a: Mandibuzz|Toxic|p2a: Toxapex\n|-immune|p2a: Toxapex\n|\n|upkeep\n|turn|7\n|\n|t:|1700270726\n|move|p1a: Mandibuzz|Knock Off|p2a: Toxapex\n|-crit|p2a: Toxapex\n|-damage|p2a: Toxapex|80\/100\n|-damage|p1a: Mandibuzz|84\/100|[from] item: Rocky Helmet|[of] p2a: Toxapex\n|-enditem|p2a: Toxapex|Rocky Helmet|[from] move: Knock Off|[of] p1a: Mandibuzz\n|move|p2a: Toxapex|Infestation|p1a: Mandibuzz\n|-damage|p1a: Mandibuzz|82\/100\n|-activate|p1a: Mandibuzz|move: Infestation|[of] p2a: Toxapex\n|\n|-damage|p1a: Mandibuzz|70\/100|[from] move: Infestation|[partiallytrapped]\n|upkeep\n|turn|8\n|\n|t:|1700270734\n|move|p1a: Mandibuzz|U-turn|p2a: Toxapex\n|-resisted|p2a: Toxapex\n|-damage|p2a: Toxapex|78\/100\n|\n|t:|1700270737\n|switch|p1a: Snorlax|Snorlax, M|94\/100|[from] U-turn\n|move|p2a: Toxapex|Toxic|p1a: Snorlax\n|-immune|p1a: Snorlax|[from] ability: Immunity\n|\n|-heal|p1a: Snorlax|99\/100|[from] item: Leftovers\n|upkeep\n|turn|9\n|\n|t:|1700270753\n|switch|p2a: Koraidon|Koraidon|100\/100\n|-weather|SunnyDay|[from] ability: Orichalcum Pulse|[of] p2a: Koraidon\n|-activate|p2a: Koraidon|Orichalcum Pulse|[source]\n|move|p1a: Snorlax|Fissure|p2a: Koraidon|[miss]\n|-miss|p1a: Snorlax|p2a: Koraidon\n|\n|-weather|SunnyDay|[upkeep]\n|-heal|p1a: Snorlax|100\/100|[from] item: Leftovers\n|upkeep\n|turn|10\n|\n|t:|1700270764\n|switch|p1a: Great Tusk|Great Tusk|100\/100\n|-activate|p1a: Great Tusk|ability: Protosynthesis\n|-start|p1a: Great Tusk|protosynthesisatk\n|move|p2a: Koraidon|Swords Dance|p2a: Koraidon\n|-boost|p2a: Koraidon|atk|2\n|\n|-weather|SunnyDay|[upkeep]\n|upkeep\n|turn|11\n|\n|t:|1700270773\n|move|p1a: Great Tusk|Play Rough|p2a: Koraidon\n|-supereffective|p2a: Koraidon\n|-damage|p2a: Koraidon|27\/100\n|move|p2a: Koraidon|Low Kick|p1a: Great Tusk\n|-damage|p1a: Great Tusk|0 fnt\n|faint|p1a: Great Tusk\n|-end|p1a: Great Tusk|Protosynthesis|[silent]\n|\n|-weather|SunnyDay|[upkeep]\n|-heal|p2a: Koraidon|33\/100|[from] item: Leftovers\n|-sideend|p2: TheDarkar|move: Light Screen\n|upkeep\n|\n|t:|1700270792\n|switch|p1a: Slowbro|Slowbro, M|100\/100\n|turn|12\n|\n|t:|1700270796\n|move|p2a: Koraidon|Dragon Claw|p1a: Slowbro\n|-damage|p1a: Slowbro|39\/100\n|move|p1a: Slowbro|Psychic|p2a: Koraidon\n|-supereffective|p2a: Koraidon\n|-damage|p2a: Koraidon|0 fnt\n|faint|p2a: Koraidon\n|\n|-weather|SunnyDay|[upkeep]\n|-heal|p1a: Slowbro|45\/100|[from] item: Leftovers\n|-sideend|p2: TheDarkar|Reflect\n|upkeep\n|\n|t:|1700270802\n|switch|p2a: Calyrex|Calyrex-Shadow|100\/100\n|-ability|p2a: Calyrex|As One\n|-ability|p2a: Calyrex|Unnerve\n|turn|13\n|\n|t:|1700270809\n|switch|p1a: Snorlax|Snorlax, M|100\/100\n|move|p2a: Calyrex|Grass Knot|p1a: Snorlax\n|-damage|p1a: Snorlax|80\/100\n|\n|-weather|none\n|-heal|p1a: Snorlax|86\/100|[from] item: Leftovers\n|upkeep\n|turn|14\n|\n|t:|1700270820\n|switch|p2a: Toxapex|Toxapex, F|100\/100\n|move|p1a: Snorlax|Fissure|p2a: Toxapex\n|-damage|p2a: Toxapex|0 fnt\n|faint|p2a: Toxapex\n|-ohko\n|\n|-heal|p1a: Snorlax|92\/100|[from] item: Leftovers\n|upkeep\n|\n|t:|1700270824\n|switch|p2a: Ting-Lu|Ting-Lu|100\/100\n|-ability|p2a: Ting-Lu|Vessel of Ruin\n|turn|15\n|\n|t:|1700270829\n|move|p2a: Ting-Lu|Spikes|p1a: Snorlax\n|-sidestart|p1: digdugdoug|Spikes\n|move|p1a: Snorlax|Fissure|p2a: Ting-Lu\n|-damage|p2a: Ting-Lu|0 fnt\n|faint|p2a: Ting-Lu\n|-ohko\n|\n|-heal|p1a: Snorlax|98\/100|[from] item: Leftovers\n|upkeep\n|\n|t:|1700270837\n|switch|p2a: Miraidon|Miraidon|100\/100\n|-fieldstart|move: Electric Terrain|[from] ability: Hadron Engine|[of] p2a: Miraidon\n|turn|16\n|\n|t:|1700270844\n|-terastallize|p2a: Miraidon|Electric\n|move|p2a: Miraidon|Electro Drift|p1a: Snorlax\n|-damage|p1a: Snorlax|47\/100\n|move|p1a: Snorlax|Fissure|p2a: Miraidon|[miss]\n|-miss|p1a: Snorlax|p2a: Miraidon\n|\n|-heal|p1a: Snorlax|53\/100|[from] item: Leftovers\n|upkeep\n|turn|17\n|\n|t:|1700270851\n|move|p2a: Miraidon|Electro Drift|p1a: Snorlax\n|-damage|p1a: Snorlax|0 fnt\n|faint|p1a: Snorlax\n|\n|upkeep\n|\n|t:|1700270856\n|switch|p1a: Clodsire|Clodsire, F|100\/100\n|-damage|p1a: Clodsire|88\/100|[from] Spikes\n|turn|18\n|\n|t:|1700270860\n|switch|p2a: Calyrex|Calyrex-Shadow|100\/100\n|-ability|p2a: Calyrex|As One\n|-ability|p2a: Calyrex|Unnerve\n|move|p1a: Clodsire|Toxic|p2a: Calyrex\n|-status|p2a: Calyrex|tox\n|\n|-heal|p1a: Clodsire|94\/100|[from] item: Leftovers\n|-damage|p2a: Calyrex|94\/100 tox|[from] psn\n|upkeep\n|turn|19\n|\n|t:|1700270864\n|switch|p1a: Mandibuzz|Mandibuzz, F|70\/100\n|move|p2a: Calyrex|Nasty Plot|p2a: Calyrex\n|-boost|p2a: Calyrex|spa|2\n|\n|-damage|p2a: Calyrex|82\/100 tox|[from] psn\n|upkeep\n|turn|20\n|\n|t:|1700270868\n|move|p2a: Calyrex|Astral Barrage|p1a: Mandibuzz\n|-resisted|p1a: Mandibuzz\n|-damage|p1a: Mandibuzz|24\/100\n|move|p1a: Mandibuzz|Knock Off|p2a: Calyrex\n|-supereffective|p2a: Calyrex\n|-damage|p2a: Calyrex|0 fnt\n|-enditem|p2a: Calyrex|Heavy-Duty Boots|[from] move: Knock Off|[of] p1a: Mandibuzz\n|faint|p2a: Calyrex\n|\n|-fieldend|move: Electric Terrain\n|upkeep\n|\n|t:|1700270873\n|switch|p2a: Miraidon|Miraidon, tera:Electric|100\/100\n|-fieldstart|move: Electric Terrain|[from] ability: Hadron Engine|[of] p2a: Miraidon\n|turn|21\n|\n|t:|1700270881\n|-terastallize|p1a: Mandibuzz|Ground\n|move|p2a: Miraidon|Dragon Pulse|p1a: Mandibuzz\n|-damage|p1a: Mandibuzz|0 fnt\n|faint|p1a: Mandibuzz\n|\n|upkeep\n|\n|t:|1700270887\n|switch|p1a: Clodsire|Clodsire, F|94\/100\n|-damage|p1a: Clodsire|82\/100|[from] Spikes\n|turn|22\n|\n|t:|1700270890\n|switch|p2a: Grimmsnarl|Grimmsnarl, M|97\/100\n|move|p1a: Clodsire|Toxic|p2a: Grimmsnarl\n|-status|p2a: Grimmsnarl|tox\n|\n|-heal|p1a: Clodsire|88\/100|[from] item: Leftovers\n|-damage|p2a: Grimmsnarl|91\/100 tox|[from] psn\n|upkeep\n|turn|23\n|\n|t:|1700270893\n|move|p2a: Grimmsnarl|Reflect|p2a: Grimmsnarl\n|-sidestart|p2: TheDarkar|Reflect\n|move|p1a: Clodsire|Earthquake|p2a: Grimmsnarl\n|-damage|p2a: Grimmsnarl|77\/100 tox\n|\n|-heal|p1a: Clodsire|94\/100|[from] item: Leftovers\n|-damage|p2a: Grimmsnarl|65\/100 tox|[from] psn\n|upkeep\n|turn|24\n|\n|t:|1700270896\n|move|p2a: Grimmsnarl|Light Screen|p2a: Grimmsnarl\n|-sidestart|p2: TheDarkar|move: Light Screen\n|move|p1a: Clodsire|Spikes|p2a: Grimmsnarl\n|-sidestart|p2: TheDarkar|Spikes\n|\n|-heal|p1a: Clodsire|100\/100|[from] item: Leftovers\n|-damage|p2a: Grimmsnarl|47\/100 tox|[from] psn\n|upkeep\n|turn|25\n|\n|t:|1700270899\n|move|p2a: Grimmsnarl|Parting Shot|p1a: Clodsire\n|-unboost|p1a: Clodsire|atk|1\n|-unboost|p1a: Clodsire|spa|1\n|\n|t:|1700270901\n|switch|p2a: Miraidon|Miraidon, tera:Electric|100\/100|[from] Parting Shot\n|-damage|p2a: Miraidon|88\/100|[from] Spikes\n|-activate|p2a: Miraidon|ability: Hadron Engine\n|move|p1a: Clodsire|Spikes|p2a: Miraidon\n|-sidestart|p2: TheDarkar|Spikes\n|\n|-fieldend|move: Electric Terrain\n|upkeep\n|turn|26\n|\n|t:|1700270905\n|move|p2a: Miraidon|U-turn|p1a: Clodsire\n|-resisted|p1a: Clodsire\n|-damage|p1a: Clodsire|93\/100\n|\n|t:|1700270906\n|switch|p2a: Grimmsnarl|Grimmsnarl, M|47\/100 tox|[from] U-turn\n|-damage|p2a: Grimmsnarl|30\/100 tox|[from] Spikes\n|move|p1a: Clodsire|Toxic|p2a: Grimmsnarl\n|-fail|p2a: Grimmsnarl|tox\n|\n|-heal|p1a: Clodsire|99\/100|[from] item: Leftovers\n|-damage|p2a: Grimmsnarl|24\/100 tox|[from] psn\n|upkeep\n|turn|27\n|\n|t:|1700270910\n|switch|p2a: Miraidon|Miraidon, tera:Electric|88\/100\n|-damage|p2a: Miraidon|72\/100|[from] Spikes\n|-fieldstart|move: Electric Terrain|[from] ability: Hadron Engine|[of] p2a: Miraidon\n|move|p1a: Clodsire|Earthquake|p2a: Miraidon\n|-supereffective|p2a: Miraidon\n|-damage|p2a: Miraidon|54\/100\n|\n|-heal|p1a: Clodsire|100\/100|[from] item: Leftovers\n|-sideend|p2: TheDarkar|Reflect\n|upkeep\n|turn|28\n|\n|t:|1700270920\n|move|p2a: Miraidon|Dragon Pulse|p1a: Clodsire\n|-damage|p1a: Clodsire|68\/100\n|move|p1a: Clodsire|Spikes|p2a: Miraidon\n|-sidestart|p2: TheDarkar|Spikes\n|\n|-heal|p1a: Clodsire|74\/100|[from] item: Leftovers\n|-sideend|p2: TheDarkar|move: Light Screen\n|upkeep\n|turn|29\n|\n|t:|1700270924\n|move|p2a: Miraidon|Dragon Pulse|p1a: Clodsire\n|-damage|p1a: Clodsire|44\/100\n|move|p1a: Clodsire|Toxic|p2a: Miraidon\n|-status|p2a: Miraidon|tox\n|\n|-heal|p1a: Clodsire|50\/100|[from] item: Leftovers\n|-damage|p2a: Miraidon|48\/100 tox|[from] psn\n|upkeep\n|turn|30\n|-message|TheDarkar forfeited.\n|\n|win|digdugdoug\n|raw|digdugdoug's rating: 1538 &rarr; <strong>1559<\/strong><br \/>(+21 for winning)\n|raw|TheDarkar's rating: 1549 &rarr; <strong>1528<\/strong><br \/>(-21 for losing)\n|l|\u2606TheDarkar\n|l|\u2606digdugdoug\n","uploadtime":1700271209,"views":3,"p1id":"digdugdoug","p2id":"thedarkar","formatid":"gen9anythinggoes","rating":1528,"private":0,"password":""}