{"id":"gen9anythinggoes-1992629874","p1":"Arpitraj1","p2":"hoenn militian","format":"[Gen 9] Anything Goes","log":"|j|\u2606Arpitraj1\n|j|\u2606hoenn militian\n|t:|1700217406\n|gametype|singles\n|player|p1|Arpitraj1|anabel|1640\n|player|p2|hoenn militian|102|1731\n|teamsize|p1|6\n|teamsize|p2|6\n|gen|9\n|tier|[Gen 9] Anything Goes\n|rated|\n|rule|HP Percentage Mod: HP is shown in percentages\n|rule|Endless Battle Clause: Forcing endless battles is banned\n|clearpoke\n|poke|p1|Calyrex-Shadow|\n|poke|p1|Zacian-*|\n|poke|p1|Landorus-Therian, M|\n|poke|p1|Ting-Lu|\n|poke|p1|Koraidon|\n|poke|p1|Arceus|\n|poke|p2|Miraidon|\n|poke|p2|Grimmsnarl, M|\n|poke|p2|Skeledirge, M|\n|poke|p2|Blissey, F|\n|poke|p2|Miraidon|\n|poke|p2|Gliscor, M|\n|teampreview\n|inactive|Battle timer is ON: inactive players will automatically lose when time's up. (requested by Arpitraj1)\n|\n|t:|1700217426\n|start\n|switch|p1a: Landorus|Landorus-Therian, M|100\/100\n|switch|p2a: Miraidon|Miraidon|100\/100\n|-fieldstart|move: Electric Terrain|[from] ability: Hadron Engine|[of] p2a: Miraidon\n|-ability|p1a: Landorus|Intimidate|boost\n|-unboost|p2a: Miraidon|atk|1\n|turn|1\n|\n|t:|1700217439\n|move|p2a: Miraidon|Dragon Pulse|p1a: Landorus\n|-damage|p1a: Landorus|37\/100\n|move|p1a: Landorus|Taunt|p2a: Miraidon\n|-start|p2a: Miraidon|move: Taunt\n|\n|upkeep\n|turn|2\n|\n|t:|1700217450\n|move|p2a: Miraidon|Electro Drift|p1a: Landorus\n|-immune|p1a: Landorus\n|move|p1a: Landorus|Stealth Rock|p2a: Miraidon\n|-sidestart|p2: hoenn militian|move: Stealth Rock\n|\n|upkeep\n|turn|3\n|\n|t:|1700217456\n|move|p2a: Miraidon|Dragon Pulse|p1a: Landorus\n|-damage|p1a: Landorus|0 fnt\n|faint|p1a: Landorus\n|\n|upkeep\n|\n|t:|1700217468\n|switch|p1a: Ting-Lu|Ting-Lu|100\/100\n|-ability|p1a: Ting-Lu|Vessel of Ruin\n|turn|4\n|\n|t:|1700217473\n|move|p2a: Miraidon|U-turn|p1a: Ting-Lu\n|-supereffective|p1a: Ting-Lu\n|-damage|p1a: Ting-Lu|91\/100\n|\n|t:|1700217483\n|switch|p2a: Gliscor|Gliscor, M|100\/100|[from] U-turn\n|-damage|p2a: Gliscor|88\/100|[from] Stealth Rock\n|move|p1a: Ting-Lu|Earthquake|p2a: Gliscor\n|-immune|p2a: Gliscor\n|\n|-heal|p1a: Ting-Lu|97\/100|[from] item: Leftovers\n|-status|p2a: Gliscor|tox|[from] item: Toxic Orb\n|upkeep\n|turn|5\n|\n|t:|1700217493\n|move|p2a: Gliscor|Toxic|p1a: Ting-Lu\n|-status|p1a: Ting-Lu|tox\n|move|p1a: Ting-Lu|Whirlwind|p2a: Gliscor\n|drag|p2a: Miraidon|Miraidon|100\/100\n|-activate|p2a: Miraidon|ability: Hadron Engine\n|\n|-heal|p1a: Ting-Lu|100\/100 tox|[from] item: Leftovers\n|-damage|p1a: Ting-Lu|94\/100 tox|[from] psn\n|-fieldend|move: Electric Terrain\n|upkeep\n|turn|6\n|\n|t:|1700217505\n|move|p2a: Miraidon|Protect|p2a: Miraidon\n|-singleturn|p2a: Miraidon|Protect\n|move|p1a: Ting-Lu|Spikes|p2a: Miraidon\n|-sidestart|p2: hoenn militian|Spikes\n|\n|-heal|p1a: Ting-Lu|100\/100 tox|[from] item: Leftovers\n|-damage|p1a: Ting-Lu|88\/100 tox|[from] psn\n|upkeep\n|turn|7\n|\n|t:|1700217517\n|move|p2a: Miraidon|U-turn|p1a: Ting-Lu\n|-supereffective|p1a: Ting-Lu\n|-damage|p1a: Ting-Lu|67\/100 tox\n|\n|t:|1700217520\n|switch|p2a: Gliscor|Gliscor, M|88\/100 tox|[from] U-turn\n|-damage|p2a: Gliscor|76\/100 tox|[from] Stealth Rock\n|move|p1a: Ting-Lu|Spikes|p2a: Gliscor\n|-sidestart|p2: hoenn militian|Spikes\n|\n|-heal|p1a: Ting-Lu|73\/100 tox|[from] item: Leftovers\n|-heal|p2a: Gliscor|88\/100 tox|[from] ability: Poison Heal\n|-damage|p1a: Ting-Lu|55\/100 tox|[from] psn\n|upkeep\n|turn|8\n|\n|t:|1700217532\n|move|p2a: Gliscor|Earthquake|p1a: Ting-Lu\n|-damage|p1a: Ting-Lu|28\/100 tox\n|move|p1a: Ting-Lu|Whirlwind|p2a: Gliscor\n|drag|p2a: Miraidon|Miraidon|100\/100\n|-fieldstart|move: Electric Terrain|[from] ability: Hadron Engine|[of] p2a: Miraidon\n|\n|-heal|p1a: Ting-Lu|34\/100 tox|[from] item: Leftovers\n|-damage|p1a: Ting-Lu|9\/100 tox|[from] psn\n|upkeep\n|turn|9\n|\n|t:|1700217543\n|move|p2a: Miraidon|U-turn|p1a: Ting-Lu\n|-supereffective|p1a: Ting-Lu\n|-damage|p1a: Ting-Lu|0 fnt\n|faint|p1a: Ting-Lu\n|\n|t:|1700217549\n|switch|p2a: Grimmsnarl|Grimmsnarl, M|100\/100|[from] U-turn\n|\n|upkeep\n|\n|t:|1700217556\n|switch|p1a: Zacian|Zacian-Crowned|100\/100\n|-ability|p1a: Zacian|Intrepid Sword|boost\n|-boost|p1a: Zacian|atk|1\n|turn|10\n|\n|t:|1700217561\n|move|p2a: Grimmsnarl|Parting Shot|p1a: Zacian\n|-unboost|p1a: Zacian|atk|1\n|-unboost|p1a: Zacian|spa|1\n|\n|t:|1700217566\n|switch|p2a: Skeledirge|Skeledirge, M|100\/100|[from] Parting Shot\n|move|p1a: Zacian|Swords Dance|p1a: Zacian\n|-boost|p1a: Zacian|atk|2\n|\n|upkeep\n|turn|11\n|inactive|Arpitraj1 has 120 seconds left.\n|\n|t:|1700217602\n|move|p1a: Zacian|Behemoth Blade|p2a: Skeledirge\n|-resisted|p2a: Skeledirge\n|-damage|p2a: Skeledirge|83\/100\n|move|p2a: Skeledirge|Will-O-Wisp|p1a: Zacian\n|-status|p1a: Zacian|brn\n|\n|-damage|p1a: Zacian|94\/100 brn|[from] brn\n|upkeep\n|turn|12\n|inactive|Arpitraj1 has 120 seconds left.\n|\n|t:|1700217611\n|switch|p1a: Calyrex|Calyrex-Shadow|100\/100\n|-ability|p1a: Calyrex|As One\n|-ability|p1a: Calyrex|Unnerve\n|move|p2a: Skeledirge|Hex|p1a: Calyrex\n|-supereffective|p1a: Calyrex\n|-damage|p1a: Calyrex|5\/100\n|\n|-fieldend|move: Electric Terrain\n|upkeep\n|turn|13\n|inactive|Arpitraj1 has 120 seconds left.\n|\n|t:|1700217622\n|switch|p2a: Grimmsnarl|Grimmsnarl, M|100\/100\n|move|p1a: Calyrex|Psychic|p2a: Grimmsnarl\n|-immune|p2a: Grimmsnarl\n|\n|upkeep\n|turn|14\n|\n|t:|1700217630\n|switch|p1a: Arceus|Arceus|100\/100\n|move|p2a: Grimmsnarl|Spirit Break|p1a: Arceus\n|-damage|p1a: Arceus|79\/100\n|-unboost|p1a: Arceus|spa|1\n|\n|upkeep\n|turn|15\n|\n|t:|1700217639\n|move|p2a: Grimmsnarl|Parting Shot|p1a: Arceus\n|-unboost|p1a: Arceus|atk|1\n|-unboost|p1a: Arceus|spa|1\n|\n|t:|1700217647\n|switch|p2a: Skeledirge|Skeledirge, M|83\/100|[from] Parting Shot\n|move|p1a: Arceus|Swords Dance|p1a: Arceus\n|-boost|p1a: Arceus|atk|2\n|\n|upkeep\n|turn|16\n|\n|t:|1700217657\n|move|p1a: Arceus|Shadow Claw|p2a: Skeledirge\n|-supereffective|p2a: Skeledirge\n|-damage|p2a: Skeledirge|53\/100\n|move|p2a: Skeledirge|Will-O-Wisp|p1a: Arceus\n|-status|p1a: Arceus|brn\n|\n|-damage|p1a: Arceus|73\/100 brn|[from] brn\n|upkeep\n|turn|17\n|\n|t:|1700217665\n|move|p1a: Arceus|Shadow Claw|p2a: Skeledirge\n|-supereffective|p2a: Skeledirge\n|-damage|p2a: Skeledirge|37\/100\n|move|p2a: Skeledirge|Slack Off|p2a: Skeledirge\n|-heal|p2a: Skeledirge|87\/100\n|\n|-damage|p1a: Arceus|66\/100 brn|[from] brn\n|upkeep\n|turn|18\n|\n|t:|1700217675\n|move|p1a: Arceus|Shadow Claw|p2a: Skeledirge\n|-supereffective|p2a: Skeledirge\n|-damage|p2a: Skeledirge|71\/100\n|move|p2a: Skeledirge|Torch Song|p1a: Arceus\n|-damage|p1a: Arceus|46\/100 brn\n|-boost|p2a: Skeledirge|spa|1\n|\n|-damage|p1a: Arceus|40\/100 brn|[from] brn\n|upkeep\n|turn|19\n|\n|t:|1700217685\n|move|p1a: Arceus|Shadow Claw|p2a: Skeledirge\n|-supereffective|p2a: Skeledirge\n|-damage|p2a: Skeledirge|55\/100\n|move|p2a: Skeledirge|Slack Off|p2a: Skeledirge\n|-heal|p2a: Skeledirge|100\/100\n|\n|-damage|p1a: Arceus|34\/100 brn|[from] brn\n|upkeep\n|turn|20\n|\n|t:|1700217694\n|move|p1a: Arceus|Shadow Claw|p2a: Skeledirge\n|-supereffective|p2a: Skeledirge\n|-damage|p2a: Skeledirge|87\/100\n|move|p2a: Skeledirge|Torch Song|p1a: Arceus\n|-crit|p1a: Arceus\n|-damage|p1a: Arceus|0 fnt\n|-boost|p2a: Skeledirge|spa|1\n|faint|p1a: Arceus\n|\n|upkeep\n|\n|t:|1700217696\n|switch|p1a: Koraidon|Koraidon|100\/100\n|-weather|SunnyDay|[from] ability: Orichalcum Pulse|[of] p1a: Koraidon\n|-activate|p1a: Koraidon|Orichalcum Pulse|[source]\n|turn|21\n|\n|t:|1700217707\n|move|p1a: Koraidon|Scale Shot|p2a: Skeledirge\n|-damage|p2a: Skeledirge|75\/100\n|-damage|p2a: Skeledirge|64\/100\n|-damage|p2a: Skeledirge|52\/100\n|-damage|p2a: Skeledirge|41\/100\n|-hitcount|p2a: Skeledirge|4\n|-unboost|p1a: Koraidon|def|1\n|-boost|p1a: Koraidon|spe|1\n|move|p2a: Skeledirge|Torch Song|p1a: Koraidon\n|-resisted|p1a: Koraidon\n|-damage|p1a: Koraidon|53\/100\n|-boost|p2a: Skeledirge|spa|1\n|\n|-weather|SunnyDay|[upkeep]\n|upkeep\n|turn|22\n|\n|t:|1700217722\n|switch|p2a: Grimmsnarl|Grimmsnarl, M|100\/100\n|move|p1a: Koraidon|Flare Blitz|p2a: Grimmsnarl\n|-damage|p2a: Grimmsnarl|0 fnt\n|faint|p2a: Grimmsnarl\n|-damage|p1a: Koraidon|15\/100|[from] Recoil\n|\n|-weather|SunnyDay|[upkeep]\n|upkeep\n|\n|t:|1700217734\n|switch|p2a: Gliscor|Gliscor, M|88\/100 tox\n|-damage|p2a: Gliscor|76\/100 tox|[from] Stealth Rock\n|turn|23\n|\n|t:|1700217743\n|move|p1a: Koraidon|Swords Dance|p1a: Koraidon\n|-boost|p1a: Koraidon|atk|2\n|move|p2a: Gliscor|Psychic Fangs|p1a: Koraidon\n|-supereffective|p1a: Koraidon\n|-damage|p1a: Koraidon|0 fnt\n|faint|p1a: Koraidon\n|\n|-weather|SunnyDay|[upkeep]\n|-heal|p2a: Gliscor|88\/100 tox|[from] ability: Poison Heal\n|upkeep\n|inactive|Arpitraj1 has 120 seconds left.\n|l|\u2606Arpitraj1\n|inactive|Arpitraj1 disconnected and has a minute to reconnect!\n|player|p1|\n|inactive|Arpitraj1 has 30 seconds to reconnect!\n|j| GamerHew3333\n|inactive|Arpitraj1 has 20 seconds to reconnect!\n|inactive|Arpitraj1 has 15 seconds to reconnect!\n|j|\u2606Arpitraj1\n|inactive|Arpitraj1 reconnected and has 65 seconds left.\n|player|p1|Arpitraj1|anabel\n|inactive|Arpitraj1 has 60 seconds left.\n|\n|t:|1700217840\n|switch|p1a: Calyrex|Calyrex-Shadow|5\/100\n|-ability|p1a: Calyrex|As One\n|-ability|p1a: Calyrex|Unnerve\n|turn|24\n|inactive|Arpitraj1 has 60 seconds left.\n|\n|t:|1700217856\n|switch|p2a: Blissey|Blissey, F|100\/100\n|move|p1a: Calyrex|Psychic|p2a: Blissey\n|-damage|p2a: Blissey|84\/100\n|\n|-weather|SunnyDay|[upkeep]\n|upkeep\n|turn|25\n|\n|t:|1700217865\n|move|p1a: Calyrex|Psychic|p2a: Blissey\n|-damage|p2a: Blissey|69\/100\n|move|p2a: Blissey|Stealth Rock|p1a: Calyrex\n|-sidestart|p1: Arpitraj1|move: Stealth Rock\n|\n|-weather|none\n|upkeep\n|turn|26\n|inactive|Arpitraj1 has 60 seconds left.\n|\n|t:|1700217890\n|move|p1a: Calyrex|Psychic|p2a: Blissey\n|-damage|p2a: Blissey|53\/100\n|move|p2a: Blissey|Seismic Toss|p1a: Calyrex\n|-immune|p1a: Calyrex\n|\n|upkeep\n|turn|27\n|\n|t:|1700217898\n|move|p1a: Calyrex|Psychic|p2a: Blissey\n|-damage|p2a: Blissey|37\/100\n|move|p2a: Blissey|Soft-Boiled|p2a: Blissey\n|-heal|p2a: Blissey|87\/100\n|\n|upkeep\n|turn|28\n|inactive|Arpitraj1 has 60 seconds left.\n|\n|t:|1700217920\n|move|p1a: Calyrex|Psychic|p2a: Blissey\n|-damage|p2a: Blissey|72\/100\n|move|p2a: Blissey|Seismic Toss|p1a: Calyrex\n|-immune|p1a: Calyrex\n|\n|upkeep\n|turn|29\n|inactive|Arpitraj1 has 30 seconds left.\n|inactive|Arpitraj1 has 20 seconds left.\n|\n|t:|1700217957\n|move|p1a: Calyrex|Psychic|p2a: Blissey\n|-damage|p2a: Blissey|56\/100\n|move|p2a: Blissey|Seismic Toss|p1a: Calyrex\n|-immune|p1a: Calyrex\n|\n|upkeep\n|turn|30\n|inactive|Arpitraj1 has 30 seconds left this turn.\n|\n|t:|1700217967\n|move|p1a: Calyrex|Psychic|p2a: Blissey\n|-damage|p2a: Blissey|40\/100\n|move|p2a: Blissey|Soft-Boiled|p2a: Blissey\n|-heal|p2a: Blissey|90\/100\n|\n|upkeep\n|turn|31\n|\n|t:|1700217972\n|move|p1a: Calyrex|Psychic|p2a: Blissey\n|-damage|p2a: Blissey|74\/100\n|move|p2a: Blissey|Seismic Toss|p1a: Calyrex\n|-immune|p1a: Calyrex\n|\n|upkeep\n|turn|32\n|\n|t:|1700217979\n|move|p1a: Calyrex|Psychic|p2a: Blissey\n|-damage|p2a: Blissey|59\/100\n|move|p2a: Blissey|Stealth Rock||[still]\n|-fail|p2a: Blissey\n|\n|upkeep\n|turn|33\n|\n|t:|1700217991\n|move|p1a: Calyrex|Psychic|p2a: Blissey\n|-damage|p2a: Blissey|44\/100\n|move|p2a: Blissey|Soft-Boiled|p2a: Blissey\n|-heal|p2a: Blissey|94\/100\n|\n|upkeep\n|turn|34\n|\n|t:|1700217996\n|move|p1a: Calyrex|Psychic|p2a: Blissey\n|-damage|p2a: Blissey|79\/100\n|move|p2a: Blissey|Seismic Toss|p1a: Calyrex\n|-immune|p1a: Calyrex\n|\n|upkeep\n|turn|35\n|inactive|Arpitraj1 has 60 seconds left.\n|\n|t:|1700218012\n|move|p1a: Calyrex|Psychic|p2a: Blissey\n|-damage|p2a: Blissey|62\/100\n|move|p2a: Blissey|Seismic Toss|p1a: Calyrex\n|-immune|p1a: Calyrex\n|\n|upkeep\n|turn|36\n|\n|t:|1700218020\n|move|p1a: Calyrex|Psychic|p2a: Blissey\n|-damage|p2a: Blissey|47\/100\n|move|p2a: Blissey|Soft-Boiled|p2a: Blissey\n|-heal|p2a: Blissey|97\/100\n|\n|upkeep\n|turn|37\n|\n|t:|1700218030\n|move|p1a: Calyrex|Psychic|p2a: Blissey\n|-damage|p2a: Blissey|82\/100\n|move|p2a: Blissey|Seismic Toss|p1a: Calyrex\n|-immune|p1a: Calyrex\n|\n|upkeep\n|turn|38\n|\n|t:|1700218035\n|move|p1a: Calyrex|Psychic|p2a: Blissey\n|-damage|p2a: Blissey|67\/100\n|move|p2a: Blissey|Seismic Toss|p1a: Calyrex\n|-immune|p1a: Calyrex\n|\n|upkeep\n|turn|39\n|\n|t:|1700218042\n|switch|p2a: Skeledirge|Skeledirge, M|41\/100\n|-activate|p1a: Calyrex|move: Struggle\n|move|p1a: Calyrex|Struggle|p2a: Skeledirge\n|-damage|p2a: Skeledirge|36\/100\n|-damage|p1a: Calyrex|0 fnt|[from] recoil\n|faint|p1a: Calyrex\n|\n|upkeep\n|\n|t:|1700218045\n|switch|p1a: Zacian|Zacian-Crowned|94\/100 brn\n|-damage|p1a: Zacian|88\/100 brn|[from] Stealth Rock\n|turn|40\n|\n|t:|1700218052\n|move|p1a: Zacian|Behemoth Blade|p2a: Skeledirge\n|-resisted|p2a: Skeledirge\n|-damage|p2a: Skeledirge|26\/100\n|move|p2a: Skeledirge|Slack Off|p2a: Skeledirge\n|-heal|p2a: Skeledirge|76\/100\n|\n|-damage|p1a: Zacian|82\/100 brn|[from] brn\n|upkeep\n|turn|41\n|-message|Arpitraj1 forfeited.\n|\n|win|hoenn militian\n|raw|Arpitraj1's rating: 1632 &rarr; <strong>1618<\/strong><br \/>(-14 for losing)\n|raw|hoenn militian's rating: 1731 &rarr; <strong>1745<\/strong><br \/>(+14 for winning)\n|l|\u2606Arpitraj1\n","uploadtime":1700218074,"views":4,"p1id":"arpitraj1","p2id":"hoennmilitian","formatid":"gen9anythinggoes","rating":1618,"private":0,"password":""}