{"id":"gen9anythinggoes-1983894453","p1":"Frighteningtruth","p2":"LoveKurumi","format":"[Gen 9] Anything Goes","log":"|j|\u2606Frighteningtruth\n|j|\u2606LoveKurumi\n|t:|1699197148\n|gametype|singles\n|player|p1|Frighteningtruth|backpacker|1121\n|player|p2|LoveKurumi|cynthia|1284\n|teamsize|p1|6\n|teamsize|p2|6\n|gen|9\n|tier|[Gen 9] Anything Goes\n|rated|\n|rule|HP Percentage Mod: HP is shown in percentages\n|rule|Endless Battle Clause: Forcing endless battles is banned\n|clearpoke\n|poke|p1|Orthworm, F|\n|poke|p1|Clodsire, F|\n|poke|p1|Glimmora, F|\n|poke|p1|Garganacl, M|\n|poke|p1|Kingambit, M|\n|poke|p1|Ceruledge, F|\n|poke|p2|Drifblim, M|\n|poke|p2|Wo-Chien|\n|poke|p2|Hatterene, F|\n|poke|p2|Garganacl, F|\n|poke|p2|Espathra, M|\n|poke|p2|Alomomola, F|\n|teampreview\n|inactive|Battle timer is ON: inactive players will automatically lose when time's up. (requested by LoveKurumi)\n|inactive|Frighteningtruth also wants the timer to be on.\n|\n|t:|1699197170\n|start\n|switch|p1a: Kingambit|Kingambit, M, shiny|100\/100\n|switch|p2a: Drifblim|Drifblim, M|100\/100\n|turn|1\n|\n|t:|1699197182\n|-terastallize|p2a: Drifblim|Fairy\n|move|p2a: Drifblim|Minimize|p2a: Drifblim\n|-boost|p2a: Drifblim|evasion|2\n|move|p1a: Kingambit|Kowtow Cleave|p2a: Drifblim\n|-resisted|p2a: Drifblim\n|-damage|p2a: Drifblim|73\/100\n|-enditem|p2a: Drifblim|Red Card|[of] p1a: Kingambit\n|-end|p1a: Kingambit|fallenundefined|[silent]\n|drag|p1a: Ceruledge|Ceruledge, F, shiny|100\/100\n|\n|upkeep\n|turn|2\n|\n|t:|1699197194\n|switch|p1a: Garganacl|Garganacl, M, shiny|100\/100\n|move|p2a: Drifblim|Minimize|p2a: Drifblim\n|-boost|p2a: Drifblim|evasion|2\n|\n|upkeep\n|turn|3\n|\n|t:|1699197197\n|move|p2a: Drifblim|Substitute|p2a: Drifblim\n|-start|p2a: Drifblim|Substitute\n|-damage|p2a: Drifblim|48\/100\n|move|p1a: Garganacl|Salt Cure|p2a: Drifblim|[miss]\n|-miss|p1a: Garganacl|p2a: Drifblim\n|\n|upkeep\n|turn|4\n|\n|t:|1699197203\n|switch|p1a: Glimmora|Glimmora, F, shiny|100\/100\n|move|p2a: Drifblim|Minimize|p2a: Drifblim\n|-boost|p2a: Drifblim|evasion|2\n|\n|upkeep\n|turn|5\n|\n|t:|1699197213\n|move|p2a: Drifblim|Stockpile|p2a: Drifblim\n|-start|p2a: Drifblim|stockpile1\n|-boost|p2a: Drifblim|def|1\n|-boost|p2a: Drifblim|spd|1\n|move|p1a: Glimmora|Stealth Rock|p2a: Drifblim\n|-sidestart|p2: LoveKurumi|move: Stealth Rock\n|\n|upkeep\n|turn|6\n|\n|t:|1699197219\n|switch|p1a: Orthworm|Orthworm, F, shiny|100\/100\n|move|p2a: Drifblim|Stockpile|p2a: Drifblim\n|-start|p2a: Drifblim|stockpile2\n|-boost|p2a: Drifblim|def|1\n|-boost|p2a: Drifblim|spd|1\n|\n|upkeep\n|turn|7\n|\n|t:|1699197226\n|move|p2a: Drifblim|Stockpile|p2a: Drifblim\n|-start|p2a: Drifblim|stockpile3\n|-boost|p2a: Drifblim|def|1\n|-boost|p2a: Drifblim|spd|1\n|move|p1a: Orthworm|Coil|p1a: Orthworm\n|-boost|p1a: Orthworm|atk|1\n|-boost|p1a: Orthworm|def|1\n|-boost|p1a: Orthworm|accuracy|1\n|\n|upkeep\n|turn|8\n|\n|t:|1699197232\n|move|p2a: Drifblim|Baton Pass|p2a: Drifblim\n|\n|t:|1699197246\n|switch|p2a: Espathra|Espathra, M|100\/100|[from] Baton Pass\n|-damage|p2a: Espathra|88\/100|[from] Stealth Rock\n|move|p1a: Orthworm|Iron Tail|p2a: Espathra|[miss]\n|-miss|p1a: Orthworm|p2a: Espathra\n|\n|upkeep\n|turn|9\n|\n|t:|1699197257\n|switch|p1a: Kingambit|Kingambit, M, shiny|100\/100\n|move|p2a: Espathra|Protect||[still]\n|-fail|p2a: Espathra\n|\n|upkeep\n|turn|10\n|\n|t:|1699197268\n|move|p2a: Espathra|Baton Pass|p2a: Espathra\n|\n|t:|1699197273\n|switch|p2a: Hatterene|Hatterene, F|100\/100|[from] Baton Pass\n|-damage|p2a: Hatterene|88\/100|[from] Stealth Rock\n|move|p1a: Kingambit|Kowtow Cleave|p2a: Hatterene\n|-activate|p2a: Hatterene|move: Substitute|[damage]\n|\n|-heal|p2a: Hatterene|94\/100|[from] item: Leftovers\n|upkeep\n|turn|11\n|inactive|LoveKurumi has 120 seconds left.\n|\n|t:|1699197313\n|move|p1a: Kingambit|Kowtow Cleave|p2a: Hatterene\n|-activate|p2a: Hatterene|move: Substitute|[damage]\n|move|p2a: Hatterene|Swords Dance|p2a: Hatterene\n|-boost|p2a: Hatterene|atk|2\n|\n|-heal|p2a: Hatterene|99\/100|[from] item: Leftovers\n|upkeep\n|turn|12\n|\n|t:|1699197322\n|move|p1a: Kingambit|Kowtow Cleave|p2a: Hatterene\n|-end|p2a: Hatterene|Substitute\n|move|p2a: Hatterene|Swords Dance|p2a: Hatterene\n|-boost|p2a: Hatterene|atk|2\n|\n|-heal|p2a: Hatterene|100\/100|[from] item: Leftovers\n|upkeep\n|turn|13\n|\n|t:|1699197331\n|move|p1a: Kingambit|Guillotine|p2a: Hatterene|[miss]\n|-miss|p1a: Kingambit|p2a: Hatterene\n|move|p2a: Hatterene|Baton Pass|p2a: Hatterene\n|inactive|LoveKurumi has 120 seconds left.\n|\n|t:|1699197347\n|switch|p2a: Wo-Chien|Wo-Chien|100\/100|[from] Baton Pass\n|-damage|p2a: Wo-Chien|88\/100|[from] Stealth Rock\n|-ability|p2a: Wo-Chien|Tablets of Ruin\n|\n|-heal|p2a: Wo-Chien|94\/100|[from] item: Leftovers\n|upkeep\n|turn|14\n|\n|t:|1699197369\n|move|p2a: Wo-Chien|Ingrain|p2a: Wo-Chien\n|-start|p2a: Wo-Chien|move: Ingrain\n|move|p1a: Kingambit|Guillotine|p2a: Wo-Chien\n|-damage|p2a: Wo-Chien|0 fnt\n|faint|p2a: Wo-Chien\n|-ohko\n|\n|upkeep\n|inactive|LoveKurumi has 120 seconds left.\n|c|\u2606LoveKurumi|\u725b\u9b54\u6495\u88c2\n|-message|LoveKurumi forfeited.\n|\n|win|Frighteningtruth\n|raw|Frighteningtruth's rating: 1121 &rarr; <strong>1157<\/strong><br \/>(+36 for winning)\n|raw|LoveKurumi's rating: 1284 &rarr; <strong>1248<\/strong><br \/>(-36 for losing)\n|l|\u2606LoveKurumi\n","uploadtime":1699197392,"views":2,"p1id":"frighteningtruth","p2id":"lovekurumi","formatid":"gen9anythinggoes","rating":1157,"private":0,"password":""}