{"id":"gen9anythinggoes-1972271095","p1":"Kurdeus","p2":"Jeremoon","format":"[Gen 9] Anything Goes","log":"|j|\u2606Kurdeus\n|j|\u2606Jeremoon\n|t:|1697826799\n|gametype|singles\n|player|p1|Kurdeus|hugh|\n|player|p2|Jeremoon|1|\n|teamsize|p1|6\n|teamsize|p2|6\n|gen|9\n|tier|[Gen 9] Anything Goes\n|rule|HP Percentage Mod: HP is shown in percentages\n|rule|Endless Battle Clause: Forcing endless battles is banned\n|clearpoke\n|poke|p1|Iron Valiant|\n|poke|p1|Roaring Moon|\n|poke|p1|Dondozo, F|\n|poke|p1|Munkidori, M|\n|poke|p1|Snorlax, M|\n|poke|p1|Chandelure, F|\n|poke|p2|Diancie|\n|poke|p2|Cresselia, F|\n|poke|p2|Heatran, F|\n|poke|p2|Talonflame, F|\n|poke|p2|Goodra-Hisui, M|\n|poke|p2|Urshifu-*, M|\n|teampreview\n|\n|t:|1697826813\n|start\n|switch|p1a: Dondozo|Dondozo, F|100\/100\n|switch|p2a: Urshifu|Urshifu-Rapid-Strike, M|100\/100\n|turn|1\n|\n|t:|1697826825\n|move|p2a: Urshifu|U-turn|p1a: Dondozo\n|-damage|p1a: Dondozo|86\/100\n|\n|t:|1697826836\n|switch|p2a: Goodra|Goodra-Hisui, M|100\/100|[from] U-turn\n|move|p1a: Dondozo|Curse|p1a: Dondozo\n|-unboost|p1a: Dondozo|spe|1\n|-boost|p1a: Dondozo|atk|1\n|-boost|p1a: Dondozo|def|1\n|\n|upkeep\n|turn|2\n|\n|t:|1697826850\n|move|p2a: Goodra|Acid Armor|p2a: Goodra\n|-boost|p2a: Goodra|def|2\n|move|p1a: Dondozo|Body Press|p2a: Goodra\n|-supereffective|p2a: Goodra\n|-damage|p2a: Goodra|61\/100\n|\n|-heal|p2a: Goodra|68\/100|[from] item: Leftovers\n|upkeep\n|turn|3\n|\n|t:|1697826877\n|move|p2a: Goodra|Acid Armor|p2a: Goodra\n|-boost|p2a: Goodra|def|2\n|move|p1a: Dondozo|Body Press|p2a: Goodra\n|-supereffective|p2a: Goodra\n|-damage|p2a: Goodra|28\/100\n|\n|-heal|p2a: Goodra|34\/100|[from] item: Leftovers\n|upkeep\n|turn|4\n|\n|t:|1697826888\n|move|p2a: Goodra|Body Press|p1a: Dondozo\n|-damage|p1a: Dondozo|76\/100\n|move|p1a: Dondozo|Body Press|p2a: Goodra\n|-supereffective|p2a: Goodra\n|-damage|p2a: Goodra|0 fnt\n|faint|p2a: Goodra\n|\n|upkeep\n|\n|t:|1697826901\n|switch|p2a: Cresselia|Cresselia, F|100\/100\n|turn|5\n|\n|t:|1697826912\n|-terastallize|p2a: Cresselia|Fairy\n|move|p2a: Cresselia|Calm Mind|p2a: Cresselia\n|-boost|p2a: Cresselia|spa|1\n|-boost|p2a: Cresselia|spd|1\n|move|p1a: Dondozo|Liquidation|p2a: Cresselia\n|-damage|p2a: Cresselia|74\/100\n|-damage|p1a: Dondozo|59\/100|[from] item: Rocky Helmet|[of] p2a: Cresselia\n|\n|upkeep\n|turn|6\n|\n|t:|1697826928\n|move|p2a: Cresselia|Ice Beam|p1a: Dondozo\n|-resisted|p1a: Dondozo\n|-damage|p1a: Dondozo|54\/100\n|move|p1a: Dondozo|Liquidation|p2a: Cresselia\n|-damage|p2a: Cresselia|48\/100\n|-damage|p1a: Dondozo|37\/100|[from] item: Rocky Helmet|[of] p2a: Cresselia\n|\n|upkeep\n|turn|7\n|\n|t:|1697826938\n|move|p2a: Cresselia|Moonlight|p2a: Cresselia\n|-heal|p2a: Cresselia|98\/100\n|move|p1a: Dondozo|Liquidation|p2a: Cresselia\n|-damage|p2a: Cresselia|74\/100\n|-damage|p1a: Dondozo|21\/100|[from] item: Rocky Helmet|[of] p2a: Cresselia\n|\n|upkeep\n|turn|8\n|\n|t:|1697826957\n|move|p2a: Cresselia|Calm Mind|p2a: Cresselia\n|-boost|p2a: Cresselia|spa|1\n|-boost|p2a: Cresselia|spd|1\n|move|p1a: Dondozo|Liquidation|p2a: Cresselia\n|-damage|p2a: Cresselia|51\/100\n|-damage|p1a: Dondozo|4\/100|[from] item: Rocky Helmet|[of] p2a: Cresselia\n|\n|upkeep\n|turn|9\n|\n|t:|1697826972\n|move|p2a: Cresselia|Moonlight|p2a: Cresselia\n|-heal|p2a: Cresselia|100\/100\n|move|p1a: Dondozo|Liquidation|p2a: Cresselia\n|-damage|p2a: Cresselia|75\/100\n|-unboost|p2a: Cresselia|def|1\n|-damage|p1a: Dondozo|0 fnt|[from] item: Rocky Helmet|[of] p2a: Cresselia\n|faint|p1a: Dondozo\n|\n|upkeep\n|\n|t:|1697826991\n|switch|p1a: Munkidori|Munkidori, M|100\/100\n|turn|10\n|\n|t:|1697827004\n|switch|p2a: Heatran|Heatran, F|100\/100\n|-item|p2a: Heatran|Air Balloon\n|move|p1a: Munkidori|Sludge Bomb|p2a: Heatran\n|-immune|p2a: Heatran\n|\n|upkeep\n|turn|11\n|\n|t:|1697827020\n|switch|p1a: Snorlax|Snorlax, M|100\/100\n|move|p2a: Heatran|Stealth Rock|p1a: Snorlax\n|-sidestart|p1: Kurdeus|move: Stealth Rock\n|\n|upkeep\n|turn|12\n|\n|t:|1697827029\n|move|p2a: Heatran|Will-O-Wisp|p1a: Snorlax\n|-status|p1a: Snorlax|brn\n|move|p1a: Snorlax|Curse|p1a: Snorlax\n|-unboost|p1a: Snorlax|spe|1\n|-boost|p1a: Snorlax|atk|1\n|-boost|p1a: Snorlax|def|1\n|\n|-damage|p1a: Snorlax|94\/100 brn|[from] brn\n|upkeep\n|turn|13\n|\n|t:|1697827038\n|move|p2a: Heatran|Overheat|p1a: Snorlax|[miss]\n|-miss|p2a: Heatran|p1a: Snorlax\n|move|p1a: Snorlax|Earthquake|p2a: Heatran\n|-immune|p2a: Heatran\n|\n|-heal|p1a: Snorlax|100\/100 brn|[from] item: Leftovers\n|-damage|p1a: Snorlax|94\/100 brn|[from] brn\n|upkeep\n|turn|14\n|\n|t:|1697827048\n|move|p2a: Heatran|Overheat|p1a: Snorlax\n|-damage|p1a: Snorlax|68\/100 brn\n|-unboost|p2a: Heatran|spa|2\n|move|p1a: Snorlax|Body Slam|p2a: Heatran\n|-resisted|p2a: Heatran\n|-damage|p2a: Heatran|91\/100\n|-status|p2a: Heatran|par\n|-enditem|p2a: Heatran|Air Balloon\n|\n|-heal|p1a: Snorlax|74\/100 brn|[from] item: Leftovers\n|-damage|p1a: Snorlax|68\/100 brn|[from] brn\n|upkeep\n|turn|15\n|\n|t:|1697827066\n|switch|p2a: Talonflame|Talonflame, F|100\/100\n|switch|p1a: Chandelure|Chandelure, F|100\/100\n|-damage|p1a: Chandelure|76\/100|[from] Stealth Rock\n|\n|upkeep\n|turn|16\n|\n|t:|1697827078\n|move|p2a: Talonflame|Swords Dance|p2a: Talonflame\n|-boost|p2a: Talonflame|atk|2\n|move|p1a: Chandelure|Shadow Ball|p2a: Talonflame\n|-damage|p2a: Talonflame|34\/100\n|\n|upkeep\n|turn|17\n|\n|t:|1697827087\n|move|p2a: Talonflame|Brave Bird|p1a: Chandelure\n|-damage|p1a: Chandelure|0 fnt\n|faint|p1a: Chandelure\n|-damage|p2a: Talonflame|12\/100|[from] Recoil\n|\n|upkeep\n|\n|t:|1697827096\n|switch|p1a: Iron Valiant|Iron Valiant|100\/100\n|-damage|p1a: Iron Valiant|94\/100|[from] Stealth Rock\n|turn|18\n|\n|t:|1697827114\n|switch|p2a: Cresselia|Cresselia, F, tera:Fairy|75\/100\n|move|p1a: Iron Valiant|Psyshock|p2a: Cresselia\n|-damage|p2a: Cresselia|54\/100\n|\n|upkeep\n|turn|19\n|\n|t:|1697827124\n|-end|p1a: Iron Valiant|Quark Drive|[silent]\n|switch|p1a: Snorlax|Snorlax, M|68\/100 brn\n|-damage|p1a: Snorlax|56\/100 brn|[from] Stealth Rock\n|move|p2a: Cresselia|Moonlight|p2a: Cresselia\n|-heal|p2a: Cresselia|100\/100\n|\n|-heal|p1a: Snorlax|62\/100 brn|[from] item: Leftovers\n|-damage|p1a: Snorlax|56\/100 brn|[from] brn\n|upkeep\n|turn|20\n|\n|t:|1697827144\n|switch|p2a: Talonflame|Talonflame, F|12\/100\n|move|p1a: Snorlax|Body Slam|p2a: Talonflame\n|-damage|p2a: Talonflame|0 fnt\n|faint|p2a: Talonflame\n|\n|-heal|p1a: Snorlax|62\/100 brn|[from] item: Leftovers\n|-damage|p1a: Snorlax|56\/100 brn|[from] brn\n|upkeep\n|\n|t:|1697827163\n|switch|p2a: Cresselia|Cresselia, F, tera:Fairy|100\/100\n|turn|21\n|\n|t:|1697827173\n|move|p2a: Cresselia|Calm Mind|p2a: Cresselia\n|-boost|p2a: Cresselia|spa|1\n|-boost|p2a: Cresselia|spd|1\n|move|p1a: Snorlax|Body Slam|p2a: Cresselia\n|-damage|p2a: Cresselia|92\/100\n|-status|p2a: Cresselia|par\n|-damage|p1a: Snorlax|39\/100 brn|[from] item: Rocky Helmet|[of] p2a: Cresselia\n|\n|-heal|p1a: Snorlax|45\/100 brn|[from] item: Leftovers\n|-damage|p1a: Snorlax|39\/100 brn|[from] brn\n|upkeep\n|turn|22\n|\n|t:|1697827184\n|move|p2a: Cresselia|Moonblast|p1a: Snorlax\n|-damage|p1a: Snorlax|21\/100 brn\n|move|p1a: Snorlax|Rest|p1a: Snorlax\n|-status|p1a: Snorlax|slp|[from] move: Rest\n|-heal|p1a: Snorlax|100\/100 slp|[silent]\n|\n|upkeep\n|turn|23\n|\n|t:|1697827199\n|cant|p2a: Cresselia|par\n|cant|p1a: Snorlax|slp\n|\n|upkeep\n|turn|24\n|\n|t:|1697827205\n|move|p2a: Cresselia|Calm Mind|p2a: Cresselia\n|-boost|p2a: Cresselia|spa|1\n|-boost|p2a: Cresselia|spd|1\n|cant|p1a: Snorlax|slp\n|\n|upkeep\n|turn|25\n|\n|t:|1697827212\n|move|p2a: Cresselia|Moonblast|p1a: Snorlax\n|-damage|p1a: Snorlax|75\/100 slp\n|-unboost|p1a: Snorlax|spa|1\n|-curestatus|p1a: Snorlax|slp|[msg]\n|move|p1a: Snorlax|Earthquake|p2a: Cresselia\n|-immune|p2a: Cresselia|[from] ability: Levitate\n|\n|-heal|p1a: Snorlax|81\/100|[from] item: Leftovers\n|upkeep\n|turn|26\n|\n|t:|1697827223\n|cant|p2a: Cresselia|par\n|move|p1a: Snorlax|Body Slam|p2a: Cresselia\n|-damage|p2a: Cresselia|75\/100 par\n|-damage|p1a: Snorlax|65\/100|[from] item: Rocky Helmet|[of] p2a: Cresselia\n|\n|-heal|p1a: Snorlax|71\/100|[from] item: Leftovers\n|upkeep\n|turn|27\n|\n|t:|1697827231\n|cant|p2a: Cresselia|par\n|move|p1a: Snorlax|Curse|p1a: Snorlax\n|-unboost|p1a: Snorlax|spe|1\n|-boost|p1a: Snorlax|atk|1\n|-boost|p1a: Snorlax|def|1\n|\n|-heal|p1a: Snorlax|77\/100|[from] item: Leftovers\n|upkeep\n|turn|28\n|\n|t:|1697827239\n|cant|p2a: Cresselia|par\n|move|p1a: Snorlax|Curse|p1a: Snorlax\n|-unboost|p1a: Snorlax|spe|1\n|-boost|p1a: Snorlax|atk|1\n|-boost|p1a: Snorlax|def|1\n|\n|-heal|p1a: Snorlax|83\/100|[from] item: Leftovers\n|upkeep\n|turn|29\n|\n|t:|1697827247\n|move|p2a: Cresselia|Moonblast|p1a: Snorlax\n|-damage|p1a: Snorlax|57\/100\n|move|p1a: Snorlax|Body Slam|p2a: Cresselia\n|-damage|p2a: Cresselia|38\/100 par\n|-damage|p1a: Snorlax|40\/100|[from] item: Rocky Helmet|[of] p2a: Cresselia\n|\n|-heal|p1a: Snorlax|46\/100|[from] item: Leftovers\n|upkeep\n|turn|30\n|\n|t:|1697827259\n|move|p2a: Cresselia|Moonlight|p2a: Cresselia\n|-heal|p2a: Cresselia|88\/100 par\n|move|p1a: Snorlax|Body Slam|p2a: Cresselia\n|-damage|p2a: Cresselia|49\/100 par\n|-damage|p1a: Snorlax|30\/100|[from] item: Rocky Helmet|[of] p2a: Cresselia\n|\n|-heal|p1a: Snorlax|36\/100|[from] item: Leftovers\n|upkeep\n|turn|31\n|\n|t:|1697827270\n|cant|p2a: Cresselia|par\n|move|p1a: Snorlax|Rest|p1a: Snorlax\n|-status|p1a: Snorlax|slp|[from] move: Rest\n|-heal|p1a: Snorlax|100\/100 slp|[silent]\n|\n|upkeep\n|turn|32\n|\n|t:|1697827278\n|move|p2a: Cresselia|Moonlight|p2a: Cresselia\n|-heal|p2a: Cresselia|99\/100 par\n|cant|p1a: Snorlax|slp\n|\n|upkeep\n|turn|33\n|\n|t:|1697827284\n|cant|p2a: Cresselia|par\n|cant|p1a: Snorlax|slp\n|\n|upkeep\n|turn|34\n|\n|t:|1697827288\n|move|p2a: Cresselia|Moonblast|p1a: Snorlax\n|-damage|p1a: Snorlax|76\/100 slp\n|-curestatus|p1a: Snorlax|slp|[msg]\n|move|p1a: Snorlax|Curse|p1a: Snorlax\n|-unboost|p1a: Snorlax|spe|1\n|-boost|p1a: Snorlax|atk|1\n|-boost|p1a: Snorlax|def|1\n|\n|-heal|p1a: Snorlax|82\/100|[from] item: Leftovers\n|upkeep\n|turn|35\n|\n|t:|1697827298\n|move|p2a: Cresselia|Moonblast|p1a: Snorlax\n|-damage|p1a: Snorlax|59\/100\n|move|p1a: Snorlax|Body Slam|p2a: Cresselia\n|-damage|p2a: Cresselia|55\/100 par\n|-damage|p1a: Snorlax|42\/100|[from] item: Rocky Helmet|[of] p2a: Cresselia\n|\n|-heal|p1a: Snorlax|48\/100|[from] item: Leftovers\n|upkeep\n|turn|36\n|\n|t:|1697827307\n|move|p2a: Cresselia|Moonblast|p1a: Snorlax\n|-damage|p1a: Snorlax|24\/100\n|move|p1a: Snorlax|Body Slam|p2a: Cresselia\n|-damage|p2a: Cresselia|12\/100 par\n|-damage|p1a: Snorlax|8\/100|[from] item: Rocky Helmet|[of] p2a: Cresselia\n|\n|-heal|p1a: Snorlax|14\/100|[from] item: Leftovers\n|upkeep\n|turn|37\n|\n|t:|1697827317\n|move|p2a: Cresselia|Moonblast|p1a: Snorlax\n|-damage|p1a: Snorlax|0 fnt\n|faint|p1a: Snorlax\n|\n|upkeep\n|\n|t:|1697827325\n|switch|p1a: Munkidori|Munkidori, M|100\/100\n|-damage|p1a: Munkidori|88\/100|[from] Stealth Rock\n|turn|38\n|\n|t:|1697827336\n|move|p1a: Munkidori|Focus Blast|p2a: Cresselia|[miss]\n|-miss|p1a: Munkidori|p2a: Cresselia\n|move|p2a: Cresselia|Moonblast|p1a: Munkidori\n|-resisted|p1a: Munkidori\n|-damage|p1a: Munkidori|57\/100\n|\n|upkeep\n|turn|39\n|\n|t:|1697827349\n|switch|p1a: Iron Valiant|Iron Valiant|94\/100\n|-damage|p1a: Iron Valiant|88\/100|[from] Stealth Rock\n|move|p2a: Cresselia|Ice Beam|p1a: Iron Valiant\n|-damage|p1a: Iron Valiant|35\/100\n|\n|upkeep\n|turn|40\n|\n|t:|1697827357\n|move|p1a: Iron Valiant|Moonblast|p2a: Cresselia\n|-damage|p2a: Cresselia|0 fnt\n|faint|p2a: Cresselia\n|\n|upkeep\n|\n|t:|1697827365\n|switch|p2a: Urshifu|Urshifu-Rapid-Strike, M|100\/100\n|turn|41\n|\n|t:|1697827370\n|move|p2a: Urshifu|Surging Strikes|p1a: Iron Valiant\n|-crit|p1a: Iron Valiant\n|-damage|p1a: Iron Valiant|10\/100\n|-crit|p1a: Iron Valiant\n|-damage|p1a: Iron Valiant|0 fnt\n|faint|p1a: Iron Valiant\n|-end|p1a: Iron Valiant|Quark Drive|[silent]\n|-hitcount|p1: Iron Valiant|2\n|\n|upkeep\n|\n|t:|1697827387\n|switch|p1a: Roaring Moon|Roaring Moon|100\/100\n|-damage|p1a: Roaring Moon|88\/100|[from] Stealth Rock\n|turn|42\n|\n|t:|1697827392\n|move|p2a: Urshifu|Surging Strikes|p1a: Roaring Moon\n|-resisted|p1a: Roaring Moon\n|-crit|p1a: Roaring Moon\n|-damage|p1a: Roaring Moon|75\/100\n|-resisted|p1a: Roaring Moon\n|-crit|p1a: Roaring Moon\n|-damage|p1a: Roaring Moon|63\/100\n|-resisted|p1a: Roaring Moon\n|-crit|p1a: Roaring Moon\n|-damage|p1a: Roaring Moon|51\/100\n|-hitcount|p1a: Roaring Moon|3\n|move|p1a: Roaring Moon|Outrage|p2a: Urshifu\n|-damage|p2a: Urshifu|0 fnt\n|faint|p2a: Urshifu\n|\n|upkeep\n|\n|t:|1697827409\n|switch|p2a: Diancie|Diancie|100\/100\n|turn|43\n|\n|t:|1697827414\n|move|p1a: Roaring Moon|Outrage|p2a: Diancie|[from]lockedmove\n|-immune|p2a: Diancie\n|-start|p1a: Roaring Moon|confusion|[fatigue]\n|move|p2a: Diancie|Trick Room|p2a: Diancie\n|-fieldstart|move: Trick Room|[of] p2a: Diancie\n|\n|upkeep\n|turn|44\n|\n|t:|1697827424\n|-end|p1a: Roaring Moon|Protosynthesis|[silent]\n|switch|p1a: Munkidori|Munkidori, M|57\/100\n|-damage|p1a: Munkidori|45\/100|[from] Stealth Rock\n|move|p2a: Diancie|Diamond Storm|p1a: Munkidori\n|-damage|p1a: Munkidori|0 fnt\n|-boost|p2a: Diancie|def|2\n|faint|p1a: Munkidori\n|\n|upkeep\n|\n|t:|1697827427\n|switch|p1a: Roaring Moon|Roaring Moon|51\/100\n|-damage|p1a: Roaring Moon|39\/100|[from] Stealth Rock\n|turn|45\n|\n|t:|1697827435\n|move|p2a: Diancie|Diamond Storm|p1a: Roaring Moon\n|-damage|p1a: Roaring Moon|0 fnt\n|-boost|p2a: Diancie|def|2\n|faint|p1a: Roaring Moon\n|-end|p1a: Roaring Moon|Protosynthesis|[silent]\n|\n|win|Jeremoon\n|c|\u2606Kurdeus|gg\n","uploadtime":1697827458,"views":19,"p1id":"kurdeus","p2id":"jeremoon","formatid":"gen9anythinggoes","rating":0,"private":0,"password":""}