{"id":"gen9anythinggoes-1980666340","p1":"Charizard=trash","p2":"Tvrtko420","format":"[Gen 9] Anything Goes","log":"|j|\u2606Charizard=trash\n|j|\u2606Tvrtko420\n|t:|1698809946\n|gametype|singles\n|player|p1|Charizard=trash|chuck|1652\n|player|p2|Tvrtko420|red-masters2|1849\n|teamsize|p1|6\n|teamsize|p2|6\n|gen|9\n|tier|[Gen 9] Anything Goes\n|rated|\n|rule|HP Percentage Mod: HP is shown in percentages\n|rule|Endless Battle Clause: Forcing endless battles is banned\n|clearpoke\n|poke|p1|Koraidon|\n|poke|p1|Calyrex-Shadow|\n|poke|p1|Arceus|\n|poke|p1|Zacian-*|\n|poke|p1|Koraidon|\n|poke|p1|Ting-Lu|\n|poke|p2|Calyrex-Shadow|\n|poke|p2|Arceus|\n|poke|p2|Zacian-*|\n|poke|p2|Koraidon|\n|poke|p2|Leavanny, F|\n|poke|p2|Urshifu-*, M|\n|teampreview\n|inactive|Battle timer is ON: inactive players will automatically lose when time's up. (requested by Charizard=trash)\n|\n|t:|1698809963\n|start\n|switch|p1a: Koraidon|Koraidon|100\/100\n|switch|p2a: Koraidon|Koraidon|100\/100\n|-weather|SunnyDay|[from] ability: Orichalcum Pulse|[of] p1a: Koraidon\n|-activate|p1a: Koraidon|Orichalcum Pulse|[source]\n|-activate|p2a: Koraidon|ability: Orichalcum Pulse\n|turn|1\n|\n|t:|1698809979\n|move|p2a: Koraidon|U-turn|p1a: Koraidon\n|-resisted|p1a: Koraidon\n|-damage|p1a: Koraidon|86\/100\n|\n|t:|1698809984\n|switch|p2a: Leavanny|Leavanny, F|100\/100|[from] U-turn\n|move|p1a: Koraidon|Scale Shot|p2a: Leavanny\n|-damage|p2a: Leavanny|76\/100\n|-damage|p2a: Leavanny|50\/100\n|-damage|p2a: Leavanny|23\/100\n|-damage|p2a: Leavanny|0 fnt\n|faint|p2a: Leavanny\n|-hitcount|p2: Leavanny|4\n|-unboost|p1a: Koraidon|def|1\n|-boost|p1a: Koraidon|spe|1\n|\n|-weather|SunnyDay|[upkeep]\n|upkeep\n|inactive|Tvrtko420 has 120 seconds left.\n|\n|t:|1698810035\n|switch|p2a: Urshifu|Urshifu, M|100\/100\n|turn|2\n|\n|t:|1698810046\n|move|p1a: Koraidon|Drain Punch|p2a: Urshifu\n|-supereffective|p2a: Urshifu\n|-damage|p2a: Urshifu|0 fnt\n|-heal|p1a: Koraidon|100\/100|[from] drain|[of] p2a: Urshifu\n|faint|p2a: Urshifu\n|\n|-weather|SunnyDay|[upkeep]\n|upkeep\n|inactive|Tvrtko420 has 90 seconds left.\n|\n|t:|1698810086\n|switch|p2a: Arceus|Arceus|100\/100\n|turn|3\n|c|\u2606Charizard=trash|Not the best position for you\n|\n|t:|1698810091\n|move|p1a: Koraidon|Drain Punch|p2a: Arceus\n|-supereffective|p2a: Arceus\n|-damage|p2a: Arceus|21\/100\n|move|p2a: Arceus|Swords Dance|p2a: Arceus\n|-boost|p2a: Arceus|atk|2\n|\n|-weather|SunnyDay|[upkeep]\n|-heal|p2a: Arceus|28\/100|[from] item: Leftovers\n|upkeep\n|turn|4\n|\n|t:|1698810101\n|-terastallize|p1a: Koraidon|Ghost\n|move|p2a: Arceus|Extreme Speed|p1a: Koraidon\n|-immune|p1a: Koraidon\n|move|p1a: Koraidon|Scale Shot|p2a: Arceus\n|-damage|p2a: Arceus|15\/100\n|-damage|p2a: Arceus|2\/100\n|-damage|p2a: Arceus|0 fnt\n|faint|p2a: Arceus\n|-hitcount|p2: Arceus|3\n|-unboost|p1a: Koraidon|def|1\n|-boost|p1a: Koraidon|spe|1\n|\n|-weather|SunnyDay|[upkeep]\n|upkeep\n|j| GUESSWHOTPRADO\n|inactive|Tvrtko420 has 60 seconds left.\n|c|\u2606Tvrtko420|yup\n|c|\u2606Tvrtko420|need to adjust my kora evs so this doesnt happen\n|c| GUESSWHOTPRADO|no web\n|inactive|Tvrtko420 has 30 seconds left.\n|c|\u2606Tvrtko420|yeah i need to put kora below max speed\n|\n|t:|1698810163\n|switch|p2a: Zacian|Zacian-Crowned|100\/100\n|-ability|p2a: Zacian|Intrepid Sword|boost\n|-boost|p2a: Zacian|atk|1\n|turn|5\n|inactive|Tvrtko420 has 30 seconds left.\n|\n|t:|1698810179\n|move|p1a: Koraidon|Flare Blitz|p2a: Zacian\n|-supereffective|p2a: Zacian\n|-damage|p2a: Zacian|0 fnt\n|faint|p2a: Zacian\n|-damage|p1a: Koraidon|66\/100|[from] Recoil\n|\n|-weather|none\n|upkeep\n|inactive|Tvrtko420 has 30 seconds left.\n|\n|t:|1698810191\n|switch|p2a: Calyrex|Calyrex-Shadow|100\/100\n|-ability|p2a: Calyrex|As One\n|-ability|p2a: Calyrex|Unnerve\n|turn|6\n|\n|t:|1698810208\n|move|p1a: Koraidon|Scale Shot|p2a: Calyrex\n|-damage|p2a: Calyrex|85\/100\n|-damage|p2a: Calyrex|71\/100\n|-damage|p2a: Calyrex|57\/100\n|-damage|p2a: Calyrex|43\/100\n|-damage|p2a: Calyrex|28\/100\n|-hitcount|p2a: Calyrex|5\n|-unboost|p1a: Koraidon|def|1\n|-boost|p1a: Koraidon|spe|1\n|move|p2a: Calyrex|Astral Barrage|p1a: Koraidon\n|-supereffective|p1a: Koraidon\n|-damage|p1a: Koraidon|0 fnt\n|faint|p1a: Koraidon\n|-ability|p2a: Calyrex|Grim Neigh|boost\n|-boost|p2a: Calyrex|spa|1\n|\n|-heal|p2a: Calyrex|34\/100|[from] item: Leftovers\n|upkeep\n|inactive|Charizard=trash has 120 seconds left.\n|\n|t:|1698810235\n|switch|p1a: Ting-Lu|Ting-Lu|100\/100\n|-ability|p1a: Ting-Lu|Vessel of Ruin\n|turn|7\n|inactive|Tvrtko420 has 30 seconds left.\n|\n|t:|1698810261\n|-terastallize|p2a: Calyrex|Grass\n|move|p2a: Calyrex|Giga Drain|p1a: Ting-Lu\n|-supereffective|p1a: Ting-Lu\n|-damage|p1a: Ting-Lu|49\/100\n|-heal|p2a: Calyrex|72\/100|[from] drain|[of] p1a: Ting-Lu\n|move|p1a: Ting-Lu|Earthquake|p2a: Calyrex\n|-resisted|p2a: Calyrex\n|-damage|p2a: Calyrex|53\/100\n|\n|-heal|p2a: Calyrex|59\/100|[from] item: Leftovers\n|-heal|p1a: Ting-Lu|55\/100|[from] item: Leftovers\n|upkeep\n|turn|8\n|inactive|Tvrtko420 has 30 seconds left.\n|\n|t:|1698810272\n|move|p2a: Calyrex|Taunt|p1a: Ting-Lu\n|-start|p1a: Ting-Lu|move: Taunt\n|cant|p1a: Ting-Lu|move: Taunt|Whirlwind\n|\n|-heal|p2a: Calyrex|65\/100|[from] item: Leftovers\n|-heal|p1a: Ting-Lu|62\/100|[from] item: Leftovers\n|upkeep\n|turn|9\n|\n|t:|1698810278\n|switch|p1a: Koraidon|Koraidon|100\/100\n|-weather|SunnyDay|[from] ability: Orichalcum Pulse|[of] p1a: Koraidon\n|-activate|p1a: Koraidon|Orichalcum Pulse|[source]\n|move|p2a: Calyrex|Nasty Plot|p2a: Calyrex\n|-boost|p2a: Calyrex|spa|2\n|\n|-weather|SunnyDay|[upkeep]\n|-heal|p2a: Calyrex|71\/100|[from] item: Leftovers\n|upkeep\n|turn|10\n|c|\u2606Tvrtko420|yeah, no webs is unfortunate here lol\n|\n|t:|1698810297\n|switch|p2a: Koraidon|Koraidon|100\/100\n|-activate|p2a: Koraidon|ability: Orichalcum Pulse\n|move|p1a: Koraidon|Outrage|p2a: Koraidon\n|-supereffective|p2a: Koraidon\n|-enditem|p2a: Koraidon|Focus Sash\n|-damage|p2a: Koraidon|1\/100\n|\n|-weather|SunnyDay|[upkeep]\n|upkeep\n|turn|11\n|\n|t:|1698810309\n|move|p1a: Koraidon|Outrage|p2a: Koraidon|[from]lockedmove\n|-supereffective|p2a: Koraidon\n|-damage|p2a: Koraidon|0 fnt\n|faint|p2a: Koraidon\n|-start|p1a: Koraidon|confusion|[fatigue]\n|\n|-weather|SunnyDay|[upkeep]\n|upkeep\n|c|\u2606Charizard=trash|Yeah\n|\n|t:|1698810311\n|switch|p2a: Calyrex|Calyrex-Shadow, tera:Grass|71\/100\n|-ability|p2a: Calyrex|As One\n|-ability|p2a: Calyrex|Unnerve\n|turn|12\n|c|\u2606Charizard=trash|It's tough to choose whether to run max speed korai or not\n|j| ymmwinaround\n|inactive|Charizard=trash has 120 seconds left.\n|l| ymmwinaround\n|\n|t:|1698810345\n|switch|p1a: Ting-Lu|Ting-Lu|62\/100\n|-ability|p1a: Ting-Lu|Vessel of Ruin\n|move|p2a: Calyrex|Nasty Plot|p2a: Calyrex\n|-boost|p2a: Calyrex|spa|2\n|\n|-weather|SunnyDay|[upkeep]\n|-heal|p2a: Calyrex|77\/100|[from] item: Leftovers\n|-heal|p1a: Ting-Lu|68\/100|[from] item: Leftovers\n|upkeep\n|turn|13\n|inactive|Charizard=trash has 120 seconds left.\n|c|\u2606Tvrtko420|nah, no need to run it atleast for me\n|c|\u2606Tvrtko420|and i dont like it in general\n|inactive|Tvrtko420 has 30 seconds left.\n|\n|t:|1698810378\n|switch|p1a: Zacian|Zacian-Crowned|100\/100\n|-ability|p1a: Zacian|Intrepid Sword|boost\n|-boost|p1a: Zacian|atk|1\n|move|p2a: Calyrex|Giga Drain|p1a: Zacian\n|-resisted|p1a: Zacian\n|-damage|p1a: Zacian|57\/100\n|-heal|p2a: Calyrex|98\/100|[from] drain|[of] p1a: Zacian\n|\n|-weather|none\n|-heal|p2a: Calyrex|100\/100|[from] item: Leftovers\n|upkeep\n|turn|14\n|inactive|Tvrtko420 has 30 seconds left.\n|inactive|Charizard=trash has 120 seconds left.\n|c|\u2606Charizard=trash|Issue is you win the u turn ata the start\n|inactive|Charizard=trash has 90 seconds left.\n|c|\u2606Tvrtko420|that doesnt mean much\n|c|\u2606Tvrtko420|for me atleast\n|c|\u2606Tvrtko420|only matters in kora mirrors\n|c|\u2606Charizard=trash|But if your two korais are on the field and one clicks outrage\n|c|\u2606Charizard=trash|You lose your korai\n|inactive|Charizard=trash has 60 seconds left.\n|c|\u2606Tvrtko420|i just use kora to setup sun and switch out\n|\n|t:|1698810453\n|move|p2a: Calyrex|Astral Barrage|p1a: Zacian\n|-damage|p1a: Zacian|0 fnt\n|faint|p1a: Zacian\n|-ability|p2a: Calyrex|Grim Neigh|boost\n|-boost|p2a: Calyrex|spa|1\n|\n|upkeep\n|inactive|Tvrtko420 has 30 seconds left this turn.\n|c|\u2606Tvrtko420|its scarfed\n|\n|t:|1698810456\n|switch|p1a: Koraidon|Koraidon|100\/100\n|-weather|SunnyDay|[from] ability: Orichalcum Pulse|[of] p1a: Koraidon\n|-activate|p1a: Koraidon|Orichalcum Pulse|[source]\n|turn|15\n|\n|t:|1698810462\n|move|p1a: Koraidon|Flare Blitz|p2a: Calyrex\n|-supereffective|p2a: Calyrex\n|-damage|p2a: Calyrex|0 fnt\n|faint|p2a: Calyrex\n|-damage|p1a: Koraidon|67\/100|[from] Recoil\n|\n|win|Charizard=trash\n|raw|Charizard=trash's rating: 1652 &rarr; <strong>1682<\/strong><br \/>(+30 for winning)\n|raw|Tvrtko420's rating: 1849 &rarr; <strong>1819<\/strong><br \/>(-30 for losing)\n","uploadtime":1698810165,"views":4,"p1id":"charizardtrash","p2id":"tvrtko420","formatid":"gen9anythinggoes","rating":1682,"private":0,"password":""}