{"id":"gen9anythinggoes-1995977124","p1":"scarman12","p2":"Khryce","format":"[Gen 9] Anything Goes","log":"|j|\u2606scarman12\n|j|\u2606Khryce\n|t:|1700624395\n|gametype|singles\n|player|p1|scarman12|lance|1087\n|player|p2|Khryce|preschooler|1198\n|teamsize|p1|6\n|teamsize|p2|6\n|gen|9\n|tier|[Gen 9] Anything Goes\n|rated|\n|rule|HP Percentage Mod: HP is shown in percentages\n|rule|Endless Battle Clause: Forcing endless battles is banned\n|clearpoke\n|poke|p1|Arceus-Fairy|\n|poke|p1|Arceus-Dragon|\n|poke|p1|Arceus-Ghost|\n|poke|p1|Arceus-Water|\n|poke|p1|Arceus-Steel|\n|poke|p1|Arceus-Poison|\n|poke|p2|Greninja-*, M|\n|poke|p2|Maushold-Four|\n|poke|p2|Cloyster, M|\n|poke|p2|Torterra, M|\n|poke|p2|Forretress, F|\n|poke|p2|Drednaw, F|\n|teampreview\n|inactive|Battle timer is ON: inactive players will automatically lose when time's up. (requested by Khryce)\n|\n|t:|1700624405\n|start\n|switch|p1a: Arceus|Arceus-Dragon, shiny|100\/100\n|switch|p2a: Cloyster|Cloyster, M|100\/100\n|turn|1\n|\n|t:|1700624412\n|move|p1a: Arceus|Calm Mind|p1a: Arceus\n|-boost|p1a: Arceus|spa|1\n|-boost|p1a: Arceus|spd|1\n|move|p2a: Cloyster|Shell Smash|p2a: Cloyster\n|-unboost|p2a: Cloyster|def|1\n|-unboost|p2a: Cloyster|spd|1\n|-boost|p2a: Cloyster|atk|2\n|-boost|p2a: Cloyster|spa|2\n|-boost|p2a: Cloyster|spe|2\n|-enditem|p2a: Cloyster|White Herb\n|-clearnegativeboost|p2a: Cloyster|[silent]\n|\n|upkeep\n|turn|2\n|\n|t:|1700624424\n|move|p2a: Cloyster|Icicle Spear|p1a: Arceus\n|-supereffective|p1a: Arceus\n|-damage|p1a: Arceus|68\/100\n|-supereffective|p1a: Arceus\n|-damage|p1a: Arceus|37\/100\n|-supereffective|p1a: Arceus\n|-damage|p1a: Arceus|5\/100\n|-supereffective|p1a: Arceus\n|-damage|p1a: Arceus|0 fnt\n|faint|p1a: Arceus\n|-hitcount|p1: Arceus|4\n|\n|upkeep\n|\n|t:|1700624436\n|switch|p1a: Arceus|Arceus-Steel, shiny|100\/100\n|turn|3\n|\n|t:|1700624442\n|move|p2a: Cloyster|Icicle Spear|p1a: Arceus\n|-resisted|p1a: Arceus\n|-crit|p1a: Arceus\n|-damage|p1a: Arceus|88\/100\n|-resisted|p1a: Arceus\n|-damage|p1a: Arceus|80\/100\n|-resisted|p1a: Arceus\n|-damage|p1a: Arceus|72\/100\n|-resisted|p1a: Arceus\n|-damage|p1a: Arceus|64\/100\n|-resisted|p1a: Arceus\n|-damage|p1a: Arceus|56\/100\n|-hitcount|p1a: Arceus|5\n|move|p1a: Arceus|Flash Cannon|p2a: Cloyster\n|-damage|p2a: Cloyster|23\/100\n|\n|upkeep\n|turn|4\n|\n|t:|1700624456\n|move|p2a: Cloyster|Icicle Spear|p1a: Arceus\n|-resisted|p1a: Arceus\n|-damage|p1a: Arceus|49\/100\n|-resisted|p1a: Arceus\n|-damage|p1a: Arceus|42\/100\n|-resisted|p1a: Arceus\n|-damage|p1a: Arceus|35\/100\n|-resisted|p1a: Arceus\n|-damage|p1a: Arceus|28\/100\n|-resisted|p1a: Arceus\n|-damage|p1a: Arceus|19\/100\n|-hitcount|p1a: Arceus|5\n|move|p1a: Arceus|Flash Cannon|p2a: Cloyster\n|-damage|p2a: Cloyster|0 fnt\n|faint|p2a: Cloyster\n|\n|upkeep\n|\n|t:|1700624472\n|switch|p2a: Forretress|Forretress, F|100\/100\n|turn|5\n|\n|t:|1700624481\n|switch|p1a: Arceus|Arceus-Fairy, shiny|100\/100\n|move|p2a: Forretress|Body Press|p1a: Arceus\n|-resisted|p1a: Arceus\n|-damage|p1a: Arceus|91\/100\n|\n|upkeep\n|turn|6\n|\n|t:|1700624488\n|move|p1a: Arceus|Dazzling Gleam|p2a: Forretress\n|-resisted|p2a: Forretress\n|-damage|p2a: Forretress|68\/100\n|move|p2a: Forretress|Gyro Ball|p1a: Arceus\n|-supereffective|p1a: Arceus\n|-damage|p1a: Arceus|29\/100\n|\n|upkeep\n|turn|7\n|\n|t:|1700624495\n|move|p1a: Arceus|Dragon Pulse|p2a: Forretress\n|-resisted|p2a: Forretress\n|-damage|p2a: Forretress|47\/100\n|move|p2a: Forretress|Gyro Ball|p1a: Arceus\n|-supereffective|p1a: Arceus\n|-damage|p1a: Arceus|0 fnt\n|faint|p1a: Arceus\n|\n|upkeep\n|\n|t:|1700624504\n|switch|p1a: Arceus|Arceus-Water, shiny|100\/100\n|turn|8\n|\n|t:|1700624514\n|move|p1a: Arceus|Hydro Pump|p2a: Forretress\n|-damage|p2a: Forretress|0 fnt\n|faint|p2a: Forretress\n|\n|upkeep\n|\n|t:|1700624518\n|switch|p2a: Torterra|Torterra, M|100\/100\n|turn|9\n|c|\u2606scarman12|hi\n|\n|t:|1700624530\n|switch|p1a: Arceus|Arceus-Ghost, shiny|100\/100\n|move|p2a: Torterra|Shell Smash|p2a: Torterra\n|-unboost|p2a: Torterra|def|1\n|-unboost|p2a: Torterra|spd|1\n|-boost|p2a: Torterra|atk|2\n|-boost|p2a: Torterra|spa|2\n|-boost|p2a: Torterra|spe|2\n|\n|upkeep\n|turn|10\n|\n|t:|1700624542\n|-terastallize|p1a: Arceus|Ghost\n|move|p2a: Torterra|Bullet Seed|p1a: Arceus\n|-damage|p1a: Arceus|83\/100\n|-damage|p1a: Arceus|64\/100\n|-damage|p1a: Arceus|47\/100\n|-damage|p1a: Arceus|30\/100\n|-damage|p1a: Arceus|13\/100\n|-hitcount|p1a: Arceus|5\n|move|p1a: Arceus|Dark Pulse|p2a: Torterra\n|-damage|p2a: Torterra|57\/100\n|\n|upkeep\n|turn|11\n|\n|t:|1700624554\n|move|p2a: Torterra|Bullet Seed|p1a: Arceus\n|-damage|p1a: Arceus|0 fnt\n|faint|p1a: Arceus\n|-hitcount|p1: Arceus|1\n|\n|upkeep\n|\n|t:|1700624560\n|switch|p1a: Arceus|Arceus-Poison, shiny|100\/100\n|turn|12\n|\n|t:|1700624565\n|move|p2a: Torterra|Headlong Rush|p1a: Arceus\n|-supereffective|p1a: Arceus\n|-damage|p1a: Arceus|0 fnt\n|-unboost|p2a: Torterra|def|1\n|-unboost|p2a: Torterra|spd|1\n|faint|p1a: Arceus\n|\n|upkeep\n|\n|t:|1700624572\n|switch|p1a: Arceus|Arceus-Water, shiny|100\/100\n|turn|13\n|\n|t:|1700624575\n|move|p2a: Torterra|Bullet Seed|p1a: Arceus\n|-supereffective|p1a: Arceus\n|-damage|p1a: Arceus|67\/100\n|-supereffective|p1a: Arceus\n|-damage|p1a: Arceus|30\/100\n|-supereffective|p1a: Arceus\n|-damage|p1a: Arceus|0 fnt\n|faint|p1a: Arceus\n|-hitcount|p1: Arceus|3\n|\n|upkeep\n|\n|t:|1700624584\n|switch|p1a: Arceus|Arceus-Steel, shiny|19\/100\n|turn|14\n|\n|t:|1700624587\n|move|p2a: Torterra|Headlong Rush|p1a: Arceus\n|-supereffective|p1a: Arceus\n|-damage|p1a: Arceus|0 fnt\n|-unboost|p2a: Torterra|def|1\n|-unboost|p2a: Torterra|spd|1\n|faint|p1a: Arceus\n|\n|win|Khryce\n|raw|scarman12's rating: 1087 &rarr; <strong>1071<\/strong><br \/>(-16 for losing)\n|raw|Khryce's rating: 1198 &rarr; <strong>1215<\/strong><br \/>(+17 for winning)\n","uploadtime":1700624594,"views":11,"p1id":"scarman12","p2id":"khryce","formatid":"gen9anythinggoes","rating":1071,"private":0,"password":""}