{"id":"gen9anythinggoes-1999365877","p1":"marshadowontop","p2":"Khryce","format":"[Gen 9] Anything Goes","log":"|j|\u2606marshadowontop\n|j|\u2606Khryce\n|t:|1701067663\n|gametype|singles\n|player|p1|marshadowontop|101|1122\n|player|p2|Khryce|preschooler|1053\n|teamsize|p1|6\n|teamsize|p2|6\n|gen|9\n|tier|[Gen 9] Anything Goes\n|rated|\n|rule|HP Percentage Mod: HP is shown in percentages\n|rule|Endless Battle Clause: Forcing endless battles is banned\n|clearpoke\n|poke|p1|Iron Bundle|\n|poke|p1|Ninetales-Alola, F|\n|poke|p1|Calyrex-Shadow|\n|poke|p1|Sneasler, F|\n|poke|p1|Gliscor, M|\n|poke|p1|Heatran, F|\n|poke|p2|Grafaiai, F|\n|poke|p2|Ursaluna, M|\n|poke|p2|Blissey, F|\n|poke|p2|Ambipom, F|\n|poke|p2|Zoroark-Hisui, M|\n|poke|p2|Ursaluna-Bloodmoon, M|\n|teampreview\n|inactive|Battle timer is ON: inactive players will automatically lose when time's up. (requested by Khryce)\n|\n|t:|1701067678\n|start\n|switch|p1a: Sneasler|Sneasler, F|100\/100\n|switch|p2a: Grafaiai|Grafaiai, F|100\/100\n|-ability|p1a: Sneasler|Pressure\n|turn|1\n|\n|t:|1701067690\n|move|p1a: Sneasler|Close Combat|p2a: Grafaiai\n|-damage|p2a: Grafaiai|23\/100\n|-unboost|p1a: Sneasler|def|1\n|-unboost|p1a: Sneasler|spd|1\n|move|p2a: Grafaiai|Foul Play|p1a: Sneasler\n|-resisted|p1a: Sneasler\n|-damage|p1a: Sneasler|63\/100\n|\n|-heal|p1a: Sneasler|70\/100|[from] item: Leftovers\n|upkeep\n|turn|2\n|\n|t:|1701067699\n|move|p1a: Sneasler|Fake Out||[still]\n|-hint|Fake Out only works on your first turn out.\n|-fail|p1a: Sneasler\n|move|p2a: Grafaiai|Parting Shot|p1a: Sneasler\n|-unboost|p1a: Sneasler|atk|1\n|-unboost|p1a: Sneasler|spa|1\n|\n|t:|1701067705\n|switch|p2a: Ursaluna|Ursaluna-Bloodmoon, M|100\/100|[from] Parting Shot\n|\n|-heal|p1a: Sneasler|76\/100|[from] item: Leftovers\n|upkeep\n|turn|3\n|\n|t:|1701067718\n|switch|p1a: Gliscor|Gliscor, M|100\/100\n|move|p2a: Ursaluna|Calm Mind|p2a: Ursaluna\n|-boost|p2a: Ursaluna|spa|1\n|-boost|p2a: Ursaluna|spd|1\n|\n|-status|p1a: Gliscor|tox|[from] item: Toxic Orb\n|upkeep\n|turn|4\n|\n|t:|1701067727\n|move|p2a: Ursaluna|Calm Mind|p2a: Ursaluna\n|-boost|p2a: Ursaluna|spa|1\n|-boost|p2a: Ursaluna|spd|1\n|move|p1a: Gliscor|Dual Wingbeat|p2a: Ursaluna\n|-damage|p2a: Ursaluna|69\/100\n|replace|p2a: Zoroark|Zoroark-Hisui, M\n|-end|p2a: Zoroark|Illusion\n|-damage|p2a: Zoroark|38\/100\n|-hitcount|p2a: Zoroark|2\n|\n|upkeep\n|turn|5\n|\n|t:|1701067734\n|move|p2a: Zoroark|Bitter Malice|p1a: Gliscor\n|-crit|p1a: Gliscor\n|-damage|p1a: Gliscor|0 fnt\n|faint|p1a: Gliscor\n|\n|upkeep\n|\n|t:|1701067743\n|switch|p1a: Calyrex|Calyrex-Shadow|100\/100\n|-ability|p1a: Calyrex|As One\n|-ability|p1a: Calyrex|Unnerve\n|turn|6\n|\n|t:|1701067748\n|move|p1a: Calyrex|Psychic|p2a: Zoroark\n|-damage|p2a: Zoroark|0 fnt\n|faint|p2a: Zoroark\n|-ability|p1a: Calyrex|Grim Neigh|boost\n|-boost|p1a: Calyrex|spa|1\n|-damage|p1a: Calyrex|91\/100|[from] item: Life Orb\n|\n|upkeep\n|\n|t:|1701067755\n|switch|p2a: Grafaiai|Grafaiai, F|23\/100\n|turn|7\n|\n|t:|1701067764\n|move|p2a: Grafaiai|Parting Shot|p1a: Calyrex\n|-unboost|p1a: Calyrex|atk|1\n|-unboost|p1a: Calyrex|spa|1\n|\n|t:|1701067768\n|switch|p2a: Blissey|Blissey, F|100\/100|[from] Parting Shot\n|move|p1a: Calyrex|Psychic|p2a: Blissey\n|-damage|p2a: Blissey|80\/100\n|-damage|p1a: Calyrex|81\/100|[from] item: Life Orb\n|\n|-heal|p2a: Blissey|86\/100|[from] item: Leftovers\n|upkeep\n|turn|8\n|\n|t:|1701067776\n|move|p1a: Calyrex|Calm Mind|p1a: Calyrex\n|-boost|p1a: Calyrex|spa|1\n|-boost|p1a: Calyrex|spd|1\n|move|p2a: Blissey|Light Screen|p2a: Blissey\n|-sidestart|p2: Khryce|move: Light Screen\n|\n|-heal|p2a: Blissey|92\/100|[from] item: Leftovers\n|upkeep\n|turn|9\n|\n|t:|1701067782\n|move|p1a: Calyrex|Calm Mind|p1a: Calyrex\n|-boost|p1a: Calyrex|spa|1\n|-boost|p1a: Calyrex|spd|1\n|move|p2a: Blissey|Thunder Wave|p1a: Calyrex\n|-status|p1a: Calyrex|par\n|\n|-heal|p2a: Blissey|98\/100|[from] item: Leftovers\n|upkeep\n|turn|10\n|\n|t:|1701067790\n|switch|p2a: Grafaiai|Grafaiai, F|23\/100\n|move|p1a: Calyrex|Calm Mind|p1a: Calyrex\n|-boost|p1a: Calyrex|spa|1\n|-boost|p1a: Calyrex|spd|1\n|\n|upkeep\n|turn|11\n|\n|t:|1701067798\n|move|p2a: Grafaiai|Knock Off|p1a: Calyrex\n|-supereffective|p1a: Calyrex\n|-damage|p1a: Calyrex|0 fnt\n|-enditem|p1a: Calyrex|Life Orb|[from] move: Knock Off|[of] p2a: Grafaiai\n|faint|p1a: Calyrex\n|\n|upkeep\n|\n|t:|1701067810\n|switch|p1a: Iron Bundle|Iron Bundle|100\/100\n|turn|12\n|\n|t:|1701067817\n|move|p2a: Grafaiai|Parting Shot|p1a: Iron Bundle\n|-unboost|p1a: Iron Bundle|atk|1\n|-unboost|p1a: Iron Bundle|spa|1\n|\n|t:|1701067823\n|switch|p2a: Blissey|Blissey, F|98\/100|[from] Parting Shot\n|move|p1a: Iron Bundle|Flip Turn|p2a: Blissey\n|-damage|p2a: Blissey|72\/100\n|\n|t:|1701067827\n|-end|p1a: Iron Bundle|Quark Drive|[silent]\n|switch|p1a: Ninetales|Ninetales-Alola, F|100\/100|[from] Flip Turn\n|-weather|Snow|[from] ability: Snow Warning|[of] p1a: Ninetales\n|\n|-weather|Snow|[upkeep]\n|-heal|p2a: Blissey|78\/100|[from] item: Leftovers\n|-sideend|p2: Khryce|move: Light Screen\n|upkeep\n|turn|13\n|\n|t:|1701067835\n|move|p1a: Ninetales|Aurora Veil|p1a: Ninetales\n|-sidestart|p1: marshadowontop|move: Aurora Veil\n|move|p2a: Blissey|Thunder Wave|p1a: Ninetales\n|-status|p1a: Ninetales|par\n|\n|-weather|Snow|[upkeep]\n|-heal|p2a: Blissey|84\/100|[from] item: Leftovers\n|upkeep\n|turn|14\n|\n|t:|1701067841\n|move|p1a: Ninetales|Blizzard|p2a: Blissey\n|-damage|p2a: Blissey|72\/100\n|move|p2a: Blissey|Light Screen|p2a: Blissey\n|-sidestart|p2: Khryce|move: Light Screen\n|\n|-weather|Snow|[upkeep]\n|-heal|p2a: Blissey|79\/100|[from] item: Leftovers\n|upkeep\n|turn|15\n|\n|t:|1701067849\n|switch|p1a: Iron Bundle|Iron Bundle|100\/100\n|move|p2a: Blissey|Seismic Toss|p1a: Iron Bundle\n|-damage|p1a: Iron Bundle|61\/100\n|\n|-weather|Snow|[upkeep]\n|-heal|p2a: Blissey|85\/100|[from] item: Leftovers\n|upkeep\n|turn|16\n|\n|t:|1701067856\n|move|p1a: Iron Bundle|Blizzard|p2a: Blissey\n|-damage|p2a: Blissey|77\/100\n|move|p2a: Blissey|Seismic Toss|p1a: Iron Bundle\n|-damage|p1a: Iron Bundle|21\/100\n|\n|-weather|none\n|-heal|p2a: Blissey|83\/100|[from] item: Leftovers\n|upkeep\n|turn|17\n|\n|t:|1701067863\n|move|p1a: Iron Bundle|Flip Turn|p2a: Blissey\n|-damage|p2a: Blissey|47\/100\n|\n|t:|1701067866\n|-end|p1a: Iron Bundle|Quark Drive|[silent]\n|switch|p1a: Heatran|Heatran, F|100\/100|[from] Flip Turn\n|move|p2a: Blissey|Seismic Toss|p1a: Heatran\n|-damage|p1a: Heatran|75\/100\n|\n|-heal|p2a: Blissey|53\/100|[from] item: Leftovers\n|-sideend|p1: marshadowontop|move: Aurora Veil\n|upkeep\n|turn|18\n|\n|t:|1701067877\n|move|p1a: Heatran|Earth Power|p2a: Blissey\n|-damage|p2a: Blissey|49\/100\n|move|p2a: Blissey|Soft-Boiled|p2a: Blissey\n|-heal|p2a: Blissey|99\/100\n|\n|-heal|p2a: Blissey|100\/100|[from] item: Leftovers\n|-sideend|p2: Khryce|move: Light Screen\n|upkeep\n|turn|19\n|\n|t:|1701067887\n|move|p1a: Heatran|Earth Power|p2a: Blissey\n|-damage|p2a: Blissey|92\/100\n|move|p2a: Blissey|Light Screen|p2a: Blissey\n|-sidestart|p2: Khryce|move: Light Screen\n|\n|-heal|p2a: Blissey|98\/100|[from] item: Leftovers\n|upkeep\n|turn|20\n|\n|t:|1701067892\n|move|p1a: Heatran|Flame Charge|p2a: Blissey\n|-damage|p2a: Blissey|59\/100\n|-boost|p1a: Heatran|spe|1\n|move|p2a: Blissey|Thunder Wave|p1a: Heatran\n|-status|p1a: Heatran|par\n|\n|-heal|p2a: Blissey|65\/100|[from] item: Leftovers\n|upkeep\n|turn|21\n|\n|t:|1701067901\n|move|p2a: Blissey|Seismic Toss|p1a: Heatran\n|-damage|p1a: Heatran|49\/100 par\n|cant|p1a: Heatran|par\n|\n|-heal|p2a: Blissey|72\/100|[from] item: Leftovers\n|upkeep\n|turn|22\n|\n|t:|1701067906\n|move|p2a: Blissey|Seismic Toss|p1a: Heatran\n|-damage|p1a: Heatran|23\/100 par\n|move|p1a: Heatran|Flame Charge|p2a: Blissey\n|-damage|p2a: Blissey|38\/100\n|-boost|p1a: Heatran|spe|1\n|\n|-heal|p2a: Blissey|44\/100|[from] item: Leftovers\n|upkeep\n|turn|23\n|\n|t:|1701067917\n|move|p1a: Heatran|Flame Charge|p2a: Blissey\n|-damage|p2a: Blissey|11\/100\n|-boost|p1a: Heatran|spe|1\n|move|p2a: Blissey|Soft-Boiled|p2a: Blissey\n|-heal|p2a: Blissey|61\/100\n|\n|-heal|p2a: Blissey|67\/100|[from] item: Leftovers\n|-sideend|p2: Khryce|move: Light Screen\n|upkeep\n|turn|24\n|\n|t:|1701067928\n|move|p1a: Heatran|Flamethrower|p2a: Blissey\n|-damage|p2a: Blissey|54\/100\n|move|p2a: Blissey|Soft-Boiled|p2a: Blissey\n|-heal|p2a: Blissey|100\/100\n|\n|upkeep\n|turn|25\n|\n|t:|1701067933\n|move|p1a: Heatran|Iron Defense|p1a: Heatran\n|-boost|p1a: Heatran|def|2\n|move|p2a: Blissey|Seismic Toss|p1a: Heatran\n|-damage|p1a: Heatran|0 fnt\n|faint|p1a: Heatran\n|\n|upkeep\n|\n|t:|1701067935\n|switch|p1a: Sneasler|Sneasler, F|76\/100\n|-ability|p1a: Sneasler|Pressure\n|turn|26\n|\n|t:|1701067952\n|switch|p2a: Grafaiai|Grafaiai, F|23\/100\n|move|p1a: Sneasler|Close Combat|p2a: Grafaiai\n|-damage|p2a: Grafaiai|0 fnt\n|-unboost|p1a: Sneasler|def|1\n|-unboost|p1a: Sneasler|spd|1\n|faint|p2a: Grafaiai\n|\n|-heal|p1a: Sneasler|82\/100|[from] item: Leftovers\n|upkeep\n|\n|t:|1701067961\n|switch|p2a: Ambipom|Ambipom, F|100\/100\n|turn|27\n|\n|t:|1701067966\n|-terastallize|p2a: Ambipom|Normal\n|move|p2a: Ambipom|Fake Out|p1a: Sneasler\n|-damage|p1a: Sneasler|0 fnt\n|faint|p1a: Sneasler\n|\n|upkeep\n|\n|t:|1701067969\n|switch|p1a: Ninetales|Ninetales-Alola, F|100\/100 par\n|-weather|Snow|[from] ability: Snow Warning|[of] p1a: Ninetales\n|turn|28\n|\n|t:|1701067979\n|move|p2a: Ambipom|Gunk Shot|p1a: Ninetales\n|-supereffective|p1a: Ninetales\n|-damage|p1a: Ninetales|28\/100 par\n|cant|p1a: Ninetales|par\n|\n|-weather|Snow|[upkeep]\n|upkeep\n|turn|29\n|\n|t:|1701067987\n|move|p2a: Ambipom|Double Hit|p1a: Ninetales\n|-damage|p1a: Ninetales|0 fnt\n|faint|p1a: Ninetales\n|-hitcount|p1: Ninetales|1\n|\n|-weather|Snow|[upkeep]\n|upkeep\n|\n|t:|1701067989\n|switch|p1a: Iron Bundle|Iron Bundle|21\/100\n|turn|30\n|\n|t:|1701067995\n|switch|p2a: Blissey|Blissey, F|100\/100\n|move|p1a: Iron Bundle|Blizzard|p2a: Blissey\n|-damage|p2a: Blissey|86\/100\n|\n|-weather|Snow|[upkeep]\n|-heal|p2a: Blissey|92\/100|[from] item: Leftovers\n|upkeep\n|turn|31\n|\n|t:|1701068002\n|move|p1a: Iron Bundle|Flip Turn|p2a: Blissey\n|-damage|p2a: Blissey|52\/100\n|move|p2a: Blissey|Seismic Toss|p1a: Iron Bundle\n|-damage|p1a: Iron Bundle|0 fnt\n|faint|p1a: Iron Bundle\n|-end|p1a: Iron Bundle|Quark Drive|[silent]\n|\n|win|Khryce\n|raw|marshadowontop's rating: 1122 &rarr; <strong>1092<\/strong><br \/>(-30 for losing)\n|raw|Khryce's rating: 1053 &rarr; <strong>1091<\/strong><br \/>(+38 for winning)\n|c|\u2606marshadowontop|gg\n|c|\u2606Khryce|gg\n","uploadtime":1701068015,"views":2,"p1id":"marshadowontop","p2id":"khryce","formatid":"gen9anythinggoes","rating":1091,"private":0,"password":""}