{"id":"gen9anythinggoes-1987121154","p1":"Rip_DE5TR0Y3R11","p2":"TRIPLE RILABOOM","format":"[Gen 9] Anything Goes","log":"|j|\u2606Rip_DE5TR0Y3R11\n|j|\u2606TRIPLE RILABOOM\n|t:|1699557786\n|gametype|singles\n|player|p1|Rip_DE5TR0Y3R11|hilda|1173\n|player|p2|TRIPLE RILABOOM|265|1133\n|teamsize|p1|6\n|teamsize|p2|6\n|gen|9\n|tier|[Gen 9] Anything Goes\n|rated|\n|rule|HP Percentage Mod: HP is shown in percentages\n|rule|Endless Battle Clause: Forcing endless battles is banned\n|clearpoke\n|poke|p1|Regieleki|\n|poke|p1|Gholdengo|\n|poke|p1|Ogerpon-Hearthflame, F|\n|poke|p1|Ursaluna-Bloodmoon, M|\n|poke|p1|Roaring Moon|\n|poke|p1|Palafin, M|\n|poke|p2|Kingambit, F|\n|poke|p2|Gholdengo|\n|poke|p2|Landorus-Therian, M|\n|poke|p2|Urshifu-*, M|\n|poke|p2|Garganacl, M|\n|poke|p2|Lucario, F|\n|teampreview\n|inactive|Battle timer is ON: inactive players will automatically lose when time's up. (requested by Rip_DE5TR0Y3R11)\n|\n|t:|1699557790\n|start\n|switch|p1a: SuperHero|Palafin, M, shiny|100\/100\n|switch|p2a: Landorus|Landorus-Therian, M, shiny|100\/100\n|-ability|p2a: Landorus|Intimidate|boost\n|-unboost|p1a: SuperHero|atk|1\n|turn|1\n|\n|t:|1699557798\n|move|p2a: Landorus|Stealth Rock|p1a: SuperHero\n|-sidestart|p1: Rip_DE5TR0Y3R11|move: Stealth Rock\n|move|p1a: SuperHero|Flip Turn|p2a: Landorus\n|-supereffective|p2a: Landorus\n|-damage|p2a: Landorus|65\/100\n|\n|t:|1699557805\n|detailschange|p1a: SuperHero|Palafin-Hero, M, shiny\n|switch|p1a: Sweeper sometimes|Ogerpon-Hearthflame, F|100\/100|[from] Flip Turn\n|-damage|p1a: Sweeper sometimes|76\/100|[from] Stealth Rock\n|-ability|p1a: Sweeper sometimes|Mold Breaker\n|\n|upkeep\n|turn|2\n|\n|t:|1699557812\n|move|p1a: Sweeper sometimes|Horn Leech|p2a: Landorus\n|-damage|p2a: Landorus|4\/100\n|-heal|p1a: Sweeper sometimes|100\/100|[from] drain|[of] p2a: Landorus\n|move|p2a: Landorus|Taunt|p1a: Sweeper sometimes\n|-start|p1a: Sweeper sometimes|move: Taunt\n|\n|upkeep\n|turn|3\n|\n|t:|1699557820\n|move|p1a: Sweeper sometimes|Knock Off|p2a: Landorus\n|-damage|p2a: Landorus|0 fnt\n|-enditem|p2a: Landorus|Focus Sash|[from] move: Knock Off|[of] p1a: Sweeper sometimes\n|faint|p2a: Landorus\n|\n|upkeep\n|c|\u2606Rip_DE5TR0Y3R11|why\n|c|\u2606TRIPLE RILABOOM|?\n|\n|t:|1699557833\n|switch|p2a: Urshifu|Urshifu-Rapid-Strike, M|100\/100\n|turn|4\n|c|\u2606Rip_DE5TR0Y3R11|tanit\n|c|\u2606TRIPLE RILABOOM|in case\n|c|\u2606TRIPLE RILABOOM|of a sweep\n|c|\u2606Rip_DE5TR0Y3R11|ohh\n|\n|t:|1699557854\n|-terastallize|p2a: Urshifu|Water\n|move|p2a: Urshifu|Surging Strikes|p1a: Sweeper sometimes\n|-crit|p1a: Sweeper sometimes\n|-damage|p1a: Sweeper sometimes|46\/100\n|-crit|p1a: Sweeper sometimes\n|-damage|p1a: Sweeper sometimes|0 fnt\n|faint|p1a: Sweeper sometimes\n|-hitcount|p1: Sweeper sometimes|2\n|\n|upkeep\n|\n|t:|1699557863\n|switch|p1a: Speed|Regieleki|100\/100\n|-damage|p1a: Speed|88\/100|[from] Stealth Rock\n|-item|p1a: Speed|Air Balloon\n|turn|5\n|c|\u2606TRIPLE RILABOOM|urshifu sweep?\n|\n|t:|1699557869\n|move|p1a: Speed|Thunderbolt|p2a: Urshifu\n|-supereffective|p2a: Urshifu\n|-damage|p2a: Urshifu|0 fnt\n|faint|p2a: Urshifu\n|\n|upkeep\n|c|\u2606Rip_DE5TR0Y3R11|no\n|c|\u2606TRIPLE RILABOOM|oh\n|c|\u2606TRIPLE RILABOOM|jeez\n|\n|t:|1699557882\n|switch|p2a: Gholdengo|Gholdengo|100\/100\n|-item|p2a: Gholdengo|Air Balloon\n|turn|6\n|c|\u2606Rip_DE5TR0Y3R11|no sweep for you\n|\n|t:|1699557886\n|move|p1a: Speed|Ancient Power|p2a: Gholdengo\n|-resisted|p2a: Gholdengo\n|-damage|p2a: Gholdengo|93\/100\n|-enditem|p2a: Gholdengo|Air Balloon\n|move|p2a: Gholdengo|Thunder Wave|p1a: Speed\n|-immune|p1a: Speed\n|\n|upkeep\n|turn|7\n|c|\u2606Rip_DE5TR0Y3R11|wait\n|c|\u2606Rip_DE5TR0Y3R11|we have the same\n|\n|t:|1699557905\n|switch|p1a: Money but Coin|Gholdengo|100\/100\n|-damage|p1a: Money but Coin|94\/100|[from] Stealth Rock\n|move|p2a: Gholdengo|Hex|p1a: Money but Coin\n|-supereffective|p1a: Money but Coin\n|-damage|p1a: Money but Coin|7\/100\n|\n|upkeep\n|turn|8\n|\n|t:|1699557913\n|move|p1a: Money but Coin|Hex|p2a: Gholdengo\n|-supereffective|p2a: Gholdengo\n|-damage|p2a: Gholdengo|21\/100\n|move|p2a: Gholdengo|Hex|p1a: Money but Coin\n|-supereffective|p1a: Money but Coin\n|-damage|p1a: Money but Coin|0 fnt\n|faint|p1a: Money but Coin\n|\n|upkeep\n|c|\u2606TRIPLE RILABOOM|haha\n|\n|t:|1699557921\n|switch|p1a: SuperHero|Palafin-Hero, M, shiny|100\/100\n|-damage|p1a: SuperHero|88\/100|[from] Stealth Rock\n|-activate|p1a: SuperHero|ability: Zero to Hero\n|turn|9\n|\n|t:|1699557929\n|move|p1a: SuperHero|Jet Punch|p2a: Gholdengo\n|-damage|p2a: Gholdengo|0 fnt\n|faint|p2a: Gholdengo\n|\n|upkeep\n|c|\u2606Rip_DE5TR0Y3R11|haha\n|\n|t:|1699557936\n|switch|p2a: Lucario|Lucario, F|100\/100\n|turn|10\n|inactive|TRIPLE RILABOOM has 120 seconds left.\n|\n|t:|1699557980\n|move|p2a: Lucario|Meteor Mash|p1a: SuperHero|[miss]\n|-miss|p2a: Lucario|p1a: SuperHero\n|move|p1a: SuperHero|Drain Punch|p2a: Lucario\n|-supereffective|p2a: Lucario\n|-damage|p2a: Lucario|0 fnt\n|-heal|p1a: SuperHero|100\/100|[from] drain|[of] p2a: Lucario\n|faint|p2a: Lucario\n|\n|upkeep\n|\n|t:|1699557988\n|switch|p2a: Garganacl|Garganacl, M, shiny|100\/100\n|turn|11\n|\n|t:|1699557993\n|move|p1a: SuperHero|Wave Crash|p2a: Garganacl\n|-supereffective|p2a: Garganacl\n|-damage|p2a: Garganacl|18\/100\n|-damage|p1a: SuperHero|68\/100|[from] Recoil\n|move|p2a: Garganacl|Salt Cure|p1a: SuperHero\n|-damage|p1a: SuperHero|52\/100\n|-start|p1a: SuperHero|Salt Cure\n|\n|-heal|p2a: Garganacl|25\/100|[from] item: Leftovers\n|-damage|p1a: SuperHero|27\/100|[from] Salt Cure\n|upkeep\n|turn|12\n|inactive|TRIPLE RILABOOM has 120 seconds left.\n|\n|t:|1699558006\n|move|p2a: Garganacl|Protect|p2a: Garganacl\n|-singleturn|p2a: Garganacl|Protect\n|move|p1a: SuperHero|Jet Punch|p2a: Garganacl\n|-activate|p2a: Garganacl|move: Protect\n|\n|-heal|p2a: Garganacl|31\/100|[from] item: Leftovers\n|-damage|p1a: SuperHero|2\/100|[from] Salt Cure\n|upkeep\n|-enditem|p1a: SuperHero|Aguav Berry|[eat]\n|-heal|p1a: SuperHero|35\/100|[from] item: Aguav Berry\n|turn|13\n|inactive|TRIPLE RILABOOM has 120 seconds left.\n|\n|t:|1699558020\n|move|p1a: SuperHero|Jet Punch|p2a: Garganacl\n|-supereffective|p2a: Garganacl\n|-damage|p2a: Garganacl|0 fnt\n|faint|p2a: Garganacl\n|\n|-damage|p1a: SuperHero|10\/100|[from] Salt Cure\n|upkeep\n|inactive|TRIPLE RILABOOM has 120 seconds left.\n|\n|t:|1699558026\n|switch|p2a: Kingambit|Kingambit, F|100\/100\n|-activate|p2a: Kingambit|ability: Supreme Overlord\n|-start|p2a: Kingambit|fallen5|[silent]\n|turn|14\n|\n|t:|1699558033\n|move|p1a: SuperHero|Jet Punch|p2a: Kingambit\n|-damage|p2a: Kingambit|69\/100\n|move|p2a: Kingambit|Swords Dance|p2a: Kingambit\n|-boost|p2a: Kingambit|atk|2\n|\n|-damage|p1a: SuperHero|0 fnt|[from] Salt Cure\n|faint|p1a: SuperHero\n|upkeep\n|c|\u2606Rip_DE5TR0Y3R11|nvm\n|\n|t:|1699558044\n|switch|p1a: One Shot Man|Ursaluna-Bloodmoon, M|100\/100\n|-damage|p1a: One Shot Man|94\/100|[from] Stealth Rock\n|turn|15\n|c|\u2606TRIPLE RILABOOM|kingambit go brrrrrrrrrrr\n|c|\u2606Rip_DE5TR0Y3R11|fr\n|\n|t:|1699558055\n|move|p2a: Kingambit|Sucker Punch|p1a: One Shot Man\n|-damage|p1a: One Shot Man|0 fnt\n|faint|p1a: One Shot Man\n|\n|upkeep\n|\n|t:|1699558061\n|switch|p1a: ...Pray|Roaring Moon, shiny|100\/100\n|-damage|p1a: ...Pray|88\/100|[from] Stealth Rock\n|-enditem|p1a: ...Pray|Booster Energy\n|-activate|p1a: ...Pray|ability: Protosynthesis|[fromitem]\n|-start|p1a: ...Pray|protosynthesisatk\n|turn|16\n|\n|t:|1699558076\n|-terastallize|p1a: ...Pray|Steel\n|move|p1a: ...Pray|Dragon Dance|p1a: ...Pray\n|-boost|p1a: ...Pray|atk|1\n|-boost|p1a: ...Pray|spe|1\n|move|p2a: Kingambit|Iron Head|p1a: ...Pray\n|-resisted|p1a: ...Pray\n|-damage|p1a: ...Pray|0 fnt\n|faint|p1a: ...Pray\n|-end|p1a: ...Pray|Protosynthesis|[silent]\n|\n|upkeep\n|\n|t:|1699558085\n|switch|p1a: Speed|Regieleki|88\/100\n|-damage|p1a: Speed|76\/100|[from] Stealth Rock\n|-item|p1a: Speed|Air Balloon\n|turn|17\n|\n|t:|1699558091\n|move|p1a: Speed|Extreme Speed|p2a: Kingambit\n|-resisted|p2a: Kingambit\n|-damage|p2a: Kingambit|60\/100\n|move|p2a: Kingambit|Sucker Punch||[still]\n|-fail|p2a: Kingambit\n|\n|upkeep\n|turn|18\n|\n|t:|1699558098\n|move|p1a: Speed|Thunderbolt|p2a: Kingambit\n|-damage|p2a: Kingambit|8\/100\n|-status|p2a: Kingambit|par\n|move|p2a: Kingambit|Kowtow Cleave|p1a: Speed\n|-damage|p1a: Speed|0 fnt\n|-enditem|p1a: Speed|Air Balloon\n|faint|p1a: Speed\n|\n|win|TRIPLE RILABOOM\n|raw|Rip_DE5TR0Y3R11's rating: 1173 &rarr; <strong>1145<\/strong><br \/>(-28 for losing)\n|raw|TRIPLE RILABOOM's rating: 1133 &rarr; <strong>1161<\/strong><br \/>(+28 for winning)\n|c|\u2606TRIPLE RILABOOM|gg\n|c|\u2606Rip_DE5TR0Y3R11|gg\n|c|\u2606TRIPLE RILABOOM|it was fun playing\n|l|\u2606Rip_DE5TR0Y3R11\n","uploadtime":1699558112,"views":22,"p1id":"ripde5tr0y3r11","p2id":"triplerilaboom","formatid":"gen9anythinggoes","rating":1145,"private":0,"password":""}