{"id":"gen9anythinggoes-1973713392","p1":"someguy702","p2":"Crustles","format":"[Gen 9] Anything Goes","log":"|j|\u2606someguy702\n|j|\u2606Crustles\n|t:|1698005992\n|gametype|singles\n|player|p1|someguy702|lucas|1040\n|player|p2|Crustles|carmine-festival|1040\n|teamsize|p1|6\n|teamsize|p2|6\n|gen|9\n|tier|[Gen 9] Anything Goes\n|rated|\n|rule|HP Percentage Mod: HP is shown in percentages\n|rule|Endless Battle Clause: Forcing endless battles is banned\n|clearpoke\n|poke|p1|Drifblim, M|\n|poke|p1|Clefable, M|\n|poke|p1|Lampent, M|\n|poke|p1|Snorlax, M|\n|poke|p1|Quagsire, F|\n|poke|p1|Mimikyu, M|\n|poke|p2|Miraidon|\n|poke|p2|Koraidon|\n|poke|p2|Ogerpon-Hearthflame, F|\n|poke|p2|Calyrex-Shadow|\n|poke|p2|Great Tusk|\n|poke|p2|Ditto|\n|teampreview\n|inactive|Battle timer is ON: inactive players will automatically lose when time's up. (requested by Crustles)\n|c|\u2606Crustles|interesting team.\n|c|\u2606Crustles|hf\n|\n|t:|1698006022\n|start\n|switch|p1a: moab|Drifblim, M|100\/100\n|switch|p2a: Calyrex|Calyrex-Shadow|100\/100\n|-ability|p2a: Calyrex|As One\n|-ability|p2a: Calyrex|Unnerve\n|turn|1\n|\n|t:|1698006031\n|move|p2a: Calyrex|Astral Barrage|p1a: moab\n|-supereffective|p1a: moab\n|-damage|p1a: moab|0 fnt\n|faint|p1a: moab\n|-ability|p2a: Calyrex|Grim Neigh|boost\n|-boost|p2a: Calyrex|spa|1\n|\n|upkeep\n|\n|t:|1698006039\n|switch|p1a: Mr. Identity Theft|Mimikyu, M|100\/100\n|turn|2\n|\n|t:|1698006044\n|-terastallize|p2a: Calyrex|Normal\n|move|p2a: Calyrex|Astral Barrage|p1a: Mr. Identity Theft\n|-activate|p1a: Mr. Identity Theft|ability: Disguise\n|-damage|p1a: Mr. Identity Theft|100\/100\n|detailschange|p1a: Mr. Identity Theft|Mimikyu-Busted, M\n|-damage|p1a: Mr. Identity Theft|88\/100|[from] pokemon: Mimikyu-Busted\n|move|p1a: Mr. Identity Theft|Trailblaze|p2a: Calyrex\n|-damage|p2a: Calyrex|84\/100\n|-boost|p1a: Mr. Identity Theft|spe|1\n|\n|upkeep\n|turn|3\n|\n|t:|1698006072\n|-terastallize|p1a: Mr. Identity Theft|Ghost\n|move|p1a: Mr. Identity Theft|Bulk Up|p1a: Mr. Identity Theft\n|-boost|p1a: Mr. Identity Theft|atk|1\n|-boost|p1a: Mr. Identity Theft|def|1\n|move|p2a: Calyrex|Encore|p1a: Mr. Identity Theft\n|-start|p1a: Mr. Identity Theft|Encore\n|\n|upkeep\n|turn|4\n|\n|t:|1698006082\n|move|p1a: Mr. Identity Theft|Bulk Up|p1a: Mr. Identity Theft\n|-boost|p1a: Mr. Identity Theft|atk|1\n|-boost|p1a: Mr. Identity Theft|def|1\n|move|p2a: Calyrex|Astral Barrage|p1a: Mr. Identity Theft\n|-supereffective|p1a: Mr. Identity Theft\n|-damage|p1a: Mr. Identity Theft|0 fnt\n|faint|p1a: Mr. Identity Theft\n|-ability|p2a: Calyrex|Grim Neigh|boost\n|-boost|p2a: Calyrex|spa|1\n|\n|upkeep\n|\n|t:|1698006092\n|switch|p1a: LampMan|Lampent, M|100\/100\n|turn|5\n|\n|t:|1698006097\n|move|p2a: Calyrex|Astral Barrage|p1a: LampMan\n|-supereffective|p1a: LampMan\n|-damage|p1a: LampMan|0 fnt\n|faint|p1a: LampMan\n|-ability|p2a: Calyrex|Grim Neigh|boost\n|-boost|p2a: Calyrex|spa|1\n|\n|upkeep\n|\n|t:|1698006105\n|switch|p1a: the guy|Quagsire, F|100\/100\n|turn|6\n|\n|t:|1698006109\n|move|p2a: Calyrex|Leaf Storm|p1a: the guy\n|-supereffective|p1a: the guy\n|-damage|p1a: the guy|0 fnt\n|-unboost|p2a: Calyrex|spa|2\n|faint|p1a: the guy\n|-ability|p2a: Calyrex|Grim Neigh|boost\n|-boost|p2a: Calyrex|spa|1\n|\n|upkeep\n|\n|t:|1698006116\n|switch|p1a: devourer|Snorlax, M, shiny|100\/100\n|turn|7\n|\n|t:|1698006121\n|move|p2a: Calyrex|Psyshock|p1a: devourer\n|-damage|p1a: devourer|40\/100\n|move|p1a: devourer|Substitute|p1a: devourer\n|-start|p1a: devourer|Substitute\n|-damage|p1a: devourer|15\/100\n|\n|-heal|p1a: devourer|21\/100|[from] item: Leftovers\n|upkeep\n|turn|8\n|\n|t:|1698006131\n|move|p2a: Calyrex|Encore|p1a: devourer\n|-start|p1a: devourer|Encore\n|move|p1a: devourer|Substitute|p1a: devourer\n|-fail|p1a: devourer|move: Substitute\n|\n|-heal|p1a: devourer|28\/100|[from] item: Leftovers\n|upkeep\n|turn|9\n|\n|t:|1698006139\n|switch|p1a: Clefable|Clefable, M|100\/100\n|move|p2a: Calyrex|Psyshock|p1a: Clefable\n|-enditem|p1a: Clefable|Focus Sash\n|-damage|p1a: Clefable|1\/100\n|\n|upkeep\n|turn|10\n|\n|t:|1698006148\n|move|p1a: Clefable|Protect|p1a: Clefable\n|-singleturn|p1a: Clefable|Protect\n|move|p2a: Calyrex|Psyshock|p1a: Clefable\n|-activate|p1a: Clefable|move: Protect\n|\n|upkeep\n|turn|11\n|\n|t:|1698006156\n|move|p1a: Clefable|Protect|p1a: Clefable\n|-singleturn|p1a: Clefable|Protect\n|move|p2a: Calyrex|Psyshock|p1a: Clefable\n|-activate|p1a: Clefable|move: Protect\n|\n|upkeep\n|turn|12\n|\n|t:|1698006162\n|move|p1a: Clefable|Protect|p1a: Clefable\n|-singleturn|p1a: Clefable|Protect\n|move|p2a: Calyrex|Psyshock|p1a: Clefable\n|-activate|p1a: Clefable|move: Protect\n|\n|upkeep\n|turn|13\n|\n|t:|1698006168\n|move|p1a: Clefable|Protect||[still]\n|-fail|p1a: Clefable\n|move|p2a: Calyrex|Psyshock|p1a: Clefable\n|-damage|p1a: Clefable|0 fnt\n|faint|p1a: Clefable\n|-ability|p2a: Calyrex|Grim Neigh|boost\n|-boost|p2a: Calyrex|spa|1\n|\n|upkeep\n|\n|t:|1698006175\n|switch|p1a: devourer|Snorlax, M, shiny|28\/100\n|turn|14\n|c|\u2606Crustles|awh man, no 4 protects in a row\n|\n|t:|1698006185\n|move|p2a: Calyrex|Psyshock|p1a: devourer\n|-damage|p1a: devourer|0 fnt\n|faint|p1a: devourer\n|\n|win|Crustles\n|raw|someguy702's rating: 1040 &rarr; <strong>1024<\/strong><br \/>(-16 for losing)\n|raw|Crustles's rating: 1040 &rarr; <strong>1074<\/strong><br \/>(+34 for winning)\n","uploadtime":1698006189,"views":8,"p1id":"someguy702","p2id":"crustles","formatid":"gen9anythinggoes","rating":1024,"private":0,"password":""}