{"id":"gen9anythinggoes-1984024820","p1":"AntonioCalzadilla","p2":"Barcoco","format":"[Gen 9] Anything Goes","log":"|j|\u2606AntonioCalzadilla\n|j|\u2606Barcoco\n|t:|1699210962\n|gametype|singles\n|player|p1|AntonioCalzadilla|worker|\n|player|p2|Barcoco|backpacker|\n|teamsize|p1|6\n|teamsize|p2|6\n|gen|9\n|tier|[Gen 9] Anything Goes\n|rule|HP Percentage Mod: HP is shown in percentages\n|rule|Endless Battle Clause: Forcing endless battles is banned\n|clearpoke\n|poke|p1|Dragapult, F|\n|poke|p1|Talonflame, M|\n|poke|p1|Rotom-Wash|\n|poke|p1|Glaceon, M|\n|poke|p1|Toxicroak, F|\n|poke|p1|Torterra, M|\n|poke|p2|Ninetales-Alola, M|\n|poke|p2|Froslass, F|\n|poke|p2|Umbreon, M|\n|poke|p2|Eiscue, M|\n|poke|p2|Garchomp, F|\n|poke|p2|Articuno|\n|teampreview\n|\n|t:|1699210973\n|start\n|switch|p1a: Real Betis|Torterra, M, shiny|100\/100\n|switch|p2a: Tibur\u00f3n seco|Garchomp, F|100\/100\n|turn|1\n|\n|t:|1699210988\n|move|p2a: Tibur\u00f3n seco|Stealth Rock|p1a: Real Betis\n|-sidestart|p1: AntonioCalzadilla|move: Stealth Rock\n|move|p1a: Real Betis|Earthquake|p2a: Tibur\u00f3n seco\n|-damage|p2a: Tibur\u00f3n seco|37\/100\n|-damage|p1a: Real Betis|91\/100|[from] item: Life Orb\n|\n|upkeep\n|turn|2\n|\n|t:|1699210994\n|switch|p2a: Pollo congelado|Articuno|100\/100\n|move|p1a: Real Betis|Earthquake|p2a: Pollo congelado\n|-immune|p2a: Pollo congelado\n|\n|upkeep\n|turn|3\n|\n|t:|1699211002\n|move|p1a: Real Betis|Stone Edge|p2a: Pollo congelado\n|-supereffective|p2a: Pollo congelado\n|-damage|p2a: Pollo congelado|0 fnt\n|faint|p2a: Pollo congelado\n|-damage|p1a: Real Betis|81\/100|[from] item: Life Orb\n|\n|upkeep\n|\n|t:|1699211004\n|switch|p2a: Helado de fresa|Ninetales-Alola, M|100\/100\n|-weather|Snow|[from] ability: Snow Warning|[of] p2a: Helado de fresa\n|turn|4\n|\n|t:|1699211023\n|move|p2a: Helado de fresa|Freeze-Dry|p1a: Real Betis\n|-supereffective|p1a: Real Betis\n|-damage|p1a: Real Betis|0 fnt\n|faint|p1a: Real Betis\n|\n|-weather|Snow|[upkeep]\n|upkeep\n|\n|t:|1699211029\n|switch|p1a: Voy a tutor\u00eda|Talonflame, M|100\/100\n|-damage|p1a: Voy a tutor\u00eda|51\/100|[from] Stealth Rock\n|turn|5\n|\n|t:|1699211037\n|switch|p2a: Chocolate negro|Umbreon, M|100\/100\n|move|p1a: Voy a tutor\u00eda|Flare Blitz|p2a: Chocolate negro\n|-damage|p2a: Chocolate negro|72\/100\n|-damage|p1a: Voy a tutor\u00eda|34\/100|[from] item: Rocky Helmet|[of] p2a: Chocolate negro\n|-damage|p1a: Voy a tutor\u00eda|21\/100|[from] Recoil\n|\n|-weather|Snow|[upkeep]\n|-heal|p1a: Voy a tutor\u00eda|27\/100|[from] item: Leftovers\n|upkeep\n|turn|6\n|\n|t:|1699211048\n|move|p1a: Voy a tutor\u00eda|Brave Bird|p2a: Chocolate negro\n|-damage|p2a: Chocolate negro|44\/100\n|-damage|p1a: Voy a tutor\u00eda|11\/100|[from] item: Rocky Helmet|[of] p2a: Chocolate negro\n|-damage|p1a: Voy a tutor\u00eda|0 fnt|[from] Recoil\n|faint|p1a: Voy a tutor\u00eda\n|move|p2a: Chocolate negro|Toxic|p1: Voy a tutor\u00eda|[notarget]\n|-fail|p2a: Chocolate negro\n|\n|-weather|Snow|[upkeep]\n|upkeep\n|\n|t:|1699211063\n|switch|p1a: \u00c1lgebra B\u00e1sica|Dragapult, F, shiny|100\/100\n|-damage|p1a: \u00c1lgebra B\u00e1sica|88\/100|[from] Stealth Rock\n|turn|7\n|\n|t:|1699211074\n|move|p1a: \u00c1lgebra B\u00e1sica|Dragon Darts|p2a: Chocolate negro\n|-damage|p2a: Chocolate negro|32\/100\n|-anim|p1a: \u00c1lgebra B\u00e1sica|Dragon Darts|p2a: Chocolate negro\n|-damage|p2a: Chocolate negro|19\/100\n|move|p2a: Chocolate negro|Foul Play|p1a: \u00c1lgebra B\u00e1sica\n|-supereffective|p1a: \u00c1lgebra B\u00e1sica\n|-crit|p1a: \u00c1lgebra B\u00e1sica\n|-damage|p1a: \u00c1lgebra B\u00e1sica|0 fnt\n|faint|p1a: \u00c1lgebra B\u00e1sica\n|\n|-weather|Snow|[upkeep]\n|upkeep\n|\n|t:|1699211085\n|switch|p1a: ToxiLloros|Toxicroak, F|100\/100\n|-damage|p1a: ToxiLloros|94\/100|[from] Stealth Rock\n|turn|8\n|\n|t:|1699211092\n|move|p2a: Chocolate negro|Protect|p2a: Chocolate negro\n|-singleturn|p2a: Chocolate negro|Protect\n|move|p1a: ToxiLloros|Poison Jab|p2a: Chocolate negro\n|-activate|p2a: Chocolate negro|move: Protect\n|\n|-weather|none\n|-heal|p1a: ToxiLloros|100\/100|[from] item: Leftovers\n|upkeep\n|turn|9\n|\n|t:|1699211102\n|move|p1a: ToxiLloros|Poison Jab|p2a: Chocolate negro\n|-damage|p2a: Chocolate negro|0 fnt\n|-damage|p1a: ToxiLloros|84\/100|[from] item: Rocky Helmet|[of] p2a: Chocolate negro\n|faint|p2a: Chocolate negro\n|\n|-heal|p1a: ToxiLloros|90\/100|[from] item: Leftovers\n|upkeep\n|\n|t:|1699211108\n|switch|p2a: Tibur\u00f3n seco|Garchomp, F|37\/100\n|turn|10\n|\n|t:|1699211115\n|switch|p1a: Lavadora Rota|Rotom-Wash, shiny|100\/100\n|-damage|p1a: Lavadora Rota|88\/100|[from] Stealth Rock\n|move|p2a: Tibur\u00f3n seco|Earthquake|p1a: Lavadora Rota\n|-immune|p1a: Lavadora Rota|[from] ability: Levitate\n|\n|-heal|p1a: Lavadora Rota|94\/100|[from] item: Leftovers\n|upkeep\n|turn|11\n|\n|t:|1699211127\n|switch|p2a: Helado de fresa|Ninetales-Alola, M|100\/100\n|-weather|Snow|[from] ability: Snow Warning|[of] p2a: Helado de fresa\n|move|p1a: Lavadora Rota|Hydro Pump|p2a: Helado de fresa\n|-damage|p2a: Helado de fresa|51\/100\n|\n|-weather|Snow|[upkeep]\n|-heal|p1a: Lavadora Rota|100\/100|[from] item: Leftovers\n|upkeep\n|turn|12\n|\n|t:|1699211145\n|move|p2a: Helado de fresa|Aurora Veil|p2a: Helado de fresa\n|-sidestart|p2: Barcoco|move: Aurora Veil\n|move|p1a: Lavadora Rota|Thunderbolt|p2a: Helado de fresa\n|-damage|p2a: Helado de fresa|31\/100\n|\n|-weather|Snow|[upkeep]\n|upkeep\n|turn|13\n|\n|t:|1699211153\n|move|p2a: Helado de fresa|Freeze-Dry|p1a: Lavadora Rota\n|-supereffective|p1a: Lavadora Rota\n|-damage|p1a: Lavadora Rota|51\/100\n|move|p1a: Lavadora Rota|Hydro Pump|p2a: Helado de fresa\n|-damage|p2a: Helado de fresa|5\/100\n|\n|-weather|Snow|[upkeep]\n|-heal|p1a: Lavadora Rota|57\/100|[from] item: Leftovers\n|upkeep\n|turn|14\n|\n|t:|1699211161\n|move|p2a: Helado de fresa|Freeze-Dry|p1a: Lavadora Rota\n|-supereffective|p1a: Lavadora Rota\n|-damage|p1a: Lavadora Rota|13\/100\n|move|p1a: Lavadora Rota|Hydro Pump|p2a: Helado de fresa\n|-damage|p2a: Helado de fresa|0 fnt\n|faint|p2a: Helado de fresa\n|\n|-weather|Snow|[upkeep]\n|-heal|p1a: Lavadora Rota|20\/100|[from] item: Leftovers\n|upkeep\n|\n|t:|1699211179\n|switch|p2a: Helado de vainilla|Froslass, F|100\/100\n|turn|15\n|\n|t:|1699211185\n|move|p2a: Helado de vainilla|Blizzard|p1a: Lavadora Rota\n|-resisted|p1a: Lavadora Rota\n|-damage|p1a: Lavadora Rota|3\/100\n|-status|p1a: Lavadora Rota|frz\n|cant|p1a: Lavadora Rota|frz\n|\n|-weather|none\n|-heal|p1a: Lavadora Rota|9\/100 frz|[from] item: Leftovers\n|upkeep\n|turn|16\n|\n|t:|1699211193\n|switch|p2a: Eiscue|Eiscue, M|100\/100\n|cant|p1a: Lavadora Rota|frz\n|\n|-heal|p1a: Lavadora Rota|15\/100 frz|[from] item: Leftovers\n|upkeep\n|turn|17\n|\n|t:|1699211199\n|move|p2a: Eiscue|Belly Drum|p2a: Eiscue\n|-damage|p2a: Eiscue|50\/100\n|-setboost|p2a: Eiscue|atk|6|[from] move: Belly Drum\n|cant|p1a: Lavadora Rota|frz\n|\n|-heal|p1a: Lavadora Rota|22\/100 frz|[from] item: Leftovers\n|upkeep\n|turn|18\n|\n|t:|1699211206\n|move|p2a: Eiscue|Substitute|p2a: Eiscue\n|-start|p2a: Eiscue|Substitute\n|-damage|p2a: Eiscue|25\/100\n|-enditem|p2a: Eiscue|Salac Berry|[eat]\n|-boost|p2a: Eiscue|spe|1|[from] item: Salac Berry\n|cant|p1a: Lavadora Rota|frz\n|\n|-heal|p1a: Lavadora Rota|28\/100 frz|[from] item: Leftovers\n|upkeep\n|turn|19\n|\n|t:|1699211214\n|move|p2a: Eiscue|Zen Headbutt|p1a: Lavadora Rota\n|-damage|p1a: Lavadora Rota|0 fnt\n|faint|p1a: Lavadora Rota\n|\n|-sideend|p2: Barcoco|move: Aurora Veil\n|upkeep\n|\n|t:|1699211221\n|switch|p1a: ToxiLloros|Toxicroak, F|90\/100\n|-damage|p1a: ToxiLloros|84\/100|[from] Stealth Rock\n|turn|20\n|\n|t:|1699211226\n|move|p2a: Eiscue|Zen Headbutt|p1a: ToxiLloros\n|-supereffective|p1a: ToxiLloros\n|-damage|p1a: ToxiLloros|0 fnt\n|faint|p1a: ToxiLloros\n|\n|upkeep\n|\n|t:|1699211230\n|switch|p1a: Fr\u00eda ignorancia|Glaceon, M|100\/100\n|-damage|p1a: Fr\u00eda ignorancia|76\/100|[from] Stealth Rock\n|turn|21\n|\n|t:|1699211235\n|-terastallize|p1a: Fr\u00eda ignorancia|Ice\n|move|p2a: Eiscue|Zen Headbutt|p1a: Fr\u00eda ignorancia\n|-damage|p1a: Fr\u00eda ignorancia|0 fnt\n|faint|p1a: Fr\u00eda ignorancia\n|\n|win|Barcoco\n|c|\u2606Barcoco|ggs\n","uploadtime":1699211245,"views":32,"p1id":"antoniocalzadilla","p2id":"barcoco","formatid":"gen9anythinggoes","rating":0,"private":0,"password":""}