{"id":"gen9anythinggoes-1990203483","p1":"crazy1wascra","p2":"Bonchingo","format":"[Gen 9] Anything Goes","log":"|j|\u2606crazy1wascra\n|j|\u2606Bonchingo\n|t:|1699936863\n|gametype|singles\n|player|p1|crazy1wascra|emmet|1005\n|player|p2|Bonchingo|swimmer-gen4dp|1014\n|teamsize|p1|6\n|teamsize|p2|6\n|gen|9\n|tier|[Gen 9] Anything Goes\n|rated|\n|rule|HP Percentage Mod: HP is shown in percentages\n|rule|Endless Battle Clause: Forcing endless battles is banned\n|clearpoke\n|poke|p1|Mew|\n|poke|p1|Mew|\n|poke|p1|Mew|\n|poke|p1|Mew|\n|poke|p1|Mew|\n|poke|p1|Mewtwo|\n|poke|p2|Calyrex-Shadow|\n|poke|p2|Drifblim, F|\n|poke|p2|Espeon, M|\n|poke|p2|Altaria, M|\n|poke|p2|Zacian-*|\n|poke|p2|Dragapult, M|\n|teampreview\n|\n|t:|1699936869\n|start\n|switch|p1a: Mew|Mew|100\/100\n|switch|p2a: Clear coat|Drifblim, F, shiny|100\/100\n|turn|1\n|\n|t:|1699936880\n|move|p1a: Mew|Bulk Up|p1a: Mew\n|-boost|p1a: Mew|atk|1\n|-boost|p1a: Mew|def|1\n|move|p2a: Clear coat|Minimize|p2a: Clear coat\n|-boost|p2a: Clear coat|evasion|2\n|\n|upkeep\n|turn|2\n|\n|t:|1699936899\n|move|p1a: Mew|Calm Mind|p1a: Mew\n|-boost|p1a: Mew|spa|1\n|-boost|p1a: Mew|spd|1\n|move|p2a: Clear coat|Minimize|p2a: Clear coat\n|-boost|p2a: Clear coat|evasion|2\n|\n|upkeep\n|turn|3\n|\n|t:|1699936906\n|move|p1a: Mew|Calm Mind|p1a: Mew\n|-boost|p1a: Mew|spa|1\n|-boost|p1a: Mew|spd|1\n|move|p2a: Clear coat|Minimize|p2a: Clear coat\n|-boost|p2a: Clear coat|evasion|2\n|\n|upkeep\n|turn|4\n|\n|t:|1699936913\n|move|p1a: Mew|Calm Mind|p1a: Mew\n|-boost|p1a: Mew|spa|1\n|-boost|p1a: Mew|spd|1\n|move|p2a: Clear coat|Baton Pass|p2a: Clear coat\n|\n|t:|1699936932\n|switch|p2a: Lord Studio|Calyrex-Shadow|100\/100|[from] Baton Pass\n|-ability|p2a: Lord Studio|As One\n|-ability|p2a: Lord Studio|Unnerve\n|\n|upkeep\n|turn|5\n|\n|t:|1699936949\n|move|p2a: Lord Studio|Nasty Plot|p2a: Lord Studio\n|-boost|p2a: Lord Studio|spa|2\n|move|p1a: Mew|Calm Mind|p1a: Mew\n|-boost|p1a: Mew|spa|1\n|-boost|p1a: Mew|spd|1\n|\n|upkeep\n|turn|6\n|\n|t:|1699936961\n|move|p2a: Lord Studio|Nasty Plot|p2a: Lord Studio\n|-boost|p2a: Lord Studio|spa|2\n|move|p1a: Mew|Calm Mind|p1a: Mew\n|-boost|p1a: Mew|spa|1\n|-boost|p1a: Mew|spd|1\n|\n|upkeep\n|turn|7\n|\n|t:|1699936976\n|move|p2a: Lord Studio|Baton Pass|p2a: Lord Studio\n|\n|t:|1699936977\n|switch|p2a: Piccolo|Espeon, M, shiny|100\/100|[from] Baton Pass\n|move|p1a: Mew|Calm Mind|p1a: Mew\n|-boost|p1a: Mew|spa|1\n|-boost|p1a: Mew|spd|1\n|\n|upkeep\n|turn|8\n|\n|t:|1699936986\n|move|p2a: Piccolo|Calm Mind|p2a: Piccolo\n|-boost|p2a: Piccolo|spa|1\n|-boost|p2a: Piccolo|spd|1\n|move|p1a: Mew|Bulk Up|p1a: Mew\n|-boost|p1a: Mew|atk|1\n|-boost|p1a: Mew|def|1\n|\n|upkeep\n|turn|9\n|\n|t:|1699936994\n|move|p2a: Piccolo|Calm Mind|p2a: Piccolo\n|-boost|p2a: Piccolo|spa|1\n|-boost|p2a: Piccolo|spd|1\n|move|p1a: Mew|Bulk Up|p1a: Mew\n|-boost|p1a: Mew|atk|1\n|-boost|p1a: Mew|def|1\n|\n|upkeep\n|turn|10\n|\n|t:|1699937007\n|move|p2a: Piccolo|Baton Pass|p2a: Piccolo\n|\n|t:|1699937010\n|switch|p2a: Clear coat|Drifblim, F, shiny|100\/100|[from] Baton Pass\n|move|p1a: Mew|Bulk Up|p1a: Mew\n|-boost|p1a: Mew|atk|1\n|-boost|p1a: Mew|def|1\n|\n|upkeep\n|turn|11\n|\n|t:|1699937021\n|move|p1a: Mew|Agility|p1a: Mew\n|-boost|p1a: Mew|spe|2\n|move|p2a: Clear coat|Clear Smog|p1a: Mew\n|-damage|p1a: Mew|89\/100\n|-clearboost|p1a: Mew\n|\n|upkeep\n|turn|12\n|-message|crazy1wascra forfeited.\n|\n|win|Bonchingo\n|raw|crazy1wascra's rating: 1005 &rarr; <strong>1000<\/strong><br \/>(-5 for losing)\n|raw|Bonchingo's rating: 1014 &rarr; <strong>1051<\/strong><br \/>(+37 for winning)\n|l|\u2606crazy1wascra\n|l|\u2606Bonchingo\n|j|\u2606Bonchingo\n|player|p2|Bonchingo|swimmer-gen4dp\n","uploadtime":1699937119,"views":20,"p1id":"crazy1wascra","p2id":"bonchingo","formatid":"gen9anythinggoes","rating":1000,"private":0,"password":""}