{"id":"gen9anythinggoes-1994720188","p1":"eeveefreind","p2":"Nathatn","format":"[Gen 9] Anything Goes","log":"|j|\u2606eeveefreind\n|j|\u203dNathatn\n|t:|1700485486\n|gametype|singles\n|player|p1|eeveefreind|170|1045\n|player|p2|Nathatn|colress|1000\n|teamsize|p1|6\n|teamsize|p2|6\n|gen|9\n|tier|[Gen 9] Anything Goes\n|rated|\n|rule|HP Percentage Mod: HP is shown in percentages\n|rule|Endless Battle Clause: Forcing endless battles is banned\n|clearpoke\n|poke|p1|Sylveon, M|\n|poke|p1|Leafeon, F|\n|poke|p1|Umbreon, M|\n|poke|p1|Glaceon, F|\n|poke|p1|Jolteon, M|\n|poke|p1|Flareon, F|\n|poke|p2|Gallade, M|\n|poke|p2|Garchomp, M|\n|poke|p2|Ceruledge, M|\n|poke|p2|Corviknight, M|\n|poke|p2|Meowscarada, M|\n|poke|p2|Inteleon, F|\n|teampreview\n|\n|t:|1700485491\n|start\n|switch|p1a: queen|Sylveon, M|100\/100\n|switch|p2a: Meowscarada|Meowscarada, M, shiny|100\/100\n|turn|1\n|\n|t:|1700485501\n|-terastallize|p1a: queen|Fairy\n|move|p2a: Meowscarada|Toxic Spikes|p1a: queen\n|-start|p2a: Meowscarada|typechange|Poison|[from] ability: Protean\n|-sidestart|p1: eeveefreind|move: Toxic Spikes\n|move|p1a: queen|Hyper Voice|p2a: Meowscarada\n|-resisted|p2a: Meowscarada\n|-damage|p2a: Meowscarada|61\/100\n|\n|upkeep\n|turn|2\n|\n|t:|1700485511\n|move|p2a: Meowscarada|Toxic Spikes|p1a: queen\n|-sidestart|p1: eeveefreind|move: Toxic Spikes\n|move|p1a: queen|Body Slam|p2a: Meowscarada\n|-resisted|p2a: Meowscarada\n|-damage|p2a: Meowscarada|34\/100\n|-status|p2a: Meowscarada|par\n|\n|upkeep\n|turn|3\n|\n|t:|1700485521\n|move|p1a: queen|Wish|p1a: queen\n|move|p2a: Meowscarada|U-turn|p1a: queen\n|-resisted|p1a: queen\n|-damage|p1a: queen|82\/100\n|-damage|p2a: Meowscarada|25\/100 par|[from] item: Life Orb\n|\n|t:|1700485530\n|switch|p2a: Garchomp|Garchomp, M|100\/100|[from] U-turn\n|\n|upkeep\n|turn|4\n|\n|t:|1700485539\n|move|p2a: Garchomp|Stealth Rock|p1a: queen\n|-sidestart|p1: eeveefreind|move: Stealth Rock\n|move|p1a: queen|Hyper Voice|p2a: Garchomp\n|-supereffective|p2a: Garchomp\n|-damage|p2a: Garchomp|0 fnt\n|faint|p2a: Garchomp\n|\n|-heal|p1a: queen|100\/100|[from] move: Wish|[wisher] queen\n|upkeep\n|\n|t:|1700485555\n|switch|p2a: Meowscarada|Meowscarada, M, shiny|25\/100 par\n|turn|5\n|\n|t:|1700485563\n|move|p1a: queen|Hyper Voice|p2a: Meowscarada\n|-supereffective|p2a: Meowscarada\n|-damage|p2a: Meowscarada|0 fnt\n|faint|p2a: Meowscarada\n|\n|upkeep\n|\n|t:|1700485579\n|switch|p2a: Gallade|Gallade, M|100\/100\n|turn|6\n|\n|t:|1700485586\n|move|p2a: Gallade|Poison Jab|p1a: queen\n|-supereffective|p1a: queen\n|-damage|p1a: queen|21\/100\n|move|p1a: queen|Body Slam|p2a: Gallade\n|-supereffective|p2a: Gallade\n|-damage|p2a: Gallade|0 fnt\n|faint|p2a: Gallade\n|\n|upkeep\n|\n|t:|1700485597\n|switch|p2a: Ceruledge|Ceruledge, M, shiny|100\/100\n|turn|7\n|\n|t:|1700485605\n|move|p2a: Ceruledge|Bitter Blade|p1a: queen\n|-damage|p1a: queen|0 fnt\n|faint|p1a: queen\n|-damage|p2a: Ceruledge|91\/100|[from] item: Life Orb\n|\n|upkeep\n|c|\u2606eeveefreind|eevee :)\n|\n|t:|1700485615\n|switch|p1a: Jolteon|Jolteon, M|100\/100\n|-status|p1a: Jolteon|tox\n|-damage|p1a: Jolteon|88\/100 tox|[from] Stealth Rock\n|turn|8\n|\n|t:|1700485624\n|move|p1a: Jolteon|Shadow Ball|p2a: Ceruledge\n|-supereffective|p2a: Ceruledge\n|-damage|p2a: Ceruledge|41\/100\n|move|p2a: Ceruledge|Shadow Claw|p1a: Jolteon\n|-damage|p1a: Jolteon|0 fnt\n|faint|p1a: Jolteon\n|-damage|p2a: Ceruledge|31\/100|[from] item: Life Orb\n|\n|upkeep\n|\n|t:|1700485645\n|switch|p1a: Umbreon|Umbreon, M|100\/100\n|-status|p1a: Umbreon|tox\n|-damage|p1a: Umbreon|88\/100 tox|[from] Stealth Rock\n|turn|9\n|\n|t:|1700485653\n|move|p2a: Ceruledge|Bitter Blade|p1a: Umbreon\n|-damage|p1a: Umbreon|37\/100 tox\n|-heal|p2a: Ceruledge|65\/100|[from] drain|[of] p1a: Umbreon\n|-damage|p2a: Ceruledge|55\/100|[from] item: Life Orb\n|move|p1a: Umbreon|Dark Pulse|p2a: Ceruledge\n|-supereffective|p2a: Ceruledge\n|-damage|p2a: Ceruledge|16\/100\n|\n|-heal|p1a: Umbreon|43\/100 tox|[from] item: Leftovers\n|-damage|p1a: Umbreon|37\/100 tox|[from] psn\n|upkeep\n|turn|10\n|\n|t:|1700485668\n|move|p2a: Ceruledge|Bitter Blade|p1a: Umbreon\n|-damage|p1a: Umbreon|0 fnt\n|-heal|p2a: Ceruledge|39\/100|[from] drain|[of] p1a: Umbreon\n|faint|p1a: Umbreon\n|-damage|p2a: Ceruledge|29\/100|[from] item: Life Orb\n|\n|upkeep\n|\n|t:|1700485677\n|switch|p1a: Flareon|Flareon, F|100\/100\n|-status|p1a: Flareon|tox\n|-damage|p1a: Flareon|76\/100 tox|[from] Stealth Rock\n|turn|11\n|\n|t:|1700485685\n|move|p2a: Ceruledge|Shadow Claw|p1a: Flareon\n|-damage|p1a: Flareon|0 fnt\n|faint|p1a: Flareon\n|-damage|p2a: Ceruledge|19\/100|[from] item: Life Orb\n|\n|upkeep\n|\n|t:|1700485697\n|switch|p1a: Glaceon|Glaceon, F|100\/100\n|-status|p1a: Glaceon|tox\n|-damage|p1a: Glaceon|76\/100 tox|[from] Stealth Rock\n|turn|12\n|\n|t:|1700485705\n|move|p2a: Ceruledge|Bitter Blade|p1a: Glaceon\n|-supereffective|p1a: Glaceon\n|-damage|p1a: Glaceon|0 fnt\n|-heal|p2a: Ceruledge|61\/100|[from] drain|[of] p1a: Glaceon\n|faint|p1a: Glaceon\n|-damage|p2a: Ceruledge|51\/100|[from] item: Life Orb\n|\n|upkeep\n|\n|t:|1700485712\n|switch|p1a: Leafeon|Leafeon, F|100\/100\n|-status|p1a: Leafeon|tox\n|-damage|p1a: Leafeon|88\/100 tox|[from] Stealth Rock\n|turn|13\n|\n|t:|1700485721\n|move|p1a: Leafeon|Leech Seed|p2a: Ceruledge\n|-start|p2a: Ceruledge|move: Leech Seed\n|move|p2a: Ceruledge|Bitter Blade|p1a: Leafeon\n|-supereffective|p1a: Leafeon\n|-damage|p1a: Leafeon|0 fnt\n|-heal|p2a: Ceruledge|99\/100|[from] drain|[of] p1a: Leafeon\n|faint|p1a: Leafeon\n|-damage|p2a: Ceruledge|89\/100|[from] item: Life Orb\n|\n|win|Nathatn\n|raw|eeveefreind's rating: 1045 &rarr; <strong>1026<\/strong><br \/>(-19 for losing)\n|raw|Nathatn's rating: 1000 &rarr; <strong>1045<\/strong><br \/>(+45 for winning)\n","uploadtime":1700485744,"views":7,"p1id":"eeveefreind","p2id":"nathatn","formatid":"gen9anythinggoes","rating":1026,"private":0,"password":""}