{"id":"gen9anythinggoes-1989190425","p1":"ChainsPkmn","p2":"Ataki","format":"[Gen 9] Anything Goes","log":"|j|\u2606ChainsPkmn\n|j|\u2606Ataki\n|inactive|Battle timer is ON: inactive players will automatically lose when time's up.\n|t:|1699821705\n|gametype|singles\n|player|p1|ChainsPkmn|marnie|\n|player|p2|Ataki|hop-masters|\n|teamsize|p1|6\n|teamsize|p2|6\n|gen|9\n|tier|[Gen 9] Anything Goes\n|rated|Tournament battle\n|rule|HP Percentage Mod: HP is shown in percentages\n|rule|Endless Battle Clause: Forcing endless battles is banned\n|rule|Force of the Fallen Mod: Pok&\u00e9mon pass the move in their last moveslot to their allies when they're KOed\n|rule|Sleep Moves Clause: Sleep-inducing moves are banned\n|rule|Species Clause: Limit one of each Pok\u00e9mon\n|rule|OHKO Clause: OHKO moves are banned\n|rule|Evasion Moves Clause: Evasion moves are banned\n|rule|Terastal Clause: You cannot Terastallize\n|clearpoke\n|poke|p1|Hatterene, F|\n|poke|p1|Ursaluna, M|\n|poke|p1|Toxapex, F|\n|poke|p1|Urshifu-*, M|\n|poke|p1|Kingambit, F|\n|poke|p1|Enamorus-Therian, F|\n|poke|p2|Dondozo, F|\n|poke|p2|Corviknight, M|\n|poke|p2|Orthworm, F|\n|poke|p2|Garganacl, M|\n|poke|p2|Toxapex, F|\n|poke|p2|Garchomp, M|\n|teampreview\n|j|+Dark Koopatrol\n|j| IN finalC\n|inactive|Ataki has 120 seconds left.\n|c|\u2606Ataki|hf\n|\n|t:|1699821765\n|start\n|switch|p1a: Urshifu|Urshifu, M|100\/100\n|switch|p2a: Garganacl|Garganacl, M|100\/100\n|turn|1\n|inactive|Ataki has 120 seconds left.\n|\n|t:|1699821805\n|switch|p2a: Toxapex|Toxapex, F|100\/100\n|move|p1a: Urshifu|Wicked Blow|p2a: Toxapex\n|-crit|p2a: Toxapex\n|-damage|p2a: Toxapex|53\/100\n|\n|upkeep\n|turn|2\n|inactive|Ataki has 120 seconds left.\n|\n|t:|1699821811\n|move|p1a: Urshifu|Wicked Blow|p2a: Toxapex\n|-crit|p2a: Toxapex\n|-damage|p2a: Toxapex|5\/100\n|move|p2a: Toxapex|Recover|p2a: Toxapex\n|-heal|p2a: Toxapex|56\/100\n|\n|upkeep\n|turn|3\n|\n|t:|1699821817\n|move|p1a: Urshifu|Taunt|p2a: Toxapex\n|-start|p2a: Toxapex|move: Taunt\n|cant|p2a: Toxapex|move: Taunt|Recover\n|\n|upkeep\n|turn|4\n|inactive|Ataki has 120 seconds left.\n|\n|t:|1699821838\n|switch|p2a: Dondozo|Dondozo, F|100\/100\n|move|p1a: Urshifu|Wicked Blow|p2a: Dondozo\n|-crit|p2a: Dondozo\n|-damage|p2a: Dondozo|74\/100\n|\n|-heal|p2a: Dondozo|80\/100|[from] item: Leftovers\n|upkeep\n|turn|5\n|\n|t:|1699821845\n|switch|p1a: Hatterene|Hatterene, F, shiny|100\/100\n|move|p2a: Dondozo|Body Press|p1a: Hatterene\n|-resisted|p1a: Hatterene\n|-damage|p1a: Hatterene|93\/100\n|\n|-heal|p2a: Dondozo|86\/100|[from] item: Leftovers\n|-heal|p1a: Hatterene|99\/100|[from] item: Leftovers\n|upkeep\n|turn|6\n|\n|t:|1699821853\n|switch|p2a: Garganacl|Garganacl, M|100\/100\n|move|p1a: Hatterene|Trick Room|p1a: Hatterene\n|-fieldstart|move: Trick Room|[of] p1a: Hatterene\n|\n|-heal|p1a: Hatterene|100\/100|[from] item: Leftovers\n|upkeep\n|turn|7\n|\n|t:|1699821858\n|switch|p1a: Ursaluna|Ursaluna, M, shiny|100\/100\n|move|p2a: Garganacl|Salt Cure|p1a: Ursaluna\n|-resisted|p1a: Ursaluna\n|-damage|p1a: Ursaluna|96\/100\n|-start|p1a: Ursaluna|Salt Cure\n|\n|-damage|p1a: Ursaluna|84\/100|[from] Salt Cure\n|-status|p1a: Ursaluna|brn|[from] item: Flame Orb\n|upkeep\n|turn|8\n|\n|t:|1699821876\n|move|p2a: Garganacl|Protect|p2a: Garganacl\n|-singleturn|p2a: Garganacl|Protect\n|move|p1a: Ursaluna|Thunder Punch|p2a: Garganacl\n|-activate|p2a: Garganacl|move: Protect\n|\n|-damage|p1a: Ursaluna|78\/100 brn|[from] brn\n|-damage|p1a: Ursaluna|65\/100 brn|[from] Salt Cure\n|upkeep\n|turn|9\n|\n|t:|1699821883\n|switch|p2a: Orthworm|Orthworm, F|100\/100\n|move|p1a: Ursaluna|Headlong Rush|p2a: Orthworm\n|-immune|p2a: Orthworm|[from] ability: Earth Eater\n|\n|-damage|p1a: Ursaluna|59\/100 brn|[from] brn\n|-damage|p1a: Ursaluna|47\/100 brn|[from] Salt Cure\n|upkeep\n|turn|10\n|\n|t:|1699821890\n|move|p1a: Ursaluna|Drain Punch|p2a: Orthworm\n|-supereffective|p2a: Orthworm\n|-damage|p2a: Orthworm|35\/100\n|-heal|p1a: Ursaluna|71\/100 brn|[from] drain|[of] p2a: Orthworm\n|move|p2a: Orthworm|Coil|p2a: Orthworm\n|-boost|p2a: Orthworm|atk|1\n|-boost|p2a: Orthworm|def|1\n|-boost|p2a: Orthworm|accuracy|1\n|\n|-damage|p1a: Ursaluna|65\/100 brn|[from] brn\n|-damage|p1a: Ursaluna|53\/100 brn|[from] Salt Cure\n|-fieldend|move: Trick Room\n|upkeep\n|turn|11\n|\n|t:|1699821898\n|switch|p1a: Hatterene|Hatterene, F, shiny|100\/100\n|move|p2a: Orthworm|Iron Tail|p1a: Hatterene\n|-supereffective|p1a: Hatterene\n|-damage|p1a: Hatterene|0 fnt\n|faint|p1a: Hatterene\n|\n|upkeep\n|\n|t:|1699821901\n|switch|p1a: Urshifu|Urshifu, M|100\/100\n|turn|12\n|\n|t:|1699821906\n|switch|p2a: Toxapex|Toxapex, F|89\/100\n|move|p1a: Urshifu|Wicked Blow|p2a: Toxapex\n|-crit|p2a: Toxapex\n|-damage|p2a: Toxapex|43\/100\n|\n|upkeep\n|turn|13\n|\n|t:|1699821924\n|switch|p1a: Enamorus|Enamorus-Therian, F, shiny|100\/100\n|switch|p2a: Dondozo|Dondozo, F|86\/100\n|\n|-heal|p2a: Dondozo|92\/100|[from] item: Leftovers\n|upkeep\n|turn|14\n|\n|t:|1699821933\n|switch|p2a: Orthworm|Orthworm, F|35\/100\n|move|p1a: Enamorus|Trick Room|p1a: Enamorus\n|-fieldstart|move: Trick Room|[of] p1a: Enamorus\n|\n|upkeep\n|turn|15\n|\n|t:|1699821940\n|switch|p2a: Garganacl|Garganacl, M|100\/100\n|move|p1a: Enamorus|Moonblast|p2a: Garganacl\n|-damage|p2a: Garganacl|52\/100\n|\n|-heal|p2a: Garganacl|58\/100|[from] item: Leftovers\n|upkeep\n|turn|16\n|\n|t:|1699821946\n|move|p2a: Garganacl|Protect|p2a: Garganacl\n|-singleturn|p2a: Garganacl|Protect\n|move|p1a: Enamorus|Earth Power|p2a: Garganacl\n|-activate|p2a: Garganacl|move: Protect\n|\n|-heal|p2a: Garganacl|65\/100|[from] item: Leftovers\n|upkeep\n|turn|17\n|\n|t:|1699821953\n|switch|p2a: Corviknight|Corviknight, M|100\/100\n|-ability|p2a: Corviknight|Pressure\n|move|p1a: Enamorus|Moonblast|p2a: Corviknight\n|-resisted|p2a: Corviknight\n|-crit|p2a: Corviknight\n|-damage|p2a: Corviknight|70\/100\n|\n|-heal|p2a: Corviknight|76\/100|[from] item: Leftovers\n|upkeep\n|turn|18\n|\n|t:|1699821962\n|move|p1a: Enamorus|Substitute|p1a: Enamorus\n|-start|p1a: Enamorus|Substitute\n|-damage|p1a: Enamorus|76\/100\n|move|p2a: Corviknight|Agility|p2a: Corviknight\n|-boost|p2a: Corviknight|spe|2\n|\n|-heal|p2a: Corviknight|83\/100|[from] item: Leftovers\n|-fieldend|move: Trick Room\n|upkeep\n|turn|19\n|\n|t:|1699821969\n|move|p2a: Corviknight|Bulk Up|p2a: Corviknight\n|-boost|p2a: Corviknight|atk|1\n|-boost|p2a: Corviknight|def|1\n|move|p1a: Enamorus|Trick Room|p1a: Enamorus\n|-fieldstart|move: Trick Room|[of] p1a: Enamorus\n|\n|-heal|p2a: Corviknight|89\/100|[from] item: Leftovers\n|upkeep\n|turn|20\n|\n|t:|1699821977\n|switch|p1a: Urshifu|Urshifu, M|100\/100\n|move|p2a: Corviknight|Roost|p2a: Corviknight\n|-heal|p2a: Corviknight|100\/100\n|-singleturn|p2a: Corviknight|move: Roost\n|\n|upkeep\n|turn|21\n|\n|t:|1699821984\n|switch|p2a: Dondozo|Dondozo, F|92\/100\n|move|p1a: Urshifu|Wicked Blow|p2a: Dondozo\n|-crit|p2a: Dondozo\n|-damage|p2a: Dondozo|68\/100\n|\n|-heal|p2a: Dondozo|74\/100|[from] item: Leftovers\n|upkeep\n|turn|22\n|\n|t:|1699821994\n|switch|p1a: Toxapex|Toxapex, F, shiny|100\/100\n|move|p2a: Dondozo|Liquidation|p1a: Toxapex\n|-resisted|p1a: Toxapex\n|-damage|p1a: Toxapex|90\/100\n|-damage|p2a: Dondozo|57\/100|[from] item: Rocky Helmet|[of] p1a: Toxapex\n|\n|-heal|p2a: Dondozo|64\/100|[from] item: Leftovers\n|upkeep\n|turn|23\n|\n|t:|1699822003\n|switch|p2a: Garganacl|Garganacl, M|65\/100\n|move|p1a: Toxapex|Sludge Bomb|p2a: Garganacl\n|-resisted|p2a: Garganacl\n|-damage|p2a: Garganacl|51\/100\n|\n|-heal|p2a: Garganacl|57\/100|[from] item: Leftovers\n|-fieldend|move: Trick Room\n|upkeep\n|turn|24\n|\n|t:|1699822009\n|move|p2a: Garganacl|Stealth Rock|p1a: Toxapex\n|-sidestart|p1: ChainsPkmn|move: Stealth Rock\n|move|p1a: Toxapex|Surf|p2a: Garganacl\n|-supereffective|p2a: Garganacl\n|-damage|p2a: Garganacl|7\/100\n|\n|-heal|p2a: Garganacl|13\/100|[from] item: Leftovers\n|upkeep\n|turn|25\n|\n|t:|1699822017\n|move|p2a: Garganacl|Recover|p2a: Garganacl\n|-heal|p2a: Garganacl|63\/100\n|move|p1a: Toxapex|Surf|p2a: Garganacl\n|-supereffective|p2a: Garganacl\n|-damage|p2a: Garganacl|10\/100\n|\n|-heal|p2a: Garganacl|16\/100|[from] item: Leftovers\n|upkeep\n|turn|26\n|\n|t:|1699822021\n|move|p2a: Garganacl|Recover|p2a: Garganacl\n|-heal|p2a: Garganacl|66\/100\n|move|p1a: Toxapex|Surf|p2a: Garganacl\n|-supereffective|p2a: Garganacl\n|-damage|p2a: Garganacl|9\/100\n|\n|-heal|p2a: Garganacl|16\/100|[from] item: Leftovers\n|upkeep\n|turn|27\n|\n|t:|1699822027\n|move|p2a: Garganacl|Salt Cure|p1a: Toxapex\n|-damage|p1a: Toxapex|79\/100\n|-start|p1a: Toxapex|Salt Cure\n|move|p1a: Toxapex|Surf|p2a: Garganacl\n|-supereffective|p2a: Garganacl\n|-damage|p2a: Garganacl|0 fnt\n|faint|p2a: Garganacl\n|\n|-damage|p1a: Toxapex|55\/100|[from] Salt Cure\n|upkeep\n|\n|t:|1699822035\n|switch|p2a: Garchomp|Garchomp, M|100\/100\n|turn|28\n|\n|t:|1699822044\n|switch|p1a: Urshifu|Urshifu, M|100\/100\n|-damage|p1a: Urshifu|94\/100|[from] Stealth Rock\n|move|p2a: Garchomp|Spikes|p1a: Urshifu\n|-sidestart|p1: ChainsPkmn|Spikes\n|\n|upkeep\n|turn|29\n|\n|t:|1699822050\n|move|p2a: Garchomp|Swords Dance|p2a: Garchomp\n|-boost|p2a: Garchomp|atk|2\n|move|p1a: Urshifu|Close Combat|p2a: Garchomp\n|-damage|p2a: Garchomp|44\/100\n|-unboost|p1a: Urshifu|def|1\n|-unboost|p1a: Urshifu|spd|1\n|-damage|p1a: Urshifu|82\/100|[from] ability: Rough Skin|[of] p2a: Garchomp\n|\n|-heal|p2a: Garchomp|50\/100|[from] item: Leftovers\n|upkeep\n|turn|30\n|\n|t:|1699822057\n|move|p1a: Urshifu|Sucker Punch|p2a: Garchomp\n|-damage|p2a: Garchomp|18\/100\n|-damage|p1a: Urshifu|70\/100|[from] ability: Rough Skin|[of] p2a: Garchomp\n|move|p2a: Garchomp|Earthquake|p1a: Urshifu\n|-damage|p1a: Urshifu|0 fnt\n|faint|p1a: Urshifu\n|\n|-heal|p2a: Garchomp|24\/100|[from] item: Leftovers\n|upkeep\n|\n|t:|1699822063\n|switch|p1a: Enamorus|Enamorus-Therian, F, shiny|76\/100\n|-damage|p1a: Enamorus|51\/100|[from] Stealth Rock\n|turn|31\n|\n|t:|1699822068\n|move|p2a: Garchomp|Salt Cure|p1a: Enamorus\n|-supereffective|p1a: Enamorus\n|-damage|p1a: Enamorus|6\/100\n|-start|p1a: Enamorus|Salt Cure\n|move|p1a: Enamorus|Trick Room|p1a: Enamorus\n|-fieldstart|move: Trick Room|[of] p1a: Enamorus\n|\n|-heal|p2a: Garchomp|30\/100|[from] item: Leftovers\n|-damage|p1a: Enamorus|0 fnt|[from] Salt Cure\n|faint|p1a: Enamorus\n|upkeep\n|\n|t:|1699822075\n|switch|p1a: Kingambit|Kingambit, F, shiny|100\/100\n|-damage|p1a: Kingambit|94\/100|[from] Stealth Rock\n|-damage|p1a: Kingambit|82\/100|[from] Spikes\n|-activate|p1a: Kingambit|ability: Supreme Overlord\n|-start|p1a: Kingambit|fallen3|[silent]\n|turn|32\n|\n|t:|1699822092\n|move|p1a: Kingambit|Low Kick|p2a: Garchomp\n|-damage|p2a: Garchomp|0 fnt\n|-damage|p1a: Kingambit|70\/100|[from] ability: Rough Skin|[of] p2a: Garchomp\n|faint|p2a: Garchomp\n|\n|upkeep\n|\n|t:|1699822100\n|switch|p2a: Corviknight|Corviknight, M|100\/100\n|-ability|p2a: Corviknight|Pressure\n|turn|33\n|j| boingk\n|inactive|ChainsPkmn has 120 seconds left.\n|\n|t:|1699822131\n|-end|p1a: Kingambit|fallen3|[silent]\n|switch|p1a: Toxapex|Toxapex, F, shiny|88\/100\n|-damage|p1a: Toxapex|76\/100|[from] Stealth Rock\n|-damage|p1a: Toxapex|64\/100|[from] Spikes\n|move|p2a: Corviknight|Salt Cure|p1a: Toxapex\n|-damage|p1a: Toxapex|57\/100\n|-start|p1a: Toxapex|Salt Cure\n|\n|-damage|p1a: Toxapex|33\/100|[from] Salt Cure\n|upkeep\n|turn|34\n|\n|t:|1699822143\n|move|p1a: Toxapex|Surf|p2a: Corviknight\n|-damage|p2a: Corviknight|81\/100\n|move|p2a: Corviknight|Spikes|p1a: Toxapex\n|-sidestart|p1: ChainsPkmn|Spikes\n|\n|-heal|p2a: Corviknight|87\/100|[from] item: Leftovers\n|-damage|p1a: Toxapex|8\/100|[from] Salt Cure\n|upkeep\n|turn|35\n|\n|t:|1699822150\n|move|p1a: Toxapex|Recover|p1a: Toxapex\n|-heal|p1a: Toxapex|58\/100\n|move|p2a: Corviknight|Bulk Up|p2a: Corviknight\n|-boost|p2a: Corviknight|atk|1\n|-boost|p2a: Corviknight|def|1\n|\n|-heal|p2a: Corviknight|93\/100|[from] item: Leftovers\n|-damage|p1a: Toxapex|33\/100|[from] Salt Cure\n|-fieldend|move: Trick Room\n|upkeep\n|turn|36\n|\n|t:|1699822153\n|move|p2a: Corviknight|Spikes|p1a: Toxapex\n|-sidestart|p1: ChainsPkmn|Spikes\n|move|p1a: Toxapex|Trick Room|p1a: Toxapex\n|-fieldstart|move: Trick Room|[of] p1a: Toxapex\n|\n|-heal|p2a: Corviknight|99\/100|[from] item: Leftovers\n|-damage|p1a: Toxapex|8\/100|[from] Salt Cure\n|upkeep\n|turn|37\n|\n|t:|1699822158\n|move|p1a: Toxapex|Ice Beam|p2a: Corviknight\n|-damage|p2a: Corviknight|86\/100\n|move|p2a: Corviknight|Bulk Up|p2a: Corviknight\n|-boost|p2a: Corviknight|atk|1\n|-boost|p2a: Corviknight|def|1\n|\n|-heal|p2a: Corviknight|93\/100|[from] item: Leftovers\n|-damage|p1a: Toxapex|0 fnt|[from] Salt Cure\n|faint|p1a: Toxapex\n|upkeep\n|j| Bapanada726\n|\n|t:|1699822172\n|switch|p1a: Kingambit|Kingambit, F, shiny|70\/100\n|-damage|p1a: Kingambit|63\/100|[from] Stealth Rock\n|-damage|p1a: Kingambit|38\/100|[from] Spikes\n|-activate|p1a: Kingambit|ability: Supreme Overlord\n|-start|p1a: Kingambit|fallen4|[silent]\n|turn|38\n|\n|t:|1699822176\n|move|p1a: Kingambit|Wicked Blow|p2a: Corviknight\n|-crit|p2a: Corviknight\n|-damage|p2a: Corviknight|11\/100\n|move|p2a: Corviknight|Salt Cure|p1a: Kingambit\n|-resisted|p1a: Kingambit\n|-damage|p1a: Kingambit|33\/100\n|-start|p1a: Kingambit|Salt Cure\n|\n|-heal|p2a: Corviknight|18\/100|[from] item: Leftovers\n|-damage|p1a: Kingambit|8\/100|[from] Salt Cure\n|upkeep\n|turn|39\n|j| The True Avian\n|\n|t:|1699822195\n|move|p1a: Kingambit|Wicked Blow|p2a: Corviknight\n|-crit|p2a: Corviknight\n|-damage|p2a: Corviknight|0 fnt\n|faint|p2a: Corviknight\n|\n|-damage|p1a: Kingambit|0 fnt|[from] Salt Cure\n|faint|p1a: Kingambit\n|-end|p1a: Kingambit|fallen4|[silent]\n|upkeep\n|\n|t:|1699822199\n|switch|p1a: Ursaluna|Ursaluna, M, shiny|53\/100 brn\n|switch|p2a: Orthworm|Orthworm, F|35\/100\n|-damage|p1a: Ursaluna|47\/100 brn|[from] Stealth Rock\n|-damage|p1a: Ursaluna|22\/100 brn|[from] Spikes\n|turn|40\n|\n|t:|1699822208\n|move|p1a: Ursaluna|Recover|p1a: Ursaluna\n|-heal|p1a: Ursaluna|72\/100 brn\n|move|p2a: Orthworm|Rest|p2a: Orthworm\n|-status|p2a: Orthworm|slp|[from] move: Rest\n|-heal|p2a: Orthworm|100\/100 slp|[silent]\n|-enditem|p2a: Orthworm|Chesto Berry|[eat]\n|-curestatus|p2a: Orthworm|slp|[msg]\n|\n|-damage|p1a: Ursaluna|66\/100 brn|[from] brn\n|-fieldend|move: Trick Room\n|upkeep\n|turn|41\n|\n|t:|1699822213\n|move|p2a: Orthworm|Salt Cure|p1a: Ursaluna\n|-resisted|p1a: Ursaluna\n|-damage|p1a: Ursaluna|62\/100 brn\n|-start|p1a: Ursaluna|Salt Cure\n|move|p1a: Ursaluna|Substitute|p1a: Ursaluna\n|-start|p1a: Ursaluna|Substitute\n|-damage|p1a: Ursaluna|37\/100 brn\n|\n|-damage|p1a: Ursaluna|31\/100 brn|[from] brn\n|-damage|p1a: Ursaluna|19\/100 brn|[from] Salt Cure\n|upkeep\n|turn|42\n|\n|t:|1699822218\n|move|p2a: Orthworm|Body Press|p1a: Ursaluna\n|-supereffective|p1a: Ursaluna\n|-end|p1a: Ursaluna|Substitute\n|move|p1a: Ursaluna|Recover|p1a: Ursaluna\n|-heal|p1a: Ursaluna|69\/100 brn\n|\n|-damage|p1a: Ursaluna|63\/100 brn|[from] brn\n|-damage|p1a: Ursaluna|50\/100 brn|[from] Salt Cure\n|upkeep\n|turn|43\n|\n|t:|1699822224\n|move|p2a: Orthworm|Body Press|p1a: Ursaluna\n|-supereffective|p1a: Ursaluna\n|-damage|p1a: Ursaluna|14\/100 brn\n|move|p1a: Ursaluna|Drain Punch|p2a: Orthworm\n|-supereffective|p2a: Orthworm\n|-damage|p2a: Orthworm|40\/100\n|-heal|p1a: Ursaluna|36\/100 brn|[from] drain|[of] p2a: Orthworm\n|\n|-damage|p1a: Ursaluna|30\/100 brn|[from] brn\n|-damage|p1a: Ursaluna|18\/100 brn|[from] Salt Cure\n|upkeep\n|turn|44\n|\n|t:|1699822233\n|move|p2a: Orthworm|Body Press|p1a: Ursaluna\n|-supereffective|p1a: Ursaluna\n|-damage|p1a: Ursaluna|0 fnt\n|faint|p1a: Ursaluna\n|\n|win|Ataki\n|n|\u2606ChainsPkmn|chainspkmn\n|n|\u2606Ataki|ataki\n|n| Dark Koopatrol|darkkoopatrol\n|n| IN finalC|infinalc\n|n| boingk|boingk\n|n| Bapanada726|bapanada726\n|n| The True Avian|thetrueavian\n","uploadtime":1699822235,"views":4,"p1id":"chainspkmn","p2id":"ataki","formatid":"gen9anythinggoes","rating":0,"private":0,"password":""}