{"id":"gen9anythinggoes-1985270143","p1":"Murasaki Samsara","p2":"DR4N","format":"[Gen 9] Anything Goes","log":"|j|\u2606Murasaki Samsara\n|j|\u2606DR4N\n|t:|1699358091\n|gametype|singles\n|player|p1|Murasaki Samsara|veteranf|1081\n|player|p2|DR4N|lucas-gen4pt|1127\n|teamsize|p1|6\n|teamsize|p2|6\n|gen|9\n|tier|[Gen 9] Anything Goes\n|rated|\n|rule|HP Percentage Mod: HP is shown in percentages\n|rule|Endless Battle Clause: Forcing endless battles is banned\n|clearpoke\n|poke|p1|Goodra, F|\n|poke|p1|Toxapex, F|\n|poke|p1|Delphox, M|\n|poke|p1|Mimikyu, F|\n|poke|p1|Snorlax, F|\n|poke|p1|Weavile, M|\n|poke|p2|Espeon, F|\n|poke|p2|Lycanroc-Dusk, M|\n|poke|p2|Pawmot, F|\n|poke|p2|Clodsire, M|\n|poke|p2|Gogoat, M|\n|poke|p2|Arcanine, M|\n|teampreview\n|\n|t:|1699358098\n|start\n|switch|p1a: Toxapex|Toxapex, F|100\/100\n|switch|p2a: Stella|Espeon, F, shiny|100\/100\n|turn|1\n|\n|t:|1699358105\n|move|p2a: Stella|Calm Mind|p2a: Stella\n|-boost|p2a: Stella|spa|1\n|-boost|p2a: Stella|spd|1\n|move|p1a: Toxapex|Toxic Spikes|p2a: Stella\n|move|p2a: Stella|Toxic Spikes|p1a: Toxapex|[from]ability: Magic Bounce\n|-sidestart|p1: Murasaki Samsara|move: Toxic Spikes\n|\n|upkeep\n|turn|2\n|\n|t:|1699358114\n|move|p2a: Stella|Calm Mind|p2a: Stella\n|-boost|p2a: Stella|spa|1\n|-boost|p2a: Stella|spd|1\n|move|p1a: Toxapex|Venoshock|p2a: Stella\n|-damage|p2a: Stella|91\/100\n|\n|upkeep\n|turn|3\n|\n|t:|1699358121\n|move|p2a: Stella|Calm Mind|p2a: Stella\n|-boost|p2a: Stella|spa|1\n|-boost|p2a: Stella|spd|1\n|move|p1a: Toxapex|Venoshock|p2a: Stella\n|-damage|p2a: Stella|84\/100\n|\n|upkeep\n|turn|4\n|\n|t:|1699358128\n|move|p2a: Stella|Trailblaze|p1a: Toxapex\n|-damage|p1a: Toxapex|96\/100\n|-boost|p2a: Stella|spe|1\n|-damage|p2a: Stella|67\/100|[from] item: Rocky Helmet|[of] p1a: Toxapex\n|move|p1a: Toxapex|Venoshock|p2a: Stella\n|-damage|p2a: Stella|59\/100\n|\n|upkeep\n|turn|5\n|\n|t:|1699358138\n|move|p1a: Toxapex|Baneful Bunker|p1a: Toxapex\n|-singleturn|p1a: Toxapex|move: Protect\n|move|p2a: Stella|Stored Power|p1a: Toxapex\n|-activate|p1a: Toxapex|move: Protect\n|\n|upkeep\n|turn|6\n|\n|t:|1699358145\n|move|p2a: Stella|Stored Power|p1a: Toxapex\n|-supereffective|p1a: Toxapex\n|-damage|p1a: Toxapex|0 fnt\n|faint|p1a: Toxapex\n|\n|upkeep\n|\n|t:|1699358155\n|switch|p1a: Mimikyu|Mimikyu, F|100\/100\n|-status|p1a: Mimikyu|psn\n|-enditem|p1a: Mimikyu|Pecha Berry|[eat]\n|-curestatus|p1a: Mimikyu|psn|[msg]\n|turn|7\n|\n|t:|1699358164\n|move|p2a: Stella|Trailblaze|p1a: Mimikyu\n|-activate|p1a: Mimikyu|ability: Disguise\n|-damage|p1a: Mimikyu|100\/100\n|-boost|p2a: Stella|spe|1\n|detailschange|p1a: Mimikyu|Mimikyu-Busted, F\n|-damage|p1a: Mimikyu|88\/100|[from] pokemon: Mimikyu-Busted\n|move|p1a: Mimikyu|Thunder Wave|p2a: Stella\n|move|p2a: Stella|Thunder Wave|p1a: Mimikyu|[from]ability: Magic Bounce\n|-status|p1a: Mimikyu|par\n|\n|upkeep\n|turn|8\n|c|\u2606DR4N|Wym\n|\n|t:|1699358179\n|move|p2a: Stella|Shadow Ball|p1a: Mimikyu\n|-supereffective|p1a: Mimikyu\n|-damage|p1a: Mimikyu|0 fnt\n|faint|p1a: Mimikyu\n|\n|upkeep\n|c|\u2606DR4N|Wym??\n|\n|t:|1699358186\n|switch|p1a: Snorlax|Snorlax, F|100\/100\n|turn|9\n|\n|t:|1699358191\n|move|p2a: Stella|Stored Power|p1a: Snorlax\n|-damage|p1a: Snorlax|1\/100\n|move|p1a: Snorlax|Earthquake|p2a: Stella\n|-damage|p2a: Stella|13\/100\n|-enditem|p2a: Stella|Sitrus Berry|[eat]\n|-heal|p2a: Stella|38\/100|[from] item: Sitrus Berry\n|\n|-heal|p1a: Snorlax|8\/100|[from] item: Leftovers\n|upkeep\n|turn|10\n|\n|t:|1699358202\n|move|p2a: Stella|Stored Power|p1a: Snorlax\n|-damage|p1a: Snorlax|0 fnt\n|faint|p1a: Snorlax\n|\n|upkeep\n|\n|t:|1699358210\n|switch|p1a: Weavile|Weavile, M|100\/100\n|-status|p1a: Weavile|psn\n|turn|11\n|\n|t:|1699358215\n|move|p1a: Weavile|Fake Out|p2a: Stella\n|-damage|p2a: Stella|10\/100\n|cant|p2a: Stella|flinch\n|\n|-damage|p1a: Weavile|88\/100 psn|[from] psn\n|upkeep\n|turn|12\n|\n|t:|1699358223\n|move|p2a: Stella|Shadow Ball|p1a: Weavile\n|-resisted|p1a: Weavile\n|-damage|p1a: Weavile|42\/100 psn\n|-unboost|p1a: Weavile|spd|1\n|move|p1a: Weavile|X-Scissor|p2a: Stella\n|-supereffective|p2a: Stella\n|-damage|p2a: Stella|0 fnt\n|faint|p2a: Stella\n|\n|-damage|p1a: Weavile|30\/100 psn|[from] psn\n|upkeep\n|\n|t:|1699358232\n|switch|p2a: Sonic|Lycanroc-Dusk, M, shiny|100\/100\n|turn|13\n|\n|t:|1699358243\n|move|p2a: Sonic|Accelerock|p1a: Weavile\n|-supereffective|p1a: Weavile\n|-damage|p1a: Weavile|0 fnt\n|faint|p1a: Weavile\n|\n|upkeep\n|\n|t:|1699358250\n|switch|p1a: Goodra|Goodra, F|100\/100\n|-status|p1a: Goodra|psn\n|turn|14\n|\n|t:|1699358257\n|move|p2a: Sonic|Accelerock|p1a: Goodra\n|-crit|p1a: Goodra\n|-damage|p1a: Goodra|26\/100 psn\n|-ability|p1a: Goodra|Gooey\n|-unboost|p2a: Sonic|spe|1\n|move|p1a: Goodra|Tearful Look|p2a: Sonic\n|-unboost|p2a: Sonic|atk|1\n|-unboost|p2a: Sonic|spa|1\n|\n|-damage|p1a: Goodra|13\/100 psn|[from] psn\n|upkeep\n|turn|15\n|\n|t:|1699358268\n|move|p2a: Sonic|Accelerock|p1a: Goodra\n|-damage|p1a: Goodra|0 fnt\n|-ability|p1a: Goodra|Gooey\n|-unboost|p2a: Sonic|spe|1\n|faint|p1a: Goodra\n|\n|upkeep\n|\n|t:|1699358275\n|switch|p1a: Delphox|Delphox, M|100\/100\n|-status|p1a: Delphox|psn\n|turn|16\n|\n|t:|1699358283\n|move|p2a: Sonic|Accelerock|p1a: Delphox\n|-supereffective|p1a: Delphox\n|-damage|p1a: Delphox|26\/100 psn\n|move|p1a: Delphox|Calm Mind|p1a: Delphox\n|-boost|p1a: Delphox|spa|1\n|-boost|p1a: Delphox|spd|1\n|\n|-damage|p1a: Delphox|14\/100 psn|[from] psn\n|upkeep\n|turn|17\n|c|\u2606DR4N|Gg\n|\n|t:|1699358292\n|move|p2a: Sonic|Accelerock|p1a: Delphox\n|-supereffective|p1a: Delphox\n|-damage|p1a: Delphox|0 fnt\n|faint|p1a: Delphox\n|\n|win|DR4N\n|raw|Murasaki Samsara's rating: 1081 &rarr; <strong>1062<\/strong><br \/>(-19 for losing)\n|raw|DR4N's rating: 1127 &rarr; <strong>1149<\/strong><br \/>(+22 for winning)\n","uploadtime":1699358299,"views":4,"p1id":"murasakisamsara","p2id":"dr4n","formatid":"gen9anythinggoes","rating":1062,"private":0,"password":""}