{"id":"gen9anythinggoes-1977644729","p1":"Pokemh","p2":"obeycap","format":"[Gen 9] Anything Goes","log":"|j|\u203dPokemh\n|j|\u2606obeycap\n|t:|1698434698\n|gametype|singles\n|player|p1|Pokemh|170|1660\n|player|p2|obeycap|1|1573\n|teamsize|p1|6\n|teamsize|p2|6\n|gen|9\n|tier|[Gen 9] Anything Goes\n|rated|\n|rule|HP Percentage Mod: HP is shown in percentages\n|rule|Endless Battle Clause: Forcing endless battles is banned\n|clearpoke\n|poke|p1|Koraidon|\n|poke|p1|Ting-Lu|\n|poke|p1|Arceus|\n|poke|p1|Kyogre|\n|poke|p1|Landorus-Therian, M|\n|poke|p1|Calyrex-Ice|\n|poke|p2|Miraidon|\n|poke|p2|Calyrex-Shadow|\n|poke|p2|Miraidon|\n|poke|p2|Iron Leaves|\n|poke|p2|Iron Treads|\n|poke|p2|Garganacl, M|\n|teampreview\n|\n|t:|1698434710\n|start\n|switch|p1a: Koraidon|Koraidon|100\/100\n|switch|p2a: Miraidon|Miraidon|100\/100\n|-fieldstart|move: Electric Terrain|[from] ability: Hadron Engine|[of] p2a: Miraidon\n|-weather|SunnyDay|[from] ability: Orichalcum Pulse|[of] p1a: Koraidon\n|-activate|p1a: Koraidon|Orichalcum Pulse|[source]\n|turn|1\n|\n|t:|1698434720\n|switch|p1a: Ting-Lu|Ting-Lu|100\/100\n|-ability|p1a: Ting-Lu|Vessel of Ruin\n|-terastallize|p2a: Miraidon|Flying\n|move|p2a: Miraidon|Dragon Pulse|p1a: Ting-Lu\n|-damage|p1a: Ting-Lu|73\/100\n|\n|-weather|SunnyDay|[upkeep]\n|-heal|p1a: Ting-Lu|80\/100|[from] item: Leftovers\n|upkeep\n|turn|2\n|\n|t:|1698434729\n|switch|p2a: Iron Leaves|Iron Leaves|100\/100\n|-activate|p2a: Iron Leaves|ability: Quark Drive\n|-start|p2a: Iron Leaves|quarkdriveatk\n|move|p1a: Ting-Lu|Spikes|p2a: Iron Leaves\n|-sidestart|p2: obeycap|Spikes\n|\n|-weather|SunnyDay|[upkeep]\n|-heal|p1a: Ting-Lu|86\/100|[from] item: Leftovers\n|upkeep\n|turn|3\n|\n|t:|1698434734\n|switch|p1a: Landorus|Landorus-Therian, M|100\/100\n|-ability|p1a: Landorus|Intimidate|boost\n|-unboost|p2a: Iron Leaves|atk|1\n|move|p2a: Iron Leaves|Leaf Blade|p1a: Landorus\n|-damage|p1a: Landorus|68\/100\n|-damage|p2a: Iron Leaves|84\/100|[from] item: Rocky Helmet|[of] p1a: Landorus\n|\n|-weather|SunnyDay|[upkeep]\n|upkeep\n|turn|4\n|\n|t:|1698434750\n|-end|p2a: Iron Leaves|Quark Drive|[silent]\n|switch|p2a: Miraidon|Miraidon, tera:Flying|100\/100\n|-activate|p2a: Miraidon|ability: Hadron Engine\n|move|p1a: Landorus|U-turn|p2a: Miraidon\n|-resisted|p2a: Miraidon\n|-damage|p2a: Miraidon|89\/100\n|\n|t:|1698434755\n|switch|p1a: Calyrex|Calyrex-Ice|100\/100|[from] U-turn\n|-ability|p1a: Calyrex|As One\n|-ability|p1a: Calyrex|Unnerve\n|\n|-weather|SunnyDay|[upkeep]\n|upkeep\n|turn|5\n|\n|t:|1698434762\n|move|p2a: Miraidon|Overheat|p1a: Calyrex\n|-supereffective|p1a: Calyrex\n|-damage|p1a: Calyrex|0 fnt\n|-unboost|p2a: Miraidon|spa|2\n|faint|p1a: Calyrex\n|\n|-weather|none\n|upkeep\n|\n|t:|1698434767\n|switch|p1a: Koraidon|Koraidon|100\/100\n|-weather|SunnyDay|[from] ability: Orichalcum Pulse|[of] p1a: Koraidon\n|-activate|p1a: Koraidon|Orichalcum Pulse|[source]\n|turn|6\n|\n|t:|1698434769\n|move|p1a: Koraidon|Scale Shot|p2a: Miraidon\n|-damage|p2a: Miraidon|71\/100\n|-damage|p2a: Miraidon|54\/100\n|-damage|p2a: Miraidon|36\/100\n|-damage|p2a: Miraidon|17\/100\n|-hitcount|p2a: Miraidon|4\n|-unboost|p1a: Koraidon|def|1\n|-boost|p1a: Koraidon|spe|1\n|move|p2a: Miraidon|Volt Switch|p1a: Koraidon\n|-resisted|p1a: Koraidon\n|-damage|p1a: Koraidon|89\/100\n|\n|t:|1698434774\n|switch|p2a: Iron Treads|Iron Treads|100\/100|[from] Volt Switch\n|-damage|p2a: Iron Treads|88\/100|[from] Spikes\n|-activate|p2a: Iron Treads|ability: Quark Drive\n|-start|p2a: Iron Treads|quarkdrivespe\n|\n|-weather|SunnyDay|[upkeep]\n|upkeep\n|turn|7\n|\n|t:|1698434778\n|move|p1a: Koraidon|Low Kick|p2a: Iron Treads\n|-supereffective|p2a: Iron Treads\n|-damage|p2a: Iron Treads|0 fnt\n|faint|p2a: Iron Treads\n|-end|p2a: Iron Treads|Quark Drive|[silent]\n|\n|-weather|SunnyDay|[upkeep]\n|upkeep\n|\n|t:|1698434781\n|switch|p2a: Calyrex|Calyrex-Shadow|100\/100\n|-ability|p2a: Calyrex|As One\n|-ability|p2a: Calyrex|Unnerve\n|-damage|p2a: Calyrex|88\/100|[from] Spikes\n|turn|8\n|\n|t:|1698434785\n|switch|p2a: Iron Leaves|Iron Leaves|84\/100\n|-damage|p2a: Iron Leaves|72\/100|[from] Spikes\n|-activate|p2a: Iron Leaves|ability: Quark Drive\n|-start|p2a: Iron Leaves|quarkdriveatk\n|move|p1a: Koraidon|Scale Shot|p2a: Iron Leaves\n|-damage|p2a: Iron Leaves|49\/100\n|-crit|p2a: Iron Leaves\n|-damage|p2a: Iron Leaves|15\/100\n|-crit|p2a: Iron Leaves\n|-damage|p2a: Iron Leaves|0 fnt\n|faint|p2a: Iron Leaves\n|-end|p2a: Iron Leaves|Quark Drive|[silent]\n|-hitcount|p2: Iron Leaves|3\n|-unboost|p1a: Koraidon|def|1\n|-boost|p1a: Koraidon|spe|1\n|\n|-weather|SunnyDay|[upkeep]\n|-fieldend|move: Electric Terrain\n|upkeep\n|-message|obeycap forfeited.\n|\n|win|Pokemh\n|raw|Pokemh's rating: 1660 &rarr; <strong>1675<\/strong><br \/>(+15 for winning)\n|raw|obeycap's rating: 1573 &rarr; <strong>1558<\/strong><br \/>(-15 for losing)\n|l|\u2606obeycap\n","uploadtime":1698434799,"views":13,"p1id":"pokemh","p2id":"obeycap","formatid":"gen9anythinggoes","rating":1558,"private":0,"password":""}