{"id":"gen9anythinggoes-1973758583","p1":"Rasenmon10","p2":"far_buzzard","format":"[Gen 9] Anything Goes","log":"|j|\u2606Rasenmon10\n|j|\u2606far_buzzard\n|t:|1698010473\n|gametype|singles\n|player|p1|Rasenmon10|ninjaboy|1101\n|player|p2|far_buzzard|veteran|1101\n|teamsize|p1|6\n|teamsize|p2|6\n|gen|9\n|tier|[Gen 9] Anything Goes\n|rated|\n|rule|HP Percentage Mod: HP is shown in percentages\n|rule|Endless Battle Clause: Forcing endless battles is banned\n|clearpoke\n|poke|p1|Infernape, F|\n|poke|p1|Infernape, M|\n|poke|p1|Infernape, F|\n|poke|p1|Infernape, F|\n|poke|p1|Infernape, F|\n|poke|p1|Infernape, M|\n|poke|p2|Wyrdeer, F|\n|poke|p2|Ninetales, F|\n|poke|p2|Ninetales-Alola, F|\n|poke|p2|Moltres-Galar|\n|poke|p2|Quaquaval, M|\n|poke|p2|Oinkologne-F, F|\n|teampreview\n|inactive|Battle timer is ON: inactive players will automatically lose when time's up. (requested by far_buzzard)\n|c|\u2606far_buzzard|ok\n|c|\u2606Rasenmon10|monke\n|c|\u2606far_buzzard|gl\n|c|\u2606Rasenmon10|you too\n|\n|t:|1698010492\n|start\n|switch|p1a: Infernape|Infernape, F|100\/100\n|switch|p2a: Wyrdeer|Wyrdeer, F, shiny|100\/100\n|turn|1\n|\n|t:|1698010499\n|move|p1a: Infernape|Close Combat|p2a: Wyrdeer\n|-damage|p2a: Wyrdeer|36\/100\n|-unboost|p1a: Infernape|def|1\n|-unboost|p1a: Infernape|spd|1\n|-enditem|p1a: Infernape|White Herb\n|-clearnegativeboost|p1a: Infernape|[silent]\n|move|p2a: Wyrdeer|Trick|p1a: Infernape\n|-activate|p2a: Wyrdeer|move: Trick|[of] p1a: Infernape\n|-item|p1a: Infernape|Choice Scarf|[from] move: Trick\n|-enditem|p2a: Wyrdeer|Choice Scarf|[silent]|[from] move: Trick\n|\n|upkeep\n|turn|2\n|\n|t:|1698010510\n|-terastallize|p1a: Infernape|Flying\n|move|p1a: Infernape|Acrobatics|p2a: Wyrdeer\n|-damage|p2a: Wyrdeer|4\/100\n|move|p2a: Wyrdeer|Trick Room|p2a: Wyrdeer\n|-fieldstart|move: Trick Room|[of] p2a: Wyrdeer\n|\n|upkeep\n|turn|3\n|\n|t:|1698010528\n|switch|p1a: Infernape|Infernape, M|100\/100\n|move|p2a: Wyrdeer|Earthquake|p1a: Infernape\n|-supereffective|p1a: Infernape\n|-damage|p1a: Infernape|0 fnt\n|faint|p1a: Infernape\n|\n|upkeep\n|\n|t:|1698010537\n|switch|p1a: Infernape|Infernape, M|100\/100\n|turn|4\n|\n|t:|1698010540\n|move|p1a: Infernape|Fake Out|p2a: Wyrdeer\n|-damage|p2a: Wyrdeer|0 fnt\n|faint|p2a: Wyrdeer\n|\n|upkeep\n|\n|t:|1698010545\n|switch|p2a: Quaquaval|Quaquaval, M, shiny|100\/100\n|turn|5\n|\n|t:|1698010551\n|move|p2a: Quaquaval|Aqua Step|p1a: Infernape\n|-supereffective|p1a: Infernape\n|-damage|p1a: Infernape|0 fnt\n|-boost|p2a: Quaquaval|spe|1\n|faint|p1a: Infernape\n|-ability|p2a: Quaquaval|Moxie|boost\n|-boost|p2a: Quaquaval|atk|1\n|-damage|p2a: Quaquaval|91\/100|[from] item: Life Orb\n|\n|upkeep\n|\n|t:|1698010566\n|switch|p1a: Infernape|Infernape, F|100\/100\n|turn|6\n|c|\u2606far_buzzard|i wont spam aqua step\n|c|\u2606Rasenmon10|ok\n|\n|t:|1698010572\n|move|p1a: Infernape|Thunder Punch|p2a: Quaquaval\n|-supereffective|p2a: Quaquaval\n|-damage|p2a: Quaquaval|0 fnt\n|faint|p2a: Quaquaval\n|\n|-fieldend|move: Trick Room\n|upkeep\n|\n|t:|1698010584\n|switch|p2a: Ninetales|Ninetales, F, shiny|100\/100\n|-weather|SunnyDay|[from] ability: Drought|[of] p2a: Ninetales\n|turn|7\n|c|\u2606Rasenmon10|I mean trick room then aqua step was a mistake anyway\n|\n|t:|1698010598\n|move|p1a: Infernape|Thunder Punch|p2a: Ninetales\n|-damage|p2a: Ninetales|59\/100\n|move|p2a: Ninetales|Hypnosis|p1a: Infernape\n|-status|p1a: Infernape|slp|[from] move: Hypnosis\n|\n|-weather|SunnyDay|[upkeep]\n|-heal|p2a: Ninetales|65\/100|[from] item: Leftovers\n|upkeep\n|turn|8\n|c|\u2606Rasenmon10|dream eater??\n|\n|t:|1698010613\n|switch|p2a: Moltres|Moltres-Galar, shiny|100\/100\n|cant|p1a: Infernape|slp\n|\n|-weather|SunnyDay|[upkeep]\n|upkeep\n|turn|9\n|c|\u2606far_buzzard|no\n|c|\u2606Rasenmon10|oh galar moltres is kanto colors\n|\n|t:|1698010637\n|cant|p1a: Infernape|slp\n|move|p2a: Moltres|Ancient Power|p1a: Infernape\n|-damage|p1a: Infernape|74\/100 slp\n|-damage|p2a: Moltres|91\/100|[from] item: Life Orb\n|\n|-weather|SunnyDay|[upkeep]\n|upkeep\n|turn|10\n|c|\u2606far_buzzard|its shiny\n|\n|t:|1698010645\n|cant|p1a: Infernape|slp\n|move|p2a: Moltres|Hurricane|p1a: Infernape\n|-supereffective|p1a: Infernape\n|-damage|p1a: Infernape|0 fnt\n|faint|p1a: Infernape\n|-damage|p2a: Moltres|81\/100|[from] item: Life Orb\n|\n|-weather|SunnyDay|[upkeep]\n|upkeep\n|c|\u2606Rasenmon10|ik\n|inactive|Rasenmon10 has 120 seconds left.\n|\n|t:|1698010666\n|switch|p1a: Infernape|Infernape, F|100\/100\n|turn|11\n|\n|t:|1698010670\n|move|p1a: Infernape|Stealth Rock|p2a: Moltres\n|-sidestart|p2: far_buzzard|move: Stealth Rock\n|move|p2a: Moltres|Hurricane|p1a: Infernape\n|-supereffective|p1a: Infernape\n|-crit|p1a: Infernape\n|-damage|p1a: Infernape|0 fnt\n|faint|p1a: Infernape\n|-damage|p2a: Moltres|71\/100|[from] item: Life Orb\n|\n|-weather|none\n|upkeep\n|\n|t:|1698010682\n|switch|p1a: Infernape|Infernape, F, tera:Flying|100\/100\n|turn|12\n|\n|t:|1698010684\n|move|p1a: Infernape|Poison Jab|p2a: Moltres\n|-damage|p2a: Moltres|49\/100\n|-ability|p2a: Moltres|Berserk|boost\n|-boost|p2a: Moltres|spa|1\n|move|p2a: Moltres|Hurricane|p1a: Infernape\n|-damage|p1a: Infernape|0 fnt\n|faint|p1a: Infernape\n|-damage|p2a: Moltres|39\/100|[from] item: Life Orb\n|\n|upkeep\n|c|\u2606far_buzzard|gg\n|inactive|Rasenmon10 has 120 seconds left.\n|c|\u2606Rasenmon10|why is 70% accuracy so accurate but 80% is 50\/50\n|\n|t:|1698010715\n|switch|p1a: Infernape|Infernape, F|100\/100\n|turn|13\n|c|\u2606Rasenmon10|gg\n|c|\u2606far_buzzard|idk\n|\n|t:|1698010727\n|move|p1a: Infernape|Fire Blast|p2a: Moltres\n|-damage|p2a: Moltres|0 fnt\n|faint|p2a: Moltres\n|-damage|p1a: Infernape|91\/100|[from] item: Life Orb\n|\n|upkeep\n|\n|t:|1698010735\n|switch|p2a: Ninetales|Ninetales, F, shiny|65\/100\n|-damage|p2a: Ninetales|40\/100|[from] Stealth Rock\n|-weather|SunnyDay|[from] ability: Drought|[of] p2a: Ninetales\n|turn|14\n|c|\u2606Rasenmon10|rng is weird\n|inactive|Rasenmon10 has 120 seconds left.\n|\n|t:|1698010742\n|move|p1a: Infernape|Fire Blast|p2a: Ninetales\n|-resisted|p2a: Ninetales\n|-damage|p2a: Ninetales|2\/100\n|-damage|p1a: Infernape|81\/100|[from] item: Life Orb\n|move|p2a: Ninetales|Hypnosis|p1a: Infernape\n|-status|p1a: Infernape|slp|[from] move: Hypnosis\n|\n|-weather|SunnyDay|[upkeep]\n|-heal|p2a: Ninetales|8\/100|[from] item: Leftovers\n|upkeep\n|turn|15\n|\n|t:|1698010751\n|cant|p1a: Infernape|slp\n|move|p2a: Ninetales|Dark Pulse|p1a: Infernape\n|-resisted|p1a: Infernape\n|-damage|p1a: Infernape|69\/100 slp\n|\n|-weather|SunnyDay|[upkeep]\n|-heal|p2a: Ninetales|14\/100|[from] item: Leftovers\n|upkeep\n|turn|16\n|\n|t:|1698010760\n|switch|p2a: Oinkologne|Oinkologne-F, F, shiny|100\/100\n|-damage|p2a: Oinkologne|88\/100|[from] Stealth Rock\n|-curestatus|p1a: Infernape|slp|[msg]\n|move|p1a: Infernape|Fire Blast|p2a: Oinkologne\n|-damage|p2a: Oinkologne|52\/100\n|-damage|p1a: Infernape|59\/100|[from] item: Life Orb\n|\n|-weather|SunnyDay|[upkeep]\n|upkeep\n|turn|17\n|\n|t:|1698010775\n|move|p1a: Infernape|Aura Sphere|p2a: Oinkologne\n|-supereffective|p2a: Oinkologne\n|-damage|p2a: Oinkologne|0 fnt\n|faint|p2a: Oinkologne\n|-damage|p1a: Infernape|49\/100|[from] item: Life Orb\n|\n|-weather|SunnyDay|[upkeep]\n|upkeep\n|c|\u2606Rasenmon10|oh?\n|\n|t:|1698010784\n|switch|p2a: Ninetales|Ninetales-Alola, F, shiny|100\/100\n|-damage|p2a: Ninetales|76\/100|[from] Stealth Rock\n|-weather|Snow|[from] ability: Snow Warning|[of] p2a: Ninetales\n|turn|18\n|\n|t:|1698010795\n|-terastallize|p2a: Ninetales|Normal\n|move|p1a: Infernape|Fire Blast|p2a: Ninetales\n|-crit|p2a: Ninetales\n|-damage|p2a: Ninetales|0 fnt\n|faint|p2a: Ninetales\n|-damage|p1a: Infernape|39\/100|[from] item: Life Orb\n|\n|-weather|Snow|[upkeep]\n|upkeep\n|c|\u2606Rasenmon10|lmao\n|\n|t:|1698010806\n|switch|p2a: Ninetales|Ninetales, F, shiny|14\/100\n|-damage|p2a: Ninetales|0 fnt|[from] Stealth Rock\n|faint|p2a: Ninetales\n|\n|win|Rasenmon10\n|raw|Rasenmon10's rating: 1101 &rarr; <strong>1126<\/strong><br \/>(+25 for winning)\n|raw|far_buzzard's rating: 1101 &rarr; <strong>1076<\/strong><br \/>(-25 for losing)\n|c|\u2606Rasenmon10|gg\n|l|\u2606far_buzzard\n|c|\u2606Rasenmon10|oh\n","uploadtime":1698010818,"views":9,"p1id":"rasenmon10","p2id":"farbuzzard","formatid":"gen9anythinggoes","rating":1076,"private":0,"password":""}