{"id":"gen9anythinggoes-1975041530","p1":"ygygtvvf","p2":"dbihadasbk","format":"[Gen 9] Anything Goes","log":"|j|\u2606ygygtvvf\n|j|\u2606dbihadasbk\n|t:|1698157284\n|gametype|singles\n|player|p1|ygygtvvf|ethan|1051\n|player|p2|dbihadasbk|101|1067\n|teamsize|p1|6\n|teamsize|p2|6\n|gen|9\n|tier|[Gen 9] Anything Goes\n|rated|\n|rule|HP Percentage Mod: HP is shown in percentages\n|rule|Endless Battle Clause: Forcing endless battles is banned\n|clearpoke\n|poke|p1|Quagsire, M|\n|poke|p1|Dragapult, F|\n|poke|p1|Yanmega, M|\n|poke|p1|Decidueye-Hisui, M|\n|poke|p1|Weavile, M|\n|poke|p1|Salazzle, F|\n|poke|p2|Lucario, M|\n|poke|p2|Eternatus|\n|poke|p2|Gengar, F|\n|poke|p2|Gothitelle, M|\n|poke|p2|Ceruledge, F|\n|poke|p2|Hydreigon, F|\n|teampreview\n|\n|t:|1698157295\n|start\n|switch|p1a: Slice|Weavile, M, shiny|100\/100\n|switch|p2a: Eternatus|Eternatus|100\/100\n|-ability|p2a: Eternatus|Pressure\n|-ability|p1a: Slice|Pressure\n|turn|1\n|\n|t:|1698157304\n|move|p2a: Eternatus|Toxic Spikes|p1a: Slice\n|-sidestart|p1: ygygtvvf|move: Toxic Spikes\n|move|p1a: Slice|Ice Spinner|p2a: Eternatus\n|-supereffective|p2a: Eternatus\n|-damage|p2a: Eternatus|30\/100\n|\n|upkeep\n|turn|2\n|\n|t:|1698157312\n|move|p2a: Eternatus|Flamethrower|p1a: Slice\n|-supereffective|p1a: Slice\n|-damage|p1a: Slice|31\/100\n|move|p1a: Slice|Ice Spinner|p2a: Eternatus\n|-supereffective|p2a: Eternatus\n|-damage|p2a: Eternatus|0 fnt\n|faint|p2a: Eternatus\n|\n|upkeep\n|\n|t:|1698157321\n|switch|p2a: Lucario|Lucario, M|100\/100\n|turn|3\n|\n|t:|1698157331\n|move|p1a: Slice|Brick Break|p2a: Lucario\n|-supereffective|p2a: Lucario\n|-damage|p2a: Lucario|26\/100\n|-damage|p1a: Slice|15\/100|[from] item: Rocky Helmet|[of] p2a: Lucario\n|move|p2a: Lucario|Brick Break|p1a: Slice\n|-supereffective|p1a: Slice\n|-crit|p1a: Slice\n|-damage|p1a: Slice|0 fnt\n|faint|p1a: Slice\n|\n|upkeep\n|\n|t:|1698157341\n|switch|p1a: Salazzle|Salazzle, F|100\/100\n|-sideend|p1: ygygtvvf|move: Toxic Spikes|[of] p1a: Salazzle\n|turn|4\n|\n|t:|1698157346\n|move|p1a: Salazzle|Flamethrower|p2a: Lucario\n|-supereffective|p2a: Lucario\n|-damage|p2a: Lucario|0 fnt\n|faint|p2a: Lucario\n|\n|upkeep\n|\n|t:|1698157361\n|switch|p2a: Gothitelle|Gothitelle, M|100\/100\n|-item|p1a: Salazzle|Focus Sash|[from] ability: Frisk|[of] p2a: Gothitelle|[identify]\n|turn|5\n|\n|t:|1698157367\n|-terastallize|p1a: Salazzle|Grass\n|move|p1a: Salazzle|Flamethrower|p2a: Gothitelle\n|-damage|p2a: Gothitelle|57\/100\n|move|p2a: Gothitelle|Trick|p1a: Salazzle\n|-activate|p2a: Gothitelle|move: Trick|[of] p1a: Salazzle\n|-item|p1a: Salazzle|Power Herb|[from] move: Trick\n|-item|p2a: Gothitelle|Focus Sash|[from] move: Trick\n|\n|upkeep\n|turn|6\n|\n|t:|1698157379\n|move|p1a: Salazzle|Flamethrower|p2a: Gothitelle\n|-damage|p2a: Gothitelle|8\/100\n|move|p2a: Gothitelle|Future Sight|p1a: Salazzle\n|-start|p2a: Gothitelle|move: Future Sight\n|\n|upkeep\n|turn|7\n|\n|t:|1698157385\n|move|p1a: Salazzle|Flamethrower|p2a: Gothitelle\n|-damage|p2a: Gothitelle|0 fnt\n|faint|p2a: Gothitelle\n|\n|upkeep\n|\n|t:|1698157391\n|switch|p2a: Ceruledge|Ceruledge, F|100\/100\n|turn|8\n|\n|t:|1698157396\n|move|p1a: Salazzle|Sludge Bomb|p2a: Ceruledge\n|-resisted|p2a: Ceruledge\n|-damage|p2a: Ceruledge|74\/100\n|move|p2a: Ceruledge|Bitter Blade|p1a: Salazzle\n|-supereffective|p1a: Salazzle\n|-damage|p1a: Salazzle|0 fnt\n|-heal|p2a: Ceruledge|100\/100|[from] drain|[of] p1a: Salazzle\n|faint|p1a: Salazzle\n|\n|-hint|Future Sight did not hit because the target is fainted.\n|upkeep\n|\n|t:|1698157433\n|switch|p1a: Plurb|Quagsire, M, shiny|100\/100\n|turn|9\n|\n|t:|1698157443\n|move|p2a: Ceruledge|Destiny Bond|p2a: Ceruledge\n|-singlemove|p2a: Ceruledge|Destiny Bond\n|move|p1a: Plurb|Earthquake|p2a: Ceruledge\n|-supereffective|p2a: Ceruledge\n|-damage|p2a: Ceruledge|0 fnt\n|faint|p2a: Ceruledge\n|-activate|p2a: Ceruledge|move: Destiny Bond\n|faint|p1a: Plurb\n|\n|upkeep\n|\n|t:|1698157459\n|switch|p2a: Hydreigon|Hydreigon, F|100\/100\n|switch|p1a: Assassin|Dragapult, F, shiny|100\/100\n|turn|10\n|\n|t:|1698157470\n|move|p1a: Assassin|Dragon Pulse|p2a: Hydreigon\n|-supereffective|p2a: Hydreigon\n|-damage|p2a: Hydreigon|27\/100\n|move|p2a: Hydreigon|Draco Meteor|p1a: Assassin\n|-supereffective|p1a: Assassin\n|-enditem|p1a: Assassin|Focus Sash\n|-damage|p1a: Assassin|1\/100\n|-unboost|p2a: Hydreigon|spa|2\n|\n|upkeep\n|turn|11\n|\n|t:|1698157481\n|move|p2a: Hydreigon|Protect|p2a: Hydreigon\n|-singleturn|p2a: Hydreigon|Protect\n|move|p1a: Assassin|Dragon Pulse|p2a: Hydreigon\n|-activate|p2a: Hydreigon|move: Protect\n|\n|upkeep\n|turn|12\n|\n|t:|1698157489\n|move|p1a: Assassin|Dragon Pulse|p2a: Hydreigon\n|-supereffective|p2a: Hydreigon\n|-damage|p2a: Hydreigon|0 fnt\n|faint|p2a: Hydreigon\n|\n|upkeep\n|\n|t:|1698157494\n|switch|p2a: Gengar|Gengar, F|100\/100\n|turn|13\n|\n|t:|1698157500\n|move|p1a: Assassin|Shadow Ball|p2a: Gengar\n|-supereffective|p2a: Gengar\n|-damage|p2a: Gengar|26\/100\n|move|p2a: Gengar|Dark Pulse|p1a: Assassin\n|-supereffective|p1a: Assassin\n|-damage|p1a: Assassin|0 fnt\n|faint|p1a: Assassin\n|\n|upkeep\n|inactive|Battle timer is ON: inactive players will automatically lose when time's up. (requested by ygygtvvf)\n|\n|t:|1698157513\n|switch|p1a: Photosinthesis|Decidueye-Hisui, M|100\/100\n|turn|14\n|\n|t:|1698157518\n|move|p2a: Gengar|Protect|p2a: Gengar\n|-singleturn|p2a: Gengar|Protect\n|move|p1a: Photosinthesis|Knock Off|p2a: Gengar\n|-activate|p2a: Gengar|move: Protect\n|\n|upkeep\n|turn|15\n|\n|t:|1698157525\n|move|p2a: Gengar|Dark Pulse|p1a: Photosinthesis\n|-resisted|p1a: Photosinthesis\n|-damage|p1a: Photosinthesis|90\/100\n|move|p1a: Photosinthesis|Knock Off|p2a: Gengar\n|-supereffective|p2a: Gengar\n|-damage|p2a: Gengar|0 fnt\n|faint|p2a: Gengar\n|\n|win|ygygtvvf\n|raw|ygygtvvf's rating: 1051 &rarr; <strong>1085<\/strong><br \/>(+34 for winning)\n|raw|dbihadasbk's rating: 1067 &rarr; <strong>1046<\/strong><br \/>(-21 for losing)\n|l|\u2606dbihadasbk\n","uploadtime":1698157537,"views":12,"p1id":"ygygtvvf","p2id":"dbihadasbk","formatid":"gen9anythinggoes","rating":1046,"private":0,"password":""}