{"id":"gen9anythinggoes-1975779573","p1":"hbkmnw","p2":"harrimarron 2","format":"[Gen 9] Anything Goes","log":"|j|\u2606hbkmnw\n|j|\u2606harrimarron 2\n|t:|1698237175\n|gametype|singles\n|player|p1|hbkmnw|guitarist|1580\n|player|p2|harrimarron 2|twins-gen4dp|1595\n|teamsize|p1|6\n|teamsize|p2|6\n|gen|9\n|tier|[Gen 9] Anything Goes\n|rated|\n|rule|HP Percentage Mod: HP is shown in percentages\n|rule|Endless Battle Clause: Forcing endless battles is banned\n|clearpoke\n|poke|p1|Calyrex-Ice|\n|poke|p1|Hatterene, F|\n|poke|p1|Ursaluna-Bloodmoon, M|\n|poke|p1|Toxapex, F|\n|poke|p1|Cresselia, F|\n|poke|p1|Dondozo, M|\n|poke|p2|Calyrex-Shadow|\n|poke|p2|Landorus-Therian, M|\n|poke|p2|Arceus|\n|poke|p2|Arceus|\n|poke|p2|Koraidon|\n|poke|p2|Koraidon|\n|teampreview\n|\n|t:|1698237188\n|start\n|switch|p1a: Toxapex|Toxapex, F|100\/100\n|switch|p2a: Koraidon|Koraidon|100\/100\n|-weather|SunnyDay|[from] ability: Orichalcum Pulse|[of] p2a: Koraidon\n|-activate|p2a: Koraidon|Orichalcum Pulse|[source]\n|turn|1\n|\n|t:|1698237197\n|move|p1a: Toxapex|Baneful Bunker|p1a: Toxapex\n|-singleturn|p1a: Toxapex|move: Protect\n|move|p2a: Koraidon|U-turn|p1a: Toxapex\n|-activate|p1a: Toxapex|move: Protect\n|-status|p2a: Koraidon|psn\n|\n|-weather|SunnyDay|[upkeep]\n|-damage|p2a: Koraidon|88\/100 psn|[from] psn\n|upkeep\n|turn|2\n|\n|t:|1698237207\n|move|p2a: Koraidon|U-turn|p1a: Toxapex\n|-resisted|p1a: Toxapex\n|-damage|p1a: Toxapex|90\/100\n|-damage|p2a: Koraidon|72\/100 psn|[from] item: Rocky Helmet|[of] p1a: Toxapex\n|\n|t:|1698237216\n|switch|p2a: Landorus|Landorus-Therian, M|100\/100|[from] U-turn\n|-ability|p2a: Landorus|Intimidate|boost\n|-unboost|p1a: Toxapex|atk|1\n|move|p1a: Toxapex|Toxic Spikes|p2a: Landorus\n|-sidestart|p2: harrimarron 2|move: Toxic Spikes\n|\n|-weather|SunnyDay|[upkeep]\n|upkeep\n|turn|3\n|\n|t:|1698237235\n|switch|p1a: Hatterene|Hatterene, F, shiny|100\/100\n|move|p2a: Landorus|U-turn|p1a: Hatterene\n|-damage|p1a: Hatterene|76\/100\n|\n|t:|1698237240\n|switch|p2a: Calyrex|Calyrex-Shadow|100\/100|[from] U-turn\n|-ability|p2a: Calyrex|As One\n|-ability|p2a: Calyrex|Unnerve\n|\n|-weather|SunnyDay|[upkeep]\n|upkeep\n|turn|4\n|\n|t:|1698237250\n|move|p2a: Calyrex|Nasty Plot|p2a: Calyrex\n|-boost|p2a: Calyrex|spa|2\n|move|p1a: Hatterene|Dark Pulse|p2a: Calyrex\n|-supereffective|p2a: Calyrex\n|-damage|p2a: Calyrex|0 fnt\n|faint|p2a: Calyrex\n|\n|-weather|SunnyDay|[upkeep]\n|upkeep\n|inactive|Battle timer is ON: inactive players will automatically lose when time's up. (requested by hbkmnw)\n|inactive|harrimarron 2 has 120 seconds left.\n|inactive|harrimarron 2 has 90 seconds left.\n|\n|t:|1698237361\n|switch|p2a: Arceus|Arceus|100\/100\n|turn|5\n|\n|t:|1698237369\n|move|p2a: Arceus|Dragon Dance|p2a: Arceus\n|-boost|p2a: Arceus|atk|1\n|-boost|p2a: Arceus|spe|1\n|move|p1a: Hatterene|Trick Room|p1a: Hatterene\n|-fieldstart|move: Trick Room|[of] p1a: Hatterene\n|\n|-weather|none\n|upkeep\n|turn|6\n|\n|t:|1698237378\n|switch|p1a: Dondozo|Dondozo, M|100\/100\n|move|p2a: Arceus|Extreme Speed|p1a: Dondozo\n|-damage|p1a: Dondozo|76\/100\n|\n|-heal|p1a: Dondozo|82\/100|[from] item: Leftovers\n|upkeep\n|turn|7\n|-message|harrimarron 2 forfeited.\n|\n|win|hbkmnw\n|raw|hbkmnw's rating: 1580 &rarr; <strong>1601<\/strong><br \/>(+21 for winning)\n|raw|harrimarron 2's rating: 1595 &rarr; <strong>1574<\/strong><br \/>(-21 for losing)\n|l|\u2606harrimarron 2\n|l|\u2606hbkmnw\n","uploadtime":1698237485,"views":7,"p1id":"hbkmnw","p2id":"harrimarron2","formatid":"gen9anythinggoes","rating":1574,"private":0,"password":""}