{"id":"gen9anythinggoes-1978411211","p1":"Yurabeach","p2":"evonik","format":"[Gen 9] Anything Goes","log":"|j|\u2606Yurabeach\n|j|\u2606evonik\n|t:|1698535495\n|gametype|singles\n|player|p1|Yurabeach|backpacker|1258\n|player|p2|evonik|1|1114\n|teamsize|p1|6\n|teamsize|p2|6\n|gen|9\n|tier|[Gen 9] Anything Goes\n|rated|\n|rule|HP Percentage Mod: HP is shown in percentages\n|rule|Endless Battle Clause: Forcing endless battles is banned\n|clearpoke\n|poke|p1|Orthworm, M|\n|poke|p1|Clodsire, F|\n|poke|p1|Glimmora, M|\n|poke|p1|Garganacl, F|\n|poke|p1|Kingambit, F|\n|poke|p1|Ceruledge, M|\n|poke|p2|Tornadus-Therian, M|\n|poke|p2|Rotom-Wash|\n|poke|p2|Heatran, F|\n|poke|p2|Thundurus, M|\n|poke|p2|Breloom, F|\n|poke|p2|Tinkaton, F|\n|teampreview\n|\n|t:|1698535500\n|start\n|switch|p1a: Garganacl|Garganacl, F, shiny|100\/100\n|switch|p2a: Breloom|Breloom, F, shiny|100\/100\n|turn|1\n|\n|t:|1698535510\n|-terastallize|p1a: Garganacl|Flying\n|move|p2a: Breloom|Spore|p1a: Garganacl\n|-immune|p1a: Garganacl|[from] ability: Purifying Salt\n|move|p1a: Garganacl|Salt Cure|p2a: Breloom\n|-resisted|p2a: Breloom\n|-damage|p2a: Breloom|90\/100\n|-start|p2a: Breloom|Salt Cure\n|\n|-damage|p2a: Breloom|78\/100|[from] Salt Cure\n|-status|p2a: Breloom|tox|[from] item: Toxic Orb\n|upkeep\n|turn|2\n|inactive|Battle timer is ON: inactive players will automatically lose when time's up. (requested by Yurabeach)\n|\n|t:|1698535538\n|switch|p2a: Rotom|Rotom-Wash, shiny|100\/100\n|move|p1a: Garganacl|Salt Cure|p2a: Rotom\n|-damage|p2a: Rotom|89\/100\n|-start|p2a: Rotom|Salt Cure\n|\n|-heal|p2a: Rotom|95\/100|[from] item: Leftovers\n|-damage|p2a: Rotom|70\/100|[from] Salt Cure\n|upkeep\n|turn|3\n|\n|t:|1698535552\n|switch|p1a: Clodsire|Clodsire, F, shiny|100\/100\n|move|p2a: Rotom|Volt Switch|p1a: Clodsire\n|-immune|p1a: Clodsire\n|\n|-heal|p2a: Rotom|76\/100|[from] item: Leftovers\n|-damage|p2a: Rotom|51\/100|[from] Salt Cure\n|upkeep\n|turn|4\n|\n|t:|1698535564\n|move|p2a: Rotom|Hydro Pump|p1a: Clodsire\n|-immune|p1a: Clodsire|[from] ability: Water Absorb\n|move|p1a: Clodsire|Earthquake|p2a: Rotom\n|-immune|p2a: Rotom|[from] ability: Levitate\n|\n|-heal|p2a: Rotom|57\/100|[from] item: Leftovers\n|-damage|p2a: Rotom|32\/100|[from] Salt Cure\n|upkeep\n|turn|5\n|\n|t:|1698535575\n|move|p2a: Rotom|Will-O-Wisp|p1a: Clodsire|[miss]\n|-miss|p2a: Rotom|p1a: Clodsire\n|move|p1a: Clodsire|Toxic|p2a: Rotom\n|-status|p2a: Rotom|tox\n|\n|-heal|p2a: Rotom|39\/100 tox|[from] item: Leftovers\n|-damage|p2a: Rotom|32\/100 tox|[from] psn\n|-damage|p2a: Rotom|7\/100 tox|[from] Salt Cure\n|upkeep\n|turn|6\n|\n|t:|1698535584\n|move|p2a: Rotom|Will-O-Wisp|p1a: Clodsire\n|-status|p1a: Clodsire|brn\n|move|p1a: Clodsire|Amnesia|p1a: Clodsire\n|-boost|p1a: Clodsire|spd|2\n|\n|-heal|p2a: Rotom|14\/100 tox|[from] item: Leftovers\n|-damage|p2a: Rotom|1\/100 tox|[from] psn\n|-damage|p1a: Clodsire|94\/100 brn|[from] brn\n|-damage|p2a: Rotom|0 fnt|[from] Salt Cure\n|faint|p2a: Rotom\n|upkeep\n|\n|t:|1698535601\n|switch|p2a: Breloom|Breloom, F, shiny|78\/100 tox\n|turn|7\n|\n|t:|1698535610\n|move|p2a: Breloom|Spore||[still]\n|-fail|p2a: Breloom\n|move|p1a: Clodsire|Earthquake|p2a: Breloom\n|-resisted|p2a: Breloom\n|-damage|p2a: Breloom|64\/100 tox\n|\n|-heal|p2a: Breloom|76\/100 tox|[from] ability: Poison Heal\n|-damage|p1a: Clodsire|88\/100 brn|[from] brn\n|upkeep\n|turn|8\n|\n|t:|1698535618\n|move|p2a: Breloom|Spore||[still]\n|-fail|p2a: Breloom\n|move|p1a: Clodsire|Earthquake|p2a: Breloom\n|-resisted|p2a: Breloom\n|-damage|p2a: Breloom|63\/100 tox\n|\n|-heal|p2a: Breloom|75\/100 tox|[from] ability: Poison Heal\n|-damage|p1a: Clodsire|82\/100 brn|[from] brn\n|upkeep\n|turn|9\n|\n|t:|1698535627\n|move|p2a: Breloom|Seed Bomb|p1a: Clodsire\n|-damage|p1a: Clodsire|36\/100 brn\n|move|p1a: Clodsire|Amnesia|p1a: Clodsire\n|-boost|p1a: Clodsire|spd|2\n|\n|-heal|p2a: Breloom|88\/100 tox|[from] ability: Poison Heal\n|-damage|p1a: Clodsire|30\/100 brn|[from] brn\n|upkeep\n|turn|10\n|\n|t:|1698535635\n|switch|p1a: Glimmora|Glimmora, M, shiny|100\/100\n|move|p2a: Breloom|Seed Bomb|p1a: Glimmora\n|-damage|p1a: Glimmora|58\/100\n|-activate|p1a: Glimmora|ability: Toxic Debris\n|-sidestart|p2: evonik|move: Toxic Spikes\n|\n|-heal|p1a: Glimmora|64\/100|[from] item: Black Sludge\n|-heal|p2a: Breloom|100\/100 tox|[from] ability: Poison Heal\n|upkeep\n|turn|11\n|\n|t:|1698535644\n|move|p1a: Glimmora|Spiky Shield|p1a: Glimmora\n|-singleturn|p1a: Glimmora|move: Protect\n|move|p2a: Breloom|Spore|p1a: Glimmora\n|-activate|p1a: Glimmora|move: Protect\n|\n|-heal|p1a: Glimmora|70\/100|[from] item: Black Sludge\n|upkeep\n|turn|12\n|\n|t:|1698535657\n|switch|p1a: Garganacl|Garganacl, F, shiny, tera:Flying|100\/100\n|move|p2a: Breloom|Spore|p1a: Garganacl\n|-immune|p1a: Garganacl|[from] ability: Purifying Salt\n|\n|upkeep\n|turn|13\n|\n|t:|1698535670\n|switch|p2a: Heatran|Heatran, F|100\/100\n|move|p1a: Garganacl|Salt Cure|p2a: Heatran\n|-damage|p2a: Heatran|89\/100\n|-start|p2a: Heatran|Salt Cure\n|\n|-heal|p2a: Heatran|95\/100|[from] item: Leftovers\n|-damage|p2a: Heatran|70\/100|[from] Salt Cure\n|upkeep\n|turn|14\n|\n|t:|1698535680\n|move|p2a: Heatran|Lava Plume|p1a: Garganacl\n|-damage|p1a: Garganacl|72\/100\n|move|p1a: Garganacl|Body Press|p2a: Heatran\n|-supereffective|p2a: Heatran\n|-damage|p2a: Heatran|25\/100\n|\n|-heal|p2a: Heatran|31\/100|[from] item: Leftovers\n|-damage|p2a: Heatran|6\/100|[from] Salt Cure\n|upkeep\n|turn|15\n|\n|t:|1698535690\n|move|p2a: Heatran|Stone Edge|p1a: Garganacl\n|-supereffective|p1a: Garganacl\n|-damage|p1a: Garganacl|49\/100\n|move|p1a: Garganacl|Recover|p1a: Garganacl\n|-heal|p1a: Garganacl|99\/100\n|\n|-heal|p2a: Heatran|12\/100|[from] item: Leftovers\n|-damage|p2a: Heatran|0 fnt|[from] Salt Cure\n|faint|p2a: Heatran\n|upkeep\n|\n|t:|1698535704\n|switch|p2a: Tinkaton|Tinkaton, F, shiny|100\/100\n|turn|16\n|\n|t:|1698535709\n|move|p2a: Tinkaton|Fake Out|p1a: Garganacl\n|-damage|p1a: Garganacl|95\/100\n|move|p1a: Garganacl|Salt Cure|p2a: Tinkaton\n|-resisted|p2a: Tinkaton\n|-damage|p2a: Tinkaton|93\/100\n|-start|p2a: Tinkaton|Salt Cure\n|\n|-damage|p2a: Tinkaton|68\/100|[from] Salt Cure\n|upkeep\n|turn|17\n|\n|t:|1698535717\n|move|p2a: Tinkaton|Ice Hammer|p1a: Garganacl\n|-supereffective|p1a: Garganacl\n|-damage|p1a: Garganacl|75\/100\n|-unboost|p2a: Tinkaton|spe|1\n|move|p1a: Garganacl|Salt Cure|p2a: Tinkaton\n|-resisted|p2a: Tinkaton\n|-damage|p2a: Tinkaton|61\/100\n|\n|-damage|p2a: Tinkaton|36\/100|[from] Salt Cure\n|upkeep\n|turn|18\n|\n|t:|1698535728\n|move|p2a: Tinkaton|Play Rough|p1a: Garganacl\n|-damage|p1a: Garganacl|61\/100\n|move|p1a: Garganacl|Iron Defense|p1a: Garganacl\n|-boost|p1a: Garganacl|def|2\n|\n|-damage|p2a: Tinkaton|11\/100|[from] Salt Cure\n|upkeep\n|turn|19\n|\n|t:|1698535735\n|move|p2a: Tinkaton|Gigaton Hammer|p1a: Garganacl\n|-damage|p1a: Garganacl|47\/100\n|move|p1a: Garganacl|Recover|p1a: Garganacl\n|-heal|p1a: Garganacl|97\/100\n|\n|-damage|p2a: Tinkaton|0 fnt|[from] Salt Cure\n|faint|p2a: Tinkaton\n|upkeep\n|\n|t:|1698535743\n|switch|p2a: Tornadus|Tornadus-Therian, M, shiny|100\/100\n|turn|20\n|\n|t:|1698535752\n|switch|p1a: Glimmora|Glimmora, M, shiny|70\/100\n|move|p2a: Tornadus|Knock Off|p1a: Glimmora\n|-damage|p1a: Glimmora|52\/100\n|-activate|p1a: Glimmora|ability: Toxic Debris\n|-sidestart|p2: evonik|move: Toxic Spikes\n|-enditem|p1a: Glimmora|Black Sludge|[from] move: Knock Off|[of] p2a: Tornadus\n|\n|upkeep\n|turn|21\n|\n|t:|1698535764\n|move|p2a: Tornadus|Hurricane|p1a: Glimmora\n|-resisted|p1a: Glimmora\n|-damage|p1a: Glimmora|20\/100\n|move|p1a: Glimmora|Stealth Rock|p2a: Tornadus\n|-sidestart|p2: evonik|move: Stealth Rock\n|\n|upkeep\n|turn|22\n|\n|t:|1698535769\n|move|p1a: Glimmora|Spiky Shield|p1a: Glimmora\n|-singleturn|p1a: Glimmora|move: Protect\n|move|p2a: Tornadus|Hurricane|p1a: Glimmora\n|-activate|p1a: Glimmora|move: Protect\n|\n|upkeep\n|turn|23\n|\n|t:|1698535776\n|move|p2a: Tornadus|Hurricane|p1a: Glimmora|[miss]\n|-miss|p2a: Tornadus|p1a: Glimmora\n|move|p1a: Glimmora|Power Gem|p2a: Tornadus\n|-supereffective|p2a: Tornadus\n|-damage|p2a: Tornadus|41\/100\n|\n|upkeep\n|turn|24\n|\n|t:|1698535782\n|move|p1a: Glimmora|Spiky Shield|p1a: Glimmora\n|-singleturn|p1a: Glimmora|move: Protect\n|move|p2a: Tornadus|Hurricane|p1a: Glimmora\n|-activate|p1a: Glimmora|move: Protect\n|\n|upkeep\n|turn|25\n|\n|t:|1698535788\n|move|p2a: Tornadus|U-turn|p1a: Glimmora\n|-resisted|p1a: Glimmora\n|-damage|p1a: Glimmora|13\/100\n|\n|t:|1698535791\n|switch|p2a: Thundurus|Thundurus, M|100\/100|[from] U-turn\n|-damage|p2a: Thundurus|76\/100|[from] Stealth Rock\n|move|p1a: Glimmora|Power Gem|p2a: Thundurus\n|-supereffective|p2a: Thundurus\n|-damage|p2a: Thundurus|0 fnt\n|faint|p2a: Thundurus\n|\n|upkeep\n|\n|t:|1698535799\n|switch|p2a: Breloom|Breloom, F, shiny|100\/100 tox\n|-damage|p2a: Breloom|94\/100 tox|[from] Stealth Rock\n|turn|26\n|\n|t:|1698535807\n|move|p1a: Glimmora|Spiky Shield|p1a: Glimmora\n|-singleturn|p1a: Glimmora|move: Protect\n|move|p2a: Breloom|Seed Bomb|p1a: Glimmora\n|-activate|p1a: Glimmora|move: Protect\n|\n|-heal|p2a: Breloom|100\/100 tox|[from] ability: Poison Heal\n|upkeep\n|turn|27\n|\n|t:|1698535815\n|move|p2a: Breloom|Seed Bomb|p1a: Glimmora\n|-damage|p1a: Glimmora|0 fnt\n|faint|p1a: Glimmora\n|\n|upkeep\n|\n|t:|1698535819\n|switch|p1a: Ceruledge|Ceruledge, M, shiny|100\/100\n|turn|28\n|\n|t:|1698535823\n|move|p2a: Breloom|Spore|p1a: Ceruledge\n|-status|p1a: Ceruledge|slp|[from] move: Spore\n|cant|p1a: Ceruledge|slp\n|\n|upkeep\n|turn|29\n|\n|t:|1698535829\n|move|p2a: Breloom|Substitute|p2a: Breloom\n|-start|p2a: Breloom|Substitute\n|-damage|p2a: Breloom|75\/100 tox\n|-curestatus|p1a: Ceruledge|slp|[msg]\n|move|p1a: Ceruledge|Bitter Blade|p2a: Breloom\n|-supereffective|p2a: Breloom\n|-end|p2a: Breloom|Substitute\n|\n|-heal|p2a: Breloom|88\/100 tox|[from] ability: Poison Heal\n|upkeep\n|turn|30\n|\n|t:|1698535838\n|switch|p1a: Garganacl|Garganacl, F, shiny, tera:Flying|97\/100\n|move|p2a: Breloom|Spore|p1a: Garganacl\n|-immune|p1a: Garganacl|[from] ability: Purifying Salt\n|\n|-heal|p2a: Breloom|100\/100 tox|[from] ability: Poison Heal\n|upkeep\n|turn|31\n|\n|t:|1698535846\n|switch|p2a: Tornadus|Tornadus-Therian, M, shiny|74\/100\n|-damage|p2a: Tornadus|49\/100|[from] Stealth Rock\n|move|p1a: Garganacl|Salt Cure|p2a: Tornadus\n|-supereffective|p2a: Tornadus\n|-damage|p2a: Tornadus|10\/100\n|-start|p2a: Tornadus|Salt Cure\n|\n|-damage|p2a: Tornadus|0 fnt|[from] Salt Cure\n|faint|p2a: Tornadus\n|upkeep\n|\n|t:|1698535855\n|switch|p2a: Breloom|Breloom, F, shiny|100\/100 tox\n|-damage|p2a: Breloom|94\/100 tox|[from] Stealth Rock\n|turn|32\n|\n|t:|1698535861\n|-terastallize|p2a: Breloom|Grass\n|move|p2a: Breloom|Seed Bomb|p1a: Garganacl\n|-resisted|p1a: Garganacl\n|-damage|p1a: Garganacl|82\/100\n|move|p1a: Garganacl|Salt Cure|p2a: Breloom\n|-damage|p2a: Breloom|74\/100 tox\n|-start|p2a: Breloom|Salt Cure\n|\n|-heal|p2a: Breloom|86\/100 tox|[from] ability: Poison Heal\n|-damage|p2a: Breloom|74\/100 tox|[from] Salt Cure\n|upkeep\n|turn|33\n|\n|t:|1698535874\n|move|p2a: Breloom|Seed Bomb|p1a: Garganacl\n|-resisted|p1a: Garganacl\n|-damage|p1a: Garganacl|65\/100\n|move|p1a: Garganacl|Iron Defense|p1a: Garganacl\n|-boost|p1a: Garganacl|def|2\n|\n|-heal|p2a: Breloom|86\/100 tox|[from] ability: Poison Heal\n|-damage|p2a: Breloom|74\/100 tox|[from] Salt Cure\n|upkeep\n|turn|34\n|\n|t:|1698535884\n|-singleturn|p2a: Breloom|move: Focus Punch\n|move|p1a: Garganacl|Iron Defense|p1a: Garganacl\n|-boost|p1a: Garganacl|def|2\n|move|p2a: Breloom|Focus Punch|p1a: Garganacl\n|-resisted|p1a: Garganacl\n|-damage|p1a: Garganacl|58\/100\n|\n|-heal|p2a: Breloom|86\/100 tox|[from] ability: Poison Heal\n|-damage|p2a: Breloom|74\/100 tox|[from] Salt Cure\n|upkeep\n|turn|35\n|-message|evonik forfeited.\n|\n|win|Yurabeach\n|raw|Yurabeach's rating: 1258 &rarr; <strong>1273<\/strong><br \/>(+15 for winning)\n|raw|evonik's rating: 1114 &rarr; <strong>1099<\/strong><br \/>(-15 for losing)\n|l|\u2606evonik\n","uploadtime":1698535901,"views":7,"p1id":"yurabeach","p2id":"evonik","formatid":"gen9anythinggoes","rating":1099,"private":0,"password":""}