{"id":"gen9anythinggoes-1979441358","p1":"hoenn militian","p2":"Hamonic Dog","format":"[Gen 9] Anything Goes","log":"|j|\u2606hoenn militian\n|j|\u2606Hamonic Dog\n|t:|1698682950\n|gametype|singles\n|player|p1|hoenn militian|101|1722\n|player|p2|Hamonic Dog|102|1714\n|teamsize|p1|6\n|teamsize|p2|6\n|gen|9\n|tier|[Gen 9] Anything Goes\n|rated|\n|rule|HP Percentage Mod: HP is shown in percentages\n|rule|Endless Battle Clause: Forcing endless battles is banned\n|clearpoke\n|poke|p1|Miraidon|\n|poke|p1|Grimmsnarl, M|\n|poke|p1|Skeledirge, F|\n|poke|p1|Blissey, F|\n|poke|p1|Moltres|\n|poke|p1|Calyrex-Ice|\n|poke|p2|Quaquaval, F|\n|poke|p2|Calyrex-Shadow|\n|poke|p2|Shaymin-Sky|\n|poke|p2|Kingambit, F|\n|poke|p2|Arceus-Fairy|\n|poke|p2|Koraidon|\n|teampreview\n|\n|t:|1698682974\n|start\n|switch|p1a: Grimmsnarl|Grimmsnarl, M|100\/100\n|switch|p2a: Koraidon|Koraidon|100\/100\n|-weather|SunnyDay|[from] ability: Orichalcum Pulse|[of] p2a: Koraidon\n|-activate|p2a: Koraidon|Orichalcum Pulse|[source]\n|turn|1\n|inactive|Battle timer is ON: inactive players will automatically lose when time's up. (requested by Hamonic Dog)\n|\n|t:|1698682981\n|move|p1a: Grimmsnarl|Parting Shot|p2a: Koraidon\n|-unboost|p2a: Koraidon|atk|1\n|-unboost|p2a: Koraidon|spa|1\n|\n|t:|1698682985\n|switch|p1a: Moltres|Moltres|100\/100|[from] Parting Shot\n|move|p2a: Koraidon|Flame Charge|p1a: Moltres\n|-resisted|p1a: Moltres\n|-damage|p1a: Moltres|93\/100\n|-boost|p2a: Koraidon|spe|1\n|\n|-weather|SunnyDay|[upkeep]\n|upkeep\n|turn|2\n|\n|t:|1698682995\n|switch|p2a: Arceus|Arceus-Fairy|100\/100\n|move|p1a: Moltres|Burning Jealousy|p2a: Arceus\n|-damage|p2a: Arceus|69\/100\n|\n|-weather|SunnyDay|[upkeep]\n|upkeep\n|turn|3\n|\n|t:|1698683001\n|move|p2a: Arceus|Calm Mind|p2a: Arceus\n|-boost|p2a: Arceus|spa|1\n|-boost|p2a: Arceus|spd|1\n|move|p1a: Moltres|Burning Jealousy|p2a: Arceus\n|-damage|p2a: Arceus|51\/100\n|-status|p2a: Arceus|brn\n|\n|-weather|SunnyDay|[upkeep]\n|-damage|p2a: Arceus|45\/100 brn|[from] brn\n|upkeep\n|turn|4\n|\n|t:|1698683011\n|move|p2a: Arceus|Recover|p2a: Arceus\n|-heal|p2a: Arceus|95\/100 brn\n|move|p1a: Moltres|U-turn|p2a: Arceus\n|-resisted|p2a: Arceus\n|-damage|p2a: Arceus|90\/100 brn\n|\n|t:|1698683017\n|switch|p1a: Grimmsnarl|Grimmsnarl, M|100\/100|[from] U-turn\n|\n|-weather|SunnyDay|[upkeep]\n|-damage|p2a: Arceus|84\/100 brn|[from] brn\n|upkeep\n|turn|5\n|\n|t:|1698683023\n|move|p1a: Grimmsnarl|Parting Shot|p2a: Arceus\n|-unboost|p2a: Arceus|atk|1\n|-unboost|p2a: Arceus|spa|1\n|\n|t:|1698683031\n|switch|p1a: Moltres|Moltres|93\/100|[from] Parting Shot\n|move|p2a: Arceus|Judgment|p1a: Moltres\n|-resisted|p1a: Moltres\n|-damage|p1a: Moltres|67\/100\n|\n|-weather|none\n|-damage|p2a: Arceus|78\/100 brn|[from] brn\n|upkeep\n|turn|6\n|\n|t:|1698683040\n|move|p2a: Arceus|Calm Mind|p2a: Arceus\n|-boost|p2a: Arceus|spa|1\n|-boost|p2a: Arceus|spd|1\n|move|p1a: Moltres|U-turn|p2a: Arceus\n|-resisted|p2a: Arceus\n|-damage|p2a: Arceus|73\/100 brn\n|\n|t:|1698683046\n|switch|p1a: Grimmsnarl|Grimmsnarl, M|100\/100|[from] U-turn\n|\n|-damage|p2a: Arceus|67\/100 brn|[from] brn\n|upkeep\n|turn|7\n|\n|t:|1698683052\n|move|p1a: Grimmsnarl|Parting Shot|p2a: Arceus\n|-unboost|p2a: Arceus|atk|1\n|-unboost|p2a: Arceus|spa|1\n|\n|t:|1698683060\n|switch|p1a: Blissey|Blissey, F|100\/100|[from] Parting Shot\n|move|p2a: Arceus|Calm Mind|p2a: Arceus\n|-boost|p2a: Arceus|spa|1\n|-boost|p2a: Arceus|spd|1\n|\n|-damage|p2a: Arceus|61\/100 brn|[from] brn\n|upkeep\n|turn|8\n|\n|t:|1698683067\n|move|p2a: Arceus|Taunt|p1a: Blissey\n|-start|p1a: Blissey|move: Taunt\n|move|p1a: Blissey|Seismic Toss|p2a: Arceus\n|-damage|p2a: Arceus|39\/100 brn\n|\n|-damage|p2a: Arceus|32\/100 brn|[from] brn\n|upkeep\n|turn|9\n|\n|t:|1698683075\n|switch|p1a: Grimmsnarl|Grimmsnarl, M|100\/100\n|move|p2a: Arceus|Recover|p2a: Arceus\n|-heal|p2a: Arceus|82\/100 brn\n|\n|-damage|p2a: Arceus|76\/100 brn|[from] brn\n|upkeep\n|turn|10\n|\n|t:|1698683082\n|move|p1a: Grimmsnarl|Parting Shot|p2a: Arceus\n|-unboost|p2a: Arceus|atk|1\n|-unboost|p2a: Arceus|spa|1\n|\n|t:|1698683096\n|switch|p1a: Blissey|Blissey, F|100\/100|[from] Parting Shot\n|move|p2a: Arceus|Calm Mind|p2a: Arceus\n|-boost|p2a: Arceus|spa|1\n|-boost|p2a: Arceus|spd|1\n|\n|-damage|p2a: Arceus|70\/100 brn|[from] brn\n|upkeep\n|turn|11\n|\n|t:|1698683104\n|move|p2a: Arceus|Taunt|p1a: Blissey\n|-start|p1a: Blissey|move: Taunt\n|move|p1a: Blissey|Seismic Toss|p2a: Arceus\n|-damage|p2a: Arceus|48\/100 brn\n|\n|-damage|p2a: Arceus|42\/100 brn|[from] brn\n|upkeep\n|turn|12\n|\n|t:|1698683111\n|move|p2a: Arceus|Taunt||[still]\n|-fail|p2a: Arceus\n|move|p1a: Blissey|Seismic Toss|p2a: Arceus\n|-damage|p2a: Arceus|19\/100 brn\n|\n|-damage|p2a: Arceus|13\/100 brn|[from] brn\n|upkeep\n|turn|13\n|\n|t:|1698683118\n|switch|p1a: Grimmsnarl|Grimmsnarl, M|100\/100\n|move|p2a: Arceus|Recover|p2a: Arceus\n|-heal|p2a: Arceus|63\/100 brn\n|\n|-damage|p2a: Arceus|57\/100 brn|[from] brn\n|upkeep\n|turn|14\n|\n|t:|1698683125\n|move|p1a: Grimmsnarl|Parting Shot|p2a: Arceus\n|-unboost|p2a: Arceus|atk|1\n|-unboost|p2a: Arceus|spa|1\n|\n|t:|1698683140\n|switch|p1a: Calyrex|Calyrex-Ice|100\/100|[from] Parting Shot\n|-ability|p1a: Calyrex|As One\n|-ability|p1a: Calyrex|Unnerve\n|move|p2a: Arceus|Calm Mind|p2a: Arceus\n|-boost|p2a: Arceus|spa|1\n|-boost|p2a: Arceus|spd|1\n|\n|-damage|p2a: Arceus|51\/100 brn|[from] brn\n|upkeep\n|turn|15\n|\n|t:|1698683150\n|move|p2a: Arceus|Taunt|p1a: Calyrex\n|-start|p1a: Calyrex|move: Taunt\n|move|p1a: Calyrex|Glacial Lance|p2a: Arceus\n|-damage|p2a: Arceus|0 fnt\n|faint|p2a: Arceus\n|-ability|p1a: Calyrex|Chilling Neigh|boost\n|-boost|p1a: Calyrex|atk|1\n|\n|upkeep\n|\n|t:|1698683163\n|switch|p2a: Calyrex|Calyrex-Shadow|100\/100\n|-ability|p2a: Calyrex|As One\n|-ability|p2a: Calyrex|Unnerve\n|turn|16\n|\n|t:|1698683171\n|-terastallize|p1a: Calyrex|Electric\n|move|p2a: Calyrex|Astral Barrage|p1a: Calyrex\n|-damage|p1a: Calyrex|53\/100\n|move|p1a: Calyrex|Glacial Lance|p2a: Calyrex\n|-enditem|p2a: Calyrex|Focus Sash\n|-damage|p2a: Calyrex|1\/100\n|\n|upkeep\n|turn|17\n|\n|t:|1698683181\n|move|p2a: Calyrex|Astral Barrage|p1a: Calyrex\n|-damage|p1a: Calyrex|1\/100\n|move|p1a: Calyrex|Glacial Lance|p2a: Calyrex\n|-damage|p2a: Calyrex|0 fnt\n|faint|p2a: Calyrex\n|-ability|p1a: Calyrex|Chilling Neigh|boost\n|-boost|p1a: Calyrex|atk|1\n|\n|-end|p1a: Calyrex|move: Taunt\n|upkeep\n|\n|t:|1698683186\n|switch|p2a: Quaquaval|Quaquaval, F|100\/100\n|turn|18\n|\n|t:|1698683200\n|switch|p1a: Grimmsnarl|Grimmsnarl, M|100\/100\n|move|p2a: Quaquaval|Aqua Step|p1a: Grimmsnarl\n|-damage|p1a: Grimmsnarl|53\/100\n|-boost|p2a: Quaquaval|spe|1\n|\n|upkeep\n|turn|19\n|\n|t:|1698683207\n|move|p1a: Grimmsnarl|Parting Shot|p2a: Quaquaval\n|-unboost|p2a: Quaquaval|atk|1\n|-unboost|p2a: Quaquaval|spa|1\n|\n|t:|1698683216\n|switch|p1a: Miraidon|Miraidon|100\/100|[from] Parting Shot\n|-fieldstart|move: Electric Terrain|[from] ability: Hadron Engine|[of] p1a: Miraidon\n|move|p2a: Quaquaval|Knock Off|p1a: Miraidon\n|-damage|p1a: Miraidon|78\/100\n|-enditem|p1a: Miraidon|Heavy-Duty Boots|[from] move: Knock Off|[of] p2a: Quaquaval\n|\n|upkeep\n|turn|20\n|\n|t:|1698683227\n|move|p2a: Quaquaval|Close Combat|p1a: Miraidon\n|-damage|p1a: Miraidon|37\/100\n|-unboost|p2a: Quaquaval|def|1\n|-unboost|p2a: Quaquaval|spd|1\n|move|p1a: Miraidon|Dragon Pulse|p2a: Quaquaval\n|-enditem|p2a: Quaquaval|Focus Sash\n|-damage|p2a: Quaquaval|1\/100\n|\n|upkeep\n|turn|21\n|\n|t:|1698683237\n|switch|p1a: Calyrex|Calyrex-Ice, tera:Electric|1\/100\n|-ability|p1a: Calyrex|As One\n|-ability|p1a: Calyrex|Unnerve\n|move|p2a: Quaquaval|Close Combat|p1a: Calyrex\n|-damage|p1a: Calyrex|0 fnt\n|-unboost|p2a: Quaquaval|def|1\n|-unboost|p2a: Quaquaval|spd|1\n|faint|p1a: Calyrex\n|-ability|p2a: Quaquaval|Moxie|boost\n|-boost|p2a: Quaquaval|atk|1\n|\n|upkeep\n|\n|t:|1698683250\n|switch|p1a: Grimmsnarl|Grimmsnarl, M|53\/100\n|turn|22\n|\n|t:|1698683254\n|move|p1a: Grimmsnarl|Sucker Punch|p2a: Quaquaval\n|-resisted|p2a: Quaquaval\n|-damage|p2a: Quaquaval|0 fnt\n|faint|p2a: Quaquaval\n|\n|upkeep\n|\n|t:|1698683260\n|switch|p2a: Koraidon|Koraidon|100\/100\n|-weather|SunnyDay|[from] ability: Orichalcum Pulse|[of] p2a: Koraidon\n|-activate|p2a: Koraidon|Orichalcum Pulse|[source]\n|turn|23\n|\n|t:|1698683268\n|move|p1a: Grimmsnarl|Parting Shot|p2a: Koraidon\n|-unboost|p2a: Koraidon|atk|1\n|-unboost|p2a: Koraidon|spa|1\n|\n|t:|1698683271\n|switch|p1a: Moltres|Moltres|67\/100|[from] Parting Shot\n|move|p2a: Koraidon|Swords Dance|p2a: Koraidon\n|-boost|p2a: Koraidon|atk|2\n|\n|-weather|SunnyDay|[upkeep]\n|-fieldend|move: Electric Terrain\n|upkeep\n|turn|24\n|\n|t:|1698683279\n|-terastallize|p2a: Koraidon|Fire\n|move|p2a: Koraidon|Scale Shot|p1a: Moltres\n|-damage|p1a: Moltres|47\/100\n|-damage|p1a: Moltres|29\/100\n|-hitcount|p1a: Moltres|2\n|-unboost|p2a: Koraidon|def|1\n|-boost|p2a: Koraidon|spe|1\n|move|p1a: Moltres|Will-O-Wisp|p2a: Koraidon\n|-immune|p2a: Koraidon\n|\n|-weather|SunnyDay|[upkeep]\n|upkeep\n|turn|25\n|\n|t:|1698683291\n|switch|p1a: Grimmsnarl|Grimmsnarl, M|53\/100\n|move|p2a: Koraidon|Scale Shot|p1a: Grimmsnarl\n|-immune|p1a: Grimmsnarl\n|\n|-weather|SunnyDay|[upkeep]\n|upkeep\n|turn|26\n|\n|t:|1698683309\n|move|p1a: Grimmsnarl|Sucker Punch||[still]\n|-fail|p1a: Grimmsnarl\n|move|p2a: Koraidon|Swords Dance|p2a: Koraidon\n|-boost|p2a: Koraidon|atk|2\n|\n|-weather|SunnyDay|[upkeep]\n|upkeep\n|turn|27\n|\n|t:|1698683315\n|move|p1a: Grimmsnarl|Sucker Punch|p2a: Koraidon\n|-damage|p2a: Koraidon|64\/100\n|move|p2a: Koraidon|Flame Charge|p1a: Grimmsnarl\n|-damage|p1a: Grimmsnarl|0 fnt\n|-boost|p2a: Koraidon|spe|1\n|faint|p1a: Grimmsnarl\n|\n|-weather|none\n|upkeep\n|c|\u2606Hamonic Dog|Finally\n|\n|t:|1698683324\n|switch|p1a: Skeledirge|Skeledirge, F|100\/100\n|turn|28\n|c|\u2606Hamonic Dog|That was SO borung\n|c|\u2606Hamonic Dog|Borung*\n|\n|t:|1698683337\n|move|p2a: Koraidon|Scale Shot|p1a: Skeledirge\n|-damage|p1a: Skeledirge|93\/100\n|-damage|p1a: Skeledirge|85\/100\n|-damage|p1a: Skeledirge|77\/100\n|-hitcount|p1a: Skeledirge|3\n|-unboost|p2a: Koraidon|def|1\n|-boost|p2a: Koraidon|spe|1\n|move|p1a: Skeledirge|Torch Song|p2a: Koraidon\n|-resisted|p2a: Koraidon\n|-damage|p2a: Koraidon|51\/100\n|-boost|p1a: Skeledirge|spa|1\n|\n|upkeep\n|turn|29\n|\n|t:|1698683349\n|move|p2a: Koraidon|Scale Shot|p1a: Skeledirge\n|-damage|p1a: Skeledirge|69\/100\n|-damage|p1a: Skeledirge|62\/100\n|-hitcount|p1a: Skeledirge|2\n|-unboost|p2a: Koraidon|def|1\n|-boost|p2a: Koraidon|spe|1\n|move|p1a: Skeledirge|Slack Off|p1a: Skeledirge\n|-heal|p1a: Skeledirge|100\/100\n|\n|upkeep\n|turn|30\n|\n|t:|1698683359\n|move|p2a: Koraidon|Scale Shot|p1a: Skeledirge\n|-damage|p1a: Skeledirge|92\/100\n|-damage|p1a: Skeledirge|84\/100\n|-damage|p1a: Skeledirge|75\/100\n|-hitcount|p1a: Skeledirge|3\n|-unboost|p2a: Koraidon|def|1\n|-boost|p2a: Koraidon|spe|1\n|move|p1a: Skeledirge|Torch Song|p2a: Koraidon\n|-resisted|p2a: Koraidon\n|-damage|p2a: Koraidon|30\/100\n|-boost|p1a: Skeledirge|spa|1\n|\n|upkeep\n|turn|31\n|\n|t:|1698683388\n|switch|p2a: Kingambit|Kingambit, F|100\/100\n|-activate|p2a: Kingambit|ability: Supreme Overlord\n|-start|p2a: Kingambit|fallen3|[silent]\n|move|p1a: Skeledirge|Hex|p2a: Kingambit\n|-resisted|p2a: Kingambit\n|-damage|p2a: Kingambit|77\/100\n|\n|upkeep\n|turn|32\n|\n|t:|1698683399\n|move|p1a: Skeledirge|Will-O-Wisp|p2a: Kingambit\n|-status|p2a: Kingambit|brn\n|move|p2a: Kingambit|Kowtow Cleave|p1a: Skeledirge\n|-supereffective|p1a: Skeledirge\n|-damage|p1a: Skeledirge|34\/100\n|\n|-damage|p2a: Kingambit|71\/100 brn|[from] brn\n|upkeep\n|turn|33\n|\n|t:|1698683408\n|move|p1a: Skeledirge|Slack Off|p1a: Skeledirge\n|-heal|p1a: Skeledirge|84\/100\n|move|p2a: Kingambit|Kowtow Cleave|p1a: Skeledirge\n|-supereffective|p1a: Skeledirge\n|-damage|p1a: Skeledirge|45\/100\n|\n|-damage|p2a: Kingambit|65\/100 brn|[from] brn\n|upkeep\n|turn|34\n|\n|t:|1698683416\n|-end|p2a: Kingambit|fallen3|[silent]\n|switch|p2a: Shaymin|Shaymin-Sky|100\/100\n|move|p1a: Skeledirge|Slack Off|p1a: Skeledirge\n|-heal|p1a: Skeledirge|95\/100\n|\n|upkeep\n|turn|35\n|\n|t:|1698683423\n|switch|p1a: Blissey|Blissey, F|100\/100\n|move|p2a: Shaymin|Air Slash|p1a: Blissey\n|-damage|p1a: Blissey|90\/100\n|\n|upkeep\n|turn|36\n|\n|t:|1698683429\n|move|p2a: Shaymin|Seed Flare|p1a: Blissey\n|-damage|p1a: Blissey|73\/100\n|-unboost|p1a: Blissey|spd|2\n|move|p1a: Blissey|Stealth Rock|p2a: Shaymin\n|-sidestart|p2: Hamonic Dog|move: Stealth Rock\n|\n|upkeep\n|turn|37\n|\n|t:|1698683441\n|switch|p1a: Moltres|Moltres|29\/100\n|move|p2a: Shaymin|Seed Flare|p1a: Moltres\n|-resisted|p1a: Moltres\n|-damage|p1a: Moltres|14\/100\n|-unboost|p1a: Moltres|spd|2\n|\n|upkeep\n|turn|38\n|\n|t:|1698683450\n|switch|p1a: Blissey|Blissey, F|73\/100\n|move|p2a: Shaymin|Air Slash|p1a: Blissey\n|-damage|p1a: Blissey|62\/100\n|\n|upkeep\n|turn|39\n|\n|t:|1698683457\n|move|p2a: Shaymin|Seed Flare|p1a: Blissey\n|-damage|p1a: Blissey|46\/100\n|-unboost|p1a: Blissey|spd|2\n|move|p1a: Blissey|Seismic Toss|p2a: Shaymin\n|-damage|p2a: Shaymin|71\/100\n|\n|upkeep\n|turn|40\n|\n|t:|1698683464\n|switch|p1a: Moltres|Moltres|14\/100\n|move|p2a: Shaymin|Seed Flare|p1a: Moltres\n|-resisted|p1a: Moltres\n|-damage|p1a: Moltres|0 fnt\n|faint|p1a: Moltres\n|\n|upkeep\n|\n|t:|1698683471\n|switch|p1a: Miraidon|Miraidon|37\/100\n|-fieldstart|move: Electric Terrain|[from] ability: Hadron Engine|[of] p1a: Miraidon\n|turn|41\n|\n|t:|1698683475\n|move|p1a: Miraidon|Electro Drift|p2a: Shaymin\n|-damage|p2a: Shaymin|0 fnt\n|faint|p2a: Shaymin\n|\n|upkeep\n|\n|t:|1698683480\n|switch|p2a: Koraidon|Koraidon, tera:Fire|30\/100\n|-damage|p2a: Koraidon|5\/100|[from] Stealth Rock\n|-weather|SunnyDay|[from] ability: Orichalcum Pulse|[of] p2a: Koraidon\n|-activate|p2a: Koraidon|Orichalcum Pulse|[source]\n|turn|42\n|\n|t:|1698683488\n|move|p1a: Miraidon|Dragon Pulse|p2a: Koraidon\n|-damage|p2a: Koraidon|0 fnt\n|faint|p2a: Koraidon\n|\n|-weather|SunnyDay|[upkeep]\n|upkeep\n|\n|t:|1698683491\n|switch|p2a: Kingambit|Kingambit, F|65\/100 brn\n|-damage|p2a: Kingambit|59\/100 brn|[from] Stealth Rock\n|-activate|p2a: Kingambit|ability: Supreme Overlord\n|-start|p2a: Kingambit|fallen5|[silent]\n|turn|43\n|\n|t:|1698683497\n|move|p1a: Miraidon|Electro Drift|p2a: Kingambit\n|-damage|p2a: Kingambit|0 fnt\n|faint|p2a: Kingambit\n|-end|p2a: Kingambit|fallen5|[silent]\n|\n|win|hoenn militian\n|raw|hoenn militian's rating: 1722 &rarr; <strong>1742<\/strong><br \/>(+20 for winning)\n|raw|Hamonic Dog's rating: 1714 &rarr; <strong>1694<\/strong><br \/>(-20 for losing)\n|l|\u2606Hamonic Dog\n","uploadtime":1698683537,"views":4,"p1id":"hoennmilitian","p2id":"hamonicdog","formatid":"gen9anythinggoes","rating":1694,"private":0,"password":""}