{"id":"gen9anythinggoes-1984250328","p1":"PhoniexSunkerns","p2":"steveve","format":"[Gen 9] Anything Goes","log":"|j|\u2606PhoniexSunkerns\n|j|\u2606steveve\n|t:|1699235002\n|gametype|singles\n|player|p1|PhoniexSunkerns|102|\n|player|p2|steveve|265|\n|teamsize|p1|6\n|teamsize|p2|6\n|gen|9\n|tier|[Gen 9] Anything Goes\n|rule|HP Percentage Mod: HP is shown in percentages\n|rule|Endless Battle Clause: Forcing endless battles is banned\n|clearpoke\n|poke|p1|Munkidori, M|\n|poke|p1|Iron Leaves|\n|poke|p1|Salamence, M|\n|poke|p1|Great Tusk|\n|poke|p1|Tauros-Paldea-Aqua, M|\n|poke|p1|Orthworm, M|\n|poke|p2|Ceruledge, M|\n|poke|p2|Ogerpon, F|\n|poke|p2|Milotic, F|\n|poke|p2|Rotom-Frost|\n|poke|p2|Goodra-Hisui, M|\n|poke|p2|Ursaluna, M|\n|teampreview\n|inactive|Battle timer is ON: inactive players will automatically lose when time's up. (requested by steveve)\n|inactive|PhoniexSunkerns has 270 seconds left.\n|\n|t:|1699235064\n|start\n|switch|p1a: Tarzan|Munkidori, M|100\/100\n|switch|p2a: The Ni Knight|Ceruledge, M|100\/100\n|turn|1\n|inactive|PhoniexSunkerns has 270 seconds left.\n|\n|t:|1699235105\n|move|p1a: Tarzan|Parting Shot|p2a: The Ni Knight\n|-unboost|p2a: The Ni Knight|atk|1\n|-unboost|p2a: The Ni Knight|spa|1\n|\n|t:|1699235117\n|switch|p1a: Tauros|Tauros-Paldea-Aqua, M|100\/100|[from] Parting Shot\n|-ability|p1a: Tauros|Intimidate|boost\n|-unboost|p2a: The Ni Knight|atk|1\n|move|p2a: The Ni Knight|Swords Dance|p2a: The Ni Knight\n|-boost|p2a: The Ni Knight|atk|2\n|\n|upkeep\n|turn|2\n|\n|t:|1699235142\n|switch|p2a: Cynthia|Milotic, F, shiny|100\/100\n|move|p1a: Tauros|Wave Crash|p2a: Cynthia\n|-resisted|p2a: Cynthia\n|-damage|p2a: Cynthia|81\/100\n|-damage|p1a: Tauros|92\/100|[from] Recoil\n|\n|upkeep\n|turn|3\n|\n|t:|1699235153\n|move|p1a: Tauros|Wild Charge|p2a: Cynthia\n|-supereffective|p2a: Cynthia\n|-damage|p2a: Cynthia|43\/100\n|-damage|p1a: Tauros|79\/100|[from] Recoil\n|move|p2a: Cynthia|Draining Kiss|p1a: Tauros\n|-supereffective|p1a: Tauros\n|-damage|p1a: Tauros|54\/100\n|-heal|p2a: Cynthia|56\/100|[from] drain|[of] p1a: Tauros\n|\n|upkeep\n|turn|4\n|inactive|steveve has 270 seconds left.\n|\n|t:|1699235195\n|switch|p2a: MEGA|Rotom-Frost, shiny|100\/100\n|move|p1a: Tauros|Wild Charge|p2a: MEGA\n|-resisted|p2a: MEGA\n|-damage|p2a: MEGA|82\/100\n|-damage|p1a: Tauros|51\/100|[from] Recoil\n|\n|upkeep\n|turn|5\n|\n|t:|1699235212\n|move|p1a: Tauros|Close Combat|p2a: MEGA\n|-supereffective|p2a: MEGA\n|-crit|p2a: MEGA\n|-damage|p2a: MEGA|0 fnt\n|-unboost|p1a: Tauros|def|1\n|-unboost|p1a: Tauros|spd|1\n|faint|p2a: MEGA\n|\n|upkeep\n|\n|t:|1699235225\n|switch|p2a: TEEHEE|Ogerpon, F|100\/100\n|turn|6\n|inactive|PhoniexSunkerns has 240 seconds left.\n|inactive|PhoniexSunkerns has 210 seconds left.\n|\n|t:|1699235276\n|switch|p1a: Tarzan|Munkidori, M|100\/100\n|move|p2a: TEEHEE|Ivy Cudgel|p1a: Tarzan\n|-resisted|p1a: Tarzan\n|-crit|p1a: Tarzan\n|-damage|p1a: Tarzan|41\/100\n|\n|upkeep\n|turn|7\n|\n|t:|1699235285\n|move|p1a: Tarzan|Fake Out|p2a: TEEHEE\n|-damage|p2a: TEEHEE|92\/100\n|cant|p2a: TEEHEE|flinch\n|\n|upkeep\n|turn|8\n|inactive|PhoniexSunkerns has 210 seconds left.\n|\n|t:|1699235305\n|switch|p1a: Orthworm|Orthworm, M|100\/100\n|move|p2a: TEEHEE|Ivy Cudgel|p1a: Orthworm\n|-resisted|p1a: Orthworm\n|-damage|p1a: Orthworm|86\/100\n|\n|upkeep\n|turn|9\n|inactive|PhoniexSunkerns has 210 seconds left.\n|\n|t:|1699235319\n|switch|p2a: BEAR|Ursaluna, M, shiny|100\/100\n|move|p1a: Orthworm|Shed Tail|p1a: Orthworm\n|-start|p1a: Orthworm|Substitute|[from] move: Shed Tail\n|-damage|p1a: Orthworm|36\/100\n|-enditem|p1a: Orthworm|Sitrus Berry|[eat]\n|-heal|p1a: Orthworm|61\/100|[from] item: Sitrus Berry\n|inactive|PhoniexSunkerns has 210 seconds left.\n|inactive|PhoniexSunkerns has 180 seconds left.\n|\n|t:|1699235372\n|switch|p1a: Shrek|Iron Leaves|100\/100|[from] Shed Tail\n|-enditem|p1a: Shrek|Booster Energy\n|-activate|p1a: Shrek|ability: Quark Drive|[fromitem]\n|-start|p1a: Shrek|quarkdriveatk\n|\n|-status|p2a: BEAR|brn|[from] item: Flame Orb\n|upkeep\n|turn|10\n|inactive|steveve has 270 seconds left.\n|\n|t:|1699235393\n|switch|p2a: The Ni Knight|Ceruledge, M|100\/100\n|-terastallize|p1a: Shrek|Fighting\n|move|p1a: Shrek|Close Combat|p2a: The Ni Knight\n|-immune|p2a: The Ni Knight\n|\n|upkeep\n|turn|11\n|\n|t:|1699235405\n|move|p1a: Shrek|Night Slash|p2a: The Ni Knight\n|-supereffective|p2a: The Ni Knight\n|-crit|p2a: The Ni Knight\n|-damage|p2a: The Ni Knight|0 fnt\n|faint|p2a: The Ni Knight\n|\n|upkeep\n|\n|t:|1699235418\n|switch|p2a: TEEHEE|Ogerpon, F|92\/100\n|turn|12\n|\n|t:|1699235433\n|move|p2a: TEEHEE|Play Rough|p1a: Shrek|[miss]\n|-miss|p2a: TEEHEE|p1a: Shrek\n|move|p1a: Shrek|Close Combat|p2a: TEEHEE\n|-damage|p2a: TEEHEE|0 fnt\n|-unboost|p1a: Shrek|def|1\n|-unboost|p1a: Shrek|spd|1\n|faint|p2a: TEEHEE\n|\n|upkeep\n|\n|t:|1699235449\n|switch|p2a: GOOEY|Goodra-Hisui, M, shiny|100\/100\n|turn|13\n|\n|t:|1699235455\n|move|p1a: Shrek|Close Combat|p2a: GOOEY\n|-supereffective|p2a: GOOEY\n|-damage|p2a: GOOEY|0 fnt\n|-unboost|p1a: Shrek|def|1\n|-unboost|p1a: Shrek|spd|1\n|-ability|p2a: GOOEY|Gooey\n|-unboost|p1a: Shrek|spe|1\n|faint|p2a: GOOEY\n|\n|upkeep\n|\n|t:|1699235468\n|switch|p2a: BEAR|Ursaluna, M, shiny|100\/100 brn\n|turn|14\n|\n|t:|1699235471\n|-terastallize|p2a: BEAR|Fairy\n|move|p1a: Shrek|Close Combat|p2a: BEAR\n|-resisted|p2a: BEAR\n|-damage|p2a: BEAR|74\/100 brn\n|-unboost|p1a: Shrek|def|1\n|-unboost|p1a: Shrek|spd|1\n|move|p2a: BEAR|Play Rough|p1a: Shrek\n|-supereffective|p1a: Shrek\n|-end|p1a: Shrek|Substitute\n|\n|-damage|p2a: BEAR|68\/100 brn|[from] brn\n|upkeep\n|turn|15\n|inactive|PhoniexSunkerns has 180 seconds left.\n|\n|t:|1699235501\n|-end|p1a: Shrek|Quark Drive|[silent]\n|switch|p1a: Orthworm|Orthworm, M|61\/100\n|move|p2a: BEAR|Play Rough|p1a: Orthworm\n|-resisted|p1a: Orthworm\n|-damage|p1a: Orthworm|37\/100\n|\n|-damage|p2a: BEAR|62\/100 brn|[from] brn\n|upkeep\n|turn|16\n|\n|t:|1699235522\n|switch|p1a: Littlefoot|Salamence, M|100\/100\n|switch|p2a: Cynthia|Milotic, F, shiny|56\/100\n|\n|upkeep\n|turn|17\n|inactive|PhoniexSunkerns has 150 seconds left.\n|\n|t:|1699235548\n|move|p1a: Littlefoot|Dual Wingbeat|p2a: Cynthia\n|-damage|p2a: Cynthia|38\/100\n|-damage|p2a: Cynthia|20\/100\n|-hitcount|p2a: Cynthia|2\n|move|p2a: Cynthia|Ice Beam|p1a: Littlefoot\n|-supereffective|p1a: Littlefoot\n|-damage|p1a: Littlefoot|3\/100\n|\n|upkeep\n|turn|18\n|inactive|PhoniexSunkerns has 150 seconds left.\n|inactive|steveve has 270 seconds left.\n|\n|t:|1699235565\n|switch|p1a: Shrek|Iron Leaves, tera:Fighting|100\/100\n|move|p2a: Cynthia|Ice Beam|p1a: Shrek\n|-damage|p1a: Shrek|81\/100\n|\n|upkeep\n|turn|19\n|inactive|PhoniexSunkerns has 150 seconds left.\n|\n|t:|1699235579\n|move|p1a: Shrek|Leaf Blade|p2a: Cynthia\n|-supereffective|p2a: Cynthia\n|-crit|p2a: Cynthia\n|-damage|p2a: Cynthia|0 fnt\n|faint|p2a: Cynthia\n|\n|upkeep\n|\n|t:|1699235584\n|switch|p2a: BEAR|Ursaluna, M, shiny, tera:Fairy|62\/100 brn\n|turn|20\n|inactive|steveve has 270 seconds left.\n|inactive|PhoniexSunkerns has 150 seconds left.\n|\n|t:|1699235595\n|-end|p1a: Shrek|Quark Drive|[silent]\n|switch|p1a: Orthworm|Orthworm, M|37\/100\n|move|p2a: BEAR|Facade|p1a: Orthworm\n|-resisted|p1a: Orthworm\n|-damage|p1a: Orthworm|0 fnt\n|faint|p1a: Orthworm\n|\n|-damage|p2a: BEAR|56\/100 brn|[from] brn\n|upkeep\n|inactive|PhoniexSunkerns has 150 seconds left.\n|\n|t:|1699235605\n|switch|p1a: Great Tusk|Great Tusk|100\/100\n|turn|21\n|\n|t:|1699235612\n|move|p1a: Great Tusk|Headlong Rush|p2a: BEAR\n|-damage|p2a: BEAR|10\/100 brn\n|-unboost|p1a: Great Tusk|def|1\n|-unboost|p1a: Great Tusk|spd|1\n|move|p2a: BEAR|Play Rough|p1a: Great Tusk\n|-supereffective|p1a: Great Tusk\n|-damage|p1a: Great Tusk|0 fnt\n|faint|p1a: Great Tusk\n|-end|p1a: Great Tusk|Protosynthesis|[silent]\n|\n|-damage|p2a: BEAR|4\/100 brn|[from] brn\n|upkeep\n|inactive|PhoniexSunkerns has 150 seconds left.\n|\n|t:|1699235624\n|switch|p1a: Shrek|Iron Leaves, tera:Fighting|81\/100\n|turn|22\n|\n|t:|1699235638\n|move|p1a: Shrek|Psyblade|p2a: BEAR\n|-damage|p2a: BEAR|0 fnt\n|faint|p2a: BEAR\n|\n|win|PhoniexSunkerns\n|l|\u2606steveve\n|l|\u2606PhoniexSunkerns\n","uploadtime":1699235660,"views":6,"p1id":"phoniexsunkerns","p2id":"steveve","formatid":"gen9anythinggoes","rating":0,"private":0,"password":""}