{"id":"gen9anythinggoes-1996283084","p1":"TwoXFlying","p2":"L9 MONK MENTAL","format":"[Gen 9] Anything Goes","log":"|j|\u203dTwoXFlying\n|j|\u2606L9 MONK MENTAL\n|t:|1700667303\n|gametype|singles\n|player|p1|TwoXFlying|cynthia-masters|1000\n|player|p2|L9 MONK MENTAL|az|1078\n|teamsize|p1|6\n|teamsize|p2|6\n|gen|9\n|tier|[Gen 9] Anything Goes\n|rated|\n|rule|HP Percentage Mod: HP is shown in percentages\n|rule|Endless Battle Clause: Forcing endless battles is banned\n|clearpoke\n|poke|p1|Dondozo, M|\n|poke|p1|Dondozo, F|\n|poke|p1|Dondozo, M|\n|poke|p1|Dondozo, M|\n|poke|p1|Dondozo, M|\n|poke|p1|Dondozo, F|\n|poke|p2|Chi-Yu|\n|poke|p2|Grimmsnarl, M|\n|poke|p2|Arceus|\n|poke|p2|Koraidon|\n|poke|p2|Calyrex-Shadow|\n|poke|p2|Glimmora, F|\n|teampreview\n|inactive|Battle timer is ON: inactive players will automatically lose when time's up. (requested by L9 MONK MENTAL)\n|inactive|TwoXFlying also wants the timer to be on.\n|\n|t:|1700667307\n|start\n|switch|p1a: Dondozo|Dondozo, M|100\/100\n|switch|p2a: Glimmora|Glimmora, F|100\/100\n|turn|1\n|c|\u2606L9 MONK MENTAL|What\n|\n|t:|1700667313\n|move|p2a: Glimmora|Stealth Rock|p1a: Dondozo\n|-sidestart|p1: TwoXFlying|move: Stealth Rock\n|move|p1a: Dondozo|Liquidation|p2a: Glimmora\n|-supereffective|p2a: Glimmora\n|-damage|p2a: Glimmora|30\/100\n|-activate|p2a: Glimmora|ability: Toxic Debris\n|-sidestart|p1: TwoXFlying|move: Toxic Spikes\n|\n|upkeep\n|turn|2\n|\n|t:|1700667326\n|move|p2a: Glimmora|Mortal Spin|p1a: Dondozo\n|-damage|p1a: Dondozo|97\/100\n|-status|p1a: Dondozo|psn\n|move|p1a: Dondozo|Liquidation|p2a: Glimmora\n|-supereffective|p2a: Glimmora\n|-damage|p2a: Glimmora|0 fnt\n|-activate|p2a: Glimmora|ability: Toxic Debris\n|-sidestart|p1: TwoXFlying|move: Toxic Spikes\n|faint|p2a: Glimmora\n|\n|-heal|p1a: Dondozo|100\/100 psn|[from] item: Leftovers\n|-damage|p1a: Dondozo|88\/100 psn|[from] psn\n|upkeep\n|\n|t:|1700667338\n|switch|p2a: Grimmsnarl|Grimmsnarl, M|100\/100\n|turn|3\n|\n|t:|1700667342\n|move|p2a: Grimmsnarl|Reflect|p2a: Grimmsnarl\n|-sidestart|p2: L9 MONK MENTAL|Reflect\n|move|p1a: Dondozo|Liquidation|p2a: Grimmsnarl\n|-damage|p2a: Grimmsnarl|83\/100\n|\n|-heal|p1a: Dondozo|94\/100 psn|[from] item: Leftovers\n|-damage|p1a: Dondozo|82\/100 psn|[from] psn\n|upkeep\n|turn|4\n|\n|t:|1700667346\n|move|p2a: Grimmsnarl|Parting Shot|p1a: Dondozo\n|-unboost|p1a: Dondozo|atk|1\n|-unboost|p1a: Dondozo|spa|1\n|\n|t:|1700667348\n|switch|p2a: Chi-Yu|Chi-Yu|100\/100|[from] Parting Shot\n|-ability|p2a: Chi-Yu|Beads of Ruin\n|move|p1a: Dondozo|Curse|p1a: Dondozo\n|-unboost|p1a: Dondozo|spe|1\n|-boost|p1a: Dondozo|atk|1\n|-boost|p1a: Dondozo|def|1\n|\n|-heal|p1a: Dondozo|88\/100 psn|[from] item: Leftovers\n|-damage|p1a: Dondozo|75\/100 psn|[from] psn\n|upkeep\n|turn|5\n|\n|t:|1700667352\n|-terastallize|p2a: Chi-Yu|Dark\n|move|p2a: Chi-Yu|Nasty Plot|p2a: Chi-Yu\n|-boost|p2a: Chi-Yu|spa|2\n|move|p1a: Dondozo|Liquidation|p2a: Chi-Yu\n|-damage|p2a: Chi-Yu|75\/100\n|\n|-heal|p1a: Dondozo|81\/100 psn|[from] item: Leftovers\n|-damage|p1a: Dondozo|69\/100 psn|[from] psn\n|upkeep\n|turn|6\n|\n|t:|1700667359\n|move|p2a: Chi-Yu|Dark Pulse|p1a: Dondozo\n|-damage|p1a: Dondozo|15\/100 psn\n|cant|p1a: Dondozo|flinch\n|\n|-heal|p1a: Dondozo|21\/100 psn|[from] item: Leftovers\n|-damage|p1a: Dondozo|8\/100 psn|[from] psn\n|upkeep\n|turn|7\n|\n|t:|1700667364\n|move|p2a: Chi-Yu|Nasty Plot|p2a: Chi-Yu\n|-boost|p2a: Chi-Yu|spa|2\n|move|p1a: Dondozo|Liquidation|p2a: Chi-Yu\n|-damage|p2a: Chi-Yu|48\/100\n|\n|-heal|p1a: Dondozo|14\/100 psn|[from] item: Leftovers\n|-damage|p1a: Dondozo|2\/100 psn|[from] psn\n|upkeep\n|turn|8\n|\n|t:|1700667366\n|move|p2a: Chi-Yu|Dark Pulse|p1a: Dondozo\n|-damage|p1a: Dondozo|0 fnt\n|faint|p1a: Dondozo\n|\n|upkeep\n|\n|t:|1700667369\n|switch|p1a: Dondozo|Dondozo, M|100\/100\n|-damage|p1a: Dondozo|88\/100|[from] Stealth Rock\n|-status|p1a: Dondozo|tox\n|turn|9\n|\n|t:|1700667375\n|move|p2a: Chi-Yu|Nasty Plot|p2a: Chi-Yu\n|-boost|p2a: Chi-Yu|spa|2\n|move|p1a: Dondozo|Liquidation|p2a: Chi-Yu\n|-damage|p2a: Chi-Yu|21\/100\n|\n|-heal|p1a: Dondozo|94\/100 tox|[from] item: Leftovers\n|-damage|p1a: Dondozo|88\/100 tox|[from] psn\n|upkeep\n|turn|10\n|\n|t:|1700667379\n|move|p2a: Chi-Yu|Dark Pulse|p1a: Dondozo\n|-damage|p1a: Dondozo|34\/100 tox\n|cant|p1a: Dondozo|flinch\n|\n|-heal|p1a: Dondozo|40\/100 tox|[from] item: Leftovers\n|-damage|p1a: Dondozo|28\/100 tox|[from] psn\n|-sideend|p2: L9 MONK MENTAL|Reflect\n|upkeep\n|turn|11\n|\n|t:|1700667386\n|move|p2a: Chi-Yu|Dark Pulse|p1a: Dondozo\n|-damage|p1a: Dondozo|0 fnt\n|faint|p1a: Dondozo\n|\n|upkeep\n|\n|t:|1700667388\n|switch|p1a: Dondozo|Dondozo, M|100\/100\n|-damage|p1a: Dondozo|88\/100|[from] Stealth Rock\n|-status|p1a: Dondozo|tox\n|turn|12\n|\n|t:|1700667391\n|move|p2a: Chi-Yu|Dark Pulse|p1a: Dondozo\n|-damage|p1a: Dondozo|26\/100 tox\n|move|p1a: Dondozo|Liquidation|p2a: Chi-Yu\n|-damage|p2a: Chi-Yu|0 fnt\n|faint|p2a: Chi-Yu\n|\n|-heal|p1a: Dondozo|32\/100 tox|[from] item: Leftovers\n|-damage|p1a: Dondozo|26\/100 tox|[from] psn\n|upkeep\n|\n|t:|1700667395\n|switch|p2a: Arceus|Arceus|100\/100\n|turn|13\n|\n|t:|1700667398\n|move|p2a: Arceus|Swords Dance|p2a: Arceus\n|-boost|p2a: Arceus|atk|2\n|move|p1a: Dondozo|Rest|p1a: Dondozo\n|-status|p1a: Dondozo|slp|[from] move: Rest\n|-heal|p1a: Dondozo|100\/100 slp|[silent]\n|\n|upkeep\n|turn|14\n|\n|t:|1700667404\n|move|p2a: Arceus|Swords Dance|p2a: Arceus\n|-boost|p2a: Arceus|atk|2\n|cant|p1a: Dondozo|slp\n|move|p1a: Dondozo|Sleep Talk|p1a: Dondozo\n|move|p1a: Dondozo|Rest||[from]move: Sleep Talk|[still]\n|-fail|p1a: Dondozo\n|\n|upkeep\n|turn|15\n|\n|t:|1700667407\n|move|p2a: Arceus|Swords Dance|p2a: Arceus\n|-boost|p2a: Arceus|atk|2\n|cant|p1a: Dondozo|slp\n|move|p1a: Dondozo|Sleep Talk|p1a: Dondozo\n|move|p1a: Dondozo|Rest||[from]move: Sleep Talk|[still]\n|-fail|p1a: Dondozo\n|\n|upkeep\n|turn|16\n|\n|t:|1700667412\n|move|p2a: Arceus|Extreme Speed|p1a: Dondozo\n|-damage|p1a: Dondozo|71\/100 slp\n|-curestatus|p1a: Dondozo|slp|[msg]\n|move|p1a: Dondozo|Curse|p1a: Dondozo\n|-unboost|p1a: Dondozo|spe|1\n|-boost|p1a: Dondozo|atk|1\n|-boost|p1a: Dondozo|def|1\n|\n|-heal|p1a: Dondozo|77\/100|[from] item: Leftovers\n|upkeep\n|turn|17\n|\n|t:|1700667415\n|move|p2a: Arceus|Extreme Speed|p1a: Dondozo\n|-damage|p1a: Dondozo|55\/100\n|move|p1a: Dondozo|Curse|p1a: Dondozo\n|-unboost|p1a: Dondozo|spe|1\n|-boost|p1a: Dondozo|atk|1\n|-boost|p1a: Dondozo|def|1\n|\n|-heal|p1a: Dondozo|61\/100|[from] item: Leftovers\n|upkeep\n|turn|18\n|\n|t:|1700667420\n|move|p2a: Arceus|Extreme Speed|p1a: Dondozo\n|-damage|p1a: Dondozo|44\/100\n|move|p1a: Dondozo|Liquidation|p2a: Arceus\n|-damage|p2a: Arceus|61\/100\n|-unboost|p2a: Arceus|def|1\n|\n|-heal|p1a: Dondozo|50\/100|[from] item: Leftovers\n|upkeep\n|turn|19\n|\n|t:|1700667423\n|move|p2a: Arceus|Extreme Speed|p1a: Dondozo\n|-damage|p1a: Dondozo|35\/100\n|move|p1a: Dondozo|Curse|p1a: Dondozo\n|-unboost|p1a: Dondozo|spe|1\n|-boost|p1a: Dondozo|atk|1\n|-boost|p1a: Dondozo|def|1\n|\n|-heal|p1a: Dondozo|41\/100|[from] item: Leftovers\n|upkeep\n|turn|20\n|\n|t:|1700667426\n|move|p2a: Arceus|Extreme Speed|p1a: Dondozo\n|-damage|p1a: Dondozo|28\/100\n|move|p1a: Dondozo|Rest|p1a: Dondozo\n|-status|p1a: Dondozo|slp|[from] move: Rest\n|-heal|p1a: Dondozo|100\/100 slp|[silent]\n|\n|upkeep\n|turn|21\n|\n|t:|1700667429\n|move|p2a: Arceus|Extreme Speed|p1a: Dondozo\n|-damage|p1a: Dondozo|87\/100 slp\n|cant|p1a: Dondozo|slp\n|move|p1a: Dondozo|Sleep Talk|p1a: Dondozo\n|move|p1a: Dondozo|Curse|p1a: Dondozo|[from]move: Sleep Talk\n|-unboost|p1a: Dondozo|spe|1\n|-boost|p1a: Dondozo|atk|1\n|-boost|p1a: Dondozo|def|1\n|\n|-heal|p1a: Dondozo|93\/100 slp|[from] item: Leftovers\n|upkeep\n|turn|22\n|\n|t:|1700667432\n|move|p2a: Arceus|Extreme Speed|p1a: Dondozo\n|-damage|p1a: Dondozo|83\/100 slp\n|cant|p1a: Dondozo|slp\n|move|p1a: Dondozo|Sleep Talk|p1a: Dondozo\n|move|p1a: Dondozo|Curse|p1a: Dondozo|[from]move: Sleep Talk\n|-unboost|p1a: Dondozo|spe|1\n|-boost|p1a: Dondozo|atk|1\n|-boost|p1a: Dondozo|def|1\n|\n|-heal|p1a: Dondozo|89\/100 slp|[from] item: Leftovers\n|upkeep\n|turn|23\n|\n|t:|1700667435\n|move|p2a: Arceus|Extreme Speed|p1a: Dondozo\n|-damage|p1a: Dondozo|80\/100 slp\n|-curestatus|p1a: Dondozo|slp|[msg]\n|move|p1a: Dondozo|Liquidation|p2a: Arceus\n|-damage|p2a: Arceus|0 fnt\n|faint|p2a: Arceus\n|\n|-heal|p1a: Dondozo|86\/100|[from] item: Leftovers\n|upkeep\n|\n|t:|1700667443\n|switch|p2a: Calyrex|Calyrex-Shadow|100\/100\n|-ability|p2a: Calyrex|As One\n|-ability|p2a: Calyrex|Unnerve\n|turn|24\n|\n|t:|1700667446\n|move|p2a: Calyrex|Grass Knot|p1a: Dondozo\n|-supereffective|p1a: Dondozo\n|-damage|p1a: Dondozo|27\/100\n|move|p1a: Dondozo|Liquidation|p2a: Calyrex\n|-damage|p2a: Calyrex|0 fnt\n|faint|p2a: Calyrex\n|\n|-heal|p1a: Dondozo|34\/100|[from] item: Leftovers\n|upkeep\n|\n|t:|1700667449\n|switch|p2a: Koraidon|Koraidon|100\/100\n|-weather|SunnyDay|[from] ability: Orichalcum Pulse|[of] p2a: Koraidon\n|-activate|p2a: Koraidon|Orichalcum Pulse|[source]\n|turn|25\n|\n|t:|1700667454\n|move|p2a: Koraidon|Swords Dance|p2a: Koraidon\n|-boost|p2a: Koraidon|atk|2\n|move|p1a: Dondozo|Liquidation|p2a: Koraidon\n|-resisted|p2a: Koraidon\n|-damage|p2a: Koraidon|79\/100\n|\n|-weather|SunnyDay|[upkeep]\n|-heal|p1a: Dondozo|40\/100|[from] item: Leftovers\n|upkeep\n|turn|26\n|\n|t:|1700667457\n|move|p2a: Koraidon|Swords Dance|p2a: Koraidon\n|-boost|p2a: Koraidon|atk|2\n|move|p1a: Dondozo|Rest|p1a: Dondozo\n|-status|p1a: Dondozo|slp|[from] move: Rest\n|-heal|p1a: Dondozo|100\/100 slp|[silent]\n|\n|-weather|SunnyDay|[upkeep]\n|upkeep\n|turn|27\n|\n|t:|1700667461\n|move|p2a: Koraidon|Swords Dance|p2a: Koraidon\n|-boost|p2a: Koraidon|atk|2\n|cant|p1a: Dondozo|slp\n|move|p1a: Dondozo|Sleep Talk|p1a: Dondozo\n|move|p1a: Dondozo|Rest||[from]move: Sleep Talk|[still]\n|-fail|p1a: Dondozo\n|\n|-weather|SunnyDay|[upkeep]\n|upkeep\n|turn|28\n|-message|L9 MONK MENTAL forfeited.\n|\n|win|TwoXFlying\n|raw|TwoXFlying's rating: 1000 &rarr; <strong>1049<\/strong><br \/>(+49 for winning)\n|raw|L9 MONK MENTAL's rating: 1078 &rarr; <strong>1052<\/strong><br \/>(-26 for losing)\n|l|\u2606L9 MONK MENTAL\n|n|\u2606TwoXFlying|twoxflying\n|player|p1|TwoXFlying|cynthia-masters\n","uploadtime":1700667522,"views":6,"p1id":"twoxflying","p2id":"l9monkmental","formatid":"gen9anythinggoes","rating":1049,"private":0,"password":""}