{"id":"gen9anythinggoes-1979700547","p1":"Joelangelo7","p2":"Revel64","format":"[Gen 9] Anything Goes","log":"|j|\u2606Joelangelo7\n|j|\u2606Revel64\n|t:|1698704545\n|gametype|singles\n|player|p1|Joelangelo7|hilbert-wonderlauncher|\n|player|p2|Revel64|barry|\n|teamsize|p1|6\n|teamsize|p2|6\n|gen|9\n|tier|[Gen 9] Anything Goes\n|rule|HP Percentage Mod: HP is shown in percentages\n|rule|Endless Battle Clause: Forcing endless battles is banned\n|clearpoke\n|poke|p1|Articuno-Galar|\n|poke|p1|Dialga-Origin|\n|poke|p1|Kyogre|\n|poke|p1|Volcarona, M|\n|poke|p1|Groudon|\n|poke|p1|Blissey, F|\n|poke|p2|Groudon|\n|poke|p2|Espathra, M|\n|poke|p2|Bellibolt, M|\n|poke|p2|Empoleon, M|\n|poke|p2|Urshifu-*, F|\n|poke|p2|Arceus-Fairy|\n|teampreview\n|\n|t:|1698704556\n|start\n|switch|p1a: Blissey|Blissey, F, shiny|100\/100\n|switch|p2a: Bellibolt|Bellibolt, M, shiny|100\/100\n|turn|1\n|\n|t:|1698704585\n|move|p1a: Blissey|Stealth Rock|p2a: Bellibolt\n|-sidestart|p2: Revel64|move: Stealth Rock\n|move|p2a: Bellibolt|Soak|p1a: Blissey\n|-start|p1a: Blissey|typechange|Water\n|\n|upkeep\n|turn|2\n|\n|t:|1698704594\n|move|p1a: Blissey|Seismic Toss|p2a: Bellibolt\n|-damage|p2a: Bellibolt|75\/100\n|-start|p2a: Bellibolt|Charge|Seismic Toss|[from] ability: Electromorphosis\n|move|p2a: Bellibolt|Parabolic Charge|p1a: Blissey\n|-supereffective|p1a: Blissey\n|-damage|p1a: Blissey|60\/100\n|-heal|p2a: Bellibolt|100\/100|[from] drain|[of] p1a: Blissey\n|-end|p2a: Bellibolt|Charge|[silent]\n|\n|-heal|p1a: Blissey|66\/100|[from] item: Leftovers\n|upkeep\n|turn|3\n|\n|t:|1698704610\n|switch|p1a: Groudon|Groudon, shiny|100\/100\n|-weather|SunnyDay|[from] ability: Drought|[of] p1a: Groudon\n|move|p2a: Bellibolt|Parabolic Charge|p1a: Groudon\n|-immune|p1a: Groudon\n|\n|-weather|SunnyDay|[upkeep]\n|upkeep\n|turn|4\n|\n|t:|1698704625\n|move|p1a: Groudon|Bulk Up|p1a: Groudon\n|-boost|p1a: Groudon|atk|1\n|-boost|p1a: Groudon|def|1\n|move|p2a: Bellibolt|Soak|p1a: Groudon\n|-start|p1a: Groudon|typechange|Water\n|\n|-weather|SunnyDay|[upkeep]\n|upkeep\n|turn|5\n|\n|t:|1698704636\n|move|p1a: Groudon|Thunder Punch|p2a: Bellibolt\n|-resisted|p2a: Bellibolt\n|-damage|p2a: Bellibolt|79\/100\n|-start|p2a: Bellibolt|Charge|Thunder Punch|[from] ability: Electromorphosis\n|move|p2a: Bellibolt|Acid Spray|p1a: Groudon\n|-damage|p1a: Groudon|91\/100\n|-unboost|p1a: Groudon|spd|2\n|\n|-weather|SunnyDay|[upkeep]\n|-heal|p1a: Groudon|97\/100|[from] item: Leftovers\n|-heal|p2a: Bellibolt|85\/100|[from] item: Leftovers\n|upkeep\n|turn|6\n|\n|t:|1698704646\n|move|p1a: Groudon|Bulk Up|p1a: Groudon\n|-boost|p1a: Groudon|atk|1\n|-boost|p1a: Groudon|def|1\n|move|p2a: Bellibolt|Acid Spray|p1a: Groudon\n|-damage|p1a: Groudon|78\/100\n|-unboost|p1a: Groudon|spd|2\n|\n|-weather|SunnyDay|[upkeep]\n|-heal|p1a: Groudon|84\/100|[from] item: Leftovers\n|-heal|p2a: Bellibolt|91\/100|[from] item: Leftovers\n|upkeep\n|turn|7\n|\n|t:|1698704658\n|move|p1a: Groudon|Aerial Ace|p2a: Bellibolt\n|-resisted|p2a: Bellibolt\n|-damage|p2a: Bellibolt|70\/100\n|-start|p2a: Bellibolt|Charge|Aerial Ace|[from] ability: Electromorphosis\n|move|p2a: Bellibolt|Acid Spray|p1a: Groudon\n|-crit|p1a: Groudon\n|-damage|p1a: Groudon|40\/100\n|-unboost|p1a: Groudon|spd|2\n|\n|-weather|none\n|-heal|p1a: Groudon|46\/100|[from] item: Leftovers\n|-heal|p2a: Bellibolt|76\/100|[from] item: Leftovers\n|upkeep\n|turn|8\n|\n|t:|1698704676\n|move|p1a: Groudon|Thunder Punch|p2a: Bellibolt\n|-resisted|p2a: Bellibolt\n|-damage|p2a: Bellibolt|50\/100\n|-start|p2a: Bellibolt|Charge|Thunder Punch|[from] ability: Electromorphosis\n|move|p2a: Bellibolt|Acid Spray|p1a: Groudon\n|-damage|p1a: Groudon|7\/100\n|\n|-heal|p1a: Groudon|13\/100|[from] item: Leftovers\n|-heal|p2a: Bellibolt|56\/100|[from] item: Leftovers\n|upkeep\n|turn|9\n|\n|t:|1698704690\n|switch|p1a: Blissey|Blissey, F, shiny|66\/100\n|move|p2a: Bellibolt|Parabolic Charge|p1a: Blissey\n|-damage|p1a: Blissey|46\/100\n|-heal|p2a: Bellibolt|73\/100|[from] drain|[of] p1a: Blissey\n|-end|p2a: Bellibolt|Charge|[silent]\n|\n|-heal|p1a: Blissey|52\/100|[from] item: Leftovers\n|-heal|p2a: Bellibolt|79\/100|[from] item: Leftovers\n|upkeep\n|turn|10\n|inactive|Battle timer is ON: inactive players will automatically lose when time's up. (requested by Joelangelo7)\n|\n|t:|1698704751\n|move|p1a: Blissey|Seismic Toss|p2a: Bellibolt\n|-damage|p2a: Bellibolt|54\/100\n|-start|p2a: Bellibolt|Charge|Seismic Toss|[from] ability: Electromorphosis\n|move|p2a: Bellibolt|Parabolic Charge|p1a: Blissey\n|-damage|p1a: Blissey|31\/100\n|-heal|p2a: Bellibolt|71\/100|[from] drain|[of] p1a: Blissey\n|-end|p2a: Bellibolt|Charge|[silent]\n|\n|-heal|p1a: Blissey|37\/100|[from] item: Leftovers\n|-heal|p2a: Bellibolt|77\/100|[from] item: Leftovers\n|upkeep\n|turn|11\n|\n|t:|1698704764\n|move|p1a: Blissey|Soft-Boiled|p1a: Blissey\n|-heal|p1a: Blissey|87\/100\n|move|p2a: Bellibolt|Acid Spray|p1a: Blissey\n|-damage|p1a: Blissey|83\/100\n|-unboost|p1a: Blissey|spd|2\n|\n|-heal|p1a: Blissey|89\/100|[from] item: Leftovers\n|-heal|p2a: Bellibolt|84\/100|[from] item: Leftovers\n|upkeep\n|turn|12\n|\n|t:|1698704774\n|move|p1a: Blissey|Seismic Toss|p2a: Bellibolt\n|-damage|p2a: Bellibolt|58\/100\n|-start|p2a: Bellibolt|Charge|Seismic Toss|[from] ability: Electromorphosis\n|move|p2a: Bellibolt|Parabolic Charge|p1a: Blissey\n|-damage|p1a: Blissey|48\/100\n|-heal|p2a: Bellibolt|93\/100|[from] drain|[of] p1a: Blissey\n|-end|p2a: Bellibolt|Charge|[silent]\n|\n|-heal|p1a: Blissey|54\/100|[from] item: Leftovers\n|-heal|p2a: Bellibolt|99\/100|[from] item: Leftovers\n|upkeep\n|turn|13\n|\n|t:|1698704786\n|switch|p1a: Articuno|Articuno-Galar, shiny|100\/100\n|move|p2a: Bellibolt|Acid Spray|p1a: Articuno\n|-damage|p1a: Articuno|88\/100\n|-unboost|p1a: Articuno|spd|2\n|-ability|p1a: Articuno|Competitive|boost\n|-boost|p1a: Articuno|spa|2\n|\n|-heal|p1a: Articuno|94\/100|[from] item: Leftovers\n|-heal|p2a: Bellibolt|100\/100|[from] item: Leftovers\n|upkeep\n|turn|14\n|\n|t:|1698704794\n|move|p1a: Articuno|Freezing Glare|p2a: Bellibolt\n|-damage|p2a: Bellibolt|13\/100\n|-start|p2a: Bellibolt|Charge|Freezing Glare|[from] ability: Electromorphosis\n|move|p2a: Bellibolt|Soak|p1a: Articuno\n|-start|p1a: Articuno|typechange|Water\n|\n|-heal|p1a: Articuno|99\/100|[from] item: Leftovers\n|-heal|p2a: Bellibolt|19\/100|[from] item: Leftovers\n|upkeep\n|turn|15\n|\n|t:|1698704805\n|move|p1a: Articuno|Calm Mind|p1a: Articuno\n|-boost|p1a: Articuno|spa|1\n|-boost|p1a: Articuno|spd|1\n|move|p2a: Bellibolt|Slack Off|p2a: Bellibolt\n|-heal|p2a: Bellibolt|69\/100\n|\n|-heal|p1a: Articuno|100\/100|[from] item: Leftovers\n|-heal|p2a: Bellibolt|75\/100|[from] item: Leftovers\n|upkeep\n|turn|16\n|\n|t:|1698704813\n|move|p1a: Articuno|Air Slash|p2a: Bellibolt\n|-resisted|p2a: Bellibolt\n|-damage|p2a: Bellibolt|44\/100\n|-start|p2a: Bellibolt|Charge|Air Slash|[from] ability: Electromorphosis\n|cant|p2a: Bellibolt|flinch\n|-end|p2a: Bellibolt|Charge|[silent]\n|\n|-heal|p2a: Bellibolt|50\/100|[from] item: Leftovers\n|upkeep\n|turn|17\n|\n|t:|1698704820\n|move|p1a: Articuno|Air Slash|p2a: Bellibolt\n|-resisted|p2a: Bellibolt\n|-damage|p2a: Bellibolt|20\/100\n|-start|p2a: Bellibolt|Charge|Air Slash|[from] ability: Electromorphosis\n|move|p2a: Bellibolt|Parabolic Charge|p1a: Articuno\n|-supereffective|p1a: Articuno\n|-damage|p1a: Articuno|0 fnt\n|-heal|p2a: Bellibolt|63\/100|[from] drain|[of] p1a: Articuno\n|faint|p1a: Articuno\n|-end|p2a: Bellibolt|Charge|[silent]\n|\n|-heal|p2a: Bellibolt|69\/100|[from] item: Leftovers\n|upkeep\n|\n|t:|1698704831\n|switch|p1a: Volcarona|Volcarona, M, shiny|100\/100\n|turn|18\n|\n|t:|1698704837\n|move|p1a: Volcarona|Quiver Dance|p1a: Volcarona\n|-boost|p1a: Volcarona|spa|1\n|-boost|p1a: Volcarona|spd|1\n|-boost|p1a: Volcarona|spe|1\n|move|p2a: Bellibolt|Acid Spray|p1a: Volcarona\n|-damage|p1a: Volcarona|94\/100\n|-unboost|p1a: Volcarona|spd|2\n|\n|-heal|p2a: Bellibolt|75\/100|[from] item: Leftovers\n|upkeep\n|turn|19\n|\n|t:|1698704845\n|move|p1a: Volcarona|Quiver Dance|p1a: Volcarona\n|-boost|p1a: Volcarona|spa|1\n|-boost|p1a: Volcarona|spd|1\n|-boost|p1a: Volcarona|spe|1\n|move|p2a: Bellibolt|Acid Spray|p1a: Volcarona\n|-damage|p1a: Volcarona|84\/100\n|-unboost|p1a: Volcarona|spd|2\n|\n|-heal|p2a: Bellibolt|81\/100|[from] item: Leftovers\n|upkeep\n|turn|20\n|\n|t:|1698704851\n|move|p1a: Volcarona|Quiver Dance|p1a: Volcarona\n|-boost|p1a: Volcarona|spa|1\n|-boost|p1a: Volcarona|spd|1\n|-boost|p1a: Volcarona|spe|1\n|move|p2a: Bellibolt|Soak|p1a: Volcarona\n|-start|p1a: Volcarona|typechange|Water\n|\n|-heal|p2a: Bellibolt|87\/100|[from] item: Leftovers\n|upkeep\n|turn|21\n|\n|t:|1698704861\n|move|p1a: Volcarona|Morning Sun|p1a: Volcarona\n|-heal|p1a: Volcarona|100\/100\n|move|p2a: Bellibolt|Parabolic Charge|p1a: Volcarona\n|-supereffective|p1a: Volcarona\n|-damage|p1a: Volcarona|26\/100\n|-heal|p2a: Bellibolt|100\/100|[from] drain|[of] p1a: Volcarona\n|\n|upkeep\n|turn|22\n|\n|t:|1698704871\n|move|p1a: Volcarona|Fiery Dance|p2a: Bellibolt\n|-damage|p2a: Bellibolt|41\/100\n|-boost|p1a: Volcarona|spa|1\n|-start|p2a: Bellibolt|Charge|Fiery Dance|[from] ability: Electromorphosis\n|move|p2a: Bellibolt|Parabolic Charge|p1a: Volcarona\n|-supereffective|p1a: Volcarona\n|-damage|p1a: Volcarona|0 fnt\n|-heal|p2a: Bellibolt|53\/100|[from] drain|[of] p1a: Volcarona\n|faint|p1a: Volcarona\n|-end|p2a: Bellibolt|Charge|[silent]\n|\n|-heal|p2a: Bellibolt|59\/100|[from] item: Leftovers\n|upkeep\n|\n|t:|1698704884\n|switch|p1a: Kyogre|Kyogre, shiny|100\/100\n|-weather|RainDance|[from] ability: Drizzle|[of] p1a: Kyogre\n|turn|23\n|\n|t:|1698704890\n|move|p1a: Kyogre|Chilling Water|p2a: Bellibolt\n|-damage|p2a: Bellibolt|18\/100\n|-unboost|p2a: Bellibolt|atk|1\n|-start|p2a: Bellibolt|Charge|Chilling Water|[from] ability: Electromorphosis\n|move|p2a: Bellibolt|Acid Spray|p1a: Kyogre\n|-damage|p1a: Kyogre|92\/100\n|-unboost|p1a: Kyogre|spd|2\n|\n|-weather|RainDance|[upkeep]\n|-heal|p1a: Kyogre|98\/100|[from] item: Leftovers\n|-heal|p2a: Bellibolt|24\/100|[from] item: Leftovers\n|upkeep\n|turn|24\n|\n|t:|1698704898\n|move|p1a: Kyogre|Thunder|p2a: Bellibolt\n|-resisted|p2a: Bellibolt\n|-damage|p2a: Bellibolt|4\/100\n|-start|p2a: Bellibolt|Charge|Thunder|[from] ability: Electromorphosis\n|move|p2a: Bellibolt|Parabolic Charge|p1a: Kyogre\n|-supereffective|p1a: Kyogre\n|-damage|p1a: Kyogre|0 fnt\n|-heal|p2a: Bellibolt|48\/100|[from] drain|[of] p1a: Kyogre\n|faint|p1a: Kyogre\n|-end|p2a: Bellibolt|Charge|[silent]\n|\n|-weather|RainDance|[upkeep]\n|-heal|p2a: Bellibolt|54\/100|[from] item: Leftovers\n|upkeep\n|\n|t:|1698704909\n|switch|p1a: Groudon|Groudon, shiny|13\/100\n|-weather|SunnyDay|[from] ability: Drought|[of] p1a: Groudon\n|turn|25\n|\n|t:|1698704914\n|move|p1a: Groudon|Thunder Punch|p2a: Bellibolt\n|-resisted|p2a: Bellibolt\n|-crit|p2a: Bellibolt\n|-damage|p2a: Bellibolt|33\/100\n|-start|p2a: Bellibolt|Charge|Thunder Punch|[from] ability: Electromorphosis\n|move|p2a: Bellibolt|Acid Spray|p1a: Groudon\n|-resisted|p1a: Groudon\n|-damage|p1a: Groudon|9\/100\n|-unboost|p1a: Groudon|spd|2\n|\n|-weather|SunnyDay|[upkeep]\n|-heal|p1a: Groudon|15\/100|[from] item: Leftovers\n|-heal|p2a: Bellibolt|39\/100|[from] item: Leftovers\n|upkeep\n|turn|26\n|\n|t:|1698704924\n|move|p1a: Groudon|Thunder Punch|p2a: Bellibolt\n|-resisted|p2a: Bellibolt\n|-crit|p2a: Bellibolt\n|-damage|p2a: Bellibolt|18\/100\n|-start|p2a: Bellibolt|Charge|Thunder Punch|[from] ability: Electromorphosis\n|move|p2a: Bellibolt|Parabolic Charge|p1a: Groudon\n|-immune|p1a: Groudon\n|-end|p2a: Bellibolt|Charge|[silent]\n|\n|-weather|SunnyDay|[upkeep]\n|-heal|p1a: Groudon|21\/100|[from] item: Leftovers\n|-heal|p2a: Bellibolt|24\/100|[from] item: Leftovers\n|upkeep\n|turn|27\n|\n|t:|1698704938\n|switch|p2a: Empoleon|Empoleon, M, shiny|100\/100\n|-damage|p2a: Empoleon|94\/100|[from] Stealth Rock\n|move|p1a: Groudon|Aerial Ace|p2a: Empoleon\n|-resisted|p2a: Empoleon\n|-damage|p2a: Empoleon|82\/100\n|\n|-weather|SunnyDay|[upkeep]\n|-heal|p1a: Groudon|27\/100|[from] item: Leftovers\n|upkeep\n|turn|28\n|\n|t:|1698704944\n|move|p1a: Groudon|Precipice Blades|p2a: Empoleon\n|-supereffective|p2a: Empoleon\n|-damage|p2a: Empoleon|0 fnt\n|faint|p2a: Empoleon\n|\n|-weather|SunnyDay|[upkeep]\n|-heal|p1a: Groudon|33\/100|[from] item: Leftovers\n|upkeep\n|\n|t:|1698704948\n|switch|p2a: Bellibolt|Bellibolt, M, shiny|24\/100\n|-damage|p2a: Bellibolt|12\/100|[from] Stealth Rock\n|turn|29\n|\n|t:|1698704956\n|switch|p2a: Urshifu|Urshifu, F|100\/100\n|-damage|p2a: Urshifu|94\/100|[from] Stealth Rock\n|move|p1a: Groudon|Precipice Blades|p2a: Urshifu\n|-damage|p2a: Urshifu|22\/100\n|\n|-weather|none\n|-heal|p1a: Groudon|39\/100|[from] item: Leftovers\n|upkeep\n|turn|30\n|\n|t:|1698704964\n|move|p2a: Urshifu|Sucker Punch|p1a: Groudon\n|-damage|p1a: Groudon|13\/100\n|move|p1a: Groudon|Thunder Punch|p2a: Urshifu\n|-damage|p2a: Urshifu|0 fnt\n|faint|p2a: Urshifu\n|\n|-heal|p1a: Groudon|19\/100|[from] item: Leftovers\n|upkeep\n|\n|t:|1698704973\n|switch|p2a: Arceus|Arceus-Fairy, shiny|100\/100\n|-damage|p2a: Arceus|88\/100|[from] Stealth Rock\n|turn|31\n|\n|t:|1698704976\n|switch|p2a: Bellibolt|Bellibolt, M, shiny|12\/100\n|-damage|p2a: Bellibolt|0 fnt|[from] Stealth Rock\n|faint|p2a: Bellibolt\n|move|p1a: Groudon|Precipice Blades|p2: Bellibolt|[notarget]\n|-fail|p1a: Groudon\n|\n|-heal|p1a: Groudon|25\/100|[from] item: Leftovers\n|upkeep\n|\n|t:|1698704983\n|switch|p2a: Arceus|Arceus-Fairy, shiny|88\/100\n|-damage|p2a: Arceus|76\/100|[from] Stealth Rock\n|turn|32\n|\n|t:|1698704989\n|move|p2a: Arceus|Judgment|p1a: Groudon\n|-damage|p1a: Groudon|0 fnt\n|faint|p1a: Groudon\n|\n|upkeep\n|\n|t:|1698704992\n|switch|p1a: Dialga|Dialga-Origin, shiny|100\/100\n|-ability|p1a: Dialga|Pressure\n|turn|33\n|\n|t:|1698704995\n|-terastallize|p2a: Arceus|Fairy\n|-terastallize|p1a: Dialga|Fairy\n|move|p2a: Arceus|Judgment|p1a: Dialga\n|-damage|p1a: Dialga|34\/100\n|move|p1a: Dialga|Trick Room|p1a: Dialga\n|-fieldstart|move: Trick Room|[of] p1a: Dialga\n|\n|upkeep\n|turn|34\n|\n|t:|1698705005\n|move|p1a: Dialga|Flash Cannon|p2a: Arceus\n|-supereffective|p2a: Arceus\n|-damage|p2a: Arceus|0 fnt\n|faint|p2a: Arceus\n|\n|upkeep\n|\n|t:|1698705008\n|switch|p2a: Espathra|Espathra, M, shiny|100\/100\n|-damage|p2a: Espathra|88\/100|[from] Stealth Rock\n|turn|35\n|\n|t:|1698705012\n|move|p1a: Dialga|Dragon Pulse|p2a: Espathra\n|-damage|p2a: Espathra|0 fnt\n|faint|p2a: Espathra\n|\n|upkeep\n|\n|t:|1698705016\n|switch|p2a: Groudon|Groudon, shiny|100\/100\n|-damage|p2a: Groudon|94\/100|[from] Stealth Rock\n|-weather|SunnyDay|[from] ability: Drought|[of] p2a: Groudon\n|turn|36\n|\n|t:|1698705023\n|move|p1a: Dialga|Dragon Pulse|p2a: Groudon\n|-damage|p2a: Groudon|35\/100\n|move|p2a: Groudon|Lava Plume|p1a: Dialga\n|-damage|p1a: Dialga|8\/100\n|\n|-weather|SunnyDay|[upkeep]\n|-heal|p2a: Groudon|42\/100|[from] item: Leftovers\n|upkeep\n|turn|37\n|\n|t:|1698705032\n|move|p1a: Dialga|Earth Power|p2a: Groudon\n|-damage|p2a: Groudon|4\/100\n|move|p2a: Groudon|Lava Plume|p1a: Dialga\n|-damage|p1a: Dialga|0 fnt\n|faint|p1a: Dialga\n|\n|-weather|SunnyDay|[upkeep]\n|-heal|p2a: Groudon|10\/100|[from] item: Leftovers\n|-fieldend|move: Trick Room\n|upkeep\n|\n|t:|1698705038\n|switch|p1a: Blissey|Blissey, F, shiny|54\/100\n|turn|38\n|\n|t:|1698705047\n|move|p2a: Groudon|Lava Plume|p1a: Blissey\n|-damage|p1a: Blissey|40\/100\n|-status|p1a: Blissey|brn\n|move|p1a: Blissey|Charm|p2a: Groudon\n|-unboost|p2a: Groudon|atk|2\n|\n|-weather|SunnyDay|[upkeep]\n|-heal|p2a: Groudon|17\/100|[from] item: Leftovers\n|-heal|p1a: Blissey|46\/100 brn|[from] item: Leftovers\n|-damage|p1a: Blissey|40\/100 brn|[from] brn\n|upkeep\n|turn|39\n|\n|t:|1698705056\n|move|p2a: Groudon|Solar Beam||[still]\n|-prepare|p2a: Groudon|Solar Beam\n|-anim|p2a: Groudon|Solar Beam|p1a: Blissey\n|-damage|p1a: Blissey|28\/100 brn\n|move|p1a: Blissey|Soft-Boiled|p1a: Blissey\n|-heal|p1a: Blissey|78\/100 brn\n|\n|-weather|SunnyDay|[upkeep]\n|-heal|p2a: Groudon|23\/100|[from] item: Leftovers\n|-heal|p1a: Blissey|84\/100 brn|[from] item: Leftovers\n|-damage|p1a: Blissey|78\/100 brn|[from] brn\n|upkeep\n|turn|40\n|\n|t:|1698705076\n|move|p2a: Groudon|Earth Power|p1a: Blissey\n|-damage|p1a: Blissey|63\/100 brn\n|move|p1a: Blissey|Soft-Boiled|p1a: Blissey\n|-heal|p1a: Blissey|100\/100 brn\n|\n|-weather|none\n|-heal|p2a: Groudon|29\/100|[from] item: Leftovers\n|-damage|p1a: Blissey|94\/100 brn|[from] brn\n|upkeep\n|turn|41\n|\n|t:|1698705083\n|move|p2a: Groudon|Rest|p2a: Groudon\n|-status|p2a: Groudon|slp|[from] move: Rest\n|-heal|p2a: Groudon|100\/100 slp|[silent]\n|move|p1a: Blissey|Charm|p2a: Groudon\n|-unboost|p2a: Groudon|atk|2\n|\n|-heal|p1a: Blissey|100\/100 brn|[from] item: Leftovers\n|-damage|p1a: Blissey|94\/100 brn|[from] brn\n|upkeep\n|turn|42\n|inactive|Revel64 has 270 seconds left.\n|\n|t:|1698705129\n|cant|p2a: Groudon|slp\n|move|p1a: Blissey|Charm|p2a: Groudon\n|-unboost|p2a: Groudon|atk|2\n|\n|-heal|p1a: Blissey|100\/100 brn|[from] item: Leftovers\n|-damage|p1a: Blissey|94\/100 brn|[from] brn\n|upkeep\n|turn|43\n|\n|t:|1698705135\n|cant|p2a: Groudon|slp\n|move|p1a: Blissey|Seismic Toss|p2a: Groudon\n|-damage|p2a: Groudon|76\/100 slp\n|\n|-heal|p2a: Groudon|82\/100 slp|[from] item: Leftovers\n|-heal|p1a: Blissey|100\/100 brn|[from] item: Leftovers\n|-damage|p1a: Blissey|94\/100 brn|[from] brn\n|upkeep\n|turn|44\n|inactive|Revel64 has 270 seconds left.\n|\n|t:|1698705141\n|-curestatus|p2a: Groudon|slp|[msg]\n|move|p2a: Groudon|Solar Beam||[still]\n|-prepare|p2a: Groudon|Solar Beam\n|move|p1a: Blissey|Seismic Toss|p2a: Groudon\n|-damage|p2a: Groudon|57\/100\n|\n|-heal|p2a: Groudon|63\/100|[from] item: Leftovers\n|-heal|p1a: Blissey|100\/100 brn|[from] item: Leftovers\n|-damage|p1a: Blissey|94\/100 brn|[from] brn\n|upkeep\n|turn|45\n|inactive|Revel64 has 270 seconds left.\n|\n|t:|1698705153\n|move|p2a: Groudon|Solar Beam|p1a: Blissey|[from]lockedmove\n|-damage|p1a: Blissey|82\/100 brn\n|move|p1a: Blissey|Seismic Toss|p2a: Groudon\n|-damage|p2a: Groudon|39\/100\n|\n|-heal|p2a: Groudon|45\/100|[from] item: Leftovers\n|-heal|p1a: Blissey|88\/100 brn|[from] item: Leftovers\n|-damage|p1a: Blissey|82\/100 brn|[from] brn\n|upkeep\n|turn|46\n|inactive|Revel64 has 270 seconds left.\n|\n|t:|1698705164\n|move|p2a: Groudon|Earth Power|p1a: Blissey\n|-damage|p1a: Blissey|67\/100 brn\n|move|p1a: Blissey|Seismic Toss|p2a: Groudon\n|-damage|p2a: Groudon|20\/100\n|\n|-heal|p2a: Groudon|26\/100|[from] item: Leftovers\n|-heal|p1a: Blissey|73\/100 brn|[from] item: Leftovers\n|-damage|p1a: Blissey|67\/100 brn|[from] brn\n|upkeep\n|turn|47\n|\n|t:|1698705176\n|move|p2a: Groudon|Earth Power|p1a: Blissey\n|-damage|p1a: Blissey|53\/100 brn\n|move|p1a: Blissey|Seismic Toss|p2a: Groudon\n|-damage|p2a: Groudon|1\/100\n|\n|-heal|p2a: Groudon|8\/100|[from] item: Leftovers\n|-heal|p1a: Blissey|59\/100 brn|[from] item: Leftovers\n|-damage|p1a: Blissey|53\/100 brn|[from] brn\n|upkeep\n|turn|48\n|\n|t:|1698705189\n|move|p2a: Groudon|Rest|p2a: Groudon\n|-status|p2a: Groudon|slp|[from] move: Rest\n|-heal|p2a: Groudon|100\/100 slp|[silent]\n|move|p1a: Blissey|Charm|p2a: Groudon\n|-unboost|p2a: Groudon|atk|0\n|\n|-heal|p1a: Blissey|59\/100 brn|[from] item: Leftovers\n|-damage|p1a: Blissey|53\/100 brn|[from] brn\n|upkeep\n|turn|49\n|\n|t:|1698705199\n|cant|p2a: Groudon|slp\n|move|p1a: Blissey|Seismic Toss|p2a: Groudon\n|-damage|p2a: Groudon|76\/100 slp\n|\n|-heal|p2a: Groudon|82\/100 slp|[from] item: Leftovers\n|-heal|p1a: Blissey|59\/100 brn|[from] item: Leftovers\n|-damage|p1a: Blissey|53\/100 brn|[from] brn\n|upkeep\n|turn|50\n|\n|t:|1698705209\n|cant|p2a: Groudon|slp\n|move|p1a: Blissey|Seismic Toss|p2a: Groudon\n|-damage|p2a: Groudon|57\/100 slp\n|\n|-heal|p2a: Groudon|63\/100 slp|[from] item: Leftovers\n|-heal|p1a: Blissey|59\/100 brn|[from] item: Leftovers\n|-damage|p1a: Blissey|53\/100 brn|[from] brn\n|upkeep\n|turn|51\n|\n|t:|1698705216\n|-curestatus|p2a: Groudon|slp|[msg]\n|move|p2a: Groudon|Earth Power|p1a: Blissey\n|-damage|p1a: Blissey|38\/100 brn\n|move|p1a: Blissey|Seismic Toss|p2a: Groudon\n|-damage|p2a: Groudon|39\/100\n|\n|-heal|p2a: Groudon|45\/100|[from] item: Leftovers\n|-heal|p1a: Blissey|44\/100 brn|[from] item: Leftovers\n|-damage|p1a: Blissey|38\/100 brn|[from] brn\n|upkeep\n|turn|52\n|\n|t:|1698705225\n|move|p2a: Groudon|Earth Power|p1a: Blissey\n|-damage|p1a: Blissey|24\/100 brn\n|move|p1a: Blissey|Seismic Toss|p2a: Groudon\n|-damage|p2a: Groudon|20\/100\n|\n|-heal|p2a: Groudon|26\/100|[from] item: Leftovers\n|-heal|p1a: Blissey|31\/100 brn|[from] item: Leftovers\n|-damage|p1a: Blissey|24\/100 brn|[from] brn\n|upkeep\n|turn|53\n|\n|t:|1698705235\n|move|p2a: Groudon|Earth Power|p1a: Blissey\n|-damage|p1a: Blissey|9\/100 brn\n|move|p1a: Blissey|Seismic Toss|p2a: Groudon\n|-damage|p2a: Groudon|1\/100\n|\n|-heal|p2a: Groudon|8\/100|[from] item: Leftovers\n|-heal|p1a: Blissey|15\/100 brn|[from] item: Leftovers\n|-damage|p1a: Blissey|9\/100 brn|[from] brn\n|upkeep\n|turn|54\n|\n|t:|1698705246\n|move|p2a: Groudon|Rest|p2a: Groudon\n|-status|p2a: Groudon|slp|[from] move: Rest\n|-heal|p2a: Groudon|100\/100 slp|[silent]\n|move|p1a: Blissey|Soft-Boiled|p1a: Blissey\n|-heal|p1a: Blissey|59\/100 brn\n|\n|-heal|p1a: Blissey|65\/100 brn|[from] item: Leftovers\n|-damage|p1a: Blissey|59\/100 brn|[from] brn\n|upkeep\n|turn|55\n|\n|t:|1698705257\n|cant|p2a: Groudon|slp\n|move|p1a: Blissey|Seismic Toss|p2a: Groudon\n|-damage|p2a: Groudon|76\/100 slp\n|\n|-heal|p2a: Groudon|82\/100 slp|[from] item: Leftovers\n|-heal|p1a: Blissey|65\/100 brn|[from] item: Leftovers\n|-damage|p1a: Blissey|59\/100 brn|[from] brn\n|upkeep\n|turn|56\n|\n|t:|1698705267\n|cant|p2a: Groudon|slp\n|move|p1a: Blissey|Seismic Toss|p2a: Groudon\n|-damage|p2a: Groudon|57\/100 slp\n|\n|-heal|p2a: Groudon|63\/100 slp|[from] item: Leftovers\n|-heal|p1a: Blissey|65\/100 brn|[from] item: Leftovers\n|-damage|p1a: Blissey|59\/100 brn|[from] brn\n|upkeep\n|turn|57\n|\n|t:|1698705284\n|-curestatus|p2a: Groudon|slp|[msg]\n|move|p2a: Groudon|Earth Power|p1a: Blissey\n|-damage|p1a: Blissey|44\/100 brn\n|move|p1a: Blissey|Seismic Toss|p2a: Groudon\n|-damage|p2a: Groudon|39\/100\n|\n|-heal|p2a: Groudon|45\/100|[from] item: Leftovers\n|-heal|p1a: Blissey|50\/100 brn|[from] item: Leftovers\n|-damage|p1a: Blissey|44\/100 brn|[from] brn\n|upkeep\n|turn|58\n|\n|t:|1698705298\n|move|p2a: Groudon|Earth Power|p1a: Blissey\n|-damage|p1a: Blissey|31\/100 brn\n|-unboost|p1a: Blissey|spd|1\n|move|p1a: Blissey|Seismic Toss|p2a: Groudon\n|-damage|p2a: Groudon|20\/100\n|\n|-heal|p2a: Groudon|26\/100|[from] item: Leftovers\n|-heal|p1a: Blissey|37\/100 brn|[from] item: Leftovers\n|-damage|p1a: Blissey|31\/100 brn|[from] brn\n|upkeep\n|turn|59\n|\n|t:|1698705311\n|move|p2a: Groudon|Rest|p2a: Groudon\n|-status|p2a: Groudon|slp|[from] move: Rest\n|-heal|p2a: Groudon|100\/100 slp|[silent]\n|move|p1a: Blissey|Seismic Toss|p2a: Groudon\n|-damage|p2a: Groudon|76\/100 slp\n|\n|-heal|p2a: Groudon|82\/100 slp|[from] item: Leftovers\n|-heal|p1a: Blissey|37\/100 brn|[from] item: Leftovers\n|-damage|p1a: Blissey|31\/100 brn|[from] brn\n|upkeep\n|turn|60\n|\n|t:|1698705318\n|cant|p2a: Groudon|slp\n|move|p1a: Blissey|Seismic Toss|p2a: Groudon\n|-damage|p2a: Groudon|57\/100 slp\n|\n|-heal|p2a: Groudon|63\/100 slp|[from] item: Leftovers\n|-heal|p1a: Blissey|37\/100 brn|[from] item: Leftovers\n|-damage|p1a: Blissey|31\/100 brn|[from] brn\n|upkeep\n|turn|61\n|\n|t:|1698705346\n|cant|p2a: Groudon|slp\n|move|p1a: Blissey|Soft-Boiled|p1a: Blissey\n|-heal|p1a: Blissey|81\/100 brn\n|\n|-heal|p2a: Groudon|70\/100 slp|[from] item: Leftovers\n|-heal|p1a: Blissey|87\/100 brn|[from] item: Leftovers\n|-damage|p1a: Blissey|81\/100 brn|[from] brn\n|upkeep\n|turn|62\n|\n|t:|1698705352\n|-curestatus|p2a: Groudon|slp|[msg]\n|move|p2a: Groudon|Earth Power|p1a: Blissey\n|-damage|p1a: Blissey|58\/100 brn\n|move|p1a: Blissey|Seismic Toss|p2a: Groudon\n|-damage|p2a: Groudon|45\/100\n|\n|-heal|p2a: Groudon|51\/100|[from] item: Leftovers\n|-heal|p1a: Blissey|64\/100 brn|[from] item: Leftovers\n|-damage|p1a: Blissey|58\/100 brn|[from] brn\n|upkeep\n|turn|63\n|\n|t:|1698705369\n|move|p2a: Groudon|Lava Plume|p1a: Blissey\n|-damage|p1a: Blissey|45\/100 brn\n|move|p1a: Blissey|Seismic Toss|p2a: Groudon\n|-damage|p2a: Groudon|26\/100\n|\n|-heal|p2a: Groudon|32\/100|[from] item: Leftovers\n|-heal|p1a: Blissey|51\/100 brn|[from] item: Leftovers\n|-damage|p1a: Blissey|45\/100 brn|[from] brn\n|upkeep\n|turn|64\n|\n|t:|1698705375\n|move|p2a: Groudon|Solar Beam||[still]\n|-prepare|p2a: Groudon|Solar Beam\n|move|p1a: Blissey|Seismic Toss|p2a: Groudon\n|-damage|p2a: Groudon|8\/100\n|\n|-heal|p2a: Groudon|14\/100|[from] item: Leftovers\n|-heal|p1a: Blissey|51\/100 brn|[from] item: Leftovers\n|-damage|p1a: Blissey|45\/100 brn|[from] brn\n|upkeep\n|turn|65\n|\n|t:|1698705387\n|move|p2a: Groudon|Solar Beam|p1a: Blissey|[from]lockedmove\n|-damage|p1a: Blissey|27\/100 brn\n|move|p1a: Blissey|Soft-Boiled|p1a: Blissey\n|-heal|p1a: Blissey|77\/100 brn\n|\n|-heal|p2a: Groudon|20\/100|[from] item: Leftovers\n|-heal|p1a: Blissey|83\/100 brn|[from] item: Leftovers\n|-damage|p1a: Blissey|77\/100 brn|[from] brn\n|upkeep\n|turn|66\n|\n|t:|1698705399\n|move|p2a: Groudon|Rest|p2a: Groudon\n|-status|p2a: Groudon|slp|[from] move: Rest\n|-heal|p2a: Groudon|100\/100 slp|[silent]\n|move|p1a: Blissey|Seismic Toss|p2a: Groudon\n|-damage|p2a: Groudon|76\/100 slp\n|\n|-heal|p2a: Groudon|82\/100 slp|[from] item: Leftovers\n|-heal|p1a: Blissey|83\/100 brn|[from] item: Leftovers\n|-damage|p1a: Blissey|77\/100 brn|[from] brn\n|upkeep\n|turn|67\n|\n|t:|1698705412\n|cant|p2a: Groudon|slp\n|move|p1a: Blissey|Seismic Toss|p2a: Groudon\n|-damage|p2a: Groudon|57\/100 slp\n|\n|-heal|p2a: Groudon|63\/100 slp|[from] item: Leftovers\n|-heal|p1a: Blissey|83\/100 brn|[from] item: Leftovers\n|-damage|p1a: Blissey|77\/100 brn|[from] brn\n|upkeep\n|turn|68\n|\n|t:|1698705417\n|cant|p2a: Groudon|slp\n|move|p1a: Blissey|Seismic Toss|p2a: Groudon\n|-damage|p2a: Groudon|39\/100 slp\n|\n|-heal|p2a: Groudon|45\/100 slp|[from] item: Leftovers\n|-heal|p1a: Blissey|83\/100 brn|[from] item: Leftovers\n|-damage|p1a: Blissey|77\/100 brn|[from] brn\n|upkeep\n|turn|69\n|\n|t:|1698705418\n|-curestatus|p2a: Groudon|slp|[msg]\n|move|p2a: Groudon|Rest|p2a: Groudon\n|-status|p2a: Groudon|slp|[from] move: Rest\n|-heal|p2a: Groudon|100\/100 slp|[silent]\n|move|p1a: Blissey|Seismic Toss|p2a: Groudon\n|-damage|p2a: Groudon|76\/100 slp\n|\n|-heal|p2a: Groudon|82\/100 slp|[from] item: Leftovers\n|-heal|p1a: Blissey|83\/100 brn|[from] item: Leftovers\n|-damage|p1a: Blissey|77\/100 brn|[from] brn\n|upkeep\n|turn|70\n|\n|t:|1698705424\n|cant|p2a: Groudon|slp\n|move|p1a: Blissey|Seismic Toss|p2a: Groudon\n|-damage|p2a: Groudon|57\/100 slp\n|\n|-heal|p2a: Groudon|63\/100 slp|[from] item: Leftovers\n|-heal|p1a: Blissey|83\/100 brn|[from] item: Leftovers\n|-damage|p1a: Blissey|77\/100 brn|[from] brn\n|upkeep\n|turn|71\n|\n|t:|1698705425\n|cant|p2a: Groudon|slp\n|move|p1a: Blissey|Seismic Toss|p2a: Groudon\n|-damage|p2a: Groudon|39\/100 slp\n|\n|-heal|p2a: Groudon|45\/100 slp|[from] item: Leftovers\n|-heal|p1a: Blissey|83\/100 brn|[from] item: Leftovers\n|-damage|p1a: Blissey|77\/100 brn|[from] brn\n|upkeep\n|turn|72\n|\n|t:|1698705427\n|-curestatus|p2a: Groudon|slp|[msg]\n|move|p2a: Groudon|Earth Power|p1a: Blissey\n|-damage|p1a: Blissey|56\/100 brn\n|move|p1a: Blissey|Seismic Toss|p2a: Groudon\n|-damage|p2a: Groudon|20\/100\n|\n|-heal|p2a: Groudon|26\/100|[from] item: Leftovers\n|-heal|p1a: Blissey|62\/100 brn|[from] item: Leftovers\n|-damage|p1a: Blissey|56\/100 brn|[from] brn\n|upkeep\n|turn|73\n|\n|t:|1698705428\n|move|p2a: Groudon|Earth Power|p1a: Blissey\n|-damage|p1a: Blissey|33\/100 brn\n|move|p1a: Blissey|Seismic Toss|p2a: Groudon\n|-damage|p2a: Groudon|1\/100\n|\n|-heal|p2a: Groudon|8\/100|[from] item: Leftovers\n|-heal|p1a: Blissey|39\/100 brn|[from] item: Leftovers\n|-damage|p1a: Blissey|33\/100 brn|[from] brn\n|upkeep\n|turn|74\n|\n|t:|1698705430\n|move|p2a: Groudon|Rest|p2a: Groudon\n|-status|p2a: Groudon|slp|[from] move: Rest\n|-heal|p2a: Groudon|100\/100 slp|[silent]\n|move|p1a: Blissey|Seismic Toss|p2a: Groudon\n|-damage|p2a: Groudon|76\/100 slp\n|\n|-heal|p2a: Groudon|82\/100 slp|[from] item: Leftovers\n|-heal|p1a: Blissey|39\/100 brn|[from] item: Leftovers\n|-damage|p1a: Blissey|33\/100 brn|[from] brn\n|upkeep\n|turn|75\n|\n|t:|1698705432\n|cant|p2a: Groudon|slp\n|move|p1a: Blissey|Seismic Toss|p2a: Groudon\n|-damage|p2a: Groudon|57\/100 slp\n|\n|-heal|p2a: Groudon|63\/100 slp|[from] item: Leftovers\n|-heal|p1a: Blissey|39\/100 brn|[from] item: Leftovers\n|-damage|p1a: Blissey|33\/100 brn|[from] brn\n|upkeep\n|turn|76\n|\n|t:|1698705439\n|cant|p2a: Groudon|slp\n|move|p1a: Blissey|Charm|p2a: Groudon\n|-unboost|p2a: Groudon|atk|0\n|\n|-heal|p2a: Groudon|70\/100 slp|[from] item: Leftovers\n|-heal|p1a: Blissey|39\/100 brn|[from] item: Leftovers\n|-damage|p1a: Blissey|33\/100 brn|[from] brn\n|upkeep\n|turn|77\n|\n|t:|1698705448\n|-curestatus|p2a: Groudon|slp|[msg]\n|move|p2a: Groudon|Earth Power|p1a: Blissey\n|-damage|p1a: Blissey|10\/100 brn\n|move|p1a: Blissey|Charm|p2a: Groudon\n|-unboost|p2a: Groudon|atk|0\n|\n|-heal|p2a: Groudon|76\/100|[from] item: Leftovers\n|-heal|p1a: Blissey|16\/100 brn|[from] item: Leftovers\n|-damage|p1a: Blissey|10\/100 brn|[from] brn\n|upkeep\n|turn|78\n|\n|t:|1698705457\n|move|p2a: Groudon|Solar Beam||[still]\n|-prepare|p2a: Groudon|Solar Beam\n|move|p1a: Blissey|Charm|p2a: Groudon\n|-unboost|p2a: Groudon|atk|0\n|\n|-heal|p2a: Groudon|82\/100|[from] item: Leftovers\n|-heal|p1a: Blissey|16\/100 brn|[from] item: Leftovers\n|-damage|p1a: Blissey|10\/100 brn|[from] brn\n|upkeep\n|turn|79\n|\n|t:|1698705463\n|move|p2a: Groudon|Solar Beam|p1a: Blissey|[from]lockedmove\n|-damage|p1a: Blissey|0 fnt\n|faint|p1a: Blissey\n|\n|win|Revel64\n","uploadtime":1698705470,"views":6,"p1id":"joelangelo7","p2id":"revel64","formatid":"gen9anythinggoes","rating":0,"private":0,"password":""}