{"id":"gen9anythinggoes-1976002068","p1":"2937sentia.in","p2":"Azrael_Meowscarada","format":"[Gen 9] Anything Goes","log":"|j|\u26062937sentia.in\n|j|\u2606Azrael_Meowscarada\n|t:|1698255647\n|gametype|singles\n|player|p1|2937sentia.in|youngster-gen4dp|1409\n|player|p2|Azrael_Meowscarada|turo-ai|1512\n|teamsize|p1|6\n|teamsize|p2|6\n|gen|9\n|tier|[Gen 9] Anything Goes\n|rated|\n|rule|HP Percentage Mod: HP is shown in percentages\n|rule|Endless Battle Clause: Forcing endless battles is banned\n|clearpoke\n|poke|p1|Zacian-*|\n|poke|p1|Calyrex-Shadow|\n|poke|p1|Miraidon|\n|poke|p1|Arceus|\n|poke|p1|Kyogre|\n|poke|p1|Darkrai|\n|poke|p2|Calyrex-Shadow|\n|poke|p2|Zacian-*|\n|poke|p2|Ogerpon-Hearthflame, F|\n|poke|p2|Arceus-Dark|\n|poke|p2|Miraidon|\n|poke|p2|Tornadus, M|\n|teampreview\n|\n|t:|1698255651\n|start\n|switch|p1a: Arceus|Arceus|100\/100\n|switch|p2a: Tornadus|Tornadus, M|100\/100\n|turn|1\n|inactive|Battle timer is ON: inactive players will automatically lose when time's up. (requested by 2937sentia.in)\n|\n|t:|1698255659\n|move|p2a: Tornadus|Taunt|p1a: Arceus\n|-start|p1a: Arceus|move: Taunt\n|move|p1a: Arceus|Judgment|p2a: Tornadus\n|-damage|p2a: Tornadus|54\/100\n|\n|upkeep\n|turn|2\n|\n|t:|1698255666\n|move|p2a: Tornadus|Tailwind|p2a: Tornadus\n|-sidestart|p2: Azrael_Meowscarada|move: Tailwind\n|move|p1a: Arceus|Draco Meteor|p2a: Tornadus\n|-damage|p2a: Tornadus|11\/100\n|-unboost|p1a: Arceus|spa|2\n|\n|upkeep\n|turn|3\n|\n|t:|1698255684\n|move|p2a: Tornadus|Bleakwind Storm|p1a: Arceus\n|-damage|p1a: Arceus|66\/100\n|-unboost|p1a: Arceus|spe|1\n|move|p1a: Arceus|Judgment|p2a: Tornadus\n|-damage|p2a: Tornadus|0 fnt\n|faint|p2a: Tornadus\n|\n|-heal|p1a: Arceus|72\/100|[from] item: Leftovers\n|-end|p1a: Arceus|move: Taunt\n|upkeep\n|\n|t:|1698255690\n|switch|p2a: Vilhelm|Zacian-Crowned, shiny|100\/100\n|-ability|p2a: Vilhelm|Intrepid Sword|boost\n|-boost|p2a: Vilhelm|atk|1\n|turn|4\n|\n|t:|1698255699\n|move|p2a: Vilhelm|Sacred Sword|p1a: Arceus\n|-supereffective|p1a: Arceus\n|-damage|p1a: Arceus|3\/100\n|move|p1a: Arceus|Earthquake|p2a: Vilhelm\n|-supereffective|p2a: Vilhelm\n|-damage|p2a: Vilhelm|54\/100\n|\n|-heal|p1a: Arceus|9\/100|[from] item: Leftovers\n|upkeep\n|turn|5\n|\n|t:|1698255710\n|move|p2a: Vilhelm|Sacred Sword|p1a: Arceus\n|-supereffective|p1a: Arceus\n|-damage|p1a: Arceus|0 fnt\n|faint|p1a: Arceus\n|\n|-sideend|p2: Azrael_Meowscarada|move: Tailwind\n|upkeep\n|\n|t:|1698255718\n|switch|p1a: Calyrex|Calyrex-Shadow|100\/100\n|-ability|p1a: Calyrex|As One\n|-ability|p1a: Calyrex|Unnerve\n|turn|6\n|\n|t:|1698255725\n|move|p1a: Calyrex|Astral Barrage|p2a: Vilhelm\n|-damage|p2a: Vilhelm|0 fnt\n|faint|p2a: Vilhelm\n|-ability|p1a: Calyrex|Grim Neigh|boost\n|-boost|p1a: Calyrex|spa|1\n|\n|upkeep\n|\n|t:|1698255732\n|switch|p2a: Apocalypse|Calyrex-Shadow|100\/100\n|-ability|p2a: Apocalypse|As One\n|-ability|p2a: Apocalypse|Unnerve\n|turn|7\n|\n|t:|1698255740\n|-terastallize|p1a: Calyrex|Bug\n|move|p1a: Calyrex|Astral Barrage|p2a: Apocalypse\n|-supereffective|p2a: Apocalypse\n|-enditem|p2a: Apocalypse|Focus Sash\n|-damage|p2a: Apocalypse|1\/100\n|move|p2a: Apocalypse|Astral Barrage|p1a: Calyrex\n|-damage|p1a: Calyrex|20\/100\n|\n|upkeep\n|turn|8\n|\n|t:|1698255751\n|move|p1a: Calyrex|Astral Barrage|p2a: Apocalypse\n|-supereffective|p2a: Apocalypse\n|-damage|p2a: Apocalypse|0 fnt\n|faint|p2a: Apocalypse\n|-ability|p1a: Calyrex|Grim Neigh|boost\n|-boost|p1a: Calyrex|spa|1\n|\n|upkeep\n|\n|t:|1698255755\n|switch|p2a: Zeus|Arceus-Dark|100\/100\n|turn|9\n|\n|t:|1698255762\n|switch|p1a: Kyogre|Kyogre|100\/100\n|-weather|RainDance|[from] ability: Drizzle|[of] p1a: Kyogre\n|move|p2a: Zeus|Judgment|p1a: Kyogre\n|-damage|p1a: Kyogre|57\/100\n|\n|-weather|RainDance|[upkeep]\n|-heal|p1a: Kyogre|64\/100|[from] item: Leftovers\n|upkeep\n|turn|10\n|\n|t:|1698255773\n|move|p2a: Zeus|Aura Sphere|p1a: Kyogre\n|-damage|p1a: Kyogre|44\/100\n|move|p1a: Kyogre|Origin Pulse|p2a: Zeus\n|-damage|p2a: Zeus|39\/100\n|\n|-weather|RainDance|[upkeep]\n|-heal|p1a: Kyogre|51\/100|[from] item: Leftovers\n|upkeep\n|turn|11\n|\n|t:|1698255781\n|move|p2a: Zeus|Judgment|p1a: Kyogre\n|-damage|p1a: Kyogre|3\/100\n|move|p1a: Kyogre|Origin Pulse|p2a: Zeus\n|-damage|p2a: Zeus|0 fnt\n|faint|p2a: Zeus\n|\n|-weather|RainDance|[upkeep]\n|-heal|p1a: Kyogre|9\/100|[from] item: Leftovers\n|upkeep\n|\n|t:|1698255789\n|switch|p2a: Pluto|Miraidon|100\/100\n|-fieldstart|move: Electric Terrain|[from] ability: Hadron Engine|[of] p2a: Pluto\n|turn|12\n|\n|t:|1698255793\n|move|p2a: Pluto|Electro Drift|p1a: Kyogre\n|-supereffective|p1a: Kyogre\n|-damage|p1a: Kyogre|0 fnt\n|faint|p1a: Kyogre\n|\n|-weather|RainDance|[upkeep]\n|upkeep\n|\n|t:|1698255800\n|switch|p1a: Miraidon|Miraidon|100\/100\n|-activate|p1a: Miraidon|ability: Hadron Engine\n|turn|13\n|\n|t:|1698255804\n|-terastallize|p2a: Pluto|Electric\n|move|p1a: Miraidon|Draco Meteor|p2a: Pluto\n|-damage|p2a: Pluto|35\/100\n|-unboost|p1a: Miraidon|spa|2\n|move|p2a: Pluto|Dazzling Gleam|p1a: Miraidon\n|-supereffective|p1a: Miraidon\n|-damage|p1a: Miraidon|22\/100\n|\n|-weather|none\n|upkeep\n|turn|14\n|\n|t:|1698255814\n|move|p1a: Miraidon|Dazzling Gleam|p2a: Pluto\n|-damage|p2a: Pluto|21\/100\n|move|p2a: Pluto|Dazzling Gleam|p1a: Miraidon\n|-supereffective|p1a: Miraidon\n|-damage|p1a: Miraidon|0 fnt\n|faint|p1a: Miraidon\n|\n|upkeep\n|\n|t:|1698255825\n|switch|p1a: Calyrex|Calyrex-Shadow, tera:Bug|20\/100\n|-ability|p1a: Calyrex|As One\n|-ability|p1a: Calyrex|Unnerve\n|turn|15\n|\n|t:|1698255832\n|move|p1a: Calyrex|Astral Barrage|p2a: Pluto\n|-damage|p2a: Pluto|0 fnt\n|faint|p2a: Pluto\n|-ability|p1a: Calyrex|Grim Neigh|boost\n|-boost|p1a: Calyrex|spa|1\n|\n|upkeep\n|\n|t:|1698255836\n|switch|p2a: Hestia|Ogerpon-Hearthflame, F|100\/100\n|-ability|p2a: Hestia|Mold Breaker\n|turn|16\n|\n|t:|1698255842\n|move|p2a: Hestia|Spiky Shield|p2a: Hestia\n|-singleturn|p2a: Hestia|move: Protect\n|move|p1a: Calyrex|Astral Barrage|p2a: Hestia\n|-activate|p2a: Hestia|move: Protect\n|\n|-fieldend|move: Electric Terrain\n|upkeep\n|turn|17\n|\n|t:|1698255851\n|move|p1a: Calyrex|Astral Barrage|p2a: Hestia\n|-damage|p2a: Hestia|5\/100\n|move|p2a: Hestia|Ivy Cudgel|p1a: Calyrex\n|-supereffective|p1a: Calyrex\n|-damage|p1a: Calyrex|0 fnt\n|faint|p1a: Calyrex\n|\n|upkeep\n|\n|t:|1698255859\n|switch|p1a: Darkrai|Darkrai|100\/100\n|turn|18\n|\n|t:|1698255866\n|move|p2a: Hestia|Spiky Shield|p2a: Hestia\n|-singleturn|p2a: Hestia|move: Protect\n|move|p1a: Darkrai|Dark Pulse|p2a: Hestia\n|-activate|p2a: Hestia|move: Protect\n|\n|upkeep\n|turn|19\n|\n|t:|1698255873\n|move|p1a: Darkrai|Dark Pulse|p2a: Hestia\n|-damage|p2a: Hestia|0 fnt\n|faint|p2a: Hestia\n|-damage|p1a: Darkrai|91\/100|[from] item: Life Orb\n|\n|win|2937sentia.in\n|raw|2937sentia.in's rating: 1409 &rarr; <strong>1435<\/strong><br \/>(+26 for winning)\n|raw|Azrael_Meowscarada's rating: 1512 &rarr; <strong>1486<\/strong><br \/>(-26 for losing)\n|l|\u2606Azrael_Meowscarada\n","uploadtime":1698255889,"views":14,"p1id":"2937sentiain","p2id":"azraelmeowscarada","formatid":"gen9anythinggoes","rating":1435,"private":0,"password":""}