{"id":"gen9anythinggoes-1979415725","p1":"you will losse","p2":"Roxlife","format":"[Gen 9] Anything Goes","log":"|j|\u2606you will losse\n|j|\u2606Roxlife\n|t:|1698680874\n|gametype|singles\n|player|p1|you will losse|cynthia-gen4|1127\n|player|p2|Roxlife|lance|1155\n|teamsize|p1|2\n|teamsize|p2|6\n|gen|9\n|tier|[Gen 9] Anything Goes\n|rated|\n|rule|HP Percentage Mod: HP is shown in percentages\n|rule|Endless Battle Clause: Forcing endless battles is banned\n|clearpoke\n|poke|p1|Polteageist-Antique|\n|poke|p1|Dialga-Origin|\n|poke|p2|Rayquaza|\n|poke|p2|Calyrex-Shadow|\n|poke|p2|Baxcalibur, F|\n|poke|p2|Espathra, F|\n|poke|p2|Annihilape, M|\n|poke|p2|Palafin, M|\n|teampreview\n|\n|t:|1698680883\n|start\n|switch|p1a: Polteageist|Polteageist-Antique|100\/100\n|switch|p2a: Palafin|Palafin, M|100\/100\n|turn|1\n|\n|t:|1698680889\n|move|p2a: Palafin|Flip Turn|p1a: Polteageist\n|-damage|p1a: Polteageist|49\/100\n|-ability|p1a: Polteageist|Weak Armor|boost\n|-unboost|p1a: Polteageist|def|1\n|-boost|p1a: Polteageist|spe|2\n|-damage|p2a: Palafin|91\/100|[from] item: Life Orb\n|\n|t:|1698680897\n|detailschange|p2a: Palafin|Palafin-Hero, M\n|switch|p2a: Espathra|Espathra, F|100\/100|[from] Flip Turn\n|move|p1a: Polteageist|Shell Smash|p1a: Polteageist\n|-unboost|p1a: Polteageist|def|1\n|-unboost|p1a: Polteageist|spd|1\n|-boost|p1a: Polteageist|atk|2\n|-boost|p1a: Polteageist|spa|2\n|-boost|p1a: Polteageist|spe|2\n|\n|upkeep\n|turn|2\n|\n|t:|1698680910\n|move|p1a: Polteageist|Baton Pass|p1a: Polteageist\n|\n|t:|1698680911\n|switch|p1a: Dialga|Dialga-Origin|100\/100|[from] Baton Pass\n|-ability|p1a: Dialga|Pressure\n|move|p2a: Espathra|Calm Mind|p2a: Espathra\n|-boost|p2a: Espathra|spa|1\n|-boost|p2a: Espathra|spd|1\n|\n|-ability|p2a: Espathra|Speed Boost|boost\n|-boost|p2a: Espathra|spe|1\n|upkeep\n|turn|3\n|\n|t:|1698680923\n|move|p2a: Espathra|Protect|p2a: Espathra\n|-singleturn|p2a: Espathra|Protect\n|move|p1a: Dialga|Dragon Pulse|p2a: Espathra\n|-activate|p2a: Espathra|move: Protect\n|\n|-ability|p2a: Espathra|Speed Boost|boost\n|-boost|p2a: Espathra|spe|1\n|upkeep\n|turn|4\n|\n|t:|1698680938\n|move|p1a: Dialga|Dragon Pulse|p2a: Espathra\n|-damage|p2a: Espathra|0 fnt\n|faint|p2a: Espathra\n|\n|upkeep\n|\n|t:|1698680949\n|switch|p2a: Palafin|Palafin-Hero, M|91\/100\n|-activate|p2a: Palafin|ability: Zero to Hero\n|turn|5\n|\n|t:|1698680962\n|-terastallize|p2a: Palafin|Water\n|move|p1a: Dialga|Dragon Pulse|p2a: Palafin\n|-crit|p2a: Palafin\n|-damage|p2a: Palafin|0 fnt\n|faint|p2a: Palafin\n|\n|upkeep\n|\n|t:|1698680969\n|switch|p2a: Calyrex|Calyrex-Shadow|100\/100\n|-ability|p2a: Calyrex|As One\n|-ability|p2a: Calyrex|Unnerve\n|turn|6\n|\n|t:|1698680987\n|move|p1a: Dialga|Dragon Pulse|p2a: Calyrex\n|-damage|p2a: Calyrex|0 fnt\n|faint|p2a: Calyrex\n|\n|upkeep\n|\n|t:|1698680993\n|switch|p2a: Baxcalibur|Baxcalibur, F|100\/100\n|turn|7\n|\n|t:|1698680999\n|move|p2a: Baxcalibur|Protect|p2a: Baxcalibur\n|-singleturn|p2a: Baxcalibur|Protect\n|move|p1a: Dialga|Dragon Pulse|p2a: Baxcalibur\n|-activate|p2a: Baxcalibur|move: Protect\n|\n|upkeep\n|turn|8\n|\n|t:|1698681006\n|move|p1a: Dialga|Dragon Pulse|p2a: Baxcalibur\n|-supereffective|p2a: Baxcalibur\n|-damage|p2a: Baxcalibur|0 fnt\n|faint|p2a: Baxcalibur\n|\n|upkeep\n|\n|t:|1698681012\n|switch|p2a: Rayquaza|Rayquaza|100\/100\n|-ability|p2a: Rayquaza|Air Lock\n|turn|9\n|\n|t:|1698681022\n|move|p1a: Dialga|Dragon Pulse|p2a: Rayquaza\n|-supereffective|p2a: Rayquaza\n|-damage|p2a: Rayquaza|0 fnt\n|faint|p2a: Rayquaza\n|\n|upkeep\n|\n|t:|1698681027\n|switch|p2a: Annihilape|Annihilape, M|100\/100\n|turn|10\n|\n|t:|1698681036\n|move|p1a: Dialga|Dragon Pulse|p2a: Annihilape\n|-damage|p2a: Annihilape|0 fnt\n|faint|p2a: Annihilape\n|\n|win|you will losse\n|raw|you will losse's rating: 1127 &rarr; <strong>1156<\/strong><br \/>(+29 for winning)\n|raw|Roxlife's rating: 1186 &rarr; <strong>1157<\/strong><br \/>(-29 for losing)\n|c|\u2606you will losse|gg\n|c|\u2606Roxlife|wtf\n|l|\u2606Roxlife\n|c|\u2606you will losse|power\n","uploadtime":1698681054,"views":9,"p1id":"youwilllosse","p2id":"roxlife","formatid":"gen9anythinggoes","rating":1156,"private":0,"password":""}