{"id":"gen9anythinggoes-1990637318","p1":"pepe1313","p2":"Jisco03","format":"[Gen 9] Anything Goes","log":"|j|\u2606pepe1313\n|j|\u2606Jisco03\n|t:|1699987700\n|gametype|singles\n|player|p1|pepe1313|giovanni|\n|player|p2|Jisco03|lucas|\n|teamsize|p1|6\n|teamsize|p2|6\n|gen|9\n|tier|[Gen 9] Anything Goes\n|rule|HP Percentage Mod: HP is shown in percentages\n|rule|Endless Battle Clause: Forcing endless battles is banned\n|clearpoke\n|poke|p1|Iron Bundle|\n|poke|p1|Chi-Yu|\n|poke|p1|Kommo-o, M|\n|poke|p1|Murkrow, F|\n|poke|p1|Lokix, M|\n|poke|p1|Masquerain, F|\n|poke|p2|Moltres-Galar|\n|poke|p2|Empoleon, F|\n|poke|p2|Infernape, M|\n|poke|p2|Zoroark-Hisui, M|\n|poke|p2|Sylveon, M|\n|poke|p2|Jolteon, M|\n|teampreview\n|c|\u2606pepe1313|mi tera es masquerain agua\n|c|\u2606pepe1313|tu?\n|\n|t:|1699987762\n|start\n|switch|p1a: Murkrow|Murkrow, F|100\/100\n|switch|p2a: Infernape|Infernape, M|100\/100\n|turn|1\n|\n|t:|1699987787\n|move|p1a: Murkrow|Thunder Wave|p2a: Infernape\n|-status|p2a: Infernape|par\n|move|p2a: Infernape|Focus Blast|p1a: Murkrow\n|-damage|p1a: Murkrow|37\/100\n|-enditem|p1a: Murkrow|Eject Button\n|\n|t:|1699987797\n|switch|p1a: Kommo-o|Kommo-o, M, shiny|100\/100\n|\n|upkeep\n|turn|2\n|\n|t:|1699987808\n|switch|p2a: Sylveon|Sylveon, M|100\/100\n|move|p1a: Kommo-o|Clangorous Soul|p1a: Kommo-o\n|-boost|p1a: Kommo-o|atk|1\n|-boost|p1a: Kommo-o|def|1\n|-boost|p1a: Kommo-o|spa|1\n|-boost|p1a: Kommo-o|spd|1\n|-boost|p1a: Kommo-o|spe|1\n|-damage|p1a: Kommo-o|68\/100\n|-enditem|p1a: Kommo-o|Throat Spray\n|-boost|p1a: Kommo-o|spa|1|[from] item: Throat Spray\n|\n|upkeep\n|turn|3\n|\n|t:|1699987825\n|move|p1a: Kommo-o|Iron Head|p2a: Sylveon\n|-supereffective|p2a: Sylveon\n|-damage|p2a: Sylveon|24\/100\n|move|p2a: Sylveon|Draining Kiss|p1a: Kommo-o\n|-supereffective|p1a: Kommo-o\n|-damage|p1a: Kommo-o|10\/100\n|-heal|p2a: Sylveon|59\/100|[from] drain|[of] p1a: Kommo-o\n|\n|-heal|p2a: Sylveon|65\/100|[from] item: Leftovers\n|upkeep\n|turn|4\n|\n|t:|1699987851\n|switch|p2a: Empoleon|Empoleon, F|100\/100\n|move|p1a: Kommo-o|Iron Head|p2a: Empoleon\n|-resisted|p2a: Empoleon\n|-damage|p2a: Empoleon|91\/100\n|-damage|p1a: Kommo-o|0 fnt|[from] item: Rocky Helmet|[of] p2a: Empoleon\n|faint|p1a: Kommo-o\n|\n|upkeep\n|\n|t:|1699987858\n|switch|p1a: Murkrow|Murkrow, F|37\/100\n|turn|5\n|\n|t:|1699987864\n|move|p1a: Murkrow|Tailwind|p1a: Murkrow\n|-sidestart|p1: pepe1313|move: Tailwind\n|move|p2a: Empoleon|Agility|p2a: Empoleon\n|-boost|p2a: Empoleon|spe|2\n|\n|upkeep\n|turn|6\n|\n|t:|1699987871\n|move|p1a: Murkrow|Haze|p1a: Murkrow\n|-clearallboost\n|move|p2a: Empoleon|Ice Beam|p1a: Murkrow\n|-supereffective|p1a: Murkrow\n|-damage|p1a: Murkrow|0 fnt\n|faint|p1a: Murkrow\n|\n|upkeep\n|\n|t:|1699987875\n|switch|p1a: Chi-Yu|Chi-Yu|100\/100\n|-ability|p1a: Chi-Yu|Beads of Ruin\n|turn|7\n|\n|t:|1699987883\n|move|p1a: Chi-Yu|Nasty Plot|p1a: Chi-Yu\n|-boost|p1a: Chi-Yu|spa|2\n|move|p2a: Empoleon|Hydro Pump|p1a: Chi-Yu|[miss]\n|-miss|p2a: Empoleon|p1a: Chi-Yu\n|\n|upkeep\n|turn|8\n|\n|t:|1699987895\n|switch|p2a: Infernape|Infernape, M|100\/100\n|move|p1a: Chi-Yu|Dark Pulse|p2a: Infernape\n|-resisted|p2a: Infernape\n|-crit|p2a: Infernape\n|-damage|p2a: Infernape|0 fnt\n|faint|p2a: Infernape\n|\n|-sideend|p1: pepe1313|move: Tailwind\n|upkeep\n|\n|t:|1699987910\n|switch|p2a: Moltres|Moltres-Galar|100\/100\n|turn|9\n|\n|t:|1699987915\n|move|p1a: Chi-Yu|Flame Charge|p2a: Moltres\n|-damage|p2a: Moltres|89\/100\n|-boost|p1a: Chi-Yu|spe|1\n|move|p2a: Moltres|Hurricane|p1a: Chi-Yu|[miss]\n|-miss|p2a: Moltres|p1a: Chi-Yu\n|\n|upkeep\n|turn|10\n|\n|t:|1699987924\n|move|p1a: Chi-Yu|Dark Pulse|p2a: Moltres\n|-resisted|p2a: Moltres\n|-damage|p2a: Moltres|40\/100\n|-ability|p2a: Moltres|Berserk|boost\n|-boost|p2a: Moltres|spa|1\n|move|p2a: Moltres|Air Slash|p1a: Chi-Yu\n|-damage|p1a: Chi-Yu|59\/100\n|\n|upkeep\n|turn|11\n|\n|t:|1699987941\n|move|p1a: Chi-Yu|Dark Pulse|p2a: Moltres\n|-resisted|p2a: Moltres\n|-damage|p2a: Moltres|0 fnt\n|faint|p2a: Moltres\n|\n|upkeep\n|\n|t:|1699987947\n|switch|p2a: Sylveon|Sylveon, M|65\/100\n|turn|12\n|\n|t:|1699987952\n|move|p2a: Sylveon|Quick Attack|p1a: Chi-Yu\n|-damage|p1a: Chi-Yu|36\/100\n|move|p1a: Chi-Yu|Dark Pulse|p2a: Sylveon\n|-resisted|p2a: Sylveon\n|-damage|p2a: Sylveon|23\/100\n|\n|-heal|p2a: Sylveon|29\/100|[from] item: Leftovers\n|upkeep\n|turn|13\n|\n|t:|1699987966\n|switch|p2a: Empoleon|Empoleon, F|91\/100\n|move|p1a: Chi-Yu|Dark Pulse|p2a: Empoleon\n|-damage|p2a: Empoleon|0 fnt\n|faint|p2a: Empoleon\n|\n|upkeep\n|\n|t:|1699987974\n|switch|p2a: Sylveon|Sylveon, M|29\/100\n|turn|14\n|\n|t:|1699987978\n|move|p1a: Chi-Yu|Dark Pulse|p2a: Sylveon\n|-resisted|p2a: Sylveon\n|-damage|p2a: Sylveon|0 fnt\n|faint|p2a: Sylveon\n|\n|upkeep\n|\n|t:|1699987985\n|switch|p2a: Jolteon|Jolteon, M|100\/100\n|turn|15\n|\n|t:|1699987992\n|-terastallize|p2a: Jolteon|Electric\n|move|p1a: Chi-Yu|Overheat|p2a: Jolteon|[miss]\n|-miss|p1a: Chi-Yu|p2a: Jolteon\n|move|p2a: Jolteon|Discharge|p1a: Chi-Yu\n|-damage|p1a: Chi-Yu|0 fnt\n|faint|p1a: Chi-Yu\n|\n|upkeep\n|\n|t:|1699987996\n|switch|p1a: Lokix|Lokix, M|100\/100\n|turn|16\n|\n|t:|1699988016\n|switch|p2a: Jolteon|Jolteon, M|100\/100 par\n|move|p1a: Lokix|Sucker Punch||[still]\n|-fail|p1a: Lokix\n|\n|upkeep\n|turn|17\n|\n|t:|1699988029\n|move|p1a: Lokix|Sucker Punch|p2a: Jolteon\n|-supereffective|p2a: Jolteon\n|-damage|p2a: Jolteon|0 fnt\n|-damage|p1a: Lokix|84\/100|[from] item: Rocky Helmet|[of] p2a: Jolteon\n|replace|p2a: Zoroark|Zoroark-Hisui, M\n|-end|p2a: Zoroark|Illusion\n|faint|p2a: Zoroark\n|\n|upkeep\n|\n|t:|1699988037\n|switch|p2a: Jolteon|Jolteon, M, tera:Electric|100\/100\n|turn|18\n|\n|t:|1699988041\n|switch|p1a: Iron Bundle|Iron Bundle, shiny|100\/100\n|-enditem|p1a: Iron Bundle|Booster Energy\n|-activate|p1a: Iron Bundle|ability: Quark Drive|[fromitem]\n|-start|p1a: Iron Bundle|quarkdrivespa\n|move|p2a: Jolteon|Discharge|p1a: Iron Bundle\n|-supereffective|p1a: Iron Bundle\n|-damage|p1a: Iron Bundle|0 fnt\n|faint|p1a: Iron Bundle\n|-end|p1a: Iron Bundle|Quark Drive|[silent]\n|\n|upkeep\n|\n|t:|1699988045\n|switch|p1a: Masquerain|Masquerain, F, shiny|100\/100\n|-ability|p1a: Masquerain|Intimidate|boost\n|-unboost|p2a: Jolteon|atk|1\n|turn|19\n|\n|t:|1699988056\n|-terastallize|p1a: Masquerain|Water\n|move|p2a: Jolteon|Hyper Voice|p1a: Masquerain\n|-damage|p1a: Masquerain|69\/100\n|move|p1a: Masquerain|Hydro Pump|p2a: Jolteon\n|-damage|p2a: Jolteon|62\/100\n|\n|upkeep\n|turn|20\n|\n|t:|1699988065\n|move|p2a: Jolteon|Discharge|p1a: Masquerain\n|-supereffective|p1a: Masquerain\n|-damage|p1a: Masquerain|0 fnt\n|faint|p1a: Masquerain\n|\n|upkeep\n|\n|t:|1699988068\n|switch|p1a: Lokix|Lokix, M|84\/100\n|turn|21\n|\n|t:|1699988083\n|move|p2a: Jolteon|Discharge|p1a: Lokix\n|-damage|p1a: Lokix|0 fnt\n|faint|p1a: Lokix\n|\n|win|Jisco03\n|c|\u2606pepe1313|gg\n|l|\u2606pepe1313\n","uploadtime":1699988093,"views":38,"p1id":"pepe1313","p2id":"jisco03","formatid":"gen9anythinggoes","rating":0,"private":0,"password":""}