{"id":"gen9anythinggoes-1974836194","p1":"NotAtAllPockchan","p2":"elimolly","format":"[Gen 9] Anything Goes","log":"|j|\u2606NotAtAllPockchan\n|j|\u2606elimolly\n|t:|1698132433\n|gametype|singles\n|player|p1|NotAtAllPockchan|parasollady|1285\n|player|p2|elimolly|266|1261\n|teamsize|p1|6\n|teamsize|p2|6\n|gen|9\n|tier|[Gen 9] Anything Goes\n|rated|\n|rule|HP Percentage Mod: HP is shown in percentages\n|rule|Endless Battle Clause: Forcing endless battles is banned\n|clearpoke\n|poke|p1|Calyrex-Shadow|\n|poke|p1|Regieleki|\n|poke|p1|Dondozo, F|\n|poke|p1|Zacian-*|\n|poke|p1|Annihilape, F|\n|poke|p1|Chansey, F|\n|poke|p2|Maushold-Four|\n|poke|p2|Gliscor, F|\n|poke|p2|Ceruledge, M|\n|poke|p2|Ursaluna-Bloodmoon, M|\n|poke|p2|Amoonguss, F|\n|poke|p2|Dragapult, F|\n|teampreview\n|inactive|Battle timer is ON: inactive players will automatically lose when time's up. (requested by NotAtAllPockchan)\n|\n|t:|1698132440\n|start\n|switch|p1a: Bunch of electrons|Regieleki|100\/100\n|switch|p2a: Maushold|Maushold-Four|100\/100\n|turn|1\n|\n|t:|1698132446\n|move|p1a: Bunch of electrons|Reflect|p1a: Bunch of electrons\n|-sidestart|p1: NotAtAllPockchan|Reflect\n|move|p2a: Maushold|Population Bomb|p1a: Bunch of electrons\n|-damage|p1a: Bunch of electrons|91\/100\n|-damage|p1a: Bunch of electrons|81\/100\n|-damage|p1a: Bunch of electrons|72\/100\n|-damage|p1a: Bunch of electrons|64\/100\n|-damage|p1a: Bunch of electrons|55\/100\n|-damage|p1a: Bunch of electrons|46\/100\n|-damage|p1a: Bunch of electrons|38\/100\n|-damage|p1a: Bunch of electrons|28\/100\n|-damage|p1a: Bunch of electrons|19\/100\n|-damage|p1a: Bunch of electrons|11\/100\n|-hitcount|p1a: Bunch of electrons|10\n|\n|upkeep\n|turn|2\n|j| WaggaWoo\n|\n|t:|1698132463\n|move|p1a: Bunch of electrons|Light Screen|p1a: Bunch of electrons\n|-sidestart|p1: NotAtAllPockchan|move: Light Screen\n|move|p2a: Maushold|Encore|p1a: Bunch of electrons\n|-start|p1a: Bunch of electrons|Encore\n|\n|upkeep\n|turn|3\n|\n|t:|1698132468\n|move|p1a: Bunch of electrons|Light Screen||[still]\n|-fail|p1a: Bunch of electrons\n|move|p2a: Maushold|Tidy Up|p2a: Maushold\n|-boost|p2a: Maushold|atk|1\n|-boost|p2a: Maushold|spe|1\n|\n|upkeep\n|turn|4\n|\n|t:|1698132475\n|switch|p1a: Dondozo|Dondozo, F|100\/100\n|move|p2a: Maushold|Tidy Up|p2a: Maushold\n|-boost|p2a: Maushold|atk|1\n|-boost|p2a: Maushold|spe|1\n|\n|upkeep\n|turn|5\n|\n|t:|1698132483\n|move|p2a: Maushold|Population Bomb|p1a: Dondozo\n|-damage|p1a: Dondozo|97\/100\n|-damage|p1a: Dondozo|94\/100\n|-damage|p1a: Dondozo|91\/100\n|-damage|p1a: Dondozo|87\/100\n|-damage|p1a: Dondozo|83\/100\n|-damage|p1a: Dondozo|80\/100\n|-crit|p1a: Dondozo\n|-damage|p1a: Dondozo|71\/100\n|-damage|p1a: Dondozo|67\/100\n|-damage|p1a: Dondozo|64\/100\n|-damage|p1a: Dondozo|61\/100\n|-hitcount|p1a: Dondozo|10\n|move|p1a: Dondozo|Wave Crash|p2a: Maushold\n|-damage|p2a: Maushold|12\/100\n|-damage|p1a: Dondozo|44\/100|[from] Recoil\n|\n|upkeep\n|turn|6\n|\n|t:|1698132503\n|switch|p1a: Monke|Annihilape, F|100\/100\n|move|p2a: Maushold|Population Bomb|p1a: Monke\n|-immune|p1a: Monke\n|\n|upkeep\n|turn|7\n|\n|t:|1698132515\n|move|p2a: Maushold|Crunch|p1a: Monke\n|-damage|p1a: Monke|79\/100\n|move|p1a: Monke|Drain Punch|p2a: Maushold\n|-supereffective|p2a: Maushold\n|-damage|p2a: Maushold|0 fnt\n|-heal|p1a: Monke|84\/100|[from] drain|[of] p2a: Maushold\n|faint|p2a: Maushold\n|\n|upkeep\n|\n|t:|1698132533\n|switch|p2a: Ursaluna|Ursaluna-Bloodmoon, M|100\/100\n|turn|8\n|\n|t:|1698132542\n|switch|p1a: Dondozo|Dondozo, F|44\/100\n|move|p2a: Ursaluna|Moonblast|p1a: Dondozo\n|-damage|p1a: Dondozo|27\/100\n|\n|-sideend|p1: NotAtAllPockchan|Reflect\n|upkeep\n|turn|9\n|\n|t:|1698132550\n|move|p2a: Ursaluna|Blood Moon|p1a: Dondozo\n|-damage|p1a: Dondozo|0 fnt\n|faint|p1a: Dondozo\n|\n|-sideend|p1: NotAtAllPockchan|move: Light Screen\n|upkeep\n|\n|t:|1698132555\n|switch|p1a: Zacian|Zacian-Crowned|100\/100\n|-ability|p1a: Zacian|Intrepid Sword|boost\n|-boost|p1a: Zacian|atk|1\n|turn|10\n|\n|t:|1698132560\n|move|p1a: Zacian|Close Combat|p2a: Ursaluna\n|-supereffective|p2a: Ursaluna\n|-damage|p2a: Ursaluna|9\/100\n|-unboost|p1a: Zacian|def|1\n|-unboost|p1a: Zacian|spd|1\n|move|p2a: Ursaluna|Earth Power|p1a: Zacian\n|-supereffective|p1a: Zacian\n|-damage|p1a: Zacian|0 fnt\n|faint|p1a: Zacian\n|\n|upkeep\n|\n|t:|1698132575\n|switch|p1a: Chansey|Chansey, F|100\/100\n|turn|11\n|\n|t:|1698132581\n|move|p2a: Ursaluna|Blood Moon|p1a: Chansey\n|-damage|p1a: Chansey|73\/100\n|move|p1a: Chansey|Seismic Toss|p2a: Ursaluna\n|-damage|p2a: Ursaluna|0 fnt\n|faint|p2a: Ursaluna\n|\n|-heal|p1a: Chansey|79\/100|[from] item: Leftovers\n|upkeep\n|\n|t:|1698132591\n|switch|p2a: Dragapult|Dragapult, F, shiny|100\/100\n|turn|12\n|\n|t:|1698132595\n|-terastallize|p2a: Dragapult|Dragon\n|move|p2a: Dragapult|Dragon Darts|p1a: Chansey\n|-damage|p1a: Chansey|0 fnt\n|faint|p1a: Chansey\n|\n|upkeep\n|\n|t:|1698132604\n|switch|p1a: Bunch of electrons|Regieleki|11\/100\n|turn|13\n|\n|t:|1698132607\n|move|p2a: Dragapult|Dragon Darts|p1a: Bunch of electrons\n|-damage|p1a: Bunch of electrons|0 fnt\n|faint|p1a: Bunch of electrons\n|\n|upkeep\n|\n|t:|1698132617\n|switch|p1a: Monke|Annihilape, F|84\/100\n|turn|14\n|\n|t:|1698132621\n|move|p2a: Dragapult|Dragon Darts|p1a: Monke\n|-damage|p1a: Monke|44\/100\n|-anim|p2a: Dragapult|Dragon Darts|p1a: Monke\n|-damage|p1a: Monke|3\/100\n|move|p1a: Monke|Rage Fist|p2a: Dragapult\n|-damage|p2a: Dragapult|0 fnt\n|faint|p2a: Dragapult\n|\n|upkeep\n|\n|t:|1698132631\n|switch|p2a: Ceruledge|Ceruledge, M|100\/100\n|turn|15\n|\n|t:|1698132635\n|move|p2a: Ceruledge|Shadow Sneak|p1a: Monke\n|-supereffective|p1a: Monke\n|-damage|p1a: Monke|0 fnt\n|faint|p1a: Monke\n|\n|upkeep\n|\n|t:|1698132638\n|switch|p1a: Mop|Calyrex-Shadow|100\/100\n|-ability|p1a: Mop|As One\n|-ability|p1a: Mop|Unnerve\n|turn|16\n|\n|t:|1698132645\n|-terastallize|p1a: Mop|Ghost\n|move|p2a: Ceruledge|Shadow Sneak|p1a: Mop\n|-supereffective|p1a: Mop\n|-damage|p1a: Mop|56\/100\n|move|p1a: Mop|Astral Barrage|p2a: Ceruledge\n|-supereffective|p2a: Ceruledge\n|-damage|p2a: Ceruledge|0 fnt\n|faint|p2a: Ceruledge\n|-ability|p1a: Mop|Grim Neigh|boost\n|-boost|p1a: Mop|spa|1\n|\n|upkeep\n|\n|t:|1698132657\n|switch|p2a: Amoonguss|Amoonguss, F|100\/100\n|turn|17\n|\n|t:|1698132661\n|move|p1a: Mop|Astral Barrage|p2a: Amoonguss\n|-enditem|p2a: Amoonguss|Focus Sash\n|-damage|p2a: Amoonguss|1\/100\n|move|p2a: Amoonguss|Spore|p1a: Mop\n|-status|p1a: Mop|slp|[from] move: Spore\n|\n|upkeep\n|turn|18\n|\n|t:|1698132672\n|cant|p1a: Mop|slp\n|move|p2a: Amoonguss|Giga Drain|p1a: Mop\n|-damage|p1a: Mop|25\/100 slp\n|-heal|p2a: Amoonguss|15\/100|[from] drain|[of] p1a: Mop\n|\n|upkeep\n|turn|19\n|c|\u2606NotAtAllPockchan|brooooo\n|c|\u2606NotAtAllPockchan|GG\n|\n|t:|1698132679\n|cant|p1a: Mop|slp\n|move|p2a: Amoonguss|Giga Drain|p1a: Mop\n|-damage|p1a: Mop|0 fnt\n|-heal|p2a: Amoonguss|26\/100|[from] drain|[of] p1a: Mop\n|faint|p1a: Mop\n|\n|win|elimolly\n|raw|NotAtAllPockchan's rating: 1285 &rarr; <strong>1258<\/strong><br \/>(-27 for losing)\n|raw|elimolly's rating: 1261 &rarr; <strong>1288<\/strong><br \/>(+27 for winning)\n|c|\u2606elimolly|Gg\n|c|\u2606NotAtAllPockchan|I was not expecting\n|c|\u2606NotAtAllPockchan|that sash\n|c|\u2606NotAtAllPockchan|\ud83d\udc80\n|c|\u2606elimolly|Lmao\n|l|\u2606NotAtAllPockchan\n|c| WaggaWoo|fr\n","uploadtime":1698132903,"views":12,"p1id":"notatallpockchan","p2id":"elimolly","formatid":"gen9anythinggoes","rating":1258,"private":0,"password":""}