{"id":"gen9anythinggoes-1978319007","p1":"sendfreegifttome","p2":"ouroborosuchiha","format":"[Gen 9] Anything Goes","log":"|j|\u2606sendfreegifttome\n|j|\u2606ouroborosuchiha\n|t:|1698524606\n|gametype|singles\n|player|p1|sendfreegifttome|nate|1123\n|player|p2|ouroborosuchiha|266|1171\n|teamsize|p1|6\n|teamsize|p2|6\n|gen|9\n|tier|[Gen 9] Anything Goes\n|rated|\n|rule|HP Percentage Mod: HP is shown in percentages\n|rule|Endless Battle Clause: Forcing endless battles is banned\n|clearpoke\n|poke|p1|Calyrex-Shadow|\n|poke|p1|Kyogre|\n|poke|p1|Giratina|\n|poke|p1|Dragapult, F|\n|poke|p1|Mewtwo|\n|poke|p1|Clodsire, M|\n|poke|p2|Arceus-Ghost|\n|poke|p2|Volcarona, F|\n|poke|p2|Iron Moth|\n|poke|p2|Slither Wing|\n|poke|p2|Zoroark-Hisui, F|\n|poke|p2|Giratina-Origin|\n|teampreview\n|inactive|Battle timer is ON: inactive players will automatically lose when time's up. (requested by sendfreegifttome)\n|c|\u2606ouroborosuchiha|Let's have a good match :3\n|\n|t:|1698524626\n|start\n|switch|p1a: Clodsire|Clodsire, M, shiny|100\/100\n|switch|p2a: Giratina|Giratina-Origin, shiny|100\/100\n|turn|1\n|c|\u2606sendfreegifttome|Glhf\n|\n|t:|1698524649\n|move|p2a: Giratina|Substitute|p2a: Giratina\n|-start|p2a: Giratina|Substitute\n|-damage|p2a: Giratina|76\/100\n|move|p1a: Clodsire|Toxic||[still]\n|-fail|p1a: Clodsire\n|\n|upkeep\n|turn|2\n|c|\u2606ouroborosuchiha|And you as well\n|\n|t:|1698524661\n|move|p2a: Giratina|Swords Dance|p2a: Giratina\n|-boost|p2a: Giratina|atk|2\n|move|p1a: Clodsire|Toxic Spikes|p2a: Giratina\n|-sidestart|p2: ouroborosuchiha|move: Toxic Spikes\n|\n|upkeep\n|turn|3\n|\n|t:|1698524667\n|move|p2a: Giratina|Bitter Malice|p1a: Clodsire\n|-damage|p1a: Clodsire|82\/100\n|-unboost|p1a: Clodsire|atk|1\n|move|p1a: Clodsire|Toxic Spikes|p2a: Giratina\n|-sidestart|p2: ouroborosuchiha|move: Toxic Spikes\n|\n|upkeep\n|turn|4\n|\n|t:|1698524681\n|move|p2a: Giratina|Swords Dance|p2a: Giratina\n|-boost|p2a: Giratina|atk|2\n|move|p1a: Clodsire|Stealth Rock|p2a: Giratina\n|-sidestart|p2: ouroborosuchiha|move: Stealth Rock\n|\n|upkeep\n|turn|5\n|\n|t:|1698524687\n|move|p2a: Giratina|Swords Dance|p2a: Giratina\n|-boost|p2a: Giratina|atk|2\n|move|p1a: Clodsire|Spikes|p2a: Giratina\n|-sidestart|p2: ouroborosuchiha|Spikes\n|\n|upkeep\n|turn|6\n|\n|t:|1698524693\n|move|p2a: Giratina|Bitter Malice|p1a: Clodsire\n|-damage|p1a: Clodsire|63\/100\n|-unboost|p1a: Clodsire|atk|1\n|move|p1a: Clodsire|Spikes|p2a: Giratina\n|-sidestart|p2: ouroborosuchiha|Spikes\n|\n|upkeep\n|turn|7\n|\n|t:|1698524703\n|move|p2a: Giratina|Bitter Malice|p1a: Clodsire|[miss]\n|-miss|p2a: Giratina|p1a: Clodsire\n|move|p1a: Clodsire|Spikes|p2a: Giratina\n|-sidestart|p2: ouroborosuchiha|Spikes\n|\n|upkeep\n|turn|8\n|\n|t:|1698524718\n|move|p2a: Giratina|Curse|p1a: Clodsire\n|-start|p1a: Clodsire|Curse|[of] p2a: Giratina\n|-damage|p2a: Giratina|26\/100\n|move|p1a: Clodsire|Toxic||[still]\n|-fail|p1a: Clodsire\n|\n|-damage|p1a: Clodsire|38\/100|[from] Curse\n|upkeep\n|turn|9\n|\n|t:|1698524729\n|move|p2a: Giratina|Bitter Malice|p1a: Clodsire\n|-damage|p1a: Clodsire|17\/100\n|-unboost|p1a: Clodsire|atk|1\n|move|p1a: Clodsire|Toxic||[still]\n|-fail|p1a: Clodsire\n|\n|-damage|p1a: Clodsire|0 fnt|[from] Curse\n|faint|p1a: Clodsire\n|upkeep\n|\n|t:|1698524737\n|switch|p1a: Calyrex|Calyrex-Shadow|100\/100\n|-ability|p1a: Calyrex|As One\n|-ability|p1a: Calyrex|Unnerve\n|turn|10\n|\n|t:|1698524747\n|-terastallize|p1a: Calyrex|Normal\n|move|p1a: Calyrex|Dark Pulse|p2a: Giratina\n|-supereffective|p2a: Giratina\n|-end|p2a: Giratina|Substitute\n|move|p2a: Giratina|Bitter Malice|p1a: Calyrex\n|-immune|p1a: Calyrex\n|\n|upkeep\n|turn|11\n|c|\u2606ouroborosuchiha|Lol\n|\n|t:|1698524765\n|move|p1a: Calyrex|Dark Pulse|p2a: Giratina\n|-supereffective|p2a: Giratina\n|-damage|p2a: Giratina|0 fnt\n|replace|p2a: Zoroark|Zoroark-Hisui, F, shiny\n|-end|p2a: Zoroark|Illusion\n|faint|p2a: Zoroark\n|-ability|p1a: Calyrex|Grim Neigh|boost\n|-boost|p1a: Calyrex|spa|1\n|\n|upkeep\n|\n|t:|1698524776\n|switch|p2a: Slither Wing|Slither Wing, shiny|100\/100\n|-status|p2a: Slither Wing|tox\n|-damage|p2a: Slither Wing|88\/100 tox|[from] Stealth Rock\n|-damage|p2a: Slither Wing|63\/100 tox|[from] Spikes\n|turn|12\n|\n|t:|1698524787\n|switch|p1a: Dragapult|Dragapult, F|100\/100\n|move|p2a: Slither Wing|Close Combat|p1a: Dragapult\n|-immune|p1a: Dragapult\n|\n|-damage|p2a: Slither Wing|57\/100 tox|[from] psn\n|upkeep\n|turn|13\n|\n|t:|1698524804\n|-end|p2a: Slither Wing|Protosynthesis|[silent]\n|switch|p2a: Arceus|Arceus-Ghost, shiny|100\/100\n|-status|p2a: Arceus|tox\n|-damage|p2a: Arceus|88\/100 tox|[from] Stealth Rock\n|-damage|p2a: Arceus|63\/100 tox|[from] Spikes\n|move|p1a: Dragapult|Dragon Darts|p2a: Arceus\n|-damage|p2a: Arceus|44\/100 tox\n|-anim|p1a: Dragapult|Dragon Darts|p2a: Arceus\n|-damage|p2a: Arceus|23\/100 tox\n|\n|-damage|p2a: Arceus|17\/100 tox|[from] psn\n|upkeep\n|turn|14\n|\n|t:|1698524820\n|move|p1a: Dragapult|Shadow Ball|p2a: Arceus\n|-supereffective|p2a: Arceus\n|-damage|p2a: Arceus|0 fnt\n|faint|p2a: Arceus\n|\n|upkeep\n|\n|t:|1698524828\n|switch|p2a: Volcarona|Volcarona, F, shiny|100\/100\n|-status|p2a: Volcarona|tox\n|-damage|p2a: Volcarona|51\/100 tox|[from] Stealth Rock\n|-damage|p2a: Volcarona|26\/100 tox|[from] Spikes\n|turn|15\n|\n|t:|1698524839\n|move|p1a: Dragapult|Dragon Darts|p2a: Volcarona\n|-damage|p2a: Volcarona|0 fnt\n|faint|p2a: Volcarona\n|\n|upkeep\n|\n|t:|1698524844\n|switch|p2a: Giratina|Giratina-Origin, shiny|100\/100\n|-damage|p2a: Giratina|88\/100|[from] Stealth Rock\n|turn|16\n|\n|t:|1698524862\n|-terastallize|p2a: Giratina|Ghost\n|move|p2a: Giratina|Shadow Sneak|p1a: Dragapult\n|-supereffective|p1a: Dragapult\n|-damage|p1a: Dragapult|17\/100\n|move|p1a: Dragapult|Dragon Darts|p2a: Giratina\n|-damage|p2a: Giratina|67\/100\n|-anim|p1a: Dragapult|Dragon Darts|p2a: Giratina\n|-damage|p2a: Giratina|46\/100\n|\n|upkeep\n|turn|17\n|\n|t:|1698524873\n|switch|p1a: Calyrex|Calyrex-Shadow, tera:Normal|100\/100\n|-ability|p1a: Calyrex|As One\n|-ability|p1a: Calyrex|Unnerve\n|move|p2a: Giratina|Shadow Sneak|p1a: Calyrex\n|-immune|p1a: Calyrex\n|\n|upkeep\n|turn|18\n|\n|t:|1698524883\n|switch|p2a: Slither Wing|Slither Wing, shiny|57\/100 tox\n|-damage|p2a: Slither Wing|45\/100 tox|[from] Stealth Rock\n|-damage|p2a: Slither Wing|20\/100 tox|[from] Spikes\n|move|p1a: Calyrex|Dark Pulse|p2a: Slither Wing\n|-resisted|p2a: Slither Wing\n|-damage|p2a: Slither Wing|6\/100 tox\n|\n|-damage|p2a: Slither Wing|0 fnt|[from] psn\n|faint|p2a: Slither Wing\n|-end|p2a: Slither Wing|Protosynthesis|[silent]\n|upkeep\n|\n|t:|1698524895\n|switch|p2a: Iron Moth|Iron Moth, shiny|100\/100\n|-sideend|p2: ouroborosuchiha|move: Toxic Spikes|[of] p2a: Iron Moth\n|-damage|p2a: Iron Moth|76\/100|[from] Stealth Rock\n|-damage|p2a: Iron Moth|51\/100|[from] Spikes\n|-enditem|p2a: Iron Moth|Booster Energy\n|-activate|p2a: Iron Moth|ability: Quark Drive|[fromitem]\n|-start|p2a: Iron Moth|quarkdrivespa\n|turn|19\n|\n|t:|1698524908\n|move|p1a: Calyrex|Dark Pulse|p2a: Iron Moth\n|-damage|p2a: Iron Moth|23\/100\n|move|p2a: Iron Moth|Substitute|p2a: Iron Moth\n|-fail|p2a: Iron Moth|move: Substitute|[weak]\n|\n|upkeep\n|turn|20\n|-message|ouroborosuchiha forfeited.\n|\n|win|sendfreegifttome\n|raw|sendfreegifttome's rating: 1123 &rarr; <strong>1151<\/strong><br \/>(+28 for winning)\n|raw|ouroborosuchiha's rating: 1171 &rarr; <strong>1143<\/strong><br \/>(-28 for losing)\n|l|\u2606ouroborosuchiha\n","uploadtime":1698524931,"views":17,"p1id":"sendfreegifttome","p2id":"ouroborosuchiha","formatid":"gen9anythinggoes","rating":1143,"private":0,"password":""}