{"id":"gen9anythinggoes-1972807147","p1":"BigMommaBadger","p2":"Pjplayz_02","format":"[Gen 9] Anything Goes","log":"|j|\u2606BigMommaBadger\n|j|\u2606Pjplayz_02\n|t:|1697897498\n|gametype|singles\n|player|p1|BigMommaBadger|cynthia-gen4|1261\n|player|p2|Pjplayz_02|blackbelt-gen4dp|1260\n|teamsize|p1|6\n|teamsize|p2|6\n|gen|9\n|tier|[Gen 9] Anything Goes\n|rated|\n|rule|HP Percentage Mod: HP is shown in percentages\n|rule|Endless Battle Clause: Forcing endless battles is banned\n|clearpoke\n|poke|p1|Skeledirge, M|\n|poke|p1|Quaquaval, M|\n|poke|p1|Meowscarada, F|\n|poke|p1|Fezandipiti, M|\n|poke|p1|Iron Treads|\n|poke|p1|Miraidon|\n|poke|p2|Torterra, M|\n|poke|p2|Samurott-Hisui, F|\n|poke|p2|Shaymin-Sky|\n|poke|p2|Cinderace, M|\n|poke|p2|Gastrodon, M|\n|poke|p2|Iron Moth|\n|teampreview\n|inactive|Battle timer is ON: inactive players will automatically lose when time's up. (requested by BigMommaBadger)\n|\n|t:|1697897504\n|start\n|switch|p1a: Sobek|Skeledirge, M, shiny|100\/100\n|switch|p2a: Torterra|Torterra, M|100\/100\n|turn|1\n|\n|t:|1697897518\n|move|p2a: Torterra|Headlong Rush|p1a: Sobek\n|-supereffective|p1a: Sobek\n|-damage|p1a: Sobek|1\/100\n|-unboost|p2a: Torterra|def|1\n|-unboost|p2a: Torterra|spd|1\n|move|p1a: Sobek|Sing|p2a: Torterra\n|-status|p2a: Torterra|slp|[from] move: Sing\n|\n|upkeep\n|turn|2\n|\n|t:|1697897527\n|cant|p2a: Torterra|slp\n|move|p1a: Sobek|Torch Song|p2a: Torterra\n|-supereffective|p2a: Torterra\n|-damage|p2a: Torterra|0 fnt\n|-boost|p1a: Sobek|spa|1\n|faint|p2a: Torterra\n|\n|upkeep\n|\n|t:|1697897542\n|switch|p2a: Iron Moth|Iron Moth|100\/100\n|-enditem|p2a: Iron Moth|Booster Energy\n|-activate|p2a: Iron Moth|ability: Quark Drive|[fromitem]\n|-start|p2a: Iron Moth|quarkdrivespe\n|turn|3\n|\n|t:|1697897548\n|move|p2a: Iron Moth|Fiery Dance|p1a: Sobek\n|-resisted|p1a: Sobek\n|-damage|p1a: Sobek|0 fnt\n|-boost|p2a: Iron Moth|spa|1\n|faint|p1a: Sobek\n|\n|upkeep\n|\n|t:|1697897551\n|switch|p1a: Donald|Quaquaval, M, shiny|100\/100\n|turn|4\n|\n|t:|1697897559\n|move|p2a: Iron Moth|Sludge Wave|p1a: Donald\n|-damage|p1a: Donald|4\/100\n|move|p1a: Donald|Aqua Step|p2a: Iron Moth\n|-supereffective|p2a: Iron Moth\n|-damage|p2a: Iron Moth|0 fnt\n|-boost|p1a: Donald|spe|1\n|faint|p2a: Iron Moth\n|-end|p2a: Iron Moth|Quark Drive|[silent]\n|-ability|p1a: Donald|Moxie|boost\n|-boost|p1a: Donald|atk|1\n|\n|upkeep\n|\n|t:|1697897571\n|switch|p2a: Samurott|Samurott-Hisui, F|100\/100\n|turn|5\n|-activate|p1a: Donald|item: Quick Claw\n|\n|t:|1697897576\n|move|p1a: Donald|Brick Break|p2a: Samurott\n|-supereffective|p2a: Samurott\n|-damage|p2a: Samurott|0 fnt\n|faint|p2a: Samurott\n|-ability|p1a: Donald|Moxie|boost\n|-boost|p1a: Donald|atk|1\n|\n|upkeep\n|-message|Pjplayz_02 forfeited.\n|\n|win|BigMommaBadger\n|raw|BigMommaBadger's rating: 1261 &rarr; <strong>1286<\/strong><br \/>(+25 for winning)\n|raw|Pjplayz_02's rating: 1260 &rarr; <strong>1235<\/strong><br \/>(-25 for losing)\n|l|\u2606Pjplayz_02\n","uploadtime":1697897590,"views":9,"p1id":"bigmommabadger","p2id":"pjplayz02","formatid":"gen9anythinggoes","rating":1235,"private":0,"password":""}