{"id":"gen9anythinggoes-1972566865","p1":"Ceoofbeaners","p2":"ChickenBoy0909","format":"[Gen 9] Anything Goes","log":"|j|\u2606Ceoofbeaners\n|j|\u2606ChickenBoy0909\n|t:|1697857958\n|gametype|singles\n|player|p1|Ceoofbeaners|1|\n|player|p2|ChickenBoy0909|266|\n|teamsize|p1|6\n|teamsize|p2|6\n|gen|9\n|tier|[Gen 9] Anything Goes\n|rule|HP Percentage Mod: HP is shown in percentages\n|rule|Endless Battle Clause: Forcing endless battles is banned\n|clearpoke\n|poke|p1|Toedscruel, F|\n|poke|p1|Ogerpon-Wellspring, F|\n|poke|p1|Arboliva, F|\n|poke|p1|Slowbro, M|\n|poke|p1|Landorus-Therian, M|\n|poke|p1|Noivern, F|\n|poke|p2|Hatterene, F|\n|poke|p2|Ursaluna-Bloodmoon, M|\n|poke|p2|Walking Wake|\n|poke|p2|Brute Bonnet|\n|poke|p2|Ninetales, F|\n|poke|p2|Weezing-Galar, F|\n|teampreview\n|\n|t:|1697857990\n|start\n|switch|p1a: Slowbro|Slowbro, M|100\/100\n|switch|p2a: Weezing|Weezing-Galar, F|100\/100\n|-ability|p2a: Weezing|Neutralizing Gas\n|turn|1\n|\n|t:|1697858003\n|move|p2a: Weezing|Toxic Spikes|p1a: Slowbro\n|-sidestart|p1: Ceoofbeaners|move: Toxic Spikes\n|move|p1a: Slowbro|Yawn|p2a: Weezing\n|-start|p2a: Weezing|move: Yawn|[of] p1a: Slowbro\n|\n|upkeep\n|turn|2\n|\n|t:|1697858016\n|-end|p2a: Weezing|ability: Neutralizing Gas\n|switch|p2a: Hatterene|Hatterene, F|100\/100\n|move|p1a: Slowbro|Scald|p2a: Hatterene\n|-damage|p2a: Hatterene|67\/100\n|-status|p2a: Hatterene|brn\n|\n|-heal|p2a: Hatterene|73\/100 brn|[from] item: Leftovers\n|-damage|p2a: Hatterene|67\/100 brn|[from] brn\n|upkeep\n|turn|3\n|\n|t:|1697858031\n|move|p2a: Hatterene|Light Screen|p2a: Hatterene\n|-sidestart|p2: ChickenBoy0909|move: Light Screen\n|move|p1a: Slowbro|Trick|p2a: Hatterene\n|-activate|p1a: Slowbro|move: Trick|[of] p2a: Hatterene\n|-item|p2a: Hatterene|Lagging Tail|[from] move: Trick\n|-item|p1a: Slowbro|Leftovers|[from] move: Trick\n|\n|-damage|p2a: Hatterene|61\/100 brn|[from] brn\n|upkeep\n|turn|4\n|\n|t:|1697858041\n|switch|p1a: Noivern|Noivern, F|100\/100\n|move|p2a: Hatterene|Giga Drain|p1a: Noivern\n|-resisted|p1a: Noivern\n|-damage|p1a: Noivern|90\/100\n|-heal|p2a: Hatterene|66\/100 brn|[from] drain|[of] p1a: Noivern\n|\n|-damage|p2a: Hatterene|60\/100 brn|[from] brn\n|upkeep\n|turn|5\n|\n|t:|1697858055\n|move|p1a: Noivern|U-turn|p2a: Hatterene\n|-damage|p2a: Hatterene|49\/100 brn\n|\n|t:|1697858058\n|switch|p1a: Arboliva|Arboliva, F|100\/100|[from] U-turn\n|-status|p1a: Arboliva|psn\n|move|p2a: Hatterene|Nuzzle|p1a: Arboliva\n|-resisted|p1a: Arboliva\n|-damage|p1a: Arboliva|99\/100 psn\n|-fieldstart|move: Grassy Terrain|[from] ability: Seed Sower|[of] p1a: Arboliva\n|\n|-heal|p1a: Arboliva|100\/100 psn|[from] Grassy Terrain\n|-heal|p2a: Hatterene|55\/100 brn|[from] Grassy Terrain\n|-damage|p1a: Arboliva|88\/100 psn|[from] psn\n|-damage|p2a: Hatterene|49\/100 brn|[from] brn\n|upkeep\n|turn|6\n|\n|t:|1697858072\n|switch|p2a: Brute Bonnet|Brute Bonnet|100\/100\n|move|p1a: Arboliva|Leech Seed|p2a: Brute Bonnet\n|-immune|p2a: Brute Bonnet\n|\n|-heal|p1a: Arboliva|94\/100 psn|[from] Grassy Terrain\n|-heal|p1a: Arboliva|99\/100 psn|[from] item: Leftovers\n|-damage|p1a: Arboliva|88\/100 psn|[from] psn\n|upkeep\n|turn|7\n|\n|t:|1697858097\n|switch|p1a: Landorus|Landorus-Therian, M|100\/100\n|-ability|p1a: Landorus|Intimidate|boost\n|-unboost|p2a: Brute Bonnet|atk|1\n|-terastallize|p2a: Brute Bonnet|Fire\n|move|p2a: Brute Bonnet|Tera Blast|p1a: Landorus|[anim] Tera Blast Fire\n|-damage|p1a: Landorus|64\/100\n|\n|-sideend|p2: ChickenBoy0909|move: Light Screen\n|upkeep\n|turn|8\n|\n|t:|1697858125\n|-end|p2a: Brute Bonnet|Protosynthesis|[silent]\n|switch|p2a: Ursaluna|Ursaluna-Bloodmoon, M|100\/100\n|move|p1a: Landorus|Bulk Up|p1a: Landorus\n|-boost|p1a: Landorus|atk|1\n|-boost|p1a: Landorus|def|1\n|\n|upkeep\n|turn|9\n|\n|t:|1697858133\n|move|p1a: Landorus|Earthquake|p2a: Ursaluna\n|-damage|p2a: Ursaluna|79\/100\n|move|p2a: Ursaluna|Blood Moon|p1a: Landorus\n|-damage|p1a: Landorus|0 fnt\n|faint|p1a: Landorus\n|\n|-heal|p2a: Ursaluna|85\/100|[from] Grassy Terrain\n|-heal|p2a: Ursaluna|91\/100|[from] item: Leftovers\n|-fieldend|move: Grassy Terrain\n|upkeep\n|\n|t:|1697858145\n|switch|p1a: Slowbro|Slowbro, M|100\/100\n|-status|p1a: Slowbro|psn\n|turn|10\n|\n|t:|1697858160\n|switch|p2a: Weezing|Weezing-Galar, F|100\/100\n|-ability|p2a: Weezing|Neutralizing Gas\n|move|p1a: Slowbro|Scald|p2a: Weezing\n|-damage|p2a: Weezing|56\/100\n|\n|-damage|p1a: Slowbro|88\/100 psn|[from] psn\n|upkeep\n|turn|11\n|\n|t:|1697858172\n|move|p2a: Weezing|Pain Split|p1a: Slowbro\n|-sethp|p1a: Slowbro|68\/100 psn|[from] move: Pain Split|[silent]\n|-sethp|p2a: Weezing|80\/100|[from] move: Pain Split\n|move|p1a: Slowbro|Scald|p2a: Weezing\n|-damage|p2a: Weezing|38\/100\n|\n|-heal|p1a: Slowbro|74\/100 psn|[from] item: Leftovers\n|-damage|p1a: Slowbro|62\/100 psn|[from] psn\n|upkeep\n|turn|12\n|\n|t:|1697858182\n|switch|p1a: Noivern|Noivern, F|90\/100\n|move|p2a: Weezing|Pain Split|p1a: Noivern\n|-sethp|p1a: Noivern|65\/100|[from] move: Pain Split|[silent]\n|-sethp|p2a: Weezing|61\/100|[from] move: Pain Split\n|\n|upkeep\n|turn|13\n|\n|t:|1697858206\n|move|p1a: Noivern|Focus Blast|p2a: Weezing\n|-resisted|p2a: Weezing\n|-damage|p2a: Weezing|44\/100\n|move|p2a: Weezing|Strange Steam|p1a: Noivern\n|-supereffective|p1a: Noivern\n|-damage|p1a: Noivern|0 fnt\n|faint|p1a: Noivern\n|\n|upkeep\n|c|\u2606ChickenBoy0909|that's game tbh\n|c|\u2606Ceoofbeaners|got the type weakness backwards oops\n|\n|t:|1697858234\n|switch|p1a: Arboliva|Arboliva, F|88\/100 psn\n|turn|14\n|\n|t:|1697858240\n|move|p2a: Weezing|Pain Split|p1a: Arboliva\n|-sethp|p1a: Arboliva|64\/100 psn|[from] move: Pain Split|[silent]\n|-sethp|p2a: Weezing|69\/100|[from] move: Pain Split\n|move|p1a: Arboliva|Leech Seed|p2a: Weezing\n|-start|p2a: Weezing|move: Leech Seed\n|\n|-heal|p1a: Arboliva|70\/100 psn|[from] item: Leftovers\n|-damage|p2a: Weezing|57\/100|[from] Leech Seed|[of] p1a: Arboliva\n|-heal|p1a: Arboliva|82\/100 psn|[silent]\n|-damage|p1a: Arboliva|69\/100 psn|[from] psn\n|upkeep\n|turn|15\n|\n|t:|1697858252\n|-end|p2a: Weezing|ability: Neutralizing Gas\n|switch|p2a: Ninetales|Ninetales, F|100\/100\n|-weather|SunnyDay|[from] ability: Drought|[of] p2a: Ninetales\n|move|p1a: Arboliva|Giga Drain|p2a: Ninetales\n|-resisted|p2a: Ninetales\n|-damage|p2a: Ninetales|81\/100\n|-heal|p1a: Arboliva|77\/100 psn|[from] drain|[of] p2a: Ninetales\n|\n|-weather|SunnyDay|[upkeep]\n|-heal|p1a: Arboliva|83\/100 psn|[from] item: Leftovers\n|-damage|p1a: Arboliva|70\/100 psn|[from] psn\n|upkeep\n|turn|16\n|\n|t:|1697858271\n|move|p2a: Ninetales|Nasty Plot|p2a: Ninetales\n|-boost|p2a: Ninetales|spa|2\n|move|p1a: Arboliva|Memento|p2a: Ninetales\n|-unboost|p2a: Ninetales|atk|2\n|-unboost|p2a: Ninetales|spa|2\n|faint|p1a: Arboliva\n|\n|-weather|SunnyDay|[upkeep]\n|upkeep\n|\n|t:|1697858283\n|switch|p1a: Ogerpon|Ogerpon-Wellspring, F|100\/100\n|-status|p1a: Ogerpon|psn\n|turn|17\n|\n|t:|1697858304\n|switch|p2a: Weezing|Weezing-Galar, F|57\/100\n|-ability|p2a: Weezing|Neutralizing Gas\n|move|p1a: Ogerpon|Ivy Cudgel|p2a: Weezing\n|-crit|p2a: Weezing\n|-damage|p2a: Weezing|29\/100\n|\n|-weather|SunnyDay|[upkeep]\n|-damage|p1a: Ogerpon|88\/100 psn|[from] psn\n|upkeep\n|turn|18\n|\n|t:|1697858317\n|move|p1a: Ogerpon|Ivy Cudgel|p2a: Weezing\n|-damage|p2a: Weezing|9\/100\n|move|p2a: Weezing|Pain Split|p1a: Ogerpon\n|-sethp|p1a: Ogerpon|49\/100 psn|[from] move: Pain Split|[silent]\n|-sethp|p2a: Weezing|44\/100|[from] move: Pain Split\n|\n|-weather|SunnyDay|[upkeep]\n|-damage|p1a: Ogerpon|36\/100 psn|[from] psn\n|upkeep\n|turn|19\n|\n|t:|1697858327\n|move|p1a: Ogerpon|Horn Leech|p2a: Weezing\n|-resisted|p2a: Weezing\n|-damage|p2a: Weezing|28\/100\n|-heal|p1a: Ogerpon|45\/100 psn|[from] drain|[of] p2a: Weezing\n|-damage|p1a: Ogerpon|28\/100 psn|[from] item: Rocky Helmet|[of] p2a: Weezing\n|move|p2a: Weezing|Strange Steam|p1a: Ogerpon\n|-damage|p1a: Ogerpon|0 fnt\n|faint|p1a: Ogerpon\n|\n|-weather|SunnyDay|[upkeep]\n|upkeep\n|\n|t:|1697858336\n|switch|p1a: Toedscruel|Toedscruel, F|100\/100\n|-status|p1a: Toedscruel|psn\n|turn|20\n|\n|t:|1697858343\n|move|p1a: Toedscruel|Solar Beam||[still]\n|-prepare|p1a: Toedscruel|Solar Beam\n|-anim|p1a: Toedscruel|Solar Beam|p2a: Weezing\n|-resisted|p2a: Weezing\n|-damage|p2a: Weezing|0 fnt\n|faint|p2a: Weezing\n|-end|p2a: Weezing|ability: Neutralizing Gas\n|\n|-weather|SunnyDay|[upkeep]\n|-damage|p1a: Toedscruel|88\/100 psn|[from] psn\n|upkeep\n|\n|t:|1697858355\n|switch|p2a: Walking Wake|Walking Wake|100\/100\n|-activate|p2a: Walking Wake|ability: Protosynthesis\n|-start|p2a: Walking Wake|protosynthesisspe\n|turn|21\n|\n|t:|1697858372\n|move|p2a: Walking Wake|Hydro Steam|p1a: Toedscruel\n|-damage|p1a: Toedscruel|2\/100 psn\n|-enditem|p1a: Toedscruel|Absorb Bulb\n|-boost|p1a: Toedscruel|spa|1|[from] item: Absorb Bulb\n|move|p1a: Toedscruel|Solar Beam||[still]\n|-prepare|p1a: Toedscruel|Solar Beam\n|-anim|p1a: Toedscruel|Solar Beam|p2a: Walking Wake\n|-damage|p2a: Walking Wake|18\/100\n|\n|-weather|SunnyDay|[upkeep]\n|-damage|p1a: Toedscruel|0 fnt|[from] psn\n|faint|p1a: Toedscruel\n|upkeep\n|\n|t:|1697858382\n|switch|p1a: Slowbro|Slowbro, M|62\/100 psn\n|turn|22\n|\n|t:|1697858387\n|move|p2a: Walking Wake|Hydro Steam|p1a: Slowbro\n|-resisted|p1a: Slowbro\n|-damage|p1a: Slowbro|15\/100 psn\n|move|p1a: Slowbro|Scald|p2a: Walking Wake\n|-resisted|p2a: Walking Wake\n|-damage|p2a: Walking Wake|13\/100\n|-status|p2a: Walking Wake|brn\n|\n|-weather|none\n|-end|p2a: Walking Wake|Protosynthesis\n|-heal|p1a: Slowbro|21\/100 psn|[from] item: Leftovers\n|-damage|p1a: Slowbro|9\/100 psn|[from] psn\n|-damage|p2a: Walking Wake|7\/100 brn|[from] brn\n|upkeep\n|turn|23\n|\n|t:|1697858399\n|move|p2a: Walking Wake|Hydro Steam|p1a: Slowbro\n|-resisted|p1a: Slowbro\n|-damage|p1a: Slowbro|0 fnt\n|faint|p1a: Slowbro\n|\n|win|ChickenBoy0909\n|c|\u2606Ceoofbeaners|I think the strat will be give the hat the lagging tail\n|c|\u2606Ceoofbeaners|i just gotta remeber the type wakness better\n","uploadtime":1697858465,"views":14,"p1id":"ceoofbeaners","p2id":"chickenboy0909","formatid":"gen9anythinggoes","rating":0,"private":0,"password":""}