{"id":"gen9anythinggoes-1975673727","p1":"Mammo-Number-5","p2":"zoe1233211","format":"[Gen 9] Anything Goes","log":"|j|\u2606Mammo-Number-5\n|j|\u2606zoe1233211\n|t:|1698223066\n|gametype|singles\n|player|p1|Mammo-Number-5|pryce-gen2|1374\n|player|p2|zoe1233211|102|1419\n|teamsize|p1|6\n|teamsize|p2|6\n|gen|9\n|tier|[Gen 9] Anything Goes\n|rated|\n|rule|HP Percentage Mod: HP is shown in percentages\n|rule|Endless Battle Clause: Forcing endless battles is banned\n|clearpoke\n|poke|p1|Mamoswine, M|\n|poke|p1|Mamoswine, F|\n|poke|p1|Mamoswine, F|\n|poke|p1|Mamoswine, F|\n|poke|p1|Mamoswine, F|\n|poke|p1|Mamoswine, F|\n|poke|p2|Calyrex-Shadow|\n|poke|p2|Arceus-Dark|\n|poke|p2|Donphan, M|\n|poke|p2|Donphan, L1, F|\n|poke|p2|Donphan, L1, F|\n|poke|p2|Arceus-Water|\n|teampreview\n|c|\u2606Mammo-Number-5|level 1\n|\n|t:|1698223086\n|start\n|switch|p1a: Mamoswine|Mamoswine, F|100\/100\n|switch|p2a: Donphan|Donphan, L1, F|100\/100\n|turn|1\n|\n|t:|1698223090\n|move|p1a: Mamoswine|Knock Off|p2a: Donphan\n|-ability|p2a: Donphan|Sturdy\n|-damage|p2a: Donphan|8\/100\n|-enditem|p2a: Donphan|Shell Bell|[from] move: Knock Off|[of] p1a: Mamoswine\n|move|p2a: Donphan|Endeavor|p1a: Mamoswine\n|-damage|p1a: Mamoswine|1\/100\n|\n|upkeep\n|turn|2\n|\n|t:|1698223096\n|move|p1a: Mamoswine|Ice Shard|p2a: Donphan\n|-supereffective|p2a: Donphan\n|-damage|p2a: Donphan|0 fnt\n|faint|p2a: Donphan\n|\n|upkeep\n|\n|t:|1698223101\n|switch|p2a: Calyrex|Calyrex-Shadow|100\/100\n|-ability|p2a: Calyrex|As One\n|-ability|p2a: Calyrex|Unnerve\n|turn|3\n|\n|t:|1698223104\n|move|p1a: Mamoswine|Ice Shard|p2a: Calyrex\n|-damage|p2a: Calyrex|75\/100\n|move|p2a: Calyrex|Giga Drain|p1a: Mamoswine\n|-supereffective|p1a: Mamoswine\n|-damage|p1a: Mamoswine|0 fnt\n|-heal|p2a: Calyrex|75\/100|[from] drain|[of] p1a: Mamoswine\n|faint|p1a: Mamoswine\n|-ability|p2a: Calyrex|Grim Neigh|boost\n|-boost|p2a: Calyrex|spa|1\n|\n|upkeep\n|\n|t:|1698223107\n|switch|p1a: Mamoswine|Mamoswine, F|100\/100\n|turn|4\n|\n|t:|1698223113\n|move|p2a: Calyrex|Giga Drain|p1a: Mamoswine\n|-supereffective|p1a: Mamoswine\n|-crit|p1a: Mamoswine\n|-enditem|p1a: Mamoswine|Focus Sash\n|-damage|p1a: Mamoswine|1\/100\n|-heal|p2a: Calyrex|100\/100|[from] drain|[of] p1a: Mamoswine\n|move|p1a: Mamoswine|Earthquake|p2a: Calyrex\n|-damage|p2a: Calyrex|26\/100\n|\n|upkeep\n|turn|5\n|\n|t:|1698223140\n|move|p1a: Mamoswine|Ice Shard|p2a: Calyrex\n|-damage|p2a: Calyrex|0 fnt\n|faint|p2a: Calyrex\n|\n|upkeep\n|\n|t:|1698223151\n|switch|p2a: Arceus|Arceus-Dark|100\/100\n|turn|6\n|\n|t:|1698223160\n|move|p2a: Arceus|Calm Mind|p2a: Arceus\n|-boost|p2a: Arceus|spa|1\n|-boost|p2a: Arceus|spd|1\n|move|p1a: Mamoswine|Fissure|p2a: Arceus\n|-damage|p2a: Arceus|0 fnt\n|faint|p2a: Arceus\n|-ohko\n|\n|upkeep\n|\n|t:|1698223164\n|switch|p2a: Arceus|Arceus-Water, shiny|100\/100\n|turn|7\n|\n|t:|1698223170\n|move|p2a: Arceus|Calm Mind|p2a: Arceus\n|-boost|p2a: Arceus|spa|1\n|-boost|p2a: Arceus|spd|1\n|move|p1a: Mamoswine|Earthquake|p2a: Arceus\n|-damage|p2a: Arceus|64\/100\n|\n|upkeep\n|turn|8\n|\n|t:|1698223172\n|move|p2a: Arceus|Judgment|p1a: Mamoswine\n|-supereffective|p1a: Mamoswine\n|-damage|p1a: Mamoswine|0 fnt\n|faint|p1a: Mamoswine\n|\n|upkeep\n|\n|t:|1698223178\n|switch|p1a: Mamoswine|Mamoswine, F|100\/100\n|turn|9\n|\n|t:|1698223184\n|move|p1a: Mamoswine|Earthquake|p2a: Arceus\n|-damage|p2a: Arceus|32\/100\n|move|p2a: Arceus|Judgment|p1a: Mamoswine\n|-supereffective|p1a: Mamoswine\n|-enditem|p1a: Mamoswine|Focus Sash\n|-damage|p1a: Mamoswine|1\/100\n|\n|upkeep\n|turn|10\n|\n|t:|1698223188\n|move|p1a: Mamoswine|Earthquake|p2a: Arceus\n|-damage|p2a: Arceus|0 fnt\n|faint|p2a: Arceus\n|\n|upkeep\n|\n|t:|1698223193\n|switch|p2a: Donphan|Donphan, M|100\/100\n|turn|11\n|c|\u2606Mammo-Number-5|here's the kicker\n|c|\u2606Mammo-Number-5|you know what's really good against these doofus level 1 mons?\n|c|\u2606Mammo-Number-5|multi-hit moves\n|c|\u2606Mammo-Number-5|now.\n|c|\u2606Mammo-Number-5|luckily mamoswine happens to learn rock blast\n|c|\u2606Mammo-Number-5|SO\n|c|\u2606Mammo-Number-5|IM ABOUT\n|c|\u2606Mammo-Number-5|TO FUCK UP UR SHIT\n|c|\u2606Mammo-Number-5|YEEt\n|inactive|Battle timer is ON: inactive players will automatically lose when time's up. (requested by Mammo-Number-5)\n|c|\u2606Mammo-Number-5|unless I miss of course\n|inactive|zoe1233211 has 120 seconds left.\n|\n|t:|1698223279\n|move|p2a: Donphan|Ice Shard|p1a: Mamoswine\n|-damage|p1a: Mamoswine|0 fnt\n|faint|p1a: Mamoswine\n|\n|upkeep\n|c|\u2606Mammo-Number-5|right\n|\n|t:|1698223291\n|switch|p1a: Mamoswine|Mamoswine, F|100\/100\n|turn|12\n|c|\u2606Mammo-Number-5|unfort\n|\n|t:|1698223296\n|move|p1a: Mamoswine|Ice Shard|p2a: Donphan\n|-supereffective|p2a: Donphan\n|-damage|p2a: Donphan|42\/100\n|-damage|p1a: Mamoswine|91\/100|[from] item: Life Orb\n|move|p2a: Donphan|Endeavor|p1a: Mamoswine\n|-damage|p1a: Mamoswine|38\/100\n|\n|upkeep\n|turn|13\n|\n|t:|1698223323\n|move|p1a: Mamoswine|Ice Shard|p2a: Donphan\n|-supereffective|p2a: Donphan\n|-damage|p2a: Donphan|0 fnt\n|faint|p2a: Donphan\n|-damage|p1a: Mamoswine|28\/100|[from] item: Life Orb\n|\n|upkeep\n|\n|t:|1698223324\n|switch|p2a: Donphan|Donphan, L1, F|100\/100\n|turn|14\n|\n|t:|1698223328\n|move|p1a: Mamoswine|Icicle Crash|p2a: Donphan\n|-supereffective|p2a: Donphan\n|-ability|p2a: Donphan|Sturdy\n|-damage|p2a: Donphan|8\/100\n|-damage|p1a: Mamoswine|18\/100|[from] item: Life Orb\n|move|p2a: Donphan|Endeavor|p1a: Mamoswine\n|-damage|p1a: Mamoswine|1\/100\n|-heal|p2a: Donphan|62\/100|[from] item: Shell Bell|[of] p1a: Mamoswine\n|\n|upkeep\n|turn|15\n|\n|t:|1698223331\n|move|p1a: Mamoswine|Ice Shard|p2a: Donphan\n|-supereffective|p2a: Donphan\n|-damage|p2a: Donphan|0 fnt\n|faint|p2a: Donphan\n|-damage|p1a: Mamoswine|0 fnt|[from] item: Life Orb\n|faint|p1a: Mamoswine\n|\n|win|Mammo-Number-5\n|raw|Mammo-Number-5's rating: 1353 &rarr; <strong>1377<\/strong><br \/>(+24 for winning)\n|raw|zoe1233211's rating: 1419 &rarr; <strong>1395<\/strong><br \/>(-24 for losing)\n","uploadtime":1698223241,"views":9,"p1id":"mammonumber5","p2id":"zoe1233211","formatid":"gen9anythinggoes","rating":1377,"private":0,"password":""}