{"id":"gen9anythinggoes-1977345099","p1":"HappyCake","p2":"Gaarashima","format":"[Gen 9] Anything Goes","log":"|j|\u2606HappyCake\n|j|\u2606Gaarashima\n|t:|1698407865\n|gametype|singles\n|player|p1|HappyCake|266|1144\n|player|p2|Gaarashima|linebacker|1106\n|teamsize|p1|6\n|teamsize|p2|6\n|gen|9\n|tier|[Gen 9] Anything Goes\n|rated|\n|rule|HP Percentage Mod: HP is shown in percentages\n|rule|Endless Battle Clause: Forcing endless battles is banned\n|clearpoke\n|poke|p1|Landorus, M|\n|poke|p1|Landorus, M|\n|poke|p1|Landorus, M|\n|poke|p1|Landorus, M|\n|poke|p1|Landorus, M|\n|poke|p1|Landorus, M|\n|poke|p2|Greninja-*, F|\n|poke|p2|Armarouge, M|\n|poke|p2|Great Tusk|\n|poke|p2|Kingambit, M|\n|poke|p2|Calyrex-Shadow|\n|poke|p2|Baxcalibur, F|\n|teampreview\n|\n|t:|1698407885\n|start\n|switch|p1a: Landorus|Landorus, M|100\/100\n|switch|p2a: Great Tusk|Great Tusk|100\/100\n|turn|1\n|\n|t:|1698407928\n|move|p1a: Landorus|Gravity|p1a: Landorus\n|-fieldstart|move: Gravity\n|move|p2a: Great Tusk|Close Combat|p1a: Landorus\n|-resisted|p1a: Landorus\n|-damage|p1a: Landorus|42\/100\n|-unboost|p2a: Great Tusk|def|1\n|-unboost|p2a: Great Tusk|spd|1\n|\n|upkeep\n|turn|2\n|inactive|Battle timer is ON: inactive players will automatically lose when time's up. (requested by Gaarashima)\n|\n|t:|1698407934\n|move|p1a: Landorus|Fissure|p2a: Great Tusk|[miss]\n|-miss|p1a: Landorus|p2a: Great Tusk\n|move|p2a: Great Tusk|Close Combat|p1a: Landorus\n|-resisted|p1a: Landorus\n|-damage|p1a: Landorus|0 fnt\n|-unboost|p2a: Great Tusk|def|1\n|-unboost|p2a: Great Tusk|spd|1\n|faint|p1a: Landorus\n|\n|upkeep\n|\n|t:|1698407944\n|switch|p1a: Landorus|Landorus, M|100\/100\n|turn|3\n|\n|t:|1698407956\n|move|p1a: Landorus|Fissure|p2a: Great Tusk|[miss]\n|-miss|p1a: Landorus|p2a: Great Tusk\n|move|p2a: Great Tusk|Close Combat|p1a: Landorus\n|-resisted|p1a: Landorus\n|-damage|p1a: Landorus|46\/100\n|-unboost|p2a: Great Tusk|def|1\n|-unboost|p2a: Great Tusk|spd|1\n|\n|upkeep\n|turn|4\n|\n|t:|1698407970\n|move|p1a: Landorus|Earthquake|p2a: Great Tusk\n|-damage|p2a: Great Tusk|30\/100\n|move|p2a: Great Tusk|Close Combat|p1a: Landorus\n|-resisted|p1a: Landorus\n|-damage|p1a: Landorus|0 fnt\n|-unboost|p2a: Great Tusk|def|1\n|-unboost|p2a: Great Tusk|spd|1\n|faint|p1a: Landorus\n|\n|upkeep\n|\n|t:|1698407978\n|switch|p1a: Landorus|Landorus, M|100\/100\n|turn|5\n|\n|t:|1698408005\n|move|p1a: Landorus|Earthquake|p2a: Great Tusk\n|-damage|p2a: Great Tusk|0 fnt\n|faint|p2a: Great Tusk\n|-end|p2a: Great Tusk|Protosynthesis|[silent]\n|\n|-fieldend|move: Gravity\n|upkeep\n|\n|t:|1698408015\n|switch|p2a: Baxcalibur|Baxcalibur, F|100\/100\n|turn|6\n|inactive|HappyCake has 120 seconds left.\n|inactive|HappyCake has 90 seconds left.\n|\n|t:|1698408075\n|move|p1a: Landorus|Gravity|p1a: Landorus\n|-fieldstart|move: Gravity\n|move|p2a: Baxcalibur|Brick Break|p1a: Landorus\n|-resisted|p1a: Landorus\n|-damage|p1a: Landorus|76\/100\n|\n|upkeep\n|turn|7\n|inactive|HappyCake has 90 seconds left.\n|inactive|Gaarashima has 120 seconds left.\n|\n|t:|1698408113\n|move|p1a: Landorus|Fissure|p2a: Baxcalibur\n|-damage|p2a: Baxcalibur|0 fnt\n|faint|p2a: Baxcalibur\n|-ohko\n|\n|upkeep\n|\n|t:|1698408119\n|switch|p2a: Armarouge|Armarouge, M|100\/100\n|turn|8\n|inactive|Gaarashima has 120 seconds left.\n|inactive|HappyCake has 90 seconds left.\n|inactive|Gaarashima has 90 seconds left.\n|\n|t:|1698408162\n|move|p1a: Landorus|Fissure|p2a: Armarouge|[miss]\n|-miss|p1a: Landorus|p2a: Armarouge\n|move|p2a: Armarouge|Armor Cannon|p1a: Landorus\n|-damage|p1a: Landorus|0 fnt\n|-unboost|p2a: Armarouge|def|1\n|-unboost|p2a: Armarouge|spd|1\n|faint|p1a: Landorus\n|\n|upkeep\n|inactive|HappyCake has 90 seconds left.\n|\n|t:|1698408170\n|switch|p1a: Landorus|Landorus, M|100\/100\n|turn|9\n|\n|t:|1698408176\n|move|p1a: Landorus|Fissure|p2a: Armarouge\n|-damage|p2a: Armarouge|0 fnt\n|faint|p2a: Armarouge\n|-ohko\n|\n|upkeep\n|\n|t:|1698408186\n|switch|p2a: Tobirama|Greninja, F|100\/100\n|turn|10\n|inactive|HappyCake has 90 seconds left.\n|\n|t:|1698408215\n|move|p2a: Tobirama|Surf|p1a: Landorus\n|-supereffective|p1a: Landorus\n|-damage|p1a: Landorus|14\/100\n|move|p1a: Landorus|Fissure|p2a: Tobirama\n|-damage|p2a: Tobirama|0 fnt\n|faint|p2a: Tobirama\n|-ohko\n|\n|-fieldend|move: Gravity\n|upkeep\n|\n|t:|1698408223\n|switch|p2a: Calyrex|Calyrex-Shadow|100\/100\n|-ability|p2a: Calyrex|As One\n|-ability|p2a: Calyrex|Unnerve\n|turn|11\n|inactive|HappyCake has 90 seconds left.\n|\n|t:|1698408237\n|move|p2a: Calyrex|Astral Barrage|p1a: Landorus\n|-damage|p1a: Landorus|0 fnt\n|faint|p1a: Landorus\n|-ability|p2a: Calyrex|Grim Neigh|boost\n|-boost|p2a: Calyrex|spa|1\n|\n|upkeep\n|inactive|HappyCake has 90 seconds left.\n|\n|t:|1698408246\n|switch|p1a: Landorus|Landorus, M|100\/100\n|turn|12\n|inactive|HappyCake has 90 seconds left.\n|\n|t:|1698408260\n|move|p2a: Calyrex|Astral Barrage|p1a: Landorus\n|-damage|p1a: Landorus|0 fnt\n|faint|p1a: Landorus\n|-ability|p2a: Calyrex|Grim Neigh|boost\n|-boost|p2a: Calyrex|spa|1\n|\n|upkeep\n|inactive|HappyCake has 90 seconds left.\n|inactive|HappyCake has 60 seconds left.\n|inactive|HappyCake has 30 seconds left.\n|inactive|HappyCake has 20 seconds left.\n|inactive|HappyCake has 15 seconds left.\n|\n|t:|1698408341\n|switch|p1a: Landorus|Landorus, M|100\/100\n|turn|13\n|inactive|HappyCake has 25 seconds left this turn.\n|\n|t:|1698408345\n|move|p2a: Calyrex|Astral Barrage|p1a: Landorus\n|-damage|p1a: Landorus|0 fnt\n|faint|p1a: Landorus\n|\n|win|Gaarashima\n|inactive|HappyCake has 30 seconds left this turn.\n|raw|HappyCake's rating: 1144 &rarr; <strong>1115<\/strong><br \/>(-29 for losing)\n|raw|Gaarashima's rating: 1084 &rarr; <strong>1116<\/strong><br \/>(+32 for winning)\n","uploadtime":1698408354,"views":11,"p1id":"happycake","p2id":"gaarashima","formatid":"gen9anythinggoes","rating":1115,"private":0,"password":""}