{"id":"gen9anythinggoes-1999325430","p1":"your_l0cal_dumbass","p2":"Khryce","format":"[Gen 9] Anything Goes","log":"|j|\u2606your_l0cal_dumbass\n|j|\u2606Khryce\n|t:|1701060619\n|gametype|singles\n|player|p1|your_l0cal_dumbass|lucas|1150\n|player|p2|Khryce|preschooler|1107\n|teamsize|p1|6\n|teamsize|p2|6\n|gen|9\n|tier|[Gen 9] Anything Goes\n|rated|\n|rule|HP Percentage Mod: HP is shown in percentages\n|rule|Endless Battle Clause: Forcing endless battles is banned\n|clearpoke\n|poke|p1|Drifblim, M|\n|poke|p1|Kommo-o, F|\n|poke|p1|Mew|\n|poke|p1|Tsareena, F|\n|poke|p1|Azumarill, F|\n|poke|p1|Kingambit, M|\n|poke|p2|Sylveon, M|\n|poke|p2|Dudunsparce-*, F|\n|poke|p2|Dragapult, F|\n|poke|p2|Chandelure, M|\n|poke|p2|Seviper, M|\n|poke|p2|Skeledirge, M|\n|teampreview\n|inactive|Battle timer is ON: inactive players will automatically lose when time's up. (requested by Khryce)\n|\n|t:|1701060631\n|start\n|switch|p1a: Free Candy|Drifblim, M|100\/100\n|switch|p2a: Sylveon|Sylveon, M|100\/100\n|turn|1\n|\n|t:|1701060636\n|move|p1a: Free Candy|Minimize|p1a: Free Candy\n|-boost|p1a: Free Candy|evasion|2\n|move|p2a: Sylveon|Hyper Voice|p1a: Free Candy\n|-damage|p1a: Free Candy|49\/100\n|\n|-heal|p1a: Free Candy|55\/100|[from] item: Leftovers\n|upkeep\n|turn|2\n|\n|t:|1701060642\n|move|p1a: Free Candy|Minimize|p1a: Free Candy\n|-boost|p1a: Free Candy|evasion|2\n|move|p2a: Sylveon|Hyper Voice|p1a: Free Candy|[miss]\n|-miss|p2a: Sylveon|p1a: Free Candy\n|\n|-heal|p1a: Free Candy|61\/100|[from] item: Leftovers\n|upkeep\n|turn|3\n|\n|t:|1701060650\n|move|p1a: Free Candy|Minimize|p1a: Free Candy\n|-boost|p1a: Free Candy|evasion|2\n|move|p2a: Sylveon|Hyper Voice|p1a: Free Candy|[miss]\n|-miss|p2a: Sylveon|p1a: Free Candy\n|\n|-heal|p1a: Free Candy|67\/100|[from] item: Leftovers\n|upkeep\n|turn|4\n|\n|t:|1701060658\n|move|p1a: Free Candy|Stockpile|p1a: Free Candy\n|-start|p1a: Free Candy|stockpile1\n|-boost|p1a: Free Candy|def|1\n|-boost|p1a: Free Candy|spd|1\n|move|p2a: Sylveon|Roar|p1a: Free Candy\n|drag|p1a: Lasagna|Kingambit, M|100\/100\n|\n|upkeep\n|turn|5\n|\n|t:|1701060669\n|switch|p2a: Chandelure|Chandelure, M|100\/100\n|move|p1a: Lasagna|Iron Head|p2a: Chandelure\n|-resisted|p2a: Chandelure\n|-damage|p2a: Chandelure|81\/100\n|\n|upkeep\n|turn|6\n|\n|t:|1701060682\n|switch|p2a: Dudunsparce|Dudunsparce-Three-Segment, F|100\/100\n|move|p1a: Lasagna|Sucker Punch||[still]\n|-fail|p1a: Lasagna\n|\n|upkeep\n|turn|7\n|\n|t:|1701060688\n|-end|p1a: Lasagna|fallenundefined|[silent]\n|switch|p1a: Bridge|Kommo-o, F, shiny|100\/100\n|move|p2a: Dudunsparce|Agility|p2a: Dudunsparce\n|-boost|p2a: Dudunsparce|spe|2\n|\n|upkeep\n|turn|8\n|\n|t:|1701060696\n|move|p1a: Bridge|Vacuum Wave|p2a: Dudunsparce\n|-supereffective|p2a: Dudunsparce\n|-damage|p2a: Dudunsparce|72\/100\n|move|p2a: Dudunsparce|Body Slam|p1a: Bridge\n|-damage|p1a: Bridge|65\/100\n|-status|p1a: Bridge|par\n|\n|-heal|p2a: Dudunsparce|78\/100|[from] item: Leftovers\n|upkeep\n|turn|9\n|\n|t:|1701060705\n|move|p1a: Bridge|Vacuum Wave|p2a: Dudunsparce\n|-supereffective|p2a: Dudunsparce\n|-crit|p2a: Dudunsparce\n|-damage|p2a: Dudunsparce|30\/100\n|move|p2a: Dudunsparce|Body Slam|p1a: Bridge\n|-crit|p1a: Bridge\n|-damage|p1a: Bridge|10\/100 par\n|\n|-heal|p2a: Dudunsparce|37\/100|[from] item: Leftovers\n|upkeep\n|turn|10\n|\n|t:|1701060716\n|switch|p2a: Dragapult|Dragapult, F|100\/100\n|cant|p1a: Bridge|par\n|\n|upkeep\n|turn|11\n|\n|t:|1701060722\n|switch|p1a: Bertha|Azumarill, F|100\/100\n|move|p2a: Dragapult|Hex|p1a: Bertha\n|-damage|p1a: Bertha|74\/100\n|\n|upkeep\n|turn|12\n|\n|t:|1701060729\n|move|p2a: Dragapult|Will-O-Wisp|p1a: Bertha\n|-status|p1a: Bertha|brn\n|move|p1a: Bertha|Play Rough|p2a: Dragapult\n|-supereffective|p2a: Dragapult\n|-damage|p2a: Dragapult|29\/100\n|\n|-heal|p2a: Dragapult|35\/100|[from] item: Leftovers\n|-damage|p1a: Bertha|67\/100 brn|[from] brn\n|upkeep\n|turn|13\n|\n|t:|1701060747\n|switch|p2a: Skeledirge|Skeledirge, M|100\/100\n|move|p1a: Bertha|Play Rough|p2a: Skeledirge|[miss]\n|-miss|p1a: Bertha|p2a: Skeledirge\n|\n|-damage|p1a: Bertha|61\/100 brn|[from] brn\n|upkeep\n|turn|14\n|\n|t:|1701060772\n|switch|p2a: Sylveon|Sylveon, M|100\/100\n|switch|p1a: Free Candy|Drifblim, M|67\/100\n|\n|-heal|p1a: Free Candy|73\/100|[from] item: Leftovers\n|upkeep\n|turn|15\n|\n|t:|1701060778\n|move|p1a: Free Candy|Minimize|p1a: Free Candy\n|-boost|p1a: Free Candy|evasion|2\n|move|p2a: Sylveon|Hyper Voice|p1a: Free Candy\n|-damage|p1a: Free Candy|18\/100\n|\n|-heal|p1a: Free Candy|24\/100|[from] item: Leftovers\n|upkeep\n|turn|16\n|\n|t:|1701060785\n|move|p1a: Free Candy|Minimize|p1a: Free Candy\n|-boost|p1a: Free Candy|evasion|2\n|move|p2a: Sylveon|Hyper Voice|p1a: Free Candy|[miss]\n|-miss|p2a: Sylveon|p1a: Free Candy\n|\n|-heal|p1a: Free Candy|30\/100|[from] item: Leftovers\n|upkeep\n|turn|17\n|\n|t:|1701060809\n|move|p1a: Free Candy|Minimize|p1a: Free Candy\n|-boost|p1a: Free Candy|evasion|2\n|move|p2a: Sylveon|Hyper Voice|p1a: Free Candy|[miss]\n|-miss|p2a: Sylveon|p1a: Free Candy\n|\n|-heal|p1a: Free Candy|36\/100|[from] item: Leftovers\n|upkeep\n|turn|18\n|\n|t:|1701060822\n|move|p1a: Free Candy|Stockpile|p1a: Free Candy\n|-start|p1a: Free Candy|stockpile1\n|-boost|p1a: Free Candy|def|1\n|-boost|p1a: Free Candy|spd|1\n|move|p2a: Sylveon|Roar|p1a: Free Candy\n|drag|p1a: Pepper|Tsareena, F, shiny|100\/100\n|\n|upkeep\n|turn|19\n|inactive|your_l0cal_dumbass has 120 seconds left.\n|\n|t:|1701060847\n|switch|p2a: Chandelure|Chandelure, M|81\/100\n|move|p1a: Pepper|Fling|p2a: Chandelure\n|-supereffective|p2a: Chandelure\n|-damage|p2a: Chandelure|57\/100\n|-enditem|p1a: Pepper|King's Rock|[from] move: Fling\n|\n|upkeep\n|turn|20\n|inactive|your_l0cal_dumbass has 120 seconds left.\n|\n|t:|1701060854\n|move|p1a: Pepper|Acrobatics|p2a: Chandelure\n|-damage|p2a: Chandelure|17\/100\n|move|p2a: Chandelure|Shadow Ball|p1a: Pepper\n|-damage|p1a: Pepper|44\/100\n|\n|upkeep\n|turn|21\n|\n|t:|1701060862\n|switch|p2a: Skeledirge|Skeledirge, M|100\/100\n|move|p1a: Pepper|Acrobatics|p2a: Skeledirge\n|-damage|p2a: Skeledirge|72\/100\n|\n|upkeep\n|turn|22\n|\n|t:|1701060868\n|move|p1a: Pepper|Acrobatics|p2a: Skeledirge\n|-damage|p2a: Skeledirge|43\/100\n|-enditem|p2a: Skeledirge|Sitrus Berry|[eat]\n|-heal|p2a: Skeledirge|68\/100|[from] item: Sitrus Berry\n|move|p2a: Skeledirge|Torch Song|p1a: Pepper\n|-supereffective|p1a: Pepper\n|-damage|p1a: Pepper|0 fnt\n|-boost|p2a: Skeledirge|spa|1\n|faint|p1a: Pepper\n|\n|upkeep\n|inactive|your_l0cal_dumbass has 120 seconds left.\n|\n|t:|1701060884\n|switch|p1a: Truck|Mew|100\/100\n|turn|23\n|\n|t:|1701060889\n|-terastallize|p1a: Truck|Fighting\n|move|p1a: Truck|Knock Off|p2a: Skeledirge\n|-supereffective|p2a: Skeledirge\n|-damage|p2a: Skeledirge|33\/100\n|move|p2a: Skeledirge|Torch Song|p1a: Truck\n|-damage|p1a: Truck|38\/100\n|-boost|p2a: Skeledirge|spa|1\n|\n|upkeep\n|turn|24\n|\n|t:|1701060898\n|-terastallize|p2a: Skeledirge|Poison\n|move|p1a: Truck|Knock Off|p2a: Skeledirge\n|-damage|p2a: Skeledirge|12\/100\n|move|p2a: Skeledirge|Torch Song|p1a: Truck\n|-damage|p1a: Truck|0 fnt\n|-boost|p2a: Skeledirge|spa|1\n|faint|p1a: Truck\n|\n|upkeep\n|\n|t:|1701060909\n|switch|p1a: Lasagna|Kingambit, M|100\/100\n|-activate|p1a: Lasagna|ability: Supreme Overlord\n|-start|p1a: Lasagna|fallen2|[silent]\n|turn|25\n|\n|t:|1701060914\n|move|p1a: Lasagna|Sucker Punch||[still]\n|-fail|p1a: Lasagna\n|move|p2a: Skeledirge|Will-O-Wisp|p1a: Lasagna|[miss]\n|-miss|p2a: Skeledirge|p1a: Lasagna\n|\n|upkeep\n|turn|26\n|\n|t:|1701060919\n|move|p2a: Skeledirge|Will-O-Wisp|p1a: Lasagna\n|-status|p1a: Lasagna|brn\n|move|p1a: Lasagna|Kowtow Cleave|p2a: Skeledirge\n|-damage|p2a: Skeledirge|0 fnt\n|faint|p2a: Skeledirge\n|\n|-damage|p1a: Lasagna|94\/100 brn|[from] brn\n|upkeep\n|\n|t:|1701060933\n|switch|p2a: Dudunsparce|Dudunsparce-Three-Segment, F|37\/100\n|turn|27\n|\n|t:|1701060939\n|-end|p1a: Lasagna|fallen2|[silent]\n|switch|p1a: Free Candy|Drifblim, M|36\/100\n|move|p2a: Dudunsparce|Drill Run|p1a: Free Candy\n|-immune|p1a: Free Candy\n|\n|-heal|p1a: Free Candy|42\/100|[from] item: Leftovers\n|-heal|p2a: Dudunsparce|43\/100|[from] item: Leftovers\n|upkeep\n|turn|28\n|\n|t:|1701060947\n|switch|p2a: Sylveon|Sylveon, M|100\/100\n|move|p1a: Free Candy|Minimize|p1a: Free Candy\n|-boost|p1a: Free Candy|evasion|2\n|\n|-heal|p1a: Free Candy|48\/100|[from] item: Leftovers\n|upkeep\n|turn|29\n|\n|t:|1701060954\n|move|p1a: Free Candy|Baton Pass|p1a: Free Candy\n|\n|t:|1701060956\n|switch|p1a: Bertha|Azumarill, F|61\/100 brn|[from] Baton Pass\n|move|p2a: Sylveon|Hyper Voice|p1a: Bertha\n|-damage|p1a: Bertha|2\/100 brn\n|\n|-damage|p1a: Bertha|0 fnt|[from] brn\n|faint|p1a: Bertha\n|upkeep\n|\n|t:|1701060967\n|switch|p1a: Lasagna|Kingambit, M|94\/100 brn\n|-activate|p1a: Lasagna|ability: Supreme Overlord\n|-start|p1a: Lasagna|fallen3|[silent]\n|turn|30\n|\n|t:|1701060972\n|move|p1a: Lasagna|Iron Head|p2a: Sylveon\n|-supereffective|p2a: Sylveon\n|-damage|p2a: Sylveon|42\/100\n|move|p2a: Sylveon|Roar|p1a: Lasagna\n|-end|p1a: Lasagna|fallen3|[silent]\n|drag|p1a: Free Candy|Drifblim, M|48\/100\n|\n|-heal|p1a: Free Candy|54\/100|[from] item: Leftovers\n|-heal|p2a: Sylveon|48\/100|[from] item: Leftovers\n|upkeep\n|turn|31\n|\n|t:|1701060980\n|move|p1a: Free Candy|Minimize|p1a: Free Candy\n|-boost|p1a: Free Candy|evasion|2\n|move|p2a: Sylveon|Hyper Voice|p1a: Free Candy\n|-damage|p1a: Free Candy|2\/100\n|\n|-heal|p1a: Free Candy|9\/100|[from] item: Leftovers\n|-heal|p2a: Sylveon|55\/100|[from] item: Leftovers\n|upkeep\n|turn|32\n|\n|t:|1701060988\n|move|p1a: Free Candy|Baton Pass|p1a: Free Candy\n|\n|t:|1701060990\n|switch|p1a: Lasagna|Kingambit, M|94\/100 brn|[from] Baton Pass\n|-activate|p1a: Lasagna|ability: Supreme Overlord\n|-start|p1a: Lasagna|fallen3|[silent]\n|move|p2a: Sylveon|Hyper Voice|p1a: Lasagna|[miss]\n|-miss|p2a: Sylveon|p1a: Lasagna\n|\n|-heal|p2a: Sylveon|61\/100|[from] item: Leftovers\n|-damage|p1a: Lasagna|88\/100 brn|[from] brn\n|upkeep\n|turn|33\n|\n|t:|1701061001\n|move|p1a: Lasagna|Iron Head|p2a: Sylveon\n|-supereffective|p2a: Sylveon\n|-damage|p2a: Sylveon|1\/100\n|move|p2a: Sylveon|Roar|p1a: Lasagna\n|-end|p1a: Lasagna|fallen3|[silent]\n|drag|p1a: Free Candy|Drifblim, M|9\/100\n|\n|-heal|p1a: Free Candy|15\/100|[from] item: Leftovers\n|-heal|p2a: Sylveon|7\/100|[from] item: Leftovers\n|upkeep\n|turn|34\n|\n|t:|1701061021\n|move|p1a: Free Candy|Minimize|p1a: Free Candy\n|-boost|p1a: Free Candy|evasion|2\n|move|p2a: Sylveon|Hyper Voice|p1a: Free Candy\n|-crit|p1a: Free Candy\n|-damage|p1a: Free Candy|0 fnt\n|faint|p1a: Free Candy\n|\n|-heal|p2a: Sylveon|13\/100|[from] item: Leftovers\n|upkeep\n|\n|t:|1701061029\n|switch|p1a: Lasagna|Kingambit, M|88\/100 brn\n|-activate|p1a: Lasagna|ability: Supreme Overlord\n|-start|p1a: Lasagna|fallen4|[silent]\n|turn|35\n|-message|your_l0cal_dumbass forfeited.\n|\n|win|Khryce\n|raw|your_l0cal_dumbass's rating: 1150 &rarr; <strong>1122<\/strong><br \/>(-28 for losing)\n|raw|Khryce's rating: 1107 &rarr; <strong>1135<\/strong><br \/>(+28 for winning)\n|l|\u2606your_l0cal_dumbass\n","uploadtime":1701061055,"views":8,"p1id":"yourl0caldumbass","p2id":"khryce","formatid":"gen9anythinggoes","rating":1122,"private":0,"password":""}