{"id":"gen9anythinggoes-1996644286","p1":"00 Caratroc 00","p2":"Brogan_esq","format":"[Gen 9] Anything Goes","log":"|j|\u260600 Caratroc 00\n|j|\u2606Brogan_esq\n|t:|1700704448\n|gametype|singles\n|player|p1|00 Caratroc 00|evelyn|1393\n|player|p2|Brogan_esq|266|1359\n|teamsize|p1|6\n|teamsize|p2|6\n|gen|9\n|tier|[Gen 9] Anything Goes\n|rated|\n|rule|HP Percentage Mod: HP is shown in percentages\n|rule|Endless Battle Clause: Forcing endless battles is banned\n|clearpoke\n|poke|p1|Ditto|\n|poke|p1|Wooper-Paldea, M|\n|poke|p1|Clodsire, M|\n|poke|p1|Arceus|\n|poke|p1|Eternatus|\n|poke|p1|Calyrex-Shadow|\n|poke|p2|Kingambit, M|\n|poke|p2|Zapdos|\n|poke|p2|Koraidon|\n|poke|p2|Arceus-Dark|\n|poke|p2|Urshifu-*, M|\n|poke|p2|Toedscruel, M|\n|teampreview\n|inactive|Battle timer is ON: inactive players will automatically lose when time's up. (requested by Brogan_esq)\n|inactive|Brogan_esq has 120 seconds left.\n|\n|t:|1700704492\n|start\n|switch|p1a: Gooper|Wooper-Paldea, M, shiny|100\/100\n|switch|p2a: Urshifu|Urshifu-Rapid-Strike, M|100\/100\n|turn|1\n|\n|t:|1700704506\n|move|p2a: Urshifu|Surging Strikes|p1a: Gooper\n|-immune|p1a: Gooper|[from] ability: Water Absorb\n|move|p1a: Gooper|Toxic Spikes|p2a: Urshifu\n|-sidestart|p2: Brogan_esq|move: Toxic Spikes\n|\n|upkeep\n|turn|2\n|\n|t:|1700704517\n|switch|p2a: Toedscruel|Toedscruel, M|100\/100\n|-status|p2a: Toedscruel|psn\n|move|p1a: Gooper|Toxic Spikes|p2a: Toedscruel\n|-sidestart|p2: Brogan_esq|move: Toxic Spikes\n|\n|-damage|p2a: Toedscruel|88\/100 psn|[from] psn\n|upkeep\n|turn|3\n|\n|t:|1700704529\n|switch|p1a: Death|Calyrex-Shadow|100\/100\n|-ability|p1a: Death|As One\n|-ability|p1a: Death|Unnerve\n|move|p2a: Toedscruel|Rapid Spin|p1a: Death\n|-immune|p1a: Death\n|\n|-damage|p2a: Toedscruel|76\/100 psn|[from] psn\n|upkeep\n|turn|4\n|inactive|Brogan_esq has 120 seconds left.\n|\n|t:|1700704566\n|switch|p2a: Kingambit|Kingambit, M|100\/100\n|move|p1a: Death|Pollen Puff|p2a: Kingambit\n|-damage|p2a: Kingambit|63\/100\n|\n|upkeep\n|turn|5\n|inactive|Brogan_esq has 120 seconds left.\n|\n|t:|1700704578\n|switch|p1a: Le Grapin|Eternatus, shiny|100\/100\n|-ability|p1a: Le Grapin|Pressure\n|move|p2a: Kingambit|Kowtow Cleave|p1a: Le Grapin\n|-damage|p1a: Le Grapin|59\/100\n|\n|-heal|p1a: Le Grapin|65\/100|[from] item: Leftovers\n|upkeep\n|turn|6\n|inactive|Brogan_esq has 120 seconds left.\n|\n|t:|1700704588\n|move|p1a: Le Grapin|Flamethrower|p2a: Kingambit\n|-supereffective|p2a: Kingambit\n|-damage|p2a: Kingambit|0 fnt\n|faint|p2a: Kingambit\n|-end|p2a: Kingambit|fallenundefined|[silent]\n|\n|-heal|p1a: Le Grapin|71\/100|[from] item: Leftovers\n|upkeep\n|inactive|Brogan_esq has 120 seconds left.\n|\n|t:|1700704609\n|switch|p2a: Toedscruel|Toedscruel, M|76\/100 psn\n|turn|7\n|\n|t:|1700704614\n|switch|p1a: Death|Calyrex-Shadow|100\/100\n|-ability|p1a: Death|As One\n|-ability|p1a: Death|Unnerve\n|move|p2a: Toedscruel|Rapid Spin|p1a: Death\n|-immune|p1a: Death\n|\n|-damage|p2a: Toedscruel|64\/100 psn|[from] psn\n|upkeep\n|turn|8\n|\n|t:|1700704633\n|move|p1a: Death|Pollen Puff|p2a: Toedscruel\n|-supereffective|p2a: Toedscruel\n|-damage|p2a: Toedscruel|0 fnt\n|faint|p2a: Toedscruel\n|-ability|p1a: Death|Grim Neigh|boost\n|-boost|p1a: Death|spa|1\n|\n|upkeep\n|-message|Brogan_esq forfeited.\n|\n|win|00 Caratroc 00\n|raw|00 Caratroc 00's rating: 1393 &rarr; <strong>1411<\/strong><br \/>(+18 for winning)\n|raw|Brogan_esq's rating: 1359 &rarr; <strong>1341<\/strong><br \/>(-18 for losing)\n|l|\u2606Brogan_esq\n","uploadtime":1700704660,"views":0,"p1id":"00caratroc00","p2id":"broganesq","formatid":"gen9anythinggoes","rating":1341,"private":0,"password":""}