{"id":"gen9anythinggoes-1972569834","p1":"shadybap12","p2":"Ecco4502","format":"[Gen 9] Anything Goes","log":"|j|\u2606shadybap12\n|j|\u2606Ecco4502\n|t:|1697858329\n|gametype|singles\n|player|p1|shadybap12|1|1080\n|player|p2|Ecco4502|hilbert|1099\n|teamsize|p1|6\n|teamsize|p2|6\n|gen|9\n|tier|[Gen 9] Anything Goes\n|rated|\n|rule|HP Percentage Mod: HP is shown in percentages\n|rule|Endless Battle Clause: Forcing endless battles is banned\n|clearpoke\n|poke|p1|Manaphy|\n|poke|p1|Chandelure, F|\n|poke|p1|Kingambit, M|\n|poke|p1|Drifblim, M|\n|poke|p1|Ninetales-Alola, F|\n|poke|p1|Calyrex-Shadow|\n|poke|p2|Lucario, M|\n|poke|p2|Milotic, F|\n|poke|p2|Flareon, M|\n|poke|p2|Ninetales-Alola, M|\n|poke|p2|Gogoat, M|\n|poke|p2|Furret, F|\n|teampreview\n|c|\u2606shadybap12|hello\n|\n|t:|1697858337\n|start\n|switch|p1a: Drifblim|Drifblim, M|100\/100\n|switch|p2a: Frost|Ninetales-Alola, M|100\/100\n|-weather|Snow|[from] ability: Snow Warning|[of] p2a: Frost\n|turn|1\n|c|\u2606shadybap12|Hows ya day\n|\n|t:|1697858344\n|-terastallize|p1a: Drifblim|Ghost\n|move|p2a: Frost|Blizzard|p1a: Drifblim\n|-damage|p1a: Drifblim|65\/100\n|-status|p1a: Drifblim|frz\n|cant|p1a: Drifblim|frz\n|\n|-weather|Snow|[upkeep]\n|upkeep\n|turn|2\n|\n|t:|1697858354\n|move|p2a: Frost|Blizzard|p1a: Drifblim\n|-crit|p1a: Drifblim\n|-damage|p1a: Drifblim|13\/100 frz\n|-curestatus|p1a: Drifblim|frz|[msg]\n|move|p1a: Drifblim|Minimize|p1a: Drifblim\n|-boost|p1a: Drifblim|evasion|2\n|\n|-weather|Snow|[upkeep]\n|upkeep\n|turn|3\n|\n|t:|1697858363\n|move|p2a: Frost|Blizzard|p1a: Drifblim\n|-damage|p1a: Drifblim|0 fnt\n|faint|p1a: Drifblim\n|\n|-weather|Snow|[upkeep]\n|upkeep\n|\n|t:|1697858372\n|switch|p1a: Chandelure|Chandelure, F, shiny|100\/100\n|turn|4\n|\n|t:|1697858375\n|move|p2a: Frost|Aurora Veil|p2a: Frost\n|-sidestart|p2: Ecco4502|move: Aurora Veil\n|move|p1a: Chandelure|Flamethrower|p2a: Frost\n|-supereffective|p2a: Frost\n|-damage|p2a: Frost|0 fnt\n|faint|p2a: Frost\n|-damage|p1a: Chandelure|91\/100|[from] item: Life Orb\n|\n|-weather|Snow|[upkeep]\n|upkeep\n|\n|t:|1697858386\n|switch|p2a: Leviathan|Milotic, F, shiny|100\/100\n|turn|5\n|\n|t:|1697858389\n|move|p1a: Chandelure|Energy Ball|p2a: Leviathan\n|-supereffective|p2a: Leviathan\n|-damage|p2a: Leviathan|32\/100\n|-damage|p1a: Chandelure|81\/100|[from] item: Life Orb\n|move|p2a: Leviathan|Scald|p1a: Chandelure\n|-supereffective|p1a: Chandelure\n|-damage|p1a: Chandelure|5\/100\n|\n|-weather|none\n|-status|p2a: Leviathan|brn|[from] item: Flame Orb\n|upkeep\n|turn|6\n|\n|t:|1697858406\n|switch|p2a: Ziege|Gogoat, M, shiny|100\/100\n|move|p1a: Chandelure|Energy Ball|p2a: Ziege\n|-ability|p2a: Ziege|Sap Sipper|boost\n|-boost|p2a: Ziege|atk|1\n|\n|upkeep\n|turn|7\n|\n|t:|1697858423\n|move|p1a: Chandelure|Flamethrower|p2a: Ziege\n|-supereffective|p2a: Ziege\n|-damage|p2a: Ziege|17\/100\n|-enditem|p2a: Ziege|Weakness Policy\n|-boost|p2a: Ziege|atk|2|[from] item: Weakness Policy\n|-boost|p2a: Ziege|spa|2|[from] item: Weakness Policy\n|-damage|p1a: Chandelure|0 fnt|[from] item: Life Orb\n|faint|p1a: Chandelure\n|move|p2a: Ziege|Milk Drink|p2a: Ziege\n|-heal|p2a: Ziege|67\/100\n|\n|upkeep\n|c|\u2606shadybap12|.....\n|\n|t:|1697858440\n|switch|p1a: Calyrex|Calyrex-Shadow|100\/100\n|-ability|p1a: Calyrex|As One\n|-ability|p1a: Calyrex|Unnerve\n|turn|8\n|\n|t:|1697858447\n|move|p1a: Calyrex|Astral Barrage|p2a: Ziege\n|-damage|p2a: Ziege|38\/100\n|-damage|p1a: Calyrex|91\/100|[from] item: Life Orb\n|move|p2a: Ziege|Horn Leech|p1a: Calyrex\n|-damage|p1a: Calyrex|23\/100\n|-heal|p2a: Ziege|67\/100|[from] drain|[of] p1a: Calyrex\n|\n|upkeep\n|turn|9\n|\n|t:|1697858457\n|move|p1a: Calyrex|Double-Edge|p2a: Ziege\n|-damage|p2a: Ziege|49\/100\n|-damage|p1a: Calyrex|16\/100|[from] Recoil\n|-damage|p1a: Calyrex|6\/100|[from] item: Life Orb\n|move|p2a: Ziege|Horn Leech|p1a: Calyrex\n|-damage|p1a: Calyrex|0 fnt\n|-heal|p2a: Ziege|51\/100|[from] drain|[of] p1a: Calyrex\n|faint|p1a: Calyrex\n|\n|upkeep\n|\n|t:|1697858463\n|switch|p1a: Ninetales|Ninetales-Alola, F|100\/100\n|-weather|Snow|[from] ability: Snow Warning|[of] p1a: Ninetales\n|turn|10\n|\n|t:|1697858472\n|move|p1a: Ninetales|Freeze-Dry|p2a: Ziege\n|-supereffective|p2a: Ziege\n|-damage|p2a: Ziege|34\/100\n|move|p2a: Ziege|Milk Drink|p2a: Ziege\n|-heal|p2a: Ziege|84\/100\n|\n|-weather|Snow|[upkeep]\n|upkeep\n|turn|11\n|\n|t:|1697858487\n|move|p1a: Ninetales|Aurora Veil|p1a: Ninetales\n|-sidestart|p1: shadybap12|move: Aurora Veil\n|move|p2a: Ziege|Rock Slide|p1a: Ninetales\n|-supereffective|p1a: Ninetales\n|-damage|p1a: Ninetales|57\/100\n|\n|-weather|Snow|[upkeep]\n|-sideend|p2: Ecco4502|move: Aurora Veil\n|upkeep\n|turn|12\n|c|\u2606shadybap12|this is some bullshit ya honer\n|\n|t:|1697858498\n|move|p1a: Ninetales|Hypnosis|p2a: Ziege|[miss]\n|-miss|p1a: Ninetales|p2a: Ziege\n|move|p2a: Ziege|Rock Slide|p1a: Ninetales\n|-supereffective|p1a: Ninetales\n|-damage|p1a: Ninetales|13\/100\n|\n|-weather|Snow|[upkeep]\n|upkeep\n|turn|13\n|\n|t:|1697858506\n|move|p1a: Ninetales|Hypnosis|p2a: Ziege\n|-status|p2a: Ziege|slp|[from] move: Hypnosis\n|cant|p2a: Ziege|slp\n|\n|-weather|Snow|[upkeep]\n|upkeep\n|turn|14\n|\n|t:|1697858516\n|switch|p1a: Manaphy|Manaphy|100\/100\n|-curestatus|p2a: Ziege|slp|[msg]\n|move|p2a: Ziege|Rock Slide|p1a: Manaphy\n|-damage|p1a: Manaphy|77\/100\n|\n|-weather|none\n|upkeep\n|turn|15\n|c|\u2606shadybap12|searulsey\n|\n|t:|1697858525\n|move|p1a: Manaphy|Tail Glow|p1a: Manaphy\n|-boost|p1a: Manaphy|spa|3\n|move|p2a: Ziege|Horn Leech|p1a: Manaphy\n|-supereffective|p1a: Manaphy\n|-damage|p1a: Manaphy|13\/100\n|-heal|p2a: Ziege|100\/100|[from] drain|[of] p1a: Manaphy\n|\n|upkeep\n|turn|16\n|\n|t:|1697858533\n|move|p1a: Manaphy|Dazzling Gleam|p2a: Ziege\n|-damage|p2a: Ziege|66\/100\n|move|p2a: Ziege|Horn Leech|p1a: Manaphy\n|-supereffective|p1a: Manaphy\n|-damage|p1a: Manaphy|0 fnt\n|-heal|p2a: Ziege|70\/100|[from] drain|[of] p1a: Manaphy\n|faint|p1a: Manaphy\n|\n|upkeep\n|\n|t:|1697858539\n|switch|p1a: Ninetales|Ninetales-Alola, F|13\/100\n|-weather|Snow|[from] ability: Snow Warning|[of] p1a: Ninetales\n|turn|17\n|\n|t:|1697858545\n|move|p1a: Ninetales|Hypnosis|p2a: Ziege\n|-status|p2a: Ziege|slp|[from] move: Hypnosis\n|cant|p2a: Ziege|slp\n|\n|-weather|Snow|[upkeep]\n|upkeep\n|turn|18\n|\n|t:|1697858553\n|switch|p1a: Kingambit|Kingambit, M|100\/100\n|switch|p2a: Leviathan|Milotic, F, shiny|32\/100 brn\n|\n|-weather|Snow|[upkeep]\n|-damage|p2a: Leviathan|26\/100 brn|[from] brn\n|-sideend|p1: shadybap12|move: Aurora Veil\n|upkeep\n|turn|19\n|\n|t:|1697858562\n|move|p2a: Leviathan|Recover|p2a: Leviathan\n|-heal|p2a: Leviathan|76\/100 brn\n|move|p1a: Kingambit|Swords Dance|p1a: Kingambit\n|-boost|p1a: Kingambit|atk|2\n|\n|-weather|Snow|[upkeep]\n|-damage|p2a: Leviathan|70\/100 brn|[from] brn\n|upkeep\n|turn|20\n|\n|t:|1697858570\n|move|p2a: Leviathan|Haze|p2a: Leviathan\n|-clearallboost\n|move|p1a: Kingambit|Swords Dance|p1a: Kingambit\n|-boost|p1a: Kingambit|atk|2\n|\n|-weather|Snow|[upkeep]\n|-damage|p2a: Leviathan|64\/100 brn|[from] brn\n|upkeep\n|turn|21\n|\n|t:|1697858587\n|move|p2a: Leviathan|Recover|p2a: Leviathan\n|-heal|p2a: Leviathan|100\/100 brn\n|move|p1a: Kingambit|Kowtow Cleave|p2a: Leviathan\n|-damage|p2a: Leviathan|47\/100 brn\n|-damage|p1a: Kingambit|91\/100|[from] item: Life Orb\n|\n|-weather|none\n|-damage|p2a: Leviathan|41\/100 brn|[from] brn\n|upkeep\n|turn|22\n|\n|t:|1697858598\n|move|p2a: Leviathan|Recover|p2a: Leviathan\n|-heal|p2a: Leviathan|91\/100 brn\n|move|p1a: Kingambit|Swords Dance|p1a: Kingambit\n|-boost|p1a: Kingambit|atk|2\n|\n|-damage|p2a: Leviathan|85\/100 brn|[from] brn\n|upkeep\n|turn|23\n|\n|t:|1697858606\n|move|p2a: Leviathan|Haze|p2a: Leviathan\n|-clearallboost\n|move|p1a: Kingambit|Kowtow Cleave|p2a: Leviathan\n|-damage|p2a: Leviathan|54\/100 brn\n|-damage|p1a: Kingambit|81\/100|[from] item: Life Orb\n|\n|-damage|p2a: Leviathan|48\/100 brn|[from] brn\n|upkeep\n|turn|24\n|\n|t:|1697858616\n|move|p2a: Leviathan|Scald|p1a: Kingambit\n|-damage|p1a: Kingambit|51\/100\n|-status|p1a: Kingambit|brn\n|move|p1a: Kingambit|Kowtow Cleave|p2a: Leviathan\n|-damage|p2a: Leviathan|33\/100 brn\n|-damage|p1a: Kingambit|41\/100 brn|[from] item: Life Orb\n|\n|-damage|p2a: Leviathan|27\/100 brn|[from] brn\n|-damage|p1a: Kingambit|35\/100 brn|[from] brn\n|upkeep\n|turn|25\n|l|\u2606shadybap12\n|player|p1|\n|inactive|Battle timer is ON: inactive players will automatically lose when time's up. (requested by Ecco4502)\n|inactive|shadybap12 has 30 seconds to reconnect!\n|inactive|shadybap12 has 20 seconds to reconnect!\n|inactive|shadybap12 has 15 seconds to reconnect!\n|inactive|shadybap12 has 10 seconds to reconnect!\n|inactive|shadybap12 has 5 seconds to reconnect!\n|-message|shadybap12 lost due to inactivity.\n|\n|win|Ecco4502\n|raw|shadybap12's rating: 1080 &rarr; <strong>1059<\/strong><br \/>(-21 for losing)\n|raw|Ecco4502's rating: 1099 &rarr; <strong>1123<\/strong><br \/>(+24 for winning)\n","uploadtime":1697858711,"views":6,"p1id":"shadybap12","p2id":"ecco4502","formatid":"gen9anythinggoes","rating":1059,"private":0,"password":""}