{"id":"gen9anythinggoes-1986381075","p1":"Marju05","p2":"PokeBro LOST","format":"[Gen 9] Anything Goes","log":"|j|\u2606Marju05\n|j|\u2606PokeBro LOST\n|t:|1699474075\n|gametype|singles\n|player|p1|Marju05|101|\n|player|p2|PokeBro LOST|266|\n|teamsize|p1|6\n|teamsize|p2|6\n|gen|9\n|tier|[Gen 9] Anything Goes\n|rule|HP Percentage Mod: HP is shown in percentages\n|rule|Endless Battle Clause: Forcing endless battles is banned\n|clearpoke\n|poke|p1|Toxapex, M|\n|poke|p1|Volcarona, M|\n|poke|p1|Krookodile, M|\n|poke|p1|Gallade, M|\n|poke|p1|Dragapult, M|\n|poke|p1|Espeon, F|\n|poke|p2|Tyranitar, M|\n|poke|p2|Rotom-Wash|\n|poke|p2|Ogerpon-Hearthflame, F|\n|poke|p2|Dusclops, M|\n|poke|p2|Goodra, M|\n|poke|p2|Munkidori, M|\n|teampreview\n|\n|t:|1699474111\n|start\n|switch|p1a: Dont go swim|Toxapex, M, shiny|100\/100\n|switch|p2a: No Excuses|Ogerpon-Hearthflame, F|100\/100\n|-ability|p2a: No Excuses|Mold Breaker\n|turn|1\n|\n|t:|1699474124\n|move|p2a: No Excuses|Swords Dance|p2a: No Excuses\n|-boost|p2a: No Excuses|atk|2\n|move|p1a: Dont go swim|Toxic Spikes|p2a: No Excuses\n|-sidestart|p2: PokeBro LOST|move: Toxic Spikes\n|\n|upkeep\n|turn|2\n|\n|t:|1699474129\n|move|p1a: Dont go swim|Baneful Bunker|p1a: Dont go swim\n|-singleturn|p1a: Dont go swim|move: Protect\n|move|p2a: No Excuses|Trailblaze|p1a: Dont go swim\n|-activate|p1a: Dont go swim|move: Protect\n|-status|p2a: No Excuses|psn\n|\n|-damage|p2a: No Excuses|88\/100 psn|[from] psn\n|upkeep\n|turn|3\n|\n|t:|1699474139\n|move|p2a: No Excuses|Trailblaze|p1a: Dont go swim\n|-damage|p1a: Dont go swim|48\/100\n|-boost|p2a: No Excuses|spe|1\n|-damage|p2a: No Excuses|72\/100 psn|[from] item: Rocky Helmet|[of] p1a: Dont go swim\n|move|p1a: Dont go swim|Toxic Spikes|p2a: No Excuses\n|-sidestart|p2: PokeBro LOST|move: Toxic Spikes\n|\n|-damage|p2a: No Excuses|59\/100 psn|[from] psn\n|upkeep\n|turn|4\n|\n|t:|1699474150\n|move|p1a: Dont go swim|Baneful Bunker|p1a: Dont go swim\n|-singleturn|p1a: Dont go swim|move: Protect\n|move|p2a: No Excuses|Swords Dance|p2a: No Excuses\n|-boost|p2a: No Excuses|atk|2\n|\n|-damage|p2a: No Excuses|47\/100 psn|[from] psn\n|upkeep\n|turn|5\n|\n|t:|1699474161\n|move|p1a: Dont go swim|Baneful Bunker||[still]\n|-fail|p1a: Dont go swim\n|move|p2a: No Excuses|Knock Off|p1a: Dont go swim\n|-damage|p1a: Dont go swim|0 fnt\n|-damage|p2a: No Excuses|30\/100 psn|[from] item: Rocky Helmet|[of] p1a: Dont go swim\n|-enditem|p1a: Dont go swim|Rocky Helmet|[from] move: Knock Off|[of] p2a: No Excuses\n|faint|p1a: Dont go swim\n|\n|-damage|p2a: No Excuses|18\/100 psn|[from] psn\n|upkeep\n|\n|t:|1699474184\n|switch|p1a: Sun of Death|Volcarona, M, shiny|100\/100\n|turn|6\n|\n|t:|1699474249\n|move|p2a: No Excuses|Ivy Cudgel|p1a: Sun of Death\n|-damage|p1a: Sun of Death|0 fnt\n|faint|p1a: Sun of Death\n|\n|-damage|p2a: No Excuses|5\/100 psn|[from] psn\n|upkeep\n|\n|t:|1699474269\n|switch|p1a: Kid Cannon|Dragapult, M, shiny|100\/100\n|turn|7\n|\n|t:|1699474272\n|move|p2a: No Excuses|Knock Off|p1a: Kid Cannon\n|-supereffective|p1a: Kid Cannon\n|-damage|p1a: Kid Cannon|0 fnt\n|-enditem|p1a: Kid Cannon|Life Orb|[from] move: Knock Off|[of] p2a: No Excuses\n|faint|p1a: Kid Cannon\n|\n|-damage|p2a: No Excuses|0 fnt|[from] psn\n|faint|p2a: No Excuses\n|upkeep\n|\n|t:|1699474289\n|switch|p1a: Sandsweeper|Krookodile, M, shiny|100\/100\n|switch|p2a: DontQuit|Munkidori, M|100\/100\n|-sideend|p2: PokeBro LOST|move: Toxic Spikes|[of] p2a: DontQuit\n|-ability|p1a: Sandsweeper|Intimidate|boost\n|-unboost|p2a: DontQuit|atk|1\n|turn|8\n|\n|t:|1699474297\n|move|p2a: DontQuit|Parting Shot|p1a: Sandsweeper\n|-unboost|p1a: Sandsweeper|atk|1\n|-unboost|p1a: Sandsweeper|spa|1\n|\n|t:|1699474303\n|switch|p2a: Dreamchaser|Dusclops, M, shiny|100\/100|[from] Parting Shot\n|-ability|p2a: Dreamchaser|Pressure\n|move|p1a: Sandsweeper|Crunch|p2a: Dreamchaser\n|-supereffective|p2a: Dreamchaser\n|-damage|p2a: Dreamchaser|60\/100\n|-unboost|p2a: Dreamchaser|def|1\n|\n|upkeep\n|turn|9\n|\n|t:|1699474411\n|move|p1a: Sandsweeper|Crunch|p2a: Dreamchaser\n|-supereffective|p2a: Dreamchaser\n|-damage|p2a: Dreamchaser|0 fnt\n|faint|p2a: Dreamchaser\n|\n|upkeep\n|\n|t:|1699474421\n|switch|p2a: DontQuit|Munkidori, M|100\/100\n|turn|10\n|\n|t:|1699474447\n|switch|p1a: Cleopathra|Espeon, F, shiny|100\/100\n|move|p2a: DontQuit|Parting Shot|p1a: Cleopathra\n|-unboost|p1a: Cleopathra|atk|1\n|-unboost|p1a: Cleopathra|spa|1\n|\n|t:|1699474457\n|switch|p2a: NeverGiveUp|Tyranitar, M|100\/100|[from] Parting Shot\n|-weather|Sandstorm|[from] ability: Sand Stream|[of] p2a: NeverGiveUp\n|\n|-weather|Sandstorm|[upkeep]\n|-damage|p1a: Cleopathra|95\/100|[from] Sandstorm\n|upkeep\n|turn|11\n|\n|t:|1699474482\n|move|p1a: Cleopathra|Dazzling Gleam|p2a: NeverGiveUp\n|-supereffective|p2a: NeverGiveUp\n|-damage|p2a: NeverGiveUp|72\/100\n|move|p2a: NeverGiveUp|Knock Off|p1a: Cleopathra\n|-supereffective|p1a: Cleopathra\n|-damage|p1a: Cleopathra|0 fnt\n|-enditem|p1a: Cleopathra|Choice Specs|[from] move: Knock Off|[of] p2a: NeverGiveUp\n|faint|p1a: Cleopathra\n|\n|-weather|Sandstorm|[upkeep]\n|upkeep\n|\n|t:|1699474492\n|switch|p1a: Blue Warrior|Gallade, M, shiny|100\/100\n|turn|12\n|\n|t:|1699474555\n|move|p1a: Blue Warrior|Sacred Sword|p2a: NeverGiveUp\n|-supereffective|p2a: NeverGiveUp\n|-damage|p2a: NeverGiveUp|0 fnt\n|faint|p2a: NeverGiveUp\n|\n|-weather|Sandstorm|[upkeep]\n|-damage|p1a: Blue Warrior|94\/100|[from] Sandstorm\n|upkeep\n|\n|t:|1699474575\n|switch|p2a: DontQuit|Munkidori, M|100\/100\n|turn|13\n|\n|t:|1699474614\n|move|p2a: DontQuit|Parting Shot|p1a: Blue Warrior\n|-unboost|p1a: Blue Warrior|atk|1\n|-unboost|p1a: Blue Warrior|spa|1\n|\n|t:|1699474618\n|switch|p2a: SleepEatWin|Goodra, M|100\/100|[from] Parting Shot\n|move|p1a: Blue Warrior|Leaf Blade|p2a: SleepEatWin\n|-resisted|p2a: SleepEatWin\n|-crit|p2a: SleepEatWin\n|-damage|p2a: SleepEatWin|53\/100\n|-ability|p2a: SleepEatWin|Gooey\n|-unboost|p1a: Blue Warrior|spe|1\n|\n|-weather|Sandstorm|[upkeep]\n|-damage|p2a: SleepEatWin|47\/100|[from] Sandstorm\n|-damage|p1a: Blue Warrior|88\/100|[from] Sandstorm\n|-heal|p2a: SleepEatWin|53\/100|[from] item: Leftovers\n|upkeep\n|turn|14\n|\n|t:|1699474640\n|-terastallize|p2a: SleepEatWin|Fairy\n|-terastallize|p1a: Blue Warrior|Fighting\n|move|p2a: SleepEatWin|Toxic|p1a: Blue Warrior\n|-status|p1a: Blue Warrior|tox\n|move|p1a: Blue Warrior|Sacred Sword|p2a: SleepEatWin\n|-resisted|p2a: SleepEatWin\n|-damage|p2a: SleepEatWin|16\/100\n|-ability|p2a: SleepEatWin|Gooey\n|-unboost|p1a: Blue Warrior|spe|1\n|\n|-weather|none\n|-heal|p2a: SleepEatWin|22\/100|[from] item: Leftovers\n|-damage|p1a: Blue Warrior|82\/100 tox|[from] psn\n|upkeep\n|turn|15\n|\n|t:|1699474686\n|move|p2a: SleepEatWin|Tera Blast|p1a: Blue Warrior|[anim] Tera Blast Fairy\n|-supereffective|p1a: Blue Warrior\n|-damage|p1a: Blue Warrior|0 fnt\n|faint|p1a: Blue Warrior\n|\n|-heal|p2a: SleepEatWin|28\/100|[from] item: Leftovers\n|upkeep\n|\n|t:|1699474692\n|switch|p1a: Sandsweeper|Krookodile, M, shiny|100\/100\n|-ability|p1a: Sandsweeper|Intimidate|boost\n|-unboost|p2a: SleepEatWin|atk|1\n|turn|16\n|\n|t:|1699474699\n|move|p1a: Sandsweeper|Crunch|p2a: SleepEatWin\n|-resisted|p2a: SleepEatWin\n|-damage|p2a: SleepEatWin|0 fnt\n|-ability|p2a: SleepEatWin|Gooey\n|-unboost|p1a: Sandsweeper|spe|1\n|faint|p2a: SleepEatWin\n|\n|upkeep\n|\n|t:|1699474708\n|switch|p2a: Try Hard|Rotom-Wash|100\/100\n|turn|17\n|\n|t:|1699474713\n|move|p2a: Try Hard|Dark Pulse|p1a: Sandsweeper\n|-resisted|p1a: Sandsweeper\n|-damage|p1a: Sandsweeper|87\/100\n|move|p1a: Sandsweeper|Crunch|p2a: Try Hard\n|-damage|p2a: Try Hard|31\/100\n|\n|upkeep\n|turn|18\n|\n|t:|1699474719\n|move|p2a: Try Hard|Hydro Pump|p1a: Sandsweeper\n|-supereffective|p1a: Sandsweeper\n|-damage|p1a: Sandsweeper|0 fnt\n|faint|p1a: Sandsweeper\n|\n|win|PokeBro LOST\n|c|\u2606Marju05|GG\n|c|\u2606PokeBro LOST|gg\n|l|\u2606Marju05\n","uploadtime":1699474751,"views":37,"p1id":"marju05","p2id":"pokebrolost","formatid":"gen9anythinggoes","rating":0,"private":0,"password":""}