{"id":"gen9anythinggoes-1982237470","p1":"geeeeeet","p2":"meliorn666","format":"[Gen 9] Anything Goes","log":"|j|\u2606geeeeeet\n|j|\u2606meliorn666\n|t:|1698982830\n|gametype|singles\n|player|p1|geeeeeet|preschooler|1146\n|player|p2|meliorn666|unknown|1137\n|teamsize|p1|6\n|teamsize|p2|6\n|gen|9\n|tier|[Gen 9] Anything Goes\n|rated|\n|rule|HP Percentage Mod: HP is shown in percentages\n|rule|Endless Battle Clause: Forcing endless battles is banned\n|clearpoke\n|poke|p1|Calyrex-Shadow|\n|poke|p1|Miraidon|\n|poke|p1|Palafin, M|\n|poke|p1|Maushold-Four|\n|poke|p1|Lilligant, F|\n|poke|p1|Kingambit, F|\n|poke|p2|Ceruledge, M|\n|poke|p2|Iron Valiant|\n|poke|p2|Garganacl, M|\n|poke|p2|Basculegion-F, F|\n|poke|p2|Miraidon|\n|poke|p2|Drifblim, M|\n|teampreview\n|\n|t:|1698982837\n|start\n|switch|p1a: Palafin|Palafin, M|100\/100\n|switch|p2a: Emo Boy|Ceruledge, M|100\/100\n|turn|1\n|\n|t:|1698982841\n|detailschange|p1a: Palafin|Palafin-Hero, M\n|switch|p1a: Maushold|Maushold-Four|100\/100\n|-terastallize|p2a: Emo Boy|Fairy\n|move|p2a: Emo Boy|Swords Dance|p2a: Emo Boy\n|-boost|p2a: Emo Boy|atk|2\n|\n|upkeep\n|turn|2\n|\n|t:|1698982851\n|move|p1a: Maushold|Population Bomb|p2a: Emo Boy\n|-damage|p2a: Emo Boy|84\/100\n|-ability|p2a: Emo Boy|Weak Armor|boost\n|-unboost|p2a: Emo Boy|def|1\n|-boost|p2a: Emo Boy|spe|2\n|-damage|p2a: Emo Boy|61\/100\n|-ability|p2a: Emo Boy|Weak Armor|boost\n|-unboost|p2a: Emo Boy|def|1\n|-boost|p2a: Emo Boy|spe|2\n|-damage|p2a: Emo Boy|28\/100\n|-ability|p2a: Emo Boy|Weak Armor|boost\n|-unboost|p2a: Emo Boy|def|1\n|-boost|p2a: Emo Boy|spe|2\n|-damage|p2a: Emo Boy|0 fnt\n|faint|p2a: Emo Boy\n|-hitcount|p2: Emo Boy|4\n|\n|upkeep\n|\n|t:|1698982865\n|switch|p2a: they\/them|Iron Valiant, shiny|100\/100\n|-enditem|p2a: they\/them|Booster Energy\n|-activate|p2a: they\/them|ability: Quark Drive|[fromitem]\n|-start|p2a: they\/them|quarkdrivespe\n|turn|3\n|inactive|Battle timer is ON: inactive players will automatically lose when time's up. (requested by meliorn666)\n|\n|t:|1698982874\n|move|p2a: they\/them|Brick Break|p1a: Maushold\n|-supereffective|p1a: Maushold\n|-enditem|p1a: Maushold|Focus Sash\n|-damage|p1a: Maushold|1\/100\n|move|p1a: Maushold|Population Bomb|p2a: they\/them\n|-damage|p2a: they\/them|87\/100\n|-damage|p2a: they\/them|71\/100\n|-damage|p2a: they\/them|57\/100\n|-damage|p2a: they\/them|42\/100\n|-damage|p2a: they\/them|26\/100\n|-damage|p2a: they\/them|11\/100\n|-hitcount|p2a: they\/them|6\n|\n|upkeep\n|turn|4\n|\n|t:|1698982885\n|move|p2a: they\/them|Brick Break|p1a: Maushold\n|-supereffective|p1a: Maushold\n|-damage|p1a: Maushold|0 fnt\n|faint|p1a: Maushold\n|\n|upkeep\n|\n|t:|1698982889\n|switch|p1a: Palafin|Palafin-Hero, M|100\/100\n|-activate|p1a: Palafin|ability: Zero to Hero\n|turn|5\n|\n|t:|1698982898\n|move|p1a: Palafin|Jet Punch|p2a: they\/them\n|-damage|p2a: they\/them|0 fnt\n|faint|p2a: they\/them\n|-end|p2a: they\/them|Quark Drive|[silent]\n|\n|upkeep\n|\n|t:|1698982902\n|switch|p2a: Tusk Eater|Miraidon|100\/100\n|-fieldstart|move: Electric Terrain|[from] ability: Hadron Engine|[of] p2a: Tusk Eater\n|turn|6\n|\n|t:|1698982910\n|move|p1a: Palafin|Jet Punch|p2a: Tusk Eater\n|-resisted|p2a: Tusk Eater\n|-damage|p2a: Tusk Eater|82\/100\n|move|p2a: Tusk Eater|Agility|p2a: Tusk Eater\n|-boost|p2a: Tusk Eater|spe|2\n|\n|-heal|p2a: Tusk Eater|88\/100|[from] item: Leftovers\n|upkeep\n|turn|7\n|\n|t:|1698982917\n|move|p2a: Tusk Eater|Calm Mind|p2a: Tusk Eater\n|-boost|p2a: Tusk Eater|spa|1\n|-boost|p2a: Tusk Eater|spd|1\n|move|p1a: Palafin|Aqua Tail|p2a: Tusk Eater\n|-resisted|p2a: Tusk Eater\n|-damage|p2a: Tusk Eater|62\/100\n|\n|-heal|p2a: Tusk Eater|68\/100|[from] item: Leftovers\n|upkeep\n|turn|8\n|\n|t:|1698982920\n|move|p2a: Tusk Eater|Calm Mind|p2a: Tusk Eater\n|-boost|p2a: Tusk Eater|spa|1\n|-boost|p2a: Tusk Eater|spd|1\n|move|p1a: Palafin|Aqua Tail|p2a: Tusk Eater|[miss]\n|-miss|p1a: Palafin|p2a: Tusk Eater\n|\n|-heal|p2a: Tusk Eater|74\/100|[from] item: Leftovers\n|upkeep\n|turn|9\n|\n|t:|1698982922\n|move|p1a: Palafin|Jet Punch|p2a: Tusk Eater\n|-resisted|p2a: Tusk Eater\n|-damage|p2a: Tusk Eater|54\/100\n|move|p2a: Tusk Eater|Parabolic Charge|p1a: Palafin\n|-supereffective|p1a: Palafin\n|-damage|p1a: Palafin|0 fnt\n|-heal|p2a: Tusk Eater|97\/100|[from] drain|[of] p1a: Palafin\n|faint|p1a: Palafin\n|\n|-heal|p2a: Tusk Eater|100\/100|[from] item: Leftovers\n|upkeep\n|\n|t:|1698982938\n|switch|p1a: Lilligant|Lilligant, F|100\/100\n|turn|10\n|\n|t:|1698982945\n|move|p2a: Tusk Eater|Parabolic Charge|p1a: Lilligant\n|-resisted|p1a: Lilligant\n|-damage|p1a: Lilligant|0 fnt\n|faint|p1a: Lilligant\n|\n|-fieldend|move: Electric Terrain\n|upkeep\n|\n|t:|1698982957\n|switch|p1a: Calyrex|Calyrex-Shadow|100\/100\n|-ability|p1a: Calyrex|As One\n|-ability|p1a: Calyrex|Unnerve\n|turn|11\n|\n|t:|1698982964\n|move|p2a: Tusk Eater|Parabolic Charge|p1a: Calyrex\n|-damage|p1a: Calyrex|28\/100\n|move|p1a: Calyrex|Astral Barrage|p2a: Tusk Eater\n|-damage|p2a: Tusk Eater|71\/100\n|\n|-heal|p2a: Tusk Eater|78\/100|[from] item: Leftovers\n|upkeep\n|turn|12\n|\n|t:|1698982976\n|move|p2a: Tusk Eater|Parabolic Charge|p1a: Calyrex\n|-damage|p1a: Calyrex|0 fnt\n|-heal|p2a: Tusk Eater|90\/100|[from] drain|[of] p1a: Calyrex\n|faint|p1a: Calyrex\n|\n|-heal|p2a: Tusk Eater|96\/100|[from] item: Leftovers\n|upkeep\n|\n|t:|1698982979\n|switch|p1a: Miraidon|Miraidon|100\/100\n|-fieldstart|move: Electric Terrain|[from] ability: Hadron Engine|[of] p1a: Miraidon\n|-enditem|p1a: Miraidon|Electric Seed\n|-boost|p1a: Miraidon|def|1|[from] item: Electric Seed\n|turn|13\n|\n|t:|1698982987\n|move|p2a: Tusk Eater|Dazzling Gleam|p1a: Miraidon\n|-supereffective|p1a: Miraidon\n|-damage|p1a: Miraidon|0 fnt\n|faint|p1a: Miraidon\n|\n|-heal|p2a: Tusk Eater|100\/100|[from] item: Leftovers\n|upkeep\n|\n|t:|1698982990\n|switch|p1a: Kingambit|Kingambit, F|100\/100\n|-activate|p1a: Kingambit|ability: Supreme Overlord\n|-start|p1a: Kingambit|fallen5|[silent]\n|turn|14\n|\n|t:|1698982996\n|-terastallize|p1a: Kingambit|Dark\n|move|p1a: Kingambit|Sucker Punch|p2a: Tusk Eater\n|-damage|p2a: Tusk Eater|31\/100\n|move|p2a: Tusk Eater|Dazzling Gleam|p1a: Kingambit\n|-supereffective|p1a: Kingambit\n|-damage|p1a: Kingambit|0 fnt\n|faint|p1a: Kingambit\n|-end|p1a: Kingambit|fallen5|[silent]\n|\n|win|meliorn666\n|raw|geeeeeet's rating: 1146 &rarr; <strong>1120<\/strong><br \/>(-26 for losing)\n|raw|meliorn666's rating: 1137 &rarr; <strong>1163<\/strong><br \/>(+26 for winning)\n|c|\u2606meliorn666|gg\n|l|\u2606geeeeeet\n|l|\u2606meliorn666\n|j|\u2606meliorn666\n|player|p2|meliorn666|unknown\n","uploadtime":1698983018,"views":6,"p1id":"geeeeeet","p2id":"meliorn666","formatid":"gen9anythinggoes","rating":1120,"private":0,"password":""}