{"id":"gen9anythinggoes-1996589350","p1":"holling","p2":"GildedSapphire","format":"[Gen 9] Anything Goes","log":"|j|\u2606holling\n|j|\u2606GildedSapphire\n|t:|1700697748\n|gametype|singles\n|player|p1|holling|1|1116\n|player|p2|GildedSapphire|wallace|1158\n|teamsize|p1|6\n|teamsize|p2|6\n|gen|9\n|tier|[Gen 9] Anything Goes\n|rated|\n|rule|HP Percentage Mod: HP is shown in percentages\n|rule|Endless Battle Clause: Forcing endless battles is banned\n|clearpoke\n|poke|p1|Toxapex, M|\n|poke|p1|Flutter Mane|\n|poke|p1|Garchomp, F|\n|poke|p1|Annihilape, M|\n|poke|p1|Skeledirge, F|\n|poke|p1|Bellibolt, F|\n|poke|p2|Gliscor, M|\n|poke|p2|Drifblim, F|\n|poke|p2|Clodsire, F|\n|poke|p2|Toxapex, M|\n|poke|p2|Skeledirge, M|\n|poke|p2|Calyrex-Shadow|\n|teampreview\n|\n|t:|1700697758\n|start\n|switch|p1a: Garchomp|Garchomp, F|100\/100\n|switch|p2a: Clodsire|Clodsire, F, shiny|100\/100\n|turn|1\n|\n|t:|1700697767\n|move|p1a: Garchomp|Sandstorm|p1a: Garchomp\n|-weather|Sandstorm\n|move|p2a: Clodsire|Spikes|p1a: Garchomp\n|-sidestart|p1: holling|Spikes\n|\n|-weather|Sandstorm|[upkeep]\n|upkeep\n|turn|2\n|\n|t:|1700697773\n|switch|p1a: Toxapex|Toxapex, M, shiny|100\/100\n|-damage|p1a: Toxapex|88\/100|[from] Spikes\n|move|p2a: Clodsire|Spikes|p1a: Toxapex\n|-sidestart|p1: holling|Spikes\n|\n|-weather|Sandstorm|[upkeep]\n|-damage|p1a: Toxapex|82\/100|[from] Sandstorm\n|-heal|p1a: Toxapex|88\/100|[from] item: Leftovers\n|upkeep\n|turn|3\n|\n|t:|1700697786\n|move|p1a: Toxapex|Liquidation|p2a: Clodsire\n|-supereffective|p2a: Clodsire\n|-damage|p2a: Clodsire|56\/100\n|move|p2a: Clodsire|Earthquake|p1a: Toxapex\n|-supereffective|p1a: Toxapex\n|-damage|p1a: Toxapex|36\/100\n|\n|-weather|Sandstorm|[upkeep]\n|-damage|p1a: Toxapex|30\/100|[from] Sandstorm\n|-heal|p1a: Toxapex|36\/100|[from] item: Leftovers\n|-heal|p2a: Clodsire|62\/100|[from] item: Leftovers\n|upkeep\n|turn|4\n|\n|t:|1700697799\n|move|p1a: Toxapex|Liquidation|p2a: Clodsire\n|-supereffective|p2a: Clodsire\n|-damage|p2a: Clodsire|21\/100\n|move|p2a: Clodsire|Spikes|p1a: Toxapex\n|-sidestart|p1: holling|Spikes\n|\n|-weather|Sandstorm|[upkeep]\n|-damage|p1a: Toxapex|30\/100|[from] Sandstorm\n|-heal|p1a: Toxapex|36\/100|[from] item: Leftovers\n|-heal|p2a: Clodsire|27\/100|[from] item: Leftovers\n|upkeep\n|turn|5\n|\n|t:|1700697810\n|move|p1a: Toxapex|Toxic Spikes|p2a: Clodsire\n|-sidestart|p2: GildedSapphire|move: Toxic Spikes\n|move|p2a: Clodsire|Recover|p2a: Clodsire\n|-heal|p2a: Clodsire|77\/100\n|\n|-weather|none\n|-heal|p1a: Toxapex|42\/100|[from] item: Leftovers\n|-heal|p2a: Clodsire|83\/100|[from] item: Leftovers\n|upkeep\n|turn|6\n|\n|t:|1700697820\n|move|p1a: Toxapex|Recover|p1a: Toxapex\n|-heal|p1a: Toxapex|92\/100\n|move|p2a: Clodsire|Earthquake|p1a: Toxapex\n|-supereffective|p1a: Toxapex\n|-damage|p1a: Toxapex|38\/100\n|\n|-heal|p1a: Toxapex|44\/100|[from] item: Leftovers\n|-heal|p2a: Clodsire|90\/100|[from] item: Leftovers\n|upkeep\n|turn|7\n|\n|t:|1700697829\n|move|p1a: Toxapex|Toxic Spikes|p2a: Clodsire\n|-sidestart|p2: GildedSapphire|move: Toxic Spikes\n|move|p2a: Clodsire|Earthquake|p1a: Toxapex\n|-supereffective|p1a: Toxapex\n|-damage|p1a: Toxapex|0 fnt\n|faint|p1a: Toxapex\n|\n|-heal|p2a: Clodsire|96\/100|[from] item: Leftovers\n|upkeep\n|\n|t:|1700697839\n|switch|p1a: Garchomp|Garchomp, F|100\/100\n|-damage|p1a: Garchomp|76\/100|[from] Spikes\n|turn|8\n|\n|t:|1700697846\n|move|p1a: Garchomp|Iron Head|p2a: Clodsire\n|-damage|p2a: Clodsire|79\/100\n|cant|p2a: Clodsire|flinch\n|\n|-heal|p2a: Clodsire|85\/100|[from] item: Leftovers\n|upkeep\n|turn|9\n|\n|t:|1700697854\n|move|p1a: Garchomp|Dragon Claw|p2a: Clodsire\n|-damage|p2a: Clodsire|55\/100\n|move|p2a: Clodsire|Toxic|p1a: Garchomp\n|-status|p1a: Garchomp|tox\n|\n|-heal|p2a: Clodsire|61\/100|[from] item: Leftovers\n|-damage|p1a: Garchomp|69\/100 tox|[from] psn\n|upkeep\n|turn|10\n|\n|t:|1700697863\n|move|p1a: Garchomp|Dragon Claw|p2a: Clodsire\n|-damage|p2a: Clodsire|35\/100\n|move|p2a: Clodsire|Recover|p2a: Clodsire\n|-heal|p2a: Clodsire|85\/100\n|\n|-heal|p2a: Clodsire|92\/100|[from] item: Leftovers\n|-damage|p1a: Garchomp|57\/100 tox|[from] psn\n|upkeep\n|turn|11\n|\n|t:|1700697874\n|move|p1a: Garchomp|Earthquake|p2a: Clodsire\n|-supereffective|p2a: Clodsire\n|-damage|p2a: Clodsire|19\/100\n|move|p2a: Clodsire|Earthquake|p1a: Garchomp\n|-damage|p1a: Garchomp|30\/100 tox\n|\n|-heal|p2a: Clodsire|25\/100|[from] item: Leftovers\n|-damage|p1a: Garchomp|12\/100 tox|[from] psn\n|upkeep\n|turn|12\n|\n|t:|1700697884\n|move|p1a: Garchomp|Earthquake|p2a: Clodsire\n|-supereffective|p2a: Clodsire\n|-damage|p2a: Clodsire|0 fnt\n|faint|p2a: Clodsire\n|\n|-damage|p1a: Garchomp|0 fnt|[from] psn\n|faint|p1a: Garchomp\n|upkeep\n|\n|t:|1700697905\n|switch|p1a: Flutter Mane|Flutter Mane|100\/100\n|switch|p2a: Drifblim|Drifblim, F, shiny|100\/100\n|-damage|p1a: Flutter Mane|76\/100|[from] Spikes\n|turn|13\n|\n|t:|1700697915\n|-terastallize|p2a: Drifblim|Ground\n|move|p1a: Flutter Mane|Calm Mind|p1a: Flutter Mane\n|-boost|p1a: Flutter Mane|spa|1\n|-boost|p1a: Flutter Mane|spd|1\n|move|p2a: Drifblim|Defog|p1a: Flutter Mane\n|-unboost|p1a: Flutter Mane|evasion|1\n|-sideend|p1: holling|Spikes|[from] move: Defog|[of] p2a: Drifblim\n|-sideend|p2: GildedSapphire|Toxic Spikes|[from] move: Defog|[of] p2a: Drifblim\n|\n|upkeep\n|turn|14\n|\n|t:|1700697928\n|move|p1a: Flutter Mane|Moonblast|p2a: Drifblim\n|-damage|p2a: Drifblim|54\/100\n|-unboost|p2a: Drifblim|spa|1\n|move|p2a: Drifblim|Clear Smog|p1a: Flutter Mane\n|-damage|p1a: Flutter Mane|72\/100\n|-clearboost|p1a: Flutter Mane\n|\n|-heal|p2a: Drifblim|60\/100|[from] item: Leftovers\n|upkeep\n|turn|15\n|\n|t:|1700697939\n|move|p1a: Flutter Mane|Moonblast|p2a: Drifblim\n|-damage|p2a: Drifblim|25\/100\n|move|p2a: Drifblim|Minimize|p2a: Drifblim\n|-boost|p2a: Drifblim|evasion|2\n|\n|-heal|p2a: Drifblim|31\/100|[from] item: Leftovers\n|upkeep\n|turn|16\n|\n|t:|1700697949\n|move|p1a: Flutter Mane|Moonblast|p2a: Drifblim\n|-damage|p2a: Drifblim|0 fnt\n|faint|p2a: Drifblim\n|\n|upkeep\n|\n|t:|1700697963\n|switch|p2a: Toxapex|Toxapex, M, shiny|100\/100\n|turn|17\n|\n|t:|1700697967\n|move|p2a: Toxapex|Baneful Bunker|p2a: Toxapex\n|-singleturn|p2a: Toxapex|move: Protect\n|move|p1a: Flutter Mane|Calm Mind|p1a: Flutter Mane\n|-boost|p1a: Flutter Mane|spa|1\n|-boost|p1a: Flutter Mane|spd|1\n|\n|upkeep\n|turn|18\n|\n|t:|1700697975\n|move|p1a: Flutter Mane|Calm Mind|p1a: Flutter Mane\n|-boost|p1a: Flutter Mane|spa|1\n|-boost|p1a: Flutter Mane|spd|1\n|move|p2a: Toxapex|Haze|p2a: Toxapex\n|-clearallboost\n|\n|upkeep\n|turn|19\n|\n|t:|1700697983\n|move|p1a: Flutter Mane|Calm Mind|p1a: Flutter Mane\n|-boost|p1a: Flutter Mane|spa|1\n|-boost|p1a: Flutter Mane|spd|1\n|move|p2a: Toxapex|Toxic|p1a: Flutter Mane\n|-status|p1a: Flutter Mane|tox\n|-enditem|p1a: Flutter Mane|Lum Berry|[eat]\n|-curestatus|p1a: Flutter Mane|tox|[msg]\n|\n|upkeep\n|turn|20\n|\n|t:|1700697994\n|move|p1a: Flutter Mane|Dark Pulse|p2a: Toxapex\n|-damage|p2a: Toxapex|71\/100\n|move|p2a: Toxapex|Haze|p2a: Toxapex\n|-clearallboost\n|\n|upkeep\n|turn|21\n|\n|t:|1700698010\n|-end|p1a: Flutter Mane|Protosynthesis|[silent]\n|switch|p1a: Bellibolt|Bellibolt, F|100\/100\n|-item|p1a: Bellibolt|Air Balloon\n|move|p2a: Toxapex|Toxic|p1a: Bellibolt\n|-status|p1a: Bellibolt|tox\n|\n|-damage|p1a: Bellibolt|94\/100 tox|[from] psn\n|upkeep\n|turn|22\n|\n|t:|1700698024\n|switch|p2a: Gliscor|Gliscor, M, shiny|100\/100\n|move|p1a: Bellibolt|Charge Beam|p2a: Gliscor\n|-immune|p2a: Gliscor\n|\n|-damage|p1a: Bellibolt|82\/100 tox|[from] psn\n|-status|p2a: Gliscor|tox|[from] item: Toxic Orb\n|upkeep\n|turn|23\n|\n|t:|1700698043\n|switch|p1a: Flutter Mane|Flutter Mane|72\/100\n|move|p2a: Gliscor|Earthquake|p1a: Flutter Mane\n|-damage|p1a: Flutter Mane|10\/100\n|\n|upkeep\n|turn|24\n|\n|t:|1700698051\n|move|p2a: Gliscor|Protect|p2a: Gliscor\n|-singleturn|p2a: Gliscor|Protect\n|move|p1a: Flutter Mane|Moonblast|p2a: Gliscor\n|-activate|p2a: Gliscor|move: Protect\n|\n|upkeep\n|turn|25\n|\n|t:|1700698057\n|move|p1a: Flutter Mane|Moonblast|p2a: Gliscor\n|-damage|p2a: Gliscor|40\/100 tox\n|move|p2a: Gliscor|Earthquake|p1a: Flutter Mane\n|-damage|p1a: Flutter Mane|0 fnt\n|faint|p1a: Flutter Mane\n|-end|p1a: Flutter Mane|Protosynthesis|[silent]\n|\n|-heal|p2a: Gliscor|53\/100 tox|[from] ability: Poison Heal\n|upkeep\n|\n|t:|1700698066\n|switch|p1a: Annihilape|Annihilape, M|100\/100\n|turn|26\n|\n|t:|1700698085\n|move|p2a: Gliscor|Protect|p2a: Gliscor\n|-singleturn|p2a: Gliscor|Protect\n|move|p1a: Annihilape|Cross Chop|p2a: Gliscor\n|-activate|p2a: Gliscor|move: Protect\n|\n|-heal|p2a: Gliscor|65\/100 tox|[from] ability: Poison Heal\n|upkeep\n|turn|27\n|\n|t:|1700698095\n|move|p1a: Annihilape|Cross Chop|p2a: Gliscor\n|-resisted|p2a: Gliscor\n|-damage|p2a: Gliscor|49\/100 tox\n|move|p2a: Gliscor|Toxic|p1a: Annihilape\n|-status|p1a: Annihilape|tox\n|\n|-damage|p1a: Annihilape|94\/100 tox|[from] psn\n|-heal|p2a: Gliscor|62\/100 tox|[from] ability: Poison Heal\n|upkeep\n|turn|28\n|\n|t:|1700698104\n|move|p2a: Gliscor|Protect|p2a: Gliscor\n|-singleturn|p2a: Gliscor|Protect\n|move|p1a: Annihilape|Brick Break|p2a: Gliscor\n|-activate|p2a: Gliscor|move: Protect\n|\n|-damage|p1a: Annihilape|82\/100 tox|[from] psn\n|-heal|p2a: Gliscor|74\/100 tox|[from] ability: Poison Heal\n|upkeep\n|turn|29\n|\n|t:|1700698114\n|move|p1a: Annihilape|Cross Chop|p2a: Gliscor\n|-resisted|p2a: Gliscor\n|-damage|p2a: Gliscor|58\/100 tox\n|move|p2a: Gliscor|Earthquake|p1a: Annihilape\n|-damage|p1a: Annihilape|49\/100 tox\n|\n|-damage|p1a: Annihilape|31\/100 tox|[from] psn\n|-heal|p2a: Gliscor|71\/100 tox|[from] ability: Poison Heal\n|upkeep\n|turn|30\n|\n|t:|1700698124\n|move|p2a: Gliscor|Protect|p2a: Gliscor\n|-singleturn|p2a: Gliscor|Protect\n|move|p1a: Annihilape|Rage Fist|p2a: Gliscor\n|-activate|p2a: Gliscor|move: Protect\n|\n|-damage|p1a: Annihilape|7\/100 tox|[from] psn\n|-heal|p2a: Gliscor|83\/100 tox|[from] ability: Poison Heal\n|upkeep\n|turn|31\n|\n|t:|1700698134\n|move|p1a: Annihilape|Rage Fist|p2a: Gliscor\n|-damage|p2a: Gliscor|57\/100 tox\n|move|p2a: Gliscor|Spikes|p1a: Annihilape\n|-sidestart|p1: holling|Spikes\n|\n|-damage|p1a: Annihilape|0 fnt|[from] psn\n|faint|p1a: Annihilape\n|-heal|p2a: Gliscor|69\/100 tox|[from] ability: Poison Heal\n|upkeep\n|inactive|Battle timer is ON: inactive players will automatically lose when time's up. (requested by holling)\n|inactive|holling has 120 seconds left.\n|c|\u2606GildedSapphire|Just noticed gliscor\u2019s hp lol nice\n|inactive|holling has 90 seconds left.\n|c|\u2606GildedSapphire|Btw pretty sure you can beat me with skeledirge\n|inactive|holling has 60 seconds left.\n|c|\u2606GildedSapphire|Unless you\u2019re gonna stall :(( that\u2019s no fun for either of us\u2026\n|inactive|holling has 30 seconds left.\n|inactive|holling has 20 seconds left.\n|c|\u2606GildedSapphire|Aw well, ggwp :) \ud83d\udc4d\n|inactive|holling has 15 seconds left.\n|inactive|holling has 10 seconds left.\n|inactive|holling has 5 seconds left.\n|-message|holling lost due to inactivity.\n|\n|win|GildedSapphire\n|raw|holling's rating: 1116 &rarr; <strong>1094<\/strong><br \/>(-22 for losing)\n|raw|GildedSapphire's rating: 1158 &rarr; <strong>1180<\/strong><br \/>(+22 for winning)\n|l|\u2606holling\n|c|\u2606GildedSapphire|Gg\n","uploadtime":1700698301,"views":1,"p1id":"holling","p2id":"gildedsapphire","formatid":"gen9anythinggoes","rating":1094,"private":0,"password":""}