{"id":"gen9anythinggoes-1992566817","p1":"A0TH","p2":"spam2165846","format":"[Gen 9] Anything Goes","log":"|j|\u2606A0TH\n|j|\u2606spam2165846\n|t:|1700207057\n|gametype|singles\n|player|p1|A0TH|hexmaniac-gen6|1481\n|player|p2|spam2165846|dawn|1566\n|teamsize|p1|6\n|teamsize|p2|6\n|gen|9\n|tier|[Gen 9] Anything Goes\n|rated|\n|rule|HP Percentage Mod: HP is shown in percentages\n|rule|Endless Battle Clause: Forcing endless battles is banned\n|clearpoke\n|poke|p1|Calyrex-Shadow|\n|poke|p1|Groudon|\n|poke|p1|Flutter Mane|\n|poke|p1|Koraidon|\n|poke|p1|Giratina|\n|poke|p1|Toxapex, F|\n|poke|p2|Great Tusk|\n|poke|p2|Koraidon|\n|poke|p2|Basculegion, M|\n|poke|p2|Arceus|\n|poke|p2|Calyrex-Shadow|\n|poke|p2|Eternatus|\n|teampreview\n|inactive|Battle timer is ON: inactive players will automatically lose when time's up. (requested by spam2165846)\n|c|\u2606A0TH|finally a decent opponent\n|c|\u2606A0TH|don't let me down\n|inactive|A0TH has 120 seconds left.\n|\n|t:|1700207089\n|start\n|switch|p1a: Koraidon|Koraidon|100\/100\n|switch|p2a: Eternatus|Eternatus|100\/100\n|-weather|SunnyDay|[from] ability: Orichalcum Pulse|[of] p1a: Koraidon\n|-activate|p1a: Koraidon|Orichalcum Pulse|[source]\n|-ability|p2a: Eternatus|Pressure\n|turn|1\n|c|\u2606spam2165846|sup baby g\n|\n|t:|1700207098\n|switch|p1a: Giratina|Giratina|100\/100\n|-ability|p1a: Giratina|Pressure\n|-terastallize|p2a: Eternatus|Fairy\n|move|p2a: Eternatus|Dynamax Cannon|p1a: Giratina\n|-supereffective|p1a: Giratina\n|-damage|p1a: Giratina|49\/100\n|\n|-weather|SunnyDay|[upkeep]\n|-heal|p1a: Giratina|55\/100|[from] item: Leftovers\n|upkeep\n|turn|2\n|\n|t:|1700207109\n|move|p1a: Giratina|Protect|p1a: Giratina\n|-singleturn|p1a: Giratina|Protect\n|move|p2a: Eternatus|Dynamax Cannon|p1a: Giratina\n|-activate|p1a: Giratina|move: Protect\n|\n|-weather|SunnyDay|[upkeep]\n|-heal|p1a: Giratina|61\/100|[from] item: Leftovers\n|upkeep\n|turn|3\n|\n|t:|1700207120\n|-terastallize|p1a: Giratina|Steel\n|move|p2a: Eternatus|Shadow Ball|p1a: Giratina\n|-damage|p1a: Giratina|48\/100\n|-unboost|p1a: Giratina|spd|1\n|move|p1a: Giratina|Shadow Force||[still]\n|-prepare|p1a: Giratina|Shadow Force\n|\n|-weather|SunnyDay|[upkeep]\n|-heal|p1a: Giratina|54\/100|[from] item: Leftovers\n|upkeep\n|turn|4\n|\n|t:|1700207133\n|move|p2a: Eternatus|Shadow Ball|p1a: Giratina|[miss]\n|-miss|p2a: Eternatus|p1a: Giratina\n|move|p1a: Giratina|Shadow Force|p2a: Eternatus|[from]lockedmove\n|-damage|p2a: Eternatus|65\/100\n|\n|-weather|SunnyDay|[upkeep]\n|-heal|p1a: Giratina|60\/100|[from] item: Leftovers\n|upkeep\n|turn|5\n|\n|t:|1700207148\n|move|p1a: Giratina|Protect|p1a: Giratina\n|-singleturn|p1a: Giratina|Protect\n|move|p2a: Eternatus|Flamethrower|p1a: Giratina\n|-activate|p1a: Giratina|move: Protect\n|\n|-weather|none\n|-heal|p1a: Giratina|66\/100|[from] item: Leftovers\n|upkeep\n|turn|6\n|\n|t:|1700207162\n|switch|p1a: Koraidon|Koraidon|100\/100\n|-weather|SunnyDay|[from] ability: Orichalcum Pulse|[of] p1a: Koraidon\n|-activate|p1a: Koraidon|Orichalcum Pulse|[source]\n|move|p2a: Eternatus|Flamethrower|p1a: Koraidon\n|-resisted|p1a: Koraidon\n|-damage|p1a: Koraidon|74\/100\n|\n|-weather|SunnyDay|[upkeep]\n|upkeep\n|turn|7\n|\n|t:|1700207171\n|move|p1a: Koraidon|Flare Blitz|p2a: Eternatus\n|-damage|p2a: Eternatus|0 fnt\n|faint|p2a: Eternatus\n|-damage|p1a: Koraidon|48\/100|[from] Recoil\n|\n|-weather|SunnyDay|[upkeep]\n|upkeep\n|\n|t:|1700207180\n|switch|p2a: Calyrex|Calyrex-Shadow|100\/100\n|-ability|p2a: Calyrex|As One\n|-ability|p2a: Calyrex|Unnerve\n|turn|8\n|\n|t:|1700207188\n|move|p2a: Calyrex|Astral Barrage|p1a: Koraidon\n|-damage|p1a: Koraidon|0 fnt\n|faint|p1a: Koraidon\n|-ability|p2a: Calyrex|Grim Neigh|boost\n|-boost|p2a: Calyrex|spa|1\n|\n|-weather|SunnyDay|[upkeep]\n|upkeep\n|\n|t:|1700207196\n|switch|p1a: Flutter Mane|Flutter Mane|100\/100\n|-activate|p1a: Flutter Mane|ability: Protosynthesis\n|-start|p1a: Flutter Mane|protosynthesisspe\n|turn|9\n|\n|t:|1700207220\n|move|p1a: Flutter Mane|Moonblast|p2a: Calyrex\n|-damage|p2a: Calyrex|53\/100\n|move|p2a: Calyrex|Psychic|p1a: Flutter Mane\n|-damage|p1a: Flutter Mane|41\/100\n|\n|-weather|SunnyDay|[upkeep]\n|upkeep\n|turn|10\n|\n|t:|1700207227\n|move|p1a: Flutter Mane|Shadow Ball|p2a: Calyrex\n|-supereffective|p2a: Calyrex\n|-crit|p2a: Calyrex\n|-damage|p2a: Calyrex|0 fnt\n|faint|p2a: Calyrex\n|\n|-weather|none\n|-end|p1a: Flutter Mane|Protosynthesis\n|upkeep\n|\n|t:|1700207245\n|switch|p2a: Arceus|Arceus|100\/100\n|turn|11\n|\n|t:|1700207260\n|-end|p1a: Flutter Mane|Protosynthesis|[silent]\n|switch|p1a: Giratina|Giratina, tera:Steel|66\/100\n|-ability|p1a: Giratina|Pressure\n|move|p2a: Arceus|Earthquake|p1a: Giratina\n|-supereffective|p1a: Giratina\n|-damage|p1a: Giratina|25\/100\n|\n|-heal|p1a: Giratina|32\/100|[from] item: Leftovers\n|upkeep\n|turn|12\n|\n|t:|1700207270\n|move|p1a: Giratina|Protect|p1a: Giratina\n|-singleturn|p1a: Giratina|Protect\n|move|p2a: Arceus|Earthquake|p1a: Giratina\n|-activate|p1a: Giratina|move: Protect\n|\n|-heal|p1a: Giratina|38\/100|[from] item: Leftovers\n|upkeep\n|turn|13\n|\n|t:|1700207278\n|switch|p1a: Groudon|Groudon|100\/100\n|-weather|SunnyDay|[from] ability: Drought|[of] p1a: Groudon\n|move|p2a: Arceus|Earthquake|p1a: Groudon\n|-damage|p1a: Groudon|84\/100\n|\n|-weather|SunnyDay|[upkeep]\n|-heal|p1a: Groudon|90\/100|[from] item: Leftovers\n|upkeep\n|turn|14\n|\n|t:|1700207288\n|move|p2a: Arceus|Liquidation|p1a: Groudon\n|-supereffective|p1a: Groudon\n|-damage|p1a: Groudon|76\/100\n|move|p1a: Groudon|Will-O-Wisp|p2a: Arceus\n|-status|p2a: Arceus|brn\n|\n|-weather|SunnyDay|[upkeep]\n|-heal|p1a: Groudon|82\/100|[from] item: Leftovers\n|-damage|p2a: Arceus|94\/100 brn|[from] brn\n|upkeep\n|turn|15\n|\n|t:|1700207299\n|switch|p2a: Koraidon|Koraidon|100\/100\n|-activate|p2a: Koraidon|ability: Orichalcum Pulse\n|move|p1a: Groudon|Stealth Rock|p2a: Koraidon\n|-sidestart|p2: spam2165846|move: Stealth Rock\n|\n|-weather|SunnyDay|[upkeep]\n|-heal|p1a: Groudon|88\/100|[from] item: Leftovers\n|upkeep\n|turn|16\n|\n|t:|1700207312\n|move|p2a: Koraidon|Swords Dance|p2a: Koraidon\n|-boost|p2a: Koraidon|atk|2\n|move|p1a: Groudon|Will-O-Wisp|p2a: Koraidon\n|-status|p2a: Koraidon|brn\n|\n|-weather|SunnyDay|[upkeep]\n|-heal|p1a: Groudon|95\/100|[from] item: Leftovers\n|-damage|p2a: Koraidon|94\/100 brn|[from] brn\n|upkeep\n|turn|17\n|\n|t:|1700207330\n|move|p2a: Koraidon|Collision Course|p1a: Groudon\n|-damage|p1a: Groudon|57\/100\n|move|p1a: Groudon|Earthquake|p2a: Koraidon\n|-damage|p2a: Koraidon|48\/100 brn\n|\n|-weather|none\n|-heal|p1a: Groudon|64\/100|[from] item: Leftovers\n|-damage|p2a: Koraidon|42\/100 brn|[from] brn\n|upkeep\n|turn|18\n|\n|t:|1700207341\n|move|p2a: Koraidon|Collision Course|p1a: Groudon\n|-damage|p1a: Groudon|37\/100\n|move|p1a: Groudon|Spikes|p2a: Koraidon\n|-sidestart|p2: spam2165846|Spikes\n|\n|-heal|p1a: Groudon|43\/100|[from] item: Leftovers\n|-damage|p2a: Koraidon|35\/100 brn|[from] brn\n|upkeep\n|turn|19\n|-activate|p2a: Koraidon|item: Quick Claw\n|\n|t:|1700207350\n|switch|p1a: Toxapex|Toxapex, F|100\/100\n|move|p2a: Koraidon|Collision Course|p1a: Toxapex\n|-resisted|p1a: Toxapex\n|-damage|p1a: Toxapex|79\/100\n|\n|-heal|p1a: Toxapex|85\/100|[from] item: Leftovers\n|-damage|p2a: Koraidon|29\/100 brn|[from] brn\n|upkeep\n|turn|20\n|\n|t:|1700207361\n|move|p2a: Koraidon|Swords Dance|p2a: Koraidon\n|-boost|p2a: Koraidon|atk|2\n|move|p1a: Toxapex|Haze|p1a: Toxapex\n|-clearallboost\n|\n|-heal|p1a: Toxapex|92\/100|[from] item: Leftovers\n|-damage|p2a: Koraidon|23\/100 brn|[from] brn\n|upkeep\n|turn|21\n|\n|t:|1700207369\n|move|p2a: Koraidon|Swords Dance|p2a: Koraidon\n|-boost|p2a: Koraidon|atk|2\n|move|p1a: Toxapex|Toxic Spikes|p2a: Koraidon\n|-sidestart|p2: spam2165846|move: Toxic Spikes\n|\n|-heal|p1a: Toxapex|98\/100|[from] item: Leftovers\n|-damage|p2a: Koraidon|17\/100 brn|[from] brn\n|upkeep\n|turn|22\n|-activate|p2a: Koraidon|item: Quick Claw\n|\n|t:|1700207378\n|move|p2a: Koraidon|Dragon Claw|p1a: Toxapex\n|-damage|p1a: Toxapex|67\/100\n|move|p1a: Toxapex|Haze|p1a: Toxapex\n|-clearallboost\n|\n|-heal|p1a: Toxapex|74\/100|[from] item: Leftovers\n|-damage|p2a: Koraidon|11\/100 brn|[from] brn\n|upkeep\n|turn|23\n|\n|t:|1700207391\n|move|p2a: Koraidon|Collision Course|p1a: Toxapex\n|-resisted|p1a: Toxapex\n|-damage|p1a: Toxapex|64\/100\n|move|p1a: Toxapex|Toxic Spikes|p2a: Koraidon\n|-sidestart|p2: spam2165846|move: Toxic Spikes\n|\n|-heal|p1a: Toxapex|70\/100|[from] item: Leftovers\n|-damage|p2a: Koraidon|5\/100 brn|[from] brn\n|upkeep\n|turn|24\n|\n|t:|1700207401\n|move|p2a: Koraidon|Dragon Claw|p1a: Toxapex\n|-damage|p1a: Toxapex|55\/100\n|move|p1a: Toxapex|Recover|p1a: Toxapex\n|-heal|p1a: Toxapex|100\/100\n|\n|-damage|p2a: Koraidon|0 fnt|[from] brn\n|faint|p2a: Koraidon\n|upkeep\n|\n|t:|1700207408\n|switch|p2a: Great Tusk|Great Tusk|100\/100\n|-damage|p2a: Great Tusk|98\/100|[from] Stealth Rock\n|-damage|p2a: Great Tusk|85\/100|[from] Spikes\n|-status|p2a: Great Tusk|tox\n|turn|25\n|\n|t:|1700207416\n|switch|p1a: Flutter Mane|Flutter Mane|41\/100\n|move|p2a: Great Tusk|Rapid Spin|p1a: Flutter Mane\n|-immune|p1a: Flutter Mane\n|\n|-damage|p2a: Great Tusk|79\/100 tox|[from] psn\n|upkeep\n|turn|26\n|\n|t:|1700207429\n|move|p1a: Flutter Mane|Moonblast|p2a: Great Tusk\n|-supereffective|p2a: Great Tusk\n|-damage|p2a: Great Tusk|0 fnt\n|faint|p2a: Great Tusk\n|-end|p2a: Great Tusk|Protosynthesis|[silent]\n|\n|upkeep\n|\n|t:|1700207435\n|switch|p2a: Arceus|Arceus|94\/100 brn\n|-damage|p2a: Arceus|82\/100 brn|[from] Stealth Rock\n|-damage|p2a: Arceus|70\/100 brn|[from] Spikes\n|turn|27\n|\n|t:|1700207440\n|move|p2a: Arceus|Extreme Speed|p1a: Flutter Mane\n|-immune|p1a: Flutter Mane\n|move|p1a: Flutter Mane|Moonblast|p2a: Arceus\n|-damage|p2a: Arceus|50\/100 brn\n|\n|-damage|p2a: Arceus|44\/100 brn|[from] brn\n|upkeep\n|turn|28\n|\n|t:|1700207449\n|-end|p1a: Flutter Mane|Protosynthesis|[silent]\n|switch|p1a: Groudon|Groudon|43\/100\n|-weather|SunnyDay|[from] ability: Drought|[of] p1a: Groudon\n|move|p2a: Arceus|Earthquake|p1a: Groudon\n|-damage|p1a: Groudon|35\/100\n|\n|-weather|SunnyDay|[upkeep]\n|-heal|p1a: Groudon|41\/100|[from] item: Leftovers\n|-damage|p2a: Arceus|38\/100 brn|[from] brn\n|upkeep\n|turn|29\n|\n|t:|1700207459\n|move|p2a: Arceus|Extreme Speed|p1a: Groudon\n|-damage|p1a: Groudon|32\/100\n|move|p1a: Groudon|Spikes|p2a: Arceus\n|-sidestart|p2: spam2165846|Spikes\n|\n|-weather|SunnyDay|[upkeep]\n|-heal|p1a: Groudon|38\/100|[from] item: Leftovers\n|-damage|p2a: Arceus|32\/100 brn|[from] brn\n|upkeep\n|turn|30\n|\n|t:|1700207467\n|move|p2a: Arceus|Liquidation|p1a: Groudon\n|-supereffective|p1a: Groudon\n|-damage|p1a: Groudon|31\/100\n|move|p1a: Groudon|Spikes|p2a: Arceus\n|-sidestart|p2: spam2165846|Spikes\n|\n|-weather|SunnyDay|[upkeep]\n|-heal|p1a: Groudon|37\/100|[from] item: Leftovers\n|-damage|p2a: Arceus|26\/100 brn|[from] brn\n|upkeep\n|turn|31\n|\n|t:|1700207479\n|move|p2a: Arceus|Shadow Claw|p1a: Groudon\n|-damage|p1a: Groudon|31\/100\n|move|p1a: Groudon|Earthquake|p2a: Arceus\n|-damage|p2a: Arceus|0 fnt\n|faint|p2a: Arceus\n|\n|-weather|SunnyDay|[upkeep]\n|-heal|p1a: Groudon|38\/100|[from] item: Leftovers\n|upkeep\n|\n|t:|1700207487\n|switch|p2a: Basculegion|Basculegion, M|100\/100\n|-damage|p2a: Basculegion|88\/100|[from] Stealth Rock\n|-damage|p2a: Basculegion|63\/100|[from] Spikes\n|-status|p2a: Basculegion|tox\n|-ability|p2a: Basculegion|Mold Breaker\n|turn|32\n|\n|t:|1700207495\n|switch|p1a: Toxapex|Toxapex, F|100\/100\n|move|p2a: Basculegion|Last Respects|p1a: Toxapex\n|-damage|p1a: Toxapex|0 fnt\n|faint|p1a: Toxapex\n|\n|-weather|none\n|-damage|p2a: Basculegion|57\/100 tox|[from] psn\n|upkeep\n|\n|t:|1700207505\n|switch|p1a: Giratina|Giratina, tera:Steel|38\/100\n|-ability|p1a: Giratina|Pressure\n|turn|33\n|\n|t:|1700207510\n|move|p1a: Giratina|Protect|p1a: Giratina\n|-singleturn|p1a: Giratina|Protect\n|move|p2a: Basculegion|Last Respects|p1a: Giratina\n|-activate|p1a: Giratina|move: Protect\n|\n|-heal|p1a: Giratina|44\/100|[from] item: Leftovers\n|-damage|p2a: Basculegion|45\/100 tox|[from] psn\n|upkeep\n|turn|34\n|\n|t:|1700207519\n|switch|p1a: Groudon|Groudon|38\/100\n|-weather|SunnyDay|[from] ability: Drought|[of] p1a: Groudon\n|move|p2a: Basculegion|Last Respects|p1a: Groudon\n|-damage|p1a: Groudon|0 fnt\n|faint|p1a: Groudon\n|\n|-weather|SunnyDay|[upkeep]\n|-damage|p2a: Basculegion|27\/100 tox|[from] psn\n|upkeep\n|\n|t:|1700207530\n|switch|p1a: Flutter Mane|Flutter Mane|41\/100\n|-activate|p1a: Flutter Mane|ability: Protosynthesis\n|-start|p1a: Flutter Mane|protosynthesisspe\n|turn|35\n|\n|t:|1700207545\n|move|p2a: Basculegion|Aqua Jet|p1a: Flutter Mane\n|-damage|p1a: Flutter Mane|20\/100\n|move|p1a: Flutter Mane|Shadow Ball|p2a: Basculegion\n|-supereffective|p2a: Basculegion\n|-damage|p2a: Basculegion|0 fnt\n|faint|p2a: Basculegion\n|\n|win|A0TH\n|raw|A0TH's rating: 1481 &rarr; <strong>1506<\/strong><br \/>(+25 for winning)\n|raw|spam2165846's rating: 1566 &rarr; <strong>1541<\/strong><br \/>(-25 for losing)\n|c|\u2606A0TH|gg\n|l|\u2606spam2165846\n","uploadtime":1700207587,"views":9,"p1id":"a0th","p2id":"spam2165846","formatid":"gen9anythinggoes","rating":1506,"private":0,"password":""}