{"id":"gen9anythinggoes-1991400083","p1":"k1ng0r","p2":"Carnobar","format":"[Gen 9] Anything Goes","log":"|j|\u2606k1ng0r\n|j|\u2606Carnobar\n|t:|1700073909\n|gametype|singles\n|player|p1|k1ng0r|170|\n|player|p2|Carnobar|101|\n|teamsize|p1|6\n|teamsize|p2|6\n|gen|9\n|tier|[Gen 9] Anything Goes\n|rule|HP Percentage Mod: HP is shown in percentages\n|rule|Endless Battle Clause: Forcing endless battles is banned\n|clearpoke\n|poke|p1|Glastrier|\n|poke|p1|Klefki, F|\n|poke|p1|Dipplin, M|\n|poke|p1|Spectrier|\n|poke|p1|Rabsca, F|\n|poke|p1|Komala, M|\n|poke|p2|Orthworm, M|\n|poke|p2|Arcanine-Hisui, M|\n|poke|p2|Yanmega, F|\n|poke|p2|Coalossal, M|\n|poke|p2|Ogerpon-Wellspring, F|\n|poke|p2|Cetitan, M|\n|teampreview\n|c|\u2606Carnobar|gl and hf\n|c|\u2606k1ng0r|Viel spass\n|\n|t:|1700073961\n|start\n|switch|p1a: Klefki|Klefki, F|100\/100\n|switch|p2a: Levi Ackerma|Coalossal, M, shiny|100\/100\n|turn|1\n|\n|t:|1700073999\n|move|p1a: Klefki|Thunder Wave|p2a: Levi Ackerma\n|-status|p2a: Levi Ackerma|par\n|cant|p2a: Levi Ackerma|par\n|\n|upkeep\n|turn|2\n|\n|t:|1700074013\n|switch|p1a: Komala|Komala, M|100\/100\n|-ability|p1a: Komala|Comatose\n|move|p2a: Levi Ackerma|Power Gem|p1a: Komala\n|-damage|p1a: Komala|77\/100\n|\n|upkeep\n|turn|3\n|\n|t:|1700074031\n|move|p1a: Komala|Knock Off|p2a: Levi Ackerma\n|-damage|p2a: Levi Ackerma|81\/100 par\n|-enditem|p2a: Levi Ackerma|Heavy-Duty Boots|[from] move: Knock Off|[of] p1a: Komala\n|cant|p2a: Levi Ackerma|par\n|\n|upkeep\n|turn|4\n|\n|t:|1700074046\n|move|p1a: Komala|Wish|p1a: Komala\n|cant|p2a: Levi Ackerma|par\n|\n|upkeep\n|turn|5\n|\n|t:|1700074074\n|switch|p1a: Spectrier|Spectrier|100\/100\n|switch|p2a: Reiner Braun|Arcanine-Hisui, M|100\/100\n|\n|upkeep\n|turn|6\n|l|\u2606k1ng0r\n|player|p1|\n|j|\u2606k1ng0r\n|player|p1|k1ng0r|170\n|\n|t:|1700074112\n|move|p2a: Reiner Braun|Stone Edge|p1a: Spectrier\n|-damage|p1a: Spectrier|32\/100\n|move|p1a: Spectrier|Substitute|p1a: Spectrier\n|-start|p1a: Spectrier|Substitute\n|-damage|p1a: Spectrier|7\/100\n|\n|-heal|p1a: Spectrier|13\/100|[from] item: Leftovers\n|upkeep\n|turn|7\n|\n|t:|1700074164\n|move|p2a: Reiner Braun|Stone Edge|p1a: Spectrier|[miss]\n|-miss|p2a: Reiner Braun|p1a: Spectrier\n|move|p1a: Spectrier|Shadow Ball|p2a: Reiner Braun\n|-damage|p2a: Reiner Braun|44\/100\n|\n|-heal|p1a: Spectrier|19\/100|[from] item: Leftovers\n|upkeep\n|turn|8\n|\n|t:|1700074177\n|move|p2a: Reiner Braun|Stone Edge|p1a: Spectrier|[miss]\n|-miss|p2a: Reiner Braun|p1a: Spectrier\n|move|p1a: Spectrier|Shadow Ball|p2a: Reiner Braun\n|-damage|p2a: Reiner Braun|0 fnt\n|faint|p2a: Reiner Braun\n|-ability|p1a: Spectrier|Grim Neigh|boost\n|-boost|p1a: Spectrier|spa|1\n|\n|-heal|p1a: Spectrier|25\/100|[from] item: Leftovers\n|upkeep\n|\n|t:|1700074201\n|switch|p2a: Armin Alert|Orthworm, M, shiny|100\/100\n|turn|9\n|\n|t:|1700074214\n|move|p1a: Spectrier|Shadow Ball|p2a: Armin Alert\n|-crit|p2a: Armin Alert\n|-damage|p2a: Armin Alert|0 fnt\n|faint|p2a: Armin Alert\n|-ability|p1a: Spectrier|Grim Neigh|boost\n|-boost|p1a: Spectrier|spa|1\n|\n|-heal|p1a: Spectrier|32\/100|[from] item: Leftovers\n|upkeep\n|\n|t:|1700074249\n|switch|p2a: Levi Ackerma|Coalossal, M, shiny|81\/100 par\n|turn|10\n|c|\u2606k1ng0r|Hax....\n|\n|t:|1700074272\n|move|p1a: Spectrier|Shadow Ball|p2a: Levi Ackerma\n|-damage|p2a: Levi Ackerma|3\/100 par\n|move|p2a: Levi Ackerma|Stealth Rock|p1a: Spectrier\n|-sidestart|p1: k1ng0r|move: Stealth Rock\n|\n|-heal|p1a: Spectrier|38\/100|[from] item: Leftovers\n|upkeep\n|turn|11\n|\n|t:|1700074296\n|move|p1a: Spectrier|Shadow Ball|p2a: Levi Ackerma\n|-damage|p2a: Levi Ackerma|0 fnt\n|faint|p2a: Levi Ackerma\n|-ability|p1a: Spectrier|Grim Neigh|boost\n|-boost|p1a: Spectrier|spa|1\n|\n|-heal|p1a: Spectrier|44\/100|[from] item: Leftovers\n|upkeep\n|\n|t:|1700074326\n|switch|p2a: Mikasa Acker|Yanmega, F, shiny|100\/100\n|turn|12\n|\n|t:|1700074335\n|move|p1a: Spectrier|Shadow Ball|p2a: Mikasa Acker\n|-damage|p2a: Mikasa Acker|0 fnt\n|faint|p2a: Mikasa Acker\n|-ability|p1a: Spectrier|Grim Neigh|boost\n|-boost|p1a: Spectrier|spa|1\n|\n|-heal|p1a: Spectrier|50\/100|[from] item: Leftovers\n|upkeep\n|\n|t:|1700074348\n|switch|p2a: Hanji Zoe|Ogerpon-Wellspring, F|100\/100\n|turn|13\n|\n|t:|1700074352\n|move|p1a: Spectrier|Shadow Ball|p2a: Hanji Zoe\n|-damage|p2a: Hanji Zoe|0 fnt\n|faint|p2a: Hanji Zoe\n|-ability|p1a: Spectrier|Grim Neigh|boost\n|-boost|p1a: Spectrier|spa|1\n|\n|-heal|p1a: Spectrier|56\/100|[from] item: Leftovers\n|upkeep\n|\n|t:|1700074359\n|switch|p2a: Eren J\u00e4ger|Cetitan, M, shiny|100\/100\n|turn|14\n|\n|t:|1700074365\n|move|p1a: Spectrier|Shadow Ball|p2a: Eren J\u00e4ger\n|-damage|p2a: Eren J\u00e4ger|0 fnt\n|faint|p2a: Eren J\u00e4ger\n|\n|win|k1ng0r\n|c|\u2606Carnobar|post du\n|c|\u2606k1ng0r|Gg\n|c|\u2606k1ng0r|Ja\n|c|\u2606Carnobar|gg\n","uploadtime":1700074388,"views":35,"p1id":"k1ng0r","p2id":"carnobar","formatid":"gen9anythinggoes","rating":0,"private":0,"password":""}