{"id":"gen9anythinggoes-1995036633","p1":"ToccoPoke","p2":"ghjhhhhh","format":"[Gen 9] Anything Goes","log":"|j|\u2606ToccoPoke\n|j|\u2606ghjhhhhh\n|t:|1700515763\n|gametype|singles\n|player|p1|ToccoPoke|ingo|1110\n|player|p2|ghjhhhhh|red|1047\n|teamsize|p1|6\n|teamsize|p2|6\n|gen|9\n|tier|[Gen 9] Anything Goes\n|rated|\n|rule|HP Percentage Mod: HP is shown in percentages\n|rule|Endless Battle Clause: Forcing endless battles is banned\n|clearpoke\n|poke|p1|Mewtwo|\n|poke|p1|Lucario, M|\n|poke|p1|Cloyster, M|\n|poke|p1|Zapdos|\n|poke|p1|Gengar, F|\n|poke|p1|Clefable, F|\n|poke|p2|Charizard, F|\n|poke|p2|Cinderace, M|\n|poke|p2|Ceruledge, M|\n|poke|p2|Torkoal, M|\n|poke|p2|Rotom-Heat|\n|poke|p2|Volcarona, M|\n|teampreview\n|\n|t:|1700515768\n|start\n|switch|p1a: Clefable|Clefable, F|100\/100\n|switch|p2a: Charizard|Charizard, F|100\/100\n|turn|1\n|\n|t:|1700515779\n|move|p2a: Charizard|Blast Burn|p1a: Clefable\n|-damage|p1a: Clefable|20\/100\n|-mustrecharge|p2a: Charizard\n|move|p1a: Clefable|Reflect|p1a: Clefable\n|-sidestart|p1: ToccoPoke|Reflect\n|\n|upkeep\n|turn|2\n|\n|t:|1700515788\n|cant|p2a: Charizard|recharge\n|move|p1a: Clefable|Wish|p1a: Clefable\n|\n|upkeep\n|turn|3\n|\n|t:|1700515798\n|switch|p2a: Torkoal|Torkoal, M|100\/100\n|-weather|SunnyDay|[from] ability: Drought|[of] p2a: Torkoal\n|move|p1a: Clefable|Light Screen|p1a: Clefable\n|-sidestart|p1: ToccoPoke|move: Light Screen\n|\n|-weather|SunnyDay|[upkeep]\n|-heal|p1a: Clefable|70\/100|[from] move: Wish|[wisher] Clefable\n|upkeep\n|turn|4\n|\n|t:|1700515808\n|move|p1a: Clefable|Baton Pass|p1a: Clefable\n|\n|t:|1700515811\n|switch|p1a: Zapdos|Zapdos|100\/100|[from] Baton Pass\n|-ability|p1a: Zapdos|Pressure\n|move|p2a: Torkoal|Stealth Rock|p1a: Zapdos\n|-sidestart|p1: ToccoPoke|move: Stealth Rock\n|\n|-weather|SunnyDay|[upkeep]\n|upkeep\n|turn|5\n|\n|t:|1700515821\n|move|p2a: Torkoal|Protect|p2a: Torkoal\n|-singleturn|p2a: Torkoal|Protect\n|move|p1a: Zapdos|Rain Dance|p1a: Zapdos\n|-weather|RainDance\n|\n|-weather|RainDance|[upkeep]\n|upkeep\n|turn|6\n|\n|t:|1700515832\n|move|p1a: Zapdos|Tailwind|p1a: Zapdos\n|-sidestart|p1: ToccoPoke|move: Tailwind\n|move|p2a: Torkoal|Yawn|p1a: Zapdos\n|-start|p1a: Zapdos|move: Yawn|[of] p2a: Torkoal\n|\n|-weather|RainDance|[upkeep]\n|upkeep\n|turn|7\n|\n|t:|1700515840\n|move|p2a: Torkoal|Protect|p2a: Torkoal\n|-singleturn|p2a: Torkoal|Protect\n|move|p1a: Zapdos|Baton Pass|p1a: Zapdos\n|\n|t:|1700515845\n|switch|p1a: Cloyster|Cloyster, M, shiny|100\/100|[from] Baton Pass\n|-damage|p1a: Cloyster|76\/100|[from] Stealth Rock\n|\n|-weather|RainDance|[upkeep]\n|upkeep\n|turn|8\n|\n|t:|1700515855\n|move|p1a: Cloyster|Shell Smash|p1a: Cloyster\n|-unboost|p1a: Cloyster|def|1\n|-unboost|p1a: Cloyster|spd|1\n|-boost|p1a: Cloyster|atk|2\n|-boost|p1a: Cloyster|spa|2\n|-boost|p1a: Cloyster|spe|2\n|move|p2a: Torkoal|Yawn|p1a: Cloyster\n|-start|p1a: Cloyster|move: Yawn|[of] p2a: Torkoal\n|\n|-weather|RainDance|[upkeep]\n|-sideend|p1: ToccoPoke|Reflect\n|upkeep\n|turn|9\n|\n|t:|1700515865\n|move|p2a: Torkoal|Protect|p2a: Torkoal\n|-singleturn|p2a: Torkoal|Protect\n|move|p1a: Cloyster|Rock Blast|p2a: Torkoal\n|-activate|p2a: Torkoal|move: Protect\n|\n|-weather|none\n|-end|p1a: Cloyster|move: Yawn|[silent]\n|-status|p1a: Cloyster|slp\n|-sideend|p1: ToccoPoke|move: Tailwind\n|upkeep\n|turn|10\n|\n|t:|1700515878\n|switch|p1a: Clefable|Clefable, F|70\/100\n|switch|p2a: Rotom|Rotom-Heat|100\/100\n|\n|-sideend|p1: ToccoPoke|move: Light Screen\n|upkeep\n|turn|11\n|inactive|Battle timer is ON: inactive players will automatically lose when time's up. (requested by ghjhhhhh)\n|\n|t:|1700515886\n|move|p1a: Clefable|Reflect|p1a: Clefable\n|-sidestart|p1: ToccoPoke|Reflect\n|move|p2a: Rotom|Thunderbolt|p1a: Clefable\n|-damage|p1a: Clefable|31\/100\n|\n|upkeep\n|turn|12\n|\n|t:|1700515891\n|move|p1a: Clefable|Light Screen|p1a: Clefable\n|-sidestart|p1: ToccoPoke|move: Light Screen\n|move|p2a: Rotom|Thunderbolt|p1a: Clefable\n|-damage|p1a: Clefable|13\/100\n|\n|upkeep\n|turn|13\n|\n|t:|1700515898\n|move|p1a: Clefable|Baton Pass|p1a: Clefable\n|\n|t:|1700515906\n|switch|p1a: Lucario|Lucario, M, shiny|100\/100|[from] Baton Pass\n|-damage|p1a: Lucario|98\/100|[from] Stealth Rock\n|move|p2a: Rotom|Thunderbolt|p1a: Lucario\n|-damage|p1a: Lucario|68\/100\n|\n|upkeep\n|turn|14\n|\n|t:|1700515917\n|move|p1a: Lucario|Agility|p1a: Lucario\n|-boost|p1a: Lucario|spe|2\n|move|p2a: Rotom|Reflect|p2a: Rotom\n|-sidestart|p2: ghjhhhhh|Reflect\n|\n|upkeep\n|turn|15\n|\n|t:|1700515923\n|move|p1a: Lucario|Bulk Up|p1a: Lucario\n|-boost|p1a: Lucario|atk|1\n|-boost|p1a: Lucario|def|1\n|move|p2a: Rotom|Light Screen|p2a: Rotom\n|-sidestart|p2: ghjhhhhh|move: Light Screen\n|\n|upkeep\n|turn|16\n|\n|t:|1700515929\n|move|p1a: Lucario|Bulk Up|p1a: Lucario\n|-boost|p1a: Lucario|atk|1\n|-boost|p1a: Lucario|def|1\n|move|p2a: Rotom|Thunderbolt|p1a: Lucario\n|-damage|p1a: Lucario|35\/100\n|\n|upkeep\n|turn|17\n|\n|t:|1700515938\n|move|p1a: Lucario|Meteor Mash|p2a: Rotom\n|-resisted|p2a: Rotom\n|-damage|p2a: Rotom|90\/100\n|move|p2a: Rotom|Thunderbolt|p1a: Lucario\n|-damage|p1a: Lucario|1\/100\n|-enditem|p1a: Lucario|Salac Berry|[eat]\n|-boost|p1a: Lucario|spe|1|[from] item: Salac Berry\n|\n|upkeep\n|turn|18\n|\n|t:|1700515949\n|move|p1a: Lucario|Drain Punch|p2a: Rotom\n|-damage|p2a: Rotom|54\/100\n|-heal|p1a: Lucario|20\/100|[from] drain|[of] p2a: Rotom\n|move|p2a: Rotom|Shock Wave|p1a: Lucario\n|-damage|p1a: Lucario|0 fnt\n|faint|p1a: Lucario\n|\n|-sideend|p1: ToccoPoke|Reflect\n|upkeep\n|\n|t:|1700515966\n|switch|p1a: Gengar|Gengar, F|100\/100\n|-damage|p1a: Gengar|88\/100|[from] Stealth Rock\n|turn|19\n|\n|t:|1700515974\n|move|p1a: Gengar|Metronome|p1a: Gengar\n|move|p1a: Gengar|Minimize|p1a: Gengar|[from]move: Metronome\n|-boost|p1a: Gengar|evasion|2\n|move|p2a: Rotom|Thunderbolt|p1a: Gengar|[miss]\n|-miss|p2a: Rotom|p1a: Gengar\n|\n|-sideend|p1: ToccoPoke|move: Light Screen\n|upkeep\n|turn|20\n|\n|t:|1700515985\n|move|p1a: Gengar|Metronome|p1a: Gengar\n|move|p1a: Gengar|Yawn|p2a: Rotom|[from]move: Metronome\n|-start|p2a: Rotom|move: Yawn|[of] p1a: Gengar\n|move|p2a: Rotom|Shock Wave|p1a: Gengar\n|-damage|p1a: Gengar|44\/100\n|\n|upkeep\n|turn|21\n|\n|t:|1700516005\n|switch|p2a: Charizard|Charizard, F|100\/100\n|move|p1a: Gengar|Metronome|p1a: Gengar\n|move|p1a: Gengar|Spikes|p2a: Charizard|[from]move: Metronome\n|-sidestart|p2: ghjhhhhh|Spikes\n|\n|-sideend|p2: ghjhhhhh|Reflect\n|upkeep\n|turn|22\n|\n|t:|1700516015\n|move|p1a: Gengar|Metronome|p1a: Gengar\n|move|p1a: Gengar|Synthesis|p1a: Gengar|[from]move: Metronome\n|-heal|p1a: Gengar|94\/100\n|move|p2a: Charizard|Roar|p1a: Gengar\n|drag|p1a: Cloyster|Cloyster, M, shiny|76\/100 slp\n|-damage|p1a: Cloyster|51\/100 slp|[from] Stealth Rock\n|\n|-sideend|p2: ghjhhhhh|move: Light Screen\n|upkeep\n|turn|23\n|\n|t:|1700516031\n|move|p2a: Charizard|Blast Burn|p1a: Cloyster\n|-damage|p1a: Cloyster|0 fnt\n|-mustrecharge|p2a: Charizard\n|faint|p1a: Cloyster\n|\n|upkeep\n|\n|t:|1700516037\n|switch|p1a: Gengar|Gengar, F|94\/100\n|-damage|p1a: Gengar|81\/100|[from] Stealth Rock\n|turn|24\n|\n|t:|1700516043\n|cant|p2a: Charizard|recharge\n|move|p1a: Gengar|Metronome|p1a: Gengar\n|move|p1a: Gengar|Solar Blade||[from]move: Metronome|[still]\n|-prepare|p1a: Gengar|Solar Blade\n|\n|upkeep\n|turn|25\n|\n|t:|1700516057\n|move|p2a: Charizard|Blast Burn|p1a: Gengar|[miss]\n|-miss|p2a: Charizard|p1a: Gengar\n|move|p1a: Gengar|Solar Blade|p2a: Charizard|[from]lockedmove\n|-resisted|p2a: Charizard\n|-damage|p2a: Charizard|94\/100\n|\n|upkeep\n|turn|26\n|\n|t:|1700516066\n|move|p2a: Charizard|Blast Burn|p1a: Gengar\n|-damage|p1a: Gengar|0 fnt\n|-mustrecharge|p2a: Charizard\n|faint|p1a: Gengar\n|\n|upkeep\n|\n|t:|1700516073\n|switch|p1a: Zapdos|Zapdos|100\/100\n|-damage|p1a: Zapdos|76\/100|[from] Stealth Rock\n|-ability|p1a: Zapdos|Pressure\n|turn|27\n|\n|t:|1700516080\n|cant|p2a: Charizard|recharge\n|move|p1a: Zapdos|Discharge|p2a: Charizard\n|-supereffective|p2a: Charizard\n|-damage|p2a: Charizard|0 fnt\n|faint|p2a: Charizard\n|\n|-heal|p1a: Zapdos|82\/100|[from] item: Leftovers\n|upkeep\n|\n|t:|1700516086\n|switch|p2a: Rotom|Rotom-Heat|54\/100\n|turn|28\n|\n|t:|1700516100\n|-terastallize|p1a: Zapdos|Electric\n|move|p1a: Zapdos|Discharge|p2a: Rotom\n|-resisted|p2a: Rotom\n|-damage|p2a: Rotom|28\/100\n|move|p2a: Rotom|Light Screen|p2a: Rotom\n|-sidestart|p2: ghjhhhhh|move: Light Screen\n|\n|-heal|p1a: Zapdos|88\/100|[from] item: Leftovers\n|upkeep\n|turn|29\n|\n|t:|1700516109\n|move|p1a: Zapdos|Discharge|p2a: Rotom\n|-resisted|p2a: Rotom\n|-damage|p2a: Rotom|15\/100\n|move|p2a: Rotom|Reflect|p2a: Rotom\n|-sidestart|p2: ghjhhhhh|Reflect\n|\n|-heal|p1a: Zapdos|94\/100|[from] item: Leftovers\n|upkeep\n|turn|30\n|\n|t:|1700516118\n|move|p1a: Zapdos|Discharge|p2a: Rotom\n|-resisted|p2a: Rotom\n|-damage|p2a: Rotom|1\/100\n|move|p2a: Rotom|Thunderbolt|p1a: Zapdos\n|-resisted|p1a: Zapdos\n|-damage|p1a: Zapdos|69\/100\n|\n|-heal|p1a: Zapdos|75\/100|[from] item: Leftovers\n|upkeep\n|turn|31\n|\n|t:|1700516127\n|move|p1a: Zapdos|Discharge|p2a: Rotom\n|-resisted|p2a: Rotom\n|-damage|p2a: Rotom|0 fnt\n|faint|p2a: Rotom\n|\n|-heal|p1a: Zapdos|81\/100|[from] item: Leftovers\n|upkeep\n|\n|t:|1700516140\n|switch|p2a: Ceruledge|Ceruledge, M|100\/100\n|-damage|p2a: Ceruledge|88\/100|[from] Spikes\n|turn|32\n|\n|t:|1700516147\n|move|p1a: Zapdos|Discharge|p2a: Ceruledge\n|-damage|p2a: Ceruledge|56\/100\n|-status|p2a: Ceruledge|par\n|cant|p2a: Ceruledge|par\n|\n|-heal|p1a: Zapdos|87\/100|[from] item: Leftovers\n|upkeep\n|turn|33\n|\n|t:|1700516157\n|move|p1a: Zapdos|Tailwind|p1a: Zapdos\n|-sidestart|p1: ToccoPoke|move: Tailwind\n|move|p2a: Ceruledge|Bitter Blade|p1a: Zapdos\n|-damage|p1a: Zapdos|26\/100\n|-heal|p2a: Ceruledge|90\/100 par|[from] drain|[of] p1a: Zapdos\n|\n|-heal|p1a: Zapdos|32\/100|[from] item: Leftovers\n|upkeep\n|turn|34\n|\n|t:|1700516169\n|move|p1a: Zapdos|Discharge|p2a: Ceruledge\n|-damage|p2a: Ceruledge|56\/100 par\n|move|p2a: Ceruledge|Bitter Blade|p1a: Zapdos\n|-damage|p1a: Zapdos|0 fnt\n|-heal|p2a: Ceruledge|74\/100 par|[from] drain|[of] p1a: Zapdos\n|faint|p1a: Zapdos\n|\n|upkeep\n|\n|t:|1700516181\n|switch|p1a: Mewtwo|Mewtwo, shiny|100\/100\n|-damage|p1a: Mewtwo|88\/100|[from] Stealth Rock\n|-ability|p1a: Mewtwo|Pressure\n|turn|35\n|\n|t:|1700516193\n|move|p2a: Ceruledge|Shadow Sneak|p1a: Mewtwo\n|-supereffective|p1a: Mewtwo\n|-damage|p1a: Mewtwo|45\/100\n|move|p1a: Mewtwo|Thunder|p2a: Ceruledge|[miss]\n|-miss|p1a: Mewtwo|p2a: Ceruledge\n|\n|-sideend|p2: ghjhhhhh|move: Light Screen\n|upkeep\n|turn|36\n|\n|t:|1700516206\n|move|p2a: Ceruledge|Shadow Sneak|p1a: Mewtwo\n|-supereffective|p1a: Mewtwo\n|-damage|p1a: Mewtwo|0 fnt\n|faint|p1a: Mewtwo\n|\n|-sideend|p2: ghjhhhhh|Reflect\n|-sideend|p1: ToccoPoke|move: Tailwind\n|upkeep\n|-message|ToccoPoke forfeited.\n|\n|win|ghjhhhhh\n|raw|ToccoPoke's rating: 1110 &rarr; <strong>1081<\/strong><br \/>(-29 for losing)\n|raw|ghjhhhhh's rating: 1047 &rarr; <strong>1086<\/strong><br \/>(+39 for winning)\n|l|\u2606ToccoPoke\n","uploadtime":1700516220,"views":0,"p1id":"toccopoke","p2id":"ghjhhhhh","formatid":"gen9anythinggoes","rating":1081,"private":0,"password":""}