{"id":"gen9anythinggoes-1992089762","p1":"I_own_chickens","p2":"NtroPi","format":"[Gen 9] Anything Goes","log":"|j|\u2606I_own_chickens\n|j|\u2606NtroPi\n|t:|1700154209\n|gametype|singles\n|player|p1|I_own_chickens|ninjaboy|1009\n|player|p2|NtroPi|iris-gen5bw2|1048\n|teamsize|p1|6\n|teamsize|p2|6\n|gen|9\n|tier|[Gen 9] Anything Goes\n|rated|\n|rule|HP Percentage Mod: HP is shown in percentages\n|rule|Endless Battle Clause: Forcing endless battles is banned\n|clearpoke\n|poke|p1|Infernape, M|\n|poke|p1|Gliscor, M|\n|poke|p1|Baxcalibur, M|\n|poke|p1|Palafin, F|\n|poke|p1|Flutter Mane|\n|poke|p1|Kingambit, M|\n|poke|p2|Glaceon, F|\n|poke|p2|Orthworm, M|\n|poke|p2|Espathra, M|\n|poke|p2|Dudunsparce-*, M|\n|poke|p2|Drifblim, M|\n|poke|p2|Houndstone, M|\n|teampreview\n|inactive|Battle timer is ON: inactive players will automatically lose when time's up. (requested by NtroPi)\n|\n|t:|1700154222\n|start\n|switch|p1a: Palafin|Palafin, F|100\/100\n|switch|p2a: Orthworm|Orthworm, M, shiny|100\/100\n|turn|1\n|\n|t:|1700154226\n|move|p1a: Palafin|Flip Turn|p2a: Orthworm\n|-damage|p2a: Orthworm|85\/100\n|\n|t:|1700154230\n|detailschange|p1a: Palafin|Palafin-Hero, F\n|switch|p1a: Gliscor|Gliscor, M, shiny|100\/100|[from] Flip Turn\n|move|p2a: Orthworm|Shed Tail|p2a: Orthworm\n|-start|p2a: Orthworm|Substitute|[from] move: Shed Tail\n|-damage|p2a: Orthworm|35\/100\n|\n|t:|1700154235\n|switch|p2a: Drifblim|Drifblim, M, shiny|100\/100|[from] Shed Tail\n|\n|-status|p1a: Gliscor|tox|[from] item: Toxic Orb\n|upkeep\n|turn|2\n|\n|t:|1700154241\n|move|p2a: Drifblim|Minimize|p2a: Drifblim\n|-boost|p2a: Drifblim|evasion|2\n|move|p1a: Gliscor|Ice Fang|p2a: Drifblim\n|-supereffective|p2a: Drifblim\n|-end|p2a: Drifblim|Substitute\n|\n|upkeep\n|turn|3\n|\n|t:|1700154251\n|move|p2a: Drifblim|Minimize|p2a: Drifblim\n|-boost|p2a: Drifblim|evasion|2\n|move|p1a: Gliscor|Knock Off|p2a: Drifblim\n|-supereffective|p2a: Drifblim\n|-damage|p2a: Drifblim|35\/100\n|-enditem|p2a: Drifblim|Leftovers|[from] move: Knock Off|[of] p1a: Gliscor\n|\n|upkeep\n|turn|4\n|c|\u2606NtroPi|!dt ice fang\n|raw|<ul class=\"utilichart\"><li class=\"result\"><span class=\"col movenamecol\"><a href=\"https:\/\/dex.pokemonshowdown.com\/moves\/icefang\">Ice Fang<\/a><\/span> <span class=\"col typecol\"><img src=\"\/\/play.pokemonshowdown.com\/sprites\/types\/Ice.png\" alt=\"Ice\" width=\"32\" height=\"14\"><img src=\"\/\/play.pokemonshowdown.com\/sprites\/categories\/Physical.png\" alt=\"Physical\" width=\"32\" height=\"14\"><\/span> <span class=\"col labelcol\"><em>Power<\/em><br>65<\/span> <span class=\"col widelabelcol\"><em>Accuracy<\/em><br>95%<\/span> <span class=\"col pplabelcol\"><em>PP<\/em><br>24<\/span> <span class=\"col movedesccol\">10% chance to freeze. 10% chance to flinch.<\/span> <\/li><li style=\"clear:both\"><\/li><\/ul>\n|raw|<font size=\"1\"><font color=\"#686868\">Priority:<\/font> 0&nbsp;|&ThickSpace;<font color=\"#686868\">Gen:<\/font> 4&nbsp;|&ThickSpace;&#10003; Boosted by Sheer Force&nbsp;|&ThickSpace;&#10003; Contact&nbsp;|&ThickSpace;&#10003; Bite&nbsp;|&ThickSpace;<font color=\"#686868\">Z-Power:<\/font> 120&nbsp;|&ThickSpace;<font color=\"#686868\">Dynamax Power:<\/font> 120&nbsp;|&ThickSpace;<font color=\"#686868\">Target:<\/font> One Adjacent Pok\u00e9mon<\/font>\n\n|c|\u2606NtroPi|!dt knock off\n|raw|<ul class=\"utilichart\"><li class=\"result\"><span class=\"col movenamecol\"><a href=\"https:\/\/dex.pokemonshowdown.com\/moves\/knockoff\">Knock Off<\/a><\/span> <span class=\"col typecol\"><img src=\"\/\/play.pokemonshowdown.com\/sprites\/types\/Dark.png\" alt=\"Dark\" width=\"32\" height=\"14\"><img src=\"\/\/play.pokemonshowdown.com\/sprites\/categories\/Physical.png\" alt=\"Physical\" width=\"32\" height=\"14\"><\/span> <span class=\"col labelcol\"><em>Power<\/em><br>65<\/span> <span class=\"col widelabelcol\"><em>Accuracy<\/em><br>100%<\/span> <span class=\"col pplabelcol\"><em>PP<\/em><br>32<\/span> <span class=\"col movedesccol\">1.5x damage if foe holds an item. Removes item.<\/span> <\/li><li style=\"clear:both\"><\/li><\/ul>\n|raw|<font size=\"1\"><font color=\"#686868\">Priority:<\/font> 0&nbsp;|&ThickSpace;<font color=\"#686868\">Gen:<\/font> 3&nbsp;|&ThickSpace;&#10003; Contact&nbsp;|&ThickSpace;<font color=\"#686868\">Z-Power:<\/font> 120&nbsp;|&ThickSpace;<font color=\"#686868\">Dynamax Power:<\/font> 120&nbsp;|&ThickSpace;<font color=\"#686868\">Target:<\/font> One Adjacent Pok\u00e9mon<\/font>\n\n|\n|t:|1700154277\n|move|p2a: Drifblim|Baton Pass|p2a: Drifblim\n|\n|t:|1700154279\n|switch|p2a: Dudunsparce|Dudunsparce-Three-Segment, M, shiny|100\/100|[from] Baton Pass\n|move|p1a: Gliscor|Knock Off|p2a: Dudunsparce|[miss]\n|-miss|p1a: Gliscor|p2a: Dudunsparce\n|\n|upkeep\n|turn|5\n|\n|t:|1700154291\n|move|p1a: Gliscor|Ice Fang|p2a: Dudunsparce|[miss]\n|-miss|p1a: Gliscor|p2a: Dudunsparce\n|move|p2a: Dudunsparce|Substitute|p2a: Dudunsparce\n|-start|p2a: Dudunsparce|Substitute\n|-damage|p2a: Dudunsparce|76\/100\n|\n|-heal|p2a: Dudunsparce|82\/100|[from] item: Leftovers\n|upkeep\n|turn|6\n|\n|t:|1700154299\n|move|p1a: Gliscor|Earthquake|p2a: Dudunsparce\n|-end|p2a: Dudunsparce|Substitute\n|move|p2a: Dudunsparce|Coil|p2a: Dudunsparce\n|-boost|p2a: Dudunsparce|atk|1\n|-boost|p2a: Dudunsparce|def|1\n|-boost|p2a: Dudunsparce|accuracy|1\n|\n|-heal|p2a: Dudunsparce|88\/100|[from] item: Leftovers\n|upkeep\n|turn|7\n|\n|t:|1700154305\n|switch|p1a: Kingambit|Kingambit, M|100\/100\n|move|p2a: Dudunsparce|Coil|p2a: Dudunsparce\n|-boost|p2a: Dudunsparce|atk|1\n|-boost|p2a: Dudunsparce|def|1\n|-boost|p2a: Dudunsparce|accuracy|1\n|\n|-heal|p2a: Dudunsparce|94\/100|[from] item: Leftovers\n|upkeep\n|turn|8\n|\n|t:|1700154308\n|move|p2a: Dudunsparce|Coil|p2a: Dudunsparce\n|-boost|p2a: Dudunsparce|atk|1\n|-boost|p2a: Dudunsparce|def|1\n|-boost|p2a: Dudunsparce|accuracy|1\n|move|p1a: Kingambit|Aerial Ace|p2a: Dudunsparce\n|-damage|p2a: Dudunsparce|87\/100\n|\n|-heal|p2a: Dudunsparce|93\/100|[from] item: Leftovers\n|upkeep\n|turn|9\n|\n|t:|1700154314\n|move|p1a: Kingambit|Sucker Punch||[still]\n|-fail|p1a: Kingambit\n|move|p2a: Dudunsparce|Coil|p2a: Dudunsparce\n|-boost|p2a: Dudunsparce|atk|1\n|-boost|p2a: Dudunsparce|def|1\n|-boost|p2a: Dudunsparce|accuracy|1\n|\n|-heal|p2a: Dudunsparce|99\/100|[from] item: Leftovers\n|upkeep\n|turn|10\n|\n|t:|1700154320\n|-end|p1a: Kingambit|fallenundefined|[silent]\n|switch|p1a: Infernape|Infernape, M, shiny|100\/100\n|move|p2a: Dudunsparce|Coil|p2a: Dudunsparce\n|-boost|p2a: Dudunsparce|atk|1\n|-boost|p2a: Dudunsparce|def|1\n|-boost|p2a: Dudunsparce|accuracy|1\n|\n|-heal|p2a: Dudunsparce|100\/100|[from] item: Leftovers\n|upkeep\n|turn|11\n|\n|t:|1700154326\n|move|p1a: Infernape|Bulk Up|p1a: Infernape\n|-boost|p1a: Infernape|atk|1\n|-boost|p1a: Infernape|def|1\n|move|p2a: Dudunsparce|Coil|p2a: Dudunsparce\n|-boost|p2a: Dudunsparce|atk|1\n|-boost|p2a: Dudunsparce|def|1\n|-boost|p2a: Dudunsparce|accuracy|1\n|\n|upkeep\n|turn|12\n|\n|t:|1700154333\n|move|p1a: Infernape|Bulk Up|p1a: Infernape\n|-boost|p1a: Infernape|atk|1\n|-boost|p1a: Infernape|def|1\n|move|p2a: Dudunsparce|Substitute|p2a: Dudunsparce\n|-start|p2a: Dudunsparce|Substitute\n|-damage|p2a: Dudunsparce|76\/100\n|\n|-heal|p2a: Dudunsparce|82\/100|[from] item: Leftovers\n|upkeep\n|turn|13\n|\n|t:|1700154341\n|move|p1a: Infernape|Drain Punch|p2a: Dudunsparce\n|-supereffective|p2a: Dudunsparce\n|-end|p2a: Dudunsparce|Substitute\n|move|p2a: Dudunsparce|Baton Pass|p2a: Dudunsparce\n|\n|t:|1700154347\n|switch|p2a: Espathra|Espathra, M, shiny|100\/100|[from] Baton Pass\n|\n|upkeep\n|turn|14\n|\n|t:|1700154354\n|switch|p1a: Flutter Mane|Flutter Mane, shiny|100\/100\n|-enditem|p1a: Flutter Mane|Booster Energy\n|-activate|p1a: Flutter Mane|ability: Protosynthesis|[fromitem]\n|-start|p1a: Flutter Mane|protosynthesisspa\n|move|p2a: Espathra|Substitute|p2a: Espathra\n|-start|p2a: Espathra|Substitute\n|-damage|p2a: Espathra|76\/100\n|\n|-heal|p2a: Espathra|82\/100|[from] item: Leftovers\n|-ability|p2a: Espathra|Speed Boost|boost\n|-boost|p2a: Espathra|spe|1\n|upkeep\n|turn|15\n|\n|t:|1700154358\n|move|p2a: Espathra|Calm Mind|p2a: Espathra\n|-boost|p2a: Espathra|spa|1\n|-boost|p2a: Espathra|spd|1\n|move|p1a: Flutter Mane|Shadow Ball|p2a: Espathra|[miss]\n|-miss|p1a: Flutter Mane|p2a: Espathra\n|\n|-heal|p2a: Espathra|88\/100|[from] item: Leftovers\n|-ability|p2a: Espathra|Speed Boost|boost\n|-boost|p2a: Espathra|spe|1\n|upkeep\n|turn|16\n|\n|t:|1700154363\n|move|p2a: Espathra|Calm Mind|p2a: Espathra\n|-boost|p2a: Espathra|spa|1\n|-boost|p2a: Espathra|spd|1\n|move|p1a: Flutter Mane|Shadow Ball|p2a: Espathra|[miss]\n|-miss|p1a: Flutter Mane|p2a: Espathra\n|\n|-heal|p2a: Espathra|94\/100|[from] item: Leftovers\n|-ability|p2a: Espathra|Speed Boost|boost\n|-boost|p2a: Espathra|spe|1\n|upkeep\n|turn|17\n|\n|t:|1700154368\n|move|p2a: Espathra|Calm Mind|p2a: Espathra\n|-boost|p2a: Espathra|spa|1\n|-boost|p2a: Espathra|spd|1\n|move|p1a: Flutter Mane|Shadow Ball|p2a: Espathra\n|-supereffective|p2a: Espathra\n|-end|p2a: Espathra|Substitute\n|\n|-heal|p2a: Espathra|99\/100|[from] item: Leftovers\n|-ability|p2a: Espathra|Speed Boost|boost\n|-boost|p2a: Espathra|spe|1\n|upkeep\n|turn|18\n|\n|t:|1700154374\n|move|p2a: Espathra|Calm Mind|p2a: Espathra\n|-boost|p2a: Espathra|spa|1\n|-boost|p2a: Espathra|spd|1\n|move|p1a: Flutter Mane|Shadow Ball|p2a: Espathra\n|-supereffective|p2a: Espathra\n|-damage|p2a: Espathra|51\/100\n|\n|-heal|p2a: Espathra|57\/100|[from] item: Leftovers\n|-ability|p2a: Espathra|Speed Boost|boost\n|-boost|p2a: Espathra|spe|1\n|upkeep\n|turn|19\n|\n|t:|1700154402\n|move|p2a: Espathra|Calm Mind|p2a: Espathra\n|-boost|p2a: Espathra|spa|1\n|-boost|p2a: Espathra|spd|1\n|move|p1a: Flutter Mane|Shadow Ball|p2a: Espathra\n|-supereffective|p2a: Espathra\n|-damage|p2a: Espathra|14\/100\n|-unboost|p2a: Espathra|spd|1\n|\n|-heal|p2a: Espathra|20\/100|[from] item: Leftovers\n|-ability|p2a: Espathra|Speed Boost|boost\n|-boost|p2a: Espathra|spe|1\n|upkeep\n|turn|20\n|inactive|I_own_chickens has 120 seconds left.\n|\n|t:|1700154438\n|move|p2a: Espathra|Baton Pass|p2a: Espathra\n|\n|t:|1700154442\n|switch|p2a: Glaceon|Glaceon, F, shiny|100\/100|[from] Baton Pass\n|move|p1a: Flutter Mane|Shadow Ball|p2a: Glaceon|[miss]\n|-miss|p1a: Flutter Mane|p2a: Glaceon\n|\n|upkeep\n|turn|21\n|\n|t:|1700154452\n|move|p2a: Glaceon|Stored Power|p1a: Flutter Mane\n|-damage|p1a: Flutter Mane|0 fnt\n|faint|p1a: Flutter Mane\n|-end|p1a: Flutter Mane|Protosynthesis|[silent]\n|\n|upkeep\n|\n|t:|1700154456\n|switch|p1a: Infernape|Infernape, M, shiny|100\/100\n|turn|22\n|\n|t:|1700154459\n|move|p2a: Glaceon|Stored Power|p1a: Infernape\n|-supereffective|p1a: Infernape\n|-damage|p1a: Infernape|0 fnt\n|faint|p1a: Infernape\n|\n|upkeep\n|\n|t:|1700154464\n|switch|p1a: Baxcalibur|Baxcalibur, M, shiny|100\/100\n|turn|23\n|\n|t:|1700154470\n|move|p2a: Glaceon|Stored Power|p1a: Baxcalibur\n|-damage|p1a: Baxcalibur|0 fnt\n|faint|p1a: Baxcalibur\n|\n|upkeep\n|\n|t:|1700154473\n|switch|p1a: Palafin|Palafin-Hero, F|100\/100\n|-activate|p1a: Palafin|ability: Zero to Hero\n|turn|24\n|\n|t:|1700154477\n|move|p1a: Palafin|Jet Punch|p2a: Glaceon|[miss]\n|-miss|p1a: Palafin|p2a: Glaceon\n|move|p2a: Glaceon|Stored Power|p1a: Palafin\n|-damage|p1a: Palafin|0 fnt\n|faint|p1a: Palafin\n|\n|upkeep\n|\n|t:|1700154480\n|switch|p1a: Gliscor|Gliscor, M, shiny|100\/100 tox\n|turn|25\n|\n|t:|1700154484\n|move|p2a: Glaceon|Stored Power|p1a: Gliscor\n|-damage|p1a: Gliscor|0 fnt\n|faint|p1a: Gliscor\n|\n|upkeep\n|\n|t:|1700154486\n|switch|p1a: Kingambit|Kingambit, M|100\/100\n|-activate|p1a: Kingambit|ability: Supreme Overlord\n|-start|p1a: Kingambit|fallen5|[silent]\n|turn|26\n|\n|t:|1700154488\n|move|p1a: Kingambit|Sucker Punch|p2a: Glaceon\n|-damage|p2a: Glaceon|86\/100\n|move|p2a: Glaceon|Blizzard|p1a: Kingambit\n|-resisted|p1a: Kingambit\n|-damage|p1a: Kingambit|14\/100\n|\n|upkeep\n|turn|27\n|\n|t:|1700154495\n|move|p1a: Kingambit|Sucker Punch|p2a: Glaceon|[miss]\n|-miss|p1a: Kingambit|p2a: Glaceon\n|move|p2a: Glaceon|Blizzard|p1a: Kingambit\n|-resisted|p1a: Kingambit\n|-damage|p1a: Kingambit|0 fnt\n|faint|p1a: Kingambit\n|-end|p1a: Kingambit|fallen5|[silent]\n|\n|win|NtroPi\n|raw|I_own_chickens's rating: 1009 &rarr; <strong>1000<\/strong><br \/>(-9 for losing)\n|raw|NtroPi's rating: 1048 &rarr; <strong>1077<\/strong><br \/>(+29 for winning)\n","uploadtime":1700154437,"views":5,"p1id":"iownchickens","p2id":"ntropi","formatid":"gen9anythinggoes","rating":1000,"private":0,"password":""}