{"id":"gen9anythinggoes-1976009889","p1":"CACHUMBO","p2":"boboml","format":"[Gen 9] Anything Goes","log":"|j|\u2606CACHUMBO\n|j|\u2606boboml\n|t:|1698256260\n|gametype|singles\n|player|p1|CACHUMBO|ghetsis|1033\n|player|p2|boboml|102|1000\n|teamsize|p1|6\n|teamsize|p2|6\n|gen|9\n|tier|[Gen 9] Anything Goes\n|rated|\n|rule|HP Percentage Mod: HP is shown in percentages\n|rule|Endless Battle Clause: Forcing endless battles is banned\n|clearpoke\n|poke|p1|Dudunsparce-*, M|\n|poke|p1|Dudunsparce-*, M|\n|poke|p1|Dudunsparce-*, F|\n|poke|p1|Dudunsparce-*, M|\n|poke|p1|Dudunsparce-*, M|\n|poke|p1|Dudunsparce-*, F|\n|poke|p2|Regieleki|\n|poke|p2|Ceruledge, M|\n|poke|p2|Rayquaza|\n|poke|p2|Clodsire, F|\n|poke|p2|Greninja-*, M|\n|poke|p2|Eternatus|\n|teampreview\n|inactive|Battle timer is ON: inactive players will automatically lose when time's up. (requested by CACHUMBO)\n|\n|t:|1698256276\n|start\n|switch|p1a: Dudunsparce|Dudunsparce-Three-Segment, M|100\/100\n|switch|p2a: Regieleki|Regieleki, shiny|100\/100\n|-item|p2a: Regieleki|Air Balloon\n|turn|1\n|\n|t:|1698256291\n|move|p2a: Regieleki|Zap Cannon|p1a: Dudunsparce\n|-damage|p1a: Dudunsparce|49\/100\n|-status|p1a: Dudunsparce|par\n|move|p1a: Dudunsparce|Headbutt|p2a: Regieleki\n|-damage|p2a: Regieleki|56\/100\n|-enditem|p2a: Regieleki|Air Balloon\n|\n|upkeep\n|turn|2\n|\n|t:|1698256301\n|move|p2a: Regieleki|Zap Cannon|p1a: Dudunsparce|[miss]\n|-miss|p2a: Regieleki|p1a: Dudunsparce\n|move|p1a: Dudunsparce|Roost|p1a: Dudunsparce\n|-heal|p1a: Dudunsparce|99\/100 par\n|-singleturn|p1a: Dudunsparce|move: Roost\n|\n|upkeep\n|turn|3\n|\n|t:|1698256313\n|-terastallize|p2a: Regieleki|Fairy\n|move|p2a: Regieleki|Zap Cannon|p1a: Dudunsparce\n|-damage|p1a: Dudunsparce|47\/100 par\n|cant|p1a: Dudunsparce|par\n|\n|upkeep\n|turn|4\n|\n|t:|1698256321\n|move|p2a: Regieleki|Zap Cannon|p1a: Dudunsparce\n|-damage|p1a: Dudunsparce|1\/100 par\n|-enditem|p1a: Dudunsparce|Aguav Berry|[eat]\n|-heal|p1a: Dudunsparce|34\/100 par|[from] item: Aguav Berry\n|move|p1a: Dudunsparce|Roost|p1a: Dudunsparce\n|-heal|p1a: Dudunsparce|84\/100 par\n|-singleturn|p1a: Dudunsparce|move: Roost\n|\n|upkeep\n|turn|5\n|\n|t:|1698256329\n|move|p2a: Regieleki|Zap Cannon|p1a: Dudunsparce|[miss]\n|-miss|p2a: Regieleki|p1a: Dudunsparce\n|cant|p1a: Dudunsparce|par\n|\n|upkeep\n|turn|6\n|\n|t:|1698256336\n|move|p2a: Regieleki|Zap Cannon|p1a: Dudunsparce|[miss]\n|-miss|p2a: Regieleki|p1a: Dudunsparce\n|move|p1a: Dudunsparce|Roost|p1a: Dudunsparce\n|-heal|p1a: Dudunsparce|100\/100 par\n|-singleturn|p1a: Dudunsparce|move: Roost\n|\n|upkeep\n|turn|7\n|\n|t:|1698256343\n|move|p2a: Regieleki|Thunder Cage|p1a: Dudunsparce\n|-damage|p1a: Dudunsparce|67\/100 par\n|-activate|p1a: Dudunsparce|move: Thunder Cage|[of] p2a: Regieleki\n|move|p1a: Dudunsparce|Headbutt|p2a: Regieleki\n|-damage|p2a: Regieleki|11\/100\n|\n|-damage|p1a: Dudunsparce|55\/100 par|[from] move: Thunder Cage|[partiallytrapped]\n|upkeep\n|turn|8\n|\n|t:|1698256353\n|move|p2a: Regieleki|Zap Cannon|p1a: Dudunsparce\n|-damage|p1a: Dudunsparce|4\/100 par\n|move|p1a: Dudunsparce|Headbutt|p2a: Regieleki\n|-damage|p2a: Regieleki|0 fnt\n|faint|p2a: Regieleki\n|\n|-end|p1a: Dudunsparce|Thunder Cage|[partiallytrapped]|[silent]\n|upkeep\n|\n|t:|1698256360\n|switch|p2a: Ceruledge|Ceruledge, M, shiny|100\/100\n|turn|9\n|\n|t:|1698256367\n|move|p2a: Ceruledge|Sunny Day|p2a: Ceruledge\n|-weather|SunnyDay\n|move|p1a: Dudunsparce|Earthquake|p2a: Ceruledge\n|-supereffective|p2a: Ceruledge\n|-damage|p2a: Ceruledge|10\/100\n|\n|-weather|SunnyDay|[upkeep]\n|upkeep\n|turn|10\n|\n|t:|1698256376\n|move|p2a: Ceruledge|Bitter Blade|p1a: Dudunsparce\n|-damage|p1a: Dudunsparce|0 fnt\n|-heal|p2a: Ceruledge|13\/100|[from] drain|[of] p1a: Dudunsparce\n|faint|p1a: Dudunsparce\n|\n|-weather|SunnyDay|[upkeep]\n|upkeep\n|\n|t:|1698256385\n|switch|p1a: Dudunsparce|Dudunsparce-Three-Segment, F|100\/100\n|turn|11\n|\n|t:|1698256388\n|-terastallize|p1a: Dudunsparce|Ground\n|move|p2a: Ceruledge|Bitter Blade|p1a: Dudunsparce\n|-damage|p1a: Dudunsparce|31\/100\n|-heal|p2a: Ceruledge|57\/100|[from] drain|[of] p1a: Dudunsparce\n|move|p1a: Dudunsparce|Earthquake|p2a: Ceruledge\n|-supereffective|p2a: Ceruledge\n|-damage|p2a: Ceruledge|0 fnt\n|faint|p2a: Ceruledge\n|\n|-weather|SunnyDay|[upkeep]\n|upkeep\n|\n|t:|1698256400\n|switch|p2a: Clodsire|Clodsire, F, shiny|100\/100\n|turn|12\n|\n|t:|1698256405\n|move|p1a: Dudunsparce|Earthquake|p2a: Clodsire\n|-supereffective|p2a: Clodsire\n|-damage|p2a: Clodsire|10\/100\n|move|p2a: Clodsire|Toxic Spikes|p1a: Dudunsparce\n|-sidestart|p1: CACHUMBO|move: Toxic Spikes\n|\n|-weather|SunnyDay|[upkeep]\n|upkeep\n|turn|13\n|\n|t:|1698256412\n|move|p1a: Dudunsparce|Headbutt|p2a: Clodsire\n|-damage|p2a: Clodsire|0 fnt\n|faint|p2a: Clodsire\n|\n|-weather|none\n|upkeep\n|\n|t:|1698256419\n|switch|p2a: Rayquaza|Rayquaza, shiny|100\/100\n|-ability|p2a: Rayquaza|Air Lock\n|turn|14\n|\n|t:|1698256426\n|move|p2a: Rayquaza|Substitute|p2a: Rayquaza\n|-start|p2a: Rayquaza|Substitute\n|-damage|p2a: Rayquaza|75\/100\n|move|p1a: Dudunsparce|Headbutt|p2a: Rayquaza\n|-end|p2a: Rayquaza|Substitute\n|\n|upkeep\n|turn|15\n|\n|t:|1698256436\n|move|p2a: Rayquaza|Dragon Dance|p2a: Rayquaza\n|-boost|p2a: Rayquaza|atk|1\n|-boost|p2a: Rayquaza|spe|1\n|move|p1a: Dudunsparce|Headbutt|p2a: Rayquaza\n|-damage|p2a: Rayquaza|42\/100\n|\n|upkeep\n|turn|16\n|\n|t:|1698256444\n|move|p2a: Rayquaza|Dragon Dance|p2a: Rayquaza\n|-boost|p2a: Rayquaza|atk|1\n|-boost|p2a: Rayquaza|spe|1\n|move|p1a: Dudunsparce|Headbutt|p2a: Rayquaza\n|-damage|p2a: Rayquaza|11\/100\n|\n|upkeep\n|turn|17\n|\n|t:|1698256451\n|move|p2a: Rayquaza|Extreme Speed|p1a: Dudunsparce\n|-damage|p1a: Dudunsparce|0 fnt\n|faint|p1a: Dudunsparce\n|\n|upkeep\n|\n|t:|1698256454\n|switch|p1a: Dudunsparce|Dudunsparce-Three-Segment, M|100\/100\n|-status|p1a: Dudunsparce|psn\n|turn|18\n|\n|t:|1698256463\n|move|p2a: Rayquaza|Extreme Speed|p1a: Dudunsparce\n|-damage|p1a: Dudunsparce|49\/100 psn\n|move|p1a: Dudunsparce|Headbutt|p2a: Rayquaza\n|-damage|p2a: Rayquaza|0 fnt\n|faint|p2a: Rayquaza\n|\n|-damage|p1a: Dudunsparce|36\/100 psn|[from] psn\n|upkeep\n|\n|t:|1698256471\n|switch|p2a: Greninja|Greninja, M|100\/100\n|turn|19\n|\n|t:|1698256480\n|move|p2a: Greninja|Substitute|p2a: Greninja\n|-start|p2a: Greninja|Substitute\n|-damage|p2a: Greninja|76\/100\n|move|p1a: Dudunsparce|Headbutt|p2a: Greninja\n|-end|p2a: Greninja|Substitute\n|\n|-damage|p1a: Dudunsparce|24\/100 psn|[from] psn\n|upkeep\n|turn|20\n|\n|t:|1698256492\n|move|p2a: Greninja|Water Shuriken|p1a: Dudunsparce\n|-damage|p1a: Dudunsparce|17\/100 psn\n|-damage|p1a: Dudunsparce|11\/100 psn\n|-damage|p1a: Dudunsparce|5\/100 psn\n|-hitcount|p1a: Dudunsparce|3\n|move|p1a: Dudunsparce|Headbutt|p2a: Greninja\n|-damage|p2a: Greninja|30\/100\n|\n|-damage|p1a: Dudunsparce|0 fnt|[from] psn\n|faint|p1a: Dudunsparce\n|upkeep\n|\n|t:|1698256499\n|switch|p1a: Dudunsparce|Dudunsparce-Three-Segment, M|100\/100\n|-status|p1a: Dudunsparce|psn\n|turn|21\n|\n|t:|1698256508\n|move|p2a: Greninja|Rain Dance|p2a: Greninja\n|-weather|RainDance\n|move|p1a: Dudunsparce|Earth Power|p2a: Greninja\n|-damage|p2a: Greninja|0 fnt\n|faint|p2a: Greninja\n|\n|-weather|RainDance|[upkeep]\n|-damage|p1a: Dudunsparce|88\/100 psn|[from] psn\n|upkeep\n|\n|t:|1698256517\n|switch|p2a: Eternatus|Eternatus|100\/100\n|-ability|p2a: Eternatus|Pressure\n|turn|22\n|\n|t:|1698256526\n|move|p2a: Eternatus|Dragon Dance|p2a: Eternatus\n|-boost|p2a: Eternatus|atk|1\n|-boost|p2a: Eternatus|spe|1\n|move|p1a: Dudunsparce|Earth Power|p2a: Eternatus\n|-supereffective|p2a: Eternatus\n|-damage|p2a: Eternatus|58\/100\n|\n|-weather|RainDance|[upkeep]\n|-damage|p1a: Dudunsparce|76\/100 psn|[from] psn\n|upkeep\n|turn|23\n|\n|t:|1698256536\n|move|p2a: Eternatus|Dynamax Cannon|p1a: Dudunsparce\n|-damage|p1a: Dudunsparce|29\/100 psn\n|move|p1a: Dudunsparce|Earth Power|p2a: Eternatus\n|-supereffective|p2a: Eternatus\n|-damage|p2a: Eternatus|16\/100\n|\n|-weather|RainDance|[upkeep]\n|-damage|p1a: Dudunsparce|16\/100 psn|[from] psn\n|upkeep\n|-enditem|p1a: Dudunsparce|Aguav Berry|[eat]\n|-heal|p1a: Dudunsparce|50\/100 psn|[from] item: Aguav Berry\n|turn|24\n|\n|t:|1698256553\n|move|p2a: Eternatus|Dynamax Cannon|p1a: Dudunsparce\n|-damage|p1a: Dudunsparce|6\/100 psn\n|move|p1a: Dudunsparce|Earth Power|p2a: Eternatus\n|-supereffective|p2a: Eternatus\n|-damage|p2a: Eternatus|0 fnt\n|faint|p2a: Eternatus\n|\n|win|CACHUMBO\n|raw|CACHUMBO's rating: 1033 &rarr; <strong>1065<\/strong><br \/>(+32 for winning)\n|raw|boboml's rating: 1000 &rarr; <strong>1000<\/strong><br \/>(+0 for losing)\n","uploadtime":1698256561,"views":13,"p1id":"cachumbo","p2id":"boboml","formatid":"gen9anythinggoes","rating":1000,"private":0,"password":""}