{"id":"gen9anythinggoes-1987296333","p1":"RositaV (TRAINER)","p2":"but binnn","format":"[Gen 9] Anything Goes","log":"|j|\u2606RositaV (TRAINER)\n|j|\u2606but binnn\n|t:|1699574414\n|gametype|singles\n|player|p1|RositaV (TRAINER)|rosa|1130\n|player|p2|but binnn|flint|1147\n|teamsize|p1|6\n|teamsize|p2|6\n|gen|9\n|tier|[Gen 9] Anything Goes\n|rated|\n|rule|HP Percentage Mod: HP is shown in percentages\n|rule|Endless Battle Clause: Forcing endless battles is banned\n|clearpoke\n|poke|p1|Ditto|\n|poke|p1|Ditto|\n|poke|p1|Ditto|\n|poke|p1|Ditto|\n|poke|p1|Ditto|\n|poke|p1|Ditto|\n|poke|p2|Urshifu-*, M|\n|poke|p2|Maushold-Four|\n|poke|p2|Gholdengo|\n|poke|p2|Urshifu-*, F|\n|poke|p2|Kommo-o, M|\n|poke|p2|Palafin, F|\n|teampreview\n|\n|t:|1699574420\n|start\n|switch|p1a: Ditto|Ditto|100\/100\n|switch|p2a: Kommo-o|Kommo-o, M, shiny|100\/100\n|-transform|p1a: Ditto|p2a: Kommo-o|[from] ability: Imposter\n|turn|1\n|\n|t:|1699574437\n|move|p1a: Ditto|Outrage|p2a: Kommo-o\n|-supereffective|p2a: Kommo-o\n|-damage|p2a: Kommo-o|0 fnt\n|faint|p2a: Kommo-o\n|-damage|p1a: Ditto|91\/100|[from] item: Life Orb\n|\n|upkeep\n|\n|t:|1699574453\n|switch|p2a: Maushold|Maushold-Four, shiny|100\/100\n|turn|2\n|\n|t:|1699574460\n|move|p2a: Maushold|Population Bomb|p1a: Ditto\n|-damage|p1a: Ditto|78\/100\n|-damage|p1a: Ditto|67\/100\n|-damage|p1a: Ditto|56\/100\n|-damage|p1a: Ditto|43\/100\n|-damage|p1a: Ditto|31\/100\n|-damage|p1a: Ditto|20\/100\n|-damage|p1a: Ditto|8\/100\n|-damage|p1a: Ditto|0 fnt\n|faint|p1a: Ditto\n|-hitcount|p1: Ditto|8\n|\n|upkeep\n|\n|t:|1699574478\n|switch|p1a: Ditto|Ditto|100\/100\n|-transform|p1a: Ditto|p2a: Maushold|[from] ability: Imposter\n|turn|3\n|\n|t:|1699574488\n|-terastallize|p1a: Ditto|Ghost\n|move|p1a: Ditto|Population Bomb|p2a: Maushold\n|-damage|p2a: Maushold|82\/100\n|-damage|p2a: Maushold|62\/100\n|-hitcount|p2a: Maushold|2\n|move|p2a: Maushold|Population Bomb|p1a: Ditto\n|-immune|p1a: Ditto\n|\n|upkeep\n|turn|4\n|\n|t:|1699574505\n|switch|p2a: Gholdengo|Gholdengo, shiny|100\/100\n|move|p1a: Ditto|Population Bomb|p2a: Gholdengo\n|-immune|p2a: Gholdengo\n|\n|upkeep\n|turn|5\n|\n|t:|1699574513\n|move|p1a: Ditto|Tera Blast|p2a: Gholdengo|[anim] Tera Blast Ghost\n|-supereffective|p2a: Gholdengo\n|-damage|p2a: Gholdengo|39\/100\n|move|p2a: Gholdengo|Poltergeist|p1a: Ditto\n|-activate|p1a: Ditto|move: Poltergeist|Leftovers\n|-supereffective|p1a: Ditto\n|-crit|p1a: Ditto\n|-damage|p1a: Ditto|6\/100\n|\n|-heal|p1a: Ditto|12\/100|[from] item: Leftovers\n|-heal|p2a: Gholdengo|45\/100|[from] item: Leftovers\n|upkeep\n|turn|6\n|\n|t:|1699574526\n|move|p1a: Ditto|Tera Blast|p2a: Gholdengo|[anim] Tera Blast Ghost\n|-supereffective|p2a: Gholdengo\n|-damage|p2a: Gholdengo|0 fnt\n|faint|p2a: Gholdengo\n|\n|-heal|p1a: Ditto|18\/100|[from] item: Leftovers\n|upkeep\n|\n|t:|1699574534\n|switch|p2a: Urshifu|Urshifu, F|100\/100\n|turn|7\n|\n|t:|1699574549\n|move|p2a: Urshifu|Sucker Punch|p1a: Ditto\n|-supereffective|p1a: Ditto\n|-damage|p1a: Ditto|0 fnt\n|faint|p1a: Ditto\n|-damage|p2a: Urshifu|91\/100|[from] item: Life Orb\n|\n|upkeep\n|\n|t:|1699574557\n|switch|p1a: Ditto|Ditto|100\/100\n|-transform|p1a: Ditto|p2a: Urshifu|[from] ability: Imposter\n|turn|8\n|\n|t:|1699574566\n|move|p1a: Ditto|Close Combat|p2a: Urshifu\n|-supereffective|p2a: Urshifu\n|-damage|p2a: Urshifu|0 fnt\n|-unboost|p1a: Ditto|def|1\n|-unboost|p1a: Ditto|spd|1\n|faint|p2a: Urshifu\n|-damage|p1a: Ditto|91\/100|[from] item: Life Orb\n|\n|upkeep\n|\n|t:|1699574589\n|switch|p2a: Urshifu|Urshifu-Rapid-Strike, M|100\/100\n|turn|9\n|\n|t:|1699574594\n|move|p1a: Ditto|Close Combat|p2a: Urshifu\n|-damage|p2a: Urshifu|15\/100\n|-unboost|p1a: Ditto|def|1\n|-unboost|p1a: Ditto|spd|1\n|-damage|p1a: Ditto|81\/100|[from] item: Life Orb\n|move|p2a: Urshifu|Drain Punch|p1a: Ditto\n|-supereffective|p1a: Ditto\n|-damage|p1a: Ditto|0 fnt\n|-heal|p2a: Urshifu|50\/100|[from] drain|[of] p1a: Ditto\n|faint|p1a: Ditto\n|-damage|p2a: Urshifu|41\/100|[from] item: Life Orb\n|\n|upkeep\n|\n|t:|1699574610\n|switch|p1a: Ditto|Ditto|100\/100\n|-transform|p1a: Ditto|p2a: Urshifu|[from] ability: Imposter\n|turn|10\n|\n|t:|1699574621\n|move|p2a: Urshifu|Drain Punch|p1a: Ditto\n|-crit|p1a: Ditto\n|-damage|p1a: Ditto|10\/100\n|-heal|p2a: Urshifu|80\/100|[from] drain|[of] p1a: Ditto\n|-damage|p2a: Urshifu|70\/100|[from] item: Life Orb\n|move|p1a: Ditto|Drain Punch|p2a: Urshifu\n|-damage|p2a: Urshifu|21\/100\n|-heal|p1a: Ditto|38\/100|[from] drain|[of] p2a: Urshifu\n|-damage|p1a: Ditto|29\/100|[from] item: Life Orb\n|\n|upkeep\n|turn|11\n|\n|t:|1699574640\n|move|p1a: Ditto|Protect|p1a: Ditto\n|-singleturn|p1a: Ditto|Protect\n|move|p2a: Urshifu|Drain Punch|p1a: Ditto\n|-damage|p1a: Ditto|0 fnt\n|-heal|p2a: Urshifu|33\/100|[from] drain|[of] p1a: Ditto\n|faint|p1a: Ditto\n|-damage|p2a: Urshifu|23\/100|[from] item: Life Orb\n|\n|upkeep\n|\n|t:|1699574652\n|switch|p1a: Ditto|Ditto|100\/100\n|-transform|p1a: Ditto|p2a: Urshifu|[from] ability: Imposter\n|turn|12\n|\n|t:|1699574661\n|move|p1a: Ditto|Drain Punch|p2a: Urshifu\n|-damage|p2a: Urshifu|0 fnt\n|faint|p2a: Urshifu\n|\n|upkeep\n|\n|t:|1699574666\n|switch|p2a: Maushold|Maushold-Four, shiny|62\/100\n|turn|13\n|\n|t:|1699574670\n|move|p2a: Maushold|Population Bomb|p1a: Ditto\n|-damage|p1a: Ditto|86\/100\n|-damage|p1a: Ditto|73\/100\n|-damage|p1a: Ditto|59\/100\n|-damage|p1a: Ditto|46\/100\n|-damage|p1a: Ditto|31\/100\n|-damage|p1a: Ditto|17\/100\n|-damage|p1a: Ditto|3\/100\n|-damage|p1a: Ditto|0 fnt\n|faint|p1a: Ditto\n|-hitcount|p1: Ditto|8\n|\n|upkeep\n|\n|t:|1699574684\n|switch|p1a: Ditto|Ditto|100\/100\n|-transform|p1a: Ditto|p2a: Maushold|[from] ability: Imposter\n|turn|14\n|\n|t:|1699574691\n|-terastallize|p2a: Maushold|Steel\n|move|p1a: Ditto|Population Bomb|p2a: Maushold\n|-resisted|p2a: Maushold\n|-damage|p2a: Maushold|53\/100\n|-resisted|p2a: Maushold\n|-crit|p2a: Maushold\n|-damage|p2a: Maushold|39\/100\n|-resisted|p2a: Maushold\n|-damage|p2a: Maushold|29\/100\n|-resisted|p2a: Maushold\n|-damage|p2a: Maushold|20\/100\n|-resisted|p2a: Maushold\n|-damage|p2a: Maushold|9\/100\n|-resisted|p2a: Maushold\n|-damage|p2a: Maushold|0 fnt\n|faint|p2a: Maushold\n|-hitcount|p2: Maushold|6\n|\n|upkeep\n|\n|t:|1699574705\n|switch|p2a: Palafin|Palafin, F, shiny|100\/100\n|turn|15\n|\n|t:|1699574715\n|move|p1a: Ditto|Population Bomb|p2a: Palafin\n|-damage|p2a: Palafin|84\/100\n|-damage|p2a: Palafin|67\/100\n|-damage|p2a: Palafin|52\/100\n|-damage|p2a: Palafin|35\/100\n|-damage|p2a: Palafin|19\/100\n|-damage|p2a: Palafin|2\/100\n|-damage|p2a: Palafin|0 fnt\n|faint|p2a: Palafin\n|-hitcount|p2: Palafin|7\n|\n|win|RositaV (TRAINER)\n|raw|RositaV (TRAINER)'s rating: 1130 &rarr; <strong>1156<\/strong><br \/>(+26 for winning)\n|raw|but binnn's rating: 1147 &rarr; <strong>1121<\/strong><br \/>(-26 for losing)\n|l|\u2606but binnn\n","uploadtime":1699574733,"views":12,"p1id":"rositavtrainer","p2id":"butbinnn","formatid":"gen9anythinggoes","rating":1121,"private":0,"password":""}