{"id":"gen9anythinggoes-1974217770","p1":"Nidoking7769","p2":"IOUanL","format":"[Gen 9] Anything Goes","log":"|j|\u203dNidoking7769\n|j|\u2606IOUanL\n|t:|1698069284\n|gametype|singles\n|player|p1|Nidoking7769|266|1127\n|player|p2|IOUanL|morty|1161\n|teamsize|p1|6\n|teamsize|p2|6\n|gen|9\n|tier|[Gen 9] Anything Goes\n|rated|\n|rule|HP Percentage Mod: HP is shown in percentages\n|rule|Endless Battle Clause: Forcing endless battles is banned\n|clearpoke\n|poke|p1|Ting-Lu|\n|poke|p1|Dondozo, F|\n|poke|p1|Kleavor, M|\n|poke|p1|Decidueye-Hisui, M|\n|poke|p1|Sandy Shocks|\n|poke|p1|Skeledirge, M|\n|poke|p2|Polteageist-Antique|\n|poke|p2|Roaring Moon|\n|poke|p2|Drifblim, F|\n|poke|p2|Calyrex-Shadow|\n|poke|p2|Oricorio-Sensu, F|\n|poke|p2|Zacian-*|\n|teampreview\n|\n|t:|1698069292\n|start\n|switch|p1a: Sandy Shocks|Sandy Shocks|100\/100\n|switch|p2a: Oricorio|Oricorio-Sensu, F|100\/100\n|turn|1\n|\n|t:|1698069298\n|move|p1a: Sandy Shocks|Thunderbolt|p2a: Oricorio\n|-supereffective|p2a: Oricorio\n|-damage|p2a: Oricorio|0 fnt\n|faint|p2a: Oricorio\n|-damage|p1a: Sandy Shocks|91\/100|[from] item: Life Orb\n|\n|upkeep\n|\n|t:|1698069306\n|switch|p2a: Polteageist|Polteageist-Antique|100\/100\n|turn|2\n|\n|t:|1698069311\n|move|p1a: Sandy Shocks|Thunderbolt|p2a: Polteageist\n|-damage|p2a: Polteageist|28\/100\n|-damage|p1a: Sandy Shocks|81\/100|[from] item: Life Orb\n|move|p2a: Polteageist|Shell Smash|p2a: Polteageist\n|-unboost|p2a: Polteageist|def|1\n|-unboost|p2a: Polteageist|spd|1\n|-boost|p2a: Polteageist|atk|2\n|-boost|p2a: Polteageist|spa|2\n|-boost|p2a: Polteageist|spe|2\n|\n|upkeep\n|turn|3\n|\n|t:|1698069318\n|-end|p1a: Sandy Shocks|Protosynthesis|[silent]\n|switch|p1a: Ting-Lu|Ting-Lu|100\/100\n|-ability|p1a: Ting-Lu|Vessel of Ruin\n|move|p2a: Polteageist|Baton Pass|p2a: Polteageist\n|\n|t:|1698069326\n|switch|p2a: Zacian|Zacian-Crowned|100\/100|[from] Baton Pass\n|-ability|p2a: Zacian|Intrepid Sword|boost\n|-boost|p2a: Zacian|atk|1\n|\n|upkeep\n|turn|4\n|\n|t:|1698069331\n|switch|p1a: Skeledirge|Skeledirge, M|100\/100\n|move|p2a: Zacian|Close Combat|p1a: Skeledirge\n|-immune|p1a: Skeledirge\n|\n|upkeep\n|turn|5\n|\n|t:|1698069337\n|move|p2a: Zacian|Play Rough|p1a: Skeledirge\n|-resisted|p1a: Skeledirge\n|-damage|p1a: Skeledirge|82\/100\n|move|p1a: Skeledirge|Will-O-Wisp|p2a: Zacian\n|-status|p2a: Zacian|brn\n|\n|-heal|p1a: Skeledirge|88\/100|[from] item: Leftovers\n|-damage|p2a: Zacian|94\/100 brn|[from] brn\n|upkeep\n|turn|6\n|\n|t:|1698069346\n|switch|p2a: Polteageist|Polteageist-Antique|28\/100\n|move|p1a: Skeledirge|Fire Spin|p2a: Polteageist\n|-damage|p2a: Polteageist|12\/100\n|-activate|p2a: Polteageist|move: Fire Spin|[of] p1a: Skeledirge\n|\n|-heal|p1a: Skeledirge|94\/100|[from] item: Leftovers\n|-damage|p2a: Polteageist|0 fnt|[from] move: Fire Spin|[partiallytrapped]\n|faint|p2a: Polteageist\n|upkeep\n|\n|t:|1698069352\n|switch|p2a: Drifblim|Drifblim, F|100\/100\n|turn|7\n|\n|t:|1698069356\n|move|p2a: Drifblim|Minimize|p2a: Drifblim\n|-boost|p2a: Drifblim|evasion|2\n|move|p1a: Skeledirge|Fire Spin|p2a: Drifblim\n|-damage|p2a: Drifblim|88\/100\n|-activate|p2a: Drifblim|move: Fire Spin|[of] p1a: Skeledirge\n|\n|-heal|p1a: Skeledirge|100\/100|[from] item: Leftovers\n|-damage|p2a: Drifblim|76\/100|[from] move: Fire Spin|[partiallytrapped]\n|upkeep\n|turn|8\n|\n|t:|1698069360\n|move|p2a: Drifblim|Minimize|p2a: Drifblim\n|-boost|p2a: Drifblim|evasion|2\n|move|p1a: Skeledirge|Night Shade|p2a: Drifblim\n|-damage|p2a: Drifblim|53\/100\n|\n|-damage|p2a: Drifblim|40\/100|[from] move: Fire Spin|[partiallytrapped]\n|upkeep\n|turn|9\n|\n|t:|1698069364\n|move|p2a: Drifblim|Minimize|p2a: Drifblim\n|-boost|p2a: Drifblim|evasion|2\n|move|p1a: Skeledirge|Night Shade|p2a: Drifblim\n|-damage|p2a: Drifblim|18\/100\n|\n|-damage|p2a: Drifblim|5\/100|[from] move: Fire Spin|[partiallytrapped]\n|upkeep\n|turn|10\n|\n|t:|1698069369\n|move|p2a: Drifblim|Baton Pass|p2a: Drifblim\n|inactive|Battle timer is ON: inactive players will automatically lose when time's up. (requested by Nidoking7769)\n|\n|t:|1698069374\n|switch|p2a: Roaring Moon|Roaring Moon|100\/100|[from] Baton Pass\n|-enditem|p2a: Roaring Moon|Booster Energy\n|-activate|p2a: Roaring Moon|ability: Protosynthesis|[fromitem]\n|-start|p2a: Roaring Moon|protosynthesisatk\n|move|p1a: Skeledirge|Night Shade|p2a: Roaring Moon\n|-damage|p2a: Roaring Moon|72\/100\n|\n|-damage|p2a: Roaring Moon|60\/100|[from] move: Fire Spin|[partiallytrapped]\n|upkeep\n|turn|11\n|\n|t:|1698069384\n|move|p2a: Roaring Moon|Knock Off|p1a: Skeledirge\n|-supereffective|p1a: Skeledirge\n|-damage|p1a: Skeledirge|15\/100\n|-enditem|p1a: Skeledirge|Leftovers|[from] move: Knock Off|[of] p2a: Roaring Moon\n|move|p1a: Skeledirge|Will-O-Wisp|p2a: Roaring Moon\n|-status|p2a: Roaring Moon|brn\n|\n|-damage|p2a: Roaring Moon|53\/100 brn|[from] brn\n|-end|p2a: Roaring Moon|Fire Spin|[partiallytrapped]\n|upkeep\n|turn|12\n|\n|t:|1698069391\n|move|p2a: Roaring Moon|Crunch|p1a: Skeledirge\n|-supereffective|p1a: Skeledirge\n|-damage|p1a: Skeledirge|0 fnt\n|faint|p1a: Skeledirge\n|\n|-damage|p2a: Roaring Moon|47\/100 brn|[from] brn\n|upkeep\n|\n|t:|1698069397\n|switch|p1a: Kleavor|Kleavor, M|100\/100\n|turn|13\n|\n|t:|1698069401\n|move|p2a: Roaring Moon|Dragon Claw|p1a: Kleavor\n|-crit|p1a: Kleavor\n|-damage|p1a: Kleavor|45\/100\n|move|p1a: Kleavor|Aerial Ace|p2a: Roaring Moon\n|-crit|p2a: Roaring Moon\n|-damage|p2a: Roaring Moon|0 fnt\n|faint|p2a: Roaring Moon\n|-end|p2a: Roaring Moon|Protosynthesis|[silent]\n|-damage|p1a: Kleavor|35\/100|[from] item: Life Orb\n|\n|upkeep\n|\n|t:|1698069410\n|switch|p2a: Drifblim|Drifblim, F|5\/100\n|turn|14\n|\n|t:|1698069412\n|move|p1a: Kleavor|Stone Axe|p2a: Drifblim\n|-supereffective|p2a: Drifblim\n|-damage|p2a: Drifblim|0 fnt\n|-damage|p1a: Kleavor|10\/100|[from] ability: Aftermath|[of] p2a: Drifblim\n|-damage|p1a: Kleavor|0 fnt|[from] item: Rocky Helmet|[of] p2a: Drifblim\n|faint|p2a: Drifblim\n|faint|p1a: Kleavor\n|\n|upkeep\n|\n|t:|1698069421\n|switch|p1a: Ting-Lu|Ting-Lu|100\/100\n|switch|p2a: Calyrex|Calyrex-Shadow|100\/100\n|-ability|p2a: Calyrex|As One\n|-ability|p2a: Calyrex|Unnerve\n|-ability|p1a: Ting-Lu|Vessel of Ruin\n|turn|15\n|\n|t:|1698069430\n|move|p2a: Calyrex|Astral Barrage|p1a: Ting-Lu\n|-resisted|p1a: Ting-Lu\n|-damage|p1a: Ting-Lu|86\/100\n|move|p1a: Ting-Lu|Payback|p2a: Calyrex\n|-supereffective|p2a: Calyrex\n|-damage|p2a: Calyrex|0 fnt\n|faint|p2a: Calyrex\n|\n|upkeep\n|\n|t:|1698069435\n|switch|p2a: Zacian|Zacian-Crowned|94\/100 brn\n|turn|16\n|\n|t:|1698069438\n|move|p2a: Zacian|Close Combat|p1a: Ting-Lu\n|-supereffective|p1a: Ting-Lu\n|-damage|p1a: Ting-Lu|56\/100\n|-unboost|p2a: Zacian|def|1\n|-unboost|p2a: Zacian|spd|1\n|move|p1a: Ting-Lu|Earthquake|p2a: Zacian\n|-supereffective|p2a: Zacian\n|-damage|p2a: Zacian|0 fnt\n|faint|p2a: Zacian\n|\n|win|Nidoking7769\n|raw|Nidoking7769's rating: 1127 &rarr; <strong>1154<\/strong><br \/>(+27 for winning)\n|raw|IOUanL's rating: 1161 &rarr; <strong>1134<\/strong><br \/>(-27 for losing)\n|c|\u2606IOUanL|gg\n|l|\u2606IOUanL\n","uploadtime":1698069452,"views":13,"p1id":"nidoking7769","p2id":"iouanl","formatid":"gen9anythinggoes","rating":1134,"private":0,"password":""}