{"id":"gen9anythinggoes-1980706669","p1":"scottavius","p2":"OmarHenryKasOscar","format":"[Gen 9] Anything Goes","log":"|j|\u2606scottavius\n|j|\u2606OmarHenryKasOscar\n|t:|1698816368\n|gametype|singles\n|player|p1|scottavius|1|1069\n|player|p2|OmarHenryKasOscar|artist|1055\n|teamsize|p1|6\n|teamsize|p2|6\n|gen|9\n|tier|[Gen 9] Anything Goes\n|rated|\n|rule|HP Percentage Mod: HP is shown in percentages\n|rule|Endless Battle Clause: Forcing endless battles is banned\n|clearpoke\n|poke|p1|Drifblim, F|\n|poke|p1|Indeedee-F, F|\n|poke|p1|Ambipom, M|\n|poke|p1|Goodra, M|\n|poke|p1|Basculegion-F, F|\n|poke|p1|Muk-Alola, F|\n|poke|p2|Kyogre|\n|poke|p2|Groudon|\n|poke|p2|Haxorus, F|\n|poke|p2|Articuno|\n|poke|p2|Crawdaunt, M|\n|poke|p2|Landorus-Therian, M|\n|teampreview\n|c|\u2606OmarHenryKasOscar|GLHF\n|\n|t:|1698816392\n|start\n|switch|p1a: Ambipom|Ambipom, M, shiny|100\/100\n|switch|p2a: Haxorus|Haxorus, F|100\/100\n|-ability|p2a: Haxorus|Mold Breaker\n|turn|1\n|c|\u2606scottavius|glhf\n|\n|t:|1698816402\n|move|p1a: Ambipom|Fake Out|p2a: Haxorus\n|-damage|p2a: Haxorus|71\/100\n|cant|p2a: Haxorus|flinch\n|\n|upkeep\n|turn|2\n|\n|t:|1698816410\n|move|p1a: Ambipom|U-turn|p2a: Haxorus\n|-damage|p2a: Haxorus|49\/100\n|\n|t:|1698816420\n|switch|p1a: Drifblim|Drifblim, F, shiny|100\/100|[from] U-turn\n|move|p2a: Haxorus|Guillotine|p1a: Drifblim\n|-immune|p1a: Drifblim\n|\n|upkeep\n|turn|3\n|\n|t:|1698816427\n|move|p2a: Haxorus|Taunt|p1a: Drifblim\n|-start|p1a: Drifblim|move: Taunt\n|move|p1a: Drifblim|Air Slash|p2a: Haxorus\n|-damage|p2a: Haxorus|18\/100\n|\n|upkeep\n|turn|4\n|\n|t:|1698816438\n|switch|p2a: Articuno|Articuno|100\/100\n|-ability|p2a: Articuno|Pressure\n|move|p1a: Drifblim|Air Slash|p2a: Articuno\n|-damage|p2a: Articuno|82\/100\n|\n|upkeep\n|turn|5\n|\n|t:|1698816445\n|move|p2a: Articuno|Substitute|p2a: Articuno\n|-start|p2a: Articuno|Substitute\n|-damage|p2a: Articuno|57\/100\n|move|p1a: Drifblim|Shadow Ball|p2a: Articuno\n|-activate|p2a: Articuno|move: Substitute|[damage]\n|\n|-end|p1a: Drifblim|move: Taunt\n|upkeep\n|turn|6\n|\n|t:|1698816464\n|switch|p1a: Indeedee|Indeedee-F, F, shiny|100\/100\n|-fieldstart|move: Psychic Terrain|[from] ability: Psychic Surge|[of] p1a: Indeedee\n|move|p2a: Articuno|Sheer Cold|p1a: Indeedee\n|-damage|p1a: Indeedee|0 fnt\n|faint|p1a: Indeedee\n|-ohko\n|\n|upkeep\n|\n|t:|1698816482\n|switch|p1a: Drifblim|Drifblim, F, shiny|100\/100\n|-enditem|p1a: Drifblim|Psychic Seed\n|-boost|p1a: Drifblim|spd|1|[from] item: Psychic Seed\n|turn|7\n|\n|t:|1698816490\n|move|p1a: Drifblim|Shadow Ball|p2a: Articuno\n|-end|p2a: Articuno|Substitute\n|move|p2a: Articuno|Sheer Cold|p1a: Drifblim\n|-damage|p1a: Drifblim|0 fnt\n|faint|p1a: Drifblim\n|-ohko\n|\n|upkeep\n|\n|t:|1698816499\n|switch|p1a: Muk|Muk-Alola, F|100\/100\n|turn|8\n|\n|t:|1698816505\n|move|p2a: Articuno|Substitute|p2a: Articuno\n|-start|p2a: Articuno|Substitute\n|-damage|p2a: Articuno|33\/100\n|move|p1a: Muk|Toxic||[still]\n|-fail|p1a: Muk\n|\n|upkeep\n|turn|9\n|\n|t:|1698816510\n|move|p2a: Articuno|Roost|p2a: Articuno\n|-heal|p2a: Articuno|83\/100\n|-singleturn|p2a: Articuno|move: Roost\n|move|p1a: Muk|Poison Jab|p2a: Articuno\n|-end|p2a: Articuno|Substitute\n|\n|upkeep\n|turn|10\n|\n|t:|1698816520\n|move|p2a: Articuno|Substitute|p2a: Articuno\n|-start|p2a: Articuno|Substitute\n|-damage|p2a: Articuno|58\/100\n|move|p1a: Muk|Poison Jab|p2a: Articuno\n|-end|p2a: Articuno|Substitute\n|\n|-fieldend|move: Psychic Terrain\n|upkeep\n|turn|11\n|\n|t:|1698816529\n|switch|p2a: Landorus|Landorus-Therian, M|100\/100\n|-ability|p2a: Landorus|Intimidate|boost\n|-unboost|p1a: Muk|atk|1\n|move|p1a: Muk|Poison Jab|p2a: Landorus\n|-resisted|p2a: Landorus\n|-damage|p2a: Landorus|90\/100\n|\n|-heal|p2a: Landorus|96\/100|[from] item: Leftovers\n|upkeep\n|turn|12\n|\n|t:|1698816545\n|switch|p1a: Goodra|Goodra, M|100\/100\n|move|p2a: Landorus|Fissure|p1a: Goodra\n|-damage|p1a: Goodra|0 fnt\n|faint|p1a: Goodra\n|-ohko\n|\n|-heal|p2a: Landorus|100\/100|[from] item: Leftovers\n|upkeep\n|\n|t:|1698816554\n|switch|p1a: Basculegion|Basculegion-F, F, shiny|100\/100\n|turn|13\n|\n|t:|1698816561\n|move|p2a: Landorus|Fissure|p1a: Basculegion|[miss]\n|-miss|p2a: Landorus|p1a: Basculegion\n|move|p1a: Basculegion|Surf|p2a: Landorus\n|-supereffective|p2a: Landorus\n|-damage|p2a: Landorus|0 fnt\n|faint|p2a: Landorus\n|-damage|p1a: Basculegion|91\/100|[from] item: Life Orb\n|\n|upkeep\n|\n|t:|1698816566\n|switch|p2a: Crawdaunt|Crawdaunt, M|100\/100\n|turn|14\n|\n|t:|1698816573\n|move|p1a: Basculegion|Flip Turn|p2a: Crawdaunt\n|-resisted|p2a: Crawdaunt\n|-damage|p2a: Crawdaunt|83\/100\n|-damage|p1a: Basculegion|81\/100|[from] item: Life Orb\n|\n|t:|1698816580\n|switch|p1a: Muk|Muk-Alola, F|100\/100|[from] Flip Turn\n|move|p2a: Crawdaunt|Guillotine|p1a: Muk|[miss]\n|-miss|p2a: Crawdaunt|p1a: Muk\n|\n|upkeep\n|turn|15\n|\n|t:|1698816586\n|switch|p2a: Groudon|Groudon|100\/100\n|-weather|SunnyDay|[from] ability: Drought|[of] p2a: Groudon\n|move|p1a: Muk|Drain Punch|p2a: Groudon\n|-damage|p2a: Groudon|90\/100\n|\n|-weather|SunnyDay|[upkeep]\n|-heal|p2a: Groudon|96\/100|[from] item: Leftovers\n|upkeep\n|turn|16\n|\n|t:|1698816596\n|move|p2a: Groudon|Stealth Rock|p1a: Muk\n|-sidestart|p1: scottavius|move: Stealth Rock\n|move|p1a: Muk|Toxic|p2a: Groudon\n|-status|p2a: Groudon|tox\n|\n|-weather|SunnyDay|[upkeep]\n|-heal|p2a: Groudon|100\/100 tox|[from] item: Leftovers\n|-damage|p2a: Groudon|94\/100 tox|[from] psn\n|upkeep\n|turn|17\n|\n|t:|1698816605\n|move|p2a: Groudon|Spikes|p1a: Muk\n|-sidestart|p1: scottavius|Spikes\n|move|p1a: Muk|Knock Off|p2a: Groudon\n|-damage|p2a: Groudon|71\/100 tox\n|-enditem|p2a: Groudon|Leftovers|[from] move: Knock Off|[of] p1a: Muk\n|\n|-weather|SunnyDay|[upkeep]\n|-damage|p2a: Groudon|59\/100 tox|[from] psn\n|upkeep\n|turn|18\n|\n|t:|1698816617\n|move|p2a: Groudon|Spikes|p1a: Muk\n|-sidestart|p1: scottavius|Spikes\n|move|p1a: Muk|Knock Off|p2a: Groudon\n|-damage|p2a: Groudon|45\/100 tox\n|\n|-weather|SunnyDay|[upkeep]\n|-damage|p2a: Groudon|27\/100 tox|[from] psn\n|upkeep\n|turn|19\n|\n|t:|1698816626\n|move|p2a: Groudon|Spikes|p1a: Muk\n|-sidestart|p1: scottavius|Spikes\n|move|p1a: Muk|Drain Punch|p2a: Groudon\n|-damage|p2a: Groudon|15\/100 tox\n|\n|-weather|none\n|-damage|p2a: Groudon|0 fnt|[from] psn\n|faint|p2a: Groudon\n|upkeep\n|\n|t:|1698816634\n|switch|p2a: Haxorus|Haxorus, F|18\/100\n|-ability|p2a: Haxorus|Mold Breaker\n|turn|20\n|\n|t:|1698816641\n|move|p2a: Haxorus|Endeavor|p1a: Muk\n|-damage|p1a: Muk|16\/100\n|-enditem|p1a: Muk|Aguav Berry|[eat]\n|-heal|p1a: Muk|50\/100|[from] item: Aguav Berry\n|move|p1a: Muk|Drain Punch|p2a: Haxorus\n|-crit|p2a: Haxorus\n|-damage|p2a: Haxorus|0 fnt\n|-heal|p1a: Muk|57\/100|[from] drain|[of] p2a: Haxorus\n|faint|p2a: Haxorus\n|\n|upkeep\n|\n|t:|1698816648\n|switch|p2a: Kyogre|Kyogre|100\/100\n|-weather|RainDance|[from] ability: Drizzle|[of] p2a: Kyogre\n|turn|21\n|\n|t:|1698816655\n|move|p1a: Muk|Toxic|p2a: Kyogre\n|-status|p2a: Kyogre|tox\n|move|p2a: Kyogre|Roar|p1a: Muk\n|drag|p1a: Basculegion|Basculegion-F, F, shiny|81\/100\n|-damage|p1a: Basculegion|68\/100|[from] Stealth Rock\n|-damage|p1a: Basculegion|44\/100|[from] Spikes\n|\n|-weather|RainDance|[upkeep]\n|-damage|p2a: Kyogre|94\/100 tox|[from] psn\n|upkeep\n|turn|22\n|\n|t:|1698816666\n|move|p1a: Basculegion|Flip Turn|p2a: Kyogre\n|-resisted|p2a: Kyogre\n|-damage|p2a: Kyogre|75\/100 tox\n|-damage|p1a: Basculegion|34\/100|[from] item: Life Orb\n|\n|t:|1698816672\n|switch|p1a: Ambipom|Ambipom, M, shiny|100\/100|[from] Flip Turn\n|-damage|p1a: Ambipom|88\/100|[from] Stealth Rock\n|-damage|p1a: Ambipom|63\/100|[from] Spikes\n|move|p2a: Kyogre|Roar|p1a: Ambipom\n|drag|p1a: Basculegion|Basculegion-F, F, shiny|34\/100\n|-damage|p1a: Basculegion|21\/100|[from] Stealth Rock\n|-damage|p1a: Basculegion|0 fnt|[from] Spikes\n|faint|p1a: Basculegion\n|\n|-weather|RainDance|[upkeep]\n|-heal|p2a: Kyogre|81\/100 tox|[from] item: Leftovers\n|-damage|p2a: Kyogre|69\/100 tox|[from] psn\n|upkeep\n|\n|t:|1698816689\n|switch|p1a: Ambipom|Ambipom, M, shiny|63\/100\n|-damage|p1a: Ambipom|51\/100|[from] Stealth Rock\n|-damage|p1a: Ambipom|26\/100|[from] Spikes\n|turn|23\n|\n|t:|1698816701\n|-terastallize|p1a: Ambipom|Normal\n|move|p1a: Ambipom|Double Hit|p2a: Kyogre\n|-damage|p2a: Kyogre|40\/100 tox\n|-damage|p2a: Kyogre|12\/100 tox\n|-hitcount|p2a: Kyogre|2\n|move|p2a: Kyogre|Rest|p2a: Kyogre\n|-status|p2a: Kyogre|slp|[from] move: Rest\n|-heal|p2a: Kyogre|100\/100 slp|[silent]\n|\n|-weather|RainDance|[upkeep]\n|upkeep\n|turn|24\n|\n|t:|1698816713\n|move|p1a: Ambipom|Double Hit|p2a: Kyogre\n|-damage|p2a: Kyogre|74\/100 slp\n|-damage|p2a: Kyogre|44\/100 slp\n|-hitcount|p2a: Kyogre|2\n|cant|p2a: Kyogre|slp\n|move|p2a: Kyogre|Sleep Talk|p2a: Kyogre\n|move|p2a: Kyogre|Rest||[from]move: Sleep Talk|[still]\n|-fail|p2a: Kyogre\n|\n|-weather|RainDance|[upkeep]\n|-heal|p2a: Kyogre|51\/100 slp|[from] item: Leftovers\n|upkeep\n|turn|25\n|\n|t:|1698816734\n|switch|p2a: Articuno|Articuno|58\/100\n|-ability|p2a: Articuno|Pressure\n|move|p1a: Ambipom|Double Hit|p2a: Articuno\n|-damage|p2a: Articuno|33\/100\n|-damage|p2a: Articuno|5\/100\n|-hitcount|p2a: Articuno|2\n|\n|-weather|none\n|upkeep\n|turn|26\n|\n|t:|1698816743\n|move|p1a: Ambipom|Double Hit|p2a: Articuno\n|-damage|p2a: Articuno|0 fnt\n|faint|p2a: Articuno\n|-hitcount|p2: Articuno|1\n|\n|upkeep\n|\n|t:|1698816746\n|switch|p2a: Crawdaunt|Crawdaunt, M|83\/100\n|turn|27\n|\n|t:|1698816751\n|move|p1a: Ambipom|Double Hit|p2a: Crawdaunt\n|-damage|p2a: Crawdaunt|44\/100\n|-damage|p2a: Crawdaunt|8\/100\n|-hitcount|p2a: Crawdaunt|2\n|move|p2a: Crawdaunt|Guillotine|p1a: Ambipom|[miss]\n|-miss|p2a: Crawdaunt|p1a: Ambipom\n|\n|upkeep\n|turn|28\n|\n|t:|1698816759\n|move|p1a: Ambipom|Double Hit|p2a: Crawdaunt\n|-damage|p2a: Crawdaunt|0 fnt\n|faint|p2a: Crawdaunt\n|-hitcount|p2: Crawdaunt|1\n|\n|upkeep\n|\n|t:|1698816761\n|switch|p2a: Kyogre|Kyogre|51\/100 slp\n|-weather|RainDance|[from] ability: Drizzle|[of] p2a: Kyogre\n|turn|29\n|\n|t:|1698816767\n|move|p1a: Ambipom|Double Hit|p2a: Kyogre\n|-damage|p2a: Kyogre|21\/100 slp\n|-damage|p2a: Kyogre|0 fnt\n|faint|p2a: Kyogre\n|-hitcount|p2: Kyogre|2\n|\n|win|scottavius\n|raw|scottavius's rating: 1069 &rarr; <strong>1097<\/strong><br \/>(+28 for winning)\n|raw|OmarHenryKasOscar's rating: 1055 &rarr; <strong>1037<\/strong><br \/>(-18 for losing)\n|c|\u2606OmarHenryKasOscar|GG to you\n|c|\u2606scottavius|gg\n","uploadtime":1698816775,"views":9,"p1id":"scottavius","p2id":"omarhenrykasoscar","formatid":"gen9anythinggoes","rating":1037,"private":0,"password":""}