{"id":"gen9anythinggoes-1982732308","p1":"Tedtosterone","p2":"Rinumaki","format":"[Gen 9] Anything Goes","log":"|j|\u2606Tedtosterone\n|j|\u2606Rinumaki\n|t:|1699039756\n|gametype|singles\n|player|p1|Tedtosterone|ghetsis-gen5bw|\n|player|p2|Rinumaki|n|\n|teamsize|p1|6\n|teamsize|p2|6\n|gen|9\n|tier|[Gen 9] Anything Goes\n|rule|HP Percentage Mod: HP is shown in percentages\n|rule|Endless Battle Clause: Forcing endless battles is banned\n|clearpoke\n|poke|p1|Samurott-Hisui, M|\n|poke|p1|Rabsca, F|\n|poke|p1|Baxcalibur, M|\n|poke|p1|Mimikyu, F|\n|poke|p1|Slowking-Galar, M|\n|poke|p1|Arcanine-Hisui, F|\n|poke|p2|Milotic, F|\n|poke|p2|Garchomp, F|\n|poke|p2|Hawlucha, F|\n|poke|p2|Lucario, M|\n|poke|p2|Ogerpon-Wellspring, F|\n|poke|p2|Typhlosion-Hisui, F|\n|teampreview\n|j| caligulahar\n|\n|t:|1699039764\n|start\n|switch|p1a: Jin|Samurott-Hisui, M, shiny|100\/100\n|switch|p2a: Rey Mysterio|Hawlucha, F, shiny|100\/100\n|turn|1\n|\n|t:|1699039773\n|move|p2a: Rey Mysterio|Sky Attack||[still]\n|-prepare|p2a: Rey Mysterio|Sky Attack\n|-enditem|p2a: Rey Mysterio|Power Herb\n|-anim|p2a: Rey Mysterio|Sky Attack|p1a: Jin\n|-damage|p1a: Jin|23\/100\n|move|p1a: Jin|Ceaseless Edge|p2a: Rey Mysterio\n|-resisted|p2a: Rey Mysterio\n|-damage|p2a: Rey Mysterio|70\/100\n|-sidestart|p2: Rinumaki|Spikes\n|\n|upkeep\n|turn|2\n|\n|t:|1699039781\n|move|p1a: Jin|Aqua Jet|p2a: Rey Mysterio\n|-damage|p2a: Rey Mysterio|42\/100\n|move|p2a: Rey Mysterio|Acrobatics|p1a: Jin\n|-damage|p1a: Jin|0 fnt\n|faint|p1a: Jin\n|\n|upkeep\n|\n|t:|1699039795\n|switch|p1a: Arcanine|Arcanine-Hisui, F, shiny|100\/100\n|turn|3\n|\n|t:|1699039834\n|move|p2a: Rey Mysterio|High Jump Kick|p1a: Arcanine\n|-supereffective|p1a: Arcanine\n|-damage|p1a: Arcanine|0 fnt\n|faint|p1a: Arcanine\n|\n|upkeep\n|\n|t:|1699039844\n|switch|p1a: Gooner|Mimikyu, F|100\/100\n|turn|4\n|\n|t:|1699039882\n|switch|p2a: Fading Bomb|Typhlosion-Hisui, F, shiny|100\/100\n|-damage|p2a: Fading Bomb|88\/100|[from] Spikes\n|move|p1a: Gooner|Swords Dance|p1a: Gooner\n|-boost|p1a: Gooner|atk|2\n|\n|upkeep\n|turn|5\n|inactive|Battle timer is ON: inactive players will automatically lose when time's up. (requested by Tedtosterone)\n|\n|t:|1699039889\n|move|p1a: Gooner|Swords Dance|p1a: Gooner\n|-boost|p1a: Gooner|atk|2\n|move|p2a: Fading Bomb|Infernal Parade|p1a: Gooner\n|-activate|p1a: Gooner|ability: Disguise\n|-damage|p1a: Gooner|100\/100\n|detailschange|p1a: Gooner|Mimikyu-Busted, F\n|-damage|p1a: Gooner|88\/100|[from] pokemon: Mimikyu-Busted\n|\n|upkeep\n|turn|6\n|\n|t:|1699039904\n|move|p1a: Gooner|Shadow Sneak|p2a: Fading Bomb\n|-supereffective|p2a: Fading Bomb\n|-damage|p2a: Fading Bomb|0 fnt\n|faint|p2a: Fading Bomb\n|-damage|p1a: Gooner|78\/100|[from] item: Life Orb\n|\n|upkeep\n|\n|t:|1699039914\n|switch|p2a: Vergil|Garchomp, F, shiny|100\/100\n|-damage|p2a: Vergil|88\/100|[from] Spikes\n|turn|7\n|\n|t:|1699039919\n|move|p1a: Gooner|Shadow Sneak|p2a: Vergil\n|-damage|p2a: Vergil|24\/100\n|-damage|p1a: Gooner|68\/100|[from] item: Life Orb\n|move|p2a: Vergil|Iron Head|p1a: Gooner\n|-supereffective|p1a: Gooner\n|-damage|p1a: Gooner|0 fnt\n|faint|p1a: Gooner\n|\n|upkeep\n|\n|t:|1699039932\n|switch|p1a: Rabsca|Rabsca, F|100\/100\n|turn|8\n|inactive|Rinumaki has 270 seconds left.\n|\n|t:|1699039977\n|switch|p2a: Rey Mysterio|Hawlucha, F, shiny|42\/100\n|move|p1a: Rabsca|Revival Blessing|p1a: Rabsca\n|-enditem|p1a: Rabsca|Leppa Berry|[eat]\n|-activate|p1a: Rabsca|item: Leppa Berry|Revival Blessing|[consumed]\n|\n|t:|1699039983\n|-heal|p1: Gooner|50\/100|[from] move: Revival Blessing\n|\n|upkeep\n|turn|9\n|inactive|Rinumaki has 270 seconds left.\n|\n|t:|1699039989\n|move|p2a: Rey Mysterio|Acrobatics|p1a: Rabsca\n|-supereffective|p1a: Rabsca\n|-damage|p1a: Rabsca|7\/100\n|move|p1a: Rabsca|Revival Blessing|p1a: Rabsca\n|\n|t:|1699039993\n|-heal|p1: Arcanine|50\/100|[from] move: Revival Blessing\n|\n|upkeep\n|turn|10\n|\n|t:|1699040002\n|-terastallize|p1a: Rabsca|Psychic\n|move|p2a: Rey Mysterio|Acrobatics|p1a: Rabsca\n|-damage|p1a: Rabsca|0 fnt\n|faint|p1a: Rabsca\n|\n|upkeep\n|\n|t:|1699040008\n|switch|p1a: Gooner|Mimikyu-Busted, F|50\/100\n|turn|11\n|\n|t:|1699040033\n|switch|p2a: Luke From SF6|Lucario, M|100\/100\n|-damage|p2a: Luke From SF6|88\/100|[from] Spikes\n|move|p1a: Gooner|Shadow Sneak|p2a: Luke From SF6\n|-damage|p2a: Luke From SF6|51\/100\n|-damage|p1a: Gooner|40\/100|[from] item: Life Orb\n|\n|upkeep\n|turn|12\n|\n|t:|1699040041\n|move|p1a: Gooner|Shadow Sneak|p2a: Luke From SF6\n|-damage|p2a: Luke From SF6|15\/100\n|-damage|p1a: Gooner|30\/100|[from] item: Life Orb\n|move|p2a: Luke From SF6|Meteor Mash|p1a: Gooner\n|-supereffective|p1a: Gooner\n|-crit|p1a: Gooner\n|-damage|p1a: Gooner|0 fnt\n|faint|p1a: Gooner\n|\n|upkeep\n|\n|t:|1699040051\n|switch|p1a: Arcanine|Arcanine-Hisui, F, shiny|50\/100\n|turn|13\n|\n|t:|1699040065\n|move|p1a: Arcanine|Extreme Speed|p2a: Luke From SF6\n|-resisted|p2a: Luke From SF6\n|-damage|p2a: Luke From SF6|0 fnt\n|faint|p2a: Luke From SF6\n|\n|upkeep\n|\n|t:|1699040074\n|switch|p2a: It Don't Go Down|Milotic, F|100\/100\n|-damage|p2a: It Don't Go Down|88\/100|[from] Spikes\n|turn|14\n|\n|t:|1699040081\n|move|p1a: Arcanine|Extreme Speed|p2a: It Don't Go Down\n|-damage|p2a: It Don't Go Down|69\/100\n|move|p2a: It Don't Go Down|Scald|p1a: Arcanine\n|-supereffective|p1a: Arcanine\n|-damage|p1a: Arcanine|0 fnt\n|faint|p1a: Arcanine\n|\n|-status|p2a: It Don't Go Down|brn|[from] item: Flame Orb\n|upkeep\n|\n|t:|1699040090\n|switch|p1a: Duke|Slowking-Galar, M|100\/100\n|turn|15\n|inactive|Rinumaki has 270 seconds left.\n|\n|t:|1699040124\n|switch|p2a: Vergil|Garchomp, F, shiny|24\/100\n|-damage|p2a: Vergil|12\/100|[from] Spikes\n|move|p1a: Duke|Future Sight|p2a: Vergil\n|-start|p1a: Duke|move: Future Sight\n|\n|upkeep\n|turn|16\n|\n|t:|1699040133\n|move|p2a: Vergil|Earthquake|p1a: Duke\n|-supereffective|p1a: Duke\n|-damage|p1a: Duke|0 fnt\n|faint|p1a: Duke\n|\n|upkeep\n|\n|t:|1699040137\n|switch|p1a: Joe|Baxcalibur, M|100\/100\n|turn|17\n|\n|t:|1699040145\n|move|p2a: Vergil|Scale Shot|p1a: Joe\n|-supereffective|p1a: Joe\n|-damage|p1a: Joe|73\/100\n|-supereffective|p1a: Joe\n|-damage|p1a: Joe|49\/100\n|-supereffective|p1a: Joe\n|-damage|p1a: Joe|20\/100\n|-supereffective|p1a: Joe\n|-damage|p1a: Joe|0 fnt\n|faint|p1a: Joe\n|-hitcount|p1: Joe|4\n|\n|win|Rinumaki\n|l|\u2606Tedtosterone\n","uploadtime":1699040175,"views":11,"p1id":"tedtosterone","p2id":"rinumaki","formatid":"gen9anythinggoes","rating":0,"private":0,"password":""}