{"id":"gen9anythinggoes-1987757861","p1":"PersonMcGuyathome","p2":"Th3EggLord","format":"[Gen 9] Anything Goes","log":"|j|\u2606PersonMcGuyathome\n|j|\u2606Th3EggLord\n|t:|1699634209\n|gametype|singles\n|player|p1|PersonMcGuyathome|shauntal|1078\n|player|p2|Th3EggLord|pilot|1151\n|teamsize|p1|6\n|teamsize|p2|6\n|gen|9\n|tier|[Gen 9] Anything Goes\n|rated|\n|rule|HP Percentage Mod: HP is shown in percentages\n|rule|Endless Battle Clause: Forcing endless battles is banned\n|clearpoke\n|poke|p1|Revavroom, F|\n|poke|p1|Revavroom, F|\n|poke|p1|Revavroom, M|\n|poke|p1|Revavroom, M|\n|poke|p1|Revavroom, M|\n|poke|p1|Revavroom, F|\n|poke|p2|Espathra, M|\n|poke|p2|Scovillain, M|\n|poke|p2|Annihilape, F|\n|poke|p2|Dragapult, M|\n|poke|p2|Drifblim, M|\n|poke|p2|Kommo-o, F|\n|teampreview\n|inactive|Battle timer is ON: inactive players will automatically lose when time's up. (requested by Th3EggLord)\n|\n|t:|1699634220\n|start\n|switch|p1a: myom|Revavroom, F|100\/100\n|switch|p2a: bloon|Drifblim, M|100\/100\n|turn|1\n|\n|t:|1699634223\n|move|p1a: myom|Toxic Spikes|p2a: bloon\n|-sidestart|p2: Th3EggLord|move: Toxic Spikes\n|move|p2a: bloon|Minimize|p2a: bloon\n|-boost|p2a: bloon|evasion|2\n|\n|upkeep\n|turn|2\n|\n|t:|1699634227\n|move|p1a: myom|Toxic Spikes|p2a: bloon\n|-sidestart|p2: Th3EggLord|move: Toxic Spikes\n|move|p2a: bloon|Minimize|p2a: bloon\n|-boost|p2a: bloon|evasion|2\n|\n|upkeep\n|turn|3\n|\n|t:|1699634231\n|move|p1a: myom|Shift Gear|p1a: myom\n|-boost|p1a: myom|spe|2\n|-boost|p1a: myom|atk|1\n|move|p2a: bloon|Minimize|p2a: bloon\n|-boost|p2a: bloon|evasion|2\n|\n|upkeep\n|turn|4\n|\n|t:|1699634236\n|move|p1a: myom|Shift Gear|p1a: myom\n|-boost|p1a: myom|spe|2\n|-boost|p1a: myom|atk|1\n|move|p2a: bloon|Calm Mind|p2a: bloon\n|-boost|p2a: bloon|spa|1\n|-boost|p2a: bloon|spd|1\n|\n|upkeep\n|turn|5\n|\n|t:|1699634241\n|move|p1a: myom|Shift Gear|p1a: myom\n|-boost|p1a: myom|spe|2\n|-boost|p1a: myom|atk|1\n|move|p2a: bloon|Calm Mind|p2a: bloon\n|-boost|p2a: bloon|spa|1\n|-boost|p2a: bloon|spd|1\n|\n|upkeep\n|turn|6\n|\n|t:|1699634245\n|move|p1a: myom|Shift Gear|p1a: myom\n|-boost|p1a: myom|spe|0\n|-boost|p1a: myom|atk|1\n|move|p2a: bloon|Calm Mind|p2a: bloon\n|-boost|p2a: bloon|spa|1\n|-boost|p2a: bloon|spd|1\n|\n|upkeep\n|turn|7\n|\n|t:|1699634248\n|move|p1a: myom|Shift Gear|p1a: myom\n|-boost|p1a: myom|spe|0\n|-boost|p1a: myom|atk|1\n|move|p2a: bloon|Calm Mind|p2a: bloon\n|-boost|p2a: bloon|spa|1\n|-boost|p2a: bloon|spd|1\n|\n|upkeep\n|turn|8\n|\n|t:|1699634251\n|move|p1a: myom|Shift Gear|p1a: myom\n|-boost|p1a: myom|spe|0\n|-boost|p1a: myom|atk|1\n|move|p2a: bloon|Baton Pass|p2a: bloon\n|\n|t:|1699634257\n|switch|p2a: Birb|Espathra, M, shiny|100\/100|[from] Baton Pass\n|-status|p2a: Birb|tox\n|\n|-damage|p2a: Birb|94\/100 tox|[from] psn\n|upkeep\n|turn|9\n|\n|t:|1699634265\n|move|p1a: myom|Iron Head|p2a: Birb|[miss]\n|-miss|p1a: myom|p2a: Birb\n|move|p2a: Birb|Stored Power|p1a: myom\n|-enditem|p1a: myom|Focus Sash\n|-damage|p1a: myom|1\/100\n|\n|-heal|p2a: Birb|100\/100 tox|[from] item: Leftovers\n|-damage|p2a: Birb|88\/100 tox|[from] psn\n|-ability|p2a: Birb|Speed Boost|boost\n|-boost|p2a: Birb|spe|1\n|upkeep\n|turn|10\n|\n|t:|1699634270\n|move|p1a: myom|Iron Head|p2a: Birb|[miss]\n|-miss|p1a: myom|p2a: Birb\n|move|p2a: Birb|Stored Power|p1a: myom\n|-damage|p1a: myom|0 fnt\n|faint|p1a: myom\n|\n|-heal|p2a: Birb|94\/100 tox|[from] item: Leftovers\n|-damage|p2a: Birb|76\/100 tox|[from] psn\n|-ability|p2a: Birb|Speed Boost|boost\n|-boost|p2a: Birb|spe|1\n|upkeep\n|\n|t:|1699634272\n|switch|p1a: myoom|Revavroom, F|100\/100\n|turn|11\n|\n|t:|1699634276\n|move|p2a: Birb|Stored Power|p1a: myoom\n|-damage|p1a: myoom|0 fnt\n|faint|p1a: myoom\n|\n|-heal|p2a: Birb|82\/100 tox|[from] item: Leftovers\n|-damage|p2a: Birb|58\/100 tox|[from] psn\n|-ability|p2a: Birb|Speed Boost|boost\n|-boost|p2a: Birb|spe|1\n|upkeep\n|\n|t:|1699634280\n|switch|p1a: myoooom|Revavroom, M|100\/100\n|turn|12\n|\n|t:|1699634286\n|move|p2a: Birb|Stored Power|p1a: myoooom\n|-enditem|p1a: myoooom|Focus Sash\n|-damage|p1a: myoooom|1\/100\n|move|p1a: myoooom|Iron Head|p2a: Birb\n|-damage|p2a: Birb|3\/100 tox\n|\n|-heal|p2a: Birb|9\/100 tox|[from] item: Leftovers\n|-damage|p2a: Birb|0 fnt|[from] psn\n|faint|p2a: Birb\n|upkeep\n|\n|t:|1699634299\n|switch|p2a: bloon|Drifblim, M|100\/100\n|turn|13\n|\n|t:|1699634305\n|move|p2a: bloon|Minimize|p2a: bloon\n|-boost|p2a: bloon|evasion|2\n|move|p1a: myoooom|Poison Jab|p2a: bloon\n|-resisted|p2a: bloon\n|-damage|p2a: bloon|75\/100\n|-status|p2a: bloon|psn\n|\n|-damage|p2a: bloon|62\/100 psn|[from] psn\n|upkeep\n|turn|14\n|\n|t:|1699634313\n|move|p2a: bloon|Minimize|p2a: bloon\n|-boost|p2a: bloon|evasion|2\n|move|p1a: myoooom|Shift Gear|p1a: myoooom\n|-boost|p1a: myoooom|spe|2\n|-boost|p1a: myoooom|atk|1\n|\n|-damage|p2a: bloon|50\/100 psn|[from] psn\n|upkeep\n|turn|15\n|\n|t:|1699634318\n|move|p1a: myoooom|Iron Head|p2a: bloon|[miss]\n|-miss|p1a: myoooom|p2a: bloon\n|move|p2a: bloon|Minimize|p2a: bloon\n|-boost|p2a: bloon|evasion|2\n|\n|-damage|p2a: bloon|37\/100 psn|[from] psn\n|upkeep\n|turn|16\n|\n|t:|1699634321\n|move|p1a: myoooom|Iron Head|p2a: bloon|[miss]\n|-miss|p1a: myoooom|p2a: bloon\n|move|p2a: bloon|Baton Pass|p2a: bloon\n|\n|t:|1699634329\n|switch|p2a: Scraggindeez|Dragapult, M, shiny|100\/100|[from] Baton Pass\n|-status|p2a: Scraggindeez|tox\n|\n|-damage|p2a: Scraggindeez|95\/100 tox|[from] psn\n|upkeep\n|turn|17\n|\n|t:|1699634335\n|move|p1a: myoooom|Bulldoze|p2a: Scraggindeez|[miss]\n|-miss|p1a: myoooom|p2a: Scraggindeez\n|move|p2a: Scraggindeez|Dragon Darts|p1a: myoooom\n|-resisted|p1a: myoooom\n|-damage|p1a: myoooom|0 fnt\n|faint|p1a: myoooom\n|\n|-heal|p2a: Scraggindeez|100\/100 tox|[from] item: Leftovers\n|-damage|p2a: Scraggindeez|89\/100 tox|[from] psn\n|upkeep\n|\n|t:|1699634341\n|switch|p1a: myooom|Revavroom, M|100\/100\n|turn|18\n|\n|t:|1699634346\n|move|p2a: Scraggindeez|Dragon Darts|p1a: myooom\n|-resisted|p1a: myooom\n|-damage|p1a: myooom|88\/100\n|-anim|p2a: Scraggindeez|Dragon Darts|p1a: myooom\n|-resisted|p1a: myooom\n|-damage|p1a: myooom|76\/100\n|move|p1a: myooom|Bulldoze|p2a: Scraggindeez\n|-crit|p2a: Scraggindeez\n|-damage|p2a: Scraggindeez|43\/100 tox\n|-unboost|p2a: Scraggindeez|spe|1\n|-start|p1a: myooom|Disable|Bulldoze|[from] ability: Cursed Body|[of] p2a: Scraggindeez\n|-heal|p1a: myooom|82\/100|[from] item: Shell Bell|[of] p2a: Scraggindeez\n|\n|-heal|p2a: Scraggindeez|49\/100 tox|[from] item: Leftovers\n|-damage|p2a: Scraggindeez|31\/100 tox|[from] psn\n|upkeep\n|turn|19\n|\n|t:|1699634357\n|move|p2a: Scraggindeez|Dragon Dance|p2a: Scraggindeez\n|-boost|p2a: Scraggindeez|atk|1\n|-boost|p2a: Scraggindeez|spe|1\n|move|p1a: myooom|Shift Gear|p1a: myooom\n|-boost|p1a: myooom|spe|2\n|-boost|p1a: myooom|atk|1\n|\n|-heal|p2a: Scraggindeez|37\/100 tox|[from] item: Leftovers\n|-damage|p2a: Scraggindeez|13\/100 tox|[from] psn\n|upkeep\n|turn|20\n|\n|t:|1699634364\n|move|p1a: myooom|Shift Gear|p1a: myooom\n|-boost|p1a: myooom|spe|2\n|-boost|p1a: myooom|atk|1\n|move|p2a: Scraggindeez|Baton Pass|p2a: Scraggindeez\n|\n|t:|1699634375\n|switch|p2a: bloon|Drifblim, M|37\/100 psn|[from] Baton Pass\n|\n|-damage|p2a: bloon|25\/100 psn|[from] psn\n|upkeep\n|turn|21\n|\n|t:|1699634381\n|move|p1a: myooom|Iron Head|p2a: bloon|[miss]\n|-miss|p1a: myooom|p2a: bloon\n|move|p2a: bloon|Calm Mind|p2a: bloon\n|-boost|p2a: bloon|spa|1\n|-boost|p2a: bloon|spd|1\n|\n|-damage|p2a: bloon|12\/100 psn|[from] psn\n|-end|p1a: myooom|Disable\n|upkeep\n|turn|22\n|\n|t:|1699634388\n|move|p1a: myooom|Iron Head|p2a: bloon|[miss]\n|-miss|p1a: myooom|p2a: bloon\n|move|p2a: bloon|Baton Pass|p2a: bloon\n|\n|t:|1699634396\n|switch|p2a: 100% original mon|Kommo-o, F|100\/100|[from] Baton Pass\n|-status|p2a: 100% original mon|tox\n|\n|-damage|p2a: 100% original mon|94\/100 tox|[from] psn\n|upkeep\n|turn|23\n|\n|t:|1699634403\n|move|p1a: myooom|Bulldoze|p2a: 100% original mon\n|-damage|p2a: 100% original mon|54\/100 tox\n|-unboost|p2a: 100% original mon|spe|1\n|-heal|p1a: myooom|87\/100|[from] item: Shell Bell|[of] p2a: 100% original mon\n|move|p2a: 100% original mon|Clangorous Soul|p2a: 100% original mon\n|-boost|p2a: 100% original mon|atk|1\n|-boost|p2a: 100% original mon|def|1\n|-boost|p2a: 100% original mon|spa|1\n|-boost|p2a: 100% original mon|spd|1\n|-boost|p2a: 100% original mon|spe|1\n|-damage|p2a: 100% original mon|21\/100 tox\n|-enditem|p2a: 100% original mon|Throat Spray\n|-boost|p2a: 100% original mon|spa|1|[from] item: Throat Spray\n|\n|-damage|p2a: 100% original mon|9\/100 tox|[from] psn\n|upkeep\n|turn|24\n|\n|t:|1699634419\n|move|p1a: myooom|Shift Gear|p1a: myooom\n|-boost|p1a: myooom|spe|2\n|-boost|p1a: myooom|atk|1\n|move|p2a: 100% original mon|Clanging Scales|p1a: myooom\n|-resisted|p1a: myooom\n|-damage|p1a: myooom|0 fnt\n|faint|p1a: myooom\n|-unboost|p2a: 100% original mon|def|1\n|\n|-damage|p2a: 100% original mon|0 fnt|[from] psn\n|faint|p2a: 100% original mon\n|upkeep\n|\n|t:|1699634429\n|switch|p1a: myooooom|Revavroom, M|100\/100\n|switch|p2a: bloon|Drifblim, M|12\/100 psn\n|turn|25\n|\n|t:|1699634436\n|move|p2a: bloon|Explosion|p1a: myooooom\n|-resisted|p1a: myooooom\n|-damage|p1a: myooooom|70\/100\n|faint|p2a: bloon\n|move|p1a: myooooom|Shift Gear|p1a: myooooom\n|-boost|p1a: myooooom|spe|2\n|-boost|p1a: myooooom|atk|1\n|\n|upkeep\n|inactive|Th3EggLord has 120 seconds left.\n|c|\u2606PersonMcGuyathome|you good buddy?\n|\n|t:|1699634475\n|switch|p2a: Bruce Lee|Annihilape, F|100\/100\n|-status|p2a: Bruce Lee|tox\n|turn|26\n|inactive|Th3EggLord has 120 seconds left.\n|c|\u2606PersonMcGuyathome|ok good\n|c|\u2606Th3EggLord|your team is shit ngl\n|c|\u2606PersonMcGuyathome|yes\n|c|\u2606PersonMcGuyathome|it absolutley is\n|\n|t:|1699634492\n|move|p1a: myooooom|Shift Gear|p1a: myooooom\n|-boost|p1a: myooooom|spe|2\n|-boost|p1a: myooooom|atk|1\n|move|p2a: Bruce Lee|Bulk Up|p2a: Bruce Lee\n|-boost|p2a: Bruce Lee|atk|1\n|-boost|p2a: Bruce Lee|def|1\n|\n|-damage|p2a: Bruce Lee|94\/100 tox|[from] psn\n|upkeep\n|turn|27\n|inactive|Th3EggLord has 120 seconds left.\n|c|\u2606PersonMcGuyathome|but its funny and for some reason it wins like half the time\n|\n|t:|1699634512\n|move|p1a: myooooom|Iron Head|p2a: Bruce Lee\n|-damage|p2a: Bruce Lee|40\/100 tox\n|move|p2a: Bruce Lee|Bulk Up|p2a: Bruce Lee\n|-boost|p2a: Bruce Lee|atk|1\n|-boost|p2a: Bruce Lee|def|1\n|\n|-heal|p2a: Bruce Lee|46\/100 tox|[from] item: Leftovers\n|-damage|p2a: Bruce Lee|34\/100 tox|[from] psn\n|upkeep\n|turn|28\n|inactive|Th3EggLord has 120 seconds left.\n|c|\u2606Th3EggLord|because you just stall with poison\n|\n|t:|1699634522\n|move|p1a: myooooom|Iron Head|p2a: Bruce Lee\n|-damage|p2a: Bruce Lee|0 fnt\n|faint|p2a: Bruce Lee\n|\n|upkeep\n|\n|t:|1699634529\n|switch|p2a: The Last Dab Sauce|Scovillain, M, shiny|100\/100\n|-status|p2a: The Last Dab Sauce|tox\n|turn|29\n|c|\u2606PersonMcGuyathome|oh normally I just hit them with a car lol\n|inactive|PersonMcGuyathome has 120 seconds left.\n|c|\u2606PersonMcGuyathome|also you have no right to call someone out for stall tactics when you're using an evasion team lol\n|\n|t:|1699634561\n|move|p1a: myooooom|Poison Jab|p2a: The Last Dab Sauce\n|-supereffective|p2a: The Last Dab Sauce\n|-damage|p2a: The Last Dab Sauce|0 fnt\n|faint|p2a: The Last Dab Sauce\n|\n|upkeep\n|\n|t:|1699634566\n|switch|p2a: Scraggindeez|Dragapult, M, shiny|13\/100 tox\n|turn|30\n|c|\u2606Th3EggLord|yes i do\n|c|\u2606Th3EggLord|evasion is gambling\n|inactive|PersonMcGuyathome has 120 seconds left.\n|c|\u2606PersonMcGuyathome|now paris\n|c|\u2606Th3EggLord|also you suck kid your not getting the satisfaction of beating me\n|n|\u203dTh3EggLord|th3egglord\n|c|&|\/log Th3EggLord was locked from talking by Artemis for a week. (\u2606Th3EggLord: also you suck kid your not getting the satisfaction of beating me)\n|c|&|\/raw <small>This action was done automatically. Want to learn more about the AI? <a href=\"https:\/\/www.smogon.com\/forums\/threads\/3570628\/#post-9056769\">Visit the information thread<\/a>.<\/small>\n|inactive|Th3EggLord has 120 seconds left.\n|c|\u2606PersonMcGuyathome|Ay man, I'm sorry if this is annoying, but I just play for fun\n|inactive|Th3EggLord has 90 seconds left.\n|l|\u203dTh3EggLord\n|inactive|Th3EggLord disconnected and has a minute to reconnect!\n|player|p2|\n|c|\u2606PersonMcGuyathome|also you raging at car is funny\n|inactive|Th3EggLord has 30 seconds to reconnect!\n|inactive|Th3EggLord has 20 seconds to reconnect!\n|inactive|Th3EggLord has 15 seconds to reconnect!\n|inactive|Th3EggLord has 10 seconds to reconnect!\n|inactive|Th3EggLord has 5 seconds to reconnect!\n|-message|Th3EggLord lost due to inactivity.\n|\n|win|PersonMcGuyathome\n|inactive|Th3EggLord has 30 seconds left this turn.\n|raw|PersonMcGuyathome's rating: 1078 &rarr; <strong>1112<\/strong><br \/>(+34 for winning)\n|raw|Th3EggLord's rating: 1151 &rarr; <strong>1121<\/strong><br \/>(-30 for losing)\n","uploadtime":1699634596,"views":5,"p1id":"personmcguyathome","p2id":"th3egglord","formatid":"gen9anythinggoes","rating":1112,"private":0,"password":""}