{"id":"gen9anythinggoes-1992767090","p1":"papahue","p2":"lightest centaurus","format":"[Gen 9] Anything Goes","log":"|j|\u2606papahue\n|j|\u203dlightest centaurus\n|t:|1700233630\n|gametype|singles\n|player|p1|papahue|170|1428\n|player|p2|lightest centaurus|swimmerf-gen6|1550\n|teamsize|p1|6\n|teamsize|p2|6\n|gen|9\n|tier|[Gen 9] Anything Goes\n|rated|\n|rule|HP Percentage Mod: HP is shown in percentages\n|rule|Endless Battle Clause: Forcing endless battles is banned\n|clearpoke\n|poke|p1|Espathra, F|\n|poke|p1|Grimmsnarl, M|\n|poke|p1|Torkoal, M|\n|poke|p1|Vaporeon, F|\n|poke|p1|Meowscarada, F|\n|poke|p1|Delphox, M|\n|poke|p2|Meowscarada, M|\n|poke|p2|Hatterene, F|\n|poke|p2|Calyrex-Shadow|\n|poke|p2|Arceus|\n|poke|p2|Koraidon|\n|poke|p2|Arceus-Ground|\n|teampreview\n|\n|t:|1700233636\n|start\n|switch|p1a: Ronald G. Snarls|Grimmsnarl, M|100\/100\n|switch|p2a: Meowscarada|Meowscarada, M|100\/100\n|turn|1\n|\n|t:|1700233641\n|move|p2a: Meowscarada|Knock Off|p1a: Ronald G. Snarls\n|-resisted|p1a: Ronald G. Snarls\n|-damage|p1a: Ronald G. Snarls|89\/100\n|-enditem|p1a: Ronald G. Snarls|Light Clay|[from] move: Knock Off|[of] p2a: Meowscarada\n|move|p1a: Ronald G. Snarls|Play Rough|p2a: Meowscarada\n|-supereffective|p2a: Meowscarada\n|-enditem|p2a: Meowscarada|Focus Sash\n|-damage|p2a: Meowscarada|1\/100\n|\n|upkeep\n|turn|2\n|\n|t:|1700233651\n|move|p2a: Meowscarada|Taunt|p1a: Ronald G. Snarls\n|-start|p1a: Ronald G. Snarls|move: Taunt\n|move|p1a: Ronald G. Snarls|Play Rough|p2a: Meowscarada\n|-supereffective|p2a: Meowscarada\n|-damage|p2a: Meowscarada|0 fnt\n|faint|p2a: Meowscarada\n|\n|upkeep\n|\n|t:|1700233657\n|switch|p2a: Arceus|Arceus-Ground|100\/100\n|turn|3\n|\n|t:|1700233661\n|switch|p1a: Flora|Meowscarada, F|100\/100\n|move|p2a: Arceus|Dragon Dance|p2a: Arceus\n|-boost|p2a: Arceus|atk|1\n|-boost|p2a: Arceus|spe|1\n|\n|upkeep\n|turn|4\n|\n|t:|1700233670\n|switch|p2a: Koraidon|Koraidon|100\/100\n|-weather|SunnyDay|[from] ability: Orichalcum Pulse|[of] p2a: Koraidon\n|-activate|p2a: Koraidon|Orichalcum Pulse|[source]\n|move|p1a: Flora|Flower Trick|p2a: Koraidon\n|-resisted|p2a: Koraidon\n|-crit|p2a: Koraidon\n|-damage|p2a: Koraidon|70\/100\n|-damage|p1a: Flora|91\/100|[from] item: Life Orb\n|\n|-weather|SunnyDay|[upkeep]\n|upkeep\n|turn|5\n|\n|t:|1700233677\n|switch|p1a: Oog|Torkoal, M|100\/100\n|move|p2a: Koraidon|Scale Shot|p1a: Oog\n|-damage|p1a: Oog|89\/100\n|-damage|p1a: Oog|78\/100\n|-damage|p1a: Oog|67\/100\n|-damage|p1a: Oog|56\/100\n|-damage|p1a: Oog|46\/100\n|-hitcount|p1a: Oog|5\n|-unboost|p2a: Koraidon|def|1\n|-boost|p2a: Koraidon|spe|1\n|\n|-weather|SunnyDay|[upkeep]\n|upkeep\n|turn|6\n|\n|t:|1700233686\n|move|p2a: Koraidon|Scale Shot|p1a: Oog\n|-damage|p1a: Oog|35\/100\n|-damage|p1a: Oog|24\/100\n|-crit|p1a: Oog\n|-damage|p1a: Oog|8\/100\n|-damage|p1a: Oog|0 fnt\n|faint|p1a: Oog\n|-hitcount|p1: Oog|4\n|-unboost|p2a: Koraidon|def|1\n|-boost|p2a: Koraidon|spe|1\n|\n|-weather|SunnyDay|[upkeep]\n|upkeep\n|\n|t:|1700233689\n|switch|p1a: Ronald G. Snarls|Grimmsnarl, M|89\/100\n|turn|7\n|\n|t:|1700233705\n|switch|p2a: Arceus|Arceus|100\/100\n|move|p1a: Ronald G. Snarls|Reflect|p1a: Ronald G. Snarls\n|-sidestart|p1: papahue|Reflect\n|\n|-weather|SunnyDay|[upkeep]\n|upkeep\n|turn|8\n|\n|t:|1700233709\n|move|p1a: Ronald G. Snarls|Parting Shot|p2a: Arceus\n|-unboost|p2a: Arceus|atk|1\n|-unboost|p2a: Arceus|spa|1\n|\n|t:|1700233715\n|switch|p1a: Flora|Meowscarada, F|91\/100|[from] Parting Shot\n|move|p2a: Arceus|Swords Dance|p2a: Arceus\n|-boost|p2a: Arceus|atk|2\n|\n|-weather|none\n|upkeep\n|turn|9\n|\n|t:|1700233733\n|move|p2a: Arceus|Extreme Speed|p1a: Flora\n|-damage|p1a: Flora|36\/100\n|move|p1a: Flora|Low Kick|p2a: Arceus\n|-supereffective|p2a: Arceus\n|-damage|p2a: Arceus|35\/100\n|-damage|p1a: Flora|26\/100|[from] item: Life Orb\n|\n|upkeep\n|turn|10\n|\n|t:|1700233741\n|move|p2a: Arceus|Extreme Speed|p1a: Flora\n|-damage|p1a: Flora|0 fnt\n|faint|p1a: Flora\n|\n|upkeep\n|\n|t:|1700233742\n|switch|p1a: Anat|Espathra, F|100\/100\n|turn|11\n|\n|t:|1700233753\n|move|p2a: Arceus|Swords Dance|p2a: Arceus\n|-boost|p2a: Arceus|atk|2\n|move|p1a: Anat|Calm Mind|p1a: Anat\n|-boost|p1a: Anat|spa|1\n|-boost|p1a: Anat|spd|1\n|\n|-sideend|p1: papahue|Reflect\n|-ability|p1a: Anat|Speed Boost|boost\n|-boost|p1a: Anat|spe|1\n|upkeep\n|turn|12\n|\n|t:|1700233759\n|-terastallize|p1a: Anat|Ghost\n|move|p2a: Arceus|Extreme Speed|p1a: Anat\n|-immune|p1a: Anat\n|move|p1a: Anat|Calm Mind|p1a: Anat\n|-boost|p1a: Anat|spa|1\n|-boost|p1a: Anat|spd|1\n|\n|-ability|p1a: Anat|Speed Boost|boost\n|-boost|p1a: Anat|spe|1\n|upkeep\n|turn|13\n|\n|t:|1700233769\n|move|p1a: Anat|Stored Power|p2a: Arceus\n|-damage|p2a: Arceus|0 fnt\n|faint|p2a: Arceus\n|\n|-ability|p1a: Anat|Speed Boost|boost\n|-boost|p1a: Anat|spe|1\n|upkeep\n|\n|t:|1700233775\n|switch|p2a: Calyrex|Calyrex-Shadow|100\/100\n|-ability|p2a: Calyrex|As One\n|-ability|p2a: Calyrex|Unnerve\n|turn|14\n|\n|t:|1700233780\n|-terastallize|p2a: Calyrex|Normal\n|move|p1a: Anat|Stored Power|p2a: Calyrex\n|-damage|p2a: Calyrex|0 fnt\n|faint|p2a: Calyrex\n|\n|-ability|p1a: Anat|Speed Boost|boost\n|-boost|p1a: Anat|spe|1\n|upkeep\n|-message|lightest centaurus forfeited.\n|\n|win|papahue\n|raw|papahue's rating: 1428 &rarr; <strong>1455<\/strong><br \/>(+27 for winning)\n|raw|lightest centaurus's rating: 1550 &rarr; <strong>1523<\/strong><br \/>(-27 for losing)\n|c|\u2606papahue|Lol\n|l|\u203dlightest centaurus\n|l|\u2606papahue\n|j|\u2606papahue\n|player|p1|papahue|170\n","uploadtime":1700233928,"views":5,"p1id":"papahue","p2id":"lightestcentaurus","formatid":"gen9anythinggoes","rating":1455,"private":0,"password":""}