{"id":"gen9anythinggoes-1973002939","p1":"gengengalixy","p2":"GeorgieTheArtist","format":"[Gen 9] Anything Goes","log":"|j|\u2606gengengalixy\n|j|\u2606GeorgieTheArtist\n|t:|1697917332\n|gametype|singles\n|player|p1|gengengalixy|170|1153\n|player|p2|GeorgieTheArtist|harlequin|1100\n|teamsize|p1|6\n|teamsize|p2|6\n|gen|9\n|tier|[Gen 9] Anything Goes\n|rated|\n|rule|HP Percentage Mod: HP is shown in percentages\n|rule|Endless Battle Clause: Forcing endless battles is banned\n|clearpoke\n|poke|p1|Umbreon, F|\n|poke|p1|Zoroark, M|\n|poke|p1|Krookodile, M|\n|poke|p1|Muk-Alola, F|\n|poke|p1|Houndoom, M|\n|poke|p1|Hydreigon, F|\n|poke|p2|Decidueye, M|\n|poke|p2|Trevenant, M|\n|poke|p2|Ceruledge, M|\n|poke|p2|Dragapult, M|\n|poke|p2|Zoroark-Hisui, M|\n|poke|p2|Mimikyu, M|\n|teampreview\n|\n|t:|1697917340\n|start\n|switch|p1a: Umbreon|Umbreon, F|100\/100\n|switch|p2a: O Dead Ghost Rat|Mimikyu, M, shiny|100\/100\n|turn|1\n|\n|t:|1697917356\n|move|p2a: O Dead Ghost Rat|Nasty Plot|p2a: O Dead Ghost Rat\n|-boost|p2a: O Dead Ghost Rat|spa|2\n|move|p1a: Umbreon|Thunder Wave|p2a: O Dead Ghost Rat\n|-status|p2a: O Dead Ghost Rat|par\n|\n|upkeep\n|turn|2\n|\n|t:|1697917362\n|move|p1a: Umbreon|Light Screen|p1a: Umbreon\n|-sidestart|p1: gengengalixy|move: Light Screen\n|cant|p2a: O Dead Ghost Rat|par\n|\n|upkeep\n|turn|3\n|\n|t:|1697917366\n|move|p1a: Umbreon|Calm Mind|p1a: Umbreon\n|-boost|p1a: Umbreon|spa|1\n|-boost|p1a: Umbreon|spd|1\n|move|p2a: O Dead Ghost Rat|Flamethrower|p1a: Umbreon\n|-damage|p1a: Umbreon|88\/100\n|\n|-heal|p1a: Umbreon|94\/100|[from] item: Leftovers\n|upkeep\n|turn|4\n|\n|t:|1697917374\n|move|p1a: Umbreon|Calm Mind|p1a: Umbreon\n|-boost|p1a: Umbreon|spa|1\n|-boost|p1a: Umbreon|spd|1\n|move|p2a: O Dead Ghost Rat|Hyper Voice|p1a: Umbreon\n|-damage|p1a: Umbreon|78\/100\n|\n|-heal|p1a: Umbreon|84\/100|[from] item: Leftovers\n|upkeep\n|turn|5\n|\n|t:|1697917409\n|move|p1a: Umbreon|Calm Mind|p1a: Umbreon\n|-boost|p1a: Umbreon|spa|1\n|-boost|p1a: Umbreon|spd|1\n|cant|p2a: O Dead Ghost Rat|par\n|\n|-heal|p1a: Umbreon|90\/100|[from] item: Leftovers\n|upkeep\n|turn|6\n|inactive|Battle timer is ON: inactive players will automatically lose when time's up. (requested by gengengalixy)\n|\n|t:|1697917415\n|move|p1a: Umbreon|Calm Mind|p1a: Umbreon\n|-boost|p1a: Umbreon|spa|1\n|-boost|p1a: Umbreon|spd|1\n|move|p2a: O Dead Ghost Rat|Poltergeist|p1a: Umbreon\n|-activate|p1a: Umbreon|move: Poltergeist|Leftovers\n|-resisted|p1a: Umbreon\n|-damage|p1a: Umbreon|76\/100\n|\n|-heal|p1a: Umbreon|82\/100|[from] item: Leftovers\n|-sideend|p1: gengengalixy|move: Light Screen\n|upkeep\n|turn|7\n|\n|t:|1697917430\n|move|p1a: Umbreon|Light Screen|p1a: Umbreon\n|-sidestart|p1: gengengalixy|move: Light Screen\n|move|p2a: O Dead Ghost Rat|Flamethrower|p1a: Umbreon\n|-damage|p1a: Umbreon|74\/100\n|\n|-heal|p1a: Umbreon|80\/100|[from] item: Leftovers\n|upkeep\n|turn|8\n|\n|t:|1697917447\n|switch|p2a: O Dead Ghost Rat|Mimikyu, M, shiny|100\/100\n|move|p1a: Umbreon|Calm Mind|p1a: Umbreon\n|-boost|p1a: Umbreon|spa|1\n|-boost|p1a: Umbreon|spd|1\n|\n|-heal|p1a: Umbreon|86\/100|[from] item: Leftovers\n|upkeep\n|turn|9\n|\n|t:|1697917455\n|move|p2a: O Dead Ghost Rat|Play Rough|p1a: Umbreon\n|-supereffective|p1a: Umbreon\n|-damage|p1a: Umbreon|0 fnt\n|faint|p1a: Umbreon\n|-damage|p2a: O Dead Ghost Rat|91\/100|[from] item: Life Orb\n|\n|upkeep\n|\n|t:|1697917464\n|switch|p1a: Hydreigon|Hydreigon, F|100\/100\n|turn|10\n|\n|t:|1697917469\n|move|p1a: Hydreigon|Psychic|p2a: O Dead Ghost Rat\n|-activate|p2a: O Dead Ghost Rat|ability: Disguise\n|-damage|p2a: O Dead Ghost Rat|91\/100\n|detailschange|p2a: O Dead Ghost Rat|Mimikyu-Busted, M, shiny\n|-damage|p2a: O Dead Ghost Rat|78\/100|[from] pokemon: Mimikyu-Busted\n|move|p2a: O Dead Ghost Rat|Play Rough|p1a: Hydreigon\n|-supereffective|p1a: Hydreigon\n|-damage|p1a: Hydreigon|0 fnt\n|replace|p1a: Zoroark|Zoroark, M\n|-end|p1a: Zoroark|Illusion\n|faint|p1a: Zoroark\n|-damage|p2a: O Dead Ghost Rat|68\/100|[from] item: Life Orb\n|\n|upkeep\n|\n|t:|1697917474\n|switch|p1a: Krookodile|Krookodile, M|100\/100\n|turn|11\n|\n|t:|1697917486\n|move|p2a: O Dead Ghost Rat|Swords Dance|p2a: O Dead Ghost Rat\n|-boost|p2a: O Dead Ghost Rat|atk|2\n|move|p1a: Krookodile|Aqua Tail|p2a: O Dead Ghost Rat\n|-damage|p2a: O Dead Ghost Rat|22\/100\n|\n|-sideend|p1: gengengalixy|move: Light Screen\n|upkeep\n|turn|12\n|\n|t:|1697917492\n|-terastallize|p1a: Krookodile|Ground\n|move|p2a: O Dead Ghost Rat|Play Rough|p1a: Krookodile\n|-damage|p1a: Krookodile|12\/100\n|-damage|p2a: O Dead Ghost Rat|12\/100|[from] item: Life Orb\n|move|p1a: Krookodile|Aqua Tail|p2a: O Dead Ghost Rat\n|-damage|p2a: O Dead Ghost Rat|0 fnt\n|faint|p2a: O Dead Ghost Rat\n|-ability|p1a: Krookodile|Moxie|boost\n|-boost|p1a: Krookodile|atk|1\n|\n|-heal|p1a: Krookodile|18\/100|[from] item: Leftovers\n|upkeep\n|\n|t:|1697917504\n|switch|p2a: Oooo Ghost TREE|Trevenant, M, shiny|100\/100\n|turn|13\n|\n|t:|1697917515\n|move|p1a: Krookodile|Knock Off|p2a: Oooo Ghost TREE\n|-supereffective|p2a: Oooo Ghost TREE\n|-damage|p2a: Oooo Ghost TREE|0 fnt\n|-enditem|p2a: Oooo Ghost TREE|Sitrus Berry|[from] move: Knock Off|[of] p1a: Krookodile\n|faint|p2a: Oooo Ghost TREE\n|-ability|p1a: Krookodile|Moxie|boost\n|-boost|p1a: Krookodile|atk|1\n|\n|-heal|p1a: Krookodile|24\/100|[from] item: Leftovers\n|upkeep\n|\n|t:|1697917524\n|switch|p2a: Hehe Ghost birb|Decidueye, M, shiny|100\/100\n|turn|14\n|\n|t:|1697917531\n|move|p1a: Krookodile|Knock Off|p2a: Hehe Ghost birb\n|-supereffective|p2a: Hehe Ghost birb\n|-damage|p2a: Hehe Ghost birb|0 fnt\n|-enditem|p2a: Hehe Ghost birb|Life Orb|[from] move: Knock Off|[of] p1a: Krookodile\n|faint|p2a: Hehe Ghost birb\n|-ability|p1a: Krookodile|Moxie|boost\n|-boost|p1a: Krookodile|atk|1\n|\n|-heal|p1a: Krookodile|31\/100|[from] item: Leftovers\n|upkeep\n|\n|t:|1697917543\n|switch|p2a: WOAHx2 GHOST PLANE|Dragapult, M, shiny|100\/100\n|turn|15\n|c|\u2606gengengalixy|GHOST PLANE!!\n|\n|t:|1697917565\n|move|p2a: WOAHx2 GHOST PLANE|Draco Meteor|p1a: Krookodile\n|-damage|p1a: Krookodile|0 fnt\n|-unboost|p2a: WOAHx2 GHOST PLANE|spa|2\n|faint|p1a: Krookodile\n|\n|upkeep\n|c|\u2606gengengalixy|im honestly ashamed to be fighting you\n|c|\u2606gengengalixy|one of your pokemon isnt just called boo\n|\n|t:|1697917574\n|switch|p1a: Muk|Muk-Alola, F|100\/100\n|turn|16\n|inactive|GeorgieTheArtist has 120 seconds left.\n|c|\u2606GeorgieTheArtist|Lol\n|\n|t:|1697917626\n|move|p2a: WOAHx2 GHOST PLANE|Flamethrower|p1a: Muk\n|-damage|p1a: Muk|89\/100\n|move|p1a: Muk|Crunch|p2a: WOAHx2 GHOST PLANE\n|-supereffective|p2a: WOAHx2 GHOST PLANE\n|-damage|p2a: WOAHx2 GHOST PLANE|5\/100\n|\n|-heal|p1a: Muk|95\/100|[from] item: Leftovers\n|upkeep\n|turn|17\n|\n|t:|1697917634\n|move|p2a: WOAHx2 GHOST PLANE|Draco Meteor|p1a: Muk\n|-damage|p1a: Muk|71\/100\n|-unboost|p2a: WOAHx2 GHOST PLANE|spa|2\n|move|p1a: Muk|Crunch|p2a: WOAHx2 GHOST PLANE\n|-supereffective|p2a: WOAHx2 GHOST PLANE\n|-damage|p2a: WOAHx2 GHOST PLANE|0 fnt\n|faint|p2a: WOAHx2 GHOST PLANE\n|\n|-heal|p1a: Muk|77\/100|[from] item: Leftovers\n|upkeep\n|inactive|GeorgieTheArtist has 90 seconds left.\n|c|\u2606gengengalixy|why isnt zoroak or ceruledge named?-\n|\n|t:|1697917664\n|switch|p2a: WOAH Ghost knight!|Ceruledge, M, shiny|100\/100\n|turn|18\n|c|\u2606gengengalixy|AAA\n|c|\u2606GeorgieTheArtist|they are lol\n|\n|t:|1697917681\n|move|p2a: WOAH Ghost knight!|Close Combat|p1a: Muk\n|-damage|p1a: Muk|31\/100\n|-unboost|p2a: WOAH Ghost knight!|def|1\n|-unboost|p2a: WOAH Ghost knight!|spd|1\n|move|p1a: Muk|Crunch|p2a: WOAH Ghost knight!\n|-supereffective|p2a: WOAH Ghost knight!\n|-enditem|p2a: WOAH Ghost knight!|Focus Sash\n|-damage|p2a: WOAH Ghost knight!|1\/100\n|-unboost|p2a: WOAH Ghost knight!|def|1\n|-ability|p2a: WOAH Ghost knight!|Weak Armor|boost\n|-unboost|p2a: WOAH Ghost knight!|def|1\n|-boost|p2a: WOAH Ghost knight!|spe|2\n|\n|-heal|p1a: Muk|37\/100|[from] item: Leftovers\n|upkeep\n|turn|19\n|\n|t:|1697917695\n|move|p2a: WOAH Ghost knight!|Close Combat|p1a: Muk\n|-damage|p1a: Muk|0 fnt\n|-unboost|p2a: WOAH Ghost knight!|def|1\n|-unboost|p2a: WOAH Ghost knight!|spd|1\n|faint|p1a: Muk\n|\n|upkeep\n|\n|t:|1697917707\n|switch|p1a: Houndoom|Houndoom, M|100\/100\n|turn|20\n|\n|t:|1697917714\n|move|p2a: WOAH Ghost knight!|Bitter Blade|p1a: Houndoom\n|-resisted|p1a: Houndoom\n|-damage|p1a: Houndoom|57\/100\n|-heal|p2a: WOAH Ghost knight!|24\/100|[from] drain|[of] p1a: Houndoom\n|move|p1a: Houndoom|Shadow Ball|p2a: WOAH Ghost knight!\n|-supereffective|p2a: WOAH Ghost knight!\n|-damage|p2a: WOAH Ghost knight!|0 fnt\n|faint|p2a: WOAH Ghost knight!\n|\n|upkeep\n|\n|t:|1697917722\n|switch|p2a: Zoroark|Zoroark-Hisui, M, shiny|100\/100 par\n|turn|21\n|\n|t:|1697917730\n|move|p1a: Houndoom|Shadow Ball|p2a: Zoroark\n|-immune|p2a: Zoroark\n|move|p2a: Zoroark|Hyper Voice|p1a: Houndoom\n|-damage|p1a: Houndoom|3\/100\n|\n|upkeep\n|turn|22\n|inactive|GeorgieTheArtist has 90 seconds left.\n|\n|t:|1697917738\n|move|p1a: Houndoom|Rest|p1a: Houndoom\n|-status|p1a: Houndoom|slp|[from] move: Rest\n|-heal|p1a: Houndoom|100\/100 slp|[silent]\n|move|p2a: Zoroark|Hyper Voice|p1a: Houndoom\n|-crit|p1a: Houndoom\n|-damage|p1a: Houndoom|17\/100 slp\n|\n|upkeep\n|turn|23\n|\n|t:|1697917744\n|cant|p1a: Houndoom|slp\n|move|p2a: Zoroark|Hyper Voice|p1a: Houndoom\n|-damage|p1a: Houndoom|0 fnt\n|faint|p1a: Houndoom\n|\n|upkeep\n|\n|t:|1697917750\n|switch|p1a: Hydreigon|Hydreigon, F|100\/100\n|turn|24\n|\n|t:|1697917755\n|move|p1a: Hydreigon|Dark Pulse|p2a: Zoroark\n|-supereffective|p2a: Zoroark\n|-enditem|p2a: Zoroark|Focus Sash\n|-damage|p2a: Zoroark|1\/100 par\n|cant|p2a: Zoroark|flinch\n|\n|upkeep\n|turn|25\n|c|\u2606GeorgieTheArtist|ggs\n|c|\u2606gengengalixy|gg!\n|\n|t:|1697917765\n|move|p1a: Hydreigon|Dark Pulse|p2a: Zoroark\n|-supereffective|p2a: Zoroark\n|-damage|p2a: Zoroark|0 fnt\n|faint|p2a: Zoroark\n|\n|win|gengengalixy\n|raw|gengengalixy's rating: 1153 &rarr; <strong>1174<\/strong><br \/>(+21 for winning)\n|raw|GeorgieTheArtist's rating: 1100 &rarr; <strong>1079<\/strong><br \/>(-21 for losing)\n","uploadtime":1697917769,"views":7,"p1id":"gengengalixy","p2id":"georgietheartist","formatid":"gen9anythinggoes","rating":1079,"private":0,"password":""}