{"id":"gen9anythinggoes-1973904669","p1":"a0211368","p2":"Hzozv","format":"[Gen 9] Anything Goes","log":"|j|\u2606a0211368\n|j|\u2606Hzozv\n|t:|1698026440\n|gametype|singles\n|player|p1|a0211368|steven|1603\n|player|p2|Hzozv|lusamine-nihilego|1529\n|teamsize|p1|6\n|teamsize|p2|6\n|gen|9\n|tier|[Gen 9] Anything Goes\n|rated|\n|rule|HP Percentage Mod: HP is shown in percentages\n|rule|Endless Battle Clause: Forcing endless battles is banned\n|clearpoke\n|poke|p1|Zacian-*|\n|poke|p1|Calyrex-Shadow|\n|poke|p1|Flutter Mane|\n|poke|p1|Landorus-Therian, M|\n|poke|p1|Eternatus|\n|poke|p1|Arceus|\n|poke|p2|Glimmora, F|\n|poke|p2|Miraidon|\n|poke|p2|Koraidon|\n|poke|p2|Iron Bundle|\n|poke|p2|Great Tusk|\n|poke|p2|Ditto|\n|teampreview\n|inactive|Battle timer is ON: inactive players will automatically lose when time's up. (requested by Hzozv)\n|inactive|a0211368 also wants the timer to be on.\n|\n|t:|1698026448\n|start\n|switch|p1a: Flutter Mane|Flutter Mane|100\/100\n|switch|p2a: Glimmora|Glimmora, F|100\/100\n|turn|1\n|\n|t:|1698026455\n|move|p1a: Flutter Mane|Taunt|p2a: Glimmora\n|-start|p2a: Glimmora|move: Taunt\n|cant|p2a: Glimmora|move: Taunt|Stealth Rock\n|\n|upkeep\n|turn|2\n|\n|t:|1698026465\n|move|p1a: Flutter Mane|Thunder Wave|p2a: Glimmora\n|-status|p2a: Glimmora|par\n|cant|p2a: Glimmora|par\n|\n|upkeep\n|turn|3\n|\n|t:|1698026470\n|move|p1a: Flutter Mane|Hex|p2a: Glimmora\n|-damage|p2a: Glimmora|9\/100 par\n|-enditem|p2a: Glimmora|Red Card|[of] p1a: Flutter Mane\n|-end|p1a: Flutter Mane|Protosynthesis|[silent]\n|drag|p1a: Arceus|Arceus|100\/100\n|move|p2a: Glimmora|Dazzling Gleam|p1a: Arceus\n|-damage|p1a: Arceus|81\/100\n|\n|-end|p2a: Glimmora|move: Taunt\n|upkeep\n|turn|4\n|\n|t:|1698026490\n|move|p1a: Arceus|Earthquake|p2a: Glimmora\n|-supereffective|p2a: Glimmora\n|-damage|p2a: Glimmora|0 fnt\n|-activate|p2a: Glimmora|ability: Toxic Debris\n|-sidestart|p1: a0211368|move: Toxic Spikes\n|faint|p2a: Glimmora\n|-damage|p1a: Arceus|71\/100|[from] item: Life Orb\n|\n|upkeep\n|\n|t:|1698026499\n|switch|p2a: Koraidon|Koraidon|100\/100\n|-weather|SunnyDay|[from] ability: Orichalcum Pulse|[of] p2a: Koraidon\n|-activate|p2a: Koraidon|Orichalcum Pulse|[source]\n|turn|5\n|\n|t:|1698026509\n|switch|p1a: Landorus|Landorus-Therian, M|100\/100\n|-ability|p1a: Landorus|Intimidate|boost\n|-unboost|p2a: Koraidon|atk|1\n|move|p2a: Koraidon|U-turn|p1a: Landorus\n|-resisted|p1a: Landorus\n|-damage|p1a: Landorus|90\/100\n|-damage|p2a: Koraidon|84\/100|[from] item: Rocky Helmet|[of] p1a: Landorus\n|\n|t:|1698026523\n|switch|p2a: Iron Bundle|Iron Bundle|100\/100|[from] U-turn\n|\n|-weather|SunnyDay|[upkeep]\n|upkeep\n|turn|6\n|\n|t:|1698026544\n|switch|p1a: Zacian|Zacian-Crowned|100\/100\n|-ability|p1a: Zacian|Intrepid Sword|boost\n|-boost|p1a: Zacian|atk|1\n|move|p2a: Iron Bundle|Ice Beam|p1a: Zacian\n|-resisted|p1a: Zacian\n|-damage|p1a: Zacian|75\/100\n|-damage|p2a: Iron Bundle|91\/100|[from] item: Life Orb\n|\n|-weather|SunnyDay|[upkeep]\n|upkeep\n|turn|7\n|\n|t:|1698026558\n|move|p2a: Iron Bundle|Encore||[still]\n|-fail|p2a: Iron Bundle\n|move|p1a: Zacian|Close Combat|p2a: Iron Bundle\n|-supereffective|p2a: Iron Bundle\n|-damage|p2a: Iron Bundle|0 fnt\n|-unboost|p1a: Zacian|def|1\n|-unboost|p1a: Zacian|spd|1\n|faint|p2a: Iron Bundle\n|-end|p2a: Iron Bundle|Quark Drive|[silent]\n|\n|-weather|SunnyDay|[upkeep]\n|upkeep\n|\n|t:|1698026570\n|switch|p2a: Koraidon|Koraidon|84\/100\n|-activate|p2a: Koraidon|ability: Orichalcum Pulse\n|turn|8\n|\n|t:|1698026588\n|switch|p1a: Landorus|Landorus-Therian, M|90\/100\n|-ability|p1a: Landorus|Intimidate|boost\n|-unboost|p2a: Koraidon|atk|1\n|move|p2a: Koraidon|Flare Blitz|p1a: Landorus\n|-damage|p1a: Landorus|37\/100\n|-damage|p2a: Koraidon|68\/100|[from] item: Rocky Helmet|[of] p1a: Landorus\n|-damage|p2a: Koraidon|50\/100|[from] Recoil\n|\n|-weather|SunnyDay|[upkeep]\n|upkeep\n|turn|9\n|\n|t:|1698026600\n|move|p2a: Koraidon|Flare Blitz|p1a: Landorus\n|-damage|p1a: Landorus|0 fnt\n|-damage|p2a: Koraidon|34\/100|[from] item: Rocky Helmet|[of] p1a: Landorus\n|faint|p1a: Landorus\n|-damage|p2a: Koraidon|21\/100|[from] Recoil\n|\n|-weather|none\n|upkeep\n|\n|t:|1698026614\n|switch|p1a: Eternatus|Eternatus|100\/100\n|-sideend|p1: a0211368|move: Toxic Spikes|[of] p1a: Eternatus\n|-ability|p1a: Eternatus|Pressure\n|turn|10\n|\n|t:|1698026623\n|switch|p2a: Miraidon|Miraidon|100\/100\n|-fieldstart|move: Electric Terrain|[from] ability: Hadron Engine|[of] p2a: Miraidon\n|move|p1a: Eternatus|Cosmic Power|p1a: Eternatus\n|-boost|p1a: Eternatus|def|1\n|-boost|p1a: Eternatus|spd|1\n|\n|upkeep\n|turn|11\n|\n|t:|1698026631\n|-terastallize|p2a: Miraidon|Electric\n|-terastallize|p1a: Eternatus|Steel\n|move|p2a: Miraidon|Volt Switch|p1a: Eternatus\n|-damage|p1a: Eternatus|48\/100\n|\n|t:|1698026638\n|switch|p2a: Koraidon|Koraidon|21\/100|[from] Volt Switch\n|-weather|SunnyDay|[from] ability: Orichalcum Pulse|[of] p2a: Koraidon\n|-activate|p2a: Koraidon|Orichalcum Pulse|[source]\n|move|p1a: Eternatus|Dynamax Cannon|p2a: Koraidon\n|-supereffective|p2a: Koraidon\n|-damage|p2a: Koraidon|0 fnt\n|faint|p2a: Koraidon\n|\n|-weather|SunnyDay|[upkeep]\n|-heal|p1a: Eternatus|54\/100|[from] item: Leftovers\n|upkeep\n|\n|t:|1698026648\n|switch|p2a: Miraidon|Miraidon, tera:Electric|100\/100\n|-activate|p2a: Miraidon|ability: Hadron Engine\n|turn|12\n|\n|t:|1698026657\n|move|p2a: Miraidon|Electro Drift|p1a: Eternatus\n|-damage|p1a: Eternatus|0 fnt\n|faint|p1a: Eternatus\n|\n|-weather|SunnyDay|[upkeep]\n|upkeep\n|\n|t:|1698026680\n|switch|p1a: Flutter Mane|Flutter Mane|100\/100\n|-activate|p1a: Flutter Mane|ability: Protosynthesis\n|-start|p1a: Flutter Mane|protosynthesisspe\n|turn|13\n|\n|t:|1698026689\n|move|p1a: Flutter Mane|Moonblast|p2a: Miraidon\n|-damage|p2a: Miraidon|63\/100\n|-unboost|p2a: Miraidon|spa|1\n|move|p2a: Miraidon|Electro Drift|p1a: Flutter Mane\n|-crit|p1a: Flutter Mane\n|-enditem|p1a: Flutter Mane|Focus Sash\n|-damage|p1a: Flutter Mane|1\/100\n|\n|-weather|SunnyDay|[upkeep]\n|upkeep\n|turn|14\n|\n|t:|1698026707\n|move|p1a: Flutter Mane|Moonblast|p2a: Miraidon\n|-crit|p2a: Miraidon\n|-damage|p2a: Miraidon|7\/100\n|move|p2a: Miraidon|Electro Drift|p1a: Flutter Mane\n|-damage|p1a: Flutter Mane|0 fnt\n|faint|p1a: Flutter Mane\n|-end|p1a: Flutter Mane|Protosynthesis|[silent]\n|\n|-weather|SunnyDay|[upkeep]\n|-fieldend|move: Electric Terrain\n|upkeep\n|\n|t:|1698026717\n|switch|p1a: Arceus|Arceus|71\/100\n|turn|15\n|\n|t:|1698026723\n|switch|p2a: Great Tusk|Great Tusk|100\/100\n|-activate|p2a: Great Tusk|ability: Protosynthesis\n|-start|p2a: Great Tusk|protosynthesisatk\n|move|p1a: Arceus|Extreme Speed|p2a: Great Tusk\n|-damage|p2a: Great Tusk|62\/100\n|-damage|p1a: Arceus|61\/100|[from] item: Life Orb\n|\n|-weather|none\n|-end|p2a: Great Tusk|Protosynthesis\n|upkeep\n|turn|16\n|\n|t:|1698026738\n|move|p1a: Arceus|Extreme Speed|p2a: Great Tusk\n|-damage|p2a: Great Tusk|21\/100\n|-damage|p1a: Arceus|51\/100|[from] item: Life Orb\n|move|p2a: Great Tusk|Headlong Rush|p1a: Arceus\n|-damage|p1a: Arceus|2\/100\n|-unboost|p2a: Great Tusk|def|1\n|-unboost|p2a: Great Tusk|spd|1\n|\n|upkeep\n|turn|17\n|\n|t:|1698026747\n|move|p1a: Arceus|Extreme Speed|p2a: Great Tusk\n|-damage|p2a: Great Tusk|0 fnt\n|faint|p2a: Great Tusk\n|-end|p2a: Great Tusk|Protosynthesis|[silent]\n|-damage|p1a: Arceus|0 fnt|[from] item: Life Orb\n|faint|p1a: Arceus\n|\n|upkeep\n|\n|t:|1698026759\n|switch|p1a: Calyrex|Calyrex-Shadow|100\/100\n|switch|p2a: Miraidon|Miraidon, tera:Electric|7\/100\n|-ability|p1a: Calyrex|As One\n|-ability|p1a: Calyrex|Unnerve\n|-fieldstart|move: Electric Terrain|[from] ability: Hadron Engine|[of] p2a: Miraidon\n|turn|18\n|\n|t:|1698026770\n|move|p1a: Calyrex|Astral Barrage|p2a: Miraidon\n|-damage|p2a: Miraidon|0 fnt\n|faint|p2a: Miraidon\n|-ability|p1a: Calyrex|Grim Neigh|boost\n|-boost|p1a: Calyrex|spa|1\n|\n|upkeep\n|\n|t:|1698026776\n|switch|p2a: Ditto|Ditto|100\/100\n|-transform|p2a: Ditto|p1a: Calyrex|[from] ability: Imposter\n|turn|19\n|\n|t:|1698026781\n|move|p2a: Ditto|Astral Barrage|p1a: Calyrex\n|-supereffective|p1a: Calyrex\n|-damage|p1a: Calyrex|0 fnt\n|faint|p1a: Calyrex\n|-ability|p2a: Ditto|Grim Neigh|boost\n|-boost|p2a: Ditto|spa|1\n|\n|upkeep\n|\n|t:|1698026788\n|switch|p1a: Zacian|Zacian-Crowned|75\/100\n|turn|20\n|\n|t:|1698026791\n|move|p2a: Ditto|Astral Barrage|p1a: Zacian\n|-damage|p1a: Zacian|0 fnt\n|faint|p1a: Zacian\n|\n|win|Hzozv\n|raw|a0211368's rating: 1603 &rarr; <strong>1579<\/strong><br \/>(-24 for losing)\n|raw|Hzozv's rating: 1529 &rarr; <strong>1553<\/strong><br \/>(+24 for winning)\n","uploadtime":1698026799,"views":8,"p1id":"a0211368","p2id":"hzozv","formatid":"gen9anythinggoes","rating":1553,"private":0,"password":""}