{"id":"gen9anythinggoes-1995040278","p1":"papi de quatro","p2":"jiren_the_ese","format":"[Gen 9] Anything Goes","log":"|j|\u2606papi de quatro\n|j|\u2606jiren_the_ese\n|t:|1700516142\n|gametype|singles\n|player|p1|papi de quatro|169|1251\n|player|p2|jiren_the_ese|wattson|1170\n|teamsize|p1|6\n|teamsize|p2|6\n|gen|9\n|tier|[Gen 9] Anything Goes\n|rated|\n|rule|HP Percentage Mod: HP is shown in percentages\n|rule|Endless Battle Clause: Forcing endless battles is banned\n|clearpoke\n|poke|p1|Ninetales-Alola, F|\n|poke|p1|Baxcalibur, M|\n|poke|p1|Orthworm, F|\n|poke|p1|Kingambit, M|\n|poke|p1|Ceruledge, M|\n|poke|p1|Great Tusk|\n|poke|p2|Avalugg, F|\n|poke|p2|Cloyster, F|\n|poke|p2|Greninja-*, M|\n|poke|p2|Volcarona, F|\n|poke|p2|Seviper, F|\n|poke|p2|Raichu, M|\n|teampreview\n|inactive|Battle timer is ON: inactive players will automatically lose when time's up. (requested by papi de quatro)\n|\n|t:|1700516150\n|start\n|switch|p1a: Great Tusk|Great Tusk|100\/100\n|switch|p2a: Cloyster|Cloyster, F|100\/100\n|turn|1\n|\n|t:|1700516157\n|move|p2a: Cloyster|Shell Smash|p2a: Cloyster\n|-unboost|p2a: Cloyster|def|1\n|-unboost|p2a: Cloyster|spd|1\n|-boost|p2a: Cloyster|atk|2\n|-boost|p2a: Cloyster|spa|2\n|-boost|p2a: Cloyster|spe|2\n|move|p1a: Great Tusk|Headlong Rush|p2a: Cloyster\n|-damage|p2a: Cloyster|14\/100\n|-unboost|p1a: Great Tusk|def|1\n|-unboost|p1a: Great Tusk|spd|1\n|\n|upkeep\n|turn|2\n|\n|t:|1700516167\n|move|p2a: Cloyster|Icicle Spear|p1a: Great Tusk\n|-supereffective|p1a: Great Tusk\n|-damage|p1a: Great Tusk|47\/100\n|-supereffective|p1a: Great Tusk\n|-damage|p1a: Great Tusk|0 fnt\n|faint|p1a: Great Tusk\n|-end|p1a: Great Tusk|Protosynthesis|[silent]\n|-hitcount|p1: Great Tusk|2\n|-damage|p2a: Cloyster|4\/100|[from] item: Life Orb\n|\n|upkeep\n|\n|t:|1700516188\n|switch|p1a: Ninetales|Ninetales-Alola, F|100\/100\n|-weather|Snow|[from] ability: Snow Warning|[of] p1a: Ninetales\n|turn|3\n|\n|t:|1700516193\n|move|p2a: Cloyster|Rock Blast|p1a: Ninetales\n|-supereffective|p1a: Ninetales\n|-damage|p1a: Ninetales|67\/100\n|-supereffective|p1a: Ninetales\n|-damage|p1a: Ninetales|34\/100\n|-supereffective|p1a: Ninetales\n|-damage|p1a: Ninetales|0 fnt\n|faint|p1a: Ninetales\n|-hitcount|p1: Ninetales|3\n|-damage|p2a: Cloyster|0 fnt|[from] item: Life Orb\n|faint|p2a: Cloyster\n|\n|-weather|Snow|[upkeep]\n|upkeep\n|\n|t:|1700516202\n|switch|p1a: Orthworm|Orthworm, F|100\/100\n|switch|p2a: Avalugg|Avalugg, F|100\/100\n|turn|4\n|\n|t:|1700516211\n|move|p1a: Orthworm|Shed Tail|p1a: Orthworm\n|-start|p1a: Orthworm|Substitute|[from] move: Shed Tail\n|-damage|p1a: Orthworm|50\/100\n|-enditem|p1a: Orthworm|Sitrus Berry|[eat]\n|-heal|p1a: Orthworm|75\/100|[from] item: Sitrus Berry\n|\n|t:|1700516222\n|switch|p1a: Baxcalibur|Baxcalibur, M|100\/100|[from] Shed Tail\n|move|p2a: Avalugg|Rapid Spin|p1a: Baxcalibur\n|-activate|p1a: Baxcalibur|move: Substitute|[damage]\n|-boost|p2a: Avalugg|spe|1\n|\n|-weather|Snow|[upkeep]\n|upkeep\n|turn|5\n|\n|t:|1700516230\n|move|p1a: Baxcalibur|Dragon Dance|p1a: Baxcalibur\n|-boost|p1a: Baxcalibur|atk|1\n|-boost|p1a: Baxcalibur|spe|1\n|move|p2a: Avalugg|Rapid Spin|p1a: Baxcalibur\n|-crit|p1a: Baxcalibur\n|-activate|p1a: Baxcalibur|move: Substitute|[damage]\n|-boost|p2a: Avalugg|spe|1\n|\n|-weather|Snow|[upkeep]\n|upkeep\n|turn|6\n|\n|t:|1700516238\n|move|p1a: Baxcalibur|Earthquake|p2a: Avalugg\n|-damage|p2a: Avalugg|83\/100\n|move|p2a: Avalugg|Rapid Spin|p1a: Baxcalibur\n|-end|p1a: Baxcalibur|Substitute\n|-boost|p2a: Avalugg|spe|1\n|\n|-weather|Snow|[upkeep]\n|upkeep\n|turn|7\n|\n|t:|1700516251\n|switch|p1a: Orthworm|Orthworm, F|75\/100\n|move|p2a: Avalugg|Rapid Spin|p1a: Orthworm\n|-resisted|p1a: Orthworm\n|-damage|p1a: Orthworm|72\/100\n|-boost|p2a: Avalugg|spe|1\n|\n|-weather|none\n|upkeep\n|turn|8\n|\n|t:|1700516267\n|move|p2a: Avalugg|Body Press|p1a: Orthworm\n|-supereffective|p1a: Orthworm\n|-damage|p1a: Orthworm|25\/100\n|move|p1a: Orthworm|Rest|p1a: Orthworm\n|-status|p1a: Orthworm|slp|[from] move: Rest\n|-heal|p1a: Orthworm|100\/100 slp|[silent]\n|\n|upkeep\n|turn|9\n|\n|t:|1700516274\n|move|p2a: Avalugg|Rapid Spin|p1a: Orthworm\n|-resisted|p1a: Orthworm\n|-damage|p1a: Orthworm|97\/100 slp\n|-boost|p2a: Avalugg|spe|1\n|cant|p1a: Orthworm|slp\n|\n|upkeep\n|turn|10\n|\n|t:|1700516283\n|move|p2a: Avalugg|Rapid Spin|p1a: Orthworm\n|-resisted|p1a: Orthworm\n|-damage|p1a: Orthworm|94\/100 slp\n|-boost|p2a: Avalugg|spe|1\n|cant|p1a: Orthworm|slp\n|\n|upkeep\n|turn|11\n|\n|t:|1700516290\n|move|p2a: Avalugg|Body Press|p1a: Orthworm\n|-supereffective|p1a: Orthworm\n|-damage|p1a: Orthworm|52\/100 slp\n|-curestatus|p1a: Orthworm|slp|[msg]\n|move|p1a: Orthworm|Shed Tail|p1a: Orthworm\n|-start|p1a: Orthworm|Substitute|[from] move: Shed Tail\n|-damage|p1a: Orthworm|2\/100\n|\n|t:|1700516297\n|switch|p1a: Ceruledge|Ceruledge, M|100\/100|[from] Shed Tail\n|\n|upkeep\n|turn|12\n|\n|t:|1700516309\n|move|p1a: Ceruledge|Swords Dance|p1a: Ceruledge\n|-boost|p1a: Ceruledge|atk|2\n|move|p2a: Avalugg|Avalanche|p1a: Ceruledge\n|-resisted|p1a: Ceruledge\n|-activate|p1a: Ceruledge|move: Substitute|[damage]\n|\n|upkeep\n|turn|13\n|\n|t:|1700516323\n|switch|p2a: Volcarona|Volcarona, F|100\/100\n|move|p1a: Ceruledge|Swords Dance|p1a: Ceruledge\n|-boost|p1a: Ceruledge|atk|2\n|\n|upkeep\n|turn|14\n|\n|t:|1700516333\n|move|p2a: Volcarona|Calm Mind|p2a: Volcarona\n|-boost|p2a: Volcarona|spa|1\n|-boost|p2a: Volcarona|spd|1\n|move|p1a: Ceruledge|Poltergeist|p2a: Volcarona\n|-activate|p2a: Volcarona|move: Poltergeist|Expert Belt\n|-damage|p2a: Volcarona|0 fnt\n|faint|p2a: Volcarona\n|\n|upkeep\n|\n|t:|1700516341\n|switch|p2a: Greninja|Greninja, M|100\/100\n|turn|15\n|\n|t:|1700516348\n|move|p2a: Greninja|Dark Pulse|p1a: Ceruledge\n|-supereffective|p1a: Ceruledge\n|-end|p1a: Ceruledge|Substitute\n|move|p1a: Ceruledge|Poltergeist|p2a: Greninja\n|-activate|p2a: Greninja|move: Poltergeist|Expert Belt\n|-resisted|p2a: Greninja\n|-damage|p2a: Greninja|0 fnt\n|faint|p2a: Greninja\n|\n|upkeep\n|\n|t:|1700516359\n|switch|p2a: Raichu|Raichu, M|100\/100\n|turn|16\n|\n|t:|1700516369\n|move|p2a: Raichu|Thunderbolt|p1a: Ceruledge\n|-damage|p1a: Ceruledge|54\/100\n|-status|p1a: Ceruledge|par\n|move|p1a: Ceruledge|Poltergeist|p2a: Raichu\n|-activate|p2a: Raichu|move: Poltergeist|Expert Belt\n|-damage|p2a: Raichu|0 fnt\n|faint|p2a: Raichu\n|\n|upkeep\n|\n|t:|1700516374\n|switch|p2a: Seviper|Seviper, F|100\/100\n|turn|17\n|\n|t:|1700516383\n|move|p2a: Seviper|Coil|p2a: Seviper\n|-boost|p2a: Seviper|atk|1\n|-boost|p2a: Seviper|def|1\n|-boost|p2a: Seviper|accuracy|1\n|move|p1a: Ceruledge|Bitter Blade|p2a: Seviper\n|-damage|p2a: Seviper|0 fnt\n|-heal|p1a: Ceruledge|100\/100 par|[from] drain|[of] p2a: Seviper\n|faint|p2a: Seviper\n|\n|upkeep\n|\n|t:|1700516387\n|switch|p2a: Avalugg|Avalugg, F|83\/100\n|turn|18\n|-message|jiren_the_ese forfeited.\n|\n|win|papi de quatro\n|raw|papi de quatro's rating: 1251 &rarr; <strong>1270<\/strong><br \/>(+19 for winning)\n|raw|jiren_the_ese's rating: 1170 &rarr; <strong>1151<\/strong><br \/>(-19 for losing)\n|l|\u2606jiren_the_ese\n","uploadtime":1700516397,"views":0,"p1id":"papidequatro","p2id":"jirentheese","formatid":"gen9anythinggoes","rating":1151,"private":0,"password":""}