{"id":"gen9anythinggoes-1983166912","p1":"Mysticat_Minecraft","p2":"Dumbfudge","format":"[Gen 9] Anything Goes","log":"|j|\u2606Mysticat_Minecraft\n|j|\u2606Dumbfudge\n|t:|1699099276\n|gametype|singles\n|player|p1|Mysticat_Minecraft|steven|1120\n|player|p2|Dumbfudge|blackbelt-gen4dp|1420\n|teamsize|p1|6\n|teamsize|p2|6\n|gen|9\n|tier|[Gen 9] Anything Goes\n|rated|\n|rule|HP Percentage Mod: HP is shown in percentages\n|rule|Endless Battle Clause: Forcing endless battles is banned\n|clearpoke\n|poke|p1|Ogerpon-Hearthflame, F|\n|poke|p1|Calyrex-Shadow|\n|poke|p1|Palafin, M|\n|poke|p1|Regieleki|\n|poke|p1|Ceruledge, M|\n|poke|p1|Armarouge, M|\n|poke|p2|Giratina|\n|poke|p2|Zacian-*|\n|poke|p2|Shaymin-Sky|\n|poke|p2|Jumpluff, F|\n|poke|p2|Calyrex-Shadow|\n|poke|p2|Koraidon|\n|teampreview\n|\n|t:|1699099284\n|start\n|switch|p1a: Palafin|Palafin, M|100\/100\n|switch|p2a: Shaymin|Shaymin-Sky|100\/100\n|turn|1\n|\n|t:|1699099290\n|move|p2a: Shaymin|Air Slash|p1a: Palafin\n|-damage|p1a: Palafin|49\/100\n|move|p1a: Palafin|Flip Turn|p2a: Shaymin\n|-resisted|p2a: Shaymin\n|-damage|p2a: Shaymin|86\/100\n|\n|t:|1699099295\n|detailschange|p1a: Palafin|Palafin-Hero, M\n|switch|p1a: Regieleki|Regieleki|100\/100|[from] Flip Turn\n|\n|upkeep\n|turn|2\n|\n|t:|1699099302\n|move|p2a: Shaymin|Air Slash|p1a: Regieleki\n|-resisted|p1a: Regieleki\n|-damage|p1a: Regieleki|66\/100\n|cant|p1a: Regieleki|flinch\n|\n|upkeep\n|turn|3\n|\n|t:|1699099308\n|move|p2a: Shaymin|Air Slash|p1a: Regieleki\n|-resisted|p1a: Regieleki\n|-damage|p1a: Regieleki|31\/100\n|cant|p1a: Regieleki|flinch\n|\n|upkeep\n|turn|4\n|\n|t:|1699099314\n|move|p2a: Shaymin|Air Slash|p1a: Regieleki\n|-resisted|p1a: Regieleki\n|-damage|p1a: Regieleki|0 fnt\n|faint|p1a: Regieleki\n|\n|upkeep\n|\n|t:|1699099319\n|switch|p1a: Palafin|Palafin-Hero, M|49\/100\n|-activate|p1a: Palafin|ability: Zero to Hero\n|turn|5\n|\n|t:|1699099324\n|move|p2a: Shaymin|Air Slash|p1a: Palafin\n|-damage|p1a: Palafin|11\/100\n|cant|p1a: Palafin|flinch\n|\n|upkeep\n|turn|6\n|\n|t:|1699099331\n|move|p2a: Shaymin|Air Slash|p1a: Palafin\n|-damage|p1a: Palafin|0 fnt\n|faint|p1a: Palafin\n|\n|upkeep\n|\n|t:|1699099333\n|switch|p1a: Ogerpon|Ogerpon-Hearthflame, F|100\/100\n|-ability|p1a: Ogerpon|Mold Breaker\n|turn|7\n|\n|t:|1699099339\n|move|p2a: Shaymin|Air Slash|p1a: Ogerpon\n|-supereffective|p1a: Ogerpon\n|-damage|p1a: Ogerpon|10\/100\n|cant|p1a: Ogerpon|flinch\n|\n|upkeep\n|turn|8\n|\n|t:|1699099345\n|move|p1a: Ogerpon|Protect|p1a: Ogerpon\n|-singleturn|p1a: Ogerpon|Protect\n|move|p2a: Shaymin|Air Slash|p1a: Ogerpon\n|-activate|p1a: Ogerpon|move: Protect\n|\n|upkeep\n|turn|9\n|\n|t:|1699099353\n|switch|p1a: Calyrex|Calyrex-Shadow|100\/100\n|-ability|p1a: Calyrex|As One\n|-ability|p1a: Calyrex|Unnerve\n|move|p2a: Shaymin|Air Slash|p1a: Calyrex\n|-crit|p1a: Calyrex\n|-damage|p1a: Calyrex|44\/100\n|\n|upkeep\n|turn|10\n|\n|t:|1699099362\n|move|p2a: Shaymin|Air Slash|p1a: Calyrex\n|-damage|p1a: Calyrex|8\/100\n|move|p1a: Calyrex|Astral Barrage|p2a: Shaymin\n|-damage|p2a: Shaymin|0 fnt\n|faint|p2a: Shaymin\n|-ability|p1a: Calyrex|Grim Neigh|boost\n|-boost|p1a: Calyrex|spa|1\n|\n|upkeep\n|\n|t:|1699099372\n|switch|p2a: Giratina|Giratina|100\/100\n|-ability|p2a: Giratina|Pressure\n|turn|11\n|\n|t:|1699099378\n|move|p2a: Giratina|Shadow Sneak|p1a: Calyrex\n|-supereffective|p1a: Calyrex\n|-damage|p1a: Calyrex|0 fnt\n|faint|p1a: Calyrex\n|\n|upkeep\n|c|\u2606Mysticat_Minecraft|you are annoying\n|\n|t:|1699099386\n|switch|p1a: Ceruledge|Ceruledge, M|100\/100\n|turn|12\n|\n|t:|1699099396\n|move|p1a: Ceruledge|Shadow Claw|p2a: Giratina\n|-supereffective|p2a: Giratina\n|-damage|p2a: Giratina|47\/100\n|-damage|p1a: Ceruledge|84\/100|[from] item: Rocky Helmet|[of] p2a: Giratina\n|move|p2a: Giratina|Outrage|p1a: Ceruledge\n|-damage|p1a: Ceruledge|11\/100\n|-damage|p2a: Giratina|30\/100|[from] item: Rocky Helmet|[of] p1a: Ceruledge\n|-ability|p1a: Ceruledge|Weak Armor|boost\n|-unboost|p1a: Ceruledge|def|1\n|-boost|p1a: Ceruledge|spe|2\n|\n|upkeep\n|turn|13\n|\n|t:|1699099419\n|move|p1a: Ceruledge|Shadow Claw|p2a: Giratina\n|-supereffective|p2a: Giratina\n|-crit|p2a: Giratina\n|-damage|p2a: Giratina|0 fnt\n|-damage|p1a: Ceruledge|0 fnt|[from] item: Rocky Helmet|[of] p2a: Giratina\n|faint|p2a: Giratina\n|faint|p1a: Ceruledge\n|\n|upkeep\n|\n|t:|1699099429\n|switch|p1a: Ogerpon|Ogerpon-Hearthflame, F|10\/100\n|switch|p2a: Koraidon|Koraidon|100\/100\n|-weather|SunnyDay|[from] ability: Orichalcum Pulse|[of] p2a: Koraidon\n|-activate|p2a: Koraidon|Orichalcum Pulse|[source]\n|-ability|p1a: Ogerpon|Mold Breaker\n|turn|14\n|\n|t:|1699099438\n|move|p2a: Koraidon|Flame Charge|p1a: Ogerpon\n|-damage|p1a: Ogerpon|0 fnt\n|-boost|p2a: Koraidon|spe|1\n|faint|p1a: Ogerpon\n|\n|-weather|SunnyDay|[upkeep]\n|upkeep\n|\n|t:|1699099442\n|switch|p1a: Armarouge|Armarouge, M|100\/100\n|turn|15\n|\n|t:|1699099450\n|-terastallize|p1a: Armarouge|Fire\n|move|p2a: Koraidon|Collision Course|p1a: Armarouge\n|-damage|p1a: Armarouge|22\/100\n|-ability|p1a: Armarouge|Weak Armor|boost\n|-unboost|p1a: Armarouge|def|1\n|-boost|p1a: Armarouge|spe|2\n|move|p1a: Armarouge|Psychic|p2a: Koraidon\n|-supereffective|p2a: Koraidon\n|-crit|p2a: Koraidon\n|-damage|p2a: Koraidon|0 fnt\n|faint|p2a: Koraidon\n|\n|-weather|SunnyDay|[upkeep]\n|-heal|p1a: Armarouge|29\/100|[from] item: Leftovers\n|upkeep\n|\n|t:|1699099466\n|switch|p2a: Jumpluff|Jumpluff, F|100\/100\n|turn|16\n|inactive|Battle timer is ON: inactive players will automatically lose when time's up. (requested by Dumbfudge)\n|\n|t:|1699099514\n|move|p2a: Jumpluff|Sleep Powder|p1a: Armarouge\n|-status|p1a: Armarouge|slp|[from] move: Sleep Powder\n|cant|p1a: Armarouge|slp\n|\n|-weather|SunnyDay|[upkeep]\n|-heal|p1a: Armarouge|35\/100 slp|[from] item: Leftovers\n|upkeep\n|turn|17\n|\n|t:|1699099525\n|cant|p1a: Armarouge|slp\n|move|p2a: Jumpluff|Substitute|p2a: Jumpluff\n|-start|p2a: Jumpluff|Substitute\n|-damage|p2a: Jumpluff|76\/100\n|\n|-weather|SunnyDay|[upkeep]\n|-heal|p1a: Armarouge|41\/100 slp|[from] item: Leftovers\n|upkeep\n|turn|18\n|\n|t:|1699099535\n|move|p2a: Jumpluff|Baton Pass|p2a: Jumpluff\n|\n|t:|1699099538\n|switch|p2a: Calyrex|Calyrex-Shadow|100\/100|[from] Baton Pass\n|-ability|p2a: Calyrex|As One\n|-ability|p2a: Calyrex|Unnerve\n|cant|p1a: Armarouge|slp\n|\n|-weather|none\n|-heal|p1a: Armarouge|47\/100 slp|[from] item: Leftovers\n|upkeep\n|turn|19\n|\n|t:|1699099550\n|move|p2a: Calyrex|Astral Barrage|p1a: Armarouge\n|-damage|p1a: Armarouge|0 fnt\n|faint|p1a: Armarouge\n|\n|win|Dumbfudge\n|raw|Mysticat_Minecraft's rating: 1120 &rarr; <strong>1112<\/strong><br \/>(-8 for losing)\n|raw|Dumbfudge's rating: 1420 &rarr; <strong>1426<\/strong><br \/>(+6 for winning)\n|l|\u2606Mysticat_Minecraft\n","uploadtime":1699099559,"views":8,"p1id":"mysticatminecraft","p2id":"dumbfudge","formatid":"gen9anythinggoes","rating":1112,"private":0,"password":""}