{"id":"gen9anythinggoes-1984181109","p1":"lengandia","p2":"Ehtasham","format":"[Gen 9] Anything Goes","log":"|j|\u2606lengandia\n|j|\u2606Ehtasham\n|t:|1699227278\n|gametype|singles\n|player|p1|lengandia|jupiter|\n|player|p2|Ehtasham|101|\n|teamsize|p1|6\n|teamsize|p2|6\n|gen|9\n|tier|[Gen 9] Anything Goes\n|rule|HP Percentage Mod: HP is shown in percentages\n|rule|Endless Battle Clause: Forcing endless battles is banned\n|clearpoke\n|poke|p1|Chien-Pao|\n|poke|p1|Hatterene, F|\n|poke|p1|Krookodile, M|\n|poke|p1|Corviknight, F|\n|poke|p1|Dragapult, M|\n|poke|p1|Toxapex, M|\n|poke|p2|Meowscarada, F|\n|poke|p2|Zoroark, M|\n|poke|p2|Quaquaval, F|\n|poke|p2|Dragonite, F|\n|poke|p2|Ceruledge, F|\n|poke|p2|Great Tusk|\n|teampreview\n|c|\u2606lengandia|glhd\n|l|\u2606Ehtasham\n|player|p2|\n|c|\u2606lengandia|f\n|c|\u2606lengandia|whoops\n|j|\u2606Ehtasham\n|player|p2|Ehtasham|101\n|c|\u2606lengandia|welcome back\n|\n|t:|1699227350\n|start\n|switch|p1a: Shulker|Toxapex, M|100\/100\n|switch|p2a: Quaquaval|Quaquaval, F|100\/100\n|turn|1\n|\n|t:|1699227383\n|move|p2a: Quaquaval|Calm Mind|p2a: Quaquaval\n|-boost|p2a: Quaquaval|spa|1\n|-boost|p2a: Quaquaval|spd|1\n|move|p1a: Shulker|Toxic|p2a: Quaquaval\n|-status|p2a: Quaquaval|tox\n|\n|-damage|p2a: Quaquaval|94\/100 tox|[from] psn\n|upkeep\n|turn|2\n|\n|t:|1699227409\n|move|p2a: Quaquaval|Dark Pulse|p1a: Shulker\n|-damage|p1a: Shulker|51\/100\n|move|p1a: Shulker|Poison Jab|p2a: Quaquaval\n|-damage|p2a: Quaquaval|44\/100 tox\n|replace|p2a: Zoroark|Zoroark, M\n|-end|p2a: Zoroark|Illusion\n|\n|-damage|p2a: Zoroark|32\/100 tox|[from] psn\n|upkeep\n|turn|3\n|\n|t:|1699227429\n|move|p2a: Zoroark|Dark Pulse|p1a: Shulker\n|-damage|p1a: Shulker|1\/100\n|move|p1a: Shulker|Poison Jab|p2a: Zoroark\n|-damage|p2a: Zoroark|0 fnt\n|faint|p2a: Zoroark\n|\n|upkeep\n|\n|t:|1699227445\n|switch|p2a: Meowscarada|Meowscarada, F|100\/100\n|turn|4\n|\n|t:|1699227457\n|switch|p1a: Lenore|Corviknight, F|100\/100\n|move|p2a: Meowscarada|Play Rough|p1a: Lenore\n|-start|p2a: Meowscarada|typechange|Fairy|[from] ability: Protean\n|-resisted|p1a: Lenore\n|-damage|p1a: Lenore|85\/100\n|\n|upkeep\n|turn|5\n|\n|t:|1699227514\n|switch|p2a: Ceruledge|Ceruledge, F, shiny|100\/100\n|move|p1a: Lenore|Bulk Up|p1a: Lenore\n|-boost|p1a: Lenore|atk|1\n|-boost|p1a: Lenore|def|1\n|\n|upkeep\n|turn|6\n|\n|t:|1699227542\n|switch|p1a: Dirk|Krookodile, M|100\/100\n|-ability|p1a: Dirk|Intimidate|boost\n|-unboost|p2a: Ceruledge|atk|1\n|move|p2a: Ceruledge|Bitter Blade|p1a: Dirk\n|-damage|p1a: Dirk|60\/100\n|\n|upkeep\n|turn|7\n|\n|t:|1699227566\n|switch|p2a: Great Tusk|Great Tusk|100\/100\n|move|p1a: Dirk|Earthquake|p2a: Great Tusk\n|-damage|p2a: Great Tusk|73\/100\n|\n|-heal|p2a: Great Tusk|79\/100|[from] item: Leftovers\n|upkeep\n|turn|8\n|\n|t:|1699227586\n|switch|p1a: Major|Hatterene, F|100\/100\n|move|p2a: Great Tusk|Ice Spinner|p1a: Major\n|-damage|p1a: Major|67\/100\n|\n|-heal|p2a: Great Tusk|85\/100|[from] item: Leftovers\n|-heal|p1a: Major|74\/100|[from] item: Leftovers\n|upkeep\n|turn|9\n|\n|t:|1699227624\n|move|p2a: Great Tusk|Earthquake|p1a: Major\n|-damage|p1a: Major|16\/100\n|move|p1a: Major|Dazzling Gleam|p2a: Great Tusk\n|-supereffective|p2a: Great Tusk\n|-damage|p2a: Great Tusk|0 fnt\n|faint|p2a: Great Tusk\n|-end|p2a: Great Tusk|Protosynthesis|[silent]\n|\n|-heal|p1a: Major|22\/100|[from] item: Leftovers\n|upkeep\n|\n|t:|1699227634\n|switch|p2a: Meowscarada|Meowscarada, F|100\/100\n|turn|10\n|\n|t:|1699227640\n|move|p1a: Major|Protect|p1a: Major\n|-singleturn|p1a: Major|Protect\n|move|p2a: Meowscarada|Flower Trick|p1a: Major\n|-start|p2a: Meowscarada|typechange|Grass|[from] ability: Protean\n|-activate|p1a: Major|move: Protect\n|\n|-heal|p1a: Major|28\/100|[from] item: Leftovers\n|upkeep\n|turn|11\n|\n|t:|1699227659\n|switch|p1a: Lenore|Corviknight, F|85\/100\n|move|p2a: Meowscarada|Flower Trick|p1a: Lenore\n|-resisted|p1a: Lenore\n|-crit|p1a: Lenore\n|-damage|p1a: Lenore|75\/100\n|\n|upkeep\n|turn|12\n|\n|t:|1699227669\n|switch|p2a: Ceruledge|Ceruledge, F, shiny|100\/100\n|move|p1a: Lenore|Drill Peck|p2a: Ceruledge\n|-damage|p2a: Ceruledge|57\/100\n|-ability|p2a: Ceruledge|Weak Armor|boost\n|-unboost|p2a: Ceruledge|def|1\n|-boost|p2a: Ceruledge|spe|2\n|\n|upkeep\n|turn|13\n|\n|t:|1699227691\n|switch|p1a: Dirk|Krookodile, M|60\/100\n|-ability|p1a: Dirk|Intimidate|boost\n|-unboost|p2a: Ceruledge|atk|1\n|move|p2a: Ceruledge|Close Combat|p1a: Dirk\n|-supereffective|p1a: Dirk\n|-crit|p1a: Dirk\n|-damage|p1a: Dirk|0 fnt\n|-unboost|p2a: Ceruledge|def|1\n|-unboost|p2a: Ceruledge|spd|1\n|faint|p1a: Dirk\n|\n|upkeep\n|c|\u2606lengandia|I should've seen that coming\n|\n|t:|1699227724\n|switch|p1a: Bolt|Dragapult, M|100\/100\n|turn|14\n|\n|t:|1699227738\n|-terastallize|p2a: Ceruledge|Fighting\n|move|p1a: Bolt|Sucker Punch|p2a: Ceruledge\n|-resisted|p2a: Ceruledge\n|-damage|p2a: Ceruledge|28\/100\n|-ability|p2a: Ceruledge|Weak Armor|boost\n|-unboost|p2a: Ceruledge|def|1\n|-boost|p2a: Ceruledge|spe|2\n|move|p2a: Ceruledge|Poltergeist|p1a: Bolt\n|-activate|p1a: Bolt|move: Poltergeist|King's Rock\n|-supereffective|p1a: Bolt\n|-crit|p1a: Bolt\n|-damage|p1a: Bolt|0 fnt\n|faint|p1a: Bolt\n|\n|upkeep\n|\n|t:|1699227766\n|switch|p1a: Major|Hatterene, F|28\/100\n|turn|15\n|\n|t:|1699227778\n|move|p1a: Major|Protect|p1a: Major\n|-singleturn|p1a: Major|Protect\n|move|p2a: Ceruledge|Poison Jab|p1a: Major\n|-activate|p1a: Major|move: Protect\n|\n|-heal|p1a: Major|35\/100|[from] item: Leftovers\n|upkeep\n|turn|16\n|\n|t:|1699227798\n|move|p2a: Ceruledge|Bitter Blade|p1a: Major\n|-damage|p1a: Major|6\/100\n|-heal|p2a: Ceruledge|42\/100|[from] drain|[of] p1a: Major\n|move|p1a: Major|Dazzling Gleam|p2a: Ceruledge\n|-supereffective|p2a: Ceruledge\n|-damage|p2a: Ceruledge|0 fnt\n|faint|p2a: Ceruledge\n|\n|-heal|p1a: Major|12\/100|[from] item: Leftovers\n|upkeep\n|\n|t:|1699227824\n|switch|p2a: Meowscarada|Meowscarada, F|100\/100\n|turn|17\n|\n|t:|1699227844\n|move|p1a: Major|Protect|p1a: Major\n|-singleturn|p1a: Major|Protect\n|move|p2a: Meowscarada|Knock Off|p1a: Major\n|-start|p2a: Meowscarada|typechange|Dark|[from] ability: Protean\n|-activate|p1a: Major|move: Protect\n|\n|-heal|p1a: Major|18\/100|[from] item: Leftovers\n|upkeep\n|turn|18\n|\n|t:|1699227879\n|move|p2a: Meowscarada|Knock Off|p1a: Major\n|-damage|p1a: Major|0 fnt\n|-enditem|p1a: Major|Leftovers|[from] move: Knock Off|[of] p2a: Meowscarada\n|faint|p1a: Major\n|\n|upkeep\n|\n|t:|1699227894\n|switch|p1a: Lenore|Corviknight, F|75\/100\n|turn|19\n|\n|t:|1699227906\n|switch|p2a: Dragonite|Dragonite, F, shiny|100\/100\n|move|p1a: Lenore|Body Press|p2a: Dragonite\n|-resisted|p2a: Dragonite\n|-damage|p2a: Dragonite|95\/100\n|\n|upkeep\n|turn|20\n|\n|t:|1699227931\n|move|p2a: Dragonite|Blizzard|p1a: Lenore|[miss]\n|-miss|p2a: Dragonite|p1a: Lenore\n|move|p1a: Lenore|Iron Head|p2a: Dragonite\n|-crit|p2a: Dragonite\n|-damage|p2a: Dragonite|48\/100\n|\n|upkeep\n|turn|21\n|\n|t:|1699227951\n|move|p2a: Dragonite|Blizzard|p1a: Lenore|[miss]\n|-miss|p2a: Dragonite|p1a: Lenore\n|move|p1a: Lenore|Iron Head|p2a: Dragonite\n|-crit|p2a: Dragonite\n|-damage|p2a: Dragonite|7\/100\n|\n|upkeep\n|turn|22\n|c|\u2606lengandia|LMAO??\n|\n|t:|1699227962\n|move|p2a: Dragonite|Blizzard|p1a: Lenore\n|-damage|p1a: Lenore|41\/100\n|-status|p1a: Lenore|frz\n|cant|p1a: Lenore|frz\n|\n|upkeep\n|turn|23\n|c|\u2606lengandia|eating my words brb\n|\n|t:|1699227990\n|move|p2a: Dragonite|Draco Meteor|p1a: Lenore|[miss]\n|-miss|p2a: Dragonite|p1a: Lenore\n|cant|p1a: Lenore|frz\n|\n|upkeep\n|turn|24\n|\n|t:|1699227999\n|move|p2a: Dragonite|Draco Meteor|p1a: Lenore|[miss]\n|-miss|p2a: Dragonite|p1a: Lenore\n|cant|p1a: Lenore|frz\n|\n|upkeep\n|turn|25\n|c|\u2606lengandia|oh my god this is just unfortunate at this point\n|c|\u2606lengandia|I just feel bad\n|\n|t:|1699228018\n|move|p2a: Dragonite|Draco Meteor|p1a: Lenore\n|-resisted|p1a: Lenore\n|-damage|p1a: Lenore|11\/100 frz\n|-unboost|p2a: Dragonite|spa|2\n|cant|p1a: Lenore|frz\n|\n|upkeep\n|turn|26\n|c|\u2606lengandia|do you not. unfreeze naturally\n|\n|t:|1699228040\n|move|p2a: Dragonite|Thunderbolt|p1a: Lenore\n|-supereffective|p1a: Lenore\n|-damage|p1a: Lenore|0 fnt\n|faint|p1a: Lenore\n|\n|upkeep\n|\n|t:|1699228050\n|switch|p1a: P03|Chien-Pao|100\/100\n|-ability|p1a: P03|Sword of Ruin\n|turn|27\n|\n|t:|1699228077\n|move|p1a: P03|Ruination|p2a: Dragonite\n|-damage|p2a: Dragonite|4\/100\n|move|p2a: Dragonite|Thunderbolt|p1a: P03\n|-damage|p1a: P03|87\/100\n|\n|upkeep\n|turn|28\n|\n|t:|1699228093\n|move|p1a: P03|Icicle Crash|p2a: Dragonite\n|-supereffective|p2a: Dragonite\n|-damage|p2a: Dragonite|0 fnt\n|faint|p2a: Dragonite\n|\n|upkeep\n|\n|t:|1699228099\n|switch|p2a: Quaquaval|Quaquaval, F|100\/100\n|turn|29\n|\n|t:|1699228114\n|switch|p1a: Shulker|Toxapex, M|34\/100\n|move|p2a: Quaquaval|Close Combat|p1a: Shulker\n|-resisted|p1a: Shulker\n|-damage|p1a: Shulker|11\/100\n|-unboost|p2a: Quaquaval|def|1\n|-unboost|p2a: Quaquaval|spd|1\n|-damage|p2a: Quaquaval|84\/100|[from] item: Rocky Helmet|[of] p1a: Shulker\n|\n|upkeep\n|turn|30\n|\n|t:|1699228131\n|move|p2a: Quaquaval|Close Combat|p1a: Shulker\n|-resisted|p1a: Shulker\n|-damage|p1a: Shulker|0 fnt\n|-unboost|p2a: Quaquaval|def|1\n|-unboost|p2a: Quaquaval|spd|1\n|-damage|p2a: Quaquaval|68\/100|[from] item: Rocky Helmet|[of] p1a: Shulker\n|faint|p1a: Shulker\n|-ability|p2a: Quaquaval|Moxie|boost\n|-boost|p2a: Quaquaval|atk|1\n|\n|upkeep\n|\n|t:|1699228141\n|switch|p1a: P03|Chien-Pao|87\/100\n|-ability|p1a: P03|Sword of Ruin\n|turn|31\n|\n|t:|1699228158\n|move|p2a: Quaquaval|Close Combat|p1a: P03\n|-supereffective|p1a: P03\n|-damage|p1a: P03|0 fnt\n|-unboost|p2a: Quaquaval|def|1\n|-unboost|p2a: Quaquaval|spd|1\n|faint|p1a: P03\n|\n|win|Ehtasham\n","uploadtime":1699228168,"views":11,"p1id":"lengandia","p2id":"ehtasham","formatid":"gen9anythinggoes","rating":0,"private":0,"password":""}