{"id":"gen9anythinggoes-1983038139","p1":"laprasplayer","p2":"puddingss","format":"[Gen 9] Anything Goes","log":"|j|\u2606laprasplayer\n|j|\u203dpuddingss\n|t:|1699073619\n|gametype|singles\n|player|p1|laprasplayer|hanbei-conquest|1707\n|player|p2|puddingss|steven|1751\n|teamsize|p1|6\n|teamsize|p2|6\n|gen|9\n|tier|[Gen 9] Anything Goes\n|rated|\n|rule|HP Percentage Mod: HP is shown in percentages\n|rule|Endless Battle Clause: Forcing endless battles is banned\n|clearpoke\n|poke|p1|Mandibuzz, F|\n|poke|p1|Gliscor, M|\n|poke|p1|Blissey, F|\n|poke|p1|Alomomola, F|\n|poke|p1|Clodsire, M|\n|poke|p1|Dondozo, F|\n|poke|p2|Arceus|\n|poke|p2|Calyrex-Ice|\n|poke|p2|Arceus-Fairy|\n|poke|p2|Ursaluna-Bloodmoon, M|\n|poke|p2|Rayquaza|\n|poke|p2|Cresselia, F|\n|teampreview\n|inactive|Battle timer is ON: inactive players will automatically lose when time's up. (requested by puddingss)\n|\n|t:|1699073626\n|start\n|switch|p1a: Malevolent Shrine|Gliscor, M, shiny|100\/100\n|switch|p2a: Rayquaza|Rayquaza|100\/100\n|-ability|p2a: Rayquaza|Air Lock\n|turn|1\n|\n|t:|1699073630\n|move|p2a: Rayquaza|Stealth Rock|p1a: Malevolent Shrine\n|-sidestart|p1: laprasplayer|move: Stealth Rock\n|move|p1a: Malevolent Shrine|Toxic|p2a: Rayquaza\n|-status|p2a: Rayquaza|tox\n|\n|-damage|p2a: Rayquaza|95\/100 tox|[from] psn\n|-status|p1a: Malevolent Shrine|tox|[from] item: Toxic Orb\n|upkeep\n|turn|2\n|\n|t:|1699073634\n|switch|p2a: Calyrex|Calyrex-Ice|100\/100\n|-ability|p2a: Calyrex|As One\n|-ability|p2a: Calyrex|Unnerve\n|move|p1a: Malevolent Shrine|Spikes|p2a: Calyrex\n|-sidestart|p2: puddingss|Spikes\n|\n|upkeep\n|turn|3\n|\n|t:|1699073636\n|move|p1a: Malevolent Shrine|Protect|p1a: Malevolent Shrine\n|-singleturn|p1a: Malevolent Shrine|Protect\n|move|p2a: Calyrex|Glacial Lance|p1a: Malevolent Shrine\n|-activate|p1a: Malevolent Shrine|move: Protect\n|\n|upkeep\n|turn|4\n|\n|t:|1699073641\n|switch|p1a: Wishing Stars|Alomomola, F|100\/100\n|-terastallize|p2a: Calyrex|Ice\n|move|p2a: Calyrex|Glacial Lance|p1a: Wishing Stars\n|-resisted|p1a: Wishing Stars\n|-damage|p1a: Wishing Stars|60\/100\n|\n|upkeep\n|turn|5\n|\n|t:|1699073645\n|move|p1a: Wishing Stars|Wish|p1a: Wishing Stars\n|move|p2a: Calyrex|Glacial Lance|p1a: Wishing Stars\n|-resisted|p1a: Wishing Stars\n|-damage|p1a: Wishing Stars|13\/100\n|\n|upkeep\n|turn|6\n|\n|t:|1699073651\n|switch|p2a: Ursaluna|Ursaluna-Bloodmoon, M|100\/100\n|-damage|p2a: Ursaluna|88\/100|[from] Spikes\n|move|p1a: Wishing Stars|Protect||[still]\n|-fail|p1a: Wishing Stars\n|\n|-heal|p1a: Wishing Stars|63\/100|[from] move: Wish|[wisher] Wishing Stars\n|upkeep\n|turn|7\n|\n|t:|1699073655\n|switch|p1a: Soothing Wetlands|Blissey, F|100\/100\n|switch|p2a: Calyrex|Calyrex-Ice, tera:Ice|100\/100\n|-ability|p2a: Calyrex|As One\n|-ability|p2a: Calyrex|Unnerve\n|-damage|p2a: Calyrex|88\/100|[from] Spikes\n|\n|upkeep\n|turn|8\n|\n|t:|1699073663\n|switch|p1a: Malevolent Shrine|Gliscor, M, shiny|100\/100 tox\n|-damage|p1a: Malevolent Shrine|88\/100 tox|[from] Stealth Rock\n|move|p2a: Calyrex|Glacial Lance|p1a: Malevolent Shrine\n|-supereffective|p1a: Malevolent Shrine\n|-damage|p1a: Malevolent Shrine|0 fnt\n|faint|p1a: Malevolent Shrine\n|-ability|p2a: Calyrex|Chilling Neigh|boost\n|-boost|p2a: Calyrex|atk|1\n|\n|upkeep\n|\n|t:|1699073666\n|switch|p1a: Only Chance|Dondozo, F|100\/100\n|turn|9\n|\n|t:|1699073670\n|move|p1a: Only Chance|Waterfall|p2a: Calyrex\n|-damage|p2a: Calyrex|71\/100\n|move|p2a: Calyrex|Glacial Lance|p1a: Only Chance\n|-resisted|p1a: Only Chance\n|-damage|p1a: Only Chance|64\/100\n|\n|upkeep\n|turn|10\n|\n|t:|1699073675\n|move|p1a: Only Chance|Rest|p1a: Only Chance\n|-status|p1a: Only Chance|slp|[from] move: Rest\n|-heal|p1a: Only Chance|100\/100 slp|[silent]\n|move|p2a: Calyrex|Glacial Lance|p1a: Only Chance\n|-resisted|p1a: Only Chance\n|-damage|p1a: Only Chance|67\/100 slp\n|\n|upkeep\n|turn|11\n|\n|t:|1699073678\n|cant|p1a: Only Chance|slp\n|move|p1a: Only Chance|Sleep Talk|p1a: Only Chance\n|move|p1a: Only Chance|Fissure|p2a: Calyrex|[from]move: Sleep Talk|[miss]\n|-miss|p1a: Only Chance|p2a: Calyrex\n|move|p2a: Calyrex|Glacial Lance|p1a: Only Chance\n|-resisted|p1a: Only Chance\n|-damage|p1a: Only Chance|27\/100 slp\n|\n|upkeep\n|turn|12\n|\n|t:|1699073680\n|cant|p1a: Only Chance|slp\n|move|p1a: Only Chance|Sleep Talk|p1a: Only Chance\n|move|p1a: Only Chance|Rest||[from]move: Sleep Talk|[still]\n|-fail|p1a: Only Chance\n|move|p2a: Calyrex|Glacial Lance|p1a: Only Chance\n|-resisted|p1a: Only Chance\n|-damage|p1a: Only Chance|0 fnt\n|faint|p1a: Only Chance\n|-ability|p2a: Calyrex|Chilling Neigh|boost\n|-boost|p2a: Calyrex|atk|1\n|\n|upkeep\n|\n|t:|1699073683\n|switch|p1a: Wishing Stars|Alomomola, F|96\/100\n|turn|13\n|\n|t:|1699073692\n|switch|p2a: Cresselia|Cresselia, F|100\/100\n|move|p1a: Wishing Stars|Scald|p2a: Cresselia\n|-damage|p2a: Cresselia|91\/100\n|\n|upkeep\n|turn|14\n|\n|t:|1699073695\n|switch|p1a: Den of The Lost|Mandibuzz, F|100\/100\n|move|p2a: Cresselia|Lunar Dance|p2a: Cresselia\n|faint|p2a: Cresselia\n|\n|upkeep\n|\n|t:|1699073698\n|switch|p2a: Calyrex|Calyrex-Ice, tera:Ice|71\/100\n|-ability|p2a: Calyrex|As One\n|-ability|p2a: Calyrex|Unnerve\n|-heal|p2a: Calyrex|100\/100|[from] move: Lunar Dance\n|-damage|p2a: Calyrex|88\/100|[from] Spikes\n|turn|15\n|\n|t:|1699073700\n|move|p1a: Den of The Lost|Roost||[still]\n|-fail|p1a: Den of The Lost|heal\n|move|p2a: Calyrex|Glacial Lance|p1a: Den of The Lost\n|-supereffective|p1a: Den of The Lost\n|-damage|p1a: Den of The Lost|0 fnt\n|faint|p1a: Den of The Lost\n|-ability|p2a: Calyrex|Chilling Neigh|boost\n|-boost|p2a: Calyrex|atk|1\n|\n|upkeep\n|\n|t:|1699073704\n|switch|p1a: Wishing Stars|Alomomola, F|100\/100\n|turn|16\n|\n|t:|1699073707\n|move|p1a: Wishing Stars|Wish|p1a: Wishing Stars\n|move|p2a: Calyrex|Glacial Lance|p1a: Wishing Stars\n|-resisted|p1a: Wishing Stars\n|-damage|p1a: Wishing Stars|33\/100\n|\n|upkeep\n|turn|17\n|\n|t:|1699073712\n|move|p1a: Wishing Stars|Protect|p1a: Wishing Stars\n|-singleturn|p1a: Wishing Stars|Protect\n|move|p2a: Calyrex|Glacial Lance|p1a: Wishing Stars\n|-activate|p1a: Wishing Stars|move: Protect\n|\n|-heal|p1a: Wishing Stars|83\/100|[from] move: Wish|[wisher] Wishing Stars\n|upkeep\n|turn|18\n|\n|t:|1699073714\n|move|p1a: Wishing Stars|Wish|p1a: Wishing Stars\n|move|p2a: Calyrex|Glacial Lance|p1a: Wishing Stars\n|-resisted|p1a: Wishing Stars\n|-damage|p1a: Wishing Stars|18\/100\n|\n|upkeep\n|turn|19\n|\n|t:|1699073716\n|move|p1a: Wishing Stars|Protect|p1a: Wishing Stars\n|-singleturn|p1a: Wishing Stars|Protect\n|move|p2a: Calyrex|Glacial Lance|p1a: Wishing Stars\n|-activate|p1a: Wishing Stars|move: Protect\n|\n|-heal|p1a: Wishing Stars|68\/100|[from] move: Wish|[wisher] Wishing Stars\n|upkeep\n|turn|20\n|\n|t:|1699073718\n|move|p1a: Wishing Stars|Wish|p1a: Wishing Stars\n|move|p2a: Calyrex|Glacial Lance|p1a: Wishing Stars\n|-resisted|p1a: Wishing Stars\n|-damage|p1a: Wishing Stars|3\/100\n|\n|upkeep\n|turn|21\n|\n|t:|1699073725\n|move|p1a: Wishing Stars|Protect|p1a: Wishing Stars\n|-singleturn|p1a: Wishing Stars|Protect\n|move|p2a: Calyrex|Glacial Lance|p1a: Wishing Stars\n|-activate|p1a: Wishing Stars|move: Protect\n|\n|-heal|p1a: Wishing Stars|53\/100|[from] move: Wish|[wisher] Wishing Stars\n|upkeep\n|turn|22\n|\n|t:|1699073730\n|switch|p1a: Only Chance|Clodsire, M|100\/100\n|move|p2a: Calyrex|Glacial Lance|p1a: Only Chance\n|-supereffective|p1a: Only Chance\n|-damage|p1a: Only Chance|0 fnt\n|faint|p1a: Only Chance\n|-ability|p2a: Calyrex|Chilling Neigh|boost\n|-boost|p2a: Calyrex|atk|1\n|\n|upkeep\n|\n|t:|1699073734\n|switch|p1a: Wishing Stars|Alomomola, F|86\/100\n|turn|23\n|\n|t:|1699073742\n|switch|p2a: Rayquaza|Rayquaza|95\/100 tox\n|-ability|p2a: Rayquaza|Air Lock\n|move|p1a: Wishing Stars|Scald|p2a: Rayquaza\n|-resisted|p2a: Rayquaza\n|-damage|p2a: Rayquaza|87\/100 tox\n|\n|-damage|p2a: Rayquaza|81\/100 tox|[from] psn\n|upkeep\n|turn|24\n|\n|t:|1699073744\n|move|p2a: Rayquaza|Dragon Ascent|p1a: Wishing Stars\n|-crit|p1a: Wishing Stars\n|-damage|p1a: Wishing Stars|33\/100\n|-unboost|p2a: Rayquaza|def|1\n|-unboost|p2a: Rayquaza|spd|1\n|move|p1a: Wishing Stars|Wish|p1a: Wishing Stars\n|\n|-damage|p2a: Rayquaza|69\/100 tox|[from] psn\n|upkeep\n|turn|25\n|\n|t:|1699073750\n|switch|p2a: Arceus|Arceus-Fairy|100\/100\n|-damage|p2a: Arceus|88\/100|[from] Spikes\n|move|p1a: Wishing Stars|Protect||[still]\n|-fail|p1a: Wishing Stars\n|\n|-heal|p1a: Wishing Stars|83\/100|[from] move: Wish|[wisher] Wishing Stars\n|upkeep\n|turn|26\n|\n|t:|1699073753\n|switch|p1a: Soothing Wetlands|Blissey, F|100\/100\n|move|p2a: Arceus|Will-O-Wisp|p1a: Soothing Wetlands|[miss]\n|-miss|p2a: Arceus|p1a: Soothing Wetlands\n|\n|upkeep\n|turn|27\n|\n|t:|1699073759\n|move|p2a: Arceus|Healing Wish|p2a: Arceus\n|faint|p2a: Arceus\n|move|p1a: Soothing Wetlands|Seismic Toss|p2: Arceus|[notarget]\n|-fail|p1a: Soothing Wetlands\n|\n|upkeep\n|\n|t:|1699073761\n|switch|p2a: Rayquaza|Rayquaza|69\/100 tox\n|-heal|p2a: Rayquaza|100\/100|[from] move: Healing Wish\n|-ability|p2a: Rayquaza|Air Lock\n|turn|28\n|\n|t:|1699073763\n|switch|p1a: Wishing Stars|Alomomola, F|100\/100\n|move|p2a: Rayquaza|Dragon Ascent|p1a: Wishing Stars\n|-damage|p1a: Wishing Stars|61\/100\n|-unboost|p2a: Rayquaza|def|1\n|-unboost|p2a: Rayquaza|spd|1\n|\n|upkeep\n|turn|29\n|\n|t:|1699073767\n|move|p2a: Rayquaza|Dragon Ascent|p1a: Wishing Stars\n|-damage|p1a: Wishing Stars|24\/100\n|-unboost|p2a: Rayquaza|def|1\n|-unboost|p2a: Rayquaza|spd|1\n|move|p1a: Wishing Stars|Wish|p1a: Wishing Stars\n|\n|upkeep\n|turn|30\n|\n|t:|1699073772\n|move|p1a: Wishing Stars|Protect|p1a: Wishing Stars\n|-singleturn|p1a: Wishing Stars|Protect\n|move|p2a: Rayquaza|Dragon Ascent|p1a: Wishing Stars\n|-activate|p1a: Wishing Stars|move: Protect\n|\n|-heal|p1a: Wishing Stars|74\/100|[from] move: Wish|[wisher] Wishing Stars\n|upkeep\n|turn|31\n|\n|t:|1699073775\n|move|p2a: Rayquaza|Dragon Ascent|p1a: Wishing Stars\n|-damage|p1a: Wishing Stars|35\/100\n|-unboost|p2a: Rayquaza|def|1\n|-unboost|p2a: Rayquaza|spd|1\n|move|p1a: Wishing Stars|Wish|p1a: Wishing Stars\n|\n|upkeep\n|turn|32\n|\n|t:|1699073783\n|switch|p2a: Calyrex|Calyrex-Ice, tera:Ice|88\/100\n|-ability|p2a: Calyrex|As One\n|-ability|p2a: Calyrex|Unnerve\n|-damage|p2a: Calyrex|76\/100|[from] Spikes\n|move|p1a: Wishing Stars|Protect||[still]\n|-fail|p1a: Wishing Stars\n|\n|-heal|p1a: Wishing Stars|85\/100|[from] move: Wish|[wisher] Wishing Stars\n|upkeep\n|turn|33\n|\n|t:|1699073787\n|move|p1a: Wishing Stars|Protect|p1a: Wishing Stars\n|-singleturn|p1a: Wishing Stars|Protect\n|move|p2a: Calyrex|Zen Headbutt|p1a: Wishing Stars\n|-activate|p1a: Wishing Stars|move: Protect\n|\n|upkeep\n|turn|34\n|\n|t:|1699073790\n|move|p1a: Wishing Stars|Scald|p2a: Calyrex\n|-damage|p2a: Calyrex|67\/100\n|-status|p2a: Calyrex|brn\n|move|p2a: Calyrex|Zen Headbutt|p1a: Wishing Stars|[miss]\n|-miss|p2a: Calyrex|p1a: Wishing Stars\n|\n|-damage|p2a: Calyrex|61\/100 brn|[from] brn\n|upkeep\n|turn|35\n|\n|t:|1699073797\n|switch|p2a: Arceus|Arceus|100\/100\n|-damage|p2a: Arceus|88\/100|[from] Spikes\n|move|p1a: Wishing Stars|Scald|p2a: Arceus\n|-damage|p2a: Arceus|81\/100\n|\n|upkeep\n|turn|36\n|\n|t:|1699073799\n|move|p2a: Arceus|Healing Wish|p2a: Arceus\n|faint|p2a: Arceus\n|move|p1a: Wishing Stars|Scald|p2: Arceus|[notarget]\n|-fail|p1a: Wishing Stars\n|\n|upkeep\n|\n|t:|1699073801\n|switch|p2a: Calyrex|Calyrex-Ice, tera:Ice|61\/100 brn\n|-ability|p2a: Calyrex|As One\n|-ability|p2a: Calyrex|Unnerve\n|-heal|p2a: Calyrex|100\/100|[from] move: Healing Wish\n|-damage|p2a: Calyrex|88\/100|[from] Spikes\n|turn|37\n|\n|t:|1699073804\n|move|p1a: Wishing Stars|Protect|p1a: Wishing Stars\n|-singleturn|p1a: Wishing Stars|Protect\n|move|p2a: Calyrex|Zen Headbutt|p1a: Wishing Stars\n|-activate|p1a: Wishing Stars|move: Protect\n|\n|upkeep\n|turn|38\n|\n|t:|1699073806\n|move|p1a: Wishing Stars|Wish|p1a: Wishing Stars\n|move|p2a: Calyrex|Zen Headbutt|p1a: Wishing Stars\n|-damage|p1a: Wishing Stars|37\/100\n|\n|upkeep\n|turn|39\n|\n|t:|1699073811\n|move|p1a: Wishing Stars|Protect|p1a: Wishing Stars\n|-singleturn|p1a: Wishing Stars|Protect\n|move|p2a: Calyrex|Zen Headbutt|p1a: Wishing Stars\n|-activate|p1a: Wishing Stars|move: Protect\n|\n|-heal|p1a: Wishing Stars|87\/100|[from] move: Wish|[wisher] Wishing Stars\n|upkeep\n|turn|40\n|\n|t:|1699073813\n|move|p1a: Wishing Stars|Scald|p2a: Calyrex\n|-crit|p2a: Calyrex\n|-damage|p2a: Calyrex|75\/100\n|move|p2a: Calyrex|Zen Headbutt|p1a: Wishing Stars\n|-damage|p1a: Wishing Stars|41\/100\n|\n|upkeep\n|turn|41\n|\n|t:|1699073819\n|move|p1a: Wishing Stars|Protect|p1a: Wishing Stars\n|-singleturn|p1a: Wishing Stars|Protect\n|move|p2a: Calyrex|Zen Headbutt|p1a: Wishing Stars\n|-activate|p1a: Wishing Stars|move: Protect\n|\n|upkeep\n|turn|42\n|\n|t:|1699073823\n|move|p1a: Wishing Stars|Wish|p1a: Wishing Stars\n|move|p2a: Calyrex|Zen Headbutt|p1a: Wishing Stars\n|-damage|p1a: Wishing Stars|0 fnt\n|faint|p1a: Wishing Stars\n|-ability|p2a: Calyrex|Chilling Neigh|boost\n|-boost|p2a: Calyrex|atk|1\n|\n|upkeep\n|-message|laprasplayer forfeited.\n|\n|win|puddingss\n|raw|laprasplayer's rating: 1707 &rarr; <strong>1690<\/strong><br \/>(-17 for losing)\n|raw|puddingss's rating: 1751 &rarr; <strong>1768<\/strong><br \/>(+17 for winning)\n|l|\u2606laprasplayer\n","uploadtime":1699073874,"views":24,"p1id":"laprasplayer","p2id":"puddingss","formatid":"gen9anythinggoes","rating":1690,"private":0,"password":""}