{"id":"gen9anythinggoes-1973495059","p1":"Hzozv","p2":"Mr.Lakeland","format":"[Gen 9] Anything Goes","log":"|j|\u2606Hzozv\n|j|\u2606Mr.Lakeland\n|t:|1697983594\n|gametype|singles\n|player|p1|Hzozv|lusamine-nihilego|1347\n|player|p2|Mr.Lakeland|gambler|1287\n|teamsize|p1|6\n|teamsize|p2|6\n|gen|9\n|tier|[Gen 9] Anything Goes\n|rated|\n|rule|HP Percentage Mod: HP is shown in percentages\n|rule|Endless Battle Clause: Forcing endless battles is banned\n|clearpoke\n|poke|p1|Glimmora, M|\n|poke|p1|Miraidon|\n|poke|p1|Koraidon|\n|poke|p1|Iron Bundle|\n|poke|p1|Great Tusk|\n|poke|p1|Ditto|\n|poke|p2|Ribombee, M|\n|poke|p2|Polteageist-Antique|\n|poke|p2|Ursaluna, F|\n|poke|p2|Roaring Moon|\n|poke|p2|Ditto|\n|poke|p2|Basculegion, M|\n|teampreview\n|inactive|Battle timer is ON: inactive players will automatically lose when time's up. (requested by Hzozv)\n|\n|t:|1697983622\n|start\n|switch|p1a: Glimmora|Glimmora, M|100\/100\n|switch|p2a: Medicine|Ditto, shiny|100\/100\n|-transform|p2a: Medicine|p1a: Glimmora|[from] ability: Imposter\n|turn|1\n|\n|t:|1697983657\n|move|p1a: Glimmora|Stealth Rock|p2a: Medicine\n|-sidestart|p2: Mr.Lakeland|move: Stealth Rock\n|move|p2a: Medicine|Earth Power|p1a: Glimmora\n|-supereffective|p1a: Glimmora\n|-damage|p1a: Glimmora|0 fnt\n|faint|p1a: Glimmora\n|-damage|p2a: Medicine|90\/100|[from] item: Life Orb\n|\n|upkeep\n|inactive|Hzozv has 120 seconds left.\n|\n|t:|1697983674\n|switch|p1a: Miraidon|Miraidon|100\/100\n|-fieldstart|move: Electric Terrain|[from] ability: Hadron Engine|[of] p1a: Miraidon\n|turn|2\n|inactive|Hzozv has 120 seconds left.\n|inactive|Mr.Lakeland has 120 seconds left.\n|\n|t:|1697983706\n|switch|p2a: Berto|Ursaluna, F|100\/100\n|-damage|p2a: Berto|94\/100|[from] Stealth Rock\n|-terastallize|p1a: Miraidon|Electric\n|move|p1a: Miraidon|Volt Switch|p2a: Berto\n|-immune|p2a: Berto\n|\n|-status|p2a: Berto|brn|[from] item: Flame Orb\n|upkeep\n|turn|3\n|inactive|Mr.Lakeland has 120 seconds left.\n|\n|t:|1697983729\n|switch|p1a: Great Tusk|Great Tusk|100\/100\n|move|p2a: Berto|Facade|p1a: Great Tusk\n|-damage|p1a: Great Tusk|8\/100\n|\n|-damage|p2a: Berto|88\/100 brn|[from] brn\n|upkeep\n|turn|4\n|\n|t:|1697983739\n|move|p1a: Great Tusk|Close Combat|p2a: Berto\n|-supereffective|p2a: Berto\n|-damage|p2a: Berto|0 fnt\n|-unboost|p1a: Great Tusk|def|1\n|-unboost|p1a: Great Tusk|spd|1\n|faint|p2a: Berto\n|\n|upkeep\n|\n|t:|1697983751\n|switch|p2a: Mung|Ribombee, M|100\/100\n|-damage|p2a: Mung|76\/100|[from] Stealth Rock\n|turn|5\n|\n|t:|1697983760\n|move|p2a: Mung|Sticky Web|p1a: Great Tusk\n|-sidestart|p1: Hzozv|move: Sticky Web\n|move|p1a: Great Tusk|Rapid Spin|p2a: Mung\n|-damage|p2a: Mung|41\/100\n|-boost|p1a: Great Tusk|spe|1\n|-sideend|p1: Hzozv|Sticky Web|[from] move: Rapid Spin|[of] p1a: Great Tusk\n|\n|upkeep\n|turn|6\n|inactive|Mr.Lakeland has 120 seconds left.\n|\n|t:|1697983779\n|switch|p2a: Bancho|Basculegion, M|100\/100\n|-damage|p2a: Bancho|88\/100|[from] Stealth Rock\n|move|p1a: Great Tusk|Rapid Spin|p2a: Bancho\n|-immune|p2a: Bancho\n|\n|-fieldend|move: Electric Terrain\n|upkeep\n|turn|7\n|\n|t:|1697983788\n|move|p1a: Great Tusk|Headlong Rush|p2a: Bancho\n|-damage|p2a: Bancho|12\/100\n|-unboost|p1a: Great Tusk|def|1\n|-unboost|p1a: Great Tusk|spd|1\n|move|p2a: Bancho|Flip Turn|p1a: Great Tusk\n|-supereffective|p1a: Great Tusk\n|-damage|p1a: Great Tusk|0 fnt\n|faint|p1a: Great Tusk\n|-end|p1a: Great Tusk|Protosynthesis|[silent]\n|inactive|Mr.Lakeland has 120 seconds left.\n|\n|t:|1697983805\n|switch|p2a: Medicine|Ditto, shiny|90\/100|[from] Flip Turn\n|-damage|p2a: Medicine|78\/100|[from] Stealth Rock\n|\n|upkeep\n|\n|t:|1697983811\n|switch|p1a: Miraidon|Miraidon, tera:Electric|100\/100\n|-fieldstart|move: Electric Terrain|[from] ability: Hadron Engine|[of] p1a: Miraidon\n|turn|8\n|inactive|Mr.Lakeland has 120 seconds left.\n|c|\u2606Mr.Lakeland|ahhhh man ditto\n|\n|t:|1697983829\n|switch|p2a: Crescent|Roaring Moon|100\/100\n|-damage|p2a: Crescent|88\/100|[from] Stealth Rock\n|-enditem|p2a: Crescent|Booster Energy\n|-activate|p2a: Crescent|ability: Protosynthesis|[fromitem]\n|-start|p2a: Crescent|protosynthesisatk\n|move|p1a: Miraidon|Volt Switch|p2a: Crescent\n|-resisted|p2a: Crescent\n|-damage|p2a: Crescent|24\/100\n|\n|t:|1697983839\n|switch|p1a: Koraidon|Koraidon|100\/100|[from] Volt Switch\n|-weather|SunnyDay|[from] ability: Orichalcum Pulse|[of] p1a: Koraidon\n|-activate|p1a: Koraidon|Orichalcum Pulse|[source]\n|\n|-weather|SunnyDay|[upkeep]\n|upkeep\n|turn|9\n|inactive|Mr.Lakeland has 120 seconds left.\n|\n|t:|1697983856\n|-terastallize|p2a: Crescent|Fairy\n|move|p1a: Koraidon|U-turn|p2a: Crescent\n|-resisted|p2a: Crescent\n|-damage|p2a: Crescent|0 fnt\n|faint|p2a: Crescent\n|-end|p2a: Crescent|Protosynthesis|[silent]\n|\n|t:|1697983878\n|switch|p1a: Miraidon|Miraidon, tera:Electric|100\/100|[from] U-turn\n|-activate|p1a: Miraidon|ability: Hadron Engine\n|\n|-weather|SunnyDay|[upkeep]\n|upkeep\n|inactive|Mr.Lakeland has 120 seconds left.\n|\n|t:|1697983886\n|switch|p2a: Bancho|Basculegion, M|12\/100\n|-damage|p2a: Bancho|0 fnt|[from] Stealth Rock\n|faint|p2a: Bancho\n|\n|t:|1697983891\n|switch|p2a: Medicine|Ditto, shiny|78\/100\n|-damage|p2a: Medicine|66\/100|[from] Stealth Rock\n|-transform|p2a: Medicine|p1a: Miraidon|[from] ability: Imposter\n|-activate|p2a: Medicine|ability: Hadron Engine\n|turn|10\n|\n|t:|1697983904\n|move|p2a: Medicine|Electro Drift|p1a: Miraidon\n|-resisted|p1a: Miraidon\n|-damage|p1a: Miraidon|48\/100\n|-damage|p2a: Medicine|56\/100|[from] item: Life Orb\n|move|p1a: Miraidon|Volt Switch|p2a: Medicine\n|-resisted|p2a: Medicine\n|-damage|p2a: Medicine|23\/100\n|\n|t:|1697983916\n|switch|p1a: Iron Bundle|Iron Bundle|100\/100|[from] Volt Switch\n|-activate|p1a: Iron Bundle|ability: Quark Drive\n|-start|p1a: Iron Bundle|quarkdrivespe\n|\n|-weather|SunnyDay|[upkeep]\n|upkeep\n|turn|11\n|\n|t:|1697983923\n|move|p1a: Iron Bundle|Ice Beam|p2a: Medicine\n|-supereffective|p2a: Medicine\n|-damage|p2a: Medicine|0 fnt\n|faint|p2a: Medicine\n|-damage|p1a: Iron Bundle|91\/100|[from] item: Life Orb\n|\n|-weather|SunnyDay|[upkeep]\n|upkeep\n|-message|Mr.Lakeland forfeited.\n|\n|win|Hzozv\n|raw|Hzozv's rating: 1347 &rarr; <strong>1364<\/strong><br \/>(+17 for winning)\n|raw|Mr.Lakeland's rating: 1287 &rarr; <strong>1266<\/strong><br \/>(-21 for losing)\n|l|\u2606Mr.Lakeland\n","uploadtime":1697983944,"views":5,"p1id":"hzozv","p2id":"mrlakeland","formatid":"gen9anythinggoes","rating":1266,"private":0,"password":""}