{"id":"gen9anythinggoes-1974386628","p1":"kipperace","p2":"StarStruckMochii","format":"[Gen 9] Anything Goes","log":"|j|\u2606kipperace\n|j|\u2606StarStruckMochii\n|t:|1698082886\n|gametype|singles\n|player|p1|kipperace|102|1165\n|player|p2|StarStruckMochii|penny|1065\n|teamsize|p1|6\n|teamsize|p2|6\n|gen|9\n|tier|[Gen 9] Anything Goes\n|rated|\n|rule|HP Percentage Mod: HP is shown in percentages\n|rule|Endless Battle Clause: Forcing endless battles is banned\n|clearpoke\n|poke|p1|Clefable, M|\n|poke|p1|Kleavor, F|\n|poke|p1|Milotic, F|\n|poke|p1|Dragalge, F|\n|poke|p1|Walking Wake|\n|poke|p1|Meowscarada, M|\n|poke|p2|Scizor, M|\n|poke|p2|Gholdengo|\n|poke|p2|Bisharp, M|\n|poke|p2|Revavroom, F|\n|poke|p2|Sandslash-Alola, M|\n|poke|p2|Probopass, M|\n|teampreview\n|inactive|Battle timer is ON: inactive players will automatically lose when time's up. (requested by kipperace)\n|\n|t:|1698082909\n|start\n|switch|p1a: Walking Wake|Walking Wake|100\/100\n|switch|p2a: Revavroom|Revavroom, F|100\/100\n|turn|1\n|\n|t:|1698082920\n|-terastallize|p1a: Walking Wake|Fire\n|move|p1a: Walking Wake|Flamethrower|p2a: Revavroom\n|-supereffective|p2a: Revavroom\n|-damage|p2a: Revavroom|0 fnt\n|faint|p2a: Revavroom\n|-damage|p1a: Walking Wake|91\/100|[from] item: Life Orb\n|\n|upkeep\n|\n|t:|1698082927\n|switch|p2a: Probopass|Probopass, M|100\/100\n|turn|2\n|\n|t:|1698082939\n|move|p1a: Walking Wake|Flamethrower|p2a: Probopass\n|-damage|p2a: Probopass|54\/100\n|-damage|p1a: Walking Wake|81\/100|[from] item: Life Orb\n|move|p2a: Probopass|Body Press|p1a: Walking Wake\n|-damage|p1a: Walking Wake|48\/100\n|\n|upkeep\n|turn|3\n|\n|t:|1698082949\n|move|p1a: Walking Wake|Hydro Steam|p2a: Probopass\n|-supereffective|p2a: Probopass\n|-damage|p2a: Probopass|0 fnt\n|faint|p2a: Probopass\n|-damage|p1a: Walking Wake|38\/100|[from] item: Life Orb\n|\n|upkeep\n|\n|t:|1698082956\n|switch|p2a: Gholdengo|Gholdengo|100\/100\n|turn|4\n|\n|t:|1698082963\n|move|p1a: Walking Wake|Flamethrower|p2a: Gholdengo\n|-supereffective|p2a: Gholdengo\n|-damage|p2a: Gholdengo|0 fnt\n|faint|p2a: Gholdengo\n|-damage|p1a: Walking Wake|28\/100|[from] item: Life Orb\n|\n|upkeep\n|\n|t:|1698082972\n|switch|p2a: Scizor|Scizor, M|100\/100\n|turn|5\n|\n|t:|1698082976\n|move|p2a: Scizor|Quick Attack|p1a: Walking Wake\n|-damage|p1a: Walking Wake|0 fnt\n|faint|p1a: Walking Wake\n|-end|p1a: Walking Wake|Protosynthesis|[silent]\n|-damage|p2a: Scizor|91\/100|[from] item: Life Orb\n|\n|upkeep\n|\n|t:|1698082991\n|switch|p1a: Kleavor|Kleavor, F|100\/100\n|turn|6\n|\n|t:|1698082998\n|move|p2a: Scizor|Bullet Punch|p1a: Kleavor\n|-supereffective|p1a: Kleavor\n|-damage|p1a: Kleavor|3\/100\n|-damage|p2a: Scizor|81\/100|[from] item: Life Orb\n|move|p1a: Kleavor|Stone Axe|p2a: Scizor\n|-damage|p2a: Scizor|12\/100\n|-sidestart|p2: StarStruckMochii|move: Stealth Rock\n|\n|upkeep\n|turn|7\n|\n|t:|1698083011\n|move|p1a: Kleavor|Stone Axe|p2a: Scizor\n|-damage|p2a: Scizor|0 fnt\n|faint|p2a: Scizor\n|\n|upkeep\n|\n|t:|1698083021\n|switch|p2a: Sandslash|Sandslash-Alola, M|100\/100\n|-damage|p2a: Sandslash|88\/100|[from] Stealth Rock\n|turn|8\n|\n|t:|1698083034\n|move|p1a: Kleavor|Close Combat|p2a: Sandslash\n|-supereffective|p2a: Sandslash\n|-damage|p2a: Sandslash|0 fnt\n|-unboost|p1a: Kleavor|def|1\n|-unboost|p1a: Kleavor|spd|1\n|faint|p2a: Sandslash\n|\n|upkeep\n|\n|t:|1698083042\n|switch|p2a: Bisharp|Bisharp, M|100\/100\n|-damage|p2a: Bisharp|95\/100|[from] Stealth Rock\n|turn|9\n|\n|t:|1698083050\n|move|p1a: Kleavor|Close Combat|p2a: Bisharp\n|-supereffective|p2a: Bisharp\n|-damage|p2a: Bisharp|0 fnt\n|-unboost|p1a: Kleavor|def|1\n|-unboost|p1a: Kleavor|spd|1\n|faint|p2a: Bisharp\n|\n|win|kipperace\n|raw|kipperace's rating: 1165 &rarr; <strong>1183<\/strong><br \/>(+18 for winning)\n|raw|StarStruckMochii's rating: 1065 &rarr; <strong>1051<\/strong><br \/>(-14 for losing)\n|l|\u2606StarStruckMochii\n","uploadtime":1698083060,"views":8,"p1id":"kipperace","p2id":"starstruckmochii","formatid":"gen9anythinggoes","rating":1051,"private":0,"password":""}