{"id":"gen9anythinggoes-1983719124","p1":"HECTIC_PEE","p2":"JayzonAlcantara","format":"[Gen 9] Anything Goes","log":"|j|\u2606HECTIC_PEE\n|j|\u2606JayzonAlcantara\n|t:|1699166750\n|gametype|singles\n|player|p1|HECTIC_PEE|1|1170\n|player|p2|JayzonAlcantara|skyla|1167\n|teamsize|p1|6\n|teamsize|p2|6\n|gen|9\n|tier|[Gen 9] Anything Goes\n|rated|\n|rule|HP Percentage Mod: HP is shown in percentages\n|rule|Endless Battle Clause: Forcing endless battles is banned\n|clearpoke\n|poke|p1|Ceruledge, F|\n|poke|p1|Spectrier|\n|poke|p1|Volcarona, F|\n|poke|p1|Urshifu-*, M|\n|poke|p1|Grimmsnarl, M|\n|poke|p1|Kingambit, M|\n|poke|p2|Espathra, F|\n|poke|p2|Scizor, M|\n|poke|p2|Drifblim, F|\n|poke|p2|Spidops, F|\n|poke|p2|Maushold-Four|\n|poke|p2|Staraptor, L17, F|\n|teampreview\n|\n|t:|1699166755\n|start\n|switch|p1a: Grimmsnarl|Grimmsnarl, M, shiny|100\/100\n|switch|p2a: Spidops|Spidops, F|100\/100\n|turn|1\n|\n|t:|1699166761\n|move|p1a: Grimmsnarl|Reflect|p1a: Grimmsnarl\n|-sidestart|p1: HECTIC_PEE|Reflect\n|move|p2a: Spidops|Sticky Web|p1a: Grimmsnarl\n|-sidestart|p1: HECTIC_PEE|move: Sticky Web\n|\n|upkeep\n|turn|2\n|\n|t:|1699166766\n|switch|p2a: Drifblim|Drifblim, F|100\/100\n|move|p1a: Grimmsnarl|Light Screen|p1a: Grimmsnarl\n|-sidestart|p1: HECTIC_PEE|move: Light Screen\n|\n|upkeep\n|turn|3\n|\n|t:|1699166772\n|move|p2a: Drifblim|Minimize|p2a: Drifblim\n|-boost|p2a: Drifblim|evasion|2\n|move|p1a: Grimmsnarl|Spirit Break|p2a: Drifblim\n|-damage|p2a: Drifblim|59\/100\n|-unboost|p2a: Drifblim|spa|1\n|\n|-heal|p2a: Drifblim|66\/100|[from] item: Leftovers\n|upkeep\n|turn|4\n|\n|t:|1699166780\n|move|p2a: Drifblim|Minimize|p2a: Drifblim\n|-boost|p2a: Drifblim|evasion|2\n|move|p1a: Grimmsnarl|Spirit Break|p2a: Drifblim\n|-damage|p2a: Drifblim|23\/100\n|-unboost|p2a: Drifblim|spa|1\n|\n|-heal|p2a: Drifblim|30\/100|[from] item: Leftovers\n|upkeep\n|turn|5\n|\n|t:|1699166788\n|move|p2a: Drifblim|Baton Pass|p2a: Drifblim\n|\n|t:|1699166791\n|switch|p2a: Espathra|Espathra, F, shiny|100\/100|[from] Baton Pass\n|move|p1a: Grimmsnarl|Spirit Break|p2a: Espathra|[miss]\n|-miss|p1a: Grimmsnarl|p2a: Espathra\n|\n|upkeep\n|turn|6\n|\n|t:|1699166797\n|move|p1a: Grimmsnarl|Parting Shot|p2a: Espathra|[miss]\n|-miss|p1a: Grimmsnarl|p2a: Espathra\n|move|p2a: Espathra|Calm Mind|p2a: Espathra\n|-boost|p2a: Espathra|spa|1\n|-boost|p2a: Espathra|spd|1\n|\n|-ability|p2a: Espathra|Speed Boost|boost\n|-boost|p2a: Espathra|spe|1\n|upkeep\n|turn|7\n|\n|t:|1699166806\n|move|p1a: Grimmsnarl|Parting Shot|p2a: Espathra\n|-unboost|p2a: Espathra|atk|1\n|-unboost|p2a: Espathra|spa|1\n|inactive|Battle timer is ON: inactive players will automatically lose when time's up. (requested by JayzonAlcantara)\n|\n|t:|1699166829\n|switch|p1a: Ceruledge|Ceruledge, F|100\/100|[from] Parting Shot\n|-activate|p1a: Ceruledge|move: Sticky Web\n|-unboost|p1a: Ceruledge|spe|1\n|move|p2a: Espathra|Substitute|p2a: Espathra\n|-start|p2a: Espathra|Substitute\n|-damage|p2a: Espathra|76\/100\n|\n|-ability|p2a: Espathra|Speed Boost|boost\n|-boost|p2a: Espathra|spe|1\n|upkeep\n|turn|8\n|\n|t:|1699166839\n|move|p2a: Espathra|Calm Mind|p2a: Espathra\n|-boost|p2a: Espathra|spa|1\n|-boost|p2a: Espathra|spd|1\n|move|p1a: Ceruledge|Swords Dance|p1a: Ceruledge\n|-boost|p1a: Ceruledge|atk|2\n|\n|-sideend|p1: HECTIC_PEE|Reflect\n|-ability|p2a: Espathra|Speed Boost|boost\n|-boost|p2a: Espathra|spe|1\n|upkeep\n|turn|9\n|\n|t:|1699166847\n|move|p2a: Espathra|Calm Mind|p2a: Espathra\n|-boost|p2a: Espathra|spa|1\n|-boost|p2a: Espathra|spd|1\n|move|p1a: Ceruledge|Swords Dance|p1a: Ceruledge\n|-boost|p1a: Ceruledge|atk|2\n|\n|-sideend|p1: HECTIC_PEE|move: Light Screen\n|-ability|p2a: Espathra|Speed Boost|boost\n|-boost|p2a: Espathra|spe|1\n|upkeep\n|turn|10\n|\n|t:|1699166856\n|move|p1a: Ceruledge|Shadow Sneak|p2a: Espathra|[miss]\n|-miss|p1a: Ceruledge|p2a: Espathra\n|move|p2a: Espathra|Calm Mind|p2a: Espathra\n|-boost|p2a: Espathra|spa|1\n|-boost|p2a: Espathra|spd|1\n|\n|-ability|p2a: Espathra|Speed Boost|boost\n|-boost|p2a: Espathra|spe|1\n|upkeep\n|turn|11\n|\n|t:|1699166864\n|move|p1a: Ceruledge|Shadow Sneak|p2a: Espathra|[miss]\n|-miss|p1a: Ceruledge|p2a: Espathra\n|move|p2a: Espathra|Calm Mind|p2a: Espathra\n|-boost|p2a: Espathra|spa|1\n|-boost|p2a: Espathra|spd|1\n|\n|-ability|p2a: Espathra|Speed Boost|boost\n|-boost|p2a: Espathra|spe|1\n|upkeep\n|turn|12\n|\n|t:|1699166872\n|move|p1a: Ceruledge|Shadow Sneak|p2a: Espathra\n|-supereffective|p2a: Espathra\n|-end|p2a: Espathra|Substitute\n|-damage|p1a: Ceruledge|91\/100|[from] item: Life Orb\n|move|p2a: Espathra|Stored Power|p1a: Ceruledge\n|-damage|p1a: Ceruledge|0 fnt\n|faint|p1a: Ceruledge\n|\n|upkeep\n|\n|t:|1699166885\n|switch|p1a: Grimmsnarl|Grimmsnarl, M, shiny|100\/100\n|-activate|p1a: Grimmsnarl|move: Sticky Web\n|-unboost|p1a: Grimmsnarl|spe|1\n|turn|13\n|\n|t:|1699166889\n|move|p1a: Grimmsnarl|Light Screen|p1a: Grimmsnarl\n|-sidestart|p1: HECTIC_PEE|move: Light Screen\n|move|p2a: Espathra|Substitute|p2a: Espathra\n|-start|p2a: Espathra|Substitute\n|-damage|p2a: Espathra|51\/100\n|\n|upkeep\n|turn|14\n|\n|t:|1699166896\n|move|p2a: Espathra|Baton Pass|p2a: Espathra\n|\n|t:|1699166900\n|switch|p2a: Scizor|Scizor, M, shiny|100\/100|[from] Baton Pass\n|move|p1a: Grimmsnarl|Spirit Break|p2a: Scizor\n|-resisted|p2a: Scizor\n|-activate|p2a: Scizor|move: Substitute|[damage]\n|\n|upkeep\n|turn|15\n|\n|t:|1699166907\n|move|p1a: Grimmsnarl|Parting Shot|p2a: Scizor|[miss]\n|-miss|p1a: Grimmsnarl|p2a: Scizor\n|move|p2a: Scizor|Swords Dance|p2a: Scizor\n|-boost|p2a: Scizor|atk|2\n|\n|upkeep\n|turn|16\n|\n|t:|1699166913\n|move|p1a: Grimmsnarl|Parting Shot|p2a: Scizor|[miss]\n|-miss|p1a: Grimmsnarl|p2a: Scizor\n|move|p2a: Scizor|Swords Dance|p2a: Scizor\n|-boost|p2a: Scizor|atk|2\n|\n|upkeep\n|turn|17\n|n|!HECTIC_PEE|hecticpee\n|inactive|HECTIC_PEE has 120 seconds left.\n|-message|HECTIC_PEE forfeited.\n|\n|win|JayzonAlcantara\n|raw|HECTIC_PEE's rating: 1170 &rarr; <strong>1145<\/strong><br \/>(-25 for losing)\n|raw|JayzonAlcantara's rating: 1167 &rarr; <strong>1192<\/strong><br \/>(+25 for winning)\n|l|!HECTIC_PEE\n","uploadtime":1699166925,"views":3,"p1id":"hecticpee","p2id":"jayzonalcantara","formatid":"gen9anythinggoes","rating":1145,"private":0,"password":""}