{"id":"gen9anythinggoes-1986098408","p1":"EPIC555","p2":"xexexexe","format":"[Gen 9] Anything Goes","log":"|j|\u2606EPIC555\n|j|\u2606xexexexe\n|t:|1699449878\n|gametype|singles\n|player|p1|EPIC555|102|1055\n|player|p2|xexexexe|169|1037\n|teamsize|p1|6\n|teamsize|p2|6\n|gen|9\n|tier|[Gen 9] Anything Goes\n|rated|\n|rule|HP Percentage Mod: HP is shown in percentages\n|rule|Endless Battle Clause: Forcing endless battles is banned\n|clearpoke\n|poke|p1|Donphan, L1, M|\n|poke|p1|Donphan, L1, M|\n|poke|p1|Donphan, L1, M|\n|poke|p1|Donphan, L1, M|\n|poke|p1|Tyranitar, M|\n|poke|p1|Mewtwo|\n|poke|p2|Zacian-*|\n|poke|p2|Drifblim, M|\n|poke|p2|Zamazenta-*|\n|poke|p2|Ceruledge, M|\n|poke|p2|Greninja-*, M|\n|poke|p2|Miraidon|\n|teampreview\n|\n|t:|1699449885\n|start\n|switch|p1a: Mewtwo|Mewtwo|100\/100\n|switch|p2a: friend|Greninja, M|100\/100\n|-ability|p1a: Mewtwo|Pressure\n|turn|1\n|\n|t:|1699449892\n|move|p1a: Mewtwo|Focus Blast|p2a: friend\n|-supereffective|p2a: friend\n|-damage|p2a: friend|34\/100\n|move|p2a: friend|Brick Break|p1a: Mewtwo\n|-resisted|p1a: Mewtwo\n|-damage|p1a: Mewtwo|92\/100\n|\n|upkeep\n|turn|2\n|\n|t:|1699449904\n|switch|p2a: lol|Ceruledge, M|100\/100\n|move|p1a: Mewtwo|Focus Blast|p2a: lol\n|-immune|p2a: lol\n|\n|upkeep\n|turn|3\n|\n|t:|1699449913\n|move|p1a: Mewtwo|Psychic|p2a: lol\n|-damage|p2a: lol|38\/100\n|move|p2a: lol|Bulk Up|p2a: lol\n|-boost|p2a: lol|atk|1\n|-boost|p2a: lol|def|1\n|\n|upkeep\n|turn|4\n|\n|t:|1699449920\n|switch|p2a: one shoter|Miraidon|100\/100\n|-fieldstart|move: Electric Terrain|[from] ability: Hadron Engine|[of] p2a: one shoter\n|move|p1a: Mewtwo|Psychic|p2a: one shoter\n|-damage|p2a: one shoter|59\/100\n|\n|upkeep\n|turn|5\n|\n|t:|1699449930\n|move|p1a: Mewtwo|Protect|p1a: Mewtwo\n|-singleturn|p1a: Mewtwo|Protect\n|move|p2a: one shoter|Electro Drift|p1a: Mewtwo\n|-activate|p1a: Mewtwo|move: Protect\n|\n|upkeep\n|turn|6\n|\n|t:|1699449938\n|move|p1a: Mewtwo|Substitute|p1a: Mewtwo\n|-start|p1a: Mewtwo|Substitute\n|-damage|p1a: Mewtwo|67\/100\n|move|p2a: one shoter|Electro Drift|p1a: Mewtwo\n|-end|p1a: Mewtwo|Substitute\n|\n|upkeep\n|turn|7\n|\n|t:|1699449946\n|move|p1a: Mewtwo|Protect|p1a: Mewtwo\n|-singleturn|p1a: Mewtwo|Protect\n|move|p2a: one shoter|Electro Drift|p1a: Mewtwo\n|-activate|p1a: Mewtwo|move: Protect\n|\n|upkeep\n|turn|8\n|c|\u2606xexexexe|staller\n|\n|t:|1699449959\n|switch|p2a: the GOAT|Zacian-Crowned|100\/100\n|-ability|p2a: the GOAT|Intrepid Sword|boost\n|-boost|p2a: the GOAT|atk|1\n|move|p1a: Mewtwo|Substitute|p1a: Mewtwo\n|-start|p1a: Mewtwo|Substitute\n|-damage|p1a: Mewtwo|42\/100\n|\n|-fieldend|move: Electric Terrain\n|upkeep\n|turn|9\n|\n|t:|1699449975\n|move|p1a: Mewtwo|Protect|p1a: Mewtwo\n|-singleturn|p1a: Mewtwo|Protect\n|move|p2a: the GOAT|Swords Dance|p2a: the GOAT\n|-boost|p2a: the GOAT|atk|2\n|\n|upkeep\n|turn|10\n|\n|t:|1699449981\n|move|p1a: Mewtwo|Focus Blast|p2a: the GOAT\n|-damage|p2a: the GOAT|61\/100\n|move|p2a: the GOAT|Swords Dance|p2a: the GOAT\n|-boost|p2a: the GOAT|atk|2\n|\n|upkeep\n|turn|11\n|\n|t:|1699449988\n|move|p1a: Mewtwo|Focus Blast|p2a: the GOAT\n|-damage|p2a: the GOAT|24\/100\n|-unboost|p2a: the GOAT|spd|1\n|move|p2a: the GOAT|Dazzling Gleam|p1a: Mewtwo\n|-end|p1a: Mewtwo|Substitute\n|\n|upkeep\n|turn|12\n|\n|t:|1699449997\n|switch|p2a: sleepy boi|Zamazenta-Crowned|100\/100\n|-ability|p2a: sleepy boi|Dauntless Shield|boost\n|-boost|p2a: sleepy boi|def|1\n|move|p1a: Mewtwo|Focus Blast|p2a: sleepy boi\n|-supereffective|p2a: sleepy boi\n|-damage|p2a: sleepy boi|44\/100\n|\n|upkeep\n|turn|13\n|\n|t:|1699450012\n|switch|p2a: setup|Drifblim, M|100\/100\n|move|p1a: Mewtwo|Protect||[still]\n|-fail|p1a: Mewtwo\n|\n|upkeep\n|turn|14\n|\n|t:|1699450019\n|move|p1a: Mewtwo|Psychic|p2a: setup\n|-damage|p2a: setup|52\/100\n|move|p2a: setup|Destiny Bond|p2a: setup\n|-singlemove|p2a: setup|Destiny Bond\n|\n|upkeep\n|turn|15\n|\n|t:|1699450029\n|move|p1a: Mewtwo|Psychic|p2a: setup\n|-damage|p2a: setup|0 fnt\n|faint|p2a: setup\n|-activate|p2a: setup|move: Destiny Bond\n|faint|p1a: Mewtwo\n|\n|upkeep\n|\n|t:|1699450040\n|switch|p1a: Donphan|Donphan, L1, M|100\/100\n|switch|p2a: friend|Greninja, M|34\/100\n|turn|16\n|\n|t:|1699450045\n|-terastallize|p2a: friend|Water\n|move|p2a: friend|Surf|p1a: Donphan\n|-supereffective|p1a: Donphan\n|-ability|p1a: Donphan|Sturdy\n|-damage|p1a: Donphan|8\/100\n|move|p1a: Donphan|Endeavor|p2a: friend\n|-damage|p2a: friend|1\/100\n|-heal|p1a: Donphan|100\/100|[from] item: Shell Bell|[of] p2a: friend\n|\n|upkeep\n|turn|17\n|\n|t:|1699450058\n|move|p1a: Donphan|Ice Shard|p2a: friend\n|-resisted|p2a: friend\n|-damage|p2a: friend|0 fnt\n|faint|p2a: friend\n|\n|upkeep\n|\n|t:|1699450063\n|switch|p2a: the GOAT|Zacian-Crowned|24\/100\n|turn|18\n|\n|t:|1699450067\n|move|p2a: the GOAT|Behemoth Blade|p1a: Donphan\n|-ability|p1a: Donphan|Sturdy\n|-damage|p1a: Donphan|8\/100\n|move|p1a: Donphan|Endeavor|p2a: the GOAT\n|-damage|p2a: the GOAT|1\/100\n|-heal|p1a: Donphan|85\/100|[from] item: Shell Bell|[of] p2a: the GOAT\n|\n|upkeep\n|turn|19\n|\n|t:|1699450078\n|move|p1a: Donphan|Ice Shard|p2a: the GOAT\n|-resisted|p2a: the GOAT\n|-damage|p2a: the GOAT|0 fnt\n|faint|p2a: the GOAT\n|-heal|p1a: Donphan|93\/100|[from] item: Shell Bell|[of] p2: the GOAT\n|\n|upkeep\n|-message|xexexexe forfeited.\n|\n|win|EPIC555\n|raw|EPIC555's rating: 1055 &rarr; <strong>1085<\/strong><br \/>(+30 for winning)\n|raw|xexexexe's rating: 1037 &rarr; <strong>1022<\/strong><br \/>(-15 for losing)\n|l|\u2606xexexexe\n","uploadtime":1699450089,"views":4,"p1id":"epic555","p2id":"xexexexe","formatid":"gen9anythinggoes","rating":1022,"private":0,"password":""}