{"id":"gen9anythinggoes-1999064295","p1":"intheskys","p2":"MrMimeIsMrKetchum","format":"[Gen 9] Anything Goes","log":"|j|\u2606intheskys\n|j|\u2606MrMimeIsMrKetchum\n|t:|1701029327\n|gametype|singles\n|player|p1|intheskys|266|1255\n|player|p2|MrMimeIsMrKetchum|swimmerf-gen4|1152\n|teamsize|p1|6\n|teamsize|p2|6\n|gen|9\n|tier|[Gen 9] Anything Goes\n|rated|\n|rule|HP Percentage Mod: HP is shown in percentages\n|rule|Endless Battle Clause: Forcing endless battles is banned\n|clearpoke\n|poke|p1|Delibird, F|\n|poke|p1|Garganacl, F|\n|poke|p1|Palafin, F|\n|poke|p1|Toedscruel, F|\n|poke|p1|Gallade, M|\n|poke|p1|Chien-Pao|\n|poke|p2|Annihilape, M|\n|poke|p2|Blissey, F|\n|poke|p2|Pawmot, M|\n|poke|p2|Rabsca, M|\n|poke|p2|Pelipper, M|\n|poke|p2|Basculegion, M|\n|teampreview\n|inactive|Battle timer is ON: inactive players will automatically lose when time's up. (requested by MrMimeIsMrKetchum)\n|\n|t:|1701029336\n|start\n|switch|p1a: Palafin|Palafin, F|100\/100\n|switch|p2a: Annihilape|Annihilape, M, shiny|100\/100\n|turn|1\n|\n|t:|1701029343\n|detailschange|p1a: Palafin|Palafin-Hero, F\n|switch|p1a: Toedscruel|Toedscruel, F|100\/100\n|move|p2a: Annihilape|Final Gambit|p1a: Toedscruel\n|-damage|p1a: Toedscruel|0 fnt\n|faint|p2a: Annihilape\n|faint|p1a: Toedscruel\n|\n|upkeep\n|\n|t:|1701029351\n|switch|p2a: Blissey|Blissey, F, shiny|100\/100\n|switch|p1a: Garganacl|Garganacl, F|100\/100\n|turn|2\n|\n|t:|1701029356\n|move|p2a: Blissey|Copycat|p2a: Blissey\n|move|p2a: Blissey|Final Gambit|p1a: Garganacl|[from]move: Copycat\n|-damage|p1a: Garganacl|0 fnt\n|faint|p2a: Blissey\n|faint|p1a: Garganacl\n|\n|upkeep\n|\n|t:|1701029364\n|switch|p2a: Pawmot|Pawmot, M, shiny|100\/100\n|switch|p1a: Gallade|Gallade, M|100\/100\n|turn|3\n|\n|t:|1701029366\n|move|p1a: Gallade|Psycho Cut|p2a: Pawmot\n|-supereffective|p2a: Pawmot\n|-crit|p2a: Pawmot\n|-damage|p2a: Pawmot|0 fnt\n|faint|p2a: Pawmot\n|\n|upkeep\n|\n|t:|1701029369\n|switch|p2a: Rabsca|Rabsca, M, shiny|100\/100\n|turn|4\n|\n|t:|1701029377\n|switch|p1a: Chien-Pao|Chien-Pao|100\/100\n|-ability|p1a: Chien-Pao|Sword of Ruin\n|move|p2a: Rabsca|Revival Blessing|p2a: Rabsca\n|-enditem|p2a: Rabsca|Leppa Berry|[eat]\n|-activate|p2a: Rabsca|item: Leppa Berry|Revival Blessing|[consumed]\n|\n|t:|1701029380\n|-heal|p2: Annihilape|50\/100|[from] move: Revival Blessing\n|\n|upkeep\n|turn|5\n|\n|t:|1701029385\n|move|p1a: Chien-Pao|Sucker Punch||[still]\n|-fail|p1a: Chien-Pao\n|move|p2a: Rabsca|Revival Blessing|p2a: Rabsca\n|\n|t:|1701029393\n|-heal|p2: Pawmot|50\/100|[from] move: Revival Blessing\n|\n|upkeep\n|turn|6\n|\n|t:|1701029398\n|move|p1a: Chien-Pao|Sucker Punch|p2a: Rabsca\n|-supereffective|p2a: Rabsca\n|-damage|p2a: Rabsca|0 fnt\n|faint|p2a: Rabsca\n|\n|upkeep\n|\n|t:|1701029403\n|switch|p2a: Pawmot|Pawmot, M, shiny|50\/100\n|turn|7\n|\n|t:|1701029409\n|move|p1a: Chien-Pao|Psychic Fangs|p2a: Pawmot\n|-supereffective|p2a: Pawmot\n|-damage|p2a: Pawmot|0 fnt\n|faint|p2a: Pawmot\n|\n|upkeep\n|\n|t:|1701029416\n|switch|p2a: Annihilape|Annihilape, M, shiny|50\/100\n|turn|8\n|\n|t:|1701029428\n|move|p2a: Annihilape|Drain Punch|p1a: Chien-Pao\n|-supereffective|p1a: Chien-Pao\n|-enditem|p1a: Chien-Pao|Focus Sash\n|-damage|p1a: Chien-Pao|1\/100\n|-heal|p2a: Annihilape|86\/100|[from] drain|[of] p1a: Chien-Pao\n|move|p1a: Chien-Pao|Psychic Fangs|p2a: Annihilape\n|-supereffective|p2a: Annihilape\n|-damage|p2a: Annihilape|15\/100\n|\n|upkeep\n|turn|9\n|\n|t:|1701029434\n|move|p1a: Chien-Pao|Ice Shard|p2a: Annihilape\n|-damage|p2a: Annihilape|0 fnt\n|faint|p2a: Annihilape\n|\n|upkeep\n|\n|t:|1701029437\n|switch|p2a: Pelipper|Pelipper, M, shiny|100\/100\n|-weather|RainDance|[from] ability: Drizzle|[of] p2a: Pelipper\n|turn|10\n|\n|t:|1701029444\n|move|p1a: Chien-Pao|Sucker Punch|p2a: Pelipper\n|-damage|p2a: Pelipper|50\/100\n|move|p2a: Pelipper|U-turn|p1a: Chien-Pao\n|-supereffective|p1a: Chien-Pao\n|-damage|p1a: Chien-Pao|0 fnt\n|faint|p1a: Chien-Pao\n|\n|t:|1701029447\n|switch|p2a: Basculegion|Basculegion, M, shiny|100\/100|[from] U-turn\n|\n|-weather|RainDance|[upkeep]\n|upkeep\n|\n|t:|1701029455\n|switch|p1a: Delibird|Delibird, F|100\/100\n|turn|11\n|\n|t:|1701029462\n|move|p2a: Basculegion|Last Respects|p1a: Delibird\n|-damage|p1a: Delibird|0 fnt\n|faint|p1a: Delibird\n|\n|-weather|RainDance|[upkeep]\n|upkeep\n|\n|t:|1701029471\n|switch|p1a: Gallade|Gallade, M|100\/100\n|turn|12\n|\n|t:|1701029477\n|move|p2a: Basculegion|Last Respects|p1a: Gallade\n|-supereffective|p1a: Gallade\n|-damage|p1a: Gallade|0 fnt\n|faint|p1a: Gallade\n|\n|-weather|RainDance|[upkeep]\n|upkeep\n|\n|t:|1701029479\n|switch|p1a: Palafin|Palafin-Hero, F|100\/100\n|-activate|p1a: Palafin|ability: Zero to Hero\n|turn|13\n|\n|t:|1701029489\n|-terastallize|p1a: Palafin|Water\n|move|p1a: Palafin|Jet Punch|p2a: Basculegion\n|-resisted|p2a: Basculegion\n|-damage|p2a: Basculegion|33\/100\n|move|p2a: Basculegion|Last Respects|p1a: Palafin\n|-damage|p1a: Palafin|0 fnt\n|faint|p1a: Palafin\n|\n|win|MrMimeIsMrKetchum\n|raw|intheskys's rating: 1255 &rarr; <strong>1223<\/strong><br \/>(-32 for losing)\n|raw|MrMimeIsMrKetchum's rating: 1152 &rarr; <strong>1184<\/strong><br \/>(+32 for winning)\n|l|\u2606intheskys\n|c|\u2606MrMimeIsMrKetchum|gg\n","uploadtime":1701029515,"views":0,"p1id":"intheskys","p2id":"mrmimeismrketchum","formatid":"gen9anythinggoes","rating":1184,"private":0,"password":""}