{"id":"gen9anythinggoes-1999779735","p1":"Khryce","p2":"C123456747eh","format":"[Gen 9] Anything Goes","log":"|j|\u2606Khryce\n|j|\u2606C123456747eh\n|t:|1701115969\n|gametype|singles\n|player|p1|Khryce|preschooler|1176\n|player|p2|C123456747eh|ghetsis|1228\n|teamsize|p1|6\n|teamsize|p2|6\n|gen|9\n|tier|[Gen 9] Anything Goes\n|rated|\n|rule|HP Percentage Mod: HP is shown in percentages\n|rule|Endless Battle Clause: Forcing endless battles is banned\n|clearpoke\n|poke|p1|Grafaiai, M|\n|poke|p1|Ursaluna, M|\n|poke|p1|Blissey, F|\n|poke|p1|Ambipom, M|\n|poke|p1|Zoroark-Hisui, M|\n|poke|p1|Ursaluna-Bloodmoon, M|\n|poke|p2|Rillaboom, M|\n|poke|p2|Kyogre|\n|poke|p2|Zacian-*|\n|poke|p2|Arceus-Fire|\n|poke|p2|Calyrex-Shadow|\n|poke|p2|Ting-Lu|\n|teampreview\n|inactive|Battle timer is ON: inactive players will automatically lose when time's up. (requested by Khryce)\n|\n|t:|1701115980\n|start\n|switch|p1a: Grafaiai|Grafaiai, M|100\/100\n|switch|p2a: Kyogre|Kyogre|100\/100\n|-weather|RainDance|[from] ability: Drizzle|[of] p2a: Kyogre\n|turn|1\n|\n|t:|1701115992\n|move|p1a: Grafaiai|Parting Shot|p2a: Kyogre\n|-unboost|p2a: Kyogre|atk|1\n|-unboost|p2a: Kyogre|spa|1\n|\n|t:|1701115995\n|switch|p1a: Blissey|Blissey, F|100\/100|[from] Parting Shot\n|move|p2a: Kyogre|Iron Head|p1a: Blissey\n|-damage|p1a: Blissey|75\/100\n|\n|-weather|RainDance|[upkeep]\n|-heal|p1a: Blissey|81\/100|[from] item: Leftovers\n|upkeep\n|turn|2\n|\n|t:|1701116002\n|move|p2a: Kyogre|Thunder|p1a: Blissey\n|-damage|p1a: Blissey|75\/100\n|move|p1a: Blissey|Thunder Wave|p2a: Kyogre\n|-status|p2a: Kyogre|par\n|\n|-weather|RainDance|[upkeep]\n|-heal|p1a: Blissey|81\/100|[from] item: Leftovers\n|upkeep\n|turn|3\n|\n|t:|1701116010\n|move|p1a: Blissey|Light Screen|p1a: Blissey\n|-sidestart|p1: Khryce|move: Light Screen\n|move|p2a: Kyogre|Ice Beam|p1a: Blissey\n|-damage|p1a: Blissey|78\/100\n|\n|-weather|RainDance|[upkeep]\n|-heal|p1a: Blissey|84\/100|[from] item: Leftovers\n|upkeep\n|turn|4\n|\n|t:|1701116016\n|move|p1a: Blissey|Seismic Toss|p2a: Kyogre\n|-damage|p2a: Kyogre|71\/100 par\n|move|p2a: Kyogre|Iron Head|p1a: Blissey\n|-damage|p1a: Blissey|55\/100\n|\n|-weather|RainDance|[upkeep]\n|-heal|p1a: Blissey|61\/100|[from] item: Leftovers\n|-heal|p2a: Kyogre|77\/100 par|[from] item: Leftovers\n|upkeep\n|turn|5\n|\n|t:|1701116025\n|switch|p2a: Zacian|Zacian-Crowned|100\/100\n|-ability|p2a: Zacian|Intrepid Sword|boost\n|-boost|p2a: Zacian|atk|1\n|move|p1a: Blissey|Seismic Toss|p2a: Zacian\n|-damage|p2a: Zacian|70\/100\n|\n|-weather|none\n|-heal|p1a: Blissey|67\/100|[from] item: Leftovers\n|upkeep\n|turn|6\n|\n|t:|1701116036\n|switch|p1a: Ursaluna|Ursaluna-Bloodmoon, M|100\/100\n|move|p2a: Zacian|Sacred Sword|p1a: Ursaluna\n|-immune|p1a: Ursaluna\n|\n|upkeep\n|turn|7\n|\n|t:|1701116044\n|switch|p2a: Kyogre|Kyogre|77\/100 par\n|-weather|RainDance|[from] ability: Drizzle|[of] p2a: Kyogre\n|move|p1a: Ursaluna|Bitter Malice|p2a: Kyogre\n|-damage|p2a: Kyogre|44\/100 par\n|-unboost|p2a: Kyogre|atk|1\n|\n|-weather|RainDance|[upkeep]\n|-heal|p2a: Kyogre|50\/100 par|[from] item: Leftovers\n|-sideend|p1: Khryce|move: Light Screen\n|upkeep\n|turn|8\n|\n|t:|1701116056\n|switch|p1a: Blissey|Blissey, F|67\/100\n|cant|p2a: Kyogre|par\n|\n|-weather|RainDance|[upkeep]\n|-heal|p1a: Blissey|74\/100|[from] item: Leftovers\n|-heal|p2a: Kyogre|56\/100 par|[from] item: Leftovers\n|upkeep\n|turn|9\n|\n|t:|1701116066\n|switch|p2a: Zacian|Zacian-Crowned|70\/100\n|move|p1a: Blissey|Thunder Wave|p2a: Zacian\n|-status|p2a: Zacian|par\n|\n|-weather|RainDance|[upkeep]\n|-heal|p1a: Blissey|80\/100|[from] item: Leftovers\n|upkeep\n|turn|10\n|\n|t:|1701116073\n|switch|p1a: Ursaluna|Ursaluna-Bloodmoon, M|100\/100\n|cant|p2a: Zacian|par\n|\n|-weather|RainDance|[upkeep]\n|upkeep\n|turn|11\n|-message|C123456747eh forfeited.\n|\n|win|Khryce\n|raw|Khryce's rating: 1176 &rarr; <strong>1205<\/strong><br \/>(+29 for winning)\n|raw|C123456747eh's rating: 1228 &rarr; <strong>1199<\/strong><br \/>(-29 for losing)\n|l|\u2606C123456747eh\n","uploadtime":1701116086,"views":1,"p1id":"khryce","p2id":"c123456747eh","formatid":"gen9anythinggoes","rating":1199,"private":0,"password":""}