{"id":"gen9anythinggoes-1978048994","p1":"Naeval_Eco","p2":"hhlw","format":"[Gen 9] Anything Goes","log":"|j|\u2606Naeval_Eco\n|j|\u2606hhlw\n|t:|1698491160\n|gametype|singles\n|player|p1|Naeval_Eco|iris-gen5bw2|\n|player|p2|hhlw|acetrainerf|\n|teamsize|p1|6\n|teamsize|p2|6\n|gen|9\n|tier|[Gen 9] Anything Goes\n|rule|HP Percentage Mod: HP is shown in percentages\n|rule|Endless Battle Clause: Forcing endless battles is banned\n|clearpoke\n|poke|p1|Polteageist|\n|poke|p1|Dragapult, F|\n|poke|p1|Maushold|\n|poke|p1|Furret, M|\n|poke|p1|Calyrex-Shadow|\n|poke|p1|Glimmora, M|\n|poke|p2|Corviknight, M|\n|poke|p2|Dudunsparce-*, M|\n|poke|p2|Slither Wing|\n|poke|p2|Zamazenta-*|\n|poke|p2|Kyogre|\n|poke|p2|Hoopa-Unbound|\n|teampreview\n|inactive|Battle timer is ON: inactive players will automatically lose when time's up. (requested by Naeval_Eco)\n|inactive|hhlw has 270 seconds left.\n|\n|t:|1698491193\n|start\n|switch|p1a: Glimmora|Glimmora, M|100\/100\n|switch|p2a: Corviknight|Corviknight, M, shiny|100\/100\n|-ability|p2a: Corviknight|Pressure\n|turn|1\n|\n|t:|1698491206\n|-terastallize|p2a: Corviknight|Flying\n|move|p1a: Glimmora|Acid Armor|p1a: Glimmora\n|-boost|p1a: Glimmora|def|2\n|move|p2a: Corviknight|Brave Bird|p1a: Glimmora\n|-resisted|p1a: Glimmora\n|-damage|p1a: Glimmora|81\/100\n|-activate|p1a: Glimmora|ability: Toxic Debris\n|-sidestart|p2: hhlw|move: Toxic Spikes\n|-damage|p2a: Corviknight|95\/100|[from] Recoil\n|\n|-heal|p1a: Glimmora|87\/100|[from] item: Leftovers\n|upkeep\n|turn|2\n|\n|t:|1698491221\n|move|p1a: Glimmora|Stealth Rock|p2a: Corviknight\n|-sidestart|p2: hhlw|move: Stealth Rock\n|move|p2a: Corviknight|Body Slam|p1a: Glimmora\n|-resisted|p1a: Glimmora\n|-damage|p1a: Glimmora|80\/100\n|-status|p1a: Glimmora|par\n|-activate|p1a: Glimmora|ability: Toxic Debris\n|-sidestart|p2: hhlw|move: Toxic Spikes\n|\n|-heal|p1a: Glimmora|86\/100 par|[from] item: Leftovers\n|upkeep\n|turn|3\n|inactive|hhlw has 270 seconds left.\n|inactive|hhlw has 240 seconds left.\n|\n|t:|1698491282\n|move|p2a: Corviknight|Brave Bird|p1a: Glimmora\n|-resisted|p1a: Glimmora\n|-damage|p1a: Glimmora|68\/100 par\n|-damage|p2a: Corviknight|90\/100|[from] Recoil\n|move|p1a: Glimmora|Spikes|p2a: Corviknight\n|-sidestart|p2: hhlw|Spikes\n|\n|-heal|p1a: Glimmora|74\/100 par|[from] item: Leftovers\n|upkeep\n|turn|4\n|\n|t:|1698491299\n|move|p2a: Corviknight|Brave Bird|p1a: Glimmora\n|-resisted|p1a: Glimmora\n|-damage|p1a: Glimmora|56\/100 par\n|-damage|p2a: Corviknight|84\/100|[from] Recoil\n|move|p1a: Glimmora|Spikes|p2a: Corviknight\n|-sidestart|p2: hhlw|Spikes\n|\n|-heal|p1a: Glimmora|62\/100 par|[from] item: Leftovers\n|upkeep\n|turn|5\n|inactive|hhlw has 240 seconds left.\n|\n|t:|1698491322\n|switch|p2a: Hoopa|Hoopa-Unbound|100\/100\n|-status|p2a: Hoopa|tox\n|-damage|p2a: Hoopa|88\/100 tox|[from] Stealth Rock\n|-damage|p2a: Hoopa|71\/100 tox|[from] Spikes\n|move|p1a: Glimmora|Spikes|p2a: Hoopa\n|-sidestart|p2: hhlw|Spikes\n|\n|-heal|p1a: Glimmora|69\/100 par|[from] item: Leftovers\n|-damage|p2a: Hoopa|65\/100 tox|[from] psn\n|upkeep\n|turn|6\n|inactive|hhlw has 240 seconds left.\n|\n|t:|1698491336\n|move|p2a: Hoopa|Ice Punch|p1a: Glimmora\n|-damage|p1a: Glimmora|46\/100 par\n|-damage|p2a: Hoopa|55\/100 tox|[from] item: Life Orb\n|move|p1a: Glimmora|Toxic Spikes||[still]\n|-fail|p1a: Glimmora\n|\n|-heal|p1a: Glimmora|52\/100 par|[from] item: Leftovers\n|-damage|p2a: Hoopa|43\/100 tox|[from] psn\n|upkeep\n|turn|7\n|inactive|hhlw has 240 seconds left.\n|inactive|Naeval_Eco has 270 seconds left.\n|\n|t:|1698491365\n|switch|p1a: Furret|Furret, M|100\/100\n|move|p2a: Hoopa|Drain Punch|p1a: Furret\n|-supereffective|p1a: Furret\n|-damage|p1a: Furret|3\/100\n|-heal|p2a: Hoopa|89\/100 tox|[from] drain|[of] p1a: Furret\n|-damage|p2a: Hoopa|79\/100 tox|[from] item: Life Orb\n|\n|-damage|p2a: Hoopa|61\/100 tox|[from] psn\n|upkeep\n|turn|8\n|inactive|hhlw has 240 seconds left.\n|inactive|Naeval_Eco has 270 seconds left.\n|\n|t:|1698491382\n|move|p1a: Furret|Ice Beam|p2a: Hoopa\n|-damage|p2a: Hoopa|53\/100 tox\n|move|p2a: Hoopa|Ice Punch|p1a: Furret\n|-damage|p1a: Furret|0 fnt\n|faint|p1a: Furret\n|-damage|p2a: Hoopa|43\/100 tox|[from] item: Life Orb\n|\n|-damage|p2a: Hoopa|19\/100 tox|[from] psn\n|upkeep\n|\n|t:|1698491396\n|switch|p1a: Maushold|Maushold|100\/100\n|turn|9\n|\n|t:|1698491416\n|move|p1a: Maushold|Tidy Up|p1a: Maushold\n|-sideend|p2: hhlw|Spikes\n|-sideend|p2: hhlw|Toxic Spikes\n|-sideend|p2: hhlw|Stealth Rock\n|-activate|p1a: Maushold|move: Tidy Up\n|-boost|p1a: Maushold|atk|1\n|-boost|p1a: Maushold|spe|1\n|move|p2a: Hoopa|Drain Punch|p1a: Maushold\n|-supereffective|p1a: Maushold\n|-damage|p1a: Maushold|0 fnt\n|-heal|p2a: Hoopa|62\/100 tox|[from] drain|[of] p1a: Maushold\n|faint|p1a: Maushold\n|-damage|p2a: Hoopa|52\/100 tox|[from] item: Life Orb\n|\n|-damage|p2a: Hoopa|22\/100 tox|[from] psn\n|upkeep\n|inactive|Naeval_Eco has 240 seconds left.\n|\n|t:|1698491437\n|switch|p1a: Dragapult|Dragapult, F|100\/100\n|turn|10\n|\n|t:|1698491441\n|move|p1a: Dragapult|Dragon Darts|p2a: Hoopa\n|-damage|p2a: Hoopa|0 fnt\n|faint|p2a: Hoopa\n|\n|upkeep\n|\n|t:|1698491466\n|switch|p2a: Zamazenta|Zamazenta|100\/100\n|-ability|p2a: Zamazenta|Dauntless Shield|boost\n|-boost|p2a: Zamazenta|def|1\n|turn|11\n|\n|t:|1698491476\n|move|p1a: Dragapult|Dragon Dance|p1a: Dragapult\n|-boost|p1a: Dragapult|atk|1\n|-boost|p1a: Dragapult|spe|1\n|move|p2a: Zamazenta|Focus Blast|p1a: Dragapult\n|-immune|p1a: Dragapult\n|\n|upkeep\n|turn|12\n|\n|t:|1698491489\n|move|p1a: Dragapult|Dragon Dance|p1a: Dragapult\n|-boost|p1a: Dragapult|atk|1\n|-boost|p1a: Dragapult|spe|1\n|move|p2a: Zamazenta|Brick Break|p1a: Dragapult\n|-immune|p1a: Dragapult\n|\n|upkeep\n|turn|13\n|\n|t:|1698491504\n|move|p1a: Dragapult|Hex|p2a: Zamazenta\n|-damage|p2a: Zamazenta|80\/100\n|move|p2a: Zamazenta|Flash Cannon|p1a: Dragapult\n|-damage|p1a: Dragapult|79\/100\n|\n|upkeep\n|turn|14\n|\n|t:|1698491513\n|move|p1a: Dragapult|Dragon Darts|p2a: Zamazenta\n|-damage|p2a: Zamazenta|48\/100\n|-anim|p1a: Dragapult|Dragon Darts|p2a: Zamazenta\n|-damage|p2a: Zamazenta|18\/100\n|move|p2a: Zamazenta|Flash Cannon|p1a: Dragapult\n|-damage|p1a: Dragapult|58\/100\n|\n|upkeep\n|turn|15\n|\n|t:|1698491524\n|switch|p2a: Corviknight|Corviknight, M, shiny, tera:Flying|84\/100\n|-ability|p2a: Corviknight|Pressure\n|move|p1a: Dragapult|Dragon Darts|p2a: Corviknight\n|-damage|p2a: Corviknight|33\/100\n|-anim|p1a: Dragapult|Dragon Darts|p2a: Corviknight\n|-damage|p2a: Corviknight|0 fnt\n|faint|p2a: Corviknight\n|\n|upkeep\n|\n|t:|1698491539\n|switch|p2a: Slither Wing|Slither Wing|100\/100\n|turn|16\n|\n|t:|1698491543\n|move|p2a: Slither Wing|First Impression|p1a: Dragapult\n|-resisted|p1a: Dragapult\n|-damage|p1a: Dragapult|26\/100\n|move|p1a: Dragapult|Dragon Darts|p2a: Slither Wing\n|-damage|p2a: Slither Wing|37\/100\n|-anim|p1a: Dragapult|Dragon Darts|p2a: Slither Wing\n|-damage|p2a: Slither Wing|0 fnt\n|faint|p2a: Slither Wing\n|-end|p2a: Slither Wing|Protosynthesis|[silent]\n|\n|upkeep\n|\n|t:|1698491572\n|switch|p2a: Kyogre|Kyogre|100\/100\n|-weather|RainDance|[from] ability: Drizzle|[of] p2a: Kyogre\n|turn|17\n|\n|t:|1698491580\n|move|p1a: Dragapult|Dragon Darts|p2a: Kyogre\n|-damage|p2a: Kyogre|48\/100\n|-anim|p1a: Dragapult|Dragon Darts|p2a: Kyogre\n|-damage|p2a: Kyogre|0 fnt\n|faint|p2a: Kyogre\n|\n|-weather|RainDance|[upkeep]\n|upkeep\n|inactive|hhlw has 240 seconds left.\n|\n|t:|1698491605\n|switch|p2a: Dudunsparce|Dudunsparce-Three-Segment, M|100\/100\n|turn|18\n|inactive|hhlw has 240 seconds left.\n|\n|t:|1698491614\n|move|p1a: Dragapult|Dragon Darts|p2a: Dudunsparce\n|-damage|p2a: Dudunsparce|46\/100\n|-anim|p1a: Dragapult|Dragon Darts|p2a: Dudunsparce\n|-damage|p2a: Dudunsparce|0 fnt\n|faint|p2a: Dudunsparce\n|\n|-weather|RainDance|[upkeep]\n|upkeep\n|inactive|hhlw has 240 seconds left.\n|\n|t:|1698491621\n|switch|p2a: Zamazenta|Zamazenta|18\/100\n|turn|19\n|\n|t:|1698491626\n|move|p1a: Dragapult|Dragon Darts|p2a: Zamazenta\n|-damage|p2a: Zamazenta|0 fnt\n|faint|p2a: Zamazenta\n|\n|win|Naeval_Eco\n","uploadtime":1698491634,"views":10,"p1id":"naevaleco","p2id":"hhlw","formatid":"gen9anythinggoes","rating":0,"private":0,"password":""}