{"id":"gen9anythinggoes-1991759252","p1":"Tonicheddar","p2":"VoIcanion","format":"[Gen 9] Anything Goes","log":"|j|\u2606Tonicheddar\n|j|\u2606VoIcanion\n|t:|1700112311\n|gametype|singles\n|player|p1|Tonicheddar|elesa|1102\n|player|p2|VoIcanion|roxanne|1060\n|teamsize|p1|4\n|teamsize|p2|6\n|gen|9\n|tier|[Gen 9] Anything Goes\n|rated|\n|rule|HP Percentage Mod: HP is shown in percentages\n|rule|Endless Battle Clause: Forcing endless battles is banned\n|clearpoke\n|poke|p1|Scizor, F|\n|poke|p1|Gliscor, F|\n|poke|p1|Calyrex-Ice|\n|poke|p1|Scizor, M|\n|poke|p2|Lucario, F|\n|poke|p2|Glimmora, M|\n|poke|p2|Arcanine-Hisui, F|\n|poke|p2|Arcanine-Hisui, F|\n|poke|p2|Rabsca, F|\n|poke|p2|Calyrex-Shadow|\n|teampreview\n|\n|t:|1700112329\n|start\n|switch|p1a: Gliscor|Gliscor, F|100\/100\n|switch|p2a: Glimmora|Glimmora, M|100\/100\n|turn|1\n|\n|t:|1700112337\n|move|p2a: Glimmora|Stealth Rock|p1a: Gliscor\n|-sidestart|p1: Tonicheddar|move: Stealth Rock\n|move|p1a: Gliscor|Swords Dance|p1a: Gliscor\n|-boost|p1a: Gliscor|atk|2\n|\n|-status|p1a: Gliscor|tox|[from] item: Toxic Orb\n|upkeep\n|turn|2\n|\n|t:|1700112346\n|move|p2a: Glimmora|Spikes|p1a: Gliscor\n|-sidestart|p1: Tonicheddar|Spikes\n|move|p1a: Gliscor|Swords Dance|p1a: Gliscor\n|-boost|p1a: Gliscor|atk|2\n|\n|upkeep\n|turn|3\n|\n|t:|1700112352\n|move|p2a: Glimmora|Toxic Spikes|p1a: Gliscor\n|-sidestart|p1: Tonicheddar|move: Toxic Spikes\n|move|p1a: Gliscor|Swords Dance|p1a: Gliscor\n|-boost|p1a: Gliscor|atk|2\n|\n|upkeep\n|turn|4\n|\n|t:|1700112359\n|move|p2a: Glimmora|Explosion|p1a: Gliscor\n|-crit|p1a: Gliscor\n|-damage|p1a: Gliscor|68\/100 tox\n|faint|p2a: Glimmora\n|move|p1a: Gliscor|Baton Pass|p1a: Gliscor\n|\n|t:|1700112365\n|switch|p1a: Mantis|Scizor, F, shiny|100\/100|[from] Baton Pass\n|-damage|p1a: Mantis|88\/100|[from] Stealth Rock\n|-damage|p1a: Mantis|76\/100|[from] Spikes\n|\n|upkeep\n|\n|t:|1700112369\n|switch|p2a: Calyrex|Calyrex-Shadow|100\/100\n|-ability|p2a: Calyrex|As One\n|-ability|p2a: Calyrex|Unnerve\n|turn|5\n|\n|t:|1700112376\n|-terastallize|p1a: Mantis|Steel\n|move|p1a: Mantis|Bullet Punch|p2a: Calyrex\n|-damage|p2a: Calyrex|0 fnt\n|faint|p2a: Calyrex\n|\n|upkeep\n|\n|t:|1700112381\n|switch|p2a: hisui|Arcanine-Hisui, F|100\/100\n|-ability|p2a: hisui|Intimidate|boost\n|-unboost|p1a: Mantis|atk|1\n|turn|6\n|\n|t:|1700112386\n|move|p1a: Mantis|Bullet Punch|p2a: hisui\n|-damage|p2a: hisui|0 fnt\n|faint|p2a: hisui\n|\n|upkeep\n|\n|t:|1700112388\n|switch|p2a: Lucario|Lucario, F|100\/100\n|turn|7\n|\n|t:|1700112392\n|move|p1a: Mantis|Bullet Punch|p2a: Lucario\n|-resisted|p2a: Lucario\n|-crit|p2a: Lucario\n|-damage|p2a: Lucario|0 fnt\n|faint|p2a: Lucario\n|\n|upkeep\n|\n|t:|1700112395\n|switch|p2a: Arcanine|Arcanine-Hisui, F|100\/100\n|-ability|p2a: Arcanine|Intimidate|boost\n|-unboost|p1a: Mantis|atk|1\n|turn|8\n|c|\u2606VoIcanion|,\n|\n|t:|1700112401\n|move|p1a: Mantis|Bullet Punch|p2a: Arcanine\n|-damage|p2a: Arcanine|0 fnt\n|faint|p2a: Arcanine\n|\n|upkeep\n|\n|t:|1700112405\n|switch|p2a: Rabsca|Rabsca, F|100\/100\n|turn|9\n|\n|t:|1700112408\n|move|p1a: Mantis|Bullet Punch|p2a: Rabsca\n|-damage|p2a: Rabsca|0 fnt\n|faint|p2a: Rabsca\n|\n|win|Tonicheddar\n|raw|Tonicheddar's rating: 1102 &rarr; <strong>1124<\/strong><br \/>(+22 for winning)\n|raw|VoIcanion's rating: 1060 &rarr; <strong>1043<\/strong><br \/>(-17 for losing)\n|c|\u2606VoIcanion|FNJVIREFVds\n|c|\u2606Tonicheddar|gg\n|c|\u2606VoIcanion|im reporting\n|c|\u2606Tonicheddar|For what?\n|c|\u2606VoIcanion|i had 700 speed on my calyrex\n|c|\u2606Tonicheddar|It's a priority move bruh\n|c|\u2606VoIcanion|it was faster and roar moves first\n|c|\u2606Tonicheddar|Cancels out speed\n|l|\u2606VoIcanion\n|c|\u2606Tonicheddar|Try the strat yourself bruh\n","uploadtime":1700112485,"views":14,"p1id":"tonicheddar","p2id":"voicanion","formatid":"gen9anythinggoes","rating":1043,"private":0,"password":""}