{"id":"gen9anythinggoes-1982385200","p1":"qjffp","p2":"juchan\/marie","format":"[Gen 9] Anything Goes","log":"|j|\u2606qjffp\n|j|\u2606juchan\/marie\n|t:|1699007851\n|gametype|singles\n|player|p1|qjffp|crasherwake|1677\n|player|p2|juchan\/marie|iono|1670\n|teamsize|p1|6\n|teamsize|p2|6\n|gen|9\n|tier|[Gen 9] Anything Goes\n|rated|\n|rule|HP Percentage Mod: HP is shown in percentages\n|rule|Endless Battle Clause: Forcing endless battles is banned\n|clearpoke\n|poke|p1|Corviknight, F|\n|poke|p1|Toxapex, F|\n|poke|p1|Clodsire, M|\n|poke|p1|Ting-Lu|\n|poke|p1|Arceus|\n|poke|p1|Calyrex-Shadow|\n|poke|p2|Great Tusk|\n|poke|p2|Arceus|\n|poke|p2|Koraidon|\n|poke|p2|Flutter Mane|\n|poke|p2|Kingambit, F|\n|poke|p2|Miraidon|\n|teampreview\n|inactive|Battle timer is ON: inactive players will automatically lose when time's up. (requested by qjffp)\n|\n|t:|1699007858\n|start\n|switch|p1a: Ting-Lu|Ting-Lu|100\/100\n|switch|p2a: Great Tusk|Great Tusk|100\/100\n|-ability|p1a: Ting-Lu|Vessel of Ruin\n|turn|1\n|\n|t:|1699007867\n|switch|p1a: Corviknight|Corviknight, F, shiny|100\/100\n|-ability|p1a: Corviknight|Pressure\n|move|p2a: Great Tusk|Knock Off|p1a: Corviknight\n|-damage|p1a: Corviknight|83\/100\n|-damage|p2a: Great Tusk|84\/100|[from] item: Rocky Helmet|[of] p1a: Corviknight\n|-enditem|p1a: Corviknight|Rocky Helmet|[from] move: Knock Off|[of] p2a: Great Tusk\n|\n|-heal|p2a: Great Tusk|90\/100|[from] item: Leftovers\n|upkeep\n|turn|2\n|j| Primordiallite\n|\n|t:|1699007882\n|-end|p2a: Great Tusk|Protosynthesis|[silent]\n|switch|p2a: Miraidon|Miraidon|100\/100\n|-fieldstart|move: Electric Terrain|[from] ability: Hadron Engine|[of] p2a: Miraidon\n|move|p1a: Corviknight|Body Press|p2a: Miraidon\n|-damage|p2a: Miraidon|74\/100\n|\n|upkeep\n|turn|3\n|\n|t:|1699007890\n|switch|p1a: Ting-Lu|Ting-Lu|100\/100\n|-ability|p1a: Ting-Lu|Vessel of Ruin\n|move|p2a: Miraidon|Overheat|p1a: Ting-Lu\n|-damage|p1a: Ting-Lu|76\/100\n|-unboost|p2a: Miraidon|spa|2\n|\n|-heal|p1a: Ting-Lu|82\/100|[from] item: Leftovers\n|upkeep\n|turn|4\n|l| Primordiallite\n|\n|t:|1699007898\n|switch|p2a: Koraidon|Koraidon|100\/100\n|-weather|SunnyDay|[from] ability: Orichalcum Pulse|[of] p2a: Koraidon\n|-activate|p2a: Koraidon|Orichalcum Pulse|[source]\n|move|p1a: Ting-Lu|Stealth Rock|p2a: Koraidon\n|-sidestart|p2: juchan\/marie|move: Stealth Rock\n|\n|-weather|SunnyDay|[upkeep]\n|-heal|p1a: Ting-Lu|88\/100|[from] item: Leftovers\n|upkeep\n|turn|5\n|inactive|juchan\/marie has 120 seconds left.\n|\n|t:|1699007935\n|switch|p1a: Toxapex|Toxapex, F, shiny|100\/100\n|move|p2a: Koraidon|Close Combat|p1a: Toxapex\n|-resisted|p1a: Toxapex\n|-damage|p1a: Toxapex|76\/100\n|-unboost|p2a: Koraidon|def|1\n|-unboost|p2a: Koraidon|spd|1\n|\n|-weather|SunnyDay|[upkeep]\n|-heal|p1a: Toxapex|83\/100|[from] item: Leftovers\n|upkeep\n|turn|6\n|inactive|juchan\/marie has 120 seconds left.\n|inactive|qjffp has 120 seconds left.\n|inactive|qjffp has 90 seconds left.\n|\n|t:|1699008007\n|switch|p2a: Miraidon|Miraidon|74\/100\n|-damage|p2a: Miraidon|62\/100|[from] Stealth Rock\n|-activate|p2a: Miraidon|ability: Hadron Engine\n|move|p1a: Toxapex|Toxic|p2a: Miraidon\n|-status|p2a: Miraidon|tox\n|\n|-weather|SunnyDay|[upkeep]\n|-heal|p1a: Toxapex|89\/100|[from] item: Leftovers\n|-damage|p2a: Miraidon|56\/100 tox|[from] psn\n|-fieldend|move: Electric Terrain\n|upkeep\n|turn|7\n|inactive|juchan\/marie has 120 seconds left.\n|\n|t:|1699008021\n|switch|p1a: Ting-Lu|Ting-Lu|88\/100\n|-ability|p1a: Ting-Lu|Vessel of Ruin\n|move|p2a: Miraidon|U-turn|p1a: Ting-Lu\n|-supereffective|p1a: Ting-Lu\n|-damage|p1a: Ting-Lu|75\/100\n|\n|t:|1699008025\n|switch|p2a: Great Tusk|Great Tusk|90\/100|[from] U-turn\n|-damage|p2a: Great Tusk|87\/100|[from] Stealth Rock\n|-activate|p2a: Great Tusk|ability: Protosynthesis\n|-start|p2a: Great Tusk|protosynthesisdef\n|\n|-weather|SunnyDay|[upkeep]\n|-heal|p2a: Great Tusk|93\/100|[from] item: Leftovers\n|-heal|p1a: Ting-Lu|81\/100|[from] item: Leftovers\n|upkeep\n|turn|8\n|inactive|qjffp has 90 seconds left.\n|inactive|qjffp has 60 seconds left.\n|inactive|qjffp has 30 seconds left.\n|\n|t:|1699008093\n|switch|p1a: Corviknight|Corviknight, F, shiny|83\/100\n|-ability|p1a: Corviknight|Pressure\n|move|p2a: Great Tusk|Knock Off|p1a: Corviknight\n|-damage|p1a: Corviknight|72\/100\n|\n|-weather|none\n|-end|p2a: Great Tusk|Protosynthesis\n|-heal|p2a: Great Tusk|99\/100|[from] item: Leftovers\n|upkeep\n|turn|9\n|inactive|qjffp has 30 seconds left.\n|inactive|qjffp has 20 seconds left.\n|\n|t:|1699008114\n|move|p2a: Great Tusk|Rapid Spin|p1a: Corviknight\n|-resisted|p1a: Corviknight\n|-damage|p1a: Corviknight|68\/100\n|-boost|p2a: Great Tusk|spe|1\n|-sideend|p2: juchan\/marie|Stealth Rock|[from] move: Rapid Spin|[of] p2a: Great Tusk\n|move|p1a: Corviknight|Roost|p1a: Corviknight\n|-heal|p1a: Corviknight|100\/100\n|-singleturn|p1a: Corviknight|move: Roost\n|\n|-heal|p2a: Great Tusk|100\/100|[from] item: Leftovers\n|upkeep\n|turn|10\n|inactive|qjffp has 30 seconds left this turn.\n|\n|t:|1699008121\n|-end|p2a: Great Tusk|Protosynthesis|[silent]\n|switch|p2a: Koraidon|Koraidon|100\/100\n|-weather|SunnyDay|[from] ability: Orichalcum Pulse|[of] p2a: Koraidon\n|-activate|p2a: Koraidon|Orichalcum Pulse|[source]\n|move|p1a: Corviknight|U-turn|p2a: Koraidon\n|-resisted|p2a: Koraidon\n|-damage|p2a: Koraidon|94\/100\n|inactive|qjffp has 30 seconds left.\n|\n|t:|1699008129\n|switch|p1a: Toxapex|Toxapex, F, shiny|100\/100|[from] U-turn\n|\n|-weather|SunnyDay|[upkeep]\n|upkeep\n|turn|11\n|\n|t:|1699008135\n|move|p2a: Koraidon|U-turn|p1a: Toxapex\n|-resisted|p1a: Toxapex\n|-damage|p1a: Toxapex|90\/100\n|\n|t:|1699008142\n|switch|p2a: Miraidon|Miraidon|56\/100 tox|[from] U-turn\n|-fieldstart|move: Electric Terrain|[from] ability: Hadron Engine|[of] p2a: Miraidon\n|move|p1a: Toxapex|Toxic|p2a: Miraidon\n|-fail|p2a: Miraidon|tox\n|\n|-weather|SunnyDay|[upkeep]\n|-heal|p1a: Toxapex|96\/100|[from] item: Leftovers\n|-damage|p2a: Miraidon|49\/100 tox|[from] psn\n|upkeep\n|turn|12\n|\n|t:|1699008150\n|switch|p1a: Clodsire|Clodsire, M, shiny|100\/100\n|move|p2a: Miraidon|Draco Meteor|p1a: Clodsire\n|-damage|p1a: Clodsire|51\/100\n|-unboost|p2a: Miraidon|spa|2\n|\n|-weather|SunnyDay|[upkeep]\n|-heal|p1a: Clodsire|57\/100|[from] item: Leftovers\n|-damage|p2a: Miraidon|37\/100 tox|[from] psn\n|upkeep\n|turn|13\n|\n|t:|1699008159\n|switch|p2a: Great Tusk|Great Tusk|100\/100\n|-activate|p2a: Great Tusk|ability: Protosynthesis\n|-start|p2a: Great Tusk|protosynthesisdef\n|move|p1a: Clodsire|Recover|p1a: Clodsire\n|-heal|p1a: Clodsire|100\/100\n|\n|-weather|SunnyDay|[upkeep]\n|upkeep\n|turn|14\n|\n|t:|1699008167\n|switch|p1a: Corviknight|Corviknight, F, shiny|100\/100\n|-ability|p1a: Corviknight|Pressure\n|move|p2a: Great Tusk|Stealth Rock|p1a: Corviknight\n|-sidestart|p1: qjffp|move: Stealth Rock\n|\n|-weather|none\n|-end|p2a: Great Tusk|Protosynthesis\n|upkeep\n|turn|15\n|j| GUESSWHOTPRADO\n|\n|t:|1699008182\n|-end|p2a: Great Tusk|Protosynthesis|[silent]\n|switch|p2a: Miraidon|Miraidon|37\/100 tox\n|-activate|p2a: Miraidon|ability: Hadron Engine\n|move|p1a: Corviknight|Defog|p2a: Miraidon\n|-unboost|p2a: Miraidon|evasion|1\n|-sideend|p1: qjffp|Stealth Rock|[from] move: Defog|[of] p1a: Corviknight\n|-fieldend|move: Electric Terrain\n|\n|-damage|p2a: Miraidon|31\/100 tox|[from] psn\n|upkeep\n|turn|16\n|\n|t:|1699008187\n|switch|p1a: Ting-Lu|Ting-Lu|81\/100\n|-ability|p1a: Ting-Lu|Vessel of Ruin\n|move|p2a: Miraidon|U-turn|p1a: Ting-Lu\n|-supereffective|p1a: Ting-Lu\n|-damage|p1a: Ting-Lu|66\/100\n|\n|t:|1699008190\n|switch|p2a: Koraidon|Koraidon|94\/100|[from] U-turn\n|-weather|SunnyDay|[from] ability: Orichalcum Pulse|[of] p2a: Koraidon\n|-activate|p2a: Koraidon|Orichalcum Pulse|[source]\n|\n|-weather|SunnyDay|[upkeep]\n|-heal|p1a: Ting-Lu|73\/100|[from] item: Leftovers\n|upkeep\n|turn|17\n|inactive|qjffp has 90 seconds left.\n|\n|t:|1699008212\n|switch|p1a: Toxapex|Toxapex, F, shiny|100\/100\n|move|p2a: Koraidon|Dragon Claw|p1a: Toxapex\n|-damage|p1a: Toxapex|68\/100\n|\n|-weather|SunnyDay|[upkeep]\n|-heal|p1a: Toxapex|74\/100|[from] item: Leftovers\n|upkeep\n|turn|18\n|\n|t:|1699008229\n|move|p2a: Koraidon|Dragon Claw|p1a: Toxapex\n|-damage|p1a: Toxapex|40\/100\n|move|p1a: Toxapex|Infestation|p2a: Koraidon\n|-resisted|p2a: Koraidon\n|-damage|p2a: Koraidon|93\/100\n|-activate|p2a: Koraidon|move: Infestation|[of] p1a: Toxapex\n|\n|-weather|SunnyDay|[upkeep]\n|-heal|p1a: Toxapex|47\/100|[from] item: Leftovers\n|-damage|p2a: Koraidon|80\/100|[from] move: Infestation|[partiallytrapped]\n|upkeep\n|turn|19\n|inactive|qjffp has 90 seconds left.\n|\n|t:|1699008239\n|move|p2a: Koraidon|Dragon Claw|p1a: Toxapex\n|-damage|p1a: Toxapex|13\/100\n|move|p1a: Toxapex|Recover|p1a: Toxapex\n|-heal|p1a: Toxapex|63\/100\n|\n|-weather|SunnyDay|[upkeep]\n|-heal|p1a: Toxapex|69\/100|[from] item: Leftovers\n|-damage|p2a: Koraidon|68\/100|[from] move: Infestation|[partiallytrapped]\n|upkeep\n|turn|20\n|\n|t:|1699008247\n|move|p2a: Koraidon|Dragon Claw|p1a: Toxapex\n|-damage|p1a: Toxapex|33\/100\n|move|p1a: Toxapex|Recover|p1a: Toxapex\n|-heal|p1a: Toxapex|83\/100\n|\n|-weather|none\n|-heal|p1a: Toxapex|89\/100|[from] item: Leftovers\n|-damage|p2a: Koraidon|56\/100|[from] move: Infestation|[partiallytrapped]\n|upkeep\n|turn|21\n|\n|t:|1699008252\n|move|p2a: Koraidon|Dragon Claw|p1a: Toxapex\n|-damage|p1a: Toxapex|62\/100\n|move|p1a: Toxapex|Toxic|p2a: Koraidon\n|-status|p2a: Koraidon|tox\n|\n|-heal|p1a: Toxapex|69\/100|[from] item: Leftovers\n|-damage|p2a: Koraidon|49\/100 tox|[from] psn\n|-damage|p2a: Koraidon|37\/100 tox|[from] move: Infestation|[partiallytrapped]\n|upkeep\n|turn|22\n|\n|t:|1699008262\n|move|p2a: Koraidon|Dragon Claw|p1a: Toxapex\n|-damage|p1a: Toxapex|41\/100\n|move|p1a: Toxapex|Recover|p1a: Toxapex\n|-heal|p1a: Toxapex|91\/100\n|\n|-heal|p1a: Toxapex|97\/100|[from] item: Leftovers\n|-damage|p2a: Koraidon|25\/100 tox|[from] psn\n|-end|p2a: Koraidon|Infestation|[partiallytrapped]\n|upkeep\n|turn|23\n|\n|t:|1699008271\n|switch|p2a: Miraidon|Miraidon|31\/100 tox\n|-fieldstart|move: Electric Terrain|[from] ability: Hadron Engine|[of] p2a: Miraidon\n|move|p1a: Toxapex|Infestation|p2a: Miraidon\n|-damage|p2a: Miraidon|28\/100 tox\n|-activate|p2a: Miraidon|move: Infestation|[of] p1a: Toxapex\n|\n|-heal|p1a: Toxapex|100\/100|[from] item: Leftovers\n|-damage|p2a: Miraidon|22\/100 tox|[from] psn\n|-damage|p2a: Miraidon|10\/100 tox|[from] move: Infestation|[partiallytrapped]\n|upkeep\n|turn|24\n|\n|t:|1699008282\n|switch|p1a: Clodsire|Clodsire, M, shiny|100\/100\n|move|p2a: Miraidon|U-turn|p1a: Clodsire\n|-resisted|p1a: Clodsire\n|-damage|p1a: Clodsire|94\/100\n|\n|t:|1699008286\n|switch|p2a: Arceus|Arceus|100\/100|[from] U-turn\n|\n|-heal|p1a: Clodsire|99\/100|[from] item: Leftovers\n|upkeep\n|turn|25\n|inactive|qjffp has 120 seconds left.\n|\n|t:|1699008305\n|switch|p1a: Corviknight|Corviknight, F, shiny|100\/100\n|-ability|p1a: Corviknight|Pressure\n|move|p2a: Arceus|Swords Dance|p2a: Arceus\n|-boost|p2a: Arceus|atk|2\n|\n|upkeep\n|turn|26\n|\n|t:|1699008309\n|-terastallize|p2a: Arceus|Ghost\n|move|p2a: Arceus|Shadow Claw|p1a: Corviknight\n|-damage|p1a: Corviknight|55\/100\n|move|p1a: Corviknight|Body Press|p2a: Arceus\n|-immune|p2a: Arceus\n|\n|upkeep\n|turn|27\n|\n|t:|1699008316\n|move|p2a: Arceus|Shadow Claw|p1a: Corviknight\n|-damage|p1a: Corviknight|9\/100\n|move|p1a: Corviknight|Roost|p1a: Corviknight\n|-heal|p1a: Corviknight|59\/100\n|-singleturn|p1a: Corviknight|move: Roost\n|\n|-fieldend|move: Electric Terrain\n|upkeep\n|turn|28\n|\n|t:|1699008327\n|move|p2a: Arceus|Swords Dance|p2a: Arceus\n|-boost|p2a: Arceus|atk|2\n|move|p1a: Corviknight|U-turn|p2a: Arceus\n|-resisted|p2a: Arceus\n|-damage|p2a: Arceus|96\/100\n|\n|t:|1699008333\n|switch|p1a: Calyrex|Calyrex-Shadow|100\/100|[from] U-turn\n|-ability|p1a: Calyrex|As One\n|-ability|p1a: Calyrex|Unnerve\n|\n|upkeep\n|turn|29\n|\n|t:|1699008340\n|switch|p2a: Kingambit|Kingambit, F|100\/100\n|move|p1a: Calyrex|Astral Barrage|p2a: Kingambit\n|-resisted|p2a: Kingambit\n|-damage|p2a: Kingambit|60\/100\n|\n|-heal|p2a: Kingambit|66\/100|[from] item: Leftovers\n|upkeep\n|turn|30\n|inactive|qjffp has 120 seconds left.\n|\n|t:|1699008369\n|switch|p1a: Corviknight|Corviknight, F, shiny|59\/100\n|-ability|p1a: Corviknight|Pressure\n|move|p2a: Kingambit|Iron Head|p1a: Corviknight\n|-resisted|p1a: Corviknight\n|-damage|p1a: Corviknight|44\/100\n|\n|-heal|p2a: Kingambit|72\/100|[from] item: Leftovers\n|upkeep\n|turn|31\n|\n|t:|1699008380\n|-end|p2a: Kingambit|fallenundefined|[silent]\n|switch|p2a: Arceus|Arceus, tera:Ghost|96\/100\n|move|p1a: Corviknight|Roost|p1a: Corviknight\n|-heal|p1a: Corviknight|94\/100\n|-singleturn|p1a: Corviknight|move: Roost\n|\n|upkeep\n|turn|32\n|\n|t:|1699008386\n|move|p2a: Arceus|Shadow Claw|p1a: Corviknight\n|-damage|p1a: Corviknight|72\/100\n|move|p1a: Corviknight|U-turn|p2a: Arceus\n|-resisted|p2a: Arceus\n|-damage|p2a: Arceus|91\/100\n|\n|t:|1699008389\n|switch|p1a: Calyrex|Calyrex-Shadow|100\/100|[from] U-turn\n|-ability|p1a: Calyrex|As One\n|-ability|p1a: Calyrex|Unnerve\n|\n|upkeep\n|turn|33\n|\n|t:|1699008401\n|switch|p2a: Kingambit|Kingambit, F|72\/100\n|move|p1a: Calyrex|Astral Barrage|p2a: Kingambit\n|-resisted|p2a: Kingambit\n|-damage|p2a: Kingambit|32\/100\n|\n|-heal|p2a: Kingambit|38\/100|[from] item: Leftovers\n|upkeep\n|turn|34\n|\n|t:|1699008413\n|switch|p1a: Toxapex|Toxapex, F, shiny|100\/100\n|move|p2a: Kingambit|Sucker Punch||[still]\n|-fail|p2a: Kingambit\n|\n|-heal|p2a: Kingambit|45\/100|[from] item: Leftovers\n|upkeep\n|turn|35\n|\n|t:|1699008427\n|-end|p2a: Kingambit|fallenundefined|[silent]\n|switch|p2a: Great Tusk|Great Tusk|100\/100\n|move|p1a: Toxapex|Infestation|p2a: Great Tusk\n|-resisted|p2a: Great Tusk\n|-damage|p2a: Great Tusk|99\/100\n|-activate|p2a: Great Tusk|move: Infestation|[of] p1a: Toxapex\n|\n|-heal|p2a: Great Tusk|100\/100|[from] item: Leftovers\n|-damage|p2a: Great Tusk|88\/100|[from] move: Infestation|[partiallytrapped]\n|upkeep\n|turn|36\n|\n|t:|1699008454\n|switch|p1a: Corviknight|Corviknight, F, shiny|72\/100\n|-ability|p1a: Corviknight|Pressure\n|move|p2a: Great Tusk|Knock Off|p1a: Corviknight\n|-damage|p1a: Corviknight|61\/100\n|\n|-heal|p2a: Great Tusk|94\/100|[from] item: Leftovers\n|-end|p2a: Great Tusk|Infestation|[partiallytrapped]|[silent]\n|upkeep\n|turn|37\n|j| Sobbletrener3\n|inactive|juchan\/marie has 120 seconds left.\n|l| Sobbletrener3\n|\n|t:|1699008512\n|-end|p2a: Great Tusk|Protosynthesis|[silent]\n|switch|p2a: Koraidon|Koraidon|25\/100 tox\n|-weather|SunnyDay|[from] ability: Orichalcum Pulse|[of] p2a: Koraidon\n|-activate|p2a: Koraidon|Orichalcum Pulse|[source]\n|move|p1a: Corviknight|Roost|p1a: Corviknight\n|-heal|p1a: Corviknight|100\/100\n|-singleturn|p1a: Corviknight|move: Roost\n|\n|-weather|SunnyDay|[upkeep]\n|-damage|p2a: Koraidon|19\/100 tox|[from] psn\n|upkeep\n|turn|38\n|inactive|qjffp has 120 seconds left.\n|\n|t:|1699008551\n|switch|p1a: Toxapex|Toxapex, F, shiny|100\/100\n|move|p2a: Koraidon|Flare Blitz|p1a: Toxapex\n|-resisted|p1a: Toxapex\n|-damage|p1a: Toxapex|75\/100\n|-damage|p2a: Koraidon|11\/100 tox|[from] Recoil\n|\n|-weather|SunnyDay|[upkeep]\n|-heal|p1a: Toxapex|82\/100|[from] item: Leftovers\n|-damage|p2a: Koraidon|0 fnt|[from] psn\n|faint|p2a: Koraidon\n|upkeep\n|inactive|juchan\/marie has 90 seconds left.\n|\n|t:|1699008575\n|switch|p2a: Miraidon|Miraidon|10\/100 tox\n|-fieldstart|move: Electric Terrain|[from] ability: Hadron Engine|[of] p2a: Miraidon\n|turn|39\n|j| JasperrepsaJ\n|\n|t:|1699008600\n|switch|p1a: Clodsire|Clodsire, M, shiny|99\/100\n|move|p2a: Miraidon|Draco Meteor|p1a: Clodsire|[miss]\n|-miss|p2a: Miraidon|p1a: Clodsire\n|\n|-weather|SunnyDay|[upkeep]\n|-heal|p1a: Clodsire|100\/100|[from] item: Leftovers\n|-damage|p2a: Miraidon|4\/100 tox|[from] psn\n|upkeep\n|turn|40\n|l| JasperrepsaJ\n|\n|t:|1699008609\n|switch|p2a: Great Tusk|Great Tusk|94\/100\n|-activate|p2a: Great Tusk|ability: Protosynthesis\n|-start|p2a: Great Tusk|protosynthesisdef\n|move|p1a: Clodsire|Recover||[still]\n|-fail|p1a: Clodsire|heal\n|\n|-weather|SunnyDay|[upkeep]\n|-heal|p2a: Great Tusk|99\/100|[from] item: Leftovers\n|upkeep\n|turn|41\n|inactive|qjffp has 90 seconds left.\n|\n|t:|1699008652\n|-end|p2a: Great Tusk|Protosynthesis|[silent]\n|switch|p2a: Flutter Mane|Flutter Mane|100\/100\n|-activate|p2a: Flutter Mane|ability: Protosynthesis\n|-start|p2a: Flutter Mane|protosynthesisspe\n|switch|p1a: Corviknight|Corviknight, F, shiny|100\/100\n|-ability|p1a: Corviknight|Pressure\n|\n|-weather|none\n|-end|p2a: Flutter Mane|Protosynthesis\n|upkeep\n|-enditem|p2a: Flutter Mane|Booster Energy\n|-activate|p2a: Flutter Mane|ability: Protosynthesis|[fromitem]\n|-start|p2a: Flutter Mane|protosynthesisspe\n|turn|42\n|inactive|juchan\/marie has 90 seconds left.\n|\n|t:|1699008694\n|switch|p1a: Clodsire|Clodsire, M, shiny|100\/100\n|move|p2a: Flutter Mane|Shadow Ball|p1a: Clodsire\n|-crit|p1a: Clodsire\n|-damage|p1a: Clodsire|64\/100\n|\n|-heal|p1a: Clodsire|71\/100|[from] item: Leftovers\n|upkeep\n|turn|43\n|inactive|qjffp has 60 seconds left.\n|\n|t:|1699008738\n|move|p2a: Flutter Mane|Shadow Ball|p1a: Clodsire\n|-damage|p1a: Clodsire|48\/100\n|move|p1a: Clodsire|Recover|p1a: Clodsire\n|-heal|p1a: Clodsire|98\/100\n|\n|-heal|p1a: Clodsire|100\/100|[from] item: Leftovers\n|-fieldend|move: Electric Terrain\n|upkeep\n|turn|44\n|\n|t:|1699008746\n|-end|p2a: Flutter Mane|Protosynthesis|[silent]\n|switch|p2a: Great Tusk|Great Tusk|99\/100\n|move|p1a: Clodsire|Toxic|p2a: Great Tusk\n|-status|p2a: Great Tusk|tox\n|\n|-heal|p2a: Great Tusk|100\/100 tox|[from] item: Leftovers\n|-damage|p2a: Great Tusk|94\/100 tox|[from] psn\n|upkeep\n|turn|45\n|inactive|qjffp has 60 seconds left.\n|\n|t:|1699008765\n|switch|p1a: Corviknight|Corviknight, F, shiny|100\/100\n|-ability|p1a: Corviknight|Pressure\n|move|p2a: Great Tusk|Knock Off|p1a: Corviknight\n|-damage|p1a: Corviknight|89\/100\n|\n|-heal|p2a: Great Tusk|100\/100 tox|[from] item: Leftovers\n|-damage|p2a: Great Tusk|88\/100 tox|[from] psn\n|upkeep\n|turn|46\n|\n|t:|1699008775\n|-end|p2a: Great Tusk|Protosynthesis|[silent]\n|switch|p2a: Flutter Mane|Flutter Mane|100\/100\n|move|p1a: Corviknight|U-turn|p2a: Flutter Mane\n|-resisted|p2a: Flutter Mane\n|-damage|p2a: Flutter Mane|93\/100\n|\n|t:|1699008782\n|switch|p1a: Clodsire|Clodsire, M, shiny|100\/100|[from] U-turn\n|\n|upkeep\n|turn|47\n|inactive|juchan\/marie has 90 seconds left.\n|\n|t:|1699008800\n|-end|p2a: Flutter Mane|Protosynthesis|[silent]\n|switch|p2a: Great Tusk|Great Tusk|88\/100 tox\n|move|p1a: Clodsire|Toxic|p2a: Great Tusk\n|-fail|p2a: Great Tusk|tox\n|\n|-heal|p2a: Great Tusk|94\/100 tox|[from] item: Leftovers\n|-damage|p2a: Great Tusk|88\/100 tox|[from] psn\n|upkeep\n|turn|48\n|\n|t:|1699008807\n|-end|p2a: Great Tusk|Protosynthesis|[silent]\n|switch|p2a: Miraidon|Miraidon|4\/100 tox\n|-fieldstart|move: Electric Terrain|[from] ability: Hadron Engine|[of] p2a: Miraidon\n|switch|p1a: Corviknight|Corviknight, F, shiny|89\/100\n|-ability|p1a: Corviknight|Pressure\n|\n|-damage|p2a: Miraidon|0 fnt|[from] psn\n|faint|p2a: Miraidon\n|upkeep\n|\n|t:|1699008812\n|switch|p2a: Arceus|Arceus, tera:Ghost|91\/100\n|turn|49\n|j| JasperrepsaJ\n|inactive|qjffp has 90 seconds left.\n|\n|t:|1699008840\n|move|p2a: Arceus|Shadow Claw|p1a: Corviknight\n|-damage|p1a: Corviknight|65\/100\n|move|p1a: Corviknight|U-turn|p2a: Arceus\n|-resisted|p2a: Arceus\n|-damage|p2a: Arceus|86\/100\n|\n|t:|1699008844\n|switch|p1a: Calyrex|Calyrex-Shadow|100\/100|[from] U-turn\n|-ability|p1a: Calyrex|As One\n|-ability|p1a: Calyrex|Unnerve\n|\n|upkeep\n|turn|50\n|\n|t:|1699008861\n|switch|p2a: Kingambit|Kingambit, F|45\/100\n|-activate|p2a: Kingambit|ability: Supreme Overlord\n|-start|p2a: Kingambit|fallen2|[silent]\n|move|p1a: Calyrex|Astral Barrage|p2a: Kingambit\n|-resisted|p2a: Kingambit\n|-damage|p2a: Kingambit|7\/100\n|\n|-heal|p2a: Kingambit|14\/100|[from] item: Leftovers\n|upkeep\n|turn|51\n|inactive|qjffp has 90 seconds left.\n|\n|t:|1699008881\n|switch|p1a: Corviknight|Corviknight, F, shiny|65\/100\n|-ability|p1a: Corviknight|Pressure\n|move|p2a: Kingambit|Sucker Punch||[still]\n|-fail|p2a: Kingambit\n|\n|-heal|p2a: Kingambit|20\/100|[from] item: Leftovers\n|upkeep\n|turn|52\n|\n|t:|1699008886\n|-end|p2a: Kingambit|fallen2|[silent]\n|switch|p2a: Arceus|Arceus, tera:Ghost|86\/100\n|move|p1a: Corviknight|U-turn|p2a: Arceus\n|-resisted|p2a: Arceus\n|-damage|p2a: Arceus|82\/100\n|\n|t:|1699008890\n|switch|p1a: Calyrex|Calyrex-Shadow|100\/100|[from] U-turn\n|-ability|p1a: Calyrex|As One\n|-ability|p1a: Calyrex|Unnerve\n|\n|-fieldend|move: Electric Terrain\n|upkeep\n|turn|53\n|\n|t:|1699008894\n|move|p1a: Calyrex|Astral Barrage|p2a: Arceus\n|-supereffective|p2a: Arceus\n|-damage|p2a: Arceus|0 fnt\n|faint|p2a: Arceus\n|-ability|p1a: Calyrex|Grim Neigh|boost\n|-boost|p1a: Calyrex|spa|1\n|\n|upkeep\n|-message|juchan\/marie forfeited.\n|\n|win|qjffp\n|raw|qjffp's rating: 1677 &rarr; <strong>1697<\/strong><br \/>(+20 for winning)\n|raw|juchan&#x2f;marie's rating: 1670 &rarr; <strong>1650<\/strong><br \/>(-20 for losing)\n|l|\u2606juchan\/marie\n|l|\u2606qjffp\n|l| JasperrepsaJ\n|l| GUESSWHOTPRADO\n","uploadtime":1699009017,"views":6,"p1id":"qjffp","p2id":"juchanmarie","formatid":"gen9anythinggoes","rating":1650,"private":0,"password":""}