{"id":"gen9anythinggoes-1998622751","p1":"PTREevee","p2":"Skeetlesquad","format":"[Gen 9] Anything Goes","log":"|j|\u2606PTREevee\n|j|\u2606Skeetlesquad\n|t:|1700964177\n|gametype|singles\n|player|p1|PTREevee|101|\n|player|p2|Skeetlesquad|harlequin|\n|teamsize|p1|6\n|teamsize|p2|6\n|gen|9\n|tier|[Gen 9] Anything Goes\n|rule|HP Percentage Mod: HP is shown in percentages\n|rule|Endless Battle Clause: Forcing endless battles is banned\n|clearpoke\n|poke|p1|Basculegion, M|\n|poke|p1|Iron Bundle|\n|poke|p1|Pelipper, F|\n|poke|p1|Forretress, M|\n|poke|p1|Mudsdale, F|\n|poke|p1|Zapdos|\n|poke|p2|Meowscarada, M|\n|poke|p2|Golem-Alola, M|\n|poke|p2|Urshifu-*, F|\n|poke|p2|Eiscue, M|\n|poke|p2|Weezing, F|\n|poke|p2|Dudunsparce-*, M|\n|teampreview\n|j| FerrothornFembots\n|j| Talonflameredwings\n|c|\u2606Skeetlesquad|Hello!\n|c|\u2606PTREevee|Yo\n|c| FerrothornFembots|heyo! GLHD\n|c| Talonflameredwings|heyoo best of luck\n|c|\u2606PTREevee|ty, gl iain\n|c|\u2606Skeetlesquad|GL!\n|\n|t:|1700964247\n|start\n|switch|p1a: Pelipper|Pelipper, F, shiny|100\/100\n|switch|p2a: Weezing|Weezing, F|100\/100\n|-weather|RainDance|[from] ability: Drizzle|[of] p1a: Pelipper\n|turn|1\n|c| Talonflameredwings|god is good! all the time..\n|c| Talonflameredwings|all the time.. God is good!\n|\n|t:|1700964279\n|move|p1a: Pelipper|U-turn|p2a: Weezing\n|-resisted|p2a: Weezing\n|-damage|p2a: Weezing|98\/100\n|\n|t:|1700964301\n|switch|p1a: Forretress|Forretress, M|100\/100|[from] U-turn\n|move|p2a: Weezing|Toxic Spikes|p1a: Forretress\n|-sidestart|p1: PTREevee|move: Toxic Spikes\n|\n|-weather|RainDance|[upkeep]\n|-heal|p2a: Weezing|100\/100|[from] item: Black Sludge\n|upkeep\n|turn|2\n|\n|t:|1700964319\n|move|p2a: Weezing|Will-O-Wisp|p1a: Forretress\n|-status|p1a: Forretress|brn\n|move|p1a: Forretress|Rapid Spin|p2a: Weezing\n|-damage|p2a: Weezing|97\/100\n|-boost|p1a: Forretress|spe|1\n|-sideend|p1: PTREevee|Toxic Spikes|[from] move: Rapid Spin|[of] p1a: Forretress\n|\n|-weather|RainDance|[upkeep]\n|-heal|p2a: Weezing|100\/100|[from] item: Black Sludge\n|-damage|p1a: Forretress|94\/100 brn|[from] brn\n|upkeep\n|turn|3\n|\n|t:|1700964346\n|move|p2a: Weezing|Sludge Bomb|p1a: Forretress\n|-immune|p1a: Forretress\n|move|p1a: Forretress|Toxic Spikes|p2a: Weezing\n|-sidestart|p2: Skeetlesquad|move: Toxic Spikes\n|\n|-weather|RainDance|[upkeep]\n|-damage|p1a: Forretress|88\/100 brn|[from] brn\n|upkeep\n|turn|4\n|\n|t:|1700964356\n|move|p2a: Weezing|Toxic Spikes|p1a: Forretress\n|-sidestart|p1: PTREevee|move: Toxic Spikes\n|move|p1a: Forretress|Toxic Spikes|p2a: Weezing\n|-sidestart|p2: Skeetlesquad|move: Toxic Spikes\n|\n|-weather|RainDance|[upkeep]\n|-damage|p1a: Forretress|82\/100 brn|[from] brn\n|upkeep\n|turn|5\n|\n|t:|1700964400\n|move|p2a: Weezing|Toxic Spikes|p1a: Forretress\n|-sidestart|p1: PTREevee|move: Toxic Spikes\n|move|p1a: Forretress|Volt Switch|p2a: Weezing\n|-damage|p2a: Weezing|86\/100\n|\n|t:|1700964410\n|switch|p1a: Zapdos|Zapdos, shiny|100\/100|[from] Volt Switch\n|\n|-weather|RainDance|[upkeep]\n|-heal|p2a: Weezing|92\/100|[from] item: Black Sludge\n|upkeep\n|turn|6\n|\n|t:|1700964427\n|move|p1a: Zapdos|Hurricane|p2a: Weezing\n|-damage|p2a: Weezing|28\/100\n|move|p2a: Weezing|Sludge Bomb|p1a: Zapdos\n|-damage|p1a: Zapdos|71\/100\n|\n|-weather|RainDance|[upkeep]\n|-heal|p2a: Weezing|34\/100|[from] item: Black Sludge\n|upkeep\n|turn|7\n|\n|t:|1700964437\n|move|p1a: Zapdos|Hurricane|p2a: Weezing\n|-damage|p2a: Weezing|0 fnt\n|faint|p2a: Weezing\n|\n|-weather|RainDance|[upkeep]\n|upkeep\n|\n|t:|1700964453\n|switch|p2a: Golem|Golem-Alola, M, shiny|100\/100\n|-status|p2a: Golem|tox\n|turn|8\n|\n|t:|1700964502\n|switch|p1a: Forretress|Forretress, M|82\/100 brn\n|move|p2a: Golem|Rock Blast|p1a: Forretress\n|-damage|p1a: Forretress|76\/100 brn\n|-damage|p1a: Forretress|70\/100 brn\n|-damage|p1a: Forretress|64\/100 brn\n|-hitcount|p1a: Forretress|3\n|\n|-weather|none\n|-damage|p2a: Golem|94\/100 tox|[from] psn\n|-damage|p1a: Forretress|58\/100 brn|[from] brn\n|upkeep\n|turn|9\n|\n|t:|1700964562\n|-terastallize|p2a: Golem|Water\n|move|p2a: Golem|Body Press|p1a: Forretress\n|-damage|p1a: Forretress|44\/100 brn\n|-damage|p2a: Golem|78\/100 tox|[from] item: Rocky Helmet|[of] p1a: Forretress\n|move|p1a: Forretress|Rapid Spin|p2a: Golem\n|-damage|p2a: Golem|74\/100 tox\n|-boost|p1a: Forretress|spe|1\n|-sideend|p1: PTREevee|Toxic Spikes|[from] move: Rapid Spin|[of] p1a: Forretress\n|\n|-heal|p2a: Golem|80\/100 tox|[from] item: Leftovers\n|-damage|p2a: Golem|68\/100 tox|[from] psn\n|-damage|p1a: Forretress|38\/100 brn|[from] brn\n|upkeep\n|turn|10\n|\n|t:|1700964627\n|move|p2a: Golem|Stealth Rock|p1a: Forretress\n|-sidestart|p1: PTREevee|move: Stealth Rock\n|move|p1a: Forretress|Volt Switch|p2a: Golem\n|-supereffective|p2a: Golem\n|-damage|p2a: Golem|44\/100 tox\n|\n|t:|1700964637\n|switch|p1a: Pelipper|Pelipper, F, shiny|100\/100|[from] Volt Switch\n|-damage|p1a: Pelipper|76\/100|[from] Stealth Rock\n|-weather|RainDance|[from] ability: Drizzle|[of] p1a: Pelipper\n|\n|-weather|RainDance|[upkeep]\n|-heal|p2a: Golem|50\/100 tox|[from] item: Leftovers\n|-damage|p2a: Golem|32\/100 tox|[from] psn\n|upkeep\n|turn|11\n|\n|t:|1700964677\n|move|p1a: Pelipper|Hurricane|p2a: Golem\n|-damage|p2a: Golem|0 fnt\n|faint|p2a: Golem\n|\n|-weather|RainDance|[upkeep]\n|upkeep\n|\n|t:|1700964690\n|switch|p2a: Urshifu|Urshifu-Rapid-Strike, F|100\/100\n|-status|p2a: Urshifu|tox\n|turn|12\n|\n|t:|1700964723\n|move|p2a: Urshifu|Stone Edge|p1a: Pelipper|[miss]\n|-miss|p2a: Urshifu|p1a: Pelipper\n|move|p1a: Pelipper|U-turn|p2a: Urshifu\n|-resisted|p2a: Urshifu\n|-damage|p2a: Urshifu|96\/100 tox\n|\n|t:|1700964784\n|switch|p1a: Mudsdale|Mudsdale, F|100\/100|[from] U-turn\n|-damage|p1a: Mudsdale|94\/100|[from] Stealth Rock\n|\n|-weather|RainDance|[upkeep]\n|-heal|p1a: Mudsdale|100\/100|[from] item: Leftovers\n|-damage|p2a: Urshifu|90\/100 tox|[from] psn\n|upkeep\n|turn|13\n|\n|t:|1700964834\n|switch|p2a: Eiscue|Eiscue, M|100\/100\n|-status|p2a: Eiscue|tox\n|move|p1a: Mudsdale|Stealth Rock|p2a: Eiscue\n|-sidestart|p2: Skeetlesquad|move: Stealth Rock\n|\n|-weather|RainDance|[upkeep]\n|-damage|p2a: Eiscue|94\/100 tox|[from] psn\n|upkeep\n|turn|14\n|\n|t:|1700964896\n|move|p2a: Eiscue|Belly Drum|p2a: Eiscue\n|-damage|p2a: Eiscue|44\/100 tox\n|-setboost|p2a: Eiscue|atk|6|[from] move: Belly Drum\n|move|p1a: Mudsdale|Roar|p2a: Eiscue\n|drag|p2a: Meowscarada|Meowscarada, M|100\/100\n|-status|p2a: Meowscarada|tox\n|-damage|p2a: Meowscarada|88\/100 tox|[from] Stealth Rock\n|\n|-weather|RainDance|[upkeep]\n|-damage|p2a: Meowscarada|82\/100 tox|[from] psn\n|upkeep\n|turn|15\n|\n|t:|1700964942\n|move|p2a: Meowscarada|Flower Trick|p1a: Mudsdale\n|-start|p2a: Meowscarada|typechange|Grass|[from] ability: Protean\n|-supereffective|p1a: Mudsdale\n|-crit|p1a: Mudsdale\n|-damage|p1a: Mudsdale|41\/100\n|-ability|p1a: Mudsdale|Stamina|boost\n|-boost|p1a: Mudsdale|def|1\n|move|p1a: Mudsdale|Body Press|p2a: Meowscarada\n|-damage|p2a: Meowscarada|25\/100 tox\n|\n|-weather|RainDance|[upkeep]\n|-heal|p1a: Mudsdale|47\/100|[from] item: Leftovers\n|-damage|p2a: Meowscarada|12\/100 tox|[from] psn\n|upkeep\n|turn|16\n|\n|t:|1700964961\n|switch|p1a: Forretress|Forretress, M|38\/100 brn\n|-damage|p1a: Forretress|26\/100 brn|[from] Stealth Rock\n|move|p2a: Meowscarada|Flower Trick|p1a: Forretress\n|-resisted|p1a: Forretress\n|-crit|p1a: Forretress\n|-damage|p1a: Forretress|19\/100 brn\n|\n|-weather|RainDance|[upkeep]\n|-damage|p2a: Meowscarada|0 fnt|[from] psn\n|faint|p2a: Meowscarada\n|-damage|p1a: Forretress|13\/100 brn|[from] brn\n|upkeep\n|\n|t:|1700964993\n|switch|p2a: Urshifu|Urshifu-Rapid-Strike, F|90\/100 tox\n|-damage|p2a: Urshifu|83\/100 tox|[from] Stealth Rock\n|turn|17\n|\n|t:|1700965034\n|move|p2a: Urshifu|Stone Edge|p1a: Forretress\n|-damage|p1a: Forretress|0 fnt\n|faint|p1a: Forretress\n|\n|-weather|none\n|-damage|p2a: Urshifu|77\/100 tox|[from] psn\n|upkeep\n|\n|t:|1700965046\n|switch|p1a: Pelipper|Pelipper, F, shiny|76\/100\n|-damage|p1a: Pelipper|51\/100|[from] Stealth Rock\n|-weather|RainDance|[from] ability: Drizzle|[of] p1a: Pelipper\n|turn|18\n|j| Snorlaxsleepers\n|\n|t:|1700965081\n|switch|p1a: Mudsdale|Mudsdale, F|47\/100\n|-damage|p1a: Mudsdale|41\/100|[from] Stealth Rock\n|move|p2a: Urshifu|Stone Edge|p1a: Mudsdale\n|-resisted|p1a: Mudsdale\n|-damage|p1a: Mudsdale|24\/100\n|-ability|p1a: Mudsdale|Stamina|boost\n|-boost|p1a: Mudsdale|def|1\n|\n|-weather|RainDance|[upkeep]\n|-heal|p1a: Mudsdale|30\/100|[from] item: Leftovers\n|-damage|p2a: Urshifu|65\/100 tox|[from] psn\n|upkeep\n|turn|19\n|\n|t:|1700965123\n|switch|p2a: Eiscue|Eiscue, M|44\/100 tox\n|-damage|p2a: Eiscue|20\/100 tox|[from] Stealth Rock\n|-enditem|p2a: Eiscue|Salac Berry|[eat]\n|-boost|p2a: Eiscue|spe|1|[from] item: Salac Berry\n|move|p1a: Mudsdale|Body Press|p2a: Eiscue\n|-activate|p2a: Eiscue|ability: Ice Face\n|-damage|p2a: Eiscue|20\/100 tox\n|detailschange|p2a: Eiscue|Eiscue-Noice, M\n|\n|-weather|RainDance|[upkeep]\n|-heal|p1a: Mudsdale|37\/100|[from] item: Leftovers\n|-damage|p2a: Eiscue|14\/100 tox|[from] psn\n|upkeep\n|turn|20\n|\n|t:|1700965154\n|move|p2a: Eiscue|Icicle Spear|p1a: Mudsdale\n|-supereffective|p1a: Mudsdale\n|-damage|p1a: Mudsdale|29\/100\n|-ability|p1a: Mudsdale|Stamina|boost\n|-boost|p1a: Mudsdale|def|1\n|-supereffective|p1a: Mudsdale\n|-crit|p1a: Mudsdale\n|-damage|p1a: Mudsdale|12\/100\n|-ability|p1a: Mudsdale|Stamina|boost\n|-boost|p1a: Mudsdale|def|1\n|-supereffective|p1a: Mudsdale\n|-damage|p1a: Mudsdale|7\/100\n|-ability|p1a: Mudsdale|Stamina|boost\n|-boost|p1a: Mudsdale|def|1\n|-hitcount|p1a: Mudsdale|3\n|move|p1a: Mudsdale|Body Press|p2a: Eiscue\n|-supereffective|p2a: Eiscue\n|-damage|p2a: Eiscue|0 fnt\n|faint|p2a: Eiscue\n|\n|-weather|RainDance|[upkeep]\n|-heal|p1a: Mudsdale|13\/100|[from] item: Leftovers\n|upkeep\n|\n|t:|1700965193\n|switch|p2a: Dudunsparce|Dudunsparce, M, shiny|100\/100\n|turn|21\n|\n|t:|1700965256\n|move|p2a: Dudunsparce|Blizzard|p1a: Mudsdale|[miss]\n|-miss|p2a: Dudunsparce|p1a: Mudsdale\n|move|p1a: Mudsdale|Body Press|p2a: Dudunsparce\n|-supereffective|p2a: Dudunsparce\n|-damage|p2a: Dudunsparce|6\/100\n|\n|-weather|RainDance|[upkeep]\n|-heal|p1a: Mudsdale|19\/100|[from] item: Leftovers\n|upkeep\n|turn|22\n|\n|t:|1700965277\n|move|p2a: Dudunsparce|Blizzard|p1a: Mudsdale\n|-supereffective|p1a: Mudsdale\n|-damage|p1a: Mudsdale|0 fnt\n|faint|p1a: Mudsdale\n|\n|-weather|RainDance|[upkeep]\n|upkeep\n|\n|t:|1700965320\n|switch|p1a: Basculegion|Basculegion, M, shiny|100\/100\n|-damage|p1a: Basculegion|88\/100|[from] Stealth Rock\n|turn|23\n|\n|t:|1700965331\n|-terastallize|p1a: Basculegion|Water\n|move|p1a: Basculegion|Wave Crash|p2a: Dudunsparce\n|-damage|p2a: Dudunsparce|0 fnt\n|faint|p2a: Dudunsparce\n|-damage|p1a: Basculegion|86\/100|[from] Recoil\n|\n|-weather|RainDance|[upkeep]\n|upkeep\n|\n|t:|1700965338\n|switch|p2a: Urshifu|Urshifu-Rapid-Strike, F|65\/100 tox\n|-damage|p2a: Urshifu|59\/100 tox|[from] Stealth Rock\n|turn|24\n|\n|t:|1700965403\n|move|p1a: Basculegion|Wave Crash|p2a: Urshifu\n|-resisted|p2a: Urshifu\n|-damage|p2a: Urshifu|0 fnt\n|faint|p2a: Urshifu\n|-damage|p1a: Basculegion|69\/100|[from] Recoil\n|\n|win|PTREevee\n|c|\u2606Skeetlesquad|GG!\n|c|\u2606PTREevee|GG\n|c| FerrothornFembots|GG!!\n|c| Snorlaxsleepers|GG????\n|c| Talonflameredwings|Newman!!!!!\n|c| Talonflameredwings|lol\n|c|\u2606PTREevee|mudsdale is gross lol\n|c| Talonflameredwings|gg all\n|l|\u2606Skeetlesquad\n","uploadtime":1700965452,"views":18,"p1id":"ptreevee","p2id":"skeetlesquad","formatid":"gen9anythinggoes","rating":0,"private":0,"password":""}