{"id":"gen9anythinggoes-1975194923","p1":"discosalad567","p2":"Greek steam","format":"[Gen 9] Anything Goes","log":"|j|\u2606discosalad567\n|j|\u2606Greek steam\n|t:|1698169264\n|gametype|singles\n|player|p1|discosalad567|alder|\n|player|p2|Greek steam|1|\n|teamsize|p1|6\n|teamsize|p2|6\n|gen|9\n|tier|[Gen 9] Anything Goes\n|rule|HP Percentage Mod: HP is shown in percentages\n|rule|Endless Battle Clause: Forcing endless battles is banned\n|clearpoke\n|poke|p1|Garchomp, M|\n|poke|p1|Gengar, F|\n|poke|p1|Dragapult, F|\n|poke|p1|Annihilape, M|\n|poke|p1|Palafin, F|\n|poke|p1|Darkrai|\n|poke|p2|Chien-Pao|\n|poke|p2|Houndstone, M|\n|poke|p2|Donphan, F|\n|poke|p2|Magearna-Original|\n|poke|p2|Dachsbun, F|\n|poke|p2|Volcanion|\n|teampreview\n|inactive|Battle timer is ON: inactive players will automatically lose when time's up. (requested by Greek steam)\n|inactive|discosalad567 has 270 seconds left.\n|\n|t:|1698169315\n|start\n|switch|p1a: canon|Dragapult, F, shiny|100\/100\n|switch|p2a: sword furry|Chien-Pao|100\/100\n|-ability|p2a: sword furry|Sword of Ruin\n|turn|1\n|c|\u2606discosalad567|i got off gmail\n|c|\u2606Greek steam|ikyr6x\n|c|\u2606Greek steam|play dude\n|inactive|discosalad567 has 270 seconds left.\n|l|\u2606discosalad567\n|inactive|discosalad567 disconnected and has 300 seconds to reconnect!\n|player|p1|\n|inactive|discosalad567 has 270 seconds to reconnect!\n|c|\u2606Greek steam|ez win\n|inactive|discosalad567 has 240 seconds to reconnect!\n|n|\u203dGreek steam|greeksteam\n|inactive|discosalad567 has 210 seconds to reconnect!\n|inactive|discosalad567 has 180 seconds to reconnect!\n|inactive|discosalad567 has 150 seconds to reconnect!\n|inactive|discosalad567 has 120 seconds to reconnect!\n|inactive|discosalad567 has 90 seconds to reconnect!\n|inactive|discosalad567 has 60 seconds to reconnect!\n|j|\u203ddiscosalad567\n|inactive|discosalad567 reconnected and has 265 seconds left.\n|player|p1|discosalad567|alder\n|n|\u203ddiscosalad567|discosalad567\n|n|\u203ddiscosalad567|discosalad567\n|\n|t:|1698169631\n|move|p1a: canon|Dragon Claw|p2a: sword furry\n|-damage|p2a: sword furry|52\/100\n|move|p2a: sword furry|Dark Pulse|p1a: canon\n|-supereffective|p1a: canon\n|-damage|p1a: canon|0 fnt\n|faint|p1a: canon\n|\n|upkeep\n|\n|t:|1698169642\n|switch|p1a: malik|Annihilape, M, shiny|100\/100\n|turn|2\n|\n|t:|1698169648\n|move|p2a: sword furry|Recover|p2a: sword furry\n|-heal|p2a: sword furry|100\/100\n|move|p1a: malik|Bulk Up|p1a: malik\n|-boost|p1a: malik|atk|1\n|-boost|p1a: malik|def|1\n|\n|upkeep\n|turn|3\n|\n|t:|1698169656\n|move|p2a: sword furry|Dark Pulse|p1a: malik\n|-damage|p1a: malik|58\/100\n|move|p1a: malik|Drain Punch|p2a: sword furry\n|-supereffective|p2a: sword furry\n|-damage|p2a: sword furry|0 fnt\n|-heal|p1a: malik|99\/100|[from] drain|[of] p2a: sword furry\n|faint|p2a: sword furry\n|\n|upkeep\n|\n|t:|1698169666\n|switch|p2a: where are you from|Volcanion|100\/100\n|turn|4\n|inactive|discosalad567 has 270 seconds left.\n|\n|t:|1698169677\n|move|p1a: malik|Drain Punch|p2a: where are you from\n|-damage|p2a: where are you from|50\/100\n|-heal|p1a: malik|100\/100|[from] drain|[of] p2a: where are you from\n|-damage|p1a: malik|84\/100|[from] item: Rocky Helmet|[of] p2a: where are you from\n|move|p2a: where are you from|Fire Blast|p1a: malik\n|-damage|p1a: malik|20\/100\n|-enditem|p1a: malik|Aguav Berry|[eat]\n|-heal|p1a: malik|53\/100|[from] item: Aguav Berry\n|\n|upkeep\n|turn|5\n|\n|t:|1698169689\n|move|p1a: malik|Drain Punch|p2a: where are you from\n|-damage|p2a: where are you from|0 fnt\n|-heal|p1a: malik|74\/100|[from] drain|[of] p2a: where are you from\n|-damage|p1a: malik|57\/100|[from] item: Rocky Helmet|[of] p2a: where are you from\n|faint|p2a: where are you from\n|\n|upkeep\n|\n|t:|1698169696\n|switch|p2a: food|Dachsbun, F, shiny|100\/100\n|turn|6\n|\n|t:|1698169711\n|switch|p2a: rollypolly|Donphan, F, shiny|100\/100\n|move|p1a: malik|Rage Fist|p2a: rollypolly\n|-crit|p2a: rollypolly\n|-ability|p2a: rollypolly|Sturdy\n|-damage|p2a: rollypolly|1\/100\n|\n|upkeep\n|turn|7\n|\n|t:|1698169726\n|move|p1a: malik|Rage Fist|p2a: rollypolly\n|-damage|p2a: rollypolly|0 fnt\n|faint|p2a: rollypolly\n|\n|upkeep\n|\n|t:|1698169733\n|switch|p2a: pokeball|Magearna-Original|100\/100\n|turn|8\n|\n|t:|1698169741\n|move|p1a: malik|Rage Fist|p2a: pokeball\n|-damage|p2a: pokeball|0 fnt\n|faint|p2a: pokeball\n|\n|upkeep\n|\n|t:|1698169745\n|switch|p2a: food|Dachsbun, F, shiny|100\/100\n|turn|9\n|\n|t:|1698169756\n|move|p2a: food|Substitute|p2a: food\n|-start|p2a: food|Substitute\n|-damage|p2a: food|76\/100\n|move|p1a: malik|Rage Fist|p2a: food\n|-end|p2a: food|Substitute\n|\n|upkeep\n|turn|10\n|\n|t:|1698169768\n|move|p2a: food|Work Up|p2a: food\n|-boost|p2a: food|atk|1\n|-boost|p2a: food|spa|1\n|move|p1a: malik|Rage Fist|p2a: food\n|-damage|p2a: food|0 fnt\n|faint|p2a: food\n|\n|upkeep\n|\n|t:|1698169775\n|switch|p2a: my grandma|Houndstone, M, shiny|100\/100\n|turn|11\n|\n|t:|1698169786\n|move|p1a: malik|Rage Fist|p2a: my grandma\n|-supereffective|p2a: my grandma\n|-damage|p2a: my grandma|0 fnt\n|faint|p2a: my grandma\n|\n|win|discosalad567\n","uploadtime":1698169421,"views":3,"p1id":"discosalad567","p2id":"greeksteam","formatid":"gen9anythinggoes","rating":0,"private":0,"password":""}