{"id":"gen9anythinggoes-1972871300","p1":"Mothstalgia","p2":"Epooper25","format":"[Gen 9] Anything Goes","log":"|j|\u2606Mothstalgia\n|j|\u2606Epooper25\n|t:|1697904187\n|gametype|singles\n|player|p1|Mothstalgia|rei|1040\n|player|p2|Epooper25|169|1144\n|teamsize|p1|6\n|teamsize|p2|6\n|gen|9\n|tier|[Gen 9] Anything Goes\n|rated|\n|rule|HP Percentage Mod: HP is shown in percentages\n|rule|Endless Battle Clause: Forcing endless battles is banned\n|clearpoke\n|poke|p1|Magearna|\n|poke|p1|Clefable, M|\n|poke|p1|Quagsire, F|\n|poke|p1|Giratina|\n|poke|p1|Ursaluna-Bloodmoon, M|\n|poke|p1|Scream Tail|\n|poke|p2|Drifblim, M|\n|poke|p2|Arceus-Steel|\n|poke|p2|Clefable, M|\n|poke|p2|Dudunsparce-*, M|\n|poke|p2|Drifblim, F|\n|poke|p2|Espathra, M|\n|teampreview\n|\n|t:|1697904196\n|start\n|switch|p1a: Scream Tail|Scream Tail|100\/100\n|switch|p2a: Drifblim|Drifblim, M|100\/100\n|turn|1\n|\n|t:|1697904212\n|move|p1a: Scream Tail|Light Screen|p1a: Scream Tail\n|-sidestart|p1: Mothstalgia|move: Light Screen\n|move|p2a: Drifblim|Minimize|p2a: Drifblim\n|-boost|p2a: Drifblim|evasion|2\n|\n|upkeep\n|turn|2\n|\n|t:|1697904233\n|-end|p1a: Scream Tail|Protosynthesis|[silent]\n|switch|p1a: Clefable|Clefable, M, shiny|100\/100\n|move|p2a: Drifblim|Minimize|p2a: Drifblim\n|-boost|p2a: Drifblim|evasion|2\n|\n|upkeep\n|turn|3\n|\n|t:|1697904243\n|move|p2a: Drifblim|Minimize|p2a: Drifblim\n|-boost|p2a: Drifblim|evasion|2\n|move|p1a: Clefable|Cosmic Power|p1a: Clefable\n|-boost|p1a: Clefable|def|1\n|-boost|p1a: Clefable|spd|1\n|\n|upkeep\n|turn|4\n|\n|t:|1697904254\n|move|p2a: Drifblim|Clear Smog|p1a: Clefable\n|-supereffective|p1a: Clefable\n|-damage|p1a: Clefable|95\/100\n|-clearboost|p1a: Clefable\n|-enditem|p1a: Clefable|Red Card|[of] p2a: Drifblim\n|drag|p2a: Espathra|Espathra, M|100\/100\n|move|p1a: Clefable|Cosmic Power|p1a: Clefable\n|-boost|p1a: Clefable|def|1\n|-boost|p1a: Clefable|spd|1\n|\n|upkeep\n|turn|5\n|\n|t:|1697904275\n|move|p2a: Espathra|Calm Mind|p2a: Espathra\n|-boost|p2a: Espathra|spa|1\n|-boost|p2a: Espathra|spd|1\n|move|p1a: Clefable|Baton Pass|p1a: Clefable\n|\n|t:|1697904285\n|switch|p1a: Magearna|Magearna|100\/100|[from] Baton Pass\n|\n|-ability|p2a: Espathra|Speed Boost|boost\n|-boost|p2a: Espathra|spe|1\n|upkeep\n|turn|6\n|\n|t:|1697904304\n|move|p2a: Espathra|Calm Mind|p2a: Espathra\n|-boost|p2a: Espathra|spa|1\n|-boost|p2a: Espathra|spd|1\n|move|p1a: Magearna|Calm Mind|p1a: Magearna\n|-boost|p1a: Magearna|spa|1\n|-boost|p1a: Magearna|spd|1\n|\n|-ability|p2a: Espathra|Speed Boost|boost\n|-boost|p2a: Espathra|spe|1\n|upkeep\n|turn|7\n|inactive|Battle timer is ON: inactive players will automatically lose when time's up. (requested by Mothstalgia)\n|\n|t:|1697904342\n|move|p2a: Espathra|Calm Mind|p2a: Espathra\n|-boost|p2a: Espathra|spa|1\n|-boost|p2a: Espathra|spd|1\n|move|p1a: Magearna|Calm Mind|p1a: Magearna\n|-boost|p1a: Magearna|spa|1\n|-boost|p1a: Magearna|spd|1\n|\n|-ability|p2a: Espathra|Speed Boost|boost\n|-boost|p2a: Espathra|spe|1\n|upkeep\n|turn|8\n|inactive|Mothstalgia has 120 seconds left.\n|\n|t:|1697904372\n|move|p2a: Espathra|Calm Mind|p2a: Espathra\n|-boost|p2a: Espathra|spa|1\n|-boost|p2a: Espathra|spd|1\n|move|p1a: Magearna|Dazzling Gleam|p2a: Espathra\n|-damage|p2a: Espathra|68\/100\n|\n|-heal|p2a: Espathra|74\/100|[from] item: Leftovers\n|-sideend|p1: Mothstalgia|move: Light Screen\n|-ability|p2a: Espathra|Speed Boost|boost\n|-boost|p2a: Espathra|spe|1\n|upkeep\n|turn|9\n|inactive|Mothstalgia has 120 seconds left.\n|\n|t:|1697904401\n|move|p2a: Espathra|Calm Mind|p2a: Espathra\n|-boost|p2a: Espathra|spa|1\n|-boost|p2a: Espathra|spd|1\n|move|p1a: Magearna|Calm Mind|p1a: Magearna\n|-boost|p1a: Magearna|spa|1\n|-boost|p1a: Magearna|spd|1\n|\n|-heal|p2a: Espathra|80\/100|[from] item: Leftovers\n|-ability|p2a: Espathra|Speed Boost|boost\n|-boost|p2a: Espathra|spe|1\n|upkeep\n|turn|10\n|inactive|Mothstalgia has 120 seconds left.\n|inactive|Epooper25 has 120 seconds left.\n|\n|t:|1697904433\n|move|p2a: Espathra|Calm Mind|p2a: Espathra\n|-boost|p2a: Espathra|spa|1\n|-boost|p2a: Espathra|spd|1\n|move|p1a: Magearna|Shift Gear|p1a: Magearna\n|-boost|p1a: Magearna|spe|2\n|-boost|p1a: Magearna|atk|1\n|\n|-heal|p2a: Espathra|86\/100|[from] item: Leftovers\n|-ability|p2a: Espathra|Speed Boost|boost\n|-boost|p2a: Espathra|spe|1\n|upkeep\n|turn|11\n|inactive|Mothstalgia has 120 seconds left.\n|\n|t:|1697904460\n|move|p2a: Espathra|Substitute|p2a: Espathra\n|-start|p2a: Espathra|Substitute\n|-damage|p2a: Espathra|61\/100\n|move|p1a: Magearna|Calm Mind|p1a: Magearna\n|-boost|p1a: Magearna|spa|1\n|-boost|p1a: Magearna|spd|1\n|\n|-heal|p2a: Espathra|67\/100|[from] item: Leftovers\n|upkeep\n|turn|12\n|\n|t:|1697904479\n|move|p2a: Espathra|Baton Pass|p2a: Espathra\n|\n|t:|1697904491\n|switch|p2a: Drifblim|Drifblim, F|100\/100|[from] Baton Pass\n|move|p1a: Magearna|Dazzling Gleam|p2a: Drifblim\n|-end|p2a: Drifblim|Substitute\n|\n|upkeep\n|turn|13\n|inactive|Mothstalgia has 120 seconds left.\n|inactive|Epooper25 has 90 seconds left.\n|\n|t:|1697904536\n|move|p2a: Drifblim|Minimize|p2a: Drifblim\n|-boost|p2a: Drifblim|evasion|2\n|move|p1a: Magearna|Baton Pass|p1a: Magearna\n|\n|t:|1697904543\n|switch|p1a: Quagsire|Quagsire, F, shiny|100\/100|[from] Baton Pass\n|\n|upkeep\n|turn|14\n|\n|t:|1697904555\n|move|p2a: Drifblim|Minimize|p2a: Drifblim\n|-boost|p2a: Drifblim|evasion|2\n|move|p1a: Quagsire|Ice Beam|p2a: Drifblim\n|-supereffective|p2a: Drifblim\n|-damage|p2a: Drifblim|13\/100\n|\n|upkeep\n|turn|15\n|\n|t:|1697904568\n|move|p2a: Drifblim|Baton Pass|p2a: Drifblim\n|\n|t:|1697904572\n|switch|p2a: Drifblim|Drifblim, M|100\/100|[from] Baton Pass\n|move|p1a: Quagsire|Ice Beam|p2a: Drifblim\n|-supereffective|p2a: Drifblim\n|-damage|p2a: Drifblim|7\/100\n|\n|upkeep\n|turn|16\n|inactive|Mothstalgia has 120 seconds left.\n|\n|t:|1697904590\n|move|p2a: Drifblim|Baton Pass|p2a: Drifblim\n|\n|t:|1697904596\n|switch|p2a: Dudunsparce|Dudunsparce, M|100\/100|[from] Baton Pass\n|move|p1a: Quagsire|Ice Beam|p2a: Dudunsparce\n|-damage|p2a: Dudunsparce|74\/100\n|-status|p2a: Dudunsparce|frz\n|-enditem|p2a: Dudunsparce|Maranga Berry|[eat]\n|-boost|p2a: Dudunsparce|spd|0\n|\n|upkeep\n|turn|17\n|inactive|Epooper25 has 60 seconds left.\n|\n|t:|1697904622\n|cant|p2a: Dudunsparce|frz\n|move|p1a: Quagsire|Earthquake|p2a: Dudunsparce\n|-damage|p2a: Dudunsparce|36\/100 frz\n|\n|upkeep\n|turn|18\n|\n|t:|1697904634\n|-curestatus|p2a: Dudunsparce|frz|[msg]\n|move|p2a: Dudunsparce|Baton Pass|p2a: Dudunsparce\n|inactive|Epooper25 has 60 seconds left.\n|\n|t:|1697904646\n|switch|p2a: Arceus|Arceus-Steel|100\/100|[from] Baton Pass\n|move|p1a: Quagsire|Earthquake|p2a: Arceus\n|-supereffective|p2a: Arceus\n|-damage|p2a: Arceus|36\/100\n|\n|upkeep\n|turn|19\n|inactive|Epooper25 has 60 seconds left.\n|\n|t:|1697904660\n|-terastallize|p2a: Arceus|Water\n|move|p2a: Arceus|Recover|p2a: Arceus\n|-heal|p2a: Arceus|87\/100\n|move|p1a: Quagsire|Earthquake|p2a: Arceus\n|-damage|p2a: Arceus|56\/100\n|\n|upkeep\n|turn|20\n|inactive|Epooper25 has 60 seconds left.\n|\n|t:|1697904676\n|move|p2a: Arceus|Stored Power|p1a: Quagsire\n|-damage|p1a: Quagsire|56\/100\n|move|p1a: Quagsire|Toxic|p2a: Arceus|[miss]\n|-miss|p1a: Quagsire|p2a: Arceus\n|\n|-heal|p1a: Quagsire|62\/100|[from] item: Leftovers\n|upkeep\n|turn|21\n|inactive|Epooper25 has 60 seconds left.\n|\n|t:|1697904689\n|-terastallize|p1a: Quagsire|Steel\n|move|p2a: Arceus|Stored Power|p1a: Quagsire\n|-resisted|p1a: Quagsire\n|-damage|p1a: Quagsire|40\/100\n|move|p1a: Quagsire|Toxic|p2a: Arceus\n|-status|p2a: Arceus|tox\n|\n|-heal|p1a: Quagsire|46\/100|[from] item: Leftovers\n|-damage|p2a: Arceus|50\/100 tox|[from] psn\n|upkeep\n|turn|22\n|inactive|Epooper25 has 60 seconds left.\n|\n|t:|1697904703\n|move|p2a: Arceus|Stored Power|p1a: Quagsire\n|-resisted|p1a: Quagsire\n|-crit|p1a: Quagsire\n|-damage|p1a: Quagsire|0 fnt\n|faint|p1a: Quagsire\n|\n|-damage|p2a: Arceus|38\/100 tox|[from] psn\n|upkeep\n|c|\u2606Mothstalgia|damn\n|inactive|Mothstalgia has 120 seconds left.\n|c|\u2606Mothstalgia|that crit ruined the game for me hahha\n|c|\u2606Mothstalgia|unaware quags just sweeps\n|\n|t:|1697904750\n|switch|p1a: Scream Tail|Scream Tail|100\/100\n|turn|23\n|\n|t:|1697904761\n|-end|p1a: Scream Tail|Protosynthesis|[silent]\n|switch|p1a: Giratina|Giratina, shiny|100\/100\n|-ability|p1a: Giratina|Pressure\n|move|p2a: Arceus|Recover|p2a: Arceus\n|-heal|p2a: Arceus|88\/100 tox\n|\n|-damage|p2a: Arceus|70\/100 tox|[from] psn\n|upkeep\n|turn|24\n|\n|t:|1697904776\n|switch|p1a: Scream Tail|Scream Tail|100\/100\n|move|p2a: Arceus|Stored Power|p1a: Scream Tail\n|-resisted|p1a: Scream Tail\n|-damage|p1a: Scream Tail|0 fnt\n|faint|p1a: Scream Tail\n|-end|p1a: Scream Tail|Protosynthesis|[silent]\n|\n|-damage|p2a: Arceus|45\/100 tox|[from] psn\n|upkeep\n|inactive|Mothstalgia has 90 seconds left.\n|\n|t:|1697904794\n|switch|p1a: Giratina|Giratina, shiny|100\/100\n|-ability|p1a: Giratina|Pressure\n|turn|25\n|inactive|Mothstalgia has 90 seconds left.\n|\n|t:|1697904804\n|move|p2a: Arceus|Stored Power|p1a: Giratina\n|-damage|p1a: Giratina|0 fnt\n|faint|p1a: Giratina\n|\n|-damage|p2a: Arceus|15\/100 tox|[from] psn\n|upkeep\n|\n|t:|1697904825\n|switch|p1a: Ursaluna|Ursaluna-Bloodmoon, M|100\/100\n|turn|26\n|\n|t:|1697904846\n|move|p2a: Arceus|Recover|p2a: Arceus\n|-heal|p2a: Arceus|65\/100 tox\n|move|p1a: Ursaluna|Blood Moon|p2a: Arceus\n|-damage|p2a: Arceus|50\/100 tox\n|\n|-damage|p2a: Arceus|14\/100 tox|[from] psn\n|upkeep\n|turn|27\n|\n|t:|1697904863\n|move|p2a: Arceus|Stored Power|p1a: Ursaluna\n|-damage|p1a: Ursaluna|0 fnt\n|faint|p1a: Ursaluna\n|\n|-damage|p2a: Arceus|0 fnt|[from] psn\n|faint|p2a: Arceus\n|upkeep\n|inactive|Epooper25 has 60 seconds left.\n|inactive|Mothstalgia has 60 seconds left.\n|\n|t:|1697904889\n|switch|p2a: Clefable|Clefable, M|100\/100\n|switch|p1a: Clefable|Clefable, M, shiny|95\/100\n|turn|28\n|inactive|Mothstalgia has 60 seconds left.\n|\n|t:|1697904896\n|move|p2a: Clefable|Moonblast|p1a: Clefable\n|-damage|p1a: Clefable|70\/100\n|move|p1a: Clefable|Cosmic Power|p1a: Clefable\n|-boost|p1a: Clefable|def|1\n|-boost|p1a: Clefable|spd|1\n|\n|upkeep\n|turn|29\n|inactive|Mothstalgia has 60 seconds left.\n|\n|t:|1697904907\n|move|p2a: Clefable|Moonblast|p1a: Clefable\n|-damage|p1a: Clefable|52\/100\n|-unboost|p1a: Clefable|spa|1\n|move|p1a: Clefable|Baton Pass|p1a: Clefable\n|inactive|Mothstalgia has 60 seconds left.\n|\n|t:|1697904915\n|switch|p1a: Magearna|Magearna|100\/100|[from] Baton Pass\n|\n|upkeep\n|turn|30\n|\n|t:|1697904921\n|move|p1a: Magearna|Calm Mind|p1a: Magearna\n|-boost|p1a: Magearna|spa|1\n|-boost|p1a: Magearna|spd|1\n|move|p2a: Clefable|Moonblast|p1a: Magearna\n|-resisted|p1a: Magearna\n|-damage|p1a: Magearna|93\/100\n|-unboost|p1a: Magearna|spa|1\n|\n|upkeep\n|turn|31\n|\n|t:|1697904933\n|move|p1a: Magearna|Calm Mind|p1a: Magearna\n|-boost|p1a: Magearna|spa|1\n|-boost|p1a: Magearna|spd|1\n|move|p2a: Clefable|Moonblast|p1a: Magearna\n|-resisted|p1a: Magearna\n|-crit|p1a: Magearna\n|-damage|p1a: Magearna|72\/100\n|\n|upkeep\n|turn|32\n|\n|t:|1697904942\n|move|p1a: Magearna|Shift Gear|p1a: Magearna\n|-boost|p1a: Magearna|spe|2\n|-boost|p1a: Magearna|atk|1\n|move|p2a: Clefable|Moonblast|p1a: Magearna\n|-resisted|p1a: Magearna\n|-damage|p1a: Magearna|66\/100\n|\n|upkeep\n|turn|33\n|inactive|Epooper25 has 90 seconds left.\n|\n|t:|1697904951\n|move|p1a: Magearna|Calm Mind|p1a: Magearna\n|-boost|p1a: Magearna|spa|1\n|-boost|p1a: Magearna|spd|1\n|move|p2a: Clefable|Substitute|p2a: Clefable\n|-start|p2a: Clefable|Substitute\n|-damage|p2a: Clefable|76\/100\n|\n|upkeep\n|turn|34\n|\n|t:|1697904960\n|move|p1a: Magearna|Dazzling Gleam|p2a: Clefable\n|-end|p2a: Clefable|Substitute\n|move|p2a: Clefable|Moonblast|p1a: Magearna\n|-resisted|p1a: Magearna\n|-damage|p1a: Magearna|61\/100\n|-unboost|p1a: Magearna|spa|1\n|\n|upkeep\n|turn|35\n|inactive|Mothstalgia has 90 seconds left.\n|inactive|Epooper25 has 90 seconds left.\n|inactive|Epooper25 has 60 seconds left.\n|\n|t:|1697905019\n|move|p1a: Magearna|Dazzling Gleam|p2a: Clefable\n|-damage|p2a: Clefable|52\/100\n|move|p2a: Clefable|Moonblast|p1a: Magearna\n|-resisted|p1a: Magearna\n|-damage|p1a: Magearna|55\/100\n|-unboost|p1a: Magearna|spa|1\n|\n|upkeep\n|turn|36\n|inactive|Mothstalgia has 90 seconds left.\n|c|\u2606Mothstalgia|how many sp.atck drops xD\n|\n|t:|1697905042\n|move|p1a: Magearna|Dazzling Gleam|p2a: Clefable\n|-damage|p2a: Clefable|37\/100\n|move|p2a: Clefable|Moonblast|p1a: Magearna\n|-resisted|p1a: Magearna\n|-damage|p1a: Magearna|50\/100\n|\n|upkeep\n|turn|37\n|inactive|Epooper25 has 60 seconds left.\n|\n|t:|1697905051\n|move|p1a: Magearna|Calm Mind|p1a: Magearna\n|-boost|p1a: Magearna|spa|1\n|-boost|p1a: Magearna|spd|1\n|move|p2a: Clefable|Wish|p2a: Clefable\n|\n|upkeep\n|turn|38\n|\n|t:|1697905058\n|move|p1a: Magearna|Calm Mind|p1a: Magearna\n|-boost|p1a: Magearna|spa|1\n|-boost|p1a: Magearna|spd|1\n|move|p2a: Clefable|Moonblast|p1a: Magearna\n|-resisted|p1a: Magearna\n|-damage|p1a: Magearna|46\/100\n|\n|-heal|p2a: Clefable|87\/100|[from] move: Wish|[wisher] Clefable\n|upkeep\n|turn|39\n|inactive|Mothstalgia has 90 seconds left.\n|\n|t:|1697905078\n|move|p1a: Magearna|Baton Pass|p1a: Magearna\n|\n|t:|1697905085\n|switch|p1a: Clefable|Clefable, M, shiny|52\/100|[from] Baton Pass\n|move|p2a: Clefable|Moonblast|p1a: Clefable\n|-damage|p1a: Clefable|45\/100\n|\n|upkeep\n|turn|40\n|\n|t:|1697905092\n|move|p1a: Clefable|Moonlight|p1a: Clefable\n|-heal|p1a: Clefable|95\/100\n|move|p2a: Clefable|Moonblast|p1a: Clefable\n|-damage|p1a: Clefable|88\/100\n|-unboost|p1a: Clefable|spa|1\n|\n|upkeep\n|turn|41\n|\n|t:|1697905109\n|move|p1a: Clefable|Flamethrower|p2a: Clefable\n|-damage|p2a: Clefable|74\/100\n|move|p2a: Clefable|Substitute|p2a: Clefable\n|-start|p2a: Clefable|Substitute\n|-damage|p2a: Clefable|49\/100\n|\n|upkeep\n|turn|42\n|\n|t:|1697905118\n|move|p1a: Clefable|Baton Pass|p1a: Clefable\n|\n|t:|1697905121\n|switch|p1a: Magearna|Magearna|46\/100|[from] Baton Pass\n|move|p2a: Clefable|Wish|p2a: Clefable\n|\n|upkeep\n|turn|43\n|inactive|Mothstalgia has 90 seconds left.\n|\n|t:|1697905131\n|move|p1a: Magearna|Dazzling Gleam|p2a: Clefable\n|-end|p2a: Clefable|Substitute\n|move|p2a: Clefable|Moonblast|p1a: Magearna\n|-resisted|p1a: Magearna\n|-damage|p1a: Magearna|42\/100\n|\n|-heal|p2a: Clefable|99\/100|[from] move: Wish|[wisher] Clefable\n|upkeep\n|turn|44\n|inactive|Mothstalgia has 90 seconds left.\n|inactive|Epooper25 has 90 seconds left.\n|\n|t:|1697905159\n|move|p1a: Magearna|Calm Mind|p1a: Magearna\n|-boost|p1a: Magearna|spa|1\n|-boost|p1a: Magearna|spd|0\n|move|p2a: Clefable|Moonblast|p1a: Magearna\n|-resisted|p1a: Magearna\n|-damage|p1a: Magearna|38\/100\n|\n|upkeep\n|turn|45\n|\n|t:|1697905168\n|move|p1a: Magearna|Dazzling Gleam|p2a: Clefable\n|-damage|p2a: Clefable|65\/100\n|move|p2a: Clefable|Moonblast|p1a: Magearna\n|-resisted|p1a: Magearna\n|-damage|p1a: Magearna|35\/100\n|\n|upkeep\n|turn|46\n|inactive|Mothstalgia has 90 seconds left.\n|inactive|Epooper25 has 90 seconds left.\n|\n|t:|1697905178\n|move|p1a: Magearna|Calm Mind|p1a: Magearna\n|-boost|p1a: Magearna|spa|1\n|-boost|p1a: Magearna|spd|0\n|move|p2a: Clefable|Wish|p2a: Clefable\n|\n|upkeep\n|turn|47\n|\n|t:|1697905184\n|move|p1a: Magearna|Calm Mind|p1a: Magearna\n|-boost|p1a: Magearna|spa|1\n|-boost|p1a: Magearna|spd|0\n|move|p2a: Clefable|Moonblast|p1a: Magearna\n|-resisted|p1a: Magearna\n|-damage|p1a: Magearna|30\/100\n|\n|-heal|p2a: Clefable|100\/100|[from] move: Wish|[wisher] Clefable\n|upkeep\n|turn|48\n|inactive|Epooper25 has 90 seconds left.\n|\n|t:|1697905201\n|move|p1a: Magearna|Dazzling Gleam|p2a: Clefable\n|-damage|p2a: Clefable|35\/100\n|move|p2a: Clefable|Moonblast|p1a: Magearna\n|-resisted|p1a: Magearna\n|-damage|p1a: Magearna|27\/100\n|\n|upkeep\n|turn|49\n|\n|t:|1697905211\n|move|p1a: Magearna|Shift Gear|p1a: Magearna\n|-boost|p1a: Magearna|spe|2\n|-boost|p1a: Magearna|atk|1\n|move|p2a: Clefable|Wish|p2a: Clefable\n|\n|upkeep\n|turn|50\n|\n|t:|1697905222\n|move|p1a: Magearna|Calm Mind|p1a: Magearna\n|-boost|p1a: Magearna|spa|1\n|-boost|p1a: Magearna|spd|0\n|move|p2a: Clefable|Substitute|p2a: Clefable\n|-start|p2a: Clefable|Substitute\n|-damage|p2a: Clefable|10\/100\n|\n|-heal|p2a: Clefable|60\/100|[from] move: Wish|[wisher] Clefable\n|upkeep\n|turn|51\n|\n|t:|1697905232\n|move|p1a: Magearna|Dazzling Gleam|p2a: Clefable\n|-end|p2a: Clefable|Substitute\n|move|p2a: Clefable|Wish|p2a: Clefable\n|\n|upkeep\n|turn|52\n|\n|t:|1697905238\n|move|p1a: Magearna|Dazzling Gleam|p2a: Clefable\n|-crit|p2a: Clefable\n|-damage|p2a: Clefable|0 fnt\n|faint|p2a: Clefable\n|-ability|p1a: Magearna|Soul-Heart|boost\n|-boost|p1a: Magearna|spa|1\n|\n|upkeep\n|\n|t:|1697905252\n|switch|p2a: Espathra|Espathra, M|67\/100\n|turn|53\n|\n|t:|1697905259\n|move|p1a: Magearna|Dazzling Gleam|p2a: Espathra\n|-damage|p2a: Espathra|0 fnt\n|faint|p2a: Espathra\n|-ability|p1a: Magearna|Soul-Heart|boost\n|-boost|p1a: Magearna|spa|1\n|\n|upkeep\n|\n|t:|1697905266\n|switch|p2a: Drifblim|Drifblim, M|7\/100\n|turn|54\n|\n|t:|1697905273\n|move|p1a: Magearna|Dazzling Gleam|p2a: Drifblim\n|-damage|p2a: Drifblim|0 fnt\n|faint|p2a: Drifblim\n|\n|upkeep\n|c|\u2606Mothstalgia|gg\n|c|\u2606Epooper25|FG\n|-message|Epooper25 forfeited.\n|\n|win|Mothstalgia\n|raw|Mothstalgia's rating: 1040 &rarr; <strong>1084<\/strong><br \/>(+44 for winning)\n|raw|Epooper25's rating: 1144 &rarr; <strong>1112<\/strong><br \/>(-32 for losing)\n|l|\u2606Epooper25\n|c|\u2606Mothstalgia|lol wut?\n","uploadtime":1697905295,"views":10,"p1id":"mothstalgia","p2id":"epooper25","formatid":"gen9anythinggoes","rating":1084,"private":0,"password":""}