{"id":"gen9anythinggoes-1977937967","p1":"Jojospicydong","p2":"jeezus1023","format":"[Gen 9] Anything Goes","log":"|j|\u2606Jojospicydong\n|j|\u2606jeezus1023\n|t:|1698469445\n|gametype|singles\n|player|p1|Jojospicydong|cameraman|\n|player|p2|jeezus1023|clair|\n|teamsize|p1|6\n|teamsize|p2|6\n|gen|9\n|tier|[Gen 9] Anything Goes\n|rule|HP Percentage Mod: HP is shown in percentages\n|rule|Endless Battle Clause: Forcing endless battles is banned\n|clearpoke\n|poke|p1|Flutter Mane|\n|poke|p1|Azumarill, M|\n|poke|p1|Dragapult, F|\n|poke|p1|Komala, F|\n|poke|p1|Slowking-Galar, M|\n|poke|p1|Masquerain, M|\n|poke|p2|Walking Wake|\n|poke|p2|Mimikyu, M|\n|poke|p2|Lokix, M|\n|poke|p2|Garchomp, M|\n|poke|p2|Annihilape, M|\n|poke|p2|Muk-Alola, M|\n|teampreview\n|\n|t:|1698469465\n|start\n|switch|p1a: OrangeSlices|Masquerain, M|100\/100\n|switch|p2a: Demon|Garchomp, M|100\/100\n|-ability|p1a: OrangeSlices|Intimidate|boost\n|-unboost|p2a: Demon|atk|1\n|turn|1\n|c|\u2606Jojospicydong|Rick and morty clue took long than expected\n|\n|t:|1698469486\n|move|p2a: Demon|Spikes|p1a: OrangeSlices\n|-sidestart|p1: Jojospicydong|Spikes\n|move|p1a: OrangeSlices|Sticky Web|p2a: Demon\n|-sidestart|p2: jeezus1023|move: Sticky Web\n|\n|upkeep\n|turn|2\n|c|\u2606jeezus1023|que\n|\n|t:|1698469499\n|move|p2a: Demon|Spikes|p1a: OrangeSlices\n|-sidestart|p1: Jojospicydong|Spikes\n|move|p1a: OrangeSlices|Quiver Dance|p1a: OrangeSlices\n|-boost|p1a: OrangeSlices|spa|1\n|-boost|p1a: OrangeSlices|spd|1\n|-boost|p1a: OrangeSlices|spe|1\n|\n|upkeep\n|turn|3\n|\n|t:|1698469513\n|move|p1a: OrangeSlices|Quiver Dance|p1a: OrangeSlices\n|-boost|p1a: OrangeSlices|spa|1\n|-boost|p1a: OrangeSlices|spd|1\n|-boost|p1a: OrangeSlices|spe|1\n|move|p2a: Demon|Dragon Claw|p1a: OrangeSlices\n|-damage|p1a: OrangeSlices|62\/100\n|\n|upkeep\n|turn|4\n|c|\u2606Jojospicydong|That\u2019s why I\u2019m late\n|\n|t:|1698469532\n|switch|p2a: LSD|Muk-Alola, M|100\/100\n|-activate|p2a: LSD|move: Sticky Web\n|-unboost|p2a: LSD|spe|1\n|move|p1a: OrangeSlices|Quiver Dance|p1a: OrangeSlices\n|-boost|p1a: OrangeSlices|spa|1\n|-boost|p1a: OrangeSlices|spd|1\n|-boost|p1a: OrangeSlices|spe|1\n|\n|upkeep\n|turn|5\n|\n|t:|1698469542\n|move|p1a: OrangeSlices|Bug Buzz|p2a: LSD\n|-damage|p2a: LSD|58\/100\n|move|p2a: LSD|Thunder Punch|p1a: OrangeSlices\n|-supereffective|p1a: OrangeSlices\n|-damage|p1a: OrangeSlices|0 fnt\n|faint|p1a: OrangeSlices\n|\n|upkeep\n|\n|t:|1698469550\n|switch|p1a: SleepyJoe|Komala, F|100\/100\n|-ability|p1a: SleepyJoe|Comatose\n|turn|6\n|\n|t:|1698469573\n|switch|p2a: Demon|Garchomp, M|100\/100\n|-activate|p2a: Demon|move: Sticky Web\n|-unboost|p2a: Demon|spe|1\n|move|p1a: SleepyJoe|Rapid Spin|p2a: Demon\n|-damage|p2a: Demon|83\/100\n|-boost|p1a: SleepyJoe|spe|1\n|-damage|p1a: SleepyJoe|88\/100|[from] ability: Rough Skin|[of] p2a: Demon\n|-damage|p1a: SleepyJoe|72\/100|[from] item: Rocky Helmet|[of] p2a: Demon\n|-sideend|p1: Jojospicydong|Spikes|[from] move: Rapid Spin|[of] p1a: SleepyJoe\n|\n|upkeep\n|turn|7\n|\n|t:|1698469594\n|switch|p1a: Gucci Mane|Flutter Mane|100\/100\n|-enditem|p1a: Gucci Mane|Booster Energy\n|-activate|p1a: Gucci Mane|ability: Protosynthesis|[fromitem]\n|-start|p1a: Gucci Mane|protosynthesisspe\n|move|p2a: Demon|Earthquake|p1a: Gucci Mane\n|-crit|p1a: Gucci Mane\n|-damage|p1a: Gucci Mane|0 fnt\n|faint|p1a: Gucci Mane\n|-end|p1a: Gucci Mane|Protosynthesis|[silent]\n|\n|upkeep\n|\n|t:|1698469603\n|switch|p1a: DongFuxiang|Azumarill, M, shiny|100\/100\n|turn|8\n|\n|t:|1698469623\n|switch|p2a: LSD|Muk-Alola, M|58\/100\n|-activate|p2a: LSD|move: Sticky Web\n|-unboost|p2a: LSD|spe|1\n|move|p1a: DongFuxiang|Belly Drum|p1a: DongFuxiang\n|-damage|p1a: DongFuxiang|50\/100\n|-setboost|p1a: DongFuxiang|atk|6|[from] move: Belly Drum\n|-enditem|p1a: DongFuxiang|Sitrus Berry|[eat]\n|-heal|p1a: DongFuxiang|75\/100|[from] item: Sitrus Berry\n|\n|upkeep\n|turn|9\n|\n|t:|1698469641\n|move|p1a: DongFuxiang|Aqua Jet|p2a: LSD\n|-damage|p2a: LSD|0 fnt\n|faint|p2a: LSD\n|\n|upkeep\n|\n|t:|1698469667\n|switch|p2a: Eldritch Horror|Mimikyu, M, shiny|100\/100\n|-activate|p2a: Eldritch Horror|move: Sticky Web\n|-unboost|p2a: Eldritch Horror|spe|1\n|turn|10\n|\n|t:|1698469673\n|move|p1a: DongFuxiang|Trailblaze|p2a: Eldritch Horror\n|-activate|p2a: Eldritch Horror|ability: Disguise\n|-damage|p2a: Eldritch Horror|100\/100\n|-boost|p1a: DongFuxiang|spe|1\n|detailschange|p2a: Eldritch Horror|Mimikyu-Busted, M, shiny\n|-damage|p2a: Eldritch Horror|88\/100|[from] pokemon: Mimikyu-Busted\n|move|p2a: Eldritch Horror|Swords Dance|p2a: Eldritch Horror\n|-boost|p2a: Eldritch Horror|atk|2\n|\n|upkeep\n|turn|11\n|\n|t:|1698469684\n|move|p1a: DongFuxiang|Aqua Jet|p2a: Eldritch Horror\n|-damage|p2a: Eldritch Horror|0 fnt\n|faint|p2a: Eldritch Horror\n|\n|upkeep\n|\n|t:|1698469701\n|switch|p2a: Demon|Garchomp, M|83\/100\n|-activate|p2a: Demon|move: Sticky Web\n|-unboost|p2a: Demon|spe|1\n|turn|12\n|\n|t:|1698469707\n|move|p1a: DongFuxiang|Play Rough|p2a: Demon\n|-supereffective|p2a: Demon\n|-damage|p2a: Demon|0 fnt\n|-damage|p1a: DongFuxiang|63\/100|[from] ability: Rough Skin|[of] p2a: Demon\n|-damage|p1a: DongFuxiang|46\/100|[from] item: Rocky Helmet|[of] p2a: Demon\n|faint|p2a: Demon\n|\n|upkeep\n|\n|t:|1698469726\n|switch|p2a: Tommy Devito|Annihilape, M|100\/100\n|-activate|p2a: Tommy Devito|move: Sticky Web\n|-unboost|p2a: Tommy Devito|spe|1\n|-ability|p2a: Tommy Devito|Defiant|boost\n|-boost|p2a: Tommy Devito|atk|2\n|turn|13\n|\n|t:|1698469735\n|move|p1a: DongFuxiang|Play Rough|p2a: Tommy Devito|[miss]\n|-miss|p1a: DongFuxiang|p2a: Tommy Devito\n|move|p2a: Tommy Devito|Rage Fist|p1a: DongFuxiang\n|-damage|p1a: DongFuxiang|0 fnt\n|faint|p1a: DongFuxiang\n|\n|upkeep\n|c|\u2606jeezus1023|:O\n|\n|t:|1698469747\n|switch|p1a: SleepyJoe|Komala, F|72\/100\n|-ability|p1a: SleepyJoe|Comatose\n|turn|14\n|\n|t:|1698469756\n|move|p1a: SleepyJoe|Knock Off|p2a: Tommy Devito\n|-damage|p2a: Tommy Devito|71\/100\n|-enditem|p2a: Tommy Devito|Leftovers|[from] move: Knock Off|[of] p1a: SleepyJoe\n|move|p2a: Tommy Devito|Drain Punch|p1a: SleepyJoe\n|-supereffective|p1a: SleepyJoe\n|-damage|p1a: SleepyJoe|0 fnt\n|-heal|p2a: Tommy Devito|96\/100|[from] drain|[of] p1a: SleepyJoe\n|faint|p1a: SleepyJoe\n|\n|upkeep\n|\n|t:|1698469768\n|switch|p1a: Empress Cixi|Dragapult, F, shiny|100\/100\n|turn|15\n|\n|t:|1698469776\n|move|p1a: Empress Cixi|Hex|p2a: Tommy Devito\n|-supereffective|p2a: Tommy Devito\n|-damage|p2a: Tommy Devito|62\/100\n|move|p2a: Tommy Devito|Rage Fist|p1a: Empress Cixi\n|-supereffective|p1a: Empress Cixi\n|-damage|p1a: Empress Cixi|0 fnt\n|faint|p1a: Empress Cixi\n|\n|upkeep\n|\n|t:|1698469784\n|switch|p1a: Slowking|Slowking-Galar, M|100\/100\n|turn|16\n|\n|t:|1698469788\n|move|p2a: Tommy Devito|Rage Fist|p1a: Slowking\n|-supereffective|p1a: Slowking\n|-damage|p1a: Slowking|0 fnt\n|faint|p1a: Slowking\n|\n|win|jeezus1023\n|c|\u2606Jojospicydong|Gg\n|c|\u2606jeezus1023|gg i thought i was done for\n","uploadtime":1698469799,"views":22,"p1id":"jojospicydong","p2id":"jeezus1023","formatid":"gen9anythinggoes","rating":0,"private":0,"password":""}