{"id":"gen9anythinggoes-1978281219","p1":"Mutago323","p2":"daweyshegoes","format":"[Gen 9] Anything Goes","log":"|j|\u2606Mutago323\n|j|\u2606daweyshegoes\n|t:|1698520456\n|gametype|singles\n|player|p1|Mutago323|hilbert|1055\n|player|p2|daweyshegoes|proton|1098\n|teamsize|p1|6\n|teamsize|p2|6\n|gen|9\n|tier|[Gen 9] Anything Goes\n|rated|\n|rule|HP Percentage Mod: HP is shown in percentages\n|rule|Endless Battle Clause: Forcing endless battles is banned\n|clearpoke\n|poke|p1|Volcarona, M|\n|poke|p1|Froslass, F|\n|poke|p1|Muk-Alola, M|\n|poke|p1|Gliscor, M|\n|poke|p1|Garchomp, F|\n|poke|p1|Slowking, M|\n|poke|p2|Hydreigon, M|\n|poke|p2|Gardevoir, F|\n|poke|p2|Milotic, F|\n|poke|p2|Gliscor, M|\n|poke|p2|Froslass, F|\n|poke|p2|Infernape, M|\n|teampreview\n|\n|t:|1698520474\n|start\n|switch|p1a: Gliscor|Gliscor, M|100\/100\n|switch|p2a: Froslass|Froslass, F|100\/100\n|turn|1\n|\n|t:|1698520479\n|move|p2a: Froslass|Blizzard|p1a: Gliscor\n|-supereffective|p1a: Gliscor\n|-damage|p1a: Gliscor|0 fnt\n|faint|p1a: Gliscor\n|\n|upkeep\n|\n|t:|1698520494\n|switch|p1a: Froslass|Froslass, F, shiny|100\/100\n|turn|2\n|\n|t:|1698520498\n|move|p1a: Froslass|Shadow Ball|p2a: Froslass\n|-supereffective|p2a: Froslass\n|-crit|p2a: Froslass\n|-damage|p2a: Froslass|0 fnt\n|faint|p2a: Froslass\n|\n|upkeep\n|\n|t:|1698520516\n|switch|p2a: Infernape|Infernape, M|100\/100\n|turn|3\n|\n|t:|1698520523\n|switch|p1a: Slowking|Slowking, M, shiny|100\/100\n|move|p2a: Infernape|Fire Punch|p1a: Slowking\n|-resisted|p1a: Slowking\n|-damage|p1a: Slowking|74\/100\n|\n|-heal|p1a: Slowking|81\/100|[from] item: Leftovers\n|upkeep\n|turn|4\n|\n|t:|1698520536\n|move|p2a: Infernape|Thunder Punch|p1a: Slowking\n|-supereffective|p1a: Slowking\n|-damage|p1a: Slowking|7\/100\n|move|p1a: Slowking|Scald|p2a: Infernape\n|-supereffective|p2a: Infernape\n|-damage|p2a: Infernape|18\/100\n|\n|-heal|p1a: Slowking|13\/100|[from] item: Leftovers\n|upkeep\n|turn|5\n|\n|t:|1698520553\n|switch|p1a: Garchomp|Garchomp, F|100\/100\n|move|p2a: Infernape|Thunder Punch|p1a: Garchomp\n|-immune|p1a: Garchomp\n|\n|upkeep\n|turn|6\n|\n|t:|1698520560\n|switch|p2a: Hydreigon|Hydreigon, M|100\/100\n|move|p1a: Garchomp|Dragon Claw|p2a: Hydreigon\n|-supereffective|p2a: Hydreigon\n|-damage|p2a: Hydreigon|4\/100\n|\n|upkeep\n|turn|7\n|\n|t:|1698520572\n|move|p2a: Hydreigon|Dragon Pulse|p1a: Garchomp\n|-supereffective|p1a: Garchomp\n|-damage|p1a: Garchomp|2\/100\n|move|p1a: Garchomp|Dragon Claw|p2a: Hydreigon\n|-supereffective|p2a: Hydreigon\n|-damage|p2a: Hydreigon|0 fnt\n|faint|p2a: Hydreigon\n|\n|upkeep\n|\n|t:|1698520588\n|switch|p2a: Gliscor|Gliscor, M|100\/100\n|turn|8\n|\n|t:|1698520600\n|switch|p1a: Froslass|Froslass, F, shiny|100\/100\n|move|p2a: Gliscor|Earthquake|p1a: Froslass\n|-damage|p1a: Froslass|40\/100\n|\n|-heal|p1a: Froslass|46\/100|[from] item: Leftovers\n|-status|p2a: Gliscor|tox|[from] item: Toxic Orb\n|upkeep\n|turn|9\n|\n|t:|1698520623\n|switch|p2a: Milotic|Milotic, F|100\/100\n|move|p1a: Froslass|Ice Beam|p2a: Milotic\n|-resisted|p2a: Milotic\n|-damage|p2a: Milotic|91\/100\n|\n|-heal|p1a: Froslass|53\/100|[from] item: Leftovers\n|upkeep\n|turn|10\n|\n|t:|1698520635\n|switch|p1a: Slowking|Slowking, M, shiny|46\/100\n|move|p2a: Milotic|Hydro Pump|p1a: Slowking\n|-resisted|p1a: Slowking\n|-damage|p1a: Slowking|25\/100\n|-damage|p2a: Milotic|81\/100|[from] item: Life Orb\n|\n|-heal|p1a: Slowking|31\/100|[from] item: Leftovers\n|upkeep\n|turn|11\n|\n|t:|1698520649\n|switch|p2a: Gardevoir|Gardevoir, F, shiny|100\/100\n|-ability|p2a: Gardevoir|Regenerator|[from] ability: Trace|[of] p1a: Slowking\n|move|p1a: Slowking|Light Screen|p1a: Slowking\n|-sidestart|p1: Mutago323|move: Light Screen\n|\n|-heal|p1a: Slowking|37\/100|[from] item: Leftovers\n|upkeep\n|turn|12\n|\n|t:|1698520666\n|switch|p1a: Muk|Muk-Alola, M|100\/100\n|move|p2a: Gardevoir|Shadow Ball|p1a: Muk\n|-resisted|p1a: Muk\n|-damage|p1a: Muk|94\/100\n|\n|-heal|p1a: Muk|100\/100|[from] item: Black Sludge\n|upkeep\n|turn|13\n|\n|t:|1698520677\n|move|p2a: Gardevoir|Moonblast|p1a: Muk\n|-damage|p1a: Muk|81\/100\n|-unboost|p1a: Muk|spa|1\n|move|p1a: Muk|Poison Jab|p2a: Gardevoir\n|-supereffective|p2a: Gardevoir\n|-damage|p2a: Gardevoir|0 fnt\n|faint|p2a: Gardevoir\n|\n|-heal|p1a: Muk|87\/100|[from] item: Black Sludge\n|upkeep\n|\n|t:|1698520686\n|switch|p2a: Gliscor|Gliscor, M|100\/100 tox\n|turn|14\n|\n|t:|1698520699\n|move|p2a: Gliscor|Earthquake|p1a: Muk\n|-supereffective|p1a: Muk\n|-damage|p1a: Muk|0 fnt\n|faint|p1a: Muk\n|\n|upkeep\n|\n|t:|1698520719\n|switch|p1a: Slowking|Slowking, M, shiny|71\/100\n|turn|15\n|\n|t:|1698520728\n|move|p2a: Gliscor|Swords Dance|p2a: Gliscor\n|-boost|p2a: Gliscor|atk|2\n|move|p1a: Slowking|Scald|p2a: Gliscor\n|-supereffective|p2a: Gliscor\n|-damage|p2a: Gliscor|15\/100 tox\n|\n|-heal|p1a: Slowking|77\/100|[from] item: Leftovers\n|-heal|p2a: Gliscor|28\/100 tox|[from] ability: Poison Heal\n|-sideend|p1: Mutago323|move: Light Screen\n|upkeep\n|turn|16\n|\n|t:|1698520744\n|move|p2a: Gliscor|Earthquake|p1a: Slowking\n|-damage|p1a: Slowking|0 fnt\n|faint|p1a: Slowking\n|\n|-heal|p2a: Gliscor|40\/100 tox|[from] ability: Poison Heal\n|upkeep\n|\n|t:|1698520765\n|switch|p1a: Garchomp|Garchomp, F|2\/100\n|turn|17\n|\n|t:|1698520771\n|move|p2a: Gliscor|Earthquake|p1a: Garchomp\n|-damage|p1a: Garchomp|0 fnt\n|faint|p1a: Garchomp\n|\n|-heal|p2a: Gliscor|52\/100 tox|[from] ability: Poison Heal\n|upkeep\n|\n|t:|1698520781\n|switch|p1a: Froslass|Froslass, F, shiny|53\/100\n|turn|18\n|\n|t:|1698520786\n|move|p1a: Froslass|Ice Beam|p2a: Gliscor\n|-supereffective|p2a: Gliscor\n|-damage|p2a: Gliscor|0 fnt\n|faint|p2a: Gliscor\n|\n|-heal|p1a: Froslass|59\/100|[from] item: Leftovers\n|upkeep\n|\n|t:|1698520805\n|switch|p2a: Infernape|Infernape, M|18\/100\n|turn|19\n|\n|t:|1698520824\n|move|p1a: Froslass|Reflect|p1a: Froslass\n|-sidestart|p1: Mutago323|Reflect\n|move|p2a: Infernape|Fire Punch|p1a: Froslass\n|-supereffective|p1a: Froslass\n|-damage|p1a: Froslass|0 fnt\n|faint|p1a: Froslass\n|\n|upkeep\n|\n|t:|1698520833\n|switch|p1a: Fred|Volcarona, M|100\/100\n|turn|20\n|\n|t:|1698520852\n|move|p2a: Infernape|Fire Punch|p1a: Fred\n|-damage|p1a: Fred|71\/100\n|move|p1a: Fred|Bug Buzz|p2a: Infernape\n|-resisted|p2a: Infernape\n|-damage|p2a: Infernape|0 fnt\n|faint|p2a: Infernape\n|\n|upkeep\n|\n|t:|1698520859\n|switch|p2a: Milotic|Milotic, F|81\/100\n|turn|21\n|\n|t:|1698520863\n|move|p1a: Fred|Giga Drain|p2a: Milotic\n|-supereffective|p2a: Milotic\n|-damage|p2a: Milotic|46\/100\n|-heal|p1a: Fred|89\/100|[from] drain|[of] p2a: Milotic\n|move|p2a: Milotic|Hydro Pump|p1a: Fred\n|-supereffective|p1a: Fred\n|-damage|p1a: Fred|0 fnt\n|faint|p1a: Fred\n|-damage|p2a: Milotic|36\/100|[from] item: Life Orb\n|\n|win|daweyshegoes\n|raw|Mutago323's rating: 1055 &rarr; <strong>1039<\/strong><br \/>(-16 for losing)\n|raw|daweyshegoes's rating: 1098 &rarr; <strong>1120<\/strong><br \/>(+22 for winning)\n|c|\u2606Mutago323|gg\n","uploadtime":1698520883,"views":8,"p1id":"mutago323","p2id":"daweyshegoes","formatid":"gen9anythinggoes","rating":1039,"private":0,"password":""}