{"id":"gen9anythinggoes-1980688975","p1":"mesanoob","p2":"Rowan_Rocket","format":"[Gen 9] Anything Goes","log":"|j|\u2606mesanoob\n|j|\u2606Rowan_Rocket\n|t:|1698813311\n|gametype|singles\n|player|p1|mesanoob|swimmerf-gen4|1107\n|player|p2|Rowan_Rocket|rocketgrunt|1190\n|teamsize|p1|6\n|teamsize|p2|6\n|gen|9\n|tier|[Gen 9] Anything Goes\n|rated|\n|rule|HP Percentage Mod: HP is shown in percentages\n|rule|Endless Battle Clause: Forcing endless battles is banned\n|clearpoke\n|poke|p1|Pikachu, M|\n|poke|p1|Charizard, M|\n|poke|p1|Azumarill, M|\n|poke|p1|Krookodile, M|\n|poke|p1|Leafeon, F|\n|poke|p1|Ariados, M|\n|poke|p2|Farigiraf, F|\n|poke|p2|Wyrdeer, M|\n|poke|p2|Ursaluna, M|\n|poke|p2|Grafaiai, M|\n|poke|p2|Zoroark-Hisui, F|\n|poke|p2|Ambipom, F|\n|teampreview\n|inactive|Battle timer is ON: inactive players will automatically lose when time's up. (requested by mesanoob)\n|\n|t:|1698813337\n|start\n|switch|p1a: Leafeon|Leafeon, F|100\/100\n|switch|p2a: Ambipom|Ambipom, F|100\/100\n|turn|1\n|\n|t:|1698813345\n|-terastallize|p2a: Ambipom|Normal\n|move|p2a: Ambipom|Fake Out|p1a: Leafeon\n|-enditem|p2a: Ambipom|Normal Gem|[from] gem\n|-damage|p1a: Leafeon|72\/100\n|cant|p1a: Leafeon|flinch\n|\n|upkeep\n|turn|2\n|\n|t:|1698813352\n|move|p2a: Ambipom|U-turn|p1a: Leafeon\n|-supereffective|p1a: Leafeon\n|-crit|p1a: Leafeon\n|-damage|p1a: Leafeon|32\/100\n|\n|t:|1698813357\n|switch|p2a: Wyrdeer|Wyrdeer, M|100\/100|[from] U-turn\n|move|p1a: Leafeon|Leech Seed|p2a: Wyrdeer\n|-ability|p2a: Wyrdeer|Sap Sipper|boost\n|-boost|p2a: Wyrdeer|atk|1\n|\n|upkeep\n|turn|3\n|\n|t:|1698813378\n|switch|p1a: Krookodile|Krookodile, M|100\/100\n|move|p2a: Wyrdeer|Psyshield Bash|p1a: Krookodile\n|-immune|p1a: Krookodile\n|\n|upkeep\n|turn|4\n|\n|t:|1698813385\n|move|p1a: Krookodile|Stealth Rock|p2a: Wyrdeer\n|-sidestart|p2: Rowan_Rocket|move: Stealth Rock\n|move|p2a: Wyrdeer|Lunge|p1a: Krookodile\n|-supereffective|p1a: Krookodile\n|-damage|p1a: Krookodile|35\/100\n|-unboost|p1a: Krookodile|atk|1\n|\n|-heal|p1a: Krookodile|41\/100|[from] item: Leftovers\n|upkeep\n|turn|5\n|\n|t:|1698813394\n|move|p1a: Krookodile|Knock Off|p2a: Wyrdeer\n|-supereffective|p2a: Wyrdeer\n|-damage|p2a: Wyrdeer|42\/100\n|-enditem|p2a: Wyrdeer|Leftovers|[from] move: Knock Off|[of] p1a: Krookodile\n|move|p2a: Wyrdeer|Trailblaze|p1a: Krookodile\n|-supereffective|p1a: Krookodile\n|-damage|p1a: Krookodile|0 fnt\n|-boost|p2a: Wyrdeer|spe|1\n|faint|p1a: Krookodile\n|\n|upkeep\n|inactive|mesanoob has 120 seconds left.\n|\n|t:|1698813420\n|switch|p1a: Ariados|Ariados, M|100\/100\n|turn|6\n|\n|t:|1698813425\n|move|p2a: Wyrdeer|Psyshield Bash|p1a: Ariados\n|-supereffective|p1a: Ariados\n|-damage|p1a: Ariados|4\/100\n|-boost|p2a: Wyrdeer|def|1\n|move|p1a: Ariados|Sticky Web|p2a: Wyrdeer\n|-sidestart|p2: Rowan_Rocket|move: Sticky Web\n|\n|upkeep\n|turn|7\n|\n|t:|1698813433\n|move|p2a: Wyrdeer|Psyshield Bash|p1a: Ariados\n|-supereffective|p1a: Ariados\n|-damage|p1a: Ariados|0 fnt\n|-boost|p2a: Wyrdeer|def|1\n|faint|p1a: Ariados\n|\n|upkeep\n|inactive|mesanoob has 120 seconds left.\n|\n|t:|1698813466\n|switch|p1a: Charizard|Charizard, M|100\/100\n|turn|8\n|\n|t:|1698813473\n|move|p1a: Charizard|Substitute|p1a: Charizard\n|-start|p1a: Charizard|Substitute\n|-damage|p1a: Charizard|75\/100\n|move|p2a: Wyrdeer|Psyshield Bash|p1a: Charizard\n|-end|p1a: Charizard|Substitute\n|-boost|p2a: Wyrdeer|def|1\n|\n|upkeep\n|turn|9\n|inactive|mesanoob has 120 seconds left.\n|\n|t:|1698813492\n|switch|p1a: Leafeon|Leafeon, F|32\/100\n|move|p2a: Wyrdeer|Stored Power|p1a: Leafeon\n|-crit|p1a: Leafeon\n|-damage|p1a: Leafeon|0 fnt\n|faint|p1a: Leafeon\n|\n|upkeep\n|\n|t:|1698813498\n|switch|p1a: Pikachu|Pikachu, M|100\/100\n|turn|10\n|\n|t:|1698813502\n|-terastallize|p1a: Pikachu|Ice\n|move|p1a: Pikachu|Tera Blast|p2a: Wyrdeer|[anim] Tera Blast Ice\n|-damage|p2a: Wyrdeer|0 fnt\n|faint|p2a: Wyrdeer\n|\n|upkeep\n|\n|t:|1698813512\n|switch|p2a: Ambipom|Ambipom, F, tera:Normal|100\/100\n|-damage|p2a: Ambipom|88\/100|[from] Stealth Rock\n|-activate|p2a: Ambipom|move: Sticky Web\n|-unboost|p2a: Ambipom|spe|1\n|turn|11\n|\n|t:|1698813521\n|move|p2a: Ambipom|Fake Out|p1a: Pikachu\n|-damage|p1a: Pikachu|0 fnt\n|faint|p1a: Pikachu\n|\n|upkeep\n|c|\u2606mesanoob|it just kills me ig\n|\n|t:|1698813533\n|switch|p1a: Azumarill|Azumarill, M|100\/100\n|turn|12\n|c|\u2606Rowan_Rocket|Sure does\n|\n|t:|1698813550\n|move|p2a: Ambipom|U-turn|p1a: Azumarill\n|-resisted|p1a: Azumarill\n|-damage|p1a: Azumarill|90\/100\n|\n|t:|1698813553\n|switch|p2a: Grafaiai|Grafaiai, M|100\/100|[from] U-turn\n|-damage|p2a: Grafaiai|88\/100|[from] Stealth Rock\n|-activate|p2a: Grafaiai|move: Sticky Web\n|-unboost|p2a: Grafaiai|spe|1\n|move|p1a: Azumarill|Belly Drum|p1a: Azumarill\n|-damage|p1a: Azumarill|40\/100\n|-setboost|p1a: Azumarill|atk|6|[from] move: Belly Drum\n|-enditem|p1a: Azumarill|Sitrus Berry|[eat]\n|-heal|p1a: Azumarill|65\/100|[from] item: Sitrus Berry\n|\n|-heal|p2a: Grafaiai|94\/100|[from] item: Black Sludge\n|upkeep\n|turn|13\n|\n|t:|1698813569\n|move|p2a: Grafaiai|Encore|p1a: Azumarill\n|-start|p1a: Azumarill|Encore\n|move|p1a: Azumarill|Belly Drum||[still]\n|-fail|p1a: Azumarill\n|\n|-heal|p2a: Grafaiai|99\/100|[from] item: Black Sludge\n|upkeep\n|turn|14\n|\n|t:|1698813576\n|move|p2a: Grafaiai|Poison Jab|p1a: Azumarill\n|-supereffective|p1a: Azumarill\n|-damage|p1a: Azumarill|0 fnt\n|faint|p1a: Azumarill\n|\n|-heal|p2a: Grafaiai|100\/100|[from] item: Black Sludge\n|upkeep\n|\n|t:|1698813585\n|switch|p1a: Charizard|Charizard, M|75\/100\n|turn|15\n|\n|t:|1698813589\n|move|p2a: Grafaiai|Switcheroo|p1a: Charizard\n|-activate|p2a: Grafaiai|move: Trick|[of] p1a: Charizard\n|-item|p1a: Charizard|Black Sludge|[from] move: Switcheroo\n|-item|p2a: Grafaiai|Salac Berry|[from] move: Switcheroo\n|move|p1a: Charizard|Belly Drum|p1a: Charizard\n|-damage|p1a: Charizard|25\/100\n|-setboost|p1a: Charizard|atk|6|[from] move: Belly Drum\n|\n|-damage|p1a: Charizard|13\/100|[from] item: Black Sludge\n|upkeep\n|turn|16\n|\n|t:|1698813599\n|move|p2a: Grafaiai|Encore|p1a: Charizard\n|-start|p1a: Charizard|Encore\n|move|p1a: Charizard|Belly Drum||[still]\n|-fail|p1a: Charizard\n|\n|-damage|p1a: Charizard|0 fnt|[from] item: Black Sludge\n|faint|p1a: Charizard\n|\n|win|Rowan_Rocket\n|upkeep\n|raw|mesanoob's rating: 1107 &rarr; <strong>1088<\/strong><br \/>(-19 for losing)\n|raw|Rowan_Rocket's rating: 1190 &rarr; <strong>1209<\/strong><br \/>(+19 for winning)\n|c|\u2606mesanoob|wp ig\n|l|\u2606mesanoob\n","uploadtime":1698813613,"views":20,"p1id":"mesanoob","p2id":"rowanrocket","formatid":"gen9anythinggoes","rating":1088,"private":0,"password":""}