{"id":"gen9anythinggoes-1991285412","p1":"Jeremoon","p2":"Denjamin1986","format":"[Gen 9] Anything Goes","log":"|j|\u2606Jeremoon\n|j|\u2606Denjamin1986\n|t:|1700064318\n|gametype|singles\n|player|p1|Jeremoon|101|\n|player|p2|Denjamin1986|gentleman-gen4dp|\n|teamsize|p1|6\n|teamsize|p2|6\n|gen|9\n|tier|[Gen 9] Anything Goes\n|rule|HP Percentage Mod: HP is shown in percentages\n|rule|Endless Battle Clause: Forcing endless battles is banned\n|clearpoke\n|poke|p1|Talonflame, F|\n|poke|p1|Urshifu-*, M|\n|poke|p1|Cresselia, F|\n|poke|p1|Heatran, F|\n|poke|p1|Zoroark-Hisui, M|\n|poke|p1|Trevenant, M|\n|poke|p2|Dragalge, M|\n|poke|p2|Vaporeon, F|\n|poke|p2|Gliscor, M|\n|poke|p2|Pawmot, M|\n|poke|p2|Uxie|\n|poke|p2|Weavile, F|\n|teampreview\n|c|\u2606Denjamin1986|GL hf\n|\n|t:|1700064362\n|start\n|switch|p1a: Talonflame|Talonflame, F|100\/100\n|switch|p2a: Attina|Vaporeon, F|100\/100\n|turn|1\n|\n|t:|1700064379\n|move|p1a: Talonflame|U-turn|p2a: Attina\n|-damage|p2a: Attina|82\/100\n|\n|t:|1700064385\n|switch|p1a: Trevenant|Trevenant, M|100\/100|[from] U-turn\n|move|p2a: Attina|Surf|p1a: Trevenant\n|-resisted|p1a: Trevenant\n|-damage|p1a: Trevenant|76\/100\n|\n|upkeep\n|turn|2\n|\n|t:|1700064417\n|switch|p2a: Bartok|Gliscor, M, shiny|100\/100\n|move|p1a: Trevenant|Horn Leech|p2a: Bartok\n|-damage|p2a: Bartok|72\/100\n|-heal|p1a: Trevenant|92\/100|[from] drain|[of] p2a: Bartok\n|\n|-status|p2a: Bartok|tox|[from] item: Toxic Orb\n|upkeep\n|turn|3\n|\n|t:|1700064436\n|switch|p1a: Cresselia|Cresselia, F|100\/100\n|move|p2a: Bartok|Knock Off|p1a: Cresselia\n|-supereffective|p1a: Cresselia\n|-damage|p1a: Cresselia|75\/100\n|-damage|p2a: Bartok|56\/100 tox|[from] item: Rocky Helmet|[of] p1a: Cresselia\n|-enditem|p1a: Cresselia|Rocky Helmet|[from] move: Knock Off|[of] p2a: Bartok\n|\n|-heal|p2a: Bartok|68\/100 tox|[from] ability: Poison Heal\n|upkeep\n|turn|4\n|\n|t:|1700064451\n|-terastallize|p1a: Cresselia|Fairy\n|move|p2a: Bartok|U-turn|p1a: Cresselia\n|-resisted|p1a: Cresselia\n|-damage|p1a: Cresselia|71\/100\n|\n|t:|1700064456\n|switch|p2a: Tinkerbell|Uxie|100\/100|[from] U-turn\n|move|p1a: Cresselia|Calm Mind|p1a: Cresselia\n|-boost|p1a: Cresselia|spa|1\n|-boost|p1a: Cresselia|spd|1\n|\n|upkeep\n|turn|5\n|\n|t:|1700064471\n|move|p2a: Tinkerbell|Encore|p1a: Cresselia\n|-start|p1a: Cresselia|Encore\n|move|p1a: Cresselia|Calm Mind|p1a: Cresselia\n|-boost|p1a: Cresselia|spa|1\n|-boost|p1a: Cresselia|spd|1\n|\n|upkeep\n|turn|6\n|\n|t:|1700064498\n|switch|p1a: Urshifu|Urshifu-Rapid-Strike, M|100\/100\n|move|p2a: Tinkerbell|U-turn|p1a: Urshifu\n|-resisted|p1a: Urshifu\n|-damage|p1a: Urshifu|94\/100\n|\n|t:|1700064503\n|switch|p2a: Knut|Dragalge, M, shiny|100\/100|[from] U-turn\n|\n|upkeep\n|turn|7\n|\n|t:|1700064524\n|switch|p1a: Cresselia|Cresselia, F, tera:Fairy|71\/100\n|move|p2a: Knut|Sludge Bomb|p1a: Cresselia\n|-supereffective|p1a: Cresselia\n|-damage|p1a: Cresselia|0 fnt\n|faint|p1a: Cresselia\n|\n|upkeep\n|\n|t:|1700064538\n|switch|p1a: Heatran|Heatran, F|100\/100\n|turn|8\n|\n|t:|1700064556\n|switch|p2a: Attina|Vaporeon, F|82\/100\n|move|p1a: Heatran|Icy Wind|p2a: Attina\n|-resisted|p2a: Attina\n|-damage|p2a: Attina|77\/100\n|-unboost|p2a: Attina|spe|1\n|\n|upkeep\n|turn|9\n|\n|t:|1700064574\n|move|p1a: Heatran|Shadow Ball|p2a: Attina\n|-damage|p2a: Attina|56\/100\n|move|p2a: Attina|Baton Pass|p2a: Attina\n|\n|t:|1700064588\n|switch|p2a: Grinsekatze|Weavile, F, shiny|100\/100|[from] Baton Pass\n|-ability|p2a: Grinsekatze|Pressure\n|\n|upkeep\n|turn|10\n|\n|t:|1700064617\n|switch|p2a: Attina|Vaporeon, F|56\/100\n|move|p1a: Heatran|Flamethrower|p2a: Attina\n|-resisted|p2a: Attina\n|-damage|p2a: Attina|48\/100\n|-status|p2a: Attina|brn\n|\n|-damage|p2a: Attina|42\/100 brn|[from] brn\n|upkeep\n|turn|11\n|\n|t:|1700064634\n|move|p1a: Heatran|Shadow Ball|p2a: Attina\n|-damage|p2a: Attina|19\/100 brn\n|-unboost|p2a: Attina|spd|1\n|move|p2a: Attina|Wish|p2a: Attina\n|\n|-damage|p2a: Attina|13\/100 brn|[from] brn\n|upkeep\n|turn|12\n|\n|t:|1700064657\n|switch|p2a: Knut|Dragalge, M, shiny|100\/100\n|move|p1a: Heatran|Flamethrower|p2a: Knut\n|-resisted|p2a: Knut\n|-damage|p2a: Knut|91\/100\n|-status|p2a: Knut|brn\n|\n|-heal|p2a: Knut|100\/100 brn|[from] move: Wish|[wisher] Attina\n|-damage|p2a: Knut|94\/100 brn|[from] brn\n|upkeep\n|turn|13\n|\n|t:|1700064680\n|move|p1a: Heatran|Shadow Ball|p2a: Knut\n|-damage|p2a: Knut|70\/100 brn\n|move|p2a: Knut|Sludge Bomb|p1a: Heatran\n|-resisted|p1a: Heatran\n|-damage|p1a: Heatran|52\/100\n|-status|p1a: Heatran|psn\n|replace|p1a: Zoroark|Zoroark-Hisui, M\n|-end|p1a: Zoroark|Illusion\n|\n|-heal|p2a: Knut|76\/100 brn|[from] item: Black Sludge\n|-damage|p1a: Zoroark|40\/100 psn|[from] psn\n|-damage|p2a: Knut|70\/100 brn|[from] brn\n|upkeep\n|turn|14\n|\n|t:|1700064706\n|switch|p2a: Attina|Vaporeon, F|13\/100 brn\n|move|p1a: Zoroark|Shadow Ball|p2a: Attina\n|-damage|p2a: Attina|0 fnt\n|faint|p2a: Attina\n|\n|-damage|p1a: Zoroark|28\/100 psn|[from] psn\n|upkeep\n|\n|t:|1700064716\n|switch|p2a: Grinsekatze|Weavile, F, shiny|100\/100\n|-ability|p2a: Grinsekatze|Pressure\n|turn|15\n|\n|t:|1700064724\n|move|p2a: Grinsekatze|Trailblaze|p1a: Zoroark\n|-damage|p1a: Zoroark|0 fnt\n|-boost|p2a: Grinsekatze|spe|1\n|faint|p1a: Zoroark\n|-damage|p2a: Grinsekatze|91\/100|[from] item: Life Orb\n|\n|upkeep\n|\n|t:|1700064739\n|switch|p1a: Talonflame|Talonflame, F|100\/100\n|turn|16\n|\n|t:|1700064753\n|switch|p2a: Bartok|Gliscor, M, shiny|68\/100 tox\n|move|p1a: Talonflame|Tailwind|p1a: Talonflame\n|-sidestart|p1: Jeremoon|move: Tailwind\n|\n|-heal|p2a: Bartok|81\/100 tox|[from] ability: Poison Heal\n|upkeep\n|turn|17\n|\n|t:|1700064763\n|move|p1a: Talonflame|U-turn|p2a: Bartok\n|-resisted|p2a: Bartok\n|-damage|p2a: Bartok|74\/100 tox\n|\n|t:|1700064792\n|switch|p1a: Heatran|Heatran, F|100\/100|[from] U-turn\n|move|p2a: Bartok|Knock Off|p1a: Heatran\n|-damage|p1a: Heatran|81\/100\n|-enditem|p1a: Heatran|Custap Berry|[from] move: Knock Off|[of] p2a: Bartok\n|\n|-heal|p2a: Bartok|87\/100 tox|[from] ability: Poison Heal\n|upkeep\n|turn|18\n|\n|t:|1700064808\n|move|p1a: Heatran|Magma Storm|p2a: Bartok\n|-damage|p2a: Bartok|46\/100 tox\n|-activate|p2a: Bartok|move: Magma Storm|[of] p1a: Heatran\n|move|p2a: Bartok|Earthquake|p1a: Heatran\n|-supereffective|p1a: Heatran\n|-damage|p1a: Heatran|0 fnt\n|faint|p1a: Heatran\n|\n|-heal|p2a: Bartok|58\/100 tox|[from] ability: Poison Heal\n|-end|p2a: Bartok|Magma Storm|[partiallytrapped]|[silent]\n|upkeep\n|\n|t:|1700064818\n|switch|p1a: Urshifu|Urshifu-Rapid-Strike, M|94\/100\n|turn|19\n|\n|t:|1700064862\n|switch|p2a: Tinkerbell|Uxie|100\/100\n|move|p1a: Urshifu|Surging Strikes|p2a: Tinkerbell\n|-crit|p2a: Tinkerbell\n|-damage|p2a: Tinkerbell|80\/100\n|-crit|p2a: Tinkerbell\n|-damage|p2a: Tinkerbell|56\/100\n|-crit|p2a: Tinkerbell\n|-damage|p2a: Tinkerbell|34\/100\n|-hitcount|p2a: Tinkerbell|3\n|\n|-heal|p2a: Tinkerbell|40\/100|[from] item: Leftovers\n|-sideend|p1: Jeremoon|move: Tailwind\n|upkeep\n|turn|20\n|\n|t:|1700064892\n|-terastallize|p2a: Tinkerbell|Electric\n|move|p1a: Urshifu|Surging Strikes|p2a: Tinkerbell\n|-crit|p2a: Tinkerbell\n|-damage|p2a: Tinkerbell|17\/100\n|-crit|p2a: Tinkerbell\n|-damage|p2a: Tinkerbell|0 fnt\n|faint|p2a: Tinkerbell\n|-hitcount|p2: Tinkerbell|2\n|\n|upkeep\n|\n|t:|1700064902\n|switch|p2a: Knut|Dragalge, M, shiny|70\/100 brn\n|turn|21\n|\n|t:|1700064906\n|move|p1a: Urshifu|Surging Strikes|p2a: Knut\n|-resisted|p2a: Knut\n|-crit|p2a: Knut\n|-damage|p2a: Knut|55\/100 brn\n|-resisted|p2a: Knut\n|-crit|p2a: Knut\n|-damage|p2a: Knut|42\/100 brn\n|-resisted|p2a: Knut\n|-crit|p2a: Knut\n|-damage|p2a: Knut|27\/100 brn\n|-hitcount|p2a: Knut|3\n|move|p2a: Knut|Draco Meteor|p1a: Urshifu\n|-damage|p1a: Urshifu|0 fnt\n|-unboost|p2a: Knut|spa|2\n|faint|p1a: Urshifu\n|\n|-heal|p2a: Knut|33\/100 brn|[from] item: Black Sludge\n|-damage|p2a: Knut|27\/100 brn|[from] brn\n|upkeep\n|\n|t:|1700064923\n|switch|p1a: Trevenant|Trevenant, M|92\/100\n|turn|22\n|\n|t:|1700064936\n|switch|p2a: Bartok|Gliscor, M, shiny|58\/100 tox\n|move|p1a: Trevenant|Poltergeist|p2a: Bartok\n|-activate|p2a: Bartok|move: Poltergeist|Toxic Orb\n|-crit|p2a: Bartok\n|-damage|p2a: Bartok|0 fnt\n|faint|p2a: Bartok\n|\n|upkeep\n|\n|t:|1700064947\n|switch|p2a: Grinsekatze|Weavile, F, shiny|91\/100\n|-ability|p2a: Grinsekatze|Pressure\n|turn|23\n|\n|t:|1700064955\n|switch|p1a: Talonflame|Talonflame, F|100\/100\n|move|p2a: Grinsekatze|Ice Spinner|p1a: Talonflame\n|-damage|p1a: Talonflame|18\/100\n|-damage|p2a: Grinsekatze|81\/100|[from] item: Life Orb\n|\n|upkeep\n|turn|24\n|\n|t:|1700064970\n|switch|p2a: Knut|Dragalge, M, shiny|27\/100 brn\n|move|p1a: Talonflame|Flare Blitz|p2a: Knut\n|-resisted|p2a: Knut\n|-damage|p2a: Knut|7\/100 brn\n|-damage|p1a: Talonflame|11\/100|[from] Recoil\n|\n|-heal|p2a: Knut|13\/100 brn|[from] item: Black Sludge\n|-damage|p2a: Knut|7\/100 brn|[from] brn\n|upkeep\n|turn|25\n|\n|t:|1700064987\n|move|p1a: Talonflame|U-turn|p2a: Knut\n|-resisted|p2a: Knut\n|-damage|p2a: Knut|0 fnt\n|faint|p2a: Knut\n|\n|t:|1700064992\n|switch|p1a: Trevenant|Trevenant, M|92\/100|[from] U-turn\n|\n|upkeep\n|\n|t:|1700065005\n|switch|p2a: Scrat|Pawmot, M|100\/100\n|turn|26\n|\n|t:|1700065015\n|move|p2a: Scrat|Ice Punch|p1a: Trevenant\n|-supereffective|p1a: Trevenant\n|-damage|p1a: Trevenant|16\/100\n|move|p1a: Trevenant|Horn Leech|p2a: Scrat\n|-damage|p2a: Scrat|43\/100\n|-heal|p1a: Trevenant|42\/100|[from] drain|[of] p2a: Scrat\n|\n|upkeep\n|turn|27\n|\n|t:|1700065028\n|move|p2a: Scrat|Ice Punch|p1a: Trevenant\n|-supereffective|p1a: Trevenant\n|-damage|p1a: Trevenant|0 fnt\n|faint|p1a: Trevenant\n|\n|upkeep\n|\n|t:|1700065034\n|switch|p1a: Talonflame|Talonflame, F|11\/100\n|turn|28\n|\n|t:|1700065041\n|move|p1a: Talonflame|Flare Blitz|p2a: Scrat\n|-damage|p2a: Scrat|0 fnt\n|faint|p2a: Scrat\n|-damage|p1a: Talonflame|0 fnt|[from] Recoil\n|faint|p1a: Talonflame\n|\n|win|Denjamin1986\n|c|\u2606Denjamin1986|Gg\n","uploadtime":1700065079,"views":38,"p1id":"jeremoon","p2id":"denjamin1986","formatid":"gen9anythinggoes","rating":0,"private":0,"password":""}