{"id":"gen9anythinggoes-1993454890","p1":"Very_epikname1987","p2":"RollingPearl","format":"[Gen 9] Anything Goes","log":"|j|\u2606Very_epikname1987\n|j|\u2606RollingPearl\n|t:|1700319976\n|gametype|singles\n|player|p1|Very_epikname1987|will|1076\n|player|p2|RollingPearl|pokemonbreederf-gen4|1176\n|teamsize|p1|6\n|teamsize|p2|6\n|gen|9\n|tier|[Gen 9] Anything Goes\n|rated|\n|rule|HP Percentage Mod: HP is shown in percentages\n|rule|Endless Battle Clause: Forcing endless battles is banned\n|clearpoke\n|poke|p1|Litwick, M|\n|poke|p1|Litwick, F|\n|poke|p1|Litwick, F|\n|poke|p1|Litwick, F|\n|poke|p1|Litwick, M|\n|poke|p1|Chandelure, F|\n|poke|p2|Orthworm, F|\n|poke|p2|Dachsbun, M|\n|poke|p2|Polteageist|\n|poke|p2|Garganacl, F|\n|poke|p2|Meowscarada, F|\n|poke|p2|Morpeko, M|\n|teampreview\n|inactive|Battle timer is ON: inactive players will automatically lose when time's up. (requested by RollingPearl)\n|c|\u2606RollingPearl|oh no\n|\n|t:|1700319988\n|start\n|switch|p1a: Litwick|Litwick, M|100\/100\n|switch|p2a: Doppio|Morpeko, M|100\/100\n|turn|1\n|c|\u2606Very_epikname1987|Litwick\n|\n|t:|1700319995\n|move|p2a: Doppio|Taunt|p1a: Litwick\n|-start|p1a: Litwick|move: Taunt\n|cant|p1a: Litwick|move: Taunt|Curse\n|\n|-formechange|p2a: Doppio|Morpeko-Hangry||[from] ability: Hunger Switch\n|upkeep\n|turn|2\n|\n|t:|1700320003\n|move|p2a: Doppio|Aura Wheel|p1a: Litwick\n|-supereffective|p1a: Litwick\n|-enditem|p1a: Litwick|Focus Sash\n|-damage|p1a: Litwick|1\/100\n|-boost|p2a: Doppio|spe|1\n|-damage|p2a: Doppio|91\/100|[from] item: Life Orb\n|-activate|p1a: Litwick|move: Struggle\n|move|p1a: Litwick|Struggle|p2a: Doppio\n|-damage|p2a: Doppio|84\/100\n|-damage|p1a: Litwick|0 fnt|[from] recoil\n|faint|p1a: Litwick\n|\n|-formechange|p2a: Doppio|Morpeko||[from] ability: Hunger Switch\n|upkeep\n|\n|t:|1700320020\n|switch|p1a: Litwickwithpuberty|Chandelure, F|100\/100\n|turn|3\n|\n|t:|1700320027\n|move|p2a: Doppio|Aura Wheel|p1a: Litwickwithpuberty\n|-damage|p1a: Litwickwithpuberty|29\/100\n|-boost|p2a: Doppio|spe|1\n|-damage|p2a: Doppio|74\/100|[from] item: Life Orb\n|move|p1a: Litwickwithpuberty|Trick Room|p1a: Litwickwithpuberty\n|-fieldstart|move: Trick Room|[of] p1a: Litwickwithpuberty\n|\n|-formechange|p2a: Doppio|Morpeko-Hangry||[from] ability: Hunger Switch\n|upkeep\n|turn|4\n|\n|t:|1700320038\n|move|p2a: Doppio|Protect|p2a: Doppio\n|-singleturn|p2a: Doppio|Protect\n|move|p1a: Litwickwithpuberty|Pain Split|p2a: Doppio\n|-activate|p2a: Doppio|move: Protect\n|\n|-formechange|p2a: Doppio|Morpeko||[from] ability: Hunger Switch\n|upkeep\n|turn|5\n|\n|t:|1700320049\n|switch|p1a: Litwick|Litwick, F|100\/100\n|move|p2a: Doppio|Aura Wheel|p1a: Litwick\n|-enditem|p1a: Litwick|Focus Sash\n|-damage|p1a: Litwick|1\/100\n|-boost|p2a: Doppio|spe|1\n|-damage|p2a: Doppio|64\/100|[from] item: Life Orb\n|\n|-formechange|p2a: Doppio|Morpeko-Hangry||[from] ability: Hunger Switch\n|upkeep\n|turn|6\n|\n|t:|1700320065\n|move|p2a: Doppio|Protect|p2a: Doppio\n|-singleturn|p2a: Doppio|Protect\n|move|p1a: Litwick|Curse|p2a: Doppio\n|-start|p2a: Doppio|Curse|[of] p1a: Litwick\n|-damage|p1a: Litwick|0 fnt\n|faint|p1a: Litwick\n|\n|-damage|p2a: Doppio|39\/100|[from] Curse\n|-formechange|p2a: Doppio|Morpeko||[from] ability: Hunger Switch\n|upkeep\n|\n|t:|1700320076\n|switch|p1a: Litwick|Litwick, F|100\/100\n|turn|7\n|\n|t:|1700320082\n|move|p1a: Litwick|Protect|p1a: Litwick\n|-singleturn|p1a: Litwick|Protect\n|move|p2a: Doppio|Aura Wheel|p1a: Litwick\n|-activate|p1a: Litwick|move: Protect\n|\n|-damage|p2a: Doppio|15\/100|[from] Curse\n|-fieldend|move: Trick Room\n|-formechange|p2a: Doppio|Morpeko-Hangry||[from] ability: Hunger Switch\n|upkeep\n|turn|8\n|\n|t:|1700320097\n|move|p2a: Doppio|Taunt|p1a: Litwick\n|-start|p1a: Litwick|move: Taunt\n|cant|p1a: Litwick|move: Taunt|Rest\n|\n|-damage|p2a: Doppio|0 fnt|[from] Curse\n|faint|p2a: Doppio\n|upkeep\n|\n|t:|1700320106\n|switch|p2a: Lola lombriz|Orthworm, F|100\/100\n|turn|9\n|\n|t:|1700320111\n|switch|p1a: Litwick|Litwick, F|100\/100\n|move|p2a: Lola lombriz|Stealth Rock|p1a: Litwick\n|-sidestart|p1: Very_epikname1987|move: Stealth Rock\n|\n|upkeep\n|turn|10\n|\n|t:|1700320121\n|move|p2a: Lola lombriz|Shed Tail|p2a: Lola lombriz\n|-start|p2a: Lola lombriz|Substitute|[from] move: Shed Tail\n|-damage|p2a: Lola lombriz|50\/100\n|-enditem|p2a: Lola lombriz|Sitrus Berry|[eat]\n|-heal|p2a: Lola lombriz|75\/100|[from] item: Sitrus Berry\n|\n|t:|1700320126\n|switch|p2a: Tecito|Polteageist|100\/100|[from] Shed Tail\n|move|p1a: Litwick|Curse|p2a: Tecito\n|-start|p2a: Tecito|Curse|[of] p1a: Litwick\n|-damage|p1a: Litwick|50\/100\n|\n|-damage|p2a: Tecito|76\/100|[from] Curse\n|upkeep\n|turn|11\n|c|\u2606RollingPearl|it goes through the substitute? :(\n|\n|t:|1700320148\n|move|p2a: Tecito|Shell Smash|p2a: Tecito\n|-unboost|p2a: Tecito|def|1\n|-unboost|p2a: Tecito|spd|1\n|-boost|p2a: Tecito|atk|2\n|-boost|p2a: Tecito|spa|2\n|-boost|p2a: Tecito|spe|2\n|move|p1a: Litwick|Pain Split||[still]\n|-fail|p1a: Litwick\n|\n|-damage|p2a: Tecito|51\/100|[from] Curse\n|upkeep\n|turn|12\n|c|\u2606Very_epikname1987|yup\n|\n|t:|1700320161\n|move|p2a: Tecito|Shadow Ball|p1a: Litwick\n|-supereffective|p1a: Litwick\n|-damage|p1a: Litwick|0 fnt\n|faint|p1a: Litwick\n|\n|-damage|p2a: Tecito|26\/100|[from] Curse\n|upkeep\n|\n|t:|1700320168\n|switch|p1a: Litwick|Litwick, F|100\/100\n|-damage|p1a: Litwick|75\/100|[from] Stealth Rock\n|turn|13\n|\n|t:|1700320174\n|move|p2a: Tecito|Shadow Ball|p1a: Litwick\n|-supereffective|p1a: Litwick\n|-damage|p1a: Litwick|0 fnt\n|faint|p1a: Litwick\n|\n|-damage|p2a: Tecito|1\/100|[from] Curse\n|upkeep\n|\n|t:|1700320181\n|switch|p1a: Litwick|Litwick, M|100\/100\n|-damage|p1a: Litwick|76\/100|[from] Stealth Rock\n|turn|14\n|\n|t:|1700320186\n|move|p1a: Litwick|Protect|p1a: Litwick\n|-singleturn|p1a: Litwick|Protect\n|move|p2a: Tecito|Shadow Ball|p1a: Litwick\n|-activate|p1a: Litwick|move: Protect\n|\n|-damage|p2a: Tecito|0 fnt|[from] Curse\n|faint|p2a: Tecito\n|upkeep\n|c|\u2606Very_epikname1987|:)\n|\n|t:|1700320197\n|switch|p2a: Chanchi\u2661|Meowscarada, F|100\/100\n|turn|15\n|\n|t:|1700320203\n|move|p2a: Chanchi\u2661|Knock Off|p1a: Litwick\n|-start|p2a: Chanchi\u2661|typechange|Dark|[from] ability: Protean\n|-supereffective|p1a: Litwick\n|-damage|p1a: Litwick|0 fnt\n|-enditem|p1a: Litwick|Focus Sash|[from] move: Knock Off|[of] p2a: Chanchi\u2661\n|faint|p1a: Litwick\n|-damage|p2a: Chanchi\u2661|91\/100|[from] item: Life Orb\n|\n|upkeep\n|\n|t:|1700320211\n|switch|p1a: Litwickwithpuberty|Chandelure, F|29\/100\n|-damage|p1a: Litwickwithpuberty|4\/100|[from] Stealth Rock\n|turn|16\n|\n|t:|1700320220\n|move|p1a: Litwickwithpuberty|Protect|p1a: Litwickwithpuberty\n|-singleturn|p1a: Litwickwithpuberty|Protect\n|move|p2a: Chanchi\u2661|Knock Off|p1a: Litwickwithpuberty\n|-activate|p1a: Litwickwithpuberty|move: Protect\n|\n|upkeep\n|turn|17\n|\n|t:|1700320231\n|move|p2a: Chanchi\u2661|Flower Trick|p1a: Litwickwithpuberty\n|-resisted|p1a: Litwickwithpuberty\n|-crit|p1a: Litwickwithpuberty\n|-damage|p1a: Litwickwithpuberty|0 fnt\n|faint|p1a: Litwickwithpuberty\n|-damage|p2a: Chanchi\u2661|81\/100|[from] item: Life Orb\n|\n|win|RollingPearl\n|raw|Very_epikname1987's rating: 1076 &rarr; <strong>1061<\/strong><br \/>(-15 for losing)\n|raw|RollingPearl's rating: 1176 &rarr; <strong>1194<\/strong><br \/>(+18 for winning)\n|c|\u2606RollingPearl|cool team! good luck next time\n|c|\u2606Very_epikname1987|gg\n|l|\u2606Very_epikname1987\n","uploadtime":1700320260,"views":22,"p1id":"veryepikname1987","p2id":"rollingpearl","formatid":"gen9anythinggoes","rating":1061,"private":0,"password":""}