{"id":"gen9anythinggoes-1972341949","p1":"HyperSaiyan90","p2":"PlumRedGlow","format":"[Gen 9] Anything Goes","log":"|j|\u2606HyperSaiyan90\n|j|\u2606PlumRedGlow\n|t:|1697833058\n|gametype|singles\n|player|p1|HyperSaiyan90|red|1000\n|player|p2|PlumRedGlow|bellelba|1000\n|teamsize|p1|6\n|teamsize|p2|6\n|gen|9\n|tier|[Gen 9] Anything Goes\n|rated|\n|rule|HP Percentage Mod: HP is shown in percentages\n|rule|Endless Battle Clause: Forcing endless battles is banned\n|clearpoke\n|poke|p1|Pikachu, F|\n|poke|p1|Meowscarada, M|\n|poke|p1|Ceruledge, M|\n|poke|p1|Gardevoir, F|\n|poke|p1|Milotic, F|\n|poke|p1|Gengar, M|\n|poke|p2|Delphox, M|\n|poke|p2|Florges-White, F|\n|poke|p2|Ninetales, F|\n|poke|p2|Lurantis, M|\n|poke|p2|Torkoal, F|\n|poke|p2|Leavanny, F|\n|teampreview\n|inactive|Battle timer is ON: inactive players will automatically lose when time's up. (requested by HyperSaiyan90)\n|\n|t:|1697833065\n|start\n|switch|p1a: Meowscarada|Meowscarada, M|100\/100\n|switch|p2a: Torkoal|Torkoal, F|100\/100\n|-weather|SunnyDay|[from] ability: Drought|[of] p2a: Torkoal\n|turn|1\n|\n|t:|1697833074\n|switch|p1a: Ceruledge|Ceruledge, M|100\/100\n|move|p2a: Torkoal|Fire Spin|p1a: Ceruledge\n|-start|p1a: Ceruledge|ability: Flash Fire\n|\n|-weather|SunnyDay|[upkeep]\n|upkeep\n|turn|2\n|\n|t:|1697833084\n|move|p1a: Ceruledge|Shadow Claw|p2a: Torkoal\n|-crit|p2a: Torkoal\n|-damage|p2a: Torkoal|64\/100\n|move|p2a: Torkoal|Yawn|p1a: Ceruledge\n|-start|p1a: Ceruledge|move: Yawn|[of] p2a: Torkoal\n|\n|-weather|SunnyDay|[upkeep]\n|upkeep\n|turn|3\n|\n|t:|1697833098\n|-end|p1a: Ceruledge|ability: Flash Fire|[silent]\n|switch|p1a: Gardevoir|Gardevoir, F|100\/100\n|switch|p2a: Ninetales|Ninetales, F|100\/100\n|\n|-weather|SunnyDay|[upkeep]\n|upkeep\n|turn|4\n|\n|t:|1697833108\n|move|p2a: Ninetales|Flamethrower|p1a: Gardevoir\n|-damage|p1a: Gardevoir|41\/100\n|move|p1a: Gardevoir|Psychic|p2a: Ninetales\n|-damage|p2a: Ninetales|38\/100\n|\n|-weather|SunnyDay|[upkeep]\n|upkeep\n|turn|5\n|\n|t:|1697833120\n|move|p2a: Ninetales|Hypnosis|p1a: Gardevoir|[miss]\n|-miss|p2a: Ninetales|p1a: Gardevoir\n|move|p1a: Gardevoir|Psychic|p2a: Ninetales\n|-damage|p2a: Ninetales|0 fnt\n|faint|p2a: Ninetales\n|\n|-weather|none\n|upkeep\n|\n|t:|1697833130\n|switch|p2a: Torkoal|Torkoal, F|64\/100\n|-weather|SunnyDay|[from] ability: Drought|[of] p2a: Torkoal\n|turn|6\n|\n|t:|1697833136\n|switch|p2a: Florges|Florges-White, F|100\/100\n|move|p1a: Gardevoir|Psychic|p2a: Florges\n|-damage|p2a: Florges|64\/100\n|\n|-weather|SunnyDay|[upkeep]\n|-heal|p2a: Florges|70\/100|[from] item: Leftovers\n|upkeep\n|turn|7\n|\n|t:|1697833145\n|move|p1a: Gardevoir|Psychic|p2a: Florges\n|-damage|p2a: Florges|32\/100\n|move|p2a: Florges|Wish|p2a: Florges\n|\n|-weather|SunnyDay|[upkeep]\n|-heal|p2a: Florges|38\/100|[from] item: Leftovers\n|upkeep\n|turn|8\n|\n|t:|1697833152\n|move|p1a: Gardevoir|Psychic|p2a: Florges\n|-damage|p2a: Florges|1\/100\n|move|p2a: Florges|Grassy Terrain|p2a: Florges\n|-fieldstart|move: Grassy Terrain\n|\n|-weather|SunnyDay|[upkeep]\n|-heal|p2a: Florges|51\/100|[from] move: Wish|[wisher] Florges\n|-heal|p1a: Gardevoir|47\/100|[from] Grassy Terrain\n|-heal|p2a: Florges|57\/100|[from] Grassy Terrain\n|-heal|p2a: Florges|64\/100|[from] item: Leftovers\n|upkeep\n|turn|9\n|\n|t:|1697833163\n|move|p1a: Gardevoir|Psychic|p2a: Florges\n|-damage|p2a: Florges|30\/100\n|move|p2a: Florges|Wish|p2a: Florges\n|\n|-weather|SunnyDay|[upkeep]\n|-heal|p1a: Gardevoir|53\/100|[from] Grassy Terrain\n|-heal|p2a: Florges|36\/100|[from] Grassy Terrain\n|-heal|p2a: Florges|42\/100|[from] item: Leftovers\n|upkeep\n|turn|10\n|\n|t:|1697833172\n|move|p1a: Gardevoir|Psychic|p2a: Florges\n|-damage|p2a: Florges|9\/100\n|move|p2a: Florges|Solar Beam||[still]\n|-prepare|p2a: Florges|Solar Beam\n|-anim|p2a: Florges|Solar Beam|p1a: Gardevoir\n|-damage|p1a: Gardevoir|8\/100\n|\n|-weather|none\n|-heal|p2a: Florges|59\/100|[from] move: Wish|[wisher] Florges\n|-heal|p1a: Gardevoir|14\/100|[from] Grassy Terrain\n|-heal|p2a: Florges|65\/100|[from] Grassy Terrain\n|-heal|p2a: Florges|71\/100|[from] item: Leftovers\n|upkeep\n|turn|11\n|\n|t:|1697833187\n|switch|p1a: Ceruledge|Ceruledge, M|100\/100\n|move|p2a: Florges|Moonblast|p1a: Ceruledge\n|-resisted|p1a: Ceruledge\n|-damage|p1a: Ceruledge|78\/100\n|\n|-heal|p1a: Ceruledge|84\/100|[from] Grassy Terrain\n|-heal|p2a: Florges|77\/100|[from] Grassy Terrain\n|-heal|p2a: Florges|83\/100|[from] item: Leftovers\n|upkeep\n|turn|12\n|\n|t:|1697833199\n|move|p1a: Ceruledge|Fire Blast|p2a: Florges\n|-damage|p2a: Florges|63\/100\n|move|p2a: Florges|Wish|p2a: Florges\n|\n|-heal|p1a: Ceruledge|90\/100|[from] Grassy Terrain\n|-heal|p2a: Florges|69\/100|[from] Grassy Terrain\n|-heal|p2a: Florges|75\/100|[from] item: Leftovers\n|-fieldend|move: Grassy Terrain\n|upkeep\n|turn|13\n|\n|t:|1697833210\n|switch|p2a: Torkoal|Torkoal, F|64\/100\n|-weather|SunnyDay|[from] ability: Drought|[of] p2a: Torkoal\n|move|p1a: Ceruledge|Bitter Blade|p2a: Torkoal\n|-resisted|p2a: Torkoal\n|-damage|p2a: Torkoal|36\/100\n|-heal|p1a: Ceruledge|100\/100|[from] drain|[of] p2a: Torkoal\n|\n|-weather|SunnyDay|[upkeep]\n|-heal|p2a: Torkoal|88\/100|[from] move: Wish|[wisher] Florges\n|upkeep\n|turn|14\n|\n|t:|1697833222\n|move|p1a: Ceruledge|Shadow Claw|p2a: Torkoal\n|-damage|p2a: Torkoal|62\/100\n|move|p2a: Torkoal|Yawn|p1a: Ceruledge\n|-start|p1a: Ceruledge|move: Yawn|[of] p2a: Torkoal\n|\n|-weather|SunnyDay|[upkeep]\n|upkeep\n|turn|15\n|\n|t:|1697833233\n|switch|p1a: Milotic|Milotic, F|100\/100\n|move|p2a: Torkoal|Will-O-Wisp|p1a: Milotic\n|-status|p1a: Milotic|brn\n|\n|-weather|SunnyDay|[upkeep]\n|-damage|p1a: Milotic|94\/100 brn|[from] brn\n|upkeep\n|turn|16\n|\n|t:|1697833243\n|move|p1a: Milotic|Hydro Pump|p2a: Torkoal\n|-supereffective|p2a: Torkoal\n|-damage|p2a: Torkoal|2\/100\n|move|p2a: Torkoal|Fire Spin|p1a: Milotic|[miss]\n|-miss|p2a: Torkoal|p1a: Milotic\n|\n|-weather|SunnyDay|[upkeep]\n|-damage|p1a: Milotic|88\/100 brn|[from] brn\n|upkeep\n|turn|17\n|\n|t:|1697833253\n|switch|p2a: Lurantis|Lurantis, M|100\/100\n|move|p1a: Milotic|Ice Beam|p2a: Lurantis\n|-supereffective|p2a: Lurantis\n|-damage|p2a: Lurantis|46\/100\n|\n|-weather|none\n|-damage|p1a: Milotic|82\/100 brn|[from] brn\n|upkeep\n|turn|18\n|\n|t:|1697833263\n|move|p1a: Milotic|Ice Beam|p2a: Lurantis\n|-supereffective|p2a: Lurantis\n|-damage|p2a: Lurantis|0 fnt\n|faint|p2a: Lurantis\n|\n|-damage|p1a: Milotic|76\/100 brn|[from] brn\n|upkeep\n|\n|t:|1697833271\n|switch|p2a: Torkoal|Torkoal, F|2\/100\n|-weather|SunnyDay|[from] ability: Drought|[of] p2a: Torkoal\n|turn|19\n|\n|t:|1697833277\n|switch|p2a: Delphox|Delphox, M, shiny|100\/100\n|move|p1a: Milotic|Surf|p2a: Delphox\n|-supereffective|p2a: Delphox\n|-damage|p2a: Delphox|58\/100\n|\n|-weather|SunnyDay|[upkeep]\n|-damage|p1a: Milotic|70\/100 brn|[from] brn\n|upkeep\n|turn|20\n|\n|t:|1697833291\n|move|p2a: Delphox|Psychic Terrain|p2a: Delphox\n|-fieldstart|move: Psychic Terrain\n|move|p1a: Milotic|Surf|p2a: Delphox\n|-supereffective|p2a: Delphox\n|-damage|p2a: Delphox|8\/100\n|-enditem|p2a: Delphox|Salac Berry|[eat]\n|-boost|p2a: Delphox|spe|1|[from] item: Salac Berry\n|\n|-weather|SunnyDay|[upkeep]\n|-damage|p1a: Milotic|64\/100 brn|[from] brn\n|upkeep\n|turn|21\n|\n|t:|1697833306\n|move|p2a: Delphox|Psyshock|p1a: Milotic\n|-damage|p1a: Milotic|29\/100 brn\n|move|p1a: Milotic|Ice Beam|p2a: Delphox\n|-resisted|p2a: Delphox\n|-damage|p2a: Delphox|0 fnt\n|faint|p2a: Delphox\n|\n|-weather|SunnyDay|[upkeep]\n|-damage|p1a: Milotic|23\/100 brn|[from] brn\n|upkeep\n|\n|t:|1697833317\n|switch|p2a: Torkoal|Torkoal, F|2\/100\n|turn|22\n|\n|t:|1697833324\n|move|p1a: Milotic|Recover|p1a: Milotic\n|-heal|p1a: Milotic|73\/100 brn\n|move|p2a: Torkoal|Fire Spin|p1a: Milotic\n|-resisted|p1a: Milotic\n|-damage|p1a: Milotic|67\/100 brn\n|-activate|p1a: Milotic|move: Fire Spin|[of] p2a: Torkoal\n|\n|-weather|SunnyDay|[upkeep]\n|-damage|p1a: Milotic|61\/100 brn|[from] brn\n|-damage|p1a: Milotic|44\/100 brn|[from] move: Fire Spin|[partiallytrapped]\n|upkeep\n|turn|23\n|\n|t:|1697833335\n|move|p1a: Milotic|Ice Beam|p2a: Torkoal\n|-resisted|p2a: Torkoal\n|-damage|p2a: Torkoal|0 fnt\n|faint|p2a: Torkoal\n|\n|-weather|none\n|-damage|p1a: Milotic|38\/100 brn|[from] brn\n|-end|p1a: Milotic|Fire Spin|[partiallytrapped]|[silent]\n|upkeep\n|\n|t:|1697833348\n|switch|p2a: Leavanny|Leavanny, F|100\/100\n|turn|24\n|\n|t:|1697833355\n|-terastallize|p2a: Leavanny|Bug\n|move|p2a: Leavanny|Fell Stinger|p1a: Milotic\n|-damage|p1a: Milotic|8\/100 brn\n|move|p1a: Milotic|Ice Beam|p2a: Leavanny\n|-damage|p2a: Leavanny|60\/100\n|\n|-damage|p1a: Milotic|2\/100 brn|[from] brn\n|-fieldend|move: Psychic Terrain\n|upkeep\n|turn|25\n|\n|t:|1697833367\n|move|p2a: Leavanny|Fell Stinger|p1a: Milotic\n|-damage|p1a: Milotic|0 fnt\n|faint|p1a: Milotic\n|-boost|p2a: Leavanny|atk|3\n|\n|upkeep\n|\n|t:|1697833375\n|switch|p1a: Pikachu|Pikachu, F|100\/100\n|turn|26\n|\n|t:|1697833380\n|-terastallize|p1a: Pikachu|Electric\n|move|p2a: Leavanny|Sticky Web|p1a: Pikachu\n|-sidestart|p1: HyperSaiyan90|move: Sticky Web\n|move|p1a: Pikachu|Volt Tackle|p2a: Leavanny\n|-damage|p2a: Leavanny|0 fnt\n|faint|p2a: Leavanny\n|-damage|p1a: Pikachu|73\/100|[from] Recoil\n|\n|upkeep\n|\n|t:|1697833388\n|switch|p2a: Florges|Florges-White, F|75\/100\n|turn|27\n|\n|t:|1697833392\n|move|p1a: Pikachu|Volt Tackle|p2a: Florges\n|-crit|p2a: Florges\n|-damage|p2a: Florges|0 fnt\n|faint|p2a: Florges\n|-damage|p1a: Pikachu|31\/100|[from] Recoil\n|\n|win|HyperSaiyan90\n|raw|HyperSaiyan90's rating: 1000 &rarr; <strong>1040<\/strong><br \/>(+40 for winning)\n|raw|PlumRedGlow's rating: 1000 &rarr; <strong>1000<\/strong><br \/>(+0 for losing)\n|l|\u2606PlumRedGlow\n","uploadtime":1697833401,"views":14,"p1id":"hypersaiyan90","p2id":"plumredglow","formatid":"gen9anythinggoes","rating":1000,"private":0,"password":""}