{"id":"gen9anythinggoes-1979053867","p1":"LingLing007","p2":"professional asian","format":"[Gen 9] Anything Goes","log":"|j|\u2606LingLing007\n|j|\u2606professional asian\n|t:|1698626286\n|gametype|singles\n|player|p1|LingLing007|hilbert-masters2|1404\n|player|p2|professional asian|brock|1453\n|teamsize|p1|6\n|teamsize|p2|6\n|gen|9\n|tier|[Gen 9] Anything Goes\n|rated|\n|rule|HP Percentage Mod: HP is shown in percentages\n|rule|Endless Battle Clause: Forcing endless battles is banned\n|clearpoke\n|poke|p1|Roaring Moon|\n|poke|p1|Toxapex, F|\n|poke|p1|Zoroark-Hisui, M|\n|poke|p1|Polteageist-Antique|\n|poke|p1|Great Tusk|\n|poke|p1|Ninetales-Alola, F|\n|poke|p2|Calyrex-Shadow|\n|poke|p2|Gliscor, F|\n|poke|p2|Houndstone, F|\n|poke|p2|Hippowdon, F|\n|poke|p2|Shaymin-Sky|\n|poke|p2|Darkrai|\n|teampreview\n|inactive|Battle timer is ON: inactive players will automatically lose when time's up. (requested by professional asian)\n|\n|t:|1698626303\n|start\n|switch|p1a: Ninetales|Ninetales-Alola, F, shiny|100\/100\n|switch|p2a: Shaymin|Shaymin-Sky|100\/100\n|-weather|Snow|[from] ability: Snow Warning|[of] p1a: Ninetales\n|turn|1\n|\n|t:|1698626315\n|move|p2a: Shaymin|Air Slash|p1a: Ninetales\n|-damage|p1a: Ninetales|67\/100\n|cant|p1a: Ninetales|flinch\n|\n|-weather|Snow|[upkeep]\n|upkeep\n|turn|2\n|\n|t:|1698626321\n|move|p2a: Shaymin|Air Slash|p1a: Ninetales\n|-damage|p1a: Ninetales|28\/100\n|move|p1a: Ninetales|Aurora Veil|p1a: Ninetales\n|-sidestart|p1: LingLing007|move: Aurora Veil\n|\n|-weather|Snow|[upkeep]\n|upkeep\n|turn|3\n|\n|t:|1698626327\n|move|p1a: Ninetales|Ice Shard|p2a: Shaymin\n|-supereffective|p2a: Shaymin\n|-damage|p2a: Shaymin|51\/100\n|move|p2a: Shaymin|Air Slash|p1a: Ninetales\n|-damage|p1a: Ninetales|10\/100\n|\n|-weather|Snow|[upkeep]\n|upkeep\n|turn|4\n|\n|t:|1698626340\n|switch|p2a: Darkrai|Darkrai|100\/100\n|move|p1a: Ninetales|Ice Shard|p2a: Darkrai\n|-damage|p2a: Darkrai|88\/100\n|\n|-weather|Snow|[upkeep]\n|upkeep\n|turn|5\n|\n|t:|1698626365\n|move|p2a: Darkrai|Hypnosis|p1a: Ninetales\n|-status|p1a: Ninetales|slp|[from] move: Hypnosis\n|cant|p1a: Ninetales|slp\n|\n|-weather|none\n|-damage|p1a: Ninetales|0 fnt|[from] ability: Bad Dreams|[of] p2a: Darkrai\n|faint|p1a: Ninetales\n|upkeep\n|\n|t:|1698626384\n|switch|p1a: Roaring Moon|Roaring Moon|100\/100\n|-enditem|p1a: Roaring Moon|Booster Energy\n|-activate|p1a: Roaring Moon|ability: Protosynthesis|[fromitem]\n|-start|p1a: Roaring Moon|protosynthesisspe\n|turn|6\n|\n|t:|1698626394\n|switch|p2a: bat|Gliscor, F, shiny|100\/100\n|move|p1a: Roaring Moon|Dragon Dance|p1a: Roaring Moon\n|-boost|p1a: Roaring Moon|atk|1\n|-boost|p1a: Roaring Moon|spe|1\n|\n|-status|p2a: bat|tox|[from] item: Toxic Orb\n|upkeep\n|turn|7\n|\n|t:|1698626405\n|-terastallize|p1a: Roaring Moon|Flying\n|move|p1a: Roaring Moon|Acrobatics|p2a: bat\n|-damage|p2a: bat|15\/100 tox\n|move|p2a: bat|Facade|p1a: Roaring Moon\n|-damage|p1a: Roaring Moon|78\/100\n|\n|-heal|p2a: bat|27\/100 tox|[from] ability: Poison Heal\n|upkeep\n|turn|8\n|\n|t:|1698626415\n|move|p2a: bat|Protect|p2a: bat\n|-singleturn|p2a: bat|Protect\n|move|p1a: Roaring Moon|Acrobatics|p2a: bat\n|-activate|p2a: bat|move: Protect\n|\n|-heal|p2a: bat|39\/100 tox|[from] ability: Poison Heal\n|upkeep\n|turn|9\n|\n|t:|1698626428\n|move|p1a: Roaring Moon|Dragon Dance|p1a: Roaring Moon\n|-boost|p1a: Roaring Moon|atk|1\n|-boost|p1a: Roaring Moon|spe|1\n|move|p2a: bat|Fling|p1a: Roaring Moon\n|-damage|p1a: Roaring Moon|73\/100\n|-status|p1a: Roaring Moon|tox\n|-enditem|p2a: bat|Toxic Orb|[from] move: Fling\n|\n|-damage|p1a: Roaring Moon|67\/100 tox|[from] psn\n|-heal|p2a: bat|52\/100 tox|[from] ability: Poison Heal\n|-sideend|p1: LingLing007|move: Aurora Veil\n|upkeep\n|turn|10\n|\n|t:|1698626442\n|move|p2a: bat|Protect|p2a: bat\n|-singleturn|p2a: bat|Protect\n|move|p1a: Roaring Moon|Knock Off|p2a: bat\n|-activate|p2a: bat|move: Protect\n|\n|-damage|p1a: Roaring Moon|55\/100 tox|[from] psn\n|-heal|p2a: bat|64\/100 tox|[from] ability: Poison Heal\n|upkeep\n|turn|11\n|\n|t:|1698626451\n|move|p1a: Roaring Moon|Acrobatics|p2a: bat\n|-damage|p2a: bat|0 fnt\n|faint|p2a: bat\n|\n|-damage|p1a: Roaring Moon|37\/100 tox|[from] psn\n|upkeep\n|\n|t:|1698626466\n|switch|p2a: Shaymin|Shaymin-Sky|51\/100\n|turn|12\n|\n|t:|1698626471\n|move|p1a: Roaring Moon|Acrobatics|p2a: Shaymin\n|-supereffective|p2a: Shaymin\n|-damage|p2a: Shaymin|0 fnt\n|faint|p2a: Shaymin\n|\n|-damage|p1a: Roaring Moon|13\/100 tox|[from] psn\n|upkeep\n|\n|t:|1698626480\n|switch|p2a: hippo boi|Hippowdon, F|100\/100\n|-weather|Sandstorm|[from] ability: Sand Stream|[of] p2a: hippo boi\n|turn|13\n|\n|t:|1698626487\n|move|p1a: Roaring Moon|Knock Off|p2a: hippo boi\n|-crit|p2a: hippo boi\n|-damage|p2a: hippo boi|0 fnt\n|-enditem|p2a: hippo boi|Smooth Rock|[from] move: Knock Off|[of] p1a: Roaring Moon\n|faint|p2a: hippo boi\n|\n|-weather|Sandstorm|[upkeep]\n|-damage|p1a: Roaring Moon|7\/100 tox|[from] Sandstorm\n|-damage|p1a: Roaring Moon|0 fnt|[from] psn\n|faint|p1a: Roaring Moon\n|-end|p1a: Roaring Moon|Protosynthesis|[silent]\n|upkeep\n|\n|t:|1698626497\n|switch|p1a: Polteageist|Polteageist-Antique|100\/100\n|switch|p2a: Darkrai|Darkrai|88\/100\n|turn|14\n|\n|t:|1698626502\n|move|p2a: Darkrai|Hypnosis|p1a: Polteageist\n|-status|p1a: Polteageist|slp|[from] move: Hypnosis\n|cant|p1a: Polteageist|slp\n|\n|-weather|Sandstorm|[upkeep]\n|-damage|p2a: Darkrai|82\/100|[from] Sandstorm\n|-damage|p1a: Polteageist|94\/100 slp|[from] Sandstorm\n|-damage|p1a: Polteageist|82\/100 slp|[from] ability: Bad Dreams|[of] p2a: Darkrai\n|upkeep\n|turn|15\n|\n|t:|1698626510\n|move|p2a: Darkrai|Dark Pulse|p1a: Polteageist\n|-supereffective|p1a: Polteageist\n|-damage|p1a: Polteageist|0 fnt\n|faint|p1a: Polteageist\n|\n|-weather|Sandstorm|[upkeep]\n|-damage|p2a: Darkrai|76\/100|[from] Sandstorm\n|upkeep\n|\n|t:|1698626519\n|switch|p1a: Toxapex|Toxapex, F|100\/100\n|turn|16\n|inactive|professional asian has 120 seconds left.\n|\n|t:|1698626558\n|move|p2a: Darkrai|Hypnosis|p1a: Toxapex|[miss]\n|-miss|p2a: Darkrai|p1a: Toxapex\n|move|p1a: Toxapex|Toxic|p2a: Darkrai\n|-status|p2a: Darkrai|tox\n|\n|-weather|Sandstorm|[upkeep]\n|-damage|p2a: Darkrai|70\/100 tox|[from] Sandstorm\n|-damage|p1a: Toxapex|94\/100|[from] Sandstorm\n|-damage|p2a: Darkrai|64\/100 tox|[from] psn\n|upkeep\n|turn|17\n|inactive|professional asian has 120 seconds left.\n|c|\u2606professional asian|I should have used a diff move\n|c|\u2606professional asian|it was too risky\n|c|\u2606professional asian|frick\n|inactive|LingLing007 has 120 seconds left.\n|\n|t:|1698626589\n|move|p2a: Darkrai|Hypnosis|p1a: Toxapex|[miss]\n|-miss|p2a: Darkrai|p1a: Toxapex\n|move|p1a: Toxapex|Liquidation|p2a: Darkrai\n|-damage|p2a: Darkrai|38\/100 tox\n|\n|-weather|Sandstorm|[upkeep]\n|-damage|p2a: Darkrai|31\/100 tox|[from] Sandstorm\n|-damage|p1a: Toxapex|88\/100|[from] Sandstorm\n|-damage|p2a: Darkrai|19\/100 tox|[from] psn\n|upkeep\n|turn|18\n|\n|t:|1698626597\n|move|p2a: Darkrai|Hypnosis|p1a: Toxapex|[miss]\n|-miss|p2a: Darkrai|p1a: Toxapex\n|move|p1a: Toxapex|Liquidation|p2a: Darkrai\n|-damage|p2a: Darkrai|0 fnt\n|faint|p2a: Darkrai\n|\n|-weather|Sandstorm|[upkeep]\n|-damage|p1a: Toxapex|82\/100|[from] Sandstorm\n|upkeep\n|c|\u2606professional asian|ok wtf\n|\n|t:|1698626606\n|switch|p2a: the cavalry|Calyrex-Shadow|100\/100\n|-ability|p2a: the cavalry|As One\n|-ability|p2a: the cavalry|Unnerve\n|turn|19\n|\n|t:|1698626615\n|move|p2a: the cavalry|Astral Barrage|p1a: Toxapex\n|-damage|p1a: Toxapex|37\/100\n|move|p1a: Toxapex|Toxic|p2a: the cavalry\n|-status|p2a: the cavalry|tox\n|\n|-weather|Sandstorm|[upkeep]\n|-damage|p2a: the cavalry|94\/100 tox|[from] Sandstorm\n|-damage|p1a: Toxapex|31\/100|[from] Sandstorm\n|-damage|p2a: the cavalry|88\/100 tox|[from] psn\n|upkeep\n|turn|20\n|\n|t:|1698626624\n|switch|p1a: Great Tusk|Great Tusk|100\/100\n|move|p2a: the cavalry|Astral Barrage|p1a: Great Tusk\n|-damage|p1a: Great Tusk|0 fnt\n|faint|p1a: Great Tusk\n|-end|p1a: Great Tusk|Protosynthesis|[silent]\n|-ability|p2a: the cavalry|Grim Neigh|boost\n|-boost|p2a: the cavalry|spa|1\n|\n|-weather|none\n|-damage|p2a: the cavalry|76\/100 tox|[from] psn\n|upkeep\n|\n|t:|1698626627\n|switch|p1a: Toxapex|Toxapex, F|100\/100\n|turn|21\n|\n|t:|1698626636\n|move|p2a: the cavalry|Psychic|p1a: Toxapex\n|-enditem|p1a: Toxapex|Focus Sash\n|-damage|p1a: Toxapex|1\/100\n|replace|p1a: Zoroark|Zoroark-Hisui, M, shiny\n|-end|p1a: Zoroark|Illusion\n|move|p1a: Zoroark|Shadow Ball|p2a: the cavalry\n|-supereffective|p2a: the cavalry\n|-damage|p2a: the cavalry|0 fnt\n|faint|p2a: the cavalry\n|\n|upkeep\n|\n|t:|1698626649\n|switch|p2a: ded doggo|Houndstone, F|100\/100\n|turn|22\n|\n|t:|1698626655\n|move|p2a: ded doggo|Stomping Tantrum|p1a: Zoroark\n|-damage|p1a: Zoroark|0 fnt\n|faint|p1a: Zoroark\n|\n|upkeep\n|\n|t:|1698626658\n|switch|p1a: Toxapex|Toxapex, F|64\/100\n|turn|23\n|c|\u2606professional asian|ggs\n|\n|t:|1698626661\n|move|p2a: ded doggo|Stomping Tantrum|p1a: Toxapex\n|-supereffective|p1a: Toxapex\n|-damage|p1a: Toxapex|31\/100\n|-damage|p2a: ded doggo|84\/100|[from] item: Rocky Helmet|[of] p1a: Toxapex\n|move|p1a: Toxapex|Recover|p1a: Toxapex\n|-heal|p1a: Toxapex|81\/100\n|\n|upkeep\n|turn|24\n|c|\u2606professional asian|I lose\n|\n|t:|1698626671\n|move|p2a: ded doggo|Stomping Tantrum|p1a: Toxapex\n|-supereffective|p1a: Toxapex\n|-damage|p1a: Toxapex|46\/100\n|-damage|p2a: ded doggo|68\/100|[from] item: Rocky Helmet|[of] p1a: Toxapex\n|move|p1a: Toxapex|Toxic|p2a: ded doggo\n|-status|p2a: ded doggo|tox\n|\n|-damage|p2a: ded doggo|62\/100 tox|[from] psn\n|upkeep\n|turn|25\n|\n|t:|1698626678\n|move|p2a: ded doggo|Stomping Tantrum|p1a: Toxapex\n|-supereffective|p1a: Toxapex\n|-damage|p1a: Toxapex|13\/100\n|-damage|p2a: ded doggo|45\/100 tox|[from] item: Rocky Helmet|[of] p1a: Toxapex\n|move|p1a: Toxapex|Recover|p1a: Toxapex\n|-heal|p1a: Toxapex|63\/100\n|\n|-damage|p2a: ded doggo|33\/100 tox|[from] psn\n|upkeep\n|turn|26\n|-message|professional asian forfeited.\n|\n|win|LingLing007\n|raw|LingLing007's rating: 1404 &rarr; <strong>1427<\/strong><br \/>(+23 for winning)\n|raw|professional asian's rating: 1453 &rarr; <strong>1430<\/strong><br \/>(-23 for losing)\n|l|\u2606professional asian\n","uploadtime":1698626692,"views":10,"p1id":"lingling007","p2id":"professionalasian","formatid":"gen9anythinggoes","rating":1427,"private":0,"password":""}