{"id":"gen9anythinggoes-1978001015","p1":"AGisgood\u82cd\u54cd\u4fa0","p2":"PreUnPo\u67ab\u6797\u6b8b\u96ea","format":"[Gen 9] Anything Goes","log":"|j|\u2606AGisgood\u82cd\u54cd\u4fa0\n|j|\u2606PreUnPo\u67ab\u6797\u6b8b\u96ea\n|t:|1698481937\n|gametype|singles\n|player|p1|AGisgood\u82cd\u54cd\u4fa0|cynthia-gen4|1613\n|player|p2|PreUnPo\u67ab\u6797\u6b8b\u96ea|iono|1679\n|teamsize|p1|6\n|teamsize|p2|6\n|gen|9\n|tier|[Gen 9] Anything Goes\n|rated|\n|rule|HP Percentage Mod: HP is shown in percentages\n|rule|Endless Battle Clause: Forcing endless battles is banned\n|clearpoke\n|poke|p1|Arceus|\n|poke|p1|Calyrex-Shadow|\n|poke|p1|Koraidon|\n|poke|p1|Ting-Lu|\n|poke|p1|Dondozo, M|\n|poke|p1|Zacian-*|\n|poke|p2|Calyrex-Shadow|\n|poke|p2|Arceus-Fairy|\n|poke|p2|Arceus-Ground|\n|poke|p2|Arceus|\n|poke|p2|Arceus-Water|\n|poke|p2|Regieleki|\n|teampreview\n|inactive|Battle timer is ON: inactive players will automatically lose when time's up. (requested by AGisgood\u82cd\u54cd\u4fa0)\n|inactive|PreUnPo\u67ab\u6797\u6b8b\u96ea also wants the timer to be on.\n|c|\u2606AGisgood\u82cd\u54cd\u4fa0|\u6362\u6b63\u5e38\u961f\u4e86\u53d7\u4e0d\u4e86\u4e86\n|inactive|PreUnPo\u67ab\u6797\u6b8b\u96ea has 120 seconds left.\n|\n|t:|1698481986\n|start\n|switch|p1a: Arceus|Arceus|100\/100\n|switch|p2a: Arceus|Arceus-Ground|100\/100\n|turn|1\n|\n|t:|1698482001\n|move|p2a: Arceus|Taunt|p1a: Arceus\n|-start|p1a: Arceus|move: Taunt\n|cant|p1a: Arceus|move: Taunt|Swords Dance\n|\n|upkeep\n|turn|2\n|\n|t:|1698482006\n|switch|p1a: Dondozo|Dondozo, M|100\/100\n|move|p2a: Arceus|Will-O-Wisp|p1a: Dondozo\n|-status|p1a: Dondozo|brn\n|\n|-damage|p1a: Dondozo|94\/100 brn|[from] brn\n|upkeep\n|turn|3\n|\n|t:|1698482012\n|move|p2a: Arceus|Taunt|p1a: Dondozo\n|-start|p1a: Dondozo|move: Taunt\n|move|p1a: Dondozo|Liquidation|p2a: Arceus\n|-supereffective|p2a: Arceus\n|-damage|p2a: Arceus|82\/100\n|-unboost|p2a: Arceus|def|1\n|\n|-heal|p1a: Dondozo|100\/100 brn|[from] item: Leftovers\n|-damage|p1a: Dondozo|94\/100 brn|[from] brn\n|upkeep\n|turn|4\n|\n|t:|1698482014\n|move|p2a: Arceus|Stealth Rock|p1a: Dondozo\n|-sidestart|p1: AGisgood\u82cd\u54cd\u4fa0|move: Stealth Rock\n|move|p1a: Dondozo|Liquidation|p2a: Arceus\n|-supereffective|p2a: Arceus\n|-damage|p2a: Arceus|62\/100\n|\n|-heal|p1a: Dondozo|100\/100 brn|[from] item: Leftovers\n|-damage|p1a: Dondozo|94\/100 brn|[from] brn\n|upkeep\n|turn|5\n|\n|t:|1698482018\n|switch|p2a: Regieleki|Regieleki|100\/100\n|move|p1a: Dondozo|Liquidation|p2a: Regieleki\n|-damage|p2a: Regieleki|76\/100\n|\n|-heal|p1a: Dondozo|100\/100 brn|[from] item: Leftovers\n|-damage|p1a: Dondozo|94\/100 brn|[from] brn\n|-end|p1a: Dondozo|move: Taunt\n|upkeep\n|turn|6\n|\n|t:|1698482024\n|switch|p2a: Arceus|Arceus-Fairy|100\/100\n|switch|p1a: Ting-Lu|Ting-Lu|100\/100\n|-damage|p1a: Ting-Lu|94\/100|[from] Stealth Rock\n|-ability|p1a: Ting-Lu|Vessel of Ruin\n|\n|-heal|p1a: Ting-Lu|100\/100|[from] item: Leftovers\n|upkeep\n|turn|7\n|\n|t:|1698482029\n|switch|p1a: Zacian|Zacian-Crowned|100\/100\n|-damage|p1a: Zacian|94\/100|[from] Stealth Rock\n|-ability|p1a: Zacian|Intrepid Sword|boost\n|-boost|p1a: Zacian|atk|1\n|move|p2a: Arceus|Judgment|p1a: Zacian\n|-resisted|p1a: Zacian\n|-damage|p1a: Zacian|72\/100\n|\n|upkeep\n|turn|8\n|\n|t:|1698482036\n|switch|p2a: Arceus|Arceus-Water|100\/100\n|move|p1a: Zacian|Swords Dance|p1a: Zacian\n|-boost|p1a: Zacian|atk|2\n|\n|upkeep\n|turn|9\n|\n|t:|1698482038\n|move|p1a: Zacian|Play Rough|p2a: Arceus\n|-damage|p2a: Arceus|15\/100\n|move|p2a: Arceus|Thunder Wave|p1a: Zacian\n|-status|p1a: Zacian|par\n|\n|upkeep\n|turn|10\n|j| jasonpokemon123\n|\n|t:|1698482044\n|move|p2a: Arceus|Judgment|p1a: Zacian\n|-damage|p1a: Zacian|31\/100 par\n|move|p1a: Zacian|Behemoth Blade|p2a: Arceus\n|-resisted|p2a: Arceus\n|-damage|p2a: Arceus|0 fnt\n|faint|p2a: Arceus\n|\n|upkeep\n|\n|t:|1698482048\n|switch|p2a: Calyrex|Calyrex-Shadow|100\/100\n|-ability|p2a: Calyrex|As One\n|-ability|p2a: Calyrex|Unnerve\n|turn|11\n|\n|t:|1698482057\n|switch|p1a: Arceus|Arceus|100\/100\n|-damage|p1a: Arceus|88\/100|[from] Stealth Rock\n|move|p2a: Calyrex|Astral Barrage|p1a: Arceus\n|-immune|p1a: Arceus\n|\n|-heal|p1a: Arceus|94\/100|[from] item: Leftovers\n|upkeep\n|turn|12\n|\n|t:|1698482064\n|switch|p2a: Arceus|Arceus-Ground|62\/100\n|move|p1a: Arceus|Shadow Claw|p2a: Arceus\n|-damage|p2a: Arceus|44\/100\n|\n|-heal|p1a: Arceus|99\/100|[from] item: Leftovers\n|upkeep\n|turn|13\n|\n|t:|1698482083\n|switch|p1a: Calyrex|Calyrex-Shadow|100\/100\n|-ability|p1a: Calyrex|As One\n|-ability|p1a: Calyrex|Unnerve\n|move|p2a: Arceus|Will-O-Wisp|p1a: Calyrex\n|-status|p1a: Calyrex|brn\n|\n|-damage|p1a: Calyrex|94\/100 brn|[from] brn\n|upkeep\n|turn|14\n|\n|t:|1698482089\n|switch|p2a: Arceus|Arceus|100\/100\n|move|p1a: Calyrex|Taunt|p2a: Arceus\n|-start|p2a: Arceus|move: Taunt\n|\n|-damage|p1a: Calyrex|88\/100 brn|[from] brn\n|upkeep\n|turn|15\n|\n|t:|1698482093\n|switch|p1a: Ting-Lu|Ting-Lu|100\/100\n|-damage|p1a: Ting-Lu|94\/100|[from] Stealth Rock\n|-ability|p1a: Ting-Lu|Vessel of Ruin\n|move|p2a: Arceus|Shadow Claw|p1a: Ting-Lu\n|-resisted|p1a: Ting-Lu\n|-damage|p1a: Ting-Lu|87\/100\n|\n|-heal|p1a: Ting-Lu|94\/100|[from] item: Leftovers\n|upkeep\n|turn|16\n|\n|t:|1698482096\n|switch|p2a: Arceus|Arceus-Ground|44\/100\n|move|p1a: Ting-Lu|Fissure|p2a: Arceus\n|-damage|p2a: Arceus|0 fnt\n|faint|p2a: Arceus\n|-ohko\n|\n|-heal|p1a: Ting-Lu|99\/100|[from] item: Leftovers\n|upkeep\n|\n|t:|1698482100\n|switch|p2a: Arceus|Arceus-Fairy|100\/100\n|turn|17\n|\n|t:|1698482106\n|switch|p1a: Zacian|Zacian-Crowned|31\/100 par\n|-damage|p1a: Zacian|25\/100 par|[from] Stealth Rock\n|move|p2a: Arceus|Calm Mind|p2a: Arceus\n|-boost|p2a: Arceus|spa|1\n|-boost|p2a: Arceus|spd|1\n|\n|upkeep\n|turn|18\n|\n|t:|1698482108\n|move|p2a: Arceus|Judgment|p1a: Zacian\n|-resisted|p1a: Zacian\n|-damage|p1a: Zacian|0 fnt\n|faint|p1a: Zacian\n|\n|upkeep\n|\n|t:|1698482113\n|switch|p1a: Koraidon|Koraidon|100\/100\n|-damage|p1a: Koraidon|94\/100|[from] Stealth Rock\n|-weather|SunnyDay|[from] ability: Orichalcum Pulse|[of] p1a: Koraidon\n|-activate|p1a: Koraidon|Orichalcum Pulse|[source]\n|turn|19\n|inactive|PreUnPo\u67ab\u6797\u6b8b\u96ea has 120 seconds left.\n|\n|t:|1698482144\n|-terastallize|p1a: Koraidon|Fire\n|move|p1a: Koraidon|Flare Blitz|p2a: Arceus\n|-damage|p2a: Arceus|19\/100\n|-damage|p1a: Koraidon|59\/100|[from] Recoil\n|move|p2a: Arceus|Judgment|p1a: Koraidon\n|-resisted|p1a: Koraidon\n|-damage|p1a: Koraidon|22\/100\n|\n|-weather|SunnyDay|[upkeep]\n|upkeep\n|turn|20\n|\n|t:|1698482152\n|switch|p2a: Regieleki|Regieleki|76\/100\n|move|p1a: Koraidon|Flare Blitz|p2a: Regieleki\n|-damage|p2a: Regieleki|0 fnt\n|faint|p2a: Regieleki\n|-damage|p1a: Koraidon|0 fnt|[from] Recoil\n|faint|p1a: Koraidon\n|\n|-weather|SunnyDay|[upkeep]\n|upkeep\n|\n|t:|1698482163\n|switch|p2a: Calyrex|Calyrex-Shadow|100\/100\n|switch|p1a: Arceus|Arceus|99\/100\n|-ability|p2a: Calyrex|As One\n|-ability|p2a: Calyrex|Unnerve\n|-damage|p1a: Arceus|88\/100|[from] Stealth Rock\n|turn|21\n|\n|t:|1698482172\n|-terastallize|p2a: Calyrex|Fairy\n|move|p2a: Calyrex|Nasty Plot|p2a: Calyrex\n|-boost|p2a: Calyrex|spa|2\n|move|p1a: Arceus|Shadow Claw|p2a: Calyrex\n|-damage|p2a: Calyrex|69\/100\n|\n|-weather|SunnyDay|[upkeep]\n|-heal|p1a: Arceus|94\/100|[from] item: Leftovers\n|upkeep\n|turn|22\n|\n|t:|1698482176\n|move|p1a: Arceus|Extreme Speed|p2a: Calyrex\n|-damage|p2a: Calyrex|14\/100\n|move|p2a: Calyrex|Psyshock|p1a: Arceus\n|-damage|p1a: Arceus|32\/100\n|\n|-weather|SunnyDay|[upkeep]\n|-heal|p1a: Arceus|38\/100|[from] item: Leftovers\n|upkeep\n|turn|23\n|\n|t:|1698482182\n|switch|p2a: Arceus|Arceus|100\/100\n|move|p1a: Arceus|Extreme Speed|p2a: Arceus\n|-damage|p2a: Arceus|74\/100\n|\n|-weather|none\n|-heal|p1a: Arceus|44\/100|[from] item: Leftovers\n|upkeep\n|turn|24\n|\n|t:|1698482191\n|move|p2a: Arceus|Swords Dance|p2a: Arceus\n|-boost|p2a: Arceus|atk|2\n|move|p1a: Arceus|Recover|p1a: Arceus\n|-heal|p1a: Arceus|94\/100\n|\n|-heal|p1a: Arceus|99\/100|[from] item: Leftovers\n|upkeep\n|turn|25\n|\n|t:|1698482197\n|move|p2a: Arceus|Extreme Speed|p1a: Arceus\n|-damage|p1a: Arceus|30\/100\n|move|p1a: Arceus|Swords Dance|p1a: Arceus\n|-boost|p1a: Arceus|atk|2\n|\n|-heal|p1a: Arceus|36\/100|[from] item: Leftovers\n|upkeep\n|turn|26\n|\n|t:|1698482202\n|move|p2a: Arceus|Extreme Speed|p1a: Arceus\n|-damage|p1a: Arceus|0 fnt\n|faint|p1a: Arceus\n|\n|upkeep\n|\n|t:|1698482206\n|switch|p1a: Dondozo|Dondozo, M|94\/100 brn\n|-damage|p1a: Dondozo|82\/100 brn|[from] Stealth Rock\n|turn|27\n|inactive|PreUnPo\u67ab\u6797\u6b8b\u96ea has 120 seconds left.\n|\n|t:|1698482240\n|switch|p2a: Arceus|Arceus-Fairy|19\/100\n|move|p1a: Dondozo|Liquidation|p2a: Arceus\n|-damage|p2a: Arceus|9\/100\n|\n|-heal|p1a: Dondozo|88\/100 brn|[from] item: Leftovers\n|-damage|p1a: Dondozo|82\/100 brn|[from] brn\n|upkeep\n|turn|28\n|\n|t:|1698482244\n|move|p2a: Arceus|Recover|p2a: Arceus\n|-heal|p2a: Arceus|59\/100\n|move|p1a: Dondozo|Liquidation|p2a: Arceus\n|-damage|p2a: Arceus|49\/100\n|\n|-heal|p1a: Dondozo|88\/100 brn|[from] item: Leftovers\n|-damage|p1a: Dondozo|82\/100 brn|[from] brn\n|upkeep\n|turn|29\n|\n|t:|1698482247\n|switch|p1a: Ting-Lu|Ting-Lu|99\/100\n|-damage|p1a: Ting-Lu|94\/100|[from] Stealth Rock\n|-ability|p1a: Ting-Lu|Vessel of Ruin\n|move|p2a: Arceus|Recover|p2a: Arceus\n|-heal|p2a: Arceus|99\/100\n|\n|-heal|p1a: Ting-Lu|99\/100|[from] item: Leftovers\n|upkeep\n|turn|30\n|\n|t:|1698482250\n|move|p2a: Arceus|Judgment|p1a: Ting-Lu\n|-supereffective|p1a: Ting-Lu\n|-damage|p1a: Ting-Lu|58\/100\n|move|p1a: Ting-Lu|Fissure|p2a: Arceus|[miss]\n|-miss|p1a: Ting-Lu|p2a: Arceus\n|\n|-heal|p1a: Ting-Lu|64\/100|[from] item: Leftovers\n|upkeep\n|turn|31\n|\n|t:|1698482255\n|move|p2a: Arceus|Judgment|p1a: Ting-Lu\n|-supereffective|p1a: Ting-Lu\n|-damage|p1a: Ting-Lu|27\/100\n|move|p1a: Ting-Lu|Fissure|p2a: Arceus\n|-damage|p2a: Arceus|0 fnt\n|faint|p2a: Arceus\n|-ohko\n|\n|-heal|p1a: Ting-Lu|33\/100|[from] item: Leftovers\n|upkeep\n|\n|t:|1698482261\n|switch|p2a: Calyrex|Calyrex-Shadow, tera:Fairy|14\/100\n|-ability|p2a: Calyrex|As One\n|-ability|p2a: Calyrex|Unnerve\n|turn|32\n|c|\u2606AGisgood\u82cd\u54cd\u4fa0|\u52a0\u5165\u5730\u88c2\u795e\u6559\u5427\n|\n|t:|1698482265\n|move|p2a: Calyrex|Draining Kiss|p1a: Ting-Lu\n|-supereffective|p1a: Ting-Lu\n|-damage|p1a: Ting-Lu|2\/100\n|-heal|p2a: Calyrex|49\/100|[from] drain|[of] p1a: Ting-Lu\n|move|p1a: Ting-Lu|Earthquake|p2a: Calyrex\n|-damage|p2a: Calyrex|0 fnt\n|faint|p2a: Calyrex\n|\n|-heal|p1a: Ting-Lu|8\/100|[from] item: Leftovers\n|upkeep\n|\n|t:|1698482268\n|switch|p2a: Arceus|Arceus|74\/100\n|turn|33\n|\n|t:|1698482273\n|move|p2a: Arceus|Extreme Speed|p1a: Ting-Lu\n|-damage|p1a: Ting-Lu|0 fnt\n|faint|p1a: Ting-Lu\n|\n|upkeep\n|\n|t:|1698482275\n|switch|p1a: Dondozo|Dondozo, M|82\/100 brn\n|-damage|p1a: Dondozo|69\/100 brn|[from] Stealth Rock\n|turn|34\n|\n|t:|1698482282\n|move|p2a: Arceus|Extreme Speed|p1a: Dondozo\n|-damage|p1a: Dondozo|46\/100 brn\n|move|p1a: Dondozo|Curse|p1a: Dondozo\n|-unboost|p1a: Dondozo|spe|1\n|-boost|p1a: Dondozo|atk|1\n|-boost|p1a: Dondozo|def|1\n|\n|-heal|p1a: Dondozo|52\/100 brn|[from] item: Leftovers\n|-damage|p1a: Dondozo|46\/100 brn|[from] brn\n|upkeep\n|turn|35\n|c|\u2606PreUnPo\u67ab\u6797\u6b8b\u96ea|gg\n|-message|PreUnPo\u67ab\u6797\u6b8b\u96ea forfeited.\n|\n|win|AGisgood\u82cd\u54cd\u4fa0\n|raw|AGisgood\u82cd\u54cd\u4fa0's rating: 1613 &rarr; <strong>1637<\/strong><br \/>(+24 for winning)\n|raw|PreUnPo\u67ab\u6797\u6b8b\u96ea's rating: 1679 &rarr; <strong>1655<\/strong><br \/>(-24 for losing)\n|l|\u2606PreUnPo\u67ab\u6797\u6b8b\u96ea\n|l|\u2606AGisgood\u82cd\u54cd\u4fa0\n|l| jasonpokemon123\n","uploadtime":1698482326,"views":10,"p1id":"agisgood","p2id":"preunpo","formatid":"gen9anythinggoes","rating":1637,"private":0,"password":""}