{"id":"gen9anythinggoes-1972268385","p1":"ArbitraryChaos","p2":"SKY123MINE","format":"[Gen 9] Anything Goes","log":"|j|\u2606ArbitraryChaos\n|j|\u2606SKY123MINE\n|t:|1697826568\n|gametype|singles\n|player|p1|ArbitraryChaos|dahlia|\n|player|p2|SKY123MINE|gentleman-gen4dp|\n|teamsize|p1|6\n|teamsize|p2|6\n|gen|9\n|tier|[Gen 9] Anything Goes\n|rule|HP Percentage Mod: HP is shown in percentages\n|rule|Endless Battle Clause: Forcing endless battles is banned\n|clearpoke\n|poke|p1|Espathra, F|\n|poke|p1|Breloom, F|\n|poke|p1|Veluza, F|\n|poke|p1|Avalugg, F|\n|poke|p1|Glimmora, M|\n|poke|p1|Kingambit, F|\n|poke|p2|Palafin, F|\n|poke|p2|Vaporeon, M|\n|poke|p2|Pelipper, F|\n|poke|p2|Coalossal, M|\n|poke|p2|Kilowattrel, F|\n|poke|p2|Drednaw, M|\n|teampreview\n|\n|t:|1697826577\n|start\n|switch|p1a: Breloom|Breloom, F|100\/100\n|switch|p2a: Calla|Palafin, F|100\/100\n|turn|1\n|\n|t:|1697826586\n|detailschange|p2a: Calla|Palafin-Hero, F\n|switch|p2a: Eilor|Pelipper, F|100\/100\n|-weather|RainDance|[from] ability: Drizzle|[of] p2a: Eilor\n|switch|p1a: Glimmora|Glimmora, M|100\/100\n|\n|-weather|RainDance|[upkeep]\n|upkeep\n|turn|2\n|\n|t:|1697826597\n|move|p1a: Glimmora|Spikes|p2a: Eilor\n|-sidestart|p2: SKY123MINE|Spikes\n|move|p2a: Eilor|Surf|p1a: Glimmora\n|-supereffective|p1a: Glimmora\n|-enditem|p1a: Glimmora|Focus Sash\n|-damage|p1a: Glimmora|1\/100\n|\n|-weather|RainDance|[upkeep]\n|upkeep\n|turn|3\n|\n|t:|1697826606\n|move|p1a: Glimmora|Stealth Rock|p2a: Eilor\n|-sidestart|p2: SKY123MINE|move: Stealth Rock\n|move|p2a: Eilor|Surf|p1a: Glimmora\n|-supereffective|p1a: Glimmora\n|-damage|p1a: Glimmora|0 fnt\n|faint|p1a: Glimmora\n|\n|-weather|RainDance|[upkeep]\n|upkeep\n|\n|t:|1697826628\n|switch|p1a: Veluza|Veluza, F|100\/100\n|-ability|p1a: Veluza|Mold Breaker\n|turn|4\n|\n|t:|1697826640\n|move|p1a: Veluza|Zen Headbutt|p2a: Eilor\n|-damage|p2a: Eilor|71\/100\n|move|p2a: Eilor|U-turn|p1a: Veluza\n|-supereffective|p1a: Veluza\n|-damage|p1a: Veluza|78\/100\n|\n|t:|1697826651\n|switch|p2a: Raud|Coalossal, M|100\/100|[from] U-turn\n|-damage|p2a: Raud|88\/100|[from] Spikes\n|-damage|p2a: Raud|63\/100|[from] Stealth Rock\n|\n|-weather|RainDance|[upkeep]\n|-heal|p2a: Raud|70\/100|[from] item: Leftovers\n|upkeep\n|turn|5\n|c|\u2606ArbitraryChaos|Geeta is much better at fighting that I am lol\n|c|\u2606SKY123MINE|That's a mean setup though.\n|c|\u2606ArbitraryChaos|yeah\n|\n|t:|1697826682\n|-terastallize|p2a: Raud|Water\n|move|p1a: Veluza|Drill Run|p2a: Raud\n|-damage|p2a: Raud|55\/100\n|move|p2a: Raud|Stealth Rock|p1a: Veluza\n|-sidestart|p1: ArbitraryChaos|move: Stealth Rock\n|\n|-weather|RainDance|[upkeep]\n|-heal|p2a: Raud|61\/100|[from] item: Leftovers\n|upkeep\n|turn|6\n|c|\u2606ArbitraryChaos|Sash Glimmora forces at least two spikes\n|c|\u2606SKY123MINE|I was hoping you'd use a water move there.\n|\n|t:|1697826716\n|move|p1a: Veluza|Crunch|p2a: Raud\n|-damage|p2a: Raud|49\/100\n|move|p2a: Raud|Power Gem|p1a: Veluza\n|-damage|p1a: Veluza|57\/100\n|\n|-weather|RainDance|[upkeep]\n|-heal|p2a: Raud|55\/100|[from] item: Leftovers\n|upkeep\n|turn|7\n|c|\u2606ArbitraryChaos|I know better than to use Water on Coalossal lol\n|\n|t:|1697826724\n|switch|p1a: Breloom|Breloom, F|100\/100\n|-damage|p1a: Breloom|94\/100|[from] Stealth Rock\n|move|p2a: Raud|Power Gem|p1a: Breloom\n|-resisted|p1a: Breloom\n|-damage|p1a: Breloom|74\/100\n|\n|-weather|RainDance|[upkeep]\n|-heal|p1a: Breloom|80\/100|[from] item: Leftovers\n|-heal|p2a: Raud|61\/100|[from] item: Leftovers\n|upkeep\n|turn|8\n|c|\u2606SKY123MINE|Fair enough\n|c|\u2606ArbitraryChaos|made that mistake before\n|\n|t:|1697826745\n|switch|p2a: Eilor|Pelipper, F|71\/100\n|-damage|p2a: Eilor|47\/100|[from] Stealth Rock\n|move|p1a: Breloom|Spore|p2a: Eilor\n|-status|p2a: Eilor|slp|[from] move: Spore\n|\n|-weather|none\n|-heal|p1a: Breloom|86\/100|[from] item: Leftovers\n|upkeep\n|turn|9\n|c|\u2606SKY123MINE|Shoot too early.\n|c|\u2606ArbitraryChaos|whoops\n|c|\u2606ArbitraryChaos|:P\n|c|\u2606ArbitraryChaos|trust me\n|c|\u2606ArbitraryChaos|im very sad about that\n|c|\u2606SKY123MINE|Something tells me otherwise.\n|\n|t:|1697826808\n|switch|p2a: Alen|Kilowattrel, F|100\/100\n|-damage|p2a: Alen|76\/100|[from] Stealth Rock\n|move|p1a: Breloom|Leech Seed|p2a: Alen\n|-start|p2a: Alen|move: Leech Seed\n|\n|-heal|p1a: Breloom|92\/100|[from] item: Leftovers\n|-damage|p2a: Alen|63\/100|[from] Leech Seed|[of] p1a: Breloom\n|-heal|p1a: Breloom|100\/100|[silent]\n|upkeep\n|turn|10\n|c|\u2606ArbitraryChaos|oh did u know\n|c|\u2606ArbitraryChaos|*how\n|c|\u2606SKY123MINE|This team is far to gimmicky, isn't it.\n|\n|t:|1697826849\n|switch|p1a: Avalugg|Avalugg, F|100\/100\n|-damage|p1a: Avalugg|76\/100|[from] Stealth Rock\n|move|p2a: Alen|Hurricane|p1a: Avalugg\n|-damage|p1a: Avalugg|0 fnt\n|faint|p1a: Avalugg\n|\n|upkeep\n|c|\u2606ArbitraryChaos|maybe lol\n|\n|t:|1697826860\n|switch|p1a: Espathra|Espathra, F|100\/100\n|-damage|p1a: Espathra|88\/100|[from] Stealth Rock\n|turn|11\n|\n|t:|1697826866\n|move|p2a: Alen|Hurricane|p1a: Espathra\n|-damage|p1a: Espathra|9\/100\n|move|p1a: Espathra|Lumina Crash|p2a: Alen\n|-damage|p2a: Alen|0 fnt\n|faint|p2a: Alen\n|\n|upkeep\n|\n|t:|1697826886\n|switch|p2a: Calla|Palafin-Hero, F|100\/100\n|-damage|p2a: Calla|88\/100|[from] Spikes\n|-damage|p2a: Calla|76\/100|[from] Stealth Rock\n|-activate|p2a: Calla|ability: Zero to Hero\n|turn|12\n|c|\u2606ArbitraryChaos|even if the opponent beat Geeta, it should probably seem a little close lol\n|\n|t:|1697826904\n|move|p1a: Espathra|Quick Attack|p2a: Calla\n|-enditem|p1a: Espathra|Normal Gem|[from] gem\n|-damage|p2a: Calla|67\/100\n|move|p2a: Calla|Iron Head|p1a: Espathra\n|-damage|p1a: Espathra|0 fnt\n|faint|p1a: Espathra\n|\n|upkeep\n|\n|t:|1697826916\n|switch|p1a: Breloom|Breloom, F|100\/100\n|-damage|p1a: Breloom|94\/100|[from] Stealth Rock\n|turn|13\n|c|\u2606ArbitraryChaos|I also\n|\n|t:|1697826927\n|move|p2a: Calla|Zen Headbutt|p1a: Breloom\n|-supereffective|p1a: Breloom\n|-damage|p1a: Breloom|33\/100\n|-status|p2a: Calla|slp|[from] ability: Effect Spore|[of] p1a: Breloom\n|move|p1a: Breloom|Spore|p2a: Calla\n|-fail|p2a: Calla|slp\n|\n|-heal|p1a: Breloom|39\/100|[from] item: Leftovers\n|upkeep\n|turn|14\n|c|\u2606ArbitraryChaos|am not a competitve battle\n|c|\u2606ArbitraryChaos|*battler\n|c|\u2606ArbitraryChaos|so\n|c|\u2606ArbitraryChaos|you know\n|c|\u2606SKY123MINE|Nor am I\n|c|\u2606ArbitraryChaos|well\n|c|\u2606ArbitraryChaos|your knowledge outshines mine\n|c|\u2606SKY123MINE|Eh.\n|c|\u2606ArbitraryChaos|which makes VERY little sense from Geeta's perspective lol\n|\n|t:|1697826982\n|cant|p2a: Calla|slp\n|move|p1a: Breloom|Leech Seed|p2a: Calla\n|-start|p2a: Calla|move: Leech Seed\n|\n|-heal|p1a: Breloom|45\/100|[from] item: Leftovers\n|-damage|p2a: Calla|55\/100 slp|[from] Leech Seed|[of] p1a: Breloom\n|-heal|p1a: Breloom|60\/100|[silent]\n|upkeep\n|turn|15\n|\n|t:|1697826997\n|switch|p2a: Eilor|Pelipper, F|47\/100 slp\n|-damage|p2a: Eilor|22\/100 slp|[from] Stealth Rock\n|-weather|RainDance|[from] ability: Drizzle|[of] p2a: Eilor\n|move|p1a: Breloom|Seed Bomb|p2a: Eilor\n|-damage|p2a: Eilor|0 fnt\n|faint|p2a: Eilor\n|\n|-weather|RainDance|[upkeep]\n|-heal|p1a: Breloom|66\/100|[from] item: Leftovers\n|upkeep\n|c|\u2606ArbitraryChaos|yess\n|\n|t:|1697827008\n|switch|p2a: Slig|Drednaw, M|100\/100\n|-damage|p2a: Slig|88\/100|[from] Spikes\n|-damage|p2a: Slig|75\/100|[from] Stealth Rock\n|turn|16\n|c|\u2606ArbitraryChaos|beat the stupid boid\n|\n|t:|1697827015\n|move|p2a: Slig|Earthquake|p1a: Breloom\n|-resisted|p1a: Breloom\n|-crit|p1a: Breloom\n|-damage|p1a: Breloom|47\/100\n|move|p1a: Breloom|Seed Bomb|p2a: Slig\n|-supereffective|p2a: Slig\n|-damage|p2a: Slig|0 fnt\n|faint|p2a: Slig\n|\n|-weather|RainDance|[upkeep]\n|-heal|p1a: Breloom|53\/100|[from] item: Leftovers\n|upkeep\n|c|\u2606SKY123MINE|Shoot.\n|c|\u2606ArbitraryChaos|now it's a battle\n|c|\u2606ArbitraryChaos|maybe lol\n|\n|t:|1697827034\n|switch|p2a: Celos|Vaporeon, M|100\/100\n|-damage|p2a: Celos|88\/100|[from] Spikes\n|-damage|p2a: Celos|75\/100|[from] Stealth Rock\n|turn|17\n|\n|t:|1697827051\n|move|p1a: Breloom|Seed Bomb|p2a: Celos\n|-supereffective|p2a: Celos\n|-damage|p2a: Celos|28\/100\n|move|p2a: Celos|Ice Beam|p1a: Breloom\n|-supereffective|p1a: Breloom\n|-damage|p1a: Breloom|0 fnt\n|faint|p1a: Breloom\n|\n|-weather|RainDance|[upkeep]\n|-heal|p2a: Celos|34\/100|[from] item: Leftovers\n|upkeep\n|\n|t:|1697827060\n|switch|p1a: Veluza|Veluza, F|57\/100\n|-damage|p1a: Veluza|45\/100|[from] Stealth Rock\n|-ability|p1a: Veluza|Mold Breaker\n|turn|18\n|\n|t:|1697827070\n|move|p1a: Veluza|Aqua Jet|p2a: Celos\n|-resisted|p2a: Celos\n|-damage|p2a: Celos|24\/100\n|move|p2a: Celos|Hyper Voice|p1a: Veluza\n|-damage|p1a: Veluza|24\/100\n|\n|-weather|RainDance|[upkeep]\n|-heal|p2a: Celos|30\/100|[from] item: Leftovers\n|upkeep\n|turn|19\n|\n|t:|1697827081\n|move|p1a: Veluza|Zen Headbutt|p2a: Celos\n|-damage|p2a: Celos|2\/100\n|move|p2a: Celos|Calm Mind|p2a: Celos\n|-boost|p2a: Celos|spa|1\n|-boost|p2a: Celos|spd|1\n|\n|-weather|RainDance|[upkeep]\n|-heal|p2a: Celos|8\/100|[from] item: Leftovers\n|upkeep\n|turn|20\n|\n|t:|1697827089\n|move|p1a: Veluza|Aqua Jet|p2a: Celos\n|-resisted|p2a: Celos\n|-damage|p2a: Celos|0 fnt\n|faint|p2a: Celos\n|\n|-weather|RainDance|[upkeep]\n|upkeep\n|c|\u2606ArbitraryChaos|yess\n|\n|t:|1697827097\n|switch|p2a: Raud|Coalossal, M, tera:Water|61\/100\n|-damage|p2a: Raud|49\/100|[from] Spikes\n|-damage|p2a: Raud|36\/100|[from] Stealth Rock\n|turn|21\n|\n|t:|1697827111\n|move|p1a: Veluza|Zen Headbutt|p2a: Raud|[miss]\n|-miss|p1a: Veluza|p2a: Raud\n|move|p2a: Raud|Power Gem|p1a: Veluza\n|-damage|p1a: Veluza|0 fnt\n|faint|p1a: Veluza\n|\n|-weather|RainDance|[upkeep]\n|-heal|p2a: Raud|43\/100|[from] item: Leftovers\n|upkeep\n|c|\u2606ArbitraryChaos|noooo\n|\n|t:|1697827119\n|switch|p1a: Kingambit|Kingambit, F|100\/100\n|-damage|p1a: Kingambit|94\/100|[from] Stealth Rock\n|-activate|p1a: Kingambit|ability: Supreme Overlord\n|-start|p1a: Kingambit|fallen5|[silent]\n|turn|22\n|c|\u2606SKY123MINE|Oh this is gonna be close\n|\n|t:|1697827130\n|-terastallize|p1a: Kingambit|Dark\n|move|p1a: Kingambit|Kowtow Cleave|p2a: Raud\n|-damage|p2a: Raud|0 fnt\n|faint|p2a: Raud\n|\n|-weather|none\n|upkeep\n|c|\u2606ArbitraryChaos|LETS GO\n|c|\u2606ArbitraryChaos|all or nothing!\n|\n|t:|1697827136\n|switch|p2a: Calla|Palafin-Hero, F|55\/100 slp\n|-damage|p2a: Calla|42\/100 slp|[from] Spikes\n|-damage|p2a: Calla|30\/100 slp|[from] Stealth Rock\n|turn|23\n|\n|t:|1697827142\n|cant|p2a: Calla|slp\n|move|p1a: Kingambit|Kowtow Cleave|p2a: Calla\n|-damage|p2a: Calla|0 fnt\n|faint|p2a: Calla\n|\n|win|ArbitraryChaos\n|c|\u2606ArbitraryChaos|WOO\n|c|\u2606ArbitraryChaos|gg!\n|c|\u2606SKY123MINE|gg\n|c|\u2606SKY123MINE|That was close.\n|c|\u2606ArbitraryChaos|forgot Paladin was still asleep lol\\\n|c|\u2606ArbitraryChaos|gg\n","uploadtime":1697827164,"views":61,"p1id":"arbitrarychaos","p2id":"sky123mine","formatid":"gen9anythinggoes","rating":0,"private":0,"password":""}