{"id":"gen9anythinggoes-1993848792","p1":"mkind","p2":"ghosthead88","format":"[Gen 9] Anything Goes","log":"|j|\u2606mkind\n|j|\u2606ghosthead88\n|t:|1700364932\n|gametype|singles\n|player|p1|mkind|lucas|1207\n|player|p2|ghosthead88|pokefan|1273\n|teamsize|p1|6\n|teamsize|p2|6\n|gen|9\n|tier|[Gen 9] Anything Goes\n|rated|\n|rule|HP Percentage Mod: HP is shown in percentages\n|rule|Endless Battle Clause: Forcing endless battles is banned\n|clearpoke\n|poke|p1|Arceus|\n|poke|p1|Arceus-Fairy|\n|poke|p1|Calyrex-Shadow|\n|poke|p1|Koraidon|\n|poke|p1|Zacian-*|\n|poke|p1|Ting-Lu|\n|poke|p2|Kleavor, F|\n|poke|p2|Scizor, M|\n|poke|p2|Heracross, F|\n|poke|p2|Lokix, M|\n|poke|p2|Ribombee, F|\n|poke|p2|Vikavolt, F|\n|teampreview\n|inactive|Battle timer is ON: inactive players will automatically lose when time's up. (requested by mkind)\n|\n|t:|1700364942\n|start\n|switch|p1a: Koraidon|Koraidon|100\/100\n|switch|p2a: green titan|Kleavor, F, shiny|100\/100\n|-weather|SunnyDay|[from] ability: Orichalcum Pulse|[of] p1a: Koraidon\n|-activate|p1a: Koraidon|Orichalcum Pulse|[source]\n|turn|1\n|\n|t:|1700364954\n|-terastallize|p1a: Koraidon|Fire\n|move|p1a: Koraidon|Swords Dance|p1a: Koraidon\n|-boost|p1a: Koraidon|atk|2\n|move|p2a: green titan|Stone Axe|p1a: Koraidon\n|-supereffective|p1a: Koraidon\n|-damage|p1a: Koraidon|7\/100\n|-sidestart|p1: mkind|move: Stealth Rock\n|\n|-weather|SunnyDay|[upkeep]\n|-heal|p1a: Koraidon|13\/100|[from] item: Leftovers\n|upkeep\n|turn|2\n|\n|t:|1700364966\n|move|p1a: Koraidon|Flame Charge|p2a: green titan\n|-enditem|p2a: green titan|Focus Sash\n|-damage|p2a: green titan|1\/100\n|-boost|p1a: Koraidon|spe|1\n|move|p2a: green titan|Stone Axe|p1a: Koraidon\n|-supereffective|p1a: Koraidon\n|-damage|p1a: Koraidon|0 fnt\n|faint|p1a: Koraidon\n|\n|-weather|SunnyDay|[upkeep]\n|upkeep\n|\n|t:|1700364978\n|switch|p1a: Zacian|Zacian-Crowned|100\/100\n|-damage|p1a: Zacian|94\/100|[from] Stealth Rock\n|-ability|p1a: Zacian|Intrepid Sword|boost\n|-boost|p1a: Zacian|atk|1\n|turn|3\n|\n|t:|1700364983\n|move|p1a: Zacian|Behemoth Blade|p2a: green titan\n|-supereffective|p2a: green titan\n|-damage|p2a: green titan|0 fnt\n|faint|p2a: green titan\n|\n|-weather|SunnyDay|[upkeep]\n|upkeep\n|\n|t:|1700364988\n|switch|p2a: black void|Lokix, M|100\/100\n|turn|4\n|\n|t:|1700364999\n|move|p2a: black void|First Impression|p1a: Zacian\n|-resisted|p1a: Zacian\n|-damage|p1a: Zacian|72\/100\n|-damage|p2a: black void|91\/100|[from] item: Life Orb\n|move|p1a: Zacian|Play Rough|p2a: black void\n|-supereffective|p2a: black void\n|-damage|p2a: black void|0 fnt\n|faint|p2a: black void\n|\n|-weather|SunnyDay|[upkeep]\n|upkeep\n|\n|t:|1700365009\n|switch|p2a: blue bomber|Vikavolt, F|100\/100\n|turn|5\n|\n|t:|1700365020\n|move|p1a: Zacian|Play Rough|p2a: blue bomber|[miss]\n|-miss|p1a: Zacian|p2a: blue bomber\n|move|p2a: blue bomber|Thunder|p1a: Zacian\n|-damage|p1a: Zacian|0 fnt\n|faint|p1a: Zacian\n|\n|-weather|none\n|upkeep\n|\n|t:|1700365037\n|switch|p1a: Calyrex|Calyrex-Shadow|100\/100\n|-ability|p1a: Calyrex|As One\n|-ability|p1a: Calyrex|Unnerve\n|-damage|p1a: Calyrex|88\/100|[from] Stealth Rock\n|turn|6\n|\n|t:|1700365040\n|move|p1a: Calyrex|Astral Barrage|p2a: blue bomber\n|-damage|p2a: blue bomber|7\/100\n|move|p2a: blue bomber|Thunder|p1a: Calyrex\n|-damage|p1a: Calyrex|0 fnt\n|faint|p1a: Calyrex\n|\n|upkeep\n|\n|t:|1700365058\n|switch|p1a: Ting-Lu|Ting-Lu|100\/100\n|-damage|p1a: Ting-Lu|94\/100|[from] Stealth Rock\n|-ability|p1a: Ting-Lu|Vessel of Ruin\n|turn|7\n|\n|t:|1700365066\n|move|p1a: Ting-Lu|Earthquake|p2a: blue bomber\n|-immune|p2a: blue bomber|[from] ability: Levitate\n|move|p2a: blue bomber|Thunder|p1a: Ting-Lu\n|-immune|p1a: Ting-Lu\n|\n|-heal|p1a: Ting-Lu|100\/100|[from] item: Leftovers\n|upkeep\n|turn|8\n|\n|t:|1700365074\n|switch|p2a: pink rose|Heracross, F, shiny|100\/100\n|move|p1a: Ting-Lu|Spikes|p2a: pink rose\n|-sidestart|p2: ghosthead88|Spikes\n|\n|upkeep\n|turn|9\n|\n|t:|1700365082\n|move|p2a: pink rose|Megahorn|p1a: Ting-Lu\n|-supereffective|p1a: Ting-Lu\n|-damage|p1a: Ting-Lu|36\/100\n|move|p1a: Ting-Lu|Spikes|p2a: pink rose\n|-sidestart|p2: ghosthead88|Spikes\n|\n|-heal|p1a: Ting-Lu|42\/100|[from] item: Leftovers\n|upkeep\n|turn|10\n|\n|t:|1700365088\n|move|p2a: pink rose|Megahorn|p1a: Ting-Lu\n|-supereffective|p1a: Ting-Lu\n|-damage|p1a: Ting-Lu|0 fnt\n|faint|p1a: Ting-Lu\n|-ability|p2a: pink rose|Moxie|boost\n|-boost|p2a: pink rose|atk|1\n|\n|upkeep\n|\n|t:|1700365095\n|switch|p1a: Arceus|Arceus-Fairy|100\/100\n|-damage|p1a: Arceus|88\/100|[from] Stealth Rock\n|turn|11\n|\n|t:|1700365098\n|move|p2a: pink rose|Megahorn|p1a: Arceus\n|-resisted|p1a: Arceus\n|-damage|p1a: Arceus|55\/100\n|move|p1a: Arceus|Judgment|p2a: pink rose\n|-supereffective|p2a: pink rose\n|-damage|p2a: pink rose|0 fnt\n|faint|p2a: pink rose\n|\n|upkeep\n|\n|t:|1700365108\n|switch|p2a: blue bomber|Vikavolt, F|7\/100\n|turn|12\n|\n|t:|1700365114\n|move|p1a: Arceus|Judgment|p2a: blue bomber\n|-damage|p2a: blue bomber|0 fnt\n|faint|p2a: blue bomber\n|\n|upkeep\n|\n|t:|1700365118\n|switch|p2a: red rocket|Scizor, M|100\/100\n|-damage|p2a: red rocket|84\/100|[from] Spikes\n|turn|13\n|\n|t:|1700365132\n|move|p2a: red rocket|Bullet Punch|p1a: Arceus\n|-supereffective|p1a: Arceus\n|-damage|p1a: Arceus|7\/100\n|move|p1a: Arceus|Recover|p1a: Arceus\n|-heal|p1a: Arceus|57\/100\n|\n|upkeep\n|turn|14\n|\n|t:|1700365144\n|move|p2a: red rocket|Bullet Punch|p1a: Arceus\n|-supereffective|p1a: Arceus\n|-damage|p1a: Arceus|0 fnt\n|faint|p1a: Arceus\n|\n|upkeep\n|\n|t:|1700365148\n|switch|p1a: Arceus|Arceus|100\/100\n|-damage|p1a: Arceus|88\/100|[from] Stealth Rock\n|turn|15\n|\n|t:|1700365155\n|move|p1a: Arceus|Swords Dance|p1a: Arceus\n|-boost|p1a: Arceus|atk|2\n|move|p2a: red rocket|Swords Dance|p2a: red rocket\n|-boost|p2a: red rocket|atk|2\n|\n|upkeep\n|turn|16\n|\n|t:|1700365165\n|move|p1a: Arceus|Extreme Speed|p2a: red rocket\n|-resisted|p2a: red rocket\n|-damage|p2a: red rocket|33\/100\n|move|p2a: red rocket|Bullet Punch|p1a: Arceus\n|-damage|p1a: Arceus|38\/100\n|\n|upkeep\n|turn|17\n|\n|t:|1700365171\n|move|p1a: Arceus|Extreme Speed|p2a: red rocket\n|-resisted|p2a: red rocket\n|-damage|p2a: red rocket|0 fnt\n|faint|p2a: red rocket\n|\n|upkeep\n|\n|t:|1700365174\n|switch|p2a: yellow flash|Ribombee, F|100\/100\n|turn|18\n|\n|t:|1700365179\n|-terastallize|p2a: yellow flash|Bug\n|move|p1a: Arceus|Extreme Speed|p2a: yellow flash\n|-crit|p2a: yellow flash\n|-damage|p2a: yellow flash|0 fnt\n|faint|p2a: yellow flash\n|\n|win|mkind\n|raw|mkind's rating: 1207 &rarr; <strong>1237<\/strong><br \/>(+30 for winning)\n|raw|ghosthead88's rating: 1273 &rarr; <strong>1243<\/strong><br \/>(-30 for losing)\n|l|\u2606ghosthead88\n","uploadtime":1700365195,"views":2,"p1id":"mkind","p2id":"ghosthead88","formatid":"gen9anythinggoes","rating":1237,"private":0,"password":""}