{"id":"gen9anythinggoes-1981405637","p1":"Sucks to lose","p2":"LordeQuazzy","format":"[Gen 9] Anything Goes","log":"|j|\u2606Sucks to lose\n|j|\u2606LordeQuazzy\n|t:|1698892204\n|gametype|singles\n|player|p1|Sucks to lose|1|1467\n|player|p2|LordeQuazzy|blackbelt-gen4dp|1458\n|teamsize|p1|6\n|teamsize|p2|6\n|gen|9\n|tier|[Gen 9] Anything Goes\n|rated|\n|rule|HP Percentage Mod: HP is shown in percentages\n|rule|Endless Battle Clause: Forcing endless battles is banned\n|clearpoke\n|poke|p1|Calyrex-Shadow|\n|poke|p1|Koraidon|\n|poke|p1|Meowscarada, F|\n|poke|p1|Zacian-*|\n|poke|p1|Skeledirge, M|\n|poke|p1|Kyogre|\n|poke|p2|Groudon|\n|poke|p2|Calyrex-Shadow|\n|poke|p2|Koraidon|\n|poke|p2|Maushold-Four|\n|poke|p2|Great Tusk|\n|poke|p2|Flutter Mane|\n|teampreview\n|inactive|Battle timer is ON: inactive players will automatically lose when time's up. (requested by LordeQuazzy)\n|c|\u2606LordeQuazzy|gl hf!\n|\n|t:|1698892222\n|start\n|switch|p1a: Koraidon|Koraidon|100\/100\n|switch|p2a: Kyogre|Groudon|100\/100\n|-weather|SunnyDay|[from] ability: Orichalcum Pulse|[of] p1a: Koraidon\n|-activate|p1a: Koraidon|Orichalcum Pulse|[source]\n|turn|1\n|\n|t:|1698892235\n|move|p1a: Koraidon|U-turn|p2a: Kyogre\n|-damage|p2a: Kyogre|76\/100\n|\n|t:|1698892237\n|switch|p1a: Calyrex|Calyrex-Shadow|100\/100|[from] U-turn\n|-ability|p1a: Calyrex|As One\n|-ability|p1a: Calyrex|Unnerve\n|move|p2a: Kyogre|Roar|p1a: Calyrex\n|drag|p1a: Koraidon|Koraidon|100\/100\n|-activate|p1a: Koraidon|ability: Orichalcum Pulse\n|\n|-weather|SunnyDay|[upkeep]\n|upkeep\n|turn|2\n|c|\u2606LordeQuazzy|aw, how sweet of you to set the sun for me\n|c|\u2606LordeQuazzy|lol\n|\n|t:|1698892251\n|move|p1a: Koraidon|U-turn|p2a: Kyogre\n|-crit|p2a: Kyogre\n|-damage|p2a: Kyogre|38\/100\n|\n|t:|1698892254\n|switch|p1a: Calyrex|Calyrex-Shadow|100\/100|[from] U-turn\n|-ability|p1a: Calyrex|As One\n|-ability|p1a: Calyrex|Unnerve\n|move|p2a: Kyogre|Earthquake|p1a: Calyrex\n|-damage|p1a: Calyrex|27\/100\n|\n|-weather|SunnyDay|[upkeep]\n|upkeep\n|turn|3\n|\n|t:|1698892265\n|switch|p2a: MausMausMausMaus|Maushold-Four|100\/100\n|move|p1a: Calyrex|Grass Knot|p2a: MausMausMausMaus\n|-damage|p2a: MausMausMausMaus|82\/100\n|\n|-weather|SunnyDay|[upkeep]\n|upkeep\n|turn|4\n|\n|t:|1698892272\n|switch|p1a: Skeledirge|Skeledirge, M|100\/100\n|move|p2a: MausMausMausMaus|Beat Up|p1a: Skeledirge\n|-supereffective|p1a: Skeledirge\n|-damage|p1a: Skeledirge|93\/100\n|-supereffective|p1a: Skeledirge\n|-damage|p1a: Skeledirge|85\/100\n|-supereffective|p1a: Skeledirge\n|-damage|p1a: Skeledirge|74\/100\n|-supereffective|p1a: Skeledirge\n|-damage|p1a: Skeledirge|62\/100\n|-supereffective|p1a: Skeledirge\n|-damage|p1a: Skeledirge|50\/100\n|-supereffective|p1a: Skeledirge\n|-damage|p1a: Skeledirge|44\/100\n|-hitcount|p1a: Skeledirge|6\n|\n|-weather|SunnyDay|[upkeep]\n|upkeep\n|turn|5\n|c|\u2606LordeQuazzy|why that swap?\n|\n|t:|1698892291\n|-terastallize|p1a: Skeledirge|Fairy\n|move|p2a: MausMausMausMaus|Beat Up|p1a: Skeledirge\n|-resisted|p1a: Skeledirge\n|-damage|p1a: Skeledirge|42\/100\n|-resisted|p1a: Skeledirge\n|-damage|p1a: Skeledirge|40\/100\n|-resisted|p1a: Skeledirge\n|-damage|p1a: Skeledirge|38\/100\n|-resisted|p1a: Skeledirge\n|-damage|p1a: Skeledirge|35\/100\n|-resisted|p1a: Skeledirge\n|-damage|p1a: Skeledirge|32\/100\n|-resisted|p1a: Skeledirge\n|-damage|p1a: Skeledirge|30\/100\n|-hitcount|p1a: Skeledirge|6\n|move|p1a: Skeledirge|Slack Off|p1a: Skeledirge\n|-heal|p1a: Skeledirge|81\/100\n|\n|-weather|none\n|upkeep\n|turn|6\n|c|\u2606LordeQuazzy|ah, fire\n|c|\u2606LordeQuazzy|will'o\n|c|\u2606LordeQuazzy|ye?\n|c|\u2606LordeQuazzy|...nope\n|c|\u2606LordeQuazzy|odd\n|c|\u2606LordeQuazzy|alr\n|\n|t:|1698892308\n|move|p2a: MausMausMausMaus|Encore|p1a: Skeledirge\n|-start|p1a: Skeledirge|Encore\n|move|p1a: Skeledirge|Slack Off|p1a: Skeledirge\n|-heal|p1a: Skeledirge|100\/100\n|\n|upkeep\n|turn|7\n|\n|t:|1698892317\n|switch|p1a: Koraidon|Koraidon|100\/100\n|-weather|SunnyDay|[from] ability: Orichalcum Pulse|[of] p1a: Koraidon\n|-activate|p1a: Koraidon|Orichalcum Pulse|[source]\n|move|p2a: MausMausMausMaus|Tidy Up|p2a: MausMausMausMaus\n|-boost|p2a: MausMausMausMaus|atk|1\n|-boost|p2a: MausMausMausMaus|spe|1\n|\n|-weather|SunnyDay|[upkeep]\n|upkeep\n|turn|8\n|c|\u2606LordeQuazzy|hehe\n|c|\u2606LordeQuazzy|speedyboi\n|\n|t:|1698892332\n|move|p1a: Koraidon|Flare Blitz|p2a: MausMausMausMaus\n|-damage|p2a: MausMausMausMaus|0 fnt\n|faint|p2a: MausMausMausMaus\n|-damage|p1a: Koraidon|78\/100|[from] Recoil\n|\n|-weather|SunnyDay|[upkeep]\n|upkeep\n|c|\u2606LordeQuazzy|WAT\n|c|\u2606LordeQuazzy|WHY WOULD YOU HAVE A SCARF ON A\n|c|\u2606LordeQuazzy|AAAA\n|c|\u2606LordeQuazzy|IG that's fair\n|c|\u2606LordeQuazzy|but still\n|c|\u2606LordeQuazzy|AAAA\n|inactive|LordeQuazzy has 120 seconds left.\n|\n|t:|1698892353\n|switch|p2a: Miraidon|Koraidon|100\/100\n|-activate|p2a: Miraidon|ability: Orichalcum Pulse\n|turn|9\n|c|\u2606Sucks to lose|You're one talkative bitch\n|\n|t:|1698892364\n|switch|p1a: Skeledirge|Skeledirge, M, tera:Fairy|100\/100\n|move|p2a: Miraidon|Swords Dance|p2a: Miraidon\n|-boost|p2a: Miraidon|atk|2\n|\n|-weather|SunnyDay|[upkeep]\n|upkeep\n|turn|10\n|c|\u2606LordeQuazzy|you're one insecure piece of shit\n|inactive|LordeQuazzy has 120 seconds left.\n|c|\u2606LordeQuazzy|what, are you so scared of people that words hurt you?\n|\n|t:|1698892391\n|move|p2a: Miraidon|Flare Blitz|p1a: Skeledirge\n|-damage|p1a: Skeledirge|35\/100\n|-damage|p2a: Miraidon|75\/100|[from] Recoil\n|move|p1a: Skeledirge|Will-O-Wisp|p2a: Miraidon|[miss]\n|-miss|p1a: Skeledirge|p2a: Miraidon\n|\n|-weather|SunnyDay|[upkeep]\n|upkeep\n|turn|11\n|l|\u2606Sucks to lose\n|inactive|Sucks to lose disconnected and has a minute to reconnect!\n|player|p1|\n|c|\u2606LordeQuazzy|lmao\n|c|\u2606LordeQuazzy|it seems that they do\n|j|\u2606Sucks to lose\n|inactive|Sucks to lose reconnected and has 130 seconds left.\n|player|p1|Sucks to lose|1\n|inactive|Sucks to lose has 120 seconds left.\n|\n|t:|1698892439\n|switch|p1a: Kyogre|Kyogre|100\/100\n|-weather|RainDance|[from] ability: Drizzle|[of] p1a: Kyogre\n|move|p2a: Miraidon|Flare Blitz|p1a: Kyogre\n|-resisted|p1a: Kyogre\n|-damage|p1a: Kyogre|78\/100\n|-damage|p2a: Miraidon|67\/100|[from] Recoil\n|\n|-weather|RainDance|[upkeep]\n|upkeep\n|turn|12\n|\n|t:|1698892452\n|switch|p2a: Kyogre|Groudon|38\/100\n|-weather|SunnyDay|[from] ability: Drought|[of] p2a: Kyogre\n|move|p1a: Kyogre|Thunder|p2a: Kyogre\n|-immune|p2a: Kyogre\n|\n|-weather|SunnyDay|[upkeep]\n|upkeep\n|turn|13\n|c|\u2606LordeQuazzy|why the hell would you thunder\n|\n|t:|1698892468\n|switch|p1a: Meowscarada|Meowscarada, F|100\/100\n|move|p2a: Kyogre|Stealth Rock|p1a: Meowscarada\n|-sidestart|p1: Sucks to lose|move: Stealth Rock\n|\n|-weather|SunnyDay|[upkeep]\n|upkeep\n|turn|14\n|\n|t:|1698892487\n|switch|p2a: Miraidon|Koraidon|67\/100\n|-activate|p2a: Miraidon|ability: Orichalcum Pulse\n|move|p1a: Meowscarada|Flower Trick|p2a: Miraidon\n|-start|p1a: Meowscarada|typechange|Grass|[from] ability: Protean\n|-resisted|p2a: Miraidon\n|-crit|p2a: Miraidon\n|-damage|p2a: Miraidon|44\/100\n|\n|-weather|SunnyDay|[upkeep]\n|upkeep\n|turn|15\n|\n|t:|1698892502\n|switch|p1a: Kyogre|Kyogre|78\/100\n|-damage|p1a: Kyogre|65\/100|[from] Stealth Rock\n|-weather|RainDance|[from] ability: Drizzle|[of] p1a: Kyogre\n|move|p2a: Miraidon|Flare Blitz|p1a: Kyogre\n|-resisted|p1a: Kyogre\n|-damage|p1a: Kyogre|54\/100\n|-damage|p2a: Miraidon|41\/100|[from] Recoil\n|\n|-weather|RainDance|[upkeep]\n|upkeep\n|turn|16\n|\n|t:|1698892514\n|switch|p2a: Kyogre|Groudon|38\/100\n|-weather|SunnyDay|[from] ability: Drought|[of] p2a: Kyogre\n|move|p1a: Kyogre|Ice Beam|p2a: Kyogre\n|-supereffective|p2a: Kyogre\n|-damage|p2a: Kyogre|0 fnt\n|faint|p2a: Kyogre\n|\n|-weather|SunnyDay|[upkeep]\n|upkeep\n|c|\u2606LordeQuazzy|there ya go\n|inactive|LordeQuazzy has 90 seconds left.\n|\n|t:|1698892524\n|switch|p2a: Misdreavus|Flutter Mane|100\/100\n|-activate|p2a: Misdreavus|ability: Protosynthesis\n|-start|p2a: Misdreavus|protosynthesisspa\n|turn|17\n|\n|t:|1698892538\n|switch|p1a: Zacian|Zacian-Crowned|100\/100\n|-damage|p1a: Zacian|94\/100|[from] Stealth Rock\n|-ability|p1a: Zacian|Intrepid Sword|boost\n|-boost|p1a: Zacian|atk|1\n|move|p2a: Misdreavus|Energy Ball|p1a: Zacian\n|-resisted|p1a: Zacian\n|-damage|p1a: Zacian|76\/100\n|\n|-weather|SunnyDay|[upkeep]\n|upkeep\n|turn|18\n|\n|t:|1698892547\n|move|p2a: Misdreavus|Mystical Fire|p1a: Zacian\n|-supereffective|p1a: Zacian\n|-damage|p1a: Zacian|0 fnt\n|faint|p1a: Zacian\n|\n|-weather|SunnyDay|[upkeep]\n|upkeep\n|\n|t:|1698892554\n|switch|p1a: Koraidon|Koraidon|78\/100\n|-damage|p1a: Koraidon|71\/100|[from] Stealth Rock\n|-activate|p1a: Koraidon|ability: Orichalcum Pulse\n|turn|19\n|c|\u2606LordeQuazzy|...no speed evs?\n|\n|t:|1698892563\n|move|p1a: Koraidon|Flare Blitz|p2a: Misdreavus\n|-enditem|p2a: Misdreavus|Focus Sash\n|-damage|p2a: Misdreavus|1\/100\n|-damage|p1a: Koraidon|47\/100|[from] Recoil\n|move|p2a: Misdreavus|Moonblast|p1a: Koraidon\n|-supereffective|p1a: Koraidon\n|-damage|p1a: Koraidon|0 fnt\n|faint|p1a: Koraidon\n|\n|-weather|SunnyDay|[upkeep]\n|upkeep\n|\n|t:|1698892567\n|switch|p1a: Meowscarada|Meowscarada, F|100\/100\n|turn|20\n|inactive|LordeQuazzy has 120 seconds left.\n|\n|t:|1698892594\n|-end|p2a: Misdreavus|Protosynthesis|[silent]\n|switch|p2a: Miraidon|Koraidon|41\/100\n|-activate|p2a: Miraidon|ability: Orichalcum Pulse\n|move|p1a: Meowscarada|Sucker Punch||[still]\n|-fail|p1a: Meowscarada\n|\n|-weather|SunnyDay|[upkeep]\n|upkeep\n|turn|21\n|\n|t:|1698892613\n|switch|p1a: Skeledirge|Skeledirge, M, tera:Fairy|35\/100\n|move|p2a: Miraidon|Swords Dance|p2a: Miraidon\n|-boost|p2a: Miraidon|atk|2\n|\n|-weather|SunnyDay|[upkeep]\n|upkeep\n|turn|22\n|inactive|LordeQuazzy has 90 seconds left.\n|\n|t:|1698892629\n|move|p2a: Miraidon|Collision Course|p1a: Skeledirge\n|-resisted|p1a: Skeledirge\n|-damage|p1a: Skeledirge|11\/100\n|move|p1a: Skeledirge|Slack Off|p1a: Skeledirge\n|-heal|p1a: Skeledirge|61\/100\n|\n|-weather|SunnyDay|[upkeep]\n|upkeep\n|turn|23\n|c|\u2606LordeQuazzy|oooof\n|inactive|LordeQuazzy has 90 seconds left.\n|c|\u2606LordeQuazzy|okay, I underestimated the might of resistance\n|c|\u2606LordeQuazzy|and the general tankiness there\n|\n|t:|1698892647\n|move|p2a: Miraidon|Flare Blitz|p1a: Skeledirge\n|-damage|p1a: Skeledirge|3\/100\n|-damage|p2a: Miraidon|18\/100|[from] Recoil\n|move|p1a: Skeledirge|Slack Off|p1a: Skeledirge\n|-heal|p1a: Skeledirge|53\/100\n|\n|-weather|none\n|upkeep\n|turn|24\n|j| GUESSWHOTPRADO\n|c|\u2606LordeQuazzy|ohh\n|c|\u2606LordeQuazzy|so close\n|inactive|LordeQuazzy has 90 seconds left.\n|c|\u2606LordeQuazzy|and now w\/o sun\n|c|\u2606LordeQuazzy|I lose the matchup\n|c|\u2606LordeQuazzy|touche\n|inactive|LordeQuazzy has 60 seconds left.\n|\n|t:|1698892692\n|switch|p2a: Mudsdale|Calyrex-Shadow|100\/100\n|-ability|p2a: Mudsdale|As One\n|-ability|p2a: Mudsdale|Unnerve\n|move|p1a: Skeledirge|Slack Off|p1a: Skeledirge\n|-heal|p1a: Skeledirge|100\/100\n|\n|upkeep\n|turn|25\n|inactive|LordeQuazzy has 60 seconds left.\n|\n|t:|1698892705\n|move|p2a: Mudsdale|Astral Barrage|p1a: Skeledirge\n|-damage|p1a: Skeledirge|43\/100\n|move|p1a: Skeledirge|Will-O-Wisp|p2a: Mudsdale\n|-status|p2a: Mudsdale|brn\n|\n|-damage|p2a: Mudsdale|94\/100 brn|[from] brn\n|upkeep\n|turn|26\n|inactive|LordeQuazzy has 60 seconds left.\n|\n|t:|1698892711\n|switch|p1a: Meowscarada|Meowscarada, F|100\/100\n|move|p2a: Mudsdale|Astral Barrage|p1a: Meowscarada\n|-resisted|p1a: Meowscarada\n|-damage|p1a: Meowscarada|39\/100\n|\n|-damage|p2a: Mudsdale|88\/100 brn|[from] brn\n|upkeep\n|turn|27\n|inactive|LordeQuazzy has 60 seconds left.\n|\n|t:|1698892724\n|switch|p2a: Miraidon|Koraidon|18\/100\n|-weather|SunnyDay|[from] ability: Orichalcum Pulse|[of] p2a: Miraidon\n|-activate|p2a: Miraidon|Orichalcum Pulse|[source]\n|move|p1a: Meowscarada|Sucker Punch||[still]\n|-fail|p1a: Meowscarada\n|\n|-weather|SunnyDay|[upkeep]\n|upkeep\n|turn|28\n|inactive|LordeQuazzy has 60 seconds left.\n|\n|t:|1698892741\n|move|p2a: Miraidon|Collision Course|p1a: Meowscarada\n|-supereffective|p1a: Meowscarada\n|-damage|p1a: Meowscarada|0 fnt\n|faint|p1a: Meowscarada\n|\n|-weather|SunnyDay|[upkeep]\n|upkeep\n|\n|t:|1698892746\n|switch|p1a: Kyogre|Kyogre|54\/100\n|-damage|p1a: Kyogre|42\/100|[from] Stealth Rock\n|-weather|RainDance|[from] ability: Drizzle|[of] p1a: Kyogre\n|turn|29\n|l| GUESSWHOTPRADO\n|c|\u2606LordeQuazzy|never let 'em know your next move\n|inactive|LordeQuazzy has 60 seconds left.\n|c|\u2606LordeQuazzy|hmmm\n|c|\u2606LordeQuazzy|eh, worth it\n|c|\u2606LordeQuazzy|wait... no, right\n|inactive|LordeQuazzy has 30 seconds left.\n|\n|t:|1698892789\n|switch|p2a: Mudsdale|Calyrex-Shadow|88\/100 brn\n|-ability|p2a: Mudsdale|As One\n|-ability|p2a: Mudsdale|Unnerve\n|move|p1a: Kyogre|Ice Beam|p2a: Mudsdale\n|-damage|p2a: Mudsdale|56\/100 brn\n|\n|-weather|RainDance|[upkeep]\n|-damage|p2a: Mudsdale|50\/100 brn|[from] brn\n|upkeep\n|turn|30\n|c|\u2606LordeQuazzy|yep\n|c|\u2606LordeQuazzy|called it\n|inactive|LordeQuazzy has 30 seconds left.\n|\n|t:|1698892807\n|move|p2a: Mudsdale|Astral Barrage|p1a: Kyogre\n|-damage|p1a: Kyogre|0 fnt\n|faint|p1a: Kyogre\n|-ability|p2a: Mudsdale|Grim Neigh|boost\n|-boost|p2a: Mudsdale|spa|1\n|\n|-weather|RainDance|[upkeep]\n|-damage|p2a: Mudsdale|44\/100 brn|[from] brn\n|upkeep\n|inactive|LordeQuazzy has 30 seconds left this turn.\n|\n|t:|1698892815\n|switch|p1a: Skeledirge|Skeledirge, M, tera:Fairy|43\/100\n|turn|31\n|\n|t:|1698892822\n|move|p2a: Mudsdale|Astral Barrage|p1a: Skeledirge\n|-damage|p1a: Skeledirge|0 fnt\n|faint|p1a: Skeledirge\n|-ability|p2a: Mudsdale|Grim Neigh|boost\n|-boost|p2a: Mudsdale|spa|1\n|\n|-weather|RainDance|[upkeep]\n|-damage|p2a: Mudsdale|38\/100 brn|[from] brn\n|upkeep\n|\n|t:|1698892825\n|switch|p1a: Calyrex|Calyrex-Shadow|27\/100\n|-ability|p1a: Calyrex|As One\n|-ability|p1a: Calyrex|Unnerve\n|-damage|p1a: Calyrex|15\/100|[from] Stealth Rock\n|turn|32\n|\n|t:|1698892836\n|-terastallize|p2a: Mudsdale|Normal\n|move|p2a: Mudsdale|Astral Barrage|p1a: Calyrex\n|-supereffective|p1a: Calyrex\n|-damage|p1a: Calyrex|0 fnt\n|faint|p1a: Calyrex\n|\n|win|LordeQuazzy\n|raw|Sucks to lose's rating: 1467 &rarr; <strong>1446<\/strong><br \/>(-21 for losing)\n|raw|LordeQuazzy's rating: 1458 &rarr; <strong>1479<\/strong><br \/>(+21 for winning)\n","uploadtime":1698892373,"views":4,"p1id":"suckstolose","p2id":"lordequazzy","formatid":"gen9anythinggoes","rating":1446,"private":0,"password":""}