{"id":"gen9anythinggoes-1984026381","p1":"Geyra","p2":"Sethi9","format":"[Gen 9] Anything Goes","log":"|j|\u2606Geyra\n|j|\u2606Sethi9\n|t:|1699211116\n|gametype|singles\n|player|p1|Geyra|hilbert|1238\n|player|p2|Sethi9|red|1256\n|teamsize|p1|6\n|teamsize|p2|6\n|gen|9\n|tier|[Gen 9] Anything Goes\n|rated|\n|rule|HP Percentage Mod: HP is shown in percentages\n|rule|Endless Battle Clause: Forcing endless battles is banned\n|clearpoke\n|poke|p1|Garganacl, F|\n|poke|p1|Rillaboom, F|\n|poke|p1|Sneasler, F|\n|poke|p1|Great Tusk|\n|poke|p1|Flutter Mane|\n|poke|p1|Chi-Yu|\n|poke|p2|Calyrex-Shadow|\n|poke|p2|Zacian-*|\n|poke|p2|Toxapex, M|\n|poke|p2|Giratina|\n|poke|p2|Drifblim, F|\n|poke|p2|Regieleki|\n|teampreview\n|\n|t:|1699211147\n|start\n|switch|p1a: Garganacl|Garganacl, F|100\/100\n|switch|p2a: Toxapex|Toxapex, M|100\/100\n|turn|1\n|inactive|Battle timer is ON: inactive players will automatically lose when time's up. (requested by Sethi9)\n|\n|t:|1699211157\n|move|p2a: Toxapex|Toxic|p1a: Garganacl\n|-immune|p1a: Garganacl|[from] ability: Purifying Salt\n|move|p1a: Garganacl|Salt Cure|p2a: Toxapex\n|-damage|p2a: Toxapex|90\/100\n|-start|p2a: Toxapex|Salt Cure\n|\n|-damage|p2a: Toxapex|65\/100|[from] Salt Cure\n|upkeep\n|turn|2\n|\n|t:|1699211163\n|move|p2a: Toxapex|Hydro Pump|p1a: Garganacl\n|-supereffective|p1a: Garganacl\n|-damage|p1a: Garganacl|57\/100\n|move|p1a: Garganacl|Stealth Rock|p2a: Toxapex\n|-sidestart|p2: Sethi9|move: Stealth Rock\n|\n|-heal|p1a: Garganacl|63\/100|[from] item: Leftovers\n|-damage|p2a: Toxapex|40\/100|[from] Salt Cure\n|upkeep\n|turn|3\n|\n|t:|1699211172\n|move|p2a: Toxapex|Hydro Pump|p1a: Garganacl\n|-supereffective|p1a: Garganacl\n|-damage|p1a: Garganacl|25\/100\n|move|p1a: Garganacl|Recover|p1a: Garganacl\n|-heal|p1a: Garganacl|75\/100\n|\n|-heal|p1a: Garganacl|81\/100|[from] item: Leftovers\n|-damage|p2a: Toxapex|15\/100|[from] Salt Cure\n|upkeep\n|turn|4\n|\n|t:|1699211184\n|switch|p2a: Giratina|Giratina|100\/100\n|-damage|p2a: Giratina|88\/100|[from] Stealth Rock\n|-ability|p2a: Giratina|Pressure\n|move|p1a: Garganacl|Recover|p1a: Garganacl\n|-heal|p1a: Garganacl|100\/100\n|\n|upkeep\n|turn|5\n|\n|t:|1699211189\n|move|p2a: Giratina|Aura Sphere|p1a: Garganacl\n|-supereffective|p1a: Garganacl\n|-damage|p1a: Garganacl|54\/100\n|move|p1a: Garganacl|Salt Cure|p2a: Giratina\n|-damage|p2a: Giratina|79\/100\n|-start|p2a: Giratina|Salt Cure\n|\n|-heal|p1a: Garganacl|60\/100|[from] item: Leftovers\n|-damage|p2a: Giratina|66\/100|[from] Salt Cure\n|upkeep\n|turn|6\n|\n|t:|1699211199\n|-terastallize|p2a: Giratina|Ghost\n|move|p2a: Giratina|Outrage|p1a: Garganacl\n|-damage|p1a: Garganacl|36\/100\n|move|p1a: Garganacl|Recover|p1a: Garganacl\n|-heal|p1a: Garganacl|86\/100\n|\n|-heal|p1a: Garganacl|93\/100|[from] item: Leftovers\n|-damage|p2a: Giratina|54\/100|[from] Salt Cure\n|upkeep\n|turn|7\n|\n|t:|1699211213\n|move|p2a: Giratina|Outrage|p1a: Garganacl|[from]lockedmove\n|-damage|p1a: Garganacl|68\/100\n|move|p1a: Garganacl|Recover|p1a: Garganacl\n|-heal|p1a: Garganacl|100\/100\n|\n|-damage|p2a: Giratina|41\/100|[from] Salt Cure\n|upkeep\n|turn|8\n|\n|t:|1699211222\n|move|p2a: Giratina|Outrage|p1a: Garganacl|[from]lockedmove\n|-damage|p1a: Garganacl|74\/100\n|-start|p2a: Giratina|confusion|[fatigue]\n|move|p1a: Garganacl|Salt Cure|p2a: Giratina\n|-damage|p2a: Giratina|32\/100\n|\n|-heal|p1a: Garganacl|80\/100|[from] item: Leftovers\n|-damage|p2a: Giratina|19\/100|[from] Salt Cure\n|upkeep\n|turn|9\n|\n|t:|1699211228\n|-activate|p2a: Giratina|confusion\n|move|p2a: Giratina|Destiny Bond|p2a: Giratina\n|-singlemove|p2a: Giratina|Destiny Bond\n|move|p1a: Garganacl|Recover|p1a: Garganacl\n|-heal|p1a: Garganacl|100\/100\n|\n|-damage|p2a: Giratina|7\/100|[from] Salt Cure\n|upkeep\n|turn|10\n|\n|t:|1699211238\n|switch|p1a: Rillaboom|Rillaboom, F|100\/100\n|-fieldstart|move: Grassy Terrain|[from] ability: Grassy Surge|[of] p1a: Rillaboom\n|-activate|p2a: Giratina|confusion\n|move|p2a: Giratina|Destiny Bond||[still]\n|-fail|p2a: Giratina\n|\n|-heal|p2a: Giratina|13\/100|[from] Grassy Terrain\n|-damage|p2a: Giratina|0 fnt|[from] Salt Cure\n|faint|p2a: Giratina\n|upkeep\n|\n|t:|1699211253\n|switch|p2a: Regieleki|Regieleki|100\/100\n|-damage|p2a: Regieleki|88\/100|[from] Stealth Rock\n|turn|11\n|\n|t:|1699211258\n|move|p1a: Rillaboom|Fake Out|p2a: Regieleki\n|-damage|p2a: Regieleki|58\/100\n|cant|p2a: Regieleki|flinch\n|\n|-heal|p2a: Regieleki|64\/100|[from] Grassy Terrain\n|upkeep\n|turn|12\n|\n|t:|1699211268\n|move|p2a: Regieleki|Rapid Spin|p1a: Rillaboom\n|-damage|p1a: Rillaboom|85\/100\n|-boost|p2a: Regieleki|spe|1\n|-sideend|p2: Sethi9|Stealth Rock|[from] move: Rapid Spin|[of] p2a: Regieleki\n|move|p1a: Rillaboom|Knock Off|p2a: Regieleki\n|-damage|p2a: Regieleki|0 fnt\n|-enditem|p2a: Regieleki|Focus Sash|[from] move: Knock Off|[of] p1a: Rillaboom\n|faint|p2a: Regieleki\n|\n|-heal|p1a: Rillaboom|91\/100|[from] Grassy Terrain\n|upkeep\n|\n|t:|1699211276\n|switch|p2a: Calyrex|Calyrex-Shadow|100\/100\n|-ability|p2a: Calyrex|As One\n|-ability|p2a: Calyrex|Unnerve\n|turn|13\n|\n|t:|1699211280\n|move|p2a: Calyrex|Astral Barrage|p1a: Rillaboom\n|-damage|p1a: Rillaboom|28\/100\n|move|p1a: Rillaboom|Knock Off|p2a: Calyrex\n|-supereffective|p2a: Calyrex\n|-enditem|p2a: Calyrex|Focus Sash\n|-damage|p2a: Calyrex|1\/100\n|\n|-heal|p2a: Calyrex|7\/100|[from] Grassy Terrain\n|-heal|p1a: Rillaboom|34\/100|[from] Grassy Terrain\n|upkeep\n|turn|14\n|\n|t:|1699211292\n|move|p1a: Rillaboom|Grassy Glide|p2a: Calyrex\n|-damage|p2a: Calyrex|0 fnt\n|faint|p2a: Calyrex\n|\n|-heal|p1a: Rillaboom|40\/100|[from] Grassy Terrain\n|-fieldend|move: Grassy Terrain\n|upkeep\n|\n|t:|1699211297\n|switch|p2a: Zacian|Zacian-Crowned|100\/100\n|-ability|p2a: Zacian|Intrepid Sword|boost\n|-boost|p2a: Zacian|atk|1\n|turn|15\n|\n|t:|1699211304\n|move|p2a: Zacian|Sacred Sword|p1a: Rillaboom\n|-damage|p1a: Rillaboom|0 fnt\n|faint|p1a: Rillaboom\n|\n|upkeep\n|\n|t:|1699211307\n|switch|p1a: Garganacl|Garganacl, F|100\/100\n|turn|16\n|\n|t:|1699211315\n|move|p2a: Zacian|Sacred Sword|p1a: Garganacl\n|-supereffective|p1a: Garganacl\n|-damage|p1a: Garganacl|53\/100\n|move|p1a: Garganacl|Stealth Rock|p2a: Zacian\n|-sidestart|p2: Sethi9|move: Stealth Rock\n|\n|-heal|p1a: Garganacl|60\/100|[from] item: Leftovers\n|upkeep\n|turn|17\n|\n|t:|1699211322\n|move|p2a: Zacian|Sacred Sword|p1a: Garganacl\n|-supereffective|p1a: Garganacl\n|-damage|p1a: Garganacl|12\/100\n|move|p1a: Garganacl|Salt Cure|p2a: Zacian\n|-resisted|p2a: Zacian\n|-damage|p2a: Zacian|95\/100\n|-start|p2a: Zacian|Salt Cure\n|\n|-heal|p1a: Garganacl|18\/100|[from] item: Leftovers\n|-damage|p2a: Zacian|70\/100|[from] Salt Cure\n|upkeep\n|turn|18\n|\n|t:|1699211335\n|switch|p1a: Flutter Mane|Flutter Mane|100\/100\n|move|p2a: Zacian|Sacred Sword|p1a: Flutter Mane\n|-immune|p1a: Flutter Mane\n|\n|-damage|p2a: Zacian|45\/100|[from] Salt Cure\n|upkeep\n|turn|19\n|\n|t:|1699211363\n|switch|p2a: Toxapex|Toxapex, M|15\/100\n|-damage|p2a: Toxapex|2\/100|[from] Stealth Rock\n|-end|p1a: Flutter Mane|Protosynthesis|[silent]\n|switch|p1a: Garganacl|Garganacl, F|18\/100\n|\n|-heal|p1a: Garganacl|24\/100|[from] item: Leftovers\n|upkeep\n|turn|20\n|\n|t:|1699211376\n|switch|p1a: Sneasler|Sneasler, F|100\/100\n|move|p2a: Toxapex|Hydro Pump|p1a: Sneasler|[miss]\n|-miss|p2a: Toxapex|p1a: Sneasler\n|\n|upkeep\n|turn|21\n|\n|t:|1699211385\n|move|p1a: Sneasler|Dire Claw|p2a: Toxapex\n|-resisted|p2a: Toxapex\n|-damage|p2a: Toxapex|0 fnt\n|faint|p2a: Toxapex\n|\n|upkeep\n|\n|t:|1699211387\n|switch|p2a: Drifblim|Drifblim, F|100\/100\n|-damage|p2a: Drifblim|75\/100|[from] Stealth Rock\n|turn|22\n|\n|t:|1699211395\n|move|p1a: Sneasler|Dire Claw|p2a: Drifblim\n|-resisted|p2a: Drifblim\n|-damage|p2a: Drifblim|45\/100\n|-status|p2a: Drifblim|slp\n|cant|p2a: Drifblim|slp\n|\n|-heal|p2a: Drifblim|51\/100 slp|[from] item: Leftovers\n|upkeep\n|turn|23\n|\n|t:|1699211404\n|move|p1a: Sneasler|Dire Claw|p2a: Drifblim\n|-resisted|p2a: Drifblim\n|-damage|p2a: Drifblim|22\/100 slp\n|cant|p2a: Drifblim|slp\n|\n|-heal|p2a: Drifblim|29\/100 slp|[from] item: Leftovers\n|upkeep\n|turn|24\n|\n|t:|1699211412\n|move|p1a: Sneasler|Dire Claw|p2a: Drifblim\n|-resisted|p2a: Drifblim\n|-damage|p2a: Drifblim|0 fnt\n|-damage|p1a: Sneasler|76\/100|[from] ability: Aftermath|[of] p2a: Drifblim\n|faint|p2a: Drifblim\n|\n|upkeep\n|\n|t:|1699211425\n|switch|p2a: Zacian|Zacian-Crowned|45\/100\n|-damage|p2a: Zacian|39\/100|[from] Stealth Rock\n|turn|25\n|\n|t:|1699211436\n|-terastallize|p1a: Sneasler|Fighting\n|move|p2a: Zacian|Sacred Sword|p1a: Sneasler\n|-damage|p1a: Sneasler|25\/100\n|move|p1a: Sneasler|Close Combat|p2a: Zacian\n|-damage|p2a: Zacian|0 fnt\n|-unboost|p1a: Sneasler|def|1\n|-unboost|p1a: Sneasler|spd|1\n|faint|p2a: Zacian\n|\n|win|Geyra\n|raw|Geyra's rating: 1238 &rarr; <strong>1264<\/strong><br \/>(+26 for winning)\n|raw|Sethi9's rating: 1256 &rarr; <strong>1230<\/strong><br \/>(-26 for losing)\n|c|\u2606Geyra|gg\n|l|\u2606Sethi9\n","uploadtime":1699211472,"views":6,"p1id":"geyra","p2id":"sethi9","formatid":"gen9anythinggoes","rating":1230,"private":0,"password":""}