{"id":"gen9anythinggoes-1972801598","p1":"Hyperbeam Boys","p2":"hoenn militian","format":"[Gen 9] Anything Goes","log":"|j|\u2606Hyperbeam Boys\n|j|\u2606hoenn militian\n|t:|1697896810\n|gametype|singles\n|player|p1|Hyperbeam Boys|1|1660\n|player|p2|hoenn militian|265|1731\n|teamsize|p1|6\n|teamsize|p2|6\n|gen|9\n|tier|[Gen 9] Anything Goes\n|rated|\n|rule|HP Percentage Mod: HP is shown in percentages\n|rule|Endless Battle Clause: Forcing endless battles is banned\n|clearpoke\n|poke|p1|Arceus-Water|\n|poke|p1|Arceus-Fairy|\n|poke|p1|Arceus-Poison|\n|poke|p1|Arceus-Ground|\n|poke|p1|Arceus|\n|poke|p1|Arceus-Dark|\n|poke|p2|Miraidon|\n|poke|p2|Grimmsnarl, M|\n|poke|p2|Skeledirge, M|\n|poke|p2|Blissey, F|\n|poke|p2|Toxapex, M|\n|poke|p2|Calyrex-Ice|\n|teampreview\n|\n|t:|1697896831\n|start\n|switch|p1a: Arceus|Arceus-Poison, shiny|100\/100\n|switch|p2a: Miraidon|Miraidon|100\/100\n|-fieldstart|move: Electric Terrain|[from] ability: Hadron Engine|[of] p2a: Miraidon\n|turn|1\n|\n|t:|1697896841\n|move|p2a: Miraidon|Electro Drift|p1a: Arceus\n|-damage|p1a: Arceus|36\/100\n|move|p1a: Arceus|Stealth Rock|p2a: Miraidon\n|-sidestart|p2: hoenn militian|move: Stealth Rock\n|\n|upkeep\n|turn|2\n|\n|t:|1697896850\n|switch|p1a: Arceus|Arceus-Ground|100\/100\n|move|p2a: Miraidon|Dragon Pulse|p1a: Arceus\n|-damage|p1a: Arceus|58\/100\n|\n|upkeep\n|turn|3\n|\n|t:|1697896860\n|move|p2a: Miraidon|U-turn|p1a: Arceus\n|-damage|p1a: Arceus|48\/100\n|\n|t:|1697896863\n|switch|p2a: Calyrex|Calyrex-Ice|100\/100|[from] U-turn\n|-ability|p2a: Calyrex|As One\n|-ability|p2a: Calyrex|Unnerve\n|move|p1a: Arceus|Earthquake|p2a: Calyrex\n|-damage|p2a: Calyrex|63\/100\n|\n|upkeep\n|turn|4\n|\n|t:|1697896875\n|switch|p1a: Arceus|Arceus-Water, shiny|100\/100\n|move|p2a: Calyrex|Glacial Lance|p1a: Arceus\n|-resisted|p1a: Arceus\n|-damage|p1a: Arceus|80\/100\n|\n|upkeep\n|turn|5\n|\n|t:|1697896883\n|switch|p2a: Blissey|Blissey, F|100\/100\n|move|p1a: Arceus|Will-O-Wisp|p2a: Blissey\n|-status|p2a: Blissey|brn\n|\n|-damage|p2a: Blissey|94\/100 brn|[from] brn\n|-fieldend|move: Electric Terrain\n|upkeep\n|turn|6\n|\n|t:|1697896891\n|switch|p1a: Arceus|Arceus-Poison, shiny|36\/100\n|move|p2a: Blissey|Stealth Rock|p1a: Arceus\n|-sidestart|p1: Hyperbeam Boys|move: Stealth Rock\n|\n|-damage|p2a: Blissey|88\/100 brn|[from] brn\n|upkeep\n|turn|7\n|\n|t:|1697896903\n|-curestatus|p2a: Blissey|brn|[from] ability: Natural Cure\n|switch|p2a: Miraidon|Miraidon|100\/100\n|-fieldstart|move: Electric Terrain|[from] ability: Hadron Engine|[of] p2a: Miraidon\n|move|p1a: Arceus|Recover|p1a: Arceus\n|-heal|p1a: Arceus|86\/100\n|\n|upkeep\n|turn|8\n|\n|t:|1697896914\n|switch|p1a: Arceus|Arceus-Fairy, shiny|100\/100\n|-damage|p1a: Arceus|88\/100|[from] Stealth Rock\n|move|p2a: Miraidon|Electro Drift|p1a: Arceus\n|-damage|p1a: Arceus|32\/100\n|\n|upkeep\n|turn|9\n|\n|t:|1697896923\n|move|p2a: Miraidon|Electro Drift|p1a: Arceus\n|-damage|p1a: Arceus|0 fnt\n|faint|p1a: Arceus\n|\n|upkeep\n|\n|t:|1697896957\n|switch|p1a: Arceus|Arceus, shiny|100\/100\n|-damage|p1a: Arceus|88\/100|[from] Stealth Rock\n|turn|10\n|\n|t:|1697896964\n|switch|p2a: Skeledirge|Skeledirge, M|100\/100\n|switch|p1a: Arceus|Arceus-Ground|48\/100\n|-damage|p1a: Arceus|42\/100|[from] Stealth Rock\n|\n|upkeep\n|turn|11\n|\n|t:|1697896978\n|-terastallize|p2a: Skeledirge|Flying\n|move|p1a: Arceus|Earthquake|p2a: Skeledirge\n|-immune|p2a: Skeledirge\n|move|p2a: Skeledirge|Will-O-Wisp|p1a: Arceus\n|-status|p1a: Arceus|brn\n|\n|-damage|p1a: Arceus|35\/100 brn|[from] brn\n|-fieldend|move: Electric Terrain\n|upkeep\n|turn|12\n|\n|t:|1697896988\n|switch|p1a: Arceus|Arceus-Poison, shiny|86\/100\n|-damage|p1a: Arceus|74\/100|[from] Stealth Rock\n|move|p2a: Skeledirge|Torch Song|p1a: Arceus\n|-damage|p1a: Arceus|53\/100\n|-boost|p2a: Skeledirge|spa|1\n|\n|upkeep\n|turn|13\n|\n|t:|1697897001\n|switch|p2a: Blissey|Blissey, F|88\/100\n|move|p1a: Arceus|Will-O-Wisp|p2a: Blissey\n|-status|p2a: Blissey|brn\n|\n|-damage|p2a: Blissey|82\/100 brn|[from] brn\n|upkeep\n|turn|14\n|\n|t:|1697897010\n|move|p1a: Arceus|Taunt|p2a: Blissey\n|-start|p2a: Blissey|move: Taunt\n|move|p2a: Blissey|Seismic Toss|p1a: Arceus\n|-damage|p1a: Arceus|28\/100\n|\n|-damage|p2a: Blissey|76\/100 brn|[from] brn\n|upkeep\n|turn|15\n|j| haokunya001\n|l| haokunya001\n|\n|t:|1697897022\n|switch|p1a: Arceus|Arceus, shiny|88\/100\n|-damage|p1a: Arceus|76\/100|[from] Stealth Rock\n|-curestatus|p2a: Blissey|brn|[from] ability: Natural Cure\n|switch|p2a: Miraidon|Miraidon|100\/100\n|-fieldstart|move: Electric Terrain|[from] ability: Hadron Engine|[of] p2a: Miraidon\n|\n|upkeep\n|turn|16\n|\n|t:|1697897035\n|switch|p2a: Toxapex|Toxapex, M|100\/100\n|move|p1a: Arceus|Extreme Speed|p2a: Toxapex\n|-damage|p2a: Toxapex|71\/100\n|\n|upkeep\n|turn|17\n|\n|t:|1697897043\n|move|p1a: Arceus|Taunt|p2a: Toxapex\n|-start|p2a: Toxapex|move: Taunt\n|move|p2a: Toxapex|Chilling Water|p1a: Arceus\n|-damage|p1a: Arceus|69\/100\n|-unboost|p1a: Arceus|atk|1\n|\n|upkeep\n|turn|18\n|\n|t:|1697897050\n|switch|p1a: Arceus|Arceus-Ground|35\/100 brn\n|-damage|p1a: Arceus|29\/100 brn|[from] Stealth Rock\n|switch|p2a: Miraidon|Miraidon|100\/100\n|-activate|p2a: Miraidon|ability: Hadron Engine\n|\n|-damage|p1a: Arceus|23\/100 brn|[from] brn\n|upkeep\n|turn|19\n|\n|t:|1697897059\n|move|p2a: Miraidon|Dragon Pulse|p1a: Arceus\n|-damage|p1a: Arceus|0 fnt\n|faint|p1a: Arceus\n|\n|-fieldend|move: Electric Terrain\n|upkeep\n|\n|t:|1697897068\n|switch|p1a: Arceus|Arceus, shiny|69\/100\n|-damage|p1a: Arceus|56\/100|[from] Stealth Rock\n|turn|20\n|\n|t:|1697897077\n|switch|p2a: Skeledirge|Skeledirge, M, tera:Flying|100\/100\n|move|p1a: Arceus|Shadow Claw|p2a: Skeledirge\n|-damage|p2a: Skeledirge|85\/100\n|\n|upkeep\n|turn|21\n|\n|t:|1697897083\n|move|p1a: Arceus|Taunt|p2a: Skeledirge\n|-start|p2a: Skeledirge|move: Taunt\n|move|p2a: Skeledirge|Torch Song|p1a: Arceus\n|-damage|p1a: Arceus|37\/100\n|-boost|p2a: Skeledirge|spa|1\n|\n|upkeep\n|turn|22\n|\n|t:|1697897090\n|move|p1a: Arceus|Extreme Speed|p2a: Skeledirge\n|-damage|p2a: Skeledirge|54\/100\n|move|p2a: Skeledirge|Torch Song|p1a: Arceus\n|-damage|p1a: Arceus|7\/100\n|-boost|p2a: Skeledirge|spa|1\n|\n|upkeep\n|turn|23\n|\n|t:|1697897101\n|switch|p2a: Toxapex|Toxapex, M|100\/100\n|move|p1a: Arceus|Extreme Speed|p2a: Toxapex\n|-damage|p2a: Toxapex|67\/100\n|\n|upkeep\n|turn|24\n|\n|t:|1697897107\n|move|p1a: Arceus|Taunt|p2a: Toxapex\n|-start|p2a: Toxapex|move: Taunt\n|move|p2a: Toxapex|Chilling Water|p1a: Arceus\n|-damage|p1a: Arceus|0 fnt\n|faint|p1a: Arceus\n|\n|upkeep\n|\n|t:|1697897113\n|switch|p1a: Arceus|Arceus-Dark|100\/100\n|-damage|p1a: Arceus|88\/100|[from] Stealth Rock\n|turn|25\n|\n|t:|1697897122\n|switch|p2a: Grimmsnarl|Grimmsnarl, M|100\/100\n|move|p1a: Arceus|Calm Mind|p1a: Arceus\n|-boost|p1a: Arceus|spa|1\n|-boost|p1a: Arceus|spd|1\n|\n|upkeep\n|turn|26\n|\n|t:|1697897132\n|move|p1a: Arceus|Judgment|p2a: Grimmsnarl\n|-resisted|p2a: Grimmsnarl\n|-damage|p2a: Grimmsnarl|87\/100\n|move|p2a: Grimmsnarl|Spirit Break|p1a: Arceus\n|-supereffective|p1a: Arceus\n|-damage|p1a: Arceus|47\/100\n|-unboost|p1a: Arceus|spa|1\n|\n|upkeep\n|turn|27\n|\n|t:|1697897141\n|move|p1a: Arceus|Iron Defense|p1a: Arceus\n|-boost|p1a: Arceus|def|2\n|move|p2a: Grimmsnarl|Foul Play|p1a: Arceus\n|-resisted|p1a: Arceus\n|-damage|p1a: Arceus|42\/100\n|\n|upkeep\n|turn|28\n|\n|t:|1697897147\n|move|p1a: Arceus|Recover|p1a: Arceus\n|-heal|p1a: Arceus|92\/100\n|move|p2a: Grimmsnarl|Spirit Break|p1a: Arceus\n|-supereffective|p1a: Arceus\n|-damage|p1a: Arceus|69\/100\n|-unboost|p1a: Arceus|spa|1\n|\n|upkeep\n|turn|29\n|\n|t:|1697897155\n|move|p1a: Arceus|Calm Mind|p1a: Arceus\n|-boost|p1a: Arceus|spa|1\n|-boost|p1a: Arceus|spd|1\n|move|p2a: Grimmsnarl|Spirit Break|p1a: Arceus\n|-supereffective|p1a: Arceus\n|-damage|p1a: Arceus|46\/100\n|-unboost|p1a: Arceus|spa|1\n|\n|upkeep\n|turn|30\n|\n|t:|1697897164\n|move|p1a: Arceus|Iron Defense|p1a: Arceus\n|-boost|p1a: Arceus|def|2\n|move|p2a: Grimmsnarl|Spirit Break|p1a: Arceus\n|-supereffective|p1a: Arceus\n|-damage|p1a: Arceus|29\/100\n|-unboost|p1a: Arceus|spa|1\n|\n|upkeep\n|turn|31\n|\n|t:|1697897177\n|switch|p2a: Toxapex|Toxapex, M|99\/100\n|-terastallize|p1a: Arceus|Fairy\n|move|p1a: Arceus|Iron Defense|p1a: Arceus\n|-boost|p1a: Arceus|def|2\n|\n|upkeep\n|turn|32\n|\n|t:|1697897184\n|move|p1a: Arceus|Judgment|p2a: Toxapex\n|-damage|p2a: Toxapex|77\/100\n|move|p2a: Toxapex|Toxic|p1a: Arceus\n|-status|p1a: Arceus|tox\n|\n|-damage|p1a: Arceus|23\/100 tox|[from] psn\n|upkeep\n|turn|33\n|\n|t:|1697897193\n|move|p1a: Arceus|Calm Mind|p1a: Arceus\n|-boost|p1a: Arceus|spa|1\n|-boost|p1a: Arceus|spd|1\n|move|p2a: Toxapex|Chilling Water|p1a: Arceus\n|-damage|p1a: Arceus|20\/100 tox\n|-unboost|p1a: Arceus|atk|1\n|\n|-damage|p1a: Arceus|8\/100 tox|[from] psn\n|upkeep\n|turn|34\n|-message|Hyperbeam Boys forfeited.\n|\n|win|hoenn militian\n|raw|Hyperbeam Boys's rating: 1660 &rarr; <strong>1644<\/strong><br \/>(-16 for losing)\n|raw|hoenn militian's rating: 1731 &rarr; <strong>1747<\/strong><br \/>(+16 for winning)\n","uploadtime":1697897209,"views":9,"p1id":"hyperbeamboys","p2id":"hoennmilitian","formatid":"gen9anythinggoes","rating":1644,"private":0,"password":""}