{"id":"gen9anythinggoes-1992359301","p1":"JohnnyFeetForHands","p2":"Pie2Awesome","format":"[Gen 9] Anything Goes","log":"|j|\u2606JohnnyFeetForHands\n|j|\u2606Pie2Awesome\n|t:|1700178519\n|gametype|singles\n|player|p1|JohnnyFeetForHands|hilda-wonderlauncher|1083\n|player|p2|Pie2Awesome|plasmagrunt-gen5bw|1178\n|teamsize|p1|6\n|teamsize|p2|6\n|gen|9\n|tier|[Gen 9] Anything Goes\n|rated|\n|rule|HP Percentage Mod: HP is shown in percentages\n|rule|Endless Battle Clause: Forcing endless battles is banned\n|clearpoke\n|poke|p1|Basculegion, M|\n|poke|p1|Pelipper, L36, M|\n|poke|p1|Spidops, M|\n|poke|p1|Spidops, M|\n|poke|p1|Spidops, M|\n|poke|p1|Forretress, M|\n|poke|p2|Delibird, M|\n|poke|p2|Delibird, M|\n|poke|p2|Delibird, F|\n|poke|p2|Delibird, M|\n|poke|p2|Delibird, F|\n|poke|p2|Delibird, M|\n|teampreview\n|c|\u2606JohnnyFeetForHands|!weak delibird\n|c| JohnnyFeetForHands|\/raw <div class=\"infobox\">Delibird (ignoring abilities):<br \/><span class=\"message-effect-weak\">Weaknesses<\/span>: Electric, Fire, <b>Rock<\/b>, Steel<br \/><span class=\"message-effect-resist\">Resistances<\/span>: Bug, Grass<br \/><span class=\"message-effect-immune\">Immunities<\/span>: Ground, Frozen, Hail damage<\/div>\n|\n|t:|1700178541\n|start\n|switch|p1a: Melonlord|Spidops, M|100\/100\n|switch|p2a: Bird Up!|Delibird, M, shiny|100\/100\n|turn|1\n|\n|t:|1700178555\n|move|p2a: Bird Up!|Tailwind|p2a: Bird Up!\n|-sidestart|p2: Pie2Awesome|move: Tailwind\n|move|p1a: Melonlord|Sticky Web|p2a: Bird Up!\n|-sidestart|p2: Pie2Awesome|move: Sticky Web\n|\n|upkeep\n|turn|2\n|\n|t:|1700178562\n|move|p2a: Bird Up!|Drill Peck|p1a: Melonlord\n|-supereffective|p1a: Melonlord\n|-damage|p1a: Melonlord|36\/100\n|move|p1a: Melonlord|Toxic Spikes|p2a: Bird Up!\n|-sidestart|p2: Pie2Awesome|move: Toxic Spikes\n|\n|upkeep\n|turn|3\n|\n|t:|1700178567\n|move|p2a: Bird Up!|Drill Peck|p1a: Melonlord|[miss]\n|-miss|p2a: Bird Up!|p1a: Melonlord\n|move|p1a: Melonlord|Toxic Spikes|p2a: Bird Up!\n|-sidestart|p2: Pie2Awesome|move: Toxic Spikes\n|\n|upkeep\n|turn|4\n|\n|t:|1700178579\n|move|p2a: Bird Up!|Drill Peck|p1a: Melonlord\n|-supereffective|p1a: Melonlord\n|-damage|p1a: Melonlord|0 fnt\n|faint|p1a: Melonlord\n|\n|-sideend|p2: Pie2Awesome|move: Tailwind\n|upkeep\n|\n|t:|1700178584\n|switch|p1a: Melonlord 2|Spidops, M|100\/100\n|turn|5\n|\n|t:|1700178594\n|move|p2a: Bird Up!|Drill Peck|p1a: Melonlord 2|[miss]\n|-miss|p2a: Bird Up!|p1a: Melonlord 2\n|move|p1a: Melonlord 2|Circle Throw|p2a: Bird Up!\n|-damage|p2a: Bird Up!|71\/100\n|drag|p2a: Colonel Sanders|Delibird, M|100\/100\n|\n|upkeep\n|turn|6\n|\n|t:|1700178617\n|move|p2a: Colonel Sanders|Fling|p1a: Melonlord 2\n|-damage|p1a: Melonlord 2|74\/100\n|-enditem|p2a: Colonel Sanders|Big Nugget|[from] move: Fling\n|move|p1a: Melonlord 2|Spikes|p2a: Colonel Sanders\n|-sidestart|p2: Pie2Awesome|Spikes\n|\n|upkeep\n|turn|7\n|\n|t:|1700178628\n|move|p2a: Colonel Sanders|Thief|p1a: Melonlord 2\n|-damage|p1a: Melonlord 2|62\/100\n|-enditem|p1a: Melonlord 2|Aguav Berry|[silent]|[from] move: Thief|[of] p2a: Colonel Sanders\n|-item|p2a: Colonel Sanders|Aguav Berry|[from] move: Thief|[of] p1a: Melonlord 2\n|move|p1a: Melonlord 2|Spikes|p2a: Colonel Sanders\n|-sidestart|p2: Pie2Awesome|Spikes\n|\n|upkeep\n|turn|8\n|\n|t:|1700178636\n|move|p2a: Colonel Sanders|Fling|p1a: Melonlord 2\n|-damage|p1a: Melonlord 2|60\/100\n|-heal|p1a: Melonlord 2|93\/100|[from] item: Aguav Berry\n|-enditem|p2a: Colonel Sanders|Aguav Berry|[from] move: Fling\n|move|p1a: Melonlord 2|Spikes|p2a: Colonel Sanders\n|-sidestart|p2: Pie2Awesome|Spikes\n|\n|upkeep\n|turn|9\n|\n|t:|1700178644\n|move|p2a: Colonel Sanders|Acrobatics|p1a: Melonlord 2\n|-supereffective|p1a: Melonlord 2\n|-damage|p1a: Melonlord 2|34\/100\n|move|p1a: Melonlord 2|Taunt|p2a: Colonel Sanders\n|-start|p2a: Colonel Sanders|move: Taunt\n|\n|upkeep\n|turn|10\n|\n|t:|1700178650\n|move|p2a: Colonel Sanders|Acrobatics|p1a: Melonlord 2\n|-supereffective|p1a: Melonlord 2\n|-damage|p1a: Melonlord 2|0 fnt\n|faint|p1a: Melonlord 2\n|\n|upkeep\n|\n|t:|1700178655\n|switch|p1a: Melonlord 3|Spidops, M|100\/100\n|turn|11\n|\n|t:|1700178658\n|move|p2a: Colonel Sanders|Acrobatics|p1a: Melonlord 3\n|-supereffective|p1a: Melonlord 3\n|-damage|p1a: Melonlord 3|37\/100\n|move|p1a: Melonlord 3|Poison Jab|p2a: Colonel Sanders\n|-damage|p2a: Colonel Sanders|62\/100\n|\n|upkeep\n|turn|12\n|\n|t:|1700178664\n|move|p2a: Colonel Sanders|Acrobatics|p1a: Melonlord 3\n|-supereffective|p1a: Melonlord 3\n|-damage|p1a: Melonlord 3|0 fnt\n|faint|p1a: Melonlord 3\n|\n|-end|p2a: Colonel Sanders|move: Taunt\n|upkeep\n|\n|t:|1700178670\n|switch|p1a: cloyster?|Forretress, M|100\/100\n|turn|13\n|\n|t:|1700178674\n|switch|p2a: Firehouse Subs|Delibird, F, shiny|100\/100\n|move|p1a: cloyster?|Stealth Rock|p2a: Firehouse Subs\n|-sidestart|p2: Pie2Awesome|move: Stealth Rock\n|\n|upkeep\n|turn|14\n|\n|t:|1700178682\n|move|p2a: Firehouse Subs|Rapid Spin|p1a: cloyster?\n|-resisted|p1a: cloyster?\n|-damage|p1a: cloyster?|95\/100\n|-boost|p2a: Firehouse Subs|spe|1\n|-damage|p2a: Firehouse Subs|84\/100|[from] item: Rocky Helmet|[of] p1a: cloyster?\n|-sideend|p2: Pie2Awesome|Spikes|[from] move: Rapid Spin|[of] p2a: Firehouse Subs\n|-sideend|p2: Pie2Awesome|Toxic Spikes|[from] move: Rapid Spin|[of] p2a: Firehouse Subs\n|-sideend|p2: Pie2Awesome|Stealth Rock|[from] move: Rapid Spin|[of] p2a: Firehouse Subs\n|-sideend|p2: Pie2Awesome|Sticky Web|[from] move: Rapid Spin|[of] p2a: Firehouse Subs\n|move|p1a: cloyster?|Rapid Spin|p2a: Firehouse Subs\n|-damage|p2a: Firehouse Subs|41\/100\n|-boost|p1a: cloyster?|spe|1\n|\n|upkeep\n|turn|15\n|c|\u2606JohnnyFeetForHands|lol\n|\n|t:|1700178698\n|move|p2a: Firehouse Subs|Drill Run|p1a: cloyster?\n|-damage|p1a: cloyster?|77\/100\n|-damage|p2a: Firehouse Subs|24\/100|[from] item: Rocky Helmet|[of] p1a: cloyster?\n|move|p1a: cloyster?|Rapid Spin|p2a: Firehouse Subs\n|-damage|p2a: Firehouse Subs|0 fnt\n|-boost|p1a: cloyster?|spe|1\n|faint|p2a: Firehouse Subs\n|\n|upkeep\n|\n|t:|1700178705\n|switch|p2a: The Word|Delibird, M, shiny|100\/100\n|turn|16\n|\n|t:|1700178711\n|move|p2a: The Word|Brick Break|p1a: cloyster?\n|-damage|p1a: cloyster?|61\/100\n|-damage|p2a: The Word|84\/100|[from] item: Rocky Helmet|[of] p1a: cloyster?\n|move|p1a: cloyster?|Rapid Spin|p2a: The Word\n|-damage|p2a: The Word|45\/100\n|-boost|p1a: cloyster?|spe|1\n|\n|upkeep\n|turn|17\n|\n|t:|1700178718\n|move|p1a: cloyster?|Rapid Spin|p2a: The Word\n|-damage|p2a: The Word|3\/100\n|-boost|p1a: cloyster?|spe|1\n|move|p2a: The Word|Brave Bird|p1a: cloyster?|[miss]\n|-miss|p2a: The Word|p1a: cloyster?\n|\n|upkeep\n|turn|18\n|\n|t:|1700178724\n|move|p1a: cloyster?|Rapid Spin|p2a: The Word\n|-damage|p2a: The Word|0 fnt\n|-boost|p1a: cloyster?|spe|1\n|faint|p2a: The Word\n|\n|upkeep\n|\n|t:|1700178736\n|switch|p2a: Jimmy John's|Delibird, M, shiny|100\/100\n|turn|19\n|\n|t:|1700178740\n|move|p1a: cloyster?|Stealth Rock|p2a: Jimmy John's\n|-sidestart|p2: Pie2Awesome|move: Stealth Rock\n|move|p2a: Jimmy John's|Snowscape|p2a: Jimmy John's\n|-weather|Snow\n|\n|-weather|Snow|[upkeep]\n|upkeep\n|turn|20\n|\n|t:|1700178748\n|move|p1a: cloyster?|Ice Spinner|p2a: Jimmy John's\n|-damage|p2a: Jimmy John's|59\/100\n|move|p2a: Jimmy John's|Aurora Veil|p2a: Jimmy John's\n|-sidestart|p2: Pie2Awesome|move: Aurora Veil\n|\n|-weather|Snow|[upkeep]\n|upkeep\n|turn|21\n|\n|t:|1700178761\n|move|p1a: cloyster?|Rapid Spin|p2a: Jimmy John's\n|-damage|p2a: Jimmy John's|45\/100\n|-boost|p1a: cloyster?|spe|1\n|move|p2a: Jimmy John's|Weather Ball|p1a: cloyster?\n|-resisted|p1a: cloyster?\n|-damage|p1a: cloyster?|30\/100\n|\n|-weather|Snow|[upkeep]\n|upkeep\n|turn|22\n|\n|t:|1700178773\n|move|p1a: cloyster?|Ice Spinner|p2a: Jimmy John's\n|-damage|p2a: Jimmy John's|24\/100\n|move|p2a: Jimmy John's|Chilling Water|p1a: cloyster?\n|-damage|p1a: cloyster?|9\/100\n|-unboost|p1a: cloyster?|atk|1\n|\n|-weather|Snow|[upkeep]\n|upkeep\n|turn|23\n|\n|t:|1700178784\n|move|p1a: cloyster?|Rapid Spin|p2a: Jimmy John's\n|-damage|p2a: Jimmy John's|16\/100\n|move|p2a: Jimmy John's|Weather Ball|p1a: cloyster?\n|-resisted|p1a: cloyster?\n|-damage|p1a: cloyster?|0 fnt\n|faint|p1a: cloyster?\n|\n|-weather|Snow|[upkeep]\n|upkeep\n|\n|t:|1700178791\n|switch|p1a: Can'tTouchThis|Pelipper, L36, M|100\/100\n|-weather|RainDance|[from] ability: Drizzle|[of] p1a: Can'tTouchThis\n|turn|24\n|\n|t:|1700178800\n|move|p2a: Jimmy John's|Snowscape|p2a: Jimmy John's\n|-weather|Snow\n|move|p1a: Can'tTouchThis|Gunk Shot|p2a: Jimmy John's\n|-damage|p2a: Jimmy John's|13\/100\n|-status|p2a: Jimmy John's|psn\n|\n|-weather|Snow|[upkeep]\n|-damage|p2a: Jimmy John's|1\/100 psn|[from] psn\n|-sideend|p2: Pie2Awesome|move: Aurora Veil\n|upkeep\n|turn|25\n|\n|t:|1700178823\n|move|p2a: Jimmy John's|Aurora Veil|p2a: Jimmy John's\n|-sidestart|p2: Pie2Awesome|move: Aurora Veil\n|move|p1a: Can'tTouchThis|Supersonic|p2a: Jimmy John's\n|-start|p2a: Jimmy John's|confusion\n|\n|-weather|Snow|[upkeep]\n|-damage|p2a: Jimmy John's|0 fnt|[from] psn\n|faint|p2a: Jimmy John's\n|upkeep\n|\n|t:|1700178828\n|switch|p2a: Bird Up!|Delibird, M, shiny|71\/100\n|-damage|p2a: Bird Up!|21\/100|[from] Stealth Rock\n|turn|26\n|\n|t:|1700178837\n|move|p2a: Bird Up!|Tailwind|p2a: Bird Up!\n|-sidestart|p2: Pie2Awesome|move: Tailwind\n|move|p1a: Can'tTouchThis|Supersonic|p2a: Bird Up!\n|-start|p2a: Bird Up!|confusion\n|\n|-weather|Snow|[upkeep]\n|upkeep\n|turn|27\n|\n|t:|1700178845\n|-activate|p2a: Bird Up!|confusion\n|move|p2a: Bird Up!|Ice Spinner|p1a: Can'tTouchThis\n|-damage|p1a: Can'tTouchThis|0 fnt\n|faint|p1a: Can'tTouchThis\n|\n|-weather|Snow|[upkeep]\n|upkeep\n|\n|t:|1700178850\n|switch|p1a: The Undertaker|Basculegion, M|100\/100\n|turn|28\n|\n|t:|1700178859\n|-end|p2a: Bird Up!|confusion\n|move|p2a: Bird Up!|Drill Peck|p1a: The Undertaker\n|-damage|p1a: The Undertaker|49\/100\n|move|p1a: The Undertaker|Last Respects|p2a: Bird Up!\n|-damage|p2a: Bird Up!|0 fnt\n|faint|p2a: Bird Up!\n|\n|-weather|Snow|[upkeep]\n|upkeep\n|\n|t:|1700178864\n|switch|p2a: Colonel Sanders|Delibird, M|62\/100\n|-damage|p2a: Colonel Sanders|12\/100|[from] Stealth Rock\n|turn|29\n|\n|t:|1700178871\n|-terastallize|p2a: Colonel Sanders|Dark\n|move|p2a: Colonel Sanders|Thief|p1a: The Undertaker\n|-supereffective|p1a: The Undertaker\n|-damage|p1a: The Undertaker|0 fnt\n|-enditem|p1a: The Undertaker|Choice Scarf|[silent]|[from] move: Thief|[of] p2a: Colonel Sanders\n|-item|p2a: Colonel Sanders|Choice Scarf|[from] move: Thief|[of] p1a: The Undertaker\n|faint|p1a: The Undertaker\n|\n|win|Pie2Awesome\n|raw|JohnnyFeetForHands's rating: 1083 &rarr; <strong>1067<\/strong><br \/>(-16 for losing)\n|raw|Pie2Awesome's rating: 1178 &rarr; <strong>1196<\/strong><br \/>(+18 for winning)\n|c|\u2606JohnnyFeetForHands|gg\n|c|\u2606Pie2Awesome|gg\n|l|\u2606JohnnyFeetForHands\n","uploadtime":1700178938,"views":5,"p1id":"johnnyfeetforhands","p2id":"pie2awesome","formatid":"gen9anythinggoes","rating":1067,"private":0,"password":""}