{"id":"gen9anythinggoes-1998411141","p1":"BeanMasters","p2":"swirlingvortexG","format":"[Gen 9] Anything Goes","log":"|j|\u2606BeanMasters\n|j|\u2606swirlingvortexG\n|t:|1700939303\n|gametype|singles\n|player|p1|BeanMasters|ingo|\n|player|p2|swirlingvortexG|skyla|\n|teamsize|p1|6\n|teamsize|p2|6\n|gen|9\n|tier|[Gen 9] Anything Goes\n|rule|HP Percentage Mod: HP is shown in percentages\n|rule|Endless Battle Clause: Forcing endless battles is banned\n|clearpoke\n|poke|p1|Samurott-Hisui, M|\n|poke|p1|Iron Hands|\n|poke|p1|Gholdengo|\n|poke|p1|Dragonite, F|\n|poke|p1|Breloom, M|\n|poke|p1|Great Tusk|\n|poke|p2|Baxcalibur, M|\n|poke|p2|Cinderace, F|\n|poke|p2|Ninetales-Alola, M|\n|poke|p2|Quagsire, M|\n|poke|p2|Heatran, M|\n|poke|p2|Ditto|\n|teampreview\n|inactive|Battle timer is ON: inactive players will automatically lose when time's up. (requested by BeanMasters)\n|inactive|swirlingvortexG also wants the timer to be on.\n|j| AWESOMEDOOMER\n|j| NightWave7777\n|\n|t:|1700939318\n|start\n|switch|p1a: Kamikaze|Samurott-Hisui, M|100\/100\n|switch|p2a: Hikaru|Cinderace, F|100\/100\n|turn|1\n|\n|t:|1700939326\n|move|p2a: Hikaru|U-turn|p1a: Kamikaze\n|-start|p2a: Hikaru|typechange|Bug|[from] ability: Libero\n|-supereffective|p1a: Kamikaze\n|-damage|p1a: Kamikaze|8\/100\n|\n|t:|1700939336\n|switch|p2a: Ishaan|Quagsire, M|100\/100|[from] U-turn\n|move|p1a: Kamikaze|Knock Off|p2a: Ishaan\n|-damage|p2a: Ishaan|68\/100\n|-enditem|p2a: Ishaan|Leftovers|[from] move: Knock Off|[of] p1a: Kamikaze\n|\n|upkeep\n|turn|2\n|\n|t:|1700939345\n|move|p1a: Kamikaze|Ceaseless Edge|p2a: Ishaan\n|-damage|p2a: Ishaan|35\/100\n|-sidestart|p2: swirlingvortexG|Spikes\n|move|p2a: Ishaan|Recover|p2a: Ishaan\n|-heal|p2a: Ishaan|85\/100\n|\n|upkeep\n|turn|3\n|c| AWESOMEDOOMER|the smoke is real\n|\n|t:|1700939353\n|move|p1a: Kamikaze|Ceaseless Edge|p2a: Ishaan\n|-damage|p2a: Ishaan|54\/100\n|-sidestart|p2: swirlingvortexG|Spikes\n|move|p2a: Ishaan|Recover|p2a: Ishaan\n|-heal|p2a: Ishaan|100\/100\n|\n|upkeep\n|turn|4\n|\n|t:|1700939367\n|switch|p2a: Firouzja|Ninetales-Alola, M|100\/100\n|-damage|p2a: Firouzja|84\/100|[from] Spikes\n|-weather|Snow|[from] ability: Snow Warning|[of] p2a: Firouzja\n|move|p1a: Kamikaze|Ceaseless Edge|p2a: Firouzja\n|-resisted|p2a: Firouzja\n|-damage|p2a: Firouzja|66\/100\n|-sidestart|p2: swirlingvortexG|Spikes\n|\n|-weather|Snow|[upkeep]\n|upkeep\n|turn|5\n|\n|t:|1700939379\n|move|p2a: Firouzja|Aurora Veil|p2a: Firouzja\n|-sidestart|p2: swirlingvortexG|move: Aurora Veil\n|move|p1a: Kamikaze|Razor Shell|p2a: Firouzja\n|-damage|p2a: Firouzja|46\/100\n|\n|-weather|Snow|[upkeep]\n|upkeep\n|turn|6\n|\n|t:|1700939388\n|move|p2a: Firouzja|Moonblast|p1a: Kamikaze\n|-supereffective|p1a: Kamikaze\n|-damage|p1a: Kamikaze|0 fnt\n|faint|p1a: Kamikaze\n|\n|-weather|Snow|[upkeep]\n|upkeep\n|\n|t:|1700939407\n|switch|p1a: Ponyboy|Gholdengo|100\/100\n|turn|7\n|\n|t:|1700939437\n|move|p1a: Ponyboy|Make It Rain|p2a: Firouzja\n|-supereffective|p2a: Firouzja\n|-damage|p2a: Firouzja|0 fnt\n|-unboost|p1a: Ponyboy|spa|1\n|faint|p2a: Firouzja\n|\n|-weather|Snow|[upkeep]\n|upkeep\n|\n|t:|1700939441\n|switch|p2a: Hikaru|Cinderace, F|100\/100\n|turn|8\n|\n|t:|1700939464\n|switch|p1a: THE GREAT SYDNEY|Great Tusk|100\/100\n|move|p2a: Hikaru|Pyro Ball|p1a: THE GREAT SYDNEY\n|-damage|p1a: THE GREAT SYDNEY|71\/100\n|\n|-weather|none\n|-heal|p1a: THE GREAT SYDNEY|77\/100|[from] item: Leftovers\n|upkeep\n|turn|9\n|\n|t:|1700939478\n|move|p2a: Hikaru|U-turn|p1a: THE GREAT SYDNEY\n|-start|p2a: Hikaru|typechange|Bug|[from] ability: Libero\n|-resisted|p1a: THE GREAT SYDNEY\n|-damage|p1a: THE GREAT SYDNEY|69\/100\n|\n|t:|1700939481\n|switch|p2a: Ishaan|Quagsire, M|100\/100|[from] U-turn\n|-damage|p2a: Ishaan|76\/100|[from] Spikes\n|move|p1a: THE GREAT SYDNEY|Bulk Up|p1a: THE GREAT SYDNEY\n|-boost|p1a: THE GREAT SYDNEY|atk|1\n|-boost|p1a: THE GREAT SYDNEY|def|1\n|\n|-heal|p1a: THE GREAT SYDNEY|75\/100|[from] item: Leftovers\n|upkeep\n|turn|10\n|\n|t:|1700939510\n|-end|p1a: THE GREAT SYDNEY|Protosynthesis|[silent]\n|switch|p1a: I hate Goktug|Breloom, M|100\/100\n|move|p2a: Ishaan|Toxic|p1a: I hate Goktug\n|-status|p1a: I hate Goktug|tox\n|\n|-damage|p1a: I hate Goktug|94\/100 tox|[from] psn\n|upkeep\n|turn|11\n|\n|t:|1700939531\n|switch|p2a: Hikaru|Cinderace, F|100\/100\n|move|p1a: I hate Goktug|Close Combat|p2a: Hikaru\n|-damage|p2a: Hikaru|33\/100\n|-unboost|p1a: I hate Goktug|def|1\n|-unboost|p1a: I hate Goktug|spd|1\n|\n|-damage|p1a: I hate Goktug|82\/100 tox|[from] psn\n|upkeep\n|turn|12\n|\n|t:|1700939542\n|switch|p1a: Lightning McQueen|Dragonite, F|100\/100\n|move|p2a: Hikaru|Court Change|p2a: Hikaru\n|-start|p2a: Hikaru|typechange|Normal|[from] ability: Libero\n|-swapsideconditions\n|-activate|p2a: Hikaru|move: Court Change\n|\n|-sideend|p1: BeanMasters|move: Aurora Veil\n|upkeep\n|turn|13\n|inactive|swirlingvortexG has 270 seconds left.\n|\n|t:|1700939569\n|move|p1a: Lightning McQueen|Extreme Speed|p2a: Hikaru\n|-damage|p2a: Hikaru|0 fnt\n|faint|p2a: Hikaru\n|\n|upkeep\n|inactive|swirlingvortexG has 270 seconds left.\n|\n|t:|1700939581\n|switch|p2a: Ishaan|Quagsire, M|76\/100\n|turn|14\n|inactive|swirlingvortexG has 270 seconds left.\n|\n|t:|1700939588\n|switch|p1a: THE GREAT SYDNEY|Great Tusk|75\/100\n|-damage|p1a: THE GREAT SYDNEY|50\/100|[from] Spikes\n|move|p2a: Ishaan|Toxic|p1a: THE GREAT SYDNEY\n|-status|p1a: THE GREAT SYDNEY|tox\n|\n|-heal|p1a: THE GREAT SYDNEY|56\/100 tox|[from] item: Leftovers\n|-damage|p1a: THE GREAT SYDNEY|50\/100 tox|[from] psn\n|upkeep\n|turn|15\n|\n|t:|1700939595\n|move|p1a: THE GREAT SYDNEY|Rapid Spin|p2a: Ishaan\n|-damage|p2a: Ishaan|66\/100\n|-boost|p1a: THE GREAT SYDNEY|spe|1\n|-sideend|p1: BeanMasters|Spikes|[from] move: Rapid Spin|[of] p1a: THE GREAT SYDNEY\n|move|p2a: Ishaan|Recover|p2a: Ishaan\n|-heal|p2a: Ishaan|100\/100\n|\n|-heal|p1a: THE GREAT SYDNEY|56\/100 tox|[from] item: Leftovers\n|-damage|p1a: THE GREAT SYDNEY|44\/100 tox|[from] psn\n|upkeep\n|turn|16\n|\n|t:|1700939605\n|-end|p1a: THE GREAT SYDNEY|Protosynthesis|[silent]\n|switch|p1a: I hate Goktug|Breloom, M|82\/100 tox\n|move|p2a: Ishaan|Earthquake|p1a: I hate Goktug\n|-resisted|p1a: I hate Goktug\n|-damage|p1a: I hate Goktug|57\/100 tox\n|\n|-damage|p1a: I hate Goktug|51\/100 tox|[from] psn\n|upkeep\n|turn|17\n|\n|t:|1700939616\n|move|p1a: I hate Goktug|Bullet Seed|p2a: Ishaan\n|-supereffective|p2a: Ishaan\n|-damage|p2a: Ishaan|6\/100\n|-supereffective|p2a: Ishaan\n|-damage|p2a: Ishaan|0 fnt\n|faint|p2a: Ishaan\n|-hitcount|p2: Ishaan|2\n|\n|-damage|p1a: I hate Goktug|39\/100 tox|[from] psn\n|upkeep\n|l| NightWave7777\n|\n|t:|1700939628\n|switch|p2a: Nepo|Heatran, M|100\/100\n|-item|p2a: Nepo|Air Balloon\n|turn|18\n|\n|t:|1700939635\n|switch|p1a: *punches you*|Iron Hands|100\/100\n|move|p2a: Nepo|Magma Storm|p1a: *punches you*\n|-damage|p1a: *punches you*|50\/100\n|-activate|p1a: *punches you*|move: Magma Storm|[of] p2a: Nepo\n|\n|-heal|p1a: *punches you*|56\/100|[from] item: Leftovers\n|-damage|p1a: *punches you*|44\/100|[from] move: Magma Storm|[partiallytrapped]\n|upkeep\n|turn|19\n|j| NightWave7777\n|\n|t:|1700939641\n|move|p2a: Nepo|Earth Power|p1a: *punches you*\n|-supereffective|p1a: *punches you*\n|-damage|p1a: *punches you*|0 fnt\n|faint|p1a: *punches you*\n|-end|p1a: *punches you*|Quark Drive|[silent]\n|\n|upkeep\n|\n|t:|1700939661\n|switch|p1a: THE GREAT SYDNEY|Great Tusk|44\/100 tox\n|turn|20\n|\n|t:|1700939671\n|move|p2a: Nepo|Magma Storm|p1a: THE GREAT SYDNEY|[miss]\n|-miss|p2a: Nepo|p1a: THE GREAT SYDNEY\n|move|p1a: THE GREAT SYDNEY|Rapid Spin|p2a: Nepo\n|-resisted|p2a: Nepo\n|-damage|p2a: Nepo|93\/100\n|-boost|p1a: THE GREAT SYDNEY|spe|1\n|-enditem|p2a: Nepo|Air Balloon\n|\n|-heal|p1a: THE GREAT SYDNEY|50\/100 tox|[from] item: Leftovers\n|-damage|p1a: THE GREAT SYDNEY|44\/100 tox|[from] psn\n|upkeep\n|turn|21\n|\n|t:|1700939679\n|switch|p2a: Suleyman|Ditto|100\/100\n|-transform|p2a: Suleyman|p1a: THE GREAT SYDNEY|[from] ability: Imposter\n|move|p1a: THE GREAT SYDNEY|Earthquake|p2a: Suleyman\n|-damage|p2a: Suleyman|64\/100\n|\n|-heal|p1a: THE GREAT SYDNEY|50\/100 tox|[from] item: Leftovers\n|-damage|p1a: THE GREAT SYDNEY|38\/100 tox|[from] psn\n|upkeep\n|turn|22\n|\n|t:|1700939685\n|move|p2a: Suleyman|Earthquake|p1a: THE GREAT SYDNEY\n|-damage|p1a: THE GREAT SYDNEY|18\/100 tox\n|move|p1a: THE GREAT SYDNEY|Knock Off|p2a: Suleyman\n|-resisted|p2a: Suleyman\n|-damage|p2a: Suleyman|52\/100\n|-enditem|p2a: Suleyman|Choice Scarf|[from] move: Knock Off|[of] p1a: THE GREAT SYDNEY\n|\n|-heal|p1a: THE GREAT SYDNEY|24\/100 tox|[from] item: Leftovers\n|-damage|p1a: THE GREAT SYDNEY|6\/100 tox|[from] psn\n|upkeep\n|turn|23\n|\n|t:|1700939699\n|move|p1a: THE GREAT SYDNEY|Earthquake|p2a: Suleyman\n|-damage|p2a: Suleyman|16\/100\n|move|p2a: Suleyman|Bulk Up|p2a: Suleyman\n|-boost|p2a: Suleyman|atk|1\n|-boost|p2a: Suleyman|def|1\n|\n|-heal|p1a: THE GREAT SYDNEY|12\/100 tox|[from] item: Leftovers\n|-damage|p1a: THE GREAT SYDNEY|0 fnt|[from] psn\n|faint|p1a: THE GREAT SYDNEY\n|-end|p1a: THE GREAT SYDNEY|Protosynthesis|[silent]\n|upkeep\n|\n|t:|1700939704\n|switch|p1a: Lightning McQueen|Dragonite, F|100\/100\n|turn|24\n|\n|t:|1700939709\n|move|p1a: Lightning McQueen|Extreme Speed|p2a: Suleyman\n|-damage|p2a: Suleyman|0 fnt\n|faint|p2a: Suleyman\n|-end|p2a: Suleyman|Protosynthesis|[silent]\n|\n|upkeep\n|\n|t:|1700939715\n|switch|p2a: Magnus|Baxcalibur, M|100\/100\n|turn|25\n|\n|t:|1700939725\n|switch|p1a: I hate Goktug|Breloom, M|39\/100 tox\n|move|p2a: Magnus|Dragon Dance|p2a: Magnus\n|-boost|p2a: Magnus|atk|1\n|-boost|p2a: Magnus|spe|1\n|\n|-damage|p1a: I hate Goktug|33\/100 tox|[from] psn\n|upkeep\n|turn|26\n|\n|t:|1700939733\n|move|p1a: I hate Goktug|Mach Punch|p2a: Magnus\n|-supereffective|p2a: Magnus\n|-damage|p2a: Magnus|5\/100\n|move|p2a: Magnus|Icicle Spear|p1a: I hate Goktug\n|-supereffective|p1a: I hate Goktug\n|-damage|p1a: I hate Goktug|0 fnt\n|faint|p1a: I hate Goktug\n|-hitcount|p1: I hate Goktug|1\n|\n|upkeep\n|\n|t:|1700939739\n|switch|p1a: Lightning McQueen|Dragonite, F|100\/100\n|turn|27\n|\n|t:|1700939741\n|move|p1a: Lightning McQueen|Extreme Speed|p2a: Magnus\n|-damage|p2a: Magnus|0 fnt\n|faint|p2a: Magnus\n|\n|upkeep\n|\n|t:|1700939743\n|switch|p2a: Nepo|Heatran, M|93\/100\n|turn|28\n|-message|swirlingvortexG forfeited.\n|\n|win|BeanMasters\n|l|\u2606BeanMasters\n","uploadtime":1700939764,"views":2,"p1id":"beanmasters","p2id":"swirlingvortexg","formatid":"gen9anythinggoes","rating":0,"private":0,"password":""}