{"id":"gen9anythinggoes-1996563285","p1":"XiroHiganeYT","p2":"DavyCricket","format":"[Gen 9] Anything Goes","log":"|j|\u2606XiroHiganeYT\n|j|\u2606DavyCricket\n|t:|1700694704\n|gametype|singles\n|player|p1|XiroHiganeYT|red|1104\n|player|p2|DavyCricket|hilbert|1202\n|teamsize|p1|6\n|teamsize|p2|5\n|gen|9\n|tier|[Gen 9] Anything Goes\n|rated|\n|rule|HP Percentage Mod: HP is shown in percentages\n|rule|Endless Battle Clause: Forcing endless battles is banned\n|clearpoke\n|poke|p1|Calyrex-Shadow|\n|poke|p1|Regieleki|\n|poke|p1|Landorus-Therian, M|\n|poke|p1|Roaring Moon|\n|poke|p1|Iron Leaves|\n|poke|p1|Miraidon|\n|poke|p2|Chi-Yu|\n|poke|p2|Rotom-Mow|\n|poke|p2|Gastrodon-East, M|\n|poke|p2|Dragonite, F|\n|poke|p2|Scizor, M|\n|teampreview\n|\n|t:|1700694714\n|start\n|switch|p1a: Roaring Moon|Roaring Moon|100\/100\n|switch|p2a: Specter|Rotom-Mow|100\/100\n|-enditem|p1a: Roaring Moon|Booster Energy\n|-activate|p1a: Roaring Moon|ability: Protosynthesis|[fromitem]\n|-start|p1a: Roaring Moon|protosynthesisatk\n|turn|1\n|inactive|Battle timer is ON: inactive players will automatically lose when time's up. (requested by XiroHiganeYT)\n|\n|t:|1700694727\n|move|p2a: Specter|Thunder Wave|p1a: Roaring Moon\n|-status|p1a: Roaring Moon|par\n|move|p1a: Roaring Moon|Dragon Tail|p2a: Specter\n|-damage|p2a: Specter|52\/100\n|drag|p2a: Chi-Yu|Chi-Yu|100\/100\n|-ability|p2a: Chi-Yu|Beads of Ruin\n|\n|upkeep\n|turn|2\n|\n|t:|1700694737\n|move|p2a: Chi-Yu|Dark Pulse|p1a: Roaring Moon\n|-resisted|p1a: Roaring Moon\n|-damage|p1a: Roaring Moon|68\/100 par\n|move|p1a: Roaring Moon|Dragon Rush|p2a: Chi-Yu|[miss]\n|-miss|p1a: Roaring Moon|p2a: Chi-Yu\n|\n|upkeep\n|turn|3\n|\n|t:|1700694748\n|move|p2a: Chi-Yu|Dark Pulse|p1a: Roaring Moon\n|-resisted|p1a: Roaring Moon\n|-damage|p1a: Roaring Moon|36\/100 par\n|cant|p1a: Roaring Moon|par\n|\n|upkeep\n|turn|4\n|\n|t:|1700694754\n|move|p2a: Chi-Yu|Dark Pulse|p1a: Roaring Moon\n|-resisted|p1a: Roaring Moon\n|-damage|p1a: Roaring Moon|4\/100 par\n|move|p1a: Roaring Moon|Dragon Tail|p2a: Chi-Yu\n|-damage|p2a: Chi-Yu|29\/100\n|drag|p2a: Sephiroth|Scizor, M|100\/100\n|\n|upkeep\n|turn|5\n|\n|t:|1700694768\n|cant|p1a: Roaring Moon|par\n|move|p2a: Sephiroth|Swords Dance|p2a: Sephiroth\n|-boost|p2a: Sephiroth|atk|2\n|\n|upkeep\n|turn|6\n|\n|t:|1700694774\n|move|p2a: Sephiroth|Bullet Punch|p1a: Roaring Moon\n|-damage|p1a: Roaring Moon|0 fnt\n|faint|p1a: Roaring Moon\n|-end|p1a: Roaring Moon|Protosynthesis|[silent]\n|\n|upkeep\n|\n|t:|1700694779\n|switch|p1a: Landorus|Landorus-Therian, M, shiny|100\/100\n|-ability|p1a: Landorus|Intimidate|boost\n|-unboost|p2a: Sephiroth|atk|1\n|turn|7\n|\n|t:|1700694787\n|move|p1a: Landorus|Bulldoze|p2a: Sephiroth\n|-crit|p2a: Sephiroth\n|-damage|p2a: Sephiroth|54\/100\n|-unboost|p2a: Sephiroth|spe|1\n|move|p2a: Sephiroth|Dual Wingbeat|p1a: Landorus\n|-damage|p1a: Landorus|61\/100\n|-damage|p1a: Landorus|19\/100\n|-hitcount|p1a: Landorus|2\n|\n|upkeep\n|turn|8\n|\n|t:|1700694799\n|move|p2a: Sephiroth|Bullet Punch|p1a: Landorus\n|-damage|p1a: Landorus|0 fnt\n|faint|p1a: Landorus\n|\n|upkeep\n|\n|t:|1700694804\n|switch|p1a: Miraidon|Miraidon|100\/100\n|-fieldstart|move: Electric Terrain|[from] ability: Hadron Engine|[of] p1a: Miraidon\n|turn|9\n|\n|t:|1700694815\n|move|p2a: Sephiroth|Bullet Punch|p1a: Miraidon\n|-resisted|p1a: Miraidon\n|-damage|p1a: Miraidon|71\/100\n|move|p1a: Miraidon|Electro Drift|p2a: Sephiroth\n|-damage|p2a: Sephiroth|0 fnt\n|faint|p2a: Sephiroth\n|\n|upkeep\n|\n|t:|1700694822\n|switch|p2a: Gaster|Gastrodon-East, M|100\/100\n|turn|10\n|\n|t:|1700694829\n|switch|p1a: Iron Leaves|Iron Leaves|100\/100\n|-activate|p1a: Iron Leaves|ability: Quark Drive\n|-start|p1a: Iron Leaves|quarkdriveatk\n|move|p2a: Gaster|Earthquake|p1a: Iron Leaves\n|-resisted|p1a: Iron Leaves\n|-damage|p1a: Iron Leaves|84\/100\n|\n|upkeep\n|turn|11\n|\n|t:|1700694841\n|switch|p2a: Specter|Rotom-Mow|52\/100\n|move|p1a: Iron Leaves|Trailblaze|p2a: Specter\n|-resisted|p2a: Specter\n|-damage|p2a: Specter|34\/100\n|-boost|p1a: Iron Leaves|spe|1\n|\n|upkeep\n|turn|12\n|\n|t:|1700694851\n|move|p1a: Iron Leaves|Psyblade|p2a: Specter\n|-damage|p2a: Specter|0 fnt\n|faint|p2a: Specter\n|\n|upkeep\n|\n|t:|1700694855\n|switch|p2a: Fangora|Dragonite, F|100\/100\n|turn|13\n|\n|t:|1700694861\n|move|p1a: Iron Leaves|Psyblade|p2a: Fangora\n|-damage|p2a: Fangora|54\/100\n|move|p2a: Fangora|Hurricane|p1a: Iron Leaves\n|-supereffective|p1a: Iron Leaves\n|-damage|p1a: Iron Leaves|0 fnt\n|faint|p1a: Iron Leaves\n|-end|p1a: Iron Leaves|Quark Drive|[silent]\n|\n|upkeep\n|\n|t:|1700694872\n|switch|p1a: Miraidon|Miraidon|71\/100\n|-activate|p1a: Miraidon|ability: Hadron Engine\n|turn|14\n|\n|t:|1700694880\n|-terastallize|p2a: Fangora|Normal\n|move|p2a: Fangora|Extreme Speed|p1a: Miraidon\n|-damage|p1a: Miraidon|30\/100\n|move|p1a: Miraidon|Dragon Pulse|p2a: Fangora\n|-damage|p2a: Fangora|0 fnt\n|faint|p2a: Fangora\n|\n|upkeep\n|\n|t:|1700694888\n|switch|p2a: Gaster|Gastrodon-East, M|100\/100\n|turn|15\n|\n|t:|1700694892\n|move|p1a: Miraidon|Dragon Pulse|p2a: Gaster\n|-damage|p2a: Gaster|39\/100\n|move|p2a: Gaster|Earthquake|p1a: Miraidon\n|-supereffective|p1a: Miraidon\n|-damage|p1a: Miraidon|0 fnt\n|faint|p1a: Miraidon\n|\n|-heal|p2a: Gaster|45\/100|[from] item: Leftovers\n|upkeep\n|\n|t:|1700694895\n|switch|p1a: Calyrex|Calyrex-Shadow|100\/100\n|-ability|p1a: Calyrex|As One\n|-ability|p1a: Calyrex|Unnerve\n|turn|16\n|\n|t:|1700694909\n|move|p1a: Calyrex|Astral Barrage|p2a: Gaster\n|-damage|p2a: Gaster|0 fnt\n|faint|p2a: Gaster\n|-ability|p1a: Calyrex|Grim Neigh|boost\n|-boost|p1a: Calyrex|spa|1\n|\n|-fieldend|move: Electric Terrain\n|upkeep\n|\n|t:|1700694916\n|switch|p2a: Chi-Yu|Chi-Yu|29\/100\n|-ability|p2a: Chi-Yu|Beads of Ruin\n|turn|17\n|\n|t:|1700694922\n|move|p1a: Calyrex|Draining Kiss|p2a: Chi-Yu\n|-damage|p2a: Chi-Yu|0 fnt\n|faint|p2a: Chi-Yu\n|\n|win|XiroHiganeYT\n|raw|XiroHiganeYT's rating: 1104 &rarr; <strong>1136<\/strong><br \/>(+32 for winning)\n|raw|DavyCricket's rating: 1202 &rarr; <strong>1170<\/strong><br \/>(-32 for losing)\n|c|\u2606DavyCricket|gg\n|l|\u2606XiroHiganeYT\n","uploadtime":1700694929,"views":1,"p1id":"xirohiganeyt","p2id":"davycricket","formatid":"gen9anythinggoes","rating":1136,"private":0,"password":""}