{"id":"gen9anythinggoes-1980375448","p1":"Koenni_1902","p2":"Skitty Kitty x3","format":"[Gen 9] Anything Goes","log":"|j|\u2606Koenni_1902\n|j|\u2606Skitty Kitty x3\n|t:|1698779487\n|gametype|singles\n|player|p1|Koenni_1902|benga|\n|player|p2|Skitty Kitty x3|nemona-v|\n|teamsize|p1|6\n|teamsize|p2|6\n|gen|9\n|tier|[Gen 9] Anything Goes\n|rule|HP Percentage Mod: HP is shown in percentages\n|rule|Endless Battle Clause: Forcing endless battles is banned\n|clearpoke\n|poke|p1|Dialga|\n|poke|p1|Mewtwo|\n|poke|p1|Arceus-Electric|\n|poke|p1|Mandibuzz, F|\n|poke|p1|Urshifu-*, M|\n|poke|p1|Slowking-Galar, M|\n|poke|p2|Arceus-Psychic|\n|poke|p2|Naclstack, F|\n|poke|p2|Cyclizar, M|\n|poke|p2|Zacian-*|\n|poke|p2|Umbreon, M|\n|poke|p2|Palkia-Origin|\n|teampreview\n|c|\u2606Koenni_1902|gl hf\n|c|\u2606Skitty Kitty x3|you too ^^\n|\n|t:|1698779602\n|start\n|switch|p1a: John|Urshifu-Rapid-Strike, M|100\/100\n|switch|p2a: Cyclizar|Cyclizar, M|100\/100\n|turn|1\n|\n|t:|1698779663\n|move|p1a: John|Close Combat|p2a: Cyclizar\n|-supereffective|p2a: Cyclizar\n|-damage|p2a: Cyclizar|0 fnt\n|-unboost|p1a: John|def|1\n|-unboost|p1a: John|spd|1\n|faint|p2a: Cyclizar\n|\n|upkeep\n|\n|t:|1698779679\n|switch|p2a: Arceus|Arceus-Psychic|100\/100\n|turn|2\n|\n|t:|1698779706\n|switch|p1a: Dean|Dialga|100\/100\n|-ability|p1a: Dean|Pressure\n|move|p2a: Arceus|Calm Mind|p2a: Arceus\n|-boost|p2a: Arceus|spa|1\n|-boost|p2a: Arceus|spd|1\n|\n|upkeep\n|turn|3\n|\n|t:|1698779726\n|move|p2a: Arceus|Calm Mind|p2a: Arceus\n|-boost|p2a: Arceus|spa|1\n|-boost|p2a: Arceus|spd|1\n|move|p1a: Dean|Roar|p2a: Arceus\n|drag|p2a: Naclstack|Naclstack, F|100\/100\n|\n|upkeep\n|turn|4\n|\n|t:|1698779744\n|move|p1a: Dean|Flash Cannon|p2a: Naclstack\n|-supereffective|p2a: Naclstack\n|-damage|p2a: Naclstack|0 fnt\n|faint|p2a: Naclstack\n|\n|upkeep\n|\n|t:|1698779917\n|switch|p2a: Palkia|Palkia-Origin|100\/100\n|-ability|p2a: Palkia|Pressure\n|turn|5\n|\n|t:|1698779948\n|switch|p1a: Azael|Arceus-Electric|100\/100\n|move|p2a: Palkia|Earth Power|p1a: Azael\n|-supereffective|p1a: Azael\n|-damage|p1a: Azael|58\/100\n|\n|upkeep\n|turn|6\n|\n|t:|1698779972\n|move|p2a: Palkia|Dragon Breath|p1a: Azael\n|-damage|p1a: Azael|30\/100\n|move|p1a: Azael|Recover|p1a: Azael\n|-heal|p1a: Azael|80\/100\n|\n|upkeep\n|turn|7\n|\n|t:|1698779988\n|move|p2a: Palkia|Water Pulse|p1a: Azael\n|-crit|p1a: Azael\n|-damage|p1a: Azael|42\/100\n|move|p1a: Azael|Thunder Wave|p2a: Palkia\n|-status|p2a: Palkia|par\n|\n|upkeep\n|turn|8\n|\n|t:|1698779993\n|move|p1a: Azael|Recover|p1a: Azael\n|-heal|p1a: Azael|92\/100\n|cant|p2a: Palkia|par\n|\n|upkeep\n|turn|9\n|\n|t:|1698779997\n|move|p1a: Azael|Judgment|p2a: Palkia\n|-damage|p2a: Palkia|47\/100 par\n|cant|p2a: Palkia|par\n|\n|upkeep\n|turn|10\n|\n|t:|1698780002\n|switch|p2a: Umbreon|Umbreon, M|100\/100\n|move|p1a: Azael|Judgment|p2a: Umbreon\n|-damage|p2a: Umbreon|61\/100\n|\n|-heal|p2a: Umbreon|67\/100|[from] item: Leftovers\n|upkeep\n|turn|11\n|\n|t:|1698780035\n|move|p1a: Azael|Thunder Wave|p2a: Umbreon\n|-status|p2a: Umbreon|par\n|-activate|p2a: Umbreon|ability: Synchronize\n|-immune|p1a: Azael\n|move|p2a: Umbreon|Wish|p2a: Umbreon\n|\n|-heal|p2a: Umbreon|73\/100 par|[from] item: Leftovers\n|upkeep\n|turn|12\n|\n|t:|1698780043\n|move|p1a: Azael|Judgment|p2a: Umbreon\n|-damage|p2a: Umbreon|30\/100 par\n|move|p2a: Umbreon|Baton Pass|p2a: Umbreon\n|\n|t:|1698780047\n|switch|p2a: Palkia|Palkia-Origin|47\/100 par|[from] Baton Pass\n|-ability|p2a: Palkia|Pressure\n|\n|-heal|p2a: Palkia|100\/100 par|[from] move: Wish|[wisher] Umbreon\n|upkeep\n|turn|13\n|\n|t:|1698780052\n|move|p1a: Azael|Judgment|p2a: Palkia\n|-damage|p2a: Palkia|41\/100 par\n|move|p2a: Palkia|Ancient Power|p1a: Azael\n|-damage|p1a: Azael|76\/100\n|\n|upkeep\n|turn|14\n|\n|t:|1698780087\n|switch|p2a: Umbreon|Umbreon, M|30\/100 par\n|move|p1a: Azael|Judgment|p2a: Umbreon\n|-damage|p2a: Umbreon|0 fnt\n|faint|p2a: Umbreon\n|\n|upkeep\n|\n|t:|1698780095\n|switch|p2a: Palkia|Palkia-Origin|41\/100 par\n|-ability|p2a: Palkia|Pressure\n|turn|15\n|\n|t:|1698780100\n|move|p1a: Azael|Judgment|p2a: Palkia\n|-damage|p2a: Palkia|0 fnt\n|faint|p2a: Palkia\n|\n|upkeep\n|\n|t:|1698780130\n|switch|p2a: Zacian|Zacian|100\/100\n|-ability|p2a: Zacian|Intrepid Sword|boost\n|-boost|p2a: Zacian|atk|1\n|turn|16\n|\n|t:|1698780140\n|move|p2a: Zacian|Play Rough|p1a: Azael\n|-damage|p1a: Azael|34\/100\n|move|p1a: Azael|Judgment|p2a: Zacian\n|-damage|p2a: Zacian|45\/100\n|\n|upkeep\n|turn|17\n|\n|t:|1698780148\n|switch|p1a: Jo|Slowking-Galar, M|100\/100\n|move|p2a: Zacian|Play Rough|p1a: Jo\n|-resisted|p1a: Jo\n|-damage|p1a: Jo|77\/100\n|\n|upkeep\n|turn|18\n|\n|t:|1698780164\n|move|p2a: Zacian|Play Rough|p1a: Jo\n|-resisted|p1a: Jo\n|-damage|p1a: Jo|53\/100\n|move|p1a: Jo|Sludge Bomb|p2a: Zacian\n|-supereffective|p2a: Zacian\n|-damage|p2a: Zacian|0 fnt\n|faint|p2a: Zacian\n|\n|upkeep\n|\n|t:|1698780172\n|switch|p2a: Arceus|Arceus-Psychic|100\/100\n|turn|19\n|\n|t:|1698780182\n|move|p2a: Arceus|Calm Mind|p2a: Arceus\n|-boost|p2a: Arceus|spa|1\n|-boost|p2a: Arceus|spd|1\n|move|p1a: Jo|Sludge Bomb|p2a: Arceus\n|-damage|p2a: Arceus|88\/100\n|\n|upkeep\n|turn|20\n|\n|t:|1698780189\n|move|p2a: Arceus|Calm Mind|p2a: Arceus\n|-boost|p2a: Arceus|spa|1\n|-boost|p2a: Arceus|spd|1\n|move|p1a: Jo|Chilly Reception|p1a: Jo\n|-weather|Snow\n|\n|t:|1698780211\n|switch|p1a: Meg|Mandibuzz, F|100\/100|[from] Chilly Reception\n|\n|-weather|Snow|[upkeep]\n|upkeep\n|turn|21\n|\n|t:|1698780243\n|move|p2a: Arceus|Dazzling Gleam|p1a: Meg\n|-supereffective|p1a: Meg\n|-damage|p1a: Meg|28\/100\n|move|p1a: Meg|U-turn|p2a: Arceus\n|-supereffective|p2a: Arceus\n|-damage|p2a: Arceus|73\/100\n|\n|t:|1698780301\n|switch|p1a: John|Urshifu-Rapid-Strike, M|100\/100|[from] U-turn\n|\n|-weather|Snow|[upkeep]\n|upkeep\n|turn|22\n|\n|t:|1698780314\n|move|p1a: John|U-turn|p2a: Arceus\n|-supereffective|p2a: Arceus\n|-damage|p2a: Arceus|39\/100\n|\n|t:|1698780319\n|switch|p1a: Meg|Mandibuzz, F|28\/100|[from] U-turn\n|move|p2a: Arceus|Stored Power|p1a: Meg\n|-immune|p1a: Meg\n|\n|-weather|Snow|[upkeep]\n|upkeep\n|turn|23\n|\n|t:|1698780329\n|move|p2a: Arceus|Recover|p2a: Arceus\n|-heal|p2a: Arceus|89\/100\n|move|p1a: Meg|Knock Off|p2a: Arceus\n|-supereffective|p2a: Arceus\n|-damage|p2a: Arceus|66\/100\n|\n|-weather|Snow|[upkeep]\n|upkeep\n|turn|24\n|\n|t:|1698780351\n|move|p2a: Arceus|Recover|p2a: Arceus\n|-heal|p2a: Arceus|100\/100\n|move|p1a: Meg|U-turn|p2a: Arceus\n|-supereffective|p2a: Arceus\n|-damage|p2a: Arceus|85\/100\n|\n|t:|1698780389\n|switch|p1a: John|Urshifu-Rapid-Strike, M|100\/100|[from] U-turn\n|\n|-weather|none\n|upkeep\n|turn|25\n|\n|t:|1698780417\n|move|p1a: John|U-turn|p2a: Arceus\n|-supereffective|p2a: Arceus\n|-damage|p2a: Arceus|46\/100\n|\n|t:|1698780423\n|switch|p1a: Jo|Slowking-Galar, M|86\/100|[from] U-turn\n|move|p2a: Arceus|Calm Mind|p2a: Arceus\n|-boost|p2a: Arceus|spa|1\n|-boost|p2a: Arceus|spd|1\n|\n|upkeep\n|turn|26\n|\n|t:|1698780428\n|move|p2a: Arceus|Recover|p2a: Arceus\n|-heal|p2a: Arceus|96\/100\n|move|p1a: Jo|Sludge Bomb|p2a: Arceus\n|-damage|p2a: Arceus|89\/100\n|\n|upkeep\n|turn|27\n|\n|t:|1698780435\n|move|p2a: Arceus|Stored Power|p1a: Jo\n|-damage|p1a: Jo|0 fnt\n|faint|p1a: Jo\n|\n|upkeep\n|\n|t:|1698780442\n|switch|p1a: Sam|Mewtwo|100\/100\n|-ability|p1a: Sam|Pressure\n|turn|28\n|\n|t:|1698780449\n|move|p1a: Sam|Dark Pulse|p2a: Arceus\n|-supereffective|p2a: Arceus\n|-damage|p2a: Arceus|71\/100\n|move|p2a: Arceus|Dazzling Gleam|p1a: Sam\n|-damage|p1a: Sam|42\/100\n|\n|upkeep\n|turn|29\n|\n|t:|1698780463\n|move|p1a: Sam|Dark Pulse|p2a: Arceus\n|-supereffective|p2a: Arceus\n|-damage|p2a: Arceus|51\/100\n|cant|p2a: Arceus|flinch\n|\n|upkeep\n|turn|30\n|\n|t:|1698780469\n|move|p1a: Sam|Dark Pulse|p2a: Arceus\n|-supereffective|p2a: Arceus\n|-damage|p2a: Arceus|31\/100\n|move|p2a: Arceus|Recover|p2a: Arceus\n|-heal|p2a: Arceus|81\/100\n|\n|upkeep\n|turn|31\n|\n|t:|1698780475\n|move|p1a: Sam|Dark Pulse|p2a: Arceus\n|-supereffective|p2a: Arceus\n|-damage|p2a: Arceus|63\/100\n|move|p2a: Arceus|Dazzling Gleam|p1a: Sam\n|-damage|p1a: Sam|0 fnt\n|faint|p1a: Sam\n|\n|upkeep\n|\n|t:|1698780483\n|switch|p1a: Dean|Dialga|100\/100\n|-ability|p1a: Dean|Pressure\n|turn|32\n|\n|t:|1698780490\n|move|p2a: Arceus|Recover|p2a: Arceus\n|-heal|p2a: Arceus|100\/100\n|move|p1a: Dean|Flash Cannon|p2a: Arceus\n|-damage|p2a: Arceus|92\/100\n|\n|upkeep\n|turn|33\n|\n|t:|1698780507\n|move|p2a: Arceus|Stored Power|p1a: Dean\n|-resisted|p1a: Dean\n|-damage|p1a: Dean|29\/100\n|move|p1a: Dean|Flash Cannon|p2a: Arceus\n|-damage|p2a: Arceus|83\/100\n|\n|-heal|p1a: Dean|35\/100|[from] item: Leftovers\n|upkeep\n|turn|34\n|\n|t:|1698780516\n|switch|p1a: Meg|Mandibuzz, F|28\/100\n|move|p2a: Arceus|Stored Power|p1a: Meg\n|-immune|p1a: Meg\n|\n|upkeep\n|turn|35\n|\n|t:|1698780522\n|move|p2a: Arceus|Dazzling Gleam|p1a: Meg\n|-supereffective|p1a: Meg\n|-damage|p1a: Meg|0 fnt\n|faint|p1a: Meg\n|\n|upkeep\n|\n|t:|1698780527\n|switch|p1a: Azael|Arceus-Electric|34\/100\n|turn|36\n|\n|t:|1698780532\n|move|p2a: Arceus|Stored Power|p1a: Azael\n|-damage|p1a: Azael|0 fnt\n|faint|p1a: Azael\n|\n|upkeep\n|\n|t:|1698780534\n|switch|p1a: John|Urshifu-Rapid-Strike, M|100\/100\n|turn|37\n|\n|t:|1698780536\n|move|p1a: John|U-turn|p2a: Arceus\n|-supereffective|p2a: Arceus\n|-damage|p2a: Arceus|46\/100\n|\n|t:|1698780557\n|switch|p1a: Dean|Dialga|35\/100|[from] U-turn\n|-ability|p1a: Dean|Pressure\n|move|p2a: Arceus|Stored Power|p1a: Dean\n|-resisted|p1a: Dean\n|-damage|p1a: Dean|0 fnt\n|faint|p1a: Dean\n|\n|upkeep\n|\n|t:|1698780559\n|switch|p1a: John|Urshifu-Rapid-Strike, M|100\/100\n|turn|38\n|\n|t:|1698780563\n|move|p1a: John|Surging Strikes|p2a: Arceus\n|-crit|p2a: Arceus\n|-damage|p2a: Arceus|32\/100\n|-crit|p2a: Arceus\n|-damage|p2a: Arceus|18\/100\n|-crit|p2a: Arceus\n|-damage|p2a: Arceus|4\/100\n|-hitcount|p2a: Arceus|3\n|move|p2a: Arceus|Stored Power|p1a: John\n|-supereffective|p1a: John\n|-damage|p1a: John|0 fnt\n|faint|p1a: John\n|\n|win|Skitty Kitty x3\n|c|\u2606Skitty Kitty x3|schickst du?\n|c|\u2606Koenni_1902|gg, hab gemisscklicked xd\n","uploadtime":1698780583,"views":43,"p1id":"koenni1902","p2id":"skittykittyx3","formatid":"gen9anythinggoes","rating":0,"private":0,"password":""}