{"id":"gen9anythinggoes-1971637980","p1":"DeltaDrago (BTT)","p2":"TheMixer_Volume","format":"[Gen 9] Anything Goes","log":"|j|\u2606DeltaDrago (BTT)\n|j|\u2606TheMixer_Volume\n|t:|1697755920\n|gametype|singles\n|player|p1|DeltaDrago (BTT)|169|1000\n|player|p2|TheMixer_Volume|2|1040\n|teamsize|p1|6\n|teamsize|p2|6\n|gen|9\n|tier|[Gen 9] Anything Goes\n|rated|\n|rule|HP Percentage Mod: HP is shown in percentages\n|rule|Endless Battle Clause: Forcing endless battles is banned\n|clearpoke\n|poke|p1|Applin, M|\n|poke|p1|Flapple, M|\n|poke|p1|Appletun, M|\n|poke|p1|Dipplin, M|\n|poke|p1|Dipplin, M|\n|poke|p1|Leavanny, M|\n|poke|p2|Umbreon, F|\n|poke|p2|Flareon, F|\n|poke|p2|Jolteon, M|\n|poke|p2|Vaporeon, M|\n|poke|p2|Sylveon, F|\n|poke|p2|Espeon, M|\n|teampreview\n|\n|t:|1697755930\n|start\n|switch|p1a: Stash|Leavanny, M, shiny|100\/100\n|switch|p2a: Jolteon|Jolteon, M|100\/100\n|turn|1\n|inactive|Battle timer is ON: inactive players will automatically lose when time's up. (requested by TheMixer_Volume)\n|\n|t:|1697755937\n|move|p2a: Jolteon|Agility|p2a: Jolteon\n|-boost|p2a: Jolteon|spe|2\n|move|p1a: Stash|Substitute|p1a: Stash\n|-start|p1a: Stash|Substitute\n|-damage|p1a: Stash|76\/100\n|\n|upkeep\n|turn|2\n|\n|t:|1697755948\n|move|p2a: Jolteon|Agility|p2a: Jolteon\n|-boost|p2a: Jolteon|spe|2\n|move|p1a: Stash|Swords Dance|p1a: Stash\n|-boost|p1a: Stash|atk|2\n|\n|upkeep\n|turn|3\n|\n|t:|1697755956\n|move|p2a: Jolteon|Baton Pass|p2a: Jolteon\n|\n|t:|1697755959\n|switch|p2a: Vaporeon|Vaporeon, M|100\/100|[from] Baton Pass\n|move|p1a: Stash|Agility|p1a: Stash\n|-boost|p1a: Stash|spe|2\n|\n|upkeep\n|turn|4\n|\n|t:|1697755970\n|move|p2a: Vaporeon|Acid Armor|p2a: Vaporeon\n|-boost|p2a: Vaporeon|def|2\n|move|p1a: Stash|Swords Dance|p1a: Stash\n|-boost|p1a: Stash|atk|2\n|\n|upkeep\n|turn|5\n|\n|t:|1697755978\n|move|p2a: Vaporeon|Baton Pass|p2a: Vaporeon\n|\n|t:|1697755982\n|switch|p2a: Sylveon|Sylveon, F|100\/100|[from] Baton Pass\n|move|p1a: Stash|Agility|p1a: Stash\n|-boost|p1a: Stash|spe|2\n|\n|upkeep\n|turn|6\n|\n|t:|1697755995\n|move|p1a: Stash|Swords Dance|p1a: Stash\n|-boost|p1a: Stash|atk|2\n|move|p2a: Sylveon|Calm Mind|p2a: Sylveon\n|-boost|p2a: Sylveon|spa|1\n|-boost|p2a: Sylveon|spd|1\n|\n|upkeep\n|turn|7\n|\n|t:|1697756002\n|move|p1a: Stash|Agility|p1a: Stash\n|-boost|p1a: Stash|spe|2\n|move|p2a: Sylveon|Calm Mind|p2a: Sylveon\n|-boost|p2a: Sylveon|spa|1\n|-boost|p2a: Sylveon|spd|1\n|\n|upkeep\n|turn|8\n|\n|t:|1697756008\n|move|p1a: Stash|Baton Pass|p1a: Stash\n|\n|t:|1697756019\n|switch|p1a: Munchy|Appletun, M, shiny|100\/100|[from] Baton Pass\n|move|p2a: Sylveon|Baton Pass|p2a: Sylveon\n|\n|t:|1697756027\n|switch|p2a: Espeon|Espeon, M|100\/100|[from] Baton Pass\n|\n|upkeep\n|turn|9\n|\n|t:|1697756037\n|move|p2a: Espeon|Stored Power|p1a: Munchy\n|-end|p1a: Munchy|Substitute\n|move|p1a: Munchy|Iron Defense|p1a: Munchy\n|-boost|p1a: Munchy|def|2\n|\n|upkeep\n|turn|10\n|\n|t:|1697756046\n|move|p2a: Espeon|Stored Power|p1a: Munchy\n|-damage|p1a: Munchy|0 fnt\n|faint|p1a: Munchy\n|\n|upkeep\n|\n|t:|1697756054\n|switch|p1a: Wyrm|Flapple, M, shiny|100\/100\n|turn|11\n|\n|t:|1697756058\n|move|p1a: Wyrm|Sucker Punch|p2a: Espeon|[miss]\n|-miss|p1a: Wyrm|p2a: Espeon\n|move|p2a: Espeon|Stored Power|p1a: Wyrm\n|-damage|p1a: Wyrm|0 fnt\n|faint|p1a: Wyrm\n|\n|upkeep\n|\n|t:|1697756065\n|switch|p1a: Dip'n'Stick|Dipplin, M, shiny|100\/100\n|-ability|p1a: Dip'n'Stick|Supersweet Syrup\n|-ability|p1a: Dip'n'Stick|Supersweet Syrup|boost\n|-unboost|p2a: Espeon|evasion|1\n|turn|12\n|\n|t:|1697756076\n|move|p2a: Espeon|Stored Power|p1a: Dip'n'Stick\n|-damage|p1a: Dip'n'Stick|0 fnt\n|faint|p1a: Dip'n'Stick\n|\n|upkeep\n|\n|t:|1697756083\n|switch|p1a: Ghidorah|Dipplin, M|100\/100\n|-ability|p1a: Ghidorah|Supersweet Syrup\n|-ability|p1a: Ghidorah|Supersweet Syrup|boost\n|-unboost|p2a: Espeon|evasion|1\n|turn|13\n|\n|t:|1697756092\n|move|p2a: Espeon|Stored Power|p1a: Ghidorah\n|-damage|p1a: Ghidorah|0 fnt\n|faint|p1a: Ghidorah\n|\n|upkeep\n|\n|t:|1697756097\n|switch|p1a: Tumble|Applin, M, shiny|100\/100\n|turn|14\n|\n|t:|1697756102\n|-terastallize|p1a: Tumble|Rock\n|move|p2a: Espeon|Stored Power|p1a: Tumble\n|-damage|p1a: Tumble|0 fnt\n|faint|p1a: Tumble\n|\n|upkeep\n|\n|t:|1697756107\n|switch|p1a: Stash|Leavanny, M, shiny|76\/100\n|turn|15\n|\n|t:|1697756115\n|move|p2a: Espeon|Stored Power|p1a: Stash\n|-damage|p1a: Stash|0 fnt\n|faint|p1a: Stash\n|\n|win|TheMixer_Volume\n|raw|DeltaDrago (BTT)'s rating: 1000 &rarr; <strong>1000<\/strong><br \/>(+0 for losing)\n|raw|TheMixer_Volume's rating: 1040 &rarr; <strong>1070<\/strong><br \/>(+30 for winning)\n|c|\u2606DeltaDrago (BTT)|gg\n|c|\u2606TheMixer_Volume|gg\n|c|\u2606TheMixer_Volume|well played\n","uploadtime":1697756139,"views":7,"p1id":"deltadragobtt","p2id":"themixervolume","formatid":"gen9anythinggoes","rating":1000,"private":0,"password":""}