{"id":"gen9anythinggoes-1972462409","p1":"jxjpenguin","p2":"TheLocalOnion","format":"[Gen 9] Anything Goes","log":"|j|\u2606jxjpenguin\n|j|\u2606TheLocalOnion\n|t:|1697845558\n|gametype|singles\n|player|p1|jxjpenguin|elesa|\n|player|p2|TheLocalOnion|266|\n|teamsize|p1|6\n|teamsize|p2|6\n|gen|9\n|tier|[Gen 9] Anything Goes\n|rule|HP Percentage Mod: HP is shown in percentages\n|rule|Endless Battle Clause: Forcing endless battles is banned\n|clearpoke\n|poke|p1|Gardevoir, F|\n|poke|p1|Samurott-Hisui, M|\n|poke|p1|Ogerpon-Hearthflame, F|\n|poke|p1|Dragapult, M|\n|poke|p1|Mudsdale, M|\n|poke|p1|Tsareena, F|\n|poke|p2|Hydreigon, M|\n|poke|p2|Gengar, M|\n|poke|p2|Chesnaught, M|\n|poke|p2|Mew|\n|poke|p2|Sandy Shocks|\n|poke|p2|Moltres|\n|teampreview\n|j| Lickilicky7\n|c|\u2606jxjpenguin|hi\n|\n|t:|1697845612\n|start\n|switch|p1a: Seal Goodman|Samurott-Hisui, M, shiny|100\/100\n|switch|p2a: Spike|Sandy Shocks|100\/100\n|turn|1\n|j| Ryno5311\n|j| Nuwyrm\n|l| Ryno5311\n|\n|t:|1697845637\n|move|p1a: Seal Goodman|Aqua Jet|p2a: Spike\n|-supereffective|p2a: Spike\n|-damage|p2a: Spike|66\/100\n|move|p2a: Spike|Sunny Day|p2a: Spike\n|-weather|SunnyDay\n|-activate|p2a: Spike|ability: Protosynthesis\n|-start|p2a: Spike|protosynthesisspa\n|\n|-weather|SunnyDay|[upkeep]\n|upkeep\n|turn|2\n|j| Ryno5311\n|\n|t:|1697845648\n|move|p1a: Seal Goodman|Ceaseless Edge|p2a: Spike|[miss]\n|-miss|p1a: Seal Goodman|p2a: Spike\n|move|p2a: Spike|Thunderbolt|p1a: Seal Goodman\n|-supereffective|p1a: Seal Goodman\n|-damage|p1a: Seal Goodman|0 fnt\n|faint|p1a: Seal Goodman\n|\n|-weather|SunnyDay|[upkeep]\n|upkeep\n|\n|t:|1697845685\n|switch|p1a: Samuel L. Jackson|Mudsdale, M, shiny|100\/100\n|turn|3\n|\n|t:|1697845709\n|move|p2a: Spike|Body Press|p1a: Samuel L. Jackson\n|-damage|p1a: Samuel L. Jackson|81\/100\n|-ability|p1a: Samuel L. Jackson|Stamina|boost\n|-boost|p1a: Samuel L. Jackson|def|1\n|move|p1a: Samuel L. Jackson|Earthquake|p2a: Spike\n|-supereffective|p2a: Spike\n|-damage|p2a: Spike|0 fnt\n|faint|p2a: Spike\n|-end|p2a: Spike|Protosynthesis|[silent]\n|\n|-weather|SunnyDay|[upkeep]\n|upkeep\n|\n|t:|1697845727\n|switch|p2a: Aaron Burr|Chesnaught, M|100\/100\n|turn|4\n|\n|t:|1697845746\n|move|p2a: Aaron Burr|Giga Drain|p1a: Samuel L. Jackson\n|-supereffective|p1a: Samuel L. Jackson\n|-damage|p1a: Samuel L. Jackson|54\/100\n|-ability|p1a: Samuel L. Jackson|Stamina|boost\n|-boost|p1a: Samuel L. Jackson|def|1\n|move|p1a: Samuel L. Jackson|Body Press|p2a: Aaron Burr\n|-damage|p2a: Aaron Burr|68\/100\n|-damage|p1a: Samuel L. Jackson|37\/100|[from] item: Rocky Helmet|[of] p2a: Aaron Burr\n|\n|-weather|SunnyDay|[upkeep]\n|upkeep\n|turn|5\n|\n|t:|1697845760\n|switch|p1a: NotADreamReference|Ogerpon-Hearthflame, F|100\/100\n|-ability|p1a: NotADreamReference|Mold Breaker\n|move|p2a: Aaron Burr|Giga Drain|p1a: NotADreamReference\n|-resisted|p1a: NotADreamReference\n|-damage|p1a: NotADreamReference|95\/100\n|-heal|p2a: Aaron Burr|71\/100|[from] drain|[of] p1a: NotADreamReference\n|\n|-weather|none\n|upkeep\n|turn|6\n|\n|t:|1697845777\n|-terastallize|p2a: Aaron Burr|Rock\n|move|p1a: NotADreamReference|Ivy Cudgel|p2a: Aaron Burr\n|-resisted|p2a: Aaron Burr\n|-damage|p2a: Aaron Burr|46\/100\n|move|p2a: Aaron Burr|Rock Slide|p1a: NotADreamReference\n|-supereffective|p1a: NotADreamReference\n|-damage|p1a: NotADreamReference|0 fnt\n|faint|p1a: NotADreamReference\n|\n|upkeep\n|\n|t:|1697845798\n|switch|p1a: The Queen|Tsareena, F, shiny|100\/100\n|turn|7\n|\n|t:|1697845811\n|move|p1a: The Queen|Seed Bomb|p2a: Aaron Burr\n|-supereffective|p2a: Aaron Burr\n|-damage|p2a: Aaron Burr|0 fnt\n|faint|p2a: Aaron Burr\n|\n|upkeep\n|\n|t:|1697845820\n|switch|p2a: Fawkes|Moltres|100\/100\n|turn|8\n|\n|t:|1697845841\n|move|p2a: Fawkes|Flamethrower|p1a: The Queen\n|-supereffective|p1a: The Queen\n|-damage|p1a: The Queen|10\/100\n|-enditem|p1a: The Queen|Aguav Berry|[eat]\n|-heal|p1a: The Queen|44\/100|[from] item: Aguav Berry\n|move|p1a: The Queen|Play Rough|p2a: Fawkes\n|-resisted|p2a: Fawkes\n|-damage|p2a: Fawkes|82\/100\n|\n|upkeep\n|turn|9\n|\n|t:|1697845854\n|move|p2a: Fawkes|Flamethrower|p1a: The Queen\n|-supereffective|p1a: The Queen\n|-damage|p1a: The Queen|0 fnt\n|faint|p1a: The Queen\n|\n|upkeep\n|\n|t:|1697845859\n|switch|p1a: Samuel L. Jackson|Mudsdale, M, shiny|37\/100\n|turn|10\n|\n|t:|1697845871\n|-terastallize|p1a: Samuel L. Jackson|Water\n|move|p2a: Fawkes|Solar Beam||[still]\n|-prepare|p2a: Fawkes|Solar Beam\n|move|p1a: Samuel L. Jackson|Tera Blast|p2a: Fawkes|[anim] Tera Blast Water\n|-supereffective|p2a: Fawkes\n|-damage|p2a: Fawkes|0 fnt\n|faint|p2a: Fawkes\n|\n|upkeep\n|\n|t:|1697845890\n|switch|p2a: Abyss|Gengar, M|100\/100\n|turn|11\n|\n|t:|1697845909\n|move|p2a: Abyss|Giga Drain|p1a: Samuel L. Jackson\n|-supereffective|p1a: Samuel L. Jackson\n|-damage|p1a: Samuel L. Jackson|0 fnt\n|faint|p1a: Samuel L. Jackson\n|\n|upkeep\n|\n|t:|1697845913\n|switch|p1a: Totally Not Sus|Gardevoir, F, shiny|100\/100\n|-ability|p1a: Totally Not Sus|Cursed Body|[from] ability: Trace|[of] p2a: Abyss\n|turn|12\n|\n|t:|1697845920\n|move|p1a: Totally Not Sus|Psychic|p2a: Abyss\n|-supereffective|p2a: Abyss\n|-damage|p2a: Abyss|0 fnt\n|-start|p1a: Totally Not Sus|Disable|Psychic|[from] ability: Cursed Body|[of] p2a: Abyss\n|faint|p2a: Abyss\n|\n|upkeep\n|\n|t:|1697845950\n|switch|p2a: Stem Cell|Mew, shiny|100\/100\n|turn|13\n|\n|t:|1697845962\n|switch|p1a: GettingMilk|Dragapult, M, shiny|100\/100\n|move|p2a: Stem Cell|Sludge Bomb|p1a: GettingMilk\n|-resisted|p1a: GettingMilk\n|-damage|p1a: GettingMilk|83\/100\n|\n|upkeep\n|turn|14\n|\n|t:|1697845974\n|move|p1a: GettingMilk|Phantom Force||[still]\n|-prepare|p1a: GettingMilk|Phantom Force\n|move|p2a: Stem Cell|Dazzling Gleam|p1a: GettingMilk|[miss]\n|-miss|p2a: Stem Cell|p1a: GettingMilk\n|\n|upkeep\n|turn|15\n|\n|t:|1697845987\n|move|p1a: GettingMilk|Phantom Force|p2a: Stem Cell|[from]lockedmove\n|-supereffective|p2a: Stem Cell\n|-damage|p2a: Stem Cell|0 fnt\n|faint|p2a: Stem Cell\n|\n|upkeep\n|\n|t:|1697845993\n|switch|p2a: Abominus|Hydreigon, M|100\/100\n|turn|16\n|\n|t:|1697846000\n|move|p1a: GettingMilk|Dragon Darts|p2a: Abominus\n|-supereffective|p2a: Abominus\n|-damage|p2a: Abominus|46\/100\n|-anim|p1a: GettingMilk|Dragon Darts|p2a: Abominus\n|-supereffective|p2a: Abominus\n|-damage|p2a: Abominus|0 fnt\n|faint|p2a: Abominus\n|\n|win|jxjpenguin\n|l| Ryno5311\n|l|\u2606TheLocalOnion\n|l| Nuwyrm\n|l|\u2606jxjpenguin\n","uploadtime":1697846008,"views":21,"p1id":"jxjpenguin","p2id":"thelocalonion","formatid":"gen9anythinggoes","rating":0,"private":0,"password":""}