{"id":"gen9anythinggoes-1991638897","p1":"legomagic007","p2":"Ice-Psychic","format":"[Gen 9] Anything Goes","log":"|j|\u2606legomagic007\n|j|\u2606Ice-Psychic\n|t:|1700097161\n|gametype|singles\n|player|p1|legomagic007|nate|1391\n|player|p2|Ice-Psychic|cynthia-gen4|1290\n|teamsize|p1|6\n|teamsize|p2|6\n|gen|9\n|tier|[Gen 9] Anything Goes\n|rated|\n|rule|HP Percentage Mod: HP is shown in percentages\n|rule|Endless Battle Clause: Forcing endless battles is banned\n|clearpoke\n|poke|p1|Volcarona, F|\n|poke|p1|Krookodile, M|\n|poke|p1|Kilowattrel, M|\n|poke|p1|Gholdengo|\n|poke|p1|Dondozo, M|\n|poke|p1|Dragapult, M|\n|poke|p2|Lucario, F|\n|poke|p2|Inteleon, M|\n|poke|p2|Glaceon, F|\n|poke|p2|Hatterene, F|\n|poke|p2|Lilligant, F|\n|poke|p2|Ceruledge, F|\n|teampreview\n|\n|t:|1700097165\n|start\n|switch|p1a: Volcarona|Volcarona, F|100\/100\n|switch|p2a: Inteleon|Inteleon, M|100\/100\n|turn|1\n|inactive|Battle timer is ON: inactive players will automatically lose when time's up. (requested by legomagic007)\n|\n|t:|1700097169\n|move|p2a: Inteleon|Snipe Shot|p1a: Volcarona\n|-supereffective|p1a: Volcarona\n|-crit|p1a: Volcarona\n|-damage|p1a: Volcarona|0 fnt\n|faint|p1a: Volcarona\n|\n|upkeep\n|\n|t:|1700097176\n|switch|p1a: Dondozo|Dondozo, M|100\/100\n|turn|2\n|\n|t:|1700097179\n|-terastallize|p2a: Inteleon|Grass\n|move|p2a: Inteleon|Tera Blast|p1a: Dondozo|[anim] Tera Blast Grass\n|-supereffective|p1a: Dondozo\n|-damage|p1a: Dondozo|49\/100\n|move|p1a: Dondozo|Earthquake|p2a: Inteleon\n|-resisted|p2a: Inteleon\n|-damage|p2a: Inteleon|80\/100\n|\n|-heal|p1a: Dondozo|55\/100|[from] item: Leftovers\n|upkeep\n|turn|3\n|\n|t:|1700097188\n|move|p1a: Dondozo|Protect|p1a: Dondozo\n|-singleturn|p1a: Dondozo|Protect\n|move|p2a: Inteleon|Ice Beam|p1a: Dondozo\n|-activate|p1a: Dondozo|move: Protect\n|\n|-heal|p1a: Dondozo|61\/100|[from] item: Leftovers\n|upkeep\n|turn|4\n|\n|t:|1700097195\n|move|p2a: Inteleon|Tera Blast|p1a: Dondozo|[anim] Tera Blast Grass\n|-supereffective|p1a: Dondozo\n|-crit|p1a: Dondozo\n|-damage|p1a: Dondozo|0 fnt\n|faint|p1a: Dondozo\n|\n|upkeep\n|\n|t:|1700097202\n|switch|p1a: Kilowattrel|Kilowattrel, M|100\/100\n|turn|5\n|\n|t:|1700097204\n|move|p1a: Kilowattrel|Air Slash|p2a: Inteleon\n|-supereffective|p2a: Inteleon\n|-damage|p2a: Inteleon|0 fnt\n|faint|p2a: Inteleon\n|\n|upkeep\n|\n|t:|1700097207\n|switch|p2a: Hatterene|Hatterene, F|100\/100\n|turn|6\n|\n|t:|1700097211\n|move|p1a: Kilowattrel|Thunder Wave|p2a: Hatterene\n|move|p2a: Hatterene|Thunder Wave|p1a: Kilowattrel|[from]ability: Magic Bounce\n|-immune|p1a: Kilowattrel|[from] ability: Volt Absorb\n|move|p2a: Hatterene|Mystical Fire|p1a: Kilowattrel\n|-damage|p1a: Kilowattrel|60\/100\n|-unboost|p1a: Kilowattrel|spa|1\n|\n|upkeep\n|turn|7\n|\n|t:|1700097219\n|move|p1a: Kilowattrel|Thunderbolt|p2a: Hatterene\n|-crit|p2a: Hatterene\n|-damage|p2a: Hatterene|36\/100\n|move|p2a: Hatterene|Calm Mind|p2a: Hatterene\n|-boost|p2a: Hatterene|spa|1\n|-boost|p2a: Hatterene|spd|1\n|\n|-heal|p2a: Hatterene|42\/100|[from] item: Leftovers\n|upkeep\n|turn|8\n|\n|t:|1700097227\n|move|p1a: Kilowattrel|Air Slash|p2a: Hatterene\n|-damage|p2a: Hatterene|28\/100\n|move|p2a: Hatterene|Draining Kiss|p1a: Kilowattrel\n|-damage|p1a: Kilowattrel|0 fnt\n|-heal|p2a: Hatterene|67\/100|[from] drain|[of] p1a: Kilowattrel\n|faint|p1a: Kilowattrel\n|\n|-heal|p2a: Hatterene|73\/100|[from] item: Leftovers\n|upkeep\n|\n|t:|1700097235\n|switch|p1a: Gholdengo|Gholdengo|100\/100\n|-item|p1a: Gholdengo|Air Balloon\n|turn|9\n|\n|t:|1700097239\n|switch|p2a: Ceruledge|Ceruledge, F|100\/100\n|move|p1a: Gholdengo|Make It Rain|p2a: Ceruledge\n|-resisted|p2a: Ceruledge\n|-damage|p2a: Ceruledge|64\/100\n|-unboost|p1a: Gholdengo|spa|1\n|\n|upkeep\n|turn|10\n|\n|t:|1700097247\n|-terastallize|p1a: Gholdengo|Normal\n|move|p2a: Ceruledge|Bitter Blade|p1a: Gholdengo\n|-damage|p1a: Gholdengo|53\/100\n|-heal|p2a: Ceruledge|90\/100|[from] drain|[of] p1a: Gholdengo\n|-enditem|p1a: Gholdengo|Air Balloon\n|move|p1a: Gholdengo|Shadow Ball|p2a: Ceruledge\n|-supereffective|p2a: Ceruledge\n|-damage|p2a: Ceruledge|21\/100\n|\n|upkeep\n|turn|11\n|\n|t:|1700097257\n|move|p2a: Ceruledge|Close Combat|p1a: Gholdengo\n|-supereffective|p1a: Gholdengo\n|-damage|p1a: Gholdengo|0 fnt\n|-unboost|p2a: Ceruledge|def|1\n|-unboost|p2a: Ceruledge|spd|1\n|faint|p1a: Gholdengo\n|\n|upkeep\n|\n|t:|1700097263\n|switch|p1a: Dragapult|Dragapult, M|100\/100\n|turn|12\n|\n|t:|1700097266\n|move|p1a: Dragapult|Sucker Punch|p2a: Ceruledge\n|-supereffective|p2a: Ceruledge\n|-damage|p2a: Ceruledge|0 fnt\n|faint|p2a: Ceruledge\n|\n|upkeep\n|\n|t:|1700097269\n|switch|p2a: Glaceon|Glaceon, F, shiny|100\/100\n|turn|13\n|\n|t:|1700097273\n|switch|p1a: Krookodile|Krookodile, M|100\/100\n|move|p2a: Glaceon|Ice Beam|p1a: Krookodile\n|-supereffective|p1a: Krookodile\n|-damage|p1a: Krookodile|0 fnt\n|faint|p1a: Krookodile\n|\n|upkeep\n|c|\u2606legomagic007|hang urself\n|-message|legomagic007 forfeited.\n|\n|win|Ice-Psychic\n|raw|legomagic007's rating: 1391 &rarr; <strong>1365<\/strong><br \/>(-26 for losing)\n|raw|Ice-Psychic's rating: 1290 &rarr; <strong>1322<\/strong><br \/>(+32 for winning)\n|l|\u2606legomagic007\n","uploadtime":1700097291,"views":14,"p1id":"legomagic007","p2id":"icepsychic","formatid":"gen9anythinggoes","rating":1322,"private":0,"password":""}