{"id":"gen9anythinggoes-1982623061","p1":"LittleCopium2","p2":"potatolass6698","format":"[Gen 9] Anything Goes","log":"|j|\u2606LittleCopium2\n|j|\u2606potatolass6698\n|t:|1699030614\n|gametype|singles\n|player|p1|LittleCopium2|rancher|\n|player|p2|potatolass6698|aromalady|\n|teamsize|p1|6\n|teamsize|p2|6\n|gen|9\n|tier|[Gen 9] Anything Goes\n|rule|HP Percentage Mod: HP is shown in percentages\n|rule|Endless Battle Clause: Forcing endless battles is banned\n|clearpoke\n|poke|p1|Iron Bundle|\n|poke|p1|Pelipper, F|\n|poke|p1|Dugtrio, F|\n|poke|p1|Overqwil, F|\n|poke|p1|Thundurus-Therian, M|\n|poke|p1|Scizor, F|\n|poke|p2|Jirachi|\n|poke|p2|Lycanroc-Dusk, M|\n|poke|p2|Gholdengo|\n|poke|p2|Ursaluna-Bloodmoon, M|\n|poke|p2|Kilowattrel, M|\n|poke|p2|Quaquaval, M|\n|teampreview\n|j| ridgeguy72\n|c| ridgeguy72|Glhf!\n|\n|t:|1699030628\n|start\n|switch|p1a: Da Fingers|Dugtrio, F, shiny|100\/100\n|switch|p2a: The Crying Child|Jirachi|100\/100\n|turn|1\n|c|\u2606potatolass6698|its freddyin time\n|\n|t:|1699030642\n|move|p1a: Da Fingers|Stealth Rock|p2a: The Crying Child\n|-sidestart|p2: potatolass6698|move: Stealth Rock\n|move|p2a: The Crying Child|Stealth Rock|p1a: Da Fingers\n|-sidestart|p1: LittleCopium2|move: Stealth Rock\n|\n|upkeep\n|turn|2\n|j| GreensboroGameMen\n|\n|t:|1699030655\n|move|p1a: Da Fingers|Earthquake|p2a: The Crying Child\n|-supereffective|p2a: The Crying Child\n|-damage|p2a: The Crying Child|41\/100\n|move|p2a: The Crying Child|Wish|p2a: The Crying Child\n|\n|-heal|p2a: The Crying Child|47\/100|[from] item: Leftovers\n|upkeep\n|turn|3\n|\n|t:|1699030662\n|move|p1a: Da Fingers|Earthquake|p2a: The Crying Child\n|-supereffective|p2a: The Crying Child\n|-damage|p2a: The Crying Child|0 fnt\n|faint|p2a: The Crying Child\n|\n|upkeep\n|\n|t:|1699030671\n|switch|p2a: Bonnie|Quaquaval, M|100\/100\n|turn|4\n|\n|t:|1699030676\n|move|p1a: Da Fingers|Memento|p2a: Bonnie\n|-unboost|p2a: Bonnie|atk|2\n|-unboost|p2a: Bonnie|spa|2\n|faint|p1a: Da Fingers\n|move|p2a: Bonnie|Rapid Spin|p1: Da Fingers|[notarget]\n|-fail|p2a: Bonnie\n|\n|upkeep\n|\n|t:|1699030684\n|switch|p1a: Queen|Pelipper, F, shiny|100\/100\n|-damage|p1a: Queen|76\/100|[from] Stealth Rock\n|-weather|RainDance|[from] ability: Drizzle|[of] p1a: Queen\n|turn|5\n|\n|t:|1699030698\n|move|p2a: Bonnie|Flip Turn|p1a: Queen\n|-resisted|p1a: Queen\n|-damage|p1a: Queen|67\/100\n|\n|t:|1699030713\n|switch|p2a: Freddy Fazbear|Ursaluna-Bloodmoon, M|100\/100|[from] Flip Turn\n|-damage|p2a: Freddy Fazbear|94\/100|[from] Stealth Rock\n|move|p1a: Queen|U-turn|p2a: Freddy Fazbear\n|-damage|p2a: Freddy Fazbear|89\/100\n|\n|t:|1699030721\n|switch|p1a: Murder.io|Iron Bundle, shiny|100\/100|[from] U-turn\n|-damage|p1a: Murder.io|76\/100|[from] Stealth Rock\n|-enditem|p1a: Murder.io|Booster Energy\n|-activate|p1a: Murder.io|ability: Quark Drive|[fromitem]\n|-start|p1a: Murder.io|quarkdrivespe\n|\n|-weather|RainDance|[upkeep]\n|-heal|p2a: Freddy Fazbear|95\/100|[from] item: Leftovers\n|upkeep\n|turn|6\n|\n|t:|1699030746\n|switch|p2a: Bonnie|Quaquaval, M|100\/100\n|move|p1a: Murder.io|Hydro Pump|p2a: Bonnie|[miss]\n|-miss|p1a: Murder.io|p2a: Bonnie\n|\n|-weather|RainDance|[upkeep]\n|upkeep\n|turn|7\n|\n|t:|1699030761\n|move|p1a: Murder.io|Freeze-Dry|p2a: Bonnie\n|-supereffective|p2a: Bonnie\n|-damage|p2a: Bonnie|14\/100\n|move|p2a: Bonnie|Rapid Spin|p1a: Murder.io\n|-damage|p1a: Murder.io|55\/100\n|-boost|p2a: Bonnie|spe|1\n|-sideend|p2: potatolass6698|Stealth Rock|[from] move: Rapid Spin|[of] p2a: Bonnie\n|\n|-weather|RainDance|[upkeep]\n|upkeep\n|turn|8\n|\n|t:|1699030774\n|switch|p2a: Golden Freddy|Gholdengo|100\/100\n|move|p1a: Murder.io|Freeze-Dry|p2a: Golden Freddy\n|-resisted|p2a: Golden Freddy\n|-damage|p2a: Golden Freddy|84\/100\n|\n|-weather|RainDance|[upkeep]\n|upkeep\n|turn|9\n|\n|t:|1699030784\n|move|p1a: Murder.io|Hydro Pump|p2a: Golden Freddy\n|-damage|p2a: Golden Freddy|10\/100\n|move|p2a: Golden Freddy|Nasty Plot|p2a: Golden Freddy\n|-boost|p2a: Golden Freddy|spa|2\n|\n|-weather|RainDance|[upkeep]\n|upkeep\n|turn|10\n|\n|t:|1699030793\n|move|p1a: Murder.io|Ice Beam|p2a: Golden Freddy\n|-resisted|p2a: Golden Freddy\n|-damage|p2a: Golden Freddy|0 fnt\n|faint|p2a: Golden Freddy\n|\n|-weather|RainDance|[upkeep]\n|upkeep\n|\n|t:|1699030799\n|switch|p2a: Foxy|Lycanroc-Dusk, M|100\/100\n|turn|11\n|\n|t:|1699030820\n|-end|p1a: Murder.io|Quark Drive|[silent]\n|switch|p1a: EdwardScissorHands|Scizor, F|100\/100\n|-damage|p1a: EdwardScissorHands|88\/100|[from] Stealth Rock\n|move|p2a: Foxy|Accelerock|p1a: EdwardScissorHands\n|-damage|p1a: EdwardScissorHands|64\/100\n|\n|-weather|RainDance|[upkeep]\n|-heal|p1a: EdwardScissorHands|70\/100|[from] item: Leftovers\n|upkeep\n|turn|12\n|\n|t:|1699030836\n|switch|p2a: Bonnie|Quaquaval, M|14\/100\n|move|p1a: EdwardScissorHands|Knock Off|p2a: Bonnie\n|-resisted|p2a: Bonnie\n|-damage|p2a: Bonnie|0 fnt\n|-enditem|p2a: Bonnie|Heavy-Duty Boots|[from] move: Knock Off|[of] p1a: EdwardScissorHands\n|faint|p2a: Bonnie\n|\n|-weather|none\n|-heal|p1a: EdwardScissorHands|76\/100|[from] item: Leftovers\n|upkeep\n|\n|t:|1699030838\n|switch|p2a: Chica|Kilowattrel, M|100\/100\n|turn|13\n|\n|t:|1699030854\n|-terastallize|p2a: Chica|Steel\n|move|p2a: Chica|Discharge|p1a: EdwardScissorHands\n|-damage|p1a: EdwardScissorHands|29\/100\n|move|p1a: EdwardScissorHands|U-turn|p2a: Chica\n|-resisted|p2a: Chica\n|-damage|p2a: Chica|65\/100\n|\n|t:|1699030861\n|switch|p1a: Mr. Man|Thundurus-Therian, M, shiny|100\/100|[from] U-turn\n|\n|upkeep\n|turn|14\n|\n|t:|1699030868\n|move|p2a: Chica|U-turn|p1a: Mr. Man\n|-resisted|p1a: Mr. Man\n|-damage|p1a: Mr. Man|92\/100\n|\n|t:|1699030874\n|switch|p2a: Foxy|Lycanroc-Dusk, M|100\/100|[from] U-turn\n|move|p1a: Mr. Man|Nasty Plot|p1a: Mr. Man\n|-boost|p1a: Mr. Man|spa|2\n|\n|upkeep\n|turn|15\n|\n|t:|1699030882\n|switch|p1a: Queen|Pelipper, F, shiny|67\/100\n|-damage|p1a: Queen|42\/100|[from] Stealth Rock\n|-weather|RainDance|[from] ability: Drizzle|[of] p1a: Queen\n|move|p2a: Foxy|Stone Edge|p1a: Queen|[miss]\n|-miss|p2a: Foxy|p1a: Queen\n|\n|-weather|RainDance|[upkeep]\n|upkeep\n|turn|16\n|\n|t:|1699030897\n|move|p2a: Foxy|Accelerock|p1a: Queen\n|-supereffective|p1a: Queen\n|-damage|p1a: Queen|0 fnt\n|faint|p1a: Queen\n|\n|-weather|RainDance|[upkeep]\n|upkeep\n|j| Mattstermind\n|\n|t:|1699030911\n|switch|p1a: Ms. Puff|Overqwil, F, shiny|100\/100\n|-damage|p1a: Ms. Puff|88\/100|[from] Stealth Rock\n|turn|17\n|\n|t:|1699030918\n|switch|p2a: Freddy Fazbear|Ursaluna-Bloodmoon, M|95\/100\n|move|p1a: Ms. Puff|Liquidation|p2a: Freddy Fazbear\n|-supereffective|p2a: Freddy Fazbear\n|-damage|p2a: Freddy Fazbear|34\/100\n|-unboost|p2a: Freddy Fazbear|def|1\n|\n|-weather|RainDance|[upkeep]\n|-heal|p1a: Ms. Puff|94\/100|[from] item: Leftovers\n|-heal|p2a: Freddy Fazbear|40\/100|[from] item: Leftovers\n|upkeep\n|turn|18\n|\n|t:|1699030931\n|move|p1a: Ms. Puff|Liquidation|p2a: Freddy Fazbear\n|-supereffective|p2a: Freddy Fazbear\n|-crit|p2a: Freddy Fazbear\n|-damage|p2a: Freddy Fazbear|0 fnt\n|faint|p2a: Freddy Fazbear\n|\n|-weather|RainDance|[upkeep]\n|-heal|p1a: Ms. Puff|100\/100|[from] item: Leftovers\n|upkeep\n|\n|t:|1699030933\n|switch|p2a: Chica|Kilowattrel, M, tera:Steel|65\/100\n|turn|19\n|c| Mattstermind|yall for the rest of your games make sure you play under gen 9 paldea dex draft format and not anything goes\n|\n|t:|1699030946\n|-terastallize|p1a: Ms. Puff|Dark\n|move|p1a: Ms. Puff|Crunch|p2a: Chica\n|-damage|p2a: Chica|0 fnt\n|faint|p2a: Chica\n|\n|-weather|RainDance|[upkeep]\n|upkeep\n|\n|t:|1699030952\n|switch|p2a: Foxy|Lycanroc-Dusk, M|100\/100\n|turn|20\n|\n|t:|1699030958\n|move|p1a: Ms. Puff|Liquidation|p2a: Foxy\n|-supereffective|p2a: Foxy\n|-damage|p2a: Foxy|0 fnt\n|faint|p2a: Foxy\n|\n|win|LittleCopium2\n|c|\u2606LittleCopium2|gg\n","uploadtime":1699030964,"views":24,"p1id":"littlecopium2","p2id":"potatolass6698","formatid":"gen9anythinggoes","rating":0,"private":0,"password":""}