{"id":"gen9anythinggoes-1991687071","p1":"JayzonAlcantara","p2":"Bl3ZingR4ge","format":"[Gen 9] Anything Goes","log":"|j|\u2606JayzonAlcantara\n|j|\u2606Bl3ZingR4ge\n|t:|1700102691\n|gametype|singles\n|player|p1|JayzonAlcantara|cynthia-gen4|1138\n|player|p2|Bl3ZingR4ge|hilbert-wonderlauncher|1038\n|teamsize|p1|6\n|teamsize|p2|6\n|gen|9\n|tier|[Gen 9] Anything Goes\n|rated|\n|rule|HP Percentage Mod: HP is shown in percentages\n|rule|Endless Battle Clause: Forcing endless battles is banned\n|clearpoke\n|poke|p1|Hippowdon, F|\n|poke|p1|Ceruledge, M|\n|poke|p1|Vivillon-Icy Snow, M|\n|poke|p1|Houndstone, M|\n|poke|p1|Calyrex-Shadow|\n|poke|p1|Iron Bundle|\n|poke|p2|Cinderace, M|\n|poke|p2|Flareon, M|\n|poke|p2|Zoroark-Hisui, F|\n|poke|p2|Kingambit, F|\n|poke|p2|Sylveon, F|\n|poke|p2|Pikachu-Partner, M|\n|teampreview\n|\n|t:|1700102701\n|start\n|switch|p1a: 1 hit|Vivillon-Icy Snow, M, shiny|100\/100\n|switch|p2a: Scorcher|Cinderace, M|100\/100\n|turn|1\n|\n|t:|1700102712\n|move|p2a: Scorcher|Sucker Punch||[still]\n|-fail|p2a: Scorcher\n|move|p1a: 1 hit|Sleep Powder|p2a: Scorcher\n|-status|p2a: Scorcher|slp|[from] move: Sleep Powder\n|\n|upkeep\n|turn|2\n|\n|t:|1700102722\n|cant|p2a: Scorcher|slp\n|move|p1a: 1 hit|Quiver Dance|p1a: 1 hit\n|-boost|p1a: 1 hit|spa|1\n|-boost|p1a: 1 hit|spd|1\n|-boost|p1a: 1 hit|spe|1\n|\n|upkeep\n|turn|3\n|\n|t:|1700102730\n|switch|p2a: Matchstick|Flareon, M|100\/100\n|-terastallize|p1a: 1 hit|Fire\n|move|p1a: 1 hit|Quiver Dance|p1a: 1 hit\n|-boost|p1a: 1 hit|spa|1\n|-boost|p1a: 1 hit|spd|1\n|-boost|p1a: 1 hit|spe|1\n|\n|upkeep\n|turn|4\n|\n|t:|1700102743\n|-terastallize|p2a: Matchstick|Dragon\n|move|p1a: 1 hit|Sleep Powder|p2a: Matchstick\n|-status|p2a: Matchstick|slp|[from] move: Sleep Powder\n|cant|p2a: Matchstick|slp\n|\n|upkeep\n|turn|5\n|\n|t:|1700102755\n|switch|p2a: Sylveon|Sylveon, F|100\/100\n|move|p1a: 1 hit|Quiver Dance|p1a: 1 hit\n|-boost|p1a: 1 hit|spa|1\n|-boost|p1a: 1 hit|spd|1\n|-boost|p1a: 1 hit|spe|1\n|\n|upkeep\n|turn|6\n|\n|t:|1700102764\n|move|p2a: Sylveon|Quick Attack|p1a: 1 hit\n|-resisted|p1a: 1 hit\n|-damage|p1a: 1 hit|88\/100\n|move|p1a: 1 hit|Sleep Powder|p2a: Sylveon\n|-status|p2a: Sylveon|slp|[from] move: Sleep Powder\n|\n|upkeep\n|turn|7\n|\n|t:|1700102782\n|switch|p2a: Kingambit|Kingambit, F|100\/100\n|move|p1a: 1 hit|Substitute|p1a: 1 hit\n|-start|p1a: 1 hit|Substitute\n|-damage|p1a: 1 hit|63\/100\n|\n|upkeep\n|turn|8\n|\n|t:|1700102791\n|move|p1a: 1 hit|Sleep Powder|p2a: Kingambit\n|-status|p2a: Kingambit|slp|[from] move: Sleep Powder\n|cant|p2a: Kingambit|slp\n|\n|upkeep\n|turn|9\n|c|\u2606JayzonAlcantara|gg\n|\n|t:|1700102798\n|move|p1a: 1 hit|Quiver Dance|p1a: 1 hit\n|-boost|p1a: 1 hit|spa|1\n|-boost|p1a: 1 hit|spd|1\n|-boost|p1a: 1 hit|spe|1\n|cant|p2a: Kingambit|slp\n|\n|upkeep\n|turn|10\n|\n|t:|1700102805\n|move|p1a: 1 hit|Air Slash|p2a: Kingambit\n|-damage|p2a: Kingambit|0 fnt\n|replace|p2a: Kasumi|Zoroark-Hisui, F\n|-end|p2a: Kasumi|Illusion\n|faint|p2a: Kasumi\n|\n|upkeep\n|\n|t:|1700102811\n|switch|p2a: Blacklight|Pikachu-Partner, M|100\/100\n|turn|11\n|\n|t:|1700102818\n|move|p1a: 1 hit|Air Slash|p2a: Blacklight\n|-resisted|p2a: Blacklight\n|-enditem|p2a: Blacklight|Focus Sash\n|-damage|p2a: Blacklight|1\/100\n|move|p2a: Blacklight|Substitute|p2a: Blacklight\n|-fail|p2a: Blacklight|move: Substitute|[weak]\n|\n|upkeep\n|turn|12\n|\n|t:|1700102829\n|switch|p2a: Matchstick|Flareon, M, tera:Dragon|100\/100 slp\n|move|p1a: 1 hit|Air Slash|p2a: Matchstick\n|-damage|p2a: Matchstick|0 fnt\n|faint|p2a: Matchstick\n|\n|upkeep\n|c|\u2606JayzonAlcantara|gg\n|\n|t:|1700102837\n|switch|p2a: Scorcher|Cinderace, M|100\/100 slp\n|turn|13\n|\n|t:|1700102840\n|cant|p2a: Scorcher|slp\n|move|p1a: 1 hit|Air Slash|p2a: Scorcher\n|-damage|p2a: Scorcher|0 fnt\n|faint|p2a: Scorcher\n|\n|upkeep\n|\n|t:|1700102850\n|switch|p2a: Sylveon|Sylveon, F|100\/100 slp\n|turn|14\n|\n|t:|1700102853\n|cant|p2a: Sylveon|slp\n|move|p1a: 1 hit|Air Slash|p2a: Sylveon\n|-damage|p2a: Sylveon|37\/100 slp\n|\n|upkeep\n|turn|15\n|\n|t:|1700102859\n|cant|p2a: Sylveon|slp\n|move|p1a: 1 hit|Air Slash|p2a: Sylveon\n|-damage|p2a: Sylveon|0 fnt\n|faint|p2a: Sylveon\n|\n|upkeep\n|\n|t:|1700102866\n|switch|p2a: Blacklight|Pikachu-Partner, M|1\/100\n|turn|16\n|\n|t:|1700102873\n|move|p1a: 1 hit|Air Slash|p2a: Blacklight\n|-resisted|p2a: Blacklight\n|-damage|p2a: Blacklight|0 fnt\n|faint|p2a: Blacklight\n|\n|upkeep\n|\n|t:|1700102879\n|switch|p2a: Kingambit|Kingambit, F|100\/100\n|-activate|p2a: Kingambit|ability: Supreme Overlord\n|-start|p2a: Kingambit|fallen5|[silent]\n|turn|17\n|\n|t:|1700102888\n|move|p1a: 1 hit|Quiver Dance|p1a: 1 hit\n|-boost|p1a: 1 hit|spa|1\n|-boost|p1a: 1 hit|spd|1\n|-boost|p1a: 1 hit|spe|1\n|move|p2a: Kingambit|Kowtow Cleave|p1a: 1 hit\n|-end|p1a: 1 hit|Substitute\n|\n|upkeep\n|turn|18\n|\n|t:|1700102895\n|move|p1a: 1 hit|Sleep Powder|p2a: Kingambit\n|-status|p2a: Kingambit|slp|[from] move: Sleep Powder\n|cant|p2a: Kingambit|slp\n|\n|upkeep\n|turn|19\n|\n|t:|1700102902\n|move|p1a: 1 hit|Quiver Dance|p1a: 1 hit\n|-boost|p1a: 1 hit|spa|1\n|-boost|p1a: 1 hit|spd|1\n|-boost|p1a: 1 hit|spe|1\n|-curestatus|p2a: Kingambit|slp|[msg]\n|move|p2a: Kingambit|Flash Cannon|p1a: 1 hit\n|-resisted|p1a: 1 hit\n|-damage|p1a: 1 hit|52\/100\n|\n|upkeep\n|turn|20\n|\n|t:|1700102912\n|move|p1a: 1 hit|Sleep Powder|p2a: Kingambit\n|-status|p2a: Kingambit|slp|[from] move: Sleep Powder\n|cant|p2a: Kingambit|slp\n|\n|upkeep\n|turn|21\n|\n|t:|1700102918\n|move|p1a: 1 hit|Air Slash|p2a: Kingambit\n|-resisted|p2a: Kingambit\n|-damage|p2a: Kingambit|34\/100 slp\n|cant|p2a: Kingambit|slp\n|\n|upkeep\n|turn|22\n|\n|t:|1700102924\n|move|p1a: 1 hit|Air Slash|p2a: Kingambit\n|-resisted|p2a: Kingambit\n|-damage|p2a: Kingambit|0 fnt\n|faint|p2a: Kingambit\n|-end|p2a: Kingambit|fallen5|[silent]\n|\n|win|JayzonAlcantara\n|raw|JayzonAlcantara's rating: 1138 &rarr; <strong>1156<\/strong><br \/>(+18 for winning)\n|raw|Bl3ZingR4ge's rating: 1038 &rarr; <strong>1027<\/strong><br \/>(-11 for losing)\n|l|\u2606Bl3ZingR4ge\n","uploadtime":1700102939,"views":5,"p1id":"jayzonalcantara","p2id":"bl3zingr4ge","formatid":"gen9anythinggoes","rating":1027,"private":0,"password":""}