{"id":"gen9anythinggoes-1989101263","p1":"Zealo","p2":"crimson laser","format":"[Gen 9] Anything Goes","log":"|j|\u2606Zealo\n|j|\u2606crimson laser\n|t:|1699812291\n|gametype|singles\n|player|p1|Zealo|zirco-unite|1194\n|player|p2|crimson laser|101|1257\n|teamsize|p1|6\n|teamsize|p2|6\n|gen|9\n|tier|[Gen 9] Anything Goes\n|rated|\n|rule|HP Percentage Mod: HP is shown in percentages\n|rule|Endless Battle Clause: Forcing endless battles is banned\n|clearpoke\n|poke|p1|Koraidon|\n|poke|p1|Ribombee, M|\n|poke|p1|Ditto|\n|poke|p1|Arceus|\n|poke|p1|Zacian-*|\n|poke|p1|Calyrex-Shadow|\n|poke|p2|Cinderace, F|\n|poke|p2|Glimmora, F|\n|poke|p2|Garganacl, F|\n|poke|p2|Kingambit, F|\n|poke|p2|Samurott-Hisui, F|\n|poke|p2|Urshifu-*, F|\n|teampreview\n|c|\u2606Zealo|ro\n|c|\u2606Zealo|glhf\n|\n|t:|1699812296\n|start\n|switch|p1a: riber|Ribombee, M|100\/100\n|switch|p2a: Samurott|Samurott-Hisui, F, shiny|100\/100\n|turn|1\n|\n|t:|1699812304\n|move|p1a: riber|Quiver Dance|p1a: riber\n|-boost|p1a: riber|spa|1\n|-boost|p1a: riber|spd|1\n|-boost|p1a: riber|spe|1\n|move|p2a: Samurott|Ceaseless Edge|p1a: riber\n|-resisted|p1a: riber\n|-damage|p1a: riber|57\/100\n|-sidestart|p1: Zealo|Spikes\n|\n|upkeep\n|turn|2\n|\n|t:|1699812312\n|move|p1a: riber|Bug Buzz|p2a: Samurott\n|-supereffective|p2a: Samurott\n|-enditem|p2a: Samurott|Focus Sash\n|-damage|p2a: Samurott|1\/100\n|move|p2a: Samurott|Ceaseless Edge|p1a: riber|[miss]\n|-miss|p2a: Samurott|p1a: riber\n|\n|upkeep\n|turn|3\n|\n|t:|1699812320\n|move|p2a: Samurott|Aqua Jet|p1a: riber\n|-damage|p1a: riber|19\/100\n|move|p1a: riber|Bug Buzz|p2a: Samurott\n|-supereffective|p2a: Samurott\n|-damage|p2a: Samurott|0 fnt\n|faint|p2a: Samurott\n|\n|upkeep\n|\n|t:|1699812328\n|switch|p2a: Glimmora|Glimmora, F|100\/100\n|turn|4\n|\n|t:|1699812339\n|move|p1a: riber|Sticky Web|p2a: Glimmora\n|-sidestart|p2: crimson laser|move: Sticky Web\n|move|p2a: Glimmora|Sludge Bomb|p1a: riber\n|-supereffective|p1a: riber\n|-crit|p1a: riber\n|-damage|p1a: riber|0 fnt\n|faint|p1a: riber\n|\n|upkeep\n|\n|t:|1699812346\n|switch|p1a: arc|Arceus|100\/100\n|-damage|p1a: arc|88\/100|[from] Spikes\n|turn|5\n|j| I'm some Guy1234\n|\n|t:|1699812351\n|move|p1a: arc|Taunt|p2a: Glimmora\n|-start|p2a: Glimmora|move: Taunt\n|move|p2a: Glimmora|Mortal Spin|p1a: arc\n|-damage|p1a: arc|83\/100\n|-status|p1a: arc|psn\n|-sideend|p2: crimson laser|Sticky Web|[from] move: Mortal Spin|[of] p2a: Glimmora\n|\n|-damage|p1a: arc|71\/100 psn|[from] psn\n|upkeep\n|turn|6\n|c| I'm some Guy1234|LES GOO\n|c|\u2606Zealo|hello\n|\n|t:|1699812361\n|move|p1a: arc|Earthquake|p2a: Glimmora\n|-supereffective|p2a: Glimmora\n|-enditem|p2a: Glimmora|Focus Sash\n|-damage|p2a: Glimmora|1\/100\n|-activate|p2a: Glimmora|ability: Toxic Debris\n|-sidestart|p1: Zealo|move: Toxic Spikes\n|move|p2a: Glimmora|Earth Power|p1a: arc\n|-damage|p1a: arc|48\/100 psn\n|\n|-damage|p1a: arc|36\/100 psn|[from] psn\n|upkeep\n|turn|7\n|c| I'm some Guy1234|hello\n|c| I'm some Guy1234|how ya doin\n|\n|t:|1699812373\n|move|p1a: arc|Earthquake|p2a: Glimmora\n|-supereffective|p2a: Glimmora\n|-damage|p2a: Glimmora|0 fnt\n|-activate|p2a: Glimmora|ability: Toxic Debris\n|-sidestart|p1: Zealo|move: Toxic Spikes\n|faint|p2a: Glimmora\n|\n|-damage|p1a: arc|24\/100 psn|[from] psn\n|upkeep\n|c|\u2606Zealo|woah\n|c|\u2606Zealo|i might actually lose this\n|c|\u2606Zealo|:thinks:\n|c| I'm some Guy1234|think clearly\n|\n|t:|1699812394\n|switch|p2a: Garganacl|Garganacl, F, shiny|100\/100\n|turn|8\n|\n|t:|1699812404\n|move|p1a: arc|Earthquake|p2a: Garganacl\n|-supereffective|p2a: Garganacl\n|-damage|p2a: Garganacl|45\/100\n|move|p2a: Garganacl|Body Press|p1a: arc\n|-supereffective|p1a: arc\n|-crit|p1a: arc\n|-damage|p1a: arc|0 fnt\n|faint|p1a: arc\n|\n|upkeep\n|\n|t:|1699812407\n|switch|p1a: zish|Zacian-Crowned|100\/100\n|-damage|p1a: zish|88\/100|[from] Spikes\n|-ability|p1a: zish|Intrepid Sword|boost\n|-boost|p1a: zish|atk|1\n|turn|9\n|\n|t:|1699812419\n|move|p1a: zish|Behemoth Blade|p2a: Garganacl\n|-supereffective|p2a: Garganacl\n|-damage|p2a: Garganacl|0 fnt\n|faint|p2a: Garganacl\n|\n|upkeep\n|c| I'm some Guy1234|you beat me so you beat crimson\n|\n|t:|1699812425\n|switch|p2a: Cinderace|Cinderace, F, shiny|100\/100\n|turn|10\n|\n|t:|1699812442\n|move|p2a: Cinderace|Pyro Ball|p1a: zish\n|-supereffective|p1a: zish\n|-damage|p1a: zish|0 fnt\n|faint|p1a: zish\n|\n|upkeep\n|\n|t:|1699812447\n|switch|p1a: koder|Koraidon|100\/100\n|-damage|p1a: koder|88\/100|[from] Spikes\n|-status|p1a: koder|tox\n|-weather|SunnyDay|[from] ability: Orichalcum Pulse|[of] p1a: koder\n|-activate|p1a: koder|Orichalcum Pulse|[source]\n|turn|11\n|c|\u2606Zealo|oh scarf\n|\n|t:|1699812453\n|move|p2a: Cinderace|Pyro Ball|p1a: koder\n|-resisted|p1a: koder\n|-damage|p1a: koder|52\/100 tox\n|move|p1a: koder|Swords Dance|p1a: koder\n|-boost|p1a: koder|atk|2\n|\n|-weather|SunnyDay|[upkeep]\n|-damage|p1a: koder|45\/100 tox|[from] psn\n|upkeep\n|turn|12\n|\n|t:|1699812461\n|move|p2a: Cinderace|Pyro Ball|p1a: koder\n|-resisted|p1a: koder\n|-damage|p1a: koder|6\/100 tox\n|move|p1a: koder|Scale Shot|p2a: Cinderace\n|-damage|p2a: Cinderace|51\/100\n|-damage|p2a: Cinderace|0 fnt\n|faint|p2a: Cinderace\n|-hitcount|p2: Cinderace|2\n|-unboost|p1a: koder|def|1\n|-boost|p1a: koder|spe|1\n|\n|-weather|SunnyDay|[upkeep]\n|-damage|p1a: koder|0 fnt|[from] psn\n|faint|p1a: koder\n|upkeep\n|c| I'm some Guy1234|hell nah\n|\n|t:|1699812476\n|switch|p1a: call|Calyrex-Shadow|100\/100\n|switch|p2a: Urshifu|Urshifu-Rapid-Strike, F|100\/100\n|-ability|p1a: call|As One\n|-ability|p1a: call|Unnerve\n|-damage|p1a: call|88\/100|[from] Spikes\n|-status|p1a: call|tox\n|turn|13\n|c| I'm some Guy1234|NOO KODER\n|\n|t:|1699812487\n|-terastallize|p1a: call|Fairy\n|move|p1a: call|Psychic|p2a: Urshifu\n|-supereffective|p2a: Urshifu\n|-damage|p2a: Urshifu|9\/100\n|move|p2a: Urshifu|Ice Spinner|p1a: call\n|-damage|p1a: call|63\/100 tox\n|\n|-weather|SunnyDay|[upkeep]\n|-damage|p1a: call|57\/100 tox|[from] psn\n|upkeep\n|turn|14\n|\n|t:|1699812498\n|move|p2a: Urshifu|Aqua Jet|p1a: call\n|-damage|p1a: call|49\/100 tox\n|move|p1a: call|Psychic|p2a: Urshifu\n|-supereffective|p2a: Urshifu\n|-damage|p2a: Urshifu|0 fnt\n|faint|p2a: Urshifu\n|-ability|p1a: call|Grim Neigh|boost\n|-boost|p1a: call|spa|1\n|\n|-weather|SunnyDay|[upkeep]\n|-damage|p1a: call|36\/100 tox|[from] psn\n|upkeep\n|\n|t:|1699812507\n|switch|p2a: Kingambit|Kingambit, F, shiny|100\/100\n|-activate|p2a: Kingambit|ability: Supreme Overlord\n|-start|p2a: Kingambit|fallen5|[silent]\n|turn|15\n|c| I'm some Guy1234|Cmon youve got this\n|c| I'm some Guy1234|2v1\n|\n|t:|1699812517\n|move|p2a: Kingambit|Sucker Punch|p1a: call\n|-resisted|p1a: call\n|-damage|p1a: call|10\/100 tox\n|move|p1a: call|Psychic|p2a: Kingambit\n|-immune|p2a: Kingambit\n|\n|-weather|none\n|-damage|p1a: call|0 fnt|[from] psn\n|faint|p1a: call\n|upkeep\n|\n|t:|1699812520\n|switch|p1a: dot|Ditto|100\/100\n|-damage|p1a: dot|88\/100|[from] Spikes\n|-status|p1a: dot|tox\n|-transform|p1a: dot|p2a: Kingambit|[from] ability: Imposter\n|-activate|p1a: dot|ability: Supreme Overlord\n|-start|p1a: dot|fallen5|[silent]\n|turn|16\n|l|\u2606crimson laser\n|player|p2|\n|c|\u2606Zealo|convenient\n|inactive|Battle timer is ON: inactive players will automatically lose when time's up. (requested by Zealo)\n|c| I'm some Guy1234|ok kingambit vs kingambit\n|c|\u2606Zealo|1231 already\n|c|\u2606Zealo|pretty nie\n|c|\u2606Zealo|pretty nice\n|inactive|crimson laser has 30 seconds to reconnect!\n|c| I'm some Guy1234|preety nice\n|inactive|crimson laser has 20 seconds to reconnect!\n|c| I'm some Guy1234|YES BEAT CRIMSON BY TIME\n|inactive|crimson laser has 15 seconds to reconnect!\n|c|\u2606Zealo|i already win tho\n|c| I'm some Guy1234|lesgooo\n|inactive|crimson laser has 10 seconds to reconnect!\n|c|\u2606Zealo|brick break\n|c|\u2606Zealo|scarf\n|inactive|crimson laser has 5 seconds to reconnect!\n|c| I'm some Guy1234|oh yeah\n|c| I'm some Guy1234|YES\n|-message|crimson laser lost due to inactivity.\n|\n|win|Zealo\n|raw|Zealo's rating: 1231 &rarr; <strong>1258<\/strong><br \/>(+27 for winning)\n|raw|crimson laser's rating: 1257 &rarr; <strong>1230<\/strong><br \/>(-27 for losing)\n|c|\u2606Zealo|gg\n|c| I'm some Guy1234|LESGOOO\n|c|\u2606Zealo|1258\n|c|\u2606Zealo|so close to 1550\n","uploadtime":1699812602,"views":5,"p1id":"zealo","p2id":"crimsonlaser","formatid":"gen9anythinggoes","rating":1230,"private":0,"password":""}