{"id":"gen9anythinggoes-1975490969","p1":"Rowan_Rocket","p2":"NoHopeNoJoy","format":"[Gen 9] Anything Goes","log":"|j|\u2606Rowan_Rocket\n|j|\u2606NoHopeNoJoy\n|t:|1698196997\n|gametype|singles\n|player|p1|Rowan_Rocket|rocketgrunt|1071\n|player|p2|NoHopeNoJoy|169|1069\n|teamsize|p1|6\n|teamsize|p2|6\n|gen|9\n|tier|[Gen 9] Anything Goes\n|rated|\n|rule|HP Percentage Mod: HP is shown in percentages\n|rule|Endless Battle Clause: Forcing endless battles is banned\n|clearpoke\n|poke|p1|Farigiraf, M|\n|poke|p1|Wyrdeer, M|\n|poke|p1|Ursaluna, M|\n|poke|p1|Grafaiai, M|\n|poke|p1|Zoroark-Hisui, F|\n|poke|p1|Ambipom, M|\n|poke|p2|Annihilape, F|\n|poke|p2|Snorlax, F|\n|poke|p2|Brambleghast, F|\n|poke|p2|Clefable, F|\n|poke|p2|Clefable, F|\n|poke|p2|Kleavor, M|\n|teampreview\n|inactive|Battle timer is ON: inactive players will automatically lose when time's up. (requested by NoHopeNoJoy)\n|\n|t:|1698197015\n|start\n|switch|p1a: Ambipom|Ambipom, M|100\/100\n|switch|p2a: Snorlax|Snorlax, F|100\/100\n|turn|1\n|\n|t:|1698197023\n|move|p1a: Ambipom|Fake Out|p2a: Snorlax\n|-enditem|p1a: Ambipom|Normal Gem|[from] gem\n|-damage|p2a: Snorlax|68\/100\n|cant|p2a: Snorlax|flinch\n|\n|-heal|p2a: Snorlax|74\/100|[from] item: Leftovers\n|upkeep\n|turn|2\n|\n|t:|1698197032\n|move|p1a: Ambipom|Knock Off|p2a: Snorlax\n|-damage|p2a: Snorlax|48\/100\n|-enditem|p2a: Snorlax|Leftovers|[from] move: Knock Off|[of] p1a: Ambipom\n|move|p2a: Snorlax|Body Slam|p1a: Ambipom\n|-damage|p1a: Ambipom|30\/100\n|\n|upkeep\n|turn|3\n|\n|t:|1698197040\n|move|p1a: Ambipom|U-turn|p2a: Snorlax\n|-damage|p2a: Snorlax|31\/100\n|\n|t:|1698197043\n|switch|p1a: Farigiraf|Farigiraf, M|100\/100|[from] U-turn\n|move|p2a: Snorlax|Body Slam|p1a: Farigiraf\n|-immune|p1a: Farigiraf\n|\n|upkeep\n|turn|4\n|\n|t:|1698197051\n|move|p1a: Farigiraf|Hyper Voice|p2a: Snorlax\n|-damage|p2a: Snorlax|5\/100\n|move|p2a: Snorlax|Crunch|p1a: Farigiraf\n|-supereffective|p1a: Farigiraf\n|-enditem|p1a: Farigiraf|Focus Sash\n|-damage|p1a: Farigiraf|1\/100\n|-unboost|p1a: Farigiraf|def|1\n|replace|p1a: Zoroark|Zoroark-Hisui, F\n|-end|p1a: Zoroark|Illusion\n|\n|upkeep\n|turn|5\n|\n|t:|1698197062\n|move|p1a: Zoroark|Hyper Voice|p2a: Snorlax\n|-damage|p2a: Snorlax|0 fnt\n|faint|p2a: Snorlax\n|\n|upkeep\n|\n|t:|1698197073\n|switch|p2a: Clefable|Clefable, F|100\/100\n|turn|6\n|\n|t:|1698197077\n|switch|p1a: Grafaiai|Grafaiai, M|100\/100\n|move|p2a: Clefable|Moonblast|p1a: Grafaiai\n|-resisted|p1a: Grafaiai\n|-damage|p1a: Grafaiai|70\/100\n|\n|-heal|p1a: Grafaiai|76\/100|[from] item: Black Sludge\n|upkeep\n|turn|7\n|\n|t:|1698197090\n|move|p2a: Clefable|Moonblast|p1a: Grafaiai\n|-resisted|p1a: Grafaiai\n|-damage|p1a: Grafaiai|41\/100\n|move|p1a: Grafaiai|Poison Jab|p2a: Clefable\n|-supereffective|p2a: Clefable\n|-crit|p2a: Clefable\n|-damage|p2a: Clefable|0 fnt\n|faint|p2a: Clefable\n|\n|-heal|p1a: Grafaiai|47\/100|[from] item: Black Sludge\n|upkeep\n|\n|t:|1698197093\n|switch|p2a: Annihilape|Annihilape, F|100\/100\n|turn|8\n|\n|t:|1698197104\n|move|p1a: Grafaiai|Switcheroo|p2a: Annihilape\n|-activate|p1a: Grafaiai|move: Trick|[of] p2a: Annihilape\n|-item|p2a: Annihilape|Black Sludge|[from] move: Switcheroo\n|-item|p1a: Grafaiai|Leftovers|[from] move: Switcheroo\n|move|p2a: Annihilape|Drain Punch|p1a: Grafaiai\n|-damage|p1a: Grafaiai|0 fnt\n|faint|p1a: Grafaiai\n|\n|-damage|p2a: Annihilape|88\/100|[from] item: Black Sludge\n|upkeep\n|inactive|Rowan_Rocket has 120 seconds left.\n|\n|t:|1698197133\n|switch|p1a: Farigiraf|Farigiraf, M|100\/100\n|turn|9\n|\n|t:|1698197141\n|move|p2a: Annihilape|Drain Punch|p1a: Farigiraf\n|-damage|p1a: Farigiraf|74\/100\n|-heal|p2a: Annihilape|100\/100|[from] drain|[of] p1a: Farigiraf\n|move|p1a: Farigiraf|Wish|p1a: Farigiraf\n|\n|-damage|p2a: Annihilape|88\/100|[from] item: Black Sludge\n|upkeep\n|turn|10\n|\n|t:|1698197149\n|move|p2a: Annihilape|Bulk Up|p2a: Annihilape\n|-boost|p2a: Annihilape|atk|1\n|-boost|p2a: Annihilape|def|1\n|move|p1a: Farigiraf|Calm Mind|p1a: Farigiraf\n|-boost|p1a: Farigiraf|spa|1\n|-boost|p1a: Farigiraf|spd|1\n|\n|-heal|p1a: Farigiraf|100\/100|[from] move: Wish|[wisher] Farigiraf\n|-damage|p2a: Annihilape|75\/100|[from] item: Black Sludge\n|upkeep\n|turn|11\n|\n|t:|1698197161\n|move|p2a: Annihilape|Drain Punch|p1a: Farigiraf\n|-damage|p1a: Farigiraf|61\/100\n|-heal|p2a: Annihilape|96\/100|[from] drain|[of] p1a: Farigiraf\n|move|p1a: Farigiraf|Twin Beam|p2a: Annihilape\n|-supereffective|p2a: Annihilape\n|-damage|p2a: Annihilape|55\/100\n|-supereffective|p2a: Annihilape\n|-damage|p2a: Annihilape|15\/100\n|-hitcount|p2a: Annihilape|2\n|\n|-damage|p2a: Annihilape|3\/100|[from] item: Black Sludge\n|upkeep\n|turn|12\n|c|\u2606NoHopeNoJoy|welp u win\n|\n|t:|1698197177\n|switch|p1a: Farigiraf|Farigiraf, M|1\/100\n|move|p2a: Annihilape|Drain Punch|p1a: Farigiraf\n|-immune|p1a: Farigiraf\n|\n|-damage|p2a: Annihilape|0 fnt|[from] item: Black Sludge\n|faint|p2a: Annihilape\n|upkeep\n|c|\u2606NoHopeNoJoy|hate ur team\n|-message|NoHopeNoJoy forfeited.\n|\n|win|Rowan_Rocket\n|raw|Rowan_Rocket's rating: 1071 &rarr; <strong>1100<\/strong><br \/>(+29 for winning)\n|raw|NoHopeNoJoy's rating: 1069 &rarr; <strong>1049<\/strong><br \/>(-20 for losing)\n|l|\u2606NoHopeNoJoy\n","uploadtime":1698197207,"views":19,"p1id":"rowanrocket","p2id":"nohopenojoy","formatid":"gen9anythinggoes","rating":1049,"private":0,"password":""}