{"id":"gen9anythinggoes-1990373050","p1":"Fred64303","p2":"Katthecat789","format":"[Gen 9] Anything Goes","log":"|j|\u2606Fred64303\n|j|\u2606Katthecat789\n|t:|1699963738\n|gametype|singles\n|player|p1|Fred64303|lucas|1241\n|player|p2|Katthecat789|marlon|1142\n|teamsize|p1|6\n|teamsize|p2|6\n|gen|9\n|tier|[Gen 9] Anything Goes\n|rated|\n|rule|HP Percentage Mod: HP is shown in percentages\n|rule|Endless Battle Clause: Forcing endless battles is banned\n|clearpoke\n|poke|p1|Talonflame, M|\n|poke|p1|Heracross, M|\n|poke|p1|Calyrex-Shadow|\n|poke|p1|Scizor, F|\n|poke|p1|Empoleon, F|\n|poke|p1|Garchomp, F|\n|poke|p2|Meowscarada, F|\n|poke|p2|Maushold-Four|\n|poke|p2|Ceruledge, M|\n|poke|p2|Skeledirge, M|\n|poke|p2|Sylveon, F|\n|poke|p2|Amoonguss, M|\n|teampreview\n|inactive|Battle timer is ON: inactive players will automatically lose when time's up. (requested by Fred64303)\n|\n|t:|1699963750\n|start\n|switch|p1a: Talonflame|Talonflame, M, shiny|100\/100\n|switch|p2a: Abortion|Maushold-Four|100\/100\n|turn|1\n|\n|t:|1699963760\n|move|p1a: Talonflame|Dual Wingbeat|p2a: Abortion\n|-damage|p2a: Abortion|61\/100\n|-damage|p2a: Abortion|24\/100\n|-hitcount|p2a: Abortion|2\n|move|p2a: Abortion|Population Bomb|p1a: Talonflame\n|-damage|p1a: Talonflame|81\/100\n|-damage|p1a: Talonflame|63\/100\n|-damage|p1a: Talonflame|44\/100\n|-status|p2a: Abortion|brn|[from] ability: Flame Body|[of] p1a: Talonflame\n|-damage|p1a: Talonflame|35\/100\n|-damage|p1a: Talonflame|25\/100\n|-damage|p1a: Talonflame|15\/100\n|-damage|p1a: Talonflame|6\/100\n|-damage|p1a: Talonflame|0 fnt\n|faint|p1a: Talonflame\n|-hitcount|p1: Talonflame|8\n|\n|-damage|p2a: Abortion|17\/100 brn|[from] brn\n|upkeep\n|\n|t:|1699963781\n|switch|p1a: Scizor|Scizor, F|100\/100\n|turn|2\n|\n|t:|1699963785\n|move|p1a: Scizor|Bullet Punch|p2a: Abortion\n|-damage|p2a: Abortion|0 fnt\n|faint|p2a: Abortion\n|\n|upkeep\n|\n|t:|1699963792\n|switch|p2a: twink|Ceruledge, M|100\/100\n|turn|3\n|\n|t:|1699963798\n|-terastallize|p1a: Scizor|Water\n|move|p1a: Scizor|Bullet Punch|p2a: twink\n|-resisted|p2a: twink\n|-damage|p2a: twink|66\/100\n|move|p2a: twink|Bitter Blade|p1a: Scizor\n|-resisted|p1a: Scizor\n|-damage|p1a: Scizor|74\/100\n|-heal|p2a: twink|79\/100|[from] drain|[of] p1a: Scizor\n|\n|upkeep\n|turn|4\n|\n|t:|1699963808\n|move|p1a: Scizor|Bullet Punch|p2a: twink\n|-resisted|p2a: twink\n|-damage|p2a: twink|45\/100\n|move|p2a: twink|Poltergeist|p1a: Scizor\n|-activate|p1a: Scizor|move: Poltergeist|Choice Band\n|-damage|p1a: Scizor|2\/100\n|\n|upkeep\n|turn|5\n|\n|t:|1699963822\n|switch|p1a: Garchomp|Garchomp, F|100\/100\n|move|p2a: twink|Bitter Blade|p1a: Garchomp\n|-resisted|p1a: Garchomp\n|-damage|p1a: Garchomp|79\/100\n|-heal|p2a: twink|59\/100|[from] drain|[of] p1a: Garchomp\n|-damage|p2a: twink|47\/100|[from] ability: Rough Skin|[of] p1a: Garchomp\n|-damage|p2a: twink|30\/100|[from] item: Rocky Helmet|[of] p1a: Garchomp\n|\n|upkeep\n|turn|6\n|l|\u2606Fred64303\n|inactive|Fred64303 disconnected and has a minute to reconnect!\n|player|p1|\n|j|\u2606Fred64303\n|inactive|Fred64303 reconnected and has 130 seconds left.\n|player|p1|Fred64303|lucas\n|\n|t:|1699963848\n|move|p1a: Garchomp|Draco Meteor|p2a: twink\n|-damage|p2a: twink|0 fnt\n|-unboost|p1a: Garchomp|spa|2\n|faint|p2a: twink\n|\n|upkeep\n|\n|t:|1699963852\n|switch|p2a: transformer|Sylveon, F, shiny|100\/100\n|turn|7\n|l|\u2606Fred64303\n|inactive|Fred64303 disconnected and has a minute to reconnect!\n|player|p1|\n|j|\u2606Fred64303\n|inactive|Fred64303 reconnected and has 120 seconds left.\n|player|p1|Fred64303|lucas\n|\n|t:|1699963875\n|move|p1a: Garchomp|Earthquake|p2a: transformer\n|-crit|p2a: transformer\n|-damage|p2a: transformer|5\/100\n|move|p2a: transformer|Moonblast|p1a: Garchomp\n|-supereffective|p1a: Garchomp\n|-crit|p1a: Garchomp\n|-damage|p1a: Garchomp|0 fnt\n|faint|p1a: Garchomp\n|\n|upkeep\n|inactive|Fred64303 has 120 seconds left.\n|\n|t:|1699963887\n|switch|p1a: Scizor|Scizor, F, tera:Water|2\/100\n|turn|8\n|\n|t:|1699963890\n|move|p1a: Scizor|Bullet Punch|p2a: transformer\n|-supereffective|p2a: transformer\n|-damage|p2a: transformer|0 fnt\n|faint|p2a: transformer\n|\n|upkeep\n|\n|t:|1699963894\n|switch|p2a: Wet Cart|Meowscarada, F, shiny|100\/100\n|turn|9\n|\n|t:|1699963901\n|move|p2a: Wet Cart|Quick Attack|p1a: Scizor\n|-damage|p1a: Scizor|0 fnt\n|faint|p1a: Scizor\n|\n|upkeep\n|\n|t:|1699963909\n|switch|p1a: Calyrex|Calyrex-Shadow|100\/100\n|-ability|p1a: Calyrex|As One\n|-ability|p1a: Calyrex|Unnerve\n|turn|10\n|\n|t:|1699963916\n|move|p1a: Calyrex|Astral Barrage|p2a: Wet Cart\n|-resisted|p2a: Wet Cart\n|-damage|p2a: Wet Cart|39\/100\n|move|p2a: Wet Cart|Foul Play|p1a: Calyrex\n|-supereffective|p1a: Calyrex\n|-damage|p1a: Calyrex|0 fnt\n|faint|p1a: Calyrex\n|\n|upkeep\n|\n|t:|1699963925\n|switch|p1a: Heracross|Heracross, M|100\/100\n|turn|11\n|\n|t:|1699963944\n|move|p2a: Wet Cart|Flower Trick|p1a: Heracross\n|-resisted|p1a: Heracross\n|-crit|p1a: Heracross\n|-damage|p1a: Heracross|58\/100\n|move|p1a: Heracross|Close Combat|p2a: Wet Cart\n|-supereffective|p2a: Wet Cart\n|-damage|p2a: Wet Cart|0 fnt\n|-unboost|p1a: Heracross|def|1\n|-unboost|p1a: Heracross|spd|1\n|faint|p2a: Wet Cart\n|\n|-status|p1a: Heracross|brn|[from] item: Flame Orb\n|upkeep\n|\n|t:|1699963951\n|switch|p2a: Flaming cVm|Skeledirge, M|100\/100\n|turn|12\n|\n|t:|1699963960\n|move|p1a: Heracross|Earthquake|p2a: Flaming cVm\n|-supereffective|p2a: Flaming cVm\n|-damage|p2a: Flaming cVm|22\/100\n|-enditem|p2a: Flaming cVm|Aguav Berry|[eat]\n|-heal|p2a: Flaming cVm|55\/100|[from] item: Aguav Berry\n|move|p2a: Flaming cVm|Torch Song|p1a: Heracross\n|-supereffective|p1a: Heracross\n|-damage|p1a: Heracross|0 fnt\n|-boost|p2a: Flaming cVm|spa|1\n|faint|p1a: Heracross\n|\n|upkeep\n|\n|t:|1699963973\n|switch|p1a: Empoleon|Empoleon, F|100\/100\n|turn|13\n|\n|t:|1699963988\n|-terastallize|p2a: Flaming cVm|Psychic\n|move|p1a: Empoleon|Chilling Water|p2a: Flaming cVm\n|-damage|p2a: Flaming cVm|33\/100\n|-unboost|p2a: Flaming cVm|atk|1\n|move|p2a: Flaming cVm|Earthquake|p1a: Empoleon\n|-supereffective|p1a: Empoleon\n|-damage|p1a: Empoleon|78\/100\n|\n|upkeep\n|turn|14\n|\n|t:|1699964001\n|move|p1a: Empoleon|Chilling Water|p2a: Flaming cVm\n|-damage|p2a: Flaming cVm|11\/100\n|-unboost|p2a: Flaming cVm|atk|1\n|move|p2a: Flaming cVm|Poltergeist|p1a: Empoleon\n|-activate|p1a: Empoleon|move: Poltergeist|Rocky Helmet\n|-damage|p1a: Empoleon|63\/100\n|\n|upkeep\n|turn|15\n|\n|t:|1699964012\n|move|p1a: Empoleon|Chilling Water|p2a: Flaming cVm\n|-damage|p2a: Flaming cVm|0 fnt\n|faint|p2a: Flaming cVm\n|\n|upkeep\n|\n|t:|1699964016\n|switch|p2a: sleep bitch|Amoonguss, M, shiny|100\/100\n|turn|16\n|\n|t:|1699964035\n|move|p1a: Empoleon|Ice Beam|p2a: sleep bitch\n|-supereffective|p2a: sleep bitch\n|-damage|p2a: sleep bitch|67\/100\n|move|p2a: sleep bitch|Spore|p1a: Empoleon\n|-status|p1a: Empoleon|slp|[from] move: Spore\n|\n|upkeep\n|turn|17\n|\n|t:|1699964043\n|cant|p1a: Empoleon|slp\n|move|p2a: sleep bitch|Giga Drain|p1a: Empoleon\n|-damage|p1a: Empoleon|41\/100 slp\n|-heal|p2a: sleep bitch|76\/100|[from] drain|[of] p1a: Empoleon\n|\n|upkeep\n|turn|18\n|\n|t:|1699964050\n|-curestatus|p1a: Empoleon|slp|[msg]\n|move|p1a: Empoleon|Ice Beam|p2a: sleep bitch\n|-supereffective|p2a: sleep bitch\n|-damage|p2a: sleep bitch|45\/100\n|move|p2a: sleep bitch|Giga Drain|p1a: Empoleon\n|-damage|p1a: Empoleon|21\/100\n|-heal|p2a: sleep bitch|53\/100|[from] drain|[of] p1a: Empoleon\n|\n|upkeep\n|turn|19\n|\n|t:|1699964060\n|move|p1a: Empoleon|Ice Beam|p2a: sleep bitch\n|-supereffective|p2a: sleep bitch\n|-damage|p2a: sleep bitch|21\/100\n|move|p2a: sleep bitch|Giga Drain|p1a: Empoleon\n|-damage|p1a: Empoleon|1\/100\n|-heal|p2a: sleep bitch|30\/100|[from] drain|[of] p1a: Empoleon\n|\n|upkeep\n|turn|20\n|\n|t:|1699964068\n|move|p1a: Empoleon|Ice Beam|p2a: sleep bitch\n|-supereffective|p2a: sleep bitch\n|-damage|p2a: sleep bitch|0 fnt\n|faint|p2a: sleep bitch\n|\n|win|Fred64303\n|raw|Fred64303's rating: 1241 &rarr; <strong>1259<\/strong><br \/>(+18 for winning)\n|raw|Katthecat789's rating: 1142 &rarr; <strong>1124<\/strong><br \/>(-18 for losing)\n|l|\u2606Katthecat789\n","uploadtime":1699964096,"views":10,"p1id":"fred64303","p2id":"katthecat789","formatid":"gen9anythinggoes","rating":1124,"private":0,"password":""}