{"id":"gen9anythinggoes-1973817411","p1":"GraySquad123","p2":"keiggok090","format":"[Gen 9] Anything Goes","log":"|j|\u2606GraySquad123\n|j|\u2606keiggok090\n|t:|1698016730\n|gametype|singles\n|player|p1|GraySquad123|169|1325\n|player|p2|keiggok090|caitlin|1353\n|teamsize|p1|6\n|teamsize|p2|6\n|gen|9\n|tier|[Gen 9] Anything Goes\n|rated|\n|rule|HP Percentage Mod: HP is shown in percentages\n|rule|Endless Battle Clause: Forcing endless battles is banned\n|clearpoke\n|poke|p1|Kingambit, M|\n|poke|p1|Ogerpon-Hearthflame, F|\n|poke|p1|Koraidon|\n|poke|p1|Calyrex-Shadow|\n|poke|p1|Miraidon|\n|poke|p1|Dragapult, M|\n|poke|p2|Flutter Mane|\n|poke|p2|Houndstone, F|\n|poke|p2|Groudon|\n|poke|p2|Hippowdon, F|\n|poke|p2|Calyrex-Shadow|\n|poke|p2|Ogerpon-Hearthflame, F|\n|teampreview\n|\n|t:|1698016735\n|start\n|switch|p1a: Ogerpon|Ogerpon-Hearthflame, F|100\/100\n|switch|p2a: lizzo|Groudon|100\/100\n|-ability|p1a: Ogerpon|Mold Breaker\n|-weather|SunnyDay|[from] ability: Drought|[of] p2a: lizzo\n|turn|1\n|\n|t:|1698016742\n|move|p1a: Ogerpon|Swords Dance|p1a: Ogerpon\n|-boost|p1a: Ogerpon|atk|2\n|move|p2a: lizzo|Spikes|p1a: Ogerpon\n|-sidestart|p1: GraySquad123|Spikes\n|\n|-weather|SunnyDay|[upkeep]\n|upkeep\n|turn|2\n|\n|t:|1698016751\n|move|p1a: Ogerpon|Trailblaze|p2a: lizzo\n|-supereffective|p2a: lizzo\n|-damage|p2a: lizzo|0 fnt\n|-boost|p1a: Ogerpon|spe|1\n|faint|p2a: lizzo\n|\n|-weather|SunnyDay|[upkeep]\n|upkeep\n|\n|t:|1698016767\n|switch|p2a: wind|Flutter Mane|100\/100\n|-activate|p2a: wind|ability: Protosynthesis\n|-start|p2a: wind|protosynthesisspe\n|turn|3\n|\n|t:|1698016776\n|-terastallize|p1a: Ogerpon|Fire\n|detailschange|p1a: Ogerpon|Ogerpon-Hearthflame-Tera, F, tera:Fire\n|-ability|p1a: Ogerpon|Embody Aspect (Hearthflame)|boost\n|-boost|p1a: Ogerpon|atk|1\n|move|p2a: wind|Shadow Ball|p1a: Ogerpon\n|-damage|p1a: Ogerpon|48\/100\n|move|p1a: Ogerpon|Trailblaze|p2a: wind\n|-enditem|p2a: wind|Focus Sash\n|-damage|p2a: wind|1\/100\n|-boost|p1a: Ogerpon|spe|1\n|\n|-weather|SunnyDay|[upkeep]\n|upkeep\n|turn|4\n|\n|t:|1698016788\n|move|p1a: Ogerpon|Trailblaze|p2a: wind\n|-damage|p2a: wind|0 fnt\n|-boost|p1a: Ogerpon|spe|1\n|faint|p2a: wind\n|-end|p2a: wind|Protosynthesis|[silent]\n|\n|-weather|SunnyDay|[upkeep]\n|upkeep\n|\n|t:|1698016795\n|switch|p2a: Ogerpon|Ogerpon-Hearthflame, F|100\/100\n|-ability|p2a: Ogerpon|Mold Breaker\n|turn|5\n|\n|t:|1698016800\n|move|p2a: Ogerpon|Spiky Shield|p2a: Ogerpon\n|-singleturn|p2a: Ogerpon|move: Protect\n|move|p1a: Ogerpon|Ivy Cudgel|p2a: Ogerpon\n|-activate|p2a: Ogerpon|move: Protect\n|\n|-weather|SunnyDay|[upkeep]\n|upkeep\n|turn|6\n|\n|t:|1698016815\n|move|p1a: Ogerpon|Ivy Cudgel|p2a: Ogerpon\n|-damage|p2a: Ogerpon|0 fnt\n|faint|p2a: Ogerpon\n|\n|-weather|SunnyDay|[upkeep]\n|upkeep\n|\n|t:|1698016821\n|switch|p2a: moto-moto|Hippowdon, F|100\/100\n|-weather|Sandstorm|[from] ability: Sand Stream|[of] p2a: moto-moto\n|turn|7\n|\n|t:|1698016830\n|move|p1a: Ogerpon|Trailblaze|p2a: moto-moto\n|-supereffective|p2a: moto-moto\n|-damage|p2a: moto-moto|0 fnt\n|-boost|p1a: Ogerpon|spe|1\n|faint|p2a: moto-moto\n|\n|-weather|Sandstorm|[upkeep]\n|-damage|p1a: Ogerpon|42\/100|[from] Sandstorm\n|upkeep\n|c|\u2606GraySquad123|get out of my face you motherfucking hippo moto-moto\n|n|\u203dGraySquad123|graysquad123\n|c|&|\/log GraySquad123 was locked from talking by Artemis. (\u2606GraySquad123: get out of my face you motherfucking hippo moto-moto)\n|c|&|\/raw <small>This action was done automatically. Want to learn more about the AI? <a href=\"https:\/\/www.smogon.com\/forums\/threads\/3570628\/#post-9056769\">Visit the information thread<\/a>.<\/small>\n|\n|t:|1698016849\n|switch|p2a: rider|Calyrex-Shadow|100\/100\n|-ability|p2a: rider|As One\n|-ability|p2a: rider|Unnerve\n|turn|8\n|\n|t:|1698016879\n|move|p1a: Ogerpon|Ivy Cudgel|p2a: rider\n|-enditem|p2a: rider|Focus Sash\n|-damage|p2a: rider|1\/100\n|move|p2a: rider|Astral Barrage|p1a: Ogerpon\n|-damage|p1a: Ogerpon|0 fnt\n|faint|p1a: Ogerpon\n|-ability|p2a: rider|Grim Neigh|boost\n|-boost|p2a: rider|spa|1\n|\n|-weather|Sandstorm|[upkeep]\n|-damage|p2a: rider|0 fnt|[from] Sandstorm\n|faint|p2a: rider\n|upkeep\n|\n|t:|1698016891\n|switch|p2a: die|Houndstone, F|100\/100\n|switch|p1a: Miraidon|Miraidon|100\/100\n|-damage|p1a: Miraidon|88\/100|[from] Spikes\n|-fieldstart|move: Electric Terrain|[from] ability: Hadron Engine|[of] p1a: Miraidon\n|turn|9\n|\n|t:|1698016901\n|-terastallize|p2a: die|Ghost\n|move|p2a: die|Last Respects|p1a: Miraidon\n|-damage|p1a: Miraidon|0 fnt\n|faint|p1a: Miraidon\n|\n|-weather|Sandstorm|[upkeep]\n|upkeep\n|\n|t:|1698016908\n|switch|p1a: Dragapult|Dragapult, M|100\/100\n|-damage|p1a: Dragapult|88\/100|[from] Spikes\n|turn|10\n|\n|t:|1698016912\n|move|p2a: die|Last Respects|p1a: Dragapult\n|-supereffective|p1a: Dragapult\n|-damage|p1a: Dragapult|0 fnt\n|faint|p1a: Dragapult\n|\n|-weather|Sandstorm|[upkeep]\n|upkeep\n|\n|t:|1698016916\n|switch|p1a: Kingambit|Kingambit, M|100\/100\n|-damage|p1a: Kingambit|88\/100|[from] Spikes\n|-activate|p1a: Kingambit|ability: Supreme Overlord\n|-start|p1a: Kingambit|fallen3|[silent]\n|turn|11\n|\n|t:|1698016921\n|move|p1a: Kingambit|Sucker Punch|p2a: die\n|-supereffective|p2a: die\n|-damage|p2a: die|0 fnt\n|faint|p2a: die\n|\n|win|GraySquad123\n|raw|GraySquad123's rating: 1325 &rarr; <strong>1347<\/strong><br \/>(+22 for winning)\n|raw|keiggok090's rating: 1353 &rarr; <strong>1331<\/strong><br \/>(-22 for losing)\n","uploadtime":1698016842,"views":10,"p1id":"graysquad123","p2id":"keiggok090","formatid":"gen9anythinggoes","rating":1331,"private":0,"password":""}