{"id":"gen9anythinggoes-1992999833","p1":"Da Enda","p2":"201700200b","format":"[Gen 9] Anything Goes","log":"|j|\u2606Da Enda\n|j|\u2606201700200b\n|t:|1700254178\n|gametype|singles\n|player|p1|Da Enda|pokemaniac|1275\n|player|p2|201700200b|sage|1360\n|teamsize|p1|6\n|teamsize|p2|6\n|gen|9\n|tier|[Gen 9] Anything Goes\n|rated|\n|rule|HP Percentage Mod: HP is shown in percentages\n|rule|Endless Battle Clause: Forcing endless battles is banned\n|clearpoke\n|poke|p1|Grimmsnarl, M|\n|poke|p1|Kleavor, F|\n|poke|p1|Ambipom, F|\n|poke|p1|Ogerpon-Wellspring, F|\n|poke|p1|Shaymin-Sky|\n|poke|p1|Toxtricity, F|\n|poke|p2|Koraidon|\n|poke|p2|Gyarados, F|\n|poke|p2|Calyrex-Shadow|\n|poke|p2|Zacian-*|\n|poke|p2|Volcarona, M|\n|poke|p2|Golem, M|\n|teampreview\n|\n|t:|1700254213\n|start\n|switch|p1a: Ambipom|Ambipom, F|100\/100\n|switch|p2a: Zacian|Zacian-Crowned|100\/100\n|-ability|p2a: Zacian|Intrepid Sword|boost\n|-boost|p2a: Zacian|atk|1\n|-enditem|p1a: Ambipom|Mirror Herb\n|-boost|p1a: Ambipom|atk|1|[from] item: Mirror Herb\n|turn|1\n|\n|t:|1700254227\n|move|p1a: Ambipom|Fake Out|p2a: Zacian\n|-resisted|p2a: Zacian\n|-damage|p2a: Zacian|84\/100\n|cant|p2a: Zacian|flinch\n|\n|upkeep\n|turn|2\n|\n|t:|1700254238\n|move|p2a: Zacian|Swords Dance|p2a: Zacian\n|-boost|p2a: Zacian|atk|2\n|move|p1a: Ambipom|Acrobatics|p2a: Zacian\n|-resisted|p2a: Zacian\n|-damage|p2a: Zacian|64\/100\n|\n|upkeep\n|turn|3\n|c|\u2606201700200b|This f*cking monkey\n|\n|t:|1700254245\n|move|p2a: Zacian|Behemoth Blade|p1a: Ambipom\n|-damage|p1a: Ambipom|0 fnt\n|faint|p1a: Ambipom\n|\n|upkeep\n|\n|t:|1700254253\n|switch|p1a: Grimmsnarl|Grimmsnarl, M|100\/100\n|turn|4\n|\n|t:|1700254257\n|move|p1a: Grimmsnarl|Thunder Wave|p2a: Zacian\n|-status|p2a: Zacian|par\n|move|p2a: Zacian|Behemoth Blade|p1a: Grimmsnarl\n|-supereffective|p1a: Grimmsnarl\n|-crit|p1a: Grimmsnarl\n|-damage|p1a: Grimmsnarl|0 fnt\n|faint|p1a: Grimmsnarl\n|\n|upkeep\n|\n|t:|1700254264\n|switch|p1a: Shaymin|Shaymin-Sky|100\/100\n|turn|5\n|\n|t:|1700254272\n|move|p1a: Shaymin|Air Slash|p2a: Zacian\n|-resisted|p2a: Zacian\n|-damage|p2a: Zacian|44\/100 par\n|cant|p2a: Zacian|par\n|\n|upkeep\n|turn|6\n|\n|t:|1700254278\n|move|p1a: Shaymin|Earth Power|p2a: Zacian\n|-supereffective|p2a: Zacian\n|-damage|p2a: Zacian|0 fnt\n|faint|p2a: Zacian\n|\n|upkeep\n|inactive|Battle timer is ON: inactive players will automatically lose when time's up. (requested by Da Enda)\n|\n|t:|1700254356\n|switch|p2a: Golem|Golem, M|100\/100\n|turn|7\n|\n|t:|1700254364\n|-terastallize|p1a: Shaymin|Rock\n|move|p1a: Shaymin|Substitute|p1a: Shaymin\n|-start|p1a: Shaymin|Substitute\n|-damage|p1a: Shaymin|76\/100\n|move|p2a: Golem|Explosion|p1a: Shaymin\n|-resisted|p1a: Shaymin\n|-end|p1a: Shaymin|Substitute\n|faint|p2a: Golem\n|\n|-heal|p1a: Shaymin|82\/100|[from] item: Leftovers\n|upkeep\n|\n|t:|1700254377\n|switch|p2a: Koraidon|Koraidon|100\/100\n|-weather|SunnyDay|[from] ability: Orichalcum Pulse|[of] p2a: Koraidon\n|-activate|p2a: Koraidon|Orichalcum Pulse|[source]\n|turn|8\n|\n|t:|1700254386\n|move|p2a: Koraidon|Collision Course|p1a: Shaymin\n|-supereffective|p1a: Shaymin\n|-damage|p1a: Shaymin|0 fnt\n|faint|p1a: Shaymin\n|\n|-weather|SunnyDay|[upkeep]\n|upkeep\n|\n|t:|1700254398\n|switch|p1a: Kleavor|Kleavor, F|100\/100\n|turn|9\n|\n|t:|1700254404\n|move|p2a: Koraidon|Scale Shot|p1a: Kleavor\n|-damage|p1a: Kleavor|77\/100\n|-damage|p1a: Kleavor|55\/100\n|-damage|p1a: Kleavor|34\/100\n|-damage|p1a: Kleavor|10\/100\n|-hitcount|p1a: Kleavor|4\n|-unboost|p2a: Koraidon|def|1\n|-boost|p2a: Koraidon|spe|1\n|move|p1a: Kleavor|Close Combat|p2a: Koraidon\n|-damage|p2a: Koraidon|14\/100\n|-unboost|p1a: Kleavor|def|1\n|-unboost|p1a: Kleavor|spd|1\n|-damage|p1a: Kleavor|0 fnt|[from] item: Life Orb\n|faint|p1a: Kleavor\n|\n|-weather|SunnyDay|[upkeep]\n|upkeep\n|\n|t:|1700254419\n|switch|p1a: Ogerpon|Ogerpon-Wellspring, F|100\/100\n|turn|10\n|inactive|201700200b has 120 seconds left.\n|inactive|201700200b has 90 seconds left.\n|inactive|201700200b has 60 seconds left.\n|inactive|201700200b has 30 seconds left.\n|inactive|201700200b has 20 seconds left.\n|inactive|201700200b has 15 seconds left.\n|inactive|201700200b has 10 seconds left.\n|inactive|201700200b has 5 seconds left.\n|-message|201700200b lost due to inactivity.\n|\n|win|Da Enda\n|raw|Da Enda's rating: 1275 &rarr; <strong>1306<\/strong><br \/>(+31 for winning)\n|raw|201700200b's rating: 1360 &rarr; <strong>1335<\/strong><br \/>(-25 for losing)\n","uploadtime":1700254244,"views":4,"p1id":"daenda","p2id":"201700200b","formatid":"gen9anythinggoes","rating":1306,"private":0,"password":""}