{"id":"gen9anythinggoes-1976756010","p1":"idiotgemer","p2":"HanzKrautsmann","format":"[Gen 9] Anything Goes","log":"|j|\u203didiotgemer\n|j|\u2606HanzKrautsmann\n|t:|1698338857\n|gametype|singles\n|player|p1|idiotgemer|266|1000\n|player|p2|HanzKrautsmann|fisherman-gen4|1040\n|teamsize|p1|6\n|teamsize|p2|6\n|gen|9\n|tier|[Gen 9] Anything Goes\n|rated|\n|rule|HP Percentage Mod: HP is shown in percentages\n|rule|Endless Battle Clause: Forcing endless battles is banned\n|clearpoke\n|poke|p1|Meowscarada, F|\n|poke|p1|Rayquaza|\n|poke|p1|Lucario, M|\n|poke|p1|Lycanroc-Dusk, M|\n|poke|p1|Arcanine-Hisui, M|\n|poke|p1|Slowking, F|\n|poke|p2|Drifblim, M|\n|poke|p2|Clefable, M|\n|poke|p2|Calyrex-Shadow|\n|poke|p2|Shaymin-Sky|\n|poke|p2|Thundurus, M|\n|poke|p2|Espathra, M|\n|teampreview\n|inactive|Battle timer is ON: inactive players will automatically lose when time's up. (requested by HanzKrautsmann)\n|\n|t:|1698338889\n|start\n|switch|p1a: Lycanroc|Lycanroc-Dusk, M|100\/100\n|switch|p2a: Espathra|Espathra, M, shiny|100\/100\n|turn|1\n|\n|t:|1698338897\n|move|p1a: Lycanroc|Fire Fang|p2a: Espathra\n|-damage|p2a: Espathra|80\/100\n|move|p2a: Espathra|Substitute|p2a: Espathra\n|-start|p2a: Espathra|Substitute\n|-damage|p2a: Espathra|56\/100\n|\n|-heal|p2a: Espathra|62\/100|[from] item: Leftovers\n|-ability|p2a: Espathra|Speed Boost|boost\n|-boost|p2a: Espathra|spe|1\n|upkeep\n|turn|2\n|\n|t:|1698338913\n|move|p2a: Espathra|Calm Mind|p2a: Espathra\n|-boost|p2a: Espathra|spa|1\n|-boost|p2a: Espathra|spd|1\n|move|p1a: Lycanroc|Drill Run|p2a: Espathra\n|-crit|p2a: Espathra\n|-end|p2a: Espathra|Substitute\n|\n|-heal|p2a: Espathra|68\/100|[from] item: Leftovers\n|-ability|p2a: Espathra|Speed Boost|boost\n|-boost|p2a: Espathra|spe|1\n|upkeep\n|turn|3\n|\n|t:|1698338926\n|move|p2a: Espathra|Substitute|p2a: Espathra\n|-start|p2a: Espathra|Substitute\n|-damage|p2a: Espathra|43\/100\n|move|p1a: Lycanroc|Drill Run|p2a: Espathra\n|-crit|p2a: Espathra\n|-end|p2a: Espathra|Substitute\n|\n|-heal|p2a: Espathra|49\/100|[from] item: Leftovers\n|-ability|p2a: Espathra|Speed Boost|boost\n|-boost|p2a: Espathra|spe|1\n|upkeep\n|turn|4\n|\n|t:|1698338938\n|move|p2a: Espathra|Roost|p2a: Espathra\n|-heal|p2a: Espathra|99\/100\n|-singleturn|p2a: Espathra|move: Roost\n|move|p1a: Lycanroc|Drill Run|p2a: Espathra\n|-damage|p2a: Espathra|73\/100\n|\n|-heal|p2a: Espathra|79\/100|[from] item: Leftovers\n|-ability|p2a: Espathra|Speed Boost|boost\n|-boost|p2a: Espathra|spe|1\n|upkeep\n|turn|5\n|inactive|idiotgemer has 120 seconds left.\n|\n|t:|1698338965\n|move|p2a: Espathra|Calm Mind|p2a: Espathra\n|-boost|p2a: Espathra|spa|1\n|-boost|p2a: Espathra|spd|1\n|move|p1a: Lycanroc|Stone Edge|p2a: Espathra|[miss]\n|-miss|p1a: Lycanroc|p2a: Espathra\n|\n|-heal|p2a: Espathra|85\/100|[from] item: Leftovers\n|-ability|p2a: Espathra|Speed Boost|boost\n|-boost|p2a: Espathra|spe|1\n|upkeep\n|turn|6\n|inactive|idiotgemer has 120 seconds left.\n|\n|t:|1698338986\n|move|p2a: Espathra|Calm Mind|p2a: Espathra\n|-boost|p2a: Espathra|spa|1\n|-boost|p2a: Espathra|spd|1\n|move|p1a: Lycanroc|Tera Blast|p2a: Espathra\n|-damage|p2a: Espathra|76\/100\n|\n|-heal|p2a: Espathra|82\/100|[from] item: Leftovers\n|-ability|p2a: Espathra|Speed Boost|boost\n|-boost|p2a: Espathra|spe|1\n|upkeep\n|turn|7\n|inactive|idiotgemer has 120 seconds left.\n|\n|t:|1698339011\n|switch|p1a: Slowking|Slowking, F|100\/100\n|move|p2a: Espathra|Calm Mind|p2a: Espathra\n|-boost|p2a: Espathra|spa|1\n|-boost|p2a: Espathra|spd|1\n|\n|-heal|p2a: Espathra|89\/100|[from] item: Leftovers\n|upkeep\n|turn|8\n|\n|t:|1698339024\n|move|p2a: Espathra|Baton Pass|p2a: Espathra\n|\n|t:|1698339027\n|switch|p2a: Calyrex|Calyrex-Shadow|100\/100|[from] Baton Pass\n|-ability|p2a: Calyrex|As One\n|-ability|p2a: Calyrex|Unnerve\n|move|p1a: Slowking|Disable||[still]\n|-fail|p1a: Slowking\n|\n|upkeep\n|turn|9\n|inactive|idiotgemer has 120 seconds left.\n|\n|t:|1698339039\n|move|p2a: Calyrex|Dark Pulse|p1a: Slowking\n|-supereffective|p1a: Slowking\n|-damage|p1a: Slowking|0 fnt\n|faint|p1a: Slowking\n|-ability|p2a: Calyrex|Grim Neigh|boost\n|-boost|p2a: Calyrex|spa|1\n|\n|upkeep\n|\n|t:|1698339051\n|switch|p1a: Rayquaza|Rayquaza, shiny|100\/100\n|-ability|p1a: Rayquaza|Air Lock\n|turn|10\n|\n|t:|1698339061\n|move|p1a: Rayquaza|Extreme Speed|p2a: Calyrex\n|-immune|p2a: Calyrex\n|move|p2a: Calyrex|Astral Barrage|p1a: Rayquaza\n|-damage|p1a: Rayquaza|0 fnt\n|faint|p1a: Rayquaza\n|-ability|p2a: Calyrex|Grim Neigh|boost\n|-boost|p2a: Calyrex|spa|1\n|\n|upkeep\n|c|\u2606HanzKrautsmann|...\n|\n|t:|1698339072\n|switch|p1a: Meowscarada|Meowscarada, F|100\/100\n|turn|11\n|\n|t:|1698339079\n|move|p2a: Calyrex|Astral Barrage|p1a: Meowscarada\n|-resisted|p1a: Meowscarada\n|-enditem|p1a: Meowscarada|Focus Sash\n|-damage|p1a: Meowscarada|1\/100\n|move|p1a: Meowscarada|Copycat|p1a: Meowscarada\n|-start|p1a: Meowscarada|typechange|Normal|[from] ability: Protean\n|move|p1a: Meowscarada|Astral Barrage|p2a: Calyrex|[from]move: Copycat\n|-supereffective|p2a: Calyrex\n|-damage|p2a: Calyrex|65\/100\n|\n|-heal|p2a: Calyrex|71\/100|[from] item: Leftovers\n|upkeep\n|turn|12\n|inactive|idiotgemer has 120 seconds left.\n|c|\u2606HanzKrautsmann|yikes\n|\n|t:|1698339106\n|move|p2a: Calyrex|Dark Pulse|p1a: Meowscarada\n|-damage|p1a: Meowscarada|0 fnt\n|faint|p1a: Meowscarada\n|\n|-heal|p2a: Calyrex|77\/100|[from] item: Leftovers\n|upkeep\n|\n|t:|1698339116\n|switch|p1a: Arcanine|Arcanine-Hisui, M, shiny|100\/100\n|turn|13\n|\n|t:|1698339132\n|move|p2a: Calyrex|Astral Barrage|p1a: Arcanine\n|-damage|p1a: Arcanine|0 fnt\n|faint|p1a: Arcanine\n|\n|-heal|p2a: Calyrex|83\/100|[from] item: Leftovers\n|upkeep\n|inactive|idiotgemer has 90 seconds left.\n|\n|t:|1698339150\n|switch|p1a: Lucario|Lucario, M|100\/100\n|turn|14\n|inactive|idiotgemer has 90 seconds left.\n|\n|t:|1698339167\n|move|p1a: Lucario|Bullet Punch|p2a: Calyrex\n|-damage|p2a: Calyrex|65\/100\n|move|p2a: Calyrex|Astral Barrage|p1a: Lucario\n|-damage|p1a: Lucario|0 fnt\n|faint|p1a: Lucario\n|\n|-heal|p2a: Calyrex|71\/100|[from] item: Leftovers\n|upkeep\n|\n|t:|1698339183\n|switch|p1a: Lycanroc|Lycanroc-Dusk, M|100\/100\n|turn|15\n|\n|t:|1698339189\n|move|p2a: Calyrex|Astral Barrage|p1a: Lycanroc\n|-crit|p1a: Lycanroc\n|-damage|p1a: Lycanroc|0 fnt\n|faint|p1a: Lycanroc\n|\n|win|HanzKrautsmann\n|raw|idiotgemer's rating: 1000 &rarr; <strong>1000<\/strong><br \/>(+0 for losing)\n|raw|HanzKrautsmann's rating: 1040 &rarr; <strong>1070<\/strong><br \/>(+30 for winning)\n|c|\u2606HanzKrautsmann|yup\n","uploadtime":1698339198,"views":8,"p1id":"idiotgemer","p2id":"hanzkrautsmann","formatid":"gen9anythinggoes","rating":1000,"private":0,"password":""}