{"id":"gen9anythinggoes-1989240475","p1":"Horuskoria","p2":"Batikan17","format":"[Gen 9] Anything Goes","log":"|j|\u2606Horuskoria\n|j|\u2606Batikan17\n|t:|1699826963\n|gametype|singles\n|player|p1|Horuskoria|101|\n|player|p2|Batikan17|2|\n|teamsize|p1|6\n|teamsize|p2|6\n|gen|9\n|tier|[Gen 9] Anything Goes\n|rule|HP Percentage Mod: HP is shown in percentages\n|rule|Endless Battle Clause: Forcing endless battles is banned\n|clearpoke\n|poke|p1|Heatran, F|\n|poke|p1|Noivern, F|\n|poke|p1|Sylveon, F|\n|poke|p1|Ogerpon-Wellspring, F|\n|poke|p1|Pelipper, F|\n|poke|p1|Piloswine, F|\n|poke|p2|Drednaw, F|\n|poke|p2|Mandibuzz, F|\n|poke|p2|Garchomp, M|\n|poke|p2|Munkidori, M|\n|poke|p2|Avalugg-Hisui, M|\n|poke|p2|Magearna|\n|teampreview\n|j| michpanta\n|\n|t:|1699827115\n|start\n|switch|p1a: Piloswine|Piloswine, F|100\/100\n|switch|p2a: Eren|Munkidori, M|100\/100\n|turn|1\n|\n|t:|1699827129\n|move|p2a: Eren|U-turn|p1a: Piloswine\n|-damage|p1a: Piloswine|93\/100\n|\n|t:|1699827139\n|switch|p2a: Rainer|Avalugg-Hisui, M, shiny|100\/100|[from] U-turn\n|move|p1a: Piloswine|Avalanche|p2a: Rainer\n|-resisted|p2a: Rainer\n|-damage|p2a: Rainer|96\/100\n|-damage|p1a: Piloswine|77\/100|[from] item: Rocky Helmet|[of] p2a: Rainer\n|\n|upkeep\n|turn|2\n|\n|t:|1699827160\n|switch|p1a: Pelipper|Pelipper, F|100\/100\n|-weather|RainDance|[from] ability: Drizzle|[of] p1a: Pelipper\n|-terastallize|p2a: Rainer|Fairy\n|move|p2a: Rainer|Tera Blast|p1a: Pelipper|[anim] Tera Blast Fairy\n|-damage|p1a: Pelipper|74\/100\n|\n|-weather|RainDance|[upkeep]\n|upkeep\n|turn|3\n|\n|t:|1699827244\n|switch|p2a: Anni|Magearna|100\/100\n|move|p1a: Pelipper|Surf|p2a: Anni\n|-damage|p2a: Anni|77\/100\n|\n|-weather|RainDance|[upkeep]\n|upkeep\n|turn|4\n|\n|t:|1699827273\n|switch|p1a: Heatran|Heatran, F|100\/100\n|move|p2a: Anni|Volt Switch|p1a: Heatran\n|-damage|p1a: Heatran|82\/100\n|\n|t:|1699827332\n|switch|p2a: Berthold|Garchomp, M|100\/100|[from] Volt Switch\n|\n|-weather|RainDance|[upkeep]\n|upkeep\n|turn|5\n|\n|t:|1699827347\n|switch|p1a: Pelipper|Pelipper, F|74\/100\n|move|p2a: Berthold|Stealth Rock|p1a: Pelipper\n|-sidestart|p1: Horuskoria|move: Stealth Rock\n|\n|-weather|RainDance|[upkeep]\n|upkeep\n|turn|6\n|c| michpanta|Die guuuten Namen :D\n|\n|t:|1699827379\n|switch|p2a: Anni|Magearna|77\/100\n|move|p1a: Pelipper|Roost|p1a: Pelipper\n|-heal|p1a: Pelipper|100\/100\n|-singleturn|p1a: Pelipper|move: Roost\n|\n|-weather|none\n|upkeep\n|turn|7\n|\n|t:|1699827399\n|switch|p1a: Heatran|Heatran, F|82\/100\n|-damage|p1a: Heatran|69\/100|[from] Stealth Rock\n|move|p2a: Anni|Draining Kiss|p1a: Heatran\n|-resisted|p1a: Heatran\n|-damage|p1a: Heatran|65\/100\n|-heal|p2a: Anni|81\/100|[from] drain|[of] p1a: Heatran\n|\n|upkeep\n|turn|8\n|\n|t:|1699827413\n|switch|p2a: Falco|Mandibuzz, F|100\/100\n|move|p1a: Heatran|Magma Storm|p2a: Falco\n|-damage|p2a: Falco|68\/100\n|-activate|p2a: Falco|move: Magma Storm|[of] p1a: Heatran\n|\n|-damage|p2a: Falco|55\/100|[from] move: Magma Storm|[partiallytrapped]\n|upkeep\n|turn|9\n|\n|t:|1699827436\n|move|p1a: Heatran|Power Gem|p2a: Falco\n|-supereffective|p2a: Falco\n|-damage|p2a: Falco|19\/100\n|move|p2a: Falco|U-turn|p1a: Heatran\n|-resisted|p1a: Heatran\n|-damage|p1a: Heatran|62\/100\n|\n|t:|1699827464\n|switch|p2a: Berthold|Garchomp, M|100\/100|[from] U-turn\n|\n|upkeep\n|turn|10\n|\n|t:|1699827507\n|switch|p2a: Falco|Mandibuzz, F|19\/100\n|switch|p1a: Piloswine|Piloswine, F|77\/100\n|-damage|p1a: Piloswine|64\/100|[from] Stealth Rock\n|\n|upkeep\n|turn|11\n|\n|t:|1699827524\n|switch|p2a: Rainer|Avalugg-Hisui, M, shiny, tera:Fairy|96\/100\n|switch|p1a: Sylveon|Sylveon, F|100\/100\n|-damage|p1a: Sylveon|88\/100|[from] Stealth Rock\n|\n|upkeep\n|turn|12\n|\n|t:|1699827535\n|switch|p2a: Anni|Magearna|81\/100\n|move|p1a: Sylveon|Hyper Voice|p2a: Anni\n|-resisted|p2a: Anni\n|-damage|p2a: Anni|72\/100\n|\n|upkeep\n|turn|13\n|\n|t:|1699827552\n|move|p2a: Anni|Aura Sphere|p1a: Sylveon\n|-resisted|p1a: Sylveon\n|-damage|p1a: Sylveon|81\/100\n|move|p1a: Sylveon|Wish|p1a: Sylveon\n|\n|upkeep\n|turn|14\n|\n|t:|1699827563\n|switch|p1a: Heatran|Heatran, F|62\/100\n|-damage|p1a: Heatran|50\/100|[from] Stealth Rock\n|move|p2a: Anni|Draining Kiss|p1a: Heatran\n|-resisted|p1a: Heatran\n|-damage|p1a: Heatran|46\/100\n|-heal|p2a: Anni|75\/100|[from] drain|[of] p1a: Heatran\n|\n|-heal|p1a: Heatran|98\/100|[from] move: Wish|[wisher] Sylveon\n|upkeep\n|turn|15\n|\n|t:|1699827606\n|switch|p2a: Berthold|Garchomp, M|100\/100\n|move|p1a: Heatran|Magma Storm|p2a: Berthold\n|-resisted|p2a: Berthold\n|-damage|p2a: Berthold|76\/100\n|-activate|p2a: Berthold|move: Magma Storm|[of] p1a: Heatran\n|\n|-heal|p2a: Berthold|82\/100|[from] item: Leftovers\n|-damage|p2a: Berthold|70\/100|[from] move: Magma Storm|[partiallytrapped]\n|upkeep\n|turn|16\n|\n|t:|1699827624\n|switch|p1a: Noivern|Noivern, F|100\/100\n|move|p2a: Berthold|Scale Shot|p1a: Noivern\n|-supereffective|p1a: Noivern\n|-damage|p1a: Noivern|65\/100\n|-supereffective|p1a: Noivern\n|-damage|p1a: Noivern|30\/100\n|-hitcount|p1a: Noivern|2\n|-unboost|p2a: Berthold|def|1\n|-boost|p2a: Berthold|spe|1\n|\n|-heal|p2a: Berthold|76\/100|[from] item: Leftovers\n|-end|p2a: Berthold|Magma Storm|[partiallytrapped]|[silent]\n|upkeep\n|turn|17\n|\n|t:|1699827698\n|switch|p1a: Pelipper|Pelipper, F|100\/100\n|-weather|RainDance|[from] ability: Drizzle|[of] p1a: Pelipper\n|move|p2a: Berthold|Scale Shot|p1a: Pelipper\n|-crit|p1a: Pelipper\n|-damage|p1a: Pelipper|83\/100\n|-damage|p1a: Pelipper|71\/100\n|-crit|p1a: Pelipper\n|-damage|p1a: Pelipper|56\/100\n|-damage|p1a: Pelipper|45\/100\n|-hitcount|p1a: Pelipper|4\n|-unboost|p2a: Berthold|def|1\n|-boost|p2a: Berthold|spe|1\n|\n|-weather|RainDance|[upkeep]\n|-heal|p2a: Berthold|82\/100|[from] item: Leftovers\n|upkeep\n|turn|18\n|\n|t:|1699827734\n|switch|p2a: Falco|Mandibuzz, F|19\/100\n|move|p1a: Pelipper|Surf|p2a: Falco\n|-crit|p2a: Falco\n|-damage|p2a: Falco|0 fnt\n|faint|p2a: Falco\n|\n|-weather|RainDance|[upkeep]\n|upkeep\n|\n|t:|1699827889\n|switch|p2a: Galliard|Drednaw, F, shiny|100\/100\n|turn|19\n|\n|t:|1699827910\n|move|p2a: Galliard|Shell Smash|p2a: Galliard\n|-unboost|p2a: Galliard|def|1\n|-unboost|p2a: Galliard|spd|1\n|-boost|p2a: Galliard|atk|2\n|-boost|p2a: Galliard|spa|2\n|-boost|p2a: Galliard|spe|2\n|move|p1a: Pelipper|Surf|p2a: Galliard\n|-damage|p2a: Galliard|2\/100\n|\n|-weather|RainDance|[upkeep]\n|upkeep\n|turn|20\n|\n|t:|1699827945\n|move|p2a: Galliard|Stone Edge|p1a: Pelipper|[miss]\n|-miss|p2a: Galliard|p1a: Pelipper\n|move|p1a: Pelipper|Surf|p2a: Galliard\n|-damage|p2a: Galliard|0 fnt\n|faint|p2a: Galliard\n|\n|-weather|RainDance|[upkeep]\n|upkeep\n|j| KreativerNamee\n|c|\u2606Batikan17|einmal nehme ich den mit..\n|c| michpanta|Wallah Krise :D\n|c| michpanta|Ich hab das Game gegen Kohli schon wieder im Kopf :D\n|n| KreativerNamee|kreativernamee\n|\n|t:|1699828019\n|switch|p2a: Anni|Magearna|75\/100\n|turn|21\n|c| KreativerNamee|War aber auch einfach schlecht gespielt\n|\n|t:|1699828026\n|move|p2a: Anni|Volt Switch|p1a: Pelipper\n|-supereffective|p1a: Pelipper\n|-damage|p1a: Pelipper|0 fnt\n|faint|p1a: Pelipper\n|-ability|p2a: Anni|Soul-Heart|boost\n|-boost|p2a: Anni|spa|1\n|\n|t:|1699828032\n|switch|p2a: Eren|Munkidori, M|100\/100|[from] Volt Switch\n|\n|-weather|none\n|upkeep\n|\n|t:|1699828050\n|switch|p1a: Heatran|Heatran, F|98\/100\n|-damage|p1a: Heatran|85\/100|[from] Stealth Rock\n|turn|22\n|\n|t:|1699828066\n|move|p2a: Eren|U-turn|p1a: Heatran\n|-resisted|p1a: Heatran\n|-damage|p1a: Heatran|83\/100\n|j| setofleischer\n|\n|t:|1699828074\n|switch|p2a: Berthold|Garchomp, M|82\/100|[from] U-turn\n|move|p1a: Heatran|Magma Storm|p2a: Berthold\n|-resisted|p2a: Berthold\n|-damage|p2a: Berthold|58\/100\n|-activate|p2a: Berthold|move: Magma Storm|[of] p1a: Heatran\n|\n|-heal|p2a: Berthold|64\/100|[from] item: Leftovers\n|-damage|p2a: Berthold|52\/100|[from] move: Magma Storm|[partiallytrapped]\n|upkeep\n|turn|23\n|\n|t:|1699828113\n|switch|p1a: Sylveon|Sylveon, F|81\/100\n|-damage|p1a: Sylveon|69\/100|[from] Stealth Rock\n|move|p2a: Berthold|Swords Dance|p2a: Berthold\n|-boost|p2a: Berthold|atk|2\n|\n|-heal|p2a: Berthold|58\/100|[from] item: Leftovers\n|-end|p2a: Berthold|Magma Storm|[partiallytrapped]|[silent]\n|upkeep\n|turn|24\n|\n|t:|1699828180\n|move|p2a: Berthold|Earthquake|p1a: Sylveon\n|-damage|p1a: Sylveon|0 fnt\n|faint|p1a: Sylveon\n|\n|-heal|p2a: Berthold|64\/100|[from] item: Leftovers\n|upkeep\n|\n|t:|1699828188\n|switch|p1a: Noivern|Noivern, F|30\/100\n|turn|25\n|\n|t:|1699828237\n|switch|p2a: Anni|Magearna|75\/100\n|move|p1a: Noivern|Draco Meteor|p2a: Anni\n|-immune|p2a: Anni\n|\n|upkeep\n|turn|26\n|\n|t:|1699828287\n|-terastallize|p1a: Noivern|Normal\n|move|p1a: Noivern|Roost|p1a: Noivern\n|-heal|p1a: Noivern|80\/100\n|move|p2a: Anni|Aura Sphere|p1a: Noivern\n|-supereffective|p1a: Noivern\n|-damage|p1a: Noivern|19\/100\n|\n|upkeep\n|turn|27\n|\n|t:|1699828305\n|switch|p1a: Ogerpon|Ogerpon-Wellspring, F|100\/100\n|-damage|p1a: Ogerpon|88\/100|[from] Stealth Rock\n|move|p2a: Anni|Aura Sphere|p1a: Ogerpon\n|-damage|p1a: Ogerpon|59\/100\n|\n|upkeep\n|turn|28\n|\n|t:|1699828440\n|switch|p2a: Rainer|Avalugg-Hisui, M, shiny, tera:Fairy|96\/100\n|move|p1a: Ogerpon|Ivy Cudgel|p2a: Rainer\n|-damage|p2a: Rainer|73\/100\n|\n|upkeep\n|turn|29\n|\n|t:|1699828460\n|switch|p1a: Piloswine|Piloswine, F|64\/100\n|-damage|p1a: Piloswine|52\/100|[from] Stealth Rock\n|move|p2a: Rainer|Recover|p2a: Rainer\n|-heal|p2a: Rainer|100\/100\n|\n|upkeep\n|turn|30\n|\n|t:|1699828472\n|move|p1a: Piloswine|Rest|p1a: Piloswine\n|-status|p1a: Piloswine|slp|[from] move: Rest\n|-heal|p1a: Piloswine|100\/100 slp|[silent]\n|move|p2a: Rainer|Tera Blast|p1a: Piloswine|[anim] Tera Blast Fairy\n|-damage|p1a: Piloswine|80\/100 slp\n|\n|upkeep\n|turn|31\n|\n|t:|1699828486\n|cant|p1a: Piloswine|slp\n|move|p1a: Piloswine|Sleep Talk|p1a: Piloswine\n|move|p1a: Piloswine|Earthquake|p2a: Rainer|[from]move: Sleep Talk\n|-damage|p2a: Rainer|84\/100\n|move|p2a: Rainer|Tera Blast|p1a: Piloswine|[anim] Tera Blast Fairy\n|-damage|p1a: Piloswine|58\/100 slp\n|\n|upkeep\n|turn|32\n|\n|t:|1699828500\n|switch|p1a: Heatran|Heatran, F|83\/100\n|-damage|p1a: Heatran|71\/100|[from] Stealth Rock\n|move|p2a: Rainer|Tera Blast|p1a: Heatran|[anim] Tera Blast Fairy\n|-resisted|p1a: Heatran\n|-crit|p1a: Heatran\n|-damage|p1a: Heatran|59\/100\n|\n|upkeep\n|turn|33\n|l| setofleischer\n|\n|t:|1699828570\n|switch|p2a: Berthold|Garchomp, M|64\/100\n|move|p1a: Heatran|Flash Cannon|p2a: Berthold\n|-damage|p2a: Berthold|25\/100\n|\n|-heal|p2a: Berthold|32\/100|[from] item: Leftovers\n|upkeep\n|turn|34\n|\n|t:|1699828609\n|move|p2a: Berthold|Earthquake|p1a: Heatran\n|-supereffective|p1a: Heatran\n|-damage|p1a: Heatran|0 fnt\n|faint|p1a: Heatran\n|\n|-heal|p2a: Berthold|38\/100|[from] item: Leftovers\n|upkeep\n|\n|t:|1699828617\n|switch|p1a: Ogerpon|Ogerpon-Wellspring, F|59\/100\n|-damage|p1a: Ogerpon|46\/100|[from] Stealth Rock\n|turn|35\n|\n|t:|1699828633\n|switch|p1a: Noivern|Noivern, F, tera:Normal|19\/100\n|move|p2a: Berthold|Scale Shot|p1a: Noivern\n|-damage|p1a: Noivern|3\/100\n|-damage|p1a: Noivern|0 fnt\n|faint|p1a: Noivern\n|-hitcount|p1: Noivern|2\n|-unboost|p2a: Berthold|def|1\n|-boost|p2a: Berthold|spe|1\n|\n|-heal|p2a: Berthold|44\/100|[from] item: Leftovers\n|upkeep\n|\n|t:|1699828645\n|switch|p1a: Piloswine|Piloswine, F|58\/100 slp\n|-damage|p1a: Piloswine|46\/100 slp|[from] Stealth Rock\n|turn|36\n|\n|t:|1699828653\n|switch|p2a: Rainer|Avalugg-Hisui, M, shiny, tera:Fairy|84\/100\n|cant|p1a: Piloswine|slp\n|move|p1a: Piloswine|Sleep Talk|p1a: Piloswine\n|move|p1a: Piloswine|Earthquake|p2a: Rainer|[from]move: Sleep Talk\n|-damage|p2a: Rainer|68\/100\n|\n|upkeep\n|turn|37\n|\n|t:|1699828666\n|-curestatus|p1a: Piloswine|slp|[msg]\n|move|p1a: Piloswine|Rest|p1a: Piloswine\n|-status|p1a: Piloswine|slp|[from] move: Rest\n|-heal|p1a: Piloswine|100\/100 slp|[silent]\n|move|p2a: Rainer|Recover|p2a: Rainer\n|-heal|p2a: Rainer|100\/100\n|\n|upkeep\n|turn|38\n|\n|t:|1699828682\n|cant|p1a: Piloswine|slp\n|move|p1a: Piloswine|Sleep Talk|p1a: Piloswine\n|move|p1a: Piloswine|Avalanche|p2a: Rainer|[from]move: Sleep Talk\n|-damage|p2a: Rainer|90\/100\n|-damage|p1a: Piloswine|84\/100 slp|[from] item: Rocky Helmet|[of] p2a: Rainer\n|move|p2a: Rainer|Tera Blast|p1a: Piloswine|[anim] Tera Blast Fairy\n|-damage|p1a: Piloswine|64\/100 slp\n|\n|upkeep\n|turn|39\n|\n|t:|1699828692\n|cant|p1a: Piloswine|slp\n|move|p1a: Piloswine|Sleep Talk|p1a: Piloswine\n|move|p1a: Piloswine|Earthquake|p2a: Rainer|[from]move: Sleep Talk\n|-damage|p2a: Rainer|72\/100\n|move|p2a: Rainer|Tera Blast|p1a: Piloswine|[anim] Tera Blast Fairy\n|-damage|p1a: Piloswine|42\/100 slp\n|\n|upkeep\n|turn|40\n|\n|t:|1699828705\n|switch|p2a: Eren|Munkidori, M|100\/100\n|-curestatus|p1a: Piloswine|slp|[msg]\n|move|p1a: Piloswine|Rest|p1a: Piloswine\n|-status|p1a: Piloswine|slp|[from] move: Rest\n|-heal|p1a: Piloswine|100\/100 slp|[silent]\n|\n|upkeep\n|turn|41\n|\n|t:|1699828718\n|move|p2a: Eren|U-turn|p1a: Piloswine\n|-damage|p1a: Piloswine|94\/100 slp\n|\n|t:|1699828721\n|switch|p2a: Rainer|Avalugg-Hisui, M, shiny, tera:Fairy|72\/100|[from] U-turn\n|cant|p1a: Piloswine|slp\n|move|p1a: Piloswine|Sleep Talk|p1a: Piloswine\n|move|p1a: Piloswine|Rest||[from]move: Sleep Talk|[still]\n|-fail|p1a: Piloswine\n|\n|upkeep\n|turn|42\n|l| KreativerNamee\n|\n|t:|1699828736\n|cant|p1a: Piloswine|slp\n|move|p1a: Piloswine|Sleep Talk|p1a: Piloswine\n|move|p1a: Piloswine|Rest||[from]move: Sleep Talk|[still]\n|-fail|p1a: Piloswine\n|move|p2a: Rainer|Rapid Spin|p1a: Piloswine\n|-damage|p1a: Piloswine|84\/100 slp\n|-boost|p2a: Rainer|spe|1\n|\n|upkeep\n|turn|43\n|\n|t:|1699828747\n|move|p2a: Rainer|Rapid Spin|p1a: Piloswine\n|-damage|p1a: Piloswine|76\/100 slp\n|-boost|p2a: Rainer|spe|1\n|-curestatus|p1a: Piloswine|slp|[msg]\n|move|p1a: Piloswine|Sleep Talk||[still]\n|-fail|p1a: Piloswine\n|\n|upkeep\n|turn|44\n|\n|t:|1699828754\n|move|p2a: Rainer|Tera Blast|p1a: Piloswine|[anim] Tera Blast Fairy\n|-damage|p1a: Piloswine|55\/100\n|move|p1a: Piloswine|Earthquake|p2a: Rainer\n|-damage|p2a: Rainer|56\/100\n|\n|upkeep\n|turn|45\n|\n|t:|1699828760\n|move|p2a: Rainer|Recover|p2a: Rainer\n|-heal|p2a: Rainer|100\/100\n|move|p1a: Piloswine|Earthquake|p2a: Rainer\n|-damage|p2a: Rainer|84\/100\n|\n|upkeep\n|turn|46\n|\n|t:|1699828770\n|move|p2a: Rainer|Tera Blast|p1a: Piloswine|[anim] Tera Blast Fairy\n|-damage|p1a: Piloswine|35\/100\n|move|p1a: Piloswine|Earthquake|p2a: Rainer\n|-damage|p2a: Rainer|66\/100\n|\n|upkeep\n|turn|47\n|\n|t:|1699828780\n|move|p2a: Rainer|Tera Blast|p1a: Piloswine|[anim] Tera Blast Fairy\n|-damage|p1a: Piloswine|15\/100\n|move|p1a: Piloswine|Rest|p1a: Piloswine\n|-status|p1a: Piloswine|slp|[from] move: Rest\n|-heal|p1a: Piloswine|100\/100 slp|[silent]\n|\n|upkeep\n|turn|48\n|\n|t:|1699828787\n|move|p2a: Rainer|Rapid Spin|p1a: Piloswine\n|-damage|p1a: Piloswine|92\/100 slp\n|-boost|p2a: Rainer|spe|1\n|cant|p1a: Piloswine|slp\n|move|p1a: Piloswine|Sleep Talk|p1a: Piloswine\n|move|p1a: Piloswine|Avalanche|p2a: Rainer|[from]move: Sleep Talk\n|-damage|p2a: Rainer|46\/100\n|-damage|p1a: Piloswine|75\/100 slp|[from] item: Rocky Helmet|[of] p2a: Rainer\n|\n|upkeep\n|turn|49\n|\n|t:|1699828803\n|move|p2a: Rainer|Recover|p2a: Rainer\n|-heal|p2a: Rainer|96\/100\n|cant|p1a: Piloswine|slp\n|move|p1a: Piloswine|Sleep Talk|p1a: Piloswine\n|move|p1a: Piloswine|Rest||[from]move: Sleep Talk|[still]\n|-fail|p1a: Piloswine\n|\n|upkeep\n|turn|50\n|\n|t:|1699828810\n|move|p2a: Rainer|Rapid Spin|p1a: Piloswine\n|-damage|p1a: Piloswine|67\/100 slp\n|-boost|p2a: Rainer|spe|1\n|-curestatus|p1a: Piloswine|slp|[msg]\n|move|p1a: Piloswine|Sleep Talk||[still]\n|-fail|p1a: Piloswine\n|\n|upkeep\n|turn|51\n|\n|t:|1699828817\n|move|p2a: Rainer|Rapid Spin|p1a: Piloswine\n|-damage|p1a: Piloswine|59\/100\n|-boost|p2a: Rainer|spe|1\n|move|p1a: Piloswine|Earthquake|p2a: Rainer\n|-damage|p2a: Rainer|79\/100\n|\n|upkeep\n|turn|52\n|\n|t:|1699828823\n|move|p2a: Rainer|Rapid Spin|p1a: Piloswine\n|-damage|p1a: Piloswine|50\/100\n|-boost|p2a: Rainer|spe|1\n|move|p1a: Piloswine|Earthquake|p2a: Rainer\n|-damage|p2a: Rainer|62\/100\n|\n|upkeep\n|turn|53\n|\n|t:|1699828838\n|move|p2a: Rainer|Tera Blast|p1a: Piloswine|[anim] Tera Blast Fairy\n|-crit|p1a: Piloswine\n|-damage|p1a: Piloswine|20\/100\n|move|p1a: Piloswine|Earthquake|p2a: Rainer\n|-damage|p2a: Rainer|46\/100\n|\n|upkeep\n|turn|54\n|\n|t:|1699828851\n|move|p2a: Rainer|Tera Blast|p1a: Piloswine|[anim] Tera Blast Fairy\n|-damage|p1a: Piloswine|0 fnt\n|faint|p1a: Piloswine\n|\n|upkeep\n|\n|t:|1699828855\n|switch|p1a: Ogerpon|Ogerpon-Wellspring, F|46\/100\n|-damage|p1a: Ogerpon|34\/100|[from] Stealth Rock\n|turn|55\n|\n|t:|1699828861\n|move|p2a: Rainer|Recover|p2a: Rainer\n|-heal|p2a: Rainer|96\/100\n|move|p1a: Ogerpon|Ivy Cudgel|p2a: Rainer\n|-damage|p2a: Rainer|72\/100\n|\n|upkeep\n|turn|56\n|\n|t:|1699828868\n|move|p2a: Rainer|Tera Blast|p1a: Ogerpon|[anim] Tera Blast Fairy\n|-damage|p1a: Ogerpon|0 fnt\n|faint|p1a: Ogerpon\n|\n|win|Batikan17\n|c| michpanta|gg\n|l| michpanta\n","uploadtime":1699828896,"views":28,"p1id":"horuskoria","p2id":"batikan17","formatid":"gen9anythinggoes","rating":0,"private":0,"password":""}