{"id":"gen9anythinggoes-1997453281","p1":"raze rocket","p2":"yuaaa","format":"[Gen 9] Anything Goes","log":"|j|\u2606raze rocket\n|j|\u2606yuaaa\n|t:|1700807912\n|gametype|singles\n|player|p1|raze rocket|boarder|1255\n|player|p2|yuaaa|hilbert|1402\n|teamsize|p1|6\n|teamsize|p2|6\n|gen|9\n|tier|[Gen 9] Anything Goes\n|rated|\n|rule|HP Percentage Mod: HP is shown in percentages\n|rule|Endless Battle Clause: Forcing endless battles is banned\n|clearpoke\n|poke|p1|Maushold-Four|\n|poke|p1|Calyrex-Shadow|\n|poke|p1|Arcanine-Hisui, M|\n|poke|p1|Kingambit, F|\n|poke|p1|Palkia|\n|poke|p1|Groudon|\n|poke|p2|Arceus-Fairy|\n|poke|p2|Alomomola, F|\n|poke|p2|Zamazenta-*|\n|poke|p2|Corviknight, M|\n|poke|p2|Umbreon, F|\n|poke|p2|Calyrex-Shadow|\n|teampreview\n|\n|t:|1700807931\n|start\n|switch|p1a: Hehe is dead|Groudon|100\/100\n|switch|p2a: Arceus|Arceus-Fairy|100\/100\n|-weather|SunnyDay|[from] ability: Drought|[of] p1a: Hehe is dead\n|turn|1\n|\n|t:|1700807939\n|move|p2a: Arceus|Stealth Rock|p1a: Hehe is dead\n|-sidestart|p1: raze rocket|move: Stealth Rock\n|move|p1a: Hehe is dead|Earthquake|p2a: Arceus\n|-damage|p2a: Arceus|70\/100\n|\n|-weather|SunnyDay|[upkeep]\n|upkeep\n|turn|2\n|\n|t:|1700807954\n|switch|p2a: Corviknight|Corviknight, M|100\/100\n|-ability|p2a: Corviknight|Pressure\n|switch|p1a: Sova|Maushold-Four|100\/100\n|-damage|p1a: Sova|88\/100|[from] Stealth Rock\n|\n|-weather|SunnyDay|[upkeep]\n|upkeep\n|turn|3\n|\n|t:|1700807963\n|move|p1a: Sova|Population Bomb|p2a: Corviknight\n|-resisted|p2a: Corviknight\n|-damage|p2a: Corviknight|97\/100\n|-damage|p1a: Sova|72\/100|[from] item: Rocky Helmet|[of] p2a: Corviknight\n|-resisted|p2a: Corviknight\n|-damage|p2a: Corviknight|93\/100\n|-damage|p1a: Sova|55\/100|[from] item: Rocky Helmet|[of] p2a: Corviknight\n|-resisted|p2a: Corviknight\n|-damage|p2a: Corviknight|88\/100\n|-damage|p1a: Sova|38\/100|[from] item: Rocky Helmet|[of] p2a: Corviknight\n|-resisted|p2a: Corviknight\n|-damage|p2a: Corviknight|85\/100\n|-damage|p1a: Sova|22\/100|[from] item: Rocky Helmet|[of] p2a: Corviknight\n|-resisted|p2a: Corviknight\n|-damage|p2a: Corviknight|80\/100\n|-damage|p1a: Sova|5\/100|[from] item: Rocky Helmet|[of] p2a: Corviknight\n|-hitcount|p2a: Corviknight|5\n|move|p2a: Corviknight|Iron Defense|p2a: Corviknight\n|-boost|p2a: Corviknight|def|2\n|\n|-weather|SunnyDay|[upkeep]\n|upkeep\n|turn|4\n|\n|t:|1700807973\n|move|p1a: Sova|Rest|p1a: Sova\n|-status|p1a: Sova|slp|[from] move: Rest\n|-heal|p1a: Sova|100\/100 slp|[silent]\n|move|p2a: Corviknight|Iron Defense|p2a: Corviknight\n|-boost|p2a: Corviknight|def|2\n|\n|-weather|SunnyDay|[upkeep]\n|upkeep\n|turn|5\n|\n|t:|1700807976\n|cant|p1a: Sova|slp\n|move|p1a: Sova|Sleep Talk|p1a: Sova\n|move|p1a: Sova|Shadow Claw|p2a: Corviknight|[from]move: Sleep Talk\n|-damage|p2a: Corviknight|76\/100\n|-damage|p1a: Sova|84\/100 slp|[from] item: Rocky Helmet|[of] p2a: Corviknight\n|move|p2a: Corviknight|Body Press|p1a: Sova\n|-supereffective|p1a: Sova\n|-crit|p1a: Sova\n|-damage|p1a: Sova|0 fnt\n|faint|p1a: Sova\n|\n|-weather|none\n|upkeep\n|\n|t:|1700807987\n|switch|p1a: Hehe is dead|Groudon|100\/100\n|-damage|p1a: Hehe is dead|94\/100|[from] Stealth Rock\n|-weather|SunnyDay|[from] ability: Drought|[of] p1a: Hehe is dead\n|turn|6\n|\n|t:|1700808019\n|move|p1a: Hehe is dead|Heat Crash|p2a: Corviknight\n|-supereffective|p2a: Corviknight\n|-damage|p2a: Corviknight|44\/100\n|-damage|p1a: Hehe is dead|78\/100|[from] item: Rocky Helmet|[of] p2a: Corviknight\n|move|p2a: Corviknight|Body Press|p1a: Hehe is dead\n|-damage|p1a: Hehe is dead|31\/100\n|\n|-weather|SunnyDay|[upkeep]\n|-heal|p1a: Hehe is dead|37\/100|[from] item: Leftovers\n|upkeep\n|turn|7\n|inactive|Battle timer is ON: inactive players will automatically lose when time's up. (requested by raze rocket)\n|-message|raze rocket forfeited.\n|\n|win|yuaaa\n|raw|raze rocket's rating: 1255 &rarr; <strong>1240<\/strong><br \/>(-15 for losing)\n|raw|yuaaa's rating: 1402 &rarr; <strong>1414<\/strong><br \/>(+12 for winning)\n|l|\u2606raze rocket\n","uploadtime":1700808035,"views":0,"p1id":"razerocket","p2id":"yuaaa","formatid":"gen9anythinggoes","rating":1240,"private":0,"password":""}