{"id":"gen9anythinggoes-1995802183","p1":"Khryce","p2":"CroissantCraver","format":"[Gen 9] Anything Goes","log":"|j|\u2606Khryce\n|j|\u2606CroissantCraver\n|t:|1700604573\n|gametype|singles\n|player|p1|Khryce|preschooler|1107\n|player|p2|CroissantCraver|266|1277\n|teamsize|p1|6\n|teamsize|p2|6\n|gen|9\n|tier|[Gen 9] Anything Goes\n|rated|\n|rule|HP Percentage Mod: HP is shown in percentages\n|rule|Endless Battle Clause: Forcing endless battles is banned\n|clearpoke\n|poke|p1|Cinderace, M|\n|poke|p1|Mandibuzz, F|\n|poke|p1|Mudsdale, M|\n|poke|p1|Gholdengo|\n|poke|p1|Kommo-o, M|\n|poke|p1|Clefable, F|\n|poke|p2|Venomoth, F|\n|poke|p2|Breloom, F|\n|poke|p2|Armarouge, M|\n|poke|p2|Cloyster, F|\n|poke|p2|Polteageist|\n|poke|p2|Toxtricity-Low-Key, F|\n|teampreview\n|inactive|Battle timer is ON: inactive players will automatically lose when time's up. (requested by Khryce)\n|\n|t:|1700604586\n|start\n|switch|p1a: Mandibuzz|Mandibuzz, F|100\/100\n|switch|p2a: Polteageist|Polteageist|100\/100\n|turn|1\n|\n|t:|1700604592\n|move|p1a: Mandibuzz|Foul Play|p2a: Polteageist\n|-supereffective|p2a: Polteageist\n|-crit|p2a: Polteageist\n|-damage|p2a: Polteageist|4\/100\n|-start|p1a: Mandibuzz|Disable|Foul Play|[from] ability: Cursed Body|[of] p2a: Polteageist\n|move|p2a: Polteageist|Shell Smash|p2a: Polteageist\n|-unboost|p2a: Polteageist|def|1\n|-unboost|p2a: Polteageist|spd|1\n|-boost|p2a: Polteageist|atk|2\n|-boost|p2a: Polteageist|spa|2\n|-boost|p2a: Polteageist|spe|2\n|\n|upkeep\n|turn|2\n|\n|t:|1700604603\n|move|p2a: Polteageist|Stored Power|p1a: Mandibuzz\n|-immune|p1a: Mandibuzz\n|move|p1a: Mandibuzz|Whirlwind|p2a: Polteageist\n|drag|p2a: Venomoth|Venomoth, F|100\/100\n|\n|upkeep\n|turn|3\n|\n|t:|1700604616\n|move|p2a: Venomoth|Sleep Powder|p1a: Mandibuzz\n|-immune|p1a: Mandibuzz|[from] ability: Overcoat\n|move|p1a: Mandibuzz|Whirlwind|p2a: Venomoth\n|drag|p2a: Emo Lizzard|Toxtricity-Low-Key, F|100\/100\n|\n|upkeep\n|turn|4\n|\n|t:|1700604624\n|switch|p1a: Mudsdale|Mudsdale, M|100\/100\n|-terastallize|p2a: Emo Lizzard|Electric\n|move|p2a: Emo Lizzard|Discharge|p1a: Mudsdale\n|-immune|p1a: Mudsdale\n|\n|upkeep\n|turn|5\n|\n|t:|1700604634\n|switch|p2a: Polteageist|Polteageist|4\/100\n|move|p1a: Mudsdale|High Horsepower|p2a: Polteageist\n|-damage|p2a: Polteageist|0 fnt\n|faint|p2a: Polteageist\n|\n|upkeep\n|\n|t:|1700604643\n|switch|p2a: Cloyster|Cloyster, F|100\/100\n|turn|6\n|\n|t:|1700604647\n|-terastallize|p1a: Mudsdale|Steel\n|move|p2a: Cloyster|Shell Smash|p2a: Cloyster\n|-unboost|p2a: Cloyster|def|1\n|-unboost|p2a: Cloyster|spd|1\n|-boost|p2a: Cloyster|atk|2\n|-boost|p2a: Cloyster|spa|2\n|-boost|p2a: Cloyster|spe|2\n|-enditem|p2a: Cloyster|White Herb\n|-clearnegativeboost|p2a: Cloyster|[silent]\n|move|p1a: Mudsdale|Heavy Slam|p2a: Cloyster\n|-damage|p2a: Cloyster|58\/100\n|\n|upkeep\n|turn|7\n|\n|t:|1700604658\n|move|p2a: Cloyster|Icicle Spear|p1a: Mudsdale\n|-resisted|p1a: Mudsdale\n|-damage|p1a: Mudsdale|91\/100\n|-ability|p1a: Mudsdale|Stamina|boost\n|-boost|p1a: Mudsdale|def|1\n|-resisted|p1a: Mudsdale\n|-damage|p1a: Mudsdale|85\/100\n|-ability|p1a: Mudsdale|Stamina|boost\n|-boost|p1a: Mudsdale|def|1\n|-resisted|p1a: Mudsdale\n|-damage|p1a: Mudsdale|80\/100\n|-ability|p1a: Mudsdale|Stamina|boost\n|-boost|p1a: Mudsdale|def|1\n|-resisted|p1a: Mudsdale\n|-damage|p1a: Mudsdale|76\/100\n|-ability|p1a: Mudsdale|Stamina|boost\n|-boost|p1a: Mudsdale|def|1\n|-resisted|p1a: Mudsdale\n|-damage|p1a: Mudsdale|73\/100\n|-ability|p1a: Mudsdale|Stamina|boost\n|-boost|p1a: Mudsdale|def|1\n|-hitcount|p1a: Mudsdale|5\n|move|p1a: Mudsdale|Body Press|p2a: Cloyster\n|-supereffective|p2a: Cloyster\n|-damage|p2a: Cloyster|0 fnt\n|faint|p2a: Cloyster\n|\n|upkeep\n|-message|CroissantCraver forfeited.\n|\n|win|Khryce\n|raw|Khryce's rating: 1107 &rarr; <strong>1143<\/strong><br \/>(+36 for winning)\n|raw|CroissantCraver's rating: 1277 &rarr; <strong>1241<\/strong><br \/>(-36 for losing)\n|l|\u2606CroissantCraver\n","uploadtime":1700604675,"views":15,"p1id":"khryce","p2id":"croissantcraver","formatid":"gen9anythinggoes","rating":1143,"private":0,"password":""}