{"id":"gen9anythinggoes-1973352187","p1":"XAMHFI","p2":"sorryramosisbetter","format":"[Gen 9] Anything Goes","log":"|j|\u2606XAMHFI\n|j|\u2606sorryramosisbetter\n|t:|1697959947\n|gametype|singles\n|player|p1|XAMHFI|265|1051\n|player|p2|sorryramosisbetter|emmet|1030\n|teamsize|p1|6\n|teamsize|p2|6\n|gen|9\n|tier|[Gen 9] Anything Goes\n|rated|\n|rule|HP Percentage Mod: HP is shown in percentages\n|rule|Endless Battle Clause: Forcing endless battles is banned\n|clearpoke\n|poke|p1|Arceus-Psychic|\n|poke|p1|Ogerpon-Hearthflame, F|\n|poke|p1|Ogerpon-Wellspring, F|\n|poke|p1|Ogerpon-Cornerstone, F|\n|poke|p1|Arceus-Electric|\n|poke|p1|Arceus-Poison|\n|poke|p2|Weavile, F|\n|poke|p2|Clefable, F|\n|poke|p2|Espathra, M|\n|poke|p2|Volcarona, F|\n|poke|p2|Maushold-Four|\n|poke|p2|Dragapult, F|\n|teampreview\n|\n|t:|1697959952\n|start\n|switch|p1a: Arceus|Arceus-Psychic|100\/100\n|switch|p2a: Weavile|Weavile, F|100\/100\n|-ability|p2a: Weavile|Pressure\n|turn|1\n|\n|t:|1697959968\n|-terastallize|p1a: Arceus|Psychic\n|move|p2a: Weavile|Hone Claws|p2a: Weavile\n|-boost|p2a: Weavile|atk|1\n|-boost|p2a: Weavile|accuracy|1\n|move|p1a: Arceus|Future Sight|p2a: Weavile\n|-start|p1a: Arceus|move: Future Sight\n|\n|upkeep\n|turn|2\n|\n|t:|1697959977\n|move|p2a: Weavile|Hone Claws|p2a: Weavile\n|-boost|p2a: Weavile|atk|1\n|-boost|p2a: Weavile|accuracy|1\n|move|p1a: Arceus|Psychic|p2a: Weavile\n|-immune|p2a: Weavile\n|\n|upkeep\n|turn|3\n|\n|t:|1697959988\n|switch|p1a: Arceus|Arceus-Electric|100\/100\n|move|p2a: Weavile|Hone Claws|p2a: Weavile\n|-boost|p2a: Weavile|atk|1\n|-boost|p2a: Weavile|accuracy|1\n|\n|-end|p2a: Weavile|move: Future Sight\n|-immune|p2a: Weavile\n|upkeep\n|turn|4\n|\n|t:|1697959998\n|move|p2a: Weavile|Hone Claws|p2a: Weavile\n|-boost|p2a: Weavile|atk|1\n|-boost|p2a: Weavile|accuracy|1\n|move|p1a: Arceus|Thunder Wave|p2a: Weavile\n|-status|p2a: Weavile|par\n|\n|upkeep\n|turn|5\n|\n|t:|1697960005\n|move|p1a: Arceus|Thunderbolt|p2a: Weavile\n|-crit|p2a: Weavile\n|-damage|p2a: Weavile|13\/100 par\n|move|p2a: Weavile|Baton Pass|p2a: Weavile\n|\n|t:|1697960010\n|switch|p2a: Maushold|Maushold-Four|100\/100|[from] Baton Pass\n|\n|upkeep\n|turn|6\n|\n|t:|1697960015\n|move|p1a: Arceus|Thunderbolt|p2a: Maushold\n|-damage|p2a: Maushold|37\/100\n|move|p2a: Maushold|Population Bomb|p1a: Arceus\n|-damage|p1a: Arceus|64\/100\n|-damage|p1a: Arceus|30\/100\n|-damage|p1a: Arceus|0 fnt\n|faint|p1a: Arceus\n|-hitcount|p1: Arceus|3\n|\n|upkeep\n|\n|t:|1697960023\n|switch|p1a: Arceus|Arceus-Poison|100\/100\n|turn|7\n|\n|t:|1697960032\n|move|p1a: Arceus|Protect|p1a: Arceus\n|-singleturn|p1a: Arceus|Protect\n|move|p2a: Maushold|Population Bomb|p1a: Arceus\n|-activate|p1a: Arceus|move: Protect\n|\n|upkeep\n|turn|8\n|\n|t:|1697960042\n|move|p2a: Maushold|Population Bomb|p1a: Arceus\n|-damage|p1a: Arceus|68\/100\n|-damage|p1a: Arceus|32\/100\n|-damage|p1a: Arceus|0 fnt\n|faint|p1a: Arceus\n|-hitcount|p1: Arceus|3\n|\n|upkeep\n|\n|t:|1697960049\n|switch|p1a: Ogerpon|Ogerpon-Hearthflame, F|100\/100\n|-ability|p1a: Ogerpon|Mold Breaker\n|turn|9\n|\n|t:|1697960055\n|move|p2a: Maushold|Population Bomb|p1a: Ogerpon\n|-damage|p1a: Ogerpon|40\/100\n|-damage|p1a: Ogerpon|0 fnt\n|faint|p1a: Ogerpon\n|-hitcount|p1: Ogerpon|2\n|\n|upkeep\n|\n|t:|1697960061\n|switch|p1a: Arceus|Arceus-Psychic, tera:Psychic|100\/100\n|turn|10\n|\n|t:|1697960064\n|move|p1a: Arceus|Agility|p1a: Arceus\n|-boost|p1a: Arceus|spe|2\n|move|p2a: Maushold|Population Bomb|p1a: Arceus\n|-damage|p1a: Arceus|64\/100\n|-damage|p1a: Arceus|27\/100\n|-damage|p1a: Arceus|0 fnt\n|faint|p1a: Arceus\n|-hitcount|p1: Arceus|3\n|\n|upkeep\n|\n|t:|1697960076\n|switch|p1a: Ogerpon|Ogerpon-Cornerstone, F|100\/100\n|turn|11\n|\n|t:|1697960082\n|move|p2a: Maushold|Population Bomb|p1a: Ogerpon\n|-resisted|p1a: Ogerpon\n|-damage|p1a: Ogerpon|73\/100\n|-resisted|p1a: Ogerpon\n|-damage|p1a: Ogerpon|47\/100\n|-resisted|p1a: Ogerpon\n|-damage|p1a: Ogerpon|17\/100\n|-resisted|p1a: Ogerpon\n|-damage|p1a: Ogerpon|0 fnt\n|faint|p1a: Ogerpon\n|-hitcount|p1: Ogerpon|4\n|\n|upkeep\n|\n|t:|1697960091\n|switch|p1a: Ogerpon|Ogerpon-Wellspring, F|100\/100\n|turn|12\n|\n|t:|1697960095\n|move|p2a: Maushold|Population Bomb|p1a: Ogerpon\n|-damage|p1a: Ogerpon|47\/100\n|-damage|p1a: Ogerpon|0 fnt\n|faint|p1a: Ogerpon\n|-hitcount|p1: Ogerpon|2\n|\n|win|sorryramosisbetter\n|raw|XAMHFI's rating: 1051 &rarr; <strong>1032<\/strong><br \/>(-19 for losing)\n|raw|sorryramosisbetter's rating: 1030 &rarr; <strong>1068<\/strong><br \/>(+38 for winning)\n|c|\u2606sorryramosisbetter|gg\n","uploadtime":1697960109,"views":23,"p1id":"xamhfi","p2id":"sorryramosisbetter","formatid":"gen9anythinggoes","rating":1032,"private":0,"password":""}