{"id":"gen9anythinggoes-1983349153","p1":"Sammias","p2":"urrrmyea","format":"[Gen 9] Anything Goes","log":"|j|\u2606Sammias\n|j|\u2606urrrmyea\n|t:|1699120811\n|gametype|singles\n|player|p1|Sammias|swimmerf-gen4dp|1157\n|player|p2|urrrmyea|brycenman|1131\n|teamsize|p1|6\n|teamsize|p2|6\n|gen|9\n|tier|[Gen 9] Anything Goes\n|rated|\n|rule|HP Percentage Mod: HP is shown in percentages\n|rule|Endless Battle Clause: Forcing endless battles is banned\n|clearpoke\n|poke|p1|Ursaluna, F|\n|poke|p1|Poliwrath, F|\n|poke|p1|Mew|\n|poke|p1|Ribombee, F|\n|poke|p1|Clodsire, F|\n|poke|p1|Calyrex-Shadow|\n|poke|p2|Miraidon|\n|poke|p2|Zacian-*|\n|poke|p2|Magearna|\n|poke|p2|Rayquaza|\n|poke|p2|Volcarona, F|\n|poke|p2|Groudon|\n|teampreview\n|inactive|Battle timer is ON: inactive players will automatically lose when time's up. (requested by urrrmyea)\n|inactive|urrrmyea has 120 seconds left.\n|\n|t:|1699120847\n|start\n|switch|p1a: Ribombee|Ribombee, F|100\/100\n|switch|p2a: Rayquaza|Rayquaza|100\/100\n|-ability|p2a: Rayquaza|Air Lock\n|turn|1\n|\n|t:|1699120861\n|move|p1a: Ribombee|Sticky Web|p2a: Rayquaza\n|-sidestart|p2: urrrmyea|move: Sticky Web\n|move|p2a: Rayquaza|U-turn|p1a: Ribombee\n|-resisted|p1a: Ribombee\n|-damage|p1a: Ribombee|80\/100\n|\n|t:|1699120865\n|switch|p2a: Volcarona|Volcarona, F|100\/100|[from] U-turn\n|-activate|p2a: Volcarona|move: Sticky Web\n|-unboost|p2a: Volcarona|spe|1\n|\n|upkeep\n|turn|2\n|\n|t:|1699120880\n|move|p1a: Ribombee|Light Screen|p1a: Ribombee\n|-sidestart|p1: Sammias|move: Light Screen\n|move|p2a: Volcarona|Quiver Dance|p2a: Volcarona\n|-boost|p2a: Volcarona|spa|1\n|-boost|p2a: Volcarona|spd|1\n|-boost|p2a: Volcarona|spe|1\n|\n|upkeep\n|turn|3\n|\n|t:|1699120888\n|move|p1a: Ribombee|Quiver Dance|p1a: Ribombee\n|-boost|p1a: Ribombee|spa|1\n|-boost|p1a: Ribombee|spd|1\n|-boost|p1a: Ribombee|spe|1\n|move|p2a: Volcarona|Quiver Dance|p2a: Volcarona\n|-boost|p2a: Volcarona|spa|1\n|-boost|p2a: Volcarona|spd|1\n|-boost|p2a: Volcarona|spe|1\n|\n|upkeep\n|turn|4\n|\n|t:|1699120896\n|move|p1a: Ribombee|Quiver Dance|p1a: Ribombee\n|-boost|p1a: Ribombee|spa|1\n|-boost|p1a: Ribombee|spd|1\n|-boost|p1a: Ribombee|spe|1\n|move|p2a: Volcarona|Quiver Dance|p2a: Volcarona\n|-boost|p2a: Volcarona|spa|1\n|-boost|p2a: Volcarona|spd|1\n|-boost|p2a: Volcarona|spe|1\n|\n|upkeep\n|turn|5\n|\n|t:|1699120904\n|move|p1a: Ribombee|Quiver Dance|p1a: Ribombee\n|-boost|p1a: Ribombee|spa|1\n|-boost|p1a: Ribombee|spd|1\n|-boost|p1a: Ribombee|spe|1\n|move|p2a: Volcarona|Heat Wave|p1a: Ribombee\n|-supereffective|p1a: Ribombee\n|-damage|p1a: Ribombee|6\/100\n|\n|upkeep\n|turn|6\n|\n|t:|1699120918\n|move|p1a: Ribombee|Baton Pass|p1a: Ribombee\n|\n|t:|1699120924\n|switch|p1a: Mew|Mew, shiny|100\/100|[from] Baton Pass\n|move|p2a: Volcarona|Heat Wave|p1a: Mew\n|-damage|p1a: Mew|77\/100\n|\n|upkeep\n|turn|7\n|\n|t:|1699120952\n|move|p1a: Mew|Amnesia|p1a: Mew\n|-boost|p1a: Mew|spd|2\n|move|p2a: Volcarona|Heat Wave|p1a: Mew\n|-damage|p1a: Mew|60\/100\n|-status|p1a: Mew|brn\n|-activate|p1a: Mew|ability: Synchronize\n|-immune|p2a: Volcarona\n|\n|-damage|p1a: Mew|53\/100 brn|[from] brn\n|upkeep\n|turn|8\n|inactive|urrrmyea has 120 seconds left.\n|\n|t:|1699120970\n|move|p1a: Mew|Iron Defense|p1a: Mew\n|-boost|p1a: Mew|def|2\n|move|p2a: Volcarona|Quiver Dance|p2a: Volcarona\n|-boost|p2a: Volcarona|spa|1\n|-boost|p2a: Volcarona|spd|1\n|-boost|p2a: Volcarona|spe|1\n|\n|-damage|p1a: Mew|47\/100 brn|[from] brn\n|upkeep\n|turn|9\n|\n|t:|1699120982\n|move|p1a: Mew|Agility|p1a: Mew\n|-boost|p1a: Mew|spe|2\n|move|p2a: Volcarona|Heat Wave|p1a: Mew\n|-damage|p1a: Mew|29\/100 brn\n|\n|-damage|p1a: Mew|23\/100 brn|[from] brn\n|-sideend|p1: Sammias|move: Light Screen\n|upkeep\n|turn|10\n|\n|t:|1699120995\n|move|p1a: Mew|Baton Pass|p1a: Mew\n|\n|t:|1699120997\n|switch|p1a: Poliwrath|Poliwrath, F|100\/100|[from] Baton Pass\n|move|p2a: Volcarona|Heat Wave|p1a: Poliwrath\n|-resisted|p1a: Poliwrath\n|-damage|p1a: Poliwrath|76\/100\n|\n|-heal|p1a: Poliwrath|82\/100|[from] item: Leftovers\n|upkeep\n|turn|11\n|\n|t:|1699121008\n|-terastallize|p2a: Volcarona|Water\n|move|p1a: Poliwrath|Substitute|p1a: Poliwrath\n|-start|p1a: Poliwrath|Substitute\n|-damage|p1a: Poliwrath|57\/100\n|move|p2a: Volcarona|Giga Drain|p1a: Poliwrath\n|-supereffective|p1a: Poliwrath\n|-end|p1a: Poliwrath|Substitute\n|\n|-heal|p1a: Poliwrath|64\/100|[from] item: Leftovers\n|upkeep\n|turn|12\n|\n|t:|1699121018\n|move|p1a: Poliwrath|Protect|p1a: Poliwrath\n|-singleturn|p1a: Poliwrath|Protect\n|move|p2a: Volcarona|Giga Drain|p1a: Poliwrath\n|-activate|p1a: Poliwrath|move: Protect\n|\n|-heal|p1a: Poliwrath|70\/100|[from] item: Leftovers\n|upkeep\n|turn|13\n|\n|t:|1699121027\n|-terastallize|p1a: Poliwrath|Grass\n|move|p1a: Poliwrath|Substitute|p1a: Poliwrath\n|-start|p1a: Poliwrath|Substitute\n|-damage|p1a: Poliwrath|45\/100\n|move|p2a: Volcarona|Giga Drain|p1a: Poliwrath\n|-resisted|p1a: Poliwrath\n|-activate|p1a: Poliwrath|move: Substitute|[damage]\n|\n|-heal|p1a: Poliwrath|51\/100|[from] item: Leftovers\n|upkeep\n|turn|14\n|\n|t:|1699121039\n|move|p1a: Poliwrath|Belly Drum|p1a: Poliwrath\n|-damage|p1a: Poliwrath|1\/100\n|-setboost|p1a: Poliwrath|atk|6|[from] move: Belly Drum\n|move|p2a: Volcarona|Heat Wave|p1a: Poliwrath\n|-supereffective|p1a: Poliwrath\n|-end|p1a: Poliwrath|Substitute\n|\n|-heal|p1a: Poliwrath|7\/100|[from] item: Leftovers\n|upkeep\n|turn|15\n|\n|t:|1699121056\n|move|p1a: Poliwrath|Protect|p1a: Poliwrath\n|-singleturn|p1a: Poliwrath|Protect\n|move|p2a: Volcarona|Heat Wave|p1a: Poliwrath\n|-activate|p1a: Poliwrath|move: Protect\n|\n|-heal|p1a: Poliwrath|14\/100|[from] item: Leftovers\n|upkeep\n|turn|16\n|\n|t:|1699121065\n|move|p1a: Poliwrath|Baton Pass|p1a: Poliwrath\n|\n|t:|1699121066\n|switch|p1a: Ursaluna|Ursaluna, F, shiny|100\/100|[from] Baton Pass\n|move|p2a: Volcarona|Heat Wave|p1a: Ursaluna\n|-damage|p1a: Ursaluna|53\/100\n|\n|-status|p1a: Ursaluna|brn|[from] item: Flame Orb\n|upkeep\n|turn|17\n|\n|t:|1699121077\n|move|p1a: Ursaluna|Facade|p2a: Volcarona\n|-damage|p2a: Volcarona|0 fnt\n|faint|p2a: Volcarona\n|\n|-damage|p1a: Ursaluna|47\/100 brn|[from] brn\n|upkeep\n|\n|t:|1699121088\n|switch|p2a: Zacian|Zacian-Crowned|100\/100\n|-activate|p2a: Zacian|move: Sticky Web\n|-unboost|p2a: Zacian|spe|1\n|-ability|p2a: Zacian|Intrepid Sword|boost\n|-boost|p2a: Zacian|atk|1\n|turn|18\n|\n|t:|1699121096\n|move|p1a: Ursaluna|Earthquake|p2a: Zacian\n|-supereffective|p2a: Zacian\n|-damage|p2a: Zacian|0 fnt\n|faint|p2a: Zacian\n|\n|-damage|p1a: Ursaluna|41\/100 brn|[from] brn\n|upkeep\n|\n|t:|1699121099\n|switch|p2a: Magearna|Magearna|100\/100\n|-activate|p2a: Magearna|move: Sticky Web\n|-unboost|p2a: Magearna|spe|1\n|turn|19\n|\n|t:|1699121108\n|move|p1a: Ursaluna|Earthquake|p2a: Magearna\n|-supereffective|p2a: Magearna\n|-damage|p2a: Magearna|0 fnt\n|faint|p2a: Magearna\n|\n|-damage|p1a: Ursaluna|34\/100 brn|[from] brn\n|upkeep\n|\n|t:|1699121110\n|switch|p2a: Rayquaza|Rayquaza|100\/100\n|-ability|p2a: Rayquaza|Air Lock\n|turn|20\n|\n|t:|1699121125\n|move|p1a: Ursaluna|Facade|p2a: Rayquaza\n|-damage|p2a: Rayquaza|0 fnt\n|faint|p2a: Rayquaza\n|\n|-damage|p1a: Ursaluna|28\/100 brn|[from] brn\n|upkeep\n|\n|t:|1699121128\n|switch|p2a: Groudon|Groudon|100\/100\n|-activate|p2a: Groudon|move: Sticky Web\n|-unboost|p2a: Groudon|spe|1\n|-weather|SunnyDay|[from] ability: Drought|[of] p2a: Groudon\n|turn|21\n|\n|t:|1699121136\n|move|p1a: Ursaluna|Facade|p2a: Groudon\n|-damage|p2a: Groudon|0 fnt\n|faint|p2a: Groudon\n|\n|-weather|SunnyDay|[upkeep]\n|-damage|p1a: Ursaluna|22\/100 brn|[from] brn\n|upkeep\n|\n|t:|1699121140\n|switch|p2a: Miraidon|Miraidon|100\/100\n|-activate|p2a: Miraidon|move: Sticky Web\n|-unboost|p2a: Miraidon|spe|1\n|-fieldstart|move: Electric Terrain|[from] ability: Hadron Engine|[of] p2a: Miraidon\n|turn|22\n|\n|t:|1699121148\n|move|p1a: Ursaluna|Facade|p2a: Miraidon\n|-damage|p2a: Miraidon|0 fnt\n|faint|p2a: Miraidon\n|\n|win|Sammias\n|raw|Sammias's rating: 1157 &rarr; <strong>1180<\/strong><br \/>(+23 for winning)\n|raw|urrrmyea's rating: 1131 &rarr; <strong>1108<\/strong><br \/>(-23 for losing)\n|l|\u2606urrrmyea\n","uploadtime":1699121158,"views":5,"p1id":"sammias","p2id":"urrrmyea","formatid":"gen9anythinggoes","rating":1108,"private":0,"password":""}