{"id":"gen9anythinggoes-1994472188","p1":"Kalas714","p2":"AuXanthus","format":"[Gen 9] Anything Goes","log":"|j|\u2606Kalas714\n|j|\u2606AuXanthus\n|t:|1700447865\n|gametype|singles\n|player|p1|Kalas714|265|\n|player|p2|AuXanthus|plasmagrunt-gen5bw|\n|teamsize|p1|6\n|teamsize|p2|6\n|gen|9\n|tier|[Gen 9] Anything Goes\n|rule|HP Percentage Mod: HP is shown in percentages\n|rule|Endless Battle Clause: Forcing endless battles is banned\n|clearpoke\n|poke|p1|Lilligant, F|\n|poke|p1|Ceruledge, M|\n|poke|p1|Greninja-*, M|\n|poke|p1|Yanmega, F|\n|poke|p1|Fezandipiti, M|\n|poke|p1|Dudunsparce-*, F|\n|poke|p2|Scream Tail|\n|poke|p2|Ursaluna-Bloodmoon, M|\n|poke|p2|Zapdos-Galar|\n|poke|p2|Vikavolt, M|\n|poke|p2|Avalugg-Hisui, M|\n|poke|p2|Iron Bundle|\n|teampreview\n|c|\u2606AuXanthus|i'll give people a sec\n|\n|t:|1700448001\n|start\n|switch|p1a: Greninja|Greninja, M|100\/100\n|switch|p2a: when|Vikavolt, M|100\/100\n|turn|1\n|\n|t:|1700448011\n|move|p1a: Greninja|Taunt|p2a: when\n|-start|p2a: when|move: Taunt\n|move|p2a: when|Volt Switch|p1a: Greninja\n|-supereffective|p1a: Greninja\n|-enditem|p1a: Greninja|Focus Sash\n|-damage|p1a: Greninja|1\/100\n|\n|t:|1700448026\n|switch|p2a: where|Zapdos-Galar|100\/100|[from] Volt Switch\n|\n|upkeep\n|turn|2\n|\n|t:|1700448033\n|move|p2a: where|U-turn|p1a: Greninja\n|-supereffective|p1a: Greninja\n|-damage|p1a: Greninja|0 fnt\n|faint|p1a: Greninja\n|\n|t:|1700448040\n|switch|p2a: why|Avalugg-Hisui, M|100\/100|[from] U-turn\n|\n|upkeep\n|\n|t:|1700448061\n|switch|p1a: Dudunsparce|Dudunsparce-Three-Segment, F|100\/100\n|turn|3\n|\n|t:|1700448068\n|move|p1a: Dudunsparce|Coil|p1a: Dudunsparce\n|-boost|p1a: Dudunsparce|atk|1\n|-boost|p1a: Dudunsparce|def|1\n|-boost|p1a: Dudunsparce|accuracy|1\n|move|p2a: why|Stealth Rock|p1a: Dudunsparce\n|-sidestart|p1: Kalas714|move: Stealth Rock\n|\n|upkeep\n|turn|4\n|\n|t:|1700448085\n|-terastallize|p2a: why|Fighting\n|move|p1a: Dudunsparce|Body Slam|p2a: why\n|-damage|p2a: why|74\/100\n|move|p2a: why|Iron Defense|p2a: why\n|-boost|p2a: why|def|2\n|\n|-heal|p2a: why|80\/100|[from] item: Leftovers\n|upkeep\n|turn|5\n|\n|t:|1700448094\n|move|p1a: Dudunsparce|Earthquake|p2a: why\n|-damage|p2a: why|71\/100\n|move|p2a: why|Iron Defense|p2a: why\n|-boost|p2a: why|def|2\n|\n|-heal|p2a: why|77\/100|[from] item: Leftovers\n|upkeep\n|turn|6\n|\n|t:|1700448128\n|switch|p1a: Fezandipiti|Fezandipiti, M|100\/100\n|-damage|p1a: Fezandipiti|88\/100|[from] Stealth Rock\n|move|p2a: why|Body Press|p1a: Fezandipiti\n|-resisted|p1a: Fezandipiti\n|-damage|p1a: Fezandipiti|41\/100\n|\n|-heal|p1a: Fezandipiti|47\/100|[from] item: Leftovers\n|-heal|p2a: why|83\/100|[from] item: Leftovers\n|upkeep\n|turn|7\n|\n|t:|1700448149\n|move|p1a: Fezandipiti|Roost|p1a: Fezandipiti\n|-heal|p1a: Fezandipiti|97\/100\n|-singleturn|p1a: Fezandipiti|move: Roost\n|move|p2a: why|Stone Edge|p1a: Fezandipiti\n|-damage|p1a: Fezandipiti|56\/100\n|\n|-heal|p1a: Fezandipiti|62\/100|[from] item: Leftovers\n|-heal|p2a: why|89\/100|[from] item: Leftovers\n|upkeep\n|turn|8\n|\n|t:|1700448222\n|switch|p2a: when|Vikavolt, M|100\/100\n|move|p1a: Fezandipiti|Moonblast|p2a: when\n|-damage|p2a: when|53\/100\n|-unboost|p2a: when|spa|1\n|\n|-heal|p1a: Fezandipiti|68\/100|[from] item: Leftovers\n|upkeep\n|turn|9\n|\n|t:|1700448238\n|move|p1a: Fezandipiti|U-turn|p2a: when\n|-damage|p2a: when|40\/100\n|\n|t:|1700448251\n|switch|p1a: Dudunsparce|Dudunsparce-Three-Segment, F|100\/100|[from] U-turn\n|-damage|p1a: Dudunsparce|88\/100|[from] Stealth Rock\n|move|p2a: when|Sticky Web|p1a: Dudunsparce\n|-sidestart|p1: Kalas714|move: Sticky Web\n|\n|-heal|p1a: Dudunsparce|94\/100|[from] item: Leftovers\n|upkeep\n|turn|10\n|\n|t:|1700448271\n|move|p1a: Dudunsparce|Coil|p1a: Dudunsparce\n|-boost|p1a: Dudunsparce|atk|1\n|-boost|p1a: Dudunsparce|def|1\n|-boost|p1a: Dudunsparce|accuracy|1\n|move|p2a: when|Volt Switch|p1a: Dudunsparce\n|-damage|p1a: Dudunsparce|68\/100\n|\n|t:|1700448295\n|switch|p2a: why|Avalugg-Hisui, M, tera:Fighting|89\/100|[from] Volt Switch\n|\n|-heal|p1a: Dudunsparce|74\/100|[from] item: Leftovers\n|-heal|p2a: why|95\/100|[from] item: Leftovers\n|upkeep\n|turn|11\n|\n|t:|1700448321\n|move|p1a: Dudunsparce|Body Slam|p2a: why\n|-damage|p2a: why|73\/100\n|move|p2a: why|Body Press|p1a: Dudunsparce\n|-supereffective|p1a: Dudunsparce\n|-damage|p1a: Dudunsparce|2\/100\n|\n|-heal|p1a: Dudunsparce|8\/100|[from] item: Leftovers\n|-heal|p2a: why|79\/100|[from] item: Leftovers\n|upkeep\n|turn|12\n|c|\u2606AuXanthus|he chonky\n|\n|t:|1700448340\n|move|p1a: Dudunsparce|Body Slam|p2a: why\n|-damage|p2a: why|56\/100\n|move|p2a: why|Body Press|p1a: Dudunsparce\n|-supereffective|p1a: Dudunsparce\n|-damage|p1a: Dudunsparce|0 fnt\n|faint|p1a: Dudunsparce\n|\n|-heal|p2a: why|62\/100|[from] item: Leftovers\n|upkeep\n|\n|t:|1700448351\n|switch|p1a: Fezandipiti|Fezandipiti, M|68\/100\n|-damage|p1a: Fezandipiti|55\/100|[from] Stealth Rock\n|-activate|p1a: Fezandipiti|move: Sticky Web\n|-unboost|p1a: Fezandipiti|spe|1\n|turn|13\n|\n|t:|1700448361\n|move|p1a: Fezandipiti|Roost|p1a: Fezandipiti\n|-heal|p1a: Fezandipiti|100\/100\n|-singleturn|p1a: Fezandipiti|move: Roost\n|move|p2a: why|Stone Edge|p1a: Fezandipiti\n|-damage|p1a: Fezandipiti|58\/100\n|\n|-heal|p1a: Fezandipiti|64\/100|[from] item: Leftovers\n|-heal|p2a: why|68\/100|[from] item: Leftovers\n|upkeep\n|turn|14\n|\n|t:|1700448370\n|move|p1a: Fezandipiti|Sludge Bomb|p2a: why\n|-damage|p2a: why|4\/100\n|move|p2a: why|Stone Edge|p1a: Fezandipiti\n|-damage|p1a: Fezandipiti|20\/100\n|\n|-heal|p1a: Fezandipiti|26\/100|[from] item: Leftovers\n|-heal|p2a: why|10\/100|[from] item: Leftovers\n|upkeep\n|turn|15\n|\n|t:|1700448379\n|move|p1a: Fezandipiti|Roost|p1a: Fezandipiti\n|-heal|p1a: Fezandipiti|76\/100\n|-singleturn|p1a: Fezandipiti|move: Roost\n|move|p2a: why|Stone Edge|p1a: Fezandipiti\n|-damage|p1a: Fezandipiti|31\/100\n|\n|-heal|p1a: Fezandipiti|37\/100|[from] item: Leftovers\n|-heal|p2a: why|16\/100|[from] item: Leftovers\n|upkeep\n|turn|16\n|\n|t:|1700448388\n|move|p1a: Fezandipiti|Roost|p1a: Fezandipiti\n|-heal|p1a: Fezandipiti|87\/100\n|-singleturn|p1a: Fezandipiti|move: Roost\n|move|p2a: why|Stone Edge|p1a: Fezandipiti\n|-damage|p1a: Fezandipiti|40\/100\n|\n|-heal|p1a: Fezandipiti|46\/100|[from] item: Leftovers\n|-heal|p2a: why|22\/100|[from] item: Leftovers\n|upkeep\n|turn|17\n|c|\u2606Kalas714|ok\n|\n|t:|1700448401\n|move|p1a: Fezandipiti|Roost|p1a: Fezandipiti\n|-heal|p1a: Fezandipiti|96\/100\n|-singleturn|p1a: Fezandipiti|move: Roost\n|move|p2a: why|Stone Edge|p1a: Fezandipiti\n|-crit|p1a: Fezandipiti\n|-damage|p1a: Fezandipiti|27\/100\n|\n|-heal|p1a: Fezandipiti|33\/100|[from] item: Leftovers\n|-heal|p2a: why|28\/100|[from] item: Leftovers\n|upkeep\n|turn|18\n|c|\u2606AuXanthus|no stone edge misses for me today maybe?\n|c|\u2606Kalas714|BRO\n|c|\u2606AuXanthus|that's gaming\n|\n|t:|1700448418\n|move|p1a: Fezandipiti|Roost|p1a: Fezandipiti\n|-heal|p1a: Fezandipiti|83\/100\n|-singleturn|p1a: Fezandipiti|move: Roost\n|move|p2a: why|Stone Edge|p1a: Fezandipiti\n|-damage|p1a: Fezandipiti|40\/100\n|\n|-heal|p1a: Fezandipiti|46\/100|[from] item: Leftovers\n|-heal|p2a: why|34\/100|[from] item: Leftovers\n|upkeep\n|turn|19\n|\n|t:|1700448439\n|switch|p2a: what|Ursaluna-Bloodmoon, M|100\/100\n|move|p1a: Fezandipiti|Sludge Bomb|p2a: what\n|-resisted|p2a: what\n|-damage|p2a: what|82\/100\n|\n|-heal|p1a: Fezandipiti|52\/100|[from] item: Leftovers\n|-heal|p2a: what|88\/100|[from] item: Leftovers\n|upkeep\n|turn|20\n|\n|t:|1700448463\n|move|p1a: Fezandipiti|Moonblast|p2a: what\n|-damage|p2a: what|47\/100\n|move|p2a: what|Calm Mind|p2a: what\n|-boost|p2a: what|spa|1\n|-boost|p2a: what|spd|1\n|\n|-heal|p1a: Fezandipiti|58\/100|[from] item: Leftovers\n|-heal|p2a: what|53\/100|[from] item: Leftovers\n|upkeep\n|turn|21\n|\n|t:|1700448474\n|move|p1a: Fezandipiti|Moonblast|p2a: what\n|-damage|p2a: what|25\/100\n|move|p2a: what|Blood Moon|p1a: Fezandipiti\n|-damage|p1a: Fezandipiti|0 fnt\n|faint|p1a: Fezandipiti\n|\n|-heal|p2a: what|31\/100|[from] item: Leftovers\n|upkeep\n|\n|t:|1700448482\n|switch|p1a: Yanmega|Yanmega, F|100\/100\n|-damage|p1a: Yanmega|51\/100|[from] Stealth Rock\n|turn|22\n|\n|t:|1700448490\n|move|p1a: Yanmega|Bug Buzz|p2a: what\n|-damage|p2a: what|0 fnt\n|faint|p2a: what\n|-enditem|p1a: Yanmega|Throat Spray\n|-boost|p1a: Yanmega|spa|1|[from] item: Throat Spray\n|\n|upkeep\n|\n|t:|1700448535\n|switch|p2a: how|Iron Bundle|100\/100\n|turn|23\n|\n|t:|1700448547\n|move|p1a: Yanmega|Protect|p1a: Yanmega\n|-singleturn|p1a: Yanmega|Protect\n|move|p2a: how|Ice Beam|p1a: Yanmega\n|-activate|p1a: Yanmega|move: Protect\n|\n|upkeep\n|turn|24\n|\n|t:|1700448563\n|switch|p1a: Lilligant|Lilligant, F|100\/100\n|move|p2a: how|Ice Beam|p1a: Lilligant\n|-supereffective|p1a: Lilligant\n|-damage|p1a: Lilligant|0 fnt\n|faint|p1a: Lilligant\n|\n|upkeep\n|\n|t:|1700448569\n|switch|p1a: Ceruledge|Ceruledge, M|100\/100\n|-damage|p1a: Ceruledge|76\/100|[from] Stealth Rock\n|-activate|p1a: Ceruledge|move: Sticky Web\n|-unboost|p1a: Ceruledge|spe|1\n|turn|25\n|\n|t:|1700448579\n|move|p1a: Ceruledge|Shadow Sneak|p2a: how\n|-damage|p2a: how|77\/100\n|move|p2a: how|Hydro Pump|p1a: Ceruledge\n|-supereffective|p1a: Ceruledge\n|-damage|p1a: Ceruledge|0 fnt\n|faint|p1a: Ceruledge\n|\n|upkeep\n|\n|t:|1700448585\n|switch|p1a: Yanmega|Yanmega, F|51\/100\n|-damage|p1a: Yanmega|1\/100|[from] Stealth Rock\n|turn|26\n|\n|t:|1700448590\n|move|p2a: how|Freeze-Dry|p1a: Yanmega\n|-supereffective|p1a: Yanmega\n|-damage|p1a: Yanmega|0 fnt\n|faint|p1a: Yanmega\n|\n|win|AuXanthus\n|c|\u2606AuXanthus|gg\n|c|\u2606Kalas714|im so tilted\n|c|\u2606AuXanthus|those stone edges were dumb though\n|c|\u2606Kalas714|ggs\n","uploadtime":1700448611,"views":10,"p1id":"kalas714","p2id":"auxanthus","formatid":"gen9anythinggoes","rating":0,"private":0,"password":""}