{"id":"gen9anythinggoes-1974121688","p1":"banwobDPP","p2":"ChilledGorilla","format":"[Gen 9] Anything Goes","log":"|j|\u2606banwobDPP\n|j|\u2606ChilledGorilla\n|inactive|Battle timer is ON: inactive players will automatically lose when time's up.\n|t:|1698058821\n|gametype|singles\n|player|p1|banwobDPP|n-masters|\n|player|p2|ChilledGorilla|2|\n|teamsize|p1|6\n|teamsize|p2|6\n|gen|9\n|tier|[Gen 9] Anything Goes\n|rated|Tournament battle\n|rule|HP Percentage Mod: HP is shown in percentages\n|rule|Endless Battle Clause: Forcing endless battles is banned\n|clearpoke\n|poke|p1|Arceus-Water|\n|poke|p1|Arceus|\n|poke|p1|Zacian-*|\n|poke|p1|Arceus-Ground|\n|poke|p1|Giratina-Origin|\n|poke|p1|Calyrex-Ice|\n|poke|p2|Lycanroc-Midnight, F|\n|poke|p2|Zacian-*|\n|poke|p2|Arceus-Fairy|\n|poke|p2|Koraidon|\n|poke|p2|Ogerpon-Cornerstone, F|\n|poke|p2|Regieleki|\n|teampreview\n|j|*Lady Monita \u263d\n|inactive|banwobDPP has 120 seconds left.\n|\n|t:|1698058862\n|start\n|switch|p1a: Arceus|Arceus-Ground|100\/100\n|switch|p2a: Regieleki|Regieleki|100\/100\n|turn|1\n|\n|t:|1698058872\n|move|p2a: Regieleki|Sticky Web|p1a: Arceus\n|-sidestart|p1: banwobDPP|move: Sticky Web\n|move|p1a: Arceus|Victory Dance|p1a: Arceus\n|-boost|p1a: Arceus|atk|1\n|-boost|p1a: Arceus|def|1\n|-boost|p1a: Arceus|spe|1\n|\n|upkeep\n|turn|2\n|\n|t:|1698058882\n|move|p2a: Regieleki|Taunt|p1a: Arceus\n|-start|p1a: Arceus|move: Taunt\n|cant|p1a: Arceus|move: Taunt|Victory Dance\n|\n|upkeep\n|turn|3\n|\n|t:|1698058891\n|move|p1a: Arceus|Extreme Speed|p2a: Regieleki\n|-damage|p2a: Regieleki|28\/100\n|move|p2a: Regieleki|Stealth Rock|p1a: Arceus\n|-sidestart|p1: banwobDPP|move: Stealth Rock\n|\n|upkeep\n|turn|4\n|\n|t:|1698058895\n|move|p1a: Arceus|Extreme Speed|p2a: Regieleki\n|-damage|p2a: Regieleki|0 fnt\n|faint|p2a: Regieleki\n|\n|-end|p1a: Arceus|move: Taunt\n|upkeep\n|\n|t:|1698058902\n|switch|p2a: Ogerpon|Ogerpon-Cornerstone, F|100\/100\n|turn|5\n|j| 09-10a\n|\n|t:|1698058919\n|move|p1a: Arceus|Victory Dance|p1a: Arceus\n|-boost|p1a: Arceus|atk|1\n|-boost|p1a: Arceus|def|1\n|-boost|p1a: Arceus|spe|1\n|move|p2a: Ogerpon|Spore|p1a: Arceus\n|-status|p1a: Arceus|slp|[from] move: Spore\n|\n|upkeep\n|turn|6\n|\n|t:|1698058925\n|cant|p1a: Arceus|slp\n|move|p2a: Ogerpon|Minimize|p2a: Ogerpon\n|-boost|p2a: Ogerpon|evasion|2\n|\n|upkeep\n|turn|7\n|\n|t:|1698058932\n|cant|p1a: Arceus|slp\n|move|p2a: Ogerpon|Victory Dance|p2a: Ogerpon\n|-boost|p2a: Ogerpon|atk|1\n|-boost|p2a: Ogerpon|def|1\n|-boost|p2a: Ogerpon|spe|1\n|\n|upkeep\n|turn|8\n|\n|t:|1698058939\n|cant|p1a: Arceus|slp\n|move|p2a: Ogerpon|Minimize|p2a: Ogerpon\n|-boost|p2a: Ogerpon|evasion|2\n|\n|upkeep\n|turn|9\n|\n|t:|1698058945\n|-curestatus|p1a: Arceus|slp|[msg]\n|move|p1a: Arceus|Taunt|p2a: Ogerpon\n|-start|p2a: Ogerpon|move: Taunt\n|cant|p2a: Ogerpon|move: Taunt|Spore\n|\n|upkeep\n|turn|10\n|\n|t:|1698058963\n|move|p1a: Arceus|Earthquake|p2a: Ogerpon|[miss]\n|-miss|p1a: Arceus|p2a: Ogerpon\n|-activate|p2a: Ogerpon|move: Struggle\n|move|p2a: Ogerpon|Struggle|p1a: Arceus\n|-damage|p1a: Arceus|92\/100\n|-damage|p2a: Ogerpon|75\/100|[from] recoil\n|\n|upkeep\n|turn|11\n|\n|t:|1698058973\n|move|p1a: Arceus|Earthquake|p2a: Ogerpon\n|-damage|p2a: Ogerpon|0 fnt\n|faint|p2a: Ogerpon\n|\n|upkeep\n|\n|t:|1698058987\n|switch|p2a: Koraidon|Koraidon|100\/100\n|-weather|SunnyDay|[from] ability: Orichalcum Pulse|[of] p2a: Koraidon\n|-activate|p2a: Koraidon|Orichalcum Pulse|[source]\n|turn|12\n|inactive|banwobDPP has 120 seconds left.\n|\n|t:|1698059021\n|move|p1a: Arceus|Earthquake|p2a: Koraidon\n|-damage|p2a: Koraidon|0 fnt\n|faint|p2a: Koraidon\n|\n|-weather|SunnyDay|[upkeep]\n|upkeep\n|c|\u2606ChilledGorilla|well i just lose\n|-message|ChilledGorilla forfeited.\n|\n|win|banwobDPP\n|n|\u2606banwobDPP|banwobdpp\n|n|\u2606ChilledGorilla|chilledgorilla\n|n|*Lady Monita \u263d|ladymonita\n|n| 09-10a|0910a\n","uploadtime":1698059034,"views":13,"p1id":"banwobdpp","p2id":"chilledgorilla","formatid":"gen9anythinggoes","rating":0,"private":0,"password":""}