{"id":"gen9anythinggoes-1972736528","p1":"agent_shodow-007","p2":"XxYoungsterJoey69X","format":"[Gen 9] Anything Goes","log":"|j|\u2606agent_shodow-007\n|j|\u2606XxYoungsterJoey69X\n|t:|1697887161\n|gametype|singles\n|player|p1|agent_shodow-007|lusamine-nihilego|1464\n|player|p2|XxYoungsterJoey69X|169|1477\n|teamsize|p1|6\n|teamsize|p2|6\n|gen|9\n|tier|[Gen 9] Anything Goes\n|rated|\n|rule|HP Percentage Mod: HP is shown in percentages\n|rule|Endless Battle Clause: Forcing endless battles is banned\n|clearpoke\n|poke|p1|Chien-Pao|\n|poke|p1|Calyrex-Shadow|\n|poke|p1|Eternatus|\n|poke|p1|Zacian-*|\n|poke|p1|Rayquaza|\n|poke|p1|Kyogre|\n|poke|p2|Torkoal, M|\n|poke|p2|Walking Wake|\n|poke|p2|Flutter Mane|\n|poke|p2|Toxapex, M|\n|poke|p2|Ting-Lu|\n|poke|p2|Koraidon|\n|teampreview\n|inactive|Battle timer is ON: inactive players will automatically lose when time's up. (requested by agent_shodow-007)\n|inactive|XxYoungsterJoey69X has 120 seconds left.\n|\n|t:|1697887214\n|start\n|switch|p1a: Your dad is back|Rayquaza, shiny|100\/100\n|switch|p2a: Torkoal|Torkoal, M|100\/100\n|-ability|p1a: Your dad is back|Air Lock\n|-weather|SunnyDay|[from] ability: Drought|[of] p2a: Torkoal\n|turn|1\n|\n|t:|1697887245\n|move|p1a: Your dad is back|Dragon Dance|p1a: Your dad is back\n|-boost|p1a: Your dad is back|atk|1\n|-boost|p1a: Your dad is back|spe|1\n|move|p2a: Torkoal|Yawn|p1a: Your dad is back\n|-start|p1a: Your dad is back|move: Yawn|[of] p2a: Torkoal\n|\n|-weather|SunnyDay|[upkeep]\n|upkeep\n|turn|2\n|inactive|agent_shodow-007 has 120 seconds left.\n|\n|t:|1697887269\n|move|p1a: Your dad is back|Dragon Dance|p1a: Your dad is back\n|-boost|p1a: Your dad is back|atk|1\n|-boost|p1a: Your dad is back|spe|1\n|move|p2a: Torkoal|Yawn||[still]\n|-fail|p2a: Torkoal\n|\n|-weather|SunnyDay|[upkeep]\n|-end|p1a: Your dad is back|move: Yawn|[silent]\n|-status|p1a: Your dad is back|slp\n|upkeep\n|turn|3\n|inactive|XxYoungsterJoey69X has 120 seconds left.\n|\n|t:|1697887304\n|switch|p2a: Flutter Mane|Flutter Mane|100\/100\n|cant|p1a: Your dad is back|slp\n|\n|-weather|SunnyDay|[upkeep]\n|upkeep\n|turn|4\n|\n|t:|1697887313\n|-terastallize|p1a: Your dad is back|Steel\n|cant|p1a: Your dad is back|slp\n|move|p2a: Flutter Mane|Moonblast|p1a: Your dad is back\n|-resisted|p1a: Your dad is back\n|-damage|p1a: Your dad is back|57\/100 slp\n|\n|-weather|SunnyDay|[upkeep]\n|-heal|p1a: Your dad is back|63\/100 slp|[from] item: Leftovers\n|upkeep\n|turn|5\n|inactive|XxYoungsterJoey69X has 120 seconds left.\n|\n|t:|1697887327\n|-curestatus|p1a: Your dad is back|slp|[msg]\n|move|p1a: Your dad is back|Dragon Ascent|p2a: Flutter Mane\n|-damage|p2a: Flutter Mane|0 fnt\n|-unboost|p1a: Your dad is back|def|1\n|-unboost|p1a: Your dad is back|spd|1\n|faint|p2a: Flutter Mane\n|-end|p2a: Flutter Mane|Protosynthesis|[silent]\n|\n|-weather|SunnyDay|[upkeep]\n|-heal|p1a: Your dad is back|69\/100|[from] item: Leftovers\n|upkeep\n|inactive|XxYoungsterJoey69X has 120 seconds left.\n|inactive|XxYoungsterJoey69X has 90 seconds left.\n|\n|t:|1697887364\n|switch|p2a: Toxapex|Toxapex, M|100\/100\n|turn|6\n|\n|t:|1697887384\n|move|p1a: Your dad is back|Earthquake|p2a: Toxapex\n|-supereffective|p2a: Toxapex\n|-damage|p2a: Toxapex|13\/100\n|move|p2a: Toxapex|Haze|p2a: Toxapex\n|-clearallboost\n|\n|-weather|SunnyDay|[upkeep]\n|-heal|p1a: Your dad is back|75\/100|[from] item: Leftovers\n|-heal|p2a: Toxapex|19\/100|[from] item: Black Sludge\n|upkeep\n|turn|7\n|\n|t:|1697887392\n|move|p2a: Toxapex|Baneful Bunker|p2a: Toxapex\n|-singleturn|p2a: Toxapex|move: Protect\n|move|p1a: Your dad is back|Extreme Speed|p2a: Toxapex\n|-activate|p2a: Toxapex|move: Protect\n|\n|-weather|SunnyDay|[upkeep]\n|-heal|p1a: Your dad is back|81\/100|[from] item: Leftovers\n|-heal|p2a: Toxapex|25\/100|[from] item: Black Sludge\n|upkeep\n|turn|8\n|\n|t:|1697887408\n|switch|p2a: Ting-Lu|Ting-Lu|100\/100\n|-ability|p2a: Ting-Lu|Vessel of Ruin\n|move|p1a: Your dad is back|Dragon Dance|p1a: Your dad is back\n|-boost|p1a: Your dad is back|atk|1\n|-boost|p1a: Your dad is back|spe|1\n|\n|-weather|none\n|-heal|p1a: Your dad is back|87\/100|[from] item: Leftovers\n|upkeep\n|turn|9\n|\n|t:|1697887427\n|move|p1a: Your dad is back|Dragon Ascent|p2a: Ting-Lu\n|-damage|p2a: Ting-Lu|41\/100\n|-unboost|p1a: Your dad is back|def|1\n|-unboost|p1a: Your dad is back|spd|1\n|move|p2a: Ting-Lu|Earthquake|p1a: Your dad is back\n|-supereffective|p1a: Your dad is back\n|-damage|p1a: Your dad is back|0 fnt\n|faint|p1a: Your dad is back\n|\n|-heal|p2a: Ting-Lu|48\/100|[from] item: Leftovers\n|upkeep\n|\n|t:|1697887433\n|switch|p1a: Mega Wevil|Chien-Pao|100\/100\n|-ability|p1a: Mega Wevil|Sword of Ruin\n|turn|10\n|\n|t:|1697887447\n|switch|p2a: Toxapex|Toxapex, M|59\/100\n|move|p1a: Mega Wevil|Ice Spinner|p2a: Toxapex\n|-resisted|p2a: Toxapex\n|-damage|p2a: Toxapex|43\/100\n|\n|-heal|p2a: Toxapex|50\/100|[from] item: Black Sludge\n|upkeep\n|turn|11\n|\n|t:|1697887466\n|switch|p1a: Best rider|Calyrex-Shadow|100\/100\n|-ability|p1a: Best rider|As One\n|-ability|p1a: Best rider|Unnerve\n|move|p2a: Toxapex|Toxic Spikes|p1a: Best rider\n|-sidestart|p1: agent_shodow-007|move: Toxic Spikes\n|\n|-heal|p2a: Toxapex|56\/100|[from] item: Black Sludge\n|upkeep\n|turn|12\n|inactive|agent_shodow-007 has 120 seconds left.\n|\n|t:|1697887489\n|move|p1a: Best rider|Psyshock|p2a: Toxapex\n|-supereffective|p2a: Toxapex\n|-damage|p2a: Toxapex|0 fnt\n|faint|p2a: Toxapex\n|-ability|p1a: Best rider|Grim Neigh|boost\n|-boost|p1a: Best rider|spa|1\n|\n|upkeep\n|\n|t:|1697887500\n|switch|p2a: Torkoal|Torkoal, M|100\/100\n|-weather|SunnyDay|[from] ability: Drought|[of] p2a: Torkoal\n|turn|13\n|\n|t:|1697887513\n|move|p1a: Best rider|Astral Barrage|p2a: Torkoal\n|-damage|p2a: Torkoal|0 fnt\n|faint|p2a: Torkoal\n|-ability|p1a: Best rider|Grim Neigh|boost\n|-boost|p1a: Best rider|spa|1\n|\n|-weather|SunnyDay|[upkeep]\n|upkeep\n|\n|t:|1697887521\n|switch|p2a: Walking Wake|Walking Wake|100\/100\n|-activate|p2a: Walking Wake|ability: Protosynthesis\n|-start|p2a: Walking Wake|protosynthesisspa\n|turn|14\n|\n|t:|1697887535\n|-terastallize|p2a: Walking Wake|Water\n|move|p1a: Best rider|Astral Barrage|p2a: Walking Wake\n|-damage|p2a: Walking Wake|0 fnt\n|faint|p2a: Walking Wake\n|-end|p2a: Walking Wake|Protosynthesis|[silent]\n|-ability|p1a: Best rider|Grim Neigh|boost\n|-boost|p1a: Best rider|spa|1\n|\n|-weather|SunnyDay|[upkeep]\n|upkeep\n|\n|t:|1697887554\n|switch|p2a: Koraidon|Koraidon|100\/100\n|-activate|p2a: Koraidon|ability: Orichalcum Pulse\n|turn|15\n|inactive|XxYoungsterJoey69X has 90 seconds left.\n|\n|t:|1697887574\n|move|p1a: Best rider|Astral Barrage|p2a: Koraidon\n|-damage|p2a: Koraidon|0 fnt\n|faint|p2a: Koraidon\n|-ability|p1a: Best rider|Grim Neigh|boost\n|-boost|p1a: Best rider|spa|1\n|\n|-weather|SunnyDay|[upkeep]\n|upkeep\n|\n|t:|1697887578\n|switch|p2a: Ting-Lu|Ting-Lu|48\/100\n|-ability|p2a: Ting-Lu|Vessel of Ruin\n|turn|16\n|j| bujingjingzhiyou\n|\n|t:|1697887597\n|move|p1a: Best rider|Draining Kiss|p2a: Ting-Lu\n|-supereffective|p2a: Ting-Lu\n|-damage|p2a: Ting-Lu|0 fnt\n|faint|p2a: Ting-Lu\n|\n|win|agent_shodow-007\n|raw|agent_shodow-007's rating: 1464 &rarr; <strong>1485<\/strong><br \/>(+21 for winning)\n|raw|XxYoungsterJoey69X's rating: 1477 &rarr; <strong>1456<\/strong><br \/>(-21 for losing)\n","uploadtime":1697887614,"views":10,"p1id":"agentshodow007","p2id":"xxyoungsterjoey69x","formatid":"gen9anythinggoes","rating":1456,"private":0,"password":""}