{"id":"gen9anythinggoes-1986940978","p1":"Human #314159","p2":"funmitan","format":"[Gen 9] Anything Goes","log":"|j|\u2606Human #314159\n|j|\u2606funmitan\n|t:|1699542946\n|gametype|singles\n|player|p1|Human #314159|roxanne|1207\n|player|p2|funmitan|1|1327\n|teamsize|p1|6\n|teamsize|p2|6\n|gen|9\n|tier|[Gen 9] Anything Goes\n|rated|\n|rule|HP Percentage Mod: HP is shown in percentages\n|rule|Endless Battle Clause: Forcing endless battles is banned\n|clearpoke\n|poke|p1|Diancie|\n|poke|p1|Baxcalibur, F|\n|poke|p1|Zapdos-Galar|\n|poke|p1|Cyclizar, F|\n|poke|p1|Maushold-Four|\n|poke|p1|Urshifu-*, M|\n|poke|p2|Ninetales-Alola, F|\n|poke|p2|Murkrow, M|\n|poke|p2|Great Tusk|\n|poke|p2|Salazzle, F|\n|poke|p2|Cloyster, M|\n|poke|p2|Calyrex-Shadow|\n|teampreview\n|inactive|Battle timer is ON: inactive players will automatically lose when time's up. (requested by Human #314159)\n|\n|t:|1699542976\n|start\n|switch|p1a: No.|Cyclizar, F|100\/100\n|switch|p2a: Ninetales|Ninetales-Alola, F|100\/100\n|-weather|Snow|[from] ability: Snow Warning|[of] p2a: Ninetales\n|turn|1\n|\n|t:|1699542990\n|move|p1a: No.|Shed Tail|p1a: No.\n|-start|p1a: No.|Substitute|[from] move: Shed Tail\n|-damage|p1a: No.|50\/100\n|\n|t:|1699542994\n|switch|p1a: The Emu Soldier|Zapdos-Galar|100\/100|[from] Shed Tail\n|move|p2a: Ninetales|Aurora Veil|p2a: Ninetales\n|-sidestart|p2: funmitan|move: Aurora Veil\n|\n|-weather|Snow|[upkeep]\n|upkeep\n|turn|2\n|\n|t:|1699543001\n|switch|p2a: Cloyster|Cloyster, M|100\/100\n|move|p1a: The Emu Soldier|Brick Break|p2a: Cloyster\n|-sideend|p2: funmitan|move: Aurora Veil\n|-supereffective|p2a: Cloyster\n|-damage|p2a: Cloyster|48\/100\n|-damage|p1a: The Emu Soldier|91\/100|[from] item: Life Orb\n|\n|-weather|Snow|[upkeep]\n|upkeep\n|turn|3\n|\n|t:|1699543028\n|switch|p2a: Calyrex|Calyrex-Shadow|100\/100\n|-ability|p2a: Calyrex|As One\n|-ability|p2a: Calyrex|Unnerve\n|move|p1a: The Emu Soldier|Brick Break|p2a: Calyrex\n|-immune|p2a: Calyrex\n|\n|-weather|Snow|[upkeep]\n|upkeep\n|turn|4\n|inactive|funmitan has 120 seconds left.\n|inactive|funmitan has 90 seconds left.\n|\n|t:|1699543101\n|move|p2a: Calyrex|Astral Barrage|p1a: The Emu Soldier\n|-end|p1a: The Emu Soldier|Substitute\n|move|p1a: The Emu Soldier|Knock Off|p2a: Calyrex\n|-supereffective|p2a: Calyrex\n|-damage|p2a: Calyrex|0 fnt\n|-enditem|p2a: Calyrex|Choice Scarf|[from] move: Knock Off|[of] p1a: The Emu Soldier\n|faint|p2a: Calyrex\n|-damage|p1a: The Emu Soldier|81\/100|[from] item: Life Orb\n|\n|-weather|Snow|[upkeep]\n|upkeep\n|\n|t:|1699543117\n|switch|p2a: Ninetales|Ninetales-Alola, F|100\/100\n|turn|5\n|inactive|Human #314159 has 120 seconds left.\n|\n|t:|1699543158\n|move|p2a: Ninetales|Nasty Plot|p2a: Ninetales\n|-boost|p2a: Ninetales|spa|2\n|move|p1a: The Emu Soldier|Knock Off|p2a: Ninetales\n|-resisted|p2a: Ninetales\n|-damage|p2a: Ninetales|81\/100\n|-enditem|p2a: Ninetales|Icy Rock|[from] move: Knock Off|[of] p1a: The Emu Soldier\n|-damage|p1a: The Emu Soldier|71\/100|[from] item: Life Orb\n|\n|-weather|Snow|[upkeep]\n|upkeep\n|turn|6\n|\n|t:|1699543179\n|move|p2a: Ninetales|Blizzard|p1a: The Emu Soldier\n|-supereffective|p1a: The Emu Soldier\n|-damage|p1a: The Emu Soldier|0 fnt\n|faint|p1a: The Emu Soldier\n|\n|-weather|Snow|[upkeep]\n|upkeep\n|inactive|Human #314159 has 90 seconds left.\n|\n|t:|1699543219\n|switch|p1a: Baby Bugs|Diancie|100\/100\n|turn|7\n|inactive|funmitan has 60 seconds left.\n|inactive|funmitan has 30 seconds left.\n|\n|t:|1699543275\n|move|p2a: Ninetales|Aurora Veil|p2a: Ninetales\n|-sidestart|p2: funmitan|move: Aurora Veil\n|move|p1a: Baby Bugs|Amnesia|p1a: Baby Bugs\n|-boost|p1a: Baby Bugs|spd|2\n|\n|-weather|Snow|[upkeep]\n|upkeep\n|turn|8\n|inactive|funmitan has 30 seconds left.\n|\n|t:|1699543290\n|move|p2a: Ninetales|Blizzard|p1a: Baby Bugs\n|-damage|p1a: Baby Bugs|67\/100\n|move|p1a: Baby Bugs|Power Gem|p2a: Ninetales\n|-supereffective|p2a: Ninetales\n|-damage|p2a: Ninetales|32\/100\n|\n|-weather|none\n|-heal|p1a: Baby Bugs|73\/100|[from] item: Leftovers\n|upkeep\n|turn|9\n|\n|t:|1699543301\n|switch|p2a: Great Tusk|Great Tusk|100\/100\n|move|p1a: Baby Bugs|Amnesia|p1a: Baby Bugs\n|-boost|p1a: Baby Bugs|spd|2\n|-enditem|p2a: Great Tusk|Mirror Herb\n|-boost|p2a: Great Tusk|spd|2|[from] item: Mirror Herb\n|\n|-heal|p1a: Baby Bugs|79\/100|[from] item: Leftovers\n|upkeep\n|turn|10\n|inactive|funmitan has 30 seconds left.\n|\n|t:|1699543319\n|move|p2a: Great Tusk|Bulk Up|p2a: Great Tusk\n|-boost|p2a: Great Tusk|atk|1\n|-boost|p2a: Great Tusk|def|1\n|move|p1a: Baby Bugs|Draining Kiss|p2a: Great Tusk\n|-supereffective|p2a: Great Tusk\n|-damage|p2a: Great Tusk|84\/100\n|-heal|p1a: Baby Bugs|95\/100|[from] drain|[of] p2a: Great Tusk\n|\n|-heal|p1a: Baby Bugs|100\/100|[from] item: Leftovers\n|upkeep\n|turn|11\n|inactive|funmitan has 30 seconds left.\n|\n|t:|1699543336\n|move|p2a: Great Tusk|Rapid Spin|p1a: Baby Bugs\n|-resisted|p1a: Baby Bugs\n|-damage|p1a: Baby Bugs|90\/100\n|-boost|p2a: Great Tusk|spe|1\n|move|p1a: Baby Bugs|Iron Defense|p1a: Baby Bugs\n|-boost|p1a: Baby Bugs|def|2\n|\n|-heal|p1a: Baby Bugs|96\/100|[from] item: Leftovers\n|-sideend|p2: funmitan|move: Aurora Veil\n|upkeep\n|turn|12\n|\n|t:|1699543345\n|move|p2a: Great Tusk|Earthquake|p1a: Baby Bugs\n|-supereffective|p1a: Baby Bugs\n|-damage|p1a: Baby Bugs|28\/100\n|move|p1a: Baby Bugs|Iron Defense|p1a: Baby Bugs\n|-boost|p1a: Baby Bugs|def|2\n|\n|-heal|p1a: Baby Bugs|34\/100|[from] item: Leftovers\n|upkeep\n|turn|13\n|\n|t:|1699543355\n|-terastallize|p1a: Baby Bugs|Bug\n|move|p2a: Great Tusk|Earthquake|p1a: Baby Bugs\n|-resisted|p1a: Baby Bugs\n|-damage|p1a: Baby Bugs|23\/100\n|move|p1a: Baby Bugs|Draining Kiss|p2a: Great Tusk\n|-supereffective|p2a: Great Tusk\n|-damage|p2a: Great Tusk|44\/100\n|-heal|p1a: Baby Bugs|59\/100|[from] drain|[of] p2a: Great Tusk\n|\n|-heal|p1a: Baby Bugs|65\/100|[from] item: Leftovers\n|upkeep\n|turn|14\n|inactive|funmitan has 30 seconds left.\n|inactive|funmitan has 20 seconds left.\n|\n|t:|1699543386\n|-terastallize|p2a: Great Tusk|Steel\n|move|p2a: Great Tusk|Ice Spinner|p1a: Baby Bugs\n|-damage|p1a: Baby Bugs|54\/100\n|move|p1a: Baby Bugs|Draining Kiss|p2a: Great Tusk\n|-resisted|p2a: Great Tusk\n|-damage|p2a: Great Tusk|35\/100\n|-heal|p1a: Baby Bugs|62\/100|[from] drain|[of] p2a: Great Tusk\n|\n|-heal|p1a: Baby Bugs|68\/100|[from] item: Leftovers\n|upkeep\n|turn|15\n|inactive|funmitan has 30 seconds left this turn.\n|inactive|funmitan has 20 seconds left.\n|\n|t:|1699543403\n|move|p2a: Great Tusk|Bulk Up|p2a: Great Tusk\n|-boost|p2a: Great Tusk|atk|1\n|-boost|p2a: Great Tusk|def|1\n|move|p1a: Baby Bugs|Iron Defense|p1a: Baby Bugs\n|-boost|p1a: Baby Bugs|def|2\n|\n|-heal|p1a: Baby Bugs|74\/100|[from] item: Leftovers\n|upkeep\n|turn|16\n|inactive|funmitan has 30 seconds left this turn.\n|-message|funmitan forfeited.\n|\n|win|Human #314159\n|raw|Human #314159's rating: 1207 &rarr; <strong>1240<\/strong><br \/>(+33 for winning)\n|raw|funmitan's rating: 1327 &rarr; <strong>1300<\/strong><br \/>(-27 for losing)\n|l|\u2606funmitan\n","uploadtime":1699543413,"views":3,"p1id":"human314159","p2id":"funmitan","formatid":"gen9anythinggoes","rating":1240,"private":0,"password":""}