{"id":"gen9anythinggoes-1974784228","p1":"MrTeo123","p2":"KRINGLE123123","format":"[Gen 9] Anything Goes","log":"|j|\u2606MrTeo123\n|j|\u2606KRINGLE123123\n|t:|1698123880\n|gametype|singles\n|player|p1|MrTeo123|lucas|1144\n|player|p2|KRINGLE123123|266|1092\n|teamsize|p1|6\n|teamsize|p2|6\n|gen|9\n|tier|[Gen 9] Anything Goes\n|rated|\n|rule|HP Percentage Mod: HP is shown in percentages\n|rule|Endless Battle Clause: Forcing endless battles is banned\n|clearpoke\n|poke|p1|Meowscarada, F|\n|poke|p1|Koraidon|\n|poke|p1|Armarouge, M|\n|poke|p1|Kilowattrel, F|\n|poke|p1|Flutter Mane|\n|poke|p1|Dondozo, M|\n|poke|p2|Fezandipiti, M|\n|poke|p2|Zacian-*|\n|poke|p2|Quaquaval, M|\n|poke|p2|Coalossal, M|\n|poke|p2|Trevenant, F|\n|poke|p2|Baxcalibur, F|\n|teampreview\n|\n|t:|1698123885\n|start\n|switch|p1a: Dondozo|Dondozo, M|100\/100\n|switch|p2a: Fezandipiti|Fezandipiti, M|100\/100\n|turn|1\n|\n|t:|1698123897\n|move|p2a: Fezandipiti|Toxic|p1a: Dondozo\n|-status|p1a: Dondozo|tox\n|move|p1a: Dondozo|Earthquake|p2a: Fezandipiti\n|-supereffective|p2a: Fezandipiti\n|-damage|p2a: Fezandipiti|30\/100\n|\n|-heal|p2a: Fezandipiti|36\/100|[from] item: Leftovers\n|-damage|p1a: Dondozo|94\/100 tox|[from] psn\n|upkeep\n|turn|2\n|-activate|p1a: Dondozo|item: Quick Claw\n|\n|t:|1698123906\n|move|p1a: Dondozo|Earthquake|p2a: Fezandipiti\n|-supereffective|p2a: Fezandipiti\n|-damage|p2a: Fezandipiti|0 fnt\n|faint|p2a: Fezandipiti\n|\n|-damage|p1a: Dondozo|82\/100 tox|[from] psn\n|upkeep\n|\n|t:|1698123928\n|switch|p2a: Baxcalibur|Baxcalibur, F, shiny|100\/100\n|turn|3\n|\n|t:|1698123939\n|move|p2a: Baxcalibur|Icicle Crash|p1a: Dondozo\n|-resisted|p1a: Dondozo\n|-damage|p1a: Dondozo|63\/100 tox\n|-damage|p2a: Baxcalibur|91\/100|[from] item: Life Orb\n|move|p1a: Dondozo|Earthquake|p2a: Baxcalibur\n|-damage|p2a: Baxcalibur|65\/100\n|\n|-damage|p1a: Dondozo|45\/100 tox|[from] psn\n|upkeep\n|turn|4\n|\n|t:|1698123957\n|move|p2a: Baxcalibur|Glaive Rush|p1a: Dondozo\n|-damage|p1a: Dondozo|0 fnt\n|-singlemove|p2a: Baxcalibur|Glaive Rush|[silent]\n|faint|p1a: Dondozo\n|-damage|p2a: Baxcalibur|55\/100|[from] item: Life Orb\n|\n|upkeep\n|\n|t:|1698123967\n|switch|p1a: Flutter Mane|Flutter Mane|100\/100\n|-enditem|p1a: Flutter Mane|Booster Energy\n|-activate|p1a: Flutter Mane|ability: Protosynthesis|[fromitem]\n|-start|p1a: Flutter Mane|protosynthesisspe\n|turn|5\n|\n|t:|1698123987\n|switch|p2a: Zacian|Zacian-Crowned, shiny|100\/100\n|-ability|p2a: Zacian|Intrepid Sword|boost\n|-boost|p2a: Zacian|atk|1\n|move|p1a: Flutter Mane|Moonblast|p2a: Zacian\n|-resisted|p2a: Zacian\n|-damage|p2a: Zacian|80\/100\n|-unboost|p2a: Zacian|spa|1\n|\n|upkeep\n|turn|6\n|\n|t:|1698123998\n|move|p1a: Flutter Mane|Mystical Fire|p2a: Zacian\n|-supereffective|p2a: Zacian\n|-damage|p2a: Zacian|37\/100\n|-unboost|p2a: Zacian|spa|1\n|move|p2a: Zacian|Substitute|p2a: Zacian\n|-start|p2a: Zacian|Substitute\n|-damage|p2a: Zacian|12\/100\n|\n|upkeep\n|turn|7\n|inactive|Battle timer is ON: inactive players will automatically lose when time's up. (requested by MrTeo123)\n|\n|t:|1698124038\n|move|p1a: Flutter Mane|Mystical Fire|p2a: Zacian\n|-supereffective|p2a: Zacian\n|-end|p2a: Zacian|Substitute\n|move|p2a: Zacian|Behemoth Blade|p1a: Flutter Mane\n|-supereffective|p1a: Flutter Mane\n|-damage|p1a: Flutter Mane|0 fnt\n|faint|p1a: Flutter Mane\n|-end|p1a: Flutter Mane|Protosynthesis|[silent]\n|\n|upkeep\n|\n|t:|1698124059\n|switch|p1a: Kilowattrel|Kilowattrel, F|100\/100\n|turn|8\n|\n|t:|1698124084\n|switch|p2a: Baxcalibur|Baxcalibur, F, shiny|55\/100\n|move|p1a: Kilowattrel|Thunderbolt|p2a: Baxcalibur\n|-resisted|p2a: Baxcalibur\n|-damage|p2a: Baxcalibur|36\/100\n|\n|upkeep\n|turn|9\n|\n|t:|1698124094\n|-terastallize|p1a: Kilowattrel|Electric\n|move|p1a: Kilowattrel|Hurricane|p2a: Baxcalibur\n|-damage|p2a: Baxcalibur|0 fnt\n|faint|p2a: Baxcalibur\n|\n|upkeep\n|inactive|KRINGLE123123 has 120 seconds left.\n|\n|t:|1698124110\n|switch|p2a: Quaquaval|Quaquaval, M, shiny|100\/100\n|turn|10\n|\n|t:|1698124116\n|-terastallize|p2a: Quaquaval|Poison\n|move|p1a: Kilowattrel|Thunderbolt|p2a: Quaquaval\n|-damage|p2a: Quaquaval|22\/100\n|move|p2a: Quaquaval|Ice Spinner|p1a: Kilowattrel\n|-damage|p1a: Kilowattrel|41\/100\n|\n|upkeep\n|turn|11\n|\n|t:|1698124122\n|move|p1a: Kilowattrel|Thunderbolt|p2a: Quaquaval\n|-damage|p2a: Quaquaval|0 fnt\n|faint|p2a: Quaquaval\n|\n|upkeep\n|\n|t:|1698124125\n|switch|p2a: Trevenant|Trevenant, F|100\/100\n|turn|12\n|\n|t:|1698124129\n|move|p1a: Kilowattrel|Hurricane|p2a: Trevenant|[miss]\n|-miss|p1a: Kilowattrel|p2a: Trevenant\n|move|p2a: Trevenant|Trick Room|p2a: Trevenant\n|-fieldstart|move: Trick Room|[of] p2a: Trevenant\n|\n|upkeep\n|turn|13\n|\n|t:|1698124135\n|move|p2a: Trevenant|Leech Seed|p1a: Kilowattrel\n|-start|p1a: Kilowattrel|move: Leech Seed\n|move|p1a: Kilowattrel|Hurricane|p2a: Trevenant\n|-supereffective|p2a: Trevenant\n|-enditem|p2a: Trevenant|Focus Sash\n|-damage|p2a: Trevenant|1\/100\n|\n|-damage|p1a: Kilowattrel|29\/100|[from] Leech Seed|[of] p2a: Trevenant\n|-heal|p2a: Trevenant|10\/100|[silent]\n|upkeep\n|turn|14\n|\n|t:|1698124143\n|move|p2a: Trevenant|Destiny Bond|p2a: Trevenant\n|-singlemove|p2a: Trevenant|Destiny Bond\n|move|p1a: Kilowattrel|Thunderbolt|p2a: Trevenant\n|-resisted|p2a: Trevenant\n|-damage|p2a: Trevenant|0 fnt\n|faint|p2a: Trevenant\n|-activate|p2a: Trevenant|move: Destiny Bond\n|faint|p1a: Kilowattrel\n|\n|upkeep\n|\n|t:|1698124158\n|switch|p2a: Zacian|Zacian-Crowned, shiny|12\/100\n|switch|p1a: Armarouge|Armarouge, M|100\/100\n|turn|15\n|\n|t:|1698124168\n|move|p1a: Armarouge|Flamethrower|p2a: Zacian\n|-supereffective|p2a: Zacian\n|-damage|p2a: Zacian|0 fnt\n|faint|p2a: Zacian\n|\n|upkeep\n|\n|t:|1698124170\n|switch|p2a: Coalossal|Coalossal, M|100\/100\n|turn|16\n|\n|t:|1698124175\n|move|p2a: Coalossal|Stealth Rock|p1a: Armarouge\n|-sidestart|p1: MrTeo123|move: Stealth Rock\n|move|p1a: Armarouge|Psychic|p2a: Coalossal\n|-damage|p2a: Coalossal|56\/100\n|\n|-fieldend|move: Trick Room\n|upkeep\n|turn|17\n|\n|t:|1698124181\n|move|p1a: Armarouge|Psychic|p2a: Coalossal\n|-damage|p2a: Coalossal|11\/100\n|move|p2a: Coalossal|Earthquake|p1a: Armarouge\n|-supereffective|p1a: Armarouge\n|-damage|p1a: Armarouge|54\/100\n|\n|upkeep\n|turn|18\n|\n|t:|1698124186\n|move|p1a: Armarouge|Psychic|p2a: Coalossal\n|-damage|p2a: Coalossal|0 fnt\n|faint|p2a: Coalossal\n|-heal|p1a: Armarouge|55\/100|[from] item: Shell Bell|[of] p2: Coalossal\n|\n|win|MrTeo123\n|raw|MrTeo123's rating: 1144 &rarr; <strong>1165<\/strong><br \/>(+21 for winning)\n|raw|KRINGLE123123's rating: 1092 &rarr; <strong>1072<\/strong><br \/>(-20 for losing)\n","uploadtime":1698124197,"views":9,"p1id":"mrteo123","p2id":"kringle123123","formatid":"gen9anythinggoes","rating":1072,"private":0,"password":""}