{"id":"gen9anythinggoes-1992294781","p1":"HAC007","p2":"Miiiwa","format":"[Gen 9] Anything Goes","log":"|j|\u2606HAC007\n|j|\u2606Miiiwa\n|t:|1700171837\n|gametype|singles\n|player|p1|HAC007|burglar|\n|player|p2|Miiiwa|102|\n|teamsize|p1|6\n|teamsize|p2|6\n|gen|9\n|tier|[Gen 9] Anything Goes\n|rule|HP Percentage Mod: HP is shown in percentages\n|rule|Endless Battle Clause: Forcing endless battles is banned\n|clearpoke\n|poke|p1|Greninja-*, M|\n|poke|p1|Ogerpon-Hearthflame, F|\n|poke|p1|Zacian-*|\n|poke|p1|Calyrex-Shadow|\n|poke|p1|Koraidon|\n|poke|p1|Miraidon|\n|poke|p2|Ceruledge, F|\n|poke|p2|Kingambit, F|\n|poke|p2|Enamorus, F|\n|poke|p2|Slowking-Galar, M|\n|poke|p2|Walking Wake|\n|poke|p2|Arceus-Electric|\n|teampreview\n|inactive|Battle timer is ON: inactive players will automatically lose when time's up. (requested by Miiiwa)\n|inactive|Miiiwa has 270 seconds left.\n|\n|t:|1700171880\n|start\n|switch|p1a: wata|Miraidon|100\/100\n|switch|p2a: Skibidigyatt|Ceruledge, F|100\/100\n|-fieldstart|move: Electric Terrain|[from] ability: Hadron Engine|[of] p1a: wata\n|turn|1\n|\n|t:|1700171892\n|move|p1a: wata|Electro Drift|p2a: Skibidigyatt\n|-damage|p2a: Skibidigyatt|5\/100\n|-enditem|p2a: Skibidigyatt|Aguav Berry|[eat]\n|-heal|p2a: Skibidigyatt|38\/100|[from] item: Aguav Berry\n|move|p2a: Skibidigyatt|Swords Dance|p2a: Skibidigyatt\n|-boost|p2a: Skibidigyatt|atk|2\n|\n|upkeep\n|turn|2\n|\n|t:|1700171906\n|move|p1a: wata|Electro Drift|p2a: Skibidigyatt\n|-damage|p2a: Skibidigyatt|0 fnt\n|faint|p2a: Skibidigyatt\n|\n|upkeep\n|\n|t:|1700171915\n|switch|p2a: Deffas|Enamorus, F|100\/100\n|turn|3\n|\n|t:|1700171926\n|move|p1a: wata|Electro Drift|p2a: Deffas\n|-supereffective|p2a: Deffas\n|-damage|p2a: Deffas|0 fnt\n|faint|p2a: Deffas\n|\n|upkeep\n|\n|t:|1700171934\n|switch|p2a: Soonfinedowt|Arceus-Electric|100\/100\n|turn|4\n|\n|t:|1700171940\n|move|p1a: wata|Dragon Pulse|p2a: Soonfinedowt\n|-damage|p2a: Soonfinedowt|64\/100\n|move|p2a: Soonfinedowt|Light Screen|p2a: Soonfinedowt\n|-sidestart|p2: Miiiwa|move: Light Screen\n|\n|upkeep\n|turn|5\n|\n|t:|1700171962\n|switch|p1a: LIZAAD|Koraidon|100\/100\n|-weather|SunnyDay|[from] ability: Orichalcum Pulse|[of] p1a: LIZAAD\n|-activate|p1a: LIZAAD|Orichalcum Pulse|[source]\n|move|p2a: Soonfinedowt|Calm Mind|p2a: Soonfinedowt\n|-boost|p2a: Soonfinedowt|spa|1\n|-boost|p2a: Soonfinedowt|spd|1\n|\n|-weather|SunnyDay|[upkeep]\n|-fieldend|move: Electric Terrain\n|upkeep\n|turn|6\n|\n|t:|1700171981\n|move|p1a: LIZAAD|Collision Course|p2a: Soonfinedowt\n|-damage|p2a: Soonfinedowt|17\/100\n|move|p2a: Soonfinedowt|Thunder|p1a: LIZAAD\n|-resisted|p1a: LIZAAD\n|-damage|p1a: LIZAAD|61\/100\n|-status|p1a: LIZAAD|par\n|\n|-weather|SunnyDay|[upkeep]\n|upkeep\n|turn|7\n|\n|t:|1700171991\n|move|p2a: Soonfinedowt|Bug Buzz|p1a: LIZAAD\n|-resisted|p1a: LIZAAD\n|-damage|p1a: LIZAAD|44\/100 par\n|move|p1a: LIZAAD|Collision Course|p2a: Soonfinedowt\n|-damage|p2a: Soonfinedowt|0 fnt\n|faint|p2a: Soonfinedowt\n|\n|-weather|SunnyDay|[upkeep]\n|upkeep\n|\n|t:|1700172001\n|switch|p2a: Fah Ie|Slowking-Galar, M|100\/100\n|turn|8\n|\n|t:|1700172007\n|move|p1a: LIZAAD|Bulk Up|p1a: LIZAAD\n|-boost|p1a: LIZAAD|atk|1\n|-boost|p1a: LIZAAD|def|1\n|move|p2a: Fah Ie|Avalanche|p1a: LIZAAD\n|-supereffective|p1a: LIZAAD\n|-damage|p1a: LIZAAD|33\/100 par\n|\n|-weather|SunnyDay|[upkeep]\n|-sideend|p2: Miiiwa|move: Light Screen\n|upkeep\n|turn|9\n|c|\u2606HAC007|dusty gyal\n|\n|t:|1700172029\n|move|p1a: LIZAAD|Crunch|p2a: Fah Ie\n|-supereffective|p2a: Fah Ie\n|-damage|p2a: Fah Ie|0 fnt\n|faint|p2a: Fah Ie\n|\n|-weather|none\n|upkeep\n|\n|t:|1700172037\n|switch|p2a: Dehppon|Walking Wake|100\/100\n|turn|10\n|\n|t:|1700172052\n|switch|p1a: wata|Miraidon|100\/100\n|-fieldstart|move: Electric Terrain|[from] ability: Hadron Engine|[of] p1a: wata\n|move|p2a: Dehppon|Dragon Pulse|p1a: wata\n|-supereffective|p1a: wata\n|-damage|p1a: wata|34\/100\n|\n|upkeep\n|turn|11\n|\n|t:|1700172064\n|move|p1a: wata|Electro Drift|p2a: Dehppon\n|-damage|p2a: Dehppon|14\/100\n|-enditem|p2a: Dehppon|Aguav Berry|[eat]\n|-heal|p2a: Dehppon|47\/100|[from] item: Aguav Berry\n|move|p2a: Dehppon|Dragon Pulse|p1a: wata\n|-supereffective|p1a: wata\n|-damage|p1a: wata|0 fnt\n|faint|p1a: wata\n|\n|upkeep\n|\n|t:|1700172079\n|switch|p1a: ALPHA|Zacian-Crowned|100\/100\n|-ability|p1a: ALPHA|Intrepid Sword|boost\n|-boost|p1a: ALPHA|atk|1\n|turn|12\n|\n|t:|1700172088\n|move|p1a: ALPHA|Behemoth Blade|p2a: Dehppon\n|-resisted|p2a: Dehppon\n|-damage|p2a: Dehppon|8\/100\n|move|p2a: Dehppon|Flamethrower|p1a: ALPHA\n|-supereffective|p1a: ALPHA\n|-damage|p1a: ALPHA|46\/100\n|\n|upkeep\n|turn|13\n|\n|t:|1700172106\n|move|p1a: ALPHA|Behemoth Blade|p2a: Dehppon\n|-resisted|p2a: Dehppon\n|-damage|p2a: Dehppon|0 fnt\n|faint|p2a: Dehppon\n|-end|p2a: Dehppon|Protosynthesis|[silent]\n|\n|upkeep\n|\n|t:|1700172109\n|switch|p2a: Don|Kingambit, F|100\/100\n|-activate|p2a: Don|ability: Supreme Overlord\n|-start|p2a: Don|fallen5|[silent]\n|turn|14\n|\n|t:|1700172120\n|move|p1a: ALPHA|Behemoth Blade|p2a: Don\n|-resisted|p2a: Don\n|-damage|p2a: Don|71\/100\n|move|p2a: Don|Iron Head|p1a: ALPHA\n|-damage|p1a: ALPHA|0 fnt\n|faint|p1a: ALPHA\n|\n|-heal|p2a: Don|78\/100|[from] item: Leftovers\n|-fieldend|move: Electric Terrain\n|upkeep\n|\n|t:|1700172128\n|switch|p1a: Taco Bell|Ogerpon-Hearthflame, F|100\/100\n|-ability|p1a: Taco Bell|Mold Breaker\n|turn|15\n|\n|t:|1700172137\n|move|p1a: Taco Bell|Horn Leech|p2a: Don\n|-resisted|p2a: Don\n|-crit|p2a: Don\n|-damage|p2a: Don|53\/100\n|move|p2a: Don|X-Scissor|p1a: Taco Bell\n|-damage|p1a: Taco Bell|50\/100\n|\n|-heal|p2a: Don|59\/100|[from] item: Leftovers\n|upkeep\n|turn|16\n|\n|t:|1700172152\n|move|p1a: Taco Bell|Lash Out|p2a: Don\n|-resisted|p2a: Don\n|-damage|p2a: Don|49\/100\n|move|p2a: Don|Kowtow Cleave|p1a: Taco Bell\n|-damage|p1a: Taco Bell|0 fnt\n|faint|p1a: Taco Bell\n|\n|-heal|p2a: Don|55\/100|[from] item: Leftovers\n|upkeep\n|\n|t:|1700172157\n|switch|p1a: ...|Calyrex-Shadow|100\/100\n|-ability|p1a: ...|As One\n|-ability|p1a: ...|Unnerve\n|turn|17\n|\n|t:|1700172163\n|move|p1a: ...|Calm Mind|p1a: ...\n|-boost|p1a: ...|spa|1\n|-boost|p1a: ...|spd|1\n|move|p2a: Don|Kowtow Cleave|p1a: ...\n|-supereffective|p1a: ...\n|-damage|p1a: ...|0 fnt\n|faint|p1a: ...\n|\n|-heal|p2a: Don|61\/100|[from] item: Leftovers\n|upkeep\n|\n|t:|1700172170\n|switch|p1a: Kakashi|Greninja, M|100\/100\n|turn|18\n|\n|t:|1700172180\n|-terastallize|p1a: Kakashi|Water\n|move|p1a: Kakashi|Hydro Pump|p2a: Don\n|-damage|p2a: Don|11\/100\n|move|p2a: Don|X-Scissor|p1a: Kakashi\n|-damage|p1a: Kakashi|48\/100\n|\n|-heal|p2a: Don|17\/100|[from] item: Leftovers\n|upkeep\n|turn|19\n|\n|t:|1700172198\n|move|p1a: Kakashi|Hydro Pump|p2a: Don|[miss]\n|-miss|p1a: Kakashi|p2a: Don\n|move|p2a: Don|Iron Head|p1a: Kakashi\n|-resisted|p1a: Kakashi\n|-damage|p1a: Kakashi|9\/100\n|-enditem|p1a: Kakashi|Aguav Berry|[eat]\n|-heal|p1a: Kakashi|42\/100|[from] item: Aguav Berry\n|\n|-heal|p2a: Don|23\/100|[from] item: Leftovers\n|upkeep\n|turn|20\n|\n|t:|1700172206\n|move|p1a: Kakashi|Water Shuriken|p2a: Don\n|-damage|p2a: Don|16\/100\n|-damage|p2a: Don|10\/100\n|-damage|p2a: Don|3\/100\n|-hitcount|p2a: Don|3\n|move|p2a: Don|Kowtow Cleave|p1a: Kakashi\n|-damage|p1a: Kakashi|0 fnt\n|faint|p1a: Kakashi\n|\n|-heal|p2a: Don|9\/100|[from] item: Leftovers\n|upkeep\n|\n|t:|1700172215\n|switch|p1a: LIZAAD|Koraidon|33\/100 par\n|-weather|SunnyDay|[from] ability: Orichalcum Pulse|[of] p1a: LIZAAD\n|-activate|p1a: LIZAAD|Orichalcum Pulse|[source]\n|turn|21\n|\n|t:|1700172236\n|move|p1a: LIZAAD|Collision Course|p2a: Don\n|-supereffective|p2a: Don\n|-damage|p2a: Don|0 fnt\n|faint|p2a: Don\n|-end|p2a: Don|fallen5|[silent]\n|\n|win|HAC007\n","uploadtime":1700172245,"views":14,"p1id":"hac007","p2id":"miiiwa","formatid":"gen9anythinggoes","rating":0,"private":0,"password":""}