{"id":"gen9anythinggoes-1975441466","p1":"Nathanore5450","p2":"zutterman","format":"[Gen 9] Anything Goes","log":"|j|\u2606Nathanore5450\n|j|\u2606zutterman\n|t:|1698191679\n|gametype|singles\n|player|p1|Nathanore5450|n|\n|player|p2|zutterman|101|\n|teamsize|p1|6\n|teamsize|p2|6\n|gen|9\n|tier|[Gen 9] Anything Goes\n|rule|HP Percentage Mod: HP is shown in percentages\n|rule|Endless Battle Clause: Forcing endless battles is banned\n|clearpoke\n|poke|p1|Iron Valiant|\n|poke|p1|Bisharp, M|\n|poke|p1|Skeledirge, M|\n|poke|p1|Umbreon, F|\n|poke|p1|Sandaconda, F|\n|poke|p1|Tatsugiri, F|\n|poke|p2|Pincurchin, M|\n|poke|p2|Baxcalibur, F|\n|poke|p2|Torterra, F|\n|poke|p2|Moltres|\n|poke|p2|Volcanion|\n|poke|p2|Muk, M|\n|teampreview\n|\n|t:|1698191681\n|start\n|switch|p1a: Sandaconda|Sandaconda, F|100\/100\n|switch|p2a: QUINNING|Volcanion|100\/100\n|turn|1\n|\n|t:|1698191686\n|-terastallize|p1a: Sandaconda|Dragon\n|move|p2a: QUINNING|Steam Eruption|p1a: Sandaconda\n|-resisted|p1a: Sandaconda\n|-damage|p1a: Sandaconda|58\/100\n|move|p1a: Sandaconda|Glare|p2a: QUINNING\n|-status|p2a: QUINNING|par\n|\n|-heal|p1a: Sandaconda|64\/100|[from] item: Leftovers\n|upkeep\n|turn|2\n|\n|t:|1698191696\n|switch|p2a: hug me n|Moltres|100\/100\n|move|p1a: Sandaconda|Stealth Rock|p2a: hug me n\n|-sidestart|p2: zutterman|move: Stealth Rock\n|\n|-heal|p1a: Sandaconda|70\/100|[from] item: Leftovers\n|upkeep\n|turn|3\n|\n|t:|1698191708\n|switch|p1a: skellerton|Skeledirge, M|100\/100\n|move|p2a: hug me n|Will-O-Wisp|p1a: skellerton\n|-immune|p1a: skellerton\n|\n|upkeep\n|turn|4\n|\n|t:|1698191715\n|move|p2a: hug me n|Hurricane|p1a: skellerton\n|-damage|p1a: skellerton|49\/100\n|-start|p1a: skellerton|confusion\n|-activate|p1a: skellerton|confusion\n|-damage|p1a: skellerton|46\/100|[from] confusion\n|\n|-heal|p1a: skellerton|52\/100|[from] item: Leftovers\n|upkeep\n|turn|5\n|\n|t:|1698191722\n|move|p2a: hug me n|Hurricane|p1a: skellerton\n|-damage|p1a: skellerton|6\/100\n|-activate|p1a: skellerton|confusion\n|move|p1a: skellerton|Slack Off|p1a: skellerton\n|-heal|p1a: skellerton|56\/100\n|\n|-heal|p1a: skellerton|62\/100|[from] item: Leftovers\n|upkeep\n|turn|6\n|\n|t:|1698191734\n|switch|p1a: cade word|Umbreon, F|100\/100\n|move|p2a: hug me n|Hurricane|p1a: cade word|[miss]\n|-miss|p2a: hug me n|p1a: cade word\n|\n|upkeep\n|turn|7\n|\n|t:|1698191740\n|move|p2a: hug me n|U-turn|p1a: cade word\n|-supereffective|p1a: cade word\n|-damage|p1a: cade word|76\/100\n|\n|t:|1698191742\n|switch|p2a: umbreon no umbreon|Muk, M|100\/100|[from] U-turn\n|-damage|p2a: umbreon no umbreon|88\/100|[from] Stealth Rock\n|move|p1a: cade word|Wish|p1a: cade word\n|\n|-heal|p1a: cade word|82\/100|[from] item: Leftovers\n|upkeep\n|turn|8\n|\n|t:|1698191749\n|switch|p1a: Sandaconda|Sandaconda, F, tera:Dragon|70\/100\n|move|p2a: umbreon no umbreon|Knock Off|p1a: Sandaconda\n|-damage|p1a: Sandaconda|57\/100\n|-enditem|p1a: Sandaconda|Leftovers|[from] move: Knock Off|[of] p2a: umbreon no umbreon\n|\n|-heal|p1a: Sandaconda|100\/100|[from] move: Wish|[wisher] cade word\n|upkeep\n|turn|9\n|\n|t:|1698191763\n|move|p1a: Sandaconda|Glare|p2a: umbreon no umbreon\n|-status|p2a: umbreon no umbreon|par\n|cant|p2a: umbreon no umbreon|par\n|\n|upkeep\n|turn|10\n|\n|t:|1698191773\n|move|p1a: Sandaconda|Earthquake|p2a: umbreon no umbreon\n|-supereffective|p2a: umbreon no umbreon\n|-damage|p2a: umbreon no umbreon|24\/100 par\n|move|p2a: umbreon no umbreon|Ice Punch|p1a: Sandaconda\n|-supereffective|p1a: Sandaconda\n|-damage|p1a: Sandaconda|78\/100\n|\n|upkeep\n|turn|11\n|\n|t:|1698191780\n|switch|p2a: hug me n|Moltres|100\/100\n|move|p1a: Sandaconda|Glare|p2a: hug me n\n|-status|p2a: hug me n|par\n|\n|upkeep\n|turn|12\n|\n|t:|1698191799\n|switch|p1a: cade word|Umbreon, F|82\/100\n|move|p2a: hug me n|Hurricane|p1a: cade word\n|-damage|p1a: cade word|60\/100\n|-start|p1a: cade word|confusion\n|\n|-heal|p1a: cade word|66\/100|[from] item: Leftovers\n|upkeep\n|turn|13\n|\n|t:|1698191810\n|-activate|p1a: cade word|confusion\n|-damage|p1a: cade word|62\/100|[from] confusion\n|move|p2a: hug me n|U-turn|p1a: cade word\n|-supereffective|p1a: cade word\n|-damage|p1a: cade word|39\/100\n|\n|t:|1698191816\n|switch|p2a: QUINNING|Volcanion|100\/100 par|[from] U-turn\n|-damage|p2a: QUINNING|76\/100 par|[from] Stealth Rock\n|\n|-heal|p1a: cade word|45\/100|[from] item: Leftovers\n|upkeep\n|turn|14\n|\n|t:|1698191822\n|switch|p1a: Tatsugiri|Tatsugiri, F|100\/100\n|cant|p2a: QUINNING|par\n|\n|upkeep\n|turn|15\n|\n|t:|1698191829\n|switch|p2a: faze won +$|Pincurchin, M, shiny|100\/100\n|-damage|p2a: faze won +$|88\/100|[from] Stealth Rock\n|move|p1a: Tatsugiri|Draco Meteor|p2a: faze won +$\n|-damage|p2a: faze won +$|12\/100\n|-unboost|p1a: Tatsugiri|spa|2\n|\n|-heal|p2a: faze won +$|18\/100|[from] item: Leftovers\n|upkeep\n|turn|16\n|\n|t:|1698191837\n|move|p1a: Tatsugiri|Draco Meteor|p2a: faze won +$\n|-crit|p2a: faze won +$\n|-damage|p2a: faze won +$|0 fnt\n|-unboost|p1a: Tatsugiri|spa|2\n|faint|p2a: faze won +$\n|\n|upkeep\n|\n|t:|1698191856\n|switch|p2a: Quinnurtle|Torterra, F|100\/100\n|-damage|p2a: Quinnurtle|94\/100|[from] Stealth Rock\n|turn|17\n|\n|t:|1698191869\n|switch|p1a: skellerton|Skeledirge, M|62\/100\n|-terastallize|p2a: Quinnurtle|Ground\n|move|p2a: Quinnurtle|Shell Smash|p2a: Quinnurtle\n|-unboost|p2a: Quinnurtle|def|1\n|-unboost|p2a: Quinnurtle|spd|1\n|-boost|p2a: Quinnurtle|atk|2\n|-boost|p2a: Quinnurtle|spa|2\n|-boost|p2a: Quinnurtle|spe|2\n|\n|-heal|p1a: skellerton|68\/100|[from] item: Leftovers\n|upkeep\n|turn|18\n|\n|t:|1698191879\n|move|p2a: Quinnurtle|Rock Blast|p1a: skellerton\n|-supereffective|p1a: skellerton\n|-crit|p1a: skellerton\n|-damage|p1a: skellerton|54\/100\n|-supereffective|p1a: skellerton\n|-damage|p1a: skellerton|44\/100\n|-supereffective|p1a: skellerton\n|-damage|p1a: skellerton|33\/100\n|-supereffective|p1a: skellerton\n|-damage|p1a: skellerton|23\/100\n|-supereffective|p1a: skellerton\n|-damage|p1a: skellerton|13\/100\n|-hitcount|p1a: skellerton|5\n|move|p1a: skellerton|Yawn|p2a: Quinnurtle\n|-start|p2a: Quinnurtle|move: Yawn|[of] p1a: skellerton\n|\n|-heal|p1a: skellerton|19\/100|[from] item: Leftovers\n|upkeep\n|turn|19\n|\n|t:|1698191903\n|switch|p2a: hug me n|Moltres|100\/100 par\n|move|p1a: skellerton|Slack Off|p1a: skellerton\n|-heal|p1a: skellerton|69\/100\n|\n|-heal|p1a: skellerton|75\/100|[from] item: Leftovers\n|upkeep\n|turn|20\n|\n|t:|1698191909\n|move|p1a: skellerton|Shadow Ball|p2a: hug me n\n|-damage|p2a: hug me n|70\/100 par\n|move|p2a: hug me n|Hurricane|p1a: skellerton\n|-damage|p1a: skellerton|23\/100\n|\n|-heal|p1a: skellerton|29\/100|[from] item: Leftovers\n|upkeep\n|turn|21\n|\n|t:|1698191938\n|move|p1a: skellerton|Slack Off|p1a: skellerton\n|-heal|p1a: skellerton|79\/100\n|move|p2a: hug me n|Hurricane|p1a: skellerton\n|-damage|p1a: skellerton|34\/100\n|\n|-heal|p1a: skellerton|40\/100|[from] item: Leftovers\n|upkeep\n|turn|22\n|\n|t:|1698191947\n|move|p1a: skellerton|Slack Off|p1a: skellerton\n|-heal|p1a: skellerton|91\/100\n|move|p2a: hug me n|Hurricane|p1a: skellerton|[miss]\n|-miss|p2a: hug me n|p1a: skellerton\n|\n|-heal|p1a: skellerton|97\/100|[from] item: Leftovers\n|upkeep\n|turn|23\n|\n|t:|1698191959\n|move|p1a: skellerton|Torch Song|p2a: hug me n\n|-resisted|p2a: hug me n\n|-damage|p2a: hug me n|53\/100 par\n|-boost|p1a: skellerton|spa|1\n|move|p2a: hug me n|U-turn|p1a: skellerton\n|-resisted|p1a: skellerton\n|-damage|p1a: skellerton|94\/100\n|\n|t:|1698191966\n|switch|p2a: QUINNING|Volcanion|76\/100 par|[from] U-turn\n|-damage|p2a: QUINNING|51\/100 par|[from] Stealth Rock\n|\n|-heal|p1a: skellerton|100\/100|[from] item: Leftovers\n|upkeep\n|turn|24\n|\n|t:|1698191982\n|move|p2a: QUINNING|Steam Eruption|p1a: skellerton\n|-supereffective|p1a: skellerton\n|-damage|p1a: skellerton|0 fnt\n|faint|p1a: skellerton\n|\n|upkeep\n|\n|t:|1698191985\n|switch|p1a: Tatsugiri|Tatsugiri, F|100\/100\n|turn|25\n|\n|t:|1698191990\n|switch|p2a: hug me n|Moltres|53\/100 par\n|move|p1a: Tatsugiri|Dragon Pulse|p2a: hug me n\n|-damage|p2a: hug me n|10\/100 par\n|\n|upkeep\n|turn|26\n|\n|t:|1698191998\n|move|p1a: Tatsugiri|Dragon Pulse|p2a: hug me n\n|-damage|p2a: hug me n|0 fnt\n|faint|p2a: hug me n\n|\n|upkeep\n|\n|t:|1698192009\n|switch|p2a: baxcadeibur|Baxcalibur, F|100\/100\n|-damage|p2a: baxcadeibur|76\/100|[from] Stealth Rock\n|turn|27\n|\n|t:|1698192013\n|move|p1a: Tatsugiri|Dragon Pulse|p2a: baxcadeibur\n|-supereffective|p2a: baxcadeibur\n|-damage|p2a: baxcadeibur|0 fnt\n|faint|p2a: baxcadeibur\n|\n|upkeep\n|\n|t:|1698192022\n|switch|p2a: Quinnurtle|Torterra, F, tera:Ground|94\/100\n|-damage|p2a: Quinnurtle|88\/100|[from] Stealth Rock\n|turn|28\n|\n|t:|1698192026\n|move|p1a: Tatsugiri|Dragon Pulse|p2a: Quinnurtle\n|-damage|p2a: Quinnurtle|38\/100\n|move|p2a: Quinnurtle|Shell Smash|p2a: Quinnurtle\n|-unboost|p2a: Quinnurtle|def|1\n|-unboost|p2a: Quinnurtle|spd|1\n|-boost|p2a: Quinnurtle|atk|2\n|-boost|p2a: Quinnurtle|spa|2\n|-boost|p2a: Quinnurtle|spe|2\n|\n|upkeep\n|turn|29\n|\n|t:|1698192037\n|move|p1a: Tatsugiri|Dragon Pulse|p2a: Quinnurtle\n|-damage|p2a: Quinnurtle|0 fnt\n|faint|p2a: Quinnurtle\n|\n|upkeep\n|\n|t:|1698192055\n|switch|p2a: QUINNING|Volcanion|51\/100 par\n|-damage|p2a: QUINNING|26\/100 par|[from] Stealth Rock\n|turn|30\n|\n|t:|1698192060\n|move|p1a: Tatsugiri|Dragon Pulse|p2a: QUINNING\n|-damage|p2a: QUINNING|0 fnt\n|faint|p2a: QUINNING\n|\n|upkeep\n|\n|t:|1698192063\n|switch|p2a: umbreon no umbreon|Muk, M|24\/100 par\n|-damage|p2a: umbreon no umbreon|12\/100 par|[from] Stealth Rock\n|turn|31\n|\n|t:|1698192068\n|move|p1a: Tatsugiri|Dragon Pulse|p2a: umbreon no umbreon\n|-damage|p2a: umbreon no umbreon|0 fnt\n|faint|p2a: umbreon no umbreon\n|\n|win|Nathanore5450\n|l|\u2606zutterman\n|c|\u2606Nathanore5450|gg\n","uploadtime":1698192073,"views":5,"p1id":"nathanore5450","p2id":"zutterman","formatid":"gen9anythinggoes","rating":0,"private":0,"password":""}