{"id":"gen9anythinggoes-1981350791","p1":"Larooni","p2":"garaj","format":"[Gen 9] Anything Goes","log":"|j|\u2606Larooni\n|j|\u2606garaj\n|t:|1698886419\n|gametype|singles\n|player|p1|Larooni|doctor|1367\n|player|p2|garaj|102|1313\n|teamsize|p1|6\n|teamsize|p2|6\n|gen|9\n|tier|[Gen 9] Anything Goes\n|rated|\n|rule|HP Percentage Mod: HP is shown in percentages\n|rule|Endless Battle Clause: Forcing endless battles is banned\n|clearpoke\n|poke|p1|Calyrex-Shadow|\n|poke|p1|Frosmoth, M|\n|poke|p1|Koraidon|\n|poke|p1|Miraidon|\n|poke|p1|Darkrai|\n|poke|p1|Zacian-*|\n|poke|p2|Calyrex-Shadow|\n|poke|p2|Ditto|\n|poke|p2|Zacian-*|\n|poke|p2|Groudon|\n|poke|p2|Articuno|\n|poke|p2|Arceus-Dragon|\n|teampreview\n|inactive|Battle timer is ON: inactive players will automatically lose when time's up. (requested by Larooni)\n|\n|t:|1698886426\n|start\n|switch|p1a: Miraidon|Miraidon|100\/100\n|switch|p2a: Articuno|Articuno|100\/100\n|-fieldstart|move: Electric Terrain|[from] ability: Hadron Engine|[of] p1a: Miraidon\n|turn|1\n|\n|t:|1698886430\n|move|p1a: Miraidon|Volt Switch|p2a: Articuno\n|-supereffective|p2a: Articuno\n|-enditem|p2a: Articuno|Focus Sash\n|-damage|p2a: Articuno|1\/100\n|\n|t:|1698886435\n|switch|p1a: Frosmoth|Frosmoth, M|100\/100|[from] Volt Switch\n|move|p2a: Articuno|Agility|p2a: Articuno\n|-boost|p2a: Articuno|spe|2\n|\n|upkeep\n|turn|2\n|\n|t:|1698886444\n|move|p2a: Articuno|Sheer Cold|p1a: Frosmoth\n|-immune|p1a: Frosmoth|[ohko]\n|move|p1a: Frosmoth|Quiver Dance|p1a: Frosmoth\n|-boost|p1a: Frosmoth|spa|1\n|-boost|p1a: Frosmoth|spd|1\n|-boost|p1a: Frosmoth|spe|1\n|\n|upkeep\n|turn|3\n|\n|t:|1698886453\n|move|p2a: Articuno|Snowscape|p2a: Articuno\n|-weather|Snow\n|move|p1a: Frosmoth|Quiver Dance|p1a: Frosmoth\n|-boost|p1a: Frosmoth|spa|1\n|-boost|p1a: Frosmoth|spd|1\n|-boost|p1a: Frosmoth|spe|1\n|\n|-weather|Snow|[upkeep]\n|upkeep\n|turn|4\n|\n|t:|1698886458\n|move|p2a: Articuno|Ice Beam|p1a: Frosmoth\n|-resisted|p1a: Frosmoth\n|-damage|p1a: Frosmoth|95\/100\n|move|p1a: Frosmoth|Quiver Dance|p1a: Frosmoth\n|-boost|p1a: Frosmoth|spa|1\n|-boost|p1a: Frosmoth|spd|1\n|-boost|p1a: Frosmoth|spe|1\n|\n|-weather|Snow|[upkeep]\n|upkeep\n|turn|5\n|\n|t:|1698886462\n|move|p1a: Frosmoth|Quiver Dance|p1a: Frosmoth\n|-boost|p1a: Frosmoth|spa|1\n|-boost|p1a: Frosmoth|spd|1\n|-boost|p1a: Frosmoth|spe|1\n|move|p2a: Articuno|Agility|p2a: Articuno\n|-boost|p2a: Articuno|spe|2\n|\n|-weather|Snow|[upkeep]\n|-fieldend|move: Electric Terrain\n|upkeep\n|turn|6\n|\n|t:|1698886466\n|move|p2a: Articuno|Agility|p2a: Articuno\n|-boost|p2a: Articuno|spe|2\n|move|p1a: Frosmoth|Ice Beam|p2a: Articuno\n|-damage|p2a: Articuno|0 fnt\n|faint|p2a: Articuno\n|\n|-weather|Snow|[upkeep]\n|upkeep\n|\n|t:|1698886481\n|switch|p2a: Groudon|Groudon|100\/100\n|-weather|SunnyDay|[from] ability: Drought|[of] p2a: Groudon\n|turn|7\n|\n|t:|1698886485\n|move|p1a: Frosmoth|Stun Spore|p2a: Groudon\n|-status|p2a: Groudon|par\n|cant|p2a: Groudon|par\n|\n|-weather|SunnyDay|[upkeep]\n|upkeep\n|turn|8\n|\n|t:|1698886492\n|move|p1a: Frosmoth|Bug Buzz|p2a: Groudon\n|-enditem|p2a: Groudon|Focus Sash\n|-damage|p2a: Groudon|1\/100 par\n|move|p2a: Groudon|Heat Crash|p1a: Frosmoth\n|-supereffective|p1a: Frosmoth\n|-damage|p1a: Frosmoth|0 fnt\n|faint|p1a: Frosmoth\n|\n|-weather|SunnyDay|[upkeep]\n|upkeep\n|\n|t:|1698886499\n|switch|p1a: Darkrai|Darkrai|100\/100\n|turn|9\n|\n|t:|1698886508\n|move|p1a: Darkrai|Dark Pulse|p2a: Groudon\n|-damage|p2a: Groudon|0 fnt\n|faint|p2a: Groudon\n|\n|-weather|SunnyDay|[upkeep]\n|upkeep\n|\n|t:|1698886521\n|switch|p2a: Zacian|Zacian-Crowned|100\/100\n|-ability|p2a: Zacian|Intrepid Sword|boost\n|-boost|p2a: Zacian|atk|1\n|turn|10\n|\n|t:|1698886525\n|switch|p1a: Zacian|Zacian|100\/100\n|-ability|p1a: Zacian|Intrepid Sword|boost\n|-boost|p1a: Zacian|atk|1\n|move|p2a: Zacian|Play Rough|p1a: Zacian|[miss]\n|-miss|p2a: Zacian|p1a: Zacian\n|\n|-weather|SunnyDay|[upkeep]\n|upkeep\n|turn|11\n|\n|t:|1698886533\n|move|p1a: Zacian|Iron Head|p2a: Zacian\n|-damage|p2a: Zacian|60\/100\n|cant|p2a: Zacian|flinch\n|\n|-weather|none\n|upkeep\n|turn|12\n|\n|t:|1698886538\n|move|p1a: Zacian|Iron Head|p2a: Zacian\n|-damage|p2a: Zacian|19\/100\n|cant|p2a: Zacian|flinch\n|\n|upkeep\n|turn|13\n|c|\u2606Larooni|The power of bonk\n|\n|t:|1698886549\n|move|p1a: Zacian|Iron Head|p2a: Zacian\n|-damage|p2a: Zacian|0 fnt\n|faint|p2a: Zacian\n|\n|upkeep\n|c|\u2606garaj|NICE\n|\n|t:|1698886557\n|switch|p2a: Arceus|Arceus-Dragon|100\/100\n|turn|14\n|\n|t:|1698886570\n|switch|p2a: Calyrex|Calyrex-Shadow|100\/100\n|-ability|p2a: Calyrex|As One\n|-ability|p2a: Calyrex|Unnerve\n|move|p1a: Zacian|Iron Head|p2a: Calyrex\n|-damage|p2a: Calyrex|45\/100\n|\n|upkeep\n|turn|15\n|\n|t:|1698886579\n|move|p1a: Zacian|Iron Head|p2a: Calyrex\n|-damage|p2a: Calyrex|0 fnt\n|faint|p2a: Calyrex\n|\n|upkeep\n|\n|t:|1698886589\n|switch|p2a: Ditto|Ditto|100\/100\n|-transform|p2a: Ditto|p1a: Zacian|[from] ability: Imposter\n|-ability|p2a: Ditto|Intrepid Sword|boost\n|-boost|p2a: Ditto|atk|1\n|turn|16\n|c|\u2606Larooni|Bonk\n|\n|t:|1698886594\n|move|p1a: Zacian|Iron Head|p2a: Ditto\n|-supereffective|p2a: Ditto\n|-damage|p2a: Ditto|18\/100\n|cant|p2a: Ditto|flinch\n|\n|upkeep\n|turn|17\n|\n|t:|1698886604\n|move|p1a: Zacian|Iron Head|p2a: Ditto\n|-supereffective|p2a: Ditto\n|-damage|p2a: Ditto|0 fnt\n|faint|p2a: Ditto\n|\n|upkeep\n|c|\u2606Larooni|Bonk\n|\n|t:|1698886609\n|switch|p2a: Arceus|Arceus-Dragon|100\/100\n|turn|18\n|\n|t:|1698886612\n|move|p1a: Zacian|Iron Head|p2a: Arceus\n|-damage|p2a: Arceus|68\/100\n|move|p2a: Arceus|Dragon Dance|p2a: Arceus\n|-boost|p2a: Arceus|atk|1\n|-boost|p2a: Arceus|spe|1\n|\n|upkeep\n|turn|19\n|\n|t:|1698886619\n|move|p1a: Zacian|Iron Head|p2a: Arceus\n|-damage|p2a: Arceus|34\/100\n|move|p2a: Arceus|Dragon Dance|p2a: Arceus\n|-boost|p2a: Arceus|atk|1\n|-boost|p2a: Arceus|spe|1\n|\n|upkeep\n|turn|20\n|\n|t:|1698886624\n|move|p2a: Arceus|Recover|p2a: Arceus\n|-heal|p2a: Arceus|84\/100\n|move|p1a: Zacian|Iron Head|p2a: Arceus\n|-damage|p2a: Arceus|52\/100\n|\n|upkeep\n|turn|21\n|\n|t:|1698886626\n|move|p2a: Arceus|Dragon Dance|p2a: Arceus\n|-boost|p2a: Arceus|atk|1\n|-boost|p2a: Arceus|spe|1\n|move|p1a: Zacian|Iron Head|p2a: Arceus\n|-damage|p2a: Arceus|18\/100\n|\n|upkeep\n|turn|22\n|\n|t:|1698886628\n|move|p2a: Arceus|Recover|p2a: Arceus\n|-heal|p2a: Arceus|68\/100\n|move|p1a: Zacian|Iron Head|p2a: Arceus\n|-damage|p2a: Arceus|33\/100\n|\n|upkeep\n|turn|23\n|\n|t:|1698886630\n|move|p2a: Arceus|Recover|p2a: Arceus\n|-heal|p2a: Arceus|83\/100\n|move|p1a: Zacian|Iron Head|p2a: Arceus\n|-damage|p2a: Arceus|52\/100\n|\n|upkeep\n|turn|24\n|\n|t:|1698886633\n|move|p2a: Arceus|Dragon Dance|p2a: Arceus\n|-boost|p2a: Arceus|atk|1\n|-boost|p2a: Arceus|spe|1\n|move|p1a: Zacian|Iron Head|p2a: Arceus\n|-damage|p2a: Arceus|18\/100\n|\n|upkeep\n|turn|25\n|\n|t:|1698886635\n|move|p2a: Arceus|Recover|p2a: Arceus\n|-heal|p2a: Arceus|68\/100\n|move|p1a: Zacian|Iron Head|p2a: Arceus\n|-damage|p2a: Arceus|34\/100\n|\n|upkeep\n|turn|26\n|\n|t:|1698886638\n|move|p2a: Arceus|Recover|p2a: Arceus\n|-heal|p2a: Arceus|84\/100\n|move|p1a: Zacian|Iron Head|p2a: Arceus\n|-damage|p2a: Arceus|49\/100\n|\n|upkeep\n|turn|27\n|\n|t:|1698886643\n|move|p2a: Arceus|Recover|p2a: Arceus\n|-heal|p2a: Arceus|99\/100\n|move|p1a: Zacian|Iron Head|p2a: Arceus\n|-damage|p2a: Arceus|65\/100\n|\n|upkeep\n|turn|28\n|\n|t:|1698886648\n|move|p2a: Arceus|Dragon Dance|p2a: Arceus\n|-boost|p2a: Arceus|atk|1\n|-boost|p2a: Arceus|spe|1\n|move|p1a: Zacian|Iron Head|p2a: Arceus\n|-damage|p2a: Arceus|30\/100\n|\n|upkeep\n|turn|29\n|\n|t:|1698886650\n|move|p2a: Arceus|Recover|p2a: Arceus\n|-heal|p2a: Arceus|80\/100\n|move|p1a: Zacian|Iron Head|p2a: Arceus\n|-damage|p2a: Arceus|47\/100\n|\n|upkeep\n|turn|30\n|\n|t:|1698886656\n|move|p2a: Arceus|Recover|p2a: Arceus\n|-heal|p2a: Arceus|97\/100\n|move|p1a: Zacian|Iron Head|p2a: Arceus\n|-damage|p2a: Arceus|64\/100\n|\n|upkeep\n|turn|31\n|\n|t:|1698886658\n|move|p2a: Arceus|Dragon Dance|p2a: Arceus\n|-boost|p2a: Arceus|atk|1\n|-boost|p2a: Arceus|spe|1\n|move|p1a: Zacian|Iron Head|p2a: Arceus\n|-damage|p2a: Arceus|29\/100\n|\n|upkeep\n|turn|32\n|\n|t:|1698886662\n|move|p2a: Arceus|Extreme Speed|p1a: Zacian\n|-damage|p1a: Zacian|10\/100\n|move|p1a: Zacian|Iron Head|p2a: Arceus\n|-damage|p2a: Arceus|0 fnt\n|faint|p2a: Arceus\n|\n|win|Larooni\n|raw|Larooni's rating: 1367 &rarr; <strong>1384<\/strong><br \/>(+17 for winning)\n|raw|garaj's rating: 1313 &rarr; <strong>1296<\/strong><br \/>(-17 for losing)\n|c|\u2606Larooni|B o n k\n|c|\u2606garaj|what\n|l|\u2606garaj\n","uploadtime":1698886687,"views":13,"p1id":"larooni","p2id":"garaj","formatid":"gen9anythinggoes","rating":1296,"private":0,"password":""}