{"id":"gen9anythinggoes-1982863863","p1":"DKINABENZ","p2":"JayzonAlcantara","format":"[Gen 9] Anything Goes","log":"|j|\u2606DKINABENZ\n|j|\u2606JayzonAlcantara\n|t:|1699052566\n|gametype|singles\n|player|p1|DKINABENZ|2|1071\n|player|p2|JayzonAlcantara|giovanni|1151\n|teamsize|p1|6\n|teamsize|p2|6\n|gen|9\n|tier|[Gen 9] Anything Goes\n|rated|\n|rule|HP Percentage Mod: HP is shown in percentages\n|rule|Endless Battle Clause: Forcing endless battles is banned\n|clearpoke\n|poke|p1|Meowscarada, M|\n|poke|p1|Pawmot, F|\n|poke|p1|Quaquaval, F|\n|poke|p1|Skeledirge, M|\n|poke|p1|Clodsire, F|\n|poke|p1|Orthworm, M|\n|poke|p2|Maushold-Four|\n|poke|p2|Maushold-Four|\n|poke|p2|Maushold-Four|\n|poke|p2|Cloyster, F|\n|poke|p2|Weavile, M|\n|poke|p2|Zacian-*|\n|teampreview\n|\n|t:|1699052576\n|start\n|switch|p1a: Quaquaval|Quaquaval, F|100\/100\n|switch|p2a: Maushold|Maushold-Four|100\/100\n|turn|1\n|c|\u2606JayzonAlcantara|Maushold\n|\n|t:|1699052587\n|move|p2a: Maushold|Population Bomb|p1a: Quaquaval\n|-damage|p1a: Quaquaval|84\/100\n|-damage|p1a: Quaquaval|69\/100\n|-damage|p1a: Quaquaval|51\/100\n|-damage|p1a: Quaquaval|36\/100\n|-damage|p1a: Quaquaval|19\/100\n|-damage|p1a: Quaquaval|4\/100\n|-damage|p1a: Quaquaval|0 fnt\n|faint|p1a: Quaquaval\n|-hitcount|p1: Quaquaval|7\n|\n|upkeep\n|\n|t:|1699052607\n|switch|p1a: Orthworm|Orthworm, M|100\/100\n|turn|2\n|\n|t:|1699052614\n|move|p2a: Maushold|Tidy Up|p2a: Maushold\n|-boost|p2a: Maushold|atk|1\n|-boost|p2a: Maushold|spe|1\n|move|p1a: Orthworm|Shed Tail|p1a: Orthworm\n|-start|p1a: Orthworm|Substitute|[from] move: Shed Tail\n|-damage|p1a: Orthworm|50\/100\n|\n|t:|1699052617\n|switch|p1a: Pawmot|Pawmot, F|100\/100|[from] Shed Tail\n|\n|upkeep\n|turn|3\n|\n|t:|1699052624\n|move|p2a: Maushold|Population Bomb|p1a: Pawmot\n|-end|p1a: Pawmot|Substitute\n|-damage|p1a: Pawmot|70\/100\n|-damage|p1a: Pawmot|42\/100\n|-damage|p1a: Pawmot|12\/100\n|-damage|p1a: Pawmot|0 fnt\n|faint|p1a: Pawmot\n|-hitcount|p1: Pawmot|5\n|\n|upkeep\n|\n|t:|1699052636\n|switch|p1a: Skeledirge|Skeledirge, M|100\/100\n|turn|4\n|c|\u2606JayzonAlcantara|Maushold\n|\n|t:|1699052644\n|move|p2a: Maushold|Beat Up|p1a: Skeledirge\n|-supereffective|p1a: Skeledirge\n|-damage|p1a: Skeledirge|92\/100\n|-supereffective|p1a: Skeledirge\n|-damage|p1a: Skeledirge|84\/100\n|-supereffective|p1a: Skeledirge\n|-damage|p1a: Skeledirge|76\/100\n|-supereffective|p1a: Skeledirge\n|-damage|p1a: Skeledirge|67\/100\n|-supereffective|p1a: Skeledirge\n|-damage|p1a: Skeledirge|56\/100\n|-supereffective|p1a: Skeledirge\n|-damage|p1a: Skeledirge|44\/100\n|-hitcount|p1a: Skeledirge|6\n|move|p1a: Skeledirge|Earthquake|p2a: Maushold\n|-damage|p2a: Maushold|70\/100\n|\n|-heal|p1a: Skeledirge|50\/100|[from] item: Leftovers\n|upkeep\n|turn|5\n|\n|t:|1699052659\n|move|p2a: Maushold|Beat Up|p1a: Skeledirge\n|-supereffective|p1a: Skeledirge\n|-damage|p1a: Skeledirge|42\/100\n|-supereffective|p1a: Skeledirge\n|-damage|p1a: Skeledirge|35\/100\n|-supereffective|p1a: Skeledirge\n|-damage|p1a: Skeledirge|27\/100\n|-supereffective|p1a: Skeledirge\n|-damage|p1a: Skeledirge|19\/100\n|-supereffective|p1a: Skeledirge\n|-damage|p1a: Skeledirge|9\/100\n|-supereffective|p1a: Skeledirge\n|-damage|p1a: Skeledirge|0 fnt\n|faint|p1a: Skeledirge\n|-hitcount|p1: Skeledirge|6\n|\n|upkeep\n|\n|t:|1699052674\n|switch|p1a: Meowscarada|Meowscarada, M|100\/100\n|turn|6\n|\n|t:|1699052678\n|move|p2a: Maushold|Population Bomb|p1a: Meowscarada\n|-damage|p1a: Meowscarada|74\/100\n|-damage|p1a: Meowscarada|45\/100\n|-damage|p1a: Meowscarada|16\/100\n|-damage|p1a: Meowscarada|0 fnt\n|faint|p1a: Meowscarada\n|-hitcount|p1: Meowscarada|4\n|\n|upkeep\n|\n|t:|1699052685\n|switch|p1a: Clodsire|Clodsire, F|100\/100\n|turn|7\n|\n|t:|1699052699\n|-terastallize|p2a: Maushold|Normal\n|move|p2a: Maushold|Population Bomb|p1a: Clodsire\n|-damage|p1a: Clodsire|75\/100\n|-damage|p1a: Clodsire|50\/100\n|-damage|p1a: Clodsire|24\/100\n|-damage|p1a: Clodsire|0 fnt\n|faint|p1a: Clodsire\n|-hitcount|p1: Clodsire|4\n|\n|upkeep\n|\n|t:|1699052704\n|switch|p1a: Orthworm|Orthworm, M|50\/100\n|turn|8\n|inactive|Battle timer is ON: inactive players will automatically lose when time's up. (requested by JayzonAlcantara)\n|\n|t:|1699052716\n|move|p2a: Maushold|Population Bomb|p1a: Orthworm\n|-resisted|p1a: Orthworm\n|-damage|p1a: Orthworm|40\/100\n|-resisted|p1a: Orthworm\n|-damage|p1a: Orthworm|30\/100\n|-resisted|p1a: Orthworm\n|-damage|p1a: Orthworm|19\/100\n|-resisted|p1a: Orthworm\n|-damage|p1a: Orthworm|8\/100\n|-resisted|p1a: Orthworm\n|-damage|p1a: Orthworm|0 fnt\n|faint|p1a: Orthworm\n|-hitcount|p1: Orthworm|5\n|\n|win|JayzonAlcantara\n|raw|DKINABENZ's rating: 1071 &rarr; <strong>1055<\/strong><br \/>(-16 for losing)\n|raw|JayzonAlcantara's rating: 1151 &rarr; <strong>1170<\/strong><br \/>(+19 for winning)\n|l|\u2606DKINABENZ\n","uploadtime":1699052731,"views":10,"p1id":"dkinabenz","p2id":"jayzonalcantara","formatid":"gen9anythinggoes","rating":1055,"private":0,"password":""}