{"id":"gen9anythinggoes-1974285889","p1":"madermen","p2":"Kalos Sorcerer","format":"[Gen 9] Anything Goes","log":"|j|\u2606madermen\n|j|\u2606Kalos Sorcerer\n|t:|1698074850\n|gametype|singles\n|player|p1|madermen|waiter|1375\n|player|p2|Kalos Sorcerer|evelyn|1495\n|teamsize|p1|6\n|teamsize|p2|6\n|gen|9\n|tier|[Gen 9] Anything Goes\n|rated|\n|rule|HP Percentage Mod: HP is shown in percentages\n|rule|Endless Battle Clause: Forcing endless battles is banned\n|clearpoke\n|poke|p1|Mamoswine, M|\n|poke|p1|Mamoswine, F|\n|poke|p1|Mamoswine, M|\n|poke|p1|Mamoswine, M|\n|poke|p1|Mamoswine, M|\n|poke|p1|Mamoswine, M|\n|poke|p2|Ditto|\n|poke|p2|Wooper-Paldea, M|\n|poke|p2|Clodsire, M|\n|poke|p2|Azumarill, F|\n|poke|p2|Eternatus|\n|poke|p2|Calyrex-Shadow|\n|teampreview\n|inactive|Battle timer is ON: inactive players will automatically lose when time's up. (requested by madermen)\n|\n|t:|1698074859\n|start\n|switch|p1a: pb|Mamoswine, M|100\/100\n|switch|p2a: Wooper|Wooper-Paldea, M, shiny|100\/100\n|turn|1\n|\n|t:|1698074866\n|move|p1a: pb|Stealth Rock|p2a: Wooper\n|-sidestart|p2: Kalos Sorcerer|move: Stealth Rock\n|move|p2a: Wooper|Toxic Spikes|p1a: pb\n|-sidestart|p1: madermen|move: Toxic Spikes\n|\n|upkeep\n|turn|2\n|\n|t:|1698074872\n|move|p1a: pb|Knock Off|p2a: Wooper\n|-damage|p2a: Wooper|60\/100\n|-enditem|p2a: Wooper|Eviolite|[from] move: Knock Off|[of] p1a: pb\n|move|p2a: Wooper|Toxic Spikes|p1a: pb\n|-sidestart|p1: madermen|move: Toxic Spikes\n|\n|upkeep\n|turn|3\n|\n|t:|1698074877\n|move|p1a: pb|Earthquake|p2a: Wooper\n|-supereffective|p2a: Wooper\n|-damage|p2a: Wooper|0 fnt\n|faint|p2a: Wooper\n|\n|upkeep\n|\n|t:|1698074883\n|switch|p2a: Clod|Clodsire, M, shiny|100\/100\n|-damage|p2a: Clod|94\/100|[from] Stealth Rock\n|turn|4\n|\n|t:|1698074889\n|move|p1a: pb|Earthquake|p2a: Clod\n|-supereffective|p2a: Clod\n|-damage|p2a: Clod|21\/100\n|move|p2a: Clod|Yawn|p1a: pb\n|-start|p1a: pb|move: Yawn|[of] p2a: Clod\n|\n|-heal|p2a: Clod|28\/100|[from] item: Leftovers\n|upkeep\n|turn|5\n|\n|t:|1698074898\n|move|p1a: pb|Earthquake|p2a: Clod\n|-supereffective|p2a: Clod\n|-damage|p2a: Clod|0 fnt\n|faint|p2a: Clod\n|\n|-end|p1a: pb|move: Yawn|[silent]\n|-status|p1a: pb|slp\n|upkeep\n|\n|t:|1698074904\n|switch|p2a: Mimi|Azumarill, F, shiny|100\/100\n|-damage|p2a: Mimi|88\/100|[from] Stealth Rock\n|turn|6\n|\n|t:|1698074908\n|cant|p1a: pb|slp\n|move|p2a: Mimi|Belly Drum|p2a: Mimi\n|-damage|p2a: Mimi|38\/100\n|-setboost|p2a: Mimi|atk|6|[from] move: Belly Drum\n|-enditem|p2a: Mimi|Sitrus Berry|[eat]\n|-heal|p2a: Mimi|63\/100|[from] item: Sitrus Berry\n|\n|upkeep\n|turn|7\n|\n|t:|1698074923\n|cant|p1a: pb|slp\n|move|p2a: Mimi|Substitute|p2a: Mimi\n|-start|p2a: Mimi|Substitute\n|-damage|p2a: Mimi|38\/100\n|\n|upkeep\n|turn|8\n|\n|t:|1698074932\n|move|p2a: Mimi|Aqua Jet|p1a: pb\n|-supereffective|p1a: pb\n|-enditem|p1a: pb|Focus Sash\n|-damage|p1a: pb|1\/100 slp\n|cant|p1a: pb|slp\n|\n|upkeep\n|turn|9\n|\n|t:|1698074939\n|-curestatus|p1a: pb|slp|[msg]\n|move|p1a: pb|Ice Shard|p2a: Mimi\n|-resisted|p2a: Mimi\n|-activate|p2a: Mimi|move: Substitute|[damage]\n|move|p2a: Mimi|Aqua Jet|p1a: pb\n|-supereffective|p1a: pb\n|-crit|p1a: pb\n|-damage|p1a: pb|0 fnt\n|faint|p1a: pb\n|\n|upkeep\n|\n|t:|1698074947\n|switch|p1a: my bby|Mamoswine, F|100\/100\n|-status|p1a: my bby|tox\n|turn|10\n|\n|t:|1698074952\n|move|p1a: my bby|Ice Shard|p2a: Mimi\n|-resisted|p2a: Mimi\n|-activate|p2a: Mimi|move: Substitute|[damage]\n|-damage|p1a: my bby|91\/100 tox|[from] item: Life Orb\n|move|p2a: Mimi|Aqua Jet|p1a: my bby\n|-supereffective|p1a: my bby\n|-damage|p1a: my bby|0 fnt\n|faint|p1a: my bby\n|\n|upkeep\n|\n|t:|1698074958\n|switch|p1a: gambler|Mamoswine, M|100\/100\n|-status|p1a: gambler|tox\n|turn|11\n|\n|t:|1698074963\n|move|p2a: Mimi|Aqua Jet|p1a: gambler\n|-supereffective|p1a: gambler\n|-damage|p1a: gambler|0 fnt\n|faint|p1a: gambler\n|\n|upkeep\n|\n|t:|1698074968\n|switch|p1a: illegal|Mamoswine, M|100\/100\n|-status|p1a: illegal|tox\n|turn|12\n|\n|t:|1698074972\n|-terastallize|p1a: illegal|Grass\n|move|p2a: Mimi|Aqua Jet|p1a: illegal\n|-resisted|p1a: illegal\n|-damage|p1a: illegal|43\/100 tox\n|move|p1a: illegal|Tera Blast|p2a: Mimi|[anim] Tera Blast Grass\n|-supereffective|p2a: Mimi\n|-end|p2a: Mimi|Substitute\n|\n|-damage|p1a: illegal|37\/100 tox|[from] psn\n|upkeep\n|turn|13\n|-message|madermen forfeited.\n|\n|win|Kalos Sorcerer\n|raw|madermen's rating: 1375 &rarr; <strong>1362<\/strong><br \/>(-13 for losing)\n|raw|Kalos Sorcerer's rating: 1495 &rarr; <strong>1508<\/strong><br \/>(+13 for winning)\n|l|\u2606madermen\n","uploadtime":1698074986,"views":8,"p1id":"madermen","p2id":"kalossorcerer","formatid":"gen9anythinggoes","rating":1362,"private":0,"password":""}