{"id":"gen9anythinggoes-1983581368","p1":"AnIronicKiwi","p2":"Bakitaladelbarrio","format":"[Gen 9] Anything Goes","log":"|j|\u2606AnIronicKiwi\n|j|\u2606Bakitaladelbarrio\n|t:|1699145783\n|gametype|singles\n|player|p1|AnIronicKiwi|1|1546\n|player|p2|Bakitaladelbarrio|colress|1560\n|teamsize|p1|6\n|teamsize|p2|6\n|gen|9\n|tier|[Gen 9] Anything Goes\n|rated|\n|rule|HP Percentage Mod: HP is shown in percentages\n|rule|Endless Battle Clause: Forcing endless battles is banned\n|clearpoke\n|poke|p1|Koraidon|\n|poke|p1|Skeledirge, F|\n|poke|p1|Toxapex, F|\n|poke|p1|Flutter Mane|\n|poke|p1|Clodsire, F|\n|poke|p1|Great Tusk|\n|poke|p2|Calyrex-Shadow|\n|poke|p2|Darkrai|\n|poke|p2|Ditto|\n|poke|p2|Zacian-*|\n|poke|p2|Miraidon|\n|poke|p2|Glimmora, M|\n|teampreview\n|inactive|Battle timer is ON: inactive players will automatically lose when time's up. (requested by Bakitaladelbarrio)\n|\n|t:|1699145791\n|start\n|switch|p1a: Clodsire|Clodsire, F|100\/100\n|switch|p2a: Darkrai|Darkrai|100\/100\n|turn|1\n|\n|t:|1699145797\n|move|p2a: Darkrai|Hypnosis|p1a: Clodsire\n|-status|p1a: Clodsire|slp|[from] move: Hypnosis\n|cant|p1a: Clodsire|slp\n|\n|-damage|p1a: Clodsire|88\/100 slp|[from] ability: Bad Dreams|[of] p2a: Darkrai\n|upkeep\n|turn|2\n|\n|t:|1699145806\n|move|p2a: Darkrai|Nasty Plot|p2a: Darkrai\n|-boost|p2a: Darkrai|spa|2\n|cant|p1a: Clodsire|slp\n|\n|-heal|p1a: Clodsire|94\/100 slp|[from] item: Leftovers\n|-damage|p1a: Clodsire|82\/100 slp|[from] ability: Bad Dreams|[of] p2a: Darkrai\n|upkeep\n|turn|3\n|\n|t:|1699145814\n|move|p2a: Darkrai|Hex|p1a: Clodsire\n|-damage|p1a: Clodsire|31\/100 slp\n|-curestatus|p1a: Clodsire|slp|[msg]\n|move|p1a: Clodsire|Toxic|p2a: Darkrai\n|-status|p2a: Darkrai|tox\n|\n|-heal|p1a: Clodsire|38\/100|[from] item: Leftovers\n|-damage|p2a: Darkrai|94\/100 tox|[from] psn\n|upkeep\n|turn|4\n|\n|t:|1699145825\n|move|p2a: Darkrai|Hypnosis|p1a: Clodsire\n|-status|p1a: Clodsire|slp|[from] move: Hypnosis\n|cant|p1a: Clodsire|slp\n|\n|-heal|p1a: Clodsire|44\/100 slp|[from] item: Leftovers\n|-damage|p2a: Darkrai|82\/100 tox|[from] psn\n|-damage|p1a: Clodsire|31\/100 slp|[from] ability: Bad Dreams|[of] p2a: Darkrai\n|upkeep\n|turn|5\n|\n|t:|1699145835\n|move|p2a: Darkrai|Hex|p1a: Clodsire\n|-damage|p1a: Clodsire|0 fnt\n|faint|p1a: Clodsire\n|\n|-damage|p2a: Darkrai|64\/100 tox|[from] psn\n|upkeep\n|\n|t:|1699145840\n|switch|p1a: Koraidon|Koraidon|100\/100\n|-weather|SunnyDay|[from] ability: Orichalcum Pulse|[of] p1a: Koraidon\n|-activate|p1a: Koraidon|Orichalcum Pulse|[source]\n|turn|6\n|\n|t:|1699145846\n|switch|p2a: Glimmora|Glimmora, M|100\/100\n|move|p1a: Koraidon|Collision Course|p2a: Glimmora\n|-damage|p2a: Glimmora|9\/100\n|-activate|p2a: Glimmora|ability: Toxic Debris\n|-sidestart|p1: AnIronicKiwi|move: Toxic Spikes\n|\n|-weather|SunnyDay|[upkeep]\n|upkeep\n|turn|7\n|\n|t:|1699145856\n|move|p1a: Koraidon|Collision Course|p2a: Glimmora\n|-damage|p2a: Glimmora|0 fnt\n|-activate|p2a: Glimmora|ability: Toxic Debris\n|-sidestart|p1: AnIronicKiwi|move: Toxic Spikes\n|faint|p2a: Glimmora\n|\n|-weather|SunnyDay|[upkeep]\n|upkeep\n|\n|t:|1699145864\n|switch|p2a: Calyrex|Calyrex-Shadow|100\/100\n|-ability|p2a: Calyrex|As One\n|-ability|p2a: Calyrex|Unnerve\n|turn|8\n|\n|t:|1699145874\n|switch|p1a: Toxapex|Toxapex, F|100\/100\n|-sideend|p1: AnIronicKiwi|move: Toxic Spikes|[of] p1a: Toxapex\n|move|p2a: Calyrex|Astral Barrage|p1a: Toxapex\n|-damage|p1a: Toxapex|43\/100\n|\n|-weather|SunnyDay|[upkeep]\n|upkeep\n|turn|9\n|\n|t:|1699145883\n|move|p2a: Calyrex|Astral Barrage|p1a: Toxapex\n|-damage|p1a: Toxapex|0 fnt\n|faint|p1a: Toxapex\n|-ability|p2a: Calyrex|Grim Neigh|boost\n|-boost|p2a: Calyrex|spa|1\n|\n|-weather|SunnyDay|[upkeep]\n|upkeep\n|\n|t:|1699145894\n|switch|p1a: Flutter Mane|Flutter Mane|100\/100\n|-activate|p1a: Flutter Mane|ability: Protosynthesis\n|-start|p1a: Flutter Mane|protosynthesisspe\n|turn|10\n|\n|t:|1699145901\n|switch|p2a: Zacian|Zacian-Crowned|100\/100\n|-ability|p2a: Zacian|Intrepid Sword|boost\n|-boost|p2a: Zacian|atk|1\n|move|p1a: Flutter Mane|Shadow Ball|p2a: Zacian\n|-damage|p2a: Zacian|45\/100\n|-damage|p1a: Flutter Mane|91\/100|[from] item: Life Orb\n|\n|-weather|none\n|-end|p1a: Flutter Mane|Protosynthesis\n|upkeep\n|turn|11\n|\n|t:|1699145912\n|move|p2a: Zacian|Play Rough|p1a: Flutter Mane\n|-crit|p1a: Flutter Mane\n|-damage|p1a: Flutter Mane|0 fnt\n|faint|p1a: Flutter Mane\n|-end|p1a: Flutter Mane|Protosynthesis|[silent]\n|\n|upkeep\n|\n|t:|1699145917\n|switch|p1a: Koraidon|Koraidon|100\/100\n|-weather|SunnyDay|[from] ability: Orichalcum Pulse|[of] p1a: Koraidon\n|-activate|p1a: Koraidon|Orichalcum Pulse|[source]\n|turn|12\n|\n|t:|1699145923\n|move|p1a: Koraidon|Collision Course|p2a: Zacian\n|-damage|p2a: Zacian|0 fnt\n|faint|p2a: Zacian\n|\n|-weather|SunnyDay|[upkeep]\n|upkeep\n|\n|t:|1699145942\n|switch|p2a: Calyrex|Calyrex-Shadow|100\/100\n|-ability|p2a: Calyrex|As One\n|-ability|p2a: Calyrex|Unnerve\n|turn|13\n|\n|t:|1699145959\n|switch|p1a: Skeledirge|Skeledirge, F|100\/100\n|move|p2a: Calyrex|Astral Barrage|p1a: Skeledirge\n|-supereffective|p1a: Skeledirge\n|-damage|p1a: Skeledirge|0 fnt\n|faint|p1a: Skeledirge\n|-ability|p2a: Calyrex|Grim Neigh|boost\n|-boost|p2a: Calyrex|spa|1\n|\n|-weather|SunnyDay|[upkeep]\n|upkeep\n|\n|t:|1699145965\n|switch|p1a: Koraidon|Koraidon|100\/100\n|-activate|p1a: Koraidon|ability: Orichalcum Pulse\n|turn|14\n|\n|t:|1699145974\n|move|p1a: Koraidon|Flare Blitz|p2a: Calyrex\n|-enditem|p2a: Calyrex|Focus Sash\n|-damage|p2a: Calyrex|1\/100\n|-damage|p1a: Koraidon|67\/100|[from] Recoil\n|move|p2a: Calyrex|Psyshock|p1a: Koraidon\n|-supereffective|p1a: Koraidon\n|-damage|p1a: Koraidon|0 fnt\n|faint|p1a: Koraidon\n|-ability|p2a: Calyrex|Grim Neigh|boost\n|-boost|p2a: Calyrex|spa|1\n|\n|-weather|SunnyDay|[upkeep]\n|upkeep\n|-message|AnIronicKiwi forfeited.\n|\n|win|Bakitaladelbarrio\n|raw|AnIronicKiwi's rating: 1546 &rarr; <strong>1527<\/strong><br \/>(-19 for losing)\n|raw|Bakitaladelbarrio's rating: 1560 &rarr; <strong>1579<\/strong><br \/>(+19 for winning)\n|l|\u2606AnIronicKiwi\n","uploadtime":1699145990,"views":6,"p1id":"anironickiwi","p2id":"bakitaladelbarrio","formatid":"gen9anythinggoes","rating":1527,"private":0,"password":""}