{"id":"gen9anythinggoes-1998033901","p1":"Cringelord19","p2":"Mr Pinehurst","format":"[Gen 9] Anything Goes","log":"|j|\u2606Cringelord19\n|j|\u2606Mr Pinehurst\n|t:|1700881613\n|gametype|singles\n|player|p1|Cringelord19|1|1189\n|player|p2|Mr Pinehurst|266|1274\n|teamsize|p1|6\n|teamsize|p2|6\n|gen|9\n|tier|[Gen 9] Anything Goes\n|rated|\n|rule|HP Percentage Mod: HP is shown in percentages\n|rule|Endless Battle Clause: Forcing endless battles is banned\n|clearpoke\n|poke|p1|Scovillain, F|\n|poke|p1|Tauros, M|\n|poke|p1|Orthworm, M|\n|poke|p1|Goodra-Hisui, M|\n|poke|p1|Farigiraf, F|\n|poke|p1|Palossand, M|\n|poke|p2|Maushold-Four|\n|poke|p2|Flutter Mane|\n|poke|p2|Miraidon|\n|poke|p2|Rabsca, M|\n|poke|p2|Garganacl, F|\n|poke|p2|Houndstone, M|\n|teampreview\n|\n|t:|1700881626\n|start\n|switch|p1a: Scovillain|Scovillain, F|100\/100\n|switch|p2a: Maushold|Maushold-Four|100\/100\n|turn|1\n|\n|t:|1700881636\n|switch|p1a: Orthworm|Orthworm, M|100\/100\n|move|p2a: Maushold|Population Bomb|p1a: Orthworm\n|-resisted|p1a: Orthworm\n|-damage|p1a: Orthworm|96\/100\n|-damage|p2a: Maushold|84\/100|[from] item: Rocky Helmet|[of] p1a: Orthworm\n|-resisted|p1a: Orthworm\n|-damage|p1a: Orthworm|92\/100\n|-damage|p2a: Maushold|67\/100|[from] item: Rocky Helmet|[of] p1a: Orthworm\n|-resisted|p1a: Orthworm\n|-damage|p1a: Orthworm|88\/100\n|-damage|p2a: Maushold|51\/100|[from] item: Rocky Helmet|[of] p1a: Orthworm\n|-resisted|p1a: Orthworm\n|-damage|p1a: Orthworm|84\/100\n|-damage|p2a: Maushold|34\/100|[from] item: Rocky Helmet|[of] p1a: Orthworm\n|-resisted|p1a: Orthworm\n|-damage|p1a: Orthworm|80\/100\n|-damage|p2a: Maushold|18\/100|[from] item: Rocky Helmet|[of] p1a: Orthworm\n|-resisted|p1a: Orthworm\n|-damage|p1a: Orthworm|76\/100\n|-damage|p2a: Maushold|1\/100|[from] item: Rocky Helmet|[of] p1a: Orthworm\n|-resisted|p1a: Orthworm\n|-damage|p1a: Orthworm|72\/100\n|-damage|p2a: Maushold|0 fnt|[from] item: Rocky Helmet|[of] p1a: Orthworm\n|faint|p2a: Maushold\n|-hitcount|p1a: Orthworm|7\n|\n|upkeep\n|\n|t:|1700881645\n|switch|p2a: Rabsca|Rabsca, M, shiny|100\/100\n|turn|2\n|\n|t:|1700881647\n|move|p1a: Orthworm|Coil|p1a: Orthworm\n|-boost|p1a: Orthworm|atk|1\n|-boost|p1a: Orthworm|def|1\n|-boost|p1a: Orthworm|accuracy|1\n|move|p2a: Rabsca|Revival Blessing|p2a: Rabsca\n|-enditem|p2a: Rabsca|Leppa Berry|[eat]\n|-activate|p2a: Rabsca|item: Leppa Berry|Revival Blessing|[consumed]\n|\n|t:|1700881649\n|-heal|p2: Maushold|50\/100|[from] move: Revival Blessing\n|\n|upkeep\n|turn|3\n|\n|t:|1700881655\n|switch|p2a: Maushold|Maushold-Four|50\/100\n|move|p1a: Orthworm|Iron Tail|p2a: Maushold\n|-damage|p2a: Maushold|0 fnt\n|faint|p2a: Maushold\n|\n|upkeep\n|\n|t:|1700881657\n|switch|p2a: Rabsca|Rabsca, M, shiny|100\/100\n|turn|4\n|\n|t:|1700881660\n|move|p1a: Orthworm|Coil|p1a: Orthworm\n|-boost|p1a: Orthworm|atk|1\n|-boost|p1a: Orthworm|def|1\n|-boost|p1a: Orthworm|accuracy|1\n|move|p2a: Rabsca|Revival Blessing|p2a: Rabsca\n|\n|t:|1700881663\n|-heal|p2: Maushold|50\/100|[from] move: Revival Blessing\n|\n|upkeep\n|turn|5\n|inactive|Battle timer is ON: inactive players will automatically lose when time's up. (requested by Cringelord19)\n|\n|t:|1700881710\n|move|p1a: Orthworm|Iron Tail|p2a: Rabsca\n|-damage|p2a: Rabsca|26\/100\n|move|p2a: Rabsca|Memento|p1a: Orthworm\n|-unboost|p1a: Orthworm|atk|2\n|-unboost|p1a: Orthworm|spa|2\n|faint|p2a: Rabsca\n|\n|upkeep\n|\n|t:|1700881713\n|switch|p2a: DeMarco|Miraidon|100\/100\n|-fieldstart|move: Electric Terrain|[from] ability: Hadron Engine|[of] p2a: DeMarco\n|turn|6\n|\n|t:|1700881720\n|switch|p1a: Palossand|Palossand, M, shiny|100\/100\n|-terastallize|p2a: DeMarco|Electric\n|move|p2a: DeMarco|Electro Drift|p1a: Palossand\n|-immune|p1a: Palossand\n|\n|upkeep\n|turn|7\n|\n|t:|1700881736\n|move|p2a: DeMarco|Dragon Pulse|p1a: Palossand\n|-damage|p1a: Palossand|32\/100\n|move|p1a: Palossand|Earth Power|p2a: DeMarco\n|-supereffective|p2a: DeMarco\n|-damage|p2a: DeMarco|50\/100\n|\n|upkeep\n|turn|8\n|\n|t:|1700881749\n|move|p2a: DeMarco|Dragon Pulse|p1a: Palossand\n|-damage|p1a: Palossand|0 fnt\n|faint|p1a: Palossand\n|\n|upkeep\n|\n|t:|1700881751\n|switch|p1a: Goodra|Goodra-Hisui, M, shiny|100\/100\n|turn|9\n|\n|t:|1700881763\n|move|p2a: DeMarco|Dragon Pulse|p1a: Goodra\n|-damage|p1a: Goodra|63\/100\n|move|p1a: Goodra|Draco Meteor|p2a: DeMarco\n|-damage|p2a: DeMarco|8\/100\n|-unboost|p1a: Goodra|spa|2\n|\n|-heal|p1a: Goodra|69\/100|[from] item: Leftovers\n|upkeep\n|turn|10\n|\n|t:|1700881772\n|switch|p1a: Scovillain|Scovillain, F|100\/100\n|move|p2a: DeMarco|Electro Drift|p1a: Scovillain\n|-resisted|p1a: Scovillain\n|-damage|p1a: Scovillain|0 fnt\n|faint|p1a: Scovillain\n|\n|-fieldend|move: Electric Terrain\n|upkeep\n|\n|t:|1700881781\n|switch|p1a: Goodra|Goodra-Hisui, M, shiny|69\/100\n|turn|11\n|\n|t:|1700881789\n|switch|p2a: Flutter Mane|Flutter Mane, shiny|100\/100\n|move|p1a: Goodra|Body Press|p2a: Flutter Mane\n|-immune|p2a: Flutter Mane\n|\n|-heal|p1a: Goodra|75\/100|[from] item: Leftovers\n|upkeep\n|turn|12\n|\n|t:|1700881804\n|-terastallize|p1a: Goodra|Steel\n|move|p2a: Flutter Mane|Moonblast|p1a: Goodra\n|-resisted|p1a: Goodra\n|-damage|p1a: Goodra|53\/100\n|-damage|p2a: Flutter Mane|91\/100|[from] item: Life Orb\n|move|p1a: Goodra|Flash Cannon|p2a: Flutter Mane\n|-supereffective|p2a: Flutter Mane\n|-damage|p2a: Flutter Mane|0 fnt\n|faint|p2a: Flutter Mane\n|-end|p2a: Flutter Mane|Protosynthesis|[silent]\n|\n|-heal|p1a: Goodra|59\/100|[from] item: Leftovers\n|upkeep\n|\n|t:|1700881813\n|switch|p2a: Houndstone|Houndstone, M|100\/100\n|turn|13\n|\n|t:|1700881816\n|switch|p1a: Farigiraf|Farigiraf, F|100\/100\n|move|p2a: Houndstone|Last Respects|p1a: Farigiraf\n|-immune|p1a: Farigiraf\n|\n|upkeep\n|turn|14\n|\n|t:|1700881823\n|switch|p2a: SSSReplacement|Garganacl, F, shiny|100\/100\n|move|p1a: Farigiraf|Shadow Ball|p2a: SSSReplacement\n|-damage|p2a: SSSReplacement|91\/100\n|\n|-heal|p2a: SSSReplacement|97\/100|[from] item: Leftovers\n|upkeep\n|turn|15\n|\n|t:|1700881828\n|move|p1a: Farigiraf|Nasty Plot|p1a: Farigiraf\n|-boost|p1a: Farigiraf|spa|2\n|move|p2a: SSSReplacement|Iron Defense|p2a: SSSReplacement\n|-boost|p2a: SSSReplacement|def|2\n|\n|-heal|p2a: SSSReplacement|100\/100|[from] item: Leftovers\n|upkeep\n|turn|16\n|\n|t:|1700881834\n|move|p1a: Farigiraf|Nasty Plot|p1a: Farigiraf\n|-boost|p1a: Farigiraf|spa|2\n|move|p2a: SSSReplacement|Body Press|p1a: Farigiraf\n|-damage|p1a: Farigiraf|51\/100\n|\n|-heal|p1a: Farigiraf|57\/100|[from] item: Leftovers\n|upkeep\n|turn|17\n|\n|t:|1700881840\n|move|p1a: Farigiraf|Psychic|p2a: SSSReplacement\n|-damage|p2a: SSSReplacement|16\/100\n|move|p2a: SSSReplacement|Salt Cure|p1a: Farigiraf\n|-damage|p1a: Farigiraf|43\/100\n|-start|p1a: Farigiraf|Salt Cure\n|\n|-heal|p1a: Farigiraf|49\/100|[from] item: Leftovers\n|-heal|p2a: SSSReplacement|23\/100|[from] item: Leftovers\n|-damage|p1a: Farigiraf|37\/100|[from] Salt Cure\n|upkeep\n|turn|18\n|\n|t:|1700881853\n|move|p1a: Farigiraf|Psychic|p2a: SSSReplacement\n|-damage|p2a: SSSReplacement|0 fnt\n|faint|p2a: SSSReplacement\n|\n|-heal|p1a: Farigiraf|43\/100|[from] item: Leftovers\n|-damage|p1a: Farigiraf|31\/100|[from] Salt Cure\n|upkeep\n|\n|t:|1700881855\n|switch|p2a: DeMarco|Miraidon, tera:Electric|8\/100\n|-fieldstart|move: Electric Terrain|[from] ability: Hadron Engine|[of] p2a: DeMarco\n|turn|19\n|\n|t:|1700881861\n|move|p2a: DeMarco|Electro Drift|p1a: Farigiraf\n|-damage|p1a: Farigiraf|0 fnt\n|faint|p1a: Farigiraf\n|\n|upkeep\n|\n|t:|1700881865\n|switch|p1a: Goodra|Goodra-Hisui, M, shiny, tera:Steel|59\/100\n|turn|20\n|\n|t:|1700881872\n|move|p2a: DeMarco|Electro Drift|p1a: Goodra\n|-damage|p1a: Goodra|0 fnt\n|faint|p1a: Goodra\n|\n|upkeep\n|\n|t:|1700881876\n|switch|p1a: Orthworm|Orthworm, M|72\/100\n|turn|21\n|\n|t:|1700881881\n|move|p2a: DeMarco|Electro Drift|p1a: Orthworm\n|-damage|p1a: Orthworm|0 fnt\n|-damage|p2a: DeMarco|0 fnt|[from] item: Rocky Helmet|[of] p1a: Orthworm\n|faint|p1a: Orthworm\n|faint|p2a: DeMarco\n|\n|upkeep\n|\n|t:|1700881893\n|switch|p2a: Maushold|Maushold-Four|50\/100\n|switch|p1a: Tauros|Tauros, M|100\/100\n|-ability|p1a: Tauros|Intimidate|boost\n|-unboost|p2a: Maushold|atk|1\n|turn|22\n|\n|t:|1700881897\n|move|p2a: Maushold|Tidy Up|p2a: Maushold\n|-boost|p2a: Maushold|atk|1\n|-boost|p2a: Maushold|spe|1\n|move|p1a: Tauros|Raging Bull|p2a: Maushold\n|-damage|p2a: Maushold|0 fnt\n|faint|p2a: Maushold\n|-damage|p1a: Tauros|91\/100|[from] item: Life Orb\n|\n|upkeep\n|\n|t:|1700881900\n|switch|p2a: Houndstone|Houndstone, M|100\/100\n|turn|23\n|\n|t:|1700881904\n|move|p1a: Tauros|Lash Out|p2a: Houndstone\n|-supereffective|p2a: Houndstone\n|-damage|p2a: Houndstone|72\/100\n|-damage|p1a: Tauros|81\/100|[from] item: Life Orb\n|move|p2a: Houndstone|Play Rough|p1a: Tauros|[miss]\n|-miss|p2a: Houndstone|p1a: Tauros\n|\n|-fieldend|move: Electric Terrain\n|upkeep\n|turn|24\n|\n|t:|1700881912\n|move|p1a: Tauros|Lash Out|p2a: Houndstone\n|-supereffective|p2a: Houndstone\n|-damage|p2a: Houndstone|44\/100\n|-damage|p1a: Tauros|71\/100|[from] item: Life Orb\n|move|p2a: Houndstone|Play Rough|p1a: Tauros\n|-crit|p1a: Tauros\n|-damage|p1a: Tauros|15\/100\n|\n|upkeep\n|turn|25\n|\n|t:|1700881921\n|move|p1a: Tauros|Lash Out|p2a: Houndstone\n|-supereffective|p2a: Houndstone\n|-damage|p2a: Houndstone|15\/100\n|-damage|p1a: Tauros|5\/100|[from] item: Life Orb\n|move|p2a: Houndstone|Crunch|p1a: Tauros\n|-damage|p1a: Tauros|0 fnt\n|faint|p1a: Tauros\n|\n|win|Mr Pinehurst\n|raw|Cringelord19's rating: 1189 &rarr; <strong>1170<\/strong><br \/>(-19 for losing)\n|raw|Mr Pinehurst's rating: 1274 &rarr; <strong>1293<\/strong><br \/>(+19 for winning)\n|l|\u2606Cringelord19\n","uploadtime":1700881929,"views":0,"p1id":"cringelord19","p2id":"mrpinehurst","formatid":"gen9anythinggoes","rating":1170,"private":0,"password":""}