{"id":"gen9anythinggoes-1982824352","p1":"Thatbreloomguy","p2":"4th Acct To 1700","format":"[Gen 9] Anything Goes","log":"|j|\u2606Thatbreloomguy\n|j|\u26064th Acct To 1700\n|t:|1699048501\n|gametype|singles\n|player|p1|Thatbreloomguy|170|1605\n|player|p2|4th Acct To 1700|clown|1640\n|teamsize|p1|6\n|teamsize|p2|6\n|gen|9\n|tier|[Gen 9] Anything Goes\n|rated|\n|rule|HP Percentage Mod: HP is shown in percentages\n|rule|Endless Battle Clause: Forcing endless battles is banned\n|clearpoke\n|poke|p1|Ribombee, M|\n|poke|p1|Breloom, M|\n|poke|p1|Calyrex-Shadow|\n|poke|p1|Zacian-*|\n|poke|p1|Miraidon|\n|poke|p1|Arceus|\n|poke|p2|Koraidon|\n|poke|p2|Calyrex-Shadow|\n|poke|p2|Arceus|\n|poke|p2|Ting-Lu|\n|poke|p2|Miraidon|\n|poke|p2|Toxapex, M|\n|teampreview\n|inactive|Battle timer is ON: inactive players will automatically lose when time's up. (requested by Thatbreloomguy)\n|inactive|4th Acct To 1700 has 120 seconds left.\n|inactive|4th Acct To 1700 has 90 seconds left.\n|\n|t:|1699048594\n|start\n|switch|p1a: Ribombee|Ribombee, M|100\/100\n|switch|p2a: Calyrex|Calyrex-Shadow|100\/100\n|-ability|p2a: Calyrex|As One\n|-ability|p2a: Calyrex|Unnerve\n|turn|1\n|\n|t:|1699048598\n|move|p2a: Calyrex|Psychic|p1a: Ribombee\n|-damage|p1a: Ribombee|2\/100\n|move|p1a: Ribombee|Sticky Web|p2a: Calyrex\n|-sidestart|p2: 4th Acct To 1700|move: Sticky Web\n|\n|upkeep\n|turn|2\n|\n|t:|1699048615\n|move|p2a: Calyrex|Encore|p1a: Ribombee\n|-start|p1a: Ribombee|Encore\n|move|p1a: Ribombee|Sticky Web||[still]\n|-fail|p1a: Ribombee\n|\n|upkeep\n|turn|3\n|\n|t:|1699048618\n|switch|p1a: Arceus|Arceus|100\/100\n|move|p2a: Calyrex|Nasty Plot|p2a: Calyrex\n|-boost|p2a: Calyrex|spa|2\n|\n|upkeep\n|turn|4\n|\n|t:|1699048624\n|move|p2a: Calyrex|Psychic|p1a: Arceus\n|-damage|p1a: Arceus|16\/100\n|move|p1a: Arceus|Shadow Ball|p2a: Calyrex\n|-supereffective|p2a: Calyrex\n|-enditem|p2a: Calyrex|Focus Sash\n|-damage|p2a: Calyrex|1\/100\n|-damage|p1a: Arceus|6\/100|[from] item: Life Orb\n|\n|upkeep\n|turn|5\n|\n|t:|1699048631\n|move|p1a: Arceus|Extreme Speed|p2a: Calyrex\n|-immune|p2a: Calyrex\n|move|p2a: Calyrex|Psychic|p1a: Arceus\n|-damage|p1a: Arceus|0 fnt\n|faint|p1a: Arceus\n|-ability|p2a: Calyrex|Grim Neigh|boost\n|-boost|p2a: Calyrex|spa|1\n|\n|upkeep\n|\n|t:|1699048641\n|switch|p1a: Calyrex|Calyrex-Shadow|100\/100\n|-ability|p1a: Calyrex|As One\n|-ability|p1a: Calyrex|Unnerve\n|turn|6\n|\n|t:|1699048648\n|move|p2a: Calyrex|Psychic|p1a: Calyrex\n|-resisted|p1a: Calyrex\n|-damage|p1a: Calyrex|31\/100\n|move|p1a: Calyrex|Astral Barrage|p2a: Calyrex\n|-supereffective|p2a: Calyrex\n|-damage|p2a: Calyrex|0 fnt\n|faint|p2a: Calyrex\n|-ability|p1a: Calyrex|Grim Neigh|boost\n|-boost|p1a: Calyrex|spa|1\n|\n|upkeep\n|\n|t:|1699048653\n|switch|p2a: Ting-Lu|Ting-Lu|100\/100\n|-activate|p2a: Ting-Lu|move: Sticky Web\n|-unboost|p2a: Ting-Lu|spe|1\n|-ability|p2a: Ting-Lu|Vessel of Ruin\n|turn|7\n|\n|t:|1699048659\n|switch|p1a: Todd|Breloom, M, shiny|100\/100\n|move|p2a: Ting-Lu|Earthquake|p1a: Todd\n|-resisted|p1a: Todd\n|-damage|p1a: Todd|64\/100\n|\n|upkeep\n|turn|8\n|\n|t:|1699048664\n|switch|p2a: Madara Uchiha|Miraidon|100\/100\n|-activate|p2a: Madara Uchiha|move: Sticky Web\n|-unboost|p2a: Madara Uchiha|spe|1\n|-fieldstart|move: Electric Terrain|[from] ability: Hadron Engine|[of] p2a: Madara Uchiha\n|move|p1a: Todd|Spore|p2a: Madara Uchiha\n|-activate|p2a: Madara Uchiha|move: Electric Terrain\n|\n|upkeep\n|turn|9\n|\n|t:|1699048671\n|switch|p2a: Ting-Lu|Ting-Lu|100\/100\n|-activate|p2a: Ting-Lu|move: Sticky Web\n|-unboost|p2a: Ting-Lu|spe|1\n|-ability|p2a: Ting-Lu|Vessel of Ruin\n|move|p1a: Todd|Bulldoze|p2a: Ting-Lu\n|-damage|p2a: Ting-Lu|84\/100\n|-unboost|p2a: Ting-Lu|spe|1\n|\n|-heal|p2a: Ting-Lu|90\/100|[from] item: Leftovers\n|upkeep\n|turn|10\n|\n|t:|1699048675\n|move|p1a: Todd|Bullet Seed|p2a: Ting-Lu\n|-supereffective|p2a: Ting-Lu\n|-damage|p2a: Ting-Lu|70\/100\n|-supereffective|p2a: Ting-Lu\n|-damage|p2a: Ting-Lu|52\/100\n|-supereffective|p2a: Ting-Lu\n|-damage|p2a: Ting-Lu|32\/100\n|-supereffective|p2a: Ting-Lu\n|-damage|p2a: Ting-Lu|13\/100\n|-supereffective|p2a: Ting-Lu\n|-damage|p2a: Ting-Lu|0 fnt\n|faint|p2a: Ting-Lu\n|-hitcount|p2: Ting-Lu|5\n|\n|upkeep\n|\n|t:|1699048680\n|switch|p2a: Koraidon|Koraidon|100\/100\n|-activate|p2a: Koraidon|move: Sticky Web\n|-unboost|p2a: Koraidon|spe|1\n|-weather|SunnyDay|[from] ability: Orichalcum Pulse|[of] p2a: Koraidon\n|-activate|p2a: Koraidon|Orichalcum Pulse|[source]\n|turn|11\n|\n|t:|1699048689\n|move|p2a: Koraidon|Scale Shot|p1a: Todd\n|-damage|p1a: Todd|39\/100\n|-damage|p1a: Todd|11\/100\n|-hitcount|p1a: Todd|2\n|-unboost|p2a: Koraidon|def|1\n|-boost|p2a: Koraidon|spe|1\n|move|p1a: Todd|Bulldoze|p2a: Koraidon\n|-damage|p2a: Koraidon|55\/100\n|-unboost|p2a: Koraidon|spe|1\n|\n|-weather|SunnyDay|[upkeep]\n|upkeep\n|turn|12\n|\n|t:|1699048699\n|move|p1a: Todd|Mach Punch|p2a: Koraidon\n|-crit|p2a: Koraidon\n|-damage|p2a: Koraidon|0 fnt\n|faint|p2a: Koraidon\n|\n|-weather|SunnyDay|[upkeep]\n|-fieldend|move: Electric Terrain\n|upkeep\n|c|\u2606Thatbreloomguy|Pffft\n|c|\u2606Thatbreloomguy|crit mattered\n|\n|t:|1699048710\n|switch|p2a: Madara Uchiha|Miraidon|100\/100\n|-activate|p2a: Madara Uchiha|move: Sticky Web\n|-unboost|p2a: Madara Uchiha|spe|1\n|-fieldstart|move: Electric Terrain|[from] ability: Hadron Engine|[of] p2a: Madara Uchiha\n|turn|13\n|\n|t:|1699048717\n|-terastallize|p2a: Madara Uchiha|Ice\n|move|p2a: Madara Uchiha|Agility|p2a: Madara Uchiha\n|-boost|p2a: Madara Uchiha|spe|2\n|move|p1a: Todd|Bulldoze|p2a: Madara Uchiha\n|-damage|p2a: Madara Uchiha|71\/100\n|-unboost|p2a: Madara Uchiha|spe|1\n|\n|-weather|SunnyDay|[upkeep]\n|upkeep\n|turn|14\n|\n|t:|1699048722\n|move|p1a: Todd|Mach Punch|p2a: Madara Uchiha\n|-supereffective|p2a: Madara Uchiha\n|-damage|p2a: Madara Uchiha|5\/100\n|move|p2a: Madara Uchiha|Agility|p2a: Madara Uchiha\n|-boost|p2a: Madara Uchiha|spe|2\n|\n|-weather|SunnyDay|[upkeep]\n|upkeep\n|turn|15\n|\n|t:|1699048727\n|move|p1a: Todd|Mach Punch|p2a: Madara Uchiha\n|-supereffective|p2a: Madara Uchiha\n|-damage|p2a: Madara Uchiha|0 fnt\n|faint|p2a: Madara Uchiha\n|\n|-weather|none\n|upkeep\n|\n|t:|1699048732\n|switch|p2a: Arceus|Arceus|100\/100\n|turn|16\n|\n|t:|1699048735\n|move|p2a: Arceus|Extreme Speed|p1a: Todd\n|-damage|p1a: Todd|0 fnt\n|faint|p1a: Todd\n|\n|upkeep\n|\n|t:|1699048742\n|switch|p1a: Ribombee|Ribombee, M|2\/100\n|turn|17\n|\n|t:|1699048746\n|move|p2a: Arceus|Extreme Speed|p1a: Ribombee\n|-damage|p1a: Ribombee|0 fnt\n|faint|p1a: Ribombee\n|\n|-fieldend|move: Electric Terrain\n|upkeep\n|\n|t:|1699048750\n|switch|p1a: Miraidon|Miraidon|100\/100\n|-fieldstart|move: Electric Terrain|[from] ability: Hadron Engine|[of] p1a: Miraidon\n|turn|18\n|\n|t:|1699048754\n|move|p1a: Miraidon|Electro Drift|p2a: Arceus\n|-damage|p2a: Arceus|7\/100\n|move|p2a: Arceus|Swords Dance|p2a: Arceus\n|-boost|p2a: Arceus|atk|2\n|\n|upkeep\n|turn|19\n|\n|t:|1699048757\n|move|p2a: Arceus|Extreme Speed|p1a: Miraidon\n|-damage|p1a: Miraidon|19\/100\n|move|p1a: Miraidon|Electro Drift|p2a: Arceus\n|-damage|p2a: Arceus|0 fnt\n|faint|p2a: Arceus\n|\n|upkeep\n|\n|t:|1699048760\n|switch|p2a: Toxapex|Toxapex, M|100\/100\n|-activate|p2a: Toxapex|move: Sticky Web\n|-unboost|p2a: Toxapex|spe|1\n|turn|20\n|\n|t:|1699048763\n|move|p2a: Toxapex|Baneful Bunker|p2a: Toxapex\n|-singleturn|p2a: Toxapex|move: Protect\n|move|p1a: Miraidon|Electro Drift|p2a: Toxapex\n|-activate|p2a: Toxapex|move: Protect\n|-status|p1a: Miraidon|psn\n|\n|-damage|p1a: Miraidon|7\/100 psn|[from] psn\n|upkeep\n|turn|21\n|\n|t:|1699048765\n|move|p1a: Miraidon|Electro Drift|p2a: Toxapex\n|-supereffective|p2a: Toxapex\n|-damage|p2a: Toxapex|0 fnt\n|-damage|p1a: Miraidon|0 fnt|[from] item: Rocky Helmet|[of] p2a: Toxapex\n|faint|p2a: Toxapex\n|faint|p1a: Miraidon\n|\n|win|Thatbreloomguy\n|raw|Thatbreloomguy's rating: 1605 &rarr; <strong>1627<\/strong><br \/>(+22 for winning)\n|raw|4th Acct To 1700's rating: 1640 &rarr; <strong>1618<\/strong><br \/>(-22 for losing)\n|l|\u26064th Acct To 1700\n","uploadtime":1699048769,"views":12,"p1id":"thatbreloomguy","p2id":"4thacctto1700","formatid":"gen9anythinggoes","rating":1618,"private":0,"password":""}