{"id":"gen9anythinggoes-1985368010","p1":"jerry_g13","p2":"Lionelbahen","format":"[Gen 9] Anything Goes","log":"|j|\u2606jerry_g13\n|j|\u2606Lionelbahen\n|t:|1699368730\n|gametype|singles\n|player|p1|jerry_g13|sabrina|1033\n|player|p2|Lionelbahen|266|1000\n|teamsize|p1|6\n|teamsize|p2|6\n|gen|9\n|tier|[Gen 9] Anything Goes\n|rated|\n|rule|HP Percentage Mod: HP is shown in percentages\n|rule|Endless Battle Clause: Forcing endless battles is banned\n|clearpoke\n|poke|p1|Slowbro-Galar, M|\n|poke|p1|Slowpoke, M|\n|poke|p1|Slowbro, M|\n|poke|p1|Slowking, M|\n|poke|p1|Slowking-Galar, F|\n|poke|p1|Slowpoke-Galar, F|\n|poke|p2|Kingambit, F|\n|poke|p2|Heatran, F|\n|poke|p2|Volcarona, M|\n|poke|p2|Gholdengo|\n|poke|p2|Cresselia, F|\n|poke|p2|Blissey, F|\n|teampreview\n|inactive|Battle timer is ON: inactive players will automatically lose when time's up. (requested by jerry_g13)\n|\n|t:|1699368738\n|start\n|switch|p1a: Slowking|Slowking, M|100\/100\n|switch|p2a: Blissey|Blissey, F|100\/100\n|turn|1\n|\n|t:|1699368749\n|move|p2a: Blissey|Blizzard|p1a: Slowking\n|-resisted|p1a: Slowking\n|-damage|p1a: Slowking|94\/100\n|move|p1a: Slowking|Light Screen|p1a: Slowking\n|-sidestart|p1: jerry_g13|move: Light Screen\n|\n|upkeep\n|turn|2\n|\n|t:|1699368759\n|move|p1a: Slowking|Reflect|p1a: Slowking\n|-sidestart|p1: jerry_g13|Reflect\n|move|p2a: Blissey|Avalanche|p1a: Slowking\n|-resisted|p1a: Slowking\n|-damage|p1a: Slowking|92\/100\n|\n|upkeep\n|turn|3\n|\n|t:|1699368768\n|move|p2a: Blissey|Body Slam|p1a: Slowking\n|-damage|p1a: Slowking|85\/100\n|-status|p1a: Slowking|par\n|move|p1a: Slowking|Trick Room|p1a: Slowking\n|-fieldstart|move: Trick Room|[of] p1a: Slowking\n|\n|upkeep\n|turn|4\n|\n|t:|1699368778\n|move|p1a: Slowking|Chilly Reception|p1a: Slowking\n|-weather|Snow\n|\n|t:|1699368782\n|switch|p1a: Slowbro|Slowbro-Galar, M|100\/100|[from] Chilly Reception\n|move|p2a: Blissey|Chilling Water|p1a: Slowbro\n|-damage|p1a: Slowbro|95\/100\n|-unboost|p1a: Slowbro|atk|1\n|\n|-weather|Snow|[upkeep]\n|upkeep\n|turn|5\n|\n|t:|1699368798\n|-terastallize|p1a: Slowbro|Fighting\n|move|p1a: Slowbro|Belly Drum|p1a: Slowbro\n|-damage|p1a: Slowbro|45\/100\n|-setboost|p1a: Slowbro|atk|6|[from] move: Belly Drum\n|-enditem|p1a: Slowbro|Sitrus Berry|[eat]\n|-heal|p1a: Slowbro|70\/100|[from] item: Sitrus Berry\n|move|p2a: Blissey|Body Slam|p1a: Slowbro\n|-damage|p1a: Slowbro|63\/100\n|\n|-weather|Snow|[upkeep]\n|upkeep\n|turn|6\n|-activate|p1a: Slowbro|ability: Quick Draw\n|\n|t:|1699368816\n|move|p1a: Slowbro|Ice Punch|p2a: Blissey\n|-damage|p2a: Blissey|9\/100\n|move|p2a: Blissey|Avalanche|p1a: Slowbro\n|-damage|p1a: Slowbro|57\/100\n|\n|-weather|Snow|[upkeep]\n|upkeep\n|turn|7\n|\n|t:|1699368829\n|move|p1a: Slowbro|Drain Punch|p2a: Blissey\n|-supereffective|p2a: Blissey\n|-damage|p2a: Blissey|0 fnt\n|-heal|p1a: Slowbro|64\/100|[from] drain|[of] p2a: Blissey\n|faint|p2a: Blissey\n|\n|-weather|Snow|[upkeep]\n|-fieldend|move: Trick Room\n|upkeep\n|\n|t:|1699368841\n|switch|p2a: Volcarona|Volcarona, M|100\/100\n|turn|8\n|-activate|p1a: Slowbro|ability: Quick Draw\n|\n|t:|1699368846\n|move|p1a: Slowbro|Drain Punch|p2a: Volcarona\n|-resisted|p2a: Volcarona\n|-damage|p2a: Volcarona|22\/100\n|-heal|p1a: Slowbro|95\/100|[from] drain|[of] p2a: Volcarona\n|-status|p1a: Slowbro|brn|[from] ability: Flame Body|[of] p2a: Volcarona\n|move|p2a: Volcarona|Flamethrower|p1a: Slowbro\n|-damage|p1a: Slowbro|70\/100 brn\n|\n|-weather|none\n|-damage|p1a: Slowbro|64\/100 brn|[from] brn\n|-sideend|p1: jerry_g13|move: Light Screen\n|upkeep\n|turn|9\n|\n|t:|1699368862\n|move|p2a: Volcarona|Flamethrower|p1a: Slowbro\n|-damage|p1a: Slowbro|19\/100 brn\n|move|p1a: Slowbro|Shell Side Arm|p2a: Volcarona|[anim] Shell Side Arm Physical\n|-damage|p2a: Volcarona|0 fnt\n|-hint|Physical Shell Side Arm\n|faint|p2a: Volcarona\n|\n|-damage|p1a: Slowbro|13\/100 brn|[from] brn\n|-sideend|p1: jerry_g13|Reflect\n|upkeep\n|inactive|Lionelbahen has 120 seconds left.\n|\n|t:|1699368874\n|switch|p2a: Heatran|Heatran, F|100\/100\n|turn|10\n|\n|t:|1699368886\n|move|p2a: Heatran|Body Press|p1a: Slowbro\n|-damage|p1a: Slowbro|0 fnt\n|faint|p1a: Slowbro\n|\n|upkeep\n|l|\u2606Lionelbahen\n|inactive|Lionelbahen disconnected and has a minute to reconnect!\n|player|p2|\n|\n|t:|1699368907\n|switch|p1a: Slowking|Slowking, M|100\/100 par\n|turn|11\n|j|\u2606Lionelbahen\n|inactive|Lionelbahen reconnected and has 115 seconds left.\n|player|p2|Lionelbahen|266\n|\n|t:|1699368936\n|move|p2a: Heatran|Body Press|p1a: Slowking\n|-resisted|p1a: Slowking\n|-damage|p1a: Slowking|91\/100 par\n|cant|p1a: Slowking|par\n|\n|upkeep\n|turn|12\n|inactive|Lionelbahen has 120 seconds left.\n|\n|t:|1699368943\n|-terastallize|p2a: Heatran|Fire\n|move|p2a: Heatran|Body Press|p1a: Slowking\n|-resisted|p1a: Slowking\n|-damage|p1a: Slowking|81\/100 par\n|move|p1a: Slowking|Light Screen|p1a: Slowking\n|-sidestart|p1: jerry_g13|move: Light Screen\n|\n|upkeep\n|turn|13\n|inactive|Lionelbahen has 120 seconds left.\n|\n|t:|1699368956\n|move|p2a: Heatran|Body Press|p1a: Slowking\n|-resisted|p1a: Slowking\n|-damage|p1a: Slowking|72\/100 par\n|move|p1a: Slowking|Reflect|p1a: Slowking\n|-sidestart|p1: jerry_g13|Reflect\n|\n|upkeep\n|turn|14\n|\n|t:|1699368964\n|move|p2a: Heatran|Body Press|p1a: Slowking\n|-resisted|p1a: Slowking\n|-damage|p1a: Slowking|67\/100 par\n|move|p1a: Slowking|Trick Room|p1a: Slowking\n|-fieldstart|move: Trick Room|[of] p1a: Slowking\n|\n|upkeep\n|turn|15\n|\n|t:|1699368970\n|move|p1a: Slowking|Chilly Reception|p1a: Slowking\n|-weather|Snow\n|\n|t:|1699368973\n|switch|p1a: Slowbro|Slowbro, M|100\/100|[from] Chilly Reception\n|move|p2a: Heatran|Body Press|p1a: Slowbro\n|-resisted|p1a: Slowbro\n|-damage|p1a: Slowbro|96\/100\n|\n|-weather|Snow|[upkeep]\n|upkeep\n|turn|16\n|\n|t:|1699368985\n|switch|p2a: Gholdengo|Gholdengo|100\/100\n|move|p1a: Slowbro|Scald|p2a: Gholdengo\n|-damage|p2a: Gholdengo|54\/100\n|-status|p2a: Gholdengo|brn\n|\n|-weather|Snow|[upkeep]\n|-damage|p2a: Gholdengo|48\/100 brn|[from] brn\n|upkeep\n|turn|17\n|\n|t:|1699368998\n|move|p1a: Slowbro|Flamethrower|p2a: Gholdengo\n|-supereffective|p2a: Gholdengo\n|-damage|p2a: Gholdengo|0 fnt\n|faint|p2a: Gholdengo\n|\n|-weather|Snow|[upkeep]\n|upkeep\n|\n|t:|1699369004\n|switch|p2a: Cresselia|Cresselia, F|100\/100\n|turn|18\n|\n|t:|1699369011\n|move|p1a: Slowbro|Scald|p2a: Cresselia\n|-damage|p2a: Cresselia|70\/100\n|move|p2a: Cresselia|Future Sight|p1a: Slowbro\n|-start|p2a: Cresselia|move: Future Sight\n|\n|-weather|Snow|[upkeep]\n|-fieldend|move: Trick Room\n|upkeep\n|turn|19\n|\n|t:|1699369021\n|move|p2a: Cresselia|Future Sight||[still]\n|-fail|p2a: Cresselia\n|move|p1a: Slowbro|Scald|p2a: Cresselia\n|-damage|p2a: Cresselia|41\/100\n|\n|-weather|none\n|-sideend|p1: jerry_g13|move: Light Screen\n|upkeep\n|turn|20\n|\n|t:|1699369035\n|move|p2a: Cresselia|Future Sight||[still]\n|-fail|p2a: Cresselia\n|move|p1a: Slowbro|Scald|p2a: Cresselia\n|-damage|p2a: Cresselia|10\/100\n|\n|-end|p1a: Slowbro|move: Future Sight\n|-resisted|p1a: Slowbro\n|-damage|p1a: Slowbro|80\/100\n|-sideend|p1: jerry_g13|Reflect\n|upkeep\n|turn|21\n|\n|t:|1699369045\n|move|p2a: Cresselia|Ice Beam|p1a: Slowbro\n|-resisted|p1a: Slowbro\n|-damage|p1a: Slowbro|74\/100\n|move|p1a: Slowbro|Scald|p2a: Cresselia\n|-damage|p2a: Cresselia|0 fnt\n|faint|p2a: Cresselia\n|\n|upkeep\n|\n|t:|1699369053\n|switch|p2a: Heatran|Heatran, F, tera:Fire|100\/100\n|turn|22\n|\n|t:|1699369059\n|move|p2a: Heatran|Earthquake|p1a: Slowbro\n|-damage|p1a: Slowbro|51\/100\n|move|p1a: Slowbro|Scald|p2a: Heatran\n|-supereffective|p2a: Heatran\n|-damage|p2a: Heatran|19\/100\n|\n|upkeep\n|turn|23\n|\n|t:|1699369068\n|switch|p1a: Slowking|Slowking, M|100\/100 par\n|move|p2a: Heatran|Earthquake|p1a: Slowking\n|-damage|p1a: Slowking|73\/100 par\n|\n|upkeep\n|turn|24\n|\n|t:|1699369075\n|move|p2a: Heatran|Earthquake|p1a: Slowking\n|-damage|p1a: Slowking|44\/100 par\n|move|p1a: Slowking|Reflect|p1a: Slowking\n|-sidestart|p1: jerry_g13|Reflect\n|\n|upkeep\n|turn|25\n|\n|t:|1699369080\n|move|p2a: Heatran|Earthquake|p1a: Slowking\n|-damage|p1a: Slowking|30\/100 par\n|cant|p1a: Slowking|par\n|\n|upkeep\n|turn|26\n|\n|t:|1699369085\n|move|p2a: Heatran|Earthquake|p1a: Slowking\n|-damage|p1a: Slowking|16\/100 par\n|move|p1a: Slowking|Trick Room|p1a: Slowking\n|-fieldstart|move: Trick Room|[of] p1a: Slowking\n|\n|upkeep\n|turn|27\n|\n|t:|1699369090\n|cant|p1a: Slowking|par\n|move|p2a: Heatran|Earthquake|p1a: Slowking\n|-damage|p1a: Slowking|2\/100 par\n|\n|upkeep\n|turn|28\n|\n|t:|1699369096\n|move|p1a: Slowking|Chilly Reception|p1a: Slowking\n|-weather|Snow\n|\n|t:|1699369102\n|switch|p1a: Slowbro|Slowbro, M|84\/100|[from] Chilly Reception\n|move|p2a: Heatran|Earthquake|p1a: Slowbro\n|-damage|p1a: Slowbro|73\/100\n|\n|-weather|Snow|[upkeep]\n|upkeep\n|turn|29\n|\n|t:|1699369109\n|move|p1a: Slowbro|Scald|p2a: Heatran\n|-supereffective|p2a: Heatran\n|-damage|p2a: Heatran|0 fnt\n|faint|p2a: Heatran\n|\n|-weather|Snow|[upkeep]\n|upkeep\n|\n|t:|1699369115\n|switch|p2a: Kingambit|Kingambit, F|100\/100\n|-activate|p2a: Kingambit|ability: Supreme Overlord\n|-start|p2a: Kingambit|fallen5|[silent]\n|turn|30\n|\n|t:|1699369136\n|move|p1a: Slowbro|Flamethrower|p2a: Kingambit\n|-supereffective|p2a: Kingambit\n|-damage|p2a: Kingambit|32\/100\n|move|p2a: Kingambit|Dark Pulse|p1a: Slowbro\n|-supereffective|p1a: Slowbro\n|-damage|p1a: Slowbro|15\/100\n|\n|-weather|Snow|[upkeep]\n|-fieldend|move: Trick Room\n|upkeep\n|turn|31\n|\n|t:|1699369145\n|move|p2a: Kingambit|Dark Pulse|p1a: Slowbro\n|-supereffective|p1a: Slowbro\n|-damage|p1a: Slowbro|0 fnt\n|faint|p1a: Slowbro\n|\n|-weather|Snow|[upkeep]\n|-sideend|p1: jerry_g13|Reflect\n|upkeep\n|\n|t:|1699369152\n|switch|p1a: Slowking|Slowking-Galar, F|100\/100\n|turn|32\n|\n|t:|1699369159\n|move|p2a: Kingambit|Flash Cannon|p1a: Slowking\n|-damage|p1a: Slowking|71\/100\n|move|p1a: Slowking|Blizzard|p2a: Kingambit\n|-resisted|p2a: Kingambit\n|-damage|p2a: Kingambit|10\/100\n|\n|-weather|none\n|upkeep\n|turn|33\n|\n|t:|1699369167\n|move|p2a: Kingambit|Focus Blast|p1a: Slowking|[miss]\n|-miss|p2a: Kingambit|p1a: Slowking\n|move|p1a: Slowking|Blizzard|p2a: Kingambit|[miss]\n|-miss|p1a: Slowking|p2a: Kingambit\n|\n|upkeep\n|turn|34\n|\n|t:|1699369174\n|move|p2a: Kingambit|Focus Blast|p1a: Slowking\n|-resisted|p1a: Slowking\n|-damage|p1a: Slowking|63\/100\n|-unboost|p1a: Slowking|spd|1\n|move|p1a: Slowking|Blizzard|p2a: Kingambit\n|-resisted|p2a: Kingambit\n|-damage|p2a: Kingambit|0 fnt\n|faint|p2a: Kingambit\n|-end|p2a: Kingambit|fallen5|[silent]\n|\n|win|jerry_g13\n|raw|jerry_g13's rating: 1033 &rarr; <strong>1065<\/strong><br \/>(+32 for winning)\n|raw|Lionelbahen's rating: 1000 &rarr; <strong>1000<\/strong><br \/>(+0 for losing)\n","uploadtime":1699369184,"views":4,"p1id":"jerryg13","p2id":"lionelbahen","formatid":"gen9anythinggoes","rating":1000,"private":0,"password":""}