{"id":"gen9anythinggoes-1977054347","p1":"Alple712","p2":"I AM NOT POOKIE","format":"[Gen 9] Anything Goes","log":"|j|\u2606Alple712\n|j|\u2606I AM NOT POOKIE\n|t:|1698366396\n|gametype|singles\n|player|p1|Alple712|nate|1046\n|player|p2|I AM NOT POOKIE|shauntal|1000\n|teamsize|p1|6\n|teamsize|p2|6\n|gen|9\n|tier|[Gen 9] Anything Goes\n|rated|\n|rule|HP Percentage Mod: HP is shown in percentages\n|rule|Endless Battle Clause: Forcing endless battles is banned\n|clearpoke\n|poke|p1|Empoleon, M|\n|poke|p1|Zapdos|\n|poke|p1|Kingambit, F|\n|poke|p1|Dragapult, M|\n|poke|p1|Volcarona, F|\n|poke|p1|Gliscor, M|\n|poke|p2|Blissey, F|\n|poke|p2|Eelektross, M|\n|poke|p2|Drifblim, F|\n|poke|p2|Ditto|\n|poke|p2|Basculin-White-Striped, M|\n|poke|p2|Zoroark-Hisui, M|\n|teampreview\n|\n|t:|1698366407\n|start\n|switch|p1a: Veloz|Empoleon, M|100\/100\n|switch|p2a: Drifblim|Drifblim, F|100\/100\n|turn|1\n|\n|t:|1698366419\n|move|p2a: Drifblim|Minimize|p2a: Drifblim\n|-boost|p2a: Drifblim|evasion|2\n|move|p1a: Veloz|Rain Dance|p1a: Veloz\n|-weather|RainDance\n|\n|-weather|RainDance|[upkeep]\n|upkeep\n|turn|2\n|\n|t:|1698366430\n|switch|p1a: Volty|Zapdos|100\/100\n|move|p2a: Drifblim|Minimize|p2a: Drifblim\n|-boost|p2a: Drifblim|evasion|2\n|\n|-weather|RainDance|[upkeep]\n|upkeep\n|turn|3\n|\n|t:|1698366438\n|move|p1a: Volty|Thunder|p2a: Drifblim\n|-supereffective|p2a: Drifblim\n|-damage|p2a: Drifblim|0 fnt\n|faint|p2a: Drifblim\n|\n|-weather|RainDance|[upkeep]\n|upkeep\n|\n|t:|1698366442\n|switch|p2a: Blissey|Blissey, F|100\/100\n|turn|4\n|\n|t:|1698366449\n|move|p1a: Volty|Weather Ball|p2a: Blissey\n|-damage|p2a: Blissey|83\/100\n|move|p2a: Blissey|Healing Wish|p2a: Blissey\n|faint|p2a: Blissey\n|\n|-weather|RainDance|[upkeep]\n|upkeep\n|\n|t:|1698366459\n|switch|p2a: Eelektross|Eelektross, M, shiny|100\/100\n|turn|5\n|\n|t:|1698366470\n|move|p1a: Volty|Heat Wave|p2a: Eelektross\n|-damage|p2a: Eelektross|82\/100\n|move|p2a: Eelektross|Outrage|p1a: Volty\n|-damage|p1a: Volty|50\/100\n|\n|-weather|none\n|-heal|p1a: Volty|56\/100|[from] item: Leftovers\n|upkeep\n|turn|6\n|\n|t:|1698366481\n|switch|p1a: Venom|Gliscor, M|100\/100\n|move|p2a: Eelektross|Outrage|p1a: Venom|[from]lockedmove\n|-damage|p1a: Venom|60\/100\n|-damage|p2a: Eelektross|65\/100|[from] item: Rocky Helmet|[of] p1a: Venom\n|-start|p2a: Eelektross|confusion|[fatigue]\n|\n|upkeep\n|turn|7\n|\n|t:|1698366492\n|move|p1a: Venom|Earthquake|p2a: Eelektross\n|-immune|p2a: Eelektross|[from] ability: Levitate\n|-activate|p2a: Eelektross|confusion\n|move|p2a: Eelektross|Flamethrower|p1a: Venom\n|-damage|p1a: Venom|30\/100\n|\n|upkeep\n|turn|8\n|\n|t:|1698366505\n|move|p1a: Venom|Crunch|p2a: Eelektross\n|-damage|p2a: Eelektross|38\/100\n|-damage|p1a: Venom|14\/100|[from] item: Rocky Helmet|[of] p2a: Eelektross\n|-activate|p2a: Eelektross|confusion\n|move|p2a: Eelektross|Flamethrower|p1a: Venom\n|-damage|p1a: Venom|0 fnt\n|faint|p1a: Venom\n|\n|upkeep\n|\n|t:|1698366526\n|switch|p1a: Voila|Volcarona, F|100\/100\n|turn|9\n|\n|t:|1698366538\n|move|p1a: Voila|Bug Buzz|p2a: Eelektross\n|-damage|p2a: Eelektross|0 fnt\n|faint|p2a: Eelektross\n|\n|upkeep\n|\n|t:|1698366546\n|switch|p2a: Basculin|Basculin-White-Striped, M|100\/100\n|turn|10\n|\n|t:|1698366557\n|move|p2a: Basculin|Substitute|p2a: Basculin\n|-start|p2a: Basculin|Substitute\n|-damage|p2a: Basculin|76\/100\n|move|p1a: Voila|Giga Drain|p2a: Basculin\n|-end|p2a: Basculin|Substitute\n|\n|upkeep\n|turn|11\n|\n|t:|1698366565\n|move|p2a: Basculin|Poltergeist|p1a: Voila\n|-activate|p1a: Voila|move: Poltergeist|Leftovers\n|-damage|p1a: Voila|46\/100\n|move|p1a: Voila|Giga Drain|p2a: Basculin\n|-damage|p2a: Basculin|28\/100\n|-heal|p1a: Voila|65\/100|[from] drain|[of] p2a: Basculin\n|replace|p2a: Zoroark|Zoroark-Hisui, M, shiny\n|-end|p2a: Zoroark|Illusion\n|\n|-heal|p1a: Voila|71\/100|[from] item: Leftovers\n|upkeep\n|turn|12\n|\n|t:|1698366580\n|move|p2a: Zoroark|Poltergeist|p1a: Voila\n|-activate|p1a: Voila|move: Poltergeist|Leftovers\n|-damage|p1a: Voila|18\/100\n|move|p1a: Voila|Bug Buzz|p2a: Zoroark\n|-resisted|p2a: Zoroark\n|-damage|p2a: Zoroark|0 fnt\n|faint|p2a: Zoroark\n|\n|-heal|p1a: Voila|24\/100|[from] item: Leftovers\n|upkeep\n|\n|t:|1698366585\n|switch|p2a: Ditto|Ditto|100\/100\n|-transform|p2a: Ditto|p1a: Voila|[from] ability: Imposter\n|turn|13\n|\n|t:|1698366602\n|move|p1a: Voila|Heat Wave|p2a: Ditto\n|-damage|p2a: Ditto|57\/100\n|move|p2a: Ditto|Quiver Dance|p2a: Ditto\n|-boost|p2a: Ditto|spa|1\n|-boost|p2a: Ditto|spd|1\n|-boost|p2a: Ditto|spe|1\n|\n|-heal|p2a: Ditto|62\/100|[from] item: Leftovers\n|-heal|p1a: Voila|30\/100|[from] item: Leftovers\n|upkeep\n|turn|14\n|\n|t:|1698366610\n|move|p2a: Ditto|Quiver Dance|p2a: Ditto\n|-boost|p2a: Ditto|spa|1\n|-boost|p2a: Ditto|spd|1\n|-boost|p2a: Ditto|spe|1\n|move|p1a: Voila|Heat Wave|p2a: Ditto\n|-damage|p2a: Ditto|39\/100\n|\n|-heal|p2a: Ditto|45\/100|[from] item: Leftovers\n|-heal|p1a: Voila|36\/100|[from] item: Leftovers\n|upkeep\n|turn|15\n|\n|t:|1698366622\n|move|p2a: Ditto|Heat Wave|p1a: Voila\n|-damage|p1a: Voila|0 fnt\n|faint|p1a: Voila\n|\n|-heal|p2a: Ditto|51\/100|[from] item: Leftovers\n|upkeep\n|\n|t:|1698366630\n|switch|p1a: Veloz|Empoleon, M|100\/100\n|turn|16\n|\n|t:|1698366638\n|move|p2a: Ditto|Giga Drain|p1a: Veloz\n|-damage|p1a: Veloz|55\/100\n|-heal|p2a: Ditto|75\/100|[from] drain|[of] p1a: Veloz\n|move|p1a: Veloz|Rain Dance|p1a: Veloz\n|-weather|RainDance\n|\n|-weather|RainDance|[upkeep]\n|-heal|p2a: Ditto|81\/100|[from] item: Leftovers\n|upkeep\n|turn|17\n|\n|t:|1698366647\n|move|p2a: Ditto|Giga Drain|p1a: Veloz\n|-crit|p1a: Veloz\n|-damage|p1a: Veloz|0 fnt\n|-heal|p2a: Ditto|100\/100|[from] drain|[of] p1a: Veloz\n|faint|p1a: Veloz\n|\n|-weather|RainDance|[upkeep]\n|upkeep\n|\n|t:|1698366654\n|switch|p1a: Volty|Zapdos|56\/100\n|turn|18\n|\n|t:|1698366662\n|-terastallize|p2a: Ditto|Normal\n|move|p2a: Ditto|Heat Wave|p1a: Volty\n|-damage|p1a: Volty|10\/100\n|move|p1a: Volty|Thunder|p2a: Ditto\n|-damage|p2a: Ditto|69\/100\n|\n|-weather|RainDance|[upkeep]\n|-heal|p2a: Ditto|75\/100|[from] item: Leftovers\n|-heal|p1a: Volty|16\/100|[from] item: Leftovers\n|upkeep\n|turn|19\n|\n|t:|1698366677\n|move|p2a: Ditto|Heat Wave|p1a: Volty\n|-damage|p1a: Volty|0 fnt\n|faint|p1a: Volty\n|\n|-weather|RainDance|[upkeep]\n|-heal|p2a: Ditto|81\/100|[from] item: Leftovers\n|upkeep\n|\n|t:|1698366686\n|switch|p1a: Vlad|Dragapult, M|100\/100\n|turn|20\n|\n|t:|1698366701\n|move|p2a: Ditto|Giga Drain|p1a: Vlad\n|-resisted|p1a: Vlad\n|-damage|p1a: Vlad|74\/100\n|-heal|p2a: Ditto|95\/100|[from] drain|[of] p1a: Vlad\n|move|p1a: Vlad|Dragon Dance|p1a: Vlad\n|-boost|p1a: Vlad|atk|1\n|-boost|p1a: Vlad|spe|1\n|\n|-weather|none\n|-heal|p2a: Ditto|100\/100|[from] item: Leftovers\n|upkeep\n|turn|21\n|\n|t:|1698366713\n|move|p2a: Ditto|Bug Buzz|p1a: Vlad\n|-resisted|p1a: Vlad\n|-damage|p1a: Vlad|31\/100\n|move|p1a: Vlad|Dragon Claw|p2a: Ditto\n|-damage|p2a: Ditto|29\/100\n|\n|-heal|p2a: Ditto|35\/100|[from] item: Leftovers\n|upkeep\n|turn|22\n|\n|t:|1698366727\n|move|p2a: Ditto|Bug Buzz|p1a: Vlad\n|-resisted|p1a: Vlad\n|-damage|p1a: Vlad|0 fnt\n|faint|p1a: Vlad\n|\n|-heal|p2a: Ditto|41\/100|[from] item: Leftovers\n|upkeep\n|\n|t:|1698366733\n|switch|p1a: Victor|Kingambit, F, shiny|100\/100\n|-activate|p1a: Victor|ability: Supreme Overlord\n|-start|p1a: Victor|fallen5|[silent]\n|-item|p1a: Victor|Air Balloon\n|turn|23\n|\n|t:|1698366745\n|move|p1a: Victor|Sucker Punch|p2a: Ditto\n|-damage|p2a: Ditto|0 fnt\n|faint|p2a: Ditto\n|\n|upkeep\n|\n|t:|1698366748\n|switch|p2a: Basculin|Basculin-White-Striped, M|100\/100\n|turn|24\n|\n|t:|1698366751\n|move|p1a: Victor|Sucker Punch|p2a: Basculin\n|-damage|p2a: Basculin|44\/100\n|-ability|p2a: Basculin|Rattled|boost\n|-boost|p2a: Basculin|spe|1\n|move|p2a: Basculin|Last Respects|p1a: Victor\n|-resisted|p1a: Victor\n|-damage|p1a: Victor|74\/100\n|-enditem|p1a: Victor|Air Balloon\n|\n|upkeep\n|turn|25\n|\n|t:|1698366760\n|move|p1a: Victor|Sucker Punch|p2a: Basculin\n|-damage|p2a: Basculin|0 fnt\n|faint|p2a: Basculin\n|\n|win|Alple712\n|raw|Alple712's rating: 1046 &rarr; <strong>1075<\/strong><br \/>(+29 for winning)\n|raw|I AM NOT POOKIE's rating: 1000 &rarr; <strong>1000<\/strong><br \/>(+0 for losing)\n|l|\u2606I AM NOT POOKIE\n","uploadtime":1698366769,"views":12,"p1id":"alple712","p2id":"iamnotpookie","formatid":"gen9anythinggoes","rating":1000,"private":0,"password":""}