{"id":"gen9anythinggoes-1973746092","p1":"Crustles","p2":"kingdragon9571","format":"[Gen 9] Anything Goes","log":"|j|\u2606Crustles\n|j|\u2606kingdragon9571\n|t:|1698009223\n|gametype|singles\n|player|p1|Crustles|carmine-festival|\n|player|p2|kingdragon9571|169|\n|teamsize|p1|6\n|teamsize|p2|6\n|gen|9\n|tier|[Gen 9] Anything Goes\n|rule|HP Percentage Mod: HP is shown in percentages\n|rule|Endless Battle Clause: Forcing endless battles is banned\n|clearpoke\n|poke|p1|Kyogre|\n|poke|p1|Basculegion, M|\n|poke|p1|Walking Wake|\n|poke|p1|Greninja-*, M|\n|poke|p1|Regieleki|\n|poke|p1|Ditto|\n|poke|p2|Ditto|\n|poke|p2|Ditto|\n|poke|p2|Ditto|\n|poke|p2|Ditto|\n|poke|p2|Ditto|\n|poke|p2|Ditto|\n|teampreview\n|inactive|Battle timer is ON: inactive players will automatically lose when time's up. (requested by Crustles)\n|c|\u2606kingdragon9571|ok diffent team\n|c|\u2606Crustles|yup\n|inactive|Crustles has 270 seconds left.\n|\n|t:|1698009259\n|start\n|switch|p1a: Kyogre|Kyogre|100\/100\n|switch|p2a: Ditto|Ditto, shiny|100\/100\n|-weather|RainDance|[from] ability: Drizzle|[of] p1a: Kyogre\n|-transform|p2a: Ditto|p1a: Kyogre|[from] ability: Imposter\n|turn|1\n|c|\u2606kingdragon9571|does your ditto transform\n|\n|t:|1698009280\n|move|p1a: Kyogre|Thunder|p2a: Ditto\n|-supereffective|p2a: Ditto\n|-damage|p2a: Ditto|33\/100\n|-status|p2a: Ditto|par\n|move|p2a: Ditto|Thunder|p1a: Kyogre\n|-supereffective|p1a: Kyogre\n|-damage|p1a: Kyogre|34\/100\n|\n|-weather|RainDance|[upkeep]\n|-heal|p2a: Ditto|39\/100 par|[from] item: Leftovers\n|upkeep\n|turn|2\n|c|\u2606Crustles|Ditto can't transform into another mon that's already transformed\n|c|\u2606kingdragon9571|ok\n|c|\u2606Crustles|or if the target is behind a substitute\n|\n|t:|1698009305\n|move|p1a: Kyogre|Thunder|p2a: Ditto\n|-supereffective|p2a: Ditto\n|-damage|p2a: Ditto|0 fnt\n|faint|p2a: Ditto\n|\n|-weather|RainDance|[upkeep]\n|upkeep\n|\n|t:|1698009310\n|switch|p2a: Ditto|Ditto, shiny|100\/100\n|-transform|p2a: Ditto|p1a: Kyogre|[from] ability: Imposter\n|turn|3\n|\n|t:|1698009314\n|move|p1a: Kyogre|Thunder|p2a: Ditto\n|-supereffective|p2a: Ditto\n|-damage|p2a: Ditto|29\/100\n|move|p2a: Ditto|Thunder|p1a: Kyogre\n|-supereffective|p1a: Kyogre\n|-damage|p1a: Kyogre|0 fnt\n|faint|p1a: Kyogre\n|\n|-weather|RainDance|[upkeep]\n|-heal|p2a: Ditto|35\/100|[from] item: Leftovers\n|upkeep\n|\n|t:|1698009332\n|switch|p1a: Basculegion|Basculegion, M|100\/100\n|turn|4\n|\n|t:|1698009349\n|move|p1a: Basculegion|Flip Turn|p2a: Ditto\n|-resisted|p2a: Ditto\n|-damage|p2a: Ditto|0 fnt\n|faint|p2a: Ditto\n|\n|t:|1698009360\n|switch|p1a: Walking Wake|Walking Wake|100\/100|[from] Flip Turn\n|\n|-weather|RainDance|[upkeep]\n|upkeep\n|\n|t:|1698009363\n|switch|p2a: Ditto|Ditto, shiny|100\/100\n|-transform|p2a: Ditto|p1a: Walking Wake|[from] ability: Imposter\n|turn|5\n|\n|t:|1698009368\n|-terastallize|p1a: Walking Wake|Water\n|move|p2a: Ditto|Draco Meteor|p1a: Walking Wake\n|-damage|p1a: Walking Wake|25\/100\n|-unboost|p2a: Ditto|spa|2\n|move|p1a: Walking Wake|Draco Meteor|p2a: Ditto\n|-supereffective|p2a: Ditto\n|-damage|p2a: Ditto|0 fnt\n|-unboost|p1a: Walking Wake|spa|2\n|faint|p2a: Ditto\n|-end|p2a: Ditto|Protosynthesis|[silent]\n|\n|-weather|none\n|upkeep\n|\n|t:|1698009373\n|switch|p2a: Ditto|Ditto, shiny|100\/100\n|-transform|p2a: Ditto|p1a: Walking Wake|[from] ability: Imposter\n|-start|p2a: Ditto|typechange|Water\/Dragon|[silent]\n|turn|6\n|\n|t:|1698009382\n|move|p1a: Walking Wake|Draco Meteor|p2a: Ditto\n|-supereffective|p2a: Ditto\n|-damage|p2a: Ditto|0 fnt\n|-unboost|p1a: Walking Wake|spa|2\n|faint|p2a: Ditto\n|-end|p2a: Ditto|Protosynthesis|[silent]\n|\n|upkeep\n|\n|t:|1698009386\n|switch|p2a: Ditto|Ditto, shiny|100\/100\n|-transform|p2a: Ditto|p1a: Walking Wake|[from] ability: Imposter\n|-start|p2a: Ditto|typechange|Water\/Dragon|[silent]\n|turn|7\n|\n|t:|1698009390\n|move|p1a: Walking Wake|Draco Meteor|p2a: Ditto|[miss]\n|-miss|p1a: Walking Wake|p2a: Ditto\n|move|p2a: Ditto|Draco Meteor|p1a: Walking Wake\n|-damage|p1a: Walking Wake|0 fnt\n|-unboost|p2a: Ditto|spa|2\n|faint|p1a: Walking Wake\n|-end|p1a: Walking Wake|Protosynthesis|[silent]\n|\n|upkeep\n|\n|t:|1698009397\n|switch|p1a: Basculegion|Basculegion, M|100\/100\n|turn|8\n|\n|t:|1698009402\n|move|p2a: Ditto|Draco Meteor|p1a: Basculegion\n|-damage|p1a: Basculegion|82\/100\n|move|p1a: Basculegion|Last Respects|p2a: Ditto\n|-damage|p2a: Ditto|0 fnt\n|faint|p2a: Ditto\n|-end|p2a: Ditto|Protosynthesis|[silent]\n|\n|upkeep\n|\n|t:|1698009406\n|switch|p2a: Ditto|Ditto, shiny|100\/100\n|-transform|p2a: Ditto|p1a: Basculegion|[from] ability: Imposter\n|turn|9\n|\n|t:|1698009410\n|move|p1a: Basculegion|Last Respects|p2a: Ditto\n|-supereffective|p2a: Ditto\n|-damage|p2a: Ditto|0 fnt\n|faint|p2a: Ditto\n|\n|win|Crustles\n|c|\u2606Crustles|gg\n","uploadtime":1698009416,"views":6,"p1id":"crustles","p2id":"kingdragon9571","formatid":"gen9anythinggoes","rating":0,"private":0,"password":""}