{"id":"gen9anythinggoes-1990149374","p1":"Khryce","p2":"Violeteyelights","format":"[Gen 9] Anything Goes","log":"|j|\u2606Khryce\n|j|\u2606Violeteyelights\n|t:|1699929966\n|gametype|singles\n|player|p1|Khryce|preschooler|1162\n|player|p2|Violeteyelights|flannery|1218\n|teamsize|p1|6\n|teamsize|p2|6\n|gen|9\n|tier|[Gen 9] Anything Goes\n|rated|\n|rule|HP Percentage Mod: HP is shown in percentages\n|rule|Endless Battle Clause: Forcing endless battles is banned\n|clearpoke\n|poke|p1|Sneasler, M|\n|poke|p1|Hawlucha, M|\n|poke|p1|Drifblim, F|\n|poke|p1|Grafaiai, F|\n|poke|p1|Farigiraf, M|\n|poke|p1|Tsareena, F|\n|poke|p2|Espathra, M|\n|poke|p2|Garchomp, F|\n|poke|p2|Arceus|\n|poke|p2|Shaymin-Sky|\n|poke|p2|Golem-Alola, M|\n|poke|p2|Eternatus|\n|teampreview\n|inactive|Battle timer is ON: inactive players will automatically lose when time's up. (requested by Violeteyelights)\n|\n|t:|1699929972\n|start\n|switch|p1a: Grafaiai|Grafaiai, F|100\/100\n|switch|p2a: Golem|Golem-Alola, M, shiny|100\/100\n|turn|1\n|\n|t:|1699929984\n|move|p1a: Grafaiai|Parting Shot|p2a: Golem\n|-unboost|p2a: Golem|atk|1\n|-unboost|p2a: Golem|spa|1\n|\n|t:|1699929987\n|switch|p1a: Tsareena|Tsareena, F|100\/100|[from] Parting Shot\n|move|p2a: Golem|Stealth Rock|p1a: Tsareena\n|-sidestart|p1: Khryce|move: Stealth Rock\n|\n|upkeep\n|turn|2\n|\n|t:|1699929992\n|switch|p2a: Eternatus|Eternatus|100\/100\n|-ability|p2a: Eternatus|Pressure\n|move|p1a: Tsareena|Trop Kick|p2a: Eternatus\n|-resisted|p2a: Eternatus\n|-damage|p2a: Eternatus|94\/100\n|-unboost|p2a: Eternatus|atk|1\n|\n|-heal|p2a: Eternatus|99\/100|[from] item: Leftovers\n|upkeep\n|turn|3\n|\n|t:|1699930006\n|move|p2a: Eternatus|Fire Spin|p1a: Tsareena\n|-supereffective|p1a: Tsareena\n|-damage|p1a: Tsareena|87\/100\n|-activate|p1a: Tsareena|move: Fire Spin|[of] p2a: Eternatus\n|move|p1a: Tsareena|Rapid Spin|p2a: Eternatus\n|-damage|p2a: Eternatus|87\/100\n|-boost|p1a: Tsareena|spe|1\n|-sideend|p1: Khryce|Stealth Rock|[from] move: Rapid Spin|[of] p1a: Tsareena\n|-end|p1a: Tsareena|Fire Spin|[partiallytrapped]\n|\n|-heal|p2a: Eternatus|94\/100|[from] item: Leftovers\n|upkeep\n|turn|4\n|\n|t:|1699930018\n|switch|p1a: Grafaiai|Grafaiai, F|100\/100\n|move|p2a: Eternatus|Toxic|p1a: Grafaiai\n|-immune|p1a: Grafaiai\n|\n|-heal|p2a: Eternatus|99\/100|[from] item: Leftovers\n|upkeep\n|turn|5\n|\n|t:|1699930026\n|switch|p2a: Golem|Golem-Alola, M, shiny|100\/100\n|move|p1a: Grafaiai|Knock Off|p2a: Golem\n|-damage|p2a: Golem|80\/100\n|-enditem|p2a: Golem|Focus Sash|[from] move: Knock Off|[of] p1a: Grafaiai\n|\n|upkeep\n|turn|6\n|\n|t:|1699930035\n|move|p1a: Grafaiai|Parting Shot|p2a: Golem\n|-unboost|p2a: Golem|atk|1\n|-unboost|p2a: Golem|spa|1\n|\n|t:|1699930044\n|switch|p1a: Tsareena|Tsareena, F|87\/100|[from] Parting Shot\n|move|p2a: Golem|Rock Tomb|p1a: Tsareena\n|-damage|p1a: Tsareena|64\/100\n|-unboost|p1a: Tsareena|spe|1\n|\n|upkeep\n|turn|7\n|\n|t:|1699930052\n|move|p1a: Tsareena|Trop Kick|p2a: Golem\n|-supereffective|p2a: Golem\n|-damage|p2a: Golem|11\/100\n|-unboost|p2a: Golem|atk|1\n|move|p2a: Golem|Explosion|p1a: Tsareena\n|-resisted|p1a: Tsareena\n|-damage|p1a: Tsareena|24\/100\n|faint|p2a: Golem\n|\n|upkeep\n|\n|t:|1699930070\n|switch|p2a: Arceus|Arceus, shiny|100\/100\n|turn|8\n|\n|t:|1699930077\n|switch|p1a: Drifblim|Drifblim, F|100\/100\n|move|p2a: Arceus|Swords Dance|p2a: Arceus\n|-boost|p2a: Arceus|atk|2\n|\n|-status|p1a: Drifblim|brn|[from] item: Flame Orb\n|upkeep\n|turn|9\n|\n|t:|1699930085\n|switch|p2a: Eternatus|Eternatus|99\/100\n|-ability|p2a: Eternatus|Pressure\n|move|p1a: Drifblim|Clear Smog|p2a: Eternatus\n|-resisted|p2a: Eternatus\n|-damage|p2a: Eternatus|93\/100\n|-clearboost|p2a: Eternatus\n|\n|-heal|p2a: Eternatus|99\/100|[from] item: Leftovers\n|-damage|p1a: Drifblim|94\/100 brn|[from] brn\n|upkeep\n|turn|10\n|\n|t:|1699930101\n|switch|p1a: Grafaiai|Grafaiai, F|100\/100\n|move|p2a: Eternatus|Fire Spin|p1a: Grafaiai|[miss]\n|-miss|p2a: Eternatus|p1a: Grafaiai\n|\n|-heal|p2a: Eternatus|100\/100|[from] item: Leftovers\n|upkeep\n|turn|11\n|\n|t:|1699930112\n|move|p2a: Eternatus|Fire Spin|p1a: Grafaiai\n|-damage|p1a: Grafaiai|89\/100\n|-activate|p1a: Grafaiai|move: Fire Spin|[of] p2a: Eternatus\n|move|p1a: Grafaiai|Knock Off|p2a: Eternatus\n|-damage|p2a: Eternatus|85\/100\n|-enditem|p2a: Eternatus|Leftovers|[from] move: Knock Off|[of] p1a: Grafaiai\n|\n|-damage|p1a: Grafaiai|76\/100|[from] move: Fire Spin|[partiallytrapped]\n|upkeep\n|turn|12\n|\n|t:|1699930121\n|move|p2a: Eternatus|Fire Spin|p1a: Grafaiai\n|-damage|p1a: Grafaiai|64\/100\n|move|p1a: Grafaiai|Foul Play|p2a: Eternatus\n|-damage|p2a: Eternatus|75\/100\n|\n|-damage|p1a: Grafaiai|51\/100|[from] move: Fire Spin|[partiallytrapped]\n|upkeep\n|turn|13\n|\n|t:|1699930128\n|move|p2a: Eternatus|Fire Spin|p1a: Grafaiai|[miss]\n|-miss|p2a: Eternatus|p1a: Grafaiai\n|move|p1a: Grafaiai|Foul Play|p2a: Eternatus\n|-damage|p2a: Eternatus|66\/100\n|\n|-damage|p1a: Grafaiai|39\/100|[from] move: Fire Spin|[partiallytrapped]\n|upkeep\n|turn|14\n|\n|t:|1699930135\n|move|p2a: Eternatus|Recover|p2a: Eternatus\n|-heal|p2a: Eternatus|100\/100\n|move|p1a: Grafaiai|Foul Play|p2a: Eternatus\n|-damage|p2a: Eternatus|90\/100\n|\n|-damage|p1a: Grafaiai|26\/100|[from] move: Fire Spin|[partiallytrapped]\n|upkeep\n|turn|15\n|\n|t:|1699930143\n|move|p2a: Eternatus|Fire Spin|p1a: Grafaiai\n|-damage|p1a: Grafaiai|13\/100\n|move|p1a: Grafaiai|Foul Play|p2a: Eternatus\n|-damage|p2a: Eternatus|79\/100\n|\n|-end|p1a: Grafaiai|Fire Spin|[partiallytrapped]\n|upkeep\n|turn|16\n|\n|t:|1699930149\n|move|p1a: Grafaiai|Parting Shot|p2a: Eternatus\n|-unboost|p2a: Eternatus|atk|1\n|-unboost|p2a: Eternatus|spa|1\n|\n|t:|1699930152\n|switch|p1a: Farigiraf|Farigiraf, M|100\/100|[from] Parting Shot\n|move|p2a: Eternatus|Fire Spin|p1a: Farigiraf\n|-damage|p1a: Farigiraf|93\/100\n|-activate|p1a: Farigiraf|move: Fire Spin|[of] p2a: Eternatus\n|\n|-damage|p1a: Farigiraf|80\/100|[from] move: Fire Spin|[partiallytrapped]\n|upkeep\n|turn|17\n|\n|t:|1699930164\n|-terastallize|p2a: Eternatus|Water\n|move|p2a: Eternatus|Toxic|p1a: Farigiraf\n|-status|p1a: Farigiraf|tox\n|move|p1a: Farigiraf|Trick Room|p1a: Farigiraf\n|-fieldstart|move: Trick Room|[of] p1a: Farigiraf\n|\n|-damage|p1a: Farigiraf|74\/100 tox|[from] psn\n|-damage|p1a: Farigiraf|62\/100 tox|[from] move: Fire Spin|[partiallytrapped]\n|upkeep\n|turn|18\n|\n|t:|1699930178\n|move|p1a: Farigiraf|Twin Beam|p2a: Eternatus\n|-damage|p2a: Eternatus|68\/100\n|-damage|p2a: Eternatus|57\/100\n|-hitcount|p2a: Eternatus|2\n|move|p2a: Eternatus|Cosmic Power|p2a: Eternatus\n|-boost|p2a: Eternatus|def|1\n|-boost|p2a: Eternatus|spd|1\n|\n|-damage|p1a: Farigiraf|50\/100 tox|[from] psn\n|-damage|p1a: Farigiraf|37\/100 tox|[from] move: Fire Spin|[partiallytrapped]\n|upkeep\n|turn|19\n|\n|t:|1699930187\n|move|p2a: Eternatus|Recover|p2a: Eternatus\n|-heal|p2a: Eternatus|100\/100\n|move|p1a: Farigiraf|Roar|p2a: Eternatus\n|drag|p2a: Arceus|Arceus, shiny|100\/100\n|\n|-damage|p1a: Farigiraf|19\/100 tox|[from] psn\n|-end|p1a: Farigiraf|Fire Spin|[partiallytrapped]|[silent]\n|upkeep\n|turn|20\n|\n|t:|1699930198\n|switch|p1a: Drifblim|Drifblim, F|94\/100 brn\n|move|p2a: Arceus|Taunt|p1a: Drifblim\n|-start|p1a: Drifblim|move: Taunt\n|\n|-damage|p1a: Drifblim|88\/100 brn|[from] brn\n|upkeep\n|turn|21\n|\n|t:|1699930207\n|switch|p2a: Shaymin|Shaymin-Sky|100\/100\n|move|p1a: Drifblim|Air Slash|p2a: Shaymin\n|-supereffective|p2a: Shaymin\n|-damage|p2a: Shaymin|0 fnt\n|faint|p2a: Shaymin\n|\n|-damage|p1a: Drifblim|82\/100 brn|[from] brn\n|-fieldend|move: Trick Room\n|upkeep\n|-message|Violeteyelights forfeited.\n|\n|win|Khryce\n|raw|Khryce's rating: 1162 &rarr; <strong>1191<\/strong><br \/>(+29 for winning)\n|raw|Violeteyelights's rating: 1218 &rarr; <strong>1189<\/strong><br \/>(-29 for losing)\n|l|\u2606Violeteyelights\n","uploadtime":1699930217,"views":16,"p1id":"khryce","p2id":"violeteyelights","formatid":"gen9anythinggoes","rating":1189,"private":0,"password":""}