{"id":"gen9anythinggoes-1988701535","p1":"lax7627","p2":"i'm drunk xd","format":"[Gen 9] Anything Goes","log":"|j|\u2606lax7627\n|j|\u2606i'm drunk xd\n|t:|1699752428\n|gametype|singles\n|player|p1|lax7627|fisherman-gen4|1153\n|player|p2|i'm drunk xd|cynthia|1290\n|teamsize|p1|6\n|teamsize|p2|6\n|gen|9\n|tier|[Gen 9] Anything Goes\n|rated|\n|rule|HP Percentage Mod: HP is shown in percentages\n|rule|Endless Battle Clause: Forcing endless battles is banned\n|clearpoke\n|poke|p1|Ditto|\n|poke|p1|Ditto|\n|poke|p1|Ditto|\n|poke|p1|Ditto|\n|poke|p1|Ditto|\n|poke|p1|Kingambit, F|\n|poke|p2|Ogerpon, F|\n|poke|p2|Tinkaton, F|\n|poke|p2|Iron Valiant|\n|poke|p2|Gholdengo|\n|poke|p2|Grimmsnarl, M|\n|poke|p2|Miraidon|\n|teampreview\n|c|\u2606i'm drunk xd|oh\n|c|\u2606i'm drunk xd|this is new\n|\n|t:|1699752451\n|start\n|switch|p1a: Ditto|Ditto|100\/100\n|switch|p2a: Kain|Grimmsnarl, M, shiny|100\/100\n|-transform|p1a: Ditto|p2a: Kain|[from] ability: Imposter\n|turn|1\n|\n|t:|1699752460\n|move|p1a: Ditto|Taunt|p2a: Kain\n|-hint|Since gen 7, Dark is immune to Prankster moves.\n|-immune|p2a: Kain\n|move|p2a: Kain|Reflect|p2a: Kain\n|-sidestart|p2: i'm drunk xd|Reflect\n|\n|upkeep\n|turn|2\n|c|\u2606lax7627|im slow\n|\n|t:|1699752470\n|move|p2a: Kain|Light Screen|p2a: Kain\n|-sidestart|p2: i'm drunk xd|move: Light Screen\n|move|p1a: Ditto|Reflect|p1a: Ditto\n|-sidestart|p1: lax7627|Reflect\n|\n|upkeep\n|turn|3\n|\n|t:|1699752481\n|switch|p2a: Cannapon|Ogerpon, F|100\/100\n|move|p1a: Ditto|Light Screen|p1a: Ditto\n|-sidestart|p1: lax7627|move: Light Screen\n|\n|upkeep\n|turn|4\n|\n|t:|1699752491\n|switch|p2a: Pawn Shop|Gholdengo, shiny|100\/100\n|move|p1a: Ditto|Taunt|p2a: Pawn Shop\n|-immune|p2a: Pawn Shop|[from] ability: Good as Gold\n|\n|upkeep\n|turn|5\n|\n|t:|1699752499\n|move|p1a: Ditto|Parting Shot|p2a: Pawn Shop\n|-immune|p2a: Pawn Shop|[from] ability: Good as Gold\n|move|p2a: Pawn Shop|Trick|p1a: Ditto\n|-activate|p2a: Pawn Shop|move: Trick|[of] p1a: Ditto\n|-item|p1a: Ditto|Choice Scarf|[from] move: Trick\n|-item|p2a: Pawn Shop|Leftovers|[from] move: Trick\n|\n|upkeep\n|turn|6\n|\n|t:|1699752509\n|switch|p1a: Ditto|Ditto|100\/100\n|-transform|p1a: Ditto|p2a: Pawn Shop|[from] ability: Imposter\n|move|p2a: Pawn Shop|Nasty Plot|p2a: Pawn Shop\n|-boost|p2a: Pawn Shop|spa|2\n|\n|-sideend|p1: lax7627|Reflect\n|upkeep\n|turn|7\n|\n|t:|1699752523\n|move|p1a: Ditto|Trick|p2a: Pawn Shop\n|-immune|p2a: Pawn Shop|[from] ability: Good as Gold\n|move|p2a: Pawn Shop|Shadow Ball|p1a: Ditto\n|-supereffective|p1a: Ditto\n|-damage|p1a: Ditto|0 fnt\n|faint|p1a: Ditto\n|\n|-sideend|p1: lax7627|move: Light Screen\n|upkeep\n|-message|lax7627 forfeited.\n|\n|win|i'm drunk xd\n|raw|lax7627's rating: 1153 &rarr; <strong>1137<\/strong><br \/>(-16 for losing)\n|raw|i&apos;m drunk xd's rating: 1290 &rarr; <strong>1306<\/strong><br \/>(+16 for winning)\n|l|\u2606lax7627\n|c|\u2606i'm drunk xd|ggs\n","uploadtime":1699752543,"views":5,"p1id":"lax7627","p2id":"imdrunkxd","formatid":"gen9anythinggoes","rating":1137,"private":0,"password":""}