{"id":"gen9anythinggoes-1989195978","p1":"seu minino","p2":"Torzzi","format":"[Gen 9] Anything Goes","log":"|j|\u2606seu minino\n|j|\u2606Torzzi\n|t:|1699822273\n|gametype|singles\n|player|p1|seu minino|wattson|1160\n|player|p2|Torzzi|unknown|1219\n|teamsize|p1|6\n|teamsize|p2|6\n|gen|9\n|tier|[Gen 9] Anything Goes\n|rated|\n|rule|HP Percentage Mod: HP is shown in percentages\n|rule|Endless Battle Clause: Forcing endless battles is banned\n|clearpoke\n|poke|p1|Zoroark-Hisui, F|\n|poke|p1|Eelektross, M|\n|poke|p1|Ninetales-Alola, F|\n|poke|p1|Gallade, M|\n|poke|p1|Tyranitar, M|\n|poke|p1|Quagsire, F|\n|poke|p2|Tyranitar, M|\n|poke|p2|Houndstone, F|\n|poke|p2|Amoonguss, F|\n|poke|p2|Garchomp, F|\n|poke|p2|Dugtrio, M|\n|poke|p2|Sandaconda, F|\n|teampreview\n|inactive|Battle timer is ON: inactive players will automatically lose when time's up. (requested by seu minino)\n|c|\u2606seu minino|nice team friend\n|\n|t:|1699822292\n|start\n|switch|p1a: Bah!|Quagsire, F, shiny|100\/100\n|switch|p2a: Tyranitar|Tyranitar, M, shiny|100\/100\n|-weather|Sandstorm|[from] ability: Sand Stream|[of] p2a: Tyranitar\n|turn|1\n|\n|t:|1699822301\n|move|p2a: Tyranitar|Stone Edge|p1a: Bah!\n|-resisted|p1a: Bah!\n|-damage|p1a: Bah!|72\/100\n|move|p1a: Bah!|Drain Punch|p2a: Tyranitar\n|-supereffective|p2a: Tyranitar\n|-damage|p2a: Tyranitar|21\/100\n|-heal|p1a: Bah!|100\/100|[from] drain|[of] p2a: Tyranitar\n|\n|-weather|Sandstorm|[upkeep]\n|upkeep\n|turn|2\n|\n|t:|1699822310\n|move|p2a: Tyranitar|Stealth Rock|p1a: Bah!\n|-sidestart|p1: seu minino|move: Stealth Rock\n|move|p1a: Bah!|Aqua Tail|p2a: Tyranitar\n|-supereffective|p2a: Tyranitar\n|-damage|p2a: Tyranitar|0 fnt\n|faint|p2a: Tyranitar\n|\n|-weather|Sandstorm|[upkeep]\n|upkeep\n|\n|t:|1699822316\n|switch|p2a: Garchomp|Garchomp, F, shiny|100\/100\n|turn|3\n|\n|t:|1699822323\n|move|p2a: Garchomp|Scale Shot|p1a: Bah!\n|-damage|p1a: Bah!|85\/100\n|-damage|p1a: Bah!|70\/100\n|-damage|p1a: Bah!|56\/100\n|-damage|p1a: Bah!|42\/100\n|-hitcount|p1a: Bah!|4\n|-unboost|p2a: Garchomp|def|1\n|-boost|p2a: Garchomp|spe|1\n|move|p1a: Bah!|Aqua Tail|p2a: Garchomp|[miss]\n|-miss|p1a: Bah!|p2a: Garchomp\n|\n|-weather|Sandstorm|[upkeep]\n|-heal|p1a: Bah!|48\/100|[from] item: Leftovers\n|upkeep\n|turn|4\n|\n|t:|1699822336\n|move|p2a: Garchomp|Iron Head|p1a: Bah!\n|-resisted|p1a: Bah!\n|-damage|p1a: Bah!|32\/100\n|cant|p1a: Bah!|flinch\n|\n|-weather|Sandstorm|[upkeep]\n|-heal|p1a: Bah!|39\/100|[from] item: Leftovers\n|upkeep\n|turn|5\n|\n|t:|1699822342\n|move|p2a: Garchomp|Scale Shot|p1a: Bah!\n|-damage|p1a: Bah!|25\/100\n|-damage|p1a: Bah!|9\/100\n|-damage|p1a: Bah!|0 fnt\n|faint|p1a: Bah!\n|-hitcount|p1: Bah!|3\n|-unboost|p2a: Garchomp|def|1\n|-boost|p2a: Garchomp|spe|1\n|\n|-weather|Sandstorm|[upkeep]\n|upkeep\n|\n|t:|1699822345\n|switch|p1a: Lolla|Ninetales-Alola, F, shiny|100\/100\n|-damage|p1a: Lolla|76\/100|[from] Stealth Rock\n|-weather|Snow|[from] ability: Snow Warning|[of] p1a: Lolla\n|turn|6\n|\n|t:|1699822354\n|move|p2a: Garchomp|Iron Head|p1a: Lolla\n|-supereffective|p1a: Lolla\n|-damage|p1a: Lolla|0 fnt\n|faint|p1a: Lolla\n|\n|-weather|Snow|[upkeep]\n|upkeep\n|\n|t:|1699822360\n|switch|p1a: Kairoju II|Tyranitar, M, shiny|100\/100\n|-damage|p1a: Kairoju II|88\/100|[from] Stealth Rock\n|turn|7\n|\n|t:|1699822371\n|move|p2a: Garchomp|Earthquake|p1a: Kairoju II\n|-damage|p1a: Kairoju II|0 fnt\n|replace|p1a: E-Girl|Zoroark-Hisui, F, shiny\n|-end|p1a: E-Girl|Illusion\n|faint|p1a: E-Girl\n|\n|-weather|Snow|[upkeep]\n|upkeep\n|\n|t:|1699822383\n|switch|p1a: Guerreiro Azul|Gallade, M, shiny|100\/100\n|-damage|p1a: Guerreiro Azul|94\/100|[from] Stealth Rock\n|turn|8\n|\n|t:|1699822388\n|move|p2a: Garchomp|Scale Shot|p1a: Guerreiro Azul\n|-damage|p1a: Guerreiro Azul|66\/100\n|-crit|p1a: Guerreiro Azul\n|-damage|p1a: Guerreiro Azul|20\/100\n|-damage|p1a: Guerreiro Azul|0 fnt\n|faint|p1a: Guerreiro Azul\n|-hitcount|p1: Guerreiro Azul|3\n|-unboost|p2a: Garchomp|def|1\n|-boost|p2a: Garchomp|spe|1\n|\n|-weather|Snow|[upkeep]\n|upkeep\n|\n|t:|1699822391\n|switch|p1a: Bolsonaro|Eelektross, M, shiny|100\/100\n|-damage|p1a: Bolsonaro|88\/100|[from] Stealth Rock\n|turn|9\n|\n|t:|1699822402\n|move|p2a: Garchomp|Scale Shot|p1a: Bolsonaro\n|-damage|p1a: Bolsonaro|72\/100\n|-damage|p1a: Bolsonaro|57\/100\n|-damage|p1a: Bolsonaro|41\/100\n|-damage|p1a: Bolsonaro|25\/100\n|-hitcount|p1a: Bolsonaro|4\n|-unboost|p2a: Garchomp|def|1\n|-boost|p2a: Garchomp|spe|1\n|move|p1a: Bolsonaro|Dragon Tail|p2a: Garchomp\n|-supereffective|p2a: Garchomp\n|-damage|p2a: Garchomp|15\/100\n|drag|p2a: Dugtrio|Dugtrio, M|100\/100\n|\n|-weather|Snow|[upkeep]\n|-heal|p1a: Bolsonaro|32\/100|[from] item: Leftovers\n|upkeep\n|turn|10\n|-message|seu minino forfeited.\n|\n|win|Torzzi\n|raw|seu minino's rating: 1160 &rarr; <strong>1139<\/strong><br \/>(-21 for losing)\n|raw|Torzzi's rating: 1219 &rarr; <strong>1240<\/strong><br \/>(+21 for winning)\n|l|\u2606seu minino\n","uploadtime":1699822428,"views":4,"p1id":"seuminino","p2id":"torzzi","formatid":"gen9anythinggoes","rating":1139,"private":0,"password":""}