{"id":"gen9anythinggoes-1994877020","p1":"THE WALRUS 1234","p2":"Rinkusu12","format":"[Gen 9] Anything Goes","log":"|j|\u2606THE WALRUS 1234\n|j|\u2606Rinkusu12\n|t:|1700500915\n|gametype|singles\n|player|p1|THE WALRUS 1234|170|\n|player|p2|Rinkusu12|266|\n|teamsize|p1|6\n|teamsize|p2|6\n|gen|9\n|tier|[Gen 9] Anything Goes\n|rule|HP Percentage Mod: HP is shown in percentages\n|rule|Endless Battle Clause: Forcing endless battles is banned\n|clearpoke\n|poke|p1|Goodra-Hisui, F|\n|poke|p1|Grimmsnarl, M|\n|poke|p1|Milotic, M|\n|poke|p1|Ting-Lu|\n|poke|p1|Iron Hands|\n|poke|p1|Cloyster, F|\n|poke|p2|Gholdengo|\n|poke|p2|Medicham, M|\n|poke|p2|Landorus-Therian, M|\n|poke|p2|Toxapex, F|\n|poke|p2|Eelektross, M|\n|poke|p2|Cinderace, F|\n|teampreview\n|\n|t:|1700500941\n|start\n|switch|p1a: Grimmsnarl|Grimmsnarl, M|100\/100\n|switch|p2a: Landorus|Landorus-Therian, M|100\/100\n|-ability|p2a: Landorus|Intimidate|boost\n|-unboost|p1a: Grimmsnarl|atk|1\n|turn|1\n|c|\u2606Rinkusu12|gl hf\n|\n|t:|1700500955\n|move|p1a: Grimmsnarl|Reflect|p1a: Grimmsnarl\n|-sidestart|p1: THE WALRUS 1234|Reflect\n|move|p2a: Landorus|U-turn|p1a: Grimmsnarl\n|-damage|p1a: Grimmsnarl|83\/100\n|\n|t:|1700500962\n|switch|p2a: Gholdengo|Gholdengo|100\/100|[from] U-turn\n|\n|upkeep\n|turn|2\n|\n|t:|1700500971\n|move|p1a: Grimmsnarl|Light Screen|p1a: Grimmsnarl\n|-sidestart|p1: THE WALRUS 1234|move: Light Screen\n|move|p2a: Gholdengo|Nasty Plot|p2a: Gholdengo\n|-boost|p2a: Gholdengo|spa|2\n|\n|upkeep\n|turn|3\n|\n|t:|1700500998\n|move|p1a: Grimmsnarl|Parting Shot|p2a: Gholdengo\n|-immune|p2a: Gholdengo|[from] ability: Good as Gold\n|move|p2a: Gholdengo|Make It Rain|p1a: Grimmsnarl\n|-supereffective|p1a: Grimmsnarl\n|-damage|p1a: Grimmsnarl|0 fnt\n|-unboost|p2a: Gholdengo|spa|1\n|faint|p1a: Grimmsnarl\n|\n|upkeep\n|\n|t:|1700501028\n|switch|p1a: Ting-Lu|Ting-Lu|100\/100\n|-ability|p1a: Ting-Lu|Vessel of Ruin\n|turn|4\n|\n|t:|1700501036\n|switch|p2a: Landorus|Landorus-Therian, M|100\/100\n|-ability|p2a: Landorus|Intimidate|boost\n|-unboost|p1a: Ting-Lu|atk|1\n|move|p1a: Ting-Lu|Throat Chop|p2a: Landorus\n|-damage|p2a: Landorus|69\/100\n|-start|p2a: Landorus|Throat Chop|[silent]\n|\n|upkeep\n|turn|5\n|\n|t:|1700501073\n|move|p2a: Landorus|Brick Break|p1a: Ting-Lu\n|-sideend|p1: THE WALRUS 1234|Reflect\n|-sideend|p1: THE WALRUS 1234|move: Light Screen\n|-supereffective|p1a: Ting-Lu\n|-damage|p1a: Ting-Lu|68\/100\n|move|p1a: Ting-Lu|Stealth Rock|p2a: Landorus\n|-sidestart|p2: Rinkusu12|move: Stealth Rock\n|\n|-end|p2a: Landorus|Throat Chop|[silent]\n|upkeep\n|turn|6\n|\n|t:|1700501098\n|switch|p1a: Milotic|Milotic, M|100\/100\n|move|p2a: Landorus|Brick Break|p1a: Milotic\n|-damage|p1a: Milotic|79\/100\n|\n|-status|p1a: Milotic|brn|[from] item: Flame Orb\n|upkeep\n|turn|7\n|\n|t:|1700501108\n|switch|p2a: Toxapex|Toxapex, F|100\/100\n|-damage|p2a: Toxapex|88\/100|[from] Stealth Rock\n|move|p1a: Milotic|Scald|p2a: Toxapex\n|-resisted|p2a: Toxapex\n|-damage|p2a: Toxapex|77\/100\n|\n|-heal|p2a: Toxapex|83\/100|[from] item: Black Sludge\n|-damage|p1a: Milotic|73\/100 brn|[from] brn\n|upkeep\n|turn|8\n|\n|t:|1700501126\n|move|p1a: Milotic|Dragon Pulse|p2a: Toxapex\n|-damage|p2a: Toxapex|66\/100\n|move|p2a: Toxapex|Toxic Spikes|p1a: Milotic\n|-sidestart|p1: THE WALRUS 1234|move: Toxic Spikes\n|\n|-heal|p2a: Toxapex|72\/100|[from] item: Black Sludge\n|-damage|p1a: Milotic|67\/100 brn|[from] brn\n|upkeep\n|turn|9\n|\n|t:|1700501149\n|move|p1a: Milotic|Ice Beam|p2a: Toxapex\n|-resisted|p2a: Toxapex\n|-damage|p2a: Toxapex|63\/100\n|move|p2a: Toxapex|Toxic Spikes|p1a: Milotic\n|-sidestart|p1: THE WALRUS 1234|move: Toxic Spikes\n|\n|-heal|p2a: Toxapex|69\/100|[from] item: Black Sludge\n|-damage|p1a: Milotic|61\/100 brn|[from] brn\n|upkeep\n|turn|10\n|\n|t:|1700501163\n|switch|p1a: Goodra|Goodra-Hisui, F|100\/100\n|move|p2a: Toxapex|Recover|p2a: Toxapex\n|-heal|p2a: Toxapex|100\/100\n|\n|upkeep\n|turn|11\n|\n|t:|1700501178\n|move|p1a: Goodra|Knock Off|p2a: Toxapex\n|-damage|p2a: Toxapex|88\/100\n|-enditem|p2a: Toxapex|Black Sludge|[from] move: Knock Off|[of] p1a: Goodra\n|move|p2a: Toxapex|Surf|p1a: Goodra\n|-resisted|p1a: Goodra\n|-damage|p1a: Goodra|96\/100\n|\n|-heal|p1a: Goodra|100\/100|[from] item: Leftovers\n|upkeep\n|turn|12\n|\n|t:|1700501193\n|switch|p2a: Eelektross|Eelektross, M|100\/100\n|-damage|p2a: Eelektross|88\/100|[from] Stealth Rock\n|move|p1a: Goodra|Substitute|p1a: Goodra\n|-start|p1a: Goodra|Substitute\n|-damage|p1a: Goodra|76\/100\n|\n|-heal|p1a: Goodra|82\/100|[from] item: Leftovers\n|upkeep\n|turn|13\n|\n|t:|1700501206\n|move|p1a: Goodra|Knock Off|p2a: Eelektross\n|-damage|p2a: Eelektross|65\/100\n|-enditem|p2a: Eelektross|Assault Vest|[from] move: Knock Off|[of] p1a: Goodra\n|move|p2a: Eelektross|Flamethrower|p1a: Goodra\n|-activate|p1a: Goodra|move: Substitute|[damage]\n|\n|-heal|p1a: Goodra|88\/100|[from] item: Leftovers\n|upkeep\n|turn|14\n|\n|t:|1700501220\n|move|p1a: Goodra|Draco Meteor|p2a: Eelektross\n|-damage|p2a: Eelektross|13\/100\n|-unboost|p1a: Goodra|spa|2\n|move|p2a: Eelektross|Flamethrower|p1a: Goodra\n|-end|p1a: Goodra|Substitute\n|\n|-heal|p1a: Goodra|94\/100|[from] item: Leftovers\n|upkeep\n|turn|15\n|\n|t:|1700501242\n|move|p1a: Goodra|Iron Head|p2a: Eelektross\n|-resisted|p2a: Eelektross\n|-damage|p2a: Eelektross|0 fnt\n|faint|p2a: Eelektross\n|\n|-heal|p1a: Goodra|99\/100|[from] item: Leftovers\n|upkeep\n|\n|t:|1700501249\n|switch|p2a: Medicham|Medicham, M|100\/100\n|-damage|p2a: Medicham|94\/100|[from] Stealth Rock\n|turn|16\n|\n|t:|1700501260\n|switch|p1a: Milotic|Milotic, M|61\/100 brn\n|-terastallize|p2a: Medicham|Fighting\n|move|p2a: Medicham|Close Combat|p1a: Milotic\n|-damage|p1a: Milotic|0 fnt\n|-unboost|p2a: Medicham|def|1\n|-unboost|p2a: Medicham|spd|1\n|faint|p1a: Milotic\n|-damage|p2a: Medicham|84\/100|[from] item: Life Orb\n|\n|upkeep\n|\n|t:|1700501294\n|switch|p1a: Iron Hands|Iron Hands|100\/100\n|-status|p1a: Iron Hands|tox\n|-enditem|p1a: Iron Hands|Booster Energy\n|-activate|p1a: Iron Hands|ability: Quark Drive|[fromitem]\n|-start|p1a: Iron Hands|quarkdriveatk\n|turn|17\n|\n|t:|1700501322\n|switch|p2a: Landorus|Landorus-Therian, M|69\/100\n|-damage|p2a: Landorus|56\/100|[from] Stealth Rock\n|-ability|p2a: Landorus|Intimidate|boost\n|-unboost|p1a: Iron Hands|atk|1\n|move|p1a: Iron Hands|Fake Out|p2a: Landorus\n|-damage|p2a: Landorus|39\/100\n|\n|-damage|p1a: Iron Hands|94\/100 tox|[from] psn\n|upkeep\n|turn|18\n|\n|t:|1700501341\n|move|p2a: Landorus|Earthquake|p1a: Iron Hands\n|-supereffective|p1a: Iron Hands\n|-damage|p1a: Iron Hands|18\/100 tox\n|move|p1a: Iron Hands|Close Combat|p2a: Landorus\n|-resisted|p2a: Landorus\n|-damage|p2a: Landorus|5\/100\n|-unboost|p1a: Iron Hands|def|1\n|-unboost|p1a: Iron Hands|spd|1\n|\n|-damage|p1a: Iron Hands|6\/100 tox|[from] psn\n|upkeep\n|turn|19\n|\n|t:|1700501365\n|move|p2a: Landorus|Earthquake|p1a: Iron Hands\n|-supereffective|p1a: Iron Hands\n|-damage|p1a: Iron Hands|0 fnt\n|faint|p1a: Iron Hands\n|-end|p1a: Iron Hands|Quark Drive|[silent]\n|\n|upkeep\n|\n|t:|1700501373\n|switch|p1a: Goodra|Goodra-Hisui, F|99\/100\n|turn|20\n|\n|t:|1700501386\n|move|p2a: Landorus|Earthquake|p1a: Goodra\n|-supereffective|p1a: Goodra\n|-damage|p1a: Goodra|0 fnt\n|faint|p1a: Goodra\n|\n|upkeep\n|\n|t:|1700501398\n|switch|p1a: Ting-Lu|Ting-Lu|68\/100\n|-ability|p1a: Ting-Lu|Vessel of Ruin\n|turn|21\n|\n|t:|1700501407\n|move|p2a: Landorus|Earthquake|p1a: Ting-Lu\n|-damage|p1a: Ting-Lu|34\/100\n|move|p1a: Ting-Lu|Zen Headbutt|p2a: Landorus\n|-damage|p2a: Landorus|0 fnt\n|faint|p2a: Landorus\n|\n|upkeep\n|\n|t:|1700501417\n|switch|p2a: Medicham|Medicham, M, tera:Fighting|84\/100\n|-damage|p2a: Medicham|78\/100|[from] Stealth Rock\n|turn|22\n|\n|t:|1700501426\n|move|p2a: Medicham|Close Combat|p1a: Ting-Lu\n|-supereffective|p1a: Ting-Lu\n|-damage|p1a: Ting-Lu|0 fnt\n|-unboost|p2a: Medicham|def|1\n|-unboost|p2a: Medicham|spd|1\n|faint|p1a: Ting-Lu\n|-damage|p2a: Medicham|68\/100|[from] item: Life Orb\n|\n|upkeep\n|\n|t:|1700501435\n|switch|p1a: Cloyster|Cloyster, F, shiny|100\/100\n|-status|p1a: Cloyster|tox\n|turn|23\n|\n|t:|1700501442\n|move|p2a: Medicham|Close Combat|p1a: Cloyster\n|-supereffective|p1a: Cloyster\n|-damage|p1a: Cloyster|0 fnt\n|-unboost|p2a: Medicham|def|1\n|-unboost|p2a: Medicham|spd|1\n|faint|p1a: Cloyster\n|-damage|p2a: Medicham|58\/100|[from] item: Life Orb\n|\n|win|Rinkusu12\n|c|\u2606Rinkusu12|gg wp\n|l|\u2606THE WALRUS 1234\n","uploadtime":1700501453,"views":15,"p1id":"thewalrus1234","p2id":"rinkusu12","formatid":"gen9anythinggoes","rating":0,"private":0,"password":""}