{"id":"gen9anythinggoes-1980580742","p1":"Aeones","p2":"jgjvg","format":"[Gen 9] Anything Goes","log":"|j|\u2606Aeones\n|j|\u2606jgjvg\n|t:|1698799685\n|gametype|singles\n|player|p1|Aeones|266|1080\n|player|p2|jgjvg|veteran|1032\n|teamsize|p1|6\n|teamsize|p2|4\n|gen|9\n|tier|[Gen 9] Anything Goes\n|rated|\n|rule|HP Percentage Mod: HP is shown in percentages\n|rule|Endless Battle Clause: Forcing endless battles is banned\n|clearpoke\n|poke|p1|Sylveon, F|\n|poke|p1|Milotic, F|\n|poke|p1|Lilligant-Hisui, F|\n|poke|p1|Moltres-Galar|\n|poke|p1|Iron Valiant|\n|poke|p1|Ogerpon-Wellspring, F|\n|poke|p2|Furret, F|\n|poke|p2|Dragapult, F|\n|poke|p2|Lycanroc, M|\n|poke|p2|Jirachi|\n|teampreview\n|\n|t:|1698799693\n|start\n|switch|p1a: Lilligant|Lilligant-Hisui, F|100\/100\n|switch|p2a: Furret|Furret, F|100\/100\n|-item|p1a: Lilligant|Life Orb|[from] ability: Frisk|[of] p2a: Furret|[identify]\n|turn|1\n|\n|t:|1698799699\n|move|p1a: Lilligant|Victory Dance|p1a: Lilligant\n|-boost|p1a: Lilligant|atk|1\n|-boost|p1a: Lilligant|def|1\n|-boost|p1a: Lilligant|spe|1\n|move|p2a: Furret|Tidy Up|p2a: Furret\n|-boost|p2a: Furret|atk|1\n|-boost|p2a: Furret|spe|1\n|\n|upkeep\n|turn|2\n|\n|t:|1698799706\n|move|p1a: Lilligant|Victory Dance|p1a: Lilligant\n|-boost|p1a: Lilligant|atk|1\n|-boost|p1a: Lilligant|def|1\n|-boost|p1a: Lilligant|spe|1\n|move|p2a: Furret|Tidy Up|p2a: Furret\n|-boost|p2a: Furret|atk|1\n|-boost|p2a: Furret|spe|1\n|\n|upkeep\n|turn|3\n|\n|t:|1698799713\n|move|p1a: Lilligant|Victory Dance|p1a: Lilligant\n|-boost|p1a: Lilligant|atk|1\n|-boost|p1a: Lilligant|def|1\n|-boost|p1a: Lilligant|spe|1\n|move|p2a: Furret|Tidy Up|p2a: Furret\n|-boost|p2a: Furret|atk|1\n|-boost|p2a: Furret|spe|1\n|\n|upkeep\n|turn|4\n|\n|t:|1698799721\n|move|p1a: Lilligant|Brick Break|p2a: Furret\n|-supereffective|p2a: Furret\n|-enditem|p2a: Furret|Focus Sash\n|-damage|p2a: Furret|1\/100\n|-damage|p1a: Lilligant|91\/100|[from] item: Life Orb\n|move|p2a: Furret|Tidy Up|p2a: Furret\n|-boost|p2a: Furret|atk|1\n|-boost|p2a: Furret|spe|1\n|\n|upkeep\n|turn|5\n|\n|t:|1698799729\n|-terastallize|p2a: Furret|Normal\n|move|p2a: Furret|Last Resort|p1a: Lilligant\n|-damage|p1a: Lilligant|0 fnt\n|faint|p1a: Lilligant\n|\n|upkeep\n|\n|t:|1698799740\n|switch|p1a: Milotic|Milotic, F, shiny|100\/100\n|turn|6\n|\n|t:|1698799745\n|move|p2a: Furret|Last Resort|p1a: Milotic\n|-damage|p1a: Milotic|0 fnt\n|faint|p1a: Milotic\n|\n|upkeep\n|\n|t:|1698799754\n|switch|p1a: Sylveon|Sylveon, F|100\/100\n|turn|7\n|\n|t:|1698799757\n|move|p2a: Furret|Last Resort|p1a: Sylveon\n|-crit|p1a: Sylveon\n|-damage|p1a: Sylveon|0 fnt\n|faint|p1a: Sylveon\n|\n|upkeep\n|\n|t:|1698799765\n|switch|p1a: Iron Valiant|Iron Valiant|100\/100\n|-enditem|p1a: Iron Valiant|Booster Energy\n|-activate|p1a: Iron Valiant|ability: Quark Drive|[fromitem]\n|-start|p1a: Iron Valiant|quarkdriveatk\n|turn|8\n|\n|t:|1698799771\n|move|p2a: Furret|Last Resort|p1a: Iron Valiant\n|-damage|p1a: Iron Valiant|0 fnt\n|faint|p1a: Iron Valiant\n|-end|p1a: Iron Valiant|Quark Drive|[silent]\n|\n|upkeep\n|\n|t:|1698799781\n|switch|p1a: Ogerpon|Ogerpon-Wellspring, F|100\/100\n|turn|9\n|\n|t:|1698799787\n|move|p2a: Furret|Last Resort|p1a: Ogerpon\n|-damage|p1a: Ogerpon|0 fnt\n|faint|p1a: Ogerpon\n|\n|upkeep\n|\n|t:|1698799802\n|switch|p1a: Moltres|Moltres-Galar|100\/100\n|turn|10\n|\n|t:|1698799807\n|-terastallize|p1a: Moltres|Dark\n|move|p2a: Furret|Last Resort|p1a: Moltres\n|-damage|p1a: Moltres|0 fnt\n|faint|p1a: Moltres\n|\n|win|jgjvg\n|raw|Aeones's rating: 1080 &rarr; <strong>1055<\/strong><br \/>(-25 for losing)\n|raw|jgjvg's rating: 1032 &rarr; <strong>1072<\/strong><br \/>(+40 for winning)\n","uploadtime":1698799817,"views":11,"p1id":"aeones","p2id":"jgjvg","formatid":"gen9anythinggoes","rating":1055,"private":0,"password":""}