{"id":"gen9anythinggoes-1987703764","p1":"dulnch","p2":"mlgpiglord","format":"[Gen 9] Anything Goes","log":"|j|\u203ddulnch\n|j|\u2606mlgpiglord\n|t:|1699629256\n|gametype|singles\n|player|p1|dulnch|pokefan-gen4|1000\n|player|p2|mlgpiglord|bede|1000\n|teamsize|p1|6\n|teamsize|p2|6\n|gen|9\n|tier|[Gen 9] Anything Goes\n|rated|\n|rule|HP Percentage Mod: HP is shown in percentages\n|rule|Endless Battle Clause: Forcing endless battles is banned\n|clearpoke\n|poke|p1|Blissey, F|\n|poke|p1|Garganacl, F|\n|poke|p1|Heatran, M|\n|poke|p1|Toxapex, M|\n|poke|p1|Electrode-Hisui|\n|poke|p1|Sunflora, F|\n|poke|p2|Dugtrio, F|\n|poke|p2|Chien-Pao|\n|poke|p2|Haxorus, F|\n|poke|p2|Dugtrio-Alola, F|\n|poke|p2|Cryogonal|\n|poke|p2|Klawf, M|\n|teampreview\n|\n|t:|1699629266\n|start\n|switch|p1a: Toxapex|Toxapex, M|100\/100\n|switch|p2a: Dugtrio|Dugtrio, F|100\/100\n|turn|1\n|\n|t:|1699629277\n|move|p2a: Dugtrio|Fissure|p1a: Toxapex\n|-damage|p1a: Toxapex|0 fnt\n|faint|p1a: Toxapex\n|-ohko\n|\n|upkeep\n|\n|t:|1699629292\n|switch|p1a: Garganacl|Garganacl, F|100\/100\n|turn|2\n|\n|t:|1699629306\n|move|p2a: Dugtrio|Fissure|p1a: Garganacl|[miss]\n|-miss|p2a: Dugtrio|p1a: Garganacl\n|move|p1a: Garganacl|Iron Defense|p1a: Garganacl\n|-boost|p1a: Garganacl|def|2\n|\n|upkeep\n|turn|3\n|\n|t:|1699629324\n|-terastallize|p1a: Garganacl|Rock\n|move|p2a: Dugtrio|Fissure|p1a: Garganacl|[miss]\n|-miss|p2a: Dugtrio|p1a: Garganacl\n|move|p1a: Garganacl|Iron Defense|p1a: Garganacl\n|-boost|p1a: Garganacl|def|2\n|\n|upkeep\n|turn|4\n|\n|t:|1699629339\n|move|p2a: Dugtrio|Fissure|p1a: Garganacl|[miss]\n|-miss|p2a: Dugtrio|p1a: Garganacl\n|move|p1a: Garganacl|Rock Blast|p2a: Dugtrio\n|-resisted|p2a: Dugtrio\n|-damage|p2a: Dugtrio|87\/100\n|-resisted|p2a: Dugtrio\n|-damage|p2a: Dugtrio|71\/100\n|-resisted|p2a: Dugtrio\n|-damage|p2a: Dugtrio|55\/100\n|-resisted|p2a: Dugtrio\n|-damage|p2a: Dugtrio|41\/100\n|-resisted|p2a: Dugtrio\n|-damage|p2a: Dugtrio|28\/100\n|-hitcount|p2a: Dugtrio|5\n|\n|upkeep\n|turn|5\n|inactive|Battle timer is ON: inactive players will automatically lose when time's up. (requested by dulnch)\n|\n|t:|1699629351\n|move|p2a: Dugtrio|Fissure|p1a: Garganacl\n|-damage|p1a: Garganacl|0 fnt\n|faint|p1a: Garganacl\n|-ohko\n|\n|upkeep\n|c|\u2606mlgpiglord|!dt fissure\n|raw|<ul class=\"utilichart\"><li class=\"result\"><span class=\"col movenamecol\"><a href=\"https:\/\/dex.pokemonshowdown.com\/moves\/fissure\">Fissure<\/a><\/span> <span class=\"col typecol\"><img src=\"\/\/play.pokemonshowdown.com\/sprites\/types\/Ground.png\" alt=\"Ground\" width=\"32\" height=\"14\"><img src=\"\/\/play.pokemonshowdown.com\/sprites\/categories\/Physical.png\" alt=\"Physical\" width=\"32\" height=\"14\"><\/span> <span class=\"col widelabelcol\"><em>Accuracy<\/em><br>30%<\/span> <span class=\"col pplabelcol\"><em>PP<\/em><br>8<\/span> <span class=\"col movedesccol\">OHKOs the target. Fails if user is a lower level.<\/span> <\/li><li style=\"clear:both\"><\/li><\/ul>\n|raw|<font size=\"1\"><font color=\"#686868\">Priority:<\/font> 0&nbsp;|&ThickSpace;<font color=\"#686868\">Gen:<\/font> 1&nbsp;|&ThickSpace;<font color=\"#686868\">Z-Power:<\/font> 180&nbsp;|&ThickSpace;<font color=\"#686868\">Dynamax Power:<\/font> 130&nbsp;|&ThickSpace;<font color=\"#686868\">Target:<\/font> One Adjacent Pok\u00e9mon<\/font>\n\n|\n|t:|1699629362\n|switch|p1a: Blissey|Blissey, F|100\/100\n|turn|6\n|\n|t:|1699629375\n|move|p2a: Dugtrio|Fissure|p1a: Blissey\n|-damage|p1a: Blissey|0 fnt\n|faint|p1a: Blissey\n|-ohko\n|\n|upkeep\n|\n|t:|1699629387\n|switch|p1a: Sunflora|Sunflora, F|100\/100\n|turn|7\n|\n|t:|1699629392\n|move|p2a: Dugtrio|Fissure|p1a: Sunflora\n|-damage|p1a: Sunflora|0 fnt\n|faint|p1a: Sunflora\n|-ohko\n|\n|upkeep\n|\n|t:|1699629396\n|switch|p1a: Electrode|Electrode-Hisui|100\/100\n|turn|8\n|\n|t:|1699629402\n|move|p1a: Electrode|Electric Terrain|p1a: Electrode\n|-fieldstart|move: Electric Terrain\n|-enditem|p1a: Electrode|Electric Seed\n|-boost|p1a: Electrode|def|1|[from] item: Electric Seed\n|move|p2a: Dugtrio|Fissure|p1a: Electrode|[miss]\n|-miss|p2a: Dugtrio|p1a: Electrode\n|\n|upkeep\n|turn|9\n|\n|t:|1699629409\n|move|p2a: Dugtrio|Sucker Punch|p1a: Electrode\n|-damage|p1a: Electrode|86\/100\n|move|p1a: Electrode|Thunderbolt|p2a: Dugtrio\n|-immune|p2a: Dugtrio\n|\n|upkeep\n|turn|10\n|\n|t:|1699629416\n|move|p2a: Dugtrio|Sucker Punch||[still]\n|-fail|p2a: Dugtrio\n|move|p1a: Electrode|Leech Seed|p2a: Dugtrio\n|-start|p2a: Dugtrio|move: Leech Seed\n|\n|-damage|p2a: Dugtrio|15\/100|[from] Leech Seed|[of] p1a: Electrode\n|-heal|p1a: Electrode|96\/100|[silent]\n|upkeep\n|turn|11\n|\n|t:|1699629420\n|move|p1a: Electrode|Protect|p1a: Electrode\n|-singleturn|p1a: Electrode|Protect\n|move|p2a: Dugtrio|Memento|p1a: Electrode\n|-activate|p1a: Electrode|move: Protect\n|\n|-damage|p2a: Dugtrio|3\/100|[from] Leech Seed|[of] p1a: Electrode\n|-heal|p1a: Electrode|100\/100|[silent]\n|upkeep\n|turn|12\n|\n|t:|1699629429\n|move|p1a: Electrode|Protect||[still]\n|-fail|p1a: Electrode\n|move|p2a: Dugtrio|Memento|p1a: Electrode\n|-unboost|p1a: Electrode|atk|2\n|-unboost|p1a: Electrode|spa|2\n|faint|p2a: Dugtrio\n|\n|-fieldend|move: Electric Terrain\n|upkeep\n|\n|t:|1699629433\n|switch|p2a: Chien-Pao|Chien-Pao|100\/100\n|-ability|p2a: Chien-Pao|Sword of Ruin\n|turn|13\n|-message|dulnch forfeited.\n|\n|win|mlgpiglord\n|raw|dulnch's rating: 1000 &rarr; <strong>1000<\/strong><br \/>(+0 for losing)\n|raw|mlgpiglord's rating: 1000 &rarr; <strong>1040<\/strong><br \/>(+40 for winning)\n|l|\u203ddulnch\n","uploadtime":1699629449,"views":4,"p1id":"dulnch","p2id":"mlgpiglord","formatid":"gen9anythinggoes","rating":1000,"private":0,"password":""}