{"id":"gen9anythinggoes-1978526163","p1":"hoopahoops720","p2":"galyx_wolf","format":"[Gen 9] Anything Goes","log":"|j|\u2606hoopahoops720\n|j|\u2606galyx_wolf\n|t:|1698550682\n|gametype|singles\n|player|p1|hoopahoops720|2|1172\n|player|p2|galyx_wolf|169|1040\n|teamsize|p1|6\n|teamsize|p2|6\n|gen|9\n|tier|[Gen 9] Anything Goes\n|rated|\n|rule|HP Percentage Mod: HP is shown in percentages\n|rule|Endless Battle Clause: Forcing endless battles is banned\n|clearpoke\n|poke|p1|Ribombee, F|\n|poke|p1|Scizor, F|\n|poke|p1|Dragapult, M|\n|poke|p1|Tsareena, F|\n|poke|p1|Inteleon, M|\n|poke|p1|Ceruledge, M|\n|poke|p2|Arceus-Fairy|\n|poke|p2|Infernape, F|\n|poke|p2|Blissey, F|\n|poke|p2|Oricorio-Pom-Pom, F|\n|poke|p2|Altaria, F|\n|poke|p2|Volcarona, F|\n|teampreview\n|\n|t:|1698550687\n|start\n|switch|p1a: Ribombee|Ribombee, F|100\/100\n|switch|p2a: Oricorio|Oricorio-Pom-Pom, F|100\/100\n|turn|1\n|\n|t:|1698550697\n|move|p1a: Ribombee|Sticky Web|p2a: Oricorio\n|-sidestart|p2: galyx_wolf|move: Sticky Web\n|move|p2a: Oricorio|Quiver Dance|p2a: Oricorio\n|-boost|p2a: Oricorio|spa|1\n|-boost|p2a: Oricorio|spd|1\n|-boost|p2a: Oricorio|spe|1\n|\n|upkeep\n|turn|2\n|\n|t:|1698550709\n|move|p1a: Ribombee|Substitute|p1a: Ribombee\n|-start|p1a: Ribombee|Substitute\n|-damage|p1a: Ribombee|76\/100\n|move|p2a: Oricorio|Quiver Dance|p2a: Oricorio\n|-boost|p2a: Oricorio|spa|1\n|-boost|p2a: Oricorio|spd|1\n|-boost|p2a: Oricorio|spe|1\n|\n|-heal|p1a: Ribombee|82\/100|[from] item: Leftovers\n|upkeep\n|turn|3\n|\n|t:|1698550719\n|move|p2a: Oricorio|Swords Dance|p2a: Oricorio\n|-boost|p2a: Oricorio|atk|2\n|move|p1a: Ribombee|Baton Pass|p1a: Ribombee\n|\n|t:|1698550725\n|switch|p1a: Scizor|Scizor, F, shiny|100\/100|[from] Baton Pass\n|\n|upkeep\n|turn|4\n|\n|t:|1698550731\n|move|p2a: Oricorio|Swords Dance|p2a: Oricorio\n|-boost|p2a: Oricorio|atk|2\n|move|p1a: Scizor|Agility|p1a: Scizor\n|-boost|p1a: Scizor|spe|2\n|\n|upkeep\n|turn|5\n|\n|t:|1698550740\n|move|p1a: Scizor|Agility|p1a: Scizor\n|-boost|p1a: Scizor|spe|2\n|move|p2a: Oricorio|Quiver Dance|p2a: Oricorio\n|-boost|p2a: Oricorio|spa|1\n|-boost|p2a: Oricorio|spd|1\n|-boost|p2a: Oricorio|spe|1\n|\n|upkeep\n|turn|6\n|\n|t:|1698550751\n|move|p1a: Scizor|Agility|p1a: Scizor\n|-boost|p1a: Scizor|spe|2\n|move|p2a: Oricorio|Baton Pass|p2a: Oricorio\n|\n|t:|1698550761\n|switch|p2a: Infernape|Infernape, F|100\/100|[from] Baton Pass\n|-activate|p2a: Infernape|move: Sticky Web\n|-unboost|p2a: Infernape|spe|1\n|\n|upkeep\n|turn|7\n|\n|t:|1698550768\n|move|p1a: Scizor|Iron Defense|p1a: Scizor\n|-boost|p1a: Scizor|def|2\n|move|p2a: Infernape|Fire Punch|p1a: Scizor\n|-supereffective|p1a: Scizor\n|-end|p1a: Scizor|Substitute\n|\n|upkeep\n|turn|8\n|\n|t:|1698550780\n|move|p1a: Scizor|Baton Pass|p1a: Scizor\n|\n|t:|1698550782\n|switch|p1a: Inteleon|Inteleon, M, shiny|100\/100|[from] Baton Pass\n|move|p2a: Infernape|Fire Punch|p1a: Inteleon\n|-resisted|p1a: Inteleon\n|-damage|p1a: Inteleon|49\/100\n|\n|upkeep\n|turn|9\n|\n|t:|1698550792\n|move|p1a: Inteleon|Substitute|p1a: Inteleon\n|-start|p1a: Inteleon|Substitute\n|-damage|p1a: Inteleon|24\/100\n|move|p2a: Infernape|Fire Punch|p1a: Inteleon\n|-resisted|p1a: Inteleon\n|-end|p1a: Inteleon|Substitute\n|\n|upkeep\n|turn|10\n|\n|t:|1698550805\n|-terastallize|p1a: Inteleon|Water\n|move|p1a: Inteleon|Liquidation|p2a: Infernape\n|-supereffective|p2a: Infernape\n|-damage|p2a: Infernape|10\/100\n|move|p2a: Infernape|Fire Punch|p1a: Inteleon\n|-resisted|p1a: Inteleon\n|-damage|p1a: Inteleon|0 fnt\n|faint|p1a: Inteleon\n|\n|upkeep\n|\n|t:|1698550821\n|switch|p1a: Ceruledge|Ceruledge, M|100\/100\n|turn|11\n|\n|t:|1698550834\n|switch|p2a: Oricorio|Oricorio-Pom-Pom, F|100\/100\n|move|p1a: Ceruledge|Bitter Blade|p2a: Oricorio\n|-damage|p2a: Oricorio|37\/100\n|\n|upkeep\n|turn|12\n|\n|t:|1698550842\n|move|p1a: Ceruledge|Bitter Blade|p2a: Oricorio\n|-damage|p2a: Oricorio|0 fnt\n|faint|p2a: Oricorio\n|\n|upkeep\n|\n|t:|1698550848\n|switch|p2a: Arceus|Arceus-Fairy|100\/100\n|-activate|p2a: Arceus|move: Sticky Web\n|-unboost|p2a: Arceus|spe|1\n|turn|13\n|\n|t:|1698550857\n|switch|p1a: Scizor|Scizor, F, shiny|100\/100\n|move|p2a: Arceus|Aura Sphere|p1a: Scizor\n|-damage|p1a: Scizor|74\/100\n|\n|upkeep\n|turn|14\n|\n|t:|1698550864\n|move|p1a: Scizor|Iron Defense|p1a: Scizor\n|-boost|p1a: Scizor|def|2\n|move|p2a: Arceus|Iron Defense|p2a: Arceus\n|-boost|p2a: Arceus|def|2\n|\n|upkeep\n|turn|15\n|\n|t:|1698550871\n|move|p1a: Scizor|Substitute|p1a: Scizor\n|-start|p1a: Scizor|Substitute\n|-damage|p1a: Scizor|49\/100\n|move|p2a: Arceus|Iron Defense|p2a: Arceus\n|-boost|p2a: Arceus|def|2\n|\n|upkeep\n|turn|16\n|\n|t:|1698550878\n|move|p1a: Scizor|Iron Defense|p1a: Scizor\n|-boost|p1a: Scizor|def|2\n|move|p2a: Arceus|Iron Defense|p2a: Arceus\n|-boost|p2a: Arceus|def|2\n|\n|upkeep\n|turn|17\n|\n|t:|1698550886\n|move|p1a: Scizor|Iron Defense|p1a: Scizor\n|-boost|p1a: Scizor|def|2\n|move|p2a: Arceus|Swords Dance|p2a: Arceus\n|-boost|p2a: Arceus|atk|2\n|\n|upkeep\n|turn|18\n|\n|t:|1698550892\n|move|p1a: Scizor|Agility|p1a: Scizor\n|-boost|p1a: Scizor|spe|2\n|move|p2a: Arceus|Swords Dance|p2a: Arceus\n|-boost|p2a: Arceus|atk|2\n|\n|upkeep\n|turn|19\n|\n|t:|1698550901\n|move|p1a: Scizor|Agility|p1a: Scizor\n|-boost|p1a: Scizor|spe|2\n|move|p2a: Arceus|Swords Dance|p2a: Arceus\n|-boost|p2a: Arceus|atk|2\n|\n|upkeep\n|turn|20\n|\n|t:|1698550909\n|move|p1a: Scizor|Agility|p1a: Scizor\n|-boost|p1a: Scizor|spe|2\n|move|p2a: Arceus|Aura Sphere|p1a: Scizor\n|-activate|p1a: Scizor|move: Substitute|[damage]\n|\n|upkeep\n|turn|21\n|\n|t:|1698550919\n|move|p1a: Scizor|Baton Pass|p1a: Scizor\n|\n|t:|1698550924\n|switch|p1a: Dragapult|Dragapult, M, shiny|100\/100|[from] Baton Pass\n|move|p2a: Arceus|Calm Mind|p2a: Arceus\n|-boost|p2a: Arceus|spa|1\n|-boost|p2a: Arceus|spd|1\n|\n|upkeep\n|turn|22\n|\n|t:|1698550933\n|move|p1a: Dragapult|Double Team|p1a: Dragapult\n|-boost|p1a: Dragapult|evasion|1\n|move|p2a: Arceus|Calm Mind|p2a: Arceus\n|-boost|p2a: Arceus|spa|1\n|-boost|p2a: Arceus|spd|1\n|\n|upkeep\n|turn|23\n|\n|t:|1698550940\n|move|p1a: Dragapult|Double Team|p1a: Dragapult\n|-boost|p1a: Dragapult|evasion|1\n|move|p2a: Arceus|Calm Mind|p2a: Arceus\n|-boost|p2a: Arceus|spa|1\n|-boost|p2a: Arceus|spd|1\n|\n|upkeep\n|turn|24\n|\n|t:|1698550947\n|move|p1a: Dragapult|Light Screen|p1a: Dragapult\n|-sidestart|p1: hoopahoops720|move: Light Screen\n|move|p2a: Arceus|Aura Sphere|p1a: Dragapult\n|-immune|p1a: Dragapult\n|\n|upkeep\n|turn|25\n|\n|t:|1698550956\n|switch|p2a: Blissey|Blissey, F|100\/100\n|-activate|p2a: Blissey|move: Sticky Web\n|-unboost|p2a: Blissey|spe|1\n|move|p1a: Dragapult|Double Team|p1a: Dragapult\n|-boost|p1a: Dragapult|evasion|1\n|\n|upkeep\n|turn|26\n|\n|t:|1698550967\n|move|p1a: Dragapult|Double Team|p1a: Dragapult\n|-boost|p1a: Dragapult|evasion|1\n|move|p2a: Blissey|Copycat|p2a: Blissey\n|move|p2a: Blissey|Double Team|p2a: Blissey|[from]move: Copycat\n|-boost|p2a: Blissey|evasion|1\n|\n|upkeep\n|turn|27\n|\n|t:|1698550975\n|move|p1a: Dragapult|Double Team|p1a: Dragapult\n|-boost|p1a: Dragapult|evasion|1\n|move|p2a: Blissey|Copycat|p2a: Blissey\n|move|p2a: Blissey|Double Team|p2a: Blissey|[from]move: Copycat\n|-boost|p2a: Blissey|evasion|1\n|\n|upkeep\n|turn|28\n|\n|t:|1698550988\n|move|p1a: Dragapult|Double Team|p1a: Dragapult\n|-boost|p1a: Dragapult|evasion|1\n|move|p2a: Blissey|Copycat|p2a: Blissey\n|move|p2a: Blissey|Double Team|p2a: Blissey|[from]move: Copycat\n|-boost|p2a: Blissey|evasion|1\n|\n|-sideend|p1: hoopahoops720|move: Light Screen\n|upkeep\n|turn|29\n|\n|t:|1698551003\n|move|p1a: Dragapult|Light Screen|p1a: Dragapult\n|-sidestart|p1: hoopahoops720|move: Light Screen\n|move|p2a: Blissey|Copycat|p2a: Blissey\n|move|p2a: Blissey|Light Screen|p2a: Blissey|[from]move: Copycat\n|-sidestart|p2: galyx_wolf|move: Light Screen\n|\n|upkeep\n|turn|30\n|\n|t:|1698551009\n|move|p1a: Dragapult|Baton Pass|p1a: Dragapult\n|\n|t:|1698551015\n|switch|p1a: Ceruledge|Ceruledge, M|100\/100|[from] Baton Pass\n|move|p2a: Blissey|Calm Mind|p2a: Blissey\n|-boost|p2a: Blissey|spa|1\n|-boost|p2a: Blissey|spd|1\n|\n|upkeep\n|turn|31\n|\n|t:|1698551024\n|move|p1a: Ceruledge|Bitter Blade|p2a: Blissey\n|-damage|p2a: Blissey|43\/100\n|move|p2a: Blissey|Avalanche|p1a: Ceruledge|[miss]\n|-miss|p2a: Blissey|p1a: Ceruledge\n|\n|-heal|p2a: Blissey|49\/100|[from] item: Leftovers\n|upkeep\n|turn|32\n|\n|t:|1698551036\n|-terastallize|p2a: Blissey|Normal\n|move|p1a: Ceruledge|Bitter Blade|p2a: Blissey|[miss]\n|-miss|p1a: Ceruledge|p2a: Blissey\n|move|p2a: Blissey|Copycat|p2a: Blissey\n|move|p2a: Blissey|Bitter Blade|p1a: Ceruledge|[from]move: Copycat\n|-start|p1a: Ceruledge|ability: Flash Fire\n|\n|-heal|p2a: Blissey|55\/100|[from] item: Leftovers\n|upkeep\n|turn|33\n|\n|t:|1698551054\n|move|p1a: Ceruledge|Bulk Up|p1a: Ceruledge\n|-boost|p1a: Ceruledge|atk|1\n|-boost|p1a: Ceruledge|def|0\n|move|p2a: Blissey|Fire Punch|p1a: Ceruledge\n|-immune|p1a: Ceruledge|[from] ability: Flash Fire\n|\n|-heal|p2a: Blissey|62\/100|[from] item: Leftovers\n|-sideend|p2: galyx_wolf|move: Light Screen\n|-sideend|p1: hoopahoops720|move: Light Screen\n|upkeep\n|turn|34\n|\n|t:|1698551065\n|move|p1a: Ceruledge|Bulk Up|p1a: Ceruledge\n|-boost|p1a: Ceruledge|atk|1\n|-boost|p1a: Ceruledge|def|0\n|move|p2a: Blissey|Copycat|p2a: Blissey\n|move|p2a: Blissey|Bulk Up|p2a: Blissey|[from]move: Copycat\n|-boost|p2a: Blissey|atk|1\n|-boost|p2a: Blissey|def|1\n|\n|-heal|p2a: Blissey|68\/100|[from] item: Leftovers\n|upkeep\n|turn|35\n|\n|t:|1698551079\n|move|p1a: Ceruledge|Bitter Blade|p2a: Blissey\n|-damage|p2a: Blissey|0 fnt\n|faint|p2a: Blissey\n|\n|upkeep\n|\n|t:|1698551088\n|switch|p2a: Altaria|Altaria, F|100\/100\n|-ability|p2a: Altaria|Cloud Nine\n|turn|36\n|\n|t:|1698551095\n|move|p1a: Ceruledge|Bulk Up|p1a: Ceruledge\n|-boost|p1a: Ceruledge|atk|1\n|-boost|p1a: Ceruledge|def|0\n|move|p2a: Altaria|Substitute|p2a: Altaria\n|-start|p2a: Altaria|Substitute\n|-damage|p2a: Altaria|76\/100\n|\n|upkeep\n|turn|37\n|\n|t:|1698551104\n|move|p1a: Ceruledge|Bulk Up|p1a: Ceruledge\n|-boost|p1a: Ceruledge|atk|1\n|-boost|p1a: Ceruledge|def|0\n|move|p2a: Altaria|Cotton Guard|p2a: Altaria\n|-boost|p2a: Altaria|def|3\n|\n|upkeep\n|turn|38\n|\n|t:|1698551112\n|move|p1a: Ceruledge|Bulk Up|p1a: Ceruledge\n|-boost|p1a: Ceruledge|atk|1\n|-boost|p1a: Ceruledge|def|0\n|move|p2a: Altaria|Cotton Guard|p2a: Altaria\n|-boost|p2a: Altaria|def|3\n|\n|upkeep\n|turn|39\n|\n|t:|1698551121\n|move|p1a: Ceruledge|Bulk Up|p1a: Ceruledge\n|-boost|p1a: Ceruledge|atk|1\n|-boost|p1a: Ceruledge|def|0\n|move|p2a: Altaria|Earthquake|p1a: Ceruledge|[miss]\n|-miss|p2a: Altaria|p1a: Ceruledge\n|\n|upkeep\n|turn|40\n|\n|t:|1698551130\n|move|p1a: Ceruledge|Bitter Blade|p2a: Altaria\n|-resisted|p2a: Altaria\n|-end|p2a: Altaria|Substitute\n|move|p2a: Altaria|Earthquake|p1a: Ceruledge|[miss]\n|-miss|p2a: Altaria|p1a: Ceruledge\n|\n|upkeep\n|turn|41\n|\n|t:|1698551138\n|move|p1a: Ceruledge|Bitter Blade|p2a: Altaria\n|-resisted|p2a: Altaria\n|-damage|p2a: Altaria|33\/100\n|move|p2a: Altaria|Earthquake|p1a: Ceruledge|[miss]\n|-miss|p2a: Altaria|p1a: Ceruledge\n|\n|upkeep\n|turn|42\n|\n|t:|1698551146\n|move|p1a: Ceruledge|Bitter Blade|p2a: Altaria\n|-resisted|p2a: Altaria\n|-damage|p2a: Altaria|0 fnt\n|faint|p2a: Altaria\n|\n|upkeep\n|\n|t:|1698551153\n|switch|p2a: Volcarona|Volcarona, F|100\/100\n|-activate|p2a: Volcarona|move: Sticky Web\n|-unboost|p2a: Volcarona|spe|1\n|turn|43\n|\n|t:|1698551163\n|move|p1a: Ceruledge|Bitter Blade|p2a: Volcarona\n|-damage|p2a: Volcarona|0 fnt\n|faint|p2a: Volcarona\n|\n|upkeep\n|\n|t:|1698551169\n|switch|p2a: Arceus|Arceus-Fairy|100\/100\n|-activate|p2a: Arceus|move: Sticky Web\n|-unboost|p2a: Arceus|spe|1\n|turn|44\n|\n|t:|1698551176\n|move|p1a: Ceruledge|Bitter Blade|p2a: Arceus\n|-damage|p2a: Arceus|0 fnt\n|faint|p2a: Arceus\n|\n|upkeep\n|\n|t:|1698551182\n|switch|p2a: Infernape|Infernape, F|10\/100\n|-activate|p2a: Infernape|move: Sticky Web\n|-unboost|p2a: Infernape|spe|1\n|turn|45\n|\n|t:|1698551189\n|move|p2a: Infernape|Mach Punch|p1a: Ceruledge\n|-immune|p1a: Ceruledge\n|move|p1a: Ceruledge|Bitter Blade|p2a: Infernape\n|-resisted|p2a: Infernape\n|-damage|p2a: Infernape|0 fnt\n|faint|p2a: Infernape\n|\n|win|hoopahoops720\n|raw|hoopahoops720's rating: 1172 &rarr; <strong>1188<\/strong><br \/>(+16 for winning)\n|raw|galyx_wolf's rating: 1040 &rarr; <strong>1030<\/strong><br \/>(-10 for losing)\n|l|\u2606galyx_wolf\n","uploadtime":1698551228,"views":12,"p1id":"hoopahoops720","p2id":"galyxwolf","formatid":"gen9anythinggoes","rating":1030,"private":0,"password":""}