{"id":"gen9anythinggoes-1982079400","p1":"Rizzama_Bin_Laden","p2":"imbadatthisforeal","format":"[Gen 9] Anything Goes","log":"|j|\u2606Rizzama_Bin_Laden\n|j|\u2606imbadatthisforeal\n|t:|1698965745\n|gametype|singles\n|player|p1|Rizzama_Bin_Laden|266|1102\n|player|p2|imbadatthisforeal|102|1062\n|teamsize|p1|6\n|teamsize|p2|6\n|gen|9\n|tier|[Gen 9] Anything Goes\n|rated|\n|rule|HP Percentage Mod: HP is shown in percentages\n|rule|Endless Battle Clause: Forcing endless battles is banned\n|clearpoke\n|poke|p1|Dragonite, F|\n|poke|p1|Greninja-*, F|\n|poke|p1|Corviknight, M|\n|poke|p1|Hatterene, F|\n|poke|p1|Ceruledge, F|\n|poke|p1|Ogerpon-Cornerstone, F|\n|poke|p2|Clefable, M|\n|poke|p2|Espeon, M|\n|poke|p2|Cinderace, F|\n|poke|p2|Calyrex-Shadow|\n|poke|p2|Clodsire, F|\n|poke|p2|Arceus|\n|teampreview\n|c|\u2606Rizzama_Bin_Laden|arceus and calyrex?\n|c|\u2606Rizzama_Bin_Laden|dude\n|inactive|Battle timer is ON: inactive players will automatically lose when time's up. (requested by imbadatthisforeal)\n|\n|t:|1698965786\n|start\n|switch|p1a: Boi|Greninja, F|100\/100\n|switch|p2a: Espeon|Espeon, M|100\/100\n|turn|1\n|\n|t:|1698965794\n|move|p1a: Boi|Dark Pulse|p2a: Espeon\n|-supereffective|p2a: Espeon\n|-damage|p2a: Espeon|32\/100\n|move|p2a: Espeon|Yawn|p1a: Boi\n|-start|p1a: Boi|move: Yawn|[of] p2a: Espeon\n|\n|upkeep\n|turn|2\n|\n|t:|1698965800\n|move|p1a: Boi|Dark Pulse|p2a: Espeon\n|-supereffective|p2a: Espeon\n|-damage|p2a: Espeon|0 fnt\n|faint|p2a: Espeon\n|\n|-end|p1a: Boi|move: Yawn|[silent]\n|-status|p1a: Boi|slp\n|upkeep\n|\n|t:|1698965803\n|switch|p2a: Clefable|Clefable, M|100\/100\n|turn|3\n|\n|t:|1698965822\n|switch|p1a: Big Bird|Corviknight, M|100\/100\n|move|p2a: Clefable|Calm Mind|p2a: Clefable\n|-boost|p2a: Clefable|spa|1\n|-boost|p2a: Clefable|spd|1\n|\n|upkeep\n|turn|4\n|\n|t:|1698965829\n|-terastallize|p2a: Clefable|Steel\n|move|p1a: Big Bird|Flash Cannon|p2a: Clefable\n|-resisted|p2a: Clefable\n|-damage|p2a: Clefable|95\/100\n|move|p2a: Clefable|Flamethrower|p1a: Big Bird\n|-supereffective|p1a: Big Bird\n|-damage|p1a: Big Bird|23\/100\n|\n|-heal|p1a: Big Bird|29\/100|[from] item: Leftovers\n|upkeep\n|turn|5\n|\n|t:|1698965839\n|move|p1a: Big Bird|Drill Peck|p2a: Clefable\n|-resisted|p2a: Clefable\n|-damage|p2a: Clefable|77\/100\n|move|p2a: Clefable|Calm Mind|p2a: Clefable\n|-boost|p2a: Clefable|spa|1\n|-boost|p2a: Clefable|spd|1\n|\n|-heal|p1a: Big Bird|35\/100|[from] item: Leftovers\n|upkeep\n|turn|6\n|\n|t:|1698965850\n|switch|p1a: Lancelot|Ceruledge, F|100\/100\n|move|p2a: Clefable|Wish|p2a: Clefable\n|\n|upkeep\n|turn|7\n|\n|t:|1698965857\n|move|p1a: Lancelot|Bitter Blade|p2a: Clefable\n|-supereffective|p2a: Clefable\n|-damage|p2a: Clefable|0 fnt\n|faint|p2a: Clefable\n|\n|upkeep\n|\n|t:|1698965868\n|switch|p2a: Calyrex|Calyrex-Shadow|100\/100\n|-ability|p2a: Calyrex|As One\n|-ability|p2a: Calyrex|Unnerve\n|turn|8\n|\n|t:|1698965875\n|-terastallize|p1a: Lancelot|Fire\n|move|p2a: Calyrex|Astral Barrage|p1a: Lancelot\n|-damage|p1a: Lancelot|27\/100\n|move|p1a: Lancelot|Poltergeist|p2a: Calyrex\n|-activate|p2a: Calyrex|move: Poltergeist|Focus Sash\n|-supereffective|p2a: Calyrex\n|-enditem|p2a: Calyrex|Focus Sash\n|-damage|p2a: Calyrex|1\/100\n|\n|-heal|p1a: Lancelot|33\/100|[from] item: Leftovers\n|upkeep\n|turn|9\n|\n|t:|1698965892\n|move|p2a: Calyrex|Astral Barrage|p1a: Lancelot\n|-damage|p1a: Lancelot|0 fnt\n|faint|p1a: Lancelot\n|-ability|p2a: Calyrex|Grim Neigh|boost\n|-boost|p2a: Calyrex|spa|1\n|\n|upkeep\n|\n|t:|1698965909\n|switch|p1a: WAKAWAKA|Ogerpon-Cornerstone, F|100\/100\n|turn|10\n|\n|t:|1698965916\n|move|p2a: Calyrex|Astral Barrage|p1a: WAKAWAKA\n|-ability|p1a: WAKAWAKA|Sturdy\n|-damage|p1a: WAKAWAKA|1\/100\n|move|p1a: WAKAWAKA|Play Rough|p2a: Calyrex\n|-damage|p2a: Calyrex|0 fnt\n|faint|p2a: Calyrex\n|\n|upkeep\n|\n|t:|1698965922\n|switch|p2a: Arceus|Arceus|100\/100\n|turn|11\n|\n|t:|1698965927\n|move|p2a: Arceus|Extreme Speed|p1a: WAKAWAKA\n|-resisted|p1a: WAKAWAKA\n|-damage|p1a: WAKAWAKA|0 fnt\n|faint|p1a: WAKAWAKA\n|\n|upkeep\n|\n|t:|1698965938\n|switch|p1a: GYATT|Hatterene, F|100\/100\n|turn|12\n|\n|t:|1698965950\n|move|p2a: Arceus|Swords Dance|p2a: Arceus\n|-boost|p2a: Arceus|atk|2\n|move|p1a: GYATT|Play Rough|p2a: Arceus|[miss]\n|-miss|p1a: GYATT|p2a: Arceus\n|\n|upkeep\n|turn|13\n|\n|t:|1698965958\n|move|p2a: Arceus|Swords Dance|p2a: Arceus\n|-boost|p2a: Arceus|atk|2\n|move|p1a: GYATT|Play Rough|p2a: Arceus\n|-damage|p2a: Arceus|77\/100\n|\n|upkeep\n|turn|14\n|\n|t:|1698965964\n|move|p2a: Arceus|Extreme Speed|p1a: GYATT\n|-damage|p1a: GYATT|0 fnt\n|faint|p1a: GYATT\n|\n|upkeep\n|\n|t:|1698965970\n|switch|p1a: Mr. Tank|Dragonite, F|100\/100\n|turn|15\n|\n|t:|1698965984\n|move|p2a: Arceus|Extreme Speed|p1a: Mr. Tank\n|-damage|p1a: Mr. Tank|41\/100\n|move|p1a: Mr. Tank|Hurricane|p2a: Arceus|[miss]\n|-miss|p1a: Mr. Tank|p2a: Arceus\n|\n|-heal|p1a: Mr. Tank|47\/100|[from] item: Leftovers\n|upkeep\n|turn|16\n|\n|t:|1698965992\n|move|p2a: Arceus|Extreme Speed|p1a: Mr. Tank\n|-crit|p1a: Mr. Tank\n|-damage|p1a: Mr. Tank|0 fnt\n|faint|p1a: Mr. Tank\n|\n|upkeep\n|c|\u2606Rizzama_Bin_Laden|extreme speed spamming\n|c|\u2606Rizzama_Bin_Laden|that is crazy\n|c|\u2606Rizzama_Bin_Laden|with arceus\n|\n|t:|1698966012\n|switch|p1a: Boi|Greninja, F|100\/100 slp\n|turn|17\n|\n|t:|1698966016\n|move|p2a: Arceus|Extreme Speed|p1a: Boi\n|-damage|p1a: Boi|0 fnt\n|faint|p1a: Boi\n|\n|upkeep\n|\n|t:|1698966021\n|switch|p1a: Big Bird|Corviknight, M|35\/100\n|turn|18\n|c|\u2606Rizzama_Bin_Laden|fuckin cowardly bitch\n|\n|t:|1698966035\n|move|p2a: Arceus|Extreme Speed|p1a: Big Bird\n|-resisted|p1a: Big Bird\n|-damage|p1a: Big Bird|0 fnt\n|faint|p1a: Big Bird\n|\n|win|imbadatthisforeal\n|raw|Rizzama_Bin_Laden's rating: 1102 &rarr; <strong>1074<\/strong><br \/>(-28 for losing)\n|raw|imbadatthisforeal's rating: 1062 &rarr; <strong>1096<\/strong><br \/>(+34 for winning)\n","uploadtime":1698966031,"views":3,"p1id":"rizzamabinladen","p2id":"imbadatthisforeal","formatid":"gen9anythinggoes","rating":1074,"private":0,"password":""}