{"id":"gen9anythinggoes-1989855343","p1":"babbona","p2":"mangoses","format":"[Gen 9] Anything Goes","log":"|j|\u2606babbona\n|j|\u2606mangoses\n|t:|1699901360\n|gametype|singles\n|player|p1|babbona|ghetsis-gen5bw|1201\n|player|p2|mangoses|1|1129\n|teamsize|p1|6\n|teamsize|p2|6\n|gen|9\n|tier|[Gen 9] Anything Goes\n|rated|\n|rule|HP Percentage Mod: HP is shown in percentages\n|rule|Endless Battle Clause: Forcing endless battles is banned\n|clearpoke\n|poke|p1|Mimikyu, M|\n|poke|p1|Calyrex-Shadow|\n|poke|p1|Sneasler, M|\n|poke|p1|Rayquaza|\n|poke|p1|Hatterene, F|\n|poke|p1|Magearna|\n|poke|p2|Ogerpon, F|\n|poke|p2|Ogerpon-Cornerstone, F|\n|poke|p2|Ogerpon-Hearthflame, F|\n|poke|p2|Ogerpon-Wellspring, F|\n|poke|p2|Ogerpon-Cornerstone, F|\n|poke|p2|Ogerpon-Cornerstone, F|\n|teampreview\n|\n|t:|1699901367\n|start\n|switch|p1a: mage|Hatterene, F|100\/100\n|switch|p2a: Ogerpon|Ogerpon, F|100\/100\n|turn|1\n|\n|t:|1699901376\n|move|p2a: Ogerpon|Superpower|p1a: mage\n|-resisted|p1a: mage\n|-damage|p1a: mage|89\/100\n|-unboost|p2a: Ogerpon|atk|1\n|-unboost|p2a: Ogerpon|def|1\n|move|p1a: mage|Calm Mind|p1a: mage\n|-boost|p1a: mage|spa|1\n|-boost|p1a: mage|spd|1\n|\n|-heal|p1a: mage|95\/100|[from] item: Leftovers\n|upkeep\n|turn|2\n|\n|t:|1699901386\n|move|p2a: Ogerpon|Ivy Cudgel|p1a: mage\n|-damage|p1a: mage|56\/100\n|move|p1a: mage|Mystical Fire|p2a: Ogerpon\n|-supereffective|p2a: Ogerpon\n|-damage|p2a: Ogerpon|0 fnt\n|faint|p2a: Ogerpon\n|\n|-heal|p1a: mage|62\/100|[from] item: Leftovers\n|upkeep\n|\n|t:|1699901395\n|switch|p2a: Ogerpon|Ogerpon-Wellspring, F|100\/100\n|turn|3\n|\n|t:|1699901411\n|move|p2a: Ogerpon|Lash Out|p1a: mage\n|-damage|p1a: mage|30\/100\n|move|p1a: mage|Mystical Fire|p2a: Ogerpon\n|-damage|p2a: Ogerpon|52\/100\n|-unboost|p2a: Ogerpon|spa|1\n|\n|-heal|p1a: mage|36\/100|[from] item: Leftovers\n|upkeep\n|turn|4\n|\n|t:|1699901426\n|move|p2a: Ogerpon|Lash Out|p1a: mage\n|-damage|p1a: mage|0 fnt\n|faint|p1a: mage\n|\n|upkeep\n|\n|t:|1699901433\n|switch|p1a: notpikachu|Mimikyu, M|100\/100\n|turn|5\n|\n|t:|1699901447\n|move|p2a: Ogerpon|Ivy Cudgel|p1a: notpikachu\n|-activate|p1a: notpikachu|ability: Disguise\n|-damage|p1a: notpikachu|100\/100\n|detailschange|p1a: notpikachu|Mimikyu-Busted, M\n|-damage|p1a: notpikachu|88\/100|[from] pokemon: Mimikyu-Busted\n|move|p1a: notpikachu|Swords Dance|p1a: notpikachu\n|-boost|p1a: notpikachu|atk|2\n|\n|upkeep\n|turn|6\n|\n|t:|1699901459\n|move|p1a: notpikachu|Shadow Sneak|p2a: Ogerpon\n|-damage|p2a: Ogerpon|12\/100\n|move|p2a: Ogerpon|Power Whip|p1a: notpikachu\n|-damage|p1a: notpikachu|0 fnt\n|faint|p1a: notpikachu\n|\n|upkeep\n|\n|t:|1699901464\n|switch|p1a: longsneasel|Sneasler, M|100\/100\n|-ability|p1a: longsneasel|Pressure\n|turn|7\n|\n|t:|1699901470\n|move|p1a: longsneasel|Dire Claw|p2a: Ogerpon\n|-supereffective|p2a: Ogerpon\n|-damage|p2a: Ogerpon|0 fnt\n|faint|p2a: Ogerpon\n|\n|upkeep\n|\n|t:|1699901476\n|switch|p2a: Ogerpon|Ogerpon-Hearthflame, F|100\/100\n|-ability|p2a: Ogerpon|Mold Breaker\n|turn|8\n|\n|t:|1699901481\n|move|p1a: longsneasel|Dire Claw|p2a: Ogerpon\n|-supereffective|p2a: Ogerpon\n|-damage|p2a: Ogerpon|0 fnt\n|faint|p2a: Ogerpon\n|\n|upkeep\n|\n|t:|1699901486\n|switch|p2a: Ogerpon|Ogerpon-Cornerstone, F|100\/100\n|turn|9\n|\n|t:|1699901495\n|move|p1a: longsneasel|Close Combat|p2a: Ogerpon\n|-supereffective|p2a: Ogerpon\n|-crit|p2a: Ogerpon\n|-ability|p2a: Ogerpon|Sturdy\n|-damage|p2a: Ogerpon|1\/100\n|-unboost|p1a: longsneasel|def|1\n|-unboost|p1a: longsneasel|spd|1\n|move|p2a: Ogerpon|Ivy Cudgel|p1a: longsneasel\n|-resisted|p1a: longsneasel\n|-damage|p1a: longsneasel|28\/100\n|\n|upkeep\n|turn|10\n|\n|t:|1699901525\n|move|p1a: longsneasel|Night Slash|p2a: Ogerpon\n|-damage|p2a: Ogerpon|0 fnt\n|faint|p2a: Ogerpon\n|\n|upkeep\n|\n|t:|1699901530\n|switch|p2a: Ogerpon|Ogerpon-Cornerstone, F|100\/100\n|turn|11\n|\n|t:|1699901539\n|move|p1a: longsneasel|Dire Claw|p2a: Ogerpon\n|-damage|p2a: Ogerpon|47\/100\n|-status|p2a: Ogerpon|psn\n|move|p2a: Ogerpon|Ivy Cudgel|p1a: longsneasel\n|-resisted|p1a: longsneasel\n|-damage|p1a: longsneasel|0 fnt\n|faint|p1a: longsneasel\n|\n|-damage|p2a: Ogerpon|34\/100 psn|[from] psn\n|upkeep\n|\n|t:|1699901547\n|switch|p1a: heart|Magearna|100\/100\n|turn|12\n|\n|t:|1699901550\n|move|p2a: Ogerpon|Power Whip|p1a: heart\n|-resisted|p1a: heart\n|-damage|p1a: heart|69\/100\n|move|p1a: heart|Shift Gear|p1a: heart\n|-boost|p1a: heart|spe|2\n|-boost|p1a: heart|atk|1\n|\n|-damage|p2a: Ogerpon|22\/100 psn|[from] psn\n|upkeep\n|turn|13\n|\n|t:|1699901559\n|move|p2a: Ogerpon|Brick Break|p1a: heart\n|-damage|p1a: heart|46\/100\n|move|p1a: heart|Shift Gear|p1a: heart\n|-boost|p1a: heart|spe|2\n|-boost|p1a: heart|atk|1\n|\n|-damage|p2a: Ogerpon|10\/100 psn|[from] psn\n|upkeep\n|turn|14\n|\n|t:|1699901567\n|move|p1a: heart|Flash Cannon|p2a: Ogerpon\n|-supereffective|p2a: Ogerpon\n|-damage|p2a: Ogerpon|0 fnt\n|faint|p2a: Ogerpon\n|-ability|p1a: heart|Soul-Heart|boost\n|-boost|p1a: heart|spa|1\n|\n|upkeep\n|\n|t:|1699901573\n|switch|p2a: Ogerpon|Ogerpon-Cornerstone, F|100\/100\n|turn|15\n|\n|t:|1699901588\n|move|p1a: heart|Flash Cannon|p2a: Ogerpon\n|-supereffective|p2a: Ogerpon\n|-ability|p2a: Ogerpon|Sturdy\n|-damage|p2a: Ogerpon|1\/100\n|move|p2a: Ogerpon|Ivy Cudgel|p1a: heart\n|-resisted|p1a: heart\n|-damage|p1a: heart|21\/100\n|\n|upkeep\n|turn|16\n|\n|t:|1699901597\n|-terastallize|p2a: Ogerpon|Rock\n|detailschange|p2a: Ogerpon|Ogerpon-Cornerstone-Tera, F, tera:Rock\n|-ability|p2a: Ogerpon|Embody Aspect (Cornerstone)|boost\n|-boost|p2a: Ogerpon|def|1\n|move|p2a: Ogerpon|Quick Attack|p1a: heart\n|-resisted|p1a: heart\n|-damage|p1a: heart|15\/100\n|move|p1a: heart|Flash Cannon|p2a: Ogerpon\n|-supereffective|p2a: Ogerpon\n|-damage|p2a: Ogerpon|0 fnt\n|faint|p2a: Ogerpon\n|\n|win|babbona\n|raw|babbona's rating: 1201 &rarr; <strong>1221<\/strong><br \/>(+20 for winning)\n|raw|mangoses's rating: 1129 &rarr; <strong>1109<\/strong><br \/>(-20 for losing)\n","uploadtime":1699901610,"views":7,"p1id":"babbona","p2id":"mangoses","formatid":"gen9anythinggoes","rating":1109,"private":0,"password":""}