{"id":"gen9anythinggoes-1979222040","p1":"Graf Montfort","p2":"Jello 2","format":"[Gen 9] Anything Goes","log":"|j|\u2606Graf Montfort\n|j|\u2606Jello 2\n|t:|1698655210\n|gametype|singles\n|player|p1|Graf Montfort|169|1136\n|player|p2|Jello 2|clown|1000\n|teamsize|p1|6\n|teamsize|p2|6\n|gen|9\n|tier|[Gen 9] Anything Goes\n|rated|\n|rule|HP Percentage Mod: HP is shown in percentages\n|rule|Endless Battle Clause: Forcing endless battles is banned\n|clearpoke\n|poke|p1|Forretress, F|\n|poke|p1|Goodra, F|\n|poke|p1|Blissey, F|\n|poke|p1|Ting-Lu|\n|poke|p1|Toxapex, M|\n|poke|p1|Carbink|\n|poke|p2|Primeape, F|\n|poke|p2|Kirlia, F|\n|poke|p2|Grafaiai, M|\n|poke|p2|Tornadus, M|\n|poke|p2|Chansey, F|\n|poke|p2|Spidops, M|\n|teampreview\n|\n|t:|1698655213\n|start\n|switch|p1a: Forretress|Forretress, F|100\/100\n|switch|p2a: ding|Tornadus, M|100\/100\n|turn|1\n|\n|t:|1698655220\n|move|p2a: ding|Swagger|p1a: Forretress\n|-boost|p1a: Forretress|atk|2\n|-start|p1a: Forretress|confusion\n|-activate|p1a: Forretress|confusion\n|-damage|p1a: Forretress|92\/100|[from] confusion\n|\n|-heal|p1a: Forretress|99\/100|[from] item: Leftovers\n|upkeep\n|turn|2\n|\n|t:|1698655229\n|move|p2a: ding|Fling|p1a: Forretress\n|-damage|p1a: Forretress|97\/100\n|-end|p1a: Forretress|confusion\n|-enditem|p2a: ding|Lum Berry|[from] move: Fling\n|move|p1a: Forretress|Toxic Spikes|p2a: ding\n|-sidestart|p2: Jello 2|move: Toxic Spikes\n|\n|-heal|p1a: Forretress|100\/100|[from] item: Leftovers\n|upkeep\n|turn|3\n|c|\u2606Jello 2|lets gooo\n|\n|t:|1698655249\n|move|p2a: ding|Thief|p1a: Forretress\n|-crit|p1a: Forretress\n|-damage|p1a: Forretress|83\/100\n|-enditem|p1a: Forretress|Leftovers|[silent]|[from] move: Thief|[of] p2a: ding\n|-item|p2a: ding|Leftovers|[from] move: Thief|[of] p1a: Forretress\n|move|p1a: Forretress|Stealth Rock|p2a: ding\n|-sidestart|p2: Jello 2|move: Stealth Rock\n|\n|upkeep\n|turn|4\n|\n|t:|1698655256\n|move|p2a: ding|Fling|p1a: Forretress\n|-damage|p1a: Forretress|82\/100\n|-enditem|p2a: ding|Leftovers|[from] move: Fling\n|move|p1a: Forretress|Toxic Spikes|p2a: ding\n|-sidestart|p2: Jello 2|move: Toxic Spikes\n|\n|upkeep\n|turn|5\n|\n|t:|1698655263\n|move|p2a: ding|Swagger|p1a: Forretress\n|-boost|p1a: Forretress|atk|2\n|-start|p1a: Forretress|confusion\n|-activate|p1a: Forretress|confusion\n|move|p1a: Forretress|Rapid Spin|p2a: ding\n|-damage|p2a: ding|59\/100\n|-boost|p1a: Forretress|spe|1\n|\n|upkeep\n|turn|6\n|\n|t:|1698655276\n|move|p2a: ding|Swagger|p1a: Forretress\n|-boost|p1a: Forretress|atk|2\n|-activate|p1a: Forretress|confusion\n|-damage|p1a: Forretress|65\/100|[from] confusion\n|\n|upkeep\n|turn|7\n|\n|t:|1698655284\n|move|p2a: ding|Fling||[still]\n|-fail|p2a: ding\n|-activate|p1a: Forretress|confusion\n|move|p1a: Forretress|Rapid Spin|p2a: ding\n|-damage|p2a: ding|0 fnt\n|-boost|p1a: Forretress|spe|1\n|faint|p2a: ding\n|\n|upkeep\n|\n|t:|1698655296\n|switch|p2a: Dadwick|Grafaiai, M|100\/100\n|-sideend|p2: Jello 2|move: Toxic Spikes|[of] p2a: Dadwick\n|-damage|p2a: Dadwick|88\/100|[from] Stealth Rock\n|turn|8\n|\n|t:|1698655303\n|move|p2a: Dadwick|Taunt|p1a: Forretress\n|-start|p1a: Forretress|move: Taunt\n|-end|p1a: Forretress|confusion\n|move|p1a: Forretress|Rapid Spin|p2a: Dadwick\n|-damage|p2a: Dadwick|37\/100\n|-boost|p1a: Forretress|spe|1\n|\n|-heal|p2a: Dadwick|43\/100|[from] item: Leftovers\n|upkeep\n|turn|9\n|\n|t:|1698655314\n|move|p2a: Dadwick|Substitute|p2a: Dadwick\n|-start|p2a: Dadwick|Substitute\n|-damage|p2a: Dadwick|18\/100\n|move|p1a: Forretress|Rapid Spin|p2a: Dadwick\n|-end|p2a: Dadwick|Substitute\n|-boost|p1a: Forretress|spe|1\n|\n|-heal|p2a: Dadwick|24\/100|[from] item: Leftovers\n|upkeep\n|turn|10\n|\n|t:|1698655323\n|move|p2a: Dadwick|Metronome|p2a: Dadwick\n|move|p2a: Dadwick|Inferno|p1a: Forretress|[from]move: Metronome|[miss]\n|-miss|p2a: Dadwick|p1a: Forretress\n|move|p1a: Forretress|Rapid Spin|p2a: Dadwick\n|-crit|p2a: Dadwick\n|-damage|p2a: Dadwick|0 fnt\n|-boost|p1a: Forretress|spe|1\n|faint|p2a: Dadwick\n|\n|-end|p1a: Forretress|move: Taunt\n|upkeep\n|\n|t:|1698655327\n|switch|p2a: Hog rider|Primeape, F|100\/100\n|-damage|p2a: Hog rider|95\/100|[from] Stealth Rock\n|turn|11\n|\n|t:|1698655338\n|move|p1a: Forretress|Toxic Spikes|p2a: Hog rider\n|-sidestart|p2: Jello 2|move: Toxic Spikes\n|move|p2a: Hog rider|Thief|p1a: Forretress\n|-damage|p1a: Forretress|54\/100\n|\n|upkeep\n|turn|12\n|\n|t:|1698655346\n|move|p1a: Forretress|Rapid Spin|p2a: Hog rider\n|-damage|p2a: Hog rider|23\/100\n|-boost|p1a: Forretress|spe|1\n|move|p2a: Hog rider|Metronome|p2a: Hog rider\n|move|p2a: Hog rider|Giga Impact|p1a: Forretress|[from]move: Metronome\n|-resisted|p1a: Forretress\n|-damage|p1a: Forretress|41\/100\n|-mustrecharge|p2a: Hog rider\n|\n|upkeep\n|turn|13\n|\n|t:|1698655366\n|move|p1a: Forretress|Toxic Spikes|p2a: Hog rider\n|-sidestart|p2: Jello 2|move: Toxic Spikes\n|cant|p2a: Hog rider|recharge\n|\n|upkeep\n|turn|14\n|\n|t:|1698655371\n|move|p1a: Forretress|Rapid Spin|p2a: Hog rider\n|-damage|p2a: Hog rider|0 fnt\n|faint|p2a: Hog rider\n|\n|upkeep\n|\n|t:|1698655374\n|switch|p2a: my ability now|Kirlia, F|100\/100\n|-damage|p2a: my ability now|88\/100|[from] Stealth Rock\n|-status|p2a: my ability now|tox\n|-ability|p2a: my ability now|Sturdy|[from] ability: Trace|[of] p1a: Forretress\n|turn|15\n|\n|t:|1698655382\n|move|p1a: Forretress|Rapid Spin|p2a: my ability now\n|-damage|p2a: my ability now|0 fnt\n|faint|p2a: my ability now\n|\n|upkeep\n|\n|t:|1698655387\n|switch|p2a: Spidops|Spidops, M|100\/100\n|-damage|p2a: Spidops|76\/100|[from] Stealth Rock\n|-status|p2a: Spidops|tox\n|turn|16\n|\n|t:|1698655392\n|move|p1a: Forretress|Rapid Spin|p2a: Spidops\n|-damage|p2a: Spidops|47\/100 tox\n|move|p2a: Spidops|Rain Dance|p2a: Spidops\n|-weather|RainDance\n|\n|-weather|RainDance|[upkeep]\n|-damage|p2a: Spidops|40\/100 tox|[from] psn\n|upkeep\n|turn|17\n|c|\u2606Jello 2|i win\n|\n|t:|1698655400\n|move|p1a: Forretress|Protect|p1a: Forretress\n|-singleturn|p1a: Forretress|Protect\n|move|p2a: Spidops|Block|p1a: Forretress\n|-activate|p1a: Forretress|trapped\n|\n|-weather|RainDance|[upkeep]\n|-damage|p2a: Spidops|28\/100 tox|[from] psn\n|upkeep\n|turn|18\n|\n|t:|1698655408\n|move|p1a: Forretress|Rapid Spin|p2a: Spidops\n|-damage|p2a: Spidops|0 fnt\n|faint|p2a: Spidops\n|\n|-weather|RainDance|[upkeep]\n|upkeep\n|\n|t:|1698655412\n|switch|p2a: no stall|Chansey, F|100\/100\n|-damage|p2a: no stall|88\/100|[from] Stealth Rock\n|-status|p2a: no stall|tox\n|turn|19\n|\n|t:|1698655423\n|move|p1a: Forretress|Rapid Spin|p2a: no stall\n|-damage|p2a: no stall|0 fnt\n|faint|p2a: no stall\n|\n|win|Graf Montfort\n|raw|Graf Montfort's rating: 1136 &rarr; <strong>1152<\/strong><br \/>(+16 for winning)\n|raw|Jello 2's rating: 1000 &rarr; <strong>1000<\/strong><br \/>(+0 for losing)\n|l|\u2606Jello 2\n","uploadtime":1698655429,"views":10,"p1id":"grafmontfort","p2id":"jello2","formatid":"gen9anythinggoes","rating":1000,"private":0,"password":""}