{"id":"gen9anythinggoes-1987834685","p1":"AngelGCXS","p2":"Beat10up YouTube","format":"[Gen 9] Anything Goes","log":"|j|\u2606AngelGCXS\n|j|\u2606Beat10up YouTube\n|t:|1699641170\n|gametype|singles\n|player|p1|AngelGCXS|hilbert|1208\n|player|p2|Beat10up YouTube|riley|1197\n|teamsize|p1|6\n|teamsize|p2|6\n|gen|9\n|tier|[Gen 9] Anything Goes\n|rated|\n|rule|HP Percentage Mod: HP is shown in percentages\n|rule|Endless Battle Clause: Forcing endless battles is banned\n|clearpoke\n|poke|p1|Chesnaught, M|\n|poke|p1|Kingambit, M|\n|poke|p1|Glimmora, M|\n|poke|p1|Ceruledge, F|\n|poke|p1|Kilowattrel, M|\n|poke|p1|Flutter Mane|\n|poke|p2|Mewtwo|\n|poke|p2|Mewtwo|\n|poke|p2|Mewtwo|\n|poke|p2|Mewtwo|\n|poke|p2|Mewtwo|\n|poke|p2|Mewtwo|\n|teampreview\n|inactive|Battle timer is ON: inactive players will automatically lose when time's up. (requested by Beat10up YouTube)\n|\n|t:|1699641176\n|start\n|switch|p1a: Glimmora|Glimmora, M|100\/100\n|switch|p2a: Mewtwo|Mewtwo|100\/100\n|-ability|p2a: Mewtwo|Pressure\n|turn|1\n|c|\u2606AngelGCXS|No way is that mewtwo\n|c|\u2606Beat10up YouTube|Yup\n|\n|t:|1699641191\n|move|p2a: Mewtwo|Earth Power|p1a: Glimmora\n|-supereffective|p1a: Glimmora\n|-damage|p1a: Glimmora|0 fnt\n|faint|p1a: Glimmora\n|\n|upkeep\n|c|\u2606AngelGCXS|G'damn\n|c|\u2606Beat10up YouTube|I know\n|\n|t:|1699641212\n|switch|p1a: Ceruledge|Ceruledge, F|100\/100\n|turn|2\n|\n|t:|1699641228\n|move|p2a: Mewtwo|Earth Power|p1a: Ceruledge\n|-supereffective|p1a: Ceruledge\n|-enditem|p1a: Ceruledge|Focus Sash\n|-damage|p1a: Ceruledge|1\/100\n|move|p1a: Ceruledge|Swords Dance|p1a: Ceruledge\n|-boost|p1a: Ceruledge|atk|2\n|\n|upkeep\n|turn|3\n|\n|t:|1699641237\n|move|p1a: Ceruledge|Shadow Sneak|p2a: Mewtwo\n|-supereffective|p2a: Mewtwo\n|-damage|p2a: Mewtwo|19\/100\n|move|p2a: Mewtwo|Earth Power|p1a: Ceruledge\n|-supereffective|p1a: Ceruledge\n|-damage|p1a: Ceruledge|0 fnt\n|faint|p1a: Ceruledge\n|\n|upkeep\n|\n|t:|1699641240\n|switch|p1a: Kilowattrel|Kilowattrel, M|100\/100\n|turn|4\n|\n|t:|1699641252\n|move|p1a: Kilowattrel|Air Slash|p2a: Mewtwo\n|-damage|p2a: Mewtwo|0 fnt\n|faint|p2a: Mewtwo\n|\n|upkeep\n|\n|t:|1699641254\n|switch|p2a: Mewtwo|Mewtwo|100\/100\n|-ability|p2a: Mewtwo|Pressure\n|turn|5\n|\n|t:|1699641257\n|move|p1a: Kilowattrel|Thunder Wave|p2a: Mewtwo\n|-status|p2a: Mewtwo|par\n|cant|p2a: Mewtwo|par\n|\n|upkeep\n|turn|6\n|\n|t:|1699641270\n|move|p1a: Kilowattrel|Air Slash|p2a: Mewtwo\n|-damage|p2a: Mewtwo|65\/100 par\n|move|p2a: Mewtwo|Ice Beam|p1a: Kilowattrel\n|-supereffective|p1a: Kilowattrel\n|-enditem|p1a: Kilowattrel|Yache Berry|[eat]\n|-enditem|p1a: Kilowattrel|Yache Berry|[weaken]\n|-damage|p1a: Kilowattrel|18\/100\n|\n|upkeep\n|turn|7\n|\n|t:|1699641278\n|move|p1a: Kilowattrel|Air Slash|p2a: Mewtwo\n|-damage|p2a: Mewtwo|32\/100 par\n|move|p2a: Mewtwo|Ice Beam|p1a: Kilowattrel\n|-supereffective|p1a: Kilowattrel\n|-damage|p1a: Kilowattrel|0 fnt\n|faint|p1a: Kilowattrel\n|\n|upkeep\n|\n|t:|1699641301\n|switch|p1a: Flutter Mane|Flutter Mane|100\/100\n|-enditem|p1a: Flutter Mane|Booster Energy\n|-activate|p1a: Flutter Mane|ability: Protosynthesis|[fromitem]\n|-start|p1a: Flutter Mane|protosynthesisspe\n|turn|8\n|\n|t:|1699641314\n|-terastallize|p1a: Flutter Mane|Normal\n|move|p1a: Flutter Mane|Hex|p2a: Mewtwo\n|-supereffective|p2a: Mewtwo\n|-damage|p2a: Mewtwo|0 fnt\n|faint|p2a: Mewtwo\n|\n|upkeep\n|\n|t:|1699641318\n|switch|p2a: Mewtwo|Mewtwo|100\/100\n|-ability|p2a: Mewtwo|Pressure\n|turn|9\n|\n|t:|1699641323\n|move|p1a: Flutter Mane|Hex|p2a: Mewtwo\n|-supereffective|p2a: Mewtwo\n|-damage|p2a: Mewtwo|25\/100\n|move|p2a: Mewtwo|Aura Sphere|p1a: Flutter Mane\n|-supereffective|p1a: Flutter Mane\n|-damage|p1a: Flutter Mane|6\/100\n|\n|upkeep\n|turn|10\n|\n|t:|1699641330\n|move|p1a: Flutter Mane|Hex|p2a: Mewtwo\n|-supereffective|p2a: Mewtwo\n|-damage|p2a: Mewtwo|0 fnt\n|faint|p2a: Mewtwo\n|\n|upkeep\n|\n|t:|1699641332\n|switch|p2a: Mewtwo|Mewtwo|100\/100\n|-ability|p2a: Mewtwo|Pressure\n|turn|11\n|\n|t:|1699641335\n|move|p1a: Flutter Mane|Hex|p2a: Mewtwo\n|-supereffective|p2a: Mewtwo\n|-damage|p2a: Mewtwo|22\/100\n|move|p2a: Mewtwo|Aura Sphere|p1a: Flutter Mane\n|-supereffective|p1a: Flutter Mane\n|-damage|p1a: Flutter Mane|0 fnt\n|faint|p1a: Flutter Mane\n|-end|p1a: Flutter Mane|Protosynthesis|[silent]\n|\n|upkeep\n|\n|t:|1699641337\n|switch|p1a: Chesnaught|Chesnaught, M|100\/100\n|turn|12\n|\n|t:|1699641352\n|move|p2a: Mewtwo|Ice Beam|p1a: Chesnaught\n|-supereffective|p1a: Chesnaught\n|-damage|p1a: Chesnaught|0 fnt\n|faint|p1a: Chesnaught\n|\n|upkeep\n|\n|t:|1699641355\n|switch|p1a: Kingambit|Kingambit, M|100\/100\n|-activate|p1a: Kingambit|ability: Supreme Overlord\n|-start|p1a: Kingambit|fallen5|[silent]\n|turn|13\n|\n|t:|1699641361\n|move|p1a: Kingambit|Sucker Punch|p2a: Mewtwo\n|-supereffective|p2a: Mewtwo\n|-damage|p2a: Mewtwo|0 fnt\n|faint|p2a: Mewtwo\n|\n|upkeep\n|\n|t:|1699641363\n|switch|p2a: Mewtwo|Mewtwo|100\/100\n|-ability|p2a: Mewtwo|Pressure\n|turn|14\n|c|\u2606AngelGCXS|Now for 105bp sucker punch\n|\n|t:|1699641371\n|move|p1a: Kingambit|Sucker Punch|p2a: Mewtwo\n|-supereffective|p2a: Mewtwo\n|-damage|p2a: Mewtwo|0 fnt\n|faint|p2a: Mewtwo\n|\n|upkeep\n|c|\u2606Beat10up YouTube|Lol imagine\n|\n|t:|1699641380\n|switch|p2a: Mewtwo|Mewtwo|100\/100\n|-ability|p2a: Mewtwo|Pressure\n|turn|15\n|\n|t:|1699641385\n|-terastallize|p2a: Mewtwo|Dark\n|move|p1a: Kingambit|Sucker Punch|p2a: Mewtwo\n|-resisted|p2a: Mewtwo\n|-damage|p2a: Mewtwo|67\/100\n|move|p2a: Mewtwo|Aura Sphere|p1a: Kingambit\n|-supereffective|p1a: Kingambit\n|-crit|p1a: Kingambit\n|-damage|p1a: Kingambit|0 fnt\n|faint|p1a: Kingambit\n|-end|p1a: Kingambit|fallen5|[silent]\n|\n|win|Beat10up YouTube\n|raw|AngelGCXS's rating: 1208 &rarr; <strong>1182<\/strong><br \/>(-26 for losing)\n|raw|Beat10up YouTube's rating: 1197 &rarr; <strong>1223<\/strong><br \/>(+26 for winning)\n|c|\u2606AngelGCXS|Damn you right\n|c|\u2606AngelGCXS|Gg\n|c|\u2606Beat10up YouTube|Gg\n|l|\u2606AngelGCXS\n|l|\u2606Beat10up YouTube\n|j|\u2606Beat10up YouTube\n|player|p2|Beat10up YouTube|riley\n","uploadtime":1699641528,"views":5,"p1id":"angelgcxs","p2id":"beat10upyoutube","formatid":"gen9anythinggoes","rating":1182,"private":0,"password":""}