{"id":"gen9anythinggoes-1985404211","p1":"ekur000","p2":"krookodilemoxie","format":"[Gen 9] Anything Goes","log":"|j|\u2606ekur000\n|j|\u2606krookodilemoxie\n|t:|1699371858\n|gametype|singles\n|player|p1|ekur000|pokefanf-gen4|1257\n|player|p2|krookodilemoxie|byron|1196\n|teamsize|p1|6\n|teamsize|p2|6\n|gen|9\n|tier|[Gen 9] Anything Goes\n|rated|\n|rule|HP Percentage Mod: HP is shown in percentages\n|rule|Endless Battle Clause: Forcing endless battles is banned\n|clearpoke\n|poke|p1|Lurantis, F|\n|poke|p1|Mew|\n|poke|p1|Chandelure, M|\n|poke|p1|Sudowoodo, F|\n|poke|p1|Slowking-Galar, F|\n|poke|p1|Cresselia, F|\n|poke|p2|Mewtwo|\n|poke|p2|Mewtwo|\n|poke|p2|Mewtwo|\n|poke|p2|Mewtwo|\n|poke|p2|Mewtwo|\n|poke|p2|Mewtwo|\n|teampreview\n|c|\u2606ekur000|are you serious rn\n|inactive|Battle timer is ON: inactive players will automatically lose when time's up. (requested by krookodilemoxie)\n|\n|t:|1699371867\n|start\n|switch|p1a: weM|Mew|100\/100\n|switch|p2a: Mew-twunt|Mewtwo|100\/100\n|-ability|p2a: Mew-twunt|Pressure\n|turn|1\n|\n|t:|1699371874\n|move|p2a: Mew-twunt|Taunt|p1a: weM\n|-start|p1a: weM|move: Taunt\n|cant|p1a: weM|move: Taunt|Trick Room\n|\n|upkeep\n|turn|2\n|c|\u2606ekur000|STOP IT\n|c|\u2606ekur000|STOP IT\n|c|\u2606ekur000|NOW\n|c|\u2606ekur000|STOP IT\n|\n|t:|1699371884\n|move|p2a: Mew-twunt|Trick|p1a: weM\n|-activate|p2a: Mew-twunt|move: Trick|[of] p1a: weM\n|-item|p1a: weM|Ring Target|[from] move: Trick\n|-item|p2a: Mew-twunt|Focus Sash|[from] move: Trick\n|-activate|p1a: weM|move: Struggle\n|move|p1a: weM|Struggle|p2a: Mew-twunt\n|-damage|p2a: Mew-twunt|91\/100\n|-damage|p1a: weM|75\/100|[from] recoil\n|\n|upkeep\n|turn|3\n|\n|t:|1699371892\n|move|p2a: Mew-twunt|Future Sight|p1a: weM\n|-start|p2a: Mew-twunt|move: Future Sight\n|-activate|p1a: weM|move: Struggle\n|move|p1a: weM|Struggle|p2a: Mew-twunt\n|-damage|p2a: Mew-twunt|82\/100\n|-damage|p1a: weM|50\/100|[from] recoil\n|\n|-end|p1a: weM|move: Taunt\n|upkeep\n|turn|4\n|\n|t:|1699371901\n|move|p2a: Mew-twunt|Taunt|p1a: weM\n|-start|p1a: weM|move: Taunt\n|cant|p1a: weM|move: Taunt|Trick Room\n|\n|upkeep\n|turn|5\n|\n|t:|1699371906\n|move|p2a: Mew-twunt|Future Sight||[still]\n|-fail|p2a: Mew-twunt\n|-activate|p1a: weM|move: Struggle\n|move|p1a: weM|Struggle|p2a: Mew-twunt\n|-damage|p2a: Mew-twunt|73\/100\n|-damage|p1a: weM|25\/100|[from] recoil\n|\n|-end|p1a: weM|move: Future Sight\n|-resisted|p1a: weM\n|-crit|p1a: weM\n|-damage|p1a: weM|0 fnt\n|faint|p1a: weM\n|upkeep\n|c|\u2606ekur000|meh\n|\n|t:|1699371917\n|switch|p1a: ailesserC|Cresselia, F|100\/100\n|turn|6\n|\n|t:|1699371921\n|move|p2a: Mew-twunt|Taunt|p1a: ailesserC\n|-start|p1a: ailesserC|move: Taunt\n|-enditem|p1a: ailesserC|Mental Herb\n|-end|p1a: ailesserC|move: Taunt\n|move|p1a: ailesserC|Trick Room|p1a: ailesserC\n|-fieldstart|move: Trick Room|[of] p1a: ailesserC\n|\n|upkeep\n|turn|7\n|\n|t:|1699371934\n|switch|p1a: sitnaruL|Lurantis, F, shiny|100\/100\n|move|p2a: Mew-twunt|Recover|p2a: Mew-twunt\n|-heal|p2a: Mew-twunt|100\/100\n|\n|upkeep\n|turn|8\n|\n|t:|1699371943\n|move|p1a: sitnaruL|Leaf Storm|p2a: Mew-twunt\n|-damage|p2a: Mew-twunt|64\/100\n|-boost|p1a: sitnaruL|spa|2\n|move|p2a: Mew-twunt|Future Sight|p1a: sitnaruL\n|-start|p2a: Mew-twunt|move: Future Sight\n|\n|upkeep\n|turn|9\n|\n|t:|1699371952\n|move|p1a: sitnaruL|Leaf Storm|p2a: Mew-twunt|[miss]\n|-miss|p1a: sitnaruL|p2a: Mew-twunt\n|move|p2a: Mew-twunt|Recover|p2a: Mew-twunt\n|-heal|p2a: Mew-twunt|100\/100\n|\n|upkeep\n|turn|10\n|\n|t:|1699371958\n|move|p1a: sitnaruL|Leaf Storm|p2a: Mew-twunt\n|-damage|p2a: Mew-twunt|32\/100\n|-boost|p1a: sitnaruL|spa|2\n|move|p2a: Mew-twunt|Recover|p2a: Mew-twunt\n|-heal|p2a: Mew-twunt|82\/100\n|\n|-end|p1a: sitnaruL|move: Future Sight\n|-damage|p1a: sitnaruL|54\/100\n|-fieldend|move: Trick Room\n|upkeep\n|turn|11\n|\n|t:|1699371968\n|move|p2a: Mew-twunt|Future Sight|p1a: sitnaruL\n|-start|p2a: Mew-twunt|move: Future Sight\n|move|p1a: sitnaruL|Leaf Storm|p2a: Mew-twunt\n|-damage|p2a: Mew-twunt|0 fnt\n|-boost|p1a: sitnaruL|spa|2\n|faint|p2a: Mew-twunt\n|\n|upkeep\n|c|\u2606ekur000|uggh\n|c|\u2606ekur000|omg\n|c|\u2606ekur000|GWT\n|\n|t:|1699371982\n|switch|p2a: Meg-two-X|Mewtwo, shiny|100\/100\n|-ability|p2a: Meg-two-X|Pressure\n|turn|12\n|\n|t:|1699371992\n|move|p2a: Meg-two-X|Zen Headbutt|p1a: sitnaruL\n|-damage|p1a: sitnaruL|15\/100\n|move|p1a: sitnaruL|Knock Off|p2a: Meg-two-X\n|-supereffective|p2a: Meg-two-X\n|-damage|p2a: Meg-two-X|27\/100\n|-enditem|p2a: Meg-two-X|Protective Pads|[from] move: Knock Off|[of] p1a: sitnaruL\n|\n|upkeep\n|turn|13\n|\n|t:|1699372001\n|move|p2a: Meg-two-X|Bulk Up|p2a: Meg-two-X\n|-boost|p2a: Meg-two-X|atk|1\n|-boost|p2a: Meg-two-X|def|1\n|move|p1a: sitnaruL|Knock Off|p2a: Meg-two-X\n|-supereffective|p2a: Meg-two-X\n|-damage|p2a: Meg-two-X|0 fnt\n|faint|p2a: Meg-two-X\n|\n|-end|p1a: sitnaruL|move: Future Sight\n|-damage|p1a: sitnaruL|0 fnt\n|faint|p1a: sitnaruL\n|upkeep\n|\n|t:|1699372012\n|switch|p2a: Mew-troll-nome|Mewtwo|100\/100\n|switch|p1a: gnikwolS|Slowking-Galar, F|100\/100\n|-ability|p2a: Mew-troll-nome|Pressure\n|turn|14\n|\n|t:|1699372021\n|move|p2a: Mew-troll-nome|Calm Mind|p2a: Mew-troll-nome\n|-boost|p2a: Mew-troll-nome|spa|1\n|-boost|p2a: Mew-troll-nome|spd|1\n|move|p1a: gnikwolS|Hydro Pump|p2a: Mew-troll-nome\n|-damage|p2a: Mew-troll-nome|78\/100\n|\n|upkeep\n|turn|15\n|\n|t:|1699372028\n|move|p2a: Mew-troll-nome|Bulk Up|p2a: Mew-troll-nome\n|-boost|p2a: Mew-troll-nome|atk|1\n|-boost|p2a: Mew-troll-nome|def|1\n|move|p1a: gnikwolS|Trick Room|p1a: gnikwolS\n|-fieldstart|move: Trick Room|[of] p1a: gnikwolS\n|\n|upkeep\n|turn|16\n|\n|t:|1699372035\n|switch|p1a: erulednahC|Chandelure, M|100\/100\n|move|p2a: Mew-troll-nome|Calm Mind|p2a: Mew-troll-nome\n|-boost|p2a: Mew-troll-nome|spa|1\n|-boost|p2a: Mew-troll-nome|spd|1\n|\n|upkeep\n|turn|17\n|\n|t:|1699372043\n|-terastallize|p2a: Mew-troll-nome|Normal\n|move|p1a: erulednahC|Haze|p1a: erulednahC\n|-clearallboost\n|move|p2a: Mew-troll-nome|Calm Mind|p2a: Mew-troll-nome\n|-boost|p2a: Mew-troll-nome|spa|1\n|-boost|p2a: Mew-troll-nome|spd|1\n|\n|upkeep\n|turn|18\n|\n|t:|1699372052\n|move|p1a: erulednahC|Flamethrower|p2a: Mew-troll-nome\n|-damage|p2a: Mew-troll-nome|46\/100\n|move|p2a: Mew-troll-nome|Metronome|p2a: Mew-troll-nome\n|move|p2a: Mew-troll-nome|Flower Trick|p1a: erulednahC|[from]move: Metronome\n|-resisted|p1a: erulednahC\n|-crit|p1a: erulednahC\n|-damage|p1a: erulednahC|85\/100\n|\n|-heal|p1a: erulednahC|91\/100|[from] item: Leftovers\n|upkeep\n|turn|19\n|\n|t:|1699372062\n|move|p1a: erulednahC|Flamethrower|p2a: Mew-troll-nome\n|-damage|p2a: Mew-troll-nome|12\/100\n|move|p2a: Mew-troll-nome|Recover|p2a: Mew-troll-nome\n|-heal|p2a: Mew-troll-nome|62\/100\n|\n|-heal|p1a: erulednahC|97\/100|[from] item: Leftovers\n|-fieldend|move: Trick Room\n|upkeep\n|turn|20\n|c|\u2606ekur000|DUE\n|c|\u2606ekur000|FFURE\n|c|\u2606ekur000|STOP\n|c|\u2606ekur000|STOP IT\n|\n|t:|1699372076\n|switch|p1a: gnikwolS|Slowking-Galar, F|100\/100\n|move|p2a: Mew-troll-nome|Metronome|p2a: Mew-troll-nome\n|move|p2a: Mew-troll-nome|Eerie Spell|p1a: gnikwolS|[from]move: Metronome\n|-damage|p1a: gnikwolS|53\/100\n|\n|upkeep\n|turn|21\n|\n|t:|1699372084\n|move|p2a: Mew-troll-nome|Bulk Up|p2a: Mew-troll-nome\n|-boost|p2a: Mew-troll-nome|atk|1\n|-boost|p2a: Mew-troll-nome|def|1\n|move|p1a: gnikwolS|Trick Room|p1a: gnikwolS\n|-fieldstart|move: Trick Room|[of] p1a: gnikwolS\n|\n|upkeep\n|turn|22\n|\n|t:|1699372091\n|switch|p1a: odoowoduS|Sudowoodo, F|100\/100\n|move|p2a: Mew-troll-nome|Calm Mind|p2a: Mew-troll-nome\n|-boost|p2a: Mew-troll-nome|spa|1\n|-boost|p2a: Mew-troll-nome|spd|1\n|\n|upkeep\n|turn|23\n|c|\u2606ekur000|IM SICK OF IT\n|\n|t:|1699372100\n|move|p1a: odoowoduS|Head Smash|p2a: Mew-troll-nome|[miss]\n|-miss|p1a: odoowoduS|p2a: Mew-troll-nome\n|move|p2a: Mew-troll-nome|Recover|p2a: Mew-troll-nome\n|-heal|p2a: Mew-troll-nome|100\/100\n|\n|upkeep\n|turn|24\n|c|\u2606ekur000|JUST DIE\n|c|\u2606ekur000|NOW\n|\n|t:|1699372106\n|move|p1a: odoowoduS|Head Smash|p2a: Mew-troll-nome\n|-damage|p2a: Mew-troll-nome|41\/100\n|move|p2a: Mew-troll-nome|Recover|p2a: Mew-troll-nome\n|-heal|p2a: Mew-troll-nome|91\/100\n|\n|upkeep\n|turn|25\n|c|\u2606ekur000|STOP DOING THAT\n|\n|t:|1699372123\n|move|p1a: odoowoduS|Head Smash|p2a: Mew-troll-nome\n|-damage|p2a: Mew-troll-nome|25\/100\n|move|p2a: Mew-troll-nome|Recover|p2a: Mew-troll-nome\n|-heal|p2a: Mew-troll-nome|75\/100\n|\n|-fieldend|move: Trick Room\n|upkeep\n|turn|26\n|c|\u2606ekur000|STOOOOOOOOOOOOOOOOOOOOOP PLEASEEEE\n|\n|t:|1699372133\n|switch|p1a: gnikwolS|Slowking-Galar, F|86\/100\n|move|p2a: Mew-troll-nome|Bulk Up|p2a: Mew-troll-nome\n|-boost|p2a: Mew-troll-nome|atk|1\n|-boost|p2a: Mew-troll-nome|def|1\n|\n|upkeep\n|turn|27\n|\n|t:|1699372140\n|move|p2a: Mew-troll-nome|Metronome|p2a: Mew-troll-nome\n|move|p2a: Mew-troll-nome|Acid|p1a: gnikwolS|[from]move: Metronome\n|-resisted|p1a: gnikwolS\n|-damage|p1a: gnikwolS|75\/100\n|move|p1a: gnikwolS|Trick Room|p1a: gnikwolS\n|-fieldstart|move: Trick Room|[of] p1a: gnikwolS\n|\n|upkeep\n|turn|28\n|c|\u2606ekur000|STOP ITS ANNOYING\n|\n|t:|1699372149\n|switch|p1a: erulednahC|Chandelure, M|97\/100\n|move|p2a: Mew-troll-nome|Metronome|p2a: Mew-troll-nome\n|move|p2a: Mew-troll-nome|Blaze Kick|p1a: erulednahC|[from]move: Metronome|[miss]\n|-miss|p2a: Mew-troll-nome|p1a: erulednahC\n|\n|-heal|p1a: erulednahC|100\/100|[from] item: Leftovers\n|upkeep\n|turn|29\n|\n|t:|1699372158\n|move|p1a: erulednahC|Haze|p1a: erulednahC\n|-clearallboost\n|move|p2a: Mew-troll-nome|Metronome|p2a: Mew-troll-nome\n|move|p2a: Mew-troll-nome|Torment|p1a: erulednahC|[from]move: Metronome\n|-start|p1a: erulednahC|Torment\n|\n|upkeep\n|turn|30\n|j|@ken\n|c|\u2606ekur000|WHY WOULD U CREATE THIS\n|\n|t:|1699372169\n|move|p1a: erulednahC|Flamethrower|p2a: Mew-troll-nome\n|-damage|p2a: Mew-troll-nome|22\/100\n|move|p2a: Mew-troll-nome|Recover|p2a: Mew-troll-nome\n|-heal|p2a: Mew-troll-nome|73\/100\n|\n|upkeep\n|turn|31\n|c|\u2606ekur000|DUDE!!!!!\n|l|@ken\n|c|\u2606ekur000|STOP\n|\n|t:|1699372180\n|move|p1a: erulednahC|Psychic|p2a: Mew-troll-nome\n|-damage|p2a: Mew-troll-nome|39\/100\n|move|p2a: Mew-troll-nome|Metronome|p2a: Mew-troll-nome\n|move|p2a: Mew-troll-nome|Low Kick|p1a: erulednahC|[from]move: Metronome\n|-immune|p1a: erulednahC\n|\n|-fieldend|move: Trick Room\n|upkeep\n|turn|32\n|c|\u2606ekur000|ITS SO ANNOYING\n|\n|t:|1699372192\n|move|p2a: Mew-troll-nome|Recover|p2a: Mew-troll-nome\n|-heal|p2a: Mew-troll-nome|89\/100\n|move|p1a: erulednahC|Flamethrower|p2a: Mew-troll-nome\n|-damage|p2a: Mew-troll-nome|39\/100\n|\n|upkeep\n|turn|33\n|c|\u2606ekur000|STOP!!!!!\n|\n|t:|1699372206\n|move|p2a: Mew-troll-nome|Recover|p2a: Mew-troll-nome\n|-heal|p2a: Mew-troll-nome|89\/100\n|move|p1a: erulednahC|Psychic|p2a: Mew-troll-nome\n|-damage|p2a: Mew-troll-nome|58\/100\n|\n|upkeep\n|turn|34\n|c|\u2606ekur000|WHYYY\n|c|\u2606ekur000|WHYYYYYY\n|\n|t:|1699372214\n|move|p2a: Mew-troll-nome|Metronome|p2a: Mew-troll-nome\n|move|p2a: Mew-troll-nome|Blizzard|p1a: erulednahC|[from]move: Metronome|[miss]\n|-miss|p2a: Mew-troll-nome|p1a: erulednahC\n|move|p1a: erulednahC|Flamethrower|p2a: Mew-troll-nome\n|-damage|p2a: Mew-troll-nome|5\/100\n|\n|upkeep\n|turn|35\n|\n|t:|1699372222\n|move|p2a: Mew-troll-nome|Recover|p2a: Mew-troll-nome\n|-heal|p2a: Mew-troll-nome|55\/100\n|-enditem|p2a: Mew-troll-nome|Leppa Berry|[eat]\n|-activate|p2a: Mew-troll-nome|item: Leppa Berry|Recover|[consumed]\n|move|p1a: erulednahC|Psychic|p2a: Mew-troll-nome\n|-damage|p2a: Mew-troll-nome|24\/100\n|\n|upkeep\n|turn|36\n|c|\u2606ekur000|OMG\n|c|\u2606ekur000|STOP IT\n|\n|t:|1699372231\n|move|p2a: Mew-troll-nome|Recover|p2a: Mew-troll-nome\n|-heal|p2a: Mew-troll-nome|74\/100\n|move|p1a: erulednahC|Flamethrower|p2a: Mew-troll-nome\n|-damage|p2a: Mew-troll-nome|24\/100\n|\n|upkeep\n|turn|37\n|c|\u2606ekur000|HOW\n|c|\u2606ekur000|HOW DID YOU GET MORE PP?\n|c|\u2606ekur000|UJHGUGUSGIUGUI\n|\n|t:|1699372247\n|move|p2a: Mew-troll-nome|Recover|p2a: Mew-troll-nome\n|-heal|p2a: Mew-troll-nome|74\/100\n|move|p1a: erulednahC|Psychic|p2a: Mew-troll-nome\n|-damage|p2a: Mew-troll-nome|38\/100\n|\n|upkeep\n|turn|38\n|c|\u2606ekur000|STOOOOOOOOOOOOOOOOOOOOOOOOOOP\n|\n|t:|1699372260\n|move|p2a: Mew-troll-nome|Recover|p2a: Mew-troll-nome\n|-heal|p2a: Mew-troll-nome|88\/100\n|move|p1a: erulednahC|Flamethrower|p2a: Mew-troll-nome\n|-damage|p2a: Mew-troll-nome|40\/100\n|-status|p2a: Mew-troll-nome|brn\n|\n|-damage|p2a: Mew-troll-nome|34\/100 brn|[from] brn\n|upkeep\n|turn|39\n|c|\u2606ekur000|JUST LET IT DIE\n|\n|t:|1699372271\n|move|p2a: Mew-troll-nome|Metronome|p2a: Mew-troll-nome\n|move|p2a: Mew-troll-nome|Sludge|p1a: erulednahC|[from]move: Metronome\n|-resisted|p1a: erulednahC\n|-crit|p1a: erulednahC\n|-damage|p1a: erulednahC|78\/100\n|-status|p1a: erulednahC|psn\n|move|p1a: erulednahC|Psychic|p2a: Mew-troll-nome\n|-damage|p2a: Mew-troll-nome|3\/100 brn\n|\n|-heal|p1a: erulednahC|84\/100 psn|[from] item: Leftovers\n|-damage|p1a: erulednahC|72\/100 psn|[from] psn\n|-damage|p2a: Mew-troll-nome|0 fnt|[from] brn\n|faint|p2a: Mew-troll-nome\n|upkeep\n|\n|t:|1699372276\n|switch|p2a: Mew-twogged|Mewtwo|100\/100\n|-ability|p2a: Mew-twogged|Unnerve\n|turn|40\n|c|\u2606ekur000|OMG\n|c|\u2606ekur000|THAT TOOK 4EVER\n|\n|t:|1699372294\n|switch|p1a: gnikwolS|Slowking-Galar, F|100\/100\n|move|p2a: Mew-twogged|Hex|p1a: gnikwolS\n|-supereffective|p1a: gnikwolS\n|-damage|p1a: gnikwolS|55\/100\n|\n|upkeep\n|turn|41\n|\n|t:|1699372301\n|-terastallize|p1a: gnikwolS|Poison\n|move|p2a: Mew-twogged|Confuse Ray|p1a: gnikwolS\n|-start|p1a: gnikwolS|confusion\n|-activate|p1a: gnikwolS|confusion\n|move|p1a: gnikwolS|Trick Room|p1a: gnikwolS\n|-fieldstart|move: Trick Room|[of] p1a: gnikwolS\n|\n|upkeep\n|turn|42\n|\n|t:|1699372311\n|switch|p1a: odoowoduS|Sudowoodo, F|100\/100\n|move|p2a: Mew-twogged|Will-O-Wisp|p1a: odoowoduS|[miss]\n|-miss|p2a: Mew-twogged|p1a: odoowoduS\n|\n|upkeep\n|turn|43\n|c|\u2606ekur000|JUST DIE\n|\n|t:|1699372317\n|move|p1a: odoowoduS|Head Smash|p2a: Mew-twogged|[miss]\n|-miss|p1a: odoowoduS|p2a: Mew-twogged\n|move|p2a: Mew-twogged|Will-O-Wisp|p1a: odoowoduS\n|-status|p1a: odoowoduS|brn\n|\n|-damage|p1a: odoowoduS|94\/100 brn|[from] brn\n|upkeep\n|turn|44\n|c|\u2606ekur000|WHY\n|\n|t:|1699372328\n|move|p1a: odoowoduS|Head Smash|p2a: Mew-twogged\n|-damage|p2a: Mew-twogged|49\/100\n|move|p2a: Mew-twogged|Confuse Ray|p1a: odoowoduS\n|-start|p1a: odoowoduS|confusion\n|\n|-damage|p1a: odoowoduS|88\/100 brn|[from] brn\n|upkeep\n|turn|45\n|c|\u2606ekur000|OMG\n|c|\u2606ekur000|TUUITIAIAHUWHUWFH\n|\n|t:|1699372338\n|switch|p1a: gnikwolS|Slowking-Galar, F, tera:Poison|88\/100\n|move|p2a: Mew-twogged|Hex|p1a: gnikwolS\n|-crit|p1a: gnikwolS\n|-damage|p1a: gnikwolS|58\/100\n|\n|-fieldend|move: Trick Room\n|upkeep\n|turn|46\n|\n|t:|1699372346\n|move|p2a: Mew-twogged|Thunder Wave|p1a: gnikwolS\n|-status|p1a: gnikwolS|par\n|move|p1a: gnikwolS|Trick Room|p1a: gnikwolS\n|-fieldstart|move: Trick Room|[of] p1a: gnikwolS\n|\n|upkeep\n|turn|47\n|\n|t:|1699372352\n|switch|p1a: odoowoduS|Sudowoodo, F|88\/100 brn\n|move|p2a: Mew-twogged|Confuse Ray|p1a: odoowoduS\n|-start|p1a: odoowoduS|confusion\n|\n|-damage|p1a: odoowoduS|82\/100 brn|[from] brn\n|upkeep\n|turn|48\n|c|\u2606ekur000|STOP IT\n|c|\u2606ekur000|STOP IT NOW\n|\n|t:|1699372364\n|-activate|p1a: odoowoduS|confusion\n|move|p1a: odoowoduS|Wood Hammer|p2a: Mew-twogged\n|-damage|p2a: Mew-twogged|23\/100\n|move|p2a: Mew-twogged|Hex|p1a: odoowoduS\n|-damage|p1a: odoowoduS|12\/100 brn\n|\n|-damage|p1a: odoowoduS|6\/100 brn|[from] brn\n|upkeep\n|turn|49\n|\n|t:|1699372373\n|switch|p1a: ailesserC|Cresselia, F|100\/100\n|move|p2a: Mew-twogged|Hex|p1a: ailesserC\n|-supereffective|p1a: ailesserC\n|-damage|p1a: ailesserC|64\/100\n|\n|upkeep\n|turn|50\n|c|\u2606ekur000|STOPPPPP\n|\n|t:|1699372397\n|move|p1a: ailesserC|Moonblast|p2a: Mew-twogged\n|-damage|p2a: Mew-twogged|1\/100\n|move|p2a: Mew-twogged|Hex|p1a: ailesserC\n|-supereffective|p1a: ailesserC\n|-damage|p1a: ailesserC|31\/100\n|\n|-fieldend|move: Trick Room\n|upkeep\n|turn|51\n|c|\u2606ekur000|WHY WOULD YOU CREATE THIS\n|\n|t:|1699372405\n|move|p2a: Mew-twogged|Hex|p1a: ailesserC\n|-supereffective|p1a: ailesserC\n|-damage|p1a: ailesserC|0 fnt\n|faint|p1a: ailesserC\n|\n|upkeep\n|c|\u2606ekur000|CGiusegUIGSUIGUIGS\n|\n|t:|1699372412\n|switch|p1a: erulednahC|Chandelure, M|72\/100 psn\n|turn|52\n|c|\u2606ekur000|ITS SO ANNOYING\n|\n|t:|1699372417\n|move|p2a: Mew-twogged|Hex|p1a: erulednahC\n|-supereffective|p1a: erulednahC\n|-damage|p1a: erulednahC|0 fnt\n|faint|p1a: erulednahC\n|\n|upkeep\n|c|\u2606ekur000|IM DONE\n|c|\u2606ekur000|im SICK OF THIS\n|-message|ekur000 forfeited.\n|\n|win|krookodilemoxie\n|raw|ekur000's rating: 1257 &rarr; <strong>1228<\/strong><br \/>(-29 for losing)\n|raw|krookodilemoxie's rating: 1196 &rarr; <strong>1225<\/strong><br \/>(+29 for winning)\n|l|\u2606ekur000\n","uploadtime":1699372121,"views":4,"p1id":"ekur000","p2id":"krookodilemoxie","formatid":"gen9anythinggoes","rating":1225,"private":0,"password":""}