{"id":"gen9anythinggoes-1983356001","p1":"CKWIWSTOPHER","p2":"ZackyWackyTacky","format":"[Gen 9] Anything Goes","log":"|j|\u2606CKWIWSTOPHER\n|j|\u2606ZackyWackyTacky\n|t:|1699121521\n|gametype|singles\n|player|p1|CKWIWSTOPHER|170|1000\n|player|p2|ZackyWackyTacky|barry|1000\n|teamsize|p1|6\n|teamsize|p2|6\n|gen|9\n|tier|[Gen 9] Anything Goes\n|rated|\n|rule|HP Percentage Mod: HP is shown in percentages\n|rule|Endless Battle Clause: Forcing endless battles is banned\n|clearpoke\n|poke|p1|Greninja-*, M|\n|poke|p1|Thundurus, M|\n|poke|p1|Dragonite, M|\n|poke|p1|Gyarados, F|\n|poke|p1|Articuno|\n|poke|p1|Zapdos|\n|poke|p2|Brute Bonnet|\n|poke|p2|Chi-Yu|\n|poke|p2|Gogoat, F|\n|poke|p2|Garchomp, F|\n|poke|p2|Dachsbun, M|\n|poke|p2|Gyarados, F|\n|teampreview\n|\n|t:|1699121535\n|start\n|switch|p1a: WATER DADDY|Gyarados, F|100\/100\n|switch|p2a: Garchomp|Garchomp, F|100\/100\n|-ability|p1a: WATER DADDY|Intimidate|boost\n|-unboost|p2a: Garchomp|atk|1\n|turn|1\n|\n|t:|1699121562\n|move|p2a: Garchomp|Stealth Rock|p1a: WATER DADDY\n|-sidestart|p1: CKWIWSTOPHER|move: Stealth Rock\n|move|p1a: WATER DADDY|Stone Edge|p2a: Garchomp\n|-resisted|p2a: Garchomp\n|-damage|p2a: Garchomp|84\/100\n|\n|-heal|p2a: Garchomp|90\/100|[from] item: Leftovers\n|upkeep\n|turn|2\n|\n|t:|1699121575\n|switch|p2a: Gogoat|Gogoat, F|100\/100\n|move|p1a: WATER DADDY|Thunder Wave|p2a: Gogoat\n|-status|p2a: Gogoat|par\n|\n|upkeep\n|turn|3\n|\n|t:|1699121582\n|move|p1a: WATER DADDY|Flamethrower|p2a: Gogoat\n|-supereffective|p2a: Gogoat\n|-damage|p2a: Gogoat|84\/100 par\n|move|p2a: Gogoat|Bulk Up|p2a: Gogoat\n|-boost|p2a: Gogoat|atk|1\n|-boost|p2a: Gogoat|def|1\n|\n|-heal|p2a: Gogoat|90\/100 par|[from] item: Leftovers\n|upkeep\n|turn|4\n|\n|t:|1699121602\n|-terastallize|p1a: WATER DADDY|Water\n|move|p1a: WATER DADDY|Flamethrower|p2a: Gogoat\n|-supereffective|p2a: Gogoat\n|-damage|p2a: Gogoat|72\/100 par\n|move|p2a: Gogoat|Horn Leech|p1a: WATER DADDY\n|-supereffective|p1a: WATER DADDY\n|-damage|p1a: WATER DADDY|0 fnt\n|-heal|p2a: Gogoat|100\/100 par|[from] drain|[of] p1a: WATER DADDY\n|faint|p1a: WATER DADDY\n|\n|upkeep\n|\n|t:|1699121618\n|switch|p1a: Zapdos|Zapdos|100\/100\n|-damage|p1a: Zapdos|76\/100|[from] Stealth Rock\n|-ability|p1a: Zapdos|Pressure\n|turn|5\n|\n|t:|1699121630\n|move|p1a: Zapdos|Ancient Power|p2a: Gogoat\n|-damage|p2a: Gogoat|88\/100 par\n|move|p2a: Gogoat|Rock Slide|p1a: Zapdos\n|-supereffective|p1a: Zapdos\n|-damage|p1a: Zapdos|17\/100\n|\n|-heal|p2a: Gogoat|95\/100 par|[from] item: Leftovers\n|upkeep\n|turn|6\n|\n|t:|1699121641\n|move|p1a: Zapdos|Volt Switch|p2a: Gogoat\n|-resisted|p2a: Gogoat\n|-damage|p2a: Gogoat|83\/100 par\n|\n|t:|1699121650\n|switch|p1a: Greninja|Greninja, M|100\/100|[from] Volt Switch\n|-damage|p1a: Greninja|88\/100|[from] Stealth Rock\n|move|p2a: Gogoat|Horn Leech|p1a: Greninja\n|-supereffective|p1a: Greninja\n|-damage|p1a: Greninja|0 fnt\n|-heal|p2a: Gogoat|100\/100 par|[from] drain|[of] p1a: Greninja\n|faint|p1a: Greninja\n|\n|upkeep\n|\n|t:|1699121661\n|switch|p1a: Articuno|Articuno|100\/100\n|-damage|p1a: Articuno|51\/100|[from] Stealth Rock\n|-ability|p1a: Articuno|Pressure\n|turn|7\n|\n|t:|1699121680\n|move|p1a: Articuno|Air Cutter|p2a: Gogoat\n|-supereffective|p2a: Gogoat\n|-crit|p2a: Gogoat\n|-damage|p2a: Gogoat|65\/100 par\n|move|p2a: Gogoat|Rock Slide|p1a: Articuno\n|-supereffective|p1a: Articuno\n|-damage|p1a: Articuno|0 fnt\n|faint|p1a: Articuno\n|\n|-heal|p2a: Gogoat|72\/100 par|[from] item: Leftovers\n|upkeep\n|\n|t:|1699121688\n|switch|p1a: Dragonite|Dragonite, M|100\/100\n|-damage|p1a: Dragonite|76\/100|[from] Stealth Rock\n|turn|8\n|\n|t:|1699121700\n|move|p1a: Dragonite|Flamethrower|p2a: Gogoat\n|-supereffective|p2a: Gogoat\n|-damage|p2a: Gogoat|44\/100 par\n|move|p2a: Gogoat|Rock Slide|p1a: Dragonite|[miss]\n|-miss|p2a: Gogoat|p1a: Dragonite\n|\n|-heal|p2a: Gogoat|50\/100 par|[from] item: Leftovers\n|upkeep\n|turn|9\n|\n|t:|1699121710\n|move|p1a: Dragonite|Fly||[still]\n|-prepare|p1a: Dragonite|Fly\n|move|p2a: Gogoat|Horn Leech|p1a: Dragonite|[miss]\n|-miss|p2a: Gogoat|p1a: Dragonite\n|\n|-heal|p2a: Gogoat|56\/100 par|[from] item: Leftovers\n|upkeep\n|turn|10\n|\n|t:|1699121720\n|move|p1a: Dragonite|Fly|p2a: Gogoat|[from]lockedmove\n|-supereffective|p2a: Gogoat\n|-damage|p2a: Gogoat|0 fnt\n|faint|p2a: Gogoat\n|\n|upkeep\n|\n|t:|1699121735\n|switch|p2a: Dachsbun|Dachsbun, M|100\/100\n|turn|11\n|\n|t:|1699121762\n|switch|p1a: Thundurus|Thundurus, M|100\/100\n|-damage|p1a: Thundurus|76\/100|[from] Stealth Rock\n|move|p2a: Dachsbun|Wish|p2a: Dachsbun\n|\n|upkeep\n|turn|12\n|\n|t:|1699121787\n|move|p1a: Thundurus|Shock Wave|p2a: Dachsbun\n|-damage|p2a: Dachsbun|47\/100\n|move|p2a: Dachsbun|Body Press|p1a: Thundurus\n|-resisted|p1a: Thundurus\n|-damage|p1a: Thundurus|59\/100\n|\n|-heal|p2a: Dachsbun|97\/100|[from] move: Wish|[wisher] Dachsbun\n|upkeep\n|turn|13\n|\n|t:|1699121796\n|move|p2a: Dachsbun|Protect|p2a: Dachsbun\n|-singleturn|p2a: Dachsbun|Protect\n|move|p1a: Thundurus|Shock Wave|p2a: Dachsbun\n|-activate|p2a: Dachsbun|move: Protect\n|\n|upkeep\n|turn|14\n|\n|t:|1699121805\n|move|p1a: Thundurus|Shock Wave|p2a: Dachsbun\n|-damage|p2a: Dachsbun|42\/100\n|move|p2a: Dachsbun|Body Press|p1a: Thundurus\n|-resisted|p1a: Thundurus\n|-damage|p1a: Thundurus|44\/100\n|\n|upkeep\n|turn|15\n|\n|t:|1699121812\n|move|p1a: Thundurus|Shock Wave|p2a: Dachsbun\n|-damage|p2a: Dachsbun|0 fnt\n|faint|p2a: Dachsbun\n|\n|upkeep\n|\n|t:|1699121819\n|switch|p2a: Gyarados|Gyarados, F|100\/100\n|turn|16\n|\n|t:|1699121831\n|move|p2a: Gyarados|Crunch|p1a: Thundurus\n|-damage|p1a: Thundurus|12\/100\n|move|p1a: Thundurus|Shock Wave|p2a: Gyarados\n|-supereffective|p2a: Gyarados\n|-damage|p2a: Gyarados|0 fnt\n|faint|p2a: Gyarados\n|\n|upkeep\n|\n|t:|1699121842\n|switch|p2a: Garchomp|Garchomp, F|90\/100\n|turn|17\n|\n|t:|1699121862\n|move|p2a: Garchomp|Outrage|p1a: Thundurus\n|-damage|p1a: Thundurus|0 fnt\n|faint|p1a: Thundurus\n|\n|-heal|p2a: Garchomp|96\/100|[from] item: Leftovers\n|upkeep\n|\n|t:|1699121869\n|switch|p1a: Zapdos|Zapdos|17\/100\n|-damage|p1a: Zapdos|0 fnt|[from] Stealth Rock\n|faint|p1a: Zapdos\n|\n|t:|1699121872\n|switch|p1a: Dragonite|Dragonite, M|76\/100\n|-damage|p1a: Dragonite|51\/100|[from] Stealth Rock\n|turn|18\n|\n|t:|1699121879\n|move|p2a: Garchomp|Outrage|p1a: Dragonite|[from]lockedmove\n|-supereffective|p1a: Dragonite\n|-damage|p1a: Dragonite|0 fnt\n|-damage|p2a: Garchomp|79\/100|[from] item: Rocky Helmet|[of] p1a: Dragonite\n|faint|p1a: Dragonite\n|-start|p2a: Garchomp|confusion|[fatigue]\n|\n|win|ZackyWackyTacky\n|raw|CKWIWSTOPHER's rating: 1000 &rarr; <strong>1000<\/strong><br \/>(+0 for losing)\n|raw|ZackyWackyTacky's rating: 1000 &rarr; <strong>1040<\/strong><br \/>(+40 for winning)\n|l|\u2606CKWIWSTOPHER\n","uploadtime":1699121892,"views":8,"p1id":"ckwiwstopher","p2id":"zackywackytacky","formatid":"gen9anythinggoes","rating":1000,"private":0,"password":""}