{"id":"gen9anythinggoes-1991724887","p1":"Tavyn84433","p2":"Llenka","format":"[Gen 9] Anything Goes","log":"|j|\u2606Tavyn84433\n|j|\u2606Llenka\n|t:|1700107320\n|gametype|singles\n|player|p1|Tavyn84433|170|1085\n|player|p2|Llenka|ethan|1210\n|teamsize|p1|6\n|teamsize|p2|6\n|gen|9\n|tier|[Gen 9] Anything Goes\n|rated|\n|rule|HP Percentage Mod: HP is shown in percentages\n|rule|Endless Battle Clause: Forcing endless battles is banned\n|clearpoke\n|poke|p1|Clodsire, F|\n|poke|p1|Arceus|\n|poke|p1|Corviknight, F|\n|poke|p1|Ceruledge, M|\n|poke|p1|Toxapex, M|\n|poke|p1|Calyrex-Shadow|\n|poke|p2|Toxapex, F|\n|poke|p2|Dondozo, F|\n|poke|p2|Ditto|\n|poke|p2|Blissey, F|\n|poke|p2|Alomomola, F|\n|poke|p2|Ting-Lu|\n|teampreview\n|\n|t:|1700107343\n|start\n|switch|p1a: Calyrex|Calyrex-Shadow|100\/100\n|switch|p2a: Ting-Lu|Ting-Lu|100\/100\n|-ability|p1a: Calyrex|As One\n|-ability|p1a: Calyrex|Unnerve\n|-ability|p2a: Ting-Lu|Vessel of Ruin\n|turn|1\n|\n|t:|1700107354\n|move|p1a: Calyrex|Leech Seed|p2a: Ting-Lu\n|-start|p2a: Ting-Lu|move: Leech Seed\n|move|p2a: Ting-Lu|Spikes|p1a: Calyrex\n|-sidestart|p1: Tavyn84433|Spikes\n|\n|-damage|p2a: Ting-Lu|88\/100|[from] Leech Seed|[of] p1a: Calyrex\n|upkeep\n|turn|2\n|\n|t:|1700107369\n|switch|p2a: Dondozo|Dondozo, F|100\/100\n|move|p1a: Calyrex|Draining Kiss|p2a: Dondozo\n|-damage|p2a: Dondozo|80\/100\n|\n|-heal|p2a: Dondozo|86\/100|[from] item: Leftovers\n|upkeep\n|turn|3\n|\n|t:|1700107378\n|move|p1a: Calyrex|Astral Barrage|p2a: Dondozo\n|-damage|p2a: Dondozo|12\/100\n|move|p2a: Dondozo|Avalanche|p1a: Calyrex\n|-damage|p1a: Calyrex|68\/100\n|\n|-heal|p2a: Dondozo|19\/100|[from] item: Leftovers\n|upkeep\n|turn|4\n|\n|t:|1700107394\n|switch|p2a: Blissey|Blissey, F|100\/100\n|move|p1a: Calyrex|Baton Pass|p1a: Calyrex\n|\n|t:|1700107405\n|switch|p1a: Corviknight|Corviknight, F, shiny|100\/100|[from] Baton Pass\n|\n|upkeep\n|turn|5\n|\n|t:|1700107417\n|switch|p2a: Toxapex|Toxapex, F|100\/100\n|move|p1a: Corviknight|Iron Defense|p1a: Corviknight\n|-boost|p1a: Corviknight|def|2\n|\n|upkeep\n|turn|6\n|\n|t:|1700107422\n|move|p1a: Corviknight|Iron Defense|p1a: Corviknight\n|-boost|p1a: Corviknight|def|2\n|move|p2a: Toxapex|Toxic Spikes|p1a: Corviknight\n|-sidestart|p1: Tavyn84433|move: Toxic Spikes\n|\n|upkeep\n|turn|7\n|\n|t:|1700107429\n|move|p1a: Corviknight|Iron Defense|p1a: Corviknight\n|-boost|p1a: Corviknight|def|2\n|move|p2a: Toxapex|Toxic Spikes|p1a: Corviknight\n|-sidestart|p1: Tavyn84433|move: Toxic Spikes\n|\n|upkeep\n|turn|8\n|\n|t:|1700107435\n|move|p1a: Corviknight|Protect|p1a: Corviknight\n|-singleturn|p1a: Corviknight|Protect\n|move|p2a: Toxapex|Haze|p2a: Toxapex\n|-clearallboost\n|\n|upkeep\n|turn|9\n|\n|t:|1700107446\n|switch|p1a: Toxapex|Toxapex, M, shiny|100\/100\n|-damage|p1a: Toxapex|88\/100|[from] Spikes\n|-sideend|p1: Tavyn84433|move: Toxic Spikes|[of] p1a: Toxapex\n|switch|p2a: Alomomola|Alomomola, F|100\/100\n|\n|-heal|p1a: Toxapex|94\/100|[from] item: Leftovers\n|upkeep\n|turn|10\n|\n|t:|1700107457\n|move|p2a: Alomomola|Whirlpool|p1a: Toxapex\n|-resisted|p1a: Toxapex\n|-damage|p1a: Toxapex|92\/100\n|-activate|p1a: Toxapex|move: Whirlpool|[of] p2a: Alomomola\n|move|p1a: Toxapex|Infestation|p2a: Alomomola\n|-damage|p2a: Alomomola|97\/100\n|-activate|p2a: Alomomola|move: Infestation|[of] p1a: Toxapex\n|\n|-heal|p1a: Toxapex|98\/100|[from] item: Leftovers\n|-damage|p2a: Alomomola|85\/100|[from] move: Infestation|[partiallytrapped]\n|-damage|p1a: Toxapex|86\/100|[from] move: Whirlpool|[partiallytrapped]\n|upkeep\n|turn|11\n|\n|t:|1700107468\n|move|p2a: Alomomola|Wish|p2a: Alomomola\n|move|p1a: Toxapex|Toxic Spikes|p2a: Alomomola\n|-sidestart|p2: Llenka|move: Toxic Spikes\n|\n|-heal|p1a: Toxapex|92\/100|[from] item: Leftovers\n|-damage|p2a: Alomomola|72\/100|[from] move: Infestation|[partiallytrapped]\n|-damage|p1a: Toxapex|79\/100|[from] move: Whirlpool|[partiallytrapped]\n|upkeep\n|turn|12\n|\n|t:|1700107479\n|move|p2a: Alomomola|Chilling Water|p1a: Toxapex\n|-resisted|p1a: Toxapex\n|-damage|p1a: Toxapex|75\/100\n|-unboost|p1a: Toxapex|atk|1\n|move|p1a: Toxapex|Recover|p1a: Toxapex\n|-heal|p1a: Toxapex|100\/100\n|\n|-heal|p2a: Alomomola|100\/100|[from] move: Wish|[wisher] Alomomola\n|-damage|p2a: Alomomola|88\/100|[from] move: Infestation|[partiallytrapped]\n|-damage|p1a: Toxapex|88\/100|[from] move: Whirlpool|[partiallytrapped]\n|upkeep\n|turn|13\n|\n|t:|1700107490\n|move|p2a: Alomomola|Wish|p2a: Alomomola\n|move|p1a: Toxapex|Toxic Spikes|p2a: Alomomola\n|-sidestart|p2: Llenka|move: Toxic Spikes\n|\n|-heal|p1a: Toxapex|94\/100|[from] item: Leftovers\n|-damage|p2a: Alomomola|76\/100|[from] move: Infestation|[partiallytrapped]\n|-damage|p1a: Toxapex|82\/100|[from] move: Whirlpool|[partiallytrapped]\n|upkeep\n|turn|14\n|\n|t:|1700107503\n|move|p2a: Alomomola|Whirlpool|p1a: Toxapex\n|-resisted|p1a: Toxapex\n|-damage|p1a: Toxapex|79\/100\n|move|p1a: Toxapex|Toxic Spikes||[still]\n|-fail|p1a: Toxapex\n|\n|-heal|p2a: Alomomola|100\/100|[from] move: Wish|[wisher] Alomomola\n|-heal|p1a: Toxapex|86\/100|[from] item: Leftovers\n|-damage|p2a: Alomomola|88\/100|[from] move: Infestation|[partiallytrapped]\n|-damage|p1a: Toxapex|73\/100|[from] move: Whirlpool|[partiallytrapped]\n|upkeep\n|turn|15\n|\n|t:|1700107515\n|move|p2a: Alomomola|Wish|p2a: Alomomola\n|move|p1a: Toxapex|Infestation|p2a: Alomomola\n|-damage|p2a: Alomomola|85\/100\n|\n|-heal|p1a: Toxapex|79\/100|[from] item: Leftovers\n|-end|p2a: Alomomola|Infestation|[partiallytrapped]\n|-end|p1a: Toxapex|Whirlpool|[partiallytrapped]\n|upkeep\n|turn|16\n|\n|t:|1700107523\n|switch|p2a: Toxapex|Toxapex, F|100\/100\n|-sideend|p2: Llenka|move: Toxic Spikes|[of] p2a: Toxapex\n|move|p1a: Toxapex|Toxic Spikes|p2a: Toxapex\n|-sidestart|p2: Llenka|move: Toxic Spikes\n|\n|-heal|p1a: Toxapex|86\/100|[from] item: Leftovers\n|upkeep\n|turn|17\n|\n|t:|1700107530\n|move|p1a: Toxapex|Infestation|p2a: Toxapex\n|-resisted|p2a: Toxapex\n|-crit|p2a: Toxapex\n|-damage|p2a: Toxapex|99\/100\n|-activate|p2a: Toxapex|move: Infestation|[of] p1a: Toxapex\n|move|p2a: Toxapex|Toxic Spikes|p1a: Toxapex\n|-sidestart|p1: Tavyn84433|move: Toxic Spikes\n|\n|-heal|p1a: Toxapex|92\/100|[from] item: Leftovers\n|-damage|p2a: Toxapex|86\/100|[from] move: Infestation|[partiallytrapped]\n|upkeep\n|turn|18\n|\n|t:|1700107543\n|move|p2a: Toxapex|Toxic Spikes|p1a: Toxapex\n|-sidestart|p1: Tavyn84433|move: Toxic Spikes\n|move|p1a: Toxapex|Infestation|p2a: Toxapex\n|-resisted|p2a: Toxapex\n|-damage|p2a: Toxapex|85\/100\n|\n|-heal|p1a: Toxapex|98\/100|[from] item: Leftovers\n|-damage|p2a: Toxapex|73\/100|[from] move: Infestation|[partiallytrapped]\n|upkeep\n|turn|19\n|\n|t:|1700107564\n|switch|p1a: Corviknight|Corviknight, F, shiny|100\/100\n|move|p2a: Toxapex|Recover|p2a: Toxapex\n|-heal|p2a: Toxapex|100\/100\n|\n|-end|p2a: Toxapex|Infestation|[partiallytrapped]|[silent]\n|upkeep\n|turn|20\n|\n|t:|1700107577\n|switch|p2a: Alomomola|Alomomola, F|100\/100\n|move|p1a: Corviknight|Iron Defense|p1a: Corviknight\n|-boost|p1a: Corviknight|def|2\n|\n|upkeep\n|turn|21\n|\n|t:|1700107586\n|move|p1a: Corviknight|Iron Defense|p1a: Corviknight\n|-boost|p1a: Corviknight|def|2\n|move|p2a: Alomomola|Whirlpool|p1a: Corviknight\n|-damage|p1a: Corviknight|93\/100\n|-activate|p1a: Corviknight|move: Whirlpool|[of] p2a: Alomomola\n|\n|-damage|p1a: Corviknight|81\/100|[from] move: Whirlpool|[partiallytrapped]\n|upkeep\n|turn|22\n|\n|t:|1700107595\n|move|p1a: Corviknight|Protect|p1a: Corviknight\n|-singleturn|p1a: Corviknight|Protect\n|move|p2a: Alomomola|Wish|p2a: Alomomola\n|\n|-damage|p1a: Corviknight|68\/100|[from] move: Whirlpool|[partiallytrapped]\n|upkeep\n|turn|23\n|\n|t:|1700107621\n|move|p1a: Corviknight|Protect||[still]\n|-fail|p1a: Corviknight\n|move|p2a: Alomomola|Chilling Water|p1a: Corviknight\n|-damage|p1a: Corviknight|59\/100\n|-ability|p1a: Corviknight|Mirror Armor\n|-unboost|p2a: Alomomola|atk|1\n|\n|-damage|p1a: Corviknight|46\/100|[from] move: Whirlpool|[partiallytrapped]\n|upkeep\n|turn|24\n|\n|t:|1700107631\n|move|p1a: Corviknight|Roost|p1a: Corviknight\n|-heal|p1a: Corviknight|97\/100\n|-singleturn|p1a: Corviknight|move: Roost\n|move|p2a: Alomomola|Whirlpool|p1a: Corviknight\n|-damage|p1a: Corviknight|90\/100\n|\n|-damage|p1a: Corviknight|77\/100|[from] move: Whirlpool|[partiallytrapped]\n|upkeep\n|turn|25\n|\n|t:|1700107644\n|move|p1a: Corviknight|Iron Defense|p1a: Corviknight\n|-boost|p1a: Corviknight|def|2\n|move|p2a: Alomomola|Chilling Water|p1a: Corviknight\n|-damage|p1a: Corviknight|67\/100\n|-ability|p1a: Corviknight|Mirror Armor\n|-unboost|p2a: Alomomola|atk|1\n|\n|-end|p1a: Corviknight|Whirlpool|[partiallytrapped]\n|upkeep\n|turn|26\n|\n|t:|1700107653\n|move|p1a: Corviknight|Roost|p1a: Corviknight\n|-heal|p1a: Corviknight|100\/100\n|-singleturn|p1a: Corviknight|move: Roost\n|move|p2a: Alomomola|Whirlpool|p1a: Corviknight|[miss]\n|-miss|p2a: Alomomola|p1a: Corviknight\n|\n|upkeep\n|turn|27\n|\n|t:|1700107662\n|move|p1a: Corviknight|Tailwind|p1a: Corviknight\n|-sidestart|p1: Tavyn84433|move: Tailwind\n|move|p2a: Alomomola|Whirlpool|p1a: Corviknight\n|-damage|p1a: Corviknight|94\/100\n|-activate|p1a: Corviknight|move: Whirlpool|[of] p2a: Alomomola\n|\n|-damage|p1a: Corviknight|82\/100|[from] move: Whirlpool|[partiallytrapped]\n|upkeep\n|turn|28\n|\n|t:|1700107672\n|move|p1a: Corviknight|Iron Defense|p1a: Corviknight\n|-boost|p1a: Corviknight|def|0\n|move|p2a: Alomomola|Chilling Water|p1a: Corviknight\n|-damage|p1a: Corviknight|72\/100\n|-ability|p1a: Corviknight|Mirror Armor\n|-unboost|p2a: Alomomola|atk|1\n|\n|-damage|p1a: Corviknight|59\/100|[from] move: Whirlpool|[partiallytrapped]\n|upkeep\n|turn|29\n|\n|t:|1700107690\n|switch|p2a: Blissey|Blissey, F|100\/100\n|move|p1a: Corviknight|Roost|p1a: Corviknight\n|-heal|p1a: Corviknight|100\/100\n|-singleturn|p1a: Corviknight|move: Roost\n|\n|-end|p1a: Corviknight|Whirlpool|[partiallytrapped]|[silent]\n|upkeep\n|turn|30\n|inactive|Battle timer is ON: inactive players will automatically lose when time's up. (requested by Llenka)\n|inactive|Tavyn84433 has 120 seconds left.\n|inactive|Tavyn84433 has 90 seconds left.\n|\n|t:|1700107843\n|move|p1a: Corviknight|Iron Defense|p1a: Corviknight\n|-boost|p1a: Corviknight|def|0\n|move|p2a: Blissey|Stealth Rock|p1a: Corviknight\n|-sidestart|p1: Tavyn84433|move: Stealth Rock\n|\n|-sideend|p1: Tavyn84433|move: Tailwind\n|upkeep\n|turn|31\n|\n|t:|1700107854\n|switch|p1a: Toxapex|Toxapex, M, shiny|98\/100\n|-damage|p1a: Toxapex|86\/100|[from] Spikes\n|-sideend|p1: Tavyn84433|move: Toxic Spikes|[of] p1a: Toxapex\n|-damage|p1a: Toxapex|73\/100|[from] Stealth Rock\n|move|p2a: Blissey|Seismic Toss|p1a: Toxapex\n|-damage|p1a: Toxapex|32\/100\n|\n|-heal|p1a: Toxapex|38\/100|[from] item: Leftovers\n|upkeep\n|turn|32\n|\n|t:|1700107865\n|move|p2a: Blissey|Seismic Toss|p1a: Toxapex\n|-damage|p1a: Toxapex|0 fnt\n|faint|p1a: Toxapex\n|\n|upkeep\n|inactive|Tavyn84433 has 120 seconds left.\n|\n|t:|1700107882\n|switch|p1a: Ceruledge|Ceruledge, M|100\/100\n|-damage|p1a: Ceruledge|88\/100|[from] Spikes\n|-damage|p1a: Ceruledge|63\/100|[from] Stealth Rock\n|turn|33\n|\n|t:|1700107893\n|switch|p2a: Alomomola|Alomomola, F|100\/100\n|move|p1a: Ceruledge|Bitter Blade|p2a: Alomomola\n|-resisted|p2a: Alomomola\n|-damage|p2a: Alomomola|91\/100\n|-heal|p1a: Ceruledge|72\/100|[from] drain|[of] p2a: Alomomola\n|\n|upkeep\n|turn|34\n|\n|t:|1700107905\n|move|p1a: Ceruledge|Destiny Bond|p1a: Ceruledge\n|-singlemove|p1a: Ceruledge|Destiny Bond\n|move|p2a: Alomomola|Whirlpool|p1a: Ceruledge\n|-supereffective|p1a: Ceruledge\n|-damage|p1a: Ceruledge|58\/100\n|-activate|p1a: Ceruledge|move: Whirlpool|[of] p2a: Alomomola\n|\n|-damage|p1a: Ceruledge|46\/100|[from] move: Whirlpool|[partiallytrapped]\n|upkeep\n|-enditem|p1a: Ceruledge|Sitrus Berry|[eat]\n|-heal|p1a: Ceruledge|70\/100|[from] item: Sitrus Berry\n|turn|35\n|\n|t:|1700107917\n|move|p1a: Ceruledge|Disable|p2a: Alomomola\n|-start|p2a: Alomomola|Disable|Whirlpool\n|move|p2a: Alomomola|Chilling Water|p1a: Ceruledge\n|-supereffective|p1a: Ceruledge\n|-damage|p1a: Ceruledge|49\/100\n|-unboost|p1a: Ceruledge|atk|1\n|\n|-damage|p1a: Ceruledge|37\/100|[from] move: Whirlpool|[partiallytrapped]\n|upkeep\n|turn|36\n|\n|t:|1700107926\n|move|p1a: Ceruledge|Destiny Bond|p1a: Ceruledge\n|-singlemove|p1a: Ceruledge|Destiny Bond\n|move|p2a: Alomomola|Wish|p2a: Alomomola\n|\n|-damage|p1a: Ceruledge|24\/100|[from] move: Whirlpool|[partiallytrapped]\n|upkeep\n|turn|37\n|\n|t:|1700107935\n|switch|p2a: Dondozo|Dondozo, F|19\/100\n|-status|p2a: Dondozo|psn\n|move|p1a: Ceruledge|Destiny Bond||[still]\n|-fail|p1a: Ceruledge\n|\n|-heal|p2a: Dondozo|72\/100 psn|[from] move: Wish|[wisher] Alomomola\n|-heal|p2a: Dondozo|78\/100 psn|[from] item: Leftovers\n|-damage|p2a: Dondozo|66\/100 psn|[from] psn\n|-end|p1a: Ceruledge|Whirlpool|[partiallytrapped]|[silent]\n|upkeep\n|turn|38\n|\n|t:|1700107949\n|switch|p2a: Toxapex|Toxapex, F|100\/100\n|-sideend|p2: Llenka|move: Toxic Spikes|[of] p2a: Toxapex\n|move|p1a: Ceruledge|Destiny Bond|p1a: Ceruledge\n|-singlemove|p1a: Ceruledge|Destiny Bond\n|\n|upkeep\n|turn|39\n|\n|t:|1700107959\n|move|p1a: Ceruledge|Clear Smog|p2a: Toxapex\n|-resisted|p2a: Toxapex\n|-damage|p2a: Toxapex|98\/100\n|-clearboost|p2a: Toxapex\n|move|p2a: Toxapex|Toxic Spikes|p1a: Ceruledge\n|-sidestart|p1: Tavyn84433|move: Toxic Spikes\n|\n|upkeep\n|turn|40\n|\n|t:|1700107967\n|-terastallize|p1a: Ceruledge|Fire\n|move|p1a: Ceruledge|Destiny Bond|p1a: Ceruledge\n|-singlemove|p1a: Ceruledge|Destiny Bond\n|move|p2a: Toxapex|Toxic Spikes|p1a: Ceruledge\n|-sidestart|p1: Tavyn84433|move: Toxic Spikes\n|\n|upkeep\n|turn|41\n|\n|t:|1700107980\n|switch|p2a: Alomomola|Alomomola, F|100\/100\n|move|p1a: Ceruledge|Bitter Blade|p2a: Alomomola\n|-resisted|p2a: Alomomola\n|-damage|p2a: Alomomola|92\/100\n|-heal|p1a: Ceruledge|32\/100|[from] drain|[of] p2a: Alomomola\n|\n|upkeep\n|turn|42\n|\n|t:|1700107988\n|move|p1a: Ceruledge|Destiny Bond|p1a: Ceruledge\n|-singlemove|p1a: Ceruledge|Destiny Bond\n|move|p2a: Alomomola|Whirlpool|p1a: Ceruledge\n|-supereffective|p1a: Ceruledge\n|-damage|p1a: Ceruledge|17\/100\n|-activate|p1a: Ceruledge|move: Whirlpool|[of] p2a: Alomomola\n|\n|-damage|p1a: Ceruledge|5\/100|[from] move: Whirlpool|[partiallytrapped]\n|upkeep\n|turn|43\n|\n|t:|1700108001\n|move|p1a: Ceruledge|Disable|p2a: Alomomola\n|-start|p2a: Alomomola|Disable|Whirlpool\n|move|p2a: Alomomola|Wish|p2a: Alomomola\n|\n|-damage|p1a: Ceruledge|0 fnt|[from] move: Whirlpool|[partiallytrapped]\n|faint|p1a: Ceruledge\n|upkeep\n|\n|t:|1700108012\n|switch|p1a: Calyrex|Calyrex-Shadow|68\/100\n|-ability|p1a: Calyrex|As One\n|-ability|p1a: Calyrex|Unnerve\n|-damage|p1a: Calyrex|56\/100|[from] Spikes\n|-damage|p1a: Calyrex|43\/100|[from] Stealth Rock\n|-status|p1a: Calyrex|tox\n|turn|44\n|\n|t:|1700108023\n|switch|p2a: Blissey|Blissey, F|100\/100\n|move|p1a: Calyrex|Astral Barrage|p2a: Blissey\n|-immune|p2a: Blissey\n|\n|-damage|p1a: Calyrex|37\/100 tox|[from] psn\n|upkeep\n|turn|45\n|\n|t:|1700108035\n|move|p1a: Calyrex|Draining Kiss|p2a: Blissey\n|-damage|p2a: Blissey|94\/100\n|-heal|p1a: Calyrex|47\/100 tox|[from] drain|[of] p2a: Blissey\n|move|p2a: Blissey|Calm Mind|p2a: Blissey\n|-boost|p2a: Blissey|spa|1\n|-boost|p2a: Blissey|spd|1\n|\n|-damage|p1a: Calyrex|34\/100 tox|[from] psn\n|upkeep\n|turn|46\n|\n|t:|1700108043\n|move|p1a: Calyrex|Leech Seed|p2a: Blissey\n|-start|p2a: Blissey|move: Leech Seed\n|move|p2a: Blissey|Calm Mind|p2a: Blissey\n|-boost|p2a: Blissey|spa|1\n|-boost|p2a: Blissey|spd|1\n|\n|-damage|p2a: Blissey|81\/100|[from] Leech Seed|[of] p1a: Calyrex\n|-heal|p1a: Calyrex|58\/100 tox|[silent]\n|-damage|p1a: Calyrex|40\/100 tox|[from] psn\n|upkeep\n|turn|47\n|\n|t:|1700108053\n|move|p1a: Calyrex|Draining Kiss|p2a: Blissey\n|-damage|p2a: Blissey|78\/100\n|-heal|p1a: Calyrex|44\/100 tox|[from] drain|[of] p2a: Blissey\n|move|p2a: Blissey|Soft-Boiled|p2a: Blissey\n|-heal|p2a: Blissey|100\/100\n|\n|-damage|p2a: Blissey|88\/100|[from] Leech Seed|[of] p1a: Calyrex\n|-heal|p1a: Calyrex|68\/100 tox|[silent]\n|-damage|p1a: Calyrex|44\/100 tox|[from] psn\n|upkeep\n|turn|48\n|\n|t:|1700108063\n|move|p1a: Calyrex|Draining Kiss|p2a: Blissey\n|-damage|p2a: Blissey|84\/100\n|-heal|p1a: Calyrex|49\/100 tox|[from] drain|[of] p2a: Blissey\n|move|p2a: Blissey|Soft-Boiled|p2a: Blissey\n|-heal|p2a: Blissey|100\/100\n|\n|-damage|p2a: Blissey|88\/100|[from] Leech Seed|[of] p1a: Calyrex\n|-heal|p1a: Calyrex|73\/100 tox|[silent]\n|-damage|p1a: Calyrex|42\/100 tox|[from] psn\n|upkeep\n|turn|49\n|\n|t:|1700108079\n|move|p1a: Calyrex|Draining Kiss|p2a: Blissey\n|-damage|p2a: Blissey|85\/100\n|-heal|p1a: Calyrex|47\/100 tox|[from] drain|[of] p2a: Blissey\n|move|p2a: Blissey|Soft-Boiled|p2a: Blissey\n|-heal|p2a: Blissey|100\/100\n|\n|-damage|p2a: Blissey|88\/100|[from] Leech Seed|[of] p1a: Calyrex\n|-heal|p1a: Calyrex|70\/100 tox|[silent]\n|-damage|p1a: Calyrex|33\/100 tox|[from] psn\n|upkeep\n|turn|50\n|\n|t:|1700108091\n|move|p1a: Calyrex|Draining Kiss|p2a: Blissey\n|-damage|p2a: Blissey|85\/100\n|-heal|p1a: Calyrex|38\/100 tox|[from] drain|[of] p2a: Blissey\n|move|p2a: Blissey|Calm Mind|p2a: Blissey\n|-boost|p2a: Blissey|spa|1\n|-boost|p2a: Blissey|spd|1\n|\n|-damage|p2a: Blissey|72\/100|[from] Leech Seed|[of] p1a: Calyrex\n|-heal|p1a: Calyrex|62\/100 tox|[silent]\n|-damage|p1a: Calyrex|19\/100 tox|[from] psn\n|upkeep\n|turn|51\n|\n|t:|1700108103\n|move|p1a: Calyrex|Astral Barrage|p2a: Blissey\n|-immune|p2a: Blissey\n|move|p2a: Blissey|Soft-Boiled|p2a: Blissey\n|-heal|p2a: Blissey|100\/100\n|\n|-damage|p2a: Blissey|88\/100|[from] Leech Seed|[of] p1a: Calyrex\n|-heal|p1a: Calyrex|43\/100 tox|[silent]\n|-damage|p1a: Calyrex|0 fnt|[from] psn\n|faint|p1a: Calyrex\n|upkeep\n|\n|t:|1700108113\n|switch|p1a: Clodsire|Clodsire, F, shiny|100\/100\n|-damage|p1a: Clodsire|88\/100|[from] Spikes\n|-damage|p1a: Clodsire|82\/100|[from] Stealth Rock\n|-sideend|p1: Tavyn84433|move: Toxic Spikes|[of] p1a: Clodsire\n|turn|52\n|\n|t:|1700108125\n|switch|p2a: Ting-Lu|Ting-Lu|88\/100\n|-ability|p2a: Ting-Lu|Vessel of Ruin\n|move|p1a: Clodsire|Toxic|p2a: Ting-Lu\n|-status|p2a: Ting-Lu|tox\n|\n|-heal|p1a: Clodsire|88\/100|[from] item: Leftovers\n|-damage|p2a: Ting-Lu|82\/100 tox|[from] psn\n|upkeep\n|turn|53\n|\n|t:|1700108135\n|move|p2a: Ting-Lu|Earthquake|p1a: Clodsire\n|-supereffective|p1a: Clodsire\n|-damage|p1a: Clodsire|3\/100\n|move|p1a: Clodsire|Earthquake|p2a: Ting-Lu\n|-damage|p2a: Ting-Lu|63\/100 tox\n|\n|-heal|p1a: Clodsire|9\/100|[from] item: Leftovers\n|-damage|p2a: Ting-Lu|51\/100 tox|[from] psn\n|upkeep\n|turn|54\n|\n|t:|1700108145\n|move|p2a: Ting-Lu|Earthquake|p1a: Clodsire\n|-supereffective|p1a: Clodsire\n|-damage|p1a: Clodsire|0 fnt\n|faint|p1a: Clodsire\n|\n|-damage|p2a: Ting-Lu|32\/100 tox|[from] psn\n|upkeep\n|\n|t:|1700108152\n|switch|p1a: Arceus|Arceus, shiny|100\/100\n|-damage|p1a: Arceus|88\/100|[from] Spikes\n|-damage|p1a: Arceus|76\/100|[from] Stealth Rock\n|turn|55\n|\n|t:|1700108161\n|-terastallize|p2a: Ting-Lu|Steel\n|move|p1a: Arceus|Judgment|p2a: Ting-Lu\n|-enditem|p1a: Arceus|Normal Gem|[from] gem\n|-resisted|p2a: Ting-Lu\n|-damage|p2a: Ting-Lu|22\/100 tox\n|move|p2a: Ting-Lu|Rest|p2a: Ting-Lu\n|-status|p2a: Ting-Lu|slp|[from] move: Rest\n|-heal|p2a: Ting-Lu|100\/100 slp|[silent]\n|\n|upkeep\n|turn|56\n|\n|t:|1700108174\n|switch|p2a: Toxapex|Toxapex, F|100\/100\n|move|p1a: Arceus|Extreme Speed|p2a: Toxapex\n|-damage|p2a: Toxapex|76\/100\n|\n|upkeep\n|turn|57\n|\n|t:|1700108181\n|move|p1a: Arceus|Thunder Wave|p2a: Toxapex\n|-status|p2a: Toxapex|par\n|move|p2a: Toxapex|Toxic|p1a: Arceus\n|-status|p1a: Arceus|tox\n|\n|-damage|p1a: Arceus|70\/100 tox|[from] psn\n|upkeep\n|turn|58\n|\n|t:|1700108194\n|switch|p2a: Ditto|Ditto|100\/100\n|-transform|p2a: Ditto|p1a: Arceus|[from] ability: Imposter\n|-item|p2a: Ditto|Air Balloon\n|move|p1a: Arceus|Earthquake|p2a: Ditto\n|-immune|p2a: Ditto\n|\n|-damage|p1a: Arceus|58\/100 tox|[from] psn\n|upkeep\n|turn|59\n|\n|t:|1700108208\n|move|p1a: Arceus|Extreme Speed|p2a: Ditto\n|-damage|p2a: Ditto|71\/100\n|-enditem|p2a: Ditto|Air Balloon\n|move|p2a: Ditto|Judgment|p1a: Arceus\n|-damage|p1a: Arceus|26\/100 tox\n|\n|-damage|p1a: Arceus|8\/100 tox|[from] psn\n|upkeep\n|turn|60\n|\n|t:|1700108218\n|move|p2a: Ditto|Extreme Speed|p1a: Arceus\n|-damage|p1a: Arceus|0 fnt\n|faint|p1a: Arceus\n|\n|upkeep\n|\n|t:|1700108222\n|switch|p1a: Corviknight|Corviknight, F, shiny|100\/100\n|turn|61\n|\n|t:|1700108227\n|move|p2a: Ditto|Thunder Wave|p1a: Corviknight\n|-status|p1a: Corviknight|par\n|move|p1a: Corviknight|Iron Defense|p1a: Corviknight\n|-boost|p1a: Corviknight|def|2\n|\n|upkeep\n|turn|62\n|-message|Tavyn84433 forfeited.\n|\n|win|Llenka\n|raw|Tavyn84433's rating: 1085 &rarr; <strong>1070<\/strong><br \/>(-15 for losing)\n|raw|Llenka's rating: 1210 &rarr; <strong>1226<\/strong><br \/>(+16 for winning)\n|l|\u2606Tavyn84433\n","uploadtime":1700108253,"views":21,"p1id":"tavyn84433","p2id":"llenka","formatid":"gen9anythinggoes","rating":1070,"private":0,"password":""}