{"id":"gen9anythinggoes-1993741076","p1":"Macacazx12","p2":"ValterCDS","format":"[Gen 9] Anything Goes","log":"|j|\u2606Macacazx12\n|j|\u2606ValterCDS\n|t:|1700351709\n|gametype|singles\n|player|p1|Macacazx12|2|\n|player|p2|ValterCDS|169|\n|teamsize|p1|6\n|teamsize|p2|6\n|gen|9\n|tier|[Gen 9] Anything Goes\n|rule|HP Percentage Mod: HP is shown in percentages\n|rule|Endless Battle Clause: Forcing endless battles is banned\n|clearpoke\n|poke|p1|Darkrai|\n|poke|p1|Rayquaza|\n|poke|p1|Gengar, F|\n|poke|p1|Lucario, F|\n|poke|p1|Hydreigon, M|\n|poke|p1|Lycanroc-Midnight, M|\n|poke|p2|Mamoswine, F|\n|poke|p2|Pelipper, M|\n|poke|p2|Jirachi|\n|poke|p2|Garchomp, M|\n|poke|p2|Ludicolo, M|\n|poke|p2|Infernape, F|\n|teampreview\n|\n|t:|1700351715\n|start\n|switch|p1a: Rayquaza|Rayquaza, shiny|100\/100\n|switch|p2a: lima mei|Garchomp, M|100\/100\n|-ability|p1a: Rayquaza|Air Lock\n|turn|1\n|\n|t:|1700351724\n|move|p2a: lima mei|Stealth Rock|p1a: Rayquaza\n|-sidestart|p1: Macacazx12|move: Stealth Rock\n|move|p1a: Rayquaza|Outrage|p2a: lima mei\n|-supereffective|p2a: lima mei\n|-damage|p2a: lima mei|0 fnt\n|-damage|p1a: Rayquaza|88\/100|[from] ability: Rough Skin|[of] p2a: lima mei\n|faint|p2a: lima mei\n|\n|-heal|p1a: Rayquaza|94\/100|[from] item: Leftovers\n|upkeep\n|\n|t:|1700351735\n|switch|p2a: Shu passeios|Mamoswine, F|100\/100\n|turn|2\n|\n|t:|1700351739\n|move|p2a: Shu passeios|Ice Shard|p1a: Rayquaza\n|-supereffective|p1a: Rayquaza\n|-damage|p1a: Rayquaza|0 fnt\n|faint|p1a: Rayquaza\n|-damage|p2a: Shu passeios|91\/100|[from] item: Life Orb\n|\n|upkeep\n|\n|t:|1700351761\n|switch|p1a: Gengar|Gengar, F|100\/100\n|-damage|p1a: Gengar|88\/100|[from] Stealth Rock\n|turn|3\n|\n|t:|1700351772\n|move|p1a: Gengar|Foul Play|p2a: Shu passeios\n|-crit|p2a: Shu passeios\n|-damage|p2a: Shu passeios|33\/100\n|move|p2a: Shu passeios|Icicle Crash|p1a: Gengar\n|-damage|p1a: Gengar|0 fnt\n|faint|p1a: Gengar\n|-damage|p2a: Shu passeios|23\/100|[from] item: Life Orb\n|\n|upkeep\n|\n|t:|1700351787\n|switch|p1a: Lucario|Lucario, F, shiny|100\/100\n|-damage|p1a: Lucario|98\/100|[from] Stealth Rock\n|turn|4\n|\n|t:|1700351791\n|move|p1a: Lucario|Extreme Speed|p2a: Shu passeios\n|-damage|p2a: Shu passeios|0 fnt\n|faint|p2a: Shu passeios\n|\n|upkeep\n|\n|t:|1700351802\n|switch|p2a: Pelipper|Pelipper, M|100\/100\n|-weather|RainDance|[from] ability: Drizzle|[of] p2a: Pelipper\n|turn|5\n|\n|t:|1700351820\n|switch|p1a: Hydreigon|Hydreigon, M|100\/100\n|-damage|p1a: Hydreigon|88\/100|[from] Stealth Rock\n|move|p2a: Pelipper|U-turn|p1a: Hydreigon\n|-supereffective|p1a: Hydreigon\n|-damage|p1a: Hydreigon|71\/100\n|\n|t:|1700351827\n|switch|p2a: ticomia|Ludicolo, M|100\/100|[from] U-turn\n|\n|-weather|RainDance|[upkeep]\n|-heal|p1a: Hydreigon|77\/100|[from] item: Leftovers\n|upkeep\n|turn|6\n|\n|t:|1700351838\n|move|p2a: ticomia|Ice Beam|p1a: Hydreigon\n|-supereffective|p1a: Hydreigon\n|-damage|p1a: Hydreigon|18\/100\n|move|p1a: Hydreigon|Earthquake|p2a: ticomia\n|-resisted|p2a: ticomia\n|-damage|p2a: ticomia|83\/100\n|\n|-weather|RainDance|[upkeep]\n|-heal|p1a: Hydreigon|24\/100|[from] item: Leftovers\n|upkeep\n|turn|7\n|\n|t:|1700351847\n|move|p2a: ticomia|Ice Beam|p1a: Hydreigon\n|-supereffective|p1a: Hydreigon\n|-damage|p1a: Hydreigon|0 fnt\n|faint|p1a: Hydreigon\n|\n|-weather|RainDance|[upkeep]\n|upkeep\n|\n|t:|1700351859\n|switch|p1a: Darkrai|Darkrai, shiny|100\/100\n|-damage|p1a: Darkrai|88\/100|[from] Stealth Rock\n|turn|8\n|\n|t:|1700351868\n|move|p2a: ticomia|Hydro Pump|p1a: Darkrai\n|-damage|p1a: Darkrai|0 fnt\n|faint|p1a: Darkrai\n|\n|-weather|RainDance|[upkeep]\n|upkeep\n|\n|t:|1700351875\n|switch|p1a: Lucario|Lucario, F, shiny|98\/100\n|-damage|p1a: Lucario|95\/100|[from] Stealth Rock\n|turn|9\n|\n|t:|1700351885\n|-terastallize|p1a: Lucario|Fighting\n|move|p2a: ticomia|Knock Off|p1a: Lucario\n|-resisted|p1a: Lucario\n|-damage|p1a: Lucario|82\/100\n|-enditem|p1a: Lucario|Focus Sash|[from] move: Knock Off|[of] p2a: ticomia\n|move|p1a: Lucario|Close Combat|p2a: ticomia\n|-damage|p2a: ticomia|0 fnt\n|-unboost|p1a: Lucario|def|1\n|-unboost|p1a: Lucario|spd|1\n|faint|p2a: ticomia\n|\n|-weather|RainDance|[upkeep]\n|upkeep\n|\n|t:|1700351897\n|switch|p2a: Jirachi|Jirachi|100\/100\n|turn|10\n|\n|t:|1700351905\n|move|p2a: Jirachi|U-turn|p1a: Lucario\n|-resisted|p1a: Lucario\n|-damage|p1a: Lucario|54\/100\n|\n|t:|1700351909\n|switch|p2a: Pelipper|Pelipper, M|100\/100|[from] U-turn\n|move|p1a: Lucario|Aura Sphere|p2a: Pelipper\n|-resisted|p2a: Pelipper\n|-crit|p2a: Pelipper\n|-damage|p2a: Pelipper|66\/100\n|\n|-weather|RainDance|[upkeep]\n|upkeep\n|turn|11\n|\n|t:|1700351922\n|move|p1a: Lucario|Close Combat|p2a: Pelipper\n|-resisted|p2a: Pelipper\n|-damage|p2a: Pelipper|30\/100\n|-unboost|p1a: Lucario|def|1\n|-unboost|p1a: Lucario|spd|1\n|move|p2a: Pelipper|Hurricane|p1a: Lucario\n|-supereffective|p1a: Lucario\n|-damage|p1a: Lucario|0 fnt\n|faint|p1a: Lucario\n|\n|-weather|RainDance|[upkeep]\n|upkeep\n|\n|t:|1700351932\n|switch|p1a: Lycanroc|Lycanroc-Midnight, M|100\/100\n|-damage|p1a: Lycanroc|88\/100|[from] Stealth Rock\n|turn|12\n|\n|t:|1700351940\n|move|p1a: Lycanroc|Outrage|p2a: Pelipper\n|-crit|p2a: Pelipper\n|-damage|p2a: Pelipper|0 fnt\n|faint|p2a: Pelipper\n|\n|-weather|none\n|upkeep\n|\n|t:|1700351953\n|switch|p2a: ticome|Infernape, F|100\/100\n|turn|13\n|\n|t:|1700351959\n|move|p2a: ticome|Vacuum Wave|p1a: Lycanroc\n|-supereffective|p1a: Lycanroc\n|-damage|p1a: Lycanroc|30\/100\n|-damage|p2a: ticome|91\/100|[from] item: Life Orb\n|move|p1a: Lycanroc|Outrage|p2a: ticome|[from]lockedmove\n|-damage|p2a: ticome|5\/100\n|-start|p1a: Lycanroc|confusion|[fatigue]\n|\n|upkeep\n|turn|14\n|\n|t:|1700351968\n|move|p2a: ticome|Vacuum Wave|p1a: Lycanroc\n|-supereffective|p1a: Lycanroc\n|-damage|p1a: Lycanroc|0 fnt\n|faint|p1a: Lycanroc\n|-damage|p2a: ticome|0 fnt|[from] item: Life Orb\n|faint|p2a: ticome\n|\n|win|ValterCDS\n","uploadtime":1700351972,"views":9,"p1id":"macacazx12","p2id":"valtercds","formatid":"gen9anythinggoes","rating":0,"private":0,"password":""}