{"id":"gen9anythinggoes-1973971249","p1":"Sael Corr","p2":"Ecco4502","format":"[Gen 9] Anything Goes","log":"|j|\u2606Sael Corr\n|j|\u2606Ecco4502\n|t:|1698034802\n|gametype|singles\n|player|p1|Sael Corr|170|1075\n|player|p2|Ecco4502|hilbert|1058\n|teamsize|p1|6\n|teamsize|p2|6\n|gen|9\n|tier|[Gen 9] Anything Goes\n|rated|\n|rule|HP Percentage Mod: HP is shown in percentages\n|rule|Endless Battle Clause: Forcing endless battles is banned\n|clearpoke\n|poke|p1|Toxapex, F|\n|poke|p1|Meowscarada, F|\n|poke|p1|Skeledirge, F|\n|poke|p1|Quaquaval, F|\n|poke|p1|Baxcalibur, M|\n|poke|p1|Iron Valiant|\n|poke|p2|Raichu, M|\n|poke|p2|Milotic, F|\n|poke|p2|Flareon, M|\n|poke|p2|Ninetales-Alola, M|\n|poke|p2|Gogoat, M|\n|poke|p2|Furret, F|\n|teampreview\n|\n|t:|1698034816\n|start\n|switch|p1a: Toxapex|Toxapex, F|100\/100\n|switch|p2a: Frost|Ninetales-Alola, M|100\/100\n|-weather|Snow|[from] ability: Snow Warning|[of] p2a: Frost\n|turn|1\n|\n|t:|1698034825\n|move|p2a: Frost|Aurora Veil|p2a: Frost\n|-sidestart|p2: Ecco4502|move: Aurora Veil\n|move|p1a: Toxapex|Gunk Shot|p2a: Frost\n|-supereffective|p2a: Frost\n|-damage|p2a: Frost|79\/100\n|\n|-weather|Snow|[upkeep]\n|upkeep\n|turn|2\n|\n|t:|1698034835\n|switch|p2a: Flare|Flareon, M|100\/100\n|move|p1a: Toxapex|Gunk Shot|p2a: Flare\n|-damage|p2a: Flare|78\/100\n|\n|-weather|Snow|[upkeep]\n|-status|p2a: Flare|tox|[from] item: Toxic Orb\n|upkeep\n|turn|3\n|\n|t:|1698034846\n|-terastallize|p2a: Flare|Normal\n|move|p1a: Toxapex|Liquidation|p2a: Flare\n|-damage|p2a: Flare|62\/100 tox\n|move|p2a: Flare|Facade|p1a: Toxapex\n|-damage|p1a: Toxapex|1\/100\n|-enditem|p1a: Toxapex|Aguav Berry|[eat]\n|-heal|p1a: Toxapex|34\/100|[from] item: Aguav Berry\n|\n|-weather|Snow|[upkeep]\n|-damage|p2a: Flare|56\/100 tox|[from] psn\n|upkeep\n|turn|4\n|\n|t:|1698034863\n|move|p1a: Toxapex|Gunk Shot|p2a: Flare\n|-damage|p2a: Flare|34\/100 tox\n|move|p2a: Flare|Facade|p1a: Toxapex\n|-damage|p1a: Toxapex|0 fnt\n|faint|p1a: Toxapex\n|\n|-weather|Snow|[upkeep]\n|-damage|p2a: Flare|22\/100 tox|[from] psn\n|upkeep\n|\n|t:|1698034872\n|switch|p1a: Quaquaval|Quaquaval, F|100\/100\n|turn|5\n|\n|t:|1698034883\n|move|p1a: Quaquaval|Aqua Step|p2a: Flare\n|-damage|p2a: Flare|0 fnt\n|-boost|p1a: Quaquaval|spe|1\n|faint|p2a: Flare\n|-ability|p1a: Quaquaval|Moxie|boost\n|-boost|p1a: Quaquaval|atk|1\n|\n|-weather|none\n|upkeep\n|\n|t:|1698034892\n|switch|p2a: Leviathan|Milotic, F, shiny|100\/100\n|turn|6\n|\n|t:|1698034906\n|move|p1a: Quaquaval|Aqua Jet|p2a: Leviathan\n|-resisted|p2a: Leviathan\n|-damage|p2a: Leviathan|96\/100\n|move|p2a: Leviathan|Recover|p2a: Leviathan\n|-heal|p2a: Leviathan|100\/100\n|\n|-status|p2a: Leviathan|brn|[from] item: Flame Orb\n|upkeep\n|turn|7\n|\n|t:|1698034914\n|move|p1a: Quaquaval|Brick Break|p2a: Leviathan\n|-sideend|p2: Ecco4502|move: Aurora Veil\n|-damage|p2a: Leviathan|71\/100 brn\n|move|p2a: Leviathan|Haze|p2a: Leviathan\n|-clearallboost\n|\n|-damage|p2a: Leviathan|65\/100 brn|[from] brn\n|upkeep\n|turn|8\n|\n|t:|1698034934\n|move|p2a: Leviathan|Scald|p1a: Quaquaval\n|-resisted|p1a: Quaquaval\n|-damage|p1a: Quaquaval|83\/100\n|move|p1a: Quaquaval|Counter||[still]\n|-fail|p1a: Quaquaval\n|\n|-damage|p2a: Leviathan|59\/100 brn|[from] brn\n|upkeep\n|turn|9\n|\n|t:|1698034942\n|move|p2a: Leviathan|Scald|p1a: Quaquaval\n|-resisted|p1a: Quaquaval\n|-damage|p1a: Quaquaval|62\/100\n|-status|p1a: Quaquaval|brn\n|move|p1a: Quaquaval|Counter||[still]\n|-fail|p1a: Quaquaval\n|\n|-damage|p1a: Quaquaval|56\/100 brn|[from] brn\n|-damage|p2a: Leviathan|53\/100 brn|[from] brn\n|upkeep\n|turn|10\n|\n|t:|1698034952\n|move|p1a: Quaquaval|Aqua Step|p2a: Leviathan\n|-resisted|p2a: Leviathan\n|-damage|p2a: Leviathan|49\/100 brn\n|-boost|p1a: Quaquaval|spe|1\n|move|p2a: Leviathan|Recover|p2a: Leviathan\n|-heal|p2a: Leviathan|99\/100 brn\n|\n|-damage|p1a: Quaquaval|50\/100 brn|[from] brn\n|-damage|p2a: Leviathan|93\/100 brn|[from] brn\n|upkeep\n|turn|11\n|\n|t:|1698034963\n|switch|p1a: Iron Valiant|Iron Valiant|100\/100\n|move|p2a: Leviathan|Scald|p1a: Iron Valiant\n|-damage|p1a: Iron Valiant|70\/100\n|\n|-damage|p2a: Leviathan|87\/100 brn|[from] brn\n|upkeep\n|turn|12\n|\n|t:|1698034972\n|move|p1a: Iron Valiant|Thunder Punch|p2a: Leviathan\n|-supereffective|p2a: Leviathan\n|-damage|p2a: Leviathan|63\/100 brn\n|move|p2a: Leviathan|Recover|p2a: Leviathan\n|-heal|p2a: Leviathan|100\/100 brn\n|\n|-damage|p2a: Leviathan|94\/100 brn|[from] brn\n|upkeep\n|turn|13\n|\n|t:|1698034981\n|switch|p2a: Zapcannon|Raichu, M|100\/100\n|move|p1a: Iron Valiant|Thunder Punch|p2a: Zapcannon\n|-ability|p2a: Zapcannon|Lightning Rod|boost\n|-boost|p2a: Zapcannon|spa|1\n|\n|upkeep\n|turn|14\n|\n|t:|1698034992\n|-end|p1a: Iron Valiant|Quark Drive|[silent]\n|switch|p1a: Baxcalibur|Baxcalibur, M|100\/100\n|move|p2a: Zapcannon|Nasty Plot|p2a: Zapcannon\n|-boost|p2a: Zapcannon|spa|2\n|\n|upkeep\n|turn|15\n|\n|t:|1698035000\n|move|p2a: Zapcannon|Focus Blast|p1a: Baxcalibur\n|-supereffective|p1a: Baxcalibur\n|-damage|p1a: Baxcalibur|0 fnt\n|faint|p1a: Baxcalibur\n|\n|upkeep\n|\n|t:|1698035008\n|switch|p1a: Quaquaval|Quaquaval, F|50\/100 brn\n|turn|16\n|\n|t:|1698035012\n|-terastallize|p1a: Quaquaval|Electric\n|move|p2a: Zapcannon|Thunderbolt|p1a: Quaquaval\n|-resisted|p1a: Quaquaval\n|-damage|p1a: Quaquaval|0 fnt\n|faint|p1a: Quaquaval\n|\n|upkeep\n|\n|t:|1698035017\n|switch|p1a: Meowscarada|Meowscarada, F|100\/100\n|turn|17\n|\n|t:|1698035022\n|move|p2a: Zapcannon|Thunderbolt|p1a: Meowscarada\n|-resisted|p1a: Meowscarada\n|-damage|p1a: Meowscarada|34\/100\n|move|p1a: Meowscarada|Dark Pulse|p2a: Zapcannon\n|-start|p1a: Meowscarada|typechange|Dark|[from] ability: Protean\n|-damage|p2a: Zapcannon|55\/100\n|\n|upkeep\n|turn|18\n|\n|t:|1698035031\n|move|p2a: Zapcannon|Thunderbolt|p1a: Meowscarada\n|-damage|p1a: Meowscarada|0 fnt\n|faint|p1a: Meowscarada\n|\n|upkeep\n|\n|t:|1698035036\n|switch|p1a: Skeledirge|Skeledirge, F|100\/100\n|turn|19\n|\n|t:|1698035039\n|move|p2a: Zapcannon|Thunderbolt|p1a: Skeledirge\n|-damage|p1a: Skeledirge|0 fnt\n|faint|p1a: Skeledirge\n|\n|upkeep\n|\n|t:|1698035043\n|switch|p1a: Iron Valiant|Iron Valiant|70\/100\n|turn|20\n|\n|t:|1698035047\n|move|p2a: Zapcannon|Thunderbolt|p1a: Iron Valiant\n|-damage|p1a: Iron Valiant|0 fnt\n|faint|p1a: Iron Valiant\n|-end|p1a: Iron Valiant|Quark Drive|[silent]\n|\n|win|Ecco4502\n|raw|Sael Corr's rating: 1075 &rarr; <strong>1053<\/strong><br \/>(-22 for losing)\n|raw|Ecco4502's rating: 1058 &rarr; <strong>1091<\/strong><br \/>(+33 for winning)\n|l|\u2606Sael Corr\n","uploadtime":1698035054,"views":9,"p1id":"saelcorr","p2id":"ecco4502","formatid":"gen9anythinggoes","rating":1053,"private":0,"password":""}