{"id":"gen9anythinggoes-1989192788","p1":"EpicoEnderman","p2":"Torzzi","format":"[Gen 9] Anything Goes","log":"|j|\u2606EpicoEnderman\n|j|\u2606Torzzi\n|t:|1699821949\n|gametype|singles\n|player|p1|EpicoEnderman|102|1111\n|player|p2|Torzzi|unknown|1200\n|teamsize|p1|6\n|teamsize|p2|6\n|gen|9\n|tier|[Gen 9] Anything Goes\n|rated|\n|rule|HP Percentage Mod: HP is shown in percentages\n|rule|Endless Battle Clause: Forcing endless battles is banned\n|clearpoke\n|poke|p1|Snorlax, M|\n|poke|p1|Salamence, M|\n|poke|p1|Ceruledge, M|\n|poke|p1|Mewtwo|\n|poke|p1|Dragonite, M|\n|poke|p1|Haxorus, M|\n|poke|p2|Tyranitar, M|\n|poke|p2|Houndstone, M|\n|poke|p2|Amoonguss, F|\n|poke|p2|Garchomp, F|\n|poke|p2|Dugtrio, F|\n|poke|p2|Sandaconda, F|\n|teampreview\n|\n|t:|1699821955\n|start\n|switch|p1a: Haxorus|Haxorus, M, shiny|100\/100\n|switch|p2a: Tyranitar|Tyranitar, M, shiny|100\/100\n|-ability|p1a: Haxorus|Mold Breaker\n|-weather|Sandstorm|[from] ability: Sand Stream|[of] p2a: Tyranitar\n|turn|1\n|inactive|Battle timer is ON: inactive players will automatically lose when time's up. (requested by Torzzi)\n|\n|t:|1699821965\n|-terastallize|p1a: Haxorus|Steel\n|move|p1a: Haxorus|Dragon Dance|p1a: Haxorus\n|-boost|p1a: Haxorus|atk|1\n|-boost|p1a: Haxorus|spe|1\n|move|p2a: Tyranitar|Stealth Rock|p1a: Haxorus\n|-sidestart|p1: EpicoEnderman|move: Stealth Rock\n|\n|-weather|Sandstorm|[upkeep]\n|upkeep\n|turn|2\n|\n|t:|1699821976\n|move|p1a: Haxorus|Dragon Dance|p1a: Haxorus\n|-boost|p1a: Haxorus|atk|1\n|-boost|p1a: Haxorus|spe|1\n|move|p2a: Tyranitar|Earthquake|p1a: Haxorus\n|-supereffective|p1a: Haxorus\n|-damage|p1a: Haxorus|17\/100\n|\n|-weather|Sandstorm|[upkeep]\n|upkeep\n|turn|3\n|\n|t:|1699821986\n|move|p1a: Haxorus|Iron Head|p2a: Tyranitar\n|-supereffective|p2a: Tyranitar\n|-damage|p2a: Tyranitar|0 fnt\n|faint|p2a: Tyranitar\n|\n|-weather|Sandstorm|[upkeep]\n|upkeep\n|\n|t:|1699822002\n|switch|p2a: Houndstone|Houndstone, M, shiny|100\/100\n|turn|4\n|\n|t:|1699822009\n|move|p2a: Houndstone|Crunch|p1a: Haxorus\n|-damage|p1a: Haxorus|0 fnt\n|faint|p1a: Haxorus\n|\n|-weather|Sandstorm|[upkeep]\n|upkeep\n|\n|t:|1699822019\n|switch|p1a: Ceruledge|Ceruledge, M|100\/100\n|-damage|p1a: Ceruledge|76\/100|[from] Stealth Rock\n|turn|5\n|\n|t:|1699822023\n|move|p2a: Houndstone|Crunch|p1a: Ceruledge\n|-supereffective|p1a: Ceruledge\n|-damage|p1a: Ceruledge|18\/100\n|-unboost|p1a: Ceruledge|def|1\n|move|p1a: Ceruledge|Shadow Claw|p2a: Houndstone\n|-supereffective|p2a: Houndstone\n|-damage|p2a: Houndstone|2\/100\n|-damage|p1a: Ceruledge|8\/100|[from] item: Life Orb\n|\n|-weather|none\n|upkeep\n|turn|6\n|\n|t:|1699822035\n|switch|p2a: Sandaconda|Sandaconda, F|100\/100\n|move|p1a: Ceruledge|Shadow Claw|p2a: Sandaconda\n|-damage|p2a: Sandaconda|65\/100\n|-weather|Sandstorm|[from] ability: Sand Spit|[of] p2a: Sandaconda\n|-damage|p1a: Ceruledge|0 fnt|[from] item: Life Orb\n|faint|p1a: Ceruledge\n|\n|-weather|Sandstorm|[upkeep]\n|-heal|p2a: Sandaconda|71\/100|[from] item: Leftovers\n|upkeep\n|\n|t:|1699822056\n|switch|p1a: Melamence|Salamence, M, shiny|100\/100\n|-damage|p1a: Melamence|76\/100|[from] Stealth Rock\n|turn|7\n|\n|t:|1699822062\n|move|p1a: Melamence|Dragon Dance|p1a: Melamence\n|-boost|p1a: Melamence|atk|1\n|-boost|p1a: Melamence|spe|1\n|move|p2a: Sandaconda|Stone Edge|p1a: Melamence\n|-supereffective|p1a: Melamence\n|-damage|p1a: Melamence|28\/100\n|\n|-weather|Sandstorm|[upkeep]\n|-damage|p1a: Melamence|22\/100|[from] Sandstorm\n|-enditem|p1a: Melamence|Aguav Berry|[eat]\n|-heal|p1a: Melamence|55\/100|[from] item: Aguav Berry\n|-heal|p2a: Sandaconda|77\/100|[from] item: Leftovers\n|upkeep\n|turn|8\n|\n|t:|1699822075\n|move|p1a: Melamence|Hydro Pump|p2a: Sandaconda\n|-supereffective|p2a: Sandaconda\n|-damage|p2a: Sandaconda|15\/100\n|move|p2a: Sandaconda|Stone Edge|p1a: Melamence\n|-supereffective|p1a: Melamence\n|-damage|p1a: Melamence|0 fnt\n|faint|p1a: Melamence\n|\n|-weather|Sandstorm|[upkeep]\n|-heal|p2a: Sandaconda|20\/100|[from] item: Leftovers\n|upkeep\n|\n|t:|1699822087\n|switch|p1a: Mewtwo|Mewtwo|100\/100\n|-damage|p1a: Mewtwo|88\/100|[from] Stealth Rock\n|-ability|p1a: Mewtwo|Pressure\n|turn|9\n|\n|t:|1699822101\n|move|p1a: Mewtwo|Energy Ball|p2a: Sandaconda\n|-supereffective|p2a: Sandaconda\n|-damage|p2a: Sandaconda|0 fnt\n|faint|p2a: Sandaconda\n|\n|-weather|Sandstorm|[upkeep]\n|-damage|p1a: Mewtwo|82\/100|[from] Sandstorm\n|-heal|p1a: Mewtwo|88\/100|[from] item: Leftovers\n|upkeep\n|\n|t:|1699822108\n|switch|p2a: Garchomp|Garchomp, F, shiny|100\/100\n|turn|10\n|\n|t:|1699822119\n|-terastallize|p2a: Garchomp|Steel\n|move|p1a: Mewtwo|Psystrike|p2a: Garchomp\n|-resisted|p2a: Garchomp\n|-damage|p2a: Garchomp|78\/100\n|move|p2a: Garchomp|Scale Shot|p1a: Mewtwo\n|-damage|p1a: Mewtwo|73\/100\n|-damage|p1a: Mewtwo|58\/100\n|-damage|p1a: Mewtwo|45\/100\n|-damage|p1a: Mewtwo|31\/100\n|-hitcount|p1a: Mewtwo|4\n|-unboost|p2a: Garchomp|def|1\n|-boost|p2a: Garchomp|spe|1\n|\n|-weather|none\n|-heal|p1a: Mewtwo|37\/100|[from] item: Leftovers\n|upkeep\n|turn|11\n|\n|t:|1699822137\n|move|p2a: Garchomp|Iron Head|p1a: Mewtwo\n|-damage|p1a: Mewtwo|0 fnt\n|faint|p1a: Mewtwo\n|\n|upkeep\n|\n|t:|1699822144\n|switch|p1a: Dragonite|Dragonite, M|100\/100\n|-damage|p1a: Dragonite|75\/100|[from] Stealth Rock\n|turn|12\n|\n|t:|1699822154\n|move|p2a: Garchomp|Scale Shot|p1a: Dragonite\n|-supereffective|p1a: Dragonite\n|-damage|p1a: Dragonite|51\/100\n|-supereffective|p1a: Dragonite\n|-damage|p1a: Dragonite|26\/100\n|-supereffective|p1a: Dragonite\n|-damage|p1a: Dragonite|4\/100\n|-enditem|p1a: Dragonite|Aguav Berry|[eat]\n|-heal|p1a: Dragonite|37\/100|[from] item: Aguav Berry\n|-supereffective|p1a: Dragonite\n|-damage|p1a: Dragonite|14\/100\n|-supereffective|p1a: Dragonite\n|-damage|p1a: Dragonite|0 fnt\n|faint|p1a: Dragonite\n|-hitcount|p1: Dragonite|5\n|-unboost|p2a: Garchomp|def|1\n|-boost|p2a: Garchomp|spe|1\n|\n|upkeep\n|\n|t:|1699822169\n|switch|p1a: Snorlax|Snorlax, M, shiny|100\/100\n|-damage|p1a: Snorlax|88\/100|[from] Stealth Rock\n|turn|13\n|\n|t:|1699822179\n|move|p2a: Garchomp|Iron Head|p1a: Snorlax\n|-damage|p1a: Snorlax|59\/100\n|-damage|p2a: Garchomp|61\/100|[from] item: Rocky Helmet|[of] p1a: Snorlax\n|move|p1a: Snorlax|Crunch|p2a: Garchomp\n|-damage|p2a: Garchomp|24\/100\n|-unboost|p2a: Garchomp|def|1\n|\n|upkeep\n|turn|14\n|\n|t:|1699822189\n|move|p2a: Garchomp|Earthquake|p1a: Snorlax\n|-damage|p1a: Snorlax|18\/100\n|move|p1a: Snorlax|Crunch|p2a: Garchomp\n|-damage|p2a: Garchomp|0 fnt\n|faint|p2a: Garchomp\n|\n|upkeep\n|\n|t:|1699822196\n|switch|p2a: Amoonguss|Amoonguss, F, shiny|100\/100\n|turn|15\n|\n|t:|1699822210\n|move|p2a: Amoonguss|Toxic|p1a: Snorlax\n|-status|p1a: Snorlax|tox\n|move|p1a: Snorlax|Crunch|p2a: Amoonguss\n|-damage|p2a: Amoonguss|83\/100\n|-unboost|p2a: Amoonguss|def|1\n|\n|-heal|p2a: Amoonguss|89\/100|[from] item: Leftovers\n|-damage|p1a: Snorlax|12\/100 tox|[from] psn\n|upkeep\n|turn|16\n|\n|t:|1699822221\n|switch|p2a: Houndstone|Houndstone, M, shiny|2\/100\n|move|p1a: Snorlax|Crunch|p2a: Houndstone\n|-supereffective|p2a: Houndstone\n|-damage|p2a: Houndstone|0 fnt\n|faint|p2a: Houndstone\n|\n|-damage|p1a: Snorlax|0 fnt|[from] psn\n|faint|p1a: Snorlax\n|\n|win|Torzzi\n|upkeep\n|raw|EpicoEnderman's rating: 1111 &rarr; <strong>1092<\/strong><br \/>(-19 for losing)\n|raw|Torzzi's rating: 1200 &rarr; <strong>1219<\/strong><br \/>(+19 for winning)\n","uploadtime":1699822231,"views":13,"p1id":"epicoenderman","p2id":"torzzi","formatid":"gen9anythinggoes","rating":1092,"private":0,"password":""}