{"id":"gen9anythinggoes-1977686760","p1":"maxgamingshell","p2":"Thricicle","format":"[Gen 9] Anything Goes","log":"|j|\u2606maxgamingshell\n|j|\u2606Thricicle\n|t:|1698438675\n|gametype|singles\n|player|p1|maxgamingshell|benga|1224\n|player|p2|Thricicle|265|1161\n|teamsize|p1|6\n|teamsize|p2|6\n|gen|9\n|tier|[Gen 9] Anything Goes\n|rated|\n|rule|HP Percentage Mod: HP is shown in percentages\n|rule|Endless Battle Clause: Forcing endless battles is banned\n|clearpoke\n|poke|p1|Toxapex, F|\n|poke|p1|Ceruledge, F|\n|poke|p1|Tropius, M|\n|poke|p1|Ambipom, F|\n|poke|p1|Glimmora, F|\n|poke|p1|Ogerpon-Hearthflame, F|\n|poke|p2|Oricorio, M|\n|poke|p2|Quagsire, F|\n|poke|p2|Farigiraf, F|\n|poke|p2|Muk, M|\n|poke|p2|Snorlax, M|\n|poke|p2|Gardevoir, F|\n|teampreview\n|inactive|Battle timer is ON: inactive players will automatically lose when time's up. (requested by Thricicle)\n|c|\u2606Thricicle|oh hi again\n|\n|t:|1698438695\n|start\n|switch|p1a: Glimmora|Glimmora, F|100\/100\n|switch|p2a: Oricorio|Oricorio, M|100\/100\n|turn|1\n|\n|t:|1698438700\n|move|p2a: Oricorio|Quiver Dance|p2a: Oricorio\n|-boost|p2a: Oricorio|spa|1\n|-boost|p2a: Oricorio|spd|1\n|-boost|p2a: Oricorio|spe|1\n|move|p1a: Glimmora|Stealth Rock|p2a: Oricorio\n|-sidestart|p2: Thricicle|move: Stealth Rock\n|\n|upkeep\n|turn|2\n|\n|t:|1698438706\n|move|p2a: Oricorio|Quiver Dance|p2a: Oricorio\n|-boost|p2a: Oricorio|spa|1\n|-boost|p2a: Oricorio|spd|1\n|-boost|p2a: Oricorio|spe|1\n|move|p1a: Glimmora|Spikes|p2a: Oricorio\n|-sidestart|p2: Thricicle|Spikes\n|\n|upkeep\n|turn|3\n|\n|t:|1698438718\n|move|p2a: Oricorio|Quiver Dance|p2a: Oricorio\n|-boost|p2a: Oricorio|spa|1\n|-boost|p2a: Oricorio|spd|1\n|-boost|p2a: Oricorio|spe|1\n|move|p1a: Glimmora|Spikes|p2a: Oricorio\n|-sidestart|p2: Thricicle|Spikes\n|\n|upkeep\n|turn|4\n|\n|t:|1698438724\n|move|p2a: Oricorio|Quiver Dance|p2a: Oricorio\n|-boost|p2a: Oricorio|spa|1\n|-boost|p2a: Oricorio|spd|1\n|-boost|p2a: Oricorio|spe|1\n|move|p1a: Glimmora|Spikes|p2a: Oricorio\n|-sidestart|p2: Thricicle|Spikes\n|\n|upkeep\n|turn|5\n|\n|t:|1698438730\n|move|p2a: Oricorio|Quiver Dance|p2a: Oricorio\n|-boost|p2a: Oricorio|spa|1\n|-boost|p2a: Oricorio|spd|1\n|-boost|p2a: Oricorio|spe|1\n|move|p1a: Glimmora|Toxic Spikes|p2a: Oricorio\n|-sidestart|p2: Thricicle|move: Toxic Spikes\n|\n|upkeep\n|turn|6\n|\n|t:|1698438735\n|move|p2a: Oricorio|Quiver Dance|p2a: Oricorio\n|-boost|p2a: Oricorio|spa|1\n|-boost|p2a: Oricorio|spd|1\n|-boost|p2a: Oricorio|spe|1\n|move|p1a: Glimmora|Toxic Spikes|p2a: Oricorio\n|-sidestart|p2: Thricicle|move: Toxic Spikes\n|\n|upkeep\n|turn|7\n|inactive|maxgamingshell has 120 seconds left.\n|\n|t:|1698438766\n|switch|p1a: Ceruledge|Ceruledge, F|100\/100\n|move|p2a: Oricorio|Defog|p1a: Ceruledge\n|-unboost|p1a: Ceruledge|evasion|1\n|-sideend|p2: Thricicle|Spikes|[from] move: Defog|[of] p2a: Oricorio\n|-sideend|p2: Thricicle|Toxic Spikes|[from] move: Defog|[of] p2a: Oricorio\n|-sideend|p2: Thricicle|Stealth Rock|[from] move: Defog|[of] p2a: Oricorio\n|\n|upkeep\n|turn|8\n|\n|t:|1698438773\n|-terastallize|p1a: Ceruledge|Steel\n|move|p2a: Oricorio|Baton Pass|p2a: Oricorio\n|\n|t:|1698438782\n|switch|p2a: Farigiraf|Farigiraf, F|100\/100|[from] Baton Pass\n|move|p1a: Ceruledge|Clear Smog|p2a: Farigiraf\n|-damage|p2a: Farigiraf|98\/100\n|-clearboost|p2a: Farigiraf\n|\n|upkeep\n|turn|9\n|c|\u2606Thricicle|lmao we both countered each other's first pokemon\n|c|\u2606maxgamingshell|:D\n|c|\u2606Thricicle|what are the odds xD\n|inactive|maxgamingshell has 120 seconds left.\n|c|\u2606maxgamingshell|its usually how i start out\n|\n|t:|1698438822\n|move|p1a: Ceruledge|Night Slash|p2a: Farigiraf\n|-supereffective|p2a: Farigiraf\n|-damage|p2a: Farigiraf|43\/100\n|move|p2a: Farigiraf|Nasty Plot|p2a: Farigiraf\n|-boost|p2a: Farigiraf|spa|2\n|\n|upkeep\n|turn|10\n|c|\u2606Thricicle|This is my first time using proper teams so I don't really have a set start yet lol\n|c|\u2606maxgamingshell|nice\n|c|\u2606Thricicle|I usually do randoms but not knowing type weaknesses makes it so hard\n|inactive|Thricicle has 120 seconds left.\n|c|\u2606maxgamingshell|this is a \"proper\" team in my oppinion\n|\n|t:|1698438849\n|switch|p2a: Snorlax|Snorlax, M|100\/100\n|move|p1a: Ceruledge|Night Slash|p2a: Snorlax\n|-crit|p2a: Snorlax\n|-damage|p2a: Snorlax|71\/100\n|\n|-heal|p2a: Snorlax|77\/100|[from] item: Leftovers\n|upkeep\n|turn|11\n|\n|t:|1698438857\n|move|p1a: Ceruledge|Flame Charge|p2a: Snorlax\n|-crit|p2a: Snorlax\n|-damage|p2a: Snorlax|41\/100\n|-boost|p1a: Ceruledge|spe|1\n|move|p2a: Snorlax|Yawn|p1a: Ceruledge\n|-start|p1a: Ceruledge|move: Yawn|[of] p2a: Snorlax\n|\n|-heal|p2a: Snorlax|47\/100|[from] item: Leftovers\n|upkeep\n|turn|12\n|inactive|maxgamingshell has 120 seconds left.\n|c|\u2606maxgamingshell|ill upload it on the internet if you want to see it\n|c|\u2606maxgamingshell|you can show me ypurs as well\n|\n|t:|1698438881\n|move|p1a: Ceruledge|Flame Charge|p2a: Snorlax\n|-damage|p2a: Snorlax|24\/100\n|-boost|p1a: Ceruledge|spe|1\n|move|p2a: Snorlax|Earthquake|p1a: Ceruledge\n|-supereffective|p1a: Ceruledge\n|-damage|p1a: Ceruledge|24\/100\n|\n|-heal|p2a: Snorlax|30\/100|[from] item: Leftovers\n|-end|p1a: Ceruledge|move: Yawn|[silent]\n|-status|p1a: Ceruledge|slp\n|upkeep\n|turn|13\n|c|\u2606Thricicle|like, I know I can just use commands to check type weaknesses but so many people get really angry\n|c|\u2606Thricicle|Sure! idk how to show my team though ;-;\n|\n|t:|1698438895\n|switch|p1a: Tropius|Tropius, M|100\/100\n|move|p2a: Snorlax|Rest|p2a: Snorlax\n|-status|p2a: Snorlax|slp|[from] move: Rest\n|-heal|p2a: Snorlax|100\/100 slp|[silent]\n|\n|upkeep\n|turn|14\n|c|\u2606maxgamingshell|u got gmail?\n|\n|t:|1698438904\n|move|p1a: Tropius|Leech Seed|p2a: Snorlax|[miss]\n|-miss|p1a: Tropius|p2a: Snorlax\n|cant|p2a: Snorlax|slp\n|\n|upkeep\n|turn|15\n|c|\u2606Thricicle|Wait, I think I saw someone use a command to show teams here?\n|c|\u2606maxgamingshell|oh ill see\n|\n|t:|1698438922\n|switch|p2a: Gardevoir|Gardevoir, F|100\/100\n|-ability|p2a: Gardevoir|Harvest|[from] ability: Trace|[of] p1a: Tropius\n|move|p1a: Tropius|Leech Seed|p2a: Gardevoir\n|-start|p2a: Gardevoir|move: Leech Seed\n|\n|-damage|p2a: Gardevoir|88\/100|[from] Leech Seed|[of] p1a: Tropius\n|upkeep\n|turn|16\n|c|\u2606Thricicle|something like that\n|inactive|maxgamingshell has 120 seconds left.\n|inactive|Thricicle has 120 seconds left.\n|c|\u2606Thricicle|Huh, it vanished, weird\n|c|\u2606maxgamingshell|what did?\n|c|\u2606Thricicle|I used a cmd but it just didn't show itself lmao\n|c|\u2606Thricicle|To try show the team\n|inactive|maxgamingshell has 90 seconds left.\n|c|\u2606maxgamingshell|im seeing\n|\n|t:|1698438977\n|switch|p1a: Ceruledge|Ceruledge, F, tera:Steel|24\/100 slp\n|move|p2a: Gardevoir|Light Screen|p2a: Gardevoir\n|-sidestart|p2: Thricicle|move: Light Screen\n|\n|-damage|p2a: Gardevoir|76\/100|[from] Leech Seed|[of] p1a: Ceruledge\n|-heal|p1a: Ceruledge|39\/100 slp|[silent]\n|upkeep\n|turn|17\n|inactive|maxgamingshell has 90 seconds left.\n|inactive|Thricicle has 120 seconds left.\n|\n|t:|1698438985\n|move|p2a: Gardevoir|Reflect|p2a: Gardevoir\n|-sidestart|p2: Thricicle|Reflect\n|cant|p1a: Ceruledge|slp\n|\n|-damage|p2a: Gardevoir|63\/100|[from] Leech Seed|[of] p1a: Ceruledge\n|-heal|p1a: Ceruledge|53\/100 slp|[silent]\n|upkeep\n|turn|18\n|inactive|Thricicle has 120 seconds left.\n|c|\u2606maxgamingshell|i can make my team public to the serverf\n|c|\u2606maxgamingshell|then u may see it\n|\n|t:|1698439017\n|move|p2a: Gardevoir|Reflect||[still]\n|-fail|p2a: Gardevoir\n|-curestatus|p1a: Ceruledge|slp|[msg]\n|move|p1a: Ceruledge|Bitter Blade|p2a: Gardevoir\n|-damage|p2a: Gardevoir|35\/100\n|-heal|p1a: Ceruledge|70\/100|[from] drain|[of] p2a: Gardevoir\n|\n|-damage|p2a: Gardevoir|22\/100|[from] Leech Seed|[of] p1a: Ceruledge\n|-heal|p1a: Ceruledge|84\/100|[silent]\n|upkeep\n|turn|19\n|c|\u2606Thricicle|whoops I wasn't paying atention\n|c|\u2606maxgamingshell|my gmail is maxgamingshell@gmail.com if you want to know though\n|\n|t:|1698439030\n|move|p2a: Gardevoir|Healing Wish|p2a: Gardevoir\n|faint|p2a: Gardevoir\n|move|p1a: Ceruledge|Bitter Blade|p2: Gardevoir|[notarget]\n|-fail|p1a: Ceruledge\n|\n|upkeep\n|\n|t:|1698439035\n|switch|p2a: Oricorio|Oricorio, M|100\/100\n|turn|20\n|\n|t:|1698439044\n|move|p2a: Oricorio|Quiver Dance|p2a: Oricorio\n|-boost|p2a: Oricorio|spa|1\n|-boost|p2a: Oricorio|spd|1\n|-boost|p2a: Oricorio|spe|1\n|move|p1a: Ceruledge|Clear Smog|p2a: Oricorio\n|-damage|p2a: Oricorio|97\/100\n|-clearboost|p2a: Oricorio\n|\n|-sideend|p2: Thricicle|move: Light Screen\n|upkeep\n|turn|21\n|inactive|maxgamingshell has 120 seconds left.\n|c|\u2606maxgamingshell|:D\n|\n|t:|1698439054\n|move|p2a: Oricorio|Quiver Dance|p2a: Oricorio\n|-boost|p2a: Oricorio|spa|1\n|-boost|p2a: Oricorio|spd|1\n|-boost|p2a: Oricorio|spe|1\n|move|p1a: Ceruledge|Clear Smog|p2a: Oricorio\n|-damage|p2a: Oricorio|92\/100\n|-clearboost|p2a: Oricorio\n|\n|-sideend|p2: Thricicle|Reflect\n|upkeep\n|turn|22\n|inactive|Thricicle has 120 seconds left.\n|\n|t:|1698439063\n|move|p2a: Oricorio|Quiver Dance|p2a: Oricorio\n|-boost|p2a: Oricorio|spa|1\n|-boost|p2a: Oricorio|spd|1\n|-boost|p2a: Oricorio|spe|1\n|move|p1a: Ceruledge|Clear Smog|p2a: Oricorio\n|-crit|p2a: Oricorio\n|-damage|p2a: Oricorio|78\/100\n|-clearboost|p2a: Oricorio\n|\n|upkeep\n|turn|23\n|c|\u2606Thricicle|lol xD\n|c|\u2606maxgamingshell|no stats!!!!!\n|\n|t:|1698439073\n|move|p2a: Oricorio|Quiver Dance|p2a: Oricorio\n|-boost|p2a: Oricorio|spa|1\n|-boost|p2a: Oricorio|spd|1\n|-boost|p2a: Oricorio|spe|1\n|move|p1a: Ceruledge|Clear Smog|p2a: Oricorio\n|-damage|p2a: Oricorio|71\/100\n|-clearboost|p2a: Oricorio\n|\n|upkeep\n|turn|24\n|c|\u2606Thricicle|>:(\n|c|\u2606maxgamingshell|V:(\n|inactive|maxgamingshell has 120 seconds left.\n|\n|t:|1698439094\n|move|p2a: Oricorio|Quiver Dance|p2a: Oricorio\n|-boost|p2a: Oricorio|spa|1\n|-boost|p2a: Oricorio|spd|1\n|-boost|p2a: Oricorio|spe|1\n|move|p1a: Ceruledge|Clear Smog|p2a: Oricorio\n|-damage|p2a: Oricorio|65\/100\n|-clearboost|p2a: Oricorio\n|\n|upkeep\n|turn|25\n|\n|t:|1698439103\n|move|p2a: Oricorio|Quiver Dance|p2a: Oricorio\n|-boost|p2a: Oricorio|spa|1\n|-boost|p2a: Oricorio|spd|1\n|-boost|p2a: Oricorio|spe|1\n|move|p1a: Ceruledge|Clear Smog|p2a: Oricorio\n|-damage|p2a: Oricorio|59\/100\n|-clearboost|p2a: Oricorio\n|\n|upkeep\n|turn|26\n|\n|t:|1698439112\n|move|p2a: Oricorio|Quiver Dance|p2a: Oricorio\n|-boost|p2a: Oricorio|spa|1\n|-boost|p2a: Oricorio|spd|1\n|-boost|p2a: Oricorio|spe|1\n|move|p1a: Ceruledge|Clear Smog|p2a: Oricorio\n|-damage|p2a: Oricorio|53\/100\n|-clearboost|p2a: Oricorio\n|\n|upkeep\n|turn|27\n|c|\u2606maxgamingshell|i can do this all day :D\n|c|\u2606Thricicle|same :3\n|c|\u2606maxgamingshell|u will die first\n|c|\u2606Thricicle|I mean, ur gonna win anyway so idk why you're stalling it xD\n|\n|t:|1698439130\n|move|p2a: Oricorio|Quiver Dance|p2a: Oricorio\n|-boost|p2a: Oricorio|spa|1\n|-boost|p2a: Oricorio|spd|1\n|-boost|p2a: Oricorio|spe|1\n|move|p1a: Ceruledge|Clear Smog|p2a: Oricorio\n|-damage|p2a: Oricorio|46\/100\n|-clearboost|p2a: Oricorio\n|\n|upkeep\n|turn|28\n|c|\u2606maxgamingshell|lol\n|c|\u2606maxgamingshell|irts fun\n|c|\u2606Thricicle|Even with my stat boosts you win, you won last time too lmao\n|\n|t:|1698439143\n|move|p2a: Oricorio|Quiver Dance|p2a: Oricorio\n|-boost|p2a: Oricorio|spa|1\n|-boost|p2a: Oricorio|spd|1\n|-boost|p2a: Oricorio|spe|1\n|move|p1a: Ceruledge|Clear Smog|p2a: Oricorio\n|-damage|p2a: Oricorio|40\/100\n|-clearboost|p2a: Oricorio\n|\n|upkeep\n|turn|29\n|c|\u2606maxgamingshell|yeah having a trap\/stat boost counter is NEEDED\n|c|\u2606maxgamingshell|keep that in mind\n|\n|t:|1698439168\n|move|p2a: Oricorio|Calm Mind|p2a: Oricorio\n|-boost|p2a: Oricorio|spa|1\n|-boost|p2a: Oricorio|spd|1\n|move|p1a: Ceruledge|Clear Smog|p2a: Oricorio\n|-damage|p2a: Oricorio|33\/100\n|-clearboost|p2a: Oricorio\n|\n|upkeep\n|turn|30\n|c|\u2606Thricicle|I actually do have one\n|inactive|maxgamingshell has 120 seconds left.\n|c|\u2606maxgamingshell|good use it against me i LOVE traps\n|c|\u2606maxgamingshell|i see you destoyed all my traps tho?\n|c|\u2606maxgamingshell|how is that?\n|\n|t:|1698439209\n|move|p2a: Oricorio|Calm Mind|p2a: Oricorio\n|-boost|p2a: Oricorio|spa|1\n|-boost|p2a: Oricorio|spd|1\n|move|p1a: Ceruledge|Night Slash|p2a: Oricorio\n|-damage|p2a: Oricorio|0 fnt\n|faint|p2a: Oricorio\n|\n|upkeep\n|c|\u2606Thricicle|Oh no Oricorio is my only counter to traps xD\n|c|\u2606Thricicle|rip\n|c|\u2606Thricicle|I was about to switch out\n|c|\u2606maxgamingshell|XD\n|c|\u2606maxgamingshell|well...\n|inactive|Thricicle has 120 seconds left.\n|c|\u2606maxgamingshell|time 4 traps :D\n|c|\u2606Thricicle|oh yeah you also killed my stat boost counter LMAO\n|\n|t:|1698439232\n|switch|p2a: Snorlax|Snorlax, M|100\/100 slp\n|-heal|p2a: Snorlax|100\/100|[from] move: Healing Wish\n|turn|31\n|inactive|Thricicle has 120 seconds left.\n|c|\u2606Thricicle|NOPE\n|c|\u2606maxgamingshell|i dont do stat boosts\n|\n|t:|1698439243\n|switch|p1a: Glimmora|Glimmora, F|100\/100\n|move|p2a: Snorlax|Yawn|p1a: Glimmora\n|-start|p1a: Glimmora|move: Yawn|[of] p2a: Snorlax\n|\n|upkeep\n|turn|32\n|inactive|Thricicle has 120 seconds left.\n|c|\u2606Thricicle|If you do traps I do belly drum\n|c|\u2606maxgamingshell|:(\n|c|\u2606maxgamingshell|k\n|\n|t:|1698439255\n|move|p1a: Glimmora|Stealth Rock|p2a: Snorlax\n|-sidestart|p2: Thricicle|move: Stealth Rock\n|move|p2a: Snorlax|Belly Drum|p2a: Snorlax\n|-damage|p2a: Snorlax|51\/100\n|-setboost|p2a: Snorlax|atk|6|[from] move: Belly Drum\n|\n|-heal|p2a: Snorlax|57\/100|[from] item: Leftovers\n|-end|p1a: Glimmora|move: Yawn|[silent]\n|-status|p1a: Glimmora|slp\n|upkeep\n|turn|33\n|c|\u2606maxgamingshell|XD\n|c|\u2606Thricicle|Only 1 or the other >:)\n|\n|t:|1698439265\n|cant|p1a: Glimmora|slp\n|move|p2a: Snorlax|Earthquake|p1a: Glimmora\n|-supereffective|p1a: Glimmora\n|-enditem|p1a: Glimmora|Focus Sash\n|-damage|p1a: Glimmora|1\/100 slp\n|-activate|p1a: Glimmora|ability: Toxic Debris\n|-sidestart|p2: Thricicle|move: Toxic Spikes\n|\n|-heal|p2a: Snorlax|63\/100|[from] item: Leftovers\n|upkeep\n|turn|34\n|c|\u2606maxgamingshell|NEVER!!!!\n|c|\u2606maxgamingshell|:D\n|c|\u2606Thricicle|ALWAYS\n|\n|t:|1698439276\n|cant|p1a: Glimmora|slp\n|move|p2a: Snorlax|Earthquake|p1a: Glimmora\n|-supereffective|p1a: Glimmora\n|-damage|p1a: Glimmora|0 fnt\n|-activate|p1a: Glimmora|ability: Toxic Debris\n|-sidestart|p2: Thricicle|move: Toxic Spikes\n|faint|p1a: Glimmora\n|\n|-heal|p2a: Snorlax|69\/100|[from] item: Leftovers\n|upkeep\n|c|\u2606maxgamingshell|ok im done with traps now :D\n|\n|t:|1698439291\n|switch|p1a: Tropius|Tropius, M|100\/100\n|turn|35\n|c|\u2606Thricicle|I forgot about the whole flying thing lol\n|c|\u2606maxgamingshell|XD\n|c|\u2606Thricicle|welp, now it's my time to stall\n|inactive|Thricicle has 120 seconds left.\n|\n|t:|1698439312\n|move|p1a: Tropius|Leech Seed|p2a: Snorlax\n|-start|p2a: Snorlax|move: Leech Seed\n|move|p2a: Snorlax|Yawn|p1a: Tropius\n|-start|p1a: Tropius|move: Yawn|[of] p2a: Snorlax\n|\n|-heal|p2a: Snorlax|75\/100|[from] item: Leftovers\n|-damage|p2a: Snorlax|63\/100|[from] Leech Seed|[of] p1a: Tropius\n|upkeep\n|turn|36\n|c|\u2606maxgamingshell|my team is weak to only dark types\n|\n|t:|1698439324\n|move|p1a: Tropius|Substitute|p1a: Tropius\n|-start|p1a: Tropius|Substitute\n|-damage|p1a: Tropius|76\/100\n|move|p2a: Snorlax|Rest|p2a: Snorlax\n|-status|p2a: Snorlax|slp|[from] move: Rest\n|-heal|p2a: Snorlax|100\/100 slp|[silent]\n|\n|-damage|p2a: Snorlax|88\/100 slp|[from] Leech Seed|[of] p1a: Tropius\n|-heal|p1a: Tropius|91\/100|[silent]\n|-end|p1a: Tropius|move: Yawn|[silent]\n|-status|p1a: Tropius|slp\n|upkeep\n|turn|37\n|c|\u2606Thricicle|idk type weaknesses so idk what I'm weak to\n|c|\u2606maxgamingshell|it hard to kill them\n|c|\u2606maxgamingshell|oh just use e\/weakness te=hen the type of pokemon\n|\n|t:|1698439351\n|switch|p1a: Toxapex|Toxapex, F|100\/100\n|cant|p2a: Snorlax|slp\n|\n|-heal|p2a: Snorlax|94\/100 slp|[from] item: Leftovers\n|-damage|p2a: Snorlax|82\/100 slp|[from] Leech Seed|[of] p1a: Toxapex\n|upkeep\n|turn|38\n|c|\u2606Thricicle|I know, but everyone gets so angry when I use commands\n|inactive|Thricicle has 120 seconds left.\n|\n|t:|1698439371\n|move|p1a: Toxapex|Toxic||[still]\n|-fail|p1a: Toxapex\n|cant|p2a: Snorlax|slp\n|\n|-heal|p2a: Snorlax|88\/100 slp|[from] item: Leftovers\n|-damage|p2a: Snorlax|76\/100 slp|[from] Leech Seed|[of] p1a: Toxapex\n|upkeep\n|turn|39\n|c|\u2606maxgamingshell|u r fine\n|c|\u2606Thricicle|Like, I would've gladly used commands to find ALL your weaknesses but was worried you'd get angry like 80% of people lmao\n|c|\u2606maxgamingshell|no one will kill u\n|inactive|Thricicle has 120 seconds left.\n|c|\u2606maxgamingshell|XD\n|\n|t:|1698439383\n|switch|p1a: Tropius|Tropius, M|91\/100 slp\n|-curestatus|p2a: Snorlax|slp|[msg]\n|move|p2a: Snorlax|Yawn||[still]\n|-fail|p2a: Snorlax\n|\n|-heal|p2a: Snorlax|82\/100|[from] item: Leftovers\n|-damage|p2a: Snorlax|70\/100|[from] Leech Seed|[of] p1a: Tropius\n|-heal|p1a: Tropius|100\/100 slp|[silent]\n|upkeep\n|turn|40\n|c|\u2606maxgamingshell|lol\n|inactive|Thricicle has 120 seconds left.\n|c|\u2606maxgamingshell|predict\n|c|\u2606Thricicle|WAIT I KNOW WHAT TO DO\n|c|\u2606maxgamingshell|???\n|c|\u2606Thricicle|AS LONG AS I DON'T DIE\n|\n|t:|1698439407\n|switch|p2a: Farigiraf|Farigiraf, F|43\/100\n|-damage|p2a: Farigiraf|31\/100|[from] Stealth Rock\n|-status|p2a: Farigiraf|tox\n|cant|p1a: Tropius|slp\n|\n|-damage|p2a: Farigiraf|25\/100 tox|[from] psn\n|upkeep\n|turn|41\n|c|\u2606maxgamingshell|:D\n|\n|t:|1698439415\n|move|p2a: Farigiraf|Trick|p1a: Tropius\n|-activate|p2a: Farigiraf|move: Trick|[of] p1a: Tropius\n|-item|p1a: Tropius|Ring Target|[from] move: Trick\n|-item|p2a: Farigiraf|Sitrus Berry|[from] move: Trick\n|-enditem|p2a: Farigiraf|Sitrus Berry|[eat]\n|-heal|p2a: Farigiraf|50\/100 tox|[from] item: Sitrus Berry\n|-curestatus|p1a: Tropius|slp|[msg]\n|move|p1a: Tropius|Leech Seed|p2a: Farigiraf\n|-ability|p2a: Farigiraf|Sap Sipper|boost\n|-boost|p2a: Farigiraf|atk|1\n|\n|-damage|p2a: Farigiraf|38\/100 tox|[from] psn\n|upkeep\n|turn|42\n|inactive|Thricicle has 120 seconds left.\n|c|\u2606maxgamingshell|ah im so goofy\n|c|\u2606maxgamingshell|ring target?!?!\n|c|\u2606Thricicle|Y E S\n|inactive|maxgamingshell has 90 seconds left.\n|c|\u2606maxgamingshell|Bruh...\n|\n|t:|1698439449\n|switch|p1a: Toxapex|Toxapex, F|100\/100\n|-terastallize|p2a: Farigiraf|Fire\n|move|p2a: Farigiraf|Tera Blast|p1a: Toxapex|[anim] Tera Blast Fire\n|-resisted|p1a: Toxapex\n|-damage|p1a: Toxapex|87\/100\n|\n|-heal|p1a: Toxapex|93\/100|[from] item: Black Sludge\n|-damage|p2a: Farigiraf|20\/100 tox|[from] psn\n|upkeep\n|turn|43\n|c|\u2606Thricicle|I saw it in a random video and was like \"that's funny\" xD\n|inactive|maxgamingshell has 90 seconds left.\n|\n|t:|1698439461\n|switch|p2a: Muk|Muk, M|100\/100\n|-damage|p2a: Muk|88\/100|[from] Stealth Rock\n|-sideend|p2: Thricicle|move: Toxic Spikes|[of] p2a: Muk\n|move|p1a: Toxapex|Sludge Bomb|p2a: Muk\n|-resisted|p2a: Muk\n|-damage|p2a: Muk|82\/100\n|\n|-heal|p1a: Toxapex|99\/100|[from] item: Black Sludge\n|upkeep\n|turn|44\n|\n|t:|1698439469\n|switch|p1a: Ogerpon|Ogerpon-Hearthflame, F|100\/100\n|-ability|p1a: Ogerpon|Mold Breaker\n|move|p2a: Muk|Metronome|p2a: Muk\n|move|p2a: Muk|Waterfall|p1a: Ogerpon|[from]move: Metronome\n|-damage|p1a: Ogerpon|76\/100\n|\n|upkeep\n|turn|45\n|inactive|Thricicle has 120 seconds left.\n|c|\u2606maxgamingshell|ok lets end this\n|c|\u2606Thricicle|:(\n|\n|t:|1698439480\n|move|p1a: Ogerpon|Swords Dance|p1a: Ogerpon\n|-boost|p1a: Ogerpon|atk|2\n|move|p2a: Muk|Metronome|p2a: Muk\n|move|p2a: Muk|Smog|p1a: Ogerpon|[from]move: Metronome\n|-supereffective|p1a: Ogerpon\n|-damage|p1a: Ogerpon|59\/100\n|\n|upkeep\n|turn|46\n|c|\u2606Thricicle|no plz\n|\n|t:|1698439487\n|move|p1a: Ogerpon|Swords Dance|p1a: Ogerpon\n|-boost|p1a: Ogerpon|atk|2\n|move|p2a: Muk|Metronome|p2a: Muk\n|move|p2a: Muk|High Horsepower|p1a: Ogerpon|[from]move: Metronome\n|-damage|p1a: Ogerpon|32\/100\n|\n|upkeep\n|turn|47\n|\n|t:|1698439493\n|move|p1a: Ogerpon|Ivy Cudgel|p2a: Muk\n|-damage|p2a: Muk|0 fnt\n|faint|p2a: Muk\n|\n|upkeep\n|c|\u2606Thricicle|:C\n|\n|t:|1698439499\n|switch|p2a: Quagsire|Quagsire, F|100\/100\n|-damage|p2a: Quagsire|94\/100|[from] Stealth Rock\n|turn|48\n|c|\u2606maxgamingshell|ill friend u later\n|\n|t:|1698439513\n|move|p1a: Ogerpon|Ivy Cudgel|p2a: Quagsire\n|-resisted|p2a: Quagsire\n|-damage|p2a: Quagsire|16\/100\n|move|p2a: Quagsire|Counter|p1a: Ogerpon\n|-damage|p1a: Ogerpon|0 fnt\n|faint|p1a: Ogerpon\n|\n|-heal|p2a: Quagsire|22\/100|[from] item: Leftovers\n|upkeep\n|c|\u2606Thricicle|OMG\n|c|\u2606maxgamingshell|shi\n|\n|t:|1698439522\n|switch|p1a: Ambipom|Ambipom, F|100\/100\n|turn|49\n|c|\u2606Thricicle|I mean you still win but hey xD\n|\n|t:|1698439537\n|move|p1a: Ambipom|Fake Out|p2a: Quagsire\n|-damage|p2a: Quagsire|0 fnt\n|faint|p2a: Quagsire\n|\n|upkeep\n|\n|t:|1698439543\n|switch|p2a: Farigiraf|Farigiraf, F, tera:Fire|20\/100 tox\n|-damage|p2a: Farigiraf|0 fnt|[from] Stealth Rock\n|faint|p2a: Farigiraf\n|c|\u2606maxgamingshell|gg\n|c|\u2606Thricicle|gg\n|\n|t:|1698439549\n|switch|p2a: Snorlax|Snorlax, M|70\/100\n|-damage|p2a: Snorlax|57\/100|[from] Stealth Rock\n|turn|50\n|c|\u2606maxgamingshell|i need to leave soon so u may win\n|c|\u2606Thricicle|LOL I doubt it\n|\n|t:|1698439559\n|move|p1a: Ambipom|Knock Off|p2a: Snorlax\n|-damage|p2a: Snorlax|35\/100\n|-enditem|p2a: Snorlax|Leftovers|[from] move: Knock Off|[of] p1a: Ambipom\n|move|p2a: Snorlax|Rest|p2a: Snorlax\n|-status|p2a: Snorlax|slp|[from] move: Rest\n|-heal|p2a: Snorlax|100\/100 slp|[silent]\n|\n|upkeep\n|turn|51\n|c|\u2606maxgamingshell|like very soon\n|\n|t:|1698439567\n|move|p1a: Ambipom|U-turn|p2a: Snorlax\n|-damage|p2a: Snorlax|83\/100 slp\n|\n|t:|1698439570\n|switch|p1a: Ceruledge|Ceruledge, F, tera:Steel|84\/100|[from] U-turn\n|cant|p2a: Snorlax|slp\n|\n|upkeep\n|turn|52\n|\n|t:|1698439577\n|move|p1a: Ceruledge|Bitter Blade|p2a: Snorlax\n|-damage|p2a: Snorlax|45\/100 slp\n|-heal|p1a: Ceruledge|100\/100|[from] drain|[of] p2a: Snorlax\n|cant|p2a: Snorlax|slp\n|\n|upkeep\n|turn|53\n|\n|t:|1698439584\n|switch|p1a: Ambipom|Ambipom, F|100\/100\n|-curestatus|p2a: Snorlax|slp|[msg]\n|move|p2a: Snorlax|Yawn|p1a: Ambipom\n|-start|p1a: Ambipom|move: Yawn|[of] p2a: Snorlax\n|\n|upkeep\n|turn|54\n|\n|t:|1698439591\n|move|p1a: Ambipom|Fake Out|p2a: Snorlax\n|-damage|p2a: Snorlax|23\/100\n|cant|p2a: Snorlax|flinch\n|\n|-end|p1a: Ambipom|move: Yawn|[silent]\n|-status|p1a: Ambipom|slp\n|upkeep\n|turn|55\n|c|\u2606Thricicle|nuu not the flinch\n|\n|t:|1698439598\n|cant|p1a: Ambipom|slp\n|move|p2a: Snorlax|Rest|p2a: Snorlax\n|-status|p2a: Snorlax|slp|[from] move: Rest\n|-heal|p2a: Snorlax|100\/100 slp|[silent]\n|\n|upkeep\n|turn|56\n|c|\u2606maxgamingshell|):\n|c|\u2606maxgamingshell|im gonna have to leave!!!!\n|\n|t:|1698439609\n|cant|p1a: Ambipom|slp\n|cant|p2a: Snorlax|slp\n|\n|upkeep\n|turn|57\n|c|\u2606Thricicle|oh no, see you later!\n|\n|t:|1698439621\n|-curestatus|p1a: Ambipom|slp|[msg]\n|move|p1a: Ambipom|U-turn|p2a: Snorlax\n|-damage|p2a: Snorlax|85\/100 slp\n|\n|t:|1698439629\n|switch|p1a: Ceruledge|Ceruledge, F, tera:Steel|100\/100|[from] U-turn\n|cant|p2a: Snorlax|slp\n|\n|upkeep\n|turn|58\n|\n|t:|1698439636\n|switch|p1a: Ambipom|Ambipom, F|100\/100\n|-curestatus|p2a: Snorlax|slp|[msg]\n|move|p2a: Snorlax|Yawn|p1a: Ambipom\n|-start|p1a: Ambipom|move: Yawn|[of] p2a: Snorlax\n|\n|upkeep\n|turn|59\n|c|\u2606maxgamingshell|im gonna lose!!!\n|c|\u2606Thricicle|XD\n|\n|t:|1698439645\n|switch|p1a: Tropius|Tropius, M|100\/100\n|move|p2a: Snorlax|Belly Drum|p2a: Snorlax\n|-damage|p2a: Snorlax|35\/100\n|-setboost|p2a: Snorlax|atk|6|[from] move: Belly Drum\n|\n|upkeep\n|turn|60\n|c|\u2606Thricicle|lol gg you win\n|\n|t:|1698439655\n|move|p1a: Tropius|Leech Seed|p2a: Snorlax|[miss]\n|-miss|p1a: Tropius|p2a: Snorlax\n|move|p2a: Snorlax|Rest|p2a: Snorlax\n|-status|p2a: Snorlax|slp|[from] move: Rest\n|-heal|p2a: Snorlax|100\/100 slp|[silent]\n|\n|upkeep\n|turn|61\n|c|\u2606maxgamingshell|XD\n|c|\u2606Thricicle|I knew you were trolling, don't think I forgot the flying type xD\n|\n|t:|1698439669\n|move|p1a: Tropius|Leech Seed|p2a: Snorlax\n|-start|p2a: Snorlax|move: Leech Seed\n|cant|p2a: Snorlax|slp\n|\n|-damage|p2a: Snorlax|88\/100 slp|[from] Leech Seed|[of] p1a: Tropius\n|upkeep\n|turn|62\n|c|\u2606maxgamingshell|no like i might have to leave\n|c|\u2606maxgamingshell|in 3 min\n|\n|t:|1698439683\n|switch|p1a: Ambipom|Ambipom, F|100\/100\n|cant|p2a: Snorlax|slp\n|\n|-damage|p2a: Snorlax|76\/100 slp|[from] Leech Seed|[of] p1a: Ambipom\n|upkeep\n|turn|63\n|c|\u2606Thricicle|WAIT NVM I FORGOT ABOUT THE ITEM I GAVE YOU NUU\n|c|\u2606Thricicle|I could've killed rip\n|c|\u2606maxgamingshell|XD\n|c|\u2606Thricicle|Oh okay, I sent u friend req\n|\n|t:|1698439702\n|move|p1a: Ambipom|Fake Out|p2a: Snorlax\n|-damage|p2a: Snorlax|55\/100 slp\n|-curestatus|p2a: Snorlax|slp|[msg]\n|cant|p2a: Snorlax|flinch\n|\n|-damage|p2a: Snorlax|43\/100|[from] Leech Seed|[of] p1a: Ambipom\n|upkeep\n|turn|64\n|c|\u2606Thricicle|not the 2nd flinch e.e\n|c|\u2606maxgamingshell|LET ME KILL U\n|c|\u2606Thricicle|s l e e p\n|\n|t:|1698439714\n|move|p1a: Ambipom|U-turn|p2a: Snorlax\n|-damage|p2a: Snorlax|25\/100\n|c|\u2606Thricicle|N E V E R\n|\n|t:|1698439718\n|switch|p1a: Tropius|Tropius, M|100\/100|[from] U-turn\n|move|p2a: Snorlax|Yawn|p1a: Tropius\n|-start|p1a: Tropius|move: Yawn|[of] p2a: Snorlax\n|\n|-damage|p2a: Snorlax|12\/100|[from] Leech Seed|[of] p1a: Tropius\n|upkeep\n|turn|65\n|c|\u2606maxgamingshell|gg\n|c|\u2606maxgamingshell|finaly\n|\n|t:|1698439731\n|move|p1a: Tropius|Air Slash|p2a: Snorlax\n|-damage|p2a: Snorlax|3\/100\n|move|p2a: Snorlax|Rest|p2a: Snorlax\n|-status|p2a: Snorlax|slp|[from] move: Rest\n|-heal|p2a: Snorlax|100\/100 slp|[silent]\n|\n|-damage|p2a: Snorlax|88\/100 slp|[from] Leech Seed|[of] p1a: Tropius\n|-end|p1a: Tropius|move: Yawn|[silent]\n|-status|p1a: Tropius|slp\n|upkeep\n|turn|66\n|c|\u2606maxgamingshell|NO WAY\n|c|\u2606Thricicle|NO I THOUGHT YOU WOULD KILL I SHOULD'VE USED EARTHQUAKE\n|\n|t:|1698439744\n|switch|p1a: Ambipom|Ambipom, F|100\/100\n|cant|p2a: Snorlax|slp\n|\n|-damage|p2a: Snorlax|76\/100 slp|[from] Leech Seed|[of] p1a: Ambipom\n|upkeep\n|turn|67\n|c|\u2606Thricicle|XD\n|c|\u2606maxgamingshell|XDDDDD\n|\n|t:|1698439755\n|move|p1a: Ambipom|Knock Off|p2a: Snorlax\n|-crit|p2a: Snorlax\n|-damage|p2a: Snorlax|53\/100 slp\n|cant|p2a: Snorlax|slp\n|\n|-damage|p2a: Snorlax|40\/100 slp|[from] Leech Seed|[of] p1a: Ambipom\n|upkeep\n|turn|68\n|c|\u2606Thricicle|nuu not the crit too\n|\n|t:|1698439763\n|move|p1a: Ambipom|Fake Out||[still]\n|-hint|Fake Out only works on your first turn out.\n|-fail|p1a: Ambipom\n|-curestatus|p2a: Snorlax|slp|[msg]\n|move|p2a: Snorlax|Yawn|p1a: Ambipom\n|-start|p1a: Ambipom|move: Yawn|[of] p2a: Snorlax\n|\n|-damage|p2a: Snorlax|28\/100|[from] Leech Seed|[of] p1a: Ambipom\n|upkeep\n|turn|69\n|c|\u2606maxgamingshell|ok now gg\n|\n|t:|1698439773\n|move|p1a: Ambipom|Knock Off|p2a: Snorlax\n|-damage|p2a: Snorlax|14\/100\n|move|p2a: Snorlax|Earthquake|p1a: Ambipom\n|-damage|p1a: Ambipom|0 fnt\n|faint|p1a: Ambipom\n|\n|upkeep\n|c|\u2606maxgamingshell|FRRRR\n|\n|t:|1698439779\n|switch|p1a: Tropius|Tropius, M|100\/100 slp\n|turn|70\n|c|\u2606maxgamingshell|y did i do tropius??? he slp!!!!\n|\n|t:|1698439792\n|cant|p1a: Tropius|slp\n|move|p2a: Snorlax|Earthquake|p1a: Tropius\n|-resisted|p1a: Tropius\n|-crit|p1a: Tropius\n|-damage|p1a: Tropius|33\/100 slp\n|\n|-damage|p2a: Snorlax|1\/100|[from] Leech Seed|[of] p1a: Tropius\n|-heal|p1a: Tropius|48\/100 slp|[silent]\n|upkeep\n|turn|71\n|\n|t:|1698439800\n|cant|p1a: Tropius|slp\n|move|p2a: Snorlax|Rest|p2a: Snorlax\n|-status|p2a: Snorlax|slp|[from] move: Rest\n|-heal|p2a: Snorlax|100\/100 slp|[silent]\n|\n|-damage|p2a: Snorlax|88\/100 slp|[from] Leech Seed|[of] p1a: Tropius\n|-heal|p1a: Tropius|62\/100 slp|[silent]\n|upkeep\n|turn|72\n|c|\u2606maxgamingshell|NAAAAAAAAAAAAAAAAAA\n|c|\u2606Thricicle|LOL you still win stop panicking xD\n|\n|t:|1698439810\n|switch|p1a: Ceruledge|Ceruledge, F, tera:Steel|100\/100\n|cant|p2a: Snorlax|slp\n|\n|-damage|p2a: Snorlax|76\/100 slp|[from] Leech Seed|[of] p1a: Ceruledge\n|upkeep\n|turn|73\n|\n|t:|1698439817\n|move|p1a: Ceruledge|Night Slash|p2a: Snorlax\n|-damage|p2a: Snorlax|53\/100 slp\n|cant|p2a: Snorlax|slp\n|\n|-damage|p2a: Snorlax|41\/100 slp|[from] Leech Seed|[of] p1a: Ceruledge\n|upkeep\n|turn|74\n|\n|t:|1698439824\n|move|p1a: Ceruledge|Night Slash|p2a: Snorlax\n|-damage|p2a: Snorlax|18\/100 slp\n|-curestatus|p2a: Snorlax|slp|[msg]\n|move|p2a: Snorlax|Yawn|p1a: Ceruledge\n|-start|p1a: Ceruledge|move: Yawn|[of] p2a: Snorlax\n|\n|-damage|p2a: Snorlax|6\/100|[from] Leech Seed|[of] p1a: Ceruledge\n|upkeep\n|turn|75\n|c|\u2606Thricicle|see\n|\n|t:|1698439832\n|move|p1a: Ceruledge|Night Slash|p2a: Snorlax\n|-damage|p2a: Snorlax|0 fnt\n|faint|p2a: Snorlax\n|\n|win|maxgamingshell\n|raw|maxgamingshell's rating: 1224 &rarr; <strong>1245<\/strong><br \/>(+21 for winning)\n|raw|Thricicle's rating: 1161 &rarr; <strong>1140<\/strong><br \/>(-21 for losing)\n|c|\u2606maxgamingshell|GG\n|c|\u2606Thricicle|gg\n|c|\u2606maxgamingshell|jeez XD\n|c|\u2606Thricicle|that was fun\n|c|\u2606maxgamingshell|ye gtg cya\n|l|\u2606maxgamingshell\n|c|\u2606Thricicle|cya!\n","uploadtime":1698439848,"views":7,"p1id":"maxgamingshell","p2id":"thricicle","formatid":"gen9anythinggoes","rating":1140,"private":0,"password":""}