{"id":"gen9anythinggoes-1994753393","p1":"LG4611","p2":"nevergiveup_5","format":"[Gen 9] Anything Goes","log":"|j|\u2606LG4611\n|j|\u2606nevergiveup_5\n|t:|1700489299\n|gametype|singles\n|player|p1|LG4611|266|1084\n|player|p2|nevergiveup_5|brawly|1000\n|teamsize|p1|6\n|teamsize|p2|6\n|gen|9\n|tier|[Gen 9] Anything Goes\n|rated|\n|rule|HP Percentage Mod: HP is shown in percentages\n|rule|Endless Battle Clause: Forcing endless battles is banned\n|clearpoke\n|poke|p1|Sneasler, M|\n|poke|p1|Toxapex, F|\n|poke|p1|Kommo-o, M|\n|poke|p1|Gholdengo|\n|poke|p1|Spidops, M|\n|poke|p1|Iron Jugulis|\n|poke|p2|Samurott-Hisui, M|\n|poke|p2|Garchomp, M|\n|poke|p2|Lucario, M|\n|poke|p2|Charizard, M|\n|poke|p2|Toxtricity, M|\n|poke|p2|Appletun, M|\n|teampreview\n|\n|t:|1700489315\n|start\n|switch|p1a: Webber|Spidops, M|100\/100\n|switch|p2a: Toxtricity|Toxtricity, M, shiny|100\/100\n|turn|1\n|\n|t:|1700489324\n|move|p1a: Webber|Silk Trap|p1a: Webber\n|-singleturn|p1a: Webber|Protect\n|move|p2a: Toxtricity|Toxic Spikes|p1a: Webber\n|-sidestart|p1: LG4611|move: Toxic Spikes\n|\n|upkeep\n|turn|2\n|inactive|Battle timer is ON: inactive players will automatically lose when time's up. (requested by nevergiveup_5)\n|\n|t:|1700489333\n|move|p2a: Toxtricity|Discharge|p1a: Webber\n|-damage|p1a: Webber|54\/100\n|-status|p1a: Webber|par\n|move|p1a: Webber|Sticky Web|p2a: Toxtricity\n|-sidestart|p2: nevergiveup_5|move: Sticky Web\n|\n|upkeep\n|turn|3\n|\n|t:|1700489340\n|move|p2a: Toxtricity|Toxic Spikes|p1a: Webber\n|-sidestart|p1: LG4611|move: Toxic Spikes\n|cant|p1a: Webber|par\n|\n|upkeep\n|turn|4\n|\n|t:|1700489349\n|move|p2a: Toxtricity|Sludge Bomb|p1a: Webber\n|-damage|p1a: Webber|2\/100 par\n|move|p1a: Webber|Taunt|p2a: Toxtricity\n|-start|p2a: Toxtricity|move: Taunt\n|\n|upkeep\n|turn|5\n|\n|t:|1700489361\n|switch|p1a: The|Toxapex, F|100\/100\n|-sideend|p1: LG4611|move: Toxic Spikes|[of] p1a: The\n|move|p2a: Toxtricity|Boomburst|p1a: The\n|-damage|p1a: The|54\/100\n|\n|upkeep\n|turn|6\n|\n|t:|1700489372\n|switch|p1a: Lugnut|Kommo-o, M|100\/100\n|move|p2a: Toxtricity|Boomburst|p1a: Lugnut\n|-damage|p1a: Lugnut|25\/100\n|\n|upkeep\n|turn|7\n|\n|t:|1700489382\n|move|p1a: Lugnut|Boomburst|p2a: Toxtricity\n|-damage|p2a: Toxtricity|74\/100\n|-enditem|p1a: Lugnut|Throat Spray\n|-boost|p1a: Lugnut|spa|1|[from] item: Throat Spray\n|move|p2a: Toxtricity|Boomburst|p1a: Lugnut\n|-damage|p1a: Lugnut|0 fnt\n|faint|p1a: Lugnut\n|\n|-heal|p2a: Toxtricity|80\/100|[from] item: Leftovers\n|-end|p2a: Toxtricity|move: Taunt\n|upkeep\n|\n|t:|1700489397\n|switch|p1a: Cheese guy|Gholdengo|100\/100\n|turn|8\n|\n|t:|1700489412\n|move|p1a: Cheese guy|Nasty Plot|p1a: Cheese guy\n|-boost|p1a: Cheese guy|spa|2\n|move|p2a: Toxtricity|Discharge|p1a: Cheese guy\n|-damage|p1a: Cheese guy|51\/100\n|\n|-heal|p1a: Cheese guy|57\/100|[from] item: Leftovers\n|-heal|p2a: Toxtricity|86\/100|[from] item: Leftovers\n|upkeep\n|turn|9\n|\n|t:|1700489422\n|move|p1a: Cheese guy|Psyshock|p2a: Toxtricity\n|-supereffective|p2a: Toxtricity\n|-damage|p2a: Toxtricity|0 fnt\n|faint|p2a: Toxtricity\n|\n|-heal|p1a: Cheese guy|63\/100|[from] item: Leftovers\n|upkeep\n|\n|t:|1700489434\n|switch|p2a: Charizard|Charizard, M, shiny|100\/100\n|turn|10\n|\n|t:|1700489443\n|-terastallize|p2a: Charizard|Ground\n|move|p1a: Cheese guy|Protect|p1a: Cheese guy\n|-singleturn|p1a: Cheese guy|Protect\n|move|p2a: Charizard|Flamethrower|p1a: Cheese guy\n|-activate|p1a: Cheese guy|move: Protect\n|\n|-heal|p1a: Cheese guy|69\/100|[from] item: Leftovers\n|upkeep\n|turn|11\n|\n|t:|1700489451\n|move|p2a: Charizard|Flamethrower|p1a: Cheese guy\n|-supereffective|p1a: Cheese guy\n|-damage|p1a: Cheese guy|0 fnt\n|faint|p1a: Cheese guy\n|\n|upkeep\n|\n|t:|1700489459\n|switch|p1a: The Jug|Iron Jugulis|100\/100\n|turn|12\n|c|\u2606nevergiveup_5|hello\n|\n|t:|1700489472\n|move|p1a: The Jug|Dark Pulse|p2a: Charizard\n|-damage|p2a: Charizard|46\/100\n|move|p2a: Charizard|Rock Slide|p1a: The Jug\n|-supereffective|p1a: The Jug\n|-damage|p1a: The Jug|67\/100\n|-enditem|p1a: The Jug|Weakness Policy\n|-boost|p1a: The Jug|atk|2|[from] item: Weakness Policy\n|-boost|p1a: The Jug|spa|2|[from] item: Weakness Policy\n|\n|upkeep\n|turn|13\n|\n|t:|1700489481\n|move|p1a: The Jug|Dark Pulse|p2a: Charizard\n|-damage|p2a: Charizard|0 fnt\n|faint|p2a: Charizard\n|\n|upkeep\n|\n|t:|1700489508\n|switch|p2a: Garchomp|Garchomp, M, shiny|100\/100\n|-activate|p2a: Garchomp|move: Sticky Web\n|-unboost|p2a: Garchomp|spe|1\n|turn|14\n|\n|t:|1700489521\n|move|p1a: The Jug|Dark Pulse|p2a: Garchomp\n|-damage|p2a: Garchomp|6\/100\n|move|p2a: Garchomp|Swords Dance|p2a: Garchomp\n|-boost|p2a: Garchomp|atk|2\n|\n|upkeep\n|turn|15\n|\n|t:|1700489535\n|move|p1a: The Jug|Air Slash|p2a: Garchomp\n|-damage|p2a: Garchomp|0 fnt\n|faint|p2a: Garchomp\n|\n|upkeep\n|\n|t:|1700489542\n|switch|p2a: Samurott|Samurott-Hisui, M|100\/100\n|-activate|p2a: Samurott|move: Sticky Web\n|-unboost|p2a: Samurott|spe|1\n|turn|16\n|\n|t:|1700489550\n|move|p1a: The Jug|Charge Beam|p2a: Samurott\n|-supereffective|p2a: Samurott\n|-damage|p2a: Samurott|0 fnt\n|-boost|p1a: The Jug|spa|1\n|faint|p2a: Samurott\n|\n|upkeep\n|\n|t:|1700489556\n|switch|p2a: Lucario|Lucario, M, shiny|100\/100\n|-activate|p2a: Lucario|move: Sticky Web\n|-unboost|p2a: Lucario|spe|1\n|turn|17\n|\n|t:|1700489562\n|move|p1a: The Jug|Air Slash|p2a: Lucario\n|-damage|p2a: Lucario|0 fnt\n|faint|p2a: Lucario\n|\n|upkeep\n|\n|t:|1700489567\n|switch|p2a: Appletun|Appletun, M, shiny|100\/100\n|-activate|p2a: Appletun|move: Sticky Web\n|-unboost|p2a: Appletun|spe|1\n|turn|18\n|\n|t:|1700489574\n|move|p1a: The Jug|Air Slash|p2a: Appletun\n|-supereffective|p2a: Appletun\n|-damage|p2a: Appletun|0 fnt\n|faint|p2a: Appletun\n|\n|win|LG4611\n|raw|LG4611's rating: 1084 &rarr; <strong>1105<\/strong><br \/>(+21 for winning)\n|raw|nevergiveup_5's rating: 1000 &rarr; <strong>1000<\/strong><br \/>(+0 for losing)\n|l|\u2606nevergiveup_5\n","uploadtime":1700489660,"views":10,"p1id":"lg4611","p2id":"nevergiveup5","formatid":"gen9anythinggoes","rating":1000,"private":0,"password":""}