{"id":"gen9anythinggoes-1992108031","p1":"I'm some Guy1234","p2":"TSWElPizzaKing","format":"[Gen 9] Anything Goes","log":"|j|\u2606I'm some Guy1234\n|j|\u2606TSWElPizzaKing\n|t:|1700155752\n|gametype|singles\n|player|p1|I'm some Guy1234|1|1033\n|player|p2|TSWElPizzaKing|lucas|1057\n|teamsize|p1|6\n|teamsize|p2|6\n|gen|9\n|tier|[Gen 9] Anything Goes\n|rated|\n|rule|HP Percentage Mod: HP is shown in percentages\n|rule|Endless Battle Clause: Forcing endless battles is banned\n|clearpoke\n|poke|p1|Jolteon, F|\n|poke|p1|Flareon, M|\n|poke|p1|Espeon, M|\n|poke|p1|Sylveon, M|\n|poke|p1|Umbreon, F|\n|poke|p1|Vaporeon, F|\n|poke|p2|Hypno, F|\n|poke|p2|Espeon, F|\n|poke|p2|Bruxish, F|\n|poke|p2|Chimecho, F|\n|poke|p2|Slowking-Galar, F|\n|poke|p2|Azelf|\n|teampreview\n|c|\u2606I'm some Guy1234|hello\n|\n|t:|1700155758\n|start\n|switch|p1a: Good Flair|Flareon, M|100\/100\n|switch|p2a: Big Creepy|Hypno, F|100\/100\n|turn|1\n|inactive|Battle timer is ON: inactive players will automatically lose when time's up. (requested by TSWElPizzaKing)\n|c|\u2606TSWElPizzaKing|yo\n|\n|t:|1700155764\n|move|p1a: Good Flair|Flamethrower|p2a: Big Creepy\n|-damage|p2a: Big Creepy|77\/100\n|move|p2a: Big Creepy|Reflect|p2a: Big Creepy\n|-sidestart|p2: TSWElPizzaKing|Reflect\n|\n|upkeep\n|turn|2\n|c|\u2606I'm some Guy1234|BIG CRREEEPY\n|\n|t:|1700155771\n|move|p1a: Good Flair|Flamethrower|p2a: Big Creepy\n|-damage|p2a: Big Creepy|54\/100\n|move|p2a: Big Creepy|Light Screen|p2a: Big Creepy\n|-sidestart|p2: TSWElPizzaKing|move: Light Screen\n|\n|upkeep\n|turn|3\n|c|\u2606TSWElPizzaKing|XD\n|c|\u2606I'm some Guy1234|XD\n|\n|t:|1700155791\n|switch|p2a: Let's Kiss|Bruxish, F|100\/100\n|move|p1a: Good Flair|Flamethrower|p2a: Let's Kiss\n|-resisted|p2a: Let's Kiss\n|-damage|p2a: Let's Kiss|85\/100\n|\n|upkeep\n|turn|4\n|\n|t:|1700155806\n|move|p2a: Let's Kiss|Wave Crash|p1a: Good Flair\n|-supereffective|p1a: Good Flair\n|-damage|p1a: Good Flair|0 fnt\n|faint|p1a: Good Flair\n|-damage|p2a: Let's Kiss|53\/100|[from] Recoil\n|\n|upkeep\n|c|\u2606I'm some Guy1234|WHAT\n|\n|t:|1700155814\n|switch|p1a: Not the MEMES|Vaporeon, F|100\/100\n|turn|5\n|c|\u2606TSWElPizzaKing|lol\n|\n|t:|1700155833\n|switch|p2a: Espya|Espeon, F|100\/100\n|move|p1a: Not the MEMES|Charm|p2a: Espya\n|move|p2a: Espya|Charm|p1a: Not the MEMES|[from]ability: Magic Bounce\n|-unboost|p1a: Not the MEMES|atk|2\n|\n|upkeep\n|turn|6\n|c|\u2606I'm some Guy1234|did you know that vaporeon is the most reliable pokemon to have sex with?\n|\n|t:|1700155858\n|move|p2a: Espya|Calm Mind|p2a: Espya\n|-boost|p2a: Espya|spa|1\n|-boost|p2a: Espya|spd|1\n|move|p1a: Not the MEMES|Surf|p2a: Espya\n|-damage|p2a: Espya|82\/100\n|\n|-heal|p2a: Espya|88\/100|[from] item: Leftovers\n|upkeep\n|turn|7\n|\n|t:|1700155872\n|move|p2a: Espya|Calm Mind|p2a: Espya\n|-boost|p2a: Espya|spa|1\n|-boost|p2a: Espya|spd|1\n|move|p1a: Not the MEMES|Ice Beam|p2a: Espya\n|-damage|p2a: Espya|78\/100\n|\n|-heal|p2a: Espya|84\/100|[from] item: Leftovers\n|upkeep\n|turn|8\n|inactive|TSWElPizzaKing has 120 seconds left.\n|c|\u2606I'm some Guy1234|Bro???\n|c|\u2606TSWElPizzaKing|lmao why\n|c|\u2606I'm some Guy1234|idk\n|c|\u2606I'm some Guy1234|do smth\n|inactive|TSWElPizzaKing has 90 seconds left.\n|\n|t:|1700155932\n|switch|p1a: Espy|Espeon, M|100\/100\n|move|p2a: Espya|Calm Mind|p2a: Espya\n|-boost|p2a: Espya|spa|1\n|-boost|p2a: Espya|spd|1\n|\n|-heal|p2a: Espya|89\/100|[from] item: Leftovers\n|-sideend|p2: TSWElPizzaKing|Reflect\n|upkeep\n|turn|9\n|inactive|TSWElPizzaKing has 90 seconds left.\n|c|\u2606I'm some Guy1234|ESPEON FIGHT\n|c|\u2606TSWElPizzaKing|sorry dealing with my dogs for a minute\n|\n|t:|1700155947\n|move|p2a: Espya|Shadow Ball|p1a: Espy\n|-supereffective|p1a: Espy\n|-damage|p1a: Espy|0 fnt\n|faint|p1a: Espy\n|\n|-heal|p2a: Espya|95\/100|[from] item: Leftovers\n|-sideend|p2: TSWElPizzaKing|move: Light Screen\n|upkeep\n|c|\u2606I'm some Guy1234|ohhh\n|\n|t:|1700155957\n|switch|p1a: Jolty|Jolteon, F|100\/100\n|turn|10\n|c|\u2606I'm some Guy1234|not za dog\n|inactive|TSWElPizzaKing has 90 seconds left.\n|\n|t:|1700155974\n|move|p1a: Jolty|Quick Attack|p2a: Espya\n|-damage|p2a: Espya|75\/100\n|move|p2a: Espya|Psychic|p1a: Jolty\n|-damage|p1a: Jolty|0 fnt\n|faint|p1a: Jolty\n|\n|-heal|p2a: Espya|81\/100|[from] item: Leftovers\n|upkeep\n|\n|t:|1700155982\n|switch|p1a: Not the MEMES|Vaporeon, F|100\/100\n|turn|11\n|inactive|TSWElPizzaKing has 90 seconds left.\n|\n|t:|1700156012\n|move|p2a: Espya|Psychic|p1a: Not the MEMES\n|-damage|p1a: Not the MEMES|18\/100\n|move|p1a: Not the MEMES|Charm|p2a: Espya\n|move|p2a: Espya|Charm|p1a: Not the MEMES|[from]ability: Magic Bounce\n|-unboost|p1a: Not the MEMES|atk|2\n|\n|-heal|p2a: Espya|87\/100|[from] item: Leftovers\n|-heal|p1a: Not the MEMES|24\/100|[from] item: Leftovers\n|upkeep\n|turn|12\n|c|\u2606I'm some Guy1234|aw nah bro\n|inactive|TSWElPizzaKing has 60 seconds left.\n|\n|t:|1700156038\n|move|p2a: Espya|Psychic|p1a: Not the MEMES\n|-damage|p1a: Not the MEMES|0 fnt\n|faint|p1a: Not the MEMES\n|\n|-heal|p2a: Espya|93\/100|[from] item: Leftovers\n|upkeep\n|c|\u2606TSWElPizzaKing|:)\n|c|\u2606TSWElPizzaKing|u better find a way to stop espeon\n|inactive|I'm some Guy1234 has 120 seconds left.\n|c|\u2606I'm some Guy1234|jHAHANANA\n|c|\u2606TSWElPizzaKing|or else this about to be a clean sweep\n|c|\u2606I'm some Guy1234|my cats jumped on the keyboard together\n|\n|t:|1700156085\n|switch|p1a: Umbrella|Umbreon, F|100\/100\n|turn|13\n|c|\u2606TSWElPizzaKing|lmao\n|c|\u2606I'm some Guy1234|yeah\n|\n|t:|1700156093\n|-terastallize|p2a: Espya|Fairy\n|move|p2a: Espya|Dazzling Gleam|p1a: Umbrella\n|-supereffective|p1a: Umbrella\n|-damage|p1a: Umbrella|0 fnt\n|faint|p1a: Umbrella\n|\n|-heal|p2a: Espya|99\/100|[from] item: Leftovers\n|upkeep\n|\n|t:|1700156103\n|switch|p1a: Sylvia|Sylveon, M|100\/100\n|turn|14\n|c|\u2606I'm some Guy1234|SYLVY!!!!\n|c|\u2606TSWElPizzaKing|pets. we love 'em but man can they be a handful\n|c|\u2606TSWElPizzaKing|im calling it now; gg\n|\n|t:|1700156122\n|move|p2a: Espya|Calm Mind|p2a: Espya\n|-boost|p2a: Espya|spa|1\n|-boost|p2a: Espya|spd|1\n|move|p1a: Sylvia|Draining Kiss|p2a: Espya\n|-damage|p2a: Espya|88\/100\n|\n|-heal|p2a: Espya|94\/100|[from] item: Leftovers\n|upkeep\n|turn|15\n|\n|t:|1700156131\n|move|p2a: Espya|Calm Mind|p2a: Espya\n|-boost|p2a: Espya|spa|1\n|-boost|p2a: Espya|spd|1\n|move|p1a: Sylvia|Draining Kiss|p2a: Espya\n|-damage|p2a: Espya|84\/100\n|\n|-heal|p2a: Espya|90\/100|[from] item: Leftovers\n|upkeep\n|turn|16\n|c|\u2606TSWElPizzaKing|espya vs sylvia\n|\n|t:|1700156145\n|move|p2a: Espya|Calm Mind|p2a: Espya\n|-boost|p2a: Espya|spa|1\n|-boost|p2a: Espya|spd|1\n|move|p1a: Sylvia|Psychic|p2a: Espya\n|-damage|p2a: Espya|80\/100\n|\n|-heal|p2a: Espya|86\/100|[from] item: Leftovers\n|upkeep\n|turn|17\n|c|\u2606TSWElPizzaKing|gg\n|\n|t:|1700156153\n|move|p2a: Espya|Psychic|p1a: Sylvia\n|-damage|p1a: Sylvia|0 fnt\n|faint|p1a: Sylvia\n|\n|win|TSWElPizzaKing\n|raw|I&apos;m some Guy1234's rating: 1033 &rarr; <strong>1019<\/strong><br \/>(-14 for losing)\n|raw|TSWElPizzaKing's rating: 1057 &rarr; <strong>1086<\/strong><br \/>(+29 for winning)\n|l|\u2606TSWElPizzaKing\n|c|\u2606I'm some Guy1234|gg\n","uploadtime":1700156166,"views":4,"p1id":"imsomeguy1234","p2id":"tswelpizzaking","formatid":"gen9anythinggoes","rating":1019,"private":0,"password":""}