{"id":"gen9anythinggoes-1986542034","p1":"bozo720","p2":"MixamXCV","format":"[Gen 9] Anything Goes","log":"|j|\u2606bozo720\n|j|\u203dMixamXCV\n|t:|1699489984\n|gametype|singles\n|player|p1|bozo720|dawn|\n|player|p2|MixamXCV|lyra|\n|teamsize|p1|6\n|teamsize|p2|6\n|gen|9\n|tier|[Gen 9] Anything Goes\n|rule|HP Percentage Mod: HP is shown in percentages\n|rule|Endless Battle Clause: Forcing endless battles is banned\n|clearpoke\n|poke|p1|Dragalge, M|\n|poke|p1|Great Tusk|\n|poke|p1|Snorlax, M|\n|poke|p1|Torkoal, F|\n|poke|p1|Garganacl, M|\n|poke|p1|Gengar, F|\n|poke|p2|Regidrago|\n|poke|p2|Iron Bundle|\n|poke|p2|Gholdengo|\n|poke|p2|Crocalor, F|\n|poke|p2|Articuno-Galar|\n|poke|p2|Indeedee-F, F|\n|teampreview\n|\n|t:|1699490028\n|start\n|switch|p1a: Torkoal|Torkoal, F|100\/100\n|switch|p2a: Regidrago|Regidrago|100\/100\n|-weather|SunnyDay|[from] ability: Drought|[of] p1a: Torkoal\n|turn|1\n|\n|t:|1699490046\n|move|p2a: Regidrago|Dragon Energy|p1a: Torkoal\n|-damage|p1a: Torkoal|0 fnt\n|faint|p1a: Torkoal\n|\n|-weather|SunnyDay|[upkeep]\n|upkeep\n|\n|t:|1699490051\n|switch|p1a: Dragalge|Dragalge, M|100\/100\n|turn|2\n|\n|t:|1699490077\n|switch|p2a: Gholdengo|Gholdengo|100\/100\n|-terastallize|p1a: Dragalge|Fairy\n|move|p1a: Dragalge|Play Rough|p2a: Gholdengo\n|-resisted|p2a: Gholdengo\n|-damage|p2a: Gholdengo|79\/100\n|-damage|p1a: Dragalge|91\/100|[from] item: Life Orb\n|\n|-weather|SunnyDay|[upkeep]\n|upkeep\n|turn|3\n|\n|t:|1699490135\n|switch|p1a: Snorlax|Snorlax, M|100\/100\n|move|p2a: Gholdengo|Make It Rain|p1a: Snorlax\n|-damage|p1a: Snorlax|61\/100\n|-unboost|p2a: Gholdengo|spa|1\n|\n|-weather|SunnyDay|[upkeep]\n|-heal|p1a: Snorlax|67\/100|[from] item: Leftovers\n|upkeep\n|turn|4\n|\n|t:|1699490171\n|switch|p2a: Crocalor|Crocalor, F, shiny|100\/100\n|move|p1a: Snorlax|Earthquake|p2a: Crocalor\n|-supereffective|p2a: Crocalor\n|-damage|p2a: Crocalor|62\/100\n|\n|-weather|SunnyDay|[upkeep]\n|-heal|p1a: Snorlax|74\/100|[from] item: Leftovers\n|upkeep\n|turn|5\n|\n|t:|1699490228\n|move|p1a: Snorlax|Earthquake|p2a: Crocalor\n|-supereffective|p2a: Crocalor\n|-damage|p2a: Crocalor|28\/100\n|move|p2a: Crocalor|Will-O-Wisp|p1a: Snorlax\n|-status|p1a: Snorlax|brn\n|\n|-weather|SunnyDay|[upkeep]\n|-heal|p1a: Snorlax|80\/100 brn|[from] item: Leftovers\n|-damage|p1a: Snorlax|74\/100 brn|[from] brn\n|upkeep\n|turn|6\n|\n|t:|1699490242\n|move|p1a: Snorlax|Earthquake|p2a: Crocalor\n|-supereffective|p2a: Crocalor\n|-damage|p2a: Crocalor|9\/100\n|move|p2a: Crocalor|Flamethrower|p1a: Snorlax\n|-damage|p1a: Snorlax|61\/100 brn\n|\n|-weather|SunnyDay|[upkeep]\n|-heal|p1a: Snorlax|67\/100 brn|[from] item: Leftovers\n|-damage|p1a: Snorlax|61\/100 brn|[from] brn\n|upkeep\n|turn|7\n|\n|t:|1699490251\n|move|p1a: Snorlax|Earthquake|p2a: Crocalor\n|-supereffective|p2a: Crocalor\n|-damage|p2a: Crocalor|0 fnt\n|faint|p2a: Crocalor\n|\n|-weather|SunnyDay|[upkeep]\n|-heal|p1a: Snorlax|67\/100 brn|[from] item: Leftovers\n|-damage|p1a: Snorlax|61\/100 brn|[from] brn\n|upkeep\n|\n|t:|1699490262\n|switch|p2a: Articuno|Articuno-Galar, shiny|100\/100\n|turn|8\n|\n|t:|1699490279\n|move|p2a: Articuno|Calm Mind|p2a: Articuno\n|-boost|p2a: Articuno|spa|1\n|-boost|p2a: Articuno|spd|1\n|move|p1a: Snorlax|Crunch|p2a: Articuno\n|-supereffective|p2a: Articuno\n|-damage|p2a: Articuno|69\/100\n|\n|-weather|none\n|-heal|p2a: Articuno|75\/100|[from] item: Leftovers\n|-heal|p1a: Snorlax|67\/100 brn|[from] item: Leftovers\n|-damage|p1a: Snorlax|61\/100 brn|[from] brn\n|upkeep\n|turn|9\n|\n|t:|1699490323\n|-terastallize|p2a: Articuno|Fighting\n|move|p2a: Articuno|Calm Mind|p2a: Articuno\n|-boost|p2a: Articuno|spa|1\n|-boost|p2a: Articuno|spd|1\n|move|p1a: Snorlax|Crunch|p2a: Articuno\n|-resisted|p2a: Articuno\n|-damage|p2a: Articuno|67\/100\n|\n|-heal|p2a: Articuno|74\/100|[from] item: Leftovers\n|-heal|p1a: Snorlax|67\/100 brn|[from] item: Leftovers\n|-damage|p1a: Snorlax|61\/100 brn|[from] brn\n|upkeep\n|turn|10\n|\n|t:|1699490386\n|switch|p1a: Gengar|Gengar, F|100\/100\n|move|p2a: Articuno|Tera Blast|p1a: Gengar|[anim] Tera Blast Fighting\n|-immune|p1a: Gengar\n|\n|-heal|p2a: Articuno|80\/100|[from] item: Leftovers\n|upkeep\n|turn|11\n|\n|t:|1699490409\n|move|p1a: Gengar|Dazzling Gleam|p2a: Articuno\n|-supereffective|p2a: Articuno\n|-damage|p2a: Articuno|48\/100\n|move|p2a: Articuno|Freezing Glare|p1a: Gengar\n|-supereffective|p1a: Gengar\n|-damage|p1a: Gengar|0 fnt\n|faint|p1a: Gengar\n|\n|-heal|p2a: Articuno|54\/100|[from] item: Leftovers\n|upkeep\n|\n|t:|1699490432\n|switch|p1a: Great Tusk|Great Tusk|100\/100\n|turn|12\n|\n|t:|1699490459\n|move|p2a: Articuno|Freezing Glare|p1a: Great Tusk\n|-supereffective|p1a: Great Tusk\n|-damage|p1a: Great Tusk|0 fnt\n|faint|p1a: Great Tusk\n|-end|p1a: Great Tusk|Protosynthesis|[silent]\n|\n|-heal|p2a: Articuno|61\/100|[from] item: Leftovers\n|upkeep\n|\n|t:|1699490466\n|switch|p1a: Dragalge|Dragalge, M, tera:Fairy|91\/100\n|turn|13\n|\n|t:|1699490470\n|switch|p2a: Gholdengo|Gholdengo|79\/100\n|move|p1a: Dragalge|Play Rough|p2a: Gholdengo\n|-resisted|p2a: Gholdengo\n|-damage|p2a: Gholdengo|59\/100\n|-damage|p1a: Dragalge|81\/100|[from] item: Life Orb\n|\n|upkeep\n|turn|14\n|\n|t:|1699490503\n|switch|p1a: Garganacl|Garganacl, M|100\/100\n|move|p2a: Gholdengo|Make It Rain|p1a: Garganacl\n|-supereffective|p1a: Garganacl\n|-damage|p1a: Garganacl|0 fnt\n|-unboost|p2a: Gholdengo|spa|1\n|faint|p1a: Garganacl\n|\n|upkeep\n|\n|t:|1699490513\n|switch|p1a: Snorlax|Snorlax, M|61\/100 brn\n|turn|15\n|\n|t:|1699490588\n|switch|p2a: Articuno|Articuno-Galar, shiny, tera:Fighting|61\/100\n|move|p1a: Snorlax|Earthquake|p2a: Articuno\n|-damage|p2a: Articuno|40\/100\n|\n|-heal|p2a: Articuno|47\/100|[from] item: Leftovers\n|-heal|p1a: Snorlax|67\/100 brn|[from] item: Leftovers\n|-damage|p1a: Snorlax|61\/100 brn|[from] brn\n|upkeep\n|turn|16\n|\n|t:|1699490603\n|move|p2a: Articuno|Recover|p2a: Articuno\n|-heal|p2a: Articuno|97\/100\n|move|p1a: Snorlax|Counter||[still]\n|-fail|p1a: Snorlax\n|\n|-heal|p2a: Articuno|100\/100|[from] item: Leftovers\n|-heal|p1a: Snorlax|67\/100 brn|[from] item: Leftovers\n|-damage|p1a: Snorlax|61\/100 brn|[from] brn\n|upkeep\n|turn|17\n|\n|t:|1699490615\n|move|p2a: Articuno|Calm Mind|p2a: Articuno\n|-boost|p2a: Articuno|spa|1\n|-boost|p2a: Articuno|spd|1\n|move|p1a: Snorlax|Counter||[still]\n|-fail|p1a: Snorlax\n|\n|-heal|p1a: Snorlax|67\/100 brn|[from] item: Leftovers\n|-damage|p1a: Snorlax|61\/100 brn|[from] brn\n|upkeep\n|turn|18\n|\n|t:|1699490625\n|move|p2a: Articuno|Calm Mind|p2a: Articuno\n|-boost|p2a: Articuno|spa|1\n|-boost|p2a: Articuno|spd|1\n|move|p1a: Snorlax|Counter||[still]\n|-fail|p1a: Snorlax\n|\n|-heal|p1a: Snorlax|67\/100 brn|[from] item: Leftovers\n|-damage|p1a: Snorlax|61\/100 brn|[from] brn\n|upkeep\n|turn|19\n|\n|t:|1699490641\n|move|p2a: Articuno|Calm Mind|p2a: Articuno\n|-boost|p2a: Articuno|spa|1\n|-boost|p2a: Articuno|spd|1\n|move|p1a: Snorlax|Counter||[still]\n|-fail|p1a: Snorlax\n|\n|-heal|p1a: Snorlax|67\/100 brn|[from] item: Leftovers\n|-damage|p1a: Snorlax|61\/100 brn|[from] brn\n|upkeep\n|turn|20\n|\n|t:|1699490652\n|move|p2a: Articuno|Calm Mind|p2a: Articuno\n|-boost|p2a: Articuno|spa|1\n|-boost|p2a: Articuno|spd|1\n|move|p1a: Snorlax|Counter||[still]\n|-fail|p1a: Snorlax\n|\n|-heal|p1a: Snorlax|67\/100 brn|[from] item: Leftovers\n|-damage|p1a: Snorlax|61\/100 brn|[from] brn\n|upkeep\n|turn|21\n|\n|t:|1699490664\n|move|p2a: Articuno|Calm Mind|p2a: Articuno\n|-boost|p2a: Articuno|spa|1\n|-boost|p2a: Articuno|spd|1\n|move|p1a: Snorlax|Counter||[still]\n|-fail|p1a: Snorlax\n|\n|-heal|p1a: Snorlax|67\/100 brn|[from] item: Leftovers\n|-damage|p1a: Snorlax|61\/100 brn|[from] brn\n|upkeep\n|turn|22\n|\n|t:|1699490682\n|move|p2a: Articuno|Calm Mind|p2a: Articuno\n|-boost|p2a: Articuno|spa|1\n|-boost|p2a: Articuno|spd|1\n|move|p1a: Snorlax|Counter||[still]\n|-fail|p1a: Snorlax\n|\n|-heal|p1a: Snorlax|67\/100 brn|[from] item: Leftovers\n|-damage|p1a: Snorlax|61\/100 brn|[from] brn\n|upkeep\n|turn|23\n|\n|t:|1699490692\n|move|p2a: Articuno|Tera Blast|p1a: Snorlax|[anim] Tera Blast Fighting\n|-supereffective|p1a: Snorlax\n|-damage|p1a: Snorlax|0 fnt\n|faint|p1a: Snorlax\n|\n|upkeep\n|\n|t:|1699490697\n|switch|p1a: Dragalge|Dragalge, M, tera:Fairy|81\/100\n|turn|24\n|\n|t:|1699490701\n|move|p2a: Articuno|Freezing Glare|p1a: Dragalge\n|-damage|p1a: Dragalge|0 fnt\n|faint|p1a: Dragalge\n|\n|win|MixamXCV\n|c|\u2606bozo720|gg\n|l|\u2606bozo720\n|n|\u2606MixamXCV|mixamxcv\n|player|p2|MixamXCV|lyra\n|c|\u2606MixamXCV|gg\n","uploadtime":1699490849,"views":14,"p1id":"bozo720","p2id":"mixamxcv","formatid":"gen9anythinggoes","rating":0,"private":0,"password":""}