{"id":"gen9anythinggoes-1978055958","p1":"leftovers123456","p2":"hoenn militian","format":"[Gen 9] Anything Goes","log":"|j|\u2606leftovers123456\n|j|\u203dhoenn militian\n|t:|1698492382\n|gametype|singles\n|player|p1|leftovers123456|1|1458\n|player|p2|hoenn militian|2|1753\n|teamsize|p1|6\n|teamsize|p2|6\n|gen|9\n|tier|[Gen 9] Anything Goes\n|rated|\n|rule|HP Percentage Mod: HP is shown in percentages\n|rule|Endless Battle Clause: Forcing endless battles is banned\n|clearpoke\n|poke|p1|Annihilape, F|\n|poke|p1|Kyogre|\n|poke|p1|Zacian-*|\n|poke|p1|Arceus|\n|poke|p1|Ribombee, M|\n|poke|p1|Miraidon|\n|poke|p2|Miraidon|\n|poke|p2|Grimmsnarl, M|\n|poke|p2|Skeledirge, F|\n|poke|p2|Blissey, F|\n|poke|p2|Azumarill, M|\n|poke|p2|Calyrex-Ice|\n|teampreview\n|\n|t:|1698492398\n|start\n|switch|p1a: Ribombee|Ribombee, M|100\/100\n|switch|p2a: Miraidon|Miraidon|100\/100\n|-fieldstart|move: Electric Terrain|[from] ability: Hadron Engine|[of] p2a: Miraidon\n|turn|1\n|\n|t:|1698492413\n|switch|p1a: Miraidon|Miraidon|100\/100\n|-activate|p1a: Miraidon|ability: Hadron Engine\n|move|p2a: Miraidon|Electro Drift|p1a: Miraidon\n|-resisted|p1a: Miraidon\n|-damage|p1a: Miraidon|80\/100\n|\n|upkeep\n|turn|2\n|\n|t:|1698492424\n|move|p2a: Miraidon|Protect|p2a: Miraidon\n|-singleturn|p2a: Miraidon|Protect\n|move|p1a: Miraidon|Dragon Pulse|p2a: Miraidon\n|-activate|p2a: Miraidon|move: Protect\n|\n|upkeep\n|turn|3\n|\n|t:|1698492431\n|switch|p2a: Grimmsnarl|Grimmsnarl, M|100\/100\n|move|p1a: Miraidon|Dragon Pulse|p2a: Grimmsnarl\n|-immune|p2a: Grimmsnarl\n|\n|upkeep\n|turn|4\n|\n|t:|1698492438\n|move|p1a: Miraidon|Electro Drift|p2a: Grimmsnarl\n|-damage|p2a: Grimmsnarl|7\/100\n|-damage|p1a: Miraidon|70\/100|[from] item: Life Orb\n|move|p2a: Grimmsnarl|Spirit Break|p1a: Miraidon\n|-supereffective|p1a: Miraidon\n|-damage|p1a: Miraidon|13\/100\n|-unboost|p1a: Miraidon|spa|1\n|\n|upkeep\n|turn|5\n|\n|t:|1698492449\n|move|p2a: Grimmsnarl|Sucker Punch|p1a: Miraidon\n|-damage|p1a: Miraidon|0 fnt\n|faint|p1a: Miraidon\n|\n|-fieldend|move: Electric Terrain\n|upkeep\n|\n|t:|1698492458\n|switch|p1a: Ribombee|Ribombee, M|100\/100\n|turn|6\n|\n|t:|1698492463\n|move|p2a: Grimmsnarl|Parting Shot|p1a: Ribombee\n|-unboost|p1a: Ribombee|atk|1\n|-unboost|p1a: Ribombee|spa|1\n|\n|t:|1698492472\n|switch|p2a: Miraidon|Miraidon|100\/100|[from] Parting Shot\n|-fieldstart|move: Electric Terrain|[from] ability: Hadron Engine|[of] p2a: Miraidon\n|move|p1a: Ribombee|Sticky Web|p2a: Miraidon\n|-sidestart|p2: hoenn militian|move: Sticky Web\n|\n|upkeep\n|turn|7\n|\n|t:|1698492489\n|switch|p1a: Arceus|Arceus|100\/100\n|move|p2a: Miraidon|Electro Drift|p1a: Arceus\n|-damage|p1a: Arceus|38\/100\n|\n|-heal|p1a: Arceus|44\/100|[from] item: Leftovers\n|upkeep\n|turn|8\n|\n|t:|1698492502\n|-terastallize|p1a: Arceus|Ground\n|move|p2a: Miraidon|Electro Drift|p1a: Arceus\n|-immune|p1a: Arceus\n|move|p1a: Arceus|Earthquake|p2a: Miraidon\n|-supereffective|p2a: Miraidon\n|-damage|p2a: Miraidon|26\/100\n|\n|-heal|p1a: Arceus|50\/100|[from] item: Leftovers\n|upkeep\n|turn|9\n|\n|t:|1698492515\n|switch|p2a: Calyrex|Calyrex-Ice|100\/100\n|-ability|p2a: Calyrex|As One\n|-ability|p2a: Calyrex|Unnerve\n|move|p1a: Arceus|Extreme Speed|p2a: Calyrex\n|-damage|p2a: Calyrex|81\/100\n|\n|-heal|p1a: Arceus|57\/100|[from] item: Leftovers\n|upkeep\n|turn|10\n|\n|t:|1698492526\n|move|p1a: Arceus|Earthquake|p2a: Calyrex\n|-damage|p2a: Calyrex|59\/100\n|move|p2a: Calyrex|Glacial Lance|p1a: Arceus\n|-supereffective|p1a: Arceus\n|-damage|p1a: Arceus|0 fnt\n|faint|p1a: Arceus\n|-ability|p2a: Calyrex|Chilling Neigh|boost\n|-boost|p2a: Calyrex|atk|1\n|\n|-fieldend|move: Electric Terrain\n|upkeep\n|\n|t:|1698492543\n|switch|p1a: Annihilape|Annihilape, F|100\/100\n|turn|11\n|\n|t:|1698492555\n|-terastallize|p2a: Calyrex|Ground\n|move|p1a: Annihilape|Drain Punch|p2a: Calyrex\n|-damage|p2a: Calyrex|33\/100\n|move|p2a: Calyrex|Glacial Lance|p1a: Annihilape\n|-damage|p1a: Annihilape|0 fnt\n|faint|p1a: Annihilape\n|-ability|p2a: Calyrex|Chilling Neigh|boost\n|-boost|p2a: Calyrex|atk|1\n|\n|upkeep\n|\n|t:|1698492566\n|switch|p1a: Kyogre|Kyogre|100\/100\n|-weather|RainDance|[from] ability: Drizzle|[of] p1a: Kyogre\n|turn|12\n|\n|t:|1698492574\n|switch|p2a: Blissey|Blissey, F|100\/100\n|move|p1a: Kyogre|Water Spout|p2a: Blissey\n|-damage|p2a: Blissey|65\/100\n|\n|-weather|RainDance|[upkeep]\n|upkeep\n|turn|13\n|\n|t:|1698492586\n|switch|p1a: Zacian|Zacian-Crowned|100\/100\n|-ability|p1a: Zacian|Intrepid Sword|boost\n|-boost|p1a: Zacian|atk|1\n|move|p2a: Blissey|Soft-Boiled|p2a: Blissey\n|-heal|p2a: Blissey|100\/100\n|\n|-weather|RainDance|[upkeep]\n|upkeep\n|turn|14\n|inactive|Battle timer is ON: inactive players will automatically lose when time's up. (requested by leftovers123456)\n|\n|t:|1698492596\n|switch|p2a: Skeledirge|Skeledirge, F|100\/100\n|move|p1a: Zacian|Swords Dance|p1a: Zacian\n|-boost|p1a: Zacian|atk|2\n|\n|-weather|RainDance|[upkeep]\n|upkeep\n|turn|15\n|\n|t:|1698492604\n|move|p1a: Zacian|Behemoth Blade|p2a: Skeledirge\n|-resisted|p2a: Skeledirge\n|-damage|p2a: Skeledirge|84\/100\n|move|p2a: Skeledirge|Torch Song|p1a: Zacian\n|-supereffective|p1a: Zacian\n|-damage|p1a: Zacian|74\/100\n|-boost|p2a: Skeledirge|spa|1\n|\n|-weather|RainDance|[upkeep]\n|upkeep\n|turn|16\n|-message|leftovers123456 forfeited.\n|\n|win|hoenn militian\n|raw|leftovers123456's rating: 1458 &rarr; <strong>1452<\/strong><br \/>(-6 for losing)\n|raw|hoenn militian's rating: 1753 &rarr; <strong>1759<\/strong><br \/>(+6 for winning)\n|l|\u2606leftovers123456\n","uploadtime":1698492630,"views":14,"p1id":"leftovers123456","p2id":"hoennmilitian","formatid":"gen9anythinggoes","rating":1452,"private":0,"password":""}