{"id":"gen9anythinggoes-1974970127","p1":"pere47","p2":"Hzozv","format":"[Gen 9] Anything Goes","log":"|j|\u2606pere47\n|j|\u2606Hzozv\n|t:|1698150717\n|gametype|singles\n|player|p1|pere47|265|1582\n|player|p2|Hzozv|lusamine-nihilego|1513\n|teamsize|p1|6\n|teamsize|p2|6\n|gen|9\n|tier|[Gen 9] Anything Goes\n|rated|\n|rule|HP Percentage Mod: HP is shown in percentages\n|rule|Endless Battle Clause: Forcing endless battles is banned\n|clearpoke\n|poke|p1|Regieleki|\n|poke|p1|Toxapex, M|\n|poke|p1|Corviknight, M|\n|poke|p1|Chansey, F|\n|poke|p1|Sinistcha-Masterpiece|\n|poke|p1|Koraidon|\n|poke|p2|Tatsugiri-Droopy, F|\n|poke|p2|Espeon, F|\n|poke|p2|Clefable, M|\n|poke|p2|Drifblim, M|\n|poke|p2|Krookodile, M|\n|poke|p2|Ditto|\n|teampreview\n|inactive|Battle timer is ON: inactive players will automatically lose when time's up. (requested by Hzozv)\n|\n|t:|1698150724\n|start\n|switch|p1a: Regieleki|Regieleki|100\/100\n|switch|p2a: Drifblim|Drifblim, M|100\/100\n|turn|1\n|\n|t:|1698150730\n|-terastallize|p2a: Drifblim|Dragon\n|move|p1a: Regieleki|Volt Switch|p2a: Drifblim\n|-resisted|p2a: Drifblim\n|-damage|p2a: Drifblim|78\/100\n|\n|t:|1698150735\n|switch|p1a: Koraidon|Koraidon|100\/100|[from] Volt Switch\n|-weather|SunnyDay|[from] ability: Orichalcum Pulse|[of] p1a: Koraidon\n|-activate|p1a: Koraidon|Orichalcum Pulse|[source]\n|move|p2a: Drifblim|Substitute|p2a: Drifblim\n|-start|p2a: Drifblim|Substitute\n|-damage|p2a: Drifblim|53\/100\n|\n|-weather|SunnyDay|[upkeep]\n|upkeep\n|turn|2\n|\n|t:|1698150744\n|move|p1a: Koraidon|Scale Shot|p2a: Drifblim|[miss]\n|-miss|p1a: Koraidon|p2a: Drifblim\n|move|p2a: Drifblim|Substitute|p2a: Drifblim\n|-fail|p2a: Drifblim|move: Substitute\n|\n|-weather|SunnyDay|[upkeep]\n|upkeep\n|turn|3\n|\n|t:|1698150750\n|move|p1a: Koraidon|Scale Shot|p2a: Drifblim\n|-supereffective|p2a: Drifblim\n|-end|p2a: Drifblim|Substitute\n|-supereffective|p2a: Drifblim\n|-damage|p2a: Drifblim|20\/100\n|-enditem|p2a: Drifblim|Sitrus Berry|[eat]\n|-heal|p2a: Drifblim|45\/100|[from] item: Sitrus Berry\n|-supereffective|p2a: Drifblim\n|-damage|p2a: Drifblim|11\/100\n|-hitcount|p2a: Drifblim|3\n|-unboost|p1a: Koraidon|def|1\n|-boost|p1a: Koraidon|spe|1\n|move|p2a: Drifblim|Strength Sap|p1a: Koraidon\n|-unboost|p1a: Koraidon|atk|1\n|-heal|p2a: Drifblim|91\/100\n|\n|-weather|SunnyDay|[upkeep]\n|upkeep\n|turn|4\n|\n|t:|1698150765\n|move|p1a: Koraidon|Scale Shot|p2a: Drifblim\n|-supereffective|p2a: Drifblim\n|-damage|p2a: Drifblim|68\/100\n|-supereffective|p2a: Drifblim\n|-damage|p2a: Drifblim|44\/100\n|-supereffective|p2a: Drifblim\n|-damage|p2a: Drifblim|21\/100\n|-hitcount|p2a: Drifblim|3\n|-unboost|p1a: Koraidon|def|1\n|-boost|p1a: Koraidon|spe|1\n|move|p2a: Drifblim|Minimize|p2a: Drifblim\n|-boost|p2a: Drifblim|evasion|2\n|\n|-weather|SunnyDay|[upkeep]\n|upkeep\n|turn|5\n|\n|t:|1698150776\n|move|p1a: Koraidon|Scale Shot|p2a: Drifblim|[miss]\n|-miss|p1a: Koraidon|p2a: Drifblim\n|move|p2a: Drifblim|Baton Pass|p2a: Drifblim\n|\n|t:|1698150785\n|switch|p2a: Clefable|Clefable, M|100\/100|[from] Baton Pass\n|\n|-weather|none\n|upkeep\n|turn|6\n|\n|t:|1698150797\n|switch|p1a: Chansey|Chansey, F|100\/100\n|move|p2a: Clefable|Cosmic Power|p2a: Clefable\n|-boost|p2a: Clefable|def|1\n|-boost|p2a: Clefable|spd|1\n|\n|upkeep\n|turn|7\n|\n|t:|1698150806\n|move|p2a: Clefable|Stealth Rock|p1a: Chansey\n|-sidestart|p1: pere47|move: Stealth Rock\n|move|p1a: Chansey|Thunder Wave|p2a: Clefable|[miss]\n|-miss|p1a: Chansey|p2a: Clefable\n|\n|upkeep\n|turn|8\n|\n|t:|1698150812\n|switch|p1a: Toxapex|Toxapex, M|100\/100\n|-damage|p1a: Toxapex|88\/100|[from] Stealth Rock\n|move|p2a: Clefable|Wish|p2a: Clefable\n|\n|-heal|p1a: Toxapex|94\/100|[from] item: Black Sludge\n|upkeep\n|turn|9\n|\n|t:|1698150822\n|move|p2a: Clefable|Baton Pass|p2a: Clefable\n|\n|t:|1698150824\n|switch|p2a: Drifblim|Drifblim, M, tera:Dragon|21\/100|[from] Baton Pass\n|move|p1a: Toxapex|Toxic Spikes|p2a: Drifblim\n|-sidestart|p2: Hzozv|move: Toxic Spikes\n|\n|-heal|p2a: Drifblim|60\/100|[from] move: Wish|[wisher] Clefable\n|-heal|p1a: Toxapex|100\/100|[from] item: Black Sludge\n|upkeep\n|turn|10\n|\n|t:|1698150837\n|move|p2a: Drifblim|Substitute|p2a: Drifblim\n|-start|p2a: Drifblim|Substitute\n|-damage|p2a: Drifblim|36\/100\n|move|p1a: Toxapex|Toxic Spikes|p2a: Drifblim\n|-sidestart|p2: Hzozv|move: Toxic Spikes\n|\n|upkeep\n|turn|11\n|\n|t:|1698150845\n|switch|p1a: Koraidon|Koraidon|100\/100\n|-damage|p1a: Koraidon|94\/100|[from] Stealth Rock\n|-weather|SunnyDay|[from] ability: Orichalcum Pulse|[of] p1a: Koraidon\n|-activate|p1a: Koraidon|Orichalcum Pulse|[source]\n|move|p2a: Drifblim|Minimize|p2a: Drifblim\n|-boost|p2a: Drifblim|evasion|2\n|\n|-weather|SunnyDay|[upkeep]\n|-heal|p1a: Koraidon|100\/100|[from] item: Leftovers\n|upkeep\n|turn|12\n|\n|t:|1698150855\n|move|p1a: Koraidon|Scale Shot|p2a: Drifblim|[miss]\n|-miss|p1a: Koraidon|p2a: Drifblim\n|move|p2a: Drifblim|Baton Pass|p2a: Drifblim\n|\n|t:|1698150866\n|switch|p2a: Clefable|Clefable, M|100\/100|[from] Baton Pass\n|-status|p2a: Clefable|tox\n|\n|-weather|SunnyDay|[upkeep]\n|upkeep\n|turn|13\n|\n|t:|1698150883\n|switch|p1a: Chansey|Chansey, F|100\/100\n|-damage|p1a: Chansey|88\/100|[from] Stealth Rock\n|move|p2a: Clefable|Baton Pass|p2a: Clefable\n|\n|t:|1698150891\n|switch|p2a: Tatsugiri|Tatsugiri-Droopy, F|100\/100|[from] Baton Pass\n|-status|p2a: Tatsugiri|tox\n|\n|-weather|SunnyDay|[upkeep]\n|-damage|p2a: Tatsugiri|94\/100 tox|[from] psn\n|upkeep\n|turn|14\n|c|\u2606pere47|!dt tatsugiri\n|raw|<div class=\"message\"><ul class=\"utilichart\"><li class=\"result\"><span class=\"col numcol\">NU<\/span> <span class=\"col iconcol\"><psicon pokemon=\"tatsugiri\"\/><\/span> <span class=\"col pokemonnamecol\" style=\"white-space:nowrap\"><a href=\"https:\/\/dex.pokemonshowdown.com\/pokemon\/tatsugiri\" target=\"_blank\">Tatsugiri<\/a><\/span> <span class=\"col typecol\"><img src=\"https:\/\/play.pokemonshowdown.com\/sprites\/types\/Dragon.png\" alt=\"Dragon\" height=\"14\" width=\"32\"><img src=\"https:\/\/play.pokemonshowdown.com\/sprites\/types\/Water.png\" alt=\"Water\" height=\"14\" width=\"32\"><\/span> <span style=\"float:left;min-height:26px\"><span class=\"col abilitycol\">Commander<\/span><span class=\"col abilitycol\"><em>Storm Drain<\/em><\/span><\/span><span style=\"float:left;min-height:26px\"><span class=\"col statcol\"><em>HP<\/em><br \/>68<\/span> <span class=\"col statcol\"><em>Atk<\/em><br \/>50<\/span> <span class=\"col statcol\"><em>Def<\/em><br \/>60<\/span> <span class=\"col statcol\"><em>SpA<\/em><br \/>120<\/span> <span class=\"col statcol\"><em>SpD<\/em><br \/>95<\/span> <span class=\"col statcol\"><em>Spe<\/em><br \/>82<\/span> <span class=\"col bstcol\"><em>BST<br \/>475<\/em><\/span> <\/span><\/li><li style=\"clear:both\"><\/li><\/ul><\/div>\n|raw|<font size=\"1\"><font color=\"#686868\">Dex#:<\/font> 978&nbsp;|&ThickSpace;<font color=\"#686868\">Gen:<\/font> 9&nbsp;|&ThickSpace;<font color=\"#686868\">Height:<\/font> 0.3 m&nbsp;|&ThickSpace;<font color=\"#686868\">Weight:<\/font> 8 kg <em>(20 BP)<\/em>&nbsp;|&ThickSpace;<font color=\"#686868\">Dex Colour:<\/font> Pink&nbsp;|&ThickSpace;<font color=\"#686868\">Egg Group(s):<\/font> Water 2&nbsp;|&ThickSpace;<font color=\"#686868\">Does Not Evolve<\/font><\/font>\n\n|\n|t:|1698150915\n|move|p2a: Tatsugiri|Dragon Dance|p2a: Tatsugiri\n|-boost|p2a: Tatsugiri|atk|1\n|-boost|p2a: Tatsugiri|spe|1\n|move|p1a: Chansey|Calm Mind|p1a: Chansey\n|-boost|p1a: Chansey|spa|1\n|-boost|p1a: Chansey|spd|1\n|\n|-weather|SunnyDay|[upkeep]\n|-heal|p2a: Tatsugiri|100\/100 tox|[from] item: Leftovers\n|-damage|p2a: Tatsugiri|88\/100 tox|[from] psn\n|upkeep\n|turn|15\n|\n|t:|1698150925\n|move|p2a: Tatsugiri|Dragon Dance|p2a: Tatsugiri\n|-boost|p2a: Tatsugiri|atk|1\n|-boost|p2a: Tatsugiri|spe|1\n|move|p1a: Chansey|Calm Mind|p1a: Chansey\n|-boost|p1a: Chansey|spa|1\n|-boost|p1a: Chansey|spd|1\n|\n|-weather|none\n|-heal|p2a: Tatsugiri|94\/100 tox|[from] item: Leftovers\n|-damage|p2a: Tatsugiri|76\/100 tox|[from] psn\n|upkeep\n|turn|16\n|\n|t:|1698150941\n|switch|p1a: Corviknight|Corviknight, M|100\/100\n|-damage|p1a: Corviknight|88\/100|[from] Stealth Rock\n|move|p2a: Tatsugiri|Dragon Dance|p2a: Tatsugiri\n|-boost|p2a: Tatsugiri|atk|1\n|-boost|p2a: Tatsugiri|spe|1\n|\n|-heal|p2a: Tatsugiri|82\/100 tox|[from] item: Leftovers\n|-heal|p1a: Corviknight|94\/100|[from] item: Leftovers\n|-damage|p2a: Tatsugiri|57\/100 tox|[from] psn\n|upkeep\n|turn|17\n|\n|t:|1698150952\n|move|p2a: Tatsugiri|Baton Pass|p2a: Tatsugiri\n|\n|t:|1698150963\n|switch|p2a: Krookodile|Krookodile, M|100\/100|[from] Baton Pass\n|move|p1a: Corviknight|Iron Defense|p1a: Corviknight\n|-boost|p1a: Corviknight|def|2\n|\n|-heal|p1a: Corviknight|100\/100|[from] item: Leftovers\n|upkeep\n|turn|18\n|\n|t:|1698150972\n|move|p2a: Krookodile|Power Trip|p1a: Corviknight\n|-damage|p1a: Corviknight|0 fnt\n|faint|p1a: Corviknight\n|-ability|p2a: Krookodile|Moxie|boost\n|-boost|p2a: Krookodile|atk|1\n|\n|upkeep\n|\n|t:|1698150979\n|switch|p1a: Koraidon|Koraidon|100\/100\n|-damage|p1a: Koraidon|94\/100|[from] Stealth Rock\n|-weather|SunnyDay|[from] ability: Orichalcum Pulse|[of] p1a: Koraidon\n|-activate|p1a: Koraidon|Orichalcum Pulse|[source]\n|turn|19\n|\n|t:|1698150987\n|move|p2a: Krookodile|Aerial Ace|p1a: Koraidon\n|-supereffective|p1a: Koraidon\n|-damage|p1a: Koraidon|0 fnt\n|faint|p1a: Koraidon\n|-ability|p2a: Krookodile|Moxie|boost\n|-boost|p2a: Krookodile|atk|1\n|\n|-weather|SunnyDay|[upkeep]\n|upkeep\n|-message|pere47 forfeited.\n|\n|win|Hzozv\n|raw|pere47's rating: 1582 &rarr; <strong>1558<\/strong><br \/>(-24 for losing)\n|raw|Hzozv's rating: 1513 &rarr; <strong>1537<\/strong><br \/>(+24 for winning)\n|l|\u2606pere47\n","uploadtime":1698150996,"views":7,"p1id":"pere47","p2id":"hzozv","formatid":"gen9anythinggoes","rating":1537,"private":0,"password":""}