{"id":"gen9anythinggoes-1978224465","p1":"handsome Chinese","p2":"Wildfiree","format":"[Gen 9] Anything Goes","log":"|j|\u2606handsome Chinese\n|j|\u2606Wildfiree\n|t:|1698514371\n|gametype|singles\n|player|p1|handsome Chinese|sabrina|1655\n|player|p2|Wildfiree|carmine-festival|1658\n|teamsize|p1|6\n|teamsize|p2|6\n|gen|9\n|tier|[Gen 9] Anything Goes\n|rated|\n|rule|HP Percentage Mod: HP is shown in percentages\n|rule|Endless Battle Clause: Forcing endless battles is banned\n|clearpoke\n|poke|p1|Koraidon|\n|poke|p1|Koraidon|\n|poke|p1|Leavanny, M|\n|poke|p1|Koraidon|\n|poke|p1|Calyrex-Shadow|\n|poke|p1|Eternatus|\n|poke|p2|Koraidon|\n|poke|p2|Calyrex-Shadow|\n|poke|p2|Landorus-Therian, M|\n|poke|p2|Arceus|\n|poke|p2|Arceus-Fairy|\n|poke|p2|Ting-Lu|\n|teampreview\n|inactive|Battle timer is ON: inactive players will automatically lose when time's up. (requested by Wildfiree)\n|\n|t:|1698514379\n|start\n|switch|p1a: Koraidon|Koraidon|100\/100\n|switch|p2a: Koraidon|Koraidon|100\/100\n|-weather|SunnyDay|[from] ability: Orichalcum Pulse|[of] p2a: Koraidon\n|-activate|p2a: Koraidon|Orichalcum Pulse|[source]\n|-activate|p1a: Koraidon|ability: Orichalcum Pulse\n|turn|1\n|\n|t:|1698514402\n|move|p2a: Koraidon|Dual Wingbeat|p1a: Koraidon\n|-supereffective|p1a: Koraidon\n|-damage|p1a: Koraidon|62\/100\n|-supereffective|p1a: Koraidon\n|-damage|p1a: Koraidon|26\/100\n|-hitcount|p1a: Koraidon|2\n|move|p1a: Koraidon|Scale Shot|p2a: Koraidon|[miss]\n|-miss|p1a: Koraidon|p2a: Koraidon\n|\n|-weather|SunnyDay|[upkeep]\n|upkeep\n|turn|2\n|\n|t:|1698514413\n|switch|p2a: Landorus|Landorus-Therian, M|100\/100\n|-ability|p2a: Landorus|Intimidate|boost\n|-unboost|p1a: Koraidon|atk|1\n|-enditem|p1a: Koraidon|Eject Pack\n|\n|t:|1698514419\n|switch|p1a: Leavanny|Leavanny, M|100\/100\n|\n|-weather|SunnyDay|[upkeep]\n|upkeep\n|turn|3\n|\n|t:|1698514421\n|move|p1a: Leavanny|Sticky Web|p2a: Landorus\n|-sidestart|p2: Wildfiree|move: Sticky Web\n|move|p2a: Landorus|Taunt|p1a: Leavanny\n|-start|p1a: Leavanny|move: Taunt\n|\n|-weather|SunnyDay|[upkeep]\n|upkeep\n|turn|4\n|\n|t:|1698514426\n|move|p1a: Leavanny|Knock Off|p2a: Landorus\n|-damage|p2a: Landorus|77\/100\n|-damage|p1a: Leavanny|84\/100|[from] item: Rocky Helmet|[of] p2a: Landorus\n|-enditem|p2a: Landorus|Rocky Helmet|[from] move: Knock Off|[of] p1a: Leavanny\n|move|p2a: Landorus|Stealth Rock|p1a: Leavanny\n|-sidestart|p1: handsome Chinese|move: Stealth Rock\n|\n|-weather|SunnyDay|[upkeep]\n|upkeep\n|turn|5\n|\n|t:|1698514433\n|move|p1a: Leavanny|Leaf Blade|p2a: Landorus\n|-damage|p2a: Landorus|44\/100\n|move|p2a: Landorus|U-turn|p1a: Leavanny\n|-supereffective|p1a: Leavanny\n|-damage|p1a: Leavanny|27\/100\n|\n|t:|1698514441\n|switch|p2a: Calyrex|Calyrex-Shadow|100\/100|[from] U-turn\n|-ability|p2a: Calyrex|As One\n|-ability|p2a: Calyrex|Unnerve\n|\n|-weather|none\n|upkeep\n|turn|6\n|l|\u2606Wildfiree\n|inactive|Wildfiree disconnected and has a minute to reconnect!\n|player|p2|\n|inactive|handsome Chinese has 120 seconds left.\n|j|\u2606Wildfiree\n|inactive|Wildfiree reconnected.\n|player|p2|Wildfiree|carmine-festival\n|\n|t:|1698514488\n|switch|p1a: Koraidon|Koraidon|26\/100\n|-damage|p1a: Koraidon|19\/100|[from] Stealth Rock\n|-weather|SunnyDay|[from] ability: Orichalcum Pulse|[of] p1a: Koraidon\n|-activate|p1a: Koraidon|Orichalcum Pulse|[source]\n|move|p2a: Calyrex|Astral Barrage|p1a: Koraidon\n|-damage|p1a: Koraidon|0 fnt\n|faint|p1a: Koraidon\n|-ability|p2a: Calyrex|Grim Neigh|boost\n|-boost|p2a: Calyrex|spa|1\n|\n|-weather|SunnyDay|[upkeep]\n|upkeep\n|\n|t:|1698514491\n|switch|p1a: Leavanny|Leavanny, M|27\/100\n|-damage|p1a: Leavanny|2\/100|[from] Stealth Rock\n|turn|7\n|\n|t:|1698514497\n|move|p1a: Leavanny|Knock Off|p2a: Calyrex\n|-supereffective|p2a: Calyrex\n|-damage|p2a: Calyrex|0 fnt\n|-enditem|p2a: Calyrex|Heavy-Duty Boots|[from] move: Knock Off|[of] p1a: Leavanny\n|faint|p2a: Calyrex\n|\n|-weather|SunnyDay|[upkeep]\n|upkeep\n|\n|t:|1698514507\n|switch|p2a: Arceus|Arceus|100\/100\n|turn|8\n|\n|t:|1698514519\n|move|p1a: Leavanny|Charm|p2a: Arceus\n|-unboost|p2a: Arceus|atk|2\n|move|p2a: Arceus|Swords Dance|p2a: Arceus\n|-boost|p2a: Arceus|atk|2\n|\n|-weather|SunnyDay|[upkeep]\n|upkeep\n|turn|9\n|\n|t:|1698514524\n|move|p2a: Arceus|Extreme Speed|p1a: Leavanny\n|-damage|p1a: Leavanny|0 fnt\n|faint|p1a: Leavanny\n|\n|-weather|SunnyDay|[upkeep]\n|upkeep\n|\n|t:|1698514535\n|switch|p1a: Koraidon|Koraidon|100\/100\n|-activate|p1a: Koraidon|ability: Orichalcum Pulse\n|turn|10\n|\n|t:|1698514540\n|switch|p2a: Landorus|Landorus-Therian, M|44\/100\n|-ability|p2a: Landorus|Intimidate|boost\n|-unboost|p1a: Koraidon|atk|1\n|move|p1a: Koraidon|Bulk Up|p1a: Koraidon\n|-boost|p1a: Koraidon|atk|1\n|-boost|p1a: Koraidon|def|1\n|\n|-weather|none\n|upkeep\n|turn|11\n|\n|t:|1698514548\n|move|p1a: Koraidon|Bulk Up|p1a: Koraidon\n|-boost|p1a: Koraidon|atk|1\n|-boost|p1a: Koraidon|def|1\n|move|p2a: Landorus|Taunt|p1a: Koraidon\n|-start|p1a: Koraidon|move: Taunt\n|\n|upkeep\n|turn|12\n|\n|t:|1698514555\n|switch|p2a: Arceus|Arceus-Fairy|100\/100\n|-activate|p2a: Arceus|move: Sticky Web\n|-unboost|p2a: Arceus|spe|1\n|move|p1a: Koraidon|Flame Charge|p2a: Arceus\n|-damage|p2a: Arceus|80\/100\n|-boost|p1a: Koraidon|spe|1\n|\n|upkeep\n|turn|13\n|\n|t:|1698514564\n|-terastallize|p1a: Koraidon|Ghost\n|move|p1a: Koraidon|Flame Charge|p2a: Arceus\n|-damage|p2a: Arceus|61\/100\n|-boost|p1a: Koraidon|spe|1\n|move|p2a: Arceus|Judgment|p1a: Koraidon\n|-damage|p1a: Koraidon|62\/100\n|\n|upkeep\n|turn|14\n|\n|t:|1698514576\n|move|p1a: Koraidon|Drain Punch|p2a: Arceus\n|-resisted|p2a: Arceus\n|-damage|p2a: Arceus|38\/100\n|-heal|p1a: Koraidon|75\/100|[from] drain|[of] p2a: Arceus\n|move|p2a: Arceus|Judgment|p1a: Koraidon\n|-damage|p1a: Koraidon|35\/100\n|\n|-end|p1a: Koraidon|move: Taunt\n|upkeep\n|turn|15\n|\n|t:|1698514583\n|move|p1a: Koraidon|Drain Punch|p2a: Arceus\n|-resisted|p2a: Arceus\n|-damage|p2a: Arceus|14\/100\n|-heal|p1a: Koraidon|49\/100|[from] drain|[of] p2a: Arceus\n|move|p2a: Arceus|Recover|p2a: Arceus\n|-heal|p2a: Arceus|64\/100\n|\n|upkeep\n|turn|16\n|inactive|handsome Chinese has 120 seconds left.\n|\n|t:|1698514629\n|switch|p1a: Eternatus|Eternatus|100\/100\n|-damage|p1a: Eternatus|88\/100|[from] Stealth Rock\n|-ability|p1a: Eternatus|Pressure\n|move|p2a: Arceus|Judgment|p1a: Eternatus\n|-damage|p1a: Eternatus|45\/100\n|\n|upkeep\n|turn|17\n|\n|t:|1698514638\n|-terastallize|p2a: Arceus|Poison\n|move|p1a: Eternatus|Sludge Bomb|p2a: Arceus\n|-resisted|p2a: Arceus\n|-damage|p2a: Arceus|44\/100\n|-damage|p1a: Eternatus|35\/100|[from] item: Life Orb\n|move|p2a: Arceus|Calm Mind|p2a: Arceus\n|-boost|p2a: Arceus|spa|1\n|-boost|p2a: Arceus|spd|1\n|\n|upkeep\n|turn|18\n|\n|t:|1698514644\n|move|p1a: Eternatus|Dynamax Cannon|p2a: Arceus\n|-damage|p2a: Arceus|10\/100\n|-damage|p1a: Eternatus|25\/100|[from] item: Life Orb\n|move|p2a: Arceus|Recover|p2a: Arceus\n|-heal|p2a: Arceus|60\/100\n|\n|upkeep\n|turn|19\n|inactive|handsome Chinese has 120 seconds left.\n|\n|t:|1698514652\n|move|p1a: Eternatus|Toxic Spikes|p2a: Arceus\n|-sidestart|p2: Wildfiree|move: Toxic Spikes\n|move|p2a: Arceus|Calm Mind|p2a: Arceus\n|-boost|p2a: Arceus|spa|1\n|-boost|p2a: Arceus|spd|1\n|\n|upkeep\n|turn|20\n|\n|t:|1698514660\n|move|p1a: Eternatus|Dynamax Cannon|p2a: Arceus\n|-damage|p2a: Arceus|35\/100\n|-damage|p1a: Eternatus|15\/100|[from] item: Life Orb\n|move|p2a: Arceus|Recover|p2a: Arceus\n|-heal|p2a: Arceus|85\/100\n|\n|upkeep\n|turn|21\n|\n|t:|1698514663\n|move|p1a: Eternatus|Dynamax Cannon|p2a: Arceus\n|-damage|p2a: Arceus|61\/100\n|-damage|p1a: Eternatus|5\/100|[from] item: Life Orb\n|move|p2a: Arceus|Calm Mind|p2a: Arceus\n|-boost|p2a: Arceus|spa|1\n|-boost|p2a: Arceus|spd|1\n|\n|upkeep\n|turn|22\n|\n|t:|1698514667\n|move|p1a: Eternatus|Dynamax Cannon|p2a: Arceus\n|-damage|p2a: Arceus|41\/100\n|-damage|p1a: Eternatus|0 fnt|[from] item: Life Orb\n|faint|p1a: Eternatus\n|move|p2a: Arceus|Recover|p2a: Arceus\n|-heal|p2a: Arceus|91\/100\n|\n|upkeep\n|\n|t:|1698514680\n|switch|p1a: Calyrex|Calyrex-Shadow|100\/100\n|-ability|p1a: Calyrex|As One\n|-ability|p1a: Calyrex|Unnerve\n|turn|23\n|\n|t:|1698514682\n|move|p1a: Calyrex|Encore|p2a: Arceus\n|-start|p2a: Arceus|Encore\n|move|p2a: Arceus|Recover|p2a: Arceus\n|-heal|p2a: Arceus|100\/100\n|\n|upkeep\n|turn|24\n|\n|t:|1698514686\n|switch|p2a: Ting-Lu|Ting-Lu|100\/100\n|-activate|p2a: Ting-Lu|move: Sticky Web\n|-unboost|p2a: Ting-Lu|spe|1\n|-status|p2a: Ting-Lu|psn\n|-ability|p2a: Ting-Lu|Vessel of Ruin\n|move|p1a: Calyrex|Grass Knot|p2a: Ting-Lu\n|-supereffective|p2a: Ting-Lu\n|-damage|p2a: Ting-Lu|61\/100 psn\n|\n|-heal|p2a: Ting-Lu|67\/100 psn|[from] item: Leftovers\n|-damage|p2a: Ting-Lu|54\/100 psn|[from] psn\n|upkeep\n|turn|25\n|\n|t:|1698514703\n|switch|p1a: Koraidon|Koraidon, tera:Ghost|49\/100\n|-weather|SunnyDay|[from] ability: Orichalcum Pulse|[of] p1a: Koraidon\n|-activate|p1a: Koraidon|Orichalcum Pulse|[source]\n|move|p2a: Ting-Lu|Earthquake|p1a: Koraidon\n|-damage|p1a: Koraidon|22\/100\n|\n|-weather|SunnyDay|[upkeep]\n|-heal|p2a: Ting-Lu|61\/100 psn|[from] item: Leftovers\n|-damage|p2a: Ting-Lu|48\/100 psn|[from] psn\n|upkeep\n|turn|26\n|\n|t:|1698514720\n|switch|p2a: Landorus|Landorus-Therian, M|44\/100\n|-ability|p2a: Landorus|Intimidate|boost\n|-unboost|p1a: Koraidon|atk|1\n|move|p1a: Koraidon|Bulk Up|p1a: Koraidon\n|-boost|p1a: Koraidon|atk|1\n|-boost|p1a: Koraidon|def|1\n|\n|-weather|SunnyDay|[upkeep]\n|upkeep\n|turn|27\n|\n|t:|1698514739\n|move|p1a: Koraidon|Bulk Up|p1a: Koraidon\n|-boost|p1a: Koraidon|atk|1\n|-boost|p1a: Koraidon|def|1\n|move|p2a: Landorus|Earthquake|p1a: Koraidon\n|-damage|p1a: Koraidon|4\/100\n|\n|-weather|SunnyDay|[upkeep]\n|upkeep\n|turn|28\n|\n|t:|1698514745\n|move|p1a: Koraidon|Flame Charge|p2a: Landorus\n|-damage|p2a: Landorus|6\/100\n|-boost|p1a: Koraidon|spe|1\n|move|p2a: Landorus|Earthquake|p1a: Koraidon\n|-damage|p1a: Koraidon|0 fnt\n|faint|p1a: Koraidon\n|\n|-weather|SunnyDay|[upkeep]\n|upkeep\n|inactive|handsome Chinese has 120 seconds left.\n|\n|t:|1698514774\n|switch|p1a: Koraidon|Koraidon|100\/100\n|-damage|p1a: Koraidon|94\/100|[from] Stealth Rock\n|-activate|p1a: Koraidon|ability: Orichalcum Pulse\n|turn|29\n|\n|t:|1698514785\n|move|p1a: Koraidon|Flame Charge|p2a: Landorus\n|-damage|p2a: Landorus|0 fnt\n|-boost|p1a: Koraidon|spe|1\n|faint|p2a: Landorus\n|-damage|p1a: Koraidon|84\/100|[from] item: Life Orb\n|\n|-weather|none\n|upkeep\n|\n|t:|1698514788\n|switch|p2a: Arceus|Arceus-Fairy, tera:Poison|100\/100\n|-activate|p2a: Arceus|move: Sticky Web\n|-unboost|p2a: Arceus|spe|1\n|-sideend|p2: Wildfiree|move: Toxic Spikes|[of] p2a: Arceus\n|turn|30\n|\n|t:|1698514797\n|switch|p1a: Calyrex|Calyrex-Shadow|100\/100\n|-ability|p1a: Calyrex|As One\n|-ability|p1a: Calyrex|Unnerve\n|move|p2a: Arceus|Judgment|p1a: Calyrex\n|-damage|p1a: Calyrex|54\/100\n|\n|upkeep\n|turn|31\n|\n|t:|1698514802\n|switch|p2a: Arceus|Arceus|100\/100\n|move|p1a: Calyrex|Psyshock|p2a: Arceus\n|-damage|p2a: Arceus|65\/100\n|\n|upkeep\n|turn|32\n|\n|t:|1698514813\n|move|p1a: Calyrex|Psyshock|p2a: Arceus\n|-damage|p2a: Arceus|29\/100\n|move|p2a: Arceus|Recover|p2a: Arceus\n|-heal|p2a: Arceus|79\/100\n|\n|upkeep\n|turn|33\n|\n|t:|1698514817\n|move|p1a: Calyrex|Encore|p2a: Arceus\n|-start|p2a: Arceus|Encore\n|move|p2a: Arceus|Recover|p2a: Arceus\n|-heal|p2a: Arceus|100\/100\n|\n|upkeep\n|turn|34\n|\n|t:|1698514827\n|switch|p2a: Ting-Lu|Ting-Lu|48\/100 psn\n|-activate|p2a: Ting-Lu|move: Sticky Web\n|-unboost|p2a: Ting-Lu|spe|1\n|-ability|p2a: Ting-Lu|Vessel of Ruin\n|move|p1a: Calyrex|Grass Knot|p2a: Ting-Lu\n|-supereffective|p2a: Ting-Lu\n|-damage|p2a: Ting-Lu|10\/100 psn\n|\n|-heal|p2a: Ting-Lu|16\/100 psn|[from] item: Leftovers\n|-damage|p2a: Ting-Lu|3\/100 psn|[from] psn\n|upkeep\n|turn|35\n|\n|t:|1698514831\n|move|p1a: Calyrex|Psyshock|p2a: Ting-Lu\n|-immune|p2a: Ting-Lu\n|move|p2a: Ting-Lu|Earthquake|p1a: Calyrex\n|-damage|p1a: Calyrex|12\/100\n|\n|-heal|p2a: Ting-Lu|10\/100 psn|[from] item: Leftovers\n|-damage|p2a: Ting-Lu|0 fnt|[from] psn\n|faint|p2a: Ting-Lu\n|upkeep\n|\n|t:|1698514838\n|switch|p2a: Arceus|Arceus|100\/100\n|turn|36\n|\n|t:|1698514842\n|move|p1a: Calyrex|Grass Knot|p2a: Arceus\n|-damage|p2a: Arceus|67\/100\n|move|p2a: Arceus|Shadow Claw|p1a: Calyrex\n|-supereffective|p1a: Calyrex\n|-damage|p1a: Calyrex|0 fnt\n|faint|p1a: Calyrex\n|\n|upkeep\n|\n|t:|1698514846\n|switch|p1a: Koraidon|Koraidon|84\/100\n|-damage|p1a: Koraidon|78\/100|[from] Stealth Rock\n|-weather|SunnyDay|[from] ability: Orichalcum Pulse|[of] p1a: Koraidon\n|-activate|p1a: Koraidon|Orichalcum Pulse|[source]\n|turn|37\n|\n|t:|1698514853\n|move|p2a: Arceus|Extreme Speed|p1a: Koraidon\n|-damage|p1a: Koraidon|46\/100\n|move|p1a: Koraidon|Outrage|p2a: Arceus\n|-damage|p2a: Arceus|0 fnt\n|faint|p2a: Arceus\n|-damage|p1a: Koraidon|36\/100|[from] item: Life Orb\n|\n|-weather|SunnyDay|[upkeep]\n|upkeep\n|\n|t:|1698514856\n|switch|p2a: Arceus|Arceus-Fairy, tera:Poison|100\/100\n|-activate|p2a: Arceus|move: Sticky Web\n|-unboost|p2a: Arceus|spe|1\n|turn|38\n|\n|t:|1698514859\n|move|p1a: Koraidon|Outrage|p2a: Arceus|[from]lockedmove\n|-damage|p2a: Arceus|24\/100\n|-damage|p1a: Koraidon|26\/100|[from] item: Life Orb\n|-start|p1a: Koraidon|confusion|[fatigue]\n|move|p2a: Arceus|Judgment|p1a: Koraidon\n|-supereffective|p1a: Koraidon\n|-damage|p1a: Koraidon|0 fnt\n|faint|p1a: Koraidon\n|\n|win|Wildfiree\n|raw|handsome Chinese's rating: 1655 &rarr; <strong>1635<\/strong><br \/>(-20 for losing)\n|raw|Wildfiree's rating: 1658 &rarr; <strong>1678<\/strong><br \/>(+20 for winning)\n|l|\u2606handsome Chinese\n","uploadtime":1698514868,"views":8,"p1id":"handsomechinese","p2id":"wildfiree","formatid":"gen9anythinggoes","rating":1635,"private":0,"password":""}