{"id":"gen9anythinggoes-1986857169","p1":"oOo Spume oOo","p2":"eavox","format":"[Gen 9] Anything Goes","log":"|j|\u2606oOo Spume oOo\n|j|\u2606eavox\n|t:|1699534741\n|gametype|singles\n|player|p1|oOo Spume oOo|evelyn|1527\n|player|p2|eavox|erika-gen2|1663\n|teamsize|p1|6\n|teamsize|p2|6\n|gen|9\n|tier|[Gen 9] Anything Goes\n|rated|\n|rule|HP Percentage Mod: HP is shown in percentages\n|rule|Endless Battle Clause: Forcing endless battles is banned\n|clearpoke\n|poke|p1|Ditto|\n|poke|p1|Wooper-Paldea, M|\n|poke|p1|Clodsire, M|\n|poke|p1|Arceus|\n|poke|p1|Eternatus|\n|poke|p1|Calyrex-Shadow|\n|poke|p2|Iron Hands|\n|poke|p2|Arceus-Ground|\n|poke|p2|Koraidon|\n|poke|p2|Ting-Lu|\n|poke|p2|Calyrex-Shadow|\n|poke|p2|Arceus|\n|teampreview\n|inactive|Battle timer is ON: inactive players will automatically lose when time's up. (requested by eavox)\n|\n|t:|1699534761\n|start\n|switch|p1a: Clod|Clodsire, M, shiny|100\/100\n|switch|p2a: Ting-Lu|Ting-Lu|100\/100\n|-ability|p2a: Ting-Lu|Vessel of Ruin\n|turn|1\n|\n|t:|1699534769\n|move|p2a: Ting-Lu|Spikes|p1a: Clod\n|-sidestart|p1: oOo Spume oOo|Spikes\n|move|p1a: Clod|Stealth Rock|p2a: Ting-Lu\n|-sidestart|p2: eavox|move: Stealth Rock\n|\n|upkeep\n|turn|2\n|\n|t:|1699534774\n|switch|p1a: Wooper|Wooper-Paldea, M, shiny|100\/100\n|-damage|p1a: Wooper|88\/100|[from] Spikes\n|move|p2a: Ting-Lu|Spikes|p1a: Wooper\n|-sidestart|p1: oOo Spume oOo|Spikes\n|\n|upkeep\n|turn|3\n|\n|t:|1699534785\n|move|p1a: Wooper|Toxic Spikes|p2a: Ting-Lu\n|-sidestart|p2: eavox|move: Toxic Spikes\n|move|p2a: Ting-Lu|Whirlwind|p1a: Wooper\n|drag|p1a: Blue|Ditto, shiny|100\/100\n|-damage|p1a: Blue|84\/100|[from] Spikes\n|-transform|p1a: Blue|p2a: Ting-Lu|[from] ability: Imposter\n|-ability|p1a: Blue|Vessel of Ruin\n|\n|upkeep\n|turn|4\n|\n|t:|1699534797\n|move|p1a: Blue|Spikes|p2a: Ting-Lu\n|-sidestart|p2: eavox|Spikes\n|move|p2a: Ting-Lu|Ruination|p1a: Blue|[miss]\n|-miss|p2a: Ting-Lu|p1a: Blue\n|\n|upkeep\n|turn|5\n|\n|t:|1699534803\n|switch|p2a: Calyrex|Calyrex-Shadow|100\/100\n|-ability|p2a: Calyrex|As One\n|-ability|p2a: Calyrex|Unnerve\n|move|p1a: Blue|Spikes|p2a: Calyrex\n|-sidestart|p2: eavox|Spikes\n|\n|upkeep\n|turn|6\n|\n|t:|1699534812\n|move|p2a: Calyrex|Nasty Plot|p2a: Calyrex\n|-boost|p2a: Calyrex|spa|2\n|move|p1a: Blue|Spikes|p2a: Calyrex\n|-sidestart|p2: eavox|Spikes\n|\n|upkeep\n|turn|7\n|\n|t:|1699534818\n|switch|p1a: Wooper|Wooper-Paldea, M, shiny|88\/100\n|-damage|p1a: Wooper|72\/100|[from] Spikes\n|move|p2a: Calyrex|Grass Knot|p1a: Wooper\n|-damage|p1a: Wooper|35\/100\n|\n|upkeep\n|turn|8\n|\n|t:|1699534825\n|move|p2a: Calyrex|Astral Barrage|p1a: Wooper\n|-damage|p1a: Wooper|0 fnt\n|faint|p1a: Wooper\n|-ability|p2a: Calyrex|Grim Neigh|boost\n|-boost|p2a: Calyrex|spa|1\n|\n|upkeep\n|\n|t:|1699534838\n|switch|p1a: Clod|Clodsire, M, shiny|100\/100\n|-damage|p1a: Clod|84\/100|[from] Spikes\n|turn|9\n|\n|t:|1699534843\n|move|p2a: Calyrex|Astral Barrage|p1a: Clod\n|-damage|p1a: Clod|24\/100\n|move|p1a: Clod|Yawn|p2a: Calyrex\n|-start|p2a: Calyrex|move: Yawn|[of] p1a: Clod\n|\n|-heal|p1a: Clod|31\/100|[from] item: Leftovers\n|upkeep\n|turn|10\n|\n|t:|1699534856\n|switch|p2a: Arceus|Arceus-Ground|100\/100\n|-damage|p2a: Arceus|94\/100|[from] Stealth Rock\n|-status|p2a: Arceus|psn\n|-damage|p2a: Arceus|70\/100 psn|[from] Spikes\n|move|p1a: Clod|Recover|p1a: Clod\n|-heal|p1a: Clod|81\/100\n|\n|-heal|p1a: Clod|87\/100|[from] item: Leftovers\n|-damage|p2a: Arceus|57\/100 psn|[from] psn\n|upkeep\n|turn|11\n|\n|t:|1699534867\n|switch|p1a: God ?|Arceus, shiny|100\/100\n|-damage|p1a: God ?|84\/100|[from] Spikes\n|move|p2a: Arceus|Judgment|p1a: God ?\n|-damage|p1a: God ?|55\/100\n|\n|-heal|p1a: God ?|61\/100|[from] item: Leftovers\n|-damage|p2a: Arceus|45\/100 psn|[from] psn\n|upkeep\n|turn|12\n|\n|t:|1699534877\n|move|p2a: Arceus|Will-O-Wisp|p1a: God ?\n|-status|p1a: God ?|brn\n|move|p1a: God ?|Recover|p1a: God ?\n|-heal|p1a: God ?|100\/100 brn\n|\n|-damage|p2a: Arceus|32\/100 psn|[from] psn\n|-damage|p1a: God ?|94\/100 brn|[from] brn\n|upkeep\n|turn|13\n|\n|t:|1699534885\n|move|p2a: Arceus|Recover|p2a: Arceus\n|-heal|p2a: Arceus|82\/100 psn\n|move|p1a: God ?|Swords Dance|p1a: God ?\n|-boost|p1a: God ?|atk|2\n|\n|-heal|p1a: God ?|100\/100 brn|[from] item: Leftovers\n|-damage|p2a: Arceus|70\/100 psn|[from] psn\n|-damage|p1a: God ?|94\/100 brn|[from] brn\n|upkeep\n|turn|14\n|\n|t:|1699534895\n|switch|p2a: Calyrex|Calyrex-Shadow|100\/100\n|-ability|p2a: Calyrex|As One\n|-ability|p2a: Calyrex|Unnerve\n|move|p1a: God ?|Roar|p2a: Calyrex\n|drag|p2a: Ting-Lu|Ting-Lu|100\/100\n|-damage|p2a: Ting-Lu|94\/100|[from] Stealth Rock\n|-status|p2a: Ting-Lu|psn\n|-damage|p2a: Ting-Lu|69\/100 psn|[from] Spikes\n|-ability|p2a: Ting-Lu|Vessel of Ruin\n|\n|-heal|p1a: God ?|100\/100 brn|[from] item: Leftovers\n|-heal|p2a: Ting-Lu|76\/100 psn|[from] item: Leftovers\n|-damage|p2a: Ting-Lu|63\/100 psn|[from] psn\n|-damage|p1a: God ?|94\/100 brn|[from] brn\n|upkeep\n|turn|15\n|\n|t:|1699534912\n|move|p2a: Ting-Lu|Spikes|p1a: God ?\n|-sidestart|p1: oOo Spume oOo|Spikes\n|move|p1a: God ?|Roar|p2a: Ting-Lu\n|drag|p2a: Arceus|Arceus-Ground|70\/100 psn\n|-damage|p2a: Arceus|64\/100 psn|[from] Stealth Rock\n|-damage|p2a: Arceus|39\/100 psn|[from] Spikes\n|\n|-heal|p1a: God ?|100\/100 brn|[from] item: Leftovers\n|-damage|p2a: Arceus|27\/100 psn|[from] psn\n|-damage|p1a: God ?|94\/100 brn|[from] brn\n|upkeep\n|turn|16\n|\n|t:|1699534923\n|move|p1a: God ?|Extreme Speed|p2a: Arceus\n|-damage|p2a: Arceus|10\/100 psn\n|move|p2a: Arceus|Judgment|p1a: God ?\n|-damage|p1a: God ?|68\/100 brn\n|\n|-heal|p1a: God ?|74\/100 brn|[from] item: Leftovers\n|-damage|p2a: Arceus|0 fnt|[from] psn\n|faint|p2a: Arceus\n|-damage|p1a: God ?|68\/100 brn|[from] brn\n|upkeep\n|\n|t:|1699534932\n|switch|p2a: Winged God|Koraidon|100\/100\n|-damage|p2a: Winged God|94\/100|[from] Stealth Rock\n|-status|p2a: Winged God|psn\n|-damage|p2a: Winged God|70\/100 psn|[from] Spikes\n|-weather|SunnyDay|[from] ability: Orichalcum Pulse|[of] p2a: Winged God\n|-activate|p2a: Winged God|Orichalcum Pulse|[source]\n|turn|17\n|\n|t:|1699534945\n|move|p1a: God ?|Extreme Speed|p2a: Winged God\n|-damage|p2a: Winged God|44\/100 psn\n|move|p2a: Winged God|Outrage|p1a: God ?\n|-damage|p1a: God ?|17\/100 brn\n|\n|-weather|SunnyDay|[upkeep]\n|-heal|p1a: God ?|23\/100 brn|[from] item: Leftovers\n|-damage|p2a: Winged God|31\/100 psn|[from] psn\n|-damage|p1a: God ?|17\/100 brn|[from] brn\n|upkeep\n|turn|18\n|\n|t:|1699534955\n|move|p1a: God ?|Extreme Speed|p2a: Winged God\n|-damage|p2a: Winged God|4\/100 psn\n|move|p2a: Winged God|Outrage|p1a: God ?|[from]lockedmove\n|-crit|p1a: God ?\n|-damage|p1a: God ?|0 fnt\n|faint|p1a: God ?\n|\n|-weather|SunnyDay|[upkeep]\n|-damage|p2a: Winged God|0 fnt|[from] psn\n|faint|p2a: Winged God\n|upkeep\n|inactive|eavox has 120 seconds left.\n|\n|t:|1699534988\n|switch|p2a: Calyrex|Calyrex-Shadow|100\/100\n|switch|p1a: Clod|Clodsire, M, shiny|87\/100\n|-ability|p2a: Calyrex|As One\n|-ability|p2a: Calyrex|Unnerve\n|-damage|p1a: Clod|62\/100|[from] Spikes\n|turn|19\n|\n|t:|1699534996\n|move|p2a: Calyrex|Astral Barrage|p1a: Clod\n|-damage|p1a: Clod|10\/100\n|move|p1a: Clod|Recover|p1a: Clod\n|-heal|p1a: Clod|60\/100\n|\n|-weather|SunnyDay|[upkeep]\n|-heal|p1a: Clod|66\/100|[from] item: Leftovers\n|upkeep\n|turn|20\n|\n|t:|1699535012\n|move|p2a: Calyrex|Encore|p1a: Clod\n|-start|p1a: Clod|Encore\n|move|p1a: Clod|Recover|p1a: Clod\n|-heal|p1a: Clod|100\/100\n|\n|-weather|SunnyDay|[upkeep]\n|upkeep\n|turn|21\n|inactive|oOo Spume oOo has 120 seconds left.\n|\n|t:|1699535028\n|move|p2a: Calyrex|Nasty Plot|p2a: Calyrex\n|-boost|p2a: Calyrex|spa|2\n|move|p1a: Clod|Recover||[still]\n|-fail|p1a: Clod|heal\n|\n|-weather|none\n|upkeep\n|turn|22\n|\n|t:|1699535036\n|move|p2a: Calyrex|Astral Barrage|p1a: Clod\n|-damage|p1a: Clod|47\/100\n|move|p1a: Clod|Recover|p1a: Clod\n|-heal|p1a: Clod|97\/100\n|\n|-heal|p1a: Clod|100\/100|[from] item: Leftovers\n|-end|p1a: Clod|Encore\n|upkeep\n|turn|23\n|\n|t:|1699535046\n|switch|p1a: Death|Calyrex-Shadow|100\/100\n|-ability|p1a: Death|As One\n|-ability|p1a: Death|Unnerve\n|-damage|p1a: Death|76\/100|[from] Spikes\n|move|p2a: Calyrex|Encore||[still]\n|-fail|p2a: Calyrex\n|\n|upkeep\n|turn|24\n|inactive|oOo Spume oOo has 120 seconds left.\n|\n|t:|1699535064\n|-terastallize|p2a: Calyrex|Grass\n|move|p1a: Death|Pollen Puff|p2a: Calyrex\n|-supereffective|p2a: Calyrex\n|-damage|p2a: Calyrex|30\/100\n|move|p2a: Calyrex|Grass Knot|p1a: Death\n|-damage|p1a: Death|0 fnt\n|faint|p1a: Death\n|-ability|p2a: Calyrex|Grim Neigh|boost\n|-boost|p2a: Calyrex|spa|1\n|\n|upkeep\n|inactive|oOo Spume oOo has 120 seconds left.\n|\n|t:|1699535076\n|switch|p1a: Blue|Ditto, shiny|84\/100\n|-damage|p1a: Blue|59\/100|[from] Spikes\n|-transform|p1a: Blue|p2a: Calyrex|[from] ability: Imposter\n|-start|p1a: Blue|typechange|Psychic\/Ghost|[silent]\n|turn|25\n|inactive|oOo Spume oOo has 120 seconds left.\n|\n|t:|1699535088\n|move|p1a: Blue|Grass Knot|p2a: Calyrex\n|-resisted|p2a: Calyrex\n|-damage|p2a: Calyrex|0 fnt\n|faint|p2a: Calyrex\n|-ability|p1a: Blue|Grim Neigh|boost\n|-boost|p1a: Blue|spa|1\n|\n|upkeep\n|\n|t:|1699535093\n|switch|p2a: HANDS|Iron Hands|100\/100\n|-damage|p2a: HANDS|94\/100|[from] Stealth Rock\n|-status|p2a: HANDS|psn\n|-damage|p2a: HANDS|69\/100 psn|[from] Spikes\n|turn|26\n|\n|t:|1699535099\n|move|p1a: Blue|Grass Knot|p2a: HANDS\n|-damage|p2a: HANDS|0 fnt\n|faint|p2a: HANDS\n|-end|p2a: HANDS|Quark Drive|[silent]\n|-ability|p1a: Blue|Grim Neigh|boost\n|-boost|p1a: Blue|spa|1\n|\n|upkeep\n|-message|eavox forfeited.\n|\n|win|oOo Spume oOo\n|raw|oOo Spume oOo's rating: 1527 &rarr; <strong>1554<\/strong><br \/>(+27 for winning)\n|raw|eavox's rating: 1663 &rarr; <strong>1636<\/strong><br \/>(-27 for losing)\n|l|\u2606eavox\n","uploadtime":1699535108,"views":4,"p1id":"ooospumeooo","p2id":"eavox","formatid":"gen9anythinggoes","rating":1554,"private":0,"password":""}