{"id":"gen9anythinggoes-1992565583","p1":"KC_Gaming25","p2":"jarrengoh","format":"[Gen 9] Anything Goes","log":"|j|\u2606KC_Gaming25\n|j|\u2606jarrengoh\n|t:|1700206830\n|gametype|singles\n|player|p1|KC_Gaming25|ghetsis-gen5bw|1053\n|player|p2|jarrengoh|cynthia|1045\n|teamsize|p1|6\n|teamsize|p2|4\n|gen|9\n|tier|[Gen 9] Anything Goes\n|rated|\n|rule|HP Percentage Mod: HP is shown in percentages\n|rule|Endless Battle Clause: Forcing endless battles is banned\n|clearpoke\n|poke|p1|Cinderace, M|\n|poke|p1|Charizard, F|\n|poke|p1|Lucario, F|\n|poke|p1|Inteleon, M|\n|poke|p1|Gengar, F|\n|poke|p1|Garchomp, F|\n|poke|p2|Ogerpon-Cornerstone, F|\n|poke|p2|Ogerpon-Hearthflame, F|\n|poke|p2|Ogerpon-Wellspring, F|\n|poke|p2|Ogerpon, F|\n|teampreview\n|c|\u2606jarrengoh|glhf\n|\n|t:|1700206842\n|start\n|switch|p1a: Gengar|Gengar, F|100\/100\n|switch|p2a: Ogerpon|Ogerpon-Hearthflame, F|100\/100\n|-ability|p2a: Ogerpon|Mold Breaker\n|turn|1\n|\n|t:|1700206849\n|move|p2a: Ogerpon|Swords Dance|p2a: Ogerpon\n|-boost|p2a: Ogerpon|atk|2\n|move|p1a: Gengar|Destiny Bond|p1a: Gengar\n|-singlemove|p1a: Gengar|Destiny Bond\n|\n|upkeep\n|turn|2\n|\n|t:|1700206860\n|switch|p2a: Ogerpon|Ogerpon-Wellspring, F|100\/100\n|move|p1a: Gengar|Phantom Force||[still]\n|-prepare|p1a: Gengar|Phantom Force\n|\n|upkeep\n|turn|3\n|\n|t:|1700206868\n|move|p1a: Gengar|Phantom Force|p2a: Ogerpon|[from]lockedmove\n|-damage|p2a: Ogerpon|75\/100\n|-damage|p1a: Gengar|91\/100|[from] item: Life Orb\n|move|p2a: Ogerpon|Spikes|p1a: Gengar\n|-sidestart|p1: KC_Gaming25|Spikes\n|\n|upkeep\n|turn|4\n|\n|t:|1700206873\n|move|p1a: Gengar|Shadow Ball|p2a: Ogerpon\n|-crit|p2a: Ogerpon\n|-damage|p2a: Ogerpon|8\/100\n|-damage|p1a: Gengar|81\/100|[from] item: Life Orb\n|move|p2a: Ogerpon|Spikes|p1a: Gengar\n|-sidestart|p1: KC_Gaming25|Spikes\n|\n|upkeep\n|turn|5\n|\n|t:|1700206877\n|move|p1a: Gengar|Destiny Bond|p1a: Gengar\n|-singlemove|p1a: Gengar|Destiny Bond\n|move|p2a: Ogerpon|Spikes|p1a: Gengar\n|-sidestart|p1: KC_Gaming25|Spikes\n|\n|upkeep\n|turn|6\n|\n|t:|1700206883\n|move|p1a: Gengar|Thunder|p2a: Ogerpon|[miss]\n|-miss|p1a: Gengar|p2a: Ogerpon\n|move|p2a: Ogerpon|Ivy Cudgel|p1a: Gengar|[anim] Ivy Cudgel Water\n|-damage|p1a: Gengar|2\/100\n|\n|upkeep\n|turn|7\n|\n|t:|1700206889\n|move|p1a: Gengar|Destiny Bond|p1a: Gengar\n|-singlemove|p1a: Gengar|Destiny Bond\n|move|p2a: Ogerpon|Synthesis|p2a: Ogerpon\n|-heal|p2a: Ogerpon|58\/100\n|\n|upkeep\n|turn|8\n|\n|t:|1700206898\n|move|p1a: Gengar|Shadow Ball|p2a: Ogerpon\n|-damage|p2a: Ogerpon|18\/100\n|-damage|p1a: Gengar|0 fnt|[from] item: Life Orb\n|faint|p1a: Gengar\n|move|p2a: Ogerpon|Synthesis|p2a: Ogerpon\n|-heal|p2a: Ogerpon|68\/100\n|\n|upkeep\n|\n|t:|1700206905\n|switch|p1a: Charizard|Charizard, F|100\/100\n|turn|9\n|\n|t:|1700206910\n|move|p1a: Charizard|Flame Charge|p2a: Ogerpon\n|-damage|p2a: Ogerpon|54\/100\n|-boost|p1a: Charizard|spe|1\n|move|p2a: Ogerpon|Ivy Cudgel|p1a: Charizard|[anim] Ivy Cudgel Water\n|-supereffective|p1a: Charizard\n|-damage|p1a: Charizard|0 fnt\n|faint|p1a: Charizard\n|\n|upkeep\n|\n|t:|1700206916\n|switch|p1a: Lucario|Lucario, F|100\/100\n|-damage|p1a: Lucario|76\/100|[from] Spikes\n|turn|10\n|\n|t:|1700206922\n|-singleturn|p1a: Lucario|move: Focus Punch\n|move|p2a: Ogerpon|Charm|p1a: Lucario\n|-unboost|p1a: Lucario|atk|2\n|move|p1a: Lucario|Focus Punch|p2a: Ogerpon\n|-damage|p2a: Ogerpon|25\/100\n|\n|upkeep\n|turn|11\n|\n|t:|1700206929\n|move|p2a: Ogerpon|Synthesis|p2a: Ogerpon\n|-heal|p2a: Ogerpon|75\/100\n|move|p1a: Lucario|Aura Sphere|p2a: Ogerpon\n|-damage|p2a: Ogerpon|48\/100\n|\n|upkeep\n|turn|12\n|\n|t:|1700206936\n|switch|p1a: Cinderace|Cinderace, M|100\/100\n|-damage|p1a: Cinderace|76\/100|[from] Spikes\n|move|p2a: Ogerpon|Charm|p1a: Cinderace\n|-unboost|p1a: Cinderace|atk|2\n|\n|upkeep\n|turn|13\n|\n|t:|1700206943\n|move|p1a: Cinderace|Pyro Ball|p2a: Ogerpon\n|-damage|p2a: Ogerpon|28\/100\n|move|p2a: Ogerpon|Ivy Cudgel|p1a: Cinderace|[anim] Ivy Cudgel Water\n|-supereffective|p1a: Cinderace\n|-damage|p1a: Cinderace|0 fnt\n|faint|p1a: Cinderace\n|\n|upkeep\n|\n|t:|1700206947\n|switch|p1a: Garchomp|Garchomp, F|100\/100\n|-damage|p1a: Garchomp|76\/100|[from] Spikes\n|turn|14\n|\n|t:|1700206952\n|move|p1a: Garchomp|Earthquake|p2a: Ogerpon\n|-resisted|p2a: Ogerpon\n|-damage|p2a: Ogerpon|9\/100\n|move|p2a: Ogerpon|Charm|p1a: Garchomp\n|-unboost|p1a: Garchomp|atk|2\n|\n|upkeep\n|turn|15\n|\n|t:|1700206956\n|move|p1a: Garchomp|Liquidation|p2a: Ogerpon\n|-heal|p2a: Ogerpon|34\/100|[from] ability: Water Absorb|[of] p1a: Garchomp\n|move|p2a: Ogerpon|Synthesis|p2a: Ogerpon\n|-heal|p2a: Ogerpon|84\/100\n|\n|upkeep\n|turn|16\n|\n|t:|1700206963\n|move|p1a: Garchomp|Flamethrower|p2a: Ogerpon\n|-damage|p2a: Ogerpon|67\/100\n|move|p2a: Ogerpon|Ivy Cudgel|p1a: Garchomp|[anim] Ivy Cudgel Water\n|-damage|p1a: Garchomp|35\/100\n|\n|upkeep\n|turn|17\n|\n|t:|1700206969\n|move|p1a: Garchomp|Draco Meteor|p2a: Ogerpon\n|-damage|p2a: Ogerpon|32\/100\n|-unboost|p1a: Garchomp|spa|2\n|move|p2a: Ogerpon|Ivy Cudgel|p1a: Garchomp|[anim] Ivy Cudgel Water\n|-damage|p1a: Garchomp|0 fnt\n|faint|p1a: Garchomp\n|\n|upkeep\n|\n|t:|1700206974\n|switch|p1a: Lucario|Lucario, F|76\/100\n|-damage|p1a: Lucario|51\/100|[from] Spikes\n|turn|18\n|\n|t:|1700206980\n|move|p2a: Ogerpon|Synthesis|p2a: Ogerpon\n|-heal|p2a: Ogerpon|82\/100\n|move|p1a: Lucario|Earthquake|p2a: Ogerpon\n|-resisted|p2a: Ogerpon\n|-damage|p2a: Ogerpon|70\/100\n|\n|upkeep\n|turn|19\n|\n|t:|1700206987\n|-singleturn|p1a: Lucario|move: Focus Punch\n|move|p2a: Ogerpon|Charm|p1a: Lucario\n|-unboost|p1a: Lucario|atk|2\n|move|p1a: Lucario|Focus Punch|p2a: Ogerpon\n|-damage|p2a: Ogerpon|43\/100\n|\n|upkeep\n|turn|20\n|\n|t:|1700206994\n|move|p2a: Ogerpon|Synthesis|p2a: Ogerpon\n|-heal|p2a: Ogerpon|93\/100\n|move|p1a: Lucario|Aura Sphere|p2a: Ogerpon\n|-damage|p2a: Ogerpon|65\/100\n|\n|upkeep\n|turn|21\n|\n|t:|1700207000\n|move|p1a: Lucario|Detect|p1a: Lucario\n|-singleturn|p1a: Lucario|Protect\n|move|p2a: Ogerpon|Ivy Cudgel|p1a: Lucario|[anim] Ivy Cudgel Water\n|-activate|p1a: Lucario|move: Protect\n|\n|upkeep\n|turn|22\n|\n|t:|1700207008\n|move|p2a: Ogerpon|Ivy Cudgel|p1a: Lucario|[anim] Ivy Cudgel Water\n|-crit|p1a: Lucario\n|-damage|p1a: Lucario|0 fnt\n|faint|p1a: Lucario\n|\n|upkeep\n|\n|t:|1700207014\n|switch|p1a: Inteleon|Inteleon, M|100\/100\n|-damage|p1a: Inteleon|76\/100|[from] Spikes\n|turn|23\n|\n|t:|1700207022\n|-terastallize|p1a: Inteleon|Water\n|move|p1a: Inteleon|Snipe Shot|p2a: Ogerpon\n|-heal|p2a: Ogerpon|90\/100|[from] ability: Water Absorb|[of] p1a: Inteleon\n|move|p2a: Ogerpon|Ivy Cudgel|p1a: Inteleon|[anim] Ivy Cudgel Water\n|-resisted|p1a: Inteleon\n|-damage|p1a: Inteleon|42\/100\n|\n|upkeep\n|turn|24\n|c|\u2606jarrengoh|gg\n|\n|t:|1700207033\n|move|p1a: Inteleon|Dark Pulse|p2a: Ogerpon\n|-damage|p2a: Ogerpon|71\/100\n|cant|p2a: Ogerpon|flinch\n|\n|upkeep\n|turn|25\n|\n|t:|1700207039\n|move|p1a: Inteleon|Shadow Ball|p2a: Ogerpon\n|-damage|p2a: Ogerpon|49\/100\n|move|p2a: Ogerpon|Ivy Cudgel|p1a: Inteleon|[anim] Ivy Cudgel Water\n|-resisted|p1a: Inteleon\n|-damage|p1a: Inteleon|5\/100\n|\n|upkeep\n|turn|26\n|\n|t:|1700207044\n|move|p1a: Inteleon|Shadow Ball|p2a: Ogerpon\n|-damage|p2a: Ogerpon|27\/100\n|move|p2a: Ogerpon|Ivy Cudgel|p1a: Inteleon|[anim] Ivy Cudgel Water\n|-resisted|p1a: Inteleon\n|-damage|p1a: Inteleon|0 fnt\n|faint|p1a: Inteleon\n|\n|win|jarrengoh\n|raw|KC_Gaming25's rating: 1053 &rarr; <strong>1035<\/strong><br \/>(-18 for losing)\n|raw|jarrengoh's rating: 1045 &rarr; <strong>1079<\/strong><br \/>(+34 for winning)\n|l|\u2606KC_Gaming25\n|c|\u2606jarrengoh|https:\/\/omniscientreadersmanga.online\/manga\/omniscient-reader-chapter-181\/\n","uploadtime":1700207062,"views":4,"p1id":"kcgaming25","p2id":"jarrengoh","formatid":"gen9anythinggoes","rating":1035,"private":0,"password":""}