{"id":"gen9anythinggoes-1986605425","p1":"Susmaster77","p2":"KEV4KEV","format":"[Gen 9] Anything Goes","log":"|j|\u2606Susmaster77\n|j|\u2606KEV4KEV\n|t:|1699497060\n|gametype|singles\n|player|p1|Susmaster77|101|1439\n|player|p2|KEV4KEV|giovanni|1436\n|teamsize|p1|6\n|teamsize|p2|6\n|gen|9\n|tier|[Gen 9] Anything Goes\n|rated|\n|rule|HP Percentage Mod: HP is shown in percentages\n|rule|Endless Battle Clause: Forcing endless battles is banned\n|clearpoke\n|poke|p1|Zacian-*|\n|poke|p1|Zacian-*|\n|poke|p1|Zacian-*|\n|poke|p1|Zacian-*|\n|poke|p1|Zacian-*|\n|poke|p1|Zacian-*|\n|poke|p2|Giratina|\n|poke|p2|Shaymin|\n|poke|p2|Shaymin-Sky|\n|poke|p2|Manaphy|\n|poke|p2|Darkrai|\n|poke|p2|Arceus|\n|teampreview\n|inactive|Battle timer is ON: inactive players will automatically lose when time's up. (requested by Susmaster77)\n|\n|t:|1699497072\n|start\n|switch|p1a: perry|Zacian-Crowned, shiny|100\/100\n|switch|p2a: Manaphy|Manaphy, shiny|100\/100\n|-ability|p1a: perry|Intrepid Sword|boost\n|-boost|p1a: perry|atk|1\n|turn|1\n|c|\u2606Susmaster77|I am allowed to play this so therefore I shall play this\n|\n|t:|1699497079\n|move|p1a: perry|Play Rough|p2a: Manaphy\n|-damage|p2a: Manaphy|37\/100\n|move|p2a: Manaphy|Acid Armor|p2a: Manaphy\n|-boost|p2a: Manaphy|def|2\n|\n|-heal|p2a: Manaphy|43\/100|[from] item: Leftovers\n|upkeep\n|turn|2\n|c|\u2606KEV4KEV|fair\n|\n|t:|1699497088\n|move|p1a: perry|Swords Dance|p1a: perry\n|-boost|p1a: perry|atk|2\n|move|p2a: Manaphy|Acid Armor|p2a: Manaphy\n|-boost|p2a: Manaphy|def|2\n|\n|-heal|p2a: Manaphy|50\/100|[from] item: Leftovers\n|upkeep\n|turn|3\n|\n|t:|1699497100\n|move|p1a: perry|Swords Dance|p1a: perry\n|-boost|p1a: perry|atk|2\n|move|p2a: Manaphy|Tail Glow|p2a: Manaphy\n|-boost|p2a: Manaphy|spa|3\n|\n|-heal|p2a: Manaphy|56\/100|[from] item: Leftovers\n|upkeep\n|turn|4\n|\n|t:|1699497108\n|move|p1a: perry|Swords Dance|p1a: perry\n|-boost|p1a: perry|atk|1\n|move|p2a: Manaphy|Scald|p1a: perry\n|-damage|p1a: perry|29\/100\n|-status|p1a: perry|brn\n|\n|-heal|p2a: Manaphy|62\/100|[from] item: Leftovers\n|-damage|p1a: perry|23\/100 brn|[from] brn\n|upkeep\n|turn|5\n|\n|t:|1699497118\n|move|p1a: perry|Play Rough|p2a: Manaphy\n|-damage|p2a: Manaphy|31\/100\n|move|p2a: Manaphy|Scald|p1a: perry\n|-damage|p1a: perry|0 fnt\n|faint|p1a: perry\n|\n|-heal|p2a: Manaphy|37\/100|[from] item: Leftovers\n|upkeep\n|\n|t:|1699497124\n|switch|p1a: jarry|Zacian-Crowned, shiny|100\/100\n|-ability|p1a: jarry|Intrepid Sword|boost\n|-boost|p1a: jarry|atk|1\n|turn|6\n|\n|t:|1699497131\n|move|p1a: jarry|Crunch|p2a: Manaphy\n|-damage|p2a: Manaphy|24\/100\n|move|p2a: Manaphy|Tail Glow|p2a: Manaphy\n|-boost|p2a: Manaphy|spa|3\n|\n|-heal|p2a: Manaphy|30\/100|[from] item: Leftovers\n|upkeep\n|turn|7\n|\n|t:|1699497137\n|move|p1a: jarry|Crunch|p2a: Manaphy\n|-damage|p2a: Manaphy|17\/100\n|move|p2a: Manaphy|Scald|p1a: jarry\n|-damage|p1a: jarry|0 fnt\n|faint|p1a: jarry\n|\n|-heal|p2a: Manaphy|24\/100|[from] item: Leftovers\n|upkeep\n|\n|t:|1699497143\n|switch|p1a: terry|Zacian-Crowned, shiny|100\/100\n|-ability|p1a: terry|Intrepid Sword|boost\n|-boost|p1a: terry|atk|1\n|turn|8\n|\n|t:|1699497148\n|move|p1a: terry|Crunch|p2a: Manaphy\n|-damage|p2a: Manaphy|10\/100\n|move|p2a: Manaphy|Scald|p1a: terry\n|-damage|p1a: terry|0 fnt\n|faint|p1a: terry\n|\n|-heal|p2a: Manaphy|16\/100|[from] item: Leftovers\n|upkeep\n|\n|t:|1699497152\n|switch|p1a: harry|Zacian-Crowned, shiny|100\/100\n|-ability|p1a: harry|Intrepid Sword|boost\n|-boost|p1a: harry|atk|1\n|turn|9\n|\n|t:|1699497159\n|move|p1a: harry|Crunch|p2a: Manaphy\n|-damage|p2a: Manaphy|2\/100\n|move|p2a: Manaphy|Scald|p1a: harry\n|-damage|p1a: harry|0 fnt\n|faint|p1a: harry\n|\n|-heal|p2a: Manaphy|8\/100|[from] item: Leftovers\n|upkeep\n|c|\u2606KEV4KEV|four for the price of one is not bad\n|inactive|Susmaster77 has 120 seconds left.\n|\n|t:|1699497192\n|switch|p1a: berry|Zacian-Crowned, shiny|100\/100\n|-ability|p1a: berry|Intrepid Sword|boost\n|-boost|p1a: berry|atk|1\n|turn|10\n|\n|t:|1699497199\n|move|p1a: berry|Crunch|p2a: Manaphy\n|-damage|p2a: Manaphy|0 fnt\n|faint|p2a: Manaphy\n|\n|upkeep\n|\n|t:|1699497204\n|switch|p2a: Shaymin|Shaymin, shiny|100\/100\n|turn|11\n|c|\u2606Susmaster77|looooooooooool\n|\n|t:|1699497210\n|move|p1a: berry|Play Rough|p2a: Shaymin\n|-damage|p2a: Shaymin|35\/100\n|move|p2a: Shaymin|Leech Seed|p1a: berry\n|-start|p1a: berry|move: Leech Seed\n|\n|-heal|p2a: Shaymin|41\/100|[from] item: Leftovers\n|-damage|p1a: berry|88\/100|[from] Leech Seed|[of] p2a: Shaymin\n|-heal|p2a: Shaymin|51\/100|[silent]\n|upkeep\n|turn|12\n|\n|t:|1699497218\n|move|p2a: Shaymin|Protect|p2a: Shaymin\n|-singleturn|p2a: Shaymin|Protect\n|move|p1a: berry|Play Rough|p2a: Shaymin\n|-activate|p2a: Shaymin|move: Protect\n|\n|-heal|p2a: Shaymin|57\/100|[from] item: Leftovers\n|-damage|p1a: berry|76\/100|[from] Leech Seed|[of] p2a: Shaymin\n|-heal|p2a: Shaymin|67\/100|[silent]\n|upkeep\n|turn|13\n|\n|t:|1699497236\n|move|p1a: berry|Play Rough|p2a: Shaymin\n|-damage|p2a: Shaymin|3\/100\n|move|p2a: Shaymin|Giga Drain|p1a: berry\n|-resisted|p1a: berry\n|-damage|p1a: berry|63\/100\n|-heal|p2a: Shaymin|8\/100|[from] drain|[of] p1a: berry\n|\n|-heal|p2a: Shaymin|14\/100|[from] item: Leftovers\n|-damage|p1a: berry|51\/100|[from] Leech Seed|[of] p2a: Shaymin\n|-heal|p2a: Shaymin|24\/100|[silent]\n|upkeep\n|turn|14\n|\n|t:|1699497249\n|move|p1a: berry|Swords Dance|p1a: berry\n|-boost|p1a: berry|atk|2\n|move|p2a: Shaymin|Giga Drain|p1a: berry\n|-resisted|p1a: berry\n|-damage|p1a: berry|39\/100\n|-heal|p2a: Shaymin|29\/100|[from] drain|[of] p1a: berry\n|\n|-heal|p2a: Shaymin|35\/100|[from] item: Leftovers\n|-damage|p1a: berry|27\/100|[from] Leech Seed|[of] p2a: Shaymin\n|-heal|p2a: Shaymin|45\/100|[silent]\n|upkeep\n|turn|15\n|\n|t:|1699497258\n|move|p2a: Shaymin|Protect|p2a: Shaymin\n|-singleturn|p2a: Shaymin|Protect\n|move|p1a: berry|Play Rough|p2a: Shaymin\n|-activate|p2a: Shaymin|move: Protect\n|\n|-heal|p2a: Shaymin|51\/100|[from] item: Leftovers\n|-damage|p1a: berry|14\/100|[from] Leech Seed|[of] p2a: Shaymin\n|-heal|p2a: Shaymin|61\/100|[silent]\n|upkeep\n|turn|16\n|\n|t:|1699497267\n|move|p2a: Shaymin|Protect|p2a: Shaymin\n|-singleturn|p2a: Shaymin|Protect\n|move|p1a: berry|Play Rough|p2a: Shaymin\n|-activate|p2a: Shaymin|move: Protect\n|\n|-heal|p2a: Shaymin|67\/100|[from] item: Leftovers\n|-damage|p1a: berry|2\/100|[from] Leech Seed|[of] p2a: Shaymin\n|-heal|p2a: Shaymin|77\/100|[silent]\n|upkeep\n|turn|17\n|\n|t:|1699497279\n|move|p1a: berry|Play Rough|p2a: Shaymin\n|-damage|p2a: Shaymin|0 fnt\n|faint|p2a: Shaymin\n|\n|upkeep\n|c|\u2606Susmaster77|wtf is ur luck lmao\n|\n|t:|1699497284\n|switch|p2a: Shaymin|Shaymin-Sky|100\/100\n|turn|18\n|\n|t:|1699497287\n|switch|p1a: mary|Zacian-Crowned, shiny|100\/100\n|-ability|p1a: mary|Intrepid Sword|boost\n|-boost|p1a: mary|atk|1\n|move|p2a: Shaymin|Air Slash|p1a: mary\n|-resisted|p1a: mary\n|-damage|p1a: mary|88\/100\n|\n|upkeep\n|turn|19\n|\n|t:|1699497298\n|move|p2a: Shaymin|Air Slash|p1a: mary\n|-resisted|p1a: mary\n|-damage|p1a: mary|76\/100\n|move|p1a: mary|Swords Dance|p1a: mary\n|-boost|p1a: mary|atk|2\n|\n|upkeep\n|turn|20\n|\n|t:|1699497308\n|move|p2a: Shaymin|Air Slash|p1a: mary\n|-resisted|p1a: mary\n|-damage|p1a: mary|64\/100\n|cant|p1a: mary|flinch\n|\n|upkeep\n|turn|21\n|\n|t:|1699497313\n|move|p2a: Shaymin|Air Slash|p1a: mary\n|-resisted|p1a: mary\n|-damage|p1a: mary|50\/100\n|cant|p1a: mary|flinch\n|\n|upkeep\n|turn|22\n|\n|t:|1699497329\n|move|p2a: Shaymin|Air Slash|p1a: mary\n|-resisted|p1a: mary\n|-damage|p1a: mary|37\/100\n|cant|p1a: mary|flinch\n|\n|upkeep\n|turn|23\n|c|\u2606Susmaster77|MOVE YOU STUPID DOG\n|\n|t:|1699497347\n|move|p2a: Shaymin|Air Slash|p1a: mary\n|-resisted|p1a: mary\n|-damage|p1a: mary|25\/100\n|move|p1a: mary|Play Rough|p2a: Shaymin\n|-damage|p2a: Shaymin|0 fnt\n|faint|p2a: Shaymin\n|\n|upkeep\n|c|\u2606KEV4KEV|loll\n|\n|t:|1699497357\n|switch|p2a: Arceus|Arceus|100\/100\n|turn|24\n|\n|t:|1699497365\n|move|p2a: Arceus|Extreme Speed|p1a: mary\n|-resisted|p1a: mary\n|-damage|p1a: mary|4\/100\n|move|p1a: mary|Behemoth Blade|p2a: Arceus\n|-damage|p2a: Arceus|13\/100\n|\n|upkeep\n|turn|25\n|c|\u2606Susmaster77|NOPE\n|c|\u2606KEV4KEV|gg\n|-message|Susmaster77 forfeited.\n|\n|win|KEV4KEV\n|raw|Susmaster77's rating: 1439 &rarr; <strong>1419<\/strong><br \/>(-20 for losing)\n|raw|KEV4KEV's rating: 1436 &rarr; <strong>1456<\/strong><br \/>(+20 for winning)\n|l|\u2606Susmaster77\n","uploadtime":1699497387,"views":20,"p1id":"susmaster77","p2id":"kev4kev","formatid":"gen9anythinggoes","rating":1419,"private":0,"password":""}