{"id":"gen9anythinggoes-1990065412","p1":"LITLE0","p2":"crazy1wascra","format":"[Gen 9] Anything Goes","log":"|j|\u2606LITLE0\n|j|\u2606crazy1wascra\n|t:|1699920807\n|gametype|singles\n|player|p1|LITLE0|brock|1080\n|player|p2|crazy1wascra|emmet|1085\n|teamsize|p1|3\n|teamsize|p2|6\n|gen|9\n|tier|[Gen 9] Anything Goes\n|rated|\n|rule|HP Percentage Mod: HP is shown in percentages\n|rule|Endless Battle Clause: Forcing endless battles is banned\n|clearpoke\n|poke|p1|Arceus-Fire|\n|poke|p1|Medicham, M|\n|poke|p1|Volbeat, M|\n|poke|p2|Jolteon, M|\n|poke|p2|Cinderace, F|\n|poke|p2|Mew|\n|poke|p2|Mewtwo|\n|poke|p2|Chi-Yu|\n|poke|p2|Espathra, M|\n|teampreview\n|\n|t:|1699920825\n|start\n|switch|p1a: Volbeat|Volbeat, M|100\/100\n|switch|p2a: Espathra|Espathra, M|100\/100\n|turn|1\n|\n|t:|1699920833\n|move|p2a: Espathra|Calm Mind|p2a: Espathra\n|-boost|p2a: Espathra|spa|1\n|-boost|p2a: Espathra|spd|1\n|move|p1a: Volbeat|Lunge|p2a: Espathra\n|-supereffective|p2a: Espathra\n|-damage|p2a: Espathra|35\/100\n|-unboost|p2a: Espathra|atk|1\n|\n|-heal|p2a: Espathra|41\/100|[from] item: Leftovers\n|-ability|p2a: Espathra|Speed Boost|boost\n|-boost|p2a: Espathra|spe|1\n|upkeep\n|turn|2\n|\n|t:|1699920845\n|move|p2a: Espathra|Baton Pass|p2a: Espathra\n|\n|t:|1699920847\n|switch|p2a: Mew|Mew|100\/100|[from] Baton Pass\n|move|p1a: Volbeat|Lunge|p2a: Mew\n|-supereffective|p2a: Mew\n|-damage|p2a: Mew|71\/100\n|-unboost|p2a: Mew|atk|1\n|\n|upkeep\n|turn|3\n|\n|t:|1699920856\n|move|p1a: Volbeat|Substitute|p1a: Volbeat\n|-start|p1a: Volbeat|Substitute\n|-damage|p1a: Volbeat|76\/100\n|move|p2a: Mew|Bulk Up|p2a: Mew\n|-boost|p2a: Mew|atk|1\n|-boost|p2a: Mew|def|1\n|\n|upkeep\n|turn|4\n|\n|t:|1699920862\n|move|p1a: Volbeat|Baton Pass|p1a: Volbeat\n|\n|t:|1699920865\n|switch|p1a: Medicham|Medicham, M|100\/100|[from] Baton Pass\n|move|p2a: Mew|Calm Mind|p2a: Mew\n|-boost|p2a: Mew|spa|1\n|-boost|p2a: Mew|spd|1\n|\n|upkeep\n|turn|5\n|\n|t:|1699920872\n|move|p2a: Mew|Bulk Up|p2a: Mew\n|-boost|p2a: Mew|atk|1\n|-boost|p2a: Mew|def|1\n|move|p1a: Medicham|Acupressure|p1a: Medicham\n|-boost|p1a: Medicham|spd|2\n|\n|upkeep\n|turn|6\n|\n|t:|1699920879\n|move|p2a: Mew|Bulk Up|p2a: Mew\n|-boost|p2a: Mew|atk|1\n|-boost|p2a: Mew|def|1\n|move|p1a: Medicham|Acupressure|p1a: Medicham\n|-boost|p1a: Medicham|evasion|2\n|\n|upkeep\n|turn|7\n|\n|t:|1699920885\n|move|p2a: Mew|Bulk Up|p2a: Mew\n|-boost|p2a: Mew|atk|1\n|-boost|p2a: Mew|def|1\n|move|p1a: Medicham|Acupressure|p1a: Medicham\n|-boost|p1a: Medicham|accuracy|2\n|\n|upkeep\n|turn|8\n|\n|t:|1699920892\n|move|p2a: Mew|Bulk Up|p2a: Mew\n|-boost|p2a: Mew|atk|1\n|-boost|p2a: Mew|def|1\n|move|p1a: Medicham|Acupressure|p1a: Medicham\n|-boost|p1a: Medicham|spe|2\n|\n|upkeep\n|turn|9\n|\n|t:|1699920899\n|move|p1a: Medicham|Acupressure|p1a: Medicham\n|-boost|p1a: Medicham|evasion|2\n|move|p2a: Mew|Agility|p2a: Mew\n|-boost|p2a: Mew|spe|2\n|\n|upkeep\n|turn|10\n|\n|t:|1699920908\n|move|p2a: Mew|Agility|p2a: Mew\n|-boost|p2a: Mew|spe|2\n|move|p1a: Medicham|Acupressure|p1a: Medicham\n|-boost|p1a: Medicham|spa|2\n|\n|upkeep\n|turn|11\n|\n|t:|1699920916\n|move|p2a: Mew|Calm Mind|p2a: Mew\n|-boost|p2a: Mew|spa|1\n|-boost|p2a: Mew|spd|1\n|move|p1a: Medicham|Acupressure|p1a: Medicham\n|-boost|p1a: Medicham|evasion|2\n|\n|upkeep\n|turn|12\n|\n|t:|1699920922\n|move|p2a: Mew|Bulk Up|p2a: Mew\n|-boost|p2a: Mew|atk|1\n|-boost|p2a: Mew|def|1\n|move|p1a: Medicham|Acupressure|p1a: Medicham\n|-boost|p1a: Medicham|spa|2\n|\n|upkeep\n|turn|13\n|\n|t:|1699920930\n|move|p2a: Mew|Bulk Up|p2a: Mew\n|-boost|p2a: Mew|atk|1\n|-boost|p2a: Mew|def|0\n|move|p1a: Medicham|Acupressure|p1a: Medicham\n|-boost|p1a: Medicham|spa|2\n|\n|upkeep\n|turn|14\n|\n|t:|1699920937\n|move|p2a: Mew|Calm Mind|p2a: Mew\n|-boost|p2a: Mew|spa|1\n|-boost|p2a: Mew|spd|1\n|move|p1a: Medicham|Acupressure|p1a: Medicham\n|-boost|p1a: Medicham|atk|2\n|\n|upkeep\n|turn|15\n|\n|t:|1699920943\n|move|p2a: Mew|Calm Mind|p2a: Mew\n|-boost|p2a: Mew|spa|1\n|-boost|p2a: Mew|spd|1\n|move|p1a: Medicham|Acupressure|p1a: Medicham\n|-boost|p1a: Medicham|spd|2\n|\n|upkeep\n|turn|16\n|\n|t:|1699920949\n|move|p2a: Mew|Calm Mind|p2a: Mew\n|-boost|p2a: Mew|spa|1\n|-boost|p2a: Mew|spd|1\n|move|p1a: Medicham|Acupressure|p1a: Medicham\n|-boost|p1a: Medicham|accuracy|2\n|\n|upkeep\n|turn|17\n|\n|t:|1699920955\n|move|p2a: Mew|Bulk Up|p2a: Mew\n|-boost|p2a: Mew|atk|1\n|-boost|p2a: Mew|def|0\n|move|p1a: Medicham|Acupressure|p1a: Medicham\n|-boost|p1a: Medicham|atk|2\n|\n|upkeep\n|turn|18\n|\n|t:|1699920961\n|move|p2a: Mew|Agility|p2a: Mew\n|-boost|p2a: Mew|spe|1\n|move|p1a: Medicham|Acupressure|p1a: Medicham\n|-boost|p1a: Medicham|atk|2\n|\n|upkeep\n|turn|19\n|\n|t:|1699920970\n|move|p2a: Mew|Baton Pass|p2a: Mew\n|\n|t:|1699920973\n|switch|p2a: Mewtwo|Mewtwo|100\/100|[from] Baton Pass\n|-ability|p2a: Mewtwo|Pressure\n|move|p1a: Medicham|Ice Punch|p2a: Mewtwo\n|-damage|p2a: Mewtwo|74\/100\n|\n|upkeep\n|turn|20\n|\n|t:|1699920982\n|-terastallize|p2a: Mewtwo|Psychic\n|move|p2a: Mewtwo|Stored Power|p1a: Medicham\n|-end|p1a: Medicham|Substitute\n|move|p1a: Medicham|Ice Punch|p2a: Mewtwo\n|-damage|p2a: Mewtwo|46\/100\n|\n|upkeep\n|turn|21\n|\n|t:|1699920990\n|-terastallize|p1a: Medicham|Ice\n|move|p2a: Mewtwo|Stored Power|p1a: Medicham|[miss]\n|-miss|p2a: Mewtwo|p1a: Medicham\n|move|p1a: Medicham|Ice Punch|p2a: Mewtwo\n|-damage|p2a: Mewtwo|4\/100\n|\n|upkeep\n|turn|22\n|\n|t:|1699920997\n|move|p2a: Mewtwo|Stored Power|p1a: Medicham|[miss]\n|-miss|p2a: Mewtwo|p1a: Medicham\n|move|p1a: Medicham|Ice Punch|p2a: Mewtwo\n|-damage|p2a: Mewtwo|0 fnt\n|faint|p2a: Mewtwo\n|\n|upkeep\n|-message|crazy1wascra forfeited.\n|\n|win|LITLE0\n|raw|LITLE0's rating: 1080 &rarr; <strong>1108<\/strong><br \/>(+28 for winning)\n|raw|crazy1wascra's rating: 1085 &rarr; <strong>1062<\/strong><br \/>(-23 for losing)\n|l|\u2606crazy1wascra\n","uploadtime":1699921012,"views":6,"p1id":"litle0","p2id":"crazy1wascra","formatid":"gen9anythinggoes","rating":1062,"private":0,"password":""}