{"id":"gen9anythinggoes-1985091914","p1":"specialker","p2":"Captain Carbs","format":"[Gen 9] Anything Goes","log":"|j|\u2606specialker\n|j|\u2606Captain Carbs\n|t:|1699329727\n|gametype|singles\n|player|p1|specialker|170|1106\n|player|p2|Captain Carbs|hiker-gen4|1266\n|teamsize|p1|6\n|teamsize|p2|6\n|gen|9\n|tier|[Gen 9] Anything Goes\n|rated|\n|rule|HP Percentage Mod: HP is shown in percentages\n|rule|Endless Battle Clause: Forcing endless battles is banned\n|clearpoke\n|poke|p1|Espeon, M|\n|poke|p1|Scream Tail|\n|poke|p1|Espathra, M|\n|poke|p1|Drifblim, M|\n|poke|p1|Farigiraf, F|\n|poke|p1|Lechonk, F|\n|poke|p2|Shaymin-Sky|\n|poke|p2|Mewtwo|\n|poke|p2|Gyarados, F|\n|poke|p2|Scovillain, F|\n|poke|p2|Scizor, F|\n|poke|p2|Calyrex-Shadow|\n|teampreview\n|inactive|Battle timer is ON: inactive players will automatically lose when time's up. (requested by Captain Carbs)\n|inactive|Captain Carbs has 120 seconds left.\n|inactive|Captain Carbs has 90 seconds left.\n|inactive|Captain Carbs has 60 seconds left.\n|inactive|Captain Carbs has 30 seconds left.\n|\n|t:|1699329857\n|start\n|switch|p1a: Scream Tail|Scream Tail|100\/100\n|switch|p2a: Stop Flinching!|Shaymin-Sky, shiny|100\/100\n|-enditem|p1a: Scream Tail|Booster Energy\n|-activate|p1a: Scream Tail|ability: Protosynthesis|[fromitem]\n|-start|p1a: Scream Tail|protosynthesisspe\n|turn|1\n|inactive|Captain Carbs has 90 seconds left.\n|\n|t:|1699329872\n|move|p1a: Scream Tail|Bulk Up|p1a: Scream Tail\n|-boost|p1a: Scream Tail|atk|1\n|-boost|p1a: Scream Tail|def|1\n|move|p2a: Stop Flinching!|Substitute|p2a: Stop Flinching!\n|-start|p2a: Stop Flinching!|Substitute\n|-damage|p2a: Stop Flinching!|76\/100\n|\n|upkeep\n|turn|2\n|inactive|Captain Carbs has 90 seconds left.\n|\n|t:|1699329882\n|move|p1a: Scream Tail|Substitute|p1a: Scream Tail\n|-start|p1a: Scream Tail|Substitute\n|-damage|p1a: Scream Tail|76\/100\n|move|p2a: Stop Flinching!|Swords Dance|p2a: Stop Flinching!\n|-boost|p2a: Stop Flinching!|atk|2\n|\n|upkeep\n|turn|3\n|\n|t:|1699329889\n|move|p1a: Scream Tail|Bulk Up|p1a: Scream Tail\n|-boost|p1a: Scream Tail|atk|1\n|-boost|p1a: Scream Tail|def|1\n|move|p2a: Stop Flinching!|Air Slash|p1a: Scream Tail\n|-end|p1a: Scream Tail|Substitute\n|\n|upkeep\n|turn|4\n|\n|t:|1699329903\n|move|p1a: Scream Tail|Baton Pass|p1a: Scream Tail\n|\n|t:|1699329909\n|-end|p1a: Scream Tail|Protosynthesis|[silent]\n|switch|p1a: Espathra|Espathra, M|100\/100|[from] Baton Pass\n|move|p2a: Stop Flinching!|Leech Seed|p1a: Espathra|[miss]\n|-miss|p2a: Stop Flinching!|p1a: Espathra\n|\n|upkeep\n|turn|5\n|\n|t:|1699329916\n|move|p1a: Espathra|Protect|p1a: Espathra\n|-singleturn|p1a: Espathra|Protect\n|move|p2a: Stop Flinching!|Leech Seed|p1a: Espathra\n|-activate|p1a: Espathra|move: Protect\n|\n|-ability|p1a: Espathra|Speed Boost|boost\n|-boost|p1a: Espathra|spe|1\n|upkeep\n|turn|6\n|inactive|Captain Carbs has 120 seconds left.\n|\n|t:|1699329925\n|move|p1a: Espathra|Substitute|p1a: Espathra\n|-start|p1a: Espathra|Substitute\n|-damage|p1a: Espathra|76\/100\n|move|p2a: Stop Flinching!|Swords Dance|p2a: Stop Flinching!\n|-boost|p2a: Stop Flinching!|atk|2\n|\n|-heal|p1a: Espathra|82\/100|[from] item: Leftovers\n|-ability|p1a: Espathra|Speed Boost|boost\n|-boost|p1a: Espathra|spe|1\n|upkeep\n|turn|7\n|\n|t:|1699329932\n|move|p1a: Espathra|Baton Pass|p1a: Espathra\n|\n|t:|1699329934\n|switch|p1a: Drifblim|Drifblim, M, shiny|100\/100|[from] Baton Pass\n|move|p2a: Stop Flinching!|Air Slash|p1a: Drifblim\n|-end|p1a: Drifblim|Substitute\n|\n|upkeep\n|turn|8\n|\n|t:|1699329942\n|move|p1a: Drifblim|Minimize|p1a: Drifblim\n|-boost|p1a: Drifblim|evasion|2\n|move|p2a: Stop Flinching!|Leech Seed|p1a: Drifblim|[miss]\n|-miss|p2a: Stop Flinching!|p1a: Drifblim\n|\n|upkeep\n|turn|9\n|\n|t:|1699329946\n|move|p1a: Drifblim|Minimize|p1a: Drifblim\n|-boost|p1a: Drifblim|evasion|2\n|move|p2a: Stop Flinching!|Leech Seed|p1a: Drifblim\n|-start|p1a: Drifblim|move: Leech Seed\n|\n|-damage|p1a: Drifblim|88\/100|[from] Leech Seed|[of] p2a: Stop Flinching!\n|-heal|p2a: Stop Flinching!|94\/100|[silent]\n|upkeep\n|turn|10\n|\n|t:|1699329952\n|move|p1a: Drifblim|Minimize|p1a: Drifblim\n|-boost|p1a: Drifblim|evasion|2\n|move|p2a: Stop Flinching!|Air Slash|p1a: Drifblim\n|-damage|p1a: Drifblim|48\/100\n|-enditem|p1a: Drifblim|Sitrus Berry|[eat]\n|-heal|p1a: Drifblim|73\/100|[from] item: Sitrus Berry\n|\n|-damage|p1a: Drifblim|60\/100|[from] Leech Seed|[of] p2a: Stop Flinching!\n|-heal|p2a: Stop Flinching!|100\/100|[silent]\n|upkeep\n|turn|11\n|\n|t:|1699329961\n|move|p1a: Drifblim|Clear Smog|p2a: Stop Flinching!\n|-supereffective|p2a: Stop Flinching!\n|-end|p2a: Stop Flinching!|Substitute\n|move|p2a: Stop Flinching!|Air Slash|p1a: Drifblim|[miss]\n|-miss|p2a: Stop Flinching!|p1a: Drifblim\n|\n|-damage|p1a: Drifblim|48\/100|[from] Leech Seed|[of] p2a: Stop Flinching!\n|upkeep\n|turn|12\n|\n|t:|1699329969\n|move|p1a: Drifblim|Clear Smog|p2a: Stop Flinching!\n|-supereffective|p2a: Stop Flinching!\n|-damage|p2a: Stop Flinching!|73\/100\n|-clearboost|p2a: Stop Flinching!\n|move|p2a: Stop Flinching!|Substitute|p2a: Stop Flinching!\n|-start|p2a: Stop Flinching!|Substitute\n|-damage|p2a: Stop Flinching!|48\/100\n|\n|-damage|p1a: Drifblim|35\/100|[from] Leech Seed|[of] p2a: Stop Flinching!\n|-heal|p2a: Stop Flinching!|67\/100|[silent]\n|upkeep\n|turn|13\n|\n|t:|1699329976\n|move|p1a: Drifblim|Clear Smog|p2a: Stop Flinching!\n|-supereffective|p2a: Stop Flinching!\n|-end|p2a: Stop Flinching!|Substitute\n|move|p2a: Stop Flinching!|Air Slash|p1a: Drifblim\n|-damage|p1a: Drifblim|0 fnt\n|faint|p1a: Drifblim\n|\n|upkeep\n|c|\u2606Captain Carbs|all that set-up\n|\n|t:|1699329988\n|switch|p1a: Espeon|Espeon, M, shiny|100\/100\n|turn|14\n|\n|t:|1699329996\n|move|p2a: Stop Flinching!|Air Slash|p1a: Espeon\n|-damage|p1a: Espeon|49\/100\n|cant|p1a: Espeon|flinch\n|\n|-heal|p1a: Espeon|55\/100|[from] item: Leftovers\n|upkeep\n|turn|15\n|-message|specialker forfeited.\n|\n|win|Captain Carbs\n|raw|specialker's rating: 1106 &rarr; <strong>1092<\/strong><br \/>(-14 for losing)\n|raw|Captain Carbs's rating: 1266 &rarr; <strong>1280<\/strong><br \/>(+14 for winning)\n|l|\u2606specialker\n","uploadtime":1699330052,"views":4,"p1id":"specialker","p2id":"captaincarbs","formatid":"gen9anythinggoes","rating":1092,"private":0,"password":""}