{"id":"gen9anythinggoes-1998030265","p1":"SkullHoodie","p2":"Mr Pinehurst","format":"[Gen 9] Anything Goes","log":"|j|\u2606SkullHoodie\n|j|\u2606Mr Pinehurst\n|t:|1700881135\n|gametype|singles\n|player|p1|SkullHoodie|az|1261\n|player|p2|Mr Pinehurst|266|1248\n|teamsize|p1|6\n|teamsize|p2|6\n|gen|9\n|tier|[Gen 9] Anything Goes\n|rated|\n|rule|HP Percentage Mod: HP is shown in percentages\n|rule|Endless Battle Clause: Forcing endless battles is banned\n|clearpoke\n|poke|p1|Mimikyu, M|\n|poke|p1|Slaking, M|\n|poke|p1|Vaporeon, F|\n|poke|p1|Clodsire, M|\n|poke|p1|Eelektross, M|\n|poke|p1|Annihilape, M|\n|poke|p2|Maushold-Four|\n|poke|p2|Flutter Mane|\n|poke|p2|Miraidon|\n|poke|p2|Rabsca, M|\n|poke|p2|Garganacl, F|\n|poke|p2|Houndstone, M|\n|teampreview\n|inactive|Battle timer is ON: inactive players will automatically lose when time's up. (requested by SkullHoodie)\n|\n|t:|1700881150\n|start\n|switch|p1a: Eelektross|Eelektross, M, shiny|100\/100\n|switch|p2a: Flutter Mane|Flutter Mane, shiny|100\/100\n|turn|1\n|\n|t:|1700881158\n|move|p2a: Flutter Mane|Moonblast|p1a: Eelektross\n|-damage|p1a: Eelektross|29\/100\n|-unboost|p1a: Eelektross|spa|1\n|-damage|p2a: Flutter Mane|91\/100|[from] item: Life Orb\n|move|p1a: Eelektross|Coil|p1a: Eelektross\n|-boost|p1a: Eelektross|atk|1\n|-boost|p1a: Eelektross|def|1\n|-boost|p1a: Eelektross|accuracy|1\n|\n|-heal|p1a: Eelektross|35\/100|[from] item: Leftovers\n|upkeep\n|turn|2\n|\n|t:|1700881169\n|move|p2a: Flutter Mane|Moonblast|p1a: Eelektross\n|-damage|p1a: Eelektross|0 fnt\n|faint|p1a: Eelektross\n|-damage|p2a: Flutter Mane|81\/100|[from] item: Life Orb\n|\n|upkeep\n|\n|t:|1700881182\n|switch|p1a: Slaking|Slaking, M|100\/100\n|turn|3\n|\n|t:|1700881185\n|move|p1a: Slaking|Sucker Punch|p2a: Flutter Mane\n|-damage|p2a: Flutter Mane|0 fnt\n|faint|p2a: Flutter Mane\n|-end|p2a: Flutter Mane|Protosynthesis|[silent]\n|\n|upkeep\n|\n|t:|1700881187\n|switch|p2a: Maushold|Maushold-Four|100\/100\n|turn|4\n|\n|t:|1700881192\n|switch|p1a: Mimikyu|Mimikyu, M, shiny|100\/100\n|move|p2a: Maushold|Encore||[still]\n|-fail|p2a: Maushold\n|\n|upkeep\n|turn|5\n|\n|t:|1700881197\n|move|p2a: Maushold|Tidy Up|p2a: Maushold\n|-boost|p2a: Maushold|atk|1\n|-boost|p2a: Maushold|spe|1\n|move|p1a: Mimikyu|Drain Punch|p2a: Maushold\n|-supereffective|p2a: Maushold\n|-damage|p2a: Maushold|23\/100\n|-damage|p1a: Mimikyu|91\/100|[from] item: Life Orb\n|\n|upkeep\n|turn|6\n|\n|t:|1700881217\n|move|p2a: Maushold|Baton Pass|p2a: Maushold\n|\n|t:|1700881220\n|switch|p2a: SSSReplacement|Garganacl, F, shiny|100\/100|[from] Baton Pass\n|move|p1a: Mimikyu|Drain Punch|p2a: SSSReplacement\n|-supereffective|p2a: SSSReplacement\n|-damage|p2a: SSSReplacement|62\/100\n|-heal|p1a: Mimikyu|100\/100|[from] drain|[of] p2a: SSSReplacement\n|-damage|p1a: Mimikyu|91\/100|[from] item: Life Orb\n|\n|-heal|p2a: SSSReplacement|68\/100|[from] item: Leftovers\n|upkeep\n|turn|7\n|\n|t:|1700881231\n|-terastallize|p2a: SSSReplacement|Fairy\n|move|p1a: Mimikyu|Swords Dance|p1a: Mimikyu\n|-boost|p1a: Mimikyu|atk|2\n|move|p2a: SSSReplacement|Iron Defense|p2a: SSSReplacement\n|-boost|p2a: SSSReplacement|def|2\n|\n|-heal|p2a: SSSReplacement|74\/100|[from] item: Leftovers\n|upkeep\n|turn|8\n|\n|t:|1700881240\n|move|p1a: Mimikyu|Play Rough|p2a: SSSReplacement\n|-damage|p2a: SSSReplacement|41\/100\n|-damage|p1a: Mimikyu|81\/100|[from] item: Life Orb\n|move|p2a: SSSReplacement|Salt Cure|p1a: Mimikyu\n|-activate|p1a: Mimikyu|ability: Disguise\n|-damage|p1a: Mimikyu|81\/100\n|-start|p1a: Mimikyu|Salt Cure\n|detailschange|p1a: Mimikyu|Mimikyu-Busted, M, shiny\n|-damage|p1a: Mimikyu|68\/100|[from] pokemon: Mimikyu-Busted\n|\n|-heal|p2a: SSSReplacement|47\/100|[from] item: Leftovers\n|-damage|p1a: Mimikyu|56\/100|[from] Salt Cure\n|upkeep\n|turn|9\n|\n|t:|1700881253\n|move|p1a: Mimikyu|Play Rough|p2a: SSSReplacement\n|-crit|p2a: SSSReplacement\n|-damage|p2a: SSSReplacement|0 fnt\n|faint|p2a: SSSReplacement\n|-damage|p1a: Mimikyu|46\/100|[from] item: Life Orb\n|\n|-damage|p1a: Mimikyu|34\/100|[from] Salt Cure\n|upkeep\n|\n|t:|1700881268\n|switch|p2a: Houndstone|Houndstone, M|100\/100\n|turn|10\n|\n|t:|1700881272\n|move|p1a: Mimikyu|Shadow Sneak|p2a: Houndstone\n|-supereffective|p2a: Houndstone\n|-damage|p2a: Houndstone|55\/100\n|-damage|p1a: Mimikyu|24\/100|[from] item: Life Orb\n|move|p2a: Houndstone|Shadow Sneak|p1a: Mimikyu\n|-supereffective|p1a: Mimikyu\n|-damage|p1a: Mimikyu|0 fnt\n|faint|p1a: Mimikyu\n|\n|upkeep\n|\n|t:|1700881281\n|switch|p1a: Slaking|Slaking, M|100\/100\n|turn|11\n|\n|t:|1700881286\n|switch|p2a: Rabsca|Rabsca, M, shiny|100\/100\n|move|p1a: Slaking|Sucker Punch||[still]\n|-fail|p1a: Slaking\n|\n|upkeep\n|turn|12\n|\n|t:|1700881293\n|switch|p1a: Clodsire|Clodsire, M, shiny|100\/100\n|move|p2a: Rabsca|Trick Room|p2a: Rabsca\n|-fieldstart|move: Trick Room|[of] p2a: Rabsca\n|\n|upkeep\n|turn|13\n|\n|t:|1700881298\n|move|p1a: Clodsire|Toxic|p2a: Rabsca\n|-status|p2a: Rabsca|tox\n|-activate|p2a: Rabsca|ability: Synchronize\n|-immune|p1a: Clodsire\n|move|p2a: Rabsca|Revival Blessing|p2a: Rabsca\n|-enditem|p2a: Rabsca|Leppa Berry|[eat]\n|-activate|p2a: Rabsca|item: Leppa Berry|Revival Blessing|[consumed]\n|\n|t:|1700881302\n|-heal|p2: SSSReplacement|50\/100|[from] move: Revival Blessing\n|\n|-damage|p2a: Rabsca|94\/100 tox|[from] psn\n|upkeep\n|turn|14\n|\n|t:|1700881310\n|move|p1a: Clodsire|Earthquake|p2a: Rabsca\n|-resisted|p2a: Rabsca\n|-damage|p2a: Rabsca|83\/100 tox\n|move|p2a: Rabsca|Revival Blessing|p2a: Rabsca\n|\n|t:|1700881312\n|-heal|p2: Flutter Mane|50\/100|[from] move: Revival Blessing\n|\n|-damage|p2a: Rabsca|71\/100 tox|[from] psn\n|upkeep\n|turn|15\n|inactive|Mr Pinehurst has 120 seconds left.\n|\n|t:|1700881356\n|switch|p1a: Slaking|Slaking, M|100\/100\n|move|p2a: Rabsca|Memento|p1a: Slaking\n|-unboost|p1a: Slaking|atk|2\n|-unboost|p1a: Slaking|spa|2\n|faint|p2a: Rabsca\n|\n|upkeep\n|\n|t:|1700881378\n|switch|p2a: SSSReplacement|Garganacl, F, shiny|50\/100\n|turn|16\n|\n|t:|1700881382\n|move|p2a: SSSReplacement|Iron Defense|p2a: SSSReplacement\n|-boost|p2a: SSSReplacement|def|2\n|move|p1a: Slaking|Giga Impact|p2a: SSSReplacement|[miss]\n|-miss|p1a: Slaking|p2a: SSSReplacement\n|\n|-heal|p2a: SSSReplacement|57\/100|[from] item: Leftovers\n|-fieldend|move: Trick Room\n|upkeep\n|turn|17\n|\n|t:|1700881390\n|-terastallize|p1a: Slaking|Normal\n|cant|p1a: Slaking|ability: Truant\n|move|p2a: SSSReplacement|Recover|p2a: SSSReplacement\n|-heal|p2a: SSSReplacement|100\/100\n|\n|upkeep\n|turn|18\n|inactive|Mr Pinehurst has 120 seconds left.\n|\n|t:|1700881396\n|move|p1a: Slaking|Giga Impact|p2a: SSSReplacement\n|-resisted|p2a: SSSReplacement\n|-damage|p2a: SSSReplacement|85\/100\n|-mustrecharge|p1a: Slaking\n|move|p2a: SSSReplacement|Body Press|p1a: Slaking\n|-supereffective|p1a: Slaking\n|-damage|p1a: Slaking|26\/100\n|\n|-heal|p2a: SSSReplacement|91\/100|[from] item: Leftovers\n|upkeep\n|turn|19\n|\n|t:|1700881405\n|cant|p1a: Slaking|recharge\n|move|p2a: SSSReplacement|Iron Defense|p2a: SSSReplacement\n|-boost|p2a: SSSReplacement|def|2\n|\n|-heal|p2a: SSSReplacement|97\/100|[from] item: Leftovers\n|upkeep\n|turn|20\n|\n|t:|1700881413\n|switch|p1a: Vaporeon|Vaporeon, F|100\/100\n|move|p2a: SSSReplacement|Iron Defense|p2a: SSSReplacement\n|-boost|p2a: SSSReplacement|def|2\n|\n|-heal|p2a: SSSReplacement|100\/100|[from] item: Leftovers\n|upkeep\n|turn|21\n|\n|t:|1700881420\n|move|p1a: Vaporeon|Ice Beam|p2a: SSSReplacement\n|-damage|p2a: SSSReplacement|84\/100\n|move|p2a: SSSReplacement|Salt Cure|p1a: Vaporeon\n|-damage|p1a: Vaporeon|84\/100\n|-start|p1a: Vaporeon|Salt Cure\n|\n|-heal|p1a: Vaporeon|90\/100|[from] item: Leftovers\n|-heal|p2a: SSSReplacement|91\/100|[from] item: Leftovers\n|-damage|p1a: Vaporeon|65\/100|[from] Salt Cure\n|upkeep\n|turn|22\n|\n|t:|1700881429\n|move|p1a: Vaporeon|Ice Beam|p2a: SSSReplacement\n|-damage|p2a: SSSReplacement|76\/100\n|move|p2a: SSSReplacement|Body Press|p1a: Vaporeon\n|-damage|p1a: Vaporeon|0 fnt\n|faint|p1a: Vaporeon\n|\n|-heal|p2a: SSSReplacement|82\/100|[from] item: Leftovers\n|upkeep\n|\n|t:|1700881437\n|switch|p1a: Clodsire|Clodsire, M, shiny|100\/100\n|turn|23\n|\n|t:|1700881442\n|move|p2a: SSSReplacement|Salt Cure|p1a: Clodsire\n|-resisted|p1a: Clodsire\n|-damage|p1a: Clodsire|93\/100\n|-start|p1a: Clodsire|Salt Cure\n|move|p1a: Clodsire|Earthquake|p2a: SSSReplacement\n|-supereffective|p2a: SSSReplacement\n|-damage|p2a: SSSReplacement|43\/100\n|\n|-heal|p2a: SSSReplacement|50\/100|[from] item: Leftovers\n|-heal|p1a: Clodsire|99\/100|[from] item: Leftovers\n|-damage|p1a: Clodsire|87\/100|[from] Salt Cure\n|upkeep\n|turn|24\n|\n|t:|1700881452\n|move|p2a: SSSReplacement|Recover|p2a: SSSReplacement\n|-heal|p2a: SSSReplacement|99\/100\n|move|p1a: Clodsire|Earthquake|p2a: SSSReplacement\n|-supereffective|p2a: SSSReplacement\n|-damage|p2a: SSSReplacement|59\/100\n|\n|-heal|p2a: SSSReplacement|65\/100|[from] item: Leftovers\n|-heal|p1a: Clodsire|93\/100|[from] item: Leftovers\n|-damage|p1a: Clodsire|81\/100|[from] Salt Cure\n|upkeep\n|turn|25\n|\n|t:|1700881463\n|move|p2a: SSSReplacement|Body Press|p1a: Clodsire\n|-resisted|p1a: Clodsire\n|-damage|p1a: Clodsire|67\/100\n|move|p1a: Clodsire|Haze|p1a: Clodsire\n|-clearallboost\n|\n|-heal|p2a: SSSReplacement|71\/100|[from] item: Leftovers\n|-heal|p1a: Clodsire|73\/100|[from] item: Leftovers\n|-damage|p1a: Clodsire|61\/100|[from] Salt Cure\n|upkeep\n|turn|26\n|\n|t:|1700881473\n|switch|p2a: Maushold|Maushold-Four|23\/100\n|move|p1a: Clodsire|Earthquake|p2a: Maushold\n|-damage|p2a: Maushold|0 fnt\n|faint|p2a: Maushold\n|\n|-heal|p1a: Clodsire|67\/100|[from] item: Leftovers\n|-damage|p1a: Clodsire|55\/100|[from] Salt Cure\n|upkeep\n|\n|t:|1700881482\n|switch|p2a: Flutter Mane|Flutter Mane, shiny|50\/100\n|turn|27\n|\n|t:|1700881487\n|move|p2a: Flutter Mane|Psyshock|p1a: Clodsire\n|-supereffective|p1a: Clodsire\n|-damage|p1a: Clodsire|0 fnt\n|faint|p1a: Clodsire\n|-damage|p2a: Flutter Mane|41\/100|[from] item: Life Orb\n|\n|upkeep\n|\n|t:|1700881492\n|switch|p1a: Slaking|Slaking, M, tera:Normal|26\/100\n|turn|28\n|\n|t:|1700881496\n|-end|p2a: Flutter Mane|Protosynthesis|[silent]\n|switch|p2a: SSSReplacement|Garganacl, F, shiny|71\/100\n|move|p1a: Slaking|Sucker Punch||[still]\n|-fail|p1a: Slaking\n|\n|-heal|p2a: SSSReplacement|77\/100|[from] item: Leftovers\n|upkeep\n|turn|29\n|\n|t:|1700881499\n|cant|p1a: Slaking|ability: Truant\n|move|p2a: SSSReplacement|Iron Defense|p2a: SSSReplacement\n|-boost|p2a: SSSReplacement|def|2\n|\n|-heal|p2a: SSSReplacement|84\/100|[from] item: Leftovers\n|upkeep\n|turn|30\n|\n|t:|1700881502\n|move|p1a: Slaking|Sucker Punch||[still]\n|-fail|p1a: Slaking\n|move|p2a: SSSReplacement|Iron Defense|p2a: SSSReplacement\n|-boost|p2a: SSSReplacement|def|2\n|\n|-heal|p2a: SSSReplacement|90\/100|[from] item: Leftovers\n|upkeep\n|turn|31\n|\n|t:|1700881504\n|switch|p1a: Annihilape|Annihilape, M|100\/100\n|move|p2a: SSSReplacement|Iron Defense|p2a: SSSReplacement\n|-boost|p2a: SSSReplacement|def|2\n|\n|-heal|p2a: SSSReplacement|96\/100|[from] item: Leftovers\n|upkeep\n|turn|32\n|\n|t:|1700881511\n|move|p1a: Annihilape|Curse|p2a: SSSReplacement\n|-start|p2a: SSSReplacement|Curse|[of] p1a: Annihilape\n|-damage|p1a: Annihilape|51\/100\n|move|p2a: SSSReplacement|Salt Cure|p1a: Annihilape\n|-resisted|p1a: Annihilape\n|-damage|p1a: Annihilape|42\/100\n|-start|p1a: Annihilape|Salt Cure\n|\n|-heal|p2a: SSSReplacement|100\/100|[from] item: Leftovers\n|-damage|p2a: SSSReplacement|75\/100|[from] Curse\n|-damage|p1a: Annihilape|30\/100|[from] Salt Cure\n|upkeep\n|turn|33\n|\n|t:|1700881523\n|move|p1a: Annihilape|Rage Fist|p2a: SSSReplacement\n|-damage|p2a: SSSReplacement|70\/100\n|-damage|p1a: Annihilape|20\/100|[from] item: Life Orb\n|move|p2a: SSSReplacement|Salt Cure|p1a: Annihilape\n|-resisted|p1a: Annihilape\n|-damage|p1a: Annihilape|12\/100\n|\n|-heal|p2a: SSSReplacement|76\/100|[from] item: Leftovers\n|-damage|p2a: SSSReplacement|51\/100|[from] Curse\n|-damage|p1a: Annihilape|0 fnt|[from] Salt Cure\n|faint|p1a: Annihilape\n|upkeep\n|\n|t:|1700881535\n|switch|p1a: Slaking|Slaking, M, tera:Normal|26\/100\n|turn|34\n|\n|t:|1700881539\n|move|p1a: Slaking|Play Rough|p2a: SSSReplacement|[miss]\n|-miss|p1a: Slaking|p2a: SSSReplacement\n|move|p2a: SSSReplacement|Recover|p2a: SSSReplacement\n|-heal|p2a: SSSReplacement|100\/100\n|\n|-damage|p2a: SSSReplacement|75\/100|[from] Curse\n|upkeep\n|turn|35\n|\n|t:|1700881554\n|cant|p1a: Slaking|ability: Truant\n|move|p2a: SSSReplacement|Body Press|p1a: Slaking\n|-supereffective|p1a: Slaking\n|-damage|p1a: Slaking|0 fnt\n|faint|p1a: Slaking\n|\n|win|Mr Pinehurst\n|raw|SkullHoodie's rating: 1261 &rarr; <strong>1235<\/strong><br \/>(-26 for losing)\n|raw|Mr Pinehurst's rating: 1248 &rarr; <strong>1274<\/strong><br \/>(+26 for winning)\n|l|\u2606SkullHoodie\n","uploadtime":1700881592,"views":0,"p1id":"skullhoodie","p2id":"mrpinehurst","formatid":"gen9anythinggoes","rating":1235,"private":0,"password":""}