{"id":"gen9anythinggoes-1984182751","p1":"Iknowmyabc'slol","p2":"ymmwinaround","format":"[Gen 9] Anything Goes","log":"|j|\u2606Iknowmyabc'slol\n|j|\u2606ymmwinaround\n|t:|1699227459\n|gametype|singles\n|player|p1|Iknowmyabc'slol|raihan|1557\n|player|p2|ymmwinaround|jogger|1760\n|teamsize|p1|6\n|teamsize|p2|6\n|gen|9\n|tier|[Gen 9] Anything Goes\n|rated|\n|rule|HP Percentage Mod: HP is shown in percentages\n|rule|Endless Battle Clause: Forcing endless battles is banned\n|clearpoke\n|poke|p1|Arceus-Fairy|\n|poke|p1|Toxapex, F|\n|poke|p1|Ting-Lu|\n|poke|p1|Calyrex-Shadow|\n|poke|p1|Koraidon|\n|poke|p1|Arceus|\n|poke|p2|Arceus-Fairy|\n|poke|p2|Ting-Lu|\n|poke|p2|Vivillon-Tundra, M|\n|poke|p2|Arceus|\n|poke|p2|Calyrex-Shadow|\n|poke|p2|Toxapex, M|\n|teampreview\n|\n|t:|1699227483\n|start\n|switch|p1a: Koraidon|Koraidon|100\/100\n|switch|p2a: Arceus|Arceus-Fairy|100\/100\n|-weather|SunnyDay|[from] ability: Orichalcum Pulse|[of] p1a: Koraidon\n|-activate|p1a: Koraidon|Orichalcum Pulse|[source]\n|turn|1\n|inactive|Battle timer is ON: inactive players will automatically lose when time's up. (requested by ymmwinaround)\n|\n|t:|1699227503\n|move|p1a: Koraidon|Flare Blitz|p2a: Arceus\n|-damage|p2a: Arceus|61\/100\n|-damage|p1a: Koraidon|83\/100|[from] Recoil\n|move|p2a: Arceus|Will-O-Wisp|p1a: Koraidon\n|-status|p1a: Koraidon|brn\n|\n|-weather|SunnyDay|[upkeep]\n|-damage|p1a: Koraidon|77\/100 brn|[from] brn\n|upkeep\n|turn|2\n|\n|t:|1699227512\n|switch|p1a: Ting-Lu|Ting-Lu|100\/100\n|-ability|p1a: Ting-Lu|Vessel of Ruin\n|move|p2a: Arceus|Recover|p2a: Arceus\n|-heal|p2a: Arceus|100\/100\n|\n|-weather|SunnyDay|[upkeep]\n|upkeep\n|turn|3\n|\n|t:|1699227521\n|move|p2a: Arceus|Judgment|p1a: Ting-Lu\n|-supereffective|p1a: Ting-Lu\n|-crit|p1a: Ting-Lu\n|-damage|p1a: Ting-Lu|35\/100\n|move|p1a: Ting-Lu|Spikes|p2a: Arceus\n|-sidestart|p2: ymmwinaround|Spikes\n|\n|-weather|SunnyDay|[upkeep]\n|-heal|p1a: Ting-Lu|41\/100|[from] item: Leftovers\n|upkeep\n|turn|4\n|\n|t:|1699227533\n|switch|p1a: Arceus|Arceus-Fairy|100\/100\n|move|p2a: Arceus|Calm Mind|p2a: Arceus\n|-boost|p2a: Arceus|spa|1\n|-boost|p2a: Arceus|spd|1\n|\n|-weather|SunnyDay|[upkeep]\n|upkeep\n|turn|5\n|\n|t:|1699227541\n|move|p1a: Arceus|Taunt|p2a: Arceus\n|-start|p2a: Arceus|move: Taunt\n|cant|p2a: Arceus|move: Taunt|Calm Mind\n|\n|-weather|none\n|upkeep\n|turn|6\n|\n|t:|1699227546\n|move|p1a: Arceus|Judgment|p2a: Arceus\n|-damage|p2a: Arceus|78\/100\n|move|p2a: Arceus|Judgment|p1a: Arceus\n|-damage|p1a: Arceus|50\/100\n|\n|upkeep\n|turn|7\n|\n|t:|1699227553\n|switch|p1a: Toxapex|Toxapex, F|100\/100\n|move|p2a: Arceus|Judgment|p1a: Toxapex\n|-resisted|p1a: Toxapex\n|-damage|p1a: Toxapex|73\/100\n|\n|-end|p2a: Arceus|move: Taunt\n|upkeep\n|turn|8\n|\n|t:|1699227568\n|switch|p2a: Toxapex|Toxapex, M|100\/100\n|-damage|p2a: Toxapex|88\/100|[from] Spikes\n|move|p1a: Toxapex|Toxic Spikes|p2a: Toxapex\n|-sidestart|p2: ymmwinaround|move: Toxic Spikes\n|\n|upkeep\n|turn|9\n|\n|t:|1699227576\n|move|p2a: Toxapex|Toxic|p1a: Toxapex\n|-immune|p1a: Toxapex\n|move|p1a: Toxapex|Toxic Spikes|p2a: Toxapex\n|-sidestart|p2: ymmwinaround|move: Toxic Spikes\n|\n|upkeep\n|turn|10\n|\n|t:|1699227584\n|move|p2a: Toxapex|Toxic|p1a: Toxapex\n|-immune|p1a: Toxapex\n|move|p1a: Toxapex|Recover|p1a: Toxapex\n|-heal|p1a: Toxapex|100\/100\n|\n|upkeep\n|turn|11\n|\n|t:|1699227590\n|move|p1a: Toxapex|Baneful Bunker|p1a: Toxapex\n|-singleturn|p1a: Toxapex|move: Protect\n|move|p2a: Toxapex|Toxic|p1a: Toxapex\n|-activate|p1a: Toxapex|move: Protect\n|\n|upkeep\n|turn|12\n|\n|t:|1699227603\n|move|p2a: Toxapex|Toxic Spikes|p1a: Toxapex\n|-sidestart|p1: Iknowmyabc'slol|move: Toxic Spikes\n|move|p1a: Toxapex|Haze|p1a: Toxapex\n|-clearallboost\n|\n|upkeep\n|turn|13\n|\n|t:|1699227612\n|switch|p1a: Arceus|Arceus|100\/100\n|move|p2a: Toxapex|Toxic Spikes|p1a: Arceus\n|-sidestart|p1: Iknowmyabc'slol|move: Toxic Spikes\n|\n|upkeep\n|turn|14\n|\n|t:|1699227619\n|switch|p1a: Toxapex|Toxapex, F|100\/100\n|-sideend|p1: Iknowmyabc'slol|move: Toxic Spikes|[of] p1a: Toxapex\n|move|p2a: Toxapex|Haze|p2a: Toxapex\n|-clearallboost\n|\n|upkeep\n|turn|15\n|\n|t:|1699227628\n|switch|p1a: Arceus|Arceus|100\/100\n|switch|p2a: Arceus|Arceus|100\/100\n|\n|upkeep\n|turn|16\n|\n|t:|1699227638\n|switch|p2a: Toxapex|Toxapex, M|100\/100\n|-damage|p2a: Toxapex|88\/100|[from] Spikes\n|-sideend|p2: ymmwinaround|move: Toxic Spikes|[of] p2a: Toxapex\n|move|p1a: Arceus|Swords Dance|p1a: Arceus\n|-boost|p1a: Arceus|atk|2\n|\n|upkeep\n|turn|17\n|\n|t:|1699227648\n|move|p1a: Arceus|Extreme Speed|p2a: Toxapex\n|-damage|p2a: Toxapex|34\/100\n|-damage|p1a: Arceus|84\/100|[from] item: Rocky Helmet|[of] p2a: Toxapex\n|move|p2a: Toxapex|Haze|p2a: Toxapex\n|-clearallboost\n|\n|upkeep\n|turn|18\n|\n|t:|1699227659\n|switch|p2a: Calyrex|Calyrex-Shadow|100\/100\n|-ability|p2a: Calyrex|As One\n|-ability|p2a: Calyrex|Unnerve\n|-damage|p2a: Calyrex|88\/100|[from] Spikes\n|move|p1a: Arceus|Extreme Speed|p2a: Calyrex\n|-immune|p2a: Calyrex\n|\n|upkeep\n|turn|19\n|\n|t:|1699227673\n|switch|p2a: Toxapex|Toxapex, M|68\/100\n|-damage|p2a: Toxapex|56\/100|[from] Spikes\n|move|p1a: Arceus|Shadow Claw|p2a: Toxapex\n|-damage|p2a: Toxapex|39\/100\n|-damage|p1a: Arceus|67\/100|[from] item: Rocky Helmet|[of] p2a: Toxapex\n|\n|upkeep\n|turn|20\n|\n|t:|1699227683\n|move|p1a: Arceus|Swords Dance|p1a: Arceus\n|-boost|p1a: Arceus|atk|2\n|move|p2a: Toxapex|Recover|p2a: Toxapex\n|-heal|p2a: Toxapex|90\/100\n|\n|upkeep\n|turn|21\n|\n|t:|1699227689\n|move|p1a: Arceus|Shadow Claw|p2a: Toxapex\n|-crit|p2a: Toxapex\n|-damage|p2a: Toxapex|45\/100\n|-damage|p1a: Arceus|51\/100|[from] item: Rocky Helmet|[of] p2a: Toxapex\n|move|p2a: Toxapex|Haze|p2a: Toxapex\n|-clearallboost\n|\n|upkeep\n|turn|22\n|j| Sokoly\n|\n|t:|1699227697\n|move|p1a: Arceus|Swords Dance|p1a: Arceus\n|-boost|p1a: Arceus|atk|2\n|move|p2a: Toxapex|Recover|p2a: Toxapex\n|-heal|p2a: Toxapex|95\/100\n|\n|upkeep\n|turn|23\n|\n|t:|1699227705\n|move|p1a: Arceus|Extreme Speed|p2a: Toxapex\n|-damage|p2a: Toxapex|46\/100\n|-damage|p1a: Arceus|34\/100|[from] item: Rocky Helmet|[of] p2a: Toxapex\n|move|p2a: Toxapex|Haze|p2a: Toxapex\n|-clearallboost\n|\n|upkeep\n|turn|24\n|c| Sokoly|damn\n|\n|t:|1699227713\n|move|p1a: Arceus|Recover|p1a: Arceus\n|-heal|p1a: Arceus|84\/100\n|move|p2a: Toxapex|Toxic|p1a: Arceus\n|-status|p1a: Arceus|tox\n|\n|-damage|p1a: Arceus|78\/100 tox|[from] psn\n|upkeep\n|turn|25\n|c|\u2606ymmwinaround|?\n|c|\u2606Iknowmyabc'slol|lol\n|\n|t:|1699227730\n|switch|p2a: Ting-Lu|Ting-Lu|100\/100\n|-damage|p2a: Ting-Lu|88\/100|[from] Spikes\n|-ability|p2a: Ting-Lu|Vessel of Ruin\n|move|p1a: Arceus|Extreme Speed|p2a: Ting-Lu\n|-damage|p2a: Ting-Lu|61\/100\n|\n|-heal|p2a: Ting-Lu|67\/100|[from] item: Leftovers\n|-damage|p1a: Arceus|66\/100 tox|[from] psn\n|upkeep\n|turn|26\n|\n|t:|1699227746\n|switch|p1a: Ting-Lu|Ting-Lu|41\/100\n|-ability|p1a: Ting-Lu|Vessel of Ruin\n|switch|p2a: Toxapex|Toxapex, M|79\/100\n|-damage|p2a: Toxapex|67\/100|[from] Spikes\n|\n|-heal|p1a: Ting-Lu|48\/100|[from] item: Leftovers\n|upkeep\n|turn|27\n|\n|t:|1699227755\n|move|p1a: Ting-Lu|Spikes|p2a: Toxapex\n|-sidestart|p2: ymmwinaround|Spikes\n|move|p2a: Toxapex|Toxic|p1a: Ting-Lu\n|-status|p1a: Ting-Lu|tox\n|\n|-heal|p1a: Ting-Lu|54\/100 tox|[from] item: Leftovers\n|-damage|p1a: Ting-Lu|48\/100 tox|[from] psn\n|upkeep\n|turn|28\n|\n|t:|1699227770\n|switch|p2a: Arceus|Arceus|100\/100\n|move|p1a: Ting-Lu|Spikes|p2a: Arceus\n|-sidestart|p2: ymmwinaround|Spikes\n|\n|-heal|p1a: Ting-Lu|54\/100 tox|[from] item: Leftovers\n|-damage|p1a: Ting-Lu|41\/100 tox|[from] psn\n|upkeep\n|turn|29\n|\n|t:|1699227778\n|move|p2a: Arceus|Swords Dance|p2a: Arceus\n|-boost|p2a: Arceus|atk|2\n|move|p1a: Ting-Lu|Whirlwind|p2a: Arceus\n|drag|p2a: Toxapex|Toxapex, M|100\/100\n|-damage|p2a: Toxapex|76\/100|[from] Spikes\n|\n|-heal|p1a: Ting-Lu|48\/100 tox|[from] item: Leftovers\n|-damage|p1a: Ting-Lu|29\/100 tox|[from] psn\n|upkeep\n|turn|30\n|\n|t:|1699227787\n|move|p1a: Ting-Lu|Earthquake|p2a: Toxapex\n|-supereffective|p2a: Toxapex\n|-damage|p2a: Toxapex|28\/100\n|move|p2a: Toxapex|Toxic Spikes|p1a: Ting-Lu\n|-sidestart|p1: Iknowmyabc'slol|move: Toxic Spikes\n|\n|-heal|p1a: Ting-Lu|35\/100 tox|[from] item: Leftovers\n|-damage|p1a: Ting-Lu|10\/100 tox|[from] psn\n|upkeep\n|turn|31\n|c|\u2606Iknowmyabc'slol|lmao\n|\n|t:|1699227798\n|switch|p2a: Vivillon|Vivillon-Tundra, M|100\/100\n|move|p1a: Ting-Lu|Earthquake|p2a: Vivillon\n|-immune|p2a: Vivillon\n|\n|-heal|p1a: Ting-Lu|16\/100 tox|[from] item: Leftovers\n|-damage|p1a: Ting-Lu|0 fnt|[from] psn\n|faint|p1a: Ting-Lu\n|upkeep\n|c|\u2606Iknowmyabc'slol|ouch\n|\n|t:|1699227806\n|switch|p1a: Calyrex|Calyrex-Shadow|100\/100\n|-ability|p1a: Calyrex|As One\n|-ability|p1a: Calyrex|Unnerve\n|turn|32\n|\n|t:|1699227815\n|move|p1a: Calyrex|Substitute|p1a: Calyrex\n|-start|p1a: Calyrex|Substitute\n|-damage|p1a: Calyrex|76\/100\n|move|p2a: Vivillon|Sleep Powder||[still]\n|-fail|p2a: Vivillon\n|\n|upkeep\n|turn|33\n|c|\u2606ymmwinaround|oops\n|\n|t:|1699227822\n|move|p1a: Calyrex|Astral Barrage|p2a: Vivillon\n|-damage|p2a: Vivillon|0 fnt\n|faint|p2a: Vivillon\n|-ability|p1a: Calyrex|Grim Neigh|boost\n|-boost|p1a: Calyrex|spa|1\n|\n|upkeep\n|\n|t:|1699227829\n|switch|p2a: Ting-Lu|Ting-Lu|67\/100\n|-damage|p2a: Ting-Lu|42\/100|[from] Spikes\n|-ability|p2a: Ting-Lu|Vessel of Ruin\n|turn|34\n|\n|t:|1699227835\n|-terastallize|p2a: Ting-Lu|Grass\n|move|p1a: Calyrex|Grass Knot|p2a: Ting-Lu\n|-resisted|p2a: Ting-Lu\n|-damage|p2a: Ting-Lu|26\/100\n|move|p2a: Ting-Lu|Whirlwind|p1a: Calyrex\n|drag|p1a: Toxapex|Toxapex, F|100\/100\n|-sideend|p1: Iknowmyabc'slol|move: Toxic Spikes|[of] p1a: Toxapex\n|\n|-heal|p2a: Ting-Lu|33\/100|[from] item: Leftovers\n|upkeep\n|turn|35\n|c|\u2606Iknowmyabc'slol|noooo\n|c|\u2606Iknowmyabc'slol|phew\n|c|\u2606Iknowmyabc'slol|that could have gone owrse\n|c|\u2606ymmwinaround|caly could still get me\n|c| Sokoly|You got read like a book\n|c| Sokoly|holy shit\n|\n|t:|1699227858\n|switch|p1a: Arceus|Arceus-Fairy|50\/100\n|move|p2a: Ting-Lu|Taunt|p1a: Arceus\n|-start|p1a: Arceus|move: Taunt\n|\n|-heal|p2a: Ting-Lu|39\/100|[from] item: Leftovers\n|upkeep\n|turn|36\n|c|\u2606Iknowmyabc'slol|shut up\n|c|\u2606ymmwinaround|lmao\n|c| Sokoly|lol\n|\n|t:|1699227872\n|switch|p2a: Toxapex|Toxapex, M|61\/100\n|-damage|p2a: Toxapex|36\/100|[from] Spikes\n|move|p1a: Arceus|Judgment|p2a: Toxapex\n|-resisted|p2a: Toxapex\n|-damage|p2a: Toxapex|15\/100\n|\n|upkeep\n|turn|37\n|c|\u2606Iknowmyabc'slol|im actually being read\n|\n|t:|1699227888\n|move|p1a: Arceus|Judgment|p2a: Toxapex\n|-resisted|p2a: Toxapex\n|-damage|p2a: Toxapex|0 fnt\n|faint|p2a: Toxapex\n|\n|-end|p1a: Arceus|move: Taunt\n|upkeep\n|\n|t:|1699227897\n|switch|p2a: Arceus|Arceus|100\/100\n|turn|38\n|\n|t:|1699227901\n|move|p2a: Arceus|Extreme Speed|p1a: Arceus\n|-damage|p1a: Arceus|26\/100\n|move|p1a: Arceus|Will-O-Wisp|p2a: Arceus\n|-status|p2a: Arceus|brn\n|\n|-damage|p2a: Arceus|94\/100 brn|[from] brn\n|upkeep\n|turn|39\n|\n|t:|1699227908\n|move|p1a: Arceus|Recover|p1a: Arceus\n|-heal|p1a: Arceus|77\/100\n|move|p2a: Arceus|Shadow Claw|p1a: Arceus\n|-damage|p1a: Arceus|70\/100\n|\n|-damage|p2a: Arceus|88\/100 brn|[from] brn\n|upkeep\n|turn|40\n|\n|t:|1699227915\n|move|p1a: Arceus|Recover|p1a: Arceus\n|-heal|p1a: Arceus|100\/100\n|move|p2a: Arceus|Swords Dance|p2a: Arceus\n|-boost|p2a: Arceus|atk|2\n|\n|-damage|p2a: Arceus|82\/100 brn|[from] brn\n|upkeep\n|turn|41\n|c|\u2606Iknowmyabc'slol|>\n|c|\u2606Iknowmyabc'slol|?\n|\n|t:|1699227923\n|move|p1a: Arceus|Taunt|p2a: Arceus\n|-start|p2a: Arceus|move: Taunt\n|move|p2a: Arceus|Shadow Claw|p1a: Arceus\n|-damage|p1a: Arceus|88\/100\n|\n|-damage|p2a: Arceus|76\/100 brn|[from] brn\n|upkeep\n|turn|42\n|c|\u2606ymmwinaround|mm\n|\n|t:|1699227935\n|move|p2a: Arceus|Extreme Speed|p1a: Arceus\n|-damage|p1a: Arceus|68\/100\n|move|p1a: Arceus|Judgment|p2a: Arceus\n|-damage|p2a: Arceus|44\/100 brn\n|\n|-damage|p2a: Arceus|38\/100 brn|[from] brn\n|upkeep\n|turn|43\n|\n|t:|1699227943\n|move|p2a: Arceus|Extreme Speed|p1a: Arceus\n|-damage|p1a: Arceus|47\/100\n|move|p1a: Arceus|Recover|p1a: Arceus\n|-heal|p1a: Arceus|97\/100\n|\n|-damage|p2a: Arceus|32\/100 brn|[from] brn\n|-end|p2a: Arceus|move: Taunt\n|upkeep\n|turn|44\n|\n|t:|1699227952\n|move|p2a: Arceus|Extreme Speed|p1a: Arceus\n|-damage|p1a: Arceus|77\/100\n|move|p1a: Arceus|Judgment|p2a: Arceus\n|-damage|p2a: Arceus|0 fnt\n|faint|p2a: Arceus\n|\n|upkeep\n|\n|t:|1699227966\n|switch|p2a: Calyrex|Calyrex-Shadow|88\/100\n|-ability|p2a: Calyrex|As One\n|-ability|p2a: Calyrex|Unnerve\n|-damage|p2a: Calyrex|63\/100|[from] Spikes\n|turn|45\n|\n|t:|1699227973\n|move|p2a: Calyrex|Psyshock|p1a: Arceus\n|-damage|p1a: Arceus|34\/100\n|move|p1a: Arceus|Taunt|p2a: Calyrex\n|-start|p2a: Calyrex|move: Taunt\n|\n|upkeep\n|turn|46\n|\n|t:|1699227981\n|move|p2a: Calyrex|Psyshock|p1a: Arceus\n|-crit|p1a: Arceus\n|-damage|p1a: Arceus|0 fnt\n|faint|p1a: Arceus\n|-ability|p2a: Calyrex|Grim Neigh|boost\n|-boost|p2a: Calyrex|spa|1\n|\n|upkeep\n|\n|t:|1699227993\n|switch|p1a: Koraidon|Koraidon|77\/100 brn\n|-weather|SunnyDay|[from] ability: Orichalcum Pulse|[of] p1a: Koraidon\n|-activate|p1a: Koraidon|Orichalcum Pulse|[source]\n|turn|47\n|\n|t:|1699228000\n|move|p1a: Koraidon|Flare Blitz|p2a: Calyrex\n|-damage|p2a: Calyrex|15\/100\n|-damage|p1a: Koraidon|61\/100 brn|[from] Recoil\n|move|p2a: Calyrex|Psyshock|p1a: Koraidon\n|-supereffective|p1a: Koraidon\n|-damage|p1a: Koraidon|0 fnt\n|faint|p1a: Koraidon\n|-ability|p2a: Calyrex|Grim Neigh|boost\n|-boost|p2a: Calyrex|spa|1\n|\n|-weather|SunnyDay|[upkeep]\n|upkeep\n|\n|t:|1699228010\n|switch|p1a: Toxapex|Toxapex, F|100\/100\n|turn|48\n|c|\u2606Iknowmyabc'slol|MISLICK\n|c|\u2606Iknowmyabc'slol|wtf\n|c|\u2606Iknowmyabc'slol|this is a scam\n|\n|t:|1699228022\n|move|p2a: Calyrex|Psyshock|p1a: Toxapex\n|-supereffective|p1a: Toxapex\n|-damage|p1a: Toxapex|0 fnt\n|faint|p1a: Toxapex\n|-ability|p2a: Calyrex|Grim Neigh|boost\n|-boost|p2a: Calyrex|spa|1\n|\n|-weather|SunnyDay|[upkeep]\n|-end|p2a: Calyrex|move: Taunt\n|upkeep\n|c|\u2606ymmwinaround|is it gonna be speed tie\n|\n|t:|1699228030\n|switch|p1a: Calyrex|Calyrex-Shadow|76\/100\n|-ability|p1a: Calyrex|As One\n|-ability|p1a: Calyrex|Unnerve\n|turn|49\n|c|\u2606ymmwinaround|im scared\n|c|\u2606Iknowmyabc'slol|its not a speed tie\n|\n|t:|1699228040\n|move|p1a: Calyrex|Astral Barrage|p2a: Calyrex\n|-supereffective|p2a: Calyrex\n|-damage|p2a: Calyrex|0 fnt\n|faint|p2a: Calyrex\n|-ability|p1a: Calyrex|Grim Neigh|boost\n|-boost|p1a: Calyrex|spa|1\n|\n|-weather|SunnyDay|[upkeep]\n|upkeep\n|c| Sokoly|Wow\n|c|\u2606ymmwinaround|how is that not a speed tie\n|\n|t:|1699228054\n|switch|p2a: Arceus|Arceus-Fairy|78\/100\n|-damage|p2a: Arceus|53\/100|[from] Spikes\n|turn|50\n|c|\u2606Iknowmyabc'slol|jk\n|c| Sokoly|looks you won your 2348273874 speed tie\n|c|\u2606Iknowmyabc'slol|it was\n|c|\u2606Iknowmyabc'slol|ye[\n|c|\u2606Iknowmyabc'slol|yep\n|\n|t:|1699228068\n|move|p1a: Calyrex|Substitute|p1a: Calyrex\n|-start|p1a: Calyrex|Substitute\n|-damage|p1a: Calyrex|51\/100\n|move|p2a: Arceus|Judgment|p1a: Calyrex\n|-end|p1a: Calyrex|Substitute\n|\n|-weather|SunnyDay|[upkeep]\n|upkeep\n|turn|51\n|\n|t:|1699228076\n|move|p1a: Calyrex|Astral Barrage|p2a: Arceus\n|-damage|p2a: Arceus|0 fnt\n|faint|p2a: Arceus\n|-ability|p1a: Calyrex|Grim Neigh|boost\n|-boost|p1a: Calyrex|spa|1\n|\n|-weather|none\n|upkeep\n|\n|t:|1699228078\n|switch|p2a: Ting-Lu|Ting-Lu, tera:Grass|39\/100\n|-damage|p2a: Ting-Lu|14\/100|[from] Spikes\n|-ability|p2a: Ting-Lu|Vessel of Ruin\n|turn|52\n|c|\u2606ymmwinaround|dam\n|c|\u2606ymmwinaround|what a way to go\n|c|\u2606ymmwinaround|gg\n|\n|t:|1699228088\n|move|p1a: Calyrex|Substitute|p1a: Calyrex\n|-start|p1a: Calyrex|Substitute\n|-damage|p1a: Calyrex|26\/100\n|move|p2a: Ting-Lu|Payback|p1a: Calyrex\n|-supereffective|p1a: Calyrex\n|-end|p1a: Calyrex|Substitute\n|\n|-heal|p2a: Ting-Lu|20\/100|[from] item: Leftovers\n|upkeep\n|turn|53\n|c|\u2606Iknowmyabc'slol|gg\n|\n|t:|1699228096\n|move|p1a: Calyrex|Grass Knot|p2a: Ting-Lu\n|-resisted|p2a: Ting-Lu\n|-damage|p2a: Ting-Lu|0 fnt\n|faint|p2a: Ting-Lu\n|\n|win|Iknowmyabc'slol\n|raw|Iknowmyabc&apos;slol's rating: 1557 &rarr; <strong>1588<\/strong><br \/>(+31 for winning)\n|raw|ymmwinaround's rating: 1760 &rarr; <strong>1729<\/strong><br \/>(-31 for losing)\n|c|\u2606ymmwinaround|that was just cruel lol\n|c|\u2606Iknowmyabc'slol|that was wild\n|c|\u2606Iknowmyabc'slol|wow\n|c|\u2606Iknowmyabc'slol|look sokoly\n|c|\u2606Iknowmyabc'slol|I beat a 1700\n|c| Sokoly|Nice\n|c|\u2606ymmwinaround|yuh\n","uploadtime":1699228133,"views":4,"p1id":"iknowmyabcslol","p2id":"ymmwinaround","formatid":"gen9anythinggoes","rating":1588,"private":0,"password":""}