{"id":"gen9anythinggoes-1998653374","p1":"Mr Fruitville","p2":"Hibuna","format":"[Gen 9] Anything Goes","log":"|j|\u2606Mr Fruitville\n|j|\u2606Hibuna\n|t:|1700968022\n|gametype|singles\n|player|p1|Mr Fruitville|266|1213\n|player|p2|Hibuna|wallace|1154\n|teamsize|p1|6\n|teamsize|p2|6\n|gen|9\n|tier|[Gen 9] Anything Goes\n|rated|\n|rule|HP Percentage Mod: HP is shown in percentages\n|rule|Endless Battle Clause: Forcing endless battles is banned\n|clearpoke\n|poke|p1|Maushold-Four|\n|poke|p1|Flutter Mane|\n|poke|p1|Miraidon|\n|poke|p1|Rabsca, M|\n|poke|p1|Garganacl, F|\n|poke|p1|Houndstone, M|\n|poke|p2|Wo-Chien|\n|poke|p2|Baxcalibur, F|\n|poke|p2|Tyranitar, M|\n|poke|p2|Volcarona, F|\n|poke|p2|Glimmora, M|\n|poke|p2|Crawdaunt, F|\n|teampreview\n|inactive|Battle timer is ON: inactive players will automatically lose when time's up. (requested by Hibuna)\n|\n|t:|1700968037\n|start\n|switch|p1a: Maushold|Maushold-Four|100\/100\n|switch|p2a: Hedorah|Glimmora, M|100\/100\n|turn|1\n|\n|t:|1700968044\n|move|p1a: Maushold|Tidy Up|p1a: Maushold\n|-boost|p1a: Maushold|atk|1\n|-boost|p1a: Maushold|spe|1\n|move|p2a: Hedorah|Mortal Spin|p1a: Maushold\n|-damage|p1a: Maushold|90\/100\n|-status|p1a: Maushold|psn\n|\n|-damage|p1a: Maushold|77\/100 psn|[from] psn\n|upkeep\n|turn|2\n|\n|t:|1700968053\n|move|p1a: Maushold|Tidy Up|p1a: Maushold\n|-boost|p1a: Maushold|atk|1\n|-boost|p1a: Maushold|spe|1\n|move|p2a: Hedorah|Spikes|p1a: Maushold\n|-sidestart|p1: Mr Fruitville|Spikes\n|\n|-damage|p1a: Maushold|65\/100 psn|[from] psn\n|upkeep\n|turn|3\n|\n|t:|1700968061\n|move|p1a: Maushold|Encore|p2a: Hedorah\n|-start|p2a: Hedorah|Encore\n|move|p2a: Hedorah|Spikes|p1a: Maushold\n|-sidestart|p1: Mr Fruitville|Spikes\n|\n|-damage|p1a: Maushold|53\/100 psn|[from] psn\n|upkeep\n|turn|4\n|\n|t:|1700968067\n|switch|p2a: Gojira|Tyranitar, M|100\/100\n|-weather|Sandstorm|[from] ability: Sand Stream|[of] p2a: Gojira\n|move|p1a: Maushold|Tidy Up|p1a: Maushold\n|-sideend|p1: Mr Fruitville|Spikes\n|-activate|p1a: Maushold|move: Tidy Up\n|-boost|p1a: Maushold|atk|1\n|-boost|p1a: Maushold|spe|1\n|\n|-weather|Sandstorm|[upkeep]\n|-damage|p1a: Maushold|46\/100 psn|[from] Sandstorm\n|-damage|p1a: Maushold|34\/100 psn|[from] psn\n|upkeep\n|turn|5\n|\n|t:|1700968078\n|switch|p2a: Hedorah|Glimmora, M|100\/100\n|move|p1a: Maushold|Population Bomb|p2a: Hedorah\n|-resisted|p2a: Hedorah\n|-damage|p2a: Hedorah|90\/100\n|-damage|p1a: Maushold|17\/100 psn|[from] item: Rocky Helmet|[of] p2a: Hedorah\n|-activate|p2a: Hedorah|ability: Toxic Debris\n|-sidestart|p1: Mr Fruitville|move: Toxic Spikes\n|-resisted|p2a: Hedorah\n|-damage|p2a: Hedorah|81\/100\n|-damage|p1a: Maushold|1\/100 psn|[from] item: Rocky Helmet|[of] p2a: Hedorah\n|-activate|p2a: Hedorah|ability: Toxic Debris\n|-sidestart|p1: Mr Fruitville|move: Toxic Spikes\n|-resisted|p2a: Hedorah\n|-damage|p2a: Hedorah|71\/100\n|-damage|p1a: Maushold|0 fnt|[from] item: Rocky Helmet|[of] p2a: Hedorah\n|faint|p1a: Maushold\n|-hitcount|p2a: Hedorah|3\n|\n|-weather|Sandstorm|[upkeep]\n|upkeep\n|\n|t:|1700968107\n|switch|p1a: Rabsca|Rabsca, M, shiny|100\/100\n|-status|p1a: Rabsca|tox\n|turn|6\n|\n|t:|1700968118\n|-terastallize|p2a: Hedorah|Ghost\n|move|p2a: Hedorah|Venoshock|p1a: Rabsca\n|-damage|p1a: Rabsca|55\/100 tox\n|move|p1a: Rabsca|Revival Blessing|p1a: Rabsca\n|-enditem|p1a: Rabsca|Leppa Berry|[eat]\n|-activate|p1a: Rabsca|item: Leppa Berry|Revival Blessing|[consumed]\n|\n|t:|1700968122\n|-heal|p1: Maushold|50\/100|[from] move: Revival Blessing\n|\n|-weather|Sandstorm|[upkeep]\n|-damage|p2a: Hedorah|65\/100|[from] Sandstorm\n|-damage|p1a: Rabsca|49\/100 tox|[from] Sandstorm\n|-damage|p1a: Rabsca|43\/100 tox|[from] psn\n|upkeep\n|turn|7\n|\n|t:|1700968142\n|switch|p1a: SSSReplacement|Garganacl, F, shiny|100\/100\n|move|p2a: Hedorah|Venoshock|p1a: SSSReplacement\n|-resisted|p1a: SSSReplacement\n|-damage|p1a: SSSReplacement|95\/100\n|\n|-weather|Sandstorm|[upkeep]\n|-damage|p2a: Hedorah|59\/100|[from] Sandstorm\n|-heal|p1a: SSSReplacement|100\/100|[from] item: Leftovers\n|upkeep\n|turn|8\n|\n|t:|1700968150\n|move|p2a: Hedorah|Mortal Spin|p1a: SSSReplacement\n|-resisted|p1a: SSSReplacement\n|-damage|p1a: SSSReplacement|98\/100\n|move|p1a: SSSReplacement|Iron Defense|p1a: SSSReplacement\n|-boost|p1a: SSSReplacement|def|2\n|\n|-weather|none\n|-heal|p1a: SSSReplacement|100\/100|[from] item: Leftovers\n|upkeep\n|turn|9\n|\n|t:|1700968161\n|move|p2a: Hedorah|Venoshock|p1a: SSSReplacement\n|-resisted|p1a: SSSReplacement\n|-damage|p1a: SSSReplacement|93\/100\n|move|p1a: SSSReplacement|Salt Cure|p2a: Hedorah\n|-damage|p2a: Hedorah|49\/100\n|-start|p2a: Hedorah|Salt Cure\n|\n|-heal|p1a: SSSReplacement|99\/100|[from] item: Leftovers\n|-damage|p2a: Hedorah|36\/100|[from] Salt Cure\n|upkeep\n|turn|10\n|\n|t:|1700968170\n|switch|p2a: Destroyah|Crawdaunt, F|100\/100\n|move|p1a: SSSReplacement|Iron Defense|p1a: SSSReplacement\n|-boost|p1a: SSSReplacement|def|2\n|\n|-heal|p1a: SSSReplacement|100\/100|[from] item: Leftovers\n|upkeep\n|turn|11\n|\n|t:|1700968180\n|-terastallize|p1a: SSSReplacement|Fairy\n|move|p2a: Destroyah|Crabhammer|p1a: SSSReplacement\n|-damage|p1a: SSSReplacement|78\/100\n|-damage|p2a: Destroyah|90\/100|[from] item: Life Orb\n|move|p1a: SSSReplacement|Body Press|p2a: Destroyah\n|-supereffective|p2a: Destroyah\n|-damage|p2a: Destroyah|0 fnt\n|faint|p2a: Destroyah\n|\n|-heal|p1a: SSSReplacement|84\/100|[from] item: Leftovers\n|upkeep\n|\n|t:|1700968190\n|switch|p2a: Mothra|Volcarona, F|100\/100\n|turn|12\n|\n|t:|1700968194\n|move|p2a: Mothra|Fiery Dance|p1a: SSSReplacement\n|-damage|p1a: SSSReplacement|57\/100\n|move|p1a: SSSReplacement|Salt Cure|p2a: Mothra\n|-supereffective|p2a: Mothra\n|-damage|p2a: Mothra|12\/100\n|-start|p2a: Mothra|Salt Cure\n|\n|-heal|p1a: SSSReplacement|63\/100|[from] item: Leftovers\n|-damage|p2a: Mothra|0 fnt|[from] Salt Cure\n|faint|p2a: Mothra\n|upkeep\n|\n|t:|1700968204\n|switch|p2a: Hedorah|Glimmora, M, tera:Ghost|36\/100\n|turn|13\n|\n|t:|1700968207\n|move|p2a: Hedorah|Venoshock|p1a: SSSReplacement\n|-supereffective|p1a: SSSReplacement\n|-damage|p1a: SSSReplacement|27\/100\n|move|p1a: SSSReplacement|Recover|p1a: SSSReplacement\n|-heal|p1a: SSSReplacement|77\/100\n|\n|-heal|p1a: SSSReplacement|83\/100|[from] item: Leftovers\n|upkeep\n|turn|14\n|\n|t:|1700968215\n|move|p2a: Hedorah|Venoshock|p1a: SSSReplacement\n|-supereffective|p1a: SSSReplacement\n|-damage|p1a: SSSReplacement|49\/100\n|move|p1a: SSSReplacement|Salt Cure|p2a: Hedorah\n|-damage|p2a: Hedorah|26\/100\n|-start|p2a: Hedorah|Salt Cure\n|\n|-heal|p1a: SSSReplacement|55\/100|[from] item: Leftovers\n|-damage|p2a: Hedorah|14\/100|[from] Salt Cure\n|upkeep\n|turn|15\n|\n|t:|1700968223\n|move|p2a: Hedorah|Venoshock|p1a: SSSReplacement\n|-supereffective|p1a: SSSReplacement\n|-damage|p1a: SSSReplacement|21\/100\n|move|p1a: SSSReplacement|Recover|p1a: SSSReplacement\n|-heal|p1a: SSSReplacement|71\/100\n|\n|-heal|p1a: SSSReplacement|77\/100|[from] item: Leftovers\n|-damage|p2a: Hedorah|1\/100|[from] Salt Cure\n|upkeep\n|turn|16\n|\n|t:|1700968232\n|move|p2a: Hedorah|Venoshock|p1a: SSSReplacement\n|-supereffective|p1a: SSSReplacement\n|-damage|p1a: SSSReplacement|41\/100\n|move|p1a: SSSReplacement|Recover|p1a: SSSReplacement\n|-heal|p1a: SSSReplacement|91\/100\n|\n|-heal|p1a: SSSReplacement|97\/100|[from] item: Leftovers\n|-damage|p2a: Hedorah|0 fnt|[from] Salt Cure\n|faint|p2a: Hedorah\n|upkeep\n|\n|t:|1700968241\n|switch|p2a: Biollante|Wo-Chien|100\/100\n|-ability|p2a: Biollante|Tablets of Ruin\n|turn|17\n|\n|t:|1700968247\n|move|p2a: Biollante|Substitute|p2a: Biollante\n|-start|p2a: Biollante|Substitute\n|-damage|p2a: Biollante|76\/100\n|move|p1a: SSSReplacement|Body Press|p2a: Biollante\n|-supereffective|p2a: Biollante\n|-end|p2a: Biollante|Substitute\n|\n|-heal|p1a: SSSReplacement|100\/100|[from] item: Leftovers\n|upkeep\n|turn|18\n|\n|t:|1700968254\n|move|p2a: Biollante|Leech Seed|p1a: SSSReplacement\n|-start|p1a: SSSReplacement|move: Leech Seed\n|move|p1a: SSSReplacement|Body Press|p2a: Biollante\n|-supereffective|p2a: Biollante\n|-damage|p2a: Biollante|0 fnt\n|faint|p2a: Biollante\n|\n|upkeep\n|\n|t:|1700968263\n|switch|p2a: Gojira|Tyranitar, M|100\/100\n|-weather|Sandstorm|[from] ability: Sand Stream|[of] p2a: Gojira\n|turn|19\n|\n|t:|1700968268\n|move|p2a: Gojira|Stone Edge|p1a: SSSReplacement\n|-damage|p1a: SSSReplacement|88\/100\n|move|p1a: SSSReplacement|Body Press|p2a: Gojira\n|-supereffective|p2a: Gojira\n|-damage|p2a: Gojira|0 fnt\n|faint|p2a: Gojira\n|\n|-weather|Sandstorm|[upkeep]\n|-damage|p1a: SSSReplacement|82\/100|[from] Sandstorm\n|-heal|p1a: SSSReplacement|88\/100|[from] item: Leftovers\n|upkeep\n|\n|t:|1700968277\n|switch|p2a: Kiryu|Baxcalibur, F|100\/100\n|turn|20\n|\n|t:|1700968282\n|move|p2a: Kiryu|Earthquake|p1a: SSSReplacement\n|-damage|p1a: SSSReplacement|80\/100\n|move|p1a: SSSReplacement|Body Press|p2a: Kiryu\n|-supereffective|p2a: Kiryu\n|-damage|p2a: Kiryu|0 fnt\n|faint|p2a: Kiryu\n|\n|win|Mr Fruitville\n|raw|Mr Fruitville's rating: 1213 &rarr; <strong>1234<\/strong><br \/>(+21 for winning)\n|raw|Hibuna's rating: 1154 &rarr; <strong>1133<\/strong><br \/>(-21 for losing)\n|l|\u2606Hibuna\n","uploadtime":1700968378,"views":0,"p1id":"mrfruitville","p2id":"hibuna","formatid":"gen9anythinggoes","rating":1133,"private":0,"password":""}