{"id":"gen9anythinggoes-1982312016","p1":"Hesley Rokemon","p2":"HauTheDoggo","format":"[Gen 9] Anything Goes","log":"|j|\u2606Hesley Rokemon\n|j|\u2606HauTheDoggo\n|t:|1698995148\n|gametype|singles\n|player|p1|Hesley Rokemon|hilbert|1483\n|player|p2|HauTheDoggo|170|1551\n|teamsize|p1|6\n|teamsize|p2|6\n|gen|9\n|tier|[Gen 9] Anything Goes\n|rated|\n|rule|HP Percentage Mod: HP is shown in percentages\n|rule|Endless Battle Clause: Forcing endless battles is banned\n|clearpoke\n|poke|p1|Regieleki|\n|poke|p1|Landorus-Therian, M|\n|poke|p1|Palafin, M|\n|poke|p1|Koraidon|\n|poke|p1|Chien-Pao|\n|poke|p1|Flutter Mane|\n|poke|p2|Clodsire, M|\n|poke|p2|Florges-Yellow, F|\n|poke|p2|Iron Treads|\n|poke|p2|Scream Tail|\n|poke|p2|Dondozo, M|\n|poke|p2|Garganacl, M|\n|teampreview\n|inactive|Battle timer is ON: inactive players will automatically lose when time's up. (requested by Hesley Rokemon)\n|\n|t:|1698995156\n|start\n|switch|p1a: Palafin|Palafin, M|100\/100\n|switch|p2a: Scream Tail|Scream Tail|100\/100\n|turn|1\n|\n|t:|1698995166\n|detailschange|p1a: Palafin|Palafin-Hero, M\n|switch|p1a: Flutter Mane|Flutter Mane, shiny|100\/100\n|move|p2a: Scream Tail|Stealth Rock|p1a: Flutter Mane\n|-sidestart|p1: Hesley Rokemon|move: Stealth Rock\n|\n|upkeep\n|turn|2\n|\n|t:|1698995178\n|-end|p2a: Scream Tail|Protosynthesis|[silent]\n|switch|p2a: Florges|Florges-Yellow, F|100\/100\n|move|p1a: Flutter Mane|Shadow Ball|p2a: Florges\n|-damage|p2a: Florges|76\/100\n|\n|-heal|p2a: Florges|82\/100|[from] item: Leftovers\n|upkeep\n|turn|3\n|\n|t:|1698995189\n|move|p1a: Flutter Mane|Shadow Ball|p2a: Florges\n|-damage|p2a: Florges|57\/100\n|move|p2a: Florges|Moonblast|p1a: Flutter Mane\n|-damage|p1a: Flutter Mane|59\/100\n|-unboost|p1a: Flutter Mane|spa|1\n|\n|-heal|p2a: Florges|63\/100|[from] item: Leftovers\n|upkeep\n|turn|4\n|\n|t:|1698995192\n|move|p1a: Flutter Mane|Shadow Ball|p2a: Florges\n|-damage|p2a: Florges|48\/100\n|move|p2a: Florges|Wish|p2a: Florges\n|\n|-heal|p2a: Florges|54\/100|[from] item: Leftovers\n|upkeep\n|turn|5\n|\n|t:|1698995198\n|move|p1a: Flutter Mane|Moonblast|p2a: Florges\n|-damage|p2a: Florges|33\/100\n|move|p2a: Florges|Moonblast|p1a: Flutter Mane\n|-damage|p1a: Flutter Mane|16\/100\n|\n|-heal|p2a: Florges|83\/100|[from] move: Wish|[wisher] Florges\n|-heal|p2a: Florges|89\/100|[from] item: Leftovers\n|upkeep\n|turn|6\n|\n|t:|1698995206\n|move|p1a: Flutter Mane|Psyshock|p2a: Florges\n|-damage|p2a: Florges|61\/100\n|move|p2a: Florges|Wish|p2a: Florges\n|\n|-heal|p2a: Florges|67\/100|[from] item: Leftovers\n|upkeep\n|turn|7\n|\n|t:|1698995210\n|move|p1a: Flutter Mane|Moonblast|p2a: Florges\n|-damage|p2a: Florges|48\/100\n|move|p2a: Florges|Moonblast|p1a: Flutter Mane\n|-crit|p1a: Flutter Mane\n|-damage|p1a: Flutter Mane|0 fnt\n|faint|p1a: Flutter Mane\n|-end|p1a: Flutter Mane|Protosynthesis|[silent]\n|\n|-heal|p2a: Florges|97\/100|[from] move: Wish|[wisher] Florges\n|-heal|p2a: Florges|100\/100|[from] item: Leftovers\n|upkeep\n|\n|t:|1698995214\n|switch|p1a: Regieleki|Regieleki, shiny|100\/100\n|turn|8\n|\n|t:|1698995219\n|switch|p2a: Iron Treads|Iron Treads|100\/100\n|move|p1a: Regieleki|Rapid Spin|p2a: Iron Treads\n|-resisted|p2a: Iron Treads\n|-damage|p2a: Iron Treads|96\/100\n|-boost|p1a: Regieleki|spe|1\n|-sideend|p1: Hesley Rokemon|Stealth Rock|[from] move: Rapid Spin|[of] p1a: Regieleki\n|\n|upkeep\n|turn|9\n|\n|t:|1698995233\n|switch|p1a: Landorus|Landorus-Therian, M, shiny|100\/100\n|-ability|p1a: Landorus|Intimidate|boost\n|-unboost|p2a: Iron Treads|atk|1\n|move|p2a: Iron Treads|Knock Off|p1a: Landorus\n|-damage|p1a: Landorus|83\/100\n|-damage|p2a: Iron Treads|79\/100|[from] item: Rocky Helmet|[of] p1a: Landorus\n|-enditem|p1a: Landorus|Rocky Helmet|[from] move: Knock Off|[of] p2a: Iron Treads\n|\n|upkeep\n|turn|10\n|\n|t:|1698995242\n|-end|p2a: Iron Treads|Quark Drive|[silent]\n|switch|p2a: Dondozo|Dondozo, M|100\/100\n|move|p1a: Landorus|Stealth Rock|p2a: Dondozo\n|-sidestart|p2: HauTheDoggo|move: Stealth Rock\n|\n|upkeep\n|turn|11\n|\n|t:|1698995250\n|switch|p1a: Koraidon|Koraidon|100\/100\n|-weather|SunnyDay|[from] ability: Orichalcum Pulse|[of] p1a: Koraidon\n|-activate|p1a: Koraidon|Orichalcum Pulse|[source]\n|move|p2a: Dondozo|Yawn|p1a: Koraidon\n|-start|p1a: Koraidon|move: Yawn|[of] p2a: Dondozo\n|\n|-weather|SunnyDay|[upkeep]\n|upkeep\n|turn|12\n|\n|t:|1698995255\n|switch|p1a: Chien-Pao|Chien-Pao|100\/100\n|-ability|p1a: Chien-Pao|Sword of Ruin\n|move|p2a: Dondozo|Protect||[still]\n|-fail|p2a: Dondozo\n|\n|-weather|SunnyDay|[upkeep]\n|upkeep\n|turn|13\n|\n|t:|1698995262\n|move|p1a: Chien-Pao|Crunch|p2a: Dondozo\n|-damage|p2a: Dondozo|77\/100\n|move|p2a: Dondozo|Body Press|p1a: Chien-Pao\n|-supereffective|p1a: Chien-Pao\n|-enditem|p1a: Chien-Pao|Focus Sash\n|-damage|p1a: Chien-Pao|1\/100\n|\n|-weather|SunnyDay|[upkeep]\n|-heal|p2a: Dondozo|83\/100|[from] item: Leftovers\n|upkeep\n|turn|14\n|\n|t:|1698995267\n|move|p1a: Chien-Pao|Crunch|p2a: Dondozo\n|-damage|p2a: Dondozo|60\/100\n|move|p2a: Dondozo|Body Press|p1a: Chien-Pao\n|-supereffective|p1a: Chien-Pao\n|-damage|p1a: Chien-Pao|0 fnt\n|faint|p1a: Chien-Pao\n|\n|-weather|SunnyDay|[upkeep]\n|-heal|p2a: Dondozo|66\/100|[from] item: Leftovers\n|upkeep\n|\n|t:|1698995269\n|switch|p1a: Koraidon|Koraidon|100\/100\n|-activate|p1a: Koraidon|ability: Orichalcum Pulse\n|turn|15\n|\n|t:|1698995274\n|switch|p2a: Scream Tail|Scream Tail|100\/100\n|-damage|p2a: Scream Tail|88\/100|[from] Stealth Rock\n|-activate|p2a: Scream Tail|ability: Protosynthesis\n|-start|p2a: Scream Tail|protosynthesisdef\n|move|p1a: Koraidon|Scale Shot|p2a: Scream Tail\n|-immune|p2a: Scream Tail\n|\n|-weather|none\n|-end|p2a: Scream Tail|Protosynthesis\n|upkeep\n|turn|16\n|\n|t:|1698995282\n|-terastallize|p1a: Koraidon|Steel\n|move|p1a: Koraidon|Iron Head|p2a: Scream Tail\n|-supereffective|p2a: Scream Tail\n|-damage|p2a: Scream Tail|32\/100\n|-damage|p1a: Koraidon|84\/100|[from] item: Rocky Helmet|[of] p2a: Scream Tail\n|move|p2a: Scream Tail|Stealth Rock|p1a: Koraidon\n|-sidestart|p1: Hesley Rokemon|move: Stealth Rock\n|\n|upkeep\n|turn|17\n|\n|t:|1698995296\n|-end|p2a: Scream Tail|Protosynthesis|[silent]\n|switch|p2a: Dondozo|Dondozo, M|66\/100\n|-damage|p2a: Dondozo|53\/100|[from] Stealth Rock\n|move|p1a: Koraidon|Iron Head|p2a: Dondozo\n|-resisted|p2a: Dondozo\n|-damage|p2a: Dondozo|43\/100\n|\n|-heal|p2a: Dondozo|50\/100|[from] item: Leftovers\n|upkeep\n|turn|18\n|j| GUESSWHOTPRADO\n|\n|t:|1698995300\n|move|p2a: Dondozo|Protect|p2a: Dondozo\n|-singleturn|p2a: Dondozo|Protect\n|move|p1a: Koraidon|Scale Shot|p2a: Dondozo\n|-activate|p2a: Dondozo|move: Protect\n|\n|-heal|p2a: Dondozo|56\/100|[from] item: Leftovers\n|upkeep\n|turn|19\n|\n|t:|1698995303\n|move|p1a: Koraidon|Scale Shot|p2a: Dondozo\n|-damage|p2a: Dondozo|49\/100\n|-damage|p2a: Dondozo|43\/100\n|-damage|p2a: Dondozo|37\/100\n|-damage|p2a: Dondozo|30\/100\n|-damage|p2a: Dondozo|25\/100\n|-hitcount|p2a: Dondozo|5\n|-unboost|p1a: Koraidon|def|1\n|-boost|p1a: Koraidon|spe|1\n|move|p2a: Dondozo|Body Press|p1a: Koraidon\n|-supereffective|p1a: Koraidon\n|-damage|p1a: Koraidon|29\/100\n|\n|-heal|p2a: Dondozo|31\/100|[from] item: Leftovers\n|upkeep\n|turn|20\n|\n|t:|1698995312\n|move|p2a: Dondozo|Protect|p2a: Dondozo\n|-singleturn|p2a: Dondozo|Protect\n|move|p1a: Koraidon|Collision Course|p2a: Dondozo\n|-activate|p2a: Dondozo|move: Protect\n|\n|-heal|p2a: Dondozo|37\/100|[from] item: Leftovers\n|upkeep\n|turn|21\n|\n|t:|1698995317\n|move|p1a: Koraidon|Iron Head|p2a: Dondozo\n|-resisted|p2a: Dondozo\n|-damage|p2a: Dondozo|27\/100\n|cant|p2a: Dondozo|flinch\n|\n|-heal|p2a: Dondozo|33\/100|[from] item: Leftovers\n|upkeep\n|turn|22\n|\n|t:|1698995322\n|move|p2a: Dondozo|Protect|p2a: Dondozo\n|-singleturn|p2a: Dondozo|Protect\n|move|p1a: Koraidon|Collision Course|p2a: Dondozo\n|-activate|p2a: Dondozo|move: Protect\n|\n|-heal|p2a: Dondozo|39\/100|[from] item: Leftovers\n|upkeep\n|turn|23\n|\n|t:|1698995324\n|move|p1a: Koraidon|Collision Course|p2a: Dondozo\n|-crit|p2a: Dondozo\n|-damage|p2a: Dondozo|4\/100\n|move|p2a: Dondozo|Body Press|p1a: Koraidon\n|-supereffective|p1a: Koraidon\n|-damage|p1a: Koraidon|0 fnt\n|faint|p1a: Koraidon\n|\n|-heal|p2a: Dondozo|10\/100|[from] item: Leftovers\n|upkeep\n|\n|t:|1698995329\n|switch|p1a: Regieleki|Regieleki, shiny|100\/100\n|turn|24\n|\n|t:|1698995333\n|move|p1a: Regieleki|Thunderbolt|p2a: Dondozo\n|-supereffective|p2a: Dondozo\n|-damage|p2a: Dondozo|0 fnt\n|faint|p2a: Dondozo\n|\n|upkeep\n|\n|t:|1698995339\n|switch|p2a: Iron Treads|Iron Treads|79\/100\n|-damage|p2a: Iron Treads|76\/100|[from] Stealth Rock\n|turn|25\n|\n|t:|1698995343\n|switch|p1a: Palafin|Palafin-Hero, M|100\/100\n|-damage|p1a: Palafin|88\/100|[from] Stealth Rock\n|-activate|p1a: Palafin|ability: Zero to Hero\n|move|p2a: Iron Treads|Earthquake|p1a: Palafin\n|-crit|p1a: Palafin\n|-damage|p1a: Palafin|17\/100\n|\n|upkeep\n|turn|26\n|\n|t:|1698995348\n|move|p1a: Palafin|Jet Punch|p2a: Iron Treads\n|-supereffective|p2a: Iron Treads\n|-damage|p2a: Iron Treads|0 fnt\n|faint|p2a: Iron Treads\n|-end|p2a: Iron Treads|Quark Drive|[silent]\n|\n|upkeep\n|\n|t:|1698995352\n|switch|p2a: Scream Tail|Scream Tail|32\/100\n|-damage|p2a: Scream Tail|19\/100|[from] Stealth Rock\n|turn|27\n|\n|t:|1698995356\n|move|p1a: Palafin|Jet Punch|p2a: Scream Tail\n|-damage|p2a: Scream Tail|0 fnt\n|-damage|p1a: Palafin|0 fnt|[from] item: Rocky Helmet|[of] p2a: Scream Tail\n|faint|p2a: Scream Tail\n|-end|p2a: Scream Tail|Protosynthesis|[silent]\n|faint|p1a: Palafin\n|\n|upkeep\n|\n|t:|1698995363\n|switch|p1a: Landorus|Landorus-Therian, M, shiny|83\/100\n|switch|p2a: Clodsire|Clodsire, M|100\/100\n|-damage|p1a: Landorus|71\/100|[from] Stealth Rock\n|-ability|p1a: Landorus|Intimidate|boost\n|-unboost|p2a: Clodsire|atk|1\n|-damage|p2a: Clodsire|94\/100|[from] Stealth Rock\n|turn|28\n|\n|t:|1698995367\n|move|p1a: Landorus|Earthquake|p2a: Clodsire\n|-supereffective|p2a: Clodsire\n|-damage|p2a: Clodsire|0 fnt\n|faint|p2a: Clodsire\n|\n|upkeep\n|\n|t:|1698995371\n|switch|p2a: Garganacl|Garganacl, M|100\/100\n|-damage|p2a: Garganacl|88\/100|[from] Stealth Rock\n|turn|29\n|\n|t:|1698995378\n|-terastallize|p2a: Garganacl|Flying\n|move|p1a: Landorus|Earthquake|p2a: Garganacl\n|-immune|p2a: Garganacl\n|move|p2a: Garganacl|Block|p1a: Landorus\n|-activate|p1a: Landorus|trapped\n|\n|-heal|p2a: Garganacl|94\/100|[from] item: Leftovers\n|upkeep\n|turn|30\n|\n|t:|1698995382\n|move|p1a: Landorus|Rock Slide|p2a: Garganacl\n|-supereffective|p2a: Garganacl\n|-damage|p2a: Garganacl|62\/100\n|move|p2a: Garganacl|Salt Cure|p1a: Landorus\n|-damage|p1a: Landorus|58\/100\n|-start|p1a: Landorus|Salt Cure\n|\n|-heal|p2a: Garganacl|68\/100|[from] item: Leftovers\n|-damage|p1a: Landorus|45\/100|[from] Salt Cure\n|upkeep\n|turn|31\n|\n|t:|1698995387\n|move|p1a: Landorus|Rock Slide|p2a: Garganacl\n|-supereffective|p2a: Garganacl\n|-damage|p2a: Garganacl|39\/100\n|move|p2a: Garganacl|Recover|p2a: Garganacl\n|-heal|p2a: Garganacl|89\/100\n|\n|-heal|p2a: Garganacl|95\/100|[from] item: Leftovers\n|-damage|p1a: Landorus|33\/100|[from] Salt Cure\n|upkeep\n|turn|32\n|\n|t:|1698995394\n|move|p1a: Landorus|Swords Dance|p1a: Landorus\n|-boost|p1a: Landorus|atk|2\n|move|p2a: Garganacl|Salt Cure|p1a: Landorus\n|-damage|p1a: Landorus|20\/100\n|\n|-heal|p2a: Garganacl|100\/100|[from] item: Leftovers\n|-damage|p1a: Landorus|8\/100|[from] Salt Cure\n|upkeep\n|turn|33\n|\n|t:|1698995397\n|move|p1a: Landorus|Rock Slide|p2a: Garganacl\n|-supereffective|p2a: Garganacl\n|-damage|p2a: Garganacl|38\/100\n|move|p2a: Garganacl|Recover|p2a: Garganacl\n|-heal|p2a: Garganacl|88\/100\n|\n|-heal|p2a: Garganacl|94\/100|[from] item: Leftovers\n|-damage|p1a: Landorus|0 fnt|[from] Salt Cure\n|faint|p1a: Landorus\n|upkeep\n|\n|t:|1698995401\n|switch|p1a: Regieleki|Regieleki, shiny|100\/100\n|turn|34\n|\n|t:|1698995403\n|move|p1a: Regieleki|Thunderbolt|p2a: Garganacl\n|-supereffective|p2a: Garganacl\n|-damage|p2a: Garganacl|0 fnt\n|faint|p2a: Garganacl\n|\n|upkeep\n|\n|t:|1698995407\n|switch|p2a: Florges|Florges-Yellow, F|100\/100\n|-damage|p2a: Florges|88\/100|[from] Stealth Rock\n|turn|35\n|\n|t:|1698995410\n|move|p1a: Regieleki|Thunderbolt|p2a: Florges\n|-damage|p2a: Florges|63\/100\n|move|p2a: Florges|Moonblast|p1a: Regieleki\n|-damage|p1a: Regieleki|26\/100\n|\n|-heal|p2a: Florges|69\/100|[from] item: Leftovers\n|upkeep\n|turn|36\n|\n|t:|1698995416\n|move|p1a: Regieleki|Thunderbolt|p2a: Florges\n|-damage|p2a: Florges|39\/100\n|move|p2a: Florges|Baton Pass||[still]\n|-fail|p2a: Florges\n|\n|-heal|p2a: Florges|45\/100|[from] item: Leftovers\n|upkeep\n|turn|37\n|\n|t:|1698995419\n|move|p2a: Florges|Protect|p2a: Florges\n|-singleturn|p2a: Florges|Protect\n|move|p1a: Regieleki|Thunderbolt|p2a: Florges\n|-activate|p2a: Florges|move: Protect\n|\n|-heal|p2a: Florges|51\/100|[from] item: Leftovers\n|upkeep\n|turn|38\n|\n|t:|1698995423\n|move|p1a: Regieleki|Thunderbolt|p2a: Florges\n|-damage|p2a: Florges|24\/100\n|move|p2a: Florges|Wish|p2a: Florges\n|\n|-heal|p2a: Florges|30\/100|[from] item: Leftovers\n|upkeep\n|turn|39\n|\n|t:|1698995426\n|move|p2a: Florges|Protect|p2a: Florges\n|-singleturn|p2a: Florges|Protect\n|move|p1a: Regieleki|Thunderbolt|p2a: Florges\n|-activate|p2a: Florges|move: Protect\n|\n|-heal|p2a: Florges|80\/100|[from] move: Wish|[wisher] Florges\n|-heal|p2a: Florges|86\/100|[from] item: Leftovers\n|upkeep\n|turn|40\n|\n|t:|1698995429\n|move|p1a: Regieleki|Thunderbolt|p2a: Florges\n|-crit|p2a: Florges\n|-damage|p2a: Florges|42\/100\n|move|p2a: Florges|Moonblast|p1a: Regieleki\n|-damage|p1a: Regieleki|0 fnt\n|faint|p1a: Regieleki\n|\n|win|HauTheDoggo\n|raw|Hesley Rokemon's rating: 1483 &rarr; <strong>1467<\/strong><br \/>(-16 for losing)\n|raw|HauTheDoggo's rating: 1551 &rarr; <strong>1567<\/strong><br \/>(+16 for winning)\n|l|\u2606Hesley Rokemon\n|l|\u2606HauTheDoggo\n","uploadtime":1698995541,"views":9,"p1id":"hesleyrokemon","p2id":"hauthedoggo","formatid":"gen9anythinggoes","rating":1467,"private":0,"password":""}