{"id":"gen9anythinggoes-1980105363","p1":"Krawo","p2":"MiseryRaven","format":"[Gen 9] Anything Goes","log":"|j|\u2606Krawo\n|j|\u2606MiseryRaven\n|t:|1698757722\n|gametype|singles\n|player|p1|Krawo|170|\n|player|p2|MiseryRaven|n|\n|teamsize|p1|6\n|teamsize|p2|6\n|gen|9\n|tier|[Gen 9] Anything Goes\n|rule|HP Percentage Mod: HP is shown in percentages\n|rule|Endless Battle Clause: Forcing endless battles is banned\n|clearpoke\n|poke|p1|Groudon|\n|poke|p1|Walking Wake|\n|poke|p1|Eternatus|\n|poke|p1|Iron Leaves|\n|poke|p1|Flutter Mane|\n|poke|p1|Dialga-Origin|\n|poke|p2|Calyrex-Ice|\n|poke|p2|Slither Wing|\n|poke|p2|Milotic, F|\n|poke|p2|Arceus-Steel|\n|poke|p2|Regieleki|\n|poke|p2|Pincurchin, F|\n|teampreview\n|\n|t:|1698757733\n|start\n|switch|p1a: Marvin|Groudon|100\/100\n|switch|p2a: Ate|Pincurchin, F, shiny|100\/100\n|-weather|SunnyDay|[from] ability: Drought|[of] p1a: Marvin\n|-fieldstart|move: Electric Terrain|[from] ability: Electric Surge|[of] p2a: Ate\n|turn|1\n|\n|t:|1698757749\n|switch|p2a: Athene|Milotic, F, shiny|100\/100\n|move|p1a: Marvin|Precipice Blades|p2a: Athene\n|-damage|p2a: Athene|22\/100\n|\n|-weather|SunnyDay|[upkeep]\n|-status|p2a: Athene|brn|[from] item: Flame Orb\n|upkeep\n|turn|2\n|\n|t:|1698757793\n|move|p1a: Marvin|Thunder Punch|p2a: Athene\n|-supereffective|p2a: Athene\n|-damage|p2a: Athene|0 fnt\n|faint|p2a: Athene\n|\n|-weather|SunnyDay|[upkeep]\n|upkeep\n|\n|t:|1698757806\n|switch|p2a: Hermes|Calyrex-Ice|100\/100\n|-ability|p2a: Hermes|As One\n|-ability|p2a: Hermes|Unnerve\n|turn|3\n|\n|t:|1698757831\n|switch|p1a: Dialga|Dialga-Origin|100\/100\n|-ability|p1a: Dialga|Pressure\n|move|p2a: Hermes|Glacial Lance|p1a: Dialga\n|-damage|p1a: Dialga|27\/100\n|\n|-weather|SunnyDay|[upkeep]\n|upkeep\n|turn|4\n|\n|t:|1698757851\n|move|p1a: Dialga|Flash Cannon|p2a: Hermes\n|-supereffective|p2a: Hermes\n|-damage|p2a: Hermes|52\/100\n|-unboost|p2a: Hermes|spd|1\n|move|p2a: Hermes|Glacial Lance|p1a: Dialga\n|-damage|p1a: Dialga|0 fnt\n|faint|p1a: Dialga\n|-ability|p2a: Hermes|Chilling Neigh|boost\n|-boost|p2a: Hermes|atk|1\n|\n|-weather|SunnyDay|[upkeep]\n|upkeep\n|\n|t:|1698757857\n|switch|p1a: Yui|Walking Wake|100\/100\n|-activate|p1a: Yui|ability: Protosynthesis\n|-start|p1a: Yui|protosynthesisspa\n|turn|5\n|\n|t:|1698757909\n|switch|p2a: Ate|Pincurchin, F, shiny|100\/100\n|move|p1a: Yui|Hydro Steam|p2a: Ate\n|-damage|p2a: Ate|0 fnt\n|faint|p2a: Ate\n|-damage|p1a: Yui|90\/100|[from] item: Life Orb\n|\n|-weather|SunnyDay|[upkeep]\n|upkeep\n|\n|t:|1698757946\n|switch|p2a: Zeus|Arceus-Steel|100\/100\n|turn|6\n|\n|t:|1698757964\n|move|p1a: Yui|Hydro Steam|p2a: Zeus\n|-damage|p2a: Zeus|31\/100\n|-damage|p1a: Yui|80\/100|[from] item: Life Orb\n|move|p2a: Zeus|Trick Room|p2a: Zeus\n|-fieldstart|move: Trick Room|[of] p2a: Zeus\n|\n|-weather|SunnyDay|[upkeep]\n|upkeep\n|turn|7\n|\n|t:|1698757973\n|-end|p1a: Yui|Protosynthesis|[silent]\n|switch|p1a: Marvin|Groudon|100\/100\n|move|p2a: Zeus|Dazzling Gleam|p1a: Marvin\n|-damage|p1a: Marvin|81\/100\n|\n|-weather|SunnyDay|[upkeep]\n|upkeep\n|turn|8\n|\n|t:|1698757995\n|move|p1a: Marvin|Heat Crash|p2a: Zeus\n|-supereffective|p2a: Zeus\n|-damage|p2a: Zeus|0 fnt\n|faint|p2a: Zeus\n|\n|-weather|none\n|-fieldend|move: Electric Terrain\n|upkeep\n|\n|t:|1698757998\n|switch|p2a: Hermes|Calyrex-Ice|52\/100\n|-ability|p2a: Hermes|As One\n|-ability|p2a: Hermes|Unnerve\n|turn|9\n|\n|t:|1698758023\n|switch|p1a: Iron Leaves|Iron Leaves|100\/100\n|move|p2a: Hermes|Glacial Lance|p1a: Iron Leaves\n|-supereffective|p1a: Iron Leaves\n|-damage|p1a: Iron Leaves|0 fnt\n|faint|p1a: Iron Leaves\n|-end|p1a: Iron Leaves|Quark Drive|[silent]\n|-ability|p2a: Hermes|Chilling Neigh|boost\n|-boost|p2a: Hermes|atk|1\n|\n|upkeep\n|\n|t:|1698758030\n|switch|p1a: Majora|Flutter Mane|100\/100\n|turn|10\n|\n|t:|1698758035\n|move|p2a: Hermes|Smart Strike|p1a: Majora\n|-supereffective|p1a: Majora\n|-damage|p1a: Majora|0 fnt\n|faint|p1a: Majora\n|-end|p1a: Majora|Protosynthesis|[silent]\n|-ability|p2a: Hermes|Chilling Neigh|boost\n|-boost|p2a: Hermes|atk|1\n|\n|-fieldend|move: Trick Room\n|upkeep\n|\n|t:|1698758042\n|switch|p1a: Josh|Eternatus|100\/100\n|-ability|p1a: Josh|Pressure\n|turn|11\n|\n|t:|1698758053\n|move|p1a: Josh|Flamethrower|p2a: Hermes\n|-supereffective|p2a: Hermes\n|-damage|p2a: Hermes|23\/100\n|move|p2a: Hermes|Glacial Lance|p1a: Josh\n|-supereffective|p1a: Josh\n|-damage|p1a: Josh|0 fnt\n|faint|p1a: Josh\n|-ability|p2a: Hermes|Chilling Neigh|boost\n|-boost|p2a: Hermes|atk|1\n|\n|upkeep\n|\n|t:|1698758057\n|switch|p1a: Marvin|Groudon|81\/100\n|-weather|SunnyDay|[from] ability: Drought|[of] p1a: Marvin\n|turn|12\n|\n|t:|1698758069\n|move|p1a: Marvin|Heat Crash|p2a: Hermes\n|-supereffective|p2a: Hermes\n|-damage|p2a: Hermes|0 fnt\n|faint|p2a: Hermes\n|\n|-weather|SunnyDay|[upkeep]\n|upkeep\n|\n|t:|1698758075\n|switch|p2a: Ares|Slither Wing, shiny|100\/100\n|-activate|p2a: Ares|ability: Protosynthesis\n|-start|p2a: Ares|protosynthesisspd\n|turn|13\n|\n|t:|1698758081\n|move|p2a: Ares|First Impression|p1a: Marvin\n|-damage|p1a: Marvin|51\/100\n|move|p1a: Marvin|Heat Crash|p2a: Ares\n|-supereffective|p2a: Ares\n|-crit|p2a: Ares\n|-damage|p2a: Ares|0 fnt\n|faint|p2a: Ares\n|-end|p2a: Ares|Protosynthesis|[silent]\n|\n|-weather|SunnyDay|[upkeep]\n|upkeep\n|\n|t:|1698758086\n|switch|p2a: Apollon|Regieleki|100\/100\n|turn|14\n|\n|t:|1698758091\n|move|p2a: Apollon|Light Screen|p2a: Apollon\n|-sidestart|p2: MiseryRaven|move: Light Screen\n|move|p1a: Marvin|Precipice Blades|p2a: Apollon\n|-supereffective|p2a: Apollon\n|-damage|p2a: Apollon|0 fnt\n|faint|p2a: Apollon\n|\n|win|Krawo\n","uploadtime":1698758108,"views":8,"p1id":"krawo","p2id":"miseryraven","formatid":"gen9anythinggoes","rating":0,"private":0,"password":""}