{"id":"gen9anythinggoes-1974948391","p1":"Scabber","p2":"IMTHEFALSESHEPHERD","format":"[Gen 9] Anything Goes","log":"|j|\u2606Scabber\n|j|\u2606IMTHEFALSESHEPHERD\n|t:|1698148289\n|gametype|singles\n|player|p1|Scabber|shadowtriad|1437\n|player|p2|IMTHEFALSESHEPHERD|red|1413\n|teamsize|p1|6\n|teamsize|p2|6\n|gen|9\n|tier|[Gen 9] Anything Goes\n|rated|\n|rule|HP Percentage Mod: HP is shown in percentages\n|rule|Endless Battle Clause: Forcing endless battles is banned\n|clearpoke\n|poke|p1|Baxcalibur, M|\n|poke|p1|Ninetales-Alola, F|\n|poke|p1|Chien-Pao|\n|poke|p1|Cloyster, F|\n|poke|p1|Articuno-Galar|\n|poke|p1|Cryogonal|\n|poke|p2|Typhlosion, F|\n|poke|p2|Sudowoodo, F|\n|poke|p2|Ursaluna-Bloodmoon, M|\n|poke|p2|Arceus-Electric|\n|poke|p2|Sunflora, M|\n|poke|p2|Annihilape, F|\n|teampreview\n|inactive|Battle timer is ON: inactive players will automatically lose when time's up. (requested by Scabber)\n|c|\u2606IMTHEFALSESHEPHERD|glhf\n|\n|t:|1698148300\n|start\n|switch|p1a: Cryogonal|Cryogonal|100\/100\n|switch|p2a: AipomDied|Annihilape, F|100\/100\n|turn|1\n|\n|t:|1698148309\n|move|p1a: Cryogonal|Sheer Cold|p2a: AipomDied|[miss]\n|-miss|p1a: Cryogonal|p2a: AipomDied\n|move|p2a: AipomDied|Drain Punch|p1a: Cryogonal\n|-supereffective|p1a: Cryogonal\n|-damage|p1a: Cryogonal|0 fnt\n|faint|p1a: Cryogonal\n|\n|upkeep\n|\n|t:|1698148319\n|switch|p1a: Ninetales|Ninetales-Alola, F|100\/100\n|-weather|Snow|[from] ability: Snow Warning|[of] p1a: Ninetales\n|turn|2\n|\n|t:|1698148326\n|move|p1a: Ninetales|Aurora Veil|p1a: Ninetales\n|-sidestart|p1: Scabber|move: Aurora Veil\n|move|p2a: AipomDied|Gunk Shot|p1a: Ninetales\n|-supereffective|p1a: Ninetales\n|-damage|p1a: Ninetales|55\/100\n|-status|p1a: Ninetales|psn\n|\n|-weather|Snow|[upkeep]\n|-damage|p1a: Ninetales|43\/100 psn|[from] psn\n|upkeep\n|turn|3\n|\n|t:|1698148336\n|move|p1a: Ninetales|Encore|p2a: AipomDied\n|-start|p2a: AipomDied|Encore\n|move|p2a: AipomDied|Gunk Shot|p1a: Ninetales|[miss]\n|-miss|p2a: AipomDied|p1a: Ninetales\n|\n|-weather|Snow|[upkeep]\n|-damage|p1a: Ninetales|31\/100 psn|[from] psn\n|upkeep\n|turn|4\n|\n|t:|1698148365\n|move|p1a: Ninetales|Blizzard|p2a: AipomDied\n|-damage|p2a: AipomDied|69\/100\n|move|p2a: AipomDied|Gunk Shot|p1a: Ninetales\n|-supereffective|p1a: Ninetales\n|-damage|p1a: Ninetales|0 fnt\n|faint|p1a: Ninetales\n|\n|-weather|Snow|[upkeep]\n|upkeep\n|inactive|Scabber has 120 seconds left.\n|\n|t:|1698148376\n|switch|p1a: Cloyster|Cloyster, F|100\/100\n|turn|5\n|\n|t:|1698148379\n|move|p2a: AipomDied|Gunk Shot|p1a: Cloyster\n|-damage|p1a: Cloyster|90\/100\n|move|p1a: Cloyster|Shell Smash|p1a: Cloyster\n|-unboost|p1a: Cloyster|def|1\n|-unboost|p1a: Cloyster|spd|1\n|-boost|p1a: Cloyster|atk|2\n|-boost|p1a: Cloyster|spa|2\n|-boost|p1a: Cloyster|spe|2\n|\n|-weather|Snow|[upkeep]\n|-end|p2a: AipomDied|Encore\n|upkeep\n|turn|6\n|\n|t:|1698148392\n|move|p1a: Cloyster|Icicle Spear|p2a: AipomDied\n|-damage|p2a: AipomDied|44\/100\n|-damage|p2a: AipomDied|16\/100\n|-damage|p2a: AipomDied|0 fnt\n|faint|p2a: AipomDied\n|-hitcount|p2: AipomDied|3\n|\n|-weather|none\n|upkeep\n|\n|t:|1698148407\n|switch|p2a: RaikouOnSteriods|Arceus-Electric, shiny|100\/100\n|turn|7\n|\n|t:|1698148412\n|move|p1a: Cloyster|Icicle Spear|p2a: RaikouOnSteriods\n|-damage|p2a: RaikouOnSteriods|86\/100\n|-damage|p2a: RaikouOnSteriods|71\/100\n|-damage|p2a: RaikouOnSteriods|54\/100\n|-damage|p2a: RaikouOnSteriods|39\/100\n|-damage|p2a: RaikouOnSteriods|23\/100\n|-hitcount|p2a: RaikouOnSteriods|5\n|cant|p2a: RaikouOnSteriods|flinch\n|\n|upkeep\n|turn|8\n|c|\u2606IMTHEFALSESHEPHERD|I-\n|c|\u2606IMTHEFALSESHEPHERD|shiii\n|\n|t:|1698148422\n|move|p1a: Cloyster|Ice Shard|p2a: RaikouOnSteriods\n|-damage|p2a: RaikouOnSteriods|0 fnt\n|faint|p2a: RaikouOnSteriods\n|\n|upkeep\n|\n|t:|1698148433\n|switch|p2a: Tree|Sudowoodo, F|100\/100\n|turn|9\n|\n|t:|1698148441\n|move|p1a: Cloyster|Icicle Spear|p2a: Tree\n|-damage|p2a: Tree|81\/100\n|-damage|p2a: Tree|62\/100\n|-damage|p2a: Tree|42\/100\n|-damage|p2a: Tree|22\/100\n|-damage|p2a: Tree|3\/100\n|-hitcount|p2a: Tree|5\n|move|p2a: Tree|Head Smash|p1a: Cloyster\n|-supereffective|p1a: Cloyster\n|-damage|p1a: Cloyster|0 fnt\n|faint|p1a: Cloyster\n|\n|-sideend|p1: Scabber|move: Aurora Veil\n|upkeep\n|\n|t:|1698148459\n|switch|p1a: Baxcalibur|Baxcalibur, M|100\/100\n|turn|10\n|\n|t:|1698148473\n|-terastallize|p1a: Baxcalibur|Ground\n|move|p1a: Baxcalibur|Dragon Dance|p1a: Baxcalibur\n|-boost|p1a: Baxcalibur|atk|1\n|-boost|p1a: Baxcalibur|spe|1\n|move|p2a: Tree|Head Smash|p1a: Baxcalibur\n|-resisted|p1a: Baxcalibur\n|-damage|p1a: Baxcalibur|66\/100\n|\n|upkeep\n|turn|11\n|c|\u2606IMTHEFALSESHEPHERD|uh oh\n|\n|t:|1698148486\n|move|p1a: Baxcalibur|Dragon Dance|p1a: Baxcalibur\n|-boost|p1a: Baxcalibur|atk|1\n|-boost|p1a: Baxcalibur|spe|1\n|move|p2a: Tree|Wood Hammer|p1a: Baxcalibur\n|-supereffective|p1a: Baxcalibur\n|-damage|p1a: Baxcalibur|0 fnt\n|faint|p1a: Baxcalibur\n|\n|upkeep\n|c|\u2606IMTHEFALSESHEPHERD|jk lol\n|\n|t:|1698148495\n|switch|p1a: Articuno|Articuno-Galar|100\/100\n|turn|12\n|\n|t:|1698148500\n|move|p2a: Tree|Sucker Punch|p1a: Articuno\n|-supereffective|p1a: Articuno\n|-damage|p1a: Articuno|43\/100\n|move|p1a: Articuno|Freezing Glare|p2a: Tree\n|-damage|p2a: Tree|0 fnt\n|faint|p2a: Tree\n|\n|upkeep\n|\n|t:|1698148506\n|switch|p2a: Beloved|Typhlosion, F|100\/100\n|turn|13\n|\n|t:|1698148513\n|move|p2a: Beloved|Heat Wave|p1a: Articuno\n|-damage|p1a: Articuno|0 fnt\n|faint|p1a: Articuno\n|\n|upkeep\n|\n|t:|1698148518\n|switch|p1a: Chien-Pao|Chien-Pao|100\/100\n|-ability|p1a: Chien-Pao|Sword of Ruin\n|turn|14\n|\n|t:|1698148523\n|move|p1a: Chien-Pao|Swords Dance|p1a: Chien-Pao\n|-boost|p1a: Chien-Pao|atk|2\n|move|p2a: Beloved|Heat Wave|p1a: Chien-Pao\n|-supereffective|p1a: Chien-Pao\n|-enditem|p1a: Chien-Pao|Focus Sash\n|-damage|p1a: Chien-Pao|1\/100\n|\n|upkeep\n|turn|15\n|\n|t:|1698148533\n|move|p1a: Chien-Pao|Sucker Punch|p2a: Beloved\n|-damage|p2a: Beloved|0 fnt\n|faint|p2a: Beloved\n|\n|upkeep\n|\n|t:|1698148540\n|switch|p2a: Ihatethis|Sunflora, M|100\/100\n|turn|16\n|c|\u2606IMTHEFALSESHEPHERD|uh ohh\n|\n|t:|1698148550\n|move|p1a: Chien-Pao|Ice Spinner|p2a: Ihatethis\n|-supereffective|p2a: Ihatethis\n|-damage|p2a: Ihatethis|0 fnt\n|faint|p2a: Ihatethis\n|\n|upkeep\n|\n|t:|1698148552\n|switch|p2a: Ursaluna|Ursaluna-Bloodmoon, M|100\/100\n|turn|17\n|\n|t:|1698148558\n|-terastallize|p2a: Ursaluna|Ground\n|move|p1a: Chien-Pao|Ice Spinner|p2a: Ursaluna\n|-supereffective|p2a: Ursaluna\n|-damage|p2a: Ursaluna|0 fnt\n|faint|p2a: Ursaluna\n|\n|win|Scabber\n|raw|Scabber's rating: 1437 &rarr; <strong>1456<\/strong><br \/>(+19 for winning)\n|raw|IMTHEFALSESHEPHERD's rating: 1413 &rarr; <strong>1394<\/strong><br \/>(-19 for losing)\n|c|\u2606IMTHEFALSESHEPHERD|gggwp\n","uploadtime":1698148571,"views":8,"p1id":"scabber","p2id":"imthefalseshepherd","formatid":"gen9anythinggoes","rating":1394,"private":0,"password":""}