{"id":"gen9anythinggoes-1974908441","p1":"incontri\u8482\u5b89\u5e0c","p2":"Jojos is pipi","format":"[Gen 9] Anything Goes","log":"|j|\u2606incontri\u8482\u5b89\u5e0c\n|j|\u2606Jojos is pipi\n|t:|1698143170\n|gametype|singles\n|player|p1|incontri\u8482\u5b89\u5e0c|lillie-masters|1537\n|player|p2|Jojos is pipi|peonia|1795\n|teamsize|p1|6\n|teamsize|p2|6\n|gen|9\n|tier|[Gen 9] Anything Goes\n|rated|\n|rule|HP Percentage Mod: HP is shown in percentages\n|rule|Endless Battle Clause: Forcing endless battles is banned\n|clearpoke\n|poke|p1|Koraidon|\n|poke|p1|Calyrex-Shadow|\n|poke|p1|Miraidon|\n|poke|p1|Zacian-*|\n|poke|p1|Arceus|\n|poke|p1|Arceus-Ground|\n|poke|p2|Grimmsnarl, M|\n|poke|p2|Glimmora, F|\n|poke|p2|Arceus|\n|poke|p2|Arceus-Ground|\n|poke|p2|Koraidon|\n|poke|p2|Calyrex-Shadow|\n|teampreview\n|inactive|Battle timer is ON: inactive players will automatically lose when time's up. (requested by Jojos is pipi)\n|\n|t:|1698143185\n|start\n|switch|p1a: Koraidon|Koraidon|100\/100\n|switch|p2a: Glimmora|Glimmora, F|100\/100\n|-weather|SunnyDay|[from] ability: Orichalcum Pulse|[of] p1a: Koraidon\n|-activate|p1a: Koraidon|Orichalcum Pulse|[source]\n|turn|1\n|\n|t:|1698143211\n|switch|p1a: Miraidon|Miraidon|100\/100\n|-fieldstart|move: Electric Terrain|[from] ability: Hadron Engine|[of] p1a: Miraidon\n|move|p2a: Glimmora|Spikes|p1a: Miraidon\n|-sidestart|p1: incontri\u8482\u5b89\u5e0c|Spikes\n|\n|-weather|SunnyDay|[upkeep]\n|upkeep\n|turn|2\n|\n|t:|1698143219\n|switch|p2a: Arceus|Arceus-Ground|100\/100\n|move|p1a: Miraidon|Draco Meteor|p2a: Arceus\n|-damage|p2a: Arceus|0 fnt\n|-unboost|p1a: Miraidon|spa|2\n|faint|p2a: Arceus\n|\n|-weather|SunnyDay|[upkeep]\n|upkeep\n|inactive|Jojos is pipi has 120 seconds left.\n|\n|t:|1698143234\n|switch|p2a: Calyrex|Calyrex-Shadow|100\/100\n|-ability|p2a: Calyrex|As One\n|-ability|p2a: Calyrex|Unnerve\n|turn|3\n|\n|t:|1698143241\n|switch|p1a: Arceus|Arceus|100\/100\n|-damage|p1a: Arceus|88\/100|[from] Spikes\n|move|p2a: Calyrex|Draining Kiss|p1a: Arceus\n|-damage|p1a: Arceus|77\/100\n|\n|-weather|SunnyDay|[upkeep]\n|upkeep\n|turn|4\n|\n|t:|1698143250\n|switch|p2a: Glimmora|Glimmora, F|100\/100\n|move|p1a: Arceus|Swords Dance|p1a: Arceus\n|-boost|p1a: Arceus|atk|2\n|\n|-weather|SunnyDay|[upkeep]\n|upkeep\n|turn|5\n|\n|t:|1698143256\n|move|p2a: Glimmora|Mortal Spin|p1a: Arceus\n|-damage|p1a: Arceus|73\/100\n|-status|p1a: Arceus|psn\n|move|p1a: Arceus|Earthquake|p2a: Glimmora\n|-supereffective|p2a: Glimmora\n|-enditem|p2a: Glimmora|Focus Sash\n|-damage|p2a: Glimmora|1\/100\n|-activate|p2a: Glimmora|ability: Toxic Debris\n|-sidestart|p1: incontri\u8482\u5b89\u5e0c|move: Toxic Spikes\n|-damage|p1a: Arceus|63\/100 psn|[from] item: Life Orb\n|\n|-weather|none\n|-damage|p1a: Arceus|51\/100 psn|[from] psn\n|-fieldend|move: Electric Terrain\n|upkeep\n|turn|6\n|\n|t:|1698143266\n|move|p1a: Arceus|Extreme Speed|p2a: Glimmora\n|-resisted|p2a: Glimmora\n|-damage|p2a: Glimmora|0 fnt\n|-activate|p2a: Glimmora|ability: Toxic Debris\n|-sidestart|p1: incontri\u8482\u5b89\u5e0c|move: Toxic Spikes\n|faint|p2a: Glimmora\n|-damage|p1a: Arceus|41\/100 psn|[from] item: Life Orb\n|\n|-damage|p1a: Arceus|29\/100 psn|[from] psn\n|upkeep\n|\n|t:|1698143271\n|switch|p2a: Calyrex|Calyrex-Shadow|100\/100\n|-ability|p2a: Calyrex|As One\n|-ability|p2a: Calyrex|Unnerve\n|turn|7\n|\n|t:|1698143279\n|move|p2a: Calyrex|Encore|p1a: Arceus\n|-start|p1a: Arceus|Encore\n|move|p1a: Arceus|Extreme Speed|p2a: Calyrex\n|-immune|p2a: Calyrex\n|\n|-damage|p1a: Arceus|16\/100 psn|[from] psn\n|upkeep\n|turn|8\n|\n|t:|1698143292\n|switch|p1a: Zacian|Zacian-Crowned|100\/100\n|-damage|p1a: Zacian|88\/100|[from] Spikes\n|-ability|p1a: Zacian|Intrepid Sword|boost\n|-boost|p1a: Zacian|atk|1\n|move|p2a: Calyrex|Astral Barrage|p1a: Zacian\n|-damage|p1a: Zacian|31\/100\n|\n|upkeep\n|turn|9\n|\n|t:|1698143301\n|move|p2a: Calyrex|Astral Barrage|p1a: Zacian\n|-damage|p1a: Zacian|0 fnt\n|faint|p1a: Zacian\n|-ability|p2a: Calyrex|Grim Neigh|boost\n|-boost|p2a: Calyrex|spa|1\n|\n|upkeep\n|\n|t:|1698143311\n|switch|p1a: Koraidon|Koraidon|100\/100\n|-damage|p1a: Koraidon|88\/100|[from] Spikes\n|-status|p1a: Koraidon|tox\n|-weather|SunnyDay|[from] ability: Orichalcum Pulse|[of] p1a: Koraidon\n|-activate|p1a: Koraidon|Orichalcum Pulse|[source]\n|turn|10\n|\n|t:|1698143324\n|-terastallize|p1a: Koraidon|Fire\n|move|p1a: Koraidon|Flare Blitz|p2a: Calyrex\n|-damage|p2a: Calyrex|0 fnt\n|faint|p2a: Calyrex\n|-damage|p1a: Koraidon|51\/100 tox|[from] Recoil\n|\n|-weather|SunnyDay|[upkeep]\n|-damage|p1a: Koraidon|45\/100 tox|[from] psn\n|upkeep\n|\n|t:|1698143340\n|switch|p2a: Koraidon|Koraidon|100\/100\n|-activate|p2a: Koraidon|ability: Orichalcum Pulse\n|turn|11\n|\n|t:|1698143344\n|move|p1a: Koraidon|Flare Blitz|p2a: Koraidon\n|-resisted|p2a: Koraidon\n|-damage|p2a: Koraidon|39\/100\n|-damage|p1a: Koraidon|25\/100 tox|[from] Recoil\n|move|p2a: Koraidon|Scale Shot|p1a: Koraidon\n|-damage|p1a: Koraidon|10\/100 tox\n|-damage|p1a: Koraidon|0 fnt\n|faint|p1a: Koraidon\n|-hitcount|p1: Koraidon|2\n|-unboost|p2a: Koraidon|def|1\n|-boost|p2a: Koraidon|spe|1\n|\n|-weather|SunnyDay|[upkeep]\n|upkeep\n|\n|t:|1698143355\n|switch|p1a: Arceus|Arceus|16\/100 psn\n|-damage|p1a: Arceus|4\/100 psn|[from] Spikes\n|turn|12\n|\n|t:|1698143376\n|-terastallize|p2a: Koraidon|Ghost\n|move|p1a: Arceus|Extreme Speed|p2a: Koraidon\n|-immune|p2a: Koraidon\n|move|p2a: Koraidon|Scale Shot|p1a: Arceus\n|-damage|p1a: Arceus|0 fnt\n|faint|p1a: Arceus\n|-hitcount|p1: Arceus|1\n|-unboost|p2a: Koraidon|def|1\n|-boost|p2a: Koraidon|spe|1\n|\n|-weather|SunnyDay|[upkeep]\n|upkeep\n|\n|t:|1698143386\n|switch|p1a: Arceus|Arceus-Ground|100\/100\n|-damage|p1a: Arceus|88\/100|[from] Spikes\n|-status|p1a: Arceus|tox\n|turn|13\n|\n|t:|1698143399\n|move|p2a: Koraidon|Low Kick|p1a: Arceus\n|-damage|p1a: Arceus|37\/100 tox\n|move|p1a: Arceus|Earthquake|p2a: Koraidon\n|-damage|p2a: Koraidon|0 fnt\n|faint|p2a: Koraidon\n|\n|-weather|SunnyDay|[upkeep]\n|-damage|p1a: Arceus|30\/100 tox|[from] psn\n|upkeep\n|\n|t:|1698143413\n|switch|p2a: Arceus|Arceus|100\/100\n|turn|14\n|\n|t:|1698143418\n|move|p2a: Arceus|Bulk Up|p2a: Arceus\n|-boost|p2a: Arceus|atk|1\n|-boost|p2a: Arceus|def|1\n|move|p1a: Arceus|Earthquake|p2a: Arceus\n|-damage|p2a: Arceus|72\/100\n|\n|-weather|none\n|-heal|p2a: Arceus|78\/100|[from] item: Leftovers\n|-damage|p1a: Arceus|18\/100 tox|[from] psn\n|upkeep\n|turn|15\n|\n|t:|1698143428\n|move|p2a: Arceus|Bulk Up|p2a: Arceus\n|-boost|p2a: Arceus|atk|1\n|-boost|p2a: Arceus|def|1\n|move|p1a: Arceus|Recover|p1a: Arceus\n|-heal|p1a: Arceus|68\/100 tox\n|\n|-heal|p2a: Arceus|85\/100|[from] item: Leftovers\n|-damage|p1a: Arceus|50\/100 tox|[from] psn\n|upkeep\n|turn|16\n|\n|t:|1698143439\n|move|p2a: Arceus|Bulk Up|p2a: Arceus\n|-boost|p2a: Arceus|atk|1\n|-boost|p2a: Arceus|def|1\n|move|p1a: Arceus|Dragon Dance|p1a: Arceus\n|-boost|p1a: Arceus|atk|1\n|-boost|p1a: Arceus|spe|1\n|\n|-heal|p2a: Arceus|91\/100|[from] item: Leftovers\n|-damage|p1a: Arceus|26\/100 tox|[from] psn\n|upkeep\n|turn|17\n|\n|t:|1698143454\n|move|p1a: Arceus|Earthquake|p2a: Arceus\n|-crit|p2a: Arceus\n|-damage|p2a: Arceus|0 fnt\n|faint|p2a: Arceus\n|\n|-damage|p1a: Arceus|0 fnt|[from] psn\n|faint|p1a: Arceus\n|upkeep\n|\n|t:|1698143463\n|switch|p2a: Grimmsnarl|Grimmsnarl, M|100\/100\n|switch|p1a: Miraidon|Miraidon|100\/100\n|-damage|p1a: Miraidon|88\/100|[from] Spikes\n|-status|p1a: Miraidon|tox\n|-fieldstart|move: Electric Terrain|[from] ability: Hadron Engine|[of] p1a: Miraidon\n|turn|18\n|\n|t:|1698143468\n|move|p2a: Grimmsnarl|Light Screen|p2a: Grimmsnarl\n|-sidestart|p2: Jojos is pipi|move: Light Screen\n|move|p1a: Miraidon|Electro Drift|p2a: Grimmsnarl\n|-damage|p2a: Grimmsnarl|52\/100\n|\n|-damage|p1a: Miraidon|82\/100 tox|[from] psn\n|upkeep\n|turn|19\n|\n|t:|1698143476\n|move|p1a: Miraidon|Electro Drift|p2a: Grimmsnarl\n|-damage|p2a: Grimmsnarl|0 fnt\n|faint|p2a: Grimmsnarl\n|\n|win|incontri\u8482\u5b89\u5e0c\n|raw|incontri\u8482\u5b89\u5e0c's rating: 1537 &rarr; <strong>1570<\/strong><br \/>(+33 for winning)\n|raw|Jojos is pipi's rating: 1813 &rarr; <strong>1780<\/strong><br \/>(-33 for losing)\n|l|\u2606Jojos is pipi\n","uploadtime":1698143489,"views":9,"p1id":"incontri","p2id":"jojosispipi","formatid":"gen9anythinggoes","rating":1570,"private":0,"password":""}