{"id":"gen9anythinggoes-1979235128","p1":"Decimo_00","p2":"Zera & Lucy","format":"[Gen 9] Anything Goes","log":"|j|\u2606Decimo_00\n|j|\u2606Zera & Lucy\n|t:|1698657914\n|gametype|singles\n|player|p1|Decimo_00|ghetsis|1118\n|player|p2|Zera & Lucy|cynthia|1244\n|teamsize|p1|6\n|teamsize|p2|6\n|gen|9\n|tier|[Gen 9] Anything Goes\n|rated|\n|rule|HP Percentage Mod: HP is shown in percentages\n|rule|Endless Battle Clause: Forcing endless battles is banned\n|clearpoke\n|poke|p1|Eternatus|\n|poke|p1|Mimikyu, M|\n|poke|p1|Iron Moth|\n|poke|p1|Gholdengo|\n|poke|p1|Weezing-Galar, F|\n|poke|p1|Dondozo, M|\n|poke|p2|Drifblim, F|\n|poke|p2|Chansey, F|\n|poke|p2|Inteleon, M|\n|poke|p2|Calyrex-Shadow|\n|poke|p2|Ribombee, M|\n|poke|p2|Mamoswine, F|\n|teampreview\n|inactive|Battle timer is ON: inactive players will automatically lose when time's up. (requested by Zera & Lucy)\n|\n|t:|1698657923\n|start\n|switch|p1a: Eternatus|Eternatus|100\/100\n|switch|p2a: Ribombee|Ribombee, M|100\/100\n|-ability|p1a: Eternatus|Pressure\n|turn|1\n|\n|t:|1698657938\n|move|p1a: Eternatus|Toxic|p2a: Ribombee\n|-status|p2a: Ribombee|tox\n|move|p2a: Ribombee|Sticky Web|p1a: Eternatus\n|-sidestart|p1: Decimo_00|move: Sticky Web\n|\n|-damage|p2a: Ribombee|94\/100 tox|[from] psn\n|upkeep\n|turn|2\n|\n|t:|1698657945\n|move|p1a: Eternatus|Cosmic Power|p1a: Eternatus\n|-boost|p1a: Eternatus|def|1\n|-boost|p1a: Eternatus|spd|1\n|move|p2a: Ribombee|Light Screen|p2a: Ribombee\n|-sidestart|p2: Zera & Lucy|move: Light Screen\n|\n|-damage|p2a: Ribombee|82\/100 tox|[from] psn\n|upkeep\n|turn|3\n|\n|t:|1698657951\n|move|p1a: Eternatus|Cosmic Power|p1a: Eternatus\n|-boost|p1a: Eternatus|def|1\n|-boost|p1a: Eternatus|spd|1\n|move|p2a: Ribombee|Reflect|p2a: Ribombee\n|-sidestart|p2: Zera & Lucy|Reflect\n|\n|-damage|p2a: Ribombee|63\/100 tox|[from] psn\n|upkeep\n|turn|4\n|\n|t:|1698657969\n|switch|p2a: Drifblim|Drifblim, F|100\/100\n|move|p1a: Eternatus|Cosmic Power|p1a: Eternatus\n|-boost|p1a: Eternatus|def|1\n|-boost|p1a: Eternatus|spd|1\n|\n|upkeep\n|turn|5\n|\n|t:|1698657989\n|move|p1a: Eternatus|Flamethrower|p2a: Drifblim\n|-damage|p2a: Drifblim|91\/100\n|move|p2a: Drifblim|Minimize|p2a: Drifblim\n|-boost|p2a: Drifblim|evasion|2\n|\n|upkeep\n|turn|6\n|\n|t:|1698657999\n|move|p1a: Eternatus|Toxic|p2a: Drifblim\n|-status|p2a: Drifblim|tox\n|move|p2a: Drifblim|Minimize|p2a: Drifblim\n|-boost|p2a: Drifblim|evasion|2\n|\n|-damage|p2a: Drifblim|85\/100 tox|[from] psn\n|-sideend|p2: Zera & Lucy|move: Light Screen\n|upkeep\n|turn|7\n|\n|t:|1698658007\n|move|p1a: Eternatus|Cosmic Power|p1a: Eternatus\n|-boost|p1a: Eternatus|def|1\n|-boost|p1a: Eternatus|spd|1\n|move|p2a: Drifblim|Minimize|p2a: Drifblim\n|-boost|p2a: Drifblim|evasion|2\n|\n|-damage|p2a: Drifblim|72\/100 tox|[from] psn\n|-sideend|p2: Zera & Lucy|Reflect\n|upkeep\n|turn|8\n|\n|t:|1698658014\n|move|p1a: Eternatus|Flamethrower|p2a: Drifblim|[miss]\n|-miss|p1a: Eternatus|p2a: Drifblim\n|move|p2a: Drifblim|Focus Energy|p2a: Drifblim\n|-start|p2a: Drifblim|move: Focus Energy\n|\n|-damage|p2a: Drifblim|54\/100 tox|[from] psn\n|upkeep\n|turn|9\n|\n|t:|1698658022\n|move|p1a: Eternatus|Cosmic Power|p1a: Eternatus\n|-boost|p1a: Eternatus|def|1\n|-boost|p1a: Eternatus|spd|1\n|move|p2a: Drifblim|Substitute|p2a: Drifblim\n|-start|p2a: Drifblim|Substitute\n|-damage|p2a: Drifblim|29\/100 tox\n|\n|-damage|p2a: Drifblim|4\/100 tox|[from] psn\n|upkeep\n|turn|10\n|\n|t:|1698658030\n|move|p1a: Eternatus|Cosmic Power|p1a: Eternatus\n|-boost|p1a: Eternatus|def|1\n|-boost|p1a: Eternatus|spd|1\n|move|p2a: Drifblim|Baton Pass|p2a: Drifblim\n|\n|t:|1698658046\n|switch|p2a: Inteleon|Inteleon, M|100\/100|[from] Baton Pass\n|\n|upkeep\n|turn|11\n|\n|t:|1698658056\n|move|p1a: Eternatus|Dynamax Cannon|p2a: Inteleon|[miss]\n|-miss|p1a: Eternatus|p2a: Inteleon\n|move|p2a: Inteleon|Icy Wind|p1a: Eternatus\n|-supereffective|p1a: Eternatus\n|-crit|p1a: Eternatus\n|-damage|p1a: Eternatus|48\/100\n|-unboost|p1a: Eternatus|spe|1\n|\n|-heal|p1a: Eternatus|54\/100|[from] item: Leftovers\n|upkeep\n|turn|12\n|\n|t:|1698658067\n|-terastallize|p1a: Eternatus|Steel\n|move|p2a: Inteleon|Icy Wind|p1a: Eternatus\n|-resisted|p1a: Eternatus\n|-crit|p1a: Eternatus\n|-damage|p1a: Eternatus|41\/100\n|-unboost|p1a: Eternatus|spe|1\n|move|p1a: Eternatus|Dynamax Cannon|p2a: Inteleon|[miss]\n|-miss|p1a: Eternatus|p2a: Inteleon\n|\n|-heal|p1a: Eternatus|47\/100|[from] item: Leftovers\n|upkeep\n|turn|13\n|\n|t:|1698658079\n|switch|p1a: Weezing|Weezing-Galar, F|100\/100\n|-ability|p1a: Weezing|Neutralizing Gas\n|-activate|p1a: Weezing|move: Sticky Web\n|-unboost|p1a: Weezing|spe|1\n|move|p2a: Inteleon|Vacuum Wave|p1a: Weezing\n|-resisted|p1a: Weezing\n|-crit|p1a: Weezing\n|-damage|p1a: Weezing|94\/100\n|\n|upkeep\n|turn|14\n|\n|t:|1698658097\n|move|p2a: Inteleon|Snipe Shot|p1a: Weezing\n|-crit|p1a: Weezing\n|-damage|p1a: Weezing|12\/100\n|move|p1a: Weezing|Defog|p2a: Inteleon\n|-sideend|p1: Decimo_00|Sticky Web|[from] move: Defog|[of] p1a: Weezing\n|\n|upkeep\n|turn|15\n|\n|t:|1698658106\n|move|p2a: Inteleon|Snipe Shot|p1a: Weezing\n|-crit|p1a: Weezing\n|-damage|p1a: Weezing|0 fnt\n|faint|p1a: Weezing\n|-end|p1a: Weezing|ability: Neutralizing Gas\n|\n|upkeep\n|-message|Decimo_00 forfeited.\n|\n|win|Zera & Lucy\n|raw|Decimo_00's rating: 1118 &rarr; <strong>1102<\/strong><br \/>(-16 for losing)\n|raw|Zera &amp; Lucy's rating: 1244 &rarr; <strong>1260<\/strong><br \/>(+16 for winning)\n|l|\u2606Decimo_00\n","uploadtime":1698658126,"views":11,"p1id":"decimo00","p2id":"zeralucy","formatid":"gen9anythinggoes","rating":1102,"private":0,"password":""}