{"id":"gen9anythinggoes-1993806572","p1":"FemboyPlayer","p2":"Bossman7562","format":"[Gen 9] Anything Goes","log":"|j|\u2606FemboyPlayer\n|j|\u2606Bossman7562\n|t:|1700359593\n|gametype|singles\n|player|p1|FemboyPlayer|elesa|1115\n|player|p2|Bossman7562|2|1000\n|teamsize|p1|6\n|teamsize|p2|6\n|gen|9\n|tier|[Gen 9] Anything Goes\n|rated|\n|rule|HP Percentage Mod: HP is shown in percentages\n|rule|Endless Battle Clause: Forcing endless battles is banned\n|clearpoke\n|poke|p1|Espeon, M|\n|poke|p1|Zoroark-Hisui, M|\n|poke|p1|Zoroark, M|\n|poke|p1|Ninetales, F|\n|poke|p1|Ninetales-Alola, F|\n|poke|p1|Delphox, M|\n|poke|p2|Houndstone, M|\n|poke|p2|Palossand, F|\n|poke|p2|Annihilape, M|\n|poke|p2|Annihilape, M|\n|poke|p2|Annihilape, M|\n|poke|p2|Annihilape, M|\n|teampreview\n|\n|t:|1700359606\n|start\n|switch|p1a: Mewthree|Espeon, M|100\/100\n|switch|p2a: Annihilape|Annihilape, M|100\/100\n|turn|1\n|\n|t:|1700359614\n|move|p2a: Annihilape|Final Gambit|p1a: Mewthree\n|-damage|p1a: Mewthree|0 fnt\n|faint|p2a: Annihilape\n|faint|p1a: Mewthree\n|\n|upkeep\n|\n|t:|1700359625\n|switch|p1a: Multifluff|Ninetales-Alola, F, shiny|100\/100\n|switch|p2a: Annihilape|Annihilape, M|100\/100\n|-weather|Snow|[from] ability: Snow Warning|[of] p1a: Multifluff\n|turn|2\n|\n|t:|1700359631\n|move|p2a: Annihilape|Final Gambit|p1a: Multifluff\n|-damage|p1a: Multifluff|0 fnt\n|faint|p2a: Annihilape\n|faint|p1a: Multifluff\n|\n|-weather|Snow|[upkeep]\n|upkeep\n|inactive|Battle timer is ON: inactive players will automatically lose when time's up. (requested by Bossman7562)\n|\n|t:|1700359650\n|switch|p1a: Kitsune|Delphox, M|100\/100\n|switch|p2a: Annihilape|Annihilape, M|100\/100\n|turn|3\n|\n|t:|1700359660\n|move|p2a: Annihilape|Final Gambit|p1a: Kitsune\n|-immune|p1a: Kitsune\n|move|p1a: Kitsune|Psychic|p2a: Annihilape\n|-supereffective|p2a: Annihilape\n|-damage|p2a: Annihilape|39\/100\n|\n|-weather|Snow|[upkeep]\n|upkeep\n|turn|4\n|\n|t:|1700359669\n|move|p2a: Annihilape|Final Gambit|p1a: Kitsune\n|-immune|p1a: Kitsune\n|move|p1a: Kitsune|Psychic|p2a: Annihilape\n|-supereffective|p2a: Annihilape\n|-damage|p2a: Annihilape|0 fnt\n|faint|p2a: Annihilape\n|\n|-weather|Snow|[upkeep]\n|upkeep\n|\n|t:|1700359678\n|switch|p2a: Annihilape|Annihilape, M|100\/100\n|turn|5\n|\n|t:|1700359684\n|move|p2a: Annihilape|Final Gambit|p1a: Kitsune\n|-immune|p1a: Kitsune\n|move|p1a: Kitsune|Psychic|p2a: Annihilape\n|-supereffective|p2a: Annihilape\n|-damage|p2a: Annihilape|42\/100\n|\n|-weather|Snow|[upkeep]\n|upkeep\n|turn|6\n|\n|t:|1700359692\n|move|p2a: Annihilape|Final Gambit|p1a: Kitsune\n|-immune|p1a: Kitsune\n|move|p1a: Kitsune|Psychic|p2a: Annihilape\n|-supereffective|p2a: Annihilape\n|-damage|p2a: Annihilape|0 fnt\n|faint|p2a: Annihilape\n|\n|-weather|none\n|upkeep\n|\n|t:|1700359701\n|switch|p2a: Palossand|Palossand, F|100\/100\n|turn|7\n|\n|t:|1700359720\n|move|p1a: Kitsune|Comeuppance||[still]\n|-fail|p1a: Kitsune\n|move|p2a: Palossand|Poltergeist|p1a: Kitsune\n|-immune|p1a: Kitsune\n|\n|upkeep\n|turn|8\n|\n|t:|1700359741\n|move|p1a: Kitsune|Shadow Ball|p2a: Palossand\n|-supereffective|p2a: Palossand\n|-damage|p2a: Palossand|12\/100\n|-enditem|p2a: Palossand|Aguav Berry|[eat]\n|-heal|p2a: Palossand|45\/100|[from] item: Aguav Berry\n|move|p2a: Palossand|Trick|p1a: Kitsune\n|-activate|p2a: Palossand|move: Trick|[of] p1a: Kitsune\n|-enditem|p1a: Kitsune|Focus Sash|[silent]|[from] move: Trick\n|-item|p2a: Palossand|Focus Sash|[from] move: Trick\n|\n|upkeep\n|turn|9\n|\n|t:|1700359752\n|move|p1a: Kitsune|Shadow Ball|p2a: Palossand\n|-supereffective|p2a: Palossand\n|-damage|p2a: Palossand|0 fnt\n|faint|p2a: Palossand\n|\n|upkeep\n|\n|t:|1700359758\n|switch|p2a: Houndstone|Houndstone, M|100\/100\n|turn|10\n|\n|t:|1700359763\n|move|p1a: Kitsune|Shadow Ball|p2a: Houndstone\n|-supereffective|p2a: Houndstone\n|-damage|p2a: Houndstone|7\/100\n|move|p2a: Houndstone|Last Respects|p1a: Kitsune\n|-immune|p1a: Kitsune\n|\n|upkeep\n|turn|11\n|\n|t:|1700359772\n|move|p1a: Kitsune|Shadow Ball|p2a: Houndstone\n|-supereffective|p2a: Houndstone\n|-damage|p2a: Houndstone|0 fnt\n|faint|p2a: Houndstone\n|\n|win|FemboyPlayer\n|raw|FemboyPlayer's rating: 1115 &rarr; <strong>1132<\/strong><br \/>(+17 for winning)\n|raw|Bossman7562's rating: 1000 &rarr; <strong>1000<\/strong><br \/>(+0 for losing)\n","uploadtime":1700359779,"views":2,"p1id":"femboyplayer","p2id":"bossman7562","formatid":"gen9anythinggoes","rating":1000,"private":0,"password":""}