{"id":"gen9anythinggoes-1979377592","p1":"rliaszaper10","p2":"Ashkibobers","format":"[Gen 9] Anything Goes","log":"|j|\u2606rliaszaper10\n|j|\u2606Ashkibobers\n|t:|1698677884\n|gametype|singles\n|player|p1|rliaszaper10|lucas|1000\n|player|p2|Ashkibobers|169|1058\n|teamsize|p1|6\n|teamsize|p2|6\n|gen|9\n|tier|[Gen 9] Anything Goes\n|rated|\n|rule|HP Percentage Mod: HP is shown in percentages\n|rule|Endless Battle Clause: Forcing endless battles is banned\n|clearpoke\n|poke|p1|Ludicolo, M|\n|poke|p1|Haxorus, M|\n|poke|p1|Ursaluna, M|\n|poke|p1|Corviknight, F|\n|poke|p1|Victreebel, F|\n|poke|p1|Zacian-*|\n|poke|p2|Dialga|\n|poke|p2|Regieleki|\n|poke|p2|Magearna|\n|poke|p2|Mismagius, F|\n|poke|p2|Azumarill, F|\n|poke|p2|Urshifu-*, M|\n|teampreview\n|inactive|Battle timer is ON: inactive players will automatically lose when time's up. (requested by rliaszaper10)\n|l|\u2606Ashkibobers\n|inactive|Ashkibobers disconnected and has a minute to reconnect!\n|player|p2|\n|j|\u2606Ashkibobers\n|inactive|Ashkibobers reconnected and has 115 seconds left.\n|player|p2|Ashkibobers|169\n|\n|t:|1698677928\n|start\n|switch|p1a: Ursaluna|Ursaluna, M|100\/100\n|switch|p2a: Magearna|Magearna|100\/100\n|turn|1\n|\n|t:|1698677936\n|-terastallize|p2a: Magearna|Ghost\n|move|p2a: Magearna|Shift Gear|p2a: Magearna\n|-boost|p2a: Magearna|spe|2\n|-boost|p2a: Magearna|atk|1\n|move|p1a: Ursaluna|Headlong Rush|p2a: Magearna\n|-crit|p2a: Magearna\n|-damage|p2a: Magearna|17\/100\n|-unboost|p1a: Ursaluna|def|1\n|-unboost|p1a: Ursaluna|spd|1\n|-damage|p1a: Ursaluna|84\/100|[from] item: Rocky Helmet|[of] p2a: Magearna\n|\n|-status|p1a: Ursaluna|brn|[from] item: Flame Orb\n|upkeep\n|turn|2\n|\n|t:|1698677950\n|move|p2a: Magearna|Baton Pass|p2a: Magearna\n|\n|t:|1698677955\n|switch|p2a: Urshifu|Urshifu, M|100\/100|[from] Baton Pass\n|move|p1a: Ursaluna|Headlong Rush|p2a: Urshifu\n|-damage|p2a: Urshifu|17\/100\n|-unboost|p1a: Ursaluna|def|1\n|-unboost|p1a: Ursaluna|spd|1\n|\n|-heal|p2a: Urshifu|24\/100|[from] item: Leftovers\n|-damage|p1a: Ursaluna|78\/100 brn|[from] brn\n|upkeep\n|turn|3\n|l|\u2606Ashkibobers\n|inactive|Ashkibobers disconnected and has a minute to reconnect!\n|player|p2|\n|\n|t:|1698677981\n|move|p2a: Urshifu|Drain Punch|p1a: Ursaluna\n|-supereffective|p1a: Ursaluna\n|-damage|p1a: Ursaluna|0 fnt\n|-heal|p2a: Urshifu|72\/100|[from] drain|[of] p1a: Ursaluna\n|faint|p1a: Ursaluna\n|\n|-heal|p2a: Urshifu|78\/100|[from] item: Leftovers\n|upkeep\n|j|\u2606Ashkibobers\n|inactive|Ashkibobers reconnected.\n|player|p2|Ashkibobers|169\n|inactive|rliaszaper10 has 120 seconds left.\n|\n|t:|1698677992\n|switch|p1a: Corviknight|Corviknight, F|100\/100\n|-ability|p1a: Corviknight|Pressure\n|turn|4\n|\n|t:|1698678003\n|move|p2a: Urshifu|Close Combat|p1a: Corviknight\n|-damage|p1a: Corviknight|36\/100\n|-unboost|p2a: Urshifu|def|1\n|-unboost|p2a: Urshifu|spd|1\n|move|p1a: Corviknight|Brave Bird|p2a: Urshifu\n|-supereffective|p2a: Urshifu\n|-damage|p2a: Urshifu|0 fnt\n|faint|p2a: Urshifu\n|-damage|p1a: Corviknight|13\/100|[from] Recoil\n|-enditem|p1a: Corviknight|Aguav Berry|[eat]\n|-heal|p1a: Corviknight|46\/100|[from] item: Aguav Berry\n|\n|upkeep\n|\n|t:|1698678021\n|switch|p2a: Regieleki|Regieleki|100\/100\n|turn|5\n|\n|t:|1698678026\n|move|p2a: Regieleki|Thunder|p1a: Corviknight|[miss]\n|-miss|p2a: Regieleki|p1a: Corviknight\n|move|p1a: Corviknight|Iron Defense|p1a: Corviknight\n|-boost|p1a: Corviknight|def|2\n|\n|upkeep\n|turn|6\n|\n|t:|1698678033\n|move|p2a: Regieleki|Thunder|p1a: Corviknight|[miss]\n|-miss|p2a: Regieleki|p1a: Corviknight\n|move|p1a: Corviknight|Roost|p1a: Corviknight\n|-heal|p1a: Corviknight|96\/100\n|-singleturn|p1a: Corviknight|move: Roost\n|\n|upkeep\n|turn|7\n|\n|t:|1698678041\n|move|p2a: Regieleki|Thunder|p1a: Corviknight\n|-supereffective|p1a: Corviknight\n|-damage|p1a: Corviknight|6\/100\n|move|p1a: Corviknight|Iron Defense|p1a: Corviknight\n|-boost|p1a: Corviknight|def|2\n|\n|upkeep\n|turn|8\n|\n|t:|1698678049\n|move|p2a: Regieleki|Thunder|p1a: Corviknight|[miss]\n|-miss|p2a: Regieleki|p1a: Corviknight\n|move|p1a: Corviknight|Roost|p1a: Corviknight\n|-heal|p1a: Corviknight|56\/100\n|-singleturn|p1a: Corviknight|move: Roost\n|\n|upkeep\n|turn|9\n|\n|t:|1698678057\n|move|p2a: Regieleki|Thunder|p1a: Corviknight\n|-supereffective|p1a: Corviknight\n|-crit|p1a: Corviknight\n|-damage|p1a: Corviknight|0 fnt\n|faint|p1a: Corviknight\n|\n|upkeep\n|\n|t:|1698678065\n|switch|p1a: Victreebel|Victreebel, F|100\/100\n|turn|10\n|\n|t:|1698678075\n|switch|p2a: Mismagius|Mismagius, F|100\/100\n|move|p1a: Victreebel|Toxic|p2a: Mismagius\n|-status|p2a: Mismagius|tox\n|\n|-damage|p2a: Mismagius|94\/100 tox|[from] psn\n|upkeep\n|turn|11\n|\n|t:|1698678084\n|move|p2a: Mismagius|Mystical Fire|p1a: Victreebel\n|-supereffective|p1a: Victreebel\n|-damage|p1a: Victreebel|51\/100\n|-unboost|p1a: Victreebel|spa|1\n|move|p1a: Victreebel|Knock Off|p2a: Mismagius\n|-supereffective|p2a: Mismagius\n|-damage|p2a: Mismagius|0 fnt\n|-enditem|p2a: Mismagius|Black Glasses|[from] move: Knock Off|[of] p1a: Victreebel\n|faint|p2a: Mismagius\n|-damage|p1a: Victreebel|41\/100|[from] item: Life Orb\n|\n|upkeep\n|\n|t:|1698678100\n|switch|p2a: Dialga|Dialga|100\/100\n|-ability|p2a: Dialga|Pressure\n|turn|12\n|\n|t:|1698678107\n|move|p2a: Dialga|Substitute|p2a: Dialga\n|-start|p2a: Dialga|Substitute\n|-damage|p2a: Dialga|76\/100\n|move|p1a: Victreebel|Knock Off|p2a: Dialga\n|-end|p2a: Dialga|Substitute\n|-damage|p1a: Victreebel|31\/100|[from] item: Life Orb\n|\n|upkeep\n|turn|13\n|\n|t:|1698678119\n|move|p2a: Dialga|Earthquake|p1a: Victreebel\n|-damage|p1a: Victreebel|0 fnt\n|faint|p1a: Victreebel\n|\n|upkeep\n|\n|t:|1698678123\n|switch|p1a: Haxorus|Haxorus, M|100\/100\n|-ability|p1a: Haxorus|Mold Breaker\n|turn|14\n|\n|t:|1698678131\n|-terastallize|p1a: Haxorus|Steel\n|move|p2a: Dialga|Draco Meteor|p1a: Haxorus\n|-resisted|p1a: Haxorus\n|-damage|p1a: Haxorus|59\/100\n|-unboost|p2a: Dialga|spa|2\n|move|p1a: Haxorus|Outrage|p2a: Dialga\n|-damage|p2a: Dialga|7\/100\n|-damage|p1a: Haxorus|49\/100|[from] item: Life Orb\n|\n|upkeep\n|turn|15\n|\n|t:|1698678147\n|move|p2a: Dialga|Earthquake|p1a: Haxorus\n|-supereffective|p1a: Haxorus\n|-damage|p1a: Haxorus|0 fnt\n|faint|p1a: Haxorus\n|\n|upkeep\n|\n|t:|1698678157\n|switch|p1a: Zacian|Zacian-Crowned|100\/100\n|-ability|p1a: Zacian|Intrepid Sword|boost\n|-boost|p1a: Zacian|atk|1\n|turn|16\n|\n|t:|1698678164\n|move|p1a: Zacian|Play Rough|p2a: Dialga\n|-damage|p2a: Dialga|0 fnt\n|faint|p2a: Dialga\n|\n|upkeep\n|\n|t:|1698678171\n|switch|p2a: Azumarill|Azumarill, F|100\/100\n|turn|17\n|\n|t:|1698678178\n|move|p1a: Zacian|Behemoth Blade|p2a: Azumarill\n|-damage|p2a: Azumarill|10\/100\n|move|p2a: Azumarill|Hydro Pump|p1a: Zacian\n|-damage|p1a: Zacian|80\/100\n|\n|upkeep\n|turn|18\n|\n|t:|1698678187\n|move|p1a: Zacian|Behemoth Blade|p2a: Azumarill\n|-damage|p2a: Azumarill|0 fnt\n|faint|p2a: Azumarill\n|\n|upkeep\n|\n|t:|1698678195\n|switch|p2a: Regieleki|Regieleki|100\/100\n|turn|19\n|\n|t:|1698678201\n|move|p2a: Regieleki|Substitute|p2a: Regieleki\n|-start|p2a: Regieleki|Substitute\n|-damage|p2a: Regieleki|76\/100\n|move|p1a: Zacian|Behemoth Blade|p2a: Regieleki\n|-resisted|p2a: Regieleki\n|-end|p2a: Regieleki|Substitute\n|\n|upkeep\n|turn|20\n|\n|t:|1698678209\n|move|p2a: Regieleki|Thunder|p1a: Zacian\n|-damage|p1a: Zacian|39\/100\n|move|p1a: Zacian|Behemoth Blade|p2a: Regieleki\n|-resisted|p2a: Regieleki\n|-damage|p2a: Regieleki|11\/100\n|\n|upkeep\n|turn|21\n|\n|t:|1698678216\n|move|p2a: Regieleki|Thunder|p1a: Zacian\n|-damage|p1a: Zacian|0 fnt\n|faint|p1a: Zacian\n|\n|upkeep\n|\n|t:|1698678221\n|switch|p1a: Ludicolo|Ludicolo, M|100\/100\n|turn|22\n|\n|t:|1698678226\n|move|p2a: Regieleki|Thunder|p1a: Ludicolo\n|-damage|p1a: Ludicolo|52\/100\n|move|p1a: Ludicolo|Ice Beam|p2a: Regieleki\n|-damage|p2a: Regieleki|0 fnt\n|faint|p2a: Regieleki\n|-damage|p1a: Ludicolo|42\/100|[from] item: Life Orb\n|\n|upkeep\n|\n|t:|1698678235\n|switch|p2a: Magearna|Magearna, tera:Ghost|17\/100\n|turn|23\n|\n|t:|1698678239\n|move|p2a: Magearna|Iron Defense|p2a: Magearna\n|-boost|p2a: Magearna|def|2\n|move|p1a: Ludicolo|Ice Beam|p2a: Magearna\n|-damage|p2a: Magearna|0 fnt\n|faint|p2a: Magearna\n|-damage|p1a: Ludicolo|32\/100|[from] item: Life Orb\n|\n|win|rliaszaper10\n|raw|rliaszaper10's rating: 1000 &rarr; <strong>1047<\/strong><br \/>(+47 for winning)\n|raw|Ashkibobers's rating: 1058 &rarr; <strong>1036<\/strong><br \/>(-22 for losing)\n|l|\u2606Ashkibobers\n","uploadtime":1698678254,"views":5,"p1id":"rliaszaper10","p2id":"ashkibobers","formatid":"gen9anythinggoes","rating":1036,"private":0,"password":""}