{"id":"gen9anythinggoes-1998802187","p1":"Kanha Greninja","p2":"NotYourTypePaapi","format":"[Gen 9] Anything Goes","log":"|j|\u2606Kanha Greninja\n|j|\u2606NotYourTypePaapi\n|t:|1700993928\n|gametype|singles\n|player|p1|Kanha Greninja|blaine|1653\n|player|p2|NotYourTypePaapi|anabel|1610\n|teamsize|p1|6\n|teamsize|p2|6\n|gen|9\n|tier|[Gen 9] Anything Goes\n|rated|\n|rule|HP Percentage Mod: HP is shown in percentages\n|rule|Endless Battle Clause: Forcing endless battles is banned\n|clearpoke\n|poke|p1|Miraidon|\n|poke|p1|Grimmsnarl, M|\n|poke|p1|Arceus|\n|poke|p1|Koraidon|\n|poke|p1|Calyrex-Shadow|\n|poke|p1|Glimmora, M|\n|poke|p2|Calyrex-Shadow|\n|poke|p2|Zacian-*|\n|poke|p2|Landorus-Therian, M|\n|poke|p2|Ting-Lu|\n|poke|p2|Koraidon|\n|poke|p2|Arceus|\n|teampreview\n|inactive|Battle timer is ON: inactive players will automatically lose when time's up. (requested by NotYourTypePaapi)\n|c|\u2606Kanha Greninja|hello arpti\n|\n|t:|1700993945\n|start\n|switch|p1a: Glimmora|Glimmora, M|100\/100\n|switch|p2a: Landorus|Landorus-Therian, M|100\/100\n|-ability|p2a: Landorus|Intimidate|boost\n|-unboost|p1a: Glimmora|atk|1\n|turn|1\n|c|\u2606NotYourTypePaapi|Hii kanha\n|\n|t:|1700993973\n|move|p1a: Glimmora|Mortal Spin|p2a: Landorus\n|-resisted|p2a: Landorus\n|-damage|p2a: Landorus|99\/100\n|-status|p2a: Landorus|psn\n|-damage|p1a: Glimmora|84\/100|[from] item: Rocky Helmet|[of] p2a: Landorus\n|move|p2a: Landorus|Taunt|p1a: Glimmora\n|-start|p1a: Glimmora|move: Taunt\n|\n|-damage|p2a: Landorus|87\/100 psn|[from] psn\n|upkeep\n|turn|2\n|\n|t:|1700993993\n|move|p1a: Glimmora|Mortal Spin|p2a: Landorus\n|-resisted|p2a: Landorus\n|-damage|p2a: Landorus|85\/100 psn\n|-damage|p1a: Glimmora|67\/100|[from] item: Rocky Helmet|[of] p2a: Landorus\n|move|p2a: Landorus|Earthquake|p1a: Glimmora\n|-supereffective|p1a: Glimmora\n|-damage|p1a: Glimmora|0 fnt\n|-activate|p1a: Glimmora|ability: Toxic Debris\n|-sidestart|p2: NotYourTypePaapi|move: Toxic Spikes\n|faint|p1a: Glimmora\n|\n|-damage|p2a: Landorus|73\/100 psn|[from] psn\n|upkeep\n|inactive|Kanha Greninja has 120 seconds left.\n|\n|t:|1700994018\n|switch|p1a: Grimmsnarl|Grimmsnarl, M|100\/100\n|turn|3\n|\n|t:|1700994023\n|move|p1a: Grimmsnarl|Reflect|p1a: Grimmsnarl\n|-sidestart|p1: Kanha Greninja|Reflect\n|move|p2a: Landorus|Taunt|p1a: Grimmsnarl\n|-start|p1a: Grimmsnarl|move: Taunt\n|\n|-damage|p2a: Landorus|61\/100 psn|[from] psn\n|upkeep\n|turn|4\n|\n|t:|1700994027\n|move|p2a: Landorus|Earthquake|p1a: Grimmsnarl\n|-damage|p1a: Grimmsnarl|73\/100\n|move|p1a: Grimmsnarl|Play Rough|p2a: Landorus\n|-damage|p2a: Landorus|28\/100 psn\n|-damage|p1a: Grimmsnarl|57\/100|[from] item: Rocky Helmet|[of] p2a: Landorus\n|\n|-damage|p2a: Landorus|16\/100 psn|[from] psn\n|upkeep\n|turn|5\n|\n|t:|1700994041\n|switch|p1a: Arceus|Arceus|100\/100\n|move|p2a: Landorus|Stealth Rock|p1a: Arceus\n|-sidestart|p1: Kanha Greninja|move: Stealth Rock\n|\n|-damage|p2a: Landorus|3\/100 psn|[from] psn\n|upkeep\n|turn|6\n|\n|t:|1700994046\n|move|p1a: Arceus|Extreme Speed|p2a: Landorus\n|-damage|p2a: Landorus|0 fnt\n|-damage|p1a: Arceus|84\/100|[from] item: Rocky Helmet|[of] p2a: Landorus\n|faint|p2a: Landorus\n|\n|upkeep\n|\n|t:|1700994061\n|switch|p2a: Ting-Lu|Ting-Lu|100\/100\n|-status|p2a: Ting-Lu|psn\n|-ability|p2a: Ting-Lu|Vessel of Ruin\n|turn|7\n|\n|t:|1700994074\n|move|p1a: Arceus|Taunt|p2a: Ting-Lu\n|-start|p2a: Ting-Lu|move: Taunt\n|cant|p2a: Ting-Lu|move: Taunt|Whirlwind\n|\n|-damage|p2a: Ting-Lu|88\/100 psn|[from] psn\n|upkeep\n|turn|8\n|\n|t:|1700994079\n|switch|p2a: Zacian|Zacian-Crowned|100\/100\n|-ability|p2a: Zacian|Intrepid Sword|boost\n|-boost|p2a: Zacian|atk|1\n|move|p1a: Arceus|Swords Dance|p1a: Arceus\n|-boost|p1a: Arceus|atk|2\n|\n|upkeep\n|turn|9\n|\n|t:|1700994084\n|move|p1a: Arceus|Extreme Speed|p2a: Zacian\n|-resisted|p2a: Zacian\n|-damage|p2a: Zacian|50\/100\n|move|p2a: Zacian|Close Combat|p1a: Arceus\n|-supereffective|p1a: Arceus\n|-damage|p1a: Arceus|40\/100\n|-unboost|p2a: Zacian|def|1\n|-unboost|p2a: Zacian|spd|1\n|\n|upkeep\n|turn|10\n|\n|t:|1700994091\n|switch|p2a: Calyrex|Calyrex-Shadow|100\/100\n|-ability|p2a: Calyrex|As One\n|-ability|p2a: Calyrex|Unnerve\n|-status|p2a: Calyrex|psn\n|move|p1a: Arceus|Shadow Claw|p2a: Calyrex\n|-supereffective|p2a: Calyrex\n|-damage|p2a: Calyrex|0 fnt\n|faint|p2a: Calyrex\n|\n|-sideend|p1: Kanha Greninja|Reflect\n|upkeep\n|\n|t:|1700994095\n|switch|p2a: Zacian|Zacian-Crowned|50\/100\n|turn|11\n|\n|t:|1700994099\n|move|p2a: Zacian|Behemoth Blade|p1a: Arceus\n|-damage|p1a: Arceus|2\/100\n|move|p1a: Arceus|Shadow Claw|p2a: Zacian\n|-damage|p2a: Zacian|4\/100\n|\n|upkeep\n|turn|12\n|\n|t:|1700994108\n|move|p1a: Arceus|Extreme Speed|p2a: Zacian\n|-resisted|p2a: Zacian\n|-damage|p2a: Zacian|0 fnt\n|faint|p2a: Zacian\n|\n|upkeep\n|\n|t:|1700994112\n|switch|p2a: Koraidon|Koraidon|100\/100\n|-status|p2a: Koraidon|psn\n|-weather|SunnyDay|[from] ability: Orichalcum Pulse|[of] p2a: Koraidon\n|-activate|p2a: Koraidon|Orichalcum Pulse|[source]\n|turn|13\n|\n|t:|1700994114\n|move|p2a: Koraidon|Scale Shot|p1a: Arceus\n|-damage|p1a: Arceus|0 fnt\n|faint|p1a: Arceus\n|-hitcount|p1: Arceus|1\n|-unboost|p2a: Koraidon|def|1\n|-boost|p2a: Koraidon|spe|1\n|\n|-weather|SunnyDay|[upkeep]\n|-damage|p2a: Koraidon|88\/100 psn|[from] psn\n|upkeep\n|\n|t:|1700994126\n|switch|p1a: Calyrex|Calyrex-Shadow|100\/100\n|-ability|p1a: Calyrex|As One\n|-ability|p1a: Calyrex|Unnerve\n|-damage|p1a: Calyrex|88\/100|[from] Stealth Rock\n|turn|14\n|\n|t:|1700994134\n|switch|p2a: Ting-Lu|Ting-Lu|88\/100 psn\n|-ability|p2a: Ting-Lu|Vessel of Ruin\n|move|p1a: Calyrex|Psychic|p2a: Ting-Lu\n|-immune|p2a: Ting-Lu\n|\n|-weather|SunnyDay|[upkeep]\n|-heal|p2a: Ting-Lu|94\/100 psn|[from] item: Leftovers\n|-damage|p2a: Ting-Lu|82\/100 psn|[from] psn\n|upkeep\n|turn|15\n|\n|t:|1700994138\n|switch|p1a: Koraidon|Koraidon|100\/100\n|-damage|p1a: Koraidon|94\/100|[from] Stealth Rock\n|-activate|p1a: Koraidon|ability: Orichalcum Pulse\n|move|p2a: Ting-Lu|Payback|p1a: Koraidon\n|-resisted|p1a: Koraidon\n|-damage|p1a: Koraidon|86\/100\n|\n|-weather|SunnyDay|[upkeep]\n|-heal|p2a: Ting-Lu|88\/100 psn|[from] item: Leftovers\n|-damage|p2a: Ting-Lu|76\/100 psn|[from] psn\n|upkeep\n|turn|16\n|\n|t:|1700994145\n|move|p1a: Koraidon|Scale Shot|p2a: Ting-Lu\n|-damage|p2a: Ting-Lu|65\/100 psn\n|-damage|p2a: Ting-Lu|55\/100 psn\n|-damage|p2a: Ting-Lu|44\/100 psn\n|-damage|p2a: Ting-Lu|35\/100 psn\n|-hitcount|p2a: Ting-Lu|4\n|-unboost|p1a: Koraidon|def|1\n|-boost|p1a: Koraidon|spe|1\n|move|p2a: Ting-Lu|Earthquake|p1a: Koraidon\n|-damage|p1a: Koraidon|34\/100\n|\n|-weather|SunnyDay|[upkeep]\n|-heal|p2a: Ting-Lu|41\/100 psn|[from] item: Leftovers\n|-damage|p2a: Ting-Lu|29\/100 psn|[from] psn\n|upkeep\n|turn|17\n|\n|t:|1700994152\n|move|p1a: Koraidon|Low Kick|p2a: Ting-Lu\n|-supereffective|p2a: Ting-Lu\n|-damage|p2a: Ting-Lu|0 fnt\n|faint|p2a: Ting-Lu\n|\n|-weather|none\n|upkeep\n|\n|t:|1700994158\n|switch|p2a: Arceus|Arceus|100\/100\n|turn|18\n|\n|t:|1700994166\n|-terastallize|p1a: Koraidon|Ghost\n|-terastallize|p2a: Arceus|Ghost\n|move|p1a: Koraidon|Low Kick|p2a: Arceus\n|-immune|p2a: Arceus\n|move|p2a: Arceus|Shadow Claw|p1a: Koraidon\n|-supereffective|p1a: Koraidon\n|-damage|p1a: Koraidon|0 fnt\n|faint|p1a: Koraidon\n|\n|upkeep\n|\n|t:|1700994178\n|switch|p1a: Calyrex|Calyrex-Shadow|88\/100\n|-ability|p1a: Calyrex|As One\n|-ability|p1a: Calyrex|Unnerve\n|-damage|p1a: Calyrex|76\/100|[from] Stealth Rock\n|turn|19\n|\n|t:|1700994182\n|move|p1a: Calyrex|Astral Barrage|p2a: Arceus\n|-supereffective|p2a: Arceus\n|-damage|p2a: Arceus|0 fnt\n|faint|p2a: Arceus\n|-ability|p1a: Calyrex|Grim Neigh|boost\n|-boost|p1a: Calyrex|spa|1\n|\n|upkeep\n|\n|t:|1700994185\n|switch|p2a: Koraidon|Koraidon|88\/100 psn\n|-weather|SunnyDay|[from] ability: Orichalcum Pulse|[of] p2a: Koraidon\n|-activate|p2a: Koraidon|Orichalcum Pulse|[source]\n|turn|20\n|c|\u2606NotYourTypePaapi|Gg\n|\n|t:|1700994191\n|move|p1a: Calyrex|Astral Barrage|p2a: Koraidon\n|-damage|p2a: Koraidon|0 fnt\n|faint|p2a: Koraidon\n|\n|win|Kanha Greninja\n|raw|Kanha Greninja's rating: 1653 &rarr; <strong>1671<\/strong><br \/>(+18 for winning)\n|raw|NotYourTypePaapi's rating: 1610 &rarr; <strong>1592<\/strong><br \/>(-18 for losing)\n|c|\u2606Kanha Greninja|gg\n|l|\u2606NotYourTypePaapi\n","uploadtime":1700994200,"views":1,"p1id":"kanhagreninja","p2id":"notyourtypepaapi","formatid":"gen9anythinggoes","rating":1592,"private":0,"password":""}