{"id":"gen9anythinggoes-1986868706","p1":"Best Songs","p2":"DiffusionDiff","format":"[Gen 9] Anything Goes","log":"|j|\u2606Best Songs\n|j|\u2606DiffusionDiff\n|t:|1699536032\n|gametype|singles\n|player|p1|Best Songs|1|1041\n|player|p2|DiffusionDiff|riley|1043\n|teamsize|p1|6\n|teamsize|p2|6\n|gen|9\n|tier|[Gen 9] Anything Goes\n|rated|\n|rule|HP Percentage Mod: HP is shown in percentages\n|rule|Endless Battle Clause: Forcing endless battles is banned\n|clearpoke\n|poke|p1|Maushold-Four|\n|poke|p1|Palafin, M|\n|poke|p1|Urshifu-*, M|\n|poke|p1|Calyrex-Shadow|\n|poke|p1|Arceus|\n|poke|p1|Zacian-*|\n|poke|p2|Maushold-Four|\n|poke|p2|Flutter Mane|\n|poke|p2|Miraidon|\n|poke|p2|Rabsca, M|\n|poke|p2|Garganacl, F|\n|poke|p2|Houndstone, M|\n|teampreview\n|\n|t:|1699536042\n|start\n|switch|p1a: Stronger Prismo|Palafin, M, shiny|100\/100\n|switch|p2a: DeMarco|Miraidon|100\/100\n|-fieldstart|move: Electric Terrain|[from] ability: Hadron Engine|[of] p2a: DeMarco\n|turn|1\n|c|\u2606Best Songs|hi\n|\n|t:|1699536055\n|detailschange|p1a: Stronger Prismo|Palafin-Hero, M, shiny\n|switch|p1a: Counting Stars|Arceus, shiny|100\/100\n|move|p2a: DeMarco|Electro Drift|p1a: Counting Stars\n|-damage|p1a: Counting Stars|32\/100\n|\n|upkeep\n|turn|2\n|\n|t:|1699536071\n|switch|p1a: Alone Alan Walker|Maushold-Four, shiny|100\/100\n|move|p2a: DeMarco|Electro Drift|p1a: Alone Alan Walker\n|-damage|p1a: Alone Alan Walker|0 fnt\n|faint|p1a: Alone Alan Walker\n|\n|upkeep\n|\n|t:|1699536075\n|switch|p1a: Fight Back Neffex|Calyrex-Shadow|100\/100\n|-ability|p1a: Fight Back Neffex|As One\n|-ability|p1a: Fight Back Neffex|Unnerve\n|turn|3\n|\n|t:|1699536093\n|-terastallize|p2a: DeMarco|Electric\n|move|p1a: Fight Back Neffex|Astral Barrage|p2a: DeMarco\n|-damage|p2a: DeMarco|46\/100\n|-damage|p1a: Fight Back Neffex|91\/100|[from] item: Life Orb\n|move|p2a: DeMarco|Electro Drift|p1a: Fight Back Neffex\n|-damage|p1a: Fight Back Neffex|0 fnt\n|faint|p1a: Fight Back Neffex\n|\n|upkeep\n|\n|t:|1699536102\n|switch|p1a: Gangsta Slowed|Urshifu, M|100\/100\n|turn|4\n|\n|t:|1699536107\n|move|p1a: Gangsta Slowed|Wicked Blow|p2a: DeMarco\n|-crit|p2a: DeMarco\n|-damage|p2a: DeMarco|0 fnt\n|faint|p2a: DeMarco\n|\n|upkeep\n|\n|t:|1699536111\n|switch|p2a: Flutter Mane|Flutter Mane, shiny|100\/100\n|turn|5\n|\n|t:|1699536116\n|-terastallize|p1a: Gangsta Slowed|Ghost\n|move|p1a: Gangsta Slowed|Wicked Blow|p2a: Flutter Mane\n|-crit|p2a: Flutter Mane\n|-damage|p2a: Flutter Mane|0 fnt\n|faint|p2a: Flutter Mane\n|-end|p2a: Flutter Mane|Protosynthesis|[silent]\n|\n|-fieldend|move: Electric Terrain\n|upkeep\n|\n|t:|1699536133\n|switch|p2a: SSSReplacement|Garganacl, F, shiny|100\/100\n|turn|6\n|\n|t:|1699536140\n|move|p1a: Gangsta Slowed|Wicked Blow|p2a: SSSReplacement\n|-crit|p2a: SSSReplacement\n|-damage|p2a: SSSReplacement|54\/100\n|move|p2a: SSSReplacement|Salt Cure|p1a: Gangsta Slowed\n|-crit|p1a: Gangsta Slowed\n|-damage|p1a: Gangsta Slowed|80\/100\n|-start|p1a: Gangsta Slowed|Salt Cure\n|\n|-heal|p2a: SSSReplacement|60\/100|[from] item: Leftovers\n|-damage|p1a: Gangsta Slowed|68\/100|[from] Salt Cure\n|upkeep\n|turn|7\n|inactive|Battle timer is ON: inactive players will automatically lose when time's up. (requested by Best Songs)\n|\n|t:|1699536147\n|move|p1a: Gangsta Slowed|Wicked Blow|p2a: SSSReplacement\n|-crit|p2a: SSSReplacement\n|-damage|p2a: SSSReplacement|18\/100\n|move|p2a: SSSReplacement|Recover|p2a: SSSReplacement\n|-heal|p2a: SSSReplacement|68\/100\n|\n|-heal|p2a: SSSReplacement|74\/100|[from] item: Leftovers\n|-damage|p1a: Gangsta Slowed|56\/100|[from] Salt Cure\n|upkeep\n|turn|8\n|\n|t:|1699536150\n|move|p1a: Gangsta Slowed|Wicked Blow|p2a: SSSReplacement\n|-crit|p2a: SSSReplacement\n|-damage|p2a: SSSReplacement|30\/100\n|move|p2a: SSSReplacement|Recover|p2a: SSSReplacement\n|-heal|p2a: SSSReplacement|80\/100\n|\n|-heal|p2a: SSSReplacement|86\/100|[from] item: Leftovers\n|-damage|p1a: Gangsta Slowed|43\/100|[from] Salt Cure\n|upkeep\n|turn|9\n|\n|t:|1699536153\n|move|p1a: Gangsta Slowed|Wicked Blow|p2a: SSSReplacement\n|-crit|p2a: SSSReplacement\n|-damage|p2a: SSSReplacement|43\/100\n|move|p2a: SSSReplacement|Recover|p2a: SSSReplacement\n|-heal|p2a: SSSReplacement|93\/100\n|\n|-heal|p2a: SSSReplacement|99\/100|[from] item: Leftovers\n|-damage|p1a: Gangsta Slowed|31\/100|[from] Salt Cure\n|upkeep\n|turn|10\n|\n|t:|1699536157\n|move|p1a: Gangsta Slowed|Wicked Blow|p2a: SSSReplacement\n|-crit|p2a: SSSReplacement\n|-damage|p2a: SSSReplacement|52\/100\n|move|p2a: SSSReplacement|Iron Defense|p2a: SSSReplacement\n|-boost|p2a: SSSReplacement|def|2\n|\n|-heal|p2a: SSSReplacement|59\/100|[from] item: Leftovers\n|-damage|p1a: Gangsta Slowed|19\/100|[from] Salt Cure\n|upkeep\n|turn|11\n|\n|t:|1699536161\n|move|p1a: Gangsta Slowed|Wicked Blow|p2a: SSSReplacement\n|-crit|p2a: SSSReplacement\n|-damage|p2a: SSSReplacement|15\/100\n|move|p2a: SSSReplacement|Recover|p2a: SSSReplacement\n|-heal|p2a: SSSReplacement|65\/100\n|\n|-heal|p2a: SSSReplacement|71\/100|[from] item: Leftovers\n|-damage|p1a: Gangsta Slowed|6\/100|[from] Salt Cure\n|upkeep\n|turn|12\n|\n|t:|1699536164\n|-activate|p1a: Gangsta Slowed|move: Struggle\n|move|p1a: Gangsta Slowed|Struggle|p2a: SSSReplacement\n|-damage|p2a: SSSReplacement|65\/100\n|-damage|p1a: Gangsta Slowed|0 fnt|[from] recoil\n|faint|p1a: Gangsta Slowed\n|move|p2a: SSSReplacement|Recover|p2a: SSSReplacement\n|-heal|p2a: SSSReplacement|100\/100\n|\n|upkeep\n|\n|t:|1699536175\n|switch|p1a: GIGACHAD THEME|Zacian-Crowned, shiny|100\/100\n|-ability|p1a: GIGACHAD THEME|Intrepid Sword|boost\n|-boost|p1a: GIGACHAD THEME|atk|1\n|turn|13\n|\n|t:|1699536185\n|move|p1a: GIGACHAD THEME|Swords Dance|p1a: GIGACHAD THEME\n|-boost|p1a: GIGACHAD THEME|atk|2\n|move|p2a: SSSReplacement|Body Press|p1a: GIGACHAD THEME\n|-damage|p1a: GIGACHAD THEME|55\/100\n|\n|upkeep\n|turn|14\n|\n|t:|1699536189\n|move|p1a: GIGACHAD THEME|Sacred Sword|p2a: SSSReplacement\n|-supereffective|p2a: SSSReplacement\n|-damage|p2a: SSSReplacement|0 fnt\n|faint|p2a: SSSReplacement\n|\n|upkeep\n|\n|t:|1699536196\n|switch|p2a: Houndstone|Houndstone, M|100\/100\n|turn|15\n|\n|t:|1699536201\n|move|p1a: GIGACHAD THEME|Behemoth Blade|p2a: Houndstone\n|-damage|p2a: Houndstone|32\/100\n|move|p2a: Houndstone|Last Respects|p1a: GIGACHAD THEME\n|-damage|p1a: GIGACHAD THEME|0 fnt\n|faint|p1a: GIGACHAD THEME\n|\n|upkeep\n|\n|t:|1699536207\n|switch|p1a: Stronger Prismo|Palafin-Hero, M, shiny|100\/100\n|-activate|p1a: Stronger Prismo|ability: Zero to Hero\n|turn|16\n|\n|t:|1699536214\n|move|p1a: Stronger Prismo|Jet Punch|p2a: Houndstone\n|-damage|p2a: Houndstone|3\/100\n|move|p2a: Houndstone|Last Respects|p1a: Stronger Prismo\n|-damage|p1a: Stronger Prismo|3\/100\n|\n|upkeep\n|turn|17\n|\n|t:|1699536218\n|move|p1a: Stronger Prismo|Jet Punch|p2a: Houndstone\n|-damage|p2a: Houndstone|0 fnt\n|faint|p2a: Houndstone\n|\n|upkeep\n|\n|t:|1699536226\n|switch|p2a: Maushold|Maushold-Four|100\/100\n|turn|18\n|\n|t:|1699536229\n|move|p1a: Stronger Prismo|Jet Punch|p2a: Maushold\n|-damage|p2a: Maushold|11\/100\n|move|p2a: Maushold|Population Bomb|p1a: Stronger Prismo\n|-damage|p1a: Stronger Prismo|0 fnt\n|faint|p1a: Stronger Prismo\n|-hitcount|p1: Stronger Prismo|1\n|\n|upkeep\n|\n|t:|1699536232\n|switch|p1a: Counting Stars|Arceus, shiny|32\/100\n|turn|19\n|\n|t:|1699536236\n|move|p1a: Counting Stars|Extreme Speed|p2a: Maushold\n|-damage|p2a: Maushold|0 fnt\n|faint|p2a: Maushold\n|-damage|p1a: Counting Stars|22\/100|[from] item: Life Orb\n|\n|upkeep\n|\n|t:|1699536238\n|switch|p2a: Rabsca|Rabsca, M, shiny|100\/100\n|turn|20\n|\n|t:|1699536242\n|move|p1a: Counting Stars|Extreme Speed|p2a: Rabsca\n|-damage|p2a: Rabsca|54\/100\n|-damage|p1a: Counting Stars|12\/100|[from] item: Life Orb\n|move|p2a: Rabsca|Revival Blessing|p2a: Rabsca\n|-enditem|p2a: Rabsca|Leppa Berry|[eat]\n|-activate|p2a: Rabsca|item: Leppa Berry|Revival Blessing|[consumed]\n|\n|t:|1699536245\n|-heal|p2: DeMarco|50\/100|[from] move: Revival Blessing\n|\n|upkeep\n|turn|21\n|\n|t:|1699536248\n|move|p1a: Counting Stars|Swords Dance|p1a: Counting Stars\n|-boost|p1a: Counting Stars|atk|2\n|move|p2a: Rabsca|Revival Blessing|p2a: Rabsca\n|\n|t:|1699536255\n|-heal|p2: Flutter Mane|50\/100|[from] move: Revival Blessing\n|\n|upkeep\n|turn|22\n|\n|t:|1699536262\n|move|p1a: Counting Stars|Extreme Speed|p2a: Rabsca\n|-damage|p2a: Rabsca|0 fnt\n|faint|p2a: Rabsca\n|-damage|p1a: Counting Stars|2\/100|[from] item: Life Orb\n|\n|upkeep\n|\n|t:|1699536266\n|switch|p2a: Flutter Mane|Flutter Mane, shiny|50\/100\n|turn|23\n|\n|t:|1699536270\n|move|p2a: Flutter Mane|Moonblast|p1a: Counting Stars\n|-damage|p1a: Counting Stars|0 fnt\n|faint|p1a: Counting Stars\n|-damage|p2a: Flutter Mane|41\/100|[from] item: Life Orb\n|\n|win|DiffusionDiff\n|raw|Best Songs's rating: 1041 &rarr; <strong>1025<\/strong><br \/>(-16 for losing)\n|raw|DiffusionDiff's rating: 1043 &rarr; <strong>1076<\/strong><br \/>(+33 for winning)\n","uploadtime":1699536273,"views":8,"p1id":"bestsongs","p2id":"diffusiondiff","formatid":"gen9anythinggoes","rating":1025,"private":0,"password":""}