{"id":"gen9anythinggoes-1998283888","p1":"Vileplume420","p2":"LPtiDim","format":"[Gen 9] Anything Goes","log":"|j|\u2606Vileplume420\n|j|\u2606LPtiDim\n|t:|1700924514\n|gametype|singles\n|player|p1|Vileplume420|koga|1150\n|player|p2|LPtiDim|alder|1165\n|teamsize|p1|6\n|teamsize|p2|6\n|gen|9\n|tier|[Gen 9] Anything Goes\n|rated|\n|rule|HP Percentage Mod: HP is shown in percentages\n|rule|Endless Battle Clause: Forcing endless battles is banned\n|clearpoke\n|poke|p1|Miraidon|\n|poke|p1|Calyrex-Shadow|\n|poke|p1|Zacian-*|\n|poke|p1|Iron Bundle|\n|poke|p1|Ursaluna-Bloodmoon, M|\n|poke|p1|Chien-Pao|\n|poke|p2|Landorus-Therian, M|\n|poke|p2|Volcarona, F|\n|poke|p2|Gliscor, F|\n|poke|p2|Dragapult, M|\n|poke|p2|Great Tusk|\n|poke|p2|Garganacl, M|\n|teampreview\n|inactive|Battle timer is ON: inactive players will automatically lose when time's up. (requested by Vileplume420)\n|\n|t:|1700924524\n|start\n|switch|p1a: Chien-Pao|Chien-Pao|100\/100\n|switch|p2a: Landorus|Landorus-Therian, M|100\/100\n|-ability|p1a: Chien-Pao|Sword of Ruin\n|-ability|p2a: Landorus|Intimidate|boost\n|-unboost|p1a: Chien-Pao|atk|1\n|turn|1\n|\n|t:|1700924534\n|move|p1a: Chien-Pao|Icicle Crash|p2a: Landorus\n|-supereffective|p2a: Landorus\n|-damage|p2a: Landorus|0 fnt\n|faint|p2a: Landorus\n|\n|upkeep\n|\n|t:|1700924546\n|switch|p2a: Volcarona|Volcarona, F, shiny|100\/100\n|turn|2\n|\n|t:|1700924552\n|switch|p1a: Iron Bundle|Iron Bundle|100\/100\n|move|p2a: Volcarona|Flamethrower|p1a: Iron Bundle\n|-damage|p1a: Iron Bundle|6\/100\n|\n|upkeep\n|turn|3\n|\n|t:|1700924562\n|switch|p2a: Gliscor|Gliscor, F|100\/100\n|move|p1a: Iron Bundle|Hydro Pump|p2a: Gliscor\n|-supereffective|p2a: Gliscor\n|-damage|p2a: Gliscor|1\/100\n|\n|-status|p2a: Gliscor|tox|[from] item: Toxic Orb\n|upkeep\n|turn|4\n|\n|t:|1700924573\n|move|p2a: Gliscor|Protect|p2a: Gliscor\n|-singleturn|p2a: Gliscor|Protect\n|move|p1a: Iron Bundle|Ice Beam|p2a: Gliscor\n|-activate|p2a: Gliscor|move: Protect\n|\n|-heal|p2a: Gliscor|14\/100 tox|[from] ability: Poison Heal\n|upkeep\n|turn|5\n|\n|t:|1700924583\n|move|p1a: Iron Bundle|Ice Beam|p2a: Gliscor\n|-supereffective|p2a: Gliscor\n|-damage|p2a: Gliscor|0 fnt\n|faint|p2a: Gliscor\n|\n|upkeep\n|\n|t:|1700924600\n|switch|p2a: Volcarona|Volcarona, F, shiny|100\/100\n|turn|6\n|\n|t:|1700924606\n|move|p1a: Iron Bundle|Hydro Pump|p2a: Volcarona|[miss]\n|-miss|p1a: Iron Bundle|p2a: Volcarona\n|move|p2a: Volcarona|Psychic|p1a: Iron Bundle\n|-damage|p1a: Iron Bundle|0 fnt\n|faint|p1a: Iron Bundle\n|-end|p1a: Iron Bundle|Quark Drive|[silent]\n|\n|upkeep\n|\n|t:|1700924614\n|switch|p1a: Ursaluna|Ursaluna-Bloodmoon, M|100\/100\n|turn|7\n|\n|t:|1700924620\n|move|p2a: Volcarona|Quiver Dance|p2a: Volcarona\n|-boost|p2a: Volcarona|spa|1\n|-boost|p2a: Volcarona|spd|1\n|-boost|p2a: Volcarona|spe|1\n|move|p1a: Ursaluna|Yawn|p2a: Volcarona\n|-start|p2a: Volcarona|move: Yawn|[of] p1a: Ursaluna\n|\n|upkeep\n|turn|8\n|\n|t:|1700924638\n|move|p2a: Volcarona|Flamethrower|p1a: Ursaluna\n|-damage|p1a: Ursaluna|19\/100\n|move|p1a: Ursaluna|Blood Moon|p2a: Volcarona\n|-crit|p2a: Volcarona\n|-damage|p2a: Volcarona|0 fnt\n|faint|p2a: Volcarona\n|-damage|p1a: Ursaluna|9\/100|[from] item: Life Orb\n|\n|upkeep\n|\n|t:|1700924647\n|switch|p2a: Dragapult|Dragapult, M, shiny|100\/100\n|turn|9\n|\n|t:|1700924652\n|move|p2a: Dragapult|Dragon Dance|p2a: Dragapult\n|-boost|p2a: Dragapult|atk|1\n|-boost|p2a: Dragapult|spe|1\n|move|p1a: Ursaluna|Yawn|p2a: Dragapult\n|-start|p2a: Dragapult|move: Yawn|[of] p1a: Ursaluna\n|\n|upkeep\n|turn|10\n|\n|t:|1700924661\n|move|p2a: Dragapult|Dragon Darts|p1a: Ursaluna\n|-damage|p1a: Ursaluna|0 fnt\n|faint|p1a: Ursaluna\n|-damage|p2a: Dragapult|91\/100|[from] item: Life Orb\n|\n|-end|p2a: Dragapult|move: Yawn|[silent]\n|-status|p2a: Dragapult|slp\n|upkeep\n|\n|t:|1700924669\n|switch|p1a: Chien-Pao|Chien-Pao|100\/100\n|-ability|p1a: Chien-Pao|Sword of Ruin\n|turn|11\n|\n|t:|1700924679\n|switch|p2a: Garganacl|Garganacl, M|100\/100\n|move|p1a: Chien-Pao|Icicle Crash|p2a: Garganacl\n|-crit|p2a: Garganacl\n|-damage|p2a: Garganacl|37\/100\n|\n|-heal|p2a: Garganacl|44\/100|[from] item: Leftovers\n|upkeep\n|turn|12\n|\n|t:|1700924689\n|switch|p1a: Calyrex|Calyrex-Shadow|100\/100\n|-ability|p1a: Calyrex|As One\n|-ability|p1a: Calyrex|Unnerve\n|move|p2a: Garganacl|Recover|p2a: Garganacl\n|-heal|p2a: Garganacl|94\/100\n|\n|-heal|p2a: Garganacl|99\/100|[from] item: Leftovers\n|upkeep\n|turn|13\n|\n|t:|1700924701\n|move|p1a: Calyrex|Calm Mind|p1a: Calyrex\n|-boost|p1a: Calyrex|spa|1\n|-boost|p1a: Calyrex|spd|1\n|move|p2a: Garganacl|Salt Cure|p1a: Calyrex\n|-damage|p1a: Calyrex|83\/100\n|-start|p1a: Calyrex|Salt Cure\n|\n|-heal|p2a: Garganacl|100\/100|[from] item: Leftovers\n|-damage|p1a: Calyrex|71\/100|[from] Salt Cure\n|upkeep\n|turn|14\n|\n|t:|1700924711\n|move|p1a: Calyrex|Astral Barrage|p2a: Garganacl\n|-damage|p2a: Garganacl|37\/100\n|-damage|p1a: Calyrex|61\/100|[from] item: Life Orb\n|move|p2a: Garganacl|Iron Defense|p2a: Garganacl\n|-boost|p2a: Garganacl|def|2\n|\n|-heal|p2a: Garganacl|43\/100|[from] item: Leftovers\n|-damage|p1a: Calyrex|48\/100|[from] Salt Cure\n|upkeep\n|turn|15\n|\n|t:|1700924723\n|move|p1a: Calyrex|Astral Barrage|p2a: Garganacl\n|-damage|p2a: Garganacl|0 fnt\n|faint|p2a: Garganacl\n|-ability|p1a: Calyrex|Grim Neigh|boost\n|-boost|p1a: Calyrex|spa|1\n|-damage|p1a: Calyrex|38\/100|[from] item: Life Orb\n|\n|-damage|p1a: Calyrex|26\/100|[from] Salt Cure\n|upkeep\n|\n|t:|1700924734\n|switch|p2a: Great Tusk|Great Tusk|100\/100\n|turn|16\n|\n|t:|1700924743\n|move|p1a: Calyrex|Draining Kiss|p2a: Great Tusk\n|-supereffective|p2a: Great Tusk\n|-damage|p2a: Great Tusk|0 fnt\n|-heal|p1a: Calyrex|100\/100|[from] drain|[of] p2a: Great Tusk\n|faint|p2a: Great Tusk\n|-end|p2a: Great Tusk|Protosynthesis|[silent]\n|-ability|p1a: Calyrex|Grim Neigh|boost\n|-boost|p1a: Calyrex|spa|1\n|-damage|p1a: Calyrex|91\/100|[from] item: Life Orb\n|\n|-damage|p1a: Calyrex|78\/100|[from] Salt Cure\n|upkeep\n|c|\u2606LPtiDim|Calirex-shadow should be ban :\/\n|-message|LPtiDim forfeited.\n|\n|win|Vileplume420\n|raw|Vileplume420's rating: 1150 &rarr; <strong>1176<\/strong><br \/>(+26 for winning)\n|raw|LPtiDim's rating: 1165 &rarr; <strong>1139<\/strong><br \/>(-26 for losing)\n|l|\u2606LPtiDim\n","uploadtime":1700924779,"views":0,"p1id":"vileplume420","p2id":"lptidim","formatid":"gen9anythinggoes","rating":1139,"private":0,"password":""}