{"id":"gen9anythinggoes-1991568386","p1":"CartierJr","p2":"uyiyyt","format":"[Gen 9] Anything Goes","log":"|j|\u2606CartierJr\n|j|\u2606uyiyyt\n|t:|1700089281\n|gametype|singles\n|player|p1|CartierJr|backpacker|1204\n|player|p2|uyiyyt|266|1243\n|teamsize|p1|6\n|teamsize|p2|6\n|gen|9\n|tier|[Gen 9] Anything Goes\n|rated|\n|rule|HP Percentage Mod: HP is shown in percentages\n|rule|Endless Battle Clause: Forcing endless battles is banned\n|clearpoke\n|poke|p1|Ursaluna, M|\n|poke|p1|Maushold|\n|poke|p1|Arboliva, F|\n|poke|p1|Staraptor, M|\n|poke|p1|Ditto|\n|poke|p1|Farigiraf, F|\n|poke|p2|Ogerpon-Cornerstone, F|\n|poke|p2|Gliscor, M|\n|poke|p2|Clodsire, M|\n|poke|p2|Garganacl, M|\n|poke|p2|Ursaluna, F|\n|poke|p2|Ursaluna-Bloodmoon, M|\n|teampreview\n|inactive|Battle timer is ON: inactive players will automatically lose when time's up. (requested by CartierJr)\n|\n|t:|1700089301\n|start\n|switch|p1a: Maushold|Maushold|100\/100\n|switch|p2a: Gliscor|Gliscor, M|100\/100\n|turn|1\n|\n|t:|1700089309\n|move|p1a: Maushold|Tidy Up|p1a: Maushold\n|-boost|p1a: Maushold|atk|1\n|-boost|p1a: Maushold|spe|1\n|move|p2a: Gliscor|Toxic|p1a: Maushold\n|-status|p1a: Maushold|tox\n|\n|-damage|p1a: Maushold|94\/100 tox|[from] psn\n|-status|p2a: Gliscor|tox|[from] item: Toxic Orb\n|upkeep\n|turn|2\n|\n|t:|1700089322\n|move|p2a: Gliscor|Protect|p2a: Gliscor\n|-singleturn|p2a: Gliscor|Protect\n|move|p1a: Maushold|Population Bomb|p2a: Gliscor\n|-activate|p2a: Gliscor|move: Protect\n|\n|-damage|p1a: Maushold|82\/100 tox|[from] psn\n|upkeep\n|turn|3\n|\n|t:|1700089331\n|move|p1a: Maushold|Population Bomb|p2a: Gliscor\n|-damage|p2a: Gliscor|89\/100 tox\n|-damage|p2a: Gliscor|78\/100 tox\n|-damage|p2a: Gliscor|67\/100 tox\n|-damage|p2a: Gliscor|56\/100 tox\n|-damage|p2a: Gliscor|44\/100 tox\n|-damage|p2a: Gliscor|32\/100 tox\n|-hitcount|p2a: Gliscor|6\n|move|p2a: Gliscor|Substitute|p2a: Gliscor\n|-start|p2a: Gliscor|Substitute\n|-damage|p2a: Gliscor|7\/100 tox\n|\n|-damage|p1a: Maushold|63\/100 tox|[from] psn\n|-heal|p2a: Gliscor|20\/100 tox|[from] ability: Poison Heal\n|upkeep\n|turn|4\n|\n|t:|1700089348\n|move|p2a: Gliscor|Protect|p2a: Gliscor\n|-singleturn|p2a: Gliscor|Protect\n|move|p1a: Maushold|Population Bomb|p2a: Gliscor\n|-activate|p2a: Gliscor|move: Protect\n|\n|-damage|p1a: Maushold|38\/100 tox|[from] psn\n|-heal|p2a: Gliscor|32\/100 tox|[from] ability: Poison Heal\n|upkeep\n|turn|5\n|\n|t:|1700089358\n|move|p2a: Gliscor|Protect|p2a: Gliscor\n|-singleturn|p2a: Gliscor|Protect\n|move|p1a: Maushold|Population Bomb|p2a: Gliscor\n|-activate|p2a: Gliscor|move: Protect\n|\n|-damage|p1a: Maushold|7\/100 tox|[from] psn\n|-heal|p2a: Gliscor|45\/100 tox|[from] ability: Poison Heal\n|upkeep\n|turn|6\n|\n|t:|1700089370\n|move|p1a: Maushold|Population Bomb|p2a: Gliscor\n|-crit|p2a: Gliscor\n|-activate|p2a: Gliscor|move: Substitute|[damage]\n|-end|p2a: Gliscor|Substitute\n|-crit|p2a: Gliscor\n|-damage|p2a: Gliscor|26\/100 tox\n|-damage|p2a: Gliscor|13\/100 tox\n|-hitcount|p2a: Gliscor|4\n|move|p2a: Gliscor|Substitute|p2a: Gliscor\n|-fail|p2a: Gliscor|move: Substitute|[weak]\n|\n|-damage|p1a: Maushold|0 fnt|[from] psn\n|faint|p1a: Maushold\n|-heal|p2a: Gliscor|25\/100 tox|[from] ability: Poison Heal\n|upkeep\n|\n|t:|1700089386\n|switch|p1a: Staraptor|Staraptor, M|100\/100\n|turn|7\n|\n|t:|1700089392\n|move|p2a: Gliscor|Protect|p2a: Gliscor\n|-singleturn|p2a: Gliscor|Protect\n|move|p1a: Staraptor|Brave Bird|p2a: Gliscor\n|-activate|p2a: Gliscor|move: Protect\n|\n|-heal|p2a: Gliscor|38\/100 tox|[from] ability: Poison Heal\n|upkeep\n|turn|8\n|\n|t:|1700089402\n|move|p1a: Staraptor|Brave Bird|p2a: Gliscor\n|-damage|p2a: Gliscor|0 fnt\n|faint|p2a: Gliscor\n|-damage|p1a: Staraptor|86\/100|[from] Recoil\n|\n|upkeep\n|\n|t:|1700089408\n|switch|p2a: Garganacl|Garganacl, M|100\/100\n|turn|9\n|\n|t:|1700089414\n|switch|p1a: Arboliva|Arboliva, F, shiny|100\/100\n|move|p2a: Garganacl|Salt Cure|p1a: Arboliva\n|-damage|p1a: Arboliva|89\/100\n|-start|p1a: Arboliva|Salt Cure\n|-fieldstart|move: Grassy Terrain|[from] ability: Seed Sower|[of] p1a: Arboliva\n|\n|-heal|p1a: Arboliva|95\/100|[from] Grassy Terrain\n|-heal|p1a: Arboliva|100\/100|[from] item: Leftovers\n|-damage|p1a: Arboliva|88\/100|[from] Salt Cure\n|upkeep\n|turn|10\n|\n|t:|1700089428\n|switch|p2a: Clodsire|Clodsire, M|100\/100\n|move|p1a: Arboliva|Leech Seed|p2a: Clodsire\n|-start|p2a: Clodsire|move: Leech Seed\n|\n|-heal|p1a: Arboliva|94\/100|[from] Grassy Terrain\n|-heal|p1a: Arboliva|99\/100|[from] item: Leftovers\n|-damage|p2a: Clodsire|88\/100|[from] Leech Seed|[of] p1a: Arboliva\n|-heal|p1a: Arboliva|100\/100|[silent]\n|-damage|p1a: Arboliva|88\/100|[from] Salt Cure\n|upkeep\n|turn|11\n|\n|t:|1700089440\n|move|p1a: Arboliva|Giga Drain|p2a: Clodsire\n|-damage|p2a: Clodsire|66\/100\n|-heal|p1a: Arboliva|100\/100|[from] drain|[of] p2a: Clodsire\n|move|p2a: Clodsire|Toxic|p1a: Arboliva\n|-status|p1a: Arboliva|tox\n|\n|-heal|p2a: Clodsire|72\/100|[from] Grassy Terrain\n|-heal|p2a: Clodsire|78\/100|[from] item: Black Sludge\n|-damage|p2a: Clodsire|66\/100|[from] Leech Seed|[of] p1a: Arboliva\n|-damage|p1a: Arboliva|94\/100 tox|[from] psn\n|-damage|p1a: Arboliva|82\/100 tox|[from] Salt Cure\n|upkeep\n|turn|12\n|\n|t:|1700089456\n|move|p2a: Clodsire|Protect|p2a: Clodsire\n|-singleturn|p2a: Clodsire|Protect\n|move|p1a: Arboliva|Giga Drain|p2a: Clodsire\n|-activate|p2a: Clodsire|move: Protect\n|\n|-heal|p1a: Arboliva|88\/100 tox|[from] Grassy Terrain\n|-heal|p1a: Arboliva|94\/100 tox|[from] item: Leftovers\n|-heal|p2a: Clodsire|72\/100|[from] Grassy Terrain\n|-heal|p2a: Clodsire|78\/100|[from] item: Black Sludge\n|-damage|p2a: Clodsire|66\/100|[from] Leech Seed|[of] p1a: Arboliva\n|-heal|p1a: Arboliva|100\/100 tox|[silent]\n|-damage|p1a: Arboliva|88\/100 tox|[from] psn\n|-damage|p1a: Arboliva|76\/100 tox|[from] Salt Cure\n|upkeep\n|turn|13\n|\n|t:|1700089474\n|move|p1a: Arboliva|Giga Drain|p2a: Clodsire\n|-damage|p2a: Clodsire|43\/100\n|-heal|p1a: Arboliva|90\/100 tox|[from] drain|[of] p2a: Clodsire\n|move|p2a: Clodsire|Recover|p2a: Clodsire\n|-heal|p2a: Clodsire|93\/100\n|\n|-heal|p1a: Arboliva|97\/100 tox|[from] Grassy Terrain\n|-heal|p1a: Arboliva|100\/100 tox|[from] item: Leftovers\n|-heal|p2a: Clodsire|99\/100|[from] Grassy Terrain\n|-heal|p2a: Clodsire|100\/100|[from] item: Black Sludge\n|-damage|p2a: Clodsire|88\/100|[from] Leech Seed|[of] p1a: Arboliva\n|-damage|p1a: Arboliva|82\/100 tox|[from] psn\n|-damage|p1a: Arboliva|70\/100 tox|[from] Salt Cure\n|-fieldend|move: Grassy Terrain\n|upkeep\n|turn|14\n|inactive|CartierJr has 120 seconds left.\n|\n|t:|1700089501\n|switch|p1a: Ursaluna|Ursaluna, M, shiny|100\/100\n|move|p2a: Clodsire|Protect||[still]\n|-fail|p2a: Clodsire\n|\n|-heal|p2a: Clodsire|94\/100|[from] item: Black Sludge\n|-damage|p2a: Clodsire|82\/100|[from] Leech Seed|[of] p1a: Ursaluna\n|-status|p1a: Ursaluna|brn|[from] item: Flame Orb\n|upkeep\n|turn|15\n|inactive|CartierJr has 120 seconds left.\n|\n|t:|1700089519\n|switch|p2a: Ursaluna|Ursaluna, F|100\/100\n|move|p1a: Ursaluna|Drain Punch|p2a: Ursaluna\n|-supereffective|p2a: Ursaluna\n|-damage|p2a: Ursaluna|33\/100\n|\n|-damage|p1a: Ursaluna|94\/100 brn|[from] brn\n|-status|p2a: Ursaluna|brn|[from] item: Flame Orb\n|upkeep\n|turn|16\n|inactive|CartierJr has 120 seconds left.\n|\n|t:|1700089530\n|move|p1a: Ursaluna|Drain Punch|p2a: Ursaluna\n|-supereffective|p2a: Ursaluna\n|-damage|p2a: Ursaluna|0 fnt\n|-heal|p1a: Ursaluna|100\/100 brn|[from] drain|[of] p2a: Ursaluna\n|faint|p2a: Ursaluna\n|\n|-damage|p1a: Ursaluna|94\/100 brn|[from] brn\n|upkeep\n|\n|t:|1700089541\n|switch|p2a: Ursaluna|Ursaluna-Bloodmoon, M|100\/100\n|turn|17\n|\n|t:|1700089546\n|move|p2a: Ursaluna|Blood Moon|p1a: Ursaluna\n|-damage|p1a: Ursaluna|17\/100 brn\n|move|p1a: Ursaluna|Drain Punch|p2a: Ursaluna\n|-supereffective|p2a: Ursaluna\n|-crit|p2a: Ursaluna\n|-damage|p2a: Ursaluna|9\/100\n|-heal|p1a: Ursaluna|59\/100 brn|[from] drain|[of] p2a: Ursaluna\n|\n|-damage|p1a: Ursaluna|53\/100 brn|[from] brn\n|upkeep\n|turn|18\n|\n|t:|1700089564\n|switch|p2a: Clodsire|Clodsire, M|82\/100\n|switch|p1a: Farigiraf|Farigiraf, F, shiny|100\/100\n|\n|-heal|p2a: Clodsire|88\/100|[from] item: Black Sludge\n|upkeep\n|turn|19\n|\n|t:|1700089577\n|move|p1a: Farigiraf|Future Sight|p2a: Clodsire\n|-start|p1a: Farigiraf|move: Future Sight\n|move|p2a: Clodsire|Toxic|p1a: Farigiraf\n|-status|p1a: Farigiraf|tox\n|\n|-heal|p2a: Clodsire|94\/100|[from] item: Black Sludge\n|-damage|p1a: Farigiraf|94\/100 tox|[from] psn\n|upkeep\n|turn|20\n|\n|t:|1700089587\n|switch|p1a: Ursaluna|Ursaluna, M, shiny|53\/100 brn\n|move|p2a: Clodsire|Earthquake|p1a: Ursaluna\n|-damage|p1a: Ursaluna|34\/100 brn\n|\n|-heal|p2a: Clodsire|100\/100|[from] item: Black Sludge\n|-damage|p1a: Ursaluna|28\/100 brn|[from] brn\n|upkeep\n|turn|21\n|\n|t:|1700089597\n|move|p2a: Clodsire|Protect|p2a: Clodsire\n|-singleturn|p2a: Clodsire|Protect\n|move|p1a: Ursaluna|Drain Punch|p2a: Clodsire\n|-activate|p2a: Clodsire|move: Protect\n|\n|-end|p2a: Clodsire|move: Future Sight\n|-supereffective|p2a: Clodsire\n|-damage|p2a: Clodsire|50\/100\n|-heal|p2a: Clodsire|56\/100|[from] item: Black Sludge\n|-damage|p1a: Ursaluna|22\/100 brn|[from] brn\n|upkeep\n|turn|22\n|\n|t:|1700089609\n|move|p1a: Ursaluna|Drain Punch|p2a: Clodsire\n|-resisted|p2a: Clodsire\n|-damage|p2a: Clodsire|30\/100\n|-heal|p1a: Ursaluna|35\/100 brn|[from] drain|[of] p2a: Clodsire\n|move|p2a: Clodsire|Earthquake|p1a: Ursaluna\n|-damage|p1a: Ursaluna|18\/100 brn\n|\n|-heal|p2a: Clodsire|36\/100|[from] item: Black Sludge\n|-damage|p1a: Ursaluna|12\/100 brn|[from] brn\n|upkeep\n|turn|23\n|\n|t:|1700089620\n|move|p2a: Clodsire|Protect|p2a: Clodsire\n|-singleturn|p2a: Clodsire|Protect\n|move|p1a: Ursaluna|Facade|p2a: Clodsire\n|-activate|p2a: Clodsire|move: Protect\n|\n|-heal|p2a: Clodsire|42\/100|[from] item: Black Sludge\n|-damage|p1a: Ursaluna|6\/100 brn|[from] brn\n|upkeep\n|turn|24\n|\n|t:|1700089634\n|move|p1a: Ursaluna|Facade|p2a: Clodsire\n|-damage|p2a: Clodsire|0 fnt\n|faint|p2a: Clodsire\n|\n|-damage|p1a: Ursaluna|0 fnt|[from] brn\n|faint|p1a: Ursaluna\n|upkeep\n|\n|t:|1700089644\n|switch|p1a: Arboliva|Arboliva, F, shiny|70\/100 tox\n|switch|p2a: Ogerpon|Ogerpon-Cornerstone, F|100\/100\n|turn|25\n|\n|t:|1700089654\n|-terastallize|p2a: Ogerpon|Rock\n|detailschange|p2a: Ogerpon|Ogerpon-Cornerstone-Tera, F, tera:Rock\n|-ability|p2a: Ogerpon|Embody Aspect (Cornerstone)|boost\n|-boost|p2a: Ogerpon|def|1\n|move|p2a: Ogerpon|Ivy Cudgel|p1a: Arboliva|[anim] Ivy Cudgel Rock\n|-damage|p1a: Arboliva|14\/100 tox\n|-fieldstart|move: Grassy Terrain|[from] ability: Seed Sower|[of] p1a: Arboliva\n|move|p1a: Arboliva|Strength Sap|p2a: Ogerpon\n|-unboost|p2a: Ogerpon|atk|1\n|-heal|p1a: Arboliva|100\/100 tox\n|\n|-damage|p1a: Arboliva|94\/100 tox|[from] psn\n|upkeep\n|turn|26\n|\n|t:|1700089672\n|move|p2a: Ogerpon|Knock Off|p1a: Arboliva\n|-damage|p1a: Arboliva|75\/100 tox\n|-enditem|p1a: Arboliva|Leftovers|[from] move: Knock Off|[of] p2a: Ogerpon\n|move|p1a: Arboliva|Leech Seed|p2a: Ogerpon\n|-start|p2a: Ogerpon|move: Leech Seed\n|\n|-heal|p1a: Arboliva|81\/100 tox|[from] Grassy Terrain\n|-damage|p2a: Ogerpon|88\/100|[from] Leech Seed|[of] p1a: Arboliva\n|-heal|p1a: Arboliva|92\/100 tox|[silent]\n|-damage|p1a: Arboliva|79\/100 tox|[from] psn\n|upkeep\n|turn|27\n|\n|t:|1700089684\n|switch|p2a: Garganacl|Garganacl, M|100\/100\n|move|p1a: Arboliva|Strength Sap|p2a: Garganacl\n|-unboost|p2a: Garganacl|atk|1\n|-heal|p1a: Arboliva|100\/100 tox\n|\n|-damage|p1a: Arboliva|82\/100 tox|[from] psn\n|upkeep\n|turn|28\n|\n|t:|1700089696\n|switch|p2a: Ursaluna|Ursaluna-Bloodmoon, M|9\/100\n|move|p1a: Arboliva|Giga Drain|p2a: Ursaluna\n|-supereffective|p2a: Ursaluna\n|-damage|p2a: Ursaluna|0 fnt\n|-heal|p1a: Arboliva|87\/100 tox|[from] drain|[of] p2a: Ursaluna\n|faint|p2a: Ursaluna\n|\n|-heal|p1a: Arboliva|94\/100 tox|[from] Grassy Terrain\n|-damage|p1a: Arboliva|69\/100 tox|[from] psn\n|upkeep\n|\n|t:|1700089701\n|switch|p2a: Garganacl|Garganacl, M|100\/100\n|turn|29\n|\n|t:|1700089714\n|move|p1a: Arboliva|Giga Drain|p2a: Garganacl\n|-supereffective|p2a: Garganacl\n|-damage|p2a: Garganacl|48\/100\n|-heal|p1a: Arboliva|99\/100 tox|[from] drain|[of] p2a: Garganacl\n|move|p2a: Garganacl|Salt Cure|p1a: Arboliva\n|-damage|p1a: Arboliva|87\/100 tox\n|-start|p1a: Arboliva|Salt Cure\n|\n|-heal|p1a: Arboliva|94\/100 tox|[from] Grassy Terrain\n|-heal|p2a: Garganacl|54\/100|[from] Grassy Terrain\n|-heal|p2a: Garganacl|60\/100|[from] item: Leftovers\n|-damage|p1a: Arboliva|63\/100 tox|[from] psn\n|-damage|p1a: Arboliva|50\/100 tox|[from] Salt Cure\n|-fieldend|move: Grassy Terrain\n|upkeep\n|turn|30\n|\n|t:|1700089730\n|move|p2a: Garganacl|Protect|p2a: Garganacl\n|-singleturn|p2a: Garganacl|Protect\n|move|p1a: Arboliva|Giga Drain|p2a: Garganacl\n|-activate|p2a: Garganacl|move: Protect\n|\n|-heal|p2a: Garganacl|67\/100|[from] item: Leftovers\n|-damage|p1a: Arboliva|14\/100 tox|[from] psn\n|-damage|p1a: Arboliva|1\/100 tox|[from] Salt Cure\n|upkeep\n|turn|31\n|\n|t:|1700089742\n|move|p1a: Arboliva|Giga Drain|p2a: Garganacl\n|-supereffective|p2a: Garganacl\n|-damage|p2a: Garganacl|26\/100\n|-heal|p1a: Arboliva|24\/100 tox|[from] drain|[of] p2a: Garganacl\n|move|p2a: Garganacl|Recover|p2a: Garganacl\n|-heal|p2a: Garganacl|76\/100\n|\n|-heal|p2a: Garganacl|82\/100|[from] item: Leftovers\n|-damage|p1a: Arboliva|0 fnt|[from] psn\n|faint|p1a: Arboliva\n|upkeep\n|\n|t:|1700089758\n|switch|p1a: Ditto|Ditto, shiny|100\/100\n|-transform|p1a: Ditto|p2a: Garganacl|[from] ability: Imposter\n|turn|32\n|\n|t:|1700089770\n|move|p1a: Ditto|Body Press|p2a: Garganacl\n|-supereffective|p2a: Garganacl\n|-damage|p2a: Garganacl|52\/100\n|move|p2a: Garganacl|Salt Cure|p1a: Ditto\n|-damage|p1a: Ditto|87\/100\n|-start|p1a: Ditto|Salt Cure\n|\n|-heal|p2a: Garganacl|58\/100|[from] item: Leftovers\n|-damage|p1a: Ditto|75\/100|[from] Salt Cure\n|upkeep\n|turn|33\n|\n|t:|1700089782\n|switch|p1a: Farigiraf|Farigiraf, F, shiny|94\/100 tox\n|move|p2a: Garganacl|Recover|p2a: Garganacl\n|-heal|p2a: Garganacl|100\/100\n|\n|-damage|p1a: Farigiraf|88\/100 tox|[from] psn\n|upkeep\n|turn|34\n|\n|t:|1700089791\n|move|p1a: Farigiraf|Future Sight|p2a: Garganacl\n|-start|p1a: Farigiraf|move: Future Sight\n|move|p2a: Garganacl|Salt Cure|p1a: Farigiraf\n|-damage|p1a: Farigiraf|77\/100 tox\n|-start|p1a: Farigiraf|Salt Cure\n|\n|-damage|p1a: Farigiraf|65\/100 tox|[from] psn\n|-damage|p1a: Farigiraf|52\/100 tox|[from] Salt Cure\n|upkeep\n|turn|35\n|\n|t:|1700089803\n|switch|p1a: Ditto|Ditto, shiny|75\/100\n|-transform|p1a: Ditto|p2a: Garganacl|[from] ability: Imposter\n|move|p2a: Garganacl|Body Press|p1a: Ditto\n|-supereffective|p1a: Ditto\n|-damage|p1a: Ditto|35\/100\n|\n|upkeep\n|turn|36\n|\n|t:|1700089813\n|move|p1a: Ditto|Salt Cure|p2a: Garganacl\n|-damage|p2a: Garganacl|91\/100\n|-start|p2a: Garganacl|Salt Cure\n|move|p2a: Garganacl|Body Press|p1a: Ditto\n|-supereffective|p1a: Ditto\n|-damage|p1a: Ditto|0 fnt\n|faint|p1a: Ditto\n|\n|-end|p2a: Garganacl|move: Future Sight\n|-damage|p2a: Garganacl|60\/100\n|-heal|p2a: Garganacl|66\/100|[from] item: Leftovers\n|-damage|p2a: Garganacl|53\/100|[from] Salt Cure\n|upkeep\n|\n|t:|1700089826\n|switch|p1a: Staraptor|Staraptor, M|86\/100\n|turn|37\n|\n|t:|1700089834\n|-terastallize|p1a: Staraptor|Fighting\n|move|p2a: Garganacl|Protect|p2a: Garganacl\n|-singleturn|p2a: Garganacl|Protect\n|move|p1a: Staraptor|Close Combat|p2a: Garganacl\n|-activate|p2a: Garganacl|move: Protect\n|\n|-heal|p2a: Garganacl|60\/100|[from] item: Leftovers\n|-damage|p2a: Garganacl|47\/100|[from] Salt Cure\n|upkeep\n|turn|38\n|\n|t:|1700089847\n|move|p1a: Staraptor|Close Combat|p2a: Garganacl\n|-supereffective|p2a: Garganacl\n|-damage|p2a: Garganacl|0 fnt\n|-unboost|p1a: Staraptor|def|1\n|-unboost|p1a: Staraptor|spd|1\n|faint|p2a: Garganacl\n|\n|upkeep\n|\n|t:|1700089850\n|switch|p2a: Ogerpon|Ogerpon-Cornerstone-Tera, F, tera:Rock|88\/100\n|-ability|p2a: Ogerpon|Embody Aspect (Cornerstone)|boost\n|-boost|p2a: Ogerpon|def|1\n|turn|39\n|\n|t:|1700089857\n|move|p2a: Ogerpon|Spiky Shield|p2a: Ogerpon\n|-singleturn|p2a: Ogerpon|move: Protect\n|move|p1a: Staraptor|Close Combat|p2a: Ogerpon\n|-activate|p2a: Ogerpon|move: Protect\n|-damage|p1a: Staraptor|74\/100|[from] Spiky Shield|[of] p2a: Ogerpon\n|\n|upkeep\n|turn|40\n|\n|t:|1700089865\n|move|p1a: Staraptor|Close Combat|p2a: Ogerpon\n|-supereffective|p2a: Ogerpon\n|-damage|p2a: Ogerpon|0 fnt\n|-unboost|p1a: Staraptor|def|1\n|-unboost|p1a: Staraptor|spd|1\n|faint|p2a: Ogerpon\n|\n|win|CartierJr\n|raw|CartierJr's rating: 1204 &rarr; <strong>1232<\/strong><br \/>(+28 for winning)\n|raw|uyiyyt's rating: 1243 &rarr; <strong>1215<\/strong><br \/>(-28 for losing)\n|l|\u2606uyiyyt\n|c|\u2606CartierJr|Ggs\n","uploadtime":1700089879,"views":4,"p1id":"cartierjr","p2id":"uyiyyt","formatid":"gen9anythinggoes","rating":1215,"private":0,"password":""}