{"id":"gen9anythinggoes-1990068947","p1":"YoungEsq","p2":"Kamitami","format":"[Gen 9] Anything Goes","log":"|j|\u2606YoungEsq\n|j|\u2606Kamitami\n|t:|1699921189\n|gametype|singles\n|player|p1|YoungEsq|169|1351\n|player|p2|Kamitami|steven|1535\n|teamsize|p1|6\n|teamsize|p2|6\n|gen|9\n|tier|[Gen 9] Anything Goes\n|rated|\n|rule|HP Percentage Mod: HP is shown in percentages\n|rule|Endless Battle Clause: Forcing endless battles is banned\n|clearpoke\n|poke|p1|Ting-Lu|\n|poke|p1|Gholdengo|\n|poke|p1|Roaring Moon|\n|poke|p1|Chi-Yu|\n|poke|p1|Samurott-Hisui, M|\n|poke|p1|Mandibuzz, F|\n|poke|p2|Amoonguss, M|\n|poke|p2|Grimmsnarl, M|\n|poke|p2|Ditto|\n|poke|p2|Glalie, M|\n|poke|p2|Scovillain, M|\n|poke|p2|Miraidon|\n|teampreview\n|inactive|Battle timer is ON: inactive players will automatically lose when time's up. (requested by YoungEsq)\n|\n|t:|1699921195\n|start\n|switch|p1a: Ting-Lu|Ting-Lu|100\/100\n|switch|p2a: Grimmsnarl|Grimmsnarl, M|100\/100\n|-ability|p1a: Ting-Lu|Vessel of Ruin\n|turn|1\n|\n|t:|1699921205\n|move|p2a: Grimmsnarl|Spirit Break|p1a: Ting-Lu\n|-supereffective|p1a: Ting-Lu\n|-damage|p1a: Ting-Lu|69\/100\n|-unboost|p1a: Ting-Lu|spa|1\n|move|p1a: Ting-Lu|Stealth Rock|p2a: Grimmsnarl\n|-sidestart|p2: Kamitami|move: Stealth Rock\n|\n|-heal|p1a: Ting-Lu|75\/100|[from] item: Leftovers\n|upkeep\n|turn|2\n|\n|t:|1699921215\n|move|p2a: Grimmsnarl|Spirit Break|p1a: Ting-Lu\n|-supereffective|p1a: Ting-Lu\n|-damage|p1a: Ting-Lu|42\/100\n|-unboost|p1a: Ting-Lu|spa|1\n|move|p1a: Ting-Lu|Whirlwind|p2a: Grimmsnarl\n|drag|p2a: Ditto|Ditto|100\/100\n|-damage|p2a: Ditto|88\/100|[from] Stealth Rock\n|-transform|p2a: Ditto|p1a: Ting-Lu|[from] ability: Imposter\n|-ability|p2a: Ditto|Vessel of Ruin\n|\n|-heal|p2a: Ditto|94\/100|[from] item: Leftovers\n|-heal|p1a: Ting-Lu|48\/100|[from] item: Leftovers\n|upkeep\n|turn|3\n|\n|t:|1699921232\n|move|p2a: Ditto|Stealth Rock|p1a: Ting-Lu\n|-sidestart|p1: YoungEsq|move: Stealth Rock\n|move|p1a: Ting-Lu|Whirlwind|p2a: Ditto\n|drag|p2a: Scovillain|Scovillain, M|100\/100\n|-damage|p2a: Scovillain|75\/100|[from] Stealth Rock\n|\n|-heal|p2a: Scovillain|82\/100|[from] item: Leftovers\n|-heal|p1a: Ting-Lu|55\/100|[from] item: Leftovers\n|-ability|p2a: Scovillain|Moody|boost\n|-boost|p2a: Scovillain|spe|2\n|-unboost|p2a: Scovillain|atk|1\n|upkeep\n|turn|4\n|\n|t:|1699921246\n|switch|p1a: Mandibuzz|Mandibuzz, F|100\/100\n|move|p2a: Scovillain|Giga Drain|p1a: Mandibuzz\n|-resisted|p1a: Mandibuzz\n|-damage|p1a: Mandibuzz|90\/100\n|-heal|p2a: Scovillain|90\/100|[from] drain|[of] p1a: Mandibuzz\n|\n|-heal|p2a: Scovillain|96\/100|[from] item: Leftovers\n|-ability|p2a: Scovillain|Moody|boost\n|-boost|p2a: Scovillain|def|2\n|-unboost|p2a: Scovillain|spa|1\n|upkeep\n|turn|5\n|\n|t:|1699921258\n|move|p2a: Scovillain|Protect|p2a: Scovillain\n|-singleturn|p2a: Scovillain|Protect\n|move|p1a: Mandibuzz|Toxic|p2a: Scovillain\n|-activate|p2a: Scovillain|move: Protect\n|\n|-heal|p2a: Scovillain|100\/100|[from] item: Leftovers\n|-ability|p2a: Scovillain|Moody|boost\n|-boost|p2a: Scovillain|def|2\n|-unboost|p2a: Scovillain|atk|1\n|upkeep\n|turn|6\n|\n|t:|1699921270\n|move|p2a: Scovillain|Substitute|p2a: Scovillain\n|-start|p2a: Scovillain|Substitute\n|-damage|p2a: Scovillain|75\/100\n|move|p1a: Mandibuzz|Defog|p2a: Scovillain\n|-sideend|p2: Kamitami|Stealth Rock|[from] move: Defog|[of] p1a: Mandibuzz\n|-sideend|p1: YoungEsq|Stealth Rock|[from] move: Defog|[of] p1a: Mandibuzz\n|\n|-heal|p2a: Scovillain|82\/100|[from] item: Leftovers\n|-ability|p2a: Scovillain|Moody|boost\n|-boost|p2a: Scovillain|spe|2\n|-unboost|p2a: Scovillain|atk|1\n|upkeep\n|turn|7\n|\n|t:|1699921280\n|move|p2a: Scovillain|Flamethrower|p1a: Mandibuzz\n|-damage|p1a: Mandibuzz|72\/100\n|move|p1a: Mandibuzz|Foul Play|p2a: Scovillain\n|-activate|p2a: Scovillain|move: Substitute|[damage]\n|\n|-heal|p2a: Scovillain|88\/100|[from] item: Leftovers\n|-ability|p2a: Scovillain|Moody|boost\n|-boost|p2a: Scovillain|spd|2\n|-unboost|p2a: Scovillain|spe|1\n|upkeep\n|turn|8\n|\n|t:|1699921291\n|switch|p1a: Ting-Lu|Ting-Lu|55\/100\n|-ability|p1a: Ting-Lu|Vessel of Ruin\n|move|p2a: Scovillain|Flamethrower|p1a: Ting-Lu\n|-damage|p1a: Ting-Lu|42\/100\n|\n|-heal|p2a: Scovillain|94\/100|[from] item: Leftovers\n|-heal|p1a: Ting-Lu|49\/100|[from] item: Leftovers\n|-ability|p2a: Scovillain|Moody|boost\n|-boost|p2a: Scovillain|def|2\n|-unboost|p2a: Scovillain|atk|1\n|upkeep\n|turn|9\n|\n|t:|1699921305\n|move|p2a: Scovillain|Giga Drain|p1a: Ting-Lu\n|-supereffective|p1a: Ting-Lu\n|-damage|p1a: Ting-Lu|30\/100\n|-heal|p2a: Scovillain|100\/100|[from] drain|[of] p1a: Ting-Lu\n|move|p1a: Ting-Lu|Whirlwind|p2a: Scovillain\n|drag|p2a: Miraidon|Miraidon|100\/100\n|-fieldstart|move: Electric Terrain|[from] ability: Hadron Engine|[of] p2a: Miraidon\n|\n|-heal|p1a: Ting-Lu|36\/100|[from] item: Leftovers\n|upkeep\n|turn|10\n|\n|t:|1699921317\n|move|p2a: Miraidon|Dragon Pulse|p1a: Ting-Lu\n|-damage|p1a: Ting-Lu|8\/100\n|move|p1a: Ting-Lu|Stealth Rock|p2a: Miraidon\n|-sidestart|p2: Kamitami|move: Stealth Rock\n|\n|-heal|p1a: Ting-Lu|14\/100|[from] item: Leftovers\n|upkeep\n|turn|11\n|\n|t:|1699921336\n|switch|p1a: Mandibuzz|Mandibuzz, F|72\/100\n|move|p2a: Miraidon|Dragon Pulse|p1a: Mandibuzz\n|-damage|p1a: Mandibuzz|35\/100\n|\n|upkeep\n|turn|12\n|\n|t:|1699921344\n|move|p2a: Miraidon|Dragon Pulse|p1a: Mandibuzz\n|-damage|p1a: Mandibuzz|0 fnt\n|faint|p1a: Mandibuzz\n|\n|upkeep\n|inactive|YoungEsq has 120 seconds left.\n|\n|t:|1699921370\n|switch|p1a: Chi-Yu|Chi-Yu|100\/100\n|-ability|p1a: Chi-Yu|Beads of Ruin\n|turn|13\n|\n|t:|1699921384\n|move|p2a: Miraidon|Dragon Pulse|p1a: Chi-Yu\n|-damage|p1a: Chi-Yu|16\/100\n|move|p1a: Chi-Yu|Psychic|p2a: Miraidon\n|-damage|p2a: Miraidon|65\/100\n|\n|-fieldend|move: Electric Terrain\n|upkeep\n|turn|14\n|\n|t:|1699921392\n|switch|p1a: Samurott|Samurott-Hisui, M|100\/100\n|move|p2a: Miraidon|Dragon Pulse|p1a: Samurott\n|-damage|p1a: Samurott|45\/100\n|\n|upkeep\n|turn|15\n|\n|t:|1699921398\n|move|p1a: Samurott|Aqua Jet|p2a: Miraidon\n|-resisted|p2a: Miraidon\n|-damage|p2a: Miraidon|56\/100\n|move|p2a: Miraidon|Dragon Pulse|p1a: Samurott\n|-damage|p1a: Samurott|0 fnt\n|faint|p1a: Samurott\n|\n|upkeep\n|\n|t:|1699921403\n|switch|p1a: Roaring Moon|Roaring Moon|100\/100\n|-enditem|p1a: Roaring Moon|Booster Energy\n|-activate|p1a: Roaring Moon|ability: Protosynthesis|[fromitem]\n|-start|p1a: Roaring Moon|protosynthesisatk\n|turn|16\n|\n|t:|1699921411\n|switch|p2a: Grimmsnarl|Grimmsnarl, M|100\/100\n|-damage|p2a: Grimmsnarl|88\/100|[from] Stealth Rock\n|-terastallize|p1a: Roaring Moon|Flying\n|move|p1a: Roaring Moon|Dragon Dance|p1a: Roaring Moon\n|-boost|p1a: Roaring Moon|atk|1\n|-boost|p1a: Roaring Moon|spe|1\n|\n|upkeep\n|turn|17\n|\n|t:|1699921421\n|move|p2a: Grimmsnarl|Reflect|p2a: Grimmsnarl\n|-sidestart|p2: Kamitami|Reflect\n|move|p1a: Roaring Moon|Dragon Dance|p1a: Roaring Moon\n|-boost|p1a: Roaring Moon|atk|1\n|-boost|p1a: Roaring Moon|spe|1\n|\n|upkeep\n|turn|18\n|\n|t:|1699921427\n|move|p2a: Grimmsnarl|Parting Shot|p1a: Roaring Moon\n|-unboost|p1a: Roaring Moon|atk|1\n|-unboost|p1a: Roaring Moon|spa|1\n|\n|t:|1699921430\n|switch|p2a: Amoonguss|Amoonguss, M|100\/100|[from] Parting Shot\n|-damage|p2a: Amoonguss|88\/100|[from] Stealth Rock\n|move|p1a: Roaring Moon|Dragon Dance|p1a: Roaring Moon\n|-boost|p1a: Roaring Moon|atk|1\n|-boost|p1a: Roaring Moon|spe|1\n|\n|-heal|p2a: Amoonguss|94\/100|[from] item: Black Sludge\n|upkeep\n|turn|19\n|\n|t:|1699921441\n|move|p1a: Roaring Moon|Acrobatics|p2a: Amoonguss\n|-supereffective|p2a: Amoonguss\n|-damage|p2a: Amoonguss|0 fnt\n|faint|p2a: Amoonguss\n|\n|upkeep\n|\n|t:|1699921447\n|switch|p2a: Ditto|Ditto|94\/100\n|-damage|p2a: Ditto|82\/100|[from] Stealth Rock\n|-transform|p2a: Ditto|p1a: Roaring Moon|[from] ability: Imposter\n|-start|p2a: Ditto|typechange|Dragon\/Dark|[silent]\n|turn|20\n|\n|t:|1699921461\n|move|p1a: Roaring Moon|Dragon Claw|p2a: Ditto\n|-supereffective|p2a: Ditto\n|-damage|p2a: Ditto|0 fnt\n|faint|p2a: Ditto\n|-end|p2a: Ditto|Protosynthesis|[silent]\n|\n|upkeep\n|\n|t:|1699921467\n|switch|p2a: Grimmsnarl|Grimmsnarl, M|88\/100\n|-damage|p2a: Grimmsnarl|76\/100|[from] Stealth Rock\n|turn|21\n|\n|t:|1699921471\n|move|p1a: Roaring Moon|Iron Head|p2a: Grimmsnarl\n|-supereffective|p2a: Grimmsnarl\n|-damage|p2a: Grimmsnarl|2\/100\n|cant|p2a: Grimmsnarl|flinch\n|\n|upkeep\n|turn|22\n|-message|Kamitami forfeited.\n|\n|win|YoungEsq\n|raw|YoungEsq's rating: 1351 &rarr; <strong>1381<\/strong><br \/>(+30 for winning)\n|raw|Kamitami's rating: 1535 &rarr; <strong>1505<\/strong><br \/>(-30 for losing)\n|l|\u2606Kamitami\n","uploadtime":1699921482,"views":5,"p1id":"youngesq","p2id":"kamitami","formatid":"gen9anythinggoes","rating":1381,"private":0,"password":""}