{"id":"gen9anythinggoes-1981998894","p1":"Soru87","p2":"Josharius","format":"[Gen 9] Anything Goes","log":"|j|\u2606Soru87\n|j|\u2606Josharius\n|t:|1698958351\n|gametype|singles\n|player|p1|Soru87|bellelba|\n|player|p2|Josharius|ethan|\n|teamsize|p1|6\n|teamsize|p2|6\n|gen|9\n|tier|[Gen 9] Anything Goes\n|rule|HP Percentage Mod: HP is shown in percentages\n|rule|Endless Battle Clause: Forcing endless battles is banned\n|clearpoke\n|poke|p1|Zoroark-Hisui, F|\n|poke|p1|Dondozo, M|\n|poke|p1|Cresselia, F|\n|poke|p1|Ursaluna-Bloodmoon, M|\n|poke|p1|Iron Hands|\n|poke|p1|Scyther, F|\n|poke|p2|Floatzel, F|\n|poke|p2|Thundurus, M|\n|poke|p2|Torkoal, M|\n|poke|p2|Lilligant-Hisui, F|\n|poke|p2|Klefki, F|\n|poke|p2|Glimmora, M|\n|teampreview\n|j| caligulahar\n|j| theblandino\n|\n|t:|1698958401\n|start\n|switch|p1a: Andy|Ursaluna-Bloodmoon, M|100\/100\n|switch|p2a: Floatarius|Floatzel, F|100\/100\n|turn|1\n|\n|t:|1698958425\n|switch|p1a: Phil|Dondozo, M, shiny|100\/100\n|move|p2a: Floatarius|Wave Crash|p1a: Phil\n|-resisted|p1a: Phil\n|-damage|p1a: Phil|75\/100\n|-damage|p2a: Floatarius|87\/100|[from] Recoil\n|\n|-heal|p1a: Phil|81\/100|[from] item: Leftovers\n|upkeep\n|turn|2\n|\n|t:|1698958443\n|switch|p2a: Wailin' Weed|Lilligant-Hisui, F|100\/100\n|move|p1a: Phil|Yawn|p2a: Wailin' Weed\n|-start|p2a: Wailin' Weed|move: Yawn|[of] p1a: Phil\n|\n|-heal|p1a: Phil|87\/100|[from] item: Leftovers\n|upkeep\n|turn|3\n|\n|t:|1698958466\n|switch|p1a: Andy|Ursaluna-Bloodmoon, M|100\/100\n|move|p2a: Wailin' Weed|Solar Blade||[still]\n|-prepare|p2a: Wailin' Weed|Solar Blade\n|-enditem|p2a: Wailin' Weed|Power Herb\n|-anim|p2a: Wailin' Weed|Solar Blade|p1a: Andy\n|-damage|p1a: Andy|0 fnt\n|replace|p1a: Mui|Zoroark-Hisui, F, shiny\n|-end|p1a: Mui|Illusion\n|faint|p1a: Mui\n|\n|-end|p2a: Wailin' Weed|move: Yawn|[silent]\n|-status|p2a: Wailin' Weed|slp\n|upkeep\n|\n|t:|1698958480\n|switch|p1a: Phil|Dondozo, M, shiny|87\/100\n|turn|4\n|\n|t:|1698958490\n|cant|p2a: Wailin' Weed|slp\n|move|p1a: Phil|Ice Fang|p2a: Wailin' Weed\n|-supereffective|p2a: Wailin' Weed\n|-crit|p2a: Wailin' Weed\n|-damage|p2a: Wailin' Weed|6\/100 slp\n|\n|-heal|p1a: Phil|94\/100|[from] item: Leftovers\n|upkeep\n|turn|5\n|\n|t:|1698958508\n|switch|p2a: Blooming Sting|Glimmora, M|100\/100\n|move|p1a: Phil|Wave Crash|p2a: Blooming Sting\n|-supereffective|p2a: Blooming Sting\n|-damage|p2a: Blooming Sting|0 fnt\n|-activate|p2a: Blooming Sting|ability: Toxic Debris\n|-sidestart|p1: Soru87|move: Toxic Spikes\n|faint|p2a: Blooming Sting\n|-damage|p1a: Phil|69\/100|[from] Recoil\n|\n|-heal|p1a: Phil|75\/100|[from] item: Leftovers\n|upkeep\n|\n|t:|1698958535\n|switch|p2a: High Jinx|Thundurus, M|100\/100\n|turn|6\n|\n|t:|1698958550\n|switch|p1a: Andy|Ursaluna-Bloodmoon, M|100\/100\n|-status|p1a: Andy|psn\n|move|p2a: High Jinx|Wildbolt Storm|p1a: Andy\n|-immune|p1a: Andy\n|\n|-damage|p1a: Andy|88\/100 psn|[from] psn\n|upkeep\n|turn|7\n|\n|t:|1698958581\n|switch|p2a: Wartoise|Torkoal, M|100\/100\n|-weather|SunnyDay|[from] ability: Drought|[of] p2a: Wartoise\n|move|p1a: Andy|Blood Moon|p2a: Wartoise\n|-damage|p2a: Wartoise|0 fnt\n|faint|p2a: Wartoise\n|\n|-weather|SunnyDay|[upkeep]\n|-damage|p1a: Andy|76\/100 psn|[from] psn\n|upkeep\n|\n|t:|1698958597\n|switch|p2a: Floatarius|Floatzel, F|87\/100\n|turn|8\n|l| theblandino\n|\n|t:|1698958612\n|switch|p1a: Ichico|Cresselia, F, shiny|100\/100\n|move|p2a: Floatarius|Wave Crash|p1a: Ichico\n|-damage|p1a: Ichico|75\/100\n|-damage|p2a: Floatarius|76\/100|[from] Recoil\n|\n|-weather|SunnyDay|[upkeep]\n|upkeep\n|turn|9\n|j| theblandino\n|\n|t:|1698958649\n|move|p2a: Floatarius|Wave Crash|p1a: Ichico\n|-damage|p1a: Ichico|51\/100\n|-damage|p2a: Floatarius|65\/100|[from] Recoil\n|move|p1a: Ichico|Light Screen|p1a: Ichico\n|-sidestart|p1: Soru87|move: Light Screen\n|\n|-weather|SunnyDay|[upkeep]\n|upkeep\n|turn|10\n|\n|t:|1698958657\n|switch|p2a: Seta Kis|Klefki, F|100\/100\n|move|p1a: Ichico|Reflect|p1a: Ichico\n|-sidestart|p1: Soru87|Reflect\n|\n|-weather|SunnyDay|[upkeep]\n|upkeep\n|turn|11\n|\n|t:|1698958681\n|move|p2a: Seta Kis|Switcheroo|p1a: Ichico\n|-activate|p2a: Seta Kis|move: Trick|[of] p1a: Ichico\n|-item|p1a: Ichico|Toxic Orb|[from] move: Switcheroo\n|-item|p2a: Seta Kis|Light Clay|[from] move: Switcheroo\n|move|p1a: Ichico|Trick Room|p1a: Ichico\n|-fieldstart|move: Trick Room|[of] p1a: Ichico\n|\n|-weather|none\n|-status|p1a: Ichico|tox|[from] item: Toxic Orb\n|upkeep\n|turn|12\n|\n|t:|1698958705\n|switch|p1a: Andy|Ursaluna-Bloodmoon, M|76\/100 psn\n|move|p2a: Seta Kis|Spikes|p1a: Andy\n|-sidestart|p1: Soru87|Spikes\n|\n|-damage|p1a: Andy|64\/100 psn|[from] psn\n|upkeep\n|turn|13\n|\n|t:|1698958718\n|move|p2a: Seta Kis|Protect|p2a: Seta Kis\n|-singleturn|p2a: Seta Kis|Protect\n|move|p1a: Andy|Earth Power|p2a: Seta Kis\n|-activate|p2a: Seta Kis|move: Protect\n|\n|-damage|p1a: Andy|51\/100 psn|[from] psn\n|upkeep\n|turn|14\n|\n|t:|1698958732\n|move|p2a: Seta Kis|Light Screen|p2a: Seta Kis\n|-sidestart|p2: Josharius|move: Light Screen\n|move|p1a: Andy|Blood Moon|p2a: Seta Kis\n|-resisted|p2a: Seta Kis\n|-damage|p2a: Seta Kis|79\/100\n|\n|-damage|p1a: Andy|39\/100 psn|[from] psn\n|upkeep\n|turn|15\n|\n|t:|1698958740\n|move|p2a: Seta Kis|Spikes|p1a: Andy\n|-sidestart|p1: Soru87|Spikes\n|move|p1a: Andy|Earth Power|p2a: Seta Kis\n|-supereffective|p2a: Seta Kis\n|-damage|p2a: Seta Kis|26\/100\n|\n|-damage|p1a: Andy|27\/100 psn|[from] psn\n|-fieldend|move: Trick Room\n|upkeep\n|turn|16\n|\n|t:|1698958763\n|switch|p2a: High Jinx|Thundurus, M|100\/100\n|move|p1a: Andy|Earth Power|p2a: High Jinx\n|-immune|p2a: High Jinx\n|\n|-damage|p1a: Andy|14\/100 psn|[from] psn\n|-sideend|p1: Soru87|move: Light Screen\n|upkeep\n|turn|17\n|\n|t:|1698958776\n|move|p2a: High Jinx|Volt Switch|p1a: Andy\n|-immune|p1a: Andy\n|move|p1a: Andy|Blood Moon|p2a: High Jinx\n|-damage|p2a: High Jinx|50\/100\n|\n|-damage|p1a: Andy|2\/100 psn|[from] psn\n|-sideend|p1: Soru87|Reflect\n|upkeep\n|turn|18\n|\n|t:|1698958790\n|move|p2a: High Jinx|Thunder Wave|p1a: Andy\n|-immune|p1a: Andy\n|move|p1a: Andy|Vacuum Wave|p2a: High Jinx\n|-resisted|p2a: High Jinx\n|-damage|p2a: High Jinx|46\/100\n|\n|-damage|p1a: Andy|0 fnt|[from] psn\n|faint|p1a: Andy\n|upkeep\n|\n|t:|1698958802\n|switch|p1a: Ichico|Cresselia, F, shiny|51\/100 tox\n|turn|19\n|\n|t:|1698958827\n|move|p2a: High Jinx|Wildbolt Storm|p1a: Ichico\n|-damage|p1a: Ichico|19\/100 tox\n|move|p1a: Ichico|Light Screen|p1a: Ichico\n|-sidestart|p1: Soru87|move: Light Screen\n|\n|-damage|p1a: Ichico|12\/100 tox|[from] psn\n|upkeep\n|turn|20\n|\n|t:|1698958839\n|move|p2a: High Jinx|Thunder Wave|p1a: Ichico|[miss]\n|-miss|p2a: High Jinx|p1a: Ichico\n|move|p1a: Ichico|Trick Room|p1a: Ichico\n|-fieldstart|move: Trick Room|[of] p1a: Ichico\n|\n|-damage|p1a: Ichico|0 fnt|[from] psn\n|faint|p1a: Ichico\n|upkeep\n|\n|t:|1698958856\n|switch|p1a: Void|Iron Hands, shiny|100\/100\n|-status|p1a: Void|psn\n|-damage|p1a: Void|84\/100 psn|[from] Spikes\n|-enditem|p1a: Void|Booster Energy\n|-activate|p1a: Void|ability: Quark Drive|[fromitem]\n|-start|p1a: Void|quarkdriveatk\n|turn|21\n|\n|t:|1698958878\n|move|p1a: Void|Fake Out|p2a: High Jinx\n|-damage|p2a: High Jinx|20\/100\n|cant|p2a: High Jinx|flinch\n|\n|-damage|p1a: Void|72\/100 psn|[from] psn\n|-sideend|p2: Josharius|move: Light Screen\n|upkeep\n|turn|22\n|\n|t:|1698958891\n|switch|p2a: Seta Kis|Klefki, F|26\/100\n|move|p1a: Void|Iron Head|p2a: Seta Kis\n|-damage|p2a: Seta Kis|0 fnt\n|faint|p2a: Seta Kis\n|\n|-damage|p1a: Void|59\/100 psn|[from] psn\n|upkeep\n|\n|t:|1698958903\n|switch|p2a: Floatarius|Floatzel, F|65\/100\n|turn|23\n|\n|t:|1698958927\n|move|p1a: Void|Thunder Punch|p2a: Floatarius\n|-supereffective|p2a: Floatarius\n|-damage|p2a: Floatarius|0 fnt\n|faint|p2a: Floatarius\n|\n|-damage|p1a: Void|47\/100 psn|[from] psn\n|-sideend|p1: Soru87|move: Light Screen\n|upkeep\n|\n|t:|1698958935\n|switch|p2a: High Jinx|Thundurus, M|20\/100\n|turn|24\n|\n|t:|1698958948\n|move|p1a: Void|Iron Head|p2a: High Jinx\n|-resisted|p2a: High Jinx\n|-damage|p2a: High Jinx|0 fnt\n|faint|p2a: High Jinx\n|\n|-damage|p1a: Void|34\/100 psn|[from] psn\n|-fieldend|move: Trick Room\n|upkeep\n|\n|t:|1698958954\n|switch|p2a: Wailin' Weed|Lilligant-Hisui, F|6\/100 slp\n|turn|25\n|\n|t:|1698958962\n|-curestatus|p2a: Wailin' Weed|slp|[msg]\n|move|p2a: Wailin' Weed|Solar Blade||[still]\n|-prepare|p2a: Wailin' Weed|Solar Blade\n|move|p1a: Void|Iron Head|p2a: Wailin' Weed\n|-damage|p2a: Wailin' Weed|0 fnt\n|faint|p2a: Wailin' Weed\n|\n|win|Soru87\n","uploadtime":1698958977,"views":11,"p1id":"soru87","p2id":"josharius","formatid":"gen9anythinggoes","rating":0,"private":0,"password":""}