{"id":"gen9anythinggoes-1980606270","p1":"5555555t","p2":"DanikGames1","format":"[Gen 9] Anything Goes","log":"|j|\u26065555555t\n|j|\u2606DanikGames1\n|t:|1698802536\n|gametype|singles\n|player|p1|5555555t|266|1000\n|player|p2|DanikGames1|backpacker|1147\n|teamsize|p1|4\n|teamsize|p2|6\n|gen|9\n|tier|[Gen 9] Anything Goes\n|rated|\n|rule|HP Percentage Mod: HP is shown in percentages\n|rule|Endless Battle Clause: Forcing endless battles is banned\n|clearpoke\n|poke|p1|Dudunsparce-*, F|\n|poke|p1|Glalie, F|\n|poke|p1|Cyclizar, F|\n|poke|p1|Maushold-Four|\n|poke|p2|Drifblim, F|\n|poke|p2|Clefable, F|\n|poke|p2|Vaporeon, M|\n|poke|p2|Espathra, F|\n|poke|p2|Hawlucha, M|\n|poke|p2|Ogerpon-Hearthflame, F|\n|teampreview\n|\n|t:|1698802545\n|start\n|switch|p1a: Dudunsparce|Dudunsparce, F, shiny|100\/100\n|switch|p2a: Drifblim|Drifblim, F|100\/100\n|turn|1\n|inactive|Battle timer is ON: inactive players will automatically lose when time's up. (requested by 5555555t)\n|\n|t:|1698802553\n|move|p1a: Dudunsparce|Substitute|p1a: Dudunsparce\n|-start|p1a: Dudunsparce|Substitute\n|-damage|p1a: Dudunsparce|76\/100\n|move|p2a: Drifblim|Minimize|p2a: Drifblim\n|-boost|p2a: Drifblim|evasion|2\n|\n|upkeep\n|turn|2\n|\n|t:|1698802562\n|move|p1a: Dudunsparce|Agility|p1a: Dudunsparce\n|-boost|p1a: Dudunsparce|spe|2\n|move|p2a: Drifblim|Minimize|p2a: Drifblim\n|-boost|p2a: Drifblim|evasion|2\n|\n|upkeep\n|turn|3\n|\n|t:|1698802570\n|move|p1a: Dudunsparce|Coil|p1a: Dudunsparce\n|-boost|p1a: Dudunsparce|atk|1\n|-boost|p1a: Dudunsparce|def|1\n|-boost|p1a: Dudunsparce|accuracy|1\n|move|p2a: Drifblim|Minimize|p2a: Drifblim\n|-boost|p2a: Drifblim|evasion|2\n|\n|upkeep\n|turn|4\n|-activate|p1a: Dudunsparce|item: Quick Claw\n|\n|t:|1698802581\n|move|p1a: Dudunsparce|Coil|p1a: Dudunsparce\n|-boost|p1a: Dudunsparce|atk|1\n|-boost|p1a: Dudunsparce|def|1\n|-boost|p1a: Dudunsparce|accuracy|1\n|move|p2a: Drifblim|Focus Energy|p2a: Drifblim\n|-start|p2a: Drifblim|move: Focus Energy\n|\n|upkeep\n|turn|5\n|\n|t:|1698802592\n|move|p1a: Dudunsparce|Coil|p1a: Dudunsparce\n|-boost|p1a: Dudunsparce|atk|1\n|-boost|p1a: Dudunsparce|def|1\n|-boost|p1a: Dudunsparce|accuracy|1\n|move|p2a: Drifblim|Substitute|p2a: Drifblim\n|-start|p2a: Drifblim|Substitute\n|-damage|p2a: Drifblim|76\/100\n|\n|upkeep\n|turn|6\n|-activate|p1a: Dudunsparce|item: Quick Claw\n|\n|t:|1698802600\n|move|p1a: Dudunsparce|Coil|p1a: Dudunsparce\n|-boost|p1a: Dudunsparce|atk|1\n|-boost|p1a: Dudunsparce|def|1\n|-boost|p1a: Dudunsparce|accuracy|1\n|move|p2a: Drifblim|Baton Pass|p2a: Drifblim\n|\n|t:|1698802611\n|switch|p2a: Vaporeon|Vaporeon, M|100\/100|[from] Baton Pass\n|\n|upkeep\n|turn|7\n|-activate|p1a: Dudunsparce|item: Quick Claw\n|\n|t:|1698802618\n|move|p1a: Dudunsparce|Baton Pass|p1a: Dudunsparce\n|\n|t:|1698802620\n|switch|p1a: Glalie|Glalie, F, shiny|100\/100|[from] Baton Pass\n|move|p2a: Vaporeon|Acid Armor|p2a: Vaporeon\n|-boost|p2a: Vaporeon|def|2\n|\n|-ability|p1a: Glalie|Moody|boost\n|-boost|p1a: Glalie|atk|2\n|-unboost|p1a: Glalie|spe|1\n|upkeep\n|turn|8\n|\n|t:|1698802636\n|move|p1a: Glalie|Icicle Spear|p2a: Vaporeon\n|-resisted|p2a: Vaporeon\n|-activate|p2a: Vaporeon|move: Substitute|[damage]\n|-resisted|p2a: Vaporeon\n|-activate|p2a: Vaporeon|move: Substitute|[damage]\n|-resisted|p2a: Vaporeon\n|-activate|p2a: Vaporeon|move: Substitute|[damage]\n|-resisted|p2a: Vaporeon\n|-activate|p2a: Vaporeon|move: Substitute|[damage]\n|-resisted|p2a: Vaporeon\n|-activate|p2a: Vaporeon|move: Substitute|[damage]\n|-hitcount|p2a: Vaporeon|5\n|move|p2a: Vaporeon|Acid Armor|p2a: Vaporeon\n|-boost|p2a: Vaporeon|def|2\n|\n|-ability|p1a: Glalie|Moody|boost\n|-boost|p1a: Glalie|spd|2\n|-unboost|p1a: Glalie|spa|1\n|upkeep\n|turn|9\n|\n|t:|1698802654\n|move|p1a: Glalie|Sheer Cold|p2a: Vaporeon|[miss]\n|-miss|p1a: Glalie|p2a: Vaporeon\n|move|p2a: Vaporeon|Acid Armor|p2a: Vaporeon\n|-boost|p2a: Vaporeon|def|2\n|\n|-ability|p1a: Glalie|Moody|boost\n|-boost|p1a: Glalie|def|2\n|-unboost|p1a: Glalie|spe|1\n|upkeep\n|turn|10\n|\n|t:|1698802665\n|move|p1a: Glalie|Sheer Cold|p2a: Vaporeon\n|-ohko\n|-end|p2a: Vaporeon|Substitute\n|move|p2a: Vaporeon|Aqua Ring|p2a: Vaporeon\n|-start|p2a: Vaporeon|Aqua Ring\n|\n|-ability|p1a: Glalie|Moody|boost\n|-boost|p1a: Glalie|spa|2\n|-unboost|p1a: Glalie|spd|1\n|upkeep\n|turn|11\n|\n|t:|1698802677\n|move|p1a: Glalie|Sheer Cold|p2a: Vaporeon|[miss]\n|-miss|p1a: Glalie|p2a: Vaporeon\n|move|p2a: Vaporeon|Substitute|p2a: Vaporeon\n|-start|p2a: Vaporeon|Substitute\n|-damage|p2a: Vaporeon|76\/100\n|\n|-heal|p2a: Vaporeon|82\/100|[from] item: Leftovers\n|-heal|p2a: Vaporeon|88\/100|[from] Aqua Ring\n|-ability|p1a: Glalie|Moody|boost\n|-boost|p1a: Glalie|spe|2\n|-unboost|p1a: Glalie|atk|1\n|upkeep\n|turn|12\n|\n|t:|1698802691\n|move|p1a: Glalie|Chilling Water|p2a: Vaporeon\n|-heal|p2a: Vaporeon|100\/100|[from] ability: Water Absorb|[of] p1a: Glalie\n|move|p2a: Vaporeon|Baton Pass|p2a: Vaporeon\n|\n|t:|1698802697\n|switch|p2a: Espathra|Espathra, F|100\/100|[from] Baton Pass\n|\n|-ability|p1a: Glalie|Moody|boost\n|-boost|p1a: Glalie|spe|2\n|-unboost|p1a: Glalie|atk|1\n|upkeep\n|turn|13\n|\n|t:|1698802707\n|move|p1a: Glalie|Icicle Spear|p2a: Espathra|[miss]\n|-miss|p1a: Glalie|p2a: Espathra\n|move|p2a: Espathra|Agility|p2a: Espathra\n|-boost|p2a: Espathra|spe|2\n|\n|-ability|p1a: Glalie|Moody|boost\n|-boost|p1a: Glalie|spa|2\n|-unboost|p1a: Glalie|spd|1\n|-ability|p2a: Espathra|Speed Boost|boost\n|-boost|p2a: Espathra|spe|1\n|upkeep\n|turn|14\n|\n|t:|1698802720\n|move|p1a: Glalie|Icicle Spear|p2a: Espathra\n|-activate|p2a: Espathra|move: Substitute|[damage]\n|-activate|p2a: Espathra|move: Substitute|[damage]\n|-activate|p2a: Espathra|move: Substitute|[damage]\n|-activate|p2a: Espathra|move: Substitute|[damage]\n|-activate|p2a: Espathra|move: Substitute|[damage]\n|-hitcount|p2a: Espathra|5\n|move|p2a: Espathra|Agility|p2a: Espathra\n|-boost|p2a: Espathra|spe|2\n|\n|-ability|p2a: Espathra|Speed Boost|boost\n|-boost|p2a: Espathra|spe|1\n|-ability|p1a: Glalie|Moody|boost\n|-boost|p1a: Glalie|spe|2\n|-unboost|p1a: Glalie|spa|1\n|upkeep\n|turn|15\n|\n|t:|1698802739\n|move|p1a: Glalie|Icicle Spear|p2a: Espathra\n|-end|p2a: Espathra|Substitute\n|-damage|p2a: Espathra|95\/100\n|-damage|p2a: Espathra|89\/100\n|-damage|p2a: Espathra|83\/100\n|-damage|p2a: Espathra|77\/100\n|-hitcount|p2a: Espathra|5\n|move|p2a: Espathra|Reflect|p2a: Espathra\n|-sidestart|p2: DanikGames1|Reflect\n|\n|-heal|p2a: Espathra|83\/100|[from] Aqua Ring\n|-ability|p1a: Glalie|Moody|boost\n|-boost|p1a: Glalie|atk|2\n|-unboost|p1a: Glalie|spe|1\n|upkeep\n|turn|16\n|\n|t:|1698802755\n|move|p2a: Espathra|Baton Pass|p2a: Espathra\n|\n|t:|1698802759\n|switch|p2a: Hawlucha|Hawlucha, M|100\/100|[from] Baton Pass\n|move|p1a: Glalie|Sheer Cold|p2a: Hawlucha\n|-damage|p2a: Hawlucha|0 fnt\n|faint|p2a: Hawlucha\n|-ohko\n|\n|-ability|p1a: Glalie|Moody|boost\n|-boost|p1a: Glalie|spe|1\n|-unboost|p1a: Glalie|def|1\n|upkeep\n|-message|DanikGames1 forfeited.\n|\n|win|5555555t\n|raw|5555555t's rating: 1000 &rarr; <strong>1056<\/strong><br \/>(+56 for winning)\n|raw|DanikGames1's rating: 1147 &rarr; <strong>1112<\/strong><br \/>(-35 for losing)\n|l|\u2606DanikGames1\n","uploadtime":1698802801,"views":17,"p1id":"5555555t","p2id":"danikgames1","formatid":"gen9anythinggoes","rating":1056,"private":0,"password":""}