{"id":"gen9anythinggoes-1981183193","p1":"UltimoTheNerd","p2":"Spookacho","format":"[Gen 9] Anything Goes","log":"|j|\u2606UltimoTheNerd\n|j|\u2606Spookacho\n|t:|1698870420\n|gametype|singles\n|player|p1|UltimoTheNerd|pokemaniac|\n|player|p2|Spookacho|pokekid|\n|teamsize|p1|6\n|teamsize|p2|6\n|gen|9\n|tier|[Gen 9] Anything Goes\n|rule|HP Percentage Mod: HP is shown in percentages\n|rule|Endless Battle Clause: Forcing endless battles is banned\n|clearpoke\n|poke|p1|Magnezone|\n|poke|p1|Slither Wing|\n|poke|p1|Donphan, M|\n|poke|p1|Barraskewda, M|\n|poke|p1|Indeedee, M|\n|poke|p1|Umbreon, M|\n|poke|p2|Mimikyu, F|\n|poke|p2|Sableye, F|\n|poke|p2|Delibird, M|\n|poke|p2|Gengar, F|\n|poke|p2|Brambleghast, F|\n|poke|p2|Spiritomb, M|\n|teampreview\n|j| TBarnsley\n|j| Silverwolf3030\n|j| fishy_doodles\n|j| delphoxician\n|c| fishy_doodles|hf gl\n|\n|t:|1698870466\n|start\n|switch|p1a: Quiver|Barraskewda, M|100\/100\n|switch|p2a: Bush|Brambleghast, F|100\/100\n|turn|1\n|c| delphoxician|\"accident\"\n|\n|t:|1698870510\n|move|p1a: Quiver|Crunch|p2a: Bush\n|-supereffective|p2a: Bush\n|-damage|p2a: Bush|0 fnt\n|faint|p2a: Bush\n|\n|upkeep\n|j| vincenrepeat\n|\n|t:|1698870553\n|switch|p2a: Criminal|Sableye, F|100\/100\n|turn|2\n|\n|t:|1698870563\n|switch|p1a: Phosphor|Umbreon, M, shiny|100\/100\n|move|p2a: Criminal|Fake Out|p1a: Phosphor\n|-damage|p1a: Phosphor|96\/100\n|\n|-heal|p1a: Phosphor|100\/100|[from] item: Leftovers\n|upkeep\n|turn|3\n|\n|t:|1698870575\n|move|p1a: Phosphor|Thunder Wave|p2a: Criminal|[miss]\n|-miss|p1a: Phosphor|p2a: Criminal\n|move|p2a: Criminal|Knock Off|p1a: Phosphor\n|-resisted|p1a: Phosphor\n|-damage|p1a: Phosphor|93\/100\n|-enditem|p1a: Phosphor|Leftovers|[from] move: Knock Off|[of] p2a: Criminal\n|\n|upkeep\n|turn|4\n|\n|t:|1698870608\n|switch|p2a: The voices|Spiritomb, M|100\/100\n|-ability|p2a: The voices|Pressure\n|move|p1a: Phosphor|Thunder Wave|p2a: The voices\n|-status|p2a: The voices|par\n|\n|upkeep\n|turn|5\n|c| delphoxician|No Ecsape from the voices\n|\n|t:|1698870705\n|switch|p1a: Little Butler|Indeedee, M|100\/100\n|-fieldstart|move: Psychic Terrain|[from] ability: Psychic Surge|[of] p1a: Little Butler\n|move|p2a: The voices|Trick|p1a: Little Butler\n|-activate|p2a: The voices|move: Trick|[of] p1a: Little Butler\n|-item|p1a: Little Butler|Choice Specs|[from] move: Trick\n|-item|p2a: The voices|Choice Scarf|[from] move: Trick\n|\n|upkeep\n|turn|6\n|\n|t:|1698870782\n|cant|p2a: The voices|par\n|move|p1a: Little Butler|Dazzling Gleam|p2a: The voices\n|-supereffective|p2a: The voices\n|-damage|p2a: The voices|31\/100 par\n|\n|upkeep\n|turn|7\n|\n|t:|1698870792\n|move|p2a: The voices|Protect|p2a: The voices\n|-singleturn|p2a: The voices|Protect\n|move|p1a: Little Butler|Dazzling Gleam|p2a: The voices\n|-activate|p2a: The voices|move: Protect\n|\n|upkeep\n|turn|8\n|\n|t:|1698870809\n|cant|p2a: The voices|par\n|move|p1a: Little Butler|Dazzling Gleam|p2a: The voices\n|-supereffective|p2a: The voices\n|-damage|p2a: The voices|0 fnt\n|faint|p2a: The voices\n|\n|upkeep\n|\n|t:|1698870867\n|switch|p2a: Ganger|Gengar, F|100\/100\n|turn|9\n|c|\u2606UltimoTheNerd|!data Indeedee\n|raw|<div class=\"message\"><ul class=\"utilichart\"><li class=\"result\"><span class=\"col numcol\">PU<\/span> <span class=\"col iconcol\"><psicon pokemon=\"indeedee\"\/><\/span> <span class=\"col pokemonnamecol\" style=\"white-space:nowrap\"><a href=\"https:\/\/dex.pokemonshowdown.com\/pokemon\/indeedee\" target=\"_blank\">Indeedee<\/a><\/span> <span class=\"col typecol\"><img src=\"https:\/\/play.pokemonshowdown.com\/sprites\/types\/Psychic.png\" alt=\"Psychic\" height=\"14\" width=\"32\"><img src=\"https:\/\/play.pokemonshowdown.com\/sprites\/types\/Normal.png\" alt=\"Normal\" height=\"14\" width=\"32\"><\/span> <span style=\"float:left;min-height:26px\"><span class=\"col twoabilitycol\">Inner Focus<br \/>Synchronize<\/span><span class=\"col abilitycol\"><em>Psychic Surge<\/em><\/span><\/span><span style=\"float:left;min-height:26px\"><span class=\"col statcol\"><em>HP<\/em><br \/>60<\/span> <span class=\"col statcol\"><em>Atk<\/em><br \/>65<\/span> <span class=\"col statcol\"><em>Def<\/em><br \/>55<\/span> <span class=\"col statcol\"><em>SpA<\/em><br \/>105<\/span> <span class=\"col statcol\"><em>SpD<\/em><br \/>95<\/span> <span class=\"col statcol\"><em>Spe<\/em><br \/>95<\/span> <span class=\"col bstcol\"><em>BST<br \/>475<\/em><\/span> <\/span><\/li><li style=\"clear:both\"><\/li><\/ul><\/div>\n\n|\n|t:|1698870947\n|switch|p1a: Cobalt|Magnezone|100\/100\n|move|p2a: Ganger|Dark Pulse|p1a: Cobalt\n|-damage|p1a: Cobalt|69\/100\n|\n|-heal|p1a: Cobalt|75\/100|[from] item: Leftovers\n|-fieldend|move: Psychic Terrain\n|upkeep\n|turn|10\n|\n|t:|1698870969\n|switch|p2a: Criminal|Sableye, F|100\/100\n|move|p1a: Cobalt|Thunder Wave|p2a: Criminal\n|-status|p2a: Criminal|par\n|\n|-heal|p1a: Cobalt|81\/100|[from] item: Leftovers\n|upkeep\n|turn|11\n|\n|t:|1698870980\n|switch|p1a: Little Butler|Indeedee, M|100\/100\n|-fieldstart|move: Psychic Terrain|[from] ability: Psychic Surge|[of] p1a: Little Butler\n|cant|p2a: Criminal|par\n|\n|upkeep\n|turn|12\n|\n|t:|1698871000\n|move|p1a: Little Butler|Dazzling Gleam|p2a: Criminal\n|-supereffective|p2a: Criminal\n|-damage|p2a: Criminal|0 fnt\n|faint|p2a: Criminal\n|\n|upkeep\n|\n|t:|1698871005\n|switch|p2a: Ganger|Gengar, F|100\/100\n|turn|13\n|\n|t:|1698871013\n|switch|p1a: Phosphor|Umbreon, M, shiny|93\/100\n|move|p2a: Ganger|Dark Pulse|p1a: Phosphor\n|-resisted|p1a: Phosphor\n|-damage|p1a: Phosphor|84\/100\n|\n|upkeep\n|turn|14\n|\n|t:|1698871037\n|-terastallize|p2a: Ganger|Dark\n|move|p2a: Ganger|Toxic|p1a: Phosphor|[miss]\n|-miss|p2a: Ganger|p1a: Phosphor\n|move|p1a: Phosphor|Light Screen|p1a: Phosphor\n|-sidestart|p1: UltimoTheNerd|move: Light Screen\n|\n|upkeep\n|turn|15\n|\n|t:|1698871058\n|switch|p1a: Cobalt|Magnezone|81\/100\n|move|p2a: Ganger|Dark Pulse|p1a: Cobalt\n|-damage|p1a: Cobalt|57\/100\n|\n|-heal|p1a: Cobalt|63\/100|[from] item: Leftovers\n|-fieldend|move: Psychic Terrain\n|upkeep\n|turn|16\n|\n|t:|1698871069\n|move|p2a: Ganger|Dark Pulse|p1a: Cobalt\n|-damage|p1a: Cobalt|41\/100\n|move|p1a: Cobalt|Flash Cannon|p2a: Ganger\n|-damage|p2a: Ganger|0 fnt\n|faint|p2a: Ganger\n|\n|-heal|p1a: Cobalt|47\/100|[from] item: Leftovers\n|upkeep\n|\n|t:|1698871079\n|switch|p2a: Satan|Delibird, M|100\/100\n|turn|17\n|\n|t:|1698871084\n|move|p2a: Satan|Drill Run|p1a: Cobalt|[miss]\n|-miss|p2a: Satan|p1a: Cobalt\n|move|p1a: Cobalt|Flash Cannon|p2a: Satan\n|-supereffective|p2a: Satan\n|-damage|p2a: Satan|0 fnt\n|faint|p2a: Satan\n|\n|-heal|p1a: Cobalt|53\/100|[from] item: Leftovers\n|upkeep\n|c| fishy_doodles|bro got the unluckiest rng\n|\n|t:|1698871118\n|switch|p2a: Pookie bear|Mimikyu, F|100\/100\n|turn|18\n|\n|t:|1698871128\n|move|p2a: Pookie bear|Drain Punch|p1a: Cobalt\n|-supereffective|p1a: Cobalt\n|-damage|p1a: Cobalt|0 fnt\n|faint|p1a: Cobalt\n|-damage|p2a: Pookie bear|91\/100|[from] item: Life Orb\n|\n|-sideend|p1: UltimoTheNerd|move: Light Screen\n|upkeep\n|\n|t:|1698871141\n|switch|p1a: Roland|Donphan, M|100\/100\n|turn|19\n|\n|t:|1698871200\n|move|p2a: Pookie bear|Play Rough|p1a: Roland\n|-damage|p1a: Roland|62\/100\n|-damage|p2a: Pookie bear|81\/100|[from] item: Life Orb\n|move|p1a: Roland|Knock Off|p2a: Pookie bear\n|-activate|p2a: Pookie bear|ability: Disguise\n|-damage|p2a: Pookie bear|81\/100\n|-enditem|p2a: Pookie bear|Life Orb|[from] move: Knock Off|[of] p1a: Roland\n|detailschange|p2a: Pookie bear|Mimikyu-Busted, F\n|-damage|p2a: Pookie bear|68\/100|[from] pokemon: Mimikyu-Busted\n|\n|-heal|p1a: Roland|68\/100|[from] item: Leftovers\n|upkeep\n|turn|20\n|\n|t:|1698871215\n|move|p2a: Pookie bear|Drain Punch|p1a: Roland\n|-damage|p1a: Roland|50\/100\n|-heal|p2a: Pookie bear|83\/100|[from] drain|[of] p1a: Roland\n|move|p1a: Roland|Earthquake|p2a: Pookie bear\n|-damage|p2a: Pookie bear|0 fnt\n|faint|p2a: Pookie bear\n|\n|win|UltimoTheNerd\n","uploadtime":1698871219,"views":10,"p1id":"ultimothenerd","p2id":"spookacho","formatid":"gen9anythinggoes","rating":0,"private":0,"password":""}