{"id":"gen9anythinggoes-1988238942","p1":"Leoniod","p2":"NotYourTypePaapi","format":"[Gen 9] Anything Goes","log":"|j|\u2606Leoniod\n|j|\u2606NotYourTypePaapi\n|t:|1699691950\n|gametype|singles\n|player|p1|Leoniod|n|1270\n|player|p2|NotYourTypePaapi|anabel|1552\n|teamsize|p1|6\n|teamsize|p2|6\n|gen|9\n|tier|[Gen 9] Anything Goes\n|rated|\n|rule|HP Percentage Mod: HP is shown in percentages\n|rule|Endless Battle Clause: Forcing endless battles is banned\n|clearpoke\n|poke|p1|Calyrex-Shadow|\n|poke|p1|Arceus|\n|poke|p1|Eternatus|\n|poke|p1|Kingambit, M|\n|poke|p1|Zacian-*|\n|poke|p1|Groudon|\n|poke|p2|Calyrex-Shadow|\n|poke|p2|Ditto|\n|poke|p2|Arceus-Fairy|\n|poke|p2|Koraidon|\n|poke|p2|Zacian-*|\n|poke|p2|Arceus|\n|teampreview\n|inactive|Battle timer is ON: inactive players will automatically lose when time's up. (requested by Leoniod)\n|inactive|NotYourTypePaapi also wants the timer to be on.\n|\n|t:|1699691959\n|start\n|switch|p1a: Arceus|Arceus|100\/100\n|switch|p2a: Go greeninja|Koraidon|100\/100\n|-weather|SunnyDay|[from] ability: Orichalcum Pulse|[of] p2a: Go greeninja\n|-activate|p2a: Go greeninja|Orichalcum Pulse|[source]\n|turn|1\n|\n|t:|1699691969\n|move|p2a: Go greeninja|Low Kick|p1a: Arceus\n|-supereffective|p1a: Arceus\n|-damage|p1a: Arceus|0 fnt\n|faint|p1a: Arceus\n|\n|-weather|SunnyDay|[upkeep]\n|upkeep\n|\n|t:|1699691979\n|switch|p1a: Calyrex|Calyrex-Shadow|100\/100\n|-ability|p1a: Calyrex|As One\n|-ability|p1a: Calyrex|Unnerve\n|turn|2\n|\n|t:|1699692003\n|switch|p2a: Arceus|Arceus|100\/100\n|move|p1a: Calyrex|Astral Barrage|p2a: Arceus\n|-immune|p2a: Arceus\n|\n|-weather|SunnyDay|[upkeep]\n|upkeep\n|turn|3\n|\n|t:|1699692008\n|switch|p1a: Groudon|Groudon|100\/100\n|move|p2a: Arceus|Dragon Dance|p2a: Arceus\n|-boost|p2a: Arceus|atk|1\n|-boost|p2a: Arceus|spe|1\n|\n|-weather|SunnyDay|[upkeep]\n|upkeep\n|turn|4\n|\n|t:|1699692024\n|move|p2a: Arceus|Extreme Speed|p1a: Groudon\n|-damage|p1a: Groudon|62\/100\n|-damage|p2a: Arceus|91\/100|[from] item: Life Orb\n|move|p1a: Groudon|Will-O-Wisp|p2a: Arceus\n|-status|p2a: Arceus|brn\n|\n|-weather|SunnyDay|[upkeep]\n|-heal|p1a: Groudon|69\/100|[from] item: Leftovers\n|-damage|p2a: Arceus|85\/100 brn|[from] brn\n|upkeep\n|turn|5\n|\n|t:|1699692033\n|move|p2a: Arceus|Dragon Dance|p2a: Arceus\n|-boost|p2a: Arceus|atk|1\n|-boost|p2a: Arceus|spe|1\n|move|p1a: Groudon|Bulk Up|p1a: Groudon\n|-boost|p1a: Groudon|atk|1\n|-boost|p1a: Groudon|def|1\n|\n|-weather|none\n|-heal|p1a: Groudon|75\/100|[from] item: Leftovers\n|-damage|p2a: Arceus|79\/100 brn|[from] brn\n|upkeep\n|turn|6\n|\n|t:|1699692051\n|move|p2a: Arceus|Extreme Speed|p1a: Groudon\n|-damage|p1a: Groudon|58\/100\n|-damage|p2a: Arceus|69\/100 brn|[from] item: Life Orb\n|move|p1a: Groudon|Stealth Rock|p2a: Arceus\n|-sidestart|p2: NotYourTypePaapi|move: Stealth Rock\n|\n|-heal|p1a: Groudon|64\/100|[from] item: Leftovers\n|-damage|p2a: Arceus|63\/100 brn|[from] brn\n|upkeep\n|turn|7\n|\n|t:|1699692055\n|move|p2a: Arceus|Dragon Dance|p2a: Arceus\n|-boost|p2a: Arceus|atk|1\n|-boost|p2a: Arceus|spe|1\n|move|p1a: Groudon|Precipice Blades|p2a: Arceus|[miss]\n|-miss|p1a: Groudon|p2a: Arceus\n|\n|-heal|p1a: Groudon|70\/100|[from] item: Leftovers\n|-damage|p2a: Arceus|57\/100 brn|[from] brn\n|upkeep\n|turn|8\n|\n|t:|1699692071\n|move|p2a: Arceus|Extreme Speed|p1a: Groudon\n|-crit|p1a: Groudon\n|-damage|p1a: Groudon|21\/100\n|-damage|p2a: Arceus|47\/100 brn|[from] item: Life Orb\n|move|p1a: Groudon|Precipice Blades|p2a: Arceus\n|-damage|p2a: Arceus|0 fnt\n|faint|p2a: Arceus\n|\n|-heal|p1a: Groudon|27\/100|[from] item: Leftovers\n|upkeep\n|\n|t:|1699692081\n|switch|p2a: Pokeauraburst|Calyrex-Shadow|100\/100\n|-ability|p2a: Pokeauraburst|As One\n|-ability|p2a: Pokeauraburst|Unnerve\n|-damage|p2a: Pokeauraburst|88\/100|[from] Stealth Rock\n|turn|9\n|\n|t:|1699692085\n|switch|p1a: Eternatus|Eternatus|100\/100\n|-ability|p1a: Eternatus|Pressure\n|move|p2a: Pokeauraburst|Astral Barrage|p1a: Eternatus\n|-damage|p1a: Eternatus|50\/100\n|\n|upkeep\n|turn|10\n|\n|t:|1699692110\n|move|p2a: Pokeauraburst|Astral Barrage|p1a: Eternatus\n|-damage|p1a: Eternatus|0 fnt\n|faint|p1a: Eternatus\n|-ability|p2a: Pokeauraburst|Grim Neigh|boost\n|-boost|p2a: Pokeauraburst|spa|1\n|\n|upkeep\n|\n|t:|1699692116\n|switch|p1a: Calyrex|Calyrex-Shadow|100\/100\n|-ability|p1a: Calyrex|As One\n|-ability|p1a: Calyrex|Unnerve\n|turn|11\n|\n|t:|1699692133\n|switch|p2a: Zacian|Zacian-Crowned|100\/100\n|-damage|p2a: Zacian|94\/100|[from] Stealth Rock\n|-ability|p2a: Zacian|Intrepid Sword|boost\n|-boost|p2a: Zacian|atk|1\n|move|p1a: Calyrex|Astral Barrage|p2a: Zacian\n|-damage|p2a: Zacian|19\/100\n|\n|upkeep\n|turn|12\n|\n|t:|1699692142\n|move|p1a: Calyrex|Astral Barrage|p2a: Zacian\n|-damage|p2a: Zacian|0 fnt\n|faint|p2a: Zacian\n|-ability|p1a: Calyrex|Grim Neigh|boost\n|-boost|p1a: Calyrex|spa|1\n|\n|upkeep\n|\n|t:|1699692145\n|switch|p2a: Dregone|Ditto|100\/100\n|-damage|p2a: Dregone|88\/100|[from] Stealth Rock\n|-transform|p2a: Dregone|p1a: Calyrex|[from] ability: Imposter\n|turn|13\n|\n|t:|1699692149\n|switch|p1a: Groudon|Groudon|27\/100\n|-weather|SunnyDay|[from] ability: Drought|[of] p1a: Groudon\n|move|p2a: Dregone|Astral Barrage|p1a: Groudon\n|-damage|p1a: Groudon|0 fnt\n|faint|p1a: Groudon\n|-ability|p2a: Dregone|Grim Neigh|boost\n|-boost|p2a: Dregone|spa|1\n|\n|-weather|SunnyDay|[upkeep]\n|upkeep\n|\n|t:|1699692155\n|switch|p1a: Kingambit|Kingambit, M|100\/100\n|-activate|p1a: Kingambit|ability: Supreme Overlord\n|-start|p1a: Kingambit|fallen3|[silent]\n|turn|14\n|\n|t:|1699692161\n|switch|p2a: Go greeninja|Koraidon|100\/100\n|-damage|p2a: Go greeninja|94\/100|[from] Stealth Rock\n|-activate|p2a: Go greeninja|ability: Orichalcum Pulse\n|move|p1a: Kingambit|Swords Dance|p1a: Kingambit\n|-boost|p1a: Kingambit|atk|2\n|\n|-weather|SunnyDay|[upkeep]\n|upkeep\n|turn|15\n|\n|t:|1699692168\n|-terastallize|p1a: Kingambit|Ghost\n|move|p2a: Go greeninja|Flare Blitz|p1a: Kingambit\n|-damage|p1a: Kingambit|37\/100\n|-damage|p2a: Go greeninja|70\/100|[from] Recoil\n|move|p1a: Kingambit|Kowtow Cleave|p2a: Go greeninja\n|-resisted|p2a: Go greeninja\n|-damage|p2a: Go greeninja|11\/100\n|\n|-weather|SunnyDay|[upkeep]\n|-heal|p1a: Kingambit|44\/100|[from] item: Leftovers\n|upkeep\n|turn|16\n|\n|t:|1699692176\n|move|p1a: Kingambit|Sucker Punch|p2a: Go greeninja\n|-resisted|p2a: Go greeninja\n|-damage|p2a: Go greeninja|0 fnt\n|faint|p2a: Go greeninja\n|\n|-weather|SunnyDay|[upkeep]\n|-heal|p1a: Kingambit|50\/100|[from] item: Leftovers\n|upkeep\n|\n|t:|1699692180\n|switch|p2a: Zowwyxafe|Arceus-Fairy|100\/100\n|-damage|p2a: Zowwyxafe|88\/100|[from] Stealth Rock\n|turn|17\n|\n|t:|1699692182\n|move|p2a: Zowwyxafe|Judgment|p1a: Kingambit\n|-damage|p1a: Kingambit|3\/100\n|move|p1a: Kingambit|Iron Head|p2a: Zowwyxafe\n|-supereffective|p2a: Zowwyxafe\n|-crit|p2a: Zowwyxafe\n|-damage|p2a: Zowwyxafe|0 fnt\n|faint|p2a: Zowwyxafe\n|\n|-weather|none\n|-heal|p1a: Kingambit|9\/100|[from] item: Leftovers\n|upkeep\n|\n|t:|1699692188\n|switch|p2a: Pokeauraburst|Calyrex-Shadow|88\/100\n|-ability|p2a: Pokeauraburst|As One\n|-ability|p2a: Pokeauraburst|Unnerve\n|-damage|p2a: Pokeauraburst|76\/100|[from] Stealth Rock\n|turn|18\n|\n|t:|1699692193\n|-terastallize|p2a: Pokeauraburst|Fairy\n|move|p1a: Kingambit|Sucker Punch|p2a: Pokeauraburst\n|-resisted|p2a: Pokeauraburst\n|-damage|p2a: Pokeauraburst|10\/100\n|move|p2a: Pokeauraburst|Astral Barrage|p1a: Kingambit\n|-supereffective|p1a: Kingambit\n|-damage|p1a: Kingambit|0 fnt\n|faint|p1a: Kingambit\n|-end|p1a: Kingambit|fallen3|[silent]\n|-ability|p2a: Pokeauraburst|Grim Neigh|boost\n|-boost|p2a: Pokeauraburst|spa|1\n|\n|upkeep\n|\n|t:|1699692210\n|switch|p1a: Zacian|Zacian-Crowned|100\/100\n|-ability|p1a: Zacian|Intrepid Sword|boost\n|-boost|p1a: Zacian|atk|1\n|turn|19\n|\n|t:|1699692213\n|move|p2a: Pokeauraburst|Astral Barrage|p1a: Zacian\n|-damage|p1a: Zacian|4\/100\n|move|p1a: Zacian|Behemoth Blade|p2a: Pokeauraburst\n|-supereffective|p2a: Pokeauraburst\n|-damage|p2a: Pokeauraburst|0 fnt\n|faint|p2a: Pokeauraburst\n|\n|upkeep\n|\n|t:|1699692214\n|switch|p2a: Dregone|Ditto|88\/100\n|-damage|p2a: Dregone|76\/100|[from] Stealth Rock\n|-transform|p2a: Dregone|p1a: Zacian|[from] ability: Imposter\n|-ability|p2a: Dregone|Intrepid Sword|boost\n|-boost|p2a: Dregone|atk|1\n|turn|20\n|\n|t:|1699692219\n|move|p2a: Dregone|Behemoth Blade|p1a: Zacian\n|-damage|p1a: Zacian|0 fnt\n|faint|p1a: Zacian\n|\n|upkeep\n|\n|t:|1699692221\n|switch|p1a: Calyrex|Calyrex-Shadow|100\/100\n|-ability|p1a: Calyrex|As One\n|-ability|p1a: Calyrex|Unnerve\n|turn|21\n|\n|t:|1699692230\n|move|p1a: Calyrex|Astral Barrage|p2a: Dregone\n|-damage|p2a: Dregone|4\/100\n|move|p2a: Dregone|Behemoth Blade|p1a: Calyrex\n|-damage|p1a: Calyrex|0 fnt\n|faint|p1a: Calyrex\n|\n|win|NotYourTypePaapi\n|raw|Leoniod's rating: 1270 &rarr; <strong>1262<\/strong><br \/>(-8 for losing)\n|raw|NotYourTypePaapi's rating: 1552 &rarr; <strong>1559<\/strong><br \/>(+7 for winning)\n|c|\u2606Leoniod|Gg\n|l|\u2606NotYourTypePaapi\n|l|\u2606Leoniod\n","uploadtime":1699692258,"views":7,"p1id":"leoniod","p2id":"notyourtypepaapi","formatid":"gen9anythinggoes","rating":1262,"private":0,"password":""}