{"id":"gen9anythinggoes-1973891685","p1":"Plozz","p2":"ejorange","format":"[Gen 9] Anything Goes","log":"|j|\u2606Plozz\n|j|\u2606ejorange\n|t:|1698024993\n|gametype|singles\n|player|p1|Plozz|palmer|\n|player|p2|ejorange|scientist-gen4dp|\n|teamsize|p1|6\n|teamsize|p2|6\n|gen|9\n|tier|[Gen 9] Anything Goes\n|rule|HP Percentage Mod: HP is shown in percentages\n|rule|Endless Battle Clause: Forcing endless battles is banned\n|clearpoke\n|poke|p1|Chesnaught, F|\n|poke|p1|Mamoswine, F|\n|poke|p1|Iron Moth|\n|poke|p1|Roaring Moon|\n|poke|p1|Corviknight, F|\n|poke|p1|Milotic, F|\n|poke|p2|Pawmo, M|\n|poke|p2|Ribombee, M|\n|poke|p2|Electrode-Hisui|\n|poke|p2|Baxcalibur, F|\n|poke|p2|Tauros-Paldea-Combat, M|\n|poke|p2|Skeledirge, M|\n|teampreview\n|j| Fidget2000\n|j| PrettyMan\n|\n|t:|1698025048\n|start\n|switch|p1a: Hexologist|Iron Moth|100\/100\n|switch|p2a: Boomer|Electrode-Hisui|100\/100\n|turn|1\n|c| PrettyMan|in bed sleepy\n|c| PrettyMan|but watch\n|\n|t:|1698025060\n|move|p2a: Boomer|Volt Switch|p1a: Hexologist\n|-damage|p1a: Hexologist|75\/100\n|c| PrettyMan|kick his ass mike\n|\n|t:|1698025064\n|switch|p2a: Charlie|Skeledirge, M|100\/100|[from] Volt Switch\n|move|p1a: Hexologist|Overheat|p2a: Charlie\n|-resisted|p2a: Charlie\n|-damage|p2a: Charlie|57\/100\n|-unboost|p1a: Hexologist|spa|2\n|\n|upkeep\n|turn|2\n|\n|t:|1698025075\n|-end|p1a: Hexologist|Quark Drive|[silent]\n|switch|p1a: OnlyFins|Milotic, F|100\/100\n|move|p2a: Charlie|Will-O-Wisp|p1a: OnlyFins|[miss]\n|-miss|p2a: Charlie|p1a: OnlyFins\n|\n|upkeep\n|turn|3\n|\n|t:|1698025095\n|switch|p2a: Glaive Rush|Baxcalibur, F|100\/100\n|move|p1a: OnlyFins|Flip Turn|p2a: Glaive Rush\n|-resisted|p2a: Glaive Rush\n|-damage|p2a: Glaive Rush|95\/100\n|\n|t:|1698025135\n|switch|p1a: mOrDEkAiSER|Corviknight, F|100\/100|[from] Flip Turn\n|-ability|p1a: mOrDEkAiSER|Pressure\n|\n|upkeep\n|turn|4\n|c| PrettyMan|great name\n|c|\u2606Plozz|im so glad ur here to see it\n|\n|t:|1698025153\n|switch|p2a: Boomer|Electrode-Hisui|100\/100\n|move|p1a: mOrDEkAiSER|Body Press|p2a: Boomer\n|-damage|p2a: Boomer|53\/100\n|\n|upkeep\n|turn|5\n|\n|t:|1698025163\n|switch|p1a: La Roux|Chesnaught, F, shiny|100\/100\n|move|p2a: Boomer|Volt Switch|p1a: La Roux\n|-resisted|p1a: La Roux\n|-damage|p1a: La Roux|86\/100\n|\n|t:|1698025168\n|switch|p2a: Tinker Bell|Ribombee, M|100\/100|[from] Volt Switch\n|\n|-heal|p1a: La Roux|92\/100|[from] item: Leftovers\n|upkeep\n|turn|6\n|\n|t:|1698025174\n|move|p2a: Tinker Bell|Sticky Web|p1a: La Roux\n|-sidestart|p1: Plozz|move: Sticky Web\n|move|p1a: La Roux|Stone Edge|p2a: Tinker Bell\n|-supereffective|p2a: Tinker Bell\n|-damage|p2a: Tinker Bell|24\/100\n|\n|-heal|p1a: La Roux|98\/100|[from] item: Leftovers\n|upkeep\n|turn|7\n|\n|t:|1698025186\n|move|p2a: Tinker Bell|Moonblast|p1a: La Roux\n|-supereffective|p1a: La Roux\n|-damage|p1a: La Roux|23\/100\n|move|p1a: La Roux|Stone Edge|p2a: Tinker Bell\n|-supereffective|p2a: Tinker Bell\n|-damage|p2a: Tinker Bell|0 fnt\n|faint|p2a: Tinker Bell\n|\n|-heal|p1a: La Roux|29\/100|[from] item: Leftovers\n|upkeep\n|\n|t:|1698025194\n|switch|p2a: Charlie|Skeledirge, M|57\/100\n|turn|8\n|\n|t:|1698025210\n|switch|p1a: OnlyFins|Milotic, F|100\/100\n|-activate|p1a: OnlyFins|move: Sticky Web\n|-unboost|p1a: OnlyFins|spe|1\n|move|p2a: Charlie|Torch Song|p1a: OnlyFins\n|-resisted|p1a: OnlyFins\n|-damage|p1a: OnlyFins|91\/100\n|-boost|p2a: Charlie|spa|1\n|\n|-heal|p1a: OnlyFins|97\/100|[from] item: Leftovers\n|upkeep\n|turn|9\n|\n|t:|1698025224\n|move|p2a: Charlie|Slack Off|p2a: Charlie\n|-heal|p2a: Charlie|100\/100\n|move|p1a: OnlyFins|Scald|p2a: Charlie\n|-supereffective|p2a: Charlie\n|-crit|p2a: Charlie\n|-damage|p2a: Charlie|45\/100\n|\n|-heal|p1a: OnlyFins|100\/100|[from] item: Leftovers\n|upkeep\n|turn|10\n|\n|t:|1698025232\n|move|p2a: Charlie|Slack Off|p2a: Charlie\n|-heal|p2a: Charlie|95\/100\n|move|p1a: OnlyFins|Scald|p2a: Charlie\n|-supereffective|p2a: Charlie\n|-damage|p2a: Charlie|54\/100\n|\n|upkeep\n|turn|11\n|\n|t:|1698025238\n|switch|p2a: Glaive Rush|Baxcalibur, F|95\/100\n|move|p1a: OnlyFins|Haze|p1a: OnlyFins\n|-clearallboost\n|\n|upkeep\n|turn|12\n|\n|t:|1698025247\n|move|p2a: Glaive Rush|Glaive Rush|p1a: OnlyFins\n|-damage|p1a: OnlyFins|18\/100\n|-singlemove|p2a: Glaive Rush|Glaive Rush|[silent]\n|move|p1a: OnlyFins|Scald|p2a: Glaive Rush\n|-resisted|p2a: Glaive Rush\n|-damage|p2a: Glaive Rush|64\/100\n|\n|-heal|p1a: OnlyFins|24\/100|[from] item: Leftovers\n|upkeep\n|turn|13\n|\n|t:|1698025287\n|move|p2a: Glaive Rush|Glaive Rush|p1a: OnlyFins\n|-damage|p1a: OnlyFins|0 fnt\n|-singlemove|p2a: Glaive Rush|Glaive Rush|[silent]\n|faint|p1a: OnlyFins\n|\n|upkeep\n|\n|t:|1698025299\n|switch|p1a: mOrDEkAiSER|Corviknight, F|100\/100\n|-ability|p1a: mOrDEkAiSER|Pressure\n|turn|14\n|\n|t:|1698025303\n|switch|p2a: Charlie|Skeledirge, M|54\/100\n|move|p1a: mOrDEkAiSER|Defog|p2a: Charlie\n|-unboost|p2a: Charlie|evasion|1\n|-sideend|p1: Plozz|Sticky Web|[from] move: Defog|[of] p1a: mOrDEkAiSER\n|\n|upkeep\n|turn|15\n|\n|t:|1698025313\n|move|p1a: mOrDEkAiSER|U-turn|p2a: Charlie\n|-resisted|p2a: Charlie\n|-damage|p2a: Charlie|51\/100\n|\n|t:|1698025324\n|switch|p1a: Hexologist|Iron Moth|75\/100|[from] U-turn\n|move|p2a: Charlie|Will-O-Wisp|p1a: Hexologist\n|-immune|p1a: Hexologist\n|\n|upkeep\n|turn|16\n|\n|t:|1698025333\n|move|p1a: Hexologist|Overheat|p2a: Charlie\n|-resisted|p2a: Charlie\n|-damage|p2a: Charlie|5\/100\n|-unboost|p1a: Hexologist|spa|2\n|move|p2a: Charlie|Slack Off|p2a: Charlie\n|-heal|p2a: Charlie|55\/100\n|\n|upkeep\n|turn|17\n|\n|t:|1698025343\n|move|p1a: Hexologist|Overheat|p2a: Charlie\n|-resisted|p2a: Charlie\n|-damage|p2a: Charlie|13\/100\n|-unboost|p1a: Hexologist|spa|2\n|move|p2a: Charlie|Slack Off|p2a: Charlie\n|-heal|p2a: Charlie|64\/100\n|\n|upkeep\n|turn|18\n|\n|t:|1698025358\n|-end|p1a: Hexologist|Quark Drive|[silent]\n|switch|p1a: La Roux|Chesnaught, F, shiny|29\/100\n|switch|p2a: Glaive Rush|Baxcalibur, F|64\/100\n|\n|-heal|p1a: La Roux|35\/100|[from] item: Leftovers\n|upkeep\n|turn|19\n|\n|t:|1698025366\n|move|p2a: Glaive Rush|Icicle Crash|p1a: La Roux\n|-supereffective|p1a: La Roux\n|-damage|p1a: La Roux|0 fnt\n|faint|p1a: La Roux\n|\n|upkeep\n|\n|t:|1698025415\n|switch|p1a: Hexologist|Iron Moth|75\/100\n|turn|20\n|\n|t:|1698025448\n|switch|p2a: Paw Patrol|Pawmo, M|100\/100\n|move|p1a: Hexologist|Fiery Dance|p2a: Paw Patrol\n|-damage|p2a: Paw Patrol|0 fnt\n|faint|p2a: Paw Patrol\n|\n|upkeep\n|\n|t:|1698025461\n|switch|p2a: Charlie|Skeledirge, M|64\/100\n|turn|21\n|\n|t:|1698025469\n|move|p1a: Hexologist|Fiery Dance|p2a: Charlie\n|-resisted|p2a: Charlie\n|-damage|p2a: Charlie|37\/100\n|-boost|p1a: Hexologist|spa|1\n|move|p2a: Charlie|Will-O-Wisp|p1a: Hexologist\n|-immune|p1a: Hexologist\n|\n|upkeep\n|turn|22\n|\n|t:|1698025475\n|move|p1a: Hexologist|Fiery Dance|p2a: Charlie\n|-resisted|p2a: Charlie\n|-damage|p2a: Charlie|9\/100\n|-boost|p1a: Hexologist|spa|1\n|move|p2a: Charlie|Slack Off|p2a: Charlie\n|-heal|p2a: Charlie|59\/100\n|\n|upkeep\n|turn|23\n|\n|t:|1698025482\n|move|p1a: Hexologist|Fiery Dance|p2a: Charlie\n|-resisted|p2a: Charlie\n|-damage|p2a: Charlie|35\/100\n|move|p2a: Charlie|Slack Off|p2a: Charlie\n|-heal|p2a: Charlie|85\/100\n|\n|upkeep\n|turn|24\n|\n|t:|1698025486\n|move|p1a: Hexologist|Fiery Dance|p2a: Charlie\n|-resisted|p2a: Charlie\n|-damage|p2a: Charlie|60\/100\n|move|p2a: Charlie|Hex|p1a: Hexologist\n|-damage|p1a: Hexologist|49\/100\n|\n|upkeep\n|turn|25\n|\n|t:|1698025494\n|move|p1a: Hexologist|Fiery Dance|p2a: Charlie\n|-resisted|p2a: Charlie\n|-damage|p2a: Charlie|33\/100\n|-boost|p1a: Hexologist|spa|1\n|move|p2a: Charlie|Slack Off|p2a: Charlie\n|-heal|p2a: Charlie|83\/100\n|\n|upkeep\n|turn|26\n|\n|t:|1698025499\n|move|p1a: Hexologist|Fiery Dance|p2a: Charlie\n|-resisted|p2a: Charlie\n|-damage|p2a: Charlie|59\/100\n|move|p2a: Charlie|Torch Song|p1a: Hexologist\n|-resisted|p1a: Hexologist\n|-damage|p1a: Hexologist|34\/100\n|-boost|p2a: Charlie|spa|1\n|\n|upkeep\n|turn|27\n|\n|t:|1698025519\n|-end|p1a: Hexologist|Quark Drive|[silent]\n|switch|p1a: mOrDEkAiSER|Corviknight, F|100\/100\n|-ability|p1a: mOrDEkAiSER|Pressure\n|move|p2a: Charlie|Hex|p1a: mOrDEkAiSER\n|-damage|p1a: mOrDEkAiSER|66\/100\n|\n|-heal|p1a: mOrDEkAiSER|72\/100|[from] item: Leftovers\n|upkeep\n|turn|28\n|\n|t:|1698025526\n|move|p1a: mOrDEkAiSER|U-turn|p2a: Charlie\n|-resisted|p2a: Charlie\n|-damage|p2a: Charlie|56\/100\n|c| PrettyMan|that was the most pawmo was ever gonna do i bet\n|\n|t:|1698025559\n|switch|p1a: Hexologist|Iron Moth|34\/100|[from] U-turn\n|move|p2a: Charlie|Will-O-Wisp|p1a: Hexologist\n|-immune|p1a: Hexologist\n|\n|upkeep\n|turn|29\n|\n|t:|1698025609\n|move|p1a: Hexologist|Psychic|p2a: Charlie\n|-damage|p2a: Charlie|17\/100\n|move|p2a: Charlie|Hex|p1a: Hexologist\n|-damage|p1a: Hexologist|0 fnt\n|faint|p1a: Hexologist\n|-end|p1a: Hexologist|Quark Drive|[silent]\n|\n|upkeep\n|\n|t:|1698025614\n|switch|p1a: Hoth|Mamoswine, F|100\/100\n|turn|30\n|\n|t:|1698025621\n|move|p1a: Hoth|Earthquake|p2a: Charlie\n|-supereffective|p2a: Charlie\n|-damage|p2a: Charlie|0 fnt\n|faint|p2a: Charlie\n|\n|upkeep\n|\n|t:|1698025642\n|switch|p2a: Libra|Tauros-Paldea-Combat, M|100\/100\n|-ability|p2a: Libra|Intimidate|boost\n|-fail|p1a: Hoth|unboost|Attack|[from] ability: Oblivious|[of] p1a: Hoth\n|turn|31\n|\n|t:|1698025658\n|move|p2a: Libra|Bulk Up|p2a: Libra\n|-boost|p2a: Libra|atk|1\n|-boost|p2a: Libra|def|1\n|move|p1a: Hoth|Icicle Crash|p2a: Libra|[miss]\n|-miss|p1a: Hoth|p2a: Libra\n|\n|upkeep\n|turn|32\n|\n|t:|1698025669\n|switch|p1a: mOrDEkAiSER|Corviknight, F|72\/100\n|-ability|p1a: mOrDEkAiSER|Pressure\n|move|p2a: Libra|Trailblaze|p1a: mOrDEkAiSER\n|-resisted|p1a: mOrDEkAiSER\n|-damage|p1a: mOrDEkAiSER|69\/100\n|-boost|p2a: Libra|spe|1\n|\n|-heal|p1a: mOrDEkAiSER|75\/100|[from] item: Leftovers\n|upkeep\n|turn|33\n|\n|t:|1698025681\n|move|p2a: Libra|Body Press|p1a: mOrDEkAiSER\n|-damage|p1a: mOrDEkAiSER|40\/100\n|move|p1a: mOrDEkAiSER|U-turn|p2a: Libra\n|-resisted|p2a: Libra\n|-damage|p2a: Libra|97\/100\n|\n|t:|1698025686\n|switch|p1a: Ernst|Roaring Moon|100\/100|[from] U-turn\n|-enditem|p1a: Ernst|Booster Energy\n|-activate|p1a: Ernst|ability: Protosynthesis|[fromitem]\n|-start|p1a: Ernst|protosynthesisatk\n|\n|-heal|p2a: Libra|100\/100|[from] item: Leftovers\n|upkeep\n|turn|34\n|\n|t:|1698025700\n|-terastallize|p2a: Libra|Fighting\n|move|p2a: Libra|Body Press|p1a: Ernst\n|-supereffective|p1a: Ernst\n|-damage|p1a: Ernst|0 fnt\n|faint|p1a: Ernst\n|-end|p1a: Ernst|Protosynthesis|[silent]\n|\n|upkeep\n|\n|t:|1698025711\n|switch|p1a: mOrDEkAiSER|Corviknight, F|40\/100\n|-ability|p1a: mOrDEkAiSER|Pressure\n|turn|35\n|\n|t:|1698025713\n|move|p2a: Libra|Body Press|p1a: mOrDEkAiSER\n|-damage|p1a: mOrDEkAiSER|0 fnt\n|faint|p1a: mOrDEkAiSER\n|\n|upkeep\n|\n|t:|1698025715\n|switch|p1a: Hoth|Mamoswine, F|100\/100\n|turn|36\n|\n|t:|1698025718\n|move|p1a: Hoth|Ice Shard|p2a: Libra\n|-damage|p2a: Libra|89\/100\n|move|p2a: Libra|Body Press|p1a: Hoth\n|-supereffective|p1a: Hoth\n|-enditem|p1a: Hoth|Focus Sash\n|-damage|p1a: Hoth|1\/100\n|\n|-heal|p2a: Libra|95\/100|[from] item: Leftovers\n|upkeep\n|turn|37\n|\n|t:|1698025728\n|move|p2a: Libra|Body Press|p1a: Hoth\n|-supereffective|p1a: Hoth\n|-damage|p1a: Hoth|0 fnt\n|faint|p1a: Hoth\n|\n|win|ejorange\n|c|\u2606ejorange|gg\n|c|\u2606Plozz|gg\n","uploadtime":1698025740,"views":17,"p1id":"plozz","p2id":"ejorange","formatid":"gen9anythinggoes","rating":0,"private":0,"password":""}