{"id":"gen9anythinggoes-1979641893","p1":"kfdhkkiy","p2":"baku2800","format":"[Gen 9] Anything Goes","log":"|j|\u2606kfdhkkiy\n|j|\u2606baku2800\n|t:|1698699169\n|gametype|singles\n|player|p1|kfdhkkiy|clown|1000\n|player|p2|baku2800|2|1090\n|teamsize|p1|6\n|teamsize|p2|6\n|gen|9\n|tier|[Gen 9] Anything Goes\n|rated|\n|rule|HP Percentage Mod: HP is shown in percentages\n|rule|Endless Battle Clause: Forcing endless battles is banned\n|clearpoke\n|poke|p1|Infernape, M|\n|poke|p1|Victreebel, M|\n|poke|p1|Swadloon, M|\n|poke|p1|Regidrago|\n|poke|p1|Klawf, M|\n|poke|p1|Volcarona, M|\n|poke|p2|Palkia|\n|poke|p2|Dialga-Origin|\n|poke|p2|Giratina-Origin|\n|poke|p2|Cresselia, F|\n|poke|p2|Darkrai|\n|poke|p2|Froslass, F|\n|teampreview\n|\n|t:|1698699176\n|start\n|switch|p1a: \uc6d0\uc22d\uc774|Infernape, M, shiny|100\/100\n|switch|p2a: Palkia|Palkia|100\/100\n|-ability|p2a: Palkia|Pressure\n|turn|1\n|\n|t:|1698699184\n|move|p1a: \uc6d0\uc22d\uc774|Stealth Rock|p2a: Palkia\n|-sidestart|p2: baku2800|move: Stealth Rock\n|move|p2a: Palkia|Hydro Pump|p1a: \uc6d0\uc22d\uc774\n|-supereffective|p1a: \uc6d0\uc22d\uc774\n|-enditem|p1a: \uc6d0\uc22d\uc774|Focus Sash\n|-damage|p1a: \uc6d0\uc22d\uc774|1\/100\n|\n|upkeep\n|turn|2\n|\n|t:|1698699192\n|move|p1a: \uc6d0\uc22d\uc774|Sunny Day|p1a: \uc6d0\uc22d\uc774\n|-weather|SunnyDay\n|move|p2a: Palkia|Dragon Pulse|p1a: \uc6d0\uc22d\uc774\n|-damage|p1a: \uc6d0\uc22d\uc774|0 fnt\n|faint|p1a: \uc6d0\uc22d\uc774\n|\n|-weather|SunnyDay|[upkeep]\n|upkeep\n|\n|t:|1698699202\n|switch|p1a: \uc0ac\ud68c\ubd80\uc801\uc751\uc790|Swadloon, M|100\/100\n|turn|3\n|\n|t:|1698699206\n|move|p2a: Palkia|Ice Beam|p1a: \uc0ac\ud68c\ubd80\uc801\uc751\uc790\n|-supereffective|p1a: \uc0ac\ud68c\ubd80\uc801\uc751\uc790\n|-damage|p1a: \uc0ac\ud68c\ubd80\uc801\uc751\uc790|42\/100\n|move|p1a: \uc0ac\ud68c\ubd80\uc801\uc751\uc790|String Shot|p2a: Palkia\n|-unboost|p2a: Palkia|spe|2\n|\n|-weather|SunnyDay|[upkeep]\n|upkeep\n|turn|4\n|\n|t:|1698699214\n|move|p1a: \uc0ac\ud68c\ubd80\uc801\uc751\uc790|Sticky Web|p2a: Palkia\n|-sidestart|p2: baku2800|move: Sticky Web\n|move|p2a: Palkia|Ice Beam|p1a: \uc0ac\ud68c\ubd80\uc801\uc751\uc790\n|-supereffective|p1a: \uc0ac\ud68c\ubd80\uc801\uc751\uc790\n|-damage|p1a: \uc0ac\ud68c\ubd80\uc801\uc751\uc790|0 fnt\n|faint|p1a: \uc0ac\ud68c\ubd80\uc801\uc751\uc790\n|\n|-weather|SunnyDay|[upkeep]\n|upkeep\n|\n|t:|1698699222\n|switch|p1a: \ub808\uc9c0\uc5d0\ub808\ud0a4|Regidrago|100\/100\n|turn|5\n|\n|t:|1698699226\n|-terastallize|p1a: \ub808\uc9c0\uc5d0\ub808\ud0a4|Steel\n|move|p1a: \ub808\uc9c0\uc5d0\ub808\ud0a4|Dragon Energy|p2a: Palkia\n|-supereffective|p2a: Palkia\n|-damage|p2a: Palkia|0 fnt\n|faint|p2a: Palkia\n|\n|-weather|SunnyDay|[upkeep]\n|upkeep\n|\n|t:|1698699236\n|switch|p2a: Darkrai|Darkrai|100\/100\n|-damage|p2a: Darkrai|88\/100|[from] Stealth Rock\n|-activate|p2a: Darkrai|move: Sticky Web\n|-unboost|p2a: Darkrai|spe|1\n|turn|6\n|\n|t:|1698699243\n|move|p1a: \ub808\uc9c0\uc5d0\ub808\ud0a4|Dragon Energy|p2a: Darkrai\n|-damage|p2a: Darkrai|0 fnt\n|faint|p2a: Darkrai\n|\n|-weather|none\n|upkeep\n|\n|t:|1698699252\n|switch|p2a: Cresselia|Cresselia, F|100\/100\n|-damage|p2a: Cresselia|88\/100|[from] Stealth Rock\n|turn|7\n|\n|t:|1698699265\n|move|p1a: \ub808\uc9c0\uc5d0\ub808\ud0a4|Dragon Energy|p2a: Cresselia\n|-damage|p2a: Cresselia|25\/100\n|move|p2a: Cresselia|Future Sight|p1a: \ub808\uc9c0\uc5d0\ub808\ud0a4\n|-start|p2a: Cresselia|move: Future Sight\n|\n|upkeep\n|turn|8\n|\n|t:|1698699273\n|move|p1a: \ub808\uc9c0\uc5d0\ub808\ud0a4|Dragon Energy|p2a: Cresselia\n|-damage|p2a: Cresselia|0 fnt\n|faint|p2a: Cresselia\n|\n|upkeep\n|\n|t:|1698699277\n|switch|p2a: Giratina|Giratina-Origin|100\/100\n|-damage|p2a: Giratina|88\/100|[from] Stealth Rock\n|turn|9\n|\n|t:|1698699286\n|move|p1a: \ub808\uc9c0\uc5d0\ub808\ud0a4|Dragon Energy|p2a: Giratina\n|-supereffective|p2a: Giratina\n|-damage|p2a: Giratina|0 fnt\n|faint|p2a: Giratina\n|\n|-end|p1a: \ub808\uc9c0\uc5d0\ub808\ud0a4|move: Future Sight\n|-resisted|p1a: \ub808\uc9c0\uc5d0\ub808\ud0a4\n|-damage|p1a: \ub808\uc9c0\uc5d0\ub808\ud0a4|79\/100\n|upkeep\n|\n|t:|1698699289\n|switch|p2a: Dialga|Dialga-Origin, shiny|100\/100\n|-damage|p2a: Dialga|94\/100|[from] Stealth Rock\n|-activate|p2a: Dialga|move: Sticky Web\n|-unboost|p2a: Dialga|spe|1\n|-ability|p2a: Dialga|Pressure\n|turn|10\n|\n|t:|1698699308\n|-terastallize|p2a: Dialga|Steel\n|move|p1a: \ub808\uc9c0\uc5d0\ub808\ud0a4|Dragon Energy|p2a: Dialga\n|-resisted|p2a: Dialga\n|-damage|p2a: Dialga|61\/100\n|move|p2a: Dialga|Roar of Time|p1a: \ub808\uc9c0\uc5d0\ub808\ud0a4\n|-resisted|p1a: \ub808\uc9c0\uc5d0\ub808\ud0a4\n|-damage|p1a: \ub808\uc9c0\uc5d0\ub808\ud0a4|26\/100\n|-mustrecharge|p2a: Dialga\n|\n|upkeep\n|turn|11\n|\n|t:|1698699319\n|move|p1a: \ub808\uc9c0\uc5d0\ub808\ud0a4|Earth Power|p2a: Dialga\n|-supereffective|p2a: Dialga\n|-damage|p2a: Dialga|28\/100\n|cant|p2a: Dialga|recharge\n|\n|upkeep\n|turn|12\n|\n|t:|1698699327\n|move|p1a: \ub808\uc9c0\uc5d0\ub808\ud0a4|Earth Power|p2a: Dialga\n|-supereffective|p2a: Dialga\n|-damage|p2a: Dialga|0 fnt\n|faint|p2a: Dialga\n|\n|upkeep\n|\n|t:|1698699330\n|switch|p2a: Froslass|Froslass, F|100\/100\n|-damage|p2a: Froslass|76\/100|[from] Stealth Rock\n|-activate|p2a: Froslass|move: Sticky Web\n|-unboost|p2a: Froslass|spe|1\n|turn|13\n|\n|t:|1698699339\n|move|p1a: \ub808\uc9c0\uc5d0\ub808\ud0a4|Tera Blast|p2a: Froslass|[anim] Tera Blast Steel\n|-supereffective|p2a: Froslass\n|-damage|p2a: Froslass|0 fnt\n|faint|p2a: Froslass\n|\n|win|kfdhkkiy\n|raw|kfdhkkiy's rating: 1000 &rarr; <strong>1050<\/strong><br \/>(+50 for winning)\n|raw|baku2800's rating: 1090 &rarr; <strong>1061<\/strong><br \/>(-29 for losing)\n","uploadtime":1698699345,"views":12,"p1id":"kfdhkkiy","p2id":"baku2800","formatid":"gen9anythinggoes","rating":1050,"private":0,"password":""}