{"id":"gen9anythinggoes-1988375346","p1":"AmvieR","p2":"Sportaflops","format":"[Gen 9] Anything Goes","log":"|j|\u2606AmvieR\n|j|\u2606Sportaflops\n|t:|1699715749\n|gametype|singles\n|player|p1|AmvieR|caitlin|\n|player|p2|Sportaflops|bruno|\n|teamsize|p1|6\n|teamsize|p2|6\n|gen|9\n|tier|[Gen 9] Anything Goes\n|rule|HP Percentage Mod: HP is shown in percentages\n|rule|Endless Battle Clause: Forcing endless battles is banned\n|clearpoke\n|poke|p1|Ogerpon-Hearthflame, F|\n|poke|p1|Ninetales-Alola, M|\n|poke|p1|Iron Bundle|\n|poke|p1|Toxapex, M|\n|poke|p1|Jumpluff, F|\n|poke|p1|Lurantis, M|\n|poke|p2|Azelf|\n|poke|p2|Samurott-Hisui, F|\n|poke|p2|Gholdengo|\n|poke|p2|Arcanine, M|\n|poke|p2|Iron Hands|\n|poke|p2|Sudowoodo, M|\n|teampreview\n|c|\u2606AmvieR|hi streamers\n|j| TietAsnee\n|j| El Rey Primo\n|\n|t:|1699715786\n|start\n|switch|p1a: 1stBlckMnUThinkOf|Jumpluff, F|100\/100\n|switch|p2a: Azelf|Azelf|100\/100\n|turn|1\n|c|\u2606AmvieR|hey amviewers\n|c|\u2606AmvieR|welcome to todays stream\n|\n|t:|1699715796\n|move|p1a: 1stBlckMnUThinkOf|Tailwind|p1a: 1stBlckMnUThinkOf\n|-sidestart|p1: AmvieR|move: Tailwind\n|move|p2a: Azelf|Trick Room|p2a: Azelf\n|-fieldstart|move: Trick Room|[of] p2a: Azelf\n|\n|upkeep\n|turn|2\n|\n|t:|1699715810\n|move|p2a: Azelf|Explosion|p1a: 1stBlckMnUThinkOf\n|-enditem|p1a: 1stBlckMnUThinkOf|Focus Sash\n|-damage|p1a: 1stBlckMnUThinkOf|1\/100\n|faint|p2a: Azelf\n|move|p1a: 1stBlckMnUThinkOf|Encore|p2: Azelf|[notarget]\n|-fail|p1a: 1stBlckMnUThinkOf\n|\n|upkeep\n|\n|t:|1699715819\n|switch|p2a: Samurott|Samurott-Hisui, F, shiny|100\/100\n|turn|3\n|\n|t:|1699715832\n|move|p2a: Samurott|Ceaseless Edge|p1a: 1stBlckMnUThinkOf\n|-damage|p1a: 1stBlckMnUThinkOf|0 fnt\n|-sidestart|p1: AmvieR|Spikes\n|faint|p1a: 1stBlckMnUThinkOf\n|\n|upkeep\n|\n|t:|1699715843\n|switch|p1a: Chair|Lurantis, M, shiny|100\/100\n|-damage|p1a: Chair|88\/100|[from] Spikes\n|turn|4\n|\n|t:|1699715851\n|move|p1a: Chair|Leaf Storm|p2a: Samurott\n|-supereffective|p2a: Samurott\n|-crit|p2a: Samurott\n|-damage|p2a: Samurott|0 fnt\n|-boost|p1a: Chair|spa|2\n|faint|p2a: Samurott\n|\n|-heal|p1a: Chair|94\/100|[from] item: Leftovers\n|-sideend|p1: AmvieR|move: Tailwind\n|upkeep\n|\n|t:|1699715870\n|switch|p2a: Arcanine|Arcanine, M|100\/100\n|-ability|p2a: Arcanine|Intimidate|boost\n|-boost|p1a: Chair|atk|1\n|turn|5\n|\n|t:|1699715877\n|move|p1a: Chair|Superpower|p2a: Arcanine\n|-damage|p2a: Arcanine|35\/100\n|-boost|p1a: Chair|atk|1\n|-boost|p1a: Chair|def|1\n|move|p2a: Arcanine|Flare Blitz|p1a: Chair\n|-supereffective|p1a: Chair\n|-crit|p1a: Chair\n|-damage|p1a: Chair|0 fnt\n|faint|p1a: Chair\n|-damage|p2a: Arcanine|12\/100|[from] Recoil\n|\n|-heal|p2a: Arcanine|18\/100|[from] item: Leftovers\n|-fieldend|move: Trick Room\n|upkeep\n|\n|t:|1699715889\n|switch|p1a: Biting Shark|Toxapex, M|100\/100\n|-damage|p1a: Biting Shark|88\/100|[from] Spikes\n|turn|6\n|\n|t:|1699715913\n|switch|p2a: Kiryu w\/ cancer|Iron Hands, shiny|100\/100\n|move|p1a: Biting Shark|Liquidation|p2a: Kiryu w\/ cancer\n|-damage|p2a: Kiryu w\/ cancer|71\/100\n|\n|-heal|p2a: Kiryu w\/ cancer|77\/100|[from] item: Leftovers\n|upkeep\n|turn|7\n|\n|t:|1699715979\n|switch|p1a: Hannya Man|Ogerpon-Hearthflame, F|100\/100\n|-damage|p1a: Hannya Man|88\/100|[from] Spikes\n|-ability|p1a: Hannya Man|Mold Breaker\n|move|p2a: Kiryu w\/ cancer|Swords Dance|p2a: Kiryu w\/ cancer\n|-boost|p2a: Kiryu w\/ cancer|atk|2\n|\n|-heal|p2a: Kiryu w\/ cancer|83\/100|[from] item: Leftovers\n|upkeep\n|turn|8\n|\n|t:|1699716024\n|move|p1a: Hannya Man|Ivy Cudgel|p2a: Kiryu w\/ cancer\n|-damage|p2a: Kiryu w\/ cancer|48\/100\n|move|p2a: Kiryu w\/ cancer|Heavy Slam|p1a: Hannya Man\n|-resisted|p1a: Hannya Man\n|-damage|p1a: Hannya Man|24\/100\n|\n|-heal|p2a: Kiryu w\/ cancer|54\/100|[from] item: Leftovers\n|upkeep\n|turn|9\n|\n|t:|1699716035\n|move|p1a: Hannya Man|U-turn|p2a: Kiryu w\/ cancer\n|-resisted|p2a: Kiryu w\/ cancer\n|-damage|p2a: Kiryu w\/ cancer|46\/100\n|\n|t:|1699716040\n|switch|p1a: Biting Shark|Toxapex, M|88\/100|[from] U-turn\n|-damage|p1a: Biting Shark|76\/100|[from] Spikes\n|move|p2a: Kiryu w\/ cancer|Drain Punch|p1a: Biting Shark\n|-resisted|p1a: Biting Shark\n|-damage|p1a: Biting Shark|42\/100\n|-heal|p2a: Kiryu w\/ cancer|56\/100|[from] drain|[of] p1a: Biting Shark\n|\n|-heal|p2a: Kiryu w\/ cancer|62\/100|[from] item: Leftovers\n|upkeep\n|turn|10\n|\n|t:|1699716057\n|move|p1a: Biting Shark|Giga Impact|p2a: Kiryu w\/ cancer\n|-damage|p2a: Kiryu w\/ cancer|27\/100\n|-mustrecharge|p1a: Biting Shark\n|move|p2a: Kiryu w\/ cancer|Drain Punch|p1a: Biting Shark\n|-resisted|p1a: Biting Shark\n|-damage|p1a: Biting Shark|7\/100\n|-heal|p2a: Kiryu w\/ cancer|37\/100|[from] drain|[of] p1a: Biting Shark\n|\n|-heal|p2a: Kiryu w\/ cancer|43\/100|[from] item: Leftovers\n|upkeep\n|turn|11\n|\n|t:|1699716073\n|cant|p1a: Biting Shark|recharge\n|move|p2a: Kiryu w\/ cancer|Heavy Slam|p1a: Biting Shark\n|-resisted|p1a: Biting Shark\n|-damage|p1a: Biting Shark|0 fnt\n|faint|p1a: Biting Shark\n|\n|-heal|p2a: Kiryu w\/ cancer|49\/100|[from] item: Leftovers\n|upkeep\n|\n|t:|1699716081\n|switch|p1a: Ukiyo|Ninetales-Alola, M, shiny|100\/100\n|-damage|p1a: Ukiyo|88\/100|[from] Spikes\n|-weather|Snow|[from] ability: Snow Warning|[of] p1a: Ukiyo\n|turn|12\n|\n|t:|1699716087\n|move|p1a: Ukiyo|Aurora Veil|p1a: Ukiyo\n|-sidestart|p1: AmvieR|move: Aurora Veil\n|move|p2a: Kiryu w\/ cancer|Heavy Slam|p1a: Ukiyo\n|-supereffective|p1a: Ukiyo\n|-damage|p1a: Ukiyo|0 fnt\n|faint|p1a: Ukiyo\n|\n|-weather|Snow|[upkeep]\n|-heal|p2a: Kiryu w\/ cancer|55\/100|[from] item: Leftovers\n|upkeep\n|\n|t:|1699716091\n|switch|p1a: Happy Feet|Iron Bundle|100\/100\n|-damage|p1a: Happy Feet|88\/100|[from] Spikes\n|turn|13\n|\n|t:|1699716105\n|move|p1a: Happy Feet|Freeze-Dry|p2a: Kiryu w\/ cancer\n|-damage|p2a: Kiryu w\/ cancer|12\/100\n|-damage|p1a: Happy Feet|78\/100|[from] item: Life Orb\n|move|p2a: Kiryu w\/ cancer|Wild Charge|p1a: Happy Feet\n|-supereffective|p1a: Happy Feet\n|-crit|p1a: Happy Feet\n|-damage|p1a: Happy Feet|0 fnt\n|faint|p1a: Happy Feet\n|-end|p1a: Happy Feet|Quark Drive|[silent]\n|-damage|p2a: Kiryu w\/ cancer|2\/100|[from] Recoil\n|\n|-weather|Snow|[upkeep]\n|-heal|p2a: Kiryu w\/ cancer|8\/100|[from] item: Leftovers\n|upkeep\n|\n|t:|1699716110\n|switch|p1a: Hannya Man|Ogerpon-Hearthflame, F|24\/100\n|-damage|p1a: Hannya Man|11\/100|[from] Spikes\n|-ability|p1a: Hannya Man|Mold Breaker\n|turn|14\n|\n|t:|1699716128\n|move|p1a: Hannya Man|Trailblaze|p2a: Kiryu w\/ cancer\n|-damage|p2a: Kiryu w\/ cancer|0 fnt\n|-boost|p1a: Hannya Man|spe|1\n|faint|p2a: Kiryu w\/ cancer\n|-end|p2a: Kiryu w\/ cancer|Quark Drive|[silent]\n|\n|-weather|Snow|[upkeep]\n|upkeep\n|\n|t:|1699716137\n|switch|p2a: Arcanine|Arcanine, M|18\/100\n|-ability|p2a: Arcanine|Intimidate|boost\n|-unboost|p1a: Hannya Man|atk|1\n|turn|15\n|\n|t:|1699716142\n|move|p2a: Arcanine|Extreme Speed|p1a: Hannya Man\n|-damage|p1a: Hannya Man|0 fnt\n|faint|p1a: Hannya Man\n|\n|win|Sportaflops\n","uploadtime":1699716153,"views":7,"p1id":"amvier","p2id":"sportaflops","formatid":"gen9anythinggoes","rating":0,"private":0,"password":""}