{"id":"gen9anythinggoes-1973243935","p1":"XChuckle762","p2":"BillTheThrill42","format":"[Gen 9] Anything Goes","log":"|j|\u2606XChuckle762\n|j|\u2606BillTheThrill42\n|t:|1697943635\n|gametype|singles\n|player|p1|XChuckle762|koga|\n|player|p2|BillTheThrill42|red|\n|teamsize|p1|6\n|teamsize|p2|6\n|gen|9\n|tier|[Gen 9] Anything Goes\n|rule|HP Percentage Mod: HP is shown in percentages\n|rule|Endless Battle Clause: Forcing endless battles is banned\n|clearpoke\n|poke|p1|Roaring Moon|\n|poke|p1|Goodra-Hisui, F|\n|poke|p1|Zangoose, M|\n|poke|p1|Gardevoir, F|\n|poke|p1|Dragonite, M|\n|poke|p1|Sneasler, F|\n|poke|p2|Iron Valiant|\n|poke|p2|Palafin, M|\n|poke|p2|Pelipper, F|\n|poke|p2|Overqwil, M|\n|poke|p2|Donphan, M|\n|poke|p2|Noivern, M|\n|teampreview\n|inactive|Battle timer is ON: inactive players will automatically lose when time's up. (requested by XChuckle762)\n|inactiveoff|Battle timer is now OFF.\n|\n|t:|1697943667\n|start\n|switch|p1a: Zangoose|Zangoose, M, shiny|100\/100\n|switch|p2a: Delfender|Palafin, M|100\/100\n|turn|1\n|\n|t:|1697943679\n|move|p1a: Zangoose|Substitute|p1a: Zangoose\n|-start|p1a: Zangoose|Substitute\n|-damage|p1a: Zangoose|75\/100\n|move|p2a: Delfender|Drain Punch|p1a: Zangoose\n|-supereffective|p1a: Zangoose\n|-end|p1a: Zangoose|Substitute\n|\n|upkeep\n|turn|2\n|\n|t:|1697943690\n|move|p1a: Zangoose|Belly Drum|p1a: Zangoose\n|-damage|p1a: Zangoose|25\/100\n|-setboost|p1a: Zangoose|atk|6|[from] move: Belly Drum\n|-enditem|p1a: Zangoose|Sitrus Berry|[eat]\n|-heal|p1a: Zangoose|50\/100|[from] item: Sitrus Berry\n|move|p2a: Delfender|Drain Punch|p1a: Zangoose\n|-supereffective|p1a: Zangoose\n|-damage|p1a: Zangoose|0 fnt\n|faint|p1a: Zangoose\n|\n|upkeep\n|\n|t:|1697943710\n|switch|p1a: Gardevoir|Gardevoir, F|100\/100\n|turn|3\n|\n|t:|1697943716\n|detailschange|p2a: Delfender|Palafin-Hero, M\n|switch|p2a: Phyllis|Pelipper, F|100\/100\n|-weather|RainDance|[from] ability: Drizzle|[of] p1a: Gardevoir\n|-ability|p1a: Gardevoir|Drizzle|[from] ability: Trace|[of] p2a: Phyllis\n|move|p1a: Gardevoir|Trick|p2a: Phyllis\n|-activate|p1a: Gardevoir|move: Trick|[of] p2a: Phyllis\n|-item|p2a: Phyllis|Choice Scarf|[from] move: Trick\n|-item|p1a: Gardevoir|Damp Rock|[from] move: Trick\n|\n|-weather|RainDance|[upkeep]\n|upkeep\n|turn|4\n|\n|t:|1697943730\n|move|p1a: Gardevoir|Moonblast|p2a: Phyllis\n|-damage|p2a: Phyllis|35\/100\n|move|p2a: Phyllis|U-turn|p1a: Gardevoir\n|-damage|p1a: Gardevoir|86\/100\n|\n|t:|1697943735\n|switch|p2a: Hetrz|Overqwil, M|100\/100|[from] U-turn\n|\n|-weather|RainDance|[upkeep]\n|upkeep\n|turn|5\n|\n|t:|1697943740\n|switch|p1a: Dragonite|Dragonite, M|100\/100\n|move|p2a: Hetrz|Gunk Shot|p1a: Dragonite\n|-damage|p1a: Dragonite|51\/100\n|-damage|p2a: Hetrz|91\/100|[from] item: Life Orb\n|\n|-weather|RainDance|[upkeep]\n|upkeep\n|turn|6\n|\n|t:|1697943749\n|move|p1a: Dragonite|Extreme Speed|p2a: Hetrz\n|-damage|p2a: Hetrz|36\/100\n|move|p2a: Hetrz|Crunch|p1a: Dragonite\n|-damage|p1a: Dragonite|0 fnt\n|faint|p1a: Dragonite\n|-damage|p2a: Hetrz|26\/100|[from] item: Life Orb\n|\n|-weather|RainDance|[upkeep]\n|upkeep\n|\n|t:|1697943769\n|switch|p1a: Sneasler|Sneasler, F|100\/100\n|turn|7\n|\n|t:|1697943776\n|move|p2a: Hetrz|Waterfall|p1a: Sneasler\n|-damage|p1a: Sneasler|10\/100\n|-damage|p2a: Hetrz|16\/100|[from] item: Life Orb\n|move|p1a: Sneasler|Swords Dance|p1a: Sneasler\n|-boost|p1a: Sneasler|atk|2\n|\n|-weather|none\n|upkeep\n|turn|8\n|\n|t:|1697943784\n|move|p2a: Hetrz|Aqua Jet|p1a: Sneasler\n|-damage|p1a: Sneasler|0 fnt\n|faint|p1a: Sneasler\n|-damage|p2a: Hetrz|6\/100|[from] item: Life Orb\n|\n|upkeep\n|\n|t:|1697943790\n|switch|p1a: Roaring Moon|Roaring Moon|100\/100\n|-enditem|p1a: Roaring Moon|Booster Energy\n|-activate|p1a: Roaring Moon|ability: Protosynthesis|[fromitem]\n|-start|p1a: Roaring Moon|protosynthesisatk\n|turn|9\n|\n|t:|1697943798\n|move|p1a: Roaring Moon|Dragon Dance|p1a: Roaring Moon\n|-boost|p1a: Roaring Moon|atk|1\n|-boost|p1a: Roaring Moon|spe|1\n|move|p2a: Hetrz|Gunk Shot|p1a: Roaring Moon|[miss]\n|-miss|p2a: Hetrz|p1a: Roaring Moon\n|\n|upkeep\n|turn|10\n|\n|t:|1697943815\n|move|p1a: Roaring Moon|Acrobatics|p2a: Hetrz\n|-damage|p2a: Hetrz|0 fnt\n|faint|p2a: Hetrz\n|\n|upkeep\n|\n|t:|1697943843\n|switch|p2a: Delfender|Palafin-Hero, M|100\/100\n|-activate|p2a: Delfender|ability: Zero to Hero\n|turn|11\n|\n|t:|1697943847\n|move|p1a: Roaring Moon|Crunch|p2a: Delfender\n|-damage|p2a: Delfender|13\/100\n|move|p2a: Delfender|Drain Punch|p1a: Roaring Moon\n|-supereffective|p1a: Roaring Moon\n|-damage|p1a: Roaring Moon|16\/100\n|-heal|p2a: Delfender|50\/100|[from] drain|[of] p1a: Roaring Moon\n|\n|upkeep\n|turn|12\n|\n|t:|1697943854\n|move|p2a: Delfender|Jet Punch|p1a: Roaring Moon\n|-resisted|p1a: Roaring Moon\n|-damage|p1a: Roaring Moon|0 fnt\n|faint|p1a: Roaring Moon\n|-end|p1a: Roaring Moon|Protosynthesis|[silent]\n|\n|upkeep\n|\n|t:|1697943856\n|switch|p1a: Gardevoir|Gardevoir, F|86\/100\n|turn|13\n|\n|t:|1697943860\n|move|p2a: Delfender|Jet Punch|p1a: Gardevoir\n|-damage|p1a: Gardevoir|12\/100\n|move|p1a: Gardevoir|Moonblast|p2a: Delfender\n|-damage|p2a: Delfender|7\/100\n|\n|upkeep\n|turn|14\n|\n|t:|1697943869\n|move|p2a: Delfender|Jet Punch|p1a: Gardevoir\n|-damage|p1a: Gardevoir|0 fnt\n|faint|p1a: Gardevoir\n|\n|upkeep\n|\n|t:|1697943870\n|switch|p1a: Goodra|Goodra-Hisui, F|100\/100\n|turn|15\n|\n|t:|1697943876\n|move|p2a: Delfender|Drain Punch|p1a: Goodra\n|-supereffective|p1a: Goodra\n|-damage|p1a: Goodra|42\/100\n|-heal|p2a: Delfender|33\/100|[from] drain|[of] p1a: Goodra\n|move|p1a: Goodra|Thunderbolt|p2a: Delfender\n|-supereffective|p2a: Delfender\n|-damage|p2a: Delfender|0 fnt\n|faint|p2a: Delfender\n|\n|upkeep\n|\n|t:|1697943885\n|switch|p2a: Fiora|Iron Valiant, shiny|100\/100\n|-enditem|p2a: Fiora|Booster Energy\n|-activate|p2a: Fiora|ability: Quark Drive|[fromitem]\n|-start|p2a: Fiora|quarkdrivespe\n|turn|16\n|\n|t:|1697943890\n|move|p2a: Fiora|Close Combat|p1a: Goodra\n|-supereffective|p1a: Goodra\n|-damage|p1a: Goodra|0 fnt\n|-unboost|p2a: Fiora|def|1\n|-unboost|p2a: Fiora|spd|1\n|-ability|p1a: Goodra|Gooey\n|-unboost|p2a: Fiora|spe|1\n|faint|p1a: Goodra\n|\n|win|BillTheThrill42\n|l|\u2606XChuckle762\n|c|\u2606BillTheThrill42|gg\n","uploadtime":1697943904,"views":9,"p1id":"xchuckle762","p2id":"billthethrill42","formatid":"gen9anythinggoes","rating":0,"private":0,"password":""}