{"id":"gen9anythinggoes-1972805022","p1":"jun\u5e73\u5b89xianshen","p2":"Hyperbeam Boys","format":"[Gen 9] Anything Goes","log":"|j|\u2606jun\u5e73\u5b89xianshen\n|j|\u2606Hyperbeam Boys\n|t:|1697897238\n|gametype|singles\n|player|p1|jun\u5e73\u5b89xianshen|burglar|1660\n|player|p2|Hyperbeam Boys|1|1644\n|teamsize|p1|6\n|teamsize|p2|6\n|gen|9\n|tier|[Gen 9] Anything Goes\n|rated|\n|rule|HP Percentage Mod: HP is shown in percentages\n|rule|Endless Battle Clause: Forcing endless battles is banned\n|clearpoke\n|poke|p1|Grimmsnarl, M|\n|poke|p1|Koraidon|\n|poke|p1|Arceus-Ground|\n|poke|p1|Arceus|\n|poke|p1|Calyrex-Shadow|\n|poke|p1|Eternatus|\n|poke|p2|Arceus-Water|\n|poke|p2|Arceus-Fairy|\n|poke|p2|Arceus-Poison|\n|poke|p2|Arceus-Ground|\n|poke|p2|Arceus|\n|poke|p2|Arceus-Dark|\n|teampreview\n|inactive|Battle timer is ON: inactive players will automatically lose when time's up. (requested by jun\u5e73\u5b89xianshen)\n|\n|t:|1697897259\n|start\n|switch|p1a: Grimmsnarl|Grimmsnarl, M|100\/100\n|switch|p2a: Arceus|Arceus, shiny|100\/100\n|turn|1\n|\n|t:|1697897265\n|move|p2a: Arceus|Extreme Speed|p1a: Grimmsnarl\n|-damage|p1a: Grimmsnarl|36\/100\n|move|p1a: Grimmsnarl|Taunt|p2a: Arceus\n|-start|p2a: Arceus|move: Taunt\n|\n|upkeep\n|turn|2\n|\n|t:|1697897271\n|move|p2a: Arceus|Extreme Speed|p1a: Grimmsnarl\n|-crit|p1a: Grimmsnarl\n|-damage|p1a: Grimmsnarl|0 fnt\n|faint|p1a: Grimmsnarl\n|\n|upkeep\n|\n|t:|1697897289\n|switch|p1a: Calyrex|Calyrex-Shadow|100\/100\n|-ability|p1a: Calyrex|As One\n|-ability|p1a: Calyrex|Unnerve\n|turn|3\n|\n|t:|1697897294\n|move|p1a: Calyrex|Nasty Plot|p1a: Calyrex\n|-boost|p1a: Calyrex|spa|2\n|move|p2a: Arceus|Shadow Claw|p1a: Calyrex\n|-supereffective|p1a: Calyrex\n|-enditem|p1a: Calyrex|Focus Sash\n|-damage|p1a: Calyrex|1\/100\n|\n|upkeep\n|turn|4\n|\n|t:|1697897301\n|move|p1a: Calyrex|Baton Pass|p1a: Calyrex\n|\n|t:|1697897303\n|switch|p1a: Eternatus|Eternatus|100\/100|[from] Baton Pass\n|-ability|p1a: Eternatus|Pressure\n|move|p2a: Arceus|Shadow Claw|p1a: Eternatus\n|-damage|p1a: Eternatus|79\/100\n|\n|-end|p2a: Arceus|move: Taunt\n|upkeep\n|turn|5\n|\n|t:|1697897322\n|move|p1a: Eternatus|Dynamax Cannon|p2a: Arceus\n|-damage|p2a: Arceus|12\/100\n|move|p2a: Arceus|Swords Dance|p2a: Arceus\n|-boost|p2a: Arceus|atk|2\n|\n|upkeep\n|turn|6\n|\n|t:|1697897329\n|-terastallize|p1a: Eternatus|Ghost\n|move|p2a: Arceus|Extreme Speed|p1a: Eternatus\n|-immune|p1a: Eternatus\n|move|p1a: Eternatus|Agility|p1a: Eternatus\n|-boost|p1a: Eternatus|spe|2\n|\n|upkeep\n|turn|7\n|\n|t:|1697897338\n|move|p1a: Eternatus|Dynamax Cannon|p2a: Arceus\n|-damage|p2a: Arceus|0 fnt\n|faint|p2a: Arceus\n|\n|upkeep\n|\n|t:|1697897341\n|switch|p2a: Arceus|Arceus-Fairy, shiny|100\/100\n|turn|8\n|\n|t:|1697897348\n|move|p1a: Eternatus|Sludge Bomb|p2a: Arceus\n|-supereffective|p2a: Arceus\n|-damage|p2a: Arceus|0 fnt\n|faint|p2a: Arceus\n|\n|upkeep\n|\n|t:|1697897352\n|switch|p2a: Arceus|Arceus-Water, shiny|100\/100\n|turn|9\n|\n|t:|1697897356\n|move|p1a: Eternatus|Dynamax Cannon|p2a: Arceus\n|-crit|p2a: Arceus\n|-damage|p2a: Arceus|0 fnt\n|faint|p2a: Arceus\n|\n|upkeep\n|\n|t:|1697897361\n|switch|p2a: Arceus|Arceus-Poison, shiny|100\/100\n|turn|10\n|\n|t:|1697897368\n|move|p1a: Eternatus|Dynamax Cannon|p2a: Arceus\n|-damage|p2a: Arceus|0 fnt\n|faint|p2a: Arceus\n|\n|upkeep\n|\n|t:|1697897370\n|switch|p2a: Arceus|Arceus-Ground|100\/100\n|turn|11\n|\n|t:|1697897376\n|move|p1a: Eternatus|Dynamax Cannon|p2a: Arceus\n|-damage|p2a: Arceus|0 fnt\n|faint|p2a: Arceus\n|\n|upkeep\n|\n|t:|1697897378\n|switch|p2a: Arceus|Arceus-Dark|100\/100\n|turn|12\n|\n|t:|1697897382\n|move|p1a: Eternatus|Dynamax Cannon|p2a: Arceus\n|-damage|p2a: Arceus|17\/100\n|move|p2a: Arceus|Judgment|p1a: Eternatus\n|-supereffective|p1a: Eternatus\n|-damage|p1a: Eternatus|3\/100\n|\n|upkeep\n|turn|13\n|\n|t:|1697897394\n|move|p1a: Eternatus|Dynamax Cannon|p2a: Arceus\n|-damage|p2a: Arceus|0 fnt\n|faint|p2a: Arceus\n|\n|win|jun\u5e73\u5b89xianshen\n|raw|jun\u5e73\u5b89xianshen's rating: 1660 &rarr; <strong>1679<\/strong><br \/>(+19 for winning)\n|raw|Hyperbeam Boys's rating: 1644 &rarr; <strong>1625<\/strong><br \/>(-19 for losing)\n","uploadtime":1697897403,"views":13,"p1id":"junxianshen","p2id":"hyperbeamboys","formatid":"gen9anythinggoes","rating":1625,"private":0,"password":""}