{"id":"gen9anythinggoes-1990095342","p1":"Smurfcatrocks","p2":"Ghostclefable","format":"[Gen 9] Anything Goes","log":"|j|\u2606Smurfcatrocks\n|j|\u2606Ghostclefable\n|t:|1699924017\n|gametype|singles\n|player|p1|Smurfcatrocks|n|1027\n|player|p2|Ghostclefable|1|1051\n|teamsize|p1|6\n|teamsize|p2|6\n|gen|9\n|tier|[Gen 9] Anything Goes\n|rated|\n|rule|HP Percentage Mod: HP is shown in percentages\n|rule|Endless Battle Clause: Forcing endless battles is banned\n|clearpoke\n|poke|p1|Lilligant-Hisui, F|\n|poke|p1|Scream Tail|\n|poke|p1|Kyogre|\n|poke|p1|Typhlosion, M|\n|poke|p1|Gliscor, F|\n|poke|p1|Noivern, F|\n|poke|p2|Gengar, M|\n|poke|p2|Vulpix, M|\n|poke|p2|Espeon, M|\n|poke|p2|Clefable, M|\n|poke|p2|Annihilape, M|\n|poke|p2|Umbreon, M|\n|teampreview\n|\n|t:|1699924025\n|start\n|switch|p1a: Gliscor|Gliscor, F, shiny|100\/100\n|switch|p2a: Vulpix|Vulpix, M|100\/100\n|turn|1\n|\n|t:|1699924033\n|move|p1a: Gliscor|Agility|p1a: Gliscor\n|-boost|p1a: Gliscor|spe|2\n|move|p2a: Vulpix|Fire Blast|p1a: Gliscor|[miss]\n|-miss|p2a: Vulpix|p1a: Gliscor\n|\n|-status|p1a: Gliscor|tox|[from] item: Toxic Orb\n|upkeep\n|turn|2\n|\n|t:|1699924045\n|move|p1a: Gliscor|Earthquake|p2a: Vulpix\n|-supereffective|p2a: Vulpix\n|-damage|p2a: Vulpix|0 fnt\n|faint|p2a: Vulpix\n|\n|upkeep\n|\n|t:|1699924054\n|switch|p2a: Clefable|Clefable, M|100\/100\n|turn|3\n|\n|t:|1699924064\n|move|p1a: Gliscor|Baton Pass|p1a: Gliscor\n|\n|t:|1699924065\n|switch|p1a: Scream Tail|Scream Tail|100\/100|[from] Baton Pass\n|move|p2a: Clefable|Metronome|p2a: Clefable\n|move|p2a: Clefable|Fairy Wind|p1a: Scream Tail|[from]move: Metronome\n|-damage|p1a: Scream Tail|92\/100\n|\n|upkeep\n|turn|4\n|\n|t:|1699924076\n|move|p1a: Scream Tail|Calm Mind|p1a: Scream Tail\n|-boost|p1a: Scream Tail|spa|1\n|-boost|p1a: Scream Tail|spd|1\n|move|p2a: Clefable|Metronome|p2a: Clefable\n|move|p2a: Clefable|Swagger|p1a: Scream Tail|[from]move: Metronome\n|-boost|p1a: Scream Tail|atk|2\n|-start|p1a: Scream Tail|confusion\n|\n|upkeep\n|turn|5\n|\n|t:|1699924088\n|-activate|p1a: Scream Tail|confusion\n|move|p1a: Scream Tail|Sunny Day|p1a: Scream Tail\n|-weather|SunnyDay\n|-activate|p1a: Scream Tail|ability: Protosynthesis\n|-start|p1a: Scream Tail|protosynthesisspe\n|move|p2a: Clefable|Meteor Mash|p1a: Scream Tail\n|-supereffective|p1a: Scream Tail\n|-damage|p1a: Scream Tail|68\/100\n|\n|-weather|SunnyDay|[upkeep]\n|upkeep\n|turn|6\n|\n|t:|1699924097\n|-end|p1a: Scream Tail|confusion\n|move|p1a: Scream Tail|Calm Mind|p1a: Scream Tail\n|-boost|p1a: Scream Tail|spa|1\n|-boost|p1a: Scream Tail|spd|1\n|move|p2a: Clefable|Meteor Mash|p1a: Scream Tail\n|-supereffective|p1a: Scream Tail\n|-damage|p1a: Scream Tail|43\/100\n|\n|-weather|SunnyDay|[upkeep]\n|upkeep\n|turn|7\n|\n|t:|1699924108\n|move|p1a: Scream Tail|Baton Pass|p1a: Scream Tail\n|\n|t:|1699924116\n|-end|p1a: Scream Tail|Protosynthesis|[silent]\n|switch|p1a: Typhlosion|Typhlosion, M, shiny|100\/100|[from] Baton Pass\n|move|p2a: Clefable|Meteor Mash|p1a: Typhlosion\n|-resisted|p1a: Typhlosion\n|-damage|p1a: Typhlosion|82\/100\n|-boost|p2a: Clefable|atk|1\n|\n|-weather|SunnyDay|[upkeep]\n|upkeep\n|turn|8\n|\n|t:|1699924128\n|move|p1a: Typhlosion|Flamethrower|p2a: Clefable\n|-damage|p2a: Clefable|0 fnt\n|faint|p2a: Clefable\n|\n|-weather|SunnyDay|[upkeep]\n|upkeep\n|\n|t:|1699924139\n|switch|p2a: Espeon|Espeon, M|100\/100\n|turn|9\n|\n|t:|1699924145\n|move|p1a: Typhlosion|Flamethrower|p2a: Espeon\n|-crit|p2a: Espeon\n|-damage|p2a: Espeon|0 fnt\n|faint|p2a: Espeon\n|\n|-weather|none\n|upkeep\n|\n|t:|1699924153\n|switch|p2a: Umbreon|Umbreon, M|100\/100\n|turn|10\n|\n|t:|1699924159\n|move|p1a: Typhlosion|Flamethrower|p2a: Umbreon\n|-damage|p2a: Umbreon|55\/100\n|move|p2a: Umbreon|Double-Edge|p1a: Typhlosion\n|-damage|p1a: Typhlosion|53\/100\n|-damage|p2a: Umbreon|48\/100|[from] Recoil\n|\n|upkeep\n|turn|11\n|\n|t:|1699924168\n|move|p1a: Typhlosion|Flamethrower|p2a: Umbreon\n|-damage|p2a: Umbreon|8\/100\n|move|p2a: Umbreon|Double-Edge|p1a: Typhlosion\n|-damage|p1a: Typhlosion|20\/100\n|-enditem|p1a: Typhlosion|Aguav Berry|[eat]\n|-heal|p1a: Typhlosion|53\/100|[from] item: Aguav Berry\n|-damage|p2a: Umbreon|0 fnt|[from] Recoil\n|faint|p2a: Umbreon\n|\n|upkeep\n|l|\u2606Ghostclefable\n|player|p2|\n|inactive|Battle timer is ON: inactive players will automatically lose when time's up. (requested by Smurfcatrocks)\n|inactive|Ghostclefable has 30 seconds to reconnect!\n|inactive|Ghostclefable has 20 seconds to reconnect!\n|inactive|Ghostclefable has 15 seconds to reconnect!\n|inactive|Ghostclefable has 10 seconds to reconnect!\n|inactive|Ghostclefable has 5 seconds to reconnect!\n|-message|Ghostclefable lost due to inactivity.\n|\n|win|Smurfcatrocks\n|raw|Smurfcatrocks's rating: 1027 &rarr; <strong>1065<\/strong><br \/>(+38 for winning)\n|raw|Ghostclefable's rating: 1051 &rarr; <strong>1032<\/strong><br \/>(-19 for losing)\n","uploadtime":1699924264,"views":4,"p1id":"smurfcatrocks","p2id":"ghostclefable","formatid":"gen9anythinggoes","rating":1032,"private":0,"password":""}