{"id":"gen9anythinggoes-1992772124","p1":"Alpha1013","p2":"B14z6","format":"[Gen 9] Anything Goes","log":"|j|\u2606Alpha1013\n|j|\u2606B14z6\n|inactive|Battle timer is ON: inactive players will automatically lose when time's up.\n|t:|1700234084\n|gametype|singles\n|player|p1|Alpha1013|#hpliiiruiners|\n|player|p2|B14z6|169|\n|teamsize|p1|6\n|teamsize|p2|6\n|gen|9\n|tier|[Gen 9] Anything Goes\n|rated|Tournament battle\n|rule|HP Percentage Mod: HP is shown in percentages\n|rule|Endless Battle Clause: Forcing endless battles is banned\n|clearpoke\n|poke|p1|Ribombee, M|\n|poke|p1|Zacian-*|\n|poke|p1|Koraidon|\n|poke|p1|Arceus-Ground|\n|poke|p1|Calyrex-Shadow|\n|poke|p1|Arceus|\n|poke|p2|Calyrex-Shadow|\n|poke|p2|Arceus|\n|poke|p2|Ditto|\n|poke|p2|Zacian-*|\n|poke|p2|Ogerpon-Hearthflame, F|\n|poke|p2|Ursaluna-Bloodmoon, M|\n|teampreview\n|j|*Lady Monita \u2746\n|j| BB-8-NU\n|j| Arcanine Numbers\n|j| emantkd\n|j| drop 6 nukers\n|\n|t:|1700234089\n|start\n|switch|p1a: Ribombee|Ribombee, M|100\/100\n|switch|p2a: Ditto|Ditto|100\/100\n|-transform|p2a: Ditto|p1a: Ribombee|[from] ability: Imposter\n|turn|1\n|j| PS2 Koichi\n|c| drop 6 nukers|finals\n|\n|t:|1700234098\n|move|p2a: Ditto|Sticky Web|p1a: Ribombee\n|-sidestart|p1: Alpha1013|move: Sticky Web\n|move|p1a: Ribombee|Stun Spore|p2a: Ditto|[miss]\n|-miss|p1a: Ribombee|p2a: Ditto\n|\n|upkeep\n|turn|2\n|c|\u2606Alpha1013|Gg\n|c| drop 6 nukers|what\n|\n|t:|1700234109\n|switch|p2a: Ogerpon|Ogerpon-Hearthflame, F|100\/100\n|-ability|p2a: Ogerpon|Mold Breaker\n|move|p1a: Ribombee|Stun Spore|p2a: Ogerpon\n|-immune|p2a: Ogerpon\n|\n|upkeep\n|turn|3\n|j| ghostistheman\n|\n|t:|1700234117\n|move|p1a: Ribombee|Sticky Web|p2a: Ogerpon\n|-sidestart|p2: B14z6|move: Sticky Web\n|move|p2a: Ogerpon|Ivy Cudgel|p1a: Ribombee|[anim] Ivy Cudgel Fire\n|-supereffective|p1a: Ribombee\n|-enditem|p1a: Ribombee|Focus Sash\n|-damage|p1a: Ribombee|1\/100\n|\n|upkeep\n|turn|4\n|c|\u2606Alpha1013|jk tho it sucks\n|\n|t:|1700234131\n|move|p1a: Ribombee|Moonblast|p2a: Ogerpon\n|-resisted|p2a: Ogerpon\n|-damage|p2a: Ogerpon|82\/100\n|move|p2a: Ogerpon|Ivy Cudgel|p1a: Ribombee|[anim] Ivy Cudgel Fire\n|-supereffective|p1a: Ribombee\n|-damage|p1a: Ribombee|0 fnt\n|faint|p1a: Ribombee\n|\n|upkeep\n|c|\u2606Alpha1013|Bcoz it was a ditto\n|\n|t:|1700234144\n|switch|p1a: Koraidon|Koraidon|100\/100\n|-activate|p1a: Koraidon|move: Sticky Web\n|-unboost|p1a: Koraidon|spe|1\n|-weather|SunnyDay|[from] ability: Orichalcum Pulse|[of] p1a: Koraidon\n|-activate|p1a: Koraidon|Orichalcum Pulse|[source]\n|turn|5\n|c| drop 6 nukers|damn they actually designed ivy cudgel and tera blast\n|\n|t:|1700234152\n|move|p2a: Ogerpon|Ivy Cudgel|p1a: Koraidon|[anim] Ivy Cudgel Fire\n|-resisted|p1a: Koraidon\n|-damage|p1a: Koraidon|61\/100\n|move|p1a: Koraidon|Swords Dance|p1a: Koraidon\n|-boost|p1a: Koraidon|atk|2\n|\n|-weather|SunnyDay|[upkeep]\n|upkeep\n|turn|6\n|c| drop 6 nukers|W\n|\n|t:|1700234165\n|move|p2a: Ogerpon|Superpower|p1a: Koraidon\n|-damage|p1a: Koraidon|21\/100\n|-unboost|p2a: Ogerpon|atk|1\n|-unboost|p2a: Ogerpon|def|1\n|move|p1a: Koraidon|Scale Shot|p2a: Ogerpon\n|-damage|p2a: Ogerpon|8\/100\n|-damage|p2a: Ogerpon|0 fnt\n|faint|p2a: Ogerpon\n|-hitcount|p2: Ogerpon|2\n|-unboost|p1a: Koraidon|def|1\n|-boost|p1a: Koraidon|spe|1\n|\n|-weather|SunnyDay|[upkeep]\n|upkeep\n|\n|t:|1700234184\n|switch|p2a: Ditto|Ditto|100\/100\n|-activate|p2a: Ditto|move: Sticky Web\n|-unboost|p2a: Ditto|spe|1\n|-transform|p2a: Ditto|p1a: Koraidon|[from] ability: Imposter\n|-activate|p2a: Ditto|ability: Orichalcum Pulse\n|turn|7\n|\n|t:|1700234198\n|move|p2a: Ditto|Flare Blitz|p1a: Koraidon\n|-resisted|p1a: Koraidon\n|-damage|p1a: Koraidon|0 fnt\n|faint|p1a: Koraidon\n|-damage|p2a: Ditto|93\/100|[from] Recoil\n|\n|-weather|SunnyDay|[upkeep]\n|upkeep\n|j| Future king of ou\n|\n|t:|1700234210\n|switch|p1a: Calyrex|Calyrex-Shadow|100\/100\n|-ability|p1a: Calyrex|As One\n|-ability|p1a: Calyrex|Unnerve\n|-activate|p1a: Calyrex|move: Sticky Web\n|-unboost|p1a: Calyrex|spe|1\n|turn|8\n|c| Future king of ou|This should be me\n|c| Future king of ou|Without the freeze\n|c| ghostistheman|lol\n|\n|t:|1700234218\n|move|p2a: Ditto|Flare Blitz|p1a: Calyrex\n|-damage|p1a: Calyrex|0 fnt\n|faint|p1a: Calyrex\n|-damage|p2a: Ditto|55\/100|[from] Recoil\n|\n|-weather|SunnyDay|[upkeep]\n|upkeep\n|c|\u2606Alpha1013|Well u got the rev enge\n|c| ghostistheman|Ditto putting in that work\n|c|\u2606Alpha1013|I missed t1\n|c|\u2606Alpha1013|It would be joever without that\n|c|\u2606Alpha1013|Whatever this game fucking sucks\n|-message|Alpha1013 forfeited.\n|\n|win|B14z6\n|n|\u2606Alpha1013|alpha1013\n|n|\u2606B14z6|b14z6\n|n|*Lady Monita \u2746|ladymonita\n|n| BB-8-NU|bb8nu\n|n| Arcanine Numbers|arcaninenumbers\n|n| emantkd|emantkd\n|n| drop 6 nukers|drop6nukers\n|n| PS2 Koichi|ps2koichi\n|n| ghostistheman|ghostistheman\n|n| Future king of ou|futurekingofou\n","uploadtime":1700234248,"views":3,"p1id":"alpha1013","p2id":"b14z6","formatid":"gen9anythinggoes","rating":0,"private":0,"password":""}