{"id":"gen9anythinggoes-1985099813","p1":"RedofIndigoPlateau","p2":"YoungEsq","format":"[Gen 9] Anything Goes","log":"|j|\u2606RedofIndigoPlateau\n|j|\u2606YoungEsq\n|t:|1699330777\n|gametype|singles\n|player|p1|RedofIndigoPlateau|red|\n|player|p2|YoungEsq|169|\n|teamsize|p1|6\n|teamsize|p2|6\n|gen|9\n|tier|[Gen 9] Anything Goes\n|rule|HP Percentage Mod: HP is shown in percentages\n|rule|Endless Battle Clause: Forcing endless battles is banned\n|clearpoke\n|poke|p1|Zacian-*|\n|poke|p1|Calyrex-Shadow|\n|poke|p1|Giratina-Origin|\n|poke|p1|Hoopa-Unbound|\n|poke|p1|Miraidon|\n|poke|p1|Baxcalibur, F|\n|poke|p2|Ting-Lu|\n|poke|p2|Gholdengo|\n|poke|p2|Roaring Moon|\n|poke|p2|Chi-Yu|\n|poke|p2|Samurott-Hisui, M|\n|poke|p2|Mandibuzz, F|\n|teampreview\n|inactive|Battle timer is ON: inactive players will automatically lose when time's up. (requested by RedofIndigoPlateau)\n|\n|t:|1699330785\n|start\n|switch|p1a: Baxcalibur|Baxcalibur, F|100\/100\n|switch|p2a: Samurott|Samurott-Hisui, M|100\/100\n|turn|1\n|\n|t:|1699330791\n|move|p1a: Baxcalibur|Dragon Dance|p1a: Baxcalibur\n|-boost|p1a: Baxcalibur|atk|1\n|-boost|p1a: Baxcalibur|spe|1\n|move|p2a: Samurott|Ceaseless Edge|p1a: Baxcalibur\n|-damage|p1a: Baxcalibur|58\/100\n|-sidestart|p1: RedofIndigoPlateau|Spikes\n|\n|upkeep\n|turn|2\n|\n|t:|1699330795\n|move|p1a: Baxcalibur|Icicle Spear|p2a: Samurott\n|-resisted|p2a: Samurott\n|-damage|p2a: Samurott|88\/100\n|-resisted|p2a: Samurott\n|-damage|p2a: Samurott|74\/100\n|-resisted|p2a: Samurott\n|-damage|p2a: Samurott|60\/100\n|-resisted|p2a: Samurott\n|-damage|p2a: Samurott|45\/100\n|-hitcount|p2a: Samurott|4\n|move|p2a: Samurott|Ceaseless Edge|p1a: Baxcalibur\n|-damage|p1a: Baxcalibur|13\/100\n|-sidestart|p1: RedofIndigoPlateau|Spikes\n|\n|upkeep\n|turn|3\n|\n|t:|1699330798\n|move|p2a: Samurott|Aqua Jet|p1a: Baxcalibur\n|-resisted|p1a: Baxcalibur\n|-damage|p1a: Baxcalibur|3\/100\n|move|p1a: Baxcalibur|Glaive Rush|p2a: Samurott\n|-damage|p2a: Samurott|0 fnt\n|-singlemove|p1a: Baxcalibur|Glaive Rush|[silent]\n|faint|p2a: Samurott\n|\n|upkeep\n|\n|t:|1699330811\n|switch|p2a: Chi-Yu|Chi-Yu|100\/100\n|-ability|p2a: Chi-Yu|Beads of Ruin\n|turn|4\n|\n|t:|1699330816\n|move|p2a: Chi-Yu|Flamethrower|p1a: Baxcalibur\n|-damage|p1a: Baxcalibur|0 fnt\n|faint|p1a: Baxcalibur\n|\n|upkeep\n|\n|t:|1699330825\n|switch|p1a: Giratina|Giratina-Origin, shiny|100\/100\n|turn|5\n|\n|t:|1699330829\n|switch|p2a: Mandibuzz|Mandibuzz, F|100\/100\n|move|p1a: Giratina|Defog|p2a: Mandibuzz\n|-unboost|p2a: Mandibuzz|evasion|1\n|-sideend|p1: RedofIndigoPlateau|Spikes|[from] move: Defog|[of] p1a: Giratina\n|\n|upkeep\n|turn|6\n|\n|t:|1699330837\n|move|p2a: Mandibuzz|Toxic|p1a: Giratina\n|-status|p1a: Giratina|tox\n|move|p1a: Giratina|Stone Edge|p2a: Mandibuzz\n|-supereffective|p2a: Mandibuzz\n|-damage|p2a: Mandibuzz|47\/100\n|\n|-damage|p1a: Giratina|94\/100 tox|[from] psn\n|upkeep\n|turn|7\n|\n|t:|1699330844\n|move|p2a: Mandibuzz|Roost|p2a: Mandibuzz\n|-heal|p2a: Mandibuzz|97\/100\n|-singleturn|p2a: Mandibuzz|move: Roost\n|move|p1a: Giratina|Stone Edge|p2a: Mandibuzz\n|-damage|p2a: Mandibuzz|71\/100\n|\n|-damage|p1a: Giratina|82\/100 tox|[from] psn\n|upkeep\n|turn|8\n|\n|t:|1699330851\n|move|p2a: Mandibuzz|Roost|p2a: Mandibuzz\n|-heal|p2a: Mandibuzz|100\/100\n|-singleturn|p2a: Mandibuzz|move: Roost\n|move|p1a: Giratina|Dragon Pulse|p2a: Mandibuzz\n|-damage|p2a: Mandibuzz|76\/100\n|\n|-damage|p1a: Giratina|64\/100 tox|[from] psn\n|upkeep\n|turn|9\n|\n|t:|1699330859\n|switch|p1a: Miraidon|Miraidon|100\/100\n|-fieldstart|move: Electric Terrain|[from] ability: Hadron Engine|[of] p1a: Miraidon\n|move|p2a: Mandibuzz|Foul Play|p1a: Miraidon\n|-damage|p1a: Miraidon|74\/100\n|\n|upkeep\n|turn|10\n|\n|t:|1699330867\n|switch|p2a: Ting-Lu|Ting-Lu|100\/100\n|-ability|p2a: Ting-Lu|Vessel of Ruin\n|move|p1a: Miraidon|Electro Drift|p2a: Ting-Lu\n|-immune|p2a: Ting-Lu\n|\n|upkeep\n|turn|11\n|\n|t:|1699330877\n|switch|p1a: Hoopa|Hoopa-Unbound|100\/100\n|move|p2a: Ting-Lu|Stealth Rock|p1a: Hoopa\n|-sidestart|p1: RedofIndigoPlateau|move: Stealth Rock\n|\n|upkeep\n|turn|12\n|\n|t:|1699330880\n|move|p1a: Hoopa|Hyperspace Fury|p2a: Ting-Lu\n|-resisted|p2a: Ting-Lu\n|-damage|p2a: Ting-Lu|74\/100\n|-unboost|p1a: Hoopa|def|1\n|move|p2a: Ting-Lu|Whirlwind|p1a: Hoopa\n|drag|p1a: Zacian|Zacian-Crowned, shiny|100\/100\n|-damage|p1a: Zacian|94\/100|[from] Stealth Rock\n|-ability|p1a: Zacian|Intrepid Sword|boost\n|-boost|p1a: Zacian|atk|1\n|\n|-heal|p2a: Ting-Lu|80\/100|[from] item: Leftovers\n|upkeep\n|turn|13\n|\n|t:|1699330887\n|move|p1a: Zacian|Behemoth Blade|p2a: Ting-Lu\n|-damage|p2a: Ting-Lu|28\/100\n|move|p2a: Ting-Lu|Earthquake|p1a: Zacian\n|-supereffective|p1a: Zacian\n|-damage|p1a: Zacian|20\/100\n|\n|-heal|p2a: Ting-Lu|34\/100|[from] item: Leftovers\n|-fieldend|move: Electric Terrain\n|upkeep\n|turn|14\n|\n|t:|1699330895\n|move|p1a: Zacian|Behemoth Blade|p2a: Ting-Lu\n|-damage|p2a: Ting-Lu|0 fnt\n|faint|p2a: Ting-Lu\n|\n|upkeep\n|\n|t:|1699330898\n|switch|p2a: Chi-Yu|Chi-Yu|100\/100\n|-ability|p2a: Chi-Yu|Beads of Ruin\n|turn|15\n|\n|t:|1699330904\n|move|p2a: Chi-Yu|Dark Pulse|p1a: Zacian\n|-resisted|p1a: Zacian\n|-damage|p1a: Zacian|0 fnt\n|faint|p1a: Zacian\n|\n|upkeep\n|\n|t:|1699330908\n|switch|p1a: Calyrex|Calyrex-Shadow|100\/100\n|-ability|p1a: Calyrex|As One\n|-ability|p1a: Calyrex|Unnerve\n|-damage|p1a: Calyrex|88\/100|[from] Stealth Rock\n|turn|16\n|\n|t:|1699330912\n|-terastallize|p1a: Calyrex|Normal\n|move|p2a: Chi-Yu|Dark Pulse|p1a: Calyrex\n|-damage|p1a: Calyrex|27\/100\n|move|p1a: Calyrex|Astral Barrage|p2a: Chi-Yu\n|-resisted|p2a: Chi-Yu\n|-damage|p2a: Chi-Yu|55\/100\n|\n|-heal|p1a: Calyrex|33\/100|[from] item: Leftovers\n|upkeep\n|turn|17\n|\n|t:|1699330921\n|move|p2a: Chi-Yu|Dark Pulse|p1a: Calyrex\n|-damage|p1a: Calyrex|0 fnt\n|faint|p1a: Calyrex\n|\n|upkeep\n|\n|t:|1699330926\n|switch|p1a: Giratina|Giratina-Origin, shiny|64\/100 tox\n|-damage|p1a: Giratina|51\/100 tox|[from] Stealth Rock\n|turn|18\n|\n|t:|1699330931\n|move|p2a: Chi-Yu|Dark Pulse|p1a: Giratina\n|-supereffective|p1a: Giratina\n|-damage|p1a: Giratina|0 fnt\n|faint|p1a: Giratina\n|\n|upkeep\n|\n|t:|1699330935\n|switch|p1a: Hoopa|Hoopa-Unbound|100\/100\n|-damage|p1a: Hoopa|88\/100|[from] Stealth Rock\n|turn|19\n|\n|t:|1699330942\n|switch|p2a: Gholdengo|Gholdengo|100\/100\n|-item|p2a: Gholdengo|Air Balloon\n|move|p1a: Hoopa|Drain Punch|p2a: Gholdengo\n|-immune|p2a: Gholdengo\n|\n|upkeep\n|turn|20\n|\n|t:|1699330949\n|switch|p1a: Miraidon|Miraidon|74\/100\n|-damage|p1a: Miraidon|61\/100|[from] Stealth Rock\n|-fieldstart|move: Electric Terrain|[from] ability: Hadron Engine|[of] p1a: Miraidon\n|move|p2a: Gholdengo|Nasty Plot|p2a: Gholdengo\n|-boost|p2a: Gholdengo|spa|2\n|\n|upkeep\n|turn|21\n|\n|t:|1699330952\n|move|p1a: Miraidon|Electro Drift|p2a: Gholdengo\n|-damage|p2a: Gholdengo|0 fnt\n|-enditem|p2a: Gholdengo|Air Balloon\n|faint|p2a: Gholdengo\n|\n|upkeep\n|\n|t:|1699330956\n|switch|p2a: Mandibuzz|Mandibuzz, F|76\/100\n|turn|22\n|\n|t:|1699330960\n|-terastallize|p2a: Mandibuzz|Grass\n|move|p1a: Miraidon|Electro Drift|p2a: Mandibuzz\n|-resisted|p2a: Mandibuzz\n|-damage|p2a: Mandibuzz|51\/100\n|move|p2a: Mandibuzz|Toxic|p1a: Miraidon\n|-status|p1a: Miraidon|tox\n|\n|-damage|p1a: Miraidon|55\/100 tox|[from] psn\n|upkeep\n|turn|23\n|\n|t:|1699330966\n|move|p1a: Miraidon|Overheat|p2a: Mandibuzz\n|-supereffective|p2a: Mandibuzz\n|-damage|p2a: Mandibuzz|0 fnt\n|-unboost|p1a: Miraidon|spa|2\n|faint|p2a: Mandibuzz\n|\n|-damage|p1a: Miraidon|43\/100 tox|[from] psn\n|upkeep\n|\n|t:|1699330972\n|switch|p2a: Roaring Moon|Roaring Moon|100\/100\n|-enditem|p2a: Roaring Moon|Booster Energy\n|-activate|p2a: Roaring Moon|ability: Protosynthesis|[fromitem]\n|-start|p2a: Roaring Moon|protosynthesisatk\n|turn|24\n|\n|t:|1699330974\n|move|p1a: Miraidon|Draco Meteor|p2a: Roaring Moon\n|-supereffective|p2a: Roaring Moon\n|-damage|p2a: Roaring Moon|4\/100\n|-unboost|p1a: Miraidon|spa|2\n|move|p2a: Roaring Moon|Dragon Dance|p2a: Roaring Moon\n|-boost|p2a: Roaring Moon|atk|1\n|-boost|p2a: Roaring Moon|spe|1\n|\n|-damage|p1a: Miraidon|25\/100 tox|[from] psn\n|-fieldend|move: Electric Terrain\n|upkeep\n|turn|25\n|\n|t:|1699330982\n|move|p2a: Roaring Moon|Dragon Claw|p1a: Miraidon\n|-supereffective|p1a: Miraidon\n|-damage|p1a: Miraidon|0 fnt\n|faint|p1a: Miraidon\n|\n|upkeep\n|\n|t:|1699330986\n|switch|p1a: Hoopa|Hoopa-Unbound|88\/100\n|-damage|p1a: Hoopa|76\/100|[from] Stealth Rock\n|turn|26\n|\n|t:|1699330992\n|move|p2a: Roaring Moon|Dragon Claw|p1a: Hoopa\n|-damage|p1a: Hoopa|0 fnt\n|faint|p1a: Hoopa\n|\n|win|YoungEsq\n","uploadtime":1699330996,"views":5,"p1id":"redofindigoplateau","p2id":"youngesq","formatid":"gen9anythinggoes","rating":0,"private":0,"password":""}