{"id":"gen9anythinggoes-1989958738","p1":"01jara123","p2":"mimizukii","format":"[Gen 9] Anything Goes","log":"|j|\u260601jara123\n|j|\u2606mimizukii\n|t:|1699910226\n|gametype|singles\n|player|p1|01jara123|1|\n|player|p2|mimizukii|caitlin|\n|teamsize|p1|6\n|teamsize|p2|6\n|gen|9\n|tier|[Gen 9] Anything Goes\n|rule|HP Percentage Mod: HP is shown in percentages\n|rule|Endless Battle Clause: Forcing endless battles is banned\n|clearpoke\n|poke|p1|Gliscor, F|\n|poke|p1|Alomomola, M|\n|poke|p1|Gholdengo|\n|poke|p1|Gothitelle, M|\n|poke|p1|Ogerpon-Hearthflame, F|\n|poke|p1|Kleavor, M|\n|poke|p2|Pelipper, F|\n|poke|p2|Overqwil, F|\n|poke|p2|Zapdos|\n|poke|p2|Great Tusk|\n|poke|p2|Sneasler, F|\n|poke|p2|Appletun, F|\n|teampreview\n|c|\u2606mimizukii|gl\n|c|\u260601jara123|Puedes pasar el enlace?\n|c|\u2606mimizukii|eso te iba a decir a ti\n|c|\u2606mimizukii|askskaksa\n|c|\u2606mimizukii|espera\n|c|\u260601jara123|Es que me da miedo abrir whatsapp web y que explote el pc xD\n|c|\u2606mimizukii|ya ta\n|j| Red Krow\n|c|\u260601jara123|Perfecto!\n|c|\u260601jara123|Buena suerte!!\n|c|\u2606mimizukii|ostia amador que rapido\n|c|\u2606mimizukii|buena suerteeeee\n|\n|t:|1699910377\n|start\n|switch|p1a: Kleavor|Kleavor, M|100\/100\n|switch|p2a: Betih|Pelipper, F, shiny|100\/100\n|-weather|RainDance|[from] ability: Drizzle|[of] p2a: Betih\n|turn|1\n|\n|t:|1699910420\n|switch|p2a: Fidget Spinner|Great Tusk|100\/100\n|move|p1a: Kleavor|Stone Axe|p2a: Fidget Spinner\n|-resisted|p2a: Fidget Spinner\n|-damage|p2a: Fidget Spinner|89\/100\n|-sidestart|p2: mimizukii|move: Stealth Rock\n|\n|-weather|RainDance|[upkeep]\n|upkeep\n|turn|2\n|j| sppregaladog01\n|j| exllevi\n|\n|t:|1699910433\n|switch|p1a: Alomomola|Alomomola, M|100\/100\n|move|p2a: Fidget Spinner|Earthquake|p1a: Alomomola\n|-crit|p1a: Alomomola\n|-damage|p1a: Alomomola|56\/100\n|\n|-weather|RainDance|[upkeep]\n|upkeep\n|turn|3\n|\n|t:|1699910450\n|-end|p2a: Fidget Spinner|Protosynthesis|[silent]\n|switch|p2a: Z\/Z2|Zapdos|100\/100\n|-damage|p2a: Z\/Z2|76\/100|[from] Stealth Rock\n|move|p1a: Alomomola|Flip Turn|p2a: Z\/Z2\n|-damage|p2a: Z\/Z2|45\/100\n|-status|p1a: Alomomola|par|[from] ability: Static|[of] p2a: Z\/Z2\n|\n|t:|1699910501\n|switch|p1a: Gothitelle|Gothitelle, M|100\/100|[from] Flip Turn\n|\n|-weather|RainDance|[upkeep]\n|upkeep\n|turn|4\n|\n|t:|1699910523\n|move|p2a: Z\/Z2|Thunder|p1a: Gothitelle\n|-damage|p1a: Gothitelle|35\/100\n|move|p1a: Gothitelle|Psychic|p2a: Z\/Z2\n|-damage|p2a: Z\/Z2|3\/100\n|\n|-weather|RainDance|[upkeep]\n|upkeep\n|turn|5\n|\n|t:|1699910540\n|switch|p1a: Gliscor|Gliscor, F|100\/100\n|move|p2a: Z\/Z2|Thunder|p1a: Gliscor\n|-immune|p1a: Gliscor\n|\n|-weather|none\n|-status|p1a: Gliscor|tox|[from] item: Toxic Orb\n|upkeep\n|turn|6\n|\n|t:|1699910560\n|switch|p2a: Fidget Spinner|Great Tusk|89\/100\n|move|p1a: Gliscor|Toxic|p2a: Fidget Spinner\n|-status|p2a: Fidget Spinner|tox\n|\n|-damage|p2a: Fidget Spinner|83\/100 tox|[from] psn\n|upkeep\n|turn|7\n|\n|t:|1699910568\n|switch|p1a: Alomomola|Alomomola, M|90\/100 par\n|move|p2a: Fidget Spinner|Ice Spinner|p1a: Alomomola\n|-resisted|p1a: Alomomola\n|-damage|p1a: Alomomola|82\/100 par\n|-damage|p2a: Fidget Spinner|67\/100 tox|[from] item: Rocky Helmet|[of] p1a: Alomomola\n|\n|-damage|p2a: Fidget Spinner|54\/100 tox|[from] psn\n|upkeep\n|turn|8\n|\n|t:|1699910581\n|move|p2a: Fidget Spinner|Rapid Spin|p1a: Alomomola\n|-damage|p1a: Alomomola|73\/100 par\n|-boost|p2a: Fidget Spinner|spe|1\n|-damage|p2a: Fidget Spinner|38\/100 tox|[from] item: Rocky Helmet|[of] p1a: Alomomola\n|-sideend|p2: mimizukii|Stealth Rock|[from] move: Rapid Spin|[of] p2a: Fidget Spinner\n|cant|p1a: Alomomola|par\n|\n|-damage|p2a: Fidget Spinner|19\/100 tox|[from] psn\n|upkeep\n|turn|9\n|\n|t:|1699910591\n|-end|p2a: Fidget Spinner|Protosynthesis|[silent]\n|switch|p2a: Betih|Pelipper, F, shiny|100\/100\n|-weather|RainDance|[from] ability: Drizzle|[of] p2a: Betih\n|move|p1a: Alomomola|Flip Turn|p2a: Betih\n|-resisted|p2a: Betih\n|-damage|p2a: Betih|87\/100\n|\n|t:|1699910605\n|switch|p1a: Gothitelle|Gothitelle, M|35\/100|[from] Flip Turn\n|\n|-weather|RainDance|[upkeep]\n|upkeep\n|turn|10\n|\n|t:|1699910616\n|move|p1a: Gothitelle|Thunderbolt|p2a: Betih\n|-supereffective|p2a: Betih\n|-damage|p2a: Betih|0 fnt\n|faint|p2a: Betih\n|\n|-weather|RainDance|[upkeep]\n|upkeep\n|\n|t:|1699910619\n|switch|p2a: Z\/Z2|Zapdos|3\/100\n|turn|11\n|\n|t:|1699910638\n|switch|p1a: Gholdengo|Gholdengo|100\/100\n|move|p2a: Z\/Z2|Hurricane|p1a: Gholdengo\n|-resisted|p1a: Gholdengo\n|-damage|p1a: Gholdengo|70\/100\n|\n|-weather|RainDance|[upkeep]\n|-heal|p1a: Gholdengo|76\/100|[from] item: Leftovers\n|upkeep\n|turn|12\n|j| zipermu98\n|\n|t:|1699910655\n|switch|p2a: Ser Spiki|Overqwil, F|100\/100\n|move|p1a: Gholdengo|Substitute|p1a: Gholdengo\n|-start|p1a: Gholdengo|Substitute\n|-damage|p1a: Gholdengo|52\/100\n|\n|-weather|RainDance|[upkeep]\n|-heal|p1a: Gholdengo|58\/100|[from] item: Leftovers\n|upkeep\n|turn|13\n|\n|t:|1699910670\n|move|p2a: Ser Spiki|Crunch|p1a: Gholdengo\n|-supereffective|p1a: Gholdengo\n|-end|p1a: Gholdengo|Substitute\n|move|p1a: Gholdengo|Make It Rain|p2a: Ser Spiki\n|-damage|p2a: Ser Spiki|42\/100\n|-unboost|p1a: Gholdengo|spa|1\n|\n|-weather|none\n|-heal|p1a: Gholdengo|64\/100|[from] item: Leftovers\n|upkeep\n|turn|14\n|\n|t:|1699910692\n|switch|p1a: Gliscor|Gliscor, F|100\/100 tox\n|move|p2a: Ser Spiki|Crunch|p1a: Gliscor\n|-crit|p1a: Gliscor\n|-damage|p1a: Gliscor|64\/100 tox\n|\n|-heal|p1a: Gliscor|76\/100 tox|[from] ability: Poison Heal\n|upkeep\n|turn|15\n|l| zipermu98\n|l| exllevi\n|\n|t:|1699910713\n|switch|p2a: Roun|Appletun, F|100\/100\n|move|p1a: Gliscor|Spikes|p2a: Roun\n|-sidestart|p2: mimizukii|Spikes\n|\n|-heal|p1a: Gliscor|89\/100 tox|[from] ability: Poison Heal\n|upkeep\n|turn|16\n|\n|t:|1699910726\n|move|p1a: Gliscor|Toxic|p2a: Roun\n|-status|p2a: Roun|tox\n|move|p2a: Roun|Apple Acid|p1a: Gliscor\n|-damage|p1a: Gliscor|52\/100 tox\n|-unboost|p1a: Gliscor|spd|1\n|\n|-heal|p1a: Gliscor|65\/100 tox|[from] ability: Poison Heal\n|-damage|p2a: Roun|94\/100 tox|[from] psn\n|upkeep\n|turn|17\n|\n|t:|1699910736\n|move|p1a: Gliscor|Protect|p1a: Gliscor\n|-singleturn|p1a: Gliscor|Protect\n|move|p2a: Roun|Apple Acid|p1a: Gliscor\n|-activate|p1a: Gliscor|move: Protect\n|\n|-heal|p2a: Roun|100\/100 tox|[from] item: Leftovers\n|-heal|p1a: Gliscor|77\/100 tox|[from] ability: Poison Heal\n|-damage|p2a: Roun|88\/100 tox|[from] psn\n|upkeep\n|turn|18\n|j| zipermu98\n|\n|t:|1699910755\n|switch|p1a: Gholdengo|Gholdengo|64\/100\n|move|p2a: Roun|Apple Acid|p1a: Gholdengo\n|-resisted|p1a: Gholdengo\n|-damage|p1a: Gholdengo|47\/100\n|-unboost|p1a: Gholdengo|spd|1\n|\n|-heal|p1a: Gholdengo|53\/100|[from] item: Leftovers\n|-heal|p2a: Roun|94\/100 tox|[from] item: Leftovers\n|-damage|p2a: Roun|76\/100 tox|[from] psn\n|upkeep\n|turn|19\n|\n|t:|1699910770\n|-terastallize|p2a: Roun|Fire\n|move|p1a: Gholdengo|Recover|p1a: Gholdengo\n|-heal|p1a: Gholdengo|100\/100\n|move|p2a: Roun|Tera Blast|p1a: Gholdengo|[anim] Tera Blast Fire\n|-supereffective|p1a: Gholdengo\n|-damage|p1a: Gholdengo|12\/100\n|\n|-heal|p1a: Gholdengo|18\/100|[from] item: Leftovers\n|-heal|p2a: Roun|82\/100 tox|[from] item: Leftovers\n|-damage|p2a: Roun|58\/100 tox|[from] psn\n|upkeep\n|turn|20\n|\n|t:|1699910787\n|switch|p1a: Gliscor|Gliscor, F|77\/100 tox\n|move|p2a: Roun|Recover|p2a: Roun\n|-heal|p2a: Roun|100\/100 tox\n|\n|-heal|p1a: Gliscor|90\/100 tox|[from] ability: Poison Heal\n|-damage|p2a: Roun|70\/100 tox|[from] psn\n|upkeep\n|turn|21\n|\n|t:|1699910801\n|switch|p2a: Z\/Z2|Zapdos|3\/100\n|move|p1a: Gliscor|Spikes|p2a: Z\/Z2\n|-sidestart|p2: mimizukii|Spikes\n|\n|-heal|p1a: Gliscor|100\/100 tox|[from] ability: Poison Heal\n|upkeep\n|turn|22\n|\n|t:|1699910818\n|move|p1a: Gliscor|Protect|p1a: Gliscor\n|-singleturn|p1a: Gliscor|Protect\n|move|p2a: Z\/Z2|Hurricane|p1a: Gliscor\n|-activate|p1a: Gliscor|move: Protect\n|\n|upkeep\n|turn|23\n|\n|t:|1699910837\n|switch|p1a: Gholdengo|Gholdengo|18\/100\n|move|p2a: Z\/Z2|Hurricane|p1a: Gholdengo\n|-resisted|p1a: Gholdengo\n|-damage|p1a: Gholdengo|0 fnt\n|faint|p1a: Gholdengo\n|\n|upkeep\n|l| zipermu98\n|j| exllevi\n|\n|t:|1699910896\n|switch|p1a: Kleavor|Kleavor, M|100\/100\n|turn|24\n|\n|t:|1699910906\n|move|p2a: Z\/Z2|Hurricane|p1a: Kleavor|[miss]\n|-miss|p2a: Z\/Z2|p1a: Kleavor\n|move|p1a: Kleavor|Stone Axe|p2a: Z\/Z2\n|-supereffective|p2a: Z\/Z2\n|-damage|p2a: Z\/Z2|0 fnt\n|-sidestart|p2: mimizukii|move: Stealth Rock\n|faint|p2a: Z\/Z2\n|\n|upkeep\n|\n|t:|1699910910\n|switch|p2a: Fidget Spinner|Great Tusk|19\/100 tox\n|turn|25\n|c|\u260601jara123|Sorry\n|c|\u2606mimizukii|a ver suficientes hurracaines que he pegado\n|\n|t:|1699910954\n|move|p1a: Kleavor|Stone Axe|p2a: Fidget Spinner\n|-resisted|p2a: Fidget Spinner\n|-damage|p2a: Fidget Spinner|9\/100 tox\n|move|p2a: Fidget Spinner|Rapid Spin|p1a: Kleavor\n|-resisted|p1a: Kleavor\n|-damage|p1a: Kleavor|90\/100\n|-boost|p2a: Fidget Spinner|spe|1\n|-sideend|p2: mimizukii|Spikes|[from] move: Rapid Spin|[of] p2a: Fidget Spinner\n|-sideend|p2: mimizukii|Stealth Rock|[from] move: Rapid Spin|[of] p2a: Fidget Spinner\n|\n|-damage|p2a: Fidget Spinner|3\/100 tox|[from] psn\n|upkeep\n|turn|26\n|\n|t:|1699910967\n|move|p2a: Fidget Spinner|Earthquake|p1a: Kleavor\n|-damage|p1a: Kleavor|29\/100\n|move|p1a: Kleavor|Stone Axe|p2a: Fidget Spinner\n|-resisted|p2a: Fidget Spinner\n|-crit|p2a: Fidget Spinner\n|-damage|p2a: Fidget Spinner|0 fnt\n|-sidestart|p2: mimizukii|move: Stealth Rock\n|faint|p2a: Fidget Spinner\n|-end|p2a: Fidget Spinner|Protosynthesis|[silent]\n|\n|upkeep\n|\n|t:|1699910974\n|switch|p2a: T-Swizzle|Sneasler, F|100\/100\n|-damage|p2a: T-Swizzle|95\/100|[from] Stealth Rock\n|turn|27\n|\n|t:|1699911007\n|move|p1a: Kleavor|Stone Axe|p2a: T-Swizzle\n|-resisted|p2a: T-Swizzle\n|-damage|p2a: T-Swizzle|49\/100\n|move|p2a: T-Swizzle|Dire Claw|p1a: Kleavor\n|-resisted|p1a: Kleavor\n|-damage|p1a: Kleavor|1\/100\n|\n|upkeep\n|turn|28\n|\n|t:|1699911020\n|move|p1a: Kleavor|Stone Axe|p2a: T-Swizzle\n|-resisted|p2a: T-Swizzle\n|-damage|p2a: T-Swizzle|2\/100\n|move|p2a: T-Swizzle|Dire Claw|p1a: Kleavor\n|-resisted|p1a: Kleavor\n|-damage|p1a: Kleavor|0 fnt\n|faint|p1a: Kleavor\n|\n|upkeep\n|\n|t:|1699911032\n|switch|p1a: Gliscor|Gliscor, F|100\/100 tox\n|turn|29\n|\n|t:|1699911042\n|move|p2a: T-Swizzle|Night Slash|p1a: Gliscor\n|-damage|p1a: Gliscor|82\/100 tox\n|move|p1a: Gliscor|Spikes|p2a: T-Swizzle\n|-sidestart|p2: mimizukii|Spikes\n|\n|-heal|p1a: Gliscor|95\/100 tox|[from] ability: Poison Heal\n|upkeep\n|turn|30\n|\n|t:|1699911053\n|move|p2a: T-Swizzle|Night Slash|p1a: Gliscor\n|-damage|p1a: Gliscor|79\/100 tox\n|move|p1a: Gliscor|Spikes|p2a: T-Swizzle\n|-sidestart|p2: mimizukii|Spikes\n|\n|-heal|p1a: Gliscor|91\/100 tox|[from] ability: Poison Heal\n|upkeep\n|turn|31\n|\n|t:|1699911060\n|move|p2a: T-Swizzle|Night Slash|p1a: Gliscor\n|-damage|p1a: Gliscor|73\/100 tox\n|move|p1a: Gliscor|Spikes|p2a: T-Swizzle\n|-sidestart|p2: mimizukii|Spikes\n|\n|-heal|p1a: Gliscor|85\/100 tox|[from] ability: Poison Heal\n|upkeep\n|turn|32\n|\n|t:|1699911068\n|move|p2a: T-Swizzle|Night Slash|p1a: Gliscor\n|-damage|p1a: Gliscor|69\/100 tox\n|move|p1a: Gliscor|Earthquake|p2a: T-Swizzle\n|-supereffective|p2a: T-Swizzle\n|-damage|p2a: T-Swizzle|0 fnt\n|faint|p2a: T-Swizzle\n|\n|-heal|p1a: Gliscor|81\/100 tox|[from] ability: Poison Heal\n|upkeep\n|\n|t:|1699911073\n|switch|p2a: Ser Spiki|Overqwil, F|42\/100\n|-damage|p2a: Ser Spiki|29\/100|[from] Stealth Rock\n|-damage|p2a: Ser Spiki|5\/100|[from] Spikes\n|turn|33\n|c|\u2606mimizukii|gg\n|\n|t:|1699911081\n|move|p1a: Gliscor|Protect|p1a: Gliscor\n|-singleturn|p1a: Gliscor|Protect\n|move|p2a: Ser Spiki|Aqua Jet|p1a: Gliscor\n|-activate|p1a: Gliscor|move: Protect\n|\n|-heal|p1a: Gliscor|94\/100 tox|[from] ability: Poison Heal\n|upkeep\n|turn|34\n|c|\u260601jara123|gg\n|\n|t:|1699911087\n|move|p2a: Ser Spiki|Aqua Jet|p1a: Gliscor\n|-supereffective|p1a: Gliscor\n|-damage|p1a: Gliscor|75\/100 tox\n|move|p1a: Gliscor|Earthquake|p2a: Ser Spiki\n|-supereffective|p2a: Ser Spiki\n|-damage|p2a: Ser Spiki|0 fnt\n|faint|p2a: Ser Spiki\n|\n|-heal|p1a: Gliscor|88\/100 tox|[from] ability: Poison Heal\n|upkeep\n|\n|t:|1699911089\n|switch|p2a: Roun|Appletun, F, tera:Fire|70\/100 tox\n|-damage|p2a: Roun|45\/100 tox|[from] Stealth Rock\n|-damage|p2a: Roun|20\/100 tox|[from] Spikes\n|turn|35\n|\n|t:|1699911091\n|move|p1a: Gliscor|Earthquake|p2a: Roun\n|-supereffective|p2a: Roun\n|-crit|p2a: Roun\n|-damage|p2a: Roun|0 fnt\n|faint|p2a: Roun\n|\n|win|01jara123\n|l| Red Krow\n|c|\u260601jara123|Gliscor es dios\n|c|\u2606mimizukii|lo es\u00e7\n|l| exllevi\n|l| sppregaladog01\n|l|\u260601jara123\n","uploadtime":1699911101,"views":19,"p1id":"01jara123","p2id":"mimizukii","formatid":"gen9anythinggoes","rating":0,"private":0,"password":""}