{"id":"gen9anythinggoes-1974903911","p1":"Flowers Gym","p2":"35Q71N","format":"[Gen 9] Anything Goes","log":"|j|\u2606Flowers Gym\n|j|\u260635Q71N\n|t:|1698142547\n|gametype|singles\n|player|p1|Flowers Gym|cilan|\n|player|p2|35Q71N|byron|\n|teamsize|p1|1\n|teamsize|p2|2\n|gen|9\n|tier|[Gen 9] Anything Goes\n|rule|HP Percentage Mod: HP is shown in percentages\n|rule|Endless Battle Clause: Forcing endless battles is banned\n|clearpoke\n|poke|p1|Morpeko, F|\n|poke|p2|Krookodile, F|\n|poke|p2|Avalugg, F|\n|teampreview\n|inactive|Battle timer is ON: inactive players will automatically lose when time's up. (requested by Flowers Gym)\n|c|\u260635Q71N|Attempt number 2\n|\n|t:|1698142572\n|start\n|switch|p1a: Morpeko|Morpeko, F, shiny|100\/100\n|switch|p2a: Avalugg|Avalugg, F|100\/100\n|turn|1\n|\n|t:|1698142591\n|move|p1a: Morpeko|Aura Wheel|p2a: Avalugg\n|-damage|p2a: Avalugg|81\/100\n|-boost|p1a: Morpeko|spe|1\n|move|p2a: Avalugg|Snowscape|p2a: Avalugg\n|-weather|Snow\n|\n|-weather|Snow|[upkeep]\n|-heal|p2a: Avalugg|87\/100|[from] item: Leftovers\n|-formechange|p1a: Morpeko|Morpeko-Hangry||[from] ability: Hunger Switch\n|upkeep\n|turn|2\n|\n|t:|1698142603\n|-terastallize|p1a: Morpeko|Dark\n|move|p1a: Morpeko|Aura Wheel|p2a: Avalugg\n|-damage|p2a: Avalugg|69\/100\n|-boost|p1a: Morpeko|spe|1\n|move|p2a: Avalugg|Scary Face|p1a: Morpeko\n|-unboost|p1a: Morpeko|spe|2\n|\n|-weather|Snow|[upkeep]\n|-heal|p2a: Avalugg|75\/100|[from] item: Leftovers\n|upkeep\n|turn|3\n|c|\u260635Q71N|Now I switch\n|c|\u2606Flowers Gym|It kept dark\n|\n|t:|1698142620\n|switch|p2a: Krookodile|Krookodile, F|100\/100\n|-ability|p2a: Krookodile|Intimidate|boost\n|-unboost|p1a: Morpeko|atk|1\n|move|p1a: Morpeko|Aura Wheel|p2a: Krookodile\n|-resisted|p2a: Krookodile\n|-damage|p2a: Krookodile|84\/100\n|-boost|p1a: Morpeko|spe|1\n|\n|-weather|Snow|[upkeep]\n|-heal|p2a: Krookodile|90\/100|[from] item: Leftovers\n|upkeep\n|turn|4\n|c|\u260635Q71N|Yep\n|\n|t:|1698142630\n|move|p1a: Morpeko|Aura Wheel|p2a: Krookodile\n|-resisted|p2a: Krookodile\n|-damage|p2a: Krookodile|75\/100\n|-boost|p1a: Morpeko|spe|1\n|move|p2a: Krookodile|Scary Face|p1a: Morpeko\n|-unboost|p1a: Morpeko|spe|2\n|\n|-weather|Snow|[upkeep]\n|-heal|p2a: Krookodile|81\/100|[from] item: Leftovers\n|upkeep\n|turn|5\n|c|\u2606Flowers Gym|Okay\n|c|\u2606Flowers Gym|Showdown has a bug\n|c|\u260635Q71N|So it depends on the type of form you had when you tera'd\n|inactive|Flowers Gym has 270 seconds left.\n|c|\u2606Flowers Gym|Yes\n|inactive|Flowers Gym has 240 seconds left.\n|-message|Flowers Gym forfeited.\n|\n|win|35Q71N\n","uploadtime":1698142741,"views":12,"p1id":"flowersgym","p2id":"35q71n","formatid":"gen9anythinggoes","rating":0,"private":0,"password":""}