{"id":"gen9anythinggoes-1993143111","p1":"PretzelEra","p2":"voqgz on tiktok","format":"[Gen 9] Anything Goes","log":"|j|\u2606PretzelEra\n|j|\u2606voqgz on tiktok\n|t:|1700269933\n|gametype|singles\n|player|p1|PretzelEra|101|\n|player|p2|voqgz on tiktok|265|\n|teamsize|p1|6\n|teamsize|p2|6\n|gen|9\n|tier|[Gen 9] Anything Goes\n|rule|HP Percentage Mod: HP is shown in percentages\n|rule|Endless Battle Clause: Forcing endless battles is banned\n|clearpoke\n|poke|p1|Zacian-*|\n|poke|p1|Ogerpon-Hearthflame, F|\n|poke|p1|Darkrai|\n|poke|p1|Ursaluna-Bloodmoon, M|\n|poke|p1|Chien-Pao|\n|poke|p1|Donphan, L1, M|\n|poke|p2|Houndstone, F|\n|poke|p2|Slowbro-Galar, M|\n|poke|p2|Chi-Yu|\n|poke|p2|Ursaluna-Bloodmoon, M|\n|poke|p2|Gliscor, M|\n|poke|p2|Tyranitar, M|\n|teampreview\n|inactive|Battle timer is ON: inactive players will automatically lose when time's up. (requested by PretzelEra)\n|c|\u2606voqgz on tiktok|dam i wanted the other team but ok ill use this one its oddly similar\n|inactive|voqgz on tiktok has 270 seconds left.\n|\n|t:|1700269965\n|start\n|switch|p1a: Darkrai|Darkrai|100\/100\n|switch|p2a: Slowbro|Slowbro-Galar, M|100\/100\n|turn|1\n|c|\u2606PretzelEra|GLHF and try not to lose again lol\n|\n|t:|1700269978\n|move|p1a: Darkrai|Hypnosis|p2a: Slowbro\n|-status|p2a: Slowbro|slp|[from] move: Hypnosis\n|cant|p2a: Slowbro|slp\n|\n|-damage|p2a: Slowbro|88\/100 slp|[from] ability: Bad Dreams|[of] p1a: Darkrai\n|upkeep\n|turn|2\n|\n|t:|1700269985\n|move|p1a: Darkrai|Nasty Plot|p1a: Darkrai\n|-boost|p1a: Darkrai|spa|2\n|cant|p2a: Slowbro|slp\n|\n|-damage|p2a: Slowbro|76\/100 slp|[from] ability: Bad Dreams|[of] p1a: Darkrai\n|upkeep\n|turn|3\n|\n|t:|1700269999\n|move|p1a: Darkrai|Hex|p2a: Slowbro\n|-supereffective|p2a: Slowbro\n|-damage|p2a: Slowbro|0 fnt\n|faint|p2a: Slowbro\n|\n|upkeep\n|\n|t:|1700270019\n|switch|p2a: Tyranitar|Tyranitar, M|100\/100\n|-weather|Sandstorm|[from] ability: Sand Stream|[of] p2a: Tyranitar\n|turn|4\n|\n|t:|1700270029\n|switch|p2a: Gliscor|Gliscor, M|100\/100\n|move|p1a: Darkrai|Hypnosis|p2a: Gliscor\n|-status|p2a: Gliscor|slp|[from] move: Hypnosis\n|\n|-weather|Sandstorm|[upkeep]\n|-damage|p1a: Darkrai|94\/100|[from] Sandstorm\n|-damage|p2a: Gliscor|88\/100 slp|[from] ability: Bad Dreams|[of] p1a: Darkrai\n|upkeep\n|turn|5\n|\n|t:|1700270040\n|switch|p2a: Tyranitar|Tyranitar, M|100\/100\n|move|p1a: Darkrai|Dream Eater|p2a: Tyranitar\n|-immune|p2a: Tyranitar\n|\n|-weather|Sandstorm|[upkeep]\n|-damage|p1a: Darkrai|88\/100|[from] Sandstorm\n|upkeep\n|turn|6\n|\n|t:|1700270051\n|move|p1a: Darkrai|Hypnosis|p2a: Tyranitar\n|-status|p2a: Tyranitar|slp|[from] move: Hypnosis\n|cant|p2a: Tyranitar|slp\n|\n|-weather|Sandstorm|[upkeep]\n|-damage|p1a: Darkrai|82\/100|[from] Sandstorm\n|-damage|p2a: Tyranitar|88\/100 slp|[from] ability: Bad Dreams|[of] p1a: Darkrai\n|upkeep\n|turn|7\n|\n|t:|1700270070\n|switch|p2a: Chi-Yu|Chi-Yu|100\/100\n|-ability|p2a: Chi-Yu|Beads of Ruin\n|move|p1a: Darkrai|Nasty Plot|p1a: Darkrai\n|-boost|p1a: Darkrai|spa|2\n|\n|-weather|Sandstorm|[upkeep]\n|-damage|p1a: Darkrai|76\/100|[from] Sandstorm\n|-damage|p2a: Chi-Yu|94\/100|[from] Sandstorm\n|upkeep\n|turn|8\n|\n|t:|1700270084\n|move|p1a: Darkrai|Hypnosis|p2a: Chi-Yu\n|-status|p2a: Chi-Yu|slp|[from] move: Hypnosis\n|cant|p2a: Chi-Yu|slp\n|\n|-weather|Sandstorm|[upkeep]\n|-damage|p1a: Darkrai|70\/100|[from] Sandstorm\n|-damage|p2a: Chi-Yu|88\/100 slp|[from] Sandstorm\n|-damage|p2a: Chi-Yu|76\/100 slp|[from] ability: Bad Dreams|[of] p1a: Darkrai\n|upkeep\n|turn|9\n|inactive|PretzelEra has 270 seconds left.\n|c|\u2606PretzelEra|1 down and 3 asleep\n|\n|t:|1700270120\n|switch|p2a: Ursaluna|Ursaluna-Bloodmoon, M|100\/100\n|move|p1a: Darkrai|Nasty Plot|p1a: Darkrai\n|-boost|p1a: Darkrai|spa|2\n|\n|-weather|Sandstorm|[upkeep]\n|-damage|p1a: Darkrai|64\/100|[from] Sandstorm\n|upkeep\n|turn|10\n|c|\u2606voqgz on tiktok|me over here realizing sall i need is a black mon with sleep talk and i win lmaoo\n|inactive|voqgz on tiktok has 270 seconds left.\n|\n|t:|1700270146\n|move|p1a: Darkrai|Hex|p2a: Ursaluna\n|-immune|p2a: Ursaluna\n|move|p2a: Ursaluna|Moonblast|p1a: Darkrai\n|-supereffective|p1a: Darkrai\n|-damage|p1a: Darkrai|0 fnt\n|faint|p1a: Darkrai\n|\n|-weather|Sandstorm|[upkeep]\n|upkeep\n|\n|t:|1700270155\n|switch|p1a: Donphan|Donphan, L1, M|100\/100\n|turn|11\n|c|\u2606voqgz on tiktok|ordat\n|\n|t:|1700270168\n|switch|p2a: Gliscor|Gliscor, M|88\/100 slp\n|move|p1a: Donphan|Endeavor|p2a: Gliscor\n|-damage|p2a: Gliscor|5\/100 slp\n|\n|-weather|none\n|upkeep\n|turn|12\n|\n|t:|1700270185\n|switch|p2a: Tyranitar|Tyranitar, M|88\/100 slp\n|-weather|Sandstorm|[from] ability: Sand Stream|[of] p2a: Tyranitar\n|switch|p1a: Chien-Pao|Chien-Pao|100\/100\n|-ability|p1a: Chien-Pao|Sword of Ruin\n|\n|-weather|Sandstorm|[upkeep]\n|-damage|p1a: Chien-Pao|95\/100|[from] Sandstorm\n|upkeep\n|turn|13\n|\n|t:|1700270195\n|switch|p2a: Gliscor|Gliscor, M|5\/100 slp\n|move|p1a: Chien-Pao|Swords Dance|p1a: Chien-Pao\n|-boost|p1a: Chien-Pao|atk|2\n|\n|-weather|Sandstorm|[upkeep]\n|-damage|p1a: Chien-Pao|89\/100|[from] Sandstorm\n|upkeep\n|turn|14\n|\n|t:|1700270203\n|move|p1a: Chien-Pao|Ice Shard|p2a: Gliscor\n|-supereffective|p2a: Gliscor\n|-crit|p2a: Gliscor\n|-damage|p2a: Gliscor|0 fnt\n|faint|p2a: Gliscor\n|-damage|p1a: Chien-Pao|79\/100|[from] item: Life Orb\n|\n|-weather|Sandstorm|[upkeep]\n|-damage|p1a: Chien-Pao|73\/100|[from] Sandstorm\n|upkeep\n|\n|t:|1700270215\n|switch|p2a: Ursaluna|Ursaluna-Bloodmoon, M|100\/100\n|turn|15\n|\n|t:|1700270220\n|move|p1a: Chien-Pao|Ice Spinner|p2a: Ursaluna\n|-supereffective|p2a: Ursaluna\n|-damage|p2a: Ursaluna|0 fnt\n|-damage|p1a: Chien-Pao|56\/100|[from] item: Rocky Helmet|[of] p2a: Ursaluna\n|faint|p2a: Ursaluna\n|-damage|p1a: Chien-Pao|46\/100|[from] item: Life Orb\n|\n|-weather|Sandstorm|[upkeep]\n|-damage|p1a: Chien-Pao|40\/100|[from] Sandstorm\n|upkeep\n|\n|t:|1700270234\n|switch|p2a: Chi-Yu|Chi-Yu|76\/100 slp\n|-ability|p2a: Chi-Yu|Beads of Ruin\n|turn|16\n|\n|t:|1700270244\n|move|p1a: Chien-Pao|Crunch|p2a: Chi-Yu\n|-resisted|p2a: Chi-Yu\n|-damage|p2a: Chi-Yu|0 fnt\n|faint|p2a: Chi-Yu\n|-damage|p1a: Chien-Pao|30\/100|[from] item: Life Orb\n|\n|-weather|Sandstorm|[upkeep]\n|-damage|p1a: Chien-Pao|24\/100|[from] Sandstorm\n|upkeep\n|\n|t:|1700270257\n|switch|p2a: Houndstone|Houndstone, F|100\/100\n|turn|17\n|c|\u2606PretzelEra|...\n|\n|t:|1700270269\n|move|p2a: Houndstone|Last Respects|p1a: Chien-Pao\n|-resisted|p1a: Chien-Pao\n|-damage|p1a: Chien-Pao|0 fnt\n|faint|p1a: Chien-Pao\n|\n|-weather|Sandstorm|[upkeep]\n|upkeep\n|\n|t:|1700270278\n|switch|p1a: Donphan|Donphan, L1, M|100\/100\n|turn|18\n|\n|t:|1700270283\n|move|p2a: Houndstone|Will-O-Wisp|p1a: Donphan\n|-status|p1a: Donphan|brn\n|move|p1a: Donphan|Endeavor|p2a: Houndstone\n|-immune|p2a: Houndstone\n|\n|-weather|Sandstorm|[upkeep]\n|-damage|p1a: Donphan|93\/100 brn|[from] brn\n|upkeep\n|turn|19\n|\n|t:|1700270293\n|move|p1a: Donphan|Ice Shard|p2a: Houndstone\n|-damage|p2a: Houndstone|99\/100\n|-heal|p1a: Donphan|100\/100 brn|[from] item: Shell Bell|[of] p2a: Houndstone\n|move|p2a: Houndstone|Last Respects|p1a: Donphan\n|-ability|p1a: Donphan|Sturdy\n|-damage|p1a: Donphan|8\/100 brn\n|\n|-weather|none\n|-damage|p1a: Donphan|0 fnt|[from] brn\n|faint|p1a: Donphan\n|upkeep\n|c|\u2606voqgz on tiktok|doesnt effect my boy\n|\n|t:|1700270305\n|switch|p1a: Ursaluna|Ursaluna-Bloodmoon, M|100\/100\n|turn|20\n|\n|t:|1700270312\n|switch|p2a: Tyranitar|Tyranitar, M|88\/100 slp\n|-weather|Sandstorm|[from] ability: Sand Stream|[of] p2a: Tyranitar\n|move|p1a: Ursaluna|Blood Moon|p2a: Tyranitar\n|-resisted|p2a: Tyranitar\n|-damage|p2a: Tyranitar|67\/100 slp\n|\n|-weather|Sandstorm|[upkeep]\n|upkeep\n|turn|21\n|\n|t:|1700270323\n|-curestatus|p2a: Tyranitar|slp|[msg]\n|move|p2a: Tyranitar|Knock Off|p1a: Ursaluna\n|-damage|p1a: Ursaluna|66\/100\n|-enditem|p1a: Ursaluna|Leftovers|[from] move: Knock Off|[of] p2a: Tyranitar\n|move|p1a: Ursaluna|Moonblast|p2a: Tyranitar\n|-supereffective|p2a: Tyranitar\n|-damage|p2a: Tyranitar|23\/100\n|\n|-weather|Sandstorm|[upkeep]\n|upkeep\n|turn|22\n|\n|t:|1700270347\n|move|p2a: Tyranitar|Earthquake|p1a: Ursaluna\n|-damage|p1a: Ursaluna|45\/100\n|move|p1a: Ursaluna|Moonblast|p2a: Tyranitar\n|-supereffective|p2a: Tyranitar\n|-damage|p2a: Tyranitar|0 fnt\n|faint|p2a: Tyranitar\n|\n|-weather|Sandstorm|[upkeep]\n|upkeep\n|\n|t:|1700270355\n|switch|p2a: Houndstone|Houndstone, F|99\/100\n|turn|23\n|\n|t:|1700270366\n|-terastallize|p1a: Ursaluna|Ghost\n|move|p2a: Houndstone|Last Respects|p1a: Ursaluna\n|-supereffective|p1a: Ursaluna\n|-damage|p1a: Ursaluna|0 fnt\n|faint|p1a: Ursaluna\n|\n|-weather|Sandstorm|[upkeep]\n|upkeep\n|\n|t:|1700270371\n|switch|p1a: Zacian|Zacian-Crowned|100\/100\n|-ability|p1a: Zacian|Intrepid Sword|boost\n|-boost|p1a: Zacian|atk|1\n|turn|24\n|\n|t:|1700270377\n|move|p1a: Zacian|Behemoth Blade|p2a: Houndstone\n|-damage|p2a: Houndstone|25\/100\n|move|p2a: Houndstone|Last Respects|p1a: Zacian\n|-damage|p1a: Zacian|0 fnt\n|faint|p1a: Zacian\n|\n|-weather|Sandstorm|[upkeep]\n|upkeep\n|\n|t:|1700270381\n|switch|p1a: Ogerpon|Ogerpon-Hearthflame, F|100\/100\n|-ability|p1a: Ogerpon|Mold Breaker\n|turn|25\n|c|\u2606voqgz on tiktok|all orge now\n|\n|t:|1700270402\n|move|p2a: Houndstone|Last Respects|p1a: Ogerpon\n|-damage|p1a: Ogerpon|0 fnt\n|faint|p1a: Ogerpon\n|\n|win|voqgz on tiktok\n|c|\u2606PretzelEra|yay you finally won\n|c|\u2606PretzelEra|it only took 4 tries\n|c|\u2606voqgz on tiktok|lmaoo let me have my moment\n|c|\u2606voqgz on tiktok|f u tooo lmaoo\n|c|\u2606voqgz on tiktok|well tech 4 but its 3-1\n","uploadtime":1700270444,"views":5,"p1id":"pretzelera","p2id":"voqgzontiktok","formatid":"gen9anythinggoes","rating":0,"private":0,"password":""}