{"id":"gen9anythinggoes-1981197164","p1":"Hop15743","p2":"AlphaOmega07","format":"[Gen 9] Anything Goes","log":"|j|\u2606Hop15743\n|j|\u2606AlphaOmega07\n|t:|1698871615\n|gametype|singles\n|player|p1|Hop15743|hop-masters|1146\n|player|p2|AlphaOmega07|102|1064\n|teamsize|p1|6\n|teamsize|p2|6\n|gen|9\n|tier|[Gen 9] Anything Goes\n|rated|\n|rule|HP Percentage Mod: HP is shown in percentages\n|rule|Endless Battle Clause: Forcing endless battles is banned\n|clearpoke\n|poke|p1|Zacian-*|\n|poke|p1|Cinderace, F|\n|poke|p1|Decidueye, F|\n|poke|p1|Walking Wake|\n|poke|p1|Miraidon|\n|poke|p1|Mew|\n|poke|p2|Eternatus|\n|poke|p2|Donphan, L6, M|\n|poke|p2|Donphan, L6, F|\n|poke|p2|Donphan, L6, M|\n|poke|p2|Donphan, L6, M|\n|poke|p2|Donphan, L6, M|\n|teampreview\n|inactive|Battle timer is ON: inactive players will automatically lose when time's up. (requested by AlphaOmega07)\n|inactive|Hop15743 also wants the timer to be on.\n|\n|t:|1698871621\n|start\n|switch|p1a: Mew|Mew|100\/100\n|switch|p2a: Eternatus|Eternatus|100\/100\n|-ability|p2a: Eternatus|Pressure\n|turn|1\n|\n|t:|1698871627\n|-terastallize|p2a: Eternatus|Ghost\n|move|p2a: Eternatus|Toxic Spikes|p1a: Mew\n|-sidestart|p1: Hop15743|move: Toxic Spikes\n|move|p1a: Mew|Psychic|p2a: Eternatus\n|-damage|p2a: Eternatus|75\/100\n|\n|-heal|p2a: Eternatus|82\/100|[from] item: Leftovers\n|upkeep\n|turn|2\n|\n|t:|1698871636\n|move|p2a: Eternatus|Toxic Spikes|p1a: Mew\n|-sidestart|p1: Hop15743|move: Toxic Spikes\n|move|p1a: Mew|Psychic|p2a: Eternatus\n|-damage|p2a: Eternatus|55\/100\n|\n|-heal|p2a: Eternatus|62\/100|[from] item: Leftovers\n|upkeep\n|turn|3\n|\n|t:|1698871641\n|move|p2a: Eternatus|Shadow Ball|p1a: Mew\n|-supereffective|p1a: Mew\n|-damage|p1a: Mew|27\/100\n|move|p1a: Mew|Psychic|p2a: Eternatus\n|-damage|p2a: Eternatus|37\/100\n|\n|-heal|p2a: Eternatus|43\/100|[from] item: Leftovers\n|upkeep\n|turn|4\n|\n|t:|1698871656\n|move|p2a: Eternatus|Shadow Ball|p1a: Mew\n|-supereffective|p1a: Mew\n|-damage|p1a: Mew|0 fnt\n|faint|p1a: Mew\n|\n|-heal|p2a: Eternatus|49\/100|[from] item: Leftovers\n|upkeep\n|\n|t:|1698871669\n|switch|p1a: Decidueye|Decidueye, F|100\/100\n|-status|p1a: Decidueye|tox\n|turn|5\n|\n|t:|1698871676\n|move|p1a: Decidueye|Shadow Sneak|p2a: Eternatus\n|-supereffective|p2a: Eternatus\n|-damage|p2a: Eternatus|20\/100\n|move|p2a: Eternatus|Shadow Ball|p1a: Decidueye\n|-supereffective|p1a: Decidueye\n|-damage|p1a: Decidueye|26\/100 tox\n|-unboost|p1a: Decidueye|spd|1\n|\n|-heal|p2a: Eternatus|26\/100|[from] item: Leftovers\n|-damage|p1a: Decidueye|20\/100 tox|[from] psn\n|upkeep\n|turn|6\n|\n|t:|1698871689\n|move|p2a: Eternatus|Protect|p2a: Eternatus\n|-singleturn|p2a: Eternatus|Protect\n|move|p1a: Decidueye|Shadow Sneak|p2a: Eternatus\n|-activate|p2a: Eternatus|move: Protect\n|\n|-heal|p2a: Eternatus|33\/100|[from] item: Leftovers\n|-damage|p1a: Decidueye|8\/100 tox|[from] psn\n|upkeep\n|turn|7\n|\n|t:|1698871698\n|move|p2a: Eternatus|Protect||[still]\n|-fail|p2a: Eternatus\n|move|p1a: Decidueye|Shadow Sneak|p2a: Eternatus\n|-supereffective|p2a: Eternatus\n|-damage|p2a: Eternatus|4\/100\n|\n|-heal|p2a: Eternatus|10\/100|[from] item: Leftovers\n|-damage|p1a: Decidueye|0 fnt|[from] psn\n|faint|p1a: Decidueye\n|upkeep\n|\n|t:|1698871711\n|switch|p1a: Zacian|Zacian-Crowned|100\/100\n|-ability|p1a: Zacian|Intrepid Sword|boost\n|-boost|p1a: Zacian|atk|1\n|turn|8\n|\n|t:|1698871717\n|move|p2a: Eternatus|Protect|p2a: Eternatus\n|-singleturn|p2a: Eternatus|Protect\n|move|p1a: Zacian|Moonblast|p2a: Eternatus\n|-activate|p2a: Eternatus|move: Protect\n|\n|-heal|p2a: Eternatus|16\/100|[from] item: Leftovers\n|upkeep\n|turn|9\n|\n|t:|1698871730\n|move|p2a: Eternatus|Shadow Ball|p1a: Zacian\n|-damage|p1a: Zacian|70\/100\n|-unboost|p1a: Zacian|spd|1\n|move|p1a: Zacian|Moonblast|p2a: Eternatus\n|-damage|p2a: Eternatus|0 fnt\n|faint|p2a: Eternatus\n|\n|upkeep\n|\n|t:|1698871737\n|switch|p2a: Donphan|Donphan, L6, M|100\/100\n|turn|10\n|\n|t:|1698871754\n|move|p1a: Zacian|Behemoth Blade|p2a: Donphan\n|-ability|p2a: Donphan|Sturdy\n|-damage|p2a: Donphan|4\/100\n|move|p2a: Donphan|Endeavor|p1a: Zacian\n|-damage|p1a: Zacian|1\/100\n|-heal|p2a: Donphan|100\/100|[from] item: Shell Bell|[of] p1a: Zacian\n|\n|upkeep\n|turn|11\n|\n|t:|1698871765\n|move|p2a: Donphan|Ice Shard|p1a: Zacian\n|-resisted|p1a: Zacian\n|-damage|p1a: Zacian|0 fnt\n|faint|p1a: Zacian\n|\n|upkeep\n|\n|t:|1698871781\n|switch|p1a: Cinderace|Cinderace, F, shiny|100\/100\n|-status|p1a: Cinderace|tox\n|turn|12\n|\n|t:|1698871785\n|move|p1a: Cinderace|Court Change|p1a: Cinderace\n|-start|p1a: Cinderace|typechange|Normal|[from] ability: Libero\n|-swapsideconditions\n|-activate|p1a: Cinderace|move: Court Change\n|move|p2a: Donphan|Endeavor|p1a: Cinderace\n|-damage|p1a: Cinderace|9\/100 tox\n|\n|-damage|p1a: Cinderace|3\/100 tox|[from] psn\n|upkeep\n|turn|13\n|\n|t:|1698871795\n|move|p2a: Donphan|Protect|p2a: Donphan\n|-singleturn|p2a: Donphan|Protect\n|move|p1a: Cinderace|Pyro Ball|p2a: Donphan\n|-activate|p2a: Donphan|move: Protect\n|\n|-damage|p1a: Cinderace|0 fnt|[from] psn\n|faint|p1a: Cinderace\n|upkeep\n|\n|t:|1698871799\n|switch|p1a: Walking Wake|Walking Wake|100\/100\n|-enditem|p1a: Walking Wake|Booster Energy\n|-activate|p1a: Walking Wake|ability: Protosynthesis|[fromitem]\n|-start|p1a: Walking Wake|protosynthesisspa\n|turn|14\n|\n|t:|1698871811\n|move|p1a: Walking Wake|Hydro Steam|p2a: Donphan\n|-supereffective|p2a: Donphan\n|-ability|p2a: Donphan|Sturdy\n|-damage|p2a: Donphan|4\/100\n|move|p2a: Donphan|Endeavor|p1a: Walking Wake\n|-damage|p1a: Walking Wake|1\/100\n|-heal|p2a: Donphan|100\/100|[from] item: Shell Bell|[of] p1a: Walking Wake\n|\n|upkeep\n|turn|15\n|\n|t:|1698871822\n|move|p2a: Donphan|Ice Shard|p1a: Walking Wake\n|-damage|p1a: Walking Wake|0 fnt\n|faint|p1a: Walking Wake\n|-end|p1a: Walking Wake|Protosynthesis|[silent]\n|\n|upkeep\n|\n|t:|1698871832\n|switch|p1a: Miraidon|Miraidon|100\/100\n|-fieldstart|move: Electric Terrain|[from] ability: Hadron Engine|[of] p1a: Miraidon\n|turn|16\n|\n|t:|1698871836\n|move|p1a: Miraidon|Dragon Claw|p2a: Donphan\n|-ability|p2a: Donphan|Sturdy\n|-damage|p2a: Donphan|4\/100\n|move|p2a: Donphan|Endeavor|p1a: Miraidon\n|-damage|p1a: Miraidon|1\/100\n|-heal|p2a: Donphan|100\/100|[from] item: Shell Bell|[of] p1a: Miraidon\n|\n|upkeep\n|turn|17\n|-message|Hop15743 forfeited.\n|\n|win|AlphaOmega07\n|raw|Hop15743's rating: 1146 &rarr; <strong>1115<\/strong><br \/>(-31 for losing)\n|raw|AlphaOmega07's rating: 1064 &rarr; <strong>1101<\/strong><br \/>(+37 for winning)\n","uploadtime":1698871856,"views":8,"p1id":"hop15743","p2id":"alphaomega07","formatid":"gen9anythinggoes","rating":1101,"private":0,"password":""}