{"id":"gen9anythinggoes-1995165339","p1":"Exploke","p2":"Z Stayne","format":"[Gen 9] Anything Goes","log":"|j|\u2606Exploke\n|j|\u2606Z Stayne\n|t:|1700529886\n|gametype|singles\n|player|p1|Exploke|rocketgrunt|\n|player|p2|Z Stayne|266|\n|teamsize|p1|6\n|teamsize|p2|6\n|gen|9\n|tier|[Gen 9] Anything Goes\n|rule|HP Percentage Mod: HP is shown in percentages\n|rule|Endless Battle Clause: Forcing endless battles is banned\n|clearpoke\n|poke|p1|Baxcalibur, F|\n|poke|p1|Gengar, M|\n|poke|p1|Slowking, M|\n|poke|p1|Gliscor, M|\n|poke|p1|Clefable, M|\n|poke|p1|Dipplin, M|\n|poke|p2|Ursaluna-Bloodmoon, M|\n|poke|p2|Greninja-*, M|\n|poke|p2|Goodra-Hisui, F|\n|poke|p2|Donphan, M|\n|poke|p2|Spidops, F|\n|poke|p2|Jolteon, F|\n|teampreview\n|\n|t:|1700529914\n|start\n|switch|p1a: Gengar|Gengar, M, shiny|100\/100\n|switch|p2a: Spidops|Spidops, F|100\/100\n|turn|1\n|\n|t:|1700529972\n|move|p1a: Gengar|Shadow Ball|p2a: Spidops\n|-damage|p2a: Spidops|54\/100\n|-unboost|p2a: Spidops|spd|1\n|move|p2a: Spidops|Spikes|p1a: Gengar\n|-sidestart|p1: Exploke|Spikes\n|\n|-heal|p2a: Spidops|60\/100|[from] item: Leftovers\n|upkeep\n|turn|2\n|\n|t:|1700529988\n|move|p1a: Gengar|Shadow Ball|p2a: Spidops\n|-damage|p2a: Spidops|0 fnt\n|faint|p2a: Spidops\n|\n|upkeep\n|\n|t:|1700530081\n|switch|p2a: Greninja|Greninja, M|100\/100\n|turn|3\n|\n|t:|1700530129\n|move|p2a: Greninja|Dark Pulse|p1a: Gengar\n|-supereffective|p1a: Gengar\n|-enditem|p1a: Gengar|Focus Sash\n|-damage|p1a: Gengar|1\/100\n|move|p1a: Gengar|Energy Ball|p2a: Greninja\n|-supereffective|p2a: Greninja\n|-damage|p2a: Greninja|7\/100\n|\n|upkeep\n|turn|4\n|\n|t:|1700530237\n|switch|p1a: Dipplin|Dipplin, M, shiny|100\/100\n|-damage|p1a: Dipplin|88\/100|[from] Spikes\n|move|p2a: Greninja|Dark Pulse|p1a: Dipplin\n|-damage|p1a: Dipplin|66\/100\n|\n|upkeep\n|turn|5\n|\n|t:|1700530250\n|switch|p2a: Goodra|Goodra-Hisui, F, shiny|100\/100\n|move|p1a: Dipplin|Energy Ball|p2a: Goodra\n|-resisted|p2a: Goodra\n|-damage|p2a: Goodra|97\/100\n|-unboost|p2a: Goodra|spd|1\n|\n|upkeep\n|turn|6\n|\n|t:|1700530353\n|move|p2a: Goodra|Flash Cannon|p1a: Dipplin\n|-damage|p1a: Dipplin|48\/100\n|move|p1a: Dipplin|Dragon Pulse|p2a: Goodra\n|-damage|p2a: Goodra|77\/100\n|\n|upkeep\n|turn|7\n|\n|t:|1700530405\n|switch|p1a: Gliscor|Gliscor, M, shiny|100\/100\n|move|p2a: Goodra|Ice Beam|p1a: Gliscor\n|-supereffective|p1a: Gliscor\n|-damage|p1a: Gliscor|0 fnt\n|faint|p1a: Gliscor\n|\n|upkeep\n|\n|t:|1700530449\n|switch|p1a: Dipplin|Dipplin, M, shiny|48\/100\n|-damage|p1a: Dipplin|35\/100|[from] Spikes\n|turn|8\n|\n|t:|1700530453\n|move|p2a: Goodra|Ice Beam|p1a: Dipplin\n|-supereffective|p1a: Dipplin\n|-crit|p1a: Dipplin\n|-damage|p1a: Dipplin|0 fnt\n|faint|p1a: Dipplin\n|\n|upkeep\n|\n|t:|1700530481\n|switch|p1a: Baxcalibur|Baxcalibur, F, shiny|100\/100\n|-damage|p1a: Baxcalibur|88\/100|[from] Spikes\n|turn|9\n|\n|t:|1700530610\n|move|p1a: Baxcalibur|Earthquake|p2a: Goodra\n|-supereffective|p2a: Goodra\n|-damage|p2a: Goodra|0 fnt\n|faint|p2a: Goodra\n|\n|upkeep\n|\n|t:|1700530706\n|switch|p2a: Jolteon|Jolteon, F, shiny|100\/100\n|turn|10\n|\n|t:|1700530722\n|-terastallize|p2a: Jolteon|Fairy\n|move|p2a: Jolteon|Tera Blast|p1a: Baxcalibur|[anim] Tera Blast Fairy\n|-supereffective|p1a: Baxcalibur\n|-damage|p1a: Baxcalibur|0 fnt\n|faint|p1a: Baxcalibur\n|-damage|p2a: Jolteon|91\/100|[from] item: Life Orb\n|\n|upkeep\n|\n|t:|1700530799\n|switch|p1a: Clefable|Clefable, M, shiny|100\/100\n|turn|11\n|\n|t:|1700530872\n|move|p2a: Jolteon|Volt Switch|p1a: Clefable\n|-crit|p1a: Clefable\n|-damage|p1a: Clefable|36\/100\n|-damage|p2a: Jolteon|81\/100|[from] item: Life Orb\n|\n|t:|1700530878\n|switch|p2a: Donphan|Donphan, M, shiny|100\/100|[from] Volt Switch\n|move|p1a: Clefable|Stealth Rock|p2a: Donphan\n|-sidestart|p2: Z Stayne|move: Stealth Rock\n|\n|-heal|p1a: Clefable|42\/100|[from] item: Leftovers\n|upkeep\n|turn|12\n|\n|t:|1700530906\n|move|p1a: Clefable|Protect|p1a: Clefable\n|-singleturn|p1a: Clefable|Protect\n|move|p2a: Donphan|Rapid Spin|p1a: Clefable\n|-activate|p1a: Clefable|move: Protect\n|\n|-heal|p1a: Clefable|48\/100|[from] item: Leftovers\n|upkeep\n|turn|13\n|\n|t:|1700530970\n|switch|p1a: Slowking|Slowking, M, shiny|100\/100\n|-damage|p1a: Slowking|88\/100|[from] Spikes\n|move|p2a: Donphan|Rapid Spin|p1a: Slowking\n|-damage|p1a: Slowking|74\/100\n|-boost|p2a: Donphan|spe|1\n|-sideend|p2: Z Stayne|Stealth Rock|[from] move: Rapid Spin|[of] p2a: Donphan\n|\n|upkeep\n|turn|14\n|\n|t:|1700531038\n|move|p2a: Donphan|Knock Off|p1a: Slowking\n|-supereffective|p1a: Slowking\n|-damage|p1a: Slowking|19\/100\n|-enditem|p1a: Slowking|Assault Vest|[from] move: Knock Off|[of] p2a: Donphan\n|move|p1a: Slowking|Scald|p2a: Donphan\n|-supereffective|p2a: Donphan\n|-damage|p2a: Donphan|23\/100\n|-status|p2a: Donphan|brn\n|\n|-heal|p2a: Donphan|29\/100 brn|[from] item: Leftovers\n|-damage|p2a: Donphan|23\/100 brn|[from] brn\n|upkeep\n|turn|15\n|\n|t:|1700531078\n|switch|p1a: Clefable|Clefable, M, shiny|48\/100\n|move|p2a: Donphan|Knock Off|p1a: Clefable\n|-resisted|p1a: Clefable\n|-damage|p1a: Clefable|43\/100\n|-enditem|p1a: Clefable|Leftovers|[from] move: Knock Off|[of] p2a: Donphan\n|\n|-heal|p2a: Donphan|29\/100 brn|[from] item: Leftovers\n|-damage|p2a: Donphan|23\/100 brn|[from] brn\n|upkeep\n|turn|16\n|\n|t:|1700531239\n|switch|p2a: Ursaluna|Ursaluna-Bloodmoon, M|100\/100\n|move|p1a: Clefable|Moonblast|p2a: Ursaluna\n|-damage|p2a: Ursaluna|66\/100\n|\n|-heal|p2a: Ursaluna|72\/100|[from] item: Leftovers\n|upkeep\n|turn|17\n|\n|t:|1700531298\n|move|p1a: Clefable|Protect|p1a: Clefable\n|-singleturn|p1a: Clefable|Protect\n|move|p2a: Ursaluna|Blood Moon|p1a: Clefable\n|-activate|p1a: Clefable|move: Protect\n|\n|-heal|p2a: Ursaluna|78\/100|[from] item: Leftovers\n|upkeep\n|turn|18\n|\n|t:|1700531369\n|switch|p1a: Slowking|Slowking, M, shiny|53\/100\n|-damage|p1a: Slowking|40\/100|[from] Spikes\n|move|p2a: Ursaluna|Calm Mind|p2a: Ursaluna\n|-boost|p2a: Ursaluna|spa|1\n|-boost|p2a: Ursaluna|spd|1\n|\n|-heal|p2a: Ursaluna|84\/100|[from] item: Leftovers\n|upkeep\n|turn|19\n|c|\u2606Exploke|I had to look what Blood Moon was lolol\n|c|\u2606Exploke|Cool move\n|\n|t:|1700531447\n|move|p2a: Ursaluna|Blood Moon|p1a: Slowking\n|-damage|p1a: Slowking|0 fnt\n|faint|p1a: Slowking\n|\n|-heal|p2a: Ursaluna|90\/100|[from] item: Leftovers\n|upkeep\n|\n|t:|1700531458\n|switch|p1a: Gengar|Gengar, M, shiny|1\/100\n|-damage|p1a: Gengar|0 fnt|[from] Spikes\n|faint|p1a: Gengar\n|\n|t:|1700531462\n|switch|p1a: Clefable|Clefable, M, shiny|43\/100\n|turn|20\n|\n|t:|1700531467\n|move|p1a: Clefable|Protect|p1a: Clefable\n|-singleturn|p1a: Clefable|Protect\n|move|p2a: Ursaluna|Earth Power|p1a: Clefable\n|-activate|p1a: Clefable|move: Protect\n|\n|-heal|p2a: Ursaluna|96\/100|[from] item: Leftovers\n|upkeep\n|turn|21\n|\n|t:|1700531479\n|move|p1a: Clefable|Moonblast|p2a: Ursaluna\n|-damage|p2a: Ursaluna|70\/100\n|move|p2a: Ursaluna|Blood Moon|p1a: Clefable\n|-damage|p1a: Clefable|0 fnt\n|faint|p1a: Clefable\n|\n|win|Z Stayne\n|c|\u2606Z Stayne|gg!\n|c|\u2606Exploke|GG\n","uploadtime":1700531586,"views":9,"p1id":"exploke","p2id":"zstayne","formatid":"gen9anythinggoes","rating":0,"private":0,"password":""}