{"id":"gen9anythinggoes-1997735223","p1":"jb291","p2":"Yokoisop","format":"[Gen 9] Anything Goes","log":"|j|\u2606jb291\n|j|\u2606Yokoisop\n|inactive|Battle timer is ON: inactive players will automatically lose when time's up.\n|t:|1700847089\n|gametype|singles\n|player|p1|jb291|cyrus-masters|\n|player|p2|Yokoisop|anabel|\n|teamsize|p1|6\n|teamsize|p2|6\n|gen|9\n|tier|[Gen 9] Anything Goes\n|rated|Tournament battle\n|rule|HP Percentage Mod: HP is shown in percentages\n|rule|Endless Battle Clause: Forcing endless battles is banned\n|rule|Re-Evolution Mod: Pok\u00e9mon gain the boosts they would gain from evolving again\n|rule|Sleep Moves Clause: Sleep-inducing moves are banned\n|rule|Species Clause: Limit one of each Pok\u00e9mon\n|rule|OHKO Clause: OHKO moves are banned\n|rule|Evasion Moves Clause: Evasion moves are banned\n|rule|Terastal Clause: You cannot Terastallize\n|clearpoke\n|poke|p1|Umbreon, M|\n|poke|p1|Clodsire, F|\n|poke|p1|Toxapex, F|\n|poke|p1|Garganacl, F|\n|poke|p1|Corviknight, F|\n|poke|p1|Dipplin, F|\n|poke|p2|Grimmsnarl, M|\n|poke|p2|Ditto|\n|poke|p2|Gallade, M|\n|poke|p2|Samurott-Hisui, F|\n|poke|p2|Garchomp, F|\n|poke|p2|Slowking-Galar, M|\n|teampreview\n|inactive|jb291 also wants the timer to be on.\n|j|#KaenSoul\n|j| Time2Bonk\n|c|\u2606Yokoisop|thats why the game took so long\n|\n|t:|1700847103\n|start\n|switch|p1a: Toxapex|Toxapex, F|100\/100\n|switch|p2a: Garchomp|Garchomp, F|100\/100\n|turn|1\n|\n|t:|1700847106\n|move|p2a: Garchomp|Substitute|p2a: Garchomp\n|-start|p2a: Garchomp|Substitute\n|-damage|p2a: Garchomp|76\/100\n|move|p1a: Toxapex|Toxic Spikes|p2a: Garchomp\n|-sidestart|p2: Yokoisop|move: Toxic Spikes\n|\n|-heal|p2a: Garchomp|82\/100|[from] item: Leftovers\n|upkeep\n|turn|2\n|\n|t:|1700847109\n|switch|p1a: Umbreon|Umbreon, M|100\/100\n|move|p2a: Garchomp|Swords Dance|p2a: Garchomp\n|-boost|p2a: Garchomp|atk|2\n|\n|-heal|p2a: Garchomp|88\/100|[from] item: Leftovers\n|upkeep\n|turn|3\n|\n|t:|1700847112\n|move|p2a: Garchomp|Earthquake|p1a: Umbreon\n|-damage|p1a: Umbreon|57\/100\n|move|p1a: Umbreon|Foul Play|p2a: Garchomp\n|-end|p2a: Garchomp|Substitute\n|\n|-heal|p2a: Garchomp|94\/100|[from] item: Leftovers\n|-heal|p1a: Umbreon|64\/100|[from] item: Leftovers\n|upkeep\n|turn|4\n|\n|t:|1700847118\n|move|p2a: Garchomp|Substitute|p2a: Garchomp\n|-start|p2a: Garchomp|Substitute\n|-damage|p2a: Garchomp|69\/100\n|move|p1a: Umbreon|Wish|p1a: Umbreon\n|\n|-heal|p2a: Garchomp|75\/100|[from] item: Leftovers\n|-heal|p1a: Umbreon|70\/100|[from] item: Leftovers\n|upkeep\n|turn|5\n|\n|t:|1700847124\n|move|p2a: Garchomp|Earthquake|p1a: Umbreon\n|-damage|p1a: Umbreon|26\/100\n|move|p1a: Umbreon|Foul Play|p2a: Garchomp\n|-end|p2a: Garchomp|Substitute\n|\n|-heal|p1a: Umbreon|76\/100|[from] move: Wish|[wisher] Umbreon\n|-heal|p2a: Garchomp|81\/100|[from] item: Leftovers\n|-heal|p1a: Umbreon|82\/100|[from] item: Leftovers\n|upkeep\n|turn|6\n|\n|t:|1700847128\n|switch|p2a: Slowking|Slowking-Galar, M|100\/100\n|-sideend|p2: Yokoisop|move: Toxic Spikes|[of] p2a: Slowking\n|move|p1a: Umbreon|Foul Play|p2a: Slowking\n|-supereffective|p2a: Slowking\n|-damage|p2a: Slowking|80\/100\n|\n|-heal|p1a: Umbreon|88\/100|[from] item: Leftovers\n|upkeep\n|turn|7\n|\n|t:|1700847136\n|switch|p1a: Toxapex|Toxapex, F|100\/100\n|switch|p2a: Samurott|Samurott-Hisui, F|100\/100\n|\n|upkeep\n|turn|8\n|\n|t:|1700847139\n|move|p1a: Toxapex|Baneful Bunker|p1a: Toxapex\n|-singleturn|p1a: Toxapex|move: Protect\n|move|p2a: Samurott|Ceaseless Edge|p1a: Toxapex\n|-activate|p1a: Toxapex|move: Protect\n|-status|p2a: Samurott|psn\n|\n|-damage|p2a: Samurott|88\/100 psn|[from] psn\n|upkeep\n|turn|9\n|\n|t:|1700847142\n|switch|p2a: Garchomp|Garchomp, F|81\/100\n|switch|p1a: Corviknight|Corviknight, F|100\/100\n|-ability|p1a: Corviknight|Pressure\n|\n|-heal|p2a: Garchomp|87\/100|[from] item: Leftovers\n|upkeep\n|turn|10\n|\n|t:|1700847146\n|move|p2a: Garchomp|Substitute|p2a: Garchomp\n|-start|p2a: Garchomp|Substitute\n|-damage|p2a: Garchomp|62\/100\n|move|p1a: Corviknight|Iron Defense|p1a: Corviknight\n|-boost|p1a: Corviknight|def|2\n|\n|-heal|p2a: Garchomp|68\/100|[from] item: Leftovers\n|upkeep\n|turn|11\n|\n|t:|1700847149\n|move|p2a: Garchomp|Swords Dance|p2a: Garchomp\n|-boost|p2a: Garchomp|atk|2\n|move|p1a: Corviknight|Brave Bird|p2a: Garchomp\n|-end|p2a: Garchomp|Substitute\n|-damage|p1a: Corviknight|92\/100|[from] Recoil|[of] p2a: Garchomp\n|\n|-heal|p2a: Garchomp|74\/100|[from] item: Leftovers\n|-heal|p1a: Corviknight|98\/100|[from] item: Leftovers\n|upkeep\n|turn|12\n|\n|t:|1700847151\n|move|p2a: Garchomp|Swords Dance|p2a: Garchomp\n|-boost|p2a: Garchomp|atk|2\n|move|p1a: Corviknight|Brave Bird|p2a: Garchomp\n|-damage|p2a: Garchomp|48\/100\n|-damage|p1a: Corviknight|86\/100|[from] ability: Rough Skin|[of] p2a: Garchomp\n|-damage|p1a: Corviknight|77\/100|[from] Recoil\n|\n|-heal|p2a: Garchomp|54\/100|[from] item: Leftovers\n|-heal|p1a: Corviknight|83\/100|[from] item: Leftovers\n|upkeep\n|turn|13\n|\n|t:|1700847154\n|move|p2a: Garchomp|Swords Dance|p2a: Garchomp\n|-boost|p2a: Garchomp|atk|2\n|move|p1a: Corviknight|Brave Bird|p2a: Garchomp\n|-damage|p2a: Garchomp|28\/100\n|-damage|p1a: Corviknight|71\/100|[from] ability: Rough Skin|[of] p2a: Garchomp\n|-damage|p1a: Corviknight|62\/100|[from] Recoil\n|\n|-heal|p2a: Garchomp|35\/100|[from] item: Leftovers\n|-heal|p1a: Corviknight|68\/100|[from] item: Leftovers\n|upkeep\n|turn|14\n|\n|t:|1700847158\n|move|p2a: Garchomp|Dragon Claw|p1a: Corviknight\n|-resisted|p1a: Corviknight\n|-damage|p1a: Corviknight|47\/100\n|move|p1a: Corviknight|Roost|p1a: Corviknight\n|-heal|p1a: Corviknight|97\/100\n|-singleturn|p1a: Corviknight|move: Roost\n|\n|-heal|p2a: Garchomp|41\/100|[from] item: Leftovers\n|-heal|p1a: Corviknight|100\/100|[from] item: Leftovers\n|upkeep\n|turn|15\n|\n|t:|1700847161\n|move|p2a: Garchomp|Dragon Claw|p1a: Corviknight\n|-resisted|p1a: Corviknight\n|-damage|p1a: Corviknight|80\/100\n|move|p1a: Corviknight|Brave Bird|p2a: Garchomp\n|-damage|p2a: Garchomp|12\/100\n|-damage|p1a: Corviknight|67\/100|[from] ability: Rough Skin|[of] p2a: Garchomp\n|-damage|p1a: Corviknight|58\/100|[from] Recoil\n|\n|-heal|p2a: Garchomp|18\/100|[from] item: Leftovers\n|-heal|p1a: Corviknight|64\/100|[from] item: Leftovers\n|upkeep\n|turn|16\n|\n|t:|1700847164\n|move|p2a: Garchomp|Dragon Claw|p1a: Corviknight\n|-resisted|p1a: Corviknight\n|-damage|p1a: Corviknight|44\/100\n|move|p1a: Corviknight|Roost|p1a: Corviknight\n|-heal|p1a: Corviknight|94\/100\n|-singleturn|p1a: Corviknight|move: Roost\n|\n|-heal|p2a: Garchomp|24\/100|[from] item: Leftovers\n|-heal|p1a: Corviknight|99\/100|[from] item: Leftovers\n|upkeep\n|turn|17\n|\n|t:|1700847167\n|move|p2a: Garchomp|Dragon Claw|p1a: Corviknight\n|-resisted|p1a: Corviknight\n|-damage|p1a: Corviknight|81\/100\n|move|p1a: Corviknight|Brave Bird|p2a: Garchomp\n|-damage|p2a: Garchomp|0 fnt\n|-damage|p1a: Corviknight|69\/100|[from] ability: Rough Skin|[of] p2a: Garchomp\n|faint|p2a: Garchomp\n|-damage|p1a: Corviknight|61\/100|[from] Recoil\n|\n|-heal|p1a: Corviknight|67\/100|[from] item: Leftovers\n|upkeep\n|\n|t:|1700847171\n|switch|p2a: Slowking|Slowking-Galar, M|100\/100\n|turn|18\n|\n|t:|1700847174\n|switch|p1a: Toxapex|Toxapex, F|100\/100\n|move|p2a: Slowking|Calm Mind|p2a: Slowking\n|-boost|p2a: Slowking|spa|1\n|-boost|p2a: Slowking|spd|1\n|\n|upkeep\n|turn|19\n|\n|t:|1700847185\n|move|p2a: Slowking|Psyshock|p1a: Toxapex\n|-supereffective|p1a: Toxapex\n|-damage|p1a: Toxapex|37\/100\n|move|p1a: Toxapex|Haze|p1a: Toxapex\n|-clearallboost\n|\n|upkeep\n|turn|20\n|\n|t:|1700847189\n|switch|p1a: Garganacl|Garganacl, F|100\/100\n|move|p2a: Slowking|Calm Mind|p2a: Slowking\n|-boost|p2a: Slowking|spa|1\n|-boost|p2a: Slowking|spd|1\n|\n|upkeep\n|turn|21\n|\n|t:|1700847192\n|move|p2a: Slowking|Sludge Bomb|p1a: Garganacl\n|-resisted|p1a: Garganacl\n|-damage|p1a: Garganacl|84\/100\n|move|p1a: Garganacl|Salt Cure|p2a: Slowking\n|-damage|p2a: Slowking|89\/100\n|-start|p2a: Slowking|Salt Cure\n|\n|-heal|p1a: Garganacl|90\/100|[from] item: Leftovers\n|-damage|p2a: Slowking|77\/100|[from] Salt Cure\n|upkeep\n|turn|22\n|\n|t:|1700847196\n|switch|p2a: Gallade|Gallade, M|100\/100\n|move|p1a: Garganacl|Stealth Rock|p2a: Gallade\n|-sidestart|p2: Yokoisop|move: Stealth Rock\n|\n|-heal|p1a: Garganacl|96\/100|[from] item: Leftovers\n|upkeep\n|turn|23\n|\n|t:|1700847200\n|switch|p1a: Dipplin|Dipplin, F|100\/100\n|move|p2a: Gallade|Trick|p1a: Dipplin\n|-immune|p1a: Dipplin\n|\n|upkeep\n|turn|24\n|\n|t:|1700847206\n|switch|p2a: Slowking|Slowking-Galar, M|100\/100\n|move|p1a: Dipplin|Dragon Tail|p2a: Slowking\n|-damage|p2a: Slowking|86\/100\n|drag|p2a: Ditto|Ditto|100\/100\n|-damage|p2a: Ditto|88\/100|[from] Stealth Rock\n|-transform|p2a: Ditto|p1a: Dipplin|[from] ability: Imposter\n|\n|upkeep\n|turn|25\n|\n|t:|1700847212\n|switch|p1a: Toxapex|Toxapex, F|70\/100\n|move|p2a: Ditto|Infestation|p1a: Toxapex\n|-resisted|p1a: Toxapex\n|-crit|p1a: Toxapex\n|-damage|p1a: Toxapex|68\/100\n|-activate|p1a: Toxapex|move: Infestation|[of] p2a: Ditto\n|-damage|p2a: Ditto|71\/100|[from] item: Rocky Helmet|[of] p1a: Toxapex\n|\n|-damage|p1a: Toxapex|56\/100|[from] move: Infestation|[partiallytrapped]\n|upkeep\n|turn|26\n|\n|t:|1700847217\n|switch|p2a: Slowking|Slowking-Galar, M|100\/100\n|move|p1a: Toxapex|Toxic Spikes|p2a: Slowking\n|-sidestart|p2: Yokoisop|move: Toxic Spikes\n|\n|-end|p1a: Toxapex|Infestation|[partiallytrapped]|[silent]\n|upkeep\n|turn|27\n|\n|t:|1700847222\n|switch|p2a: Samurott|Samurott-Hisui, F|88\/100 psn\n|-damage|p2a: Samurott|76\/100 psn|[from] Stealth Rock\n|switch|p1a: Garganacl|Garganacl, F|96\/100\n|\n|-heal|p1a: Garganacl|100\/100|[from] item: Leftovers\n|-damage|p2a: Samurott|64\/100 psn|[from] psn\n|upkeep\n|turn|28\n|\n|t:|1700847226\n|move|p1a: Garganacl|Protect|p1a: Garganacl\n|-singleturn|p1a: Garganacl|Protect\n|move|p2a: Samurott|Ceaseless Edge|p1a: Garganacl\n|-activate|p1a: Garganacl|move: Protect\n|\n|-damage|p2a: Samurott|51\/100 psn|[from] psn\n|upkeep\n|turn|29\n|\n|t:|1700847229\n|move|p2a: Samurott|Razor Shell|p1a: Garganacl\n|-supereffective|p1a: Garganacl\n|-damage|p1a: Garganacl|29\/100\n|-unboost|p1a: Garganacl|def|1\n|-damage|p2a: Samurott|42\/100 psn|[from] item: Life Orb\n|move|p1a: Garganacl|Salt Cure|p2a: Samurott\n|-damage|p2a: Samurott|22\/100 psn\n|-start|p2a: Samurott|Salt Cure\n|\n|-heal|p1a: Garganacl|35\/100|[from] item: Leftovers\n|-damage|p2a: Samurott|10\/100 psn|[from] psn\n|-damage|p2a: Samurott|0 fnt|[from] Salt Cure\n|faint|p2a: Samurott\n|upkeep\n|\n|t:|1700847236\n|switch|p2a: Gallade|Gallade, M|100\/100\n|-damage|p2a: Gallade|94\/100|[from] Stealth Rock\n|-status|p2a: Gallade|psn\n|turn|30\n|\n|t:|1700847239\n|move|p1a: Garganacl|Protect|p1a: Garganacl\n|-singleturn|p1a: Garganacl|Protect\n|move|p2a: Gallade|Psycho Cut|p1a: Garganacl\n|-activate|p1a: Garganacl|move: Protect\n|\n|-heal|p1a: Garganacl|41\/100|[from] item: Leftovers\n|-damage|p2a: Gallade|82\/100 psn|[from] psn\n|upkeep\n|turn|31\n|\n|t:|1700847242\n|switch|p1a: Umbreon|Umbreon, M|88\/100\n|move|p2a: Gallade|Psycho Cut|p1a: Umbreon\n|-immune|p1a: Umbreon\n|\n|-heal|p1a: Umbreon|95\/100|[from] item: Leftovers\n|-damage|p2a: Gallade|69\/100 psn|[from] psn\n|upkeep\n|turn|32\n|\n|t:|1700847244\n|switch|p2a: Slowking|Slowking-Galar, M|100\/100\n|-sideend|p2: Yokoisop|move: Toxic Spikes|[of] p2a: Slowking\n|move|p1a: Umbreon|Foul Play|p2a: Slowking\n|-supereffective|p2a: Slowking\n|-damage|p2a: Slowking|81\/100\n|\n|-heal|p1a: Umbreon|100\/100|[from] item: Leftovers\n|upkeep\n|turn|33\n|\n|t:|1700847254\n|switch|p1a: Garganacl|Garganacl, F|41\/100\n|move|p2a: Slowking|Calm Mind|p2a: Slowking\n|-boost|p2a: Slowking|spa|1\n|-boost|p2a: Slowking|spd|1\n|\n|-heal|p1a: Garganacl|47\/100|[from] item: Leftovers\n|upkeep\n|turn|34\n|\n|t:|1700847257\n|move|p2a: Slowking|Psyshock|p1a: Garganacl\n|-damage|p1a: Garganacl|14\/100\n|move|p1a: Garganacl|Salt Cure|p2a: Slowking\n|-damage|p2a: Slowking|68\/100\n|-start|p2a: Slowking|Salt Cure\n|\n|-heal|p1a: Garganacl|21\/100|[from] item: Leftovers\n|-damage|p2a: Slowking|56\/100|[from] Salt Cure\n|upkeep\n|turn|35\n|\n|t:|1700847261\n|switch|p1a: Umbreon|Umbreon, M|100\/100\n|move|p2a: Slowking|Flamethrower|p1a: Umbreon\n|-damage|p1a: Umbreon|79\/100\n|\n|-heal|p1a: Umbreon|85\/100|[from] item: Leftovers\n|-damage|p2a: Slowking|43\/100|[from] Salt Cure\n|upkeep\n|turn|36\n|\n|t:|1700847264\n|move|p1a: Umbreon|Wish|p1a: Umbreon\n|move|p2a: Slowking|Sludge Bomb|p1a: Umbreon\n|-damage|p1a: Umbreon|53\/100\n|-status|p1a: Umbreon|psn\n|-activate|p1a: Umbreon|ability: Synchronize\n|-immune|p2a: Slowking\n|\n|-heal|p1a: Umbreon|59\/100 psn|[from] item: Leftovers\n|-damage|p1a: Umbreon|47\/100 psn|[from] psn\n|-damage|p2a: Slowking|31\/100|[from] Salt Cure\n|upkeep\n|turn|37\n|\n|t:|1700847268\n|switch|p2a: Grimmsnarl|Grimmsnarl, M|100\/100\n|-damage|p2a: Grimmsnarl|88\/100|[from] Stealth Rock\n|move|p1a: Umbreon|Foul Play|p2a: Grimmsnarl\n|-resisted|p2a: Grimmsnarl\n|-damage|p2a: Grimmsnarl|76\/100\n|\n|-heal|p1a: Umbreon|96\/100 psn|[from] move: Wish|[wisher] Umbreon\n|-heal|p1a: Umbreon|100\/100 psn|[from] item: Leftovers\n|-damage|p1a: Umbreon|88\/100 psn|[from] psn\n|upkeep\n|turn|38\n|\n|t:|1700847273\n|switch|p2a: Gallade|Gallade, M|69\/100 psn\n|-damage|p2a: Gallade|63\/100 psn|[from] Stealth Rock\n|move|p1a: Umbreon|Wish|p1a: Umbreon\n|\n|-heal|p1a: Umbreon|94\/100 psn|[from] item: Leftovers\n|-damage|p2a: Gallade|51\/100 psn|[from] psn\n|-damage|p1a: Umbreon|82\/100 psn|[from] psn\n|upkeep\n|turn|39\n|l| Time2Bonk\n|\n|t:|1700847280\n|switch|p1a: Dipplin|Dipplin, F|100\/100\n|move|p2a: Gallade|Trick|p1a: Dipplin\n|-immune|p1a: Dipplin\n|\n|-damage|p2a: Gallade|38\/100 psn|[from] psn\n|upkeep\n|turn|40\n|\n|t:|1700847284\n|switch|p2a: Slowking|Slowking-Galar, M|64\/100\n|move|p1a: Dipplin|Infestation|p2a: Slowking\n|-damage|p2a: Slowking|60\/100\n|-activate|p2a: Slowking|move: Infestation|[of] p1a: Dipplin\n|\n|-damage|p2a: Slowking|48\/100|[from] move: Infestation|[partiallytrapped]\n|upkeep\n|turn|41\n|\n|t:|1700847291\n|move|p1a: Dipplin|Giga Drain|p2a: Slowking\n|-resisted|p2a: Slowking\n|-damage|p2a: Slowking|40\/100\n|move|p2a: Slowking|Psyshock|p1a: Dipplin\n|-damage|p1a: Dipplin|87\/100\n|\n|-damage|p2a: Slowking|27\/100|[from] move: Infestation|[partiallytrapped]\n|upkeep\n|turn|42\n|\n|t:|1700847295\n|move|p1a: Dipplin|Giga Drain|p2a: Slowking\n|-resisted|p2a: Slowking\n|-damage|p2a: Slowking|19\/100\n|-heal|p1a: Dipplin|91\/100|[from] drain|[of] p2a: Slowking\n|move|p2a: Slowking|Sludge Bomb|p1a: Dipplin\n|-supereffective|p1a: Dipplin\n|-damage|p1a: Dipplin|45\/100\n|\n|-damage|p2a: Slowking|6\/100|[from] move: Infestation|[partiallytrapped]\n|upkeep\n|turn|43\n|\n|t:|1700847298\n|move|p1a: Dipplin|Recover|p1a: Dipplin\n|-heal|p1a: Dipplin|95\/100\n|move|p2a: Slowking|Sludge Bomb|p1a: Dipplin\n|-supereffective|p1a: Dipplin\n|-damage|p1a: Dipplin|52\/100\n|\n|-damage|p2a: Slowking|0 fnt|[from] move: Infestation|[partiallytrapped]\n|faint|p2a: Slowking\n|upkeep\n|c|\u2606Yokoisop|yea cant really do anything here\n|-message|Yokoisop forfeited.\n|\n|win|jb291\n|n|\u2606jb291|jb291\n|n|\u2606Yokoisop|yokoisop\n|n|+KaenSoul|kaensoul\n","uploadtime":1700847309,"views":0,"p1id":"jb291","p2id":"yokoisop","formatid":"gen9anythinggoes","rating":0,"private":0,"password":""}