{"id":"gen9anythinggoes-1975291664","p1":"Im dead meat","p2":"TreBucet","format":"[Gen 9] Anything Goes","log":"|j|\u2606Im dead meat\n|j|\u2606TreBucet\n|t:|1698177078\n|gametype|singles\n|player|p1|Im dead meat|101|1038\n|player|p2|TreBucet|grimsley|1131\n|teamsize|p1|6\n|teamsize|p2|6\n|gen|9\n|tier|[Gen 9] Anything Goes\n|rated|\n|rule|HP Percentage Mod: HP is shown in percentages\n|rule|Endless Battle Clause: Forcing endless battles is banned\n|clearpoke\n|poke|p1|Delibird, M|\n|poke|p1|Delibird, M|\n|poke|p1|Delibird, M|\n|poke|p1|Delibird, M|\n|poke|p1|Delibird, M|\n|poke|p1|Delibird, M|\n|poke|p2|Houndstone, M|\n|poke|p2|Tyranitar, F|\n|poke|p2|Glimmora, F|\n|poke|p2|Flutter Mane|\n|poke|p2|Eternatus|\n|poke|p2|Zoroark, M|\n|teampreview\n|c|\u2606TreBucet|wtf\n|c|\u2606TreBucet|LMAO\n|\n|t:|1698177115\n|start\n|switch|p1a: Deliwyrm|Delibird, M, shiny|100\/100\n|switch|p2a: hehe|Flutter Mane|100\/100\n|turn|1\n|\n|t:|1698177129\n|move|p2a: hehe|Mystical Fire|p1a: Deliwyrm\n|-supereffective|p1a: Deliwyrm\n|-damage|p1a: Deliwyrm|0 fnt\n|faint|p1a: Deliwyrm\n|\n|upkeep\n|\n|t:|1698177133\n|switch|p1a: Deliwyrm II|Delibird, M, shiny|100\/100\n|turn|2\n|\n|t:|1698177136\n|-terastallize|p1a: Deliwyrm II|Dragon\n|move|p2a: hehe|Memento|p1a: Deliwyrm II\n|-unboost|p1a: Deliwyrm II|atk|2\n|-unboost|p1a: Deliwyrm II|spa|2\n|faint|p2a: hehe\n|-end|p2a: hehe|Protosynthesis|[silent]\n|move|p1a: Deliwyrm II|Aerial Ace|p2: hehe|[notarget]\n|-fail|p1a: Deliwyrm II\n|\n|upkeep\n|\n|t:|1698177147\n|switch|p2a: the hound|Houndstone, M|100\/100\n|turn|3\n|c|\u2606Im dead meat|well that could be bad\n|\n|t:|1698177157\n|switch|p2a: funny rock|Glimmora, F|100\/100\n|move|p1a: Deliwyrm II|Aerial Ace|p2a: funny rock\n|-resisted|p2a: funny rock\n|-damage|p2a: funny rock|91\/100\n|-activate|p2a: funny rock|ability: Toxic Debris\n|-sidestart|p1: Im dead meat|move: Toxic Spikes\n|\n|upkeep\n|turn|4\n|\n|t:|1698177169\n|switch|p1a: Deliwyrm III|Delibird, M, shiny|100\/100\n|move|p2a: funny rock|Mortal Spin|p1a: Deliwyrm III\n|-damage|p1a: Deliwyrm III|74\/100\n|-status|p1a: Deliwyrm III|psn\n|-damage|p2a: funny rock|81\/100|[from] item: Life Orb\n|\n|-damage|p1a: Deliwyrm III|62\/100 psn|[from] psn\n|upkeep\n|turn|5\n|\n|t:|1698177178\n|move|p2a: funny rock|Earth Power|p1a: Deliwyrm III\n|-immune|p1a: Deliwyrm III\n|move|p1a: Deliwyrm III|Destiny Bond|p1a: Deliwyrm III\n|-singlemove|p1a: Deliwyrm III|Destiny Bond\n|\n|-damage|p1a: Deliwyrm III|49\/100 psn|[from] psn\n|upkeep\n|turn|6\n|\n|t:|1698177185\n|move|p2a: funny rock|Memento|p1a: Deliwyrm III\n|-unboost|p1a: Deliwyrm III|atk|2\n|-unboost|p1a: Deliwyrm III|spa|2\n|faint|p2a: funny rock\n|move|p1a: Deliwyrm III|Destiny Bond||[still]\n|-fail|p1a: Deliwyrm III\n|\n|-damage|p1a: Deliwyrm III|37\/100 psn|[from] psn\n|upkeep\n|\n|t:|1698177194\n|switch|p2a: the hound|Houndstone, M|100\/100\n|turn|7\n|\n|t:|1698177199\n|move|p2a: the hound|Flamethrower|p1a: Deliwyrm III\n|-supereffective|p1a: Deliwyrm III\n|-damage|p1a: Deliwyrm III|0 fnt\n|faint|p1a: Deliwyrm III\n|\n|upkeep\n|\n|t:|1698177204\n|switch|p1a: Deliwyrm II|Delibird, M, shiny, tera:Dragon|100\/100\n|-status|p1a: Deliwyrm II|psn\n|turn|8\n|\n|t:|1698177212\n|move|p2a: the hound|Psychic|p1a: Deliwyrm II\n|-crit|p1a: Deliwyrm II\n|-damage|p1a: Deliwyrm II|0 fnt\n|faint|p1a: Deliwyrm II\n|\n|upkeep\n|c|\u2606TreBucet|WHAT\n|\n|t:|1698177216\n|switch|p1a: Deliwyrm III + 1|Delibird, M, shiny|100\/100\n|turn|9\n|c|\u2606TreBucet|omg i did not expect that crit\n|\n|t:|1698177227\n|-terastallize|p2a: the hound|Dark\n|move|p2a: the hound|Psychic|p1a: Deliwyrm III + 1\n|-damage|p1a: Deliwyrm III + 1|21\/100\n|move|p1a: Deliwyrm III + 1|Ice Spinner|p2a: the hound\n|-enditem|p2a: the hound|Focus Sash\n|-damage|p2a: the hound|1\/100\n|replace|p2a: uh oh|Zoroark, M\n|-end|p2a: uh oh|Illusion\n|\n|upkeep\n|turn|10\n|\n|t:|1698177240\n|move|p1a: Deliwyrm III + 1|Ice Spinner|p2a: uh oh\n|-damage|p2a: uh oh|0 fnt\n|faint|p2a: uh oh\n|\n|upkeep\n|c|\u2606Im dead meat|how did i outspeed?\n|\n|t:|1698177248\n|switch|p2a: big man|Tyranitar, F|100\/100\n|-weather|Sandstorm|[from] ability: Sand Stream|[of] p2a: big man\n|turn|11\n|c|\u2606TreBucet|that makes no sense\n|\n|t:|1698177260\n|switch|p2a: the hound|Houndstone, M|100\/100\n|move|p1a: Deliwyrm III + 1|Ice Spinner|p2a: the hound\n|-damage|p2a: the hound|66\/100\n|\n|-weather|Sandstorm|[upkeep]\n|-damage|p2a: the hound|60\/100|[from] Sandstorm\n|-damage|p1a: Deliwyrm III + 1|15\/100|[from] Sandstorm\n|upkeep\n|turn|12\n|\n|t:|1698177268\n|move|p2a: the hound|Last Respects|p1a: Deliwyrm III + 1\n|-damage|p1a: Deliwyrm III + 1|0 fnt\n|faint|p1a: Deliwyrm III + 1\n|\n|-weather|Sandstorm|[upkeep]\n|-damage|p2a: the hound|55\/100|[from] Sandstorm\n|upkeep\n|\n|t:|1698177274\n|switch|p1a: Deliwyrm IV|Delibird, M, shiny|100\/100\n|turn|13\n|\n|t:|1698177277\n|move|p2a: the hound|Last Respects|p1a: Deliwyrm IV\n|-damage|p1a: Deliwyrm IV|0 fnt\n|faint|p1a: Deliwyrm IV\n|\n|-weather|Sandstorm|[upkeep]\n|-damage|p2a: the hound|49\/100|[from] Sandstorm\n|upkeep\n|\n|t:|1698177283\n|switch|p1a: Bob|Delibird, M, shiny|100\/100\n|turn|14\n|\n|t:|1698177286\n|move|p2a: the hound|Last Respects|p1a: Bob\n|-damage|p1a: Bob|0 fnt\n|faint|p1a: Bob\n|\n|win|TreBucet\n|raw|Im dead meat's rating: 1038 &rarr; <strong>1026<\/strong><br \/>(-12 for losing)\n|raw|TreBucet's rating: 1131 &rarr; <strong>1149<\/strong><br \/>(+18 for winning)\n|c|\u2606Im dead meat|gg\n|c|\u2606TreBucet|gg\n|l|\u2606Im dead meat\n|c|\u2606TreBucet|that crit and outspeed were crazy lololol\n","uploadtime":1698177307,"views":12,"p1id":"imdeadmeat","p2id":"trebucet","formatid":"gen9anythinggoes","rating":1026,"private":0,"password":""}