{"id":"gen9anythinggoes-1981937766","p1":"KingBOW","p2":"siurek199","format":"[Gen 9] Anything Goes","log":"|j|\u2606KingBOW\n|j|\u2606siurek199\n|t:|1698953214\n|gametype|singles\n|player|p1|KingBOW|benga|1536\n|player|p2|siurek199|102|1738\n|teamsize|p1|6\n|teamsize|p2|6\n|gen|9\n|tier|[Gen 9] Anything Goes\n|rated|\n|rule|HP Percentage Mod: HP is shown in percentages\n|rule|Endless Battle Clause: Forcing endless battles is banned\n|clearpoke\n|poke|p1|Calyrex-Shadow|\n|poke|p1|Arceus|\n|poke|p1|Iron Bundle|\n|poke|p1|Urshifu-*, M|\n|poke|p1|Groudon|\n|poke|p1|Kyogre|\n|poke|p2|Ditto|\n|poke|p2|Grimmsnarl, M|\n|poke|p2|Eternatus|\n|poke|p2|Skeledirge, M|\n|poke|p2|Rillaboom, M|\n|poke|p2|Mamoswine, F|\n|teampreview\n|inactive|Battle timer is ON: inactive players will automatically lose when time's up. (requested by KingBOW)\n|j| Araceli_2.0\n|inactive|siurek199 has 120 seconds left.\n|inactive|siurek199 has 90 seconds left.\n|\n|t:|1698953282\n|start\n|switch|p1a: Urshifu|Urshifu-Rapid-Strike, M|100\/100\n|switch|p2a: Rillaboom|Rillaboom, M|100\/100\n|-fieldstart|move: Grassy Terrain|[from] ability: Grassy Surge|[of] p2a: Rillaboom\n|turn|1\n|j| Jasper2452\n|\n|t:|1698953305\n|switch|p1a: Arceus|Arceus|100\/100\n|-terastallize|p2a: Rillaboom|Grass\n|move|p2a: Rillaboom|Grassy Glide|p1a: Arceus\n|-damage|p1a: Arceus|63\/100\n|\n|-heal|p1a: Arceus|69\/100|[from] Grassy Terrain\n|upkeep\n|turn|2\n|\n|t:|1698953320\n|switch|p2a: Eternatus|Eternatus|100\/100\n|-ability|p2a: Eternatus|Pressure\n|move|p1a: Arceus|Extreme Speed|p2a: Eternatus\n|-damage|p2a: Eternatus|73\/100\n|\n|-heal|p1a: Arceus|75\/100|[from] Grassy Terrain\n|-heal|p2a: Eternatus|79\/100|[from] Grassy Terrain\n|upkeep\n|turn|3\n|l| Jasper2452\n|\n|t:|1698953349\n|switch|p1a: Kyogre|Kyogre|100\/100\n|-weather|RainDance|[from] ability: Drizzle|[of] p1a: Kyogre\n|move|p2a: Eternatus|Dynamax Cannon|p1a: Kyogre\n|-damage|p1a: Kyogre|50\/100\n|\n|-weather|RainDance|[upkeep]\n|-heal|p1a: Kyogre|56\/100|[from] Grassy Terrain\n|-heal|p2a: Eternatus|85\/100|[from] Grassy Terrain\n|upkeep\n|turn|4\n|inactive|siurek199 has 120 seconds left.\n|\n|t:|1698953376\n|move|p1a: Kyogre|Ice Beam|p2a: Eternatus\n|-supereffective|p2a: Eternatus\n|-damage|p2a: Eternatus|32\/100\n|move|p2a: Eternatus|Dynamax Cannon|p1a: Kyogre\n|-damage|p1a: Kyogre|7\/100\n|\n|-weather|RainDance|[upkeep]\n|-heal|p1a: Kyogre|13\/100|[from] Grassy Terrain\n|-heal|p2a: Eternatus|38\/100|[from] Grassy Terrain\n|upkeep\n|turn|5\n|inactive|siurek199 has 120 seconds left.\n|\n|t:|1698953402\n|switch|p2a: Skeledirge|Skeledirge, M|100\/100\n|move|p1a: Kyogre|Ice Beam|p2a: Skeledirge\n|-resisted|p2a: Skeledirge\n|-damage|p2a: Skeledirge|83\/100\n|\n|-weather|RainDance|[upkeep]\n|-heal|p1a: Kyogre|19\/100|[from] Grassy Terrain\n|-heal|p2a: Skeledirge|90\/100|[from] Grassy Terrain\n|-fieldend|move: Grassy Terrain\n|upkeep\n|turn|6\n|\n|t:|1698953416\n|switch|p1a: Urshifu|Urshifu-Rapid-Strike, M|100\/100\n|move|p2a: Skeledirge|Shadow Ball|p1a: Urshifu\n|-damage|p1a: Urshifu|40\/100\n|\n|-weather|RainDance|[upkeep]\n|upkeep\n|turn|7\n|inactive|siurek199 has 90 seconds left.\n|\n|t:|1698953440\n|switch|p2a: Eternatus|Eternatus|38\/100\n|-ability|p2a: Eternatus|Pressure\n|move|p1a: Urshifu|U-turn|p2a: Eternatus\n|-resisted|p2a: Eternatus\n|-damage|p2a: Eternatus|29\/100\n|\n|t:|1698953450\n|switch|p1a: Calyrex|Calyrex-Shadow|100\/100|[from] U-turn\n|-ability|p1a: Calyrex|As One\n|-ability|p1a: Calyrex|Unnerve\n|\n|-weather|none\n|upkeep\n|turn|8\n|\n|t:|1698953456\n|move|p1a: Calyrex|Psyshock|p2a: Eternatus\n|-supereffective|p2a: Eternatus\n|-damage|p2a: Eternatus|0 fnt\n|faint|p2a: Eternatus\n|-ability|p1a: Calyrex|Grim Neigh|boost\n|-boost|p1a: Calyrex|spa|1\n|\n|upkeep\n|\n|t:|1698953463\n|switch|p2a: Ditto|Ditto|100\/100\n|-transform|p2a: Ditto|p1a: Calyrex|[from] ability: Imposter\n|turn|9\n|\n|t:|1698953473\n|move|p2a: Ditto|Astral Barrage|p1a: Calyrex\n|-supereffective|p1a: Calyrex\n|-enditem|p1a: Calyrex|Focus Sash\n|-damage|p1a: Calyrex|1\/100\n|move|p1a: Calyrex|Astral Barrage|p2a: Ditto\n|-supereffective|p2a: Ditto\n|-damage|p2a: Ditto|0 fnt\n|faint|p2a: Ditto\n|-ability|p1a: Calyrex|Grim Neigh|boost\n|-boost|p1a: Calyrex|spa|1\n|\n|upkeep\n|\n|t:|1698953483\n|switch|p2a: Mamoswine|Mamoswine, F|100\/100\n|turn|10\n|l|\u2606KingBOW\n|inactive|KingBOW disconnected and has a minute to reconnect!\n|player|p1|\n|j|\u2606KingBOW\n|inactive|KingBOW reconnected and has 130 seconds left.\n|player|p1|KingBOW|benga\n|\n|t:|1698953509\n|switch|p1a: Kyogre|Kyogre|19\/100\n|-weather|RainDance|[from] ability: Drizzle|[of] p1a: Kyogre\n|move|p2a: Mamoswine|Ice Shard|p1a: Kyogre\n|-resisted|p1a: Kyogre\n|-damage|p1a: Kyogre|8\/100\n|\n|-weather|RainDance|[upkeep]\n|upkeep\n|turn|11\n|\n|t:|1698953520\n|move|p2a: Mamoswine|Ice Shard|p1a: Kyogre\n|-resisted|p1a: Kyogre\n|-damage|p1a: Kyogre|0 fnt\n|faint|p1a: Kyogre\n|\n|-weather|RainDance|[upkeep]\n|upkeep\n|inactive|KingBOW has 120 seconds left.\n|\n|t:|1698953540\n|switch|p1a: Arceus|Arceus|75\/100\n|turn|12\n|\n|t:|1698953546\n|move|p1a: Arceus|Dragon Dance|p1a: Arceus\n|-boost|p1a: Arceus|atk|1\n|-boost|p1a: Arceus|spe|1\n|move|p2a: Mamoswine|Knock Off|p1a: Arceus\n|-damage|p1a: Arceus|49\/100\n|-enditem|p1a: Arceus|Sitrus Berry|[from] move: Knock Off|[of] p2a: Mamoswine\n|\n|-weather|RainDance|[upkeep]\n|upkeep\n|turn|13\n|inactive|KingBOW has 120 seconds left.\n|\n|t:|1698953557\n|move|p1a: Arceus|Dragon Dance|p1a: Arceus\n|-boost|p1a: Arceus|atk|1\n|-boost|p1a: Arceus|spe|1\n|move|p2a: Mamoswine|Earthquake|p1a: Arceus\n|-damage|p1a: Arceus|12\/100\n|\n|-weather|RainDance|[upkeep]\n|upkeep\n|turn|14\n|\n|t:|1698953564\n|move|p1a: Arceus|Extreme Speed|p2a: Mamoswine\n|-damage|p2a: Mamoswine|13\/100\n|move|p2a: Mamoswine|Ice Shard|p1a: Arceus\n|-damage|p1a: Arceus|0 fnt\n|faint|p1a: Arceus\n|\n|-weather|none\n|upkeep\n|inactive|KingBOW has 120 seconds left.\n|\n|t:|1698953584\n|switch|p1a: Urshifu|Urshifu-Rapid-Strike, M|40\/100\n|turn|15\n|\n|t:|1698953604\n|switch|p2a: Rillaboom|Rillaboom, M, tera:Grass|100\/100\n|-fieldstart|move: Grassy Terrain|[from] ability: Grassy Surge|[of] p2a: Rillaboom\n|move|p1a: Urshifu|U-turn|p2a: Rillaboom\n|-supereffective|p2a: Rillaboom\n|-damage|p2a: Rillaboom|46\/100\n|inactive|KingBOW has 120 seconds left.\n|\n|t:|1698953622\n|switch|p1a: Iron Bundle|Iron Bundle|100\/100|[from] U-turn\n|\n|-heal|p2a: Rillaboom|52\/100|[from] Grassy Terrain\n|upkeep\n|turn|16\n|\n|t:|1698953628\n|move|p2a: Rillaboom|Grassy Glide|p1a: Iron Bundle\n|-supereffective|p1a: Iron Bundle\n|-damage|p1a: Iron Bundle|0 fnt\n|faint|p1a: Iron Bundle\n|-end|p1a: Iron Bundle|Quark Drive|[silent]\n|\n|-heal|p2a: Rillaboom|58\/100|[from] Grassy Terrain\n|upkeep\n|\n|t:|1698953632\n|switch|p1a: Groudon|Groudon|100\/100\n|-weather|SunnyDay|[from] ability: Drought|[of] p1a: Groudon\n|turn|17\n|\n|t:|1698953638\n|-terastallize|p1a: Groudon|Grass\n|move|p2a: Rillaboom|Grassy Glide|p1a: Groudon\n|-resisted|p1a: Groudon\n|-damage|p1a: Groudon|87\/100\n|move|p1a: Groudon|Will-O-Wisp|p2a: Rillaboom\n|-status|p2a: Rillaboom|brn\n|\n|-weather|SunnyDay|[upkeep]\n|-heal|p2a: Rillaboom|64\/100 brn|[from] Grassy Terrain\n|-heal|p1a: Groudon|93\/100|[from] Grassy Terrain\n|-heal|p1a: Groudon|99\/100|[from] item: Leftovers\n|-damage|p2a: Rillaboom|58\/100 brn|[from] brn\n|upkeep\n|turn|18\n|\n|t:|1698953653\n|switch|p2a: Mamoswine|Mamoswine, F|13\/100\n|move|p1a: Groudon|Stealth Rock|p2a: Mamoswine\n|-sidestart|p2: siurek199|move: Stealth Rock\n|\n|-weather|SunnyDay|[upkeep]\n|-heal|p2a: Mamoswine|19\/100|[from] Grassy Terrain\n|-heal|p1a: Groudon|100\/100|[from] Grassy Terrain\n|upkeep\n|turn|19\n|\n|t:|1698953657\n|move|p2a: Mamoswine|Ice Shard|p1a: Groudon\n|-supereffective|p1a: Groudon\n|-damage|p1a: Groudon|72\/100\n|move|p1a: Groudon|Earthquake|p2a: Mamoswine\n|-damage|p2a: Mamoswine|0 fnt\n|faint|p2a: Mamoswine\n|\n|-weather|SunnyDay|[upkeep]\n|-heal|p1a: Groudon|79\/100|[from] Grassy Terrain\n|-heal|p1a: Groudon|85\/100|[from] item: Leftovers\n|-fieldend|move: Grassy Terrain\n|upkeep\n|\n|t:|1698953664\n|switch|p2a: Skeledirge|Skeledirge, M|90\/100\n|-damage|p2a: Skeledirge|65\/100|[from] Stealth Rock\n|turn|20\n|\n|t:|1698953668\n|switch|p1a: Urshifu|Urshifu-Rapid-Strike, M|40\/100\n|move|p2a: Skeledirge|Torch Song|p1a: Urshifu\n|-resisted|p1a: Urshifu\n|-crit|p1a: Urshifu\n|-damage|p1a: Urshifu|0 fnt\n|-boost|p2a: Skeledirge|spa|1\n|faint|p1a: Urshifu\n|\n|-weather|SunnyDay|[upkeep]\n|upkeep\n|l| Araceli_2.0\n|c|\u2606KingBOW|Damn rip\n|\n|t:|1698953680\n|switch|p1a: Calyrex|Calyrex-Shadow|1\/100\n|-ability|p1a: Calyrex|As One\n|-ability|p1a: Calyrex|Unnerve\n|turn|21\n|\n|t:|1698953686\n|switch|p2a: Grimmsnarl|Grimmsnarl, M|100\/100\n|-damage|p2a: Grimmsnarl|88\/100|[from] Stealth Rock\n|move|p1a: Calyrex|Astral Barrage|p2a: Grimmsnarl\n|-resisted|p2a: Grimmsnarl\n|-damage|p2a: Grimmsnarl|60\/100\n|\n|-weather|none\n|-heal|p2a: Grimmsnarl|66\/100|[from] item: Leftovers\n|upkeep\n|turn|22\n|j| Araceli_2.0\n|\n|t:|1698953697\n|move|p1a: Calyrex|Draining Kiss|p2a: Grimmsnarl\n|-supereffective|p2a: Grimmsnarl\n|-damage|p2a: Grimmsnarl|32\/100\n|-heal|p1a: Calyrex|30\/100|[from] drain|[of] p2a: Grimmsnarl\n|move|p2a: Grimmsnarl|Foul Play|p1a: Calyrex\n|-supereffective|p1a: Calyrex\n|-damage|p1a: Calyrex|0 fnt\n|faint|p1a: Calyrex\n|\n|-heal|p2a: Grimmsnarl|38\/100|[from] item: Leftovers\n|upkeep\n|\n|t:|1698953703\n|switch|p1a: Groudon|Groudon, tera:Grass|85\/100\n|-weather|SunnyDay|[from] ability: Drought|[of] p1a: Groudon\n|turn|23\n|\n|t:|1698953710\n|move|p2a: Grimmsnarl|Swagger|p1a: Groudon\n|-boost|p1a: Groudon|atk|2\n|-start|p1a: Groudon|confusion\n|-activate|p1a: Groudon|confusion\n|-damage|p1a: Groudon|69\/100|[from] confusion\n|\n|-weather|SunnyDay|[upkeep]\n|-heal|p1a: Groudon|75\/100|[from] item: Leftovers\n|-heal|p2a: Grimmsnarl|44\/100|[from] item: Leftovers\n|upkeep\n|turn|24\n|\n|t:|1698953719\n|move|p2a: Grimmsnarl|Substitute|p2a: Grimmsnarl\n|-start|p2a: Grimmsnarl|Substitute\n|-damage|p2a: Grimmsnarl|19\/100\n|-activate|p1a: Groudon|confusion\n|move|p1a: Groudon|Earthquake|p2a: Grimmsnarl\n|-end|p2a: Grimmsnarl|Substitute\n|\n|-weather|SunnyDay|[upkeep]\n|-heal|p1a: Groudon|81\/100|[from] item: Leftovers\n|-heal|p2a: Grimmsnarl|25\/100|[from] item: Leftovers\n|upkeep\n|turn|25\n|\n|t:|1698953731\n|move|p2a: Grimmsnarl|Swagger|p1a: Groudon\n|-boost|p1a: Groudon|atk|2\n|-activate|p1a: Groudon|confusion\n|-damage|p1a: Groudon|59\/100|[from] confusion\n|\n|-weather|SunnyDay|[upkeep]\n|-heal|p1a: Groudon|65\/100|[from] item: Leftovers\n|-heal|p2a: Grimmsnarl|31\/100|[from] item: Leftovers\n|upkeep\n|turn|26\n|c|\u2606KingBOW|Some happiness\n|\n|t:|1698953744\n|move|p2a: Grimmsnarl|Substitute|p2a: Grimmsnarl\n|-start|p2a: Grimmsnarl|Substitute\n|-damage|p2a: Grimmsnarl|7\/100\n|-end|p1a: Groudon|confusion\n|move|p1a: Groudon|Earthquake|p2a: Grimmsnarl\n|-end|p2a: Grimmsnarl|Substitute\n|\n|-weather|SunnyDay|[upkeep]\n|-heal|p1a: Groudon|71\/100|[from] item: Leftovers\n|-heal|p2a: Grimmsnarl|13\/100|[from] item: Leftovers\n|upkeep\n|turn|27\n|\n|t:|1698953754\n|move|p2a: Grimmsnarl|Swagger|p1a: Groudon\n|-boost|p1a: Groudon|atk|2\n|-start|p1a: Groudon|confusion\n|-activate|p1a: Groudon|confusion\n|-damage|p1a: Groudon|44\/100|[from] confusion\n|\n|-weather|none\n|-heal|p1a: Groudon|50\/100|[from] item: Leftovers\n|-heal|p2a: Grimmsnarl|19\/100|[from] item: Leftovers\n|upkeep\n|turn|28\n|\n|t:|1698953763\n|-activate|p1a: Groudon|confusion\n|-damage|p1a: Groudon|22\/100|[from] confusion\n|move|p2a: Grimmsnarl|Foul Play|p1a: Groudon\n|-damage|p1a: Groudon|0 fnt\n|faint|p1a: Groudon\n|\n|win|siurek199\n|raw|KingBOW's rating: 1536 &rarr; <strong>1526<\/strong><br \/>(-10 for losing)\n|raw|siurek199's rating: 1738 &rarr; <strong>1748<\/strong><br \/>(+10 for winning)\n|l|\u2606siurek199\n|c|\u2606KingBOW|Haha\n|c|\u2606KingBOW|So good game\n","uploadtime":1698953777,"views":5,"p1id":"kingbow","p2id":"siurek199","formatid":"gen9anythinggoes","rating":1526,"private":0,"password":""}