{"id":"gen9anythinggoes-1984825775","p1":"americanboi69","p2":"AGisgood","format":"[Gen 9] Anything Goes","log":"|j|\u2606americanboi69\n|j|\u2606AGisgood\n|t:|1699302222\n|gametype|singles\n|player|p1|americanboi69|lucas|1489\n|player|p2|AGisgood|cynthia-masters|1739\n|teamsize|p1|6\n|teamsize|p2|6\n|gen|9\n|tier|[Gen 9] Anything Goes\n|rated|\n|rule|HP Percentage Mod: HP is shown in percentages\n|rule|Endless Battle Clause: Forcing endless battles is banned\n|clearpoke\n|poke|p1|Calyrex-Shadow|\n|poke|p1|Pawmot, F|\n|poke|p1|Kyogre|\n|poke|p1|Houndstone, M|\n|poke|p1|Zacian-*|\n|poke|p1|Urshifu-*, M|\n|poke|p2|Arceus-Ground|\n|poke|p2|Arceus|\n|poke|p2|Calyrex-Shadow|\n|poke|p2|Zacian-*|\n|poke|p2|Ting-Lu|\n|poke|p2|Koraidon|\n|teampreview\n|inactive|Battle timer is ON: inactive players will automatically lose when time's up. (requested by americanboi69)\n|inactive|AGisgood also wants the timer to be on.\n|\n|t:|1699302234\n|start\n|switch|p1a: Urshifu|Urshifu, M|100\/100\n|switch|p2a: Koraidon|Koraidon|100\/100\n|-weather|SunnyDay|[from] ability: Orichalcum Pulse|[of] p2a: Koraidon\n|-activate|p2a: Koraidon|Orichalcum Pulse|[source]\n|turn|1\n|\n|t:|1699302252\n|move|p2a: Koraidon|U-turn|p1a: Urshifu\n|-damage|p1a: Urshifu|66\/100\n|\n|t:|1699302255\n|switch|p2a: Arceus|Arceus-Ground|100\/100|[from] U-turn\n|move|p1a: Urshifu|Wicked Blow|p2a: Arceus\n|-crit|p2a: Arceus\n|-damage|p2a: Arceus|69\/100\n|\n|-weather|SunnyDay|[upkeep]\n|upkeep\n|turn|2\n|\n|t:|1699302262\n|move|p2a: Arceus|Judgment|p1a: Urshifu\n|-damage|p1a: Urshifu|0 fnt\n|faint|p1a: Urshifu\n|\n|-weather|SunnyDay|[upkeep]\n|upkeep\n|\n|t:|1699302266\n|switch|p1a: FAT WHALE|Kyogre|100\/100\n|-weather|RainDance|[from] ability: Drizzle|[of] p1a: FAT WHALE\n|turn|3\n|\n|t:|1699302279\n|switch|p2a: Koraidon|Koraidon|100\/100\n|-weather|SunnyDay|[from] ability: Orichalcum Pulse|[of] p2a: Koraidon\n|-activate|p2a: Koraidon|Orichalcum Pulse|[source]\n|move|p1a: FAT WHALE|Water Spout|p2a: Koraidon\n|-resisted|p2a: Koraidon\n|-damage|p2a: Koraidon|78\/100\n|\n|-weather|SunnyDay|[upkeep]\n|upkeep\n|turn|4\n|\n|t:|1699302290\n|switch|p1a: Im Random|Pawmot, F|100\/100\n|move|p2a: Koraidon|Low Kick|p1a: Im Random\n|-damage|p1a: Im Random|25\/100\n|\n|-weather|SunnyDay|[upkeep]\n|upkeep\n|turn|5\n|\n|t:|1699302294\n|move|p2a: Koraidon|Low Kick|p1a: Im Random\n|-damage|p1a: Im Random|0 fnt\n|faint|p1a: Im Random\n|\n|-weather|SunnyDay|[upkeep]\n|upkeep\n|\n|t:|1699302298\n|switch|p1a: WANNABE DOG|Zacian-Crowned|100\/100\n|-ability|p1a: WANNABE DOG|Intrepid Sword|boost\n|-boost|p1a: WANNABE DOG|atk|1\n|turn|6\n|\n|t:|1699302307\n|switch|p2a: Arceus|Arceus-Ground|69\/100\n|-terastallize|p1a: WANNABE DOG|Fairy\n|move|p1a: WANNABE DOG|Play Rough|p2a: Arceus\n|-damage|p2a: Arceus|5\/100\n|\n|-weather|SunnyDay|[upkeep]\n|upkeep\n|turn|7\n|\n|t:|1699302314\n|move|p1a: WANNABE DOG|Behemoth Blade|p2a: Arceus\n|-damage|p2a: Arceus|0 fnt\n|faint|p2a: Arceus\n|\n|-weather|none\n|upkeep\n|\n|t:|1699302322\n|switch|p2a: Zacian|Zacian-Crowned|100\/100\n|-ability|p2a: Zacian|Intrepid Sword|boost\n|-boost|p2a: Zacian|atk|1\n|turn|8\n|\n|t:|1699302328\n|switch|p1a: BREAKING BAD|Houndstone, M|100\/100\n|move|p2a: Zacian|Behemoth Blade|p1a: BREAKING BAD\n|-damage|p1a: BREAKING BAD|52\/100\n|\n|upkeep\n|turn|9\n|\n|t:|1699302335\n|move|p2a: Zacian|Behemoth Blade|p1a: BREAKING BAD\n|-damage|p1a: BREAKING BAD|2\/100\n|move|p1a: BREAKING BAD|Last Respects|p2a: Zacian\n|-damage|p2a: Zacian|35\/100\n|\n|upkeep\n|turn|10\n|\n|t:|1699302341\n|move|p1a: BREAKING BAD|Shadow Sneak|p2a: Zacian\n|-damage|p2a: Zacian|17\/100\n|move|p2a: Zacian|Play Rough|p1a: BREAKING BAD\n|-damage|p1a: BREAKING BAD|0 fnt\n|faint|p1a: BREAKING BAD\n|\n|upkeep\n|\n|t:|1699302346\n|switch|p1a: FAT WHALE|Kyogre|100\/100\n|-weather|RainDance|[from] ability: Drizzle|[of] p1a: FAT WHALE\n|turn|11\n|\n|t:|1699302356\n|move|p1a: FAT WHALE|Water Spout|p2a: Zacian\n|-damage|p2a: Zacian|0 fnt\n|faint|p2a: Zacian\n|\n|-weather|RainDance|[upkeep]\n|upkeep\n|\n|t:|1699302358\n|switch|p2a: Koraidon|Koraidon|78\/100\n|-weather|SunnyDay|[from] ability: Orichalcum Pulse|[of] p2a: Koraidon\n|-activate|p2a: Koraidon|Orichalcum Pulse|[source]\n|turn|12\n|\n|t:|1699302362\n|switch|p1a: WANNABE DOG|Zacian-Crowned, tera:Fairy|100\/100\n|move|p2a: Koraidon|Low Kick|p1a: WANNABE DOG\n|-resisted|p1a: WANNABE DOG\n|-damage|p1a: WANNABE DOG|62\/100\n|\n|-weather|SunnyDay|[upkeep]\n|upkeep\n|turn|13\n|\n|t:|1699302365\n|switch|p2a: Ting-Lu|Ting-Lu|100\/100\n|-ability|p2a: Ting-Lu|Vessel of Ruin\n|move|p1a: WANNABE DOG|Play Rough|p2a: Ting-Lu\n|-supereffective|p2a: Ting-Lu\n|-damage|p2a: Ting-Lu|26\/100\n|\n|-weather|SunnyDay|[upkeep]\n|-heal|p2a: Ting-Lu|32\/100|[from] item: Leftovers\n|upkeep\n|turn|14\n|\n|t:|1699302372\n|move|p1a: WANNABE DOG|Play Rough|p2a: Ting-Lu\n|-supereffective|p2a: Ting-Lu\n|-damage|p2a: Ting-Lu|0 fnt\n|faint|p2a: Ting-Lu\n|\n|-weather|SunnyDay|[upkeep]\n|upkeep\n|\n|t:|1699302383\n|switch|p2a: Koraidon|Koraidon|78\/100\n|-activate|p2a: Koraidon|ability: Orichalcum Pulse\n|turn|15\n|\n|t:|1699302386\n|-terastallize|p2a: Koraidon|Fire\n|move|p2a: Koraidon|Flare Blitz|p1a: WANNABE DOG\n|-damage|p1a: WANNABE DOG|0 fnt\n|faint|p1a: WANNABE DOG\n|-damage|p2a: Koraidon|58\/100|[from] Recoil\n|\n|-weather|SunnyDay|[upkeep]\n|upkeep\n|\n|t:|1699302391\n|switch|p1a: FAT WHALE|Kyogre|100\/100\n|-weather|RainDance|[from] ability: Drizzle|[of] p1a: FAT WHALE\n|turn|16\n|\n|t:|1699302393\n|switch|p2a: Arceus|Arceus|100\/100\n|move|p1a: FAT WHALE|Water Spout|p2a: Arceus\n|-damage|p2a: Arceus|12\/100\n|\n|-weather|RainDance|[upkeep]\n|-heal|p2a: Arceus|18\/100|[from] item: Leftovers\n|upkeep\n|turn|17\n|\n|t:|1699302398\n|switch|p1a: Emo Kid|Calyrex-Shadow|100\/100\n|-ability|p1a: Emo Kid|As One\n|-ability|p1a: Emo Kid|Unnerve\n|move|p2a: Arceus|Extreme Speed|p1a: Emo Kid\n|-immune|p1a: Emo Kid\n|\n|-weather|RainDance|[upkeep]\n|-heal|p2a: Arceus|24\/100|[from] item: Leftovers\n|upkeep\n|turn|18\n|\n|t:|1699302404\n|move|p1a: Emo Kid|Psyshock|p2a: Arceus\n|-damage|p2a: Arceus|0 fnt\n|faint|p2a: Arceus\n|-ability|p1a: Emo Kid|Grim Neigh|boost\n|-boost|p1a: Emo Kid|spa|1\n|\n|-weather|RainDance|[upkeep]\n|upkeep\n|\n|t:|1699302406\n|switch|p2a: Calyrex|Calyrex-Shadow|100\/100\n|-ability|p2a: Calyrex|As One\n|-ability|p2a: Calyrex|Unnerve\n|turn|19\n|\n|t:|1699302412\n|move|p1a: Emo Kid|Astral Barrage|p2a: Calyrex\n|-supereffective|p2a: Calyrex\n|-crit|p2a: Calyrex\n|-damage|p2a: Calyrex|0 fnt\n|faint|p2a: Calyrex\n|-ability|p1a: Emo Kid|Grim Neigh|boost\n|-boost|p1a: Emo Kid|spa|1\n|\n|-weather|RainDance|[upkeep]\n|upkeep\n|\n|t:|1699302414\n|switch|p2a: Koraidon|Koraidon, tera:Fire|58\/100\n|-weather|SunnyDay|[from] ability: Orichalcum Pulse|[of] p2a: Koraidon\n|-activate|p2a: Koraidon|Orichalcum Pulse|[source]\n|turn|20\n|\n|t:|1699302417\n|move|p2a: Koraidon|Outrage|p1a: Emo Kid\n|-enditem|p1a: Emo Kid|Focus Sash\n|-damage|p1a: Emo Kid|1\/100\n|move|p1a: Emo Kid|Astral Barrage|p2a: Koraidon\n|-damage|p2a: Koraidon|0 fnt\n|faint|p2a: Koraidon\n|\n|win|americanboi69\n|raw|americanboi69's rating: 1489 &rarr; <strong>1521<\/strong><br \/>(+32 for winning)\n|raw|AGisgood's rating: 1739 &rarr; <strong>1707<\/strong><br \/>(-32 for losing)\n|l|\u2606AGisgood\n","uploadtime":1699302656,"views":4,"p1id":"americanboi69","p2id":"agisgood","formatid":"gen9anythinggoes","rating":1521,"private":0,"password":""}