{"id":"gen9anythinggoes-1980711298","p1":"STORM2384882","p2":"Speenta","format":"[Gen 9] Anything Goes","log":"|j|\u2606STORM2384882\n|j|\u2606Speenta\n|t:|1698817235\n|gametype|singles\n|player|p1|STORM2384882|steven|1065\n|player|p2|Speenta|170|1000\n|teamsize|p1|6\n|teamsize|p2|6\n|gen|9\n|tier|[Gen 9] Anything Goes\n|rated|\n|rule|HP Percentage Mod: HP is shown in percentages\n|rule|Endless Battle Clause: Forcing endless battles is banned\n|clearpoke\n|poke|p1|Ribombee, M|\n|poke|p1|Ogerpon-Wellspring, F|\n|poke|p1|Iron Moth|\n|poke|p1|Kingambit, F|\n|poke|p1|Gholdengo|\n|poke|p1|Iron Valiant|\n|poke|p2|Maushold-Four|\n|poke|p2|Maushold-Four|\n|poke|p2|Maushold-Four|\n|poke|p2|Maushold-Four|\n|poke|p2|Maushold-Four|\n|poke|p2|Maushold-Four|\n|teampreview\n|c|\u2606Speenta|Meet the family\n|inactive|Battle timer is ON: inactive players will automatically lose when time's up. (requested by STORM2384882)\n|\n|t:|1698817250\n|start\n|switch|p1a: Kingambit|Kingambit, F|100\/100\n|switch|p2a: Maushold|Maushold-Four|100\/100\n|turn|1\n|c|\u2606STORM2384882|Yes\n|\n|t:|1698817266\n|move|p2a: Maushold|Population Bomb|p1a: Kingambit\n|-resisted|p1a: Kingambit\n|-damage|p1a: Kingambit|96\/100\n|-resisted|p1a: Kingambit\n|-damage|p1a: Kingambit|92\/100\n|-resisted|p1a: Kingambit\n|-damage|p1a: Kingambit|87\/100\n|-resisted|p1a: Kingambit\n|-damage|p1a: Kingambit|82\/100\n|-hitcount|p1a: Kingambit|4\n|move|p1a: Kingambit|Low Kick|p2a: Maushold\n|-supereffective|p2a: Maushold\n|-damage|p2a: Maushold|71\/100\n|\n|upkeep\n|turn|2\n|\n|t:|1698817281\n|move|p2a: Maushold|Population Bomb|p1a: Kingambit\n|-resisted|p1a: Kingambit\n|-damage|p1a: Kingambit|78\/100\n|-resisted|p1a: Kingambit\n|-damage|p1a: Kingambit|73\/100\n|-hitcount|p1a: Kingambit|2\n|move|p1a: Kingambit|Swords Dance|p1a: Kingambit\n|-boost|p1a: Kingambit|atk|2\n|\n|upkeep\n|turn|3\n|\n|t:|1698817291\n|move|p2a: Maushold|Population Bomb|p1a: Kingambit\n|-resisted|p1a: Kingambit\n|-damage|p1a: Kingambit|69\/100\n|-resisted|p1a: Kingambit\n|-damage|p1a: Kingambit|64\/100\n|-hitcount|p1a: Kingambit|2\n|move|p1a: Kingambit|Swords Dance|p1a: Kingambit\n|-boost|p1a: Kingambit|atk|2\n|\n|upkeep\n|turn|4\n|\n|t:|1698817313\n|move|p2a: Maushold|Population Bomb|p1a: Kingambit\n|-resisted|p1a: Kingambit\n|-damage|p1a: Kingambit|59\/100\n|-resisted|p1a: Kingambit\n|-damage|p1a: Kingambit|54\/100\n|-resisted|p1a: Kingambit\n|-damage|p1a: Kingambit|50\/100\n|-resisted|p1a: Kingambit\n|-damage|p1a: Kingambit|45\/100\n|-resisted|p1a: Kingambit\n|-damage|p1a: Kingambit|40\/100\n|-resisted|p1a: Kingambit\n|-damage|p1a: Kingambit|36\/100\n|-resisted|p1a: Kingambit\n|-damage|p1a: Kingambit|32\/100\n|-resisted|p1a: Kingambit\n|-damage|p1a: Kingambit|27\/100\n|-resisted|p1a: Kingambit\n|-damage|p1a: Kingambit|22\/100\n|-resisted|p1a: Kingambit\n|-damage|p1a: Kingambit|18\/100\n|-hitcount|p1a: Kingambit|10\n|cant|p1a: Kingambit|flinch\n|\n|upkeep\n|turn|5\n|inactive|Speenta has 120 seconds left.\n|\n|t:|1698817337\n|move|p1a: Kingambit|Sucker Punch|p2a: Maushold\n|-damage|p2a: Maushold|0 fnt\n|faint|p2a: Maushold\n|\n|upkeep\n|\n|t:|1698817342\n|switch|p2a: Maushold|Maushold-Four|100\/100\n|turn|6\n|\n|t:|1698817349\n|move|p1a: Kingambit|Sucker Punch|p2a: Maushold\n|-crit|p2a: Maushold\n|-damage|p2a: Maushold|0 fnt\n|faint|p2a: Maushold\n|\n|upkeep\n|c|\u2606Speenta|Let me bomb you with children\n|\n|t:|1698817366\n|switch|p2a: Maushold|Maushold-Four|100\/100\n|turn|7\n|\n|t:|1698817373\n|-terastallize|p2a: Maushold|Normal\n|move|p1a: Kingambit|Sucker Punch|p2a: Maushold\n|-damage|p2a: Maushold|0 fnt\n|faint|p2a: Maushold\n|\n|upkeep\n|\n|t:|1698817379\n|switch|p2a: Maushold|Maushold-Four|100\/100\n|turn|8\n|\n|t:|1698817385\n|move|p1a: Kingambit|Sucker Punch|p2a: Maushold\n|-damage|p2a: Maushold|0 fnt\n|faint|p2a: Maushold\n|\n|upkeep\n|\n|t:|1698817390\n|switch|p2a: Maushold|Maushold-Four|100\/100\n|turn|9\n|\n|t:|1698817395\n|move|p1a: Kingambit|Sucker Punch|p2a: Maushold\n|-damage|p2a: Maushold|0 fnt\n|faint|p2a: Maushold\n|\n|upkeep\n|c|\u2606STORM2384882|\ud83d\ude2d\n|\n|t:|1698817399\n|switch|p2a: Maushold|Maushold-Four|100\/100\n|turn|10\n|\n|t:|1698817408\n|move|p1a: Kingambit|Sucker Punch|p2a: Maushold\n|-damage|p2a: Maushold|0 fnt\n|faint|p2a: Maushold\n|\n|win|STORM2384882\n|raw|STORM2384882's rating: 1065 &rarr; <strong>1090<\/strong><br \/>(+25 for winning)\n|raw|Speenta's rating: 1000 &rarr; <strong>1000<\/strong><br \/>(+0 for losing)\n|c|\u2606Speenta|So many dead\n","uploadtime":1698817363,"views":11,"p1id":"storm2384882","p2id":"speenta","formatid":"gen9anythinggoes","rating":1000,"private":0,"password":""}