{"id":"gen9anythinggoes-1975325218","p1":"Ryrylose","p2":"ryryy27_","format":"[Gen 9] Anything Goes","log":"|j|\u2606Ryrylose\n|j|\u2606ryryy27_\n|t:|1698179947\n|gametype|singles\n|player|p1|Ryrylose|1|\n|player|p2|ryryy27_|170|\n|teamsize|p1|6\n|teamsize|p2|6\n|gen|9\n|tier|[Gen 9] Anything Goes\n|rule|HP Percentage Mod: HP is shown in percentages\n|rule|Endless Battle Clause: Forcing endless battles is banned\n|clearpoke\n|poke|p1|Magearna|\n|poke|p1|Zoroark, F|\n|poke|p1|Rotom|\n|poke|p1|Charmeleon, F|\n|poke|p1|Lucario, M|\n|poke|p1|Venomoth, M|\n|poke|p2|Regieleki|\n|poke|p2|Kingambit, M|\n|poke|p2|Baxcalibur, M|\n|poke|p2|Lilligant-Hisui, F|\n|poke|p2|Toxicroak, F|\n|poke|p2|Landorus-Therian, M|\n|teampreview\n|\n|t:|1698179967\n|start\n|switch|p1a: Venomoth|Venomoth, M|100\/100\n|switch|p2a: Landorus|Landorus-Therian, M|100\/100\n|-ability|p2a: Landorus|Intimidate|boost\n|-unboost|p1a: Venomoth|atk|1\n|turn|1\n|\n|t:|1698179978\n|move|p2a: Landorus|Stealth Rock|p1a: Venomoth\n|-sidestart|p1: Ryrylose|move: Stealth Rock\n|move|p1a: Venomoth|Poison Fang|p2a: Landorus\n|-resisted|p2a: Landorus\n|-damage|p2a: Landorus|95\/100\n|-status|p2a: Landorus|tox\n|-damage|p1a: Venomoth|84\/100|[from] item: Rocky Helmet|[of] p2a: Landorus\n|\n|-damage|p2a: Landorus|89\/100 tox|[from] psn\n|upkeep\n|turn|2\n|\n|t:|1698179992\n|-terastallize|p1a: Venomoth|Bug\n|move|p2a: Landorus|Taunt|p1a: Venomoth\n|-start|p1a: Venomoth|move: Taunt\n|-enditem|p1a: Venomoth|Mental Herb\n|-end|p1a: Venomoth|move: Taunt\n|move|p1a: Venomoth|Leech Life|p2a: Landorus\n|-resisted|p2a: Landorus\n|-damage|p2a: Landorus|78\/100 tox\n|-heal|p1a: Venomoth|90\/100|[from] drain|[of] p2a: Landorus\n|-damage|p1a: Venomoth|74\/100|[from] item: Rocky Helmet|[of] p2a: Landorus\n|\n|-damage|p2a: Landorus|66\/100 tox|[from] psn\n|upkeep\n|turn|3\n|\n|t:|1698180008\n|move|p2a: Landorus|Taunt|p1a: Venomoth\n|-start|p1a: Venomoth|move: Taunt\n|move|p1a: Venomoth|Leech Life|p2a: Landorus\n|-resisted|p2a: Landorus\n|-damage|p2a: Landorus|55\/100 tox\n|-heal|p1a: Venomoth|80\/100|[from] drain|[of] p2a: Landorus\n|-damage|p1a: Venomoth|63\/100|[from] item: Rocky Helmet|[of] p2a: Landorus\n|\n|-damage|p2a: Landorus|37\/100 tox|[from] psn\n|upkeep\n|turn|4\n|\n|t:|1698180031\n|move|p2a: Landorus|Earthquake|p1a: Venomoth\n|-resisted|p1a: Venomoth\n|-damage|p1a: Venomoth|22\/100\n|move|p1a: Venomoth|Leech Life|p2a: Landorus\n|-resisted|p2a: Landorus\n|-damage|p2a: Landorus|26\/100 tox\n|-heal|p1a: Venomoth|29\/100|[from] drain|[of] p2a: Landorus\n|-damage|p1a: Venomoth|12\/100|[from] item: Rocky Helmet|[of] p2a: Landorus\n|\n|-damage|p2a: Landorus|1\/100 tox|[from] psn\n|upkeep\n|turn|5\n|\n|t:|1698180047\n|move|p2a: Landorus|U-turn|p1a: Venomoth\n|-damage|p1a: Venomoth|0 fnt\n|faint|p1a: Venomoth\n|\n|t:|1698180060\n|switch|p2a: Baxcalibur|Baxcalibur, M|100\/100|[from] U-turn\n|\n|upkeep\n|\n|t:|1698180066\n|switch|p1a: Rotom|Rotom|100\/100\n|-damage|p1a: Rotom|88\/100|[from] Stealth Rock\n|turn|6\n|\n|t:|1698180096\n|move|p1a: Rotom|Poltergeist|p2a: Baxcalibur\n|-activate|p2a: Baxcalibur|move: Poltergeist|Loaded Dice\n|-damage|p2a: Baxcalibur|70\/100\n|move|p2a: Baxcalibur|Crunch|p1a: Rotom\n|-supereffective|p1a: Rotom\n|-damage|p1a: Rotom|0 fnt\n|-damage|p2a: Baxcalibur|53\/100|[from] item: Rocky Helmet|[of] p1a: Rotom\n|faint|p1a: Rotom\n|\n|upkeep\n|\n|t:|1698180109\n|switch|p1a: Magearna|Magearna|100\/100\n|-damage|p1a: Magearna|88\/100|[from] Stealth Rock\n|turn|7\n|\n|t:|1698180157\n|switch|p2a: Regieleki|Regieleki|100\/100\n|move|p1a: Magearna|Foul Play|p2a: Regieleki\n|-damage|p2a: Regieleki|23\/100\n|-damage|p1a: Magearna|78\/100|[from] item: Life Orb\n|\n|upkeep\n|turn|8\n|\n|t:|1698180178\n|move|p2a: Regieleki|Volt Switch|p1a: Magearna\n|-damage|p1a: Magearna|3\/100\n|replace|p1a: Zoroark|Zoroark, F\n|-end|p1a: Zoroark|Illusion\n|\n|t:|1698180195\n|switch|p2a: Baxcalibur|Baxcalibur, M|53\/100|[from] Volt Switch\n|move|p1a: Zoroark|Foul Play|p2a: Baxcalibur\n|-damage|p2a: Baxcalibur|0 fnt\n|faint|p2a: Baxcalibur\n|-damage|p1a: Zoroark|0 fnt|[from] item: Life Orb\n|faint|p1a: Zoroark\n|\n|upkeep\n|\n|t:|1698180231\n|switch|p2a: Toxicroak|Toxicroak, F|100\/100\n|switch|p1a: Charmeleon|Charmeleon, F|100\/100\n|-damage|p1a: Charmeleon|75\/100|[from] Stealth Rock\n|turn|9\n|\n|t:|1698180259\n|move|p1a: Charmeleon|Body Slam|p2a: Toxicroak\n|-damage|p2a: Toxicroak|76\/100\n|move|p2a: Toxicroak|Gunk Shot|p1a: Charmeleon|[miss]\n|-miss|p2a: Toxicroak|p1a: Charmeleon\n|\n|upkeep\n|turn|10\n|\n|t:|1698180276\n|move|p1a: Charmeleon|Body Slam|p2a: Toxicroak\n|-damage|p2a: Toxicroak|49\/100\n|move|p2a: Toxicroak|Gunk Shot|p1a: Charmeleon\n|-damage|p1a: Charmeleon|0 fnt\n|faint|p1a: Charmeleon\n|-damage|p2a: Toxicroak|39\/100|[from] item: Life Orb\n|\n|upkeep\n|\n|t:|1698180287\n|switch|p1a: Lucario|Lucario, M|100\/100\n|-damage|p1a: Lucario|98\/100|[from] Stealth Rock\n|turn|11\n|\n|t:|1698180319\n|switch|p2a: Landorus|Landorus-Therian, M|1\/100 tox\n|-ability|p2a: Landorus|Intimidate|boost\n|-unboost|p1a: Lucario|atk|1\n|move|p1a: Lucario|Body Slam|p2a: Landorus\n|-damage|p2a: Landorus|0 fnt\n|-damage|p1a: Lucario|81\/100|[from] item: Rocky Helmet|[of] p2a: Landorus\n|faint|p2a: Landorus\n|\n|upkeep\n|\n|t:|1698180333\n|switch|p2a: Lilligant|Lilligant-Hisui, F|100\/100\n|turn|12\n|\n|t:|1698180344\n|move|p2a: Lilligant|Victory Dance|p2a: Lilligant\n|-boost|p2a: Lilligant|atk|1\n|-boost|p2a: Lilligant|def|1\n|-boost|p2a: Lilligant|spe|1\n|move|p1a: Lucario|Drain Punch|p2a: Lilligant\n|-damage|p2a: Lilligant|79\/100\n|-heal|p1a: Lucario|91\/100|[from] drain|[of] p2a: Lilligant\n|\n|upkeep\n|turn|13\n|\n|t:|1698180360\n|move|p2a: Lilligant|Close Combat|p1a: Lucario\n|-supereffective|p1a: Lucario\n|-damage|p1a: Lucario|0 fnt\n|-unboost|p2a: Lilligant|def|1\n|-unboost|p2a: Lilligant|spd|1\n|faint|p1a: Lucario\n|\n|upkeep\n|\n|t:|1698180368\n|switch|p1a: Magearna|Magearna|100\/100\n|-damage|p1a: Magearna|94\/100|[from] Stealth Rock\n|turn|14\n|\n|t:|1698180378\n|move|p2a: Lilligant|Close Combat|p1a: Magearna\n|-damage|p1a: Magearna|0 fnt\n|-unboost|p2a: Lilligant|def|1\n|-unboost|p2a: Lilligant|spd|1\n|faint|p1a: Magearna\n|\n|win|ryryy27_\n","uploadtime":1698180393,"views":9,"p1id":"ryrylose","p2id":"ryryy27","formatid":"gen9anythinggoes","rating":0,"private":0,"password":""}