{"id":"gen9anythinggoes-1994067240","p1":"UnknownRat69","p2":"eleoele12423","format":"[Gen 9] Anything Goes","log":"|j|\u2606UnknownRat69\n|j|\u2606eleoele12423\n|t:|1700402510\n|gametype|singles\n|player|p1|UnknownRat69|janitor|1060\n|player|p2|eleoele12423|pokekid|1134\n|teamsize|p1|6\n|teamsize|p2|6\n|gen|9\n|tier|[Gen 9] Anything Goes\n|rated|\n|rule|HP Percentage Mod: HP is shown in percentages\n|rule|Endless Battle Clause: Forcing endless battles is banned\n|clearpoke\n|poke|p1|Maushold-Four|\n|poke|p1|Mimikyu, F|\n|poke|p1|Cinderace, F|\n|poke|p1|Azumarill, F|\n|poke|p1|Greedent, M|\n|poke|p1|Typhlosion-Hisui, M|\n|poke|p2|Samurott-Hisui, M|\n|poke|p2|Skeledirge, M|\n|poke|p2|Meowscarada, M|\n|poke|p2|Miraidon|\n|poke|p2|Drifblim, M|\n|poke|p2|Cinderace, M|\n|teampreview\n|c|\u2606UnknownRat69|yay finnaly not a legend spammer\n|\n|t:|1700402539\n|start\n|switch|p1a: ChonkyRodent|Greedent, M, shiny|100\/100\n|switch|p2a: Drifblim|Drifblim, M|100\/100\n|turn|1\n|c|\u2606eleoele12423|wdym?\n|c|\u2606UnknownRat69|ive had to deal wuth legend salty arrogant legend spammers today and yesterday-_-\n|\n|t:|1700402608\n|move|p2a: Drifblim|Minimize|p2a: Drifblim\n|-boost|p2a: Drifblim|evasion|2\n|move|p1a: ChonkyRodent|Stockpile|p1a: ChonkyRodent\n|-start|p1a: ChonkyRodent|stockpile1\n|-boost|p1a: ChonkyRodent|def|1\n|-boost|p1a: ChonkyRodent|spd|1\n|\n|upkeep\n|turn|2\n|\n|t:|1700402621\n|move|p2a: Drifblim|Minimize|p2a: Drifblim\n|-boost|p2a: Drifblim|evasion|2\n|move|p1a: ChonkyRodent|Stockpile|p1a: ChonkyRodent\n|-start|p1a: ChonkyRodent|stockpile2\n|-boost|p1a: ChonkyRodent|def|1\n|-boost|p1a: ChonkyRodent|spd|1\n|\n|upkeep\n|turn|3\n|\n|t:|1700402642\n|move|p2a: Drifblim|Minimize|p2a: Drifblim\n|-boost|p2a: Drifblim|evasion|2\n|move|p1a: ChonkyRodent|Stockpile|p1a: ChonkyRodent\n|-start|p1a: ChonkyRodent|stockpile3\n|-boost|p1a: ChonkyRodent|def|1\n|-boost|p1a: ChonkyRodent|spd|1\n|\n|upkeep\n|turn|4\n|\n|t:|1700402663\n|move|p2a: Drifblim|Substitute|p2a: Drifblim\n|-start|p2a: Drifblim|Substitute\n|-damage|p2a: Drifblim|75\/100\n|move|p1a: ChonkyRodent|Psychic Fangs|p2a: Drifblim\n|-activate|p2a: Drifblim|move: Substitute|[damage]\n|\n|upkeep\n|turn|5\n|\n|t:|1700402671\n|move|p2a: Drifblim|Baton Pass|p2a: Drifblim\n|\n|t:|1700402673\n|switch|p2a: Cinderace|Cinderace, M|100\/100|[from] Baton Pass\n|move|p1a: ChonkyRodent|Psychic Fangs|p2a: Cinderace|[miss]\n|-miss|p1a: ChonkyRodent|p2a: Cinderace\n|\n|upkeep\n|turn|6\n|\n|t:|1700402692\n|move|p2a: Cinderace|Swords Dance|p2a: Cinderace\n|-start|p2a: Cinderace|typechange|Normal|[from] ability: Libero\n|-boost|p2a: Cinderace|atk|2\n|move|p1a: ChonkyRodent|Counter||[still]\n|-fail|p1a: ChonkyRodent\n|\n|upkeep\n|turn|7\n|\n|t:|1700402708\n|move|p2a: Cinderace|Swords Dance|p2a: Cinderace\n|-boost|p2a: Cinderace|atk|2\n|move|p1a: ChonkyRodent|Stockpile||[still]\n|-fail|p1a: ChonkyRodent\n|\n|upkeep\n|turn|8\n|\n|t:|1700402721\n|move|p2a: Cinderace|Swords Dance|p2a: Cinderace\n|-boost|p2a: Cinderace|atk|2\n|move|p1a: ChonkyRodent|Psychic Fangs|p2a: Cinderace|[miss]\n|-miss|p1a: ChonkyRodent|p2a: Cinderace\n|\n|upkeep\n|turn|9\n|\n|t:|1700402747\n|move|p2a: Cinderace|Baton Pass|p2a: Cinderace\n|\n|t:|1700402749\n|switch|p2a: Meowscarada|Meowscarada, M|100\/100|[from] Baton Pass\n|move|p1a: ChonkyRodent|Psychic Fangs|p2a: Meowscarada\n|-immune|p2a: Meowscarada\n|\n|upkeep\n|turn|10\n|\n|t:|1700402775\n|switch|p1a: Uber Mouse|Azumarill, F, shiny|100\/100\n|move|p2a: Meowscarada|Flower Trick|p1a: Uber Mouse\n|-start|p2a: Meowscarada|typechange|Grass|[from] ability: Protean\n|-supereffective|p1a: Uber Mouse\n|-crit|p1a: Uber Mouse\n|-damage|p1a: Uber Mouse|0 fnt\n|faint|p1a: Uber Mouse\n|\n|upkeep\n|c|\u2606UnknownRat69|no my acee\n|c|\u2606eleoele12423|:)))\n|\n|t:|1700402802\n|switch|p1a: Mouse'sNewFamily|Maushold-Four|100\/100\n|turn|11\n|\n|t:|1700402810\n|move|p2a: Meowscarada|Flower Trick|p1a: Mouse'sNewFamily\n|-crit|p1a: Mouse'sNewFamily\n|-damage|p1a: Mouse'sNewFamily|0 fnt\n|faint|p1a: Mouse'sNewFamily\n|\n|upkeep\n|\n|t:|1700402818\n|switch|p1a: FURRY|Cinderace, F, shiny|100\/100\n|turn|12\n|\n|t:|1700402828\n|move|p2a: Meowscarada|Sucker Punch||[still]\n|-fail|p2a: Meowscarada\n|move|p1a: FURRY|Court Change||[still]\n|-start|p1a: FURRY|typechange|Normal|[from] ability: Libero\n|-swapsideconditions\n|-fail|p1a: FURRY\n|\n|upkeep\n|turn|13\n|c|\u2606eleoele12423|wait\n|\n|t:|1700402842\n|move|p2a: Meowscarada|Flower Trick|p1a: FURRY\n|-crit|p1a: FURRY\n|-damage|p1a: FURRY|0 fnt\n|faint|p1a: FURRY\n|\n|upkeep\n|\n|t:|1700402850\n|switch|p1a: (Mouse)|Mimikyu, F|100\/100\n|turn|14\n|c|\u2606eleoele12423|that cinder name quite sus\n|\n|t:|1700402857\n|move|p2a: Meowscarada|Flower Trick|p1a: (Mouse)\n|-activate|p1a: (Mouse)|ability: Disguise\n|-damage|p1a: (Mouse)|100\/100\n|detailschange|p1a: (Mouse)|Mimikyu-Busted, F\n|-damage|p1a: (Mouse)|88\/100|[from] pokemon: Mimikyu-Busted\n|move|p1a: (Mouse)|Curse|p2a: Meowscarada\n|-start|p2a: Meowscarada|Curse|[of] p1a: (Mouse)\n|-damage|p1a: (Mouse)|38\/100\n|\n|-damage|p2a: Meowscarada|76\/100|[from] Curse\n|upkeep\n|turn|15\n|c|\u2606UnknownRat69|heheh curse also stays when u use baton pass\n|\n|t:|1700402909\n|move|p2a: Meowscarada|Flower Trick|p1a: (Mouse)\n|-crit|p1a: (Mouse)\n|-damage|p1a: (Mouse)|0 fnt\n|faint|p1a: (Mouse)\n|\n|-damage|p2a: Meowscarada|51\/100|[from] Curse\n|upkeep\n|\n|t:|1700402920\n|switch|p1a: old man joe|Typhlosion-Hisui, M|100\/100\n|turn|16\n|\n|t:|1700402942\n|move|p2a: Meowscarada|Leech Seed|p1a: old man joe\n|-start|p1a: old man joe|move: Leech Seed\n|move|p1a: old man joe|Eruption|p2a: Meowscarada|[miss]\n|-miss|p1a: old man joe|p2a: Meowscarada\n|\n|-damage|p1a: old man joe|88\/100|[from] Leech Seed|[of] p2a: Meowscarada\n|-heal|p2a: Meowscarada|63\/100|[silent]\n|-damage|p2a: Meowscarada|38\/100|[from] Curse\n|upkeep\n|turn|17\n|\n|t:|1700402963\n|switch|p1a: ChonkyRodent|Greedent, M, shiny|100\/100\n|move|p2a: Meowscarada|Flower Trick|p1a: ChonkyRodent\n|-crit|p1a: ChonkyRodent\n|-damage|p1a: ChonkyRodent|0 fnt\n|faint|p1a: ChonkyRodent\n|\n|-damage|p2a: Meowscarada|13\/100|[from] Curse\n|upkeep\n|c|\u2606eleoele12423|umm\n|\n|t:|1700402973\n|switch|p1a: old man joe|Typhlosion-Hisui, M|88\/100\n|turn|18\n|c|\u2606eleoele12423|u know that i have full team right?\n|c|\u2606UnknownRat69|maybe i should use something other than rodents...\n|\n|t:|1700403007\n|move|p2a: Meowscarada|Leech Seed|p1a: old man joe\n|-start|p1a: old man joe|move: Leech Seed\n|move|p1a: old man joe|Fire Blast|p2a: Meowscarada|[miss]\n|-miss|p1a: old man joe|p2a: Meowscarada\n|\n|-damage|p1a: old man joe|76\/100|[from] Leech Seed|[of] p2a: Meowscarada\n|-heal|p2a: Meowscarada|25\/100|[silent]\n|-damage|p2a: Meowscarada|0 fnt|[from] Curse\n|faint|p2a: Meowscarada\n|upkeep\n|c|\u2606eleoele12423|hope u dont find some more legend spammers  through\n|\n|t:|1700403044\n|switch|p2a: Samurott|Samurott-Hisui, M|100\/100\n|turn|19\n|c|\u2606UnknownRat69|thx\n|\n|t:|1700403065\n|move|p1a: old man joe|Curse|p2a: Samurott\n|-start|p2a: Samurott|Curse|[of] p1a: old man joe\n|-damage|p1a: old man joe|26\/100\n|move|p2a: Samurott|Ceaseless Edge|p1a: old man joe\n|-supereffective|p1a: old man joe\n|-damage|p1a: old man joe|0 fnt\n|-sidestart|p1: UnknownRat69|Spikes\n|faint|p1a: old man joe\n|\n|win|eleoele12423\n|raw|UnknownRat69's rating: 1060 &rarr; <strong>1045<\/strong><br \/>(-15 for losing)\n|raw|eleoele12423's rating: 1134 &rarr; <strong>1154<\/strong><br \/>(+20 for winning)\n|c|\u2606UnknownRat69|gg\n|l|\u2606UnknownRat69\n|c|\u2606eleoele12423|gg\n|l|\u2606eleoele12423\n|j|\u2606eleoele12423\n|player|p2|eleoele12423|pokekid\n","uploadtime":1700403673,"views":6,"p1id":"unknownrat69","p2id":"eleoele12423","formatid":"gen9anythinggoes","rating":1045,"private":0,"password":""}