{"id":"gen9anythinggoes-1999916882","p1":"STALLMASTER1269","p2":"Slender3008","format":"[Gen 9] Anything Goes","log":"|j|\u2606STALLMASTER1269\n|j|\u2606Slender3008\n|t:|1701129787\n|gametype|singles\n|player|p1|STALLMASTER1269|lucas-gen4pt|1025\n|player|p2|Slender3008|1|1156\n|teamsize|p1|6\n|teamsize|p2|6\n|gen|9\n|tier|[Gen 9] Anything Goes\n|rated|\n|rule|HP Percentage Mod: HP is shown in percentages\n|rule|Endless Battle Clause: Forcing endless battles is banned\n|clearpoke\n|poke|p1|Blissey, F|\n|poke|p1|Clefable, F|\n|poke|p1|Grimmsnarl, M|\n|poke|p1|Breloom, F|\n|poke|p1|Ting-Lu|\n|poke|p1|Toxapex, M|\n|poke|p2|Calyrex-Shadow|\n|poke|p2|Miraidon|\n|poke|p2|Ting-Lu|\n|poke|p2|Landorus-Therian, M|\n|poke|p2|Espathra, F|\n|poke|p2|Arceus|\n|teampreview\n|inactive|Battle timer is ON: inactive players will automatically lose when time's up. (requested by STALLMASTER1269)\n|\n|t:|1701129800\n|start\n|switch|p1a: Toxapex|Toxapex, M|100\/100\n|switch|p2a: Miraidon|Miraidon|100\/100\n|-fieldstart|move: Electric Terrain|[from] ability: Hadron Engine|[of] p2a: Miraidon\n|turn|1\n|\n|t:|1701129812\n|move|p1a: Toxapex|Baneful Bunker|p1a: Toxapex\n|-singleturn|p1a: Toxapex|move: Protect\n|move|p2a: Miraidon|Draco Meteor|p1a: Toxapex\n|-activate|p1a: Toxapex|move: Protect\n|\n|upkeep\n|turn|2\n|\n|t:|1701129835\n|switch|p1a: Ting-Lu|Ting-Lu|100\/100\n|-ability|p1a: Ting-Lu|Vessel of Ruin\n|move|p2a: Miraidon|Electro Drift|p1a: Ting-Lu\n|-immune|p1a: Ting-Lu\n|\n|upkeep\n|turn|3\n|\n|t:|1701129842\n|move|p2a: Miraidon|U-turn|p1a: Ting-Lu\n|-supereffective|p1a: Ting-Lu\n|-damage|p1a: Ting-Lu|88\/100\n|inactive|Slender3008 has 120 seconds left.\n|\n|t:|1701129881\n|switch|p2a: Landorus|Landorus-Therian, M|100\/100|[from] U-turn\n|-ability|p2a: Landorus|Intimidate|boost\n|-unboost|p1a: Ting-Lu|atk|1\n|move|p1a: Ting-Lu|Fissure|p2a: Landorus\n|-immune|p2a: Landorus\n|\n|upkeep\n|turn|4\n|\n|t:|1701129890\n|move|p2a: Landorus|Taunt|p1a: Ting-Lu\n|-start|p1a: Ting-Lu|move: Taunt\n|move|p1a: Ting-Lu|Heavy Slam|p2a: Landorus\n|-damage|p2a: Landorus|84\/100\n|-damage|p1a: Ting-Lu|71\/100|[from] item: Rocky Helmet|[of] p2a: Landorus\n|\n|upkeep\n|turn|5\n|c|\u2606Slender3008|bro think he in vgc\n|inactive|Slender3008 has 120 seconds left.\n|\n|t:|1701129908\n|move|p2a: Landorus|Stealth Rock|p1a: Ting-Lu\n|-sidestart|p1: STALLMASTER1269|move: Stealth Rock\n|move|p1a: Ting-Lu|Ruination|p2a: Landorus\n|-damage|p2a: Landorus|42\/100\n|\n|-fieldend|move: Electric Terrain\n|upkeep\n|turn|6\n|\n|t:|1701129916\n|move|p2a: Landorus|U-turn|p1a: Ting-Lu\n|-supereffective|p1a: Ting-Lu\n|-damage|p1a: Ting-Lu|48\/100\n|inactive|Slender3008 has 120 seconds left.\n|\n|t:|1701129932\n|switch|p2a: Espathra|Espathra, F|100\/100|[from] U-turn\n|move|p1a: Ting-Lu|Ruination|p2a: Espathra\n|-damage|p2a: Espathra|51\/100\n|\n|-end|p1a: Ting-Lu|move: Taunt\n|upkeep\n|turn|7\n|\n|t:|1701129941\n|move|p2a: Espathra|Roost|p2a: Espathra\n|-heal|p2a: Espathra|100\/100\n|-singleturn|p2a: Espathra|move: Roost\n|move|p1a: Ting-Lu|Fissure|p2a: Espathra|[miss]\n|-miss|p1a: Ting-Lu|p2a: Espathra\n|\n|-ability|p2a: Espathra|Speed Boost|boost\n|-boost|p2a: Espathra|spe|1\n|upkeep\n|turn|8\n|\n|t:|1701129949\n|switch|p2a: Landorus|Landorus-Therian, M|42\/100\n|-ability|p2a: Landorus|Intimidate|boost\n|-unboost|p1a: Ting-Lu|atk|1\n|move|p1a: Ting-Lu|Stomping Tantrum|p2a: Landorus\n|-immune|p2a: Landorus\n|\n|upkeep\n|turn|9\n|\n|t:|1701129957\n|switch|p1a: Breloom|Breloom, F|100\/100\n|-damage|p1a: Breloom|94\/100|[from] Stealth Rock\n|move|p2a: Landorus|Earthquake|p1a: Breloom\n|-resisted|p1a: Breloom\n|-damage|p1a: Breloom|73\/100\n|\n|-heal|p1a: Breloom|79\/100|[from] item: Leftovers\n|upkeep\n|turn|10\n|\n|t:|1701129970\n|move|p1a: Breloom|Protect|p1a: Breloom\n|-singleturn|p1a: Breloom|Protect\n|move|p2a: Landorus|U-turn|p1a: Breloom\n|-activate|p1a: Breloom|move: Protect\n|\n|-heal|p1a: Breloom|85\/100|[from] item: Leftovers\n|upkeep\n|turn|11\n|\n|t:|1701129979\n|move|p2a: Landorus|U-turn|p1a: Breloom\n|-damage|p1a: Breloom|65\/100\n|\n|t:|1701129986\n|switch|p2a: Miraidon|Miraidon|100\/100|[from] U-turn\n|-fieldstart|move: Electric Terrain|[from] ability: Hadron Engine|[of] p2a: Miraidon\n|move|p1a: Breloom|Spore|p2a: Miraidon\n|-activate|p2a: Miraidon|move: Electric Terrain\n|\n|-heal|p1a: Breloom|71\/100|[from] item: Leftovers\n|upkeep\n|turn|12\n|l|\u2606Slender3008\n|inactive|Slender3008 disconnected and has a minute to reconnect!\n|player|p2|\n|j|\u2606Slender3008\n|inactive|Slender3008 reconnected and has 125 seconds left.\n|player|p2|Slender3008|1\n|inactive|Slender3008 has 120 seconds left.\n|inactive|Slender3008 has 90 seconds left.\n|\n|t:|1701130049\n|move|p1a: Breloom|Protect|p1a: Breloom\n|-singleturn|p1a: Breloom|Protect\n|move|p2a: Miraidon|Electro Drift|p1a: Breloom\n|-activate|p1a: Breloom|move: Protect\n|\n|-heal|p1a: Breloom|77\/100|[from] item: Leftovers\n|upkeep\n|turn|13\n|\n|t:|1701130060\n|switch|p1a: Ting-Lu|Ting-Lu|48\/100\n|-damage|p1a: Ting-Lu|42\/100|[from] Stealth Rock\n|-ability|p1a: Ting-Lu|Vessel of Ruin\n|move|p2a: Miraidon|Draco Meteor|p1a: Ting-Lu\n|-damage|p1a: Ting-Lu|11\/100\n|-unboost|p2a: Miraidon|spa|2\n|\n|upkeep\n|turn|14\n|\n|t:|1701130072\n|move|p2a: Miraidon|U-turn|p1a: Ting-Lu\n|-supereffective|p1a: Ting-Lu\n|-damage|p1a: Ting-Lu|0 fnt\n|faint|p1a: Ting-Lu\n|\n|t:|1701130088\n|switch|p2a: Espathra|Espathra, F|100\/100|[from] U-turn\n|-enditem|p2a: Espathra|Electric Seed\n|-boost|p2a: Espathra|def|1|[from] item: Electric Seed\n|\n|upkeep\n|\n|t:|1701130098\n|switch|p1a: Clefable|Clefable, F|100\/100\n|turn|15\n|\n|t:|1701130102\n|move|p2a: Espathra|Calm Mind|p2a: Espathra\n|-boost|p2a: Espathra|spa|1\n|-boost|p2a: Espathra|spd|1\n|move|p1a: Clefable|Cosmic Power|p1a: Clefable\n|-boost|p1a: Clefable|def|1\n|-boost|p1a: Clefable|spd|1\n|\n|-fieldend|move: Electric Terrain\n|-ability|p2a: Espathra|Speed Boost|boost\n|-boost|p2a: Espathra|spe|1\n|upkeep\n|turn|16\n|\n|t:|1701130112\n|move|p2a: Espathra|Baton Pass|p2a: Espathra\n|inactive|Slender3008 has 120 seconds left.\n|\n|t:|1701130143\n|switch|p2a: Calyrex|Calyrex-Shadow|100\/100|[from] Baton Pass\n|-ability|p2a: Calyrex|As One\n|-ability|p2a: Calyrex|Unnerve\n|move|p1a: Clefable|Cosmic Power|p1a: Clefable\n|-boost|p1a: Clefable|def|1\n|-boost|p1a: Clefable|spd|1\n|\n|upkeep\n|turn|17\n|\n|t:|1701130157\n|-terastallize|p2a: Calyrex|Ghost\n|move|p2a: Calyrex|Astral Barrage|p1a: Clefable\n|-damage|p1a: Clefable|43\/100\n|move|p1a: Clefable|Baton Pass|p1a: Clefable\n|\n|t:|1701130164\n|switch|p1a: Blissey|Blissey, F|100\/100|[from] Baton Pass\n|-damage|p1a: Blissey|88\/100|[from] Stealth Rock\n|\n|-heal|p1a: Blissey|94\/100|[from] item: Leftovers\n|upkeep\n|turn|18\n|\n|t:|1701130172\n|switch|p2a: Ting-Lu|Ting-Lu|100\/100\n|-ability|p2a: Ting-Lu|Vessel of Ruin\n|move|p1a: Blissey|Protect||[still]\n|-fail|p1a: Blissey\n|\n|-heal|p1a: Blissey|99\/100|[from] item: Leftovers\n|upkeep\n|turn|19\n|\n|t:|1701130181\n|move|p1a: Blissey|Trailblaze|p2a: Ting-Lu\n|-supereffective|p2a: Ting-Lu\n|-damage|p2a: Ting-Lu|97\/100\n|-boost|p1a: Blissey|spe|1\n|move|p2a: Ting-Lu|Whirlwind|p1a: Blissey\n|drag|p1a: Breloom|Breloom, F|77\/100\n|-damage|p1a: Breloom|71\/100|[from] Stealth Rock\n|\n|-heal|p1a: Breloom|77\/100|[from] item: Leftovers\n|-heal|p2a: Ting-Lu|100\/100|[from] item: Leftovers\n|upkeep\n|turn|20\n|\n|t:|1701130192\n|switch|p2a: Landorus|Landorus-Therian, M|42\/100\n|-ability|p2a: Landorus|Intimidate|boost\n|-unboost|p1a: Breloom|atk|1\n|move|p1a: Breloom|Spore|p2a: Landorus\n|-status|p2a: Landorus|slp|[from] move: Spore\n|\n|-heal|p1a: Breloom|84\/100|[from] item: Leftovers\n|upkeep\n|turn|21\n|\n|t:|1701130201\n|cant|p2a: Landorus|slp\n|move|p1a: Breloom|Leech Seed|p2a: Landorus\n|-start|p2a: Landorus|move: Leech Seed\n|\n|-heal|p1a: Breloom|90\/100|[from] item: Leftovers\n|-damage|p2a: Landorus|30\/100 slp|[from] Leech Seed|[of] p1a: Breloom\n|-heal|p1a: Breloom|100\/100|[silent]\n|upkeep\n|turn|22\n|\n|t:|1701130210\n|move|p1a: Breloom|Protect|p1a: Breloom\n|-singleturn|p1a: Breloom|Protect\n|cant|p2a: Landorus|slp\n|\n|-damage|p2a: Landorus|18\/100 slp|[from] Leech Seed|[of] p1a: Breloom\n|upkeep\n|turn|23\n|\n|t:|1701130219\n|switch|p1a: Toxapex|Toxapex, M|100\/100\n|-damage|p1a: Toxapex|88\/100|[from] Stealth Rock\n|cant|p2a: Landorus|slp\n|\n|-heal|p1a: Toxapex|94\/100|[from] item: Leftovers\n|-damage|p2a: Landorus|5\/100 slp|[from] Leech Seed|[of] p1a: Toxapex\n|-heal|p1a: Toxapex|100\/100|[silent]\n|upkeep\n|turn|24\n|\n|t:|1701130228\n|-curestatus|p2a: Landorus|slp|[msg]\n|move|p2a: Landorus|Earthquake|p1a: Toxapex\n|-supereffective|p1a: Toxapex\n|-damage|p1a: Toxapex|19\/100\n|move|p1a: Toxapex|Infestation|p2a: Landorus\n|-resisted|p2a: Landorus\n|-damage|p2a: Landorus|4\/100\n|-activate|p2a: Landorus|move: Infestation|[of] p1a: Toxapex\n|-damage|p1a: Toxapex|2\/100|[from] item: Rocky Helmet|[of] p2a: Landorus\n|\n|-heal|p1a: Toxapex|8\/100|[from] item: Leftovers\n|-damage|p2a: Landorus|0 fnt|[from] Leech Seed|[of] p1a: Toxapex\n|-heal|p1a: Toxapex|13\/100|[silent]\n|faint|p2a: Landorus\n|upkeep\n|\n|t:|1701130252\n|switch|p2a: Miraidon|Miraidon|100\/100\n|-fieldstart|move: Electric Terrain|[from] ability: Hadron Engine|[of] p2a: Miraidon\n|turn|25\n|\n|t:|1701130256\n|move|p1a: Toxapex|Baneful Bunker|p1a: Toxapex\n|-singleturn|p1a: Toxapex|move: Protect\n|move|p2a: Miraidon|Electro Drift|p1a: Toxapex\n|-activate|p1a: Toxapex|move: Protect\n|-status|p2a: Miraidon|psn\n|\n|-heal|p1a: Toxapex|20\/100|[from] item: Leftovers\n|-damage|p2a: Miraidon|88\/100 psn|[from] psn\n|upkeep\n|turn|26\n|c|\u2606STALLMASTER1269|!dt electro drift\n|raw|<ul class=\"utilichart\"><li class=\"result\"><span class=\"col movenamecol\"><a href=\"https:\/\/dex.pokemonshowdown.com\/moves\/electrodrift\">Electro Drift<\/a><\/span> <span class=\"col typecol\"><img src=\"\/\/play.pokemonshowdown.com\/sprites\/types\/Electric.png\" alt=\"Electric\" width=\"32\" height=\"14\"><img src=\"\/\/play.pokemonshowdown.com\/sprites\/categories\/Special.png\" alt=\"Special\" width=\"32\" height=\"14\"><\/span> <span class=\"col labelcol\"><em>Power<\/em><br>100<\/span> <span class=\"col widelabelcol\"><em>Accuracy<\/em><br>100%<\/span> <span class=\"col pplabelcol\"><em>PP<\/em><br>8<\/span> <span class=\"col movedesccol\">Deals 1.3333x damage with supereffective hits.<\/span> <\/li><li style=\"clear:both\"><\/li><\/ul>\n|raw|<font size=\"1\"><font color=\"#686868\">Priority:<\/font> 0&nbsp;|&ThickSpace;<font color=\"#686868\">Gen:<\/font> 9&nbsp;|&ThickSpace;&#10003; Contact&nbsp;|&ThickSpace;<font color=\"#686868\">Z-Power:<\/font> 180&nbsp;|&ThickSpace;<font color=\"#686868\">Dynamax Power:<\/font> 130&nbsp;|&ThickSpace;<font color=\"#686868\">Target:<\/font> One Adjacent Pok\u00e9mon<\/font>\n\n|\n|t:|1701130276\n|switch|p1a: Breloom|Breloom, F|100\/100\n|-damage|p1a: Breloom|94\/100|[from] Stealth Rock\n|move|p2a: Miraidon|Electro Drift|p1a: Breloom\n|-resisted|p1a: Breloom\n|-damage|p1a: Breloom|19\/100\n|\n|-heal|p1a: Breloom|25\/100|[from] item: Leftovers\n|-damage|p2a: Miraidon|76\/100 psn|[from] psn\n|upkeep\n|turn|27\n|\n|t:|1701130290\n|move|p1a: Breloom|Protect|p1a: Breloom\n|-singleturn|p1a: Breloom|Protect\n|move|p2a: Miraidon|Electro Drift|p1a: Breloom\n|-activate|p1a: Breloom|move: Protect\n|\n|-heal|p1a: Breloom|31\/100|[from] item: Leftovers\n|-damage|p2a: Miraidon|64\/100 psn|[from] psn\n|upkeep\n|turn|28\n|\n|t:|1701130304\n|switch|p1a: Blissey|Blissey, F|99\/100\n|-damage|p1a: Blissey|88\/100|[from] Stealth Rock\n|move|p2a: Miraidon|Electro Drift|p1a: Blissey\n|-crit|p1a: Blissey\n|-damage|p1a: Blissey|43\/100\n|\n|-heal|p1a: Blissey|49\/100|[from] item: Leftovers\n|-damage|p2a: Miraidon|51\/100 psn|[from] psn\n|upkeep\n|turn|29\n|\n|t:|1701130319\n|switch|p2a: Arceus|Arceus|100\/100\n|move|p1a: Blissey|Protect||[still]\n|-fail|p1a: Blissey\n|\n|-heal|p1a: Blissey|56\/100|[from] item: Leftovers\n|-fieldend|move: Electric Terrain\n|upkeep\n|turn|30\n|inactive|Slender3008 has 120 seconds left.\n|\n|t:|1701130354\n|move|p1a: Blissey|Protect|p1a: Blissey\n|-singleturn|p1a: Blissey|Protect\n|move|p2a: Arceus|Swords Dance|p2a: Arceus\n|-boost|p2a: Arceus|atk|2\n|\n|-heal|p1a: Blissey|62\/100|[from] item: Leftovers\n|upkeep\n|turn|31\n|\n|t:|1701130361\n|switch|p1a: Toxapex|Toxapex, M|20\/100\n|-damage|p1a: Toxapex|7\/100|[from] Stealth Rock\n|move|p2a: Arceus|Extreme Speed|p1a: Toxapex\n|-damage|p1a: Toxapex|0 fnt\n|faint|p1a: Toxapex\n|\n|upkeep\n|\n|t:|1701130370\n|switch|p1a: Grimmsnarl|Grimmsnarl, M|100\/100\n|-damage|p1a: Grimmsnarl|88\/100|[from] Stealth Rock\n|turn|32\n|\n|t:|1701130374\n|move|p2a: Arceus|Extreme Speed|p1a: Grimmsnarl\n|-damage|p1a: Grimmsnarl|0 fnt\n|faint|p1a: Grimmsnarl\n|\n|upkeep\n|-message|STALLMASTER1269 forfeited.\n|\n|win|Slender3008\n|raw|STALLMASTER1269's rating: 1025 &rarr; <strong>1016<\/strong><br \/>(-9 for losing)\n|raw|Slender3008's rating: 1156 &rarr; <strong>1172<\/strong><br \/>(+16 for winning)\n|l|\u2606STALLMASTER1269\n","uploadtime":1701130388,"views":0,"p1id":"stallmaster1269","p2id":"slender3008","formatid":"gen9anythinggoes","rating":1016,"private":0,"password":""}