{"id":"gen9anythinggoes-1983815309","p1":"beetlejuggler","p2":"Harisj","format":"[Gen 9] Anything Goes","log":"|j|\u2606beetlejuggler\n|j|\u2606Harisj\n|t:|1699186234\n|gametype|singles\n|player|p1|beetlejuggler|265|1135\n|player|p2|Harisj|swimmerf-gen4|1158\n|teamsize|p1|6\n|teamsize|p2|6\n|gen|9\n|tier|[Gen 9] Anything Goes\n|rated|\n|rule|HP Percentage Mod: HP is shown in percentages\n|rule|Endless Battle Clause: Forcing endless battles is banned\n|clearpoke\n|poke|p1|Quagsire, F|\n|poke|p1|Quagsire, F|\n|poke|p1|Quagsire, F|\n|poke|p1|Clodsire, F|\n|poke|p1|Clodsire, M|\n|poke|p1|Clodsire, M|\n|poke|p2|Baxcalibur, M|\n|poke|p2|Kingambit, F|\n|poke|p2|Calyrex-Shadow|\n|poke|p2|Glimmora, F|\n|poke|p2|Palafin, M|\n|poke|p2|Zacian-*|\n|teampreview\n|inactive|Battle timer is ON: inactive players will automatically lose when time's up. (requested by Harisj)\n|\n|t:|1699186252\n|start\n|switch|p1a: Clodsire|Clodsire, M|100\/100\n|switch|p2a: Glimmora|Glimmora, F|100\/100\n|turn|1\n|\n|t:|1699186260\n|move|p2a: Glimmora|Spikes|p1a: Clodsire\n|-sidestart|p1: beetlejuggler|Spikes\n|move|p1a: Clodsire|Earthquake|p2a: Glimmora\n|-supereffective|p2a: Glimmora\n|-damage|p2a: Glimmora|28\/100\n|-activate|p2a: Glimmora|ability: Toxic Debris\n|-sidestart|p1: beetlejuggler|move: Toxic Spikes\n|\n|-heal|p2a: Glimmora|34\/100|[from] item: Leftovers\n|upkeep\n|turn|2\n|\n|t:|1699186266\n|move|p2a: Glimmora|Stealth Rock|p1a: Clodsire\n|-sidestart|p1: beetlejuggler|move: Stealth Rock\n|move|p1a: Clodsire|Earthquake|p2a: Glimmora\n|-supereffective|p2a: Glimmora\n|-damage|p2a: Glimmora|0 fnt\n|-activate|p2a: Glimmora|ability: Toxic Debris\n|-sidestart|p1: beetlejuggler|move: Toxic Spikes\n|faint|p2a: Glimmora\n|\n|upkeep\n|\n|t:|1699186274\n|switch|p2a: Palafin|Palafin, M|100\/100\n|turn|3\n|\n|t:|1699186279\n|switch|p1a: Clodsire|Clodsire, M|100\/100\n|-damage|p1a: Clodsire|88\/100|[from] Spikes\n|-sideend|p1: beetlejuggler|move: Toxic Spikes|[of] p1a: Clodsire\n|-damage|p1a: Clodsire|82\/100|[from] Stealth Rock\n|move|p2a: Palafin|Flip Turn|p1a: Clodsire\n|-heal|p1a: Clodsire|100\/100|[from] ability: Water Absorb|[of] p2a: Palafin\n|\n|upkeep\n|turn|4\n|\n|t:|1699186289\n|move|p2a: Palafin|Boomburst|p1a: Clodsire\n|-damage|p1a: Clodsire|91\/100\n|move|p1a: Clodsire|Toxic Spikes|p2a: Palafin\n|-sidestart|p2: Harisj|move: Toxic Spikes\n|\n|-heal|p1a: Clodsire|97\/100|[from] item: Leftovers\n|upkeep\n|turn|5\n|\n|t:|1699186299\n|detailschange|p2a: Palafin|Palafin-Hero, M\n|switch|p2a: Baxcalibur|Baxcalibur, M|100\/100\n|-status|p2a: Baxcalibur|psn\n|move|p1a: Clodsire|Toxic Spikes|p2a: Baxcalibur\n|-sidestart|p2: Harisj|move: Toxic Spikes\n|\n|-heal|p1a: Clodsire|100\/100|[from] item: Leftovers\n|-damage|p2a: Baxcalibur|88\/100 psn|[from] psn\n|upkeep\n|turn|6\n|\n|t:|1699186306\n|switch|p1a: Quagsire|Quagsire, F|100\/100\n|-damage|p1a: Quagsire|88\/100|[from] Spikes\n|-damage|p1a: Quagsire|82\/100|[from] Stealth Rock\n|move|p2a: Baxcalibur|Dragon Dance|p2a: Baxcalibur\n|-boost|p2a: Baxcalibur|atk|1\n|-boost|p2a: Baxcalibur|spe|1\n|\n|-heal|p1a: Quagsire|88\/100|[from] item: Leftovers\n|-damage|p2a: Baxcalibur|76\/100 psn|[from] psn\n|upkeep\n|turn|7\n|\n|t:|1699186319\n|move|p2a: Baxcalibur|Icicle Spear|p1a: Quagsire\n|-damage|p1a: Quagsire|79\/100\n|-damage|p1a: Quagsire|70\/100\n|-damage|p1a: Quagsire|60\/100\n|-damage|p1a: Quagsire|50\/100\n|-hitcount|p1a: Quagsire|4\n|move|p1a: Quagsire|Haze|p1a: Quagsire\n|-clearallboost\n|\n|-heal|p1a: Quagsire|57\/100|[from] item: Leftovers\n|-damage|p2a: Baxcalibur|63\/100 psn|[from] psn\n|upkeep\n|turn|8\n|\n|t:|1699186332\n|move|p2a: Baxcalibur|Icicle Spear|p1a: Quagsire\n|-damage|p1a: Quagsire|47\/100\n|-damage|p1a: Quagsire|37\/100\n|-damage|p1a: Quagsire|26\/100\n|-damage|p1a: Quagsire|15\/100\n|-hitcount|p1a: Quagsire|4\n|move|p1a: Quagsire|Recover|p1a: Quagsire\n|-heal|p1a: Quagsire|65\/100\n|\n|-heal|p1a: Quagsire|71\/100|[from] item: Leftovers\n|-damage|p2a: Baxcalibur|51\/100 psn|[from] psn\n|upkeep\n|turn|9\n|\n|t:|1699186345\n|move|p2a: Baxcalibur|Icicle Spear|p1a: Quagsire\n|-damage|p1a: Quagsire|60\/100\n|-damage|p1a: Quagsire|51\/100\n|-damage|p1a: Quagsire|42\/100\n|-damage|p1a: Quagsire|32\/100\n|-damage|p1a: Quagsire|22\/100\n|-hitcount|p1a: Quagsire|5\n|move|p1a: Quagsire|Recover|p1a: Quagsire\n|-heal|p1a: Quagsire|72\/100\n|\n|-heal|p1a: Quagsire|78\/100|[from] item: Leftovers\n|-damage|p2a: Baxcalibur|39\/100 psn|[from] psn\n|upkeep\n|turn|10\n|\n|t:|1699186354\n|move|p2a: Baxcalibur|Earthquake|p1a: Quagsire\n|-damage|p1a: Quagsire|54\/100\n|move|p1a: Quagsire|Recover|p1a: Quagsire\n|-heal|p1a: Quagsire|100\/100\n|\n|-damage|p2a: Baxcalibur|26\/100 psn|[from] psn\n|upkeep\n|turn|11\n|\n|t:|1699186363\n|move|p2a: Baxcalibur|Icicle Spear|p1a: Quagsire\n|-damage|p1a: Quagsire|91\/100\n|-damage|p1a: Quagsire|80\/100\n|-damage|p1a: Quagsire|71\/100\n|-damage|p1a: Quagsire|61\/100\n|-damage|p1a: Quagsire|51\/100\n|-hitcount|p1a: Quagsire|5\n|move|p1a: Quagsire|Earthquake|p2a: Baxcalibur\n|-damage|p2a: Baxcalibur|0 fnt\n|faint|p2a: Baxcalibur\n|\n|-heal|p1a: Quagsire|57\/100|[from] item: Leftovers\n|upkeep\n|\n|t:|1699186369\n|switch|p2a: Zacian|Zacian-Crowned|100\/100\n|-ability|p2a: Zacian|Intrepid Sword|boost\n|-boost|p2a: Zacian|atk|1\n|turn|12\n|\n|t:|1699186376\n|move|p2a: Zacian|Swords Dance|p2a: Zacian\n|-boost|p2a: Zacian|atk|2\n|move|p1a: Quagsire|Earthquake|p2a: Zacian\n|-supereffective|p2a: Zacian\n|-damage|p2a: Zacian|40\/100\n|\n|-heal|p1a: Quagsire|63\/100|[from] item: Leftovers\n|upkeep\n|turn|13\n|\n|t:|1699186383\n|move|p2a: Zacian|Close Combat|p1a: Quagsire\n|-damage|p1a: Quagsire|37\/100\n|-unboost|p2a: Zacian|def|1\n|-unboost|p2a: Zacian|spd|1\n|move|p1a: Quagsire|Earthquake|p2a: Zacian\n|-supereffective|p2a: Zacian\n|-damage|p2a: Zacian|0 fnt\n|faint|p2a: Zacian\n|\n|-heal|p1a: Quagsire|43\/100|[from] item: Leftovers\n|upkeep\n|\n|t:|1699186391\n|switch|p2a: Calyrex|Calyrex-Shadow|100\/100\n|-ability|p2a: Calyrex|As One\n|-ability|p2a: Calyrex|Unnerve\n|-status|p2a: Calyrex|tox\n|turn|14\n|\n|t:|1699186402\n|switch|p1a: Quagsire|Quagsire, F|100\/100\n|-damage|p1a: Quagsire|88\/100|[from] Spikes\n|-damage|p1a: Quagsire|82\/100|[from] Stealth Rock\n|move|p2a: Calyrex|Astral Barrage|p1a: Quagsire\n|-damage|p1a: Quagsire|0 fnt\n|faint|p1a: Quagsire\n|-ability|p2a: Calyrex|Grim Neigh|boost\n|-boost|p2a: Calyrex|spa|1\n|\n|-damage|p2a: Calyrex|94\/100 tox|[from] psn\n|upkeep\n|\n|t:|1699186418\n|switch|p1a: Clodsire|Clodsire, F|100\/100\n|-damage|p1a: Clodsire|88\/100|[from] Spikes\n|-damage|p1a: Clodsire|82\/100|[from] Stealth Rock\n|turn|15\n|\n|t:|1699186442\n|-terastallize|p1a: Clodsire|Water\n|move|p2a: Calyrex|Astral Barrage|p1a: Clodsire\n|-damage|p1a: Clodsire|31\/100\n|move|p1a: Clodsire|Liquidation|p2a: Calyrex\n|-damage|p2a: Calyrex|52\/100 tox\n|\n|-damage|p2a: Calyrex|40\/100 tox|[from] psn\n|upkeep\n|turn|16\n|\n|t:|1699186452\n|move|p2a: Calyrex|Astral Barrage|p1a: Clodsire\n|-damage|p1a: Clodsire|0 fnt\n|faint|p1a: Clodsire\n|-ability|p2a: Calyrex|Grim Neigh|boost\n|-boost|p2a: Calyrex|spa|1\n|\n|-damage|p2a: Calyrex|21\/100 tox|[from] psn\n|upkeep\n|\n|t:|1699186457\n|switch|p1a: Clodsire|Clodsire, M|100\/100\n|-damage|p1a: Clodsire|88\/100|[from] Spikes\n|-damage|p1a: Clodsire|82\/100|[from] Stealth Rock\n|turn|17\n|\n|t:|1699186462\n|move|p2a: Calyrex|Astral Barrage|p1a: Clodsire\n|-damage|p1a: Clodsire|40\/100\n|move|p1a: Clodsire|Recover|p1a: Clodsire\n|-heal|p1a: Clodsire|90\/100\n|\n|-heal|p1a: Clodsire|96\/100|[from] item: Leftovers\n|-damage|p2a: Calyrex|0 fnt|[from] psn\n|faint|p2a: Calyrex\n|upkeep\n|\n|t:|1699186470\n|switch|p2a: Palafin|Palafin-Hero, M|100\/100\n|-status|p2a: Palafin|tox\n|-activate|p2a: Palafin|ability: Zero to Hero\n|turn|18\n|\n|t:|1699186474\n|switch|p1a: Clodsire|Clodsire, M|100\/100\n|-damage|p1a: Clodsire|88\/100|[from] Spikes\n|-damage|p1a: Clodsire|82\/100|[from] Stealth Rock\n|move|p2a: Palafin|Boomburst|p1a: Clodsire\n|-damage|p1a: Clodsire|63\/100\n|\n|-heal|p1a: Clodsire|69\/100|[from] item: Leftovers\n|-damage|p2a: Palafin|94\/100 tox|[from] psn\n|upkeep\n|turn|19\n|\n|t:|1699186482\n|move|p2a: Palafin|Close Combat|p1a: Clodsire\n|-resisted|p1a: Clodsire\n|-damage|p1a: Clodsire|44\/100\n|-unboost|p2a: Palafin|def|1\n|-unboost|p2a: Palafin|spd|1\n|move|p1a: Clodsire|Recover|p1a: Clodsire\n|-heal|p1a: Clodsire|94\/100\n|\n|-heal|p2a: Palafin|100\/100 tox|[from] item: Leftovers\n|-heal|p1a: Clodsire|100\/100|[from] item: Leftovers\n|-damage|p2a: Palafin|88\/100 tox|[from] psn\n|upkeep\n|turn|20\n|\n|t:|1699186485\n|move|p2a: Palafin|Close Combat|p1a: Clodsire\n|-resisted|p1a: Clodsire\n|-damage|p1a: Clodsire|75\/100\n|-unboost|p2a: Palafin|def|1\n|-unboost|p2a: Palafin|spd|1\n|move|p1a: Clodsire|Gunk Shot|p2a: Palafin|[miss]\n|-miss|p1a: Clodsire|p2a: Palafin\n|\n|-heal|p2a: Palafin|94\/100 tox|[from] item: Leftovers\n|-heal|p1a: Clodsire|81\/100|[from] item: Leftovers\n|-damage|p2a: Palafin|76\/100 tox|[from] psn\n|upkeep\n|turn|21\n|\n|t:|1699186490\n|move|p2a: Palafin|Close Combat|p1a: Clodsire\n|-resisted|p1a: Clodsire\n|-damage|p1a: Clodsire|56\/100\n|-unboost|p2a: Palafin|def|1\n|-unboost|p2a: Palafin|spd|1\n|move|p1a: Clodsire|Recover|p1a: Clodsire\n|-heal|p1a: Clodsire|100\/100\n|\n|-heal|p2a: Palafin|82\/100 tox|[from] item: Leftovers\n|-damage|p2a: Palafin|57\/100 tox|[from] psn\n|upkeep\n|turn|22\n|\n|t:|1699186495\n|move|p2a: Palafin|Close Combat|p1a: Clodsire\n|-resisted|p1a: Clodsire\n|-damage|p1a: Clodsire|72\/100\n|-unboost|p2a: Palafin|def|1\n|-unboost|p2a: Palafin|spd|1\n|move|p1a: Clodsire|Gunk Shot|p2a: Palafin\n|-damage|p2a: Palafin|0 fnt\n|faint|p2a: Palafin\n|\n|-heal|p1a: Clodsire|78\/100|[from] item: Leftovers\n|upkeep\n|\n|t:|1699186498\n|switch|p2a: Kingambit|Kingambit, F|100\/100\n|-activate|p2a: Kingambit|ability: Supreme Overlord\n|-start|p2a: Kingambit|fallen5|[silent]\n|-item|p2a: Kingambit|Air Balloon\n|turn|23\n|\n|t:|1699186508\n|switch|p1a: Clodsire|Clodsire, M|96\/100\n|-damage|p1a: Clodsire|83\/100|[from] Spikes\n|-damage|p1a: Clodsire|77\/100|[from] Stealth Rock\n|move|p2a: Kingambit|Swords Dance|p2a: Kingambit\n|-boost|p2a: Kingambit|atk|2\n|\n|-heal|p1a: Clodsire|83\/100|[from] item: Leftovers\n|upkeep\n|turn|24\n|\n|t:|1699186517\n|move|p2a: Kingambit|Swords Dance|p2a: Kingambit\n|-boost|p2a: Kingambit|atk|2\n|move|p1a: Clodsire|Earthquake|p2a: Kingambit\n|-immune|p2a: Kingambit\n|\n|-heal|p1a: Clodsire|90\/100|[from] item: Leftovers\n|upkeep\n|turn|25\n|\n|t:|1699186521\n|move|p2a: Kingambit|Swords Dance|p2a: Kingambit\n|-boost|p2a: Kingambit|atk|2\n|move|p1a: Clodsire|Haze|p1a: Clodsire\n|-clearallboost\n|\n|-heal|p1a: Clodsire|96\/100|[from] item: Leftovers\n|upkeep\n|turn|26\n|\n|t:|1699186527\n|switch|p1a: Quagsire|Quagsire, F|100\/100\n|-damage|p1a: Quagsire|88\/100|[from] Spikes\n|-damage|p1a: Quagsire|82\/100|[from] Stealth Rock\n|move|p2a: Kingambit|Kowtow Cleave|p1a: Quagsire\n|-damage|p1a: Quagsire|11\/100\n|\n|upkeep\n|turn|27\n|\n|t:|1699186532\n|move|p2a: Kingambit|Kowtow Cleave|p1a: Quagsire\n|-damage|p1a: Quagsire|0 fnt\n|faint|p1a: Quagsire\n|\n|upkeep\n|\n|t:|1699186542\n|switch|p1a: Quagsire|Quagsire, F|43\/100\n|-damage|p1a: Quagsire|31\/100|[from] Spikes\n|-damage|p1a: Quagsire|25\/100|[from] Stealth Rock\n|turn|28\n|\n|t:|1699186546\n|move|p2a: Kingambit|Kowtow Cleave|p1a: Quagsire\n|-damage|p1a: Quagsire|0 fnt\n|faint|p1a: Quagsire\n|\n|upkeep\n|\n|t:|1699186553\n|switch|p1a: Clodsire|Clodsire, M|96\/100\n|-damage|p1a: Clodsire|83\/100|[from] Spikes\n|-damage|p1a: Clodsire|77\/100|[from] Stealth Rock\n|turn|29\n|\n|t:|1699186558\n|move|p2a: Kingambit|Kowtow Cleave|p1a: Clodsire\n|-damage|p1a: Clodsire|3\/100\n|move|p1a: Clodsire|Recover|p1a: Clodsire\n|-heal|p1a: Clodsire|53\/100\n|\n|-heal|p1a: Clodsire|60\/100|[from] item: Leftovers\n|upkeep\n|turn|30\n|\n|t:|1699186564\n|move|p2a: Kingambit|Kowtow Cleave|p1a: Clodsire\n|-damage|p1a: Clodsire|0 fnt\n|faint|p1a: Clodsire\n|\n|upkeep\n|\n|t:|1699186566\n|switch|p1a: Clodsire|Clodsire, M|78\/100\n|-damage|p1a: Clodsire|65\/100|[from] Spikes\n|-damage|p1a: Clodsire|59\/100|[from] Stealth Rock\n|turn|31\n|\n|t:|1699186574\n|move|p2a: Kingambit|Kowtow Cleave|p1a: Clodsire\n|-crit|p1a: Clodsire\n|-damage|p1a: Clodsire|0 fnt\n|faint|p1a: Clodsire\n|\n|win|Harisj\n|raw|beetlejuggler's rating: 1135 &rarr; <strong>1112<\/strong><br \/>(-23 for losing)\n|raw|Harisj's rating: 1158 &rarr; <strong>1181<\/strong><br \/>(+23 for winning)\n|l|\u2606Harisj\n","uploadtime":1699186587,"views":3,"p1id":"beetlejuggler","p2id":"harisj","formatid":"gen9anythinggoes","rating":1112,"private":0,"password":""}