{"id":"gen9anythinggoes-1976952640","p1":"ResurrectedDragon","p2":"markeab","format":"[Gen 9] Anything Goes","log":"|j|\u2606ResurrectedDragon\n|j|\u2606markeab\n|t:|1698355564\n|gametype|singles\n|player|p1|ResurrectedDragon|unknown|1093\n|player|p2|markeab|benga|1033\n|teamsize|p1|6\n|teamsize|p2|6\n|gen|9\n|tier|[Gen 9] Anything Goes\n|rated|\n|rule|HP Percentage Mod: HP is shown in percentages\n|rule|Endless Battle Clause: Forcing endless battles is banned\n|clearpoke\n|poke|p1|Scizor, F|\n|poke|p1|Chi-Yu|\n|poke|p1|Pelipper, F|\n|poke|p1|Garganacl, M|\n|poke|p1|Zacian-*|\n|poke|p1|Toxapex, M|\n|poke|p2|Snorlax, M|\n|poke|p2|Mimikyu, F|\n|poke|p2|Mandibuzz, F|\n|poke|p2|Medicham, M|\n|poke|p2|Hatterene, F|\n|poke|p2|Toxapex, M|\n|teampreview\n|inactive|Battle timer is ON: inactive players will automatically lose when time's up. (requested by markeab)\n|\n|t:|1698355576\n|start\n|switch|p1a: Scizor|Scizor, F|100\/100\n|switch|p2a: Toxapex|Toxapex, M, shiny|100\/100\n|turn|1\n|\n|t:|1698355582\n|move|p1a: Scizor|Swords Dance|p1a: Scizor\n|-boost|p1a: Scizor|atk|2\n|move|p2a: Toxapex|Toxic Spikes|p1a: Scizor\n|-sidestart|p1: ResurrectedDragon|move: Toxic Spikes\n|\n|upkeep\n|turn|2\n|\n|t:|1698355588\n|move|p1a: Scizor|Swords Dance|p1a: Scizor\n|-boost|p1a: Scizor|atk|2\n|move|p2a: Toxapex|Haze|p2a: Toxapex\n|-clearallboost\n|\n|upkeep\n|turn|3\n|\n|t:|1698355606\n|switch|p1a: Garganacl|Garganacl, M|100\/100\n|switch|p2a: Hatterene|Hatterene, F, shiny|100\/100\n|\n|upkeep\n|turn|4\n|\n|t:|1698355615\n|move|p1a: Garganacl|Salt Cure|p2a: Hatterene\n|-damage|p2a: Hatterene|79\/100\n|-start|p2a: Hatterene|Salt Cure\n|move|p2a: Hatterene|Calm Mind|p2a: Hatterene\n|-boost|p2a: Hatterene|spa|1\n|-boost|p2a: Hatterene|spd|1\n|\n|-heal|p2a: Hatterene|85\/100|[from] item: Leftovers\n|-damage|p2a: Hatterene|73\/100|[from] Salt Cure\n|upkeep\n|turn|5\n|\n|t:|1698355626\n|switch|p1a: Scizor|Scizor, F|100\/100\n|move|p2a: Hatterene|Giga Drain|p1a: Scizor\n|-resisted|p1a: Scizor\n|-damage|p1a: Scizor|88\/100\n|-heal|p2a: Hatterene|78\/100|[from] drain|[of] p1a: Scizor\n|\n|-heal|p2a: Hatterene|84\/100|[from] item: Leftovers\n|-damage|p2a: Hatterene|72\/100|[from] Salt Cure\n|upkeep\n|turn|6\n|\n|t:|1698355637\n|move|p1a: Scizor|Swords Dance|p1a: Scizor\n|-boost|p1a: Scizor|atk|2\n|move|p2a: Hatterene|Mystical Fire|p1a: Scizor\n|-supereffective|p1a: Scizor\n|-damage|p1a: Scizor|0 fnt\n|faint|p1a: Scizor\n|\n|-heal|p2a: Hatterene|78\/100|[from] item: Leftovers\n|-damage|p2a: Hatterene|66\/100|[from] Salt Cure\n|upkeep\n|\n|t:|1698355646\n|switch|p1a: Zacian|Zacian-Crowned|100\/100\n|-ability|p1a: Zacian|Intrepid Sword|boost\n|-boost|p1a: Zacian|atk|1\n|turn|7\n|\n|t:|1698355655\n|move|p1a: Zacian|Behemoth Blade|p2a: Hatterene\n|-supereffective|p2a: Hatterene\n|-damage|p2a: Hatterene|0 fnt\n|faint|p2a: Hatterene\n|\n|upkeep\n|\n|t:|1698355661\n|switch|p2a: Snorlax|Snorlax, M, shiny|100\/100\n|turn|8\n|\n|t:|1698355669\n|move|p1a: Zacian|Sacred Sword|p2a: Snorlax\n|-supereffective|p2a: Snorlax\n|-damage|p2a: Snorlax|10\/100\n|-enditem|p2a: Snorlax|Sitrus Berry|[eat]\n|-heal|p2a: Snorlax|35\/100|[from] item: Sitrus Berry\n|move|p2a: Snorlax|Earthquake|p1a: Zacian\n|-supereffective|p1a: Zacian\n|-damage|p1a: Zacian|35\/100\n|\n|upkeep\n|turn|9\n|\n|t:|1698355682\n|-terastallize|p2a: Snorlax|Ghost\n|move|p1a: Zacian|Sacred Sword|p2a: Snorlax\n|-immune|p2a: Snorlax\n|move|p2a: Snorlax|Earthquake|p1a: Zacian\n|-supereffective|p1a: Zacian\n|-damage|p1a: Zacian|0 fnt\n|faint|p1a: Zacian\n|\n|upkeep\n|\n|t:|1698355690\n|switch|p1a: Toxapex|Toxapex, M|100\/100\n|-sideend|p1: ResurrectedDragon|move: Toxic Spikes|[of] p1a: Toxapex\n|turn|10\n|c|\u2606markeab|So bad\n|\n|t:|1698355702\n|move|p1a: Toxapex|Toxic|p2a: Snorlax\n|-status|p2a: Snorlax|tox\n|move|p2a: Snorlax|Earthquake|p1a: Toxapex\n|-supereffective|p1a: Toxapex\n|-damage|p1a: Toxapex|48\/100\n|\n|-heal|p1a: Toxapex|54\/100|[from] item: Leftovers\n|-damage|p2a: Snorlax|29\/100 tox|[from] psn\n|upkeep\n|turn|11\n|c|\u2606ResurrectedDragon|u sure? XD\n|\n|t:|1698355719\n|move|p1a: Toxapex|Baneful Bunker|p1a: Toxapex\n|-singleturn|p1a: Toxapex|move: Protect\n|move|p2a: Snorlax|Earthquake|p1a: Toxapex\n|-activate|p1a: Toxapex|move: Protect\n|\n|-heal|p1a: Toxapex|60\/100|[from] item: Leftovers\n|-damage|p2a: Snorlax|17\/100 tox|[from] psn\n|upkeep\n|turn|12\n|\n|t:|1698355730\n|switch|p1a: Pelipper|Pelipper, F|100\/100\n|move|p2a: Snorlax|Earthquake|p1a: Pelipper\n|-immune|p1a: Pelipper\n|\n|-damage|p2a: Snorlax|0 fnt|[from] psn\n|faint|p2a: Snorlax\n|upkeep\n|\n|t:|1698355741\n|switch|p2a: Medicham|Medicham, M, shiny|100\/100\n|turn|13\n|\n|t:|1698355747\n|move|p2a: Medicham|Fake Out|p1a: Pelipper\n|-damage|p1a: Pelipper|79\/100\n|cant|p1a: Pelipper|flinch\n|\n|upkeep\n|turn|14\n|-activate|p1a: Pelipper|item: Quick Claw\n|\n|t:|1698355761\n|move|p1a: Pelipper|Air Slash|p2a: Medicham\n|-supereffective|p2a: Medicham\n|-damage|p2a: Medicham|2\/100\n|cant|p2a: Medicham|flinch\n|\n|upkeep\n|turn|15\n|c|\u2606ResurrectedDragon|bad says the one who sent fighting type against flying\n|\n|t:|1698355779\n|switch|p2a: Toxapex|Toxapex, M, shiny|100\/100\n|move|p1a: Pelipper|Air Slash|p2a: Toxapex\n|-damage|p2a: Toxapex|71\/100\n|\n|-heal|p2a: Toxapex|77\/100|[from] item: Leftovers\n|upkeep\n|turn|16\n|\n|t:|1698355792\n|move|p1a: Pelipper|Ice Beam|p2a: Toxapex\n|-resisted|p2a: Toxapex\n|-damage|p2a: Toxapex|66\/100\n|move|p2a: Toxapex|Toxic Spikes|p1a: Pelipper\n|-sidestart|p1: ResurrectedDragon|move: Toxic Spikes\n|\n|-heal|p2a: Toxapex|72\/100|[from] item: Leftovers\n|upkeep\n|turn|17\n|\n|t:|1698355801\n|move|p1a: Pelipper|Air Slash|p2a: Toxapex\n|-damage|p2a: Toxapex|41\/100\n|cant|p2a: Toxapex|flinch\n|\n|-heal|p2a: Toxapex|48\/100|[from] item: Leftovers\n|upkeep\n|turn|18\n|-activate|p1a: Pelipper|item: Quick Claw\n|\n|t:|1698355809\n|move|p2a: Toxapex|Baneful Bunker|p2a: Toxapex\n|-singleturn|p2a: Toxapex|move: Protect\n|move|p1a: Pelipper|Air Slash|p2a: Toxapex\n|-activate|p2a: Toxapex|move: Protect\n|\n|-heal|p2a: Toxapex|54\/100|[from] item: Leftovers\n|upkeep\n|turn|19\n|\n|t:|1698355819\n|switch|p1a: Garganacl|Garganacl, M|100\/100\n|move|p2a: Toxapex|Ice Beam|p1a: Garganacl\n|-damage|p1a: Garganacl|81\/100\n|\n|-heal|p2a: Toxapex|60\/100|[from] item: Leftovers\n|upkeep\n|turn|20\n|\n|t:|1698355835\n|move|p2a: Toxapex|Baneful Bunker|p2a: Toxapex\n|-singleturn|p2a: Toxapex|move: Protect\n|move|p1a: Garganacl|Salt Cure|p2a: Toxapex\n|-activate|p2a: Toxapex|move: Protect\n|\n|-heal|p2a: Toxapex|66\/100|[from] item: Leftovers\n|upkeep\n|turn|21\n|\n|t:|1698355850\n|move|p2a: Toxapex|Ice Beam|p1a: Garganacl\n|-damage|p1a: Garganacl|63\/100\n|move|p1a: Garganacl|Salt Cure|p2a: Toxapex\n|-damage|p2a: Toxapex|52\/100\n|-start|p2a: Toxapex|Salt Cure\n|\n|-heal|p2a: Toxapex|58\/100|[from] item: Leftovers\n|-damage|p2a: Toxapex|33\/100|[from] Salt Cure\n|upkeep\n|turn|22\n|\n|t:|1698355864\n|move|p2a: Toxapex|Baneful Bunker|p2a: Toxapex\n|-singleturn|p2a: Toxapex|move: Protect\n|move|p1a: Garganacl|Earth Power|p2a: Toxapex\n|-activate|p2a: Toxapex|move: Protect\n|\n|-heal|p2a: Toxapex|40\/100|[from] item: Leftovers\n|-damage|p2a: Toxapex|15\/100|[from] Salt Cure\n|upkeep\n|turn|23\n|\n|t:|1698355875\n|move|p1a: Garganacl|Earth Power|p2a: Toxapex\n|-supereffective|p2a: Toxapex\n|-damage|p2a: Toxapex|0 fnt\n|faint|p2a: Toxapex\n|\n|upkeep\n|\n|t:|1698355881\n|switch|p2a: Medicham|Medicham, M, shiny|2\/100\n|turn|24\n|\n|t:|1698355888\n|switch|p1a: Toxapex|Toxapex, M|60\/100\n|-sideend|p1: ResurrectedDragon|move: Toxic Spikes|[of] p1a: Toxapex\n|move|p2a: Medicham|Fake Out|p1a: Toxapex\n|-crit|p1a: Toxapex\n|-damage|p1a: Toxapex|36\/100\n|\n|-heal|p1a: Toxapex|42\/100|[from] item: Leftovers\n|upkeep\n|turn|25\n|\n|t:|1698355916\n|move|p1a: Toxapex|Baneful Bunker|p1a: Toxapex\n|-singleturn|p1a: Toxapex|move: Protect\n|move|p2a: Medicham|Fake Out||[still]\n|-hint|Fake Out only works on your first turn out.\n|-fail|p2a: Medicham\n|\n|-heal|p1a: Toxapex|48\/100|[from] item: Leftovers\n|upkeep\n|turn|26\n|\n|t:|1698355925\n|move|p2a: Medicham|Zen Headbutt|p1a: Toxapex\n|-supereffective|p1a: Toxapex\n|-damage|p1a: Toxapex|0 fnt\n|faint|p1a: Toxapex\n|\n|upkeep\n|\n|t:|1698355930\n|switch|p1a: Pelipper|Pelipper, F|79\/100\n|turn|27\n|c|\u2606markeab|Predict\n|\n|t:|1698355941\n|switch|p2a: Mimikyu|Mimikyu, F, shiny|100\/100\n|move|p1a: Pelipper|Air Slash|p2a: Mimikyu\n|-activate|p2a: Mimikyu|ability: Disguise\n|-damage|p2a: Mimikyu|100\/100\n|detailschange|p2a: Mimikyu|Mimikyu-Busted, F, shiny\n|-damage|p2a: Mimikyu|88\/100|[from] pokemon: Mimikyu-Busted\n|\n|upkeep\n|turn|28\n|\n|t:|1698355953\n|move|p2a: Mimikyu|Hone Claws|p2a: Mimikyu\n|-boost|p2a: Mimikyu|atk|1\n|-boost|p2a: Mimikyu|accuracy|1\n|move|p1a: Pelipper|Chilling Water|p2a: Mimikyu\n|-damage|p2a: Mimikyu|58\/100\n|-unboost|p2a: Mimikyu|atk|1\n|\n|upkeep\n|turn|29\n|-activate|p1a: Pelipper|item: Quick Claw\n|\n|t:|1698355963\n|move|p1a: Pelipper|Chilling Water|p2a: Mimikyu\n|-damage|p2a: Mimikyu|26\/100\n|-unboost|p2a: Mimikyu|atk|1\n|move|p2a: Mimikyu|Shadow Claw|p1a: Pelipper\n|-damage|p1a: Pelipper|49\/100\n|-damage|p2a: Mimikyu|16\/100|[from] item: Life Orb\n|\n|upkeep\n|turn|30\n|\n|t:|1698355980\n|move|p2a: Mimikyu|Shadow Claw|p1a: Pelipper\n|-damage|p1a: Pelipper|22\/100\n|-damage|p2a: Mimikyu|6\/100|[from] item: Life Orb\n|move|p1a: Pelipper|Chilling Water|p2a: Mimikyu\n|-damage|p2a: Mimikyu|0 fnt\n|faint|p2a: Mimikyu\n|\n|upkeep\n|\n|t:|1698355990\n|switch|p2a: Mandibuzz|Mandibuzz, F, shiny|100\/100\n|turn|31\n|-activate|p1a: Pelipper|item: Quick Claw\n|\n|t:|1698355995\n|move|p1a: Pelipper|Ice Beam|p2a: Mandibuzz\n|-supereffective|p2a: Mandibuzz\n|-damage|p2a: Mandibuzz|53\/100\n|move|p2a: Mandibuzz|Foul Play|p1a: Pelipper\n|-damage|p1a: Pelipper|8\/100\n|\n|-heal|p2a: Mandibuzz|59\/100|[from] item: Leftovers\n|upkeep\n|turn|32\n|\n|t:|1698356005\n|move|p2a: Mandibuzz|Protect|p2a: Mandibuzz\n|-singleturn|p2a: Mandibuzz|Protect\n|move|p1a: Pelipper|Ice Beam|p2a: Mandibuzz\n|-activate|p2a: Mandibuzz|move: Protect\n|\n|-heal|p2a: Mandibuzz|65\/100|[from] item: Leftovers\n|upkeep\n|turn|33\n|\n|t:|1698356013\n|move|p2a: Mandibuzz|Foul Play|p1a: Pelipper\n|-damage|p1a: Pelipper|0 fnt\n|faint|p1a: Pelipper\n|\n|-heal|p2a: Mandibuzz|71\/100|[from] item: Leftovers\n|upkeep\n|\n|t:|1698356020\n|switch|p1a: Garganacl|Garganacl, M|63\/100\n|turn|34\n|\n|t:|1698356026\n|move|p2a: Mandibuzz|Protect|p2a: Mandibuzz\n|-singleturn|p2a: Mandibuzz|Protect\n|move|p1a: Garganacl|Salt Cure|p2a: Mandibuzz\n|-activate|p2a: Mandibuzz|move: Protect\n|\n|-heal|p2a: Mandibuzz|77\/100|[from] item: Leftovers\n|upkeep\n|turn|35\n|\n|t:|1698356034\n|move|p2a: Mandibuzz|Foul Play|p1a: Garganacl\n|-crit|p1a: Garganacl\n|-damage|p1a: Garganacl|20\/100\n|-enditem|p1a: Garganacl|Sitrus Berry|[eat]\n|-heal|p1a: Garganacl|45\/100|[from] item: Sitrus Berry\n|move|p1a: Garganacl|Salt Cure|p2a: Mandibuzz\n|-supereffective|p2a: Mandibuzz\n|-damage|p2a: Mandibuzz|47\/100\n|-start|p2a: Mandibuzz|Salt Cure\n|\n|-heal|p2a: Mandibuzz|53\/100|[from] item: Leftovers\n|-damage|p2a: Mandibuzz|41\/100|[from] Salt Cure\n|upkeep\n|turn|36\n|\n|t:|1698356053\n|move|p2a: Mandibuzz|Foul Play|p1a: Garganacl\n|-damage|p1a: Garganacl|12\/100\n|move|p1a: Garganacl|Salt Cure|p2a: Mandibuzz\n|-supereffective|p2a: Mandibuzz\n|-damage|p2a: Mandibuzz|13\/100\n|\n|-heal|p2a: Mandibuzz|19\/100|[from] item: Leftovers\n|-damage|p2a: Mandibuzz|6\/100|[from] Salt Cure\n|upkeep\n|turn|37\n|\n|t:|1698356065\n|move|p2a: Mandibuzz|Roost|p2a: Mandibuzz\n|-heal|p2a: Mandibuzz|56\/100\n|-singleturn|p2a: Mandibuzz|move: Roost\n|move|p1a: Garganacl|Salt Cure|p2a: Mandibuzz\n|-damage|p2a: Mandibuzz|41\/100\n|\n|-heal|p2a: Mandibuzz|47\/100|[from] item: Leftovers\n|-damage|p2a: Mandibuzz|35\/100|[from] Salt Cure\n|upkeep\n|turn|38\n|\n|t:|1698356081\n|move|p2a: Mandibuzz|Foul Play|p1a: Garganacl\n|-damage|p1a: Garganacl|0 fnt\n|faint|p1a: Garganacl\n|\n|-heal|p2a: Mandibuzz|41\/100|[from] item: Leftovers\n|-damage|p2a: Mandibuzz|29\/100|[from] Salt Cure\n|upkeep\n|\n|t:|1698356088\n|switch|p1a: Chi-Yu|Chi-Yu|100\/100\n|-ability|p1a: Chi-Yu|Beads of Ruin\n|turn|39\n|\n|t:|1698356100\n|move|p1a: Chi-Yu|Flamethrower|p2a: Mandibuzz\n|-damage|p2a: Mandibuzz|0 fnt\n|faint|p2a: Mandibuzz\n|\n|upkeep\n|\n|t:|1698356105\n|switch|p2a: Medicham|Medicham, M, shiny|2\/100\n|turn|40\n|\n|t:|1698356111\n|-terastallize|p1a: Chi-Yu|Ghost\n|move|p2a: Medicham|Fake Out|p1a: Chi-Yu\n|-immune|p1a: Chi-Yu\n|move|p1a: Chi-Yu|Flamethrower|p2a: Medicham\n|-damage|p2a: Medicham|0 fnt\n|faint|p2a: Medicham\n|\n|win|ResurrectedDragon\n|raw|ResurrectedDragon's rating: 1093 &rarr; <strong>1115<\/strong><br \/>(+22 for winning)\n|raw|markeab's rating: 1033 &rarr; <strong>1021<\/strong><br \/>(-12 for losing)\n|l|\u2606markeab\n","uploadtime":1698356129,"views":8,"p1id":"resurrecteddragon","p2id":"markeab","formatid":"gen9anythinggoes","rating":1021,"private":0,"password":""}