{"id":"gen9anythinggoes-1981979505","p1":"hawkman100","p2":"joseiturribarria","format":"[Gen 9] Anything Goes","log":"|j|\u2606hawkman100\n|j|\u2606joseiturribarria\n|t:|1698956692\n|gametype|singles\n|player|p1|hawkman100|102|1352\n|player|p2|joseiturribarria|169|1322\n|teamsize|p1|6\n|teamsize|p2|6\n|gen|9\n|tier|[Gen 9] Anything Goes\n|rated|\n|rule|HP Percentage Mod: HP is shown in percentages\n|rule|Endless Battle Clause: Forcing endless battles is banned\n|clearpoke\n|poke|p1|Iron Bundle|\n|poke|p1|Corviknight, F|\n|poke|p1|Clodsire, M|\n|poke|p1|Calyrex-Shadow|\n|poke|p1|Arceus|\n|poke|p1|Miraidon|\n|poke|p2|Volcarona, F|\n|poke|p2|Garganacl, M|\n|poke|p2|Maushold-Four|\n|poke|p2|Cloyster, F|\n|poke|p2|Scovillain, M|\n|poke|p2|Espathra, F|\n|teampreview\n|\n|t:|1698956700\n|start\n|switch|p1a: Iron Bundle|Iron Bundle|100\/100\n|switch|p2a: Volcarona|Volcarona, F, shiny|100\/100\n|-enditem|p1a: Iron Bundle|Booster Energy\n|-activate|p1a: Iron Bundle|ability: Quark Drive|[fromitem]\n|-start|p1a: Iron Bundle|quarkdrivespe\n|turn|1\n|\n|t:|1698956719\n|-terastallize|p1a: Iron Bundle|Fairy\n|move|p1a: Iron Bundle|Hydro Pump|p2a: Volcarona\n|-supereffective|p2a: Volcarona\n|-damage|p2a: Volcarona|0 fnt\n|faint|p2a: Volcarona\n|\n|upkeep\n|\n|t:|1698956735\n|switch|p2a: Espathra|Espathra, F, shiny|100\/100\n|turn|2\n|\n|t:|1698956739\n|move|p2a: Espathra|Protect|p2a: Espathra\n|-singleturn|p2a: Espathra|Protect\n|move|p1a: Iron Bundle|Taunt|p2a: Espathra\n|-activate|p2a: Espathra|move: Protect\n|\n|-ability|p2a: Espathra|Speed Boost|boost\n|-boost|p2a: Espathra|spe|1\n|upkeep\n|turn|3\n|\n|t:|1698956746\n|move|p1a: Iron Bundle|Taunt|p2a: Espathra\n|-start|p2a: Espathra|move: Taunt\n|cant|p2a: Espathra|move: Taunt|Calm Mind\n|\n|-ability|p2a: Espathra|Speed Boost|boost\n|-boost|p2a: Espathra|spe|1\n|upkeep\n|turn|4\n|\n|t:|1698956754\n|move|p1a: Iron Bundle|Ice Beam|p2a: Espathra\n|-damage|p2a: Espathra|35\/100\n|move|p2a: Espathra|Dazzling Gleam|p1a: Iron Bundle\n|-damage|p1a: Iron Bundle|59\/100\n|\n|-heal|p2a: Espathra|41\/100|[from] item: Leftovers\n|-ability|p2a: Espathra|Speed Boost|boost\n|-boost|p2a: Espathra|spe|1\n|upkeep\n|turn|5\n|\n|t:|1698956763\n|move|p2a: Espathra|Dazzling Gleam|p1a: Iron Bundle\n|-damage|p1a: Iron Bundle|15\/100\n|move|p1a: Iron Bundle|Freeze-Dry|p2a: Espathra\n|-damage|p2a: Espathra|0 fnt\n|faint|p2a: Espathra\n|\n|upkeep\n|\n|t:|1698956771\n|switch|p2a: Garganacl|Garganacl, M, shiny|100\/100\n|turn|6\n|\n|t:|1698956775\n|move|p1a: Iron Bundle|Ice Beam|p2a: Garganacl\n|-damage|p2a: Garganacl|61\/100\n|move|p2a: Garganacl|Salt Cure|p1a: Iron Bundle\n|-damage|p1a: Iron Bundle|0 fnt\n|faint|p1a: Iron Bundle\n|-end|p1a: Iron Bundle|Quark Drive|[silent]\n|\n|-heal|p2a: Garganacl|67\/100|[from] item: Leftovers\n|upkeep\n|\n|t:|1698956784\n|switch|p1a: Calyrex|Calyrex-Shadow|100\/100\n|-ability|p1a: Calyrex|As One\n|-ability|p1a: Calyrex|Unnerve\n|turn|7\n|\n|t:|1698956789\n|move|p1a: Calyrex|Grass Knot|p2a: Garganacl\n|-supereffective|p2a: Garganacl\n|-damage|p2a: Garganacl|0 fnt\n|faint|p2a: Garganacl\n|-ability|p1a: Calyrex|Grim Neigh|boost\n|-boost|p1a: Calyrex|spa|1\n|\n|upkeep\n|-message|joseiturribarria forfeited.\n|\n|win|hawkman100\n|raw|hawkman100's rating: 1352 &rarr; <strong>1370<\/strong><br \/>(+18 for winning)\n|raw|joseiturribarria's rating: 1322 &rarr; <strong>1304<\/strong><br \/>(-18 for losing)\n|l|\u2606joseiturribarria\n","uploadtime":1698956805,"views":4,"p1id":"hawkman100","p2id":"joseiturribarria","formatid":"gen9anythinggoes","rating":1304,"private":0,"password":""}