{"id":"gen9anythinggoes-1972357253","p1":"MelancholyBill","p2":"ash_wastakenxd","format":"[Gen 9] Anything Goes","log":"|j|\u2606MelancholyBill\n|j|\u2606ash_wastakenxd\n|t:|1697834487\n|gametype|singles\n|player|p1|MelancholyBill|benga|1300\n|player|p2|ash_wastakenxd|cynthia-masters3|1364\n|teamsize|p1|6\n|teamsize|p2|6\n|gen|9\n|tier|[Gen 9] Anything Goes\n|rated|\n|rule|HP Percentage Mod: HP is shown in percentages\n|rule|Endless Battle Clause: Forcing endless battles is banned\n|clearpoke\n|poke|p1|Ting-Lu|\n|poke|p1|Vikavolt, F|\n|poke|p1|Ceruledge, M|\n|poke|p1|Toxapex, F|\n|poke|p1|Ursaluna-Bloodmoon, M|\n|poke|p1|Cloyster, F|\n|poke|p2|Zacian-*|\n|poke|p2|Calyrex-Shadow|\n|poke|p2|Regieleki|\n|poke|p2|Koraidon|\n|poke|p2|Kyogre|\n|poke|p2|Miraidon|\n|teampreview\n|inactive|Battle timer is ON: inactive players will automatically lose when time's up. (requested by ash_wastakenxd)\n|\n|t:|1697834501\n|start\n|switch|p1a: Wammu|Ting-Lu|100\/100\n|switch|p2a: Regieleki|Regieleki, shiny|100\/100\n|-ability|p1a: Wammu|Vessel of Ruin\n|turn|1\n|\n|t:|1697834508\n|-terastallize|p2a: Regieleki|Ice\n|move|p2a: Regieleki|Tera Blast|p1a: Wammu|[anim] Tera Blast Ice\n|-supereffective|p1a: Wammu\n|-damage|p1a: Wammu|62\/100\n|move|p1a: Wammu|Stealth Rock|p2a: Regieleki\n|-sidestart|p2: ash_wastakenxd|move: Stealth Rock\n|\n|-heal|p1a: Wammu|68\/100|[from] item: Leftovers\n|upkeep\n|turn|2\n|\n|t:|1697834515\n|move|p2a: Regieleki|Volt Switch|p1a: Wammu\n|-immune|p1a: Wammu\n|move|p1a: Wammu|Whirlwind|p2a: Regieleki\n|drag|p2a: Koraidon|Koraidon|100\/100\n|-damage|p2a: Koraidon|94\/100|[from] Stealth Rock\n|-weather|SunnyDay|[from] ability: Orichalcum Pulse|[of] p2a: Koraidon\n|-activate|p2a: Koraidon|Orichalcum Pulse|[source]\n|\n|-weather|SunnyDay|[upkeep]\n|-heal|p1a: Wammu|74\/100|[from] item: Leftovers\n|upkeep\n|turn|3\n|\n|t:|1697834526\n|switch|p1a: Meanie|Toxapex, F, shiny|100\/100\n|move|p2a: Koraidon|Scale Shot|p1a: Meanie\n|-damage|p1a: Meanie|89\/100\n|-damage|p1a: Meanie|78\/100\n|-damage|p1a: Meanie|68\/100\n|-hitcount|p1a: Meanie|3\n|-unboost|p2a: Koraidon|def|1\n|-boost|p2a: Koraidon|spe|1\n|\n|-weather|SunnyDay|[upkeep]\n|upkeep\n|turn|4\n|\n|t:|1697834537\n|move|p2a: Koraidon|U-turn|p1a: Meanie\n|-resisted|p1a: Meanie\n|-damage|p1a: Meanie|57\/100\n|-damage|p2a: Koraidon|78\/100|[from] item: Rocky Helmet|[of] p1a: Meanie\n|\n|t:|1697834542\n|switch|p2a: Kyogre|Kyogre|100\/100|[from] U-turn\n|-damage|p2a: Kyogre|88\/100|[from] Stealth Rock\n|-weather|RainDance|[from] ability: Drizzle|[of] p2a: Kyogre\n|move|p1a: Meanie|Chilling Water|p2a: Kyogre\n|-resisted|p2a: Kyogre\n|-damage|p2a: Kyogre|82\/100\n|-unboost|p2a: Kyogre|atk|1\n|\n|-weather|RainDance|[upkeep]\n|upkeep\n|turn|5\n|\n|t:|1697834549\n|move|p2a: Kyogre|Water Spout|p1a: Meanie\n|-resisted|p1a: Meanie\n|-damage|p1a: Meanie|14\/100\n|move|p1a: Meanie|Toxic Spikes|p2a: Kyogre\n|-sidestart|p2: ash_wastakenxd|move: Toxic Spikes\n|\n|-weather|RainDance|[upkeep]\n|upkeep\n|turn|6\n|\n|t:|1697834556\n|move|p1a: Meanie|Baneful Bunker|p1a: Meanie\n|-singleturn|p1a: Meanie|move: Protect\n|move|p2a: Kyogre|Water Spout|p1a: Meanie\n|-activate|p1a: Meanie|move: Protect\n|\n|-weather|RainDance|[upkeep]\n|upkeep\n|turn|7\n|\n|t:|1697834561\n|move|p1a: Meanie|Baneful Bunker||[still]\n|-fail|p1a: Meanie\n|move|p2a: Kyogre|Water Spout|p1a: Meanie\n|-resisted|p1a: Meanie\n|-damage|p1a: Meanie|0 fnt\n|faint|p1a: Meanie\n|\n|-weather|RainDance|[upkeep]\n|upkeep\n|\n|t:|1697834566\n|switch|p1a: Echo Act 2|Vikavolt, F|100\/100\n|turn|8\n|\n|t:|1697834571\n|move|p2a: Kyogre|Water Spout|p1a: Echo Act 2\n|-enditem|p1a: Echo Act 2|Focus Sash\n|-damage|p1a: Echo Act 2|1\/100\n|move|p1a: Echo Act 2|Sticky Web|p2a: Kyogre\n|-sidestart|p2: ash_wastakenxd|move: Sticky Web\n|\n|-weather|none\n|upkeep\n|turn|9\n|\n|t:|1697834578\n|move|p2a: Kyogre|Water Spout|p1a: Echo Act 2\n|-damage|p1a: Echo Act 2|0 fnt\n|faint|p1a: Echo Act 2\n|\n|upkeep\n|\n|t:|1697834587\n|switch|p1a: Cloyster|Cloyster, F|100\/100\n|turn|10\n|\n|t:|1697834599\n|switch|p2a: Miraidon|Miraidon|100\/100\n|-damage|p2a: Miraidon|88\/100|[from] Stealth Rock\n|-status|p2a: Miraidon|psn\n|-activate|p2a: Miraidon|move: Sticky Web\n|-unboost|p2a: Miraidon|spe|1\n|-fieldstart|move: Electric Terrain|[from] ability: Hadron Engine|[of] p2a: Miraidon\n|move|p1a: Cloyster|Shell Smash|p1a: Cloyster\n|-unboost|p1a: Cloyster|def|1\n|-unboost|p1a: Cloyster|spd|1\n|-boost|p1a: Cloyster|atk|2\n|-boost|p1a: Cloyster|spa|2\n|-boost|p1a: Cloyster|spe|2\n|\n|-damage|p2a: Miraidon|76\/100 psn|[from] psn\n|upkeep\n|turn|11\n|\n|t:|1697834606\n|move|p1a: Cloyster|Icicle Spear|p2a: Miraidon\n|-supereffective|p2a: Miraidon\n|-damage|p2a: Miraidon|27\/100 psn\n|-supereffective|p2a: Miraidon\n|-damage|p2a: Miraidon|0 fnt\n|faint|p2a: Miraidon\n|-hitcount|p2: Miraidon|2\n|\n|upkeep\n|\n|t:|1697834610\n|switch|p2a: Regieleki|Regieleki, shiny, tera:Ice|100\/100\n|-damage|p2a: Regieleki|76\/100|[from] Stealth Rock\n|-status|p2a: Regieleki|psn\n|-activate|p2a: Regieleki|move: Sticky Web\n|-unboost|p2a: Regieleki|spe|1\n|turn|12\n|\n|t:|1697834620\n|-terastallize|p1a: Cloyster|Electric\n|move|p1a: Cloyster|Tera Blast|p2a: Regieleki|[anim] Tera Blast Electric\n|-damage|p2a: Regieleki|0 fnt\n|faint|p2a: Regieleki\n|\n|upkeep\n|\n|t:|1697834633\n|switch|p2a: Zacian|Zacian-Crowned|100\/100\n|-damage|p2a: Zacian|94\/100|[from] Stealth Rock\n|-activate|p2a: Zacian|move: Sticky Web\n|-unboost|p2a: Zacian|spe|1\n|-ability|p2a: Zacian|Intrepid Sword|boost\n|-boost|p2a: Zacian|atk|1\n|turn|13\n|inactive|MelancholyBill has 120 seconds left.\n|inactive|MelancholyBill has 90 seconds left.\n|\n|t:|1697834706\n|move|p1a: Cloyster|Tera Blast|p2a: Zacian|[anim] Tera Blast Electric\n|-damage|p2a: Zacian|10\/100\n|move|p2a: Zacian|Sacred Sword|p1a: Cloyster\n|-damage|p1a: Cloyster|58\/100\n|\n|upkeep\n|turn|14\n|\n|t:|1697834719\n|move|p1a: Cloyster|Tera Blast|p2a: Zacian|[anim] Tera Blast Electric\n|-damage|p2a: Zacian|0 fnt\n|faint|p2a: Zacian\n|\n|-fieldend|move: Electric Terrain\n|upkeep\n|\n|t:|1697834724\n|switch|p2a: Calyrex|Calyrex-Shadow|100\/100\n|-ability|p2a: Calyrex|As One\n|-ability|p2a: Calyrex|Unnerve\n|-damage|p2a: Calyrex|88\/100|[from] Stealth Rock\n|-status|p2a: Calyrex|psn\n|-activate|p2a: Calyrex|move: Sticky Web\n|-unboost|p2a: Calyrex|spe|1\n|turn|15\n|\n|t:|1697834731\n|move|p1a: Cloyster|Liquidation|p2a: Calyrex\n|-damage|p2a: Calyrex|0 fnt\n|faint|p2a: Calyrex\n|\n|upkeep\n|\n|t:|1697834738\n|switch|p2a: Kyogre|Kyogre|82\/100\n|-damage|p2a: Kyogre|70\/100|[from] Stealth Rock\n|-status|p2a: Kyogre|psn\n|-activate|p2a: Kyogre|move: Sticky Web\n|-unboost|p2a: Kyogre|spe|1\n|-weather|RainDance|[from] ability: Drizzle|[of] p2a: Kyogre\n|turn|16\n|\n|t:|1697834748\n|move|p1a: Cloyster|Tera Blast|p2a: Kyogre|[anim] Tera Blast Electric\n|-supereffective|p2a: Kyogre\n|-damage|p2a: Kyogre|0 fnt\n|faint|p2a: Kyogre\n|\n|-weather|RainDance|[upkeep]\n|upkeep\n|\n|t:|1697834753\n|switch|p2a: Koraidon|Koraidon|78\/100\n|-damage|p2a: Koraidon|72\/100|[from] Stealth Rock\n|-status|p2a: Koraidon|psn\n|-activate|p2a: Koraidon|move: Sticky Web\n|-unboost|p2a: Koraidon|spe|1\n|-weather|SunnyDay|[from] ability: Orichalcum Pulse|[of] p2a: Koraidon\n|-activate|p2a: Koraidon|Orichalcum Pulse|[source]\n|turn|17\n|\n|t:|1697834762\n|move|p1a: Cloyster|Icicle Spear|p2a: Koraidon\n|-supereffective|p2a: Koraidon\n|-damage|p2a: Koraidon|29\/100 psn\n|-supereffective|p2a: Koraidon\n|-crit|p2a: Koraidon\n|-damage|p2a: Koraidon|0 fnt\n|faint|p2a: Koraidon\n|-hitcount|p2: Koraidon|2\n|\n|win|MelancholyBill\n|raw|MelancholyBill's rating: 1300 &rarr; <strong>1330<\/strong><br \/>(+30 for winning)\n|raw|ash_wastakenxd's rating: 1364 &rarr; <strong>1340<\/strong><br \/>(-24 for losing)\n|c|\u2606MelancholyBill|Gg\n|c|\u2606MelancholyBill|Wp\n|l|\u2606ash_wastakenxd\n","uploadtime":1697834772,"views":14,"p1id":"melancholybill","p2id":"ashwastakenxd","formatid":"gen9anythinggoes","rating":1330,"private":0,"password":""}