{"id":"gen9anythinggoes-1973256120","p1":"suiLuis1397","p2":"Kempachi_sama","format":"[Gen 9] Anything Goes","log":"|j|\u2606suiLuis1397\n|j|\u2606Kempachi_sama\n|t:|1697945070\n|gametype|singles\n|player|p1|suiLuis1397|benga|1190\n|player|p2|Kempachi_sama|265|1161\n|teamsize|p1|6\n|teamsize|p2|6\n|gen|9\n|tier|[Gen 9] Anything Goes\n|rated|\n|rule|HP Percentage Mod: HP is shown in percentages\n|rule|Endless Battle Clause: Forcing endless battles is banned\n|clearpoke\n|poke|p1|Pawmot, M|\n|poke|p1|Tyranitar, F|\n|poke|p1|Houndstone, F|\n|poke|p1|Pawmot, M|\n|poke|p1|Pawmot, F|\n|poke|p1|Murkrow, M|\n|poke|p2|Clefable, M|\n|poke|p2|Dragapult, F|\n|poke|p2|Scizor, F|\n|poke|p2|Cinderace, M|\n|poke|p2|Corviknight, F|\n|poke|p2|Blissey, F|\n|teampreview\n|inactive|Battle timer is ON: inactive players will automatically lose when time's up. (requested by Kempachi_sama)\n|c|\u2606Kempachi_sama|what\n|\n|t:|1697945084\n|start\n|switch|p1a: Tyranitar|Tyranitar, F|100\/100\n|switch|p2a: Clefable|Clefable, M|100\/100\n|-weather|Sandstorm|[from] ability: Sand Stream|[of] p1a: Tyranitar\n|turn|1\n|c|\u2606suiLuis1397|any problem?\n|\n|t:|1697945096\n|move|p1a: Tyranitar|Taunt|p2a: Clefable\n|-start|p2a: Clefable|move: Taunt\n|cant|p2a: Clefable|move: Taunt|Cosmic Power\n|\n|-weather|Sandstorm|[upkeep]\n|upkeep\n|turn|2\n|c|\u2606Kempachi_sama|I just know what the three pawmots will enivtably do\n|c|\u2606Kempachi_sama|and I was not prepared for it\n|inactive|Kempachi_sama has 120 seconds left.\n|\n|t:|1697945127\n|switch|p2a: Corviknight|Corviknight, F|100\/100\n|move|p1a: Tyranitar|Knock Off|p2a: Corviknight\n|-crit|p2a: Corviknight\n|-damage|p2a: Corviknight|47\/100\n|-damage|p1a: Tyranitar|84\/100|[from] item: Rocky Helmet|[of] p2a: Corviknight\n|-enditem|p2a: Corviknight|Rocky Helmet|[from] move: Knock Off|[of] p1a: Tyranitar\n|\n|-weather|Sandstorm|[upkeep]\n|upkeep\n|turn|3\n|c|\u2606suiLuis1397|smart\n|\n|t:|1697945136\n|move|p1a: Tyranitar|Knock Off|p2a: Corviknight\n|-damage|p2a: Corviknight|22\/100\n|move|p2a: Corviknight|Iron Defense|p2a: Corviknight\n|-boost|p2a: Corviknight|def|2\n|\n|-weather|Sandstorm|[upkeep]\n|upkeep\n|turn|4\n|\n|t:|1697945140\n|move|p1a: Tyranitar|Knock Off|p2a: Corviknight\n|-damage|p2a: Corviknight|11\/100\n|move|p2a: Corviknight|Roost|p2a: Corviknight\n|-heal|p2a: Corviknight|61\/100\n|-singleturn|p2a: Corviknight|move: Roost\n|\n|-weather|Sandstorm|[upkeep]\n|upkeep\n|turn|5\n|\n|t:|1697945147\n|switch|p1a: Murkrow|Murkrow, M|100\/100\n|move|p2a: Corviknight|Iron Defense|p2a: Corviknight\n|-boost|p2a: Corviknight|def|2\n|\n|-weather|Sandstorm|[upkeep]\n|-damage|p1a: Murkrow|94\/100|[from] Sandstorm\n|upkeep\n|turn|6\n|\n|t:|1697945151\n|move|p2a: Corviknight|Body Press|p1a: Murkrow\n|-damage|p1a: Murkrow|0 fnt\n|faint|p1a: Murkrow\n|\n|-weather|Sandstorm|[upkeep]\n|upkeep\n|\n|t:|1697945165\n|switch|p1a: Tyranitar|Tyranitar, F|84\/100\n|turn|7\n|\n|t:|1697945169\n|move|p1a: Tyranitar|Taunt|p2a: Corviknight\n|-start|p2a: Corviknight|move: Taunt\n|move|p2a: Corviknight|Body Press|p1a: Tyranitar\n|-supereffective|p1a: Tyranitar\n|-damage|p1a: Tyranitar|0 fnt\n|faint|p1a: Tyranitar\n|\n|-weather|Sandstorm|[upkeep]\n|upkeep\n|\n|t:|1697945172\n|switch|p1a: Pawmot|Pawmot, F|100\/100\n|turn|8\n|\n|t:|1697945175\n|move|p1a: Pawmot|Fake Out|p2a: Corviknight\n|-resisted|p2a: Corviknight\n|-damage|p2a: Corviknight|60\/100\n|cant|p2a: Corviknight|flinch\n|\n|-weather|none\n|upkeep\n|turn|9\n|\n|t:|1697945177\n|move|p1a: Pawmot|Nuzzle|p2a: Corviknight\n|-supereffective|p2a: Corviknight\n|-damage|p2a: Corviknight|55\/100\n|-status|p2a: Corviknight|par\n|move|p2a: Corviknight|Body Press|p1a: Pawmot\n|-damage|p1a: Pawmot|0 fnt\n|faint|p1a: Pawmot\n|\n|-end|p2a: Corviknight|move: Taunt\n|upkeep\n|\n|t:|1697945180\n|switch|p1a: Pawmot|Pawmot, M|100\/100\n|turn|10\n|\n|t:|1697945183\n|move|p1a: Pawmot|Revival Blessing|p1a: Pawmot\n|-enditem|p1a: Pawmot|Leppa Berry|[eat]\n|-activate|p1a: Pawmot|item: Leppa Berry|Revival Blessing|[consumed]\n|\n|t:|1697945186\n|-heal|p1: Murkrow|50\/100|[from] move: Revival Blessing\n|cant|p2a: Corviknight|par\n|\n|upkeep\n|turn|11\n|\n|t:|1697945191\n|move|p1a: Pawmot|Revival Blessing|p1a: Pawmot\n|\n|t:|1697945196\n|-heal|p1: Tyranitar|50\/100|[from] move: Revival Blessing\n|cant|p2a: Corviknight|par\n|\n|upkeep\n|turn|12\n|\n|t:|1697945202\n|move|p1a: Pawmot|Close Combat|p2a: Corviknight\n|-damage|p2a: Corviknight|45\/100 par\n|-unboost|p1a: Pawmot|def|1\n|-unboost|p1a: Pawmot|spd|1\n|move|p2a: Corviknight|Body Press|p1a: Pawmot\n|-crit|p1a: Pawmot\n|-damage|p1a: Pawmot|0 fnt\n|faint|p1a: Pawmot\n|\n|upkeep\n|\n|t:|1697945207\n|switch|p1a: Murkrow|Murkrow, M|50\/100\n|turn|13\n|\n|t:|1697945209\n|move|p1a: Murkrow|Rest|p1a: Murkrow\n|-status|p1a: Murkrow|slp|[from] move: Rest\n|-heal|p1a: Murkrow|100\/100 slp|[silent]\n|move|p2a: Corviknight|Body Press|p1a: Murkrow\n|-enditem|p1a: Murkrow|Focus Sash\n|-damage|p1a: Murkrow|1\/100 slp\n|\n|upkeep\n|turn|14\n|\n|t:|1697945215\n|move|p2a: Corviknight|Body Press|p1a: Murkrow\n|-damage|p1a: Murkrow|0 fnt\n|faint|p1a: Murkrow\n|\n|upkeep\n|\n|t:|1697945231\n|switch|p1a: Tyranitar|Tyranitar, F|50\/100\n|-weather|Sandstorm|[from] ability: Sand Stream|[of] p1a: Tyranitar\n|turn|15\n|\n|t:|1697945235\n|move|p1a: Tyranitar|Knock Off|p2a: Corviknight\n|-damage|p2a: Corviknight|37\/100 par\n|move|p2a: Corviknight|Body Press|p1a: Tyranitar\n|-supereffective|p1a: Tyranitar\n|-damage|p1a: Tyranitar|0 fnt\n|faint|p1a: Tyranitar\n|\n|-weather|Sandstorm|[upkeep]\n|upkeep\n|\n|t:|1697945239\n|switch|p1a: Pawmot|Pawmot, M|100\/100\n|turn|16\n|\n|t:|1697945241\n|move|p1a: Pawmot|Revival Blessing|p1a: Pawmot\n|-enditem|p1a: Pawmot|Leppa Berry|[eat]\n|-activate|p1a: Pawmot|item: Leppa Berry|Revival Blessing|[consumed]\n|\n|t:|1697945246\n|-heal|p1: Tyranitar|50\/100|[from] move: Revival Blessing\n|move|p2a: Corviknight|Roost|p2a: Corviknight\n|-heal|p2a: Corviknight|87\/100 par\n|-singleturn|p2a: Corviknight|move: Roost\n|\n|-weather|Sandstorm|[upkeep]\n|-damage|p1a: Pawmot|94\/100|[from] Sandstorm\n|upkeep\n|turn|17\n|\n|t:|1697945253\n|move|p1a: Pawmot|Revival Blessing|p1a: Pawmot\n|\n|t:|1697945261\n|-heal|p1: Pawmot|50\/100|[from] move: Revival Blessing\n|move|p2a: Corviknight|Body Press|p1a: Pawmot\n|-crit|p1a: Pawmot\n|-damage|p1a: Pawmot|0 fnt\n|faint|p1a: Pawmot\n|\n|-weather|Sandstorm|[upkeep]\n|upkeep\n|c|\u2606Kempachi_sama|This is all to buff the houndstone right\n|c|\u2606suiLuis1397|maybe??\n|\n|t:|1697945274\n|switch|p1a: Pawmot|Pawmot, F|50\/100\n|turn|18\n|c|\u2606Kempachi_sama|Thank god I have a normal type\n|\n|t:|1697945288\n|move|p1a: Pawmot|Fake Out|p2a: Corviknight\n|-resisted|p2a: Corviknight\n|-damage|p2a: Corviknight|86\/100 par\n|cant|p2a: Corviknight|flinch\n|\n|-weather|Sandstorm|[upkeep]\n|-damage|p1a: Pawmot|44\/100|[from] Sandstorm\n|upkeep\n|turn|19\n|\n|t:|1697945298\n|move|p1a: Pawmot|Revival Blessing|p1a: Pawmot\n|-enditem|p1a: Pawmot|Leppa Berry|[eat]\n|-activate|p1a: Pawmot|item: Leppa Berry|Revival Blessing|[consumed]\n|\n|t:|1697945301\n|-heal|p1: Pawmot|50\/100|[from] move: Revival Blessing\n|cant|p2a: Corviknight|par\n|\n|-weather|Sandstorm|[upkeep]\n|-damage|p1a: Pawmot|38\/100|[from] Sandstorm\n|upkeep\n|turn|20\n|\n|t:|1697945304\n|move|p1a: Pawmot|Revival Blessing|p1a: Pawmot\n|\n|t:|1697945307\n|-heal|p1: Pawmot|50\/100|[from] move: Revival Blessing\n|move|p2a: Corviknight|Body Press|p1a: Pawmot\n|-damage|p1a: Pawmot|0 fnt\n|faint|p1a: Pawmot\n|\n|-weather|Sandstorm|[upkeep]\n|upkeep\n|\n|t:|1697945309\n|switch|p1a: Houndstone|Houndstone, F|100\/100\n|turn|21\n|\n|t:|1697945313\n|move|p1a: Houndstone|Body Press|p2a: Corviknight\n|-crit|p2a: Corviknight\n|-damage|p2a: Corviknight|67\/100 par\n|cant|p2a: Corviknight|par\n|\n|-weather|Sandstorm|[upkeep]\n|upkeep\n|turn|22\n|\n|t:|1697945318\n|move|p1a: Houndstone|Last Respects|p2a: Corviknight\n|-damage|p2a: Corviknight|21\/100 par\n|move|p2a: Corviknight|Roost|p2a: Corviknight\n|-heal|p2a: Corviknight|71\/100 par\n|-singleturn|p2a: Corviknight|move: Roost\n|\n|-weather|none\n|upkeep\n|turn|23\n|\n|t:|1697945326\n|move|p1a: Houndstone|Last Respects|p2a: Corviknight\n|-crit|p2a: Corviknight\n|-damage|p2a: Corviknight|0 fnt\n|faint|p2a: Corviknight\n|\n|upkeep\n|\n|t:|1697945348\n|switch|p2a: Cinderace|Cinderace, M|100\/100\n|turn|24\n|\n|t:|1697945356\n|switch|p1a: Tyranitar|Tyranitar, F|50\/100\n|-weather|Sandstorm|[from] ability: Sand Stream|[of] p1a: Tyranitar\n|move|p2a: Cinderace|Trailblaze|p1a: Tyranitar\n|-start|p2a: Cinderace|typechange|Grass|[from] ability: Libero\n|-supereffective|p1a: Tyranitar\n|-damage|p1a: Tyranitar|0 fnt\n|-boost|p2a: Cinderace|spe|1\n|faint|p1a: Tyranitar\n|\n|-weather|Sandstorm|[upkeep]\n|-damage|p2a: Cinderace|95\/100|[from] Sandstorm\n|upkeep\n|\n|t:|1697945358\n|switch|p1a: Houndstone|Houndstone, F|100\/100\n|turn|25\n|\n|t:|1697945372\n|move|p1a: Houndstone|Last Respects|p2a: Cinderace\n|-damage|p2a: Cinderace|0 fnt\n|faint|p2a: Cinderace\n|\n|-weather|Sandstorm|[upkeep]\n|upkeep\n|c|\u2606Kempachi_sama|This thing gets fucking sand rush\n|inactive|Kempachi_sama has 120 seconds left.\n|\n|t:|1697945399\n|switch|p2a: Scizor|Scizor, F|100\/100\n|turn|26\n|c|\u2606suiLuis1397|obviusly\n|\n|t:|1697945404\n|move|p1a: Houndstone|Last Respects|p2a: Scizor\n|-enditem|p2a: Scizor|Focus Sash\n|-damage|p2a: Scizor|1\/100\n|move|p2a: Scizor|Trailblaze|p1a: Houndstone\n|-damage|p1a: Houndstone|67\/100\n|-boost|p2a: Scizor|spe|1\n|\n|-weather|Sandstorm|[upkeep]\n|-heal|p1a: Houndstone|73\/100|[from] item: Leftovers\n|upkeep\n|turn|27\n|\n|t:|1697945416\n|move|p1a: Houndstone|Shadow Sneak|p2a: Scizor\n|-damage|p2a: Scizor|0 fnt\n|faint|p2a: Scizor\n|\n|-weather|Sandstorm|[upkeep]\n|-heal|p1a: Houndstone|79\/100|[from] item: Leftovers\n|upkeep\n|c|\u2606suiLuis1397|500 power last respects\n|inactive|Kempachi_sama has 120 seconds left.\n|\n|t:|1697945438\n|switch|p2a: Blissey|Blissey, F|100\/100\n|turn|28\n|\n|t:|1697945461\n|switch|p1a: Pawmot|Pawmot, M|50\/100\n|move|p2a: Blissey|Thunder Wave|p1a: Pawmot\n|-heal|p1a: Pawmot|75\/100|[from] ability: Volt Absorb|[of] p2a: Blissey\n|\n|-weather|Sandstorm|[upkeep]\n|-damage|p1a: Pawmot|69\/100|[from] Sandstorm\n|-damage|p2a: Blissey|94\/100|[from] Sandstorm\n|upkeep\n|turn|29\n|\n|t:|1697945470\n|move|p1a: Pawmot|Close Combat|p2a: Blissey\n|-supereffective|p2a: Blissey\n|-crit|p2a: Blissey\n|-damage|p2a: Blissey|0 fnt\n|-unboost|p1a: Pawmot|def|1\n|-unboost|p1a: Pawmot|spd|1\n|-damage|p1a: Pawmot|53\/100|[from] item: Rocky Helmet|[of] p2a: Blissey\n|faint|p2a: Blissey\n|\n|-weather|Sandstorm|[upkeep]\n|-damage|p1a: Pawmot|47\/100|[from] Sandstorm\n|upkeep\n|\n|t:|1697945475\n|switch|p2a: Clefable|Clefable, M|100\/100\n|turn|30\n|\n|t:|1697945478\n|move|p1a: Pawmot|Nuzzle|p2a: Clefable\n|-damage|p2a: Clefable|93\/100\n|-status|p2a: Clefable|par\n|move|p2a: Clefable|Cosmic Power|p2a: Clefable\n|-boost|p2a: Clefable|def|1\n|-boost|p2a: Clefable|spd|1\n|\n|-weather|Sandstorm|[upkeep]\n|-damage|p1a: Pawmot|41\/100|[from] Sandstorm\n|upkeep\n|turn|31\n|\n|t:|1697945481\n|switch|p1a: Houndstone|Houndstone, F|79\/100\n|move|p2a: Clefable|Cosmic Power|p2a: Clefable\n|-boost|p2a: Clefable|def|1\n|-boost|p2a: Clefable|spd|1\n|\n|-weather|none\n|-heal|p1a: Houndstone|85\/100|[from] item: Leftovers\n|upkeep\n|turn|32\n|\n|t:|1697945491\n|move|p1a: Houndstone|Last Respects|p2a: Clefable\n|-damage|p2a: Clefable|0 fnt\n|faint|p2a: Clefable\n|\n|-heal|p1a: Houndstone|91\/100|[from] item: Leftovers\n|upkeep\n|\n|t:|1697945496\n|switch|p2a: Dragapult|Dragapult, F|100\/100\n|turn|33\n|inactive|Kempachi_sama has 120 seconds left.\n|c|\u2606Kempachi_sama|Okay this is my only hope right here\n|\n|t:|1697945539\n|switch|p1a: Pawmot|Pawmot, M|41\/100\n|move|p2a: Dragapult|Phantom Force||[still]\n|-prepare|p2a: Dragapult|Phantom Force\n|\n|upkeep\n|turn|34\n|\n|t:|1697945544\n|move|p2a: Dragapult|Phantom Force|p1a: Pawmot|[from]lockedmove\n|-damage|p1a: Pawmot|0 fnt\n|faint|p1a: Pawmot\n|\n|upkeep\n|\n|t:|1697945547\n|switch|p1a: Pawmot|Pawmot, M|50\/100\n|turn|35\n|\n|t:|1697945553\n|move|p2a: Dragapult|Dragon Darts|p1a: Pawmot\n|-damage|p1a: Pawmot|20\/100\n|-anim|p2a: Dragapult|Dragon Darts|p1a: Pawmot\n|-damage|p1a: Pawmot|0 fnt\n|faint|p1a: Pawmot\n|\n|upkeep\n|\n|t:|1697945558\n|switch|p1a: Houndstone|Houndstone, F|91\/100\n|turn|36\n|\n|t:|1697945569\n|-terastallize|p1a: Houndstone|Ghost\n|move|p2a: Dragapult|Phantom Force||[still]\n|-prepare|p2a: Dragapult|Phantom Force\n|move|p1a: Houndstone|Last Respects|p2a: Dragapult|[miss]\n|-miss|p1a: Houndstone|p2a: Dragapult\n|\n|-heal|p1a: Houndstone|97\/100|[from] item: Leftovers\n|upkeep\n|turn|37\n|c|\u2606Kempachi_sama|Can I one shot for the win\n|\n|t:|1697945585\n|move|p2a: Dragapult|Phantom Force|p1a: Houndstone|[from]lockedmove\n|-supereffective|p1a: Houndstone\n|-damage|p1a: Houndstone|0 fnt\n|faint|p1a: Houndstone\n|\n|win|Kempachi_sama\n|raw|suiLuis1397's rating: 1190 &rarr; <strong>1164<\/strong><br \/>(-26 for losing)\n|raw|Kempachi_sama's rating: 1178 &rarr; <strong>1204<\/strong><br \/>(+26 for winning)\n|c|\u2606Kempachi_sama|G\n|c|\u2606suiLuis1397|ggs\n|c|\u2606Kempachi_sama|Fucking\n|c|\u2606Kempachi_sama|G\n|c|\u2606suiLuis1397|that was good :D\n|c|\u2606Kempachi_sama|holy shit that was stressful\n|c|\u2606Kempachi_sama|Thank you lol\n","uploadtime":1697945609,"views":5,"p1id":"suiluis1397","p2id":"kempachisama","formatid":"gen9anythinggoes","rating":1164,"private":0,"password":""}