{"id":"gen9anythinggoes-1991993864","p1":"ClappisYappis","p2":"FlailOP69","format":"[Gen 9] Anything Goes","log":"|j|\u2606ClappisYappis\n|j|\u2606FlailOP69\n|t:|1700145981\n|gametype|singles\n|player|p1|ClappisYappis|riley|1106\n|player|p2|FlailOP69|265|1000\n|teamsize|p1|6\n|teamsize|p2|3\n|gen|9\n|tier|[Gen 9] Anything Goes\n|rated|\n|rule|HP Percentage Mod: HP is shown in percentages\n|rule|Endless Battle Clause: Forcing endless battles is banned\n|clearpoke\n|poke|p1|Maushold-Four|\n|poke|p1|Flutter Mane|\n|poke|p1|Miraidon|\n|poke|p1|Rabsca, M|\n|poke|p1|Garganacl, F|\n|poke|p1|Houndstone, M|\n|poke|p2|Drifblim, F|\n|poke|p2|Calyrex-Shadow|\n|poke|p2|Cetitan, M|\n|teampreview\n|\n|t:|1700145989\n|start\n|switch|p1a: DeMarco|Miraidon|100\/100\n|switch|p2a: Drifblim|Drifblim, F, shiny|100\/100\n|-fieldstart|move: Electric Terrain|[from] ability: Hadron Engine|[of] p1a: DeMarco\n|turn|1\n|\n|t:|1700145997\n|-terastallize|p2a: Drifblim|Ground\n|move|p1a: DeMarco|Electro Drift|p2a: Drifblim\n|-immune|p2a: Drifblim\n|move|p2a: Drifblim|Substitute|p2a: Drifblim\n|-start|p2a: Drifblim|Substitute\n|-damage|p2a: Drifblim|75\/100\n|\n|upkeep\n|turn|2\n|\n|t:|1700146004\n|move|p1a: DeMarco|Dragon Pulse|p2a: Drifblim\n|-end|p2a: Drifblim|Substitute\n|move|p2a: Drifblim|Minimize|p2a: Drifblim\n|-boost|p2a: Drifblim|evasion|2\n|\n|upkeep\n|turn|3\n|\n|t:|1700146009\n|move|p1a: DeMarco|Dragon Pulse|p2a: Drifblim|[miss]\n|-miss|p1a: DeMarco|p2a: Drifblim\n|move|p2a: Drifblim|Minimize|p2a: Drifblim\n|-boost|p2a: Drifblim|evasion|2\n|\n|upkeep\n|turn|4\n|\n|t:|1700146014\n|move|p1a: DeMarco|Dragon Pulse|p2a: Drifblim|[miss]\n|-miss|p1a: DeMarco|p2a: Drifblim\n|move|p2a: Drifblim|Minimize|p2a: Drifblim\n|-boost|p2a: Drifblim|evasion|2\n|\n|upkeep\n|turn|5\n|\n|t:|1700146020\n|move|p1a: DeMarco|Dragon Pulse|p2a: Drifblim|[miss]\n|-miss|p1a: DeMarco|p2a: Drifblim\n|move|p2a: Drifblim|Substitute|p2a: Drifblim\n|-start|p2a: Drifblim|Substitute\n|-damage|p2a: Drifblim|50\/100\n|\n|-fieldend|move: Electric Terrain\n|upkeep\n|turn|6\n|\n|t:|1700146025\n|move|p1a: DeMarco|Dragon Pulse|p2a: Drifblim\n|-crit|p2a: Drifblim\n|-end|p2a: Drifblim|Substitute\n|move|p2a: Drifblim|Baton Pass|p2a: Drifblim\n|\n|t:|1700146030\n|switch|p2a: Calyrex|Calyrex-Shadow|100\/100|[from] Baton Pass\n|-ability|p2a: Calyrex|As One\n|-ability|p2a: Calyrex|Unnerve\n|\n|upkeep\n|turn|7\n|\n|t:|1700146035\n|move|p2a: Calyrex|Substitute|p2a: Calyrex\n|-start|p2a: Calyrex|Substitute\n|-damage|p2a: Calyrex|76\/100\n|move|p1a: DeMarco|Electro Drift|p2a: Calyrex|[miss]\n|-miss|p1a: DeMarco|p2a: Calyrex\n|\n|-heal|p2a: Calyrex|82\/100|[from] item: Leftovers\n|upkeep\n|turn|8\n|\n|t:|1700146043\n|move|p2a: Calyrex|Agility|p2a: Calyrex\n|-boost|p2a: Calyrex|spe|2\n|move|p1a: DeMarco|Dragon Pulse|p2a: Calyrex|[miss]\n|-miss|p1a: DeMarco|p2a: Calyrex\n|\n|-heal|p2a: Calyrex|88\/100|[from] item: Leftovers\n|upkeep\n|turn|9\n|\n|t:|1700146050\n|switch|p1a: Maushold|Maushold-Four|100\/100\n|move|p2a: Calyrex|Agility|p2a: Calyrex\n|-boost|p2a: Calyrex|spe|2\n|\n|-heal|p2a: Calyrex|94\/100|[from] item: Leftovers\n|upkeep\n|turn|10\n|\n|t:|1700146060\n|move|p2a: Calyrex|Stored Power|p1a: Maushold\n|-damage|p1a: Maushold|0 fnt\n|faint|p1a: Maushold\n|-ability|p2a: Calyrex|Grim Neigh|boost\n|-boost|p2a: Calyrex|spa|1\n|\n|-heal|p2a: Calyrex|100\/100|[from] item: Leftovers\n|upkeep\n|\n|t:|1700146067\n|switch|p1a: DeMarco|Miraidon|100\/100\n|-fieldstart|move: Electric Terrain|[from] ability: Hadron Engine|[of] p1a: DeMarco\n|turn|11\n|\n|t:|1700146075\n|move|p2a: Calyrex|Agility|p2a: Calyrex\n|-boost|p2a: Calyrex|spe|2\n|move|p1a: DeMarco|Dragon Pulse|p2a: Calyrex|[miss]\n|-miss|p1a: DeMarco|p2a: Calyrex\n|\n|upkeep\n|turn|12\n|\n|t:|1700146082\n|switch|p1a: Rabsca|Rabsca, M, shiny|100\/100\n|move|p2a: Calyrex|Baton Pass|p2a: Calyrex\n|\n|t:|1700146085\n|switch|p2a: Biggie|Cetitan, M|100\/100|[from] Baton Pass\n|\n|upkeep\n|turn|13\n|\n|t:|1700146090\n|move|p2a: Biggie|Belly Drum|p2a: Biggie\n|-damage|p2a: Biggie|51\/100\n|-setboost|p2a: Biggie|atk|6|[from] move: Belly Drum\n|move|p1a: Rabsca|Trick Room|p1a: Rabsca\n|-fieldstart|move: Trick Room|[of] p1a: Rabsca\n|\n|upkeep\n|turn|14\n|\n|t:|1700146097\n|move|p1a: Rabsca|Revival Blessing|p1a: Rabsca\n|-enditem|p1a: Rabsca|Leppa Berry|[eat]\n|-activate|p1a: Rabsca|item: Leppa Berry|Revival Blessing|[consumed]\n|\n|t:|1700146100\n|-heal|p1: Maushold|50\/100|[from] move: Revival Blessing\n|move|p2a: Biggie|Ice Spinner|p1a: Rabsca\n|-damage|p1a: Rabsca|0 fnt\n|-fieldend|move: Electric Terrain\n|faint|p1a: Rabsca\n|\n|upkeep\n|\n|t:|1700146121\n|switch|p1a: SSSReplacement|Garganacl, F, shiny|100\/100\n|turn|15\n|inactive|Battle timer is ON: inactive players will automatically lose when time's up. (requested by FlailOP69)\n|\n|t:|1700146125\n|move|p1a: SSSReplacement|Iron Defense|p1a: SSSReplacement\n|-boost|p1a: SSSReplacement|def|2\n|move|p2a: Biggie|Substitute|p2a: Biggie\n|-fail|p2a: Biggie|move: Substitute\n|\n|upkeep\n|turn|16\n|\n|t:|1700146135\n|move|p1a: SSSReplacement|Iron Defense|p1a: SSSReplacement\n|-boost|p1a: SSSReplacement|def|2\n|move|p2a: Biggie|Ice Spinner|p1a: SSSReplacement\n|-damage|p1a: SSSReplacement|69\/100\n|\n|-heal|p1a: SSSReplacement|75\/100|[from] item: Leftovers\n|upkeep\n|turn|17\n|\n|t:|1700146145\n|move|p1a: SSSReplacement|Iron Defense|p1a: SSSReplacement\n|-boost|p1a: SSSReplacement|def|2\n|move|p2a: Biggie|Ice Spinner|p1a: SSSReplacement\n|-damage|p1a: SSSReplacement|51\/100\n|\n|-heal|p1a: SSSReplacement|58\/100|[from] item: Leftovers\n|-fieldend|move: Trick Room\n|upkeep\n|turn|18\n|\n|t:|1700146161\n|move|p2a: Biggie|Flail|p1a: SSSReplacement\n|-resisted|p1a: SSSReplacement\n|-damage|p1a: SSSReplacement|54\/100\n|move|p1a: SSSReplacement|Recover|p1a: SSSReplacement\n|-heal|p1a: SSSReplacement|100\/100\n|\n|upkeep\n|turn|19\n|-message|FlailOP69 forfeited.\n|\n|win|ClappisYappis\n|raw|ClappisYappis's rating: 1106 &rarr; <strong>1124<\/strong><br \/>(+18 for winning)\n|raw|FlailOP69's rating: 1000 &rarr; <strong>1000<\/strong><br \/>(+0 for losing)\n|l|\u2606FlailOP69\n","uploadtime":1700146171,"views":4,"p1id":"clappisyappis","p2id":"flailop69","formatid":"gen9anythinggoes","rating":1000,"private":0,"password":""}