{"id":"gen9anythinggoes-1994053281","p1":"Instructor Guzma","p2":"Ugandianos","format":"[Gen 9] Anything Goes","log":"|j|\u2606Instructor Guzma\n|j|\u2606Ugandianos\n|t:|1700400407\n|gametype|singles\n|player|p1|Instructor Guzma|guzma|1098\n|player|p2|Ugandianos|hiker-gen4|1132\n|teamsize|p1|6\n|teamsize|p2|6\n|gen|9\n|tier|[Gen 9] Anything Goes\n|rated|\n|rule|HP Percentage Mod: HP is shown in percentages\n|rule|Endless Battle Clause: Forcing endless battles is banned\n|clearpoke\n|poke|p1|Vikavolt, M|\n|poke|p1|Forretress, M|\n|poke|p1|Ribombee, M|\n|poke|p1|Volcarona, M|\n|poke|p1|Kleavor, M|\n|poke|p1|Leavanny, F|\n|poke|p2|Annihilape, M|\n|poke|p2|Flutter Mane|\n|poke|p2|Corviknight, M|\n|poke|p2|Garchomp, M|\n|poke|p2|Breloom, M|\n|poke|p2|Cloyster, F|\n|teampreview\n|c|\u2606Instructor Guzma|Hi im guzma\n|\n|t:|1700400430\n|start\n|switch|p1a: Vikavolt|Vikavolt, M, shiny|100\/100\n|switch|p2a: Jerry\u2019s Gym Buddy|Garchomp, M|100\/100\n|turn|1\n|c|\u2606Ugandianos|Cool\n|\n|t:|1700400446\n|move|p2a: Jerry\u2019s Gym Buddy|Stone Edge|p1a: Vikavolt|[miss]\n|-miss|p2a: Jerry\u2019s Gym Buddy|p1a: Vikavolt\n|move|p1a: Vikavolt|Energy Ball|p2a: Jerry\u2019s Gym Buddy\n|-damage|p2a: Jerry\u2019s Gym Buddy|63\/100\n|\n|upkeep\n|turn|2\n|\n|t:|1700400456\n|move|p2a: Jerry\u2019s Gym Buddy|Stone Edge|p1a: Vikavolt\n|-supereffective|p1a: Vikavolt\n|-damage|p1a: Vikavolt|29\/100\n|move|p1a: Vikavolt|Flash Cannon|p2a: Jerry\u2019s Gym Buddy\n|-damage|p2a: Jerry\u2019s Gym Buddy|30\/100\n|\n|upkeep\n|turn|3\n|\n|t:|1700400465\n|move|p2a: Jerry\u2019s Gym Buddy|Stone Edge|p1a: Vikavolt\n|-supereffective|p1a: Vikavolt\n|-damage|p1a: Vikavolt|0 fnt\n|faint|p1a: Vikavolt\n|\n|upkeep\n|\n|t:|1700400470\n|switch|p1a: Ribombee|Ribombee, M, shiny|100\/100\n|turn|4\n|\n|t:|1700400483\n|-terastallize|p2a: Jerry\u2019s Gym Buddy|Steel\n|move|p1a: Ribombee|Dazzling Gleam|p2a: Jerry\u2019s Gym Buddy\n|-resisted|p2a: Jerry\u2019s Gym Buddy\n|-damage|p2a: Jerry\u2019s Gym Buddy|12\/100\n|move|p2a: Jerry\u2019s Gym Buddy|Iron Head|p1a: Ribombee\n|-supereffective|p1a: Ribombee\n|-damage|p1a: Ribombee|0 fnt\n|faint|p1a: Ribombee\n|\n|upkeep\n|\n|t:|1700400492\n|switch|p1a: Volcarona|Volcarona, M|100\/100\n|turn|5\n|\n|t:|1700400503\n|move|p2a: Jerry\u2019s Gym Buddy|Stone Edge|p1a: Volcarona\n|-supereffective|p1a: Volcarona\n|-enditem|p1a: Volcarona|Focus Sash\n|-damage|p1a: Volcarona|1\/100\n|cant|p1a: Volcarona|flinch\n|\n|upkeep\n|turn|6\n|\n|t:|1700400512\n|switch|p1a: Leavanny|Leavanny, F|100\/100\n|move|p2a: Jerry\u2019s Gym Buddy|Iron Head|p1a: Leavanny\n|-damage|p1a: Leavanny|40\/100\n|\n|upkeep\n|turn|7\n|\n|t:|1700400519\n|move|p2a: Jerry\u2019s Gym Buddy|Iron Head|p1a: Leavanny\n|-damage|p1a: Leavanny|0 fnt\n|faint|p1a: Leavanny\n|\n|upkeep\n|\n|t:|1700400525\n|switch|p1a: Kleavor|Kleavor, M|100\/100\n|turn|8\n|\n|t:|1700400532\n|move|p2a: Jerry\u2019s Gym Buddy|Earthquake|p1a: Kleavor\n|-crit|p1a: Kleavor\n|-damage|p1a: Kleavor|5\/100\n|move|p1a: Kleavor|Air Slash|p2a: Jerry\u2019s Gym Buddy\n|-resisted|p2a: Jerry\u2019s Gym Buddy\n|-crit|p2a: Jerry\u2019s Gym Buddy\n|-damage|p2a: Jerry\u2019s Gym Buddy|1\/100\n|\n|upkeep\n|turn|9\n|\n|t:|1700400540\n|move|p2a: Jerry\u2019s Gym Buddy|Earthquake|p1a: Kleavor\n|-damage|p1a: Kleavor|0 fnt\n|faint|p1a: Kleavor\n|\n|upkeep\n|\n|t:|1700400544\n|switch|p1a: Volcarona|Volcarona, M|1\/100\n|turn|10\n|\n|t:|1700400549\n|move|p2a: Jerry\u2019s Gym Buddy|Iron Head|p1a: Volcarona\n|-resisted|p1a: Volcarona\n|-damage|p1a: Volcarona|0 fnt\n|faint|p1a: Volcarona\n|\n|upkeep\n|\n|t:|1700400554\n|switch|p1a: Forretress|Forretress, M|100\/100\n|turn|11\n|inactive|Battle timer is ON: inactive players will automatically lose when time's up. (requested by Ugandianos)\n|\n|t:|1700400566\n|move|p2a: Jerry\u2019s Gym Buddy|Earthquake|p1a: Forretress\n|-damage|p1a: Forretress|65\/100\n|move|p1a: Forretress|Bug Buzz|p2a: Jerry\u2019s Gym Buddy\n|-resisted|p2a: Jerry\u2019s Gym Buddy\n|-damage|p2a: Jerry\u2019s Gym Buddy|0 fnt\n|faint|p2a: Jerry\u2019s Gym Buddy\n|-damage|p1a: Forretress|56\/100|[from] item: Life Orb\n|\n|upkeep\n|\n|t:|1700400574\n|switch|p2a: Jerry\u2019s wife|Flutter Mane, shiny|100\/100\n|-enditem|p2a: Jerry\u2019s wife|Booster Energy\n|-activate|p2a: Jerry\u2019s wife|ability: Protosynthesis|[fromitem]\n|-start|p2a: Jerry\u2019s wife|protosynthesisspe\n|turn|12\n|\n|t:|1700400587\n|-terastallize|p1a: Forretress|Bug\n|move|p2a: Jerry\u2019s wife|Mystical Fire|p1a: Forretress\n|-supereffective|p1a: Forretress\n|-damage|p1a: Forretress|0 fnt\n|faint|p1a: Forretress\n|\n|win|Ugandianos\n|raw|Instructor Guzma's rating: 1098 &rarr; <strong>1076<\/strong><br \/>(-22 for losing)\n|raw|Ugandianos's rating: 1132 &rarr; <strong>1155<\/strong><br \/>(+23 for winning)\n|l|\u2606Instructor Guzma\n","uploadtime":1700400598,"views":3,"p1id":"instructorguzma","p2id":"ugandianos","formatid":"gen9anythinggoes","rating":1076,"private":0,"password":""}