{"id":"gen9anythinggoes-1976207208","p1":"smhpundeh","p2":"zany394","format":"[Gen 9] Anything Goes","log":"|j|\u2606smhpundeh\n|j|\u2606zany394\n|t:|1698273791\n|gametype|singles\n|player|p1|smhpundeh|hilda-wonderlauncher|1209\n|player|p2|zany394|blackbelt-gen4dp|1264\n|teamsize|p1|6\n|teamsize|p2|6\n|gen|9\n|tier|[Gen 9] Anything Goes\n|rated|\n|rule|HP Percentage Mod: HP is shown in percentages\n|rule|Endless Battle Clause: Forcing endless battles is banned\n|clearpoke\n|poke|p1|Maushold-Four|\n|poke|p1|Urshifu-*, M|\n|poke|p1|Enamorus, F|\n|poke|p1|Chi-Yu|\n|poke|p1|Flutter Mane|\n|poke|p1|Kilowattrel, M|\n|poke|p2|Sinistcha|\n|poke|p2|Zoroark-Hisui, F|\n|poke|p2|Torterra, M|\n|poke|p2|Miraidon|\n|poke|p2|Glimmora, F|\n|poke|p2|Enamorus, F|\n|teampreview\n|\n|t:|1698273808\n|start\n|switch|p1a: Maushold|Maushold-Four|100\/100\n|switch|p2a: Glimmora|Glimmora, F|100\/100\n|turn|1\n|c|\u2606smhpundeh|im gonna turn you into my own personal cumdump\n|\n|t:|1698273826\n|switch|p1a: Urshifu|Urshifu-Rapid-Strike, M|100\/100\n|move|p2a: Glimmora|Mortal Spin|p1a: Urshifu\n|-damage|p1a: Urshifu|93\/100\n|-status|p1a: Urshifu|psn\n|\n|-damage|p1a: Urshifu|81\/100 psn|[from] psn\n|upkeep\n|turn|2\n|c|\u2606zany394|bruh wtf\n|\n|t:|1698273832\n|move|p2a: Glimmora|Spiky Shield|p2a: Glimmora\n|-singleturn|p2a: Glimmora|move: Protect\n|move|p1a: Urshifu|Surging Strikes|p2a: Glimmora\n|-supereffective|p2a: Glimmora\n|-crit|p2a: Glimmora\n|-damage|p2a: Glimmora|35\/100\n|-damage|p1a: Urshifu|65\/100 psn|[from] item: Rocky Helmet|[of] p2a: Glimmora\n|-activate|p2a: Glimmora|ability: Toxic Debris\n|-sidestart|p1: smhpundeh|move: Toxic Spikes\n|-supereffective|p2a: Glimmora\n|-crit|p2a: Glimmora\n|-damage|p2a: Glimmora|0 fnt\n|-damage|p1a: Urshifu|48\/100 psn|[from] item: Rocky Helmet|[of] p2a: Glimmora\n|-activate|p2a: Glimmora|ability: Toxic Debris\n|-sidestart|p1: smhpundeh|move: Toxic Spikes\n|faint|p2a: Glimmora\n|-hitcount|p2: Glimmora|2\n|\n|-damage|p1a: Urshifu|36\/100 psn|[from] psn\n|upkeep\n|\n|t:|1698273853\n|switch|p2a: Sinistcha|Sinistcha|100\/100\n|turn|3\n|c|\u2606smhpundeh|im gonna fill you up with so much cum it leaks from every hole in your body\n|\n|t:|1698273864\n|switch|p1a: Chi-Yu|Chi-Yu|100\/100\n|-status|p1a: Chi-Yu|tox\n|-ability|p1a: Chi-Yu|Beads of Ruin\n|move|p2a: Sinistcha|Matcha Gotcha|p1a: Chi-Yu\n|-resisted|p1a: Chi-Yu\n|-damage|p1a: Chi-Yu|82\/100 tox\n|\n|-damage|p1a: Chi-Yu|76\/100 tox|[from] psn\n|upkeep\n|turn|4\n|c|\u2606zany394|gay bruh\n|\n|t:|1698273878\n|move|p1a: Chi-Yu|Dark Pulse|p2a: Sinistcha\n|-supereffective|p2a: Sinistcha\n|-damage|p2a: Sinistcha|0 fnt\n|faint|p2a: Sinistcha\n|\n|-damage|p1a: Chi-Yu|64\/100 tox|[from] psn\n|upkeep\n|\n|t:|1698273883\n|switch|p2a: Miraidon|Miraidon|100\/100\n|-fieldstart|move: Electric Terrain|[from] ability: Hadron Engine|[of] p2a: Miraidon\n|turn|5\n|\n|t:|1698273888\n|switch|p1a: Kilowattrel|Kilowattrel, M|100\/100\n|move|p2a: Miraidon|Electro Drift|p1a: Kilowattrel\n|-immune|p1a: Kilowattrel|[from] ability: Volt Absorb\n|\n|upkeep\n|turn|6\n|c|\u2606smhpundeh|im gonna massage your prostate and edge you for hours without letting you cum\n|\n|t:|1698273915\n|switch|p2a: Torterra|Torterra, M|100\/100\n|move|p1a: Kilowattrel|Hurricane|p2a: Torterra\n|-supereffective|p2a: Torterra\n|-damage|p2a: Torterra|0 fnt\n|faint|p2a: Torterra\n|\n|upkeep\n|j|@Mathy\n|n|\u203dsmhpundeh|smhpundeh\n|c|@Mathy|\/log smhpundeh was locked from talking for a week by Mathy. (disgustingly inap)\n|l|@Mathy\n|c|\u2606zany394|what\n|c|\u2606zany394|who report\n|\n|t:|1698273961\n|switch|p2a: Enamorus|Enamorus, F|100\/100\n|turn|7\n|c|\u2606zany394|lmao\n|\n|t:|1698273981\n|move|p1a: Kilowattrel|Thunder|p2a: Enamorus\n|-damage|p2a: Enamorus|34\/100\n|replace|p2a: Zoroark|Zoroark-Hisui, F\n|-end|p2a: Zoroark|Illusion\n|move|p2a: Zoroark|Dark Pulse|p1a: Kilowattrel\n|-damage|p1a: Kilowattrel|49\/100\n|\n|upkeep\n|turn|8\n|\n|t:|1698273990\n|switch|p2a: Miraidon|Miraidon|100\/100\n|-activate|p2a: Miraidon|ability: Hadron Engine\n|move|p1a: Kilowattrel|Hurricane|p2a: Miraidon|[miss]\n|-miss|p1a: Kilowattrel|p2a: Miraidon\n|\n|upkeep\n|turn|9\n|\n|t:|1698273997\n|move|p2a: Miraidon|Dragon Pulse|p1a: Kilowattrel\n|-damage|p1a: Kilowattrel|0 fnt\n|faint|p1a: Kilowattrel\n|\n|-fieldend|move: Electric Terrain\n|upkeep\n|\n|t:|1698274001\n|switch|p1a: Flutter Mane|Flutter Mane|100\/100\n|-status|p1a: Flutter Mane|tox\n|turn|10\n|\n|t:|1698274005\n|switch|p2a: Enamorus|Enamorus, F|100\/100\n|move|p1a: Flutter Mane|Psyshock|p2a: Enamorus\n|-damage|p2a: Enamorus|30\/100\n|\n|-damage|p1a: Flutter Mane|95\/100 tox|[from] psn\n|upkeep\n|turn|11\n|\n|t:|1698274017\n|move|p1a: Flutter Mane|Psyshock|p2a: Enamorus\n|-damage|p2a: Enamorus|0 fnt\n|faint|p2a: Enamorus\n|\n|-damage|p1a: Flutter Mane|83\/100 tox|[from] psn\n|upkeep\n|\n|t:|1698274023\n|switch|p2a: Miraidon|Miraidon|100\/100\n|-fieldstart|move: Electric Terrain|[from] ability: Hadron Engine|[of] p2a: Miraidon\n|turn|12\n|\n|t:|1698274027\n|-terastallize|p2a: Miraidon|Electric\n|move|p2a: Miraidon|Electro Drift|p1a: Flutter Mane\n|-damage|p1a: Flutter Mane|0 fnt\n|faint|p1a: Flutter Mane\n|-end|p1a: Flutter Mane|Protosynthesis|[silent]\n|\n|upkeep\n|-message|smhpundeh forfeited.\n|\n|win|zany394\n|raw|smhpundeh's rating: 1209 &rarr; <strong>1188<\/strong><br \/>(-21 for losing)\n|raw|zany394's rating: 1264 &rarr; <strong>1285<\/strong><br \/>(+21 for winning)\n|l|\u203dsmhpundeh\n","uploadtime":1698273914,"views":12,"p1id":"smhpundeh","p2id":"zany394","formatid":"gen9anythinggoes","rating":1188,"private":0,"password":""}