{"id":"gen9anythinggoes-1986884473","p1":"Thisisnyxoy","p2":"DiffusionDiff","format":"[Gen 9] Anything Goes","log":"|j|\u2606Thisisnyxoy\n|j|\u2606DiffusionDiff\n|t:|1699537662\n|gametype|singles\n|player|p1|Thisisnyxoy|unknownf|1170\n|player|p2|DiffusionDiff|riley|1261\n|teamsize|p1|6\n|teamsize|p2|6\n|gen|9\n|tier|[Gen 9] Anything Goes\n|rated|\n|rule|HP Percentage Mod: HP is shown in percentages\n|rule|Endless Battle Clause: Forcing endless battles is banned\n|clearpoke\n|poke|p1|Espathra, F|\n|poke|p1|Shaymin-Sky|\n|poke|p1|Zacian-*|\n|poke|p1|Forretress, M|\n|poke|p1|Calyrex-Shadow|\n|poke|p1|Garganacl, M|\n|poke|p2|Maushold-Four|\n|poke|p2|Flutter Mane|\n|poke|p2|Miraidon|\n|poke|p2|Rabsca, M|\n|poke|p2|Garganacl, F|\n|poke|p2|Houndstone, M|\n|teampreview\n|inactive|Battle timer is ON: inactive players will automatically lose when time's up. (requested by Thisisnyxoy)\n|inactive|Thisisnyxoy has 120 seconds left.\n|\n|t:|1699537699\n|start\n|switch|p1a: Calyrex|Calyrex-Shadow|100\/100\n|switch|p2a: Maushold|Maushold-Four|100\/100\n|-ability|p1a: Calyrex|As One\n|-ability|p1a: Calyrex|Unnerve\n|turn|1\n|\n|t:|1699537707\n|switch|p1a: 911|Garganacl, M, shiny|100\/100\n|move|p2a: Maushold|Tidy Up|p2a: Maushold\n|-boost|p2a: Maushold|atk|1\n|-boost|p2a: Maushold|spe|1\n|\n|upkeep\n|turn|2\n|\n|t:|1699537750\n|move|p2a: Maushold|Baton Pass|p2a: Maushold\n|\n|t:|1699537752\n|switch|p2a: SSSReplacement|Garganacl, F, shiny|100\/100|[from] Baton Pass\n|move|p1a: 911|Fissure|p2a: SSSReplacement|[miss]\n|-miss|p1a: 911|p2a: SSSReplacement\n|\n|upkeep\n|turn|3\n|\n|t:|1699537767\n|move|p1a: 911|Fissure|p2a: SSSReplacement\n|-damage|p2a: SSSReplacement|0 fnt\n|faint|p2a: SSSReplacement\n|-ohko\n|\n|upkeep\n|\n|t:|1699537772\n|switch|p2a: Maushold|Maushold-Four|100\/100\n|turn|4\n|\n|t:|1699537782\n|move|p2a: Maushold|Population Bomb|p1a: 911|[miss]\n|-miss|p2a: Maushold|p1a: 911\n|move|p1a: 911|Iron Defense|p1a: 911\n|-boost|p1a: 911|def|2\n|\n|upkeep\n|turn|5\n|inactive|Thisisnyxoy has 120 seconds left.\n|\n|t:|1699537839\n|move|p2a: Maushold|Encore|p1a: 911\n|-start|p1a: 911|Encore\n|move|p1a: 911|Iron Defense|p1a: 911\n|-boost|p1a: 911|def|2\n|\n|upkeep\n|turn|6\n|\n|t:|1699537843\n|move|p2a: Maushold|Tidy Up|p2a: Maushold\n|-boost|p2a: Maushold|atk|1\n|-boost|p2a: Maushold|spe|1\n|move|p1a: 911|Iron Defense|p1a: 911\n|-boost|p1a: 911|def|2\n|\n|upkeep\n|turn|7\n|\n|t:|1699537846\n|move|p2a: Maushold|Tidy Up|p2a: Maushold\n|-boost|p2a: Maushold|atk|1\n|-boost|p2a: Maushold|spe|1\n|move|p1a: 911|Iron Defense|p1a: 911\n|-boost|p1a: 911|def|0\n|\n|-end|p1a: 911|Encore\n|upkeep\n|turn|8\n|inactive|Thisisnyxoy has 120 seconds left.\n|\n|t:|1699537853\n|move|p2a: Maushold|Encore|p1a: 911\n|-start|p1a: 911|Encore\n|move|p1a: 911|Iron Defense|p1a: 911\n|-boost|p1a: 911|def|0\n|\n|upkeep\n|turn|9\n|\n|t:|1699537856\n|move|p2a: Maushold|Tidy Up|p2a: Maushold\n|-boost|p2a: Maushold|atk|1\n|-boost|p2a: Maushold|spe|1\n|move|p1a: 911|Iron Defense|p1a: 911\n|-boost|p1a: 911|def|0\n|\n|upkeep\n|turn|10\n|\n|t:|1699537861\n|move|p2a: Maushold|Tidy Up|p2a: Maushold\n|-boost|p2a: Maushold|atk|1\n|-boost|p2a: Maushold|spe|1\n|move|p1a: 911|Iron Defense|p1a: 911\n|-boost|p1a: 911|def|0\n|\n|-end|p1a: 911|Encore\n|upkeep\n|turn|11\n|\n|t:|1699537863\n|move|p2a: Maushold|Encore|p1a: 911\n|-start|p1a: 911|Encore\n|move|p1a: 911|Iron Defense|p1a: 911\n|-boost|p1a: 911|def|0\n|\n|upkeep\n|turn|12\n|-message|Thisisnyxoy forfeited.\n|\n|win|DiffusionDiff\n|raw|Thisisnyxoy's rating: 1170 &rarr; <strong>1151<\/strong><br \/>(-19 for losing)\n|raw|DiffusionDiff's rating: 1261 &rarr; <strong>1280<\/strong><br \/>(+19 for winning)\n|l|\u2606Thisisnyxoy\n","uploadtime":1699537870,"views":4,"p1id":"thisisnyxoy","p2id":"diffusiondiff","formatid":"gen9anythinggoes","rating":1151,"private":0,"password":""}