{"id":"gen9anythinggoes-1984120714","p1":"TheNoM","p2":"zuhydryh","format":"[Gen 9] Anything Goes","log":"|j|\u2606TheNoM\n|j|\u2606zuhydryh\n|t:|1699220824\n|gametype|singles\n|player|p1|TheNoM|plasmagrunt-gen5bw|\n|player|p2|zuhydryh|101|\n|teamsize|p1|6\n|teamsize|p2|6\n|gen|9\n|tier|[Gen 9] Anything Goes\n|rule|HP Percentage Mod: HP is shown in percentages\n|rule|Endless Battle Clause: Forcing endless battles is banned\n|clearpoke\n|poke|p1|Slowking-Galar, M|\n|poke|p1|Iron Valiant|\n|poke|p1|Mamoswine, F|\n|poke|p1|Annihilape, M|\n|poke|p1|Ursaluna-Bloodmoon, M|\n|poke|p1|Corviknight, F|\n|poke|p2|Blissey, F|\n|poke|p2|Lokix, F|\n|poke|p2|Maushold|\n|poke|p2|Medicham, M|\n|poke|p2|Pawmot, M|\n|poke|p2|Hippowdon, M|\n|teampreview\n|j| Yuh Boy Steve\n|\n|t:|1699220836\n|start\n|switch|p1a: Black Mage!|Slowking-Galar, M, shiny|100\/100\n|switch|p2a: Jonno pikachu|Pawmot, M, shiny|100\/100\n|turn|1\n|inactive|Battle timer is ON: inactive players will automatically lose when time's up. (requested by zuhydryh)\n|\n|t:|1699220854\n|-terastallize|p2a: Jonno pikachu|Electric\n|move|p2a: Jonno pikachu|Double Shock|p1a: Black Mage!\n|-damage|p1a: Black Mage!|0 fnt\n|-start|p2a: Jonno pikachu|typechange|Electric|[from] move: Double Shock\n|faint|p1a: Black Mage!\n|\n|upkeep\n|\n|t:|1699220864\n|switch|p1a: Moomooswine|Mamoswine, F|100\/100\n|turn|2\n|\n|t:|1699220886\n|switch|p2a: Blissey|Blissey, F|100\/100\n|move|p1a: Moomooswine|Protect||[still]\n|-fail|p1a: Moomooswine\n|\n|upkeep\n|turn|3\n|\n|t:|1699220906\n|switch|p1a: A Bird|Corviknight, F, shiny|100\/100\n|-ability|p1a: A Bird|Pressure\n|move|p2a: Blissey|Defense Curl|p2a: Blissey\n|-boost|p2a: Blissey|def|1\n|\n|upkeep\n|turn|4\n|\n|t:|1699220924\n|move|p1a: A Bird|Brave Bird|p2a: Blissey\n|-damage|p2a: Blissey|67\/100\n|-damage|p1a: A Bird|81\/100|[from] Recoil\n|move|p2a: Blissey|Defense Curl|p2a: Blissey\n|-boost|p2a: Blissey|def|1\n|\n|-heal|p2a: Blissey|73\/100|[from] item: Leftovers\n|upkeep\n|turn|5\n|\n|t:|1699220934\n|move|p1a: A Bird|U-turn|p2a: Blissey\n|-damage|p2a: Blissey|64\/100\n|\n|t:|1699220938\n|switch|p1a: A Bear?|Ursaluna-Bloodmoon, M|100\/100|[from] U-turn\n|move|p2a: Blissey|Defense Curl|p2a: Blissey\n|-boost|p2a: Blissey|def|1\n|\n|-heal|p2a: Blissey|70\/100|[from] item: Leftovers\n|upkeep\n|turn|6\n|\n|t:|1699220954\n|move|p2a: Blissey|Calm Mind|p2a: Blissey\n|-boost|p2a: Blissey|spa|1\n|-boost|p2a: Blissey|spd|1\n|move|p1a: A Bear?|Calm Mind|p1a: A Bear?\n|-boost|p1a: A Bear?|spa|1\n|-boost|p1a: A Bear?|spd|1\n|\n|-heal|p2a: Blissey|76\/100|[from] item: Leftovers\n|upkeep\n|turn|7\n|inactive|TheNoM has 270 seconds left.\n|\n|t:|1699220976\n|move|p2a: Blissey|Calm Mind|p2a: Blissey\n|-boost|p2a: Blissey|spa|1\n|-boost|p2a: Blissey|spd|1\n|move|p1a: A Bear?|Blood Moon|p2a: Blissey\n|-damage|p2a: Blissey|55\/100\n|\n|-heal|p2a: Blissey|61\/100|[from] item: Leftovers\n|upkeep\n|turn|8\n|inactive|TheNoM has 270 seconds left.\n|\n|t:|1699220987\n|switch|p1a: Iron Valium|Iron Valiant|100\/100\n|-enditem|p1a: Iron Valium|Booster Energy\n|-activate|p1a: Iron Valium|ability: Quark Drive|[fromitem]\n|-start|p1a: Iron Valium|quarkdrivespe\n|move|p2a: Blissey|Calm Mind|p2a: Blissey\n|-boost|p2a: Blissey|spa|1\n|-boost|p2a: Blissey|spd|1\n|\n|-heal|p2a: Blissey|67\/100|[from] item: Leftovers\n|upkeep\n|turn|9\n|inactive|TheNoM has 270 seconds left.\n|\n|t:|1699221000\n|move|p1a: Iron Valium|Knock Off|p2a: Blissey\n|-damage|p2a: Blissey|56\/100\n|-enditem|p2a: Blissey|Leftovers|[from] move: Knock Off|[of] p1a: Iron Valium\n|move|p2a: Blissey|Defense Curl|p2a: Blissey\n|-boost|p2a: Blissey|def|1\n|\n|upkeep\n|turn|10\n|\n|t:|1699221009\n|move|p1a: Iron Valium|Drain Punch|p2a: Blissey\n|-supereffective|p2a: Blissey\n|-damage|p2a: Blissey|31\/100\n|move|p2a: Blissey|Calm Mind|p2a: Blissey\n|-boost|p2a: Blissey|spa|1\n|-boost|p2a: Blissey|spd|1\n|\n|upkeep\n|turn|11\n|\n|t:|1699221017\n|move|p1a: Iron Valium|Drain Punch|p2a: Blissey\n|-supereffective|p2a: Blissey\n|-damage|p2a: Blissey|10\/100\n|move|p2a: Blissey|Soft-Boiled|p2a: Blissey\n|-heal|p2a: Blissey|60\/100\n|\n|upkeep\n|turn|12\n|\n|t:|1699221028\n|move|p1a: Iron Valium|Drain Punch|p2a: Blissey\n|-supereffective|p2a: Blissey\n|-damage|p2a: Blissey|36\/100\n|move|p2a: Blissey|Soft-Boiled|p2a: Blissey\n|-heal|p2a: Blissey|86\/100\n|\n|upkeep\n|turn|13\n|\n|t:|1699221035\n|move|p1a: Iron Valium|Drain Punch|p2a: Blissey\n|-supereffective|p2a: Blissey\n|-damage|p2a: Blissey|63\/100\n|move|p2a: Blissey|Defense Curl|p2a: Blissey\n|-boost|p2a: Blissey|def|1\n|\n|upkeep\n|turn|14\n|\n|t:|1699221046\n|move|p1a: Iron Valium|Drain Punch|p2a: Blissey\n|-supereffective|p2a: Blissey\n|-damage|p2a: Blissey|44\/100\n|move|p2a: Blissey|Defense Curl|p2a: Blissey\n|-boost|p2a: Blissey|def|1\n|\n|upkeep\n|turn|15\n|\n|t:|1699221060\n|move|p1a: Iron Valium|Drain Punch|p2a: Blissey\n|-supereffective|p2a: Blissey\n|-damage|p2a: Blissey|28\/100\n|move|p2a: Blissey|Soft-Boiled|p2a: Blissey\n|-heal|p2a: Blissey|78\/100\n|\n|upkeep\n|turn|16\n|\n|t:|1699221069\n|move|p1a: Iron Valium|Drain Punch|p2a: Blissey\n|-supereffective|p2a: Blissey\n|-damage|p2a: Blissey|62\/100\n|move|p2a: Blissey|Stored Power|p1a: Iron Valium\n|-supereffective|p1a: Iron Valium\n|-damage|p1a: Iron Valium|0 fnt\n|faint|p1a: Iron Valium\n|-end|p1a: Iron Valium|Quark Drive|[silent]\n|\n|upkeep\n|\n|t:|1699221089\n|switch|p1a: A Bear?|Ursaluna-Bloodmoon, M|100\/100\n|turn|17\n|\n|t:|1699221096\n|move|p1a: A Bear?|Protect|p1a: A Bear?\n|-singleturn|p1a: A Bear?|Protect\n|move|p2a: Blissey|Stored Power|p1a: A Bear?\n|-activate|p1a: A Bear?|move: Protect\n|\n|upkeep\n|turn|18\n|\n|t:|1699221103\n|move|p1a: A Bear?|Protect|p1a: A Bear?\n|-singleturn|p1a: A Bear?|Protect\n|move|p2a: Blissey|Stored Power|p1a: A Bear?\n|-activate|p1a: A Bear?|move: Protect\n|\n|upkeep\n|turn|19\n|\n|t:|1699221120\n|switch|p1a: A Bird|Corviknight, F, shiny|81\/100\n|-ability|p1a: A Bird|Pressure\n|move|p2a: Blissey|Stored Power|p1a: A Bird\n|-resisted|p1a: A Bird\n|-damage|p1a: A Bird|8\/100\n|\n|upkeep\n|turn|20\n|\n|t:|1699221133\n|move|p1a: A Bird|U-turn|p2a: Blissey\n|-damage|p2a: Blissey|58\/100\n|\n|t:|1699221138\n|switch|p1a: Moomooswine|Mamoswine, F|100\/100|[from] U-turn\n|move|p2a: Blissey|Stored Power|p1a: Moomooswine\n|-damage|p1a: Moomooswine|0 fnt\n|faint|p1a: Moomooswine\n|\n|upkeep\n|\n|t:|1699221156\n|switch|p1a: A Bear?|Ursaluna-Bloodmoon, M|100\/100\n|turn|21\n|\n|t:|1699221160\n|move|p1a: A Bear?|Protect|p1a: A Bear?\n|-singleturn|p1a: A Bear?|Protect\n|move|p2a: Blissey|Stored Power|p1a: A Bear?\n|-activate|p1a: A Bear?|move: Protect\n|\n|upkeep\n|turn|22\n|\n|t:|1699221167\n|move|p1a: A Bear?|Protect||[still]\n|-fail|p1a: A Bear?\n|move|p2a: Blissey|Stored Power|p1a: A Bear?\n|-damage|p1a: A Bear?|0 fnt\n|faint|p1a: A Bear?\n|\n|upkeep\n|\n|t:|1699221174\n|switch|p1a: A Bird|Corviknight, F, shiny|8\/100\n|-ability|p1a: A Bird|Pressure\n|turn|23\n|\n|t:|1699221183\n|move|p1a: A Bird|Brave Bird|p2a: Blissey\n|-damage|p2a: Blissey|45\/100\n|-damage|p1a: A Bird|0 fnt|[from] Recoil\n|faint|p1a: A Bird\n|move|p2a: Blissey|Stored Power|p1: A Bird|[notarget]\n|-fail|p2a: Blissey\n|\n|upkeep\n|\n|t:|1699221191\n|switch|p1a: Grunk|Annihilape, M|100\/100\n|-item|p1a: Grunk|Air Balloon\n|turn|24\n|\n|t:|1699221203\n|-terastallize|p1a: Grunk|Fighting\n|move|p1a: Grunk|Drain Punch|p2a: Blissey\n|-supereffective|p2a: Blissey\n|-damage|p2a: Blissey|20\/100\n|move|p2a: Blissey|Stored Power|p1a: Grunk\n|-supereffective|p1a: Grunk\n|-damage|p1a: Grunk|0 fnt\n|-enditem|p1a: Grunk|Air Balloon\n|faint|p1a: Grunk\n|\n|win|zuhydryh\n|l|\u2606TheNoM\n","uploadtime":1699221222,"views":3,"p1id":"thenom","p2id":"zuhydryh","formatid":"gen9anythinggoes","rating":0,"private":0,"password":""}