{"id":"gen9anythinggoes-1990235575","p1":"Fred64303","p2":"Bonchingo","format":"[Gen 9] Anything Goes","log":"|j|\u2606Fred64303\n|j|\u2606Bonchingo\n|t:|1699941960\n|gametype|singles\n|player|p1|Fred64303|lucas|1141\n|player|p2|Bonchingo|swimmer-gen4dp|1016\n|teamsize|p1|6\n|teamsize|p2|6\n|gen|9\n|tier|[Gen 9] Anything Goes\n|rated|\n|rule|HP Percentage Mod: HP is shown in percentages\n|rule|Endless Battle Clause: Forcing endless battles is banned\n|clearpoke\n|poke|p1|Talonflame, M|\n|poke|p1|Heracross, M|\n|poke|p1|Calyrex-Shadow|\n|poke|p1|Scizor, M|\n|poke|p1|Empoleon, M|\n|poke|p1|Garchomp, M|\n|poke|p2|Espeon, F|\n|poke|p2|Zacian-*|\n|poke|p2|Scizor, M|\n|poke|p2|Maushold|\n|poke|p2|Annihilape, M|\n|poke|p2|Drifblim, M|\n|teampreview\n|inactive|Battle timer is ON: inactive players will automatically lose when time's up. (requested by Fred64303)\n|\n|t:|1699941968\n|start\n|switch|p1a: Talonflame|Talonflame, M, shiny|100\/100\n|switch|p2a: Dylan|Annihilape, M, shiny|100\/100\n|turn|1\n|\n|t:|1699941980\n|move|p1a: Talonflame|Dual Wingbeat|p2a: Dylan\n|-supereffective|p2a: Dylan\n|-damage|p2a: Dylan|42\/100\n|-supereffective|p2a: Dylan\n|-damage|p2a: Dylan|0 fnt\n|faint|p2a: Dylan\n|-hitcount|p2: Dylan|2\n|\n|upkeep\n|\n|t:|1699941990\n|switch|p2a: The Clear Coat|Drifblim, M, shiny|100\/100\n|turn|2\n|\n|t:|1699941994\n|switch|p1a: Scizor|Scizor, M|100\/100\n|move|p2a: The Clear Coat|Minimize|p2a: The Clear Coat\n|-boost|p2a: The Clear Coat|evasion|2\n|\n|upkeep\n|turn|3\n|\n|t:|1699942001\n|move|p2a: The Clear Coat|Minimize|p2a: The Clear Coat\n|-boost|p2a: The Clear Coat|evasion|2\n|move|p1a: Scizor|Aerial Ace|p2a: The Clear Coat\n|-damage|p2a: The Clear Coat|54\/100\n|\n|-heal|p2a: The Clear Coat|60\/100|[from] item: Leftovers\n|upkeep\n|turn|4\n|\n|t:|1699942010\n|move|p2a: The Clear Coat|Minimize|p2a: The Clear Coat\n|-boost|p2a: The Clear Coat|evasion|2\n|move|p1a: Scizor|Aerial Ace|p2a: The Clear Coat\n|-damage|p2a: The Clear Coat|18\/100\n|\n|-heal|p2a: The Clear Coat|24\/100|[from] item: Leftovers\n|upkeep\n|turn|5\n|\n|t:|1699942023\n|move|p2a: The Clear Coat|Baton Pass|p2a: The Clear Coat\n|\n|t:|1699942029\n|switch|p2a: The Cell|Scizor, M, shiny|100\/100|[from] Baton Pass\n|move|p1a: Scizor|Aerial Ace|p2a: The Cell\n|-damage|p2a: The Cell|54\/100\n|\n|upkeep\n|turn|6\n|\n|t:|1699942037\n|move|p2a: The Cell|Iron Defense|p2a: The Cell\n|-boost|p2a: The Cell|def|2\n|move|p1a: Scizor|Aerial Ace|p2a: The Cell\n|-damage|p2a: The Cell|30\/100\n|\n|upkeep\n|turn|7\n|\n|t:|1699942044\n|move|p1a: Scizor|Aerial Ace|p2a: The Cell\n|-damage|p2a: The Cell|4\/100\n|move|p2a: The Cell|Baton Pass|p2a: The Cell\n|\n|t:|1699942054\n|switch|p2a: The Greed|Espeon, F, shiny|100\/100|[from] Baton Pass\n|\n|upkeep\n|turn|8\n|\n|t:|1699942063\n|move|p2a: The Greed|Stored Power|p1a: Scizor\n|-resisted|p1a: Scizor\n|-damage|p1a: Scizor|40\/100\n|move|p1a: Scizor|Aerial Ace|p2a: The Greed\n|-damage|p2a: The Greed|67\/100\n|\n|-heal|p2a: The Greed|73\/100|[from] item: Leftovers\n|upkeep\n|turn|9\n|\n|t:|1699942079\n|switch|p1a: Talonflame|Talonflame, M, shiny|100\/100\n|move|p2a: The Greed|Stored Power|p1a: Talonflame\n|-damage|p1a: Talonflame|0 fnt\n|faint|p1a: Talonflame\n|\n|-heal|p2a: The Greed|79\/100|[from] item: Leftovers\n|upkeep\n|\n|t:|1699942089\n|switch|p1a: Scizor|Scizor, M|40\/100\n|turn|10\n|\n|t:|1699942093\n|move|p1a: Scizor|Bullet Punch|p2a: The Greed|[miss]\n|-miss|p1a: Scizor|p2a: The Greed\n|move|p2a: The Greed|Calm Mind|p2a: The Greed\n|-boost|p2a: The Greed|spa|1\n|-boost|p2a: The Greed|spd|1\n|\n|-heal|p2a: The Greed|85\/100|[from] item: Leftovers\n|upkeep\n|turn|11\n|\n|t:|1699942102\n|move|p1a: Scizor|Bullet Punch|p2a: The Greed|[miss]\n|-miss|p1a: Scizor|p2a: The Greed\n|move|p2a: The Greed|Stored Power|p1a: Scizor\n|-resisted|p1a: Scizor\n|-damage|p1a: Scizor|0 fnt\n|faint|p1a: Scizor\n|\n|-heal|p2a: The Greed|91\/100|[from] item: Leftovers\n|upkeep\n|\n|t:|1699942111\n|switch|p1a: Heracross|Heracross, M|100\/100\n|turn|12\n|\n|t:|1699942116\n|-terastallize|p2a: The Greed|Psychic\n|move|p2a: The Greed|Stored Power|p1a: Heracross\n|-supereffective|p1a: Heracross\n|-damage|p1a: Heracross|0 fnt\n|faint|p1a: Heracross\n|\n|-heal|p2a: The Greed|97\/100|[from] item: Leftovers\n|upkeep\n|\n|t:|1699942126\n|switch|p1a: Garchomp|Garchomp, M|100\/100\n|turn|13\n|\n|t:|1699942130\n|move|p2a: The Greed|Stored Power|p1a: Garchomp\n|-damage|p1a: Garchomp|0 fnt\n|faint|p1a: Garchomp\n|\n|-heal|p2a: The Greed|100\/100|[from] item: Leftovers\n|upkeep\n|\n|t:|1699942139\n|switch|p1a: Calyrex|Calyrex-Shadow|100\/100\n|-ability|p1a: Calyrex|As One\n|-ability|p1a: Calyrex|Unnerve\n|turn|14\n|\n|t:|1699942146\n|move|p1a: Calyrex|Astral Barrage|p2a: The Greed|[miss]\n|-miss|p1a: Calyrex|p2a: The Greed\n|move|p2a: The Greed|Stored Power|p1a: Calyrex\n|-resisted|p1a: Calyrex\n|-damage|p1a: Calyrex|9\/100\n|\n|upkeep\n|turn|15\n|\n|t:|1699942165\n|move|p1a: Calyrex|Astral Barrage|p2a: The Greed|[miss]\n|-miss|p1a: Calyrex|p2a: The Greed\n|move|p2a: The Greed|Stored Power|p1a: Calyrex\n|-resisted|p1a: Calyrex\n|-damage|p1a: Calyrex|0 fnt\n|faint|p1a: Calyrex\n|\n|upkeep\n|\n|t:|1699942175\n|switch|p1a: Empoleon|Empoleon, M|100\/100\n|turn|16\n|\n|t:|1699942182\n|move|p2a: The Greed|Stored Power|p1a: Empoleon\n|-resisted|p1a: Empoleon\n|-damage|p1a: Empoleon|12\/100\n|move|p1a: Empoleon|Ice Beam|p2a: The Greed\n|-damage|p2a: The Greed|79\/100\n|\n|-heal|p2a: The Greed|85\/100|[from] item: Leftovers\n|upkeep\n|turn|17\n|\n|t:|1699942192\n|move|p2a: The Greed|Baton Pass|p2a: The Greed\n|\n|t:|1699942194\n|switch|p2a: The Sword|Zacian-Crowned|100\/100|[from] Baton Pass\n|-ability|p2a: The Sword|Intrepid Sword|boost\n|-boost|p2a: The Sword|atk|1\n|move|p1a: Empoleon|Chilling Water|p2a: The Sword|[miss]\n|-miss|p1a: Empoleon|p2a: The Sword\n|\n|upkeep\n|turn|18\n|\n|t:|1699942212\n|move|p2a: The Sword|Sacred Sword|p1a: Empoleon\n|-supereffective|p1a: Empoleon\n|-damage|p1a: Empoleon|0 fnt\n|-damage|p2a: The Sword|84\/100|[from] item: Rocky Helmet|[of] p1a: Empoleon\n|faint|p1a: Empoleon\n|\n|win|Bonchingo\n|raw|Fred64303's rating: 1141 &rarr; <strong>1107<\/strong><br \/>(-34 for losing)\n|raw|Bonchingo's rating: 1016 &rarr; <strong>1067<\/strong><br \/>(+51 for winning)\n|l|\u2606Fred64303\n","uploadtime":1699942223,"views":9,"p1id":"fred64303","p2id":"bonchingo","formatid":"gen9anythinggoes","rating":1067,"private":0,"password":""}