{"id":"gen9anythinggoes-1972849110","p1":"epicArcanine111","p2":"tan_yel","format":"[Gen 9] Anything Goes","log":"|j|\u2606epicArcanine111\n|j|\u2606tan_yel\n|t:|1697901954\n|gametype|singles\n|player|p1|epicArcanine111|clown|1586\n|player|p2|tan_yel|101|1512\n|teamsize|p1|6\n|teamsize|p2|6\n|gen|9\n|tier|[Gen 9] Anything Goes\n|rated|\n|rule|HP Percentage Mod: HP is shown in percentages\n|rule|Endless Battle Clause: Forcing endless battles is banned\n|clearpoke\n|poke|p1|Clodsire, F|\n|poke|p1|Alomomola, M|\n|poke|p1|Flutter Mane|\n|poke|p1|Arceus-Dark|\n|poke|p1|Arceus|\n|poke|p1|Calyrex-Shadow|\n|poke|p2|Calyrex-Shadow|\n|poke|p2|Garganacl, F|\n|poke|p2|Clodsire, M|\n|poke|p2|Kyogre|\n|poke|p2|Toxapex, F|\n|poke|p2|Eternatus|\n|teampreview\n|inactive|Battle timer is ON: inactive players will automatically lose when time's up. (requested by epicArcanine111)\n|\n|t:|1697901970\n|start\n|switch|p1a: Flutter Mane|Flutter Mane|100\/100\n|switch|p2a: Clodsire|Clodsire, M|100\/100\n|turn|1\n|\n|t:|1697901983\n|-terastallize|p2a: Clodsire|Water\n|move|p1a: Flutter Mane|Psyshock|p2a: Clodsire\n|-damage|p2a: Clodsire|67\/100\n|move|p2a: Clodsire|Toxic|p1a: Flutter Mane\n|-status|p1a: Flutter Mane|tox\n|\n|-heal|p2a: Clodsire|73\/100|[from] item: Leftovers\n|-damage|p1a: Flutter Mane|94\/100 tox|[from] psn\n|upkeep\n|turn|2\n|\n|t:|1697901988\n|move|p1a: Flutter Mane|Thunderbolt|p2a: Clodsire\n|-supereffective|p2a: Clodsire\n|-damage|p2a: Clodsire|39\/100\n|move|p2a: Clodsire|Recover|p2a: Clodsire\n|-heal|p2a: Clodsire|89\/100\n|\n|-heal|p2a: Clodsire|96\/100|[from] item: Leftovers\n|-damage|p1a: Flutter Mane|82\/100 tox|[from] psn\n|upkeep\n|turn|3\n|\n|t:|1697901998\n|-end|p1a: Flutter Mane|Protosynthesis|[silent]\n|switch|p1a: Clodsire|Clodsire, F|100\/100\n|move|p2a: Clodsire|Toxic Spikes|p1a: Clodsire\n|-sidestart|p1: epicArcanine111|move: Toxic Spikes\n|\n|-heal|p2a: Clodsire|100\/100|[from] item: Leftovers\n|upkeep\n|turn|4\n|\n|t:|1697902005\n|switch|p2a: Toxapex|Toxapex, F|100\/100\n|move|p1a: Clodsire|Toxic|p2a: Toxapex\n|-immune|p2a: Toxapex\n|\n|upkeep\n|turn|5\n|\n|t:|1697902014\n|switch|p2a: Garganacl|Garganacl, F|100\/100\n|move|p1a: Clodsire|Spikes|p2a: Garganacl\n|-sidestart|p2: tan_yel|Spikes\n|\n|upkeep\n|turn|6\n|\n|t:|1697902022\n|switch|p1a: Arceus|Arceus|100\/100\n|move|p2a: Garganacl|Salt Cure|p1a: Arceus\n|-damage|p1a: Arceus|91\/100\n|-start|p1a: Arceus|Salt Cure\n|\n|-damage|p1a: Arceus|78\/100|[from] Salt Cure\n|upkeep\n|turn|7\n|\n|t:|1697902027\n|switch|p1a: Clodsire|Clodsire, F|100\/100\n|-sideend|p1: epicArcanine111|move: Toxic Spikes|[of] p1a: Clodsire\n|move|p2a: Garganacl|Iron Defense|p2a: Garganacl\n|-boost|p2a: Garganacl|def|2\n|\n|upkeep\n|turn|8\n|\n|t:|1697902036\n|move|p2a: Garganacl|Salt Cure|p1a: Clodsire\n|-resisted|p1a: Clodsire\n|-damage|p1a: Clodsire|93\/100\n|-start|p1a: Clodsire|Salt Cure\n|move|p1a: Clodsire|Spikes|p2a: Garganacl\n|-sidestart|p2: tan_yel|Spikes\n|\n|-heal|p1a: Clodsire|99\/100|[from] item: Leftovers\n|-damage|p1a: Clodsire|87\/100|[from] Salt Cure\n|upkeep\n|turn|9\n|\n|t:|1697902041\n|move|p2a: Garganacl|Body Press|p1a: Clodsire\n|-resisted|p1a: Clodsire\n|-damage|p1a: Clodsire|57\/100\n|move|p1a: Clodsire|Spikes|p2a: Garganacl\n|-sidestart|p2: tan_yel|Spikes\n|\n|-heal|p1a: Clodsire|63\/100|[from] item: Leftovers\n|-damage|p1a: Clodsire|50\/100|[from] Salt Cure\n|upkeep\n|turn|10\n|\n|t:|1697902044\n|switch|p1a: Calyrex|Calyrex-Shadow|100\/100\n|-ability|p1a: Calyrex|As One\n|-ability|p1a: Calyrex|Unnerve\n|move|p2a: Garganacl|Body Press|p1a: Calyrex\n|-immune|p1a: Calyrex\n|\n|upkeep\n|turn|11\n|\n|t:|1697902053\n|move|p1a: Calyrex|Grass Knot|p2a: Garganacl\n|-supereffective|p2a: Garganacl\n|-damage|p2a: Garganacl|8\/100\n|-damage|p1a: Calyrex|84\/100|[from] item: Rocky Helmet|[of] p2a: Garganacl\n|move|p2a: Garganacl|Salt Cure|p1a: Calyrex\n|-damage|p1a: Calyrex|66\/100\n|-start|p1a: Calyrex|Salt Cure\n|\n|-damage|p1a: Calyrex|54\/100|[from] Salt Cure\n|upkeep\n|turn|12\n|\n|t:|1697902062\n|switch|p1a: Clodsire|Clodsire, F|50\/100\n|move|p2a: Garganacl|Salt Cure|p1a: Clodsire\n|-resisted|p1a: Clodsire\n|-damage|p1a: Clodsire|43\/100\n|-start|p1a: Clodsire|Salt Cure\n|\n|-heal|p1a: Clodsire|49\/100|[from] item: Leftovers\n|-damage|p1a: Clodsire|37\/100|[from] Salt Cure\n|upkeep\n|turn|13\n|\n|t:|1697902067\n|move|p2a: Garganacl|Body Press|p1a: Clodsire\n|-resisted|p1a: Clodsire\n|-damage|p1a: Clodsire|6\/100\n|move|p1a: Clodsire|Recover|p1a: Clodsire\n|-heal|p1a: Clodsire|56\/100\n|\n|-heal|p1a: Clodsire|62\/100|[from] item: Leftovers\n|-damage|p1a: Clodsire|49\/100|[from] Salt Cure\n|upkeep\n|turn|14\n|\n|t:|1697902073\n|move|p2a: Garganacl|Salt Cure|p1a: Clodsire\n|-resisted|p1a: Clodsire\n|-damage|p1a: Clodsire|42\/100\n|move|p1a: Clodsire|Recover|p1a: Clodsire\n|-heal|p1a: Clodsire|92\/100\n|\n|-heal|p1a: Clodsire|99\/100|[from] item: Leftovers\n|-damage|p1a: Clodsire|86\/100|[from] Salt Cure\n|upkeep\n|turn|15\n|\n|t:|1697902079\n|move|p2a: Garganacl|Recover|p2a: Garganacl\n|-heal|p2a: Garganacl|58\/100\n|move|p1a: Clodsire|Earthquake|p2a: Garganacl\n|-supereffective|p2a: Garganacl\n|-damage|p2a: Garganacl|45\/100\n|\n|-heal|p1a: Clodsire|92\/100|[from] item: Leftovers\n|-damage|p1a: Clodsire|80\/100|[from] Salt Cure\n|upkeep\n|turn|16\n|\n|t:|1697902084\n|switch|p1a: Alomomola|Alomomola, M|100\/100\n|move|p2a: Garganacl|Recover|p2a: Garganacl\n|-heal|p2a: Garganacl|95\/100\n|\n|upkeep\n|turn|17\n|\n|t:|1697902089\n|switch|p1a: Calyrex|Calyrex-Shadow|54\/100\n|-ability|p1a: Calyrex|As One\n|-ability|p1a: Calyrex|Unnerve\n|switch|p2a: Toxapex|Toxapex, F|100\/100\n|-damage|p2a: Toxapex|75\/100|[from] Spikes\n|\n|-heal|p2a: Toxapex|82\/100|[from] item: Black Sludge\n|upkeep\n|turn|18\n|\n|t:|1697902095\n|move|p2a: Toxapex|Baneful Bunker|p2a: Toxapex\n|-singleturn|p2a: Toxapex|move: Protect\n|move|p1a: Calyrex|Psychic|p2a: Toxapex\n|-activate|p2a: Toxapex|move: Protect\n|\n|-heal|p2a: Toxapex|88\/100|[from] item: Black Sludge\n|upkeep\n|turn|19\n|\n|t:|1697902123\n|switch|p2a: Clodsire|Clodsire, M, tera:Water|100\/100\n|-damage|p2a: Clodsire|75\/100|[from] Spikes\n|move|p1a: Calyrex|Psychic|p2a: Clodsire\n|-damage|p2a: Clodsire|47\/100\n|\n|-heal|p2a: Clodsire|53\/100|[from] item: Leftovers\n|upkeep\n|turn|20\n|\n|t:|1697902138\n|switch|p1a: Clodsire|Clodsire, F|80\/100\n|move|p2a: Clodsire|Recover|p2a: Clodsire\n|-heal|p2a: Clodsire|100\/100\n|\n|-heal|p1a: Clodsire|86\/100|[from] item: Leftovers\n|upkeep\n|turn|21\n|\n|t:|1697902143\n|move|p2a: Clodsire|Earthquake|p1a: Clodsire\n|-supereffective|p1a: Clodsire\n|-damage|p1a: Clodsire|25\/100\n|move|p1a: Clodsire|Toxic|p2a: Clodsire\n|-status|p2a: Clodsire|tox\n|\n|-heal|p1a: Clodsire|32\/100|[from] item: Leftovers\n|-damage|p2a: Clodsire|94\/100 tox|[from] psn\n|upkeep\n|turn|22\n|\n|t:|1697902157\n|switch|p1a: Alomomola|Alomomola, M|100\/100\n|move|p2a: Clodsire|Earthquake|p1a: Alomomola\n|-damage|p1a: Alomomola|86\/100\n|\n|-heal|p2a: Clodsire|100\/100 tox|[from] item: Leftovers\n|-damage|p2a: Clodsire|88\/100 tox|[from] psn\n|upkeep\n|turn|23\n|\n|t:|1697902164\n|switch|p2a: Toxapex|Toxapex, F|100\/100\n|-damage|p2a: Toxapex|75\/100|[from] Spikes\n|move|p1a: Alomomola|Protect||[still]\n|-fail|p1a: Alomomola\n|\n|-heal|p2a: Toxapex|82\/100|[from] item: Black Sludge\n|upkeep\n|turn|24\n|\n|t:|1697902175\n|switch|p2a: Calyrex|Calyrex-Shadow|100\/100\n|-ability|p2a: Calyrex|As One\n|-ability|p2a: Calyrex|Unnerve\n|-damage|p2a: Calyrex|76\/100|[from] Spikes\n|move|p1a: Alomomola|Wish|p1a: Alomomola\n|\n|-heal|p2a: Calyrex|82\/100|[from] item: Leftovers\n|upkeep\n|turn|25\n|\n|t:|1697902181\n|switch|p1a: Arceus|Arceus-Dark|100\/100\n|move|p2a: Calyrex|Substitute|p2a: Calyrex\n|-start|p2a: Calyrex|Substitute\n|-damage|p2a: Calyrex|57\/100\n|\n|-heal|p2a: Calyrex|63\/100|[from] item: Leftovers\n|upkeep\n|turn|26\n|\n|t:|1697902186\n|move|p2a: Calyrex|Draining Kiss|p1a: Arceus\n|-supereffective|p1a: Arceus\n|-damage|p1a: Arceus|72\/100\n|-heal|p2a: Calyrex|91\/100|[from] drain|[of] p1a: Arceus\n|move|p1a: Arceus|Calm Mind|p1a: Arceus\n|-boost|p1a: Arceus|spa|1\n|-boost|p1a: Arceus|spd|1\n|\n|-heal|p2a: Calyrex|97\/100|[from] item: Leftovers\n|upkeep\n|turn|27\n|\n|t:|1697902191\n|move|p2a: Calyrex|Leech Seed|p1a: Arceus\n|-start|p1a: Arceus|move: Leech Seed\n|move|p1a: Arceus|Taunt|p2a: Calyrex\n|-start|p2a: Calyrex|move: Taunt\n|\n|-heal|p2a: Calyrex|100\/100|[from] item: Leftovers\n|-damage|p1a: Arceus|60\/100|[from] Leech Seed|[of] p2a: Calyrex\n|upkeep\n|turn|28\n|\n|t:|1697902195\n|move|p2a: Calyrex|Draining Kiss|p1a: Arceus\n|-supereffective|p1a: Arceus\n|-damage|p1a: Arceus|41\/100\n|move|p1a: Arceus|Judgment|p2a: Calyrex\n|-supereffective|p2a: Calyrex\n|-end|p2a: Calyrex|Substitute\n|\n|-damage|p1a: Arceus|28\/100|[from] Leech Seed|[of] p2a: Calyrex\n|upkeep\n|turn|29\n|\n|t:|1697902208\n|switch|p2a: Eternatus|Eternatus|100\/100\n|-damage|p2a: Eternatus|75\/100|[from] Spikes\n|-ability|p2a: Eternatus|Pressure\n|move|p1a: Arceus|Recover|p1a: Arceus\n|-heal|p1a: Arceus|78\/100\n|\n|-heal|p2a: Eternatus|82\/100|[from] item: Black Sludge\n|-damage|p1a: Arceus|66\/100|[from] Leech Seed|[of] p2a: Eternatus\n|-heal|p2a: Eternatus|93\/100|[silent]\n|upkeep\n|turn|30\n|\n|t:|1697902229\n|switch|p1a: Alomomola|Alomomola, M|100\/100\n|switch|p2a: Calyrex|Calyrex-Shadow|100\/100\n|-ability|p2a: Calyrex|As One\n|-ability|p2a: Calyrex|Unnerve\n|-damage|p2a: Calyrex|76\/100|[from] Spikes\n|\n|-heal|p2a: Calyrex|82\/100|[from] item: Leftovers\n|upkeep\n|turn|31\n|\n|t:|1697902237\n|switch|p1a: Arceus|Arceus-Dark|66\/100\n|move|p2a: Calyrex|Substitute|p2a: Calyrex\n|-start|p2a: Calyrex|Substitute\n|-damage|p2a: Calyrex|57\/100\n|\n|-heal|p2a: Calyrex|63\/100|[from] item: Leftovers\n|upkeep\n|turn|32\n|\n|t:|1697902243\n|move|p2a: Calyrex|Leech Seed|p1a: Arceus\n|-start|p1a: Arceus|move: Leech Seed\n|move|p1a: Arceus|Taunt|p2a: Calyrex\n|-start|p2a: Calyrex|move: Taunt\n|\n|-heal|p2a: Calyrex|69\/100|[from] item: Leftovers\n|-damage|p1a: Arceus|54\/100|[from] Leech Seed|[of] p2a: Calyrex\n|-heal|p2a: Calyrex|85\/100|[silent]\n|upkeep\n|turn|33\n|\n|t:|1697902250\n|move|p2a: Calyrex|Draining Kiss|p1a: Arceus\n|-supereffective|p1a: Arceus\n|-damage|p1a: Arceus|26\/100\n|-heal|p2a: Calyrex|100\/100|[from] drain|[of] p1a: Arceus\n|move|p1a: Arceus|Judgment|p2a: Calyrex\n|-supereffective|p2a: Calyrex\n|-end|p2a: Calyrex|Substitute\n|\n|-damage|p1a: Arceus|14\/100|[from] Leech Seed|[of] p2a: Calyrex\n|upkeep\n|turn|34\n|\n|t:|1697902254\n|move|p2a: Calyrex|Draining Kiss|p1a: Arceus\n|-supereffective|p1a: Arceus\n|-damage|p1a: Arceus|0 fnt\n|faint|p1a: Arceus\n|-ability|p2a: Calyrex|Grim Neigh|boost\n|-boost|p2a: Calyrex|spa|1\n|\n|upkeep\n|\n|t:|1697902261\n|switch|p1a: Calyrex|Calyrex-Shadow|54\/100\n|-ability|p1a: Calyrex|As One\n|-ability|p1a: Calyrex|Unnerve\n|turn|35\n|\n|t:|1697902278\n|switch|p2a: Clodsire|Clodsire, M, tera:Water|88\/100 tox\n|-damage|p2a: Clodsire|63\/100 tox|[from] Spikes\n|-terastallize|p1a: Calyrex|Ghost\n|move|p1a: Calyrex|Astral Barrage|p2a: Clodsire\n|-damage|p2a: Clodsire|10\/100 tox\n|\n|-heal|p2a: Clodsire|16\/100 tox|[from] item: Leftovers\n|-damage|p2a: Clodsire|10\/100 tox|[from] psn\n|upkeep\n|turn|36\n|\n|t:|1697902288\n|move|p1a: Calyrex|Astral Barrage|p2a: Clodsire\n|-damage|p2a: Clodsire|0 fnt\n|faint|p2a: Clodsire\n|-ability|p1a: Calyrex|Grim Neigh|boost\n|-boost|p1a: Calyrex|spa|1\n|\n|upkeep\n|\n|t:|1697902293\n|switch|p2a: Kyogre|Kyogre, shiny|100\/100\n|-damage|p2a: Kyogre|76\/100|[from] Spikes\n|-weather|RainDance|[from] ability: Drizzle|[of] p2a: Kyogre\n|turn|37\n|\n|t:|1697902296\n|move|p1a: Calyrex|Astral Barrage|p2a: Kyogre\n|-damage|p2a: Kyogre|0 fnt\n|faint|p2a: Kyogre\n|-ability|p1a: Calyrex|Grim Neigh|boost\n|-boost|p1a: Calyrex|spa|1\n|\n|-weather|RainDance|[upkeep]\n|upkeep\n|\n|t:|1697902308\n|switch|p2a: Eternatus|Eternatus|93\/100\n|-damage|p2a: Eternatus|68\/100|[from] Spikes\n|-ability|p2a: Eternatus|Pressure\n|turn|38\n|\n|t:|1697902312\n|move|p1a: Calyrex|Astral Barrage|p2a: Eternatus\n|-damage|p2a: Eternatus|0 fnt\n|faint|p2a: Eternatus\n|-ability|p1a: Calyrex|Grim Neigh|boost\n|-boost|p1a: Calyrex|spa|1\n|\n|-weather|RainDance|[upkeep]\n|upkeep\n|-message|tan_yel forfeited.\n|\n|win|epicArcanine111\n|raw|epicArcanine111's rating: 1586 &rarr; <strong>1602<\/strong><br \/>(+16 for winning)\n|raw|tan_yel's rating: 1512 &rarr; <strong>1496<\/strong><br \/>(-16 for losing)\n|l|\u2606tan_yel\n","uploadtime":1697902322,"views":6,"p1id":"epicarcanine111","p2id":"tanyel","formatid":"gen9anythinggoes","rating":1496,"private":0,"password":""}