{"id":"gen9anythinggoes-1992324030","p1":"dennis wa","p2":"Batikan17","format":"[Gen 9] Anything Goes","log":"|j|\u2606dennis wa\n|j|\u2606Batikan17\n|t:|1700174741\n|gametype|singles\n|player|p1|dennis wa|striker|\n|player|p2|Batikan17|169|\n|teamsize|p1|6\n|teamsize|p2|6\n|gen|9\n|tier|[Gen 9] Anything Goes\n|rule|HP Percentage Mod: HP is shown in percentages\n|rule|Endless Battle Clause: Forcing endless battles is banned\n|clearpoke\n|poke|p1|Ninetales, M|\n|poke|p1|Bronzong|\n|poke|p1|Ogerpon-Hearthflame, F|\n|poke|p1|Zoroark-Hisui, M|\n|poke|p1|Sandy Shocks|\n|poke|p1|Walking Wake|\n|poke|p2|Mandibuzz, F|\n|poke|p2|Magearna|\n|poke|p2|Typhlosion-Hisui, F|\n|poke|p2|Garchomp, M|\n|poke|p2|Ribombee, M|\n|poke|p2|Rotom-Mow|\n|teampreview\n|j| kai2805\n|j| KreativerNamee\n|j| michpanta\n|c|\u2606dennis wa|\ud83d\udd25\ud83d\udd25\ud83d\udd25\ud83d\udd25\ud83d\udd25\ud83d\udd25\ud83d\udd25\ud83d\udd25\n|c|\u2606dennis wa|glhf\n|c|\u2606Batikan17|gl hf\n|\n|t:|1700175228\n|start\n|switch|p1a: Ninetales|Ninetales, M|100\/100\n|switch|p2a: Rick|Garchomp, M|100\/100\n|turn|1\n|l| KreativerNamee\n|j| KreativerNamee\n|\n|t:|1700175339\n|switch|p1a: Bronzong|Bronzong|100\/100\n|move|p2a: Rick|Crunch|p1a: Bronzong\n|-supereffective|p1a: Bronzong\n|-damage|p1a: Bronzong|58\/100\n|\n|upkeep\n|turn|2\n|\n|t:|1700175407\n|move|p2a: Rick|Crunch|p1a: Bronzong\n|-supereffective|p1a: Bronzong\n|-crit|p1a: Bronzong\n|-damage|p1a: Bronzong|0 fnt\n|faint|p1a: Bronzong\n|\n|upkeep\n|\n|t:|1700175415\n|switch|p1a: Walking Wake|Walking Wake|100\/100\n|turn|3\n|\n|t:|1700175492\n|switch|p2a: Yuna|Magearna|100\/100\n|move|p1a: Walking Wake|Nasty Plot|p1a: Walking Wake\n|-boost|p1a: Walking Wake|spa|2\n|\n|upkeep\n|turn|4\n|\n|t:|1700175535\n|move|p1a: Walking Wake|Flamethrower|p2a: Yuna\n|-supereffective|p2a: Yuna\n|-damage|p2a: Yuna|41\/100\n|move|p2a: Yuna|Draining Kiss|p1a: Walking Wake\n|-damage|p1a: Walking Wake|50\/100\n|-heal|p2a: Yuna|67\/100|[from] drain|[of] p1a: Walking Wake\n|replace|p1a: Zoroark|Zoroark-Hisui, M\n|-end|p1a: Zoroark|Illusion\n|\n|upkeep\n|turn|5\n|\n|t:|1700175697\n|move|p1a: Zoroark|Flamethrower|p2a: Yuna\n|-supereffective|p2a: Yuna\n|-damage|p2a: Yuna|10\/100\n|move|p2a: Yuna|Volt Switch|p1a: Zoroark\n|-damage|p1a: Zoroark|3\/100\n|\n|t:|1700175831\n|switch|p2a: BatistaBomb|Rotom-Mow, shiny|100\/100|[from] Volt Switch\n|\n|upkeep\n|turn|6\n|\n|t:|1700175916\n|-terastallize|p2a: BatistaBomb|Ice\n|move|p2a: BatistaBomb|Tera Blast|p1a: Zoroark|[anim] Tera Blast Ice\n|-damage|p1a: Zoroark|0 fnt\n|faint|p1a: Zoroark\n|\n|upkeep\n|\n|t:|1700175927\n|switch|p1a: Ogerpon|Ogerpon-Hearthflame, F|100\/100\n|-ability|p1a: Ogerpon|Mold Breaker\n|turn|7\n|l| KreativerNamee\n|j| KreativerNamee\n|n| KreativerNamee|kreativernamee\n|\n|t:|1700176007\n|switch|p2a: Olga|Mandibuzz, F, shiny|100\/100\n|move|p1a: Ogerpon|Swords Dance|p1a: Ogerpon\n|-boost|p1a: Ogerpon|atk|2\n|\n|upkeep\n|turn|8\n|c|\u2606Batikan17|du drecksack seit wann bist du so setup besessen!?\n|\n|t:|1700176063\n|move|p1a: Ogerpon|Ivy Cudgel|p2a: Olga|[anim] Ivy Cudgel Fire\n|-crit|p2a: Olga\n|-damage|p2a: Olga|21\/100\n|move|p2a: Olga|Foul Play|p1a: Ogerpon\n|-damage|p1a: Ogerpon|8\/100\n|\n|upkeep\n|turn|9\n|\n|t:|1700176180\n|move|p1a: Ogerpon|Power Whip|p2a: Olga\n|-resisted|p2a: Olga\n|-damage|p2a: Olga|0 fnt\n|-damage|p1a: Ogerpon|0 fnt|[from] item: Rocky Helmet|[of] p2a: Olga\n|faint|p2a: Olga\n|faint|p1a: Ogerpon\n|\n|upkeep\n|\n|t:|1700176222\n|switch|p1a: Sandy Shocks|Sandy Shocks|100\/100\n|switch|p2a: Kenny|Ribombee, M|100\/100\n|turn|10\n|\n|t:|1700176233\n|move|p2a: Kenny|Sticky Web|p1a: Sandy Shocks\n|-sidestart|p1: dennis wa|move: Sticky Web\n|move|p1a: Sandy Shocks|Thunder Wave|p2a: Kenny\n|-status|p2a: Kenny|par\n|\n|upkeep\n|turn|11\n|\n|t:|1700176255\n|switch|p2a: BatistaBomb|Rotom-Mow, shiny, tera:Ice|100\/100\n|move|p1a: Sandy Shocks|Spikes|p2a: BatistaBomb\n|-sidestart|p2: Batikan17|Spikes\n|\n|upkeep\n|turn|12\n|\n|t:|1700176375\n|move|p2a: BatistaBomb|Tera Blast|p1a: Sandy Shocks|[anim] Tera Blast Ice\n|-supereffective|p1a: Sandy Shocks\n|-damage|p1a: Sandy Shocks|8\/100\n|move|p1a: Sandy Shocks|Thunder Wave|p2a: BatistaBomb\n|-status|p2a: BatistaBomb|par\n|\n|upkeep\n|turn|13\n|\n|t:|1700176404\n|switch|p2a: Yuna|Magearna|10\/100\n|-damage|p2a: Yuna|0 fnt|[from] Spikes\n|faint|p2a: Yuna\n|move|p1a: Sandy Shocks|Volt Switch|p2: Yuna|[notarget]\n|-fail|p1a: Sandy Shocks\n|\n|upkeep\n|c|\u2606dennis wa|Knackrack geht durch. 2x ec einmal dragen claw\n|\n|t:|1700176457\n|switch|p2a: Rick|Garchomp, M|100\/100\n|-damage|p2a: Rick|88\/100|[from] Spikes\n|turn|14\n|c|\u2606Batikan17|rieche irgwo noch die anti Boden bzw dragon berry\n|\n|t:|1700176483\n|move|p2a: Rick|Earthquake|p1a: Sandy Shocks\n|-supereffective|p1a: Sandy Shocks\n|-enditem|p1a: Sandy Shocks|Shuca Berry|[eat]\n|-enditem|p1a: Sandy Shocks|Shuca Berry|[weaken]\n|-damage|p1a: Sandy Shocks|0 fnt\n|faint|p1a: Sandy Shocks\n|-end|p1a: Sandy Shocks|Protosynthesis|[silent]\n|\n|-heal|p2a: Rick|94\/100|[from] item: Leftovers\n|upkeep\n|c|\u2606Batikan17|da ist die erste XD\n|\n|t:|1700176494\n|switch|p1a: Walking Wake|Walking Wake|100\/100\n|-activate|p1a: Walking Wake|move: Sticky Web\n|-unboost|p1a: Walking Wake|spe|1\n|turn|15\n|c|\u2606dennis wa|\ud83e\udd2b\n|l| KreativerNamee\n|\n|t:|1700176669\n|move|p2a: Rick|Earthquake|p1a: Walking Wake\n|-damage|p1a: Walking Wake|47\/100\n|move|p1a: Walking Wake|Scald|p2a: Rick\n|-damage|p2a: Rick|56\/100\n|\n|-heal|p2a: Rick|62\/100|[from] item: Leftovers\n|upkeep\n|turn|16\n|\n|t:|1700176717\n|move|p2a: Rick|Earthquake|p1a: Walking Wake\n|-damage|p1a: Walking Wake|0 fnt\n|faint|p1a: Walking Wake\n|-end|p1a: Walking Wake|Protosynthesis|[silent]\n|\n|-heal|p2a: Rick|68\/100|[from] item: Leftovers\n|upkeep\n|\n|t:|1700176723\n|switch|p1a: Ninetales|Ninetales, M|100\/100\n|turn|17\n|\n|t:|1700176732\n|move|p2a: Rick|Earthquake|p1a: Ninetales\n|-supereffective|p1a: Ninetales\n|-damage|p1a: Ninetales|0 fnt\n|faint|p1a: Ninetales\n|\n|win|Batikan17\n|c|\u2606Batikan17|GG\n|c|\u2606dennis wa|yallah\n|l| michpanta\n","uploadtime":1700176758,"views":35,"p1id":"denniswa","p2id":"batikan17","formatid":"gen9anythinggoes","rating":0,"private":0,"password":""}