{"id":"gen9anythinggoes-2000263306","p1":"Ghost8759","p2":"GiratinaFan1055","format":"[Gen 9] Anything Goes","log":"|j|\u2606Ghost8759\n|j|\u2606GiratinaFan1055\n|t:|1701179028\n|gametype|singles\n|player|p1|Ghost8759|giovanni|1031\n|player|p2|GiratinaFan1055|hilbert|1043\n|teamsize|p1|6\n|teamsize|p2|6\n|gen|9\n|tier|[Gen 9] Anything Goes\n|rated|\n|rule|HP Percentage Mod: HP is shown in percentages\n|rule|Endless Battle Clause: Forcing endless battles is banned\n|clearpoke\n|poke|p1|Ditto|\n|poke|p1|Ditto|\n|poke|p1|Ditto|\n|poke|p1|Garchomp, F|\n|poke|p1|Ditto|\n|poke|p1|Scizor, M|\n|poke|p2|Calyrex-Shadow|\n|poke|p2|Arceus-Fairy|\n|poke|p2|Heatran, M|\n|poke|p2|Giratina-Origin|\n|poke|p2|Zacian-*|\n|poke|p2|Regieleki|\n|teampreview\n|inactive|Battle timer is ON: inactive players will automatically lose when time's up. (requested by GiratinaFan1055)\n|\n|t:|1701179054\n|start\n|switch|p1a: Scizor|Scizor, M, shiny|100\/100\n|switch|p2a: Calyrex|Calyrex-Shadow|100\/100\n|-ability|p2a: Calyrex|As One\n|-ability|p2a: Calyrex|Unnerve\n|turn|1\n|\n|t:|1701179063\n|move|p2a: Calyrex|Astral Barrage|p1a: Scizor\n|-damage|p1a: Scizor|20\/100\n|move|p1a: Scizor|Knock Off|p2a: Calyrex\n|-supereffective|p2a: Calyrex\n|-enditem|p2a: Calyrex|Focus Sash\n|-damage|p2a: Calyrex|1\/100\n|\n|upkeep\n|turn|2\n|\n|t:|1701179073\n|switch|p1a: Ditto|Ditto, shiny|100\/100\n|-transform|p1a: Ditto|p2a: Calyrex|[from] ability: Imposter\n|move|p2a: Calyrex|Energy Ball|p1a: Ditto\n|-damage|p1a: Ditto|56\/100\n|\n|upkeep\n|turn|3\n|\n|t:|1701179084\n|move|p2a: Calyrex|Astral Barrage|p1a: Ditto\n|-supereffective|p1a: Ditto\n|-damage|p1a: Ditto|0 fnt\n|faint|p1a: Ditto\n|-ability|p2a: Calyrex|Grim Neigh|boost\n|-boost|p2a: Calyrex|spa|1\n|\n|upkeep\n|\n|t:|1701179092\n|switch|p1a: Garchomp|Garchomp, F, shiny|100\/100\n|turn|4\n|\n|t:|1701179102\n|move|p2a: Calyrex|Astral Barrage|p1a: Garchomp\n|-damage|p1a: Garchomp|0 fnt\n|faint|p1a: Garchomp\n|-ability|p2a: Calyrex|Grim Neigh|boost\n|-boost|p2a: Calyrex|spa|1\n|\n|upkeep\n|\n|t:|1701179110\n|switch|p1a: Ditto|Ditto, shiny|100\/100\n|-transform|p1a: Ditto|p2a: Calyrex|[from] ability: Imposter\n|turn|5\n|\n|t:|1701179118\n|-terastallize|p1a: Ditto|Normal\n|move|p2a: Calyrex|Astral Barrage|p1a: Ditto\n|-immune|p1a: Ditto\n|move|p1a: Ditto|Phantom Force||[still]\n|-prepare|p1a: Ditto|Phantom Force\n|\n|upkeep\n|turn|6\n|\n|t:|1701179127\n|move|p2a: Calyrex|Phantom Force||[still]\n|-prepare|p2a: Calyrex|Phantom Force\n|move|p1a: Ditto|Phantom Force|p2a: Calyrex|[from]lockedmove|[miss]\n|-miss|p1a: Ditto|p2a: Calyrex\n|\n|upkeep\n|turn|7\n|\n|t:|1701179136\n|switch|p1a: Scizor|Scizor, M, shiny|20\/100\n|move|p2a: Calyrex|Phantom Force|p1a: Scizor|[from]lockedmove\n|-damage|p1a: Scizor|0 fnt\n|faint|p1a: Scizor\n|-ability|p2a: Calyrex|Grim Neigh|boost\n|-boost|p2a: Calyrex|spa|1\n|\n|upkeep\n|\n|t:|1701179145\n|switch|p1a: Ditto|Ditto, shiny, tera:Normal|100\/100\n|-transform|p1a: Ditto|p2a: Calyrex|[from] ability: Imposter\n|turn|8\n|\n|t:|1701179152\n|switch|p2a: Zacian|Zacian-Crowned|100\/100\n|-ability|p2a: Zacian|Intrepid Sword|boost\n|-boost|p2a: Zacian|atk|1\n|move|p1a: Ditto|Phantom Force||[still]\n|-prepare|p1a: Ditto|Phantom Force\n|\n|upkeep\n|turn|9\n|\n|t:|1701179172\n|move|p1a: Ditto|Phantom Force|p2a: Zacian|[from]lockedmove\n|-damage|p2a: Zacian|79\/100\n|move|p2a: Zacian|Sacred Sword|p1a: Ditto\n|-supereffective|p1a: Ditto\n|-enditem|p1a: Ditto|Focus Sash\n|-damage|p1a: Ditto|1\/100\n|\n|upkeep\n|turn|10\n|\n|t:|1701179181\n|switch|p1a: Ditto|Ditto, shiny|100\/100\n|-transform|p1a: Ditto|p2a: Zacian|[from] ability: Imposter\n|-ability|p1a: Ditto|Intrepid Sword|boost\n|-boost|p1a: Ditto|atk|1\n|move|p2a: Zacian|Moonblast|p1a: Ditto\n|-resisted|p1a: Ditto\n|-damage|p1a: Ditto|84\/100\n|-unboost|p1a: Ditto|spa|1\n|\n|upkeep\n|turn|11\n|\n|t:|1701179194\n|move|p1a: Ditto|Behemoth Blade|p2a: Zacian\n|-damage|p2a: Zacian|1\/100\n|move|p2a: Zacian|Close Combat|p1a: Ditto\n|-damage|p1a: Ditto|14\/100\n|-unboost|p2a: Zacian|def|1\n|-unboost|p2a: Zacian|spd|1\n|\n|upkeep\n|turn|12\n|\n|t:|1701179204\n|switch|p2a: Heatran|Heatran, M|100\/100\n|move|p1a: Ditto|Behemoth Blade|p2a: Heatran\n|-resisted|p2a: Heatran\n|-damage|p2a: Heatran|79\/100\n|\n|upkeep\n|turn|13\n|\n|t:|1701179213\n|move|p1a: Ditto|Sacred Sword|p2a: Heatran\n|-supereffective|p2a: Heatran\n|-damage|p2a: Heatran|0 fnt\n|faint|p2a: Heatran\n|\n|upkeep\n|\n|t:|1701179221\n|switch|p2a: Calyrex|Calyrex-Shadow|1\/100\n|-ability|p2a: Calyrex|As One\n|-ability|p2a: Calyrex|Unnerve\n|turn|14\n|\n|t:|1701179227\n|move|p2a: Calyrex|Astral Barrage|p1a: Ditto\n|-damage|p1a: Ditto|0 fnt\n|faint|p1a: Ditto\n|-ability|p2a: Calyrex|Grim Neigh|boost\n|-boost|p2a: Calyrex|spa|1\n|\n|upkeep\n|\n|t:|1701179235\n|switch|p1a: Ditto|Ditto, shiny, tera:Normal|1\/100\n|-transform|p1a: Ditto|p2a: Calyrex|[from] ability: Imposter\n|turn|15\n|\n|t:|1701179241\n|move|p1a: Ditto|Phantom Force||[still]\n|-prepare|p1a: Ditto|Phantom Force\n|move|p2a: Calyrex|Energy Ball|p1a: Ditto|[miss]\n|-miss|p2a: Calyrex|p1a: Ditto\n|\n|upkeep\n|turn|16\n|\n|t:|1701179249\n|move|p2a: Calyrex|Phantom Force||[still]\n|-prepare|p2a: Calyrex|Phantom Force\n|move|p1a: Ditto|Phantom Force|p2a: Calyrex|[from]lockedmove|[miss]\n|-miss|p1a: Ditto|p2a: Calyrex\n|\n|upkeep\n|turn|17\n|\n|t:|1701179259\n|move|p1a: Ditto|Astral Barrage|p2a: Calyrex|[miss]\n|-miss|p1a: Ditto|p2a: Calyrex\n|move|p2a: Calyrex|Phantom Force|p1a: Ditto|[from]lockedmove\n|-immune|p1a: Ditto\n|\n|upkeep\n|turn|18\n|\n|t:|1701179269\n|move|p1a: Ditto|Energy Ball|p2a: Calyrex\n|-damage|p2a: Calyrex|0 fnt\n|faint|p2a: Calyrex\n|-ability|p1a: Ditto|Grim Neigh|boost\n|-boost|p1a: Ditto|spa|1\n|\n|upkeep\n|\n|t:|1701179282\n|switch|p2a: Arceus|Arceus-Fairy|100\/100\n|turn|19\n|\n|t:|1701179288\n|move|p1a: Ditto|Future Sight|p2a: Arceus\n|-start|p1a: Ditto|move: Future Sight\n|move|p2a: Arceus|Judgment|p1a: Ditto\n|-damage|p1a: Ditto|0 fnt\n|faint|p1a: Ditto\n|\n|upkeep\n|\n|t:|1701179296\n|switch|p1a: Ditto|Ditto, shiny|100\/100\n|-transform|p1a: Ditto|p2a: Arceus|[from] ability: Imposter\n|turn|20\n|\n|t:|1701179307\n|move|p2a: Arceus|Earthquake|p1a: Ditto\n|-damage|p1a: Ditto|73\/100\n|move|p1a: Ditto|Dazzling Gleam|p2a: Arceus\n|-damage|p2a: Arceus|75\/100\n|\n|upkeep\n|turn|21\n|\n|t:|1701179315\n|move|p2a: Arceus|Earthquake|p1a: Ditto\n|-crit|p1a: Ditto\n|-damage|p1a: Ditto|30\/100\n|move|p1a: Ditto|Judgment|p2a: Arceus\n|-damage|p2a: Arceus|53\/100\n|\n|-end|p2a: Arceus|move: Future Sight\n|-damage|p2a: Arceus|42\/100\n|upkeep\n|turn|22\n|\n|t:|1701179325\n|move|p1a: Ditto|Earthquake|p2a: Arceus\n|-crit|p2a: Arceus\n|-damage|p2a: Arceus|12\/100\n|move|p2a: Arceus|Judgment|p1a: Ditto\n|-damage|p1a: Ditto|0 fnt\n|faint|p1a: Ditto\n|\n|win|GiratinaFan1055\n|raw|Ghost8759's rating: 1031 &rarr; <strong>1017<\/strong><br \/>(-14 for losing)\n|raw|GiratinaFan1055's rating: 1043 &rarr; <strong>1075<\/strong><br \/>(+32 for winning)\n|l|\u2606Ghost8759\n","uploadtime":1701179349,"views":0,"p1id":"ghost8759","p2id":"giratinafan1055","formatid":"gen9anythinggoes","rating":1017,"private":0,"password":""}