{"id":"gen9anythinggoes-1973913676","p1":"Pure Hackmons","p2":"darth xman","format":"[Gen 9] Anything Goes","log":"|j|\u2606Pure Hackmons\n|j|\u2606darth xman\n|t:|1698027459\n|gametype|singles\n|player|p1|Pure Hackmons|ethan|\n|player|p2|darth xman|1|\n|teamsize|p1|6\n|teamsize|p2|6\n|gen|9\n|tier|[Gen 9] Anything Goes\n|rated|Tournament battle\n|rule|HP Percentage Mod: HP is shown in percentages\n|rule|Endless Battle Clause: Forcing endless battles is banned\n|rule|Species Clause: Limit one of each Pok\u00e9mon\n|rule|OHKO Clause: OHKO moves are banned\n|rule|Evasion Moves Clause: Evasion moves are banned\n|rule|Tier Shift Mod: Pok\u00e9mon get stat buffs depending on their tier, excluding HP.\n|rule|Sleep Clause Mod: Limit one foe put to sleep\n|rule|1 Ability Clause: Limit 1 of each ability\n|clearpoke\n|poke|p1|Garganacl, M|\n|poke|p1|Mandibuzz, F|\n|poke|p1|Avalugg, M|\n|poke|p1|Clodsire, F|\n|poke|p1|Groudon|\n|poke|p1|Chansey, F|\n|poke|p2|Sinistcha|\n|poke|p2|Goodra-Hisui, M|\n|poke|p2|Lilligant-Hisui, F|\n|poke|p2|Gholdengo|\n|poke|p2|Samurott-Hisui, F|\n|poke|p2|Tyranitar, M|\n|teampreview\n|j|%Iolanthe\n|inactive|Battle timer is ON: inactive players will automatically lose when time's up. (requested by darth xman)\n|j| Reinfreude\n|c|\u2606Pure Hackmons|hf\n|inactive|Pure Hackmons has 120 seconds left.\n|\n|t:|1698027494\n|start\n|switch|p1a: Groudon|Groudon|100\/100\n|switch|p2a: Gholdengo|Gholdengo|100\/100\n|turn|1\n|l|%Iolanthe\n|\n|t:|1698027513\n|switch|p2a: Samurott|Samurott-Hisui, F|100\/100\n|switch|p1a: Clodsire|Clodsire, F|100\/100\n|\n|upkeep\n|turn|2\n|\n|t:|1698027519\n|switch|p1a: Avalugg|Avalugg, M|100\/100\n|move|p2a: Samurott|Aqua Cutter|p1a: Avalugg\n|-crit|p1a: Avalugg\n|-damage|p1a: Avalugg|87\/100\n|\n|-heal|p1a: Avalugg|93\/100|[from] item: Leftovers\n|upkeep\n|turn|3\n|\n|t:|1698027531\n|switch|p1a: Groudon|Groudon|100\/100\n|move|p2a: Samurott|Sacred Sword|p1a: Groudon\n|-damage|p1a: Groudon|82\/100\n|\n|-status|p1a: Groudon|tox|[from] item: Toxic Orb\n|upkeep\n|turn|4\n|\n|t:|1698027540\n|switch|p1a: Avalugg|Avalugg, M|93\/100\n|move|p2a: Samurott|Aqua Cutter|p1a: Avalugg\n|-damage|p1a: Avalugg|85\/100\n|\n|-heal|p1a: Avalugg|91\/100|[from] item: Leftovers\n|upkeep\n|turn|5\n|\n|t:|1698027546\n|move|p2a: Samurott|Aqua Cutter|p1a: Avalugg\n|-damage|p1a: Avalugg|82\/100\n|move|p1a: Avalugg|Body Press|p2a: Samurott\n|-supereffective|p2a: Samurott\n|-damage|p2a: Samurott|0 fnt\n|-damage|p1a: Avalugg|65\/100|[from] item: Rocky Helmet|[of] p2a: Samurott\n|faint|p2a: Samurott\n|\n|-heal|p1a: Avalugg|71\/100|[from] item: Leftovers\n|upkeep\n|\n|t:|1698027553\n|switch|p2a: Lilligant|Lilligant-Hisui, F|100\/100\n|turn|6\n|\n|t:|1698027561\n|move|p2a: Lilligant|Axe Kick|p1a: Avalugg\n|-supereffective|p1a: Avalugg\n|-damage|p1a: Avalugg|41\/100\n|move|p1a: Avalugg|Recover|p1a: Avalugg\n|-heal|p1a: Avalugg|91\/100\n|\n|-heal|p1a: Avalugg|97\/100|[from] item: Leftovers\n|upkeep\n|turn|7\n|\n|t:|1698027568\n|-terastallize|p2a: Lilligant|Ghost\n|move|p2a: Lilligant|Victory Dance|p2a: Lilligant\n|-boost|p2a: Lilligant|atk|1\n|-boost|p2a: Lilligant|def|1\n|-boost|p2a: Lilligant|spe|1\n|move|p1a: Avalugg|Avalanche|p2a: Lilligant\n|-damage|p2a: Lilligant|77\/100\n|\n|-heal|p1a: Avalugg|100\/100|[from] item: Leftovers\n|upkeep\n|turn|8\n|\n|t:|1698027575\n|-terastallize|p1a: Avalugg|Fairy\n|move|p2a: Lilligant|Axe Kick|p1a: Avalugg|[miss]\n|-miss|p2a: Lilligant|p1a: Avalugg\n|-damage|p2a: Lilligant|27\/100|[from] highjumpkick\n|move|p1a: Avalugg|Avalanche|p2a: Lilligant\n|-damage|p2a: Lilligant|4\/100\n|\n|upkeep\n|turn|9\n|\n|t:|1698027579\n|move|p2a: Lilligant|Leaf Blade|p1a: Avalugg|[miss]\n|-miss|p2a: Lilligant|p1a: Avalugg\n|move|p1a: Avalugg|Avalanche|p2a: Lilligant\n|-damage|p2a: Lilligant|0 fnt\n|faint|p2a: Lilligant\n|\n|upkeep\n|\n|t:|1698027584\n|switch|p2a: Gholdengo|Gholdengo|100\/100\n|turn|10\n|\n|t:|1698027588\n|switch|p1a: Clodsire|Clodsire, F|100\/100\n|move|p2a: Gholdengo|Trick|p1a: Clodsire\n|-activate|p2a: Gholdengo|move: Trick|[of] p1a: Clodsire\n|-item|p1a: Clodsire|Choice Scarf|[from] move: Trick\n|-item|p2a: Gholdengo|Leftovers|[from] move: Trick\n|\n|upkeep\n|turn|11\n|\n|t:|1698027598\n|switch|p2a: Goodra|Goodra-Hisui, M|100\/100\n|switch|p1a: Chansey|Chansey, F|100\/100\n|\n|upkeep\n|turn|12\n|\n|t:|1698027604\n|switch|p1a: Garganacl|Garganacl, M|100\/100\n|move|p2a: Goodra|Knock Off|p1a: Garganacl\n|-damage|p1a: Garganacl|77\/100\n|-enditem|p1a: Garganacl|Heavy-Duty Boots|[from] move: Knock Off|[of] p2a: Goodra\n|\n|upkeep\n|turn|13\n|\n|t:|1698027611\n|move|p1a: Garganacl|Stealth Rock|p2a: Goodra\n|-sidestart|p2: darth xman|move: Stealth Rock\n|move|p2a: Goodra|Dragon Tail|p1a: Garganacl\n|-damage|p1a: Garganacl|54\/100\n|drag|p1a: Mandibuzz|Mandibuzz, F|100\/100\n|\n|upkeep\n|turn|14\n|\n|t:|1698027617\n|switch|p1a: Garganacl|Garganacl, M|87\/100\n|move|p2a: Goodra|Knock Off|p1a: Garganacl\n|-damage|p1a: Garganacl|72\/100\n|\n|upkeep\n|turn|15\n|\n|t:|1698027621\n|move|p1a: Garganacl|Stealth Rock||[still]\n|-fail|p1a: Garganacl\n|move|p2a: Goodra|Dragon Tail|p1a: Garganacl\n|-damage|p1a: Garganacl|49\/100\n|drag|p1a: Mandibuzz|Mandibuzz, F|100\/100\n|\n|upkeep\n|turn|16\n|\n|t:|1698027624\n|switch|p1a: Garganacl|Garganacl, M|82\/100\n|move|p2a: Goodra|Iron Head|p1a: Garganacl\n|-supereffective|p1a: Garganacl\n|-damage|p1a: Garganacl|23\/100\n|\n|upkeep\n|turn|17\n|l| Reinfreude\n|\n|t:|1698027635\n|switch|p1a: Groudon|Groudon|82\/100 tox\n|move|p2a: Goodra|Iron Head|p1a: Groudon\n|-damage|p1a: Groudon|62\/100 tox\n|\n|-heal|p1a: Groudon|75\/100 tox|[from] ability: Poison Heal\n|upkeep\n|turn|18\n|\n|t:|1698027643\n|move|p1a: Groudon|Will-O-Wisp|p2a: Goodra\n|-status|p2a: Goodra|brn\n|move|p2a: Goodra|Knock Off|p1a: Groudon\n|-damage|p1a: Groudon|67\/100 tox\n|-enditem|p1a: Groudon|Toxic Orb|[from] move: Knock Off|[of] p2a: Goodra\n|\n|-heal|p1a: Groudon|79\/100 tox|[from] ability: Poison Heal\n|-damage|p2a: Goodra|94\/100 brn|[from] brn\n|upkeep\n|turn|19\n|\n|t:|1698027651\n|switch|p1a: Garganacl|Garganacl, M|56\/100\n|move|p2a: Goodra|Dragon Tail|p1a: Garganacl\n|-damage|p1a: Garganacl|46\/100\n|drag|p1a: Groudon|Groudon|79\/100 tox\n|\n|-heal|p1a: Groudon|92\/100 tox|[from] ability: Poison Heal\n|-damage|p2a: Goodra|88\/100 brn|[from] brn\n|upkeep\n|turn|20\n|\n|t:|1698027658\n|switch|p1a: Garganacl|Garganacl, M|79\/100\n|move|p2a: Goodra|Counter||[still]\n|-fail|p2a: Goodra\n|\n|-damage|p2a: Goodra|82\/100 brn|[from] brn\n|upkeep\n|turn|21\n|\n|t:|1698027668\n|switch|p1a: Groudon|Groudon|92\/100 tox\n|move|p2a: Goodra|Iron Head|p1a: Groudon\n|-damage|p1a: Groudon|81\/100 tox\n|\n|-heal|p1a: Groudon|94\/100 tox|[from] ability: Poison Heal\n|-damage|p2a: Goodra|76\/100 brn|[from] brn\n|upkeep\n|turn|22\n|\n|t:|1698027674\n|move|p1a: Groudon|Smack Down|p2a: Goodra\n|-resisted|p2a: Goodra\n|-damage|p2a: Goodra|70\/100 brn\n|move|p2a: Goodra|Iron Head|p1a: Groudon\n|-damage|p1a: Groudon|83\/100 tox\n|\n|-heal|p1a: Groudon|96\/100 tox|[from] ability: Poison Heal\n|-damage|p2a: Goodra|64\/100 brn|[from] brn\n|upkeep\n|turn|23\n|\n|t:|1698027684\n|move|p1a: Groudon|Spikes|p2a: Goodra\n|-sidestart|p2: darth xman|Spikes\n|move|p2a: Goodra|Dragon Tail|p1a: Groudon\n|-damage|p1a: Groudon|88\/100 tox\n|drag|p1a: Garganacl|Garganacl, M|100\/100\n|\n|-damage|p2a: Goodra|58\/100 brn|[from] brn\n|upkeep\n|turn|24\n|inactive|Pure Hackmons has 120 seconds left.\n|\n|t:|1698027717\n|switch|p2a: Sinistcha|Sinistcha|100\/100\n|-damage|p2a: Sinistcha|88\/100|[from] Stealth Rock\n|-damage|p2a: Sinistcha|76\/100|[from] Spikes\n|move|p1a: Garganacl|Salt Cure|p2a: Sinistcha\n|-damage|p2a: Sinistcha|64\/100\n|-start|p2a: Sinistcha|Salt Cure\n|\n|-damage|p2a: Sinistcha|52\/100|[from] Salt Cure\n|upkeep\n|turn|25\n|\n|t:|1698027725\n|switch|p1a: Chansey|Chansey, F|100\/100\n|move|p2a: Sinistcha|Matcha Gotcha|p1a: Chansey\n|-damage|p1a: Chansey|84\/100\n|-heal|p2a: Sinistcha|68\/100|[from] drain|[of] p1a: Chansey\n|\n|-heal|p1a: Chansey|90\/100|[from] item: Leftovers\n|-damage|p2a: Sinistcha|55\/100|[from] Salt Cure\n|upkeep\n|turn|26\n|\n|t:|1698027734\n|switch|p2a: Gholdengo|Gholdengo|100\/100\n|-damage|p2a: Gholdengo|94\/100|[from] Stealth Rock\n|-damage|p2a: Gholdengo|82\/100|[from] Spikes\n|move|p1a: Chansey|Shadow Ball|p2a: Gholdengo\n|-supereffective|p2a: Gholdengo\n|-damage|p2a: Gholdengo|54\/100\n|\n|-heal|p2a: Gholdengo|60\/100|[from] item: Leftovers\n|-heal|p1a: Chansey|96\/100|[from] item: Leftovers\n|upkeep\n|turn|27\n|\n|t:|1698027742\n|move|p2a: Gholdengo|Make It Rain|p1a: Chansey\n|-damage|p1a: Chansey|76\/100\n|-unboost|p2a: Gholdengo|spa|1\n|move|p1a: Chansey|Shadow Ball|p2a: Gholdengo\n|-supereffective|p2a: Gholdengo\n|-damage|p2a: Gholdengo|30\/100\n|\n|-heal|p2a: Gholdengo|36\/100|[from] item: Leftovers\n|-heal|p1a: Chansey|82\/100|[from] item: Leftovers\n|upkeep\n|turn|28\n|\n|t:|1698027747\n|move|p2a: Gholdengo|Recover|p2a: Gholdengo\n|-heal|p2a: Gholdengo|87\/100\n|move|p1a: Chansey|Shadow Ball|p2a: Gholdengo\n|-supereffective|p2a: Gholdengo\n|-damage|p2a: Gholdengo|57\/100\n|\n|-heal|p2a: Gholdengo|63\/100|[from] item: Leftovers\n|-heal|p1a: Chansey|88\/100|[from] item: Leftovers\n|upkeep\n|turn|29\n|\n|t:|1698027753\n|switch|p1a: Groudon|Groudon|88\/100 tox\n|move|p2a: Gholdengo|Trick|p1a: Groudon\n|-activate|p2a: Gholdengo|move: Trick|[of] p1a: Groudon\n|-item|p1a: Groudon|Leftovers|[from] move: Trick\n|-enditem|p2a: Gholdengo|Leftovers|[silent]|[from] move: Trick\n|\n|-heal|p1a: Groudon|94\/100 tox|[from] item: Leftovers\n|-heal|p1a: Groudon|100\/100 tox|[from] ability: Poison Heal\n|upkeep\n|turn|30\n|\n|t:|1698027768\n|switch|p2a: Goodra|Goodra-Hisui, M|58\/100 brn\n|-damage|p2a: Goodra|52\/100 brn|[from] Stealth Rock\n|-damage|p2a: Goodra|39\/100 brn|[from] Spikes\n|-enditem|p2a: Goodra|Sitrus Berry|[eat]\n|-heal|p2a: Goodra|64\/100 brn|[from] item: Sitrus Berry\n|switch|p1a: Clodsire|Clodsire, F|100\/100\n|\n|-damage|p2a: Goodra|58\/100 brn|[from] brn\n|upkeep\n|turn|31\n|\n|t:|1698027774\n|switch|p1a: Groudon|Groudon|100\/100 tox\n|move|p2a: Goodra|Counter||[still]\n|-fail|p2a: Goodra\n|\n|-damage|p2a: Goodra|52\/100 brn|[from] brn\n|upkeep\n|turn|32\n|\n|t:|1698027781\n|move|p1a: Groudon|Spikes|p2a: Goodra\n|-sidestart|p2: darth xman|Spikes\n|move|p2a: Goodra|Counter||[still]\n|-fail|p2a: Goodra\n|\n|-damage|p2a: Goodra|46\/100 brn|[from] brn\n|upkeep\n|turn|33\n|\n|t:|1698027788\n|move|p1a: Groudon|Spikes|p2a: Goodra\n|-sidestart|p2: darth xman|Spikes\n|move|p2a: Goodra|Dragon Tail|p1a: Groudon\n|-damage|p1a: Groudon|93\/100 tox\n|drag|p1a: Garganacl|Garganacl, M|100\/100\n|\n|-damage|p2a: Goodra|40\/100 brn|[from] brn\n|upkeep\n|turn|34\n|\n|t:|1698027814\n|switch|p2a: Tyranitar|Tyranitar, M|100\/100\n|move|p1a: Garganacl|Salt Cure|p2a: Tyranitar\n|-damage|p2a: Tyranitar|89\/100\n|-start|p2a: Tyranitar|Salt Cure\n|\n|-damage|p2a: Tyranitar|76\/100|[from] Salt Cure\n|upkeep\n|turn|35\n|\n|t:|1698027824\n|move|p2a: Tyranitar|Thunder Wave|p1a: Garganacl\n|-status|p1a: Garganacl|par\n|cant|p1a: Garganacl|par\n|\n|-damage|p2a: Tyranitar|64\/100|[from] Salt Cure\n|upkeep\n|turn|36\n|\n|t:|1698027829\n|move|p2a: Tyranitar|Dragon Dance|p2a: Tyranitar\n|-boost|p2a: Tyranitar|atk|1\n|-boost|p2a: Tyranitar|spe|1\n|move|p1a: Garganacl|Body Press|p2a: Tyranitar\n|-supereffective|p2a: Tyranitar\n|-damage|p2a: Tyranitar|0 fnt\n|faint|p2a: Tyranitar\n|\n|upkeep\n|\n|t:|1698027834\n|switch|p2a: Gholdengo|Gholdengo|63\/100\n|-damage|p2a: Gholdengo|57\/100|[from] Stealth Rock\n|-damage|p2a: Gholdengo|33\/100|[from] Spikes\n|turn|37\n|\n|t:|1698027837\n|switch|p1a: Chansey|Chansey, F|88\/100\n|move|p2a: Gholdengo|Shadow Ball|p1a: Chansey\n|-immune|p1a: Chansey\n|\n|-heal|p1a: Chansey|94\/100|[from] item: Leftovers\n|upkeep\n|turn|38\n|-message|darth xman forfeited.\n|\n|win|Pure Hackmons\n|n|\u2606Pure Hackmons|purehackmons\n|n|\u2606darth xman|darthxman\n|l|\u2606darth xman\n|c|\u2606Pure Hackmons|g_g\n","uploadtime":1698027845,"views":10,"p1id":"purehackmons","p2id":"darthxman","formatid":"gen9anythinggoes","rating":0,"private":0,"password":""}