{"id":"gen9anythinggoes-1995665948","p1":"ChoromaYT","p2":"Jimbo Lets go","format":"[Gen 9] Anything Goes","log":"|j|\u2606ChoromaYT\n|j|\u2606Jimbo Lets go\n|t:|1700592129\n|gametype|singles\n|player|p1|ChoromaYT|101|\n|player|p2|Jimbo Lets go|alec-anime|\n|teamsize|p1|6\n|teamsize|p2|6\n|gen|9\n|tier|[Gen 9] Anything Goes\n|rule|HP Percentage Mod: HP is shown in percentages\n|rule|Endless Battle Clause: Forcing endless battles is banned\n|clearpoke\n|poke|p1|Dragapult, F|\n|poke|p1|Calyrex-Shadow|\n|poke|p1|Inteleon, F|\n|poke|p1|Tsareena, F|\n|poke|p1|Slither Wing|\n|poke|p1|Infernape, F|\n|poke|p2|Walking Wake|\n|poke|p2|Torkoal, M|\n|poke|p2|Empoleon, F|\n|poke|p2|Zoroark-Hisui, M|\n|poke|p2|Urshifu-*, M|\n|poke|p2|Ursaluna-Bloodmoon, M|\n|teampreview\n|j| cedtar0_\n|\n|t:|1700592153\n|start\n|switch|p1a: Infernape|Infernape, F|100\/100\n|switch|p2a: Torkoal|Torkoal, M, shiny|100\/100\n|-weather|SunnyDay|[from] ability: Drought|[of] p2a: Torkoal\n|turn|1\n|\n|t:|1700592171\n|move|p1a: Infernape|Earthquake|p2a: Torkoal\n|-supereffective|p2a: Torkoal\n|-damage|p2a: Torkoal|52\/100\n|move|p2a: Torkoal|Stealth Rock|p1a: Infernape\n|-sidestart|p1: ChoromaYT|move: Stealth Rock\n|\n|-weather|SunnyDay|[upkeep]\n|-heal|p2a: Torkoal|58\/100|[from] item: Leftovers\n|upkeep\n|turn|2\n|\n|t:|1700592192\n|move|p1a: Infernape|Earthquake|p2a: Torkoal\n|-supereffective|p2a: Torkoal\n|-damage|p2a: Torkoal|10\/100\n|move|p2a: Torkoal|Yawn|p1a: Infernape\n|-start|p1a: Infernape|move: Yawn|[of] p2a: Torkoal\n|\n|-weather|SunnyDay|[upkeep]\n|-heal|p2a: Torkoal|16\/100|[from] item: Leftovers\n|upkeep\n|turn|3\n|\n|t:|1700592206\n|move|p1a: Infernape|Earthquake|p2a: Torkoal\n|-supereffective|p2a: Torkoal\n|-damage|p2a: Torkoal|0 fnt\n|faint|p2a: Torkoal\n|\n|-weather|SunnyDay|[upkeep]\n|-end|p1a: Infernape|move: Yawn|[silent]\n|-status|p1a: Infernape|slp\n|upkeep\n|\n|t:|1700592213\n|switch|p2a: Walking Wake|Walking Wake|100\/100\n|-activate|p2a: Walking Wake|ability: Protosynthesis\n|-start|p2a: Walking Wake|protosynthesisspa\n|turn|4\n|\n|t:|1700592227\n|move|p2a: Walking Wake|Hydro Steam|p1a: Infernape\n|-supereffective|p1a: Infernape\n|-damage|p1a: Infernape|0 fnt\n|faint|p1a: Infernape\n|\n|-weather|SunnyDay|[upkeep]\n|upkeep\n|\n|t:|1700592239\n|switch|p1a: Slither Wing|Slither Wing|100\/100\n|-activate|p1a: Slither Wing|ability: Protosynthesis\n|-start|p1a: Slither Wing|protosynthesisatk\n|turn|5\n|\n|t:|1700592247\n|move|p2a: Walking Wake|Hydro Steam|p1a: Slither Wing\n|-crit|p1a: Slither Wing\n|-damage|p1a: Slither Wing|0 fnt\n|faint|p1a: Slither Wing\n|-end|p1a: Slither Wing|Protosynthesis|[silent]\n|\n|-weather|none\n|-end|p2a: Walking Wake|Protosynthesis\n|upkeep\n|\n|t:|1700592256\n|switch|p1a: Dragapult|Dragapult, F|100\/100\n|-damage|p1a: Dragapult|88\/100|[from] Stealth Rock\n|turn|6\n|\n|t:|1700592268\n|-end|p2a: Walking Wake|Protosynthesis|[silent]\n|switch|p2a: Ursaluna|Ursaluna-Bloodmoon, M|100\/100\n|move|p1a: Dragapult|Dragon Dance|p1a: Dragapult\n|-boost|p1a: Dragapult|atk|1\n|-boost|p1a: Dragapult|spe|1\n|\n|-heal|p1a: Dragapult|94\/100|[from] item: Leftovers\n|upkeep\n|turn|7\n|\n|t:|1700592284\n|move|p1a: Dragapult|Phantom Force||[still]\n|-prepare|p1a: Dragapult|Phantom Force\n|move|p2a: Ursaluna|Calm Mind|p2a: Ursaluna\n|-boost|p2a: Ursaluna|spa|1\n|-boost|p2a: Ursaluna|spd|1\n|\n|-heal|p1a: Dragapult|99\/100|[from] item: Leftovers\n|upkeep\n|turn|8\n|\n|t:|1700592294\n|move|p1a: Dragapult|Phantom Force|p2a: Ursaluna|[from]lockedmove\n|-immune|p2a: Ursaluna\n|move|p2a: Ursaluna|Moonblast|p1a: Dragapult\n|-supereffective|p1a: Dragapult\n|-damage|p1a: Dragapult|0 fnt\n|faint|p1a: Dragapult\n|-damage|p2a: Ursaluna|90\/100|[from] item: Life Orb\n|\n|upkeep\n|\n|t:|1700592306\n|switch|p1a: Tsareena|Tsareena, F|100\/100\n|-damage|p1a: Tsareena|88\/100|[from] Stealth Rock\n|turn|9\n|\n|t:|1700592313\n|move|p1a: Tsareena|Trailblaze|p2a: Ursaluna\n|-supereffective|p2a: Ursaluna\n|-damage|p2a: Ursaluna|42\/100\n|-boost|p1a: Tsareena|spe|1\n|move|p2a: Ursaluna|Blood Moon|p1a: Tsareena\n|-damage|p1a: Tsareena|0 fnt\n|faint|p1a: Tsareena\n|-damage|p2a: Ursaluna|32\/100|[from] item: Life Orb\n|\n|upkeep\n|\n|t:|1700592328\n|switch|p1a: Inteleon|Inteleon, F|100\/100\n|-damage|p1a: Inteleon|88\/100|[from] Stealth Rock\n|turn|10\n|\n|t:|1700592335\n|move|p1a: Inteleon|Snipe Shot|p2a: Ursaluna\n|-supereffective|p2a: Ursaluna\n|-damage|p2a: Ursaluna|0 fnt\n|faint|p2a: Ursaluna\n|\n|upkeep\n|\n|t:|1700592348\n|switch|p2a: Empoleon|Empoleon, F|100\/100\n|turn|11\n|\n|t:|1700592369\n|move|p1a: Inteleon|Dark Pulse|p2a: Empoleon\n|-damage|p2a: Empoleon|74\/100\n|move|p2a: Empoleon|Knock Off|p1a: Inteleon\n|-damage|p1a: Inteleon|44\/100\n|-damage|p2a: Empoleon|57\/100|[from] item: Rocky Helmet|[of] p1a: Inteleon\n|-enditem|p1a: Inteleon|Rocky Helmet|[from] move: Knock Off|[of] p2a: Empoleon\n|-damage|p2a: Empoleon|48\/100|[from] item: Life Orb\n|\n|upkeep\n|turn|12\n|\n|t:|1700592381\n|move|p1a: Inteleon|Dark Pulse|p2a: Empoleon\n|-damage|p2a: Empoleon|24\/100\n|move|p2a: Empoleon|Chilling Water|p1a: Inteleon\n|-resisted|p1a: Inteleon\n|-damage|p1a: Inteleon|0 fnt\n|faint|p1a: Inteleon\n|-damage|p2a: Empoleon|14\/100|[from] item: Life Orb\n|\n|upkeep\n|\n|t:|1700592389\n|switch|p1a: Calyrex|Calyrex-Shadow|100\/100\n|-ability|p1a: Calyrex|As One\n|-ability|p1a: Calyrex|Unnerve\n|-damage|p1a: Calyrex|88\/100|[from] Stealth Rock\n|turn|13\n|\n|t:|1700592399\n|move|p2a: Empoleon|Aqua Jet|p1a: Calyrex\n|-damage|p1a: Calyrex|58\/100\n|-damage|p2a: Empoleon|4\/100|[from] item: Life Orb\n|move|p1a: Calyrex|Psychic|p2a: Empoleon\n|-resisted|p2a: Empoleon\n|-damage|p2a: Empoleon|0 fnt\n|faint|p2a: Empoleon\n|-ability|p1a: Calyrex|Grim Neigh|boost\n|-boost|p1a: Calyrex|spa|1\n|\n|upkeep\n|\n|t:|1700592411\n|switch|p2a: Walking Wake|Walking Wake|100\/100\n|turn|14\n|\n|t:|1700592432\n|-terastallize|p2a: Walking Wake|Water\n|move|p1a: Calyrex|Dark Pulse|p2a: Walking Wake\n|-damage|p2a: Walking Wake|32\/100\n|move|p2a: Walking Wake|Draco Meteor|p1a: Calyrex\n|-damage|p1a: Calyrex|0 fnt\n|-unboost|p2a: Walking Wake|spa|2\n|faint|p1a: Calyrex\n|\n|win|Jimbo Lets go\n|l|\u2606ChoromaYT\n","uploadtime":1700592444,"views":1,"p1id":"choromayt","p2id":"jimboletsgo","formatid":"gen9anythinggoes","rating":0,"private":0,"password":""}