{"id":"gen9anythinggoes-1994822205","p1":"Gyattebayo","p2":"AmGeiii","format":"[Gen 9] Anything Goes","log":"|j|\u2606Gyattebayo\n|j|\u2606AmGeiii\n|inactive|Battle timer is ON: inactive players will automatically lose when time's up.\n|t:|1700495998\n|gametype|singles\n|player|p1|Gyattebayo|1|\n|player|p2|AmGeiii|benga|\n|teamsize|p1|6\n|teamsize|p2|6\n|gen|9\n|tier|[Gen 9] Anything Goes\n|rated|Tournament battle\n|rule|HP Percentage Mod: HP is shown in percentages\n|rule|Endless Battle Clause: Forcing endless battles is banned\n|rule|Species Clause: Limit one of each Pok\u00e9mon\n|rule|OHKO Clause: OHKO moves are banned\n|rule|Evasion Moves Clause: Evasion moves are banned\n|rule|Sleep Moves Clause: Sleep-inducing moves are banned\n|rule|Re-Evolution Mod: Pok\u00e9mon gain the boosts they would gain from evolving again\n|clearpoke\n|poke|p1|Empoleon, F|\n|poke|p1|Iron Valiant|\n|poke|p1|Corviknight, F|\n|poke|p1|Lucario, F|\n|poke|p1|Ting-Lu|\n|poke|p1|Cyclizar, M|\n|poke|p2|Ceruledge, M|\n|poke|p2|Espathra, F|\n|poke|p2|Mandibuzz, F|\n|poke|p2|Clodsire, M|\n|poke|p2|Gholdengo|\n|poke|p2|Garganacl, F|\n|teampreview\n|j|*Lady Monita \u2746\n|inactive|Gyattebayo has 120 seconds left.\n|\n|t:|1700496037\n|start\n|switch|p1a: Ting-Lu|Ting-Lu|100\/100\n|switch|p2a: Clodsire|Clodsire, M|100\/100\n|-ability|p1a: Ting-Lu|Vessel of Ruin\n|turn|1\n|\n|t:|1700496056\n|move|p1a: Ting-Lu|Ceaseless Edge|p2a: Clodsire\n|-damage|p2a: Clodsire|83\/100\n|-sidestart|p2: AmGeiii|Spikes\n|move|p2a: Clodsire|Toxic|p1a: Ting-Lu\n|-status|p1a: Ting-Lu|tox\n|\n|-heal|p2a: Clodsire|89\/100|[from] item: Leftovers\n|-damage|p1a: Ting-Lu|94\/100 tox|[from] psn\n|upkeep\n|turn|2\n|inactive|AmGeiii has 120 seconds left.\n|\n|t:|1700496083\n|move|p1a: Ting-Lu|Earthquake|p2a: Clodsire\n|-supereffective|p2a: Clodsire\n|-damage|p2a: Clodsire|35\/100\n|move|p2a: Clodsire|Bulldoze|p1a: Ting-Lu\n|-damage|p1a: Ting-Lu|84\/100 tox\n|-unboost|p1a: Ting-Lu|spe|1\n|\n|-heal|p2a: Clodsire|42\/100|[from] item: Leftovers\n|-heal|p1a: Ting-Lu|90\/100 tox|[from] item: Leftovers\n|-damage|p1a: Ting-Lu|78\/100 tox|[from] psn\n|upkeep\n|turn|3\n|\n|t:|1700496091\n|switch|p2a: Mandibuzz|Mandibuzz, F|100\/100\n|move|p1a: Ting-Lu|Earthquake|p2a: Mandibuzz\n|-immune|p2a: Mandibuzz\n|\n|-heal|p1a: Ting-Lu|84\/100 tox|[from] item: Leftovers\n|-damage|p1a: Ting-Lu|65\/100 tox|[from] psn\n|upkeep\n|turn|4\n|\n|t:|1700496104\n|switch|p1a: Iron Valiant|Iron Valiant|100\/100\n|-enditem|p1a: Iron Valiant|Booster Energy\n|-activate|p1a: Iron Valiant|ability: Quark Drive|[fromitem]\n|-start|p1a: Iron Valiant|quarkdrivespe\n|move|p2a: Mandibuzz|Defog|p1a: Iron Valiant\n|-unboost|p1a: Iron Valiant|evasion|1\n|-sideend|p2: AmGeiii|Spikes|[from] move: Defog|[of] p2a: Mandibuzz\n|\n|upkeep\n|turn|5\n|inactive|AmGeiii has 120 seconds left.\n|\n|t:|1700496125\n|move|p1a: Iron Valiant|Spirit Break|p2a: Mandibuzz\n|-supereffective|p2a: Mandibuzz\n|-damage|p2a: Mandibuzz|68\/100\n|-unboost|p2a: Mandibuzz|spa|1\n|move|p2a: Mandibuzz|U-turn|p1a: Iron Valiant\n|-resisted|p1a: Iron Valiant\n|-damage|p1a: Iron Valiant|97\/100\n|\n|t:|1700496136\n|switch|p2a: Gholdengo|Gholdengo|100\/100|[from] U-turn\n|\n|upkeep\n|turn|6\n|\n|t:|1700496140\n|move|p1a: Iron Valiant|Knock Off|p2a: Gholdengo\n|-supereffective|p2a: Gholdengo\n|-damage|p2a: Gholdengo|61\/100\n|-enditem|p2a: Gholdengo|Covert Cloak|[from] move: Knock Off|[of] p1a: Iron Valiant\n|move|p2a: Gholdengo|Shadow Ball|p1a: Iron Valiant\n|-damage|p1a: Iron Valiant|0 fnt\n|faint|p1a: Iron Valiant\n|-end|p1a: Iron Valiant|Quark Drive|[silent]\n|\n|upkeep\n|j| Bunnysai\n|\n|t:|1700496149\n|switch|p1a: Ting-Lu|Ting-Lu|65\/100 tox\n|-ability|p1a: Ting-Lu|Vessel of Ruin\n|turn|7\n|\n|t:|1700496159\n|switch|p2a: Mandibuzz|Mandibuzz, F|68\/100\n|move|p1a: Ting-Lu|Shore Up|p1a: Ting-Lu\n|-heal|p1a: Ting-Lu|100\/100 tox\n|\n|-damage|p1a: Ting-Lu|94\/100 tox|[from] psn\n|upkeep\n|turn|8\n|\n|t:|1700496172\n|switch|p1a: Empoleon|Empoleon, F|100\/100\n|move|p2a: Mandibuzz|Roost|p2a: Mandibuzz\n|-heal|p2a: Mandibuzz|100\/100\n|-singleturn|p2a: Mandibuzz|move: Roost\n|\n|upkeep\n|turn|9\n|\n|t:|1700496179\n|move|p1a: Empoleon|Agility|p1a: Empoleon\n|-boost|p1a: Empoleon|spe|2\n|move|p2a: Mandibuzz|Knock Off|p1a: Empoleon\n|-damage|p1a: Empoleon|77\/100\n|-enditem|p1a: Empoleon|Expert Belt|[from] move: Knock Off|[of] p2a: Mandibuzz\n|\n|upkeep\n|turn|10\n|\n|t:|1700496197\n|move|p1a: Empoleon|Ice Beam|p2a: Mandibuzz\n|-supereffective|p2a: Mandibuzz\n|-damage|p2a: Mandibuzz|62\/100\n|move|p2a: Mandibuzz|U-turn|p1a: Empoleon\n|-resisted|p1a: Empoleon\n|-damage|p1a: Empoleon|71\/100\n|inactive|AmGeiii has 120 seconds left.\n|\n|t:|1700496218\n|switch|p2a: Garganacl|Garganacl, F|100\/100|[from] U-turn\n|\n|upkeep\n|turn|11\n|\n|t:|1700496225\n|move|p1a: Empoleon|Flash Cannon|p2a: Garganacl\n|-supereffective|p2a: Garganacl\n|-damage|p2a: Garganacl|42\/100\n|move|p2a: Garganacl|Salt Cure|p1a: Empoleon\n|-resisted|p1a: Empoleon\n|-damage|p1a: Empoleon|62\/100\n|-start|p1a: Empoleon|Salt Cure\n|\n|-heal|p2a: Garganacl|48\/100|[from] item: Leftovers\n|-damage|p1a: Empoleon|37\/100|[from] Salt Cure\n|upkeep\n|turn|12\n|inactive|AmGeiii has 120 seconds left.\n|\n|t:|1700496244\n|switch|p1a: Lucario|Lucario, F|100\/100\n|switch|p2a: Ceruledge|Ceruledge, M|100\/100\n|\n|upkeep\n|turn|13\n|inactive|AmGeiii has 120 seconds left.\n|\n|t:|1700496274\n|move|p2a: Ceruledge|Bulk Up|p2a: Ceruledge\n|-boost|p2a: Ceruledge|atk|1\n|-boost|p2a: Ceruledge|def|1\n|move|p1a: Lucario|Shadow Ball|p2a: Ceruledge\n|-supereffective|p2a: Ceruledge\n|-damage|p2a: Ceruledge|24\/100\n|\n|upkeep\n|turn|14\n|\n|t:|1700496278\n|move|p2a: Ceruledge|Bitter Blade|p1a: Lucario\n|-supereffective|p1a: Lucario\n|-damage|p1a: Lucario|0 fnt\n|-heal|p2a: Ceruledge|71\/100|[from] drain|[of] p1a: Lucario\n|faint|p1a: Lucario\n|\n|upkeep\n|\n|t:|1700496301\n|switch|p1a: Cyclizar|Cyclizar, M|100\/100\n|turn|15\n|\n|t:|1700496305\n|move|p2a: Ceruledge|Bulk Up|p2a: Ceruledge\n|-boost|p2a: Ceruledge|atk|1\n|-boost|p2a: Ceruledge|def|1\n|move|p1a: Cyclizar|Draco Meteor|p2a: Ceruledge\n|-damage|p2a: Ceruledge|46\/100\n|-unboost|p1a: Cyclizar|spa|2\n|\n|upkeep\n|turn|16\n|\n|t:|1700496314\n|switch|p1a: Empoleon|Empoleon, F|37\/100\n|move|p2a: Ceruledge|Bitter Blade|p1a: Empoleon\n|-damage|p1a: Empoleon|0 fnt\n|-heal|p2a: Ceruledge|64\/100|[from] drain|[of] p1a: Empoleon\n|faint|p1a: Empoleon\n|\n|upkeep\n|\n|t:|1700496316\n|switch|p1a: Corviknight|Corviknight, F|100\/100\n|-ability|p1a: Corviknight|Pressure\n|turn|17\n|\n|t:|1700496334\n|-terastallize|p1a: Corviknight|Water\n|move|p2a: Ceruledge|Bitter Blade|p1a: Corviknight\n|-resisted|p1a: Corviknight\n|-damage|p1a: Corviknight|75\/100\n|-heal|p2a: Ceruledge|80\/100|[from] drain|[of] p1a: Corviknight\n|-damage|p2a: Ceruledge|63\/100|[from] item: Rocky Helmet|[of] p1a: Corviknight\n|move|p1a: Corviknight|Dragon Ascent|p2a: Ceruledge\n|-damage|p2a: Ceruledge|45\/100\n|-unboost|p1a: Corviknight|def|1\n|-unboost|p1a: Corviknight|spd|1\n|-ability|p2a: Ceruledge|Weak Armor|boost\n|-unboost|p2a: Ceruledge|def|1\n|-boost|p2a: Ceruledge|spe|2\n|\n|upkeep\n|turn|18\n|\n|t:|1700496348\n|-terastallize|p2a: Ceruledge|Grass\n|move|p2a: Ceruledge|Tera Blast|p1a: Corviknight|[anim] Tera Blast Grass\n|-supereffective|p1a: Corviknight\n|-damage|p1a: Corviknight|0 fnt\n|faint|p1a: Corviknight\n|\n|upkeep\n|\n|t:|1700496350\n|switch|p1a: Ting-Lu|Ting-Lu|94\/100 tox\n|-ability|p1a: Ting-Lu|Vessel of Ruin\n|turn|19\n|\n|t:|1700496355\n|move|p2a: Ceruledge|Tera Blast|p1a: Ting-Lu|[anim] Tera Blast Grass\n|-supereffective|p1a: Ting-Lu\n|-damage|p1a: Ting-Lu|0 fnt\n|faint|p1a: Ting-Lu\n|\n|upkeep\n|\n|t:|1700496357\n|switch|p1a: Cyclizar|Cyclizar, M|100\/100\n|turn|20\n|inactive|AmGeiii has 120 seconds left.\n|\n|t:|1700496403\n|move|p2a: Ceruledge|Bitter Blade|p1a: Cyclizar\n|-resisted|p1a: Cyclizar\n|-damage|p1a: Cyclizar|5\/100\n|-heal|p2a: Ceruledge|90\/100|[from] drain|[of] p1a: Cyclizar\n|move|p1a: Cyclizar|Endeavor|p2a: Ceruledge\n|-damage|p2a: Ceruledge|5\/100\n|-ability|p2a: Ceruledge|Weak Armor|boost\n|-unboost|p2a: Ceruledge|def|1\n|-boost|p2a: Ceruledge|spe|2\n|\n|upkeep\n|turn|21\n|\n|t:|1700496421\n|move|p1a: Cyclizar|Quick Attack|p2a: Ceruledge\n|-damage|p2a: Ceruledge|0 fnt\n|faint|p2a: Ceruledge\n|\n|upkeep\n|\n|t:|1700496426\n|switch|p2a: Gholdengo|Gholdengo|61\/100\n|turn|22\n|\n|t:|1700496430\n|move|p1a: Cyclizar|Draco Meteor|p2a: Gholdengo\n|-resisted|p2a: Gholdengo\n|-damage|p2a: Gholdengo|48\/100\n|-unboost|p1a: Cyclizar|spa|2\n|move|p2a: Gholdengo|Make It Rain|p1a: Cyclizar\n|-damage|p1a: Cyclizar|0 fnt\n|-unboost|p2a: Gholdengo|spa|1\n|faint|p1a: Cyclizar\n|\n|win|AmGeiii\n|n|\u2606Gyattebayo|gyattebayo\n|n|\u2606AmGeiii|amgeiii\n|n|*Lady Monita \u2746|ladymonita\n|n| Bunnysai|bunnysai\n|l|*Lady Monita \u2746\n|l|\u2606AmGeiii\n|l|\u2606Gyattebayo\n|j| RUMYMOME\n","uploadtime":1700496784,"views":0,"p1id":"gyattebayo","p2id":"amgeiii","formatid":"gen9anythinggoes","rating":0,"private":0,"password":""}