{"id":"gen9anythinggoes-1983036715","p1":"mck23","p2":"Kayleb1718","format":"[Gen 9] Anything Goes","log":"|j|\u2606mck23\n|j|\u2606Kayleb1718\n|t:|1699073407\n|gametype|singles\n|player|p1|mck23|cynthia|1331\n|player|p2|Kayleb1718|lucas-gen4pt|1375\n|teamsize|p1|6\n|teamsize|p2|6\n|gen|9\n|tier|[Gen 9] Anything Goes\n|rated|\n|rule|HP Percentage Mod: HP is shown in percentages\n|rule|Endless Battle Clause: Forcing endless battles is banned\n|clearpoke\n|poke|p1|Glimmora, F|\n|poke|p1|Regieleki|\n|poke|p1|Volcarona, F|\n|poke|p1|Ogerpon-Wellspring, F|\n|poke|p1|Gliscor, M|\n|poke|p1|Drifblim, M|\n|poke|p2|Zacian-*|\n|poke|p2|Calyrex-Shadow|\n|poke|p2|Urshifu-*, F|\n|poke|p2|Kingambit, M|\n|poke|p2|Miraidon|\n|poke|p2|Arceus-Fire|\n|teampreview\n|inactive|Battle timer is ON: inactive players will automatically lose when time's up. (requested by mck23)\n|\n|t:|1699073416\n|start\n|switch|p1a: Britney|Glimmora, F|100\/100\n|switch|p2a: Urshifu|Urshifu-Rapid-Strike, F|100\/100\n|turn|1\n|\n|t:|1699073425\n|move|p2a: Urshifu|Surging Strikes|p1a: Britney\n|-supereffective|p1a: Britney\n|-crit|p1a: Britney\n|-damage|p1a: Britney|52\/100\n|-activate|p1a: Britney|ability: Toxic Debris\n|-sidestart|p2: Kayleb1718|move: Toxic Spikes\n|-supereffective|p1a: Britney\n|-crit|p1a: Britney\n|-damage|p1a: Britney|5\/100\n|-activate|p1a: Britney|ability: Toxic Debris\n|-sidestart|p2: Kayleb1718|move: Toxic Spikes\n|-supereffective|p1a: Britney\n|-crit|p1a: Britney\n|-damage|p1a: Britney|0 fnt\n|faint|p1a: Britney\n|-hitcount|p1: Britney|3\n|\n|upkeep\n|\n|t:|1699073434\n|switch|p1a: Shrek's Daughter|Ogerpon-Wellspring, F|100\/100\n|turn|2\n|\n|t:|1699073440\n|move|p1a: Shrek's Daughter|Swords Dance|p1a: Shrek's Daughter\n|-boost|p1a: Shrek's Daughter|atk|2\n|move|p2a: Urshifu|Surging Strikes|p1a: Shrek's Daughter\n|-immune|p1a: Shrek's Daughter|[from] ability: Water Absorb\n|\n|upkeep\n|turn|3\n|\n|t:|1699073448\n|switch|p2a: Zacian|Zacian-Crowned, shiny|100\/100\n|-ability|p2a: Zacian|Intrepid Sword|boost\n|-boost|p2a: Zacian|atk|1\n|move|p1a: Shrek's Daughter|Swords Dance|p1a: Shrek's Daughter\n|-boost|p1a: Shrek's Daughter|atk|2\n|\n|upkeep\n|turn|4\n|\n|t:|1699073456\n|move|p2a: Zacian|Behemoth Blade|p1a: Shrek's Daughter\n|-resisted|p1a: Shrek's Daughter\n|-damage|p1a: Shrek's Daughter|44\/100\n|move|p1a: Shrek's Daughter|Ivy Cudgel|p2a: Zacian\n|-crit|p2a: Zacian\n|-damage|p2a: Zacian|0 fnt\n|faint|p2a: Zacian\n|\n|upkeep\n|\n|t:|1699073465\n|switch|p2a: Arceus|Arceus-Fire|100\/100\n|-status|p2a: Arceus|tox\n|turn|5\n|\n|t:|1699073471\n|move|p2a: Arceus|Extreme Speed|p1a: Shrek's Daughter\n|-damage|p1a: Shrek's Daughter|13\/100\n|move|p1a: Shrek's Daughter|Ivy Cudgel|p2a: Arceus\n|-supereffective|p2a: Arceus\n|-damage|p2a: Arceus|0 fnt\n|faint|p2a: Arceus\n|\n|upkeep\n|\n|t:|1699073476\n|switch|p2a: Urshifu|Urshifu-Rapid-Strike, F|100\/100\n|-status|p2a: Urshifu|tox\n|turn|6\n|\n|t:|1699073479\n|move|p1a: Shrek's Daughter|Horn Leech|p2a: Urshifu\n|-supereffective|p2a: Urshifu\n|-damage|p2a: Urshifu|0 fnt\n|-heal|p1a: Shrek's Daughter|69\/100|[from] drain|[of] p2a: Urshifu\n|faint|p2a: Urshifu\n|\n|upkeep\n|\n|t:|1699073485\n|switch|p2a: Miraidon|Miraidon|100\/100\n|-status|p2a: Miraidon|tox\n|-fieldstart|move: Electric Terrain|[from] ability: Hadron Engine|[of] p2a: Miraidon\n|turn|7\n|\n|t:|1699073490\n|move|p2a: Miraidon|Dragon Pulse|p1a: Shrek's Daughter\n|-damage|p1a: Shrek's Daughter|0 fnt\n|faint|p1a: Shrek's Daughter\n|\n|-damage|p2a: Miraidon|94\/100 tox|[from] psn\n|upkeep\n|\n|t:|1699073495\n|switch|p1a: BALLOONYYYY|Drifblim, M, shiny|100\/100\n|turn|8\n|\n|t:|1699073498\n|switch|p2a: Calyrex|Calyrex-Shadow|100\/100\n|-ability|p2a: Calyrex|As One\n|-ability|p2a: Calyrex|Unnerve\n|-status|p2a: Calyrex|tox\n|move|p1a: BALLOONYYYY|Calm Mind|p1a: BALLOONYYYY\n|-boost|p1a: BALLOONYYYY|spa|1\n|-boost|p1a: BALLOONYYYY|spd|1\n|\n|-damage|p2a: Calyrex|94\/100 tox|[from] psn\n|upkeep\n|turn|9\n|\n|t:|1699073504\n|move|p2a: Calyrex|Astral Barrage|p1a: BALLOONYYYY\n|-supereffective|p1a: BALLOONYYYY\n|-crit|p1a: BALLOONYYYY\n|-enditem|p1a: BALLOONYYYY|Focus Sash\n|-damage|p1a: BALLOONYYYY|1\/100\n|move|p1a: BALLOONYYYY|Calm Mind|p1a: BALLOONYYYY\n|-boost|p1a: BALLOONYYYY|spa|1\n|-boost|p1a: BALLOONYYYY|spd|1\n|\n|-heal|p2a: Calyrex|100\/100 tox|[from] item: Leftovers\n|-damage|p2a: Calyrex|88\/100 tox|[from] psn\n|upkeep\n|turn|10\n|\n|t:|1699073511\n|move|p2a: Calyrex|Astral Barrage|p1a: BALLOONYYYY\n|-supereffective|p1a: BALLOONYYYY\n|-damage|p1a: BALLOONYYYY|0 fnt\n|faint|p1a: BALLOONYYYY\n|-ability|p2a: Calyrex|Grim Neigh|boost\n|-boost|p2a: Calyrex|spa|1\n|\n|-heal|p2a: Calyrex|94\/100 tox|[from] item: Leftovers\n|-damage|p2a: Calyrex|76\/100 tox|[from] psn\n|upkeep\n|\n|t:|1699073513\n|switch|p1a: Batman|Gliscor, M, shiny|100\/100\n|turn|11\n|\n|t:|1699073530\n|-terastallize|p1a: Batman|Normal\n|move|p2a: Calyrex|Psyshock|p1a: Batman\n|-damage|p1a: Batman|22\/100\n|move|p1a: Batman|Earthquake|p2a: Calyrex\n|-damage|p2a: Calyrex|27\/100 tox\n|\n|-heal|p2a: Calyrex|33\/100 tox|[from] item: Leftovers\n|-damage|p2a: Calyrex|8\/100 tox|[from] psn\n|-fieldend|move: Electric Terrain\n|-status|p1a: Batman|tox|[from] item: Toxic Orb\n|upkeep\n|turn|12\n|\n|t:|1699073543\n|move|p2a: Calyrex|Draining Kiss|p1a: Batman\n|-damage|p1a: Batman|0 fnt\n|-heal|p2a: Calyrex|22\/100 tox|[from] drain|[of] p1a: Batman\n|faint|p1a: Batman\n|-ability|p2a: Calyrex|Grim Neigh|boost\n|-boost|p2a: Calyrex|spa|1\n|\n|-heal|p2a: Calyrex|28\/100 tox|[from] item: Leftovers\n|-damage|p2a: Calyrex|0 fnt|[from] psn\n|faint|p2a: Calyrex\n|upkeep\n|\n|t:|1699073550\n|switch|p2a: Miraidon|Miraidon|94\/100 tox\n|switch|p1a: zip zap|Regieleki|100\/100\n|-fieldstart|move: Electric Terrain|[from] ability: Hadron Engine|[of] p2a: Miraidon\n|turn|13\n|\n|t:|1699073557\n|move|p1a: zip zap|Volt Switch|p2a: Miraidon\n|-resisted|p2a: Miraidon\n|-crit|p2a: Miraidon\n|-damage|p2a: Miraidon|77\/100 tox\n|\n|t:|1699073560\n|switch|p1a: Sun|Volcarona, F, shiny|100\/100|[from] Volt Switch\n|move|p2a: Miraidon|Dragon Pulse|p1a: Sun\n|-damage|p1a: Sun|45\/100\n|\n|-heal|p2a: Miraidon|84\/100 tox|[from] item: Leftovers\n|-damage|p2a: Miraidon|77\/100 tox|[from] psn\n|upkeep\n|turn|14\n|\n|t:|1699073570\n|move|p2a: Miraidon|Dragon Pulse|p1a: Sun\n|-damage|p1a: Sun|0 fnt\n|faint|p1a: Sun\n|\n|-heal|p2a: Miraidon|84\/100 tox|[from] item: Leftovers\n|-damage|p2a: Miraidon|71\/100 tox|[from] psn\n|upkeep\n|\n|t:|1699073573\n|switch|p1a: zip zap|Regieleki|100\/100\n|turn|15\n|\n|t:|1699073591\n|move|p1a: zip zap|Volt Switch|p2a: Miraidon\n|-resisted|p2a: Miraidon\n|-damage|p2a: Miraidon|60\/100 tox\n|move|p2a: Miraidon|Dragon Pulse|p1a: zip zap\n|-damage|p1a: zip zap|0 fnt\n|faint|p1a: zip zap\n|\n|win|Kayleb1718\n|raw|mck23's rating: 1331 &rarr; <strong>1314<\/strong><br \/>(-17 for losing)\n|raw|Kayleb1718's rating: 1375 &rarr; <strong>1392<\/strong><br \/>(+17 for winning)\n|l|\u2606mck23\n|l|\u2606Kayleb1718\n|j|\u2606Kayleb1718\n|player|p2|Kayleb1718|lucas-gen4pt\n","uploadtime":1699073727,"views":4,"p1id":"mck23","p2id":"kayleb1718","formatid":"gen9anythinggoes","rating":1314,"private":0,"password":""}