{"id":"gen9anythinggoes-1972548248","p1":"YoungEsq","p2":"ParkerPAPA","format":"[Gen 9] Anything Goes","log":"|j|\u2606YoungEsq\n|j|\u2606ParkerPAPA\n|t:|1697855656\n|gametype|singles\n|player|p1|YoungEsq|169|1311\n|player|p2|ParkerPAPA|170|1242\n|teamsize|p1|6\n|teamsize|p2|6\n|gen|9\n|tier|[Gen 9] Anything Goes\n|rated|\n|rule|HP Percentage Mod: HP is shown in percentages\n|rule|Endless Battle Clause: Forcing endless battles is banned\n|clearpoke\n|poke|p1|Ting-Lu|\n|poke|p1|Gholdengo|\n|poke|p1|Roaring Moon|\n|poke|p1|Chi-Yu|\n|poke|p1|Samurott-Hisui, M|\n|poke|p1|Mandibuzz, F|\n|poke|p2|Slither Wing|\n|poke|p2|Clodsire, F|\n|poke|p2|Kilowattrel, M|\n|poke|p2|Iron Bundle|\n|poke|p2|Armarouge, F|\n|poke|p2|Lycanroc-Midnight, F|\n|teampreview\n|inactive|Battle timer is ON: inactive players will automatically lose when time's up. (requested by YoungEsq)\n|\n|t:|1697855675\n|start\n|switch|p1a: Ting-Lu|Ting-Lu|100\/100\n|switch|p2a: Kilowattrel|Kilowattrel, M|100\/100\n|-ability|p1a: Ting-Lu|Vessel of Ruin\n|turn|1\n|\n|t:|1697855679\n|switch|p2a: Iron Bundle|Iron Bundle|100\/100\n|move|p1a: Ting-Lu|Whirlwind|p2a: Iron Bundle\n|-end|p2a: Iron Bundle|Quark Drive|[silent]\n|drag|p2a: Kilowattrel|Kilowattrel, M|100\/100\n|\n|upkeep\n|turn|2\n|\n|t:|1697855684\n|switch|p2a: Iron Bundle|Iron Bundle|100\/100\n|move|p1a: Ting-Lu|Stealth Rock|p2a: Iron Bundle\n|-sidestart|p2: ParkerPAPA|move: Stealth Rock\n|\n|upkeep\n|turn|3\n|\n|t:|1697855688\n|move|p2a: Iron Bundle|Hydro Pump|p1a: Ting-Lu\n|-supereffective|p1a: Ting-Lu\n|-damage|p1a: Ting-Lu|41\/100\n|-damage|p2a: Iron Bundle|91\/100|[from] item: Life Orb\n|move|p1a: Ting-Lu|Whirlwind|p2a: Iron Bundle\n|-end|p2a: Iron Bundle|Quark Drive|[silent]\n|drag|p2a: Lycanroc|Lycanroc-Midnight, F|100\/100\n|-damage|p2a: Lycanroc|88\/100|[from] Stealth Rock\n|\n|-heal|p1a: Ting-Lu|47\/100|[from] item: Leftovers\n|upkeep\n|turn|4\n|\n|t:|1697855692\n|move|p2a: Lycanroc|Play Rough|p1a: Ting-Lu\n|-supereffective|p1a: Ting-Lu\n|-damage|p1a: Ting-Lu|15\/100\n|move|p1a: Ting-Lu|Whirlwind|p2a: Lycanroc\n|drag|p2a: Iron Bundle|Iron Bundle|91\/100\n|-damage|p2a: Iron Bundle|66\/100|[from] Stealth Rock\n|\n|-heal|p1a: Ting-Lu|21\/100|[from] item: Leftovers\n|upkeep\n|turn|5\n|\n|t:|1697855700\n|switch|p1a: Mandibuzz|Mandibuzz, F|100\/100\n|move|p2a: Iron Bundle|Freeze-Dry|p1a: Mandibuzz\n|-supereffective|p1a: Mandibuzz\n|-damage|p1a: Mandibuzz|48\/100\n|-damage|p2a: Iron Bundle|56\/100|[from] item: Life Orb\n|\n|upkeep\n|turn|6\n|\n|t:|1697855709\n|move|p2a: Iron Bundle|Freeze-Dry|p1a: Mandibuzz\n|-supereffective|p1a: Mandibuzz\n|-damage|p1a: Mandibuzz|0 fnt\n|faint|p1a: Mandibuzz\n|-damage|p2a: Iron Bundle|46\/100|[from] item: Life Orb\n|\n|upkeep\n|\n|t:|1697855718\n|switch|p1a: Gholdengo|Gholdengo|100\/100\n|-item|p1a: Gholdengo|Air Balloon\n|turn|7\n|\n|t:|1697855722\n|-terastallize|p2a: Iron Bundle|Ghost\n|move|p2a: Iron Bundle|Tera Blast|p1a: Gholdengo|[anim] Tera Blast Ghost\n|-supereffective|p1a: Gholdengo\n|-damage|p1a: Gholdengo|0 fnt\n|-enditem|p1a: Gholdengo|Air Balloon\n|faint|p1a: Gholdengo\n|-damage|p2a: Iron Bundle|36\/100|[from] item: Life Orb\n|\n|upkeep\n|\n|t:|1697855729\n|switch|p1a: Samurott|Samurott-Hisui, M|100\/100\n|turn|8\n|\n|t:|1697855733\n|-terastallize|p1a: Samurott|Dark\n|move|p2a: Iron Bundle|Freeze-Dry|p1a: Samurott\n|-damage|p1a: Samurott|50\/100\n|-damage|p2a: Iron Bundle|26\/100|[from] item: Life Orb\n|move|p1a: Samurott|Ceaseless Edge|p2a: Iron Bundle\n|-supereffective|p2a: Iron Bundle\n|-damage|p2a: Iron Bundle|0 fnt\n|-sidestart|p2: ParkerPAPA|Spikes\n|faint|p2a: Iron Bundle\n|-end|p2a: Iron Bundle|Quark Drive|[silent]\n|\n|upkeep\n|\n|t:|1697855739\n|switch|p2a: Slither Wing|Slither Wing|100\/100\n|-damage|p2a: Slither Wing|88\/100|[from] Stealth Rock\n|-damage|p2a: Slither Wing|76\/100|[from] Spikes\n|-enditem|p2a: Slither Wing|Booster Energy\n|-activate|p2a: Slither Wing|ability: Protosynthesis|[fromitem]\n|-start|p2a: Slither Wing|protosynthesisatk\n|turn|9\n|\n|t:|1697855744\n|move|p2a: Slither Wing|First Impression|p1a: Samurott\n|-supereffective|p1a: Samurott\n|-damage|p1a: Samurott|0 fnt\n|faint|p1a: Samurott\n|\n|upkeep\n|\n|t:|1697855747\n|switch|p1a: Chi-Yu|Chi-Yu|100\/100\n|-ability|p1a: Chi-Yu|Beads of Ruin\n|turn|10\n|\n|t:|1697855750\n|-end|p2a: Slither Wing|Protosynthesis|[silent]\n|switch|p2a: Armarouge|Armarouge, F|100\/100\n|-damage|p2a: Armarouge|76\/100|[from] Stealth Rock\n|-damage|p2a: Armarouge|64\/100|[from] Spikes\n|move|p1a: Chi-Yu|Flamethrower|p2a: Armarouge\n|-start|p2a: Armarouge|ability: Flash Fire\n|\n|upkeep\n|turn|11\n|\n|t:|1697855758\n|switch|p1a: Ting-Lu|Ting-Lu|21\/100\n|-ability|p1a: Ting-Lu|Vessel of Ruin\n|-end|p2a: Armarouge|ability: Flash Fire|[silent]\n|switch|p2a: Clodsire|Clodsire, F|100\/100\n|-damage|p2a: Clodsire|94\/100|[from] Stealth Rock\n|-damage|p2a: Clodsire|82\/100|[from] Spikes\n|\n|-heal|p1a: Ting-Lu|28\/100|[from] item: Leftovers\n|-heal|p2a: Clodsire|88\/100|[from] item: Leftovers\n|upkeep\n|turn|12\n|\n|t:|1697855765\n|move|p1a: Ting-Lu|Ruination|p2a: Clodsire\n|-damage|p2a: Clodsire|44\/100\n|move|p2a: Clodsire|Toxic|p1a: Ting-Lu\n|-status|p1a: Ting-Lu|tox\n|\n|-heal|p1a: Ting-Lu|34\/100 tox|[from] item: Leftovers\n|-heal|p2a: Clodsire|50\/100|[from] item: Leftovers\n|-damage|p1a: Ting-Lu|28\/100 tox|[from] psn\n|upkeep\n|turn|13\n|\n|t:|1697855771\n|move|p1a: Ting-Lu|Earthquake|p2a: Clodsire\n|-supereffective|p2a: Clodsire\n|-damage|p2a: Clodsire|0 fnt\n|faint|p2a: Clodsire\n|\n|-heal|p1a: Ting-Lu|34\/100 tox|[from] item: Leftovers\n|-damage|p1a: Ting-Lu|21\/100 tox|[from] psn\n|upkeep\n|\n|t:|1697855774\n|switch|p2a: Kilowattrel|Kilowattrel, M|100\/100\n|-damage|p2a: Kilowattrel|76\/100|[from] Stealth Rock\n|turn|14\n|\n|t:|1697855777\n|move|p2a: Kilowattrel|Tera Blast|p1a: Ting-Lu\n|-damage|p1a: Ting-Lu|12\/100 tox\n|move|p1a: Ting-Lu|Ruination|p2a: Kilowattrel\n|-damage|p2a: Kilowattrel|38\/100\n|\n|-heal|p1a: Ting-Lu|18\/100 tox|[from] item: Leftovers\n|-damage|p1a: Ting-Lu|0 fnt|[from] psn\n|faint|p1a: Ting-Lu\n|upkeep\n|\n|t:|1697855785\n|switch|p1a: Chi-Yu|Chi-Yu|100\/100\n|-ability|p1a: Chi-Yu|Beads of Ruin\n|turn|15\n|\n|t:|1697855789\n|move|p1a: Chi-Yu|Dark Pulse|p2a: Kilowattrel\n|-damage|p2a: Kilowattrel|0 fnt\n|faint|p2a: Kilowattrel\n|\n|upkeep\n|\n|t:|1697855792\n|switch|p2a: Slither Wing|Slither Wing|76\/100\n|-damage|p2a: Slither Wing|64\/100|[from] Stealth Rock\n|-damage|p2a: Slither Wing|52\/100|[from] Spikes\n|turn|16\n|\n|t:|1697855795\n|switch|p1a: Roaring Moon|Roaring Moon|100\/100\n|-enditem|p1a: Roaring Moon|Booster Energy\n|-activate|p1a: Roaring Moon|ability: Protosynthesis|[fromitem]\n|-start|p1a: Roaring Moon|protosynthesisatk\n|move|p2a: Slither Wing|First Impression|p1a: Roaring Moon\n|-supereffective|p1a: Roaring Moon\n|-damage|p1a: Roaring Moon|0 fnt\n|faint|p1a: Roaring Moon\n|-end|p1a: Roaring Moon|Protosynthesis|[silent]\n|\n|upkeep\n|\n|t:|1697855803\n|switch|p1a: Chi-Yu|Chi-Yu|100\/100\n|-ability|p1a: Chi-Yu|Beads of Ruin\n|turn|17\n|\n|t:|1697855806\n|-end|p2a: Slither Wing|Protosynthesis|[silent]\n|switch|p2a: Armarouge|Armarouge, F|64\/100\n|-damage|p2a: Armarouge|39\/100|[from] Stealth Rock\n|-damage|p2a: Armarouge|27\/100|[from] Spikes\n|move|p1a: Chi-Yu|Dark Pulse|p2a: Armarouge\n|-supereffective|p2a: Armarouge\n|-damage|p2a: Armarouge|0 fnt\n|faint|p2a: Armarouge\n|\n|upkeep\n|\n|t:|1697855808\n|switch|p2a: Slither Wing|Slither Wing|52\/100\n|-damage|p2a: Slither Wing|39\/100|[from] Stealth Rock\n|-damage|p2a: Slither Wing|27\/100|[from] Spikes\n|turn|18\n|\n|t:|1697855810\n|move|p2a: Slither Wing|First Impression|p1a: Chi-Yu\n|-damage|p1a: Chi-Yu|25\/100\n|move|p1a: Chi-Yu|Dark Pulse|p2a: Slither Wing\n|-resisted|p2a: Slither Wing\n|-damage|p2a: Slither Wing|0 fnt\n|faint|p2a: Slither Wing\n|-end|p2a: Slither Wing|Protosynthesis|[silent]\n|\n|upkeep\n|\n|t:|1697855812\n|switch|p2a: Lycanroc|Lycanroc-Midnight, F|88\/100\n|-damage|p2a: Lycanroc|76\/100|[from] Stealth Rock\n|-damage|p2a: Lycanroc|64\/100|[from] Spikes\n|turn|19\n|\n|t:|1697855814\n|move|p1a: Chi-Yu|Dark Pulse|p2a: Lycanroc\n|-damage|p2a: Lycanroc|0 fnt\n|faint|p2a: Lycanroc\n|\n|win|YoungEsq\n|raw|YoungEsq's rating: 1311 &rarr; <strong>1327<\/strong><br \/>(+16 for winning)\n|raw|ParkerPAPA's rating: 1242 &rarr; <strong>1222<\/strong><br \/>(-20 for losing)\n","uploadtime":1697855818,"views":11,"p1id":"youngesq","p2id":"parkerpapa","formatid":"gen9anythinggoes","rating":1222,"private":0,"password":""}