{"id":"gen9anythinggoes-1990753610","p1":"Cooperthefurry","p2":"hggjhgj","format":"[Gen 9] Anything Goes","log":"|j|\u2606Cooperthefurry\n|j|\u2606hggjhgj\n|t:|1699997636\n|gametype|singles\n|player|p1|Cooperthefurry|dawn|1106\n|player|p2|hggjhgj|102|1211\n|teamsize|p1|6\n|teamsize|p2|6\n|gen|9\n|tier|[Gen 9] Anything Goes\n|rated|\n|rule|HP Percentage Mod: HP is shown in percentages\n|rule|Endless Battle Clause: Forcing endless battles is banned\n|clearpoke\n|poke|p1|Drifblim, F|\n|poke|p1|Breloom, F|\n|poke|p1|Ditto|\n|poke|p1|Vivillon-Fancy, M|\n|poke|p1|Polteageist-Antique|\n|poke|p1|Basculegion, M|\n|poke|p2|Iron Bundle|\n|poke|p2|Iron Bundle|\n|poke|p2|Iron Bundle|\n|poke|p2|Iron Bundle|\n|poke|p2|Iron Bundle|\n|poke|p2|Iron Bundle|\n|teampreview\n|inactive|Battle timer is ON: inactive players will automatically lose when time's up. (requested by hggjhgj)\n|\n|t:|1699997654\n|start\n|switch|p1a: fr|Drifblim, F, shiny|100\/100\n|switch|p2a: tera ground|Iron Bundle|100\/100\n|turn|1\n|\n|t:|1699997658\n|move|p2a: tera ground|Taunt|p1a: fr\n|-start|p1a: fr|move: Taunt\n|cant|p1a: fr|move: Taunt|Minimize\n|\n|upkeep\n|turn|2\n|\n|t:|1699997664\n|switch|p1a: sus|Ditto|100\/100\n|-transform|p1a: sus|p2a: tera ground|[from] ability: Imposter\n|move|p2a: tera ground|Substitute|p2a: tera ground\n|-start|p2a: tera ground|Substitute\n|-damage|p2a: tera ground|76\/100\n|\n|-heal|p2a: tera ground|82\/100|[from] item: Leftovers\n|upkeep\n|turn|3\n|\n|t:|1699997678\n|-end|p2a: tera ground|Quark Drive|[silent]\n|switch|p2a: tera ghost|Iron Bundle|100\/100\n|move|p1a: sus|Encore||[still]\n|-fail|p1a: sus\n|\n|upkeep\n|turn|4\n|\n|t:|1699997682\n|move|p1a: sus|Taunt|p2a: tera ghost\n|-start|p2a: tera ghost|move: Taunt\n|cant|p2a: tera ghost|move: Taunt|Substitute\n|\n|upkeep\n|turn|5\n|\n|t:|1699997688\n|move|p2a: tera ghost|Freeze-Dry|p1a: sus\n|-damage|p1a: sus|42\/100\n|move|p1a: sus|Substitute|p1a: sus\n|-start|p1a: sus|Substitute\n|-damage|p1a: sus|17\/100\n|\n|-heal|p1a: sus|23\/100|[from] item: Leftovers\n|upkeep\n|turn|6\n|\n|t:|1699997699\n|move|p1a: sus|Freeze-Dry|p2a: tera ghost\n|-damage|p2a: tera ghost|28\/100\n|move|p2a: tera ghost|Freeze-Dry|p1a: sus\n|-end|p1a: sus|Substitute\n|\n|-heal|p1a: sus|29\/100|[from] item: Leftovers\n|-end|p2a: tera ghost|move: Taunt\n|upkeep\n|turn|7\n|\n|t:|1699997707\n|move|p2a: tera ghost|Freeze-Dry|p1a: sus\n|-damage|p1a: sus|0 fnt\n|faint|p1a: sus\n|-end|p1a: sus|Quark Drive|[silent]\n|\n|upkeep\n|\n|t:|1699997717\n|switch|p1a: Pikachew|Polteageist-Antique|100\/100\n|turn|8\n|\n|t:|1699997726\n|move|p2a: tera ghost|Substitute|p2a: tera ghost\n|-start|p2a: tera ghost|Substitute\n|-damage|p2a: tera ghost|3\/100\n|move|p1a: Pikachew|Shell Smash|p1a: Pikachew\n|-unboost|p1a: Pikachew|def|1\n|-unboost|p1a: Pikachew|spd|1\n|-boost|p1a: Pikachew|atk|2\n|-boost|p1a: Pikachew|spa|2\n|-boost|p1a: Pikachew|spe|2\n|\n|upkeep\n|turn|9\n|\n|t:|1699997741\n|move|p1a: Pikachew|Psychic|p2a: tera ghost\n|-end|p2a: tera ghost|Substitute\n|move|p2a: tera ghost|Freeze-Dry|p1a: Pikachew\n|-damage|p1a: Pikachew|37\/100\n|-status|p1a: Pikachew|frz\n|\n|upkeep\n|turn|10\n|\n|t:|1699997749\n|cant|p1a: Pikachew|frz\n|move|p2a: tera ghost|Freeze-Dry|p1a: Pikachew\n|-damage|p1a: Pikachew|0 fnt\n|faint|p1a: Pikachew\n|\n|upkeep\n|inactive|Cooperthefurry has 120 seconds left.\n|\n|t:|1699997787\n|switch|p1a: Gus fring|Vivillon-Fancy, M|100\/100\n|turn|11\n|inactive|hggjhgj has 120 seconds left.\n|\n|t:|1699997834\n|move|p2a: tera ghost|Freeze-Dry|p1a: Gus fring\n|-supereffective|p1a: Gus fring\n|-damage|p1a: Gus fring|0 fnt\n|faint|p1a: Gus fring\n|\n|upkeep\n|\n|t:|1699997844\n|switch|p1a: fr|Drifblim, F, shiny|100\/100\n|turn|12\n|\n|t:|1699997848\n|move|p2a: tera ghost|Freeze-Dry|p1a: fr\n|-supereffective|p1a: fr\n|-damage|p1a: fr|29\/100\n|move|p1a: fr|Minimize|p1a: fr\n|-boost|p1a: fr|evasion|2\n|\n|upkeep\n|turn|13\n|\n|t:|1699997854\n|move|p2a: tera ghost|Freeze-Dry|p1a: fr\n|-supereffective|p1a: fr\n|-damage|p1a: fr|0 fnt\n|faint|p1a: fr\n|\n|upkeep\n|\n|t:|1699997859\n|switch|p1a: Dumbfudge|Breloom, F, shiny|100\/100\n|turn|14\n|\n|t:|1699997864\n|move|p2a: tera ghost|Freeze-Dry|p1a: Dumbfudge\n|-supereffective|p1a: Dumbfudge\n|-damage|p1a: Dumbfudge|0 fnt\n|faint|p1a: Dumbfudge\n|\n|upkeep\n|\n|t:|1699997886\n|switch|p1a: Walter White|Basculegion, M|100\/100\n|-ability|p1a: Walter White|Mold Breaker\n|turn|15\n|\n|t:|1699997891\n|move|p2a: tera ghost|Freeze-Dry|p1a: Walter White\n|-supereffective|p1a: Walter White\n|-damage|p1a: Walter White|15\/100\n|move|p1a: Walter White|Agility|p1a: Walter White\n|-boost|p1a: Walter White|spe|2\n|\n|upkeep\n|turn|16\n|\n|t:|1699997897\n|move|p1a: Walter White|Last Respects|p2a: tera ghost\n|-damage|p2a: tera ghost|0 fnt\n|faint|p2a: tera ghost\n|-end|p2a: tera ghost|Quark Drive|[silent]\n|\n|upkeep\n|\n|t:|1699997901\n|switch|p2a: tera normal|Iron Bundle|100\/100\n|turn|17\n|\n|t:|1699997904\n|-terastallize|p2a: tera normal|Normal\n|move|p1a: Walter White|Last Respects|p2a: tera normal\n|-immune|p2a: tera normal\n|move|p2a: tera normal|Freeze-Dry|p1a: Walter White\n|-supereffective|p1a: Walter White\n|-damage|p1a: Walter White|0 fnt\n|faint|p1a: Walter White\n|\n|win|hggjhgj\n|raw|Cooperthefurry's rating: 1106 &rarr; <strong>1088<\/strong><br \/>(-18 for losing)\n|raw|hggjhgj's rating: 1211 &rarr; <strong>1229<\/strong><br \/>(+18 for winning)\n|l|\u2606Cooperthefurry\n","uploadtime":1699998217,"views":5,"p1id":"cooperthefurry","p2id":"hggjhgj","formatid":"gen9anythinggoes","rating":1088,"private":0,"password":""}