{"id":"gen9anythinggoes-1974837576","p1":"Dumbfudge","p2":"lkl303","format":"[Gen 9] Anything Goes","log":"|j|\u2606Dumbfudge\n|j|\u2606lkl303\n|t:|1698132656\n|gametype|singles\n|player|p1|Dumbfudge|blackbelt-gen4dp|1342\n|player|p2|lkl303|266|1356\n|teamsize|p1|6\n|teamsize|p2|6\n|gen|9\n|tier|[Gen 9] Anything Goes\n|rated|\n|rule|HP Percentage Mod: HP is shown in percentages\n|rule|Endless Battle Clause: Forcing endless battles is banned\n|clearpoke\n|poke|p1|Grimmsnarl, M|\n|poke|p1|Dudunsparce-*, F|\n|poke|p1|Zacian-*|\n|poke|p1|Calyrex-Shadow|\n|poke|p1|Drifblim, M|\n|poke|p1|Darkrai|\n|poke|p2|Kyogre|\n|poke|p2|Kyogre|\n|poke|p2|Kyogre|\n|poke|p2|Kyogre|\n|poke|p2|Kyogre|\n|poke|p2|Basculegion, M|\n|teampreview\n|c|\u2606Dumbfudge|Ok i won last time by luck\n|c|\u2606Dumbfudge|glhf\n|\n|t:|1698132685\n|start\n|switch|p1a: Grimmsnarl|Grimmsnarl, M|100\/100\n|switch|p2a: Kyogre|Kyogre|100\/100\n|-weather|RainDance|[from] ability: Drizzle|[of] p2a: Kyogre\n|turn|1\n|\n|t:|1698132696\n|-terastallize|p2a: Kyogre|Water\n|move|p1a: Grimmsnarl|Light Screen|p1a: Grimmsnarl\n|-sidestart|p1: Dumbfudge|move: Light Screen\n|move|p2a: Kyogre|Water Spout|p1a: Grimmsnarl\n|-damage|p1a: Grimmsnarl|13\/100\n|\n|-weather|RainDance|[upkeep]\n|upkeep\n|turn|2\n|\n|t:|1698132705\n|move|p1a: Grimmsnarl|Sucker Punch|p2a: Kyogre\n|-damage|p2a: Kyogre|67\/100\n|move|p2a: Kyogre|Water Spout|p1a: Grimmsnarl\n|-crit|p1a: Grimmsnarl\n|-damage|p1a: Grimmsnarl|0 fnt\n|faint|p1a: Grimmsnarl\n|\n|-weather|RainDance|[upkeep]\n|upkeep\n|\n|t:|1698132715\n|switch|p1a: Dudunsparce|Dudunsparce, F|100\/100\n|turn|3\n|\n|t:|1698132718\n|move|p2a: Kyogre|Water Spout|p1a: Dudunsparce\n|-damage|p1a: Dudunsparce|50\/100\n|move|p1a: Dudunsparce|Yawn|p2a: Kyogre\n|-start|p2a: Kyogre|move: Yawn|[of] p1a: Dudunsparce\n|\n|-weather|RainDance|[upkeep]\n|upkeep\n|turn|4\n|\n|t:|1698132731\n|move|p2a: Kyogre|Water Spout|p1a: Dudunsparce\n|-damage|p1a: Dudunsparce|3\/100\n|move|p1a: Dudunsparce|Calm Mind|p1a: Dudunsparce\n|-boost|p1a: Dudunsparce|spa|1\n|-boost|p1a: Dudunsparce|spd|1\n|\n|-weather|RainDance|[upkeep]\n|-end|p2a: Kyogre|move: Yawn|[silent]\n|-status|p2a: Kyogre|slp\n|upkeep\n|turn|5\n|\n|t:|1698132746\n|cant|p2a: Kyogre|slp\n|move|p1a: Dudunsparce|Baton Pass|p1a: Dudunsparce\n|\n|t:|1698132750\n|switch|p1a: Calyrex|Calyrex-Shadow|100\/100|[from] Baton Pass\n|-ability|p1a: Calyrex|As One\n|-ability|p1a: Calyrex|Unnerve\n|\n|-weather|none\n|upkeep\n|turn|6\n|\n|t:|1698132758\n|-curestatus|p2a: Kyogre|slp|[msg]\n|move|p2a: Kyogre|Water Spout|p1a: Calyrex\n|-damage|p1a: Calyrex|74\/100\n|move|p1a: Calyrex|Agility|p1a: Calyrex\n|-boost|p1a: Calyrex|spe|2\n|\n|-heal|p1a: Calyrex|81\/100|[from] item: Leftovers\n|upkeep\n|turn|7\n|\n|t:|1698132769\n|move|p1a: Calyrex|Astral Barrage|p2a: Kyogre\n|-damage|p2a: Kyogre|0 fnt\n|faint|p2a: Kyogre\n|-ability|p1a: Calyrex|Grim Neigh|boost\n|-boost|p1a: Calyrex|spa|1\n|\n|-heal|p1a: Calyrex|87\/100|[from] item: Leftovers\n|upkeep\n|\n|t:|1698132777\n|switch|p2a: Kyogre|Kyogre|100\/100\n|-weather|RainDance|[from] ability: Drizzle|[of] p2a: Kyogre\n|turn|8\n|\n|t:|1698132782\n|move|p1a: Calyrex|Astral Barrage|p2a: Kyogre\n|-damage|p2a: Kyogre|0 fnt\n|faint|p2a: Kyogre\n|-ability|p1a: Calyrex|Grim Neigh|boost\n|-boost|p1a: Calyrex|spa|1\n|\n|-weather|RainDance|[upkeep]\n|-heal|p1a: Calyrex|93\/100|[from] item: Leftovers\n|-sideend|p1: Dumbfudge|move: Light Screen\n|upkeep\n|\n|t:|1698132790\n|switch|p2a: Kyogre|Kyogre|100\/100\n|turn|9\n|\n|t:|1698132794\n|move|p1a: Calyrex|Astral Barrage|p2a: Kyogre\n|-damage|p2a: Kyogre|0 fnt\n|faint|p2a: Kyogre\n|-ability|p1a: Calyrex|Grim Neigh|boost\n|-boost|p1a: Calyrex|spa|1\n|\n|-weather|RainDance|[upkeep]\n|-heal|p1a: Calyrex|99\/100|[from] item: Leftovers\n|upkeep\n|\n|t:|1698132802\n|switch|p2a: Kyogre|Kyogre|100\/100\n|turn|10\n|\n|t:|1698132806\n|move|p1a: Calyrex|Astral Barrage|p2a: Kyogre\n|-damage|p2a: Kyogre|0 fnt\n|faint|p2a: Kyogre\n|-ability|p1a: Calyrex|Grim Neigh|boost\n|-boost|p1a: Calyrex|spa|1\n|\n|-weather|RainDance|[upkeep]\n|-heal|p1a: Calyrex|100\/100|[from] item: Leftovers\n|upkeep\n|\n|t:|1698132814\n|switch|p2a: Kyogre|Kyogre|100\/100\n|turn|11\n|\n|t:|1698132817\n|move|p1a: Calyrex|Astral Barrage|p2a: Kyogre\n|-damage|p2a: Kyogre|0 fnt\n|faint|p2a: Kyogre\n|-ability|p1a: Calyrex|Grim Neigh|boost\n|-boost|p1a: Calyrex|spa|1\n|\n|-weather|RainDance|[upkeep]\n|upkeep\n|\n|t:|1698132824\n|switch|p2a: Basculegion|Basculegion, M|100\/100\n|turn|12\n|\n|t:|1698132828\n|move|p1a: Calyrex|Astral Barrage|p2a: Basculegion\n|-supereffective|p2a: Basculegion\n|-enditem|p2a: Basculegion|Focus Sash\n|-damage|p2a: Basculegion|1\/100\n|move|p2a: Basculegion|Last Respects|p1a: Calyrex\n|-supereffective|p1a: Calyrex\n|-damage|p1a: Calyrex|0 fnt\n|faint|p1a: Calyrex\n|\n|-weather|none\n|upkeep\n|\n|t:|1698132842\n|switch|p1a: Zacian|Zacian-Crowned|100\/100\n|-ability|p1a: Zacian|Intrepid Sword|boost\n|-boost|p1a: Zacian|atk|1\n|turn|13\n|\n|t:|1698132846\n|move|p1a: Zacian|Behemoth Blade|p2a: Basculegion\n|-resisted|p2a: Basculegion\n|-damage|p2a: Basculegion|0 fnt\n|faint|p2a: Basculegion\n|\n|win|Dumbfudge\n|raw|Dumbfudge's rating: 1342 &rarr; <strong>1364<\/strong><br \/>(+22 for winning)\n|raw|lkl303's rating: 1383 &rarr; <strong>1361<\/strong><br \/>(-22 for losing)\n|l|\u2606lkl303\n","uploadtime":1698132866,"views":13,"p1id":"dumbfudge","p2id":"lkl303","formatid":"gen9anythinggoes","rating":1361,"private":0,"password":""}