{"id":"gen9anythinggoes-2000097174","p1":"Rowan_Rocket","p2":"Chipla","format":"[Gen 9] Anything Goes","log":"|j|\u2606Rowan_Rocket\n|j|\u2606Chipla\n|t:|1701154213\n|gametype|singles\n|player|p1|Rowan_Rocket|rocketgruntf|1136\n|player|p2|Chipla|hilbert-wonderlauncher|1294\n|teamsize|p1|6\n|teamsize|p2|6\n|gen|9\n|tier|[Gen 9] Anything Goes\n|rated|\n|rule|HP Percentage Mod: HP is shown in percentages\n|rule|Endless Battle Clause: Forcing endless battles is banned\n|clearpoke\n|poke|p1|Weezing-Galar, F|\n|poke|p1|Arbok, M|\n|poke|p1|Persian, F|\n|poke|p1|Persian-Alola, F|\n|poke|p1|Ariados, F|\n|poke|p1|Drifblim, M|\n|poke|p2|Calyrex-Shadow|\n|poke|p2|Espathra, F|\n|poke|p2|Ninetales-Alola, F|\n|poke|p2|Meloetta|\n|poke|p2|Shaymin|\n|poke|p2|Manaphy|\n|teampreview\n|inactive|Battle timer is ON: inactive players will automatically lose when time's up. (requested by Chipla)\n|\n|t:|1701154225\n|start\n|switch|p1a: Ariados|Ariados, F|100\/100\n|switch|p2a: Espathra|Espathra, F|100\/100\n|turn|1\n|\n|t:|1701154231\n|move|p2a: Espathra|Calm Mind|p2a: Espathra\n|-boost|p2a: Espathra|spa|1\n|-boost|p2a: Espathra|spd|1\n|move|p1a: Ariados|Knock Off|p2a: Espathra\n|-supereffective|p2a: Espathra\n|-damage|p2a: Espathra|65\/100\n|-enditem|p2a: Espathra|Leftovers|[from] move: Knock Off|[of] p1a: Ariados\n|\n|-ability|p2a: Espathra|Speed Boost|boost\n|-boost|p2a: Espathra|spe|1\n|upkeep\n|turn|2\n|\n|t:|1701154237\n|move|p2a: Espathra|Protect|p2a: Espathra\n|-singleturn|p2a: Espathra|Protect\n|move|p1a: Ariados|Toxic Thread|p2a: Espathra\n|-activate|p2a: Espathra|move: Protect\n|\n|-ability|p2a: Espathra|Speed Boost|boost\n|-boost|p2a: Espathra|spe|1\n|upkeep\n|turn|3\n|\n|t:|1701154241\n|switch|p1a: Persian|Persian-Alola, F|100\/100\n|move|p2a: Espathra|Calm Mind|p2a: Espathra\n|-boost|p2a: Espathra|spa|1\n|-boost|p2a: Espathra|spd|1\n|\n|-ability|p2a: Espathra|Speed Boost|boost\n|-boost|p2a: Espathra|spe|1\n|upkeep\n|turn|4\n|\n|t:|1701154245\n|move|p2a: Espathra|Baton Pass|p2a: Espathra\n|\n|t:|1701154246\n|switch|p2a: Manaphy|Manaphy|100\/100|[from] Baton Pass\n|move|p1a: Persian|Roar|p2a: Manaphy\n|drag|p2a: Meloetta|Meloetta|100\/100\n|\n|upkeep\n|turn|5\n|\n|t:|1701154251\n|-terastallize|p2a: Meloetta|Fighting\n|move|p1a: Persian|Parting Shot|p2a: Meloetta\n|-unboost|p2a: Meloetta|atk|1\n|-unboost|p2a: Meloetta|spa|1\n|\n|t:|1701154256\n|switch|p1a: Drifblim|Drifblim, M|100\/100|[from] Parting Shot\n|move|p2a: Meloetta|Tera Blast|p1a: Drifblim|[anim] Tera Blast Fighting\n|-immune|p1a: Drifblim\n|\n|-status|p1a: Drifblim|brn|[from] item: Flame Orb\n|upkeep\n|turn|6\n|\n|t:|1701154268\n|switch|p2a: Espathra|Espathra, F|65\/100\n|move|p1a: Drifblim|Shadow Ball|p2a: Espathra\n|-supereffective|p2a: Espathra\n|-damage|p2a: Espathra|0 fnt\n|faint|p2a: Espathra\n|\n|-damage|p1a: Drifblim|94\/100 brn|[from] brn\n|upkeep\n|\n|t:|1701154271\n|switch|p2a: Calyrex|Calyrex-Shadow|100\/100\n|-ability|p2a: Calyrex|As One\n|-ability|p2a: Calyrex|Unnerve\n|turn|7\n|\n|t:|1701154279\n|switch|p1a: Persian|Persian, F|100\/100\n|move|p2a: Calyrex|Astral Barrage|p1a: Persian\n|-immune|p1a: Persian\n|\n|upkeep\n|turn|8\n|\n|t:|1701154288\n|move|p1a: Persian|Bite|p2a: Calyrex\n|-supereffective|p2a: Calyrex\n|-damage|p2a: Calyrex|9\/100\n|move|p2a: Calyrex|Psyshock|p1a: Persian\n|-damage|p1a: Persian|0 fnt\n|faint|p1a: Persian\n|-ability|p2a: Calyrex|Grim Neigh|boost\n|-boost|p2a: Calyrex|spa|1\n|\n|-heal|p2a: Calyrex|16\/100|[from] item: Leftovers\n|upkeep\n|\n|t:|1701154300\n|switch|p1a: Persian|Persian-Alola, F|100\/100\n|turn|9\n|\n|t:|1701154303\n|move|p1a: Persian|Foul Play|p2a: Calyrex\n|-supereffective|p2a: Calyrex\n|-damage|p2a: Calyrex|0 fnt\n|faint|p2a: Calyrex\n|\n|upkeep\n|\n|t:|1701154309\n|switch|p2a: Ninetales|Ninetales-Alola, F|100\/100\n|-weather|Snow|[from] ability: Snow Warning|[of] p2a: Ninetales\n|turn|10\n|\n|t:|1701154315\n|move|p1a: Persian|Parting Shot|p2a: Ninetales\n|-unboost|p2a: Ninetales|atk|1\n|-unboost|p2a: Ninetales|spa|1\n|\n|t:|1701154319\n|switch|p1a: Weezing|Weezing-Galar, F|100\/100|[from] Parting Shot\n|move|p2a: Ninetales|Aurora Veil|p2a: Ninetales\n|-sidestart|p2: Chipla|move: Aurora Veil\n|\n|-weather|Snow|[upkeep]\n|upkeep\n|turn|11\n|\n|t:|1701154330\n|switch|p2a: Manaphy|Manaphy|100\/100\n|move|p1a: Weezing|Toxic Spikes|p2a: Manaphy\n|-sidestart|p2: Chipla|move: Toxic Spikes\n|\n|-weather|Snow|[upkeep]\n|upkeep\n|turn|12\n|\n|t:|1701154338\n|move|p2a: Manaphy|Acid Armor|p2a: Manaphy\n|-boost|p2a: Manaphy|def|2\n|move|p1a: Weezing|Clear Smog|p2a: Manaphy\n|-damage|p2a: Manaphy|96\/100\n|-clearboost|p2a: Manaphy\n|\n|-weather|Snow|[upkeep]\n|-heal|p2a: Manaphy|100\/100|[from] item: Leftovers\n|upkeep\n|turn|13\n|-message|Chipla forfeited.\n|\n|win|Rowan_Rocket\n|raw|Rowan_Rocket's rating: 1136 &rarr; <strong>1172<\/strong><br \/>(+36 for winning)\n|raw|Chipla's rating: 1294 &rarr; <strong>1258<\/strong><br \/>(-36 for losing)\n|l|\u2606Chipla\n","uploadtime":1701154358,"views":9,"p1id":"rowanrocket","p2id":"chipla","formatid":"gen9anythinggoes","rating":1172,"private":0,"password":""}