{"id":"gen9anythinggoes-1980645123","p1":"SoraCasburn12","p2":"mesanoob","format":"[Gen 9] Anything Goes","log":"|j|\u2606SoraCasburn12\n|j|\u2606mesanoob\n|t:|1698807126\n|gametype|singles\n|player|p1|SoraCasburn12|gardenia|1012\n|player|p2|mesanoob|swimmerf-gen4|1047\n|teamsize|p1|6\n|teamsize|p2|6\n|gen|9\n|tier|[Gen 9] Anything Goes\n|rated|\n|rule|HP Percentage Mod: HP is shown in percentages\n|rule|Endless Battle Clause: Forcing endless battles is banned\n|clearpoke\n|poke|p1|Ampharos, F|\n|poke|p1|Floatzel, M|\n|poke|p1|Cyclizar, F|\n|poke|p1|Tinkaton, F|\n|poke|p1|Electrode|\n|poke|p1|Politoed, M|\n|poke|p2|Pikachu, M|\n|poke|p2|Charizard, F|\n|poke|p2|Azumarill, M|\n|poke|p2|Krookodile, F|\n|poke|p2|Leafeon, F|\n|poke|p2|Ariados, M|\n|teampreview\n|\n|t:|1698807143\n|start\n|switch|p1a: Sugar Rush|Cyclizar, F|100\/100\n|switch|p2a: Ariados|Ariados, M|100\/100\n|turn|1\n|\n|t:|1698807149\n|move|p1a: Sugar Rush|Taunt|p2a: Ariados\n|-start|p2a: Ariados|move: Taunt\n|cant|p2a: Ariados|move: Taunt|Sticky Web\n|\n|upkeep\n|turn|2\n|c|\u2606mesanoob|not you being annoyinh\n|\n|t:|1698807163\n|move|p1a: Sugar Rush|Shift Gear|p1a: Sugar Rush\n|-boost|p1a: Sugar Rush|spe|2\n|-boost|p1a: Sugar Rush|atk|1\n|move|p2a: Ariados|Poison Jab|p1a: Sugar Rush\n|-crit|p1a: Sugar Rush\n|-damage|p1a: Sugar Rush|31\/100\n|\n|upkeep\n|turn|3\n|\n|t:|1698807171\n|move|p1a: Sugar Rush|Bite|p2a: Ariados\n|-damage|p2a: Ariados|66\/100\n|move|p2a: Ariados|Poison Jab|p1a: Sugar Rush\n|-damage|p1a: Sugar Rush|0 fnt\n|faint|p1a: Sugar Rush\n|\n|-end|p2a: Ariados|move: Taunt\n|upkeep\n|\n|t:|1698807178\n|switch|p1a: Granad Eppler|Electrode|100\/100\n|turn|4\n|\n|t:|1698807181\n|move|p1a: Granad Eppler|Self-Destruct|p2a: Ariados\n|-enditem|p1a: Granad Eppler|Normal Gem|[from] gem\n|-damage|p2a: Ariados|0 fnt\n|faint|p1a: Granad Eppler\n|faint|p2a: Ariados\n|\n|upkeep\n|\n|t:|1698807187\n|switch|p1a: Sid|Politoed, M|100\/100\n|switch|p2a: Leafeon|Leafeon, F|100\/100\n|-weather|RainDance|[from] ability: Drizzle|[of] p1a: Sid\n|turn|5\n|\n|t:|1698807193\n|switch|p1a: Bonnie|Tinkaton, F|100\/100\n|move|p2a: Leafeon|Leech Seed|p1a: Bonnie\n|-start|p1a: Bonnie|move: Leech Seed\n|\n|-weather|RainDance|[upkeep]\n|-damage|p1a: Bonnie|88\/100|[from] Leech Seed|[of] p2a: Leafeon\n|upkeep\n|turn|6\n|\n|t:|1698807200\n|move|p1a: Bonnie|Gigaton Hammer|p2a: Leafeon\n|-damage|p2a: Leafeon|63\/100\n|move|p2a: Leafeon|Yawn|p1a: Bonnie\n|-start|p1a: Bonnie|move: Yawn|[of] p2a: Leafeon\n|\n|-weather|RainDance|[upkeep]\n|-heal|p1a: Bonnie|94\/100|[from] item: Leftovers\n|-damage|p1a: Bonnie|82\/100|[from] Leech Seed|[of] p2a: Leafeon\n|-heal|p2a: Leafeon|77\/100|[silent]\n|upkeep\n|turn|7\n|\n|t:|1698807210\n|move|p1a: Bonnie|Rock Smash|p2a: Leafeon\n|-damage|p2a: Leafeon|70\/100\n|-unboost|p2a: Leafeon|def|1\n|move|p2a: Leafeon|Swords Dance|p2a: Leafeon\n|-boost|p2a: Leafeon|atk|2\n|\n|-weather|RainDance|[upkeep]\n|-heal|p1a: Bonnie|88\/100|[from] item: Leftovers\n|-damage|p1a: Bonnie|76\/100|[from] Leech Seed|[of] p2a: Leafeon\n|-heal|p2a: Leafeon|85\/100|[silent]\n|-end|p1a: Bonnie|move: Yawn|[silent]\n|-status|p1a: Bonnie|slp\n|upkeep\n|turn|8\n|\n|t:|1698807222\n|switch|p1a: Rosemary|Ampharos, F|100\/100\n|move|p2a: Leafeon|Baton Pass|p2a: Leafeon\n|\n|t:|1698807229\n|switch|p2a: Pikachu|Pikachu, M|100\/100|[from] Baton Pass\n|\n|-weather|RainDance|[upkeep]\n|upkeep\n|turn|9\n|\n|t:|1698807236\n|move|p2a: Pikachu|Surf|p1a: Rosemary\n|-damage|p1a: Rosemary|51\/100\n|move|p1a: Rosemary|Power Gem|p2a: Pikachu\n|-damage|p2a: Pikachu|24\/100\n|\n|-weather|none\n|upkeep\n|turn|10\n|\n|t:|1698807253\n|move|p2a: Pikachu|Draining Kiss|p1a: Rosemary\n|-damage|p1a: Rosemary|32\/100\n|-heal|p2a: Pikachu|49\/100|[from] drain|[of] p1a: Rosemary\n|move|p1a: Rosemary|Power Gem|p2a: Pikachu\n|-damage|p2a: Pikachu|0 fnt\n|faint|p2a: Pikachu\n|\n|upkeep\n|\n|t:|1698807261\n|switch|p2a: Leafeon|Leafeon, F|85\/100\n|turn|11\n|\n|t:|1698807271\n|move|p2a: Leafeon|Leech Seed|p1a: Rosemary\n|-start|p1a: Rosemary|move: Leech Seed\n|move|p1a: Rosemary|Thunderbolt|p2a: Leafeon\n|-resisted|p2a: Leafeon\n|-damage|p2a: Leafeon|48\/100\n|\n|-damage|p1a: Rosemary|20\/100|[from] Leech Seed|[of] p2a: Leafeon\n|-heal|p2a: Leafeon|66\/100|[silent]\n|upkeep\n|turn|12\n|\n|t:|1698807280\n|move|p2a: Leafeon|Swords Dance|p2a: Leafeon\n|-boost|p2a: Leafeon|atk|2\n|move|p1a: Rosemary|Electro Ball|p2a: Leafeon\n|-resisted|p2a: Leafeon\n|-damage|p2a: Leafeon|52\/100\n|\n|-damage|p1a: Rosemary|8\/100|[from] Leech Seed|[of] p2a: Leafeon\n|-heal|p2a: Leafeon|70\/100|[silent]\n|upkeep\n|turn|13\n|\n|t:|1698807290\n|move|p2a: Leafeon|Baton Pass|p2a: Leafeon\n|\n|t:|1698807294\n|switch|p2a: Krookodile|Krookodile, F|100\/100|[from] Baton Pass\n|move|p1a: Rosemary|Thunderbolt|p2a: Krookodile\n|-immune|p2a: Krookodile\n|\n|-damage|p1a: Rosemary|0 fnt|[from] Leech Seed|[of] p2a: Krookodile\n|faint|p1a: Rosemary\n|upkeep\n|\n|t:|1698807301\n|switch|p1a: Sergeant|Floatzel, M|100\/100\n|turn|14\n|\n|t:|1698807307\n|move|p1a: Sergeant|Liquidation|p2a: Krookodile\n|-supereffective|p2a: Krookodile\n|-damage|p2a: Krookodile|0 fnt\n|faint|p2a: Krookodile\n|\n|upkeep\n|\n|t:|1698807316\n|switch|p2a: Leafeon|Leafeon, F|70\/100\n|turn|15\n|\n|t:|1698807320\n|switch|p1a: Sid|Politoed, M|100\/100\n|-weather|RainDance|[from] ability: Drizzle|[of] p1a: Sid\n|move|p2a: Leafeon|Leech Seed|p1a: Sid|[miss]\n|-miss|p2a: Leafeon|p1a: Sid\n|\n|-weather|RainDance|[upkeep]\n|upkeep\n|turn|16\n|\n|t:|1698807329\n|-terastallize|p1a: Sid|Grass\n|move|p2a: Leafeon|Leech Seed|p1a: Sid\n|-immune|p1a: Sid\n|move|p1a: Sid|Mud Shot|p2a: Leafeon\n|-resisted|p2a: Leafeon\n|-damage|p2a: Leafeon|59\/100\n|-unboost|p2a: Leafeon|spe|1\n|\n|-weather|RainDance|[upkeep]\n|upkeep\n|turn|17\n|c|\u2606mesanoob|hahaha\n|c|\u2606mesanoob|that tera is so weird\n|\n|t:|1698807350\n|move|p1a: Sid|Blizzard|p2a: Leafeon\n|-supereffective|p2a: Leafeon\n|-damage|p2a: Leafeon|0 fnt\n|faint|p2a: Leafeon\n|\n|-weather|RainDance|[upkeep]\n|upkeep\n|\n|t:|1698807363\n|switch|p2a: Charizard|Charizard, F|100\/100\n|turn|18\n|c|\u2606SoraCasburn12|friend suggested it because he thought Politoed was weird mon choice for me to pick\n|\n|t:|1698807374\n|move|p2a: Charizard|Substitute|p2a: Charizard\n|-start|p2a: Charizard|Substitute\n|-damage|p2a: Charizard|75\/100\n|move|p1a: Sid|Hydro Pump|p2a: Charizard\n|-supereffective|p2a: Charizard\n|-end|p2a: Charizard|Substitute\n|\n|-weather|RainDance|[upkeep]\n|upkeep\n|turn|19\n|\n|t:|1698807381\n|switch|p2a: Azumarill|Azumarill, M|100\/100\n|move|p1a: Sid|Hydro Pump|p2a: Azumarill\n|-resisted|p2a: Azumarill\n|-damage|p2a: Azumarill|62\/100\n|\n|-weather|none\n|upkeep\n|turn|20\n|\n|t:|1698807397\n|move|p1a: Sid|Blizzard|p2a: Azumarill|[miss]\n|-miss|p1a: Sid|p2a: Azumarill\n|move|p2a: Azumarill|Play Rough|p1a: Sid|[miss]\n|-miss|p2a: Azumarill|p1a: Sid\n|\n|upkeep\n|turn|21\n|\n|t:|1698807408\n|move|p1a: Sid|Perish Song|p1a: Sid\n|-start|p1a: Sid|perish3|[silent]\n|-start|p2a: Azumarill|perish3|[silent]\n|-fieldactivate|move: Perish Song\n|move|p2a: Azumarill|Belly Drum|p2a: Azumarill\n|-damage|p2a: Azumarill|12\/100\n|-setboost|p2a: Azumarill|atk|6|[from] move: Belly Drum\n|-enditem|p2a: Azumarill|Sitrus Berry|[eat]\n|-heal|p2a: Azumarill|37\/100|[from] item: Sitrus Berry\n|\n|-start|p1a: Sid|perish3\n|-start|p2a: Azumarill|perish3\n|upkeep\n|turn|22\n|c|\u2606SoraCasburn12|well might as well use this\n|\n|t:|1698807419\n|move|p1a: Sid|Mud Shot|p2a: Azumarill\n|-damage|p2a: Azumarill|20\/100\n|-unboost|p2a: Azumarill|spe|1\n|move|p2a: Azumarill|Play Rough|p1a: Sid|[miss]\n|-miss|p2a: Azumarill|p1a: Sid\n|\n|-start|p1a: Sid|perish2\n|-start|p2a: Azumarill|perish2\n|upkeep\n|turn|23\n|\n|t:|1698807429\n|move|p1a: Sid|Hydro Pump|p2a: Azumarill\n|-resisted|p2a: Azumarill\n|-damage|p2a: Azumarill|0 fnt\n|faint|p2a: Azumarill\n|\n|-start|p1a: Sid|perish1\n|upkeep\n|c|\u2606SoraCasburn12|how in the hell?\n|\n|t:|1698807435\n|switch|p2a: Charizard|Charizard, F|75\/100\n|turn|24\n|c|\u2606mesanoob|i missed twice\n|c|\u2606SoraCasburn12|Play rough is such good move but the acccccc\n|c|\u2606mesanoob|is 90%\n|c|\u2606mesanoob|so\n|c|\u2606mesanoob|you got 10% lucky twice\n|c|\u2606SoraCasburn12|Sid the chad\n|c|\u2606mesanoob|yee\n|c|\u2606mesanoob|sid is pre wild\n|c|\u2606mesanoob|i gotta risk it\n|\n|t:|1698807509\n|switch|p1a: Sergeant|Floatzel, M|100\/100\n|move|p2a: Charizard|Belly Drum|p2a: Charizard\n|-damage|p2a: Charizard|25\/100\n|-setboost|p2a: Charizard|atk|6|[from] move: Belly Drum\n|-enditem|p2a: Charizard|Salac Berry|[eat]\n|-boost|p2a: Charizard|spe|1|[from] item: Salac Berry\n|\n|upkeep\n|turn|25\n|c|\u2606mesanoob|omg\n|\n|t:|1698807518\n|move|p1a: Sergeant|Aqua Jet|p2a: Charizard\n|-supereffective|p2a: Charizard\n|-damage|p2a: Charizard|0 fnt\n|faint|p2a: Charizard\n|\n|win|SoraCasburn12\n|raw|SoraCasburn12's rating: 1012 &rarr; <strong>1054<\/strong><br \/>(+42 for winning)\n|raw|mesanoob's rating: 1047 &rarr; <strong>1028<\/strong><br \/>(-19 for losing)\n|c|\u2606mesanoob|noooo\n|c|\u2606mesanoob|gg\n|c|\u2606SoraCasburn12|GG\n|l|\u2606mesanoob\n","uploadtime":1698807531,"views":8,"p1id":"soracasburn12","p2id":"mesanoob","formatid":"gen9anythinggoes","rating":1028,"private":0,"password":""}