{"id":"gen9anythinggoes-1978517905","p1":"evonik","p2":"NewMarioGame","format":"[Gen 9] Anything Goes","log":"|j|\u2606evonik\n|j|\u2606NewMarioGame\n|t:|1698549515\n|gametype|singles\n|player|p1|evonik|2|1099\n|player|p2|NewMarioGame|101|1000\n|teamsize|p1|6\n|teamsize|p2|6\n|gen|9\n|tier|[Gen 9] Anything Goes\n|rated|\n|rule|HP Percentage Mod: HP is shown in percentages\n|rule|Endless Battle Clause: Forcing endless battles is banned\n|clearpoke\n|poke|p1|Breloom, M|\n|poke|p1|Heatran, M|\n|poke|p1|Rotom-Wash|\n|poke|p1|Tornadus-Therian, M|\n|poke|p1|Thundurus, M|\n|poke|p1|Tinkaton, F|\n|poke|p2|Sawsbuck, M|\n|poke|p2|Indeedee, M|\n|poke|p2|Quaquaval, M|\n|poke|p2|Maushold|\n|poke|p2|Iron Moth|\n|poke|p2|Glimmora, F|\n|teampreview\n|\n|t:|1698549540\n|start\n|switch|p1a: Heatran|Heatran, M|100\/100\n|switch|p2a: Quaquaval|Quaquaval, M|100\/100\n|turn|1\n|inactive|Battle timer is ON: inactive players will automatically lose when time's up. (requested by NewMarioGame)\n|\n|t:|1698549552\n|move|p2a: Quaquaval|Aqua Step|p1a: Heatran\n|-supereffective|p1a: Heatran\n|-damage|p1a: Heatran|28\/100\n|-boost|p2a: Quaquaval|spe|1\n|-status|p2a: Quaquaval|brn|[from] ability: Flame Body|[of] p1a: Heatran\n|move|p1a: Heatran|Stealth Rock|p2a: Quaquaval\n|-sidestart|p2: NewMarioGame|move: Stealth Rock\n|\n|-heal|p1a: Heatran|35\/100|[from] item: Leftovers\n|-damage|p2a: Quaquaval|94\/100 brn|[from] brn\n|upkeep\n|turn|2\n|\n|t:|1698549563\n|move|p2a: Quaquaval|Aqua Step|p1a: Heatran\n|-supereffective|p1a: Heatran\n|-damage|p1a: Heatran|2\/100\n|-boost|p2a: Quaquaval|spe|1\n|move|p1a: Heatran|Stone Edge|p2a: Quaquaval\n|-resisted|p2a: Quaquaval\n|-damage|p2a: Quaquaval|82\/100 brn\n|\n|-heal|p2a: Quaquaval|88\/100 brn|[from] item: Leftovers\n|-heal|p1a: Heatran|8\/100|[from] item: Leftovers\n|-damage|p2a: Quaquaval|82\/100 brn|[from] brn\n|upkeep\n|turn|3\n|\n|t:|1698549574\n|move|p1a: Heatran|Protect|p1a: Heatran\n|-singleturn|p1a: Heatran|Protect\n|move|p2a: Quaquaval|Aqua Step|p1a: Heatran\n|-activate|p1a: Heatran|move: Protect\n|\n|-heal|p2a: Quaquaval|88\/100 brn|[from] item: Leftovers\n|-heal|p1a: Heatran|14\/100|[from] item: Leftovers\n|-damage|p2a: Quaquaval|82\/100 brn|[from] brn\n|upkeep\n|turn|4\n|\n|t:|1698549590\n|move|p2a: Quaquaval|Aqua Step|p1a: Heatran\n|-supereffective|p1a: Heatran\n|-damage|p1a: Heatran|0 fnt\n|-boost|p2a: Quaquaval|spe|1\n|faint|p1a: Heatran\n|-ability|p2a: Quaquaval|Moxie|boost\n|-boost|p2a: Quaquaval|atk|1\n|\n|-heal|p2a: Quaquaval|88\/100 brn|[from] item: Leftovers\n|-damage|p2a: Quaquaval|82\/100 brn|[from] brn\n|upkeep\n|\n|t:|1698549610\n|switch|p1a: Thundurus|Thundurus, M, shiny|100\/100\n|turn|5\n|\n|t:|1698549619\n|move|p2a: Quaquaval|Ice Spinner|p1a: Thundurus\n|-supereffective|p1a: Thundurus\n|-enditem|p1a: Thundurus|Yache Berry|[eat]\n|-enditem|p1a: Thundurus|Yache Berry|[weaken]\n|-damage|p1a: Thundurus|72\/100\n|move|p1a: Thundurus|Thunderbolt|p2a: Quaquaval\n|-supereffective|p2a: Quaquaval\n|-damage|p2a: Quaquaval|0 fnt\n|faint|p2a: Quaquaval\n|\n|upkeep\n|\n|t:|1698549634\n|switch|p2a: Sawsbuck|Sawsbuck, M|100\/100\n|-damage|p2a: Sawsbuck|88\/100|[from] Stealth Rock\n|turn|6\n|\n|t:|1698549644\n|move|p1a: Thundurus|Thunder Wave|p2a: Sawsbuck\n|-status|p2a: Sawsbuck|par\n|move|p2a: Sawsbuck|Swords Dance|p2a: Sawsbuck\n|-boost|p2a: Sawsbuck|atk|2\n|\n|upkeep\n|turn|7\n|\n|t:|1698549654\n|move|p1a: Thundurus|Thunder Punch|p2a: Sawsbuck\n|-resisted|p2a: Sawsbuck\n|-damage|p2a: Sawsbuck|65\/100 par\n|move|p2a: Sawsbuck|Horn Leech|p1a: Thundurus\n|-resisted|p1a: Thundurus\n|-damage|p1a: Thundurus|0 fnt\n|-heal|p2a: Sawsbuck|100\/100 par|[from] drain|[of] p1a: Thundurus\n|faint|p1a: Thundurus\n|-damage|p2a: Sawsbuck|91\/100 par|[from] item: Life Orb\n|\n|upkeep\n|\n|t:|1698549668\n|switch|p1a: Tornadus|Tornadus-Therian, M, shiny|100\/100\n|turn|8\n|\n|t:|1698549673\n|move|p1a: Tornadus|Heat Wave|p2a: Sawsbuck\n|-supereffective|p2a: Sawsbuck\n|-damage|p2a: Sawsbuck|8\/100 par\n|cant|p2a: Sawsbuck|par\n|\n|upkeep\n|turn|9\n|\n|t:|1698549678\n|move|p1a: Tornadus|Heat Wave|p2a: Sawsbuck\n|-supereffective|p2a: Sawsbuck\n|-damage|p2a: Sawsbuck|0 fnt\n|faint|p2a: Sawsbuck\n|\n|upkeep\n|\n|t:|1698549691\n|switch|p2a: Maushold|Maushold|100\/100\n|-damage|p2a: Maushold|88\/100|[from] Stealth Rock\n|turn|10\n|\n|t:|1698549698\n|move|p2a: Maushold|Encore|p1a: Tornadus\n|-start|p1a: Tornadus|Encore\n|move|p1a: Tornadus|Heat Wave|p2a: Maushold\n|-damage|p2a: Maushold|48\/100\n|\n|upkeep\n|turn|11\n|\n|t:|1698549705\n|switch|p2a: Iron Moth|Iron Moth|100\/100\n|move|p1a: Tornadus|Heat Wave|p2a: Iron Moth\n|-resisted|p2a: Iron Moth\n|-damage|p2a: Iron Moth|86\/100\n|\n|upkeep\n|turn|12\n|\n|t:|1698549717\n|switch|p1a: Tinkaton|Tinkaton, F, shiny|100\/100\n|move|p2a: Iron Moth|Substitute|p2a: Iron Moth\n|-start|p2a: Iron Moth|Substitute\n|-damage|p2a: Iron Moth|61\/100\n|\n|upkeep\n|turn|13\n|\n|t:|1698549728\n|move|p2a: Iron Moth|Fiery Dance|p1a: Tinkaton\n|-supereffective|p1a: Tinkaton\n|-damage|p1a: Tinkaton|4\/100\n|-boost|p2a: Iron Moth|spa|1\n|move|p1a: Tinkaton|Play Rough|p2a: Iron Moth\n|-resisted|p2a: Iron Moth\n|-activate|p2a: Iron Moth|move: Substitute|[damage]\n|\n|-heal|p1a: Tinkaton|10\/100|[from] item: Leftovers\n|upkeep\n|turn|14\n|\n|t:|1698549738\n|move|p2a: Iron Moth|Fiery Dance|p1a: Tinkaton\n|-supereffective|p1a: Tinkaton\n|-damage|p1a: Tinkaton|0 fnt\n|faint|p1a: Tinkaton\n|\n|upkeep\n|\n|t:|1698549748\n|switch|p1a: Rotom|Rotom-Wash|100\/100\n|turn|15\n|\n|t:|1698549755\n|move|p2a: Iron Moth|Sludge Wave|p1a: Rotom\n|-damage|p1a: Rotom|20\/100\n|move|p1a: Rotom|Hydro Pump|p2a: Iron Moth|[miss]\n|-miss|p1a: Rotom|p2a: Iron Moth\n|\n|-heal|p1a: Rotom|26\/100|[from] item: Leftovers\n|upkeep\n|turn|16\n|\n|t:|1698549764\n|move|p2a: Iron Moth|Sludge Wave|p1a: Rotom\n|-damage|p1a: Rotom|0 fnt\n|faint|p1a: Rotom\n|\n|upkeep\n|\n|t:|1698549769\n|switch|p1a: Tornadus|Tornadus-Therian, M, shiny|100\/100\n|turn|17\n|\n|t:|1698549776\n|move|p2a: Iron Moth|Fiery Dance|p1a: Tornadus\n|-damage|p1a: Tornadus|57\/100\n|move|p1a: Tornadus|Knock Off|p2a: Iron Moth\n|-end|p2a: Iron Moth|Substitute\n|\n|upkeep\n|turn|18\n|\n|t:|1698549793\n|move|p2a: Iron Moth|Substitute|p2a: Iron Moth\n|-start|p2a: Iron Moth|Substitute\n|-damage|p2a: Iron Moth|36\/100\n|move|p1a: Tornadus|U-turn|p2a: Iron Moth\n|-resisted|p2a: Iron Moth\n|-activate|p2a: Iron Moth|move: Substitute|[damage]\n|\n|t:|1698549798\n|switch|p1a: Breloom|Breloom, M, shiny|100\/100|[from] U-turn\n|\n|-status|p1a: Breloom|tox|[from] item: Toxic Orb\n|upkeep\n|turn|19\n|\n|t:|1698549818\n|move|p2a: Iron Moth|Fiery Dance|p1a: Breloom\n|-supereffective|p1a: Breloom\n|-damage|p1a: Breloom|0 fnt\n|faint|p1a: Breloom\n|\n|upkeep\n|\n|t:|1698549822\n|switch|p1a: Tornadus|Tornadus-Therian, M, shiny|91\/100\n|turn|20\n|\n|t:|1698549830\n|move|p2a: Iron Moth|Sludge Wave|p1a: Tornadus\n|-damage|p1a: Tornadus|44\/100\n|move|p1a: Tornadus|Knock Off|p2a: Iron Moth\n|-end|p2a: Iron Moth|Substitute\n|\n|upkeep\n|turn|21\n|\n|t:|1698549838\n|move|p2a: Iron Moth|Sludge Wave|p1a: Tornadus\n|-crit|p1a: Tornadus\n|-damage|p1a: Tornadus|0 fnt\n|faint|p1a: Tornadus\n|\n|win|NewMarioGame\n|raw|evonik's rating: 1099 &rarr; <strong>1067<\/strong><br \/>(-32 for losing)\n|raw|NewMarioGame's rating: 1000 &rarr; <strong>1051<\/strong><br \/>(+51 for winning)\n|c|\u2606NewMarioGame|gg\n|l|\u2606evonik\n","uploadtime":1698549846,"views":9,"p1id":"evonik","p2id":"newmariogame","formatid":"gen9anythinggoes","rating":1051,"private":0,"password":""}