{"id":"gen9anythinggoes-1973110305","p1":"Pipiundkaka","p2":"ospina2301","format":"[Gen 9] Anything Goes","log":"|j|\u2606Pipiundkaka\n|j|\u2606ospina2301\n|t:|1697928724\n|gametype|singles\n|player|p1|Pipiundkaka|buck|1060\n|player|p2|ospina2301|gambler|1199\n|teamsize|p1|6\n|teamsize|p2|6\n|gen|9\n|tier|[Gen 9] Anything Goes\n|rated|\n|rule|HP Percentage Mod: HP is shown in percentages\n|rule|Endless Battle Clause: Forcing endless battles is banned\n|clearpoke\n|poke|p1|Scovillain, F|\n|poke|p1|Ninetales, M|\n|poke|p1|Oricorio-Pa'u, F|\n|poke|p1|Zoroark-Hisui, F|\n|poke|p1|Gliscor, M|\n|poke|p1|Grafaiai, F|\n|poke|p2|Abomasnow, M|\n|poke|p2|Beartic, M|\n|poke|p2|Baxcalibur, M|\n|poke|p2|Iron Bundle|\n|poke|p2|Grimmsnarl, M|\n|poke|p2|Arcanine, F|\n|teampreview\n|inactive|Battle timer is ON: inactive players will automatically lose when time's up. (requested by Pipiundkaka)\n|\n|t:|1697928735\n|start\n|switch|p1a: Scovillain|Scovillain, F|100\/100\n|switch|p2a: Grimmsnarl|Grimmsnarl, M|100\/100\n|turn|1\n|\n|t:|1697928747\n|move|p1a: Scovillain|Protect|p1a: Scovillain\n|-singleturn|p1a: Scovillain|Protect\n|move|p2a: Grimmsnarl|Taunt|p1a: Scovillain\n|-activate|p1a: Scovillain|move: Protect\n|\n|-ability|p1a: Scovillain|Moody|boost\n|-boost|p1a: Scovillain|spd|2\n|-unboost|p1a: Scovillain|spa|1\n|upkeep\n|turn|2\n|\n|t:|1697928775\n|move|p2a: Grimmsnarl|Taunt|p1a: Scovillain\n|-start|p1a: Scovillain|move: Taunt\n|cant|p1a: Scovillain|move: Taunt|Substitute\n|\n|-ability|p1a: Scovillain|Moody|boost\n|-boost|p1a: Scovillain|atk|2\n|-unboost|p1a: Scovillain|spe|1\n|upkeep\n|turn|3\n|\n|t:|1697928786\n|move|p2a: Grimmsnarl|Draining Kiss|p1a: Scovillain\n|-resisted|p1a: Scovillain\n|-damage|p1a: Scovillain|97\/100\n|move|p1a: Scovillain|Giga Drain|p2a: Grimmsnarl\n|-damage|p2a: Grimmsnarl|87\/100\n|-heal|p1a: Scovillain|100\/100|[from] drain|[of] p2a: Grimmsnarl\n|\n|-ability|p1a: Scovillain|Moody|boost\n|-boost|p1a: Scovillain|spd|2\n|-unboost|p1a: Scovillain|def|1\n|upkeep\n|turn|4\n|\n|t:|1697928798\n|switch|p1a: Oricorio|Oricorio-Pa'u, F|100\/100\n|move|p2a: Grimmsnarl|Parting Shot|p1a: Oricorio\n|-unboost|p1a: Oricorio|atk|1\n|-unboost|p1a: Oricorio|spa|1\n|\n|t:|1697928810\n|switch|p2a: Baxcalibur|Baxcalibur, M, shiny|100\/100|[from] Parting Shot\n|\n|upkeep\n|turn|5\n|\n|t:|1697928823\n|move|p2a: Baxcalibur|Dragon Dance|p2a: Baxcalibur\n|-boost|p2a: Baxcalibur|atk|1\n|-boost|p2a: Baxcalibur|spe|1\n|-activate|p1a: Oricorio|ability: Dancer\n|move|p1a: Oricorio|Dragon Dance|p1a: Oricorio|[from]ability: Dancer\n|-boost|p1a: Oricorio|atk|1\n|-boost|p1a: Oricorio|spe|1\n|move|p1a: Oricorio|Baton Pass|p1a: Oricorio\n|inactive|Pipiundkaka has 120 seconds left.\n|\n|t:|1697928844\n|switch|p1a: Grafaiai|Grafaiai, F|100\/100|[from] Baton Pass\n|\n|upkeep\n|turn|6\n|\n|t:|1697928852\n|move|p1a: Grafaiai|Encore|p2a: Baxcalibur\n|-start|p2a: Baxcalibur|Encore\n|move|p2a: Baxcalibur|Dragon Dance|p2a: Baxcalibur\n|-boost|p2a: Baxcalibur|atk|1\n|-boost|p2a: Baxcalibur|spe|1\n|\n|upkeep\n|turn|7\n|\n|t:|1697928858\n|move|p1a: Grafaiai|Taunt|p2a: Baxcalibur\n|-start|p2a: Baxcalibur|move: Taunt\n|cant|p2a: Baxcalibur|move: Taunt|Dragon Dance\n|\n|upkeep\n|turn|8\n|c|\u2606ospina2301|interesting\n|inactive|Pipiundkaka has 120 seconds left.\n|\n|t:|1697928884\n|switch|p2a: Grimmsnarl|Grimmsnarl, M|87\/100\n|move|p1a: Grafaiai|Poison Jab|p2a: Grimmsnarl\n|-supereffective|p2a: Grimmsnarl\n|-damage|p2a: Grimmsnarl|4\/100\n|\n|upkeep\n|turn|9\n|inactive|Pipiundkaka has 120 seconds left.\n|\n|t:|1697928895\n|move|p1a: Grafaiai|Poison Jab|p2a: Grimmsnarl\n|-supereffective|p2a: Grimmsnarl\n|-damage|p2a: Grimmsnarl|0 fnt\n|faint|p2a: Grimmsnarl\n|\n|upkeep\n|\n|t:|1697928904\n|switch|p2a: Abomasnow|Abomasnow, M|100\/100\n|-weather|Snow|[from] ability: Snow Warning|[of] p2a: Abomasnow\n|turn|10\n|c|\u2606Pipiundkaka|:)\n|\n|t:|1697928914\n|move|p1a: Grafaiai|U-turn|p2a: Abomasnow\n|-supereffective|p2a: Abomasnow\n|-damage|p2a: Abomasnow|72\/100\n|\n|t:|1697928920\n|switch|p1a: Ninetales|Ninetales, M|100\/100|[from] U-turn\n|-weather|SunnyDay|[from] ability: Drought|[of] p1a: Ninetales\n|move|p2a: Abomasnow|Leech Seed|p1a: Ninetales|[miss]\n|-miss|p2a: Abomasnow|p1a: Ninetales\n|\n|-weather|SunnyDay|[upkeep]\n|-heal|p2a: Abomasnow|78\/100|[from] item: Leftovers\n|upkeep\n|turn|11\n|inactive|ospina2301 has 120 seconds left.\n|inactive|Pipiundkaka has 120 seconds left.\n|inactive|ospina2301 has 90 seconds left.\n|inactive|ospina2301 has 60 seconds left.\n|inactive|ospina2301 has 30 seconds left.\n|\n|t:|1697929045\n|move|p1a: Ninetales|Flamethrower|p2a: Abomasnow\n|-supereffective|p2a: Abomasnow\n|-damage|p2a: Abomasnow|0 fnt\n|faint|p2a: Abomasnow\n|\n|-weather|SunnyDay|[upkeep]\n|upkeep\n|inactive|ospina2301 has 30 seconds left.\n|\n|t:|1697929052\n|switch|p2a: Iron Bundle|Iron Bundle, shiny|100\/100\n|-enditem|p2a: Iron Bundle|Booster Energy\n|-activate|p2a: Iron Bundle|ability: Quark Drive|[fromitem]\n|-start|p2a: Iron Bundle|quarkdrivespe\n|turn|12\n|\n|t:|1697929064\n|-terastallize|p2a: Iron Bundle|Water\n|move|p1a: Ninetales|Protect|p1a: Ninetales\n|-singleturn|p1a: Ninetales|Protect\n|move|p2a: Iron Bundle|Tera Blast|p1a: Ninetales|[anim] Tera Blast Water\n|-activate|p1a: Ninetales|move: Protect\n|\n|-weather|SunnyDay|[upkeep]\n|upkeep\n|turn|13\n|inactive|Pipiundkaka has 120 seconds left.\n|\n|t:|1697929093\n|-terastallize|p1a: Ninetales|Flying\n|move|p2a: Iron Bundle|Thief|p1a: Ninetales\n|-damage|p1a: Ninetales|86\/100\n|-enditem|p1a: Ninetales|Leftovers|[silent]|[from] move: Thief|[of] p2a: Iron Bundle\n|-item|p2a: Iron Bundle|Leftovers|[from] move: Thief|[of] p1a: Ninetales\n|move|p1a: Ninetales|Calm Mind|p1a: Ninetales\n|-boost|p1a: Ninetales|spa|1\n|-boost|p1a: Ninetales|spd|1\n|\n|-weather|SunnyDay|[upkeep]\n|upkeep\n|turn|14\n|\n|t:|1697929106\n|move|p2a: Iron Bundle|Freeze-Dry|p1a: Ninetales\n|-supereffective|p1a: Ninetales\n|-damage|p1a: Ninetales|33\/100\n|move|p1a: Ninetales|Calm Mind|p1a: Ninetales\n|-boost|p1a: Ninetales|spa|1\n|-boost|p1a: Ninetales|spd|1\n|\n|-weather|none\n|upkeep\n|turn|15\n|inactive|Pipiundkaka has 120 seconds left.\n|\n|t:|1697929114\n|move|p2a: Iron Bundle|Freeze-Dry|p1a: Ninetales\n|-supereffective|p1a: Ninetales\n|-crit|p1a: Ninetales\n|-damage|p1a: Ninetales|0 fnt\n|faint|p1a: Ninetales\n|\n|upkeep\n|\n|t:|1697929119\n|switch|p1a: Scovillain|Scovillain, F|100\/100\n|turn|16\n|\n|t:|1697929126\n|move|p2a: Iron Bundle|Freeze-Dry|p1a: Scovillain\n|-damage|p1a: Scovillain|64\/100\n|move|p1a: Scovillain|Substitute|p1a: Scovillain\n|-start|p1a: Scovillain|Substitute\n|-damage|p1a: Scovillain|39\/100\n|\n|-heal|p1a: Scovillain|45\/100|[from] item: Leftovers\n|-ability|p1a: Scovillain|Moody|boost\n|-boost|p1a: Scovillain|spa|2\n|-unboost|p1a: Scovillain|atk|1\n|upkeep\n|turn|17\n|inactive|ospina2301 has 60 seconds left.\n|\n|t:|1697929145\n|move|p1a: Scovillain|Protect|p1a: Scovillain\n|-singleturn|p1a: Scovillain|Protect\n|move|p2a: Iron Bundle|Blizzard|p1a: Scovillain\n|-activate|p1a: Scovillain|move: Protect\n|\n|-heal|p1a: Scovillain|51\/100|[from] item: Leftovers\n|-ability|p1a: Scovillain|Moody|boost\n|-boost|p1a: Scovillain|spd|2\n|-unboost|p1a: Scovillain|atk|1\n|upkeep\n|turn|18\n|inactive|ospina2301 has 60 seconds left.\n|\n|t:|1697929160\n|move|p2a: Iron Bundle|Blizzard|p1a: Scovillain|[miss]\n|-miss|p2a: Iron Bundle|p1a: Scovillain\n|move|p1a: Scovillain|Giga Drain|p2a: Iron Bundle\n|-supereffective|p2a: Iron Bundle\n|-damage|p2a: Iron Bundle|0 fnt\n|-heal|p1a: Scovillain|89\/100|[from] drain|[of] p2a: Iron Bundle\n|faint|p2a: Iron Bundle\n|-end|p2a: Iron Bundle|Quark Drive|[silent]\n|\n|-heal|p1a: Scovillain|95\/100|[from] item: Leftovers\n|-ability|p1a: Scovillain|Moody|boost\n|-boost|p1a: Scovillain|spd|2\n|-unboost|p1a: Scovillain|def|1\n|upkeep\n|\n|t:|1697929167\n|switch|p2a: Arcanine|Arcanine, F|100\/100\n|-ability|p2a: Arcanine|Intimidate|boost\n|-immune|p1a: Scovillain\n|turn|19\n|inactive|ospina2301 has 60 seconds left.\n|\n|t:|1697929177\n|move|p1a: Scovillain|Protect|p1a: Scovillain\n|-singleturn|p1a: Scovillain|Protect\n|move|p2a: Arcanine|Will-O-Wisp|p1a: Scovillain\n|-activate|p1a: Scovillain|move: Protect\n|\n|-heal|p1a: Scovillain|100\/100|[from] item: Leftovers\n|-ability|p1a: Scovillain|Moody|boost\n|-boost|p1a: Scovillain|spe|2\n|-unboost|p1a: Scovillain|def|1\n|upkeep\n|turn|20\n|\n|t:|1697929191\n|move|p1a: Scovillain|Giga Drain|p2a: Arcanine\n|-resisted|p2a: Arcanine\n|-damage|p2a: Arcanine|67\/100\n|move|p2a: Arcanine|Will-O-Wisp||[still]\n|-fail|p2a: Arcanine\n|\n|-ability|p1a: Scovillain|Moody|boost\n|-boost|p1a: Scovillain|spd|2\n|-unboost|p1a: Scovillain|atk|1\n|upkeep\n|turn|21\n|\n|t:|1697929200\n|move|p1a: Scovillain|Giga Drain|p2a: Arcanine\n|-resisted|p2a: Arcanine\n|-damage|p2a: Arcanine|29\/100\n|move|p2a: Arcanine|Thunder Fang|p1a: Scovillain\n|-resisted|p1a: Scovillain\n|-end|p1a: Scovillain|Substitute\n|\n|-ability|p1a: Scovillain|Moody|boost\n|-boost|p1a: Scovillain|def|2\n|-unboost|p1a: Scovillain|spd|1\n|upkeep\n|turn|22\n|\n|t:|1697929209\n|move|p1a: Scovillain|Giga Drain|p2a: Arcanine\n|-resisted|p2a: Arcanine\n|-damage|p2a: Arcanine|0 fnt\n|faint|p2a: Arcanine\n|\n|-ability|p1a: Scovillain|Moody|boost\n|-boost|p1a: Scovillain|def|2\n|-unboost|p1a: Scovillain|spe|1\n|upkeep\n|\n|t:|1697929214\n|switch|p2a: Baxcalibur|Baxcalibur, M, shiny|100\/100\n|turn|23\n|inactive|ospina2301 has 90 seconds left.\n|\n|t:|1697929219\n|move|p1a: Scovillain|Protect|p1a: Scovillain\n|-singleturn|p1a: Scovillain|Protect\n|move|p2a: Baxcalibur|Icicle Crash|p1a: Scovillain\n|-activate|p1a: Scovillain|move: Protect\n|\n|-ability|p1a: Scovillain|Moody|boost\n|-boost|p1a: Scovillain|spe|2\n|-unboost|p1a: Scovillain|spd|1\n|upkeep\n|turn|24\n|\n|t:|1697929229\n|move|p2a: Baxcalibur|Protect|p2a: Baxcalibur\n|-singleturn|p2a: Baxcalibur|Protect\n|move|p1a: Scovillain|Substitute|p1a: Scovillain\n|-start|p1a: Scovillain|Substitute\n|-damage|p1a: Scovillain|76\/100\n|\n|-heal|p1a: Scovillain|82\/100|[from] item: Leftovers\n|-ability|p1a: Scovillain|Moody|boost\n|-boost|p1a: Scovillain|atk|2\n|-unboost|p1a: Scovillain|def|1\n|upkeep\n|turn|25\n|\n|t:|1697929239\n|move|p1a: Scovillain|Flamethrower|p2a: Baxcalibur\n|-damage|p2a: Baxcalibur|35\/100\n|-ability|p2a: Baxcalibur|Thermal Exchange|boost\n|-boost|p2a: Baxcalibur|atk|1\n|move|p2a: Baxcalibur|Icicle Crash|p1a: Scovillain\n|-end|p1a: Scovillain|Substitute\n|\n|-heal|p1a: Scovillain|88\/100|[from] item: Leftovers\n|-ability|p1a: Scovillain|Moody|boost\n|-boost|p1a: Scovillain|spd|2\n|-unboost|p1a: Scovillain|def|1\n|upkeep\n|turn|26\n|inactive|Pipiundkaka has 120 seconds left.\n|c|\u2606Pipiundkaka|I\u2019m scared by my own Scovillain onestly\n|\n|t:|1697929275\n|move|p1a: Scovillain|Flamethrower|p2a: Baxcalibur\n|-damage|p2a: Baxcalibur|0 fnt\n|faint|p2a: Baxcalibur\n|\n|-heal|p1a: Scovillain|94\/100|[from] item: Leftovers\n|-ability|p1a: Scovillain|Moody|boost\n|-boost|p1a: Scovillain|spa|2\n|-unboost|p1a: Scovillain|spd|1\n|upkeep\n|\n|t:|1697929286\n|switch|p2a: Beartic|Beartic, M|100\/100\n|turn|27\n|inactive|ospina2301 has 90 seconds left.\n|\n|t:|1697929305\n|move|p1a: Scovillain|Protect|p1a: Scovillain\n|-singleturn|p1a: Scovillain|Protect\n|move|p2a: Beartic|Ice Punch|p1a: Scovillain\n|-activate|p1a: Scovillain|move: Protect\n|\n|-heal|p1a: Scovillain|99\/100|[from] item: Leftovers\n|-ability|p1a: Scovillain|Moody|boost\n|-boost|p1a: Scovillain|spe|2\n|-unboost|p1a: Scovillain|spd|1\n|upkeep\n|turn|28\n|c|\u2606ospina2301|jsjsjs\n|\n|t:|1697929317\n|move|p1a: Scovillain|Flamethrower|p2a: Beartic\n|-supereffective|p2a: Beartic\n|-damage|p2a: Beartic|0 fnt\n|faint|p2a: Beartic\n|\n|win|Pipiundkaka\n|raw|Pipiundkaka's rating: 1060 &rarr; <strong>1103<\/strong><br \/>(+43 for winning)\n|raw|ospina2301's rating: 1199 &rarr; <strong>1164<\/strong><br \/>(-35 for losing)\n|c|\u2606Pipiundkaka|Gg\n","uploadtime":1697929344,"views":7,"p1id":"pipiundkaka","p2id":"ospina2301","formatid":"gen9anythinggoes","rating":1103,"private":0,"password":""}