{"id":"gen9anythinggoes-1975412026","p1":"rayd9","p2":"pandabot42","format":"[Gen 9] Anything Goes","log":"|j|\u2606rayd9\n|j|\u2606pandabot42\n|t:|1698188465\n|gametype|singles\n|player|p1|rayd9|emmet|1045\n|player|p2|pandabot42|worker|1078\n|teamsize|p1|6\n|teamsize|p2|6\n|gen|9\n|tier|[Gen 9] Anything Goes\n|rated|\n|rule|HP Percentage Mod: HP is shown in percentages\n|rule|Endless Battle Clause: Forcing endless battles is banned\n|clearpoke\n|poke|p1|Garganacl, M|\n|poke|p1|Annihilape, F|\n|poke|p1|Armarouge, F|\n|poke|p1|Flutter Mane|\n|poke|p1|Dudunsparce-*, F|\n|poke|p1|Palafin, F|\n|poke|p2|Drifblim, F|\n|poke|p2|Volcarona, M|\n|poke|p2|Arceus|\n|poke|p2|Palafin, F|\n|poke|p2|Pawmot, F|\n|poke|p2|Zamazenta-*|\n|teampreview\n|c|\u2606pandabot42|glhf\n|\n|t:|1698188476\n|start\n|switch|p1a: Dudunsparce|Dudunsparce-Three-Segment, F, shiny|100\/100\n|switch|p2a: Palafin|Palafin, F|100\/100\n|turn|1\n|\n|t:|1698188487\n|detailschange|p2a: Palafin|Palafin-Hero, F\n|switch|p2a: Zamazenta|Zamazenta-Crowned|100\/100\n|-ability|p2a: Zamazenta|Dauntless Shield|boost\n|-boost|p2a: Zamazenta|def|1\n|move|p1a: Dudunsparce|Agility|p1a: Dudunsparce\n|-boost|p1a: Dudunsparce|spe|2\n|\n|upkeep\n|turn|2\n|\n|t:|1698188496\n|move|p1a: Dudunsparce|Substitute|p1a: Dudunsparce\n|-start|p1a: Dudunsparce|Substitute\n|-damage|p1a: Dudunsparce|75\/100\n|move|p2a: Zamazenta|Iron Defense|p2a: Zamazenta\n|-boost|p2a: Zamazenta|def|2\n|\n|upkeep\n|turn|3\n|\n|t:|1698188503\n|move|p2a: Zamazenta|Iron Defense|p2a: Zamazenta\n|-boost|p2a: Zamazenta|def|2\n|move|p1a: Dudunsparce|Coil|p1a: Dudunsparce\n|-boost|p1a: Dudunsparce|atk|1\n|-boost|p1a: Dudunsparce|def|1\n|-boost|p1a: Dudunsparce|accuracy|1\n|\n|upkeep\n|turn|4\n|\n|t:|1698188512\n|move|p2a: Zamazenta|Body Press|p1a: Dudunsparce\n|-supereffective|p1a: Dudunsparce\n|-end|p1a: Dudunsparce|Substitute\n|move|p1a: Dudunsparce|Coil|p1a: Dudunsparce\n|-boost|p1a: Dudunsparce|atk|1\n|-boost|p1a: Dudunsparce|def|1\n|-boost|p1a: Dudunsparce|accuracy|1\n|\n|upkeep\n|turn|5\n|\n|t:|1698188521\n|move|p1a: Dudunsparce|Baton Pass|p1a: Dudunsparce\n|\n|t:|1698188523\n|switch|p1a: Annihilape|Annihilape, F, shiny|100\/100|[from] Baton Pass\n|move|p2a: Zamazenta|Body Press|p1a: Annihilape\n|-immune|p1a: Annihilape\n|\n|upkeep\n|turn|6\n|c|\u2606pandabot42|oh boy\n|\n|t:|1698188535\n|-terastallize|p1a: Annihilape|Fighting\n|move|p1a: Annihilape|Close Combat|p2a: Zamazenta\n|-supereffective|p2a: Zamazenta\n|-damage|p2a: Zamazenta|16\/100\n|-unboost|p1a: Annihilape|def|1\n|-unboost|p1a: Annihilape|spd|1\n|move|p2a: Zamazenta|Psychic Fangs|p1a: Annihilape\n|-supereffective|p1a: Annihilape\n|-damage|p1a: Annihilape|67\/100\n|\n|upkeep\n|turn|7\n|inactive|Battle timer is ON: inactive players will automatically lose when time's up. (requested by pandabot42)\n|\n|t:|1698188551\n|move|p1a: Annihilape|Close Combat|p2a: Zamazenta\n|-supereffective|p2a: Zamazenta\n|-damage|p2a: Zamazenta|0 fnt\n|-unboost|p1a: Annihilape|def|1\n|-unboost|p1a: Annihilape|spd|1\n|faint|p2a: Zamazenta\n|\n|upkeep\n|\n|t:|1698188565\n|switch|p2a: Volcarona|Volcarona, M|100\/100\n|turn|8\n|\n|t:|1698188570\n|move|p1a: Annihilape|Close Combat|p2a: Volcarona\n|-resisted|p2a: Volcarona\n|-damage|p2a: Volcarona|0 fnt\n|-unboost|p1a: Annihilape|def|1\n|-unboost|p1a: Annihilape|spd|1\n|faint|p2a: Volcarona\n|\n|upkeep\n|\n|t:|1698188577\n|switch|p2a: Drifblim|Drifblim, F, shiny|100\/100\n|turn|9\n|\n|t:|1698188586\n|switch|p1a: Garganacl|Garganacl, M, shiny|100\/100\n|move|p2a: Drifblim|Minimize|p2a: Drifblim\n|-boost|p2a: Drifblim|evasion|2\n|\n|upkeep\n|turn|10\n|\n|t:|1698188595\n|move|p2a: Drifblim|Minimize|p2a: Drifblim\n|-boost|p2a: Drifblim|evasion|2\n|move|p1a: Garganacl|Stealth Rock|p2a: Drifblim\n|-sidestart|p2: pandabot42|move: Stealth Rock\n|\n|upkeep\n|turn|11\n|\n|t:|1698188602\n|move|p2a: Drifblim|Minimize|p2a: Drifblim\n|-boost|p2a: Drifblim|evasion|2\n|move|p1a: Garganacl|Salt Cure|p2a: Drifblim|[miss]\n|-miss|p1a: Garganacl|p2a: Drifblim\n|\n|upkeep\n|turn|12\n|\n|t:|1698188609\n|move|p2a: Drifblim|Baton Pass|p2a: Drifblim\n|\n|t:|1698188620\n|switch|p2a: Arceus|Arceus|100\/100|[from] Baton Pass\n|-damage|p2a: Arceus|88\/100|[from] Stealth Rock\n|move|p1a: Garganacl|Salt Cure|p2a: Arceus|[miss]\n|-miss|p1a: Garganacl|p2a: Arceus\n|\n|upkeep\n|turn|13\n|\n|t:|1698188630\n|move|p2a: Arceus|Swords Dance|p2a: Arceus\n|-boost|p2a: Arceus|atk|2\n|move|p1a: Garganacl|Salt Cure|p2a: Arceus\n|-damage|p2a: Arceus|77\/100\n|-start|p2a: Arceus|Salt Cure\n|\n|-damage|p2a: Arceus|65\/100|[from] Salt Cure\n|upkeep\n|turn|14\n|\n|t:|1698188639\n|move|p2a: Arceus|Swords Dance|p2a: Arceus\n|-boost|p2a: Arceus|atk|2\n|move|p1a: Garganacl|Curse|p1a: Garganacl\n|-unboost|p1a: Garganacl|spe|1\n|-boost|p1a: Garganacl|atk|1\n|-boost|p1a: Garganacl|def|1\n|\n|-damage|p2a: Arceus|53\/100|[from] Salt Cure\n|upkeep\n|turn|15\n|\n|t:|1698188649\n|move|p2a: Arceus|Earthquake|p1a: Garganacl\n|-supereffective|p1a: Garganacl\n|-damage|p1a: Garganacl|0 fnt\n|faint|p1a: Garganacl\n|-damage|p2a: Arceus|43\/100|[from] item: Life Orb\n|\n|-damage|p2a: Arceus|30\/100|[from] Salt Cure\n|upkeep\n|\n|t:|1698188659\n|switch|p1a: Flutter Mane|Flutter Mane, shiny|100\/100\n|-enditem|p1a: Flutter Mane|Booster Energy\n|-activate|p1a: Flutter Mane|ability: Protosynthesis|[fromitem]\n|-start|p1a: Flutter Mane|protosynthesisspa\n|turn|16\n|c|\u2606pandabot42|salt cure life orb hurts\n|\n|t:|1698188671\n|move|p2a: Arceus|Shadow Claw|p1a: Flutter Mane\n|-supereffective|p1a: Flutter Mane\n|-damage|p1a: Flutter Mane|0 fnt\n|faint|p1a: Flutter Mane\n|-end|p1a: Flutter Mane|Protosynthesis|[silent]\n|-damage|p2a: Arceus|20\/100|[from] item: Life Orb\n|\n|-damage|p2a: Arceus|8\/100|[from] Salt Cure\n|upkeep\n|\n|t:|1698188681\n|switch|p1a: Palafin|Palafin, F|100\/100\n|turn|17\n|\n|t:|1698188691\n|detailschange|p1a: Palafin|Palafin-Hero, F\n|switch|p1a: Dudunsparce|Dudunsparce-Three-Segment, F, shiny|75\/100\n|move|p2a: Arceus|Earthquake|p1a: Dudunsparce\n|-damage|p1a: Dudunsparce|0 fnt\n|faint|p1a: Dudunsparce\n|-damage|p2a: Arceus|0 fnt|[from] item: Life Orb\n|faint|p2a: Arceus\n|\n|upkeep\n|\n|t:|1698188706\n|switch|p2a: Pawmot|Pawmot, F|100\/100\n|switch|p1a: Palafin|Palafin-Hero, F|100\/100\n|-damage|p2a: Pawmot|94\/100|[from] Stealth Rock\n|-activate|p1a: Palafin|ability: Zero to Hero\n|turn|18\n|\n|t:|1698188716\n|move|p2a: Pawmot|Revival Blessing|p2a: Pawmot\n|inactive|pandabot42 has 120 seconds left.\n|\n|t:|1698188745\n|-heal|p2: Arceus|50\/100|[from] move: Revival Blessing\n|move|p1a: Palafin|Close Combat|p2a: Pawmot\n|-damage|p2a: Pawmot|14\/100\n|-unboost|p1a: Palafin|def|1\n|-unboost|p1a: Palafin|spd|1\n|\n|upkeep\n|turn|19\n|\n|t:|1698188756\n|-activate|p2a: Pawmot|move: Struggle\n|move|p2a: Pawmot|Struggle|p1a: Palafin\n|-damage|p1a: Palafin|74\/100\n|-damage|p2a: Pawmot|0 fnt|[from] recoil\n|faint|p2a: Pawmot\n|move|p1a: Palafin|Aqua Tail|p2: Pawmot|[notarget]\n|-fail|p1a: Palafin\n|\n|upkeep\n|inactive|pandabot42 has 120 seconds left.\n|\n|t:|1698188770\n|switch|p2a: Drifblim|Drifblim, F, shiny|100\/100\n|-damage|p2a: Drifblim|75\/100|[from] Stealth Rock\n|turn|20\n|\n|t:|1698188777\n|move|p1a: Palafin|Wave Crash|p2a: Drifblim\n|-damage|p2a: Drifblim|0 fnt\n|-damage|p1a: Palafin|49\/100|[from] ability: Aftermath|[of] p2a: Drifblim\n|faint|p2a: Drifblim\n|-damage|p1a: Palafin|12\/100|[from] Recoil\n|\n|upkeep\n|inactive|pandabot42 has 120 seconds left.\n|\n|t:|1698188788\n|switch|p2a: Arceus|Arceus|50\/100\n|-damage|p2a: Arceus|38\/100|[from] Stealth Rock\n|turn|21\n|\n|t:|1698188801\n|move|p2a: Arceus|Shadow Claw|p1a: Palafin\n|-damage|p1a: Palafin|0 fnt\n|faint|p1a: Palafin\n|-damage|p2a: Arceus|28\/100|[from] item: Life Orb\n|\n|upkeep\n|\n|t:|1698188808\n|switch|p1a: Armarouge|Armarouge, F, shiny|100\/100\n|turn|22\n|\n|t:|1698188817\n|move|p2a: Arceus|Earthquake|p1a: Armarouge\n|-supereffective|p1a: Armarouge\n|-damage|p1a: Armarouge|24\/100\n|-damage|p2a: Arceus|18\/100|[from] item: Life Orb\n|move|p1a: Armarouge|Flamethrower|p2a: Arceus\n|-damage|p2a: Arceus|0 fnt\n|faint|p2a: Arceus\n|\n|upkeep\n|\n|t:|1698188825\n|switch|p2a: Palafin|Palafin-Hero, F|100\/100\n|-damage|p2a: Palafin|88\/100|[from] Stealth Rock\n|-activate|p2a: Palafin|ability: Zero to Hero\n|turn|23\n|\n|t:|1698188838\n|move|p2a: Palafin|Wave Crash|p1a: Armarouge\n|-supereffective|p1a: Armarouge\n|-damage|p1a: Armarouge|0 fnt\n|faint|p1a: Armarouge\n|-damage|p2a: Palafin|81\/100|[from] Recoil\n|\n|upkeep\n|\n|t:|1698188845\n|switch|p1a: Annihilape|Annihilape, F, shiny, tera:Fighting|67\/100\n|turn|24\n|\n|t:|1698188851\n|-terastallize|p2a: Palafin|Water\n|move|p1a: Annihilape|Drain Punch|p2a: Palafin\n|-damage|p2a: Palafin|5\/100\n|-heal|p1a: Annihilape|100\/100|[from] drain|[of] p2a: Palafin\n|-enditem|p2a: Palafin|Salac Berry|[eat]\n|-boost|p2a: Palafin|spe|1|[from] item: Salac Berry\n|move|p2a: Palafin|Wave Crash|p1a: Annihilape\n|-damage|p1a: Annihilape|0 fnt\n|faint|p1a: Annihilape\n|-damage|p2a: Palafin|0 fnt|[from] Recoil\n|faint|p2a: Palafin\n|\n|win|pandabot42\n|raw|rayd9's rating: 1045 &rarr; <strong>1030<\/strong><br \/>(-15 for losing)\n|raw|pandabot42's rating: 1078 &rarr; <strong>1104<\/strong><br \/>(+26 for winning)\n|c|\u2606pandabot42|gg\n|l|\u2606rayd9\n","uploadtime":1698188876,"views":12,"p1id":"rayd9","p2id":"pandabot42","formatid":"gen9anythinggoes","rating":1030,"private":0,"password":""}