{"id":"gen9anythinggoes-1978747872","p1":"cheese_manisgood","p2":"KingK1155","format":"[Gen 9] Anything Goes","log":"|j|\u2606cheese_manisgood\n|j|\u2606KingK1155\n|t:|1698590379\n|gametype|singles\n|player|p1|cheese_manisgood|caitlin|1014\n|player|p2|KingK1155|101|1109\n|teamsize|p1|6\n|teamsize|p2|6\n|gen|9\n|tier|[Gen 9] Anything Goes\n|rated|\n|rule|HP Percentage Mod: HP is shown in percentages\n|rule|Endless Battle Clause: Forcing endless battles is banned\n|clearpoke\n|poke|p1|Dondozo, M|\n|poke|p1|Weavile, F|\n|poke|p1|Sudowoodo, M|\n|poke|p1|Dragonite, F|\n|poke|p1|Sneasler, M|\n|poke|p1|Florges-Yellow, F|\n|poke|p2|Eelektross, M|\n|poke|p2|Zacian-*|\n|poke|p2|Arceus-Ground|\n|poke|p2|Rayquaza|\n|poke|p2|Breloom, M|\n|poke|p2|Calyrex-Shadow|\n|teampreview\n|\n|t:|1698590395\n|start\n|switch|p1a: Sudowoodo|Sudowoodo, M|100\/100\n|switch|p2a: Zacian|Zacian-Crowned|100\/100\n|-ability|p2a: Zacian|Intrepid Sword|boost\n|-boost|p2a: Zacian|atk|1\n|turn|1\n|\n|t:|1698590406\n|move|p2a: Zacian|Swords Dance|p2a: Zacian\n|-boost|p2a: Zacian|atk|2\n|move|p1a: Sudowoodo|Stealth Rock|p2a: Zacian\n|-sidestart|p2: KingK1155|move: Stealth Rock\n|\n|upkeep\n|turn|2\n|\n|t:|1698590413\n|move|p2a: Zacian|Agility|p2a: Zacian\n|-boost|p2a: Zacian|spe|2\n|move|p1a: Sudowoodo|Wood Hammer|p2a: Zacian\n|-resisted|p2a: Zacian\n|-damage|p2a: Zacian|84\/100\n|-damage|p1a: Sudowoodo|95\/100|[from] Recoil\n|\n|-heal|p1a: Sudowoodo|100\/100|[from] item: Leftovers\n|upkeep\n|turn|3\n|\n|t:|1698590428\n|move|p2a: Zacian|Behemoth Blade|p1a: Sudowoodo\n|-supereffective|p1a: Sudowoodo\n|-ability|p1a: Sudowoodo|Sturdy\n|-damage|p1a: Sudowoodo|1\/100\n|move|p1a: Sudowoodo|Spikes|p2a: Zacian\n|-sidestart|p2: KingK1155|Spikes\n|\n|-heal|p1a: Sudowoodo|7\/100|[from] item: Leftovers\n|upkeep\n|turn|4\n|\n|t:|1698590441\n|move|p2a: Zacian|Behemoth Blade|p1a: Sudowoodo\n|-supereffective|p1a: Sudowoodo\n|-damage|p1a: Sudowoodo|0 fnt\n|faint|p1a: Sudowoodo\n|\n|upkeep\n|\n|t:|1698590457\n|switch|p1a: Dragonite|Dragonite, F|100\/100\n|turn|5\n|\n|t:|1698590463\n|move|p2a: Zacian|Swords Dance|p2a: Zacian\n|-boost|p2a: Zacian|atk|2\n|move|p1a: Dragonite|Dragon Dance|p1a: Dragonite\n|-boost|p1a: Dragonite|atk|1\n|-boost|p1a: Dragonite|spe|1\n|\n|upkeep\n|turn|6\n|\n|t:|1698590470\n|move|p1a: Dragonite|Extreme Speed|p2a: Zacian\n|-resisted|p2a: Zacian\n|-damage|p2a: Zacian|63\/100\n|move|p2a: Zacian|Play Rough|p1a: Dragonite\n|-supereffective|p1a: Dragonite\n|-damage|p1a: Dragonite|0 fnt\n|faint|p1a: Dragonite\n|\n|upkeep\n|\n|t:|1698590479\n|switch|p1a: Weavile|Weavile, F|100\/100\n|-ability|p1a: Weavile|Pressure\n|turn|7\n|\n|t:|1698590490\n|move|p2a: Zacian|Behemoth Blade|p1a: Weavile\n|-supereffective|p1a: Weavile\n|-damage|p1a: Weavile|0 fnt\n|faint|p1a: Weavile\n|\n|upkeep\n|\n|t:|1698590495\n|switch|p1a: Dondozo|Dondozo, M|100\/100\n|turn|8\n|\n|t:|1698590501\n|move|p1a: Dondozo|Protect|p1a: Dondozo\n|-singleturn|p1a: Dondozo|Protect\n|move|p2a: Zacian|Play Rough|p1a: Dondozo\n|-activate|p1a: Dondozo|move: Protect\n|\n|upkeep\n|turn|9\n|\n|t:|1698590512\n|move|p2a: Zacian|Play Rough|p1a: Dondozo\n|-damage|p1a: Dondozo|77\/100\n|move|p1a: Dondozo|Earthquake|p2a: Zacian\n|-supereffective|p2a: Zacian\n|-damage|p2a: Zacian|24\/100\n|\n|-heal|p1a: Dondozo|83\/100|[from] item: Leftovers\n|upkeep\n|turn|10\n|\n|t:|1698590521\n|switch|p2a: Arceus|Arceus-Ground|100\/100\n|-damage|p2a: Arceus|94\/100|[from] Stealth Rock\n|-damage|p2a: Arceus|82\/100|[from] Spikes\n|move|p1a: Dondozo|Earthquake|p2a: Arceus\n|-damage|p2a: Arceus|63\/100\n|\n|-heal|p1a: Dondozo|89\/100|[from] item: Leftovers\n|upkeep\n|turn|11\n|\n|t:|1698590532\n|move|p1a: Dondozo|Protect|p1a: Dondozo\n|-singleturn|p1a: Dondozo|Protect\n|move|p2a: Arceus|Energy Ball|p1a: Dondozo\n|-activate|p1a: Dondozo|move: Protect\n|\n|-heal|p1a: Dondozo|96\/100|[from] item: Leftovers\n|upkeep\n|turn|12\n|\n|t:|1698590546\n|switch|p1a: Florges|Florges-Yellow, F|100\/100\n|move|p2a: Arceus|Energy Ball|p1a: Florges\n|-damage|p1a: Florges|81\/100\n|\n|-heal|p1a: Florges|87\/100|[from] item: Leftovers\n|upkeep\n|turn|13\n|\n|t:|1698590568\n|switch|p2a: Breloom|Breloom, M|100\/100\n|-damage|p2a: Breloom|94\/100|[from] Stealth Rock\n|-damage|p2a: Breloom|82\/100|[from] Spikes\n|move|p1a: Florges|Moonblast|p2a: Breloom\n|-supereffective|p2a: Breloom\n|-damage|p2a: Breloom|0 fnt\n|faint|p2a: Breloom\n|\n|-heal|p1a: Florges|93\/100|[from] item: Leftovers\n|upkeep\n|\n|t:|1698590580\n|switch|p2a: Rayquaza|Rayquaza|100\/100\n|-damage|p2a: Rayquaza|76\/100|[from] Stealth Rock\n|-ability|p2a: Rayquaza|Air Lock\n|turn|14\n|\n|t:|1698590590\n|-terastallize|p2a: Rayquaza|Steel\n|move|p2a: Rayquaza|Tera Blast|p1a: Florges|[anim] Tera Blast Steel\n|-supereffective|p1a: Florges\n|-damage|p1a: Florges|0 fnt\n|faint|p1a: Florges\n|\n|upkeep\n|\n|t:|1698590597\n|switch|p1a: Sneasler|Sneasler, M|100\/100\n|-ability|p1a: Sneasler|Pressure\n|turn|15\n|\n|t:|1698590605\n|move|p1a: Sneasler|Shadow Claw|p2a: Rayquaza\n|-damage|p2a: Rayquaza|48\/100\n|move|p2a: Rayquaza|Tera Blast|p1a: Sneasler|[anim] Tera Blast Steel\n|-damage|p1a: Sneasler|18\/100\n|\n|upkeep\n|turn|16\n|\n|t:|1698590617\n|-terastallize|p1a: Sneasler|Fighting\n|move|p2a: Rayquaza|Extreme Speed|p1a: Sneasler\n|-damage|p1a: Sneasler|0 fnt\n|faint|p1a: Sneasler\n|\n|upkeep\n|\n|t:|1698590622\n|switch|p1a: Dondozo|Dondozo, M|96\/100\n|turn|17\n|\n|t:|1698590633\n|move|p2a: Rayquaza|Protect|p2a: Rayquaza\n|-singleturn|p2a: Rayquaza|Protect\n|move|p1a: Dondozo|Protect||[still]\n|-fail|p1a: Dondozo\n|\n|-heal|p1a: Dondozo|100\/100|[from] item: Leftovers\n|upkeep\n|turn|18\n|\n|t:|1698590644\n|move|p2a: Rayquaza|Dragon Ascent|p1a: Dondozo\n|-damage|p1a: Dondozo|71\/100\n|-unboost|p2a: Rayquaza|def|1\n|-unboost|p2a: Rayquaza|spd|1\n|move|p1a: Dondozo|Earthquake|p2a: Rayquaza\n|-supereffective|p2a: Rayquaza\n|-damage|p2a: Rayquaza|0 fnt\n|faint|p2a: Rayquaza\n|\n|-heal|p1a: Dondozo|77\/100|[from] item: Leftovers\n|upkeep\n|\n|t:|1698590654\n|switch|p2a: Eelektross|Eelektross, M|100\/100\n|-damage|p2a: Eelektross|88\/100|[from] Stealth Rock\n|turn|19\n|\n|t:|1698590664\n|move|p1a: Dondozo|Protect|p1a: Dondozo\n|-singleturn|p1a: Dondozo|Protect\n|move|p2a: Eelektross|Rain Dance|p2a: Eelektross\n|-weather|RainDance\n|\n|-weather|RainDance|[upkeep]\n|-heal|p2a: Eelektross|94\/100|[from] item: Leftovers\n|-heal|p1a: Dondozo|83\/100|[from] item: Leftovers\n|upkeep\n|turn|20\n|\n|t:|1698590675\n|move|p2a: Eelektross|Thunder|p1a: Dondozo\n|-supereffective|p1a: Dondozo\n|-damage|p1a: Dondozo|8\/100\n|move|p1a: Dondozo|Earthquake|p2a: Eelektross\n|-immune|p2a: Eelektross|[from] ability: Levitate\n|\n|-weather|RainDance|[upkeep]\n|-heal|p2a: Eelektross|100\/100|[from] item: Leftovers\n|-heal|p1a: Dondozo|15\/100|[from] item: Leftovers\n|upkeep\n|turn|21\n|\n|t:|1698590685\n|move|p1a: Dondozo|Protect|p1a: Dondozo\n|-singleturn|p1a: Dondozo|Protect\n|move|p2a: Eelektross|Thunder|p1a: Dondozo\n|-activate|p1a: Dondozo|move: Protect\n|\n|-weather|RainDance|[upkeep]\n|-heal|p1a: Dondozo|21\/100|[from] item: Leftovers\n|upkeep\n|turn|22\n|\n|t:|1698590696\n|move|p2a: Eelektross|Thunder|p1a: Dondozo\n|-supereffective|p1a: Dondozo\n|-damage|p1a: Dondozo|0 fnt\n|faint|p1a: Dondozo\n|\n|win|KingK1155\n|raw|cheese_manisgood's rating: 1014 &rarr; <strong>1005<\/strong><br \/>(-9 for losing)\n|raw|KingK1155's rating: 1109 &rarr; <strong>1127<\/strong><br \/>(+18 for winning)\n|l|\u2606cheese_manisgood\n","uploadtime":1698590710,"views":6,"p1id":"cheesemanisgood","p2id":"kingk1155","formatid":"gen9anythinggoes","rating":1005,"private":0,"password":""}