{"id":"gen9anythinggoes-1975413468","p1":"juanfe05","p2":"NotLively01","format":"[Gen 9] Anything Goes","log":"|j|\u2606juanfe05\n|j|\u2606NotLively01\n|t:|1698188625\n|gametype|singles\n|player|p1|juanfe05|psychic-gen4|1056\n|player|p2|NotLively01|liza|1000\n|teamsize|p1|1\n|teamsize|p2|6\n|gen|9\n|tier|[Gen 9] Anything Goes\n|rated|\n|rule|HP Percentage Mod: HP is shown in percentages\n|rule|Endless Battle Clause: Forcing endless battles is banned\n|clearpoke\n|poke|p1|Greninja-*, M|\n|poke|p2|Oricorio-Sensu, F|\n|poke|p2|Oricorio-Sensu, F|\n|poke|p2|Oricorio-Sensu, M|\n|poke|p2|Oricorio-Sensu, F|\n|poke|p2|Oricorio-Sensu, M|\n|poke|p2|Kingambit, F|\n|teampreview\n|c|\u2606juanfe05|Hi\n|c|\u2606NotLively01|hi\n|\n|t:|1698188656\n|start\n|switch|p1a: Froggy|Greninja, M|100\/100\n|switch|p2a: Sunglasses|Oricorio-Sensu, F, shiny|100\/100\n|turn|1\n|c|\u2606juanfe05|If you beat this Pokemon, you can choose me another pokemon and name it whatever you want, ok?\n|\n|t:|1698188684\n|move|p1a: Froggy|Ice Beam|p2a: Sunglasses\n|-supereffective|p2a: Sunglasses\n|-damage|p2a: Sunglasses|29\/100\n|move|p2a: Sunglasses|Roost|p2a: Sunglasses\n|-heal|p2a: Sunglasses|79\/100\n|-singleturn|p2a: Sunglasses|move: Roost\n|\n|upkeep\n|turn|2\n|\n|t:|1698188711\n|move|p1a: Froggy|Ice Beam|p2a: Sunglasses\n|-supereffective|p2a: Sunglasses\n|-damage|p2a: Sunglasses|8\/100\n|move|p2a: Sunglasses|Roost|p2a: Sunglasses\n|-heal|p2a: Sunglasses|58\/100\n|-singleturn|p2a: Sunglasses|move: Roost\n|\n|upkeep\n|turn|3\n|\n|t:|1698188720\n|move|p1a: Froggy|Ice Beam|p2a: Sunglasses\n|-supereffective|p2a: Sunglasses\n|-damage|p2a: Sunglasses|0 fnt\n|faint|p2a: Sunglasses\n|-ability|p1a: Froggy|Battle Bond|boost\n|-boost|p1a: Froggy|atk|1\n|-boost|p1a: Froggy|spa|1\n|-boost|p1a: Froggy|spe|1\n|-activate|p1a: Froggy|ability: Battle Bond\n|\n|upkeep\n|\n|t:|1698188725\n|switch|p2a: Helmet dance|Oricorio-Sensu, F, shiny|100\/100\n|turn|4\n|\n|t:|1698188735\n|move|p1a: Froggy|Ice Beam|p2a: Helmet dance\n|-supereffective|p2a: Helmet dance\n|-damage|p2a: Helmet dance|0 fnt\n|faint|p2a: Helmet dance\n|\n|upkeep\n|\n|t:|1698188751\n|switch|p2a: Oricorio|Oricorio-Sensu, M, shiny|100\/100\n|turn|5\n|\n|t:|1698188759\n|move|p1a: Froggy|Ice Beam|p2a: Oricorio\n|-supereffective|p2a: Oricorio\n|-damage|p2a: Oricorio|0 fnt\n|faint|p2a: Oricorio\n|\n|upkeep\n|\n|t:|1698188761\n|switch|p2a: Umbrella|Oricorio-Sensu, F, shiny|100\/100\n|turn|6\n|\n|t:|1698188765\n|move|p1a: Froggy|Ice Beam|p2a: Umbrella\n|-supereffective|p2a: Umbrella\n|-damage|p2a: Umbrella|0 fnt\n|faint|p2a: Umbrella\n|\n|upkeep\n|\n|t:|1698188767\n|switch|p2a: Sasher|Oricorio-Sensu, M, shiny|100\/100\n|turn|7\n|\n|t:|1698188772\n|move|p1a: Froggy|Ice Beam|p2a: Sasher\n|-supereffective|p2a: Sasher\n|-enditem|p2a: Sasher|Focus Sash\n|-damage|p2a: Sasher|1\/100\n|move|p2a: Sasher|Acrobatics|p1a: Froggy\n|-damage|p1a: Froggy|35\/100\n|\n|-heal|p1a: Froggy|41\/100|[from] item: Leftovers\n|upkeep\n|turn|8\n|\n|t:|1698188784\n|move|p1a: Froggy|Water Shuriken|p2a: Sasher\n|-damage|p2a: Sasher|0 fnt\n|faint|p2a: Sasher\n|-hitcount|p2: Sasher|1\n|\n|-heal|p1a: Froggy|47\/100|[from] item: Leftovers\n|upkeep\n|\n|t:|1698188801\n|switch|p2a: Kingambit|Kingambit, F|100\/100\n|turn|9\n|\n|t:|1698188810\n|move|p1a: Froggy|Grass Knot|p2a: Kingambit\n|-resisted|p2a: Kingambit\n|-damage|p2a: Kingambit|76\/100\n|move|p2a: Kingambit|Grass Knot|p1a: Froggy\n|-supereffective|p1a: Froggy\n|-damage|p1a: Froggy|13\/100\n|\n|-heal|p1a: Froggy|19\/100|[from] item: Leftovers\n|upkeep\n|turn|10\n|\n|t:|1698188824\n|move|p1a: Froggy|Water Shuriken|p2a: Kingambit\n|-damage|p2a: Kingambit|64\/100\n|-damage|p2a: Kingambit|52\/100\n|-hitcount|p2a: Kingambit|2\n|move|p2a: Kingambit|Grass Knot|p1a: Froggy\n|-supereffective|p1a: Froggy\n|-damage|p1a: Froggy|0 fnt\n|faint|p1a: Froggy\n|\n|win|NotLively01\n|raw|juanfe05's rating: 1056 &rarr; <strong>1035<\/strong><br \/>(-21 for losing)\n|raw|NotLively01's rating: 1000 &rarr; <strong>1046<\/strong><br \/>(+46 for winning)\n|c|\u2606juanfe05|gg\n|c|\u2606NotLively01|GG\n|c|\u2606juanfe05|so what do you choose?\n|c|\u2606NotLively01|Glaceon to keep the g going\n|c|\u2606juanfe05|ok\n|c|\u2606juanfe05|you want it to have a nickname?\n|c|\u2606NotLively01|Sure name it Glace\n|c|\u2606NotLively01|Glaceir\n|c|\u2606NotLively01|Glacier\n|c|\u2606NotLively01|Sorry\n|c|\u2606juanfe05|ok\n","uploadtime":1698189226,"views":6,"p1id":"juanfe05","p2id":"notlively01","formatid":"gen9anythinggoes","rating":1035,"private":0,"password":""}