{"id":"gen9anythinggoes-1985253029","p1":"Manbench","p2":"Gimme_KO's","format":"[Gen 9] Anything Goes","log":"|j|\u2606Manbench\n|j|\u2606Gimme_KO's\n|t:|1699355748\n|gametype|singles\n|player|p1|Manbench|chuck|1308\n|player|p2|Gimme_KO's|unknown|1224\n|teamsize|p1|6\n|teamsize|p2|6\n|gen|9\n|tier|[Gen 9] Anything Goes\n|rated|\n|rule|HP Percentage Mod: HP is shown in percentages\n|rule|Endless Battle Clause: Forcing endless battles is banned\n|clearpoke\n|poke|p1|Kyogre|\n|poke|p1|Azumarill, F|\n|poke|p1|Gyarados, F|\n|poke|p1|Ludicolo, M|\n|poke|p1|Golduck, F|\n|poke|p1|Politoed, M|\n|poke|p2|Mewtwo|\n|poke|p2|Palkia-Origin|\n|poke|p2|Umbreon, M|\n|poke|p2|Ursaluna, F|\n|poke|p2|Calyrex-Ice|\n|poke|p2|Cyclizar, M|\n|teampreview\n|inactive|Battle timer is ON: inactive players will automatically lose when time's up. (requested by Gimme_KO's)\n|\n|t:|1699355763\n|start\n|switch|p1a: Toad|Politoed, M|100\/100\n|switch|p2a: Mewtwo|Mewtwo|100\/100\n|-ability|p2a: Mewtwo|Unnerve\n|-weather|RainDance|[from] ability: Drizzle|[of] p1a: Toad\n|turn|1\n|\n|t:|1699355773\n|move|p2a: Mewtwo|Thunderbolt|p1a: Toad\n|-supereffective|p1a: Toad\n|-damage|p1a: Toad|0 fnt\n|faint|p1a: Toad\n|\n|-weather|RainDance|[upkeep]\n|upkeep\n|\n|t:|1699355782\n|switch|p1a: Pineapple|Ludicolo, M|100\/100\n|turn|2\n|\n|t:|1699355797\n|switch|p2a: Umbreon|Umbreon, M|100\/100\n|move|p1a: Pineapple|Swords Dance|p1a: Pineapple\n|-boost|p1a: Pineapple|atk|2\n|\n|-weather|RainDance|[upkeep]\n|upkeep\n|turn|3\n|\n|t:|1699355807\n|-terastallize|p1a: Pineapple|Fighting\n|move|p2a: Umbreon|Protect|p2a: Umbreon\n|-singleturn|p2a: Umbreon|Protect\n|move|p1a: Pineapple|Drain Punch|p2a: Umbreon\n|-activate|p2a: Umbreon|move: Protect\n|\n|-weather|RainDance|[upkeep]\n|upkeep\n|turn|4\n|\n|t:|1699355818\n|move|p1a: Pineapple|Swords Dance|p1a: Pineapple\n|-boost|p1a: Pineapple|atk|2\n|move|p2a: Umbreon|Wish|p2a: Umbreon\n|\n|-weather|RainDance|[upkeep]\n|upkeep\n|turn|5\n|\n|t:|1699355829\n|move|p1a: Pineapple|Swords Dance|p1a: Pineapple\n|-boost|p1a: Pineapple|atk|2\n|move|p2a: Umbreon|Curse|p2a: Umbreon\n|-unboost|p2a: Umbreon|spe|1\n|-boost|p2a: Umbreon|atk|1\n|-boost|p2a: Umbreon|def|1\n|\n|-weather|RainDance|[upkeep]\n|upkeep\n|turn|6\n|\n|t:|1699355837\n|move|p1a: Pineapple|Drain Punch|p2a: Umbreon\n|-supereffective|p2a: Umbreon\n|-damage|p2a: Umbreon|0 fnt\n|faint|p2a: Umbreon\n|\n|-weather|RainDance|[upkeep]\n|upkeep\n|\n|t:|1699355843\n|switch|p2a: Mewtwo|Mewtwo|100\/100\n|-ability|p2a: Mewtwo|Unnerve\n|turn|7\n|\n|t:|1699355847\n|move|p1a: Pineapple|Knock Off|p2a: Mewtwo\n|-supereffective|p2a: Mewtwo\n|-damage|p2a: Mewtwo|0 fnt\n|-enditem|p2a: Mewtwo|Choice Specs|[from] move: Knock Off|[of] p1a: Pineapple\n|faint|p2a: Mewtwo\n|\n|-weather|RainDance|[upkeep]\n|upkeep\n|\n|t:|1699355851\n|switch|p2a: Cyclizar|Cyclizar, M|100\/100\n|turn|8\n|\n|t:|1699355861\n|move|p2a: Cyclizar|Draco Meteor|p1a: Pineapple\n|-damage|p1a: Pineapple|48\/100\n|-unboost|p2a: Cyclizar|spa|2\n|move|p1a: Pineapple|Drain Punch|p2a: Cyclizar\n|-supereffective|p2a: Cyclizar\n|-damage|p2a: Cyclizar|0 fnt\n|-heal|p1a: Pineapple|93\/100|[from] drain|[of] p2a: Cyclizar\n|faint|p2a: Cyclizar\n|\n|-weather|none\n|upkeep\n|\n|t:|1699355873\n|switch|p2a: Palkia|Palkia-Origin|100\/100\n|-ability|p2a: Palkia|Pressure\n|turn|9\n|\n|t:|1699355882\n|-terastallize|p2a: Palkia|Water\n|move|p2a: Palkia|Surf|p1a: Pineapple\n|-damage|p1a: Pineapple|0 fnt\n|faint|p1a: Pineapple\n|\n|upkeep\n|\n|t:|1699355904\n|switch|p1a: Free Willy|Kyogre|100\/100\n|-weather|RainDance|[from] ability: Drizzle|[of] p1a: Free Willy\n|turn|10\n|\n|t:|1699355912\n|move|p1a: Free Willy|Thunder|p2a: Palkia\n|-supereffective|p2a: Palkia\n|-damage|p2a: Palkia|10\/100\n|-status|p2a: Palkia|par\n|move|p2a: Palkia|Spacial Rend|p1a: Free Willy\n|-damage|p1a: Free Willy|41\/100\n|\n|-weather|RainDance|[upkeep]\n|upkeep\n|turn|11\n|\n|t:|1699355923\n|switch|p1a: Death Bunny|Azumarill, F|100\/100\n|switch|p2a: Ursaluna|Ursaluna, F|100\/100\n|\n|-weather|RainDance|[upkeep]\n|-status|p2a: Ursaluna|brn|[from] item: Flame Orb\n|upkeep\n|turn|12\n|\n|t:|1699355932\n|move|p2a: Ursaluna|Protect|p2a: Ursaluna\n|-singleturn|p2a: Ursaluna|Protect\n|move|p1a: Death Bunny|Belly Drum|p1a: Death Bunny\n|-damage|p1a: Death Bunny|50\/100\n|-setboost|p1a: Death Bunny|atk|6|[from] move: Belly Drum\n|-enditem|p1a: Death Bunny|Sitrus Berry|[eat]\n|-heal|p1a: Death Bunny|75\/100|[from] item: Sitrus Berry\n|\n|-weather|RainDance|[upkeep]\n|-damage|p2a: Ursaluna|94\/100 brn|[from] brn\n|upkeep\n|turn|13\n|-message|Gimme_KO's forfeited.\n|\n|win|Manbench\n|raw|Manbench's rating: 1308 &rarr; <strong>1323<\/strong><br \/>(+15 for winning)\n|raw|Gimme_KO&apos;s's rating: 1224 &rarr; <strong>1205<\/strong><br \/>(-19 for losing)\n|l|\u2606Gimme_KO's\n","uploadtime":1699355960,"views":6,"p1id":"manbench","p2id":"gimmekos","formatid":"gen9anythinggoes","rating":1205,"private":0,"password":""}