{"id":"gen9anythinggoes-1996500915","p1":"godly109","p2":"12qw12qw","format":"[Gen 9] Anything Goes","log":"|j|\u2606godly109\n|j|\u260612qw12qw\n|t:|1700688128\n|gametype|singles\n|player|p1|godly109|265|\n|player|p2|12qw12qw|1|\n|teamsize|p1|6\n|teamsize|p2|6\n|gen|9\n|tier|[Gen 9] Anything Goes\n|rule|HP Percentage Mod: HP is shown in percentages\n|rule|Endless Battle Clause: Forcing endless battles is banned\n|clearpoke\n|poke|p1|Lucario, M|\n|poke|p1|Mewtwo|\n|poke|p1|Tyranitar, F|\n|poke|p1|Weavile, M|\n|poke|p1|Arceus-Fire|\n|poke|p1|Gardevoir, F|\n|poke|p2|Ninetales-Alola, M|\n|poke|p2|Sandslash-Alola, F|\n|poke|p2|Baxcalibur, M|\n|poke|p2|Gholdengo|\n|poke|p2|Clefable, F|\n|poke|p2|Azumarill, F|\n|teampreview\n|\n|t:|1700688159\n|start\n|switch|p1a: Lucario|Lucario, M|100\/100\n|switch|p2a: Ninetales|Ninetales-Alola, M|100\/100\n|-weather|Snow|[from] ability: Snow Warning|[of] p2a: Ninetales\n|turn|1\n|\n|t:|1700688174\n|move|p1a: Lucario|Close Combat|p2a: Ninetales\n|-damage|p2a: Ninetales|46\/100\n|-unboost|p1a: Lucario|def|1\n|-unboost|p1a: Lucario|spd|1\n|move|p2a: Ninetales|Aurora Veil|p2a: Ninetales\n|-sidestart|p2: 12qw12qw|move: Aurora Veil\n|\n|-weather|Snow|[upkeep]\n|upkeep\n|turn|2\n|\n|t:|1700688196\n|switch|p2a: Baxcalibur|Baxcalibur, M|100\/100\n|move|p1a: Lucario|Close Combat|p2a: Baxcalibur\n|-supereffective|p2a: Baxcalibur\n|-damage|p2a: Baxcalibur|65\/100\n|-unboost|p1a: Lucario|def|1\n|-unboost|p1a: Lucario|spd|1\n|\n|-weather|Snow|[upkeep]\n|-heal|p2a: Baxcalibur|71\/100|[from] ability: Ice Body\n|-heal|p2a: Baxcalibur|77\/100|[from] item: Leftovers\n|upkeep\n|turn|3\n|\n|t:|1700688214\n|-terastallize|p1a: Lucario|Fighting\n|move|p1a: Lucario|Close Combat|p2a: Baxcalibur\n|-supereffective|p2a: Baxcalibur\n|-damage|p2a: Baxcalibur|35\/100\n|-unboost|p1a: Lucario|def|1\n|-unboost|p1a: Lucario|spd|1\n|move|p2a: Baxcalibur|Earthquake|p1a: Lucario\n|-damage|p1a: Lucario|0 fnt\n|faint|p1a: Lucario\n|\n|-weather|Snow|[upkeep]\n|-heal|p2a: Baxcalibur|41\/100|[from] ability: Ice Body\n|-heal|p2a: Baxcalibur|47\/100|[from] item: Leftovers\n|upkeep\n|\n|t:|1700688238\n|switch|p1a: Arceus|Arceus-Fire|100\/100\n|turn|4\n|\n|t:|1700688276\n|move|p1a: Arceus|Judgment|p2a: Baxcalibur\n|-damage|p2a: Baxcalibur|20\/100\n|move|p2a: Baxcalibur|Scale Shot|p1a: Arceus\n|-damage|p1a: Arceus|89\/100\n|-damage|p1a: Arceus|77\/100\n|-hitcount|p1a: Arceus|2\n|-unboost|p2a: Baxcalibur|def|1\n|-boost|p2a: Baxcalibur|spe|1\n|\n|-weather|Snow|[upkeep]\n|-heal|p2a: Baxcalibur|26\/100|[from] ability: Ice Body\n|-heal|p2a: Baxcalibur|32\/100|[from] item: Leftovers\n|upkeep\n|turn|5\n|\n|t:|1700688301\n|switch|p2a: Clefable|Clefable, F|100\/100\n|move|p1a: Arceus|Iron Head|p2a: Clefable\n|-supereffective|p2a: Clefable\n|-damage|p2a: Clefable|82\/100\n|\n|-weather|none\n|-heal|p2a: Clefable|89\/100|[from] item: Leftovers\n|upkeep\n|turn|6\n|inactive|Battle timer is ON: inactive players will automatically lose when time's up. (requested by 12qw12qw)\n|\n|t:|1700688357\n|move|p1a: Arceus|Iron Head|p2a: Clefable\n|-supereffective|p2a: Clefable\n|-damage|p2a: Clefable|71\/100\n|cant|p2a: Clefable|flinch\n|\n|-heal|p2a: Clefable|77\/100|[from] item: Leftovers\n|upkeep\n|turn|7\n|\n|t:|1700688366\n|move|p1a: Arceus|Iron Head|p2a: Clefable\n|-supereffective|p2a: Clefable\n|-damage|p2a: Clefable|58\/100\n|cant|p2a: Clefable|flinch\n|\n|-heal|p2a: Clefable|64\/100|[from] item: Leftovers\n|upkeep\n|turn|8\n|\n|t:|1700688380\n|move|p1a: Arceus|Iron Head|p2a: Clefable\n|-supereffective|p2a: Clefable\n|-damage|p2a: Clefable|45\/100\n|move|p2a: Clefable|Shadow Ball|p1a: Arceus\n|-damage|p1a: Arceus|65\/100\n|\n|-heal|p2a: Clefable|52\/100|[from] item: Leftovers\n|-sideend|p2: 12qw12qw|move: Aurora Veil\n|upkeep\n|turn|9\n|\n|t:|1700688398\n|switch|p2a: Azumarill|Azumarill, F|100\/100\n|move|p1a: Arceus|Iron Head|p2a: Azumarill\n|-damage|p2a: Azumarill|85\/100\n|\n|upkeep\n|turn|10\n|inactive|godly109 has 270 seconds left.\n|\n|t:|1700688440\n|switch|p1a: Mewtwo|Mewtwo|100\/100\n|-ability|p1a: Mewtwo|Pressure\n|move|p2a: Azumarill|Belly Drum|p2a: Azumarill\n|-damage|p2a: Azumarill|35\/100\n|-setboost|p2a: Azumarill|atk|6|[from] move: Belly Drum\n|-enditem|p2a: Azumarill|Sitrus Berry|[eat]\n|-heal|p2a: Azumarill|60\/100|[from] item: Sitrus Berry\n|\n|upkeep\n|turn|11\n|inactive|12qw12qw has 270 seconds left.\n|inactive|godly109 has 240 seconds left.\n|inactive|godly109 has 210 seconds left.\n|\n|t:|1700688514\n|move|p1a: Mewtwo|Psystrike|p2a: Azumarill\n|-damage|p2a: Azumarill|12\/100\n|move|p2a: Azumarill|Aqua Tail|p1a: Mewtwo\n|-damage|p1a: Mewtwo|0 fnt\n|faint|p1a: Mewtwo\n|\n|upkeep\n|\n|t:|1700688523\n|switch|p1a: Weavile|Weavile, M|100\/100\n|-ability|p1a: Weavile|Pressure\n|turn|12\n|inactive|godly109 has 210 seconds left.\n|\n|t:|1700688535\n|-singleturn|p1a: Weavile|move: Focus Punch\n|move|p2a: Azumarill|Aqua Jet|p1a: Weavile\n|-damage|p1a: Weavile|0 fnt\n|faint|p1a: Weavile\n|\n|upkeep\n|\n|t:|1700688545\n|switch|p1a: Gardevoir|Gardevoir, F|100\/100\n|-ability|p1a: Gardevoir|Huge Power|[from] ability: Trace|[of] p2a: Azumarill\n|turn|13\n|inactive|godly109 has 210 seconds left.\n|\n|t:|1700688562\n|move|p2a: Azumarill|Aqua Jet|p1a: Gardevoir\n|-damage|p1a: Gardevoir|0 fnt\n|faint|p1a: Gardevoir\n|\n|upkeep\n|inactive|godly109 has 210 seconds left.\n|\n|t:|1700688573\n|switch|p1a: Arceus|Arceus-Fire|65\/100\n|turn|14\n|inactive|godly109 has 210 seconds left.\n|\n|t:|1700688580\n|move|p2a: Azumarill|Aqua Jet|p1a: Arceus\n|-supereffective|p1a: Arceus\n|-damage|p1a: Arceus|0 fnt\n|faint|p1a: Arceus\n|\n|upkeep\n|inactive|godly109 has 210 seconds left.\n|\n|t:|1700688586\n|switch|p1a: Tyranitar|Tyranitar, F|100\/100\n|-weather|Sandstorm|[from] ability: Sand Stream|[of] p1a: Tyranitar\n|turn|15\n|inactive|godly109 has 210 seconds left.\n|inactive|12qw12qw has 270 seconds left.\n|\n|t:|1700688643\n|move|p2a: Azumarill|Aqua Jet|p1a: Tyranitar\n|-supereffective|p1a: Tyranitar\n|-damage|p1a: Tyranitar|14\/100\n|move|p1a: Tyranitar|Earthquake|p2a: Azumarill\n|-damage|p2a: Azumarill|0 fnt\n|faint|p2a: Azumarill\n|\n|-weather|Sandstorm|[upkeep]\n|-heal|p1a: Tyranitar|21\/100|[from] item: Leftovers\n|upkeep\n|\n|t:|1700688653\n|switch|p2a: Gholdengo|Gholdengo|100\/100\n|turn|16\n|inactive|godly109 has 210 seconds left.\n|\n|t:|1700688669\n|move|p2a: Gholdengo|Nasty Plot|p2a: Gholdengo\n|-boost|p2a: Gholdengo|spa|2\n|move|p1a: Tyranitar|Blizzard|p2a: Gholdengo|[miss]\n|-miss|p1a: Tyranitar|p2a: Gholdengo\n|\n|-weather|Sandstorm|[upkeep]\n|-heal|p1a: Tyranitar|27\/100|[from] item: Leftovers\n|upkeep\n|turn|17\n|inactive|godly109 has 210 seconds left.\n|l|\u260612qw12qw\n|inactive|12qw12qw disconnected and has 300 seconds to reconnect!\n|player|p2|\n|inactive|godly109 has 180 seconds left.\n|inactive|godly109 has 150 seconds left.\n|\n|t:|1700688756\n|move|p2a: Gholdengo|Shadow Ball|p1a: Tyranitar\n|-resisted|p1a: Tyranitar\n|-damage|p1a: Tyranitar|3\/100\n|move|p1a: Tyranitar|Ancient Power|p2a: Gholdengo\n|-resisted|p2a: Gholdengo\n|-damage|p2a: Gholdengo|91\/100\n|\n|-weather|Sandstorm|[upkeep]\n|-heal|p1a: Tyranitar|9\/100|[from] item: Leftovers\n|upkeep\n|turn|18\n|inactive|godly109 has 120 seconds left.\n|inactive|12qw12qw has 270 seconds to reconnect!\n|j|\u260612qw12qw\n|inactive|12qw12qw reconnected and has 265 seconds left.\n|player|p2|12qw12qw|1\n|\n|t:|1700688807\n|move|p2a: Gholdengo|Make It Rain|p1a: Tyranitar\n|-supereffective|p1a: Tyranitar\n|-damage|p1a: Tyranitar|0 fnt\n|-unboost|p2a: Gholdengo|spa|1\n|faint|p1a: Tyranitar\n|\n|win|12qw12qw\n","uploadtime":1700688816,"views":9,"p1id":"godly109","p2id":"12qw12qw","formatid":"gen9anythinggoes","rating":0,"private":0,"password":""}