{"id":"gen9anythinggoes-1990853957","p1":"Snorlaxsleepers","p2":"BeatMidlers","format":"[Gen 9] Anything Goes","log":"|j|\u2606Snorlaxsleepers\n|j|\u2606BeatMidlers\n|t:|1700007844\n|gametype|singles\n|player|p1|Snorlaxsleepers|petrel|\n|player|p2|BeatMidlers|swimmer-gen4dp|\n|teamsize|p1|6\n|teamsize|p2|6\n|gen|9\n|tier|[Gen 9] Anything Goes\n|rule|HP Percentage Mod: HP is shown in percentages\n|rule|Endless Battle Clause: Forcing endless battles is banned\n|clearpoke\n|poke|p1|Skeledirge, F|\n|poke|p1|Talonflame, F|\n|poke|p1|Arcanine-Hisui, F|\n|poke|p1|Moltres|\n|poke|p1|Iron Moth|\n|poke|p1|Charizard, F|\n|poke|p2|Azumarill, F|\n|poke|p2|Annihilape, F|\n|poke|p2|Toxapex, F|\n|poke|p2|Chandelure, F|\n|poke|p2|Dragalge, F|\n|poke|p2|Quagsire, F|\n|teampreview\n|\n|t:|1700008091\n|start\n|switch|p1a: Charizard|Charizard, F|100\/100\n|switch|p2a: Azumarill|Azumarill, F|100\/100\n|turn|1\n|\n|t:|1700008100\n|-terastallize|p1a: Charizard|Electric\n|move|p1a: Charizard|Swords Dance|p1a: Charizard\n|-boost|p1a: Charizard|atk|2\n|move|p2a: Azumarill|Belly Drum|p2a: Azumarill\n|-damage|p2a: Azumarill|50\/100\n|-setboost|p2a: Azumarill|atk|6|[from] move: Belly Drum\n|-enditem|p2a: Azumarill|Sitrus Berry|[eat]\n|-heal|p2a: Azumarill|75\/100|[from] item: Sitrus Berry\n|\n|upkeep\n|turn|2\n|\n|t:|1700008112\n|move|p2a: Azumarill|Aqua Jet|p1a: Charizard\n|-damage|p1a: Charizard|0 fnt\n|faint|p1a: Charizard\n|\n|upkeep\n|\n|t:|1700008124\n|switch|p1a: Skeledirge|Skeledirge, F|100\/100\n|turn|3\n|\n|t:|1700008131\n|move|p2a: Azumarill|Aqua Jet|p1a: Skeledirge\n|-supereffective|p1a: Skeledirge\n|-damage|p1a: Skeledirge|68\/100\n|move|p1a: Skeledirge|Torch Song|p2a: Azumarill\n|-resisted|p2a: Azumarill\n|-damage|p2a: Azumarill|58\/100\n|-boost|p1a: Skeledirge|spa|1\n|\n|-heal|p1a: Skeledirge|75\/100|[from] item: Leftovers\n|upkeep\n|turn|4\n|j| Talonflameredwings\n|\n|t:|1700008145\n|move|p2a: Azumarill|Aqua Jet|p1a: Skeledirge\n|-supereffective|p1a: Skeledirge\n|-damage|p1a: Skeledirge|44\/100\n|move|p1a: Skeledirge|Torch Song|p2a: Azumarill\n|-resisted|p2a: Azumarill\n|-damage|p2a: Azumarill|33\/100\n|-boost|p1a: Skeledirge|spa|1\n|\n|-heal|p1a: Skeledirge|50\/100|[from] item: Leftovers\n|upkeep\n|turn|5\n|\n|t:|1700008158\n|move|p2a: Azumarill|Aqua Jet|p1a: Skeledirge\n|-supereffective|p1a: Skeledirge\n|-damage|p1a: Skeledirge|17\/100\n|move|p1a: Skeledirge|Slack Off|p1a: Skeledirge\n|-heal|p1a: Skeledirge|67\/100\n|\n|-heal|p1a: Skeledirge|74\/100|[from] item: Leftovers\n|upkeep\n|turn|6\n|\n|t:|1700008169\n|switch|p2a: Toxapex|Toxapex, F|100\/100\n|move|p1a: Skeledirge|Torch Song|p2a: Toxapex\n|-resisted|p2a: Toxapex\n|-damage|p2a: Toxapex|75\/100\n|-boost|p1a: Skeledirge|spa|1\n|\n|-heal|p1a: Skeledirge|80\/100|[from] item: Leftovers\n|upkeep\n|turn|7\n|\n|t:|1700008182\n|move|p1a: Skeledirge|Will-O-Wisp|p2a: Toxapex\n|-status|p2a: Toxapex|brn\n|move|p2a: Toxapex|Liquidation|p1a: Skeledirge\n|-supereffective|p1a: Skeledirge\n|-damage|p1a: Skeledirge|68\/100\n|\n|-heal|p1a: Skeledirge|74\/100|[from] item: Leftovers\n|-damage|p2a: Toxapex|69\/100 brn|[from] brn\n|upkeep\n|turn|8\n|\n|t:|1700008197\n|move|p1a: Skeledirge|Hex|p2a: Toxapex\n|-damage|p2a: Toxapex|0 fnt\n|faint|p2a: Toxapex\n|\n|-heal|p1a: Skeledirge|80\/100|[from] item: Leftovers\n|upkeep\n|\n|t:|1700008209\n|switch|p2a: Chandelure|Chandelure, F|100\/100\n|turn|9\n|\n|t:|1700008215\n|move|p2a: Chandelure|Shadow Ball|p1a: Skeledirge\n|-supereffective|p1a: Skeledirge\n|-crit|p1a: Skeledirge\n|-damage|p1a: Skeledirge|0 fnt\n|faint|p1a: Skeledirge\n|\n|upkeep\n|\n|t:|1700008226\n|switch|p1a: Talonflame|Talonflame, F|100\/100\n|turn|10\n|\n|t:|1700008252\n|switch|p2a: Quagsire|Quagsire, F|100\/100\n|move|p1a: Talonflame|Acrobatics|p2a: Quagsire\n|-damage|p2a: Quagsire|70\/100\n|\n|upkeep\n|turn|11\n|\n|t:|1700008269\n|move|p1a: Talonflame|Acrobatics|p2a: Quagsire\n|-damage|p2a: Quagsire|39\/100\n|move|p2a: Quagsire|Aqua Tail|p1a: Talonflame|[miss]\n|-miss|p2a: Quagsire|p1a: Talonflame\n|\n|upkeep\n|turn|12\n|j| Skeetlesquad\n|\n|t:|1700008276\n|move|p1a: Talonflame|Acrobatics|p2a: Quagsire\n|-damage|p2a: Quagsire|9\/100\n|move|p2a: Quagsire|Aqua Tail|p1a: Talonflame\n|-supereffective|p1a: Talonflame\n|-damage|p1a: Talonflame|13\/100\n|\n|upkeep\n|turn|13\n|c| Skeetlesquad|GO POKEMON!\n|\n|t:|1700008283\n|move|p1a: Talonflame|Acrobatics|p2a: Quagsire\n|-damage|p2a: Quagsire|0 fnt\n|faint|p2a: Quagsire\n|\n|upkeep\n|\n|t:|1700008287\n|switch|p2a: Azumarill|Azumarill, F|33\/100\n|turn|14\n|\n|t:|1700008290\n|move|p2a: Azumarill|Aqua Jet|p1a: Talonflame\n|-supereffective|p1a: Talonflame\n|-damage|p1a: Talonflame|0 fnt\n|faint|p1a: Talonflame\n|\n|upkeep\n|\n|t:|1700008299\n|switch|p1a: Iron Moth|Iron Moth|100\/100\n|turn|15\n|\n|t:|1700008306\n|move|p2a: Azumarill|Aqua Jet|p1a: Iron Moth\n|-supereffective|p1a: Iron Moth\n|-damage|p1a: Iron Moth|12\/100\n|move|p1a: Iron Moth|Energy Ball|p2a: Azumarill\n|-supereffective|p2a: Azumarill\n|-damage|p2a: Azumarill|0 fnt\n|faint|p2a: Azumarill\n|\n|upkeep\n|\n|t:|1700008317\n|switch|p2a: Dragalge|Dragalge, F|100\/100\n|turn|16\n|\n|t:|1700008321\n|move|p1a: Iron Moth|Energy Ball|p2a: Dragalge\n|-resisted|p2a: Dragalge\n|-damage|p2a: Dragalge|91\/100\n|move|p2a: Dragalge|Flip Turn|p1a: Iron Moth\n|-supereffective|p1a: Iron Moth\n|-damage|p1a: Iron Moth|0 fnt\n|faint|p1a: Iron Moth\n|-end|p1a: Iron Moth|Quark Drive|[silent]\n|\n|t:|1700008328\n|switch|p2a: Chandelure|Chandelure, F|100\/100|[from] Flip Turn\n|\n|upkeep\n|c| Skeetlesquad|Someone wants the fire badge\n|\n|t:|1700008339\n|switch|p1a: Moltres|Moltres|100\/100\n|turn|17\n|\n|t:|1700008356\n|move|p2a: Chandelure|Trick|p1a: Moltres\n|-activate|p2a: Chandelure|move: Trick|[of] p1a: Moltres\n|-item|p1a: Moltres|Choice Scarf|[from] move: Trick\n|-item|p2a: Chandelure|Life Orb|[from] move: Trick\n|move|p1a: Moltres|Air Slash|p2a: Chandelure\n|-damage|p2a: Chandelure|41\/100\n|\n|upkeep\n|turn|18\n|\n|t:|1700008366\n|move|p1a: Moltres|Air Slash|p2a: Chandelure\n|-damage|p2a: Chandelure|0 fnt\n|faint|p2a: Chandelure\n|\n|upkeep\n|\n|t:|1700008372\n|switch|p2a: Dragalge|Dragalge, F|91\/100\n|turn|19\n|c|\u2606Snorlaxsleepers|darn straight i do\n|\n|t:|1700008381\n|move|p1a: Moltres|Air Slash|p2a: Dragalge\n|-damage|p2a: Dragalge|53\/100\n|cant|p2a: Dragalge|flinch\n|\n|-heal|p2a: Dragalge|59\/100|[from] item: Black Sludge\n|upkeep\n|turn|20\n|\n|t:|1700008387\n|move|p1a: Moltres|Air Slash|p2a: Dragalge\n|-damage|p2a: Dragalge|21\/100\n|move|p2a: Dragalge|Flip Turn|p1a: Moltres\n|-supereffective|p1a: Moltres\n|-damage|p1a: Moltres|76\/100\n|\n|t:|1700008392\n|switch|p2a: Annihilape|Annihilape, F|100\/100|[from] Flip Turn\n|\n|upkeep\n|turn|21\n|\n|t:|1700008401\n|move|p1a: Moltres|Air Slash|p2a: Annihilape\n|-supereffective|p2a: Annihilape\n|-damage|p2a: Annihilape|47\/100\n|move|p2a: Annihilape|Bulk Up|p2a: Annihilape\n|-boost|p2a: Annihilape|atk|1\n|-boost|p2a: Annihilape|def|1\n|\n|-heal|p2a: Annihilape|53\/100|[from] item: Leftovers\n|upkeep\n|turn|22\n|\n|t:|1700008409\n|move|p1a: Moltres|Air Slash|p2a: Annihilape\n|-supereffective|p2a: Annihilape\n|-damage|p2a: Annihilape|3\/100\n|move|p2a: Annihilape|Drain Punch|p1a: Moltres\n|-resisted|p1a: Moltres\n|-damage|p1a: Moltres|51\/100\n|-heal|p2a: Annihilape|13\/100|[from] drain|[of] p1a: Moltres\n|\n|-heal|p2a: Annihilape|19\/100|[from] item: Leftovers\n|upkeep\n|turn|23\n|\n|t:|1700008425\n|move|p1a: Moltres|Air Slash|p2a: Annihilape\n|-supereffective|p2a: Annihilape\n|-damage|p2a: Annihilape|0 fnt\n|faint|p2a: Annihilape\n|\n|upkeep\n|\n|t:|1700008429\n|switch|p2a: Dragalge|Dragalge, F|21\/100\n|turn|24\n|\n|t:|1700008433\n|-terastallize|p2a: Dragalge|Poison\n|move|p1a: Moltres|Air Slash|p2a: Dragalge\n|-crit|p2a: Dragalge\n|-damage|p2a: Dragalge|0 fnt\n|faint|p2a: Dragalge\n|\n|win|Snorlaxsleepers\n|c| Skeetlesquad|FIRE!!!!!!!!!!!!!!!!!!!!!!!!!!!!!!!!!!!!!!!!!!!!!!!!!!!!!!!\n|c| Skeetlesquad|GG!\n|c|\u2606Snorlaxsleepers|GG\n|c| Talonflameredwings|gg!!\n","uploadtime":1700008482,"views":22,"p1id":"snorlaxsleepers","p2id":"beatmidlers","formatid":"gen9anythinggoes","rating":0,"private":0,"password":""}