{"id":"gen9anythinggoes-1973996019","p1":"Hzozv","p2":"Ripperon","format":"[Gen 9] Anything Goes","log":"|j|\u2606Hzozv\n|j|\u2606Ripperon\n|t:|1698038705\n|gametype|singles\n|player|p1|Hzozv|lusamine-nihilego|1544\n|player|p2|Ripperon|lucas|1594\n|teamsize|p1|6\n|teamsize|p2|6\n|gen|9\n|tier|[Gen 9] Anything Goes\n|rated|\n|rule|HP Percentage Mod: HP is shown in percentages\n|rule|Endless Battle Clause: Forcing endless battles is banned\n|clearpoke\n|poke|p1|Glimmora, F|\n|poke|p1|Miraidon|\n|poke|p1|Koraidon|\n|poke|p1|Iron Bundle|\n|poke|p1|Great Tusk|\n|poke|p1|Ditto|\n|poke|p2|Kyogre|\n|poke|p2|Giratina|\n|poke|p2|Zacian-*|\n|poke|p2|Arceus|\n|poke|p2|Calyrex-Ice|\n|poke|p2|Kingambit, M|\n|teampreview\n|inactive|Battle timer is ON: inactive players will automatically lose when time's up. (requested by Hzozv)\n|\n|t:|1698038723\n|start\n|switch|p1a: Glimmora|Glimmora, F|100\/100\n|switch|p2a: Arceus|Arceus|100\/100\n|turn|1\n|\n|t:|1698038735\n|move|p2a: Arceus|Extreme Speed|p1a: Glimmora\n|-resisted|p1a: Glimmora\n|-damage|p1a: Glimmora|74\/100\n|-activate|p1a: Glimmora|ability: Toxic Debris\n|-sidestart|p2: Ripperon|move: Toxic Spikes\n|-enditem|p1a: Glimmora|Red Card|[of] p2a: Arceus\n|drag|p2a: Calyrex|Calyrex-Ice|100\/100\n|-ability|p2a: Calyrex|As One\n|-ability|p2a: Calyrex|Unnerve\n|-status|p2a: Calyrex|psn\n|move|p1a: Glimmora|Stealth Rock|p2a: Calyrex\n|-sidestart|p2: Ripperon|move: Stealth Rock\n|\n|-damage|p2a: Calyrex|88\/100 psn|[from] psn\n|upkeep\n|turn|2\n|inactive|Ripperon has 120 seconds left.\n|\n|t:|1698038765\n|switch|p2a: Giratina|Giratina|100\/100\n|-status|p2a: Giratina|psn\n|-damage|p2a: Giratina|88\/100 psn|[from] Stealth Rock\n|-ability|p2a: Giratina|Pressure\n|move|p1a: Glimmora|Earth Power|p2a: Giratina\n|-damage|p2a: Giratina|72\/100 psn\n|\n|-heal|p2a: Giratina|78\/100 psn|[from] item: Leftovers\n|-damage|p2a: Giratina|66\/100 psn|[from] psn\n|upkeep\n|turn|3\n|\n|t:|1698038774\n|move|p1a: Glimmora|Dazzling Gleam|p2a: Giratina\n|-supereffective|p2a: Giratina\n|-damage|p2a: Giratina|39\/100 psn\n|move|p2a: Giratina|Defog|p1a: Glimmora\n|-unboost|p1a: Glimmora|evasion|1\n|-sideend|p2: Ripperon|Toxic Spikes|[from] move: Defog|[of] p2a: Giratina\n|-sideend|p2: Ripperon|Stealth Rock|[from] move: Defog|[of] p2a: Giratina\n|\n|-heal|p2a: Giratina|45\/100 psn|[from] item: Leftovers\n|-damage|p2a: Giratina|32\/100 psn|[from] psn\n|upkeep\n|turn|4\n|inactive|Ripperon has 120 seconds left.\n|\n|t:|1698038790\n|move|p1a: Glimmora|Stealth Rock|p2a: Giratina\n|-sidestart|p2: Ripperon|move: Stealth Rock\n|move|p2a: Giratina|Rest|p2a: Giratina\n|-status|p2a: Giratina|slp|[from] move: Rest\n|-heal|p2a: Giratina|100\/100 slp|[silent]\n|\n|upkeep\n|turn|5\n|\n|t:|1698038797\n|switch|p1a: Iron Bundle|Iron Bundle|100\/100\n|cant|p2a: Giratina|slp\n|\n|upkeep\n|turn|6\n|\n|t:|1698038807\n|move|p1a: Iron Bundle|Ice Beam|p2a: Giratina\n|-supereffective|p2a: Giratina\n|-damage|p2a: Giratina|45\/100 slp\n|-damage|p1a: Iron Bundle|91\/100|[from] item: Life Orb\n|cant|p2a: Giratina|slp\n|\n|-heal|p2a: Giratina|51\/100 slp|[from] item: Leftovers\n|upkeep\n|turn|7\n|\n|t:|1698038819\n|move|p1a: Iron Bundle|Ice Beam|p2a: Giratina\n|-supereffective|p2a: Giratina\n|-damage|p2a: Giratina|0 fnt\n|faint|p2a: Giratina\n|-damage|p1a: Iron Bundle|81\/100|[from] item: Life Orb\n|\n|upkeep\n|inactive|Ripperon has 120 seconds left.\n|\n|t:|1698038842\n|switch|p2a: Calyrex|Calyrex-Ice|88\/100 psn\n|-ability|p2a: Calyrex|As One\n|-ability|p2a: Calyrex|Unnerve\n|-damage|p2a: Calyrex|63\/100 psn|[from] Stealth Rock\n|turn|8\n|inactive|Ripperon has 120 seconds left.\n|\n|t:|1698038859\n|-end|p1a: Iron Bundle|Quark Drive|[silent]\n|switch|p1a: Glimmora|Glimmora, F|74\/100\n|move|p2a: Calyrex|Trick Room|p2a: Calyrex\n|-fieldstart|move: Trick Room|[of] p2a: Calyrex\n|\n|-damage|p2a: Calyrex|51\/100 psn|[from] psn\n|upkeep\n|turn|9\n|inactive|Ripperon has 120 seconds left.\n|\n|t:|1698038872\n|move|p2a: Calyrex|Glacial Lance|p1a: Glimmora\n|-damage|p1a: Glimmora|0 fnt\n|-activate|p1a: Glimmora|ability: Toxic Debris\n|-sidestart|p2: Ripperon|move: Toxic Spikes\n|faint|p1a: Glimmora\n|-ability|p2a: Calyrex|Chilling Neigh|boost\n|-boost|p2a: Calyrex|atk|1\n|\n|-damage|p2a: Calyrex|38\/100 psn|[from] psn\n|upkeep\n|\n|t:|1698038887\n|switch|p1a: Ditto|Ditto|100\/100\n|-transform|p1a: Ditto|p2a: Calyrex|[from] ability: Imposter\n|turn|10\n|\n|t:|1698038902\n|move|p2a: Calyrex|High Horsepower|p1a: Ditto|[miss]\n|-miss|p2a: Calyrex|p1a: Ditto\n|move|p1a: Ditto|High Horsepower|p2a: Calyrex\n|-damage|p2a: Calyrex|2\/100 psn\n|\n|-damage|p2a: Calyrex|0 fnt|[from] psn\n|faint|p2a: Calyrex\n|upkeep\n|inactive|Ripperon has 120 seconds left.\n|\n|t:|1698038927\n|switch|p2a: Kingambit|Kingambit, M|100\/100\n|-damage|p2a: Kingambit|94\/100|[from] Stealth Rock\n|-activate|p2a: Kingambit|ability: Supreme Overlord\n|-start|p2a: Kingambit|fallen2|[silent]\n|turn|11\n|inactive|Ripperon has 120 seconds left.\n|\n|t:|1698038940\n|switch|p1a: Great Tusk|Great Tusk|100\/100\n|move|p2a: Kingambit|Low Kick|p1a: Great Tusk\n|-damage|p1a: Great Tusk|60\/100\n|\n|upkeep\n|turn|12\n|inactive|Ripperon has 120 seconds left.\n|\n|t:|1698038964\n|-end|p2a: Kingambit|fallen2|[silent]\n|switch|p2a: Arceus|Arceus|100\/100\n|-damage|p2a: Arceus|88\/100|[from] Stealth Rock\n|-status|p2a: Arceus|psn\n|move|p1a: Great Tusk|Headlong Rush|p2a: Arceus\n|-damage|p2a: Arceus|46\/100 psn\n|-unboost|p1a: Great Tusk|def|1\n|-unboost|p1a: Great Tusk|spd|1\n|\n|-heal|p2a: Arceus|52\/100 psn|[from] item: Leftovers\n|-damage|p2a: Arceus|40\/100 psn|[from] psn\n|-fieldend|move: Trick Room\n|upkeep\n|turn|13\n|\n|t:|1698038988\n|move|p2a: Arceus|Extreme Speed|p1a: Great Tusk\n|-damage|p1a: Great Tusk|15\/100\n|move|p1a: Great Tusk|Close Combat|p2a: Arceus\n|-supereffective|p2a: Arceus\n|-damage|p2a: Arceus|0 fnt\n|-unboost|p1a: Great Tusk|def|1\n|-unboost|p1a: Great Tusk|spd|1\n|faint|p2a: Arceus\n|\n|upkeep\n|inactive|Ripperon has 90 seconds left.\n|\n|t:|1698038999\n|switch|p2a: Zacian|Zacian-Crowned|100\/100\n|-damage|p2a: Zacian|94\/100|[from] Stealth Rock\n|-ability|p2a: Zacian|Intrepid Sword|boost\n|-boost|p2a: Zacian|atk|1\n|turn|14\n|\n|t:|1698039007\n|move|p2a: Zacian|Behemoth Blade|p1a: Great Tusk\n|-damage|p1a: Great Tusk|0 fnt\n|faint|p1a: Great Tusk\n|-end|p1a: Great Tusk|Protosynthesis|[silent]\n|\n|upkeep\n|\n|t:|1698039015\n|switch|p1a: Ditto|Ditto|100\/100\n|-transform|p1a: Ditto|p2a: Zacian|[from] ability: Imposter\n|-ability|p1a: Ditto|Intrepid Sword|boost\n|-boost|p1a: Ditto|atk|1\n|turn|15\n|\n|t:|1698039034\n|move|p1a: Ditto|Close Combat|p2a: Zacian\n|-damage|p2a: Zacian|4\/100\n|-unboost|p1a: Ditto|def|1\n|-unboost|p1a: Ditto|spd|1\n|move|p2a: Zacian|Behemoth Blade|p1a: Ditto\n|-damage|p1a: Ditto|0 fnt\n|faint|p1a: Ditto\n|\n|upkeep\n|\n|t:|1698039048\n|switch|p1a: Koraidon|Koraidon|100\/100\n|-weather|SunnyDay|[from] ability: Orichalcum Pulse|[of] p1a: Koraidon\n|-activate|p1a: Koraidon|Orichalcum Pulse|[source]\n|turn|16\n|\n|t:|1698039055\n|move|p1a: Koraidon|U-turn|p2a: Zacian\n|-resisted|p2a: Zacian\n|-damage|p2a: Zacian|0 fnt\n|faint|p2a: Zacian\n|\n|t:|1698039059\n|switch|p1a: Miraidon|Miraidon|100\/100|[from] U-turn\n|-fieldstart|move: Electric Terrain|[from] ability: Hadron Engine|[of] p1a: Miraidon\n|\n|-weather|SunnyDay|[upkeep]\n|upkeep\n|inactive|Ripperon has 120 seconds left.\n|\n|t:|1698039066\n|switch|p2a: Kyogre|Kyogre|100\/100\n|-damage|p2a: Kyogre|88\/100|[from] Stealth Rock\n|-status|p2a: Kyogre|psn\n|-weather|RainDance|[from] ability: Drizzle|[of] p2a: Kyogre\n|turn|17\n|inactive|Ripperon has 120 seconds left.\n|\n|t:|1698039079\n|-terastallize|p1a: Miraidon|Electric\n|move|p1a: Miraidon|Volt Switch|p2a: Kyogre\n|-supereffective|p2a: Kyogre\n|-damage|p2a: Kyogre|0 fnt\n|faint|p2a: Kyogre\n|\n|t:|1698039084\n|switch|p1a: Koraidon|Koraidon|100\/100|[from] Volt Switch\n|-weather|SunnyDay|[from] ability: Orichalcum Pulse|[of] p1a: Koraidon\n|-activate|p1a: Koraidon|Orichalcum Pulse|[source]\n|\n|-weather|SunnyDay|[upkeep]\n|upkeep\n|\n|t:|1698039091\n|switch|p2a: Kingambit|Kingambit, M|94\/100\n|-damage|p2a: Kingambit|88\/100|[from] Stealth Rock\n|-activate|p2a: Kingambit|ability: Supreme Overlord\n|-start|p2a: Kingambit|fallen5|[silent]\n|turn|18\n|\n|t:|1698039103\n|-terastallize|p2a: Kingambit|Dark\n|move|p2a: Kingambit|Sucker Punch|p1a: Koraidon\n|-resisted|p1a: Koraidon\n|-damage|p1a: Koraidon|67\/100\n|move|p1a: Koraidon|Flare Blitz|p2a: Kingambit\n|-crit|p2a: Kingambit\n|-damage|p2a: Kingambit|0 fnt\n|faint|p2a: Kingambit\n|-end|p2a: Kingambit|fallen5|[silent]\n|-damage|p1a: Koraidon|32\/100|[from] Recoil\n|\n|win|Hzozv\n|raw|Hzozv's rating: 1544 &rarr; <strong>1567<\/strong><br \/>(+23 for winning)\n|raw|Ripperon's rating: 1594 &rarr; <strong>1571<\/strong><br \/>(-23 for losing)\n|l|\u2606Ripperon\n","uploadtime":1698039113,"views":12,"p1id":"hzozv","p2id":"ripperon","formatid":"gen9anythinggoes","rating":1567,"private":0,"password":""}