{"id":"gen9anythinggoes-1976208269","p1":"Hyperbeam Boys","p2":"GigaBytes7","format":"[Gen 9] Anything Goes","log":"|j|\u2606Hyperbeam Boys\n|j|\u2606GigaBytes7\n|t:|1698273899\n|gametype|singles\n|player|p1|Hyperbeam Boys|2|1685\n|player|p2|GigaBytes7|elaine|1710\n|teamsize|p1|6\n|teamsize|p2|6\n|gen|9\n|tier|[Gen 9] Anything Goes\n|rated|\n|rule|HP Percentage Mod: HP is shown in percentages\n|rule|Endless Battle Clause: Forcing endless battles is banned\n|clearpoke\n|poke|p1|Grimmsnarl, M|\n|poke|p1|Glimmora, M|\n|poke|p1|Koraidon|\n|poke|p1|Arceus-Ground|\n|poke|p1|Arceus|\n|poke|p1|Calyrex-Shadow|\n|poke|p2|Koraidon|\n|poke|p2|Miraidon|\n|poke|p2|Ting-Lu|\n|poke|p2|Calyrex-Shadow|\n|poke|p2|Arceus|\n|poke|p2|Arceus-Water|\n|teampreview\n|inactive|Battle timer is ON: inactive players will automatically lose when time's up. (requested by GigaBytes7)\n|inactive|Hyperbeam Boys has 120 seconds left.\n|\n|t:|1698273936\n|start\n|switch|p1a: Glimmora|Glimmora, M|100\/100\n|switch|p2a: Miraidon|Miraidon|100\/100\n|-fieldstart|move: Electric Terrain|[from] ability: Hadron Engine|[of] p2a: Miraidon\n|turn|1\n|\n|t:|1698273943\n|move|p2a: Miraidon|Volt Switch|p1a: Glimmora\n|-enditem|p1a: Glimmora|Focus Sash\n|-damage|p1a: Glimmora|1\/100\n|\n|t:|1698273945\n|switch|p2a: Calyrex|Calyrex-Shadow|100\/100|[from] Volt Switch\n|-ability|p2a: Calyrex|As One\n|-ability|p2a: Calyrex|Unnerve\n|move|p1a: Glimmora|Mud Shot|p2a: Calyrex\n|-crit|p2a: Calyrex\n|-damage|p2a: Calyrex|74\/100\n|-unboost|p2a: Calyrex|spe|1\n|\n|upkeep\n|turn|2\n|\n|t:|1698273957\n|switch|p1a: Grimmsnarl|Grimmsnarl, M|100\/100\n|move|p2a: Calyrex|Astral Barrage|p1a: Grimmsnarl\n|-resisted|p1a: Grimmsnarl\n|-damage|p1a: Grimmsnarl|62\/100\n|\n|upkeep\n|turn|3\n|\n|t:|1698273964\n|switch|p2a: Ting-Lu|Ting-Lu|100\/100\n|-ability|p2a: Ting-Lu|Vessel of Ruin\n|move|p1a: Grimmsnarl|Light Screen|p1a: Grimmsnarl\n|-sidestart|p1: Hyperbeam Boys|move: Light Screen\n|\n|upkeep\n|turn|4\n|\n|t:|1698273970\n|switch|p1a: Arceus|Arceus-Ground|100\/100\n|move|p2a: Ting-Lu|Spikes|p1a: Arceus\n|-sidestart|p1: Hyperbeam Boys|Spikes\n|\n|upkeep\n|turn|5\n|\n|t:|1698273974\n|move|p1a: Arceus|Taunt|p2a: Ting-Lu\n|-start|p2a: Ting-Lu|move: Taunt\n|cant|p2a: Ting-Lu|move: Taunt|Whirlwind\n|\n|-fieldend|move: Electric Terrain\n|upkeep\n|turn|6\n|\n|t:|1698273985\n|switch|p2a: Arceus|Arceus-Water|100\/100\n|move|p1a: Arceus|Dragon Dance|p1a: Arceus\n|-boost|p1a: Arceus|atk|1\n|-boost|p1a: Arceus|spe|1\n|\n|upkeep\n|turn|7\n|\n|t:|1698273993\n|move|p1a: Arceus|Earthquake|p2a: Arceus\n|-damage|p2a: Arceus|55\/100\n|move|p2a: Arceus|Will-O-Wisp|p1a: Arceus\n|-status|p1a: Arceus|brn\n|\n|-damage|p1a: Arceus|94\/100 brn|[from] brn\n|upkeep\n|turn|8\n|\n|t:|1698273999\n|move|p1a: Arceus|Dragon Dance|p1a: Arceus\n|-boost|p1a: Arceus|atk|1\n|-boost|p1a: Arceus|spe|1\n|move|p2a: Arceus|Judgment|p1a: Arceus\n|-supereffective|p1a: Arceus\n|-damage|p1a: Arceus|55\/100 brn\n|\n|-damage|p1a: Arceus|49\/100 brn|[from] brn\n|upkeep\n|turn|9\n|\n|t:|1698274002\n|move|p1a: Arceus|Dragon Dance|p1a: Arceus\n|-boost|p1a: Arceus|atk|1\n|-boost|p1a: Arceus|spe|1\n|move|p2a: Arceus|Recover|p2a: Arceus\n|-heal|p2a: Arceus|100\/100\n|\n|-damage|p1a: Arceus|43\/100 brn|[from] brn\n|upkeep\n|turn|10\n|\n|t:|1698274008\n|move|p1a: Arceus|Earthquake|p2a: Arceus\n|-damage|p2a: Arceus|58\/100\n|move|p2a: Arceus|Recover|p2a: Arceus\n|-heal|p2a: Arceus|100\/100\n|\n|-damage|p1a: Arceus|37\/100 brn|[from] brn\n|-sideend|p1: Hyperbeam Boys|move: Light Screen\n|upkeep\n|turn|11\n|\n|t:|1698274014\n|move|p1a: Arceus|Earthquake|p2a: Arceus\n|-damage|p2a: Arceus|62\/100\n|move|p2a: Arceus|Judgment|p1a: Arceus\n|-supereffective|p1a: Arceus\n|-damage|p1a: Arceus|0 fnt\n|faint|p1a: Arceus\n|\n|upkeep\n|\n|t:|1698274024\n|switch|p1a: Grimmsnarl|Grimmsnarl, M|62\/100\n|-damage|p1a: Grimmsnarl|49\/100|[from] Spikes\n|turn|12\n|\n|t:|1698274029\n|switch|p2a: Ting-Lu|Ting-Lu|100\/100\n|-ability|p2a: Ting-Lu|Vessel of Ruin\n|move|p1a: Grimmsnarl|Taunt|p2a: Ting-Lu\n|-hint|Since gen 7, Dark is immune to Prankster moves.\n|-immune|p2a: Ting-Lu\n|\n|upkeep\n|turn|13\n|\n|t:|1698274039\n|switch|p1a: Koraidon|Koraidon|100\/100\n|-damage|p1a: Koraidon|88\/100|[from] Spikes\n|-weather|SunnyDay|[from] ability: Orichalcum Pulse|[of] p1a: Koraidon\n|-activate|p1a: Koraidon|Orichalcum Pulse|[source]\n|move|p2a: Ting-Lu|Spikes|p1a: Koraidon\n|-sidestart|p1: Hyperbeam Boys|Spikes\n|\n|-weather|SunnyDay|[upkeep]\n|upkeep\n|turn|14\n|\n|t:|1698274045\n|switch|p2a: Arceus|Arceus-Water|62\/100\n|move|p1a: Koraidon|Scale Shot|p2a: Arceus\n|-damage|p2a: Arceus|53\/100\n|-damage|p2a: Arceus|43\/100\n|-damage|p2a: Arceus|34\/100\n|-damage|p2a: Arceus|25\/100\n|-hitcount|p2a: Arceus|4\n|-unboost|p1a: Koraidon|def|1\n|-boost|p1a: Koraidon|spe|1\n|\n|-weather|SunnyDay|[upkeep]\n|upkeep\n|turn|15\n|\n|t:|1698274063\n|-terastallize|p1a: Koraidon|Fire\n|-terastallize|p2a: Arceus|Fairy\n|move|p1a: Koraidon|Swords Dance|p1a: Koraidon\n|-boost|p1a: Koraidon|atk|2\n|move|p2a: Arceus|Will-O-Wisp|p1a: Koraidon|[miss]\n|-miss|p2a: Arceus|p1a: Koraidon\n|\n|-weather|SunnyDay|[upkeep]\n|upkeep\n|turn|16\n|\n|t:|1698274076\n|move|p1a: Koraidon|Low Kick|p2a: Arceus\n|-resisted|p2a: Arceus\n|-damage|p2a: Arceus|0 fnt\n|faint|p2a: Arceus\n|\n|-weather|SunnyDay|[upkeep]\n|upkeep\n|\n|t:|1698274080\n|switch|p2a: Koraidon|Koraidon|100\/100\n|-activate|p2a: Koraidon|ability: Orichalcum Pulse\n|turn|17\n|\n|t:|1698274090\n|move|p2a: Koraidon|Close Combat|p1a: Koraidon\n|-damage|p1a: Koraidon|0 fnt\n|-unboost|p2a: Koraidon|def|1\n|-unboost|p2a: Koraidon|spd|1\n|faint|p1a: Koraidon\n|\n|-weather|none\n|upkeep\n|\n|t:|1698274096\n|switch|p1a: Calyrex|Calyrex-Shadow|100\/100\n|-ability|p1a: Calyrex|As One\n|-ability|p1a: Calyrex|Unnerve\n|turn|18\n|\n|t:|1698274103\n|switch|p2a: Ting-Lu|Ting-Lu|100\/100\n|-ability|p2a: Ting-Lu|Vessel of Ruin\n|move|p1a: Calyrex|Nasty Plot|p1a: Calyrex\n|-boost|p1a: Calyrex|spa|2\n|\n|upkeep\n|turn|19\n|\n|t:|1698274107\n|move|p1a: Calyrex|Draining Kiss|p2a: Ting-Lu\n|-supereffective|p2a: Ting-Lu\n|-crit|p2a: Ting-Lu\n|-damage|p2a: Ting-Lu|48\/100\n|move|p2a: Ting-Lu|Throat Chop|p1a: Calyrex\n|-supereffective|p1a: Calyrex\n|-damage|p1a: Calyrex|0 fnt\n|faint|p1a: Calyrex\n|\n|-heal|p2a: Ting-Lu|55\/100|[from] item: Leftovers\n|upkeep\n|\n|t:|1698274125\n|switch|p1a: Grimmsnarl|Grimmsnarl, M|49\/100\n|-damage|p1a: Grimmsnarl|33\/100|[from] Spikes\n|turn|20\n|\n|t:|1698274129\n|move|p1a: Grimmsnarl|Light Screen|p1a: Grimmsnarl\n|-sidestart|p1: Hyperbeam Boys|move: Light Screen\n|move|p2a: Ting-Lu|Spikes|p1a: Grimmsnarl\n|-sidestart|p1: Hyperbeam Boys|Spikes\n|\n|-heal|p2a: Ting-Lu|61\/100|[from] item: Leftovers\n|upkeep\n|turn|21\n|\n|t:|1698274133\n|move|p1a: Grimmsnarl|Reflect|p1a: Grimmsnarl\n|-sidestart|p1: Hyperbeam Boys|Reflect\n|move|p2a: Ting-Lu|Earthquake|p1a: Grimmsnarl\n|-damage|p1a: Grimmsnarl|10\/100\n|\n|-heal|p2a: Ting-Lu|67\/100|[from] item: Leftovers\n|upkeep\n|turn|22\n|\n|t:|1698274137\n|move|p1a: Grimmsnarl|Parting Shot|p2a: Ting-Lu\n|-hint|Since gen 7, Dark is immune to Prankster moves.\n|-immune|p2a: Ting-Lu\n|move|p2a: Ting-Lu|Whirlwind|p1a: Grimmsnarl\n|drag|p1a: Glimmora|Glimmora, M|1\/100\n|-damage|p1a: Glimmora|0 fnt|[from] Spikes\n|faint|p1a: Glimmora\n|\n|-heal|p2a: Ting-Lu|73\/100|[from] item: Leftovers\n|upkeep\n|\n|t:|1698274146\n|switch|p1a: Arceus|Arceus|100\/100\n|-damage|p1a: Arceus|76\/100|[from] Spikes\n|turn|23\n|\n|t:|1698274149\n|switch|p1a: Grimmsnarl|Grimmsnarl, M|10\/100\n|-damage|p1a: Grimmsnarl|0 fnt|[from] Spikes\n|faint|p1a: Grimmsnarl\n|move|p2a: Ting-Lu|Whirlwind|p1: Grimmsnarl|[notarget]\n|-fail|p2a: Ting-Lu\n|\n|-heal|p2a: Ting-Lu|79\/100|[from] item: Leftovers\n|upkeep\n|\n|t:|1698274151\n|switch|p1a: Arceus|Arceus|76\/100\n|-damage|p1a: Arceus|51\/100|[from] Spikes\n|turn|24\n|\n|t:|1698274158\n|switch|p2a: Koraidon|Koraidon|100\/100\n|-weather|SunnyDay|[from] ability: Orichalcum Pulse|[of] p2a: Koraidon\n|-activate|p2a: Koraidon|Orichalcum Pulse|[source]\n|move|p1a: Arceus|Bulk Up|p1a: Arceus\n|-boost|p1a: Arceus|atk|1\n|-boost|p1a: Arceus|def|1\n|\n|-weather|SunnyDay|[upkeep]\n|-heal|p1a: Arceus|57\/100|[from] item: Leftovers\n|upkeep\n|turn|25\n|\n|t:|1698274165\n|move|p2a: Koraidon|Close Combat|p1a: Arceus\n|-supereffective|p1a: Arceus\n|-damage|p1a: Arceus|19\/100\n|-unboost|p2a: Koraidon|def|1\n|-unboost|p2a: Koraidon|spd|1\n|move|p1a: Arceus|Recover|p1a: Arceus\n|-heal|p1a: Arceus|69\/100\n|\n|-weather|SunnyDay|[upkeep]\n|-heal|p1a: Arceus|75\/100|[from] item: Leftovers\n|upkeep\n|turn|26\n|\n|t:|1698274172\n|switch|p2a: Calyrex|Calyrex-Shadow|74\/100\n|-ability|p2a: Calyrex|As One\n|-ability|p2a: Calyrex|Unnerve\n|move|p1a: Arceus|Recover|p1a: Arceus\n|-heal|p1a: Arceus|100\/100\n|\n|-weather|SunnyDay|[upkeep]\n|upkeep\n|turn|27\n|\n|t:|1698274176\n|move|p2a: Calyrex|Encore|p1a: Arceus\n|-start|p1a: Arceus|Encore\n|move|p1a: Arceus|Recover||[still]\n|-fail|p1a: Arceus|heal\n|\n|-weather|SunnyDay|[upkeep]\n|-sideend|p1: Hyperbeam Boys|move: Light Screen\n|upkeep\n|turn|28\n|-message|Hyperbeam Boys forfeited.\n|\n|win|GigaBytes7\n|raw|Hyperbeam Boys's rating: 1685 &rarr; <strong>1667<\/strong><br \/>(-18 for losing)\n|raw|GigaBytes7's rating: 1719 &rarr; <strong>1737<\/strong><br \/>(+18 for winning)\n|l|\u2606Hyperbeam Boys\n","uploadtime":1698274193,"views":5,"p1id":"hyperbeamboys","p2id":"gigabytes7","formatid":"gen9anythinggoes","rating":1667,"private":0,"password":""}