{"id":"gen9anythinggoes-1981307700","p1":"LingLing007","p2":"chatgptmons","format":"[Gen 9] Anything Goes","log":"|j|\u2606LingLing007\n|j|\u2606chatgptmons\n|t:|1698882021\n|gametype|singles\n|player|p1|LingLing007|proton|1232\n|player|p2|chatgptmons|2|1327\n|teamsize|p1|6\n|teamsize|p2|6\n|gen|9\n|tier|[Gen 9] Anything Goes\n|rated|\n|rule|HP Percentage Mod: HP is shown in percentages\n|rule|Endless Battle Clause: Forcing endless battles is banned\n|clearpoke\n|poke|p1|Roaring Moon|\n|poke|p1|Toxapex, F|\n|poke|p1|Zoroark-Hisui, M|\n|poke|p1|Polteageist-Antique|\n|poke|p1|Great Tusk|\n|poke|p1|Ninetales-Alola, F|\n|poke|p2|Calyrex-Shadow|\n|poke|p2|Zacian-*|\n|poke|p2|Zacian-*|\n|poke|p2|Zacian-*|\n|poke|p2|Zacian-*|\n|poke|p2|Kingambit, M|\n|teampreview\n|inactive|Battle timer is ON: inactive players will automatically lose when time's up. (requested by chatgptmons)\n|\n|t:|1698882032\n|start\n|switch|p1a: Ninetales|Ninetales-Alola, F, shiny|100\/100\n|switch|p2a: Zacian|Zacian-Crowned, shiny|100\/100\n|-ability|p2a: Zacian|Intrepid Sword|boost\n|-boost|p2a: Zacian|atk|1\n|-weather|Snow|[from] ability: Snow Warning|[of] p1a: Ninetales\n|turn|1\n|inactive|LingLing007 has 120 seconds left.\n|\n|t:|1698882070\n|switch|p1a: Toxapex|Toxapex, F|100\/100\n|move|p2a: Zacian|Fire Fang|p1a: Toxapex\n|-resisted|p1a: Toxapex\n|-damage|p1a: Toxapex|85\/100\n|-damage|p2a: Zacian|84\/100|[from] item: Rocky Helmet|[of] p1a: Toxapex\n|\n|-weather|Snow|[upkeep]\n|upkeep\n|turn|2\n|inactive|LingLing007 has 120 seconds left.\n|\n|t:|1698882084\n|move|p2a: Zacian|Crunch|p1a: Toxapex\n|-damage|p1a: Toxapex|46\/100\n|-damage|p2a: Zacian|67\/100|[from] item: Rocky Helmet|[of] p1a: Toxapex\n|move|p1a: Toxapex|Haze|p1a: Toxapex\n|-clearallboost\n|\n|-weather|Snow|[upkeep]\n|upkeep\n|turn|3\n|\n|t:|1698882087\n|move|p2a: Zacian|Crunch|p1a: Toxapex\n|-damage|p1a: Toxapex|18\/100\n|-unboost|p1a: Toxapex|def|1\n|-damage|p2a: Zacian|51\/100|[from] item: Rocky Helmet|[of] p1a: Toxapex\n|move|p1a: Toxapex|Recover|p1a: Toxapex\n|-heal|p1a: Toxapex|68\/100\n|\n|-weather|Snow|[upkeep]\n|upkeep\n|turn|4\n|\n|t:|1698882092\n|switch|p1a: Great Tusk|Great Tusk|100\/100\n|move|p2a: Zacian|Crunch|p1a: Great Tusk\n|-resisted|p1a: Great Tusk\n|-damage|p1a: Great Tusk|89\/100\n|\n|-weather|Snow|[upkeep]\n|upkeep\n|turn|5\n|\n|t:|1698882104\n|move|p2a: Zacian|Close Combat|p1a: Great Tusk\n|-damage|p1a: Great Tusk|59\/100\n|-unboost|p2a: Zacian|def|1\n|-unboost|p2a: Zacian|spd|1\n|move|p1a: Great Tusk|Stealth Rock|p2a: Zacian\n|-sidestart|p2: chatgptmons|move: Stealth Rock\n|\n|-weather|none\n|upkeep\n|turn|6\n|\n|t:|1698882106\n|move|p2a: Zacian|Behemoth Blade|p1a: Great Tusk\n|-damage|p1a: Great Tusk|21\/100\n|move|p1a: Great Tusk|Earthquake|p2a: Zacian\n|-supereffective|p2a: Zacian\n|-damage|p2a: Zacian|0 fnt\n|faint|p2a: Zacian\n|\n|upkeep\n|\n|t:|1698882109\n|switch|p2a: Zacian|Zacian-Crowned, shiny|100\/100\n|-damage|p2a: Zacian|94\/100|[from] Stealth Rock\n|-ability|p2a: Zacian|Intrepid Sword|boost\n|-boost|p2a: Zacian|atk|1\n|turn|7\n|\n|t:|1698882117\n|move|p2a: Zacian|Behemoth Blade|p1a: Great Tusk\n|-damage|p1a: Great Tusk|0 fnt\n|faint|p1a: Great Tusk\n|-end|p1a: Great Tusk|Protosynthesis|[silent]\n|\n|upkeep\n|\n|t:|1698882121\n|switch|p1a: Toxapex|Toxapex, F|100\/100\n|turn|8\n|\n|t:|1698882130\n|move|p2a: Zacian|Behemoth Blade|p1a: Toxapex\n|-resisted|p1a: Toxapex\n|-damage|p1a: Toxapex|63\/100\n|-damage|p2a: Zacian|78\/100|[from] item: Rocky Helmet|[of] p1a: Toxapex\n|move|p1a: Toxapex|Haze|p1a: Toxapex\n|-clearallboost\n|\n|upkeep\n|turn|9\n|\n|t:|1698882134\n|move|p2a: Zacian|Behemoth Blade|p1a: Toxapex\n|-resisted|p1a: Toxapex\n|-damage|p1a: Toxapex|41\/100\n|-damage|p2a: Zacian|61\/100|[from] item: Rocky Helmet|[of] p1a: Toxapex\n|move|p1a: Toxapex|Liquidation|p2a: Zacian\n|-damage|p2a: Zacian|43\/100\n|\n|upkeep\n|turn|10\n|\n|t:|1698882138\n|move|p2a: Zacian|Close Combat|p1a: Toxapex\n|-resisted|p1a: Toxapex\n|-damage|p1a: Toxapex|20\/100\n|-unboost|p2a: Zacian|def|1\n|-unboost|p2a: Zacian|spd|1\n|-damage|p2a: Zacian|26\/100|[from] item: Rocky Helmet|[of] p1a: Toxapex\n|move|p1a: Toxapex|Recover|p1a: Toxapex\n|-heal|p1a: Toxapex|70\/100\n|\n|upkeep\n|turn|11\n|\n|t:|1698882143\n|move|p2a: Zacian|Crunch|p1a: Toxapex\n|-damage|p1a: Toxapex|43\/100\n|-unboost|p1a: Toxapex|def|1\n|-damage|p2a: Zacian|9\/100|[from] item: Rocky Helmet|[of] p1a: Toxapex\n|move|p1a: Toxapex|Liquidation|p2a: Zacian\n|-damage|p2a: Zacian|0 fnt\n|faint|p2a: Zacian\n|\n|upkeep\n|\n|t:|1698882146\n|switch|p2a: Calyrex|Calyrex-Shadow|100\/100\n|-ability|p2a: Calyrex|As One\n|-ability|p2a: Calyrex|Unnerve\n|-damage|p2a: Calyrex|88\/100|[from] Stealth Rock\n|turn|12\n|\n|t:|1698882152\n|switch|p1a: Toxapex|Toxapex, F|100\/100\n|move|p2a: Calyrex|Astral Barrage|p1a: Toxapex\n|-immune|p1a: Toxapex\n|\n|upkeep\n|turn|13\n|\n|t:|1698882165\n|switch|p2a: Zacian|Zacian-Crowned, shiny|100\/100\n|-damage|p2a: Zacian|94\/100|[from] Stealth Rock\n|-ability|p2a: Zacian|Intrepid Sword|boost\n|-boost|p2a: Zacian|atk|1\n|move|p1a: Toxapex|Shadow Ball|p2a: Zacian\n|-crit|p2a: Zacian\n|-damage|p2a: Zacian|35\/100\n|\n|upkeep\n|turn|14\n|\n|t:|1698882175\n|switch|p1a: Toxapex|Toxapex, F|76\/100\n|move|p2a: Zacian|Behemoth Blade|p1a: Toxapex\n|-resisted|p1a: Toxapex\n|-damage|p1a: Toxapex|39\/100\n|-damage|p2a: Zacian|19\/100|[from] item: Rocky Helmet|[of] p1a: Toxapex\n|\n|upkeep\n|turn|15\n|\n|t:|1698882179\n|move|p2a: Zacian|Behemoth Blade|p1a: Toxapex\n|-resisted|p1a: Toxapex\n|-damage|p1a: Toxapex|1\/100\n|-damage|p2a: Zacian|2\/100|[from] item: Rocky Helmet|[of] p1a: Toxapex\n|move|p1a: Toxapex|Recover|p1a: Toxapex\n|-heal|p1a: Toxapex|51\/100\n|\n|upkeep\n|turn|16\n|\n|t:|1698882183\n|move|p2a: Zacian|Close Combat|p1a: Toxapex\n|-resisted|p1a: Toxapex\n|-damage|p1a: Toxapex|22\/100\n|-unboost|p2a: Zacian|def|1\n|-unboost|p2a: Zacian|spd|1\n|-damage|p2a: Zacian|0 fnt|[from] item: Rocky Helmet|[of] p1a: Toxapex\n|faint|p2a: Zacian\n|move|p1a: Toxapex|Recover|p1a: Toxapex\n|-heal|p1a: Toxapex|72\/100\n|\n|upkeep\n|c|\u2606chatgptmons|i cant even be angry um spaming zacian\n|inactive|chatgptmons has 120 seconds left.\n|\n|t:|1698882215\n|switch|p2a: Calyrex|Calyrex-Shadow|88\/100\n|-ability|p2a: Calyrex|As One\n|-ability|p2a: Calyrex|Unnerve\n|-damage|p2a: Calyrex|76\/100|[from] Stealth Rock\n|turn|17\n|\n|t:|1698882226\n|move|p2a: Calyrex|Night Shade|p1a: Toxapex\n|-damage|p1a: Toxapex|39\/100\n|move|p1a: Toxapex|Toxic|p2a: Calyrex\n|-status|p2a: Calyrex|tox\n|\n|-damage|p2a: Calyrex|70\/100 tox|[from] psn\n|upkeep\n|turn|18\n|\n|t:|1698882235\n|move|p2a: Calyrex|Night Shade|p1a: Toxapex\n|-damage|p1a: Toxapex|6\/100\n|move|p1a: Toxapex|Recover|p1a: Toxapex\n|-heal|p1a: Toxapex|56\/100\n|\n|-damage|p2a: Calyrex|58\/100 tox|[from] psn\n|upkeep\n|turn|19\n|\n|t:|1698882241\n|move|p2a: Calyrex|Night Shade|p1a: Toxapex\n|-damage|p1a: Toxapex|23\/100\n|move|p1a: Toxapex|Recover|p1a: Toxapex\n|-heal|p1a: Toxapex|73\/100\n|\n|-damage|p2a: Calyrex|39\/100 tox|[from] psn\n|upkeep\n|turn|20\n|\n|t:|1698882249\n|switch|p1a: Ninetales|Ninetales-Alola, F, shiny|100\/100\n|-weather|Snow|[from] ability: Snow Warning|[of] p1a: Ninetales\n|-terastallize|p2a: Calyrex|Steel\n|move|p2a: Calyrex|Night Shade|p1a: Ninetales\n|-damage|p1a: Ninetales|72\/100\n|\n|-weather|Snow|[upkeep]\n|-damage|p2a: Calyrex|15\/100 tox|[from] psn\n|upkeep\n|turn|21\n|\n|t:|1698882262\n|move|p2a: Calyrex|Night Shade|p1a: Ninetales\n|-damage|p1a: Ninetales|43\/100\n|move|p1a: Ninetales|Aurora Veil|p1a: Ninetales\n|-sidestart|p1: LingLing007|move: Aurora Veil\n|\n|-weather|Snow|[upkeep]\n|-damage|p2a: Calyrex|0 fnt|[from] psn\n|faint|p2a: Calyrex\n|upkeep\n|\n|t:|1698882268\n|switch|p2a: Zacian|Zacian-Crowned, shiny|100\/100\n|-damage|p2a: Zacian|94\/100|[from] Stealth Rock\n|-ability|p2a: Zacian|Intrepid Sword|boost\n|-boost|p2a: Zacian|atk|1\n|turn|22\n|\n|t:|1698882274\n|switch|p1a: Toxapex|Toxapex, F|100\/100\n|move|p2a: Zacian|Fire Fang|p1a: Toxapex\n|-resisted|p1a: Toxapex\n|-damage|p1a: Toxapex|93\/100\n|-status|p1a: Toxapex|brn\n|-damage|p2a: Zacian|78\/100|[from] item: Rocky Helmet|[of] p1a: Toxapex\n|\n|-weather|Snow|[upkeep]\n|-damage|p1a: Toxapex|86\/100 brn|[from] brn\n|upkeep\n|turn|23\n|\n|t:|1698882278\n|move|p2a: Zacian|Behemoth Blade|p1a: Toxapex\n|-resisted|p1a: Toxapex\n|-damage|p1a: Toxapex|69\/100 brn\n|-damage|p2a: Zacian|61\/100|[from] item: Rocky Helmet|[of] p1a: Toxapex\n|move|p1a: Toxapex|Haze|p1a: Toxapex\n|-clearallboost\n|\n|-weather|Snow|[upkeep]\n|-damage|p1a: Toxapex|62\/100 brn|[from] brn\n|upkeep\n|turn|24\n|\n|t:|1698882287\n|move|p2a: Zacian|Crunch|p1a: Toxapex\n|-damage|p1a: Toxapex|49\/100 brn\n|-damage|p2a: Zacian|45\/100|[from] item: Rocky Helmet|[of] p1a: Toxapex\n|move|p1a: Toxapex|Liquidation|p2a: Zacian\n|-damage|p2a: Zacian|35\/100\n|\n|-weather|none\n|-damage|p1a: Toxapex|42\/100 brn|[from] brn\n|upkeep\n|turn|25\n|\n|t:|1698882298\n|switch|p1a: Ninetales|Ninetales-Alola, F, shiny|43\/100\n|-weather|Snow|[from] ability: Snow Warning|[of] p1a: Ninetales\n|move|p2a: Zacian|Fire Fang|p1a: Ninetales\n|-supereffective|p1a: Ninetales\n|-damage|p1a: Ninetales|22\/100\n|\n|-weather|Snow|[upkeep]\n|upkeep\n|turn|26\n|\n|t:|1698882306\n|move|p1a: Ninetales|Ice Shard|p2a: Zacian\n|-resisted|p2a: Zacian\n|-damage|p2a: Zacian|30\/100\n|move|p2a: Zacian|Fire Fang|p1a: Ninetales\n|-supereffective|p1a: Ninetales\n|-damage|p1a: Ninetales|0 fnt\n|faint|p1a: Ninetales\n|\n|-weather|Snow|[upkeep]\n|upkeep\n|\n|t:|1698882310\n|switch|p1a: Roaring Moon|Roaring Moon|100\/100\n|-enditem|p1a: Roaring Moon|Booster Energy\n|-activate|p1a: Roaring Moon|ability: Protosynthesis|[fromitem]\n|-start|p1a: Roaring Moon|protosynthesisspe\n|turn|27\n|\n|t:|1698882321\n|-terastallize|p1a: Roaring Moon|Flying\n|move|p1a: Roaring Moon|Dragon Dance|p1a: Roaring Moon\n|-boost|p1a: Roaring Moon|atk|1\n|-boost|p1a: Roaring Moon|spe|1\n|move|p2a: Zacian|Behemoth Blade|p1a: Roaring Moon\n|-damage|p1a: Roaring Moon|64\/100\n|\n|-weather|Snow|[upkeep]\n|upkeep\n|turn|28\n|\n|t:|1698882326\n|move|p1a: Roaring Moon|Earthquake|p2a: Zacian\n|-supereffective|p2a: Zacian\n|-damage|p2a: Zacian|0 fnt\n|faint|p2a: Zacian\n|\n|-weather|Snow|[upkeep]\n|-sideend|p1: LingLing007|move: Aurora Veil\n|upkeep\n|\n|t:|1698882328\n|switch|p2a: Kingambit|Kingambit, M, shiny|100\/100\n|-damage|p2a: Kingambit|94\/100|[from] Stealth Rock\n|-activate|p2a: Kingambit|ability: Supreme Overlord\n|-start|p2a: Kingambit|fallen5|[silent]\n|turn|29\n|\n|t:|1698882337\n|move|p2a: Kingambit|Sucker Punch|p1a: Roaring Moon\n|-damage|p1a: Roaring Moon|0 fnt\n|faint|p1a: Roaring Moon\n|-end|p1a: Roaring Moon|Protosynthesis|[silent]\n|-damage|p2a: Kingambit|84\/100|[from] item: Life Orb\n|\n|-weather|none\n|upkeep\n|\n|t:|1698882348\n|switch|p1a: Toxapex|Toxapex, F|100\/100\n|turn|30\n|\n|t:|1698882362\n|move|p1a: Toxapex|Flamethrower|p2a: Kingambit\n|-supereffective|p2a: Kingambit\n|-damage|p2a: Kingambit|14\/100\n|move|p2a: Kingambit|Night Slash|p1a: Toxapex\n|-supereffective|p1a: Toxapex\n|-enditem|p1a: Toxapex|Focus Sash\n|-damage|p1a: Toxapex|1\/100\n|replace|p1a: Zoroark|Zoroark-Hisui, M, shiny\n|-end|p1a: Zoroark|Illusion\n|-damage|p2a: Kingambit|4\/100|[from] item: Life Orb\n|\n|upkeep\n|turn|31\n|\n|t:|1698882367\n|move|p2a: Kingambit|Sucker Punch||[still]\n|-fail|p2a: Kingambit\n|move|p1a: Zoroark|Nasty Plot|p1a: Zoroark\n|-boost|p1a: Zoroark|spa|2\n|\n|upkeep\n|turn|32\n|\n|t:|1698882370\n|switch|p1a: Toxapex|Toxapex, F|75\/100 brn\n|move|p2a: Kingambit|Sucker Punch||[still]\n|-fail|p2a: Kingambit\n|\n|-damage|p1a: Toxapex|69\/100 brn|[from] brn\n|upkeep\n|turn|33\n|\n|t:|1698882379\n|move|p2a: Kingambit|Shadow Claw|p1a: Toxapex\n|-damage|p1a: Toxapex|26\/100 brn\n|-damage|p2a: Kingambit|0 fnt|[from] item: Rocky Helmet|[of] p1a: Toxapex\n|faint|p2a: Kingambit\n|-end|p2a: Kingambit|fallen5|[silent]\n|\n|win|LingLing007\n|raw|LingLing007's rating: 1232 &rarr; <strong>1264<\/strong><br \/>(+32 for winning)\n|raw|chatgptmons's rating: 1327 &rarr; <strong>1302<\/strong><br \/>(-25 for losing)\n|l|\u2606chatgptmons\n","uploadtime":1698882384,"views":11,"p1id":"lingling007","p2id":"chatgptmons","formatid":"gen9anythinggoes","rating":1264,"private":0,"password":""}