{"id":"gen9anythinggoes-1989227150","p1":"Guibs279","p2":"OtavioStarshine","format":"[Gen 9] Anything Goes","log":"|j|\u2606Guibs279\n|j|\u2606OtavioStarshine\n|t:|1699825541\n|gametype|singles\n|player|p1|Guibs279|blue|\n|player|p2|OtavioStarshine|hilda|\n|teamsize|p1|6\n|teamsize|p2|6\n|gen|9\n|tier|[Gen 9] Anything Goes\n|rule|HP Percentage Mod: HP is shown in percentages\n|rule|Endless Battle Clause: Forcing endless battles is banned\n|clearpoke\n|poke|p1|Quaquaval, F|\n|poke|p1|Ogerpon-Hearthflame, F|\n|poke|p1|Espeon, F|\n|poke|p1|Gliscor, F|\n|poke|p1|Gholdengo|\n|poke|p1|Chien-Pao|\n|poke|p2|Decidueye-Hisui, M|\n|poke|p2|Armarouge, F|\n|poke|p2|Scizor, M|\n|poke|p2|Rayquaza|\n|poke|p2|Greninja-*, M|\n|poke|p2|Rotom|\n|teampreview\n|\n|t:|1699825556\n|start\n|switch|p1a: Gliscor|Gliscor, F, shiny|100\/100\n|switch|p2a: Rotom|Rotom|100\/100\n|turn|1\n|j| Beh6z\n|\n|t:|1699825579\n|move|p2a: Rotom|Protect|p2a: Rotom\n|-singleturn|p2a: Rotom|Protect\n|move|p1a: Gliscor|Stealth Rock|p2a: Rotom\n|-sidestart|p2: OtavioStarshine|move: Stealth Rock\n|\n|-status|p1a: Gliscor|tox|[from] item: Toxic Orb\n|upkeep\n|turn|2\n|\n|t:|1699825591\n|move|p1a: Gliscor|Toxic|p2a: Rotom\n|-status|p2a: Rotom|tox\n|move|p2a: Rotom|Foul Play|p1a: Gliscor\n|-damage|p1a: Gliscor|82\/100 tox\n|\n|-heal|p1a: Gliscor|95\/100 tox|[from] ability: Poison Heal\n|-damage|p2a: Rotom|94\/100 tox|[from] psn\n|upkeep\n|turn|3\n|\n|t:|1699825604\n|move|p1a: Gliscor|Protect|p1a: Gliscor\n|-singleturn|p1a: Gliscor|Protect\n|move|p2a: Rotom|Shadow Ball|p1a: Gliscor\n|-activate|p1a: Gliscor|move: Protect\n|\n|-heal|p2a: Rotom|100\/100 tox|[from] item: Leftovers\n|-heal|p1a: Gliscor|100\/100 tox|[from] ability: Poison Heal\n|-damage|p2a: Rotom|88\/100 tox|[from] psn\n|upkeep\n|turn|4\n|c|\u2606Guibs279|O foda \u00e9 que eu s\u00f3 tenho earthquake\n|c|\u2606Guibs279|E ele \u00e9 imune kkkk\n|\n|t:|1699825632\n|move|p1a: Gliscor|Earthquake|p2a: Rotom\n|-immune|p2a: Rotom|[from] ability: Levitate\n|move|p2a: Rotom|Shadow Ball|p1a: Gliscor\n|-damage|p1a: Gliscor|73\/100 tox\n|\n|-heal|p2a: Rotom|94\/100 tox|[from] item: Leftovers\n|-heal|p1a: Gliscor|85\/100 tox|[from] ability: Poison Heal\n|-damage|p2a: Rotom|76\/100 tox|[from] psn\n|upkeep\n|turn|5\n|c| Beh6z|mas ele aparentemente n tem nada contra vc\n|c|\u2606Guibs279|Sim kk\n|\n|t:|1699825650\n|move|p1a: Gliscor|Protect|p1a: Gliscor\n|-singleturn|p1a: Gliscor|Protect\n|move|p2a: Rotom|Foul Play|p1a: Gliscor\n|-activate|p1a: Gliscor|move: Protect\n|\n|-heal|p2a: Rotom|82\/100 tox|[from] item: Leftovers\n|-heal|p1a: Gliscor|97\/100 tox|[from] ability: Poison Heal\n|-damage|p2a: Rotom|57\/100 tox|[from] psn\n|upkeep\n|turn|6\n|c| Beh6z|ent\n|\n|t:|1699825667\n|move|p2a: Rotom|Protect|p2a: Rotom\n|-singleturn|p2a: Rotom|Protect\n|move|p1a: Gliscor|Earthquake|p2a: Rotom\n|-activate|p2a: Rotom|move: Protect\n|\n|-heal|p2a: Rotom|63\/100 tox|[from] item: Leftovers\n|-heal|p1a: Gliscor|100\/100 tox|[from] ability: Poison Heal\n|-damage|p2a: Rotom|32\/100 tox|[from] psn\n|upkeep\n|turn|7\n|c|\u2606Guibs279|F\n|c| Beh6z|vc vai usar as estrat\u00e9gias proibidas...\n|\n|t:|1699825698\n|switch|p2a: Scizor|Scizor, M|100\/100\n|-damage|p2a: Scizor|88\/100|[from] Stealth Rock\n|-item|p2a: Scizor|Air Balloon\n|move|p1a: Gliscor|Protect||[still]\n|-fail|p1a: Gliscor\n|\n|upkeep\n|turn|8\n|c|\u2606Guibs279|Kkkkk\n|\n|t:|1699825724\n|switch|p1a: Ogerpon|Ogerpon-Hearthflame, F|100\/100\n|-ability|p1a: Ogerpon|Mold Breaker\n|move|p2a: Scizor|Iron Head|p1a: Ogerpon\n|-resisted|p1a: Ogerpon\n|-damage|p1a: Ogerpon|77\/100\n|\n|upkeep\n|turn|9\n|\n|t:|1699825744\n|move|p1a: Ogerpon|Ivy Cudgel|p2a: Scizor\n|-supereffective|p2a: Scizor\n|-damage|p2a: Scizor|0 fnt\n|-enditem|p2a: Scizor|Air Balloon\n|faint|p2a: Scizor\n|\n|upkeep\n|c| Beh6z|eu ia falar que o scizor era uma ideia ruim mas na vdd foi bom at\u00e9\n|\n|t:|1699825753\n|switch|p2a: Greninja|Greninja, M|100\/100\n|-damage|p2a: Greninja|88\/100|[from] Stealth Rock\n|turn|10\n|c| Beh6z|quer dizer\n|c| Beh6z|ele perdeu ele\n|c| Beh6z|mas foi bom at\u00e9\n|\n|t:|1699825774\n|switch|p1a: Quaquaval|Quaquaval, F|100\/100\n|move|p2a: Greninja|Blizzard|p1a: Quaquaval\n|-resisted|p1a: Quaquaval\n|-damage|p1a: Quaquaval|83\/100\n|\n|upkeep\n|turn|11\n|\n|t:|1699825800\n|move|p1a: Quaquaval|Close Combat|p2a: Greninja\n|-supereffective|p2a: Greninja\n|-damage|p2a: Greninja|0 fnt\n|-unboost|p1a: Quaquaval|def|1\n|-unboost|p1a: Quaquaval|spd|1\n|faint|p2a: Greninja\n|-ability|p1a: Quaquaval|Moxie|boost\n|-boost|p1a: Quaquaval|atk|1\n|-damage|p1a: Quaquaval|73\/100|[from] item: Life Orb\n|\n|upkeep\n|\n|t:|1699825816\n|switch|p2a: Rotom|Rotom|32\/100 tox\n|-damage|p2a: Rotom|20\/100 tox|[from] Stealth Rock\n|turn|12\n|\n|t:|1699825822\n|switch|p1a: Gliscor|Gliscor, F, shiny|100\/100 tox\n|move|p2a: Rotom|Discharge|p1a: Gliscor\n|-immune|p1a: Gliscor\n|\n|-heal|p2a: Rotom|26\/100 tox|[from] item: Leftovers\n|-damage|p2a: Rotom|20\/100 tox|[from] psn\n|upkeep\n|turn|13\n|\n|t:|1699825833\n|move|p1a: Gliscor|Protect|p1a: Gliscor\n|-singleturn|p1a: Gliscor|Protect\n|move|p2a: Rotom|Shadow Ball|p1a: Gliscor\n|-activate|p1a: Gliscor|move: Protect\n|\n|-heal|p2a: Rotom|26\/100 tox|[from] item: Leftovers\n|-damage|p2a: Rotom|13\/100 tox|[from] psn\n|upkeep\n|turn|14\n|\n|t:|1699825847\n|move|p1a: Gliscor|Earthquake|p2a: Rotom\n|-immune|p2a: Rotom|[from] ability: Levitate\n|move|p2a: Rotom|Foul Play|p1a: Gliscor\n|-damage|p1a: Gliscor|84\/100 tox\n|\n|-heal|p2a: Rotom|20\/100 tox|[from] item: Leftovers\n|-heal|p1a: Gliscor|96\/100 tox|[from] ability: Poison Heal\n|-damage|p2a: Rotom|1\/100 tox|[from] psn\n|upkeep\n|turn|15\n|\n|t:|1699825861\n|move|p1a: Gliscor|Protect|p1a: Gliscor\n|-singleturn|p1a: Gliscor|Protect\n|move|p2a: Rotom|Foul Play|p1a: Gliscor\n|-activate|p1a: Gliscor|move: Protect\n|\n|-heal|p2a: Rotom|7\/100 tox|[from] item: Leftovers\n|-heal|p1a: Gliscor|100\/100 tox|[from] ability: Poison Heal\n|-damage|p2a: Rotom|0 fnt|[from] psn\n|faint|p2a: Rotom\n|upkeep\n|\n|t:|1699825875\n|switch|p2a: Armarouge|Armarouge, F|100\/100\n|-damage|p2a: Armarouge|76\/100|[from] Stealth Rock\n|turn|16\n|\n|t:|1699825888\n|switch|p2a: Decidueye|Decidueye-Hisui, M|100\/100\n|-damage|p2a: Decidueye|95\/100|[from] Stealth Rock\n|move|p1a: Gliscor|Earthquake|p2a: Decidueye\n|-resisted|p2a: Decidueye\n|-damage|p2a: Decidueye|75\/100\n|\n|upkeep\n|turn|17\n|\n|t:|1699825910\n|switch|p1a: Espeon|Espeon, F|100\/100\n|move|p2a: Decidueye|Energy Ball|p1a: Espeon\n|-damage|p1a: Espeon|62\/100\n|-damage|p2a: Decidueye|65\/100|[from] item: Life Orb\n|\n|upkeep\n|turn|18\n|\n|t:|1699825930\n|switch|p2a: Armarouge|Armarouge, F|76\/100\n|-damage|p2a: Armarouge|51\/100|[from] Stealth Rock\n|move|p1a: Espeon|Psychic|p2a: Armarouge\n|-resisted|p2a: Armarouge\n|-crit|p2a: Armarouge\n|-damage|p2a: Armarouge|11\/100\n|\n|upkeep\n|turn|19\n|\n|t:|1699825943\n|move|p1a: Espeon|Psychic|p2a: Armarouge\n|-resisted|p2a: Armarouge\n|-damage|p2a: Armarouge|0 fnt\n|faint|p2a: Armarouge\n|\n|upkeep\n|\n|t:|1699825951\n|switch|p2a: Rayquaza|Rayquaza|100\/100\n|-damage|p2a: Rayquaza|76\/100|[from] Stealth Rock\n|-ability|p2a: Rayquaza|Air Lock\n|turn|20\n|c|\u2606Guibs279|Respeita meu Espeon\n|c| Beh6z|eu lembro\n|\n|t:|1699825965\n|move|p2a: Rayquaza|Extreme Speed|p1a: Espeon\n|-damage|p1a: Espeon|29\/100\n|move|p1a: Espeon|Reflect|p1a: Espeon\n|-sidestart|p1: Guibs279|Reflect\n|\n|upkeep\n|turn|21\n|c| Beh6z|dos bons tempos\n|c| Beh6z|esse espeon me deus problemaskk\n|\n|t:|1699825976\n|switch|p1a: Chien-Pao|Chien-Pao|100\/100\n|-ability|p1a: Chien-Pao|Sword of Ruin\n|move|p2a: Rayquaza|Extreme Speed|p1a: Chien-Pao\n|-damage|p1a: Chien-Pao|82\/100\n|\n|upkeep\n|turn|22\n|c|\u2606Guibs279|Kkkkkkk\n|\n|t:|1699825997\n|switch|p2a: Decidueye|Decidueye-Hisui, M|65\/100\n|-damage|p2a: Decidueye|59\/100|[from] Stealth Rock\n|move|p1a: Chien-Pao|Icicle Crash|p2a: Decidueye\n|-supereffective|p2a: Decidueye\n|-damage|p2a: Decidueye|0 fnt\n|faint|p2a: Decidueye\n|-damage|p1a: Chien-Pao|72\/100|[from] item: Life Orb\n|\n|upkeep\n|c| Beh6z|bem\n|\n|t:|1699826007\n|switch|p2a: Rayquaza|Rayquaza|76\/100\n|-damage|p2a: Rayquaza|51\/100|[from] Stealth Rock\n|-ability|p2a: Rayquaza|Air Lock\n|turn|23\n|c| Beh6z|eu n quero assumir nada\n|\n|t:|1699826018\n|move|p1a: Chien-Pao|Icicle Crash|p2a: Rayquaza\n|-supereffective|p2a: Rayquaza\n|-crit|p2a: Rayquaza\n|-damage|p2a: Rayquaza|0 fnt\n|faint|p2a: Rayquaza\n|-damage|p1a: Chien-Pao|62\/100|[from] item: Life Orb\n|\n|win|Guibs279\n|c| Beh6z|mas gg\n|l|\u2606OtavioStarshine\n|c|\u2606Guibs279|Gg\n","uploadtime":1699826044,"views":6,"p1id":"guibs279","p2id":"otaviostarshine","formatid":"gen9anythinggoes","rating":0,"private":0,"password":""}