{"id":"gen9anythinggoes-1972207142","p1":"ThornDaSatyr","p2":"MVK_DOMINATOR","format":"[Gen 9] Anything Goes","log":"|j|\u2606ThornDaSatyr\n|j|\u2606MVK_DOMINATOR\n|t:|1697821499\n|gametype|singles\n|player|p1|ThornDaSatyr|harlequin|1026\n|player|p2|MVK_DOMINATOR|benga|1092\n|teamsize|p1|6\n|teamsize|p2|6\n|gen|9\n|tier|[Gen 9] Anything Goes\n|rated|\n|rule|HP Percentage Mod: HP is shown in percentages\n|rule|Endless Battle Clause: Forcing endless battles is banned\n|clearpoke\n|poke|p1|Chien-Pao|\n|poke|p1|Overqwil, M|\n|poke|p1|Arcanine-Hisui, F|\n|poke|p1|Appletun, F|\n|poke|p1|Eelektross, F|\n|poke|p1|Clefable, M|\n|poke|p2|Dugtrio, M|\n|poke|p2|Gardevoir, F|\n|poke|p2|Muk, M|\n|poke|p2|Dragonite, M|\n|poke|p2|Clefable, F|\n|poke|p2|Clefable, F|\n|teampreview\n|\n|t:|1697821512\n|start\n|switch|p1a: Overqwil|Overqwil, M|100\/100\n|switch|p2a: Clefable|Clefable, F|100\/100\n|-ability|p1a: Overqwil|Intimidate|boost\n|-unboost|p2a: Clefable|atk|1\n|turn|1\n|c|\u2606MVK_DOMINATOR|CLEEFABLE VS CLEFABLE?!\n|\n|t:|1697821520\n|move|p1a: Overqwil|Substitute|p1a: Overqwil\n|-start|p1a: Overqwil|Substitute\n|-damage|p1a: Overqwil|76\/100\n|move|p2a: Clefable|Cosmic Power|p2a: Clefable\n|-boost|p2a: Clefable|def|1\n|-boost|p2a: Clefable|spd|1\n|\n|-heal|p1a: Overqwil|82\/100|[from] item: Black Sludge\n|upkeep\n|turn|2\n|\n|t:|1697821530\n|move|p1a: Overqwil|Haze|p1a: Overqwil\n|-clearallboost\n|move|p2a: Clefable|Cosmic Power|p2a: Clefable\n|-boost|p2a: Clefable|def|1\n|-boost|p2a: Clefable|spd|1\n|\n|-heal|p1a: Overqwil|88\/100|[from] item: Black Sludge\n|upkeep\n|turn|3\n|\n|t:|1697821538\n|move|p1a: Overqwil|Barb Barrage|p2a: Clefable\n|-supereffective|p2a: Clefable\n|-damage|p2a: Clefable|64\/100\n|move|p2a: Clefable|Thunder Wave||[still]\n|-fail|p2a: Clefable\n|\n|-heal|p1a: Overqwil|94\/100|[from] item: Black Sludge\n|upkeep\n|turn|4\n|\n|t:|1697821546\n|switch|p2a: Muk|Muk, M|100\/100\n|move|p1a: Overqwil|Barb Barrage|p2a: Muk\n|-resisted|p2a: Muk\n|-damage|p2a: Muk|86\/100\n|\n|-heal|p1a: Overqwil|99\/100|[from] item: Black Sludge\n|upkeep\n|turn|5\n|\n|t:|1697821557\n|move|p1a: Overqwil|Crunch|p2a: Muk\n|-damage|p2a: Muk|46\/100\n|move|p2a: Muk|Toxic Spikes|p1a: Overqwil\n|-sidestart|p1: ThornDaSatyr|move: Toxic Spikes\n|\n|-heal|p1a: Overqwil|100\/100|[from] item: Black Sludge\n|upkeep\n|turn|6\n|\n|t:|1697821564\n|move|p1a: Overqwil|Crunch|p2a: Muk\n|-damage|p2a: Muk|2\/100\n|move|p2a: Muk|Toxic Spikes|p1a: Overqwil\n|-sidestart|p1: ThornDaSatyr|move: Toxic Spikes\n|\n|upkeep\n|turn|7\n|\n|t:|1697821570\n|move|p1a: Overqwil|Crunch|p2a: Muk\n|-damage|p2a: Muk|0 fnt\n|faint|p2a: Muk\n|\n|upkeep\n|\n|t:|1697821577\n|switch|p2a: Dugtrio|Dugtrio, M|100\/100\n|turn|8\n|\n|t:|1697821587\n|move|p2a: Dugtrio|Stealth Rock|p1a: Overqwil\n|-sidestart|p1: ThornDaSatyr|move: Stealth Rock\n|move|p1a: Overqwil|Crunch|p2a: Dugtrio\n|-enditem|p2a: Dugtrio|Focus Sash\n|-damage|p2a: Dugtrio|1\/100\n|\n|upkeep\n|turn|9\n|\n|t:|1697821603\n|move|p2a: Dugtrio|Night Slash|p1a: Overqwil\n|-resisted|p1a: Overqwil\n|-activate|p1a: Overqwil|move: Substitute|[damage]\n|move|p1a: Overqwil|Crunch|p2a: Dugtrio\n|-damage|p2a: Dugtrio|0 fnt\n|faint|p2a: Dugtrio\n|\n|upkeep\n|c|\u2606MVK_DOMINATOR|!weak overqwil\n|c|!MVK_DOMINATOR|\/raw <div class=\"infobox\">Overqwil (ignoring abilities):<br \/><span class=\"message-effect-weak\">Weaknesses<\/span>: Ground<br \/><span class=\"message-effect-resist\">Resistances<\/span>: Dark, Ghost, Grass, Poison<br \/><span class=\"message-effect-immune\">Immunities<\/span>: Psychic, Prankster, Toxic<\/div>\n|\n|t:|1697821630\n|switch|p2a: Gardevoir|Gardevoir, F|100\/100\n|turn|10\n|\n|t:|1697821635\n|move|p1a: Overqwil|Crunch|p2a: Gardevoir\n|-damage|p2a: Gardevoir|43\/100\n|move|p2a: Gardevoir|Calm Mind|p2a: Gardevoir\n|-boost|p2a: Gardevoir|spa|1\n|-boost|p2a: Gardevoir|spd|1\n|\n|-heal|p2a: Gardevoir|49\/100|[from] item: Leftovers\n|upkeep\n|turn|11\n|\n|t:|1697821646\n|move|p1a: Overqwil|Crunch|p2a: Gardevoir\n|-damage|p2a: Gardevoir|0 fnt\n|faint|p2a: Gardevoir\n|\n|upkeep\n|\n|t:|1697821651\n|switch|p2a: Clefable|Clefable, F|100\/100\n|turn|12\n|\n|t:|1697821657\n|move|p1a: Overqwil|Barb Barrage|p2a: Clefable\n|-supereffective|p2a: Clefable\n|-damage|p2a: Clefable|46\/100\n|-status|p2a: Clefable|psn\n|move|p2a: Clefable|Substitute|p2a: Clefable\n|-start|p2a: Clefable|Substitute\n|-damage|p2a: Clefable|21\/100 psn\n|\n|-heal|p2a: Clefable|27\/100 psn|[from] item: Leftovers\n|-damage|p2a: Clefable|15\/100 psn|[from] psn\n|upkeep\n|turn|13\n|\n|t:|1697821677\n|move|p1a: Overqwil|Crunch|p2a: Clefable\n|-resisted|p2a: Clefable\n|-activate|p2a: Clefable|move: Substitute|[damage]\n|move|p2a: Clefable|Wish|p2a: Clefable\n|\n|-heal|p2a: Clefable|21\/100 psn|[from] item: Leftovers\n|-damage|p2a: Clefable|9\/100 psn|[from] psn\n|upkeep\n|turn|14\n|\n|t:|1697821686\n|move|p2a: Clefable|Protect|p2a: Clefable\n|-singleturn|p2a: Clefable|Protect\n|move|p1a: Overqwil|Crunch|p2a: Clefable\n|-activate|p2a: Clefable|move: Protect\n|\n|-heal|p2a: Clefable|59\/100 psn|[from] move: Wish|[wisher] Clefable\n|-heal|p2a: Clefable|65\/100 psn|[from] item: Leftovers\n|-damage|p2a: Clefable|52\/100 psn|[from] psn\n|upkeep\n|turn|15\n|\n|t:|1697821698\n|move|p1a: Overqwil|Barb Barrage|p2a: Clefable\n|-supereffective|p2a: Clefable\n|-end|p2a: Clefable|Substitute\n|move|p2a: Clefable|Wish|p2a: Clefable\n|\n|-heal|p2a: Clefable|58\/100 psn|[from] item: Leftovers\n|-damage|p2a: Clefable|46\/100 psn|[from] psn\n|upkeep\n|turn|16\n|\n|t:|1697821706\n|move|p2a: Clefable|Protect|p2a: Clefable\n|-singleturn|p2a: Clefable|Protect\n|move|p1a: Overqwil|Barb Barrage|p2a: Clefable\n|-activate|p2a: Clefable|move: Protect\n|\n|-heal|p2a: Clefable|96\/100 psn|[from] move: Wish|[wisher] Clefable\n|-heal|p2a: Clefable|100\/100 psn|[from] item: Leftovers\n|-damage|p2a: Clefable|88\/100 psn|[from] psn\n|upkeep\n|turn|17\n|\n|t:|1697821716\n|move|p1a: Overqwil|Barb Barrage|p2a: Clefable\n|-supereffective|p2a: Clefable\n|-damage|p2a: Clefable|0 fnt\n|faint|p2a: Clefable\n|\n|upkeep\n|\n|t:|1697821721\n|switch|p2a: Dragonite|Dragonite, M|100\/100\n|turn|18\n|\n|t:|1697821725\n|move|p1a: Overqwil|Barb Barrage|p2a: Dragonite\n|-crit|p2a: Dragonite\n|-damage|p2a: Dragonite|58\/100\n|-status|p2a: Dragonite|psn\n|move|p2a: Dragonite|Outrage|p1a: Overqwil\n|-end|p1a: Overqwil|Substitute\n|\n|-damage|p2a: Dragonite|46\/100 psn|[from] psn\n|upkeep\n|turn|19\n|\n|t:|1697821738\n|move|p1a: Overqwil|Substitute|p1a: Overqwil\n|-start|p1a: Overqwil|Substitute\n|-damage|p1a: Overqwil|76\/100\n|move|p2a: Dragonite|Outrage|p1a: Overqwil|[from]lockedmove\n|-end|p1a: Overqwil|Substitute\n|\n|-heal|p1a: Overqwil|82\/100|[from] item: Black Sludge\n|-damage|p2a: Dragonite|34\/100 psn|[from] psn\n|upkeep\n|turn|20\n|\n|t:|1697821746\n|move|p1a: Overqwil|Barb Barrage|p2a: Dragonite\n|-damage|p2a: Dragonite|0 fnt\n|faint|p2a: Dragonite\n|\n|-heal|p1a: Overqwil|88\/100|[from] item: Black Sludge\n|upkeep\n|\n|t:|1697821753\n|switch|p2a: Clefable|Clefable, F|64\/100\n|turn|21\n|c|\u2606MVK_DOMINATOR|WHY IS YOUR TEAM SO FCKING GAY\n|\n|t:|1697821766\n|move|p1a: Overqwil|Barb Barrage|p2a: Clefable\n|-supereffective|p2a: Clefable\n|-damage|p2a: Clefable|9\/100\n|-status|p2a: Clefable|psn\n|move|p2a: Clefable|Thunder Wave|p1a: Overqwil\n|-status|p1a: Overqwil|par\n|\n|-heal|p1a: Overqwil|94\/100 par|[from] item: Black Sludge\n|upkeep\n|turn|22\n|c|\u2606ThornDaSatyr|it's not\n|c|\u2606MVK_DOMINATOR|It is\n|c|\u2606MVK_DOMINATOR|that pokenmon is just pure gay\n|c|\u2606MVK_DOMINATOR|and you suck.\n|\n|t:|1697821793\n|move|p2a: Clefable|Stored Power|p1a: Overqwil\n|-immune|p1a: Overqwil\n|move|p1a: Overqwil|Barb Barrage|p2a: Clefable\n|-supereffective|p2a: Clefable\n|-damage|p2a: Clefable|0 fnt\n|faint|p2a: Clefable\n|\n|win|ThornDaSatyr\n|raw|ThornDaSatyr's rating: 1026 &rarr; <strong>1069<\/strong><br \/>(+43 for winning)\n|raw|MVK_DOMINATOR's rating: 1092 &rarr; <strong>1064<\/strong><br \/>(-28 for losing)\n","uploadtime":1697821766,"views":7,"p1id":"thorndasatyr","p2id":"mvkdominator","formatid":"gen9anythinggoes","rating":1064,"private":0,"password":""}