{"id":"gen9anythinggoes-1997939125","p1":"SpainwinsHouseCup","p2":"Matsurizzzu","format":"[Gen 9] Anything Goes","log":"|j|\u2606SpainwinsHouseCup\n|j|\u2606Matsurizzzu\n|t:|1700869804\n|gametype|singles\n|player|p1|SpainwinsHouseCup|170|1092\n|player|p2|Matsurizzzu|dawn|1092\n|teamsize|p1|6\n|teamsize|p2|6\n|gen|9\n|tier|[Gen 9] Anything Goes\n|rated|\n|rule|HP Percentage Mod: HP is shown in percentages\n|rule|Endless Battle Clause: Forcing endless battles is banned\n|clearpoke\n|poke|p1|Maushold|\n|poke|p1|Annihilape, M|\n|poke|p1|Clodsire, F|\n|poke|p1|Kleavor, F|\n|poke|p1|Breloom, M|\n|poke|p1|Urshifu-*, M|\n|poke|p2|Masquerain, F|\n|poke|p2|Krookodile, F|\n|poke|p2|Krookodile, F|\n|poke|p2|Krookodile, F|\n|poke|p2|Krookodile, F|\n|poke|p2|Krookodile, F|\n|teampreview\n|inactive|Battle timer is ON: inactive players will automatically lose when time's up. (requested by SpainwinsHouseCup)\n|\n|t:|1700869808\n|start\n|switch|p1a: Kleavor|Kleavor, F|100\/100\n|switch|p2a: Masquerain|Masquerain, F|100\/100\n|-ability|p2a: Masquerain|Intimidate|boost\n|-unboost|p1a: Kleavor|atk|1\n|turn|1\n|\n|t:|1700869814\n|move|p1a: Kleavor|Stone Axe|p2a: Masquerain\n|-supereffective|p2a: Masquerain\n|-enditem|p2a: Masquerain|Focus Sash\n|-damage|p2a: Masquerain|1\/100\n|-sidestart|p2: Matsurizzzu|move: Stealth Rock\n|move|p2a: Masquerain|Sticky Web|p1a: Kleavor\n|-sidestart|p1: SpainwinsHouseCup|move: Sticky Web\n|\n|upkeep\n|turn|2\n|\n|t:|1700869818\n|move|p1a: Kleavor|Stone Axe|p2a: Masquerain\n|-supereffective|p2a: Masquerain\n|-damage|p2a: Masquerain|0 fnt\n|faint|p2a: Masquerain\n|\n|upkeep\n|\n|t:|1700869820\n|switch|p2a: Feraligtor|Krookodile, F|100\/100\n|-damage|p2a: Feraligtor|94\/100|[from] Stealth Rock\n|-ability|p2a: Feraligtor|Intimidate|boost\n|-unboost|p1a: Kleavor|atk|1\n|turn|3\n|\n|t:|1700869842\n|switch|p1a: Clodsire|Clodsire, F|100\/100\n|-item|p1a: Clodsire|Air Balloon\n|move|p2a: Feraligtor|Stone Edge|p1a: Clodsire|[miss]\n|-miss|p2a: Feraligtor|p1a: Clodsire\n|\n|upkeep\n|turn|4\n|\n|t:|1700869848\n|move|p2a: Feraligtor|Knock Off|p1a: Clodsire\n|-damage|p1a: Clodsire|53\/100\n|-enditem|p1a: Clodsire|Air Balloon\n|-damage|p2a: Feraligtor|85\/100|[from] item: Life Orb\n|move|p1a: Clodsire|Toxic Spikes|p2a: Feraligtor\n|-sidestart|p2: Matsurizzzu|move: Toxic Spikes\n|\n|upkeep\n|turn|5\n|\n|t:|1700869855\n|move|p2a: Feraligtor|Earthquake|p1a: Clodsire\n|-supereffective|p1a: Clodsire\n|-damage|p1a: Clodsire|0 fnt\n|faint|p1a: Clodsire\n|-damage|p2a: Feraligtor|75\/100|[from] item: Life Orb\n|\n|upkeep\n|\n|t:|1700869858\n|switch|p1a: Annihilape|Annihilape, M|100\/100\n|-activate|p1a: Annihilape|move: Sticky Web\n|-unboost|p1a: Annihilape|spe|1\n|-ability|p1a: Annihilape|Defiant|boost\n|-boost|p1a: Annihilape|atk|2\n|turn|6\n|\n|t:|1700869887\n|-terastallize|p2a: Feraligtor|Ground\n|move|p2a: Feraligtor|Earthquake|p1a: Annihilape\n|-damage|p1a: Annihilape|13\/100\n|-damage|p2a: Feraligtor|65\/100|[from] item: Life Orb\n|move|p1a: Annihilape|Drain Punch|p2a: Feraligtor\n|-damage|p2a: Feraligtor|0 fnt\n|-heal|p1a: Annihilape|39\/100|[from] drain|[of] p2a: Feraligtor\n|faint|p2a: Feraligtor\n|\n|-heal|p1a: Annihilape|45\/100|[from] item: Leftovers\n|upkeep\n|\n|t:|1700869894\n|switch|p2a: Feraligtor|Krookodile, F|100\/100\n|-damage|p2a: Feraligtor|94\/100|[from] Stealth Rock\n|-status|p2a: Feraligtor|psn\n|-ability|p2a: Feraligtor|Intimidate|boost\n|-unboost|p1a: Annihilape|atk|1\n|-ability|p1a: Annihilape|Defiant|boost\n|-boost|p1a: Annihilape|atk|2\n|turn|7\n|\n|t:|1700869901\n|move|p2a: Feraligtor|Earthquake|p1a: Annihilape\n|-damage|p1a: Annihilape|0 fnt\n|faint|p1a: Annihilape\n|-damage|p2a: Feraligtor|85\/100 psn|[from] item: Life Orb\n|\n|-damage|p2a: Feraligtor|72\/100 psn|[from] psn\n|upkeep\n|c|\u2606SpainwinsHouseCup|darn\n|\n|t:|1700869909\n|switch|p1a: Maushold|Maushold|100\/100\n|turn|8\n|\n|t:|1700869912\n|move|p1a: Maushold|Tidy Up|p1a: Maushold\n|-sideend|p1: SpainwinsHouseCup|Sticky Web\n|-sideend|p2: Matsurizzzu|Toxic Spikes\n|-sideend|p2: Matsurizzzu|Stealth Rock\n|-activate|p1a: Maushold|move: Tidy Up\n|-boost|p1a: Maushold|atk|1\n|-boost|p1a: Maushold|spe|1\n|move|p2a: Feraligtor|Close Combat|p1a: Maushold\n|-supereffective|p1a: Maushold\n|-damage|p1a: Maushold|0 fnt\n|-unboost|p2a: Feraligtor|def|1\n|-unboost|p2a: Feraligtor|spd|1\n|faint|p1a: Maushold\n|-damage|p2a: Feraligtor|62\/100 psn|[from] item: Life Orb\n|\n|-damage|p2a: Feraligtor|50\/100 psn|[from] psn\n|upkeep\n|c|\u2606SpainwinsHouseCup|well f\n|\n|t:|1700869925\n|switch|p1a: Breloom|Breloom, M|100\/100\n|turn|9\n|\n|t:|1700869952\n|move|p2a: Feraligtor|Close Combat|p1a: Breloom\n|-damage|p1a: Breloom|35\/100\n|-unboost|p2a: Feraligtor|def|1\n|-unboost|p2a: Feraligtor|spd|1\n|-damage|p2a: Feraligtor|40\/100 psn|[from] item: Life Orb\n|move|p1a: Breloom|Drain Punch|p2a: Feraligtor\n|-supereffective|p2a: Feraligtor\n|-damage|p2a: Feraligtor|0 fnt\n|-heal|p1a: Breloom|56\/100|[from] drain|[of] p2a: Feraligtor\n|faint|p2a: Feraligtor\n|\n|-status|p1a: Breloom|tox|[from] item: Toxic Orb\n|upkeep\n|\n|t:|1700869955\n|switch|p2a: Feraligtor|Krookodile, F|100\/100\n|-ability|p2a: Feraligtor|Intimidate|boost\n|-unboost|p1a: Breloom|atk|1\n|turn|10\n|\n|t:|1700869960\n|move|p2a: Feraligtor|Close Combat|p1a: Breloom\n|-damage|p1a: Breloom|0 fnt\n|-unboost|p2a: Feraligtor|def|1\n|-unboost|p2a: Feraligtor|spd|1\n|faint|p1a: Breloom\n|-damage|p2a: Feraligtor|91\/100|[from] item: Life Orb\n|\n|upkeep\n|c|\u2606SpainwinsHouseCup|welp u win\n|-message|SpainwinsHouseCup forfeited.\n|\n|win|Matsurizzzu\n|raw|SpainwinsHouseCup's rating: 1092 &rarr; <strong>1068<\/strong><br \/>(-24 for losing)\n|raw|Matsurizzzu's rating: 1092 &rarr; <strong>1118<\/strong><br \/>(+26 for winning)\n|l|\u2606SpainwinsHouseCup\n","uploadtime":1700869980,"views":9,"p1id":"spainwinshousecup","p2id":"matsurizzzu","formatid":"gen9anythinggoes","rating":1068,"private":0,"password":""}