{"id":"gen9anythinggoes-2000285909","p1":"kowtow kleabe","p2":"Brambach2019","format":"[Gen 9] Anything Goes","log":"|j|\u2606kowtow kleabe\n|j|\u2606Brambach2019\n|t:|1701181394\n|gametype|singles\n|player|p1|kowtow kleabe|swimmer|1373\n|player|p2|Brambach2019|colress|1323\n|teamsize|p1|6\n|teamsize|p2|6\n|gen|9\n|tier|[Gen 9] Anything Goes\n|rated|\n|rule|HP Percentage Mod: HP is shown in percentages\n|rule|Endless Battle Clause: Forcing endless battles is banned\n|clearpoke\n|poke|p1|Palafin, F|\n|poke|p1|Espathra, M|\n|poke|p1|Sneasler, F|\n|poke|p1|Rillaboom, F|\n|poke|p1|Kingambit, F|\n|poke|p1|Breloom, M|\n|poke|p2|Zacian-*|\n|poke|p2|Arceus-Dragon|\n|poke|p2|Forretress, M|\n|poke|p2|Calyrex-Shadow|\n|poke|p2|Noivern, M|\n|poke|p2|Volcanion|\n|teampreview\n|inactive|Battle timer is ON: inactive players will automatically lose when time's up. (requested by Brambach2019)\n|\n|t:|1701181421\n|start\n|switch|p1a: Palafin|Palafin, F|100\/100\n|switch|p2a: Forretress|Forretress, M|100\/100\n|turn|1\n|\n|t:|1701181444\n|move|p1a: Palafin|Flip Turn|p2a: Forretress\n|-damage|p2a: Forretress|83\/100\n|-enditem|p2a: Forretress|Red Card|[of] p1a: Palafin\n|detailschange|p1a: Palafin|Palafin-Hero, F\n|drag|p1a: Kingambit|Kingambit, F|100\/100\n|move|p2a: Forretress|Stealth Rock|p1a: Kingambit\n|-sidestart|p1: kowtow kleabe|move: Stealth Rock\n|\n|upkeep\n|turn|2\n|\n|t:|1701181453\n|-end|p1a: Kingambit|fallenundefined|[silent]\n|switch|p1a: Rillaboom|Rillaboom, F|100\/100\n|-damage|p1a: Rillaboom|88\/100|[from] Stealth Rock\n|-fieldstart|move: Grassy Terrain|[from] ability: Grassy Surge|[of] p1a: Rillaboom\n|move|p2a: Forretress|Toxic Spikes|p1a: Rillaboom\n|-sidestart|p1: kowtow kleabe|move: Toxic Spikes\n|\n|-heal|p1a: Rillaboom|94\/100|[from] Grassy Terrain\n|-heal|p2a: Forretress|89\/100|[from] Grassy Terrain\n|upkeep\n|turn|3\n|\n|t:|1701181462\n|move|p1a: Rillaboom|U-turn|p2a: Forretress\n|-resisted|p2a: Forretress\n|-damage|p2a: Forretress|82\/100\n|\n|t:|1701181463\n|switch|p1a: Sneasler|Sneasler, F|100\/100|[from] U-turn\n|-damage|p1a: Sneasler|95\/100|[from] Stealth Rock\n|-sideend|p1: kowtow kleabe|move: Toxic Spikes|[of] p1a: Sneasler\n|-enditem|p1a: Sneasler|Grassy Seed\n|-boost|p1a: Sneasler|def|1|[from] item: Grassy Seed\n|move|p2a: Forretress|Toxic Spikes|p1a: Sneasler\n|-sidestart|p1: kowtow kleabe|move: Toxic Spikes\n|\n|-heal|p1a: Sneasler|100\/100|[from] Grassy Terrain\n|-heal|p2a: Forretress|88\/100|[from] Grassy Terrain\n|upkeep\n|turn|4\n|\n|t:|1701181473\n|move|p1a: Sneasler|Swords Dance|p1a: Sneasler\n|-boost|p1a: Sneasler|atk|2\n|move|p2a: Forretress|Spikes|p1a: Sneasler\n|-sidestart|p1: kowtow kleabe|Spikes\n|\n|-heal|p2a: Forretress|94\/100|[from] Grassy Terrain\n|upkeep\n|turn|5\n|\n|t:|1701181480\n|move|p1a: Sneasler|Swords Dance|p1a: Sneasler\n|-boost|p1a: Sneasler|atk|2\n|move|p2a: Forretress|Spikes|p1a: Sneasler\n|-sidestart|p1: kowtow kleabe|Spikes\n|\n|-heal|p2a: Forretress|100\/100|[from] Grassy Terrain\n|upkeep\n|turn|6\n|\n|t:|1701181486\n|move|p1a: Sneasler|Acrobatics|p2a: Forretress\n|-damage|p2a: Forretress|28\/100\n|move|p2a: Forretress|Spikes|p1a: Sneasler\n|-sidestart|p1: kowtow kleabe|Spikes\n|\n|-heal|p2a: Forretress|34\/100|[from] Grassy Terrain\n|upkeep\n|turn|7\n|\n|t:|1701181493\n|move|p1a: Sneasler|Acrobatics|p2a: Forretress\n|-damage|p2a: Forretress|0 fnt\n|faint|p2a: Forretress\n|\n|upkeep\n|\n|t:|1701181502\n|switch|p2a: Calyrex|Calyrex-Shadow|100\/100\n|-ability|p2a: Calyrex|As One\n|-ability|p2a: Calyrex|Unnerve\n|turn|8\n|c|\u2606Brambach2019|!weak sneasler\n|c| Brambach2019|\/raw <div class=\"infobox\">Sneasler (ignoring abilities):<br \/><span class=\"message-effect-weak\">Weaknesses<\/span>: Flying, Ground, <b>Psychic<\/b><br \/><span class=\"message-effect-resist\">Resistances<\/span>: <b>Bug<\/b>, Dark, Fighting, Grass, Poison, Rock<br \/><span class=\"message-effect-immune\">Immunities<\/span>: Toxic<\/div>\n|\n|t:|1701181515\n|-terastallize|p1a: Sneasler|Flying\n|move|p1a: Sneasler|Acrobatics|p2a: Calyrex\n|-damage|p2a: Calyrex|0 fnt\n|faint|p2a: Calyrex\n|\n|upkeep\n|\n|t:|1701181521\n|switch|p2a: Zacian|Zacian-Crowned, shiny|100\/100\n|-ability|p2a: Zacian|Intrepid Sword|boost\n|-boost|p2a: Zacian|atk|1\n|turn|9\n|\n|t:|1701181528\n|move|p1a: Sneasler|Close Combat|p2a: Zacian\n|-damage|p2a: Zacian|0 fnt\n|-unboost|p1a: Sneasler|def|1\n|-unboost|p1a: Sneasler|spd|1\n|faint|p2a: Zacian\n|\n|-fieldend|move: Grassy Terrain\n|upkeep\n|\n|t:|1701181534\n|switch|p2a: Arceus|Arceus-Dragon|100\/100\n|turn|10\n|\n|t:|1701181540\n|move|p1a: Sneasler|Acrobatics|p2a: Arceus\n|-damage|p2a: Arceus|0 fnt\n|faint|p2a: Arceus\n|\n|upkeep\n|\n|t:|1701181545\n|switch|p2a: Noivern|Noivern, M|100\/100\n|turn|11\n|\n|t:|1701181549\n|move|p1a: Sneasler|Acrobatics|p2a: Noivern\n|-damage|p2a: Noivern|0 fnt\n|faint|p2a: Noivern\n|\n|upkeep\n|\n|t:|1701181554\n|switch|p2a: Volcanion|Volcanion|100\/100\n|turn|12\n|\n|t:|1701181557\n|move|p1a: Sneasler|Acrobatics|p2a: Volcanion\n|-damage|p2a: Volcanion|0 fnt\n|faint|p2a: Volcanion\n|\n|win|kowtow kleabe\n|raw|kowtow kleabe's rating: 1373 &rarr; <strong>1390<\/strong><br \/>(+17 for winning)\n|raw|Brambach2019's rating: 1323 &rarr; <strong>1306<\/strong><br \/>(-17 for losing)\n|c|\u2606kowtow kleabe|ggez\n|l|\u2606Brambach2019\n","uploadtime":1701181563,"views":13,"p1id":"kowtowkleabe","p2id":"brambach2019","formatid":"gen9anythinggoes","rating":1306,"private":0,"password":""}