{"id":"gen9anythinggoes-1972801140","p1":"hawkman100","p2":"Ttv_Zugrug","format":"[Gen 9] Anything Goes","log":"|j|\u2606hawkman100\n|j|\u2606Ttv_Zugrug\n|t:|1697896754\n|gametype|singles\n|player|p1|hawkman100|101|1274\n|player|p2|Ttv_Zugrug|ghetsis|1443\n|teamsize|p1|6\n|teamsize|p2|6\n|gen|9\n|tier|[Gen 9] Anything Goes\n|rated|\n|rule|HP Percentage Mod: HP is shown in percentages\n|rule|Endless Battle Clause: Forcing endless battles is banned\n|clearpoke\n|poke|p1|Iron Bundle|\n|poke|p1|Corviknight, F|\n|poke|p1|Clodsire, M|\n|poke|p1|Calyrex-Shadow|\n|poke|p1|Arceus|\n|poke|p1|Miraidon|\n|poke|p2|Arceus|\n|poke|p2|Arceus-Flying|\n|poke|p2|Flutter Mane|\n|poke|p2|Arceus-Ghost|\n|poke|p2|Arceus-Ground|\n|poke|p2|Ditto|\n|teampreview\n|inactive|Battle timer is ON: inactive players will automatically lose when time's up. (requested by Ttv_Zugrug)\n|\n|t:|1697896766\n|start\n|switch|p1a: Iron Bundle|Iron Bundle|100\/100\n|switch|p2a: Flutter Mane|Flutter Mane|100\/100\n|-enditem|p1a: Iron Bundle|Booster Energy\n|-activate|p1a: Iron Bundle|ability: Quark Drive|[fromitem]\n|-start|p1a: Iron Bundle|quarkdrivespe\n|-enditem|p2a: Flutter Mane|Booster Energy\n|-activate|p2a: Flutter Mane|ability: Protosynthesis|[fromitem]\n|-start|p2a: Flutter Mane|protosynthesisspe\n|turn|1\n|\n|t:|1697896775\n|move|p1a: Iron Bundle|Taunt|p2a: Flutter Mane\n|-start|p2a: Flutter Mane|move: Taunt\n|move|p2a: Flutter Mane|Mystical Fire|p1a: Iron Bundle\n|-damage|p1a: Iron Bundle|50\/100\n|-unboost|p1a: Iron Bundle|spa|1\n|\n|upkeep\n|turn|2\n|\n|t:|1697896792\n|move|p1a: Iron Bundle|Hydro Pump|p2a: Flutter Mane\n|-damage|p2a: Flutter Mane|64\/100\n|move|p2a: Flutter Mane|Shadow Ball|p1a: Iron Bundle\n|-damage|p1a: Iron Bundle|0 fnt\n|faint|p1a: Iron Bundle\n|-end|p1a: Iron Bundle|Quark Drive|[silent]\n|\n|upkeep\n|\n|t:|1697896802\n|switch|p1a: Clodsire|Clodsire, M|100\/100\n|turn|3\n|\n|t:|1697896809\n|-end|p2a: Flutter Mane|Protosynthesis|[silent]\n|switch|p2a: Ditto|Ditto|100\/100\n|-transform|p2a: Ditto|p1a: Clodsire|[from] ability: Imposter\n|move|p1a: Clodsire|Yawn|p2a: Ditto\n|-start|p2a: Ditto|move: Yawn|[of] p1a: Clodsire\n|\n|upkeep\n|turn|4\n|\n|t:|1697896824\n|move|p2a: Ditto|Yawn|p1a: Clodsire\n|-start|p1a: Clodsire|move: Yawn|[of] p2a: Ditto\n|move|p1a: Clodsire|Toxic Spikes|p2a: Ditto\n|-sidestart|p2: Ttv_Zugrug|move: Toxic Spikes\n|\n|-end|p2a: Ditto|move: Yawn|[silent]\n|-status|p2a: Ditto|slp\n|upkeep\n|turn|5\n|\n|t:|1697896845\n|switch|p2a: Arceus|Arceus|100\/100\n|-status|p2a: Arceus|psn\n|move|p1a: Clodsire|Earthquake|p2a: Arceus\n|-damage|p2a: Arceus|81\/100 psn\n|\n|-damage|p2a: Arceus|68\/100 psn|[from] psn\n|-end|p1a: Clodsire|move: Yawn|[silent]\n|-status|p1a: Clodsire|slp\n|upkeep\n|turn|6\n|\n|t:|1697896871\n|switch|p1a: Arceus|Arceus|100\/100\n|move|p2a: Arceus|Dragon Dance|p2a: Arceus\n|-boost|p2a: Arceus|atk|1\n|-boost|p2a: Arceus|spe|1\n|\n|-damage|p2a: Arceus|56\/100 psn|[from] psn\n|upkeep\n|turn|7\n|\n|t:|1697896878\n|-terastallize|p2a: Arceus|Normal\n|move|p2a: Arceus|Extreme Speed|p1a: Arceus\n|-damage|p1a: Arceus|39\/100\n|move|p1a: Arceus|Calm Mind|p1a: Arceus\n|-boost|p1a: Arceus|spa|1\n|-boost|p1a: Arceus|spd|1\n|\n|-heal|p1a: Arceus|45\/100|[from] item: Leftovers\n|-damage|p2a: Arceus|44\/100 psn|[from] psn\n|upkeep\n|turn|8\n|\n|t:|1697896892\n|-terastallize|p1a: Arceus|Ghost\n|move|p1a: Arceus|Extreme Speed|p2a: Arceus\n|-damage|p2a: Arceus|11\/100 psn\n|move|p2a: Arceus|Poison Jab|p1a: Arceus\n|-resisted|p1a: Arceus\n|-damage|p1a: Arceus|29\/100\n|\n|-heal|p1a: Arceus|35\/100|[from] item: Leftovers\n|-damage|p2a: Arceus|0 fnt|[from] psn\n|faint|p2a: Arceus\n|upkeep\n|inactive|Ttv_Zugrug has 120 seconds left.\n|\n|t:|1697896930\n|switch|p2a: Ditto|Ditto|100\/100 slp\n|-transform|p2a: Ditto|p1a: Arceus|[from] ability: Imposter\n|-start|p2a: Ditto|typechange|Normal|[silent]\n|turn|9\n|inactive|Ttv_Zugrug has 120 seconds left.\n|\n|t:|1697896939\n|move|p1a: Arceus|Extreme Speed|p2a: Ditto\n|-damage|p2a: Ditto|57\/100 slp\n|cant|p2a: Ditto|slp\n|\n|-heal|p1a: Arceus|41\/100|[from] item: Leftovers\n|upkeep\n|turn|10\n|\n|t:|1697896947\n|move|p1a: Arceus|Extreme Speed|p2a: Ditto\n|-damage|p2a: Ditto|11\/100 slp\n|cant|p2a: Ditto|slp\n|\n|-heal|p1a: Arceus|47\/100|[from] item: Leftovers\n|upkeep\n|turn|11\n|\n|t:|1697896954\n|switch|p2a: Arceus|Arceus-Ghost|100\/100\n|-status|p2a: Arceus|psn\n|move|p1a: Arceus|Dragon Claw|p2a: Arceus\n|-crit|p2a: Arceus\n|-damage|p2a: Arceus|68\/100 psn\n|\n|-heal|p1a: Arceus|53\/100|[from] item: Leftovers\n|-damage|p2a: Arceus|56\/100 psn|[from] psn\n|upkeep\n|turn|12\n|\n|t:|1697896965\n|move|p2a: Arceus|Judgment|p1a: Arceus\n|-supereffective|p1a: Arceus\n|-damage|p1a: Arceus|2\/100\n|move|p1a: Arceus|Shadow Ball|p2a: Arceus\n|-supereffective|p2a: Arceus\n|-damage|p2a: Arceus|0 fnt\n|faint|p2a: Arceus\n|\n|-heal|p1a: Arceus|8\/100|[from] item: Leftovers\n|upkeep\n|\n|t:|1697896970\n|switch|p2a: Flutter Mane|Flutter Mane|64\/100\n|-status|p2a: Flutter Mane|psn\n|turn|13\n|\n|t:|1697896985\n|move|p2a: Flutter Mane|Shadow Ball|p1a: Arceus\n|-supereffective|p1a: Arceus\n|-damage|p1a: Arceus|0 fnt\n|faint|p1a: Arceus\n|\n|-damage|p2a: Flutter Mane|52\/100 psn|[from] psn\n|upkeep\n|\n|t:|1697896992\n|switch|p1a: Calyrex|Calyrex-Shadow|100\/100\n|-ability|p1a: Calyrex|As One\n|-ability|p1a: Calyrex|Unnerve\n|turn|14\n|\n|t:|1697897001\n|move|p1a: Calyrex|Astral Barrage|p2a: Flutter Mane\n|-supereffective|p2a: Flutter Mane\n|-damage|p2a: Flutter Mane|0 fnt\n|faint|p2a: Flutter Mane\n|-end|p2a: Flutter Mane|Protosynthesis|[silent]\n|-ability|p1a: Calyrex|Grim Neigh|boost\n|-boost|p1a: Calyrex|spa|1\n|\n|upkeep\n|\n|t:|1697897007\n|switch|p2a: Ditto|Ditto|11\/100 slp\n|-transform|p2a: Ditto|p1a: Calyrex|[from] ability: Imposter\n|turn|15\n|\n|t:|1697897014\n|cant|p2a: Ditto|slp\n|move|p1a: Calyrex|Astral Barrage|p2a: Ditto\n|-supereffective|p2a: Ditto\n|-damage|p2a: Ditto|0 fnt\n|faint|p2a: Ditto\n|-ability|p1a: Calyrex|Grim Neigh|boost\n|-boost|p1a: Calyrex|spa|1\n|\n|upkeep\n|-message|Ttv_Zugrug forfeited.\n|\n|win|hawkman100\n|raw|hawkman100's rating: 1274 &rarr; <strong>1310<\/strong><br \/>(+36 for winning)\n|raw|Ttv_Zugrug's rating: 1443 &rarr; <strong>1414<\/strong><br \/>(-29 for losing)\n|l|\u2606Ttv_Zugrug\n","uploadtime":1697897033,"views":7,"p1id":"hawkman100","p2id":"ttvzugrug","formatid":"gen9anythinggoes","rating":1310,"private":0,"password":""}