{"id":"gen9anythinggoes-1979179222","p1":"PyrosytheticBirb","p2":"Shizuki10281028","format":"[Gen 9] Anything Goes","log":"|j|\u2606PyrosytheticBirb\n|j|\u203dShizuki10281028\n|t:|1698645148\n|gametype|singles\n|player|p1|PyrosytheticBirb|lady|1088\n|player|p2|Shizuki10281028|unknown|1229\n|teamsize|p1|6\n|teamsize|p2|6\n|gen|9\n|tier|[Gen 9] Anything Goes\n|rated|\n|rule|HP Percentage Mod: HP is shown in percentages\n|rule|Endless Battle Clause: Forcing endless battles is banned\n|clearpoke\n|poke|p1|Sableye, M|\n|poke|p1|Basculegion, M|\n|poke|p1|Pelipper, F|\n|poke|p1|Espathra, M|\n|poke|p1|Pincurchin, F|\n|poke|p1|Cyclizar, F|\n|poke|p2|Zacian-*|\n|poke|p2|Zacian-*|\n|poke|p2|Zacian-*|\n|poke|p2|Zacian-*|\n|poke|p2|Zacian-*|\n|poke|p2|Zacian-*|\n|teampreview\n|\n|t:|1698645156\n|start\n|switch|p1a: Puffball|Pincurchin, F|100\/100\n|switch|p2a: Zacian|Zacian-Crowned|100\/100\n|-ability|p2a: Zacian|Intrepid Sword|boost\n|-boost|p2a: Zacian|atk|1\n|-fieldstart|move: Electric Terrain|[from] ability: Electric Surge|[of] p1a: Puffball\n|turn|1\n|\n|t:|1698645167\n|move|p2a: Zacian|Swords Dance|p2a: Zacian\n|-boost|p2a: Zacian|atk|2\n|move|p1a: Puffball|Spikes|p2a: Zacian\n|-sidestart|p2: Shizuki10281028|Spikes\n|\n|upkeep\n|turn|2\n|\n|t:|1698645172\n|move|p2a: Zacian|Swords Dance|p2a: Zacian\n|-boost|p2a: Zacian|atk|2\n|move|p1a: Puffball|Memento|p2a: Zacian\n|-unboost|p2a: Zacian|atk|2\n|-unboost|p2a: Zacian|spa|2\n|faint|p1a: Puffball\n|\n|upkeep\n|\n|t:|1698645181\n|switch|p1a: Riptire|Cyclizar, F, shiny|100\/100\n|turn|3\n|\n|t:|1698645187\n|move|p2a: Zacian|Play Rough|p1a: Riptire\n|-supereffective|p1a: Riptire\n|-damage|p1a: Riptire|0 fnt\n|faint|p1a: Riptire\n|\n|upkeep\n|\n|t:|1698645199\n|switch|p1a: Gobkin|Sableye, M, shiny|100\/100\n|turn|4\n|inactive|Battle timer is ON: inactive players will automatically lose when time's up. (requested by Shizuki10281028)\n|\n|t:|1698645212\n|move|p1a: Gobkin|Will-O-Wisp|p2a: Zacian\n|-status|p2a: Zacian|brn\n|move|p2a: Zacian|Behemoth Blade|p1a: Gobkin\n|-damage|p1a: Gobkin|5\/100\n|\n|-heal|p1a: Gobkin|11\/100|[from] item: Leftovers\n|-damage|p2a: Zacian|94\/100 brn|[from] brn\n|upkeep\n|turn|5\n|\n|t:|1698645221\n|move|p2a: Zacian|Quick Attack|p1a: Gobkin\n|-immune|p1a: Gobkin\n|move|p1a: Gobkin|Foul Play|p2a: Zacian\n|-resisted|p2a: Zacian\n|-damage|p2a: Zacian|28\/100 brn\n|\n|-heal|p1a: Gobkin|17\/100|[from] item: Leftovers\n|-damage|p2a: Zacian|21\/100 brn|[from] brn\n|upkeep\n|turn|6\n|\n|t:|1698645233\n|move|p1a: Gobkin|Recover|p1a: Gobkin\n|-heal|p1a: Gobkin|67\/100\n|move|p2a: Zacian|Behemoth Blade|p1a: Gobkin\n|-damage|p1a: Gobkin|0 fnt\n|faint|p1a: Gobkin\n|\n|-damage|p2a: Zacian|15\/100 brn|[from] brn\n|upkeep\n|\n|t:|1698645247\n|switch|p1a: 10\/12\/1932|Espathra, M|100\/100\n|-enditem|p1a: 10\/12\/1932|Electric Seed\n|-boost|p1a: 10\/12\/1932|def|1|[from] item: Electric Seed\n|turn|7\n|\n|t:|1698645257\n|move|p2a: Zacian|Behemoth Blade|p1a: 10\/12\/1932\n|-damage|p1a: 10\/12\/1932|29\/100\n|move|p1a: 10\/12\/1932|Calm Mind|p1a: 10\/12\/1932\n|-boost|p1a: 10\/12\/1932|spa|1\n|-boost|p1a: 10\/12\/1932|spd|1\n|\n|-damage|p2a: Zacian|9\/100 brn|[from] brn\n|-ability|p1a: 10\/12\/1932|Speed Boost|boost\n|-boost|p1a: 10\/12\/1932|spe|1\n|upkeep\n|turn|8\n|\n|t:|1698645271\n|move|p2a: Zacian|Quick Attack|p1a: 10\/12\/1932\n|-damage|p1a: 10\/12\/1932|9\/100\n|move|p1a: 10\/12\/1932|Stored Power|p2a: Zacian\n|-resisted|p2a: Zacian\n|-damage|p2a: Zacian|0 fnt\n|faint|p2a: Zacian\n|\n|-fieldend|move: Electric Terrain\n|-ability|p1a: 10\/12\/1932|Speed Boost|boost\n|-boost|p1a: 10\/12\/1932|spe|1\n|upkeep\n|\n|t:|1698645277\n|switch|p2a: Zacian|Zacian-Crowned, shiny|100\/100\n|-damage|p2a: Zacian|88\/100|[from] Spikes\n|-ability|p2a: Zacian|Intrepid Sword|boost\n|-boost|p2a: Zacian|atk|1\n|turn|9\n|\n|t:|1698645289\n|move|p2a: Zacian|Quick Attack|p1a: 10\/12\/1932\n|-damage|p1a: 10\/12\/1932|0 fnt\n|faint|p1a: 10\/12\/1932\n|\n|upkeep\n|\n|t:|1698645293\n|switch|p1a: Bucket|Pelipper, F|100\/100\n|-weather|RainDance|[from] ability: Drizzle|[of] p1a: Bucket\n|turn|10\n|\n|t:|1698645307\n|switch|p2a: Zacian|Zacian-Crowned|100\/100\n|-damage|p2a: Zacian|88\/100|[from] Spikes\n|-ability|p2a: Zacian|Intrepid Sword|boost\n|-boost|p2a: Zacian|atk|1\n|move|p1a: Bucket|Surf|p2a: Zacian\n|-damage|p2a: Zacian|43\/100\n|\n|-weather|RainDance|[upkeep]\n|upkeep\n|turn|11\n|\n|t:|1698645329\n|move|p2a: Zacian|Wild Charge|p1a: Bucket\n|-supereffective|p1a: Bucket\n|-crit|p1a: Bucket\n|-damage|p1a: Bucket|0 fnt\n|faint|p1a: Bucket\n|-damage|p2a: Zacian|18\/100|[from] Recoil\n|\n|-weather|RainDance|[upkeep]\n|upkeep\n|\n|t:|1698645335\n|switch|p1a: Feesh|Basculegion, M, shiny|100\/100\n|turn|12\n|\n|t:|1698645345\n|move|p1a: Feesh|Last Respects|p2a: Zacian\n|-damage|p2a: Zacian|0 fnt\n|faint|p2a: Zacian\n|-damage|p1a: Feesh|91\/100|[from] item: Life Orb\n|\n|-weather|RainDance|[upkeep]\n|upkeep\n|\n|t:|1698645354\n|switch|p2a: Zacian|Zacian-Crowned, shiny|88\/100\n|-damage|p2a: Zacian|76\/100|[from] Spikes\n|turn|13\n|\n|t:|1698645361\n|-terastallize|p2a: Zacian|Normal\n|move|p1a: Feesh|Last Respects|p2a: Zacian\n|-immune|p2a: Zacian\n|move|p2a: Zacian|Play Rough|p1a: Feesh|[miss]\n|-miss|p2a: Zacian|p1a: Feesh\n|\n|-weather|RainDance|[upkeep]\n|upkeep\n|turn|14\n|\n|t:|1698645371\n|move|p1a: Feesh|Wave Crash|p2a: Zacian\n|-crit|p2a: Zacian\n|-damage|p2a: Zacian|0 fnt\n|faint|p2a: Zacian\n|-damage|p1a: Feesh|69\/100|[from] Recoil\n|-damage|p1a: Feesh|59\/100|[from] item: Life Orb\n|\n|-weather|RainDance|[upkeep]\n|upkeep\n|\n|t:|1698645388\n|switch|p2a: Zacian|Zacian-Crowned|100\/100\n|-damage|p2a: Zacian|88\/100|[from] Spikes\n|-ability|p2a: Zacian|Intrepid Sword|boost\n|-boost|p2a: Zacian|atk|1\n|turn|15\n|\n|t:|1698645394\n|move|p1a: Feesh|Last Respects|p2a: Zacian\n|-damage|p2a: Zacian|0 fnt\n|faint|p2a: Zacian\n|-damage|p1a: Feesh|49\/100|[from] item: Life Orb\n|\n|-weather|RainDance|[upkeep]\n|upkeep\n|\n|t:|1698645406\n|switch|p2a: Zacian|Zacian-Crowned|100\/100\n|-damage|p2a: Zacian|88\/100|[from] Spikes\n|-ability|p2a: Zacian|Intrepid Sword|boost\n|-boost|p2a: Zacian|atk|1\n|turn|16\n|\n|t:|1698645411\n|move|p1a: Feesh|Last Respects|p2a: Zacian\n|-damage|p2a: Zacian|0 fnt\n|faint|p2a: Zacian\n|-damage|p1a: Feesh|39\/100|[from] item: Life Orb\n|\n|-weather|RainDance|[upkeep]\n|upkeep\n|\n|t:|1698645418\n|switch|p2a: Zacian|Zacian|100\/100\n|-damage|p2a: Zacian|88\/100|[from] Spikes\n|-ability|p2a: Zacian|Intrepid Sword|boost\n|-boost|p2a: Zacian|atk|1\n|turn|17\n|c|\u2606PyrosytheticBirb|cool team bro\n|\n|t:|1698645424\n|-terastallize|p1a: Feesh|Ghost\n|move|p1a: Feesh|Last Respects|p2a: Zacian\n|-damage|p2a: Zacian|0 fnt\n|faint|p2a: Zacian\n|-damage|p1a: Feesh|29\/100|[from] item: Life Orb\n|\n|win|PyrosytheticBirb\n|raw|PyrosytheticBirb's rating: 1088 &rarr; <strong>1125<\/strong><br \/>(+37 for winning)\n|raw|Shizuki10281028's rating: 1229 &rarr; <strong>1194<\/strong><br \/>(-35 for losing)\n|l|\u203dShizuki10281028\n","uploadtime":1698645445,"views":13,"p1id":"pyrosytheticbirb","p2id":"shizuki10281028","formatid":"gen9anythinggoes","rating":1125,"private":0,"password":""}