{"id":"gen9anythinggoes-1982764310","p1":"MelloBello","p2":"Brendan the beast","format":"[Gen 9] Anything Goes","log":"|j|\u2606MelloBello\n|j|\u2606Brendan the beast\n|t:|1699042675\n|gametype|singles\n|player|p1|MelloBello|265|1125\n|player|p2|Brendan the beast|acetrainer-gen4|1028\n|teamsize|p1|6\n|teamsize|p2|3\n|gen|9\n|tier|[Gen 9] Anything Goes\n|rated|\n|rule|HP Percentage Mod: HP is shown in percentages\n|rule|Endless Battle Clause: Forcing endless battles is banned\n|clearpoke\n|poke|p1|Alomomola, M|\n|poke|p1|Calyrex-Shadow|\n|poke|p1|Volcarona, F|\n|poke|p1|Forretress, F|\n|poke|p1|Masquerain, M|\n|poke|p1|Iron Valiant|\n|poke|p2|Lurantis, M|\n|poke|p2|Espathra, M|\n|poke|p2|Murkrow, M|\n|teampreview\n|c|\u2606Brendan the beast|Hi\n|\n|t:|1699042679\n|start\n|switch|p1a: Forretress|Forretress, F|100\/100\n|switch|p2a: Espathra|Espathra, M, shiny|100\/100\n|turn|1\n|\n|t:|1699042689\n|move|p2a: Espathra|Agility|p2a: Espathra\n|-boost|p2a: Espathra|spe|2\n|move|p1a: Forretress|Toxic Spikes|p2a: Espathra\n|-sidestart|p2: Brendan the beast|move: Toxic Spikes\n|\n|-ability|p2a: Espathra|Speed Boost|boost\n|-boost|p2a: Espathra|spe|1\n|upkeep\n|turn|2\n|\n|t:|1699042702\n|move|p2a: Espathra|Agility|p2a: Espathra\n|-boost|p2a: Espathra|spe|2\n|move|p1a: Forretress|Stealth Rock|p2a: Espathra\n|-sidestart|p2: Brendan the beast|move: Stealth Rock\n|\n|-ability|p2a: Espathra|Speed Boost|boost\n|-boost|p2a: Espathra|spe|1\n|upkeep\n|turn|3\n|\n|t:|1699042710\n|move|p2a: Espathra|Baton Pass|p2a: Espathra\n|\n|t:|1699042712\n|switch|p2a: Kinda good|Lurantis, M, shiny|100\/100|[from] Baton Pass\n|-status|p2a: Kinda good|psn\n|-damage|p2a: Kinda good|88\/100 psn|[from] Stealth Rock\n|move|p1a: Forretress|Spikes|p2a: Kinda good\n|-sidestart|p2: Brendan the beast|Spikes\n|\n|-damage|p2a: Kinda good|76\/100 psn|[from] psn\n|upkeep\n|turn|4\n|\n|t:|1699042722\n|move|p2a: Kinda good|Superpower|p1a: Forretress\n|-damage|p1a: Forretress|73\/100\n|-boost|p2a: Kinda good|atk|1\n|-boost|p2a: Kinda good|def|1\n|-damage|p2a: Kinda good|59\/100 psn|[from] item: Rocky Helmet|[of] p1a: Forretress\n|move|p1a: Forretress|Spikes|p2a: Kinda good\n|-sidestart|p2: Brendan the beast|Spikes\n|\n|-damage|p2a: Kinda good|47\/100 psn|[from] psn\n|upkeep\n|turn|5\n|\n|t:|1699042733\n|move|p2a: Kinda good|Superpower|p1a: Forretress\n|-damage|p1a: Forretress|33\/100\n|-boost|p2a: Kinda good|atk|1\n|-boost|p2a: Kinda good|def|1\n|-damage|p2a: Kinda good|30\/100 psn|[from] item: Rocky Helmet|[of] p1a: Forretress\n|move|p1a: Forretress|Spikes|p2a: Kinda good\n|-sidestart|p2: Brendan the beast|Spikes\n|\n|-damage|p2a: Kinda good|18\/100 psn|[from] psn\n|upkeep\n|turn|6\n|inactive|Battle timer is ON: inactive players will automatically lose when time's up. (requested by Brendan the beast)\n|\n|t:|1699042745\n|move|p2a: Kinda good|Synthesis|p2a: Kinda good\n|-heal|p2a: Kinda good|68\/100 psn\n|move|p1a: Forretress|Toxic Spikes|p2a: Kinda good\n|-sidestart|p2: Brendan the beast|move: Toxic Spikes\n|\n|-damage|p2a: Kinda good|55\/100 psn|[from] psn\n|upkeep\n|turn|7\n|\n|t:|1699042760\n|move|p2a: Kinda good|Synthesis|p2a: Kinda good\n|-heal|p2a: Kinda good|100\/100 psn\n|move|p1a: Forretress|Rapid Spin|p2a: Kinda good\n|-damage|p2a: Kinda good|93\/100 psn\n|-boost|p1a: Forretress|spe|1\n|\n|-damage|p2a: Kinda good|81\/100 psn|[from] psn\n|upkeep\n|turn|8\n|\n|t:|1699042769\n|move|p2a: Kinda good|Superpower|p1a: Forretress\n|-damage|p1a: Forretress|0 fnt\n|-boost|p2a: Kinda good|atk|1\n|-boost|p2a: Kinda good|def|1\n|-damage|p2a: Kinda good|64\/100 psn|[from] item: Rocky Helmet|[of] p1a: Forretress\n|faint|p1a: Forretress\n|\n|-damage|p2a: Kinda good|52\/100 psn|[from] psn\n|upkeep\n|\n|t:|1699042778\n|switch|p1a: Masquerain|Masquerain, M|100\/100\n|-ability|p1a: Masquerain|Intimidate|boost\n|-boost|p2a: Kinda good|atk|1\n|turn|9\n|\n|t:|1699042796\n|move|p2a: Kinda good|Superpower|p1a: Masquerain\n|-resisted|p1a: Masquerain\n|-damage|p1a: Masquerain|64\/100\n|-boost|p2a: Kinda good|atk|1\n|-boost|p2a: Kinda good|def|1\n|move|p1a: Masquerain|Whirlwind|p2a: Kinda good\n|drag|p2a: Murkrow|Murkrow, M|100\/100\n|-damage|p2a: Murkrow|76\/100|[from] Stealth Rock\n|\n|upkeep\n|turn|10\n|\n|t:|1699042809\n|move|p2a: Murkrow|Taunt|p1a: Masquerain\n|-start|p1a: Masquerain|move: Taunt\n|cant|p1a: Masquerain|move: Taunt|Sticky Web\n|\n|upkeep\n|turn|11\n|\n|t:|1699042819\n|move|p2a: Murkrow|Haze|p2a: Murkrow\n|-clearallboost\n|move|p1a: Masquerain|U-turn|p2a: Murkrow\n|-damage|p2a: Murkrow|57\/100\n|\n|t:|1699042832\n|switch|p1a: Calyrex|Calyrex-Shadow|100\/100|[from] U-turn\n|-ability|p1a: Calyrex|As One\n|-ability|p1a: Calyrex|Unnerve\n|\n|upkeep\n|turn|12\n|\n|t:|1699042846\n|-terastallize|p1a: Calyrex|Normal\n|move|p2a: Murkrow|Tailwind|p2a: Murkrow\n|-sidestart|p2: Brendan the beast|move: Tailwind\n|move|p1a: Calyrex|Nasty Plot|p1a: Calyrex\n|-boost|p1a: Calyrex|spa|2\n|\n|upkeep\n|turn|13\n|\n|t:|1699042856\n|move|p2a: Murkrow|Taunt|p1a: Calyrex\n|-start|p1a: Calyrex|move: Taunt\n|move|p1a: Calyrex|Astral Barrage|p2a: Murkrow\n|-resisted|p2a: Murkrow\n|-damage|p2a: Murkrow|0 fnt\n|faint|p2a: Murkrow\n|-ability|p1a: Calyrex|Grim Neigh|boost\n|-boost|p1a: Calyrex|spa|1\n|\n|upkeep\n|\n|t:|1699042877\n|switch|p2a: Espathra|Espathra, M, shiny|100\/100\n|-status|p2a: Espathra|tox\n|-damage|p2a: Espathra|88\/100 tox|[from] Stealth Rock\n|-damage|p2a: Espathra|63\/100 tox|[from] Spikes\n|turn|14\n|\n|t:|1699042890\n|-terastallize|p2a: Espathra|Normal\n|move|p2a: Espathra|Agility|p2a: Espathra\n|-boost|p2a: Espathra|spe|2\n|move|p1a: Calyrex|Dark Pulse|p2a: Espathra\n|-damage|p2a: Espathra|0 fnt\n|faint|p2a: Espathra\n|-ability|p1a: Calyrex|Grim Neigh|boost\n|-boost|p1a: Calyrex|spa|1\n|\n|upkeep\n|\n|t:|1699042899\n|switch|p2a: Kinda good|Lurantis, M, shiny|52\/100 psn\n|-damage|p2a: Kinda good|40\/100 psn|[from] Stealth Rock\n|-damage|p2a: Kinda good|15\/100 psn|[from] Spikes\n|turn|15\n|\n|t:|1699042907\n|move|p1a: Calyrex|Dark Pulse|p2a: Kinda good\n|-damage|p2a: Kinda good|0 fnt\n|faint|p2a: Kinda good\n|\n|win|MelloBello\n|raw|MelloBello's rating: 1125 &rarr; <strong>1143<\/strong><br \/>(+18 for winning)\n|raw|Brendan the beast's rating: 1028 &rarr; <strong>1018<\/strong><br \/>(-10 for losing)\n|c|\u2606MelloBello|gg\n|l|\u2606Brendan the beast\n","uploadtime":1699042930,"views":10,"p1id":"mellobello","p2id":"brendanthebeast","formatid":"gen9anythinggoes","rating":1018,"private":0,"password":""}