{"id":"gen9anythinggoes-1979295077","p1":"hoenn militian","p2":"Tvrtko420","format":"[Gen 9] Anything Goes","log":"|j|\u2606hoenn militian\n|j|\u2606Tvrtko420\n|t:|1698667763\n|gametype|singles\n|player|p1|hoenn militian|266|1737\n|player|p2|Tvrtko420|red-masters2|1773\n|teamsize|p1|6\n|teamsize|p2|6\n|gen|9\n|tier|[Gen 9] Anything Goes\n|rated|\n|rule|HP Percentage Mod: HP is shown in percentages\n|rule|Endless Battle Clause: Forcing endless battles is banned\n|clearpoke\n|poke|p1|Miraidon|\n|poke|p1|Grimmsnarl, M|\n|poke|p1|Skeledirge, M|\n|poke|p1|Blissey, F|\n|poke|p1|Moltres|\n|poke|p1|Calyrex-Ice|\n|poke|p2|Calyrex-Shadow|\n|poke|p2|Arceus|\n|poke|p2|Zacian-*|\n|poke|p2|Koraidon|\n|poke|p2|Leavanny, M|\n|poke|p2|Urshifu-*, F|\n|teampreview\n|inactive|Battle timer is ON: inactive players will automatically lose when time's up. (requested by Tvrtko420)\n|\n|t:|1698667782\n|start\n|switch|p1a: Grimmsnarl|Grimmsnarl, M|100\/100\n|switch|p2a: Koraidon|Koraidon|100\/100\n|-weather|SunnyDay|[from] ability: Orichalcum Pulse|[of] p2a: Koraidon\n|-activate|p2a: Koraidon|Orichalcum Pulse|[source]\n|turn|1\n|inactive|Tvrtko420 has 120 seconds left.\n|\n|t:|1698667822\n|move|p1a: Grimmsnarl|Parting Shot|p2a: Koraidon\n|-unboost|p2a: Koraidon|atk|1\n|-unboost|p2a: Koraidon|spa|1\n|\n|t:|1698667830\n|switch|p1a: Moltres|Moltres|100\/100|[from] Parting Shot\n|move|p2a: Koraidon|Taunt|p1a: Moltres\n|-start|p1a: Moltres|move: Taunt\n|\n|-weather|SunnyDay|[upkeep]\n|upkeep\n|turn|2\n|inactive|Tvrtko420 has 120 seconds left.\n|\n|t:|1698667862\n|move|p2a: Koraidon|U-turn|p1a: Moltres\n|-resisted|p1a: Moltres\n|-damage|p1a: Moltres|97\/100\n|\n|t:|1698667865\n|switch|p2a: Leavanny|Leavanny, M|100\/100|[from] U-turn\n|move|p1a: Moltres|Burning Jealousy|p2a: Leavanny\n|-supereffective|p2a: Leavanny\n|-enditem|p2a: Leavanny|Focus Sash\n|-damage|p2a: Leavanny|1\/100\n|\n|-weather|SunnyDay|[upkeep]\n|upkeep\n|turn|3\n|\n|t:|1698667875\n|switch|p1a: Miraidon|Miraidon|100\/100\n|-fieldstart|move: Electric Terrain|[from] ability: Hadron Engine|[of] p1a: Miraidon\n|move|p2a: Leavanny|Sticky Web|p1a: Miraidon\n|-sidestart|p1: hoenn militian|move: Sticky Web\n|\n|-weather|SunnyDay|[upkeep]\n|upkeep\n|turn|4\n|inactive|Tvrtko420 has 90 seconds left.\n|\n|t:|1698667902\n|move|p2a: Leavanny|String Shot|p1a: Miraidon\n|-unboost|p1a: Miraidon|spe|2\n|move|p1a: Miraidon|Electro Drift|p2a: Leavanny\n|-resisted|p2a: Leavanny\n|-damage|p2a: Leavanny|0 fnt\n|faint|p2a: Leavanny\n|\n|-weather|SunnyDay|[upkeep]\n|upkeep\n|inactive|Tvrtko420 has 90 seconds left.\n|\n|t:|1698667930\n|switch|p2a: Koraidon|Koraidon|100\/100\n|-activate|p2a: Koraidon|ability: Orichalcum Pulse\n|turn|5\n|\n|t:|1698667938\n|-terastallize|p1a: Miraidon|Fairy\n|move|p2a: Koraidon|Close Combat|p1a: Miraidon\n|-resisted|p1a: Miraidon\n|-damage|p1a: Miraidon|54\/100\n|-unboost|p2a: Koraidon|def|1\n|-unboost|p2a: Koraidon|spd|1\n|move|p1a: Miraidon|Dragon Pulse|p2a: Koraidon\n|-supereffective|p2a: Koraidon\n|-enditem|p2a: Koraidon|Focus Sash\n|-damage|p2a: Koraidon|1\/100\n|\n|-weather|none\n|upkeep\n|turn|6\n|\n|t:|1698667949\n|switch|p1a: Moltres|Moltres|97\/100\n|move|p2a: Koraidon|U-turn|p1a: Moltres\n|-resisted|p1a: Moltres\n|-damage|p1a: Moltres|92\/100\n|-status|p2a: Koraidon|brn|[from] ability: Flame Body|[of] p1a: Moltres\n|inactive|Tvrtko420 has 60 seconds left.\n|\n|t:|1698667989\n|switch|p2a: Arceus|Arceus|100\/100|[from] U-turn\n|\n|upkeep\n|turn|7\n|\n|t:|1698667994\n|move|p2a: Arceus|Taunt|p1a: Moltres\n|-start|p1a: Moltres|move: Taunt\n|move|p1a: Moltres|Burning Jealousy|p2a: Arceus\n|-damage|p2a: Arceus|82\/100\n|\n|-heal|p2a: Arceus|88\/100|[from] item: Leftovers\n|-fieldend|move: Electric Terrain\n|upkeep\n|turn|8\n|\n|t:|1698668001\n|move|p2a: Arceus|Swords Dance|p2a: Arceus\n|-boost|p2a: Arceus|atk|2\n|move|p1a: Moltres|Burning Jealousy|p2a: Arceus\n|-damage|p2a: Arceus|69\/100\n|-status|p2a: Arceus|brn\n|\n|-heal|p2a: Arceus|75\/100 brn|[from] item: Leftovers\n|-damage|p2a: Arceus|69\/100 brn|[from] brn\n|upkeep\n|turn|9\n|\n|t:|1698668010\n|switch|p1a: Skeledirge|Skeledirge, M|100\/100\n|move|p2a: Arceus|Swords Dance|p2a: Arceus\n|-boost|p2a: Arceus|atk|2\n|\n|-heal|p2a: Arceus|75\/100 brn|[from] item: Leftovers\n|-damage|p2a: Arceus|69\/100 brn|[from] brn\n|upkeep\n|turn|10\n|\n|t:|1698668019\n|move|p2a: Arceus|Shadow Claw|p1a: Skeledirge\n|-supereffective|p1a: Skeledirge\n|-damage|p1a: Skeledirge|85\/100\n|move|p1a: Skeledirge|Torch Song|p2a: Arceus\n|-damage|p2a: Arceus|50\/100 brn\n|-boost|p1a: Skeledirge|spa|1\n|\n|-heal|p2a: Arceus|56\/100 brn|[from] item: Leftovers\n|-damage|p2a: Arceus|50\/100 brn|[from] brn\n|upkeep\n|turn|11\n|\n|t:|1698668030\n|move|p2a: Arceus|Taunt|p1a: Skeledirge\n|-start|p1a: Skeledirge|move: Taunt\n|move|p1a: Skeledirge|Torch Song|p2a: Arceus\n|-damage|p2a: Arceus|17\/100 brn\n|-boost|p1a: Skeledirge|spa|1\n|\n|-heal|p2a: Arceus|23\/100 brn|[from] item: Leftovers\n|-damage|p2a: Arceus|17\/100 brn|[from] brn\n|upkeep\n|turn|12\n|\n|t:|1698668039\n|move|p2a: Arceus|Shadow Claw|p1a: Skeledirge\n|-supereffective|p1a: Skeledirge\n|-damage|p1a: Skeledirge|71\/100\n|move|p1a: Skeledirge|Torch Song|p2a: Arceus\n|-damage|p2a: Arceus|0 fnt\n|-boost|p1a: Skeledirge|spa|1\n|faint|p2a: Arceus\n|\n|upkeep\n|\n|t:|1698668055\n|switch|p2a: Urshifu|Urshifu, F|100\/100\n|turn|13\n|\n|t:|1698668070\n|switch|p1a: Moltres|Moltres|92\/100\n|move|p2a: Urshifu|Wicked Blow|p1a: Moltres\n|-crit|p1a: Moltres\n|-damage|p1a: Moltres|47\/100\n|\n|upkeep\n|turn|14\n|\n|t:|1698668083\n|move|p2a: Urshifu|Wicked Blow|p1a: Moltres\n|-crit|p1a: Moltres\n|-damage|p1a: Moltres|0 fnt\n|faint|p1a: Moltres\n|\n|upkeep\n|\n|t:|1698668090\n|switch|p1a: Miraidon|Miraidon, tera:Fairy|54\/100\n|-fieldstart|move: Electric Terrain|[from] ability: Hadron Engine|[of] p1a: Miraidon\n|turn|15\n|\n|t:|1698668096\n|switch|p2a: Koraidon|Koraidon|1\/100 brn\n|-weather|SunnyDay|[from] ability: Orichalcum Pulse|[of] p2a: Koraidon\n|-activate|p2a: Koraidon|Orichalcum Pulse|[source]\n|move|p1a: Miraidon|Electro Drift|p2a: Koraidon\n|-resisted|p2a: Koraidon\n|-damage|p2a: Koraidon|0 fnt\n|faint|p2a: Koraidon\n|\n|-weather|SunnyDay|[upkeep]\n|upkeep\n|inactive|Tvrtko420 has 90 seconds left.\n|\n|t:|1698668137\n|switch|p2a: Urshifu|Urshifu, F|100\/100\n|turn|16\n|\n|t:|1698668149\n|switch|p1a: Calyrex|Calyrex-Ice|100\/100\n|-ability|p1a: Calyrex|As One\n|-ability|p1a: Calyrex|Unnerve\n|move|p2a: Urshifu|Poison Jab|p1a: Calyrex\n|-damage|p1a: Calyrex|81\/100\n|\n|-weather|SunnyDay|[upkeep]\n|upkeep\n|turn|17\n|inactive|Tvrtko420 has 90 seconds left.\n|\n|t:|1698668160\n|switch|p2a: Zacian|Zacian-Crowned|100\/100\n|-ability|p2a: Zacian|Intrepid Sword|boost\n|-boost|p2a: Zacian|atk|1\n|move|p1a: Calyrex|High Horsepower|p2a: Zacian\n|-supereffective|p2a: Zacian\n|-crit|p2a: Zacian\n|-damage|p2a: Zacian|0 fnt\n|faint|p2a: Zacian\n|-ability|p1a: Calyrex|Chilling Neigh|boost\n|-boost|p1a: Calyrex|atk|1\n|\n|-weather|SunnyDay|[upkeep]\n|upkeep\n|\n|t:|1698668183\n|switch|p2a: Urshifu|Urshifu, F|100\/100\n|turn|18\n|\n|t:|1698668199\n|switch|p1a: Blissey|Blissey, F|100\/100\n|move|p2a: Urshifu|Wicked Blow|p1a: Blissey\n|-crit|p1a: Blissey\n|-damage|p1a: Blissey|0 fnt\n|faint|p1a: Blissey\n|\n|-weather|SunnyDay|[upkeep]\n|upkeep\n|\n|t:|1698668206\n|switch|p1a: Grimmsnarl|Grimmsnarl, M|100\/100\n|turn|19\n|\n|t:|1698668213\n|switch|p2a: Calyrex|Calyrex-Shadow|100\/100\n|-ability|p2a: Calyrex|As One\n|-ability|p2a: Calyrex|Unnerve\n|move|p1a: Grimmsnarl|Foul Play|p2a: Calyrex\n|-supereffective|p2a: Calyrex\n|-damage|p2a: Calyrex|5\/100\n|\n|-weather|none\n|-heal|p2a: Calyrex|11\/100|[from] item: Leftovers\n|-fieldend|move: Electric Terrain\n|upkeep\n|turn|20\n|\n|t:|1698668225\n|move|p2a: Calyrex|Taunt|p1a: Grimmsnarl\n|-start|p1a: Grimmsnarl|move: Taunt\n|move|p1a: Grimmsnarl|Spirit Break|p2a: Calyrex\n|-damage|p2a: Calyrex|0 fnt\n|faint|p2a: Calyrex\n|\n|upkeep\n|\n|t:|1698668230\n|switch|p2a: Urshifu|Urshifu, F|100\/100\n|turn|21\n|\n|t:|1698668248\n|switch|p1a: Calyrex|Calyrex-Ice|81\/100\n|-ability|p1a: Calyrex|As One\n|-ability|p1a: Calyrex|Unnerve\n|-terastallize|p2a: Urshifu|Dark\n|move|p2a: Urshifu|Wicked Blow|p1a: Calyrex\n|-supereffective|p1a: Calyrex\n|-crit|p1a: Calyrex\n|-damage|p1a: Calyrex|0 fnt\n|faint|p1a: Calyrex\n|\n|upkeep\n|\n|t:|1698668260\n|switch|p1a: Grimmsnarl|Grimmsnarl, M|100\/100\n|turn|22\n|\n|t:|1698668265\n|move|p2a: Urshifu|Wicked Blow|p1a: Grimmsnarl\n|-resisted|p1a: Grimmsnarl\n|-crit|p1a: Grimmsnarl\n|-damage|p1a: Grimmsnarl|76\/100\n|move|p1a: Grimmsnarl|Spirit Break|p2a: Urshifu\n|-supereffective|p2a: Urshifu\n|-damage|p2a: Urshifu|44\/100\n|-unboost|p2a: Urshifu|spa|1\n|\n|upkeep\n|turn|23\n|\n|t:|1698668273\n|move|p2a: Urshifu|Wicked Blow|p1a: Grimmsnarl\n|-resisted|p1a: Grimmsnarl\n|-crit|p1a: Grimmsnarl\n|-damage|p1a: Grimmsnarl|50\/100\n|move|p1a: Grimmsnarl|Spirit Break|p2a: Urshifu\n|-supereffective|p2a: Urshifu\n|-crit|p2a: Urshifu\n|-damage|p2a: Urshifu|0 fnt\n|faint|p2a: Urshifu\n|\n|win|hoenn militian\n|raw|hoenn militian's rating: 1737 &rarr; <strong>1759<\/strong><br \/>(+22 for winning)\n|raw|Tvrtko420's rating: 1773 &rarr; <strong>1751<\/strong><br \/>(-22 for losing)\n","uploadtime":1698668301,"views":9,"p1id":"hoennmilitian","p2id":"tvrtko420","formatid":"gen9anythinggoes","rating":1751,"private":0,"password":""}