{"id":"gen9anythinggoes-1980401633","p1":"patoneis","p2":"xxswedishmanxx","format":"[Gen 9] Anything Goes","log":"|j|\u2606patoneis\n|j|\u2606xxswedishmanxx\n|t:|1698781726\n|gametype|singles\n|player|p1|patoneis|1|1156\n|player|p2|xxswedishmanxx|depotagent|1181\n|teamsize|p1|6\n|teamsize|p2|6\n|gen|9\n|tier|[Gen 9] Anything Goes\n|rated|\n|rule|HP Percentage Mod: HP is shown in percentages\n|rule|Endless Battle Clause: Forcing endless battles is banned\n|clearpoke\n|poke|p1|Maushold-Four|\n|poke|p1|Maushold-Four|\n|poke|p1|Maushold-Four|\n|poke|p1|Maushold-Four|\n|poke|p1|Maushold-Four|\n|poke|p1|Maushold-Four|\n|poke|p2|Staraptor, M|\n|poke|p2|Samurott-Hisui, F|\n|poke|p2|Kleavor, F|\n|poke|p2|Iron Moth|\n|poke|p2|Volcarona, F|\n|poke|p2|Slither Wing|\n|teampreview\n|\n|t:|1698781741\n|start\n|switch|p1a: Rattata|Maushold-Four|100\/100\n|switch|p2a: Kleavor|Kleavor, F|100\/100\n|turn|1\n|\n|t:|1698781748\n|move|p1a: Rattata|Tidy Up|p1a: Rattata\n|-boost|p1a: Rattata|atk|1\n|-boost|p1a: Rattata|spe|1\n|move|p2a: Kleavor|Agility|p2a: Kleavor\n|-boost|p2a: Kleavor|spe|2\n|\n|upkeep\n|turn|2\n|\n|t:|1698781754\n|move|p2a: Kleavor|Stone Axe|p1a: Rattata\n|-damage|p1a: Rattata|18\/100\n|-sidestart|p1: patoneis|move: Stealth Rock\n|move|p1a: Rattata|Population Bomb|p2a: Kleavor\n|-resisted|p2a: Kleavor\n|-damage|p2a: Kleavor|91\/100\n|-resisted|p2a: Kleavor\n|-damage|p2a: Kleavor|80\/100\n|-resisted|p2a: Kleavor\n|-damage|p2a: Kleavor|70\/100\n|-resisted|p2a: Kleavor\n|-damage|p2a: Kleavor|59\/100\n|-resisted|p2a: Kleavor\n|-damage|p2a: Kleavor|49\/100\n|-resisted|p2a: Kleavor\n|-damage|p2a: Kleavor|39\/100\n|-resisted|p2a: Kleavor\n|-damage|p2a: Kleavor|29\/100\n|-resisted|p2a: Kleavor\n|-damage|p2a: Kleavor|20\/100\n|-resisted|p2a: Kleavor\n|-damage|p2a: Kleavor|9\/100\n|-resisted|p2a: Kleavor\n|-damage|p2a: Kleavor|0 fnt\n|faint|p2a: Kleavor\n|-hitcount|p2: Kleavor|10\n|\n|upkeep\n|\n|t:|1698781764\n|switch|p2a: Slither Wing|Slither Wing|100\/100\n|turn|3\n|\n|t:|1698781768\n|move|p2a: Slither Wing|First Impression|p1a: Rattata\n|-damage|p1a: Rattata|0 fnt\n|faint|p1a: Rattata\n|-damage|p2a: Slither Wing|91\/100|[from] item: Life Orb\n|\n|upkeep\n|\n|t:|1698781770\n|switch|p1a: Rattata|Maushold-Four|100\/100\n|-damage|p1a: Rattata|88\/100|[from] Stealth Rock\n|turn|4\n|\n|t:|1698781776\n|move|p1a: Rattata|Tidy Up|p1a: Rattata\n|-sideend|p1: patoneis|Stealth Rock\n|-activate|p1a: Rattata|move: Tidy Up\n|-boost|p1a: Rattata|atk|1\n|-boost|p1a: Rattata|spe|1\n|move|p2a: Slither Wing|Flare Blitz|p1a: Rattata\n|-damage|p1a: Rattata|0 fnt\n|faint|p1a: Rattata\n|-damage|p2a: Slither Wing|64\/100|[from] Recoil\n|-damage|p2a: Slither Wing|54\/100|[from] item: Life Orb\n|\n|upkeep\n|\n|t:|1698781778\n|switch|p1a: Rattata|Maushold-Four|100\/100\n|turn|5\n|\n|t:|1698781783\n|move|p1a: Rattata|Tidy Up|p1a: Rattata\n|-boost|p1a: Rattata|atk|1\n|-boost|p1a: Rattata|spe|1\n|move|p2a: Slither Wing|Close Combat|p1a: Rattata\n|-supereffective|p1a: Rattata\n|-enditem|p1a: Rattata|Focus Sash\n|-damage|p1a: Rattata|1\/100\n|-unboost|p2a: Slither Wing|def|1\n|-unboost|p2a: Slither Wing|spd|1\n|-damage|p2a: Slither Wing|44\/100|[from] item: Life Orb\n|\n|upkeep\n|turn|6\n|\n|t:|1698781796\n|-end|p2a: Slither Wing|Protosynthesis|[silent]\n|switch|p2a: Volcarona|Volcarona, F|100\/100\n|move|p1a: Rattata|Population Bomb|p2a: Volcarona\n|-damage|p2a: Volcarona|77\/100\n|-status|p1a: Rattata|brn|[from] ability: Flame Body|[of] p2a: Volcarona\n|-damage|p2a: Volcarona|64\/100\n|-damage|p2a: Volcarona|51\/100\n|-damage|p2a: Volcarona|38\/100\n|-damage|p2a: Volcarona|25\/100\n|-damage|p2a: Volcarona|12\/100\n|-damage|p2a: Volcarona|0 fnt\n|faint|p2a: Volcarona\n|-hitcount|p2: Volcarona|7\n|\n|-damage|p1a: Rattata|0 fnt|[from] brn\n|faint|p1a: Rattata\n|upkeep\n|\n|t:|1698781810\n|switch|p1a: Rattata|Maushold-Four|100\/100\n|switch|p2a: Samurott|Samurott-Hisui, F|100\/100\n|turn|7\n|\n|t:|1698781814\n|move|p2a: Samurott|Sucker Punch||[still]\n|-fail|p2a: Samurott\n|move|p1a: Rattata|Tidy Up|p1a: Rattata\n|-boost|p1a: Rattata|atk|1\n|-boost|p1a: Rattata|spe|1\n|\n|upkeep\n|turn|8\n|\n|t:|1698781818\n|move|p1a: Rattata|Thunder Wave|p2a: Samurott\n|-status|p2a: Samurott|par\n|move|p2a: Samurott|Ceaseless Edge|p1a: Rattata\n|-crit|p1a: Rattata\n|-enditem|p1a: Rattata|Focus Sash\n|-damage|p1a: Rattata|1\/100\n|-sidestart|p1: patoneis|Spikes\n|\n|upkeep\n|turn|9\n|\n|t:|1698781824\n|move|p1a: Rattata|Population Bomb|p2a: Samurott\n|-crit|p2a: Samurott\n|-damage|p2a: Samurott|67\/100 par\n|-crit|p2a: Samurott\n|-damage|p2a: Samurott|38\/100 par\n|-hitcount|p2a: Samurott|2\n|move|p2a: Samurott|Ceaseless Edge|p1a: Rattata\n|-damage|p1a: Rattata|0 fnt\n|-sidestart|p1: patoneis|Spikes\n|faint|p1a: Rattata\n|\n|upkeep\n|\n|t:|1698781827\n|switch|p1a: Rattata|Maushold-Four|100\/100\n|-damage|p1a: Rattata|84\/100|[from] Spikes\n|turn|10\n|\n|t:|1698781830\n|move|p1a: Rattata|Population Bomb|p2a: Samurott\n|-crit|p2a: Samurott\n|-damage|p2a: Samurott|15\/100 par\n|-damage|p2a: Samurott|1\/100 par\n|-damage|p2a: Samurott|0 fnt\n|faint|p2a: Samurott\n|-hitcount|p2: Samurott|3\n|\n|upkeep\n|\n|t:|1698781835\n|switch|p2a: Staraptor|Staraptor, M, shiny|100\/100\n|turn|11\n|\n|t:|1698781840\n|move|p2a: Staraptor|Brave Bird|p1a: Rattata\n|-damage|p1a: Rattata|0 fnt\n|faint|p1a: Rattata\n|-damage|p2a: Staraptor|75\/100|[from] Recoil\n|\n|upkeep\n|\n|t:|1698781842\n|switch|p1a: Rattata|Maushold-Four|100\/100\n|-damage|p1a: Rattata|84\/100|[from] Spikes\n|turn|12\n|\n|t:|1698781845\n|move|p2a: Staraptor|Brave Bird|p1a: Rattata\n|-damage|p1a: Rattata|0 fnt\n|faint|p1a: Rattata\n|-damage|p2a: Staraptor|49\/100|[from] Recoil\n|\n|win|xxswedishmanxx\n|raw|patoneis's rating: 1156 &rarr; <strong>1133<\/strong><br \/>(-23 for losing)\n|raw|xxswedishmanxx's rating: 1181 &rarr; <strong>1204<\/strong><br \/>(+23 for winning)\n","uploadtime":1698781848,"views":8,"p1id":"patoneis","p2id":"xxswedishmanxx","formatid":"gen9anythinggoes","rating":1133,"private":0,"password":""}