{"id":"gen9anythinggoes-1992872727","p1":"Shadowkipz13","p2":"Frooky","format":"[Gen 9] Anything Goes","log":"|j|\u2606Shadowkipz13\n|j|\u2606Frooky\n|t:|1700242779\n|gametype|singles\n|player|p1|Shadowkipz13|petrel|1317\n|player|p2|Frooky|linebacker|1266\n|teamsize|p1|6\n|teamsize|p2|6\n|gen|9\n|tier|[Gen 9] Anything Goes\n|rated|\n|rule|HP Percentage Mod: HP is shown in percentages\n|rule|Endless Battle Clause: Forcing endless battles is banned\n|clearpoke\n|poke|p1|Skeledirge, F|\n|poke|p1|Ogerpon-Hearthflame, F|\n|poke|p1|Manaphy|\n|poke|p1|Ribombee, F|\n|poke|p1|Gliscor, M|\n|poke|p1|Ursaluna-Bloodmoon, M|\n|poke|p2|Cinderace, M|\n|poke|p2|Kyogre|\n|poke|p2|Gholdengo|\n|poke|p2|Shaymin-Sky|\n|poke|p2|Masquerain, F|\n|poke|p2|Landorus-Therian, M|\n|teampreview\n|inactive|Battle timer is ON: inactive players will automatically lose when time's up. (requested by Frooky)\n|\n|t:|1700242808\n|start\n|switch|p1a: Majora's Bonk|Ogerpon-Hearthflame, F|100\/100\n|switch|p2a: Masquerain|Masquerain, F, shiny|100\/100\n|-ability|p1a: Majora's Bonk|Mold Breaker\n|-ability|p2a: Masquerain|Intimidate|boost\n|-unboost|p1a: Majora's Bonk|atk|1\n|turn|1\n|\n|t:|1700242819\n|move|p1a: Majora's Bonk|Swords Dance|p1a: Majora's Bonk\n|-boost|p1a: Majora's Bonk|atk|2\n|move|p2a: Masquerain|Sticky Web|p1a: Majora's Bonk\n|-sidestart|p1: Shadowkipz13|move: Sticky Web\n|\n|upkeep\n|turn|2\n|\n|t:|1700242829\n|-terastallize|p1a: Majora's Bonk|Fire\n|detailschange|p1a: Majora's Bonk|Ogerpon-Hearthflame-Tera, F, tera:Fire\n|-ability|p1a: Majora's Bonk|Embody Aspect (Hearthflame)|boost\n|-boost|p1a: Majora's Bonk|atk|1\n|move|p1a: Majora's Bonk|Trailblaze|p2a: Masquerain\n|-resisted|p2a: Masquerain\n|-damage|p2a: Masquerain|78\/100\n|-boost|p1a: Majora's Bonk|spe|1\n|move|p2a: Masquerain|Bug Buzz|p1a: Majora's Bonk\n|-resisted|p1a: Majora's Bonk\n|-damage|p1a: Majora's Bonk|84\/100\n|\n|upkeep\n|turn|3\n|\n|t:|1700242841\n|switch|p2a: Kyogre|Kyogre|100\/100\n|-weather|RainDance|[from] ability: Drizzle|[of] p2a: Kyogre\n|move|p1a: Majora's Bonk|Ivy Cudgel|p2a: Kyogre|[anim] Ivy Cudgel Fire\n|-resisted|p2a: Kyogre\n|-damage|p2a: Kyogre|61\/100\n|\n|-weather|RainDance|[upkeep]\n|upkeep\n|turn|4\n|\n|t:|1700242847\n|-terastallize|p2a: Kyogre|Electric\n|move|p1a: Majora's Bonk|Trailblaze|p2a: Kyogre\n|-damage|p2a: Kyogre|5\/100\n|-boost|p1a: Majora's Bonk|spe|1\n|move|p2a: Kyogre|Origin Pulse|p1a: Majora's Bonk\n|-supereffective|p1a: Majora's Bonk\n|-damage|p1a: Majora's Bonk|0 fnt\n|faint|p1a: Majora's Bonk\n|\n|-weather|RainDance|[upkeep]\n|upkeep\n|\n|t:|1700242858\n|switch|p1a: Faye|Ribombee, F|100\/100\n|-activate|p1a: Faye|move: Sticky Web\n|-unboost|p1a: Faye|spe|1\n|turn|5\n|\n|t:|1700242866\n|move|p1a: Faye|Sticky Web|p2a: Kyogre\n|-sidestart|p2: Frooky|move: Sticky Web\n|move|p2a: Kyogre|Thunder|p1a: Faye\n|-damage|p1a: Faye|9\/100\n|-status|p1a: Faye|par\n|\n|-weather|RainDance|[upkeep]\n|upkeep\n|turn|6\n|\n|t:|1700242872\n|move|p2a: Kyogre|Origin Pulse|p1a: Faye\n|-damage|p1a: Faye|0 fnt\n|faint|p1a: Faye\n|\n|-weather|RainDance|[upkeep]\n|upkeep\n|\n|t:|1700242893\n|switch|p1a: Kha'zix|Gliscor, M|100\/100\n|turn|7\n|\n|t:|1700242899\n|switch|p2a: Landorus|Landorus-Therian, M|100\/100\n|-ability|p2a: Landorus|Intimidate|boost\n|-unboost|p1a: Kha'zix|atk|1\n|move|p1a: Kha'zix|Earthquake|p2a: Landorus\n|-immune|p2a: Landorus\n|\n|-weather|none\n|-status|p1a: Kha'zix|tox|[from] item: Toxic Orb\n|upkeep\n|turn|8\n|\n|t:|1700242908\n|move|p1a: Kha'zix|Toxic|p2a: Landorus\n|-status|p2a: Landorus|tox\n|move|p2a: Landorus|Outrage|p1a: Kha'zix\n|-damage|p1a: Kha'zix|62\/100 tox\n|\n|-heal|p1a: Kha'zix|75\/100 tox|[from] ability: Poison Heal\n|-damage|p2a: Landorus|95\/100 tox|[from] psn\n|upkeep\n|turn|9\n|\n|t:|1700242917\n|move|p1a: Kha'zix|Swords Dance|p1a: Kha'zix\n|-boost|p1a: Kha'zix|atk|2\n|move|p2a: Landorus|Outrage|p1a: Kha'zix|[from]lockedmove\n|-damage|p1a: Kha'zix|40\/100 tox\n|-start|p2a: Landorus|confusion|[fatigue]\n|\n|-heal|p1a: Kha'zix|52\/100 tox|[from] ability: Poison Heal\n|-damage|p2a: Landorus|83\/100 tox|[from] psn\n|upkeep\n|turn|10\n|\n|t:|1700242925\n|move|p1a: Kha'zix|Dual Wingbeat|p2a: Landorus\n|-crit|p2a: Landorus\n|-damage|p2a: Landorus|49\/100 tox\n|-damage|p2a: Landorus|25\/100 tox\n|-hitcount|p2a: Landorus|2\n|-activate|p2a: Landorus|confusion\n|move|p2a: Landorus|Outrage|p1a: Kha'zix\n|-damage|p1a: Kha'zix|17\/100 tox\n|\n|-heal|p1a: Kha'zix|30\/100 tox|[from] ability: Poison Heal\n|-damage|p2a: Landorus|7\/100 tox|[from] psn\n|upkeep\n|turn|11\n|\n|t:|1700242933\n|move|p1a: Kha'zix|Dual Wingbeat|p2a: Landorus\n|-damage|p2a: Landorus|0 fnt\n|faint|p2a: Landorus\n|-hitcount|p2: Landorus|1\n|\n|-heal|p1a: Kha'zix|42\/100 tox|[from] ability: Poison Heal\n|upkeep\n|\n|t:|1700242940\n|switch|p2a: Kyogre|Kyogre, tera:Electric|5\/100\n|-activate|p2a: Kyogre|move: Sticky Web\n|-unboost|p2a: Kyogre|spe|1\n|-weather|RainDance|[from] ability: Drizzle|[of] p2a: Kyogre\n|turn|12\n|\n|t:|1700242947\n|move|p1a: Kha'zix|Earthquake|p2a: Kyogre\n|-supereffective|p2a: Kyogre\n|-damage|p2a: Kyogre|0 fnt\n|faint|p2a: Kyogre\n|\n|-weather|RainDance|[upkeep]\n|-heal|p1a: Kha'zix|54\/100 tox|[from] ability: Poison Heal\n|upkeep\n|\n|t:|1700242953\n|switch|p2a: Cinderace|Cinderace, M, shiny|100\/100\n|-activate|p2a: Cinderace|move: Sticky Web\n|-unboost|p2a: Cinderace|spe|1\n|turn|13\n|\n|t:|1700242958\n|move|p1a: Kha'zix|Earthquake|p2a: Cinderace\n|-supereffective|p2a: Cinderace\n|-damage|p2a: Cinderace|0 fnt\n|faint|p2a: Cinderace\n|\n|-weather|RainDance|[upkeep]\n|-heal|p1a: Kha'zix|67\/100 tox|[from] ability: Poison Heal\n|upkeep\n|\n|t:|1700242963\n|switch|p2a: Shaymin|Shaymin-Sky, shiny|100\/100\n|turn|14\n|\n|t:|1700242967\n|move|p2a: Shaymin|Energy Ball|p1a: Kha'zix\n|-damage|p1a: Kha'zix|5\/100 tox\n|-unboost|p1a: Kha'zix|spd|1\n|move|p1a: Kha'zix|Dual Wingbeat|p2a: Shaymin\n|-supereffective|p2a: Shaymin\n|-damage|p2a: Shaymin|49\/100\n|-supereffective|p2a: Shaymin\n|-damage|p2a: Shaymin|0 fnt\n|faint|p2a: Shaymin\n|-hitcount|p2: Shaymin|2\n|\n|-weather|RainDance|[upkeep]\n|-heal|p1a: Kha'zix|17\/100 tox|[from] ability: Poison Heal\n|upkeep\n|\n|t:|1700242974\n|switch|p2a: Gholdengo|Gholdengo|100\/100\n|-activate|p2a: Gholdengo|move: Sticky Web\n|-unboost|p2a: Gholdengo|spe|1\n|turn|15\n|\n|t:|1700242979\n|move|p1a: Kha'zix|Earthquake|p2a: Gholdengo\n|-supereffective|p2a: Gholdengo\n|-damage|p2a: Gholdengo|0 fnt\n|faint|p2a: Gholdengo\n|\n|-weather|RainDance|[upkeep]\n|-heal|p1a: Kha'zix|30\/100 tox|[from] ability: Poison Heal\n|upkeep\n|\n|t:|1700242982\n|switch|p2a: Masquerain|Masquerain, F, shiny|78\/100\n|-ability|p2a: Masquerain|Intimidate|boost\n|-unboost|p1a: Kha'zix|atk|1\n|turn|16\n|\n|t:|1700242988\n|move|p1a: Kha'zix|Dual Wingbeat|p2a: Masquerain\n|-supereffective|p2a: Masquerain\n|-damage|p2a: Masquerain|33\/100\n|-supereffective|p2a: Masquerain\n|-damage|p2a: Masquerain|0 fnt\n|faint|p2a: Masquerain\n|-hitcount|p2: Masquerain|2\n|\n|win|Shadowkipz13\n|raw|Shadowkipz13's rating: 1317 &rarr; <strong>1334<\/strong><br \/>(+17 for winning)\n|raw|Frooky's rating: 1266 &rarr; <strong>1245<\/strong><br \/>(-21 for losing)\n|c|\u2606Shadowkipz13|Gg\n|l|\u2606Frooky\n","uploadtime":1700243018,"views":5,"p1id":"shadowkipz13","p2id":"frooky","formatid":"gen9anythinggoes","rating":1245,"private":0,"password":""}