{"id":"gen9anythinggoes-1999243041","p1":"Dumbfudge","p2":"Sir_Rambage","format":"[Gen 9] Anything Goes","log":"|j|\u2606Dumbfudge\n|j|\u2606Sir_Rambage\n|t:|1701049846\n|gametype|singles\n|player|p1|Dumbfudge|blackbelt-gen4dp|1368\n|player|p2|Sir_Rambage|byron|1355\n|teamsize|p1|6\n|teamsize|p2|6\n|gen|9\n|tier|[Gen 9] Anything Goes\n|rated|\n|rule|HP Percentage Mod: HP is shown in percentages\n|rule|Endless Battle Clause: Forcing endless battles is banned\n|clearpoke\n|poke|p1|Shaymin-Sky|\n|poke|p1|Espathra, M|\n|poke|p1|Ceruledge, F|\n|poke|p1|Zacian-*|\n|poke|p1|Ribombee, F|\n|poke|p1|Breloom, F|\n|poke|p2|Okidogi, M|\n|poke|p2|Leavanny, M|\n|poke|p2|Probopass, F|\n|poke|p2|Vikavolt, F|\n|poke|p2|Victreebel, M|\n|poke|p2|Houndstone, M|\n|teampreview\n|\n|t:|1701049856\n|start\n|switch|p1a: Furuncle|Ribombee, F|100\/100\n|switch|p2a: Leavanny|Leavanny, M|100\/100\n|turn|1\n|\n|t:|1701049862\n|move|p1a: Furuncle|Sticky Web|p2a: Leavanny\n|-sidestart|p2: Sir_Rambage|move: Sticky Web\n|move|p2a: Leavanny|Agility|p2a: Leavanny\n|-boost|p2a: Leavanny|spe|2\n|\n|upkeep\n|turn|2\n|\n|t:|1701049869\n|move|p2a: Leavanny|Leaf Blade|p1a: Furuncle\n|-resisted|p1a: Furuncle\n|-damage|p1a: Furuncle|64\/100\n|move|p1a: Furuncle|Stun Spore|p2a: Leavanny\n|-immune|p2a: Leavanny\n|\n|upkeep\n|turn|3\n|\n|t:|1701049879\n|move|p2a: Leavanny|Leaf Blade|p1a: Furuncle\n|-resisted|p1a: Furuncle\n|-damage|p1a: Furuncle|30\/100\n|move|p1a: Furuncle|Struggle Bug|p2a: Leavanny\n|-supereffective|p2a: Leavanny\n|-damage|p2a: Leavanny|63\/100\n|-unboost|p2a: Leavanny|spa|1\n|\n|upkeep\n|turn|4\n|\n|t:|1701049889\n|-terastallize|p2a: Leavanny|Bug\n|move|p2a: Leavanny|Fell Stinger|p1a: Furuncle\n|-resisted|p1a: Furuncle\n|-damage|p1a: Furuncle|0 fnt\n|faint|p1a: Furuncle\n|-boost|p2a: Leavanny|atk|3\n|\n|upkeep\n|\n|t:|1701049898\n|switch|p1a: Cancer|Shaymin-Sky|100\/100\n|turn|5\n|\n|t:|1701049909\n|move|p2a: Leavanny|Fell Stinger|p1a: Cancer\n|-damage|p1a: Cancer|0 fnt\n|faint|p1a: Cancer\n|-boost|p2a: Leavanny|atk|3\n|\n|upkeep\n|\n|t:|1701049915\n|switch|p1a: Whooping cough|Zacian-Crowned|100\/100\n|-ability|p1a: Whooping cough|Intrepid Sword|boost\n|-boost|p1a: Whooping cough|atk|1\n|turn|6\n|\n|t:|1701049938\n|-terastallize|p1a: Whooping cough|Steel\n|move|p2a: Leavanny|Leaf Blade|p1a: Whooping cough\n|-resisted|p1a: Whooping cough\n|-damage|p1a: Whooping cough|15\/100\n|move|p1a: Whooping cough|Behemoth Blade|p2a: Leavanny\n|-damage|p2a: Leavanny|0 fnt\n|faint|p2a: Leavanny\n|\n|upkeep\n|\n|t:|1701049958\n|switch|p2a: Victreebel|Victreebel, M|100\/100\n|-activate|p2a: Victreebel|move: Sticky Web\n|-unboost|p2a: Victreebel|spe|1\n|turn|7\n|inactive|Battle timer is ON: inactive players will automatically lose when time's up. (requested by Dumbfudge)\n|\n|t:|1701049962\n|move|p1a: Whooping cough|Behemoth Blade|p2a: Victreebel\n|-crit|p2a: Victreebel\n|-damage|p2a: Victreebel|0 fnt\n|faint|p2a: Victreebel\n|\n|upkeep\n|\n|t:|1701049971\n|switch|p2a: Okidogi|Okidogi, M|100\/100\n|-activate|p2a: Okidogi|move: Sticky Web\n|-unboost|p2a: Okidogi|spe|1\n|turn|8\n|\n|t:|1701049982\n|move|p1a: Whooping cough|Behemoth Blade|p2a: Okidogi\n|-damage|p2a: Okidogi|20\/100\n|move|p2a: Okidogi|Drain Punch|p1a: Whooping cough\n|-supereffective|p1a: Whooping cough\n|-damage|p1a: Whooping cough|0 fnt\n|-heal|p2a: Okidogi|26\/100|[from] drain|[of] p1a: Whooping cough\n|faint|p1a: Whooping cough\n|\n|-heal|p2a: Okidogi|32\/100|[from] item: Black Sludge\n|upkeep\n|\n|t:|1701049996\n|switch|p1a: Neuropathy|Ceruledge, F|100\/100\n|turn|9\n|\n|t:|1701050001\n|move|p1a: Neuropathy|Bitter Blade|p2a: Okidogi\n|-damage|p2a: Okidogi|3\/100\n|move|p2a: Okidogi|Poison Fang|p1a: Neuropathy\n|-resisted|p1a: Neuropathy\n|-crit|p1a: Neuropathy\n|-damage|p1a: Neuropathy|77\/100\n|-status|p1a: Neuropathy|tox\n|-enditem|p1a: Neuropathy|Kee Berry|[eat]\n|-boost|p1a: Neuropathy|def|1|[from] item: Kee Berry\n|\n|-heal|p2a: Okidogi|9\/100|[from] item: Black Sludge\n|-damage|p1a: Neuropathy|71\/100 tox|[from] psn\n|upkeep\n|turn|10\n|\n|t:|1701050029\n|move|p2a: Okidogi|Protect|p2a: Okidogi\n|-singleturn|p2a: Okidogi|Protect\n|move|p1a: Neuropathy|Bitter Blade|p2a: Okidogi\n|-activate|p2a: Okidogi|move: Protect\n|\n|-heal|p2a: Okidogi|15\/100|[from] item: Black Sludge\n|-damage|p1a: Neuropathy|59\/100 tox|[from] psn\n|upkeep\n|turn|11\n|\n|t:|1701050038\n|move|p1a: Neuropathy|Bitter Blade|p2a: Okidogi\n|-damage|p2a: Okidogi|0 fnt\n|-heal|p1a: Neuropathy|68\/100 tox|[from] drain|[of] p2a: Okidogi\n|faint|p2a: Okidogi\n|\n|-damage|p1a: Neuropathy|49\/100 tox|[from] psn\n|upkeep\n|\n|t:|1701050045\n|switch|p2a: Probopass|Probopass, F|100\/100\n|-activate|p2a: Probopass|move: Sticky Web\n|-unboost|p2a: Probopass|spe|1\n|turn|12\n|\n|t:|1701050051\n|move|p1a: Neuropathy|Bitter Blade|p2a: Probopass\n|-damage|p2a: Probopass|65\/100\n|-heal|p1a: Neuropathy|69\/100 tox|[from] drain|[of] p2a: Probopass\n|move|p2a: Probopass|Iron Defense|p2a: Probopass\n|-boost|p2a: Probopass|def|2\n|\n|-damage|p1a: Neuropathy|44\/100 tox|[from] psn\n|upkeep\n|turn|13\n|\n|t:|1701050060\n|move|p1a: Neuropathy|Bitter Blade|p2a: Probopass\n|-damage|p2a: Probopass|49\/100\n|-heal|p1a: Neuropathy|53\/100 tox|[from] drain|[of] p2a: Probopass\n|move|p2a: Probopass|Iron Defense|p2a: Probopass\n|-boost|p2a: Probopass|def|2\n|\n|-damage|p1a: Neuropathy|22\/100 tox|[from] psn\n|upkeep\n|turn|14\n|\n|t:|1701050069\n|move|p1a: Neuropathy|Bitter Blade|p2a: Probopass\n|-damage|p2a: Probopass|38\/100\n|-heal|p1a: Neuropathy|28\/100 tox|[from] drain|[of] p2a: Probopass\n|move|p2a: Probopass|Rest|p2a: Probopass\n|-status|p2a: Probopass|slp|[from] move: Rest\n|-heal|p2a: Probopass|100\/100 slp|[silent]\n|-enditem|p2a: Probopass|Chesto Berry|[eat]\n|-curestatus|p2a: Probopass|slp|[msg]\n|\n|-damage|p1a: Neuropathy|0 fnt|[from] psn\n|faint|p1a: Neuropathy\n|upkeep\n|\n|t:|1701050082\n|switch|p1a: Flat out AIDS|Breloom, F|100\/100\n|turn|15\n|\n|t:|1701050087\n|move|p1a: Flat out AIDS|Spore|p2a: Probopass\n|-status|p2a: Probopass|slp|[from] move: Spore\n|cant|p2a: Probopass|slp\n|\n|-status|p1a: Flat out AIDS|tox|[from] item: Toxic Orb\n|upkeep\n|turn|16\n|\n|t:|1701050094\n|move|p1a: Flat out AIDS|Substitute|p1a: Flat out AIDS\n|-start|p1a: Flat out AIDS|Substitute\n|-damage|p1a: Flat out AIDS|75\/100 tox\n|cant|p2a: Probopass|slp\n|\n|-heal|p1a: Flat out AIDS|88\/100 tox|[from] ability: Poison Heal\n|upkeep\n|turn|17\n|\n|t:|1701050102\n|move|p1a: Flat out AIDS|Leech Seed|p2a: Probopass\n|-start|p2a: Probopass|move: Leech Seed\n|-curestatus|p2a: Probopass|slp|[msg]\n|move|p2a: Probopass|Body Press|p1a: Flat out AIDS\n|-end|p1a: Flat out AIDS|Substitute\n|\n|-damage|p2a: Probopass|88\/100|[from] Leech Seed|[of] p1a: Flat out AIDS\n|-heal|p1a: Flat out AIDS|99\/100 tox|[silent]\n|-heal|p1a: Flat out AIDS|100\/100 tox|[from] ability: Poison Heal\n|upkeep\n|turn|18\n|\n|t:|1701050119\n|move|p1a: Flat out AIDS|Spore|p2a: Probopass\n|-status|p2a: Probopass|slp|[from] move: Spore\n|cant|p2a: Probopass|slp\n|\n|-damage|p2a: Probopass|76\/100 slp|[from] Leech Seed|[of] p1a: Flat out AIDS\n|upkeep\n|turn|19\n|\n|t:|1701050127\n|switch|p2a: Vikavolt|Vikavolt, F|100\/100\n|move|p1a: Flat out AIDS|Substitute|p1a: Flat out AIDS\n|-start|p1a: Flat out AIDS|Substitute\n|-damage|p1a: Flat out AIDS|75\/100 tox\n|\n|-heal|p1a: Flat out AIDS|88\/100 tox|[from] ability: Poison Heal\n|upkeep\n|turn|20\n|\n|t:|1701050136\n|move|p1a: Flat out AIDS|Spore|p2a: Vikavolt\n|-status|p2a: Vikavolt|slp|[from] move: Spore\n|cant|p2a: Vikavolt|slp\n|\n|-heal|p1a: Flat out AIDS|99\/100 tox|[from] ability: Poison Heal\n|upkeep\n|turn|21\n|\n|t:|1701050144\n|move|p1a: Flat out AIDS|Facade|p2a: Vikavolt\n|-damage|p2a: Vikavolt|48\/100 slp\n|cant|p2a: Vikavolt|slp\n|\n|-heal|p1a: Flat out AIDS|100\/100 tox|[from] ability: Poison Heal\n|upkeep\n|turn|22\n|\n|t:|1701050152\n|switch|p2a: Houndstone|Houndstone, M|100\/100\n|-activate|p2a: Houndstone|move: Sticky Web\n|-unboost|p2a: Houndstone|spe|1\n|move|p1a: Flat out AIDS|Facade|p2a: Houndstone\n|-immune|p2a: Houndstone\n|\n|upkeep\n|turn|23\n|\n|t:|1701050162\n|move|p1a: Flat out AIDS|Spore|p2a: Houndstone\n|-status|p2a: Houndstone|slp|[from] move: Spore\n|cant|p2a: Houndstone|slp\n|\n|upkeep\n|turn|24\n|\n|t:|1701050168\n|move|p1a: Flat out AIDS|Leech Seed|p2a: Houndstone|[miss]\n|-miss|p1a: Flat out AIDS|p2a: Houndstone\n|cant|p2a: Houndstone|slp\n|\n|upkeep\n|turn|25\n|\n|t:|1701050174\n|move|p1a: Flat out AIDS|Leech Seed|p2a: Houndstone\n|-start|p2a: Houndstone|move: Leech Seed\n|-curestatus|p2a: Houndstone|slp|[msg]\n|move|p2a: Houndstone|Sandstorm|p2a: Houndstone\n|-weather|Sandstorm\n|\n|-weather|Sandstorm|[upkeep]\n|-damage|p1a: Flat out AIDS|94\/100 tox|[from] Sandstorm\n|-damage|p2a: Houndstone|88\/100|[from] Leech Seed|[of] p1a: Flat out AIDS\n|-heal|p1a: Flat out AIDS|100\/100 tox|[silent]\n|upkeep\n|turn|26\n|\n|t:|1701050185\n|move|p2a: Houndstone|Poltergeist|p1a: Flat out AIDS\n|-activate|p1a: Flat out AIDS|move: Poltergeist|Toxic Orb\n|-end|p1a: Flat out AIDS|Substitute\n|move|p1a: Flat out AIDS|Spore|p2a: Houndstone\n|-status|p2a: Houndstone|slp|[from] move: Spore\n|\n|-weather|Sandstorm|[upkeep]\n|-damage|p1a: Flat out AIDS|94\/100 tox|[from] Sandstorm\n|-damage|p2a: Houndstone|76\/100 slp|[from] Leech Seed|[of] p1a: Flat out AIDS\n|-heal|p1a: Flat out AIDS|100\/100 tox|[silent]\n|upkeep\n|turn|27\n|\n|t:|1701050197\n|cant|p2a: Houndstone|slp\n|move|p1a: Flat out AIDS|Substitute|p1a: Flat out AIDS\n|-start|p1a: Flat out AIDS|Substitute\n|-damage|p1a: Flat out AIDS|75\/100 tox\n|\n|-weather|Sandstorm|[upkeep]\n|-damage|p1a: Flat out AIDS|69\/100 tox|[from] Sandstorm\n|-damage|p2a: Houndstone|64\/100 slp|[from] Leech Seed|[of] p1a: Flat out AIDS\n|-heal|p1a: Flat out AIDS|81\/100 tox|[silent]\n|-heal|p1a: Flat out AIDS|94\/100 tox|[from] ability: Poison Heal\n|upkeep\n|turn|28\n|\n|t:|1701050211\n|switch|p2a: Probopass|Probopass, F|76\/100 slp\n|-activate|p2a: Probopass|move: Sticky Web\n|-unboost|p2a: Probopass|spe|1\n|move|p1a: Flat out AIDS|Spore|p2a: Probopass\n|-fail|p2a: Probopass|slp\n|\n|-weather|Sandstorm|[upkeep]\n|-damage|p1a: Flat out AIDS|88\/100 tox|[from] Sandstorm\n|-heal|p1a: Flat out AIDS|99\/100 tox|[from] ability: Poison Heal\n|upkeep\n|turn|29\n|\n|t:|1701050223\n|move|p1a: Flat out AIDS|Facade|p2a: Probopass\n|-resisted|p2a: Probopass\n|-damage|p2a: Probopass|68\/100 slp\n|cant|p2a: Probopass|slp\n|\n|-weather|none\n|-heal|p1a: Flat out AIDS|100\/100 tox|[from] ability: Poison Heal\n|upkeep\n|turn|30\n|\n|t:|1701050232\n|move|p1a: Flat out AIDS|Leech Seed|p2a: Probopass\n|-start|p2a: Probopass|move: Leech Seed\n|-curestatus|p2a: Probopass|slp|[msg]\n|move|p2a: Probopass|Iron Defense|p2a: Probopass\n|-boost|p2a: Probopass|def|2\n|\n|-damage|p2a: Probopass|56\/100|[from] Leech Seed|[of] p1a: Flat out AIDS\n|upkeep\n|turn|31\n|\n|t:|1701050241\n|switch|p2a: Vikavolt|Vikavolt, F|48\/100 slp\n|move|p1a: Flat out AIDS|Spore|p2a: Vikavolt\n|-fail|p2a: Vikavolt|slp\n|\n|upkeep\n|turn|32\n|\n|t:|1701050250\n|switch|p2a: Probopass|Probopass, F|56\/100\n|-activate|p2a: Probopass|move: Sticky Web\n|-unboost|p2a: Probopass|spe|1\n|move|p1a: Flat out AIDS|Leech Seed|p2a: Probopass\n|-start|p2a: Probopass|move: Leech Seed\n|\n|-damage|p2a: Probopass|44\/100|[from] Leech Seed|[of] p1a: Flat out AIDS\n|upkeep\n|turn|33\n|\n|t:|1701050259\n|move|p1a: Flat out AIDS|Spore|p2a: Probopass\n|-status|p2a: Probopass|slp|[from] move: Spore\n|cant|p2a: Probopass|slp\n|\n|-damage|p2a: Probopass|31\/100 slp|[from] Leech Seed|[of] p1a: Flat out AIDS\n|upkeep\n|turn|34\n|\n|t:|1701050268\n|switch|p1a: Chickenpox|Espathra, M|100\/100\n|-curestatus|p2a: Probopass|slp|[msg]\n|move|p2a: Probopass|Rest|p2a: Probopass\n|-status|p2a: Probopass|slp|[from] move: Rest\n|-heal|p2a: Probopass|100\/100 slp|[silent]\n|\n|-damage|p2a: Probopass|88\/100 slp|[from] Leech Seed|[of] p1a: Chickenpox\n|upkeep\n|turn|35\n|\n|t:|1701050281\n|move|p1a: Chickenpox|Substitute|p1a: Chickenpox\n|-start|p1a: Chickenpox|Substitute\n|-damage|p1a: Chickenpox|76\/100\n|cant|p2a: Probopass|slp\n|\n|-heal|p1a: Chickenpox|82\/100|[from] item: Leftovers\n|-damage|p2a: Probopass|76\/100 slp|[from] Leech Seed|[of] p1a: Chickenpox\n|-heal|p1a: Chickenpox|92\/100|[silent]\n|-ability|p1a: Chickenpox|Speed Boost|boost\n|-boost|p1a: Chickenpox|spe|1\n|upkeep\n|turn|36\n|\n|t:|1701050291\n|move|p1a: Chickenpox|Mud-Slap|p2a: Probopass\n|-supereffective|p2a: Probopass\n|-damage|p2a: Probopass|65\/100 slp\n|-unboost|p2a: Probopass|accuracy|1\n|cant|p2a: Probopass|slp\n|\n|-heal|p1a: Chickenpox|98\/100|[from] item: Leftovers\n|-damage|p2a: Probopass|52\/100 slp|[from] Leech Seed|[of] p1a: Chickenpox\n|-heal|p1a: Chickenpox|100\/100|[silent]\n|-ability|p1a: Chickenpox|Speed Boost|boost\n|-boost|p1a: Chickenpox|spe|1\n|upkeep\n|turn|37\n|\n|t:|1701050304\n|switch|p2a: Vikavolt|Vikavolt, F|48\/100 slp\n|move|p1a: Chickenpox|Mud-Slap|p2a: Vikavolt\n|-immune|p2a: Vikavolt|[from] ability: Levitate\n|\n|-ability|p1a: Chickenpox|Speed Boost|boost\n|-boost|p1a: Chickenpox|spe|1\n|upkeep\n|turn|38\n|\n|t:|1701050315\n|move|p1a: Chickenpox|Protect|p1a: Chickenpox\n|-singleturn|p1a: Chickenpox|Protect\n|-curestatus|p2a: Vikavolt|slp|[msg]\n|move|p2a: Vikavolt|Bug Buzz|p1a: Chickenpox\n|-activate|p1a: Chickenpox|move: Protect\n|\n|-ability|p1a: Chickenpox|Speed Boost|boost\n|-boost|p1a: Chickenpox|spe|1\n|upkeep\n|turn|39\n|\n|t:|1701050325\n|move|p1a: Chickenpox|Baton Pass|p1a: Chickenpox\n|\n|t:|1701050327\n|switch|p1a: Flat out AIDS|Breloom, F|100\/100 tox|[from] Baton Pass\n|move|p2a: Vikavolt|Bug Buzz|p1a: Flat out AIDS\n|-damage|p1a: Flat out AIDS|0 fnt\n|faint|p1a: Flat out AIDS\n|-damage|p2a: Vikavolt|38\/100|[from] item: Life Orb\n|\n|upkeep\n|-message|Dumbfudge forfeited.\n|\n|win|Sir_Rambage\n|raw|Dumbfudge's rating: 1368 &rarr; <strong>1347<\/strong><br \/>(-21 for losing)\n|raw|Sir_Rambage's rating: 1355 &rarr; <strong>1376<\/strong><br \/>(+21 for winning)\n|l|\u2606Dumbfudge\n","uploadtime":1701050376,"views":1,"p1id":"dumbfudge","p2id":"sirrambage","formatid":"gen9anythinggoes","rating":1347,"private":0,"password":""}