{"id":"gen9anythinggoes-1973109380","p1":"dennis wa","p2":"Erenicko.","format":"[Gen 9] Anything Goes","log":"|j|\u2606dennis wa\n|j|\u2606Erenicko.\n|t:|1697928620\n|gametype|singles\n|player|p1|dennis wa|striker|\n|player|p2|Erenicko.|jupiter|\n|teamsize|p1|6\n|teamsize|p2|6\n|gen|9\n|tier|[Gen 9] Anything Goes\n|rule|HP Percentage Mod: HP is shown in percentages\n|rule|Endless Battle Clause: Forcing endless battles is banned\n|clearpoke\n|poke|p1|Ogerpon-Hearthflame, F|\n|poke|p1|Maushold-Four|\n|poke|p1|Glaceon, F|\n|poke|p1|Bronzong|\n|poke|p1|Zoroark-Hisui, F|\n|poke|p1|Walking Wake|\n|poke|p2|Infernape, F|\n|poke|p2|Ting-Lu|\n|poke|p2|Slowking, F|\n|poke|p2|Revavroom, F|\n|poke|p2|Pyroar, F|\n|poke|p2|Ditto|\n|teampreview\n|c|\u2606Erenicko.|glhf\n|c|\u2606dennis wa|yallah glhf\n|j| xxxlaniusxxx\n|j| Klitschkuh\n|c| Klitschkuh|Glhf \ud83d\udcaa\ud83d\udcaa\n|\n|t:|1697928871\n|start\n|switch|p1a: Maushold|Maushold-Four|100\/100\n|switch|p2a: Ditto|Ditto|100\/100\n|-transform|p2a: Ditto|p1a: Maushold|[from] ability: Imposter\n|turn|1\n|\n|t:|1697928899\n|switch|p2a: Revavroom|Revavroom, F|100\/100\n|switch|p1a: Glaceon|Glaceon, F|100\/100\n|\n|upkeep\n|turn|2\n|\n|t:|1697928962\n|switch|p1a: Bronzong|Bronzong|100\/100\n|move|p2a: Revavroom|Parting Shot|p1a: Bronzong\n|-unboost|p1a: Bronzong|atk|1\n|-unboost|p1a: Bronzong|spa|1\n|\n|t:|1697928972\n|switch|p2a: Ting-Lu|Ting-Lu|100\/100|[from] Parting Shot\n|-ability|p2a: Ting-Lu|Vessel of Ruin\n|\n|upkeep\n|turn|3\n|\n|t:|1697928985\n|move|p2a: Ting-Lu|Stealth Rock|p1a: Bronzong\n|-sidestart|p1: dennis wa|move: Stealth Rock\n|move|p1a: Bronzong|Stealth Rock|p2a: Ting-Lu\n|-sidestart|p2: Erenicko.|move: Stealth Rock\n|\n|upkeep\n|turn|4\n|\n|t:|1697928990\n|move|p2a: Ting-Lu|Throat Chop|p1a: Bronzong\n|-supereffective|p1a: Bronzong\n|-damage|p1a: Bronzong|54\/100\n|-start|p1a: Bronzong|Throat Chop|[silent]\n|move|p1a: Bronzong|Confuse Ray|p2a: Ting-Lu\n|-start|p2a: Ting-Lu|confusion\n|\n|upkeep\n|turn|5\n|\n|t:|1697929000\n|-activate|p2a: Ting-Lu|confusion\n|-damage|p2a: Ting-Lu|95\/100|[from] confusion\n|move|p1a: Bronzong|Body Press|p2a: Ting-Lu\n|-supereffective|p2a: Ting-Lu\n|-crit|p2a: Ting-Lu\n|-enditem|p2a: Ting-Lu|Chople Berry|[eat]\n|-enditem|p2a: Ting-Lu|Chople Berry|[weaken]\n|-damage|p2a: Ting-Lu|74\/100\n|\n|-end|p1a: Bronzong|Throat Chop|[silent]\n|upkeep\n|turn|6\n|\n|t:|1697929056\n|switch|p2a: Slowking|Slowking, F|100\/100\n|-damage|p2a: Slowking|88\/100|[from] Stealth Rock\n|switch|p1a: Walking Wake|Walking Wake|100\/100\n|-damage|p1a: Walking Wake|88\/100|[from] Stealth Rock\n|\n|upkeep\n|turn|7\n|\n|t:|1697929069\n|switch|p2a: Ting-Lu|Ting-Lu|74\/100\n|-damage|p2a: Ting-Lu|68\/100|[from] Stealth Rock\n|-ability|p2a: Ting-Lu|Vessel of Ruin\n|move|p1a: Walking Wake|Flip Turn|p2a: Ting-Lu\n|-supereffective|p2a: Ting-Lu\n|-damage|p2a: Ting-Lu|49\/100\n|\n|t:|1697929210\n|-end|p1a: Walking Wake|Protosynthesis|[silent]\n|switch|p1a: Ogerpon|Ogerpon-Hearthflame, F|100\/100|[from] Flip Turn\n|-damage|p1a: Ogerpon|76\/100|[from] Stealth Rock\n|-ability|p1a: Ogerpon|Mold Breaker\n|\n|upkeep\n|turn|8\n|\n|t:|1697929299\n|switch|p2a: Pyroar|Pyroar, F|100\/100\n|move|p1a: Ogerpon|Ivy Cudgel|p2a: Pyroar\n|-resisted|p2a: Pyroar\n|-damage|p2a: Pyroar|72\/100\n|\n|upkeep\n|turn|9\n|\n|t:|1697929344\n|switch|p1a: Walking Wake|Walking Wake|88\/100\n|-damage|p1a: Walking Wake|76\/100|[from] Stealth Rock\n|move|p2a: Pyroar|Hyper Voice|p1a: Walking Wake\n|-damage|p1a: Walking Wake|48\/100\n|\n|upkeep\n|turn|10\n|j| michpanta\n|\n|t:|1697929380\n|switch|p2a: Slowking|Slowking, F|100\/100\n|-damage|p2a: Slowking|88\/100|[from] Stealth Rock\n|move|p1a: Walking Wake|Draco Meteor|p2a: Slowking\n|-damage|p2a: Slowking|52\/100\n|-unboost|p1a: Walking Wake|spa|2\n|\n|upkeep\n|turn|11\n|l| Klitschkuh\n|c| michpanta|Viel Erfolg euch beiden :)\n|c| michpanta|Eren nimmt Ditto nur f\u00fcr Dennis mit :D\n|j| Klitschkuh\n|c| Klitschkuh|Prost Michi \ud83c\udf7b\n|\n|t:|1697929486\n|move|p1a: Walking Wake|Draco Meteor|p2a: Slowking\n|-damage|p2a: Slowking|31\/100\n|-unboost|p1a: Walking Wake|spa|2\n|move|p2a: Slowking|Chilly Reception|p2a: Slowking\n|-weather|Snow\n|\n|t:|1697929491\n|switch|p2a: Infernape|Infernape, F|100\/100|[from] Chilly Reception\n|-damage|p2a: Infernape|88\/100|[from] Stealth Rock\n|\n|-weather|Snow|[upkeep]\n|upkeep\n|turn|12\n|l| Klitschkuh\n|j| Klitschkuh\n|\n|t:|1697929597\n|move|p2a: Infernape|U-turn|p1a: Walking Wake\n|-damage|p1a: Walking Wake|26\/100\n|\n|t:|1697929600\n|switch|p2a: Slowking|Slowking, F|64\/100|[from] U-turn\n|-damage|p2a: Slowking|51\/100|[from] Stealth Rock\n|move|p1a: Walking Wake|Flip Turn|p2a: Slowking\n|-resisted|p2a: Slowking\n|-damage|p2a: Slowking|43\/100\n|l| Klitschkuh\n|j| Klitschkuh\n|\n|t:|1697929674\n|-end|p1a: Walking Wake|Protosynthesis|[silent]\n|switch|p1a: Glaceon|Glaceon, F|100\/100|[from] Flip Turn\n|\n|-weather|Snow|[upkeep]\n|upkeep\n|turn|13\n|c| michpanta|Prost Julian :P\n|\n|t:|1697929747\n|switch|p2a: Ditto|Ditto|100\/100\n|-transform|p2a: Ditto|p1a: Glaceon|[from] ability: Imposter\n|-terastallize|p1a: Glaceon|Water\n|move|p1a: Glaceon|Calm Mind|p1a: Glaceon\n|-boost|p1a: Glaceon|spa|1\n|-boost|p1a: Glaceon|spd|1\n|\n|-weather|Snow|[upkeep]\n|upkeep\n|turn|14\n|\n|t:|1697929807\n|move|p2a: Ditto|Calm Mind|p2a: Ditto\n|-boost|p2a: Ditto|spa|1\n|-boost|p2a: Ditto|spd|1\n|move|p1a: Glaceon|Tera Blast|p2a: Ditto|[anim] Tera Blast Water\n|-crit|p2a: Ditto\n|-damage|p2a: Ditto|18\/100\n|\n|-weather|Snow|[upkeep]\n|-heal|p2a: Ditto|24\/100|[from] ability: Ice Body\n|upkeep\n|turn|15\n|c|\u2606Erenicko.|bro\n|l| Klitschkuh\n|\n|t:|1697929853\n|move|p2a: Ditto|Freeze-Dry|p1a: Glaceon\n|-supereffective|p1a: Glaceon\n|-damage|p1a: Glaceon|42\/100\n|move|p1a: Glaceon|Tera Blast|p2a: Ditto|[anim] Tera Blast Water\n|-damage|p2a: Ditto|0 fnt\n|faint|p2a: Ditto\n|\n|-weather|none\n|upkeep\n|j| Klitschkuh\n|\n|t:|1697929879\n|switch|p2a: Revavroom|Revavroom, F|100\/100\n|-damage|p2a: Revavroom|94\/100|[from] Stealth Rock\n|turn|16\n|\n|t:|1697929928\n|switch|p1a: Bronzong|Bronzong|54\/100\n|-damage|p1a: Bronzong|47\/100|[from] Stealth Rock\n|move|p2a: Revavroom|Gunk Shot|p1a: Bronzong\n|-immune|p1a: Bronzong\n|\n|upkeep\n|turn|17\n|\n|t:|1697929939\n|-terastallize|p2a: Revavroom|Grass\n|move|p2a: Revavroom|Toxic Spikes|p1a: Bronzong\n|-sidestart|p1: dennis wa|move: Toxic Spikes\n|move|p1a: Bronzong|Confuse Ray|p2a: Revavroom\n|-start|p2a: Revavroom|confusion\n|\n|upkeep\n|turn|18\n|\n|t:|1697929952\n|switch|p2a: Slowking|Slowking, F|76\/100\n|-damage|p2a: Slowking|64\/100|[from] Stealth Rock\n|move|p1a: Bronzong|Body Press|p2a: Slowking\n|-resisted|p2a: Slowking\n|-damage|p2a: Slowking|50\/100\n|\n|upkeep\n|turn|19\n|\n|t:|1697929964\n|move|p1a: Bronzong|Confuse Ray|p2a: Slowking\n|-start|p2a: Slowking|confusion\n|-activate|p2a: Slowking|confusion\n|move|p2a: Slowking|Chilly Reception|p2a: Slowking\n|-weather|Snow\n|\n|t:|1697929971\n|switch|p2a: Infernape|Infernape, F|88\/100|[from] Chilly Reception\n|-damage|p2a: Infernape|76\/100|[from] Stealth Rock\n|\n|-weather|Snow|[upkeep]\n|upkeep\n|turn|20\n|l| Klitschkuh\n|j| Klitschkuh\n|\n|t:|1697930106\n|move|p2a: Infernape|U-turn|p1a: Bronzong\n|-damage|p1a: Bronzong|30\/100\n|\n|t:|1697930135\n|switch|p2a: Slowking|Slowking, F|84\/100|[from] U-turn\n|-damage|p2a: Slowking|71\/100|[from] Stealth Rock\n|move|p1a: Bronzong|Confuse Ray|p2a: Slowking\n|-start|p2a: Slowking|confusion\n|\n|-weather|Snow|[upkeep]\n|upkeep\n|turn|21\n|\n|t:|1697930173\n|switch|p1a: Glaceon|Glaceon, F, tera:Water|42\/100\n|-activate|p2a: Slowking|confusion\n|move|p2a: Slowking|Chilly Reception|p2a: Slowking\n|\n|t:|1697930281\n|switch|p2a: Revavroom|Revavroom, F, tera:Grass|94\/100|[from] Chilly Reception\n|-damage|p2a: Revavroom|82\/100|[from] Stealth Rock\n|\n|-weather|Snow|[upkeep]\n|-heal|p1a: Glaceon|48\/100|[from] ability: Ice Body\n|upkeep\n|turn|22\n|\n|t:|1697930375\n|move|p2a: Revavroom|Gunk Shot|p1a: Glaceon\n|-damage|p1a: Glaceon|10\/100\n|move|p1a: Glaceon|Freeze-Dry|p2a: Revavroom\n|-supereffective|p2a: Revavroom\n|-damage|p2a: Revavroom|10\/100\n|\n|-weather|Snow|[upkeep]\n|-heal|p1a: Glaceon|16\/100|[from] ability: Ice Body\n|upkeep\n|turn|23\n|\n|t:|1697930398\n|switch|p1a: Bronzong|Bronzong|30\/100\n|-damage|p1a: Bronzong|24\/100|[from] Stealth Rock\n|move|p2a: Revavroom|High Horsepower|p1a: Bronzong\n|-immune|p1a: Bronzong|[from] ability: Levitate\n|\n|-weather|none\n|upkeep\n|turn|24\n|\n|t:|1697930436\n|move|p2a: Revavroom|Parting Shot|p1a: Bronzong\n|-unboost|p1a: Bronzong|atk|1\n|-unboost|p1a: Bronzong|spa|1\n|\n|t:|1697930446\n|switch|p2a: Slowking|Slowking, F|100\/100|[from] Parting Shot\n|-damage|p2a: Slowking|88\/100|[from] Stealth Rock\n|move|p1a: Bronzong|Confuse Ray|p2a: Slowking\n|-start|p2a: Slowking|confusion\n|\n|upkeep\n|turn|25\n|\n|t:|1697930474\n|switch|p1a: Walking Wake|Walking Wake|100\/100\n|-damage|p1a: Walking Wake|88\/100|[from] Stealth Rock\n|-status|p1a: Walking Wake|psn\n|-activate|p2a: Slowking|confusion\n|move|p2a: Slowking|Chilly Reception|p2a: Slowking\n|-weather|Snow\n|l| xxxlaniusxxx\n|l| Klitschkuh\n|\n|t:|1697930542\n|switch|p2a: Infernape|Infernape, F|76\/100|[from] Chilly Reception\n|-damage|p2a: Infernape|64\/100|[from] Stealth Rock\n|\n|-weather|Snow|[upkeep]\n|-damage|p1a: Walking Wake|76\/100 psn|[from] psn\n|upkeep\n|turn|26\n|\n|t:|1697930591\n|move|p2a: Infernape|Flare Blitz|p1a: Walking Wake\n|-damage|p1a: Walking Wake|0 fnt\n|replace|p1a: Zoroark|Zoroark-Hisui, F\n|-end|p1a: Zoroark|Illusion\n|faint|p1a: Zoroark\n|-damage|p2a: Infernape|40\/100|[from] Recoil\n|\n|-weather|Snow|[upkeep]\n|upkeep\n|j| batikan17\n|\n|t:|1697930712\n|switch|p1a: Walking Wake|Walking Wake|26\/100\n|-damage|p1a: Walking Wake|13\/100|[from] Stealth Rock\n|-status|p1a: Walking Wake|psn\n|turn|27\n|\n|t:|1697930766\n|move|p2a: Infernape|Flare Blitz|p1a: Walking Wake\n|-resisted|p1a: Walking Wake\n|-damage|p1a: Walking Wake|0 fnt\n|faint|p1a: Walking Wake\n|-end|p1a: Walking Wake|Protosynthesis|[silent]\n|-damage|p2a: Infernape|35\/100|[from] Recoil\n|\n|-weather|Snow|[upkeep]\n|upkeep\n|\n|t:|1697930778\n|switch|p1a: Maushold|Maushold-Four|100\/100\n|-damage|p1a: Maushold|88\/100|[from] Stealth Rock\n|-status|p1a: Maushold|psn\n|turn|28\n|\n|t:|1697930794\n|move|p2a: Infernape|Flare Blitz|p1a: Maushold\n|-damage|p1a: Maushold|14\/100 psn\n|-damage|p2a: Infernape|9\/100|[from] Recoil\n|move|p1a: Maushold|Switcheroo|p2a: Infernape\n|-activate|p1a: Maushold|move: Trick|[of] p2a: Infernape\n|-item|p2a: Infernape|Flame Orb|[from] move: Switcheroo\n|-item|p1a: Maushold|Choice Scarf|[from] move: Switcheroo\n|\n|-weather|Snow|[upkeep]\n|-damage|p1a: Maushold|1\/100 psn|[from] psn\n|upkeep\n|turn|29\n|\n|t:|1697930844\n|move|p1a: Maushold|Tidy Up|p1a: Maushold\n|-sideend|p1: dennis wa|Toxic Spikes\n|-sideend|p1: dennis wa|Stealth Rock\n|-sideend|p2: Erenicko.|Stealth Rock\n|-activate|p1a: Maushold|move: Tidy Up\n|-boost|p1a: Maushold|atk|1\n|-boost|p1a: Maushold|spe|1\n|move|p2a: Infernape|U-turn|p1a: Maushold\n|-damage|p1a: Maushold|0 fnt\n|faint|p1a: Maushold\n|\n|t:|1697930912\n|switch|p2a: Pyroar|Pyroar, F|72\/100|[from] U-turn\n|\n|-weather|none\n|upkeep\n|\n|t:|1697930941\n|switch|p1a: Ogerpon|Ogerpon-Hearthflame, F|76\/100\n|-ability|p1a: Ogerpon|Mold Breaker\n|turn|30\n|\n|t:|1697930993\n|move|p1a: Ogerpon|Stomping Tantrum|p2a: Pyroar\n|-supereffective|p2a: Pyroar\n|-damage|p2a: Pyroar|18\/100\n|move|p2a: Pyroar|Hyper Voice|p1a: Ogerpon\n|-damage|p1a: Ogerpon|21\/100\n|\n|upkeep\n|turn|31\n|l| batikan17\n|j| batikan17\n|c|\u2606dennis wa|schade gg. 3 mal Tempohieb Infernape\n|\n|t:|1697931054\n|switch|p2a: Revavroom|Revavroom, F, tera:Grass|10\/100\n|move|p1a: Ogerpon|Ivy Cudgel|p2a: Revavroom\n|-supereffective|p2a: Revavroom\n|-damage|p2a: Revavroom|0 fnt\n|faint|p2a: Revavroom\n|\n|upkeep\n|\n|t:|1697931067\n|switch|p2a: Slowking|Slowking, F|100\/100\n|turn|32\n|\n|t:|1697931089\n|move|p1a: Ogerpon|Trailblaze|p2a: Slowking\n|-supereffective|p2a: Slowking\n|-enditem|p2a: Slowking|Rindo Berry|[eat]\n|-enditem|p2a: Slowking|Rindo Berry|[weaken]\n|-damage|p2a: Slowking|73\/100\n|-boost|p1a: Ogerpon|spe|1\n|move|p2a: Slowking|Thunder Wave|p1a: Ogerpon\n|-status|p1a: Ogerpon|par\n|\n|upkeep\n|turn|33\n|\n|t:|1697931103\n|move|p1a: Ogerpon|Trailblaze|p2a: Slowking\n|-supereffective|p2a: Slowking\n|-damage|p2a: Slowking|13\/100\n|-boost|p1a: Ogerpon|spe|1\n|move|p2a: Slowking|Surf|p1a: Ogerpon\n|-damage|p1a: Ogerpon|0 fnt\n|faint|p1a: Ogerpon\n|\n|upkeep\n|j| Horuskoria\n|\n|t:|1697931118\n|switch|p1a: Bronzong|Bronzong|24\/100\n|turn|34\n|\n|t:|1697931122\n|switch|p2a: Infernape|Infernape, F|9\/100\n|move|p1a: Bronzong|Stealth Rock|p2a: Infernape\n|-sidestart|p2: Erenicko.|move: Stealth Rock\n|\n|upkeep\n|turn|35\n|c|\u2606dennis wa|gut gelesen respekt\n|c|\u2606Erenicko.|danke man\n|c|\u2606Erenicko.|gg\n|\n|t:|1697931142\n|move|p2a: Infernape|Close Combat|p1a: Bronzong\n|-damage|p1a: Bronzong|0 fnt\n|-unboost|p2a: Infernape|def|1\n|-unboost|p2a: Infernape|spd|1\n|faint|p1a: Bronzong\n|\n|upkeep\n|c| Horuskoria|Das Teil war Scarf der hat bestimmt kein Mach Punch\n|c|\u2606Erenicko.|jo\n|\n|t:|1697931150\n|switch|p1a: Glaceon|Glaceon, F, tera:Water|16\/100\n|turn|36\n|c|\u2606Erenicko.|hatte noch overheat f\u00fcr +1 lilligant\n|\n|t:|1697931160\n|move|p2a: Infernape|Close Combat|p1a: Glaceon\n|-damage|p1a: Glaceon|0 fnt\n|-unboost|p2a: Infernape|def|1\n|-unboost|p2a: Infernape|spd|1\n|faint|p1a: Glaceon\n|\n|win|Erenicko.\n|c| Horuskoria|gg\n|l|\u2606Erenicko.\n","uploadtime":1697931167,"views":23,"p1id":"denniswa","p2id":"erenicko","formatid":"gen9anythinggoes","rating":0,"private":0,"password":""}