{"id":"gen9anythinggoes-1973817681","p1":"asdfghjklon","p2":"YouAreRubbish","format":"[Gen 9] Anything Goes","log":"|j|\u2606asdfghjklon\n|j|\u2606YouAreRubbish\n|t:|1698016756\n|gametype|singles\n|player|p1|asdfghjklon|ingo|1139\n|player|p2|YouAreRubbish|veteran|1042\n|teamsize|p1|6\n|teamsize|p2|6\n|gen|9\n|tier|[Gen 9] Anything Goes\n|rated|\n|rule|HP Percentage Mod: HP is shown in percentages\n|rule|Endless Battle Clause: Forcing endless battles is banned\n|clearpoke\n|poke|p1|Decidueye, F|\n|poke|p1|Charizard, F|\n|poke|p1|Ribombee, M|\n|poke|p1|Mimikyu, M|\n|poke|p1|Ditto|\n|poke|p1|Gengar, M|\n|poke|p2|Drifloon, M|\n|poke|p2|Electrode|\n|poke|p2|Golem-Alola, F|\n|poke|p2|Tyranitar, M|\n|poke|p2|Houndstone, M|\n|poke|p2|Kingambit, F|\n|teampreview\n|inactive|Battle timer is ON: inactive players will automatically lose when time's up. (requested by YouAreRubbish)\n|\n|t:|1698016772\n|start\n|switch|p1a: R- BOMB|Ribombee, M, shiny|100\/100\n|switch|p2a: Fodder|Drifloon, M, shiny|100\/100\n|turn|1\n|\n|t:|1698016784\n|move|p1a: R- BOMB|Sticky Web|p2a: Fodder\n|-sidestart|p2: YouAreRubbish|move: Sticky Web\n|move|p2a: Fodder|Explosion|p1a: R- BOMB\n|-enditem|p1a: R- BOMB|Focus Sash\n|-damage|p1a: R- BOMB|1\/100\n|faint|p2a: Fodder\n|\n|upkeep\n|\n|t:|1698016792\n|switch|p2a: Electchode|Electrode, shiny|100\/100\n|-activate|p2a: Electchode|move: Sticky Web\n|-unboost|p2a: Electchode|spe|1\n|turn|2\n|\n|t:|1698016803\n|move|p1a: R- BOMB|Bug Buzz|p2a: Electchode\n|-immune|p2a: Electchode|[from] ability: Soundproof\n|move|p2a: Electchode|Facade|p1a: R- BOMB\n|-damage|p1a: R- BOMB|0 fnt\n|faint|p1a: R- BOMB\n|\n|upkeep\n|\n|t:|1698016809\n|switch|p1a: Mini|Mimikyu, M, shiny|100\/100\n|turn|3\n|\n|t:|1698016814\n|move|p1a: Mini|Swords Dance|p1a: Mini\n|-boost|p1a: Mini|atk|2\n|move|p2a: Electchode|Facade|p1a: Mini\n|-immune|p1a: Mini\n|\n|upkeep\n|turn|4\n|\n|t:|1698016822\n|switch|p2a: Moustacio|Golem-Alola, F, shiny|100\/100\n|-activate|p2a: Moustacio|move: Sticky Web\n|-unboost|p2a: Moustacio|spe|1\n|move|p1a: Mini|Swords Dance|p1a: Mini\n|-boost|p1a: Mini|atk|2\n|\n|upkeep\n|turn|5\n|\n|t:|1698016831\n|move|p1a: Mini|Swords Dance|p1a: Mini\n|-boost|p1a: Mini|atk|2\n|move|p2a: Moustacio|Body Slam|p1a: Mini\n|-immune|p1a: Mini\n|\n|upkeep\n|turn|6\n|inactive|asdfghjklon has 120 seconds left.\n|\n|t:|1698016875\n|switch|p2a: Electchode|Electrode, shiny|100\/100\n|-activate|p2a: Electchode|move: Sticky Web\n|-unboost|p2a: Electchode|spe|1\n|move|p1a: Mini|Play Rough|p2a: Electchode\n|-damage|p2a: Electchode|0 fnt\n|faint|p2a: Electchode\n|-damage|p1a: Mini|91\/100|[from] item: Life Orb\n|\n|upkeep\n|c|\u2606YouAreRubbish|...\n|\n|t:|1698016886\n|switch|p2a: Moustacio|Golem-Alola, F, shiny|100\/100\n|-activate|p2a: Moustacio|move: Sticky Web\n|-unboost|p2a: Moustacio|spe|1\n|turn|7\n|\n|t:|1698016899\n|move|p1a: Mini|Play Rough|p2a: Moustacio\n|-ability|p2a: Moustacio|Sturdy\n|-damage|p2a: Moustacio|1\/100\n|-damage|p1a: Mini|81\/100|[from] item: Life Orb\n|move|p2a: Moustacio|Explosion|p1a: Mini\n|-immune|p1a: Mini\n|faint|p2a: Moustacio\n|\n|upkeep\n|\n|t:|1698016909\n|switch|p2a: The Sandman|Tyranitar, M, shiny|100\/100\n|-activate|p2a: The Sandman|move: Sticky Web\n|-unboost|p2a: The Sandman|spe|1\n|-weather|Sandstorm|[from] ability: Sand Stream|[of] p2a: The Sandman\n|turn|8\n|\n|t:|1698016918\n|move|p1a: Mini|Play Rough|p2a: The Sandman|[miss]\n|-miss|p1a: Mini|p2a: The Sandman\n|move|p2a: The Sandman|Earthquake|p1a: Mini\n|-activate|p1a: Mini|ability: Disguise\n|-damage|p1a: Mini|81\/100\n|detailschange|p1a: Mini|Mimikyu-Busted, M, shiny\n|-damage|p1a: Mini|68\/100|[from] pokemon: Mimikyu-Busted\n|\n|-weather|Sandstorm|[upkeep]\n|-damage|p1a: Mini|62\/100|[from] Sandstorm\n|upkeep\n|turn|9\n|c|\u2606asdfghjklon|well thats awkward\n|\n|t:|1698016931\n|move|p1a: Mini|Play Rough|p2a: The Sandman\n|-supereffective|p2a: The Sandman\n|-damage|p2a: The Sandman|0 fnt\n|faint|p2a: The Sandman\n|-damage|p1a: Mini|52\/100|[from] item: Life Orb\n|\n|-weather|Sandstorm|[upkeep]\n|-damage|p1a: Mini|46\/100|[from] Sandstorm\n|upkeep\n|\n|t:|1698016939\n|switch|p2a: Ruff Life|Houndstone, M, shiny|100\/100\n|-activate|p2a: Ruff Life|move: Sticky Web\n|-unboost|p2a: Ruff Life|spe|1\n|turn|10\n|\n|t:|1698016949\n|move|p1a: Mini|Shadow Sneak|p2a: Ruff Life\n|-supereffective|p2a: Ruff Life\n|-damage|p2a: Ruff Life|0 fnt\n|faint|p2a: Ruff Life\n|-damage|p1a: Mini|36\/100|[from] item: Life Orb\n|\n|-weather|Sandstorm|[upkeep]\n|-damage|p1a: Mini|30\/100|[from] Sandstorm\n|upkeep\n|\n|t:|1698016957\n|switch|p2a: Anya Taylor Joy|Kingambit, F, shiny|100\/100\n|-activate|p2a: Anya Taylor Joy|move: Sticky Web\n|-unboost|p2a: Anya Taylor Joy|spe|1\n|-activate|p2a: Anya Taylor Joy|ability: Supreme Overlord\n|-start|p2a: Anya Taylor Joy|fallen5|[silent]\n|turn|11\n|\n|t:|1698016966\n|move|p2a: Anya Taylor Joy|Sucker Punch|p1a: Mini\n|-damage|p1a: Mini|0 fnt\n|faint|p1a: Mini\n|\n|-weather|Sandstorm|[upkeep]\n|upkeep\n|\n|t:|1698016970\n|switch|p1a: FlameHead|Charizard, F|100\/100\n|turn|12\n|\n|t:|1698016977\n|move|p2a: Anya Taylor Joy|Sucker Punch|p1a: FlameHead\n|-damage|p1a: FlameHead|0 fnt\n|faint|p1a: FlameHead\n|\n|-weather|none\n|upkeep\n|\n|t:|1698016994\n|switch|p1a: the f-|Ditto, shiny|100\/100\n|-transform|p1a: the f-|p2a: Anya Taylor Joy|[from] ability: Imposter\n|-activate|p1a: the f-|ability: Supreme Overlord\n|-start|p1a: the f-|fallen3|[silent]\n|turn|13\n|\n|t:|1698017012\n|-terastallize|p2a: Anya Taylor Joy|Dark\n|move|p1a: the f-|Sucker Punch|p2a: Anya Taylor Joy\n|-resisted|p2a: Anya Taylor Joy\n|-damage|p2a: Anya Taylor Joy|76\/100\n|move|p2a: Anya Taylor Joy|Kowtow Cleave|p1a: the f-\n|-resisted|p1a: the f-\n|-crit|p1a: the f-\n|-damage|p1a: the f-|29\/100\n|\n|upkeep\n|turn|14\n|\n|t:|1698017021\n|move|p1a: the f-|Iron Head|p2a: Anya Taylor Joy\n|-damage|p2a: Anya Taylor Joy|24\/100\n|move|p2a: Anya Taylor Joy|Kowtow Cleave|p1a: the f-\n|-resisted|p1a: the f-\n|-damage|p1a: the f-|0 fnt\n|faint|p1a: the f-\n|-end|p1a: the f-|fallen3|[silent]\n|\n|upkeep\n|\n|t:|1698017025\n|switch|p1a: Gengar|Gengar, M|100\/100\n|turn|15\n|\n|t:|1698017035\n|move|p2a: Anya Taylor Joy|Sucker Punch|p1a: Gengar\n|-supereffective|p1a: Gengar\n|-damage|p1a: Gengar|0 fnt\n|faint|p1a: Gengar\n|\n|upkeep\n|\n|t:|1698017038\n|switch|p1a: Hawkeye|Decidueye, F, shiny|100\/100\n|turn|16\n|\n|t:|1698017054\n|move|p2a: Anya Taylor Joy|Sucker Punch|p1a: Hawkeye\n|-supereffective|p1a: Hawkeye\n|-damage|p1a: Hawkeye|0 fnt\n|faint|p1a: Hawkeye\n|\n|win|YouAreRubbish\n|raw|asdfghjklon's rating: 1139 &rarr; <strong>1107<\/strong><br \/>(-32 for losing)\n|raw|YouAreRubbish's rating: 1042 &rarr; <strong>1085<\/strong><br \/>(+43 for winning)\n","uploadtime":1698017062,"views":13,"p1id":"asdfghjklon","p2id":"youarerubbish","formatid":"gen9anythinggoes","rating":1085,"private":0,"password":""}