{"id":"gen9anythinggoes-1973008661","p1":"your did it","p2":"dominus domini","format":"[Gen 9] Anything Goes","log":"|j|\u2606your did it\n|j|\u2606dominus domini\n|t:|1697917927\n|gametype|singles\n|player|p1|your did it|larry|\n|player|p2|dominus domini|ghetsis|\n|teamsize|p1|6\n|teamsize|p2|6\n|gen|9\n|tier|[Gen 9] Anything Goes\n|rule|HP Percentage Mod: HP is shown in percentages\n|rule|Endless Battle Clause: Forcing endless battles is banned\n|clearpoke\n|poke|p1|Heracross, F|\n|poke|p1|Scizor, M|\n|poke|p1|Masquerain, F|\n|poke|p1|Vivillon-Pokeball, M|\n|poke|p1|Volbeat, M|\n|poke|p1|Gallade, M|\n|poke|p2|Kingambit, F|\n|poke|p2|Jirachi|\n|poke|p2|Espathra, M|\n|poke|p2|Garchomp, F|\n|poke|p2|Annihilape, M|\n|poke|p2|Greninja-*, M|\n|teampreview\n|c|\u2606dominus domini|back\n|c|\u2606your did it|bug gym\n|c|\u2606dominus domini|oh\n|c|\u2606dominus domini|did not prep\n|c|\u2606dominus domini|for this\n|\n|t:|1697917953\n|start\n|switch|p1a: actual bastard|Masquerain, F|100\/100\n|switch|p2a: Espathra|Espathra, M|100\/100\n|-ability|p1a: actual bastard|Intimidate|boost\n|-unboost|p2a: Espathra|atk|1\n|turn|1\n|c|\u2606dominus domini|i still dont see how it has intimidate\n|c|\u2606dominus domini|i mean look at it\n|c|\u2606your did it|yea\n|\n|t:|1697917979\n|move|p2a: Espathra|Agility|p2a: Espathra\n|-boost|p2a: Espathra|spe|2\n|move|p1a: actual bastard|Stun Spore|p2a: Espathra|[miss]\n|-miss|p1a: actual bastard|p2a: Espathra\n|\n|-ability|p2a: Espathra|Speed Boost|boost\n|-boost|p2a: Espathra|spe|1\n|upkeep\n|turn|2\n|\n|t:|1697917988\n|move|p2a: Espathra|Agility|p2a: Espathra\n|-boost|p2a: Espathra|spe|2\n|move|p1a: actual bastard|Sticky Web|p2a: Espathra\n|-sidestart|p2: dominus domini|move: Sticky Web\n|\n|-ability|p2a: Espathra|Speed Boost|boost\n|-boost|p2a: Espathra|spe|1\n|upkeep\n|turn|3\n|\n|t:|1697917995\n|move|p2a: Espathra|Baton Pass|p2a: Espathra\n|\n|t:|1697917997\n|switch|p2a: Jirachi|Jirachi|100\/100|[from] Baton Pass\n|-activate|p2a: Jirachi|move: Sticky Web\n|-unboost|p2a: Jirachi|spe|1\n|move|p1a: actual bastard|Stun Spore|p2a: Jirachi\n|-status|p2a: Jirachi|par\n|\n|upkeep\n|turn|4\n|\n|t:|1697918007\n|move|p2a: Jirachi|Fire Punch|p1a: actual bastard\n|-supereffective|p1a: actual bastard\n|-damage|p1a: actual bastard|46\/100\n|move|p1a: actual bastard|Surf|p2a: Jirachi\n|-damage|p2a: Jirachi|72\/100 par\n|\n|-heal|p1a: actual bastard|52\/100|[from] item: Leftovers\n|upkeep\n|turn|5\n|\n|t:|1697918014\n|cant|p2a: Jirachi|par\n|move|p1a: actual bastard|Surf|p2a: Jirachi\n|-crit|p2a: Jirachi\n|-damage|p2a: Jirachi|30\/100 par\n|\n|-heal|p1a: actual bastard|59\/100|[from] item: Leftovers\n|upkeep\n|turn|6\n|\n|t:|1697918020\n|move|p2a: Jirachi|Fire Punch|p1a: actual bastard\n|-supereffective|p1a: actual bastard\n|-damage|p1a: actual bastard|7\/100\n|move|p1a: actual bastard|Surf|p2a: Jirachi\n|-damage|p2a: Jirachi|6\/100 par\n|\n|-heal|p1a: actual bastard|13\/100|[from] item: Leftovers\n|upkeep\n|turn|7\n|\n|t:|1697918029\n|move|p2a: Jirachi|Fire Punch|p1a: actual bastard\n|-supereffective|p1a: actual bastard\n|-damage|p1a: actual bastard|0 fnt\n|faint|p1a: actual bastard\n|\n|upkeep\n|\n|t:|1697918034\n|switch|p1a: billionair|Scizor, M, shiny|100\/100\n|turn|8\n|c|\u2606dominus domini|nooo me favorite pokemon\n|c|\u2606your did it|ded bug\n|c|\u2606dominus domini|will die\n|\n|t:|1697918044\n|move|p1a: billionair|Bullet Punch|p2a: Jirachi\n|-resisted|p2a: Jirachi\n|-damage|p2a: Jirachi|0 fnt\n|faint|p2a: Jirachi\n|\n|upkeep\n|c|\u2606dominus domini|oof\n|\n|t:|1697918055\n|switch|p2a: Garchomp|Garchomp, F|100\/100\n|-activate|p2a: Garchomp|move: Sticky Web\n|-unboost|p2a: Garchomp|spe|1\n|turn|9\n|\n|t:|1697918063\n|switch|p1a: terrible|Volbeat, M|100\/100\n|move|p2a: Garchomp|Fire Fang|p1a: terrible|[miss]\n|-miss|p2a: Garchomp|p1a: terrible\n|\n|upkeep\n|turn|10\n|c|\u2606dominus domini|bro\n|c|\u2606dominus domini|how'\n|c|\u2606dominus domini|in\n|c|\u2606dominus domini|the\n|c|\u2606dominus domini|world\n|\n|t:|1697918079\n|move|p1a: terrible|Tail Glow|p1a: terrible\n|-boost|p1a: terrible|spa|3\n|move|p2a: Garchomp|Fire Fang|p1a: terrible\n|-supereffective|p1a: terrible\n|-damage|p1a: terrible|16\/100\n|\n|upkeep\n|turn|11\n|\n|t:|1697918091\n|move|p1a: terrible|Air Slash|p2a: Garchomp\n|-damage|p2a: Garchomp|70\/100\n|move|p2a: Garchomp|Dragon Tail|p1a: terrible\n|-damage|p1a: terrible|0 fnt\n|faint|p1a: terrible\n|\n|upkeep\n|\n|t:|1697918099\n|switch|p1a: antagonist|Vivillon-Pokeball, M|100\/100\n|turn|12\n|\n|t:|1697918104\n|move|p1a: antagonist|Sleep Powder|p2a: Garchomp\n|-status|p2a: Garchomp|slp|[from] move: Sleep Powder\n|cant|p2a: Garchomp|slp\n|\n|upkeep\n|turn|13\n|\n|t:|1697918117\n|move|p1a: antagonist|Substitute|p1a: antagonist\n|-start|p1a: antagonist|Substitute\n|-damage|p1a: antagonist|76\/100\n|-curestatus|p2a: Garchomp|slp|[msg]\n|move|p2a: Garchomp|Fire Fang|p1a: antagonist\n|-supereffective|p1a: antagonist\n|-end|p1a: antagonist|Substitute\n|\n|-heal|p1a: antagonist|82\/100|[from] item: Leftovers\n|upkeep\n|turn|14\n|\n|t:|1697918125\n|move|p1a: antagonist|Sleep Powder|p2a: Garchomp\n|-status|p2a: Garchomp|slp|[from] move: Sleep Powder\n|cant|p2a: Garchomp|slp\n|\n|-heal|p1a: antagonist|88\/100|[from] item: Leftovers\n|upkeep\n|turn|15\n|\n|t:|1697918131\n|move|p1a: antagonist|Substitute|p1a: antagonist\n|-start|p1a: antagonist|Substitute\n|-damage|p1a: antagonist|63\/100\n|cant|p2a: Garchomp|slp\n|\n|-heal|p1a: antagonist|69\/100|[from] item: Leftovers\n|upkeep\n|turn|16\n|c|\u2606your did it|shhhh\n|c|\u2606your did it|sleep now\n|\n|t:|1697918141\n|move|p1a: antagonist|Quiver Dance|p1a: antagonist\n|-boost|p1a: antagonist|spa|1\n|-boost|p1a: antagonist|spd|1\n|-boost|p1a: antagonist|spe|1\n|-curestatus|p2a: Garchomp|slp|[msg]\n|move|p2a: Garchomp|Fire Fang|p1a: antagonist\n|-supereffective|p1a: antagonist\n|-end|p1a: antagonist|Substitute\n|\n|-heal|p1a: antagonist|75\/100|[from] item: Leftovers\n|upkeep\n|turn|17\n|\n|t:|1697918151\n|move|p1a: antagonist|Sleep Powder|p2a: Garchomp\n|-status|p2a: Garchomp|slp|[from] move: Sleep Powder\n|cant|p2a: Garchomp|slp\n|\n|-heal|p1a: antagonist|81\/100|[from] item: Leftovers\n|upkeep\n|turn|18\n|c|\u2606dominus domini|i used this strat before\n|\n|t:|1697918178\n|switch|p2a: Kingambit|Kingambit, F|100\/100\n|-activate|p2a: Kingambit|move: Sticky Web\n|-unboost|p2a: Kingambit|spe|1\n|-activate|p2a: Kingambit|ability: Supreme Overlord\n|-start|p2a: Kingambit|fallen1|[silent]\n|move|p1a: antagonist|Substitute|p1a: antagonist\n|-start|p1a: antagonist|Substitute\n|-damage|p1a: antagonist|56\/100\n|\n|-heal|p1a: antagonist|62\/100|[from] item: Leftovers\n|upkeep\n|turn|19\n|\n|t:|1697918196\n|move|p1a: antagonist|Sleep Powder|p2a: Kingambit\n|-status|p2a: Kingambit|slp|[from] move: Sleep Powder\n|cant|p2a: Kingambit|slp\n|\n|-heal|p1a: antagonist|68\/100|[from] item: Leftovers\n|upkeep\n|turn|20\n|c|\u2606dominus domini|AHHHHHHHHHHHHHHHH\n|c|\u2606dominus domini|AHHHHHHHHHHH\n|\n|t:|1697918205\n|move|p1a: antagonist|Quiver Dance|p1a: antagonist\n|-boost|p1a: antagonist|spa|1\n|-boost|p1a: antagonist|spd|1\n|-boost|p1a: antagonist|spe|1\n|-curestatus|p2a: Kingambit|slp|[msg]\n|move|p2a: Kingambit|Poison Jab|p1a: antagonist\n|-end|p1a: antagonist|Substitute\n|\n|-heal|p1a: antagonist|74\/100|[from] item: Leftovers\n|upkeep\n|turn|21\n|\n|t:|1697918215\n|move|p1a: antagonist|Sleep Powder|p2a: Kingambit\n|-status|p2a: Kingambit|slp|[from] move: Sleep Powder\n|cant|p2a: Kingambit|slp\n|\n|-heal|p1a: antagonist|80\/100|[from] item: Leftovers\n|upkeep\n|turn|22\n|\n|t:|1697918223\n|-end|p2a: Kingambit|fallen1|[silent]\n|switch|p2a: Espathra|Espathra, M|100\/100\n|-activate|p2a: Espathra|move: Sticky Web\n|-unboost|p2a: Espathra|spe|1\n|move|p1a: antagonist|Substitute|p1a: antagonist\n|-start|p1a: antagonist|Substitute\n|-damage|p1a: antagonist|55\/100\n|\n|-heal|p1a: antagonist|61\/100|[from] item: Leftovers\n|upkeep\n|turn|23\n|c|\u2606your did it|rest my sweet child\n|\n|t:|1697918235\n|move|p1a: antagonist|Hurricane|p2a: Espathra\n|-enditem|p2a: Espathra|Focus Sash\n|-damage|p2a: Espathra|1\/100\n|move|p2a: Espathra|Agility|p2a: Espathra\n|-boost|p2a: Espathra|spe|2\n|\n|-heal|p1a: antagonist|67\/100|[from] item: Leftovers\n|-ability|p2a: Espathra|Speed Boost|boost\n|-boost|p2a: Espathra|spe|1\n|upkeep\n|turn|24\n|\n|t:|1697918245\n|move|p2a: Espathra|Brave Bird|p1a: antagonist\n|-supereffective|p1a: antagonist\n|-end|p1a: antagonist|Substitute\n|-damage|p2a: Espathra|0 fnt|[from] Recoil|[of] p1a: antagonist\n|faint|p2a: Espathra\n|move|p1a: antagonist|Sleep Powder|p2: Espathra|[notarget]\n|-fail|p1a: antagonist\n|\n|-heal|p1a: antagonist|73\/100|[from] item: Leftovers\n|upkeep\n|\n|t:|1697918258\n|switch|p2a: Greninja|Greninja, M|100\/100\n|-activate|p2a: Greninja|move: Sticky Web\n|-unboost|p2a: Greninja|spe|1\n|turn|25\n|\n|t:|1697918263\n|move|p2a: Greninja|Shadow Sneak|p1a: antagonist\n|-damage|p1a: antagonist|51\/100\n|move|p1a: antagonist|Sleep Powder|p2a: Greninja\n|-status|p2a: Greninja|slp|[from] move: Sleep Powder\n|\n|-heal|p1a: antagonist|57\/100|[from] item: Leftovers\n|upkeep\n|turn|26\n|\n|t:|1697918271\n|cant|p2a: Greninja|slp\n|move|p1a: antagonist|Hurricane|p2a: Greninja\n|-damage|p2a: Greninja|0 fnt\n|faint|p2a: Greninja\n|\n|-heal|p1a: antagonist|63\/100|[from] item: Leftovers\n|upkeep\n|c|\u2606dominus domini|SLEEPY\n|\n|t:|1697918279\n|switch|p2a: Annihilape|Annihilape, M|100\/100\n|-activate|p2a: Annihilape|move: Sticky Web\n|-unboost|p2a: Annihilape|spe|1\n|-ability|p2a: Annihilape|Defiant|boost\n|-boost|p2a: Annihilape|atk|2\n|turn|27\n|\n|t:|1697918289\n|move|p1a: antagonist|Sleep Powder|p2a: Annihilape\n|-status|p2a: Annihilape|slp|[from] move: Sleep Powder\n|cant|p2a: Annihilape|slp\n|\n|-heal|p1a: antagonist|69\/100|[from] item: Leftovers\n|upkeep\n|turn|28\n|c|\u2606your did it|2% chance to miss\n|\n|t:|1697918298\n|switch|p2a: Kingambit|Kingambit, F|100\/100 slp\n|-activate|p2a: Kingambit|move: Sticky Web\n|-unboost|p2a: Kingambit|spe|1\n|-activate|p2a: Kingambit|ability: Supreme Overlord\n|-start|p2a: Kingambit|fallen3|[silent]\n|move|p1a: antagonist|Hurricane|p2a: Kingambit\n|-resisted|p2a: Kingambit\n|-damage|p2a: Kingambit|48\/100 slp\n|-start|p2a: Kingambit|confusion\n|\n|-heal|p1a: antagonist|75\/100|[from] item: Leftovers\n|upkeep\n|turn|29\n|\n|t:|1697918309\n|-end|p2a: Kingambit|fallen3|[silent]\n|switch|p2a: Garchomp|Garchomp, F|70\/100 slp\n|-activate|p2a: Garchomp|move: Sticky Web\n|-unboost|p2a: Garchomp|spe|1\n|move|p1a: antagonist|Substitute|p1a: antagonist\n|-start|p1a: antagonist|Substitute\n|-damage|p1a: antagonist|50\/100\n|\n|-heal|p1a: antagonist|56\/100|[from] item: Leftovers\n|upkeep\n|turn|30\n|\n|t:|1697918317\n|move|p1a: antagonist|Hurricane|p2a: Garchomp\n|-damage|p2a: Garchomp|0 fnt\n|faint|p2a: Garchomp\n|\n|-heal|p1a: antagonist|62\/100|[from] item: Leftovers\n|upkeep\n|\n|t:|1697918326\n|switch|p2a: Annihilape|Annihilape, M|100\/100 slp\n|-activate|p2a: Annihilape|move: Sticky Web\n|-unboost|p2a: Annihilape|spe|1\n|-ability|p2a: Annihilape|Defiant|boost\n|-boost|p2a: Annihilape|atk|2\n|turn|31\n|c|\u2606your did it|this wont end well for you\n|\n|t:|1697918333\n|move|p1a: antagonist|Hurricane|p2a: Annihilape\n|-supereffective|p2a: Annihilape\n|-damage|p2a: Annihilape|0 fnt\n|faint|p2a: Annihilape\n|\n|-heal|p1a: antagonist|68\/100|[from] item: Leftovers\n|upkeep\n|\n|t:|1697918343\n|switch|p2a: Kingambit|Kingambit, F|48\/100 slp\n|-activate|p2a: Kingambit|move: Sticky Web\n|-unboost|p2a: Kingambit|spe|1\n|-activate|p2a: Kingambit|ability: Supreme Overlord\n|-start|p2a: Kingambit|fallen5|[silent]\n|turn|32\n|\n|t:|1697918350\n|-terastallize|p2a: Kingambit|Dark\n|cant|p2a: Kingambit|slp\n|move|p1a: antagonist|Quiver Dance|p1a: antagonist\n|-boost|p1a: antagonist|spa|1\n|-boost|p1a: antagonist|spd|1\n|-boost|p1a: antagonist|spe|1\n|\n|-heal|p1a: antagonist|74\/100|[from] item: Leftovers\n|upkeep\n|turn|33\n|\n|t:|1697918359\n|move|p1a: antagonist|Quiver Dance|p1a: antagonist\n|-boost|p1a: antagonist|spa|1\n|-boost|p1a: antagonist|spd|1\n|-boost|p1a: antagonist|spe|1\n|cant|p2a: Kingambit|slp\n|\n|-heal|p1a: antagonist|80\/100|[from] item: Leftovers\n|upkeep\n|turn|34\n|\n|t:|1697918368\n|move|p1a: antagonist|Sleep Powder|p2a: Kingambit\n|-fail|p2a: Kingambit|slp\n|-curestatus|p2a: Kingambit|slp|[msg]\n|move|p2a: Kingambit|Kowtow Cleave|p1a: antagonist\n|-end|p1a: antagonist|Substitute\n|\n|-heal|p1a: antagonist|86\/100|[from] item: Leftovers\n|upkeep\n|turn|35\n|\n|t:|1697918378\n|move|p2a: Kingambit|Sucker Punch||[still]\n|-fail|p2a: Kingambit\n|move|p1a: antagonist|Sleep Powder|p2a: Kingambit\n|-status|p2a: Kingambit|slp|[from] move: Sleep Powder\n|\n|-heal|p1a: antagonist|92\/100|[from] item: Leftovers\n|upkeep\n|turn|36\n|\n|t:|1697918385\n|move|p1a: antagonist|Substitute|p1a: antagonist\n|-start|p1a: antagonist|Substitute\n|-damage|p1a: antagonist|67\/100\n|cant|p2a: Kingambit|slp\n|\n|-heal|p1a: antagonist|73\/100|[from] item: Leftovers\n|upkeep\n|turn|37\n|c|\u2606your did it|ggs\n|\n|t:|1697918391\n|move|p1a: antagonist|Hurricane|p2a: Kingambit\n|-damage|p2a: Kingambit|0 fnt\n|faint|p2a: Kingambit\n|-end|p2a: Kingambit|fallen5|[silent]\n|\n|win|your did it\n|c|\u2606dominus domini|ooooooooooooooof\n|c|\u2606dominus domini|rematch?\n|c|\u2606your did it|brv=b\n|l|\u2606dominus domini\n|c|\u2606your did it|sure\n","uploadtime":1697918452,"views":10,"p1id":"yourdidit","p2id":"dominusdomini","formatid":"gen9anythinggoes","rating":0,"private":0,"password":""}