{"id":"gen9anythinggoes-1992100220","p1":"Mr.tagme","p2":"preet1409","format":"[Gen 9] Anything Goes","log":"|j|\u2606Mr.tagme\n|j|\u2606preet1409\n|t:|1700155099\n|gametype|singles\n|player|p1|Mr.tagme|101|1121\n|player|p2|preet1409|102|1070\n|teamsize|p1|6\n|teamsize|p2|6\n|gen|9\n|tier|[Gen 9] Anything Goes\n|rated|\n|rule|HP Percentage Mod: HP is shown in percentages\n|rule|Endless Battle Clause: Forcing endless battles is banned\n|clearpoke\n|poke|p1|Cinderace, F|\n|poke|p1|Calyrex-Ice|\n|poke|p1|Krookodile, F|\n|poke|p1|Snorlax, F|\n|poke|p1|Breloom, F|\n|poke|p1|Gliscor, M|\n|poke|p2|Annihilape, F|\n|poke|p2|Slaking, M|\n|poke|p2|Infernape, M|\n|poke|p2|Vigoroth, F|\n|poke|p2|Zarude-Dada|\n|poke|p2|Rillaboom, M|\n|teampreview\n|c|\u2606preet1409|monkeee\n|\n|t:|1700155114\n|start\n|switch|p1a: Breloom|Breloom, F|100\/100\n|switch|p2a: monke|Vigoroth, F|100\/100\n|turn|1\n|\n|t:|1700155124\n|-terastallize|p2a: monke|Ghost\n|move|p2a: monke|Curse|p1a: Breloom\n|-start|p1a: Breloom|Curse|[of] p2a: monke\n|-damage|p2a: monke|50\/100\n|move|p1a: Breloom|Leech Seed|p2a: monke\n|-start|p2a: monke|move: Leech Seed\n|\n|-damage|p2a: monke|38\/100|[from] Leech Seed|[of] p1a: Breloom\n|-damage|p1a: Breloom|75\/100|[from] Curse\n|upkeep\n|turn|2\n|\n|t:|1700155136\n|switch|p2a: monke|Annihilape, F|100\/100\n|move|p1a: Breloom|Stun Spore|p2a: monke\n|-status|p2a: monke|par\n|\n|-damage|p1a: Breloom|50\/100|[from] Curse\n|upkeep\n|turn|3\n|\n|t:|1700155145\n|switch|p2a: monke|Zarude-Dada|100\/100\n|move|p1a: Breloom|Leech Seed|p2a: monke\n|-immune|p2a: monke\n|\n|-damage|p1a: Breloom|25\/100|[from] Curse\n|upkeep\n|turn|4\n|\n|t:|1700155153\n|move|p2a: monke|Acrobatics|p1a: Breloom\n|-supereffective|p1a: Breloom\n|-damage|p1a: Breloom|0 fnt\n|faint|p1a: Breloom\n|\n|upkeep\n|\n|t:|1700155154\n|switch|p1a: Krookodile|Krookodile, F|100\/100\n|turn|5\n|\n|t:|1700155164\n|move|p2a: monke|Giga Drain|p1a: Krookodile\n|-supereffective|p1a: Krookodile\n|-damage|p1a: Krookodile|57\/100\n|move|p1a: Krookodile|Roar|p2a: monke\n|drag|p2a: monke|Infernape, M|100\/100\n|\n|upkeep\n|turn|6\n|\n|t:|1700155175\n|move|p2a: monke|Drain Punch|p1a: Krookodile\n|-supereffective|p1a: Krookodile\n|-damage|p1a: Krookodile|0 fnt\n|-damage|p2a: monke|84\/100|[from] item: Rocky Helmet|[of] p1a: Krookodile\n|faint|p1a: Krookodile\n|\n|upkeep\n|\n|t:|1700155178\n|switch|p1a: Gliscor|Gliscor, M|100\/100\n|turn|7\n|\n|t:|1700155188\n|move|p2a: monke|Knock Off|p1a: Gliscor\n|-damage|p1a: Gliscor|78\/100\n|-enditem|p1a: Gliscor|Toxic Orb|[from] move: Knock Off|[of] p2a: monke\n|move|p1a: Gliscor|Swords Dance|p1a: Gliscor\n|-boost|p1a: Gliscor|atk|2\n|\n|upkeep\n|turn|8\n|\n|t:|1700155202\n|-terastallize|p1a: Gliscor|Ground\n|move|p2a: monke|Knock Off|p1a: Gliscor\n|-crit|p1a: Gliscor\n|-damage|p1a: Gliscor|55\/100\n|move|p1a: Gliscor|Facade|p2a: monke\n|-damage|p2a: monke|35\/100\n|\n|upkeep\n|turn|9\n|\n|t:|1700155209\n|move|p2a: monke|Drain Punch|p1a: Gliscor\n|-damage|p1a: Gliscor|22\/100\n|-heal|p2a: monke|55\/100|[from] drain|[of] p1a: Gliscor\n|move|p1a: Gliscor|Earthquake|p2a: monke\n|-supereffective|p2a: monke\n|-damage|p2a: monke|0 fnt\n|faint|p2a: monke\n|\n|upkeep\n|\n|t:|1700155221\n|switch|p2a: monke|Annihilape, F|100\/100 par\n|turn|10\n|\n|t:|1700155247\n|move|p1a: Gliscor|Knock Off|p2a: monke\n|-damage|p2a: monke|48\/100 par\n|-enditem|p2a: monke|Assault Vest|[from] move: Knock Off|[of] p1a: Gliscor\n|move|p2a: monke|Drain Punch|p1a: Gliscor\n|-damage|p1a: Gliscor|0 fnt\n|-heal|p2a: monke|59\/100 par|[from] drain|[of] p1a: Gliscor\n|faint|p1a: Gliscor\n|\n|upkeep\n|\n|t:|1700155255\n|switch|p1a: Snorlax|Snorlax, F, shiny|100\/100\n|turn|11\n|\n|t:|1700155268\n|switch|p1a: Calyrex|Calyrex-Ice|100\/100\n|-ability|p1a: Calyrex|As One\n|-ability|p1a: Calyrex|Unnerve\n|cant|p2a: monke|par\n|\n|upkeep\n|turn|12\n|\n|t:|1700155277\n|move|p2a: monke|Rage Fist|p1a: Calyrex\n|-supereffective|p1a: Calyrex\n|-damage|p1a: Calyrex|46\/100\n|move|p1a: Calyrex|Snowscape|p1a: Calyrex\n|-weather|Snow\n|\n|-weather|Snow|[upkeep]\n|upkeep\n|turn|13\n|\n|t:|1700155285\n|move|p2a: monke|Drain Punch|p1a: Calyrex\n|-damage|p1a: Calyrex|31\/100\n|-heal|p2a: monke|67\/100 par|[from] drain|[of] p1a: Calyrex\n|move|p1a: Calyrex|Glacial Lance|p2a: monke\n|-damage|p2a: monke|0 fnt\n|faint|p2a: monke\n|-ability|p1a: Calyrex|Chilling Neigh|boost\n|-boost|p1a: Calyrex|atk|1\n|\n|-weather|Snow|[upkeep]\n|upkeep\n|\n|t:|1700155295\n|switch|p2a: gigamonke|Rillaboom, M|100\/100\n|-fieldstart|move: Grassy Terrain|[from] ability: Grassy Surge|[of] p2a: gigamonke\n|-enditem|p2a: gigamonke|Grassy Seed\n|-boost|p2a: gigamonke|def|1|[from] item: Grassy Seed\n|turn|14\n|\n|t:|1700155303\n|move|p2a: gigamonke|Grassy Glide|p1a: Calyrex\n|-damage|p1a: Calyrex|19\/100\n|move|p1a: Calyrex|Glacial Lance|p2a: gigamonke\n|-supereffective|p2a: gigamonke\n|-crit|p2a: gigamonke\n|-damage|p2a: gigamonke|0 fnt\n|faint|p2a: gigamonke\n|-ability|p1a: Calyrex|Chilling Neigh|boost\n|-boost|p1a: Calyrex|atk|1\n|\n|-weather|Snow|[upkeep]\n|-heal|p1a: Calyrex|25\/100|[from] Grassy Terrain\n|upkeep\n|\n|t:|1700155319\n|switch|p2a: monke|Vigoroth, F, tera:Ghost|38\/100\n|turn|15\n|\n|t:|1700155324\n|move|p2a: monke|Brick Break|p1a: Calyrex\n|-damage|p1a: Calyrex|20\/100\n|move|p1a: Calyrex|Baton Pass|p1a: Calyrex\n|\n|t:|1700155332\n|switch|p1a: Cinderace|Cinderace, F|100\/100|[from] Baton Pass\n|-item|p1a: Cinderace|Air Balloon\n|\n|-weather|Snow|[upkeep]\n|-heal|p2a: monke|44\/100|[from] Grassy Terrain\n|upkeep\n|turn|16\n|\n|t:|1700155344\n|move|p1a: Cinderace|Pyro Ball|p2a: monke\n|-damage|p2a: monke|0 fnt\n|faint|p2a: monke\n|\n|-weather|none\n|upkeep\n|\n|t:|1700155352\n|switch|p2a: preet|Slaking, M|100\/100\n|turn|17\n|\n|t:|1700155358\n|move|p1a: Cinderace|High Jump Kick|p2a: preet\n|-supereffective|p2a: preet\n|-damage|p2a: preet|0 fnt\n|faint|p2a: preet\n|\n|upkeep\n|\n|t:|1700155363\n|switch|p2a: monke|Zarude-Dada|100\/100\n|turn|18\n|\n|t:|1700155375\n|move|p1a: Cinderace|Pyro Ball|p2a: monke\n|-supereffective|p2a: monke\n|-enditem|p2a: monke|Focus Sash\n|-damage|p2a: monke|1\/100\n|move|p2a: monke|Crunch|p1a: Cinderace\n|-crit|p1a: Cinderace\n|-damage|p1a: Cinderace|22\/100\n|-enditem|p1a: Cinderace|Air Balloon\n|\n|-heal|p1a: Cinderace|28\/100|[from] Grassy Terrain\n|-heal|p2a: monke|7\/100|[from] Grassy Terrain\n|-fieldend|move: Grassy Terrain\n|upkeep\n|turn|19\n|\n|t:|1700155387\n|move|p1a: Cinderace|Acrobatics|p2a: monke\n|-supereffective|p2a: monke\n|-crit|p2a: monke\n|-damage|p2a: monke|0 fnt\n|faint|p2a: monke\n|\n|win|Mr.tagme\n|raw|Mr.tagme's rating: 1121 &rarr; <strong>1142<\/strong><br \/>(+21 for winning)\n|raw|preet1409's rating: 1070 &rarr; <strong>1052<\/strong><br \/>(-18 for losing)\n|l|\u2606preet1409\n","uploadtime":1700155412,"views":9,"p1id":"mrtagme","p2id":"preet1409","formatid":"gen9anythinggoes","rating":1052,"private":0,"password":""}