{"id":"gen9anythinggoes-1991030148","p1":"milk salt","p2":"crow11p1","format":"[Gen 9] Anything Goes","log":"|j|\u2606milk salt\n|j|\u2606crow11p1\n|t:|1700030989\n|gametype|singles\n|player|p1|milk salt|selene|1137\n|player|p2|crow11p1|riley|1172\n|teamsize|p1|6\n|teamsize|p2|6\n|gen|9\n|tier|[Gen 9] Anything Goes\n|rated|\n|rule|HP Percentage Mod: HP is shown in percentages\n|rule|Endless Battle Clause: Forcing endless battles is banned\n|clearpoke\n|poke|p1|Electrode-Hisui|\n|poke|p1|Heracross, M|\n|poke|p1|Dugtrio-Alola, M|\n|poke|p1|Palossand, M|\n|poke|p1|Grafaiai, M|\n|poke|p1|Bruxish, F|\n|poke|p2|Calyrex-Shadow|\n|poke|p2|Ditto|\n|poke|p2|Urshifu-*, M|\n|poke|p2|Azumarill, M|\n|poke|p2|Miraidon|\n|poke|p2|Koraidon|\n|teampreview\n|inactive|Battle timer is ON: inactive players will automatically lose when time's up. (requested by milk salt)\n|\n|t:|1700030992\n|start\n|switch|p1a: Electrode|Electrode-Hisui|100\/100\n|switch|p2a: Calyrex|Calyrex-Shadow|100\/100\n|-ability|p2a: Calyrex|As One\n|-ability|p2a: Calyrex|Unnerve\n|turn|1\n|\n|t:|1700030998\n|move|p1a: Electrode|Volt Switch|p2a: Calyrex\n|-damage|p2a: Calyrex|63\/100\n|\n|t:|1700031003\n|switch|p1a: Grafaiai|Grafaiai, M|100\/100|[from] Volt Switch\n|move|p2a: Calyrex|Astral Barrage|p1a: Grafaiai\n|-immune|p1a: Grafaiai\n|\n|-heal|p2a: Calyrex|69\/100|[from] item: Leftovers\n|upkeep\n|turn|2\n|\n|t:|1700031012\n|move|p2a: Calyrex|Tera Blast|p1a: Grafaiai\n|-damage|p1a: Grafaiai|49\/100\n|move|p1a: Grafaiai|Swagger|p2a: Calyrex\n|-boost|p2a: Calyrex|atk|2\n|-enditem|p1a: Grafaiai|Mirror Herb\n|-boost|p1a: Grafaiai|atk|2|[from] item: Mirror Herb\n|-start|p2a: Calyrex|confusion\n|\n|-heal|p2a: Calyrex|75\/100|[from] item: Leftovers\n|upkeep\n|turn|3\n|\n|t:|1700031022\n|move|p1a: Grafaiai|Knock Off|p2a: Calyrex\n|-supereffective|p2a: Calyrex\n|-crit|p2a: Calyrex\n|-damage|p2a: Calyrex|0 fnt\n|-enditem|p2a: Calyrex|Leftovers|[from] move: Knock Off|[of] p1a: Grafaiai\n|faint|p2a: Calyrex\n|\n|upkeep\n|\n|t:|1700031030\n|switch|p2a: Urshifu|Urshifu, M|100\/100\n|turn|4\n|\n|t:|1700031034\n|-terastallize|p1a: Grafaiai|Flying\n|move|p1a: Grafaiai|Acrobatics|p2a: Urshifu\n|-supereffective|p2a: Urshifu\n|-damage|p2a: Urshifu|0 fnt\n|faint|p2a: Urshifu\n|\n|upkeep\n|\n|t:|1700031040\n|switch|p2a: Miraidon|Miraidon|100\/100\n|-fieldstart|move: Electric Terrain|[from] ability: Hadron Engine|[of] p2a: Miraidon\n|turn|5\n|\n|t:|1700031052\n|move|p1a: Grafaiai|Knock Off|p2a: Miraidon\n|-damage|p2a: Miraidon|37\/100\n|-enditem|p2a: Miraidon|Leftovers|[from] move: Knock Off|[of] p1a: Grafaiai\n|move|p2a: Miraidon|Electro Drift|p1a: Grafaiai\n|-supereffective|p1a: Grafaiai\n|-damage|p1a: Grafaiai|0 fnt\n|faint|p1a: Grafaiai\n|\n|upkeep\n|\n|t:|1700031055\n|switch|p1a: Palossand|Palossand, M|100\/100\n|turn|6\n|\n|t:|1700031062\n|move|p2a: Miraidon|Draco Meteor|p1a: Palossand\n|-damage|p1a: Palossand|12\/100\n|-unboost|p2a: Miraidon|spa|2\n|move|p1a: Palossand|Stealth Rock|p2a: Miraidon\n|-sidestart|p2: crow11p1|move: Stealth Rock\n|\n|upkeep\n|turn|7\n|\n|t:|1700031071\n|move|p2a: Miraidon|Draco Meteor|p1a: Palossand\n|-damage|p1a: Palossand|0 fnt\n|-unboost|p2a: Miraidon|spa|2\n|faint|p1a: Palossand\n|\n|upkeep\n|\n|t:|1700031077\n|switch|p1a: Electrode|Electrode-Hisui|100\/100\n|turn|8\n|\n|t:|1700031082\n|move|p1a: Electrode|Chloroblast|p2a: Miraidon\n|-resisted|p2a: Miraidon\n|-damage|p2a: Miraidon|2\/100\n|-damage|p1a: Electrode|50\/100|[from] Recoil\n|move|p2a: Miraidon|Draco Meteor|p1a: Electrode\n|-damage|p1a: Electrode|9\/100\n|-unboost|p2a: Miraidon|spa|2\n|\n|upkeep\n|turn|9\n|\n|t:|1700031091\n|move|p1a: Electrode|Chloroblast|p2a: Miraidon\n|-resisted|p2a: Miraidon\n|-damage|p2a: Miraidon|0 fnt\n|faint|p2a: Miraidon\n|-damage|p1a: Electrode|0 fnt|[from] Recoil\n|faint|p1a: Electrode\n|\n|-fieldend|move: Electric Terrain\n|upkeep\n|\n|t:|1700031100\n|switch|p1a: Dugtrio|Dugtrio-Alola, M|100\/100\n|switch|p2a: Ditto|Ditto, shiny|100\/100\n|-damage|p2a: Ditto|88\/100|[from] Stealth Rock\n|-transform|p2a: Ditto|p1a: Dugtrio|[from] ability: Imposter\n|turn|10\n|\n|t:|1700031105\n|move|p2a: Ditto|Earthquake|p1a: Dugtrio\n|-supereffective|p1a: Dugtrio\n|-damage|p1a: Dugtrio|0 fnt\n|faint|p1a: Dugtrio\n|\n|-heal|p2a: Ditto|94\/100|[from] item: Leftovers\n|upkeep\n|\n|t:|1700031108\n|switch|p1a: Heracross|Heracross, M|100\/100\n|turn|11\n|\n|t:|1700031114\n|move|p1a: Heracross|Close Combat|p2a: Ditto\n|-supereffective|p2a: Ditto\n|-damage|p2a: Ditto|0 fnt\n|-unboost|p1a: Heracross|def|1\n|-unboost|p1a: Heracross|spd|1\n|-ability|p2a: Ditto|Tangling Hair\n|-unboost|p1a: Heracross|spe|1\n|faint|p2a: Ditto\n|-ability|p1a: Heracross|Moxie|boost\n|-boost|p1a: Heracross|atk|1\n|\n|upkeep\n|\n|t:|1700031118\n|switch|p2a: Koraidon|Koraidon|100\/100\n|-damage|p2a: Koraidon|94\/100|[from] Stealth Rock\n|-weather|SunnyDay|[from] ability: Orichalcum Pulse|[of] p2a: Koraidon\n|-activate|p2a: Koraidon|Orichalcum Pulse|[source]\n|turn|12\n|\n|t:|1700031126\n|move|p2a: Koraidon|Collision Course|p1a: Heracross\n|-resisted|p1a: Heracross\n|-damage|p1a: Heracross|22\/100\n|move|p1a: Heracross|Close Combat|p2a: Koraidon\n|-damage|p2a: Koraidon|14\/100\n|-unboost|p1a: Heracross|def|1\n|-unboost|p1a: Heracross|spd|1\n|\n|-weather|SunnyDay|[upkeep]\n|upkeep\n|turn|13\n|\n|t:|1700031132\n|move|p2a: Koraidon|Close Combat|p1a: Heracross\n|-resisted|p1a: Heracross\n|-damage|p1a: Heracross|0 fnt\n|-unboost|p2a: Koraidon|def|1\n|-unboost|p2a: Koraidon|spd|1\n|faint|p1a: Heracross\n|\n|-weather|SunnyDay|[upkeep]\n|upkeep\n|\n|t:|1700031134\n|switch|p1a: Bruxish|Bruxish, F|100\/100\n|turn|14\n|\n|t:|1700031141\n|move|p2a: Koraidon|Draco Meteor|p1a: Bruxish\n|-damage|p1a: Bruxish|34\/100\n|-unboost|p2a: Koraidon|spa|2\n|move|p1a: Bruxish|Psychic Fangs|p2a: Koraidon\n|-supereffective|p2a: Koraidon\n|-crit|p2a: Koraidon\n|-damage|p2a: Koraidon|0 fnt\n|faint|p2a: Koraidon\n|\n|-weather|SunnyDay|[upkeep]\n|upkeep\n|\n|t:|1700031144\n|switch|p2a: Azumarill|Azumarill, M, shiny|100\/100\n|-damage|p2a: Azumarill|88\/100|[from] Stealth Rock\n|turn|15\n|\n|t:|1700031147\n|move|p1a: Bruxish|Psychic Fangs|p2a: Azumarill\n|-damage|p2a: Azumarill|0 fnt\n|faint|p2a: Azumarill\n|\n|win|milk salt\n|raw|milk salt's rating: 1137 &rarr; <strong>1165<\/strong><br \/>(+28 for winning)\n|raw|crow11p1's rating: 1172 &rarr; <strong>1144<\/strong><br \/>(-28 for losing)\n|l|\u2606crow11p1\n","uploadtime":1700031154,"views":6,"p1id":"milksalt","p2id":"crow11p1","formatid":"gen9anythinggoes","rating":1144,"private":0,"password":""}