{"id":"gen9anythinggoes-1974437267","p1":"kai2805","p2":"xxxlaniusxxx","format":"[Gen 9] Anything Goes","log":"|j|\u2606kai2805\n|j|\u2606xxxlaniusxxx\n|t:|1698086916\n|gametype|singles\n|player|p1|kai2805|101|\n|player|p2|xxxlaniusxxx|psychic-gen4|\n|teamsize|p1|6\n|teamsize|p2|6\n|gen|9\n|tier|[Gen 9] Anything Goes\n|rule|HP Percentage Mod: HP is shown in percentages\n|rule|Endless Battle Clause: Forcing endless battles is banned\n|clearpoke\n|poke|p1|Roaring Moon|\n|poke|p1|Ogerpon-Cornerstone, F|\n|poke|p1|Clodsire, F|\n|poke|p1|Chesnaught, M|\n|poke|p1|Alomomola, F|\n|poke|p1|Torkoal, M|\n|poke|p2|Fezandipiti, M|\n|poke|p2|Arboliva, F|\n|poke|p2|Umbreon, M|\n|poke|p2|Scizor, M|\n|poke|p2|Dragapult, F|\n|poke|p2|Urshifu-*, F|\n|teampreview\n|c|\u2606kai2805|gl hf\n|\n|t:|1698086991\n|start\n|switch|p1a: Ogerpon|Ogerpon-Cornerstone, F|100\/100\n|switch|p2a: Dragapult|Dragapult, F|100\/100\n|turn|1\n|j| Dennis wa\n|\n|t:|1698087021\n|switch|p1a: Clodsire|Clodsire, F|100\/100\n|move|p2a: Dragapult|U-turn|p1a: Clodsire\n|-resisted|p1a: Clodsire\n|-damage|p1a: Clodsire|91\/100\n|\n|t:|1698087055\n|switch|p2a: Urshifu|Urshifu-Rapid-Strike, F|100\/100|[from] U-turn\n|\n|-heal|p1a: Clodsire|97\/100|[from] item: Black Sludge\n|upkeep\n|turn|2\n|\n|t:|1698087069\n|move|p2a: Urshifu|Close Combat|p1a: Clodsire\n|-resisted|p1a: Clodsire\n|-damage|p1a: Clodsire|41\/100\n|-unboost|p2a: Urshifu|def|1\n|-unboost|p2a: Urshifu|spd|1\n|move|p1a: Clodsire|Stealth Rock|p2a: Urshifu\n|-sidestart|p2: xxxlaniusxxx|move: Stealth Rock\n|\n|-heal|p1a: Clodsire|47\/100|[from] item: Black Sludge\n|upkeep\n|turn|3\n|j| batikan17\n|\n|t:|1698087131\n|switch|p1a: Ogerpon|Ogerpon-Cornerstone, F|100\/100\n|move|p2a: Urshifu|Close Combat|p1a: Ogerpon\n|-supereffective|p1a: Ogerpon\n|-crit|p1a: Ogerpon\n|-ability|p1a: Ogerpon|Sturdy\n|-damage|p1a: Ogerpon|1\/100\n|-unboost|p2a: Urshifu|def|1\n|-unboost|p2a: Urshifu|spd|1\n|\n|upkeep\n|turn|4\n|l| Dennis wa\n|\n|t:|1698087187\n|switch|p2a: Scizor|Scizor, M|100\/100\n|move|p1a: Ogerpon|Ivy Cudgel|p2a: Scizor\n|-damage|p2a: Scizor|46\/100\n|\n|upkeep\n|turn|5\n|\n|t:|1698087213\n|switch|p1a: Alomomola|Alomomola, F|100\/100\n|move|p2a: Scizor|Bullet Punch|p1a: Alomomola\n|-resisted|p1a: Alomomola\n|-damage|p1a: Alomomola|91\/100\n|-damage|p2a: Scizor|29\/100|[from] item: Rocky Helmet|[of] p1a: Alomomola\n|\n|upkeep\n|turn|6\n|\n|t:|1698087225\n|move|p2a: Scizor|Defog|p1a: Alomomola\n|-unboost|p1a: Alomomola|evasion|1\n|-sideend|p2: xxxlaniusxxx|Stealth Rock|[from] move: Defog|[of] p2a: Scizor\n|move|p1a: Alomomola|Flip Turn|p2a: Scizor\n|-damage|p2a: Scizor|12\/100\n|\n|t:|1698087245\n|switch|p1a: Ogerpon|Ogerpon-Cornerstone, F|1\/100|[from] Flip Turn\n|\n|upkeep\n|turn|7\n|\n|t:|1698087308\n|switch|p1a: Alomomola|Alomomola, F|100\/100\n|switch|p2a: Umbreon|Umbreon, M|100\/100\n|\n|upkeep\n|turn|8\n|\n|t:|1698087337\n|move|p1a: Alomomola|Wish|p1a: Alomomola\n|move|p2a: Umbreon|Thunder Wave|p1a: Alomomola\n|-status|p1a: Alomomola|par\n|\n|upkeep\n|turn|9\n|\n|t:|1698087344\n|move|p2a: Umbreon|Foul Play|p1a: Alomomola\n|-damage|p1a: Alomomola|88\/100 par\n|-damage|p2a: Umbreon|84\/100|[from] item: Rocky Helmet|[of] p1a: Alomomola\n|move|p1a: Alomomola|Flip Turn|p2a: Umbreon\n|-damage|p2a: Umbreon|75\/100\n|\n|t:|1698087358\n|switch|p1a: Clodsire|Clodsire, F|47\/100|[from] Flip Turn\n|\n|-heal|p1a: Clodsire|100\/100|[from] move: Wish|[wisher] Alomomola\n|-heal|p2a: Umbreon|81\/100|[from] item: Leftovers\n|upkeep\n|turn|10\n|\n|t:|1698087408\n|switch|p2a: Urshifu|Urshifu-Rapid-Strike, F|100\/100\n|switch|p1a: Alomomola|Alomomola, F|100\/100 par\n|\n|upkeep\n|turn|11\n|\n|t:|1698087473\n|switch|p2a: Umbreon|Umbreon, M|81\/100\n|move|p1a: Alomomola|Flip Turn|p2a: Umbreon\n|-damage|p2a: Umbreon|72\/100\n|\n|t:|1698087499\n|switch|p1a: Roaring Moon|Roaring Moon|100\/100|[from] Flip Turn\n|\n|-heal|p2a: Umbreon|78\/100|[from] item: Leftovers\n|upkeep\n|turn|12\n|\n|t:|1698087507\n|move|p1a: Roaring Moon|U-turn|p2a: Umbreon\n|-supereffective|p2a: Umbreon\n|-damage|p2a: Umbreon|33\/100\n|\n|t:|1698087512\n|-end|p1a: Roaring Moon|Protosynthesis|[silent]\n|switch|p1a: Alomomola|Alomomola, F|100\/100 par|[from] U-turn\n|move|p2a: Umbreon|Thunder Wave|p1a: Alomomola|[miss]\n|-miss|p2a: Umbreon|p1a: Alomomola\n|\n|-heal|p2a: Umbreon|39\/100|[from] item: Leftovers\n|upkeep\n|turn|13\n|\n|t:|1698087521\n|move|p2a: Umbreon|Wish|p2a: Umbreon\n|move|p1a: Alomomola|Wish|p1a: Alomomola\n|\n|-heal|p2a: Umbreon|45\/100|[from] item: Leftovers\n|upkeep\n|turn|14\n|\n|t:|1698087529\n|move|p2a: Umbreon|Protect|p2a: Umbreon\n|-singleturn|p2a: Umbreon|Protect\n|move|p1a: Alomomola|Flip Turn|p2a: Umbreon\n|-activate|p2a: Umbreon|move: Protect\n|\n|-heal|p2a: Umbreon|95\/100|[from] move: Wish|[wisher] Umbreon\n|-heal|p2a: Umbreon|100\/100|[from] item: Leftovers\n|upkeep\n|turn|15\n|\n|t:|1698087549\n|move|p2a: Umbreon|Wish|p2a: Umbreon\n|move|p1a: Alomomola|Wish|p1a: Alomomola\n|\n|upkeep\n|turn|16\n|\n|t:|1698087573\n|switch|p2a: Arboliva|Arboliva, F|100\/100\n|move|p1a: Alomomola|Flip Turn|p2a: Arboliva\n|-resisted|p2a: Arboliva\n|-damage|p2a: Arboliva|92\/100\n|\n|t:|1698087581\n|switch|p1a: Ogerpon|Ogerpon-Cornerstone, F|1\/100|[from] Flip Turn\n|\n|-heal|p1a: Ogerpon|90\/100|[from] move: Wish|[wisher] Alomomola\n|-heal|p2a: Arboliva|100\/100|[from] move: Wish|[wisher] Umbreon\n|upkeep\n|turn|17\n|\n|t:|1698087619\n|switch|p2a: Urshifu|Urshifu-Rapid-Strike, F|100\/100\n|move|p1a: Ogerpon|U-turn|p2a: Urshifu\n|-resisted|p2a: Urshifu\n|-damage|p2a: Urshifu|86\/100\n|\n|t:|1698087652\n|switch|p1a: Chesnaught|Chesnaught, M|100\/100|[from] U-turn\n|\n|upkeep\n|turn|18\n|\n|t:|1698087682\n|switch|p2a: Fezandipiti|Fezandipiti, M|100\/100\n|move|p1a: Chesnaught|Body Press|p2a: Fezandipiti\n|-resisted|p2a: Fezandipiti\n|-damage|p2a: Fezandipiti|86\/100\n|\n|upkeep\n|turn|19\n|\n|t:|1698087708\n|switch|p1a: Clodsire|Clodsire, F|100\/100\n|move|p2a: Fezandipiti|U-turn|p1a: Clodsire\n|-resisted|p1a: Clodsire\n|-damage|p1a: Clodsire|94\/100\n|\n|t:|1698087771\n|switch|p2a: Umbreon|Umbreon, M|100\/100|[from] U-turn\n|\n|-heal|p1a: Clodsire|99\/100|[from] item: Black Sludge\n|upkeep\n|turn|20\n|\n|t:|1698087779\n|move|p2a: Umbreon|Wish|p2a: Umbreon\n|move|p1a: Clodsire|Stealth Rock|p2a: Umbreon\n|-sidestart|p2: xxxlaniusxxx|move: Stealth Rock\n|\n|-heal|p1a: Clodsire|100\/100|[from] item: Black Sludge\n|upkeep\n|turn|21\n|\n|t:|1698087787\n|switch|p2a: Scizor|Scizor, M|12\/100\n|move|p1a: Clodsire|Earthquake|p2a: Scizor\n|-damage|p2a: Scizor|0 fnt\n|faint|p2a: Scizor\n|\n|upkeep\n|\n|t:|1698087803\n|switch|p2a: Arboliva|Arboliva, F|100\/100\n|-damage|p2a: Arboliva|88\/100|[from] Stealth Rock\n|turn|22\n|\n|t:|1698087826\n|move|p2a: Arboliva|Leech Seed|p1a: Clodsire\n|-start|p1a: Clodsire|move: Leech Seed\n|move|p1a: Clodsire|Spikes|p2a: Arboliva\n|-sidestart|p2: xxxlaniusxxx|Spikes\n|\n|-damage|p1a: Clodsire|88\/100|[from] Leech Seed|[of] p2a: Arboliva\n|-heal|p2a: Arboliva|100\/100|[silent]\n|upkeep\n|turn|23\n|\n|t:|1698087847\n|switch|p1a: Ogerpon|Ogerpon-Cornerstone, F|90\/100\n|move|p2a: Arboliva|Earth Power|p1a: Ogerpon\n|-damage|p1a: Ogerpon|60\/100\n|\n|upkeep\n|turn|24\n|\n|t:|1698087861\n|move|p1a: Ogerpon|U-turn|p2a: Arboliva\n|-supereffective|p2a: Arboliva\n|-damage|p2a: Arboliva|43\/100\n|-enditem|p2a: Arboliva|Sitrus Berry|[eat]\n|-heal|p2a: Arboliva|68\/100|[from] item: Sitrus Berry\n|\n|t:|1698087867\n|switch|p1a: Roaring Moon|Roaring Moon|100\/100|[from] U-turn\n|move|p2a: Arboliva|Strength Sap|p1a: Roaring Moon\n|-unboost|p1a: Roaring Moon|atk|1\n|-heal|p2a: Arboliva|100\/100\n|\n|upkeep\n|turn|25\n|\n|t:|1698087885\n|move|p1a: Roaring Moon|U-turn|p2a: Arboliva\n|-supereffective|p2a: Arboliva\n|-damage|p2a: Arboliva|44\/100\n|\n|t:|1698087892\n|-end|p1a: Roaring Moon|Protosynthesis|[silent]\n|switch|p1a: Ogerpon|Ogerpon-Cornerstone, F|60\/100|[from] U-turn\n|move|p2a: Arboliva|Leech Seed|p1a: Ogerpon\n|-immune|p1a: Ogerpon\n|\n|upkeep\n|turn|26\n|\n|t:|1698087919\n|move|p1a: Ogerpon|Synthesis|p1a: Ogerpon\n|-heal|p1a: Ogerpon|100\/100\n|move|p2a: Arboliva|Strength Sap|p1a: Ogerpon\n|-unboost|p1a: Ogerpon|atk|1\n|-heal|p2a: Arboliva|100\/100\n|\n|-item|p2a: Arboliva|Sitrus Berry|[from] ability: Harvest\n|upkeep\n|turn|27\n|\n|t:|1698087934\n|move|p1a: Ogerpon|U-turn|p2a: Arboliva\n|-supereffective|p2a: Arboliva\n|-damage|p2a: Arboliva|62\/100\n|\n|t:|1698087938\n|switch|p1a: Roaring Moon|Roaring Moon|100\/100|[from] U-turn\n|move|p2a: Arboliva|Leech Seed|p1a: Roaring Moon\n|-start|p1a: Roaring Moon|move: Leech Seed\n|\n|-damage|p1a: Roaring Moon|88\/100|[from] Leech Seed|[of] p2a: Arboliva\n|-heal|p2a: Arboliva|75\/100|[silent]\n|upkeep\n|turn|28\n|\n|t:|1698087958\n|move|p1a: Roaring Moon|Knock Off|p2a: Arboliva\n|-damage|p2a: Arboliva|0 fnt\n|-enditem|p2a: Arboliva|Sitrus Berry|[from] move: Knock Off|[of] p1a: Roaring Moon\n|faint|p2a: Arboliva\n|\n|upkeep\n|\n|t:|1698087970\n|switch|p2a: Fezandipiti|Fezandipiti, M|86\/100\n|-damage|p2a: Fezandipiti|74\/100|[from] Stealth Rock\n|-damage|p2a: Fezandipiti|62\/100|[from] Spikes\n|turn|29\n|\n|t:|1698087978\n|-end|p1a: Roaring Moon|Protosynthesis|[silent]\n|switch|p1a: Clodsire|Clodsire, F|88\/100\n|move|p2a: Fezandipiti|Moonblast|p1a: Clodsire\n|-resisted|p1a: Clodsire\n|-damage|p1a: Clodsire|79\/100\n|\n|-heal|p1a: Clodsire|85\/100|[from] item: Black Sludge\n|upkeep\n|turn|30\n|\n|t:|1698087988\n|switch|p2a: Urshifu|Urshifu-Rapid-Strike, F|86\/100\n|-damage|p2a: Urshifu|80\/100|[from] Stealth Rock\n|-damage|p2a: Urshifu|68\/100|[from] Spikes\n|move|p1a: Clodsire|Earthquake|p2a: Urshifu\n|-damage|p2a: Urshifu|42\/100\n|\n|-heal|p1a: Clodsire|91\/100|[from] item: Black Sludge\n|upkeep\n|turn|31\n|\n|t:|1698087999\n|move|p2a: Urshifu|Surging Strikes|p1a: Clodsire\n|-heal|p1a: Clodsire|100\/100|[from] ability: Water Absorb|[of] p2a: Urshifu\n|move|p1a: Clodsire|Earthquake|p2a: Urshifu\n|-damage|p2a: Urshifu|13\/100\n|\n|upkeep\n|turn|32\n|\n|t:|1698088009\n|move|p2a: Urshifu|Surging Strikes|p1a: Clodsire\n|-immune|p1a: Clodsire|[from] ability: Water Absorb\n|move|p1a: Clodsire|Earthquake|p2a: Urshifu\n|-damage|p2a: Urshifu|0 fnt\n|faint|p2a: Urshifu\n|\n|upkeep\n|\n|t:|1698088016\n|switch|p2a: Fezandipiti|Fezandipiti, M|62\/100\n|-damage|p2a: Fezandipiti|49\/100|[from] Stealth Rock\n|-damage|p2a: Fezandipiti|37\/100|[from] Spikes\n|turn|33\n|\n|t:|1698088021\n|move|p2a: Fezandipiti|Air Slash|p1a: Clodsire\n|-damage|p1a: Clodsire|91\/100\n|move|p1a: Clodsire|Earthquake|p2a: Fezandipiti\n|-supereffective|p2a: Fezandipiti\n|-damage|p2a: Fezandipiti|0 fnt\n|faint|p2a: Fezandipiti\n|\n|-heal|p1a: Clodsire|97\/100|[from] item: Black Sludge\n|upkeep\n|\n|t:|1698088028\n|switch|p2a: Umbreon|Umbreon, M|100\/100\n|-damage|p2a: Umbreon|88\/100|[from] Stealth Rock\n|-damage|p2a: Umbreon|76\/100|[from] Spikes\n|turn|34\n|\n|t:|1698088035\n|switch|p1a: Chesnaught|Chesnaught, M|100\/100\n|move|p2a: Umbreon|Foul Play|p1a: Chesnaught\n|-resisted|p1a: Chesnaught\n|-damage|p1a: Chesnaught|92\/100\n|\n|-heal|p2a: Umbreon|82\/100|[from] item: Leftovers\n|-heal|p1a: Chesnaught|98\/100|[from] item: Leftovers\n|upkeep\n|turn|35\n|\n|t:|1698088043\n|move|p2a: Umbreon|Foul Play|p1a: Chesnaught\n|-resisted|p1a: Chesnaught\n|-damage|p1a: Chesnaught|87\/100\n|move|p1a: Chesnaught|Body Press|p2a: Umbreon\n|-supereffective|p2a: Umbreon\n|-damage|p2a: Umbreon|26\/100\n|\n|-heal|p2a: Umbreon|32\/100|[from] item: Leftovers\n|-heal|p1a: Chesnaught|93\/100|[from] item: Leftovers\n|upkeep\n|turn|36\n|\n|t:|1698088053\n|move|p2a: Umbreon|Foul Play|p1a: Chesnaught\n|-resisted|p1a: Chesnaught\n|-damage|p1a: Chesnaught|83\/100\n|move|p1a: Chesnaught|Body Press|p2a: Umbreon\n|-supereffective|p2a: Umbreon\n|-damage|p2a: Umbreon|0 fnt\n|faint|p2a: Umbreon\n|\n|-heal|p1a: Chesnaught|89\/100|[from] item: Leftovers\n|upkeep\n|\n|t:|1698088062\n|switch|p2a: Dragapult|Dragapult, F|100\/100\n|-damage|p2a: Dragapult|88\/100|[from] Stealth Rock\n|-damage|p2a: Dragapult|76\/100|[from] Spikes\n|turn|37\n|l| batikan17\n|\n|t:|1698088070\n|switch|p1a: Clodsire|Clodsire, F|97\/100\n|move|p2a: Dragapult|Shadow Ball|p1a: Clodsire\n|-damage|p1a: Clodsire|69\/100\n|\n|-heal|p1a: Clodsire|76\/100|[from] item: Black Sludge\n|upkeep\n|turn|38\n|\n|t:|1698088077\n|move|p2a: Dragapult|Shadow Ball|p1a: Clodsire\n|-damage|p1a: Clodsire|46\/100\n|move|p1a: Clodsire|Earthquake|p2a: Dragapult\n|-damage|p2a: Dragapult|41\/100\n|\n|-heal|p1a: Clodsire|52\/100|[from] item: Black Sludge\n|upkeep\n|turn|39\n|\n|t:|1698088085\n|move|p2a: Dragapult|Shadow Ball|p1a: Clodsire\n|-damage|p1a: Clodsire|24\/100\n|move|p1a: Clodsire|Recover|p1a: Clodsire\n|-heal|p1a: Clodsire|74\/100\n|\n|-heal|p1a: Clodsire|80\/100|[from] item: Black Sludge\n|upkeep\n|turn|40\n|\n|t:|1698088094\n|move|p2a: Dragapult|Shadow Ball|p1a: Clodsire\n|-damage|p1a: Clodsire|51\/100\n|move|p1a: Clodsire|Earthquake|p2a: Dragapult\n|-damage|p2a: Dragapult|3\/100\n|\n|-heal|p1a: Clodsire|57\/100|[from] item: Black Sludge\n|upkeep\n|turn|41\n|\n|t:|1698088102\n|move|p2a: Dragapult|Shadow Ball|p1a: Clodsire\n|-crit|p1a: Clodsire\n|-damage|p1a: Clodsire|15\/100\n|move|p1a: Clodsire|Earthquake|p2a: Dragapult\n|-crit|p2a: Dragapult\n|-damage|p2a: Dragapult|0 fnt\n|faint|p2a: Dragapult\n|\n|win|kai2805\n|c|\u2606kai2805|gg\n|l|\u2606xxxlaniusxxx\n","uploadtime":1698088114,"views":14,"p1id":"kai2805","p2id":"xxxlaniusxxx","formatid":"gen9anythinggoes","rating":0,"private":0,"password":""}