{"id":"gen9anythinggoes-1978805304","p1":"aravshah1","p2":"Dumbfudge","format":"[Gen 9] Anything Goes","log":"|j|\u2606aravshah1\n|j|\u2606Dumbfudge\n|t:|1698597368\n|gametype|singles\n|player|p1|aravshah1|266|1340\n|player|p2|Dumbfudge|blackbelt-gen4dp|1365\n|teamsize|p1|6\n|teamsize|p2|6\n|gen|9\n|tier|[Gen 9] Anything Goes\n|rated|\n|rule|HP Percentage Mod: HP is shown in percentages\n|rule|Endless Battle Clause: Forcing endless battles is banned\n|clearpoke\n|poke|p1|Arceus|\n|poke|p1|Arceus|\n|poke|p1|Drifblim, M|\n|poke|p1|Arceus-Dark|\n|poke|p1|Arceus|\n|poke|p1|Arceus-Poison|\n|poke|p2|Zacian-*|\n|poke|p2|Calyrex-Shadow|\n|poke|p2|Breloom, M|\n|poke|p2|Espathra, M|\n|poke|p2|Grimmsnarl, M|\n|poke|p2|Regieleki|\n|teampreview\n|inactive|Battle timer is ON: inactive players will automatically lose when time's up. (requested by Dumbfudge)\n|\n|t:|1698597382\n|start\n|switch|p1a: Drifblim|Drifblim, M|100\/100\n|switch|p2a: Grimmsnarl|Grimmsnarl, M|100\/100\n|turn|1\n|c|\u2606Dumbfudge|Damn\n|\n|t:|1698597388\n|move|p2a: Grimmsnarl|Taunt|p1a: Drifblim\n|-start|p1a: Drifblim|move: Taunt\n|cant|p1a: Drifblim|move: Taunt|Minimize\n|\n|upkeep\n|turn|2\n|\n|t:|1698597395\n|switch|p1a: Arceus|Arceus|100\/100\n|move|p2a: Grimmsnarl|Sucker Punch||[still]\n|-fail|p2a: Grimmsnarl\n|\n|upkeep\n|turn|3\n|\n|t:|1698597403\n|move|p2a: Grimmsnarl|Light Screen|p2a: Grimmsnarl\n|-sidestart|p2: Dumbfudge|move: Light Screen\n|move|p1a: Arceus|Iron Defense|p1a: Arceus\n|-boost|p1a: Arceus|def|2\n|\n|upkeep\n|turn|4\n|\n|t:|1698597408\n|move|p2a: Grimmsnarl|Taunt|p1a: Arceus\n|-start|p1a: Arceus|move: Taunt\n|move|p1a: Arceus|Body Press|p2a: Grimmsnarl\n|-damage|p2a: Grimmsnarl|41\/100\n|\n|upkeep\n|turn|5\n|\n|t:|1698597415\n|move|p2a: Grimmsnarl|Reflect|p2a: Grimmsnarl\n|-sidestart|p2: Dumbfudge|Reflect\n|move|p1a: Arceus|Body Press|p2a: Grimmsnarl\n|-damage|p2a: Grimmsnarl|11\/100\n|\n|upkeep\n|turn|6\n|\n|t:|1698597420\n|move|p2a: Grimmsnarl|Sucker Punch|p1a: Arceus\n|-crit|p1a: Arceus\n|-damage|p1a: Arceus|73\/100\n|move|p1a: Arceus|Body Press|p2a: Grimmsnarl\n|-damage|p2a: Grimmsnarl|0 fnt\n|faint|p2a: Grimmsnarl\n|\n|-heal|p1a: Arceus|79\/100|[from] item: Leftovers\n|-end|p1a: Arceus|move: Taunt\n|upkeep\n|\n|t:|1698597431\n|switch|p2a: Espathra|Espathra, M|100\/100\n|turn|7\n|\n|t:|1698597435\n|move|p2a: Espathra|Protect|p2a: Espathra\n|-singleturn|p2a: Espathra|Protect\n|move|p1a: Arceus|Iron Defense|p1a: Arceus\n|-boost|p1a: Arceus|def|2\n|\n|-heal|p1a: Arceus|85\/100|[from] item: Leftovers\n|-ability|p2a: Espathra|Speed Boost|boost\n|-boost|p2a: Espathra|spe|1\n|upkeep\n|turn|8\n|\n|t:|1698597445\n|move|p2a: Espathra|Substitute|p2a: Espathra\n|-start|p2a: Espathra|Substitute\n|-damage|p2a: Espathra|76\/100\n|move|p1a: Arceus|Body Press|p2a: Espathra\n|-resisted|p2a: Espathra\n|-crit|p2a: Espathra\n|-end|p2a: Espathra|Substitute\n|\n|-heal|p1a: Arceus|91\/100|[from] item: Leftovers\n|-ability|p2a: Espathra|Speed Boost|boost\n|-boost|p2a: Espathra|spe|1\n|upkeep\n|turn|9\n|\n|t:|1698597456\n|move|p2a: Espathra|Hypnosis|p1a: Arceus\n|-status|p1a: Arceus|slp|[from] move: Hypnosis\n|cant|p1a: Arceus|slp\n|\n|-heal|p1a: Arceus|98\/100 slp|[from] item: Leftovers\n|-ability|p2a: Espathra|Speed Boost|boost\n|-boost|p2a: Espathra|spe|1\n|upkeep\n|turn|10\n|\n|t:|1698597466\n|switch|p1a: Arceus|Arceus-Dark|100\/100\n|move|p2a: Espathra|Substitute|p2a: Espathra\n|-start|p2a: Espathra|Substitute\n|-damage|p2a: Espathra|51\/100\n|\n|-sideend|p2: Dumbfudge|move: Light Screen\n|-ability|p2a: Espathra|Speed Boost|boost\n|-boost|p2a: Espathra|spe|1\n|upkeep\n|turn|11\n|\n|t:|1698597474\n|move|p2a: Espathra|Baton Pass|p2a: Espathra\n|\n|t:|1698597476\n|switch|p2a: Breloom|Breloom, M|100\/100|[from] Baton Pass\n|move|p1a: Arceus|Dark Pulse|p2a: Breloom\n|-resisted|p2a: Breloom\n|-end|p2a: Breloom|Substitute\n|\n|upkeep\n|turn|12\n|\n|t:|1698597485\n|move|p2a: Breloom|Spore|p1a: Arceus\n|-status|p1a: Arceus|slp|[from] move: Spore\n|cant|p1a: Arceus|slp\n|\n|-sideend|p2: Dumbfudge|Reflect\n|upkeep\n|turn|13\n|\n|t:|1698597492\n|move|p2a: Breloom|Substitute|p2a: Breloom\n|-start|p2a: Breloom|Substitute\n|-damage|p2a: Breloom|76\/100\n|cant|p1a: Arceus|slp\n|\n|upkeep\n|turn|14\n|\n|t:|1698597498\n|move|p2a: Breloom|Leech Seed|p1a: Arceus\n|-start|p1a: Arceus|move: Leech Seed\n|-curestatus|p1a: Arceus|slp|[msg]\n|move|p1a: Arceus|Flamethrower|p2a: Breloom\n|-supereffective|p2a: Breloom\n|-end|p2a: Breloom|Substitute\n|\n|-damage|p1a: Arceus|88\/100|[from] Leech Seed|[of] p2a: Breloom\n|-heal|p2a: Breloom|97\/100|[silent]\n|upkeep\n|turn|15\n|\n|t:|1698597508\n|move|p2a: Breloom|Spore|p1a: Arceus\n|-status|p1a: Arceus|slp|[from] move: Spore\n|cant|p1a: Arceus|slp\n|\n|-damage|p1a: Arceus|76\/100 slp|[from] Leech Seed|[of] p2a: Breloom\n|-heal|p2a: Breloom|100\/100|[silent]\n|upkeep\n|turn|16\n|\n|t:|1698597516\n|switch|p1a: Arceus|Arceus|100\/100\n|move|p2a: Breloom|Substitute|p2a: Breloom\n|-start|p2a: Breloom|Substitute\n|-damage|p2a: Breloom|76\/100\n|\n|upkeep\n|turn|17\n|\n|t:|1698597523\n|move|p1a: Arceus|Extreme Speed|p2a: Breloom\n|-end|p2a: Breloom|Substitute\n|move|p2a: Breloom|Spore|p1a: Arceus\n|-status|p1a: Arceus|slp|[from] move: Spore\n|\n|upkeep\n|turn|18\n|\n|t:|1698597530\n|cant|p1a: Arceus|slp\n|move|p2a: Breloom|Substitute|p2a: Breloom\n|-start|p2a: Breloom|Substitute\n|-damage|p2a: Breloom|51\/100\n|\n|upkeep\n|turn|19\n|\n|t:|1698597535\n|cant|p1a: Arceus|slp\n|move|p2a: Breloom|Leech Seed|p1a: Arceus|[miss]\n|-miss|p2a: Breloom|p1a: Arceus\n|\n|upkeep\n|turn|20\n|\n|t:|1698597541\n|-curestatus|p1a: Arceus|slp|[msg]\n|move|p1a: Arceus|Extreme Speed|p2a: Breloom\n|-end|p2a: Breloom|Substitute\n|move|p2a: Breloom|Leech Seed|p1a: Arceus\n|-start|p1a: Arceus|move: Leech Seed\n|\n|-damage|p1a: Arceus|88\/100|[from] Leech Seed|[of] p2a: Breloom\n|-heal|p2a: Breloom|72\/100|[silent]\n|upkeep\n|turn|21\n|\n|t:|1698597552\n|-terastallize|p1a: Arceus|Normal\n|move|p1a: Arceus|Extreme Speed|p2a: Breloom\n|-damage|p2a: Breloom|0 fnt\n|-damage|p1a: Arceus|71\/100|[from] item: Rocky Helmet|[of] p2a: Breloom\n|faint|p2a: Breloom\n|\n|-heal|p1a: Arceus|78\/100|[from] item: Leftovers\n|upkeep\n|\n|t:|1698597563\n|switch|p2a: Calyrex|Calyrex-Shadow|100\/100\n|-ability|p2a: Calyrex|As One\n|-ability|p2a: Calyrex|Unnerve\n|turn|22\n|\n|t:|1698597571\n|move|p2a: Calyrex|Astral Barrage|p1a: Arceus\n|-immune|p1a: Arceus\n|move|p1a: Arceus|Swords Dance|p1a: Arceus\n|-boost|p1a: Arceus|atk|2\n|\n|-heal|p1a: Arceus|84\/100|[from] item: Leftovers\n|-damage|p1a: Arceus|71\/100|[from] Leech Seed|[of] p2a: Calyrex\n|upkeep\n|turn|23\n|\n|t:|1698597582\n|move|p2a: Calyrex|Haze|p2a: Calyrex\n|-clearallboost\n|move|p1a: Arceus|Swords Dance|p1a: Arceus\n|-boost|p1a: Arceus|atk|2\n|\n|-heal|p1a: Arceus|77\/100|[from] item: Leftovers\n|-damage|p1a: Arceus|65\/100|[from] Leech Seed|[of] p2a: Calyrex\n|upkeep\n|turn|24\n|\n|t:|1698597591\n|move|p2a: Calyrex|Haze|p2a: Calyrex\n|-clearallboost\n|move|p1a: Arceus|Earthquake|p2a: Calyrex\n|-damage|p2a: Calyrex|61\/100\n|\n|-heal|p1a: Arceus|71\/100|[from] item: Leftovers\n|-damage|p1a: Arceus|59\/100|[from] Leech Seed|[of] p2a: Calyrex\n|-heal|p2a: Calyrex|77\/100|[silent]\n|upkeep\n|turn|25\n|\n|t:|1698597607\n|switch|p1a: Arceus|Arceus-Dark|76\/100 slp\n|move|p2a: Calyrex|Giga Drain|p1a: Arceus\n|-damage|p1a: Arceus|54\/100 slp\n|-heal|p2a: Calyrex|91\/100|[from] drain|[of] p1a: Arceus\n|\n|upkeep\n|turn|26\n|\n|t:|1698597622\n|move|p2a: Calyrex|Astral Barrage|p1a: Arceus\n|-resisted|p1a: Arceus\n|-damage|p1a: Arceus|26\/100 slp\n|cant|p1a: Arceus|slp\n|\n|upkeep\n|turn|27\n|\n|t:|1698597629\n|move|p2a: Calyrex|Giga Drain|p1a: Arceus\n|-damage|p1a: Arceus|4\/100 slp\n|-heal|p2a: Calyrex|100\/100|[from] drain|[of] p1a: Arceus\n|cant|p1a: Arceus|slp\n|\n|upkeep\n|turn|28\n|\n|t:|1698597636\n|switch|p1a: Drifblim|Drifblim, M|100\/100\n|move|p2a: Calyrex|Giga Drain|p1a: Drifblim\n|-resisted|p1a: Drifblim\n|-damage|p1a: Drifblim|82\/100\n|\n|upkeep\n|turn|29\n|\n|t:|1698597645\n|move|p2a: Calyrex|Taunt|p1a: Drifblim\n|-start|p1a: Drifblim|move: Taunt\n|cant|p1a: Drifblim|move: Taunt|Minimize\n|\n|upkeep\n|turn|30\n|\n|t:|1698597665\n|switch|p1a: Arceus|Arceus|100\/100\n|move|p2a: Calyrex|Astral Barrage|p1a: Arceus\n|-immune|p1a: Arceus\n|\n|upkeep\n|turn|31\n|\n|t:|1698597677\n|move|p2a: Calyrex|Taunt|p1a: Arceus\n|-start|p1a: Arceus|move: Taunt\n|move|p1a: Arceus|Earthquake|p2a: Calyrex\n|-damage|p2a: Calyrex|59\/100\n|\n|upkeep\n|turn|32\n|\n|t:|1698597684\n|move|p2a: Calyrex|Giga Drain|p1a: Arceus\n|-damage|p1a: Arceus|76\/100\n|-heal|p2a: Calyrex|75\/100|[from] drain|[of] p1a: Arceus\n|move|p1a: Arceus|Earthquake|p2a: Calyrex\n|-damage|p2a: Calyrex|33\/100\n|\n|-heal|p1a: Arceus|82\/100|[from] item: Leftovers\n|upkeep\n|turn|33\n|\n|t:|1698597693\n|move|p2a: Calyrex|Giga Drain|p1a: Arceus\n|-damage|p1a: Arceus|59\/100\n|-heal|p2a: Calyrex|48\/100|[from] drain|[of] p1a: Arceus\n|move|p1a: Arceus|Earthquake|p2a: Calyrex\n|-damage|p2a: Calyrex|9\/100\n|\n|-heal|p1a: Arceus|65\/100|[from] item: Leftovers\n|-end|p1a: Arceus|move: Taunt\n|upkeep\n|turn|34\n|\n|t:|1698597703\n|move|p2a: Calyrex|Giga Drain|p1a: Arceus\n|-damage|p1a: Arceus|41\/100\n|-heal|p2a: Calyrex|24\/100|[from] drain|[of] p1a: Arceus\n|move|p1a: Arceus|Earthquake|p2a: Calyrex\n|-damage|p2a: Calyrex|0 fnt\n|faint|p2a: Calyrex\n|\n|-heal|p1a: Arceus|47\/100|[from] item: Leftovers\n|upkeep\n|\n|t:|1698597716\n|switch|p2a: Whooping cough|Zacian-Crowned|100\/100\n|-ability|p2a: Whooping cough|Intrepid Sword|boost\n|-boost|p2a: Whooping cough|atk|1\n|turn|35\n|\n|t:|1698597721\n|-terastallize|p2a: Whooping cough|Steel\n|move|p1a: Arceus|Extreme Speed|p2a: Whooping cough\n|-resisted|p2a: Whooping cough\n|-damage|p2a: Whooping cough|82\/100\n|move|p2a: Whooping cough|Behemoth Blade|p1a: Arceus\n|-damage|p1a: Arceus|0 fnt\n|faint|p1a: Arceus\n|\n|upkeep\n|\n|t:|1698597743\n|switch|p1a: Arceus|Arceus, tera:Normal|59\/100\n|turn|36\n|\n|t:|1698597748\n|move|p2a: Whooping cough|Behemoth Blade|p1a: Arceus\n|-damage|p1a: Arceus|0 fnt\n|faint|p1a: Arceus\n|\n|upkeep\n|\n|t:|1698597754\n|switch|p1a: Drifblim|Drifblim, M|82\/100\n|turn|37\n|\n|t:|1698597757\n|move|p2a: Whooping cough|Behemoth Blade|p1a: Drifblim\n|-crit|p1a: Drifblim\n|-damage|p1a: Drifblim|0 fnt\n|-damage|p2a: Whooping cough|57\/100|[from] ability: Aftermath|[of] p1a: Drifblim\n|faint|p1a: Drifblim\n|\n|upkeep\n|\n|t:|1698597768\n|switch|p1a: Arceus|Arceus|98\/100 slp\n|turn|38\n|\n|t:|1698597771\n|move|p2a: Whooping cough|Behemoth Blade|p1a: Arceus\n|-damage|p1a: Arceus|35\/100 slp\n|cant|p1a: Arceus|slp\n|\n|-heal|p1a: Arceus|41\/100 slp|[from] item: Leftovers\n|upkeep\n|turn|39\n|\n|t:|1698597779\n|-curestatus|p1a: Arceus|slp|[msg]\n|move|p1a: Arceus|Protect|p1a: Arceus\n|-singleturn|p1a: Arceus|Protect\n|move|p2a: Whooping cough|Behemoth Blade|p1a: Arceus\n|-activate|p1a: Arceus|move: Protect\n|\n|-heal|p1a: Arceus|48\/100|[from] item: Leftovers\n|upkeep\n|turn|40\n|\n|t:|1698597792\n|move|p2a: Whooping cough|Behemoth Blade|p1a: Arceus\n|-damage|p1a: Arceus|0 fnt\n|faint|p1a: Arceus\n|\n|upkeep\n|\n|t:|1698597799\n|switch|p1a: Arceus|Arceus-Dark|4\/100 slp\n|turn|41\n|\n|t:|1698597802\n|move|p2a: Whooping cough|Behemoth Blade|p1a: Arceus\n|-damage|p1a: Arceus|0 fnt\n|faint|p1a: Arceus\n|\n|upkeep\n|\n|t:|1698597806\n|switch|p1a: Arceus|Arceus-Poison|100\/100\n|turn|42\n|\n|t:|1698597812\n|move|p1a: Arceus|Protect|p1a: Arceus\n|-singleturn|p1a: Arceus|Protect\n|move|p2a: Whooping cough|Behemoth Blade|p1a: Arceus\n|-activate|p1a: Arceus|move: Protect\n|\n|upkeep\n|turn|43\n|\n|t:|1698597822\n|move|p2a: Whooping cough|Play Rough|p1a: Arceus\n|-resisted|p1a: Arceus\n|-damage|p1a: Arceus|75\/100\n|move|p1a: Arceus|Recover|p1a: Arceus\n|-heal|p1a: Arceus|100\/100\n|\n|upkeep\n|turn|44\n|\n|t:|1698597833\n|move|p2a: Whooping cough|Brick Break|p1a: Arceus\n|-resisted|p1a: Arceus\n|-damage|p1a: Arceus|87\/100\n|move|p1a: Arceus|Swords Dance|p1a: Arceus\n|-boost|p1a: Arceus|atk|2\n|\n|upkeep\n|turn|45\n|\n|t:|1698597842\n|move|p2a: Whooping cough|Play Rough|p1a: Arceus\n|-resisted|p1a: Arceus\n|-damage|p1a: Arceus|61\/100\n|move|p1a: Arceus|Swords Dance|p1a: Arceus\n|-boost|p1a: Arceus|atk|2\n|\n|upkeep\n|turn|46\n|\n|t:|1698597858\n|move|p2a: Whooping cough|Play Rough|p1a: Arceus\n|-resisted|p1a: Arceus\n|-damage|p1a: Arceus|33\/100\n|move|p1a: Arceus|Swords Dance|p1a: Arceus\n|-boost|p1a: Arceus|atk|2\n|\n|upkeep\n|turn|47\n|\n|t:|1698597865\n|move|p2a: Whooping cough|Play Rough|p1a: Arceus\n|-resisted|p1a: Arceus\n|-damage|p1a: Arceus|6\/100\n|move|p1a: Arceus|Recover|p1a: Arceus\n|-heal|p1a: Arceus|56\/100\n|\n|upkeep\n|turn|48\n|\n|t:|1698597872\n|move|p2a: Whooping cough|Play Rough|p1a: Arceus\n|-resisted|p1a: Arceus\n|-damage|p1a: Arceus|30\/100\n|move|p1a: Arceus|Recover|p1a: Arceus\n|-heal|p1a: Arceus|80\/100\n|\n|upkeep\n|turn|49\n|\n|t:|1698597884\n|move|p2a: Whooping cough|Play Rough|p1a: Arceus\n|-resisted|p1a: Arceus\n|-damage|p1a: Arceus|55\/100\n|-unboost|p1a: Arceus|atk|1\n|move|p1a: Arceus|Poison Jab|p2a: Whooping cough\n|-immune|p2a: Whooping cough\n|\n|upkeep\n|turn|50\n|\n|t:|1698597892\n|move|p1a: Arceus|Protect|p1a: Arceus\n|-singleturn|p1a: Arceus|Protect\n|move|p2a: Whooping cough|Play Rough|p1a: Arceus\n|-activate|p1a: Arceus|move: Protect\n|\n|upkeep\n|turn|51\n|\n|t:|1698597900\n|move|p2a: Whooping cough|Play Rough|p1a: Arceus|[miss]\n|-miss|p2a: Whooping cough|p1a: Arceus\n|move|p1a: Arceus|Recover|p1a: Arceus\n|-heal|p1a: Arceus|100\/100\n|\n|upkeep\n|turn|52\n|\n|t:|1698597907\n|move|p2a: Whooping cough|Brick Break|p1a: Arceus\n|-resisted|p1a: Arceus\n|-damage|p1a: Arceus|85\/100\n|move|p1a: Arceus|Swords Dance|p1a: Arceus\n|-boost|p1a: Arceus|atk|1\n|\n|upkeep\n|turn|53\n|\n|t:|1698597919\n|move|p1a: Arceus|Protect|p1a: Arceus\n|-singleturn|p1a: Arceus|Protect\n|move|p2a: Whooping cough|Brick Break|p1a: Arceus\n|-activate|p1a: Arceus|move: Protect\n|\n|upkeep\n|turn|54\n|\n|t:|1698597927\n|move|p2a: Whooping cough|Brick Break|p1a: Arceus\n|-resisted|p1a: Arceus\n|-damage|p1a: Arceus|71\/100\n|move|p1a: Arceus|Swords Dance|p1a: Arceus\n|-boost|p1a: Arceus|atk|0\n|\n|upkeep\n|turn|55\n|\n|t:|1698597933\n|move|p2a: Whooping cough|Brick Break|p1a: Arceus\n|-resisted|p1a: Arceus\n|-damage|p1a: Arceus|57\/100\n|move|p1a: Arceus|Swords Dance|p1a: Arceus\n|-boost|p1a: Arceus|atk|0\n|\n|upkeep\n|turn|56\n|\n|t:|1698597940\n|move|p1a: Arceus|Protect|p1a: Arceus\n|-singleturn|p1a: Arceus|Protect\n|move|p2a: Whooping cough|Brick Break|p1a: Arceus\n|-activate|p1a: Arceus|move: Protect\n|\n|upkeep\n|turn|57\n|\n|t:|1698597947\n|move|p2a: Whooping cough|Brick Break|p1a: Arceus\n|-resisted|p1a: Arceus\n|-damage|p1a: Arceus|43\/100\n|move|p1a: Arceus|Recover|p1a: Arceus\n|-heal|p1a: Arceus|93\/100\n|\n|upkeep\n|turn|58\n|\n|t:|1698597958\n|move|p2a: Whooping cough|Brick Break|p1a: Arceus\n|-resisted|p1a: Arceus\n|-damage|p1a: Arceus|78\/100\n|move|p1a: Arceus|Poison Jab|p2a: Whooping cough\n|-immune|p2a: Whooping cough\n|\n|upkeep\n|turn|59\n|\n|t:|1698597967\n|move|p2a: Whooping cough|Brick Break|p1a: Arceus\n|-resisted|p1a: Arceus\n|-damage|p1a: Arceus|64\/100\n|move|p1a: Arceus|Poison Jab|p2a: Whooping cough\n|-immune|p2a: Whooping cough\n|\n|upkeep\n|turn|60\n|\n|t:|1698597979\n|move|p2a: Whooping cough|Brick Break|p1a: Arceus\n|-resisted|p1a: Arceus\n|-crit|p1a: Arceus\n|-damage|p1a: Arceus|42\/100\n|move|p1a: Arceus|Swords Dance|p1a: Arceus\n|-boost|p1a: Arceus|atk|0\n|\n|upkeep\n|turn|61\n|\n|t:|1698597987\n|move|p1a: Arceus|Protect|p1a: Arceus\n|-singleturn|p1a: Arceus|Protect\n|move|p2a: Whooping cough|Brick Break|p1a: Arceus\n|-activate|p1a: Arceus|move: Protect\n|\n|upkeep\n|turn|62\n|\n|t:|1698597992\n|move|p2a: Whooping cough|Brick Break|p1a: Arceus\n|-resisted|p1a: Arceus\n|-damage|p1a: Arceus|26\/100\n|move|p1a: Arceus|Recover|p1a: Arceus\n|-heal|p1a: Arceus|76\/100\n|\n|upkeep\n|turn|63\n|\n|t:|1698597999\n|move|p1a: Arceus|Protect|p1a: Arceus\n|-singleturn|p1a: Arceus|Protect\n|move|p2a: Whooping cough|Brick Break|p1a: Arceus\n|-activate|p1a: Arceus|move: Protect\n|\n|upkeep\n|turn|64\n|\n|t:|1698598011\n|move|p2a: Whooping cough|Brick Break|p1a: Arceus\n|-resisted|p1a: Arceus\n|-damage|p1a: Arceus|62\/100\n|move|p1a: Arceus|Swords Dance|p1a: Arceus\n|-boost|p1a: Arceus|atk|0\n|\n|upkeep\n|turn|65\n|\n|t:|1698598018\n|move|p1a: Arceus|Protect|p1a: Arceus\n|-singleturn|p1a: Arceus|Protect\n|move|p2a: Whooping cough|Brick Break|p1a: Arceus\n|-activate|p1a: Arceus|move: Protect\n|\n|upkeep\n|turn|66\n|\n|t:|1698598030\n|move|p2a: Whooping cough|Brick Break|p1a: Arceus\n|-resisted|p1a: Arceus\n|-crit|p1a: Arceus\n|-damage|p1a: Arceus|41\/100\n|move|p1a: Arceus|Swords Dance|p1a: Arceus\n|-boost|p1a: Arceus|atk|0\n|\n|upkeep\n|turn|67\n|\n|t:|1698598037\n|move|p1a: Arceus|Protect|p1a: Arceus\n|-singleturn|p1a: Arceus|Protect\n|move|p2a: Whooping cough|Brick Break|p1a: Arceus\n|-activate|p1a: Arceus|move: Protect\n|\n|upkeep\n|turn|68\n|\n|t:|1698598044\n|move|p2a: Whooping cough|Brick Break|p1a: Arceus\n|-resisted|p1a: Arceus\n|-damage|p1a: Arceus|26\/100\n|move|p1a: Arceus|Recover|p1a: Arceus\n|-heal|p1a: Arceus|76\/100\n|\n|upkeep\n|turn|69\n|\n|t:|1698598050\n|move|p1a: Arceus|Protect|p1a: Arceus\n|-singleturn|p1a: Arceus|Protect\n|move|p2a: Whooping cough|Brick Break|p1a: Arceus\n|-activate|p1a: Arceus|move: Protect\n|\n|upkeep\n|turn|70\n|\n|t:|1698598057\n|move|p2a: Whooping cough|Brick Break|p1a: Arceus\n|-resisted|p1a: Arceus\n|-damage|p1a: Arceus|62\/100\n|move|p1a: Arceus|Swords Dance|p1a: Arceus\n|-boost|p1a: Arceus|atk|0\n|\n|upkeep\n|turn|71\n|c|\u2606Dumbfudge|This will boio down to luck i think\n|\n|t:|1698598078\n|move|p1a: Arceus|Protect|p1a: Arceus\n|-singleturn|p1a: Arceus|Protect\n|move|p2a: Whooping cough|Brick Break|p1a: Arceus\n|-activate|p1a: Arceus|move: Protect\n|\n|upkeep\n|turn|72\n|c|\u2606aravshah1|ye im just waiting for your zacian to struggle to death\n|c|\u2606aravshah1|then ima sweep\n|\n|t:|1698598100\n|move|p2a: Whooping cough|Brick Break|p1a: Arceus\n|-resisted|p1a: Arceus\n|-damage|p1a: Arceus|47\/100\n|move|p1a: Arceus|Swords Dance|p1a: Arceus\n|-boost|p1a: Arceus|atk|0\n|\n|upkeep\n|turn|73\n|c|\u2606Dumbfudge|Yes i know but what happens after\u2026\n|\n|t:|1698598119\n|move|p1a: Arceus|Protect|p1a: Arceus\n|-singleturn|p1a: Arceus|Protect\n|move|p2a: Whooping cough|Brick Break|p1a: Arceus\n|-activate|p1a: Arceus|move: Protect\n|\n|upkeep\n|turn|74\n|\n|t:|1698598126\n|move|p2a: Whooping cough|Brick Break|p1a: Arceus\n|-resisted|p1a: Arceus\n|-damage|p1a: Arceus|32\/100\n|move|p1a: Arceus|Recover|p1a: Arceus\n|-heal|p1a: Arceus|82\/100\n|\n|upkeep\n|turn|75\n|\n|t:|1698598133\n|move|p1a: Arceus|Protect|p1a: Arceus\n|-singleturn|p1a: Arceus|Protect\n|move|p2a: Whooping cough|Play Rough|p1a: Arceus\n|-activate|p1a: Arceus|move: Protect\n|\n|upkeep\n|turn|76\n|\n|t:|1698598140\n|move|p2a: Whooping cough|Play Rough|p1a: Arceus\n|-resisted|p1a: Arceus\n|-damage|p1a: Arceus|57\/100\n|-unboost|p1a: Arceus|atk|1\n|move|p1a: Arceus|Swords Dance|p1a: Arceus\n|-boost|p1a: Arceus|atk|1\n|\n|upkeep\n|turn|77\n|\n|t:|1698598149\n|move|p1a: Arceus|Protect|p1a: Arceus\n|-singleturn|p1a: Arceus|Protect\n|move|p2a: Whooping cough|Quick Attack|p1a: Arceus\n|-activate|p1a: Arceus|move: Protect\n|\n|upkeep\n|turn|78\n|c|\u2606aravshah1|bruh\n|\n|t:|1698598161\n|move|p2a: Whooping cough|Quick Attack|p1a: Arceus\n|-damage|p1a: Arceus|41\/100\n|move|p1a: Arceus|Swords Dance|p1a: Arceus\n|-boost|p1a: Arceus|atk|0\n|\n|upkeep\n|turn|79\n|\n|t:|1698598168\n|move|p1a: Arceus|Protect|p1a: Arceus\n|-singleturn|p1a: Arceus|Protect\n|move|p2a: Whooping cough|Quick Attack|p1a: Arceus\n|-activate|p1a: Arceus|move: Protect\n|\n|upkeep\n|turn|80\n|\n|t:|1698598175\n|move|p2a: Whooping cough|Quick Attack|p1a: Arceus\n|-damage|p1a: Arceus|26\/100\n|move|p1a: Arceus|Swords Dance|p1a: Arceus\n|-boost|p1a: Arceus|atk|0\n|\n|upkeep\n|turn|81\n|\n|t:|1698598181\n|move|p1a: Arceus|Protect|p1a: Arceus\n|-singleturn|p1a: Arceus|Protect\n|move|p2a: Whooping cough|Quick Attack|p1a: Arceus\n|-activate|p1a: Arceus|move: Protect\n|\n|upkeep\n|turn|82\n|\n|t:|1698598187\n|move|p2a: Whooping cough|Quick Attack|p1a: Arceus\n|-crit|p1a: Arceus\n|-damage|p1a: Arceus|3\/100\n|move|p1a: Arceus|Swords Dance|p1a: Arceus\n|-boost|p1a: Arceus|atk|0\n|\n|upkeep\n|turn|83\n|\n|t:|1698598194\n|move|p1a: Arceus|Protect|p1a: Arceus\n|-singleturn|p1a: Arceus|Protect\n|move|p2a: Whooping cough|Quick Attack|p1a: Arceus\n|-activate|p1a: Arceus|move: Protect\n|\n|upkeep\n|turn|84\n|\n|t:|1698598204\n|move|p2a: Whooping cough|Quick Attack|p1a: Arceus\n|-damage|p1a: Arceus|0 fnt\n|faint|p1a: Arceus\n|\n|win|Dumbfudge\n|raw|aravshah1's rating: 1340 &rarr; <strong>1321<\/strong><br \/>(-19 for losing)\n|raw|Dumbfudge's rating: 1365 &rarr; <strong>1384<\/strong><br \/>(+19 for winning)\n|l|\u2606aravshah1\n|c|\u2606Dumbfudge|I was planning on using hypnosis after\n","uploadtime":1698598261,"views":9,"p1id":"aravshah1","p2id":"dumbfudge","formatid":"gen9anythinggoes","rating":1321,"private":0,"password":""}