{"id":"gen9anythinggoes-1984989406","p1":"lancestock","p2":"Khoshekhing","format":"[Gen 9] Anything Goes","log":"|j|\u2606lancestock\n|j|\u2606Khoshekhing\n|t:|1699318126\n|gametype|singles\n|player|p1|lancestock|mars|\n|player|p2|Khoshekhing|2|\n|teamsize|p1|6\n|teamsize|p2|6\n|gen|9\n|tier|[Gen 9] Anything Goes\n|rule|HP Percentage Mod: HP is shown in percentages\n|rule|Endless Battle Clause: Forcing endless battles is banned\n|clearpoke\n|poke|p1|Kyogre|\n|poke|p1|Drednaw, M|\n|poke|p1|Thundurus, M|\n|poke|p1|Greninja-*, M|\n|poke|p1|Jolteon, F|\n|poke|p1|Politoed, F|\n|poke|p2|Magnezone|\n|poke|p2|Barraskewda, M|\n|poke|p2|Regieleki|\n|poke|p2|Milotic, F|\n|poke|p2|Zoroark, F|\n|poke|p2|Mismagius, M|\n|teampreview\n|j| The King Dorko\n|c|\u2606lancestock|you there?\n|c|\u2606lancestock|im good to go now\n|\n|t:|1699318399\n|start\n|switch|p1a: Kyogre|Kyogre|100\/100\n|switch|p2a: Mismagius|Mismagius, M|100\/100\n|-weather|RainDance|[from] ability: Drizzle|[of] p1a: Kyogre\n|turn|1\n|l| The King Dorko\n|\n|t:|1699318409\n|move|p2a: Mismagius|Thunder|p1a: Kyogre\n|-supereffective|p1a: Kyogre\n|-damage|p1a: Kyogre|61\/100\n|move|p1a: Kyogre|Water Spout|p2a: Mismagius\n|-enditem|p2a: Mismagius|Focus Sash\n|-damage|p2a: Mismagius|1\/100\n|\n|-weather|RainDance|[upkeep]\n|upkeep\n|turn|2\n|\n|t:|1699318421\n|switch|p1a: Jolteon|Jolteon, F|100\/100\n|move|p2a: Mismagius|Thunder|p1a: Jolteon\n|-immune|p1a: Jolteon|[from] ability: Volt Absorb\n|\n|-weather|RainDance|[upkeep]\n|upkeep\n|turn|3\n|\n|t:|1699318432\n|move|p1a: Jolteon|Volt Switch|p2a: Mismagius\n|-damage|p2a: Mismagius|0 fnt\n|faint|p2a: Mismagius\n|\n|t:|1699318436\n|switch|p1a: Kyogre|Kyogre|61\/100|[from] Volt Switch\n|\n|-weather|RainDance|[upkeep]\n|upkeep\n|\n|t:|1699318465\n|switch|p2a: Milotic|Milotic, F|100\/100\n|turn|4\n|\n|t:|1699318469\n|move|p1a: Kyogre|Thunder|p2a: Milotic\n|-supereffective|p2a: Milotic\n|-damage|p2a: Milotic|39\/100\n|move|p2a: Milotic|Light Screen|p2a: Milotic\n|-sidestart|p2: Khoshekhing|move: Light Screen\n|\n|-weather|RainDance|[upkeep]\n|-heal|p2a: Milotic|45\/100|[from] item: Leftovers\n|upkeep\n|turn|5\n|\n|t:|1699318485\n|move|p1a: Kyogre|Thunder|p2a: Milotic\n|-supereffective|p2a: Milotic\n|-damage|p2a: Milotic|17\/100\n|-status|p2a: Milotic|par\n|cant|p2a: Milotic|par\n|\n|-weather|none\n|-heal|p2a: Milotic|24\/100 par|[from] item: Leftovers\n|upkeep\n|turn|6\n|\n|t:|1699318495\n|move|p1a: Kyogre|Thunder|p2a: Milotic\n|-supereffective|p2a: Milotic\n|-damage|p2a: Milotic|0 fnt\n|faint|p2a: Milotic\n|\n|upkeep\n|\n|t:|1699318510\n|switch|p2a: Magnezone|Magnezone|100\/100\n|turn|7\n|\n|t:|1699318534\n|switch|p1a: Jolteon|Jolteon, F|100\/100\n|move|p2a: Magnezone|Thunder|p1a: Jolteon\n|-immune|p1a: Jolteon|[from] ability: Volt Absorb\n|\n|upkeep\n|turn|8\n|\n|t:|1699318551\n|move|p1a: Jolteon|Volt Switch|p2a: Magnezone\n|-resisted|p2a: Magnezone\n|-damage|p2a: Magnezone|87\/100\n|\n|t:|1699318584\n|switch|p1a: Kyogre|Kyogre|61\/100|[from] Volt Switch\n|-weather|RainDance|[from] ability: Drizzle|[of] p1a: Kyogre\n|move|p2a: Magnezone|Reflect|p2a: Magnezone\n|-sidestart|p2: Khoshekhing|Reflect\n|\n|-weather|RainDance|[upkeep]\n|-sideend|p2: Khoshekhing|move: Light Screen\n|upkeep\n|turn|9\n|\n|t:|1699318597\n|move|p1a: Kyogre|Water Spout|p2a: Magnezone\n|-damage|p2a: Magnezone|5\/100\n|move|p2a: Magnezone|Flash Cannon|p1a: Kyogre\n|-resisted|p1a: Kyogre\n|-damage|p1a: Kyogre|45\/100\n|\n|-weather|RainDance|[upkeep]\n|upkeep\n|turn|10\n|\n|t:|1699318606\n|move|p1a: Kyogre|Water Spout|p2a: Magnezone\n|-damage|p2a: Magnezone|0 fnt\n|faint|p2a: Magnezone\n|\n|-weather|RainDance|[upkeep]\n|upkeep\n|\n|t:|1699318618\n|switch|p2a: Regieleki|Regieleki|100\/100\n|turn|11\n|\n|t:|1699318641\n|switch|p1a: Jolteon|Jolteon, F|100\/100\n|move|p2a: Regieleki|Brick Break|p1a: Jolteon\n|-damage|p1a: Jolteon|59\/100\n|\n|-weather|RainDance|[upkeep]\n|upkeep\n|turn|12\n|\n|t:|1699318667\n|move|p1a: Jolteon|Hyper Voice|p2a: Regieleki\n|-damage|p2a: Regieleki|7\/100\n|replace|p2a: Zoroark|Zoroark, F\n|-end|p2a: Zoroark|Illusion\n|move|p2a: Zoroark|U-turn|p1a: Jolteon\n|-damage|p1a: Jolteon|16\/100\n|\n|t:|1699318675\n|switch|p2a: Regieleki|Regieleki|100\/100|[from] U-turn\n|\n|-weather|none\n|-sideend|p2: Khoshekhing|Reflect\n|upkeep\n|turn|13\n|\n|t:|1699318707\n|switch|p1a: Kyogre|Kyogre|45\/100\n|-weather|RainDance|[from] ability: Drizzle|[of] p1a: Kyogre\n|move|p2a: Regieleki|Extreme Speed|p1a: Kyogre\n|-damage|p1a: Kyogre|24\/100\n|\n|-weather|RainDance|[upkeep]\n|upkeep\n|turn|14\n|\n|t:|1699318719\n|move|p2a: Regieleki|Extreme Speed|p1a: Kyogre\n|-damage|p1a: Kyogre|3\/100\n|move|p1a: Kyogre|Surf|p2a: Regieleki\n|-damage|p2a: Regieleki|0 fnt\n|faint|p2a: Regieleki\n|\n|-weather|RainDance|[upkeep]\n|upkeep\n|\n|t:|1699318732\n|switch|p2a: Barraskewda|Barraskewda, M|7\/100\n|turn|15\n|\n|t:|1699318741\n|move|p2a: Barraskewda|Brick Break|p1a: Kyogre\n|-damage|p1a: Kyogre|0 fnt\n|faint|p1a: Kyogre\n|\n|-weather|RainDance|[upkeep]\n|upkeep\n|\n|t:|1699318747\n|switch|p1a: Drednaw|Drednaw, M|100\/100\n|turn|16\n|\n|t:|1699318753\n|-terastallize|p1a: Drednaw|Ground\n|move|p1a: Drednaw|Shell Smash|p1a: Drednaw\n|-unboost|p1a: Drednaw|def|1\n|-unboost|p1a: Drednaw|spd|1\n|-boost|p1a: Drednaw|atk|2\n|-boost|p1a: Drednaw|spa|2\n|-boost|p1a: Drednaw|spe|2\n|-enditem|p1a: Drednaw|White Herb\n|-clearnegativeboost|p1a: Drednaw|[silent]\n|move|p2a: Barraskewda|Brick Break|p1a: Drednaw\n|-crit|p1a: Drednaw\n|-damage|p1a: Drednaw|62\/100\n|\n|-weather|RainDance|[upkeep]\n|upkeep\n|turn|17\n|\n|t:|1699318769\n|move|p1a: Drednaw|Earthquake|p2a: Barraskewda\n|-damage|p2a: Barraskewda|0 fnt\n|replace|p2a: Zoroark|Zoroark, F\n|-end|p2a: Zoroark|Illusion\n|faint|p2a: Zoroark\n|\n|-weather|none\n|upkeep\n|\n|t:|1699318777\n|switch|p2a: Barraskewda|Barraskewda, M|100\/100\n|turn|18\n|\n|t:|1699318791\n|move|p1a: Drednaw|Earthquake|p2a: Barraskewda\n|-damage|p2a: Barraskewda|0 fnt\n|faint|p2a: Barraskewda\n|\n|win|lancestock\n|l|\u2606Khoshekhing\n|j| The King Dorko\n","uploadtime":1699318807,"views":39,"p1id":"lancestock","p2id":"khoshekhing","formatid":"gen9anythinggoes","rating":0,"private":0,"password":""}