{"id":"gen9anythinggoes-1992566455","p1":"papahue","p2":"LordeQuazzy","format":"[Gen 9] Anything Goes","log":"|j|\u2606papahue\n|j|\u2606LordeQuazzy\n|t:|1700206989\n|gametype|singles\n|player|p1|papahue|266|1380\n|player|p2|LordeQuazzy|blackbelt-gen4dp|1551\n|teamsize|p1|6\n|teamsize|p2|6\n|gen|9\n|tier|[Gen 9] Anything Goes\n|rated|\n|rule|HP Percentage Mod: HP is shown in percentages\n|rule|Endless Battle Clause: Forcing endless battles is banned\n|clearpoke\n|poke|p1|Espathra, F|\n|poke|p1|Grimmsnarl, M|\n|poke|p1|Torkoal, M|\n|poke|p1|Vaporeon, F|\n|poke|p1|Meowscarada, F|\n|poke|p1|Delphox, M|\n|poke|p2|Dondozo, M|\n|poke|p2|Blissey, F|\n|poke|p2|Corviknight, M|\n|poke|p2|Toxapex, M|\n|poke|p2|Scovillain, M|\n|poke|p2|Garganacl, F|\n|teampreview\n|inactive|Battle timer is ON: inactive players will automatically lose when time's up. (requested by LordeQuazzy)\n|c|\u2606LordeQuazzy|gl hf\n|\n|t:|1700207000\n|start\n|switch|p1a: Salacia|Vaporeon, F|100\/100\n|switch|p2a: Toxapex|Toxapex, M, shiny|100\/100\n|turn|1\n|\n|t:|1700207007\n|move|p1a: Salacia|Substitute|p1a: Salacia\n|-start|p1a: Salacia|Substitute\n|-damage|p1a: Salacia|75\/100\n|move|p2a: Toxapex|Toxic||[still]\n|-fail|p2a: Toxapex\n|\n|-heal|p1a: Salacia|82\/100|[from] item: Leftovers\n|upkeep\n|turn|2\n|\n|t:|1700207016\n|switch|p2a: Dondozo|Dondozo, M|100\/100\n|move|p1a: Salacia|Scald|p2a: Dondozo\n|-resisted|p2a: Dondozo\n|-damage|p2a: Dondozo|85\/100\n|\n|-heal|p1a: Salacia|88\/100|[from] item: Leftovers\n|-heal|p2a: Dondozo|91\/100|[from] item: Leftovers\n|upkeep\n|turn|3\n|\n|t:|1700207035\n|switch|p1a: Flora|Meowscarada, F|100\/100\n|switch|p2a: Blissey|Blissey, F|100\/100\n|\n|upkeep\n|turn|4\n|\n|t:|1700207047\n|switch|p2a: Corviknight|Corviknight, M|100\/100\n|-ability|p2a: Corviknight|Pressure\n|move|p1a: Flora|Knock Off|p2a: Corviknight\n|-damage|p2a: Corviknight|66\/100\n|-enditem|p2a: Corviknight|Leftovers|[from] move: Knock Off|[of] p1a: Flora\n|-damage|p1a: Flora|91\/100|[from] item: Life Orb\n|\n|upkeep\n|turn|5\n|\n|t:|1700207058\n|switch|p1a: Oog|Torkoal, M|100\/100\n|-weather|SunnyDay|[from] ability: Drought|[of] p1a: Oog\n|move|p2a: Corviknight|Roost|p2a: Corviknight\n|-heal|p2a: Corviknight|100\/100\n|-singleturn|p2a: Corviknight|move: Roost\n|\n|-weather|SunnyDay|[upkeep]\n|upkeep\n|turn|6\n|c|\u2606LordeQuazzy|interesting team btw\n|\n|t:|1700207077\n|-terastallize|p2a: Corviknight|Dragon\n|move|p2a: Corviknight|Body Press|p1a: Oog\n|-damage|p1a: Oog|84\/100\n|move|p1a: Oog|Stealth Rock|p2a: Corviknight\n|-sidestart|p2: LordeQuazzy|move: Stealth Rock\n|\n|-weather|SunnyDay|[upkeep]\n|upkeep\n|turn|7\n|c|\u2606papahue|Thx\n|\n|t:|1700207084\n|move|p2a: Corviknight|Defog|p1a: Oog\n|-unboost|p1a: Oog|evasion|1\n|-sideend|p2: LordeQuazzy|Stealth Rock|[from] move: Defog|[of] p2a: Corviknight\n|move|p1a: Oog|Lava Plume|p2a: Corviknight\n|-resisted|p2a: Corviknight\n|-damage|p2a: Corviknight|84\/100\n|\n|-weather|SunnyDay|[upkeep]\n|upkeep\n|turn|8\n|\n|t:|1700207090\n|move|p2a: Corviknight|U-turn|p1a: Oog\n|-resisted|p1a: Oog\n|-damage|p1a: Oog|80\/100\n|\n|t:|1700207094\n|switch|p2a: Dondozo|Dondozo, M|91\/100|[from] U-turn\n|move|p1a: Oog|Stealth Rock|p2a: Dondozo\n|-sidestart|p2: LordeQuazzy|move: Stealth Rock\n|\n|-weather|SunnyDay|[upkeep]\n|-heal|p2a: Dondozo|97\/100|[from] item: Leftovers\n|upkeep\n|turn|9\n|\n|t:|1700207099\n|move|p2a: Dondozo|Curse|p2a: Dondozo\n|-unboost|p2a: Dondozo|spe|1\n|-boost|p2a: Dondozo|atk|1\n|-boost|p2a: Dondozo|def|1\n|move|p1a: Oog|Lava Plume|p2a: Dondozo\n|-resisted|p2a: Dondozo\n|-damage|p2a: Dondozo|80\/100\n|\n|-weather|none\n|-heal|p2a: Dondozo|86\/100|[from] item: Leftovers\n|upkeep\n|turn|10\n|\n|t:|1700207111\n|move|p1a: Oog|Lava Plume|p2a: Dondozo\n|-resisted|p2a: Dondozo\n|-damage|p2a: Dondozo|74\/100\n|move|p2a: Dondozo|Curse|p2a: Dondozo\n|-unboost|p2a: Dondozo|spe|1\n|-boost|p2a: Dondozo|atk|1\n|-boost|p2a: Dondozo|def|1\n|\n|-heal|p2a: Dondozo|80\/100|[from] item: Leftovers\n|upkeep\n|turn|11\n|\n|t:|1700207121\n|move|p1a: Oog|Clear Smog|p2a: Dondozo\n|-damage|p2a: Dondozo|70\/100\n|-clearboost|p2a: Dondozo\n|move|p2a: Dondozo|Body Press|p1a: Oog\n|-damage|p1a: Oog|64\/100\n|\n|-heal|p2a: Dondozo|76\/100|[from] item: Leftovers\n|upkeep\n|turn|12\n|c|\u2606LordeQuazzy|woof\n|\n|t:|1700207131\n|move|p2a: Dondozo|Body Press|p1a: Oog\n|-damage|p1a: Oog|45\/100\n|move|p1a: Oog|Lava Plume|p2a: Dondozo\n|-resisted|p2a: Dondozo\n|-damage|p2a: Dondozo|65\/100\n|\n|-heal|p2a: Dondozo|72\/100|[from] item: Leftovers\n|upkeep\n|turn|13\n|\n|t:|1700207135\n|move|p2a: Dondozo|Body Press|p1a: Oog\n|-damage|p1a: Oog|25\/100\n|move|p1a: Oog|Lava Plume|p2a: Dondozo\n|-resisted|p2a: Dondozo\n|-damage|p2a: Dondozo|60\/100\n|\n|-heal|p2a: Dondozo|66\/100|[from] item: Leftovers\n|upkeep\n|turn|14\n|\n|t:|1700207138\n|move|p2a: Dondozo|Body Press|p1a: Oog\n|-damage|p1a: Oog|9\/100\n|move|p1a: Oog|Lava Plume|p2a: Dondozo\n|-resisted|p2a: Dondozo\n|-damage|p2a: Dondozo|55\/100\n|-status|p2a: Dondozo|brn\n|\n|-heal|p2a: Dondozo|61\/100 brn|[from] item: Leftovers\n|-damage|p2a: Dondozo|55\/100 brn|[from] brn\n|upkeep\n|turn|15\n|\n|t:|1700207144\n|switch|p1a: Ronald G. Snarls|Grimmsnarl, M|100\/100\n|move|p2a: Dondozo|Rest|p2a: Dondozo\n|-status|p2a: Dondozo|slp|[from] move: Rest\n|-heal|p2a: Dondozo|100\/100 slp|[silent]\n|\n|upkeep\n|turn|16\n|\n|t:|1700207149\n|move|p1a: Ronald G. Snarls|Reflect|p1a: Ronald G. Snarls\n|-sidestart|p1: papahue|Reflect\n|cant|p2a: Dondozo|slp\n|move|p2a: Dondozo|Sleep Talk|p2a: Dondozo\n|move|p2a: Dondozo|Curse|p2a: Dondozo|[from]move: Sleep Talk\n|-unboost|p2a: Dondozo|spe|1\n|-boost|p2a: Dondozo|atk|1\n|-boost|p2a: Dondozo|def|1\n|\n|upkeep\n|turn|17\n|\n|t:|1700207155\n|move|p1a: Ronald G. Snarls|Parting Shot|p2a: Dondozo\n|-unboost|p2a: Dondozo|atk|1\n|-unboost|p2a: Dondozo|spa|1\n|\n|t:|1700207158\n|switch|p1a: Salacia|Vaporeon, F|88\/100|[from] Parting Shot\n|cant|p2a: Dondozo|slp\n|move|p2a: Dondozo|Sleep Talk|p2a: Dondozo\n|move|p2a: Dondozo|Body Press|p1a: Salacia|[from]move: Sleep Talk\n|-damage|p1a: Salacia|71\/100\n|\n|-heal|p1a: Salacia|77\/100|[from] item: Leftovers\n|upkeep\n|turn|18\n|\n|t:|1700207174\n|move|p1a: Salacia|Substitute|p1a: Salacia\n|-start|p1a: Salacia|Substitute\n|-damage|p1a: Salacia|52\/100\n|-curestatus|p2a: Dondozo|slp|[msg]\n|move|p2a: Dondozo|Curse|p2a: Dondozo\n|-unboost|p2a: Dondozo|spe|1\n|-boost|p2a: Dondozo|atk|1\n|-boost|p2a: Dondozo|def|1\n|\n|-heal|p1a: Salacia|58\/100|[from] item: Leftovers\n|upkeep\n|turn|19\n|\n|t:|1700207180\n|move|p1a: Salacia|Haze|p1a: Salacia\n|-clearallboost\n|move|p2a: Dondozo|Body Press|p1a: Salacia\n|-activate|p1a: Salacia|move: Substitute|[damage]\n|\n|-heal|p1a: Salacia|64\/100|[from] item: Leftovers\n|upkeep\n|turn|20\n|\n|t:|1700207194\n|switch|p2a: Blissey|Blissey, F|100\/100\n|-damage|p2a: Blissey|88\/100|[from] Stealth Rock\n|move|p1a: Salacia|Scald|p2a: Blissey\n|-damage|p2a: Blissey|78\/100\n|\n|-heal|p1a: Salacia|71\/100|[from] item: Leftovers\n|-heal|p2a: Blissey|84\/100|[from] item: Leftovers\n|upkeep\n|turn|21\n|\n|t:|1700207202\n|move|p1a: Salacia|Scald|p2a: Blissey\n|-crit|p2a: Blissey\n|-damage|p2a: Blissey|68\/100\n|move|p2a: Blissey|Seismic Toss|p1a: Salacia\n|-end|p1a: Salacia|Substitute\n|\n|-heal|p1a: Salacia|77\/100|[from] item: Leftovers\n|-heal|p2a: Blissey|75\/100|[from] item: Leftovers\n|upkeep\n|turn|22\n|\n|t:|1700207209\n|move|p1a: Salacia|Substitute|p1a: Salacia\n|-start|p1a: Salacia|Substitute\n|-damage|p1a: Salacia|52\/100\n|move|p2a: Blissey|Thunder Wave||[still]\n|-fail|p2a: Blissey\n|\n|-heal|p1a: Salacia|58\/100|[from] item: Leftovers\n|-heal|p2a: Blissey|81\/100|[from] item: Leftovers\n|upkeep\n|turn|23\n|\n|t:|1700207217\n|switch|p1a: Oog|Torkoal, M|9\/100\n|-weather|SunnyDay|[from] ability: Drought|[of] p1a: Oog\n|move|p2a: Blissey|Seismic Toss|p1a: Oog\n|-damage|p1a: Oog|0 fnt\n|faint|p1a: Oog\n|\n|-weather|SunnyDay|[upkeep]\n|-heal|p2a: Blissey|87\/100|[from] item: Leftovers\n|-sideend|p1: papahue|Reflect\n|upkeep\n|\n|t:|1700207219\n|switch|p1a: Flora|Meowscarada, F|91\/100\n|turn|24\n|\n|t:|1700207239\n|switch|p2a: Corviknight|Corviknight, M, tera:Dragon|84\/100\n|-damage|p2a: Corviknight|71\/100|[from] Stealth Rock\n|-ability|p2a: Corviknight|Pressure\n|move|p1a: Flora|Knock Off|p2a: Corviknight\n|-damage|p2a: Corviknight|47\/100\n|-damage|p1a: Flora|81\/100|[from] item: Life Orb\n|\n|-weather|SunnyDay|[upkeep]\n|upkeep\n|turn|25\n|\n|t:|1700207257\n|switch|p1a: Ronald G. Snarls|Grimmsnarl, M|100\/100\n|move|p2a: Corviknight|Roost|p2a: Corviknight\n|-heal|p2a: Corviknight|97\/100\n|\n|-weather|SunnyDay|[upkeep]\n|upkeep\n|turn|26\n|\n|t:|1700207273\n|switch|p2a: Dondozo|Dondozo, M|100\/100\n|-damage|p2a: Dondozo|88\/100|[from] Stealth Rock\n|move|p1a: Ronald G. Snarls|Parting Shot|p2a: Dondozo\n|-unboost|p2a: Dondozo|atk|1\n|-unboost|p2a: Dondozo|spa|1\n|\n|t:|1700207277\n|switch|p1a: Flora|Meowscarada, F|81\/100|[from] Parting Shot\n|\n|-weather|SunnyDay|[upkeep]\n|-heal|p2a: Dondozo|94\/100|[from] item: Leftovers\n|upkeep\n|turn|27\n|\n|t:|1700207288\n|switch|p2a: Toxapex|Toxapex, M, shiny|100\/100\n|-damage|p2a: Toxapex|88\/100|[from] Stealth Rock\n|move|p1a: Flora|Flower Trick|p2a: Toxapex\n|-crit|p2a: Toxapex\n|-damage|p2a: Toxapex|46\/100\n|-damage|p1a: Flora|71\/100|[from] item: Life Orb\n|\n|-weather|none\n|-heal|p2a: Toxapex|52\/100|[from] item: Leftovers\n|upkeep\n|turn|28\n|\n|t:|1700207294\n|-terastallize|p1a: Flora|Grass\n|move|p2a: Toxapex|Baneful Bunker|p2a: Toxapex\n|-singleturn|p2a: Toxapex|move: Protect\n|move|p1a: Flora|Flower Trick|p2a: Toxapex\n|-activate|p2a: Toxapex|move: Protect\n|\n|-heal|p2a: Toxapex|58\/100|[from] item: Leftovers\n|upkeep\n|turn|29\n|\n|t:|1700207307\n|move|p1a: Flora|Flower Trick|p2a: Toxapex\n|-crit|p2a: Toxapex\n|-damage|p2a: Toxapex|8\/100\n|-damage|p1a: Flora|61\/100|[from] item: Life Orb\n|move|p2a: Toxapex|Toxic|p1a: Flora\n|-status|p1a: Flora|tox\n|\n|-heal|p2a: Toxapex|15\/100|[from] item: Leftovers\n|-damage|p1a: Flora|55\/100 tox|[from] psn\n|upkeep\n|turn|30\n|\n|t:|1700207319\n|switch|p1a: Anat|Espathra, F|100\/100\n|move|p2a: Toxapex|Recover|p2a: Toxapex\n|-heal|p2a: Toxapex|65\/100\n|\n|-heal|p2a: Toxapex|71\/100|[from] item: Leftovers\n|upkeep\n|turn|31\n|\n|t:|1700207327\n|move|p1a: Anat|Calm Mind|p1a: Anat\n|-boost|p1a: Anat|spa|1\n|-boost|p1a: Anat|spd|1\n|move|p2a: Toxapex|Toxic|p1a: Anat\n|-status|p1a: Anat|tox\n|\n|-heal|p2a: Toxapex|77\/100|[from] item: Leftovers\n|-damage|p1a: Anat|94\/100 tox|[from] psn\n|-ability|p1a: Anat|Speed Boost|boost\n|-boost|p1a: Anat|spe|1\n|upkeep\n|turn|32\n|\n|t:|1700207341\n|move|p2a: Toxapex|Baneful Bunker|p2a: Toxapex\n|-singleturn|p2a: Toxapex|move: Protect\n|move|p1a: Anat|Calm Mind|p1a: Anat\n|-boost|p1a: Anat|spa|1\n|-boost|p1a: Anat|spd|1\n|\n|-heal|p2a: Toxapex|83\/100|[from] item: Leftovers\n|-damage|p1a: Anat|82\/100 tox|[from] psn\n|-ability|p1a: Anat|Speed Boost|boost\n|-boost|p1a: Anat|spe|1\n|upkeep\n|turn|33\n|\n|t:|1700207345\n|move|p1a: Anat|Stored Power|p2a: Toxapex\n|-supereffective|p2a: Toxapex\n|-damage|p2a: Toxapex|0 fnt\n|faint|p2a: Toxapex\n|\n|-damage|p1a: Anat|64\/100 tox|[from] psn\n|-ability|p1a: Anat|Speed Boost|boost\n|-boost|p1a: Anat|spe|1\n|upkeep\n|c|\u2606LordeQuazzy|ow\n|\n|t:|1700207361\n|switch|p2a: Scovillain|Scovillain, M|100\/100\n|-damage|p2a: Scovillain|76\/100|[from] Stealth Rock\n|turn|34\n|\n|t:|1700207365\n|move|p2a: Scovillain|Protect|p2a: Scovillain\n|-singleturn|p2a: Scovillain|Protect\n|move|p1a: Anat|Baton Pass|p1a: Anat\n|\n|t:|1700207367\n|switch|p1a: Delphox|Delphox, M|100\/100|[from] Baton Pass\n|\n|-ability|p2a: Scovillain|Moody|boost\n|-boost|p2a: Scovillain|atk|2\n|-unboost|p2a: Scovillain|spa|1\n|upkeep\n|turn|35\n|\n|t:|1700207379\n|move|p1a: Delphox|Stored Power|p2a: Scovillain\n|-damage|p2a: Scovillain|0 fnt\n|faint|p2a: Scovillain\n|\n|upkeep\n|\n|t:|1700207384\n|switch|p2a: Blissey|Blissey, F|87\/100\n|-damage|p2a: Blissey|74\/100|[from] Stealth Rock\n|turn|36\n|\n|t:|1700207389\n|move|p1a: Delphox|Stored Power|p2a: Blissey\n|-damage|p2a: Blissey|36\/100\n|move|p2a: Blissey|Thunder Wave|p1a: Delphox\n|-status|p1a: Delphox|par\n|\n|-heal|p2a: Blissey|42\/100|[from] item: Leftovers\n|upkeep\n|turn|37\n|\n|t:|1700207394\n|move|p1a: Delphox|Stored Power|p2a: Blissey\n|-damage|p2a: Blissey|7\/100\n|move|p2a: Blissey|Soft-Boiled|p2a: Blissey\n|-heal|p2a: Blissey|57\/100\n|\n|-heal|p2a: Blissey|63\/100|[from] item: Leftovers\n|upkeep\n|turn|38\n|\n|t:|1700207398\n|cant|p1a: Delphox|par\n|move|p2a: Blissey|Soft-Boiled|p2a: Blissey\n|-heal|p2a: Blissey|100\/100\n|\n|upkeep\n|turn|39\n|\n|t:|1700207403\n|move|p1a: Delphox|Stored Power|p2a: Blissey\n|-damage|p2a: Blissey|62\/100\n|move|p2a: Blissey|Seismic Toss|p1a: Delphox\n|-damage|p1a: Delphox|72\/100 par\n|\n|-heal|p1a: Delphox|78\/100 par|[from] item: Leftovers\n|-heal|p2a: Blissey|68\/100|[from] item: Leftovers\n|upkeep\n|turn|40\n|\n|t:|1700207409\n|move|p1a: Delphox|Stored Power|p2a: Blissey\n|-damage|p2a: Blissey|29\/100\n|move|p2a: Blissey|Seismic Toss|p1a: Delphox\n|-damage|p1a: Delphox|50\/100 par\n|\n|-heal|p1a: Delphox|56\/100 par|[from] item: Leftovers\n|-heal|p2a: Blissey|36\/100|[from] item: Leftovers\n|upkeep\n|turn|41\n|\n|t:|1700207413\n|cant|p1a: Delphox|par\n|move|p2a: Blissey|Soft-Boiled|p2a: Blissey\n|-heal|p2a: Blissey|86\/100\n|\n|-heal|p1a: Delphox|63\/100 par|[from] item: Leftovers\n|-heal|p2a: Blissey|92\/100|[from] item: Leftovers\n|upkeep\n|turn|42\n|c|\u2606LordeQuazzy|whew\n|c|\u2606LordeQuazzy|I got greedy\n|\n|t:|1700207422\n|move|p1a: Delphox|Stored Power|p2a: Blissey\n|-crit|p2a: Blissey\n|-damage|p2a: Blissey|32\/100\n|move|p2a: Blissey|Seismic Toss|p1a: Delphox\n|-damage|p1a: Delphox|34\/100 par\n|\n|-heal|p1a: Delphox|41\/100 par|[from] item: Leftovers\n|-heal|p2a: Blissey|39\/100|[from] item: Leftovers\n|upkeep\n|turn|43\n|\n|t:|1700207428\n|move|p1a: Delphox|Stored Power|p2a: Blissey\n|-damage|p2a: Blissey|0 fnt\n|faint|p2a: Blissey\n|\n|-heal|p1a: Delphox|47\/100 par|[from] item: Leftovers\n|upkeep\n|\n|t:|1700207436\n|switch|p2a: Garganacl|Garganacl, F|100\/100\n|-damage|p2a: Garganacl|88\/100|[from] Stealth Rock\n|turn|44\n|\n|t:|1700207440\n|move|p1a: Delphox|Stored Power|p2a: Garganacl\n|-crit|p2a: Garganacl\n|-damage|p2a: Garganacl|0 fnt\n|faint|p2a: Garganacl\n|\n|-heal|p1a: Delphox|53\/100 par|[from] item: Leftovers\n|upkeep\n|\n|t:|1700207443\n|switch|p2a: Corviknight|Corviknight, M, tera:Dragon|97\/100\n|-damage|p2a: Corviknight|85\/100|[from] Stealth Rock\n|-ability|p2a: Corviknight|Pressure\n|turn|45\n|\n|t:|1700207456\n|move|p1a: Delphox|Stored Power|p2a: Corviknight\n|-damage|p2a: Corviknight|0 fnt\n|faint|p2a: Corviknight\n|\n|-heal|p1a: Delphox|59\/100 par|[from] item: Leftovers\n|upkeep\n|\n|t:|1700207459\n|switch|p2a: Dondozo|Dondozo, M|94\/100\n|-damage|p2a: Dondozo|82\/100|[from] Stealth Rock\n|turn|46\n|c|\u2606LordeQuazzy|gg wp\n|\n|t:|1700207466\n|cant|p1a: Delphox|par\n|move|p2a: Dondozo|Rest|p2a: Dondozo\n|-status|p2a: Dondozo|slp|[from] move: Rest\n|-heal|p2a: Dondozo|100\/100 slp|[silent]\n|\n|-heal|p1a: Delphox|65\/100 par|[from] item: Leftovers\n|upkeep\n|turn|47\n|c|\u2606papahue|Gg\n|\n|t:|1700207469\n|move|p1a: Delphox|Stored Power|p2a: Dondozo\n|-damage|p2a: Dondozo|34\/100 slp\n|cant|p2a: Dondozo|slp\n|move|p2a: Dondozo|Sleep Talk|p2a: Dondozo\n|move|p2a: Dondozo|Rest||[from]move: Sleep Talk|[still]\n|-fail|p2a: Dondozo\n|\n|-heal|p1a: Delphox|72\/100 par|[from] item: Leftovers\n|-heal|p2a: Dondozo|41\/100 slp|[from] item: Leftovers\n|upkeep\n|turn|48\n|\n|t:|1700207476\n|move|p1a: Delphox|Stored Power|p2a: Dondozo\n|-damage|p2a: Dondozo|0 fnt\n|faint|p2a: Dondozo\n|\n|win|papahue\n|raw|papahue's rating: 1380 &rarr; <strong>1409<\/strong><br \/>(+29 for winning)\n|raw|LordeQuazzy's rating: 1551 &rarr; <strong>1522<\/strong><br \/>(-29 for losing)\n|l|\u2606LordeQuazzy\n","uploadtime":1700207483,"views":15,"p1id":"papahue","p2id":"lordequazzy","formatid":"gen9anythinggoes","rating":1409,"private":0,"password":""}