{"id":"gen9anythinggoes-1986105580","p1":"megustaaf","p2":"TheKazoo","format":"[Gen 9] Anything Goes","log":"|j|\u2606megustaaf\n|j|\u2606TheKazoo\n|t:|1699450638\n|gametype|singles\n|player|p1|megustaaf|1|1034\n|player|p2|TheKazoo|ballguy|1127\n|teamsize|p1|6\n|teamsize|p2|6\n|gen|9\n|tier|[Gen 9] Anything Goes\n|rated|\n|rule|HP Percentage Mod: HP is shown in percentages\n|rule|Endless Battle Clause: Forcing endless battles is banned\n|clearpoke\n|poke|p1|Oricorio, M|\n|poke|p1|Slowbro, F|\n|poke|p1|Oricorio-Sensu, M|\n|poke|p1|Oricorio-Pom-Pom, M|\n|poke|p1|Oricorio-Pa'u, F|\n|poke|p1|Gliscor, F|\n|poke|p2|Basculegion, M|\n|poke|p2|Darkrai|\n|poke|p2|Decidueye-Hisui, M|\n|poke|p2|Dragapult, M|\n|poke|p2|Mewtwo|\n|poke|p2|Toxtricity-Low-Key, M|\n|teampreview\n|c|\u2606TheKazoo|good luck\n|c|\u2606megustaaf|welcome to the club please do not touch the dancers\n|\n|t:|1699450657\n|start\n|switch|p1a: dancer|Gliscor, F|100\/100\n|switch|p2a: Genesis|Mewtwo, shiny|100\/100\n|-ability|p2a: Genesis|Pressure\n|turn|1\n|c|\u2606TheKazoo|imma touch em\n|\n|t:|1699450666\n|move|p2a: Genesis|Psystrike|p1a: dancer\n|-damage|p1a: dancer|60\/100\n|move|p1a: dancer|Swords Dance|p1a: dancer\n|-boost|p1a: dancer|atk|2\n|\n|-status|p1a: dancer|tox|[from] item: Toxic Orb\n|upkeep\n|turn|2\n|c|\u2606megustaaf|your gonna have to deal with the bouncer then\n|\n|t:|1699450683\n|move|p2a: Genesis|Future Sight|p1a: dancer\n|-start|p2a: Genesis|move: Future Sight\n|move|p1a: dancer|Swords Dance|p1a: dancer\n|-boost|p1a: dancer|atk|2\n|\n|-heal|p1a: dancer|73\/100 tox|[from] ability: Poison Heal\n|upkeep\n|turn|3\n|c|\u2606TheKazoo|you should have given it the poison heal ability\n|c|\u2606megustaaf|i did\n|n|!TheKazoo|thekazoo\n|\n|t:|1699450727\n|move|p2a: Genesis|Psystrike|p1a: dancer\n|-damage|p1a: dancer|32\/100 tox\n|move|p1a: dancer|Agility|p1a: dancer\n|-boost|p1a: dancer|spe|2\n|\n|-heal|p1a: dancer|45\/100 tox|[from] ability: Poison Heal\n|upkeep\n|turn|4\n|inactive|Battle timer is ON: inactive players will automatically lose when time's up. (requested by megustaaf)\n|\n|t:|1699450736\n|move|p1a: dancer|Baton Pass|p1a: dancer\n|\n|t:|1699450741\n|switch|p1a: dancer 5|Oricorio-Sensu, M|100\/100|[from] Baton Pass\n|move|p2a: Genesis|Psystrike|p1a: dancer 5\n|-damage|p1a: dancer 5|34\/100\n|\n|-end|p1a: dancer 5|move: Future Sight\n|-damage|p1a: dancer 5|0 fnt\n|faint|p1a: dancer 5\n|upkeep\n|\n|t:|1699450751\n|switch|p1a: dancer 3|Oricorio-Pom-Pom, M|100\/100\n|turn|5\n|c|\u2606megustaaf|forgot about future sight\n|\n|t:|1699450762\n|move|p2a: Genesis|Psystrike|p1a: dancer 3\n|-damage|p1a: dancer 3|36\/100\n|move|p1a: dancer 3|Quiver Dance|p1a: dancer 3\n|-boost|p1a: dancer 3|spa|1\n|-boost|p1a: dancer 3|spd|1\n|-boost|p1a: dancer 3|spe|1\n|\n|-heal|p1a: dancer 3|42\/100|[from] item: Leftovers\n|upkeep\n|turn|6\n|\n|t:|1699450772\n|move|p1a: dancer 3|Protect|p1a: dancer 3\n|-singleturn|p1a: dancer 3|Protect\n|move|p2a: Genesis|Future Sight|p1a: dancer 3\n|-start|p2a: Genesis|move: Future Sight\n|\n|-heal|p1a: dancer 3|48\/100|[from] item: Leftovers\n|upkeep\n|turn|7\n|\n|t:|1699450778\n|move|p1a: dancer 3|Quiver Dance|p1a: dancer 3\n|-boost|p1a: dancer 3|spa|1\n|-boost|p1a: dancer 3|spd|1\n|-boost|p1a: dancer 3|spe|1\n|move|p2a: Genesis|Psystrike|p1a: dancer 3\n|-damage|p1a: dancer 3|0 fnt\n|faint|p1a: dancer 3\n|\n|upkeep\n|-message|megustaaf forfeited.\n|\n|win|TheKazoo\n|raw|megustaaf's rating: 1034 &rarr; <strong>1023<\/strong><br \/>(-11 for losing)\n|raw|TheKazoo's rating: 1127 &rarr; <strong>1145<\/strong><br \/>(+18 for winning)\n|l|\u2606megustaaf\n","uploadtime":1699450714,"views":5,"p1id":"megustaaf","p2id":"thekazoo","formatid":"gen9anythinggoes","rating":1023,"private":0,"password":""}