{"id":"gen9anythinggoes-1997620990","p1":"laprasplayer","p2":"eavo","format":"[Gen 9] Anything Goes","log":"|j|\u2606laprasplayer\n|j|\u2606eavo\n|t:|1700834010\n|gametype|singles\n|player|p1|laprasplayer|waitress-gen4|\n|player|p2|eavo|erika-gen2|\n|teamsize|p1|6\n|teamsize|p2|6\n|gen|9\n|tier|[Gen 9] Anything Goes\n|rule|HP Percentage Mod: HP is shown in percentages\n|rule|Endless Battle Clause: Forcing endless battles is banned\n|clearpoke\n|poke|p1|Zorua-Hisui, F|\n|poke|p1|Hatterene, F|\n|poke|p1|Arceus|\n|poke|p1|Rayquaza|\n|poke|p1|Calyrex-Shadow|\n|poke|p1|Dachsbun, F|\n|poke|p2|Rayquaza|\n|poke|p2|Calyrex-Shadow|\n|poke|p2|Arceus|\n|poke|p2|Landorus-Therian, M|\n|poke|p2|Ting-Lu|\n|poke|p2|Koraidon|\n|teampreview\n|inactive|Battle timer is ON: inactive players will automatically lose when time's up. (requested by eavo)\n|c|\u2606eavo|;\n|c|\u2606laprasplayer|that team looks a bit familiar\n|c|\u2606eavo|that just straight up loses to cm wisp fairy\n|inactive|laprasplayer has 270 seconds left.\n|inactive|eavo has 270 seconds left.\n|c|\u2606eavo|unless u got that sus tech\n|inactive|eavo has 240 seconds left.\n|\n|t:|1700834072\n|start\n|switch|p1a: Calyrex|Calyrex-Shadow|100\/100\n|switch|p2a: Split In Half|Ting-Lu|100\/100\n|-ability|p1a: Calyrex|As One\n|-ability|p1a: Calyrex|Unnerve\n|-ability|p2a: Split In Half|Vessel of Ruin\n|turn|1\n|\n|t:|1700834077\n|move|p1a: Calyrex|Leaf Storm|p2a: Split In Half|[miss]\n|-miss|p1a: Calyrex|p2a: Split In Half\n|move|p2a: Split In Half|Earthquake|p1a: Calyrex\n|-damage|p1a: Calyrex|56\/100\n|\n|upkeep\n|turn|2\n|\n|t:|1700834083\n|move|p1a: Calyrex|Nasty Plot|p1a: Calyrex\n|-boost|p1a: Calyrex|spa|2\n|move|p2a: Split In Half|Earthquake|p1a: Calyrex\n|-damage|p1a: Calyrex|12\/100\n|\n|upkeep\n|turn|3\n|\n|t:|1700834092\n|switch|p2a: Never Seen Again|Arceus, shiny|100\/100\n|move|p1a: Calyrex|Leaf Storm|p2a: Never Seen Again\n|-damage|p2a: Never Seen Again|25\/100\n|-unboost|p1a: Calyrex|spa|2\n|-enditem|p1a: Calyrex|Eject Pack\n|\n|t:|1700834097\n|switch|p1a: Rayquaza|Rayquaza|100\/100\n|-ability|p1a: Rayquaza|Air Lock\n|\n|upkeep\n|turn|4\n|\n|t:|1700834102\n|move|p2a: Never Seen Again|Extreme Speed|p1a: Rayquaza\n|-damage|p1a: Rayquaza|58\/100\n|move|p1a: Rayquaza|Dragon Ascent|p2a: Never Seen Again\n|-damage|p2a: Never Seen Again|0 fnt\n|-unboost|p1a: Rayquaza|def|1\n|-unboost|p1a: Rayquaza|spd|1\n|faint|p2a: Never Seen Again\n|\n|upkeep\n|\n|t:|1700834109\n|switch|p2a: Last Wish|Koraidon|100\/100\n|-weather|SunnyDay|[from] ability: Orichalcum Pulse|[of] p2a: Last Wish\n|-activate|p2a: Last Wish|Orichalcum Pulse|[source]\n|turn|5\n|\n|t:|1700834117\n|move|p2a: Last Wish|U-turn|p1a: Rayquaza\n|-resisted|p1a: Rayquaza\n|-damage|p1a: Rayquaza|36\/100\n|\n|t:|1700834119\n|switch|p2a: In The Clouds|Landorus-Therian, M, shiny|100\/100|[from] U-turn\n|-ability|p2a: In The Clouds|Intimidate|boost\n|-unboost|p1a: Rayquaza|atk|1\n|move|p1a: Rayquaza|Dragon Ascent|p2a: In The Clouds\n|-damage|p2a: In The Clouds|50\/100\n|-unboost|p1a: Rayquaza|def|1\n|-unboost|p1a: Rayquaza|spd|1\n|-damage|p1a: Rayquaza|20\/100|[from] item: Rocky Helmet|[of] p2a: In The Clouds\n|\n|-weather|SunnyDay|[upkeep]\n|upkeep\n|turn|6\n|\n|t:|1700834123\n|move|p1a: Rayquaza|Dragon Ascent|p2a: In The Clouds\n|-crit|p2a: In The Clouds\n|-damage|p2a: In The Clouds|0 fnt\n|-unboost|p1a: Rayquaza|def|1\n|-unboost|p1a: Rayquaza|spd|1\n|-damage|p1a: Rayquaza|3\/100|[from] item: Rocky Helmet|[of] p2a: In The Clouds\n|faint|p2a: In The Clouds\n|\n|-weather|SunnyDay|[upkeep]\n|upkeep\n|\n|t:|1700834128\n|switch|p2a: Holy Ghost|Calyrex-Shadow|100\/100\n|-ability|p2a: Holy Ghost|As One\n|-ability|p2a: Holy Ghost|Unnerve\n|turn|7\n|\n|t:|1700834133\n|switch|p1a: Dachsbun|Dachsbun, F|100\/100\n|move|p2a: Holy Ghost|Grass Knot|p1a: Dachsbun\n|-damage|p1a: Dachsbun|7\/100\n|replace|p1a: Zorua|Zorua-Hisui, F\n|-end|p1a: Zorua|Illusion\n|\n|-weather|SunnyDay|[upkeep]\n|upkeep\n|turn|8\n|\n|t:|1700834137\n|move|p1a: Zorua|Shadow Sneak|p2a: Holy Ghost\n|-supereffective|p2a: Holy Ghost\n|-damage|p2a: Holy Ghost|30\/100\n|move|p2a: Holy Ghost|Grass Knot|p1a: Zorua\n|-damage|p1a: Zorua|0 fnt\n|faint|p1a: Zorua\n|-ability|p2a: Holy Ghost|Grim Neigh|boost\n|-boost|p2a: Holy Ghost|spa|1\n|\n|-weather|SunnyDay|[upkeep]\n|upkeep\n|\n|t:|1700834140\n|switch|p1a: Arceus|Arceus|100\/100\n|turn|9\n|\n|t:|1700834156\n|switch|p2a: Last Wish|Koraidon|100\/100\n|-activate|p2a: Last Wish|ability: Orichalcum Pulse\n|switch|p1a: Rayquaza|Rayquaza|3\/100\n|-ability|p1a: Rayquaza|Air Lock\n|\n|-weather|none\n|upkeep\n|turn|10\n|\n|t:|1700834164\n|move|p1a: Rayquaza|Extreme Speed|p2a: Last Wish\n|-damage|p2a: Last Wish|56\/100\n|move|p2a: Last Wish|U-turn|p1a: Rayquaza\n|-resisted|p1a: Rayquaza\n|-damage|p1a: Rayquaza|0 fnt\n|faint|p1a: Rayquaza\n|\n|t:|1700834172\n|switch|p2a: Cobalt Snake|Rayquaza, shiny|100\/100|[from] U-turn\n|-ability|p2a: Cobalt Snake|Air Lock\n|\n|upkeep\n|\n|t:|1700834175\n|switch|p1a: Calyrex|Calyrex-Shadow|12\/100\n|-ability|p1a: Calyrex|As One\n|-ability|p1a: Calyrex|Unnerve\n|turn|11\n|\n|t:|1700834185\n|switch|p2a: Split In Half|Ting-Lu|100\/100\n|-ability|p2a: Split In Half|Vessel of Ruin\n|move|p1a: Calyrex|Astral Barrage|p2a: Split In Half\n|-resisted|p2a: Split In Half\n|-damage|p2a: Split In Half|85\/100\n|\n|-heal|p2a: Split In Half|91\/100|[from] item: Leftovers\n|upkeep\n|turn|12\n|\n|t:|1700834193\n|switch|p1a: Hatterene|Hatterene, F|100\/100\n|move|p2a: Split In Half|Spikes|p1a: Hatterene\n|move|p1a: Hatterene|Spikes|p2a: Split In Half|[from]ability: Magic Bounce\n|-sidestart|p2: eavo|Spikes\n|\n|-heal|p2a: Split In Half|97\/100|[from] item: Leftovers\n|upkeep\n|turn|13\n|c|\u2606eavo|._.\n|\n|t:|1700834199\n|move|p2a: Split In Half|Earthquake|p1a: Hatterene\n|-damage|p1a: Hatterene|68\/100\n|move|p1a: Hatterene|Calm Mind|p1a: Hatterene\n|-boost|p1a: Hatterene|spa|1\n|-boost|p1a: Hatterene|spd|1\n|\n|-heal|p2a: Split In Half|100\/100|[from] item: Leftovers\n|-heal|p1a: Hatterene|74\/100|[from] item: Leftovers\n|upkeep\n|turn|14\n|\n|t:|1700834202\n|move|p2a: Split In Half|Earthquake|p1a: Hatterene\n|-damage|p1a: Hatterene|45\/100\n|move|p1a: Hatterene|Draining Kiss|p2a: Split In Half\n|-supereffective|p2a: Split In Half\n|-damage|p2a: Split In Half|74\/100\n|-heal|p1a: Hatterene|78\/100|[from] drain|[of] p2a: Split In Half\n|\n|-heal|p2a: Split In Half|80\/100|[from] item: Leftovers\n|-heal|p1a: Hatterene|84\/100|[from] item: Leftovers\n|upkeep\n|turn|15\n|\n|t:|1700834204\n|move|p2a: Split In Half|Ruination|p1a: Hatterene\n|-damage|p1a: Hatterene|42\/100\n|move|p1a: Hatterene|Draining Kiss|p2a: Split In Half\n|-supereffective|p2a: Split In Half\n|-damage|p2a: Split In Half|54\/100\n|-heal|p1a: Hatterene|74\/100|[from] drain|[of] p2a: Split In Half\n|\n|-heal|p2a: Split In Half|60\/100|[from] item: Leftovers\n|-heal|p1a: Hatterene|80\/100|[from] item: Leftovers\n|upkeep\n|turn|16\n|\n|t:|1700834212\n|move|p2a: Split In Half|Ruination|p1a: Hatterene|[miss]\n|-miss|p2a: Split In Half|p1a: Hatterene\n|move|p1a: Hatterene|Draining Kiss|p2a: Split In Half\n|-supereffective|p2a: Split In Half\n|-damage|p2a: Split In Half|32\/100\n|-heal|p1a: Hatterene|100\/100|[from] drain|[of] p2a: Split In Half\n|\n|-heal|p2a: Split In Half|38\/100|[from] item: Leftovers\n|upkeep\n|turn|17\n|\n|t:|1700834214\n|move|p2a: Split In Half|Ruination|p1a: Hatterene\n|-damage|p1a: Hatterene|50\/100\n|move|p1a: Hatterene|Draining Kiss|p2a: Split In Half\n|-supereffective|p2a: Split In Half\n|-damage|p2a: Split In Half|11\/100\n|-heal|p1a: Hatterene|83\/100|[from] drain|[of] p2a: Split In Half\n|\n|-heal|p2a: Split In Half|18\/100|[from] item: Leftovers\n|-heal|p1a: Hatterene|89\/100|[from] item: Leftovers\n|upkeep\n|turn|18\n|\n|t:|1700834217\n|move|p2a: Split In Half|Ruination|p1a: Hatterene\n|-damage|p1a: Hatterene|45\/100\n|move|p1a: Hatterene|Draining Kiss|p2a: Split In Half\n|-supereffective|p2a: Split In Half\n|-damage|p2a: Split In Half|0 fnt\n|-heal|p1a: Hatterene|66\/100|[from] drain|[of] p2a: Split In Half\n|faint|p2a: Split In Half\n|\n|-heal|p1a: Hatterene|72\/100|[from] item: Leftovers\n|upkeep\n|\n|t:|1700834220\n|switch|p2a: Last Wish|Koraidon|56\/100\n|-damage|p2a: Last Wish|44\/100|[from] Spikes\n|-weather|SunnyDay|[from] ability: Orichalcum Pulse|[of] p2a: Last Wish\n|-activate|p2a: Last Wish|Orichalcum Pulse|[source]\n|turn|19\n|\n|t:|1700834225\n|switch|p1a: Dachsbun|Dachsbun, F|100\/100\n|move|p2a: Last Wish|Flare Blitz|p1a: Dachsbun\n|-ability|p1a: Dachsbun|Well-Baked Body|boost\n|-boost|p1a: Dachsbun|def|2\n|\n|-weather|SunnyDay|[upkeep]\n|upkeep\n|turn|20\n|\n|t:|1700834231\n|switch|p2a: Holy Ghost|Calyrex-Shadow|30\/100\n|-ability|p2a: Holy Ghost|As One\n|-ability|p2a: Holy Ghost|Unnerve\n|move|p1a: Dachsbun|Play Rough|p2a: Holy Ghost\n|-damage|p2a: Holy Ghost|0 fnt\n|faint|p2a: Holy Ghost\n|\n|-weather|SunnyDay|[upkeep]\n|upkeep\n|\n|t:|1700834234\n|switch|p2a: Cobalt Snake|Rayquaza, shiny|100\/100\n|-ability|p2a: Cobalt Snake|Air Lock\n|turn|21\n|\n|t:|1700834239\n|-terastallize|p2a: Cobalt Snake|Ghost\n|move|p2a: Cobalt Snake|Dragon Dance|p2a: Cobalt Snake\n|-boost|p2a: Cobalt Snake|atk|1\n|-boost|p2a: Cobalt Snake|spe|1\n|move|p1a: Dachsbun|Roar|p2a: Cobalt Snake\n|drag|p2a: Last Wish|Koraidon|44\/100\n|-damage|p2a: Last Wish|31\/100|[from] Spikes\n|-activate|p2a: Last Wish|ability: Orichalcum Pulse\n|\n|-weather|SunnyDay|[upkeep]\n|upkeep\n|turn|22\n|c|\u2606eavo|dawg\n|\n|t:|1700834246\n|move|p2a: Last Wish|Low Kick|p1a: Dachsbun\n|-resisted|p1a: Dachsbun\n|-damage|p1a: Dachsbun|95\/100\n|move|p1a: Dachsbun|Wish|p1a: Dachsbun\n|\n|-weather|SunnyDay|[upkeep]\n|-heal|p1a: Dachsbun|100\/100|[from] item: Leftovers\n|upkeep\n|turn|23\n|\n|t:|1700834248\n|switch|p1a: Calyrex|Calyrex-Shadow|12\/100\n|-ability|p1a: Calyrex|As One\n|-ability|p1a: Calyrex|Unnerve\n|move|p2a: Last Wish|Low Kick|p1a: Calyrex\n|-immune|p1a: Calyrex\n|\n|-weather|none\n|-heal|p1a: Calyrex|58\/100|[from] move: Wish|[wisher] Dachsbun\n|upkeep\n|turn|24\n|\n|t:|1700834251\n|move|p2a: Last Wish|Low Kick|p1a: Calyrex\n|-immune|p1a: Calyrex\n|move|p1a: Calyrex|Astral Barrage|p2a: Last Wish\n|-damage|p2a: Last Wish|0 fnt\n|faint|p2a: Last Wish\n|-ability|p1a: Calyrex|Grim Neigh|boost\n|-boost|p1a: Calyrex|spa|1\n|\n|upkeep\n|\n|t:|1700834253\n|switch|p2a: Cobalt Snake|Rayquaza, shiny, tera:Ghost|100\/100\n|-ability|p2a: Cobalt Snake|Air Lock\n|turn|25\n|c|\u2606laprasplayer|NAAAH\n|c|\u2606eavo|e\n|\n|t:|1700834265\n|move|p1a: Calyrex|Astral Barrage|p2a: Cobalt Snake\n|-supereffective|p2a: Cobalt Snake\n|-damage|p2a: Cobalt Snake|0 fnt\n|faint|p2a: Cobalt Snake\n|\n|win|laprasplayer\n|c|\u2606laprasplayer|Imma send this to zorry\n|c|\u2606eavo|no\n","uploadtime":1700834272,"views":8,"p1id":"laprasplayer","p2id":"eavo","formatid":"gen9anythinggoes","rating":0,"private":0,"password":""}