{"id":"gen9anythinggoes-1987939492","p1":"M1KEnNIKE","p2":"Gooooper","format":"[Gen 9] Anything Goes","log":"|j|\u2606M1KEnNIKE\n|j|\u2606Gooooper\n|t:|1699651202\n|gametype|singles\n|player|p1|M1KEnNIKE|ninjaboy|1422\n|player|p2|Gooooper|evelyn|1542\n|teamsize|p1|6\n|teamsize|p2|6\n|gen|9\n|tier|[Gen 9] Anything Goes\n|rated|\n|rule|HP Percentage Mod: HP is shown in percentages\n|rule|Endless Battle Clause: Forcing endless battles is banned\n|clearpoke\n|poke|p1|Zacian-*|\n|poke|p1|Ditto|\n|poke|p1|Eternatus|\n|poke|p1|Kyogre|\n|poke|p1|Annihilape, M|\n|poke|p1|Groudon|\n|poke|p2|Ditto|\n|poke|p2|Wooper-Paldea, M|\n|poke|p2|Clodsire, M|\n|poke|p2|Arceus|\n|poke|p2|Eternatus|\n|poke|p2|Calyrex-Shadow|\n|teampreview\n|inactive|Battle timer is ON: inactive players will automatically lose when time's up. (requested by Gooooper)\n|\n|t:|1699651232\n|start\n|switch|p1a: Zacian|Zacian-Crowned|100\/100\n|switch|p2a: Gooper|Wooper-Paldea, M, shiny|100\/100\n|-ability|p1a: Zacian|Intrepid Sword|boost\n|-boost|p1a: Zacian|atk|1\n|turn|1\n|\n|t:|1699651243\n|switch|p2a: Clod|Clodsire, M, shiny|100\/100\n|move|p1a: Zacian|Swords Dance|p1a: Zacian\n|-boost|p1a: Zacian|atk|2\n|\n|upkeep\n|turn|2\n|\n|t:|1699651248\n|move|p1a: Zacian|Behemoth Blade|p2a: Clod\n|-damage|p2a: Clod|57\/100\n|move|p2a: Clod|Stealth Rock|p1a: Zacian\n|-sidestart|p1: M1KEnNIKE|move: Stealth Rock\n|\n|-heal|p2a: Clod|63\/100|[from] item: Leftovers\n|upkeep\n|turn|3\n|\n|t:|1699651260\n|move|p1a: Zacian|Behemoth Blade|p2a: Clod\n|-damage|p2a: Clod|20\/100\n|move|p2a: Clod|Recover|p2a: Clod\n|-heal|p2a: Clod|70\/100\n|\n|-heal|p2a: Clod|76\/100|[from] item: Leftovers\n|upkeep\n|turn|4\n|\n|t:|1699651268\n|move|p1a: Zacian|Behemoth Blade|p2a: Clod\n|-damage|p2a: Clod|36\/100\n|move|p2a: Clod|Recover|p2a: Clod\n|-heal|p2a: Clod|86\/100\n|\n|-heal|p2a: Clod|92\/100|[from] item: Leftovers\n|upkeep\n|turn|5\n|\n|t:|1699651276\n|move|p1a: Zacian|Close Combat|p2a: Clod\n|-resisted|p2a: Clod\n|-damage|p2a: Clod|77\/100\n|-unboost|p1a: Zacian|def|1\n|-unboost|p1a: Zacian|spd|1\n|move|p2a: Clod|Yawn|p1a: Zacian\n|-start|p1a: Zacian|move: Yawn|[of] p2a: Clod\n|\n|-heal|p2a: Clod|83\/100|[from] item: Leftovers\n|upkeep\n|turn|6\n|\n|t:|1699651289\n|move|p1a: Zacian|Behemoth Blade|p2a: Clod\n|-damage|p2a: Clod|43\/100\n|move|p2a: Clod|Earthquake|p1a: Zacian\n|-supereffective|p1a: Zacian\n|-damage|p1a: Zacian|47\/100\n|\n|-heal|p2a: Clod|49\/100|[from] item: Leftovers\n|-end|p1a: Zacian|move: Yawn|[silent]\n|-status|p1a: Zacian|slp\n|upkeep\n|turn|7\n|\n|t:|1699651299\n|switch|p2a: Blue|Ditto, shiny|100\/100\n|-transform|p2a: Blue|p1a: Zacian|[from] ability: Imposter\n|-ability|p2a: Blue|Intrepid Sword|boost\n|-boost|p2a: Blue|atk|1\n|cant|p1a: Zacian|slp\n|\n|upkeep\n|turn|8\n|\n|t:|1699651309\n|move|p2a: Blue|Behemoth Blade|p1a: Zacian\n|-damage|p1a: Zacian|0 fnt\n|faint|p1a: Zacian\n|\n|upkeep\n|\n|t:|1699651313\n|switch|p1a: Kyogre|Kyogre|100\/100\n|-damage|p1a: Kyogre|88\/100|[from] Stealth Rock\n|-weather|RainDance|[from] ability: Drizzle|[of] p1a: Kyogre\n|turn|9\n|\n|t:|1699651319\n|-terastallize|p1a: Kyogre|Fire\n|move|p2a: Blue|Behemoth Blade|p1a: Kyogre\n|-resisted|p1a: Kyogre\n|-damage|p1a: Kyogre|0 fnt\n|faint|p1a: Kyogre\n|\n|-weather|RainDance|[upkeep]\n|upkeep\n|\n|t:|1699651327\n|switch|p1a: Ditto|Ditto, shiny|100\/100\n|-damage|p1a: Ditto|88\/100|[from] Stealth Rock\n|turn|10\n|\n|t:|1699651331\n|move|p2a: Blue|Behemoth Blade|p1a: Ditto\n|-damage|p1a: Ditto|0 fnt\n|faint|p1a: Ditto\n|\n|-weather|RainDance|[upkeep]\n|upkeep\n|\n|t:|1699651337\n|switch|p1a: Annihilape|Annihilape, M|100\/100\n|-damage|p1a: Annihilape|94\/100|[from] Stealth Rock\n|turn|11\n|\n|t:|1699651341\n|move|p2a: Blue|Behemoth Blade|p1a: Annihilape\n|-damage|p1a: Annihilape|0 fnt\n|faint|p1a: Annihilape\n|\n|-weather|RainDance|[upkeep]\n|upkeep\n|\n|t:|1699651344\n|switch|p1a: Groudon|Groudon|100\/100\n|-damage|p1a: Groudon|94\/100|[from] Stealth Rock\n|-weather|SunnyDay|[from] ability: Drought|[of] p1a: Groudon\n|turn|12\n|\n|t:|1699651350\n|move|p2a: Blue|Behemoth Blade|p1a: Groudon\n|-damage|p1a: Groudon|0 fnt\n|faint|p1a: Groudon\n|\n|-weather|SunnyDay|[upkeep]\n|upkeep\n|\n|t:|1699651354\n|switch|p1a: Eternatus|Eternatus|100\/100\n|-damage|p1a: Eternatus|88\/100|[from] Stealth Rock\n|-ability|p1a: Eternatus|Pressure\n|turn|13\n|\n|t:|1699651359\n|-activate|p2a: Blue|move: Struggle\n|move|p2a: Blue|Struggle|p1a: Eternatus\n|-damage|p1a: Eternatus|40\/100\n|-damage|p2a: Blue|75\/100|[from] recoil\n|move|p1a: Eternatus|Flamethrower|p2a: Blue\n|-supereffective|p2a: Blue\n|-crit|p2a: Blue\n|-damage|p2a: Blue|0 fnt\n|faint|p2a: Blue\n|\n|-weather|SunnyDay|[upkeep]\n|-heal|p1a: Eternatus|46\/100|[from] item: Black Sludge\n|upkeep\n|\n|t:|1699651380\n|switch|p2a: Le Grapin|Eternatus, shiny|100\/100\n|-ability|p2a: Le Grapin|Pressure\n|turn|14\n|\n|t:|1699651385\n|-terastallize|p2a: Le Grapin|Fairy\n|move|p2a: Le Grapin|Dynamax Cannon|p1a: Eternatus\n|-supereffective|p1a: Eternatus\n|-damage|p1a: Eternatus|0 fnt\n|faint|p1a: Eternatus\n|\n|win|Gooooper\n|raw|M1KEnNIKE's rating: 1422 &rarr; <strong>1409<\/strong><br \/>(-13 for losing)\n|raw|Gooooper's rating: 1542 &rarr; <strong>1555<\/strong><br \/>(+13 for winning)\n|l|\u2606M1KEnNIKE\n","uploadtime":1699651401,"views":3,"p1id":"m1kennike","p2id":"gooooper","formatid":"gen9anythinggoes","rating":1409,"private":0,"password":""}