{"id":"gen9anythinggoes-1987295259","p1":"GreekMango","p2":"Jimbo Lets go","format":"[Gen 9] Anything Goes","log":"|j|\u2606GreekMango\n|j|\u2606Jimbo Lets go\n|t:|1699574292\n|gametype|singles\n|player|p1|GreekMango|ethan|1054\n|player|p2|Jimbo Lets go|alec-anime|1072\n|teamsize|p1|6\n|teamsize|p2|6\n|gen|9\n|tier|[Gen 9] Anything Goes\n|rated|\n|rule|HP Percentage Mod: HP is shown in percentages\n|rule|Endless Battle Clause: Forcing endless battles is banned\n|clearpoke\n|poke|p1|Pincurchin, M|\n|poke|p1|Gholdengo|\n|poke|p1|Dragapult, M|\n|poke|p1|Clodsire, F|\n|poke|p1|Scovillain, M|\n|poke|p1|Greninja-*, F|\n|poke|p2|Walking Wake|\n|poke|p2|Torkoal, M|\n|poke|p2|Lucario, M|\n|poke|p2|Ninetales-Alola, F|\n|poke|p2|Calyrex-Shadow|\n|poke|p2|Urshifu-*, M|\n|teampreview\n|inactive|Battle timer is ON: inactive players will automatically lose when time's up. (requested by GreekMango)\n|\n|t:|1699574298\n|start\n|switch|p1a: Frigo|Gholdengo|100\/100\n|switch|p2a: Torkoal|Torkoal, M, shiny|100\/100\n|-weather|SunnyDay|[from] ability: Drought|[of] p2a: Torkoal\n|turn|1\n|\n|t:|1699574308\n|move|p1a: Frigo|Substitute|p1a: Frigo\n|-start|p1a: Frigo|Substitute\n|-damage|p1a: Frigo|76\/100\n|move|p2a: Torkoal|Eruption|p1a: Frigo\n|-supereffective|p1a: Frigo\n|-end|p1a: Frigo|Substitute\n|\n|-weather|SunnyDay|[upkeep]\n|upkeep\n|turn|2\n|\n|t:|1699574334\n|switch|p1a: sPiKeY bOi|Pincurchin, M|100\/100\n|move|p2a: Torkoal|Eruption|p1a: sPiKeY bOi\n|-damage|p1a: sPiKeY bOi|0 fnt\n|faint|p1a: sPiKeY bOi\n|\n|-weather|SunnyDay|[upkeep]\n|upkeep\n|c|\u2606GreekMango|BARRIER\n|inactive|GreekMango has 120 seconds left.\n|\n|t:|1699574350\n|switch|p1a: Greninja|Greninja, F|100\/100\n|turn|3\n|\n|t:|1699574363\n|move|p1a: Greninja|Gunk Shot|p2a: Torkoal|[miss]\n|-start|p1a: Greninja|typechange|Poison|[from] ability: Protean\n|-miss|p1a: Greninja|p2a: Torkoal\n|move|p2a: Torkoal|Earthquake|p1a: Greninja\n|-supereffective|p1a: Greninja\n|-damage|p1a: Greninja|38\/100\n|\n|-weather|SunnyDay|[upkeep]\n|upkeep\n|turn|4\n|\n|t:|1699574374\n|move|p1a: Greninja|Hydro Pump|p2a: Torkoal\n|-supereffective|p2a: Torkoal\n|-damage|p2a: Torkoal|32\/100\n|-damage|p1a: Greninja|28\/100|[from] item: Life Orb\n|move|p2a: Torkoal|Earthquake|p1a: Greninja\n|-supereffective|p1a: Greninja\n|-damage|p1a: Greninja|0 fnt\n|faint|p1a: Greninja\n|\n|-weather|SunnyDay|[upkeep]\n|upkeep\n|c|\u2606GreekMango|LMAO\n|inactive|GreekMango has 120 seconds left.\n|\n|t:|1699574385\n|switch|p1a: BRADABRADA|Scovillain, M|100\/100\n|turn|5\n|inactive|GreekMango has 120 seconds left.\n|\n|t:|1699574408\n|switch|p1a: BigBoy|Dragapult, M|100\/100\n|move|p2a: Torkoal|Earthquake|p1a: BigBoy\n|-damage|p1a: BigBoy|81\/100\n|\n|-weather|none\n|upkeep\n|turn|6\n|inactive|GreekMango has 120 seconds left.\n|\n|t:|1699574439\n|switch|p2a: Ninetales|Ninetales-Alola, F|100\/100\n|-weather|Snow|[from] ability: Snow Warning|[of] p2a: Ninetales\n|move|p1a: BigBoy|Acrobatics|p2a: Ninetales\n|-damage|p2a: Ninetales|86\/100\n|\n|-weather|Snow|[upkeep]\n|-heal|p2a: Ninetales|92\/100|[from] item: Leftovers\n|upkeep\n|turn|7\n|\n|t:|1699574451\n|switch|p1a: BRADABRADA|Scovillain, M|100\/100\n|move|p2a: Ninetales|Calm Mind|p2a: Ninetales\n|-boost|p2a: Ninetales|spa|1\n|-boost|p2a: Ninetales|spd|1\n|\n|-weather|Snow|[upkeep]\n|-heal|p2a: Ninetales|98\/100|[from] item: Leftovers\n|upkeep\n|turn|8\n|\n|t:|1699574460\n|move|p2a: Ninetales|Blizzard|p1a: BRADABRADA\n|-damage|p1a: BRADABRADA|0 fnt\n|faint|p1a: BRADABRADA\n|\n|-weather|Snow|[upkeep]\n|-heal|p2a: Ninetales|100\/100|[from] item: Leftovers\n|upkeep\n|c|\u2606GreekMango|huh\n|\n|t:|1699574469\n|switch|p1a: UGABUGA|Clodsire, F|100\/100\n|turn|9\n|\n|t:|1699574475\n|move|p2a: Ninetales|Baton Pass|p2a: Ninetales\n|-message|GreekMango forfeited.\n|\n|win|Jimbo Lets go\n|raw|GreekMango's rating: 1054 &rarr; <strong>1037<\/strong><br \/>(-17 for losing)\n|raw|Jimbo Lets go's rating: 1072 &rarr; <strong>1100<\/strong><br \/>(+28 for winning)\n|l|\u2606GreekMango\n","uploadtime":1699574493,"views":8,"p1id":"greekmango","p2id":"jimboletsgo","formatid":"gen9anythinggoes","rating":1037,"private":0,"password":""}