{"id":"gen9anythinggoes-1989909104","p1":"Bitiano","p2":"Alolan Golem 228","format":"[Gen 9] Anything Goes","log":"|j|\u2606Bitiano\n|j|\u2606Alolan Golem 228\n|t:|1699905854\n|gametype|singles\n|player|p1|Bitiano|unknown|1006\n|player|p2|Alolan Golem 228|266|1000\n|teamsize|p1|6\n|teamsize|p2|1\n|gen|9\n|tier|[Gen 9] Anything Goes\n|rated|\n|rule|HP Percentage Mod: HP is shown in percentages\n|rule|Endless Battle Clause: Forcing endless battles is banned\n|clearpoke\n|poke|p1|Talonflame, L88, M|\n|poke|p1|Sunflora, L77, F|\n|poke|p1|Forretress, L80, M|\n|poke|p1|Hawlucha, L88, M|\n|poke|p1|Lilligant-Hisui, L89, F|\n|poke|p1|Azumarill, L90, F|\n|poke|p2|Flutter Mane|\n|teampreview\n|\n|t:|1699905865\n|start\n|switch|p1a: Hawlucha|Hawlucha, L88, M, shiny|100\/100\n|switch|p2a: Flutter Mane|Flutter Mane|100\/100\n|turn|1\n|c|\u2606Alolan Golem 228|trick room\n|\n|t:|1699905874\n|-terastallize|p1a: Hawlucha|Fighting\n|move|p1a: Hawlucha|Dig||[still]\n|-prepare|p1a: Hawlucha|Dig\n|move|p2a: Flutter Mane|Trick Room|p2a: Flutter Mane\n|-fieldstart|move: Trick Room|[of] p2a: Flutter Mane\n|\n|upkeep\n|turn|2\n|c|\u2606Alolan Golem 228|trick room\n|\n|t:|1699905889\n|move|p1a: Hawlucha|Dig|p2a: Flutter Mane|[from]lockedmove\n|-damage|p2a: Flutter Mane|72\/100\n|move|p2a: Flutter Mane|Trick Room|p2a: Flutter Mane\n|-fieldend|move: Trick Room\n|\n|-heal|p2a: Flutter Mane|78\/100|[from] item: Leftovers\n|upkeep\n|turn|3\n|c|\u2606Alolan Golem 228|trick room\n|\n|t:|1699905901\n|move|p1a: Hawlucha|Fire Punch|p2a: Flutter Mane\n|-damage|p2a: Flutter Mane|50\/100\n|move|p2a: Flutter Mane|Trick Room|p2a: Flutter Mane\n|-fieldstart|move: Trick Room|[of] p2a: Flutter Mane\n|\n|-heal|p2a: Flutter Mane|56\/100|[from] item: Leftovers\n|upkeep\n|turn|4\n|c|\u2606Alolan Golem 228|trick room\n|\n|t:|1699905914\n|move|p1a: Hawlucha|Low Kick|p2a: Flutter Mane\n|-immune|p2a: Flutter Mane\n|move|p2a: Flutter Mane|Trick Room|p2a: Flutter Mane\n|-fieldend|move: Trick Room\n|\n|-heal|p2a: Flutter Mane|62\/100|[from] item: Leftovers\n|upkeep\n|turn|5\n|c|\u2606Alolan Golem 228|trick room\n|\n|t:|1699905931\n|switch|p1a: Azumarill|Azumarill, L90, F|100\/100\n|move|p2a: Flutter Mane|Trick Room|p2a: Flutter Mane\n|-fieldstart|move: Trick Room|[of] p2a: Flutter Mane\n|\n|-heal|p2a: Flutter Mane|68\/100|[from] item: Leftovers\n|upkeep\n|turn|6\n|c|\u2606Alolan Golem 228|trick room\n|\n|t:|1699905943\n|move|p1a: Azumarill|Surf|p2a: Flutter Mane\n|-damage|p2a: Flutter Mane|55\/100\n|move|p2a: Flutter Mane|Trick Room|p2a: Flutter Mane\n|-fieldend|move: Trick Room\n|\n|-heal|p2a: Flutter Mane|61\/100|[from] item: Leftovers\n|upkeep\n|turn|7\n|c|\u2606Alolan Golem 228|trick room\n|\n|t:|1699905955\n|move|p1a: Azumarill|Surf|p2a: Flutter Mane\n|-damage|p2a: Flutter Mane|46\/100\n|move|p2a: Flutter Mane|Trick Room|p2a: Flutter Mane\n|-fieldstart|move: Trick Room|[of] p2a: Flutter Mane\n|\n|-heal|p2a: Flutter Mane|52\/100|[from] item: Leftovers\n|upkeep\n|turn|8\n|c|\u2606Alolan Golem 228|trick room\n|\n|t:|1699905970\n|-singleturn|p1a: Azumarill|move: Focus Punch\n|move|p1a: Azumarill|Focus Punch|p2a: Flutter Mane\n|-immune|p2a: Flutter Mane\n|move|p2a: Flutter Mane|Trick Room|p2a: Flutter Mane\n|-fieldend|move: Trick Room\n|\n|-heal|p2a: Flutter Mane|58\/100|[from] item: Leftovers\n|upkeep\n|turn|9\n|\n|t:|1699905989\n|switch|p1a: Lilligant|Lilligant-Hisui, L89, F|100\/100\n|-activate|p2a: Flutter Mane|move: Struggle\n|move|p2a: Flutter Mane|Struggle|p1a: Lilligant\n|-damage|p1a: Lilligant|87\/100\n|-damage|p2a: Flutter Mane|33\/100|[from] recoil\n|\n|-heal|p2a: Flutter Mane|39\/100|[from] item: Leftovers\n|upkeep\n|turn|10\n|\n|t:|1699906009\n|-activate|p2a: Flutter Mane|move: Struggle\n|move|p2a: Flutter Mane|Struggle|p1a: Lilligant\n|-damage|p1a: Lilligant|72\/100\n|-damage|p2a: Flutter Mane|14\/100|[from] recoil\n|move|p1a: Lilligant|Aerial Ace|p2a: Flutter Mane\n|-damage|p2a: Flutter Mane|0 fnt\n|faint|p2a: Flutter Mane\n|-end|p2a: Flutter Mane|Protosynthesis|[silent]\n|\n|win|Bitiano\n|raw|Bitiano's rating: 1006 &rarr; <strong>1044<\/strong><br \/>(+38 for winning)\n|raw|Alolan Golem 228's rating: 1000 &rarr; <strong>1000<\/strong><br \/>(+0 for losing)\n|c|\u2606Alolan Golem 228|is my strat a w strat?\n|l|\u2606Alolan Golem 228\n","uploadtime":1699906043,"views":15,"p1id":"bitiano","p2id":"alolangolem228","formatid":"gen9anythinggoes","rating":1000,"private":0,"password":""}