{"id":"gen9anythinggoes-1978452502","p1":"E737","p2":"6Roggenrolas","format":"[Gen 9] Anything Goes","log":"|j|\u2606E737\n|j|\u26066Roggenrolas\n|t:|1698540834\n|gametype|singles\n|player|p1|E737|2|\n|player|p2|6Roggenrolas|blaine|\n|teamsize|p1|6\n|teamsize|p2|6\n|gen|9\n|tier|[Gen 9] Anything Goes\n|rule|HP Percentage Mod: HP is shown in percentages\n|rule|Endless Battle Clause: Forcing endless battles is banned\n|clearpoke\n|poke|p1|Gengar, M|\n|poke|p1|Typhlosion-Hisui, M|\n|poke|p1|Ariados, M|\n|poke|p1|Torkoal, M|\n|poke|p1|Roaring Moon|\n|poke|p1|Rotom-Heat|\n|poke|p2|Annihilape, F|\n|poke|p2|Samurott-Hisui, F|\n|poke|p2|Hippowdon, M|\n|poke|p2|Blissey, F|\n|poke|p2|Talonflame, M|\n|poke|p2|Regidrago|\n|teampreview\n|c|\u26066Roggenrolas|gl hf\n|\n|t:|1698540852\n|start\n|switch|p1a: The Professional|Gengar, M|100\/100\n|switch|p2a: Whiskers|Samurott-Hisui, F|100\/100\n|turn|1\n|\n|t:|1698540859\n|switch|p1a: TorkDogg|Torkoal, M|100\/100\n|-weather|SunnyDay|[from] ability: Drought|[of] p1a: TorkDogg\n|move|p2a: Whiskers|Ceaseless Edge|p1a: TorkDogg\n|-damage|p1a: TorkDogg|74\/100\n|-sidestart|p1: E737|Spikes\n|\n|-weather|SunnyDay|[upkeep]\n|upkeep\n|turn|2\n|\n|t:|1698540863\n|move|p2a: Whiskers|Aqua Cutter|p1a: TorkDogg\n|-supereffective|p1a: TorkDogg\n|-damage|p1a: TorkDogg|49\/100\n|move|p1a: TorkDogg|Yawn|p2a: Whiskers\n|-start|p2a: Whiskers|move: Yawn|[of] p1a: TorkDogg\n|\n|-weather|SunnyDay|[upkeep]\n|upkeep\n|turn|3\n|\n|t:|1698540879\n|switch|p2a: bumbles|Hippowdon, M|100\/100\n|-weather|Sandstorm|[from] ability: Sand Stream|[of] p2a: bumbles\n|move|p1a: TorkDogg|Rapid Spin|p2a: bumbles\n|-damage|p2a: bumbles|96\/100\n|-boost|p1a: TorkDogg|spe|1\n|-sideend|p1: E737|Spikes|[from] move: Rapid Spin|[of] p1a: TorkDogg\n|\n|-weather|Sandstorm|[upkeep]\n|-damage|p1a: TorkDogg|43\/100|[from] Sandstorm\n|-heal|p2a: bumbles|100\/100|[from] item: Leftovers\n|upkeep\n|turn|4\n|\n|t:|1698540889\n|switch|p1a: LG LSEL6335F|Rotom-Heat|100\/100\n|move|p2a: bumbles|Earthquake|p1a: LG LSEL6335F\n|-immune|p1a: LG LSEL6335F|[from] ability: Levitate\n|\n|-weather|Sandstorm|[upkeep]\n|-damage|p1a: LG LSEL6335F|94\/100|[from] Sandstorm\n|-heal|p1a: LG LSEL6335F|100\/100|[from] item: Leftovers\n|upkeep\n|turn|5\n|\n|t:|1698540897\n|switch|p2a: blibo|Blissey, F|100\/100\n|move|p1a: LG LSEL6335F|Will-O-Wisp|p2a: blibo|[miss]\n|-miss|p1a: LG LSEL6335F|p2a: blibo\n|\n|-weather|Sandstorm|[upkeep]\n|-damage|p1a: LG LSEL6335F|94\/100|[from] Sandstorm\n|-damage|p2a: blibo|94\/100|[from] Sandstorm\n|-heal|p1a: LG LSEL6335F|100\/100|[from] item: Leftovers\n|-heal|p2a: blibo|100\/100|[from] item: Leftovers\n|upkeep\n|turn|6\n|\n|t:|1698540904\n|move|p1a: LG LSEL6335F|Volt Switch|p2a: blibo\n|-damage|p2a: blibo|92\/100\n|\n|t:|1698540908\n|switch|p1a: TorkDogg|Torkoal, M|43\/100|[from] Volt Switch\n|-weather|SunnyDay|[from] ability: Drought|[of] p1a: TorkDogg\n|move|p2a: blibo|Seismic Toss|p1a: TorkDogg\n|-damage|p1a: TorkDogg|14\/100\n|\n|-weather|SunnyDay|[upkeep]\n|-heal|p2a: blibo|99\/100|[from] item: Leftovers\n|upkeep\n|turn|7\n|\n|t:|1698540979\n|switch|p1a: WeedWizard|Typhlosion-Hisui, M|100\/100\n|-item|p2a: blibo|Leftovers|[from] ability: Frisk|[of] p1a: WeedWizard|[identify]\n|move|p2a: blibo|Seismic Toss|p1a: WeedWizard\n|-immune|p1a: WeedWizard\n|\n|-weather|SunnyDay|[upkeep]\n|-heal|p2a: blibo|100\/100|[from] item: Leftovers\n|upkeep\n|turn|8\n|\n|t:|1698540983\n|-terastallize|p1a: WeedWizard|Fire\n|move|p1a: WeedWizard|Eruption|p2a: blibo\n|-damage|p2a: blibo|27\/100\n|move|p2a: blibo|Thunder Wave|p1a: WeedWizard\n|-status|p1a: WeedWizard|par\n|\n|-weather|SunnyDay|[upkeep]\n|-heal|p2a: blibo|33\/100|[from] item: Leftovers\n|upkeep\n|turn|9\n|\n|t:|1698540997\n|move|p2a: blibo|Soft-Boiled|p2a: blibo\n|-heal|p2a: blibo|83\/100\n|cant|p1a: WeedWizard|par\n|\n|-weather|SunnyDay|[upkeep]\n|-heal|p2a: blibo|89\/100|[from] item: Leftovers\n|upkeep\n|turn|10\n|\n|t:|1698541006\n|move|p2a: blibo|Seismic Toss|p1a: WeedWizard\n|-damage|p1a: WeedWizard|66\/100 par\n|move|p1a: WeedWizard|Eruption|p2a: blibo\n|-damage|p2a: blibo|38\/100\n|\n|-weather|SunnyDay|[upkeep]\n|-heal|p2a: blibo|45\/100|[from] item: Leftovers\n|upkeep\n|turn|11\n|\n|t:|1698541014\n|switch|p1a: Batman|Roaring Moon|100\/100\n|-activate|p1a: Batman|ability: Protosynthesis\n|-start|p1a: Batman|protosynthesisatk\n|move|p2a: blibo|Soft-Boiled|p2a: blibo\n|-heal|p2a: blibo|95\/100\n|\n|-weather|SunnyDay|[upkeep]\n|-heal|p2a: blibo|100\/100|[from] item: Leftovers\n|upkeep\n|turn|12\n|\n|t:|1698541024\n|switch|p2a: bumbles|Hippowdon, M|100\/100\n|-weather|Sandstorm|[from] ability: Sand Stream|[of] p2a: bumbles\n|-end|p1a: Batman|Protosynthesis\n|-enditem|p1a: Batman|Booster Energy\n|-activate|p1a: Batman|ability: Protosynthesis|[fromitem]\n|-start|p1a: Batman|protosynthesisatk\n|move|p1a: Batman|Knock Off|p2a: bumbles\n|-damage|p2a: bumbles|63\/100\n|-enditem|p2a: bumbles|Leftovers|[from] move: Knock Off|[of] p1a: Batman\n|\n|-weather|Sandstorm|[upkeep]\n|-damage|p1a: Batman|94\/100|[from] Sandstorm\n|upkeep\n|turn|13\n|\n|t:|1698541083\n|move|p1a: Batman|Dragon Dance|p1a: Batman\n|-boost|p1a: Batman|atk|1\n|-boost|p1a: Batman|spe|1\n|move|p2a: bumbles|Whirlwind|p1a: Batman\n|-end|p1a: Batman|Protosynthesis|[silent]\n|drag|p1a: Spiderman|Ariados, M|100\/100\n|\n|-weather|Sandstorm|[upkeep]\n|-damage|p1a: Spiderman|94\/100|[from] Sandstorm\n|-heal|p1a: Spiderman|100\/100|[from] item: Leftovers\n|upkeep\n|turn|14\n|\n|t:|1698541090\n|move|p2a: bumbles|Stealth Rock|p1a: Spiderman\n|-sidestart|p1: E737|move: Stealth Rock\n|move|p1a: Spiderman|Sticky Web|p2a: bumbles\n|-sidestart|p2: 6Roggenrolas|move: Sticky Web\n|\n|-weather|Sandstorm|[upkeep]\n|-damage|p1a: Spiderman|94\/100|[from] Sandstorm\n|-heal|p1a: Spiderman|100\/100|[from] item: Leftovers\n|upkeep\n|turn|15\n|\n|t:|1698541098\n|move|p2a: bumbles|Slack Off|p2a: bumbles\n|-heal|p2a: bumbles|100\/100\n|move|p1a: Spiderman|Swords Dance|p1a: Spiderman\n|-boost|p1a: Spiderman|atk|2\n|\n|-weather|Sandstorm|[upkeep]\n|-damage|p1a: Spiderman|94\/100|[from] Sandstorm\n|-heal|p1a: Spiderman|100\/100|[from] item: Leftovers\n|upkeep\n|turn|16\n|\n|t:|1698541105\n|move|p1a: Spiderman|Swords Dance|p1a: Spiderman\n|-boost|p1a: Spiderman|atk|2\n|move|p2a: bumbles|Whirlwind|p1a: Spiderman\n|drag|p1a: WeedWizard|Typhlosion-Hisui, M, tera:Fire|66\/100 par\n|-damage|p1a: WeedWizard|41\/100 par|[from] Stealth Rock\n|\n|-weather|none\n|upkeep\n|turn|17\n|\n|t:|1698541110\n|switch|p2a: blibo|Blissey, F|100\/100\n|-activate|p2a: blibo|move: Sticky Web\n|-unboost|p2a: blibo|spe|1\n|move|p1a: WeedWizard|Fire Blast|p2a: blibo|[miss]\n|-miss|p1a: WeedWizard|p2a: blibo\n|\n|upkeep\n|turn|18\n|\n|t:|1698541116\n|cant|p1a: WeedWizard|par\n|move|p2a: blibo|Seismic Toss|p1a: WeedWizard\n|-damage|p1a: WeedWizard|6\/100 par\n|\n|upkeep\n|turn|19\n|\n|t:|1698541118\n|move|p1a: WeedWizard|Fire Blast|p2a: blibo\n|-damage|p2a: blibo|60\/100\n|move|p2a: blibo|Seismic Toss|p1a: WeedWizard\n|-damage|p1a: WeedWizard|0 fnt\n|faint|p1a: WeedWizard\n|\n|-heal|p2a: blibo|66\/100|[from] item: Leftovers\n|upkeep\n|\n|t:|1698541125\n|switch|p1a: Batman|Roaring Moon|94\/100\n|-damage|p1a: Batman|82\/100|[from] Stealth Rock\n|turn|20\n|\n|t:|1698541140\n|switch|p2a: bumbles|Hippowdon, M|100\/100\n|-activate|p2a: bumbles|move: Sticky Web\n|-unboost|p2a: bumbles|spe|1\n|-weather|Sandstorm|[from] ability: Sand Stream|[of] p2a: bumbles\n|move|p1a: Batman|Dragon Claw|p2a: bumbles\n|-damage|p2a: bumbles|77\/100\n|\n|-weather|Sandstorm|[upkeep]\n|-damage|p1a: Batman|75\/100|[from] Sandstorm\n|upkeep\n|turn|21\n|\n|t:|1698541160\n|-end|p1a: Batman|Protosynthesis|[silent]\n|switch|p1a: LG LSEL6335F|Rotom-Heat|100\/100\n|-damage|p1a: LG LSEL6335F|76\/100|[from] Stealth Rock\n|move|p2a: bumbles|Earthquake|p1a: LG LSEL6335F\n|-immune|p1a: LG LSEL6335F|[from] ability: Levitate\n|\n|-weather|Sandstorm|[upkeep]\n|-damage|p1a: LG LSEL6335F|70\/100|[from] Sandstorm\n|-heal|p1a: LG LSEL6335F|76\/100|[from] item: Leftovers\n|upkeep\n|turn|22\n|\n|t:|1698541166\n|switch|p2a: blibo|Blissey, F|66\/100\n|-activate|p2a: blibo|move: Sticky Web\n|-unboost|p2a: blibo|spe|1\n|move|p1a: LG LSEL6335F|Will-O-Wisp|p2a: blibo\n|-status|p2a: blibo|brn\n|\n|-weather|Sandstorm|[upkeep]\n|-damage|p1a: LG LSEL6335F|70\/100|[from] Sandstorm\n|-damage|p2a: blibo|60\/100 brn|[from] Sandstorm\n|-heal|p1a: LG LSEL6335F|76\/100|[from] item: Leftovers\n|-heal|p2a: blibo|66\/100 brn|[from] item: Leftovers\n|-damage|p2a: blibo|60\/100 brn|[from] brn\n|upkeep\n|turn|23\n|\n|t:|1698541171\n|move|p1a: LG LSEL6335F|Overheat|p2a: blibo\n|-damage|p2a: blibo|44\/100 brn\n|-unboost|p1a: LG LSEL6335F|spa|2\n|move|p2a: blibo|Soft-Boiled|p2a: blibo\n|-heal|p2a: blibo|94\/100 brn\n|\n|-weather|Sandstorm|[upkeep]\n|-damage|p1a: LG LSEL6335F|70\/100|[from] Sandstorm\n|-damage|p2a: blibo|87\/100 brn|[from] Sandstorm\n|-heal|p1a: LG LSEL6335F|76\/100|[from] item: Leftovers\n|-heal|p2a: blibo|94\/100 brn|[from] item: Leftovers\n|-damage|p2a: blibo|87\/100 brn|[from] brn\n|upkeep\n|turn|24\n|\n|t:|1698541180\n|switch|p1a: Spiderman|Ariados, M|100\/100\n|-damage|p1a: Spiderman|75\/100|[from] Stealth Rock\n|move|p2a: blibo|Seismic Toss|p1a: Spiderman\n|-damage|p1a: Spiderman|46\/100\n|\n|-weather|none\n|-heal|p1a: Spiderman|53\/100|[from] item: Leftovers\n|-heal|p2a: blibo|94\/100 brn|[from] item: Leftovers\n|-damage|p2a: blibo|87\/100 brn|[from] brn\n|upkeep\n|turn|25\n|\n|t:|1698541184\n|-curestatus|p2a: blibo|brn|[from] ability: Natural Cure\n|switch|p2a: bumbles|Hippowdon, M|77\/100\n|-activate|p2a: bumbles|move: Sticky Web\n|-unboost|p2a: bumbles|spe|1\n|-weather|Sandstorm|[from] ability: Sand Stream|[of] p2a: bumbles\n|move|p1a: Spiderman|Megahorn|p2a: bumbles|[miss]\n|-miss|p1a: Spiderman|p2a: bumbles\n|\n|-weather|Sandstorm|[upkeep]\n|-damage|p1a: Spiderman|46\/100|[from] Sandstorm\n|-heal|p1a: Spiderman|53\/100|[from] item: Leftovers\n|upkeep\n|turn|26\n|\n|t:|1698541216\n|move|p1a: Spiderman|Megahorn|p2a: bumbles\n|-damage|p2a: bumbles|58\/100\n|move|p2a: bumbles|Earthquake|p1a: Spiderman\n|-damage|p1a: Spiderman|16\/100\n|\n|-weather|Sandstorm|[upkeep]\n|-damage|p1a: Spiderman|10\/100|[from] Sandstorm\n|-heal|p1a: Spiderman|16\/100|[from] item: Leftovers\n|upkeep\n|turn|27\n|\n|t:|1698541221\n|move|p1a: Spiderman|Megahorn|p2a: bumbles\n|-damage|p2a: bumbles|37\/100\n|move|p2a: bumbles|Slack Off|p2a: bumbles\n|-heal|p2a: bumbles|87\/100\n|\n|-weather|Sandstorm|[upkeep]\n|-damage|p1a: Spiderman|10\/100|[from] Sandstorm\n|-heal|p1a: Spiderman|16\/100|[from] item: Leftovers\n|upkeep\n|turn|28\n|\n|t:|1698541225\n|move|p1a: Spiderman|Megahorn|p2a: bumbles\n|-damage|p2a: bumbles|67\/100\n|move|p2a: bumbles|Whirlwind|p1a: Spiderman\n|drag|p1a: Batman|Roaring Moon|75\/100\n|-damage|p1a: Batman|63\/100|[from] Stealth Rock\n|\n|-weather|Sandstorm|[upkeep]\n|-damage|p1a: Batman|57\/100|[from] Sandstorm\n|upkeep\n|turn|29\n|\n|t:|1698541233\n|move|p1a: Batman|Dragon Claw|p2a: bumbles\n|-damage|p2a: bumbles|41\/100\n|move|p2a: bumbles|Earthquake|p1a: Batman\n|-damage|p1a: Batman|5\/100\n|\n|-weather|none\n|upkeep\n|turn|30\n|\n|t:|1698541238\n|move|p1a: Batman|Dragon Dance|p1a: Batman\n|-boost|p1a: Batman|atk|1\n|-boost|p1a: Batman|spe|1\n|move|p2a: bumbles|Slack Off|p2a: bumbles\n|-heal|p2a: bumbles|91\/100\n|\n|upkeep\n|turn|31\n|\n|t:|1698541241\n|move|p1a: Batman|Dragon Claw|p2a: bumbles\n|-damage|p2a: bumbles|54\/100\n|move|p2a: bumbles|Earthquake|p1a: Batman\n|-damage|p1a: Batman|0 fnt\n|faint|p1a: Batman\n|-end|p1a: Batman|Protosynthesis|[silent]\n|\n|upkeep\n|\n|t:|1698541244\n|switch|p1a: The Professional|Gengar, M|100\/100\n|-damage|p1a: The Professional|88\/100|[from] Stealth Rock\n|turn|32\n|\n|t:|1698541249\n|switch|p2a: blibo|Blissey, F|87\/100\n|-activate|p2a: blibo|move: Sticky Web\n|-unboost|p2a: blibo|spe|1\n|move|p1a: The Professional|Energy Ball|p2a: blibo\n|-damage|p2a: blibo|78\/100\n|\n|-heal|p2a: blibo|84\/100|[from] item: Leftovers\n|upkeep\n|turn|33\n|c|\u2606E737|Gg\n|\n|t:|1698541262\n|switch|p1a: LG LSEL6335F|Rotom-Heat|76\/100\n|-damage|p1a: LG LSEL6335F|51\/100|[from] Stealth Rock\n|move|p2a: blibo|Shadow Ball|p1a: LG LSEL6335F\n|-damage|p1a: LG LSEL6335F|34\/100\n|\n|-heal|p1a: LG LSEL6335F|41\/100|[from] item: Leftovers\n|-heal|p2a: blibo|90\/100|[from] item: Leftovers\n|upkeep\n|turn|34\n|\n|t:|1698541270\n|move|p1a: LG LSEL6335F|Overheat|p2a: blibo|[miss]\n|-miss|p1a: LG LSEL6335F|p2a: blibo\n|move|p2a: blibo|Seismic Toss|p1a: LG LSEL6335F\n|-damage|p1a: LG LSEL6335F|0 fnt\n|faint|p1a: LG LSEL6335F\n|\n|-heal|p2a: blibo|96\/100|[from] item: Leftovers\n|upkeep\n|\n|t:|1698541275\n|switch|p1a: TorkDogg|Torkoal, M|14\/100\n|-damage|p1a: TorkDogg|0 fnt|[from] Stealth Rock\n|faint|p1a: TorkDogg\n|\n|t:|1698541276\n|switch|p1a: Spiderman|Ariados, M|16\/100\n|-damage|p1a: Spiderman|0 fnt|[from] Stealth Rock\n|faint|p1a: Spiderman\n|\n|t:|1698541277\n|switch|p1a: The Professional|Gengar, M|88\/100\n|-damage|p1a: The Professional|76\/100|[from] Stealth Rock\n|turn|35\n|\n|t:|1698541292\n|move|p1a: The Professional|Nasty Plot|p1a: The Professional\n|-boost|p1a: The Professional|spa|2\n|move|p2a: blibo|Shadow Ball|p1a: The Professional\n|-supereffective|p1a: The Professional\n|-damage|p1a: The Professional|30\/100\n|-unboost|p1a: The Professional|spd|1\n|\n|-heal|p2a: blibo|100\/100|[from] item: Leftovers\n|upkeep\n|turn|36\n|\n|t:|1698541297\n|move|p1a: The Professional|Shadow Ball|p2a: blibo\n|-immune|p2a: blibo\n|move|p2a: blibo|Shadow Ball|p1a: The Professional\n|-supereffective|p1a: The Professional\n|-damage|p1a: The Professional|0 fnt\n|faint|p1a: The Professional\n|\n|win|6Roggenrolas\n|l|\u2606E737\n","uploadtime":1698541308,"views":20,"p1id":"e737","p2id":"6roggenrolas","formatid":"gen9anythinggoes","rating":0,"private":0,"password":""}