{"id":"gen9anythinggoes-1981538490","p1":"fletchermed","p2":"Vphil","format":"[Gen 9] Anything Goes","log":"|j|\u2606fletchermed\n|j|\u2606Vphil\n|t:|1698914720\n|gametype|singles\n|player|p1|fletchermed|maid|1160\n|player|p2|Vphil|266|1059\n|teamsize|p1|6\n|teamsize|p2|6\n|gen|9\n|tier|[Gen 9] Anything Goes\n|rated|\n|rule|HP Percentage Mod: HP is shown in percentages\n|rule|Endless Battle Clause: Forcing endless battles is banned\n|clearpoke\n|poke|p1|Iron Valiant|\n|poke|p1|Lurantis, F|\n|poke|p1|Toxapex, F|\n|poke|p1|Clefable, F|\n|poke|p1|Ting-Lu|\n|poke|p1|Jirachi|\n|poke|p2|Trevenant, F|\n|poke|p2|Haunter, F|\n|poke|p2|Duskull, M|\n|poke|p2|Chandelure, F|\n|poke|p2|Shuppet, M|\n|poke|p2|Houndstone, M|\n|teampreview\n|inactive|Battle timer is ON: inactive players will automatically lose when time's up. (requested by fletchermed)\n|\n|t:|1698914757\n|start\n|switch|p1a: \ud83d\udc79|Clefable, F|100\/100\n|switch|p2a: Duskull|Duskull, M|100\/100\n|turn|1\n|\n|t:|1698914765\n|move|p2a: Duskull|Curse|p1a: \ud83d\udc79\n|-start|p1a: \ud83d\udc79|Curse|[of] p2a: Duskull\n|-damage|p2a: Duskull|51\/100\n|move|p1a: \ud83d\udc79|Cosmic Power|p1a: \ud83d\udc79\n|-boost|p1a: \ud83d\udc79|def|1\n|-boost|p1a: \ud83d\udc79|spd|1\n|\n|upkeep\n|turn|2\n|\n|t:|1698914778\n|switch|p2a: Shuppet|Shuppet, M|100\/100\n|move|p1a: \ud83d\udc79|Cosmic Power|p1a: \ud83d\udc79\n|-boost|p1a: \ud83d\udc79|def|1\n|-boost|p1a: \ud83d\udc79|spd|1\n|\n|upkeep\n|turn|3\n|\n|t:|1698914787\n|move|p1a: \ud83d\udc79|Calm Mind|p1a: \ud83d\udc79\n|-boost|p1a: \ud83d\udc79|spa|1\n|-boost|p1a: \ud83d\udc79|spd|1\n|move|p2a: Shuppet|Encore|p1a: \ud83d\udc79\n|-start|p1a: \ud83d\udc79|Encore\n|\n|upkeep\n|turn|4\n|\n|t:|1698914798\n|move|p2a: Shuppet|Shadow Sneak|p1a: \ud83d\udc79\n|-damage|p1a: \ud83d\udc79|92\/100\n|move|p1a: \ud83d\udc79|Calm Mind|p1a: \ud83d\udc79\n|-boost|p1a: \ud83d\udc79|spa|1\n|-boost|p1a: \ud83d\udc79|spd|1\n|\n|-heal|p1a: \ud83d\udc79|98\/100|[from] item: Leftovers\n|upkeep\n|turn|5\n|\n|t:|1698914808\n|move|p1a: \ud83d\udc79|Calm Mind|p1a: \ud83d\udc79\n|-boost|p1a: \ud83d\udc79|spa|1\n|-boost|p1a: \ud83d\udc79|spd|1\n|move|p2a: Shuppet|Trick|p1a: \ud83d\udc79\n|-activate|p2a: Shuppet|move: Trick|[of] p1a: \ud83d\udc79\n|-item|p1a: \ud83d\udc79|Focus Sash|[from] move: Trick\n|-item|p2a: Shuppet|Leftovers|[from] move: Trick\n|\n|upkeep\n|turn|6\n|\n|t:|1698914816\n|move|p2a: Shuppet|Shadow Sneak|p1a: \ud83d\udc79\n|-damage|p1a: \ud83d\udc79|90\/100\n|move|p1a: \ud83d\udc79|Calm Mind|p1a: \ud83d\udc79\n|-boost|p1a: \ud83d\udc79|spa|1\n|-boost|p1a: \ud83d\udc79|spd|1\n|\n|-end|p1a: \ud83d\udc79|Encore\n|upkeep\n|turn|7\n|\n|t:|1698914825\n|move|p1a: \ud83d\udc79|Cosmic Power|p1a: \ud83d\udc79\n|-boost|p1a: \ud83d\udc79|def|1\n|-boost|p1a: \ud83d\udc79|spd|0\n|move|p2a: Shuppet|Encore|p1a: \ud83d\udc79\n|-start|p1a: \ud83d\udc79|Encore\n|\n|upkeep\n|turn|8\n|\n|t:|1698914836\n|switch|p2a: Trevenant|Trevenant, F|100\/100\n|move|p1a: \ud83d\udc79|Cosmic Power|p1a: \ud83d\udc79\n|-boost|p1a: \ud83d\udc79|def|1\n|-boost|p1a: \ud83d\udc79|spd|0\n|\n|upkeep\n|turn|9\n|\n|t:|1698914845\n|switch|p2a: Houndstone|Houndstone, M|100\/100\n|move|p1a: \ud83d\udc79|Cosmic Power|p1a: \ud83d\udc79\n|-boost|p1a: \ud83d\udc79|def|1\n|-boost|p1a: \ud83d\udc79|spd|0\n|\n|upkeep\n|turn|10\n|\n|t:|1698914852\n|move|p1a: \ud83d\udc79|Cosmic Power|p1a: \ud83d\udc79\n|-boost|p1a: \ud83d\udc79|def|1\n|-boost|p1a: \ud83d\udc79|spd|0\n|move|p2a: Houndstone|Roar|p1a: \ud83d\udc79\n|drag|p1a: \ud83c\udf7d|Jirachi|100\/100\n|\n|upkeep\n|turn|11\n|\n|t:|1698914863\n|switch|p2a: Duskull|Duskull, M|51\/100\n|move|p1a: \ud83c\udf7d|Cosmic Power|p1a: \ud83c\udf7d\n|-boost|p1a: \ud83c\udf7d|def|1\n|-boost|p1a: \ud83c\udf7d|spd|1\n|\n|upkeep\n|turn|12\n|inactive|Vphil has 120 seconds left.\n|l|\u2606Vphil\n|inactive|Vphil disconnected and has a minute to reconnect!\n|player|p2|\n|j|\u2606Vphil\n|inactive|Vphil reconnected and has 105 seconds left.\n|player|p2|Vphil|266\n|n|!Vphil|vphil\n|inactive|Vphil has 90 seconds left.\n|inactive|Vphil has 60 seconds left.\n|inactive|Vphil has 30 seconds left.\n|c|\u2606fletchermed|okay\n|inactive|Vphil has 20 seconds left.\n|inactive|Vphil has 15 seconds left.\n|inactive|Vphil has 10 seconds left.\n|inactive|Vphil has 5 seconds left.\n|-message|Vphil lost due to inactivity.\n|\n|win|fletchermed\n|raw|fletchermed's rating: 1160 &rarr; <strong>1178<\/strong><br \/>(+18 for winning)\n|raw|Vphil's rating: 1059 &rarr; <strong>1045<\/strong><br \/>(-14 for losing)\n","uploadtime":1698914916,"views":10,"p1id":"fletchermed","p2id":"vphil","formatid":"gen9anythinggoes","rating":1045,"private":0,"password":""}