{"id":"gen9anythinggoes-1983939451","p1":"subtoty998","p2":"curdrice","format":"[Gen 9] Anything Goes","log":"|j|\u2606subtoty998\n|j|\u2606curdrice\n|t:|1699202148\n|gametype|singles\n|player|p1|subtoty998|265|1000\n|player|p2|curdrice|cynthia-gen7|1115\n|teamsize|p1|6\n|teamsize|p2|6\n|gen|9\n|tier|[Gen 9] Anything Goes\n|rated|\n|rule|HP Percentage Mod: HP is shown in percentages\n|rule|Endless Battle Clause: Forcing endless battles is banned\n|clearpoke\n|poke|p1|Flareon, M|\n|poke|p1|Umbreon, M|\n|poke|p1|Glaceon, F|\n|poke|p1|Empoleon, M|\n|poke|p1|Raichu-Alola, M|\n|poke|p1|Hydreigon, M|\n|poke|p2|Ditto|\n|poke|p2|Ditto|\n|poke|p2|Ditto|\n|poke|p2|Ditto|\n|poke|p2|Bisharp, M|\n|poke|p2|Kingambit, F|\n|teampreview\n|\n|t:|1699202154\n|start\n|switch|p1a: Empoleon|Empoleon, M, shiny|100\/100\n|switch|p2a: executioner|Kingambit, F|100\/100\n|-ability|p2a: executioner|Pressure\n|turn|1\n|\n|t:|1699202169\n|move|p1a: Empoleon|Liquidation|p2a: executioner\n|-damage|p2a: executioner|76\/100\n|move|p2a: executioner|Guillotine|p1a: Empoleon|[miss]\n|-miss|p2a: executioner|p1a: Empoleon\n|\n|-heal|p2a: executioner|82\/100|[from] item: Leftovers\n|upkeep\n|turn|2\n|\n|t:|1699202182\n|move|p1a: Empoleon|Earthquake|p2a: executioner\n|-supereffective|p2a: executioner\n|-damage|p2a: executioner|54\/100\n|move|p2a: executioner|Guillotine|p1a: Empoleon|[miss]\n|-miss|p2a: executioner|p1a: Empoleon\n|\n|-heal|p2a: executioner|60\/100|[from] item: Leftovers\n|upkeep\n|turn|3\n|\n|t:|1699202192\n|move|p2a: executioner|Protect|p2a: executioner\n|-singleturn|p2a: executioner|Protect\n|move|p1a: Empoleon|Blizzard|p2a: executioner\n|-activate|p2a: executioner|move: Protect\n|\n|-heal|p2a: executioner|66\/100|[from] item: Leftovers\n|upkeep\n|turn|4\n|\n|t:|1699202201\n|move|p2a: executioner|Protect||[still]\n|-fail|p2a: executioner\n|move|p1a: Empoleon|Blizzard|p2a: executioner|[miss]\n|-miss|p1a: Empoleon|p2a: executioner\n|\n|-heal|p2a: executioner|72\/100|[from] item: Leftovers\n|upkeep\n|turn|5\n|\n|t:|1699202212\n|move|p1a: Empoleon|Earthquake|p2a: executioner\n|-supereffective|p2a: executioner\n|-damage|p2a: executioner|43\/100\n|move|p2a: executioner|Iron Defense|p2a: executioner\n|-boost|p2a: executioner|def|2\n|\n|-heal|p2a: executioner|49\/100|[from] item: Leftovers\n|upkeep\n|turn|6\n|\n|t:|1699202235\n|move|p2a: executioner|Protect|p2a: executioner\n|-singleturn|p2a: executioner|Protect\n|move|p1a: Empoleon|Blizzard|p2a: executioner\n|-activate|p2a: executioner|move: Protect\n|\n|-heal|p2a: executioner|55\/100|[from] item: Leftovers\n|upkeep\n|turn|7\n|\n|t:|1699202248\n|move|p1a: Empoleon|Facade|p2a: executioner\n|-resisted|p2a: executioner\n|-damage|p2a: executioner|52\/100\n|move|p2a: executioner|Guillotine|p1a: Empoleon|[miss]\n|-miss|p2a: executioner|p1a: Empoleon\n|\n|-heal|p2a: executioner|58\/100|[from] item: Leftovers\n|upkeep\n|turn|8\n|\n|t:|1699202262\n|move|p2a: executioner|Protect|p2a: executioner\n|-singleturn|p2a: executioner|Protect\n|move|p1a: Empoleon|Earthquake|p2a: executioner\n|-activate|p2a: executioner|move: Protect\n|\n|-heal|p2a: executioner|64\/100|[from] item: Leftovers\n|upkeep\n|turn|9\n|\n|t:|1699202279\n|move|p2a: executioner|Protect||[still]\n|-fail|p2a: executioner\n|move|p1a: Empoleon|Earthquake|p2a: executioner\n|-supereffective|p2a: executioner\n|-damage|p2a: executioner|49\/100\n|\n|-heal|p2a: executioner|55\/100|[from] item: Leftovers\n|upkeep\n|turn|10\n|\n|t:|1699202298\n|move|p2a: executioner|Protect|p2a: executioner\n|-singleturn|p2a: executioner|Protect\n|move|p1a: Empoleon|Earthquake|p2a: executioner\n|-activate|p2a: executioner|move: Protect\n|\n|-heal|p2a: executioner|61\/100|[from] item: Leftovers\n|upkeep\n|turn|11\n|\n|t:|1699202307\n|move|p2a: executioner|Protect||[still]\n|-fail|p2a: executioner\n|move|p1a: Empoleon|Earthquake|p2a: executioner\n|-supereffective|p2a: executioner\n|-damage|p2a: executioner|46\/100\n|\n|-heal|p2a: executioner|52\/100|[from] item: Leftovers\n|upkeep\n|turn|12\n|\n|t:|1699202318\n|move|p1a: Empoleon|Blizzard|p2a: executioner\n|-resisted|p2a: executioner\n|-damage|p2a: executioner|41\/100\n|move|p2a: executioner|Spite||[still]\n|-fail|p2a: executioner\n|\n|-heal|p2a: executioner|47\/100|[from] item: Leftovers\n|upkeep\n|turn|13\n|\n|t:|1699202330\n|move|p1a: Empoleon|Earthquake|p2a: executioner\n|-supereffective|p2a: executioner\n|-damage|p2a: executioner|32\/100\n|move|p2a: executioner|Spite|p1a: Empoleon\n|-activate|p1a: Empoleon|move: Spite|Earthquake|2\n|\n|-heal|p2a: executioner|38\/100|[from] item: Leftovers\n|upkeep\n|turn|14\n|\n|t:|1699202340\n|move|p2a: executioner|Protect|p2a: executioner\n|-singleturn|p2a: executioner|Protect\n|move|p1a: Empoleon|Liquidation|p2a: executioner\n|-activate|p2a: executioner|move: Protect\n|\n|-heal|p2a: executioner|44\/100|[from] item: Leftovers\n|upkeep\n|turn|15\n|\n|t:|1699202358\n|move|p1a: Empoleon|Liquidation|p2a: executioner\n|-damage|p2a: executioner|31\/100\n|move|p2a: executioner|Guillotine|p1a: Empoleon|[miss]\n|-miss|p2a: executioner|p1a: Empoleon\n|\n|-heal|p2a: executioner|37\/100|[from] item: Leftovers\n|upkeep\n|turn|16\n|\n|t:|1699202385\n|move|p2a: executioner|Protect|p2a: executioner\n|-singleturn|p2a: executioner|Protect\n|move|p1a: Empoleon|Liquidation|p2a: executioner\n|-activate|p2a: executioner|move: Protect\n|\n|-heal|p2a: executioner|43\/100|[from] item: Leftovers\n|upkeep\n|turn|17\n|\n|t:|1699202398\n|move|p2a: executioner|Protect|p2a: executioner\n|-singleturn|p2a: executioner|Protect\n|move|p1a: Empoleon|Liquidation|p2a: executioner\n|-activate|p2a: executioner|move: Protect\n|\n|-heal|p2a: executioner|49\/100|[from] item: Leftovers\n|upkeep\n|turn|18\n|inactive|Battle timer is ON: inactive players will automatically lose when time's up. (requested by subtoty998)\n|\n|t:|1699202431\n|-terastallize|p1a: Empoleon|Water\n|move|p1a: Empoleon|Liquidation|p2a: executioner\n|-damage|p2a: executioner|32\/100\n|move|p2a: executioner|Iron Defense|p2a: executioner\n|-boost|p2a: executioner|def|2\n|\n|-heal|p2a: executioner|38\/100|[from] item: Leftovers\n|upkeep\n|turn|19\n|\n|t:|1699202453\n|-terastallize|p2a: executioner|Dark\n|move|p1a: Empoleon|Liquidation|p2a: executioner\n|-damage|p2a: executioner|27\/100\n|-unboost|p2a: executioner|def|1\n|move|p2a: executioner|Guillotine|p1a: Empoleon|[miss]\n|-miss|p2a: executioner|p1a: Empoleon\n|\n|-heal|p2a: executioner|33\/100|[from] item: Leftovers\n|upkeep\n|turn|20\n|\n|t:|1699202471\n|switch|p2a: Ditto|Ditto|100\/100\n|move|p1a: Empoleon|Liquidation|p2a: Ditto\n|-damage|p2a: Ditto|7\/100\n|-unboost|p2a: Ditto|def|1\n|\n|-heal|p2a: Ditto|13\/100|[from] item: Leftovers\n|upkeep\n|turn|21\n|inactive|curdrice has 120 seconds left.\n|\n|t:|1699202490\n|move|p2a: Ditto|Transform|p1a: Empoleon\n|-transform|p2a: Ditto|p1a: Empoleon\n|move|p1a: Empoleon|Liquidation|p2a: Ditto\n|-resisted|p2a: Ditto\n|-damage|p2a: Ditto|0 fnt\n|faint|p2a: Ditto\n|\n|upkeep\n|inactive|curdrice has 120 seconds left.\n|\n|t:|1699202501\n|switch|p2a: Ditto|Ditto|100\/100\n|turn|22\n|\n|t:|1699202504\n|move|p2a: Ditto|Transform|p1a: Empoleon\n|-transform|p2a: Ditto|p1a: Empoleon\n|move|p1a: Empoleon|Facade|p2a: Ditto\n|-resisted|p2a: Ditto\n|-damage|p2a: Ditto|91\/100\n|\n|-heal|p2a: Ditto|97\/100|[from] item: Leftovers\n|upkeep\n|-start|p2a: Ditto|typechange|Water\/Steel|[silent]\n|turn|23\n|inactive|curdrice has 120 seconds left.\n|\n|t:|1699202524\n|move|p1a: Empoleon|Facade|p2a: Ditto\n|-resisted|p2a: Ditto\n|-damage|p2a: Ditto|89\/100\n|move|p2a: Ditto|Blizzard|p1a: Empoleon\n|-resisted|p1a: Empoleon\n|-damage|p1a: Empoleon|86\/100\n|\n|-heal|p2a: Ditto|95\/100|[from] item: Leftovers\n|upkeep\n|turn|24\n|inactive|curdrice has 120 seconds left.\n|\n|t:|1699202538\n|switch|p1a: pancake|Raichu-Alola, M, shiny|100\/100\n|move|p2a: Ditto|Blizzard|p1a: pancake\n|-damage|p1a: pancake|65\/100\n|-status|p1a: pancake|frz\n|\n|-heal|p2a: Ditto|100\/100|[from] item: Leftovers\n|upkeep\n|turn|25\n|inactive|curdrice has 120 seconds left.\n|\n|t:|1699202553\n|cant|p1a: pancake|frz\n|move|p2a: Ditto|Blizzard|p1a: pancake\n|-damage|p1a: pancake|26\/100 frz\n|\n|upkeep\n|turn|26\n|\n|t:|1699202561\n|cant|p1a: pancake|frz\n|move|p2a: Ditto|Facade|p1a: pancake\n|-damage|p1a: pancake|0 fnt\n|faint|p1a: pancake\n|\n|upkeep\n|\n|t:|1699202570\n|switch|p1a: Flareon|Flareon, M|100\/100\n|turn|27\n|\n|t:|1699202586\n|move|p1a: Flareon|Flamethrower|p2a: Ditto\n|-damage|p2a: Ditto|65\/100\n|move|p2a: Ditto|Blizzard|p1a: Flareon|[miss]\n|-miss|p2a: Ditto|p1a: Flareon\n|\n|-heal|p2a: Ditto|71\/100|[from] item: Leftovers\n|upkeep\n|turn|28\n|\n|t:|1699202599\n|move|p1a: Flareon|Fire Blast|p2a: Ditto\n|-damage|p2a: Ditto|27\/100\n|move|p2a: Ditto|Liquidation|p1a: Flareon\n|-supereffective|p1a: Flareon\n|-damage|p1a: Flareon|0 fnt\n|faint|p1a: Flareon\n|\n|-heal|p2a: Ditto|33\/100|[from] item: Leftovers\n|upkeep\n|\n|t:|1699202609\n|switch|p1a: Glaceon|Glaceon, F|100\/100\n|turn|29\n|\n|t:|1699202624\n|switch|p2a: Ditto|Ditto|100\/100\n|move|p1a: Glaceon|Freeze-Dry|p2a: Ditto\n|-damage|p2a: Ditto|18\/100\n|\n|-heal|p2a: Ditto|24\/100|[from] item: Leftovers\n|upkeep\n|turn|30\n|\n|t:|1699202634\n|move|p2a: Ditto|Transform|p1a: Glaceon\n|-transform|p2a: Ditto|p1a: Glaceon\n|move|p1a: Glaceon|Freeze-Dry|p2a: Ditto\n|-resisted|p2a: Ditto\n|-damage|p2a: Ditto|3\/100\n|\n|-heal|p2a: Ditto|9\/100|[from] item: Leftovers\n|upkeep\n|turn|31\n|\n|t:|1699202644\n|move|p1a: Glaceon|Freeze-Dry|p2a: Ditto\n|-resisted|p2a: Ditto\n|-damage|p2a: Ditto|0 fnt\n|faint|p2a: Ditto\n|\n|upkeep\n|\n|t:|1699202656\n|switch|p2a: Bisharp|Bisharp, M|100\/100\n|turn|32\n|\n|t:|1699202662\n|switch|p1a: Hydreigon|Hydreigon, M, shiny|100\/100\n|move|p2a: Bisharp|Focus Blast|p1a: Hydreigon\n|-supereffective|p1a: Hydreigon\n|-damage|p1a: Hydreigon|67\/100\n|\n|upkeep\n|turn|33\n|\n|t:|1699202673\n|move|p2a: Bisharp|Protect|p2a: Bisharp\n|-singleturn|p2a: Bisharp|Protect\n|move|p1a: Hydreigon|Dragon Dance|p1a: Hydreigon\n|-boost|p1a: Hydreigon|atk|1\n|-boost|p1a: Hydreigon|spe|1\n|\n|upkeep\n|turn|34\n|\n|t:|1699202680\n|move|p2a: Bisharp|Protect|p2a: Bisharp\n|-singleturn|p2a: Bisharp|Protect\n|move|p1a: Hydreigon|Dragon Dance|p1a: Hydreigon\n|-boost|p1a: Hydreigon|atk|1\n|-boost|p1a: Hydreigon|spe|1\n|\n|upkeep\n|turn|35\n|\n|t:|1699202692\n|move|p2a: Bisharp|Protect||[still]\n|-fail|p2a: Bisharp\n|move|p1a: Hydreigon|Dragon Dance|p1a: Hydreigon\n|-boost|p1a: Hydreigon|atk|1\n|-boost|p1a: Hydreigon|spe|1\n|\n|upkeep\n|turn|36\n|\n|t:|1699202711\n|move|p1a: Hydreigon|Dragon Dance|p1a: Hydreigon\n|-boost|p1a: Hydreigon|atk|1\n|-boost|p1a: Hydreigon|spe|1\n|move|p2a: Bisharp|Guillotine|p1a: Hydreigon|[miss]\n|-miss|p2a: Bisharp|p1a: Hydreigon\n|\n|upkeep\n|turn|37\n|\n|t:|1699202723\n|move|p1a: Hydreigon|Draco Meteor|p2a: Bisharp\n|-resisted|p2a: Bisharp\n|-damage|p2a: Bisharp|47\/100\n|-unboost|p1a: Hydreigon|spa|2\n|move|p2a: Bisharp|Swords Dance|p2a: Bisharp\n|-boost|p2a: Bisharp|atk|2\n|\n|-heal|p2a: Bisharp|53\/100|[from] item: Leftovers\n|upkeep\n|turn|38\n|\n|t:|1699202736\n|move|p1a: Hydreigon|Acrobatics|p2a: Bisharp\n|-resisted|p2a: Bisharp\n|-damage|p2a: Bisharp|36\/100\n|move|p2a: Bisharp|Focus Blast|p1a: Hydreigon|[miss]\n|-miss|p2a: Bisharp|p1a: Hydreigon\n|\n|-heal|p2a: Bisharp|42\/100|[from] item: Leftovers\n|upkeep\n|turn|39\n|\n|t:|1699202748\n|move|p1a: Hydreigon|Bulldoze|p2a: Bisharp\n|-supereffective|p2a: Bisharp\n|-damage|p2a: Bisharp|0 fnt\n|faint|p2a: Bisharp\n|\n|upkeep\n|\n|t:|1699202754\n|switch|p2a: Ditto|Ditto|100\/100\n|turn|40\n|\n|t:|1699202758\n|move|p1a: Hydreigon|Bulldoze|p2a: Ditto\n|-damage|p2a: Ditto|8\/100\n|-unboost|p2a: Ditto|spe|1\n|move|p2a: Ditto|Transform|p1a: Hydreigon\n|-transform|p2a: Ditto|p1a: Hydreigon\n|\n|-heal|p2a: Ditto|14\/100|[from] item: Leftovers\n|upkeep\n|turn|41\n|\n|t:|1699202769\n|move|p1a: Hydreigon|Draco Meteor|p2a: Ditto\n|-supereffective|p2a: Ditto\n|-damage|p2a: Ditto|0 fnt\n|-unboost|p1a: Hydreigon|spa|2\n|faint|p2a: Ditto\n|\n|upkeep\n|\n|t:|1699202775\n|switch|p2a: Ditto|Ditto|33\/100\n|turn|42\n|\n|t:|1699202779\n|move|p1a: Hydreigon|Bulldoze|p2a: Ditto\n|-damage|p2a: Ditto|0 fnt\n|faint|p2a: Ditto\n|\n|upkeep\n|\n|t:|1699202783\n|switch|p2a: executioner|Kingambit, F, tera:Dark|33\/100\n|-ability|p2a: executioner|Pressure\n|turn|43\n|\n|t:|1699202787\n|move|p2a: executioner|Protect|p2a: executioner\n|-singleturn|p2a: executioner|Protect\n|move|p1a: Hydreigon|Bulldoze|p2a: executioner\n|-activate|p2a: executioner|move: Protect\n|\n|-heal|p2a: executioner|39\/100|[from] item: Leftovers\n|upkeep\n|turn|44\n|c|\u2606curdrice|gg\n|\n|t:|1699202795\n|move|p2a: executioner|Protect||[still]\n|-fail|p2a: executioner\n|move|p1a: Hydreigon|Dragon Dance|p1a: Hydreigon\n|-boost|p1a: Hydreigon|atk|1\n|-boost|p1a: Hydreigon|spe|1\n|\n|-heal|p2a: executioner|45\/100|[from] item: Leftovers\n|upkeep\n|turn|45\n|inactive|subtoty998 has 120 seconds left.\n|\n|t:|1699202831\n|move|p1a: Hydreigon|Bulldoze|p2a: executioner\n|-damage|p2a: executioner|7\/100\n|-unboost|p2a: executioner|spe|1\n|move|p2a: executioner|Spite|p1a: Hydreigon\n|-activate|p1a: Hydreigon|move: Spite|Bulldoze|4\n|\n|-heal|p2a: executioner|13\/100|[from] item: Leftovers\n|upkeep\n|turn|46\n|inactive|subtoty998 has 120 seconds left.\n|\n|t:|1699202841\n|move|p2a: executioner|Protect|p2a: executioner\n|-singleturn|p2a: executioner|Protect\n|move|p1a: Hydreigon|Bulldoze|p2a: executioner\n|-activate|p2a: executioner|move: Protect\n|\n|-heal|p2a: executioner|19\/100|[from] item: Leftovers\n|upkeep\n|turn|47\n|\n|t:|1699202848\n|move|p2a: executioner|Protect|p2a: executioner\n|-singleturn|p2a: executioner|Protect\n|move|p1a: Hydreigon|Bulldoze|p2a: executioner\n|-activate|p2a: executioner|move: Protect\n|\n|-heal|p2a: executioner|25\/100|[from] item: Leftovers\n|upkeep\n|turn|48\n|\n|t:|1699202860\n|move|p1a: Hydreigon|Bulldoze|p2a: executioner\n|-damage|p2a: executioner|0 fnt\n|faint|p2a: executioner\n|\n|win|subtoty998\n|raw|subtoty998's rating: 1000 &rarr; <strong>1053<\/strong><br \/>(+53 for winning)\n|raw|curdrice's rating: 1115 &rarr; <strong>1082<\/strong><br \/>(-33 for losing)\n|l|\u2606curdrice\n","uploadtime":1699202901,"views":6,"p1id":"subtoty998","p2id":"curdrice","formatid":"gen9anythinggoes","rating":1053,"private":0,"password":""}