{"id":"gen9anythinggoes-1983365204","p1":"MiseryRaven","p2":"Keksyyy","format":"[Gen 9] Anything Goes","log":"|j|\u2606MiseryRaven\n|j|\u2606Keksyyy\n|t:|1699122458\n|gametype|singles\n|player|p1|MiseryRaven|n|\n|player|p2|Keksyyy|madame-gen4|\n|teamsize|p1|6\n|teamsize|p2|6\n|gen|9\n|tier|[Gen 9] Anything Goes\n|rule|HP Percentage Mod: HP is shown in percentages\n|rule|Endless Battle Clause: Forcing endless battles is banned\n|clearpoke\n|poke|p1|Slither Wing|\n|poke|p1|Fezandipiti, M|\n|poke|p1|Calyrex-Ice|\n|poke|p1|Iron Treads|\n|poke|p1|Iron Jugulis|\n|poke|p1|Pincurchin, F|\n|poke|p2|Alomomola, F|\n|poke|p2|Tornadus-Therian, M|\n|poke|p2|Jirachi|\n|poke|p2|Shaymin-Sky|\n|poke|p2|Arcanine-Hisui, M|\n|poke|p2|Chien-Pao|\n|teampreview\n|c|\u2606Keksyyy|Viel Spa\u00df und Erfolg :)\n|c|\u2606MiseryRaven|hf\n|\n|t:|1699122520\n|start\n|switch|p1a: Plutos|Iron Treads|100\/100\n|switch|p2a: Glass|Jirachi, shiny|100\/100\n|turn|1\n|\n|t:|1699122590\n|move|p2a: Glass|U-turn|p1a: Plutos\n|-resisted|p1a: Plutos\n|-damage|p1a: Plutos|94\/100\n|\n|t:|1699122636\n|switch|p2a: Melty Q. Melromarc|Alomomola, F, shiny|100\/100|[from] U-turn\n|move|p1a: Plutos|Volt Switch|p2a: Melty Q. Melromarc\n|-supereffective|p2a: Melty Q. Melromarc\n|-enditem|p2a: Melty Q. Melromarc|Wacan Berry|[eat]\n|-enditem|p2a: Melty Q. Melromarc|Wacan Berry|[weaken]\n|-damage|p2a: Melty Q. Melromarc|86\/100\n|c|\u2606Keksyyy|Das Vieh kann V-Switch?\n|c|\u2606MiseryRaven|jap\n|\n|t:|1699122670\n|-end|p1a: Plutos|Quark Drive|[silent]\n|switch|p1a: Ate|Pincurchin, F, shiny|100\/100|[from] Volt Switch\n|-fieldstart|move: Electric Terrain|[from] ability: Electric Surge|[of] p1a: Ate\n|\n|upkeep\n|turn|2\n|\n|t:|1699122747\n|move|p2a: Melty Q. Melromarc|Flip Turn|p1a: Ate\n|-damage|p1a: Ate|80\/100\n|\n|t:|1699122756\n|switch|p2a: Glass|Jirachi, shiny|100\/100|[from] Flip Turn\n|move|p1a: Ate|Toxic Spikes|p2a: Glass\n|-sidestart|p2: Keksyyy|move: Toxic Spikes\n|\n|upkeep\n|turn|3\n|\n|t:|1699122774\n|switch|p1a: Plutos|Iron Treads|94\/100\n|-activate|p1a: Plutos|ability: Quark Drive\n|-start|p1a: Plutos|quarkdriveatk\n|move|p2a: Glass|Stealth Rock|p1a: Plutos\n|-sidestart|p1: MiseryRaven|move: Stealth Rock\n|\n|upkeep\n|turn|4\n|\n|t:|1699122832\n|move|p2a: Glass|Iron Head|p1a: Plutos\n|-resisted|p1a: Plutos\n|-damage|p1a: Plutos|80\/100\n|move|p1a: Plutos|Rapid Spin|p2a: Glass\n|-resisted|p2a: Glass\n|-damage|p2a: Glass|91\/100\n|-boost|p1a: Plutos|spe|1\n|-sideend|p1: MiseryRaven|Stealth Rock|[from] move: Rapid Spin|[of] p1a: Plutos\n|\n|-heal|p2a: Glass|97\/100|[from] item: Leftovers\n|upkeep\n|turn|5\n|\n|t:|1699122986\n|move|p1a: Plutos|Earthquake|p2a: Glass\n|-supereffective|p2a: Glass\n|-damage|p2a: Glass|0 fnt\n|faint|p2a: Glass\n|\n|upkeep\n|\n|t:|1699123002\n|switch|p2a: Melty Q. Melromarc|Alomomola, F, shiny|100\/100\n|-status|p2a: Melty Q. Melromarc|psn\n|turn|6\n|\n|t:|1699123010\n|move|p2a: Melty Q. Melromarc|Protect|p2a: Melty Q. Melromarc\n|-singleturn|p2a: Melty Q. Melromarc|Protect\n|move|p1a: Plutos|Volt Switch|p2a: Melty Q. Melromarc\n|-activate|p2a: Melty Q. Melromarc|move: Protect\n|\n|-damage|p2a: Melty Q. Melromarc|88\/100 psn|[from] psn\n|upkeep\n|turn|7\n|\n|t:|1699123027\n|move|p1a: Plutos|Volt Switch|p2a: Melty Q. Melromarc\n|-supereffective|p2a: Melty Q. Melromarc\n|-damage|p2a: Melty Q. Melromarc|53\/100 psn\n|\n|t:|1699123033\n|-end|p1a: Plutos|Quark Drive|[silent]\n|switch|p1a: Ate|Pincurchin, F, shiny|80\/100|[from] Volt Switch\n|move|p2a: Melty Q. Melromarc|Flip Turn|p1a: Ate\n|-damage|p1a: Ate|62\/100\n|\n|t:|1699123082\n|switch|p2a: Naofumi Iwatani|Shaymin-Sky|100\/100|[from] Flip Turn\n|\n|upkeep\n|turn|8\n|\n|t:|1699123152\n|switch|p1a: Hermes|Calyrex-Ice|100\/100\n|-ability|p1a: Hermes|As One\n|-ability|p1a: Hermes|Unnerve\n|move|p2a: Naofumi Iwatani|Seed Flare|p1a: Hermes\n|-damage|p1a: Hermes|62\/100\n|-unboost|p1a: Hermes|spd|2\n|\n|-heal|p1a: Hermes|69\/100|[from] item: Leftovers\n|-fieldend|move: Electric Terrain\n|upkeep\n|turn|9\n|\n|t:|1699123228\n|switch|p1a: Aphrodite|Fezandipiti, M|100\/100\n|move|p2a: Naofumi Iwatani|Seed Flare|p1a: Aphrodite\n|-resisted|p1a: Aphrodite\n|-damage|p1a: Aphrodite|68\/100\n|-unboost|p1a: Aphrodite|spd|2\n|\n|upkeep\n|turn|10\n|\n|t:|1699123470\n|switch|p1a: Ares|Slither Wing, shiny|100\/100\n|move|p2a: Naofumi Iwatani|Seed Flare|p1a: Ares\n|-resisted|p1a: Ares\n|-damage|p1a: Ares|67\/100\n|-unboost|p1a: Ares|spd|2\n|\n|upkeep\n|turn|11\n|\n|t:|1699123539\n|move|p1a: Ares|Flare Blitz|p2a: Naofumi Iwatani\n|-supereffective|p2a: Naofumi Iwatani\n|-damage|p2a: Naofumi Iwatani|10\/100\n|-damage|p1a: Ares|39\/100|[from] Recoil\n|move|p2a: Naofumi Iwatani|Seed Flare|p1a: Ares\n|-resisted|p1a: Ares\n|-damage|p1a: Ares|0 fnt\n|faint|p1a: Ares\n|-end|p1a: Ares|Protosynthesis|[silent]\n|\n|upkeep\n|\n|t:|1699123574\n|switch|p1a: Anemoi|Iron Jugulis|100\/100\n|turn|12\n|\n|t:|1699123611\n|switch|p2a: Filo|Tornadus-Therian, M|100\/100\n|move|p1a: Anemoi|U-turn|p2a: Filo\n|-resisted|p2a: Filo\n|-damage|p2a: Filo|93\/100\n|\n|t:|1699123659\n|-end|p1a: Anemoi|Quark Drive|[silent]\n|switch|p1a: Ate|Pincurchin, F, shiny|62\/100|[from] U-turn\n|-fieldstart|move: Electric Terrain|[from] ability: Electric Surge|[of] p1a: Ate\n|\n|upkeep\n|turn|13\n|\n|t:|1699123669\n|move|p2a: Filo|Knock Off|p1a: Ate\n|-damage|p1a: Ate|37\/100\n|-enditem|p1a: Ate|Terrain Extender|[from] move: Knock Off|[of] p2a: Filo\n|move|p1a: Ate|Discharge|p2a: Filo\n|-supereffective|p2a: Filo\n|-damage|p2a: Filo|22\/100\n|-status|p2a: Filo|par\n|\n|upkeep\n|turn|14\n|\n|t:|1699123730\n|move|p2a: Filo|Tailwind|p2a: Filo\n|-sidestart|p2: Keksyyy|move: Tailwind\n|move|p1a: Ate|Discharge|p2a: Filo\n|-supereffective|p2a: Filo\n|-damage|p2a: Filo|0 fnt\n|faint|p2a: Filo\n|\n|upkeep\n|\n|t:|1699123736\n|switch|p2a: L'Arc Berg|Arcanine-Hisui, M|100\/100\n|-status|p2a: L'Arc Berg|psn\n|turn|15\n|\n|t:|1699123770\n|move|p2a: L'Arc Berg|Flare Blitz|p1a: Ate\n|-damage|p1a: Ate|0 fnt\n|faint|p1a: Ate\n|-damage|p2a: L'Arc Berg|91\/100 psn|[from] item: Life Orb\n|\n|-damage|p2a: L'Arc Berg|78\/100 psn|[from] psn\n|upkeep\n|\n|t:|1699123845\n|switch|p1a: Anemoi|Iron Jugulis|100\/100\n|-activate|p1a: Anemoi|ability: Quark Drive\n|-start|p1a: Anemoi|quarkdrivespe\n|turn|16\n|\n|t:|1699123915\n|move|p2a: L'Arc Berg|Flame Charge|p1a: Anemoi\n|-damage|p1a: Anemoi|75\/100\n|-boost|p2a: L'Arc Berg|spe|1\n|-damage|p2a: L'Arc Berg|68\/100 psn|[from] item: Life Orb\n|move|p1a: Anemoi|Earth Power|p2a: L'Arc Berg\n|-supereffective|p2a: L'Arc Berg\n|-damage|p2a: L'Arc Berg|0 fnt\n|faint|p2a: L'Arc Berg\n|\n|upkeep\n|c|\u2606Keksyyy|\u00e4hhh\n|c|\u2606MiseryRaven|ja?\n|c|\u2606Keksyyy|Ich bin dumm\n|c|\u2606MiseryRaven|warum?\n|c|\u2606Keksyyy|Ich habe nicht auf den Tailwind geachtet\n|\n|t:|1699123978\n|switch|p2a: Melty Q. Melromarc|Alomomola, F, shiny|87\/100 psn\n|turn|17\n|c|\u2606MiseryRaven|jetzt wo du es sagst xD\n|c|\u2606Keksyyy|Ich habe mich gefragt, was du getan hast, dass Arkani schneller war\n|c|\u2606Keksyyy|Der w\u00e4r halt einfach tot gewesen\n|\n|t:|1699124079\n|move|p1a: Anemoi|Dark Pulse|p2a: Melty Q. Melromarc\n|-damage|p2a: Melty Q. Melromarc|46\/100 psn\n|move|p2a: Melty Q. Melromarc|Mirror Coat|p1a: Anemoi\n|-immune|p1a: Anemoi\n|\n|-damage|p2a: Melty Q. Melromarc|34\/100 psn|[from] psn\n|-sideend|p2: Keksyyy|move: Tailwind\n|upkeep\n|turn|18\n|c|\u2606Keksyyy|Ich bin immer noch fassungslos\n|c|\u2606Keksyyy|Gibt mir ne Sekunde um mich zu sammeln\n|c|\u2606MiseryRaven|du hast tailwind. du w\u00e4rst immer schneller als mein mon gewesen\n|c|\u2606MiseryRaven|ich habnichts getan\n|c|\u2606Keksyyy|Ich wei\u00df, ich wei\u00df\n|\n|t:|1699124185\n|move|p2a: Melty Q. Melromarc|Protect|p2a: Melty Q. Melromarc\n|-singleturn|p2a: Melty Q. Melromarc|Protect\n|move|p1a: Anemoi|Dark Pulse|p2a: Melty Q. Melromarc\n|-activate|p2a: Melty Q. Melromarc|move: Protect\n|\n|-damage|p2a: Melty Q. Melromarc|21\/100 psn|[from] psn\n|upkeep\n|turn|19\n|c|\u2606Keksyyy|Ich habe seit Ewigkeiten keine Liga gespielt\n|c|\u2606MiseryRaven|ich wei\u00df :3\n|\n|t:|1699124202\n|move|p1a: Anemoi|Earth Power|p2a: Melty Q. Melromarc\n|-damage|p2a: Melty Q. Melromarc|0 fnt\n|faint|p2a: Melty Q. Melromarc\n|\n|-fieldend|move: Electric Terrain\n|-end|p1a: Anemoi|Quark Drive\n|upkeep\n|c|\u2606Keksyyy|Ich bin noch nicht auf der H\u00f6he\n|c|\u2606MiseryRaven|es ist nicth schlimm, dass du fehler machst\n|c|\u2606MiseryRaven|komm erstmal wieder rein in cp\n|\n|t:|1699124225\n|switch|p2a: Ren Amaki|Chien-Pao|100\/100\n|-status|p2a: Ren Amaki|psn\n|-ability|p2a: Ren Amaki|Sword of Ruin\n|turn|20\n|\n|t:|1699124286\n|-end|p1a: Anemoi|Quark Drive|[silent]\n|switch|p1a: Plutos|Iron Treads|80\/100\n|move|p2a: Ren Amaki|Ice Spinner|p1a: Plutos\n|-damage|p1a: Plutos|6\/100\n|\n|-damage|p2a: Ren Amaki|88\/100 psn|[from] psn\n|upkeep\n|turn|21\n|\n|t:|1699124294\n|move|p2a: Ren Amaki|Ice Spinner|p1a: Plutos\n|-damage|p1a: Plutos|0 fnt\n|faint|p1a: Plutos\n|-end|p1a: Plutos|Quark Drive|[silent]\n|\n|-damage|p2a: Ren Amaki|76\/100 psn|[from] psn\n|upkeep\n|\n|t:|1699124328\n|switch|p1a: Hermes|Calyrex-Ice|69\/100\n|-ability|p1a: Hermes|As One\n|-ability|p1a: Hermes|Unnerve\n|turn|22\n|\n|t:|1699124357\n|move|p2a: Ren Amaki|Ice Spinner|p1a: Hermes\n|-resisted|p1a: Hermes\n|-damage|p1a: Hermes|47\/100\n|move|p1a: Hermes|Body Press|p2a: Ren Amaki\n|-supereffective|p2a: Ren Amaki\n|-damage|p2a: Ren Amaki|0 fnt\n|faint|p2a: Ren Amaki\n|-ability|p1a: Hermes|Chilling Neigh|boost\n|-boost|p1a: Hermes|atk|1\n|\n|-heal|p1a: Hermes|53\/100|[from] item: Leftovers\n|upkeep\n|\n|t:|1699124367\n|switch|p2a: Naofumi Iwatani|Shaymin-Sky|10\/100\n|turn|23\n|\n|t:|1699124393\n|move|p2a: Naofumi Iwatani|Air Slash|p1a: Hermes\n|-damage|p1a: Hermes|29\/100\n|cant|p1a: Hermes|flinch\n|\n|-heal|p1a: Hermes|36\/100|[from] item: Leftovers\n|upkeep\n|turn|24\n|\n|t:|1699124422\n|move|p2a: Naofumi Iwatani|Air Slash|p1a: Hermes\n|-damage|p1a: Hermes|11\/100\n|cant|p1a: Hermes|flinch\n|\n|-heal|p1a: Hermes|18\/100|[from] item: Leftovers\n|upkeep\n|turn|25\n|\n|t:|1699124434\n|move|p2a: Naofumi Iwatani|Air Slash|p1a: Hermes\n|-damage|p1a: Hermes|0 fnt\n|faint|p1a: Hermes\n|\n|upkeep\n|\n|t:|1699124444\n|switch|p1a: Aphrodite|Fezandipiti, M|68\/100\n|turn|26\n|\n|t:|1699124462\n|move|p2a: Naofumi Iwatani|Air Slash|p1a: Aphrodite\n|-damage|p1a: Aphrodite|11\/100\n|-enditem|p1a: Aphrodite|Salac Berry|[eat]\n|-boost|p1a: Aphrodite|spe|1|[from] item: Salac Berry\n|cant|p1a: Aphrodite|flinch\n|\n|upkeep\n|turn|27\n|c|\u2606MiseryRaven|serene grace ist so schlimm\n|\n|t:|1699124474\n|move|p1a: Aphrodite|Poison Jab|p2a: Naofumi Iwatani\n|-supereffective|p2a: Naofumi Iwatani\n|-damage|p2a: Naofumi Iwatani|0 fnt\n|faint|p2a: Naofumi Iwatani\n|\n|win|MiseryRaven\n|c|\u2606Keksyyy|gg\n|c|\u2606MiseryRaven|gg\n","uploadtime":1699124480,"views":13,"p1id":"miseryraven","p2id":"keksyyy","formatid":"gen9anythinggoes","rating":0,"private":0,"password":""}