{"id":"gen9anythinggoes-1983029715","p1":"Miraidon4ever","p2":"XAVIEROCKSTAR5","format":"[Gen 9] Anything Goes","log":"|j|\u2606Miraidon4ever\n|j|\u2606XAVIEROCKSTAR5\n|t:|1699072346\n|gametype|singles\n|player|p1|Miraidon4ever|hero2-conquest|1527\n|player|p2|XAVIEROCKSTAR5|steven|1593\n|teamsize|p1|6\n|teamsize|p2|6\n|gen|9\n|tier|[Gen 9] Anything Goes\n|rated|\n|rule|HP Percentage Mod: HP is shown in percentages\n|rule|Endless Battle Clause: Forcing endless battles is banned\n|clearpoke\n|poke|p1|Arceus|\n|poke|p1|Koraidon|\n|poke|p1|Miraidon|\n|poke|p1|Skeledirge, M|\n|poke|p1|Glimmora, M|\n|poke|p1|Arceus-Ground|\n|poke|p2|Arceus|\n|poke|p2|Mewtwo|\n|poke|p2|Cinderace, F|\n|poke|p2|Dragapult, M|\n|poke|p2|Zacian-*|\n|poke|p2|Miraidon|\n|teampreview\n|inactive|Battle timer is ON: inactive players will automatically lose when time's up. (requested by XAVIEROCKSTAR5)\n|\n|t:|1699072359\n|start\n|switch|p1a: Glimmora|Glimmora, M|100\/100\n|switch|p2a: Mewtwo|Mewtwo|100\/100\n|-ability|p2a: Mewtwo|Unnerve\n|turn|1\n|\n|t:|1699072366\n|move|p2a: Mewtwo|Psystrike|p1a: Glimmora\n|-supereffective|p1a: Glimmora\n|-enditem|p1a: Glimmora|Focus Sash\n|-damage|p1a: Glimmora|1\/100\n|move|p1a: Glimmora|Mud Shot|p2a: Mewtwo\n|-damage|p2a: Mewtwo|84\/100\n|-unboost|p2a: Mewtwo|spe|1\n|\n|upkeep\n|turn|2\n|\n|t:|1699072375\n|move|p1a: Glimmora|Stealth Rock|p2a: Mewtwo\n|-sidestart|p2: XAVIEROCKSTAR5|move: Stealth Rock\n|move|p2a: Mewtwo|Psystrike|p1a: Glimmora\n|-supereffective|p1a: Glimmora\n|-damage|p1a: Glimmora|0 fnt\n|faint|p1a: Glimmora\n|\n|upkeep\n|\n|t:|1699072386\n|switch|p1a: Miraidon|Miraidon|100\/100\n|-fieldstart|move: Electric Terrain|[from] ability: Hadron Engine|[of] p1a: Miraidon\n|-enditem|p1a: Miraidon|Electric Seed\n|-boost|p1a: Miraidon|def|1|[from] item: Electric Seed\n|turn|3\n|\n|t:|1699072389\n|switch|p2a: Miraidon|Miraidon|100\/100\n|-damage|p2a: Miraidon|88\/100|[from] Stealth Rock\n|-activate|p2a: Miraidon|ability: Hadron Engine\n|move|p1a: Miraidon|Calm Mind|p1a: Miraidon\n|-boost|p1a: Miraidon|spa|1\n|-boost|p1a: Miraidon|spd|1\n|\n|upkeep\n|turn|4\n|\n|t:|1699072410\n|move|p2a: Miraidon|Dragon Pulse|p1a: Miraidon\n|-supereffective|p1a: Miraidon\n|-damage|p1a: Miraidon|33\/100\n|move|p1a: Miraidon|Agility|p1a: Miraidon\n|-boost|p1a: Miraidon|spe|2\n|\n|upkeep\n|turn|5\n|\n|t:|1699072417\n|move|p1a: Miraidon|Parabolic Charge|p2a: Miraidon\n|-resisted|p2a: Miraidon\n|-damage|p2a: Miraidon|68\/100\n|-heal|p1a: Miraidon|42\/100|[from] drain|[of] p2a: Miraidon\n|move|p2a: Miraidon|Dragon Pulse|p1a: Miraidon\n|-supereffective|p1a: Miraidon\n|-damage|p1a: Miraidon|0 fnt\n|faint|p1a: Miraidon\n|\n|upkeep\n|\n|t:|1699072426\n|switch|p1a: Arceus|Arceus-Ground|100\/100\n|turn|6\n|\n|t:|1699072431\n|switch|p2a: Arceus|Arceus|100\/100\n|-damage|p2a: Arceus|88\/100|[from] Stealth Rock\n|move|p1a: Arceus|Dragon Dance|p1a: Arceus\n|-boost|p1a: Arceus|atk|1\n|-boost|p1a: Arceus|spe|1\n|\n|-heal|p2a: Arceus|94\/100|[from] item: Leftovers\n|upkeep\n|turn|7\n|\n|t:|1699072439\n|move|p1a: Arceus|Earthquake|p2a: Arceus\n|-damage|p2a: Arceus|42\/100\n|move|p2a: Arceus|Swords Dance|p2a: Arceus\n|-boost|p2a: Arceus|atk|2\n|\n|-heal|p2a: Arceus|48\/100|[from] item: Leftovers\n|-fieldend|move: Electric Terrain\n|upkeep\n|turn|8\n|\n|t:|1699072446\n|move|p2a: Arceus|Extreme Speed|p1a: Arceus\n|-damage|p1a: Arceus|38\/100\n|move|p1a: Arceus|Earthquake|p2a: Arceus\n|-damage|p2a: Arceus|0 fnt\n|faint|p2a: Arceus\n|\n|upkeep\n|\n|t:|1699072453\n|switch|p2a: Zacian|Zacian|100\/100\n|-damage|p2a: Zacian|88\/100|[from] Stealth Rock\n|-ability|p2a: Zacian|Intrepid Sword|boost\n|-boost|p2a: Zacian|atk|1\n|turn|9\n|\n|t:|1699072457\n|move|p2a: Zacian|Sacred Sword|p1a: Arceus\n|-damage|p1a: Arceus|4\/100\n|move|p1a: Arceus|Earthquake|p2a: Zacian\n|-damage|p2a: Zacian|0 fnt\n|faint|p2a: Zacian\n|\n|upkeep\n|\n|t:|1699072466\n|switch|p2a: Dragapult|Dragapult, M|100\/100\n|-damage|p2a: Dragapult|88\/100|[from] Stealth Rock\n|turn|10\n|\n|t:|1699072474\n|move|p2a: Dragapult|Sucker Punch|p1a: Arceus\n|-damage|p1a: Arceus|0 fnt\n|faint|p1a: Arceus\n|\n|upkeep\n|\n|t:|1699072483\n|switch|p1a: Koraidon|Koraidon|100\/100\n|-weather|SunnyDay|[from] ability: Orichalcum Pulse|[of] p1a: Koraidon\n|-activate|p1a: Koraidon|Orichalcum Pulse|[source]\n|turn|11\n|\n|t:|1699072500\n|switch|p2a: Cinderace|Cinderace, F|100\/100\n|-damage|p2a: Cinderace|76\/100|[from] Stealth Rock\n|-terastallize|p1a: Koraidon|Steel\n|move|p1a: Koraidon|Scale Shot|p2a: Cinderace\n|-damage|p2a: Cinderace|49\/100\n|-damage|p2a: Cinderace|21\/100\n|-damage|p2a: Cinderace|0 fnt\n|faint|p2a: Cinderace\n|-hitcount|p2: Cinderace|3\n|-unboost|p1a: Koraidon|def|1\n|-boost|p1a: Koraidon|spe|1\n|\n|-weather|SunnyDay|[upkeep]\n|upkeep\n|\n|t:|1699072512\n|switch|p2a: Miraidon|Miraidon|68\/100\n|-damage|p2a: Miraidon|55\/100|[from] Stealth Rock\n|-fieldstart|move: Electric Terrain|[from] ability: Hadron Engine|[of] p2a: Miraidon\n|turn|12\n|\n|t:|1699072522\n|move|p2a: Miraidon|Overheat|p1a: Koraidon\n|-supereffective|p1a: Koraidon\n|-damage|p1a: Koraidon|0 fnt\n|-unboost|p2a: Miraidon|spa|2\n|faint|p1a: Koraidon\n|\n|-weather|SunnyDay|[upkeep]\n|upkeep\n|\n|t:|1699072528\n|switch|p1a: Arceus|Arceus|100\/100\n|turn|13\n|\n|t:|1699072535\n|switch|p2a: Mewtwo|Mewtwo|84\/100\n|-ability|p2a: Mewtwo|Unnerve\n|-damage|p2a: Mewtwo|71\/100|[from] Stealth Rock\n|move|p1a: Arceus|Swords Dance|p1a: Arceus\n|-boost|p1a: Arceus|atk|2\n|\n|-weather|SunnyDay|[upkeep]\n|upkeep\n|turn|14\n|\n|t:|1699072543\n|move|p1a: Arceus|Extreme Speed|p2a: Mewtwo\n|-damage|p2a: Mewtwo|0 fnt\n|faint|p2a: Mewtwo\n|\n|-weather|SunnyDay|[upkeep]\n|upkeep\n|\n|t:|1699072546\n|switch|p2a: Dragapult|Dragapult, M|88\/100\n|-damage|p2a: Dragapult|76\/100|[from] Stealth Rock\n|turn|15\n|\n|t:|1699072554\n|move|p2a: Dragapult|Dragon Darts|p1a: Arceus\n|-damage|p1a: Arceus|82\/100\n|-anim|p2a: Dragapult|Dragon Darts|p1a: Arceus\n|-damage|p1a: Arceus|63\/100\n|move|p1a: Arceus|Shadow Claw|p2a: Dragapult\n|-supereffective|p2a: Dragapult\n|-damage|p2a: Dragapult|0 fnt\n|faint|p2a: Dragapult\n|\n|-weather|none\n|upkeep\n|\n|t:|1699072558\n|switch|p2a: Miraidon|Miraidon|55\/100\n|-damage|p2a: Miraidon|43\/100|[from] Stealth Rock\n|-activate|p2a: Miraidon|ability: Hadron Engine\n|turn|16\n|\n|t:|1699072566\n|move|p1a: Arceus|Extreme Speed|p2a: Miraidon\n|-damage|p2a: Miraidon|0 fnt\n|faint|p2a: Miraidon\n|\n|win|Miraidon4ever\n|raw|Miraidon4ever's rating: 1527 &rarr; <strong>1551<\/strong><br \/>(+24 for winning)\n|raw|XAVIEROCKSTAR5's rating: 1603 &rarr; <strong>1579<\/strong><br \/>(-24 for losing)\n|l|\u2606XAVIEROCKSTAR5\n","uploadtime":1699072572,"views":10,"p1id":"miraidon4ever","p2id":"xavierockstar5","formatid":"gen9anythinggoes","rating":1551,"private":0,"password":""}