{"id":"gen9anythinggoes-1994373327","p1":"trotman","p2":"Daxyel13","format":"[Gen 9] Anything Goes","log":"|j|\u2606trotman\n|j|\u2606Daxyel13\n|t:|1700436517\n|gametype|singles\n|player|p1|trotman|brycenman|1218\n|player|p2|Daxyel13|ethan|1182\n|teamsize|p1|6\n|teamsize|p2|6\n|gen|9\n|tier|[Gen 9] Anything Goes\n|rated|\n|rule|HP Percentage Mod: HP is shown in percentages\n|rule|Endless Battle Clause: Forcing endless battles is banned\n|clearpoke\n|poke|p1|Ogerpon-Cornerstone, F|\n|poke|p1|Sinistcha-Masterpiece|\n|poke|p1|Fezandipiti, M|\n|poke|p1|Landorus-Therian, M|\n|poke|p1|Kyogre|\n|poke|p1|Regieleki|\n|poke|p2|Annihilape, M|\n|poke|p2|Baxcalibur, M|\n|poke|p2|Clodsire, M|\n|poke|p2|Volcarona, M|\n|poke|p2|Flutter Mane|\n|poke|p2|Iron Valiant|\n|teampreview\n|\n|t:|1700436523\n|start\n|switch|p1a: Landorus|Landorus-Therian, M|100\/100\n|switch|p2a: Puddle|Clodsire, M|100\/100\n|-ability|p1a: Landorus|Intimidate|boost\n|-unboost|p2a: Puddle|atk|1\n|turn|1\n|\n|t:|1700436533\n|move|p1a: Landorus|Stealth Rock|p2a: Puddle\n|-sidestart|p2: Daxyel13|move: Stealth Rock\n|move|p2a: Puddle|Gunk Shot|p1a: Landorus\n|-resisted|p1a: Landorus\n|-damage|p1a: Landorus|89\/100\n|-status|p1a: Landorus|psn\n|\n|-heal|p1a: Landorus|95\/100 psn|[from] item: Leftovers\n|-damage|p1a: Landorus|83\/100 psn|[from] psn\n|upkeep\n|turn|2\n|\n|t:|1700436545\n|switch|p2a: Ice boi|Baxcalibur, M|100\/100\n|-damage|p2a: Ice boi|76\/100|[from] Stealth Rock\n|move|p1a: Landorus|Taunt|p2a: Ice boi\n|-start|p2a: Ice boi|move: Taunt\n|\n|-heal|p2a: Ice boi|82\/100|[from] item: Leftovers\n|-heal|p1a: Landorus|89\/100 psn|[from] item: Leftovers\n|-damage|p1a: Landorus|77\/100 psn|[from] psn\n|upkeep\n|turn|3\n|\n|t:|1700436561\n|switch|p1a: Fezandipiti|Fezandipiti, M|100\/100\n|move|p2a: Ice boi|Avalanche|p1a: Fezandipiti\n|-damage|p1a: Fezandipiti|74\/100\n|\n|-heal|p2a: Ice boi|88\/100|[from] item: Leftovers\n|upkeep\n|turn|4\n|\n|t:|1700436576\n|switch|p2a: Puddle|Clodsire, M|100\/100\n|-damage|p2a: Puddle|94\/100|[from] Stealth Rock\n|move|p1a: Fezandipiti|Light Screen|p1a: Fezandipiti\n|-sidestart|p1: trotman|move: Light Screen\n|\n|-heal|p2a: Puddle|100\/100|[from] item: Leftovers\n|upkeep\n|turn|5\n|\n|t:|1700436597\n|move|p1a: Fezandipiti|U-turn|p2a: Puddle\n|-resisted|p2a: Puddle\n|-damage|p2a: Puddle|92\/100\n|\n|t:|1700436603\n|switch|p1a: Landorus|Landorus-Therian, M|77\/100 psn|[from] U-turn\n|-ability|p1a: Landorus|Intimidate|boost\n|-unboost|p2a: Puddle|atk|1\n|move|p2a: Puddle|Earthquake|p1a: Landorus\n|-immune|p1a: Landorus\n|\n|-heal|p1a: Landorus|83\/100 psn|[from] item: Leftovers\n|-heal|p2a: Puddle|98\/100|[from] item: Leftovers\n|-damage|p1a: Landorus|70\/100 psn|[from] psn\n|upkeep\n|turn|6\n|\n|t:|1700436619\n|move|p1a: Landorus|Earthquake|p2a: Puddle\n|-supereffective|p2a: Puddle\n|-damage|p2a: Puddle|0 fnt\n|faint|p2a: Puddle\n|\n|-heal|p1a: Landorus|76\/100 psn|[from] item: Leftovers\n|-damage|p1a: Landorus|64\/100 psn|[from] psn\n|upkeep\n|\n|t:|1700436633\n|switch|p2a: Ice boi|Baxcalibur, M|88\/100\n|-damage|p2a: Ice boi|63\/100|[from] Stealth Rock\n|turn|7\n|\n|t:|1700436639\n|move|p1a: Landorus|Earthquake|p2a: Ice boi\n|-damage|p2a: Ice boi|19\/100\n|move|p2a: Ice boi|Avalanche|p1a: Landorus\n|-supereffective|p1a: Landorus\n|-damage|p1a: Landorus|0 fnt\n|faint|p1a: Landorus\n|\n|-heal|p2a: Ice boi|25\/100|[from] item: Leftovers\n|upkeep\n|\n|t:|1700436650\n|switch|p1a: Kyogre|Kyogre, shiny|100\/100\n|-weather|RainDance|[from] ability: Drizzle|[of] p1a: Kyogre\n|turn|8\n|\n|t:|1700436658\n|move|p1a: Kyogre|Water Spout|p2a: Ice boi\n|-resisted|p2a: Ice boi\n|-damage|p2a: Ice boi|0 fnt\n|faint|p2a: Ice boi\n|\n|-weather|RainDance|[upkeep]\n|upkeep\n|\n|t:|1700436671\n|switch|p2a: Mad monkey|Annihilape, M|100\/100\n|-damage|p2a: Mad monkey|94\/100|[from] Stealth Rock\n|turn|9\n|\n|t:|1700436688\n|-terastallize|p1a: Kyogre|Water\n|move|p1a: Kyogre|Water Spout|p2a: Mad monkey\n|-damage|p2a: Mad monkey|0 fnt\n|faint|p2a: Mad monkey\n|\n|-weather|RainDance|[upkeep]\n|upkeep\n|\n|t:|1700436699\n|switch|p2a: The warrior|Iron Valiant|100\/100\n|-damage|p2a: The warrior|94\/100|[from] Stealth Rock\n|turn|10\n|\n|t:|1700436706\n|move|p1a: Kyogre|Water Spout|p2a: The warrior\n|-damage|p2a: The warrior|0 fnt\n|faint|p2a: The warrior\n|-end|p2a: The warrior|Quark Drive|[silent]\n|\n|-weather|RainDance|[upkeep]\n|upkeep\n|\n|t:|1700436714\n|switch|p2a: Fake misdrevus|Flutter Mane|100\/100\n|-damage|p2a: Fake misdrevus|88\/100|[from] Stealth Rock\n|turn|11\n|\n|t:|1700436721\n|move|p1a: Kyogre|Water Spout|p2a: Fake misdrevus\n|-damage|p2a: Fake misdrevus|0 fnt\n|faint|p2a: Fake misdrevus\n|-end|p2a: Fake misdrevus|Protosynthesis|[silent]\n|\n|-weather|RainDance|[upkeep]\n|-sideend|p1: trotman|move: Light Screen\n|upkeep\n|\n|t:|1700436729\n|switch|p2a: Fire moth|Volcarona, M|100\/100\n|-damage|p2a: Fire moth|51\/100|[from] Stealth Rock\n|turn|12\n|\n|t:|1700436740\n|move|p1a: Kyogre|Water Spout|p2a: Fire moth\n|-supereffective|p2a: Fire moth\n|-damage|p2a: Fire moth|0 fnt\n|faint|p2a: Fire moth\n|\n|win|trotman\n|raw|trotman's rating: 1218 &rarr; <strong>1240<\/strong><br \/>(+22 for winning)\n|raw|Daxyel13's rating: 1182 &rarr; <strong>1160<\/strong><br \/>(-22 for losing)\n|l|\u2606Daxyel13\n","uploadtime":1700436834,"views":1,"p1id":"trotman","p2id":"daxyel13","formatid":"gen9anythinggoes","rating":1160,"private":0,"password":""}