{"id":"gen9anythinggoes-1975829367","p1":"UdonKnowMe","p2":"Dumbfudge","format":"[Gen 9] Anything Goes","log":"|j|\u2606UdonKnowMe\n|j|\u2606Dumbfudge\n|t:|1698241939\n|gametype|singles\n|player|p1|UdonKnowMe|2|1374\n|player|p2|Dumbfudge|blackbelt-gen4dp|1314\n|teamsize|p1|6\n|teamsize|p2|6\n|gen|9\n|tier|[Gen 9] Anything Goes\n|rated|\n|rule|HP Percentage Mod: HP is shown in percentages\n|rule|Endless Battle Clause: Forcing endless battles is banned\n|clearpoke\n|poke|p1|Volcarona, M|\n|poke|p1|Kleavor, M|\n|poke|p1|Scizor, F|\n|poke|p1|Lokix, F|\n|poke|p1|Rabsca, M|\n|poke|p1|Ribombee, F|\n|poke|p2|Grimmsnarl, M|\n|poke|p2|Dudunsparce-*, M|\n|poke|p2|Zacian-*|\n|poke|p2|Drifblim, M|\n|poke|p2|Calyrex-Shadow|\n|poke|p2|Darkrai|\n|teampreview\n|inactive|Battle timer is ON: inactive players will automatically lose when time's up. (requested by Dumbfudge)\n|\n|t:|1698241952\n|start\n|switch|p1a: Kleavor|Kleavor, M|100\/100\n|switch|p2a: Zacian|Zacian-Crowned|100\/100\n|-ability|p2a: Zacian|Intrepid Sword|boost\n|-boost|p2a: Zacian|atk|1\n|turn|1\n|inactive|UdonKnowMe has 120 seconds left.\n|\n|t:|1698241983\n|-terastallize|p2a: Zacian|Steel\n|move|p2a: Zacian|Behemoth Blade|p1a: Kleavor\n|-supereffective|p1a: Kleavor\n|-damage|p1a: Kleavor|0 fnt\n|-damage|p2a: Zacian|84\/100|[from] item: Rocky Helmet|[of] p1a: Kleavor\n|faint|p1a: Kleavor\n|\n|upkeep\n|inactive|UdonKnowMe has 120 seconds left.\n|\n|t:|1698241993\n|switch|p1a: Volcarona|Volcarona, M|100\/100\n|turn|2\n|\n|t:|1698242001\n|move|p2a: Zacian|Behemoth Blade|p1a: Volcarona\n|-resisted|p1a: Volcarona\n|-damage|p1a: Volcarona|16\/100\n|-status|p2a: Zacian|brn|[from] ability: Flame Body|[of] p1a: Volcarona\n|move|p1a: Volcarona|Quiver Dance|p1a: Volcarona\n|-boost|p1a: Volcarona|spa|1\n|-boost|p1a: Volcarona|spd|1\n|-boost|p1a: Volcarona|spe|1\n|\n|-damage|p2a: Zacian|78\/100 brn|[from] brn\n|upkeep\n|turn|3\n|\n|t:|1698242014\n|move|p2a: Zacian|Quick Attack|p1a: Volcarona\n|-damage|p1a: Volcarona|0 fnt\n|faint|p1a: Volcarona\n|\n|-damage|p2a: Zacian|72\/100 brn|[from] brn\n|upkeep\n|inactive|UdonKnowMe has 120 seconds left.\n|c|\u2606Dumbfudge|imma start multitasking cause yall slow\n|\n|t:|1698242035\n|switch|p1a: Lokix|Lokix, F|100\/100\n|turn|4\n|\n|t:|1698242039\n|move|p1a: Lokix|First Impression|p2a: Zacian\n|-resisted|p2a: Zacian\n|-damage|p2a: Zacian|24\/100 brn\n|move|p2a: Zacian|Behemoth Blade|p1a: Lokix\n|-damage|p1a: Lokix|10\/100\n|\n|-damage|p2a: Zacian|17\/100 brn|[from] brn\n|upkeep\n|turn|5\n|inactive|UdonKnowMe has 120 seconds left.\n|\n|t:|1698242069\n|move|p2a: Zacian|Quick Attack|p1a: Lokix\n|-damage|p1a: Lokix|0 fnt\n|faint|p1a: Lokix\n|\n|-damage|p2a: Zacian|11\/100 brn|[from] brn\n|upkeep\n|\n|t:|1698242081\n|switch|p1a: Scizor|Scizor, F|100\/100\n|turn|6\n|\n|t:|1698242084\n|move|p2a: Zacian|Quick Attack|p1a: Scizor\n|-resisted|p1a: Scizor\n|-crit|p1a: Scizor\n|-damage|p1a: Scizor|92\/100\n|move|p1a: Scizor|Bullet Punch|p2a: Zacian\n|-resisted|p2a: Zacian\n|-damage|p2a: Zacian|0 fnt\n|faint|p2a: Zacian\n|\n|upkeep\n|\n|t:|1698242091\n|switch|p2a: Grimmsnarl|Grimmsnarl, M|100\/100\n|turn|7\n|inactive|UdonKnowMe has 120 seconds left.\n|\n|t:|1698242105\n|move|p1a: Scizor|Bullet Punch|p2a: Grimmsnarl\n|-supereffective|p2a: Grimmsnarl\n|-damage|p2a: Grimmsnarl|29\/100\n|move|p2a: Grimmsnarl|Reflect|p2a: Grimmsnarl\n|-sidestart|p2: Dumbfudge|Reflect\n|\n|upkeep\n|turn|8\n|\n|t:|1698242110\n|move|p1a: Scizor|Bullet Punch|p2a: Grimmsnarl\n|-supereffective|p2a: Grimmsnarl\n|-damage|p2a: Grimmsnarl|0 fnt\n|faint|p2a: Grimmsnarl\n|\n|upkeep\n|\n|t:|1698242114\n|switch|p2a: Dudunsparce|Dudunsparce, M|100\/100\n|turn|9\n|\n|t:|1698242123\n|move|p1a: Scizor|Bug Bite|p2a: Dudunsparce\n|-damage|p2a: Dudunsparce|81\/100\n|-ability|p2a: Dudunsparce|Rattled|boost\n|-boost|p2a: Dudunsparce|spe|1\n|move|p2a: Dudunsparce|Roost|p2a: Dudunsparce\n|-heal|p2a: Dudunsparce|100\/100\n|-singleturn|p2a: Dudunsparce|move: Roost\n|\n|upkeep\n|turn|10\n|\n|t:|1698242139\n|move|p2a: Dudunsparce|Coil|p2a: Dudunsparce\n|-boost|p2a: Dudunsparce|atk|1\n|-boost|p2a: Dudunsparce|def|1\n|-boost|p2a: Dudunsparce|accuracy|1\n|move|p1a: Scizor|Knock Off|p2a: Dudunsparce\n|-damage|p2a: Dudunsparce|90\/100\n|-ability|p2a: Dudunsparce|Rattled|boost\n|-boost|p2a: Dudunsparce|spe|1\n|-enditem|p2a: Dudunsparce|Mental Herb|[from] move: Knock Off|[of] p1a: Scizor\n|\n|upkeep\n|turn|11\n|\n|t:|1698242153\n|switch|p1a: Rabsca|Rabsca, M|100\/100\n|move|p2a: Dudunsparce|Yawn|p1a: Rabsca\n|-start|p1a: Rabsca|move: Yawn|[of] p2a: Dudunsparce\n|\n|upkeep\n|turn|12\n|\n|t:|1698242159\n|move|p2a: Dudunsparce|Coil|p2a: Dudunsparce\n|-boost|p2a: Dudunsparce|atk|1\n|-boost|p2a: Dudunsparce|def|1\n|-boost|p2a: Dudunsparce|accuracy|1\n|move|p1a: Rabsca|Revival Blessing|p1a: Rabsca\n|-enditem|p1a: Rabsca|Leppa Berry|[eat]\n|-activate|p1a: Rabsca|item: Leppa Berry|Revival Blessing|[consumed]\n|\n|t:|1698242173\n|-heal|p1: Lokix|50\/100|[from] move: Revival Blessing\n|\n|-end|p1a: Rabsca|move: Yawn|[silent]\n|-status|p1a: Rabsca|slp\n|upkeep\n|turn|13\n|\n|t:|1698242179\n|move|p2a: Dudunsparce|Baton Pass|p2a: Dudunsparce\n|\n|t:|1698242184\n|switch|p2a: Drifblim|Drifblim, M|100\/100|[from] Baton Pass\n|cant|p1a: Rabsca|slp\n|\n|upkeep\n|turn|14\n|\n|t:|1698242193\n|move|p2a: Drifblim|Substitute|p2a: Drifblim\n|-start|p2a: Drifblim|Substitute\n|-damage|p2a: Drifblim|76\/100\n|-curestatus|p1a: Rabsca|slp|[msg]\n|move|p1a: Rabsca|Revival Blessing|p1a: Rabsca\n|\n|t:|1698242201\n|-heal|p1: Volcarona|50\/100|[from] move: Revival Blessing\n|\n|-sideend|p2: Dumbfudge|Reflect\n|upkeep\n|turn|15\n|\n|t:|1698242211\n|move|p2a: Drifblim|Baton Pass|p2a: Drifblim\n|\n|t:|1698242214\n|switch|p2a: Darkrai|Darkrai|100\/100|[from] Baton Pass\n|move|p1a: Rabsca|Light Screen|p1a: Rabsca\n|-sidestart|p1: UdonKnowMe|move: Light Screen\n|\n|upkeep\n|turn|16\n|\n|t:|1698242224\n|move|p2a: Darkrai|Hypnosis|p1a: Rabsca\n|-status|p1a: Rabsca|slp|[from] move: Hypnosis\n|cant|p1a: Rabsca|slp\n|\n|-damage|p1a: Rabsca|88\/100 slp|[from] ability: Bad Dreams|[of] p2a: Darkrai\n|upkeep\n|turn|17\n|\n|t:|1698242233\n|move|p2a: Darkrai|Dark Pulse|p1a: Rabsca\n|-supereffective|p1a: Rabsca\n|-damage|p1a: Rabsca|56\/100 slp\n|cant|p1a: Rabsca|slp\n|\n|-damage|p1a: Rabsca|43\/100 slp|[from] ability: Bad Dreams|[of] p2a: Darkrai\n|upkeep\n|turn|18\n|\n|t:|1698242240\n|move|p2a: Darkrai|Dark Pulse|p1a: Rabsca\n|-supereffective|p1a: Rabsca\n|-damage|p1a: Rabsca|15\/100 slp\n|cant|p1a: Rabsca|slp\n|\n|-damage|p1a: Rabsca|3\/100 slp|[from] ability: Bad Dreams|[of] p2a: Darkrai\n|upkeep\n|turn|19\n|\n|t:|1698242256\n|move|p2a: Darkrai|Dark Pulse|p1a: Rabsca\n|-supereffective|p1a: Rabsca\n|-damage|p1a: Rabsca|0 fnt\n|faint|p1a: Rabsca\n|\n|-sideend|p1: UdonKnowMe|move: Light Screen\n|upkeep\n|\n|t:|1698242267\n|switch|p1a: Ribombee|Ribombee, F|100\/100\n|turn|20\n|\n|t:|1698242270\n|move|p2a: Darkrai|Hypnosis|p1a: Ribombee\n|-status|p1a: Ribombee|slp|[from] move: Hypnosis\n|cant|p1a: Ribombee|slp\n|\n|-damage|p1a: Ribombee|88\/100 slp|[from] ability: Bad Dreams|[of] p2a: Darkrai\n|upkeep\n|turn|21\n|\n|t:|1698242276\n|move|p2a: Darkrai|Dark Pulse|p1a: Ribombee\n|-resisted|p1a: Ribombee\n|-damage|p1a: Ribombee|52\/100 slp\n|-curestatus|p1a: Ribombee|slp|[msg]\n|move|p1a: Ribombee|Bug Buzz|p2a: Darkrai\n|-supereffective|p2a: Darkrai\n|-damage|p2a: Darkrai|0 fnt\n|faint|p2a: Darkrai\n|\n|upkeep\n|\n|t:|1698242291\n|switch|p2a: Calyrex|Calyrex-Shadow|100\/100\n|-ability|p2a: Calyrex|As One\n|-ability|p2a: Calyrex|Unnerve\n|turn|22\n|\n|t:|1698242302\n|move|p2a: Calyrex|Astral Barrage|p1a: Ribombee\n|-damage|p1a: Ribombee|0 fnt\n|faint|p1a: Ribombee\n|-ability|p2a: Calyrex|Grim Neigh|boost\n|-boost|p2a: Calyrex|spa|1\n|\n|upkeep\n|\n|t:|1698242307\n|switch|p1a: Lokix|Lokix, F|50\/100\n|turn|23\n|\n|t:|1698242310\n|move|p1a: Lokix|First Impression|p2a: Calyrex\n|-damage|p2a: Calyrex|38\/100\n|move|p2a: Calyrex|Astral Barrage|p1a: Lokix\n|-resisted|p1a: Lokix\n|-damage|p1a: Lokix|0 fnt\n|faint|p1a: Lokix\n|-ability|p2a: Calyrex|Grim Neigh|boost\n|-boost|p2a: Calyrex|spa|1\n|\n|upkeep\n|\n|t:|1698242314\n|switch|p1a: Scizor|Scizor, F|92\/100\n|turn|24\n|\n|t:|1698242322\n|switch|p2a: Dudunsparce|Dudunsparce, M|90\/100\n|move|p1a: Scizor|Bullet Punch|p2a: Dudunsparce\n|-damage|p2a: Dudunsparce|65\/100\n|\n|upkeep\n|turn|25\n|\n|t:|1698242335\n|switch|p1a: Volcarona|Volcarona, M|50\/100\n|move|p2a: Dudunsparce|Yawn|p1a: Volcarona\n|-start|p1a: Volcarona|move: Yawn|[of] p2a: Dudunsparce\n|\n|upkeep\n|turn|26\n|\n|t:|1698242348\n|move|p1a: Volcarona|Fiery Dance|p2a: Dudunsparce\n|-damage|p2a: Dudunsparce|26\/100\n|-boost|p1a: Volcarona|spa|1\n|move|p2a: Dudunsparce|Roost|p2a: Dudunsparce\n|-heal|p2a: Dudunsparce|76\/100\n|-singleturn|p2a: Dudunsparce|move: Roost\n|\n|-end|p1a: Volcarona|move: Yawn|[silent]\n|-status|p1a: Volcarona|slp\n|upkeep\n|turn|27\n|\n|t:|1698242359\n|cant|p1a: Volcarona|slp\n|move|p2a: Dudunsparce|Baton Pass|p2a: Dudunsparce\n|\n|t:|1698242362\n|switch|p2a: Calyrex|Calyrex-Shadow|38\/100|[from] Baton Pass\n|-ability|p2a: Calyrex|As One\n|-ability|p2a: Calyrex|Unnerve\n|\n|upkeep\n|turn|28\n|\n|t:|1698242369\n|move|p2a: Calyrex|Astral Barrage|p1a: Volcarona\n|-damage|p1a: Volcarona|0 fnt\n|faint|p1a: Volcarona\n|-ability|p2a: Calyrex|Grim Neigh|boost\n|-boost|p2a: Calyrex|spa|1\n|\n|upkeep\n|\n|t:|1698242374\n|switch|p1a: Scizor|Scizor, F|92\/100\n|turn|29\n|\n|t:|1698242380\n|switch|p2a: Dudunsparce|Dudunsparce, M|76\/100\n|move|p1a: Scizor|Bullet Punch|p2a: Dudunsparce\n|-damage|p2a: Dudunsparce|48\/100\n|\n|upkeep\n|turn|30\n|\n|t:|1698242401\n|move|p1a: Scizor|Bug Bite|p2a: Dudunsparce\n|-damage|p2a: Dudunsparce|9\/100\n|-ability|p2a: Dudunsparce|Rattled|boost\n|-boost|p2a: Dudunsparce|spe|1\n|move|p2a: Dudunsparce|Yawn|p1a: Scizor\n|-start|p1a: Scizor|move: Yawn|[of] p2a: Dudunsparce\n|\n|upkeep\n|turn|31\n|\n|t:|1698242411\n|move|p1a: Scizor|Bullet Punch|p2a: Dudunsparce\n|-damage|p2a: Dudunsparce|0 fnt\n|faint|p2a: Dudunsparce\n|\n|-end|p1a: Scizor|move: Yawn|[silent]\n|-status|p1a: Scizor|slp\n|upkeep\n|\n|t:|1698242416\n|switch|p2a: Calyrex|Calyrex-Shadow|38\/100\n|-ability|p2a: Calyrex|As One\n|-ability|p2a: Calyrex|Unnerve\n|turn|32\n|\n|t:|1698242424\n|cant|p1a: Scizor|slp\n|move|p2a: Calyrex|Astral Barrage|p1a: Scizor\n|-damage|p1a: Scizor|29\/100 slp\n|\n|upkeep\n|turn|33\n|\n|t:|1698242430\n|cant|p1a: Scizor|slp\n|move|p2a: Calyrex|Astral Barrage|p1a: Scizor\n|-damage|p1a: Scizor|0 fnt\n|faint|p1a: Scizor\n|\n|win|Dumbfudge\n|raw|UdonKnowMe's rating: 1374 &rarr; <strong>1351<\/strong><br \/>(-23 for losing)\n|raw|Dumbfudge's rating: 1314 &rarr; <strong>1337<\/strong><br \/>(+23 for winning)\n|l|\u2606UdonKnowMe\n","uploadtime":1698242439,"views":9,"p1id":"udonknowme","p2id":"dumbfudge","formatid":"gen9anythinggoes","rating":1337,"private":0,"password":""}