{"id":"gen9anythinggoes-1997214079","p1":"MOLEGOOD","p2":"lowbatery","format":"[Gen 9] Anything Goes","log":"|j|\u2606MOLEGOOD\n|j|\u2606lowbatery\n|t:|1700776340\n|gametype|singles\n|player|p1|MOLEGOOD|101|1437\n|player|p2|lowbatery|266|1429\n|teamsize|p1|6\n|teamsize|p2|6\n|gen|9\n|tier|[Gen 9] Anything Goes\n|rated|\n|rule|HP Percentage Mod: HP is shown in percentages\n|rule|Endless Battle Clause: Forcing endless battles is banned\n|clearpoke\n|poke|p1|Blissey, F|\n|poke|p1|Calyrex-Shadow|\n|poke|p1|Zoroark-Hisui, M|\n|poke|p1|Zacian-*|\n|poke|p1|Garganacl, M|\n|poke|p1|Great Tusk|\n|poke|p2|Calyrex-Shadow|\n|poke|p2|Cloyster, F|\n|poke|p2|Darkrai|\n|poke|p2|Regieleki|\n|poke|p2|Toxapex, M|\n|poke|p2|Zacian-*|\n|teampreview\n|\n|t:|1700776356\n|start\n|switch|p1a: WOLFI|Zacian-Crowned|100\/100\n|switch|p2a: Darkrai|Darkrai|100\/100\n|turn|1\n|inactive|Battle timer is ON: inactive players will automatically lose when time's up. (requested by MOLEGOOD)\n|\n|t:|1700776363\n|-terastallize|p2a: Darkrai|Ghost\n|move|p1a: WOLFI|Bitter Malice|p2a: Darkrai\n|-supereffective|p2a: Darkrai\n|-damage|p2a: Darkrai|0 fnt\n|faint|p2a: Darkrai\n|\n|upkeep\n|c|\u2606MOLEGOOD|lol\n|c|\u2606MOLEGOOD|XD\n|\n|t:|1700776378\n|switch|p2a: Zacian|Zacian-Crowned|100\/100\n|-ability|p2a: Zacian|Intrepid Sword|boost\n|-boost|p2a: Zacian|atk|1\n|turn|2\n|\n|t:|1700776385\n|switch|p1a: GORDO|Garganacl, M|100\/100\n|move|p2a: Zacian|Fire Fang|p1a: GORDO\n|-resisted|p1a: GORDO\n|-damage|p1a: GORDO|89\/100\n|\n|-heal|p1a: GORDO|95\/100|[from] item: Leftovers\n|upkeep\n|turn|3\n|\n|t:|1700776393\n|move|p2a: Zacian|Sacred Sword|p1a: GORDO\n|-supereffective|p1a: GORDO\n|-damage|p1a: GORDO|35\/100\n|move|p1a: GORDO|Salt Cure|p2a: Zacian\n|-resisted|p2a: Zacian\n|-damage|p2a: Zacian|94\/100\n|-start|p2a: Zacian|Salt Cure\n|\n|-heal|p1a: GORDO|41\/100|[from] item: Leftovers\n|-damage|p2a: Zacian|69\/100|[from] Salt Cure\n|upkeep\n|turn|4\n|c|\u2606lowbatery|br escrevendo lol\n|c|\u2606lowbatery|se manca cara\n|\n|t:|1700776411\n|switch|p1a: gordojueputa|Great Tusk|100\/100\n|move|p2a: Zacian|Sacred Sword|p1a: gordojueputa\n|-damage|p1a: gordojueputa|66\/100\n|\n|-damage|p2a: Zacian|44\/100|[from] Salt Cure\n|upkeep\n|turn|5\n|\n|t:|1700776426\n|switch|p2a: Toxapex|Toxapex, M|100\/100\n|move|p1a: gordojueputa|Headlong Rush|p2a: Toxapex\n|-supereffective|p2a: Toxapex\n|-damage|p2a: Toxapex|13\/100\n|-unboost|p1a: gordojueputa|def|1\n|-unboost|p1a: gordojueputa|spd|1\n|\n|-heal|p2a: Toxapex|19\/100|[from] item: Black Sludge\n|upkeep\n|turn|6\n|c|\u2606MOLEGOOD|loco es usted\n|c|\u2606MOLEGOOD|hijo de puta\n|\n|t:|1700776436\n|move|p2a: Toxapex|Baneful Bunker|p2a: Toxapex\n|-singleturn|p2a: Toxapex|move: Protect\n|move|p1a: gordojueputa|Headlong Rush|p2a: Toxapex\n|-activate|p2a: Toxapex|move: Protect\n|-status|p1a: gordojueputa|psn\n|\n|-heal|p2a: Toxapex|25\/100|[from] item: Black Sludge\n|-damage|p1a: gordojueputa|53\/100 psn|[from] psn\n|upkeep\n|turn|7\n|c|\u2606lowbatery|se manca esquisito\n|c|\u2606lowbatery|time de doente mental\n|c|\u2606MOLEGOOD|macaco\n|c|\u2606MOLEGOOD|doeinte\n|c|\u2606MOLEGOOD|esta perdiendo\n|c|\u2606lowbatery|se mata logo\n|c|\u2606MOLEGOOD|paraiba\n|c|\u2606lowbatery|n vvai azer faltap ra ngm\n|inactive|lowbatery has 120 seconds left.\n|\n|t:|1700776463\n|move|p1a: gordojueputa|Headlong Rush|p2a: Toxapex\n|-supereffective|p2a: Toxapex\n|-damage|p2a: Toxapex|0 fnt\n|-unboost|p1a: gordojueputa|def|1\n|-unboost|p1a: gordojueputa|spd|1\n|faint|p2a: Toxapex\n|\n|-damage|p1a: gordojueputa|41\/100 psn|[from] psn\n|upkeep\n|c|\u2606MOLEGOOD|calate\n|c|\u2606MOLEGOOD|perdedor\n|inactive|lowbatery has 120 seconds left.\n|\n|t:|1700776476\n|switch|p2a: Cloyster|Cloyster, F|100\/100\n|turn|8\n|\n|t:|1700776485\n|move|p2a: Cloyster|Shell Smash|p2a: Cloyster\n|-unboost|p2a: Cloyster|def|1\n|-unboost|p2a: Cloyster|spd|1\n|-boost|p2a: Cloyster|atk|2\n|-boost|p2a: Cloyster|spa|2\n|-boost|p2a: Cloyster|spe|2\n|move|p1a: gordojueputa|Headlong Rush|p2a: Cloyster\n|-damage|p2a: Cloyster|17\/100\n|-unboost|p1a: gordojueputa|def|1\n|-unboost|p1a: gordojueputa|spd|1\n|\n|-damage|p1a: gordojueputa|29\/100 psn|[from] psn\n|upkeep\n|turn|9\n|c|\u2606lowbatery|\u00e9 um fudido msm\n|c|\u2606lowbatery|kkkkk\n|c|\u2606MOLEGOOD|usted es\n|c|\u2606MOLEGOOD|un loco de la cabeza\n|\n|t:|1700776498\n|move|p2a: Cloyster|Icicle Spear|p1a: gordojueputa\n|-supereffective|p1a: gordojueputa\n|-damage|p1a: gordojueputa|0 fnt\n|faint|p1a: gordojueputa\n|-end|p1a: gordojueputa|Protosynthesis|[silent]\n|-hitcount|p1: gordojueputa|1\n|\n|upkeep\n|c|\u2606MOLEGOOD|bahiano\n|\n|t:|1700776505\n|switch|p1a: WOLFI|Zacian-Crowned|100\/100\n|turn|10\n|c|\u2606lowbatery|nem sua mae te ama cara\n|c|\u2606lowbatery|se mata\n|c|\u2606MOLEGOOD|calate banana\n|c|\u2606lowbatery|pa\u00eds ffalido do crl\n|c|\u2606MOLEGOOD|iusted es\n|c|\u2606MOLEGOOD|peruano\n|c|\u2606lowbatery|nem dinheiro vc tem\n|inactive|lowbatery has 120 seconds left.\n|c|\u2606lowbatery|mendigo\n|c|\u2606lowbatery|se mata\n|c|\u2606MOLEGOOD|voce es br\n|c|\u2606MOLEGOOD|que fala\n|\n|t:|1700776533\n|move|p2a: Cloyster|Icicle Spear|p1a: WOLFI\n|-damage|p1a: WOLFI|51\/100\n|replace|p1a: Mister aids|Zoroark-Hisui, M\n|-end|p1a: Mister aids|Illusion\n|-damage|p1a: Mister aids|3\/100\n|-damage|p1a: Mister aids|0 fnt\n|faint|p1a: Mister aids\n|-hitcount|p1: Mister aids|3\n|\n|upkeep\n|c|\u2606MOLEGOOD|favelozo\n|\n|t:|1700776537\n|switch|p1a: Bronco|Calyrex-Shadow|100\/100\n|-ability|p1a: Bronco|As One\n|-ability|p1a: Bronco|Unnerve\n|turn|11\n|c|\u2606lowbatery|se mata argentino perdedor\n|\n|t:|1700776546\n|move|p1a: Bronco|Astral Barrage|p2a: Cloyster\n|-damage|p2a: Cloyster|0 fnt\n|faint|p2a: Cloyster\n|-ability|p1a: Bronco|Grim Neigh|boost\n|-boost|p1a: Bronco|spa|1\n|\n|upkeep\n|c|\u2606lowbatery|ngm te ama\n|c|\u2606lowbatery|fracassaDO\n|inactive|lowbatery has 120 seconds left.\n|\n|t:|1700776560\n|switch|p2a: Zacian|Zacian-Crowned|44\/100\n|turn|12\n|c|\u2606MOLEGOOD|pierda\n|c|\u2606MOLEGOOD|usted\n|c|\u2606MOLEGOOD|paraiba\n|\n|t:|1700776565\n|move|p1a: Bronco|Astral Barrage|p2a: Zacian\n|-damage|p2a: Zacian|0 fnt\n|faint|p2a: Zacian\n|-ability|p1a: Bronco|Grim Neigh|boost\n|-boost|p1a: Bronco|spa|1\n|\n|upkeep\n|c|\u2606lowbatery|se mata\n|c|\u2606MOLEGOOD|se mata usted\n|c|\u2606lowbatery|nem o messi salva seu pa\u00eds\n|c|\u2606MOLEGOOD|peruano\n|\n|t:|1700776573\n|switch|p2a: Regieleki|Regieleki|100\/100\n|turn|13\n|\n|t:|1700776577\n|move|p1a: Bronco|Astral Barrage|p2a: Regieleki\n|-enditem|p2a: Regieleki|Focus Sash\n|-damage|p2a: Regieleki|1\/100\n|move|p2a: Regieleki|Electroweb|p1a: Bronco\n|-damage|p1a: Bronco|69\/100\n|-unboost|p1a: Bronco|spe|1\n|\n|upkeep\n|turn|14\n|c|\u2606lowbatery|\u00e9 um fracassadinho de merda\n|\n|t:|1700776587\n|switch|p1a: boladetoro|Blissey, F|100\/100\n|move|p2a: Regieleki|Electroweb|p1a: boladetoro\n|-damage|p1a: boladetoro|92\/100\n|-unboost|p1a: boladetoro|spe|1\n|\n|upkeep\n|turn|15\n|c|\u2606MOLEGOOD|paraiba\n|c|\u2606MOLEGOOD|calate\n|\n|t:|1700776597\n|move|p2a: Regieleki|Thunderbolt|p1a: boladetoro\n|-damage|p1a: boladetoro|77\/100\n|move|p1a: boladetoro|Trick|p2a: Regieleki\n|-activate|p1a: boladetoro|move: Trick|[of] p2a: Regieleki\n|-item|p2a: Regieleki|Choice Scarf|[from] move: Trick\n|-enditem|p1a: boladetoro|Choice Scarf|[silent]|[from] move: Trick\n|\n|upkeep\n|turn|16\n|c|\u2606MOLEGOOD|loquito\n|\n|t:|1700776610\n|move|p2a: Regieleki|Thunderbolt|p1a: boladetoro\n|-damage|p1a: boladetoro|64\/100\n|move|p1a: boladetoro|Seismic Toss|p2a: Regieleki\n|-damage|p2a: Regieleki|0 fnt\n|faint|p2a: Regieleki\n|\n|upkeep\n|\n|t:|1700776617\n|switch|p2a: Calyrex|Calyrex-Shadow|100\/100\n|-ability|p2a: Calyrex|As One\n|-ability|p2a: Calyrex|Unnerve\n|turn|17\n|\n|t:|1700776625\n|move|p2a: Calyrex|Psychic|p1a: boladetoro\n|-damage|p1a: boladetoro|47\/100\n|move|p1a: boladetoro|Trick|p2a: Calyrex\n|-activate|p1a: boladetoro|move: Trick|[of] p2a: Calyrex\n|-enditem|p2a: Calyrex|Focus Sash|[silent]|[from] move: Trick\n|-item|p1a: boladetoro|Focus Sash|[from] move: Trick\n|\n|upkeep\n|turn|18\n|c|\u2606MOLEGOOD|usted esta perdido\n|\n|t:|1700776637\n|move|p2a: Calyrex|Nasty Plot|p2a: Calyrex\n|-boost|p2a: Calyrex|spa|2\n|move|p1a: boladetoro|Thunder Wave|p2a: Calyrex\n|-status|p2a: Calyrex|par\n|\n|upkeep\n|turn|19\n|c|\u2606MOLEGOOD|perdedor\n|c|\u2606lowbatery|ok\n|\n|t:|1700776643\n|move|p2a: Calyrex|Psychic|p1a: boladetoro\n|-damage|p1a: boladetoro|15\/100\n|move|p1a: boladetoro|Thunder Wave|p2a: Calyrex\n|-fail|p2a: Calyrex|par\n|\n|upkeep\n|turn|20\n|c|\u2606MOLEGOOD|pierida\n|c|\u2606MOLEGOOD|pierda\n|c|\u2606lowbatery|argentino mendigo\n|c|\u2606lowbatery|perdedor\n|c|\u2606MOLEGOOD|milho quente\n|\n|t:|1700776654\n|cant|p2a: Calyrex|par\n|move|p1a: boladetoro|Seismic Toss|p2a: Calyrex\n|-immune|p2a: Calyrex\n|\n|upkeep\n|turn|21\n|c|\u2606MOLEGOOD|volta pra favela\n|c|\u2606lowbatery|argentino mendigo\n|c|\u2606MOLEGOOD|volta\n|c|\u2606MOLEGOOD|eu falei\n|c|\u2606MOLEGOOD|repesta\n|c|\u2606lowbatery|comprei seu pa\u00eds com 5 reais\n|c|\u2606MOLEGOOD|respeta\n|c|\u2606MOLEGOOD|pobre\n|c|\u2606lowbatery|fracassado\n|\n|t:|1700776671\n|cant|p2a: Calyrex|par\n|move|p1a: boladetoro|Seismic Toss|p2a: Calyrex\n|-immune|p2a: Calyrex\n|\n|upkeep\n|turn|22\n|\n|t:|1700776676\n|move|p2a: Calyrex|Nasty Plot|p2a: Calyrex\n|-boost|p2a: Calyrex|spa|2\n|move|p1a: boladetoro|Seismic Toss|p2a: Calyrex\n|-immune|p2a: Calyrex\n|\n|upkeep\n|turn|23\n|c|\u2606MOLEGOOD|usted es muy malo\n|c|\u2606MOLEGOOD|usted es peruano\n|c|\u2606lowbatery|nem sua mae te ama\n|c|\u2606MOLEGOOD|malo\n|c|\u2606lowbatery|vvc nasceu argentino\n|c|\u2606MOLEGOOD|increibnle\n|c|\u2606lowbatery|entao nem deus te ama\n|c|\u2606MOLEGOOD|muy triste\n|c|\u2606lowbatery|aproveita e se mata\n|c|\u2606MOLEGOOD|es esto\n|c|\u2606lowbatery|ngm liga pra vc\n|\n|t:|1700776695\n|move|p2a: Calyrex|Nasty Plot|p2a: Calyrex\n|-boost|p2a: Calyrex|spa|2\n|move|p1a: boladetoro|Seismic Toss|p2a: Calyrex\n|-immune|p2a: Calyrex\n|\n|upkeep\n|turn|24\n|\n|t:|1700776703\n|move|p2a: Calyrex|Astral Barrage|p1a: boladetoro\n|-immune|p1a: boladetoro\n|move|p1a: boladetoro|Seismic Toss|p2a: Calyrex\n|-immune|p2a: Calyrex\n|\n|upkeep\n|turn|25\n|c|\u2606lowbatery|vamo ficar aq fracassadao\n|inactive|MOLEGOOD has 120 seconds left.\n|\n|t:|1700776741\n|move|p2a: Calyrex|Nasty Plot|p2a: Calyrex\n|-boost|p2a: Calyrex|spa|0\n|move|p1a: boladetoro|Seismic Toss|p2a: Calyrex\n|-immune|p2a: Calyrex\n|\n|upkeep\n|turn|26\n|inactive|MOLEGOOD has 120 seconds left.\n|c|\u2606MOLEGOOD|usteud\n|c|\u2606MOLEGOOD|es malo\n|c|\u2606lowbatery|vai ficar ai\n|c|\u2606MOLEGOOD|muy lioxo\n|c|\u2606MOLEGOOD|lixo\n|c|\u2606MOLEGOOD|perdedor\n|c|\u2606lowbatery|vai peprder tempo\n|c|\u2606MOLEGOOD|amiguito\n|c|\u2606lowbatery|tempo que poderia ta pegando comida no lixo nesse  seu pa\u00eds falido\n|\n|t:|1700776771\n|switch|p1a: GORDO|Garganacl, M|41\/100\n|move|p2a: Calyrex|Nasty Plot|p2a: Calyrex\n|-boost|p2a: Calyrex|spa|0\n|\n|-heal|p1a: GORDO|47\/100|[from] item: Leftovers\n|upkeep\n|turn|27\n|inactive|MOLEGOOD has 120 seconds left.\n|\n|t:|1700776786\n|move|p2a: Calyrex|Giga Drain|p1a: GORDO\n|-supereffective|p1a: GORDO\n|-damage|p1a: GORDO|0 fnt\n|faint|p1a: GORDO\n|\n|upkeep\n|c|\u2606lowbatery|vamo fica aq\n|\n|t:|1700776789\n|switch|p1a: Bronco|Calyrex-Shadow|69\/100\n|-ability|p1a: Bronco|As One\n|-ability|p1a: Bronco|Unnerve\n|turn|28\n|\n|t:|1700776794\n|move|p1a: Bronco|Astral Barrage|p2a: Calyrex\n|-supereffective|p2a: Calyrex\n|-damage|p2a: Calyrex|0 fnt\n|faint|p2a: Calyrex\n|\n|win|MOLEGOOD\n|raw|MOLEGOOD's rating: 1437 &rarr; <strong>1457<\/strong><br \/>(+20 for winning)\n|raw|lowbatery's rating: 1429 &rarr; <strong>1409<\/strong><br \/>(-20 for losing)\n|c|\u2606MOLEGOOD|porque no te callas\n","uploadtime":1700776434,"views":3,"p1id":"molegood","p2id":"lowbatery","formatid":"gen9anythinggoes","rating":1409,"private":0,"password":""}