{"id":"gen9anythinggoes-1999367940","p1":"Chaos098123","p2":"Khryce","format":"[Gen 9] Anything Goes","log":"|j|\u2606Chaos098123\n|j|\u2606Khryce\n|t:|1701068064\n|gametype|singles\n|player|p1|Chaos098123|169|1076\n|player|p2|Khryce|preschooler|1091\n|teamsize|p1|6\n|teamsize|p2|6\n|gen|9\n|tier|[Gen 9] Anything Goes\n|rated|\n|rule|HP Percentage Mod: HP is shown in percentages\n|rule|Endless Battle Clause: Forcing endless battles is banned\n|clearpoke\n|poke|p1|Greninja-*, M|\n|poke|p1|Gengar, M|\n|poke|p1|Talonflame, M|\n|poke|p1|Gardevoir, F|\n|poke|p1|Staraptor, M|\n|poke|p1|Noivern, M|\n|poke|p2|Grafaiai, F|\n|poke|p2|Ursaluna, M|\n|poke|p2|Blissey, F|\n|poke|p2|Ambipom, F|\n|poke|p2|Zoroark-Hisui, F|\n|poke|p2|Ursaluna-Bloodmoon, M|\n|teampreview\n|inactive|Battle timer is ON: inactive players will automatically lose when time's up. (requested by Khryce)\n|\n|t:|1701068074\n|start\n|switch|p1a: Gardevoir|Gardevoir, F|100\/100\n|switch|p2a: Grafaiai|Grafaiai, F|100\/100\n|-ability|p1a: Gardevoir|Prankster|[from] ability: Trace|[of] p2a: Grafaiai\n|turn|1\n|\n|t:|1701068089\n|move|p2a: Grafaiai|Toxic|p1a: Gardevoir\n|-status|p1a: Gardevoir|tox\n|move|p1a: Gardevoir|Draining Kiss|p2a: Grafaiai\n|-resisted|p2a: Grafaiai\n|-damage|p2a: Grafaiai|90\/100\n|\n|-damage|p1a: Gardevoir|94\/100 tox|[from] psn\n|upkeep\n|turn|2\n|\n|t:|1701068096\n|move|p1a: Gardevoir|Aura Sphere|p2a: Grafaiai\n|-damage|p2a: Grafaiai|62\/100\n|move|p2a: Grafaiai|Knock Off|p1a: Gardevoir\n|-damage|p1a: Gardevoir|62\/100 tox\n|-enditem|p1a: Gardevoir|Leftovers|[from] move: Knock Off|[of] p2a: Grafaiai\n|\n|-damage|p1a: Gardevoir|49\/100 tox|[from] psn\n|upkeep\n|turn|3\n|\n|t:|1701068110\n|switch|p1a: Talonflame|Talonflame, M|100\/100\n|move|p2a: Grafaiai|Parting Shot|p1a: Talonflame\n|-unboost|p1a: Talonflame|atk|1\n|-unboost|p1a: Talonflame|spa|1\n|\n|t:|1701068121\n|switch|p2a: Ursaluna|Ursaluna, M|100\/100|[from] Parting Shot\n|\n|-status|p2a: Ursaluna|brn|[from] item: Flame Orb\n|upkeep\n|turn|4\n|\n|t:|1701068137\n|move|p1a: Talonflame|Flare Blitz|p2a: Ursaluna\n|-damage|p2a: Ursaluna|77\/100 brn\n|-damage|p1a: Talonflame|89\/100|[from] Recoil\n|move|p2a: Ursaluna|Bulk Up|p2a: Ursaluna\n|-boost|p2a: Ursaluna|atk|1\n|-boost|p2a: Ursaluna|def|1\n|\n|-damage|p2a: Ursaluna|71\/100 brn|[from] brn\n|upkeep\n|turn|5\n|\n|t:|1701068147\n|move|p1a: Talonflame|Brave Bird|p2a: Ursaluna\n|-damage|p2a: Ursaluna|57\/100 brn\n|-damage|p1a: Talonflame|82\/100|[from] Recoil\n|move|p2a: Ursaluna|Facade|p1a: Talonflame\n|-damage|p1a: Talonflame|0 fnt\n|faint|p1a: Talonflame\n|\n|-damage|p2a: Ursaluna|50\/100 brn|[from] brn\n|upkeep\n|\n|t:|1701068158\n|switch|p1a: Staraptor|Staraptor, M|100\/100\n|-ability|p1a: Staraptor|Intimidate|boost\n|-unboost|p2a: Ursaluna|atk|1\n|turn|6\n|\n|t:|1701068176\n|move|p1a: Staraptor|Double-Edge|p2a: Ursaluna\n|-damage|p2a: Ursaluna|23\/100 brn\n|-damage|p1a: Staraptor|87\/100|[from] Recoil\n|move|p2a: Ursaluna|Facade|p1a: Staraptor\n|-damage|p1a: Staraptor|0 fnt\n|faint|p1a: Staraptor\n|\n|-damage|p2a: Ursaluna|17\/100 brn|[from] brn\n|upkeep\n|\n|t:|1701068188\n|switch|p1a: Gengar|Gengar, M|100\/100\n|turn|7\n|\n|t:|1701068192\n|move|p1a: Gengar|Hypnosis||[still]\n|-fail|p1a: Gengar\n|move|p2a: Ursaluna|Headlong Rush|p1a: Gengar\n|-supereffective|p1a: Gengar\n|-damage|p1a: Gengar|0 fnt\n|-unboost|p2a: Ursaluna|def|1\n|-unboost|p2a: Ursaluna|spd|1\n|faint|p1a: Gengar\n|\n|-damage|p2a: Ursaluna|11\/100 brn|[from] brn\n|upkeep\n|\n|t:|1701068204\n|switch|p1a: Noivern|Noivern, M|100\/100\n|-item|p2a: Ursaluna|Flame Orb|[from] ability: Frisk|[of] p1a: Noivern|[identify]\n|turn|8\n|\n|t:|1701068212\n|move|p1a: Noivern|Dark Pulse|p2a: Ursaluna\n|-damage|p2a: Ursaluna|0 fnt\n|faint|p2a: Ursaluna\n|\n|upkeep\n|\n|t:|1701068217\n|switch|p2a: Ambipom|Ambipom, F|100\/100\n|turn|9\n|\n|t:|1701068235\n|switch|p1a: Gardevoir|Gardevoir, F|49\/100 tox\n|-ability|p1a: Gardevoir|Technician|[from] ability: Trace|[of] p2a: Ambipom\n|-terastallize|p2a: Ambipom|Normal\n|move|p2a: Ambipom|Fake Out|p1a: Gardevoir\n|-damage|p1a: Gardevoir|0 fnt\n|faint|p1a: Gardevoir\n|\n|upkeep\n|\n|t:|1701068244\n|switch|p1a: Noivern|Noivern, M|100\/100\n|-item|p2a: Ambipom|Silk Scarf|[from] ability: Frisk|[of] p1a: Noivern|[identify]\n|turn|10\n|\n|t:|1701068251\n|-terastallize|p1a: Noivern|Flying\n|move|p2a: Ambipom|Knock Off|p1a: Noivern\n|-damage|p1a: Noivern|70\/100\n|-enditem|p1a: Noivern|Focus Sash|[from] move: Knock Off|[of] p2a: Ambipom\n|move|p1a: Noivern|Boomburst|p2a: Ambipom\n|-damage|p2a: Ambipom|46\/100\n|\n|upkeep\n|turn|11\n|\n|t:|1701068261\n|move|p2a: Ambipom|Double Hit|p1a: Noivern\n|-damage|p1a: Noivern|25\/100\n|-damage|p1a: Noivern|0 fnt\n|faint|p1a: Noivern\n|-hitcount|p1: Noivern|2\n|\n|upkeep\n|\n|t:|1701068268\n|switch|p1a: Greninja|Greninja, M|100\/100\n|turn|12\n|\n|t:|1701068273\n|switch|p2a: Blissey|Blissey, F|100\/100\n|move|p1a: Greninja|Water Shuriken|p2a: Blissey\n|-damage|p2a: Blissey|99\/100\n|-crit|p2a: Blissey\n|-damage|p2a: Blissey|96\/100\n|-damage|p2a: Blissey|94\/100\n|-damage|p2a: Blissey|93\/100\n|-damage|p2a: Blissey|91\/100\n|-hitcount|p2a: Blissey|5\n|\n|-heal|p2a: Blissey|97\/100|[from] item: Leftovers\n|upkeep\n|turn|13\n|\n|t:|1701068290\n|move|p1a: Greninja|Night Slash|p2a: Blissey\n|-damage|p2a: Blissey|40\/100\n|move|p2a: Blissey|Thunder Wave|p1a: Greninja\n|-status|p1a: Greninja|par\n|\n|-heal|p2a: Blissey|46\/100|[from] item: Leftovers\n|upkeep\n|turn|14\n|\n|t:|1701068304\n|move|p2a: Blissey|Soft-Boiled|p2a: Blissey\n|-heal|p2a: Blissey|96\/100\n|cant|p1a: Greninja|par\n|\n|-heal|p2a: Blissey|100\/100|[from] item: Leftovers\n|upkeep\n|turn|15\n|\n|t:|1701068312\n|move|p2a: Blissey|Seismic Toss|p1a: Greninja\n|-damage|p1a: Greninja|65\/100 par\n|move|p1a: Greninja|Night Slash|p2a: Blissey\n|-damage|p2a: Blissey|41\/100\n|\n|-heal|p2a: Blissey|47\/100|[from] item: Leftovers\n|upkeep\n|turn|16\n|\n|t:|1701068321\n|move|p2a: Blissey|Soft-Boiled|p2a: Blissey\n|-heal|p2a: Blissey|97\/100\n|cant|p1a: Greninja|par\n|\n|-heal|p2a: Blissey|100\/100|[from] item: Leftovers\n|upkeep\n|turn|17\n|\n|t:|1701068327\n|move|p2a: Blissey|Seismic Toss|p1a: Greninja\n|-damage|p1a: Greninja|30\/100 par\n|move|p1a: Greninja|Night Slash|p2a: Blissey\n|-damage|p2a: Blissey|47\/100\n|\n|-heal|p2a: Blissey|54\/100|[from] item: Leftovers\n|upkeep\n|turn|18\n|\n|t:|1701068334\n|move|p2a: Blissey|Seismic Toss|p1a: Greninja\n|-damage|p1a: Greninja|0 fnt\n|faint|p1a: Greninja\n|\n|win|Khryce\n|raw|Chaos098123's rating: 1076 &rarr; <strong>1056<\/strong><br \/>(-20 for losing)\n|raw|Khryce's rating: 1091 &rarr; <strong>1116<\/strong><br \/>(+25 for winning)\n","uploadtime":1701068340,"views":2,"p1id":"chaos098123","p2id":"khryce","formatid":"gen9anythinggoes","rating":1056,"private":0,"password":""}