{"id":"gen9anythinggoes-1973113079","p1":"3llipses","p2":"SuperbPineapple","format":"[Gen 9] Anything Goes","log":"|j|\u26063llipses\n|j|\u2606SuperbPineapple\n|t:|1697929042\n|gametype|singles\n|player|p1|3llipses|1|\n|player|p2|SuperbPineapple|veteran|\n|teamsize|p1|6\n|teamsize|p2|6\n|gen|9\n|tier|[Gen 9] Anything Goes\n|rule|HP Percentage Mod: HP is shown in percentages\n|rule|Endless Battle Clause: Forcing endless battles is banned\n|clearpoke\n|poke|p1|Pelipper, F|\n|poke|p1|Urshifu-*, M|\n|poke|p1|Drednaw, M|\n|poke|p1|Hatterene, F|\n|poke|p1|Zapdos|\n|poke|p1|Greninja-*, M|\n|poke|p2|Mew|\n|poke|p2|Walking Wake|\n|poke|p2|Kleavor, M|\n|poke|p2|Iron Treads|\n|poke|p2|Muk, M|\n|poke|p2|Garganacl, F|\n|teampreview\n|\n|t:|1697929051\n|start\n|switch|p1a: The Mouth|Pelipper, F|100\/100\n|switch|p2a: Bateman|Kleavor, M|100\/100\n|-weather|RainDance|[from] ability: Drizzle|[of] p1a: The Mouth\n|turn|1\n|\n|t:|1697929061\n|-terastallize|p1a: The Mouth|Ground\n|move|p2a: Bateman|Stone Axe|p1a: The Mouth\n|-resisted|p1a: The Mouth\n|-damage|p1a: The Mouth|74\/100\n|-sidestart|p1: 3llipses|move: Stealth Rock\n|-damage|p2a: Bateman|91\/100|[from] item: Life Orb\n|move|p1a: The Mouth|Surf|p2a: Bateman\n|-supereffective|p2a: Bateman\n|-damage|p2a: Bateman|0 fnt\n|faint|p2a: Bateman\n|\n|-weather|RainDance|[upkeep]\n|upkeep\n|\n|t:|1697929075\n|switch|p2a: Clown|Mew|100\/100\n|turn|2\n|\n|t:|1697929084\n|move|p2a: Clown|Ice Beam|p1a: The Mouth\n|-supereffective|p1a: The Mouth\n|-damage|p1a: The Mouth|10\/100\n|-damage|p2a: Clown|91\/100|[from] item: Life Orb\n|move|p1a: The Mouth|U-turn|p2a: Clown\n|-supereffective|p2a: Clown\n|-damage|p2a: Clown|71\/100\n|\n|t:|1697929092\n|switch|p1a: Yuzuriha|Greninja, M|100\/100|[from] U-turn\n|-damage|p1a: Yuzuriha|88\/100|[from] Stealth Rock\n|\n|-weather|RainDance|[upkeep]\n|upkeep\n|turn|3\n|\n|t:|1697929107\n|-terastallize|p2a: Clown|Steel\n|move|p1a: Yuzuriha|Dark Pulse|p2a: Clown\n|-damage|p2a: Clown|23\/100\n|-damage|p1a: Yuzuriha|78\/100|[from] item: Life Orb\n|move|p2a: Clown|Thunderbolt|p1a: Yuzuriha\n|-supereffective|p1a: Yuzuriha\n|-damage|p1a: Yuzuriha|2\/100\n|-damage|p2a: Clown|13\/100|[from] item: Life Orb\n|\n|-weather|RainDance|[upkeep]\n|upkeep\n|turn|4\n|j| Monsieur Manny\n|\n|t:|1697929128\n|switch|p2a: Pepple|Garganacl, F|100\/100\n|move|p1a: Yuzuriha|Dark Pulse|p2a: Pepple\n|-damage|p2a: Pepple|69\/100\n|-damage|p1a: Yuzuriha|0 fnt|[from] item: Life Orb\n|faint|p1a: Yuzuriha\n|\n|-weather|RainDance|[upkeep]\n|-heal|p2a: Pepple|75\/100|[from] item: Leftovers\n|upkeep\n|\n|t:|1697929138\n|switch|p1a: 3-Step Goodbear|Urshifu-Rapid-Strike, M|100\/100\n|-damage|p1a: 3-Step Goodbear|94\/100|[from] Stealth Rock\n|turn|5\n|\n|t:|1697929147\n|move|p1a: 3-Step Goodbear|Close Combat|p2a: Pepple\n|-supereffective|p2a: Pepple\n|-damage|p2a: Pepple|0 fnt\n|-unboost|p1a: 3-Step Goodbear|def|1\n|-unboost|p1a: 3-Step Goodbear|spd|1\n|faint|p2a: Pepple\n|\n|-weather|RainDance|[upkeep]\n|upkeep\n|\n|t:|1697929161\n|switch|p2a: Fear|Walking Wake|100\/100\n|turn|6\n|\n|t:|1697929164\n|switch|p1a: Trans Rights|Hatterene, F|100\/100\n|-damage|p1a: Trans Rights|88\/100|[from] Stealth Rock\n|move|p2a: Fear|Hurricane|p1a: Trans Rights\n|-damage|p1a: Trans Rights|46\/100\n|-damage|p2a: Fear|91\/100|[from] item: Life Orb\n|\n|-weather|RainDance|[upkeep]\n|-heal|p1a: Trans Rights|52\/100|[from] item: Leftovers\n|upkeep\n|turn|7\n|\n|t:|1697929189\n|move|p2a: Fear|Hurricane|p1a: Trans Rights\n|-damage|p1a: Trans Rights|11\/100\n|-damage|p2a: Fear|81\/100|[from] item: Life Orb\n|move|p1a: Trans Rights|Nuzzle|p2a: Fear\n|-damage|p2a: Fear|76\/100\n|-status|p2a: Fear|par\n|\n|-weather|RainDance|[upkeep]\n|-heal|p1a: Trans Rights|17\/100|[from] item: Leftovers\n|upkeep\n|turn|8\n|\n|t:|1697929200\n|move|p2a: Fear|Hurricane|p1a: Trans Rights\n|-damage|p1a: Trans Rights|0 fnt\n|faint|p1a: Trans Rights\n|-damage|p2a: Fear|67\/100 par|[from] item: Life Orb\n|\n|-weather|none\n|upkeep\n|\n|t:|1697929203\n|switch|p1a: The Mouth|Pelipper, F, tera:Ground|10\/100\n|-damage|p1a: The Mouth|4\/100|[from] Stealth Rock\n|-weather|RainDance|[from] ability: Drizzle|[of] p1a: The Mouth\n|turn|9\n|\n|t:|1697929210\n|move|p2a: Fear|Hurricane|p1a: The Mouth\n|-damage|p1a: The Mouth|0 fnt\n|faint|p1a: The Mouth\n|-damage|p2a: Fear|57\/100 par|[from] item: Life Orb\n|\n|-weather|RainDance|[upkeep]\n|upkeep\n|\n|t:|1697929218\n|switch|p1a: 3-Step Goodbear|Urshifu-Rapid-Strike, M|94\/100\n|-damage|p1a: 3-Step Goodbear|88\/100|[from] Stealth Rock\n|turn|10\n|\n|t:|1697929224\n|move|p1a: 3-Step Goodbear|Close Combat|p2a: Fear\n|-damage|p2a: Fear|0 fnt\n|-unboost|p1a: 3-Step Goodbear|def|1\n|-unboost|p1a: 3-Step Goodbear|spd|1\n|faint|p2a: Fear\n|-end|p2a: Fear|Protosynthesis|[silent]\n|\n|-weather|RainDance|[upkeep]\n|upkeep\n|\n|t:|1697929231\n|switch|p2a: Duk|Muk, M|100\/100\n|turn|11\n|\n|t:|1697929236\n|switch|p1a: Philbert|Drednaw, M|100\/100\n|-damage|p1a: Philbert|88\/100|[from] Stealth Rock\n|move|p2a: Duk|Toxic|p1a: Philbert\n|-status|p1a: Philbert|tox\n|\n|-weather|RainDance|[upkeep]\n|-damage|p1a: Philbert|82\/100 tox|[from] psn\n|upkeep\n|turn|12\n|\n|t:|1697929256\n|move|p1a: Philbert|Earthquake|p2a: Duk\n|-supereffective|p2a: Duk\n|-damage|p2a: Duk|25\/100\n|move|p2a: Duk|Knock Off|p1a: Philbert\n|-damage|p1a: Philbert|55\/100 tox\n|-enditem|p1a: Philbert|Choice Band|[from] move: Knock Off|[of] p2a: Duk\n|\n|-weather|RainDance|[upkeep]\n|-damage|p1a: Philbert|43\/100 tox|[from] psn\n|upkeep\n|turn|13\n|\n|t:|1697929268\n|move|p2a: Duk|Protect|p2a: Duk\n|-singleturn|p2a: Duk|Protect\n|move|p1a: Philbert|Earthquake|p2a: Duk\n|-activate|p2a: Duk|move: Protect\n|\n|-weather|RainDance|[upkeep]\n|-damage|p1a: Philbert|24\/100 tox|[from] psn\n|upkeep\n|turn|14\n|\n|t:|1697929276\n|move|p2a: Duk|Protect|p2a: Duk\n|-singleturn|p2a: Duk|Protect\n|move|p1a: Philbert|Earthquake|p2a: Duk\n|-activate|p2a: Duk|move: Protect\n|\n|-weather|RainDance|[upkeep]\n|-damage|p1a: Philbert|0 fnt|[from] psn\n|faint|p1a: Philbert\n|upkeep\n|\n|t:|1697929284\n|switch|p1a: 3-Step Goodbear|Urshifu-Rapid-Strike, M|88\/100\n|-damage|p1a: 3-Step Goodbear|82\/100|[from] Stealth Rock\n|turn|15\n|\n|t:|1697929293\n|move|p1a: 3-Step Goodbear|Surging Strikes|p2a: Duk\n|-crit|p2a: Duk\n|-damage|p2a: Duk|0 fnt\n|faint|p2a: Duk\n|-hitcount|p2: Duk|1\n|\n|-weather|RainDance|[upkeep]\n|upkeep\n|\n|t:|1697929308\n|switch|p2a: Clown|Mew, tera:Steel|13\/100\n|turn|16\n|\n|t:|1697929317\n|switch|p1a: Static Shock|Zapdos|100\/100\n|move|p2a: Clown|Dazzling Gleam|p1a: Static Shock\n|-damage|p1a: Static Shock|79\/100\n|-damage|p2a: Clown|3\/100|[from] item: Life Orb\n|\n|-weather|none\n|upkeep\n|turn|17\n|\n|t:|1697929326\n|move|p2a: Clown|Ice Beam|p1a: Static Shock\n|-supereffective|p1a: Static Shock\n|-damage|p1a: Static Shock|28\/100\n|-status|p1a: Static Shock|frz\n|-damage|p2a: Clown|0 fnt|[from] item: Life Orb\n|faint|p2a: Clown\n|cant|p1a: Static Shock|frz\n|\n|upkeep\n|\n|t:|1697929334\n|switch|p2a: Spin to Win|Iron Treads|100\/100\n|turn|18\n|\n|t:|1697929347\n|move|p2a: Spin to Win|Ice Spinner|p1a: Static Shock\n|-supereffective|p1a: Static Shock\n|-damage|p1a: Static Shock|0 fnt\n|-status|p2a: Spin to Win|par|[from] ability: Static|[of] p1a: Static Shock\n|faint|p1a: Static Shock\n|\n|upkeep\n|\n|t:|1697929352\n|switch|p1a: 3-Step Goodbear|Urshifu-Rapid-Strike, M|82\/100\n|-damage|p1a: 3-Step Goodbear|76\/100|[from] Stealth Rock\n|turn|19\n|\n|t:|1697929362\n|move|p1a: 3-Step Goodbear|Surging Strikes|p2a: Spin to Win\n|-supereffective|p2a: Spin to Win\n|-crit|p2a: Spin to Win\n|-damage|p2a: Spin to Win|46\/100 par\n|-supereffective|p2a: Spin to Win\n|-crit|p2a: Spin to Win\n|-damage|p2a: Spin to Win|0 fnt\n|faint|p2a: Spin to Win\n|-end|p2a: Spin to Win|Quark Drive|[silent]\n|-hitcount|p2: Spin to Win|2\n|\n|win|3llipses\n","uploadtime":1697929381,"views":21,"p1id":"3llipses","p2id":"superbpineapple","formatid":"gen9anythinggoes","rating":0,"private":0,"password":""}