{"id":"gen9anythinggoes-1975519946","p1":"zutterman","p2":"Memek1p","format":"[Gen 9] Anything Goes","log":"|j|\u2606zutterman\n|j|\u2606Memek1p\n|t:|1698200182\n|gametype|singles\n|player|p1|zutterman|101|\n|player|p2|Memek1p|brock|\n|teamsize|p1|6\n|teamsize|p2|6\n|gen|9\n|tier|[Gen 9] Anything Goes\n|rule|HP Percentage Mod: HP is shown in percentages\n|rule|Endless Battle Clause: Forcing endless battles is banned\n|clearpoke\n|poke|p1|Torterra, F|\n|poke|p1|Moltres|\n|poke|p1|Volcanion|\n|poke|p1|Muk, F|\n|poke|p1|Hatterene, F|\n|poke|p1|Rotom-Wash|\n|poke|p2|Iron Valiant|\n|poke|p2|Dragonite, F|\n|poke|p2|Ogerpon-Cornerstone, F|\n|poke|p2|Bisharp, F|\n|poke|p2|Skeledirge, M|\n|poke|p2|Thundurus, M|\n|teampreview\n|\n|t:|1698200297\n|start\n|switch|p1a: ZUTTERMAN|Rotom-Wash|100\/100\n|switch|p2a: hente1|Thundurus, M|100\/100\n|turn|1\n|\n|t:|1698200305\n|move|p1a: ZUTTERMAN|Volt Switch|p2a: hente1\n|-crit|p2a: hente1\n|-damage|p2a: hente1|34\/100\n|\n|t:|1698200313\n|switch|p1a: umbreon no umbreon|Muk, F|100\/100|[from] Volt Switch\n|move|p2a: hente1|Discharge|p1a: umbreon no umbreon\n|-damage|p1a: umbreon no umbreon|76\/100\n|-status|p1a: umbreon no umbreon|par\n|\n|upkeep\n|turn|2\n|\n|t:|1698200353\n|move|p2a: hente1|Psychic|p1a: umbreon no umbreon\n|-supereffective|p1a: umbreon no umbreon\n|-damage|p1a: umbreon no umbreon|40\/100 par\n|move|p1a: umbreon no umbreon|Knock Off|p2a: hente1\n|-damage|p2a: hente1|0 fnt\n|-enditem|p2a: hente1|Charti Berry|[from] move: Knock Off|[of] p1a: umbreon no umbreon\n|faint|p2a: hente1\n|\n|upkeep\n|\n|t:|1698200404\n|switch|p2a: BBL|Bisharp, F|100\/100\n|turn|3\n|\n|t:|1698200406\n|move|p2a: BBL|Iron Head|p1a: umbreon no umbreon\n|-damage|p1a: umbreon no umbreon|5\/100 par\n|cant|p1a: umbreon no umbreon|flinch\n|\n|upkeep\n|turn|4\n|\n|t:|1698200415\n|switch|p1a: hug me n|Moltres|100\/100\n|move|p2a: BBL|Iron Head|p1a: hug me n\n|-resisted|p1a: hug me n\n|-damage|p1a: hug me n|85\/100\n|\n|upkeep\n|turn|5\n|\n|t:|1698200421\n|switch|p2a: freddy fazebear|Ogerpon-Cornerstone, F|100\/100\n|move|p1a: hug me n|Will-O-Wisp|p2a: freddy fazebear|[miss]\n|-miss|p1a: hug me n|p2a: freddy fazebear\n|\n|upkeep\n|turn|6\n|\n|t:|1698200426\n|move|p2a: freddy fazebear|Ivy Cudgel|p1a: hug me n\n|-supereffective|p1a: hug me n\n|-damage|p1a: hug me n|0 fnt\n|faint|p1a: hug me n\n|\n|upkeep\n|\n|t:|1698200437\n|switch|p1a: Quinnurtle|Torterra, F|100\/100\n|turn|7\n|\n|t:|1698200440\n|switch|p2a: curtzilla|Dragonite, F|100\/100\n|move|p1a: Quinnurtle|Bullet Seed|p2a: curtzilla\n|-resisted|p2a: curtzilla\n|-damage|p2a: curtzilla|99\/100\n|-resisted|p2a: curtzilla\n|-damage|p2a: curtzilla|96\/100\n|-resisted|p2a: curtzilla\n|-damage|p2a: curtzilla|92\/100\n|-resisted|p2a: curtzilla\n|-damage|p2a: curtzilla|89\/100\n|-resisted|p2a: curtzilla\n|-damage|p2a: curtzilla|86\/100\n|-hitcount|p2a: curtzilla|5\n|\n|upkeep\n|turn|8\n|\n|t:|1698200452\n|-terastallize|p1a: Quinnurtle|Electric\n|move|p2a: curtzilla|Encore|p1a: Quinnurtle\n|-start|p1a: Quinnurtle|Encore\n|move|p1a: Quinnurtle|Bullet Seed|p2a: curtzilla\n|-resisted|p2a: curtzilla\n|-damage|p2a: curtzilla|83\/100\n|-resisted|p2a: curtzilla\n|-crit|p2a: curtzilla\n|-damage|p2a: curtzilla|78\/100\n|-resisted|p2a: curtzilla\n|-damage|p2a: curtzilla|75\/100\n|-resisted|p2a: curtzilla\n|-damage|p2a: curtzilla|72\/100\n|-resisted|p2a: curtzilla\n|-damage|p2a: curtzilla|69\/100\n|-hitcount|p2a: curtzilla|5\n|\n|upkeep\n|turn|9\n|\n|t:|1698200466\n|switch|p1a: umbreon no umbreon|Muk, F|5\/100 par\n|move|p2a: curtzilla|Earthquake|p1a: umbreon no umbreon\n|-supereffective|p1a: umbreon no umbreon\n|-crit|p1a: umbreon no umbreon\n|-damage|p1a: umbreon no umbreon|0 fnt\n|faint|p1a: umbreon no umbreon\n|\n|upkeep\n|\n|t:|1698200473\n|switch|p1a: ZUTTERMAN|Rotom-Wash|100\/100\n|turn|10\n|\n|t:|1698200504\n|switch|p2a: freddy fazebear|Ogerpon-Cornerstone, F|100\/100\n|move|p1a: ZUTTERMAN|Discharge|p2a: freddy fazebear\n|-resisted|p2a: freddy fazebear\n|-damage|p2a: freddy fazebear|78\/100\n|\n|upkeep\n|turn|11\n|\n|t:|1698200513\n|switch|p1a: Quinnurtle|Torterra, F, tera:Electric|100\/100\n|move|p2a: freddy fazebear|Horn Leech|p1a: Quinnurtle\n|-damage|p1a: Quinnurtle|54\/100\n|-heal|p2a: freddy fazebear|100\/100|[from] drain|[of] p1a: Quinnurtle\n|\n|upkeep\n|turn|12\n|\n|t:|1698200531\n|switch|p1a: QUINNING|Volcanion|100\/100\n|move|p2a: freddy fazebear|Ivy Cudgel|p1a: QUINNING\n|-supereffective|p1a: QUINNING\n|-crit|p1a: QUINNING\n|-damage|p1a: QUINNING|0 fnt\n|faint|p1a: QUINNING\n|\n|upkeep\n|\n|t:|1698200540\n|switch|p1a: ZUTTERMAN|Rotom-Wash|100\/100\n|turn|13\n|\n|t:|1698200545\n|move|p1a: ZUTTERMAN|Volt Switch|p2a: freddy fazebear\n|-resisted|p2a: freddy fazebear\n|-damage|p2a: freddy fazebear|82\/100\n|\n|t:|1698200548\n|switch|p1a: GYATTERNE|Hatterene, F|100\/100|[from] Volt Switch\n|move|p2a: freddy fazebear|Ivy Cudgel|p1a: GYATTERNE\n|-damage|p1a: GYATTERNE|12\/100\n|\n|-heal|p1a: GYATTERNE|18\/100|[from] item: Leftovers\n|upkeep\n|turn|14\n|\n|t:|1698200555\n|switch|p2a: BBL|Bisharp, F|100\/100\n|move|p1a: GYATTERNE|Nuzzle|p2a: BBL\n|-crit|p2a: BBL\n|-damage|p2a: BBL|96\/100\n|-status|p2a: BBL|par\n|\n|-heal|p1a: GYATTERNE|24\/100|[from] item: Leftovers\n|upkeep\n|turn|15\n|\n|t:|1698200564\n|move|p1a: GYATTERNE|Draining Kiss|p2a: BBL\n|-damage|p2a: BBL|69\/100 par\n|-heal|p1a: GYATTERNE|50\/100|[from] drain|[of] p2a: BBL\n|move|p2a: BBL|Iron Head|p1a: GYATTERNE\n|-supereffective|p1a: GYATTERNE\n|-damage|p1a: GYATTERNE|0 fnt\n|faint|p1a: GYATTERNE\n|\n|upkeep\n|\n|t:|1698200571\n|switch|p1a: Quinnurtle|Torterra, F, tera:Electric|54\/100\n|turn|16\n|\n|t:|1698200573\n|switch|p2a: curtzilla|Dragonite, F|69\/100\n|move|p1a: Quinnurtle|Shell Smash|p1a: Quinnurtle\n|-unboost|p1a: Quinnurtle|def|1\n|-unboost|p1a: Quinnurtle|spd|1\n|-boost|p1a: Quinnurtle|atk|2\n|-boost|p1a: Quinnurtle|spa|2\n|-boost|p1a: Quinnurtle|spe|2\n|-enditem|p2a: curtzilla|Mirror Herb\n|-boost|p2a: curtzilla|atk|2|[from] item: Mirror Herb\n|-boost|p2a: curtzilla|spa|2|[from] item: Mirror Herb\n|-boost|p2a: curtzilla|spe|2|[from] item: Mirror Herb\n|\n|upkeep\n|turn|17\n|\n|t:|1698200599\n|move|p2a: curtzilla|Dragon Claw|p1a: Quinnurtle\n|-damage|p1a: Quinnurtle|0 fnt\n|faint|p1a: Quinnurtle\n|\n|upkeep\n|\n|t:|1698200603\n|switch|p1a: ZUTTERMAN|Rotom-Wash|100\/100\n|turn|18\n|\n|t:|1698200611\n|move|p2a: curtzilla|Dragon Claw|p1a: ZUTTERMAN\n|-damage|p1a: ZUTTERMAN|0 fnt\n|faint|p1a: ZUTTERMAN\n|\n|win|Memek1p\n|l|\u2606zutterman\n","uploadtime":1698200619,"views":18,"p1id":"zutterman","p2id":"memek1p","formatid":"gen9anythinggoes","rating":0,"private":0,"password":""}