{"id":"gen9anythinggoes-1995713898","p1":"thjtjtj5j","p2":"wilinboi","format":"[Gen 9] Anything Goes","log":"|j|\u2606thjtjtj5j\n|j|\u2606wilinboi\n|t:|1700596318\n|gametype|singles\n|player|p1|thjtjtj5j|2|1056\n|player|p2|wilinboi|cameraman|1000\n|teamsize|p1|2\n|teamsize|p2|6\n|gen|9\n|tier|[Gen 9] Anything Goes\n|rated|\n|rule|HP Percentage Mod: HP is shown in percentages\n|rule|Endless Battle Clause: Forcing endless battles is banned\n|clearpoke\n|poke|p1|Giratina-Origin|\n|poke|p1|Dudunsparce-*, M|\n|poke|p2|Meowscarada, F|\n|poke|p2|Vaporeon, F|\n|poke|p2|Delphox, M|\n|poke|p2|Zoroark-Hisui, F|\n|poke|p2|Lucario, F|\n|poke|p2|Kommo-o, F|\n|teampreview\n|inactive|Battle timer is ON: inactive players will automatically lose when time's up. (requested by thjtjtj5j)\n|\n|t:|1700596334\n|start\n|switch|p1a: Dudunsparce|Dudunsparce-Three-Segment, M, shiny|100\/100\n|switch|p2a: Wawa|Vaporeon, F, shiny|100\/100\n|turn|1\n|\n|t:|1700596345\n|move|p2a: Wawa|Hydro Pump|p1a: Dudunsparce|[miss]\n|-miss|p2a: Wawa|p1a: Dudunsparce\n|move|p1a: Dudunsparce|Agility|p1a: Dudunsparce\n|-boost|p1a: Dudunsparce|spe|2\n|\n|upkeep\n|turn|2\n|\n|t:|1700596352\n|move|p1a: Dudunsparce|Yawn|p2a: Wawa\n|-start|p2a: Wawa|move: Yawn|[of] p1a: Dudunsparce\n|move|p2a: Wawa|Surf|p1a: Dudunsparce\n|-damage|p1a: Dudunsparce|72\/100\n|\n|upkeep\n|turn|3\n|\n|t:|1700596359\n|move|p1a: Dudunsparce|Calm Mind|p1a: Dudunsparce\n|-boost|p1a: Dudunsparce|spa|1\n|-boost|p1a: Dudunsparce|spd|1\n|move|p2a: Wawa|Surf|p1a: Dudunsparce\n|-damage|p1a: Dudunsparce|53\/100\n|\n|-end|p2a: Wawa|move: Yawn|[silent]\n|-status|p2a: Wawa|slp\n|upkeep\n|turn|4\n|\n|t:|1700596370\n|switch|p2a: Kommo-o|Kommo-o, F|100\/100\n|move|p1a: Dudunsparce|Baton Pass|p1a: Dudunsparce\n|\n|t:|1700596374\n|switch|p1a: Giratina|Giratina-Origin, shiny|100\/100|[from] Baton Pass\n|\n|upkeep\n|turn|5\n|\n|t:|1700596385\n|-terastallize|p1a: Giratina|Electric\n|move|p1a: Giratina|Calm Mind|p1a: Giratina\n|-boost|p1a: Giratina|spa|1\n|-boost|p1a: Giratina|spd|1\n|move|p2a: Kommo-o|Phantom Force||[still]\n|-prepare|p2a: Kommo-o|Phantom Force\n|\n|upkeep\n|turn|6\n|\n|t:|1700596396\n|move|p1a: Giratina|Calm Mind|p1a: Giratina\n|-boost|p1a: Giratina|spa|1\n|-boost|p1a: Giratina|spd|1\n|move|p2a: Kommo-o|Phantom Force|p1a: Giratina|[from]lockedmove\n|-damage|p1a: Giratina|81\/100\n|\n|upkeep\n|turn|7\n|\n|t:|1700596407\n|-terastallize|p2a: Kommo-o|Normal\n|move|p1a: Giratina|Dragon Pulse|p2a: Kommo-o\n|-crit|p2a: Kommo-o\n|-damage|p2a: Kommo-o|0 fnt\n|replace|p2a: Maw|Zoroark-Hisui, F, shiny\n|-end|p2a: Maw|Illusion\n|faint|p2a: Maw\n|\n|upkeep\n|\n|t:|1700596417\n|switch|p2a: Lucario|Lucario, F|100\/100\n|turn|8\n|\n|t:|1700596425\n|move|p1a: Giratina|Shadow Ball|p2a: Lucario\n|-damage|p2a: Lucario|0 fnt\n|faint|p2a: Lucario\n|\n|upkeep\n|\n|t:|1700596432\n|switch|p2a: Kommo-o|Kommo-o, F|100\/100\n|turn|9\n|\n|t:|1700596436\n|move|p1a: Giratina|Dragon Pulse|p2a: Kommo-o\n|-supereffective|p2a: Kommo-o\n|-damage|p2a: Kommo-o|0 fnt\n|faint|p2a: Kommo-o\n|\n|upkeep\n|\n|t:|1700596442\n|switch|p2a: ZaZa|Meowscarada, F|100\/100\n|turn|10\n|\n|t:|1700596448\n|move|p1a: Giratina|Thunderbolt|p2a: ZaZa\n|-resisted|p2a: ZaZa\n|-damage|p2a: ZaZa|23\/100\n|move|p2a: ZaZa|Knock Off|p1a: Giratina\n|-damage|p1a: Giratina|64\/100\n|\n|upkeep\n|turn|11\n|\n|t:|1700596455\n|move|p1a: Giratina|Thunderbolt|p2a: ZaZa\n|-resisted|p2a: ZaZa\n|-crit|p2a: ZaZa\n|-damage|p2a: ZaZa|0 fnt\n|faint|p2a: ZaZa\n|\n|upkeep\n|\n|t:|1700596461\n|switch|p2a: Delphox|Delphox, M|100\/100\n|turn|12\n|\n|t:|1700596467\n|move|p1a: Giratina|Shadow Ball|p2a: Delphox\n|-supereffective|p2a: Delphox\n|-damage|p2a: Delphox|0 fnt\n|faint|p2a: Delphox\n|\n|upkeep\n|\n|t:|1700596477\n|switch|p2a: Wawa|Vaporeon, F, shiny|100\/100 slp\n|turn|13\n|\n|t:|1700596481\n|move|p1a: Giratina|Thunderbolt|p2a: Wawa\n|-supereffective|p2a: Wawa\n|-damage|p2a: Wawa|0 fnt\n|faint|p2a: Wawa\n|\n|win|thjtjtj5j\n|raw|thjtjtj5j's rating: 1056 &rarr; <strong>1083<\/strong><br \/>(+27 for winning)\n|raw|wilinboi's rating: 1000 &rarr; <strong>1000<\/strong><br \/>(+0 for losing)\n|c|\u2606wilinboi|no one loves you\n|l|\u2606wilinboi\n","uploadtime":1700596501,"views":3,"p1id":"thjtjtj5j","p2id":"wilinboi","formatid":"gen9anythinggoes","rating":1000,"private":0,"password":""}