{"id":"gen9anythinggoes-2000299523","p1":"average_angolan","p2":"Jackatwar6","format":"[Gen 9] Anything Goes","log":"|j|\u2606average_angolan\n|j|\u2606Jackatwar6\n|t:|1701182719\n|gametype|singles\n|player|p1|average_angolan|nate|1279\n|player|p2|Jackatwar6|ghetsis|1330\n|teamsize|p1|6\n|teamsize|p2|6\n|gen|9\n|tier|[Gen 9] Anything Goes\n|rated|\n|rule|HP Percentage Mod: HP is shown in percentages\n|rule|Endless Battle Clause: Forcing endless battles is banned\n|clearpoke\n|poke|p1|Quaquaval, M|\n|poke|p1|Hatterene, F|\n|poke|p1|Blissey, F|\n|poke|p1|Ninetales-Alola, M|\n|poke|p1|Ting-Lu|\n|poke|p1|Ceruledge, F|\n|poke|p2|Annihilape, F|\n|poke|p2|Sneasler, M|\n|poke|p2|Houndstone, F|\n|poke|p2|Rabsca, F|\n|poke|p2|Gliscor, F|\n|poke|p2|Corviknight, M|\n|teampreview\n|inactive|Battle timer is ON: inactive players will automatically lose when time's up. (requested by average_angolan)\n|inactive|Jackatwar6 also wants the timer to be on.\n|\n|t:|1701182726\n|start\n|switch|p1a: Ninetales|Ninetales-Alola, M|100\/100\n|switch|p2a: Gliscor|Gliscor, F|100\/100\n|-weather|Snow|[from] ability: Snow Warning|[of] p1a: Ninetales\n|turn|1\n|\n|t:|1701182739\n|switch|p2a: Rabsca|Rabsca, F|100\/100\n|move|p1a: Ninetales|Aurora Veil|p1a: Ninetales\n|-sidestart|p1: average_angolan|move: Aurora Veil\n|\n|-weather|Snow|[upkeep]\n|upkeep\n|turn|2\n|\n|t:|1701182746\n|move|p1a: Ninetales|Blizzard|p2a: Rabsca\n|-damage|p2a: Rabsca|65\/100\n|move|p2a: Rabsca|Mud Shot|p1a: Ninetales\n|-damage|p1a: Ninetales|90\/100\n|-unboost|p1a: Ninetales|spe|1\n|\n|-weather|Snow|[upkeep]\n|upkeep\n|turn|3\n|\n|t:|1701182753\n|move|p1a: Ninetales|Blizzard|p2a: Rabsca\n|-damage|p2a: Rabsca|30\/100\n|move|p2a: Rabsca|Mud Shot|p1a: Ninetales\n|-damage|p1a: Ninetales|80\/100\n|-unboost|p1a: Ninetales|spe|1\n|\n|-weather|Snow|[upkeep]\n|upkeep\n|turn|4\n|\n|t:|1701182761\n|switch|p2a: Corviknight|Corviknight, M|100\/100\n|move|p1a: Ninetales|Blizzard|p2a: Corviknight\n|-damage|p2a: Corviknight|65\/100\n|\n|-weather|Snow|[upkeep]\n|-heal|p2a: Corviknight|71\/100|[from] item: Leftovers\n|upkeep\n|turn|5\n|\n|t:|1701182772\n|switch|p1a: Ting-Lu|Ting-Lu|100\/100\n|-ability|p1a: Ting-Lu|Vessel of Ruin\n|move|p2a: Corviknight|Bulk Up|p2a: Corviknight\n|-boost|p2a: Corviknight|atk|1\n|-boost|p2a: Corviknight|def|1\n|\n|-weather|none\n|-heal|p2a: Corviknight|77\/100|[from] item: Leftovers\n|upkeep\n|turn|6\n|\n|t:|1701182779\n|move|p2a: Corviknight|Bulk Up|p2a: Corviknight\n|-boost|p2a: Corviknight|atk|1\n|-boost|p2a: Corviknight|def|1\n|move|p1a: Ting-Lu|Ruination|p2a: Corviknight\n|-damage|p2a: Corviknight|39\/100\n|\n|-heal|p2a: Corviknight|45\/100|[from] item: Leftovers\n|upkeep\n|turn|7\n|\n|t:|1701182787\n|move|p2a: Corviknight|Roost|p2a: Corviknight\n|-heal|p2a: Corviknight|95\/100\n|-singleturn|p2a: Corviknight|move: Roost\n|move|p1a: Ting-Lu|Throat Chop|p2a: Corviknight\n|-damage|p2a: Corviknight|79\/100\n|-start|p2a: Corviknight|Throat Chop|[silent]\n|\n|-heal|p2a: Corviknight|86\/100|[from] item: Leftovers\n|upkeep\n|turn|8\n|\n|t:|1701182799\n|switch|p1a: Ninetales|Ninetales-Alola, M|80\/100\n|-weather|Snow|[from] ability: Snow Warning|[of] p1a: Ninetales\n|move|p2a: Corviknight|Bulk Up|p2a: Corviknight\n|-boost|p2a: Corviknight|atk|1\n|-boost|p2a: Corviknight|def|1\n|\n|-weather|Snow|[upkeep]\n|-heal|p2a: Corviknight|92\/100|[from] item: Leftovers\n|-end|p2a: Corviknight|Throat Chop|[silent]\n|-sideend|p1: average_angolan|move: Aurora Veil\n|upkeep\n|turn|9\n|inactive|Jackatwar6 has 120 seconds left.\n|\n|t:|1701182843\n|move|p1a: Ninetales|Encore|p2a: Corviknight\n|-start|p2a: Corviknight|Encore\n|move|p2a: Corviknight|Bulk Up|p2a: Corviknight\n|-boost|p2a: Corviknight|atk|1\n|-boost|p2a: Corviknight|def|1\n|\n|-weather|Snow|[upkeep]\n|-heal|p2a: Corviknight|98\/100|[from] item: Leftovers\n|upkeep\n|turn|10\n|\n|t:|1701182848\n|move|p1a: Ninetales|Aurora Veil|p1a: Ninetales\n|-sidestart|p1: average_angolan|move: Aurora Veil\n|move|p2a: Corviknight|Bulk Up|p2a: Corviknight\n|-boost|p2a: Corviknight|atk|1\n|-boost|p2a: Corviknight|def|1\n|\n|-weather|Snow|[upkeep]\n|-heal|p2a: Corviknight|100\/100|[from] item: Leftovers\n|upkeep\n|turn|11\n|inactive|Jackatwar6 has 120 seconds left.\n|\n|t:|1701182875\n|move|p1a: Ninetales|Blizzard|p2a: Corviknight\n|-damage|p2a: Corviknight|63\/100\n|move|p2a: Corviknight|Bulk Up|p2a: Corviknight\n|-boost|p2a: Corviknight|atk|1\n|-boost|p2a: Corviknight|def|1\n|\n|-weather|Snow|[upkeep]\n|-heal|p2a: Corviknight|69\/100|[from] item: Leftovers\n|-end|p2a: Corviknight|Encore\n|upkeep\n|turn|12\n|\n|t:|1701182884\n|move|p1a: Ninetales|Encore|p2a: Corviknight\n|-start|p2a: Corviknight|Encore\n|move|p2a: Corviknight|Bulk Up|p2a: Corviknight\n|-boost|p2a: Corviknight|atk|0\n|-boost|p2a: Corviknight|def|0\n|\n|-weather|none\n|-heal|p2a: Corviknight|75\/100|[from] item: Leftovers\n|upkeep\n|turn|13\n|\n|t:|1701182889\n|switch|p2a: Rabsca|Rabsca, F|30\/100\n|move|p1a: Ninetales|Blizzard|p2a: Rabsca\n|-damage|p2a: Rabsca|0 fnt\n|faint|p2a: Rabsca\n|\n|upkeep\n|inactive|Jackatwar6 has 120 seconds left.\n|\n|t:|1701182902\n|switch|p2a: Corviknight|Corviknight, M|75\/100\n|turn|14\n|inactive|Jackatwar6 has 120 seconds left.\n|\n|t:|1701182909\n|-terastallize|p1a: Ninetales|Steel\n|move|p1a: Ninetales|Blizzard|p2a: Corviknight|[miss]\n|-miss|p1a: Ninetales|p2a: Corviknight\n|move|p2a: Corviknight|Bulk Up|p2a: Corviknight\n|-boost|p2a: Corviknight|atk|1\n|-boost|p2a: Corviknight|def|1\n|\n|-heal|p2a: Corviknight|82\/100|[from] item: Leftovers\n|upkeep\n|turn|15\n|\n|t:|1701182917\n|move|p1a: Ninetales|Encore|p2a: Corviknight\n|-start|p2a: Corviknight|Encore\n|move|p2a: Corviknight|Bulk Up|p2a: Corviknight\n|-boost|p2a: Corviknight|atk|1\n|-boost|p2a: Corviknight|def|1\n|\n|-heal|p2a: Corviknight|88\/100|[from] item: Leftovers\n|upkeep\n|turn|16\n|\n|t:|1701182929\n|switch|p1a: Blissey|Blissey, F|100\/100\n|move|p2a: Corviknight|Bulk Up|p2a: Corviknight\n|-boost|p2a: Corviknight|atk|1\n|-boost|p2a: Corviknight|def|1\n|\n|-heal|p2a: Corviknight|94\/100|[from] item: Leftovers\n|upkeep\n|turn|17\n|\n|t:|1701182938\n|switch|p1a: Ninetales|Ninetales-Alola, M, tera:Steel|80\/100\n|-weather|Snow|[from] ability: Snow Warning|[of] p1a: Ninetales\n|move|p2a: Corviknight|Bulk Up|p2a: Corviknight\n|-boost|p2a: Corviknight|atk|1\n|-boost|p2a: Corviknight|def|1\n|\n|-weather|Snow|[upkeep]\n|-heal|p2a: Corviknight|99\/100|[from] item: Leftovers\n|-end|p2a: Corviknight|Encore\n|-sideend|p1: average_angolan|move: Aurora Veil\n|upkeep\n|turn|18\n|\n|t:|1701182960\n|move|p1a: Ninetales|Encore|p2a: Corviknight\n|-start|p2a: Corviknight|Encore\n|move|p2a: Corviknight|Bulk Up|p2a: Corviknight\n|-boost|p2a: Corviknight|atk|1\n|-boost|p2a: Corviknight|def|1\n|\n|-weather|Snow|[upkeep]\n|-heal|p2a: Corviknight|100\/100|[from] item: Leftovers\n|upkeep\n|turn|19\n|c|\u2606average_angolan|give up\n|\n|t:|1701182974\n|move|p1a: Ninetales|Blizzard|p2a: Corviknight\n|-damage|p2a: Corviknight|64\/100\n|move|p2a: Corviknight|Bulk Up|p2a: Corviknight\n|-boost|p2a: Corviknight|atk|1\n|-boost|p2a: Corviknight|def|1\n|\n|-weather|Snow|[upkeep]\n|-heal|p2a: Corviknight|70\/100|[from] item: Leftovers\n|upkeep\n|turn|20\n|inactive|Jackatwar6 has 120 seconds left.\n|\n|t:|1701182990\n|move|p1a: Ninetales|Blizzard|p2a: Corviknight\n|-damage|p2a: Corviknight|30\/100\n|move|p2a: Corviknight|Bulk Up|p2a: Corviknight\n|-boost|p2a: Corviknight|atk|0\n|-boost|p2a: Corviknight|def|0\n|\n|-weather|Snow|[upkeep]\n|-heal|p2a: Corviknight|37\/100|[from] item: Leftovers\n|-end|p2a: Corviknight|Encore\n|upkeep\n|turn|21\n|inactive|Jackatwar6 has 120 seconds left.\n|c|\u2606Jackatwar6|NOT UNTIL YOU RUN OUT OF GODDAMN BLIZZARDS\n|\n|t:|1701183011\n|move|p1a: Ninetales|Encore|p2a: Corviknight\n|-start|p2a: Corviknight|Encore\n|move|p2a: Corviknight|Bulk Up|p2a: Corviknight\n|-boost|p2a: Corviknight|atk|0\n|-boost|p2a: Corviknight|def|0\n|\n|-weather|none\n|-heal|p2a: Corviknight|43\/100|[from] item: Leftovers\n|upkeep\n|turn|22\n|\n|t:|1701183023\n|move|p1a: Ninetales|Moonblast|p2a: Corviknight\n|-resisted|p2a: Corviknight\n|-crit|p2a: Corviknight\n|-damage|p2a: Corviknight|19\/100\n|-ability|p2a: Corviknight|Mirror Armor\n|-unboost|p1a: Ninetales|spa|1\n|move|p2a: Corviknight|Bulk Up|p2a: Corviknight\n|-boost|p2a: Corviknight|atk|0\n|-boost|p2a: Corviknight|def|0\n|\n|-heal|p2a: Corviknight|25\/100|[from] item: Leftovers\n|upkeep\n|turn|23\n|\n|t:|1701183041\n|move|p1a: Ninetales|Moonblast|p2a: Corviknight\n|-resisted|p2a: Corviknight\n|-damage|p2a: Corviknight|14\/100\n|move|p2a: Corviknight|Bulk Up|p2a: Corviknight\n|-boost|p2a: Corviknight|atk|0\n|-boost|p2a: Corviknight|def|0\n|\n|-heal|p2a: Corviknight|21\/100|[from] item: Leftovers\n|-end|p2a: Corviknight|Encore\n|upkeep\n|turn|24\n|\n|t:|1701183047\n|move|p1a: Ninetales|Encore|p2a: Corviknight\n|-start|p2a: Corviknight|Encore\n|move|p2a: Corviknight|Bulk Up|p2a: Corviknight\n|-boost|p2a: Corviknight|atk|0\n|-boost|p2a: Corviknight|def|0\n|\n|-heal|p2a: Corviknight|27\/100|[from] item: Leftovers\n|upkeep\n|turn|25\n|inactive|Jackatwar6 has 120 seconds left.\n|\n|t:|1701183054\n|switch|p1a: Blissey|Blissey, F|100\/100\n|move|p2a: Corviknight|Bulk Up|p2a: Corviknight\n|-boost|p2a: Corviknight|atk|0\n|-boost|p2a: Corviknight|def|0\n|\n|-heal|p2a: Corviknight|33\/100|[from] item: Leftovers\n|upkeep\n|turn|26\n|\n|t:|1701183059\n|switch|p1a: Ninetales|Ninetales-Alola, M, tera:Steel|80\/100\n|-weather|Snow|[from] ability: Snow Warning|[of] p1a: Ninetales\n|move|p2a: Corviknight|Bulk Up|p2a: Corviknight\n|-boost|p2a: Corviknight|atk|0\n|-boost|p2a: Corviknight|def|0\n|\n|-weather|Snow|[upkeep]\n|-heal|p2a: Corviknight|39\/100|[from] item: Leftovers\n|-end|p2a: Corviknight|Encore\n|upkeep\n|turn|27\n|\n|t:|1701183069\n|move|p1a: Ninetales|Encore|p2a: Corviknight\n|-start|p2a: Corviknight|Encore\n|move|p2a: Corviknight|Bulk Up|p2a: Corviknight\n|-boost|p2a: Corviknight|atk|0\n|-boost|p2a: Corviknight|def|0\n|\n|-weather|Snow|[upkeep]\n|-heal|p2a: Corviknight|46\/100|[from] item: Leftovers\n|upkeep\n|turn|28\n|\n|t:|1701183075\n|move|p1a: Ninetales|Moonblast|p2a: Corviknight\n|-resisted|p2a: Corviknight\n|-damage|p2a: Corviknight|31\/100\n|move|p2a: Corviknight|Bulk Up|p2a: Corviknight\n|-boost|p2a: Corviknight|atk|0\n|-boost|p2a: Corviknight|def|0\n|\n|-weather|Snow|[upkeep]\n|-heal|p2a: Corviknight|37\/100|[from] item: Leftovers\n|upkeep\n|turn|29\n|\n|t:|1701183083\n|move|p1a: Ninetales|Moonblast|p2a: Corviknight\n|-resisted|p2a: Corviknight\n|-damage|p2a: Corviknight|21\/100\n|-ability|p2a: Corviknight|Mirror Armor\n|-unboost|p1a: Ninetales|spa|1\n|move|p2a: Corviknight|Bulk Up|p2a: Corviknight\n|-boost|p2a: Corviknight|atk|0\n|-boost|p2a: Corviknight|def|0\n|\n|-weather|Snow|[upkeep]\n|-heal|p2a: Corviknight|28\/100|[from] item: Leftovers\n|-end|p2a: Corviknight|Encore\n|upkeep\n|turn|30\n|\n|t:|1701183088\n|move|p1a: Ninetales|Moonblast|p2a: Corviknight\n|-resisted|p2a: Corviknight\n|-damage|p2a: Corviknight|17\/100\n|move|p2a: Corviknight|Roost|p2a: Corviknight\n|-heal|p2a: Corviknight|67\/100\n|-singleturn|p2a: Corviknight|move: Roost\n|\n|-weather|none\n|-heal|p2a: Corviknight|73\/100|[from] item: Leftovers\n|upkeep\n|turn|31\n|\n|t:|1701183107\n|move|p1a: Ninetales|Encore|p2a: Corviknight\n|-start|p2a: Corviknight|Encore\n|move|p2a: Corviknight|Roost|p2a: Corviknight\n|-heal|p2a: Corviknight|100\/100\n|-singleturn|p2a: Corviknight|move: Roost\n|\n|upkeep\n|turn|32\n|\n|t:|1701183117\n|switch|p1a: Quaquaval|Quaquaval, M|100\/100\n|move|p2a: Corviknight|Roost||[still]\n|-fail|p2a: Corviknight|heal\n|\n|upkeep\n|turn|33\n|\n|t:|1701183132\n|move|p1a: Quaquaval|Swords Dance|p1a: Quaquaval\n|-boost|p1a: Quaquaval|atk|2\n|move|p2a: Corviknight|Roost||[still]\n|-fail|p2a: Corviknight|heal\n|\n|-end|p2a: Corviknight|Encore\n|upkeep\n|turn|34\n|\n|t:|1701183139\n|move|p1a: Quaquaval|Close Combat|p2a: Corviknight\n|-damage|p2a: Corviknight|73\/100\n|-unboost|p1a: Quaquaval|def|1\n|-unboost|p1a: Quaquaval|spd|1\n|-damage|p1a: Quaquaval|91\/100|[from] item: Life Orb\n|move|p2a: Corviknight|Body Press|p1a: Quaquaval\n|-damage|p1a: Quaquaval|0 fnt\n|faint|p1a: Quaquaval\n|\n|-heal|p2a: Corviknight|80\/100|[from] item: Leftovers\n|upkeep\n|\n|t:|1701183148\n|switch|p1a: Hatterene|Hatterene, F|100\/100\n|turn|35\n|\n|t:|1701183155\n|move|p2a: Corviknight|Body Press|p1a: Hatterene\n|-resisted|p1a: Hatterene\n|-damage|p1a: Hatterene|73\/100\n|move|p1a: Hatterene|Trick|p2a: Corviknight\n|-activate|p1a: Hatterene|move: Trick|[of] p2a: Corviknight\n|-item|p2a: Corviknight|Choice Specs|[from] move: Trick\n|-item|p1a: Hatterene|Leftovers|[from] move: Trick\n|\n|-heal|p1a: Hatterene|79\/100|[from] item: Leftovers\n|upkeep\n|turn|36\n|\n|t:|1701183162\n|move|p2a: Corviknight|Body Press|p1a: Hatterene\n|-resisted|p1a: Hatterene\n|-damage|p1a: Hatterene|48\/100\n|move|p1a: Hatterene|Mystical Fire|p2a: Corviknight\n|-supereffective|p2a: Corviknight\n|-damage|p2a: Corviknight|29\/100\n|-ability|p2a: Corviknight|Mirror Armor\n|-unboost|p1a: Hatterene|spa|1\n|\n|-heal|p1a: Hatterene|54\/100|[from] item: Leftovers\n|upkeep\n|turn|37\n|\n|t:|1701183170\n|-terastallize|p2a: Corviknight|Fighting\n|move|p2a: Corviknight|Body Press|p1a: Hatterene\n|-resisted|p1a: Hatterene\n|-damage|p1a: Hatterene|10\/100\n|move|p1a: Hatterene|Mystical Fire|p2a: Corviknight\n|-crit|p2a: Corviknight\n|-damage|p2a: Corviknight|0 fnt\n|faint|p2a: Corviknight\n|\n|-heal|p1a: Hatterene|16\/100|[from] item: Leftovers\n|upkeep\n|c|\u2606average_angolan|wow\n|c|\u2606Jackatwar6|lol i had nothing to hit ceru\n|c|\u2606average_angolan|ik\n|inactive|Jackatwar6 has 120 seconds left.\n|\n|t:|1701183204\n|switch|p2a: Gliscor|Gliscor, F|100\/100\n|turn|38\n|\n|t:|1701183211\n|move|p2a: Gliscor|Swords Dance|p2a: Gliscor\n|-boost|p2a: Gliscor|atk|2\n|move|p1a: Hatterene|Trick|p2a: Gliscor\n|-activate|p1a: Hatterene|move: Trick|[of] p2a: Gliscor\n|-item|p2a: Gliscor|Leftovers|[from] move: Trick\n|-item|p1a: Hatterene|Toxic Orb|[from] move: Trick\n|\n|-status|p1a: Hatterene|tox|[from] item: Toxic Orb\n|upkeep\n|turn|39\n|\n|t:|1701183220\n|move|p2a: Gliscor|Earthquake|p1a: Hatterene\n|-damage|p1a: Hatterene|0 fnt\n|faint|p1a: Hatterene\n|\n|upkeep\n|\n|t:|1701183227\n|switch|p1a: Ceruledge|Ceruledge, F|100\/100\n|turn|40\n|\n|t:|1701183233\n|move|p1a: Ceruledge|Swords Dance|p1a: Ceruledge\n|-boost|p1a: Ceruledge|atk|2\n|move|p2a: Gliscor|Earthquake|p1a: Ceruledge\n|-supereffective|p1a: Ceruledge\n|-enditem|p1a: Ceruledge|Focus Sash\n|-damage|p1a: Ceruledge|1\/100\n|-ability|p1a: Ceruledge|Weak Armor|boost\n|-unboost|p1a: Ceruledge|def|1\n|-boost|p1a: Ceruledge|spe|2\n|\n|upkeep\n|turn|41\n|\n|t:|1701183254\n|move|p1a: Ceruledge|Bitter Blade|p2a: Gliscor\n|-damage|p2a: Gliscor|7\/100\n|-heal|p1a: Ceruledge|48\/100|[from] drain|[of] p2a: Gliscor\n|move|p2a: Gliscor|Earthquake|p1a: Ceruledge\n|-supereffective|p1a: Ceruledge\n|-damage|p1a: Ceruledge|0 fnt\n|faint|p1a: Ceruledge\n|\n|-heal|p2a: Gliscor|13\/100|[from] item: Leftovers\n|upkeep\n|\n|t:|1701183262\n|switch|p1a: Ninetales|Ninetales-Alola, M, tera:Steel|80\/100\n|-weather|Snow|[from] ability: Snow Warning|[of] p1a: Ninetales\n|turn|42\n|\n|t:|1701183267\n|move|p1a: Ninetales|Moonblast|p2a: Gliscor\n|-damage|p2a: Gliscor|0 fnt\n|faint|p2a: Gliscor\n|\n|-weather|Snow|[upkeep]\n|upkeep\n|\n|t:|1701183272\n|switch|p2a: Sneasler|Sneasler, M|100\/100\n|turn|43\n|\n|t:|1701183277\n|move|p2a: Sneasler|Endure|p2a: Sneasler\n|-singleturn|p2a: Sneasler|move: Endure\n|move|p1a: Ninetales|Aurora Veil|p1a: Ninetales\n|-sidestart|p1: average_angolan|move: Aurora Veil\n|\n|-weather|Snow|[upkeep]\n|upkeep\n|turn|44\n|\n|t:|1701183282\n|move|p1a: Ninetales|Moonblast|p2a: Sneasler\n|-damage|p2a: Sneasler|54\/100\n|move|p2a: Sneasler|Dire Claw|p1a: Ninetales\n|-immune|p1a: Ninetales\n|\n|-weather|Snow|[upkeep]\n|upkeep\n|turn|45\n|\n|t:|1701183289\n|move|p1a: Ninetales|Moonblast|p2a: Sneasler\n|-damage|p2a: Sneasler|4\/100\n|-enditem|p2a: Sneasler|Liechi Berry|[eat]\n|-boost|p2a: Sneasler|atk|1|[from] item: Liechi Berry\n|move|p2a: Sneasler|Reversal|p1a: Ninetales\n|-supereffective|p1a: Ninetales\n|-damage|p1a: Ninetales|0 fnt\n|faint|p1a: Ninetales\n|\n|-weather|Snow|[upkeep]\n|upkeep\n|c|\u2606average_angolan|hello?\n|\n|t:|1701183302\n|switch|p1a: Ting-Lu|Ting-Lu|100\/100\n|-ability|p1a: Ting-Lu|Vessel of Ruin\n|turn|46\n|\n|t:|1701183308\n|move|p2a: Sneasler|Endure|p2a: Sneasler\n|-singleturn|p2a: Sneasler|move: Endure\n|move|p1a: Ting-Lu|Throat Chop|p2a: Sneasler\n|-resisted|p2a: Sneasler\n|-activate|p2a: Sneasler|move: Endure\n|-damage|p2a: Sneasler|1\/100\n|-start|p2a: Sneasler|Throat Chop|[silent]\n|\n|-weather|none\n|upkeep\n|turn|47\n|\n|t:|1701183316\n|move|p2a: Sneasler|Reversal|p1a: Ting-Lu\n|-supereffective|p1a: Ting-Lu\n|-damage|p1a: Ting-Lu|4\/100\n|move|p1a: Ting-Lu|Throat Chop|p2a: Sneasler\n|-resisted|p2a: Sneasler\n|-damage|p2a: Sneasler|0 fnt\n|faint|p2a: Sneasler\n|\n|upkeep\n|\n|t:|1701183325\n|switch|p2a: Houndstone|Houndstone, F|100\/100\n|turn|48\n|\n|t:|1701183338\n|switch|p1a: Blissey|Blissey, F|100\/100\n|move|p2a: Houndstone|Body Press|p1a: Blissey\n|-supereffective|p1a: Blissey\n|-damage|p1a: Blissey|84\/100\n|\n|-heal|p1a: Blissey|91\/100|[from] item: Leftovers\n|upkeep\n|turn|49\n|\n|t:|1701183346\n|move|p2a: Houndstone|Body Press|p1a: Blissey\n|-supereffective|p1a: Blissey\n|-damage|p1a: Blissey|75\/100\n|move|p1a: Blissey|Stealth Rock|p2a: Houndstone\n|-sidestart|p2: Jackatwar6|move: Stealth Rock\n|\n|-heal|p1a: Blissey|81\/100|[from] item: Leftovers\n|upkeep\n|turn|50\n|\n|t:|1701183351\n|move|p2a: Houndstone|Body Press|p1a: Blissey\n|-supereffective|p1a: Blissey\n|-damage|p1a: Blissey|66\/100\n|move|p1a: Blissey|Soft-Boiled|p1a: Blissey\n|-heal|p1a: Blissey|100\/100\n|\n|-sideend|p1: average_angolan|move: Aurora Veil\n|upkeep\n|turn|51\n|\n|t:|1701183355\n|move|p2a: Houndstone|Body Press|p1a: Blissey\n|-supereffective|p1a: Blissey\n|-damage|p1a: Blissey|68\/100\n|move|p1a: Blissey|Seismic Toss|p2a: Houndstone\n|-immune|p2a: Houndstone\n|\n|-heal|p1a: Blissey|74\/100|[from] item: Leftovers\n|upkeep\n|turn|52\n|\n|t:|1701183362\n|switch|p2a: Annihilape|Annihilape, F|100\/100\n|-damage|p2a: Annihilape|94\/100|[from] Stealth Rock\n|move|p1a: Blissey|Seismic Toss|p2a: Annihilape\n|-immune|p2a: Annihilape\n|\n|-heal|p2a: Annihilape|100\/100|[from] item: Leftovers\n|-heal|p1a: Blissey|80\/100|[from] item: Leftovers\n|upkeep\n|turn|53\n|c|\u2606Jackatwar6|wait\n|c|\u2606Jackatwar6|i win\n|\n|t:|1701183369\n|switch|p1a: Ting-Lu|Ting-Lu|4\/100\n|-ability|p1a: Ting-Lu|Vessel of Ruin\n|move|p2a: Annihilape|Bulk Up|p2a: Annihilape\n|-boost|p2a: Annihilape|atk|1\n|-boost|p2a: Annihilape|def|1\n|\n|upkeep\n|turn|54\n|c|\u2606average_angolan|yea\n|c|\u2606average_angolan|super scuffed game\n|c|\u2606Jackatwar6|gg\n|\n|t:|1701183382\n|move|p2a: Annihilape|Drain Punch|p1a: Ting-Lu\n|-supereffective|p1a: Ting-Lu\n|-damage|p1a: Ting-Lu|0 fnt\n|faint|p1a: Ting-Lu\n|\n|upkeep\n|c|\u2606Jackatwar6|that was very scuffed yes\n|-message|average_angolan forfeited.\n|\n|win|Jackatwar6\n|raw|average_angolan's rating: 1279 &rarr; <strong>1258<\/strong><br \/>(-21 for losing)\n|raw|Jackatwar6's rating: 1330 &rarr; <strong>1347<\/strong><br \/>(+17 for winning)\n|l|\u2606average_angolan\n|c|\u2606Jackatwar6|4th move was defog\n","uploadtime":1701183413,"views":4,"p1id":"averageangolan","p2id":"jackatwar6","formatid":"gen9anythinggoes","rating":1258,"private":0,"password":""}