{"id":"gen9anythinggoes-1985347174","p1":"raldhahah","p2":"quickwork4","format":"[Gen 9] Anything Goes","log":"|j|\u2606raldhahah\n|j|\u203dquickwork4\n|t:|1699366828\n|gametype|singles\n|player|p1|raldhahah|1|1095\n|player|p2|quickwork4|169|1076\n|teamsize|p1|6\n|teamsize|p2|6\n|gen|9\n|tier|[Gen 9] Anything Goes\n|rated|\n|rule|HP Percentage Mod: HP is shown in percentages\n|rule|Endless Battle Clause: Forcing endless battles is banned\n|clearpoke\n|poke|p1|Salamence, M|\n|poke|p1|Jirachi|\n|poke|p1|Diancie|\n|poke|p1|Mimikyu, F|\n|poke|p1|Jolteon, F|\n|poke|p1|Magearna|\n|poke|p2|Iron Valiant|\n|poke|p2|Mimikyu, M|\n|poke|p2|Garchomp, F|\n|poke|p2|Eternatus|\n|poke|p2|Ceruledge, F|\n|poke|p2|Oricorio, M|\n|teampreview\n|inactive|Battle timer is ON: inactive players will automatically lose when time's up. (requested by raldhahah)\n|\n|t:|1699366858\n|start\n|switch|p1a: Jolteon|Jolteon, F|100\/100\n|switch|p2a: Oricorio|Oricorio, M|100\/100\n|turn|1\n|\n|t:|1699366864\n|move|p1a: Jolteon|Volt Switch|p2a: Oricorio\n|-supereffective|p2a: Oricorio\n|-damage|p2a: Oricorio|20\/100\n|\n|t:|1699366870\n|switch|p1a: Mimikyu|Mimikyu, F|100\/100|[from] Volt Switch\n|move|p2a: Oricorio|Quiver Dance|p2a: Oricorio\n|-boost|p2a: Oricorio|spa|1\n|-boost|p2a: Oricorio|spd|1\n|-boost|p2a: Oricorio|spe|1\n|\n|upkeep\n|turn|2\n|\n|t:|1699366883\n|move|p2a: Oricorio|Dual Wingbeat|p1a: Mimikyu\n|-activate|p1a: Mimikyu|ability: Disguise\n|-damage|p1a: Mimikyu|100\/100\n|detailschange|p1a: Mimikyu|Mimikyu-Busted, F\n|-damage|p1a: Mimikyu|88\/100|[from] pokemon: Mimikyu-Busted\n|-damage|p1a: Mimikyu|70\/100\n|-hitcount|p1a: Mimikyu|2\n|move|p1a: Mimikyu|Trick Room|p1a: Mimikyu\n|-fieldstart|move: Trick Room|[of] p1a: Mimikyu\n|\n|upkeep\n|turn|3\n|\n|t:|1699366896\n|move|p1a: Mimikyu|Drain Punch|p2a: Oricorio\n|-resisted|p2a: Oricorio\n|-damage|p2a: Oricorio|3\/100\n|-heal|p1a: Mimikyu|78\/100|[from] drain|[of] p2a: Oricorio\n|move|p2a: Oricorio|Dual Wingbeat|p1a: Mimikyu\n|-damage|p1a: Mimikyu|60\/100\n|-damage|p1a: Mimikyu|41\/100\n|-hitcount|p1a: Mimikyu|2\n|\n|upkeep\n|turn|4\n|\n|t:|1699366915\n|move|p1a: Mimikyu|Drain Punch|p2a: Oricorio\n|-resisted|p2a: Oricorio\n|-damage|p2a: Oricorio|0 fnt\n|-heal|p1a: Mimikyu|43\/100|[from] drain|[of] p2a: Oricorio\n|faint|p2a: Oricorio\n|\n|upkeep\n|\n|t:|1699366929\n|switch|p2a: Mimikyu|Mimikyu, M|100\/100\n|turn|5\n|\n|t:|1699366933\n|move|p1a: Mimikyu|Leech Life|p2a: Mimikyu\n|-activate|p2a: Mimikyu|ability: Disguise\n|-damage|p2a: Mimikyu|100\/100\n|detailschange|p2a: Mimikyu|Mimikyu-Busted, M\n|-damage|p2a: Mimikyu|88\/100|[from] pokemon: Mimikyu-Busted\n|move|p2a: Mimikyu|Curse|p1a: Mimikyu\n|-start|p1a: Mimikyu|Curse|[of] p2a: Mimikyu\n|-damage|p2a: Mimikyu|38\/100\n|\n|-damage|p1a: Mimikyu|18\/100|[from] Curse\n|upkeep\n|turn|6\n|\n|t:|1699366946\n|move|p1a: Mimikyu|Leech Life|p2a: Mimikyu\n|-resisted|p2a: Mimikyu\n|-damage|p2a: Mimikyu|28\/100\n|-heal|p1a: Mimikyu|22\/100|[from] drain|[of] p2a: Mimikyu\n|move|p2a: Mimikyu|Draining Kiss|p1a: Mimikyu\n|-damage|p1a: Mimikyu|12\/100\n|-heal|p2a: Mimikyu|38\/100|[from] drain|[of] p1a: Mimikyu\n|\n|-damage|p1a: Mimikyu|0 fnt|[from] Curse\n|faint|p1a: Mimikyu\n|-fieldend|move: Trick Room\n|upkeep\n|\n|t:|1699366959\n|switch|p1a: Jolteon|Jolteon, F|100\/100\n|turn|7\n|\n|t:|1699366963\n|move|p1a: Jolteon|Volt Switch|p2a: Mimikyu\n|-damage|p2a: Mimikyu|2\/100\n|\n|t:|1699366966\n|switch|p1a: Diancie|Diancie|100\/100|[from] Volt Switch\n|move|p2a: Mimikyu|Destiny Bond|p2a: Mimikyu\n|-singlemove|p2a: Mimikyu|Destiny Bond\n|\n|upkeep\n|turn|8\n|\n|t:|1699366980\n|move|p2a: Mimikyu|Curse|p1a: Diancie\n|-start|p1a: Diancie|Curse|[of] p2a: Mimikyu\n|-damage|p2a: Mimikyu|0 fnt\n|faint|p2a: Mimikyu\n|move|p1a: Diancie|Substitute|p1a: Diancie\n|-start|p1a: Diancie|Substitute\n|-damage|p1a: Diancie|76\/100\n|\n|-heal|p1a: Diancie|82\/100|[from] item: Leftovers\n|-damage|p1a: Diancie|57\/100|[from] Curse\n|upkeep\n|\n|t:|1699366998\n|switch|p2a: Ceruledge|Ceruledge, F|100\/100\n|turn|9\n|\n|t:|1699367003\n|move|p2a: Ceruledge|Bitter Blade|p1a: Diancie\n|-resisted|p1a: Diancie\n|-activate|p1a: Diancie|move: Substitute|[damage]\n|-damage|p2a: Ceruledge|91\/100|[from] item: Life Orb\n|move|p1a: Diancie|Calm Mind|p1a: Diancie\n|-boost|p1a: Diancie|spa|1\n|-boost|p1a: Diancie|spd|1\n|\n|-heal|p1a: Diancie|63\/100|[from] item: Leftovers\n|-damage|p1a: Diancie|38\/100|[from] Curse\n|upkeep\n|turn|10\n|\n|t:|1699367017\n|move|p2a: Ceruledge|Phantom Force||[still]\n|-prepare|p2a: Ceruledge|Phantom Force\n|move|p1a: Diancie|Moonblast|p2a: Ceruledge|[miss]\n|-miss|p1a: Diancie|p2a: Ceruledge\n|\n|-heal|p1a: Diancie|44\/100|[from] item: Leftovers\n|-damage|p1a: Diancie|19\/100|[from] Curse\n|upkeep\n|turn|11\n|\n|t:|1699367026\n|move|p2a: Ceruledge|Phantom Force|p1a: Diancie|[from]lockedmove\n|-end|p1a: Diancie|Substitute\n|-damage|p2a: Ceruledge|81\/100|[from] item: Life Orb\n|move|p1a: Diancie|Moonblast|p2a: Ceruledge\n|-resisted|p2a: Ceruledge\n|-damage|p2a: Ceruledge|50\/100\n|\n|-heal|p1a: Diancie|25\/100|[from] item: Leftovers\n|-damage|p1a: Diancie|0 fnt|[from] Curse\n|faint|p1a: Diancie\n|upkeep\n|\n|t:|1699367039\n|switch|p1a: Jirachi|Jirachi|100\/100\n|turn|12\n|\n|t:|1699367045\n|move|p2a: Ceruledge|Bitter Blade|p1a: Jirachi\n|-supereffective|p1a: Jirachi\n|-damage|p1a: Jirachi|25\/100\n|-heal|p2a: Ceruledge|100\/100|[from] drain|[of] p1a: Jirachi\n|-damage|p2a: Ceruledge|91\/100|[from] item: Life Orb\n|move|p1a: Jirachi|Substitute|p1a: Jirachi\n|-fail|p1a: Jirachi|move: Substitute|[weak]\n|\n|-heal|p1a: Jirachi|31\/100|[from] item: Leftovers\n|upkeep\n|turn|13\n|\n|t:|1699367057\n|switch|p1a: Salamence|Salamence, M|100\/100\n|move|p2a: Ceruledge|Bitter Blade|p1a: Salamence\n|-resisted|p1a: Salamence\n|-damage|p1a: Salamence|70\/100\n|-heal|p2a: Ceruledge|100\/100|[from] drain|[of] p1a: Salamence\n|-damage|p2a: Ceruledge|91\/100|[from] item: Life Orb\n|\n|upkeep\n|turn|14\n|\n|t:|1699367068\n|move|p1a: Salamence|Roost|p1a: Salamence\n|-heal|p1a: Salamence|100\/100\n|-singleturn|p1a: Salamence|move: Roost\n|move|p2a: Ceruledge|Phantom Force||[still]\n|-prepare|p2a: Ceruledge|Phantom Force\n|\n|upkeep\n|turn|15\n|\n|t:|1699367074\n|move|p1a: Salamence|Dragon Dance|p1a: Salamence\n|-boost|p1a: Salamence|atk|1\n|-boost|p1a: Salamence|spe|1\n|move|p2a: Ceruledge|Phantom Force|p1a: Salamence|[from]lockedmove\n|-damage|p1a: Salamence|38\/100\n|-damage|p2a: Ceruledge|81\/100|[from] item: Life Orb\n|\n|upkeep\n|turn|16\n|\n|t:|1699367083\n|move|p1a: Salamence|Roost|p1a: Salamence\n|-heal|p1a: Salamence|88\/100\n|-singleturn|p1a: Salamence|move: Roost\n|move|p2a: Ceruledge|Shadow Claw|p1a: Salamence\n|-damage|p1a: Salamence|38\/100\n|-damage|p2a: Ceruledge|71\/100|[from] item: Life Orb\n|\n|upkeep\n|turn|17\n|\n|t:|1699367092\n|move|p1a: Salamence|Roost|p1a: Salamence\n|-heal|p1a: Salamence|88\/100\n|-singleturn|p1a: Salamence|move: Roost\n|move|p2a: Ceruledge|Shadow Claw|p1a: Salamence\n|-damage|p1a: Salamence|42\/100\n|-damage|p2a: Ceruledge|61\/100|[from] item: Life Orb\n|\n|upkeep\n|turn|18\n|\n|t:|1699367102\n|move|p1a: Salamence|Dragon Claw|p2a: Ceruledge\n|-damage|p2a: Ceruledge|0 fnt\n|faint|p2a: Ceruledge\n|-ability|p1a: Salamence|Moxie|boost\n|-boost|p1a: Salamence|atk|1\n|\n|upkeep\n|\n|t:|1699367113\n|switch|p2a: Iron Valiant|Iron Valiant|100\/100\n|turn|19\n|\n|t:|1699367118\n|move|p1a: Salamence|Roost|p1a: Salamence\n|-heal|p1a: Salamence|92\/100\n|-singleturn|p1a: Salamence|move: Roost\n|move|p2a: Iron Valiant|Confuse Ray|p1a: Salamence\n|-start|p1a: Salamence|confusion\n|\n|upkeep\n|turn|20\n|\n|t:|1699367128\n|-activate|p1a: Salamence|confusion\n|-damage|p1a: Salamence|68\/100|[from] confusion\n|move|p2a: Iron Valiant|Dazzling Gleam|p1a: Salamence\n|-supereffective|p1a: Salamence\n|-damage|p1a: Salamence|1\/100\n|\n|upkeep\n|turn|21\n|\n|t:|1699367136\n|-activate|p1a: Salamence|confusion\n|move|p1a: Salamence|Roost|p1a: Salamence\n|-heal|p1a: Salamence|51\/100\n|-singleturn|p1a: Salamence|move: Roost\n|move|p2a: Iron Valiant|Dazzling Gleam|p1a: Salamence\n|-supereffective|p1a: Salamence\n|-damage|p1a: Salamence|0 fnt\n|faint|p1a: Salamence\n|\n|upkeep\n|\n|t:|1699367147\n|switch|p1a: Jirachi|Jirachi|31\/100\n|turn|22\n|\n|t:|1699367159\n|move|p2a: Iron Valiant|Dazzling Gleam|p1a: Jirachi\n|-resisted|p1a: Jirachi\n|-damage|p1a: Jirachi|17\/100\n|move|p1a: Jirachi|Substitute|p1a: Jirachi\n|-fail|p1a: Jirachi|move: Substitute|[weak]\n|\n|-heal|p1a: Jirachi|23\/100|[from] item: Leftovers\n|upkeep\n|turn|23\n|\n|t:|1699367167\n|move|p2a: Iron Valiant|Charge Beam|p1a: Jirachi|[miss]\n|-miss|p2a: Iron Valiant|p1a: Jirachi\n|move|p1a: Jirachi|Doom Desire|p2a: Iron Valiant\n|-start|p1a: Jirachi|Doom Desire\n|\n|-heal|p1a: Jirachi|30\/100|[from] item: Leftovers\n|upkeep\n|turn|24\n|\n|t:|1699367174\n|move|p2a: Iron Valiant|Charge Beam|p1a: Jirachi\n|-damage|p1a: Jirachi|18\/100\n|-boost|p2a: Iron Valiant|spa|1\n|move|p1a: Jirachi|Calm Mind|p1a: Jirachi\n|-boost|p1a: Jirachi|spa|1\n|-boost|p1a: Jirachi|spd|1\n|\n|-heal|p1a: Jirachi|24\/100|[from] item: Leftovers\n|upkeep\n|turn|25\n|\n|t:|1699367184\n|move|p2a: Iron Valiant|Confuse Ray|p1a: Jirachi\n|-start|p1a: Jirachi|confusion\n|-activate|p1a: Jirachi|confusion\n|move|p1a: Jirachi|Wish|p1a: Jirachi\n|\n|-end|p2a: Iron Valiant|move: Doom Desire\n|-supereffective|p2a: Iron Valiant\n|-enditem|p2a: Iron Valiant|Focus Sash\n|-damage|p2a: Iron Valiant|1\/100\n|-heal|p1a: Jirachi|30\/100|[from] item: Leftovers\n|upkeep\n|turn|26\n|\n|t:|1699367196\n|move|p2a: Iron Valiant|Destiny Bond|p2a: Iron Valiant\n|-singlemove|p2a: Iron Valiant|Destiny Bond\n|-activate|p1a: Jirachi|confusion\n|move|p1a: Jirachi|Doom Desire|p2a: Iron Valiant\n|-start|p1a: Jirachi|Doom Desire\n|\n|-heal|p1a: Jirachi|80\/100|[from] move: Wish|[wisher] Jirachi\n|-heal|p1a: Jirachi|86\/100|[from] item: Leftovers\n|upkeep\n|turn|27\n|\n|t:|1699367208\n|move|p2a: Iron Valiant|Dazzling Gleam|p1a: Jirachi\n|-resisted|p1a: Jirachi\n|-damage|p1a: Jirachi|72\/100\n|-activate|p1a: Jirachi|confusion\n|-damage|p1a: Jirachi|67\/100|[from] confusion\n|\n|-heal|p1a: Jirachi|73\/100|[from] item: Leftovers\n|upkeep\n|turn|28\n|\n|t:|1699367219\n|move|p2a: Iron Valiant|Charge Beam|p1a: Jirachi\n|-damage|p1a: Jirachi|61\/100\n|-end|p1a: Jirachi|confusion\n|move|p1a: Jirachi|Substitute|p1a: Jirachi\n|-start|p1a: Jirachi|Substitute\n|-damage|p1a: Jirachi|36\/100\n|\n|-end|p2a: Iron Valiant|move: Doom Desire\n|-supereffective|p2a: Iron Valiant\n|-damage|p2a: Iron Valiant|0 fnt\n|faint|p2a: Iron Valiant\n|-end|p2a: Iron Valiant|Quark Drive|[silent]\n|-heal|p1a: Jirachi|42\/100|[from] item: Leftovers\n|upkeep\n|\n|t:|1699367233\n|switch|p2a: Garchomp|Garchomp, F|100\/100\n|turn|29\n|\n|t:|1699367239\n|switch|p2a: Eternatus|Eternatus|100\/100\n|-ability|p2a: Eternatus|Pressure\n|move|p1a: Jirachi|Doom Desire|p2a: Eternatus\n|-start|p1a: Jirachi|Doom Desire\n|\n|-heal|p1a: Jirachi|48\/100|[from] item: Leftovers\n|upkeep\n|turn|30\n|\n|t:|1699367250\n|move|p2a: Eternatus|Dynamax Cannon|p1a: Jirachi\n|-resisted|p1a: Jirachi\n|-activate|p1a: Jirachi|move: Substitute|[damage]\n|move|p1a: Jirachi|Substitute|p1a: Jirachi\n|-fail|p1a: Jirachi|move: Substitute\n|\n|-heal|p1a: Jirachi|54\/100|[from] item: Leftovers\n|upkeep\n|turn|31\n|inactive|quickwork4 has 120 seconds left.\n|\n|t:|1699367286\n|move|p2a: Eternatus|Sludge Bomb|p1a: Jirachi\n|-immune|p1a: Jirachi\n|move|p1a: Jirachi|Wish|p1a: Jirachi\n|\n|-end|p2a: Eternatus|move: Doom Desire\n|-damage|p2a: Eternatus|36\/100\n|-heal|p1a: Jirachi|61\/100|[from] item: Leftovers\n|upkeep\n|turn|32\n|inactive|quickwork4 has 120 seconds left.\n|\n|t:|1699367295\n|move|p2a: Eternatus|Recover|p2a: Eternatus\n|-heal|p2a: Eternatus|86\/100\n|move|p1a: Jirachi|Doom Desire|p2a: Eternatus\n|-start|p1a: Jirachi|Doom Desire\n|\n|-heal|p1a: Jirachi|100\/100|[from] move: Wish|[wisher] Jirachi\n|upkeep\n|turn|33\n|\n|t:|1699367303\n|move|p2a: Eternatus|Flamethrower|p1a: Jirachi\n|-supereffective|p1a: Jirachi\n|-end|p1a: Jirachi|Substitute\n|move|p1a: Jirachi|Calm Mind|p1a: Jirachi\n|-boost|p1a: Jirachi|spa|1\n|-boost|p1a: Jirachi|spd|1\n|\n|upkeep\n|turn|34\n|\n|t:|1699367311\n|move|p2a: Eternatus|Dynamax Cannon|p1a: Jirachi\n|-resisted|p1a: Jirachi\n|-damage|p1a: Jirachi|89\/100\n|move|p1a: Jirachi|Substitute|p1a: Jirachi\n|-start|p1a: Jirachi|Substitute\n|-damage|p1a: Jirachi|65\/100\n|\n|-end|p2a: Eternatus|move: Doom Desire\n|-damage|p2a: Eternatus|0 fnt\n|faint|p2a: Eternatus\n|-heal|p1a: Jirachi|71\/100|[from] item: Leftovers\n|upkeep\n|\n|t:|1699367321\n|switch|p2a: Garchomp|Garchomp, F|100\/100\n|turn|35\n|\n|t:|1699367326\n|move|p2a: Garchomp|Dragon Claw|p1a: Jirachi\n|-resisted|p1a: Jirachi\n|-activate|p1a: Jirachi|move: Substitute|[damage]\n|move|p1a: Jirachi|Doom Desire|p2a: Garchomp\n|-start|p1a: Jirachi|Doom Desire\n|\n|-heal|p1a: Jirachi|77\/100|[from] item: Leftovers\n|upkeep\n|turn|36\n|inactive|quickwork4 has 120 seconds left.\n|\n|t:|1699367356\n|move|p2a: Garchomp|Iron Head|p1a: Jirachi\n|-resisted|p1a: Jirachi\n|-activate|p1a: Jirachi|move: Substitute|[damage]\n|move|p1a: Jirachi|Calm Mind|p1a: Jirachi\n|-boost|p1a: Jirachi|spa|1\n|-boost|p1a: Jirachi|spd|1\n|\n|-heal|p1a: Jirachi|83\/100|[from] item: Leftovers\n|upkeep\n|turn|37\n|\n|t:|1699367367\n|move|p2a: Garchomp|Earthquake|p1a: Jirachi\n|-supereffective|p1a: Jirachi\n|-end|p1a: Jirachi|Substitute\n|move|p1a: Jirachi|Calm Mind|p1a: Jirachi\n|-boost|p1a: Jirachi|spa|1\n|-boost|p1a: Jirachi|spd|1\n|\n|-end|p2a: Garchomp|move: Doom Desire\n|-damage|p2a: Garchomp|0 fnt\n|faint|p2a: Garchomp\n|\n|win|raldhahah\n|upkeep\n|raw|raldhahah's rating: 1095 &rarr; <strong>1119<\/strong><br \/>(+24 for winning)\n|raw|quickwork4's rating: 1076 &rarr; <strong>1056<\/strong><br \/>(-20 for losing)\n","uploadtime":1699367484,"views":5,"p1id":"raldhahah","p2id":"quickwork4","formatid":"gen9anythinggoes","rating":1056,"private":0,"password":""}