{"id":"gen9anythinggoes-1996862149","p1":"Ghostly S#4RK","p2":"Arpitraj1","format":"[Gen 9] Anything Goes","log":"|j|\u2606Ghostly S#4RK\n|j|\u2606Arpitraj1\n|inactive|Battle timer is ON: inactive players will automatically lose when time's up.\n|t:|1700736970\n|gametype|singles\n|player|p1|Ghostly S#4RK|zirco-unite|\n|player|p2|Arpitraj1|anabel|\n|teamsize|p1|6\n|teamsize|p2|6\n|gen|9\n|tier|[Gen 9] Anything Goes\n|rated|Tournament battle\n|rule|HP Percentage Mod: HP is shown in percentages\n|rule|Endless Battle Clause: Forcing endless battles is banned\n|clearpoke\n|poke|p1|Muk-Alola, M|\n|poke|p1|Scream Tail|\n|poke|p1|Calyrex-Shadow|\n|poke|p1|Blissey, F|\n|poke|p1|Orthworm, M|\n|poke|p1|Dondozo, F|\n|poke|p2|Calyrex-Shadow|\n|poke|p2|Zacian-*|\n|poke|p2|Landorus-Therian, M|\n|poke|p2|Ting-Lu|\n|poke|p2|Koraidon|\n|poke|p2|Arceus|\n|teampreview\n|inactive|Arpitraj1 also wants the timer to be on.\n|c|\u2606Arpitraj1|Are u ghostly planey\n|c|\u2606Ghostly S#4RK|yea\n|c|\u2606Arpitraj1|Planet*\n|c|\u2606Ghostly S#4RK|on an alt\n|\n|t:|1700736994\n|start\n|switch|p1a: Muk|Muk-Alola, M|100\/100\n|switch|p2a: Suggest a name|Landorus-Therian, M|100\/100\n|-ability|p2a: Suggest a name|Intimidate|boost\n|-unboost|p1a: Muk|atk|1\n|turn|1\n|c|\u2606Arpitraj1|Ooo okay\n|inactive|Ghostly S#4RK has 120 seconds left.\n|\n|t:|1700737026\n|switch|p1a: Orthworm|Orthworm, M|100\/100\n|move|p2a: Suggest a name|Taunt|p1a: Orthworm\n|-start|p1a: Orthworm|move: Taunt\n|\n|upkeep\n|turn|2\n|\n|t:|1700737035\n|switch|p1a: Blissey|Blissey, F|100\/100\n|move|p2a: Suggest a name|Stealth Rock|p1a: Blissey\n|-sidestart|p1: Ghostly S#4RK|move: Stealth Rock\n|\n|upkeep\n|turn|3\n|\n|t:|1700737040\n|move|p2a: Suggest a name|U-turn|p1a: Blissey\n|-damage|p1a: Blissey|77\/100\n|\n|t:|1700737044\n|switch|p2a: TPRADO'S comeback|Ting-Lu|100\/100|[from] U-turn\n|-ability|p2a: TPRADO'S comeback|Vessel of Ruin\n|move|p1a: Blissey|Stealth Rock|p2a: TPRADO'S comeback\n|-sidestart|p2: Arpitraj1|move: Stealth Rock\n|\n|upkeep\n|turn|4\n|inactive|Ghostly S#4RK has 120 seconds left.\n|\n|t:|1700737103\n|move|p1a: Blissey|Seismic Toss|p2a: TPRADO'S comeback\n|-damage|p2a: TPRADO'S comeback|81\/100\n|move|p2a: TPRADO'S comeback|Spikes|p1a: Blissey\n|-sidestart|p1: Ghostly S#4RK|Spikes\n|\n|-heal|p2a: TPRADO'S comeback|87\/100|[from] item: Leftovers\n|upkeep\n|turn|5\n|\n|t:|1700737113\n|move|p1a: Blissey|Seismic Toss|p2a: TPRADO'S comeback\n|-damage|p2a: TPRADO'S comeback|68\/100\n|move|p2a: TPRADO'S comeback|Spikes|p1a: Blissey\n|-sidestart|p1: Ghostly S#4RK|Spikes\n|\n|-heal|p2a: TPRADO'S comeback|74\/100|[from] item: Leftovers\n|upkeep\n|turn|6\n|inactive|Ghostly S#4RK has 90 seconds left.\n|\n|t:|1700737149\n|move|p1a: Blissey|Seismic Toss|p2a: TPRADO'S comeback\n|-damage|p2a: TPRADO'S comeback|55\/100\n|move|p2a: TPRADO'S comeback|Spikes|p1a: Blissey\n|-sidestart|p1: Ghostly S#4RK|Spikes\n|\n|-heal|p2a: TPRADO'S comeback|61\/100|[from] item: Leftovers\n|upkeep\n|turn|7\n|\n|t:|1700737158\n|move|p1a: Blissey|Seismic Toss|p2a: TPRADO'S comeback\n|-damage|p2a: TPRADO'S comeback|41\/100\n|move|p2a: TPRADO'S comeback|Whirlwind|p1a: Blissey\n|drag|p1a: Muk|Muk-Alola, M|100\/100\n|\n|-heal|p2a: TPRADO'S comeback|48\/100|[from] item: Leftovers\n|upkeep\n|turn|8\n|inactive|Ghostly S#4RK has 90 seconds left.\n|inactive|Ghostly S#4RK has 60 seconds left.\n|\n|t:|1700737205\n|move|p1a: Muk|Poison Jab|p2a: TPRADO'S comeback\n|-resisted|p2a: TPRADO'S comeback\n|-damage|p2a: TPRADO'S comeback|39\/100\n|-status|p2a: TPRADO'S comeback|psn|[from] ability: Poison Touch|[of] p1a: Muk\n|move|p2a: TPRADO'S comeback|Earthquake|p1a: Muk\n|-supereffective|p1a: Muk\n|-damage|p1a: Muk|18\/100\n|\n|-heal|p2a: TPRADO'S comeback|46\/100 psn|[from] item: Leftovers\n|-damage|p2a: TPRADO'S comeback|33\/100 psn|[from] psn\n|upkeep\n|turn|9\n|\n|t:|1700737218\n|switch|p1a: Orthworm|Orthworm, M|100\/100\n|move|p2a: TPRADO'S comeback|Earthquake|p1a: Orthworm\n|-immune|p1a: Orthworm|[from] ability: Earth Eater\n|\n|-heal|p2a: TPRADO'S comeback|39\/100 psn|[from] item: Leftovers\n|-damage|p2a: TPRADO'S comeback|27\/100 psn|[from] psn\n|upkeep\n|turn|10\n|j| ZowwyCafe\u2764\n|inactive|Ghostly S#4RK has 60 seconds left.\n|c|\u2606Arpitraj1|Hii zowwy see my zacian name\n|\n|t:|1700737249\n|move|p1a: Orthworm|Body Press|p2a: TPRADO'S comeback\n|-supereffective|p2a: TPRADO'S comeback\n|-damage|p2a: TPRADO'S comeback|0 fnt\n|faint|p2a: TPRADO'S comeback\n|\n|upkeep\n|\n|t:|1700737259\n|switch|p2a: Go greeninja|Koraidon|100\/100\n|-damage|p2a: Go greeninja|94\/100|[from] Stealth Rock\n|-weather|SunnyDay|[from] ability: Orichalcum Pulse|[of] p2a: Go greeninja\n|-activate|p2a: Go greeninja|Orichalcum Pulse|[source]\n|turn|11\n|inactive|Ghostly S#4RK has 60 seconds left.\n|\n|t:|1700737284\n|switch|p1a: Muk|Muk-Alola, M|18\/100\n|move|p2a: Go greeninja|Flare Blitz|p1a: Muk\n|-damage|p1a: Muk|0 fnt\n|faint|p1a: Muk\n|-damage|p2a: Go greeninja|87\/100|[from] Recoil\n|\n|-weather|SunnyDay|[upkeep]\n|upkeep\n|\n|t:|1700737294\n|switch|p1a: Dondozo|Dondozo, F|100\/100\n|turn|12\n|\n|t:|1700737311\n|move|p2a: Go greeninja|Taunt|p1a: Dondozo\n|-start|p1a: Dondozo|move: Taunt\n|move|p1a: Dondozo|Fissure|p2a: Go greeninja\n|-damage|p2a: Go greeninja|0 fnt\n|faint|p2a: Go greeninja\n|-ohko\n|\n|-weather|SunnyDay|[upkeep]\n|upkeep\n|\n|t:|1700737320\n|switch|p2a: Pokeauraburst|Calyrex-Shadow|100\/100\n|-ability|p2a: Pokeauraburst|As One\n|-ability|p2a: Pokeauraburst|Unnerve\n|-damage|p2a: Pokeauraburst|88\/100|[from] Stealth Rock\n|turn|13\n|c|\u2606Ghostly S#4RK|damn\n|\n|t:|1700737330\n|move|p2a: Pokeauraburst|Grass Knot|p1a: Dondozo\n|-supereffective|p1a: Dondozo\n|-damage|p1a: Dondozo|1\/100\n|move|p1a: Dondozo|Fissure|p2a: Pokeauraburst|[miss]\n|-miss|p1a: Dondozo|p2a: Pokeauraburst\n|\n|-weather|SunnyDay|[upkeep]\n|upkeep\n|turn|14\n|c|\u2606Ghostly S#4RK|1 hp\n|\n|t:|1700737337\n|switch|p1a: Blissey|Blissey, F|77\/100\n|move|p2a: Pokeauraburst|Grass Knot|p1a: Blissey\n|-damage|p1a: Blissey|69\/100\n|\n|-weather|SunnyDay|[upkeep]\n|upkeep\n|turn|15\n|c|\u2606Arpitraj1|Clutch god\n|\n|t:|1700737347\n|switch|p2a: Suggest a name|Landorus-Therian, M|100\/100\n|-damage|p2a: Suggest a name|88\/100|[from] Stealth Rock\n|-ability|p2a: Suggest a name|Intimidate|boost\n|-unboost|p1a: Blissey|atk|1\n|move|p1a: Blissey|Stealth Rock||[still]\n|-fail|p1a: Blissey\n|\n|-weather|none\n|upkeep\n|turn|16\n|c|\u2606Ghostly S#4RK|ik\n|\n|t:|1700737354\n|move|p2a: Suggest a name|U-turn|p1a: Blissey\n|-crit|p1a: Blissey\n|-damage|p1a: Blissey|33\/100\n|\n|t:|1700737357\n|switch|p2a: Zorrycafe|Zacian-Crowned|100\/100|[from] U-turn\n|-damage|p2a: Zorrycafe|94\/100|[from] Stealth Rock\n|-ability|p2a: Zorrycafe|Intrepid Sword|boost\n|-boost|p2a: Zorrycafe|atk|1\n|move|p1a: Blissey|Seismic Toss|p2a: Zorrycafe\n|-damage|p2a: Zorrycafe|64\/100\n|\n|upkeep\n|turn|17\n|\n|t:|1700737365\n|switch|p1a: Dondozo|Dondozo, F|1\/100\n|move|p2a: Zorrycafe|Close Combat|p1a: Dondozo\n|-damage|p1a: Dondozo|0 fnt\n|-unboost|p2a: Zorrycafe|def|1\n|-unboost|p2a: Zorrycafe|spd|1\n|faint|p1a: Dondozo\n|\n|upkeep\n|\n|t:|1700737372\n|switch|p1a: Calyrex|Calyrex-Shadow|100\/100\n|-ability|p1a: Calyrex|As One\n|-ability|p1a: Calyrex|Unnerve\n|-damage|p1a: Calyrex|88\/100|[from] Stealth Rock\n|-damage|p1a: Calyrex|63\/100|[from] Spikes\n|turn|18\n|\n|t:|1700737379\n|switch|p2a: Dregone|Arceus|100\/100\n|move|p1a: Calyrex|Astral Barrage|p2a: Dregone\n|-immune|p2a: Dregone\n|\n|upkeep\n|turn|19\n|c| ZowwyCafe\u2764|oh nice nickname :3\n|inactive|Ghostly S#4RK has 90 seconds left.\n|\n|t:|1700737416\n|switch|p1a: Orthworm|Orthworm, M|100\/100\n|move|p2a: Dregone|Swords Dance|p2a: Dregone\n|-boost|p2a: Dregone|atk|2\n|\n|upkeep\n|turn|20\n|inactive|Ghostly S#4RK has 60 seconds left.\n|j| JimRoan\n|\n|t:|1700737461\n|move|p2a: Dregone|Extreme Speed|p1a: Orthworm\n|-resisted|p1a: Orthworm\n|-damage|p1a: Orthworm|77\/100\n|move|p1a: Orthworm|Body Press|p2a: Dregone\n|-supereffective|p2a: Dregone\n|-damage|p2a: Dregone|54\/100\n|\n|upkeep\n|turn|21\n|\n|t:|1700737472\n|switch|p2a: Suggest a name|Landorus-Therian, M|88\/100\n|-damage|p2a: Suggest a name|76\/100|[from] Stealth Rock\n|-ability|p2a: Suggest a name|Intimidate|boost\n|-unboost|p1a: Orthworm|atk|1\n|move|p1a: Orthworm|Iron Defense|p1a: Orthworm\n|-boost|p1a: Orthworm|def|2\n|\n|upkeep\n|turn|22\n|inactive|Ghostly S#4RK has 60 seconds left.\n|\n|t:|1700737496\n|move|p2a: Suggest a name|Taunt|p1a: Orthworm\n|-start|p1a: Orthworm|move: Taunt\n|cant|p1a: Orthworm|move: Taunt|Iron Defense\n|\n|upkeep\n|turn|23\n|\n|t:|1700737503\n|move|p2a: Suggest a name|U-turn|p1a: Orthworm\n|-resisted|p1a: Orthworm\n|-damage|p1a: Orthworm|74\/100\n|\n|t:|1700737508\n|switch|p2a: Pokeauraburst|Calyrex-Shadow|88\/100|[from] U-turn\n|-ability|p2a: Pokeauraburst|As One\n|-ability|p2a: Pokeauraburst|Unnerve\n|-damage|p2a: Pokeauraburst|76\/100|[from] Stealth Rock\n|move|p1a: Orthworm|Body Press|p2a: Pokeauraburst\n|-immune|p2a: Pokeauraburst\n|\n|upkeep\n|turn|24\n|inactive|Ghostly S#4RK has 60 seconds left.\n|\n|t:|1700737545\n|switch|p1a: Blissey|Blissey, F|33\/100\n|move|p2a: Pokeauraburst|Psychic|p1a: Blissey\n|-damage|p1a: Blissey|18\/100\n|\n|upkeep\n|turn|25\n|\n|t:|1700737561\n|move|p2a: Pokeauraburst|Psychic|p1a: Blissey\n|-damage|p1a: Blissey|0 fnt\n|faint|p1a: Blissey\n|-ability|p2a: Pokeauraburst|Grim Neigh|boost\n|-boost|p2a: Pokeauraburst|spa|1\n|\n|upkeep\n|j| I have eyes\n|c|\u2606Ghostly S#4RK|i\n|inactive|Ghostly S#4RK has 30 seconds left.\n|c|\u2606Ghostly S#4RK|17\n|j| sumitvs138\n|inactive|Ghostly S#4RK has 20 seconds left.\n|l| sumitvs138\n|inactive|Ghostly S#4RK has 15 seconds left.\n|inactive|Ghostly S#4RK has 10 seconds left.\n|\n|t:|1700737607\n|switch|p1a: Calyrex|Calyrex-Shadow|63\/100\n|-ability|p1a: Calyrex|As One\n|-ability|p1a: Calyrex|Unnerve\n|-damage|p1a: Calyrex|51\/100|[from] Stealth Rock\n|-damage|p1a: Calyrex|26\/100|[from] Spikes\n|turn|26\n|inactive|Ghostly S#4RK has 20 seconds left this turn.\n|\n|t:|1700737632\n|move|p1a: Calyrex|Dark Pulse|p2a: Pokeauraburst\n|-supereffective|p2a: Pokeauraburst\n|-damage|p2a: Pokeauraburst|0 fnt\n|faint|p2a: Pokeauraburst\n|-ability|p1a: Calyrex|Grim Neigh|boost\n|-boost|p1a: Calyrex|spa|1\n|\n|upkeep\n|inactive|Ghostly S#4RK has 25 seconds left this turn.\n|\n|t:|1700737640\n|switch|p2a: Dregone|Arceus|54\/100\n|turn|27\n|\n|t:|1700737645\n|move|p1a: Calyrex|Dark Pulse|p2a: Dregone\n|-damage|p2a: Dregone|20\/100\n|move|p2a: Dregone|Shadow Claw|p1a: Calyrex\n|-supereffective|p1a: Calyrex\n|-damage|p1a: Calyrex|0 fnt\n|faint|p1a: Calyrex\n|\n|upkeep\n|\n|t:|1700737649\n|switch|p1a: Scream Tail|Scream Tail|100\/100\n|turn|28\n|\n|t:|1700737663\n|move|p2a: Dregone|Recover|p2a: Dregone\n|-heal|p2a: Dregone|70\/100\n|move|p1a: Scream Tail|Wish|p1a: Scream Tail\n|\n|upkeep\n|turn|29\n|\n|t:|1700737669\n|-end|p1a: Scream Tail|Protosynthesis|[silent]\n|switch|p1a: Orthworm|Orthworm, M|74\/100\n|move|p2a: Dregone|Swords Dance|p2a: Dregone\n|-boost|p2a: Dregone|atk|2\n|\n|-heal|p1a: Orthworm|100\/100|[from] move: Wish|[wisher] Scream Tail\n|upkeep\n|turn|30\n|\n|t:|1700737675\n|switch|p2a: Zorrycafe|Zacian-Crowned|64\/100\n|-damage|p2a: Zorrycafe|57\/100|[from] Stealth Rock\n|move|p1a: Orthworm|Iron Defense|p1a: Orthworm\n|-boost|p1a: Orthworm|def|2\n|\n|upkeep\n|turn|31\n|\n|t:|1700737685\n|move|p2a: Zorrycafe|Swords Dance|p2a: Zorrycafe\n|-boost|p2a: Zorrycafe|atk|2\n|move|p1a: Orthworm|Iron Defense|p1a: Orthworm\n|-boost|p1a: Orthworm|def|2\n|\n|upkeep\n|turn|32\n|l| I have eyes\n|c| ZowwyCafe\u2764|yea this is over ;-;\n|\n|t:|1700737696\n|move|p2a: Zorrycafe|Close Combat|p1a: Orthworm\n|-supereffective|p1a: Orthworm\n|-damage|p1a: Orthworm|66\/100\n|-unboost|p2a: Zorrycafe|def|1\n|-unboost|p2a: Zorrycafe|spd|1\n|move|p1a: Orthworm|Iron Defense|p1a: Orthworm\n|-boost|p1a: Orthworm|def|2\n|\n|upkeep\n|turn|33\n|c|\u2606Ghostly S#4RK|PU pokemon!\n|c| ZowwyCafe\u2764|o\n|c| ZowwyCafe\u2764|crit now\n|\n|t:|1700737704\n|move|p2a: Zorrycafe|Swords Dance|p2a: Zorrycafe\n|-boost|p2a: Zorrycafe|atk|2\n|move|p1a: Orthworm|Body Press|p2a: Zorrycafe\n|-damage|p2a: Zorrycafe|0 fnt\n|faint|p2a: Zorrycafe\n|\n|upkeep\n|\n|t:|1700737706\n|switch|p2a: Suggest a name|Landorus-Therian, M|76\/100\n|-damage|p2a: Suggest a name|63\/100|[from] Stealth Rock\n|-ability|p2a: Suggest a name|Intimidate|boost\n|-unboost|p1a: Orthworm|atk|1\n|turn|34\n|c| ZowwyCafe\u2764|ok that sd was dumb\n|\n|t:|1700737716\n|move|p2a: Suggest a name|Taunt|p1a: Orthworm\n|-start|p1a: Orthworm|move: Taunt\n|move|p1a: Orthworm|Body Press|p2a: Suggest a name\n|-resisted|p2a: Suggest a name\n|-crit|p2a: Suggest a name\n|-damage|p2a: Suggest a name|0 fnt\n|-damage|p1a: Orthworm|49\/100|[from] item: Rocky Helmet|[of] p2a: Suggest a name\n|faint|p2a: Suggest a name\n|\n|upkeep\n|c|\u2606Ghostly S#4RK|orthworm shall reign\n|c|\u2606Ghostly S#4RK|always\n|\n|t:|1700737720\n|switch|p2a: Dregone|Arceus|70\/100\n|turn|35\n|j| laprasplayer\n|\n|t:|1700737727\n|-terastallize|p2a: Dregone|Ghost\n|move|p2a: Dregone|Swords Dance|p2a: Dregone\n|-boost|p2a: Dregone|atk|2\n|move|p1a: Orthworm|Body Press|p2a: Dregone\n|-immune|p2a: Dregone\n|\n|upkeep\n|turn|36\n|c| ZowwyCafe\u2764|omg?\n|c| ZowwyCafe\u2764|sclaw is high crit right?\n|c| ZowwyCafe\u2764|OwO\n|inactive|Ghostly S#4RK has 90 seconds left.\n|\n|t:|1700737779\n|move|p2a: Dregone|Extreme Speed|p1a: Orthworm\n|-resisted|p1a: Orthworm\n|-damage|p1a: Orthworm|43\/100\n|move|p1a: Orthworm|Body Press|p2a: Dregone\n|-immune|p2a: Dregone\n|\n|-end|p1a: Orthworm|move: Taunt\n|upkeep\n|turn|37\n|c| laprasplayer|idk if i should ask why you stayed in on caly-s with dondozo\n|\n|t:|1700737787\n|move|p2a: Dregone|Swords Dance|p2a: Dregone\n|-boost|p2a: Dregone|atk|2\n|move|p1a: Orthworm|Rest|p1a: Orthworm\n|-status|p1a: Orthworm|slp|[from] move: Rest\n|-heal|p1a: Orthworm|100\/100 slp|[silent]\n|\n|upkeep\n|turn|38\n|c|\u2606Ghostly S#4RK|1708 defense rn\n|\n|t:|1700737800\n|move|p2a: Dregone|Swords Dance|p2a: Dregone\n|-boost|p2a: Dregone|atk|2\n|cant|p1a: Orthworm|slp\n|\n|upkeep\n|turn|39\n|c| ZowwyCafe\u2764|doesnt matter when sclaw will just crit you tho\n|c|\u2606Ghostly S#4RK|tera ghosting rn is suicide\n|\n|t:|1700737813\n|move|p2a: Dregone|Shadow Claw|p1a: Orthworm\n|-damage|p1a: Orthworm|80\/100 slp\n|cant|p1a: Orthworm|slp\n|\n|upkeep\n|turn|40\n|c| laprasplayer|just dodge 22 crits\n|\n|t:|1700737823\n|move|p2a: Dregone|Shadow Claw|p1a: Orthworm\n|-damage|p1a: Orthworm|58\/100 slp\n|-curestatus|p1a: Orthworm|slp|[msg]\n|move|p1a: Orthworm|Spikes|p2a: Dregone\n|-sidestart|p2: Arpitraj1|Spikes\n|\n|upkeep\n|turn|41\n|c|\u2606Ghostly S#4RK|possible\n|\n|t:|1700737835\n|move|p2a: Dregone|Shadow Claw|p1a: Orthworm\n|-damage|p1a: Orthworm|38\/100\n|move|p1a: Orthworm|Rest|p1a: Orthworm\n|-status|p1a: Orthworm|slp|[from] move: Rest\n|-heal|p1a: Orthworm|100\/100 slp|[silent]\n|\n|upkeep\n|turn|42\n|\n|t:|1700737841\n|move|p2a: Dregone|Shadow Claw|p1a: Orthworm\n|-damage|p1a: Orthworm|80\/100 slp\n|cant|p1a: Orthworm|slp\n|\n|upkeep\n|turn|43\n|c| laprasplayer|dregone as a nick is funny\n|\n|t:|1700737846\n|move|p2a: Dregone|Shadow Claw|p1a: Orthworm\n|-damage|p1a: Orthworm|58\/100 slp\n|cant|p1a: Orthworm|slp\n|\n|upkeep\n|turn|44\n|inactive|Ghostly S#4RK has 120 seconds left.\n|c|\u2606Ghostly S#4RK|all of those are usernames afaik\n|c| ZowwyCafe\u2764|:>\n|c| ZowwyCafe\u2764|zorrycafe -w-\n|c|\u2606Ghostly S#4RK|18 more\n|\n|t:|1700737871\n|move|p2a: Dregone|Shadow Claw|p1a: Orthworm\n|-damage|p1a: Orthworm|35\/100 slp\n|-curestatus|p1a: Orthworm|slp|[msg]\n|move|p1a: Orthworm|Rest|p1a: Orthworm\n|-status|p1a: Orthworm|slp|[from] move: Rest\n|-heal|p1a: Orthworm|100\/100 slp|[silent]\n|\n|upkeep\n|turn|45\n|\n|t:|1700737880\n|move|p2a: Dregone|Shadow Claw|p1a: Orthworm\n|-damage|p1a: Orthworm|79\/100 slp\n|cant|p1a: Orthworm|slp\n|\n|upkeep\n|turn|46\n|\n|t:|1700737884\n|move|p2a: Dregone|Shadow Claw|p1a: Orthworm\n|-crit|p1a: Orthworm\n|-damage|p1a: Orthworm|0 fnt\n|faint|p1a: Orthworm\n|\n|upkeep\n|c|\u2606Ghostly S#4RK|NAH\n|c| ZowwyCafe\u2764|w\n|\n|t:|1700737889\n|switch|p1a: Scream Tail|Scream Tail|100\/100\n|turn|47\n|c| ZowwyCafe\u2764|each hit is 1\/8 chance to crit tho\n|c|\u2606Ghostly S#4RK|exactly\n|\n|t:|1700737906\n|move|p1a: Scream Tail|Protect|p1a: Scream Tail\n|-singleturn|p1a: Scream Tail|Protect\n|move|p2a: Dregone|Extreme Speed|p1a: Scream Tail\n|-activate|p1a: Scream Tail|move: Protect\n|\n|upkeep\n|turn|48\n|\n|t:|1700737911\n|move|p2a: Dregone|Extreme Speed|p1a: Scream Tail\n|-damage|p1a: Scream Tail|0 fnt\n|faint|p1a: Scream Tail\n|-end|p1a: Scream Tail|Protosynthesis|[silent]\n|\n|win|Arpitraj1\n|n|\u2606Ghostly S#4RK|ghostlys4rk\n|n|\u2606Arpitraj1|arpitraj1\n|n| ZowwyCafe\u2764|zowwycafe\n|n| JimRoan|jimroan\n|n| laprasplayer|laprasplayer\n|c|\u2606Ghostly S#4RK|sob\n|c|\u2606Arpitraj1|Gg\n|c|\u2606Ghostly S#4RK|i almost wo\n|c|\u2606Ghostly S#4RK|won\n|l|\u2606Ghostly S#4RK\n","uploadtime":1700737937,"views":1,"p1id":"ghostlys4rk","p2id":"arpitraj1","formatid":"gen9anythinggoes","rating":0,"private":0,"password":""}