{"id":"gen9anythinggoes-1997836700","p1":"Doctais","p2":"riggytherunky","format":"[Gen 9] Anything Goes","log":"|j|\u2606Doctais\n|j|\u2606riggytherunky\n|t:|1700858042\n|gametype|singles\n|player|p1|Doctais|scientist|1144\n|player|p2|riggytherunky|benga|1272\n|teamsize|p1|6\n|teamsize|p2|6\n|gen|9\n|tier|[Gen 9] Anything Goes\n|rated|\n|rule|HP Percentage Mod: HP is shown in percentages\n|rule|Endless Battle Clause: Forcing endless battles is banned\n|clearpoke\n|poke|p1|Regieleki|\n|poke|p1|Sylveon, F|\n|poke|p1|Braviary-Hisui, M|\n|poke|p1|Basculegion, M|\n|poke|p1|Scovillain, M|\n|poke|p1|Spectrier|\n|poke|p2|Ogerpon-Hearthflame, F|\n|poke|p2|Ursaluna-Bloodmoon, M|\n|poke|p2|Gliscor, M|\n|poke|p2|Palafin, M|\n|poke|p2|Regieleki|\n|poke|p2|Kingambit, M|\n|teampreview\n|inactive|Battle timer is ON: inactive players will automatically lose when time's up. (requested by Doctais)\n|inactive|Doctais has 120 seconds left.\n|\n|t:|1700858101\n|start\n|switch|p1a: Scovillain|Scovillain, M|100\/100\n|switch|p2a: Palafin|Palafin, M, shiny|100\/100\n|turn|1\n|\n|t:|1700858110\n|move|p1a: Scovillain|Protect|p1a: Scovillain\n|-singleturn|p1a: Scovillain|Protect\n|move|p2a: Palafin|Flip Turn|p1a: Scovillain\n|-activate|p1a: Scovillain|move: Protect\n|\n|-ability|p1a: Scovillain|Moody|boost\n|-boost|p1a: Scovillain|spa|2\n|-unboost|p1a: Scovillain|atk|1\n|upkeep\n|turn|2\n|\n|t:|1700858138\n|move|p2a: Palafin|Flip Turn|p1a: Scovillain\n|-damage|p1a: Scovillain|65\/100\n|\n|t:|1700858153\n|detailschange|p2a: Palafin|Palafin-Hero, M, shiny\n|switch|p2a: Gliscor|Gliscor, M, shiny|100\/100|[from] Flip Turn\n|move|p1a: Scovillain|Flamethrower|p2a: Gliscor\n|-damage|p2a: Gliscor|12\/100\n|\n|-heal|p1a: Scovillain|71\/100|[from] item: Leftovers\n|-ability|p1a: Scovillain|Moody|boost\n|-boost|p1a: Scovillain|spe|2\n|-unboost|p1a: Scovillain|spa|1\n|-status|p2a: Gliscor|tox|[from] item: Toxic Orb\n|upkeep\n|turn|3\n|inactive|riggytherunky has 120 seconds left.\n|inactive|riggytherunky has 90 seconds left.\n|\n|t:|1700858209\n|switch|p2a: Palafin|Palafin-Hero, M, shiny|100\/100\n|-activate|p2a: Palafin|ability: Zero to Hero\n|move|p1a: Scovillain|Flamethrower|p2a: Palafin\n|-resisted|p2a: Palafin\n|-damage|p2a: Palafin|75\/100\n|\n|-heal|p1a: Scovillain|77\/100|[from] item: Leftovers\n|-ability|p1a: Scovillain|Moody|boost\n|-boost|p1a: Scovillain|def|2\n|-unboost|p1a: Scovillain|spd|1\n|upkeep\n|turn|4\n|inactive|riggytherunky has 90 seconds left.\n|\n|t:|1700858229\n|move|p2a: Palafin|Jet Punch|p1a: Scovillain\n|-damage|p1a: Scovillain|48\/100\n|move|p1a: Scovillain|Flamethrower|p2a: Palafin\n|-resisted|p2a: Palafin\n|-damage|p2a: Palafin|49\/100\n|\n|-heal|p1a: Scovillain|54\/100|[from] item: Leftovers\n|-ability|p1a: Scovillain|Moody|boost\n|-boost|p1a: Scovillain|def|2\n|-unboost|p1a: Scovillain|atk|1\n|upkeep\n|turn|5\n|inactive|Doctais has 120 seconds left.\n|\n|t:|1700858248\n|move|p2a: Palafin|Jet Punch|p1a: Scovillain\n|-damage|p1a: Scovillain|34\/100\n|move|p1a: Scovillain|Flamethrower|p2a: Palafin\n|-resisted|p2a: Palafin\n|-damage|p2a: Palafin|23\/100\n|\n|-heal|p1a: Scovillain|40\/100|[from] item: Leftovers\n|-ability|p1a: Scovillain|Moody|boost\n|-boost|p1a: Scovillain|atk|2\n|-unboost|p1a: Scovillain|spe|1\n|upkeep\n|turn|6\n|inactive|Doctais has 120 seconds left.\n|\n|t:|1700858260\n|move|p1a: Scovillain|Protect|p1a: Scovillain\n|-singleturn|p1a: Scovillain|Protect\n|move|p2a: Palafin|Jet Punch|p1a: Scovillain\n|-activate|p1a: Scovillain|move: Protect\n|\n|-heal|p1a: Scovillain|46\/100|[from] item: Leftovers\n|-ability|p1a: Scovillain|Moody|boost\n|-boost|p1a: Scovillain|spa|2\n|-unboost|p1a: Scovillain|def|1\n|upkeep\n|turn|7\n|inactive|Doctais has 120 seconds left.\n|\n|t:|1700858272\n|move|p2a: Palafin|Jet Punch|p1a: Scovillain\n|-damage|p1a: Scovillain|21\/100\n|move|p1a: Scovillain|Flamethrower|p2a: Palafin\n|-resisted|p2a: Palafin\n|-damage|p2a: Palafin|0 fnt\n|faint|p2a: Palafin\n|\n|-heal|p1a: Scovillain|27\/100|[from] item: Leftovers\n|-ability|p1a: Scovillain|Moody|boost\n|-boost|p1a: Scovillain|spe|2\n|-unboost|p1a: Scovillain|atk|1\n|upkeep\n|\n|t:|1700858289\n|switch|p2a: BEST GIRL|Ogerpon-Hearthflame, F|100\/100\n|-ability|p2a: BEST GIRL|Mold Breaker\n|turn|8\n|inactive|riggytherunky has 60 seconds left.\n|c|\u2606riggytherunky|Scovillain but better\n|\n|t:|1700858326\n|move|p1a: Scovillain|Protect|p1a: Scovillain\n|-singleturn|p1a: Scovillain|Protect\n|move|p2a: BEST GIRL|Spiky Shield||[still]\n|-fail|p2a: BEST GIRL\n|\n|-heal|p1a: Scovillain|33\/100|[from] item: Leftovers\n|-ability|p1a: Scovillain|Moody|boost\n|-boost|p1a: Scovillain|spd|2\n|-unboost|p1a: Scovillain|spe|1\n|upkeep\n|turn|9\n|\n|t:|1700858343\n|switch|p2a: Regieleki|Regieleki, shiny|100\/100\n|move|p1a: Scovillain|Flamethrower|p2a: Regieleki\n|-damage|p2a: Regieleki|0 fnt\n|faint|p2a: Regieleki\n|\n|-heal|p1a: Scovillain|39\/100|[from] item: Leftovers\n|-ability|p1a: Scovillain|Moody|boost\n|-boost|p1a: Scovillain|spe|2\n|-unboost|p1a: Scovillain|def|1\n|upkeep\n|\n|t:|1700858356\n|switch|p2a: Gliscor|Gliscor, M, shiny|12\/100 tox\n|turn|10\n|\n|t:|1700858365\n|move|p2a: Gliscor|Protect|p2a: Gliscor\n|-singleturn|p2a: Gliscor|Protect\n|move|p1a: Scovillain|Flamethrower|p2a: Gliscor\n|-activate|p2a: Gliscor|move: Protect\n|\n|-heal|p1a: Scovillain|45\/100|[from] item: Leftovers\n|-heal|p2a: Gliscor|24\/100 tox|[from] ability: Poison Heal\n|-ability|p1a: Scovillain|Moody|boost\n|-boost|p1a: Scovillain|def|2\n|-unboost|p1a: Scovillain|atk|1\n|upkeep\n|turn|11\n|\n|t:|1700858382\n|move|p1a: Scovillain|Flamethrower|p2a: Gliscor\n|-damage|p2a: Gliscor|0 fnt\n|faint|p2a: Gliscor\n|\n|-heal|p1a: Scovillain|51\/100|[from] item: Leftovers\n|-ability|p1a: Scovillain|Moody|boost\n|-boost|p1a: Scovillain|def|2\n|-unboost|p1a: Scovillain|spd|1\n|upkeep\n|\n|t:|1700858392\n|switch|p2a: Freddy|Ursaluna-Bloodmoon, M|100\/100\n|turn|12\n|\n|t:|1700858417\n|move|p1a: Scovillain|Protect|p1a: Scovillain\n|-singleturn|p1a: Scovillain|Protect\n|move|p2a: Freddy|Blood Moon|p1a: Scovillain\n|-activate|p1a: Scovillain|move: Protect\n|\n|-heal|p1a: Scovillain|57\/100|[from] item: Leftovers\n|-ability|p1a: Scovillain|Moody|boost\n|-boost|p1a: Scovillain|spa|2\n|-unboost|p1a: Scovillain|def|1\n|upkeep\n|turn|13\n|\n|t:|1700858434\n|move|p2a: Freddy|Vacuum Wave|p1a: Scovillain\n|-damage|p1a: Scovillain|36\/100\n|move|p1a: Scovillain|Leech Seed|p2a: Freddy\n|-start|p2a: Freddy|move: Leech Seed\n|\n|-heal|p1a: Scovillain|42\/100|[from] item: Leftovers\n|-damage|p2a: Freddy|88\/100|[from] Leech Seed|[of] p1a: Scovillain\n|-heal|p1a: Scovillain|56\/100|[silent]\n|-ability|p1a: Scovillain|Moody|boost\n|-boost|p1a: Scovillain|spe|2\n|-unboost|p1a: Scovillain|spd|1\n|upkeep\n|turn|14\n|\n|t:|1700858448\n|move|p1a: Scovillain|Protect|p1a: Scovillain\n|-singleturn|p1a: Scovillain|Protect\n|move|p2a: Freddy|Earth Power|p1a: Scovillain\n|-activate|p1a: Scovillain|move: Protect\n|\n|-heal|p1a: Scovillain|62\/100|[from] item: Leftovers\n|-damage|p2a: Freddy|76\/100|[from] Leech Seed|[of] p1a: Scovillain\n|-heal|p1a: Scovillain|77\/100|[silent]\n|-ability|p1a: Scovillain|Moody|boost\n|-boost|p1a: Scovillain|def|1\n|-unboost|p1a: Scovillain|atk|1\n|upkeep\n|turn|15\n|\n|t:|1700858461\n|move|p1a: Scovillain|Flamethrower|p2a: Freddy\n|-damage|p2a: Freddy|15\/100\n|move|p2a: Freddy|Blood Moon|p1a: Scovillain\n|-crit|p1a: Scovillain\n|-damage|p1a: Scovillain|0 fnt\n|faint|p1a: Scovillain\n|\n|upkeep\n|\n|t:|1700858473\n|switch|p1a: Braviary|Braviary-Hisui, M, shiny|100\/100\n|turn|16\n|\n|t:|1700858480\n|move|p1a: Braviary|Esper Wing|p2a: Freddy\n|-damage|p2a: Freddy|0 fnt\n|-boost|p1a: Braviary|spe|1\n|faint|p2a: Freddy\n|\n|upkeep\n|\n|t:|1700858489\n|switch|p2a: BEST GIRL|Ogerpon-Hearthflame, F|100\/100\n|-ability|p2a: BEST GIRL|Mold Breaker\n|turn|17\n|\n|t:|1700858502\n|-terastallize|p2a: BEST GIRL|Fire\n|detailschange|p2a: BEST GIRL|Ogerpon-Hearthflame-Tera, F, tera:Fire\n|-ability|p2a: BEST GIRL|Embody Aspect (Hearthflame)|boost\n|-boost|p2a: BEST GIRL|atk|1\n|move|p2a: BEST GIRL|Swords Dance|p2a: BEST GIRL\n|-boost|p2a: BEST GIRL|atk|2\n|move|p1a: Braviary|Esper Wing|p2a: BEST GIRL\n|-damage|p2a: BEST GIRL|66\/100\n|-boost|p1a: Braviary|spe|1\n|\n|upkeep\n|turn|18\n|\n|t:|1700858524\n|move|p1a: Braviary|Air Slash|p2a: BEST GIRL\n|-damage|p2a: BEST GIRL|33\/100\n|cant|p2a: BEST GIRL|flinch\n|\n|upkeep\n|turn|19\n|\n|t:|1700858530\n|move|p2a: BEST GIRL|Spiky Shield|p2a: BEST GIRL\n|-singleturn|p2a: BEST GIRL|move: Protect\n|move|p1a: Braviary|Air Slash|p2a: BEST GIRL\n|-activate|p2a: BEST GIRL|move: Protect\n|\n|upkeep\n|turn|20\n|\n|t:|1700858536\n|move|p1a: Braviary|Air Slash|p2a: BEST GIRL\n|-damage|p2a: BEST GIRL|2\/100\n|cant|p2a: BEST GIRL|flinch\n|\n|upkeep\n|turn|21\n|\n|t:|1700858544\n|move|p1a: Braviary|Esper Wing|p2a: BEST GIRL\n|-damage|p2a: BEST GIRL|0 fnt\n|-boost|p1a: Braviary|spe|1\n|faint|p2a: BEST GIRL\n|\n|upkeep\n|\n|t:|1700858552\n|switch|p2a: Kingambit|Kingambit, M, shiny|100\/100\n|-activate|p2a: Kingambit|ability: Supreme Overlord\n|-start|p2a: Kingambit|fallen5|[silent]\n|turn|22\n|\n|t:|1700858559\n|move|p2a: Kingambit|Sucker Punch||[still]\n|-fail|p2a: Kingambit\n|move|p1a: Braviary|Calm Mind|p1a: Braviary\n|-boost|p1a: Braviary|spa|1\n|-boost|p1a: Braviary|spd|1\n|\n|upkeep\n|turn|23\n|inactive|riggytherunky has 60 seconds left.\n|\n|t:|1700858566\n|move|p2a: Kingambit|Sucker Punch||[still]\n|-fail|p2a: Kingambit\n|move|p1a: Braviary|Calm Mind|p1a: Braviary\n|-boost|p1a: Braviary|spa|1\n|-boost|p1a: Braviary|spd|1\n|\n|upkeep\n|turn|24\n|\n|t:|1700858574\n|move|p2a: Kingambit|Sucker Punch||[still]\n|-fail|p2a: Kingambit\n|move|p1a: Braviary|Calm Mind|p1a: Braviary\n|-boost|p1a: Braviary|spa|1\n|-boost|p1a: Braviary|spd|1\n|\n|upkeep\n|turn|25\n|\n|t:|1700858581\n|move|p2a: Kingambit|Sucker Punch||[still]\n|-fail|p2a: Kingambit\n|move|p1a: Braviary|Calm Mind|p1a: Braviary\n|-boost|p1a: Braviary|spa|1\n|-boost|p1a: Braviary|spd|1\n|\n|upkeep\n|turn|26\n|\n|t:|1700858590\n|move|p2a: Kingambit|Sucker Punch||[still]\n|-fail|p2a: Kingambit\n|move|p1a: Braviary|Calm Mind|p1a: Braviary\n|-boost|p1a: Braviary|spa|1\n|-boost|p1a: Braviary|spd|1\n|\n|upkeep\n|turn|27\n|\n|t:|1700858596\n|move|p1a: Braviary|Calm Mind|p1a: Braviary\n|-boost|p1a: Braviary|spa|1\n|-boost|p1a: Braviary|spd|1\n|move|p2a: Kingambit|Kowtow Cleave|p1a: Braviary\n|-supereffective|p1a: Braviary\n|-damage|p1a: Braviary|3\/100\n|\n|upkeep\n|turn|28\n|\n|t:|1700858604\n|move|p2a: Kingambit|Sucker Punch||[still]\n|-fail|p2a: Kingambit\n|move|p1a: Braviary|Roost|p1a: Braviary\n|-heal|p1a: Braviary|53\/100\n|-singleturn|p1a: Braviary|move: Roost\n|\n|upkeep\n|turn|29\n|inactive|riggytherunky has 90 seconds left.\n|\n|t:|1700858611\n|move|p2a: Kingambit|Sucker Punch||[still]\n|-fail|p2a: Kingambit\n|move|p1a: Braviary|Roost|p1a: Braviary\n|-heal|p1a: Braviary|100\/100\n|-singleturn|p1a: Braviary|move: Roost\n|\n|upkeep\n|turn|30\n|\n|t:|1700858620\n|move|p2a: Kingambit|Sucker Punch||[still]\n|-fail|p2a: Kingambit\n|move|p1a: Braviary|Roost||[still]\n|-fail|p1a: Braviary|heal\n|\n|upkeep\n|turn|31\n|\n|t:|1700858627\n|move|p1a: Braviary|Air Slash|p2a: Kingambit\n|-resisted|p2a: Kingambit\n|-damage|p2a: Kingambit|27\/100\n|cant|p2a: Kingambit|flinch\n|\n|upkeep\n|turn|32\n|inactive|riggytherunky has 90 seconds left.\n|c|\u2606riggytherunky|you mother f***er\n|c|\u2606Doctais|lol\n|\n|t:|1700858656\n|move|p1a: Braviary|Air Slash|p2a: Kingambit\n|-resisted|p2a: Kingambit\n|-damage|p2a: Kingambit|0 fnt\n|faint|p2a: Kingambit\n|-end|p2a: Kingambit|fallen5|[silent]\n|\n|win|Doctais\n|raw|Doctais's rating: 1144 &rarr; <strong>1178<\/strong><br \/>(+34 for winning)\n|raw|riggytherunky's rating: 1272 &rarr; <strong>1238<\/strong><br \/>(-34 for losing)\n","uploadtime":1700858653,"views":0,"p1id":"doctais","p2id":"riggytherunky","formatid":"gen9anythinggoes","rating":1178,"private":0,"password":""}