{"id":"gen9anythinggoes-1992165209","p1":"HalaMadridSiuuu7","p2":"goofyboi99","format":"[Gen 9] Anything Goes","log":"|j|\u2606HalaMadridSiuuu7\n|j|\u2606goofyboi99\n|t:|1700160416\n|gametype|singles\n|player|p1|HalaMadridSiuuu7|giovanni|1107\n|player|p2|goofyboi99|brycen|1158\n|teamsize|p1|6\n|teamsize|p2|6\n|gen|9\n|tier|[Gen 9] Anything Goes\n|rated|\n|rule|HP Percentage Mod: HP is shown in percentages\n|rule|Endless Battle Clause: Forcing endless battles is banned\n|clearpoke\n|poke|p1|Maushold-Four|\n|poke|p1|Maushold-Four|\n|poke|p1|Maushold-Four|\n|poke|p1|Maushold-Four|\n|poke|p1|Maushold-Four|\n|poke|p1|Maushold-Four|\n|poke|p2|Gliscor, M|\n|poke|p2|Overqwil, M|\n|poke|p2|Ambipom, F|\n|poke|p2|Oricorio, M|\n|poke|p2|Decidueye, M|\n|poke|p2|Scizor, F|\n|teampreview\n|\n|t:|1700160420\n|start\n|switch|p1a: Maushold|Maushold-Four|100\/100\n|switch|p2a: Decidueye|Decidueye, M|100\/100\n|turn|1\n|\n|t:|1700160426\n|move|p1a: Maushold|Bite|p2a: Decidueye\n|-supereffective|p2a: Decidueye\n|-damage|p2a: Decidueye|48\/100\n|cant|p2a: Decidueye|flinch\n|\n|upkeep\n|turn|2\n|\n|t:|1700160433\n|-terastallize|p2a: Decidueye|Dark\n|move|p1a: Maushold|Bite|p2a: Decidueye\n|-resisted|p2a: Decidueye\n|-damage|p2a: Decidueye|34\/100\n|cant|p2a: Decidueye|flinch\n|\n|upkeep\n|turn|3\n|\n|t:|1700160439\n|move|p1a: Maushold|Low Kick|p2a: Decidueye\n|-supereffective|p2a: Decidueye\n|-damage|p2a: Decidueye|0 fnt\n|faint|p2a: Decidueye\n|\n|upkeep\n|\n|t:|1700160447\n|switch|p2a: Ambipom|Ambipom, F|100\/100\n|turn|4\n|\n|t:|1700160454\n|move|p2a: Ambipom|Fake Out|p1a: Maushold\n|-damage|p1a: Maushold|48\/100\n|cant|p1a: Maushold|flinch\n|\n|upkeep\n|turn|5\n|\n|t:|1700160459\n|move|p1a: Maushold|Low Kick|p2a: Ambipom\n|-supereffective|p2a: Ambipom\n|-damage|p2a: Ambipom|54\/100\n|move|p2a: Ambipom|Double Hit|p1a: Maushold\n|-damage|p1a: Maushold|0 fnt\n|faint|p1a: Maushold\n|-hitcount|p1: Maushold|1\n|\n|upkeep\n|\n|t:|1700160467\n|switch|p1a: Maushold|Maushold-Four|100\/100\n|turn|6\n|\n|t:|1700160471\n|move|p1a: Maushold|Population Bomb|p2a: Ambipom\n|-damage|p2a: Ambipom|35\/100\n|-damage|p2a: Ambipom|17\/100\n|-damage|p2a: Ambipom|0 fnt\n|faint|p2a: Ambipom\n|-hitcount|p2: Ambipom|3\n|\n|upkeep\n|\n|t:|1700160475\n|switch|p2a: Overqwil|Overqwil, M|100\/100\n|-ability|p2a: Overqwil|Intimidate|boost\n|-unboost|p1a: Maushold|atk|1\n|turn|7\n|\n|t:|1700160484\n|move|p1a: Maushold|Tidy Up|p1a: Maushold\n|-boost|p1a: Maushold|atk|1\n|-boost|p1a: Maushold|spe|1\n|move|p2a: Overqwil|Toxic Spikes|p1a: Maushold\n|-sidestart|p1: HalaMadridSiuuu7|move: Toxic Spikes\n|\n|upkeep\n|turn|8\n|\n|t:|1700160490\n|move|p1a: Maushold|Tidy Up|p1a: Maushold\n|-sideend|p1: HalaMadridSiuuu7|Toxic Spikes\n|-activate|p1a: Maushold|move: Tidy Up\n|-boost|p1a: Maushold|atk|1\n|-boost|p1a: Maushold|spe|1\n|move|p2a: Overqwil|Barb Barrage|p1a: Maushold\n|-damage|p1a: Maushold|59\/100\n|-status|p1a: Maushold|psn\n|\n|-damage|p1a: Maushold|47\/100 psn|[from] psn\n|upkeep\n|turn|9\n|\n|t:|1700160500\n|move|p1a: Maushold|Population Bomb|p2a: Overqwil\n|-damage|p2a: Overqwil|85\/100\n|-damage|p2a: Overqwil|68\/100\n|-damage|p2a: Overqwil|52\/100\n|-damage|p2a: Overqwil|37\/100\n|-damage|p2a: Overqwil|20\/100\n|-damage|p2a: Overqwil|3\/100\n|-damage|p2a: Overqwil|0 fnt\n|faint|p2a: Overqwil\n|-hitcount|p2: Overqwil|7\n|\n|-damage|p1a: Maushold|34\/100 psn|[from] psn\n|upkeep\n|\n|t:|1700160504\n|switch|p2a: Oricorio|Oricorio, M, shiny|100\/100\n|turn|10\n|\n|t:|1700160515\n|move|p1a: Maushold|Population Bomb|p2a: Oricorio\n|-damage|p2a: Oricorio|73\/100\n|-damage|p2a: Oricorio|47\/100\n|-damage|p2a: Oricorio|20\/100\n|-damage|p2a: Oricorio|0 fnt\n|faint|p2a: Oricorio\n|-hitcount|p2: Oricorio|4\n|\n|-damage|p1a: Maushold|22\/100 psn|[from] psn\n|upkeep\n|\n|t:|1700160525\n|switch|p2a: Scizor|Scizor, F|100\/100\n|turn|11\n|\n|t:|1700160532\n|move|p2a: Scizor|Bullet Punch|p1a: Maushold\n|-damage|p1a: Maushold|0 fnt\n|faint|p1a: Maushold\n|\n|upkeep\n|\n|t:|1700160537\n|switch|p1a: Maushold|Maushold-Four|100\/100\n|turn|12\n|\n|t:|1700160542\n|move|p1a: Maushold|Low Kick|p2a: Scizor\n|-damage|p2a: Scizor|77\/100\n|-enditem|p2a: Scizor|Red Card|[of] p1a: Maushold\n|drag|p1a: Maushold|Maushold-Four|100\/100\n|move|p2a: Scizor|Swords Dance|p2a: Scizor\n|-boost|p2a: Scizor|atk|2\n|\n|upkeep\n|turn|13\n|\n|t:|1700160551\n|move|p2a: Scizor|Bullet Punch|p1a: Maushold\n|-crit|p1a: Maushold\n|-damage|p1a: Maushold|0 fnt\n|faint|p1a: Maushold\n|\n|upkeep\n|\n|t:|1700160556\n|switch|p1a: Maushold|Maushold-Four|100\/100\n|turn|14\n|\n|t:|1700160560\n|move|p2a: Scizor|Bullet Punch|p1a: Maushold\n|-damage|p1a: Maushold|0 fnt\n|faint|p1a: Maushold\n|\n|upkeep\n|\n|t:|1700160570\n|switch|p1a: Maushold|Maushold-Four|100\/100\n|turn|15\n|\n|t:|1700160574\n|move|p2a: Scizor|Bullet Punch|p1a: Maushold\n|-damage|p1a: Maushold|0 fnt\n|faint|p1a: Maushold\n|\n|upkeep\n|c|\u2606HalaMadridSiuuu7|F_ck you\n|\n|t:|1700160589\n|switch|p1a: Maushold|Maushold-Four|100\/100\n|turn|16\n|c|\u2606goofyboi99|lol\n|c|\u2606goofyboi99|6 maushold team\n|\n|t:|1700160599\n|move|p2a: Scizor|Bullet Punch|p1a: Maushold\n|-damage|p1a: Maushold|1\/100\n|move|p1a: Maushold|Population Bomb|p2a: Scizor|[miss]\n|-miss|p1a: Maushold|p2a: Scizor\n|\n|upkeep\n|turn|17\n|c|\u2606goofyboi99|XD\n|c|\u2606goofyboi99|ok now i feel a little bad\n|\n|t:|1700160621\n|move|p2a: Scizor|Bullet Punch|p1a: Maushold\n|-damage|p1a: Maushold|0 fnt\n|faint|p1a: Maushold\n|\n|win|goofyboi99\n|raw|HalaMadridSiuuu7's rating: 1107 &rarr; <strong>1086<\/strong><br \/>(-21 for losing)\n|raw|goofyboi99's rating: 1158 &rarr; <strong>1179<\/strong><br \/>(+21 for winning)\n","uploadtime":1700160589,"views":120,"p1id":"halamadridsiuuu7","p2id":"goofyboi99","formatid":"gen9anythinggoes","rating":1086,"private":0,"password":""}