{"id":"gen9anythinggoes-1987415813","p1":"Chura413","p2":"cryime","format":"[Gen 9] Anything Goes","log":"|j|\u2606Chura413\n|j|\u2606cryime\n|t:|1699588439\n|gametype|singles\n|player|p1|Chura413|2|1040\n|player|p2|cryime|youngn|1000\n|teamsize|p1|6\n|teamsize|p2|6\n|gen|9\n|tier|[Gen 9] Anything Goes\n|rated|\n|rule|HP Percentage Mod: HP is shown in percentages\n|rule|Endless Battle Clause: Forcing endless battles is banned\n|clearpoke\n|poke|p1|Luvdisc, F|\n|poke|p1|Luvdisc, F|\n|poke|p1|Luvdisc, M|\n|poke|p1|Luvdisc, M|\n|poke|p1|Luvdisc, M|\n|poke|p1|Alomomola, M|\n|poke|p2|Pichu, L1, M|\n|poke|p2|Pichu, L1, M|\n|poke|p2|Pichu, L1, M|\n|poke|p2|Pichu, L1, M|\n|poke|p2|Volcanion|\n|poke|p2|Houndstone, M|\n|teampreview\n|\n|t:|1699588450\n|start\n|switch|p1a: Luvdisc|Luvdisc, M|100\/100\n|switch|p2a: Pichu|Pichu, L1, M|100\/100\n|turn|1\n|\n|t:|1699588456\n|move|p1a: Luvdisc|Rain Dance|p1a: Luvdisc\n|-weather|RainDance\n|move|p2a: Pichu|Body Slam|p1a: Luvdisc\n|-damage|p1a: Luvdisc|99\/100\n|\n|-weather|RainDance|[upkeep]\n|upkeep\n|turn|2\n|\n|t:|1699588470\n|switch|p1a: Luvdisc|Luvdisc, M|100\/100\n|move|p2a: Pichu|Body Slam|p1a: Luvdisc\n|-damage|p1a: Luvdisc|99\/100\n|-status|p1a: Luvdisc|par\n|\n|-weather|RainDance|[upkeep]\n|upkeep\n|turn|3\n|\n|t:|1699588486\n|move|p1a: Luvdisc|Flip Turn|p2a: Pichu\n|-damage|p2a: Pichu|0 fnt\n|faint|p2a: Pichu\n|\n|t:|1699588497\n|switch|p1a: Luvdisc|Luvdisc, M|100\/100|[from] Flip Turn\n|\n|-weather|RainDance|[upkeep]\n|upkeep\n|\n|t:|1699588499\n|switch|p2a: Pichu|Pichu, L1, M|100\/100\n|turn|4\n|\n|t:|1699588505\n|move|p1a: Luvdisc|Scale Shot|p2a: Pichu\n|-damage|p2a: Pichu|0 fnt\n|faint|p2a: Pichu\n|-hitcount|p2: Pichu|1\n|-unboost|p1a: Luvdisc|def|1\n|-boost|p1a: Luvdisc|spe|1\n|\n|-weather|RainDance|[upkeep]\n|upkeep\n|\n|t:|1699588508\n|switch|p2a: Pichu|Pichu, L1, M|100\/100\n|turn|5\n|\n|t:|1699588518\n|move|p1a: Luvdisc|Scale Shot|p2a: Pichu\n|-damage|p2a: Pichu|0 fnt\n|faint|p2a: Pichu\n|-hitcount|p2: Pichu|1\n|-unboost|p1a: Luvdisc|def|1\n|-boost|p1a: Luvdisc|spe|1\n|\n|-weather|RainDance|[upkeep]\n|upkeep\n|\n|t:|1699588520\n|switch|p2a: Pichu|Pichu, L1, M|100\/100\n|turn|6\n|\n|t:|1699588527\n|move|p1a: Luvdisc|Scale Shot|p2a: Pichu\n|-damage|p2a: Pichu|0 fnt\n|faint|p2a: Pichu\n|-hitcount|p2: Pichu|1\n|-unboost|p1a: Luvdisc|def|1\n|-boost|p1a: Luvdisc|spe|1\n|\n|-weather|RainDance|[upkeep]\n|upkeep\n|\n|t:|1699588531\n|switch|p2a: Volcanion|Volcanion|100\/100\n|turn|7\n|\n|t:|1699588536\n|move|p1a: Luvdisc|Scale Shot|p2a: Volcanion\n|-damage|p2a: Volcanion|97\/100\n|-damage|p2a: Volcanion|94\/100\n|-damage|p2a: Volcanion|91\/100\n|-damage|p2a: Volcanion|88\/100\n|-hitcount|p2a: Volcanion|4\n|-unboost|p1a: Luvdisc|def|1\n|-boost|p1a: Luvdisc|spe|1\n|move|p2a: Volcanion|Sandstorm|p2a: Volcanion\n|-weather|Sandstorm\n|\n|-weather|Sandstorm|[upkeep]\n|-damage|p1a: Luvdisc|94\/100|[from] Sandstorm\n|-damage|p2a: Volcanion|82\/100|[from] Sandstorm\n|upkeep\n|turn|8\n|\n|t:|1699588550\n|move|p1a: Luvdisc|Scale Shot|p2a: Volcanion\n|-damage|p2a: Volcanion|79\/100\n|-damage|p2a: Volcanion|76\/100\n|-hitcount|p2a: Volcanion|2\n|-unboost|p1a: Luvdisc|def|1\n|-boost|p1a: Luvdisc|spe|1\n|move|p2a: Volcanion|Explosion|p1a: Luvdisc\n|-damage|p1a: Luvdisc|0 fnt\n|faint|p2a: Volcanion\n|faint|p1a: Luvdisc\n|\n|-weather|Sandstorm|[upkeep]\n|upkeep\n|c|\u2606cryime|oh\n|\n|t:|1699588561\n|switch|p1a: Alomomola|Alomomola, M|100\/100\n|switch|p2a: Houndstone|Houndstone, M|100\/100\n|turn|9\n|c|\u2606cryime|i misclicked\n|\n|t:|1699588568\n|-terastallize|p1a: Alomomola|Water\n|move|p1a: Alomomola|Protect|p1a: Alomomola\n|-singleturn|p1a: Alomomola|Protect\n|move|p2a: Houndstone|Last Respects|p1a: Alomomola\n|-activate|p1a: Alomomola|move: Protect\n|\n|-weather|Sandstorm|[upkeep]\n|-damage|p1a: Alomomola|94\/100|[from] Sandstorm\n|-heal|p1a: Alomomola|100\/100|[from] item: Leftovers\n|upkeep\n|turn|10\n|\n|t:|1699588580\n|move|p2a: Houndstone|Last Respects|p1a: Alomomola\n|-damage|p1a: Alomomola|0 fnt\n|faint|p1a: Alomomola\n|\n|-weather|Sandstorm|[upkeep]\n|upkeep\n|\n|t:|1699588586\n|switch|p1a: Luvdisc|Luvdisc, F|100\/100\n|turn|11\n|\n|t:|1699588590\n|move|p1a: Luvdisc|Aqua Jet|p2a: Houndstone\n|-damage|p2a: Houndstone|92\/100\n|-damage|p1a: Luvdisc|91\/100|[from] item: Life Orb\n|move|p2a: Houndstone|Last Respects|p1a: Luvdisc\n|-damage|p1a: Luvdisc|0 fnt\n|faint|p1a: Luvdisc\n|\n|-weather|none\n|upkeep\n|\n|t:|1699588598\n|switch|p1a: Luvdisc|Luvdisc, M|99\/100\n|turn|12\n|\n|t:|1699588602\n|move|p1a: Luvdisc|Protect|p1a: Luvdisc\n|-singleturn|p1a: Luvdisc|Protect\n|move|p2a: Houndstone|Last Respects|p1a: Luvdisc\n|-activate|p1a: Luvdisc|move: Protect\n|\n|upkeep\n|turn|13\n|\n|t:|1699588609\n|move|p1a: Luvdisc|Substitute|p1a: Luvdisc\n|-start|p1a: Luvdisc|Substitute\n|-damage|p1a: Luvdisc|75\/100\n|move|p2a: Houndstone|Last Respects|p1a: Luvdisc\n|-end|p1a: Luvdisc|Substitute\n|\n|upkeep\n|turn|14\n|\n|t:|1699588615\n|move|p1a: Luvdisc|Protect|p1a: Luvdisc\n|-singleturn|p1a: Luvdisc|Protect\n|move|p2a: Houndstone|Last Respects|p1a: Luvdisc\n|-activate|p1a: Luvdisc|move: Protect\n|\n|upkeep\n|turn|15\n|\n|t:|1699588621\n|move|p1a: Luvdisc|Substitute|p1a: Luvdisc\n|-start|p1a: Luvdisc|Substitute\n|-damage|p1a: Luvdisc|50\/100\n|move|p2a: Houndstone|Last Respects|p1a: Luvdisc\n|-end|p1a: Luvdisc|Substitute\n|\n|upkeep\n|turn|16\n|\n|t:|1699588627\n|move|p1a: Luvdisc|Protect|p1a: Luvdisc\n|-singleturn|p1a: Luvdisc|Protect\n|move|p2a: Houndstone|Last Respects|p1a: Luvdisc\n|-activate|p1a: Luvdisc|move: Protect\n|\n|upkeep\n|turn|17\n|\n|t:|1699588633\n|move|p1a: Luvdisc|Substitute|p1a: Luvdisc\n|-start|p1a: Luvdisc|Substitute\n|-damage|p1a: Luvdisc|26\/100\n|move|p2a: Houndstone|Last Respects|p1a: Luvdisc\n|-end|p1a: Luvdisc|Substitute\n|\n|upkeep\n|turn|18\n|\n|t:|1699588638\n|move|p1a: Luvdisc|Protect|p1a: Luvdisc\n|-singleturn|p1a: Luvdisc|Protect\n|move|p2a: Houndstone|Last Respects|p1a: Luvdisc\n|-activate|p1a: Luvdisc|move: Protect\n|\n|upkeep\n|turn|19\n|\n|t:|1699588644\n|move|p1a: Luvdisc|Substitute|p1a: Luvdisc\n|-start|p1a: Luvdisc|Substitute\n|-damage|p1a: Luvdisc|1\/100\n|move|p2a: Houndstone|Last Respects|p1a: Luvdisc\n|-end|p1a: Luvdisc|Substitute\n|\n|upkeep\n|turn|20\n|\n|t:|1699588650\n|move|p1a: Luvdisc|Protect|p1a: Luvdisc\n|-singleturn|p1a: Luvdisc|Protect\n|move|p2a: Houndstone|Last Respects|p1a: Luvdisc\n|-activate|p1a: Luvdisc|move: Protect\n|\n|upkeep\n|turn|21\n|\n|t:|1699588656\n|move|p1a: Luvdisc|Protect||[still]\n|-fail|p1a: Luvdisc\n|move|p2a: Houndstone|Last Respects|p1a: Luvdisc\n|-damage|p1a: Luvdisc|0 fnt\n|faint|p1a: Luvdisc\n|\n|upkeep\n|\n|t:|1699588662\n|switch|p1a: Luvdisc|Luvdisc, F|100\/100\n|turn|22\n|\n|t:|1699588667\n|move|p1a: Luvdisc|Protect|p1a: Luvdisc\n|-singleturn|p1a: Luvdisc|Protect\n|move|p2a: Houndstone|Last Respects|p1a: Luvdisc\n|-activate|p1a: Luvdisc|move: Protect\n|\n|upkeep\n|turn|23\n|\n|t:|1699588673\n|move|p2a: Houndstone|Last Respects|p1a: Luvdisc\n|-enditem|p1a: Luvdisc|Focus Sash\n|-damage|p1a: Luvdisc|1\/100\n|move|p1a: Luvdisc|Draining Kiss|p2a: Houndstone\n|-damage|p2a: Houndstone|85\/100\n|-heal|p1a: Luvdisc|6\/100|[from] drain|[of] p2a: Houndstone\n|\n|upkeep\n|turn|24\n|\n|t:|1699588682\n|move|p1a: Luvdisc|Protect|p1a: Luvdisc\n|-singleturn|p1a: Luvdisc|Protect\n|move|p2a: Houndstone|Last Respects|p1a: Luvdisc\n|-activate|p1a: Luvdisc|move: Protect\n|\n|upkeep\n|turn|25\n|\n|t:|1699588688\n|move|p1a: Luvdisc|Aqua Jet|p2a: Houndstone\n|-damage|p2a: Houndstone|78\/100\n|-activate|p2a: Houndstone|move: Struggle\n|move|p2a: Houndstone|Struggle|p1a: Luvdisc\n|-damage|p1a: Luvdisc|0 fnt\n|faint|p1a: Luvdisc\n|-damage|p2a: Houndstone|53\/100|[from] recoil\n|\n|upkeep\n|\n|t:|1699588696\n|switch|p1a: Luvdisc|Luvdisc, M|99\/100 par\n|turn|26\n|\n|t:|1699588701\n|move|p1a: Luvdisc|Aqua Jet|p2a: Houndstone\n|-damage|p2a: Houndstone|47\/100\n|-activate|p2a: Houndstone|move: Struggle\n|move|p2a: Houndstone|Struggle|p1a: Luvdisc\n|-damage|p1a: Luvdisc|58\/100 par\n|-damage|p2a: Houndstone|22\/100|[from] recoil\n|\n|upkeep\n|turn|27\n|\n|t:|1699588709\n|-activate|p2a: Houndstone|move: Struggle\n|move|p2a: Houndstone|Struggle|p1a: Luvdisc\n|-damage|p1a: Luvdisc|15\/100 par\n|-damage|p2a: Houndstone|0 fnt|[from] recoil\n|faint|p2a: Houndstone\n|\n|win|Chura413\n|raw|Chura413's rating: 1040 &rarr; <strong>1070<\/strong><br \/>(+30 for winning)\n|raw|cryime's rating: 1000 &rarr; <strong>1000<\/strong><br \/>(+0 for losing)\n|l|\u2606cryime\n","uploadtime":1699588754,"views":120,"p1id":"chura413","p2id":"cryime","formatid":"gen9anythinggoes","rating":1000,"private":0,"password":""}