{"id":"gen9anythinggoes-1999543993","p1":"willowsnare","p2":"gavinxrice","format":"[Gen 9] Anything Goes","log":"|j|\u2606willowsnare\n|j|\u2606gavinxrice\n|t:|1701094520\n|gametype|singles\n|player|p1|willowsnare|iono|1189\n|player|p2|gavinxrice|1|1056\n|teamsize|p1|5\n|teamsize|p2|6\n|gen|9\n|tier|[Gen 9] Anything Goes\n|rated|\n|rule|HP Percentage Mod: HP is shown in percentages\n|rule|Endless Battle Clause: Forcing endless battles is banned\n|clearpoke\n|poke|p1|Articuno-Galar|\n|poke|p1|Drifblim, M|\n|poke|p1|Charizard, F|\n|poke|p1|Chien-Pao|\n|poke|p1|Lycanroc-Midnight, F|\n|poke|p2|Maushold-Four|\n|poke|p2|Maushold-Four|\n|poke|p2|Maushold-Four|\n|poke|p2|Maushold-Four|\n|poke|p2|Maushold-Four|\n|poke|p2|Maushold-Four|\n|teampreview\n|inactive|Battle timer is ON: inactive players will automatically lose when time's up. (requested by gavinxrice)\n|\n|t:|1701094526\n|start\n|switch|p1a: Drifblim|Drifblim, M|100\/100\n|switch|p2a: Maushold|Maushold-Four|100\/100\n|turn|1\n|\n|t:|1701094532\n|move|p2a: Maushold|Tidy Up|p2a: Maushold\n|-boost|p2a: Maushold|atk|1\n|-boost|p2a: Maushold|spe|1\n|move|p1a: Drifblim|Minimize|p1a: Drifblim\n|-boost|p1a: Drifblim|evasion|2\n|\n|upkeep\n|turn|2\n|\n|t:|1701094539\n|move|p2a: Maushold|Bite|p1a: Drifblim\n|-supereffective|p1a: Drifblim\n|-damage|p1a: Drifblim|25\/100\n|move|p1a: Drifblim|Minimize|p1a: Drifblim\n|-boost|p1a: Drifblim|evasion|2\n|\n|-heal|p1a: Drifblim|32\/100|[from] item: Leftovers\n|upkeep\n|turn|3\n|\n|t:|1701094546\n|move|p2a: Maushold|Bite|p1a: Drifblim|[miss]\n|-miss|p2a: Maushold|p1a: Drifblim\n|move|p1a: Drifblim|Minimize|p1a: Drifblim\n|-boost|p1a: Drifblim|evasion|2\n|\n|-heal|p1a: Drifblim|38\/100|[from] item: Leftovers\n|upkeep\n|turn|4\n|\n|t:|1701094553\n|move|p2a: Maushold|Bite|p1a: Drifblim|[miss]\n|-miss|p2a: Maushold|p1a: Drifblim\n|move|p1a: Drifblim|Baton Pass|p1a: Drifblim\n|\n|t:|1701094556\n|switch|p1a: Articuno|Articuno-Galar|100\/100|[from] Baton Pass\n|\n|upkeep\n|turn|5\n|\n|t:|1701094566\n|move|p2a: Maushold|Bite|p1a: Articuno|[miss]\n|-miss|p2a: Maushold|p1a: Articuno\n|move|p1a: Articuno|Calm Mind|p1a: Articuno\n|-boost|p1a: Articuno|spa|1\n|-boost|p1a: Articuno|spd|1\n|\n|upkeep\n|turn|6\n|\n|t:|1701094574\n|move|p2a: Maushold|Bite|p1a: Articuno\n|-supereffective|p1a: Articuno\n|-damage|p1a: Articuno|36\/100\n|-enditem|p1a: Articuno|Weakness Policy\n|-boost|p1a: Articuno|atk|2|[from] item: Weakness Policy\n|-boost|p1a: Articuno|spa|2|[from] item: Weakness Policy\n|move|p1a: Articuno|Agility|p1a: Articuno\n|-boost|p1a: Articuno|spe|2\n|\n|upkeep\n|turn|7\n|\n|t:|1701094586\n|move|p1a: Articuno|Stored Power|p2a: Maushold\n|-damage|p2a: Maushold|0 fnt\n|faint|p2a: Maushold\n|\n|upkeep\n|\n|t:|1701094595\n|switch|p2a: Maushold|Maushold-Four|100\/100\n|turn|8\n|\n|t:|1701094599\n|move|p1a: Articuno|Stored Power|p2a: Maushold\n|-damage|p2a: Maushold|0 fnt\n|faint|p2a: Maushold\n|\n|upkeep\n|\n|t:|1701094601\n|switch|p2a: Maushold|Maushold-Four|100\/100\n|turn|9\n|\n|t:|1701094605\n|move|p1a: Articuno|Stored Power|p2a: Maushold\n|-damage|p2a: Maushold|0 fnt\n|faint|p2a: Maushold\n|\n|upkeep\n|\n|t:|1701094618\n|switch|p2a: Maushold|Maushold-Four|100\/100\n|turn|10\n|\n|t:|1701094621\n|move|p1a: Articuno|Stored Power|p2a: Maushold\n|-damage|p2a: Maushold|0 fnt\n|faint|p2a: Maushold\n|\n|upkeep\n|\n|t:|1701094624\n|switch|p2a: Maushold|Maushold-Four|100\/100\n|turn|11\n|\n|t:|1701094627\n|move|p1a: Articuno|Stored Power|p2a: Maushold\n|-damage|p2a: Maushold|0 fnt\n|faint|p2a: Maushold\n|\n|upkeep\n|\n|t:|1701094634\n|switch|p2a: Maushold|Maushold-Four|100\/100\n|turn|12\n|\n|t:|1701094636\n|move|p1a: Articuno|Stored Power|p2a: Maushold\n|-damage|p2a: Maushold|0 fnt\n|faint|p2a: Maushold\n|\n|win|willowsnare\n|raw|willowsnare's rating: 1189 &rarr; <strong>1205<\/strong><br \/>(+16 for winning)\n|raw|gavinxrice's rating: 1056 &rarr; <strong>1044<\/strong><br \/>(-12 for losing)\n|n|!gavinxrice|gavinxrice\n","uploadtime":1701094644,"views":4,"p1id":"willowsnare","p2id":"gavinxrice","formatid":"gen9anythinggoes","rating":1044,"private":0,"password":""}