{"id":"gen9anythinggoes-1992764936","p1":"LingLing007","p2":"xvandalthighs","format":"[Gen 9] Anything Goes","log":"|j|\u2606LingLing007\n|j|\u2606xvandalthighs\n|t:|1700233424\n|gametype|singles\n|player|p1|LingLing007|lance-masters|1306\n|player|p2|xvandalthighs|wallace|1315\n|teamsize|p1|6\n|teamsize|p2|6\n|gen|9\n|tier|[Gen 9] Anything Goes\n|rated|\n|rule|HP Percentage Mod: HP is shown in percentages\n|rule|Endless Battle Clause: Forcing endless battles is banned\n|clearpoke\n|poke|p1|Gyarados, M|\n|poke|p1|Dragonite, M|\n|poke|p1|Dragonite, F|\n|poke|p1|Charizard, M|\n|poke|p1|Dragonite, F|\n|poke|p1|Garchomp, M|\n|poke|p2|Empoleon, M|\n|poke|p2|Dragapult, M|\n|poke|p2|Cinderace, F|\n|poke|p2|Ninetales-Alola, M|\n|poke|p2|Espeon, F|\n|poke|p2|Great Tusk|\n|teampreview\n|inactive|Battle timer is ON: inactive players will automatically lose when time's up. (requested by xvandalthighs)\n|inactive|xvandalthighs has 120 seconds left.\n|\n|t:|1700233479\n|start\n|switch|p1a: Garchomp|Garchomp, M|100\/100\n|switch|p2a: Ninetales|Ninetales-Alola, M, shiny|100\/100\n|-weather|Snow|[from] ability: Snow Warning|[of] p2a: Ninetales\n|turn|1\n|\n|t:|1700233488\n|move|p1a: Garchomp|Stealth Rock|p2a: Ninetales\n|-sidestart|p2: xvandalthighs|move: Stealth Rock\n|move|p2a: Ninetales|Aurora Veil|p2a: Ninetales\n|-sidestart|p2: xvandalthighs|move: Aurora Veil\n|\n|-weather|Snow|[upkeep]\n|upkeep\n|turn|2\n|\n|t:|1700233494\n|switch|p1a: Gyarados|Gyarados, M, shiny|100\/100\n|move|p2a: Ninetales|Freeze-Dry|p1a: Gyarados\n|-supereffective|p1a: Gyarados\n|-damage|p1a: Gyarados|0 fnt\n|faint|p1a: Gyarados\n|\n|-weather|Snow|[upkeep]\n|upkeep\n|\n|t:|1700233509\n|switch|p1a: Dragonite|Dragonite, F|100\/100\n|turn|3\n|\n|t:|1700233517\n|-terastallize|p1a: Dragonite|Fairy\n|move|p2a: Ninetales|Chilling Water|p1a: Dragonite\n|-crit|p1a: Dragonite\n|-damage|p1a: Dragonite|92\/100\n|-unboost|p1a: Dragonite|atk|1\n|move|p1a: Dragonite|Substitute|p1a: Dragonite\n|-start|p1a: Dragonite|Substitute\n|-damage|p1a: Dragonite|67\/100\n|\n|-weather|Snow|[upkeep]\n|upkeep\n|turn|4\n|\n|t:|1700233528\n|move|p2a: Ninetales|Moonblast|p1a: Dragonite\n|-end|p1a: Dragonite|Substitute\n|move|p1a: Dragonite|Dragon Dance|p1a: Dragonite\n|-boost|p1a: Dragonite|atk|1\n|-boost|p1a: Dragonite|spe|1\n|\n|-weather|Snow|[upkeep]\n|upkeep\n|turn|5\n|\n|t:|1700233536\n|move|p1a: Dragonite|Roost|p1a: Dragonite\n|-heal|p1a: Dragonite|100\/100\n|move|p2a: Ninetales|Moonblast|p1a: Dragonite\n|-damage|p1a: Dragonite|84\/100\n|\n|-weather|none\n|upkeep\n|turn|6\n|\n|t:|1700233543\n|move|p1a: Dragonite|Substitute|p1a: Dragonite\n|-start|p1a: Dragonite|Substitute\n|-damage|p1a: Dragonite|59\/100\n|move|p2a: Ninetales|Moonblast|p1a: Dragonite\n|-end|p1a: Dragonite|Substitute\n|\n|upkeep\n|turn|7\n|\n|t:|1700233550\n|move|p1a: Dragonite|Roost|p1a: Dragonite\n|-heal|p1a: Dragonite|100\/100\n|move|p2a: Ninetales|Chilling Water|p1a: Dragonite\n|-damage|p1a: Dragonite|94\/100\n|-unboost|p1a: Dragonite|atk|1\n|\n|upkeep\n|turn|8\n|\n|t:|1700233557\n|move|p1a: Dragonite|Dragon Dance|p1a: Dragonite\n|-boost|p1a: Dragonite|atk|1\n|-boost|p1a: Dragonite|spe|1\n|move|p2a: Ninetales|Moonblast|p1a: Dragonite\n|-damage|p1a: Dragonite|57\/100\n|\n|-sideend|p2: xvandalthighs|move: Aurora Veil\n|upkeep\n|turn|9\n|\n|t:|1700233565\n|move|p1a: Dragonite|Fire Punch|p2a: Ninetales\n|-supereffective|p2a: Ninetales\n|-crit|p2a: Ninetales\n|-damage|p2a: Ninetales|0 fnt\n|faint|p2a: Ninetales\n|\n|upkeep\n|\n|t:|1700233570\n|switch|p2a: Great Tusk|Great Tusk|100\/100\n|-damage|p2a: Great Tusk|98\/100|[from] Stealth Rock\n|turn|10\n|\n|t:|1700233575\n|move|p1a: Dragonite|Roost|p1a: Dragonite\n|-heal|p1a: Dragonite|100\/100\n|move|p2a: Great Tusk|Knock Off|p1a: Dragonite\n|-resisted|p1a: Dragonite\n|-damage|p1a: Dragonite|93\/100\n|-enditem|p1a: Dragonite|Heavy-Duty Boots|[from] move: Knock Off|[of] p2a: Great Tusk\n|\n|upkeep\n|turn|11\n|\n|t:|1700233583\n|move|p1a: Dragonite|Dragon Dance|p1a: Dragonite\n|-boost|p1a: Dragonite|atk|1\n|-boost|p1a: Dragonite|spe|1\n|move|p2a: Great Tusk|Rapid Spin|p1a: Dragonite\n|-damage|p1a: Dragonite|75\/100\n|-boost|p2a: Great Tusk|spe|1\n|-sideend|p2: xvandalthighs|Stealth Rock|[from] move: Rapid Spin|[of] p2a: Great Tusk\n|\n|upkeep\n|turn|12\n|\n|t:|1700233591\n|move|p1a: Dragonite|Fire Punch|p2a: Great Tusk\n|-damage|p2a: Great Tusk|73\/100\n|move|p2a: Great Tusk|Earthquake|p1a: Dragonite\n|-damage|p1a: Dragonite|28\/100\n|\n|upkeep\n|turn|13\n|\n|t:|1700233597\n|move|p1a: Dragonite|Roost|p1a: Dragonite\n|-heal|p1a: Dragonite|78\/100\n|move|p2a: Great Tusk|Earthquake|p1a: Dragonite\n|-damage|p1a: Dragonite|34\/100\n|\n|upkeep\n|turn|14\n|\n|t:|1700233603\n|move|p1a: Dragonite|Roost|p1a: Dragonite\n|-heal|p1a: Dragonite|84\/100\n|move|p2a: Great Tusk|Earthquake|p1a: Dragonite\n|-damage|p1a: Dragonite|39\/100\n|\n|upkeep\n|turn|15\n|\n|t:|1700233609\n|move|p1a: Dragonite|Fire Punch|p2a: Great Tusk\n|-damage|p2a: Great Tusk|50\/100\n|-status|p2a: Great Tusk|brn\n|move|p2a: Great Tusk|Earthquake|p1a: Dragonite\n|-damage|p1a: Dragonite|13\/100\n|\n|-damage|p2a: Great Tusk|44\/100 brn|[from] brn\n|upkeep\n|turn|16\n|\n|t:|1700233619\n|-end|p2a: Great Tusk|Protosynthesis|[silent]\n|switch|p2a: Cinderace|Cinderace, F, shiny|100\/100\n|move|p1a: Dragonite|Roost|p1a: Dragonite\n|-heal|p1a: Dragonite|64\/100\n|\n|upkeep\n|turn|17\n|\n|t:|1700233631\n|move|p1a: Dragonite|Dragon Dance|p1a: Dragonite\n|-boost|p1a: Dragonite|atk|1\n|-boost|p1a: Dragonite|spe|1\n|move|p2a: Cinderace|Iron Head|p1a: Dragonite\n|-start|p2a: Cinderace|typechange|Steel|[from] ability: Libero\n|-supereffective|p1a: Dragonite\n|-damage|p1a: Dragonite|0 fnt\n|faint|p1a: Dragonite\n|-damage|p2a: Cinderace|91\/100|[from] item: Life Orb\n|\n|upkeep\n|\n|t:|1700233636\n|switch|p1a: Garchomp|Garchomp, M|100\/100\n|turn|18\n|\n|t:|1700233644\n|switch|p2a: Espeon|Espeon, F|100\/100\n|move|p1a: Garchomp|Earthquake|p2a: Espeon\n|-damage|p2a: Espeon|16\/100\n|\n|upkeep\n|turn|19\n|\n|t:|1700233652\n|move|p1a: Garchomp|Earthquake|p2a: Espeon\n|-damage|p2a: Espeon|0 fnt\n|faint|p2a: Espeon\n|\n|upkeep\n|\n|t:|1700233662\n|switch|p2a: Dragapult|Dragapult, M, shiny|100\/100\n|turn|20\n|\n|t:|1700233666\n|-terastallize|p2a: Dragapult|Fairy\n|move|p2a: Dragapult|Dragon Dance|p2a: Dragapult\n|-boost|p2a: Dragapult|atk|1\n|-boost|p2a: Dragapult|spe|1\n|move|p1a: Garchomp|Outrage|p2a: Dragapult\n|-immune|p2a: Dragapult\n|\n|upkeep\n|turn|21\n|\n|t:|1700233675\n|move|p2a: Dragapult|Dragon Darts|p1a: Garchomp\n|-supereffective|p1a: Garchomp\n|-damage|p1a: Garchomp|19\/100\n|-anim|p2a: Dragapult|Dragon Darts|p1a: Garchomp\n|-supereffective|p1a: Garchomp\n|-damage|p1a: Garchomp|0 fnt\n|faint|p1a: Garchomp\n|\n|upkeep\n|\n|t:|1700233685\n|switch|p1a: Dragonite|Dragonite, M|100\/100\n|turn|22\n|\n|t:|1700233692\n|move|p2a: Dragapult|Phantom Force||[still]\n|-prepare|p2a: Dragapult|Phantom Force\n|move|p1a: Dragonite|Dragon Dance|p1a: Dragonite\n|-boost|p1a: Dragonite|atk|1\n|-boost|p1a: Dragonite|spe|1\n|\n|upkeep\n|turn|23\n|\n|t:|1700233697\n|move|p2a: Dragapult|Phantom Force|p1a: Dragonite|[from]lockedmove\n|-damage|p1a: Dragonite|65\/100\n|move|p1a: Dragonite|Dragon Dance|p1a: Dragonite\n|-boost|p1a: Dragonite|atk|1\n|-boost|p1a: Dragonite|spe|1\n|\n|upkeep\n|turn|24\n|\n|t:|1700233706\n|move|p1a: Dragonite|Earthquake|p2a: Dragapult\n|-damage|p2a: Dragapult|16\/100\n|move|p2a: Dragapult|Dragon Darts|p1a: Dragonite\n|-supereffective|p1a: Dragonite\n|-damage|p1a: Dragonite|0 fnt\n|faint|p1a: Dragonite\n|\n|-heal|p2a: Dragapult|22\/100|[from] item: Leftovers\n|upkeep\n|\n|t:|1700233711\n|switch|p1a: Dragonite|Dragonite, F, shiny|100\/100\n|turn|25\n|\n|t:|1700233719\n|move|p1a: Dragonite|Extreme Speed|p2a: Dragapult\n|-damage|p2a: Dragapult|0 fnt\n|faint|p2a: Dragapult\n|\n|upkeep\n|\n|t:|1700233725\n|switch|p2a: Great Tusk|Great Tusk|44\/100 brn\n|turn|26\n|\n|t:|1700233728\n|move|p1a: Dragonite|Dragon Dance|p1a: Dragonite\n|-boost|p1a: Dragonite|atk|1\n|-boost|p1a: Dragonite|spe|1\n|move|p2a: Great Tusk|Knock Off|p1a: Dragonite\n|-damage|p1a: Dragonite|92\/100\n|-enditem|p1a: Dragonite|Heavy-Duty Boots|[from] move: Knock Off|[of] p2a: Great Tusk\n|\n|-damage|p2a: Great Tusk|37\/100 brn|[from] brn\n|upkeep\n|turn|27\n|\n|t:|1700233739\n|-end|p2a: Great Tusk|Protosynthesis|[silent]\n|switch|p2a: Empoleon|Empoleon, M|100\/100\n|move|p1a: Dragonite|Dragon Dance|p1a: Dragonite\n|-boost|p1a: Dragonite|atk|1\n|-boost|p1a: Dragonite|spe|1\n|\n|upkeep\n|turn|28\n|\n|t:|1700233745\n|move|p1a: Dragonite|Earthquake|p2a: Empoleon\n|-supereffective|p2a: Empoleon\n|-damage|p2a: Empoleon|0 fnt\n|faint|p2a: Empoleon\n|\n|upkeep\n|\n|t:|1700233750\n|switch|p2a: Cinderace|Cinderace, F, shiny|91\/100\n|turn|29\n|\n|t:|1700233753\n|move|p2a: Cinderace|Sucker Punch|p1a: Dragonite\n|-start|p2a: Cinderace|typechange|Dark|[from] ability: Libero\n|-damage|p1a: Dragonite|40\/100\n|-damage|p2a: Cinderace|81\/100|[from] item: Life Orb\n|move|p1a: Dragonite|Earthquake|p2a: Cinderace\n|-damage|p2a: Cinderace|0 fnt\n|faint|p2a: Cinderace\n|\n|upkeep\n|\n|t:|1700233763\n|switch|p2a: Great Tusk|Great Tusk|37\/100 brn\n|turn|30\n|\n|t:|1700233771\n|move|p1a: Dragonite|Earthquake|p2a: Great Tusk\n|-damage|p2a: Great Tusk|0 fnt\n|faint|p2a: Great Tusk\n|-end|p2a: Great Tusk|Protosynthesis|[silent]\n|\n|win|LingLing007\n|raw|LingLing007's rating: 1306 &rarr; <strong>1327<\/strong><br \/>(+21 for winning)\n|raw|xvandalthighs's rating: 1315 &rarr; <strong>1294<\/strong><br \/>(-21 for losing)\n|c|\u2606LingLing007|gg\n|l|\u2606xvandalthighs\n","uploadtime":1700233777,"views":9,"p1id":"lingling007","p2id":"xvandalthighs","formatid":"gen9anythinggoes","rating":1294,"private":0,"password":""}