{"id":"gen9anythinggoes-1985951915","p1":"MrMimeIsMrKetchum","p2":"YoungEsq","format":"[Gen 9] Anything Goes","log":"|j|\u2606MrMimeIsMrKetchum\n|j|\u2606YoungEsq\n|t:|1699428611\n|gametype|singles\n|player|p1|MrMimeIsMrKetchum|swimmerf-gen4|1263\n|player|p2|YoungEsq|1|1342\n|teamsize|p1|6\n|teamsize|p2|6\n|gen|9\n|tier|[Gen 9] Anything Goes\n|rated|\n|rule|HP Percentage Mod: HP is shown in percentages\n|rule|Endless Battle Clause: Forcing endless battles is banned\n|clearpoke\n|poke|p1|Hatterene, F|\n|poke|p1|Glimmora, F|\n|poke|p1|Dugtrio, F|\n|poke|p1|Dugtrio, F|\n|poke|p1|Dugtrio, F|\n|poke|p1|Scovillain, F|\n|poke|p2|Ting-Lu|\n|poke|p2|Gholdengo|\n|poke|p2|Roaring Moon|\n|poke|p2|Chi-Yu|\n|poke|p2|Samurott-Hisui, F|\n|poke|p2|Mandibuzz, F|\n|teampreview\n|inactive|Battle timer is ON: inactive players will automatically lose when time's up. (requested by YoungEsq)\n|\n|t:|1699428627\n|start\n|switch|p1a: Glimmora|Glimmora, F, shiny|100\/100\n|switch|p2a: Ting-Lu|Ting-Lu|100\/100\n|-ability|p2a: Ting-Lu|Vessel of Ruin\n|turn|1\n|\n|t:|1699428636\n|move|p1a: Glimmora|Toxic Spikes|p2a: Ting-Lu\n|-sidestart|p2: YoungEsq|move: Toxic Spikes\n|move|p2a: Ting-Lu|Earthquake|p1a: Glimmora\n|-supereffective|p1a: Glimmora\n|-enditem|p1a: Glimmora|Focus Sash\n|-damage|p1a: Glimmora|1\/100\n|-activate|p1a: Glimmora|ability: Toxic Debris\n|-sidestart|p2: YoungEsq|move: Toxic Spikes\n|\n|upkeep\n|turn|2\n|\n|t:|1699428643\n|move|p1a: Glimmora|Stealth Rock|p2a: Ting-Lu\n|-sidestart|p2: YoungEsq|move: Stealth Rock\n|move|p2a: Ting-Lu|Earthquake|p1a: Glimmora\n|-supereffective|p1a: Glimmora\n|-damage|p1a: Glimmora|0 fnt\n|faint|p1a: Glimmora\n|\n|upkeep\n|\n|t:|1699428651\n|switch|p1a: Hatterene|Hatterene, F, shiny|100\/100\n|turn|3\n|\n|t:|1699428658\n|move|p2a: Ting-Lu|Ruination|p1a: Hatterene\n|-damage|p1a: Hatterene|50\/100\n|move|p1a: Hatterene|Reflect|p1a: Hatterene\n|-sidestart|p1: MrMimeIsMrKetchum|Reflect\n|\n|upkeep\n|turn|4\n|\n|t:|1699428664\n|move|p2a: Ting-Lu|Ruination|p1a: Hatterene\n|-damage|p1a: Hatterene|26\/100\n|move|p1a: Hatterene|Magic Powder|p2a: Ting-Lu\n|-start|p2a: Ting-Lu|typechange|Psychic\n|\n|upkeep\n|turn|5\n|\n|t:|1699428671\n|switch|p1a: Dugtrio|Dugtrio, F, shiny|100\/100\n|move|p2a: Ting-Lu|Ruination|p1a: Dugtrio\n|-damage|p1a: Dugtrio|50\/100\n|\n|-heal|p1a: Dugtrio|57\/100|[from] item: Leftovers\n|upkeep\n|turn|6\n|\n|t:|1699428680\n|move|p1a: Dugtrio|Protect|p1a: Dugtrio\n|-singleturn|p1a: Dugtrio|Protect\n|move|p2a: Ting-Lu|Earthquake|p1a: Dugtrio\n|-activate|p1a: Dugtrio|move: Protect\n|\n|-heal|p1a: Dugtrio|63\/100|[from] item: Leftovers\n|upkeep\n|turn|7\n|\n|t:|1699428687\n|move|p1a: Dugtrio|Substitute|p1a: Dugtrio\n|-start|p1a: Dugtrio|Substitute\n|-damage|p1a: Dugtrio|38\/100\n|move|p2a: Ting-Lu|Earthquake|p1a: Dugtrio\n|-activate|p1a: Dugtrio|move: Substitute|[damage]\n|\n|-heal|p1a: Dugtrio|44\/100|[from] item: Leftovers\n|upkeep\n|turn|8\n|\n|t:|1699428697\n|move|p1a: Dugtrio|Protect|p1a: Dugtrio\n|-singleturn|p1a: Dugtrio|Protect\n|move|p2a: Ting-Lu|Whirlwind|p1a: Dugtrio\n|drag|p1a: Scovillain|Scovillain, F, shiny|100\/100\n|\n|-ability|p1a: Scovillain|Moody|boost\n|-boost|p1a: Scovillain|spa|2\n|-unboost|p1a: Scovillain|spd|1\n|upkeep\n|turn|9\n|\n|t:|1699428712\n|switch|p2a: Mandibuzz|Mandibuzz, F|100\/100\n|move|p1a: Scovillain|Leech Seed|p2a: Mandibuzz\n|-start|p2a: Mandibuzz|move: Leech Seed\n|\n|-damage|p2a: Mandibuzz|88\/100|[from] Leech Seed|[of] p1a: Scovillain\n|-ability|p1a: Scovillain|Moody|boost\n|-boost|p1a: Scovillain|atk|2\n|-unboost|p1a: Scovillain|def|1\n|upkeep\n|turn|10\n|\n|t:|1699428721\n|move|p1a: Scovillain|Substitute|p1a: Scovillain\n|-start|p1a: Scovillain|Substitute\n|-damage|p1a: Scovillain|76\/100\n|move|p2a: Mandibuzz|Defog|p1a: Scovillain\n|-sideend|p1: MrMimeIsMrKetchum|Reflect\n|-sideend|p2: YoungEsq|Toxic Spikes|[from] move: Defog|[of] p2a: Mandibuzz\n|-sideend|p2: YoungEsq|Stealth Rock|[from] move: Defog|[of] p2a: Mandibuzz\n|\n|-heal|p1a: Scovillain|82\/100|[from] item: Leftovers\n|-damage|p2a: Mandibuzz|75\/100|[from] Leech Seed|[of] p1a: Scovillain\n|-heal|p1a: Scovillain|98\/100|[silent]\n|-ability|p1a: Scovillain|Moody|boost\n|-boost|p1a: Scovillain|spa|2\n|-unboost|p1a: Scovillain|def|1\n|upkeep\n|turn|11\n|\n|t:|1699428739\n|switch|p2a: Ting-Lu|Ting-Lu|100\/100\n|-ability|p2a: Ting-Lu|Vessel of Ruin\n|move|p1a: Scovillain|Flamethrower|p2a: Ting-Lu\n|-damage|p2a: Ting-Lu|62\/100\n|\n|-heal|p1a: Scovillain|100\/100|[from] item: Leftovers\n|-heal|p2a: Ting-Lu|68\/100|[from] item: Leftovers\n|-ability|p1a: Scovillain|Moody|boost\n|-boost|p1a: Scovillain|spa|2\n|-unboost|p1a: Scovillain|def|1\n|upkeep\n|turn|12\n|\n|t:|1699428747\n|-terastallize|p1a: Scovillain|Fire\n|move|p1a: Scovillain|Flamethrower|p2a: Ting-Lu\n|-damage|p2a: Ting-Lu|0 fnt\n|faint|p2a: Ting-Lu\n|\n|-ability|p1a: Scovillain|Moody|boost\n|-boost|p1a: Scovillain|atk|2\n|-unboost|p1a: Scovillain|spd|1\n|upkeep\n|\n|t:|1699428765\n|switch|p2a: Samurott|Samurott-Hisui, F|100\/100\n|turn|13\n|\n|t:|1699428770\n|move|p2a: Samurott|Aqua Jet|p1a: Scovillain\n|-supereffective|p1a: Scovillain\n|-end|p1a: Scovillain|Substitute\n|move|p1a: Scovillain|Flamethrower|p2a: Samurott\n|-resisted|p2a: Samurott\n|-damage|p2a: Samurott|12\/100\n|\n|-ability|p1a: Scovillain|Moody|boost\n|-boost|p1a: Scovillain|spd|2\n|-unboost|p1a: Scovillain|spe|1\n|upkeep\n|turn|14\n|\n|t:|1699428783\n|move|p1a: Scovillain|Protect|p1a: Scovillain\n|-singleturn|p1a: Scovillain|Protect\n|move|p2a: Samurott|Aqua Jet|p1a: Scovillain\n|-activate|p1a: Scovillain|move: Protect\n|\n|-ability|p1a: Scovillain|Moody|boost\n|-boost|p1a: Scovillain|spd|2\n|-unboost|p1a: Scovillain|def|1\n|upkeep\n|turn|15\n|\n|t:|1699428800\n|switch|p1a: Dugtrio|Dugtrio, F, shiny|44\/100\n|move|p2a: Samurott|Aqua Jet|p1a: Dugtrio\n|-supereffective|p1a: Dugtrio\n|-damage|p1a: Dugtrio|0 fnt\n|faint|p1a: Dugtrio\n|\n|upkeep\n|\n|t:|1699428805\n|switch|p1a: Hatterene|Hatterene, F, shiny|26\/100\n|turn|16\n|\n|t:|1699428810\n|move|p2a: Samurott|Aqua Jet|p1a: Hatterene\n|-damage|p1a: Hatterene|10\/100\n|move|p1a: Hatterene|Nuzzle|p2a: Samurott\n|-supereffective|p2a: Samurott\n|-damage|p2a: Samurott|2\/100\n|-status|p2a: Samurott|par\n|\n|upkeep\n|turn|17\n|\n|t:|1699428827\n|move|p2a: Samurott|Aqua Jet|p1a: Hatterene\n|-damage|p1a: Hatterene|0 fnt\n|faint|p1a: Hatterene\n|\n|upkeep\n|\n|t:|1699428831\n|switch|p1a: Dugtrio|Dugtrio, F, shiny|100\/100\n|turn|18\n|\n|t:|1699428839\n|move|p2a: Samurott|Aqua Jet|p1a: Dugtrio\n|-supereffective|p1a: Dugtrio\n|-damage|p1a: Dugtrio|36\/100\n|move|p1a: Dugtrio|Substitute|p1a: Dugtrio\n|-start|p1a: Dugtrio|Substitute\n|-damage|p1a: Dugtrio|11\/100\n|\n|-heal|p1a: Dugtrio|18\/100|[from] item: Leftovers\n|upkeep\n|turn|19\n|\n|t:|1699428858\n|move|p1a: Dugtrio|Protect|p1a: Dugtrio\n|-singleturn|p1a: Dugtrio|Protect\n|cant|p2a: Samurott|par\n|\n|-heal|p1a: Dugtrio|24\/100|[from] item: Leftovers\n|upkeep\n|turn|20\n|\n|t:|1699428861\n|move|p2a: Samurott|Aqua Jet|p1a: Dugtrio\n|-supereffective|p1a: Dugtrio\n|-end|p1a: Dugtrio|Substitute\n|move|p1a: Dugtrio|Sand Attack|p2a: Samurott\n|-unboost|p2a: Samurott|accuracy|1\n|\n|-heal|p1a: Dugtrio|30\/100|[from] item: Leftovers\n|upkeep\n|turn|21\n|\n|t:|1699428868\n|move|p1a: Dugtrio|Protect|p1a: Dugtrio\n|-singleturn|p1a: Dugtrio|Protect\n|move|p2a: Samurott|Aqua Jet|p1a: Dugtrio\n|-activate|p1a: Dugtrio|move: Protect\n|\n|-heal|p1a: Dugtrio|36\/100|[from] item: Leftovers\n|upkeep\n|turn|22\n|\n|t:|1699428874\n|cant|p2a: Samurott|par\n|move|p1a: Dugtrio|Substitute|p1a: Dugtrio\n|-start|p1a: Dugtrio|Substitute\n|-damage|p1a: Dugtrio|11\/100\n|\n|-heal|p1a: Dugtrio|18\/100|[from] item: Leftovers\n|upkeep\n|turn|23\n|\n|t:|1699428878\n|move|p1a: Dugtrio|Protect|p1a: Dugtrio\n|-singleturn|p1a: Dugtrio|Protect\n|cant|p2a: Samurott|par\n|\n|-heal|p1a: Dugtrio|24\/100|[from] item: Leftovers\n|upkeep\n|turn|24\n|\n|t:|1699428880\n|move|p2a: Samurott|Aqua Jet|p1a: Dugtrio|[miss]\n|-miss|p2a: Samurott|p1a: Dugtrio\n|move|p1a: Dugtrio|Sand Attack|p2a: Samurott\n|-unboost|p2a: Samurott|accuracy|1\n|\n|-heal|p1a: Dugtrio|30\/100|[from] item: Leftovers\n|upkeep\n|turn|25\n|\n|t:|1699428885\n|move|p1a: Dugtrio|Protect|p1a: Dugtrio\n|-singleturn|p1a: Dugtrio|Protect\n|move|p2a: Samurott|Aqua Jet|p1a: Dugtrio\n|-activate|p1a: Dugtrio|move: Protect\n|\n|-heal|p1a: Dugtrio|36\/100|[from] item: Leftovers\n|upkeep\n|turn|26\n|\n|t:|1699428888\n|move|p1a: Dugtrio|Sand Attack|p2a: Samurott\n|-unboost|p2a: Samurott|accuracy|1\n|move|p2a: Samurott|Razor Shell|p1a: Dugtrio|[miss]\n|-miss|p2a: Samurott|p1a: Dugtrio\n|\n|-heal|p1a: Dugtrio|42\/100|[from] item: Leftovers\n|upkeep\n|turn|27\n|\n|t:|1699428895\n|move|p1a: Dugtrio|Protect|p1a: Dugtrio\n|-singleturn|p1a: Dugtrio|Protect\n|cant|p2a: Samurott|par\n|\n|-heal|p1a: Dugtrio|49\/100|[from] item: Leftovers\n|upkeep\n|turn|28\n|\n|t:|1699428904\n|move|p1a: Dugtrio|Sand Attack|p2a: Samurott\n|-unboost|p2a: Samurott|accuracy|1\n|move|p2a: Samurott|Ceaseless Edge|p1a: Dugtrio|[miss]\n|-miss|p2a: Samurott|p1a: Dugtrio\n|\n|-heal|p1a: Dugtrio|55\/100|[from] item: Leftovers\n|upkeep\n|turn|29\n|\n|t:|1699428912\n|move|p1a: Dugtrio|Sand Attack|p2a: Samurott\n|-unboost|p2a: Samurott|accuracy|1\n|move|p2a: Samurott|Ceaseless Edge|p1a: Dugtrio|[miss]\n|-miss|p2a: Samurott|p1a: Dugtrio\n|\n|-heal|p1a: Dugtrio|61\/100|[from] item: Leftovers\n|upkeep\n|turn|30\n|\n|t:|1699428917\n|move|p1a: Dugtrio|Protect|p1a: Dugtrio\n|-singleturn|p1a: Dugtrio|Protect\n|move|p2a: Samurott|Aqua Jet|p1a: Dugtrio\n|-activate|p1a: Dugtrio|move: Protect\n|\n|-heal|p1a: Dugtrio|67\/100|[from] item: Leftovers\n|upkeep\n|turn|31\n|\n|t:|1699428921\n|move|p1a: Dugtrio|Sand Attack|p2a: Samurott\n|-unboost|p2a: Samurott|accuracy|1\n|move|p2a: Samurott|Razor Shell|p1a: Dugtrio\n|-supereffective|p1a: Dugtrio\n|-end|p1a: Dugtrio|Substitute\n|\n|-heal|p1a: Dugtrio|73\/100|[from] item: Leftovers\n|upkeep\n|turn|32\n|\n|t:|1699428929\n|move|p1a: Dugtrio|Protect|p1a: Dugtrio\n|-singleturn|p1a: Dugtrio|Protect\n|move|p2a: Samurott|Ceaseless Edge|p1a: Dugtrio\n|-activate|p1a: Dugtrio|move: Protect\n|\n|-heal|p1a: Dugtrio|80\/100|[from] item: Leftovers\n|upkeep\n|turn|33\n|\n|t:|1699428943\n|move|p2a: Samurott|Aqua Jet|p1a: Dugtrio|[miss]\n|-miss|p2a: Samurott|p1a: Dugtrio\n|move|p1a: Dugtrio|Substitute|p1a: Dugtrio\n|-start|p1a: Dugtrio|Substitute\n|-damage|p1a: Dugtrio|55\/100\n|\n|-heal|p1a: Dugtrio|61\/100|[from] item: Leftovers\n|upkeep\n|turn|34\n|\n|t:|1699428947\n|move|p1a: Dugtrio|Protect|p1a: Dugtrio\n|-singleturn|p1a: Dugtrio|Protect\n|move|p2a: Samurott|Aqua Jet|p1a: Dugtrio\n|-activate|p1a: Dugtrio|move: Protect\n|\n|-heal|p1a: Dugtrio|67\/100|[from] item: Leftovers\n|upkeep\n|turn|35\n|\n|t:|1699428955\n|cant|p2a: Samurott|par\n|move|p1a: Dugtrio|Memento|p2a: Samurott\n|-unboost|p2a: Samurott|atk|2\n|-unboost|p2a: Samurott|spa|2\n|faint|p1a: Dugtrio\n|\n|upkeep\n|\n|t:|1699428958\n|switch|p1a: Scovillain|Scovillain, F, shiny, tera:Fire|100\/100\n|turn|36\n|\n|t:|1699428964\n|switch|p2a: Mandibuzz|Mandibuzz, F|75\/100\n|move|p1a: Scovillain|Substitute|p1a: Scovillain\n|-start|p1a: Scovillain|Substitute\n|-damage|p1a: Scovillain|76\/100\n|\n|-heal|p1a: Scovillain|82\/100|[from] item: Leftovers\n|-ability|p1a: Scovillain|Moody|boost\n|-boost|p1a: Scovillain|spd|2\n|-unboost|p1a: Scovillain|atk|1\n|upkeep\n|turn|37\n|\n|t:|1699428972\n|move|p1a: Scovillain|Leech Seed|p2a: Mandibuzz\n|-start|p2a: Mandibuzz|move: Leech Seed\n|move|p2a: Mandibuzz|Foul Play|p1a: Scovillain\n|-activate|p1a: Scovillain|move: Substitute|[damage]\n|\n|-heal|p1a: Scovillain|88\/100|[from] item: Leftovers\n|-damage|p2a: Mandibuzz|63\/100|[from] Leech Seed|[of] p1a: Scovillain\n|-heal|p1a: Scovillain|100\/100|[silent]\n|-ability|p1a: Scovillain|Moody|boost\n|-boost|p1a: Scovillain|atk|2\n|-unboost|p1a: Scovillain|def|1\n|upkeep\n|turn|38\n|\n|t:|1699428979\n|switch|p2a: Samurott|Samurott-Hisui, F|2\/100 par\n|move|p1a: Scovillain|Protect||[still]\n|-fail|p1a: Scovillain\n|\n|-ability|p1a: Scovillain|Moody|boost\n|-boost|p1a: Scovillain|atk|2\n|-unboost|p1a: Scovillain|spd|1\n|upkeep\n|turn|39\n|\n|t:|1699428987\n|move|p2a: Samurott|Aqua Jet|p1a: Scovillain\n|-supereffective|p1a: Scovillain\n|-end|p1a: Scovillain|Substitute\n|move|p1a: Scovillain|Flamethrower|p2a: Samurott\n|-resisted|p2a: Samurott\n|-damage|p2a: Samurott|0 fnt\n|faint|p2a: Samurott\n|\n|-ability|p1a: Scovillain|Moody|boost\n|-boost|p1a: Scovillain|spa|2\n|-unboost|p1a: Scovillain|spd|1\n|upkeep\n|\n|t:|1699429009\n|switch|p2a: Chi-Yu|Chi-Yu|100\/100\n|-ability|p2a: Chi-Yu|Beads of Ruin\n|turn|40\n|\n|t:|1699429018\n|move|p1a: Scovillain|Protect|p1a: Scovillain\n|-singleturn|p1a: Scovillain|Protect\n|move|p2a: Chi-Yu|Dark Pulse|p1a: Scovillain\n|-activate|p1a: Scovillain|move: Protect\n|\n|-ability|p1a: Scovillain|Moody|boost\n|-boost|p1a: Scovillain|spd|2\n|-unboost|p1a: Scovillain|spe|1\n|upkeep\n|turn|41\n|\n|t:|1699429021\n|move|p2a: Chi-Yu|Dark Pulse|p1a: Scovillain\n|-damage|p1a: Scovillain|56\/100\n|cant|p1a: Scovillain|flinch\n|\n|-heal|p1a: Scovillain|62\/100|[from] item: Leftovers\n|-ability|p1a: Scovillain|Moody|boost\n|-boost|p1a: Scovillain|spa|2\n|-unboost|p1a: Scovillain|spd|1\n|upkeep\n|turn|42\n|\n|t:|1699429027\n|move|p1a: Scovillain|Protect|p1a: Scovillain\n|-singleturn|p1a: Scovillain|Protect\n|move|p2a: Chi-Yu|Dark Pulse|p1a: Scovillain\n|-activate|p1a: Scovillain|move: Protect\n|\n|-heal|p1a: Scovillain|68\/100|[from] item: Leftovers\n|-ability|p1a: Scovillain|Moody|boost\n|-boost|p1a: Scovillain|atk|2\n|-unboost|p1a: Scovillain|spd|1\n|upkeep\n|turn|43\n|\n|t:|1699429031\n|move|p2a: Chi-Yu|Dark Pulse|p1a: Scovillain\n|-damage|p1a: Scovillain|0 fnt\n|faint|p1a: Scovillain\n|\n|upkeep\n|-message|MrMimeIsMrKetchum forfeited.\n|\n|win|YoungEsq\n|raw|MrMimeIsMrKetchum's rating: 1263 &rarr; <strong>1244<\/strong><br \/>(-19 for losing)\n|raw|YoungEsq's rating: 1342 &rarr; <strong>1358<\/strong><br \/>(+16 for winning)\n|l|\u2606MrMimeIsMrKetchum\n","uploadtime":1699429039,"views":6,"p1id":"mrmimeismrketchum","p2id":"youngesq","formatid":"gen9anythinggoes","rating":1244,"private":0,"password":""}