{"id":"gen9anythinggoes-1978730210","p1":"Terra_Spectrum8293","p2":"korin lul","format":"[Gen 9] Anything Goes","log":"|j|\u2606Terra_Spectrum8293\n|j|\u2606korin lul\n|t:|1698588080\n|gametype|singles\n|player|p1|Terra_Spectrum8293|nessa|1083\n|player|p2|korin lul|waiter|1099\n|teamsize|p1|6\n|teamsize|p2|6\n|gen|9\n|tier|[Gen 9] Anything Goes\n|rated|\n|rule|HP Percentage Mod: HP is shown in percentages\n|rule|Endless Battle Clause: Forcing endless battles is banned\n|clearpoke\n|poke|p1|Dondozo, M|\n|poke|p1|Zacian-*|\n|poke|p1|Polteageist|\n|poke|p1|Salamence, F|\n|poke|p1|Scizor, M|\n|poke|p1|Maushold-Four|\n|poke|p2|Azumarill, F|\n|poke|p2|Quagsire, M|\n|poke|p2|Toxapex, M|\n|poke|p2|Gyarados, F|\n|poke|p2|Palafin, F|\n|poke|p2|Greninja-*, M|\n|teampreview\n|inactive|Battle timer is ON: inactive players will automatically lose when time's up. (requested by Terra_Spectrum8293)\n|\n|t:|1698588091\n|start\n|switch|p1a: Whale|Dondozo, M|100\/100\n|switch|p2a: Palafin|Palafin, F, shiny|100\/100\n|turn|1\n|c|\u2606korin lul|well\n|c|\u2606korin lul|this might be an issue\n|inactive|korin lul has 120 seconds left.\n|\n|t:|1698588124\n|detailschange|p2a: Palafin|Palafin-Hero, F, shiny\n|switch|p2a: Toxapex|Toxapex, M|100\/100\n|move|p1a: Whale|Curse|p1a: Whale\n|-unboost|p1a: Whale|spe|1\n|-boost|p1a: Whale|atk|1\n|-boost|p1a: Whale|def|1\n|\n|upkeep\n|turn|2\n|c|\u2606Terra_Spectrum8293|You scared?\n|inactive|korin lul has 120 seconds left.\n|c|\u2606korin lul|I dont really have anything on water types\n|\n|t:|1698588149\n|move|p2a: Toxapex|Baneful Bunker|p2a: Toxapex\n|-singleturn|p2a: Toxapex|move: Protect\n|move|p1a: Whale|Curse|p1a: Whale\n|-unboost|p1a: Whale|spe|1\n|-boost|p1a: Whale|atk|1\n|-boost|p1a: Whale|def|1\n|\n|upkeep\n|turn|3\n|\n|t:|1698588159\n|move|p2a: Toxapex|Poison Jab|p1a: Whale\n|-damage|p1a: Whale|95\/100\n|move|p1a: Whale|Earthquake|p2a: Toxapex\n|-supereffective|p2a: Toxapex\n|-damage|p2a: Toxapex|2\/100\n|\n|-heal|p1a: Whale|100\/100|[from] item: Leftovers\n|upkeep\n|turn|4\n|inactive|korin lul has 120 seconds left.\n|\n|t:|1698588170\n|move|p2a: Toxapex|Baneful Bunker|p2a: Toxapex\n|-singleturn|p2a: Toxapex|move: Protect\n|move|p1a: Whale|Curse|p1a: Whale\n|-unboost|p1a: Whale|spe|1\n|-boost|p1a: Whale|atk|1\n|-boost|p1a: Whale|def|1\n|\n|upkeep\n|turn|5\n|inactive|korin lul has 120 seconds left.\n|\n|t:|1698588183\n|move|p2a: Toxapex|Poison Jab|p1a: Whale\n|-damage|p1a: Whale|96\/100\n|move|p1a: Whale|Avalanche|p2a: Toxapex\n|-resisted|p2a: Toxapex\n|-damage|p2a: Toxapex|0 fnt\n|faint|p2a: Toxapex\n|\n|-heal|p1a: Whale|100\/100|[from] item: Leftovers\n|upkeep\n|\n|t:|1698588209\n|switch|p2a: Palafin|Palafin-Hero, F, shiny|100\/100\n|-activate|p2a: Palafin|ability: Zero to Hero\n|turn|6\n|\n|t:|1698588215\n|move|p2a: Palafin|Close Combat|p1a: Whale\n|-damage|p1a: Whale|89\/100\n|-unboost|p2a: Palafin|def|1\n|-unboost|p2a: Palafin|spd|1\n|move|p1a: Whale|Curse|p1a: Whale\n|-unboost|p1a: Whale|spe|1\n|-boost|p1a: Whale|atk|1\n|-boost|p1a: Whale|def|1\n|\n|-heal|p1a: Whale|95\/100|[from] item: Leftovers\n|upkeep\n|turn|7\n|inactive|korin lul has 90 seconds left.\n|\n|t:|1698588242\n|switch|p2a: Azumarill|Azumarill, F|100\/100\n|move|p1a: Whale|Curse|p1a: Whale\n|-unboost|p1a: Whale|spe|1\n|-boost|p1a: Whale|atk|1\n|-boost|p1a: Whale|def|1\n|\n|-heal|p1a: Whale|100\/100|[from] item: Leftovers\n|upkeep\n|turn|8\n|inactive|korin lul has 90 seconds left.\n|c|\u2606korin lul|prepare for the wall'\n|\n|t:|1698588257\n|move|p2a: Azumarill|Aqua Ring|p2a: Azumarill\n|-start|p2a: Azumarill|Aqua Ring\n|move|p1a: Whale|Curse|p1a: Whale\n|-unboost|p1a: Whale|spe|1\n|-boost|p1a: Whale|atk|1\n|-boost|p1a: Whale|def|1\n|\n|upkeep\n|turn|9\n|inactive|korin lul has 90 seconds left.\n|\n|t:|1698588265\n|move|p2a: Azumarill|Play Rough|p1a: Whale\n|-damage|p1a: Whale|98\/100\n|-unboost|p1a: Whale|atk|1\n|move|p1a: Whale|Earthquake|p2a: Azumarill\n|-damage|p2a: Azumarill|9\/100\n|\n|-heal|p2a: Azumarill|15\/100|[from] item: Leftovers\n|-heal|p1a: Whale|100\/100|[from] item: Leftovers\n|-heal|p2a: Azumarill|21\/100|[from] Aqua Ring\n|upkeep\n|turn|10\n|inactive|korin lul has 90 seconds left.\n|\n|t:|1698588292\n|move|p2a: Azumarill|Hydro Pump|p1a: Whale\n|-resisted|p1a: Whale\n|-damage|p1a: Whale|88\/100\n|move|p1a: Whale|Avalanche|p2a: Azumarill\n|-resisted|p2a: Azumarill\n|-damage|p2a: Azumarill|0 fnt\n|faint|p2a: Azumarill\n|\n|-heal|p1a: Whale|94\/100|[from] item: Leftovers\n|upkeep\n|c|\u2606korin lul|there goes my wall\n|inactive|korin lul has 60 seconds left.\n|\n|t:|1698588319\n|switch|p2a: Gyarados|Gyarados, F, shiny|100\/100\n|-ability|p2a: Gyarados|Intimidate|boost\n|-unboost|p1a: Whale|atk|1\n|turn|11\n|inactive|korin lul has 60 seconds left.\n|c|\u2606Terra_Spectrum8293|The ancient spirits of light and dark has been relased.\n|\n|t:|1698588336\n|move|p2a: Gyarados|Hurricane|p1a: Whale|[miss]\n|-miss|p2a: Gyarados|p1a: Whale\n|move|p1a: Whale|Avalanche|p2a: Gyarados\n|-damage|p2a: Gyarados|42\/100\n|\n|-heal|p2a: Gyarados|49\/100|[from] item: Leftovers\n|-heal|p1a: Whale|100\/100|[from] item: Leftovers\n|upkeep\n|turn|12\n|inactive|korin lul has 60 seconds left.\n|c|\u2606korin lul|I beg your pardon\n|\n|t:|1698588363\n|move|p2a: Gyarados|Hurricane|p1a: Whale|[miss]\n|-miss|p2a: Gyarados|p1a: Whale\n|move|p1a: Whale|Avalanche|p2a: Gyarados\n|-damage|p2a: Gyarados|0 fnt\n|faint|p2a: Gyarados\n|\n|upkeep\n|\n|t:|1698588379\n|switch|p2a: Greninja|Greninja, M|100\/100\n|turn|13\n|\n|t:|1698588383\n|move|p2a: Greninja|Dark Pulse|p1a: Whale\n|-damage|p1a: Whale|67\/100\n|move|p1a: Whale|Curse|p1a: Whale\n|-boost|p1a: Whale|atk|1\n|\n|-heal|p1a: Whale|73\/100|[from] item: Leftovers\n|upkeep\n|turn|14\n|c|\u2606korin lul|I can't even beat this damn whale\n|inactive|korin lul has 30 seconds left.\n|\n|t:|1698588409\n|move|p2a: Greninja|Dark Pulse|p1a: Whale\n|-damage|p1a: Whale|43\/100\n|move|p1a: Whale|Earthquake|p2a: Greninja\n|-damage|p2a: Greninja|0 fnt\n|faint|p2a: Greninja\n|\n|-heal|p1a: Whale|50\/100|[from] item: Leftovers\n|upkeep\n|inactive|korin lul has 30 seconds left.\n|\n|t:|1698588418\n|switch|p2a: Quagsire|Quagsire, M|100\/100\n|turn|15\n|c|\u2606Terra_Spectrum8293|you nearly beat him\n|c|\u2606Terra_Spectrum8293|special attacks easily rid him\n|\n|t:|1698588438\n|move|p2a: Quagsire|Earthquake|p1a: Whale\n|-damage|p1a: Whale|31\/100\n|move|p1a: Whale|Avalanche|p2a: Quagsire\n|-damage|p2a: Quagsire|69\/100\n|\n|-heal|p2a: Quagsire|75\/100|[from] item: Leftovers\n|-heal|p1a: Whale|37\/100|[from] item: Leftovers\n|upkeep\n|turn|16\n|c|\u2606korin lul|yeah but my special attacks are mostly water type\n|inactive|korin lul has 30 seconds left.\n|\n|t:|1698588461\n|move|p2a: Quagsire|Earthquake|p1a: Whale\n|-damage|p1a: Whale|21\/100\n|move|p1a: Whale|Avalanche|p2a: Quagsire\n|-damage|p2a: Quagsire|47\/100\n|\n|-heal|p2a: Quagsire|53\/100|[from] item: Leftovers\n|-heal|p1a: Whale|27\/100|[from] item: Leftovers\n|upkeep\n|turn|17\n|\n|t:|1698588474\n|move|p2a: Quagsire|Earthquake|p1a: Whale\n|-damage|p1a: Whale|9\/100\n|move|p1a: Whale|Earthquake|p2a: Quagsire\n|-damage|p2a: Quagsire|28\/100\n|\n|-heal|p2a: Quagsire|34\/100|[from] item: Leftovers\n|-heal|p1a: Whale|15\/100|[from] item: Leftovers\n|upkeep\n|turn|18\n|\n|t:|1698588484\n|move|p2a: Quagsire|Earthquake|p1a: Whale\n|-damage|p1a: Whale|0 fnt\n|faint|p1a: Whale\n|\n|-heal|p2a: Quagsire|40\/100|[from] item: Leftovers\n|upkeep\n|\n|t:|1698588495\n|switch|p1a: Non-Grass|Scizor, M, shiny|100\/100\n|turn|19\n|c|\u2606korin lul|well I beat the whale not like that is gonna matter\n|\n|t:|1698588514\n|move|p1a: Non-Grass|Trailblaze|p2a: Quagsire\n|-supereffective|p2a: Quagsire\n|-damage|p2a: Quagsire|0 fnt\n|-boost|p1a: Non-Grass|spe|1\n|faint|p2a: Quagsire\n|-damage|p1a: Non-Grass|91\/100|[from] item: Life Orb\n|\n|upkeep\n|\n|t:|1698588521\n|switch|p2a: Palafin|Palafin-Hero, F, shiny|100\/100\n|turn|20\n|c|\u2606Terra_Spectrum8293|Oh, I have more...\n|\n|t:|1698588527\n|move|p2a: Palafin|Close Combat|p1a: Non-Grass\n|-damage|p1a: Non-Grass|41\/100\n|-unboost|p2a: Palafin|def|1\n|-unboost|p2a: Palafin|spd|1\n|move|p1a: Non-Grass|Swords Dance|p1a: Non-Grass\n|-boost|p1a: Non-Grass|atk|2\n|\n|upkeep\n|turn|21\n|\n|t:|1698588538\n|move|p1a: Non-Grass|Bullet Punch|p2a: Palafin\n|-resisted|p2a: Palafin\n|-damage|p2a: Palafin|30\/100\n|-damage|p1a: Non-Grass|31\/100|[from] item: Life Orb\n|move|p2a: Palafin|Close Combat|p1a: Non-Grass\n|-damage|p1a: Non-Grass|0 fnt\n|-unboost|p2a: Palafin|def|1\n|-unboost|p2a: Palafin|spd|1\n|faint|p1a: Non-Grass\n|\n|upkeep\n|\n|t:|1698588551\n|switch|p1a: Some mice|Maushold-Four|100\/100\n|turn|22\n|inactive|korin lul has 60 seconds left.\n|c|\u2606korin lul|it took me 5 damn pokemons JUST to beat one\n|\n|t:|1698588577\n|move|p1a: Some mice|Population Bomb|p2a: Palafin\n|-damage|p2a: Palafin|7\/100\n|-damage|p2a: Palafin|0 fnt\n|faint|p2a: Palafin\n|-hitcount|p2: Palafin|2\n|\n|win|Terra_Spectrum8293\n|raw|Terra_Spectrum8293's rating: 1083 &rarr; <strong>1112<\/strong><br \/>(+29 for winning)\n|raw|korin lul's rating: 1099 &rarr; <strong>1073<\/strong><br \/>(-26 for losing)\n|c|\u2606Terra_Spectrum8293|GG\n|c|\u2606korin lul|gg ):\n|c|\u2606Terra_Spectrum8293|I did not even have to use my stronger ones\n","uploadtime":1698588616,"views":6,"p1id":"terraspectrum8293","p2id":"korinlul","formatid":"gen9anythinggoes","rating":1073,"private":0,"password":""}