{"id":"gen9anythinggoes-1981113255","p1":"PhinTarr","p2":"diverse team","format":"[Gen 9] Anything Goes","log":"|j|\u2606PhinTarr\n|j|\u2606diverse team\n|t:|1698864574\n|gametype|singles\n|player|p1|PhinTarr|nate|1115\n|player|p2|diverse team|schoolkid-gen4|1151\n|teamsize|p1|6\n|teamsize|p2|6\n|gen|9\n|tier|[Gen 9] Anything Goes\n|rated|\n|rule|HP Percentage Mod: HP is shown in percentages\n|rule|Endless Battle Clause: Forcing endless battles is banned\n|clearpoke\n|poke|p1|Flapple, M|\n|poke|p1|Breloom, M|\n|poke|p1|Gholdengo|\n|poke|p1|Tinkaton, F|\n|poke|p1|Garganacl, M|\n|poke|p1|Scovillain, M|\n|poke|p2|Ting-Lu|\n|poke|p2|Ting-Lu|\n|poke|p2|Arceus-Dark|\n|poke|p2|Calyrex-Shadow|\n|poke|p2|Armarouge, M|\n|poke|p2|Garganacl, F|\n|teampreview\n|\n|t:|1698864589\n|start\n|switch|p1a: Mushroom|Breloom, M|100\/100\n|switch|p2a: Ming-Bu|Ting-Lu|100\/100\n|-ability|p2a: Ming-Bu|Vessel of Ruin\n|turn|1\n|\n|t:|1698864603\n|-terastallize|p2a: Ming-Bu|Poison\n|move|p1a: Mushroom|Swords Dance|p1a: Mushroom\n|-boost|p1a: Mushroom|atk|2\n|move|p2a: Ming-Bu|Fissure|p1a: Mushroom|[miss]\n|-miss|p2a: Ming-Bu|p1a: Mushroom\n|\n|-status|p1a: Mushroom|tox|[from] item: Toxic Orb\n|upkeep\n|turn|2\n|\n|t:|1698864613\n|move|p1a: Mushroom|Facade|p2a: Ming-Bu\n|-damage|p2a: Ming-Bu|39\/100\n|move|p2a: Ming-Bu|Fissure|p1a: Mushroom|[miss]\n|-miss|p2a: Ming-Bu|p1a: Mushroom\n|\n|upkeep\n|turn|3\n|\n|t:|1698864618\n|move|p1a: Mushroom|Swords Dance|p1a: Mushroom\n|-boost|p1a: Mushroom|atk|2\n|move|p2a: Ming-Bu|Fissure|p1a: Mushroom|[miss]\n|-miss|p2a: Ming-Bu|p1a: Mushroom\n|\n|upkeep\n|turn|4\n|\n|t:|1698864624\n|move|p1a: Mushroom|Facade|p2a: Ming-Bu\n|-damage|p2a: Ming-Bu|0 fnt\n|faint|p2a: Ming-Bu\n|\n|upkeep\n|\n|t:|1698864628\n|switch|p2a: Mega Man 2|Armarouge, M|100\/100\n|turn|5\n|\n|t:|1698864636\n|-terastallize|p1a: Mushroom|Normal\n|move|p2a: Mega Man 2|Armor Cannon|p1a: Mushroom\n|-damage|p1a: Mushroom|0 fnt\n|-unboost|p2a: Mega Man 2|def|1\n|-unboost|p2a: Mega Man 2|spd|1\n|faint|p1a: Mushroom\n|\n|upkeep\n|c|\u2606PhinTarr|aw\n|\n|t:|1698864644\n|switch|p1a: Peppers|Scovillain, M|100\/100\n|turn|6\n|\n|t:|1698864648\n|move|p2a: Mega Man 2|Armor Cannon|p1a: Peppers\n|-damage|p1a: Peppers|45\/100\n|-unboost|p2a: Mega Man 2|def|1\n|-unboost|p2a: Mega Man 2|spd|1\n|move|p1a: Peppers|Flamethrower|p2a: Mega Man 2\n|-start|p2a: Mega Man 2|ability: Flash Fire\n|\n|-ability|p1a: Peppers|Moody|boost\n|-boost|p1a: Peppers|def|2\n|-unboost|p1a: Peppers|spd|1\n|upkeep\n|turn|7\n|-message|PhinTarr forfeited.\n|\n|win|diverse team\n|raw|PhinTarr's rating: 1115 &rarr; <strong>1093<\/strong><br \/>(-22 for losing)\n|raw|diverse team's rating: 1151 &rarr; <strong>1173<\/strong><br \/>(+22 for winning)\n|l|\u2606PhinTarr\n|c|\u2606diverse team|yikes\n","uploadtime":1698865005,"views":7,"p1id":"phintarr","p2id":"diverseteam","formatid":"gen9anythinggoes","rating":1093,"private":0,"password":""}