{"id":"gen9anythinggoes-1999055935","p1":"Guest 4633522","p2":"Danny7hantom","format":"[Gen 9] Anything Goes","log":"|j|\u203dGuest 4633522\n|j|\u2606Danny7hantom\n|t:|1701028419\n|gametype|singles\n|player|p1|Guest 4633522|265|1209\n|player|p2|Danny7hantom|n|1092\n|teamsize|p1|6\n|teamsize|p2|6\n|gen|9\n|tier|[Gen 9] Anything Goes\n|rated|\n|rule|HP Percentage Mod: HP is shown in percentages\n|rule|Endless Battle Clause: Forcing endless battles is banned\n|clearpoke\n|poke|p1|Annihilape, M|\n|poke|p1|Annihilape, M|\n|poke|p1|Kingambit, M|\n|poke|p1|Annihilape, F|\n|poke|p1|Annihilape, F|\n|poke|p1|Calyrex-Shadow|\n|poke|p2|Mewtwo|\n|poke|p2|Corviknight, M|\n|poke|p2|Drifblim, F|\n|poke|p2|Manaphy|\n|poke|p2|Goodra-Hisui, F|\n|poke|p2|Cinderace, F|\n|teampreview\n|\n|t:|1701028436\n|start\n|switch|p1a: Annihilape|Annihilape, F|100\/100\n|switch|p2a: Corvis Corax|Corviknight, M, shiny|100\/100\n|turn|1\n|inactive|Battle timer is ON: inactive players will automatically lose when time's up. (requested by Danny7hantom)\n|\n|t:|1701028442\n|move|p1a: Annihilape|Stealth Rock|p2a: Corvis Corax\n|-sidestart|p2: Danny7hantom|move: Stealth Rock\n|move|p2a: Corvis Corax|Reflect|p2a: Corvis Corax\n|-sidestart|p2: Danny7hantom|Reflect\n|\n|upkeep\n|turn|2\n|\n|t:|1701028446\n|move|p1a: Annihilape|Final Gambit|p2a: Corvis Corax\n|-damage|p2a: Corvis Corax|0 fnt\n|faint|p1a: Annihilape\n|faint|p2a: Corvis Corax\n|\n|upkeep\n|\n|t:|1701028453\n|switch|p1a: Annihilape|Annihilape, M|100\/100\n|switch|p2a: Manaphy|Manaphy|100\/100\n|-damage|p2a: Manaphy|88\/100|[from] Stealth Rock\n|turn|3\n|\n|t:|1701028459\n|move|p1a: Annihilape|Final Gambit|p2a: Manaphy\n|-damage|p2a: Manaphy|0 fnt\n|faint|p1a: Annihilape\n|faint|p2a: Manaphy\n|\n|upkeep\n|\n|t:|1701028470\n|switch|p2a: Cinderace|Cinderace, F|100\/100\n|switch|p1a: Annihilape|Annihilape, F|100\/100\n|-damage|p2a: Cinderace|76\/100|[from] Stealth Rock\n|turn|4\n|\n|t:|1701028475\n|move|p1a: Annihilape|Final Gambit|p2a: Cinderace\n|-damage|p2a: Cinderace|0 fnt\n|faint|p1a: Annihilape\n|faint|p2a: Cinderace\n|\n|upkeep\n|\n|t:|1701028481\n|switch|p2a: Drifblim|Drifblim, F|100\/100\n|switch|p1a: Annihilape|Annihilape, M|100\/100\n|-damage|p2a: Drifblim|76\/100|[from] Stealth Rock\n|turn|5\n|\n|t:|1701028487\n|move|p1a: Annihilape|Rage Fist|p2a: Drifblim\n|-supereffective|p2a: Drifblim\n|-damage|p2a: Drifblim|52\/100\n|move|p2a: Drifblim|Minimize|p2a: Drifblim\n|-boost|p2a: Drifblim|evasion|2\n|\n|upkeep\n|turn|6\n|\n|t:|1701028492\n|switch|p1a: Kingambit|Kingambit, M|100\/100\n|-activate|p1a: Kingambit|ability: Supreme Overlord\n|-start|p1a: Kingambit|fallen3|[silent]\n|move|p2a: Drifblim|Minimize|p2a: Drifblim\n|-boost|p2a: Drifblim|evasion|2\n|\n|upkeep\n|turn|7\n|\n|t:|1701028506\n|move|p2a: Drifblim|Substitute|p2a: Drifblim\n|-start|p2a: Drifblim|Substitute\n|-damage|p2a: Drifblim|27\/100\n|move|p1a: Kingambit|Kowtow Cleave|p2a: Drifblim\n|-supereffective|p2a: Drifblim\n|-end|p2a: Drifblim|Substitute\n|\n|upkeep\n|turn|8\n|\n|t:|1701028512\n|move|p2a: Drifblim|Substitute|p2a: Drifblim\n|-start|p2a: Drifblim|Substitute\n|-damage|p2a: Drifblim|2\/100\n|move|p1a: Kingambit|Kowtow Cleave|p2a: Drifblim\n|-supereffective|p2a: Drifblim\n|-end|p2a: Drifblim|Substitute\n|\n|-sideend|p2: Danny7hantom|Reflect\n|upkeep\n|turn|9\n|\n|t:|1701028519\n|move|p2a: Drifblim|Baton Pass|p2a: Drifblim\n|\n|t:|1701028521\n|switch|p2a: Mewtwo|Mewtwo|100\/100|[from] Baton Pass\n|-damage|p2a: Mewtwo|88\/100|[from] Stealth Rock\n|-ability|p2a: Mewtwo|Pressure\n|move|p1a: Kingambit|Kowtow Cleave|p2a: Mewtwo\n|-supereffective|p2a: Mewtwo\n|-damage|p2a: Mewtwo|0 fnt\n|faint|p2a: Mewtwo\n|\n|upkeep\n|\n|t:|1701028530\n|switch|p2a: Goodra|Goodra-Hisui, F|100\/100\n|-damage|p2a: Goodra|94\/100|[from] Stealth Rock\n|turn|10\n|\n|t:|1701028537\n|-end|p1a: Kingambit|fallen3|[silent]\n|switch|p1a: Annihilape|Annihilape, M|100\/100\n|move|p2a: Goodra|Earthquake|p1a: Annihilape\n|-damage|p1a: Annihilape|77\/100\n|\n|upkeep\n|turn|11\n|\n|t:|1701028543\n|move|p1a: Annihilape|Final Gambit|p2a: Goodra\n|-damage|p2a: Goodra|5\/100\n|faint|p1a: Annihilape\n|move|p2a: Goodra|Flash Cannon|p1: Annihilape|[notarget]\n|-fail|p2a: Goodra\n|\n|upkeep\n|\n|t:|1701028547\n|switch|p1a: Kingambit|Kingambit, M|100\/100\n|-activate|p1a: Kingambit|ability: Supreme Overlord\n|-start|p1a: Kingambit|fallen4|[silent]\n|turn|12\n|\n|t:|1701028552\n|move|p2a: Goodra|Earthquake|p1a: Kingambit\n|-supereffective|p1a: Kingambit\n|-damage|p1a: Kingambit|69\/100\n|move|p1a: Kingambit|Kowtow Cleave|p2a: Goodra\n|-damage|p2a: Goodra|0 fnt\n|-ability|p2a: Goodra|Gooey\n|-unboost|p1a: Kingambit|spe|1\n|faint|p2a: Goodra\n|\n|upkeep\n|-message|Danny7hantom forfeited.\n|\n|win|Guest 4633522\n|raw|Guest 4633522's rating: 1209 &rarr; <strong>1226<\/strong><br \/>(+17 for winning)\n|raw|Danny7hantom's rating: 1092 &rarr; <strong>1076<\/strong><br \/>(-16 for losing)\n|l|\u2606Danny7hantom\n","uploadtime":1701028560,"views":0,"p1id":"guest4633522","p2id":"danny7hantom","formatid":"gen9anythinggoes","rating":1076,"private":0,"password":""}