{"id":"gen9anythinggoes-1985658508","p1":"Decer73","p2":"Gupteras","format":"[Gen 9] Anything Goes","log":"|j|\u2606Decer73\n|j|\u2606Gupteras\n|t:|1699393097\n|gametype|singles\n|player|p1|Decer73|1|1076\n|player|p2|Gupteras|170|1000\n|teamsize|p1|6\n|teamsize|p2|6\n|gen|9\n|tier|[Gen 9] Anything Goes\n|rated|\n|rule|HP Percentage Mod: HP is shown in percentages\n|rule|Endless Battle Clause: Forcing endless battles is banned\n|clearpoke\n|poke|p1|Maushold-Four|\n|poke|p1|Maushold-Four|\n|poke|p1|Toxapex, F|\n|poke|p1|Maushold-Four|\n|poke|p1|Maushold-Four|\n|poke|p1|Maushold-Four|\n|poke|p2|Garganacl, M|\n|poke|p2|Garganacl, M|\n|poke|p2|Garganacl, M|\n|poke|p2|Garganacl, M|\n|poke|p2|Garganacl, F|\n|poke|p2|Garganacl, F|\n|teampreview\n|inactive|Battle timer is ON: inactive players will automatically lose when time's up. (requested by Decer73)\n|\n|t:|1699393113\n|start\n|switch|p1a: Toxapex|Toxapex, F|100\/100\n|switch|p2a: Garganacl|Garganacl, M, shiny|100\/100\n|turn|1\n|\n|t:|1699393120\n|move|p1a: Toxapex|Toxic Spikes|p2a: Garganacl\n|-sidestart|p2: Gupteras|move: Toxic Spikes\n|move|p2a: Garganacl|Salt Cure|p1a: Toxapex\n|-damage|p1a: Toxapex|89\/100\n|-start|p1a: Toxapex|Salt Cure\n|\n|-heal|p1a: Toxapex|95\/100|[from] item: Leftovers\n|-damage|p1a: Toxapex|70\/100|[from] Salt Cure\n|upkeep\n|turn|2\n|\n|t:|1699393128\n|move|p2a: Garganacl|Iron Defense|p2a: Garganacl\n|-boost|p2a: Garganacl|def|2\n|move|p1a: Toxapex|Toxic Spikes|p2a: Garganacl\n|-sidestart|p2: Gupteras|move: Toxic Spikes\n|\n|-heal|p1a: Toxapex|76\/100|[from] item: Leftovers\n|-damage|p1a: Toxapex|51\/100|[from] Salt Cure\n|upkeep\n|turn|3\n|\n|t:|1699393136\n|move|p2a: Garganacl|Iron Defense|p2a: Garganacl\n|-boost|p2a: Garganacl|def|2\n|move|p1a: Toxapex|Liquidation|p2a: Garganacl\n|-supereffective|p2a: Garganacl\n|-damage|p2a: Garganacl|91\/100\n|\n|-heal|p2a: Garganacl|97\/100|[from] item: Leftovers\n|-heal|p1a: Toxapex|57\/100|[from] item: Leftovers\n|-damage|p1a: Toxapex|32\/100|[from] Salt Cure\n|upkeep\n|turn|4\n|c|\u2606Decer73|well dam\n|\n|t:|1699393145\n|move|p2a: Garganacl|Iron Defense|p2a: Garganacl\n|-boost|p2a: Garganacl|def|2\n|move|p1a: Toxapex|Body Slam|p2a: Garganacl\n|-resisted|p2a: Garganacl\n|-damage|p2a: Garganacl|96\/100\n|\n|-heal|p2a: Garganacl|100\/100|[from] item: Leftovers\n|-heal|p1a: Toxapex|38\/100|[from] item: Leftovers\n|-damage|p1a: Toxapex|13\/100|[from] Salt Cure\n|upkeep\n|turn|5\n|c|\u2606Decer73|gg I guess\n|\n|t:|1699393156\n|switch|p1a: Maushold|Maushold-Four|100\/100\n|move|p2a: Garganacl|Recover||[still]\n|-fail|p2a: Garganacl|heal\n|\n|upkeep\n|turn|6\n|\n|t:|1699393162\n|move|p1a: Maushold|Bullet Seed|p2a: Garganacl\n|-supereffective|p2a: Garganacl\n|-damage|p2a: Garganacl|97\/100\n|-supereffective|p2a: Garganacl\n|-damage|p2a: Garganacl|94\/100\n|-hitcount|p2a: Garganacl|2\n|move|p2a: Garganacl|Body Press|p1a: Maushold\n|-supereffective|p1a: Maushold\n|-damage|p1a: Maushold|0 fnt\n|faint|p1a: Maushold\n|\n|-heal|p2a: Garganacl|99\/100|[from] item: Leftovers\n|upkeep\n|\n|t:|1699393170\n|switch|p1a: Maushold|Maushold-Four|100\/100\n|turn|7\n|\n|t:|1699393174\n|move|p1a: Maushold|Population Bomb|p2a: Garganacl\n|-resisted|p2a: Garganacl\n|-damage|p2a: Garganacl|99\/100\n|-hitcount|p2a: Garganacl|1\n|move|p2a: Garganacl|Iron Defense|p2a: Garganacl\n|-boost|p2a: Garganacl|def|0\n|\n|-heal|p2a: Garganacl|100\/100|[from] item: Leftovers\n|upkeep\n|turn|8\n|c|\u2606Decer73|hahahah this is hilarious\n|\n|t:|1699393187\n|move|p1a: Maushold|Bullet Seed|p2a: Garganacl\n|-supereffective|p2a: Garganacl\n|-crit|p2a: Garganacl\n|-damage|p2a: Garganacl|83\/100\n|-supereffective|p2a: Garganacl\n|-damage|p2a: Garganacl|79\/100\n|-supereffective|p2a: Garganacl\n|-damage|p2a: Garganacl|76\/100\n|-supereffective|p2a: Garganacl\n|-damage|p2a: Garganacl|72\/100\n|-hitcount|p2a: Garganacl|4\n|move|p2a: Garganacl|Body Press|p1a: Maushold\n|-supereffective|p1a: Maushold\n|-damage|p1a: Maushold|0 fnt\n|faint|p1a: Maushold\n|\n|-heal|p2a: Garganacl|78\/100|[from] item: Leftovers\n|upkeep\n|c|\u2606Gupteras|this is giving me a good chuckle\n|\n|t:|1699393191\n|switch|p1a: Maushold|Maushold-Four|100\/100\n|turn|9\n|\n|t:|1699393202\n|move|p1a: Maushold|Bullet Seed|p2a: Garganacl\n|-supereffective|p2a: Garganacl\n|-damage|p2a: Garganacl|75\/100\n|-supereffective|p2a: Garganacl\n|-damage|p2a: Garganacl|71\/100\n|-supereffective|p2a: Garganacl\n|-damage|p2a: Garganacl|68\/100\n|-supereffective|p2a: Garganacl\n|-damage|p2a: Garganacl|65\/100\n|-hitcount|p2a: Garganacl|4\n|cant|p2a: Garganacl|flinch\n|\n|-heal|p2a: Garganacl|71\/100|[from] item: Leftovers\n|upkeep\n|turn|10\n|c|\u2606Decer73|Im laughing so hard on the inside right now\n|\n|t:|1699393214\n|move|p1a: Maushold|Bullet Seed|p2a: Garganacl\n|-supereffective|p2a: Garganacl\n|-damage|p2a: Garganacl|67\/100\n|-supereffective|p2a: Garganacl\n|-damage|p2a: Garganacl|64\/100\n|-supereffective|p2a: Garganacl\n|-damage|p2a: Garganacl|61\/100\n|-supereffective|p2a: Garganacl\n|-damage|p2a: Garganacl|57\/100\n|-supereffective|p2a: Garganacl\n|-crit|p2a: Garganacl\n|-damage|p2a: Garganacl|37\/100\n|-hitcount|p2a: Garganacl|5\n|cant|p2a: Garganacl|flinch\n|\n|-heal|p2a: Garganacl|43\/100|[from] item: Leftovers\n|upkeep\n|turn|11\n|c|\u2606Decer73|I am not killing this rock\n|c|\u2606Decer73|or am I!\n|\n|t:|1699393229\n|move|p1a: Maushold|Bullet Seed|p2a: Garganacl\n|-supereffective|p2a: Garganacl\n|-damage|p2a: Garganacl|40\/100\n|-supereffective|p2a: Garganacl\n|-damage|p2a: Garganacl|36\/100\n|-supereffective|p2a: Garganacl\n|-damage|p2a: Garganacl|33\/100\n|-supereffective|p2a: Garganacl\n|-damage|p2a: Garganacl|30\/100\n|-hitcount|p2a: Garganacl|4\n|cant|p2a: Garganacl|flinch\n|\n|-heal|p2a: Garganacl|36\/100|[from] item: Leftovers\n|upkeep\n|turn|12\n|c|\u2606Gupteras|you actually might lmao\n|c|\u2606Decer73|KINGS ROCK FOR THE WIN!\n|\n|t:|1699393244\n|move|p1a: Maushold|Bullet Seed|p2a: Garganacl\n|-supereffective|p2a: Garganacl\n|-damage|p2a: Garganacl|33\/100\n|-supereffective|p2a: Garganacl\n|-damage|p2a: Garganacl|29\/100\n|-supereffective|p2a: Garganacl\n|-damage|p2a: Garganacl|25\/100\n|-supereffective|p2a: Garganacl\n|-damage|p2a: Garganacl|22\/100\n|-hitcount|p2a: Garganacl|4\n|cant|p2a: Garganacl|flinch\n|\n|-heal|p2a: Garganacl|28\/100|[from] item: Leftovers\n|upkeep\n|turn|13\n|c|\u2606Decer73|all chance\n|c|\u2606Decer73|yo?\n|c|\u2606Gupteras|no way i flinch again\n|\n|t:|1699393264\n|move|p1a: Maushold|Bullet Seed|p2a: Garganacl\n|-supereffective|p2a: Garganacl\n|-crit|p2a: Garganacl\n|-damage|p2a: Garganacl|11\/100\n|-supereffective|p2a: Garganacl\n|-damage|p2a: Garganacl|8\/100\n|-hitcount|p2a: Garganacl|2\n|move|p2a: Garganacl|Recover|p2a: Garganacl\n|-heal|p2a: Garganacl|58\/100\n|\n|-heal|p2a: Garganacl|64\/100|[from] item: Leftovers\n|upkeep\n|turn|14\n|c|\u2606Decer73|No way you flinch again\n|c|\u2606Decer73|wow\n|\n|t:|1699393275\n|move|p1a: Maushold|Bullet Seed|p2a: Garganacl\n|-supereffective|p2a: Garganacl\n|-damage|p2a: Garganacl|60\/100\n|-supereffective|p2a: Garganacl\n|-crit|p2a: Garganacl\n|-damage|p2a: Garganacl|40\/100\n|-supereffective|p2a: Garganacl\n|-damage|p2a: Garganacl|37\/100\n|-hitcount|p2a: Garganacl|3\n|move|p2a: Garganacl|Recover|p2a: Garganacl\n|-heal|p2a: Garganacl|87\/100\n|\n|-heal|p2a: Garganacl|93\/100|[from] item: Leftovers\n|upkeep\n|turn|15\n|c|\u2606Decer73|fake as fuck lol\n|\n|t:|1699393286\n|move|p1a: Maushold|Bullet Seed|p2a: Garganacl\n|-supereffective|p2a: Garganacl\n|-damage|p2a: Garganacl|89\/100\n|-supereffective|p2a: Garganacl\n|-damage|p2a: Garganacl|86\/100\n|-supereffective|p2a: Garganacl\n|-damage|p2a: Garganacl|83\/100\n|-supereffective|p2a: Garganacl\n|-damage|p2a: Garganacl|79\/100\n|-supereffective|p2a: Garganacl\n|-damage|p2a: Garganacl|76\/100\n|-hitcount|p2a: Garganacl|5\n|cant|p2a: Garganacl|flinch\n|\n|-heal|p2a: Garganacl|82\/100|[from] item: Leftovers\n|upkeep\n|turn|16\n|c|\u2606Decer73|hahahaha\n|c|\u2606Gupteras|yeah no way thats real lmao\n|c|\u2606Decer73|lets try this again\n|\n|t:|1699393300\n|move|p1a: Maushold|Bullet Seed|p2a: Garganacl\n|-supereffective|p2a: Garganacl\n|-damage|p2a: Garganacl|78\/100\n|-supereffective|p2a: Garganacl\n|-crit|p2a: Garganacl\n|-damage|p2a: Garganacl|59\/100\n|-hitcount|p2a: Garganacl|2\n|move|p2a: Garganacl|Body Press|p1a: Maushold\n|-supereffective|p1a: Maushold\n|-damage|p1a: Maushold|0 fnt\n|faint|p1a: Maushold\n|\n|-heal|p2a: Garganacl|66\/100|[from] item: Leftovers\n|upkeep\n|c|\u2606Decer73|I got 40 more casts\n|c|\u2606Decer73|awe\n|c|\u2606Decer73|2 more tries lol\n|c|\u2606Gupteras|lmao\n|\n|t:|1699393313\n|switch|p1a: Maushold|Maushold-Four|100\/100\n|turn|17\n|\n|t:|1699393326\n|-terastallize|p1a: Maushold|Ground\n|move|p1a: Maushold|Trailblaze|p2a: Garganacl\n|-supereffective|p2a: Garganacl\n|-damage|p2a: Garganacl|57\/100\n|-boost|p1a: Maushold|spe|1\n|move|p2a: Garganacl|Body Press|p1a: Maushold\n|-damage|p1a: Maushold|0 fnt\n|faint|p1a: Maushold\n|\n|-heal|p2a: Garganacl|63\/100|[from] item: Leftovers\n|upkeep\n|\n|t:|1699393329\n|switch|p1a: Maushold|Maushold-Four|100\/100\n|turn|18\n|c|\u2606Decer73|opps\n|\n|t:|1699393339\n|move|p1a: Maushold|Bullet Seed|p2a: Garganacl\n|-supereffective|p2a: Garganacl\n|-damage|p2a: Garganacl|59\/100\n|-supereffective|p2a: Garganacl\n|-damage|p2a: Garganacl|56\/100\n|-supereffective|p2a: Garganacl\n|-damage|p2a: Garganacl|52\/100\n|-supereffective|p2a: Garganacl\n|-crit|p2a: Garganacl\n|-damage|p2a: Garganacl|34\/100\n|-supereffective|p2a: Garganacl\n|-damage|p2a: Garganacl|30\/100\n|-hitcount|p2a: Garganacl|5\n|move|p2a: Garganacl|Body Press|p1a: Maushold\n|-supereffective|p1a: Maushold\n|-damage|p1a: Maushold|0 fnt\n|faint|p1a: Maushold\n|\n|-heal|p2a: Garganacl|36\/100|[from] item: Leftovers\n|upkeep\n|c|\u2606Decer73|anyways... back to it\n|c|\u2606Decer73|gg lol\n|\n|t:|1699393353\n|switch|p1a: Toxapex|Toxapex, F|13\/100\n|turn|19\n|c|\u2606Gupteras|gg\n|\n|t:|1699393360\n|switch|p2a: Garganacl|Garganacl, F, shiny|100\/100\n|move|p1a: Toxapex|Recover|p1a: Toxapex\n|-heal|p1a: Toxapex|64\/100\n|\n|-heal|p1a: Toxapex|69\/100|[from] item: Leftovers\n|upkeep\n|turn|20\n|c|\u2606Gupteras|holup\n|\n|t:|1699393369\n|move|p1a: Toxapex|Recover|p1a: Toxapex\n|-heal|p1a: Toxapex|100\/100\n|move|p2a: Garganacl|Salt Cure|p1a: Toxapex\n|-damage|p1a: Toxapex|89\/100\n|-start|p1a: Toxapex|Salt Cure\n|\n|-heal|p1a: Toxapex|95\/100|[from] item: Leftovers\n|-damage|p1a: Toxapex|70\/100|[from] Salt Cure\n|upkeep\n|turn|21\n|c|\u2606Decer73|hold up, dont do it again hahaha\n|\n|t:|1699393380\n|move|p2a: Garganacl|Salt Cure|p1a: Toxapex\n|-damage|p1a: Toxapex|58\/100\n|move|p1a: Toxapex|Body Slam|p2a: Garganacl\n|-resisted|p2a: Garganacl\n|-crit|p2a: Garganacl\n|-damage|p2a: Garganacl|94\/100\n|\n|-heal|p1a: Toxapex|64\/100|[from] item: Leftovers\n|-heal|p2a: Garganacl|99\/100|[from] item: Leftovers\n|-damage|p1a: Toxapex|39\/100|[from] Salt Cure\n|upkeep\n|turn|22\n|c|\u2606Gupteras|oops\n|c|\u2606Decer73|hahahahaha\n|\n|t:|1699393391\n|move|p1a: Toxapex|Recover|p1a: Toxapex\n|-heal|p1a: Toxapex|89\/100\n|move|p2a: Garganacl|Explosion|p1a: Toxapex\n|-damage|p1a: Toxapex|45\/100\n|faint|p2a: Garganacl\n|\n|-heal|p1a: Toxapex|51\/100|[from] item: Leftovers\n|-damage|p1a: Toxapex|27\/100|[from] Salt Cure\n|upkeep\n|c|\u2606Gupteras|I wanted to bust that out LOL\n|\n|t:|1699393402\n|switch|p2a: Garganacl|Garganacl, M, shiny|100\/100\n|turn|23\n|c|\u2606Decer73|hahahaj\n|\n|t:|1699393410\n|move|p1a: Toxapex|Body Slam|p2a: Garganacl\n|-resisted|p2a: Garganacl\n|-damage|p2a: Garganacl|95\/100\n|move|p2a: Garganacl|Power Gem|p1a: Toxapex\n|-damage|p1a: Toxapex|12\/100\n|\n|-heal|p2a: Garganacl|100\/100|[from] item: Leftovers\n|-heal|p1a: Toxapex|18\/100|[from] item: Leftovers\n|-damage|p1a: Toxapex|0 fnt|[from] Salt Cure\n|faint|p1a: Toxapex\n|\n|win|Gupteras\n|upkeep\n|raw|Decer73's rating: 1076 &rarr; <strong>1050<\/strong><br \/>(-26 for losing)\n|raw|Gupteras's rating: 1000 &rarr; <strong>1049<\/strong><br \/>(+49 for winning)\n","uploadtime":1699393280,"views":5,"p1id":"decer73","p2id":"gupteras","formatid":"gen9anythinggoes","rating":1049,"private":0,"password":""}