{"id":"gen9anythinggoes-1977156228","p1":"TheJoker321","p2":"Wildfiree","format":"[Gen 9] Anything Goes","log":"|j|\u2606TheJoker321\n|j|\u2606Wildfiree\n|t:|1698378410\n|gametype|singles\n|player|p1|TheJoker321|harlequin|1555\n|player|p2|Wildfiree|carmine-festival|1503\n|teamsize|p1|6\n|teamsize|p2|6\n|gen|9\n|tier|[Gen 9] Anything Goes\n|rated|\n|rule|HP Percentage Mod: HP is shown in percentages\n|rule|Endless Battle Clause: Forcing endless battles is banned\n|clearpoke\n|poke|p1|Rayquaza|\n|poke|p1|Glimmora, M|\n|poke|p1|Koraidon|\n|poke|p1|Iron Treads|\n|poke|p1|Arceus|\n|poke|p1|Ting-Lu|\n|poke|p2|Giratina-Origin|\n|poke|p2|Ting-Lu|\n|poke|p2|Toxapex, M|\n|poke|p2|Miraidon|\n|poke|p2|Zacian-*|\n|poke|p2|Arceus|\n|teampreview\n|\n|t:|1698378438\n|start\n|switch|p1a: Zinc|Iron Treads|100\/100\n|switch|p2a: Miraidon|Miraidon|100\/100\n|-fieldstart|move: Electric Terrain|[from] ability: Hadron Engine|[of] p2a: Miraidon\n|-activate|p1a: Zinc|ability: Quark Drive\n|-start|p1a: Zinc|quarkdrivespe\n|turn|1\n|inactive|Battle timer is ON: inactive players will automatically lose when time's up. (requested by TheJoker321)\n|\n|t:|1698378446\n|switch|p2a: Giratina|Giratina-Origin|100\/100\n|move|p1a: Zinc|Earthquake|p2a: Giratina\n|-immune|p2a: Giratina|[from] ability: Levitate\n|\n|upkeep\n|turn|2\n|\n|t:|1698378458\n|move|p1a: Zinc|Volt Switch|p2a: Giratina\n|-resisted|p2a: Giratina\n|-damage|p2a: Giratina|96\/100\n|\n|t:|1698378460\n|-end|p1a: Zinc|Quark Drive|[silent]\n|switch|p1a: Ting-Lu|Ting-Lu|100\/100|[from] Volt Switch\n|-ability|p1a: Ting-Lu|Vessel of Ruin\n|move|p2a: Giratina|Will-O-Wisp|p1a: Ting-Lu\n|-status|p1a: Ting-Lu|brn\n|\n|-damage|p1a: Ting-Lu|94\/100 brn|[from] brn\n|upkeep\n|turn|3\n|\n|t:|1698378469\n|switch|p2a: Ting-Lu|Ting-Lu|100\/100\n|-ability|p2a: Ting-Lu|Vessel of Ruin\n|move|p1a: Ting-Lu|Whirlwind|p2a: Ting-Lu\n|drag|p2a: Miraidon|Miraidon|100\/100\n|-activate|p2a: Miraidon|ability: Hadron Engine\n|\n|-damage|p1a: Ting-Lu|88\/100 brn|[from] brn\n|upkeep\n|turn|4\n|\n|t:|1698378475\n|switch|p2a: Ting-Lu|Ting-Lu|100\/100\n|-ability|p2a: Ting-Lu|Vessel of Ruin\n|move|p1a: Ting-Lu|Stealth Rock|p2a: Ting-Lu\n|-sidestart|p2: Wildfiree|move: Stealth Rock\n|\n|-damage|p1a: Ting-Lu|82\/100 brn|[from] brn\n|upkeep\n|turn|5\n|\n|t:|1698378478\n|move|p2a: Ting-Lu|Spikes|p1a: Ting-Lu\n|-sidestart|p1: TheJoker321|Spikes\n|move|p1a: Ting-Lu|Fissure|p2a: Ting-Lu\n|-damage|p2a: Ting-Lu|0 fnt\n|faint|p2a: Ting-Lu\n|-ohko\n|\n|-damage|p1a: Ting-Lu|76\/100 brn|[from] brn\n|-fieldend|move: Electric Terrain\n|upkeep\n|\n|t:|1698378490\n|switch|p2a: Zacian|Zacian-Crowned|100\/100\n|-damage|p2a: Zacian|94\/100|[from] Stealth Rock\n|-ability|p2a: Zacian|Intrepid Sword|boost\n|-boost|p2a: Zacian|atk|1\n|turn|6\n|\n|t:|1698378495\n|move|p2a: Zacian|Swords Dance|p2a: Zacian\n|-boost|p2a: Zacian|atk|2\n|move|p1a: Ting-Lu|Spikes|p2a: Zacian\n|-sidestart|p2: Wildfiree|Spikes\n|\n|-damage|p1a: Ting-Lu|69\/100 brn|[from] brn\n|upkeep\n|turn|7\n|\n|t:|1698378503\n|move|p2a: Zacian|Play Rough|p1a: Ting-Lu\n|-supereffective|p1a: Ting-Lu\n|-damage|p1a: Ting-Lu|0 fnt\n|faint|p1a: Ting-Lu\n|\n|upkeep\n|\n|t:|1698378518\n|switch|p1a: Noodle Boi|Rayquaza|100\/100\n|-ability|p1a: Noodle Boi|Air Lock\n|turn|8\n|\n|t:|1698378524\n|switch|p1a: Doughnut Boi|Glimmora, M|100\/100\n|-damage|p1a: Doughnut Boi|88\/100|[from] Spikes\n|-terastallize|p2a: Zacian|Electric\n|move|p2a: Zacian|Behemoth Blade|p1a: Doughnut Boi\n|-supereffective|p1a: Doughnut Boi\n|-damage|p1a: Doughnut Boi|0 fnt\n|-activate|p1a: Doughnut Boi|ability: Toxic Debris\n|-sidestart|p2: Wildfiree|move: Toxic Spikes\n|faint|p1a: Doughnut Boi\n|\n|upkeep\n|\n|t:|1698378537\n|switch|p1a: Noodle Boi|Rayquaza|100\/100\n|-ability|p1a: Noodle Boi|Air Lock\n|turn|9\n|\n|t:|1698378547\n|move|p1a: Noodle Boi|Extreme Speed|p2a: Zacian\n|-damage|p2a: Zacian|64\/100\n|move|p2a: Zacian|Behemoth Blade|p1a: Noodle Boi\n|-damage|p1a: Noodle Boi|0 fnt\n|faint|p1a: Noodle Boi\n|\n|upkeep\n|\n|t:|1698378553\n|switch|p1a: Slay-Queen|Koraidon|100\/100\n|-damage|p1a: Slay-Queen|88\/100|[from] Spikes\n|-weather|SunnyDay|[from] ability: Orichalcum Pulse|[of] p1a: Slay-Queen\n|-activate|p1a: Slay-Queen|Orichalcum Pulse|[source]\n|turn|10\n|\n|t:|1698378562\n|move|p1a: Slay-Queen|Collision Course|p2a: Zacian\n|-damage|p2a: Zacian|3\/100\n|move|p2a: Zacian|Wild Charge|p1a: Slay-Queen\n|-resisted|p1a: Slay-Queen\n|-damage|p1a: Slay-Queen|33\/100\n|-damage|p2a: Zacian|0 fnt|[from] Recoil\n|faint|p2a: Zacian\n|\n|-weather|SunnyDay|[upkeep]\n|upkeep\n|\n|t:|1698378568\n|switch|p2a: Toxapex|Toxapex, M|100\/100\n|-damage|p2a: Toxapex|88\/100|[from] Stealth Rock\n|-damage|p2a: Toxapex|76\/100|[from] Spikes\n|-sideend|p2: Wildfiree|move: Toxic Spikes|[of] p2a: Toxapex\n|turn|11\n|\n|t:|1698378572\n|switch|p1a: Zinc|Iron Treads|100\/100\n|-damage|p1a: Zinc|88\/100|[from] Spikes\n|move|p2a: Toxapex|Toxic|p1a: Zinc\n|-immune|p1a: Zinc\n|\n|-weather|SunnyDay|[upkeep]\n|upkeep\n|turn|12\n|\n|t:|1698378577\n|switch|p2a: Giratina|Giratina-Origin|96\/100\n|-damage|p2a: Giratina|83\/100|[from] Stealth Rock\n|move|p1a: Zinc|Rapid Spin|p2a: Giratina\n|-immune|p2a: Giratina\n|\n|-weather|SunnyDay|[upkeep]\n|upkeep\n|turn|13\n|\n|t:|1698378584\n|move|p1a: Zinc|Volt Switch|p2a: Giratina\n|-resisted|p2a: Giratina\n|-damage|p2a: Giratina|80\/100\n|\n|t:|1698378592\n|-end|p1a: Zinc|Quark Drive|[silent]\n|switch|p1a: Slay-Queen|Koraidon|33\/100|[from] Volt Switch\n|-damage|p1a: Slay-Queen|21\/100|[from] Spikes\n|-activate|p1a: Slay-Queen|ability: Orichalcum Pulse\n|move|p2a: Giratina|Poltergeist|p1a: Slay-Queen\n|-activate|p1a: Slay-Queen|move: Poltergeist|Choice Scarf\n|-damage|p1a: Slay-Queen|0 fnt\n|faint|p1a: Slay-Queen\n|\n|-weather|SunnyDay|[upkeep]\n|upkeep\n|\n|t:|1698378594\n|switch|p1a: Horsedog|Arceus, shiny|100\/100\n|-damage|p1a: Horsedog|88\/100|[from] Spikes\n|turn|14\n|\n|t:|1698378601\n|move|p1a: Horsedog|Foul Play|p2a: Giratina\n|-supereffective|p2a: Giratina\n|-damage|p2a: Giratina|49\/100\n|move|p2a: Giratina|Will-O-Wisp|p1a: Horsedog\n|-status|p1a: Horsedog|brn\n|\n|-weather|none\n|-heal|p1a: Horsedog|94\/100 brn|[from] item: Leftovers\n|-damage|p1a: Horsedog|88\/100 brn|[from] brn\n|upkeep\n|turn|15\n|-message|TheJoker321 forfeited.\n|\n|win|Wildfiree\n|raw|TheJoker321's rating: 1555 &rarr; <strong>1532<\/strong><br \/>(-23 for losing)\n|raw|Wildfiree's rating: 1503 &rarr; <strong>1526<\/strong><br \/>(+23 for winning)\n|l|\u2606TheJoker321\n","uploadtime":1698378613,"views":5,"p1id":"thejoker321","p2id":"wildfiree","formatid":"gen9anythinggoes","rating":1526,"private":0,"password":""}