{"id":"gen9anythinggoes-1973212292","p1":"bgregory32207","p2":"Mattattac","format":"[Gen 9] Anything Goes","log":"|j|\u2606bgregory32207\n|j|\u2606Mattattac\n|t:|1697940043\n|gametype|singles\n|player|p1|bgregory32207|1|1022\n|player|p2|Mattattac|nate|1039\n|teamsize|p1|6\n|teamsize|p2|6\n|gen|9\n|tier|[Gen 9] Anything Goes\n|rated|\n|rule|HP Percentage Mod: HP is shown in percentages\n|rule|Endless Battle Clause: Forcing endless battles is banned\n|clearpoke\n|poke|p1|Greninja-*, F|\n|poke|p1|Lycanroc-Dusk, F|\n|poke|p1|Kingambit, F|\n|poke|p1|Calyrex-Shadow|\n|poke|p1|Talonflame, M|\n|poke|p1|Meowscarada, M|\n|poke|p2|Calyrex-Shadow|\n|poke|p2|Great Tusk|\n|poke|p2|Volcarona, M|\n|poke|p2|Darkrai|\n|poke|p2|Ogerpon-Hearthflame, F|\n|poke|p2|Greninja-*, M|\n|teampreview\n|c|\u2606Mattattac|yo\n|inactive|Battle timer is ON: inactive players will automatically lose when time's up. (requested by Mattattac)\n|\n|t:|1697940060\n|start\n|switch|p1a: Calyrex|Calyrex-Shadow|100\/100\n|switch|p2a: Calyrex|Calyrex-Shadow|100\/100\n|-ability|p2a: Calyrex|As One\n|-ability|p2a: Calyrex|Unnerve\n|-ability|p1a: Calyrex|As One\n|-ability|p1a: Calyrex|Unnerve\n|turn|1\n|\n|t:|1697940066\n|-terastallize|p2a: Calyrex|Fairy\n|move|p2a: Calyrex|Tera Blast|p1a: Calyrex|[anim] Tera Blast Fairy\n|-damage|p1a: Calyrex|38\/100\n|move|p1a: Calyrex|Astral Barrage|p2a: Calyrex\n|-damage|p2a: Calyrex|34\/100\n|\n|upkeep\n|turn|2\n|j| Meme stee\n|l| Meme stee\n|\n|t:|1697940071\n|move|p2a: Calyrex|Tera Blast|p1a: Calyrex|[anim] Tera Blast Fairy\n|-crit|p1a: Calyrex\n|-damage|p1a: Calyrex|0 fnt\n|faint|p1a: Calyrex\n|-ability|p2a: Calyrex|Grim Neigh|boost\n|-boost|p2a: Calyrex|spa|1\n|\n|upkeep\n|\n|t:|1697940075\n|switch|p1a: Greninja|Greninja, F|100\/100\n|turn|3\n|\n|t:|1697940081\n|move|p2a: Calyrex|Tera Blast|p1a: Greninja|[anim] Tera Blast Fairy\n|-supereffective|p1a: Greninja\n|-damage|p1a: Greninja|0 fnt\n|faint|p1a: Greninja\n|-ability|p2a: Calyrex|Grim Neigh|boost\n|-boost|p2a: Calyrex|spa|1\n|\n|upkeep\n|\n|t:|1697940083\n|switch|p1a: Talonflame|Talonflame, M|100\/100\n|turn|4\n|\n|t:|1697940086\n|move|p2a: Calyrex|Tera Blast|p1a: Talonflame|[anim] Tera Blast Fairy\n|-resisted|p1a: Talonflame\n|-damage|p1a: Talonflame|8\/100\n|move|p1a: Talonflame|Brave Bird|p2a: Calyrex\n|-damage|p2a: Calyrex|0 fnt\n|faint|p2a: Calyrex\n|-damage|p1a: Talonflame|0 fnt|[from] Recoil\n|faint|p1a: Talonflame\n|\n|upkeep\n|c|\u2606Mattattac|no gale wings?\n|c|\u2606Mattattac|really?\n|\n|t:|1697940101\n|switch|p2a: Darkrai|Darkrai, shiny|100\/100\n|switch|p1a: Lycanroc|Lycanroc-Dusk, F|100\/100\n|turn|5\n|\n|t:|1697940117\n|move|p2a: Darkrai|Dark Void|p1a: Lycanroc\n|-status|p1a: Lycanroc|slp|[from] move: Dark Void\n|cant|p1a: Lycanroc|slp\n|\n|-damage|p1a: Lycanroc|88\/100 slp|[from] ability: Bad Dreams|[of] p2a: Darkrai\n|upkeep\n|turn|6\n|\n|t:|1697940120\n|move|p2a: Darkrai|Nasty Plot|p2a: Darkrai\n|-boost|p2a: Darkrai|spa|2\n|cant|p1a: Lycanroc|slp\n|\n|-heal|p1a: Lycanroc|94\/100 slp|[from] item: Leftovers\n|-damage|p1a: Lycanroc|82\/100 slp|[from] ability: Bad Dreams|[of] p2a: Darkrai\n|upkeep\n|turn|7\n|\n|t:|1697940125\n|move|p2a: Darkrai|Dark Pulse|p1a: Lycanroc\n|-damage|p1a: Lycanroc|0 fnt\n|faint|p1a: Lycanroc\n|\n|upkeep\n|\n|t:|1697940128\n|switch|p1a: Meowscarada|Meowscarada, M|100\/100\n|turn|8\n|\n|t:|1697940130\n|move|p2a: Darkrai|Sludge Bomb|p1a: Meowscarada\n|-supereffective|p1a: Meowscarada\n|-damage|p1a: Meowscarada|0 fnt\n|faint|p1a: Meowscarada\n|\n|upkeep\n|\n|t:|1697940132\n|switch|p1a: Kingambit|Kingambit, F|100\/100\n|-activate|p1a: Kingambit|ability: Supreme Overlord\n|-start|p1a: Kingambit|fallen5|[silent]\n|turn|9\n|\n|t:|1697940135\n|move|p2a: Darkrai|Dark Void|p1a: Kingambit\n|-status|p1a: Kingambit|slp|[from] move: Dark Void\n|cant|p1a: Kingambit|slp\n|\n|-damage|p1a: Kingambit|88\/100 slp|[from] ability: Bad Dreams|[of] p2a: Darkrai\n|upkeep\n|turn|10\n|\n|t:|1697940139\n|move|p2a: Darkrai|Dark Pulse|p1a: Kingambit\n|-resisted|p1a: Kingambit\n|-damage|p1a: Kingambit|60\/100 slp\n|cant|p1a: Kingambit|slp\n|\n|-damage|p1a: Kingambit|48\/100 slp|[from] ability: Bad Dreams|[of] p2a: Darkrai\n|upkeep\n|turn|11\n|\n|t:|1697940142\n|move|p2a: Darkrai|Dark Pulse|p1a: Kingambit\n|-resisted|p1a: Kingambit\n|-damage|p1a: Kingambit|17\/100 slp\n|cant|p1a: Kingambit|slp\n|\n|-damage|p1a: Kingambit|5\/100 slp|[from] ability: Bad Dreams|[of] p2a: Darkrai\n|upkeep\n|turn|12\n|\n|t:|1697940151\n|move|p2a: Darkrai|Dark Pulse|p1a: Kingambit\n|-resisted|p1a: Kingambit\n|-damage|p1a: Kingambit|0 fnt\n|faint|p1a: Kingambit\n|-end|p1a: Kingambit|fallen5|[silent]\n|\n|win|Mattattac\n|raw|bgregory32207's rating: 1022 &rarr; <strong>1009<\/strong><br \/>(-13 for losing)\n|raw|Mattattac's rating: 1039 &rarr; <strong>1071<\/strong><br \/>(+32 for winning)\n|c|\u2606Mattattac|gg\n","uploadtime":1697940155,"views":9,"p1id":"bgregory32207","p2id":"mattattac","formatid":"gen9anythinggoes","rating":1009,"private":0,"password":""}