{"id":"gen9anythinggoes-1984252505","p1":"ekur000","p2":"i'm drunk xd","format":"[Gen 9] Anything Goes","log":"|j|\u2606ekur000\n|j|\u2606i'm drunk xd\n|t:|1699235250\n|gametype|singles\n|player|p1|ekur000|pokefanf-gen4|1153\n|player|p2|i'm drunk xd|cynthia|1199\n|teamsize|p1|6\n|teamsize|p2|6\n|gen|9\n|tier|[Gen 9] Anything Goes\n|rated|\n|rule|HP Percentage Mod: HP is shown in percentages\n|rule|Endless Battle Clause: Forcing endless battles is banned\n|clearpoke\n|poke|p1|Lurantis, M|\n|poke|p1|Toxapex, M|\n|poke|p1|Jolteon, M|\n|poke|p1|Hawlucha, F|\n|poke|p1|Snorlax, M|\n|poke|p1|Groudon|\n|poke|p2|Ogerpon, F|\n|poke|p2|Tinkaton, F|\n|poke|p2|Iron Valiant|\n|poke|p2|Gholdengo|\n|poke|p2|Grimmsnarl, M|\n|poke|p2|Miraidon|\n|teampreview\n|\n|t:|1699235261\n|start\n|switch|p1a: Snorlax|Snorlax, M|100\/100\n|switch|p2a: Drinkaton|Tinkaton, F|100\/100\n|turn|1\n|\n|t:|1699235271\n|move|p2a: Drinkaton|Knock Off|p1a: Snorlax\n|-damage|p1a: Snorlax|79\/100\n|-enditem|p1a: Snorlax|Iapapa Berry|[from] move: Knock Off|[of] p2a: Drinkaton\n|move|p1a: Snorlax|Curse|p1a: Snorlax\n|-unboost|p1a: Snorlax|spe|1\n|-boost|p1a: Snorlax|atk|1\n|-boost|p1a: Snorlax|def|1\n|\n|upkeep\n|turn|2\n|\n|t:|1699235281\n|move|p2a: Drinkaton|Encore|p1a: Snorlax\n|-start|p1a: Snorlax|Encore\n|move|p1a: Snorlax|Curse|p1a: Snorlax\n|-unboost|p1a: Snorlax|spe|1\n|-boost|p1a: Snorlax|atk|1\n|-boost|p1a: Snorlax|def|1\n|\n|upkeep\n|turn|3\n|\n|t:|1699235287\n|move|p2a: Drinkaton|Stealth Rock|p1a: Snorlax\n|-sidestart|p1: ekur000|move: Stealth Rock\n|move|p1a: Snorlax|Curse|p1a: Snorlax\n|-unboost|p1a: Snorlax|spe|1\n|-boost|p1a: Snorlax|atk|1\n|-boost|p1a: Snorlax|def|1\n|\n|upkeep\n|turn|4\n|\n|t:|1699235294\n|move|p2a: Drinkaton|Knock Off|p1a: Snorlax\n|-crit|p1a: Snorlax\n|-damage|p1a: Snorlax|57\/100\n|move|p1a: Snorlax|Curse|p1a: Snorlax\n|-unboost|p1a: Snorlax|spe|1\n|-boost|p1a: Snorlax|atk|1\n|-boost|p1a: Snorlax|def|1\n|\n|-end|p1a: Snorlax|Encore\n|upkeep\n|turn|5\n|\n|t:|1699235305\n|move|p2a: Drinkaton|Encore|p1a: Snorlax\n|-start|p1a: Snorlax|Encore\n|move|p1a: Snorlax|Curse|p1a: Snorlax\n|-unboost|p1a: Snorlax|spe|1\n|-boost|p1a: Snorlax|atk|1\n|-boost|p1a: Snorlax|def|1\n|\n|upkeep\n|turn|6\n|\n|t:|1699235312\n|switch|p2a: e621|Miraidon|100\/100\n|-fieldstart|move: Electric Terrain|[from] ability: Hadron Engine|[of] p2a: e621\n|move|p1a: Snorlax|Curse|p1a: Snorlax\n|-unboost|p1a: Snorlax|spe|1\n|-boost|p1a: Snorlax|atk|1\n|-boost|p1a: Snorlax|def|1\n|\n|upkeep\n|turn|7\n|\n|t:|1699235320\n|move|p2a: e621|Volt Switch|p1a: Snorlax\n|-damage|p1a: Snorlax|20\/100\n|\n|t:|1699235328\n|switch|p2a: Pawn Shop|Gholdengo, shiny|100\/100|[from] Volt Switch\n|move|p1a: Snorlax|Curse|p1a: Snorlax\n|\n|-end|p1a: Snorlax|Encore\n|upkeep\n|turn|8\n|\n|t:|1699235337\n|move|p2a: Pawn Shop|Trick|p1a: Snorlax\n|-activate|p2a: Pawn Shop|move: Trick|[of] p1a: Snorlax\n|-item|p1a: Snorlax|Choice Scarf|[from] move: Trick\n|-enditem|p2a: Pawn Shop|Choice Scarf|[silent]|[from] move: Trick\n|move|p1a: Snorlax|Zen Headbutt|p2a: Pawn Shop\n|-resisted|p2a: Pawn Shop\n|-damage|p2a: Pawn Shop|39\/100\n|\n|upkeep\n|turn|9\n|\n|t:|1699235346\n|move|p2a: Pawn Shop|Shadow Ball|p1a: Snorlax\n|-immune|p1a: Snorlax\n|move|p1a: Snorlax|Zen Headbutt|p2a: Pawn Shop\n|-resisted|p2a: Pawn Shop\n|-damage|p2a: Pawn Shop|0 fnt\n|faint|p2a: Pawn Shop\n|\n|upkeep\n|c|\u2606ekur000|using all this setup on my mon\n|c|\u2606ekur000|really\n|c|\u2606ekur000|then u use an attack that snorlax is immune to\n|c|\u2606i'm drunk xd|I done goofed with a ghost move lol\n|\n|t:|1699235371\n|switch|p2a: e621|Miraidon|100\/100\n|-activate|p2a: e621|ability: Hadron Engine\n|turn|10\n|\n|t:|1699235378\n|move|p2a: e621|Volt Switch|p1a: Snorlax\n|-damage|p1a: Snorlax|0 fnt\n|faint|p1a: Snorlax\n|c|\u2606i'm drunk xd|anyways\n|\n|t:|1699235385\n|switch|p2a: Murder Drone|Iron Valiant, shiny|100\/100|[from] Volt Switch\n|-activate|p2a: Murder Drone|ability: Quark Drive\n|-start|p2a: Murder Drone|quarkdrivespe\n|\n|-fieldend|move: Electric Terrain\n|-end|p2a: Murder Drone|Quark Drive\n|upkeep\n|\n|t:|1699235401\n|switch|p1a: Lurantis|Lurantis, M, shiny|100\/100\n|-damage|p1a: Lurantis|88\/100|[from] Stealth Rock\n|turn|11\n|\n|t:|1699235410\n|-end|p2a: Murder Drone|Quark Drive|[silent]\n|switch|p2a: Drinkaton|Tinkaton, F|100\/100\n|move|p1a: Lurantis|Leaf Storm|p2a: Drinkaton\n|-resisted|p2a: Drinkaton\n|-damage|p2a: Drinkaton|74\/100\n|-boost|p1a: Lurantis|spa|2\n|-damage|p1a: Lurantis|78\/100|[from] item: Life Orb\n|\n|upkeep\n|turn|12\n|\n|t:|1699235421\n|move|p2a: Drinkaton|Encore|p1a: Lurantis\n|-start|p1a: Lurantis|Encore\n|move|p1a: Lurantis|Leaf Storm|p2a: Drinkaton\n|-resisted|p2a: Drinkaton\n|-damage|p2a: Drinkaton|22\/100\n|-boost|p1a: Lurantis|spa|2\n|-damage|p1a: Lurantis|68\/100|[from] item: Life Orb\n|\n|upkeep\n|turn|13\n|\n|t:|1699235434\n|switch|p2a: Murder Drone|Iron Valiant, shiny|100\/100\n|move|p1a: Lurantis|Leaf Storm|p2a: Murder Drone\n|-enditem|p2a: Murder Drone|Focus Sash\n|-damage|p2a: Murder Drone|1\/100\n|-boost|p1a: Lurantis|spa|2\n|-damage|p1a: Lurantis|59\/100|[from] item: Life Orb\n|\n|upkeep\n|turn|14\n|\n|t:|1699235445\n|move|p2a: Murder Drone|Destiny Bond|p2a: Murder Drone\n|-singlemove|p2a: Murder Drone|Destiny Bond\n|move|p1a: Lurantis|Leaf Storm|p2a: Murder Drone\n|-damage|p2a: Murder Drone|0 fnt\n|faint|p2a: Murder Drone\n|-activate|p2a: Murder Drone|move: Destiny Bond\n|-end|p2a: Murder Drone|Quark Drive|[silent]\n|faint|p1a: Lurantis\n|\n|upkeep\n|c|\u2606ekur000|this team is just annoying\n|c|\u2606ekur000|i probably could win\n|c|\u2606i'm drunk xd|could\n|c|\u2606ekur000|but this is so shit that im just going to forfeit\n|-message|ekur000 forfeited.\n|\n|win|i'm drunk xd\n|raw|ekur000's rating: 1153 &rarr; <strong>1131<\/strong><br \/>(-22 for losing)\n|raw|i&apos;m drunk xd's rating: 1199 &rarr; <strong>1221<\/strong><br \/>(+22 for winning)\n|l|\u2606ekur000\n|c|\u2606i'm drunk xd|lol sorry man\n","uploadtime":1699235484,"views":7,"p1id":"ekur000","p2id":"imdrunkxd","formatid":"gen9anythinggoes","rating":1131,"private":0,"password":""}