{"id":"gen9anythinggoes-1995668721","p1":"GildedSapphire","p2":"redpikmin5","format":"[Gen 9] Anything Goes","log":"|j|\u2606GildedSapphire\n|j|\u2606redpikmin5\n|t:|1700592373\n|gametype|singles\n|player|p1|GildedSapphire|wallace|1124\n|player|p2|redpikmin5|170|1029\n|teamsize|p1|2\n|teamsize|p2|6\n|gen|9\n|tier|[Gen 9] Anything Goes\n|rated|\n|rule|HP Percentage Mod: HP is shown in percentages\n|rule|Endless Battle Clause: Forcing endless battles is banned\n|clearpoke\n|poke|p1|Calyrex-Shadow|\n|poke|p1|Espathra, F|\n|poke|p2|Regieleki|\n|poke|p2|Iron Moth|\n|poke|p2|Dipplin, M|\n|poke|p2|Magearna-Original|\n|poke|p2|Ursaluna-Bloodmoon, M|\n|poke|p2|Houndstone, F|\n|teampreview\n|c|\u2606redpikmin5|really two pokemon?\n|inactive|Battle timer is ON: inactive players will automatically lose when time's up. (requested by GildedSapphire)\n|\n|t:|1700592394\n|start\n|switch|p1a: The goofy|Espathra, F|100\/100\n|switch|p2a: Little Zoom Orb|Regieleki|100\/100\n|turn|1\n|c|\u2606GildedSapphire|meme team :)\n|\n|t:|1700592402\n|move|p2a: Little Zoom Orb|Rapid Spin|p1a: The goofy\n|-crit|p1a: The goofy\n|-damage|p1a: The goofy|75\/100\n|-boost|p2a: Little Zoom Orb|spe|1\n|move|p1a: The goofy|Lumina Crash|p2a: Little Zoom Orb\n|-damage|p2a: Little Zoom Orb|59\/100\n|-unboost|p2a: Little Zoom Orb|spd|2\n|\n|-heal|p2a: Little Zoom Orb|65\/100|[from] item: Leftovers\n|-heal|p1a: The goofy|81\/100|[from] item: Leftovers\n|-ability|p1a: The goofy|Speed Boost|boost\n|-boost|p1a: The goofy|spe|1\n|upkeep\n|turn|2\n|c|\u2606redpikmin5|uh oh\n|c|\u2606redpikmin5|ive seen enough speedge mcfast to know im in trouble\n|\n|t:|1700592424\n|move|p2a: Little Zoom Orb|Electro Ball|p1a: The goofy\n|-damage|p1a: The goofy|42\/100\n|move|p1a: The goofy|Calm Mind|p1a: The goofy\n|-boost|p1a: The goofy|spa|1\n|-boost|p1a: The goofy|spd|1\n|\n|-heal|p2a: Little Zoom Orb|72\/100|[from] item: Leftovers\n|-heal|p1a: The goofy|48\/100|[from] item: Leftovers\n|-ability|p1a: The goofy|Speed Boost|boost\n|-boost|p1a: The goofy|spe|1\n|upkeep\n|turn|3\n|\n|t:|1700592434\n|move|p1a: The goofy|Baton Pass|p1a: The goofy\n|\n|t:|1700592436\n|switch|p1a: The silly|Calyrex-Shadow|100\/100|[from] Baton Pass\n|-ability|p1a: The silly|As One\n|-ability|p1a: The silly|Unnerve\n|move|p2a: Little Zoom Orb|Rapid Spin|p1a: The silly\n|-immune|p1a: The silly\n|\n|-heal|p2a: Little Zoom Orb|78\/100|[from] item: Leftovers\n|upkeep\n|turn|4\n|\n|t:|1700592446\n|move|p1a: The silly|Astral Barrage|p2a: Little Zoom Orb\n|-damage|p2a: Little Zoom Orb|0 fnt\n|faint|p2a: Little Zoom Orb\n|-ability|p1a: The silly|Grim Neigh|boost\n|-boost|p1a: The silly|spa|1\n|\n|upkeep\n|c|\u2606redpikmin5|and there it is\n|\n|t:|1700592457\n|switch|p2a: Buck Bumble|Iron Moth|100\/100\n|-enditem|p2a: Buck Bumble|Booster Energy\n|-activate|p2a: Buck Bumble|ability: Quark Drive|[fromitem]\n|-start|p2a: Buck Bumble|quarkdrivespa\n|turn|5\n|\n|t:|1700592468\n|move|p1a: The silly|Astral Barrage|p2a: Buck Bumble\n|-damage|p2a: Buck Bumble|0 fnt\n|faint|p2a: Buck Bumble\n|-end|p2a: Buck Bumble|Quark Drive|[silent]\n|-ability|p1a: The silly|Grim Neigh|boost\n|-boost|p1a: The silly|spa|1\n|\n|upkeep\n|\n|t:|1700592475\n|switch|p2a: Cande Appl|Dipplin, M|100\/100\n|-ability|p2a: Cande Appl|Supersweet Syrup\n|-ability|p2a: Cande Appl|Supersweet Syrup|boost\n|-unboost|p1a: The silly|evasion|1\n|turn|6\n|c|\u2606redpikmin5|welp\n|\n|t:|1700592482\n|move|p1a: The silly|Astral Barrage|p2a: Cande Appl\n|-damage|p2a: Cande Appl|0 fnt\n|faint|p2a: Cande Appl\n|-ability|p1a: The silly|Grim Neigh|boost\n|-boost|p1a: The silly|spa|1\n|\n|upkeep\n|c|\u2606redpikmin5|i only got one chance now\n|\n|t:|1700592492\n|switch|p2a: Magearna|Magearna-Original|100\/100\n|turn|7\n|\n|t:|1700592505\n|move|p1a: The silly|Astral Barrage|p2a: Magearna\n|-damage|p2a: Magearna|0 fnt\n|faint|p2a: Magearna\n|-ability|p1a: The silly|Grim Neigh|boost\n|-boost|p1a: The silly|spa|1\n|\n|upkeep\n|\n|t:|1700592511\n|switch|p2a: Ursaluna|Ursaluna-Bloodmoon, M|100\/100\n|turn|8\n|\n|t:|1700592519\n|move|p1a: The silly|Astral Barrage|p2a: Ursaluna\n|-immune|p2a: Ursaluna\n|move|p2a: Ursaluna|Blood Moon|p1a: The silly\n|-damage|p1a: The silly|58\/100\n|\n|upkeep\n|turn|9\n|\n|t:|1700592529\n|switch|p1a: The goofy|Espathra, F|48\/100\n|move|p2a: Ursaluna|Vacuum Wave|p1a: The goofy\n|-resisted|p1a: The goofy\n|-damage|p1a: The goofy|40\/100\n|\n|-heal|p1a: The goofy|46\/100|[from] item: Leftovers\n|upkeep\n|turn|10\n|c|\u2606redpikmin5|oh?\n|\n|t:|1700592542\n|move|p1a: The goofy|Lumina Crash|p2a: Ursaluna\n|-damage|p2a: Ursaluna|71\/100\n|-unboost|p2a: Ursaluna|spd|2\n|move|p2a: Ursaluna|Brick Break|p1a: The goofy\n|-resisted|p1a: The goofy\n|-damage|p1a: The goofy|37\/100\n|\n|-heal|p1a: The goofy|43\/100|[from] item: Leftovers\n|-ability|p1a: The goofy|Speed Boost|boost\n|-boost|p1a: The goofy|spe|1\n|upkeep\n|turn|11\n|c|\u2606redpikmin5|oh?!\n|\n|t:|1700592552\n|move|p1a: The goofy|Baton Pass|p1a: The goofy\n|\n|t:|1700592555\n|switch|p1a: The silly|Calyrex-Shadow|58\/100|[from] Baton Pass\n|-ability|p1a: The silly|As One\n|-ability|p1a: The silly|Unnerve\n|move|p2a: Ursaluna|Brick Break|p1a: The silly\n|-resisted|p1a: The silly\n|-damage|p1a: The silly|49\/100\n|\n|upkeep\n|turn|12\n|c|\u2606redpikmin5|and there it is again\n|\n|t:|1700592566\n|move|p1a: The silly|Grass Knot|p2a: Ursaluna\n|-supereffective|p2a: Ursaluna\n|-damage|p2a: Ursaluna|0 fnt\n|-damage|p1a: The silly|33\/100|[from] item: Rocky Helmet|[of] p2a: Ursaluna\n|faint|p2a: Ursaluna\n|-ability|p1a: The silly|Grim Neigh|boost\n|-boost|p1a: The silly|spa|1\n|\n|upkeep\n|c|\u2606redpikmin5|y e p\n|\n|t:|1700592574\n|switch|p2a: NYEH HEH HEH!|Houndstone, F|100\/100\n|turn|13\n|c|\u2606redpikmin5|my last chance\n|c|\u2606redpikmin5|prepare for my [SPECIL] ATTACK\n|\n|t:|1700592596\n|-terastallize|p1a: The silly|Grass\n|-terastallize|p2a: NYEH HEH HEH!|Ghost\n|move|p1a: The silly|Grass Knot|p2a: NYEH HEH HEH!\n|-damage|p2a: NYEH HEH HEH!|61\/100\n|move|p2a: NYEH HEH HEH!|Last Respects|p1a: The silly\n|-damage|p1a: The silly|0 fnt\n|faint|p1a: The silly\n|\n|upkeep\n|\n|t:|1700592605\n|switch|p1a: The goofy|Espathra, F|43\/100\n|turn|14\n|\n|t:|1700592608\n|move|p1a: The goofy|Dazzling Gleam|p2a: NYEH HEH HEH!\n|-damage|p2a: NYEH HEH HEH!|42\/100\n|move|p2a: NYEH HEH HEH!|Last Respects|p1a: The goofy\n|-supereffective|p1a: The goofy\n|-damage|p1a: The goofy|0 fnt\n|faint|p1a: The goofy\n|\n|win|redpikmin5\n|raw|GildedSapphire's rating: 1124 &rarr; <strong>1092<\/strong><br \/>(-32 for losing)\n|raw|redpikmin5's rating: 1029 &rarr; <strong>1074<\/strong><br \/>(+45 for winning)\n|c|\u2606redpikmin5|gg\n|c|\u2606GildedSapphire|gg\n","uploadtime":1700592623,"views":1,"p1id":"gildedsapphire","p2id":"redpikmin5","formatid":"gen9anythinggoes","rating":1074,"private":0,"password":""}