{"id":"gen9anythinggoes-1997373029","p1":"fldfsldfad","p2":"Roshamina","format":"[Gen 9] Anything Goes","log":"|j|\u2606fldfsldfad\n|j|\u2606Roshamina\n|t:|1700795666\n|gametype|singles\n|player|p1|fldfsldfad|1|1000\n|player|p2|Roshamina|burglar|1000\n|teamsize|p1|6\n|teamsize|p2|6\n|gen|9\n|tier|[Gen 9] Anything Goes\n|rated|\n|rule|HP Percentage Mod: HP is shown in percentages\n|rule|Endless Battle Clause: Forcing endless battles is banned\n|clearpoke\n|poke|p1|Pawmot, M|\n|poke|p1|Arbok, M|\n|poke|p1|Torterra, M|\n|poke|p1|Spidops, F|\n|poke|p1|Mismagius, M|\n|poke|p1|Rotom-Heat|\n|poke|p2|Tinkaton, F|\n|poke|p2|Gengar, M|\n|poke|p2|Shaymin|\n|poke|p2|Snorlax, M|\n|poke|p2|Ursaluna-Bloodmoon, M|\n|poke|p2|Spectrier|\n|teampreview\n|\n|t:|1700795680\n|start\n|switch|p1a: Spidops|Spidops, F|100\/100\n|switch|p2a: BONK|Tinkaton, F|100\/100\n|-ability|p2a: BONK|Mold Breaker\n|turn|1\n|\n|t:|1700795691\n|move|p2a: BONK|Gigaton Hammer|p1a: Spidops\n|-damage|p1a: Spidops|52\/100\n|move|p1a: Spidops|Sticky Web|p2a: BONK\n|-sidestart|p2: Roshamina|move: Sticky Web\n|\n|upkeep\n|turn|2\n|\n|t:|1700795705\n|move|p2a: BONK|Knock Off|p1a: Spidops\n|-damage|p1a: Spidops|32\/100\n|-enditem|p1a: Spidops|Focus Sash|[from] move: Knock Off|[of] p2a: BONK\n|move|p1a: Spidops|Spikes|p2a: BONK\n|-sidestart|p2: Roshamina|Spikes\n|\n|upkeep\n|turn|3\n|\n|t:|1700795712\n|move|p2a: BONK|Brick Break|p1a: Spidops\n|-resisted|p1a: Spidops\n|-damage|p1a: Spidops|23\/100\n|move|p1a: Spidops|Spikes|p2a: BONK\n|-sidestart|p2: Roshamina|Spikes\n|\n|upkeep\n|turn|4\n|\n|t:|1700795718\n|move|p2a: BONK|Foul Play|p1a: Spidops\n|-damage|p1a: Spidops|6\/100\n|move|p1a: Spidops|Spikes|p2a: BONK\n|-sidestart|p2: Roshamina|Spikes\n|\n|upkeep\n|turn|5\n|\n|t:|1700795726\n|move|p2a: BONK|Knock Off|p1a: Spidops\n|-damage|p1a: Spidops|0 fnt\n|faint|p1a: Spidops\n|\n|upkeep\n|\n|t:|1700795748\n|switch|p1a: Rotom|Rotom-Heat|100\/100\n|turn|6\n|inactive|Battle timer is ON: inactive players will automatically lose when time's up. (requested by Roshamina)\n|\n|t:|1700795767\n|move|p1a: Rotom|Volt Switch|p2a: BONK\n|-damage|p2a: BONK|45\/100\n|\n|t:|1700795777\n|switch|p1a: Arbok|Arbok, M|100\/100|[from] Volt Switch\n|-ability|p1a: Arbok|Intimidate|boost\n|-unboost|p2a: BONK|atk|1\n|move|p2a: BONK|Knock Off|p1a: Arbok\n|-damage|p1a: Arbok|73\/100\n|-enditem|p1a: Arbok|Loaded Dice|[from] move: Knock Off|[of] p2a: BONK\n|\n|upkeep\n|turn|7\n|\n|t:|1700795794\n|move|p2a: BONK|Gigaton Hammer|p1a: Arbok\n|-damage|p1a: Arbok|5\/100\n|move|p1a: Arbok|Earthquake|p2a: BONK\n|-supereffective|p2a: BONK\n|-damage|p2a: BONK|0 fnt\n|faint|p2a: BONK\n|\n|upkeep\n|\n|t:|1700795804\n|switch|p2a: CaseOh|Snorlax, M, shiny|100\/100\n|-activate|p2a: CaseOh|move: Sticky Web\n|-unboost|p2a: CaseOh|spe|1\n|-damage|p2a: CaseOh|75\/100|[from] Spikes\n|turn|8\n|\n|t:|1700795816\n|move|p1a: Arbok|Gunk Shot|p2a: CaseOh\n|-damage|p2a: CaseOh|43\/100\n|move|p2a: CaseOh|Curse|p2a: CaseOh\n|-unboost|p2a: CaseOh|spe|1\n|-boost|p2a: CaseOh|atk|1\n|-boost|p2a: CaseOh|def|1\n|\n|-heal|p2a: CaseOh|49\/100|[from] item: Leftovers\n|upkeep\n|turn|9\n|\n|t:|1700795834\n|-terastallize|p2a: CaseOh|Flying\n|move|p1a: Arbok|Gunk Shot|p2a: CaseOh|[miss]\n|-miss|p1a: Arbok|p2a: CaseOh\n|move|p2a: CaseOh|Rest|p2a: CaseOh\n|-status|p2a: CaseOh|slp|[from] move: Rest\n|-heal|p2a: CaseOh|100\/100 slp|[silent]\n|\n|upkeep\n|turn|10\n|\n|t:|1700795850\n|switch|p1a: Mismagius|Mismagius, M|100\/100\n|cant|p2a: CaseOh|slp\n|move|p2a: CaseOh|Sleep Talk|p2a: CaseOh\n|move|p2a: CaseOh|Body Press|p1a: Mismagius|[from]move: Sleep Talk\n|-immune|p1a: Mismagius\n|\n|upkeep\n|turn|11\n|\n|t:|1700795861\n|move|p1a: Mismagius|Thunderbolt|p2a: CaseOh\n|-supereffective|p2a: CaseOh\n|-damage|p2a: CaseOh|67\/100 slp\n|cant|p2a: CaseOh|slp\n|move|p2a: CaseOh|Sleep Talk|p2a: CaseOh\n|move|p2a: CaseOh|Rest||[from]move: Sleep Talk|[still]\n|-fail|p2a: CaseOh\n|\n|-heal|p2a: CaseOh|73\/100 slp|[from] item: Leftovers\n|upkeep\n|turn|12\n|\n|t:|1700795873\n|move|p1a: Mismagius|Thunderbolt|p2a: CaseOh\n|-supereffective|p2a: CaseOh\n|-damage|p2a: CaseOh|43\/100 slp\n|-curestatus|p2a: CaseOh|slp|[msg]\n|move|p2a: CaseOh|Sleep Talk||[still]\n|-fail|p2a: CaseOh\n|\n|-heal|p2a: CaseOh|49\/100|[from] item: Leftovers\n|upkeep\n|turn|13\n|\n|t:|1700795882\n|move|p1a: Mismagius|Thunderbolt|p2a: CaseOh\n|-supereffective|p2a: CaseOh\n|-damage|p2a: CaseOh|16\/100\n|-status|p2a: CaseOh|par\n|cant|p2a: CaseOh|par\n|\n|-heal|p2a: CaseOh|22\/100 par|[from] item: Leftovers\n|upkeep\n|turn|14\n|\n|t:|1700795895\n|switch|p2a: Freddy Fazbear|Ursaluna-Bloodmoon, M|100\/100\n|-activate|p2a: Freddy Fazbear|move: Sticky Web\n|-unboost|p2a: Freddy Fazbear|spe|1\n|-damage|p2a: Freddy Fazbear|76\/100|[from] Spikes\n|move|p1a: Mismagius|Thunderbolt|p2a: Freddy Fazbear\n|-immune|p2a: Freddy Fazbear\n|\n|-heal|p2a: Freddy Fazbear|82\/100|[from] item: Leftovers\n|upkeep\n|turn|15\n|\n|t:|1700795907\n|switch|p1a: Arbok|Arbok, M|5\/100\n|-ability|p1a: Arbok|Intimidate|boost\n|-unboost|p2a: Freddy Fazbear|atk|1\n|move|p2a: Freddy Fazbear|Blood Moon|p1a: Arbok\n|-damage|p1a: Arbok|0 fnt\n|faint|p1a: Arbok\n|\n|-heal|p2a: Freddy Fazbear|88\/100|[from] item: Leftovers\n|upkeep\n|\n|t:|1700795923\n|switch|p1a: Torterra|Torterra, M|100\/100\n|turn|16\n|\n|t:|1700795929\n|move|p1a: Torterra|Shell Smash|p1a: Torterra\n|-unboost|p1a: Torterra|def|1\n|-unboost|p1a: Torterra|spd|1\n|-boost|p1a: Torterra|atk|2\n|-boost|p1a: Torterra|spa|2\n|-boost|p1a: Torterra|spe|2\n|move|p2a: Freddy Fazbear|Dig||[still]\n|-prepare|p2a: Freddy Fazbear|Dig\n|\n|-heal|p2a: Freddy Fazbear|94\/100|[from] item: Leftovers\n|upkeep\n|turn|17\n|inactive|fldfsldfad has 120 seconds left.\n|\n|t:|1700795956\n|move|p1a: Torterra|Earthquake|p2a: Freddy Fazbear\n|-damage|p2a: Freddy Fazbear|0 fnt\n|faint|p2a: Freddy Fazbear\n|\n|upkeep\n|\n|t:|1700795970\n|switch|p2a: Spooky Boi|Gengar, M|100\/100\n|-activate|p2a: Spooky Boi|move: Sticky Web\n|-unboost|p2a: Spooky Boi|spe|1\n|-damage|p2a: Spooky Boi|76\/100|[from] Spikes\n|turn|18\n|\n|t:|1700795979\n|move|p1a: Torterra|Earthquake|p2a: Spooky Boi\n|-supereffective|p2a: Spooky Boi\n|-damage|p2a: Spooky Boi|0 fnt\n|faint|p2a: Spooky Boi\n|\n|upkeep\n|\n|t:|1700795988\n|switch|p2a: Smol Lil Dude|Shaymin|100\/100\n|-activate|p2a: Smol Lil Dude|move: Sticky Web\n|-unboost|p2a: Smol Lil Dude|spe|1\n|-damage|p2a: Smol Lil Dude|75\/100|[from] Spikes\n|turn|19\n|\n|t:|1700795998\n|move|p1a: Torterra|Rock Blast|p2a: Smol Lil Dude\n|-damage|p2a: Smol Lil Dude|61\/100\n|-damage|p2a: Smol Lil Dude|47\/100\n|-damage|p2a: Smol Lil Dude|33\/100\n|-damage|p2a: Smol Lil Dude|20\/100\n|-damage|p2a: Smol Lil Dude|5\/100\n|-hitcount|p2a: Smol Lil Dude|5\n|move|p2a: Smol Lil Dude|Leech Seed|p1a: Torterra\n|-immune|p1a: Torterra\n|\n|-heal|p2a: Smol Lil Dude|11\/100|[from] item: Leftovers\n|upkeep\n|turn|20\n|\n|t:|1700796013\n|move|p1a: Torterra|Rock Blast|p2a: Smol Lil Dude\n|-damage|p2a: Smol Lil Dude|0 fnt\n|faint|p2a: Smol Lil Dude\n|-hitcount|p2: Smol Lil Dude|1\n|\n|upkeep\n|\n|t:|1700796022\n|switch|p2a: CaseOh|Snorlax, M, shiny, tera:Flying|22\/100 par\n|turn|21\n|\n|t:|1700796026\n|move|p1a: Torterra|Rock Blast|p2a: CaseOh\n|-supereffective|p2a: CaseOh\n|-damage|p2a: CaseOh|1\/100 par\n|-supereffective|p2a: CaseOh\n|-damage|p2a: CaseOh|0 fnt\n|faint|p2a: CaseOh\n|-hitcount|p2: CaseOh|2\n|\n|upkeep\n|n|!Roshamina|roshamina\n|l|!Roshamina\n|inactive|Roshamina disconnected and has a minute to reconnect!\n|player|p2|\n|inactive|Roshamina has 30 seconds to reconnect!\n|inactive|Roshamina has 20 seconds to reconnect!\n|inactive|Roshamina has 15 seconds to reconnect!\n|inactive|Roshamina has 10 seconds to reconnect!\n|inactive|Roshamina has 5 seconds to reconnect!\n|-message|Roshamina lost due to inactivity.\n|\n|win|fldfsldfad\n|raw|fldfsldfad's rating: 1000 &rarr; <strong>1040<\/strong><br \/>(+40 for winning)\n|raw|Roshamina's rating: 1000 &rarr; <strong>1000<\/strong><br \/>(+0 for losing)\n","uploadtime":1700796035,"views":0,"p1id":"fldfsldfad","p2id":"roshamina","formatid":"gen9anythinggoes","rating":1000,"private":0,"password":""}