{"id":"gen9anythinggoes-1992002858","p1":"Jragon003","p2":"gwillian","format":"[Gen 9] Anything Goes","log":"|j|\u2606Jragon003\n|j|\u2606gwillian\n|t:|1700146796\n|gametype|singles\n|player|p1|Jragon003|acetrainer-gen4dp|1252\n|player|p2|gwillian|hilbert|1335\n|teamsize|p1|6\n|teamsize|p2|6\n|gen|9\n|tier|[Gen 9] Anything Goes\n|rated|\n|rule|HP Percentage Mod: HP is shown in percentages\n|rule|Endless Battle Clause: Forcing endless battles is banned\n|clearpoke\n|poke|p1|Raichu, M|\n|poke|p1|Gallade, M|\n|poke|p1|Samurott-Hisui, M|\n|poke|p1|Dragapult, F|\n|poke|p1|Goodra-Hisui, M|\n|poke|p1|Noctowl, M|\n|poke|p2|Gholdengo|\n|poke|p2|Cresselia, F|\n|poke|p2|Dragonite, M|\n|poke|p2|Flutter Mane|\n|poke|p2|Gliscor, M|\n|poke|p2|Kingambit, M|\n|teampreview\n|inactive|Battle timer is ON: inactive players will automatically lose when time's up. (requested by gwillian)\n|\n|t:|1700146799\n|start\n|switch|p1a: Shogun|Samurott-Hisui, M|100\/100\n|switch|p2a: \u30af\u30ec\u30bb\u30ea\u30a2|Cresselia, F, shiny|100\/100\n|turn|1\n|\n|t:|1700146806\n|-terastallize|p2a: \u30af\u30ec\u30bb\u30ea\u30a2|Electric\n|move|p1a: Shogun|Ceaseless Edge|p2a: \u30af\u30ec\u30bb\u30ea\u30a2\n|-damage|p2a: \u30af\u30ec\u30bb\u30ea\u30a2|78\/100\n|-sidestart|p2: gwillian|Spikes\n|move|p2a: \u30af\u30ec\u30bb\u30ea\u30a2|Calm Mind|p2a: \u30af\u30ec\u30bb\u30ea\u30a2\n|-boost|p2a: \u30af\u30ec\u30bb\u30ea\u30a2|spa|1\n|-boost|p2a: \u30af\u30ec\u30bb\u30ea\u30a2|spd|1\n|\n|upkeep\n|turn|2\n|\n|t:|1700146825\n|switch|p1a: Manhattan|Dragapult, F|100\/100\n|move|p2a: \u30af\u30ec\u30bb\u30ea\u30a2|Calm Mind|p2a: \u30af\u30ec\u30bb\u30ea\u30a2\n|-boost|p2a: \u30af\u30ec\u30bb\u30ea\u30a2|spa|1\n|-boost|p2a: \u30af\u30ec\u30bb\u30ea\u30a2|spd|1\n|\n|upkeep\n|turn|3\n|\n|t:|1700146830\n|move|p1a: Manhattan|Dragon Dance|p1a: Manhattan\n|-boost|p1a: Manhattan|atk|1\n|-boost|p1a: Manhattan|spe|1\n|move|p2a: \u30af\u30ec\u30bb\u30ea\u30a2|Calm Mind|p2a: \u30af\u30ec\u30bb\u30ea\u30a2\n|-boost|p2a: \u30af\u30ec\u30bb\u30ea\u30a2|spa|1\n|-boost|p2a: \u30af\u30ec\u30bb\u30ea\u30a2|spd|1\n|\n|upkeep\n|turn|4\n|\n|t:|1700146838\n|move|p1a: Manhattan|Dragon Darts|p2a: \u30af\u30ec\u30bb\u30ea\u30a2\n|-damage|p2a: \u30af\u30ec\u30bb\u30ea\u30a2|56\/100\n|-anim|p1a: Manhattan|Dragon Darts|p2a: \u30af\u30ec\u30bb\u30ea\u30a2\n|-damage|p2a: \u30af\u30ec\u30bb\u30ea\u30a2|36\/100\n|move|p2a: \u30af\u30ec\u30bb\u30ea\u30a2|Moonblast|p1a: Manhattan\n|-supereffective|p1a: Manhattan\n|-damage|p1a: Manhattan|0 fnt\n|faint|p1a: Manhattan\n|\n|upkeep\n|\n|t:|1700146849\n|switch|p1a: Turbo|Goodra-Hisui, M|100\/100\n|turn|5\n|\n|t:|1700146854\n|move|p2a: \u30af\u30ec\u30bb\u30ea\u30a2|Moonlight|p2a: \u30af\u30ec\u30bb\u30ea\u30a2\n|-heal|p2a: \u30af\u30ec\u30bb\u30ea\u30a2|86\/100\n|move|p1a: Turbo|Sludge Bomb|p2a: \u30af\u30ec\u30bb\u30ea\u30a2\n|-damage|p2a: \u30af\u30ec\u30bb\u30ea\u30a2|80\/100\n|\n|upkeep\n|turn|6\n|\n|t:|1700146861\n|move|p2a: \u30af\u30ec\u30bb\u30ea\u30a2|Calm Mind|p2a: \u30af\u30ec\u30bb\u30ea\u30a2\n|-boost|p2a: \u30af\u30ec\u30bb\u30ea\u30a2|spa|1\n|-boost|p2a: \u30af\u30ec\u30bb\u30ea\u30a2|spd|1\n|move|p1a: Turbo|Sludge Bomb|p2a: \u30af\u30ec\u30bb\u30ea\u30a2\n|-damage|p2a: \u30af\u30ec\u30bb\u30ea\u30a2|75\/100\n|\n|upkeep\n|turn|7\n|\n|t:|1700146867\n|move|p2a: \u30af\u30ec\u30bb\u30ea\u30a2|Calm Mind|p2a: \u30af\u30ec\u30bb\u30ea\u30a2\n|-boost|p2a: \u30af\u30ec\u30bb\u30ea\u30a2|spa|1\n|-boost|p2a: \u30af\u30ec\u30bb\u30ea\u30a2|spd|1\n|move|p1a: Turbo|Sludge Bomb|p2a: \u30af\u30ec\u30bb\u30ea\u30a2\n|-damage|p2a: \u30af\u30ec\u30bb\u30ea\u30a2|71\/100\n|\n|upkeep\n|turn|8\n|\n|t:|1700146873\n|move|p2a: \u30af\u30ec\u30bb\u30ea\u30a2|Calm Mind|p2a: \u30af\u30ec\u30bb\u30ea\u30a2\n|-boost|p2a: \u30af\u30ec\u30bb\u30ea\u30a2|spa|1\n|-boost|p2a: \u30af\u30ec\u30bb\u30ea\u30a2|spd|1\n|move|p1a: Turbo|Sludge Bomb|p2a: \u30af\u30ec\u30bb\u30ea\u30a2\n|-damage|p2a: \u30af\u30ec\u30bb\u30ea\u30a2|66\/100\n|\n|upkeep\n|turn|9\n|\n|t:|1700146883\n|move|p2a: \u30af\u30ec\u30bb\u30ea\u30a2|Moonlight|p2a: \u30af\u30ec\u30bb\u30ea\u30a2\n|-heal|p2a: \u30af\u30ec\u30bb\u30ea\u30a2|100\/100\n|move|p1a: Turbo|Sludge Bomb|p2a: \u30af\u30ec\u30bb\u30ea\u30a2\n|-damage|p2a: \u30af\u30ec\u30bb\u30ea\u30a2|96\/100\n|\n|upkeep\n|turn|10\n|c|\u2606Jragon003|I have the worst luck\n|inactive|Jragon003 has 120 seconds left.\n|c|\u2606Jragon003|unless you have Covert cloak\n|\n|t:|1700146919\n|move|p2a: \u30af\u30ec\u30bb\u30ea\u30a2|Stored Power|p1a: Turbo\n|-resisted|p1a: Turbo\n|-damage|p1a: Turbo|26\/100\n|move|p1a: Turbo|Sludge Bomb|p2a: \u30af\u30ec\u30bb\u30ea\u30a2\n|-damage|p2a: \u30af\u30ec\u30bb\u30ea\u30a2|92\/100\n|\n|-heal|p1a: Turbo|32\/100|[from] item: Leftovers\n|upkeep\n|turn|11\n|inactive|Jragon003 has 120 seconds left.\n|\n|t:|1700146928\n|move|p2a: \u30af\u30ec\u30bb\u30ea\u30a2|Stored Power|p1a: Turbo\n|-resisted|p1a: Turbo\n|-damage|p1a: Turbo|0 fnt\n|faint|p1a: Turbo\n|\n|upkeep\n|inactive|Jragon003 has 120 seconds left.\n|\n|t:|1700146934\n|switch|p1a: Aboloshir|Gallade, M, shiny|100\/100\n|turn|12\n|\n|t:|1700146939\n|move|p1a: Aboloshir|Sacred Sword|p2a: \u30af\u30ec\u30bb\u30ea\u30a2\n|-damage|p2a: \u30af\u30ec\u30bb\u30ea\u30a2|57\/100\n|move|p2a: \u30af\u30ec\u30bb\u30ea\u30a2|Stored Power|p1a: Aboloshir\n|-damage|p1a: Aboloshir|0 fnt\n|faint|p1a: Aboloshir\n|\n|upkeep\n|\n|t:|1700146947\n|switch|p1a: Achimedes|Noctowl, M|100\/100\n|turn|13\n|\n|t:|1700146966\n|move|p2a: \u30af\u30ec\u30bb\u30ea\u30a2|Moonlight|p2a: \u30af\u30ec\u30bb\u30ea\u30a2\n|-heal|p2a: \u30af\u30ec\u30bb\u30ea\u30a2|100\/100\n|move|p1a: Achimedes|Hypnosis|p2a: \u30af\u30ec\u30bb\u30ea\u30a2\n|-status|p2a: \u30af\u30ec\u30bb\u30ea\u30a2|slp|[from] move: Hypnosis\n|\n|upkeep\n|turn|14\n|\n|t:|1700146978\n|switch|p1a: Shogun|Samurott-Hisui, M|100\/100\n|cant|p2a: \u30af\u30ec\u30bb\u30ea\u30a2|slp\n|\n|upkeep\n|turn|15\n|\n|t:|1700146987\n|move|p1a: Shogun|Ceaseless Edge|p2a: \u30af\u30ec\u30bb\u30ea\u30a2\n|-damage|p2a: \u30af\u30ec\u30bb\u30ea\u30a2|78\/100 slp\n|-sidestart|p2: gwillian|Spikes\n|-curestatus|p2a: \u30af\u30ec\u30bb\u30ea\u30a2|slp|[msg]\n|move|p2a: \u30af\u30ec\u30bb\u30ea\u30a2|Moonblast|p1a: Shogun\n|-supereffective|p1a: Shogun\n|-damage|p1a: Shogun|0 fnt\n|faint|p1a: Shogun\n|\n|upkeep\n|\n|t:|1700146995\n|switch|p1a: Zeus|Raichu, M|100\/100\n|turn|16\n|\n|t:|1700147005\n|move|p1a: Zeus|Focus Blast|p2a: \u30af\u30ec\u30bb\u30ea\u30a2\n|-damage|p2a: \u30af\u30ec\u30bb\u30ea\u30a2|73\/100\n|move|p2a: \u30af\u30ec\u30bb\u30ea\u30a2|Stored Power|p1a: Zeus\n|-enditem|p1a: Zeus|Focus Sash\n|-damage|p1a: Zeus|1\/100\n|\n|upkeep\n|turn|17\n|\n|t:|1700147012\n|move|p1a: Zeus|Focus Blast|p2a: \u30af\u30ec\u30bb\u30ea\u30a2|[miss]\n|-miss|p1a: Zeus|p2a: \u30af\u30ec\u30bb\u30ea\u30a2\n|move|p2a: \u30af\u30ec\u30bb\u30ea\u30a2|Stored Power|p1a: Zeus\n|-damage|p1a: Zeus|0 fnt\n|faint|p1a: Zeus\n|\n|upkeep\n|\n|t:|1700147016\n|switch|p1a: Achimedes|Noctowl, M|100\/100\n|turn|18\n|\n|t:|1700147020\n|move|p2a: \u30af\u30ec\u30bb\u30ea\u30a2|Stored Power|p1a: Achimedes\n|-damage|p1a: Achimedes|0 fnt\n|faint|p1a: Achimedes\n|\n|win|gwillian\n|raw|Jragon003's rating: 1252 &rarr; <strong>1233<\/strong><br \/>(-19 for losing)\n|raw|gwillian's rating: 1335 &rarr; <strong>1350<\/strong><br \/>(+15 for winning)\n|l|\u2606Jragon003\n","uploadtime":1700147031,"views":4,"p1id":"jragon003","p2id":"gwillian","formatid":"gen9anythinggoes","rating":1233,"private":0,"password":""}