{"id":"gen9anythinggoes-2000113617","p1":"DR4N","p2":"MrMimeIsMrKetchum","format":"[Gen 9] Anything Goes","log":"|j|\u2606DR4N\n|j|\u2606MrMimeIsMrKetchum\n|t:|1701157270\n|gametype|singles\n|player|p1|DR4N|lucas-gen4pt|1105\n|player|p2|MrMimeIsMrKetchum|swimmerf-gen4|1271\n|teamsize|p1|6\n|teamsize|p2|6\n|gen|9\n|tier|[Gen 9] Anything Goes\n|rated|\n|rule|HP Percentage Mod: HP is shown in percentages\n|rule|Endless Battle Clause: Forcing endless battles is banned\n|clearpoke\n|poke|p1|Oshawott, M|\n|poke|p1|Lycanroc-Dusk, M|\n|poke|p1|Pawmot, F|\n|poke|p1|Clodsire, M|\n|poke|p1|Gogoat, M|\n|poke|p1|Arcanine, M|\n|poke|p2|Annihilape, M|\n|poke|p2|Blissey, F|\n|poke|p2|Pawmot, M|\n|poke|p2|Rabsca, M|\n|poke|p2|Pelipper, M|\n|poke|p2|Basculegion, M|\n|teampreview\n|inactive|Battle timer is ON: inactive players will automatically lose when time's up. (requested by MrMimeIsMrKetchum)\n|\n|t:|1701157281\n|start\n|switch|p1a: \u30c9\u30aa\u30fc|Clodsire, M, shiny|100\/100\n|switch|p2a: Annihilape|Annihilape, M, shiny|100\/100\n|turn|1\n|\n|t:|1701157287\n|move|p2a: Annihilape|Final Gambit|p1a: \u30c9\u30aa\u30fc\n|-damage|p1a: \u30c9\u30aa\u30fc|9\/100\n|faint|p2a: Annihilape\n|move|p1a: \u30c9\u30aa\u30fc|Recover|p1a: \u30c9\u30aa\u30fc\n|-heal|p1a: \u30c9\u30aa\u30fc|59\/100\n|\n|-heal|p1a: \u30c9\u30aa\u30fc|65\/100|[from] item: Leftovers\n|upkeep\n|\n|t:|1701157310\n|switch|p2a: Rabsca|Rabsca, M, shiny|100\/100\n|turn|2\n|\n|t:|1701157319\n|move|p2a: Rabsca|Revival Blessing|p2a: Rabsca\n|-enditem|p2a: Rabsca|Leppa Berry|[eat]\n|-activate|p2a: Rabsca|item: Leppa Berry|Revival Blessing|[consumed]\n|\n|t:|1701157323\n|-heal|p2: Annihilape|50\/100|[from] move: Revival Blessing\n|move|p1a: \u30c9\u30aa\u30fc|Stealth Rock|p2a: Rabsca\n|-sidestart|p2: MrMimeIsMrKetchum|move: Stealth Rock\n|\n|-heal|p1a: \u30c9\u30aa\u30fc|72\/100|[from] item: Leftovers\n|upkeep\n|turn|3\n|\n|t:|1701157327\n|move|p2a: Rabsca|Psychic|p1a: \u30c9\u30aa\u30fc\n|-supereffective|p1a: \u30c9\u30aa\u30fc\n|-damage|p1a: \u30c9\u30aa\u30fc|35\/100\n|move|p1a: \u30c9\u30aa\u30fc|Recover|p1a: \u30c9\u30aa\u30fc\n|-heal|p1a: \u30c9\u30aa\u30fc|85\/100\n|\n|-heal|p1a: \u30c9\u30aa\u30fc|91\/100|[from] item: Leftovers\n|upkeep\n|turn|4\n|\n|t:|1701157334\n|move|p2a: Rabsca|Psychic|p1a: \u30c9\u30aa\u30fc\n|-supereffective|p1a: \u30c9\u30aa\u30fc\n|-damage|p1a: \u30c9\u30aa\u30fc|55\/100\n|move|p1a: \u30c9\u30aa\u30fc|Earthquake|p2a: Rabsca\n|-resisted|p2a: Rabsca\n|-damage|p2a: Rabsca|86\/100\n|\n|-heal|p1a: \u30c9\u30aa\u30fc|61\/100|[from] item: Leftovers\n|upkeep\n|turn|5\n|\n|t:|1701157340\n|move|p2a: Rabsca|Psychic|p1a: \u30c9\u30aa\u30fc\n|-supereffective|p1a: \u30c9\u30aa\u30fc\n|-damage|p1a: \u30c9\u30aa\u30fc|25\/100\n|move|p1a: \u30c9\u30aa\u30fc|Recover|p1a: \u30c9\u30aa\u30fc\n|-heal|p1a: \u30c9\u30aa\u30fc|75\/100\n|\n|-heal|p1a: \u30c9\u30aa\u30fc|81\/100|[from] item: Leftovers\n|upkeep\n|turn|6\n|\n|t:|1701157356\n|switch|p1a: \u30b4\u30fc\u30b4\u30fc\u30c8|Gogoat, M, shiny|100\/100\n|move|p2a: Rabsca|Psychic|p1a: \u30b4\u30fc\u30b4\u30fc\u30c8\n|-damage|p1a: \u30b4\u30fc\u30b4\u30fc\u30c8|71\/100\n|\n|upkeep\n|turn|7\n|\n|t:|1701157376\n|move|p2a: Rabsca|Bug Buzz|p1a: \u30b4\u30fc\u30b4\u30fc\u30c8\n|-supereffective|p1a: \u30b4\u30fc\u30b4\u30fc\u30c8\n|-damage|p1a: \u30b4\u30fc\u30b4\u30fc\u30c8|8\/100\n|move|p1a: \u30b4\u30fc\u30b4\u30fc\u30c8|Leech Seed|p2a: Rabsca\n|-start|p2a: Rabsca|move: Leech Seed\n|\n|-damage|p2a: Rabsca|73\/100|[from] Leech Seed|[of] p1a: \u30b4\u30fc\u30b4\u30fc\u30c8\n|-heal|p1a: \u30b4\u30fc\u30b4\u30fc\u30c8|18\/100|[silent]\n|upkeep\n|turn|8\n|\n|t:|1701157386\n|switch|p1a: \u30c9\u30aa\u30fc|Clodsire, M, shiny|81\/100\n|move|p2a: Rabsca|Psychic|p1a: \u30c9\u30aa\u30fc\n|-supereffective|p1a: \u30c9\u30aa\u30fc\n|-damage|p1a: \u30c9\u30aa\u30fc|47\/100\n|\n|-heal|p1a: \u30c9\u30aa\u30fc|53\/100|[from] item: Leftovers\n|-damage|p2a: Rabsca|61\/100|[from] Leech Seed|[of] p1a: \u30c9\u30aa\u30fc\n|-heal|p1a: \u30c9\u30aa\u30fc|63\/100|[silent]\n|upkeep\n|turn|9\n|\n|t:|1701157393\n|move|p2a: Rabsca|Psychic|p1a: \u30c9\u30aa\u30fc\n|-supereffective|p1a: \u30c9\u30aa\u30fc\n|-damage|p1a: \u30c9\u30aa\u30fc|26\/100\n|move|p1a: \u30c9\u30aa\u30fc|Recover|p1a: \u30c9\u30aa\u30fc\n|-heal|p1a: \u30c9\u30aa\u30fc|76\/100\n|\n|-heal|p1a: \u30c9\u30aa\u30fc|83\/100|[from] item: Leftovers\n|-damage|p2a: Rabsca|48\/100|[from] Leech Seed|[of] p1a: \u30c9\u30aa\u30fc\n|-heal|p1a: \u30c9\u30aa\u30fc|92\/100|[silent]\n|upkeep\n|turn|10\n|\n|t:|1701157411\n|switch|p2a: Pelipper|Pelipper, M, shiny|100\/100\n|-damage|p2a: Pelipper|75\/100|[from] Stealth Rock\n|-weather|RainDance|[from] ability: Drizzle|[of] p2a: Pelipper\n|move|p1a: \u30c9\u30aa\u30fc|Toxic Spikes|p2a: Pelipper\n|-sidestart|p2: MrMimeIsMrKetchum|move: Toxic Spikes\n|\n|-weather|RainDance|[upkeep]\n|-heal|p1a: \u30c9\u30aa\u30fc|98\/100|[from] item: Leftovers\n|upkeep\n|turn|11\n|\n|t:|1701157421\n|move|p2a: Pelipper|Surf|p1a: \u30c9\u30aa\u30fc\n|-supereffective|p1a: \u30c9\u30aa\u30fc\n|-damage|p1a: \u30c9\u30aa\u30fc|47\/100\n|move|p1a: \u30c9\u30aa\u30fc|Toxic Spikes|p2a: Pelipper\n|-sidestart|p2: MrMimeIsMrKetchum|move: Toxic Spikes\n|\n|-weather|RainDance|[upkeep]\n|-heal|p1a: \u30c9\u30aa\u30fc|53\/100|[from] item: Leftovers\n|upkeep\n|turn|12\n|\n|t:|1701157434\n|move|p2a: Pelipper|Surf|p1a: \u30c9\u30aa\u30fc\n|-supereffective|p1a: \u30c9\u30aa\u30fc\n|-damage|p1a: \u30c9\u30aa\u30fc|8\/100\n|move|p1a: \u30c9\u30aa\u30fc|Recover|p1a: \u30c9\u30aa\u30fc\n|-heal|p1a: \u30c9\u30aa\u30fc|58\/100\n|\n|-weather|RainDance|[upkeep]\n|-heal|p1a: \u30c9\u30aa\u30fc|65\/100|[from] item: Leftovers\n|upkeep\n|turn|13\n|\n|t:|1701157441\n|move|p2a: Pelipper|Surf|p1a: \u30c9\u30aa\u30fc\n|-supereffective|p1a: \u30c9\u30aa\u30fc\n|-damage|p1a: \u30c9\u30aa\u30fc|16\/100\n|move|p1a: \u30c9\u30aa\u30fc|Recover|p1a: \u30c9\u30aa\u30fc\n|-heal|p1a: \u30c9\u30aa\u30fc|66\/100\n|\n|-weather|RainDance|[upkeep]\n|-heal|p1a: \u30c9\u30aa\u30fc|72\/100|[from] item: Leftovers\n|upkeep\n|turn|14\n|\n|t:|1701157458\n|switch|p1a: \u30b4\u30fc\u30b4\u30fc\u30c8|Gogoat, M, shiny|18\/100\n|move|p2a: Pelipper|Surf|p1a: \u30b4\u30fc\u30b4\u30fc\u30c8\n|-resisted|p1a: \u30b4\u30fc\u30b4\u30fc\u30c8\n|-damage|p1a: \u30b4\u30fc\u30b4\u30fc\u30c8|0 fnt\n|faint|p1a: \u30b4\u30fc\u30b4\u30fc\u30c8\n|\n|-weather|RainDance|[upkeep]\n|upkeep\n|\n|t:|1701157462\n|switch|p1a: \u30d1\u30fc\u30e2\u30c3\u30c8|Pawmot, F, shiny|100\/100\n|turn|15\n|\n|t:|1701157481\n|switch|p1a: \u30eb\u30ac\u30eb\u30ac\u30f3|Lycanroc-Dusk, M, shiny|100\/100\n|switch|p2a: Rabsca|Rabsca, M, shiny|48\/100\n|-damage|p2a: Rabsca|23\/100|[from] Stealth Rock\n|-status|p2a: Rabsca|tox\n|\n|-weather|RainDance|[upkeep]\n|-damage|p2a: Rabsca|17\/100 tox|[from] psn\n|upkeep\n|turn|16\n|\n|t:|1701157489\n|move|p1a: \u30eb\u30ac\u30eb\u30ac\u30f3|Accelerock|p2a: Rabsca\n|-supereffective|p2a: Rabsca\n|-damage|p2a: Rabsca|0 fnt\n|faint|p2a: Rabsca\n|-damage|p1a: \u30eb\u30ac\u30eb\u30ac\u30f3|91\/100|[from] item: Life Orb\n|\n|-weather|RainDance|[upkeep]\n|upkeep\n|\n|t:|1701157495\n|switch|p2a: Annihilape|Annihilape, M, shiny|50\/100\n|-damage|p2a: Annihilape|44\/100|[from] Stealth Rock\n|-status|p2a: Annihilape|tox\n|turn|17\n|\n|t:|1701157504\n|switch|p1a: \u30c9\u30aa\u30fc|Clodsire, M, shiny|72\/100\n|move|p2a: Annihilape|Final Gambit|p1a: \u30c9\u30aa\u30fc\n|-damage|p1a: \u30c9\u30aa\u30fc|32\/100\n|faint|p2a: Annihilape\n|\n|-weather|none\n|-heal|p1a: \u30c9\u30aa\u30fc|38\/100|[from] item: Leftovers\n|upkeep\n|\n|t:|1701157508\n|switch|p2a: Pelipper|Pelipper, M, shiny|75\/100\n|-damage|p2a: Pelipper|50\/100|[from] Stealth Rock\n|-weather|RainDance|[from] ability: Drizzle|[of] p2a: Pelipper\n|turn|18\n|\n|t:|1701157515\n|move|p2a: Pelipper|Surf|p1a: \u30c9\u30aa\u30fc\n|-supereffective|p1a: \u30c9\u30aa\u30fc\n|-damage|p1a: \u30c9\u30aa\u30fc|0 fnt\n|faint|p1a: \u30c9\u30aa\u30fc\n|\n|-weather|RainDance|[upkeep]\n|upkeep\n|\n|t:|1701157519\n|switch|p1a: \u30eb\u30ac\u30eb\u30ac\u30f3|Lycanroc-Dusk, M, shiny|91\/100\n|turn|19\n|\n|t:|1701157527\n|-terastallize|p2a: Pelipper|Ground\n|move|p1a: \u30eb\u30ac\u30eb\u30ac\u30f3|Accelerock|p2a: Pelipper\n|-resisted|p2a: Pelipper\n|-damage|p2a: Pelipper|33\/100\n|-damage|p1a: \u30eb\u30ac\u30eb\u30ac\u30f3|81\/100|[from] item: Life Orb\n|move|p2a: Pelipper|Surf|p1a: \u30eb\u30ac\u30eb\u30ac\u30f3\n|-supereffective|p1a: \u30eb\u30ac\u30eb\u30ac\u30f3\n|-damage|p1a: \u30eb\u30ac\u30eb\u30ac\u30f3|0 fnt\n|faint|p1a: \u30eb\u30ac\u30eb\u30ac\u30f3\n|\n|-weather|RainDance|[upkeep]\n|upkeep\n|\n|t:|1701157535\n|switch|p1a: \u30df\u30b8\u30e5\u30de\u30eb|Oshawott, M, shiny|100\/100\n|turn|20\n|\n|t:|1701157544\n|move|p2a: Pelipper|Hurricane|p1a: \u30df\u30b8\u30e5\u30de\u30eb\n|-damage|p1a: \u30df\u30b8\u30e5\u30de\u30eb|13\/100\n|-start|p1a: \u30df\u30b8\u30e5\u30de\u30eb|confusion\n|-activate|p1a: \u30df\u30b8\u30e5\u30de\u30eb|confusion\n|move|p1a: \u30df\u30b8\u30e5\u30de\u30eb|Avalanche|p2a: Pelipper\n|-supereffective|p2a: Pelipper\n|-damage|p2a: Pelipper|0 fnt\n|faint|p2a: Pelipper\n|\n|-weather|RainDance|[upkeep]\n|upkeep\n|\n|t:|1701157556\n|switch|p2a: Pawmot|Pawmot, M, shiny|100\/100\n|-damage|p2a: Pawmot|94\/100|[from] Stealth Rock\n|-status|p2a: Pawmot|tox\n|turn|21\n|\n|t:|1701157566\n|move|p2a: Pawmot|Revival Blessing|p2a: Pawmot\n|-enditem|p2a: Pawmot|Leppa Berry|[eat]\n|-activate|p2a: Pawmot|item: Leppa Berry|Revival Blessing|[consumed]\n|\n|t:|1701157581\n|-heal|p2: Pelipper|50\/100|[from] move: Revival Blessing\n|-activate|p1a: \u30df\u30b8\u30e5\u30de\u30eb|confusion\n|move|p1a: \u30df\u30b8\u30e5\u30de\u30eb|Copycat|p1a: \u30df\u30b8\u30e5\u30de\u30eb\n|move|p1a: \u30df\u30b8\u30e5\u30de\u30eb|Revival Blessing|p1a: \u30df\u30b8\u30e5\u30de\u30eb|[from]move: Copycat\n|\n|t:|1701157589\n|-heal|p1: \u30eb\u30ac\u30eb\u30ac\u30f3|50\/100|[from] move: Revival Blessing\n|\n|-weather|RainDance|[upkeep]\n|-damage|p2a: Pawmot|88\/100 tox|[from] psn\n|upkeep\n|turn|22\n|\n|t:|1701157600\n|-end|p1a: \u30df\u30b8\u30e5\u30de\u30eb|confusion\n|move|p1a: \u30df\u30b8\u30e5\u30de\u30eb|Aqua Jet|p2a: Pawmot\n|-damage|p2a: Pawmot|46\/100 tox\n|move|p2a: Pawmot|Volt Switch|p1a: \u30df\u30b8\u30e5\u30de\u30eb\n|-supereffective|p1a: \u30df\u30b8\u30e5\u30de\u30eb\n|-damage|p1a: \u30df\u30b8\u30e5\u30de\u30eb|0 fnt\n|faint|p1a: \u30df\u30b8\u30e5\u30de\u30eb\n|\n|t:|1701157614\n|switch|p2a: Pelipper|Pelipper, M, shiny|50\/100|[from] Volt Switch\n|-damage|p2a: Pelipper|25\/100|[from] Stealth Rock\n|\n|-weather|RainDance|[upkeep]\n|upkeep\n|\n|t:|1701157617\n|switch|p1a: \u30eb\u30ac\u30eb\u30ac\u30f3|Lycanroc-Dusk, M, shiny|50\/100\n|turn|23\n|\n|t:|1701157631\n|switch|p2a: Pawmot|Pawmot, M, shiny|46\/100 tox\n|-damage|p2a: Pawmot|40\/100 tox|[from] Stealth Rock\n|move|p1a: \u30eb\u30ac\u30eb\u30ac\u30f3|Accelerock|p2a: Pawmot\n|-resisted|p2a: Pawmot\n|-damage|p2a: Pawmot|18\/100 tox\n|-damage|p1a: \u30eb\u30ac\u30eb\u30ac\u30f3|40\/100|[from] item: Life Orb\n|\n|-weather|RainDance|[upkeep]\n|-damage|p2a: Pawmot|12\/100 tox|[from] psn\n|upkeep\n|turn|24\n|\n|t:|1701157640\n|move|p1a: \u30eb\u30ac\u30eb\u30ac\u30f3|Accelerock|p2a: Pawmot\n|-resisted|p2a: Pawmot\n|-damage|p2a: Pawmot|0 fnt\n|faint|p2a: Pawmot\n|-damage|p1a: \u30eb\u30ac\u30eb\u30ac\u30f3|30\/100|[from] item: Life Orb\n|\n|-weather|RainDance|[upkeep]\n|upkeep\n|\n|t:|1701157649\n|switch|p2a: Blissey|Blissey, F, shiny|100\/100\n|-damage|p2a: Blissey|88\/100|[from] Stealth Rock\n|-status|p2a: Blissey|tox\n|turn|25\n|\n|t:|1701157661\n|-terastallize|p1a: \u30eb\u30ac\u30eb\u30ac\u30f3|Fighting\n|move|p1a: \u30eb\u30ac\u30eb\u30ac\u30f3|Close Combat|p2a: Blissey\n|-supereffective|p2a: Blissey\n|-damage|p2a: Blissey|0 fnt\n|-unboost|p1a: \u30eb\u30ac\u30eb\u30ac\u30f3|def|1\n|-unboost|p1a: \u30eb\u30ac\u30eb\u30ac\u30f3|spd|1\n|faint|p2a: Blissey\n|-damage|p1a: \u30eb\u30ac\u30eb\u30ac\u30f3|20\/100|[from] item: Life Orb\n|\n|-weather|none\n|upkeep\n|\n|t:|1701157668\n|switch|p2a: Pelipper|Pelipper, M, shiny|25\/100\n|-damage|p2a: Pelipper|0 fnt|[from] Stealth Rock\n|faint|p2a: Pelipper\n|\n|t:|1701157671\n|switch|p2a: Basculegion|Basculegion, M, shiny|100\/100\n|-damage|p2a: Basculegion|88\/100|[from] Stealth Rock\n|-status|p2a: Basculegion|tox\n|turn|26\n|\n|t:|1701157676\n|move|p1a: \u30eb\u30ac\u30eb\u30ac\u30f3|Accelerock|p2a: Basculegion\n|-damage|p2a: Basculegion|49\/100 tox\n|-damage|p1a: \u30eb\u30ac\u30eb\u30ac\u30f3|10\/100|[from] item: Life Orb\n|move|p2a: Basculegion|Last Respects|p1a: \u30eb\u30ac\u30eb\u30ac\u30f3\n|-damage|p1a: \u30eb\u30ac\u30eb\u30ac\u30f3|0 fnt\n|faint|p1a: \u30eb\u30ac\u30eb\u30ac\u30f3\n|\n|-damage|p2a: Basculegion|43\/100 tox|[from] psn\n|upkeep\n|\n|t:|1701157686\n|switch|p1a: \u30d1\u30fc\u30e2\u30c3\u30c8|Pawmot, F, shiny|100\/100\n|turn|27\n|\n|t:|1701157689\n|move|p1a: \u30d1\u30fc\u30e2\u30c3\u30c8|Revival Blessing|p1a: \u30d1\u30fc\u30e2\u30c3\u30c8\n|\n|t:|1701157692\n|-heal|p1: \u30eb\u30ac\u30eb\u30ac\u30f3|50\/100|[from] move: Revival Blessing\n|move|p2a: Basculegion|Last Respects|p1a: \u30d1\u30fc\u30e2\u30c3\u30c8\n|-enditem|p1a: \u30d1\u30fc\u30e2\u30c3\u30c8|Focus Sash\n|-damage|p1a: \u30d1\u30fc\u30e2\u30c3\u30c8|1\/100\n|\n|-damage|p2a: Basculegion|31\/100 tox|[from] psn\n|upkeep\n|turn|28\n|-message|MrMimeIsMrKetchum forfeited.\n|\n|win|DR4N\n|raw|DR4N's rating: 1105 &rarr; <strong>1141<\/strong><br \/>(+36 for winning)\n|raw|MrMimeIsMrKetchum's rating: 1271 &rarr; <strong>1235<\/strong><br \/>(-36 for losing)\n|l|\u2606MrMimeIsMrKetchum\n|c|\u2606DR4N|Ez\n","uploadtime":1701157713,"views":0,"p1id":"dr4n","p2id":"mrmimeismrketchum","formatid":"gen9anythinggoes","rating":1141,"private":0,"password":""}