{"id":"gen9anythinggoes-1986769770","p1":"DR4N","p2":"Depresso espresso7","format":"[Gen 9] Anything Goes","log":"|j|\u2606DR4N\n|j|\u2606Depresso espresso7\n|t:|1699522401\n|gametype|singles\n|player|p1|DR4N|lucas-gen4pt|1186\n|player|p2|Depresso espresso7|unknown|1305\n|teamsize|p1|6\n|teamsize|p2|6\n|gen|9\n|tier|[Gen 9] Anything Goes\n|rated|\n|rule|HP Percentage Mod: HP is shown in percentages\n|rule|Endless Battle Clause: Forcing endless battles is banned\n|clearpoke\n|poke|p1|Espeon, F|\n|poke|p1|Lycanroc-Dusk, M|\n|poke|p1|Pawmot, F|\n|poke|p1|Clodsire, M|\n|poke|p1|Gogoat, M|\n|poke|p1|Arcanine, M|\n|poke|p2|Donphan, L1, M|\n|poke|p2|Ursaluna-Bloodmoon, M|\n|poke|p2|Espathra, M|\n|poke|p2|Annihilape, M|\n|poke|p2|Glimmora, M|\n|poke|p2|Trevenant, F|\n|teampreview\n|inactive|Battle timer is ON: inactive players will automatically lose when time's up. (requested by Depresso espresso7)\n|\n|t:|1699522406\n|start\n|switch|p1a: Stella|Espeon, F, shiny|100\/100\n|switch|p2a: Glimmora|Glimmora, M|100\/100\n|turn|1\n|\n|t:|1699522412\n|move|p1a: Stella|Calm Mind|p1a: Stella\n|-boost|p1a: Stella|spa|1\n|-boost|p1a: Stella|spd|1\n|move|p2a: Glimmora|Mortal Spin|p1a: Stella\n|-crit|p1a: Stella\n|-damage|p1a: Stella|82\/100\n|-status|p1a: Stella|psn\n|\n|-damage|p1a: Stella|70\/100 psn|[from] psn\n|upkeep\n|turn|2\n|\n|t:|1699522419\n|switch|p2a: Espathra|Espathra, M|100\/100\n|move|p1a: Stella|Calm Mind|p1a: Stella\n|-boost|p1a: Stella|spa|1\n|-boost|p1a: Stella|spd|1\n|-ability|p2a: Espathra|Opportunist|boost\n|-boost|p2a: Espathra|spa|1\n|-boost|p2a: Espathra|spd|1\n|-enditem|p2a: Espathra|Mirror Herb\n|-boost|p2a: Espathra|spa|1|[from] item: Mirror Herb\n|-boost|p2a: Espathra|spd|1|[from] item: Mirror Herb\n|\n|-damage|p1a: Stella|57\/100 psn|[from] psn\n|upkeep\n|turn|3\n|\n|t:|1699522434\n|-terastallize|p1a: Stella|Ghost\n|move|p1a: Stella|Shadow Ball|p2a: Espathra\n|-supereffective|p2a: Espathra\n|-damage|p2a: Espathra|0 fnt\n|faint|p2a: Espathra\n|\n|-damage|p1a: Stella|45\/100 psn|[from] psn\n|upkeep\n|\n|t:|1699522449\n|switch|p2a: Ursaluna|Ursaluna-Bloodmoon, M|100\/100\n|turn|4\n|\n|t:|1699522454\n|move|p1a: Stella|Stored Power|p2a: Ursaluna\n|-damage|p2a: Ursaluna|21\/100\n|move|p2a: Ursaluna|Earth Power|p1a: Stella\n|-damage|p1a: Stella|8\/100 psn\n|-enditem|p1a: Stella|Salac Berry|[eat]\n|-boost|p1a: Stella|spe|1|[from] item: Salac Berry\n|\n|-damage|p1a: Stella|0 fnt|[from] psn\n|faint|p1a: Stella\n|upkeep\n|\n|t:|1699522466\n|switch|p1a: Sonic|Lycanroc-Dusk, M, shiny|100\/100\n|turn|5\n|\n|t:|1699522472\n|switch|p2a: Glimmora|Glimmora, M|100\/100\n|move|p1a: Sonic|Crunch|p2a: Glimmora\n|-damage|p2a: Glimmora|54\/100\n|-damage|p1a: Sonic|84\/100|[from] item: Rocky Helmet|[of] p2a: Glimmora\n|-activate|p2a: Glimmora|ability: Toxic Debris\n|-sidestart|p1: DR4N|move: Toxic Spikes\n|-damage|p1a: Sonic|74\/100|[from] item: Life Orb\n|\n|upkeep\n|turn|6\n|\n|t:|1699522486\n|move|p1a: Sonic|Swords Dance|p1a: Sonic\n|-boost|p1a: Sonic|atk|2\n|move|p2a: Glimmora|Mortal Spin|p1a: Sonic\n|-resisted|p1a: Sonic\n|-damage|p1a: Sonic|69\/100\n|-status|p1a: Sonic|psn\n|\n|-damage|p1a: Sonic|57\/100 psn|[from] psn\n|upkeep\n|turn|7\n|\n|t:|1699522492\n|move|p1a: Sonic|Swords Dance|p1a: Sonic\n|-boost|p1a: Sonic|atk|2\n|move|p2a: Glimmora|Memento|p1a: Sonic\n|-unboost|p1a: Sonic|atk|2\n|-unboost|p1a: Sonic|spa|2\n|faint|p2a: Glimmora\n|\n|-damage|p1a: Sonic|44\/100 psn|[from] psn\n|upkeep\n|\n|t:|1699522495\n|switch|p2a: Donphan|Donphan, L1, M|100\/100\n|turn|8\n|\n|t:|1699522507\n|move|p1a: Sonic|Close Combat|p2a: Donphan\n|-ability|p2a: Donphan|Sturdy\n|-damage|p2a: Donphan|8\/100\n|-unboost|p1a: Sonic|def|1\n|-unboost|p1a: Sonic|spd|1\n|-damage|p1a: Sonic|34\/100 psn|[from] item: Life Orb\n|move|p2a: Donphan|Endeavor|p1a: Sonic\n|-damage|p1a: Sonic|1\/100 psn\n|-heal|p2a: Donphan|100\/100|[from] item: Shell Bell|[of] p1a: Sonic\n|\n|-damage|p1a: Sonic|0 fnt|[from] psn\n|faint|p1a: Sonic\n|upkeep\n|\n|t:|1699522523\n|switch|p1a: Bobby|Clodsire, M, shiny|100\/100\n|-sideend|p1: DR4N|move: Toxic Spikes|[of] p1a: Bobby\n|turn|9\n|\n|t:|1699522528\n|move|p2a: Donphan|Protect|p2a: Donphan\n|-singleturn|p2a: Donphan|Protect\n|move|p1a: Bobby|Yawn|p2a: Donphan\n|-activate|p2a: Donphan|move: Protect\n|\n|upkeep\n|turn|10\n|\n|t:|1699522533\n|move|p1a: Bobby|Yawn|p2a: Donphan\n|-start|p2a: Donphan|move: Yawn|[of] p1a: Bobby\n|move|p2a: Donphan|Encore|p1a: Bobby\n|-start|p1a: Bobby|Encore\n|\n|upkeep\n|turn|11\n|\n|t:|1699522543\n|switch|p1a: Billy|Gogoat, M, shiny|100\/100\n|switch|p2a: Trevenant|Trevenant, F|100\/100\n|\n|upkeep\n|turn|12\n|\n|t:|1699522551\n|move|p1a: Billy|Earthquake|p2a: Trevenant\n|-resisted|p2a: Trevenant\n|-damage|p2a: Trevenant|84\/100\n|move|p2a: Trevenant|Substitute|p2a: Trevenant\n|-start|p2a: Trevenant|Substitute\n|-damage|p2a: Trevenant|59\/100\n|\n|upkeep\n|turn|13\n|\n|t:|1699522557\n|move|p1a: Billy|Earthquake|p2a: Trevenant\n|-resisted|p2a: Trevenant\n|-activate|p2a: Trevenant|move: Substitute|[damage]\n|move|p2a: Trevenant|Curse|p1a: Billy\n|-start|p1a: Billy|Curse|[of] p2a: Trevenant\n|-damage|p2a: Trevenant|9\/100\n|-enditem|p2a: Trevenant|Sitrus Berry|[eat]\n|-heal|p2a: Trevenant|34\/100|[from] item: Sitrus Berry\n|\n|-damage|p1a: Billy|76\/100|[from] Curse\n|-item|p2a: Trevenant|Sitrus Berry|[from] ability: Harvest\n|upkeep\n|-enditem|p2a: Trevenant|Sitrus Berry|[eat]\n|-heal|p2a: Trevenant|59\/100|[from] item: Sitrus Berry\n|turn|14\n|\n|t:|1699522567\n|move|p1a: Billy|Earthquake|p2a: Trevenant\n|-resisted|p2a: Trevenant\n|-end|p2a: Trevenant|Substitute\n|move|p2a: Trevenant|Night Shade|p1a: Billy\n|-damage|p1a: Billy|53\/100\n|\n|-damage|p1a: Billy|29\/100|[from] Curse\n|upkeep\n|turn|15\n|\n|t:|1699522576\n|switch|p1a: Mick|Arcanine, M, shiny|100\/100\n|move|p2a: Trevenant|Substitute|p2a: Trevenant\n|-start|p2a: Trevenant|Substitute\n|-damage|p2a: Trevenant|34\/100\n|\n|upkeep\n|turn|16\n|\n|t:|1699522584\n|move|p1a: Mick|Flamethrower|p2a: Trevenant\n|-supereffective|p2a: Trevenant\n|-end|p2a: Trevenant|Substitute\n|move|p2a: Trevenant|Leech Seed|p1a: Mick\n|-start|p1a: Mick|move: Leech Seed\n|\n|-damage|p1a: Mick|88\/100|[from] Leech Seed|[of] p2a: Trevenant\n|-heal|p2a: Trevenant|45\/100|[silent]\n|upkeep\n|turn|17\n|\n|t:|1699522599\n|switch|p2a: Ursaluna|Ursaluna-Bloodmoon, M|21\/100\n|move|p1a: Mick|Dragon Pulse|p2a: Ursaluna\n|-damage|p2a: Ursaluna|2\/100\n|\n|-damage|p1a: Mick|76\/100|[from] Leech Seed|[of] p2a: Ursaluna\n|-heal|p2a: Ursaluna|12\/100|[silent]\n|upkeep\n|turn|18\n|\n|t:|1699522610\n|move|p1a: Mick|Flamethrower|p2a: Ursaluna\n|-damage|p2a: Ursaluna|0 fnt\n|faint|p2a: Ursaluna\n|\n|upkeep\n|\n|t:|1699522616\n|switch|p2a: Annihilape|Annihilape, M|100\/100\n|turn|19\n|\n|t:|1699522623\n|move|p2a: Annihilape|Drain Punch|p1a: Mick\n|-damage|p1a: Mick|38\/100\n|move|p1a: Mick|Flamethrower|p2a: Annihilape\n|-damage|p2a: Annihilape|59\/100\n|\n|-damage|p1a: Mick|25\/100|[from] Leech Seed|[of] p2a: Annihilape\n|-heal|p2a: Annihilape|69\/100|[silent]\n|upkeep\n|turn|20\n|\n|t:|1699522633\n|switch|p1a: Bobby|Clodsire, M, shiny|100\/100\n|move|p2a: Annihilape|Rage Fist|p1a: Bobby\n|-damage|p1a: Bobby|61\/100\n|\n|-heal|p1a: Bobby|67\/100|[from] item: Black Sludge\n|upkeep\n|turn|21\n|\n|t:|1699522645\n|move|p2a: Annihilape|Rage Fist|p1a: Bobby\n|-damage|p1a: Bobby|23\/100\n|move|p1a: Bobby|Toxic Spikes|p2a: Annihilape\n|-sidestart|p2: Depresso espresso7|move: Toxic Spikes\n|\n|-heal|p1a: Bobby|29\/100|[from] item: Black Sludge\n|upkeep\n|turn|22\n|\n|t:|1699522654\n|move|p1a: Bobby|Protect|p1a: Bobby\n|-singleturn|p1a: Bobby|Protect\n|move|p2a: Annihilape|Rage Fist|p1a: Bobby\n|-activate|p1a: Bobby|move: Protect\n|\n|-heal|p1a: Bobby|36\/100|[from] item: Black Sludge\n|upkeep\n|turn|23\n|\n|t:|1699522673\n|move|p2a: Annihilape|Rage Fist|p1a: Bobby\n|-damage|p1a: Bobby|0 fnt\n|faint|p1a: Bobby\n|\n|upkeep\n|\n|t:|1699522676\n|switch|p1a: Mallow|Pawmot, F, shiny|100\/100\n|turn|24\n|\n|t:|1699522685\n|move|p1a: Mallow|Nuzzle|p2a: Annihilape\n|-damage|p2a: Annihilape|60\/100\n|-status|p2a: Annihilape|par\n|move|p2a: Annihilape|Rage Fist|p1a: Mallow\n|-damage|p1a: Mallow|25\/100\n|\n|upkeep\n|turn|25\n|\n|t:|1699522695\n|move|p1a: Mallow|Revival Blessing|p1a: Mallow\n|\n|t:|1699522701\n|-heal|p1: Stella|50\/100|[from] move: Revival Blessing\n|move|p2a: Annihilape|Rage Fist|p1a: Mallow\n|-damage|p1a: Mallow|0 fnt\n|faint|p1a: Mallow\n|\n|upkeep\n|\n|t:|1699522710\n|switch|p1a: Stella|Espeon, F, shiny|50\/100\n|turn|26\n|\n|t:|1699522714\n|move|p1a: Stella|Shadow Ball|p2a: Annihilape\n|-supereffective|p2a: Annihilape\n|-damage|p2a: Annihilape|10\/100 par\n|-enditem|p2a: Annihilape|Salac Berry|[eat]\n|-boost|p2a: Annihilape|spe|1|[from] item: Salac Berry\n|cant|p2a: Annihilape|par\n|\n|upkeep\n|turn|27\n|\n|t:|1699522722\n|move|p2a: Annihilape|Endure|p2a: Annihilape\n|-singleturn|p2a: Annihilape|move: Endure\n|move|p1a: Stella|Shadow Ball|p2a: Annihilape\n|-supereffective|p2a: Annihilape\n|-activate|p2a: Annihilape|move: Endure\n|-damage|p2a: Annihilape|1\/100 par\n|\n|upkeep\n|turn|28\n|\n|t:|1699522732\n|move|p1a: Stella|Shadow Ball|p2a: Annihilape\n|-supereffective|p2a: Annihilape\n|-damage|p2a: Annihilape|0 fnt\n|faint|p2a: Annihilape\n|\n|upkeep\n|\n|t:|1699522736\n|switch|p2a: Trevenant|Trevenant, F|45\/100\n|-status|p2a: Trevenant|psn\n|turn|29\n|\n|t:|1699522740\n|move|p1a: Stella|Shadow Ball|p2a: Trevenant\n|-supereffective|p2a: Trevenant\n|-damage|p2a: Trevenant|2\/100 psn\n|move|p2a: Trevenant|Curse|p1a: Stella\n|-start|p1a: Stella|Curse|[of] p2a: Trevenant\n|-damage|p2a: Trevenant|0 fnt\n|faint|p2a: Trevenant\n|\n|-damage|p1a: Stella|26\/100|[from] Curse\n|upkeep\n|\n|t:|1699522751\n|switch|p2a: Donphan|Donphan, L1, M|100\/100\n|-status|p2a: Donphan|psn\n|turn|30\n|\n|t:|1699522755\n|move|p1a: Stella|Draining Kiss|p2a: Donphan\n|-ability|p2a: Donphan|Sturdy\n|-damage|p2a: Donphan|8\/100 psn\n|-heal|p1a: Stella|29\/100|[from] drain|[of] p2a: Donphan\n|move|p2a: Donphan|Endeavor|p1a: Stella\n|-damage|p1a: Stella|1\/100\n|-heal|p2a: Donphan|77\/100 psn|[from] item: Shell Bell|[of] p1a: Stella\n|\n|-damage|p2a: Donphan|70\/100 psn|[from] psn\n|-damage|p1a: Stella|0 fnt|[from] Curse\n|faint|p1a: Stella\n|upkeep\n|-message|Depresso espresso7 forfeited.\n|\n|win|DR4N\n|raw|DR4N's rating: 1186 &rarr; <strong>1219<\/strong><br \/>(+33 for winning)\n|raw|Depresso espresso7's rating: 1305 &rarr; <strong>1278<\/strong><br \/>(-27 for losing)\n|l|\u2606Depresso espresso7\n","uploadtime":1699522775,"views":5,"p1id":"dr4n","p2id":"depressoespresso7","formatid":"gen9anythinggoes","rating":1219,"private":0,"password":""}