{"id":"gen9anythinggoes-1980149187","p1":"TaxFraud094","p2":"Apprenti buck","format":"[Gen 9] Anything Goes","log":"|j|\u2606TaxFraud094\n|j|\u203dApprenti buck\n|inactive|Battle timer is ON: inactive players will automatically lose when time's up.\n|t:|1698761631\n|gametype|singles\n|player|p1|TaxFraud094|acetrainerf-gen4|\n|player|p2|Apprenti buck|rye|\n|teamsize|p1|6\n|teamsize|p2|6\n|gen|9\n|tier|[Gen 9] Anything Goes\n|rated|Tournament battle\n|rule|Tera Type Preview: Tera Types are shown at Team Preview\n|rule|HP Percentage Mod: HP is shown in percentages\n|rule|Endless Battle Clause: Forcing endless battles is banned\n|rule|Bonus Type Mod: Pok\u00e9mon have their Tera Type added onto their current ones.\n|rule|Species Clause: Limit one of each Pok\u00e9mon\n|rule|OHKO Clause: OHKO moves are banned\n|rule|Evasion Moves Clause: Evasion moves are banned\n|rule|Sleep Moves Clause: Sleep-inducing moves are banned\n|rule|Evasion Clause: Evasion abilities, items, and moves are banned\n|rule|Evasion Abilities Clause: Evasion abilities are banned\n|rule|Evasion Items Clause: Evasion items are banned\n|rule|Terastal Clause: You cannot Terastallize\n|clearpoke\n|poke|p1|Ninetales-Alola, M|\n|poke|p1|Baxcalibur, M|\n|poke|p1|Kingambit, M|\n|poke|p1|Volcarona, M|\n|poke|p1|Ursaluna, M|\n|poke|p1|Iron Valiant|\n|poke|p2|Dondozo, F|\n|poke|p2|Blissey, F|\n|poke|p2|Great Tusk|\n|poke|p2|Alomomola, M|\n|poke|p2|Clodsire, M|\n|poke|p2|Toxapex, M|\n|teampreview\n|raw|TaxFraud094's Tera Types:<br \/><psicon pokemon=\"ninetalesalola\" \/><psicon type=\"Water\" \/> \/ <psicon pokemon=\"baxcalibur\" \/><psicon type=\"Ground\" \/> \/ <psicon pokemon=\"kingambit\" \/><psicon type=\"Ghost\" \/> \/ <psicon pokemon=\"volcarona\" \/><psicon type=\"Grass\" \/> \/ <psicon pokemon=\"ursaluna\" \/><psicon type=\"Ghost\" \/> \/ <psicon pokemon=\"ironvaliant\" \/><psicon type=\"Ghost\" \/>\n|raw|Apprenti buck's Tera Types:<br \/><psicon pokemon=\"dondozo\" \/><psicon type=\"Fairy\" \/> \/ <psicon pokemon=\"blissey\" \/><psicon type=\"Ghost\" \/> \/ <psicon pokemon=\"greattusk\" \/><psicon type=\"Water\" \/> \/ <psicon pokemon=\"alomomola\" \/><psicon type=\"Flying\" \/> \/ <psicon pokemon=\"clodsire\" \/><psicon type=\"Dark\" \/> \/ <psicon pokemon=\"toxapex\" \/><psicon type=\"Dark\" \/>\n|inactive|Apprenti buck also wants the timer to be on.\n|inactive|TaxFraud094 also wants the timer to be on.\n|j| jb291\n|j| zombeas\n|j|#KaenSoul\n|j|%Gimlaf\n|\n|t:|1698761655\n|start\n|switch|p1a: Ninetales|Ninetales-Alola, M, shiny|100\/100\n|switch|p2a: Toxapex|Toxapex, M|100\/100\n|-start|p1a: Ninetales|typechange|Ice\/Fairy\/Water|[silent]\n|-weather|Snow|[from] ability: Snow Warning|[of] p1a: Ninetales\n|-start|p2a: Toxapex|typechange|Poison\/Water\/Dark|[silent]\n|-start|p1a: Ninetales|typechange|Ice\/Fairy\/Water|[silent]\n|-start|p2a: Toxapex|typechange|Poison\/Water\/Dark|[silent]\n|turn|1\n|\n|t:|1698761674\n|switch|p1a: Ursaluna|Ursaluna, M|100\/100\n|-start|p1a: Ursaluna|typechange|Ground\/Normal\/Ghost|[silent]\n|move|p2a: Toxapex|Toxic Spikes|p1a: Ursaluna\n|-sidestart|p1: TaxFraud094|move: Toxic Spikes\n|\n|-weather|Snow|[upkeep]\n|-status|p1a: Ursaluna|brn|[from] item: Flame Orb\n|upkeep\n|-start|p1a: Ursaluna|typechange|Ground\/Normal\/Ghost|[silent]\n|turn|2\n|j|@kenn\n|\n|t:|1698761687\n|move|p1a: Ursaluna|Facade|p2a: Toxapex\n|-damage|p2a: Toxapex|18\/100\n|move|p2a: Toxapex|Chilling Water|p1a: Ursaluna\n|-supereffective|p1a: Ursaluna\n|-damage|p1a: Ursaluna|80\/100 brn\n|-unboost|p1a: Ursaluna|atk|1\n|\n|-weather|Snow|[upkeep]\n|-damage|p1a: Ursaluna|73\/100 brn|[from] brn\n|upkeep\n|turn|3\n|\n|t:|1698761704\n|switch|p1a: Ninetales|Ninetales-Alola, M, shiny|100\/100\n|-start|p1a: Ninetales|typechange|Ice\/Fairy\/Water|[silent]\n|-status|p1a: Ninetales|psn\n|switch|p2a: Alomomola|Alomomola, M|100\/100\n|-start|p2a: Alomomola|typechange|Water\/Flying|[silent]\n|\n|-weather|Snow|[upkeep]\n|-damage|p1a: Ninetales|88\/100 psn|[from] psn\n|upkeep\n|-start|p1a: Ninetales|typechange|Ice\/Fairy\/Water|[silent]\n|-start|p2a: Alomomola|typechange|Water\/Flying|[silent]\n|turn|4\n|\n|t:|1698761709\n|switch|p2a: Blissey|Blissey, F|100\/100\n|-start|p2a: Blissey|typechange|Normal\/Ghost|[silent]\n|move|p1a: Ninetales|Freeze-Dry|p2a: Blissey\n|-damage|p2a: Blissey|94\/100\n|\n|-weather|Snow|[upkeep]\n|-damage|p1a: Ninetales|76\/100 psn|[from] psn\n|upkeep\n|-start|p2a: Blissey|typechange|Normal\/Ghost|[silent]\n|turn|5\n|\n|t:|1698761715\n|move|p1a: Ninetales|Freeze-Dry|p2a: Blissey\n|-damage|p2a: Blissey|88\/100\n|move|p2a: Blissey|Stealth Rock|p1a: Ninetales\n|-sidestart|p1: TaxFraud094|move: Stealth Rock\n|\n|-weather|none\n|-damage|p1a: Ninetales|64\/100 psn|[from] psn\n|upkeep\n|turn|6\n|\n|t:|1698761723\n|switch|p2a: Clodsire|Clodsire, M|100\/100\n|-start|p2a: Clodsire|typechange|Poison\/Ground\/Dark|[silent]\n|move|p1a: Ninetales|Encore||[still]\n|-fail|p1a: Ninetales\n|\n|-damage|p1a: Ninetales|51\/100 psn|[from] psn\n|upkeep\n|-start|p2a: Clodsire|typechange|Poison\/Ground\/Dark|[silent]\n|turn|7\n|\n|t:|1698761725\n|switch|p1a: Ursaluna|Ursaluna, M|73\/100 brn\n|-start|p1a: Ursaluna|typechange|Ground\/Normal\/Ghost|[silent]\n|-damage|p1a: Ursaluna|67\/100 brn|[from] Stealth Rock\n|move|p2a: Clodsire|Spikes|p1a: Ursaluna\n|-sidestart|p1: TaxFraud094|Spikes\n|\n|-damage|p1a: Ursaluna|61\/100 brn|[from] brn\n|upkeep\n|-start|p1a: Ursaluna|typechange|Ground\/Normal\/Ghost|[silent]\n|turn|8\n|\n|t:|1698761737\n|switch|p2a: Alomomola|Alomomola, M|100\/100\n|-start|p2a: Alomomola|typechange|Water\/Flying|[silent]\n|move|p1a: Ursaluna|Swords Dance|p1a: Ursaluna\n|-boost|p1a: Ursaluna|atk|2\n|\n|-damage|p1a: Ursaluna|55\/100 brn|[from] brn\n|upkeep\n|-start|p2a: Alomomola|typechange|Water\/Flying|[silent]\n|turn|9\n|\n|t:|1698761747\n|switch|p2a: Blissey|Blissey, F|88\/100\n|-start|p2a: Blissey|typechange|Normal\/Ghost|[silent]\n|move|p1a: Ursaluna|Facade|p2a: Blissey\n|-immune|p2a: Blissey\n|\n|-damage|p1a: Ursaluna|48\/100 brn|[from] brn\n|upkeep\n|-start|p2a: Blissey|typechange|Normal\/Ghost|[silent]\n|turn|10\n|\n|t:|1698761750\n|switch|p2a: Dondozo|Dondozo, F|100\/100\n|-start|p2a: Dondozo|typechange|Water\/Fairy|[silent]\n|move|p1a: Ursaluna|Fire Punch|p2a: Dondozo\n|-resisted|p2a: Dondozo\n|-damage|p2a: Dondozo|90\/100\n|\n|-damage|p1a: Ursaluna|42\/100 brn|[from] brn\n|upkeep\n|-start|p2a: Dondozo|typechange|Water\/Fairy|[silent]\n|turn|11\n|\n|t:|1698761757\n|move|p1a: Ursaluna|Facade|p2a: Dondozo\n|-damage|p2a: Dondozo|38\/100\n|move|p2a: Dondozo|Earthquake|p1a: Ursaluna\n|-damage|p1a: Ursaluna|24\/100 brn\n|\n|-damage|p1a: Ursaluna|18\/100 brn|[from] brn\n|upkeep\n|turn|12\n|\n|t:|1698761768\n|move|p1a: Ursaluna|Facade|p2a: Dondozo\n|-damage|p2a: Dondozo|0 fnt\n|faint|p2a: Dondozo\n|\n|-damage|p1a: Ursaluna|12\/100 brn|[from] brn\n|upkeep\n|\n|t:|1698761774\n|switch|p2a: Great Tusk|Great Tusk|100\/100\n|-start|p2a: Great Tusk|typechange|Ground\/Fighting\/Water|[silent]\n|-start|p2a: Great Tusk|typechange|Ground\/Fighting\/Water|[silent]\n|turn|13\n|\n|t:|1698761778\n|move|p2a: Great Tusk|Knock Off|p1a: Ursaluna\n|-supereffective|p1a: Ursaluna\n|-damage|p1a: Ursaluna|0 fnt\n|-enditem|p1a: Ursaluna|Flame Orb|[from] move: Knock Off|[of] p2a: Great Tusk\n|faint|p1a: Ursaluna\n|\n|upkeep\n|\n|t:|1698761782\n|switch|p1a: Volcarona|Volcarona, M|100\/100\n|-start|p1a: Volcarona|typechange|Bug\/Fire\/Grass|[silent]\n|-start|p1a: Volcarona|typechange|Bug\/Fire\/Grass|[silent]\n|turn|14\n|\n|t:|1698761790\n|-end|p2a: Great Tusk|Protosynthesis|[silent]\n|switch|p2a: Clodsire|Clodsire, M|100\/100\n|-start|p2a: Clodsire|typechange|Poison\/Ground\/Dark|[silent]\n|move|p1a: Volcarona|Giga Drain|p2a: Clodsire\n|-damage|p2a: Clodsire|80\/100\n|\n|upkeep\n|-start|p2a: Clodsire|typechange|Poison\/Ground\/Dark|[silent]\n|turn|15\n|\n|t:|1698761794\n|switch|p1a: Kingambit|Kingambit, M|100\/100\n|-start|p1a: Kingambit|typechange|Dark\/Steel\/Ghost|[silent]\n|-damage|p1a: Kingambit|94\/100|[from] Stealth Rock\n|-activate|p1a: Kingambit|ability: Supreme Overlord\n|-start|p1a: Kingambit|fallen1|[silent]\n|-item|p1a: Kingambit|Air Balloon\n|move|p2a: Clodsire|Poison Jab|p1a: Kingambit\n|-immune|p1a: Kingambit\n|\n|upkeep\n|-start|p1a: Kingambit|typechange|Dark\/Steel\/Ghost|[silent]\n|turn|16\n|\n|t:|1698761813\n|switch|p2a: Great Tusk|Great Tusk|100\/100\n|-start|p2a: Great Tusk|typechange|Ground\/Fighting\/Water|[silent]\n|move|p1a: Kingambit|Low Kick|p2a: Great Tusk\n|-damage|p2a: Great Tusk|80\/100\n|\n|upkeep\n|-start|p2a: Great Tusk|typechange|Ground\/Fighting\/Water|[silent]\n|turn|17\n|\n|t:|1698761818\n|-end|p1a: Kingambit|fallen1|[silent]\n|switch|p1a: Ninetales|Ninetales-Alola, M, shiny|51\/100 psn\n|-start|p1a: Ninetales|typechange|Ice\/Fairy\/Water|[silent]\n|-damage|p1a: Ninetales|26\/100 psn|[from] Stealth Rock\n|-damage|p1a: Ninetales|14\/100 psn|[from] Spikes\n|-weather|Snow|[from] ability: Snow Warning|[of] p1a: Ninetales\n|move|p2a: Great Tusk|Knock Off|p1a: Ninetales\n|-resisted|p1a: Ninetales\n|-damage|p1a: Ninetales|3\/100 psn\n|-enditem|p1a: Ninetales|Light Clay|[from] move: Knock Off|[of] p2a: Great Tusk\n|\n|-weather|Snow|[upkeep]\n|-damage|p1a: Ninetales|0 fnt|[from] psn\n|faint|p1a: Ninetales\n|upkeep\n|\n|t:|1698761823\n|switch|p1a: Volcarona|Volcarona, M|100\/100\n|-start|p1a: Volcarona|typechange|Bug\/Fire\/Grass|[silent]\n|-start|p1a: Volcarona|typechange|Bug\/Fire\/Grass|[silent]\n|turn|18\n|\n|t:|1698761829\n|-end|p2a: Great Tusk|Protosynthesis|[silent]\n|switch|p2a: Clodsire|Clodsire, M|80\/100\n|-start|p2a: Clodsire|typechange|Poison\/Ground\/Dark|[silent]\n|move|p1a: Volcarona|Bug Buzz|p2a: Clodsire\n|-damage|p2a: Clodsire|55\/100\n|\n|-weather|Snow|[upkeep]\n|upkeep\n|-start|p2a: Clodsire|typechange|Poison\/Ground\/Dark|[silent]\n|turn|19\n|\n|t:|1698761841\n|switch|p2a: Alomomola|Alomomola, M|100\/100\n|-start|p2a: Alomomola|typechange|Water\/Flying|[silent]\n|move|p1a: Volcarona|Bug Buzz|p2a: Alomomola\n|-resisted|p2a: Alomomola\n|-damage|p2a: Alomomola|70\/100\n|\n|-weather|Snow|[upkeep]\n|upkeep\n|-start|p2a: Alomomola|typechange|Water\/Flying|[silent]\n|turn|20\n|\n|t:|1698761850\n|move|p1a: Volcarona|Quiver Dance|p1a: Volcarona\n|-boost|p1a: Volcarona|spa|1\n|-boost|p1a: Volcarona|spd|1\n|-boost|p1a: Volcarona|spe|1\n|move|p2a: Alomomola|Wish|p2a: Alomomola\n|\n|-weather|Snow|[upkeep]\n|upkeep\n|turn|21\n|\n|t:|1698761856\n|switch|p2a: Clodsire|Clodsire, M|55\/100\n|-start|p2a: Clodsire|typechange|Poison\/Ground\/Dark|[silent]\n|move|p1a: Volcarona|Bug Buzz|p2a: Clodsire\n|-damage|p2a: Clodsire|27\/100\n|\n|-weather|none\n|-heal|p2a: Clodsire|85\/100|[from] move: Wish|[wisher] Alomomola\n|upkeep\n|-start|p2a: Clodsire|typechange|Poison\/Ground\/Dark|[silent]\n|turn|22\n|\n|t:|1698761861\n|switch|p2a: Alomomola|Alomomola, M|100\/100\n|-start|p2a: Alomomola|typechange|Water\/Flying|[silent]\n|move|p1a: Volcarona|Bug Buzz|p2a: Alomomola\n|-resisted|p2a: Alomomola\n|-damage|p2a: Alomomola|57\/100\n|\n|upkeep\n|-start|p2a: Alomomola|typechange|Water\/Flying|[silent]\n|turn|23\n|\n|t:|1698761867\n|switch|p2a: Clodsire|Clodsire, M|85\/100\n|-start|p2a: Clodsire|typechange|Poison\/Ground\/Dark|[silent]\n|move|p1a: Volcarona|Bug Buzz|p2a: Clodsire\n|-damage|p2a: Clodsire|59\/100\n|\n|upkeep\n|-start|p2a: Clodsire|typechange|Poison\/Ground\/Dark|[silent]\n|turn|24\n|\n|t:|1698761874\n|move|p1a: Volcarona|Bug Buzz|p2a: Clodsire\n|-damage|p2a: Clodsire|35\/100\n|move|p2a: Clodsire|Recover|p2a: Clodsire\n|-heal|p2a: Clodsire|85\/100\n|\n|upkeep\n|turn|25\n|\n|t:|1698761878\n|move|p1a: Volcarona|Giga Drain|p2a: Clodsire\n|-damage|p2a: Clodsire|64\/100\n|move|p2a: Clodsire|Poison Jab|p1a: Volcarona\n|-supereffective|p1a: Volcarona\n|-damage|p1a: Volcarona|29\/100\n|\n|upkeep\n|turn|26\n|j| Cerberuspraxis\n|\n|t:|1698761889\n|move|p1a: Volcarona|Giga Drain|p2a: Clodsire\n|-damage|p2a: Clodsire|43\/100\n|-heal|p1a: Volcarona|45\/100|[from] drain|[of] p2a: Clodsire\n|move|p2a: Clodsire|Poison Jab|p1a: Volcarona\n|-supereffective|p1a: Volcarona\n|-damage|p1a: Volcarona|0 fnt\n|faint|p1a: Volcarona\n|\n|upkeep\n|\n|t:|1698761900\n|switch|p1a: Kingambit|Kingambit, M|94\/100\n|-start|p1a: Kingambit|typechange|Dark\/Steel\/Ghost|[silent]\n|-damage|p1a: Kingambit|88\/100|[from] Stealth Rock\n|-activate|p1a: Kingambit|ability: Supreme Overlord\n|-start|p1a: Kingambit|fallen3|[silent]\n|-item|p1a: Kingambit|Air Balloon\n|-start|p1a: Kingambit|typechange|Dark\/Steel\/Ghost|[silent]\n|turn|27\n|\n|t:|1698761904\n|move|p1a: Kingambit|Swords Dance|p1a: Kingambit\n|-boost|p1a: Kingambit|atk|2\n|move|p2a: Clodsire|Haze|p2a: Clodsire\n|-clearallboost\n|\n|upkeep\n|turn|28\n|\n|t:|1698761915\n|move|p1a: Kingambit|Low Kick|p2a: Clodsire\n|-damage|p2a: Clodsire|0 fnt\n|faint|p2a: Clodsire\n|\n|upkeep\n|\n|t:|1698761917\n|switch|p2a: Great Tusk|Great Tusk|80\/100\n|-start|p2a: Great Tusk|typechange|Ground\/Fighting\/Water|[silent]\n|-start|p2a: Great Tusk|typechange|Ground\/Fighting\/Water|[silent]\n|turn|29\n|\n|t:|1698761927\n|-end|p1a: Kingambit|fallen3|[silent]\n|switch|p1a: Baxcalibur|Baxcalibur, M|100\/100\n|-start|p1a: Baxcalibur|typechange|Dragon\/Ice\/Ground|[silent]\n|-status|p1a: Baxcalibur|psn\n|-damage|p1a: Baxcalibur|88\/100 psn|[from] Stealth Rock\n|-damage|p1a: Baxcalibur|76\/100 psn|[from] Spikes\n|move|p2a: Great Tusk|Knock Off|p1a: Baxcalibur\n|-damage|p1a: Baxcalibur|49\/100 psn\n|-enditem|p1a: Baxcalibur|Loaded Dice|[from] move: Knock Off|[of] p2a: Great Tusk\n|\n|-damage|p1a: Baxcalibur|36\/100 psn|[from] psn\n|upkeep\n|-start|p1a: Baxcalibur|typechange|Dragon\/Ice\/Ground|[silent]\n|turn|30\n|\n|t:|1698761940\n|-end|p2a: Great Tusk|Protosynthesis|[silent]\n|switch|p2a: Alomomola|Alomomola, M|90\/100\n|-start|p2a: Alomomola|typechange|Water\/Flying|[silent]\n|move|p1a: Baxcalibur|Swords Dance|p1a: Baxcalibur\n|-boost|p1a: Baxcalibur|atk|2\n|\n|-damage|p1a: Baxcalibur|24\/100 psn|[from] psn\n|upkeep\n|-start|p2a: Alomomola|typechange|Water\/Flying|[silent]\n|turn|31\n|\n|t:|1698761946\n|move|p1a: Baxcalibur|Scale Shot|p2a: Alomomola\n|-damage|p2a: Alomomola|76\/100\n|-damage|p2a: Alomomola|60\/100\n|-damage|p2a: Alomomola|44\/100\n|-hitcount|p2a: Alomomola|3\n|-unboost|p1a: Baxcalibur|def|1\n|-boost|p1a: Baxcalibur|spe|1\n|move|p2a: Alomomola|Wish|p2a: Alomomola\n|\n|-damage|p1a: Baxcalibur|12\/100 psn|[from] psn\n|upkeep\n|turn|32\n|\n|t:|1698761954\n|move|p2a: Alomomola|Protect|p2a: Alomomola\n|-singleturn|p2a: Alomomola|Protect\n|move|p1a: Baxcalibur|Swords Dance|p1a: Baxcalibur\n|-boost|p1a: Baxcalibur|atk|2\n|\n|-heal|p2a: Alomomola|94\/100|[from] move: Wish|[wisher] Alomomola\n|-damage|p1a: Baxcalibur|0 fnt|[from] psn\n|faint|p1a: Baxcalibur\n|upkeep\n|\n|t:|1698761970\n|switch|p1a: Iron Valiant|Iron Valiant|100\/100\n|-start|p1a: Iron Valiant|typechange|Fairy\/Fighting\/Ghost|[silent]\n|-status|p1a: Iron Valiant|psn\n|-damage|p1a: Iron Valiant|94\/100 psn|[from] Stealth Rock\n|-damage|p1a: Iron Valiant|82\/100 psn|[from] Spikes\n|-enditem|p1a: Iron Valiant|Booster Energy\n|-activate|p1a: Iron Valiant|ability: Quark Drive|[fromitem]\n|-start|p1a: Iron Valiant|quarkdrivespe\n|-start|p1a: Iron Valiant|typechange|Fairy\/Fighting\/Ghost|[silent]\n|turn|33\n|\n|t:|1698761974\n|switch|p2a: Blissey|Blissey, F|88\/100\n|-start|p2a: Blissey|typechange|Normal\/Ghost|[silent]\n|move|p1a: Iron Valiant|Calm Mind|p1a: Iron Valiant\n|-boost|p1a: Iron Valiant|spa|1\n|-boost|p1a: Iron Valiant|spd|1\n|\n|-damage|p1a: Iron Valiant|69\/100 psn|[from] psn\n|upkeep\n|-start|p2a: Blissey|typechange|Normal\/Ghost|[silent]\n|turn|34\n|\n|t:|1698761983\n|switch|p2a: Toxapex|Toxapex, M|51\/100\n|-start|p2a: Toxapex|typechange|Poison\/Water\/Dark|[silent]\n|move|p1a: Iron Valiant|Psyshock|p2a: Toxapex\n|-immune|p2a: Toxapex\n|\n|-damage|p1a: Iron Valiant|57\/100 psn|[from] psn\n|upkeep\n|-start|p2a: Toxapex|typechange|Poison\/Water\/Dark|[silent]\n|turn|35\n|\n|t:|1698761988\n|switch|p2a: Blissey|Blissey, F|88\/100\n|-start|p2a: Blissey|typechange|Normal\/Ghost|[silent]\n|move|p1a: Iron Valiant|Calm Mind|p1a: Iron Valiant\n|-boost|p1a: Iron Valiant|spa|1\n|-boost|p1a: Iron Valiant|spd|1\n|\n|-damage|p1a: Iron Valiant|44\/100 psn|[from] psn\n|upkeep\n|-start|p2a: Blissey|typechange|Normal\/Ghost|[silent]\n|turn|36\n|\n|t:|1698761993\n|move|p1a: Iron Valiant|Psyshock|p2a: Blissey\n|-crit|p2a: Blissey\n|-damage|p2a: Blissey|2\/100\n|move|p2a: Blissey|Soft-Boiled|p2a: Blissey\n|-heal|p2a: Blissey|52\/100\n|\n|-damage|p1a: Iron Valiant|32\/100 psn|[from] psn\n|upkeep\n|turn|37\n|\n|t:|1698762001\n|switch|p2a: Toxapex|Toxapex, M|85\/100\n|-start|p2a: Toxapex|typechange|Poison\/Water\/Dark|[silent]\n|move|p1a: Iron Valiant|Psyshock|p2a: Toxapex\n|-immune|p2a: Toxapex\n|\n|-damage|p1a: Iron Valiant|20\/100 psn|[from] psn\n|upkeep\n|-start|p2a: Toxapex|typechange|Poison\/Water\/Dark|[silent]\n|turn|38\n|\n|t:|1698762005\n|switch|p2a: Blissey|Blissey, F|52\/100\n|-start|p2a: Blissey|typechange|Normal\/Ghost|[silent]\n|move|p1a: Iron Valiant|Moonblast|p2a: Blissey\n|-damage|p2a: Blissey|24\/100\n|-unboost|p2a: Blissey|spa|1\n|\n|-damage|p1a: Iron Valiant|7\/100 psn|[from] psn\n|upkeep\n|-start|p2a: Blissey|typechange|Normal\/Ghost|[silent]\n|turn|39\n|\n|t:|1698762024\n|move|p1a: Iron Valiant|Calm Mind|p1a: Iron Valiant\n|-boost|p1a: Iron Valiant|spa|1\n|-boost|p1a: Iron Valiant|spd|1\n|move|p2a: Blissey|Heal Bell||[still]\n|-activate|p2a: Blissey|move: Heal Bell\n|-fail|p2a: Blissey\n|\n|-damage|p1a: Iron Valiant|0 fnt|[from] psn\n|faint|p1a: Iron Valiant\n|-end|p1a: Iron Valiant|Quark Drive|[silent]\n|upkeep\n|\n|t:|1698762026\n|switch|p1a: Kingambit|Kingambit, M|88\/100\n|-start|p1a: Kingambit|typechange|Dark\/Steel\/Ghost|[silent]\n|-damage|p1a: Kingambit|82\/100|[from] Stealth Rock\n|-activate|p1a: Kingambit|ability: Supreme Overlord\n|-start|p1a: Kingambit|fallen5|[silent]\n|-item|p1a: Kingambit|Air Balloon\n|-start|p1a: Kingambit|typechange|Dark\/Steel\/Ghost|[silent]\n|turn|40\n|\n|t:|1698762028\n|switch|p2a: Alomomola|Alomomola, M|100\/100\n|-start|p2a: Alomomola|typechange|Water\/Flying|[silent]\n|move|p1a: Kingambit|Swords Dance|p1a: Kingambit\n|-boost|p1a: Kingambit|atk|2\n|\n|upkeep\n|-start|p2a: Alomomola|typechange|Water\/Flying|[silent]\n|turn|41\n|\n|t:|1698762035\n|move|p1a: Kingambit|Kowtow Cleave|p2a: Alomomola\n|-damage|p2a: Alomomola|28\/100\n|move|p2a: Alomomola|Whirlpool|p1a: Kingambit\n|-damage|p1a: Kingambit|76\/100\n|-activate|p1a: Kingambit|move: Whirlpool|[of] p2a: Alomomola\n|-enditem|p1a: Kingambit|Air Balloon\n|\n|-damage|p1a: Kingambit|63\/100|[from] move: Whirlpool|[partiallytrapped]\n|upkeep\n|turn|42\n|\n|t:|1698762044\n|move|p2a: Alomomola|Protect|p2a: Alomomola\n|-singleturn|p2a: Alomomola|Protect\n|move|p1a: Kingambit|Swords Dance|p1a: Kingambit\n|-boost|p1a: Kingambit|atk|2\n|\n|-damage|p1a: Kingambit|51\/100|[from] move: Whirlpool|[partiallytrapped]\n|upkeep\n|turn|43\n|\n|t:|1698762049\n|move|p2a: Alomomola|Protect||[still]\n|-fail|p2a: Alomomola\n|move|p1a: Kingambit|Kowtow Cleave|p2a: Alomomola\n|-damage|p2a: Alomomola|0 fnt\n|faint|p2a: Alomomola\n|\n|-end|p1a: Kingambit|Whirlpool|[partiallytrapped]|[silent]\n|upkeep\n|\n|t:|1698762051\n|switch|p2a: Great Tusk|Great Tusk|80\/100\n|-start|p2a: Great Tusk|typechange|Ground\/Fighting\/Water|[silent]\n|-start|p2a: Great Tusk|typechange|Ground\/Fighting\/Water|[silent]\n|turn|44\n|l| Cerberuspraxis\n|\n|t:|1698762055\n|move|p1a: Kingambit|Low Kick|p2a: Great Tusk\n|-damage|p2a: Great Tusk|0 fnt\n|faint|p2a: Great Tusk\n|-end|p2a: Great Tusk|Protosynthesis|[silent]\n|\n|upkeep\n|\n|t:|1698762060\n|switch|p2a: Toxapex|Toxapex, M|100\/100\n|-start|p2a: Toxapex|typechange|Poison\/Water\/Dark|[silent]\n|-start|p2a: Toxapex|typechange|Poison\/Water\/Dark|[silent]\n|turn|45\n|\n|t:|1698762065\n|move|p1a: Kingambit|Kowtow Cleave|p2a: Toxapex\n|-resisted|p2a: Toxapex\n|-damage|p2a: Toxapex|38\/100\n|move|p2a: Toxapex|Infestation|p1a: Kingambit\n|-resisted|p1a: Kingambit\n|-damage|p1a: Kingambit|49\/100\n|-activate|p1a: Kingambit|move: Infestation|[of] p2a: Toxapex\n|\n|-damage|p1a: Kingambit|37\/100|[from] move: Infestation|[partiallytrapped]\n|upkeep\n|turn|46\n|\n|t:|1698762078\n|move|p1a: Kingambit|Kowtow Cleave|p2a: Toxapex\n|-resisted|p2a: Toxapex\n|-damage|p2a: Toxapex|0 fnt\n|faint|p2a: Toxapex\n|\n|-end|p1a: Kingambit|Infestation|[partiallytrapped]|[silent]\n|upkeep\n|\n|t:|1698762079\n|switch|p2a: Blissey|Blissey, F|24\/100\n|-start|p2a: Blissey|typechange|Normal\/Ghost|[silent]\n|-start|p2a: Blissey|typechange|Normal\/Ghost|[silent]\n|turn|47\n|c|\u2606TaxFraud094|gg :)\n|\n|t:|1698762083\n|move|p1a: Kingambit|Kowtow Cleave|p2a: Blissey\n|-supereffective|p2a: Blissey\n|-damage|p2a: Blissey|0 fnt\n|faint|p2a: Blissey\n|\n|win|TaxFraud094\n|n|\u2606TaxFraud094|taxfraud094\n|n|\u203dApprenti buck|apprentibuck\n|n| jb291|jb291\n|n| zombeas|zombeas\n|n|+KaenSoul|kaensoul\n|n| Gimlaf|gimlaf\n|n|@kenn|kenn\n|l|\u203dApprenti buck\n|l|+KaenSoul\n|l|@kenn\n|l|\u2606TaxFraud094\n|l| Gimlaf\n|l| jb291\n|j|\u203dApprenti buck\n|player|p2|Apprenti buck|rye\n|l|\u203dApprenti buck\n|player|p2|\n|l| zombeas\n|j|\u2606TaxFraud094\n|player|p1|TaxFraud094|acetrainerf-gen4\n","uploadtime":1698762262,"views":16,"p1id":"taxfraud094","p2id":"apprentibuck","formatid":"gen9anythinggoes","rating":0,"private":0,"password":""}