{"id":"gen9anythinggoes-1985270286","p1":"Manbench","p2":"r0nn13","format":"[Gen 9] Anything Goes","log":"|j|\u2606Manbench\n|j|\u2606r0nn13\n|t:|1699358110\n|gametype|singles\n|player|p1|Manbench|chuck|1323\n|player|p2|r0nn13|169|1224\n|teamsize|p1|6\n|teamsize|p2|6\n|gen|9\n|tier|[Gen 9] Anything Goes\n|rated|\n|rule|HP Percentage Mod: HP is shown in percentages\n|rule|Endless Battle Clause: Forcing endless battles is banned\n|clearpoke\n|poke|p1|Typhlosion, M|\n|poke|p1|Ninetales-Alola, F|\n|poke|p1|Frosmoth, F|\n|poke|p1|Beartic, M|\n|poke|p1|Eiscue, M|\n|poke|p1|Cloyster, F|\n|poke|p2|Slowbro-Galar, M|\n|poke|p2|Urshifu-*, F|\n|poke|p2|Flutter Mane|\n|poke|p2|Klawf, F|\n|poke|p2|Gliscor, F|\n|poke|p2|Kingambit, F|\n|teampreview\n|inactive|Battle timer is ON: inactive players will automatically lose when time's up. (requested by r0nn13)\n|\n|t:|1699358123\n|start\n|switch|p1a: Ninetales|Ninetales-Alola, F|100\/100\n|switch|p2a: Urshifu|Urshifu-Rapid-Strike, F|100\/100\n|-weather|Snow|[from] ability: Snow Warning|[of] p1a: Ninetales\n|turn|1\n|\n|t:|1699358142\n|move|p2a: Urshifu|Rock Slide|p1a: Ninetales\n|-supereffective|p1a: Ninetales\n|-damage|p1a: Ninetales|58\/100\n|move|p1a: Ninetales|Agility|p1a: Ninetales\n|-boost|p1a: Ninetales|spe|2\n|\n|-weather|Snow|[upkeep]\n|upkeep\n|turn|2\n|\n|t:|1699358152\n|move|p1a: Ninetales|Baton Pass|p1a: Ninetales\n|\n|t:|1699358154\n|switch|p1a: Eiscue|Eiscue, M|100\/100|[from] Baton Pass\n|move|p2a: Urshifu|Rock Slide|p1a: Eiscue\n|-activate|p1a: Eiscue|ability: Ice Face\n|-damage|p1a: Eiscue|100\/100\n|detailschange|p1a: Eiscue|Eiscue-Noice, M\n|\n|-weather|Snow|[upkeep]\n|upkeep\n|turn|3\n|\n|t:|1699358165\n|move|p1a: Eiscue|Belly Drum|p1a: Eiscue\n|-damage|p1a: Eiscue|50\/100\n|-setboost|p1a: Eiscue|atk|6|[from] move: Belly Drum\n|-enditem|p1a: Eiscue|Sitrus Berry|[eat]\n|-heal|p1a: Eiscue|75\/100|[from] item: Sitrus Berry\n|move|p2a: Urshifu|Rock Slide|p1a: Eiscue\n|-supereffective|p1a: Eiscue\n|-damage|p1a: Eiscue|30\/100\n|\n|-weather|Snow|[upkeep]\n|upkeep\n|turn|4\n|\n|t:|1699358179\n|move|p1a: Eiscue|Zen Headbutt|p2a: Urshifu\n|-supereffective|p2a: Urshifu\n|-damage|p2a: Urshifu|0 fnt\n|faint|p2a: Urshifu\n|\n|-weather|Snow|[upkeep]\n|upkeep\n|inactive|r0nn13 has 120 seconds left.\n|\n|t:|1699358210\n|switch|p2a: Slowbro|Slowbro-Galar, M|100\/100\n|turn|5\n|inactive|r0nn13 has 120 seconds left.\n|\n|t:|1699358223\n|move|p1a: Eiscue|Ice Punch|p2a: Slowbro\n|-damage|p2a: Slowbro|0 fnt\n|faint|p2a: Slowbro\n|\n|-weather|Snow|[upkeep]\n|upkeep\n|inactive|r0nn13 has 120 seconds left.\n|\n|t:|1699358232\n|switch|p2a: Klawf|Klawf, F|100\/100\n|turn|6\n|\n|t:|1699358240\n|move|p1a: Eiscue|Iron Head|p2a: Klawf\n|-supereffective|p2a: Klawf\n|-damage|p2a: Klawf|0 fnt\n|faint|p2a: Klawf\n|\n|-weather|Snow|[upkeep]\n|upkeep\n|\n|t:|1699358247\n|switch|p2a: Gliscor|Gliscor, F|100\/100\n|turn|7\n|\n|t:|1699358254\n|move|p1a: Eiscue|Ice Punch|p2a: Gliscor\n|-supereffective|p2a: Gliscor\n|-crit|p2a: Gliscor\n|-damage|p2a: Gliscor|0 fnt\n|faint|p2a: Gliscor\n|\n|-weather|Snow|[upkeep]\n|upkeep\n|\n|t:|1699358260\n|switch|p2a: Flutter Mane|Flutter Mane|100\/100\n|-enditem|p2a: Flutter Mane|Booster Energy\n|-activate|p2a: Flutter Mane|ability: Protosynthesis|[fromitem]\n|-start|p2a: Flutter Mane|protosynthesisspd\n|turn|8\n|\n|t:|1699358276\n|move|p1a: Eiscue|Iron Head|p2a: Flutter Mane\n|-supereffective|p2a: Flutter Mane\n|-damage|p2a: Flutter Mane|0 fnt\n|faint|p2a: Flutter Mane\n|-end|p2a: Flutter Mane|Protosynthesis|[silent]\n|\n|-weather|none\n|upkeep\n|\n|t:|1699358284\n|switch|p2a: Kingambit|Kingambit, F|100\/100\n|-activate|p2a: Kingambit|ability: Supreme Overlord\n|-start|p2a: Kingambit|fallen5|[silent]\n|turn|9\n|\n|t:|1699358294\n|move|p1a: Eiscue|Ice Punch|p2a: Kingambit\n|-resisted|p2a: Kingambit\n|-damage|p2a: Kingambit|52\/100\n|move|p2a: Kingambit|Brick Break|p1a: Eiscue\n|-supereffective|p1a: Eiscue\n|-damage|p1a: Eiscue|0 fnt\n|faint|p1a: Eiscue\n|\n|upkeep\n|\n|t:|1699358303\n|switch|p1a: Ninetales|Ninetales-Alola, F|58\/100\n|-weather|Snow|[from] ability: Snow Warning|[of] p1a: Ninetales\n|turn|10\n|-message|r0nn13 forfeited.\n|\n|win|Manbench\n|raw|Manbench's rating: 1323 &rarr; <strong>1337<\/strong><br \/>(+14 for winning)\n|raw|r0nn13's rating: 1224 &rarr; <strong>1206<\/strong><br \/>(-18 for losing)\n|l|\u2606r0nn13\n","uploadtime":1699358314,"views":5,"p1id":"manbench","p2id":"r0nn13","formatid":"gen9anythinggoes","rating":1206,"private":0,"password":""}