{"id":"gen9anythinggoes-2000039525","p1":"trollacademy","p2":"girgaflurgin","format":"[Gen 9] Anything Goes","log":"|j|\u2606trollacademy\n|j|\u2606girgaflurgin\n|t:|1701144634\n|gametype|singles\n|player|p1|trollacademy|lucas|1233\n|player|p2|girgaflurgin|gentleman-gen4dp|1486\n|teamsize|p1|6\n|teamsize|p2|6\n|gen|9\n|tier|[Gen 9] Anything Goes\n|rated|\n|rule|HP Percentage Mod: HP is shown in percentages\n|rule|Endless Battle Clause: Forcing endless battles is banned\n|clearpoke\n|poke|p1|Calyrex-Shadow|\n|poke|p1|Pawmot, F|\n|poke|p1|Kyogre|\n|poke|p1|Houndstone, M|\n|poke|p1|Zacian-*|\n|poke|p1|Urshifu-*, F|\n|poke|p2|Groudon|\n|poke|p2|Sneasler, M|\n|poke|p2|Urshifu-*, M|\n|poke|p2|Miraidon|\n|poke|p2|Dragapult, M|\n|poke|p2|Thundurus-Therian, M|\n|teampreview\n|inactive|Battle timer is ON: inactive players will automatically lose when time's up. (requested by trollacademy)\n|\n|t:|1701144647\n|start\n|switch|p1a: Urshifu|Urshifu, F|100\/100\n|switch|p2a: Weird Thing|Sneasler, M|100\/100\n|turn|1\n|\n|t:|1701144655\n|switch|p1a: BREAKING BAD|Houndstone, M|100\/100\n|move|p2a: Weird Thing|Fake Out|p1a: BREAKING BAD\n|-immune|p1a: BREAKING BAD\n|\n|upkeep\n|turn|2\n|\n|t:|1701144660\n|move|p2a: Weird Thing|Dire Claw|p1a: BREAKING BAD\n|-resisted|p1a: BREAKING BAD\n|-damage|p1a: BREAKING BAD|88\/100\n|-status|p1a: BREAKING BAD|psn\n|move|p1a: BREAKING BAD|Last Respects|p2a: Weird Thing\n|-damage|p2a: Weird Thing|62\/100\n|\n|-damage|p1a: BREAKING BAD|76\/100 psn|[from] psn\n|upkeep\n|turn|3\n|\n|t:|1701144668\n|move|p2a: Weird Thing|Dire Claw|p1a: BREAKING BAD\n|-resisted|p1a: BREAKING BAD\n|-damage|p1a: BREAKING BAD|64\/100 psn\n|move|p1a: BREAKING BAD|Last Respects|p2a: Weird Thing\n|-damage|p2a: Weird Thing|19\/100\n|\n|-damage|p1a: BREAKING BAD|52\/100 psn|[from] psn\n|upkeep\n|turn|4\n|\n|t:|1701144677\n|move|p1a: BREAKING BAD|Shadow Sneak|p2a: Weird Thing\n|-crit|p2a: Weird Thing\n|-damage|p2a: Weird Thing|0 fnt\n|faint|p2a: Weird Thing\n|\n|-damage|p1a: BREAKING BAD|39\/100 psn|[from] psn\n|upkeep\n|\n|t:|1701144682\n|switch|p2a: Thunder are us|Thundurus-Therian, M|100\/100\n|turn|5\n|\n|t:|1701144686\n|move|p1a: BREAKING BAD|Shadow Sneak|p2a: Thunder are us\n|-damage|p2a: Thunder are us|73\/100\n|move|p2a: Thunder are us|Volt Switch|p1a: BREAKING BAD\n|-damage|p1a: BREAKING BAD|0 fnt\n|faint|p1a: BREAKING BAD\n|\n|t:|1701144710\n|switch|p2a: Big Bear|Urshifu-Rapid-Strike, M|100\/100|[from] Volt Switch\n|\n|upkeep\n|\n|t:|1701144725\n|switch|p1a: WANNABE DOG|Zacian-Crowned|100\/100\n|-ability|p1a: WANNABE DOG|Intrepid Sword|boost\n|-boost|p1a: WANNABE DOG|atk|1\n|turn|6\n|inactive|girgaflurgin has 120 seconds left.\n|\n|t:|1701144755\n|-terastallize|p1a: WANNABE DOG|Fairy\n|move|p2a: Big Bear|Surging Strikes|p1a: WANNABE DOG\n|-crit|p1a: WANNABE DOG\n|-damage|p1a: WANNABE DOG|79\/100\n|-crit|p1a: WANNABE DOG\n|-damage|p1a: WANNABE DOG|60\/100\n|-crit|p1a: WANNABE DOG\n|-damage|p1a: WANNABE DOG|38\/100\n|-hitcount|p1a: WANNABE DOG|3\n|move|p1a: WANNABE DOG|Play Rough|p2a: Big Bear\n|-supereffective|p2a: Big Bear\n|-damage|p2a: Big Bear|0 fnt\n|faint|p2a: Big Bear\n|\n|upkeep\n|\n|t:|1701144768\n|switch|p2a: Thunder are us|Thundurus-Therian, M|73\/100\n|turn|7\n|\n|t:|1701144773\n|switch|p1a: Im Random|Pawmot, F|100\/100\n|move|p2a: Thunder are us|Volt Switch|p1a: Im Random\n|-immune|p1a: Im Random|[from] ability: Volt Absorb\n|\n|upkeep\n|turn|8\n|inactive|girgaflurgin has 120 seconds left.\n|\n|t:|1701144786\n|switch|p2a: Mom of Two|Dragapult, M|100\/100\n|switch|p1a: Urshifu|Urshifu, F|100\/100\n|\n|upkeep\n|turn|9\n|inactive|girgaflurgin has 120 seconds left.\n|\n|t:|1701144794\n|-terastallize|p2a: Mom of Two|Fairy\n|move|p2a: Mom of Two|Dragon Dance|p2a: Mom of Two\n|-boost|p2a: Mom of Two|atk|1\n|-boost|p2a: Mom of Two|spe|1\n|move|p1a: Urshifu|Wicked Blow|p2a: Mom of Two\n|-resisted|p2a: Mom of Two\n|-crit|p2a: Mom of Two\n|-damage|p2a: Mom of Two|58\/100\n|\n|upkeep\n|turn|10\n|\n|t:|1701144801\n|move|p2a: Mom of Two|Tera Blast|p1a: Urshifu|[anim] Tera Blast Fairy\n|-supereffective|p1a: Urshifu\n|-enditem|p1a: Urshifu|Focus Sash\n|-damage|p1a: Urshifu|1\/100\n|move|p1a: Urshifu|Wicked Blow|p2a: Mom of Two\n|-resisted|p2a: Mom of Two\n|-crit|p2a: Mom of Two\n|-damage|p2a: Mom of Two|16\/100\n|\n|upkeep\n|turn|11\n|\n|t:|1701144807\n|move|p1a: Urshifu|Sucker Punch|p2a: Mom of Two\n|-resisted|p2a: Mom of Two\n|-damage|p2a: Mom of Two|0 fnt\n|faint|p2a: Mom of Two\n|\n|upkeep\n|\n|t:|1701144812\n|switch|p2a: Thunder are us|Thundurus-Therian, M|73\/100\n|turn|12\n|\n|t:|1701144815\n|move|p1a: Urshifu|Sucker Punch|p2a: Thunder are us\n|-damage|p2a: Thunder are us|17\/100\n|move|p2a: Thunder are us|Dark Pulse|p1a: Urshifu\n|-resisted|p1a: Urshifu\n|-damage|p1a: Urshifu|0 fnt\n|faint|p1a: Urshifu\n|\n|upkeep\n|\n|t:|1701144822\n|switch|p1a: Im Random|Pawmot, F|100\/100\n|turn|13\n|\n|t:|1701144824\n|move|p1a: Im Random|Mach Punch|p2a: Thunder are us\n|-resisted|p2a: Thunder are us\n|-damage|p2a: Thunder are us|1\/100\n|move|p2a: Thunder are us|Dark Pulse|p1a: Im Random\n|-resisted|p1a: Im Random\n|-crit|p1a: Im Random\n|-damage|p1a: Im Random|54\/100\n|\n|upkeep\n|turn|14\n|\n|t:|1701144830\n|move|p2a: Thunder are us|Dark Pulse|p1a: Im Random\n|-resisted|p1a: Im Random\n|-damage|p1a: Im Random|24\/100\n|move|p1a: Im Random|Revival Blessing|p1a: Im Random\n|\n|t:|1701144836\n|-heal|p1: Urshifu|50\/100|[from] move: Revival Blessing\n|\n|upkeep\n|turn|15\n|\n|t:|1701144840\n|move|p1a: Im Random|Mach Punch|p2a: Thunder are us\n|-resisted|p2a: Thunder are us\n|-damage|p2a: Thunder are us|0 fnt\n|faint|p2a: Thunder are us\n|\n|upkeep\n|\n|t:|1701144846\n|switch|p2a: Big Don|Groudon|100\/100\n|-weather|SunnyDay|[from] ability: Drought|[of] p2a: Big Don\n|turn|16\n|\n|t:|1701144856\n|switch|p1a: Emo Kid|Calyrex-Shadow|100\/100\n|-ability|p1a: Emo Kid|As One\n|-ability|p1a: Emo Kid|Unnerve\n|move|p2a: Big Don|Heat Crash|p1a: Emo Kid\n|-crit|p1a: Emo Kid\n|-enditem|p1a: Emo Kid|Focus Sash\n|-damage|p1a: Emo Kid|1\/100\n|\n|-weather|SunnyDay|[upkeep]\n|upkeep\n|turn|17\n|\n|t:|1701144866\n|move|p1a: Emo Kid|Astral Barrage|p2a: Big Don\n|-damage|p2a: Big Don|22\/100\n|move|p2a: Big Don|Heat Crash|p1a: Emo Kid\n|-damage|p1a: Emo Kid|0 fnt\n|faint|p1a: Emo Kid\n|\n|-weather|SunnyDay|[upkeep]\n|upkeep\n|\n|t:|1701144873\n|switch|p1a: FAT WHALE|Kyogre|100\/100\n|-weather|RainDance|[from] ability: Drizzle|[of] p1a: FAT WHALE\n|turn|18\n|\n|t:|1701144885\n|move|p1a: FAT WHALE|Water Spout|p2a: Big Don\n|-supereffective|p2a: Big Don\n|-damage|p2a: Big Don|0 fnt\n|faint|p2a: Big Don\n|\n|-weather|RainDance|[upkeep]\n|upkeep\n|\n|t:|1701144887\n|switch|p2a: Not a car|Miraidon|100\/100\n|-fieldstart|move: Electric Terrain|[from] ability: Hadron Engine|[of] p2a: Not a car\n|turn|19\n|\n|t:|1701144894\n|switch|p1a: Im Random|Pawmot, F|24\/100\n|move|p2a: Not a car|Electro Drift|p1a: Im Random\n|-heal|p1a: Im Random|49\/100|[from] ability: Volt Absorb|[of] p2a: Not a car\n|\n|-weather|RainDance|[upkeep]\n|upkeep\n|turn|20\n|\n|t:|1701144904\n|move|p1a: Im Random|Mach Punch|p2a: Not a car\n|-damage|p2a: Not a car|81\/100\n|move|p2a: Not a car|Dazzling Gleam|p1a: Im Random\n|-supereffective|p1a: Im Random\n|-damage|p1a: Im Random|0 fnt\n|faint|p1a: Im Random\n|\n|-weather|RainDance|[upkeep]\n|upkeep\n|\n|t:|1701144909\n|switch|p1a: WANNABE DOG|Zacian-Crowned, tera:Fairy|38\/100\n|turn|21\n|\n|t:|1701144914\n|move|p1a: WANNABE DOG|Play Rough|p2a: Not a car\n|-supereffective|p2a: Not a car\n|-damage|p2a: Not a car|0 fnt\n|faint|p2a: Not a car\n|\n|win|trollacademy\n|raw|trollacademy's rating: 1233 &rarr; <strong>1274<\/strong><br \/>(+41 for winning)\n|raw|girgaflurgin's rating: 1486 &rarr; <strong>1454<\/strong><br \/>(-32 for losing)\n|c|\u2606trollacademy|gg\n|l|\u2606girgaflurgin\n","uploadtime":1701145012,"views":0,"p1id":"trollacademy","p2id":"girgaflurgin","formatid":"gen9anythinggoes","rating":1274,"private":0,"password":""}