{"id":"gen9anythinggoes-1974730100","p1":"mauro2346","p2":"ttvB4t4t4_fr","format":"[Gen 9] Anything Goes","log":"|j|\u2606mauro2346\n|j|\u2606ttvB4t4t4_fr\n|t:|1698115143\n|gametype|singles\n|player|p1|mauro2346|chase|1056\n|player|p2|ttvB4t4t4_fr|266|1000\n|teamsize|p1|6\n|teamsize|p2|6\n|gen|9\n|tier|[Gen 9] Anything Goes\n|rated|\n|rule|HP Percentage Mod: HP is shown in percentages\n|rule|Endless Battle Clause: Forcing endless battles is banned\n|clearpoke\n|poke|p1|Pikachu, M|\n|poke|p1|Charizard, M|\n|poke|p1|Lucario, M|\n|poke|p1|Dragapult, M|\n|poke|p1|Gyarados, M|\n|poke|p1|Trevenant, M|\n|poke|p2|Decidueye, M|\n|poke|p2|Torkoal, M|\n|poke|p2|Garchomp, F|\n|poke|p2|Golem-Alola, M|\n|poke|p2|Flutter Mane|\n|poke|p2|Chansey, F|\n|teampreview\n|\n|t:|1698115155\n|start\n|switch|p1a: Trevenant|Trevenant, M|100\/100\n|switch|p2a: Golem|Golem-Alola, M|100\/100\n|turn|1\n|\n|t:|1698115163\n|move|p1a: Trevenant|Leaf Storm|p2a: Golem\n|-supereffective|p2a: Golem\n|-damage|p2a: Golem|13\/100\n|-unboost|p1a: Trevenant|spa|2\n|move|p2a: Golem|Stealth Rock|p1a: Trevenant\n|-sidestart|p1: mauro2346|move: Stealth Rock\n|\n|upkeep\n|turn|2\n|\n|t:|1698115174\n|move|p1a: Trevenant|Earthquake|p2a: Golem\n|-supereffective|p2a: Golem\n|-damage|p2a: Golem|0 fnt\n|faint|p2a: Golem\n|\n|upkeep\n|\n|t:|1698115187\n|switch|p2a: Torkoal|Torkoal, M|100\/100\n|-weather|SunnyDay|[from] ability: Drought|[of] p2a: Torkoal\n|turn|3\n|\n|t:|1698115196\n|move|p1a: Trevenant|Confuse Ray|p2a: Torkoal\n|-start|p2a: Torkoal|confusion\n|-activate|p2a: Torkoal|confusion\n|move|p2a: Torkoal|Yawn|p1a: Trevenant\n|-start|p1a: Trevenant|move: Yawn|[of] p2a: Torkoal\n|\n|-weather|SunnyDay|[upkeep]\n|upkeep\n|turn|4\n|\n|t:|1698115208\n|move|p1a: Trevenant|Toxic|p2a: Torkoal\n|-status|p2a: Torkoal|tox\n|-activate|p2a: Torkoal|confusion\n|move|p2a: Torkoal|Gyro Ball|p1a: Trevenant\n|-damage|p1a: Trevenant|67\/100\n|\n|-weather|SunnyDay|[upkeep]\n|-heal|p1a: Trevenant|73\/100|[from] item: Leftovers\n|-damage|p2a: Torkoal|94\/100 tox|[from] psn\n|-end|p1a: Trevenant|move: Yawn|[silent]\n|-status|p1a: Trevenant|slp\n|upkeep\n|turn|5\n|\n|t:|1698115226\n|-curestatus|p1a: Trevenant|slp|[from] ability: Natural Cure\n|switch|p1a: Gyarados|Gyarados, M|100\/100\n|-damage|p1a: Gyarados|76\/100|[from] Stealth Rock\n|-ability|p1a: Gyarados|Intimidate|boost\n|-unboost|p2a: Torkoal|atk|1\n|-end|p2a: Torkoal|confusion\n|move|p2a: Torkoal|Earthquake|p1a: Gyarados\n|-immune|p1a: Gyarados\n|\n|-weather|SunnyDay|[upkeep]\n|-damage|p2a: Torkoal|82\/100 tox|[from] psn\n|upkeep\n|turn|6\n|\n|t:|1698115240\n|move|p2a: Torkoal|Protect|p2a: Torkoal\n|-singleturn|p2a: Torkoal|Protect\n|move|p1a: Gyarados|Hydro Pump|p2a: Torkoal\n|-activate|p2a: Torkoal|move: Protect\n|\n|-weather|SunnyDay|[upkeep]\n|-damage|p2a: Torkoal|64\/100 tox|[from] psn\n|upkeep\n|turn|7\n|\n|t:|1698115252\n|move|p1a: Gyarados|Hydro Pump|p2a: Torkoal|[miss]\n|-miss|p1a: Gyarados|p2a: Torkoal\n|move|p2a: Torkoal|Yawn|p1a: Gyarados\n|-start|p1a: Gyarados|move: Yawn|[of] p2a: Torkoal\n|\n|-weather|none\n|-damage|p2a: Torkoal|40\/100 tox|[from] psn\n|upkeep\n|turn|8\n|\n|t:|1698115263\n|switch|p1a: Lucario|Lucario, M|100\/100\n|-damage|p1a: Lucario|98\/100|[from] Stealth Rock\n|move|p2a: Torkoal|Gyro Ball|p1a: Lucario\n|-resisted|p1a: Lucario\n|-damage|p1a: Lucario|80\/100\n|\n|-damage|p2a: Torkoal|10\/100 tox|[from] psn\n|upkeep\n|turn|9\n|\n|t:|1698115276\n|move|p1a: Lucario|Extreme Speed|p2a: Torkoal\n|-damage|p2a: Torkoal|0 fnt\n|-damage|p1a: Lucario|63\/100|[from] item: Rocky Helmet|[of] p2a: Torkoal\n|faint|p2a: Torkoal\n|\n|upkeep\n|\n|t:|1698115292\n|switch|p2a: Garchomp|Garchomp, F|100\/100\n|turn|10\n|\n|t:|1698115301\n|move|p2a: Garchomp|Swords Dance|p2a: Garchomp\n|-boost|p2a: Garchomp|atk|2\n|move|p1a: Lucario|Brick Break|p2a: Garchomp\n|-crit|p2a: Garchomp\n|-damage|p2a: Garchomp|38\/100\n|-damage|p1a: Lucario|51\/100|[from] ability: Rough Skin|[of] p2a: Garchomp\n|\n|upkeep\n|turn|11\n|\n|t:|1698115309\n|move|p2a: Garchomp|Flamethrower|p1a: Lucario\n|-supereffective|p1a: Lucario\n|-damage|p1a: Lucario|0 fnt\n|faint|p1a: Lucario\n|-damage|p2a: Garchomp|28\/100|[from] item: Life Orb\n|\n|upkeep\n|\n|t:|1698115316\n|switch|p1a: Dragapult|Dragapult, M|100\/100\n|-damage|p1a: Dragapult|88\/100|[from] Stealth Rock\n|turn|12\n|\n|t:|1698115326\n|move|p1a: Dragapult|Draco Meteor|p2a: Garchomp\n|-supereffective|p2a: Garchomp\n|-damage|p2a: Garchomp|0 fnt\n|-unboost|p1a: Dragapult|spa|2\n|faint|p2a: Garchomp\n|\n|-heal|p1a: Dragapult|94\/100|[from] item: Leftovers\n|upkeep\n|\n|t:|1698115337\n|switch|p2a: Flutter Mane|Flutter Mane|100\/100\n|turn|13\n|\n|t:|1698115347\n|switch|p1a: Trevenant|Trevenant, M|73\/100\n|-damage|p1a: Trevenant|61\/100|[from] Stealth Rock\n|move|p2a: Flutter Mane|Moonblast|p1a: Trevenant\n|-damage|p1a: Trevenant|0 fnt\n|faint|p1a: Trevenant\n|\n|upkeep\n|\n|t:|1698115358\n|switch|p1a: Gyarados|Gyarados, M|76\/100\n|-damage|p1a: Gyarados|51\/100|[from] Stealth Rock\n|-ability|p1a: Gyarados|Intimidate|boost\n|-unboost|p2a: Flutter Mane|atk|1\n|turn|14\n|\n|t:|1698115366\n|move|p2a: Flutter Mane|Moonblast|p1a: Gyarados\n|-damage|p1a: Gyarados|0 fnt\n|faint|p1a: Gyarados\n|\n|upkeep\n|\n|t:|1698115371\n|switch|p1a: Charizard|Charizard, M|100\/100\n|turn|15\n|\n|t:|1698115383\n|move|p2a: Flutter Mane|Moonblast|p1a: Charizard\n|-resisted|p1a: Charizard\n|-damage|p1a: Charizard|70\/100\n|-unboost|p1a: Charizard|spa|1\n|move|p1a: Charizard|Inferno|p2a: Flutter Mane|[miss]\n|-miss|p1a: Charizard|p2a: Flutter Mane\n|\n|upkeep\n|turn|16\n|\n|t:|1698115394\n|move|p2a: Flutter Mane|Night Shade|p1a: Charizard\n|-damage|p1a: Charizard|36\/100\n|move|p1a: Charizard|Inferno|p2a: Flutter Mane|[miss]\n|-miss|p1a: Charizard|p2a: Flutter Mane\n|\n|upkeep\n|turn|17\n|\n|t:|1698115402\n|move|p2a: Flutter Mane|Night Shade|p1a: Charizard\n|-damage|p1a: Charizard|3\/100\n|move|p1a: Charizard|Inferno|p2a: Flutter Mane\n|-damage|p2a: Flutter Mane|49\/100\n|-status|p2a: Flutter Mane|brn\n|\n|-damage|p2a: Flutter Mane|43\/100 brn|[from] brn\n|upkeep\n|turn|18\n|\n|t:|1698115414\n|move|p2a: Flutter Mane|Night Shade|p1a: Charizard\n|-damage|p1a: Charizard|0 fnt\n|faint|p1a: Charizard\n|\n|-damage|p2a: Flutter Mane|37\/100 brn|[from] brn\n|upkeep\n|\n|t:|1698115423\n|switch|p1a: Pikachu|Pikachu, M|100\/100\n|-damage|p1a: Pikachu|88\/100|[from] Stealth Rock\n|turn|19\n|\n|t:|1698115442\n|move|p2a: Flutter Mane|Moonblast|p1a: Pikachu\n|-damage|p1a: Pikachu|0 fnt\n|faint|p1a: Pikachu\n|\n|-damage|p2a: Flutter Mane|31\/100 brn|[from] brn\n|upkeep\n|\n|t:|1698115449\n|switch|p1a: Dragapult|Dragapult, M|94\/100\n|-damage|p1a: Dragapult|82\/100|[from] Stealth Rock\n|turn|20\n|\n|t:|1698115461\n|move|p1a: Dragapult|Thunderbolt|p2a: Flutter Mane\n|-damage|p2a: Flutter Mane|6\/100 brn\n|-enditem|p2a: Flutter Mane|Salac Berry|[eat]\n|-boost|p2a: Flutter Mane|spe|1|[from] item: Salac Berry\n|move|p2a: Flutter Mane|Draining Kiss|p1a: Dragapult\n|-supereffective|p1a: Dragapult\n|-damage|p1a: Dragapult|15\/100\n|-heal|p2a: Flutter Mane|69\/100 brn|[from] drain|[of] p1a: Dragapult\n|\n|-heal|p1a: Dragapult|21\/100|[from] item: Leftovers\n|-damage|p2a: Flutter Mane|63\/100 brn|[from] brn\n|upkeep\n|turn|21\n|-message|mauro2346 forfeited.\n|\n|win|ttvB4t4t4_fr\n|raw|mauro2346's rating: 1056 &rarr; <strong>1035<\/strong><br \/>(-21 for losing)\n|raw|ttvB4t4t4_fr's rating: 1000 &rarr; <strong>1046<\/strong><br \/>(+46 for winning)\n|l|\u2606mauro2346\n","uploadtime":1698115486,"views":7,"p1id":"mauro2346","p2id":"ttvb4t4t4fr","formatid":"gen9anythinggoes","rating":1035,"private":0,"password":""}