{"id":"gen9anythinggoes-1992773029","p1":"teet4t44","p2":"eavo","format":"[Gen 9] Anything Goes","log":"|j|\u2606teet4t44\n|j|\u2606eavo\n|t:|1700234165\n|gametype|singles\n|player|p1|teet4t44|101|1588\n|player|p2|eavo|erika-gen2|1809\n|teamsize|p1|6\n|teamsize|p2|6\n|gen|9\n|tier|[Gen 9] Anything Goes\n|rated|\n|rule|HP Percentage Mod: HP is shown in percentages\n|rule|Endless Battle Clause: Forcing endless battles is banned\n|clearpoke\n|poke|p1|Grimmsnarl, M|\n|poke|p1|Kyogre|\n|poke|p1|Calyrex-Shadow|\n|poke|p1|Arceus|\n|poke|p1|Koraidon|\n|poke|p1|Zacian-*|\n|poke|p2|Groudon|\n|poke|p2|Calyrex-Shadow|\n|poke|p2|Eternatus|\n|poke|p2|Koraidon|\n|poke|p2|Arceus-Fairy|\n|poke|p2|Ting-Lu|\n|teampreview\n|inactive|Battle timer is ON: inactive players will automatically lose when time's up. (requested by eavo)\n|\n|t:|1700234180\n|start\n|switch|p1a: Grimmsnarl|Grimmsnarl, M|100\/100\n|switch|p2a: Ting-Lu|Ting-Lu|100\/100\n|-ability|p2a: Ting-Lu|Vessel of Ruin\n|turn|1\n|\n|t:|1700234188\n|switch|p1a: Kyogre|Kyogre|100\/100\n|-weather|RainDance|[from] ability: Drizzle|[of] p1a: Kyogre\n|move|p2a: Ting-Lu|Stealth Rock|p1a: Kyogre\n|-sidestart|p1: teet4t44|move: Stealth Rock\n|\n|-weather|RainDance|[upkeep]\n|upkeep\n|turn|2\n|\n|t:|1700234209\n|switch|p2a: Eternatus|Eternatus|100\/100\n|-ability|p2a: Eternatus|Pressure\n|move|p1a: Kyogre|Calm Mind|p1a: Kyogre\n|-boost|p1a: Kyogre|spa|1\n|-boost|p1a: Kyogre|spd|1\n|\n|-weather|RainDance|[upkeep]\n|upkeep\n|turn|3\n|\n|t:|1700234219\n|move|p2a: Eternatus|Toxic Spikes|p1a: Kyogre\n|-sidestart|p1: teet4t44|move: Toxic Spikes\n|move|p1a: Kyogre|Ice Beam|p2a: Eternatus\n|-supereffective|p2a: Eternatus\n|-damage|p2a: Eternatus|28\/100\n|-status|p2a: Eternatus|frz\n|\n|-weather|RainDance|[upkeep]\n|upkeep\n|turn|4\n|\n|t:|1700234223\n|cant|p2a: Eternatus|frz\n|move|p1a: Kyogre|Calm Mind|p1a: Kyogre\n|-boost|p1a: Kyogre|spa|1\n|-boost|p1a: Kyogre|spd|1\n|\n|-weather|RainDance|[upkeep]\n|upkeep\n|turn|5\n|c|\u2606eavo|ayo\n|j| Zealo\n|inactive|teet4t44 has 120 seconds left.\n|c| Zealo|L\n|l| Zealo\n|j| Primordiallite\n|j| Zealo\n|l| Primordiallite\n|\n|t:|1700234277\n|cant|p2a: Eternatus|frz\n|move|p1a: Kyogre|Calm Mind|p1a: Kyogre\n|-boost|p1a: Kyogre|spa|1\n|-boost|p1a: Kyogre|spd|1\n|\n|-weather|none\n|upkeep\n|turn|6\n|\n|t:|1700234281\n|cant|p2a: Eternatus|frz\n|move|p1a: Kyogre|Calm Mind|p1a: Kyogre\n|-boost|p1a: Kyogre|spa|1\n|-boost|p1a: Kyogre|spd|1\n|\n|upkeep\n|turn|7\n|\n|t:|1700234284\n|-curestatus|p2a: Eternatus|frz|[msg]\n|move|p2a: Eternatus|Toxic Spikes|p1a: Kyogre\n|-sidestart|p1: teet4t44|move: Toxic Spikes\n|move|p1a: Kyogre|Calm Mind|p1a: Kyogre\n|-boost|p1a: Kyogre|spa|1\n|-boost|p1a: Kyogre|spd|1\n|\n|upkeep\n|turn|8\n|\n|t:|1700234288\n|move|p2a: Eternatus|Dynamax Cannon|p1a: Kyogre\n|-damage|p1a: Kyogre|91\/100\n|move|p1a: Kyogre|Ice Beam|p2a: Eternatus\n|-supereffective|p2a: Eternatus\n|-damage|p2a: Eternatus|0 fnt\n|faint|p2a: Eternatus\n|\n|upkeep\n|\n|t:|1700234302\n|switch|p2a: Calyrex|Calyrex-Shadow|100\/100\n|-ability|p2a: Calyrex|As One\n|-ability|p2a: Calyrex|Unnerve\n|turn|9\n|inactive|teet4t44 has 120 seconds left.\n|l| Zealo\n|inactive|teet4t44 has 90 seconds left.\n|\n|t:|1700234359\n|-terastallize|p2a: Calyrex|Grass\n|move|p2a: Calyrex|Grass Knot|p1a: Kyogre\n|-supereffective|p1a: Kyogre\n|-damage|p1a: Kyogre|46\/100\n|move|p1a: Kyogre|Origin Pulse|p2a: Calyrex\n|-resisted|p2a: Calyrex\n|-damage|p2a: Calyrex|0 fnt\n|faint|p2a: Calyrex\n|\n|upkeep\n|\n|t:|1700234366\n|switch|p2a: Icarus|Koraidon|100\/100\n|-weather|SunnyDay|[from] ability: Orichalcum Pulse|[of] p2a: Icarus\n|-activate|p2a: Icarus|Orichalcum Pulse|[source]\n|turn|10\n|\n|t:|1700234376\n|move|p2a: Icarus|Flare Blitz|p1a: Kyogre\n|-resisted|p1a: Kyogre\n|-damage|p1a: Kyogre|0 fnt\n|faint|p1a: Kyogre\n|-damage|p2a: Icarus|84\/100|[from] Recoil\n|\n|-weather|SunnyDay|[upkeep]\n|upkeep\n|\n|t:|1700234391\n|switch|p1a: Zacian|Zacian-Crowned|100\/100\n|-damage|p1a: Zacian|95\/100|[from] Stealth Rock\n|-ability|p1a: Zacian|Intrepid Sword|boost\n|-boost|p1a: Zacian|atk|1\n|turn|11\n|\n|t:|1700234394\n|move|p2a: Icarus|Flare Blitz|p1a: Zacian\n|-supereffective|p1a: Zacian\n|-damage|p1a: Zacian|0 fnt\n|faint|p1a: Zacian\n|-damage|p2a: Icarus|55\/100|[from] Recoil\n|\n|-weather|SunnyDay|[upkeep]\n|upkeep\n|\n|t:|1700234397\n|switch|p1a: Calyrex|Calyrex-Shadow|100\/100\n|-ability|p1a: Calyrex|As One\n|-ability|p1a: Calyrex|Unnerve\n|-damage|p1a: Calyrex|88\/100|[from] Stealth Rock\n|-status|p1a: Calyrex|tox\n|turn|12\n|\n|t:|1700234400\n|move|p2a: Icarus|Flare Blitz|p1a: Calyrex\n|-damage|p1a: Calyrex|0 fnt\n|faint|p1a: Calyrex\n|-damage|p2a: Icarus|28\/100|[from] Recoil\n|\n|-weather|SunnyDay|[upkeep]\n|upkeep\n|\n|t:|1700234405\n|switch|p1a: Arceus|Arceus|100\/100\n|-damage|p1a: Arceus|88\/100|[from] Stealth Rock\n|-status|p1a: Arceus|tox\n|turn|13\n|\n|t:|1700234413\n|switch|p2a: Groudon|Groudon|100\/100\n|move|p1a: Arceus|Extreme Speed|p2a: Groudon\n|-damage|p2a: Groudon|79\/100\n|\n|-weather|SunnyDay|[upkeep]\n|-heal|p1a: Arceus|94\/100 tox|[from] item: Leftovers\n|-heal|p2a: Groudon|85\/100|[from] item: Leftovers\n|-damage|p1a: Arceus|88\/100 tox|[from] psn\n|upkeep\n|turn|14\n|\n|t:|1700234422\n|move|p1a: Arceus|Bulk Up|p1a: Arceus\n|-boost|p1a: Arceus|atk|1\n|-boost|p1a: Arceus|def|1\n|move|p2a: Groudon|Precipice Blades|p1a: Arceus\n|-damage|p1a: Arceus|63\/100 tox\n|\n|-weather|none\n|-heal|p1a: Arceus|69\/100 tox|[from] item: Leftovers\n|-heal|p2a: Groudon|91\/100|[from] item: Leftovers\n|-damage|p1a: Arceus|57\/100 tox|[from] psn\n|upkeep\n|turn|15\n|\n|t:|1700234430\n|move|p1a: Arceus|Recover|p1a: Arceus\n|-heal|p1a: Arceus|100\/100 tox\n|move|p2a: Groudon|Spikes|p1a: Arceus\n|-sidestart|p1: teet4t44|Spikes\n|\n|-heal|p2a: Groudon|97\/100|[from] item: Leftovers\n|-damage|p1a: Arceus|82\/100 tox|[from] psn\n|upkeep\n|turn|16\n|\n|t:|1700234444\n|move|p1a: Arceus|Bulk Up|p1a: Arceus\n|-boost|p1a: Arceus|atk|1\n|-boost|p1a: Arceus|def|1\n|move|p2a: Groudon|Spikes|p1a: Arceus\n|-sidestart|p1: teet4t44|Spikes\n|\n|-heal|p1a: Arceus|88\/100 tox|[from] item: Leftovers\n|-heal|p2a: Groudon|100\/100|[from] item: Leftovers\n|-damage|p1a: Arceus|63\/100 tox|[from] psn\n|upkeep\n|turn|17\n|inactive|teet4t44 has 120 seconds left.\n|\n|t:|1700234477\n|move|p1a: Arceus|Bulk Up|p1a: Arceus\n|-boost|p1a: Arceus|atk|1\n|-boost|p1a: Arceus|def|1\n|move|p2a: Groudon|Spikes|p1a: Arceus\n|-sidestart|p1: teet4t44|Spikes\n|\n|-heal|p1a: Arceus|69\/100 tox|[from] item: Leftovers\n|-damage|p1a: Arceus|38\/100 tox|[from] psn\n|upkeep\n|turn|18\n|\n|t:|1700234482\n|move|p1a: Arceus|Recover|p1a: Arceus\n|-heal|p1a: Arceus|88\/100 tox\n|move|p2a: Groudon|Precipice Blades|p1a: Arceus|[miss]\n|-miss|p2a: Groudon|p1a: Arceus\n|\n|-heal|p1a: Arceus|95\/100 tox|[from] item: Leftovers\n|-damage|p1a: Arceus|57\/100 tox|[from] psn\n|upkeep\n|turn|19\n|\n|t:|1700234492\n|move|p1a: Arceus|Extreme Speed|p2a: Groudon\n|-damage|p2a: Groudon|46\/100\n|move|p2a: Groudon|Precipice Blades|p1a: Arceus\n|-damage|p1a: Arceus|41\/100 tox\n|\n|-heal|p1a: Arceus|47\/100 tox|[from] item: Leftovers\n|-heal|p2a: Groudon|53\/100|[from] item: Leftovers\n|-damage|p1a: Arceus|3\/100 tox|[from] psn\n|upkeep\n|turn|20\n|\n|t:|1700234496\n|move|p2a: Groudon|Protect|p2a: Groudon\n|-singleturn|p2a: Groudon|Protect\n|move|p1a: Arceus|Extreme Speed|p2a: Groudon\n|-activate|p2a: Groudon|move: Protect\n|\n|-heal|p1a: Arceus|9\/100 tox|[from] item: Leftovers\n|-heal|p2a: Groudon|59\/100|[from] item: Leftovers\n|-damage|p1a: Arceus|0 fnt|[from] psn\n|faint|p1a: Arceus\n|upkeep\n|\n|t:|1700234502\n|switch|p1a: Koraidon|Koraidon|100\/100\n|-damage|p1a: Koraidon|94\/100|[from] Stealth Rock\n|-status|p1a: Koraidon|tox\n|-damage|p1a: Koraidon|69\/100 tox|[from] Spikes\n|-weather|SunnyDay|[from] ability: Orichalcum Pulse|[of] p1a: Koraidon\n|-activate|p1a: Koraidon|Orichalcum Pulse|[source]\n|turn|21\n|\n|t:|1700234511\n|move|p1a: Koraidon|Collision Course|p2a: Groudon\n|-damage|p2a: Groudon|25\/100\n|move|p2a: Groudon|Precipice Blades|p1a: Koraidon\n|-damage|p1a: Koraidon|22\/100 tox\n|\n|-weather|SunnyDay|[upkeep]\n|-heal|p2a: Groudon|31\/100|[from] item: Leftovers\n|-damage|p1a: Koraidon|15\/100 tox|[from] psn\n|upkeep\n|turn|22\n|\n|t:|1700234525\n|move|p2a: Groudon|Protect|p2a: Groudon\n|-singleturn|p2a: Groudon|Protect\n|move|p1a: Koraidon|Collision Course|p2a: Groudon\n|-activate|p2a: Groudon|move: Protect\n|\n|-weather|SunnyDay|[upkeep]\n|-heal|p2a: Groudon|37\/100|[from] item: Leftovers\n|-damage|p1a: Koraidon|3\/100 tox|[from] psn\n|upkeep\n|turn|23\n|\n|t:|1700234546\n|move|p2a: Groudon|Protect||[still]\n|-fail|p2a: Groudon\n|move|p1a: Koraidon|Collision Course|p2a: Groudon\n|-damage|p2a: Groudon|4\/100\n|\n|-weather|SunnyDay|[upkeep]\n|-heal|p2a: Groudon|10\/100|[from] item: Leftovers\n|-damage|p1a: Koraidon|0 fnt|[from] psn\n|faint|p1a: Koraidon\n|upkeep\n|\n|t:|1700234561\n|switch|p1a: Grimmsnarl|Grimmsnarl, M|100\/100\n|-damage|p1a: Grimmsnarl|88\/100|[from] Stealth Rock\n|-status|p1a: Grimmsnarl|tox\n|-damage|p1a: Grimmsnarl|63\/100 tox|[from] Spikes\n|turn|24\n|-message|teet4t44 forfeited.\n|\n|win|eavo\n|raw|teet4t44's rating: 1607 &rarr; <strong>1597<\/strong><br \/>(-10 for losing)\n|raw|eavo's rating: 1809 &rarr; <strong>1819<\/strong><br \/>(+10 for winning)\n|l|\u2606teet4t44\n","uploadtime":1700234784,"views":5,"p1id":"teet4t44","p2id":"eavo","formatid":"gen9anythinggoes","rating":1597,"private":0,"password":""}