{"id":"gen9anythinggoes-1994798642","p1":"Fighter Hawk","p2":"grass knot zygarde","format":"[Gen 9] Anything Goes","log":"|j|\u203dFighter Hawk\n|j|\u2606grass knot zygarde\n|t:|1700493826\n|gametype|singles\n|player|p1|Fighter Hawk|unknown|1281\n|player|p2|grass knot zygarde|harlequin|1287\n|teamsize|p1|6\n|teamsize|p2|6\n|gen|9\n|tier|[Gen 9] Anything Goes\n|rated|\n|rule|HP Percentage Mod: HP is shown in percentages\n|rule|Endless Battle Clause: Forcing endless battles is banned\n|clearpoke\n|poke|p1|Shiftry, M|\n|poke|p1|Bisharp, M|\n|poke|p1|Moltres-Galar|\n|poke|p1|Samurott-Hisui, F|\n|poke|p1|Meowscarada, M|\n|poke|p1|Ting-Lu|\n|poke|p2|Ursaluna-Bloodmoon, M|\n|poke|p2|Calyrex-Ice|\n|poke|p2|Arceus|\n|poke|p2|Arceus-Grass|\n|poke|p2|Koraidon|\n|poke|p2|Rayquaza|\n|teampreview\n|inactive|Battle timer is ON: inactive players will automatically lose when time's up. (requested by Fighter Hawk)\n|inactive|grass knot zygarde also wants the timer to be on.\n|\n|t:|1700493854\n|start\n|switch|p1a: Samurott|Samurott-Hisui, F, shiny|100\/100\n|switch|p2a: Arceus|Arceus|100\/100\n|turn|1\n|\n|t:|1700493866\n|move|p2a: Arceus|Extreme Speed|p1a: Samurott\n|-damage|p1a: Samurott|72\/100\n|move|p1a: Samurott|Bulldoze|p2a: Arceus\n|-damage|p2a: Arceus|91\/100\n|-unboost|p2a: Arceus|spe|1\n|\n|upkeep\n|turn|2\n|\n|t:|1700493875\n|switch|p2a: Rayquaza|Rayquaza|100\/100\n|-ability|p2a: Rayquaza|Air Lock\n|move|p1a: Samurott|Sacred Sword|p2a: Rayquaza\n|-resisted|p2a: Rayquaza\n|-damage|p2a: Rayquaza|79\/100\n|\n|upkeep\n|turn|3\n|\n|t:|1700493884\n|move|p2a: Rayquaza|Stealth Rock|p1a: Samurott\n|-sidestart|p1: Fighter Hawk|move: Stealth Rock\n|move|p1a: Samurott|Ceaseless Edge|p2a: Rayquaza\n|-damage|p2a: Rayquaza|32\/100\n|-sidestart|p2: grass knot zygarde|Spikes\n|\n|upkeep\n|turn|4\n|\n|t:|1700493889\n|move|p2a: Rayquaza|Dragon Ascent|p1a: Samurott\n|-crit|p1a: Samurott\n|-damage|p1a: Samurott|0 fnt\n|-unboost|p2a: Rayquaza|def|1\n|-unboost|p2a: Rayquaza|spd|1\n|faint|p1a: Samurott\n|\n|upkeep\n|\n|t:|1700493893\n|switch|p1a: Ting-Lu|Ting-Lu|100\/100\n|-damage|p1a: Ting-Lu|94\/100|[from] Stealth Rock\n|-ability|p1a: Ting-Lu|Vessel of Ruin\n|turn|5\n|\n|t:|1700493908\n|move|p2a: Rayquaza|Dragon Ascent|p1a: Ting-Lu\n|-damage|p1a: Ting-Lu|56\/100\n|-unboost|p2a: Rayquaza|def|1\n|-unboost|p2a: Rayquaza|spd|1\n|-damage|p2a: Rayquaza|15\/100|[from] item: Rocky Helmet|[of] p1a: Ting-Lu\n|move|p1a: Ting-Lu|Stealth Rock|p2a: Rayquaza\n|-sidestart|p2: grass knot zygarde|move: Stealth Rock\n|\n|upkeep\n|turn|6\n|\n|t:|1700493920\n|move|p2a: Rayquaza|Dragon Ascent|p1a: Ting-Lu\n|-damage|p1a: Ting-Lu|16\/100\n|-unboost|p2a: Rayquaza|def|1\n|-unboost|p2a: Rayquaza|spd|1\n|-damage|p2a: Rayquaza|0 fnt|[from] item: Rocky Helmet|[of] p1a: Ting-Lu\n|faint|p2a: Rayquaza\n|move|p1a: Ting-Lu|Body Slam|p2: Rayquaza|[notarget]\n|-fail|p1a: Ting-Lu\n|\n|upkeep\n|\n|t:|1700493930\n|switch|p2a: Koraidon|Koraidon|100\/100\n|-damage|p2a: Koraidon|88\/100|[from] Spikes\n|-damage|p2a: Koraidon|82\/100|[from] Stealth Rock\n|-weather|SunnyDay|[from] ability: Orichalcum Pulse|[of] p2a: Koraidon\n|-activate|p2a: Koraidon|Orichalcum Pulse|[source]\n|turn|7\n|\n|t:|1700493955\n|move|p2a: Koraidon|U-turn|p1a: Ting-Lu\n|-supereffective|p1a: Ting-Lu\n|-damage|p1a: Ting-Lu|0 fnt\n|-damage|p2a: Koraidon|65\/100|[from] item: Rocky Helmet|[of] p1a: Ting-Lu\n|faint|p1a: Ting-Lu\n|\n|t:|1700493963\n|switch|p2a: Arceus|Arceus-Grass|100\/100|[from] U-turn\n|-damage|p2a: Arceus|88\/100|[from] Spikes\n|-damage|p2a: Arceus|76\/100|[from] Stealth Rock\n|\n|-weather|SunnyDay|[upkeep]\n|upkeep\n|\n|t:|1700493969\n|switch|p1a: Shiftry|Shiftry, M, shiny|100\/100\n|-damage|p1a: Shiftry|88\/100|[from] Stealth Rock\n|turn|8\n|\n|t:|1700493978\n|move|p1a: Shiftry|Tailwind|p1a: Shiftry\n|-sidestart|p1: Fighter Hawk|move: Tailwind\n|-ability|p1a: Shiftry|Wind Rider|boost\n|-boost|p1a: Shiftry|atk|1\n|move|p2a: Arceus|Trick Room|p2a: Arceus\n|-fieldstart|move: Trick Room|[of] p2a: Arceus\n|\n|-weather|SunnyDay|[upkeep]\n|upkeep\n|turn|9\n|\n|t:|1700493990\n|move|p2a: Arceus|Healing Wish|p2a: Arceus\n|faint|p2a: Arceus\n|move|p1a: Shiftry|Knock Off|p2: Arceus|[notarget]\n|-fail|p1a: Shiftry\n|\n|-weather|SunnyDay|[upkeep]\n|upkeep\n|\n|t:|1700493999\n|switch|p2a: Ursaluna|Ursaluna-Bloodmoon, M|100\/100\n|-damage|p2a: Ursaluna|88\/100|[from] Spikes\n|-damage|p2a: Ursaluna|82\/100|[from] Stealth Rock\n|turn|10\n|\n|t:|1700494007\n|move|p2a: Ursaluna|Blood Moon|p1a: Shiftry\n|-damage|p1a: Shiftry|0 fnt\n|faint|p1a: Shiftry\n|\n|-weather|SunnyDay|[upkeep]\n|upkeep\n|-message|Fighter Hawk forfeited.\n|\n|win|grass knot zygarde\n|raw|Fighter Hawk's rating: 1281 &rarr; <strong>1256<\/strong><br \/>(-25 for losing)\n|raw|grass knot zygarde's rating: 1287 &rarr; <strong>1312<\/strong><br \/>(+25 for winning)\n|l|\u203dFighter Hawk\n","uploadtime":1700494020,"views":4,"p1id":"fighterhawk","p2id":"grassknotzygarde","formatid":"gen9anythinggoes","rating":1256,"private":0,"password":""}