{"id":"gen9anythinggoes-1984911259","p1":"inflamedcabbage","p2":"JadenDraft1","format":"[Gen 9] Anything Goes","log":"|j|\u2606inflamedcabbage\n|j|\u2606JadenDraft1\n|t:|1699310014\n|gametype|singles\n|player|p1|inflamedcabbage|102|\n|player|p2|JadenDraft1|pokemonranger|\n|teamsize|p1|6\n|teamsize|p2|6\n|gen|9\n|tier|[Gen 9] Anything Goes\n|rule|HP Percentage Mod: HP is shown in percentages\n|rule|Endless Battle Clause: Forcing endless battles is banned\n|clearpoke\n|poke|p1|Grimmsnarl, M|\n|poke|p1|Volcarona, F|\n|poke|p1|Primeape, F|\n|poke|p1|Forretress, F|\n|poke|p1|Polteageist-Antique|\n|poke|p1|Hatterene, F|\n|poke|p2|Urshifu-*, M|\n|poke|p2|Enamorus-Therian, F|\n|poke|p2|Heatran, F|\n|poke|p2|Lokix, M|\n|poke|p2|Qwilfish-Hisui, F|\n|poke|p2|Flamigo, M|\n|teampreview\n|\n|t:|1699310023\n|start\n|switch|p1a: Grimmsnarl|Grimmsnarl, M|100\/100\n|switch|p2a: Qwilfish|Qwilfish-Hisui, F|100\/100\n|-ability|p2a: Qwilfish|Intimidate|boost\n|-unboost|p1a: Grimmsnarl|atk|1\n|turn|1\n|\n|t:|1699310028\n|switch|p1a: Hatterene|Hatterene, F|100\/100\n|move|p2a: Qwilfish|Taunt|p1a: Hatterene\n|move|p1a: Hatterene|Taunt|p2a: Qwilfish|[from]ability: Magic Bounce\n|-start|p2a: Qwilfish|move: Taunt\n|\n|upkeep\n|turn|2\n|\n|t:|1699310046\n|move|p2a: Qwilfish|Barb Barrage|p1a: Hatterene\n|-supereffective|p1a: Hatterene\n|-damage|p1a: Hatterene|58\/100\n|move|p1a: Hatterene|Draining Kiss|p2a: Qwilfish\n|-damage|p2a: Qwilfish|74\/100\n|-heal|p1a: Hatterene|79\/100|[from] drain|[of] p2a: Qwilfish\n|\n|-heal|p1a: Hatterene|85\/100|[from] item: Leftovers\n|upkeep\n|turn|3\n|\n|t:|1699310053\n|switch|p2a: Heatran|Heatran, F|100\/100\n|move|p1a: Hatterene|Draining Kiss|p2a: Heatran\n|-resisted|p2a: Heatran\n|-damage|p2a: Heatran|98\/100\n|-heal|p1a: Hatterene|87\/100|[from] drain|[of] p2a: Heatran\n|\n|-heal|p1a: Hatterene|93\/100|[from] item: Leftovers\n|upkeep\n|turn|4\n|\n|t:|1699310059\n|move|p1a: Hatterene|Protect|p1a: Hatterene\n|-singleturn|p1a: Hatterene|Protect\n|move|p2a: Heatran|Flash Cannon|p1a: Hatterene\n|-activate|p1a: Hatterene|move: Protect\n|\n|-heal|p1a: Hatterene|99\/100|[from] item: Leftovers\n|upkeep\n|turn|5\n|\n|t:|1699310106\n|switch|p1a: Grimmsnarl|Grimmsnarl, M|100\/100\n|move|p2a: Heatran|Flash Cannon|p1a: Grimmsnarl\n|-supereffective|p1a: Grimmsnarl\n|-damage|p1a: Grimmsnarl|39\/100\n|\n|upkeep\n|turn|6\n|\n|t:|1699310118\n|move|p1a: Grimmsnarl|Light Screen|p1a: Grimmsnarl\n|-sidestart|p1: inflamedcabbage|move: Light Screen\n|move|p2a: Heatran|Flash Cannon|p1a: Grimmsnarl\n|-supereffective|p1a: Grimmsnarl\n|-damage|p1a: Grimmsnarl|9\/100\n|-unboost|p1a: Grimmsnarl|spd|1\n|\n|upkeep\n|turn|7\n|\n|t:|1699310123\n|move|p1a: Grimmsnarl|Reflect|p1a: Grimmsnarl\n|-sidestart|p1: inflamedcabbage|Reflect\n|move|p2a: Heatran|Power Gem|p1a: Grimmsnarl\n|-damage|p1a: Grimmsnarl|0 fnt\n|faint|p1a: Grimmsnarl\n|\n|upkeep\n|\n|t:|1699310136\n|switch|p1a: Polteageist|Polteageist-Antique|100\/100\n|turn|8\n|\n|t:|1699310152\n|move|p1a: Polteageist|Shell Smash|p1a: Polteageist\n|-unboost|p1a: Polteageist|def|1\n|-unboost|p1a: Polteageist|spd|1\n|-boost|p1a: Polteageist|atk|2\n|-boost|p1a: Polteageist|spa|2\n|-boost|p1a: Polteageist|spe|2\n|move|p2a: Heatran|Dark Pulse|p1a: Polteageist\n|-supereffective|p1a: Polteageist\n|-damage|p1a: Polteageist|55\/100\n|\n|upkeep\n|turn|9\n|\n|t:|1699310164\n|move|p1a: Polteageist|Stored Power|p2a: Heatran\n|-resisted|p2a: Heatran\n|-damage|p2a: Heatran|72\/100\n|move|p2a: Heatran|Dark Pulse|p1a: Polteageist\n|-supereffective|p1a: Polteageist\n|-damage|p1a: Polteageist|12\/100\n|\n|upkeep\n|turn|10\n|\n|t:|1699310191\n|move|p1a: Polteageist|Shadow Ball|p2a: Heatran\n|-damage|p2a: Heatran|29\/100\n|move|p2a: Heatran|Flash Cannon|p1a: Polteageist\n|-damage|p1a: Polteageist|0 fnt\n|faint|p1a: Polteageist\n|\n|upkeep\n|\n|t:|1699310197\n|switch|p1a: Forretress|Forretress, F|100\/100\n|turn|11\n|\n|t:|1699310215\n|switch|p2a: Urshifu|Urshifu-Rapid-Strike, M|100\/100\n|move|p1a: Forretress|Stealth Rock|p2a: Urshifu\n|-sidestart|p2: JadenDraft1|move: Stealth Rock\n|\n|upkeep\n|turn|12\n|\n|t:|1699310227\n|switch|p1a: Primeape|Primeape, F|100\/100\n|move|p2a: Urshifu|Surging Strikes|p1a: Primeape\n|-crit|p1a: Primeape\n|-damage|p1a: Primeape|77\/100\n|-setboost|p1a: Primeape|atk|6|[from] ability: Anger Point\n|-crit|p1a: Primeape\n|-damage|p1a: Primeape|54\/100\n|-crit|p1a: Primeape\n|-damage|p1a: Primeape|33\/100\n|-hitcount|p1a: Primeape|3\n|\n|upkeep\n|turn|13\n|\n|t:|1699310237\n|move|p2a: Urshifu|Surging Strikes|p1a: Primeape\n|-crit|p1a: Primeape\n|-damage|p1a: Primeape|9\/100\n|-crit|p1a: Primeape\n|-damage|p1a: Primeape|0 fnt\n|faint|p1a: Primeape\n|-hitcount|p1: Primeape|2\n|\n|-sideend|p1: inflamedcabbage|move: Light Screen\n|upkeep\n|\n|t:|1699310242\n|switch|p1a: Hatterene|Hatterene, F|99\/100\n|turn|14\n|c|\u2606JadenDraft1|COOL TECH\n|\n|t:|1699310257\n|move|p2a: Urshifu|Surging Strikes|p1a: Hatterene\n|-crit|p1a: Hatterene\n|-damage|p1a: Hatterene|81\/100\n|-crit|p1a: Hatterene\n|-damage|p1a: Hatterene|62\/100\n|-crit|p1a: Hatterene\n|-damage|p1a: Hatterene|43\/100\n|-hitcount|p1a: Hatterene|3\n|move|p1a: Hatterene|Draining Kiss|p2a: Urshifu\n|-supereffective|p2a: Urshifu\n|-damage|p2a: Urshifu|33\/100\n|-heal|p1a: Hatterene|97\/100|[from] drain|[of] p2a: Urshifu\n|\n|-heal|p1a: Hatterene|100\/100|[from] item: Leftovers\n|-sideend|p1: inflamedcabbage|Reflect\n|upkeep\n|turn|15\n|\n|t:|1699310285\n|switch|p2a: Enamorus|Enamorus-Therian, F|100\/100\n|-damage|p2a: Enamorus|75\/100|[from] Stealth Rock\n|move|p1a: Hatterene|Draining Kiss|p2a: Enamorus\n|-damage|p2a: Enamorus|52\/100\n|\n|-heal|p2a: Enamorus|59\/100|[from] item: Leftovers\n|upkeep\n|turn|16\n|\n|t:|1699310293\n|move|p2a: Enamorus|Calm Mind|p2a: Enamorus\n|-boost|p2a: Enamorus|spa|1\n|-boost|p2a: Enamorus|spd|1\n|move|p1a: Hatterene|Calm Mind|p1a: Hatterene\n|-boost|p1a: Hatterene|spa|1\n|-boost|p1a: Hatterene|spd|1\n|\n|-heal|p2a: Enamorus|65\/100|[from] item: Leftovers\n|upkeep\n|turn|17\n|\n|t:|1699310299\n|move|p2a: Enamorus|Calm Mind|p2a: Enamorus\n|-boost|p2a: Enamorus|spa|1\n|-boost|p2a: Enamorus|spd|1\n|move|p1a: Hatterene|Calm Mind|p1a: Hatterene\n|-boost|p1a: Hatterene|spa|1\n|-boost|p1a: Hatterene|spd|1\n|\n|-heal|p2a: Enamorus|71\/100|[from] item: Leftovers\n|upkeep\n|turn|18\n|\n|t:|1699310301\n|move|p2a: Enamorus|Calm Mind|p2a: Enamorus\n|-boost|p2a: Enamorus|spa|1\n|-boost|p2a: Enamorus|spd|1\n|move|p1a: Hatterene|Calm Mind|p1a: Hatterene\n|-boost|p1a: Hatterene|spa|1\n|-boost|p1a: Hatterene|spd|1\n|\n|-heal|p2a: Enamorus|77\/100|[from] item: Leftovers\n|upkeep\n|turn|19\n|\n|t:|1699310303\n|move|p2a: Enamorus|Calm Mind|p2a: Enamorus\n|-boost|p2a: Enamorus|spa|1\n|-boost|p2a: Enamorus|spd|1\n|move|p1a: Hatterene|Calm Mind|p1a: Hatterene\n|-boost|p1a: Hatterene|spa|1\n|-boost|p1a: Hatterene|spd|1\n|\n|-heal|p2a: Enamorus|84\/100|[from] item: Leftovers\n|upkeep\n|turn|20\n|\n|t:|1699310305\n|move|p2a: Enamorus|Calm Mind|p2a: Enamorus\n|-boost|p2a: Enamorus|spa|1\n|-boost|p2a: Enamorus|spd|1\n|move|p1a: Hatterene|Calm Mind|p1a: Hatterene\n|-boost|p1a: Hatterene|spa|1\n|-boost|p1a: Hatterene|spd|1\n|\n|-heal|p2a: Enamorus|90\/100|[from] item: Leftovers\n|upkeep\n|turn|21\n|\n|t:|1699310308\n|move|p2a: Enamorus|Calm Mind|p2a: Enamorus\n|-boost|p2a: Enamorus|spa|1\n|-boost|p2a: Enamorus|spd|1\n|move|p1a: Hatterene|Calm Mind|p1a: Hatterene\n|-boost|p1a: Hatterene|spa|1\n|-boost|p1a: Hatterene|spd|1\n|\n|-heal|p2a: Enamorus|96\/100|[from] item: Leftovers\n|upkeep\n|turn|22\n|\n|t:|1699310324\n|move|p2a: Enamorus|Mystical Fire|p1a: Hatterene\n|-damage|p1a: Hatterene|69\/100\n|-unboost|p1a: Hatterene|spa|1\n|move|p1a: Hatterene|Stored Power|p2a: Enamorus\n|-damage|p2a: Enamorus|0 fnt\n|faint|p2a: Enamorus\n|\n|-heal|p1a: Hatterene|75\/100|[from] item: Leftovers\n|upkeep\n|\n|t:|1699310332\n|switch|p2a: Lokix|Lokix, M|100\/100\n|-damage|p2a: Lokix|75\/100|[from] Stealth Rock\n|turn|23\n|\n|t:|1699310336\n|move|p2a: Lokix|Knock Off|p1a: Hatterene\n|-crit|p1a: Hatterene\n|-damage|p1a: Hatterene|0 fnt\n|-enditem|p1a: Hatterene|Leftovers|[from] move: Knock Off|[of] p2a: Lokix\n|faint|p1a: Hatterene\n|\n|upkeep\n|\n|t:|1699310342\n|switch|p1a: Volcarona|Volcarona, F|100\/100\n|turn|24\n|\n|t:|1699310368\n|move|p2a: Lokix|Knock Off|p1a: Volcarona\n|-damage|p1a: Volcarona|39\/100\n|-enditem|p1a: Volcarona|Heavy-Duty Boots|[from] move: Knock Off|[of] p2a: Lokix\n|move|p1a: Volcarona|Quiver Dance|p1a: Volcarona\n|-boost|p1a: Volcarona|spa|1\n|-boost|p1a: Volcarona|spd|1\n|-boost|p1a: Volcarona|spe|1\n|\n|upkeep\n|turn|25\n|\n|t:|1699310377\n|switch|p2a: Heatran|Heatran, F|29\/100\n|-damage|p2a: Heatran|17\/100|[from] Stealth Rock\n|move|p1a: Volcarona|Morning Sun|p1a: Volcarona\n|-heal|p1a: Volcarona|89\/100\n|\n|upkeep\n|turn|26\n|\n|t:|1699310382\n|move|p1a: Volcarona|Air Slash|p2a: Heatran\n|-resisted|p2a: Heatran\n|-damage|p2a: Heatran|9\/100\n|cant|p2a: Heatran|flinch\n|\n|upkeep\n|turn|27\n|\n|t:|1699310387\n|move|p1a: Volcarona|Air Slash|p2a: Heatran\n|-resisted|p2a: Heatran\n|-damage|p2a: Heatran|2\/100\n|move|p2a: Heatran|Power Gem|p1a: Volcarona\n|-supereffective|p1a: Volcarona\n|-damage|p1a: Volcarona|26\/100\n|\n|upkeep\n|turn|28\n|\n|t:|1699310395\n|move|p1a: Volcarona|Air Slash|p2a: Heatran\n|-resisted|p2a: Heatran\n|-damage|p2a: Heatran|0 fnt\n|faint|p2a: Heatran\n|\n|upkeep\n|\n|t:|1699310419\n|switch|p2a: Urshifu|Urshifu-Rapid-Strike, M|33\/100\n|-damage|p2a: Urshifu|27\/100|[from] Stealth Rock\n|turn|29\n|\n|t:|1699310430\n|move|p2a: Urshifu|Aqua Jet|p1a: Volcarona\n|-supereffective|p1a: Volcarona\n|-damage|p1a: Volcarona|0 fnt\n|faint|p1a: Volcarona\n|\n|upkeep\n|\n|t:|1699310433\n|switch|p1a: Forretress|Forretress, F|100\/100\n|turn|30\n|\n|t:|1699310439\n|move|p2a: Urshifu|Surging Strikes|p1a: Forretress\n|-crit|p1a: Forretress\n|-damage|p1a: Forretress|88\/100\n|-crit|p1a: Forretress\n|-damage|p1a: Forretress|76\/100\n|-crit|p1a: Forretress\n|-damage|p1a: Forretress|62\/100\n|-hitcount|p1a: Forretress|3\n|move|p1a: Forretress|Rapid Spin|p2a: Urshifu\n|-damage|p2a: Urshifu|16\/100\n|-boost|p1a: Forretress|spe|1\n|\n|upkeep\n|turn|31\n|\n|t:|1699310446\n|move|p2a: Urshifu|Surging Strikes|p1a: Forretress\n|-crit|p1a: Forretress\n|-damage|p1a: Forretress|48\/100\n|-crit|p1a: Forretress\n|-damage|p1a: Forretress|36\/100\n|-crit|p1a: Forretress\n|-damage|p1a: Forretress|22\/100\n|-hitcount|p1a: Forretress|3\n|move|p1a: Forretress|Spikes|p2a: Urshifu\n|-sidestart|p2: JadenDraft1|Spikes\n|\n|upkeep\n|turn|32\n|\n|t:|1699310458\n|move|p2a: Urshifu|Surging Strikes|p1a: Forretress\n|-crit|p1a: Forretress\n|-damage|p1a: Forretress|9\/100\n|-crit|p1a: Forretress\n|-damage|p1a: Forretress|0 fnt\n|faint|p1a: Forretress\n|-hitcount|p1: Forretress|2\n|\n|win|JadenDraft1\n|c|\u2606JadenDraft1|gg\n","uploadtime":1699310463,"views":7,"p1id":"inflamedcabbage","p2id":"jadendraft1","formatid":"gen9anythinggoes","rating":0,"private":0,"password":""}