{"id":"gen9anythinggoes-1977818653","p1":"wuigamerbr","p2":"Melichio","format":"[Gen 9] Anything Goes","log":"|j|\u2606wuigamerbr\n|j|\u2606Melichio\n|t:|1698453408\n|gametype|singles\n|player|p1|wuigamerbr|skyla-masters|\n|player|p2|Melichio|carmine-festival|\n|teamsize|p1|6\n|teamsize|p2|6\n|gen|9\n|tier|[Gen 9] Anything Goes\n|rule|HP Percentage Mod: HP is shown in percentages\n|rule|Endless Battle Clause: Forcing endless battles is banned\n|clearpoke\n|poke|p1|Iron Bundle|\n|poke|p1|Tauros-Paldea-Blaze, M|\n|poke|p1|Lycanroc-Dusk, M|\n|poke|p1|Cyclizar, M|\n|poke|p1|Gothitelle, F|\n|poke|p1|Umbreon, M|\n|poke|p2|Ogerpon-Hearthflame, F|\n|poke|p2|Walking Wake|\n|poke|p2|Torkoal, M|\n|poke|p2|Scyther, F|\n|poke|p2|Ting-Lu|\n|poke|p2|Girafarig, M|\n|teampreview\n|j| Minami Sana\n|j| EndeerSB\n|\n|t:|1698453446\n|start\n|switch|p1a: Motoca|Cyclizar, M|100\/100\n|switch|p2a: Scyther|Scyther, F|100\/100\n|turn|1\n|c| EndeerSB|Ciclyzar no anime: vrooom vrooom\n|\n|t:|1698453515\n|switch|p2a: Girafarig|Girafarig, M|100\/100\n|move|p1a: Motoca|Knock Off|p2a: Girafarig\n|-supereffective|p2a: Girafarig\n|-damage|p2a: Girafarig|59\/100\n|-enditem|p2a: Girafarig|Eviolite|[from] move: Knock Off|[of] p1a: Motoca\n|\n|upkeep\n|turn|2\n|\n|t:|1698453578\n|move|p1a: Motoca|Knock Off|p2a: Girafarig\n|-supereffective|p2a: Girafarig\n|-damage|p2a: Girafarig|18\/100\n|move|p2a: Girafarig|Wish|p2a: Girafarig\n|\n|upkeep\n|turn|3\n|\n|t:|1698453584\n|switch|p1a: Marnie|Gothitelle, F|100\/100\n|move|p2a: Girafarig|Protect||[still]\n|-fail|p2a: Girafarig\n|\n|-heal|p2a: Girafarig|68\/100|[from] move: Wish|[wisher] Girafarig\n|upkeep\n|turn|4\n|\n|t:|1698453587\n|move|p2a: Girafarig|Baton Pass|p2a: Girafarig\n|\n|t:|1698453591\n|switch|p2a: Ting-Lu|Ting-Lu|100\/100|[from] Baton Pass\n|-ability|p2a: Ting-Lu|Vessel of Ruin\n|move|p1a: Marnie|Calm Mind|p1a: Marnie\n|-boost|p1a: Marnie|spa|1\n|-boost|p1a: Marnie|spd|1\n|\n|upkeep\n|turn|5\n|c|\u2606wuigamerbr|hmmmm\n|\n|t:|1698453614\n|move|p1a: Marnie|Energy Ball|p2a: Ting-Lu\n|-supereffective|p2a: Ting-Lu\n|-damage|p2a: Ting-Lu|77\/100\n|move|p2a: Ting-Lu|Spikes|p1a: Marnie\n|-sidestart|p1: wuigamerbr|Spikes\n|\n|-heal|p2a: Ting-Lu|83\/100|[from] item: Leftovers\n|upkeep\n|turn|6\n|\n|t:|1698453620\n|move|p1a: Marnie|Calm Mind|p1a: Marnie\n|-boost|p1a: Marnie|spa|1\n|-boost|p1a: Marnie|spd|1\n|move|p2a: Ting-Lu|Throat Chop|p1a: Marnie\n|-supereffective|p1a: Marnie\n|-damage|p1a: Marnie|53\/100\n|-start|p1a: Marnie|Throat Chop|[silent]\n|\n|-heal|p1a: Marnie|59\/100|[from] item: Leftovers\n|-heal|p2a: Ting-Lu|90\/100|[from] item: Leftovers\n|upkeep\n|turn|7\n|c| EndeerSB|0\n|\n|t:|1698453627\n|move|p1a: Marnie|Energy Ball|p2a: Ting-Lu\n|-supereffective|p2a: Ting-Lu\n|-damage|p2a: Ting-Lu|58\/100\n|move|p2a: Ting-Lu|Throat Chop|p1a: Marnie\n|-supereffective|p1a: Marnie\n|-damage|p1a: Marnie|16\/100\n|\n|-heal|p1a: Marnie|23\/100|[from] item: Leftovers\n|-heal|p2a: Ting-Lu|65\/100|[from] item: Leftovers\n|-end|p1a: Marnie|Throat Chop|[silent]\n|upkeep\n|turn|8\n|\n|t:|1698453634\n|move|p1a: Marnie|Rest|p1a: Marnie\n|-status|p1a: Marnie|slp|[from] move: Rest\n|-heal|p1a: Marnie|100\/100 slp|[silent]\n|move|p2a: Ting-Lu|Throat Chop|p1a: Marnie\n|-supereffective|p1a: Marnie\n|-damage|p1a: Marnie|55\/100 slp\n|-start|p1a: Marnie|Throat Chop|[silent]\n|\n|-heal|p1a: Marnie|61\/100 slp|[from] item: Leftovers\n|-heal|p2a: Ting-Lu|71\/100|[from] item: Leftovers\n|upkeep\n|turn|9\n|\n|t:|1698453641\n|switch|p1a: Muu|Tauros-Paldea-Blaze, M|100\/100\n|-damage|p1a: Muu|88\/100|[from] Spikes\n|-ability|p1a: Muu|Intimidate|boost\n|-unboost|p2a: Ting-Lu|atk|1\n|move|p2a: Ting-Lu|Throat Chop|p1a: Muu\n|-resisted|p1a: Muu\n|-damage|p1a: Muu|81\/100\n|-start|p1a: Muu|Throat Chop|[silent]\n|\n|-heal|p1a: Muu|88\/100|[from] item: Leftovers\n|-heal|p2a: Ting-Lu|77\/100|[from] item: Leftovers\n|upkeep\n|turn|10\n|\n|t:|1698453679\n|switch|p1a: Motoca|Cyclizar, M|100\/100\n|switch|p2a: Torkoal|Torkoal, M|100\/100\n|-weather|SunnyDay|[from] ability: Drought|[of] p2a: Torkoal\n|\n|-weather|SunnyDay|[upkeep]\n|upkeep\n|turn|11\n|\n|t:|1698453702\n|switch|p2a: Girafarig|Girafarig, M|68\/100\n|move|p1a: Motoca|Rapid Spin|p2a: Girafarig\n|-damage|p2a: Girafarig|44\/100\n|-boost|p1a: Motoca|spe|1\n|-sideend|p1: wuigamerbr|Spikes|[from] move: Rapid Spin|[of] p1a: Motoca\n|\n|-weather|SunnyDay|[upkeep]\n|upkeep\n|turn|12\n|\n|t:|1698453713\n|move|p1a: Motoca|U-turn|p2a: Girafarig\n|-supereffective|p2a: Girafarig\n|-damage|p2a: Girafarig|0 fnt\n|faint|p2a: Girafarig\n|\n|t:|1698453723\n|switch|p1a: Brabos|Umbreon, M, shiny|100\/100|[from] U-turn\n|\n|-weather|SunnyDay|[upkeep]\n|upkeep\n|\n|t:|1698453750\n|switch|p2a: Walking Wake|Walking Wake|100\/100\n|-activate|p2a: Walking Wake|ability: Protosynthesis\n|-start|p2a: Walking Wake|protosynthesisspa\n|turn|13\n|\n|t:|1698453754\n|move|p2a: Walking Wake|Hydro Steam|p1a: Brabos\n|-damage|p1a: Brabos|37\/100\n|move|p1a: Brabos|Snarl|p2a: Walking Wake\n|-damage|p2a: Walking Wake|85\/100\n|-unboost|p2a: Walking Wake|spa|1\n|\n|-weather|SunnyDay|[upkeep]\n|-heal|p1a: Brabos|43\/100|[from] item: Leftovers\n|upkeep\n|turn|14\n|j| Klinklang AV\n|c| Klinklang AV|VIAD\u00c3O\n|\n|t:|1698453811\n|move|p2a: Walking Wake|Hydro Steam|p1a: Brabos\n|-damage|p1a: Brabos|5\/100\n|move|p1a: Brabos|Wish|p1a: Brabos\n|\n|-weather|SunnyDay|[upkeep]\n|-heal|p1a: Brabos|11\/100|[from] item: Leftovers\n|upkeep\n|turn|15\n|c| EndeerSB|ta se chamando?\n|\n|t:|1698453830\n|-end|p2a: Walking Wake|Protosynthesis|[silent]\n|switch|p2a: Scyther|Scyther, F|100\/100\n|move|p1a: Brabos|Protect||[still]\n|-fail|p1a: Brabos\n|\n|-weather|SunnyDay|[upkeep]\n|-heal|p1a: Brabos|61\/100|[from] move: Wish|[wisher] Brabos\n|-heal|p1a: Brabos|68\/100|[from] item: Leftovers\n|upkeep\n|turn|16\n|\n|t:|1698453839\n|switch|p1a: Muu|Tauros-Paldea-Blaze, M|88\/100\n|-ability|p1a: Muu|Intimidate|boost\n|-unboost|p2a: Scyther|atk|1\n|move|p2a: Scyther|U-turn|p1a: Muu\n|-resisted|p1a: Muu\n|-damage|p1a: Muu|84\/100\n|\n|t:|1698453846\n|switch|p2a: Walking Wake|Walking Wake|85\/100|[from] U-turn\n|-activate|p2a: Walking Wake|ability: Protosynthesis\n|-start|p2a: Walking Wake|protosynthesisspa\n|\n|-weather|SunnyDay|[upkeep]\n|-heal|p1a: Muu|90\/100|[from] item: Leftovers\n|upkeep\n|turn|17\n|\n|t:|1698453851\n|switch|p1a: Motoca|Cyclizar, M|100\/100\n|move|p2a: Walking Wake|Hydro Steam|p1a: Motoca\n|-resisted|p1a: Motoca\n|-damage|p1a: Motoca|15\/100\n|\n|-weather|none\n|-end|p2a: Walking Wake|Protosynthesis\n|upkeep\n|turn|18\n|c| EndeerSB|Ayoki\n|c|\u2606Melichio|\u00e9 o set errado\n|c|\u2606Melichio|respeita.\n|c| EndeerSB|Ayowoki\n|c| EndeerSB|iiiih hiii\n|\n|t:|1698453872\n|move|p1a: Motoca|U-turn|p2a: Walking Wake\n|-damage|p2a: Walking Wake|68\/100\n|\n|t:|1698453875\n|switch|p1a: Brabos|Umbreon, M, shiny|68\/100|[from] U-turn\n|move|p2a: Walking Wake|Hydro Steam|p1a: Brabos\n|-damage|p1a: Brabos|37\/100\n|\n|-heal|p1a: Brabos|43\/100|[from] item: Leftovers\n|upkeep\n|turn|19\n|\n|t:|1698453883\n|move|p2a: Walking Wake|Hydro Steam|p1a: Brabos\n|-damage|p1a: Brabos|13\/100\n|move|p1a: Brabos|Wish|p1a: Brabos\n|\n|-heal|p1a: Brabos|19\/100|[from] item: Leftovers\n|upkeep\n|turn|20\n|\n|t:|1698453893\n|-end|p2a: Walking Wake|Protosynthesis|[silent]\n|switch|p2a: Torkoal|Torkoal, M|100\/100\n|-weather|SunnyDay|[from] ability: Drought|[of] p2a: Torkoal\n|move|p1a: Brabos|Protect||[still]\n|-fail|p1a: Brabos\n|\n|-weather|SunnyDay|[upkeep]\n|-heal|p1a: Brabos|69\/100|[from] move: Wish|[wisher] Brabos\n|-heal|p1a: Brabos|75\/100|[from] item: Leftovers\n|upkeep\n|turn|21\n|\n|t:|1698453909\n|switch|p2a: Scyther|Scyther, F|100\/100\n|move|p1a: Brabos|Wish|p1a: Brabos\n|\n|-weather|SunnyDay|[upkeep]\n|-heal|p1a: Brabos|81\/100|[from] item: Leftovers\n|upkeep\n|turn|22\n|\n|t:|1698453928\n|move|p2a: Scyther|U-turn|p1a: Brabos\n|-supereffective|p1a: Brabos\n|-damage|p1a: Brabos|29\/100\n|\n|t:|1698453960\n|switch|p2a: Torkoal|Torkoal, M|100\/100|[from] U-turn\n|move|p1a: Brabos|Snarl|p2a: Torkoal\n|-damage|p2a: Torkoal|82\/100\n|-unboost|p2a: Torkoal|spa|1\n|\n|-weather|SunnyDay|[upkeep]\n|-heal|p1a: Brabos|79\/100|[from] move: Wish|[wisher] Brabos\n|-heal|p1a: Brabos|85\/100|[from] item: Leftovers\n|upkeep\n|turn|23\n|\n|t:|1698453972\n|switch|p2a: Scyther|Scyther, F|100\/100\n|move|p1a: Brabos|Wish|p1a: Brabos\n|\n|-weather|SunnyDay|[upkeep]\n|-heal|p1a: Brabos|91\/100|[from] item: Leftovers\n|upkeep\n|turn|24\n|\n|t:|1698453984\n|move|p1a: Brabos|Protect|p1a: Brabos\n|-singleturn|p1a: Brabos|Protect\n|move|p2a: Scyther|Swords Dance|p2a: Scyther\n|-boost|p2a: Scyther|atk|2\n|\n|-weather|SunnyDay|[upkeep]\n|-heal|p1a: Brabos|100\/100|[from] move: Wish|[wisher] Brabos\n|upkeep\n|turn|25\n|\n|t:|1698453992\n|switch|p1a: Muu|Tauros-Paldea-Blaze, M|90\/100\n|-ability|p1a: Muu|Intimidate|boost\n|-unboost|p2a: Scyther|atk|1\n|move|p2a: Scyther|U-turn|p1a: Muu\n|-resisted|p1a: Muu\n|-damage|p1a: Muu|82\/100\n|c|\u2606wuigamerbr|orra\n|\n|t:|1698453998\n|switch|p2a: Walking Wake|Walking Wake|68\/100|[from] U-turn\n|-activate|p2a: Walking Wake|ability: Protosynthesis\n|-start|p2a: Walking Wake|protosynthesisspa\n|\n|-weather|SunnyDay|[upkeep]\n|-heal|p1a: Muu|88\/100|[from] item: Leftovers\n|upkeep\n|turn|26\n|c| Minami Sana|grande\n|c| Minami Sana|sd uturn\n|c| EndeerSB|iihh hiiii\n|c| Minami Sana|OLHA QUEM VOLTOU\n|\n|t:|1698454008\n|switch|p1a: Brabos|Umbreon, M, shiny|100\/100\n|move|p2a: Walking Wake|Hydro Steam|p1a: Brabos\n|-damage|p1a: Brabos|37\/100\n|\n|-weather|SunnyDay|[upkeep]\n|-heal|p1a: Brabos|43\/100|[from] item: Leftovers\n|upkeep\n|turn|27\n|\n|t:|1698454014\n|move|p1a: Brabos|Protect|p1a: Brabos\n|-singleturn|p1a: Brabos|Protect\n|move|p2a: Walking Wake|Hydro Steam|p1a: Brabos\n|-activate|p1a: Brabos|move: Protect\n|\n|-weather|none\n|-end|p2a: Walking Wake|Protosynthesis\n|-heal|p1a: Brabos|49\/100|[from] item: Leftovers\n|upkeep\n|turn|28\n|\n|t:|1698454019\n|-end|p2a: Walking Wake|Protosynthesis|[silent]\n|switch|p2a: Torkoal|Torkoal, M|82\/100\n|-weather|SunnyDay|[from] ability: Drought|[of] p2a: Torkoal\n|move|p1a: Brabos|Wish|p1a: Brabos\n|\n|-weather|SunnyDay|[upkeep]\n|-heal|p1a: Brabos|55\/100|[from] item: Leftovers\n|upkeep\n|turn|29\n|\n|t:|1698454025\n|switch|p2a: Scyther|Scyther, F|100\/100\n|move|p1a: Brabos|Snarl|p2a: Scyther\n|-damage|p2a: Scyther|83\/100\n|-unboost|p2a: Scyther|spa|1\n|\n|-weather|SunnyDay|[upkeep]\n|-heal|p1a: Brabos|100\/100|[from] move: Wish|[wisher] Brabos\n|upkeep\n|turn|30\n|j| Toak\n|c| Minami Sana|O GLR\n|c| Minami Sana|querem agilizar isso nao?\n|c| Toak|carai\n|c| Toak|10 min\n|c| EndeerSB|n da, quem ta lutando \u00e9 o wui\n|c| Toak|pensei q tinha acabado\n|c|\u2606wuigamerbr|orra\n|c| EndeerSB|no m\u00ednimo \u00e9 100 turnos\n|c| Toak|e ta assim\n|\n|t:|1698454049\n|switch|p1a: Marnie|Gothitelle, F|61\/100 slp\n|move|p2a: Scyther|U-turn|p1a: Marnie\n|-supereffective|p1a: Marnie\n|-damage|p1a: Marnie|12\/100 slp\n|c| Toak|wui realmente\n|c|\u2606wuigamerbr|n tenho water absorb\n|c| Toak|so sabe usar stall\n|\n|t:|1698454055\n|switch|p2a: Walking Wake|Walking Wake|68\/100|[from] U-turn\n|-activate|p2a: Walking Wake|ability: Protosynthesis\n|-start|p2a: Walking Wake|protosynthesisspa\n|\n|-weather|SunnyDay|[upkeep]\n|-heal|p1a: Marnie|19\/100 slp|[from] item: Leftovers\n|upkeep\n|turn|31\n|c|\u2606wuigamerbr|tenho q dar meus pegas\n|\n|t:|1698454062\n|move|p2a: Walking Wake|Hydro Steam|p1a: Marnie\n|-damage|p1a: Marnie|0 fnt\n|faint|p1a: Marnie\n|\n|-weather|SunnyDay|[upkeep]\n|upkeep\n|l| Toak\n|\n|t:|1698454087\n|switch|p1a: Pingu|Iron Bundle, shiny|100\/100\n|turn|32\n|c| Klinklang AV|juan\n|c|\u2606wuigamerbr|so tenho 2 bicho defensivo\n|c|\u2606wuigamerbr|se fuder\n|c| Klinklang AV|o fogo me motivou a voltar a grindar o pante\u00e3o 5 com todas as bindings\n|c| Klinklang AV|a luta come\u00e7ou quando eu tava nos obblobbles\n|c| Minami Sana|maluco\n|\n|t:|1698454141\n|-end|p2a: Walking Wake|Protosynthesis|[silent]\n|switch|p2a: Ting-Lu|Ting-Lu|77\/100\n|-ability|p2a: Ting-Lu|Vessel of Ruin\n|move|p1a: Pingu|Freeze-Dry|p2a: Ting-Lu\n|-supereffective|p2a: Ting-Lu\n|-damage|p2a: Ting-Lu|45\/100\n|\n|-weather|SunnyDay|[upkeep]\n|-heal|p2a: Ting-Lu|51\/100|[from] item: Leftovers\n|upkeep\n|turn|33\n|c| Klinklang AV|eu to no hive knight agora\n|c| EndeerSB|e ai os q n \u00e9 defensivo tu faz defensivo n\u00e9\n|c| EndeerSB|Rillaboom like\n|\n|t:|1698454153\n|switch|p2a: Torkoal|Torkoal, M|82\/100\n|move|p1a: Pingu|Taunt|p2a: Torkoal\n|-start|p2a: Torkoal|move: Taunt\n|\n|-weather|SunnyDay|[upkeep]\n|upkeep\n|turn|34\n|c| Klinklang AV|eu vou ir te atualizando sobre a situa\u00e7\u00e3o\n|c| Minami Sana|mas boa sorte ai\n|c|\u2606wuigamerbr|to falando nessa equipe po\n|c|\u2606wuigamerbr|nessa equipe so tenho 2 bicho defensivo\n|\n|t:|1698454219\n|switch|p2a: Scyther|Scyther, F|83\/100\n|move|p1a: Pingu|Flip Turn|p2a: Scyther\n|-damage|p2a: Scyther|71\/100\n|\n|t:|1698454232\n|-end|p1a: Pingu|Quark Drive|[silent]\n|switch|p1a: Muu|Tauros-Paldea-Blaze, M|88\/100|[from] Flip Turn\n|-ability|p1a: Muu|Intimidate|boost\n|-unboost|p2a: Scyther|atk|1\n|\n|-weather|SunnyDay|[upkeep]\n|-heal|p1a: Muu|94\/100|[from] item: Leftovers\n|upkeep\n|turn|35\n|\n|t:|1698454260\n|move|p2a: Scyther|Dual Wingbeat|p1a: Muu\n|-supereffective|p1a: Muu\n|-crit|p1a: Muu\n|-damage|p1a: Muu|37\/100\n|-supereffective|p1a: Muu\n|-damage|p1a: Muu|13\/100\n|-hitcount|p1a: Muu|2\n|move|p1a: Muu|Raging Bull|p2a: Scyther\n|-supereffective|p2a: Scyther\n|-damage|p2a: Scyther|0 fnt\n|faint|p2a: Scyther\n|\n|-weather|none\n|-heal|p1a: Muu|19\/100|[from] item: Leftovers\n|upkeep\n|c|\u2606wuigamerbr|orra\n|\n|t:|1698454273\n|switch|p2a: Torkoal|Torkoal, M|82\/100\n|-weather|SunnyDay|[from] ability: Drought|[of] p2a: Torkoal\n|turn|36\n|\n|t:|1698454283\n|switch|p1a: Motoca|Cyclizar, M|49\/100\n|move|p2a: Torkoal|Stealth Rock|p1a: Motoca\n|-sidestart|p1: wuigamerbr|move: Stealth Rock\n|\n|-weather|SunnyDay|[upkeep]\n|upkeep\n|turn|37\n|\n|t:|1698454289\n|move|p1a: Motoca|Rapid Spin|p2a: Torkoal\n|-damage|p2a: Torkoal|73\/100\n|-boost|p1a: Motoca|spe|1\n|-sideend|p1: wuigamerbr|Stealth Rock|[from] move: Rapid Spin|[of] p1a: Motoca\n|move|p2a: Torkoal|Yawn|p1a: Motoca\n|-start|p1a: Motoca|move: Yawn|[of] p2a: Torkoal\n|\n|-weather|SunnyDay|[upkeep]\n|upkeep\n|turn|38\n|\n|t:|1698454295\n|move|p1a: Motoca|U-turn|p2a: Torkoal\n|-resisted|p2a: Torkoal\n|-damage|p2a: Torkoal|69\/100\n|\n|t:|1698454298\n|switch|p1a: Brabos|Umbreon, M, shiny|100\/100|[from] U-turn\n|move|p2a: Torkoal|Stealth Rock|p1a: Brabos\n|-sidestart|p1: wuigamerbr|move: Stealth Rock\n|\n|-weather|SunnyDay|[upkeep]\n|upkeep\n|turn|39\n|\n|t:|1698454306\n|switch|p2a: Ting-Lu|Ting-Lu|51\/100\n|-ability|p2a: Ting-Lu|Vessel of Ruin\n|move|p1a: Brabos|Wish|p1a: Brabos\n|\n|-weather|SunnyDay|[upkeep]\n|-heal|p2a: Ting-Lu|58\/100|[from] item: Leftovers\n|upkeep\n|turn|40\n|\n|t:|1698454323\n|move|p1a: Brabos|Baton Pass|p1a: Brabos\n|\n|t:|1698454325\n|switch|p1a: Muu|Tauros-Paldea-Blaze, M|19\/100|[from] Baton Pass\n|-damage|p1a: Muu|7\/100|[from] Stealth Rock\n|-ability|p1a: Muu|Intimidate|boost\n|-unboost|p2a: Ting-Lu|atk|1\n|move|p2a: Ting-Lu|Earthquake|p1a: Muu\n|-supereffective|p1a: Muu\n|-damage|p1a: Muu|0 fnt\n|faint|p1a: Muu\n|\n|-weather|SunnyDay|[upkeep]\n|-heal|p2a: Ting-Lu|64\/100|[from] item: Leftovers\n|upkeep\n|\n|t:|1698454329\n|switch|p1a: Motoca|Cyclizar, M|82\/100\n|turn|41\n|\n|t:|1698454378\n|switch|p2a: Torkoal|Torkoal, M|69\/100\n|move|p1a: Motoca|Rapid Spin|p2a: Torkoal\n|-damage|p2a: Torkoal|60\/100\n|-boost|p1a: Motoca|spe|1\n|-sideend|p1: wuigamerbr|Stealth Rock|[from] move: Rapid Spin|[of] p1a: Motoca\n|\n|-weather|SunnyDay|[upkeep]\n|upkeep\n|turn|42\n|\n|t:|1698454384\n|move|p1a: Motoca|Knock Off|p2a: Torkoal\n|-damage|p2a: Torkoal|48\/100\n|-enditem|p2a: Torkoal|Heat Rock|[from] move: Knock Off|[of] p1a: Motoca\n|move|p2a: Torkoal|Yawn|p1a: Motoca\n|-start|p1a: Motoca|move: Yawn|[of] p2a: Torkoal\n|\n|-weather|SunnyDay|[upkeep]\n|upkeep\n|turn|43\n|\n|t:|1698454395\n|move|p1a: Motoca|U-turn|p2a: Torkoal\n|-resisted|p2a: Torkoal\n|-damage|p2a: Torkoal|44\/100\n|\n|t:|1698454399\n|switch|p1a: Tusk|Lycanroc-Dusk, M, shiny|100\/100|[from] U-turn\n|move|p2a: Torkoal|Yawn|p1a: Tusk\n|-start|p1a: Tusk|move: Yawn|[of] p2a: Torkoal\n|\n|-weather|none\n|upkeep\n|turn|44\n|\n|t:|1698454481\n|switch|p1a: Pingu|Iron Bundle, shiny|100\/100\n|move|p2a: Torkoal|Yawn|p1a: Pingu\n|-start|p1a: Pingu|move: Yawn|[of] p2a: Torkoal\n|\n|upkeep\n|turn|45\n|\n|t:|1698454488\n|move|p1a: Pingu|Flip Turn|p2a: Torkoal\n|-supereffective|p2a: Torkoal\n|-damage|p2a: Torkoal|28\/100\n|c|\u2606wuigamerbr|hm\n|\n|t:|1698454492\n|-end|p1a: Pingu|Quark Drive|[silent]\n|switch|p1a: Tusk|Lycanroc-Dusk, M, shiny|100\/100|[from] Flip Turn\n|move|p2a: Torkoal|Stealth Rock|p1a: Tusk\n|-sidestart|p1: wuigamerbr|move: Stealth Rock\n|\n|upkeep\n|turn|46\n|c| Minami Sana|so leituras aq ta\n|c|\u2606wuigamerbr|belas leituras\n|c|\u2606wuigamerbr|adiantou em nd\n|\n|t:|1698454509\n|move|p1a: Tusk|Close Combat|p2a: Torkoal\n|-damage|p2a: Torkoal|0 fnt\n|-unboost|p1a: Tusk|def|1\n|-unboost|p1a: Tusk|spd|1\n|faint|p2a: Torkoal\n|-damage|p1a: Tusk|91\/100|[from] item: Life Orb\n|\n|upkeep\n|\n|t:|1698454520\n|switch|p2a: Walking Wake|Walking Wake|68\/100\n|turn|47\n|\n|t:|1698454526\n|switch|p1a: Brabos|Umbreon, M, shiny|100\/100\n|-damage|p1a: Brabos|88\/100|[from] Stealth Rock\n|move|p2a: Walking Wake|Flip Turn|p1a: Brabos\n|-damage|p1a: Brabos|76\/100\n|\n|t:|1698454531\n|-end|p2a: Walking Wake|Protosynthesis|[silent]\n|switch|p2a: Ogerpon|Ogerpon-Hearthflame, F|100\/100|[from] Flip Turn\n|-ability|p2a: Ogerpon|Mold Breaker\n|\n|-heal|p1a: Brabos|82\/100|[from] item: Leftovers\n|upkeep\n|turn|48\n|c| Klinklang AV|juan\n|c| Minami Sana|oi\n|c| Klinklang AV|derrotei o grim\n|\n|t:|1698454589\n|switch|p1a: Motoca|Cyclizar, M|100\/100\n|move|p2a: Ogerpon|Trailblaze|p1a: Motoca\n|-resisted|p1a: Motoca\n|-damage|p1a: Motoca|80\/100\n|-boost|p2a: Ogerpon|spe|1\n|\n|upkeep\n|turn|49\n|c| Minami Sana|boa\n|c| Klinklang AV|o wui fez isso tudo pra perder agr\n|c| Klinklang AV|vambora\n|c| Minami Sana|nightmare ou o normal\n|\n|t:|1698454606\n|move|p2a: Ogerpon|Swords Dance|p2a: Ogerpon\n|-boost|p2a: Ogerpon|atk|2\n|move|p1a: Motoca|Rapid Spin|p2a: Ogerpon\n|-damage|p2a: Ogerpon|78\/100\n|-boost|p1a: Motoca|spe|1\n|-sideend|p1: wuigamerbr|Stealth Rock|[from] move: Rapid Spin|[of] p1a: Motoca\n|\n|upkeep\n|turn|50\n|c| Klinklang AV|normal\n|\n|t:|1698454621\n|move|p1a: Motoca|Dragon Claw|p2a: Ogerpon\n|-damage|p2a: Ogerpon|43\/100\n|move|p2a: Ogerpon|Ivy Cudgel|p1a: Motoca\n|-resisted|p1a: Motoca\n|-crit|p1a: Motoca\n|-damage|p1a: Motoca|0 fnt\n|faint|p1a: Motoca\n|\n|upkeep\n|\n|t:|1698454623\n|switch|p1a: Tusk|Lycanroc-Dusk, M, shiny|91\/100\n|turn|51\n|l| Klinklang AV\n|\n|t:|1698454641\n|switch|p2a: Ting-Lu|Ting-Lu|64\/100\n|-ability|p2a: Ting-Lu|Vessel of Ruin\n|move|p1a: Tusk|Accelerock|p2a: Ting-Lu\n|-resisted|p2a: Ting-Lu\n|-damage|p2a: Ting-Lu|55\/100\n|-damage|p1a: Tusk|81\/100|[from] item: Life Orb\n|\n|-heal|p2a: Ting-Lu|61\/100|[from] item: Leftovers\n|upkeep\n|turn|52\n|\n|t:|1698454649\n|move|p1a: Tusk|Close Combat|p2a: Ting-Lu\n|-supereffective|p2a: Ting-Lu\n|-damage|p2a: Ting-Lu|0 fnt\n|-unboost|p1a: Tusk|def|1\n|-unboost|p1a: Tusk|spd|1\n|faint|p2a: Ting-Lu\n|-damage|p1a: Tusk|71\/100|[from] item: Life Orb\n|\n|upkeep\n|\n|t:|1698454653\n|switch|p2a: Walking Wake|Walking Wake|68\/100\n|turn|53\n|\n|t:|1698454666\n|switch|p1a: Brabos|Umbreon, M, shiny|82\/100\n|move|p2a: Walking Wake|Flip Turn|p1a: Brabos\n|-damage|p1a: Brabos|68\/100\n|\n|t:|1698454671\n|-end|p2a: Walking Wake|Protosynthesis|[silent]\n|switch|p2a: Ogerpon|Ogerpon-Hearthflame, F|43\/100|[from] Flip Turn\n|-ability|p2a: Ogerpon|Mold Breaker\n|\n|-heal|p1a: Brabos|74\/100|[from] item: Leftovers\n|upkeep\n|turn|54\n|\n|t:|1698454732\n|move|p2a: Ogerpon|Ivy Cudgel|p1a: Brabos\n|-damage|p1a: Brabos|23\/100\n|move|p1a: Brabos|Baton Pass|p1a: Brabos\n|\n|t:|1698454737\n|switch|p1a: Tusk|Lycanroc-Dusk, M, shiny|71\/100|[from] Baton Pass\n|\n|upkeep\n|turn|55\n|\n|t:|1698454750\n|move|p1a: Tusk|Accelerock|p2a: Ogerpon\n|-supereffective|p2a: Ogerpon\n|-damage|p2a: Ogerpon|0 fnt\n|faint|p2a: Ogerpon\n|-damage|p1a: Tusk|61\/100|[from] item: Life Orb\n|\n|upkeep\n|\n|t:|1698454753\n|switch|p2a: Walking Wake|Walking Wake|68\/100\n|turn|56\n|\n|t:|1698454760\n|move|p2a: Walking Wake|Draco Meteor|p1a: Tusk\n|-damage|p1a: Tusk|0 fnt\n|-unboost|p2a: Walking Wake|spa|2\n|faint|p1a: Tusk\n|\n|upkeep\n|\n|t:|1698454764\n|switch|p1a: Pingu|Iron Bundle, shiny|100\/100\n|turn|57\n|\n|t:|1698454766\n|move|p1a: Pingu|Freeze-Dry|p2a: Walking Wake\n|-supereffective|p2a: Walking Wake\n|-damage|p2a: Walking Wake|0 fnt\n|faint|p2a: Walking Wake\n|-end|p2a: Walking Wake|Protosynthesis|[silent]\n|\n|win|wuigamerbr\n","uploadtime":1698454771,"views":10,"p1id":"wuigamerbr","p2id":"melichio","formatid":"gen9anythinggoes","rating":0,"private":0,"password":""}