{"id":"gen9anythinggoes-1997371903","p1":"firepelt123","p2":"YoungEsq","format":"[Gen 9] Anything Goes","log":"|j|\u2606firepelt123\n|j|\u2606YoungEsq\n|t:|1700795513\n|gametype|singles\n|player|p1|firepelt123|170|1408\n|player|p2|YoungEsq|170|1429\n|teamsize|p1|6\n|teamsize|p2|6\n|gen|9\n|tier|[Gen 9] Anything Goes\n|rated|\n|rule|HP Percentage Mod: HP is shown in percentages\n|rule|Endless Battle Clause: Forcing endless battles is banned\n|clearpoke\n|poke|p1|Calyrex-Shadow|\n|poke|p1|Zacian-*|\n|poke|p1|Kyogre|\n|poke|p1|Pawmot, F|\n|poke|p1|Eternatus|\n|poke|p1|Moltres-Galar|\n|poke|p2|Ting-Lu|\n|poke|p2|Gholdengo|\n|poke|p2|Roaring Moon|\n|poke|p2|Chi-Yu|\n|poke|p2|Samurott-Hisui, M|\n|poke|p2|Mandibuzz, F|\n|teampreview\n|inactive|Battle timer is ON: inactive players will automatically lose when time's up. (requested by firepelt123)\n|\n|t:|1700795532\n|start\n|switch|p1a: Eternatus|Eternatus|100\/100\n|switch|p2a: Ting-Lu|Ting-Lu|100\/100\n|-ability|p1a: Eternatus|Pressure\n|-ability|p2a: Ting-Lu|Vessel of Ruin\n|turn|1\n|\n|t:|1700795548\n|move|p1a: Eternatus|Cosmic Power|p1a: Eternatus\n|-boost|p1a: Eternatus|def|1\n|-boost|p1a: Eternatus|spd|1\n|move|p2a: Ting-Lu|Stealth Rock|p1a: Eternatus\n|-sidestart|p1: firepelt123|move: Stealth Rock\n|\n|upkeep\n|turn|2\n|\n|t:|1700795554\n|move|p1a: Eternatus|Cosmic Power|p1a: Eternatus\n|-boost|p1a: Eternatus|def|1\n|-boost|p1a: Eternatus|spd|1\n|move|p2a: Ting-Lu|Whirlwind|p1a: Eternatus\n|drag|p1a: Calyrex|Calyrex-Shadow|100\/100\n|-ability|p1a: Calyrex|As One\n|-ability|p1a: Calyrex|Unnerve\n|-damage|p1a: Calyrex|88\/100|[from] Stealth Rock\n|\n|upkeep\n|turn|3\n|\n|t:|1700795559\n|-terastallize|p1a: Calyrex|Fairy\n|move|p1a: Calyrex|Nasty Plot|p1a: Calyrex\n|-boost|p1a: Calyrex|spa|2\n|move|p2a: Ting-Lu|Earthquake|p1a: Calyrex\n|-damage|p1a: Calyrex|43\/100\n|\n|upkeep\n|turn|4\n|\n|t:|1700795564\n|move|p1a: Calyrex|Tera Blast|p2a: Ting-Lu|[anim] Tera Blast Fairy\n|-supereffective|p2a: Ting-Lu\n|-damage|p2a: Ting-Lu|0 fnt\n|faint|p2a: Ting-Lu\n|-ability|p1a: Calyrex|Grim Neigh|boost\n|-boost|p1a: Calyrex|spa|1\n|-damage|p1a: Calyrex|33\/100|[from] item: Life Orb\n|\n|upkeep\n|\n|t:|1700795570\n|switch|p2a: Chi-Yu|Chi-Yu|100\/100\n|-ability|p2a: Chi-Yu|Beads of Ruin\n|turn|5\n|\n|t:|1700795582\n|move|p2a: Chi-Yu|Flamethrower|p1a: Calyrex\n|-damage|p1a: Calyrex|0 fnt\n|faint|p1a: Calyrex\n|\n|upkeep\n|\n|t:|1700795598\n|switch|p1a: Pawmot|Pawmot, F|100\/100\n|-damage|p1a: Pawmot|94\/100|[from] Stealth Rock\n|turn|6\n|\n|t:|1700795613\n|switch|p2a: Samurott|Samurott-Hisui, M|100\/100\n|move|p1a: Pawmot|Fake Out|p2a: Samurott\n|-damage|p2a: Samurott|85\/100\n|\n|upkeep\n|turn|7\n|\n|t:|1700795621\n|move|p1a: Pawmot|Revival Blessing|p1a: Pawmot\n|\n|t:|1700795622\n|-heal|p1: Calyrex|50\/100|[from] move: Revival Blessing\n|move|p2a: Samurott|Ceaseless Edge|p1a: Pawmot|[miss]\n|-miss|p2a: Samurott|p1a: Pawmot\n|\n|upkeep\n|turn|8\n|\n|t:|1700795631\n|move|p1a: Pawmot|Double Shock|p2a: Samurott\n|-supereffective|p2a: Samurott\n|-damage|p2a: Samurott|0 fnt\n|-start|p1a: Pawmot|typechange|???\/Fighting|[from] move: Double Shock\n|faint|p2a: Samurott\n|\n|upkeep\n|\n|t:|1700795637\n|switch|p2a: Chi-Yu|Chi-Yu|100\/100\n|-ability|p2a: Chi-Yu|Beads of Ruin\n|turn|9\n|\n|t:|1700795653\n|move|p1a: Pawmot|Mach Punch|p2a: Chi-Yu\n|-supereffective|p2a: Chi-Yu\n|-damage|p2a: Chi-Yu|19\/100\n|move|p2a: Chi-Yu|Psychic|p1a: Pawmot\n|-supereffective|p1a: Pawmot\n|-damage|p1a: Pawmot|0 fnt\n|faint|p1a: Pawmot\n|\n|upkeep\n|inactive|firepelt123 has 120 seconds left.\n|\n|t:|1700795678\n|switch|p1a: Zacian|Zacian-Crowned|100\/100\n|-damage|p1a: Zacian|94\/100|[from] Stealth Rock\n|-ability|p1a: Zacian|Intrepid Sword|boost\n|-boost|p1a: Zacian|atk|1\n|turn|10\n|\n|t:|1700795690\n|switch|p2a: Mandibuzz|Mandibuzz, F|100\/100\n|move|p1a: Zacian|Sacred Sword|p2a: Mandibuzz\n|-damage|p2a: Mandibuzz|63\/100\n|\n|upkeep\n|turn|11\n|inactive|firepelt123 has 120 seconds left.\n|\n|t:|1700795716\n|switch|p2a: Gholdengo|Gholdengo|100\/100\n|-item|p2a: Gholdengo|Air Balloon\n|move|p1a: Zacian|Play Rough|p2a: Gholdengo\n|-resisted|p2a: Gholdengo\n|-damage|p2a: Gholdengo|58\/100\n|-enditem|p2a: Gholdengo|Air Balloon\n|\n|upkeep\n|turn|12\n|inactive|firepelt123 has 120 seconds left.\n|inactive|firepelt123 has 90 seconds left.\n|inactive|firepelt123 has 60 seconds left.\n|inactive|firepelt123 has 30 seconds left.\n|inactive|firepelt123 has 20 seconds left.\n|inactive|firepelt123 has 15 seconds left.\n|inactive|firepelt123 has 10 seconds left.\n|\n|t:|1700795833\n|move|p1a: Zacian|Behemoth Blade|p2a: Gholdengo\n|-resisted|p2a: Gholdengo\n|-damage|p2a: Gholdengo|7\/100\n|move|p2a: Gholdengo|Make It Rain|p1a: Zacian\n|-damage|p1a: Zacian|37\/100\n|-unboost|p2a: Gholdengo|spa|1\n|\n|upkeep\n|turn|13\n|inactive|firepelt123 has 20 seconds left this turn.\n|\n|t:|1700795843\n|move|p1a: Zacian|Behemoth Blade|p2a: Gholdengo\n|-resisted|p2a: Gholdengo\n|-damage|p2a: Gholdengo|0 fnt\n|faint|p2a: Gholdengo\n|\n|upkeep\n|inactive|firepelt123 has 25 seconds left this turn.\n|\n|t:|1700795846\n|switch|p2a: Chi-Yu|Chi-Yu|19\/100\n|-ability|p2a: Chi-Yu|Beads of Ruin\n|turn|14\n|\n|t:|1700795848\n|move|p2a: Chi-Yu|Flamethrower|p1a: Zacian\n|-supereffective|p1a: Zacian\n|-damage|p1a: Zacian|0 fnt\n|faint|p1a: Zacian\n|\n|upkeep\n|\n|t:|1700795852\n|switch|p1a: Moltres|Moltres-Galar|100\/100\n|-damage|p1a: Moltres|76\/100|[from] Stealth Rock\n|turn|15\n|\n|t:|1700795858\n|switch|p2a: Mandibuzz|Mandibuzz, F|63\/100\n|move|p1a: Moltres|Sucker Punch||[still]\n|-fail|p1a: Moltres\n|\n|upkeep\n|turn|16\n|\n|t:|1700795863\n|move|p1a: Moltres|Hyper Voice|p2a: Mandibuzz\n|-damage|p2a: Mandibuzz|45\/100\n|move|p2a: Mandibuzz|Roost|p2a: Mandibuzz\n|-heal|p2a: Mandibuzz|95\/100\n|-singleturn|p2a: Mandibuzz|move: Roost\n|\n|upkeep\n|turn|17\n|\n|t:|1700795867\n|move|p1a: Moltres|Fiery Wrath|p2a: Mandibuzz\n|-resisted|p2a: Mandibuzz\n|-damage|p2a: Mandibuzz|81\/100\n|move|p2a: Mandibuzz|Toxic|p1a: Moltres\n|-status|p1a: Moltres|tox\n|\n|-damage|p1a: Moltres|70\/100 tox|[from] psn\n|upkeep\n|turn|18\n|\n|t:|1700795872\n|switch|p1a: Kyogre|Kyogre|100\/100\n|-damage|p1a: Kyogre|88\/100|[from] Stealth Rock\n|-weather|RainDance|[from] ability: Drizzle|[of] p1a: Kyogre\n|move|p2a: Mandibuzz|Roost|p2a: Mandibuzz\n|-heal|p2a: Mandibuzz|100\/100\n|-singleturn|p2a: Mandibuzz|move: Roost\n|\n|-weather|RainDance|[upkeep]\n|upkeep\n|turn|19\n|\n|t:|1700795876\n|move|p1a: Kyogre|Origin Pulse|p2a: Mandibuzz\n|-damage|p2a: Mandibuzz|4\/100\n|move|p2a: Mandibuzz|Toxic|p1a: Kyogre\n|-status|p1a: Kyogre|tox\n|\n|-weather|RainDance|[upkeep]\n|-damage|p1a: Kyogre|82\/100 tox|[from] psn\n|upkeep\n|turn|20\n|\n|t:|1700795883\n|move|p1a: Kyogre|Origin Pulse|p2a: Mandibuzz\n|-damage|p2a: Mandibuzz|0 fnt\n|faint|p2a: Mandibuzz\n|\n|-weather|RainDance|[upkeep]\n|-damage|p1a: Kyogre|70\/100 tox|[from] psn\n|upkeep\n|\n|t:|1700795890\n|switch|p2a: Roaring Moon|Roaring Moon|100\/100\n|-enditem|p2a: Roaring Moon|Booster Energy\n|-activate|p2a: Roaring Moon|ability: Protosynthesis|[fromitem]\n|-start|p2a: Roaring Moon|protosynthesisatk\n|turn|21\n|\n|t:|1700795895\n|move|p2a: Roaring Moon|Dragon Dance|p2a: Roaring Moon\n|-boost|p2a: Roaring Moon|atk|1\n|-boost|p2a: Roaring Moon|spe|1\n|move|p1a: Kyogre|Origin Pulse|p2a: Roaring Moon\n|-resisted|p2a: Roaring Moon\n|-damage|p2a: Roaring Moon|29\/100\n|\n|-weather|RainDance|[upkeep]\n|-damage|p1a: Kyogre|51\/100 tox|[from] psn\n|upkeep\n|turn|22\n|\n|t:|1700795904\n|-terastallize|p2a: Roaring Moon|Flying\n|move|p2a: Roaring Moon|Acrobatics|p1a: Kyogre\n|-damage|p1a: Kyogre|0 fnt\n|faint|p1a: Kyogre\n|\n|-weather|none\n|upkeep\n|inactive|firepelt123 has 120 seconds left.\n|\n|t:|1700795913\n|switch|p1a: Eternatus|Eternatus|100\/100\n|-damage|p1a: Eternatus|88\/100|[from] Stealth Rock\n|-ability|p1a: Eternatus|Pressure\n|turn|23\n|\n|t:|1700795918\n|move|p2a: Roaring Moon|Dragon Claw|p1a: Eternatus\n|-supereffective|p1a: Eternatus\n|-damage|p1a: Eternatus|0 fnt\n|faint|p1a: Eternatus\n|\n|upkeep\n|\n|t:|1700795921\n|switch|p1a: Moltres|Moltres-Galar|70\/100 tox\n|-damage|p1a: Moltres|45\/100 tox|[from] Stealth Rock\n|turn|24\n|\n|t:|1700795927\n|move|p1a: Moltres|Sucker Punch|p2a: Roaring Moon\n|-damage|p2a: Roaring Moon|3\/100\n|move|p2a: Roaring Moon|Dragon Claw|p1a: Moltres\n|-damage|p1a: Moltres|0 fnt\n|faint|p1a: Moltres\n|\n|upkeep\n|-message|firepelt123 forfeited.\n|\n|win|YoungEsq\n|raw|firepelt123's rating: 1408 &rarr; <strong>1389<\/strong><br \/>(-19 for losing)\n|raw|YoungEsq's rating: 1429 &rarr; <strong>1448<\/strong><br \/>(+19 for winning)\n|l|\u2606firepelt123\n","uploadtime":1700795934,"views":0,"p1id":"firepelt123","p2id":"youngesq","formatid":"gen9anythinggoes","rating":1389,"private":0,"password":""}