{"id":"gen9anythinggoes-1994129225","p1":"Gauzic","p2":"GuztavoTheGuzzlord","format":"[Gen 9] Anything Goes","log":"|j|\u2606Gauzic\n|j|\u2606GuztavoTheGuzzlord\n|t:|1700410328\n|gametype|singles\n|player|p1|Gauzic|rocketgrunt|1148\n|player|p2|GuztavoTheGuzzlord|boarder|1000\n|teamsize|p1|6\n|teamsize|p2|6\n|gen|9\n|tier|[Gen 9] Anything Goes\n|rated|\n|rule|HP Percentage Mod: HP is shown in percentages\n|rule|Endless Battle Clause: Forcing endless battles is banned\n|clearpoke\n|poke|p1|Rotom|\n|poke|p1|Rotom-Fan|\n|poke|p1|Rotom-Frost|\n|poke|p1|Rotom-Heat|\n|poke|p1|Rotom-Mow|\n|poke|p1|Rotom-Wash|\n|poke|p2|Maushold|\n|poke|p2|Scorbunny, M|\n|poke|p2|Mareanie, F|\n|poke|p2|Frigibax, F|\n|poke|p2|Diglett, F|\n|poke|p2|Ogerpon-Hearthflame, F|\n|teampreview\n|\n|t:|1700410349\n|start\n|switch|p1a: Watt|Rotom|100\/100\n|switch|p2a: V|Maushold|100\/100\n|turn|1\n|\n|t:|1700410357\n|move|p1a: Watt|Will-O-Wisp|p2a: V\n|-status|p2a: V|brn\n|move|p2a: V|Beat Up|p1a: Watt\n|-supereffective|p1a: Watt\n|-damage|p1a: Watt|95\/100\n|-supereffective|p1a: Watt\n|-damage|p1a: Watt|90\/100\n|-supereffective|p1a: Watt\n|-damage|p1a: Watt|85\/100\n|-supereffective|p1a: Watt\n|-damage|p1a: Watt|79\/100\n|-supereffective|p1a: Watt\n|-damage|p1a: Watt|75\/100\n|-supereffective|p1a: Watt\n|-damage|p1a: Watt|67\/100\n|-hitcount|p1a: Watt|6\n|\n|-damage|p2a: V|94\/100 brn|[from] brn\n|upkeep\n|turn|2\n|\n|t:|1700410365\n|switch|p1a: Samsung|Rotom-Frost|100\/100\n|move|p2a: V|Beat Up|p1a: Samsung\n|-damage|p1a: Samsung|99\/100\n|-damage|p1a: Samsung|97\/100\n|-damage|p1a: Samsung|96\/100\n|-damage|p1a: Samsung|94\/100\n|-damage|p1a: Samsung|93\/100\n|-damage|p1a: Samsung|91\/100\n|-hitcount|p1a: Samsung|6\n|\n|-damage|p2a: V|88\/100 brn|[from] brn\n|upkeep\n|turn|3\n|\n|t:|1700410376\n|-terastallize|p1a: Samsung|Ghost\n|move|p2a: V|Population Bomb|p1a: Samsung\n|-immune|p1a: Samsung\n|move|p1a: Samsung|Nasty Plot|p1a: Samsung\n|-boost|p1a: Samsung|spa|2\n|\n|-damage|p2a: V|82\/100 brn|[from] brn\n|upkeep\n|turn|4\n|\n|t:|1700410382\n|move|p2a: V|Beat Up|p1a: Samsung\n|-supereffective|p1a: Samsung\n|-crit|p1a: Samsung\n|-damage|p1a: Samsung|86\/100\n|-supereffective|p1a: Samsung\n|-damage|p1a: Samsung|81\/100\n|-supereffective|p1a: Samsung\n|-damage|p1a: Samsung|79\/100\n|-supereffective|p1a: Samsung\n|-damage|p1a: Samsung|75\/100\n|-supereffective|p1a: Samsung\n|-crit|p1a: Samsung\n|-damage|p1a: Samsung|70\/100\n|-supereffective|p1a: Samsung\n|-damage|p1a: Samsung|65\/100\n|-hitcount|p1a: Samsung|6\n|move|p1a: Samsung|Thunder|p2a: V\n|-damage|p2a: V|0 fnt\n|faint|p2a: V\n|\n|upkeep\n|\n|t:|1700410387\n|switch|p2a: Scorbunny|Scorbunny, M|100\/100\n|turn|5\n|\n|t:|1700410391\n|move|p1a: Samsung|Dark Pulse|p2a: Scorbunny\n|-damage|p2a: Scorbunny|5\/100\n|move|p2a: Scorbunny|Ember|p1a: Samsung\n|-damage|p1a: Samsung|52\/100\n|\n|upkeep\n|turn|6\n|\n|t:|1700410397\n|move|p1a: Samsung|Dark Pulse|p2a: Scorbunny\n|-damage|p2a: Scorbunny|0 fnt\n|faint|p2a: Scorbunny\n|\n|upkeep\n|\n|t:|1700410400\n|switch|p2a: Mareanie|Mareanie, F|100\/100\n|turn|7\n|\n|t:|1700410403\n|move|p1a: Samsung|Thunder|p2a: Mareanie\n|-supereffective|p2a: Mareanie\n|-damage|p2a: Mareanie|0 fnt\n|faint|p2a: Mareanie\n|\n|upkeep\n|\n|t:|1700410409\n|switch|p2a: Frigibax|Frigibax, F|100\/100\n|turn|8\n|\n|t:|1700410412\n|move|p1a: Samsung|Thunder|p2a: Frigibax\n|-resisted|p2a: Frigibax\n|-damage|p2a: Frigibax|41\/100\n|move|p2a: Frigibax|Dragon Tail|p1a: Samsung\n|-damage|p1a: Samsung|24\/100\n|drag|p1a: Number 1|Rotom-Fan|100\/100\n|\n|upkeep\n|turn|9\n|\n|t:|1700410419\n|move|p1a: Number 1|Reflect|p1a: Number 1\n|-sidestart|p1: Gauzic|Reflect\n|move|p2a: Frigibax|Icy Wind|p1a: Number 1\n|-supereffective|p1a: Number 1\n|-damage|p1a: Number 1|82\/100\n|-unboost|p1a: Number 1|spe|1\n|\n|upkeep\n|turn|10\n|\n|t:|1700410426\n|move|p2a: Frigibax|Icy Wind|p1a: Number 1\n|-supereffective|p1a: Number 1\n|-damage|p1a: Number 1|62\/100\n|-unboost|p1a: Number 1|spe|1\n|move|p1a: Number 1|Air Slash|p2a: Frigibax|[miss]\n|-miss|p1a: Number 1|p2a: Frigibax\n|\n|upkeep\n|turn|11\n|\n|t:|1700410428\n|move|p2a: Frigibax|Icy Wind|p1a: Number 1\n|-supereffective|p1a: Number 1\n|-damage|p1a: Number 1|44\/100\n|-unboost|p1a: Number 1|spe|1\n|move|p1a: Number 1|Air Slash|p2a: Frigibax\n|-damage|p2a: Frigibax|0 fnt\n|faint|p2a: Frigibax\n|\n|upkeep\n|\n|t:|1700410433\n|switch|p2a: Diglett|Diglett, F|100\/100\n|turn|12\n|\n|t:|1700410436\n|move|p2a: Diglett|Astonish|p1a: Number 1\n|-damage|p1a: Number 1|40\/100\n|move|p1a: Number 1|Air Slash|p2a: Diglett\n|-damage|p2a: Diglett|11\/100\n|\n|upkeep\n|turn|13\n|\n|t:|1700410439\n|move|p2a: Diglett|Scratch|p1a: Number 1\n|-damage|p1a: Number 1|36\/100\n|move|p1a: Number 1|Air Slash|p2a: Diglett\n|-damage|p2a: Diglett|0 fnt\n|faint|p2a: Diglett\n|\n|upkeep\n|\n|t:|1700410441\n|switch|p2a: Ogerpon|Ogerpon-Hearthflame, F|100\/100\n|-ability|p2a: Ogerpon|Mold Breaker\n|turn|14\n|\n|t:|1700410445\n|move|p2a: Ogerpon|Vine Whip|p1a: Number 1\n|-resisted|p1a: Number 1\n|-damage|p1a: Number 1|29\/100\n|move|p1a: Number 1|Air Slash|p2a: Ogerpon\n|-supereffective|p2a: Ogerpon\n|-damage|p2a: Ogerpon|30\/100\n|\n|upkeep\n|turn|15\n|\n|t:|1700410450\n|move|p2a: Ogerpon|Quick Attack|p1a: Number 1\n|-damage|p1a: Number 1|21\/100\n|move|p1a: Number 1|Air Slash|p2a: Ogerpon\n|-supereffective|p2a: Ogerpon\n|-damage|p2a: Ogerpon|0 fnt\n|faint|p2a: Ogerpon\n|\n|win|Gauzic\n|raw|Gauzic's rating: 1148 &rarr; <strong>1163<\/strong><br \/>(+15 for winning)\n|raw|GuztavoTheGuzzlord's rating: 1000 &rarr; <strong>1000<\/strong><br \/>(+0 for losing)\n|c|\u2606Gauzic|what was the goal here\n","uploadtime":1700410467,"views":4,"p1id":"gauzic","p2id":"guztavotheguzzlord","formatid":"gen9anythinggoes","rating":1000,"private":0,"password":""}