{"id":"gen9anythinggoes-1995749853","p1":"DaKingK","p2":"JVJVJVJ5","format":"[Gen 9] Anything Goes","log":"|j|\u203dDaKingK\n|j|\u2606JVJVJVJ5\n|t:|1700599617\n|gametype|singles\n|player|p1|DaKingK|2|1046\n|player|p2|JVJVJVJ5|lance|1000\n|teamsize|p1|6\n|teamsize|p2|6\n|gen|9\n|tier|[Gen 9] Anything Goes\n|rated|\n|rule|HP Percentage Mod: HP is shown in percentages\n|rule|Endless Battle Clause: Forcing endless battles is banned\n|clearpoke\n|poke|p1|Drifblim, F|\n|poke|p1|Espathra, M|\n|poke|p1|Jirachi|\n|poke|p1|Dudunsparce-*, F|\n|poke|p1|Uxie|\n|poke|p1|Urshifu-*, M|\n|poke|p2|Baxcalibur, M|\n|poke|p2|Annihilape, F|\n|poke|p2|Slaking, F|\n|poke|p2|Urshifu-*, M|\n|poke|p2|Heatran, F|\n|poke|p2|Scream Tail|\n|teampreview\n|\n|t:|1700599626\n|start\n|switch|p1a: Drifblim|Drifblim, F|100\/100\n|switch|p2a: Urshifu|Urshifu, M|100\/100\n|turn|1\n|\n|t:|1700599644\n|move|p2a: Urshifu|Aura Sphere|p1a: Drifblim\n|-immune|p1a: Drifblim\n|move|p1a: Drifblim|Minimize|p1a: Drifblim\n|-boost|p1a: Drifblim|evasion|2\n|\n|upkeep\n|turn|2\n|\n|t:|1700599651\n|move|p2a: Urshifu|Swords Dance|p2a: Urshifu\n|-boost|p2a: Urshifu|atk|2\n|move|p1a: Drifblim|Minimize|p1a: Drifblim\n|-boost|p1a: Drifblim|evasion|2\n|\n|upkeep\n|turn|3\n|\n|t:|1700599657\n|move|p2a: Urshifu|Swords Dance|p2a: Urshifu\n|-boost|p2a: Urshifu|atk|2\n|move|p1a: Drifblim|Minimize|p1a: Drifblim\n|-boost|p1a: Drifblim|evasion|2\n|\n|upkeep\n|turn|4\n|\n|t:|1700599668\n|move|p2a: Urshifu|Swords Dance|p2a: Urshifu\n|-boost|p2a: Urshifu|atk|2\n|move|p1a: Drifblim|Baton Pass|p1a: Drifblim\n|\n|t:|1700599674\n|switch|p1a: Dudunsparce|Dudunsparce-Three-Segment, F|100\/100|[from] Baton Pass\n|\n|upkeep\n|turn|5\n|\n|t:|1700599681\n|-singleturn|p2a: Urshifu|move: Focus Punch\n|move|p1a: Dudunsparce|Substitute|p1a: Dudunsparce\n|-start|p1a: Dudunsparce|Substitute\n|-damage|p1a: Dudunsparce|76\/100\n|move|p2a: Urshifu|Focus Punch|p1a: Dudunsparce|[miss]\n|-miss|p2a: Urshifu|p1a: Dudunsparce\n|\n|-heal|p1a: Dudunsparce|82\/100|[from] item: Leftovers\n|upkeep\n|turn|6\n|\n|t:|1700599693\n|move|p2a: Urshifu|Swords Dance|p2a: Urshifu\n|-boost|p2a: Urshifu|atk|0\n|move|p1a: Dudunsparce|Coil|p1a: Dudunsparce\n|-boost|p1a: Dudunsparce|atk|1\n|-boost|p1a: Dudunsparce|def|1\n|-boost|p1a: Dudunsparce|accuracy|1\n|\n|-heal|p1a: Dudunsparce|88\/100|[from] item: Leftovers\n|upkeep\n|turn|7\n|\n|t:|1700599704\n|switch|p2a: Annihilape|Annihilape, F|100\/100\n|move|p1a: Dudunsparce|Coil|p1a: Dudunsparce\n|-boost|p1a: Dudunsparce|atk|1\n|-boost|p1a: Dudunsparce|def|1\n|-boost|p1a: Dudunsparce|accuracy|1\n|\n|-heal|p1a: Dudunsparce|94\/100|[from] item: Leftovers\n|upkeep\n|turn|8\n|\n|t:|1700599724\n|move|p2a: Annihilape|Bulk Up|p2a: Annihilape\n|-boost|p2a: Annihilape|atk|1\n|-boost|p2a: Annihilape|def|1\n|move|p1a: Dudunsparce|Coil|p1a: Dudunsparce\n|-boost|p1a: Dudunsparce|atk|1\n|-boost|p1a: Dudunsparce|def|1\n|-boost|p1a: Dudunsparce|accuracy|1\n|\n|-heal|p1a: Dudunsparce|99\/100|[from] item: Leftovers\n|upkeep\n|turn|9\n|\n|t:|1700599734\n|move|p2a: Annihilape|Bulk Up|p2a: Annihilape\n|-boost|p2a: Annihilape|atk|1\n|-boost|p2a: Annihilape|def|1\n|move|p1a: Dudunsparce|Coil|p1a: Dudunsparce\n|-boost|p1a: Dudunsparce|atk|1\n|-boost|p1a: Dudunsparce|def|1\n|-boost|p1a: Dudunsparce|accuracy|1\n|\n|-heal|p1a: Dudunsparce|100\/100|[from] item: Leftovers\n|upkeep\n|turn|10\n|\n|t:|1700599748\n|move|p2a: Annihilape|Bulk Up|p2a: Annihilape\n|-boost|p2a: Annihilape|atk|1\n|-boost|p2a: Annihilape|def|1\n|move|p1a: Dudunsparce|Coil|p1a: Dudunsparce\n|-boost|p1a: Dudunsparce|atk|1\n|-boost|p1a: Dudunsparce|def|1\n|-boost|p1a: Dudunsparce|accuracy|1\n|\n|upkeep\n|turn|11\n|\n|t:|1700599756\n|move|p2a: Annihilape|Bulk Up|p2a: Annihilape\n|-boost|p2a: Annihilape|atk|1\n|-boost|p2a: Annihilape|def|1\n|move|p1a: Dudunsparce|Coil|p1a: Dudunsparce\n|-boost|p1a: Dudunsparce|atk|1\n|-boost|p1a: Dudunsparce|def|1\n|-boost|p1a: Dudunsparce|accuracy|1\n|\n|upkeep\n|turn|12\n|\n|t:|1700599765\n|move|p2a: Annihilape|Bulk Up|p2a: Annihilape\n|-boost|p2a: Annihilape|atk|1\n|-boost|p2a: Annihilape|def|1\n|move|p1a: Dudunsparce|Stored Power|p2a: Annihilape\n|-supereffective|p2a: Annihilape\n|-damage|p2a: Annihilape|0 fnt\n|faint|p2a: Annihilape\n|\n|upkeep\n|\n|t:|1700599773\n|switch|p2a: Heatran|Heatran, F|100\/100\n|turn|13\n|\n|t:|1700599780\n|move|p2a: Heatran|Dragon Pulse|p1a: Dudunsparce|[miss]\n|-miss|p2a: Heatran|p1a: Dudunsparce\n|move|p1a: Dudunsparce|Stored Power|p2a: Heatran\n|-resisted|p2a: Heatran\n|-damage|p2a: Heatran|59\/100\n|\n|upkeep\n|turn|14\n|\n|t:|1700599794\n|move|p2a: Heatran|Iron Defense|p2a: Heatran\n|-boost|p2a: Heatran|def|2\n|move|p1a: Dudunsparce|Baton Pass|p1a: Dudunsparce\n|\n|t:|1700599800\n|switch|p1a: Uxie|Uxie|100\/100|[from] Baton Pass\n|\n|upkeep\n|turn|15\n|\n|t:|1700599806\n|move|p1a: Uxie|Nasty Plot|p1a: Uxie\n|-boost|p1a: Uxie|spa|2\n|move|p2a: Heatran|Earthquake|p1a: Uxie\n|-immune|p1a: Uxie|[from] ability: Levitate\n|\n|upkeep\n|turn|16\n|\n|t:|1700599813\n|move|p1a: Uxie|Nasty Plot|p1a: Uxie\n|-boost|p1a: Uxie|spa|2\n|move|p2a: Heatran|Flare Blitz|p1a: Uxie|[miss]\n|-miss|p2a: Heatran|p1a: Uxie\n|\n|upkeep\n|turn|17\n|\n|t:|1700599822\n|switch|p2a: Slaking|Slaking, F|100\/100\n|move|p1a: Uxie|Nasty Plot|p1a: Uxie\n|-boost|p1a: Uxie|spa|2\n|\n|upkeep\n|turn|18\n|\n|t:|1700599831\n|move|p2a: Slaking|Bulk Up|p2a: Slaking\n|-boost|p2a: Slaking|atk|1\n|-boost|p2a: Slaking|def|1\n|move|p1a: Uxie|Baton Pass|p1a: Uxie\n|\n|t:|1700599839\n|switch|p1a: Jirachi|Jirachi|100\/100|[from] Baton Pass\n|\n|upkeep\n|turn|19\n|\n|t:|1700599844\n|move|p1a: Jirachi|Amnesia|p1a: Jirachi\n|-boost|p1a: Jirachi|spd|2\n|cant|p2a: Slaking|ability: Truant\n|\n|upkeep\n|turn|20\n|\n|t:|1700599850\n|move|p1a: Jirachi|Amnesia|p1a: Jirachi\n|-boost|p1a: Jirachi|spd|2\n|move|p2a: Slaking|Bulk Up|p2a: Slaking\n|-boost|p2a: Slaking|atk|1\n|-boost|p2a: Slaking|def|1\n|\n|upkeep\n|turn|21\n|\n|t:|1700599857\n|move|p1a: Jirachi|Amnesia|p1a: Jirachi\n|-boost|p1a: Jirachi|spd|2\n|cant|p2a: Slaking|ability: Truant\n|\n|upkeep\n|turn|22\n|\n|t:|1700599864\n|move|p1a: Jirachi|Baton Pass|p1a: Jirachi\n|\n|t:|1700599867\n|switch|p1a: Espathra|Espathra, M|100\/100|[from] Baton Pass\n|move|p2a: Slaking|Bulk Up|p2a: Slaking\n|-boost|p2a: Slaking|atk|1\n|-boost|p2a: Slaking|def|1\n|\n|upkeep\n|turn|23\n|\n|t:|1700599879\n|move|p1a: Espathra|Calm Mind|p1a: Espathra\n|-boost|p1a: Espathra|spa|0\n|-boost|p1a: Espathra|spd|0\n|cant|p2a: Slaking|ability: Truant\n|\n|-ability|p1a: Espathra|Speed Boost|boost\n|-boost|p1a: Espathra|spe|1\n|upkeep\n|turn|24\n|\n|t:|1700599887\n|move|p1a: Espathra|Protect|p1a: Espathra\n|-singleturn|p1a: Espathra|Protect\n|move|p2a: Slaking|Drain Punch|p1a: Espathra\n|-activate|p1a: Espathra|move: Protect\n|\n|-ability|p1a: Espathra|Speed Boost|boost\n|-boost|p1a: Espathra|spe|1\n|upkeep\n|turn|25\n|\n|t:|1700599899\n|move|p1a: Espathra|Calm Mind|p1a: Espathra\n|-boost|p1a: Espathra|spa|0\n|-boost|p1a: Espathra|spd|0\n|cant|p2a: Slaking|ability: Truant\n|\n|-ability|p1a: Espathra|Speed Boost|boost\n|-boost|p1a: Espathra|spe|1\n|upkeep\n|turn|26\n|\n|t:|1700599908\n|move|p1a: Espathra|Protect|p1a: Espathra\n|-singleturn|p1a: Espathra|Protect\n|move|p2a: Slaking|Bulk Up|p2a: Slaking\n|-boost|p2a: Slaking|atk|1\n|-boost|p2a: Slaking|def|1\n|\n|-ability|p1a: Espathra|Speed Boost|boost\n|-boost|p1a: Espathra|spe|1\n|upkeep\n|turn|27\n|\n|t:|1700599918\n|move|p1a: Espathra|Calm Mind|p1a: Espathra\n|-boost|p1a: Espathra|spa|0\n|-boost|p1a: Espathra|spd|0\n|cant|p2a: Slaking|ability: Truant\n|\n|-ability|p1a: Espathra|Speed Boost|boost\n|-boost|p1a: Espathra|spe|1\n|upkeep\n|turn|28\n|\n|t:|1700599927\n|move|p1a: Espathra|Protect|p1a: Espathra\n|-singleturn|p1a: Espathra|Protect\n|move|p2a: Slaking|Body Press|p1a: Espathra\n|-activate|p1a: Espathra|move: Protect\n|\n|-ability|p1a: Espathra|Speed Boost|boost\n|-boost|p1a: Espathra|spe|1\n|upkeep\n|turn|29\n|\n|t:|1700599945\n|switch|p2a: Urshifu|Urshifu, M|100\/100\n|move|p1a: Espathra|Stored Power|p2a: Urshifu\n|-immune|p2a: Urshifu\n|\n|upkeep\n|turn|30\n|\n|t:|1700599952\n|move|p1a: Espathra|Dazzling Gleam|p2a: Urshifu\n|-supereffective|p2a: Urshifu\n|-damage|p2a: Urshifu|0 fnt\n|faint|p2a: Urshifu\n|\n|upkeep\n|\n|t:|1700599958\n|switch|p2a: Scream Tail|Scream Tail|100\/100\n|turn|31\n|\n|t:|1700599967\n|move|p1a: Espathra|Stored Power|p2a: Scream Tail\n|-resisted|p2a: Scream Tail\n|-damage|p2a: Scream Tail|0 fnt\n|faint|p2a: Scream Tail\n|-end|p2a: Scream Tail|Protosynthesis|[silent]\n|\n|upkeep\n|-message|JVJVJVJ5 forfeited.\n|\n|win|DaKingK\n|raw|DaKingK's rating: 1046 &rarr; <strong>1075<\/strong><br \/>(+29 for winning)\n|raw|JVJVJVJ5's rating: 1000 &rarr; <strong>1000<\/strong><br \/>(+0 for losing)\n|l|\u2606JVJVJVJ5\n","uploadtime":1700599981,"views":15,"p1id":"dakingk","p2id":"jvjvjvj5","formatid":"gen9anythinggoes","rating":1000,"private":0,"password":""}