{"id":"gen9anythinggoes-1993173735","p1":"artanjules","p2":"Fardulf07","format":"[Gen 9] Anything Goes","log":"|j|\u2606artanjules\n|j|\u2606Fardulf07\n|t:|1700273785\n|gametype|singles\n|player|p1|artanjules|1|\n|player|p2|Fardulf07|gardenia|\n|teamsize|p1|6\n|teamsize|p2|6\n|gen|9\n|tier|[Gen 9] Anything Goes\n|rule|HP Percentage Mod: HP is shown in percentages\n|rule|Endless Battle Clause: Forcing endless battles is banned\n|clearpoke\n|poke|p1|Tauros, M|\n|poke|p1|Gholdengo|\n|poke|p1|Volcanion|\n|poke|p1|Hoopa|\n|poke|p1|Gligar, M|\n|poke|p1|Sylveon, M|\n|poke|p2|Toxapex, F|\n|poke|p2|Garganacl, F|\n|poke|p2|Naclstack, F|\n|poke|p2|Roaring Moon|\n|poke|p2|Ribombee, F|\n|poke|p2|Regieleki|\n|teampreview\n|j| caligulahar\n|\n|t:|1700273802\n|start\n|switch|p1a: Red Button|Volcanion|100\/100\n|switch|p2a: Ribombee|Ribombee, F|100\/100\n|turn|1\n|\n|t:|1700273815\n|move|p2a: Ribombee|Baton Pass|p2a: Ribombee\n|\n|t:|1700273820\n|switch|p2a: Toxapex|Toxapex, F|100\/100|[from] Baton Pass\n|move|p1a: Red Button|Roar|p2a: Toxapex\n|drag|p2a: Naclstack|Naclstack, F|100\/100\n|\n|upkeep\n|turn|2\n|\n|t:|1700273829\n|move|p1a: Red Button|Steam Eruption|p2a: Naclstack\n|-supereffective|p2a: Naclstack\n|-damage|p2a: Naclstack|0 fnt\n|faint|p2a: Naclstack\n|\n|upkeep\n|\n|t:|1700273842\n|switch|p2a: Roaring Moon|Roaring Moon|100\/100\n|-enditem|p2a: Roaring Moon|Booster Energy\n|-activate|p2a: Roaring Moon|ability: Protosynthesis|[fromitem]\n|-start|p2a: Roaring Moon|protosynthesisatk\n|turn|3\n|\n|t:|1700273857\n|move|p2a: Roaring Moon|Dragon Claw|p1a: Red Button\n|-damage|p1a: Red Button|47\/100\n|-damage|p2a: Roaring Moon|84\/100|[from] item: Rocky Helmet|[of] p1a: Red Button\n|move|p1a: Red Button|Roar|p2a: Roaring Moon\n|-end|p2a: Roaring Moon|Protosynthesis|[silent]\n|drag|p2a: Regieleki|Regieleki|100\/100\n|\n|upkeep\n|turn|4\n|\n|t:|1700273872\n|switch|p1a: Wick Man|Gligar, M|100\/100\n|move|p2a: Regieleki|Volt Switch|p1a: Wick Man\n|-immune|p1a: Wick Man\n|\n|upkeep\n|turn|5\n|\n|t:|1700273890\n|switch|p2a: Toxapex|Toxapex, F|100\/100\n|move|p1a: Wick Man|Earthquake|p2a: Toxapex\n|-supereffective|p2a: Toxapex\n|-damage|p2a: Toxapex|68\/100\n|\n|-heal|p2a: Toxapex|75\/100|[from] item: Leftovers\n|upkeep\n|turn|6\n|\n|t:|1700273900\n|move|p1a: Wick Man|Swords Dance|p1a: Wick Man\n|-boost|p1a: Wick Man|atk|2\n|move|p2a: Toxapex|Toxic|p1a: Wick Man\n|-immune|p1a: Wick Man|[from] ability: Immunity\n|\n|-heal|p2a: Toxapex|81\/100|[from] item: Leftovers\n|upkeep\n|turn|7\n|\n|t:|1700273919\n|switch|p2a: Ribombee|Ribombee, F|100\/100\n|move|p1a: Wick Man|Swords Dance|p1a: Wick Man\n|-boost|p1a: Wick Man|atk|2\n|\n|upkeep\n|turn|8\n|\n|t:|1700273929\n|move|p2a: Ribombee|Quiver Dance|p2a: Ribombee\n|-boost|p2a: Ribombee|spa|1\n|-boost|p2a: Ribombee|spd|1\n|-boost|p2a: Ribombee|spe|1\n|move|p1a: Wick Man|Baton Pass|p1a: Wick Man\n|\n|t:|1700273945\n|switch|p1a: Stories|Tauros, M|100\/100|[from] Baton Pass\n|-ability|p1a: Stories|Intimidate|boost\n|-unboost|p2a: Ribombee|atk|1\n|\n|upkeep\n|turn|9\n|\n|t:|1700273966\n|move|p2a: Ribombee|Baton Pass|p2a: Ribombee\n|\n|t:|1700273972\n|switch|p2a: Toxapex|Toxapex, F|100\/100|[from] Baton Pass\n|move|p1a: Stories|Raging Bull|p2a: Toxapex\n|-damage|p2a: Toxapex|37\/100\n|\n|-heal|p2a: Toxapex|43\/100|[from] item: Leftovers\n|upkeep\n|turn|10\n|\n|t:|1700273980\n|move|p1a: Stories|Earthquake|p2a: Toxapex\n|-supereffective|p2a: Toxapex\n|-damage|p2a: Toxapex|0 fnt\n|faint|p2a: Toxapex\n|\n|upkeep\n|\n|t:|1700274001\n|switch|p2a: Roaring Moon|Roaring Moon|84\/100\n|turn|11\n|\n|t:|1700274009\n|move|p1a: Stories|Raging Bull|p2a: Roaring Moon\n|-damage|p2a: Roaring Moon|0 fnt\n|faint|p2a: Roaring Moon\n|-end|p2a: Roaring Moon|Protosynthesis|[silent]\n|\n|upkeep\n|\n|t:|1700274017\n|switch|p2a: Garganacl|Garganacl, F|100\/100\n|turn|12\n|\n|t:|1700274021\n|move|p1a: Stories|Earthquake|p2a: Garganacl\n|-supereffective|p2a: Garganacl\n|-damage|p2a: Garganacl|13\/100\n|move|p2a: Garganacl|Salt Cure|p1a: Stories\n|-damage|p1a: Stories|83\/100\n|-start|p1a: Stories|Salt Cure\n|\n|-heal|p2a: Garganacl|20\/100|[from] item: Leftovers\n|-damage|p1a: Stories|70\/100|[from] Salt Cure\n|upkeep\n|turn|13\n|\n|t:|1700274030\n|move|p2a: Garganacl|Protect|p2a: Garganacl\n|-singleturn|p2a: Garganacl|Protect\n|move|p1a: Stories|Trailblaze|p2a: Garganacl\n|-activate|p2a: Garganacl|move: Protect\n|\n|-heal|p2a: Garganacl|26\/100|[from] item: Leftovers\n|-damage|p1a: Stories|58\/100|[from] Salt Cure\n|upkeep\n|turn|14\n|\n|t:|1700274040\n|switch|p2a: Ribombee|Ribombee, F|100\/100\n|move|p1a: Stories|Trailblaze|p2a: Ribombee\n|-resisted|p2a: Ribombee\n|-damage|p2a: Ribombee|66\/100\n|-boost|p1a: Stories|spe|1\n|\n|-heal|p2a: Ribombee|73\/100|[from] item: Leftovers\n|-damage|p1a: Stories|46\/100|[from] Salt Cure\n|upkeep\n|turn|15\n|\n|t:|1700274050\n|move|p1a: Stories|Raging Bull|p2a: Ribombee\n|-damage|p2a: Ribombee|0 fnt\n|faint|p2a: Ribombee\n|\n|-damage|p1a: Stories|33\/100|[from] Salt Cure\n|upkeep\n|\n|t:|1700274058\n|switch|p2a: Regieleki|Regieleki|100\/100\n|turn|16\n|\n|t:|1700274062\n|move|p2a: Regieleki|Ancient Power|p1a: Stories\n|-damage|p1a: Stories|11\/100\n|-damage|p2a: Regieleki|91\/100|[from] item: Life Orb\n|move|p1a: Stories|Earthquake|p2a: Regieleki\n|-supereffective|p2a: Regieleki\n|-damage|p2a: Regieleki|0 fnt\n|faint|p2a: Regieleki\n|\n|-damage|p1a: Stories|0 fnt|[from] Salt Cure\n|faint|p1a: Stories\n|upkeep\n|\n|t:|1700274076\n|switch|p2a: Garganacl|Garganacl, F|26\/100\n|switch|p1a: You Broke My Heart|Gholdengo|100\/100\n|turn|17\n|\n|t:|1700274082\n|move|p1a: You Broke My Heart|Make It Rain|p2a: Garganacl\n|-supereffective|p2a: Garganacl\n|-damage|p2a: Garganacl|0 fnt\n|-unboost|p1a: You Broke My Heart|spa|1\n|faint|p2a: Garganacl\n|\n|win|artanjules\n|l|\u2606Fardulf07\n","uploadtime":1700274094,"views":6,"p1id":"artanjules","p2id":"fardulf07","formatid":"gen9anythinggoes","rating":0,"private":0,"password":""}