{"id":"gen9anythinggoes-1980409907","p1":"draquest","p2":"pepitodechocolate","format":"[Gen 9] Anything Goes","log":"|j|\u2606draquest\n|j|\u2606pepitodechocolate\n|t:|1698782441\n|gametype|singles\n|player|p1|draquest|2|\n|player|p2|pepitodechocolate|102|\n|teamsize|p1|6\n|teamsize|p2|6\n|gen|9\n|tier|[Gen 9] Anything Goes\n|rule|HP Percentage Mod: HP is shown in percentages\n|rule|Endless Battle Clause: Forcing endless battles is banned\n|clearpoke\n|poke|p1|Jirachi|\n|poke|p1|Roaring Moon|\n|poke|p1|Basculegion-F, F|\n|poke|p1|Gligar, F|\n|poke|p1|Infernape, M|\n|poke|p1|Fezandipiti, M|\n|poke|p2|Flamigo, M|\n|poke|p2|Ting-Lu|\n|poke|p2|Forretress, M|\n|poke|p2|Dusknoir, M|\n|poke|p2|Haxorus, M|\n|poke|p2|Inteleon, F|\n|teampreview\n|inactive|Battle timer is ON: inactive players will automatically lose when time's up. (requested by pepitodechocolate)\n|inactiveoff|Battle timer is now OFF.\n|c|\u2606pepitodechocolate|ya he pasado el enlace\n|c|\u2606draquest|perfe\n|c|\u2606pepitodechocolate|dejamos el timer off?\n|c|\u2606draquest|si mejor\n|c|\u2606pepitodechocolate|okay\n|c|\u2606pepitodechocolate|good luck\n|\n|t:|1698782528\n|start\n|switch|p1a: Simio|Infernape, M|100\/100\n|switch|p2a: Amancio|Flamigo, M|100\/100\n|turn|1\n|j| antdursan98\n|\n|t:|1698782579\n|switch|p1a: Tenacitas|Gligar, F|100\/100\n|-terastallize|p2a: Amancio|Fighting\n|move|p2a: Amancio|Close Combat|p1a: Tenacitas\n|-resisted|p1a: Tenacitas\n|-damage|p1a: Tenacitas|79\/100\n|-unboost|p2a: Amancio|def|1\n|-unboost|p2a: Amancio|spd|1\n|\n|upkeep\n|turn|2\n|j| mimizukii\n|c| mimizukii|Hellos\n|\n|t:|1698782633\n|switch|p2a: Bowling ball|Forretress, M|100\/100\n|move|p1a: Tenacitas|Knock Off|p2a: Bowling ball\n|-damage|p2a: Bowling ball|91\/100\n|-enditem|p2a: Bowling ball|Leftovers|[from] move: Knock Off|[of] p1a: Tenacitas\n|\n|upkeep\n|turn|3\n|\n|t:|1698782640\n|move|p1a: Tenacitas|Taunt|p2a: Bowling ball\n|-start|p2a: Bowling ball|move: Taunt\n|cant|p2a: Bowling ball|move: Taunt|Spikes\n|\n|upkeep\n|turn|4\n|\n|t:|1698782669\n|move|p1a: Tenacitas|U-turn|p2a: Bowling ball\n|-resisted|p2a: Bowling ball\n|-damage|p2a: Bowling ball|88\/100\n|\n|t:|1698782672\n|switch|p1a: Simio|Infernape, M|100\/100|[from] U-turn\n|move|p2a: Bowling ball|Rapid Spin|p1a: Simio\n|-damage|p1a: Simio|85\/100\n|-boost|p2a: Bowling ball|spe|1\n|\n|upkeep\n|turn|5\n|\n|t:|1698782683\n|switch|p2a: 7\u00aa de TP|Dusknoir, M|100\/100\n|-item|p1a: Simio|Choice Band|[from] ability: Frisk|[of] p2a: 7\u00aa de TP|[identify]\n|move|p1a: Simio|Flare Blitz|p2a: 7\u00aa de TP\n|-crit|p2a: 7\u00aa de TP\n|-damage|p2a: 7\u00aa de TP|0 fnt\n|faint|p2a: 7\u00aa de TP\n|-damage|p1a: Simio|53\/100|[from] Recoil\n|\n|upkeep\n|\n|t:|1698782706\n|switch|p2a: Octubre en la US|Haxorus, M|100\/100\n|-ability|p2a: Octubre en la US|Mold Breaker\n|turn|6\n|c|\u2606draquest|sry\n|c|\u2606pepitodechocolate|dw\n|\n|t:|1698782764\n|switch|p1a: Tenacitas|Gligar, F|79\/100\n|move|p2a: Octubre en la US|Dragon Dance|p2a: Octubre en la US\n|-boost|p2a: Octubre en la US|atk|1\n|-boost|p2a: Octubre en la US|spe|1\n|\n|upkeep\n|turn|7\n|c|\u2606pepitodechocolate|la 7\u00aa de tp dur\u00f3 m\u00e1s que el dusknoir\n|j| MrBr3loom\n|\n|t:|1698782802\n|move|p2a: Octubre en la US|Dragon Dance|p2a: Octubre en la US\n|-boost|p2a: Octubre en la US|atk|1\n|-boost|p2a: Octubre en la US|spe|1\n|move|p1a: Tenacitas|Knock Off|p2a: Octubre en la US\n|-damage|p2a: Octubre en la US|82\/100\n|-enditem|p2a: Octubre en la US|Life Orb|[from] move: Knock Off|[of] p1a: Tenacitas\n|\n|upkeep\n|turn|8\n|\n|t:|1698782842\n|move|p2a: Octubre en la US|Dragon Dance|p2a: Octubre en la US\n|-boost|p2a: Octubre en la US|atk|1\n|-boost|p2a: Octubre en la US|spe|1\n|move|p1a: Tenacitas|Taunt|p2a: Octubre en la US\n|-start|p2a: Octubre en la US|move: Taunt\n|\n|upkeep\n|turn|9\n|\n|t:|1698782888\n|move|p2a: Octubre en la US|Aqua Tail|p1a: Tenacitas\n|-supereffective|p1a: Tenacitas\n|-damage|p1a: Tenacitas|0 fnt\n|faint|p1a: Tenacitas\n|\n|upkeep\n|\n|t:|1698782906\n|switch|p1a: Bacalao|Basculegion-F, F|100\/100\n|turn|10\n|\n|t:|1698782914\n|move|p2a: Octubre en la US|Earthquake|p1a: Bacalao\n|-damage|p1a: Bacalao|0 fnt\n|faint|p1a: Bacalao\n|\n|upkeep\n|c|\u2606draquest|gg\n|\n|t:|1698782922\n|switch|p1a: Milanesa|Fezandipiti, M|100\/100\n|turn|11\n|c|\u2606pepitodechocolate|pff est\u00e1 duro el octubre en la US...\n|\n|t:|1698782941\n|move|p2a: Octubre en la US|Earthquake|p1a: Milanesa\n|-supereffective|p1a: Milanesa\n|-damage|p1a: Milanesa|0 fnt\n|faint|p1a: Milanesa\n|\n|-end|p2a: Octubre en la US|move: Taunt\n|upkeep\n|\n|t:|1698782951\n|switch|p1a: Cabesa|Jirachi|100\/100\n|turn|12\n|\n|t:|1698782954\n|move|p2a: Octubre en la US|Earthquake|p1a: Cabesa\n|-supereffective|p1a: Cabesa\n|-damage|p1a: Cabesa|0 fnt\n|faint|p1a: Cabesa\n|\n|upkeep\n|\n|t:|1698782959\n|switch|p1a: Desdentao|Roaring Moon|100\/100\n|turn|13\n|\n|t:|1698782964\n|move|p2a: Octubre en la US|Outrage|p1a: Desdentao\n|-supereffective|p1a: Desdentao\n|-damage|p1a: Desdentao|0 fnt\n|faint|p1a: Desdentao\n|-end|p1a: Desdentao|Protosynthesis|[silent]\n|\n|upkeep\n|\n|t:|1698782973\n|switch|p1a: Simio|Infernape, M|53\/100\n|turn|14\n|\n|t:|1698782976\n|move|p2a: Octubre en la US|Outrage|p1a: Simio|[from]lockedmove\n|-damage|p1a: Simio|0 fnt\n|faint|p1a: Simio\n|-start|p2a: Octubre en la US|confusion|[fatigue]\n|\n|win|pepitodechocolate\n|c|\u2606pepitodechocolate|gg\n|l| MrBr3loom\n|c|\u2606draquest|bien jugado\n|c|\u2606pepitodechocolate|igualmente\n|c|\u2606draquest|he jugado horrible dejando que te tires dd\n|l| mimizukii\n|c|\u2606draquest|era hard jirachi\n|c|\u2606draquest|y rezar\n|c|\u2606pepitodechocolate|un poco, la verdad jajaja\n|c|\u2606pepitodechocolate|pero bueno\n|c|\u2606pepitodechocolate|pa la pr\u00f3xima!\n|c|\u2606draquest|si\n|c|\u2606pepitodechocolate|espero volvernos a ver!!\n|c|\u2606draquest|suerte en las siguientes tambien\n|c|\u2606pepitodechocolate|igualmente\n","uploadtime":1698782998,"views":19,"p1id":"draquest","p2id":"pepitodechocolate","formatid":"gen9anythinggoes","rating":0,"private":0,"password":""}