{"id":"gen9anythinggoes-1976313570","p1":"Hfdhhg","p2":"soursalty","format":"[Gen 9] Anything Goes","log":"|j|\u2606Hfdhhg\n|j|\u2606soursalty\n|t:|1698285450\n|gametype|singles\n|player|p1|Hfdhhg|169|1088\n|player|p2|soursalty|veteran|1049\n|teamsize|p1|6\n|teamsize|p2|6\n|gen|9\n|tier|[Gen 9] Anything Goes\n|rated|\n|rule|HP Percentage Mod: HP is shown in percentages\n|rule|Endless Battle Clause: Forcing endless battles is banned\n|clearpoke\n|poke|p1|Annihilape, F|\n|poke|p1|Zoroark-Hisui, M|\n|poke|p1|Arceus-Ghost|\n|poke|p1|Ceruledge, F|\n|poke|p1|Flutter Mane|\n|poke|p1|Calyrex-Shadow|\n|poke|p2|Miraidon|\n|poke|p2|Rillaboom, F|\n|poke|p2|Fezandipiti, M|\n|poke|p2|Kommo-o, M|\n|poke|p2|Palafin, M|\n|poke|p2|Gliscor, F|\n|teampreview\n|inactive|Battle timer is ON: inactive players will automatically lose when time's up. (requested by Hfdhhg)\n|\n|t:|1698285465\n|start\n|switch|p1a: Annihilape|Annihilape, F|100\/100\n|switch|p2a: Miraidon|Miraidon|100\/100\n|-fieldstart|move: Electric Terrain|[from] ability: Hadron Engine|[of] p2a: Miraidon\n|turn|1\n|\n|t:|1698285471\n|move|p1a: Annihilape|Final Gambit|p2a: Miraidon\n|-damage|p2a: Miraidon|0 fnt\n|faint|p1a: Annihilape\n|faint|p2a: Miraidon\n|\n|upkeep\n|\n|t:|1698285478\n|switch|p2a: Gliscor|Gliscor, F|100\/100\n|switch|p1a: Ceruledge|Ceruledge, F|100\/100\n|turn|2\n|\n|t:|1698285486\n|move|p2a: Gliscor|Toxic Spikes|p1a: Ceruledge\n|-sidestart|p1: Hfdhhg|move: Toxic Spikes\n|move|p1a: Ceruledge|Swords Dance|p1a: Ceruledge\n|-boost|p1a: Ceruledge|atk|2\n|\n|-status|p2a: Gliscor|tox|[from] item: Toxic Orb\n|upkeep\n|turn|3\n|\n|t:|1698285495\n|move|p2a: Gliscor|Dual Wingbeat|p1a: Ceruledge\n|-damage|p1a: Ceruledge|73\/100\n|-ability|p1a: Ceruledge|Weak Armor|boost\n|-unboost|p1a: Ceruledge|def|1\n|-boost|p1a: Ceruledge|spe|2\n|-damage|p1a: Ceruledge|33\/100\n|-ability|p1a: Ceruledge|Weak Armor|boost\n|-unboost|p1a: Ceruledge|def|1\n|-boost|p1a: Ceruledge|spe|2\n|-hitcount|p1a: Ceruledge|2\n|move|p1a: Ceruledge|Bitter Blade|p2a: Gliscor\n|-damage|p2a: Gliscor|0 fnt\n|-heal|p1a: Ceruledge|83\/100|[from] drain|[of] p2a: Gliscor\n|faint|p2a: Gliscor\n|-damage|p1a: Ceruledge|73\/100|[from] item: Life Orb\n|\n|upkeep\n|\n|t:|1698285513\n|switch|p2a: Rillaboom|Rillaboom, F|100\/100\n|-fieldstart|move: Grassy Terrain|[from] ability: Grassy Surge|[of] p2a: Rillaboom\n|turn|4\n|\n|t:|1698285523\n|move|p1a: Ceruledge|Bitter Blade|p2a: Rillaboom\n|-supereffective|p2a: Rillaboom\n|-damage|p2a: Rillaboom|0 fnt\n|-heal|p1a: Ceruledge|100\/100|[from] drain|[of] p2a: Rillaboom\n|faint|p2a: Rillaboom\n|-damage|p1a: Ceruledge|91\/100|[from] item: Life Orb\n|\n|-heal|p1a: Ceruledge|97\/100|[from] Grassy Terrain\n|upkeep\n|\n|t:|1698285532\n|switch|p2a: Palafin|Palafin, M|100\/100\n|turn|5\n|\n|t:|1698285540\n|move|p1a: Ceruledge|Shadow Claw|p2a: Palafin\n|-crit|p2a: Palafin\n|-damage|p2a: Palafin|0 fnt\n|faint|p2a: Palafin\n|-damage|p1a: Ceruledge|87\/100|[from] item: Life Orb\n|\n|-heal|p1a: Ceruledge|93\/100|[from] Grassy Terrain\n|upkeep\n|\n|t:|1698285548\n|switch|p2a: Fezandipiti|Fezandipiti, M|100\/100\n|turn|6\n|\n|t:|1698285557\n|move|p1a: Ceruledge|Bitter Blade|p2a: Fezandipiti\n|-damage|p2a: Fezandipiti|0 fnt\n|-heal|p1a: Ceruledge|100\/100|[from] drain|[of] p2a: Fezandipiti\n|faint|p2a: Fezandipiti\n|-damage|p1a: Ceruledge|91\/100|[from] item: Life Orb\n|\n|-heal|p1a: Ceruledge|97\/100|[from] Grassy Terrain\n|upkeep\n|\n|t:|1698285565\n|switch|p2a: Kommo-o|Kommo-o, M|100\/100\n|turn|7\n|\n|t:|1698285573\n|move|p1a: Ceruledge|Shadow Claw|p2a: Kommo-o\n|-damage|p2a: Kommo-o|13\/100\n|-damage|p1a: Ceruledge|87\/100|[from] item: Life Orb\n|move|p2a: Kommo-o|Clanging Scales|p1a: Ceruledge\n|-damage|p1a: Ceruledge|41\/100\n|-unboost|p2a: Kommo-o|def|1\n|\n|-heal|p1a: Ceruledge|47\/100|[from] Grassy Terrain\n|-heal|p2a: Kommo-o|19\/100|[from] Grassy Terrain\n|upkeep\n|turn|8\n|\n|t:|1698285585\n|move|p1a: Ceruledge|Bitter Blade|p2a: Kommo-o\n|-resisted|p2a: Kommo-o\n|-damage|p2a: Kommo-o|0 fnt\n|-heal|p1a: Ceruledge|57\/100|[from] drain|[of] p2a: Kommo-o\n|faint|p2a: Kommo-o\n|-damage|p1a: Ceruledge|47\/100|[from] item: Life Orb\n|\n|win|Hfdhhg\n|raw|Hfdhhg's rating: 1088 &rarr; <strong>1112<\/strong><br \/>(+24 for winning)\n|raw|soursalty's rating: 1049 &rarr; <strong>1034<\/strong><br \/>(-15 for losing)\n","uploadtime":1698285589,"views":9,"p1id":"hfdhhg","p2id":"soursalty","formatid":"gen9anythinggoes","rating":1034,"private":0,"password":""}