{"id":"gen9anythinggoes-1993246989","p1":"NIicoNIico","p2":"Juricon","format":"[Gen 9] Anything Goes","log":"|j|\u2606NIicoNIico\n|j|\u2606Juricon\n|t:|1700283730\n|gametype|singles\n|player|p1|NIicoNIico|101|1074\n|player|p2|Juricon|102|1152\n|teamsize|p1|6\n|teamsize|p2|6\n|gen|9\n|tier|[Gen 9] Anything Goes\n|rated|\n|rule|HP Percentage Mod: HP is shown in percentages\n|rule|Endless Battle Clause: Forcing endless battles is banned\n|clearpoke\n|poke|p1|Maushold-Four|\n|poke|p1|Mienshao, M|\n|poke|p1|Torkoal, F|\n|poke|p1|Tropius, F|\n|poke|p1|Slowbro-Galar, F|\n|poke|p1|Basculegion, M|\n|poke|p2|Miraidon|\n|poke|p2|Cyclizar, F|\n|poke|p2|Ceruledge, F|\n|poke|p2|Clodsire, F|\n|poke|p2|Tinkaton, F|\n|poke|p2|Brute Bonnet|\n|teampreview\n|inactive|Battle timer is ON: inactive players will automatically lose when time's up. (requested by Juricon)\n|\n|t:|1700283751\n|start\n|switch|p1a: Mienshao|Mienshao, M|100\/100\n|switch|p2a: Cyclizar|Cyclizar, F|100\/100\n|turn|1\n|\n|t:|1700283758\n|move|p1a: Mienshao|Hone Claws|p1a: Mienshao\n|-boost|p1a: Mienshao|atk|1\n|-boost|p1a: Mienshao|accuracy|1\n|move|p2a: Cyclizar|Thief|p1a: Mienshao\n|-resisted|p1a: Mienshao\n|-damage|p1a: Mienshao|87\/100\n|-enditem|p1a: Mienshao|Leftovers|[silent]|[from] move: Thief|[of] p2a: Cyclizar\n|-item|p2a: Cyclizar|Leftovers|[from] move: Thief|[of] p1a: Mienshao\n|\n|upkeep\n|turn|2\n|\n|t:|1700283772\n|move|p1a: Mienshao|Agility|p1a: Mienshao\n|-boost|p1a: Mienshao|spe|2\n|move|p2a: Cyclizar|Shed Tail|p2a: Cyclizar\n|-start|p2a: Cyclizar|Substitute|[from] move: Shed Tail\n|-damage|p2a: Cyclizar|50\/100\n|\n|t:|1700283778\n|switch|p2a: Ceruledge|Ceruledge, F|100\/100|[from] Shed Tail\n|\n|upkeep\n|turn|3\n|\n|t:|1700283785\n|move|p1a: Mienshao|Substitute|p1a: Mienshao\n|-start|p1a: Mienshao|Substitute\n|-damage|p1a: Mienshao|62\/100\n|move|p2a: Ceruledge|Shadow Claw|p1a: Mienshao\n|-end|p1a: Mienshao|Substitute\n|\n|upkeep\n|turn|4\n|\n|t:|1700283792\n|move|p1a: Mienshao|Hone Claws|p1a: Mienshao\n|-boost|p1a: Mienshao|atk|1\n|-boost|p1a: Mienshao|accuracy|1\n|move|p2a: Ceruledge|Shadow Claw|p1a: Mienshao\n|-damage|p1a: Mienshao|9\/100\n|\n|upkeep\n|turn|5\n|\n|t:|1700283799\n|move|p1a: Mienshao|Baton Pass|p1a: Mienshao\n|\n|t:|1700283801\n|switch|p1a: Maushold|Maushold-Four|100\/100|[from] Baton Pass\n|move|p2a: Ceruledge|Shadow Claw|p1a: Maushold\n|-immune|p1a: Maushold\n|\n|upkeep\n|turn|6\n|\n|t:|1700283813\n|switch|p2a: Cyclizar|Cyclizar, F|50\/100\n|move|p1a: Maushold|Substitute|p1a: Maushold\n|-start|p1a: Maushold|Substitute\n|-damage|p1a: Maushold|76\/100\n|\n|-heal|p2a: Cyclizar|57\/100|[from] item: Leftovers\n|upkeep\n|turn|7\n|\n|t:|1700283820\n|move|p1a: Maushold|Population Bomb|p2a: Cyclizar\n|-damage|p2a: Cyclizar|20\/100\n|-damage|p2a: Cyclizar|0 fnt\n|faint|p2a: Cyclizar\n|-hitcount|p2: Cyclizar|2\n|\n|upkeep\n|\n|t:|1700283831\n|switch|p2a: Ceruledge|Ceruledge, F|100\/100\n|turn|8\n|\n|t:|1700283835\n|move|p1a: Maushold|Beat Up|p2a: Ceruledge\n|-supereffective|p2a: Ceruledge\n|-damage|p2a: Ceruledge|82\/100\n|-ability|p2a: Ceruledge|Weak Armor|boost\n|-unboost|p2a: Ceruledge|def|1\n|-boost|p2a: Ceruledge|spe|2\n|-supereffective|p2a: Ceruledge\n|-damage|p2a: Ceruledge|40\/100\n|-ability|p2a: Ceruledge|Weak Armor|boost\n|-unboost|p2a: Ceruledge|def|1\n|-boost|p2a: Ceruledge|spe|2\n|-supereffective|p2a: Ceruledge\n|-damage|p2a: Ceruledge|4\/100\n|-ability|p2a: Ceruledge|Weak Armor|boost\n|-unboost|p2a: Ceruledge|def|1\n|-boost|p2a: Ceruledge|spe|2\n|-supereffective|p2a: Ceruledge\n|-damage|p2a: Ceruledge|0 fnt\n|faint|p2a: Ceruledge\n|-hitcount|p2: Ceruledge|4\n|\n|upkeep\n|\n|t:|1700283840\n|switch|p2a: Tinkaton|Tinkaton, F|100\/100\n|-ability|p2a: Tinkaton|Mold Breaker\n|turn|9\n|\n|t:|1700283857\n|-terastallize|p1a: Maushold|Normal\n|move|p1a: Maushold|Population Bomb|p2a: Tinkaton\n|-resisted|p2a: Tinkaton\n|-damage|p2a: Tinkaton|78\/100\n|-resisted|p2a: Tinkaton\n|-damage|p2a: Tinkaton|55\/100\n|-resisted|p2a: Tinkaton\n|-damage|p2a: Tinkaton|33\/100\n|-resisted|p2a: Tinkaton\n|-damage|p2a: Tinkaton|12\/100\n|-resisted|p2a: Tinkaton\n|-damage|p2a: Tinkaton|0 fnt\n|faint|p2a: Tinkaton\n|-hitcount|p2: Tinkaton|5\n|\n|upkeep\n|\n|t:|1700283863\n|switch|p2a: Clodsire|Clodsire, F|100\/100\n|turn|10\n|\n|t:|1700283874\n|move|p1a: Maushold|Population Bomb|p2a: Clodsire\n|-damage|p2a: Clodsire|85\/100\n|-damage|p2a: Clodsire|71\/100\n|-damage|p2a: Clodsire|55\/100\n|-damage|p2a: Clodsire|39\/100\n|-damage|p2a: Clodsire|23\/100\n|-damage|p2a: Clodsire|7\/100\n|-damage|p2a: Clodsire|0 fnt\n|faint|p2a: Clodsire\n|-hitcount|p2: Clodsire|7\n|\n|upkeep\n|\n|t:|1700283880\n|switch|p2a: Brute Bonnet|Brute Bonnet|100\/100\n|turn|11\n|\n|t:|1700283888\n|move|p1a: Maushold|Population Bomb|p2a: Brute Bonnet\n|-damage|p2a: Brute Bonnet|78\/100\n|-damage|p2a: Brute Bonnet|56\/100\n|-damage|p2a: Brute Bonnet|34\/100\n|-crit|p2a: Brute Bonnet\n|-damage|p2a: Brute Bonnet|0 fnt\n|faint|p2a: Brute Bonnet\n|-end|p2a: Brute Bonnet|Protosynthesis|[silent]\n|-hitcount|p2: Brute Bonnet|4\n|\n|upkeep\n|\n|t:|1700283891\n|switch|p2a: Miraidon|Miraidon|100\/100\n|-fieldstart|move: Electric Terrain|[from] ability: Hadron Engine|[of] p2a: Miraidon\n|-item|p2a: Miraidon|Air Balloon\n|turn|12\n|\n|t:|1700283901\n|move|p1a: Maushold|Population Bomb|p2a: Miraidon\n|-damage|p2a: Miraidon|73\/100\n|-enditem|p2a: Miraidon|Air Balloon\n|-damage|p2a: Miraidon|47\/100\n|-damage|p2a: Miraidon|21\/100\n|-damage|p2a: Miraidon|0 fnt\n|faint|p2a: Miraidon\n|-hitcount|p2: Miraidon|4\n|\n|win|NIicoNIico\n|raw|NIicoNIico's rating: 1074 &rarr; <strong>1109<\/strong><br \/>(+35 for winning)\n|raw|Juricon's rating: 1152 &rarr; <strong>1121<\/strong><br \/>(-31 for losing)\n|l|\u2606Juricon\n","uploadtime":1700283916,"views":6,"p1id":"niiconiico","p2id":"juricon","formatid":"gen9anythinggoes","rating":1109,"private":0,"password":""}