{"id":"gen9anythinggoes-1985995247","p1":"Jujuzombah","p2":"Ecco4502","format":"[Gen 9] Anything Goes","log":"|j|\u2606Jujuzombah\n|j|\u2606Ecco4502\n|t:|1699435819\n|gametype|singles\n|player|p1|Jujuzombah|clown|1044\n|player|p2|Ecco4502|hilbert|1082\n|teamsize|p1|6\n|teamsize|p2|6\n|gen|9\n|tier|[Gen 9] Anything Goes\n|rated|\n|rule|HP Percentage Mod: HP is shown in percentages\n|rule|Endless Battle Clause: Forcing endless battles is banned\n|clearpoke\n|poke|p1|Zoroark-Hisui, F|\n|poke|p1|Decidueye-Hisui, F|\n|poke|p1|Basculegion, M|\n|poke|p1|Ursaluna, M|\n|poke|p1|Drifblim, M|\n|poke|p1|Goodra-Hisui, F|\n|poke|p2|Noctowl, F|\n|poke|p2|Flareon, M|\n|poke|p2|Gogoat, M|\n|poke|p2|Milotic, F|\n|poke|p2|Furret, F|\n|poke|p2|Ninetales-Alola, M|\n|teampreview\n|inactive|Battle timer is ON: inactive players will automatically lose when time's up. (requested by Jujuzombah)\n|\n|t:|1699435842\n|start\n|switch|p1a: Ursaluna|Ursaluna, M|100\/100\n|switch|p2a: Frost|Ninetales-Alola, M|100\/100\n|-weather|Snow|[from] ability: Snow Warning|[of] p2a: Frost\n|turn|1\n|\n|t:|1699435856\n|move|p2a: Frost|Aurora Veil|p2a: Frost\n|-sidestart|p2: Ecco4502|move: Aurora Veil\n|move|p1a: Ursaluna|Trailblaze|p2a: Frost\n|-damage|p2a: Frost|93\/100\n|-boost|p1a: Ursaluna|spe|1\n|\n|-weather|Snow|[upkeep]\n|-status|p1a: Ursaluna|brn|[from] item: Flame Orb\n|upkeep\n|turn|2\n|\n|t:|1699435885\n|-terastallize|p2a: Frost|Steel\n|move|p2a: Frost|Blizzard|p1a: Ursaluna\n|-supereffective|p1a: Ursaluna\n|-damage|p1a: Ursaluna|54\/100 brn\n|move|p1a: Ursaluna|Facade|p2a: Frost\n|-resisted|p2a: Frost\n|-damage|p2a: Frost|61\/100\n|\n|-weather|Snow|[upkeep]\n|-damage|p1a: Ursaluna|47\/100 brn|[from] brn\n|upkeep\n|turn|3\n|\n|t:|1699435902\n|move|p2a: Frost|Blizzard|p1a: Ursaluna\n|-supereffective|p1a: Ursaluna\n|-damage|p1a: Ursaluna|0 fnt\n|faint|p1a: Ursaluna\n|\n|-weather|Snow|[upkeep]\n|upkeep\n|\n|t:|1699435915\n|switch|p1a: Goodra|Goodra-Hisui, F|100\/100\n|turn|4\n|\n|t:|1699435922\n|switch|p2a: Flare|Flareon, M|100\/100\n|move|p1a: Goodra|Acid Armor|p1a: Goodra\n|-boost|p1a: Goodra|def|2\n|\n|-weather|Snow|[upkeep]\n|-status|p2a: Flare|tox|[from] item: Toxic Orb\n|upkeep\n|turn|5\n|\n|t:|1699435934\n|move|p2a: Flare|Flare Blitz|p1a: Goodra\n|-damage|p1a: Goodra|57\/100\n|-damage|p2a: Flare|85\/100 tox|[from] Recoil\n|move|p1a: Goodra|Body Press|p2a: Flare\n|-damage|p2a: Flare|53\/100 tox\n|\n|-weather|none\n|-heal|p1a: Goodra|63\/100|[from] item: Leftovers\n|-damage|p2a: Flare|47\/100 tox|[from] psn\n|upkeep\n|turn|6\n|\n|t:|1699435945\n|move|p2a: Flare|Flare Blitz|p1a: Goodra\n|-damage|p1a: Goodra|18\/100\n|-damage|p2a: Flare|31\/100 tox|[from] Recoil\n|move|p1a: Goodra|Acid Armor|p1a: Goodra\n|-boost|p1a: Goodra|def|2\n|\n|-heal|p1a: Goodra|24\/100|[from] item: Leftovers\n|-damage|p2a: Flare|19\/100 tox|[from] psn\n|upkeep\n|turn|7\n|\n|t:|1699435956\n|move|p2a: Flare|Flare Blitz|p1a: Goodra\n|-damage|p1a: Goodra|0 fnt\n|faint|p1a: Goodra\n|-damage|p2a: Flare|11\/100 tox|[from] Recoil\n|\n|-damage|p2a: Flare|0 fnt|[from] psn\n|faint|p2a: Flare\n|upkeep\n|\n|t:|1699435969\n|switch|p2a: Leviathan|Milotic, F, shiny|100\/100\n|switch|p1a: Decidueye|Decidueye-Hisui, F|100\/100\n|turn|8\n|\n|t:|1699435978\n|move|p1a: Decidueye|Swords Dance|p1a: Decidueye\n|-boost|p1a: Decidueye|atk|2\n|move|p2a: Leviathan|Ice Beam|p1a: Decidueye\n|-supereffective|p1a: Decidueye\n|-damage|p1a: Decidueye|56\/100\n|\n|-sideend|p2: Ecco4502|move: Aurora Veil\n|-status|p2a: Leviathan|brn|[from] item: Flame Orb\n|upkeep\n|turn|9\n|\n|t:|1699435992\n|move|p1a: Decidueye|Trailblaze|p2a: Leviathan\n|-supereffective|p2a: Leviathan\n|-damage|p2a: Leviathan|47\/100 brn\n|-boost|p1a: Decidueye|spe|1\n|move|p2a: Leviathan|Haze|p2a: Leviathan\n|-clearallboost\n|\n|-damage|p2a: Leviathan|41\/100 brn|[from] brn\n|upkeep\n|turn|10\n|\n|t:|1699436006\n|move|p1a: Decidueye|Trailblaze|p2a: Leviathan\n|-supereffective|p2a: Leviathan\n|-damage|p2a: Leviathan|13\/100 brn\n|-boost|p1a: Decidueye|spe|1\n|move|p2a: Leviathan|Recover|p2a: Leviathan\n|-heal|p2a: Leviathan|63\/100 brn\n|\n|-damage|p2a: Leviathan|57\/100 brn|[from] brn\n|upkeep\n|turn|11\n|\n|t:|1699436017\n|move|p1a: Decidueye|Triple Arrows|p2a: Leviathan\n|-damage|p2a: Leviathan|38\/100 brn\n|-unboost|p2a: Leviathan|def|1\n|move|p2a: Leviathan|Recover|p2a: Leviathan\n|-heal|p2a: Leviathan|88\/100 brn\n|\n|-damage|p2a: Leviathan|82\/100 brn|[from] brn\n|upkeep\n|turn|12\n|\n|t:|1699436027\n|move|p1a: Decidueye|Trailblaze|p2a: Leviathan\n|-supereffective|p2a: Leviathan\n|-damage|p2a: Leviathan|39\/100 brn\n|-boost|p1a: Decidueye|spe|1\n|move|p2a: Leviathan|Ice Beam|p1a: Decidueye\n|-supereffective|p1a: Decidueye\n|-damage|p1a: Decidueye|13\/100\n|\n|-damage|p2a: Leviathan|33\/100 brn|[from] brn\n|upkeep\n|turn|13\n|\n|t:|1699436041\n|switch|p2a: Ziege|Gogoat, M, shiny|100\/100\n|move|p1a: Decidueye|Trailblaze|p2a: Ziege\n|-ability|p2a: Ziege|Sap Sipper|boost\n|-boost|p2a: Ziege|atk|1\n|\n|upkeep\n|turn|14\n|\n|t:|1699436051\n|-terastallize|p1a: Decidueye|Flying\n|move|p1a: Decidueye|Brave Bird|p2a: Ziege\n|-supereffective|p2a: Ziege\n|-damage|p2a: Ziege|0 fnt\n|faint|p2a: Ziege\n|-damage|p1a: Decidueye|0 fnt|[from] Recoil\n|faint|p1a: Decidueye\n|\n|upkeep\n|\n|t:|1699436062\n|switch|p1a: Drifblim|Drifblim, M|100\/100\n|switch|p2a: Leviathan|Milotic, F, shiny|33\/100 brn\n|turn|15\n|\n|t:|1699436070\n|move|p2a: Leviathan|Recover|p2a: Leviathan\n|-heal|p2a: Leviathan|83\/100 brn\n|move|p1a: Drifblim|Hex|p2a: Leviathan\n|-damage|p2a: Leviathan|53\/100 brn\n|\n|-damage|p2a: Leviathan|46\/100 brn|[from] brn\n|upkeep\n|turn|16\n|\n|t:|1699436079\n|move|p2a: Leviathan|Ice Beam|p1a: Drifblim\n|-supereffective|p1a: Drifblim\n|-damage|p1a: Drifblim|53\/100\n|move|p1a: Drifblim|Hex|p2a: Leviathan\n|-damage|p2a: Leviathan|16\/100 brn\n|\n|-heal|p1a: Drifblim|59\/100|[from] item: Leftovers\n|-damage|p2a: Leviathan|10\/100 brn|[from] brn\n|upkeep\n|turn|17\n|\n|t:|1699436095\n|move|p2a: Leviathan|Recover|p2a: Leviathan\n|-heal|p2a: Leviathan|60\/100 brn\n|move|p1a: Drifblim|Hex|p2a: Leviathan\n|-damage|p2a: Leviathan|32\/100 brn\n|\n|-heal|p1a: Drifblim|66\/100|[from] item: Leftovers\n|-damage|p2a: Leviathan|26\/100 brn|[from] brn\n|upkeep\n|turn|18\n|\n|t:|1699436104\n|move|p2a: Leviathan|Recover|p2a: Leviathan\n|-heal|p2a: Leviathan|76\/100 brn\n|move|p1a: Drifblim|Hex|p2a: Leviathan\n|-damage|p2a: Leviathan|47\/100 brn\n|\n|-heal|p1a: Drifblim|72\/100|[from] item: Leftovers\n|-damage|p2a: Leviathan|41\/100 brn|[from] brn\n|upkeep\n|turn|19\n|\n|t:|1699436117\n|switch|p2a: Frost|Ninetales-Alola, M, tera:Steel|61\/100\n|-weather|Snow|[from] ability: Snow Warning|[of] p2a: Frost\n|move|p1a: Drifblim|Hex|p2a: Frost\n|-damage|p2a: Frost|41\/100\n|\n|-weather|Snow|[upkeep]\n|-heal|p1a: Drifblim|78\/100|[from] item: Leftovers\n|upkeep\n|turn|20\n|\n|t:|1699436128\n|move|p2a: Frost|Aurora Veil|p2a: Frost\n|-sidestart|p2: Ecco4502|move: Aurora Veil\n|move|p1a: Drifblim|Thunder Wave|p2a: Frost\n|-status|p2a: Frost|par\n|\n|-weather|Snow|[upkeep]\n|-heal|p1a: Drifblim|84\/100|[from] item: Leftovers\n|upkeep\n|turn|21\n|\n|t:|1699436136\n|move|p1a: Drifblim|Hex|p2a: Frost\n|-damage|p2a: Frost|21\/100 par\n|move|p2a: Frost|Blizzard|p1a: Drifblim\n|-supereffective|p1a: Drifblim\n|-damage|p1a: Drifblim|17\/100\n|\n|-weather|Snow|[upkeep]\n|-heal|p1a: Drifblim|24\/100|[from] item: Leftovers\n|upkeep\n|turn|22\n|\n|t:|1699436148\n|move|p1a: Drifblim|Hex|p2a: Frost\n|-damage|p2a: Frost|2\/100 par\n|move|p2a: Frost|Blizzard|p1a: Drifblim\n|-supereffective|p1a: Drifblim\n|-damage|p1a: Drifblim|0 fnt\n|faint|p1a: Drifblim\n|\n|-weather|Snow|[upkeep]\n|upkeep\n|\n|t:|1699436160\n|switch|p1a: Basculegion|Basculegion, M|100\/100\n|turn|23\n|\n|t:|1699436164\n|move|p1a: Basculegion|Nasty Plot|p1a: Basculegion\n|-boost|p1a: Basculegion|spa|2\n|move|p2a: Frost|Blizzard|p1a: Basculegion\n|-damage|p1a: Basculegion|36\/100\n|replace|p1a: Zoroark|Zoroark-Hisui, F\n|-end|p1a: Zoroark|Illusion\n|\n|-weather|none\n|upkeep\n|turn|24\n|\n|t:|1699436177\n|move|p1a: Zoroark|Tera Blast|p2a: Frost\n|-resisted|p2a: Frost\n|-damage|p2a: Frost|0 fnt\n|faint|p2a: Frost\n|-damage|p1a: Zoroark|26\/100|[from] item: Life Orb\n|\n|upkeep\n|\n|t:|1699436184\n|switch|p2a: Leviathan|Milotic, F, shiny|41\/100 brn\n|turn|25\n|\n|t:|1699436199\n|move|p1a: Zoroark|Tera Blast|p2a: Leviathan\n|-damage|p2a: Leviathan|0 fnt\n|faint|p2a: Leviathan\n|-damage|p1a: Zoroark|16\/100|[from] item: Life Orb\n|\n|upkeep\n|\n|t:|1699436210\n|switch|p2a: Impa|Noctowl, F, shiny|100\/100\n|turn|26\n|\n|t:|1699436218\n|move|p1a: Zoroark|Tera Blast|p2a: Impa\n|-damage|p2a: Impa|49\/100\n|-damage|p1a: Zoroark|6\/100|[from] item: Life Orb\n|move|p2a: Impa|Hypnosis|p1a: Zoroark\n|-status|p1a: Zoroark|slp|[from] move: Hypnosis\n|\n|upkeep\n|turn|27\n|\n|t:|1699436230\n|cant|p1a: Zoroark|slp\n|move|p2a: Impa|Roost|p2a: Impa\n|-heal|p2a: Impa|99\/100\n|-singleturn|p2a: Impa|move: Roost\n|\n|-sideend|p2: Ecco4502|move: Aurora Veil\n|upkeep\n|turn|28\n|\n|t:|1699436239\n|cant|p1a: Zoroark|slp\n|move|p2a: Impa|Calm Mind|p2a: Impa\n|-boost|p2a: Impa|spa|1\n|-boost|p2a: Impa|spd|1\n|\n|upkeep\n|turn|29\n|\n|t:|1699436245\n|cant|p1a: Zoroark|slp\n|move|p2a: Impa|Calm Mind|p2a: Impa\n|-boost|p2a: Impa|spa|1\n|-boost|p2a: Impa|spd|1\n|\n|upkeep\n|turn|30\n|\n|t:|1699436257\n|-curestatus|p1a: Zoroark|slp|[msg]\n|move|p1a: Zoroark|Focus Blast|p2a: Impa\n|-damage|p2a: Impa|52\/100\n|-damage|p1a: Zoroark|0 fnt|[from] item: Life Orb\n|faint|p1a: Zoroark\n|move|p2a: Impa|Calm Mind|p2a: Impa\n|-boost|p2a: Impa|spa|1\n|-boost|p2a: Impa|spd|1\n|\n|upkeep\n|\n|t:|1699436270\n|switch|p1a: Basculegion|Basculegion, M|100\/100\n|turn|31\n|\n|t:|1699436279\n|move|p1a: Basculegion|Aqua Jet|p2a: Impa\n|-damage|p2a: Impa|33\/100\n|move|p2a: Impa|Extrasensory|p1a: Basculegion\n|-damage|p1a: Basculegion|53\/100\n|\n|upkeep\n|turn|32\n|\n|t:|1699436286\n|move|p1a: Basculegion|Aqua Jet|p2a: Impa\n|-damage|p2a: Impa|12\/100\n|move|p2a: Impa|Roost|p2a: Impa\n|-heal|p2a: Impa|62\/100\n|-singleturn|p2a: Impa|move: Roost\n|\n|upkeep\n|turn|33\n|\n|t:|1699436293\n|move|p1a: Basculegion|Aqua Jet|p2a: Impa\n|-damage|p2a: Impa|42\/100\n|move|p2a: Impa|Roost|p2a: Impa\n|-heal|p2a: Impa|93\/100\n|-singleturn|p2a: Impa|move: Roost\n|\n|upkeep\n|turn|34\n|\n|t:|1699436301\n|move|p1a: Basculegion|Aqua Jet|p2a: Impa\n|-damage|p2a: Impa|72\/100\n|move|p2a: Impa|Extrasensory|p1a: Basculegion\n|-damage|p1a: Basculegion|6\/100\n|\n|upkeep\n|turn|35\n|\n|t:|1699436308\n|move|p1a: Basculegion|Aqua Jet|p2a: Impa\n|-damage|p2a: Impa|54\/100\n|move|p2a: Impa|Extrasensory|p1a: Basculegion\n|-damage|p1a: Basculegion|0 fnt\n|faint|p1a: Basculegion\n|\n|win|Ecco4502\n|raw|Jujuzombah's rating: 1044 &rarr; <strong>1029<\/strong><br \/>(-15 for losing)\n|raw|Ecco4502's rating: 1082 &rarr; <strong>1107<\/strong><br \/>(+25 for winning)\n","uploadtime":1699436318,"views":18,"p1id":"jujuzombah","p2id":"ecco4502","formatid":"gen9anythinggoes","rating":1029,"private":0,"password":""}