{"id":"gen9anythinggoes-1975381297","p1":"HottyDoogy","p2":"xssulx","format":"[Gen 9] Anything Goes","log":"|j|\u2606HottyDoogy\n|j|\u2606xssulx\n|t:|1698185261\n|gametype|singles\n|player|p1|HottyDoogy|blackbelt-gen4dp|1078\n|player|p2|xssulx|266|1081\n|teamsize|p1|6\n|teamsize|p2|6\n|gen|9\n|tier|[Gen 9] Anything Goes\n|rated|\n|rule|HP Percentage Mod: HP is shown in percentages\n|rule|Endless Battle Clause: Forcing endless battles is banned\n|clearpoke\n|poke|p1|Torkoal, M|\n|poke|p1|Zapdos-Galar|\n|poke|p1|Quagsire, M|\n|poke|p1|Fezandipiti, M|\n|poke|p1|Dragonite, M|\n|poke|p1|Decidueye, M|\n|poke|p2|Jolteon, F|\n|poke|p2|Umbreon, M|\n|poke|p2|Ambipom, F|\n|poke|p2|Grafaiai, M|\n|poke|p2|Ceruledge, M|\n|poke|p2|Slowking, M|\n|teampreview\n|c|\u2606HottyDoogy|So\n|\n|t:|1698185289\n|start\n|switch|p1a: Torkoal|Torkoal, M, shiny|100\/100\n|switch|p2a: Grafaiai|Grafaiai, M|100\/100\n|-weather|SunnyDay|[from] ability: Drought|[of] p1a: Torkoal\n|turn|1\n|\n|t:|1698185296\n|move|p2a: Grafaiai|Toxic|p1a: Torkoal\n|-status|p1a: Torkoal|tox\n|move|p1a: Torkoal|Stealth Rock|p2a: Grafaiai\n|-sidestart|p2: xssulx|move: Stealth Rock\n|\n|-weather|SunnyDay|[upkeep]\n|-damage|p1a: Torkoal|95\/100 tox|[from] psn\n|upkeep\n|turn|2\n|\n|t:|1698185305\n|move|p2a: Grafaiai|Knock Off|p1a: Torkoal\n|-crit|p1a: Torkoal\n|-damage|p1a: Torkoal|66\/100 tox\n|-enditem|p1a: Torkoal|Leftovers|[from] move: Knock Off|[of] p2a: Grafaiai\n|move|p1a: Torkoal|Earthquake|p2a: Grafaiai\n|-supereffective|p2a: Grafaiai\n|-damage|p2a: Grafaiai|22\/100\n|\n|-weather|SunnyDay|[upkeep]\n|-damage|p1a: Torkoal|54\/100 tox|[from] psn\n|upkeep\n|turn|3\n|\n|t:|1698185314\n|move|p2a: Grafaiai|Parting Shot|p1a: Torkoal\n|-unboost|p1a: Torkoal|atk|1\n|-unboost|p1a: Torkoal|spa|1\n|\n|t:|1698185330\n|switch|p2a: Slowking|Slowking, M|100\/100|[from] Parting Shot\n|-damage|p2a: Slowking|88\/100|[from] Stealth Rock\n|move|p1a: Torkoal|Earthquake|p2a: Slowking\n|-crit|p2a: Slowking\n|-damage|p2a: Slowking|45\/100\n|\n|-weather|SunnyDay|[upkeep]\n|-damage|p1a: Torkoal|36\/100 tox|[from] psn\n|upkeep\n|turn|4\n|\n|t:|1698185351\n|move|p2a: Slowking|Scald|p1a: Torkoal\n|-supereffective|p1a: Torkoal\n|-damage|p1a: Torkoal|0 fnt\n|faint|p1a: Torkoal\n|\n|-weather|SunnyDay|[upkeep]\n|upkeep\n|\n|t:|1698185361\n|switch|p1a: Decidueye|Decidueye, M|100\/100\n|turn|5\n|\n|t:|1698185365\n|move|p1a: Decidueye|Spirit Shackle|p2a: Slowking\n|-supereffective|p2a: Slowking\n|-damage|p2a: Slowking|0 fnt\n|faint|p2a: Slowking\n|\n|-weather|none\n|upkeep\n|\n|t:|1698185377\n|switch|p2a: Ceruledge|Ceruledge, M|100\/100\n|-damage|p2a: Ceruledge|75\/100|[from] Stealth Rock\n|turn|6\n|\n|t:|1698185382\n|move|p2a: Ceruledge|Bitter Blade|p1a: Decidueye\n|-supereffective|p1a: Decidueye\n|-damage|p1a: Decidueye|0 fnt\n|-heal|p2a: Ceruledge|100\/100|[from] drain|[of] p1a: Decidueye\n|faint|p1a: Decidueye\n|\n|upkeep\n|\n|t:|1698185390\n|switch|p1a: Fezandipiti|Fezandipiti, M|100\/100\n|turn|7\n|l|\u2606HottyDoogy\n|player|p1|\n|j|\u2606HottyDoogy\n|player|p1|HottyDoogy|blackbelt-gen4dp\n|\n|t:|1698185420\n|switch|p2a: Umbreon|Umbreon, M, shiny|100\/100\n|-damage|p2a: Umbreon|88\/100|[from] Stealth Rock\n|move|p1a: Fezandipiti|Venoshock|p2a: Umbreon\n|-damage|p2a: Umbreon|67\/100\n|-status|p2a: Umbreon|tox|[from] ability: Toxic Chain|[of] p1a: Fezandipiti\n|-activate|p2a: Umbreon|ability: Synchronize\n|-immune|p1a: Fezandipiti\n|-damage|p1a: Fezandipiti|91\/100|[from] item: Life Orb\n|\n|-heal|p2a: Umbreon|73\/100 tox|[from] item: Leftovers\n|-damage|p2a: Umbreon|67\/100 tox|[from] psn\n|upkeep\n|turn|8\n|\n|t:|1698185436\n|move|p1a: Fezandipiti|Venoshock|p2a: Umbreon\n|-damage|p2a: Umbreon|27\/100 tox\n|-damage|p1a: Fezandipiti|81\/100|[from] item: Life Orb\n|move|p2a: Umbreon|Taunt|p1a: Fezandipiti\n|-start|p1a: Fezandipiti|move: Taunt\n|\n|-heal|p2a: Umbreon|33\/100 tox|[from] item: Leftovers\n|-damage|p2a: Umbreon|21\/100 tox|[from] psn\n|upkeep\n|turn|9\n|\n|t:|1698185447\n|move|p1a: Fezandipiti|Venoshock|p2a: Umbreon\n|-damage|p2a: Umbreon|0 fnt\n|faint|p2a: Umbreon\n|-damage|p1a: Fezandipiti|71\/100|[from] item: Life Orb\n|\n|upkeep\n|\n|t:|1698185454\n|switch|p2a: Grafaiai|Grafaiai, M|22\/100\n|-damage|p2a: Grafaiai|10\/100|[from] Stealth Rock\n|turn|10\n|\n|t:|1698185460\n|move|p2a: Grafaiai|Parting Shot|p1a: Fezandipiti\n|-unboost|p1a: Fezandipiti|atk|1\n|-unboost|p1a: Fezandipiti|spa|1\n|l|\u2606HottyDoogy\n|player|p1|\n|\n|t:|1698185477\n|switch|p2a: Jolteon|Jolteon, F|100\/100|[from] Parting Shot\n|move|p1a: Fezandipiti|Dazzling Gleam|p2a: Jolteon\n|-damage|p2a: Jolteon|70\/100\n|-damage|p1a: Fezandipiti|61\/100|[from] item: Life Orb\n|\n|upkeep\n|turn|11\n|j|\u2606HottyDoogy\n|player|p1|HottyDoogy|blackbelt-gen4dp\n|\n|t:|1698185488\n|move|p2a: Jolteon|Electro Ball|p1a: Fezandipiti\n|-damage|p1a: Fezandipiti|36\/100\n|move|p1a: Fezandipiti|Venoshock|p2a: Jolteon\n|-damage|p2a: Jolteon|44\/100\n|-damage|p1a: Fezandipiti|27\/100|[from] item: Life Orb\n|\n|-end|p1a: Fezandipiti|move: Taunt\n|upkeep\n|turn|12\n|\n|t:|1698185505\n|move|p2a: Jolteon|Electro Ball|p1a: Fezandipiti\n|-damage|p1a: Fezandipiti|0 fnt\n|faint|p1a: Fezandipiti\n|\n|upkeep\n|\n|t:|1698185509\n|switch|p1a: Quagsire|Quagsire, M, shiny|100\/100\n|turn|13\n|\n|t:|1698185517\n|move|p1a: Quagsire|Yawn|p2a: Jolteon\n|-start|p2a: Jolteon|move: Yawn|[of] p1a: Quagsire\n|move|p2a: Jolteon|Roar|p1a: Quagsire\n|drag|p1a: Zapdos|Zapdos-Galar, shiny|100\/100\n|\n|upkeep\n|turn|14\n|\n|t:|1698185528\n|move|p2a: Jolteon|Electro Ball|p1a: Zapdos\n|-supereffective|p1a: Zapdos\n|-damage|p1a: Zapdos|59\/100\n|move|p1a: Zapdos|Ancient Power|p2a: Jolteon\n|-damage|p2a: Jolteon|29\/100\n|\n|-end|p2a: Jolteon|move: Yawn|[silent]\n|-status|p2a: Jolteon|slp\n|upkeep\n|turn|15\n|\n|t:|1698185537\n|cant|p2a: Jolteon|slp\n|move|p1a: Zapdos|Knock Off|p2a: Jolteon\n|-damage|p2a: Jolteon|0 fnt\n|-enditem|p2a: Jolteon|Heavy-Duty Boots|[from] move: Knock Off|[of] p1a: Zapdos\n|faint|p2a: Jolteon\n|\n|upkeep\n|\n|t:|1698185545\n|switch|p2a: Grafaiai|Grafaiai, M|10\/100\n|-damage|p2a: Grafaiai|0 fnt|[from] Stealth Rock\n|faint|p2a: Grafaiai\n|\n|t:|1698185554\n|switch|p2a: Ceruledge|Ceruledge, M|100\/100\n|-damage|p2a: Ceruledge|75\/100|[from] Stealth Rock\n|turn|16\n|\n|t:|1698185635\n|-terastallize|p2a: Ceruledge|Fire\n|move|p1a: Zapdos|Drill Peck|p2a: Ceruledge\n|-damage|p2a: Ceruledge|18\/100\n|-enditem|p2a: Ceruledge|Salac Berry|[eat]\n|-boost|p2a: Ceruledge|spe|1|[from] item: Salac Berry\n|move|p2a: Ceruledge|Psycho Cut|p1a: Zapdos\n|-supereffective|p1a: Zapdos\n|-damage|p1a: Zapdos|6\/100\n|\n|upkeep\n|turn|17\n|\n|t:|1698185646\n|move|p2a: Ceruledge|Bitter Blade|p1a: Zapdos\n|-crit|p1a: Zapdos\n|-damage|p1a: Zapdos|0 fnt\n|-heal|p2a: Ceruledge|21\/100|[from] drain|[of] p1a: Zapdos\n|faint|p1a: Zapdos\n|\n|upkeep\n|\n|t:|1698185652\n|switch|p1a: Quagsire|Quagsire, M, shiny|100\/100\n|turn|18\n|\n|t:|1698185660\n|move|p2a: Ceruledge|Destiny Bond|p2a: Ceruledge\n|-singlemove|p2a: Ceruledge|Destiny Bond\n|move|p1a: Quagsire|Liquidation|p2a: Ceruledge\n|-supereffective|p2a: Ceruledge\n|-damage|p2a: Ceruledge|0 fnt\n|faint|p2a: Ceruledge\n|-activate|p2a: Ceruledge|move: Destiny Bond\n|faint|p1a: Quagsire\n|\n|upkeep\n|\n|t:|1698185670\n|switch|p2a: Ambipom|Ambipom, F|100\/100\n|switch|p1a: Dragonite|Dragonite, M, shiny|100\/100\n|-damage|p2a: Ambipom|88\/100|[from] Stealth Rock\n|turn|19\n|\n|t:|1698185678\n|-terastallize|p1a: Dragonite|Fairy\n|move|p2a: Ambipom|Fury Swipes|p1a: Dragonite\n|-damage|p1a: Dragonite|92\/100\n|-damage|p1a: Dragonite|82\/100\n|-damage|p1a: Dragonite|74\/100\n|-damage|p1a: Dragonite|65\/100\n|-damage|p1a: Dragonite|55\/100\n|-hitcount|p1a: Dragonite|5\n|move|p1a: Dragonite|Tera Blast|p2a: Ambipom|[anim] Tera Blast Fairy\n|-damage|p2a: Ambipom|18\/100\n|\n|upkeep\n|turn|20\n|\n|t:|1698185691\n|move|p1a: Dragonite|Extreme Speed|p2a: Ambipom\n|-damage|p2a: Ambipom|0 fnt\n|faint|p2a: Ambipom\n|\n|win|HottyDoogy\n|raw|HottyDoogy's rating: 1078 &rarr; <strong>1107<\/strong><br \/>(+29 for winning)\n|raw|xssulx's rating: 1081 &rarr; <strong>1059<\/strong><br \/>(-22 for losing)\n|c|\u2606xssulx|kkkk\n|l|\u2606HottyDoogy\n|j|\u2606HottyDoogy\n|player|p1|HottyDoogy|blackbelt-gen4dp\n|c|\u2606HottyDoogy|?\n|c|\u2606xssulx|funny battle\n|c|\u2606HottyDoogy|Why\n","uploadtime":1698185721,"views":8,"p1id":"hottydoogy","p2id":"xssulx","formatid":"gen9anythinggoes","rating":1059,"private":0,"password":""}