{"id":"gen9anythinggoes-1987308213","p1":"meliodono","p2":"Challeneg","format":"[Gen 9] Anything Goes","log":"|j|\u2606meliodono\n|j|\u2606Challeneg\n|t:|1699575771\n|gametype|singles\n|player|p1|meliodono|janine|1069\n|player|p2|Challeneg|102|1056\n|teamsize|p1|6\n|teamsize|p2|4\n|gen|9\n|tier|[Gen 9] Anything Goes\n|rated|\n|rule|HP Percentage Mod: HP is shown in percentages\n|rule|Endless Battle Clause: Forcing endless battles is banned\n|clearpoke\n|poke|p1|Houndstone, F|\n|poke|p1|Tyranitar, M|\n|poke|p1|Dugtrio, F|\n|poke|p1|Wugtrio, M|\n|poke|p1|Staraptor, M|\n|poke|p1|Regieleki|\n|poke|p2|Breloom, M|\n|poke|p2|Zorua-Hisui, M|\n|poke|p2|Umbreon, F|\n|poke|p2|Gastrodon, M|\n|teampreview\n|c|\u2606Challeneg|Hi, I'm doing a challenge where every game, Where my opponent will evolve or add one pokemon to my team. So which pokemon would you like to add or evolve?\n|\n|t:|1699575787\n|start\n|switch|p1a: Dugtrio|Dugtrio, F|100\/100\n|switch|p2a: Breloom|Breloom, M|100\/100\n|turn|1\n|c|\u2606meliodono|evolve zorua\n|\n|t:|1699575799\n|move|p1a: Dugtrio|Memento|p2a: Breloom\n|-unboost|p2a: Breloom|atk|2\n|-unboost|p2a: Breloom|spa|2\n|faint|p1a: Dugtrio\n|move|p2a: Breloom|Bullet Seed|p1: Dugtrio|[notarget]\n|-fail|p2a: Breloom\n|\n|upkeep\n|\n|t:|1699575806\n|switch|p1a: Wugtrio|Wugtrio, M|100\/100\n|turn|2\n|c|\u2606Challeneg|ok thanks for your contribution\n|\n|t:|1699575818\n|switch|p2a: Umbreon|Umbreon, F|100\/100\n|move|p1a: Wugtrio|Memento|p2a: Umbreon\n|-unboost|p2a: Umbreon|atk|2\n|-unboost|p2a: Umbreon|spa|2\n|faint|p1a: Wugtrio\n|\n|upkeep\n|\n|t:|1699575827\n|switch|p1a: Staraptor|Staraptor, M|100\/100\n|turn|3\n|\n|t:|1699575834\n|move|p1a: Staraptor|Final Gambit|p2a: Umbreon\n|-damage|p2a: Umbreon|22\/100\n|faint|p1a: Staraptor\n|move|p2a: Umbreon|Light Screen|p2a: Umbreon\n|-sidestart|p2: Challeneg|move: Light Screen\n|\n|upkeep\n|\n|t:|1699575841\n|switch|p1a: Regieleki|Regieleki|100\/100\n|turn|4\n|\n|t:|1699575846\n|switch|p2a: Gastrodon|Gastrodon, M|100\/100\n|move|p1a: Regieleki|Explosion|p2a: Gastrodon\n|-immune|p2a: Gastrodon\n|faint|p1a: Regieleki\n|\n|upkeep\n|\n|t:|1699575852\n|switch|p1a: Houndstone|Houndstone, F|100\/100\n|turn|5\n|\n|t:|1699575858\n|switch|p1a: Tyranitar|Tyranitar, M|100\/100\n|-weather|Sandstorm|[from] ability: Sand Stream|[of] p1a: Tyranitar\n|move|p2a: Gastrodon|Dark Pulse|p1a: Tyranitar\n|-resisted|p1a: Tyranitar\n|-damage|p1a: Tyranitar|95\/100\n|\n|-weather|Sandstorm|[upkeep]\n|-damage|p2a: Gastrodon|94\/100|[from] Sandstorm\n|upkeep\n|turn|6\n|\n|t:|1699575870\n|switch|p2a: Umbreon|Umbreon, F|22\/100\n|switch|p1a: Houndstone|Houndstone, F|100\/100\n|\n|-weather|Sandstorm|[upkeep]\n|-damage|p2a: Umbreon|15\/100|[from] Sandstorm\n|upkeep\n|turn|7\n|\n|t:|1699575874\n|move|p1a: Houndstone|Last Respects|p2a: Umbreon\n|-resisted|p2a: Umbreon\n|-damage|p2a: Umbreon|0 fnt\n|faint|p2a: Umbreon\n|\n|-weather|Sandstorm|[upkeep]\n|upkeep\n|\n|t:|1699575877\n|switch|p2a: Gastrodon|Gastrodon, M|94\/100\n|turn|8\n|\n|t:|1699575892\n|switch|p1a: Tyranitar|Tyranitar, M|95\/100\n|move|p2a: Gastrodon|Bitter Malice|p1a: Tyranitar\n|-resisted|p1a: Tyranitar\n|-damage|p1a: Tyranitar|87\/100\n|-unboost|p1a: Tyranitar|atk|1\n|\n|-weather|Sandstorm|[upkeep]\n|-damage|p2a: Gastrodon|88\/100|[from] Sandstorm\n|upkeep\n|turn|9\n|c|\u2606meliodono|can u tera ur zorua ?\n|c|\u2606meliodono|for my contribution\n|\n|t:|1699575913\n|switch|p2a: Gastrodon|Gastrodon, M|100\/100\n|move|p1a: Tyranitar|Sandstorm||[still]\n|-fail|p1a: Tyranitar\n|\n|-weather|none\n|upkeep\n|turn|10\n|\n|t:|1699575921\n|move|p1a: Tyranitar|Sandstorm|p1a: Tyranitar\n|-weather|Sandstorm\n|move|p2a: Gastrodon|Surf|p1a: Tyranitar\n|-supereffective|p1a: Tyranitar\n|-damage|p1a: Tyranitar|44\/100\n|\n|-weather|Sandstorm|[upkeep]\n|-sideend|p2: Challeneg|move: Light Screen\n|upkeep\n|turn|11\n|\n|t:|1699575926\n|switch|p1a: Houndstone|Houndstone, F|100\/100\n|move|p2a: Gastrodon|Surf|p1a: Houndstone\n|-damage|p1a: Houndstone|53\/100\n|\n|-weather|Sandstorm|[upkeep]\n|upkeep\n|turn|12\n|\n|t:|1699575930\n|switch|p2a: Gastrodon|Gastrodon, M|88\/100\n|move|p1a: Houndstone|Last Respects|p2a: Gastrodon\n|-immune|p2a: Gastrodon\n|\n|-weather|Sandstorm|[upkeep]\n|-damage|p2a: Gastrodon|82\/100|[from] Sandstorm\n|upkeep\n|turn|13\n|c|\u2606meliodono|tera\n|\n|t:|1699575942\n|switch|p2a: Breloom|Breloom, M|100\/100\n|-terastallize|p1a: Houndstone|Fighting\n|move|p1a: Houndstone|Last Respects|p2a: Breloom\n|-damage|p2a: Breloom|0 fnt\n|faint|p2a: Breloom\n|\n|-weather|Sandstorm|[upkeep]\n|upkeep\n|\n|t:|1699575951\n|switch|p2a: Gastrodon|Gastrodon, M|100\/100\n|turn|14\n|\n|t:|1699575957\n|move|p1a: Houndstone|Last Respects|p2a: Gastrodon\n|-damage|p2a: Gastrodon|0 fnt\n|faint|p2a: Gastrodon\n|\n|-weather|none\n|upkeep\n|\n|t:|1699575960\n|switch|p2a: Zorua|Zorua-Hisui, M|82\/100\n|turn|15\n|\n|t:|1699575964\n|move|p2a: Zorua|Nasty Plot|p2a: Zorua\n|-boost|p2a: Zorua|spa|2\n|move|p1a: Houndstone|Last Respects|p2a: Zorua\n|-immune|p2a: Zorua\n|\n|upkeep\n|turn|16\n|\n|t:|1699575969\n|move|p2a: Zorua|Nasty Plot|p2a: Zorua\n|-boost|p2a: Zorua|spa|2\n|move|p1a: Houndstone|Last Respects|p2a: Zorua\n|-immune|p2a: Zorua\n|\n|upkeep\n|turn|17\n|\n|t:|1699575974\n|switch|p1a: Tyranitar|Tyranitar, M|44\/100\n|-weather|Sandstorm|[from] ability: Sand Stream|[of] p1a: Tyranitar\n|move|p2a: Zorua|Nasty Plot|p2a: Zorua\n|-boost|p2a: Zorua|spa|2\n|\n|-weather|Sandstorm|[upkeep]\n|-damage|p2a: Zorua|76\/100|[from] Sandstorm\n|upkeep\n|turn|18\n|\n|t:|1699575977\n|switch|p1a: Houndstone|Houndstone, F, tera:Fighting|53\/100\n|move|p2a: Zorua|Bitter Malice|p1a: Houndstone\n|-damage|p1a: Houndstone|0 fnt\n|faint|p1a: Houndstone\n|\n|-weather|Sandstorm|[upkeep]\n|-damage|p2a: Zorua|70\/100|[from] Sandstorm\n|upkeep\n|\n|t:|1699575980\n|switch|p1a: Tyranitar|Tyranitar, M|44\/100\n|turn|19\n|c|\u2606Challeneg|do I win?\n|\n|t:|1699575984\n|move|p2a: Zorua|Bitter Malice|p1a: Tyranitar\n|-resisted|p1a: Tyranitar\n|-crit|p1a: Tyranitar\n|-damage|p1a: Tyranitar|0 fnt\n|faint|p1a: Tyranitar\n|\n|win|Challeneg\n|raw|meliodono's rating: 1069 &rarr; <strong>1048<\/strong><br \/>(-21 for losing)\n|raw|Challeneg's rating: 1056 &rarr; <strong>1089<\/strong><br \/>(+33 for winning)\n|l|\u2606meliodono\n|c|\u2606Challeneg|HOLY SHIT\n","uploadtime":1699575997,"views":5,"p1id":"meliodono","p2id":"challeneg","formatid":"gen9anythinggoes","rating":1048,"private":0,"password":""}