{"id":"gen9anythinggoes-1999775696","p1":"Khryce","p2":"Outdated Puppet","format":"[Gen 9] Anything Goes","log":"|j|\u2606Khryce\n|j|\u2606Outdated Puppet\n|t:|1701115607\n|gametype|singles\n|player|p1|Khryce|preschooler|1121\n|player|p2|Outdated Puppet|265|1208\n|teamsize|p1|6\n|teamsize|p2|6\n|gen|9\n|tier|[Gen 9] Anything Goes\n|rated|\n|rule|HP Percentage Mod: HP is shown in percentages\n|rule|Endless Battle Clause: Forcing endless battles is banned\n|clearpoke\n|poke|p1|Grafaiai, M|\n|poke|p1|Ursaluna, F|\n|poke|p1|Blissey, F|\n|poke|p1|Ambipom, M|\n|poke|p1|Zoroark-Hisui, F|\n|poke|p1|Ursaluna-Bloodmoon, M|\n|poke|p2|Clefable, F|\n|poke|p2|Toxapex, F|\n|poke|p2|Tyranitar, F|\n|poke|p2|Scovillain, M|\n|poke|p2|Quagsire, M|\n|poke|p2|Blissey, F|\n|teampreview\n|inactive|Battle timer is ON: inactive players will automatically lose when time's up. (requested by Khryce)\n|\n|t:|1701115621\n|start\n|switch|p1a: Grafaiai|Grafaiai, M|100\/100\n|switch|p2a: Scovillain|Scovillain, M|100\/100\n|turn|1\n|\n|t:|1701115628\n|move|p1a: Grafaiai|Parting Shot|p2a: Scovillain\n|-unboost|p2a: Scovillain|atk|1\n|-unboost|p2a: Scovillain|spa|1\n|\n|t:|1701115631\n|switch|p1a: Ursaluna|Ursaluna, F|100\/100|[from] Parting Shot\n|move|p2a: Scovillain|Substitute|p2a: Scovillain\n|-start|p2a: Scovillain|Substitute\n|-damage|p2a: Scovillain|76\/100\n|\n|-heal|p2a: Scovillain|82\/100|[from] item: Leftovers\n|-ability|p2a: Scovillain|Moody|boost\n|-boost|p2a: Scovillain|def|2\n|-unboost|p2a: Scovillain|spd|1\n|-status|p1a: Ursaluna|brn|[from] item: Flame Orb\n|upkeep\n|turn|2\n|\n|t:|1701115641\n|switch|p1a: Ursaluna|Ursaluna-Bloodmoon, M|100\/100\n|move|p2a: Scovillain|Leech Seed|p1a: Ursaluna\n|-start|p1a: Ursaluna|move: Leech Seed\n|\n|-heal|p2a: Scovillain|88\/100|[from] item: Leftovers\n|-damage|p1a: Ursaluna|88\/100|[from] Leech Seed|[of] p2a: Scovillain\n|-heal|p2a: Scovillain|97\/100|[silent]\n|-ability|p2a: Scovillain|Moody|boost\n|-boost|p2a: Scovillain|atk|2\n|-unboost|p2a: Scovillain|def|1\n|upkeep\n|turn|3\n|\n|t:|1701115654\n|move|p2a: Scovillain|Protect|p2a: Scovillain\n|-singleturn|p2a: Scovillain|Protect\n|move|p1a: Ursaluna|Calm Mind|p1a: Ursaluna\n|-boost|p1a: Ursaluna|spa|1\n|-boost|p1a: Ursaluna|spd|1\n|\n|-heal|p2a: Scovillain|100\/100|[from] item: Leftovers\n|-damage|p1a: Ursaluna|76\/100|[from] Leech Seed|[of] p2a: Scovillain\n|-ability|p2a: Scovillain|Moody|boost\n|-boost|p2a: Scovillain|spe|2\n|-unboost|p2a: Scovillain|spd|1\n|upkeep\n|turn|4\n|\n|t:|1701115664\n|move|p2a: Scovillain|Flamethrower|p1a: Ursaluna\n|-damage|p1a: Ursaluna|44\/100\n|replace|p1a: Zoroark|Zoroark-Hisui, F\n|-end|p1a: Zoroark|Illusion\n|move|p1a: Zoroark|Hyper Voice|p2a: Scovillain\n|-damage|p2a: Scovillain|0 fnt\n|faint|p2a: Scovillain\n|\n|upkeep\n|\n|t:|1701115675\n|switch|p2a: Toxapex|Toxapex, F|100\/100\n|turn|5\n|\n|t:|1701115678\n|switch|p1a: Grafaiai|Grafaiai, M|100\/100\n|move|p2a: Toxapex|Infestation|p1a: Grafaiai\n|-resisted|p1a: Grafaiai\n|-crit|p1a: Grafaiai\n|-damage|p1a: Grafaiai|98\/100\n|-activate|p1a: Grafaiai|move: Infestation|[of] p2a: Toxapex\n|\n|-damage|p1a: Grafaiai|85\/100|[from] move: Infestation|[partiallytrapped]\n|upkeep\n|turn|6\n|\n|t:|1701115685\n|move|p2a: Toxapex|Baneful Bunker|p2a: Toxapex\n|-singleturn|p2a: Toxapex|move: Protect\n|move|p1a: Grafaiai|Knock Off|p2a: Toxapex\n|-activate|p2a: Toxapex|move: Protect\n|\n|-damage|p1a: Grafaiai|73\/100|[from] move: Infestation|[partiallytrapped]\n|upkeep\n|turn|7\n|\n|t:|1701115694\n|switch|p2a: Blissey|Blissey, F|100\/100\n|move|p1a: Grafaiai|Knock Off|p2a: Blissey\n|-damage|p2a: Blissey|83\/100\n|-enditem|p2a: Blissey|Utility Umbrella|[from] move: Knock Off|[of] p1a: Grafaiai\n|\n|-end|p1a: Grafaiai|Infestation|[partiallytrapped]|[silent]\n|upkeep\n|turn|8\n|\n|t:|1701115701\n|switch|p1a: Ursaluna|Ursaluna, F|100\/100 brn\n|move|p2a: Blissey|Seismic Toss|p1a: Ursaluna\n|-damage|p1a: Ursaluna|79\/100 brn\n|\n|-damage|p1a: Ursaluna|73\/100 brn|[from] brn\n|upkeep\n|turn|9\n|\n|t:|1701115707\n|switch|p2a: Toxapex|Toxapex, F|100\/100\n|move|p1a: Ursaluna|Facade|p2a: Toxapex\n|-damage|p2a: Toxapex|27\/100\n|-damage|p1a: Ursaluna|56\/100 brn|[from] item: Rocky Helmet|[of] p2a: Toxapex\n|\n|-damage|p1a: Ursaluna|50\/100 brn|[from] brn\n|upkeep\n|turn|10\n|\n|t:|1701115715\n|move|p2a: Toxapex|Baneful Bunker|p2a: Toxapex\n|-singleturn|p2a: Toxapex|move: Protect\n|move|p1a: Ursaluna|Headlong Rush|p2a: Toxapex\n|-activate|p2a: Toxapex|move: Protect\n|\n|-damage|p1a: Ursaluna|44\/100 brn|[from] brn\n|upkeep\n|turn|11\n|\n|t:|1701115727\n|switch|p2a: Quagsire|Quagsire, M|100\/100\n|move|p1a: Ursaluna|Facade|p2a: Quagsire\n|-damage|p2a: Quagsire|0 fnt\n|faint|p2a: Quagsire\n|\n|-damage|p1a: Ursaluna|37\/100 brn|[from] brn\n|upkeep\n|\n|t:|1701115729\n|switch|p2a: Toxapex|Toxapex, F|61\/100\n|turn|12\n|\n|t:|1701115736\n|switch|p2a: Clefable|Clefable, F|100\/100\n|move|p1a: Ursaluna|Headlong Rush|p2a: Clefable\n|-damage|p2a: Clefable|24\/100\n|-unboost|p1a: Ursaluna|def|1\n|-unboost|p1a: Ursaluna|spd|1\n|\n|-heal|p2a: Clefable|30\/100|[from] item: Leftovers\n|-damage|p1a: Ursaluna|31\/100 brn|[from] brn\n|upkeep\n|turn|13\n|\n|t:|1701115747\n|move|p2a: Clefable|Protect|p2a: Clefable\n|-singleturn|p2a: Clefable|Protect\n|move|p1a: Ursaluna|Heavy Slam|p2a: Clefable\n|-activate|p2a: Clefable|move: Protect\n|\n|-heal|p2a: Clefable|36\/100|[from] item: Leftovers\n|-damage|p1a: Ursaluna|25\/100 brn|[from] brn\n|upkeep\n|turn|14\n|\n|t:|1701115756\n|switch|p2a: Toxapex|Toxapex, F|94\/100\n|move|p1a: Ursaluna|Facade|p2a: Toxapex\n|-damage|p2a: Toxapex|11\/100\n|-damage|p1a: Ursaluna|8\/100 brn|[from] item: Rocky Helmet|[of] p2a: Toxapex\n|\n|-damage|p1a: Ursaluna|2\/100 brn|[from] brn\n|upkeep\n|turn|15\n|\n|t:|1701115767\n|switch|p1a: Grafaiai|Grafaiai, M|73\/100\n|move|p2a: Toxapex|Baneful Bunker||[still]\n|-fail|p2a: Toxapex\n|\n|upkeep\n|turn|16\n|\n|t:|1701115771\n|move|p1a: Grafaiai|Knock Off|p2a: Toxapex\n|-damage|p2a: Toxapex|0 fnt\n|-damage|p1a: Grafaiai|56\/100|[from] item: Rocky Helmet|[of] p2a: Toxapex\n|-enditem|p2a: Toxapex|Rocky Helmet|[from] move: Knock Off|[of] p1a: Grafaiai\n|faint|p2a: Toxapex\n|\n|upkeep\n|\n|t:|1701115774\n|switch|p2a: Clefable|Clefable, F|36\/100\n|turn|17\n|\n|t:|1701115779\n|move|p1a: Grafaiai|Toxic|p2a: Clefable\n|-status|p2a: Clefable|tox\n|move|p2a: Clefable|Wish|p2a: Clefable\n|\n|-heal|p2a: Clefable|42\/100 tox|[from] item: Leftovers\n|-damage|p2a: Clefable|36\/100 tox|[from] psn\n|upkeep\n|turn|18\n|\n|t:|1701115785\n|move|p2a: Clefable|Protect|p2a: Clefable\n|-singleturn|p2a: Clefable|Protect\n|move|p1a: Grafaiai|Parting Shot|p2a: Clefable\n|-activate|p2a: Clefable|move: Protect\n|\n|-heal|p2a: Clefable|86\/100 tox|[from] move: Wish|[wisher] Clefable\n|-heal|p2a: Clefable|92\/100 tox|[from] item: Leftovers\n|-damage|p2a: Clefable|80\/100 tox|[from] psn\n|upkeep\n|turn|19\n|\n|t:|1701115794\n|switch|p2a: Blissey|Blissey, F|83\/100\n|move|p1a: Grafaiai|Parting Shot|p2a: Blissey\n|-unboost|p2a: Blissey|atk|1\n|-unboost|p2a: Blissey|spa|1\n|\n|t:|1701115799\n|switch|p1a: Ambipom|Ambipom, M|100\/100|[from] Parting Shot\n|\n|upkeep\n|turn|20\n|\n|t:|1701115803\n|-terastallize|p1a: Ambipom|Normal\n|move|p1a: Ambipom|Fake Out|p2a: Blissey\n|-damage|p2a: Blissey|41\/100\n|cant|p2a: Blissey|flinch\n|\n|upkeep\n|turn|21\n|\n|t:|1701115809\n|move|p1a: Ambipom|Double Hit|p2a: Blissey\n|-damage|p2a: Blissey|9\/100\n|-damage|p2a: Blissey|0 fnt\n|faint|p2a: Blissey\n|-hitcount|p2: Blissey|2\n|\n|upkeep\n|\n|t:|1701115813\n|switch|p2a: Tyranitar|Tyranitar, F|100\/100\n|-weather|Sandstorm|[from] ability: Sand Stream|[of] p2a: Tyranitar\n|turn|22\n|\n|t:|1701115828\n|switch|p1a: Grafaiai|Grafaiai, M|56\/100\n|move|p2a: Tyranitar|Avalanche|p1a: Grafaiai\n|-damage|p1a: Grafaiai|26\/100\n|\n|-weather|Sandstorm|[upkeep]\n|-damage|p1a: Grafaiai|20\/100|[from] Sandstorm\n|upkeep\n|turn|23\n|\n|t:|1701115840\n|move|p1a: Grafaiai|Toxic|p2a: Tyranitar\n|-hint|Since gen 7, Dark is immune to Prankster moves.\n|-immune|p2a: Tyranitar\n|move|p2a: Tyranitar|Earthquake|p1a: Grafaiai\n|-supereffective|p1a: Grafaiai\n|-damage|p1a: Grafaiai|0 fnt\n|faint|p1a: Grafaiai\n|\n|-weather|Sandstorm|[upkeep]\n|upkeep\n|\n|t:|1701115858\n|switch|p1a: Ursaluna|Ursaluna-Bloodmoon, M|100\/100\n|turn|24\n|\n|t:|1701115864\n|move|p1a: Ursaluna|Focus Blast|p2a: Tyranitar\n|-supereffective|p2a: Tyranitar\n|-damage|p2a: Tyranitar|23\/100\n|-unboost|p2a: Tyranitar|spd|1\n|move|p2a: Tyranitar|Avalanche|p1a: Ursaluna\n|-supereffective|p1a: Ursaluna\n|-damage|p1a: Ursaluna|35\/100\n|\n|-weather|Sandstorm|[upkeep]\n|upkeep\n|turn|25\n|\n|t:|1701115872\n|-terastallize|p2a: Tyranitar|Flying\n|move|p2a: Tyranitar|Foul Play|p1a: Ursaluna\n|-damage|p1a: Ursaluna|24\/100\n|move|p1a: Ursaluna|Earth Power|p2a: Tyranitar\n|-immune|p2a: Tyranitar\n|\n|-weather|Sandstorm|[upkeep]\n|-damage|p2a: Tyranitar|17\/100|[from] Sandstorm\n|upkeep\n|turn|26\n|\n|t:|1701115881\n|move|p2a: Tyranitar|Earthquake|p1a: Ursaluna\n|-damage|p1a: Ursaluna|0 fnt\n|faint|p1a: Ursaluna\n|\n|-weather|none\n|upkeep\n|\n|t:|1701115886\n|switch|p1a: Ambipom|Ambipom, M, tera:Normal|100\/100\n|turn|27\n|\n|t:|1701115890\n|move|p1a: Ambipom|Fake Out|p2a: Tyranitar\n|-damage|p2a: Tyranitar|0 fnt\n|faint|p2a: Tyranitar\n|\n|upkeep\n|\n|t:|1701115892\n|switch|p2a: Clefable|Clefable, F|80\/100 tox\n|turn|28\n|\n|t:|1701115896\n|move|p1a: Ambipom|Knock Off|p2a: Clefable\n|-resisted|p2a: Clefable\n|-damage|p2a: Clefable|68\/100 tox\n|-enditem|p2a: Clefable|Leftovers|[from] move: Knock Off|[of] p1a: Ambipom\n|move|p2a: Clefable|Calm Mind|p2a: Clefable\n|-boost|p2a: Clefable|spa|1\n|-boost|p2a: Clefable|spd|1\n|\n|-damage|p2a: Clefable|62\/100 tox|[from] psn\n|upkeep\n|turn|29\n|\n|t:|1701115903\n|move|p1a: Ambipom|Gunk Shot|p2a: Clefable\n|-supereffective|p2a: Clefable\n|-damage|p2a: Clefable|0 fnt\n|faint|p2a: Clefable\n|\n|win|Khryce\n|raw|Khryce's rating: 1121 &rarr; <strong>1152<\/strong><br \/>(+31 for winning)\n|raw|Outdated Puppet's rating: 1208 &rarr; <strong>1177<\/strong><br \/>(-31 for losing)\n|l|\u2606Outdated Puppet\n","uploadtime":1701115919,"views":1,"p1id":"khryce","p2id":"outdatedpuppet","formatid":"gen9anythinggoes","rating":1152,"private":0,"password":""}