{"id":"gen9anythinggoes-1977038609","p1":"mohamed_asfar","p2":"Kotalee","format":"[Gen 9] Anything Goes","log":"|j|\u2606mohamed_asfar\n|j|\u2606Kotalee\n|t:|1698364603\n|gametype|singles\n|player|p1|mohamed_asfar|giovanni|\n|player|p2|Kotalee|swimmer|\n|teamsize|p1|6\n|teamsize|p2|6\n|gen|9\n|tier|[Gen 9] Anything Goes\n|rule|HP Percentage Mod: HP is shown in percentages\n|rule|Endless Battle Clause: Forcing endless battles is banned\n|clearpoke\n|poke|p1|Samurott-Hisui, F|\n|poke|p1|Gliscor, M|\n|poke|p1|Scizor, F|\n|poke|p1|Lilligant-Hisui, F|\n|poke|p1|Farigiraf, F|\n|poke|p1|Toxtricity, F|\n|poke|p2|Articuno|\n|poke|p2|Chesnaught, M|\n|poke|p2|Great Tusk|\n|poke|p2|Armarouge, M|\n|poke|p2|Hydreigon, M|\n|poke|p2|Manaphy|\n|teampreview\n|inactive|Battle timer is ON: inactive players will automatically lose when time's up. (requested by mohamed_asfar)\n|inactiveoff|Battle timer is now OFF.\n|\n|t:|1698364627\n|start\n|switch|p1a: Gliscor|Gliscor, M|100\/100\n|switch|p2a: Breagle|Hydreigon, M|100\/100\n|turn|1\n|\n|t:|1698364667\n|move|p2a: Breagle|Dark Pulse|p1a: Gliscor\n|-damage|p1a: Gliscor|49\/100\n|move|p1a: Gliscor|Stealth Rock|p2a: Breagle\n|-sidestart|p2: Kotalee|move: Stealth Rock\n|\n|upkeep\n|turn|2\n|\n|t:|1698364703\n|switch|p1a: Samurott|Samurott-Hisui, F|100\/100\n|move|p2a: Breagle|Dark Pulse|p1a: Samurott\n|-resisted|p1a: Samurott\n|-damage|p1a: Samurott|74\/100\n|\n|upkeep\n|turn|3\n|\n|t:|1698364713\n|switch|p2a: RabbiD|Chesnaught, M|100\/100\n|-damage|p2a: RabbiD|95\/100|[from] Stealth Rock\n|move|p1a: Samurott|Sacred Sword|p2a: RabbiD\n|-damage|p2a: RabbiD|65\/100\n|-damage|p1a: Samurott|58\/100|[from] item: Rocky Helmet|[of] p2a: RabbiD\n|\n|upkeep\n|turn|4\n|\n|t:|1698364751\n|switch|p1a: Scizor|Scizor, F|100\/100\n|move|p2a: RabbiD|Spikes|p1a: Scizor\n|-sidestart|p1: mohamed_asfar|Spikes\n|\n|upkeep\n|turn|5\n|\n|t:|1698364788\n|switch|p2a: YEllow RoadMan|Armarouge, M|100\/100\n|move|p1a: Scizor|Aerial Ace|p2a: YEllow RoadMan\n|-damage|p2a: YEllow RoadMan|74\/100\n|-ability|p2a: YEllow RoadMan|Weak Armor|boost\n|-unboost|p2a: YEllow RoadMan|def|1\n|-boost|p2a: YEllow RoadMan|spe|2\n|\n|upkeep\n|turn|6\n|\n|t:|1698364838\n|switch|p1a: Gliscor|Gliscor, M|49\/100\n|move|p2a: YEllow RoadMan|Armor Cannon|p1a: Gliscor\n|-damage|p1a: Gliscor|0 fnt\n|-unboost|p2a: YEllow RoadMan|def|1\n|-unboost|p2a: YEllow RoadMan|spd|1\n|faint|p1a: Gliscor\n|\n|upkeep\n|\n|t:|1698364865\n|switch|p1a: Farigiraf|Farigiraf, F|100\/100\n|-damage|p1a: Farigiraf|88\/100|[from] Spikes\n|turn|7\n|\n|t:|1698364903\n|switch|p2a: Manny|Great Tusk|100\/100\n|-damage|p2a: Manny|98\/100|[from] Stealth Rock\n|-enditem|p2a: Manny|Booster Energy\n|-activate|p2a: Manny|ability: Protosynthesis|[fromitem]\n|-start|p2a: Manny|protosynthesisatk\n|move|p1a: Farigiraf|Hyper Voice|p2a: Manny\n|-crit|p2a: Manny\n|-damage|p2a: Manny|20\/100\n|\n|upkeep\n|turn|8\n|\n|t:|1698364930\n|move|p2a: Manny|Earthquake|p1a: Farigiraf\n|-damage|p1a: Farigiraf|15\/100\n|-enditem|p1a: Farigiraf|Sitrus Berry|[eat]\n|-heal|p1a: Farigiraf|40\/100|[from] item: Sitrus Berry\n|move|p1a: Farigiraf|Hyper Voice|p2a: Manny\n|-damage|p2a: Manny|0 fnt\n|faint|p2a: Manny\n|-end|p2a: Manny|Protosynthesis|[silent]\n|\n|upkeep\n|j| frog daddy 224\n|\n|t:|1698364943\n|switch|p2a: Breagle|Hydreigon, M|100\/100\n|-damage|p2a: Breagle|88\/100|[from] Stealth Rock\n|turn|9\n|\n|t:|1698364955\n|move|p2a: Breagle|Draco Meteor|p1a: Farigiraf\n|-damage|p1a: Farigiraf|0 fnt\n|-unboost|p2a: Breagle|spa|2\n|faint|p1a: Farigiraf\n|\n|upkeep\n|\n|t:|1698364972\n|switch|p1a: Scizor|Scizor, F|100\/100\n|turn|10\n|\n|t:|1698365017\n|switch|p2a: YEllow RoadMan|Armarouge, M|74\/100\n|move|p1a: Scizor|U-turn|p2a: YEllow RoadMan\n|-damage|p2a: YEllow RoadMan|42\/100\n|-ability|p2a: YEllow RoadMan|Weak Armor|boost\n|-unboost|p2a: YEllow RoadMan|def|1\n|-boost|p2a: YEllow RoadMan|spe|2\n|\n|t:|1698365037\n|switch|p1a: Samurott|Samurott-Hisui, F|58\/100|[from] U-turn\n|-damage|p1a: Samurott|45\/100|[from] Spikes\n|\n|upkeep\n|turn|11\n|\n|t:|1698365072\n|switch|p2a: RabbiD|Chesnaught, M|65\/100\n|-damage|p2a: RabbiD|59\/100|[from] Stealth Rock\n|move|p1a: Samurott|Ceaseless Edge|p2a: RabbiD\n|-resisted|p2a: RabbiD\n|-damage|p2a: RabbiD|44\/100\n|-damage|p1a: Samurott|29\/100|[from] item: Rocky Helmet|[of] p2a: RabbiD\n|-sidestart|p2: Kotalee|Spikes\n|\n|upkeep\n|turn|12\n|\n|t:|1698365101\n|switch|p1a: Toxtricity|Toxtricity, F|100\/100\n|-damage|p1a: Toxtricity|88\/100|[from] Spikes\n|move|p2a: RabbiD|Wood Hammer|p1a: Toxtricity\n|-resisted|p1a: Toxtricity\n|-damage|p1a: Toxtricity|52\/100\n|-damage|p2a: RabbiD|33\/100|[from] Recoil\n|\n|upkeep\n|turn|13\n|\n|t:|1698365141\n|move|p1a: Toxtricity|Toxic Spikes|p2a: RabbiD\n|-sidestart|p2: Kotalee|move: Toxic Spikes\n|move|p2a: RabbiD|Drain Punch|p1a: Toxtricity\n|-resisted|p1a: Toxtricity\n|-damage|p1a: Toxtricity|31\/100\n|-heal|p2a: RabbiD|42\/100|[from] drain|[of] p1a: Toxtricity\n|\n|upkeep\n|turn|14\n|\n|t:|1698365151\n|move|p1a: Toxtricity|Toxic Spikes|p2a: RabbiD\n|-sidestart|p2: Kotalee|move: Toxic Spikes\n|move|p2a: RabbiD|Synthesis|p2a: RabbiD\n|-heal|p2a: RabbiD|92\/100\n|\n|upkeep\n|turn|15\n|\n|t:|1698365162\n|move|p1a: Toxtricity|Shock Wave|p2a: RabbiD\n|-resisted|p2a: RabbiD\n|-damage|p2a: RabbiD|67\/100\n|move|p2a: RabbiD|Wood Hammer|p1a: Toxtricity\n|-resisted|p1a: Toxtricity\n|-damage|p1a: Toxtricity|0 fnt\n|faint|p1a: Toxtricity\n|-damage|p2a: RabbiD|58\/100|[from] Recoil\n|\n|upkeep\n|\n|t:|1698365168\n|switch|p1a: Scizor|Scizor, F|100\/100\n|turn|16\n|\n|t:|1698365196\n|move|p1a: Scizor|Aerial Ace|p2a: RabbiD\n|-supereffective|p2a: RabbiD\n|-damage|p2a: RabbiD|0 fnt\n|-damage|p1a: Scizor|84\/100|[from] item: Rocky Helmet|[of] p2a: RabbiD\n|faint|p2a: RabbiD\n|\n|upkeep\n|\n|t:|1698365206\n|switch|p2a: YEllow RoadMan|Armarouge, M|42\/100\n|turn|17\n|\n|t:|1698365231\n|switch|p1a: Samurott|Samurott-Hisui, F|29\/100\n|-damage|p1a: Samurott|16\/100|[from] Spikes\n|move|p2a: YEllow RoadMan|Armor Cannon|p1a: Samurott\n|-resisted|p1a: Samurott\n|-damage|p1a: Samurott|0 fnt\n|-unboost|p2a: YEllow RoadMan|def|1\n|-unboost|p2a: YEllow RoadMan|spd|1\n|faint|p1a: Samurott\n|\n|upkeep\n|\n|t:|1698365239\n|switch|p1a: Lilligant|Lilligant-Hisui, F|100\/100\n|-damage|p1a: Lilligant|88\/100|[from] Spikes\n|turn|18\n|\n|t:|1698365255\n|move|p1a: Lilligant|Substitute|p1a: Lilligant\n|-start|p1a: Lilligant|Substitute\n|-damage|p1a: Lilligant|63\/100\n|move|p2a: YEllow RoadMan|Armor Cannon|p1a: Lilligant\n|-supereffective|p1a: Lilligant\n|-end|p1a: Lilligant|Substitute\n|-unboost|p2a: YEllow RoadMan|def|1\n|-unboost|p2a: YEllow RoadMan|spd|1\n|\n|upkeep\n|turn|19\n|\n|t:|1698365281\n|move|p1a: Lilligant|Leaf Blade|p2a: YEllow RoadMan|[miss]\n|-miss|p1a: Lilligant|p2a: YEllow RoadMan\n|-enditem|p1a: Lilligant|Blunder Policy\n|-boost|p1a: Lilligant|spe|2\n|move|p2a: YEllow RoadMan|Armor Cannon|p1a: Lilligant\n|-supereffective|p1a: Lilligant\n|-damage|p1a: Lilligant|0 fnt\n|-unboost|p2a: YEllow RoadMan|def|1\n|-unboost|p2a: YEllow RoadMan|spd|1\n|faint|p1a: Lilligant\n|\n|upkeep\n|\n|t:|1698365289\n|switch|p1a: Scizor|Scizor, F|84\/100\n|turn|20\n|\n|t:|1698365299\n|move|p1a: Scizor|Bullet Punch|p2a: YEllow RoadMan\n|-resisted|p2a: YEllow RoadMan\n|-damage|p2a: YEllow RoadMan|9\/100\n|-ability|p2a: YEllow RoadMan|Weak Armor|boost\n|-unboost|p2a: YEllow RoadMan|def|1\n|-boost|p2a: YEllow RoadMan|spe|2\n|move|p2a: YEllow RoadMan|Armor Cannon|p1a: Scizor\n|-supereffective|p1a: Scizor\n|-damage|p1a: Scizor|0 fnt\n|-unboost|p2a: YEllow RoadMan|def|1\n|-unboost|p2a: YEllow RoadMan|spd|1\n|faint|p1a: Scizor\n|\n|win|Kotalee\n|l|\u2606mohamed_asfar\n","uploadtime":1698365322,"views":10,"p1id":"mohamedasfar","p2id":"kotalee","formatid":"gen9anythinggoes","rating":0,"private":0,"password":""}