{"id":"gen9anythinggoes-1981474785","p1":"WafflyWaff","p2":"NotAtAllPockchan","format":"[Gen 9] Anything Goes","log":"|j|\u2606WafflyWaff\n|j|\u2606NotAtAllPockchan\n|t:|1698902668\n|gametype|singles\n|player|p1|WafflyWaff|265|1253\n|player|p2|NotAtAllPockchan|cynthia-masters|1432\n|teamsize|p1|6\n|teamsize|p2|6\n|gen|9\n|tier|[Gen 9] Anything Goes\n|rated|\n|rule|HP Percentage Mod: HP is shown in percentages\n|rule|Endless Battle Clause: Forcing endless battles is banned\n|clearpoke\n|poke|p1|Calyrex-Shadow|\n|poke|p1|Ursaluna-Bloodmoon, M|\n|poke|p1|Ditto|\n|poke|p1|Sneasler, M|\n|poke|p1|Haxorus, F|\n|poke|p1|Gardevoir, F|\n|poke|p2|Calyrex-Shadow|\n|poke|p2|Zacian-*|\n|poke|p2|Groudon|\n|poke|p2|Arceus|\n|poke|p2|Chien-Pao|\n|poke|p2|Ditto|\n|teampreview\n|inactive|Battle timer is ON: inactive players will automatically lose when time's up. (requested by NotAtAllPockchan)\n|inactive|WafflyWaff also wants the timer to be on.\n|\n|t:|1698902673\n|start\n|switch|p1a: \ud83e\udd75|Gardevoir, F, shiny|100\/100\n|switch|p2a: Groudon|Groudon|100\/100\n|-weather|SunnyDay|[from] ability: Drought|[of] p1a: \ud83e\udd75\n|-ability|p1a: \ud83e\udd75|Drought|[from] ability: Trace|[of] p2a: Groudon\n|turn|1\n|c|\u2606NotAtAllPockchan|ayo\n|\n|t:|1698902682\n|move|p1a: \ud83e\udd75|Disable||[still]\n|-fail|p1a: \ud83e\udd75\n|move|p2a: Groudon|Stealth Rock|p1a: \ud83e\udd75\n|-sidestart|p1: WafflyWaff|move: Stealth Rock\n|\n|-weather|SunnyDay|[upkeep]\n|upkeep\n|turn|2\n|\n|t:|1698902687\n|move|p1a: \ud83e\udd75|Encore|p2a: Groudon\n|-start|p2a: Groudon|Encore\n|-enditem|p2a: Groudon|Mental Herb\n|-end|p2a: Groudon|Encore\n|move|p2a: Groudon|Thunder Wave|p1a: \ud83e\udd75\n|-status|p1a: \ud83e\udd75|par\n|\n|-weather|SunnyDay|[upkeep]\n|upkeep\n|turn|3\n|\n|t:|1698902694\n|move|p2a: Groudon|Spikes|p1a: \ud83e\udd75\n|-sidestart|p1: WafflyWaff|Spikes\n|move|p1a: \ud83e\udd75|Encore|p2a: Groudon\n|-start|p2a: Groudon|Encore\n|\n|-weather|SunnyDay|[upkeep]\n|upkeep\n|turn|4\n|\n|t:|1698902698\n|move|p2a: Groudon|Spikes|p1a: \ud83e\udd75\n|-sidestart|p1: WafflyWaff|Spikes\n|move|p1a: \ud83e\udd75|Grass Knot|p2a: Groudon\n|-supereffective|p2a: Groudon\n|-damage|p2a: Groudon|29\/100\n|\n|-weather|SunnyDay|[upkeep]\n|upkeep\n|turn|5\n|\n|t:|1698902702\n|move|p2a: Groudon|Spikes|p1a: \ud83e\udd75\n|-sidestart|p1: WafflyWaff|Spikes\n|cant|p1a: \ud83e\udd75|par\n|\n|-weather|none\n|upkeep\n|turn|6\n|\n|t:|1698902706\n|move|p2a: Groudon|Spikes||[still]\n|-fail|p2a: Groudon\n|move|p1a: \ud83e\udd75|Grass Knot|p2a: Groudon\n|-supereffective|p2a: Groudon\n|-damage|p2a: Groudon|0 fnt\n|faint|p2a: Groudon\n|\n|upkeep\n|\n|t:|1698902711\n|switch|p2a: Mop|Calyrex-Shadow|100\/100\n|-ability|p2a: Mop|As One\n|-ability|p2a: Mop|Unnerve\n|turn|7\n|c|\u2606WafflyWaff|Gardevoir fine as hell\n|\n|t:|1698902719\n|move|p2a: Mop|Astral Barrage|p1a: \ud83e\udd75\n|-supereffective|p1a: \ud83e\udd75\n|-damage|p1a: \ud83e\udd75|0 fnt\n|faint|p1a: \ud83e\udd75\n|-ability|p2a: Mop|Grim Neigh|boost\n|-boost|p2a: Mop|spa|1\n|\n|upkeep\n|\n|t:|1698902728\n|switch|p1a: Booger|Ditto|100\/100\n|-damage|p1a: Booger|88\/100|[from] Stealth Rock\n|-damage|p1a: Booger|63\/100|[from] Spikes\n|-transform|p1a: Booger|p2a: Mop|[from] ability: Imposter\n|turn|8\n|c|\u2606NotAtAllPockchan|No comment but I respect your opinion\n|\n|t:|1698902739\n|switch|p2a: Arceus|Arceus|100\/100\n|move|p1a: Booger|Astral Barrage|p2a: Arceus\n|-immune|p2a: Arceus\n|\n|upkeep\n|turn|9\n|\n|t:|1698902746\n|switch|p1a: Freddy Fazbear|Ursaluna-Bloodmoon, M|100\/100\n|-damage|p1a: Freddy Fazbear|94\/100|[from] Stealth Rock\n|-damage|p1a: Freddy Fazbear|70\/100|[from] Spikes\n|move|p2a: Arceus|Dragon Claw|p1a: Freddy Fazbear\n|-damage|p1a: Freddy Fazbear|42\/100\n|\n|upkeep\n|turn|10\n|\n|t:|1698902753\n|move|p2a: Arceus|Dragon Claw|p1a: Freddy Fazbear\n|-damage|p1a: Freddy Fazbear|13\/100\n|move|p1a: Freddy Fazbear|Moonlight|p1a: Freddy Fazbear\n|-heal|p1a: Freddy Fazbear|63\/100\n|\n|upkeep\n|turn|11\n|c|\u2606WafflyWaff|Ty\n|c|\u2606NotAtAllPockchan|I accidentally put dragon claw instead\n|c|\u2606WafflyWaff|Now prepare yo lose\n|\n|t:|1698902775\n|switch|p2a: Zacian|Zacian-Crowned|100\/100\n|-ability|p2a: Zacian|Intrepid Sword|boost\n|-boost|p2a: Zacian|atk|1\n|-terastallize|p1a: Freddy Fazbear|Fairy\n|move|p1a: Freddy Fazbear|Calm Mind|p1a: Freddy Fazbear\n|-boost|p1a: Freddy Fazbear|spa|1\n|-boost|p1a: Freddy Fazbear|spd|1\n|\n|upkeep\n|turn|12\n|\n|t:|1698902782\n|move|p2a: Zacian|Behemoth Blade|p1a: Freddy Fazbear\n|-supereffective|p1a: Freddy Fazbear\n|-damage|p1a: Freddy Fazbear|0 fnt\n|faint|p1a: Freddy Fazbear\n|\n|upkeep\n|c|\u2606WafflyWaff|Uhh\n|c|\u2606WafflyWaff|Blud just predicted the terra\n|\n|t:|1698902796\n|switch|p1a: Booger|Ditto|63\/100\n|-damage|p1a: Booger|51\/100|[from] Stealth Rock\n|-damage|p1a: Booger|26\/100|[from] Spikes\n|-transform|p1a: Booger|p2a: Zacian|[from] ability: Imposter\n|-ability|p1a: Booger|Intrepid Sword|boost\n|-boost|p1a: Booger|atk|1\n|turn|13\n|\n|t:|1698902801\n|move|p1a: Booger|Behemoth Blade|p2a: Zacian\n|-damage|p2a: Zacian|0 fnt\n|faint|p2a: Zacian\n|\n|upkeep\n|c|\u2606NotAtAllPockchan|choice scarf ditto ;-;\n|\n|t:|1698902813\n|switch|p2a: Chien-Pao|Chien-Pao|100\/100\n|-ability|p2a: Chien-Pao|Sword of Ruin\n|turn|14\n|\n|t:|1698902815\n|move|p2a: Chien-Pao|Sucker Punch|p1a: Booger\n|-resisted|p1a: Booger\n|-damage|p1a: Booger|5\/100\n|move|p1a: Booger|Behemoth Blade|p2a: Chien-Pao\n|-supereffective|p2a: Chien-Pao\n|-enditem|p2a: Chien-Pao|Focus Sash\n|-damage|p2a: Chien-Pao|1\/100\n|\n|upkeep\n|turn|15\n|\n|t:|1698902818\n|move|p2a: Chien-Pao|Sucker Punch|p1a: Booger\n|-resisted|p1a: Booger\n|-crit|p1a: Booger\n|-damage|p1a: Booger|0 fnt\n|faint|p1a: Booger\n|\n|upkeep\n|\n|t:|1698902824\n|switch|p1a: Sneasler|Sneasler, M|100\/100\n|-damage|p1a: Sneasler|95\/100|[from] Stealth Rock\n|-damage|p1a: Sneasler|70\/100|[from] Spikes\n|turn|16\n|\n|t:|1698902827\n|move|p1a: Sneasler|Fake Out|p2a: Chien-Pao\n|-enditem|p1a: Sneasler|Normal Gem|[from] gem\n|-damage|p2a: Chien-Pao|0 fnt\n|faint|p2a: Chien-Pao\n|\n|upkeep\n|\n|t:|1698902836\n|switch|p2a: Mop|Calyrex-Shadow|100\/100\n|-ability|p2a: Mop|As One\n|-ability|p2a: Mop|Unnerve\n|turn|17\n|\n|t:|1698902839\n|-terastallize|p2a: Mop|Ghost\n|move|p1a: Sneasler|Acrobatics|p2a: Mop\n|-damage|p2a: Mop|54\/100\n|move|p2a: Mop|Astral Barrage|p1a: Sneasler\n|-damage|p1a: Sneasler|0 fnt\n|faint|p1a: Sneasler\n|-ability|p2a: Mop|Grim Neigh|boost\n|-boost|p2a: Mop|spa|1\n|\n|upkeep\n|\n|t:|1698902844\n|switch|p1a: Janitor|Calyrex-Shadow|100\/100\n|-ability|p1a: Janitor|As One\n|-ability|p1a: Janitor|Unnerve\n|-damage|p1a: Janitor|88\/100|[from] Stealth Rock\n|-damage|p1a: Janitor|63\/100|[from] Spikes\n|turn|18\n|\n|t:|1698902846\n|move|p1a: Janitor|Astral Barrage|p2a: Mop\n|-supereffective|p2a: Mop\n|-damage|p2a: Mop|0 fnt\n|faint|p2a: Mop\n|-ability|p1a: Janitor|Grim Neigh|boost\n|-boost|p1a: Janitor|spa|1\n|\n|upkeep\n|\n|t:|1698902850\n|switch|p2a: Ditto|Ditto|100\/100\n|-transform|p2a: Ditto|p1a: Janitor|[from] ability: Imposter\n|turn|19\n|\n|t:|1698902855\n|move|p2a: Ditto|Astral Barrage|p1a: Janitor\n|-supereffective|p1a: Janitor\n|-damage|p1a: Janitor|0 fnt\n|faint|p1a: Janitor\n|-ability|p2a: Ditto|Grim Neigh|boost\n|-boost|p2a: Ditto|spa|1\n|\n|upkeep\n|\n|t:|1698902859\n|switch|p1a: Hax|Haxorus, F, shiny|100\/100\n|-damage|p1a: Hax|88\/100|[from] Stealth Rock\n|-damage|p1a: Hax|63\/100|[from] Spikes\n|turn|20\n|\n|t:|1698902861\n|move|p2a: Ditto|Astral Barrage|p1a: Hax\n|-damage|p1a: Hax|0 fnt\n|faint|p1a: Hax\n|\n|win|NotAtAllPockchan\n|raw|WafflyWaff's rating: 1253 &rarr; <strong>1240<\/strong><br \/>(-13 for losing)\n|raw|NotAtAllPockchan's rating: 1432 &rarr; <strong>1443<\/strong><br \/>(+11 for winning)\n|c|\u2606WafflyWaff|Again\n|c|\u2606NotAtAllPockchan|gg\n|c|\u2606NotAtAllPockchan|ok\n|c|\u2606WafflyWaff|I will clap\n|l|\u2606WafflyWaff\n|c|\u2606NotAtAllPockchan|ok ok\n|l|\u2606NotAtAllPockchan\n|j|\u2606NotAtAllPockchan\n|player|p2|NotAtAllPockchan|cynthia-masters\n","uploadtime":1698903158,"views":9,"p1id":"wafflywaff","p2id":"notatallpockchan","formatid":"gen9anythinggoes","rating":1240,"private":0,"password":""}