{"id":"gen9anythinggoes-1994242547","p1":"HankyMafugga","p2":"abonniertChaotix","format":"[Gen 9] Anything Goes","log":"|j|\u2606HankyMafugga\n|j|\u2606abonniertChaotix\n|t:|1700422638\n|gametype|singles\n|player|p1|HankyMafugga|crasherwake|\n|player|p2|abonniertChaotix|whitney|\n|teamsize|p1|6\n|teamsize|p2|6\n|gen|9\n|tier|[Gen 9] Anything Goes\n|rule|HP Percentage Mod: HP is shown in percentages\n|rule|Endless Battle Clause: Forcing endless battles is banned\n|clearpoke\n|poke|p1|Great Tusk|\n|poke|p1|Ninetales, F|\n|poke|p1|Gholdengo|\n|poke|p1|Dudunsparce-*, F|\n|poke|p1|Crawdaunt, M|\n|poke|p1|Scream Tail|\n|poke|p2|Dragapult, M|\n|poke|p2|Empoleon, F|\n|poke|p2|Meowscarada, M|\n|poke|p2|Zapdos-Galar|\n|poke|p2|Sylveon, F|\n|poke|p2|Ursaring, M|\n|teampreview\n|\n|t:|1700422687\n|start\n|switch|p1a: Crawdaunt|Crawdaunt, M|100\/100\n|switch|p2a: Meowscarada|Meowscarada, M|100\/100\n|turn|1\n|\n|t:|1700422710\n|move|p2a: Meowscarada|Knock Off|p1a: Crawdaunt\n|-resisted|p1a: Crawdaunt\n|-damage|p1a: Crawdaunt|66\/100\n|-enditem|p1a: Crawdaunt|Focus Sash|[from] move: Knock Off|[of] p2a: Meowscarada\n|move|p1a: Crawdaunt|Knock Off|p2a: Meowscarada\n|-resisted|p2a: Meowscarada\n|-crit|p2a: Meowscarada\n|-damage|p2a: Meowscarada|17\/100\n|-enditem|p2a: Meowscarada|Focus Sash|[from] move: Knock Off|[of] p1a: Crawdaunt\n|\n|upkeep\n|turn|2\n|\n|t:|1700422731\n|move|p1a: Crawdaunt|Aqua Jet|p2a: Meowscarada\n|-resisted|p2a: Meowscarada\n|-damage|p2a: Meowscarada|0 fnt\n|faint|p2a: Meowscarada\n|\n|upkeep\n|\n|t:|1700422740\n|switch|p2a: Zapdos|Zapdos-Galar|100\/100\n|turn|3\n|\n|t:|1700422748\n|move|p1a: Crawdaunt|Aqua Jet|p2a: Zapdos\n|-damage|p2a: Zapdos|73\/100\n|move|p2a: Zapdos|U-turn|p1a: Crawdaunt\n|-supereffective|p1a: Crawdaunt\n|-damage|p1a: Crawdaunt|5\/100\n|\n|t:|1700422754\n|switch|p2a: Dragapult|Dragapult, M|100\/100|[from] U-turn\n|\n|upkeep\n|turn|4\n|\n|t:|1700422759\n|move|p1a: Crawdaunt|Aqua Jet|p2a: Dragapult\n|-resisted|p2a: Dragapult\n|-damage|p2a: Dragapult|79\/100\n|move|p2a: Dragapult|U-turn|p1a: Crawdaunt\n|-supereffective|p1a: Crawdaunt\n|-damage|p1a: Crawdaunt|0 fnt\n|faint|p1a: Crawdaunt\n|-damage|p2a: Dragapult|69\/100|[from] item: Life Orb\n|\n|t:|1700422780\n|switch|p2a: Empoleon|Empoleon, F|100\/100|[from] U-turn\n|\n|upkeep\n|\n|t:|1700422834\n|switch|p1a: Gholdengo|Gholdengo|100\/100\n|turn|5\n|\n|t:|1700422838\n|move|p1a: Gholdengo|Thunderbolt|p2a: Empoleon\n|-supereffective|p2a: Empoleon\n|-damage|p2a: Empoleon|60\/100\n|move|p2a: Empoleon|Knock Off|p1a: Gholdengo\n|-supereffective|p1a: Gholdengo\n|-enditem|p1a: Gholdengo|Colbur Berry|[eat]\n|-enditem|p1a: Gholdengo|Colbur Berry|[weaken]\n|-damage|p1a: Gholdengo|85\/100\n|\n|upkeep\n|turn|6\n|\n|t:|1700422868\n|move|p1a: Gholdengo|Thunderbolt|p2a: Empoleon\n|-supereffective|p2a: Empoleon\n|-damage|p2a: Empoleon|19\/100\n|move|p2a: Empoleon|Roost|p2a: Empoleon\n|-heal|p2a: Empoleon|69\/100\n|-singleturn|p2a: Empoleon|move: Roost\n|\n|upkeep\n|turn|7\n|\n|t:|1700422879\n|move|p1a: Gholdengo|Shadow Ball|p2a: Empoleon\n|-damage|p2a: Empoleon|43\/100\n|move|p2a: Empoleon|Roost|p2a: Empoleon\n|-heal|p2a: Empoleon|93\/100\n|-singleturn|p2a: Empoleon|move: Roost\n|\n|upkeep\n|turn|8\n|\n|t:|1700422887\n|move|p1a: Gholdengo|Thunderbolt|p2a: Empoleon\n|-supereffective|p2a: Empoleon\n|-damage|p2a: Empoleon|55\/100\n|-status|p2a: Empoleon|par\n|move|p2a: Empoleon|Flip Turn|p1a: Gholdengo\n|-damage|p1a: Gholdengo|71\/100\n|\n|t:|1700422891\n|switch|p2a: Dragapult|Dragapult, M|69\/100|[from] Flip Turn\n|\n|upkeep\n|turn|9\n|\n|t:|1700422914\n|switch|p1a: Dudunsparce|Dudunsparce, F, shiny|100\/100\n|move|p2a: Dragapult|Will-O-Wisp|p1a: Dudunsparce|[miss]\n|-miss|p2a: Dragapult|p1a: Dudunsparce\n|\n|upkeep\n|turn|10\n|\n|t:|1700422929\n|switch|p2a: Empoleon|Empoleon, F|55\/100 par\n|move|p1a: Dudunsparce|Calm Mind|p1a: Dudunsparce\n|-boost|p1a: Dudunsparce|spa|1\n|-boost|p1a: Dudunsparce|spd|1\n|\n|upkeep\n|turn|11\n|\n|t:|1700422997\n|move|p1a: Dudunsparce|Calm Mind|p1a: Dudunsparce\n|-boost|p1a: Dudunsparce|spa|1\n|-boost|p1a: Dudunsparce|spd|1\n|move|p2a: Empoleon|Knock Off|p1a: Dudunsparce\n|-damage|p1a: Dudunsparce|84\/100\n|-ability|p1a: Dudunsparce|Rattled|boost\n|-boost|p1a: Dudunsparce|spe|1\n|-enditem|p1a: Dudunsparce|Heavy-Duty Boots|[from] move: Knock Off|[of] p2a: Empoleon\n|\n|upkeep\n|turn|12\n|\n|t:|1700423038\n|move|p1a: Dudunsparce|Boomburst|p2a: Empoleon\n|-resisted|p2a: Empoleon\n|-damage|p2a: Empoleon|25\/100 par\n|move|p2a: Empoleon|Roost|p2a: Empoleon\n|-heal|p2a: Empoleon|75\/100 par\n|-singleturn|p2a: Empoleon|move: Roost\n|\n|upkeep\n|turn|13\n|\n|t:|1700423050\n|move|p1a: Dudunsparce|Boomburst|p2a: Empoleon\n|-resisted|p2a: Empoleon\n|-damage|p2a: Empoleon|49\/100 par\n|move|p2a: Empoleon|Flip Turn|p1a: Dudunsparce\n|-crit|p1a: Dudunsparce\n|-damage|p1a: Dudunsparce|60\/100\n|\n|t:|1700423128\n|switch|p2a: Zapdos|Zapdos-Galar|73\/100|[from] Flip Turn\n|\n|-heal|p2a: Zapdos|80\/100|[from] item: Leftovers\n|upkeep\n|turn|14\n|\n|t:|1700423140\n|-terastallize|p1a: Dudunsparce|Poison\n|move|p2a: Zapdos|U-turn|p1a: Dudunsparce\n|-resisted|p1a: Dudunsparce\n|-damage|p1a: Dudunsparce|52\/100\n|-ability|p1a: Dudunsparce|Rattled|boost\n|-boost|p1a: Dudunsparce|spe|1\n|\n|t:|1700423148\n|switch|p2a: Sylveon|Sylveon, F|100\/100|[from] U-turn\n|move|p1a: Dudunsparce|Boomburst|p2a: Sylveon\n|-damage|p2a: Sylveon|53\/100\n|\n|-heal|p2a: Sylveon|59\/100|[from] item: Leftovers\n|upkeep\n|turn|15\n|\n|t:|1700423155\n|move|p1a: Dudunsparce|Roost|p1a: Dudunsparce\n|-heal|p1a: Dudunsparce|100\/100\n|move|p2a: Sylveon|Wish|p2a: Sylveon\n|\n|-heal|p2a: Sylveon|65\/100|[from] item: Leftovers\n|upkeep\n|turn|16\n|\n|t:|1700423175\n|switch|p2a: Ursaring|Ursaring, M|100\/100\n|move|p1a: Dudunsparce|Calm Mind|p1a: Dudunsparce\n|-boost|p1a: Dudunsparce|spa|1\n|-boost|p1a: Dudunsparce|spd|1\n|\n|upkeep\n|turn|17\n|\n|t:|1700423189\n|-terastallize|p2a: Ursaring|Ghost\n|move|p1a: Dudunsparce|Boomburst|p2a: Ursaring\n|-immune|p2a: Ursaring\n|move|p2a: Ursaring|High Horsepower|p1a: Dudunsparce\n|-supereffective|p1a: Dudunsparce\n|-damage|p1a: Dudunsparce|52\/100\n|\n|upkeep\n|turn|18\n|\n|t:|1700423198\n|move|p1a: Dudunsparce|Ice Beam|p2a: Ursaring\n|-crit|p2a: Ursaring\n|-damage|p2a: Ursaring|60\/100\n|move|p2a: Ursaring|High Horsepower|p1a: Dudunsparce\n|-supereffective|p1a: Dudunsparce\n|-damage|p1a: Dudunsparce|8\/100\n|\n|upkeep\n|turn|19\n|\n|t:|1700423208\n|move|p1a: Dudunsparce|Ice Beam|p2a: Ursaring\n|-damage|p2a: Ursaring|32\/100\n|move|p2a: Ursaring|High Horsepower|p1a: Dudunsparce\n|-supereffective|p1a: Dudunsparce\n|-damage|p1a: Dudunsparce|0 fnt\n|faint|p1a: Dudunsparce\n|\n|upkeep\n|\n|t:|1700423282\n|switch|p1a: Great Tusk|Great Tusk, shiny|100\/100\n|turn|20\n|\n|t:|1700423288\n|switch|p2a: Zapdos|Zapdos-Galar|80\/100\n|move|p1a: Great Tusk|Headlong Rush|p2a: Zapdos\n|-immune|p2a: Zapdos\n|\n|-heal|p2a: Zapdos|86\/100|[from] item: Leftovers\n|upkeep\n|turn|21\n|\n|t:|1700423334\n|move|p2a: Zapdos|Knock Off|p1a: Great Tusk\n|-resisted|p1a: Great Tusk\n|-damage|p1a: Great Tusk|91\/100\n|-enditem|p1a: Great Tusk|Assault Vest|[from] move: Knock Off|[of] p2a: Zapdos\n|move|p1a: Great Tusk|Ice Spinner|p2a: Zapdos\n|-supereffective|p2a: Zapdos\n|-damage|p2a: Zapdos|29\/100\n|\n|-heal|p2a: Zapdos|35\/100|[from] item: Leftovers\n|upkeep\n|turn|22\n|\n|t:|1700423387\n|-end|p1a: Great Tusk|Protosynthesis|[silent]\n|switch|p1a: Gholdengo|Gholdengo|71\/100\n|move|p2a: Zapdos|Drill Peck|p1a: Gholdengo\n|-resisted|p1a: Gholdengo\n|-damage|p1a: Gholdengo|56\/100\n|\n|-heal|p2a: Zapdos|41\/100|[from] item: Leftovers\n|upkeep\n|turn|23\n|\n|t:|1700423399\n|switch|p2a: Empoleon|Empoleon, F|49\/100 par\n|move|p1a: Gholdengo|Recover|p1a: Gholdengo\n|-heal|p1a: Gholdengo|100\/100\n|\n|upkeep\n|turn|24\n|\n|t:|1700423405\n|move|p1a: Gholdengo|Thunderbolt|p2a: Empoleon\n|-supereffective|p2a: Empoleon\n|-damage|p2a: Empoleon|10\/100 par\n|move|p2a: Empoleon|Surf|p1a: Gholdengo\n|-damage|p1a: Gholdengo|50\/100\n|\n|upkeep\n|turn|25\n|\n|t:|1700423445\n|move|p1a: Gholdengo|Shadow Ball|p2a: Empoleon\n|-damage|p2a: Empoleon|0 fnt\n|faint|p2a: Empoleon\n|\n|upkeep\n|\n|t:|1700423452\n|switch|p2a: Dragapult|Dragapult, M|69\/100\n|turn|26\n|\n|t:|1700423462\n|switch|p1a: Scream Tail|Scream Tail|100\/100\n|move|p2a: Dragapult|Shadow Ball|p1a: Scream Tail\n|-supereffective|p1a: Scream Tail\n|-damage|p1a: Scream Tail|30\/100\n|-damage|p2a: Dragapult|60\/100|[from] item: Life Orb\n|\n|-heal|p1a: Scream Tail|37\/100|[from] item: Leftovers\n|upkeep\n|turn|27\n|\n|t:|1700423490\n|move|p2a: Dragapult|Shadow Ball|p1a: Scream Tail\n|-supereffective|p1a: Scream Tail\n|-damage|p1a: Scream Tail|0 fnt\n|faint|p1a: Scream Tail\n|-end|p1a: Scream Tail|Protosynthesis|[silent]\n|-damage|p2a: Dragapult|50\/100|[from] item: Life Orb\n|\n|upkeep\n|\n|t:|1700423508\n|switch|p1a: Ninetales|Ninetales, F, shiny|100\/100\n|-weather|SunnyDay|[from] ability: Drought|[of] p1a: Ninetales\n|turn|28\n|\n|t:|1700423534\n|switch|p2a: Sylveon|Sylveon, F|65\/100\n|move|p1a: Ninetales|Foul Play|p2a: Sylveon\n|-resisted|p2a: Sylveon\n|-damage|p2a: Sylveon|59\/100\n|\n|-weather|SunnyDay|[upkeep]\n|-heal|p2a: Sylveon|65\/100|[from] item: Leftovers\n|upkeep\n|turn|29\n|\n|t:|1700423557\n|move|p1a: Ninetales|Weather Ball|p2a: Sylveon\n|-damage|p2a: Sylveon|42\/100\n|move|p2a: Sylveon|Shadow Ball|p1a: Ninetales\n|-damage|p1a: Ninetales|81\/100\n|\n|-weather|SunnyDay|[upkeep]\n|-heal|p2a: Sylveon|48\/100|[from] item: Leftovers\n|upkeep\n|turn|30\n|\n|t:|1700423579\n|move|p1a: Ninetales|Healing Wish|p1a: Ninetales\n|faint|p1a: Ninetales\n|move|p2a: Sylveon|Shadow Ball|p1: Ninetales|[notarget]\n|-fail|p2a: Sylveon\n|\n|-weather|SunnyDay|[upkeep]\n|-heal|p2a: Sylveon|54\/100|[from] item: Leftovers\n|upkeep\n|\n|t:|1700423587\n|switch|p1a: Gholdengo|Gholdengo|50\/100\n|-heal|p1a: Gholdengo|100\/100|[from] move: Healing Wish\n|turn|31\n|\n|t:|1700423608\n|move|p1a: Gholdengo|Make It Rain|p2a: Sylveon\n|-supereffective|p2a: Sylveon\n|-damage|p2a: Sylveon|0 fnt\n|-unboost|p1a: Gholdengo|spa|1\n|faint|p2a: Sylveon\n|\n|-weather|SunnyDay|[upkeep]\n|upkeep\n|\n|t:|1700423620\n|switch|p2a: Dragapult|Dragapult, M|50\/100\n|turn|32\n|\n|t:|1700423675\n|move|p2a: Dragapult|U-turn|p1a: Gholdengo\n|-resisted|p1a: Gholdengo\n|-damage|p1a: Gholdengo|96\/100\n|-damage|p2a: Dragapult|40\/100|[from] item: Life Orb\n|\n|t:|1700423680\n|switch|p2a: Ursaring|Ursaring, M, tera:Ghost|32\/100|[from] U-turn\n|move|p1a: Gholdengo|Shadow Ball|p2a: Ursaring\n|-supereffective|p2a: Ursaring\n|-damage|p2a: Ursaring|0 fnt\n|faint|p2a: Ursaring\n|\n|-weather|SunnyDay|[upkeep]\n|upkeep\n|\n|t:|1700423689\n|switch|p2a: Dragapult|Dragapult, M|40\/100\n|turn|33\n|\n|t:|1700423727\n|move|p2a: Dragapult|Shadow Ball|p1a: Gholdengo\n|-supereffective|p1a: Gholdengo\n|-damage|p1a: Gholdengo|7\/100\n|-damage|p2a: Dragapult|30\/100|[from] item: Life Orb\n|move|p1a: Gholdengo|Shadow Ball|p2a: Dragapult\n|-supereffective|p2a: Dragapult\n|-damage|p2a: Dragapult|0 fnt\n|faint|p2a: Dragapult\n|\n|-weather|SunnyDay|[upkeep]\n|upkeep\n|\n|t:|1700423734\n|switch|p2a: Zapdos|Zapdos-Galar|41\/100\n|turn|34\n|\n|t:|1700423760\n|move|p2a: Zapdos|Knock Off|p1a: Gholdengo\n|-supereffective|p1a: Gholdengo\n|-damage|p1a: Gholdengo|0 fnt\n|faint|p1a: Gholdengo\n|\n|-weather|SunnyDay|[upkeep]\n|-heal|p2a: Zapdos|47\/100|[from] item: Leftovers\n|upkeep\n|\n|t:|1700423763\n|switch|p1a: Great Tusk|Great Tusk, shiny|91\/100\n|-activate|p1a: Great Tusk|ability: Protosynthesis\n|-start|p1a: Great Tusk|protosynthesisatk\n|turn|35\n|\n|t:|1700423804\n|move|p2a: Zapdos|Bulk Up|p2a: Zapdos\n|-boost|p2a: Zapdos|atk|1\n|-boost|p2a: Zapdos|def|1\n|move|p1a: Great Tusk|Ice Spinner|p2a: Zapdos\n|-supereffective|p2a: Zapdos\n|-damage|p2a: Zapdos|0 fnt\n|faint|p2a: Zapdos\n|\n|win|HankyMafugga\n|c|\u2606abonniertChaotix|gg\n|c|\u2606HankyMafugga|gg\n|c|\u2606abonniertChaotix|postest du eben?\n|c|\u2606HankyMafugga|ja mache ich dir einen sch\u00f6nen abend noch\n|c|\u2606abonniertChaotix|alles klar, danke dir\n|c|\u2606abonniertChaotix|Dir auch noch nen sch\u00f6nen Abend\n|l|\u2606abonniertChaotix\n","uploadtime":1700423816,"views":8,"p1id":"hankymafugga","p2id":"abonniertchaotix","formatid":"gen9anythinggoes","rating":0,"private":0,"password":""}