{"id":"gen9anythinggoes-1978155589","p1":"NDAG was banned","p2":"Ellippo","format":"[Gen 9] Anything Goes","log":"|j|\u2606NDAG was banned\n|j|\u2606Ellippo\n|t:|1698506060\n|gametype|singles\n|player|p1|NDAG was banned|lillie-masters|1753\n|player|p2|Ellippo|lance|1667\n|teamsize|p1|6\n|teamsize|p2|6\n|gen|9\n|tier|[Gen 9] Anything Goes\n|rated|\n|rule|HP Percentage Mod: HP is shown in percentages\n|rule|Endless Battle Clause: Forcing endless battles is banned\n|clearpoke\n|poke|p1|Calyrex-Shadow|\n|poke|p1|Arceus-Ground|\n|poke|p1|Zoroark-Hisui, M|\n|poke|p1|Arceus|\n|poke|p1|Zacian-*|\n|poke|p1|Koraidon|\n|poke|p2|Basculegion, M|\n|poke|p2|Sneasler, M|\n|poke|p2|Calyrex-Shadow|\n|poke|p2|Kyogre|\n|poke|p2|Koraidon|\n|poke|p2|Arceus|\n|teampreview\n|inactive|Battle timer is ON: inactive players will automatically lose when time's up. (requested by NDAG was banned)\n|\n|t:|1698506081\n|start\n|switch|p1a: Arceus|Arceus-Ground|100\/100\n|switch|p2a: Sneasler|Sneasler, M|100\/100\n|turn|1\n|\n|t:|1698506085\n|move|p1a: Arceus|Icy Wind|p2a: Sneasler\n|-damage|p2a: Sneasler|75\/100\n|-unboost|p2a: Sneasler|spe|1\n|move|p2a: Sneasler|Swords Dance|p2a: Sneasler\n|-boost|p2a: Sneasler|atk|2\n|\n|upkeep\n|turn|2\n|\n|t:|1698506091\n|move|p1a: Arceus|Judgment|p2a: Sneasler\n|-supereffective|p2a: Sneasler\n|-damage|p2a: Sneasler|0 fnt\n|faint|p2a: Sneasler\n|\n|upkeep\n|\n|t:|1698506096\n|switch|p2a: Kyogre|Kyogre|100\/100\n|-weather|RainDance|[from] ability: Drizzle|[of] p2a: Kyogre\n|turn|3\n|\n|t:|1698506103\n|switch|p1a: Koraidon|Koraidon|100\/100\n|-weather|SunnyDay|[from] ability: Orichalcum Pulse|[of] p1a: Koraidon\n|-activate|p1a: Koraidon|Orichalcum Pulse|[source]\n|move|p2a: Kyogre|Ice Beam|p1a: Koraidon\n|-supereffective|p1a: Koraidon\n|-damage|p1a: Koraidon|25\/100\n|\n|-weather|SunnyDay|[upkeep]\n|upkeep\n|turn|4\n|\n|t:|1698506111\n|move|p2a: Kyogre|Ice Beam|p1a: Koraidon\n|-supereffective|p1a: Koraidon\n|-damage|p1a: Koraidon|0 fnt\n|faint|p1a: Koraidon\n|\n|-weather|SunnyDay|[upkeep]\n|upkeep\n|\n|t:|1698506124\n|switch|p1a: Arceus|Arceus|100\/100\n|turn|5\n|\n|t:|1698506127\n|switch|p2a: Calyrex|Calyrex-Shadow|100\/100\n|-ability|p2a: Calyrex|As One\n|-ability|p2a: Calyrex|Unnerve\n|move|p1a: Arceus|Swords Dance|p1a: Arceus\n|-boost|p1a: Arceus|atk|2\n|\n|-weather|SunnyDay|[upkeep]\n|upkeep\n|turn|6\n|\n|t:|1698506136\n|move|p2a: Calyrex|Psychic|p1a: Arceus\n|-damage|p1a: Arceus|66\/100\n|move|p1a: Arceus|Shadow Claw|p2a: Calyrex\n|-supereffective|p2a: Calyrex\n|-enditem|p2a: Calyrex|Focus Sash\n|-damage|p2a: Calyrex|1\/100\n|\n|-weather|SunnyDay|[upkeep]\n|upkeep\n|turn|7\n|\n|t:|1698506144\n|move|p2a: Calyrex|Psychic|p1a: Arceus\n|-damage|p1a: Arceus|30\/100\n|move|p1a: Arceus|Earthquake|p2a: Calyrex\n|-damage|p2a: Calyrex|0 fnt\n|faint|p2a: Calyrex\n|\n|-weather|none\n|upkeep\n|\n|t:|1698506150\n|switch|p2a: Arceus|Arceus|100\/100\n|turn|8\n|\n|t:|1698506153\n|switch|p1a: Calyrex|Calyrex-Shadow|100\/100\n|-item|p1a: Calyrex|Air Balloon\n|move|p2a: Arceus|Extreme Speed|p1a: Calyrex\n|-immune|p1a: Calyrex\n|\n|upkeep\n|turn|9\n|\n|t:|1698506160\n|move|p1a: Calyrex|Poltergeist|p2a: Arceus\n|-immune|p2a: Arceus\n|move|p2a: Arceus|Shadow Claw|p1a: Calyrex\n|-immune|p1a: Calyrex\n|\n|upkeep\n|turn|10\n|\n|t:|1698506169\n|switch|p2a: Koraidon|Koraidon|100\/100\n|-weather|SunnyDay|[from] ability: Orichalcum Pulse|[of] p2a: Koraidon\n|-activate|p2a: Koraidon|Orichalcum Pulse|[source]\n|move|p1a: Calyrex|Poltergeist|p2a: Koraidon\n|-activate|p2a: Koraidon|move: Poltergeist|Choice Scarf\n|-damage|p2a: Koraidon|54\/100\n|\n|-weather|SunnyDay|[upkeep]\n|upkeep\n|turn|11\n|\n|t:|1698506180\n|switch|p1a: Arceus|Arceus-Ground|100\/100\n|move|p2a: Koraidon|Flare Blitz|p1a: Arceus\n|-damage|p1a: Arceus|40\/100\n|-damage|p2a: Koraidon|31\/100|[from] Recoil\n|\n|-weather|SunnyDay|[upkeep]\n|upkeep\n|turn|12\n|\n|t:|1698506187\n|move|p2a: Koraidon|Flare Blitz|p1a: Arceus\n|-damage|p1a: Arceus|0 fnt\n|faint|p1a: Arceus\n|-damage|p2a: Koraidon|17\/100|[from] Recoil\n|\n|-weather|SunnyDay|[upkeep]\n|upkeep\n|\n|t:|1698506190\n|switch|p1a: Arceus|Arceus|30\/100\n|turn|13\n|\n|t:|1698506196\n|switch|p2a: Arceus|Arceus|100\/100\n|move|p1a: Arceus|Extreme Speed|p2a: Arceus\n|-damage|p2a: Arceus|69\/100\n|\n|-weather|SunnyDay|[upkeep]\n|upkeep\n|turn|14\n|\n|t:|1698506203\n|switch|p1a: Calyrex|Calyrex-Shadow|100\/100\n|-item|p1a: Calyrex|Air Balloon\n|move|p2a: Arceus|Extreme Speed|p1a: Calyrex\n|-immune|p1a: Calyrex\n|\n|-weather|none\n|upkeep\n|turn|15\n|\n|t:|1698506212\n|switch|p2a: Koraidon|Koraidon|17\/100\n|-weather|SunnyDay|[from] ability: Orichalcum Pulse|[of] p2a: Koraidon\n|-activate|p2a: Koraidon|Orichalcum Pulse|[source]\n|move|p1a: Calyrex|Low Kick|p2a: Koraidon\n|-damage|p2a: Koraidon|0 fnt\n|faint|p2a: Koraidon\n|\n|-weather|SunnyDay|[upkeep]\n|upkeep\n|\n|t:|1698506221\n|switch|p2a: Kyogre|Kyogre|100\/100\n|-weather|RainDance|[from] ability: Drizzle|[of] p2a: Kyogre\n|turn|16\n|\n|t:|1698506229\n|switch|p1a: Arceus|Arceus|30\/100\n|move|p2a: Kyogre|Water Spout|p1a: Arceus\n|-damage|p1a: Arceus|0 fnt\n|faint|p1a: Arceus\n|\n|-weather|RainDance|[upkeep]\n|upkeep\n|\n|t:|1698506232\n|switch|p1a: Calyrex|Calyrex-Shadow|100\/100\n|-ability|p1a: Calyrex|As One\n|-ability|p1a: Calyrex|Unnerve\n|turn|17\n|\n|t:|1698506240\n|-terastallize|p1a: Calyrex|Grass\n|move|p1a: Calyrex|Grass Knot|p2a: Kyogre\n|-supereffective|p2a: Kyogre\n|-damage|p2a: Kyogre|0 fnt\n|faint|p2a: Kyogre\n|-ability|p1a: Calyrex|Grim Neigh|boost\n|-boost|p1a: Calyrex|spa|1\n|\n|-weather|RainDance|[upkeep]\n|upkeep\n|\n|t:|1698506247\n|switch|p2a: Basculegion|Basculegion, M, shiny|100\/100\n|turn|18\n|\n|t:|1698506250\n|move|p2a: Basculegion|Last Respects|p1a: Calyrex\n|-damage|p1a: Calyrex|0 fnt\n|faint|p1a: Calyrex\n|\n|-weather|RainDance|[upkeep]\n|upkeep\n|\n|t:|1698506254\n|switch|p1a: Zacian|Zacian-Crowned|100\/100\n|-item|p1a: Zacian|Air Balloon\n|turn|19\n|\n|t:|1698506257\n|move|p2a: Basculegion|Last Respects|p1a: Zacian\n|-immune|p1a: Zacian\n|move|p1a: Zacian|Swords Dance|p1a: Zacian\n|-boost|p1a: Zacian|atk|2\n|\n|-weather|RainDance|[upkeep]\n|upkeep\n|turn|20\n|\n|t:|1698506265\n|switch|p2a: Arceus|Arceus|69\/100\n|move|p1a: Zacian|Poltergeist|p2a: Arceus\n|-immune|p2a: Arceus\n|\n|-weather|none\n|upkeep\n|turn|21\n|\n|t:|1698506273\n|move|p1a: Zacian|Low Kick|p2a: Arceus\n|-supereffective|p2a: Arceus\n|-damage|p2a: Arceus|0 fnt\n|faint|p2a: Arceus\n|\n|upkeep\n|\n|t:|1698506277\n|switch|p2a: Basculegion|Basculegion, M, shiny|100\/100\n|turn|22\n|\n|t:|1698506284\n|-terastallize|p2a: Basculegion|Fighting\n|move|p1a: Zacian|Shadow Sneak|p2a: Basculegion\n|-damage|p2a: Basculegion|55\/100\n|move|p2a: Basculegion|Wave Crash|p1a: Zacian\n|-damage|p1a: Zacian|0 fnt\n|replace|p1a: Zoroark|Zoroark-Hisui, M\n|-end|p1a: Zoroark|Illusion\n|-enditem|p1a: Zoroark|Air Balloon\n|faint|p1a: Zoroark\n|-damage|p2a: Basculegion|33\/100|[from] Recoil\n|\n|upkeep\n|\n|t:|1698506289\n|switch|p1a: Zacian|Zacian-Crowned|100\/100\n|-ability|p1a: Zacian|Intrepid Sword|boost\n|-boost|p1a: Zacian|atk|1\n|turn|23\n|\n|t:|1698506296\n|move|p1a: Zacian|Behemoth Blade|p2a: Basculegion\n|-damage|p2a: Basculegion|0 fnt\n|faint|p2a: Basculegion\n|\n|win|NDAG was banned\n|raw|NDAG was banned's rating: 1768 &rarr; <strong>1782<\/strong><br \/>(+14 for winning)\n|raw|Ellippo's rating: 1667 &rarr; <strong>1653<\/strong><br \/>(-14 for losing)\n|l|\u2606Ellippo\n|l|\u2606NDAG was banned\n","uploadtime":1698506329,"views":9,"p1id":"ndagwasbanned","p2id":"ellippo","formatid":"gen9anythinggoes","rating":1653,"private":0,"password":""}