{"id":"gen9anythinggoes-1978233318","p1":"Wildfiree","p2":"Garbagethatdude","format":"[Gen 9] Anything Goes","log":"|j|\u2606Wildfiree\n|j|\u2606Garbagethatdude\n|t:|1698515305\n|gametype|singles\n|player|p1|Wildfiree|carmine-festival|1678\n|player|p2|Garbagethatdude|ingo|1629\n|teamsize|p1|6\n|teamsize|p2|6\n|gen|9\n|tier|[Gen 9] Anything Goes\n|rated|\n|rule|HP Percentage Mod: HP is shown in percentages\n|rule|Endless Battle Clause: Forcing endless battles is banned\n|clearpoke\n|poke|p1|Koraidon|\n|poke|p1|Calyrex-Shadow|\n|poke|p1|Landorus-Therian, M|\n|poke|p1|Arceus|\n|poke|p1|Arceus-Fairy|\n|poke|p1|Ting-Lu|\n|poke|p2|Zacian-*|\n|poke|p2|Calyrex-Shadow|\n|poke|p2|Arceus-Ground|\n|poke|p2|Eternatus|\n|poke|p2|Cinderace, M|\n|poke|p2|Vivillon-Savanna, M|\n|teampreview\n|inactive|Battle timer is ON: inactive players will automatically lose when time's up. (requested by Garbagethatdude)\n|\n|t:|1698515315\n|start\n|switch|p1a: Koraidon|Koraidon|100\/100\n|switch|p2a: Termite|Arceus-Ground, shiny|100\/100\n|-weather|SunnyDay|[from] ability: Orichalcum Pulse|[of] p1a: Koraidon\n|-activate|p1a: Koraidon|Orichalcum Pulse|[source]\n|turn|1\n|\n|t:|1698515321\n|move|p1a: Koraidon|U-turn|p2a: Termite\n|-damage|p2a: Termite|75\/100\n|\n|t:|1698515323\n|switch|p1a: Landorus|Landorus-Therian, M|100\/100|[from] U-turn\n|-ability|p1a: Landorus|Intimidate|boost\n|-unboost|p2a: Termite|atk|1\n|move|p2a: Termite|Future Sight|p1a: Landorus\n|-start|p2a: Termite|move: Future Sight\n|\n|-weather|SunnyDay|[upkeep]\n|upkeep\n|turn|2\n|\n|t:|1698515333\n|move|p2a: Termite|Extreme Speed|p1a: Landorus\n|-damage|p1a: Landorus|91\/100\n|-damage|p2a: Termite|59\/100|[from] item: Rocky Helmet|[of] p1a: Landorus\n|move|p1a: Landorus|Taunt|p2a: Termite\n|-start|p2a: Termite|move: Taunt\n|\n|-weather|SunnyDay|[upkeep]\n|upkeep\n|turn|3\n|\n|t:|1698515335\n|move|p2a: Termite|Extreme Speed|p1a: Landorus\n|-damage|p1a: Landorus|82\/100\n|-damage|p2a: Termite|42\/100|[from] item: Rocky Helmet|[of] p1a: Landorus\n|move|p1a: Landorus|Stealth Rock|p2a: Termite\n|-sidestart|p2: Garbagethatdude|move: Stealth Rock\n|\n|-weather|SunnyDay|[upkeep]\n|-end|p1a: Landorus|move: Future Sight\n|-crit|p1a: Landorus\n|-damage|p1a: Landorus|17\/100\n|upkeep\n|turn|4\n|\n|t:|1698515339\n|move|p2a: Termite|Future Sight|p1a: Landorus\n|-start|p2a: Termite|move: Future Sight\n|move|p1a: Landorus|U-turn|p2a: Termite\n|-damage|p2a: Termite|28\/100\n|\n|t:|1698515343\n|switch|p1a: Koraidon|Koraidon|100\/100|[from] U-turn\n|-activate|p1a: Koraidon|ability: Orichalcum Pulse\n|\n|-weather|SunnyDay|[upkeep]\n|upkeep\n|turn|5\n|\n|t:|1698515346\n|move|p1a: Koraidon|U-turn|p2a: Termite\n|-damage|p2a: Termite|3\/100\n|\n|t:|1698515349\n|switch|p1a: Landorus|Landorus-Therian, M|17\/100|[from] U-turn\n|-ability|p1a: Landorus|Intimidate|boost\n|-unboost|p2a: Termite|atk|1\n|move|p2a: Termite|Judgment|p1a: Landorus\n|-immune|p1a: Landorus\n|\n|-weather|none\n|-end|p2a: Termite|move: Taunt\n|upkeep\n|turn|6\n|\n|t:|1698515353\n|move|p2a: Termite|Extreme Speed|p1a: Landorus\n|-damage|p1a: Landorus|9\/100\n|-damage|p2a: Termite|0 fnt|[from] item: Rocky Helmet|[of] p1a: Landorus\n|faint|p2a: Termite\n|move|p1a: Landorus|Earthquake|p2: Termite|[notarget]\n|-fail|p1a: Landorus\n|\n|-end|p1a: Landorus|move: Future Sight\n|-damage|p1a: Landorus|0 fnt\n|faint|p1a: Landorus\n|upkeep\n|\n|t:|1698515362\n|switch|p2a: Nishinoya|Cinderace, M|100\/100\n|switch|p1a: Koraidon|Koraidon|100\/100\n|-damage|p2a: Nishinoya|76\/100|[from] Stealth Rock\n|-weather|SunnyDay|[from] ability: Orichalcum Pulse|[of] p1a: Koraidon\n|-activate|p1a: Koraidon|Orichalcum Pulse|[source]\n|turn|7\n|\n|t:|1698515375\n|-terastallize|p1a: Koraidon|Fire\n|move|p2a: Nishinoya|Court Change|p2a: Nishinoya\n|-start|p2a: Nishinoya|typechange|Normal|[from] ability: Libero\n|-swapsideconditions\n|-activate|p2a: Nishinoya|move: Court Change\n|move|p1a: Koraidon|Flare Blitz|p2a: Nishinoya\n|-damage|p2a: Nishinoya|0 fnt\n|faint|p2a: Nishinoya\n|-damage|p1a: Koraidon|80\/100|[from] Recoil\n|\n|-weather|SunnyDay|[upkeep]\n|upkeep\n|\n|t:|1698515392\n|switch|p2a: GOD HAND!|Eternatus|100\/100\n|-ability|p2a: GOD HAND!|Pressure\n|turn|8\n|\n|t:|1698515397\n|switch|p1a: Ting-Lu|Ting-Lu|100\/100\n|-damage|p1a: Ting-Lu|94\/100|[from] Stealth Rock\n|-ability|p1a: Ting-Lu|Vessel of Ruin\n|move|p2a: GOD HAND!|Agility|p2a: GOD HAND!\n|-boost|p2a: GOD HAND!|spe|2\n|\n|-weather|SunnyDay|[upkeep]\n|-heal|p1a: Ting-Lu|100\/100|[from] item: Leftovers\n|upkeep\n|turn|9\n|\n|t:|1698515405\n|move|p2a: GOD HAND!|Dynamax Cannon|p1a: Ting-Lu\n|-damage|p1a: Ting-Lu|66\/100\n|-damage|p2a: GOD HAND!|91\/100|[from] item: Life Orb\n|move|p1a: Ting-Lu|Taunt|p2a: GOD HAND!\n|-start|p2a: GOD HAND!|move: Taunt\n|\n|-weather|SunnyDay|[upkeep]\n|-heal|p1a: Ting-Lu|73\/100|[from] item: Leftovers\n|upkeep\n|turn|10\n|inactive|Garbagethatdude has 120 seconds left.\n|\n|t:|1698515439\n|move|p2a: GOD HAND!|Dynamax Cannon|p1a: Ting-Lu\n|-crit|p1a: Ting-Lu\n|-damage|p1a: Ting-Lu|25\/100\n|-damage|p2a: GOD HAND!|81\/100|[from] item: Life Orb\n|move|p1a: Ting-Lu|Ruination|p2a: GOD HAND!\n|-damage|p2a: GOD HAND!|41\/100\n|\n|-weather|SunnyDay|[upkeep]\n|-heal|p1a: Ting-Lu|31\/100|[from] item: Leftovers\n|upkeep\n|turn|11\n|\n|t:|1698515445\n|move|p2a: GOD HAND!|Dynamax Cannon|p1a: Ting-Lu\n|-damage|p1a: Ting-Lu|0 fnt\n|faint|p1a: Ting-Lu\n|-damage|p2a: GOD HAND!|31\/100|[from] item: Life Orb\n|\n|-weather|none\n|upkeep\n|\n|t:|1698515457\n|switch|p1a: Calyrex|Calyrex-Shadow|100\/100\n|-ability|p1a: Calyrex|As One\n|-ability|p1a: Calyrex|Unnerve\n|turn|12\n|\n|t:|1698515462\n|move|p2a: GOD HAND!|Flamethrower|p1a: Calyrex\n|-crit|p1a: Calyrex\n|-damage|p1a: Calyrex|34\/100\n|-damage|p2a: GOD HAND!|21\/100|[from] item: Life Orb\n|move|p1a: Calyrex|Astral Barrage|p2a: GOD HAND!\n|-damage|p2a: GOD HAND!|0 fnt\n|faint|p2a: GOD HAND!\n|-ability|p1a: Calyrex|Grim Neigh|boost\n|-boost|p1a: Calyrex|spa|1\n|\n|upkeep\n|j| Peuhax\n|\n|t:|1698515468\n|switch|p2a: Grim reaper|Calyrex-Shadow|100\/100\n|-ability|p2a: Grim reaper|As One\n|-ability|p2a: Grim reaper|Unnerve\n|turn|13\n|\n|t:|1698515472\n|switch|p1a: Arceus|Arceus|100\/100\n|move|p2a: Grim reaper|Astral Barrage|p1a: Arceus\n|-immune|p1a: Arceus\n|\n|upkeep\n|turn|14\n|\n|t:|1698515477\n|move|p1a: Arceus|Extreme Speed|p2a: Grim reaper\n|-immune|p2a: Grim reaper\n|move|p2a: Grim reaper|Psychic|p1a: Arceus\n|-damage|p1a: Arceus|63\/100\n|\n|upkeep\n|turn|15\n|\n|t:|1698515480\n|move|p2a: Grim reaper|Psychic|p1a: Arceus\n|-damage|p1a: Arceus|28\/100\n|move|p1a: Arceus|Recover|p1a: Arceus\n|-heal|p1a: Arceus|78\/100\n|\n|upkeep\n|turn|16\n|\n|t:|1698515482\n|move|p2a: Grim reaper|Psychic|p1a: Arceus\n|-damage|p1a: Arceus|40\/100\n|-unboost|p1a: Arceus|spd|1\n|move|p1a: Arceus|Shadow Claw|p2a: Grim reaper\n|-supereffective|p2a: Grim reaper\n|-enditem|p2a: Grim reaper|Focus Sash\n|-damage|p2a: Grim reaper|1\/100\n|\n|upkeep\n|turn|17\n|\n|t:|1698515487\n|switch|p1a: Arceus|Arceus-Fairy|100\/100\n|-damage|p1a: Arceus|88\/100|[from] Stealth Rock\n|move|p2a: Grim reaper|Psychic|p1a: Arceus\n|-damage|p1a: Arceus|52\/100\n|\n|upkeep\n|turn|18\n|l| Peuhax\n|\n|t:|1698515489\n|move|p2a: Grim reaper|Astral Barrage|p1a: Arceus\n|-damage|p1a: Arceus|6\/100\n|move|p1a: Arceus|Judgment|p2a: Grim reaper\n|-damage|p2a: Grim reaper|0 fnt\n|faint|p2a: Grim reaper\n|\n|upkeep\n|\n|t:|1698515496\n|switch|p2a: Deku|Zacian-Crowned, shiny|100\/100\n|-ability|p2a: Deku|Intrepid Sword|boost\n|-boost|p2a: Deku|atk|1\n|turn|19\n|\n|t:|1698515501\n|move|p2a: Deku|Behemoth Blade|p1a: Arceus\n|-supereffective|p1a: Arceus\n|-damage|p1a: Arceus|0 fnt\n|faint|p1a: Arceus\n|\n|upkeep\n|\n|t:|1698515503\n|switch|p1a: Koraidon|Koraidon, tera:Fire|80\/100\n|-damage|p1a: Koraidon|55\/100|[from] Stealth Rock\n|-weather|SunnyDay|[from] ability: Orichalcum Pulse|[of] p1a: Koraidon\n|-activate|p1a: Koraidon|Orichalcum Pulse|[source]\n|turn|20\n|\n|t:|1698515514\n|-terastallize|p2a: Deku|Fairy\n|move|p1a: Koraidon|Flare Blitz|p2a: Deku\n|-damage|p2a: Deku|0 fnt\n|faint|p2a: Deku\n|-damage|p1a: Koraidon|25\/100|[from] Recoil\n|\n|-weather|SunnyDay|[upkeep]\n|upkeep\n|\n|t:|1698515517\n|switch|p2a: aDrive|Vivillon-Savanna, M, shiny|100\/100\n|turn|21\n|\n|t:|1698515526\n|move|p1a: Koraidon|Flare Blitz|p2a: aDrive\n|-supereffective|p2a: aDrive\n|-enditem|p2a: aDrive|Focus Sash\n|-damage|p2a: aDrive|1\/100\n|-status|p2a: aDrive|brn\n|-damage|p1a: Koraidon|0 fnt|[from] Recoil\n|faint|p1a: Koraidon\n|move|p2a: aDrive|Sleep Powder|p1: Koraidon|[notarget]\n|-fail|p2a: aDrive\n|\n|-weather|SunnyDay|[upkeep]\n|-damage|p2a: aDrive|0 fnt|[from] brn\n|faint|p2a: aDrive\n|\n|win|Wildfiree\n|upkeep\n|raw|Wildfiree's rating: 1678 &rarr; <strong>1695<\/strong><br \/>(+17 for winning)\n|raw|Garbagethatdude's rating: 1629 &rarr; <strong>1612<\/strong><br \/>(-17 for losing)\n|l|\u2606Garbagethatdude\n","uploadtime":1698515542,"views":7,"p1id":"wildfiree","p2id":"garbagethatdude","formatid":"gen9anythinggoes","rating":1612,"private":0,"password":""}