{"id":"gen9anythinggoes-1974705791","p1":"IamrandomElement","p2":"imjustjoeking87","format":"[Gen 9] Anything Goes","log":"|j|\u2606IamrandomElement\n|j|\u2606imjustjoeking87\n|t:|1698112468\n|gametype|singles\n|player|p1|IamrandomElement|preschoolerf|1183\n|player|p2|imjustjoeking87|chuck|1227\n|teamsize|p1|6\n|teamsize|p2|6\n|gen|9\n|tier|[Gen 9] Anything Goes\n|rated|\n|rule|HP Percentage Mod: HP is shown in percentages\n|rule|Endless Battle Clause: Forcing endless battles is banned\n|clearpoke\n|poke|p1|Charizard, M|\n|poke|p1|Zamazenta-*|\n|poke|p1|Maushold-Four|\n|poke|p1|Garchomp, F|\n|poke|p1|Zacian-*|\n|poke|p1|Annihilape, M|\n|poke|p2|Vaporeon, F|\n|poke|p2|Garganacl, F|\n|poke|p2|Yanmega, F|\n|poke|p2|Grafaiai, F|\n|poke|p2|Manaphy|\n|poke|p2|Florges, F|\n|teampreview\n|inactive|Battle timer is ON: inactive players will automatically lose when time's up. (requested by imjustjoeking87)\n|\n|t:|1698112482\n|start\n|switch|p1a: Minority Hunter|Garchomp, F, shiny|100\/100\n|switch|p2a: Florges-eternal|Florges, F|100\/100\n|turn|1\n|\n|t:|1698112487\n|move|p1a: Minority Hunter|Sandstorm|p1a: Minority Hunter\n|-weather|Sandstorm\n|move|p2a: Florges-eternal|Calm Mind|p2a: Florges-eternal\n|-boost|p2a: Florges-eternal|spa|1\n|-boost|p2a: Florges-eternal|spd|1\n|\n|-weather|Sandstorm|[upkeep]\n|-damage|p2a: Florges-eternal|94\/100|[from] Sandstorm\n|upkeep\n|turn|2\n|\n|t:|1698112494\n|-terastallize|p2a: Florges-eternal|Grass\n|move|p1a: Minority Hunter|Earthquake|p2a: Florges-eternal\n|-resisted|p2a: Florges-eternal\n|-damage|p2a: Florges-eternal|72\/100\n|-enditem|p2a: Florges-eternal|Kee Berry|[eat]\n|-boost|p2a: Florges-eternal|def|1|[from] item: Kee Berry\n|move|p2a: Florges-eternal|Calm Mind|p2a: Florges-eternal\n|-boost|p2a: Florges-eternal|spa|1\n|-boost|p2a: Florges-eternal|spd|1\n|\n|-weather|Sandstorm|[upkeep]\n|-damage|p2a: Florges-eternal|66\/100|[from] Sandstorm\n|upkeep\n|turn|3\n|\n|t:|1698112505\n|-terastallize|p1a: Minority Hunter|Ghost\n|move|p1a: Minority Hunter|Iron Head|p2a: Florges-eternal\n|-damage|p2a: Florges-eternal|48\/100\n|move|p2a: Florges-eternal|Draining Kiss|p1a: Minority Hunter\n|-damage|p1a: Minority Hunter|59\/100\n|-heal|p2a: Florges-eternal|79\/100|[from] drain|[of] p1a: Minority Hunter\n|-damage|p2a: Florges-eternal|67\/100|[from] ability: Rough Skin|[of] p1a: Minority Hunter\n|-damage|p2a: Florges-eternal|50\/100|[from] item: Rocky Helmet|[of] p1a: Minority Hunter\n|\n|-weather|Sandstorm|[upkeep]\n|-damage|p1a: Minority Hunter|53\/100|[from] Sandstorm\n|-damage|p2a: Florges-eternal|44\/100|[from] Sandstorm\n|upkeep\n|turn|4\n|\n|t:|1698112518\n|move|p1a: Minority Hunter|Earthquake|p2a: Florges-eternal\n|-resisted|p2a: Florges-eternal\n|-damage|p2a: Florges-eternal|29\/100\n|move|p2a: Florges-eternal|Wish|p2a: Florges-eternal\n|\n|-weather|Sandstorm|[upkeep]\n|-damage|p1a: Minority Hunter|47\/100|[from] Sandstorm\n|-damage|p2a: Florges-eternal|23\/100|[from] Sandstorm\n|upkeep\n|turn|5\n|\n|t:|1698112526\n|move|p1a: Minority Hunter|Outrage|p2a: Florges-eternal\n|-damage|p2a: Florges-eternal|0 fnt\n|faint|p2a: Florges-eternal\n|\n|-weather|none\n|upkeep\n|\n|t:|1698112531\n|switch|p2a: Garganacl|Garganacl, F|100\/100\n|turn|6\n|\n|t:|1698112534\n|move|p1a: Minority Hunter|Outrage|p2a: Garganacl|[from]lockedmove\n|-damage|p2a: Garganacl|57\/100\n|-start|p1a: Minority Hunter|confusion|[fatigue]\n|move|p2a: Garganacl|Curse|p2a: Garganacl\n|-unboost|p2a: Garganacl|spe|1\n|-boost|p2a: Garganacl|atk|1\n|-boost|p2a: Garganacl|def|1\n|\n|upkeep\n|turn|7\n|\n|t:|1698112544\n|-activate|p1a: Minority Hunter|confusion\n|move|p1a: Minority Hunter|Iron Head|p2a: Garganacl\n|-supereffective|p2a: Garganacl\n|-damage|p2a: Garganacl|33\/100\n|move|p2a: Garganacl|Curse|p2a: Garganacl\n|-unboost|p2a: Garganacl|spe|1\n|-boost|p2a: Garganacl|atk|1\n|-boost|p2a: Garganacl|def|1\n|\n|upkeep\n|turn|8\n|\n|t:|1698112552\n|-end|p1a: Minority Hunter|confusion\n|move|p1a: Minority Hunter|Earthquake|p2a: Garganacl\n|-supereffective|p2a: Garganacl\n|-damage|p2a: Garganacl|0 fnt\n|faint|p2a: Garganacl\n|\n|upkeep\n|\n|t:|1698112558\n|switch|p2a: Grafaiai|Grafaiai, F|100\/100\n|-item|p2a: Grafaiai|Air Balloon\n|turn|9\n|\n|t:|1698112563\n|move|p2a: Grafaiai|Encore|p1a: Minority Hunter\n|-start|p1a: Minority Hunter|Encore\n|move|p1a: Minority Hunter|Earthquake|p2a: Grafaiai\n|-immune|p2a: Grafaiai\n|\n|upkeep\n|turn|10\n|\n|t:|1698112570\n|move|p2a: Grafaiai|Copycat|p2a: Grafaiai\n|move|p2a: Grafaiai|Earthquake|p1a: Minority Hunter|[from]move: Copycat\n|-damage|p1a: Minority Hunter|16\/100\n|move|p1a: Minority Hunter|Earthquake|p2a: Grafaiai\n|-immune|p2a: Grafaiai\n|\n|upkeep\n|turn|11\n|\n|t:|1698112576\n|move|p2a: Grafaiai|Substitute|p2a: Grafaiai\n|-start|p2a: Grafaiai|Substitute\n|-damage|p2a: Grafaiai|75\/100\n|move|p1a: Minority Hunter|Earthquake|p2a: Grafaiai\n|-immune|p2a: Grafaiai\n|\n|-end|p1a: Minority Hunter|Encore\n|upkeep\n|turn|12\n|\n|t:|1698112583\n|move|p2a: Grafaiai|Copycat|p2a: Grafaiai\n|move|p2a: Grafaiai|Earthquake|p1a: Minority Hunter|[from]move: Copycat\n|-damage|p1a: Minority Hunter|0 fnt\n|faint|p1a: Minority Hunter\n|\n|upkeep\n|\n|t:|1698112591\n|switch|p1a: Mexican Family|Maushold-Four|100\/100\n|turn|13\n|\n|t:|1698112603\n|move|p2a: Grafaiai|Copycat|p2a: Grafaiai\n|move|p2a: Grafaiai|Earthquake|p1a: Mexican Family|[from]move: Copycat\n|-damage|p1a: Mexican Family|55\/100\n|move|p1a: Mexican Family|Population Bomb|p2a: Grafaiai\n|-activate|p2a: Grafaiai|move: Substitute|[damage]\n|-enditem|p2a: Grafaiai|Air Balloon\n|-end|p2a: Grafaiai|Substitute\n|-damage|p2a: Grafaiai|55\/100\n|-damage|p2a: Grafaiai|33\/100\n|-damage|p2a: Grafaiai|10\/100\n|-damage|p2a: Grafaiai|0 fnt\n|faint|p2a: Grafaiai\n|-hitcount|p2: Grafaiai|6\n|\n|upkeep\n|\n|t:|1698112618\n|switch|p2a: Yanmega|Yanmega, F, shiny|100\/100\n|turn|14\n|\n|t:|1698112623\n|move|p1a: Mexican Family|Population Bomb|p2a: Yanmega\n|-damage|p2a: Yanmega|85\/100\n|-damage|p2a: Yanmega|70\/100\n|-damage|p2a: Yanmega|53\/100\n|-damage|p2a: Yanmega|38\/100\n|-damage|p2a: Yanmega|23\/100\n|-damage|p2a: Yanmega|7\/100\n|-damage|p2a: Yanmega|0 fnt\n|faint|p2a: Yanmega\n|-hitcount|p2: Yanmega|7\n|\n|upkeep\n|\n|t:|1698112634\n|switch|p2a: Manaphy|Manaphy|100\/100\n|turn|15\n|\n|t:|1698112637\n|move|p2a: Manaphy|Scald|p1a: Mexican Family\n|-damage|p1a: Mexican Family|4\/100\n|move|p1a: Mexican Family|Bullet Seed|p2a: Manaphy\n|-supereffective|p2a: Manaphy\n|-damage|p2a: Manaphy|79\/100\n|-supereffective|p2a: Manaphy\n|-damage|p2a: Manaphy|60\/100\n|-hitcount|p2a: Manaphy|2\n|\n|upkeep\n|turn|16\n|\n|t:|1698112646\n|move|p2a: Manaphy|Stored Power|p1a: Mexican Family\n|-damage|p1a: Mexican Family|0 fnt\n|faint|p1a: Mexican Family\n|\n|upkeep\n|\n|t:|1698112651\n|switch|p1a: Annihigape|Annihilape, M, shiny|100\/100\n|turn|17\n|\n|t:|1698112654\n|move|p2a: Manaphy|Scald|p1a: Annihigape\n|-damage|p1a: Annihigape|72\/100\n|-status|p1a: Annihigape|brn\n|move|p1a: Annihigape|Bulk Up|p1a: Annihigape\n|-boost|p1a: Annihigape|atk|1\n|-boost|p1a: Annihigape|def|1\n|\n|-heal|p1a: Annihigape|78\/100 brn|[from] item: Leftovers\n|-damage|p1a: Annihigape|72\/100 brn|[from] brn\n|upkeep\n|turn|18\n|\n|t:|1698112663\n|move|p2a: Manaphy|Scald|p1a: Annihigape\n|-damage|p1a: Annihigape|41\/100 brn\n|move|p1a: Annihigape|Rage Fist|p2a: Manaphy\n|-damage|p2a: Manaphy|0 fnt\n|faint|p2a: Manaphy\n|\n|-heal|p1a: Annihigape|47\/100 brn|[from] item: Leftovers\n|-damage|p1a: Annihigape|41\/100 brn|[from] brn\n|upkeep\n|\n|t:|1698112671\n|switch|p2a: Vaporeon|Vaporeon, F|100\/100\n|turn|19\n|\n|t:|1698112676\n|move|p1a: Annihigape|Rage Fist|p2a: Vaporeon\n|-damage|p2a: Vaporeon|57\/100\n|move|p2a: Vaporeon|Calm Mind|p2a: Vaporeon\n|-boost|p2a: Vaporeon|spa|1\n|-boost|p2a: Vaporeon|spd|1\n|\n|-heal|p1a: Annihigape|47\/100 brn|[from] item: Leftovers\n|-heal|p2a: Vaporeon|63\/100|[from] item: Leftovers\n|-damage|p1a: Annihigape|41\/100 brn|[from] brn\n|upkeep\n|turn|20\n|\n|t:|1698112685\n|move|p1a: Annihigape|Bulk Up|p1a: Annihigape\n|-boost|p1a: Annihigape|atk|1\n|-boost|p1a: Annihigape|def|1\n|move|p2a: Vaporeon|Wish|p2a: Vaporeon\n|\n|-heal|p1a: Annihigape|47\/100 brn|[from] item: Leftovers\n|-heal|p2a: Vaporeon|70\/100|[from] item: Leftovers\n|-damage|p1a: Annihigape|41\/100 brn|[from] brn\n|upkeep\n|turn|21\n|\n|t:|1698112694\n|move|p1a: Annihigape|Bulk Up|p1a: Annihigape\n|-boost|p1a: Annihigape|atk|1\n|-boost|p1a: Annihigape|def|1\n|move|p2a: Vaporeon|Calm Mind|p2a: Vaporeon\n|-boost|p2a: Vaporeon|spa|1\n|-boost|p2a: Vaporeon|spd|1\n|\n|-heal|p2a: Vaporeon|100\/100|[from] move: Wish|[wisher] Vaporeon\n|-heal|p1a: Annihigape|47\/100 brn|[from] item: Leftovers\n|-damage|p1a: Annihigape|41\/100 brn|[from] brn\n|upkeep\n|turn|22\n|\n|t:|1698112704\n|move|p1a: Annihigape|Rage Fist|p2a: Vaporeon\n|-damage|p2a: Vaporeon|31\/100\n|move|p2a: Vaporeon|Scald|p1a: Annihigape\n|-damage|p1a: Annihigape|0 fnt\n|faint|p1a: Annihigape\n|\n|-heal|p2a: Vaporeon|37\/100|[from] item: Leftovers\n|upkeep\n|\n|t:|1698112712\n|switch|p1a: Tax Collector|Zacian-Crowned, shiny|100\/100\n|-ability|p1a: Tax Collector|Intrepid Sword|boost\n|-boost|p1a: Tax Collector|atk|1\n|turn|23\n|\n|t:|1698112716\n|move|p1a: Tax Collector|Swords Dance|p1a: Tax Collector\n|-boost|p1a: Tax Collector|atk|2\n|move|p2a: Vaporeon|Scald|p1a: Tax Collector\n|-damage|p1a: Tax Collector|44\/100\n|-status|p1a: Tax Collector|brn\n|\n|-heal|p2a: Vaporeon|43\/100|[from] item: Leftovers\n|-damage|p1a: Tax Collector|38\/100 brn|[from] brn\n|upkeep\n|turn|24\n|\n|t:|1698112726\n|move|p1a: Tax Collector|Behemoth Blade|p2a: Vaporeon\n|-resisted|p2a: Vaporeon\n|-damage|p2a: Vaporeon|16\/100\n|move|p2a: Vaporeon|Scald|p1a: Tax Collector\n|-damage|p1a: Tax Collector|0 fnt\n|faint|p1a: Tax Collector\n|\n|-heal|p2a: Vaporeon|23\/100|[from] item: Leftovers\n|upkeep\n|\n|t:|1698112732\n|switch|p1a: Tax Evader|Zamazenta-Crowned, shiny|100\/100\n|-ability|p1a: Tax Evader|Dauntless Shield|boost\n|-boost|p1a: Tax Evader|def|1\n|turn|25\n|\n|t:|1698112737\n|move|p1a: Tax Evader|Iron Defense|p1a: Tax Evader\n|-boost|p1a: Tax Evader|def|2\n|move|p2a: Vaporeon|Wish|p2a: Vaporeon\n|\n|-heal|p2a: Vaporeon|29\/100|[from] item: Leftovers\n|upkeep\n|turn|26\n|\n|t:|1698112744\n|move|p1a: Tax Evader|Body Press|p2a: Vaporeon\n|-damage|p2a: Vaporeon|0 fnt\n|faint|p2a: Vaporeon\n|\n|win|IamrandomElement\n|raw|IamrandomElement's rating: 1183 &rarr; <strong>1213<\/strong><br \/>(+30 for winning)\n|raw|imjustjoeking87's rating: 1253 &rarr; <strong>1223<\/strong><br \/>(-30 for losing)\n","uploadtime":1698112749,"views":6,"p1id":"iamrandomelement","p2id":"imjustjoeking87","formatid":"gen9anythinggoes","rating":1213,"private":0,"password":""}