{"id":"gen9anythinggoes-1982001741","p1":"juchan\/marie","p2":"CafeLeBlegh","format":"[Gen 9] Anything Goes","log":"|j|\u2606juchan\/marie\n|j|\u2606CafeLeBlegh\n|t:|1698958594\n|gametype|singles\n|player|p1|juchan\/marie|iono|1660\n|player|p2|CafeLeBlegh|waitress-gen4|1780\n|teamsize|p1|6\n|teamsize|p2|6\n|gen|9\n|tier|[Gen 9] Anything Goes\n|rated|\n|rule|HP Percentage Mod: HP is shown in percentages\n|rule|Endless Battle Clause: Forcing endless battles is banned\n|clearpoke\n|poke|p1|Great Tusk|\n|poke|p1|Arceus|\n|poke|p1|Koraidon|\n|poke|p1|Flutter Mane|\n|poke|p1|Kingambit, F|\n|poke|p1|Miraidon|\n|poke|p2|Magearna|\n|poke|p2|Skeledirge, M|\n|poke|p2|Arceus|\n|poke|p2|Arceus-Ground|\n|poke|p2|Baxcalibur, F|\n|poke|p2|Giratina-Origin|\n|teampreview\n|\n|t:|1698958606\n|start\n|switch|p1a: Great Tusk|Great Tusk|100\/100\n|switch|p2a: Skeledirge|Skeledirge, M|100\/100\n|turn|1\n|\n|t:|1698958613\n|switch|p2a: Giratina|Giratina-Origin|100\/100\n|move|p1a: Great Tusk|Knock Off|p2a: Giratina\n|-supereffective|p2a: Giratina\n|-damage|p2a: Giratina|75\/100\n|\n|upkeep\n|turn|2\n|\n|t:|1698958620\n|-end|p1a: Great Tusk|Protosynthesis|[silent]\n|switch|p1a: Miraidon|Miraidon|100\/100\n|-fieldstart|move: Electric Terrain|[from] ability: Hadron Engine|[of] p1a: Miraidon\n|move|p2a: Giratina|Poltergeist|p1a: Miraidon\n|-activate|p1a: Miraidon|move: Poltergeist|Choice Scarf\n|-damage|p1a: Miraidon|37\/100\n|\n|upkeep\n|turn|3\n|\n|t:|1698958631\n|switch|p2a: Arceus|Arceus-Ground, shiny|100\/100\n|move|p1a: Miraidon|Draco Meteor|p2a: Arceus\n|-damage|p2a: Arceus|55\/100\n|-unboost|p1a: Miraidon|spa|2\n|\n|upkeep\n|turn|4\n|\n|t:|1698958645\n|switch|p1a: Arceus|Arceus|100\/100\n|move|p2a: Arceus|Recover|p2a: Arceus\n|-heal|p2a: Arceus|100\/100\n|\n|upkeep\n|turn|5\n|\n|t:|1698958654\n|switch|p2a: Skeledirge|Skeledirge, M|100\/100\n|move|p1a: Arceus|Recover||[still]\n|-fail|p1a: Arceus|heal\n|\n|upkeep\n|turn|6\n|\n|t:|1698958664\n|switch|p1a: Flutter Mane|Flutter Mane|100\/100\n|-enditem|p1a: Flutter Mane|Booster Energy\n|-activate|p1a: Flutter Mane|ability: Protosynthesis|[fromitem]\n|-start|p1a: Flutter Mane|protosynthesisspe\n|move|p2a: Skeledirge|Will-O-Wisp|p1a: Flutter Mane|[miss]\n|-miss|p2a: Skeledirge|p1a: Flutter Mane\n|\n|-fieldend|move: Electric Terrain\n|upkeep\n|turn|7\n|\n|t:|1698958676\n|switch|p2a: Arceus|Arceus-Ground, shiny|100\/100\n|move|p1a: Flutter Mane|Calm Mind|p1a: Flutter Mane\n|-boost|p1a: Flutter Mane|spa|1\n|-boost|p1a: Flutter Mane|spd|1\n|\n|upkeep\n|turn|8\n|\n|t:|1698958681\n|-terastallize|p1a: Flutter Mane|Fairy\n|move|p1a: Flutter Mane|Moonblast|p2a: Arceus\n|-damage|p2a: Arceus|44\/100\n|-unboost|p2a: Arceus|spa|1\n|move|p2a: Arceus|Earthquake|p1a: Flutter Mane\n|-damage|p1a: Flutter Mane|0 fnt\n|faint|p1a: Flutter Mane\n|-end|p1a: Flutter Mane|Protosynthesis|[silent]\n|\n|upkeep\n|\n|t:|1698958693\n|switch|p1a: Miraidon|Miraidon|37\/100\n|-fieldstart|move: Electric Terrain|[from] ability: Hadron Engine|[of] p1a: Miraidon\n|turn|9\n|\n|t:|1698958695\n|switch|p2a: Magearna|Magearna|100\/100\n|move|p1a: Miraidon|Overheat|p2a: Magearna\n|-supereffective|p2a: Magearna\n|-damage|p2a: Magearna|0 fnt\n|-unboost|p1a: Miraidon|spa|2\n|faint|p2a: Magearna\n|\n|upkeep\n|\n|t:|1698958700\n|switch|p2a: Arceus|Arceus-Ground, shiny|44\/100\n|turn|10\n|\n|t:|1698958710\n|switch|p1a: Arceus|Arceus|100\/100\n|move|p2a: Arceus|Recover|p2a: Arceus\n|-heal|p2a: Arceus|94\/100\n|\n|upkeep\n|turn|11\n|\n|t:|1698958716\n|switch|p2a: Skeledirge|Skeledirge, M|100\/100\n|move|p1a: Arceus|Shadow Claw|p2a: Skeledirge\n|-supereffective|p2a: Skeledirge\n|-damage|p2a: Skeledirge|69\/100\n|\n|-heal|p2a: Skeledirge|75\/100|[from] item: Leftovers\n|upkeep\n|turn|12\n|\n|t:|1698958727\n|switch|p1a: Miraidon|Miraidon|37\/100\n|-activate|p1a: Miraidon|ability: Hadron Engine\n|move|p2a: Skeledirge|Will-O-Wisp|p1a: Miraidon|[miss]\n|-miss|p2a: Skeledirge|p1a: Miraidon\n|\n|-heal|p2a: Skeledirge|82\/100|[from] item: Leftovers\n|upkeep\n|turn|13\n|\n|t:|1698958736\n|switch|p2a: Arceus|Arceus-Ground, shiny|94\/100\n|move|p1a: Miraidon|Draco Meteor|p2a: Arceus\n|-damage|p2a: Arceus|48\/100\n|-unboost|p1a: Miraidon|spa|2\n|\n|-fieldend|move: Electric Terrain\n|upkeep\n|turn|14\n|\n|t:|1698958743\n|switch|p1a: Arceus|Arceus|100\/100\n|move|p2a: Arceus|Recover|p2a: Arceus\n|-heal|p2a: Arceus|98\/100\n|\n|upkeep\n|turn|15\n|\n|t:|1698958748\n|switch|p2a: Skeledirge|Skeledirge, M|82\/100\n|move|p1a: Arceus|Shadow Claw|p2a: Skeledirge\n|-supereffective|p2a: Skeledirge\n|-damage|p2a: Skeledirge|51\/100\n|\n|-heal|p2a: Skeledirge|58\/100|[from] item: Leftovers\n|upkeep\n|turn|16\n|\n|t:|1698958760\n|switch|p1a: Kingambit|Kingambit, F|100\/100\n|-activate|p1a: Kingambit|ability: Supreme Overlord\n|-start|p1a: Kingambit|fallen1|[silent]\n|move|p2a: Skeledirge|Will-O-Wisp|p1a: Kingambit\n|-status|p1a: Kingambit|brn\n|\n|-heal|p2a: Skeledirge|64\/100|[from] item: Leftovers\n|-damage|p1a: Kingambit|94\/100 brn|[from] brn\n|upkeep\n|turn|17\n|\n|t:|1698958766\n|switch|p2a: Arceus|Arceus, shiny|100\/100\n|move|p1a: Kingambit|Swords Dance|p1a: Kingambit\n|-boost|p1a: Kingambit|atk|2\n|\n|-heal|p1a: Kingambit|100\/100 brn|[from] item: Leftovers\n|-damage|p1a: Kingambit|94\/100 brn|[from] brn\n|upkeep\n|turn|18\n|\n|t:|1698958776\n|move|p2a: Arceus|Earthquake|p1a: Kingambit\n|-supereffective|p1a: Kingambit\n|-damage|p1a: Kingambit|55\/100 brn\n|move|p1a: Kingambit|Kowtow Cleave|p2a: Arceus\n|-damage|p2a: Arceus|73\/100\n|\n|-heal|p2a: Arceus|80\/100|[from] item: Leftovers\n|-heal|p1a: Kingambit|61\/100 brn|[from] item: Leftovers\n|-damage|p1a: Kingambit|55\/100 brn|[from] brn\n|upkeep\n|turn|19\n|\n|t:|1698958782\n|-end|p1a: Kingambit|fallen1|[silent]\n|switch|p1a: Koraidon|Koraidon|100\/100\n|-weather|SunnyDay|[from] ability: Orichalcum Pulse|[of] p1a: Koraidon\n|-activate|p1a: Koraidon|Orichalcum Pulse|[source]\n|move|p2a: Arceus|Earthquake|p1a: Koraidon\n|-damage|p1a: Koraidon|76\/100\n|\n|-weather|SunnyDay|[upkeep]\n|-heal|p2a: Arceus|86\/100|[from] item: Leftovers\n|upkeep\n|turn|20\n|\n|t:|1698958793\n|switch|p2a: Giratina|Giratina-Origin|75\/100\n|move|p1a: Koraidon|Dragon Claw|p2a: Giratina\n|-supereffective|p2a: Giratina\n|-damage|p2a: Giratina|0 fnt\n|faint|p2a: Giratina\n|\n|-weather|SunnyDay|[upkeep]\n|upkeep\n|\n|t:|1698958806\n|switch|p2a: Skeledirge|Skeledirge, M|64\/100\n|turn|21\n|\n|t:|1698958826\n|switch|p1a: Kingambit|Kingambit, F|55\/100 brn\n|-activate|p1a: Kingambit|ability: Supreme Overlord\n|-start|p1a: Kingambit|fallen1|[silent]\n|move|p2a: Skeledirge|Slack Off|p2a: Skeledirge\n|-heal|p2a: Skeledirge|100\/100\n|\n|-weather|SunnyDay|[upkeep]\n|-heal|p1a: Kingambit|61\/100 brn|[from] item: Leftovers\n|-damage|p1a: Kingambit|55\/100 brn|[from] brn\n|upkeep\n|turn|22\n|\n|t:|1698958831\n|move|p1a: Kingambit|Kowtow Cleave|p2a: Skeledirge\n|-supereffective|p2a: Skeledirge\n|-crit|p2a: Skeledirge\n|-damage|p2a: Skeledirge|47\/100\n|move|p2a: Skeledirge|Torch Song|p1a: Kingambit\n|-supereffective|p1a: Kingambit\n|-damage|p1a: Kingambit|0 fnt\n|-boost|p2a: Skeledirge|spa|1\n|faint|p1a: Kingambit\n|-end|p1a: Kingambit|fallen1|[silent]\n|\n|-weather|SunnyDay|[upkeep]\n|-heal|p2a: Skeledirge|53\/100|[from] item: Leftovers\n|upkeep\n|\n|t:|1698958844\n|switch|p1a: Great Tusk|Great Tusk|100\/100\n|-activate|p1a: Great Tusk|ability: Protosynthesis\n|-start|p1a: Great Tusk|protosynthesisdef\n|turn|23\n|\n|t:|1698958866\n|switch|p2a: Arceus|Arceus, shiny|86\/100\n|move|p1a: Great Tusk|Earthquake|p2a: Arceus\n|-damage|p2a: Arceus|65\/100\n|\n|-weather|none\n|-end|p1a: Great Tusk|Protosynthesis\n|-heal|p2a: Arceus|71\/100|[from] item: Leftovers\n|upkeep\n|turn|24\n|\n|t:|1698958877\n|-terastallize|p2a: Arceus|Ghost\n|move|p2a: Arceus|Swords Dance|p2a: Arceus\n|-boost|p2a: Arceus|atk|2\n|move|p1a: Great Tusk|Stealth Rock|p2a: Arceus\n|-sidestart|p2: CafeLeBlegh|move: Stealth Rock\n|\n|-heal|p2a: Arceus|78\/100|[from] item: Leftovers\n|upkeep\n|turn|25\n|\n|t:|1698958882\n|move|p2a: Arceus|Shadow Claw|p1a: Great Tusk\n|-damage|p1a: Great Tusk|74\/100\n|move|p1a: Great Tusk|Knock Off|p2a: Arceus\n|-supereffective|p2a: Arceus\n|-damage|p2a: Arceus|49\/100\n|-enditem|p2a: Arceus|Leftovers|[from] move: Knock Off|[of] p1a: Great Tusk\n|\n|-heal|p1a: Great Tusk|80\/100|[from] item: Leftovers\n|upkeep\n|turn|26\n|\n|t:|1698958894\n|move|p2a: Arceus|Earthquake|p1a: Great Tusk\n|-damage|p1a: Great Tusk|56\/100\n|move|p1a: Great Tusk|Earthquake|p2a: Arceus\n|-damage|p2a: Arceus|28\/100\n|\n|-heal|p1a: Great Tusk|62\/100|[from] item: Leftovers\n|upkeep\n|turn|27\n|\n|t:|1698958897\n|move|p2a: Arceus|Shadow Claw|p1a: Great Tusk\n|-damage|p1a: Great Tusk|34\/100\n|move|p1a: Great Tusk|Knock Off|p2a: Arceus\n|-supereffective|p2a: Arceus\n|-damage|p2a: Arceus|8\/100\n|\n|-heal|p1a: Great Tusk|40\/100|[from] item: Leftovers\n|upkeep\n|turn|28\n|\n|t:|1698958900\n|move|p2a: Arceus|Shadow Claw|p1a: Great Tusk\n|-damage|p1a: Great Tusk|12\/100\n|move|p1a: Great Tusk|Knock Off|p2a: Arceus\n|-supereffective|p2a: Arceus\n|-damage|p2a: Arceus|0 fnt\n|faint|p2a: Arceus\n|\n|-heal|p1a: Great Tusk|18\/100|[from] item: Leftovers\n|upkeep\n|\n|t:|1698958903\n|switch|p2a: Baxcalibur|Baxcalibur, F|100\/100\n|-damage|p2a: Baxcalibur|76\/100|[from] Stealth Rock\n|turn|29\n|\n|t:|1698958906\n|move|p2a: Baxcalibur|Scale Shot|p1a: Great Tusk|[miss]\n|-miss|p2a: Baxcalibur|p1a: Great Tusk\n|move|p1a: Great Tusk|Earthquake|p2a: Baxcalibur\n|-damage|p2a: Baxcalibur|32\/100\n|\n|-heal|p1a: Great Tusk|24\/100|[from] item: Leftovers\n|upkeep\n|turn|30\n|\n|t:|1698958908\n|move|p2a: Baxcalibur|Scale Shot|p1a: Great Tusk\n|-damage|p1a: Great Tusk|17\/100\n|-damage|p1a: Great Tusk|10\/100\n|-damage|p1a: Great Tusk|3\/100\n|-damage|p1a: Great Tusk|0 fnt\n|faint|p1a: Great Tusk\n|-end|p1a: Great Tusk|Protosynthesis|[silent]\n|-hitcount|p1: Great Tusk|4\n|-unboost|p2a: Baxcalibur|def|1\n|-boost|p2a: Baxcalibur|spe|1\n|\n|upkeep\n|\n|t:|1698958910\n|switch|p1a: Arceus|Arceus|100\/100\n|turn|31\n|\n|t:|1698958914\n|move|p1a: Arceus|Extreme Speed|p2a: Baxcalibur\n|-damage|p2a: Baxcalibur|0 fnt\n|faint|p2a: Baxcalibur\n|\n|upkeep\n|\n|t:|1698958915\n|switch|p2a: Skeledirge|Skeledirge, M|53\/100\n|-damage|p2a: Skeledirge|28\/100|[from] Stealth Rock\n|turn|32\n|\n|t:|1698958917\n|move|p1a: Arceus|Shadow Claw|p2a: Skeledirge\n|-supereffective|p2a: Skeledirge\n|-damage|p2a: Skeledirge|0 fnt\n|faint|p2a: Skeledirge\n|\n|upkeep\n|\n|t:|1698958919\n|switch|p2a: Arceus|Arceus-Ground, shiny|98\/100\n|-damage|p2a: Arceus|91\/100|[from] Stealth Rock\n|turn|33\n|\n|t:|1698958920\n|move|p1a: Arceus|Extreme Speed|p2a: Arceus\n|-damage|p2a: Arceus|62\/100\n|move|p2a: Arceus|Swords Dance|p2a: Arceus\n|-boost|p2a: Arceus|atk|2\n|\n|upkeep\n|turn|34\n|\n|t:|1698958924\n|move|p1a: Arceus|Extreme Speed|p2a: Arceus\n|-damage|p2a: Arceus|31\/100\n|move|p2a: Arceus|Swords Dance|p2a: Arceus\n|-boost|p2a: Arceus|atk|2\n|\n|upkeep\n|turn|35\n|\n|t:|1698958929\n|move|p1a: Arceus|Extreme Speed|p2a: Arceus\n|-crit|p2a: Arceus\n|-damage|p2a: Arceus|0 fnt\n|faint|p2a: Arceus\n|\n|win|juchan\/marie\n|raw|juchan&#x2f;marie's rating: 1660 &rarr; <strong>1687<\/strong><br \/>(+27 for winning)\n|raw|CafeLeBlegh's rating: 1780 &rarr; <strong>1753<\/strong><br \/>(-27 for losing)\n|l|\u2606CafeLeBlegh\n","uploadtime":1698958949,"views":5,"p1id":"juchanmarie","p2id":"cafeleblegh","formatid":"gen9anythinggoes","rating":1687,"private":0,"password":""}