{"id":"gen9anythinggoes-1973269987","p1":"EatingMaster710","p2":"Idk224","format":"[Gen 9] Anything Goes","log":"|j|\u2606EatingMaster710\n|j|\u2606Idk224\n|t:|1697946765\n|gametype|singles\n|player|p1|EatingMaster710|giovanni|1259\n|player|p2|Idk224|cynthia|1326\n|teamsize|p1|6\n|teamsize|p2|6\n|gen|9\n|tier|[Gen 9] Anything Goes\n|rated|\n|rule|HP Percentage Mod: HP is shown in percentages\n|rule|Endless Battle Clause: Forcing endless battles is banned\n|clearpoke\n|poke|p1|Skeledirge, F|\n|poke|p1|Quagsire, F|\n|poke|p1|Ting-Lu|\n|poke|p1|Mimikyu, M|\n|poke|p1|Toxapex, M|\n|poke|p1|Amoonguss, M|\n|poke|p2|Palafin, F|\n|poke|p2|Kyogre|\n|poke|p2|Palafin, F|\n|poke|p2|Palafin, M|\n|poke|p2|Kyogre|\n|poke|p2|Palafin, F|\n|teampreview\n|\n|t:|1697946773\n|start\n|switch|p1a: Toxapex|Toxapex, M, shiny|100\/100\n|switch|p2a: Palafin|Palafin, F|100\/100\n|turn|1\n|\n|t:|1697946782\n|move|p2a: Palafin|Flip Turn|p1a: Toxapex\n|-resisted|p1a: Toxapex\n|-damage|p1a: Toxapex|89\/100\n|\n|t:|1697946785\n|detailschange|p2a: Palafin|Palafin-Hero, F\n|switch|p2a: Kyogre|Kyogre|100\/100|[from] Flip Turn\n|-weather|RainDance|[from] ability: Drizzle|[of] p2a: Kyogre\n|move|p1a: Toxapex|Toxic Spikes|p2a: Kyogre\n|-sidestart|p2: Idk224|move: Toxic Spikes\n|\n|-weather|RainDance|[upkeep]\n|-heal|p1a: Toxapex|95\/100|[from] item: Leftovers\n|upkeep\n|turn|2\n|\n|t:|1697946795\n|move|p2a: Kyogre|Thunder|p1a: Toxapex\n|-supereffective|p1a: Toxapex\n|-crit|p1a: Toxapex\n|-damage|p1a: Toxapex|0 fnt\n|faint|p1a: Toxapex\n|\n|-weather|RainDance|[upkeep]\n|upkeep\n|\n|t:|1697946808\n|switch|p1a: Amoonguss|Amoonguss, M, shiny|100\/100\n|turn|3\n|\n|t:|1697946818\n|move|p2a: Kyogre|Water Spout|p1a: Amoonguss\n|-resisted|p1a: Amoonguss\n|-crit|p1a: Amoonguss\n|-damage|p1a: Amoonguss|28\/100\n|move|p1a: Amoonguss|Spore|p2a: Kyogre\n|-status|p2a: Kyogre|slp|[from] move: Spore\n|\n|-weather|RainDance|[upkeep]\n|-heal|p1a: Amoonguss|35\/100|[from] item: Leftovers\n|upkeep\n|turn|4\n|\n|t:|1697946830\n|switch|p2a: Kyogre|Kyogre|100\/100\n|-status|p2a: Kyogre|psn\n|move|p1a: Amoonguss|Giga Drain|p2a: Kyogre\n|-supereffective|p2a: Kyogre\n|-damage|p2a: Kyogre|66\/100 psn\n|-heal|p1a: Amoonguss|50\/100|[from] drain|[of] p2a: Kyogre\n|\n|-weather|RainDance|[upkeep]\n|-heal|p1a: Amoonguss|56\/100|[from] item: Leftovers\n|-damage|p2a: Kyogre|54\/100 psn|[from] psn\n|upkeep\n|turn|5\n|\n|t:|1697946849\n|move|p1a: Amoonguss|Protect|p1a: Amoonguss\n|-singleturn|p1a: Amoonguss|Protect\n|move|p2a: Kyogre|Ice Beam|p1a: Amoonguss\n|-activate|p1a: Amoonguss|move: Protect\n|\n|-weather|RainDance|[upkeep]\n|-heal|p1a: Amoonguss|63\/100|[from] item: Leftovers\n|-damage|p2a: Kyogre|42\/100 psn|[from] psn\n|upkeep\n|turn|6\n|\n|t:|1697946863\n|switch|p1a: Ting-Lu|Ting-Lu|100\/100\n|-ability|p1a: Ting-Lu|Vessel of Ruin\n|move|p2a: Kyogre|Ice Beam|p1a: Ting-Lu\n|-supereffective|p1a: Ting-Lu\n|-crit|p1a: Ting-Lu\n|-damage|p1a: Ting-Lu|65\/100\n|\n|-weather|RainDance|[upkeep]\n|-damage|p2a: Kyogre|30\/100 psn|[from] psn\n|upkeep\n|turn|7\n|\n|t:|1697946875\n|move|p2a: Kyogre|Hydro Pump|p1a: Ting-Lu\n|-supereffective|p1a: Ting-Lu\n|-damage|p1a: Ting-Lu|9\/100\n|move|p1a: Ting-Lu|Fissure|p2a: Kyogre|[miss]\n|-miss|p1a: Ting-Lu|p2a: Kyogre\n|\n|-weather|RainDance|[upkeep]\n|-damage|p2a: Kyogre|17\/100 psn|[from] psn\n|upkeep\n|turn|8\n|\n|t:|1697946886\n|move|p2a: Kyogre|Ice Beam|p1a: Ting-Lu\n|-supereffective|p1a: Ting-Lu\n|-damage|p1a: Ting-Lu|0 fnt\n|faint|p1a: Ting-Lu\n|\n|-weather|none\n|-damage|p2a: Kyogre|5\/100 psn|[from] psn\n|upkeep\n|\n|t:|1697946895\n|switch|p1a: Amoonguss|Amoonguss, M, shiny|96\/100\n|turn|9\n|\n|t:|1697946902\n|switch|p2a: Kyogre|Kyogre|100\/100 slp\n|-weather|RainDance|[from] ability: Drizzle|[of] p2a: Kyogre\n|move|p1a: Amoonguss|Protect||[still]\n|-fail|p1a: Amoonguss\n|\n|-weather|RainDance|[upkeep]\n|-heal|p1a: Amoonguss|100\/100|[from] item: Leftovers\n|upkeep\n|turn|10\n|\n|t:|1697946919\n|-terastallize|p2a: Kyogre|Grass\n|cant|p2a: Kyogre|slp\n|move|p1a: Amoonguss|Giga Drain|p2a: Kyogre\n|-resisted|p2a: Kyogre\n|-damage|p2a: Kyogre|93\/100 slp\n|\n|-weather|RainDance|[upkeep]\n|upkeep\n|turn|11\n|\n|t:|1697946927\n|cant|p2a: Kyogre|slp\n|move|p1a: Amoonguss|Sludge Bomb|p2a: Kyogre\n|-supereffective|p2a: Kyogre\n|-damage|p2a: Kyogre|50\/100 slp\n|\n|-weather|RainDance|[upkeep]\n|upkeep\n|turn|12\n|\n|t:|1697946935\n|switch|p2a: Palafin|Palafin-Hero, F|100\/100\n|-status|p2a: Palafin|psn\n|-activate|p2a: Palafin|ability: Zero to Hero\n|move|p1a: Amoonguss|Sludge Bomb|p2a: Palafin\n|-damage|p2a: Palafin|69\/100 psn\n|\n|-weather|RainDance|[upkeep]\n|-damage|p2a: Palafin|57\/100 psn|[from] psn\n|upkeep\n|turn|13\n|\n|t:|1697946948\n|move|p2a: Palafin|Wave Crash|p1a: Amoonguss\n|-resisted|p1a: Amoonguss\n|-damage|p1a: Amoonguss|20\/100\n|-damage|p2a: Palafin|28\/100 psn|[from] Recoil\n|move|p1a: Amoonguss|Giga Drain|p2a: Palafin\n|-supereffective|p2a: Palafin\n|-damage|p2a: Palafin|0 fnt\n|-heal|p1a: Amoonguss|33\/100|[from] drain|[of] p2a: Palafin\n|faint|p2a: Palafin\n|\n|-weather|RainDance|[upkeep]\n|-heal|p1a: Amoonguss|39\/100|[from] item: Leftovers\n|upkeep\n|\n|t:|1697946952\n|switch|p2a: Palafin|Palafin, M|100\/100\n|-status|p2a: Palafin|psn\n|turn|14\n|\n|t:|1697946968\n|switch|p1a: Quagsire|Quagsire, F, shiny|100\/100\n|move|p2a: Palafin|Flip Turn|p1a: Quagsire\n|-damage|p1a: Quagsire|59\/100\n|\n|t:|1697946974\n|detailschange|p2a: Palafin|Palafin-Hero, M\n|switch|p2a: Palafin|Palafin, F|100\/100|[from] Flip Turn\n|-status|p2a: Palafin|psn\n|\n|-weather|RainDance|[upkeep]\n|-heal|p1a: Quagsire|65\/100|[from] item: Leftovers\n|-damage|p2a: Palafin|88\/100 psn|[from] psn\n|upkeep\n|turn|15\n|\n|t:|1697946985\n|move|p2a: Palafin|Wave Crash|p1a: Quagsire\n|-damage|p1a: Quagsire|0 fnt\n|faint|p1a: Quagsire\n|-damage|p2a: Palafin|64\/100 psn|[from] Recoil\n|\n|-weather|RainDance|[upkeep]\n|-damage|p2a: Palafin|51\/100 psn|[from] psn\n|upkeep\n|\n|t:|1697946994\n|switch|p1a: Skeledirge|Skeledirge, F, shiny|100\/100\n|turn|16\n|\n|t:|1697947000\n|move|p2a: Palafin|Wave Crash|p1a: Skeledirge\n|-supereffective|p1a: Skeledirge\n|-damage|p1a: Skeledirge|0 fnt\n|faint|p1a: Skeledirge\n|-damage|p2a: Palafin|11\/100 psn|[from] Recoil\n|\n|-weather|none\n|-damage|p2a: Palafin|0 fnt|[from] psn\n|faint|p2a: Palafin\n|upkeep\n|\n|t:|1697947010\n|switch|p2a: Palafin|Palafin, F|100\/100\n|switch|p1a: Amoonguss|Amoonguss, M, shiny|73\/100\n|-status|p2a: Palafin|psn\n|turn|17\n|\n|t:|1697947017\n|move|p1a: Amoonguss|Protect|p1a: Amoonguss\n|-singleturn|p1a: Amoonguss|Protect\n|move|p2a: Palafin|Flip Turn|p1a: Amoonguss\n|-activate|p1a: Amoonguss|move: Protect\n|\n|-heal|p1a: Amoonguss|79\/100|[from] item: Leftovers\n|-damage|p2a: Palafin|88\/100 psn|[from] psn\n|upkeep\n|turn|18\n|\n|t:|1697947028\n|move|p2a: Palafin|Flip Turn|p1a: Amoonguss\n|-resisted|p1a: Amoonguss\n|-damage|p1a: Amoonguss|65\/100\n|\n|t:|1697947032\n|detailschange|p2a: Palafin|Palafin-Hero, F\n|switch|p2a: Kyogre|Kyogre|5\/100 psn|[from] Flip Turn\n|-weather|RainDance|[from] ability: Drizzle|[of] p2a: Kyogre\n|move|p1a: Amoonguss|Giga Drain|p2a: Kyogre\n|-supereffective|p2a: Kyogre\n|-damage|p2a: Kyogre|0 fnt\n|-heal|p1a: Amoonguss|67\/100|[from] drain|[of] p2a: Kyogre\n|faint|p2a: Kyogre\n|\n|-weather|RainDance|[upkeep]\n|-heal|p1a: Amoonguss|73\/100|[from] item: Leftovers\n|upkeep\n|\n|t:|1697947040\n|switch|p2a: Palafin|Palafin-Hero, M|100\/100 psn\n|-activate|p2a: Palafin|ability: Zero to Hero\n|turn|19\n|\n|t:|1697947049\n|move|p1a: Amoonguss|Protect|p1a: Amoonguss\n|-singleturn|p1a: Amoonguss|Protect\n|move|p2a: Palafin|Wave Crash|p1a: Amoonguss\n|-activate|p1a: Amoonguss|move: Protect\n|\n|-weather|RainDance|[upkeep]\n|-heal|p1a: Amoonguss|80\/100|[from] item: Leftovers\n|-damage|p2a: Palafin|88\/100 psn|[from] psn\n|upkeep\n|turn|20\n|\n|t:|1697947069\n|move|p2a: Palafin|Wave Crash|p1a: Amoonguss\n|-resisted|p1a: Amoonguss\n|-damage|p1a: Amoonguss|3\/100\n|-damage|p2a: Palafin|61\/100 psn|[from] Recoil\n|move|p1a: Amoonguss|Giga Drain|p2a: Palafin\n|-supereffective|p2a: Palafin\n|-damage|p2a: Palafin|6\/100 psn\n|-heal|p1a: Amoonguss|28\/100|[from] drain|[of] p2a: Palafin\n|\n|-weather|RainDance|[upkeep]\n|-heal|p1a: Amoonguss|34\/100|[from] item: Leftovers\n|-damage|p2a: Palafin|0 fnt|[from] psn\n|faint|p2a: Palafin\n|upkeep\n|\n|t:|1697947073\n|switch|p2a: Palafin|Palafin-Hero, F|88\/100 psn\n|-activate|p2a: Palafin|ability: Zero to Hero\n|turn|21\n|\n|t:|1697947087\n|move|p1a: Amoonguss|Protect|p1a: Amoonguss\n|-singleturn|p1a: Amoonguss|Protect\n|move|p2a: Palafin|Jet Punch|p1a: Amoonguss\n|-activate|p1a: Amoonguss|move: Protect\n|\n|-weather|RainDance|[upkeep]\n|-heal|p1a: Amoonguss|40\/100|[from] item: Leftovers\n|-damage|p2a: Palafin|76\/100 psn|[from] psn\n|upkeep\n|turn|22\n|\n|t:|1697947097\n|switch|p1a: Mimikyu|Mimikyu, M, shiny|100\/100\n|move|p2a: Palafin|Jet Punch|p1a: Mimikyu\n|-activate|p1a: Mimikyu|ability: Disguise\n|-damage|p1a: Mimikyu|100\/100\n|detailschange|p1a: Mimikyu|Mimikyu-Busted, M, shiny\n|-damage|p1a: Mimikyu|88\/100|[from] pokemon: Mimikyu-Busted\n|\n|-weather|RainDance|[upkeep]\n|-damage|p2a: Palafin|64\/100 psn|[from] psn\n|upkeep\n|turn|23\n|\n|t:|1697947109\n|move|p1a: Mimikyu|Protect|p1a: Mimikyu\n|-singleturn|p1a: Mimikyu|Protect\n|move|p2a: Palafin|Jet Punch|p1a: Mimikyu\n|-activate|p1a: Mimikyu|move: Protect\n|\n|-weather|RainDance|[upkeep]\n|-damage|p2a: Palafin|51\/100 psn|[from] psn\n|upkeep\n|turn|24\n|\n|t:|1697947119\n|move|p2a: Palafin|Jet Punch|p1a: Mimikyu\n|-damage|p1a: Mimikyu|0 fnt\n|faint|p1a: Mimikyu\n|\n|-weather|RainDance|[upkeep]\n|-damage|p2a: Palafin|39\/100 psn|[from] psn\n|upkeep\n|\n|t:|1697947126\n|switch|p1a: Amoonguss|Amoonguss, M, shiny|74\/100\n|turn|25\n|\n|t:|1697947134\n|switch|p2a: Kyogre|Kyogre, tera:Grass|50\/100 slp\n|move|p1a: Amoonguss|Giga Drain|p2a: Kyogre\n|-resisted|p2a: Kyogre\n|-damage|p2a: Kyogre|42\/100 slp\n|-heal|p1a: Amoonguss|78\/100|[from] drain|[of] p2a: Kyogre\n|\n|-weather|none\n|-heal|p1a: Amoonguss|84\/100|[from] item: Leftovers\n|upkeep\n|turn|26\n|\n|t:|1697947147\n|cant|p2a: Kyogre|slp\n|move|p1a: Amoonguss|Spore|p2a: Kyogre\n|-immune|p2a: Kyogre\n|\n|-heal|p1a: Amoonguss|90\/100|[from] item: Leftovers\n|upkeep\n|turn|27\n|\n|t:|1697947157\n|-curestatus|p2a: Kyogre|slp|[msg]\n|move|p2a: Kyogre|Ice Beam|p1a: Amoonguss\n|-supereffective|p1a: Amoonguss\n|-damage|p1a: Amoonguss|38\/100\n|move|p1a: Amoonguss|Sludge Bomb|p2a: Kyogre\n|-supereffective|p2a: Kyogre\n|-crit|p2a: Kyogre\n|-damage|p2a: Kyogre|0 fnt\n|faint|p2a: Kyogre\n|\n|-heal|p1a: Amoonguss|45\/100|[from] item: Leftovers\n|upkeep\n|\n|t:|1697947164\n|switch|p2a: Palafin|Palafin-Hero, F|39\/100 psn\n|turn|28\n|\n|t:|1697947173\n|move|p1a: Amoonguss|Protect|p1a: Amoonguss\n|-singleturn|p1a: Amoonguss|Protect\n|move|p2a: Palafin|Wave Crash|p1a: Amoonguss\n|-activate|p1a: Amoonguss|move: Protect\n|\n|-heal|p1a: Amoonguss|51\/100|[from] item: Leftovers\n|-damage|p2a: Palafin|27\/100 psn|[from] psn\n|upkeep\n|turn|29\n|inactive|Battle timer is ON: inactive players will automatically lose when time's up. (requested by Idk224)\n|\n|t:|1697947205\n|move|p1a: Amoonguss|Protect|p1a: Amoonguss\n|-singleturn|p1a: Amoonguss|Protect\n|move|p2a: Palafin|Wave Crash|p1a: Amoonguss\n|-activate|p1a: Amoonguss|move: Protect\n|\n|-heal|p1a: Amoonguss|57\/100|[from] item: Leftovers\n|-damage|p2a: Palafin|14\/100 psn|[from] psn\n|upkeep\n|turn|30\n|inactive|EatingMaster710 has 120 seconds left.\n|\n|t:|1697947238\n|move|p2a: Palafin|Wave Crash|p1a: Amoonguss\n|-resisted|p1a: Amoonguss\n|-damage|p1a: Amoonguss|10\/100\n|-damage|p2a: Palafin|0 fnt|[from] Recoil\n|faint|p2a: Palafin\n|\n|win|EatingMaster710\n|raw|EatingMaster710's rating: 1259 &rarr; <strong>1289<\/strong><br \/>(+30 for winning)\n|raw|Idk224's rating: 1326 &rarr; <strong>1302<\/strong><br \/>(-24 for losing)\n|l|\u2606Idk224\n","uploadtime":1697947252,"views":10,"p1id":"eatingmaster710","p2id":"idk224","formatid":"gen9anythinggoes","rating":1289,"private":0,"password":""}