{"id":"gen9anythinggoes-1984112357","p1":"Mente","p2":"Penny4YourThoughts","format":"[Gen 9] Anything Goes","log":"|j|\u2606Mente\n|j|\u2606Penny4YourThoughts\n|t:|1699219939\n|gametype|singles\n|player|p1|Mente|266|\n|player|p2|Penny4YourThoughts|katy|\n|teamsize|p1|6\n|teamsize|p2|6\n|gen|9\n|tier|[Gen 9] Anything Goes\n|rule|HP Percentage Mod: HP is shown in percentages\n|rule|Endless Battle Clause: Forcing endless battles is banned\n|clearpoke\n|poke|p1|Revavroom, M|\n|poke|p1|Dragonite, M|\n|poke|p1|Vaporeon, F|\n|poke|p1|Mimikyu, F|\n|poke|p1|Amoonguss, F|\n|poke|p1|Ceruledge, F|\n|poke|p2|Magearna|\n|poke|p2|Iron Valiant|\n|poke|p2|Ribombee, M|\n|poke|p2|Gardevoir, M|\n|poke|p2|Weezing-Galar, F|\n|poke|p2|Grimmsnarl, M|\n|teampreview\n|c|\u2606Penny4YourThoughts|hey hey\n|c|\u2606Mente|hello hello!\n|\n|t:|1699219992\n|start\n|switch|p1a: Revavroom|Revavroom, M|100\/100\n|switch|p2a: Puck|Ribombee, M, shiny|100\/100\n|turn|1\n|\n|t:|1699220002\n|move|p1a: Revavroom|Taunt|p2a: Puck\n|-start|p2a: Puck|move: Taunt\n|cant|p2a: Puck|move: Taunt|Sticky Web\n|\n|upkeep\n|turn|2\n|\n|t:|1699220010\n|switch|p1a: Amoonguss|Amoonguss, F|100\/100\n|switch|p2a: Pariah|Grimmsnarl, M|100\/100\n|\n|upkeep\n|turn|3\n|\n|t:|1699220017\n|move|p2a: Pariah|Trick|p1a: Amoonguss\n|-activate|p2a: Pariah|move: Trick|[of] p1a: Amoonguss\n|-item|p1a: Amoonguss|Choice Band|[from] move: Trick\n|-item|p2a: Pariah|Rocky Helmet|[from] move: Trick\n|move|p1a: Amoonguss|Sludge Bomb|p2a: Pariah\n|-supereffective|p2a: Pariah\n|-damage|p2a: Pariah|42\/100\n|\n|upkeep\n|turn|4\n|\n|t:|1699220034\n|switch|p2a: Polly Pocket|Magearna|100\/100\n|move|p1a: Amoonguss|Sludge Bomb|p2a: Polly Pocket\n|-immune|p2a: Polly Pocket\n|\n|upkeep\n|turn|5\n|\n|t:|1699220045\n|switch|p1a: Vaporeon|Vaporeon, F|100\/100\n|move|p2a: Polly Pocket|Shift Gear|p2a: Polly Pocket\n|-boost|p2a: Polly Pocket|spe|2\n|-boost|p2a: Polly Pocket|atk|1\n|\n|upkeep\n|turn|6\n|\n|t:|1699220066\n|switch|p2a: Puck|Ribombee, M, shiny|100\/100\n|move|p1a: Vaporeon|Haze|p1a: Vaporeon\n|-clearallboost\n|\n|upkeep\n|turn|7\n|\n|t:|1699220098\n|switch|p1a: Ceruledge|Ceruledge, F|100\/100\n|move|p2a: Puck|Sticky Web|p1a: Ceruledge\n|-sidestart|p1: Mente|move: Sticky Web\n|\n|upkeep\n|turn|8\n|\n|t:|1699220121\n|move|p2a: Puck|Baton Pass|p2a: Puck\n|\n|t:|1699220125\n|switch|p2a: Poppycock|Weezing-Galar, F|100\/100|[from] Baton Pass\n|move|p1a: Ceruledge|Bulk Up|p1a: Ceruledge\n|-boost|p1a: Ceruledge|atk|1\n|-boost|p1a: Ceruledge|def|1\n|\n|upkeep\n|turn|9\n|\n|t:|1699220135\n|move|p1a: Ceruledge|Bitter Blade|p2a: Poppycock\n|-damage|p2a: Poppycock|62\/100\n|move|p2a: Poppycock|Strange Steam|p1a: Ceruledge\n|-resisted|p1a: Ceruledge\n|-damage|p1a: Ceruledge|90\/100\n|\n|upkeep\n|turn|10\n|\n|t:|1699220143\n|move|p1a: Ceruledge|Bulk Up|p1a: Ceruledge\n|-boost|p1a: Ceruledge|atk|1\n|-boost|p1a: Ceruledge|def|1\n|move|p2a: Poppycock|Strange Steam|p1a: Ceruledge\n|-resisted|p1a: Ceruledge\n|-damage|p1a: Ceruledge|78\/100\n|\n|upkeep\n|turn|11\n|\n|t:|1699220158\n|move|p1a: Ceruledge|Bitter Blade|p2a: Poppycock\n|-damage|p2a: Poppycock|10\/100\n|-heal|p1a: Ceruledge|100\/100|[from] drain|[of] p2a: Poppycock\n|move|p2a: Poppycock|Strange Steam|p1a: Ceruledge\n|-resisted|p1a: Ceruledge\n|-damage|p1a: Ceruledge|90\/100\n|\n|upkeep\n|turn|12\n|-enditem|p2a: Poppycock|Custap Berry|[eat]\n|-activate|p2a: Poppycock|item: Custap Berry|[consumed]\n|\n|t:|1699220169\n|move|p2a: Poppycock|Destiny Bond|p2a: Poppycock\n|-singlemove|p2a: Poppycock|Destiny Bond\n|move|p1a: Ceruledge|Bulk Up|p1a: Ceruledge\n|-boost|p1a: Ceruledge|atk|1\n|-boost|p1a: Ceruledge|def|1\n|\n|upkeep\n|turn|13\n|c|\u2606Penny4YourThoughts|I feel a sense of deja vu\n|\n|t:|1699220181\n|move|p1a: Ceruledge|Bulk Up|p1a: Ceruledge\n|-boost|p1a: Ceruledge|atk|1\n|-boost|p1a: Ceruledge|def|1\n|move|p2a: Poppycock|Strange Steam|p1a: Ceruledge\n|-resisted|p1a: Ceruledge\n|-damage|p1a: Ceruledge|80\/100\n|\n|upkeep\n|turn|14\n|\n|t:|1699220187\n|move|p1a: Ceruledge|Shadow Sneak|p2a: Poppycock\n|-damage|p2a: Poppycock|0 fnt\n|faint|p2a: Poppycock\n|\n|upkeep\n|c|\u2606Mente|lol what kind of deja vu?\n|\n|t:|1699220196\n|switch|p2a: Polendina|Iron Valiant|100\/100\n|turn|15\n|\n|t:|1699220206\n|move|p1a: Ceruledge|Shadow Sneak|p2a: Polendina\n|-damage|p2a: Polendina|38\/100\n|move|p2a: Polendina|Shadow Claw|p1a: Ceruledge\n|-supereffective|p1a: Ceruledge\n|-crit|p1a: Ceruledge\n|-damage|p1a: Ceruledge|0 fnt\n|faint|p1a: Ceruledge\n|\n|upkeep\n|c|\u2606Penny4YourThoughts|the completely fluking it on the custap berry\n|\n|t:|1699220226\n|switch|p1a: Revavroom|Revavroom, M|100\/100\n|-activate|p1a: Revavroom|move: Sticky Web\n|-unboost|p1a: Revavroom|spe|1\n|turn|16\n|\n|t:|1699220248\n|move|p2a: Polendina|Close Combat|p1a: Revavroom\n|-damage|p1a: Revavroom|25\/100\n|-unboost|p2a: Polendina|def|1\n|-unboost|p2a: Polendina|spd|1\n|move|p1a: Revavroom|Iron Head|p2a: Polendina\n|-supereffective|p2a: Polendina\n|-damage|p2a: Polendina|0 fnt\n|faint|p2a: Polendina\n|-end|p2a: Polendina|Quark Drive|[silent]\n|\n|upkeep\n|\n|t:|1699220257\n|switch|p2a: Prioress|Gardevoir, M|100\/100\n|-ability|p2a: Prioress|Filter|[from] ability: Trace|[of] p1a: Revavroom\n|turn|17\n|\n|t:|1699220266\n|-terastallize|p2a: Prioress|Fire\n|move|p1a: Revavroom|Iron Head|p2a: Prioress\n|-resisted|p2a: Prioress\n|-damage|p2a: Prioress|83\/100\n|move|p2a: Prioress|Will-O-Wisp|p1a: Revavroom|[miss]\n|-miss|p2a: Prioress|p1a: Revavroom\n|\n|upkeep\n|turn|18\n|\n|t:|1699220276\n|switch|p1a: Amoonguss|Amoonguss, F|100\/100\n|-activate|p1a: Amoonguss|move: Sticky Web\n|-unboost|p1a: Amoonguss|spe|1\n|move|p2a: Prioress|Calm Mind|p2a: Prioress\n|-boost|p2a: Prioress|spa|1\n|-boost|p2a: Prioress|spd|1\n|\n|upkeep\n|turn|19\n|\n|t:|1699220285\n|move|p2a: Prioress|Calm Mind|p2a: Prioress\n|-boost|p2a: Prioress|spa|1\n|-boost|p2a: Prioress|spd|1\n|move|p1a: Amoonguss|Spore|p2a: Prioress\n|-status|p2a: Prioress|slp|[from] move: Spore\n|\n|upkeep\n|turn|20\n|\n|t:|1699220294\n|switch|p1a: Dragonite|Dragonite, M|100\/100\n|cant|p2a: Prioress|slp\n|\n|upkeep\n|turn|21\n|\n|t:|1699220301\n|move|p1a: Dragonite|Dragon Dance|p1a: Dragonite\n|-boost|p1a: Dragonite|atk|1\n|-boost|p1a: Dragonite|spe|1\n|cant|p2a: Prioress|slp\n|\n|upkeep\n|turn|22\n|\n|t:|1699220311\n|move|p1a: Dragonite|Earthquake|p2a: Prioress\n|-supereffective|p2a: Prioress\n|-damage|p2a: Prioress|6\/100 slp\n|-enditem|p2a: Prioress|Iapapa Berry|[eat]\n|-heal|p2a: Prioress|39\/100 slp|[from] item: Iapapa Berry\n|-curestatus|p2a: Prioress|slp|[msg]\n|move|p2a: Prioress|Will-O-Wisp|p1a: Dragonite\n|-status|p1a: Dragonite|brn\n|\n|-damage|p1a: Dragonite|94\/100 brn|[from] brn\n|upkeep\n|turn|23\n|\n|t:|1699220323\n|move|p1a: Dragonite|Encore|p2a: Prioress\n|-start|p2a: Prioress|Encore\n|move|p2a: Prioress|Will-O-Wisp|p1a: Dragonite\n|-fail|p1a: Dragonite|brn\n|\n|-damage|p1a: Dragonite|88\/100 brn|[from] brn\n|upkeep\n|turn|24\n|c|\u2606Penny4YourThoughts|TIL dragonite gets encore\n|c|\u2606Penny4YourThoughts|how annoying\n|c|\u2606Mente|lol\n|c|\u2606Mente|It's quite potent\n|\n|t:|1699220350\n|switch|p2a: Pariah|Grimmsnarl, M|42\/100\n|move|p1a: Dragonite|Dragon Dance|p1a: Dragonite\n|-boost|p1a: Dragonite|atk|1\n|-boost|p1a: Dragonite|spe|1\n|\n|-damage|p1a: Dragonite|82\/100 brn|[from] brn\n|upkeep\n|turn|25\n|\n|t:|1699220360\n|move|p1a: Dragonite|Extreme Speed|p2a: Pariah\n|-damage|p2a: Pariah|18\/100\n|-damage|p1a: Dragonite|66\/100 brn|[from] item: Rocky Helmet|[of] p2a: Pariah\n|move|p2a: Pariah|Parting Shot|p1a: Dragonite\n|-unboost|p1a: Dragonite|atk|1\n|-unboost|p1a: Dragonite|spa|1\n|\n|t:|1699220367\n|switch|p2a: Polly Pocket|Magearna|100\/100|[from] Parting Shot\n|\n|-damage|p1a: Dragonite|59\/100 brn|[from] brn\n|upkeep\n|turn|26\n|\n|t:|1699220374\n|move|p1a: Dragonite|Earthquake|p2a: Polly Pocket\n|-supereffective|p2a: Polly Pocket\n|-damage|p2a: Polly Pocket|63\/100\n|move|p2a: Polly Pocket|Draining Kiss|p1a: Dragonite\n|-supereffective|p1a: Dragonite\n|-damage|p1a: Dragonite|18\/100 brn\n|-heal|p2a: Polly Pocket|91\/100|[from] drain|[of] p1a: Dragonite\n|\n|-heal|p2a: Polly Pocket|97\/100|[from] item: Leftovers\n|-damage|p1a: Dragonite|12\/100 brn|[from] brn\n|upkeep\n|turn|27\n|\n|t:|1699220398\n|switch|p1a: Revavroom|Revavroom, M|25\/100\n|-activate|p1a: Revavroom|move: Sticky Web\n|-unboost|p1a: Revavroom|spe|1\n|move|p2a: Polly Pocket|Draining Kiss|p1a: Revavroom\n|-resisted|p1a: Revavroom\n|-damage|p1a: Revavroom|16\/100\n|-heal|p2a: Polly Pocket|100\/100|[from] drain|[of] p1a: Revavroom\n|\n|upkeep\n|turn|28\n|\n|t:|1699220410\n|move|p1a: Revavroom|Parting Shot|p2a: Polly Pocket\n|-unboost|p2a: Polly Pocket|atk|1\n|-unboost|p2a: Polly Pocket|spa|1\n|\n|t:|1699220414\n|switch|p1a: Amoonguss|Amoonguss, F|100\/100|[from] Parting Shot\n|-activate|p1a: Amoonguss|move: Sticky Web\n|-unboost|p1a: Amoonguss|spe|1\n|move|p2a: Polly Pocket|Shift Gear|p2a: Polly Pocket\n|-boost|p2a: Polly Pocket|spe|2\n|-boost|p2a: Polly Pocket|atk|1\n|\n|upkeep\n|turn|29\n|\n|t:|1699220427\n|switch|p2a: Prioress|Gardevoir, M, tera:Fire|39\/100\n|-ability|p2a: Prioress|Regenerator|[from] ability: Trace|[of] p1a: Amoonguss\n|move|p1a: Amoonguss|Spore|p2a: Prioress\n|-status|p2a: Prioress|slp|[from] move: Spore\n|\n|upkeep\n|turn|30\n|\n|t:|1699220441\n|switch|p2a: Pariah|Grimmsnarl, M|18\/100\n|switch|p1a: Mimikyu|Mimikyu, F|100\/100\n|-activate|p1a: Mimikyu|move: Sticky Web\n|-unboost|p1a: Mimikyu|spe|1\n|\n|upkeep\n|turn|31\n|\n|t:|1699220450\n|move|p2a: Pariah|Parting Shot|p1a: Mimikyu\n|-unboost|p1a: Mimikyu|atk|1\n|-unboost|p1a: Mimikyu|spa|1\n|\n|t:|1699220454\n|switch|p2a: Polly Pocket|Magearna|100\/100|[from] Parting Shot\n|move|p1a: Mimikyu|Swords Dance|p1a: Mimikyu\n|-boost|p1a: Mimikyu|atk|2\n|\n|upkeep\n|turn|32\n|\n|t:|1699220461\n|move|p1a: Mimikyu|Taunt|p2a: Polly Pocket\n|-start|p2a: Polly Pocket|move: Taunt\n|move|p2a: Polly Pocket|Draining Kiss|p1a: Mimikyu\n|-activate|p1a: Mimikyu|ability: Disguise\n|-damage|p1a: Mimikyu|100\/100\n|detailschange|p1a: Mimikyu|Mimikyu-Busted, F\n|-damage|p1a: Mimikyu|88\/100|[from] pokemon: Mimikyu-Busted\n|\n|upkeep\n|turn|33\n|\n|t:|1699220472\n|move|p1a: Mimikyu|Curse|p2a: Polly Pocket\n|-start|p2a: Polly Pocket|Curse|[of] p1a: Mimikyu\n|-damage|p1a: Mimikyu|38\/100\n|-enditem|p1a: Mimikyu|Sitrus Berry|[eat]\n|-heal|p1a: Mimikyu|63\/100|[from] item: Sitrus Berry\n|move|p2a: Polly Pocket|Draining Kiss|p1a: Mimikyu\n|-damage|p1a: Mimikyu|35\/100\n|\n|-damage|p2a: Polly Pocket|75\/100|[from] Curse\n|upkeep\n|turn|34\n|\n|t:|1699220484\n|switch|p2a: Pariah|Grimmsnarl, M|18\/100\n|move|p1a: Mimikyu|Shadow Sneak|p2a: Pariah\n|-resisted|p2a: Pariah\n|-damage|p2a: Pariah|8\/100\n|-damage|p1a: Mimikyu|19\/100|[from] item: Rocky Helmet|[of] p2a: Pariah\n|\n|upkeep\n|turn|35\n|\n|t:|1699220497\n|move|p1a: Mimikyu|Shadow Sneak|p2a: Pariah\n|-resisted|p2a: Pariah\n|-damage|p2a: Pariah|0 fnt\n|-damage|p1a: Mimikyu|2\/100|[from] item: Rocky Helmet|[of] p2a: Pariah\n|faint|p2a: Pariah\n|\n|upkeep\n|\n|t:|1699220515\n|switch|p2a: Puck|Ribombee, M, shiny|100\/100\n|turn|36\n|\n|t:|1699220520\n|move|p1a: Mimikyu|Shadow Sneak|p2a: Puck\n|-damage|p2a: Puck|54\/100\n|move|p2a: Puck|Quiver Dance|p2a: Puck\n|-boost|p2a: Puck|spa|1\n|-boost|p2a: Puck|spd|1\n|-boost|p2a: Puck|spe|1\n|\n|upkeep\n|turn|37\n|\n|t:|1699220532\n|move|p1a: Mimikyu|Shadow Sneak|p2a: Puck\n|-damage|p2a: Puck|8\/100\n|move|p2a: Puck|Baton Pass|p2a: Puck\n|\n|t:|1699220536\n|switch|p2a: Polly Pocket|Magearna|75\/100|[from] Baton Pass\n|\n|-heal|p2a: Polly Pocket|82\/100|[from] item: Leftovers\n|upkeep\n|turn|38\n|\n|t:|1699220542\n|move|p1a: Mimikyu|Shadow Sneak|p2a: Polly Pocket\n|-damage|p2a: Polly Pocket|66\/100\n|move|p2a: Polly Pocket|Draining Kiss|p1a: Mimikyu\n|-damage|p1a: Mimikyu|0 fnt\n|-heal|p2a: Polly Pocket|67\/100|[from] drain|[of] p1a: Mimikyu\n|faint|p1a: Mimikyu\n|-ability|p2a: Polly Pocket|Soul-Heart|boost\n|-boost|p2a: Polly Pocket|spa|1\n|\n|-heal|p2a: Polly Pocket|73\/100|[from] item: Leftovers\n|upkeep\n|\n|t:|1699220551\n|switch|p1a: Amoonguss|Amoonguss, F|100\/100\n|-activate|p1a: Amoonguss|move: Sticky Web\n|-unboost|p1a: Amoonguss|spe|1\n|turn|39\n|\n|t:|1699220556\n|move|p2a: Polly Pocket|Stored Power|p1a: Amoonguss\n|-supereffective|p1a: Amoonguss\n|-damage|p1a: Amoonguss|21\/100\n|move|p1a: Amoonguss|Spore|p2a: Polly Pocket\n|-status|p2a: Polly Pocket|slp|[from] move: Spore\n|\n|-heal|p2a: Polly Pocket|79\/100 slp|[from] item: Leftovers\n|upkeep\n|turn|40\n|c|\u2606Penny4YourThoughts|aw damn\n|c|\u2606Penny4YourThoughts|really hate that our sleep clause is for 2 mons\n|c|\u2606Penny4YourThoughts|feels bad\n|\n|t:|1699220587\n|switch|p1a: Vaporeon|Vaporeon, F|100\/100\n|-activate|p1a: Vaporeon|move: Sticky Web\n|-unboost|p1a: Vaporeon|spe|1\n|cant|p2a: Polly Pocket|slp\n|\n|-heal|p2a: Polly Pocket|85\/100 slp|[from] item: Leftovers\n|upkeep\n|turn|41\n|\n|t:|1699220595\n|cant|p2a: Polly Pocket|slp\n|move|p1a: Vaporeon|Haze|p1a: Vaporeon\n|-clearallboost\n|\n|-heal|p2a: Polly Pocket|91\/100 slp|[from] item: Leftovers\n|upkeep\n|turn|42\n|\n|t:|1699220601\n|move|p1a: Vaporeon|Scald|p2a: Polly Pocket\n|-damage|p2a: Polly Pocket|67\/100 slp\n|cant|p2a: Polly Pocket|slp\n|\n|-heal|p2a: Polly Pocket|73\/100 slp|[from] item: Leftovers\n|upkeep\n|turn|43\n|\n|t:|1699220612\n|-curestatus|p2a: Polly Pocket|slp|[msg]\n|move|p2a: Polly Pocket|Calm Mind|p2a: Polly Pocket\n|-boost|p2a: Polly Pocket|spa|1\n|-boost|p2a: Polly Pocket|spd|1\n|move|p1a: Vaporeon|Scald|p2a: Polly Pocket\n|-damage|p2a: Polly Pocket|57\/100\n|\n|-heal|p2a: Polly Pocket|63\/100|[from] item: Leftovers\n|upkeep\n|turn|44\n|\n|t:|1699220627\n|move|p1a: Vaporeon|Haze|p1a: Vaporeon\n|-clearallboost\n|move|p2a: Polly Pocket|Draining Kiss|p1a: Vaporeon\n|-damage|p1a: Vaporeon|85\/100\n|-heal|p2a: Polly Pocket|78\/100|[from] drain|[of] p1a: Vaporeon\n|\n|-heal|p2a: Polly Pocket|84\/100|[from] item: Leftovers\n|-heal|p1a: Vaporeon|91\/100|[from] item: Leftovers\n|upkeep\n|turn|45\n|\n|t:|1699220637\n|move|p1a: Vaporeon|Scald|p2a: Polly Pocket\n|-damage|p2a: Polly Pocket|60\/100\n|move|p2a: Polly Pocket|Calm Mind|p2a: Polly Pocket\n|-boost|p2a: Polly Pocket|spa|1\n|-boost|p2a: Polly Pocket|spd|1\n|\n|-heal|p2a: Polly Pocket|66\/100|[from] item: Leftovers\n|-heal|p1a: Vaporeon|97\/100|[from] item: Leftovers\n|upkeep\n|turn|46\n|\n|t:|1699220646\n|move|p2a: Polly Pocket|Calm Mind|p2a: Polly Pocket\n|-boost|p2a: Polly Pocket|spa|1\n|-boost|p2a: Polly Pocket|spd|1\n|move|p1a: Vaporeon|Haze|p1a: Vaporeon\n|-clearallboost\n|\n|-heal|p2a: Polly Pocket|72\/100|[from] item: Leftovers\n|-heal|p1a: Vaporeon|100\/100|[from] item: Leftovers\n|upkeep\n|turn|47\n|\n|t:|1699220655\n|move|p2a: Polly Pocket|Calm Mind|p2a: Polly Pocket\n|-boost|p2a: Polly Pocket|spa|1\n|-boost|p2a: Polly Pocket|spd|1\n|move|p1a: Vaporeon|Scald|p2a: Polly Pocket\n|-damage|p2a: Polly Pocket|56\/100\n|\n|-heal|p2a: Polly Pocket|62\/100|[from] item: Leftovers\n|upkeep\n|turn|48\n|c|\u2606Mente|Why do you hate the sleep clause at 2? There's no sleep clause in vgc\n|\n|t:|1699220664\n|move|p2a: Polly Pocket|Draining Kiss|p1a: Vaporeon\n|-damage|p1a: Vaporeon|75\/100\n|-heal|p2a: Polly Pocket|86\/100|[from] drain|[of] p1a: Vaporeon\n|move|p1a: Vaporeon|Haze|p1a: Vaporeon\n|-clearallboost\n|\n|-heal|p2a: Polly Pocket|93\/100|[from] item: Leftovers\n|-heal|p1a: Vaporeon|82\/100|[from] item: Leftovers\n|upkeep\n|turn|49\n|c|\u2606Penny4YourThoughts|I also loathe vgc\n|\n|t:|1699220691\n|move|p2a: Polly Pocket|Calm Mind|p2a: Polly Pocket\n|-boost|p2a: Polly Pocket|spa|1\n|-boost|p2a: Polly Pocket|spd|1\n|move|p1a: Vaporeon|Scald|p2a: Polly Pocket\n|-damage|p2a: Polly Pocket|76\/100\n|\n|-heal|p1a: Vaporeon|88\/100|[from] item: Leftovers\n|-heal|p2a: Polly Pocket|82\/100|[from] item: Leftovers\n|upkeep\n|turn|50\n|\n|t:|1699220701\n|move|p1a: Vaporeon|Haze|p1a: Vaporeon\n|-clearallboost\n|move|p2a: Polly Pocket|Shift Gear|p2a: Polly Pocket\n|-boost|p2a: Polly Pocket|spe|2\n|-boost|p2a: Polly Pocket|atk|1\n|\n|-heal|p2a: Polly Pocket|88\/100|[from] item: Leftovers\n|-heal|p1a: Vaporeon|94\/100|[from] item: Leftovers\n|upkeep\n|turn|51\n|\n|t:|1699220709\n|move|p2a: Polly Pocket|Calm Mind|p2a: Polly Pocket\n|-boost|p2a: Polly Pocket|spa|1\n|-boost|p2a: Polly Pocket|spd|1\n|move|p1a: Vaporeon|Haze|p1a: Vaporeon\n|-clearallboost\n|\n|-heal|p2a: Polly Pocket|94\/100|[from] item: Leftovers\n|-heal|p1a: Vaporeon|99\/100|[from] item: Leftovers\n|upkeep\n|turn|52\n|\n|t:|1699220730\n|move|p1a: Vaporeon|Scald|p2a: Polly Pocket\n|-damage|p2a: Polly Pocket|68\/100\n|move|p2a: Polly Pocket|Shift Gear|p2a: Polly Pocket\n|-boost|p2a: Polly Pocket|spe|2\n|-boost|p2a: Polly Pocket|atk|1\n|\n|-heal|p2a: Polly Pocket|74\/100|[from] item: Leftovers\n|-heal|p1a: Vaporeon|100\/100|[from] item: Leftovers\n|upkeep\n|turn|53\n|\n|t:|1699220739\n|move|p2a: Polly Pocket|Calm Mind|p2a: Polly Pocket\n|-boost|p2a: Polly Pocket|spa|1\n|-boost|p2a: Polly Pocket|spd|1\n|move|p1a: Vaporeon|Scald|p2a: Polly Pocket\n|-damage|p2a: Polly Pocket|57\/100\n|\n|-heal|p2a: Polly Pocket|63\/100|[from] item: Leftovers\n|upkeep\n|turn|54\n|\n|t:|1699220746\n|move|p2a: Polly Pocket|Stored Power|p1a: Vaporeon\n|-damage|p1a: Vaporeon|61\/100\n|move|p1a: Vaporeon|Haze|p1a: Vaporeon\n|-clearallboost\n|\n|-heal|p2a: Polly Pocket|69\/100|[from] item: Leftovers\n|-heal|p1a: Vaporeon|67\/100|[from] item: Leftovers\n|upkeep\n|turn|55\n|\n|t:|1699220754\n|move|p2a: Polly Pocket|Calm Mind|p2a: Polly Pocket\n|-boost|p2a: Polly Pocket|spa|1\n|-boost|p2a: Polly Pocket|spd|1\n|move|p1a: Vaporeon|Scald|p2a: Polly Pocket\n|-damage|p2a: Polly Pocket|51\/100\n|\n|-heal|p1a: Vaporeon|74\/100|[from] item: Leftovers\n|-heal|p2a: Polly Pocket|57\/100|[from] item: Leftovers\n|upkeep\n|turn|56\n|\n|t:|1699220763\n|move|p2a: Polly Pocket|Draining Kiss|p1a: Vaporeon\n|-damage|p1a: Vaporeon|47\/100\n|-heal|p2a: Polly Pocket|83\/100|[from] drain|[of] p1a: Vaporeon\n|move|p1a: Vaporeon|Haze|p1a: Vaporeon\n|-clearallboost\n|\n|-heal|p2a: Polly Pocket|89\/100|[from] item: Leftovers\n|-heal|p1a: Vaporeon|53\/100|[from] item: Leftovers\n|upkeep\n|turn|57\n|\n|t:|1699220772\n|move|p1a: Vaporeon|Wish|p1a: Vaporeon\n|move|p2a: Polly Pocket|Shift Gear|p2a: Polly Pocket\n|-boost|p2a: Polly Pocket|spe|2\n|-boost|p2a: Polly Pocket|atk|1\n|\n|-heal|p2a: Polly Pocket|95\/100|[from] item: Leftovers\n|-heal|p1a: Vaporeon|60\/100|[from] item: Leftovers\n|upkeep\n|turn|58\n|\n|t:|1699220779\n|move|p2a: Polly Pocket|Calm Mind|p2a: Polly Pocket\n|-boost|p2a: Polly Pocket|spa|1\n|-boost|p2a: Polly Pocket|spd|1\n|move|p1a: Vaporeon|Haze|p1a: Vaporeon\n|-clearallboost\n|\n|-heal|p1a: Vaporeon|100\/100|[from] move: Wish|[wisher] Vaporeon\n|-heal|p2a: Polly Pocket|100\/100|[from] item: Leftovers\n|upkeep\n|turn|59\n|c|\u2606Penny4YourThoughts|obviously you would have won by now in a real battle\n|c|\u2606Penny4YourThoughts|because timer\n|c|\u2606Penny4YourThoughts|I'm just stubborn\n|c|\u2606Mente|For sure\n|\n|t:|1699220815\n|move|p1a: Vaporeon|Scald|p2a: Polly Pocket\n|-damage|p2a: Polly Pocket|75\/100\n|move|p2a: Polly Pocket|Calm Mind|p2a: Polly Pocket\n|-boost|p2a: Polly Pocket|spa|1\n|-boost|p2a: Polly Pocket|spd|1\n|\n|-heal|p2a: Polly Pocket|81\/100|[from] item: Leftovers\n|upkeep\n|turn|60\n|c|\u2606Mente|Also no burn in 9 scalds\n|c|\u2606Penny4YourThoughts|love to see it\n|\n|t:|1699220833\n|move|p2a: Polly Pocket|Shift Gear|p2a: Polly Pocket\n|-boost|p2a: Polly Pocket|spe|2\n|-boost|p2a: Polly Pocket|atk|1\n|move|p1a: Vaporeon|Haze|p1a: Vaporeon\n|-clearallboost\n|\n|-heal|p2a: Polly Pocket|87\/100|[from] item: Leftovers\n|upkeep\n|turn|61\n|\n|t:|1699220840\n|move|p2a: Polly Pocket|Calm Mind|p2a: Polly Pocket\n|-boost|p2a: Polly Pocket|spa|1\n|-boost|p2a: Polly Pocket|spd|1\n|move|p1a: Vaporeon|Scald|p2a: Polly Pocket\n|-damage|p2a: Polly Pocket|70\/100\n|\n|-heal|p2a: Polly Pocket|76\/100|[from] item: Leftovers\n|upkeep\n|turn|62\n|\n|t:|1699220851\n|move|p1a: Vaporeon|Haze|p1a: Vaporeon\n|-clearallboost\n|move|p2a: Polly Pocket|Shift Gear|p2a: Polly Pocket\n|-boost|p2a: Polly Pocket|spe|2\n|-boost|p2a: Polly Pocket|atk|1\n|\n|-heal|p2a: Polly Pocket|82\/100|[from] item: Leftovers\n|upkeep\n|turn|63\n|\n|t:|1699220858\n|move|p2a: Polly Pocket|Calm Mind|p2a: Polly Pocket\n|-boost|p2a: Polly Pocket|spa|1\n|-boost|p2a: Polly Pocket|spd|1\n|move|p1a: Vaporeon|Scald|p2a: Polly Pocket\n|-damage|p2a: Polly Pocket|66\/100\n|\n|-heal|p2a: Polly Pocket|72\/100|[from] item: Leftovers\n|upkeep\n|turn|64\n|\n|t:|1699220866\n|move|p2a: Polly Pocket|Stored Power|p1a: Vaporeon\n|-damage|p1a: Vaporeon|58\/100\n|move|p1a: Vaporeon|Haze|p1a: Vaporeon\n|-clearallboost\n|\n|-heal|p2a: Polly Pocket|78\/100|[from] item: Leftovers\n|-heal|p1a: Vaporeon|64\/100|[from] item: Leftovers\n|upkeep\n|turn|65\n|\n|t:|1699220875\n|move|p1a: Vaporeon|Scald|p2a: Polly Pocket\n|-damage|p2a: Polly Pocket|51\/100\n|move|p2a: Polly Pocket|Shift Gear|p2a: Polly Pocket\n|-boost|p2a: Polly Pocket|spe|2\n|-boost|p2a: Polly Pocket|atk|1\n|\n|-heal|p2a: Polly Pocket|57\/100|[from] item: Leftovers\n|-heal|p1a: Vaporeon|70\/100|[from] item: Leftovers\n|upkeep\n|turn|66\n|\n|t:|1699220886\n|move|p2a: Polly Pocket|Draining Kiss|p1a: Vaporeon\n|-damage|p1a: Vaporeon|54\/100\n|-heal|p2a: Polly Pocket|72\/100|[from] drain|[of] p1a: Vaporeon\n|move|p1a: Vaporeon|Haze|p1a: Vaporeon\n|-clearallboost\n|\n|-heal|p2a: Polly Pocket|79\/100|[from] item: Leftovers\n|-heal|p1a: Vaporeon|61\/100|[from] item: Leftovers\n|upkeep\n|turn|67\n|\n|t:|1699220895\n|move|p2a: Polly Pocket|Calm Mind|p2a: Polly Pocket\n|-boost|p2a: Polly Pocket|spa|1\n|-boost|p2a: Polly Pocket|spd|1\n|move|p1a: Vaporeon|Scald|p2a: Polly Pocket\n|-damage|p2a: Polly Pocket|63\/100\n|\n|-heal|p1a: Vaporeon|67\/100|[from] item: Leftovers\n|-heal|p2a: Polly Pocket|69\/100|[from] item: Leftovers\n|upkeep\n|turn|68\n|\n|t:|1699220918\n|move|p2a: Polly Pocket|Shift Gear|p2a: Polly Pocket\n|-boost|p2a: Polly Pocket|spe|2\n|-boost|p2a: Polly Pocket|atk|1\n|move|p1a: Vaporeon|Scald|p2a: Polly Pocket\n|-damage|p2a: Polly Pocket|53\/100\n|\n|-heal|p2a: Polly Pocket|59\/100|[from] item: Leftovers\n|-heal|p1a: Vaporeon|73\/100|[from] item: Leftovers\n|upkeep\n|turn|69\n|c|\u2606Mente|Jesus\n|\n|t:|1699220929\n|move|p2a: Polly Pocket|Stored Power|p1a: Vaporeon\n|-damage|p1a: Vaporeon|32\/100\n|move|p1a: Vaporeon|Haze|p1a: Vaporeon\n|-clearallboost\n|\n|-heal|p1a: Vaporeon|38\/100|[from] item: Leftovers\n|-heal|p2a: Polly Pocket|65\/100|[from] item: Leftovers\n|upkeep\n|turn|70\n|c|\u2606Penny4YourThoughts|jesus can't help you\n|\n|t:|1699220939\n|move|p2a: Polly Pocket|Calm Mind|p2a: Polly Pocket\n|-boost|p2a: Polly Pocket|spa|1\n|-boost|p2a: Polly Pocket|spd|1\n|move|p1a: Vaporeon|Wish|p1a: Vaporeon\n|\n|-heal|p1a: Vaporeon|44\/100|[from] item: Leftovers\n|-heal|p2a: Polly Pocket|71\/100|[from] item: Leftovers\n|upkeep\n|turn|71\n|c|\u2606Mente|I guess not\n|\n|t:|1699220948\n|move|p1a: Vaporeon|Scald|p2a: Polly Pocket\n|-damage|p2a: Polly Pocket|53\/100\n|move|p2a: Polly Pocket|Shift Gear|p2a: Polly Pocket\n|-boost|p2a: Polly Pocket|spe|2\n|-boost|p2a: Polly Pocket|atk|1\n|\n|-heal|p1a: Vaporeon|94\/100|[from] move: Wish|[wisher] Vaporeon\n|-heal|p2a: Polly Pocket|59\/100|[from] item: Leftovers\n|-heal|p1a: Vaporeon|99\/100|[from] item: Leftovers\n|upkeep\n|turn|72\n|\n|t:|1699220959\n|move|p2a: Polly Pocket|Draining Kiss|p1a: Vaporeon\n|-damage|p1a: Vaporeon|75\/100\n|-heal|p2a: Polly Pocket|83\/100|[from] drain|[of] p1a: Vaporeon\n|move|p1a: Vaporeon|Haze|p1a: Vaporeon\n|-clearallboost\n|\n|-heal|p1a: Vaporeon|81\/100|[from] item: Leftovers\n|-heal|p2a: Polly Pocket|89\/100|[from] item: Leftovers\n|upkeep\n|turn|73\n|\n|t:|1699220968\n|move|p2a: Polly Pocket|Calm Mind|p2a: Polly Pocket\n|-boost|p2a: Polly Pocket|spa|1\n|-boost|p2a: Polly Pocket|spd|1\n|move|p1a: Vaporeon|Scald|p2a: Polly Pocket\n|-crit|p2a: Polly Pocket\n|-damage|p2a: Polly Pocket|54\/100\n|\n|-heal|p2a: Polly Pocket|60\/100|[from] item: Leftovers\n|-heal|p1a: Vaporeon|88\/100|[from] item: Leftovers\n|upkeep\n|turn|74\n|\n|t:|1699220979\n|move|p1a: Vaporeon|Scald|p2a: Polly Pocket\n|-damage|p2a: Polly Pocket|43\/100\n|move|p2a: Polly Pocket|Calm Mind|p2a: Polly Pocket\n|-boost|p2a: Polly Pocket|spa|1\n|-boost|p2a: Polly Pocket|spd|1\n|\n|-heal|p2a: Polly Pocket|49\/100|[from] item: Leftovers\n|-heal|p1a: Vaporeon|94\/100|[from] item: Leftovers\n|upkeep\n|turn|75\n|c|\u2606Mente|I must be missing something with not getting a single burn\n|\n|t:|1699220993\n|move|p2a: Polly Pocket|Draining Kiss|p1a: Vaporeon\n|-damage|p1a: Vaporeon|58\/100\n|-heal|p2a: Polly Pocket|84\/100|[from] drain|[of] p1a: Vaporeon\n|move|p1a: Vaporeon|Haze|p1a: Vaporeon\n|-clearallboost\n|\n|-heal|p1a: Vaporeon|64\/100|[from] item: Leftovers\n|-heal|p2a: Polly Pocket|90\/100|[from] item: Leftovers\n|upkeep\n|turn|76\n|\n|t:|1699221004\n|move|p2a: Polly Pocket|Calm Mind|p2a: Polly Pocket\n|-boost|p2a: Polly Pocket|spa|1\n|-boost|p2a: Polly Pocket|spd|1\n|move|p1a: Vaporeon|Scald|p2a: Polly Pocket\n|-damage|p2a: Polly Pocket|73\/100\n|\n|-heal|p1a: Vaporeon|71\/100|[from] item: Leftovers\n|-heal|p2a: Polly Pocket|79\/100|[from] item: Leftovers\n|upkeep\n|turn|77\n|c|\u2606Penny4YourThoughts|just dumb luck\n|\n|t:|1699221015\n|move|p1a: Vaporeon|Haze|p1a: Vaporeon\n|-clearallboost\n|move|p2a: Polly Pocket|Calm Mind|p2a: Polly Pocket\n|-boost|p2a: Polly Pocket|spa|1\n|-boost|p2a: Polly Pocket|spd|1\n|\n|-heal|p2a: Polly Pocket|85\/100|[from] item: Leftovers\n|-heal|p1a: Vaporeon|77\/100|[from] item: Leftovers\n|upkeep\n|turn|78\n|\n|t:|1699221024\n|move|p1a: Vaporeon|Scald|p2a: Polly Pocket\n|-damage|p2a: Polly Pocket|69\/100\n|move|p2a: Polly Pocket|Shift Gear|p2a: Polly Pocket\n|-boost|p2a: Polly Pocket|spe|2\n|-boost|p2a: Polly Pocket|atk|1\n|\n|-heal|p2a: Polly Pocket|75\/100|[from] item: Leftovers\n|-heal|p1a: Vaporeon|83\/100|[from] item: Leftovers\n|upkeep\n|turn|79\n|c|\u2606Mente|Is it?\n|\n|t:|1699221033\n|move|p2a: Polly Pocket|Stored Power|p1a: Vaporeon\n|-damage|p1a: Vaporeon|46\/100\n|move|p1a: Vaporeon|Haze|p1a: Vaporeon\n|-clearallboost\n|\n|-heal|p2a: Polly Pocket|81\/100|[from] item: Leftovers\n|-heal|p1a: Vaporeon|52\/100|[from] item: Leftovers\n|upkeep\n|turn|80\n|\n|t:|1699221041\n|move|p1a: Vaporeon|Scald|p2a: Polly Pocket\n|-damage|p2a: Polly Pocket|57\/100\n|move|p2a: Polly Pocket|Calm Mind|p2a: Polly Pocket\n|-boost|p2a: Polly Pocket|spa|1\n|-boost|p2a: Polly Pocket|spd|1\n|\n|-heal|p2a: Polly Pocket|63\/100|[from] item: Leftovers\n|-heal|p1a: Vaporeon|58\/100|[from] item: Leftovers\n|upkeep\n|turn|81\n|\n|t:|1699221050\n|move|p2a: Polly Pocket|Draining Kiss|p1a: Vaporeon\n|-damage|p1a: Vaporeon|33\/100\n|-heal|p2a: Polly Pocket|87\/100|[from] drain|[of] p1a: Vaporeon\n|move|p1a: Vaporeon|Wish|p1a: Vaporeon\n|\n|-heal|p2a: Polly Pocket|93\/100|[from] item: Leftovers\n|-heal|p1a: Vaporeon|39\/100|[from] item: Leftovers\n|upkeep\n|turn|82\n|\n|t:|1699221059\n|move|p2a: Polly Pocket|Stored Power|p1a: Vaporeon\n|-damage|p1a: Vaporeon|20\/100\n|move|p1a: Vaporeon|Haze|p1a: Vaporeon\n|-clearallboost\n|\n|-heal|p1a: Vaporeon|70\/100|[from] move: Wish|[wisher] Vaporeon\n|-heal|p2a: Polly Pocket|99\/100|[from] item: Leftovers\n|-heal|p1a: Vaporeon|76\/100|[from] item: Leftovers\n|upkeep\n|turn|83\n|\n|t:|1699221069\n|move|p1a: Vaporeon|Scald|p2a: Polly Pocket\n|-damage|p2a: Polly Pocket|76\/100\n|move|p2a: Polly Pocket|Calm Mind|p2a: Polly Pocket\n|-boost|p2a: Polly Pocket|spa|1\n|-boost|p2a: Polly Pocket|spd|1\n|\n|-heal|p1a: Vaporeon|83\/100|[from] item: Leftovers\n|-heal|p2a: Polly Pocket|82\/100|[from] item: Leftovers\n|upkeep\n|turn|84\n|\n|t:|1699221079\n|move|p2a: Polly Pocket|Calm Mind|p2a: Polly Pocket\n|-boost|p2a: Polly Pocket|spa|1\n|-boost|p2a: Polly Pocket|spd|1\n|move|p1a: Vaporeon|Haze|p1a: Vaporeon\n|-clearallboost\n|\n|-heal|p1a: Vaporeon|89\/100|[from] item: Leftovers\n|-heal|p2a: Polly Pocket|88\/100|[from] item: Leftovers\n|upkeep\n|turn|85\n|\n|t:|1699221087\n|move|p1a: Vaporeon|Scald|p2a: Polly Pocket\n|-damage|p2a: Polly Pocket|64\/100\n|move|p2a: Polly Pocket|Calm Mind|p2a: Polly Pocket\n|-boost|p2a: Polly Pocket|spa|1\n|-boost|p2a: Polly Pocket|spd|1\n|\n|-heal|p1a: Vaporeon|95\/100|[from] item: Leftovers\n|-heal|p2a: Polly Pocket|70\/100|[from] item: Leftovers\n|upkeep\n|turn|86\n|\n|t:|1699221097\n|move|p1a: Vaporeon|Haze|p1a: Vaporeon\n|-clearallboost\n|move|p2a: Polly Pocket|Shift Gear|p2a: Polly Pocket\n|-boost|p2a: Polly Pocket|spe|2\n|-boost|p2a: Polly Pocket|atk|1\n|\n|-heal|p2a: Polly Pocket|76\/100|[from] item: Leftovers\n|-heal|p1a: Vaporeon|100\/100|[from] item: Leftovers\n|upkeep\n|turn|87\n|\n|t:|1699221107\n|move|p2a: Polly Pocket|Calm Mind|p2a: Polly Pocket\n|-boost|p2a: Polly Pocket|spa|1\n|-boost|p2a: Polly Pocket|spd|1\n|move|p1a: Vaporeon|Haze|p1a: Vaporeon\n|-clearallboost\n|\n|-heal|p2a: Polly Pocket|82\/100|[from] item: Leftovers\n|upkeep\n|turn|88\n|\n|t:|1699221114\n|move|p2a: Polly Pocket|Calm Mind|p2a: Polly Pocket\n|-boost|p2a: Polly Pocket|spa|1\n|-boost|p2a: Polly Pocket|spd|1\n|move|p1a: Vaporeon|Scald|p2a: Polly Pocket\n|-damage|p2a: Polly Pocket|65\/100\n|-status|p2a: Polly Pocket|brn\n|\n|-heal|p2a: Polly Pocket|71\/100 brn|[from] item: Leftovers\n|-damage|p2a: Polly Pocket|65\/100 brn|[from] brn\n|upkeep\n|turn|89\n|c|\u2606Penny4YourThoughts|there you go\n|c|\u2606Mente|Ladies and gentleman... we got her\n|c|\u2606Penny4YourThoughts|only took 23 tries\n|\n|t:|1699221139\n|move|p1a: Vaporeon|Haze|p1a: Vaporeon\n|-clearallboost\n|move|p2a: Polly Pocket|Calm Mind|p2a: Polly Pocket\n|-boost|p2a: Polly Pocket|spa|1\n|-boost|p2a: Polly Pocket|spd|1\n|\n|-heal|p2a: Polly Pocket|71\/100 brn|[from] item: Leftovers\n|-damage|p2a: Polly Pocket|65\/100 brn|[from] brn\n|upkeep\n|turn|90\n|c|\u2606Mente|30% of the time it happens 1 out of 23 times\n|\n|t:|1699221150\n|move|p1a: Vaporeon|Haze|p1a: Vaporeon\n|-clearallboost\n|move|p2a: Polly Pocket|Shift Gear|p2a: Polly Pocket\n|-boost|p2a: Polly Pocket|spe|2\n|-boost|p2a: Polly Pocket|atk|1\n|\n|-heal|p2a: Polly Pocket|71\/100 brn|[from] item: Leftovers\n|-damage|p2a: Polly Pocket|65\/100 brn|[from] brn\n|upkeep\n|turn|91\n|\n|t:|1699221159\n|move|p2a: Polly Pocket|Calm Mind|p2a: Polly Pocket\n|-boost|p2a: Polly Pocket|spa|1\n|-boost|p2a: Polly Pocket|spd|1\n|move|p1a: Vaporeon|Haze|p1a: Vaporeon\n|-clearallboost\n|\n|-heal|p2a: Polly Pocket|71\/100 brn|[from] item: Leftovers\n|-damage|p2a: Polly Pocket|65\/100 brn|[from] brn\n|upkeep\n|turn|92\n|\n|t:|1699221173\n|switch|p2a: Puck|Ribombee, M, shiny|8\/100\n|move|p1a: Vaporeon|Wish|p1a: Vaporeon\n|\n|upkeep\n|turn|93\n|\n|t:|1699221178\n|switch|p2a: Polly Pocket|Magearna|65\/100 brn\n|move|p1a: Vaporeon|Scald|p2a: Polly Pocket\n|-damage|p2a: Polly Pocket|40\/100 brn\n|\n|-heal|p2a: Polly Pocket|46\/100 brn|[from] item: Leftovers\n|-damage|p2a: Polly Pocket|40\/100 brn|[from] brn\n|upkeep\n|turn|94\n|\n|t:|1699221192\n|switch|p2a: Puck|Ribombee, M, shiny|8\/100\n|move|p1a: Vaporeon|Haze|p1a: Vaporeon\n|-clearallboost\n|\n|upkeep\n|turn|95\n|\n|t:|1699221204\n|move|p2a: Puck|Psychic|p1a: Vaporeon\n|-damage|p1a: Vaporeon|84\/100\n|move|p1a: Vaporeon|Haze|p1a: Vaporeon\n|-clearallboost\n|\n|-heal|p1a: Vaporeon|90\/100|[from] item: Leftovers\n|upkeep\n|turn|96\n|\n|t:|1699221217\n|move|p2a: Puck|Quiver Dance|p2a: Puck\n|-boost|p2a: Puck|spa|1\n|-boost|p2a: Puck|spd|1\n|-boost|p2a: Puck|spe|1\n|move|p1a: Vaporeon|Wish|p1a: Vaporeon\n|\n|-heal|p1a: Vaporeon|97\/100|[from] item: Leftovers\n|upkeep\n|turn|97\n|\n|t:|1699221225\n|move|p2a: Puck|Psychic|p1a: Vaporeon\n|-damage|p1a: Vaporeon|74\/100\n|move|p1a: Vaporeon|Haze|p1a: Vaporeon\n|-clearallboost\n|\n|-heal|p1a: Vaporeon|100\/100|[from] move: Wish|[wisher] Vaporeon\n|upkeep\n|turn|98\n|\n|t:|1699221238\n|switch|p1a: Amoonguss|Amoonguss, F|55\/100\n|-activate|p1a: Amoonguss|move: Sticky Web\n|-unboost|p1a: Amoonguss|spe|1\n|move|p2a: Puck|Psychic|p1a: Amoonguss\n|-supereffective|p1a: Amoonguss\n|-damage|p1a: Amoonguss|27\/100\n|\n|upkeep\n|turn|99\n|\n|t:|1699221246\n|switch|p1a: Dragonite|Dragonite, M|12\/100 brn\n|move|p2a: Puck|Psychic|p1a: Dragonite\n|-damage|p1a: Dragonite|0 fnt\n|faint|p1a: Dragonite\n|\n|upkeep\n|\n|t:|1699221259\n|switch|p1a: Amoonguss|Amoonguss, F|61\/100\n|-activate|p1a: Amoonguss|move: Sticky Web\n|-unboost|p1a: Amoonguss|spe|1\n|turn|100\n|\n|t:|1699221274\n|switch|p2a: Prioress|Gardevoir, M, tera:Fire|72\/100 slp\n|-ability|p2a: Prioress|Regenerator|[from] ability: Trace|[of] p1a: Amoonguss\n|move|p1a: Amoonguss|Stomping Tantrum|p2a: Prioress\n|-supereffective|p2a: Prioress\n|-damage|p2a: Prioress|32\/100 slp\n|\n|upkeep\n|turn|101\n|c|\u2606Penny4YourThoughts|and I gave you the band\n|c|\u2606Penny4YourThoughts|like an absolute chump\n|\n|t:|1699221305\n|cant|p2a: Prioress|slp\n|move|p1a: Amoonguss|Stomping Tantrum|p2a: Prioress\n|-supereffective|p2a: Prioress\n|-damage|p2a: Prioress|0 fnt\n|faint|p2a: Prioress\n|\n|upkeep\n|\n|t:|1699221310\n|switch|p2a: Polly Pocket|Magearna|40\/100 brn\n|turn|102\n|c|\u2606Mente|That you did\n|\n|t:|1699221318\n|move|p2a: Polly Pocket|Calm Mind|p2a: Polly Pocket\n|-boost|p2a: Polly Pocket|spa|1\n|-boost|p2a: Polly Pocket|spd|1\n|move|p1a: Amoonguss|Stomping Tantrum|p2a: Polly Pocket\n|-supereffective|p2a: Polly Pocket\n|-damage|p2a: Polly Pocket|12\/100 brn\n|\n|-heal|p2a: Polly Pocket|18\/100 brn|[from] item: Leftovers\n|-damage|p2a: Polly Pocket|12\/100 brn|[from] brn\n|upkeep\n|turn|103\n|\n|t:|1699221326\n|move|p2a: Polly Pocket|Stored Power|p1a: Amoonguss\n|-supereffective|p1a: Amoonguss\n|-damage|p1a: Amoonguss|27\/100\n|move|p1a: Amoonguss|Stomping Tantrum|p2a: Polly Pocket\n|-supereffective|p2a: Polly Pocket\n|-damage|p2a: Polly Pocket|0 fnt\n|faint|p2a: Polly Pocket\n|\n|upkeep\n|\n|t:|1699221332\n|switch|p2a: Puck|Ribombee, M, shiny|8\/100\n|turn|104\n|\n|t:|1699221338\n|switch|p1a: Vaporeon|Vaporeon, F|100\/100\n|-activate|p1a: Vaporeon|move: Sticky Web\n|-unboost|p1a: Vaporeon|spe|1\n|move|p2a: Puck|Psychic|p1a: Vaporeon\n|-damage|p1a: Vaporeon|84\/100\n|\n|-heal|p1a: Vaporeon|90\/100|[from] item: Leftovers\n|upkeep\n|turn|105\n|c|\u2606Penny4YourThoughts|yeah that's gg\n|c|\u2606Mente|Ya\n|\n|t:|1699221350\n|move|p2a: Puck|Quiver Dance|p2a: Puck\n|-boost|p2a: Puck|spa|1\n|-boost|p2a: Puck|spd|1\n|-boost|p2a: Puck|spe|1\n|move|p1a: Vaporeon|Wish|p1a: Vaporeon\n|\n|-heal|p1a: Vaporeon|96\/100|[from] item: Leftovers\n|upkeep\n|turn|106\n|\n|t:|1699221358\n|switch|p1a: Revavroom|Revavroom, M|16\/100\n|-activate|p1a: Revavroom|move: Sticky Web\n|-unboost|p1a: Revavroom|spe|1\n|move|p2a: Puck|Psychic|p1a: Revavroom\n|-damage|p1a: Revavroom|0 fnt\n|faint|p1a: Revavroom\n|\n|upkeep\n|\n|t:|1699221365\n|switch|p1a: Amoonguss|Amoonguss, F|60\/100\n|-activate|p1a: Amoonguss|move: Sticky Web\n|-unboost|p1a: Amoonguss|spe|1\n|turn|107\n|\n|t:|1699221374\n|switch|p1a: Vaporeon|Vaporeon, F|96\/100\n|-activate|p1a: Vaporeon|move: Sticky Web\n|-unboost|p1a: Vaporeon|spe|1\n|move|p2a: Puck|Psychic|p1a: Vaporeon\n|-damage|p1a: Vaporeon|74\/100\n|\n|-heal|p1a: Vaporeon|80\/100|[from] item: Leftovers\n|upkeep\n|turn|108\n|\n|t:|1699221382\n|move|p2a: Puck|Quiver Dance|p2a: Puck\n|-boost|p2a: Puck|spa|1\n|-boost|p2a: Puck|spd|1\n|-boost|p2a: Puck|spe|1\n|move|p1a: Vaporeon|Haze|p1a: Vaporeon\n|-clearallboost\n|\n|-heal|p1a: Vaporeon|87\/100|[from] item: Leftovers\n|upkeep\n|turn|109\n|c|\u2606Penny4YourThoughts|I'll just forfeit at this point\n|-message|Penny4YourThoughts forfeited.\n|\n|win|Mente\n","uploadtime":1699221417,"views":4,"p1id":"mente","p2id":"penny4yourthoughts","formatid":"gen9anythinggoes","rating":0,"private":0,"password":""}