{"id":"gen9anythinggoes-1984053858","p1":"Tarnick","p2":"HelluvaIsAmazing","format":"[Gen 9] Anything Goes","log":"|j|\u2606Tarnick\n|j|\u2606HelluvaIsAmazing\n|t:|1699213905\n|gametype|singles\n|player|p1|Tarnick|volkner|1086\n|player|p2|HelluvaIsAmazing|guitarist|1135\n|teamsize|p1|6\n|teamsize|p2|6\n|gen|9\n|tier|[Gen 9] Anything Goes\n|rated|\n|rule|HP Percentage Mod: HP is shown in percentages\n|rule|Endless Battle Clause: Forcing endless battles is banned\n|clearpoke\n|poke|p1|Meowscarada, F|\n|poke|p1|Zoroark-Hisui, F|\n|poke|p1|Garganacl, F|\n|poke|p1|Phione|\n|poke|p1|Cloyster, F|\n|poke|p1|Kingambit, F|\n|poke|p2|Urshifu-*, M|\n|poke|p2|Fezandipiti, M|\n|poke|p2|Krookodile, M|\n|poke|p2|Lycanroc, F|\n|poke|p2|Ogerpon-Hearthflame, F|\n|poke|p2|Ogerpon-Cornerstone, F|\n|teampreview\n|\n|t:|1699213922\n|start\n|switch|p1a: Cloyster|Cloyster, F, shiny|100\/100\n|switch|p2a: Sun|Ogerpon-Hearthflame, F|100\/100\n|-ability|p2a: Sun|Mold Breaker\n|turn|1\n|\n|t:|1699213929\n|move|p1a: Cloyster|Protect|p1a: Cloyster\n|-singleturn|p1a: Cloyster|Protect\n|move|p2a: Sun|Power Whip|p1a: Cloyster\n|-activate|p1a: Cloyster|move: Protect\n|\n|upkeep\n|turn|2\n|\n|t:|1699213938\n|move|p2a: Sun|Power Whip|p1a: Cloyster\n|-supereffective|p1a: Cloyster\n|-damage|p1a: Cloyster|0 fnt\n|faint|p1a: Cloyster\n|\n|upkeep\n|\n|t:|1699213957\n|switch|p1a: Kingambit|Kingambit, F, shiny|100\/100\n|turn|3\n|\n|t:|1699213968\n|move|p1a: Kingambit|Sludge Bomb|p2a: Sun\n|-supereffective|p2a: Sun\n|-damage|p2a: Sun|49\/100\n|move|p2a: Sun|Ivy Cudgel|p1a: Kingambit\n|-damage|p1a: Kingambit|0 fnt\n|replace|p1a: Zoroark|Zoroark-Hisui, F, shiny\n|-end|p1a: Zoroark|Illusion\n|faint|p1a: Zoroark\n|\n|upkeep\n|\n|t:|1699213984\n|switch|p1a: Meowscarada|Meowscarada, F|100\/100\n|turn|4\n|\n|t:|1699214019\n|move|p1a: Meowscarada|Thunder Punch|p2a: Sun\n|-start|p1a: Meowscarada|typechange|Electric|[from] ability: Protean\n|-resisted|p2a: Sun\n|-damage|p2a: Sun|19\/100\n|move|p2a: Sun|Ivy Cudgel|p1a: Meowscarada\n|-damage|p1a: Meowscarada|27\/100\n|\n|upkeep\n|turn|5\n|\n|t:|1699214029\n|move|p1a: Meowscarada|Thunder Punch|p2a: Sun\n|-resisted|p2a: Sun\n|-damage|p2a: Sun|0 fnt\n|faint|p2a: Sun\n|\n|upkeep\n|\n|t:|1699214038\n|switch|p2a: Monty|Krookodile, M|100\/100\n|turn|6\n|\n|t:|1699214060\n|switch|p1a: Phione|Phione|100\/100\n|move|p2a: Monty|High Horsepower|p1a: Phione\n|-damage|p1a: Phione|51\/100\n|\n|-heal|p1a: Phione|58\/100|[from] item: Leftovers\n|upkeep\n|turn|7\n|\n|t:|1699214078\n|switch|p2a: Chica|Fezandipiti, M|100\/100\n|move|p1a: Phione|Substitute|p1a: Phione\n|-start|p1a: Phione|Substitute\n|-damage|p1a: Phione|33\/100\n|\n|-heal|p1a: Phione|39\/100|[from] item: Leftovers\n|upkeep\n|turn|8\n|\n|t:|1699214095\n|move|p2a: Chica|Poison Jab|p1a: Phione\n|-end|p1a: Phione|Substitute\n|move|p1a: Phione|Take Heart|p1a: Phione\n|-boost|p1a: Phione|spa|1\n|-boost|p1a: Phione|spd|1\n|\n|-heal|p1a: Phione|45\/100|[from] item: Leftovers\n|upkeep\n|turn|9\n|\n|t:|1699214107\n|move|p2a: Chica|Quick Attack|p1a: Phione\n|-damage|p1a: Phione|36\/100\n|move|p1a: Phione|Baton Pass|p1a: Phione\n|\n|t:|1699214111\n|switch|p1a: Garganacl|Garganacl, F|100\/100|[from] Baton Pass\n|\n|upkeep\n|turn|10\n|\n|t:|1699214116\n|move|p2a: Chica|Moonblast|p1a: Garganacl\n|-damage|p1a: Garganacl|90\/100\n|move|p1a: Garganacl|Stealth Rock|p2a: Chica\n|-sidestart|p2: HelluvaIsAmazing|move: Stealth Rock\n|\n|-heal|p1a: Garganacl|96\/100|[from] item: Leftovers\n|upkeep\n|turn|11\n|\n|t:|1699214128\n|switch|p2a: Freddy|Urshifu-Rapid-Strike, M|100\/100\n|-damage|p2a: Freddy|94\/100|[from] Stealth Rock\n|move|p1a: Garganacl|Substitute|p1a: Garganacl\n|-start|p1a: Garganacl|Substitute\n|-damage|p1a: Garganacl|71\/100\n|\n|-heal|p2a: Freddy|100\/100|[from] item: Leftovers\n|-heal|p1a: Garganacl|77\/100|[from] item: Leftovers\n|upkeep\n|turn|12\n|\n|t:|1699214137\n|move|p2a: Freddy|Liquidation|p1a: Garganacl\n|-supereffective|p1a: Garganacl\n|-end|p1a: Garganacl|Substitute\n|move|p1a: Garganacl|Salt Cure|p2a: Freddy\n|-resisted|p2a: Freddy\n|-damage|p2a: Freddy|94\/100\n|-start|p2a: Freddy|Salt Cure\n|\n|-heal|p2a: Freddy|100\/100|[from] item: Leftovers\n|-heal|p1a: Garganacl|84\/100|[from] item: Leftovers\n|-damage|p2a: Freddy|76\/100|[from] Salt Cure\n|upkeep\n|turn|13\n|\n|t:|1699214151\n|-terastallize|p1a: Garganacl|Dragon\n|move|p2a: Freddy|Liquidation|p1a: Garganacl\n|-resisted|p1a: Garganacl\n|-damage|p1a: Garganacl|69\/100\n|move|p1a: Garganacl|Substitute|p1a: Garganacl\n|-start|p1a: Garganacl|Substitute\n|-damage|p1a: Garganacl|44\/100\n|\n|-heal|p2a: Freddy|82\/100|[from] item: Leftovers\n|-heal|p1a: Garganacl|50\/100|[from] item: Leftovers\n|-damage|p2a: Freddy|57\/100|[from] Salt Cure\n|upkeep\n|turn|14\n|\n|t:|1699214171\n|switch|p2a: Chica|Fezandipiti, M|100\/100\n|-damage|p2a: Chica|88\/100|[from] Stealth Rock\n|move|p1a: Garganacl|Recover|p1a: Garganacl\n|-heal|p1a: Garganacl|99\/100\n|\n|-heal|p2a: Chica|94\/100|[from] item: Leftovers\n|-heal|p1a: Garganacl|100\/100|[from] item: Leftovers\n|upkeep\n|turn|15\n|\n|t:|1699214181\n|move|p2a: Chica|Moonblast|p1a: Garganacl\n|-supereffective|p1a: Garganacl\n|-activate|p1a: Garganacl|move: Substitute|[damage]\n|move|p1a: Garganacl|Salt Cure|p2a: Chica\n|-damage|p2a: Chica|80\/100\n|-start|p2a: Chica|Salt Cure\n|\n|-heal|p2a: Chica|86\/100|[from] item: Leftovers\n|-damage|p2a: Chica|74\/100|[from] Salt Cure\n|upkeep\n|turn|16\n|\n|t:|1699214191\n|move|p2a: Chica|Roost|p2a: Chica\n|-heal|p2a: Chica|100\/100\n|-singleturn|p2a: Chica|move: Roost\n|move|p1a: Garganacl|Substitute|p1a: Garganacl\n|-fail|p1a: Garganacl|move: Substitute\n|\n|-damage|p2a: Chica|88\/100|[from] Salt Cure\n|upkeep\n|turn|17\n|\n|t:|1699214199\n|move|p2a: Chica|Moonblast|p1a: Garganacl\n|-supereffective|p1a: Garganacl\n|-end|p1a: Garganacl|Substitute\n|move|p1a: Garganacl|Salt Cure|p2a: Chica\n|-damage|p2a: Chica|73\/100\n|\n|-heal|p2a: Chica|79\/100|[from] item: Leftovers\n|-damage|p2a: Chica|67\/100|[from] Salt Cure\n|upkeep\n|turn|18\n|\n|t:|1699214208\n|move|p2a: Chica|Moonblast|p1a: Garganacl\n|-supereffective|p1a: Garganacl\n|-damage|p1a: Garganacl|78\/100\n|move|p1a: Garganacl|Substitute|p1a: Garganacl\n|-start|p1a: Garganacl|Substitute\n|-damage|p1a: Garganacl|53\/100\n|\n|-heal|p2a: Chica|73\/100|[from] item: Leftovers\n|-heal|p1a: Garganacl|59\/100|[from] item: Leftovers\n|-damage|p2a: Chica|60\/100|[from] Salt Cure\n|upkeep\n|turn|19\n|\n|t:|1699214236\n|switch|p2a: Monty|Krookodile, M|100\/100\n|-damage|p2a: Monty|94\/100|[from] Stealth Rock\n|move|p1a: Garganacl|Salt Cure|p2a: Monty\n|-resisted|p2a: Monty\n|-damage|p2a: Monty|87\/100\n|-start|p2a: Monty|Salt Cure\n|\n|-heal|p2a: Monty|93\/100|[from] item: Leftovers\n|-heal|p1a: Garganacl|66\/100|[from] item: Leftovers\n|-damage|p2a: Monty|80\/100|[from] Salt Cure\n|upkeep\n|turn|20\n|\n|t:|1699214255\n|move|p2a: Monty|High Horsepower|p1a: Garganacl\n|-end|p1a: Garganacl|Substitute\n|move|p1a: Garganacl|Salt Cure|p2a: Monty\n|-resisted|p2a: Monty\n|-damage|p2a: Monty|74\/100\n|\n|-heal|p2a: Monty|80\/100|[from] item: Leftovers\n|-heal|p1a: Garganacl|72\/100|[from] item: Leftovers\n|-damage|p2a: Monty|67\/100|[from] Salt Cure\n|upkeep\n|turn|21\n|\n|t:|1699214267\n|move|p2a: Monty|High Horsepower|p1a: Garganacl\n|-damage|p1a: Garganacl|43\/100\n|move|p1a: Garganacl|Recover|p1a: Garganacl\n|-heal|p1a: Garganacl|93\/100\n|\n|-heal|p2a: Monty|73\/100|[from] item: Leftovers\n|-heal|p1a: Garganacl|99\/100|[from] item: Leftovers\n|-damage|p2a: Monty|61\/100|[from] Salt Cure\n|upkeep\n|turn|22\n|\n|t:|1699214277\n|move|p2a: Monty|High Horsepower|p1a: Garganacl\n|-damage|p1a: Garganacl|69\/100\n|move|p1a: Garganacl|Substitute|p1a: Garganacl\n|-start|p1a: Garganacl|Substitute\n|-damage|p1a: Garganacl|44\/100\n|\n|-heal|p2a: Monty|67\/100|[from] item: Leftovers\n|-heal|p1a: Garganacl|50\/100|[from] item: Leftovers\n|-damage|p2a: Monty|55\/100|[from] Salt Cure\n|upkeep\n|turn|23\n|\n|t:|1699214288\n|move|p2a: Monty|High Horsepower|p1a: Garganacl\n|-end|p1a: Garganacl|Substitute\n|move|p1a: Garganacl|Recover|p1a: Garganacl\n|-heal|p1a: Garganacl|99\/100\n|\n|-heal|p2a: Monty|61\/100|[from] item: Leftovers\n|-heal|p1a: Garganacl|100\/100|[from] item: Leftovers\n|-damage|p2a: Monty|48\/100|[from] Salt Cure\n|upkeep\n|turn|24\n|\n|t:|1699214297\n|move|p2a: Monty|High Horsepower|p1a: Garganacl\n|-damage|p1a: Garganacl|71\/100\n|move|p1a: Garganacl|Substitute|p1a: Garganacl\n|-start|p1a: Garganacl|Substitute\n|-damage|p1a: Garganacl|46\/100\n|\n|-heal|p2a: Monty|54\/100|[from] item: Leftovers\n|-heal|p1a: Garganacl|52\/100|[from] item: Leftovers\n|-damage|p2a: Monty|42\/100|[from] Salt Cure\n|upkeep\n|turn|25\n|\n|t:|1699214306\n|move|p2a: Monty|High Horsepower|p1a: Garganacl\n|-end|p1a: Garganacl|Substitute\n|move|p1a: Garganacl|Recover|p1a: Garganacl\n|-heal|p1a: Garganacl|100\/100\n|\n|-heal|p2a: Monty|48\/100|[from] item: Leftovers\n|-damage|p2a: Monty|36\/100|[from] Salt Cure\n|upkeep\n|turn|26\n|\n|t:|1699214315\n|move|p2a: Monty|High Horsepower|p1a: Garganacl\n|-damage|p1a: Garganacl|72\/100\n|move|p1a: Garganacl|Substitute|p1a: Garganacl\n|-start|p1a: Garganacl|Substitute\n|-damage|p1a: Garganacl|47\/100\n|\n|-heal|p2a: Monty|42\/100|[from] item: Leftovers\n|-heal|p1a: Garganacl|53\/100|[from] item: Leftovers\n|-damage|p2a: Monty|29\/100|[from] Salt Cure\n|upkeep\n|turn|27\n|\n|t:|1699214326\n|move|p2a: Monty|High Horsepower|p1a: Garganacl\n|-end|p1a: Garganacl|Substitute\n|move|p1a: Garganacl|Recover|p1a: Garganacl\n|-heal|p1a: Garganacl|100\/100\n|\n|-heal|p2a: Monty|35\/100|[from] item: Leftovers\n|-damage|p2a: Monty|23\/100|[from] Salt Cure\n|upkeep\n|turn|28\n|\n|t:|1699214335\n|move|p2a: Monty|High Horsepower|p1a: Garganacl\n|-damage|p1a: Garganacl|71\/100\n|move|p1a: Garganacl|Substitute|p1a: Garganacl\n|-start|p1a: Garganacl|Substitute\n|-damage|p1a: Garganacl|46\/100\n|\n|-heal|p2a: Monty|29\/100|[from] item: Leftovers\n|-heal|p1a: Garganacl|52\/100|[from] item: Leftovers\n|-damage|p2a: Monty|16\/100|[from] Salt Cure\n|upkeep\n|turn|29\n|\n|t:|1699214346\n|move|p2a: Monty|High Horsepower|p1a: Garganacl\n|-end|p1a: Garganacl|Substitute\n|move|p1a: Garganacl|Salt Cure|p2a: Monty\n|-resisted|p2a: Monty\n|-damage|p2a: Monty|10\/100\n|\n|-heal|p2a: Monty|16\/100|[from] item: Leftovers\n|-heal|p1a: Garganacl|58\/100|[from] item: Leftovers\n|-damage|p2a: Monty|3\/100|[from] Salt Cure\n|upkeep\n|turn|30\n|\n|t:|1699214361\n|move|p2a: Monty|High Horsepower|p1a: Garganacl\n|-damage|p1a: Garganacl|30\/100\n|move|p1a: Garganacl|Recover|p1a: Garganacl\n|-heal|p1a: Garganacl|80\/100\n|\n|-heal|p2a: Monty|9\/100|[from] item: Leftovers\n|-heal|p1a: Garganacl|86\/100|[from] item: Leftovers\n|-damage|p2a: Monty|0 fnt|[from] Salt Cure\n|faint|p2a: Monty\n|upkeep\n|\n|t:|1699214373\n|switch|p2a: Moon|Ogerpon-Cornerstone, F|100\/100\n|-damage|p2a: Moon|88\/100|[from] Stealth Rock\n|turn|31\n|\n|t:|1699214379\n|move|p2a: Moon|Zen Headbutt|p1a: Garganacl\n|-damage|p1a: Garganacl|65\/100\n|move|p1a: Garganacl|Salt Cure|p2a: Moon\n|-damage|p2a: Moon|71\/100\n|-start|p2a: Moon|Salt Cure\n|\n|-heal|p1a: Garganacl|71\/100|[from] item: Leftovers\n|-damage|p2a: Moon|59\/100|[from] Salt Cure\n|upkeep\n|turn|32\n|\n|t:|1699214390\n|move|p2a: Moon|Ivy Cudgel|p1a: Garganacl\n|-damage|p1a: Garganacl|29\/100\n|move|p1a: Garganacl|Substitute|p1a: Garganacl\n|-start|p1a: Garganacl|Substitute\n|-damage|p1a: Garganacl|4\/100\n|\n|-heal|p1a: Garganacl|10\/100|[from] item: Leftovers\n|-damage|p2a: Moon|46\/100|[from] Salt Cure\n|upkeep\n|turn|33\n|\n|t:|1699214402\n|move|p2a: Moon|Synthesis|p2a: Moon\n|-heal|p2a: Moon|96\/100\n|move|p1a: Garganacl|Recover|p1a: Garganacl\n|-heal|p1a: Garganacl|60\/100\n|\n|-heal|p1a: Garganacl|67\/100|[from] item: Leftovers\n|-damage|p2a: Moon|84\/100|[from] Salt Cure\n|upkeep\n|turn|34\n|\n|t:|1699214417\n|move|p2a: Moon|Giga Drain|p1a: Garganacl\n|-resisted|p1a: Garganacl\n|-activate|p1a: Garganacl|move: Substitute|[damage]\n|-heal|p2a: Moon|87\/100|[from] drain|[of] p1a: Garganacl\n|move|p1a: Garganacl|Salt Cure|p2a: Moon\n|-damage|p2a: Moon|71\/100\n|\n|-heal|p1a: Garganacl|73\/100|[from] item: Leftovers\n|-damage|p2a: Moon|59\/100|[from] Salt Cure\n|upkeep\n|turn|35\n|\n|t:|1699214433\n|move|p2a: Moon|Synthesis|p2a: Moon\n|-heal|p2a: Moon|100\/100\n|move|p1a: Garganacl|Salt Cure|p2a: Moon\n|-damage|p2a: Moon|86\/100\n|\n|-heal|p1a: Garganacl|79\/100|[from] item: Leftovers\n|-damage|p2a: Moon|74\/100|[from] Salt Cure\n|upkeep\n|turn|36\n|\n|t:|1699214442\n|move|p2a: Moon|Zen Headbutt|p1a: Garganacl\n|-end|p1a: Garganacl|Substitute\n|move|p1a: Garganacl|Salt Cure|p2a: Moon\n|-damage|p2a: Moon|57\/100\n|\n|-heal|p1a: Garganacl|85\/100|[from] item: Leftovers\n|-damage|p2a: Moon|44\/100|[from] Salt Cure\n|upkeep\n|turn|37\n|\n|t:|1699214451\n|move|p2a: Moon|Ivy Cudgel|p1a: Garganacl\n|-damage|p1a: Garganacl|44\/100\n|move|p1a: Garganacl|Salt Cure|p2a: Moon\n|-damage|p2a: Moon|28\/100\n|\n|-heal|p1a: Garganacl|50\/100|[from] item: Leftovers\n|-damage|p2a: Moon|15\/100|[from] Salt Cure\n|upkeep\n|turn|38\n|\n|t:|1699214461\n|move|p2a: Moon|Ivy Cudgel|p1a: Garganacl\n|-damage|p1a: Garganacl|14\/100\n|move|p1a: Garganacl|Substitute|p1a: Garganacl\n|-fail|p1a: Garganacl|move: Substitute|[weak]\n|\n|-heal|p1a: Garganacl|20\/100|[from] item: Leftovers\n|-damage|p2a: Moon|3\/100|[from] Salt Cure\n|upkeep\n|turn|39\n|\n|t:|1699214468\n|move|p2a: Moon|Ivy Cudgel|p1a: Garganacl\n|-damage|p1a: Garganacl|0 fnt\n|faint|p1a: Garganacl\n|\n|-damage|p2a: Moon|0 fnt|[from] Salt Cure\n|faint|p2a: Moon\n|upkeep\n|\n|t:|1699214486\n|switch|p2a: Chica|Fezandipiti, M|60\/100\n|switch|p1a: Phione|Phione|36\/100\n|-damage|p2a: Chica|48\/100|[from] Stealth Rock\n|turn|40\n|\n|t:|1699214495\n|move|p2a: Chica|Roost|p2a: Chica\n|-heal|p2a: Chica|98\/100\n|-singleturn|p2a: Chica|move: Roost\n|move|p1a: Phione|Take Heart|p1a: Phione\n|-boost|p1a: Phione|spa|1\n|-boost|p1a: Phione|spd|1\n|\n|-heal|p2a: Chica|100\/100|[from] item: Leftovers\n|-heal|p1a: Phione|42\/100|[from] item: Leftovers\n|upkeep\n|turn|41\n|\n|t:|1699214506\n|move|p2a: Chica|Moonblast|p1a: Phione\n|-damage|p1a: Phione|29\/100\n|move|p1a: Phione|Chilling Water|p2a: Chica\n|-damage|p2a: Chica|87\/100\n|-unboost|p2a: Chica|atk|1\n|\n|-heal|p2a: Chica|93\/100|[from] item: Leftovers\n|-heal|p1a: Phione|35\/100|[from] item: Leftovers\n|upkeep\n|turn|42\n|\n|t:|1699214517\n|move|p2a: Chica|Quick Attack|p1a: Phione\n|-damage|p1a: Phione|29\/100\n|move|p1a: Phione|Take Heart|p1a: Phione\n|-boost|p1a: Phione|spa|1\n|-boost|p1a: Phione|spd|1\n|\n|-heal|p2a: Chica|99\/100|[from] item: Leftovers\n|-heal|p1a: Phione|35\/100|[from] item: Leftovers\n|upkeep\n|turn|43\n|\n|t:|1699214527\n|move|p2a: Chica|Poison Jab|p1a: Phione\n|-damage|p1a: Phione|17\/100\n|-status|p1a: Phione|tox|[from] ability: Toxic Chain|[of] p2a: Chica\n|move|p1a: Phione|Chilling Water|p2a: Chica\n|-damage|p2a: Chica|82\/100\n|-unboost|p2a: Chica|atk|1\n|\n|-heal|p2a: Chica|88\/100|[from] item: Leftovers\n|-heal|p1a: Phione|23\/100 tox|[from] item: Leftovers\n|-damage|p1a: Phione|17\/100 tox|[from] psn\n|upkeep\n|turn|44\n|\n|t:|1699214539\n|move|p2a: Chica|Poison Jab|p1a: Phione\n|-damage|p1a: Phione|4\/100 tox\n|move|p1a: Phione|Baton Pass|p1a: Phione\n|\n|t:|1699214546\n|switch|p1a: Meowscarada|Meowscarada, F|27\/100|[from] Baton Pass\n|\n|-heal|p2a: Chica|94\/100|[from] item: Leftovers\n|upkeep\n|turn|45\n|\n|t:|1699214580\n|move|p1a: Meowscarada|Thunder Punch|p2a: Chica\n|-start|p1a: Meowscarada|typechange|Electric|[from] ability: Protean\n|-damage|p2a: Chica|38\/100\n|move|p2a: Chica|Moonblast|p1a: Meowscarada\n|-damage|p1a: Meowscarada|7\/100\n|\n|-heal|p2a: Chica|44\/100|[from] item: Leftovers\n|upkeep\n|turn|46\n|\n|t:|1699214591\n|move|p1a: Meowscarada|Thunder Punch|p2a: Chica\n|-damage|p2a: Chica|0 fnt\n|faint|p2a: Chica\n|\n|upkeep\n|\n|t:|1699214595\n|switch|p2a: Roxy|Lycanroc, F, shiny|100\/100\n|-damage|p2a: Roxy|88\/100|[from] Stealth Rock\n|turn|47\n|\n|t:|1699214615\n|switch|p1a: Phione|Phione|4\/100 tox\n|move|p2a: Roxy|Crunch|p1a: Phione\n|-damage|p1a: Phione|0 fnt\n|faint|p1a: Phione\n|\n|-heal|p2a: Roxy|94\/100|[from] item: Leftovers\n|upkeep\n|\n|t:|1699214617\n|switch|p1a: Meowscarada|Meowscarada, F|7\/100\n|turn|48\n|\n|t:|1699214629\n|move|p1a: Meowscarada|Flower Trick|p2a: Roxy\n|-start|p1a: Meowscarada|typechange|Grass|[from] ability: Protean\n|-supereffective|p2a: Roxy\n|-crit|p2a: Roxy\n|-damage|p2a: Roxy|0 fnt\n|faint|p2a: Roxy\n|\n|upkeep\n|\n|t:|1699214636\n|switch|p2a: Freddy|Urshifu-Rapid-Strike, M|57\/100\n|-damage|p2a: Freddy|51\/100|[from] Stealth Rock\n|turn|49\n|\n|t:|1699214645\n|move|p1a: Meowscarada|Flower Trick|p2a: Freddy\n|-supereffective|p2a: Freddy\n|-crit|p2a: Freddy\n|-damage|p2a: Freddy|0 fnt\n|faint|p2a: Freddy\n|\n|win|Tarnick\n|raw|Tarnick's rating: 1086 &rarr; <strong>1117<\/strong><br \/>(+31 for winning)\n|raw|HelluvaIsAmazing's rating: 1135 &rarr; <strong>1106<\/strong><br \/>(-29 for losing)\n|l|\u2606HelluvaIsAmazing\n|c|\u2606Tarnick|gg, love your team names\n","uploadtime":1699214774,"views":3,"p1id":"tarnick","p2id":"helluvaisamazing","formatid":"gen9anythinggoes","rating":1106,"private":0,"password":""}