{"id":"gen9anythinggoes-1985003417","p1":"anjing kontol","p2":"Bob627","format":"[Gen 9] Anything Goes","log":"|j|\u2606anjing kontol\n|j|\u2606Bob627\n|t:|1699319622\n|gametype|singles\n|player|p1|anjing kontol|birdkeeper-gen4dp|1101\n|player|p2|Bob627|102|1033\n|teamsize|p1|6\n|teamsize|p2|6\n|gen|9\n|tier|[Gen 9] Anything Goes\n|rated|\n|rule|HP Percentage Mod: HP is shown in percentages\n|rule|Endless Battle Clause: Forcing endless battles is banned\n|clearpoke\n|poke|p1|Glimmora, F|\n|poke|p1|Coalossal, M|\n|poke|p1|Calyrex-Shadow|\n|poke|p1|Garchomp, M|\n|poke|p1|Eternatus|\n|poke|p1|Miraidon|\n|poke|p2|Maushold-Four|\n|poke|p2|Maushold-Four|\n|poke|p2|Maushold-Four|\n|poke|p2|Maushold-Four|\n|poke|p2|Maushold-Four|\n|poke|p2|Maushold-Four|\n|teampreview\n|\n|t:|1699319646\n|start\n|switch|p1a: Calyrex|Calyrex-Shadow|100\/100\n|switch|p2a: Maushold|Maushold-Four|100\/100\n|-ability|p1a: Calyrex|As One\n|-ability|p1a: Calyrex|Unnerve\n|turn|1\n|\n|t:|1699319659\n|move|p1a: Calyrex|Astral Barrage|p2a: Maushold\n|-immune|p2a: Maushold\n|move|p2a: Maushold|Crunch|p1a: Calyrex\n|-supereffective|p1a: Calyrex\n|-damage|p1a: Calyrex|40\/100\n|\n|upkeep\n|turn|2\n|\n|t:|1699319679\n|switch|p1a: Glimmora|Glimmora, F|100\/100\n|move|p2a: Maushold|Crunch|p1a: Glimmora\n|-damage|p1a: Glimmora|85\/100\n|\n|upkeep\n|turn|3\n|\n|t:|1699319686\n|move|p2a: Maushold|Population Bomb|p1a: Glimmora\n|-resisted|p1a: Glimmora\n|-damage|p1a: Glimmora|80\/100\n|-resisted|p1a: Glimmora\n|-damage|p1a: Glimmora|76\/100\n|-resisted|p1a: Glimmora\n|-damage|p1a: Glimmora|71\/100\n|-resisted|p1a: Glimmora\n|-damage|p1a: Glimmora|67\/100\n|-resisted|p1a: Glimmora\n|-damage|p1a: Glimmora|62\/100\n|-resisted|p1a: Glimmora\n|-damage|p1a: Glimmora|57\/100\n|-resisted|p1a: Glimmora\n|-damage|p1a: Glimmora|53\/100\n|-resisted|p1a: Glimmora\n|-damage|p1a: Glimmora|48\/100\n|-hitcount|p1a: Glimmora|8\n|move|p1a: Glimmora|Mortal Spin|p2a: Maushold\n|-damage|p2a: Maushold|92\/100\n|-status|p2a: Maushold|psn\n|\n|-damage|p2a: Maushold|79\/100 psn|[from] psn\n|upkeep\n|turn|4\n|\n|t:|1699319709\n|move|p2a: Maushold|Play Rough|p1a: Glimmora|[miss]\n|-miss|p2a: Maushold|p1a: Glimmora\n|move|p1a: Glimmora|Rock Tomb|p2a: Maushold|[miss]\n|-miss|p1a: Glimmora|p2a: Maushold\n|\n|-damage|p2a: Maushold|67\/100 psn|[from] psn\n|upkeep\n|turn|5\n|\n|t:|1699319718\n|move|p2a: Maushold|Play Rough|p1a: Glimmora\n|-resisted|p1a: Glimmora\n|-damage|p1a: Glimmora|39\/100\n|move|p1a: Glimmora|Mortal Spin|p2a: Maushold\n|-crit|p2a: Maushold\n|-damage|p2a: Maushold|53\/100 psn\n|\n|-damage|p2a: Maushold|40\/100 psn|[from] psn\n|upkeep\n|turn|6\n|\n|t:|1699319728\n|move|p1a: Glimmora|Protect|p1a: Glimmora\n|-singleturn|p1a: Glimmora|Protect\n|move|p2a: Maushold|Population Bomb|p1a: Glimmora\n|-activate|p1a: Glimmora|move: Protect\n|\n|-damage|p2a: Maushold|28\/100 psn|[from] psn\n|upkeep\n|turn|7\n|\n|t:|1699319738\n|move|p2a: Maushold|Population Bomb|p1a: Glimmora\n|-resisted|p1a: Glimmora\n|-crit|p1a: Glimmora\n|-damage|p1a: Glimmora|32\/100\n|-hitcount|p1a: Glimmora|1\n|move|p1a: Glimmora|Gunk Shot|p2a: Maushold\n|-damage|p2a: Maushold|0 fnt\n|faint|p2a: Maushold\n|\n|upkeep\n|\n|t:|1699319747\n|switch|p2a: Maushold|Maushold-Four|100\/100\n|turn|8\n|\n|t:|1699319754\n|move|p2a: Maushold|Population Bomb|p1a: Glimmora\n|-resisted|p1a: Glimmora\n|-damage|p1a: Glimmora|27\/100\n|-resisted|p1a: Glimmora\n|-damage|p1a: Glimmora|22\/100\n|-resisted|p1a: Glimmora\n|-damage|p1a: Glimmora|17\/100\n|-resisted|p1a: Glimmora\n|-damage|p1a: Glimmora|12\/100\n|-resisted|p1a: Glimmora\n|-damage|p1a: Glimmora|6\/100\n|-resisted|p1a: Glimmora\n|-damage|p1a: Glimmora|1\/100\n|-resisted|p1a: Glimmora\n|-damage|p1a: Glimmora|0 fnt\n|faint|p1a: Glimmora\n|-hitcount|p1: Glimmora|7\n|\n|upkeep\n|\n|t:|1699319771\n|switch|p1a: Coalossal|Coalossal, M|100\/100\n|turn|9\n|\n|t:|1699319777\n|move|p2a: Maushold|Population Bomb|p1a: Coalossal\n|-resisted|p1a: Coalossal\n|-damage|p1a: Coalossal|97\/100\n|-resisted|p1a: Coalossal\n|-damage|p1a: Coalossal|93\/100\n|-resisted|p1a: Coalossal\n|-damage|p1a: Coalossal|89\/100\n|-resisted|p1a: Coalossal\n|-damage|p1a: Coalossal|85\/100\n|-resisted|p1a: Coalossal\n|-damage|p1a: Coalossal|81\/100\n|-resisted|p1a: Coalossal\n|-damage|p1a: Coalossal|77\/100\n|-resisted|p1a: Coalossal\n|-damage|p1a: Coalossal|73\/100\n|-resisted|p1a: Coalossal\n|-damage|p1a: Coalossal|69\/100\n|-resisted|p1a: Coalossal\n|-damage|p1a: Coalossal|65\/100\n|-resisted|p1a: Coalossal\n|-damage|p1a: Coalossal|61\/100\n|-hitcount|p1a: Coalossal|10\n|move|p1a: Coalossal|Flamethrower|p2a: Maushold\n|-damage|p2a: Maushold|66\/100\n|\n|upkeep\n|turn|10\n|n|!anjing kontol|anjingkontol\n|\n|t:|1699319804\n|move|p2a: Maushold|Crunch|p1a: Coalossal\n|-damage|p1a: Coalossal|46\/100\n|-unboost|p1a: Coalossal|def|1\n|move|p1a: Coalossal|Fire Blast|p2a: Maushold\n|-damage|p2a: Maushold|24\/100\n|\n|upkeep\n|turn|11\n|\n|t:|1699319813\n|move|p2a: Maushold|Population Bomb|p1a: Coalossal\n|-resisted|p1a: Coalossal\n|-damage|p1a: Coalossal|41\/100\n|-hitcount|p1a: Coalossal|1\n|move|p1a: Coalossal|Power Gem|p2a: Maushold\n|-damage|p2a: Maushold|0 fnt\n|faint|p2a: Maushold\n|\n|upkeep\n|\n|t:|1699319821\n|switch|p2a: Maushold|Maushold-Four|100\/100\n|turn|12\n|\n|t:|1699319830\n|switch|p1a: Eternatus|Eternatus|100\/100\n|-ability|p1a: Eternatus|Pressure\n|move|p2a: Maushold|Population Bomb|p1a: Eternatus\n|-damage|p1a: Eternatus|95\/100\n|-damage|p1a: Eternatus|88\/100\n|-damage|p1a: Eternatus|83\/100\n|-hitcount|p1a: Eternatus|3\n|\n|upkeep\n|turn|13\n|\n|t:|1699319843\n|move|p1a: Eternatus|Sludge Bomb|p2a: Maushold\n|-damage|p2a: Maushold|52\/100\n|move|p2a: Maushold|Play Rough|p1a: Eternatus\n|-damage|p1a: Eternatus|69\/100\n|\n|upkeep\n|turn|14\n|\n|t:|1699319851\n|move|p1a: Eternatus|Dynamax Cannon|p2a: Maushold\n|-damage|p2a: Maushold|0 fnt\n|faint|p2a: Maushold\n|\n|upkeep\n|\n|t:|1699319857\n|switch|p2a: Maushold|Maushold-Four|100\/100\n|turn|15\n|\n|t:|1699319863\n|move|p1a: Eternatus|Dynamax Cannon|p2a: Maushold\n|-damage|p2a: Maushold|41\/100\n|move|p2a: Maushold|Population Bomb|p1a: Eternatus\n|-damage|p1a: Eternatus|62\/100\n|-crit|p1a: Eternatus\n|-damage|p1a: Eternatus|52\/100\n|-damage|p1a: Eternatus|44\/100\n|-hitcount|p1a: Eternatus|3\n|\n|upkeep\n|turn|16\n|\n|t:|1699319872\n|move|p1a: Eternatus|Sludge Bomb|p2a: Maushold\n|-damage|p2a: Maushold|0 fnt\n|faint|p2a: Maushold\n|\n|upkeep\n|\n|t:|1699319878\n|switch|p2a: Maushold|Maushold-Four|100\/100\n|turn|17\n|\n|t:|1699319886\n|move|p1a: Eternatus|Dynamax Cannon|p2a: Maushold\n|-damage|p2a: Maushold|43\/100\n|move|p2a: Maushold|Population Bomb|p1a: Eternatus\n|-damage|p1a: Eternatus|37\/100\n|-hitcount|p1a: Eternatus|1\n|\n|upkeep\n|turn|18\n|\n|t:|1699319893\n|move|p1a: Eternatus|Sludge Bomb|p2a: Maushold\n|-damage|p2a: Maushold|0 fnt\n|faint|p2a: Maushold\n|\n|upkeep\n|\n|t:|1699319896\n|switch|p2a: Maushold|Maushold-Four|100\/100\n|turn|19\n|\n|t:|1699319900\n|move|p1a: Eternatus|Dynamax Cannon|p2a: Maushold\n|-crit|p2a: Maushold\n|-damage|p2a: Maushold|17\/100\n|move|p2a: Maushold|Population Bomb|p1a: Eternatus\n|-damage|p1a: Eternatus|31\/100\n|-hitcount|p1a: Eternatus|1\n|\n|upkeep\n|turn|20\n|\n|t:|1699319907\n|move|p1a: Eternatus|Sludge Bomb|p2a: Maushold\n|-damage|p2a: Maushold|0 fnt\n|faint|p2a: Maushold\n|\n|win|anjing kontol\n|raw|anjing kontol's rating: 1101 &rarr; <strong>1121<\/strong><br \/>(+20 for winning)\n|raw|Bob627's rating: 1033 &rarr; <strong>1021<\/strong><br \/>(-12 for losing)\n","uploadtime":1699319797,"views":6,"p1id":"anjingkontol","p2id":"bob627","formatid":"gen9anythinggoes","rating":1021,"private":0,"password":""}