{"id":"gen9anythinggoes-1974686767","p1":"polynotasweat","p2":"fish esp","format":"[Gen 9] Anything Goes","log":"|j|\u2606polynotasweat\n|j|\u2606fish esp\n|t:|1698110497\n|gametype|singles\n|player|p1|polynotasweat|hugh|1114\n|player|p2|fish esp|maid|1252\n|teamsize|p1|6\n|teamsize|p2|6\n|gen|9\n|tier|[Gen 9] Anything Goes\n|rated|\n|rule|HP Percentage Mod: HP is shown in percentages\n|rule|Endless Battle Clause: Forcing endless battles is banned\n|clearpoke\n|poke|p1|Baxcalibur, M|\n|poke|p1|Urshifu-*, M|\n|poke|p1|Magearna|\n|poke|p1|Salamence, F|\n|poke|p1|Arceus-Ground|\n|poke|p1|Glimmora, F|\n|poke|p2|Fezandipiti, M|\n|poke|p2|Alomomola, F|\n|poke|p2|Corviknight, F|\n|poke|p2|Calyrex-Shadow|\n|poke|p2|Clodsire, F|\n|poke|p2|Zamazenta-*|\n|teampreview\n|\n|t:|1698110500\n|start\n|switch|p1a: decoy|Glimmora, F|100\/100\n|switch|p2a: \ud83d\uded2|Fezandipiti, M|100\/100\n|turn|1\n|\n|t:|1698110506\n|move|p2a: \ud83d\uded2|U-turn|p1a: decoy\n|-resisted|p1a: decoy\n|-damage|p1a: decoy|92\/100\n|-activate|p1a: decoy|ability: Toxic Debris\n|-sidestart|p2: fish esp|move: Toxic Spikes\n|\n|t:|1698110511\n|switch|p2a: \ud83d\ude9a\ud83d\ude9c\ud83d\ude84\ud83c\udf55\ud83c\udf5f\ud83e\udd6a\ud83c\udf57\ud83d\udc9e|Corviknight, F, shiny|100\/100|[from] U-turn\n|move|p1a: decoy|Spikes|p2a: \ud83d\ude9a\ud83d\ude9c\ud83d\ude84\ud83c\udf55\ud83c\udf5f\ud83e\udd6a\ud83c\udf57\ud83d\udc9e\n|-sidestart|p2: fish esp|Spikes\n|\n|upkeep\n|turn|2\n|\n|t:|1698110526\n|move|p1a: decoy|Spikes|p2a: \ud83d\ude9a\ud83d\ude9c\ud83d\ude84\ud83c\udf55\ud83c\udf5f\ud83e\udd6a\ud83c\udf57\ud83d\udc9e\n|-sidestart|p2: fish esp|Spikes\n|move|p2a: \ud83d\ude9a\ud83d\ude9c\ud83d\ude84\ud83c\udf55\ud83c\udf5f\ud83e\udd6a\ud83c\udf57\ud83d\udc9e|Bulk Up|p2a: \ud83d\ude9a\ud83d\ude9c\ud83d\ude84\ud83c\udf55\ud83c\udf5f\ud83e\udd6a\ud83c\udf57\ud83d\udc9e\n|-boost|p2a: \ud83d\ude9a\ud83d\ude9c\ud83d\ude84\ud83c\udf55\ud83c\udf5f\ud83e\udd6a\ud83c\udf57\ud83d\udc9e|atk|1\n|-boost|p2a: \ud83d\ude9a\ud83d\ude9c\ud83d\ude84\ud83c\udf55\ud83c\udf5f\ud83e\udd6a\ud83c\udf57\ud83d\udc9e|def|1\n|\n|upkeep\n|turn|3\n|\n|t:|1698110533\n|move|p1a: decoy|Toxic|p2a: \ud83d\ude9a\ud83d\ude9c\ud83d\ude84\ud83c\udf55\ud83c\udf5f\ud83e\udd6a\ud83c\udf57\ud83d\udc9e\n|-immune|p2a: \ud83d\ude9a\ud83d\ude9c\ud83d\ude84\ud83c\udf55\ud83c\udf5f\ud83e\udd6a\ud83c\udf57\ud83d\udc9e\n|move|p2a: \ud83d\ude9a\ud83d\ude9c\ud83d\ude84\ud83c\udf55\ud83c\udf5f\ud83e\udd6a\ud83c\udf57\ud83d\udc9e|Bulk Up|p2a: \ud83d\ude9a\ud83d\ude9c\ud83d\ude84\ud83c\udf55\ud83c\udf5f\ud83e\udd6a\ud83c\udf57\ud83d\udc9e\n|-boost|p2a: \ud83d\ude9a\ud83d\ude9c\ud83d\ude84\ud83c\udf55\ud83c\udf5f\ud83e\udd6a\ud83c\udf57\ud83d\udc9e|atk|1\n|-boost|p2a: \ud83d\ude9a\ud83d\ude9c\ud83d\ude84\ud83c\udf55\ud83c\udf5f\ud83e\udd6a\ud83c\udf57\ud83d\udc9e|def|1\n|\n|upkeep\n|turn|4\n|\n|t:|1698110541\n|move|p1a: decoy|Spikes|p2a: \ud83d\ude9a\ud83d\ude9c\ud83d\ude84\ud83c\udf55\ud83c\udf5f\ud83e\udd6a\ud83c\udf57\ud83d\udc9e\n|-sidestart|p2: fish esp|Spikes\n|move|p2a: \ud83d\ude9a\ud83d\ude9c\ud83d\ude84\ud83c\udf55\ud83c\udf5f\ud83e\udd6a\ud83c\udf57\ud83d\udc9e|Bulk Up|p2a: \ud83d\ude9a\ud83d\ude9c\ud83d\ude84\ud83c\udf55\ud83c\udf5f\ud83e\udd6a\ud83c\udf57\ud83d\udc9e\n|-boost|p2a: \ud83d\ude9a\ud83d\ude9c\ud83d\ude84\ud83c\udf55\ud83c\udf5f\ud83e\udd6a\ud83c\udf57\ud83d\udc9e|atk|1\n|-boost|p2a: \ud83d\ude9a\ud83d\ude9c\ud83d\ude84\ud83c\udf55\ud83c\udf5f\ud83e\udd6a\ud83c\udf57\ud83d\udc9e|def|1\n|\n|upkeep\n|turn|5\n|\n|t:|1698110547\n|move|p1a: decoy|Spikes||[still]\n|-fail|p1a: decoy\n|move|p2a: \ud83d\ude9a\ud83d\ude9c\ud83d\ude84\ud83c\udf55\ud83c\udf5f\ud83e\udd6a\ud83c\udf57\ud83d\udc9e|Bulk Up|p2a: \ud83d\ude9a\ud83d\ude9c\ud83d\ude84\ud83c\udf55\ud83c\udf5f\ud83e\udd6a\ud83c\udf57\ud83d\udc9e\n|-boost|p2a: \ud83d\ude9a\ud83d\ude9c\ud83d\ude84\ud83c\udf55\ud83c\udf5f\ud83e\udd6a\ud83c\udf57\ud83d\udc9e|atk|1\n|-boost|p2a: \ud83d\ude9a\ud83d\ude9c\ud83d\ude84\ud83c\udf55\ud83c\udf5f\ud83e\udd6a\ud83c\udf57\ud83d\udc9e|def|1\n|\n|upkeep\n|turn|6\n|\n|t:|1698110552\n|move|p1a: decoy|Explosion|p2a: \ud83d\ude9a\ud83d\ude9c\ud83d\ude84\ud83c\udf55\ud83c\udf5f\ud83e\udd6a\ud83c\udf57\ud83d\udc9e\n|-resisted|p2a: \ud83d\ude9a\ud83d\ude9c\ud83d\ude84\ud83c\udf55\ud83c\udf5f\ud83e\udd6a\ud83c\udf57\ud83d\udc9e\n|-damage|p2a: \ud83d\ude9a\ud83d\ude9c\ud83d\ude84\ud83c\udf55\ud83c\udf5f\ud83e\udd6a\ud83c\udf57\ud83d\udc9e|96\/100\n|faint|p1a: decoy\n|move|p2a: \ud83d\ude9a\ud83d\ude9c\ud83d\ude84\ud83c\udf55\ud83c\udf5f\ud83e\udd6a\ud83c\udf57\ud83d\udc9e|Bulk Up|p2a: \ud83d\ude9a\ud83d\ude9c\ud83d\ude84\ud83c\udf55\ud83c\udf5f\ud83e\udd6a\ud83c\udf57\ud83d\udc9e\n|-boost|p2a: \ud83d\ude9a\ud83d\ude9c\ud83d\ude84\ud83c\udf55\ud83c\udf5f\ud83e\udd6a\ud83c\udf57\ud83d\udc9e|atk|1\n|-boost|p2a: \ud83d\ude9a\ud83d\ude9c\ud83d\ude84\ud83c\udf55\ud83c\udf5f\ud83e\udd6a\ud83c\udf57\ud83d\udc9e|def|1\n|\n|upkeep\n|\n|t:|1698110560\n|switch|p1a: booster|Magearna|100\/100\n|turn|7\n|\n|t:|1698110564\n|move|p2a: \ud83d\ude9a\ud83d\ude9c\ud83d\ude84\ud83c\udf55\ud83c\udf5f\ud83e\udd6a\ud83c\udf57\ud83d\udc9e|Defog|p1a: booster\n|-unboost|p1a: booster|evasion|1\n|-sideend|p2: fish esp|Spikes|[from] move: Defog|[of] p2a: \ud83d\ude9a\ud83d\ude9c\ud83d\ude84\ud83c\udf55\ud83c\udf5f\ud83e\udd6a\ud83c\udf57\ud83d\udc9e\n|-sideend|p2: fish esp|Toxic Spikes|[from] move: Defog|[of] p2a: \ud83d\ude9a\ud83d\ude9c\ud83d\ude84\ud83c\udf55\ud83c\udf5f\ud83e\udd6a\ud83c\udf57\ud83d\udc9e\n|move|p1a: booster|Shift Gear|p1a: booster\n|-boost|p1a: booster|spe|2\n|-boost|p1a: booster|atk|1\n|\n|upkeep\n|turn|8\n|\n|t:|1698110570\n|move|p1a: booster|Shift Gear|p1a: booster\n|-boost|p1a: booster|spe|2\n|-boost|p1a: booster|atk|1\n|move|p2a: \ud83d\ude9a\ud83d\ude9c\ud83d\ude84\ud83c\udf55\ud83c\udf5f\ud83e\udd6a\ud83c\udf57\ud83d\udc9e|Brave Bird|p1a: booster\n|-resisted|p1a: booster\n|-damage|p1a: booster|46\/100\n|-damage|p2a: \ud83d\ude9a\ud83d\ude9c\ud83d\ude84\ud83c\udf55\ud83c\udf5f\ud83e\udd6a\ud83c\udf57\ud83d\udc9e|81\/100|[from] Recoil\n|\n|upkeep\n|turn|9\n|\n|t:|1698110578\n|move|p1a: booster|Baton Pass|p1a: booster\n|\n|t:|1698110585\n|switch|p1a: sweeper|Salamence, F|100\/100|[from] Baton Pass\n|move|p2a: \ud83d\ude9a\ud83d\ude9c\ud83d\ude84\ud83c\udf55\ud83c\udf5f\ud83e\udd6a\ud83c\udf57\ud83d\udc9e|Brave Bird|p1a: sweeper\n|-enditem|p1a: sweeper|Focus Sash\n|-damage|p1a: sweeper|1\/100\n|-damage|p2a: \ud83d\ude9a\ud83d\ude9c\ud83d\ude84\ud83c\udf55\ud83c\udf5f\ud83e\udd6a\ud83c\udf57\ud83d\udc9e|50\/100|[from] Recoil\n|\n|upkeep\n|turn|10\n|\n|t:|1698110595\n|-terastallize|p1a: sweeper|Dragon\n|move|p1a: sweeper|Dual Wingbeat|p2a: \ud83d\ude9a\ud83d\ude9c\ud83d\ude84\ud83c\udf55\ud83c\udf5f\ud83e\udd6a\ud83c\udf57\ud83d\udc9e\n|-resisted|p2a: \ud83d\ude9a\ud83d\ude9c\ud83d\ude84\ud83c\udf55\ud83c\udf5f\ud83e\udd6a\ud83c\udf57\ud83d\udc9e\n|-damage|p2a: \ud83d\ude9a\ud83d\ude9c\ud83d\ude84\ud83c\udf55\ud83c\udf5f\ud83e\udd6a\ud83c\udf57\ud83d\udc9e|46\/100\n|-damage|p1a: sweeper|0 fnt|[from] item: Rocky Helmet|[of] p2a: \ud83d\ude9a\ud83d\ude9c\ud83d\ude84\ud83c\udf55\ud83c\udf5f\ud83e\udd6a\ud83c\udf57\ud83d\udc9e\n|faint|p1a: sweeper\n|-hitcount|p2a: \ud83d\ude9a\ud83d\ude9c\ud83d\ude84\ud83c\udf55\ud83c\udf5f\ud83e\udd6a\ud83c\udf57\ud83d\udc9e|1\n|move|p2a: \ud83d\ude9a\ud83d\ude9c\ud83d\ude84\ud83c\udf55\ud83c\udf5f\ud83e\udd6a\ud83c\udf57\ud83d\udc9e|Roost|p2a: \ud83d\ude9a\ud83d\ude9c\ud83d\ude84\ud83c\udf55\ud83c\udf5f\ud83e\udd6a\ud83c\udf57\ud83d\udc9e\n|-heal|p2a: \ud83d\ude9a\ud83d\ude9c\ud83d\ude84\ud83c\udf55\ud83c\udf5f\ud83e\udd6a\ud83c\udf57\ud83d\udc9e|96\/100\n|-singleturn|p2a: \ud83d\ude9a\ud83d\ude9c\ud83d\ude84\ud83c\udf55\ud83c\udf5f\ud83e\udd6a\ud83c\udf57\ud83d\udc9e|move: Roost\n|\n|upkeep\n|\n|t:|1698110607\n|switch|p1a: GodOfAll|Arceus-Ground|100\/100\n|turn|11\n|\n|t:|1698110611\n|move|p1a: GodOfAll|Judgment|p2a: \ud83d\ude9a\ud83d\ude9c\ud83d\ude84\ud83c\udf55\ud83c\udf5f\ud83e\udd6a\ud83c\udf57\ud83d\udc9e\n|-immune|p2a: \ud83d\ude9a\ud83d\ude9c\ud83d\ude84\ud83c\udf55\ud83c\udf5f\ud83e\udd6a\ud83c\udf57\ud83d\udc9e\n|move|p2a: \ud83d\ude9a\ud83d\ude9c\ud83d\ude84\ud83c\udf55\ud83c\udf5f\ud83e\udd6a\ud83c\udf57\ud83d\udc9e|Brave Bird|p1a: GodOfAll\n|-damage|p1a: GodOfAll|14\/100\n|-damage|p2a: \ud83d\ude9a\ud83d\ude9c\ud83d\ude84\ud83c\udf55\ud83c\udf5f\ud83e\udd6a\ud83c\udf57\ud83d\udc9e|66\/100|[from] Recoil\n|\n|upkeep\n|turn|12\n|-message|polynotasweat forfeited.\n|\n|win|fish esp\n|raw|polynotasweat's rating: 1114 &rarr; <strong>1098<\/strong><br \/>(-16 for losing)\n|raw|fish esp's rating: 1252 &rarr; <strong>1268<\/strong><br \/>(+16 for winning)\n|l|\u2606polynotasweat\n","uploadtime":1698110619,"views":9,"p1id":"polynotasweat","p2id":"fishesp","formatid":"gen9anythinggoes","rating":1098,"private":0,"password":""}