{"id":"gen9anythinggoes-1981380461","p1":"Zman145","p2":"Gooooper","format":"[Gen 9] Anything Goes","log":"|j|\u2606Zman145\n|j|\u2606Gooooper\n|t:|1698889511\n|gametype|singles\n|player|p1|Zman145|pokekid|1038\n|player|p2|Gooooper|evelyn|1155\n|teamsize|p1|6\n|teamsize|p2|6\n|gen|9\n|tier|[Gen 9] Anything Goes\n|rated|\n|rule|HP Percentage Mod: HP is shown in percentages\n|rule|Endless Battle Clause: Forcing endless battles is banned\n|clearpoke\n|poke|p1|Ribombee, M|\n|poke|p1|Ribombee, F|\n|poke|p1|Ribombee, F|\n|poke|p1|Hawlucha, F|\n|poke|p1|Hawlucha, M|\n|poke|p1|Hawlucha, M|\n|poke|p2|Ditto|\n|poke|p2|Wooper-Paldea, M|\n|poke|p2|Clodsire, M|\n|poke|p2|Arceus|\n|poke|p2|Eternatus|\n|poke|p2|Calyrex-Shadow|\n|teampreview\n|\n|t:|1698889521\n|start\n|switch|p1a: Ribombee|Ribombee, M|100\/100\n|switch|p2a: Gooper|Wooper-Paldea, M, shiny|100\/100\n|turn|1\n|inactive|Battle timer is ON: inactive players will automatically lose when time's up. (requested by Gooooper)\n|\n|t:|1698889530\n|move|p1a: Ribombee|Quiver Dance|p1a: Ribombee\n|-boost|p1a: Ribombee|spa|1\n|-boost|p1a: Ribombee|spd|1\n|-boost|p1a: Ribombee|spe|1\n|move|p2a: Gooper|Toxic Spikes|p1a: Ribombee\n|-sidestart|p1: Zman145|move: Toxic Spikes\n|\n|upkeep\n|turn|2\n|\n|t:|1698889538\n|move|p1a: Ribombee|Skill Swap|p2a: Gooper\n|-activate|p1a: Ribombee|move: Skill Swap|Water Absorb|Honey Gather|[of] p2a: Gooper\n|move|p2a: Gooper|Toxic Spikes|p1a: Ribombee\n|-sidestart|p1: Zman145|move: Toxic Spikes\n|\n|upkeep\n|turn|3\n|\n|t:|1698889544\n|move|p1a: Ribombee|Quiver Dance|p1a: Ribombee\n|-boost|p1a: Ribombee|spa|1\n|-boost|p1a: Ribombee|spd|1\n|-boost|p1a: Ribombee|spe|1\n|move|p2a: Gooper|Yawn|p1a: Ribombee\n|-start|p1a: Ribombee|move: Yawn|[of] p2a: Gooper\n|\n|upkeep\n|turn|4\n|\n|t:|1698889555\n|move|p1a: Ribombee|Baton Pass|p1a: Ribombee\n|\n|t:|1698889557\n|switch|p1a: Ribombee|Ribombee, F|100\/100|[from] Baton Pass\n|-status|p1a: Ribombee|tox\n|move|p2a: Gooper|Spikes|p1a: Ribombee\n|-sidestart|p1: Zman145|Spikes\n|\n|-damage|p1a: Ribombee|94\/100 tox|[from] psn\n|upkeep\n|turn|5\n|\n|t:|1698889571\n|move|p1a: Ribombee|Dazzling Gleam|p2a: Gooper\n|-resisted|p2a: Gooper\n|-damage|p2a: Gooper|57\/100\n|move|p2a: Gooper|Spikes|p1a: Ribombee\n|-sidestart|p1: Zman145|Spikes\n|\n|-damage|p1a: Ribombee|82\/100 tox|[from] psn\n|upkeep\n|turn|6\n|\n|t:|1698889581\n|move|p1a: Ribombee|Quiver Dance|p1a: Ribombee\n|-boost|p1a: Ribombee|spa|1\n|-boost|p1a: Ribombee|spd|1\n|-boost|p1a: Ribombee|spe|1\n|move|p2a: Gooper|Recover|p2a: Gooper\n|-heal|p2a: Gooper|100\/100\n|\n|-damage|p1a: Ribombee|64\/100 tox|[from] psn\n|upkeep\n|turn|7\n|\n|t:|1698889590\n|move|p1a: Ribombee|Dazzling Gleam|p2a: Gooper\n|-resisted|p2a: Gooper\n|-damage|p2a: Gooper|49\/100\n|move|p2a: Gooper|Spikes|p1a: Ribombee\n|-sidestart|p1: Zman145|Spikes\n|\n|-damage|p1a: Ribombee|39\/100 tox|[from] psn\n|upkeep\n|turn|8\n|\n|t:|1698889600\n|move|p1a: Ribombee|Dazzling Gleam|p2a: Gooper\n|-resisted|p2a: Gooper\n|-damage|p2a: Gooper|0 fnt\n|faint|p2a: Gooper\n|\n|-damage|p1a: Ribombee|9\/100 tox|[from] psn\n|upkeep\n|\n|t:|1698889607\n|switch|p2a: Clod|Clodsire, M, shiny|100\/100\n|turn|9\n|\n|t:|1698889610\n|move|p1a: Ribombee|Skill Swap|p2a: Clod\n|-activate|p1a: Ribombee|move: Skill Swap|Unaware|Honey Gather|[of] p2a: Clod\n|move|p2a: Clod|Stealth Rock|p1a: Ribombee\n|-sidestart|p1: Zman145|move: Stealth Rock\n|\n|-damage|p1a: Ribombee|0 fnt|[from] psn\n|faint|p1a: Ribombee\n|upkeep\n|\n|t:|1698889613\n|switch|p1a: Ribombee|Ribombee, M|100\/100\n|-status|p1a: Ribombee|tox\n|-damage|p1a: Ribombee|76\/100 tox|[from] Spikes\n|-damage|p1a: Ribombee|51\/100 tox|[from] Stealth Rock\n|turn|10\n|\n|t:|1698889622\n|switch|p2a: God ?|Arceus, shiny|100\/100\n|move|p1a: Ribombee|Quiver Dance|p1a: Ribombee\n|-boost|p1a: Ribombee|spa|1\n|-boost|p1a: Ribombee|spd|1\n|-boost|p1a: Ribombee|spe|1\n|\n|-damage|p1a: Ribombee|45\/100 tox|[from] psn\n|upkeep\n|turn|11\n|\n|t:|1698889630\n|move|p1a: Ribombee|Dazzling Gleam|p2a: God ?\n|-damage|p2a: God ?|69\/100\n|move|p2a: God ?|Roar|p1a: Ribombee\n|drag|p1a: Hawlucha|Hawlucha, M|100\/100\n|-damage|p1a: Hawlucha|88\/100|[from] Stealth Rock\n|\n|-heal|p2a: God ?|75\/100|[from] item: Leftovers\n|upkeep\n|turn|12\n|\n|t:|1698889643\n|switch|p2a: Clod|Clodsire, M, shiny|100\/100\n|move|p1a: Hawlucha|Bulk Up|p1a: Hawlucha\n|-boost|p1a: Hawlucha|atk|1\n|-boost|p1a: Hawlucha|def|1\n|\n|upkeep\n|turn|13\n|\n|t:|1698889653\n|move|p1a: Hawlucha|Drain Punch|p2a: Clod\n|-resisted|p2a: Clod\n|-damage|p2a: Clod|88\/100\n|-heal|p1a: Hawlucha|98\/100|[from] drain|[of] p2a: Clod\n|move|p2a: Clod|Yawn|p1a: Hawlucha\n|-start|p1a: Hawlucha|move: Yawn|[of] p2a: Clod\n|\n|-heal|p2a: Clod|94\/100|[from] item: Leftovers\n|upkeep\n|turn|14\n|\n|t:|1698889662\n|switch|p2a: Death|Calyrex-Shadow|100\/100\n|-ability|p2a: Death|As One\n|-ability|p2a: Death|Unnerve\n|move|p1a: Hawlucha|Baton Pass|p1a: Hawlucha\n|\n|t:|1698889665\n|switch|p1a: Ribombee|Ribombee, M|45\/100 tox|[from] Baton Pass\n|-damage|p1a: Ribombee|20\/100 tox|[from] Spikes\n|-damage|p1a: Ribombee|0 fnt|[from] Stealth Rock\n|faint|p1a: Ribombee\n|\n|upkeep\n|\n|t:|1698889669\n|switch|p1a: Ribombee|Ribombee, F|100\/100\n|-status|p1a: Ribombee|tox\n|-damage|p1a: Ribombee|76\/100 tox|[from] Spikes\n|-damage|p1a: Ribombee|51\/100 tox|[from] Stealth Rock\n|turn|15\n|\n|t:|1698889679\n|move|p2a: Death|Astral Barrage|p1a: Ribombee\n|-damage|p1a: Ribombee|0 fnt\n|faint|p1a: Ribombee\n|-ability|p2a: Death|Grim Neigh|boost\n|-boost|p2a: Death|spa|1\n|\n|upkeep\n|\n|t:|1698889683\n|switch|p1a: Hawlucha|Hawlucha, F|100\/100\n|-damage|p1a: Hawlucha|88\/100|[from] Stealth Rock\n|turn|16\n|\n|t:|1698889690\n|-terastallize|p1a: Hawlucha|Electric\n|move|p2a: Death|Astral Barrage|p1a: Hawlucha\n|-damage|p1a: Hawlucha|0 fnt\n|faint|p1a: Hawlucha\n|-ability|p2a: Death|Grim Neigh|boost\n|-boost|p2a: Death|spa|1\n|\n|upkeep\n|\n|t:|1698889692\n|switch|p1a: Hawlucha|Hawlucha, M|98\/100\n|-damage|p1a: Hawlucha|85\/100|[from] Stealth Rock\n|turn|17\n|-message|Zman145 forfeited.\n|\n|win|Gooooper\n|raw|Zman145's rating: 1038 &rarr; <strong>1027<\/strong><br \/>(-11 for losing)\n|raw|Gooooper's rating: 1155 &rarr; <strong>1172<\/strong><br \/>(+17 for winning)\n|l|\u2606Zman145\n","uploadtime":1698889704,"views":5,"p1id":"zman145","p2id":"gooooper","formatid":"gen9anythinggoes","rating":1027,"private":0,"password":""}