{"id":"gen9anythinggoes-1987863182","p1":"Leafeon2009","p2":"Nylot","format":"[Gen 9] Anything Goes","log":"|j|\u2606Leafeon2009\n|j|\u2606Nylot\n|t:|1699643783\n|gametype|singles\n|player|p1|Leafeon2009|hilbert|1158\n|player|p2|Nylot|265|1139\n|teamsize|p1|6\n|teamsize|p2|6\n|gen|9\n|tier|[Gen 9] Anything Goes\n|rated|\n|rule|HP Percentage Mod: HP is shown in percentages\n|rule|Endless Battle Clause: Forcing endless battles is banned\n|clearpoke\n|poke|p1|Roaring Moon|\n|poke|p1|Iron Hands|\n|poke|p1|Ceruledge, F|\n|poke|p1|Dachsbun, M|\n|poke|p1|Veluza, F|\n|poke|p1|Leafeon, M|\n|poke|p2|Zangoose, F|\n|poke|p2|Mightyena, F|\n|poke|p2|Indeedee, M|\n|poke|p2|Empoleon, M|\n|poke|p2|Stonjourner, M|\n|poke|p2|Sandy Shocks|\n|teampreview\n|\n|t:|1699643796\n|start\n|switch|p1a: Blade|Leafeon, M, shiny|100\/100\n|switch|p2a: Empoleon|Empoleon, M|100\/100\n|turn|1\n|\n|t:|1699643801\n|move|p1a: Blade|Sunny Day|p1a: Blade\n|-weather|SunnyDay\n|move|p2a: Empoleon|Stealth Rock|p1a: Blade\n|-sidestart|p1: Leafeon2009|move: Stealth Rock\n|\n|-weather|SunnyDay|[upkeep]\n|upkeep\n|turn|2\n|\n|t:|1699643805\n|move|p1a: Blade|Leaf Blade|p2a: Empoleon\n|-damage|p2a: Empoleon|60\/100\n|move|p2a: Empoleon|Ice Beam|p1a: Blade\n|-supereffective|p1a: Blade\n|-crit|p1a: Blade\n|-damage|p1a: Blade|0 fnt\n|faint|p1a: Blade\n|-damage|p2a: Empoleon|50\/100|[from] item: Life Orb\n|\n|-weather|SunnyDay|[upkeep]\n|upkeep\n|\n|t:|1699643819\n|switch|p1a: Spirit|Ceruledge, F, shiny|100\/100\n|-damage|p1a: Spirit|76\/100|[from] Stealth Rock\n|turn|3\n|\n|t:|1699643829\n|move|p1a: Spirit|Bitter Blade|p2a: Empoleon\n|-damage|p2a: Empoleon|0 fnt\n|-heal|p1a: Spirit|100\/100|[from] drain|[of] p2a: Empoleon\n|faint|p2a: Empoleon\n|-damage|p1a: Spirit|91\/100|[from] item: Life Orb\n|\n|-weather|SunnyDay|[upkeep]\n|upkeep\n|\n|t:|1699643838\n|switch|p2a: Stonjourner|Stonjourner, M|100\/100\n|turn|4\n|\n|t:|1699643845\n|move|p1a: Spirit|Solar Blade||[still]\n|-prepare|p1a: Spirit|Solar Blade\n|-anim|p1a: Spirit|Solar Blade|p2a: Stonjourner\n|-supereffective|p2a: Stonjourner\n|-damage|p2a: Stonjourner|18\/100\n|-damage|p1a: Spirit|81\/100|[from] item: Life Orb\n|move|p2a: Stonjourner|Earthquake|p1a: Spirit\n|-supereffective|p1a: Spirit\n|-damage|p1a: Spirit|0 fnt\n|faint|p1a: Spirit\n|\n|-weather|SunnyDay|[upkeep]\n|upkeep\n|\n|t:|1699643857\n|switch|p1a: Draco|Roaring Moon, shiny|100\/100\n|-damage|p1a: Draco|88\/100|[from] Stealth Rock\n|-activate|p1a: Draco|ability: Protosynthesis\n|-start|p1a: Draco|protosynthesisatk\n|turn|5\n|\n|t:|1699643867\n|move|p1a: Draco|Earthquake|p2a: Stonjourner\n|-supereffective|p2a: Stonjourner\n|-damage|p2a: Stonjourner|0 fnt\n|faint|p2a: Stonjourner\n|\n|-weather|none\n|-end|p1a: Draco|Protosynthesis\n|upkeep\n|\n|t:|1699643877\n|switch|p2a: Mightyena|Mightyena, F|100\/100\n|turn|6\n|\n|t:|1699643880\n|move|p1a: Draco|Earthquake|p2a: Mightyena\n|-damage|p2a: Mightyena|7\/100\n|move|p2a: Mightyena|Play Rough|p1a: Draco\n|-supereffective|p1a: Draco\n|-damage|p1a: Draco|0 fnt\n|faint|p1a: Draco\n|-end|p1a: Draco|Protosynthesis|[silent]\n|-ability|p2a: Mightyena|Moxie|boost\n|-boost|p2a: Mightyena|atk|1\n|\n|upkeep\n|\n|t:|1699643890\n|switch|p1a: Honeybun|Dachsbun, M, shiny|100\/100\n|turn|7\n|inactive|Battle timer is ON: inactive players will automatically lose when time's up. (requested by Nylot)\n|\n|t:|1699643899\n|move|p2a: Mightyena|Play Rough|p1a: Honeybun\n|-damage|p1a: Honeybun|49\/100\n|move|p1a: Honeybun|Body Press|p2a: Mightyena\n|-supereffective|p2a: Mightyena\n|-damage|p2a: Mightyena|0 fnt\n|faint|p2a: Mightyena\n|\n|upkeep\n|\n|t:|1699643902\n|switch|p2a: Zangoose|Zangoose, F|100\/100\n|turn|8\n|\n|t:|1699643910\n|-terastallize|p2a: Zangoose|Poison\n|-terastallize|p1a: Honeybun|Steel\n|move|p2a: Zangoose|Gunk Shot|p1a: Honeybun\n|-immune|p1a: Honeybun\n|move|p1a: Honeybun|Wish|p1a: Honeybun\n|\n|upkeep\n|turn|9\n|\n|t:|1699643921\n|move|p1a: Honeybun|Protect|p1a: Honeybun\n|-singleturn|p1a: Honeybun|Protect\n|move|p2a: Zangoose|Body Slam|p1a: Honeybun\n|-activate|p1a: Honeybun|move: Protect\n|\n|-heal|p1a: Honeybun|99\/100|[from] move: Wish|[wisher] Honeybun\n|upkeep\n|turn|10\n|-message|Nylot forfeited.\n|\n|win|Leafeon2009\n|raw|Leafeon2009's rating: 1158 &rarr; <strong>1182<\/strong><br \/>(+24 for winning)\n|raw|Nylot's rating: 1139 &rarr; <strong>1115<\/strong><br \/>(-24 for losing)\n|l|\u2606Nylot\n","uploadtime":1699643931,"views":4,"p1id":"leafeon2009","p2id":"nylot","formatid":"gen9anythinggoes","rating":1115,"private":0,"password":""}