{"id":"gen9anythinggoes-2000626708","p1":"youngsterjow","p2":"K1RbYz-","format":"[Gen 9] Anything Goes","log":"|j|\u203dyoungsterjow\n|j|\u2606K1RbYz-\n|t:|1701211965\n|gametype|singles\n|player|p1|youngsterjow|1|1108\n|player|p2|K1RbYz-|hugh|1000\n|teamsize|p1|6\n|teamsize|p2|6\n|gen|9\n|tier|[Gen 9] Anything Goes\n|rated|\n|rule|HP Percentage Mod: HP is shown in percentages\n|rule|Endless Battle Clause: Forcing endless battles is banned\n|clearpoke\n|poke|p1|Calyrex-Shadow|\n|poke|p1|Tinkaton, F|\n|poke|p1|Arcanine-Hisui, F|\n|poke|p1|Urshifu-*, F|\n|poke|p1|Drifblim, F|\n|poke|p1|Zacian-*|\n|poke|p2|Espathra, M|\n|poke|p2|Cyclizar, M|\n|poke|p2|Glimmora, M|\n|poke|p2|Gholdengo|\n|poke|p2|Dragonite, M|\n|poke|p2|Kingambit, M|\n|teampreview\n|inactive|Battle timer is ON: inactive players will automatically lose when time's up. (requested by K1RbYz-)\n|\n|t:|1701211985\n|start\n|switch|p1a: Drifblim|Drifblim, F|100\/100\n|switch|p2a: Gholdengo|Gholdengo|100\/100\n|turn|1\n|inactive|K1RbYz- has 120 seconds left.\n|\n|t:|1701212015\n|move|p2a: Gholdengo|Nasty Plot|p2a: Gholdengo\n|-boost|p2a: Gholdengo|spa|2\n|move|p1a: Drifblim|Minimize|p1a: Drifblim\n|-boost|p1a: Drifblim|evasion|2\n|\n|upkeep\n|turn|2\n|inactive|K1RbYz- has 120 seconds left.\n|\n|t:|1701212036\n|move|p2a: Gholdengo|Nasty Plot|p2a: Gholdengo\n|-boost|p2a: Gholdengo|spa|2\n|move|p1a: Drifblim|Minimize|p1a: Drifblim\n|-boost|p1a: Drifblim|evasion|2\n|\n|upkeep\n|turn|3\n|\n|t:|1701212054\n|switch|p2a: Glimmora|Glimmora, M|100\/100\n|move|p1a: Drifblim|Minimize|p1a: Drifblim\n|-boost|p1a: Drifblim|evasion|2\n|\n|upkeep\n|turn|4\n|\n|t:|1701212075\n|move|p2a: Glimmora|Spikes|p1a: Drifblim\n|-sidestart|p1: youngsterjow|Spikes\n|move|p1a: Drifblim|Calm Mind|p1a: Drifblim\n|-boost|p1a: Drifblim|spa|1\n|-boost|p1a: Drifblim|spd|1\n|\n|upkeep\n|turn|5\n|\n|t:|1701212088\n|move|p2a: Glimmora|Power Gem|p1a: Drifblim|[miss]\n|-miss|p2a: Glimmora|p1a: Drifblim\n|move|p1a: Drifblim|Calm Mind|p1a: Drifblim\n|-boost|p1a: Drifblim|spa|1\n|-boost|p1a: Drifblim|spd|1\n|\n|upkeep\n|turn|6\n|\n|t:|1701212095\n|move|p2a: Glimmora|Power Gem|p1a: Drifblim\n|-supereffective|p1a: Drifblim\n|-damage|p1a: Drifblim|61\/100\n|-enditem|p1a: Drifblim|Weakness Policy\n|-boost|p1a: Drifblim|atk|2|[from] item: Weakness Policy\n|-boost|p1a: Drifblim|spa|2|[from] item: Weakness Policy\n|move|p1a: Drifblim|Baton Pass|p1a: Drifblim\n|\n|t:|1701212102\n|switch|p1a: Calyrex|Calyrex-Shadow|100\/100|[from] Baton Pass\n|-ability|p1a: Calyrex|As One\n|-ability|p1a: Calyrex|Unnerve\n|\n|upkeep\n|turn|7\n|inactive|K1RbYz- has 120 seconds left.\n|\n|t:|1701212116\n|move|p1a: Calyrex|Giga Drain|p2a: Glimmora\n|-enditem|p2a: Glimmora|Focus Sash\n|-damage|p2a: Glimmora|1\/100\n|move|p2a: Glimmora|Power Gem|p1a: Calyrex\n|-damage|p1a: Calyrex|84\/100\n|\n|upkeep\n|turn|8\n|inactive|K1RbYz- has 120 seconds left.\n|\n|t:|1701212132\n|move|p1a: Calyrex|Giga Drain|p2a: Glimmora\n|-damage|p2a: Glimmora|0 fnt\n|-heal|p1a: Calyrex|85\/100|[from] drain|[of] p2a: Glimmora\n|faint|p2a: Glimmora\n|-ability|p1a: Calyrex|Grim Neigh|boost\n|-boost|p1a: Calyrex|spa|1\n|\n|upkeep\n|\n|t:|1701212151\n|switch|p2a: Espathra|Espathra, M|100\/100\n|turn|9\n|\n|t:|1701212162\n|move|p1a: Calyrex|Dark Pulse|p2a: Espathra\n|-supereffective|p2a: Espathra\n|-damage|p2a: Espathra|0 fnt\n|faint|p2a: Espathra\n|-ability|p1a: Calyrex|Grim Neigh|boost\n|-boost|p1a: Calyrex|spa|1\n|\n|upkeep\n|\n|t:|1701212177\n|switch|p2a: Cyclizar|Cyclizar, M|100\/100\n|turn|10\n|\n|t:|1701212196\n|-terastallize|p2a: Cyclizar|Steel\n|move|p1a: Calyrex|Dark Pulse|p2a: Cyclizar\n|-damage|p2a: Cyclizar|0 fnt\n|faint|p2a: Cyclizar\n|\n|upkeep\n|inactive|K1RbYz- has 90 seconds left.\n|\n|t:|1701212218\n|switch|p2a: Dragonite|Dragonite, M|100\/100\n|turn|11\n|\n|t:|1701212222\n|move|p2a: Dragonite|Extreme Speed|p1a: Calyrex\n|-immune|p1a: Calyrex\n|move|p1a: Calyrex|Dark Pulse|p2a: Dragonite\n|-damage|p2a: Dragonite|33\/100\n|\n|upkeep\n|turn|12\n|\n|t:|1701212233\n|move|p1a: Calyrex|Dark Pulse|p2a: Dragonite\n|-damage|p2a: Dragonite|0 fnt\n|faint|p2a: Dragonite\n|\n|upkeep\n|\n|t:|1701212238\n|switch|p2a: Gholdengo|Gholdengo|100\/100\n|turn|13\n|\n|t:|1701212248\n|move|p2a: Gholdengo|Shadow Ball|p1a: Calyrex|[miss]\n|-miss|p2a: Gholdengo|p1a: Calyrex\n|move|p1a: Calyrex|Astral Barrage|p2a: Gholdengo\n|-supereffective|p2a: Gholdengo\n|-damage|p2a: Gholdengo|0 fnt\n|faint|p2a: Gholdengo\n|\n|upkeep\n|inactive|K1RbYz- has 90 seconds left.\n|inactive|K1RbYz- has 60 seconds left.\n|l|\u2606K1RbYz-\n|inactive|K1RbYz- disconnected and has a minute to reconnect!\n|player|p2|\n|j|\u2606K1RbYz-\n|inactive|K1RbYz- reconnected and has 55 seconds left.\n|player|p2|K1RbYz-|hugh\n|\n|t:|1701212303\n|switch|p2a: Kingambit|Kingambit, M|100\/100\n|-activate|p2a: Kingambit|ability: Supreme Overlord\n|-start|p2a: Kingambit|fallen5|[silent]\n|turn|14\n|inactive|youngsterjow has 120 seconds left.\n|inactive|youngsterjow has 90 seconds left.\n|inactive|youngsterjow has 60 seconds left.\n|inactive|youngsterjow has 30 seconds left.\n|\n|t:|1701212430\n|move|p1a: Calyrex|Giga Drain|p2a: Kingambit\n|-resisted|p2a: Kingambit\n|-crit|p2a: Kingambit\n|-damage|p2a: Kingambit|11\/100\n|-heal|p1a: Calyrex|100\/100|[from] drain|[of] p2a: Kingambit\n|move|p2a: Kingambit|Kowtow Cleave|p1a: Calyrex\n|-supereffective|p1a: Calyrex\n|-damage|p1a: Calyrex|0 fnt\n|faint|p1a: Calyrex\n|\n|-heal|p2a: Kingambit|17\/100|[from] item: Leftovers\n|upkeep\n|inactive|youngsterjow has 30 seconds left this turn.\n|inactive|youngsterjow has 20 seconds left.\n|\n|t:|1701212441\n|switch|p1a: Arcanine|Arcanine-Hisui, F|100\/100\n|-damage|p1a: Arcanine|88\/100|[from] Spikes\n|turn|15\n|inactive|youngsterjow has 30 seconds left this turn.\n|\n|t:|1701212449\n|move|p1a: Arcanine|Extreme Speed|p2a: Kingambit\n|-resisted|p2a: Kingambit\n|-damage|p2a: Kingambit|7\/100\n|move|p2a: Kingambit|Kowtow Cleave|p1a: Arcanine\n|-crit|p1a: Arcanine\n|-damage|p1a: Arcanine|0 fnt\n|faint|p1a: Arcanine\n|\n|-heal|p2a: Kingambit|13\/100|[from] item: Leftovers\n|upkeep\n|inactive|youngsterjow has 30 seconds left this turn.\n|\n|t:|1701212459\n|switch|p1a: Tinkaton|Tinkaton, F|100\/100\n|turn|16\n|\n|t:|1701212463\n|move|p1a: Tinkaton|Gigaton Hammer|p2a: Kingambit\n|-resisted|p2a: Kingambit\n|-damage|p2a: Kingambit|0 fnt\n|faint|p2a: Kingambit\n|-end|p2a: Kingambit|fallen5|[silent]\n|\n|win|youngsterjow\n|raw|youngsterjow's rating: 1108 &rarr; <strong>1125<\/strong><br \/>(+17 for winning)\n|raw|K1RbYz-'s rating: 1000 &rarr; <strong>1000<\/strong><br \/>(+0 for losing)\n|l|\u203dyoungsterjow\n|l|\u2606K1RbYz-\n|j|\u2606K1RbYz-\n|player|p2|K1RbYz-|hugh\n","uploadtime":1701212654,"views":4,"p1id":"youngsterjow","p2id":"k1rbyz","formatid":"gen9anythinggoes","rating":1000,"private":0,"password":""}