{"id":"gen9anythinggoes-1995986394","p1":"cocodrink1233","p2":"I forgro","format":"[Gen 9] Anything Goes","log":"|j|\u2606cocodrink1233\n|j|\u203dI forgro\n|t:|1700625602\n|gametype|singles\n|player|p1|cocodrink1233|266|1008\n|player|p2|I forgro|101|1000\n|teamsize|p1|6\n|teamsize|p2|6\n|gen|9\n|tier|[Gen 9] Anything Goes\n|rated|\n|rule|HP Percentage Mod: HP is shown in percentages\n|rule|Endless Battle Clause: Forcing endless battles is banned\n|clearpoke\n|poke|p1|Goodra-Hisui, M|\n|poke|p1|Landorus-Therian, M|\n|poke|p1|Cyclizar, F|\n|poke|p1|Snorlax, M|\n|poke|p1|Murkrow, L1, F|\n|poke|p1|Arceus|\n|poke|p2|Regieleki|\n|poke|p2|Miraidon|\n|poke|p2|Rayquaza|\n|poke|p2|Zamazenta-*|\n|poke|p2|Clodsire, F|\n|poke|p2|Tornadus, M|\n|teampreview\n|\n|t:|1700625607\n|start\n|switch|p1a: Murkrow|Murkrow, L1, F|100\/100\n|switch|p2a: Miraidon|Miraidon|100\/100\n|-fieldstart|move: Electric Terrain|[from] ability: Hadron Engine|[of] p2a: Miraidon\n|turn|1\n|\n|t:|1700625616\n|switch|p2a: Tornadus|Tornadus, M, shiny|100\/100\n|move|p1a: Murkrow|Taunt|p2a: Tornadus\n|-start|p2a: Tornadus|move: Taunt\n|\n|upkeep\n|turn|2\n|\n|t:|1700625622\n|switch|p2a: Regieleki|Regieleki, shiny|100\/100\n|move|p1a: Murkrow|Thunder Wave|p2a: Regieleki\n|-immune|p2a: Regieleki\n|\n|upkeep\n|turn|3\n|\n|t:|1700625630\n|-terastallize|p2a: Regieleki|Electric\n|move|p1a: Murkrow|Taunt|p2a: Regieleki\n|-start|p2a: Regieleki|move: Taunt\n|move|p2a: Regieleki|Thunderbolt|p1a: Murkrow\n|-supereffective|p1a: Murkrow\n|-enditem|p1a: Murkrow|Focus Sash\n|-damage|p1a: Murkrow|8\/100\n|\n|upkeep\n|turn|4\n|\n|t:|1700625640\n|move|p1a: Murkrow|Tailwind|p1a: Murkrow\n|-sidestart|p1: cocodrink1233|move: Tailwind\n|move|p2a: Regieleki|Thunderbolt|p1a: Murkrow\n|-supereffective|p1a: Murkrow\n|-damage|p1a: Murkrow|0 fnt\n|faint|p1a: Murkrow\n|\n|upkeep\n|\n|t:|1700625650\n|switch|p1a: Landorus|Landorus-Therian, M|100\/100\n|-ability|p1a: Landorus|Intimidate|boost\n|-unboost|p2a: Regieleki|atk|1\n|turn|5\n|\n|t:|1700625657\n|move|p1a: Landorus|Stealth Rock|p2a: Regieleki\n|-sidestart|p2: I forgro|move: Stealth Rock\n|move|p2a: Regieleki|Volt Switch|p1a: Landorus\n|-immune|p1a: Landorus\n|\n|-end|p2a: Regieleki|move: Taunt\n|-fieldend|move: Electric Terrain\n|upkeep\n|turn|6\n|\n|t:|1700625665\n|switch|p2a: Rayquaza|Rayquaza, shiny|100\/100\n|-damage|p2a: Rayquaza|76\/100|[from] Stealth Rock\n|-ability|p2a: Rayquaza|Air Lock\n|move|p1a: Landorus|Earthquake|p2a: Rayquaza\n|-immune|p2a: Rayquaza\n|\n|upkeep\n|turn|7\n|\n|t:|1700625676\n|move|p1a: Landorus|U-turn|p2a: Rayquaza\n|-resisted|p2a: Rayquaza\n|-damage|p2a: Rayquaza|57\/100\n|-damage|p1a: Landorus|91\/100|[from] item: Life Orb\n|\n|t:|1700625681\n|switch|p1a: Snorlax|Snorlax, M|100\/100|[from] U-turn\n|move|p2a: Rayquaza|Dragon Ascent|p1a: Snorlax\n|-damage|p1a: Snorlax|11\/100\n|-unboost|p2a: Rayquaza|def|1\n|-unboost|p2a: Rayquaza|spd|1\n|-damage|p2a: Rayquaza|47\/100|[from] item: Life Orb\n|\n|-sideend|p1: cocodrink1233|move: Tailwind\n|upkeep\n|turn|8\n|\n|t:|1700625694\n|move|p2a: Rayquaza|Dragon Claw|p1a: Snorlax\n|-damage|p1a: Snorlax|0 fnt\n|faint|p1a: Snorlax\n|-damage|p2a: Rayquaza|37\/100|[from] item: Life Orb\n|\n|upkeep\n|\n|t:|1700625708\n|switch|p1a: Goodra|Goodra-Hisui, M|100\/100\n|turn|9\n|\n|t:|1700625722\n|-terastallize|p1a: Goodra|Steel\n|move|p2a: Rayquaza|Dragon Claw|p1a: Goodra\n|-resisted|p1a: Goodra\n|-damage|p1a: Goodra|71\/100\n|-ability|p1a: Goodra|Gooey\n|-unboost|p2a: Rayquaza|spe|1\n|-damage|p2a: Rayquaza|27\/100|[from] item: Life Orb\n|move|p1a: Goodra|Blizzard|p2a: Rayquaza\n|-supereffective|p2a: Rayquaza\n|-damage|p2a: Rayquaza|0 fnt\n|faint|p2a: Rayquaza\n|\n|upkeep\n|\n|t:|1700625740\n|switch|p2a: Tornadus|Tornadus, M, shiny|100\/100\n|-damage|p2a: Tornadus|76\/100|[from] Stealth Rock\n|turn|10\n|\n|t:|1700625760\n|move|p2a: Tornadus|Tailwind|p2a: Tornadus\n|-sidestart|p2: I forgro|move: Tailwind\n|move|p1a: Goodra|Blizzard|p2a: Tornadus\n|-supereffective|p2a: Tornadus\n|-damage|p2a: Tornadus|16\/100\n|\n|-heal|p2a: Tornadus|22\/100|[from] item: Leftovers\n|upkeep\n|turn|11\n|\n|t:|1700625769\n|switch|p2a: Zamazenta|Zamazenta-Crowned|100\/100\n|-damage|p2a: Zamazenta|97\/100|[from] Stealth Rock\n|-ability|p2a: Zamazenta|Dauntless Shield|boost\n|-boost|p2a: Zamazenta|def|1\n|move|p1a: Goodra|Blizzard|p2a: Zamazenta\n|-resisted|p2a: Zamazenta\n|-damage|p2a: Zamazenta|86\/100\n|\n|upkeep\n|turn|12\n|\n|t:|1700625778\n|move|p2a: Zamazenta|Body Press|p1a: Goodra\n|-supereffective|p1a: Goodra\n|-damage|p1a: Goodra|0 fnt\n|-ability|p1a: Goodra|Gooey\n|-unboost|p2a: Zamazenta|spe|1\n|faint|p1a: Goodra\n|\n|upkeep\n|\n|t:|1700625786\n|switch|p1a: Landorus|Landorus-Therian, M|91\/100\n|-ability|p1a: Landorus|Intimidate|boost\n|-unboost|p2a: Zamazenta|atk|1\n|turn|13\n|\n|t:|1700625796\n|move|p2a: Zamazenta|Behemoth Bash|p1a: Landorus\n|-damage|p1a: Landorus|58\/100\n|move|p1a: Landorus|Earthquake|p2a: Zamazenta\n|-supereffective|p2a: Zamazenta\n|-damage|p2a: Zamazenta|23\/100\n|-damage|p1a: Landorus|49\/100|[from] item: Life Orb\n|\n|-sideend|p2: I forgro|move: Tailwind\n|upkeep\n|turn|14\n|\n|t:|1700625810\n|move|p1a: Landorus|Earthquake|p2a: Zamazenta\n|-supereffective|p2a: Zamazenta\n|-damage|p2a: Zamazenta|0 fnt\n|faint|p2a: Zamazenta\n|-damage|p1a: Landorus|39\/100|[from] item: Life Orb\n|\n|upkeep\n|\n|t:|1700625813\n|switch|p2a: Clodsire|Clodsire, F, shiny|100\/100\n|-damage|p2a: Clodsire|94\/100|[from] Stealth Rock\n|turn|15\n|\n|t:|1700625818\n|move|p1a: Landorus|Taunt|p2a: Clodsire\n|-start|p2a: Clodsire|move: Taunt\n|move|p2a: Clodsire|Gunk Shot|p1a: Landorus\n|-resisted|p1a: Landorus\n|-damage|p1a: Landorus|20\/100\n|\n|upkeep\n|turn|16\n|\n|t:|1700625825\n|move|p1a: Landorus|Earthquake|p2a: Clodsire\n|-supereffective|p2a: Clodsire\n|-damage|p2a: Clodsire|0 fnt\n|faint|p2a: Clodsire\n|-damage|p1a: Landorus|10\/100|[from] item: Life Orb\n|\n|upkeep\n|\n|t:|1700625838\n|switch|p2a: Miraidon|Miraidon|100\/100\n|-fieldstart|move: Electric Terrain|[from] ability: Hadron Engine|[of] p2a: Miraidon\n|turn|17\n|\n|t:|1700625843\n|move|p2a: Miraidon|Electro Drift|p1a: Landorus\n|-immune|p1a: Landorus\n|move|p1a: Landorus|U-turn|p2a: Miraidon\n|-damage|p2a: Miraidon|70\/100\n|-damage|p1a: Landorus|0 fnt|[from] item: Life Orb\n|faint|p1a: Landorus\n|\n|upkeep\n|\n|t:|1700625850\n|switch|p1a: Arceus|Arceus|100\/100\n|turn|18\n|\n|t:|1700625857\n|switch|p2a: Regieleki|Regieleki, shiny, tera:Electric|100\/100\n|-damage|p2a: Regieleki|88\/100|[from] Stealth Rock\n|move|p1a: Arceus|Swords Dance|p1a: Arceus\n|-boost|p1a: Arceus|atk|2\n|\n|upkeep\n|turn|19\n|\n|t:|1700625866\n|move|p1a: Arceus|Extreme Speed|p2a: Regieleki\n|-damage|p2a: Regieleki|0 fnt\n|faint|p2a: Regieleki\n|\n|upkeep\n|\n|t:|1700625870\n|switch|p2a: Miraidon|Miraidon|70\/100\n|-activate|p2a: Miraidon|ability: Hadron Engine\n|turn|20\n|\n|t:|1700625875\n|move|p1a: Arceus|Extreme Speed|p2a: Miraidon\n|-damage|p2a: Miraidon|0 fnt\n|faint|p2a: Miraidon\n|\n|upkeep\n|\n|t:|1700625880\n|switch|p2a: Tornadus|Tornadus, M, shiny|22\/100\n|-damage|p2a: Tornadus|0 fnt|[from] Stealth Rock\n|faint|p2a: Tornadus\n|\n|win|cocodrink1233\n|raw|cocodrink1233's rating: 1008 &rarr; <strong>1046<\/strong><br \/>(+38 for winning)\n|raw|I forgro's rating: 1000 &rarr; <strong>1000<\/strong><br \/>(+0 for losing)\n|l|\u203dI forgro\n","uploadtime":1700625890,"views":1,"p1id":"cocodrink1233","p2id":"iforgro","formatid":"gen9anythinggoes","rating":1000,"private":0,"password":""}