{"id":"gen9anythinggoes-1976933735","p1":"RandomTrainer1224","p2":"Rowan_Rocket","format":"[Gen 9] Anything Goes","log":"|j|\u2606RandomTrainer1224\n|j|\u2606Rowan_Rocket\n|t:|1698353754\n|gametype|singles\n|player|p1|RandomTrainer1224|lucas|1154\n|player|p2|Rowan_Rocket|rocketgrunt|1160\n|teamsize|p1|6\n|teamsize|p2|6\n|gen|9\n|tier|[Gen 9] Anything Goes\n|rated|\n|rule|HP Percentage Mod: HP is shown in percentages\n|rule|Endless Battle Clause: Forcing endless battles is banned\n|clearpoke\n|poke|p1|Meowscarada, F|\n|poke|p1|Gengar, M|\n|poke|p1|Umbreon, M|\n|poke|p1|Dragonite, F|\n|poke|p1|Dachsbun, F|\n|poke|p1|Gastrodon, M|\n|poke|p2|Farigiraf, M|\n|poke|p2|Wyrdeer, M|\n|poke|p2|Ursaluna, M|\n|poke|p2|Grafaiai, M|\n|poke|p2|Zoroark-Hisui, M|\n|poke|p2|Ambipom, M|\n|teampreview\n|\n|t:|1698353765\n|start\n|switch|p1a: moon|Umbreon, M, shiny|100\/100\n|switch|p2a: Ambipom|Ambipom, M|100\/100\n|turn|1\n|\n|t:|1698353772\n|-terastallize|p2a: Ambipom|Normal\n|move|p2a: Ambipom|Fake Out|p1a: moon\n|-enditem|p2a: Ambipom|Normal Gem|[from] gem\n|-damage|p1a: moon|67\/100\n|cant|p1a: moon|flinch\n|\n|-heal|p1a: moon|73\/100|[from] item: Leftovers\n|upkeep\n|turn|2\n|\n|t:|1698353782\n|switch|p1a: Gengar|Gengar, M|100\/100\n|move|p2a: Ambipom|U-turn|p1a: Gengar\n|-resisted|p1a: Gengar\n|-damage|p1a: Gengar|91\/100\n|-start|p2a: Ambipom|Disable|U-turn|[from] ability: Cursed Body|[of] p1a: Gengar\n|\n|t:|1698353791\n|switch|p2a: Ursaluna|Ursaluna, M|100\/100|[from] U-turn\n|\n|-heal|p1a: Gengar|97\/100|[from] item: Black Sludge\n|-status|p2a: Ursaluna|brn|[from] item: Flame Orb\n|upkeep\n|turn|3\n|\n|t:|1698353801\n|switch|p1a: Dragonite|Dragonite, F|100\/100\n|move|p2a: Ursaluna|Earthquake|p1a: Dragonite\n|-immune|p1a: Dragonite\n|\n|-damage|p2a: Ursaluna|94\/100 brn|[from] brn\n|upkeep\n|turn|4\n|\n|t:|1698353825\n|move|p1a: Dragonite|Dragon Claw|p2a: Ursaluna\n|-damage|p2a: Ursaluna|60\/100 brn\n|move|p2a: Ursaluna|Facade|p1a: Dragonite\n|-damage|p1a: Dragonite|0 fnt\n|faint|p1a: Dragonite\n|\n|-damage|p2a: Ursaluna|54\/100 brn|[from] brn\n|upkeep\n|\n|t:|1698353840\n|switch|p1a: Kritzkrieg|Meowscarada, F|100\/100\n|turn|5\n|\n|t:|1698353852\n|switch|p2a: Grafaiai|Grafaiai, M|100\/100\n|move|p1a: Kritzkrieg|Flower Trick|p2a: Grafaiai\n|-start|p1a: Kritzkrieg|typechange|Grass|[from] ability: Protean\n|-resisted|p2a: Grafaiai\n|-crit|p2a: Grafaiai\n|-damage|p2a: Grafaiai|34\/100\n|\n|-heal|p2a: Grafaiai|40\/100|[from] item: Black Sludge\n|upkeep\n|turn|6\n|\n|t:|1698353869\n|move|p2a: Grafaiai|Parting Shot|p1a: Kritzkrieg\n|-unboost|p1a: Kritzkrieg|atk|1\n|-unboost|p1a: Kritzkrieg|spa|1\n|\n|t:|1698353878\n|switch|p2a: Wyrdeer|Wyrdeer, M|100\/100|[from] Parting Shot\n|move|p1a: Kritzkrieg|Flower Trick|p2a: Wyrdeer\n|-ability|p2a: Wyrdeer|Sap Sipper|boost\n|-boost|p2a: Wyrdeer|atk|1\n|\n|upkeep\n|turn|7\n|\n|t:|1698353895\n|switch|p1a: Gengar|Gengar, M|97\/100\n|move|p2a: Wyrdeer|Trailblaze|p1a: Gengar\n|-resisted|p1a: Gengar\n|-damage|p1a: Gengar|78\/100\n|-boost|p2a: Wyrdeer|spe|1\n|\n|-heal|p1a: Gengar|84\/100|[from] item: Black Sludge\n|upkeep\n|turn|8\n|\n|t:|1698353905\n|move|p1a: Gengar|Shadow Ball|p2a: Wyrdeer\n|-immune|p2a: Wyrdeer\n|move|p2a: Wyrdeer|Psyshield Bash|p1a: Gengar\n|-supereffective|p1a: Gengar\n|-damage|p1a: Gengar|0 fnt\n|-boost|p2a: Wyrdeer|def|1\n|-start|p2a: Wyrdeer|Disable|Psyshield Bash|[from] ability: Cursed Body|[of] p1a: Gengar\n|faint|p1a: Gengar\n|\n|upkeep\n|\n|t:|1698353915\n|switch|p1a: moon|Umbreon, M, shiny|73\/100\n|turn|9\n|\n|t:|1698353918\n|move|p2a: Wyrdeer|Lunge|p1a: moon\n|-supereffective|p1a: moon\n|-damage|p1a: moon|29\/100\n|-unboost|p1a: moon|atk|1\n|move|p1a: moon|Moonlight|p1a: moon\n|-heal|p1a: moon|79\/100\n|\n|-heal|p1a: moon|86\/100|[from] item: Leftovers\n|upkeep\n|turn|10\n|\n|t:|1698353931\n|switch|p1a: Dachsbun|Dachsbun, F|100\/100\n|move|p2a: Wyrdeer|Lunge|p1a: Dachsbun\n|-resisted|p1a: Dachsbun\n|-damage|p1a: Dachsbun|83\/100\n|-unboost|p1a: Dachsbun|atk|1\n|\n|-heal|p1a: Dachsbun|89\/100|[from] item: Leftovers\n|upkeep\n|turn|11\n|\n|t:|1698353941\n|move|p1a: Dachsbun|Play Rough|p2a: Wyrdeer\n|-damage|p2a: Wyrdeer|88\/100\n|move|p2a: Wyrdeer|Trailblaze|p1a: Dachsbun\n|-damage|p1a: Dachsbun|69\/100\n|-boost|p2a: Wyrdeer|spe|1\n|\n|-heal|p2a: Wyrdeer|94\/100|[from] item: Leftovers\n|-heal|p1a: Dachsbun|75\/100|[from] item: Leftovers\n|-end|p2a: Wyrdeer|Disable\n|upkeep\n|turn|12\n|\n|t:|1698353954\n|move|p2a: Wyrdeer|Psyshield Bash|p1a: Dachsbun\n|-damage|p1a: Dachsbun|30\/100\n|-boost|p2a: Wyrdeer|def|1\n|move|p1a: Dachsbun|Play Rough|p2a: Wyrdeer\n|-damage|p2a: Wyrdeer|84\/100\n|-unboost|p2a: Wyrdeer|atk|1\n|\n|-heal|p2a: Wyrdeer|90\/100|[from] item: Leftovers\n|-heal|p1a: Dachsbun|36\/100|[from] item: Leftovers\n|upkeep\n|turn|13\n|\n|t:|1698353968\n|switch|p1a: Kritzkrieg|Meowscarada, F|100\/100\n|move|p2a: Wyrdeer|Trailblaze|p1a: Kritzkrieg\n|-resisted|p1a: Kritzkrieg\n|-damage|p1a: Kritzkrieg|91\/100\n|-boost|p2a: Wyrdeer|spe|1\n|\n|-heal|p2a: Wyrdeer|96\/100|[from] item: Leftovers\n|upkeep\n|turn|14\n|\n|t:|1698353977\n|move|p2a: Wyrdeer|Lunge|p1a: Kritzkrieg\n|-supereffective|p1a: Kritzkrieg\n|-damage|p1a: Kritzkrieg|0 fnt\n|faint|p1a: Kritzkrieg\n|\n|-heal|p2a: Wyrdeer|100\/100|[from] item: Leftovers\n|upkeep\n|-message|RandomTrainer1224 forfeited.\n|\n|win|Rowan_Rocket\n|raw|RandomTrainer1224's rating: 1154 &rarr; <strong>1129<\/strong><br \/>(-25 for losing)\n|raw|Rowan_Rocket's rating: 1160 &rarr; <strong>1185<\/strong><br \/>(+25 for winning)\n|l|\u2606RandomTrainer1224\n","uploadtime":1698353990,"views":12,"p1id":"randomtrainer1224","p2id":"rowanrocket","formatid":"gen9anythinggoes","rating":1129,"private":0,"password":""}