{"id":"gen9anythinggoes-1990972211","p1":"Joelangelo7","p2":"Revel64","format":"[Gen 9] Anything Goes","log":"|j|\u2606Joelangelo7\n|j|\u2606Revel64\n|t:|1700021646\n|gametype|singles\n|player|p1|Joelangelo7|hilbert-wonderlauncher|\n|player|p2|Revel64|dawn|\n|teamsize|p1|6\n|teamsize|p2|6\n|gen|9\n|tier|[Gen 9] Anything Goes\n|rule|HP Percentage Mod: HP is shown in percentages\n|rule|Endless Battle Clause: Forcing endless battles is banned\n|clearpoke\n|poke|p1|Annihilape, M|\n|poke|p1|Rayquaza|\n|poke|p1|Toxapex, M|\n|poke|p1|Ting-Lu|\n|poke|p1|Mesprit|\n|poke|p1|Magnezone|\n|poke|p2|Lucario, M|\n|poke|p2|Slowking-Galar, M|\n|poke|p2|Gastrodon-East, M|\n|poke|p2|Miraidon|\n|poke|p2|Ogerpon-Hearthflame, F|\n|poke|p2|Zacian-*|\n|teampreview\n|\n|t:|1700021652\n|start\n|switch|p1a: Toxapex|Toxapex, M, shiny|100\/100\n|switch|p2a: Lucario|Lucario, M, shiny|100\/100\n|turn|1\n|\n|t:|1700021659\n|move|p2a: Lucario|Swords Dance|p2a: Lucario\n|-boost|p2a: Lucario|atk|2\n|move|p1a: Toxapex|Toxic Spikes|p2a: Lucario\n|-sidestart|p2: Revel64|move: Toxic Spikes\n|\n|upkeep\n|turn|2\n|\n|t:|1700021663\n|move|p2a: Lucario|Swords Dance|p2a: Lucario\n|-boost|p2a: Lucario|atk|2\n|move|p1a: Toxapex|Toxic Spikes|p2a: Lucario\n|-sidestart|p2: Revel64|move: Toxic Spikes\n|\n|upkeep\n|turn|3\n|\n|t:|1700021671\n|move|p1a: Toxapex|Baneful Bunker|p1a: Toxapex\n|-singleturn|p1a: Toxapex|move: Protect\n|move|p2a: Lucario|Meteor Mash|p1a: Toxapex\n|-activate|p1a: Toxapex|move: Protect\n|\n|upkeep\n|turn|4\n|\n|t:|1700021685\n|move|p2a: Lucario|Swords Dance|p2a: Lucario\n|-boost|p2a: Lucario|atk|2\n|move|p1a: Toxapex|Venoshock|p2a: Lucario\n|-immune|p2a: Lucario\n|\n|upkeep\n|turn|5\n|\n|t:|1700021699\n|switch|p1a: Rayquaza|Rayquaza, shiny|100\/100\n|-ability|p1a: Rayquaza|Air Lock\n|move|p2a: Lucario|Meteor Mash|p1a: Rayquaza|[miss]\n|-miss|p2a: Lucario|p1a: Rayquaza\n|\n|upkeep\n|turn|6\n|\n|t:|1700021708\n|move|p2a: Lucario|Close Combat|p1a: Rayquaza\n|-resisted|p1a: Rayquaza\n|-crit|p1a: Rayquaza\n|-damage|p1a: Rayquaza|0 fnt\n|-unboost|p2a: Lucario|def|1\n|-unboost|p2a: Lucario|spd|1\n|faint|p1a: Rayquaza\n|\n|upkeep\n|\n|t:|1700021717\n|switch|p1a: Annihilape|Annihilape, M, shiny|100\/100\n|turn|7\n|\n|t:|1700021721\n|move|p2a: Lucario|Meteor Mash|p1a: Annihilape\n|-damage|p1a: Annihilape|0 fnt\n|faint|p1a: Annihilape\n|\n|upkeep\n|\n|t:|1700021724\n|switch|p1a: Toxapex|Toxapex, M, shiny|100\/100\n|turn|8\n|\n|t:|1700021729\n|move|p2a: Lucario|Meteor Mash|p1a: Toxapex\n|-resisted|p1a: Toxapex\n|-damage|p1a: Toxapex|42\/100\n|move|p1a: Toxapex|Venoshock|p2a: Lucario\n|-immune|p2a: Lucario\n|\n|-heal|p1a: Toxapex|48\/100|[from] item: Leftovers\n|upkeep\n|turn|9\n|\n|t:|1700021733\n|move|p2a: Lucario|Meteor Mash|p1a: Toxapex\n|-resisted|p1a: Toxapex\n|-damage|p1a: Toxapex|0 fnt\n|faint|p1a: Toxapex\n|\n|upkeep\n|\n|t:|1700021735\n|switch|p1a: Ting-Lu|Ting-Lu|100\/100\n|-ability|p1a: Ting-Lu|Vessel of Ruin\n|turn|10\n|inactive|Battle timer is ON: inactive players will automatically lose when time's up. (requested by Joelangelo7)\n|\n|t:|1700021750\n|move|p2a: Lucario|Meteor Mash|p1a: Ting-Lu\n|-damage|p1a: Ting-Lu|13\/100\n|move|p1a: Ting-Lu|Earthquake|p2a: Lucario\n|-supereffective|p2a: Lucario\n|-enditem|p2a: Lucario|Focus Sash\n|-damage|p2a: Lucario|1\/100\n|\n|upkeep\n|turn|11\n|\n|t:|1700021758\n|move|p2a: Lucario|Meteor Mash|p1a: Ting-Lu\n|-damage|p1a: Ting-Lu|0 fnt\n|faint|p1a: Ting-Lu\n|\n|upkeep\n|\n|t:|1700021760\n|switch|p1a: Mesprit|Mesprit, shiny|100\/100\n|turn|12\n|\n|t:|1700021782\n|move|p2a: Lucario|Meteor Mash|p1a: Mesprit\n|-damage|p1a: Mesprit|0 fnt\n|faint|p1a: Mesprit\n|\n|upkeep\n|\n|t:|1700021787\n|switch|p1a: Magnezone|Magnezone, shiny|100\/100\n|turn|13\n|\n|t:|1700021797\n|switch|p2a: Slowking|Slowking-Galar, M, shiny|100\/100\n|-sideend|p2: Revel64|move: Toxic Spikes|[of] p2a: Slowking\n|-terastallize|p1a: Magnezone|Grass\n|move|p1a: Magnezone|Tera Blast|p2a: Slowking|[anim] Tera Blast Grass\n|-resisted|p2a: Slowking\n|-damage|p2a: Slowking|82\/100\n|\n|-heal|p2a: Slowking|89\/100|[from] item: Leftovers\n|upkeep\n|turn|14\n|\n|t:|1700021808\n|move|p1a: Magnezone|Thunderbolt|p2a: Slowking\n|-damage|p2a: Slowking|45\/100\n|move|p2a: Slowking|Yawn|p1a: Magnezone\n|-start|p1a: Magnezone|move: Yawn|[of] p2a: Slowking\n|\n|-heal|p2a: Slowking|51\/100|[from] item: Leftovers\n|upkeep\n|turn|15\n|\n|t:|1700021823\n|move|p1a: Magnezone|Tera Blast|p2a: Slowking|[anim] Tera Blast Grass\n|-resisted|p2a: Slowking\n|-damage|p2a: Slowking|32\/100\n|move|p2a: Slowking|Eerie Spell|p1a: Magnezone\n|-damage|p1a: Magnezone|73\/100\n|-activate|p1a: Magnezone|move: Eerie Spell|Tera Blast|3\n|\n|-heal|p2a: Slowking|38\/100|[from] item: Leftovers\n|-end|p1a: Magnezone|move: Yawn|[silent]\n|-status|p1a: Magnezone|slp\n|upkeep\n|turn|16\n|\n|t:|1700021836\n|cant|p1a: Magnezone|slp\n|move|p2a: Slowking|Eerie Spell|p1a: Magnezone\n|-damage|p1a: Magnezone|46\/100 slp\n|-activate|p1a: Magnezone|move: Eerie Spell|Tera Blast|3\n|\n|-heal|p2a: Slowking|45\/100|[from] item: Leftovers\n|upkeep\n|turn|17\n|\n|t:|1700021850\n|cant|p1a: Magnezone|slp\n|move|p2a: Slowking|Eerie Spell|p1a: Magnezone\n|-damage|p1a: Magnezone|19\/100 slp\n|-activate|p1a: Magnezone|move: Eerie Spell|Tera Blast|3\n|\n|-heal|p2a: Slowking|51\/100|[from] item: Leftovers\n|upkeep\n|turn|18\n|\n|t:|1700021870\n|cant|p1a: Magnezone|slp\n|move|p2a: Slowking|Yawn||[still]\n|-fail|p2a: Slowking\n|\n|-heal|p2a: Slowking|57\/100|[from] item: Leftovers\n|upkeep\n|turn|19\n|\n|t:|1700021881\n|-curestatus|p1a: Magnezone|slp|[msg]\n|move|p1a: Magnezone|Tera Blast|p2a: Slowking|[anim] Tera Blast Grass\n|-resisted|p2a: Slowking\n|-damage|p2a: Slowking|40\/100\n|move|p2a: Slowking|Yawn|p1a: Magnezone\n|-start|p1a: Magnezone|move: Yawn|[of] p2a: Slowking\n|\n|-heal|p2a: Slowking|46\/100|[from] item: Leftovers\n|upkeep\n|turn|20\n|\n|t:|1700021905\n|switch|p2a: Zacian|Zacian-Crowned|100\/100\n|-ability|p2a: Zacian|Intrepid Sword|boost\n|-boost|p2a: Zacian|atk|1\n|move|p1a: Magnezone|Electroweb|p2a: Zacian\n|-damage|p2a: Zacian|78\/100\n|-unboost|p2a: Zacian|spe|1\n|\n|-end|p1a: Magnezone|move: Yawn|[silent]\n|-status|p1a: Magnezone|slp\n|upkeep\n|turn|21\n|\n|t:|1700021915\n|move|p2a: Zacian|Swords Dance|p2a: Zacian\n|-boost|p2a: Zacian|atk|2\n|cant|p1a: Magnezone|slp\n|\n|upkeep\n|turn|22\n|\n|t:|1700021918\n|move|p2a: Zacian|Swords Dance|p2a: Zacian\n|-boost|p2a: Zacian|atk|2\n|-curestatus|p1a: Magnezone|slp|[msg]\n|move|p1a: Magnezone|Thunderbolt|p2a: Zacian\n|-damage|p2a: Zacian|43\/100\n|\n|upkeep\n|turn|23\n|\n|t:|1700021925\n|move|p2a: Zacian|Swords Dance|p2a: Zacian\n|-boost|p2a: Zacian|atk|1\n|move|p1a: Magnezone|Thunderbolt|p2a: Zacian\n|-damage|p2a: Zacian|4\/100\n|\n|upkeep\n|turn|24\n|\n|t:|1700021938\n|move|p2a: Zacian|Behemoth Blade|p1a: Magnezone\n|-crit|p1a: Magnezone\n|-damage|p1a: Magnezone|0 fnt\n|faint|p1a: Magnezone\n|\n|win|Revel64\n","uploadtime":1700021947,"views":5,"p1id":"joelangelo7","p2id":"revel64","formatid":"gen9anythinggoes","rating":0,"private":0,"password":""}