{"id":"gen9anythinggoes-1997419507","p1":"Toidiaruoy","p2":"Diwu the ditto","format":"[Gen 9] Anything Goes","log":"|j|\u2606Toidiaruoy\n|j|\u2606Diwu the ditto\n|t:|1700802180\n|gametype|singles\n|player|p1|Toidiaruoy|harlequin|1091\n|player|p2|Diwu the ditto|liza|1130\n|teamsize|p1|6\n|teamsize|p2|6\n|gen|9\n|tier|[Gen 9] Anything Goes\n|rated|\n|rule|HP Percentage Mod: HP is shown in percentages\n|rule|Endless Battle Clause: Forcing endless battles is banned\n|clearpoke\n|poke|p1|Skeledirge, M|\n|poke|p1|Rayquaza|\n|poke|p1|Annihilape, M|\n|poke|p1|Maushold|\n|poke|p1|Clodsire, F|\n|poke|p1|Miraidon|\n|poke|p2|Iron Valiant|\n|poke|p2|Garganacl, F|\n|poke|p2|Ogerpon-Hearthflame, F|\n|poke|p2|Annihilape, M|\n|poke|p2|Glimmora, F|\n|poke|p2|Vikavolt, M|\n|teampreview\n|\n|t:|1700802195\n|start\n|switch|p1a: Maushold|Maushold|100\/100\n|switch|p2a: Annihilape|Annihilape, M|100\/100\n|turn|1\n|\n|t:|1700802207\n|move|p1a: Maushold|Play Rough|p2a: Annihilape\n|-supereffective|p2a: Annihilape\n|-damage|p2a: Annihilape|53\/100\n|move|p2a: Annihilape|Bulk Up|p2a: Annihilape\n|-boost|p2a: Annihilape|atk|1\n|-boost|p2a: Annihilape|def|1\n|\n|upkeep\n|turn|2\n|\n|t:|1700802215\n|move|p1a: Maushold|Play Rough|p2a: Annihilape\n|-supereffective|p2a: Annihilape\n|-damage|p2a: Annihilape|22\/100\n|move|p2a: Annihilape|Drain Punch|p1a: Maushold\n|-supereffective|p1a: Maushold\n|-crit|p1a: Maushold\n|-damage|p1a: Maushold|0 fnt\n|-heal|p2a: Annihilape|62\/100|[from] drain|[of] p1a: Maushold\n|faint|p1a: Maushold\n|-damage|p2a: Annihilape|52\/100|[from] item: Life Orb\n|\n|upkeep\n|\n|t:|1700802226\n|switch|p1a: Skeledirge|Skeledirge, M, shiny|100\/100\n|turn|3\n|\n|t:|1700802232\n|move|p2a: Annihilape|Rage Fist|p1a: Skeledirge\n|-supereffective|p1a: Skeledirge\n|-damage|p1a: Skeledirge|0 fnt\n|faint|p1a: Skeledirge\n|-damage|p2a: Annihilape|42\/100|[from] item: Life Orb\n|\n|upkeep\n|\n|t:|1700802242\n|switch|p1a: Rayquaza|Rayquaza, shiny|100\/100\n|-ability|p1a: Rayquaza|Air Lock\n|turn|4\n|\n|t:|1700802249\n|move|p2a: Annihilape|Drain Punch|p1a: Rayquaza\n|-resisted|p1a: Rayquaza\n|-damage|p1a: Rayquaza|67\/100\n|-heal|p2a: Annihilape|60\/100|[from] drain|[of] p1a: Rayquaza\n|-damage|p2a: Annihilape|50\/100|[from] item: Life Orb\n|move|p1a: Rayquaza|Ice Beam|p2a: Annihilape\n|-damage|p2a: Annihilape|19\/100\n|\n|-heal|p1a: Rayquaza|73\/100|[from] item: Leftovers\n|upkeep\n|turn|5\n|\n|t:|1700802260\n|move|p2a: Annihilape|Drain Punch|p1a: Rayquaza\n|-resisted|p1a: Rayquaza\n|-damage|p1a: Rayquaza|37\/100\n|-heal|p2a: Annihilape|38\/100|[from] drain|[of] p1a: Rayquaza\n|-damage|p2a: Annihilape|28\/100|[from] item: Life Orb\n|move|p1a: Rayquaza|Ice Beam|p2a: Annihilape\n|-damage|p2a: Annihilape|0 fnt\n|faint|p2a: Annihilape\n|\n|-heal|p1a: Rayquaza|43\/100|[from] item: Leftovers\n|upkeep\n|\n|t:|1700802275\n|switch|p2a: Garganacl|Garganacl, F|100\/100\n|turn|6\n|\n|t:|1700802287\n|switch|p1a: Annihilape|Annihilape, M|100\/100\n|move|p2a: Garganacl|Salt Cure|p1a: Annihilape\n|-resisted|p1a: Annihilape\n|-damage|p1a: Annihilape|93\/100\n|-start|p1a: Annihilape|Salt Cure\n|\n|-damage|p1a: Annihilape|81\/100|[from] Salt Cure\n|upkeep\n|turn|7\n|\n|t:|1700802306\n|move|p1a: Annihilape|Close Combat|p2a: Garganacl\n|-supereffective|p2a: Garganacl\n|-damage|p2a: Garganacl|9\/100\n|-unboost|p1a: Annihilape|def|1\n|-unboost|p1a: Annihilape|spd|1\n|move|p2a: Garganacl|Stealth Rock|p1a: Annihilape\n|-sidestart|p1: Toidiaruoy|move: Stealth Rock\n|\n|-damage|p1a: Annihilape|68\/100|[from] Salt Cure\n|upkeep\n|turn|8\n|\n|t:|1700802316\n|move|p1a: Annihilape|Close Combat|p2a: Garganacl\n|-supereffective|p2a: Garganacl\n|-damage|p2a: Garganacl|0 fnt\n|-unboost|p1a: Annihilape|def|1\n|-unboost|p1a: Annihilape|spd|1\n|faint|p2a: Garganacl\n|\n|-damage|p1a: Annihilape|56\/100|[from] Salt Cure\n|upkeep\n|\n|t:|1700802324\n|switch|p2a: Glimmora|Glimmora, F|100\/100\n|turn|9\n|\n|t:|1700802352\n|move|p2a: Glimmora|Spikes|p1a: Annihilape\n|-sidestart|p1: Toidiaruoy|Spikes\n|move|p1a: Annihilape|Close Combat|p2a: Glimmora\n|-damage|p2a: Glimmora|45\/100\n|-unboost|p1a: Annihilape|def|1\n|-unboost|p1a: Annihilape|spd|1\n|-activate|p2a: Glimmora|ability: Toxic Debris\n|-sidestart|p1: Toidiaruoy|move: Toxic Spikes\n|\n|-damage|p1a: Annihilape|44\/100|[from] Salt Cure\n|upkeep\n|turn|10\n|\n|t:|1700802364\n|move|p2a: Glimmora|Spikes|p1a: Annihilape\n|-sidestart|p1: Toidiaruoy|Spikes\n|move|p1a: Annihilape|Close Combat|p2a: Glimmora\n|-crit|p2a: Glimmora\n|-damage|p2a: Glimmora|0 fnt\n|-unboost|p1a: Annihilape|def|1\n|-unboost|p1a: Annihilape|spd|1\n|-activate|p2a: Glimmora|ability: Toxic Debris\n|-sidestart|p1: Toidiaruoy|move: Toxic Spikes\n|faint|p2a: Glimmora\n|\n|-damage|p1a: Annihilape|31\/100|[from] Salt Cure\n|upkeep\n|\n|t:|1700802375\n|switch|p2a: Vikavolt|Vikavolt, M|100\/100\n|turn|11\n|\n|t:|1700802381\n|move|p1a: Annihilape|Close Combat|p2a: Vikavolt\n|-resisted|p2a: Vikavolt\n|-damage|p2a: Vikavolt|75\/100\n|-unboost|p1a: Annihilape|def|1\n|-unboost|p1a: Annihilape|spd|1\n|move|p2a: Vikavolt|Sticky Web|p1a: Annihilape\n|-sidestart|p1: Toidiaruoy|move: Sticky Web\n|\n|-damage|p1a: Annihilape|19\/100|[from] Salt Cure\n|upkeep\n|turn|12\n|\n|t:|1700802398\n|move|p1a: Annihilape|Rage Fist|p2a: Vikavolt\n|-damage|p2a: Vikavolt|28\/100\n|move|p2a: Vikavolt|X-Scissor|p1a: Annihilape\n|-resisted|p1a: Annihilape\n|-damage|p1a: Annihilape|3\/100\n|\n|-damage|p1a: Annihilape|0 fnt|[from] Salt Cure\n|faint|p1a: Annihilape\n|upkeep\n|\n|t:|1700802413\n|switch|p1a: Clodsire|Clodsire, F, shiny|100\/100\n|-damage|p1a: Clodsire|94\/100|[from] Stealth Rock\n|-damage|p1a: Clodsire|78\/100|[from] Spikes\n|-sideend|p1: Toidiaruoy|move: Toxic Spikes|[of] p1a: Clodsire\n|-activate|p1a: Clodsire|move: Sticky Web\n|-unboost|p1a: Clodsire|spe|1\n|turn|13\n|\n|t:|1700802425\n|move|p2a: Vikavolt|X-Scissor|p1a: Clodsire\n|-resisted|p1a: Clodsire\n|-damage|p1a: Clodsire|66\/100\n|-damage|p2a: Vikavolt|12\/100|[from] item: Rocky Helmet|[of] p1a: Clodsire\n|move|p1a: Clodsire|Toxic Spikes|p2a: Vikavolt\n|-sidestart|p2: Diwu the ditto|move: Toxic Spikes\n|\n|upkeep\n|turn|14\n|\n|t:|1700802438\n|switch|p2a: Ogerpon|Ogerpon-Hearthflame, F|100\/100\n|-status|p2a: Ogerpon|psn\n|-ability|p2a: Ogerpon|Mold Breaker\n|move|p1a: Clodsire|Hydro Pump|p2a: Ogerpon\n|-damage|p2a: Ogerpon|81\/100 psn\n|\n|-damage|p2a: Ogerpon|68\/100 psn|[from] psn\n|upkeep\n|turn|15\n|\n|t:|1700802460\n|move|p2a: Ogerpon|Horn Leech|p1a: Clodsire\n|-damage|p1a: Clodsire|16\/100\n|-heal|p2a: Ogerpon|100\/100 psn|[from] drain|[of] p1a: Clodsire\n|-damage|p2a: Ogerpon|84\/100 psn|[from] item: Rocky Helmet|[of] p1a: Clodsire\n|move|p1a: Clodsire|Hydro Pump|p2a: Ogerpon\n|-damage|p2a: Ogerpon|62\/100 psn\n|\n|-damage|p2a: Ogerpon|50\/100 psn|[from] psn\n|upkeep\n|turn|16\n|\n|t:|1700802473\n|switch|p1a: Miraidon|Miraidon|100\/100\n|-damage|p1a: Miraidon|88\/100|[from] Stealth Rock\n|-damage|p1a: Miraidon|71\/100|[from] Spikes\n|-activate|p1a: Miraidon|move: Sticky Web\n|-unboost|p1a: Miraidon|spe|1\n|-fieldstart|move: Electric Terrain|[from] ability: Hadron Engine|[of] p1a: Miraidon\n|move|p2a: Ogerpon|Horn Leech|p1a: Miraidon\n|-resisted|p1a: Miraidon\n|-damage|p1a: Miraidon|53\/100\n|-heal|p2a: Ogerpon|62\/100 psn|[from] drain|[of] p1a: Miraidon\n|-damage|p2a: Ogerpon|45\/100 psn|[from] item: Rocky Helmet|[of] p1a: Miraidon\n|\n|-damage|p2a: Ogerpon|33\/100 psn|[from] psn\n|upkeep\n|turn|17\n|\n|t:|1700802500\n|move|p2a: Ogerpon|Leech Seed|p1a: Miraidon|[miss]\n|-miss|p2a: Ogerpon|p1a: Miraidon\n|move|p1a: Miraidon|Thunder|p2a: Ogerpon|[miss]\n|-miss|p1a: Miraidon|p2a: Ogerpon\n|\n|-damage|p2a: Ogerpon|20\/100 psn|[from] psn\n|upkeep\n|turn|18\n|\n|t:|1700802508\n|move|p2a: Ogerpon|Leech Seed|p1a: Miraidon\n|-start|p1a: Miraidon|move: Leech Seed\n|move|p1a: Miraidon|Volt Switch|p2a: Ogerpon\n|-resisted|p2a: Ogerpon\n|-damage|p2a: Ogerpon|0 fnt\n|faint|p2a: Ogerpon\n|\n|t:|1700802514\n|switch|p1a: Rayquaza|Rayquaza, shiny|43\/100|[from] Volt Switch\n|-damage|p1a: Rayquaza|18\/100|[from] Stealth Rock\n|-ability|p1a: Rayquaza|Air Lock\n|\n|-heal|p1a: Rayquaza|24\/100|[from] item: Leftovers\n|upkeep\n|\n|t:|1700802522\n|switch|p2a: Vikavolt|Vikavolt, M|12\/100\n|turn|19\n|\n|t:|1700802532\n|move|p1a: Rayquaza|Ice Beam|p2a: Vikavolt\n|-damage|p2a: Vikavolt|0 fnt\n|faint|p2a: Vikavolt\n|\n|-heal|p1a: Rayquaza|30\/100|[from] item: Leftovers\n|upkeep\n|\n|t:|1700802538\n|switch|p2a: Iron Valiant|Iron Valiant|100\/100\n|-status|p2a: Iron Valiant|psn\n|-activate|p2a: Iron Valiant|ability: Quark Drive\n|-start|p2a: Iron Valiant|quarkdriveatk\n|turn|20\n|\n|t:|1700802546\n|-terastallize|p2a: Iron Valiant|Fairy\n|-terastallize|p1a: Rayquaza|Fairy\n|move|p2a: Iron Valiant|Spirit Break|p1a: Rayquaza\n|-damage|p1a: Rayquaza|0 fnt\n|faint|p1a: Rayquaza\n|\n|-damage|p2a: Iron Valiant|88\/100 psn|[from] psn\n|-fieldend|move: Electric Terrain\n|-end|p2a: Iron Valiant|Quark Drive\n|upkeep\n|-enditem|p2a: Iron Valiant|Booster Energy\n|-activate|p2a: Iron Valiant|ability: Quark Drive|[fromitem]\n|-start|p2a: Iron Valiant|quarkdriveatk\n|\n|t:|1700802558\n|switch|p1a: Clodsire|Clodsire, F, shiny|16\/100\n|-damage|p1a: Clodsire|10\/100|[from] Stealth Rock\n|-damage|p1a: Clodsire|0 fnt|[from] Spikes\n|-activate|p1a: Clodsire|move: Sticky Web\n|faint|p1a: Clodsire\n|\n|t:|1700802564\n|switch|p1a: Miraidon|Miraidon|53\/100\n|-damage|p1a: Miraidon|41\/100|[from] Stealth Rock\n|-damage|p1a: Miraidon|24\/100|[from] Spikes\n|-activate|p1a: Miraidon|move: Sticky Web\n|-unboost|p1a: Miraidon|spe|1\n|-fieldstart|move: Electric Terrain|[from] ability: Hadron Engine|[of] p1a: Miraidon\n|turn|21\n|\n|t:|1700802579\n|move|p2a: Iron Valiant|Spirit Break|p1a: Miraidon\n|-supereffective|p1a: Miraidon\n|-damage|p1a: Miraidon|0 fnt\n|-damage|p2a: Iron Valiant|71\/100 psn|[from] item: Rocky Helmet|[of] p1a: Miraidon\n|faint|p1a: Miraidon\n|\n|win|Diwu the ditto\n|raw|Toidiaruoy's rating: 1091 &rarr; <strong>1070<\/strong><br \/>(-21 for losing)\n|raw|Diwu the ditto's rating: 1130 &rarr; <strong>1152<\/strong><br \/>(+22 for winning)\n|c|\u2606Toidiaruoy|gg\n|c|\u2606Diwu the ditto|thats what u get\n|c|\u2606Diwu the ditto|for using miradon\n","uploadtime":1700802609,"views":2,"p1id":"toidiaruoy","p2id":"diwutheditto","formatid":"gen9anythinggoes","rating":1070,"private":0,"password":""}