{"id":"gen9anythinggoes-1982593081","p1":"LocalMarshadow","p2":"jun\u5e73\u5b89xianshen","format":"[Gen 9] Anything Goes","log":"|j|\u2606LocalMarshadow\n|j|\u2606jun\u5e73\u5b89xianshen\n|t:|1699028220\n|gametype|singles\n|player|p1|LocalMarshadow|acetrainerf-gen4dp|1647\n|player|p2|jun\u5e73\u5b89xianshen|dragontamer|1863\n|teamsize|p1|6\n|teamsize|p2|6\n|gen|9\n|tier|[Gen 9] Anything Goes\n|rated|\n|rule|HP Percentage Mod: HP is shown in percentages\n|rule|Endless Battle Clause: Forcing endless battles is banned\n|clearpoke\n|poke|p1|Zacian-*|\n|poke|p1|Giratina-Origin|\n|poke|p1|Ting-Lu|\n|poke|p1|Arceus|\n|poke|p1|Koraidon|\n|poke|p1|Toxapex, M|\n|poke|p2|Calyrex-Shadow|\n|poke|p2|Arceus-Ground|\n|poke|p2|Miraidon|\n|poke|p2|Arceus|\n|poke|p2|Zacian-*|\n|poke|p2|Koraidon|\n|teampreview\n|inactive|Battle timer is ON: inactive players will automatically lose when time's up. (requested by LocalMarshadow)\n|\n|t:|1699028232\n|start\n|switch|p1a: Koraidon|Koraidon|100\/100\n|switch|p2a: Arceus|Arceus-Ground|100\/100\n|-weather|SunnyDay|[from] ability: Orichalcum Pulse|[of] p1a: Koraidon\n|-activate|p1a: Koraidon|Orichalcum Pulse|[source]\n|turn|1\n|\n|t:|1699028254\n|switch|p2a: Koraidon|Koraidon|100\/100\n|-activate|p2a: Koraidon|ability: Orichalcum Pulse\n|move|p1a: Koraidon|Flare Blitz|p2a: Koraidon\n|-resisted|p2a: Koraidon\n|-damage|p2a: Koraidon|57\/100\n|-damage|p1a: Koraidon|87\/100|[from] Recoil\n|\n|-weather|SunnyDay|[upkeep]\n|upkeep\n|turn|2\n|\n|t:|1699028264\n|switch|p1a: Toxapex|Toxapex, M|100\/100\n|move|p2a: Koraidon|Scale Shot|p1a: Toxapex\n|-damage|p1a: Toxapex|89\/100\n|-damage|p1a: Toxapex|77\/100\n|-crit|p1a: Toxapex\n|-damage|p1a: Toxapex|61\/100\n|-damage|p1a: Toxapex|50\/100\n|-damage|p1a: Toxapex|39\/100\n|-hitcount|p1a: Toxapex|5\n|-unboost|p2a: Koraidon|def|1\n|-boost|p2a: Koraidon|spe|1\n|\n|-weather|SunnyDay|[upkeep]\n|upkeep\n|turn|3\n|\n|t:|1699028277\n|move|p1a: Toxapex|Baneful Bunker|p1a: Toxapex\n|-singleturn|p1a: Toxapex|move: Protect\n|move|p2a: Koraidon|Scale Shot|p1a: Toxapex\n|-activate|p1a: Toxapex|move: Protect\n|\n|-weather|SunnyDay|[upkeep]\n|upkeep\n|turn|4\n|\n|t:|1699028288\n|switch|p1a: Zacian|Zacian-Crowned|100\/100\n|-ability|p1a: Zacian|Intrepid Sword|boost\n|-boost|p1a: Zacian|atk|1\n|move|p2a: Koraidon|Scale Shot|p1a: Zacian\n|-immune|p1a: Zacian\n|\n|-weather|SunnyDay|[upkeep]\n|upkeep\n|turn|5\n|\n|t:|1699028293\n|-terastallize|p1a: Zacian|Fire\n|move|p2a: Koraidon|Flare Blitz|p1a: Zacian\n|-resisted|p1a: Zacian\n|-crit|p1a: Zacian\n|-damage|p1a: Zacian|39\/100\n|-damage|p2a: Koraidon|37\/100|[from] Recoil\n|move|p1a: Zacian|Play Rough|p2a: Koraidon\n|-supereffective|p2a: Koraidon\n|-damage|p2a: Koraidon|0 fnt\n|faint|p2a: Koraidon\n|\n|-weather|none\n|upkeep\n|l|\u2606LocalMarshadow\n|inactive|LocalMarshadow disconnected and has a minute to reconnect!\n|player|p1|\n|j| AGisgood\u82cd\u54cd\u4fa0\n|\n|t:|1699028307\n|switch|p2a: Calyrex|Calyrex-Shadow|100\/100\n|-ability|p2a: Calyrex|As One\n|-ability|p2a: Calyrex|Unnerve\n|turn|6\n|j| Ltxtim\n|j|\u2606LocalMarshadow\n|inactive|LocalMarshadow reconnected and has 135 seconds left.\n|player|p1|LocalMarshadow|acetrainerf-gen4dp\n|\n|t:|1699028328\n|switch|p1a: Ting-Lu|Ting-Lu|100\/100\n|-ability|p1a: Ting-Lu|Vessel of Ruin\n|move|p2a: Calyrex|Astral Barrage|p1a: Ting-Lu\n|-resisted|p1a: Ting-Lu\n|-damage|p1a: Ting-Lu|85\/100\n|\n|-heal|p1a: Ting-Lu|91\/100|[from] item: Leftovers\n|upkeep\n|turn|7\n|\n|t:|1699028334\n|switch|p2a: Arceus|Arceus-Ground|100\/100\n|move|p1a: Ting-Lu|Taunt|p2a: Arceus\n|-start|p2a: Arceus|move: Taunt\n|\n|-heal|p1a: Ting-Lu|97\/100|[from] item: Leftovers\n|upkeep\n|turn|8\n|\n|t:|1699028340\n|switch|p1a: Giratina|Giratina-Origin|100\/100\n|move|p2a: Arceus|Judgment|p1a: Giratina\n|-immune|p1a: Giratina|[from] ability: Levitate\n|\n|upkeep\n|turn|9\n|\n|t:|1699028345\n|move|p2a: Arceus|Icy Wind|p1a: Giratina\n|-supereffective|p1a: Giratina\n|-damage|p1a: Giratina|77\/100\n|-unboost|p1a: Giratina|spe|1\n|move|p1a: Giratina|Dragon Tail|p2a: Arceus\n|-damage|p2a: Arceus|81\/100\n|drag|p2a: Arceus|Arceus|100\/100\n|\n|upkeep\n|turn|10\n|\n|t:|1699028354\n|switch|p2a: Arceus|Arceus-Ground|81\/100\n|move|p1a: Giratina|Will-O-Wisp|p2a: Arceus\n|-status|p2a: Arceus|brn\n|\n|-damage|p2a: Arceus|75\/100 brn|[from] brn\n|upkeep\n|turn|11\n|\n|t:|1699028362\n|move|p2a: Arceus|Stealth Rock|p1a: Giratina\n|-sidestart|p1: LocalMarshadow|move: Stealth Rock\n|move|p1a: Giratina|Hex|p2a: Arceus\n|-damage|p2a: Arceus|24\/100 brn\n|\n|-damage|p2a: Arceus|18\/100 brn|[from] brn\n|upkeep\n|turn|12\n|\n|t:|1699028367\n|move|p2a: Arceus|Taunt|p1a: Giratina\n|-start|p1a: Giratina|move: Taunt\n|cant|p1a: Giratina|move: Taunt|Defog\n|\n|-damage|p2a: Arceus|12\/100 brn|[from] brn\n|upkeep\n|turn|13\n|\n|t:|1699028371\n|move|p2a: Arceus|Icy Wind|p1a: Giratina\n|-supereffective|p1a: Giratina\n|-damage|p1a: Giratina|53\/100\n|-unboost|p1a: Giratina|spe|1\n|move|p1a: Giratina|Dragon Tail|p2a: Arceus\n|-damage|p2a: Arceus|0 fnt\n|faint|p2a: Arceus\n|\n|upkeep\n|\n|t:|1699028390\n|switch|p2a: Zacian|Zacian-Crowned|100\/100\n|-ability|p2a: Zacian|Intrepid Sword|boost\n|-boost|p2a: Zacian|atk|1\n|turn|14\n|\n|t:|1699028395\n|move|p2a: Zacian|Play Rough|p1a: Giratina\n|-supereffective|p1a: Giratina\n|-damage|p1a: Giratina|0 fnt\n|faint|p1a: Giratina\n|\n|upkeep\n|\n|t:|1699028398\n|switch|p1a: Toxapex|Toxapex, M|73\/100\n|-damage|p1a: Toxapex|61\/100|[from] Stealth Rock\n|turn|15\n|\n|t:|1699028406\n|move|p2a: Zacian|Swords Dance|p2a: Zacian\n|-boost|p2a: Zacian|atk|2\n|move|p1a: Toxapex|Haze|p1a: Toxapex\n|-clearallboost\n|\n|upkeep\n|turn|16\n|\n|t:|1699028410\n|move|p2a: Zacian|Swords Dance|p2a: Zacian\n|-boost|p2a: Zacian|atk|2\n|move|p1a: Toxapex|Recover|p1a: Toxapex\n|-heal|p1a: Toxapex|100\/100\n|\n|upkeep\n|turn|17\n|\n|t:|1699028415\n|move|p2a: Zacian|Wild Charge|p1a: Toxapex\n|-supereffective|p1a: Toxapex\n|-crit|p1a: Toxapex\n|-damage|p1a: Toxapex|0 fnt\n|-damage|p2a: Zacian|84\/100|[from] item: Rocky Helmet|[of] p1a: Toxapex\n|faint|p1a: Toxapex\n|-damage|p2a: Zacian|61\/100|[from] Recoil\n|\n|upkeep\n|\n|t:|1699028419\n|switch|p1a: Koraidon|Koraidon|87\/100\n|-damage|p1a: Koraidon|81\/100|[from] Stealth Rock\n|-weather|SunnyDay|[from] ability: Orichalcum Pulse|[of] p1a: Koraidon\n|-activate|p1a: Koraidon|Orichalcum Pulse|[source]\n|turn|18\n|\n|t:|1699028427\n|switch|p2a: Miraidon|Miraidon|100\/100\n|-fieldstart|move: Electric Terrain|[from] ability: Hadron Engine|[of] p2a: Miraidon\n|move|p1a: Koraidon|U-turn|p2a: Miraidon\n|-crit|p2a: Miraidon\n|-damage|p2a: Miraidon|41\/100\n|\n|t:|1699028433\n|switch|p1a: Zacian|Zacian-Crowned, tera:Fire|39\/100|[from] U-turn\n|-damage|p1a: Zacian|15\/100|[from] Stealth Rock\n|\n|-weather|SunnyDay|[upkeep]\n|upkeep\n|turn|19\n|inactive|jun\u5e73\u5b89xianshen has 120 seconds left.\n|\n|t:|1699028484\n|switch|p2a: Zacian|Zacian-Crowned|61\/100\n|move|p1a: Zacian|Behemoth Blade|p2a: Zacian\n|-damage|p2a: Zacian|4\/100\n|\n|-weather|SunnyDay|[upkeep]\n|upkeep\n|turn|20\n|\n|t:|1699028489\n|move|p2a: Zacian|Behemoth Blade|p1a: Zacian\n|-resisted|p1a: Zacian\n|-damage|p1a: Zacian|0 fnt\n|faint|p1a: Zacian\n|\n|-weather|SunnyDay|[upkeep]\n|upkeep\n|\n|t:|1699028491\n|switch|p1a: Koraidon|Koraidon|81\/100\n|-damage|p1a: Koraidon|75\/100|[from] Stealth Rock\n|-activate|p1a: Koraidon|ability: Orichalcum Pulse\n|turn|21\n|\n|t:|1699028494\n|move|p1a: Koraidon|U-turn|p2a: Zacian\n|-resisted|p2a: Zacian\n|-damage|p2a: Zacian|0 fnt\n|faint|p2a: Zacian\n|\n|t:|1699028499\n|switch|p1a: Ting-Lu|Ting-Lu|97\/100|[from] U-turn\n|-damage|p1a: Ting-Lu|91\/100|[from] Stealth Rock\n|-ability|p1a: Ting-Lu|Vessel of Ruin\n|\n|-weather|SunnyDay|[upkeep]\n|-heal|p1a: Ting-Lu|97\/100|[from] item: Leftovers\n|upkeep\n|inactive|jun\u5e73\u5b89xianshen has 120 seconds left.\n|inactive|jun\u5e73\u5b89xianshen has 90 seconds left.\n|\n|t:|1699028544\n|switch|p2a: Miraidon|Miraidon|41\/100\n|-activate|p2a: Miraidon|ability: Hadron Engine\n|turn|22\n|\n|t:|1699028549\n|move|p2a: Miraidon|U-turn|p1a: Ting-Lu\n|-supereffective|p1a: Ting-Lu\n|-damage|p1a: Ting-Lu|84\/100\n|\n|t:|1699028551\n|switch|p2a: Arceus|Arceus|100\/100|[from] U-turn\n|move|p1a: Ting-Lu|Earthquake|p2a: Arceus\n|-damage|p2a: Arceus|78\/100\n|\n|-weather|none\n|-heal|p1a: Ting-Lu|90\/100|[from] item: Leftovers\n|-fieldend|move: Electric Terrain\n|upkeep\n|turn|23\n|\n|t:|1699028557\n|move|p2a: Arceus|Swords Dance|p2a: Arceus\n|-boost|p2a: Arceus|atk|2\n|move|p1a: Ting-Lu|Ruination|p2a: Arceus\n|-damage|p2a: Arceus|39\/100\n|\n|-heal|p1a: Ting-Lu|96\/100|[from] item: Leftovers\n|upkeep\n|turn|24\n|\n|t:|1699028565\n|move|p2a: Arceus|Extreme Speed|p1a: Ting-Lu\n|-damage|p1a: Ting-Lu|46\/100\n|move|p1a: Ting-Lu|Taunt|p2a: Arceus\n|-start|p2a: Arceus|move: Taunt\n|\n|-heal|p1a: Ting-Lu|52\/100|[from] item: Leftovers\n|upkeep\n|turn|25\n|\n|t:|1699028579\n|-terastallize|p2a: Arceus|Normal\n|move|p2a: Arceus|Extreme Speed|p1a: Ting-Lu\n|-damage|p1a: Ting-Lu|0 fnt\n|faint|p1a: Ting-Lu\n|\n|upkeep\n|\n|t:|1699028582\n|switch|p1a: Arceus|Arceus|100\/100\n|turn|26\n|\n|t:|1699028584\n|move|p1a: Arceus|Extreme Speed|p2a: Arceus\n|-damage|p2a: Arceus|10\/100\n|move|p2a: Arceus|Extreme Speed|p1a: Arceus\n|-damage|p1a: Arceus|15\/100\n|\n|upkeep\n|turn|27\n|\n|t:|1699028587\n|move|p1a: Arceus|Extreme Speed|p2a: Arceus\n|-damage|p2a: Arceus|0 fnt\n|faint|p2a: Arceus\n|\n|upkeep\n|\n|t:|1699028594\n|switch|p2a: Calyrex|Calyrex-Shadow|100\/100\n|-ability|p2a: Calyrex|As One\n|-ability|p2a: Calyrex|Unnerve\n|turn|28\n|\n|t:|1699028596\n|move|p2a: Calyrex|Psychic|p1a: Arceus\n|-damage|p1a: Arceus|0 fnt\n|faint|p1a: Arceus\n|-ability|p2a: Calyrex|Grim Neigh|boost\n|-boost|p2a: Calyrex|spa|1\n|\n|upkeep\n|\n|t:|1699028598\n|switch|p1a: Koraidon|Koraidon|75\/100\n|-damage|p1a: Koraidon|69\/100|[from] Stealth Rock\n|-weather|SunnyDay|[from] ability: Orichalcum Pulse|[of] p1a: Koraidon\n|-activate|p1a: Koraidon|Orichalcum Pulse|[source]\n|turn|29\n|\n|t:|1699028600\n|move|p2a: Calyrex|Psychic|p1a: Koraidon\n|-supereffective|p1a: Koraidon\n|-damage|p1a: Koraidon|0 fnt\n|faint|p1a: Koraidon\n|\n|win|jun\u5e73\u5b89xianshen\n|raw|LocalMarshadow's rating: 1647 &rarr; <strong>1638<\/strong><br \/>(-9 for losing)\n|raw|jun\u5e73\u5b89xianshen's rating: 1863 &rarr; <strong>1872<\/strong><br \/>(+9 for winning)\n|l|\u2606LocalMarshadow\n|l|\u2606jun\u5e73\u5b89xianshen\n|l| AGisgood\u82cd\u54cd\u4fa0\n|l| Ltxtim\n|j| AGisgood\u82cd\u54cd\u4fa0\n","uploadtime":1699028701,"views":4,"p1id":"localmarshadow","p2id":"junxianshen","formatid":"gen9anythinggoes","rating":1638,"private":0,"password":""}