{"id":"gen9anythinggoes-1984704722","p1":"kostas17217","p2":"Les tests de Jojos","format":"[Gen 9] Anything Goes","log":"|j|\u2606kostas17217\n|j|\u2606Les tests de Jojos\n|t:|1699292300\n|gametype|singles\n|player|p1|kostas17217|ghetsis-gen5bw|1475\n|player|p2|Les tests de Jojos|peonia|1787\n|teamsize|p1|6\n|teamsize|p2|6\n|gen|9\n|tier|[Gen 9] Anything Goes\n|rated|\n|rule|HP Percentage Mod: HP is shown in percentages\n|rule|Endless Battle Clause: Forcing endless battles is banned\n|clearpoke\n|poke|p1|Gliscor, F|\n|poke|p1|Grimmsnarl, M|\n|poke|p1|Miraidon|\n|poke|p1|Skeledirge, F|\n|poke|p1|Zacian-*|\n|poke|p1|Corviknight, M|\n|poke|p2|Grimmsnarl, M|\n|poke|p2|Glimmora, F|\n|poke|p2|Arceus|\n|poke|p2|Arceus-Ground|\n|poke|p2|Koraidon|\n|poke|p2|Calyrex-Shadow|\n|teampreview\n|inactive|Battle timer is ON: inactive players will automatically lose when time's up. (requested by kostas17217)\n|inactive|Les tests de Jojos also wants the timer to be on.\n|\n|t:|1699292308\n|start\n|switch|p1a: Grimmsnarl|Grimmsnarl, M, shiny|100\/100\n|switch|p2a: Glimmora|Glimmora, F|100\/100\n|turn|1\n|\n|t:|1699292315\n|move|p1a: Grimmsnarl|Taunt|p2a: Glimmora\n|-start|p2a: Glimmora|move: Taunt\n|move|p2a: Glimmora|Mortal Spin|p1a: Grimmsnarl\n|-supereffective|p1a: Grimmsnarl\n|-damage|p1a: Grimmsnarl|86\/100\n|-status|p1a: Grimmsnarl|psn\n|\n|-damage|p1a: Grimmsnarl|74\/100 psn|[from] psn\n|upkeep\n|turn|2\n|\n|t:|1699292327\n|move|p1a: Grimmsnarl|Reflect|p1a: Grimmsnarl\n|-sidestart|p1: kostas17217|Reflect\n|move|p2a: Glimmora|Mud Shot|p1a: Grimmsnarl|[miss]\n|-miss|p2a: Glimmora|p1a: Grimmsnarl\n|\n|-damage|p1a: Grimmsnarl|61\/100 psn|[from] psn\n|upkeep\n|turn|3\n|\n|t:|1699292334\n|move|p1a: Grimmsnarl|Light Screen|p1a: Grimmsnarl\n|-sidestart|p1: kostas17217|move: Light Screen\n|move|p2a: Glimmora|Mud Shot|p1a: Grimmsnarl|[miss]\n|-miss|p2a: Glimmora|p1a: Grimmsnarl\n|\n|-damage|p1a: Grimmsnarl|49\/100 psn|[from] psn\n|-end|p2a: Glimmora|move: Taunt\n|upkeep\n|turn|4\n|\n|t:|1699292346\n|move|p1a: Grimmsnarl|Taunt|p2a: Glimmora\n|-start|p2a: Glimmora|move: Taunt\n|cant|p2a: Glimmora|move: Taunt|Stealth Rock\n|\n|-damage|p1a: Grimmsnarl|37\/100 psn|[from] psn\n|upkeep\n|turn|5\n|\n|t:|1699292354\n|switch|p1a: Corviknight|Corviknight, M|100\/100\n|move|p2a: Glimmora|Mud Shot|p1a: Corviknight\n|-immune|p1a: Corviknight\n|\n|upkeep\n|turn|6\n|\n|t:|1699292363\n|switch|p2a: Calyrex|Calyrex-Shadow|100\/100\n|-ability|p2a: Calyrex|As One\n|-ability|p2a: Calyrex|Unnerve\n|move|p1a: Corviknight|Iron Head|p2a: Calyrex\n|-damage|p2a: Calyrex|76\/100\n|\n|-heal|p2a: Calyrex|82\/100|[from] item: Leftovers\n|upkeep\n|turn|7\n|\n|t:|1699292374\n|move|p2a: Calyrex|Nasty Plot|p2a: Calyrex\n|-boost|p2a: Calyrex|spa|2\n|move|p1a: Corviknight|U-turn|p2a: Calyrex\n|-damage|p2a: Calyrex|68\/100\n|\n|t:|1699292380\n|switch|p1a: Grimmsnarl|Grimmsnarl, M, shiny|37\/100 psn|[from] U-turn\n|\n|-heal|p2a: Calyrex|74\/100|[from] item: Leftovers\n|-damage|p1a: Grimmsnarl|24\/100 psn|[from] psn\n|upkeep\n|turn|8\n|\n|t:|1699292389\n|switch|p2a: Glimmora|Glimmora, F|100\/100\n|move|p1a: Grimmsnarl|Taunt|p2a: Glimmora\n|-start|p2a: Glimmora|move: Taunt\n|\n|-damage|p1a: Grimmsnarl|12\/100 psn|[from] psn\n|upkeep\n|turn|9\n|\n|t:|1699292398\n|move|p1a: Grimmsnarl|Sucker Punch|p2a: Glimmora\n|-damage|p2a: Glimmora|69\/100\n|-activate|p2a: Glimmora|ability: Toxic Debris\n|-sidestart|p1: kostas17217|move: Toxic Spikes\n|move|p2a: Glimmora|Mud Shot|p1a: Grimmsnarl\n|-damage|p1a: Grimmsnarl|5\/100 psn\n|-unboost|p1a: Grimmsnarl|spe|1\n|\n|-damage|p1a: Grimmsnarl|0 fnt|[from] psn\n|faint|p1a: Grimmsnarl\n|-sideend|p1: kostas17217|Reflect\n|upkeep\n|\n|t:|1699292411\n|switch|p1a: Gliscor|Gliscor, F, shiny|100\/100\n|turn|10\n|\n|t:|1699292425\n|switch|p2a: Arceus|Arceus-Ground|100\/100\n|move|p1a: Gliscor|Earthquake|p2a: Arceus\n|-damage|p2a: Arceus|72\/100\n|\n|-sideend|p1: kostas17217|move: Light Screen\n|-status|p1a: Gliscor|tox|[from] item: Toxic Orb\n|upkeep\n|turn|11\n|j| Beka\n|\n|t:|1699292433\n|move|p2a: Arceus|Taunt|p1a: Gliscor\n|-start|p1a: Gliscor|move: Taunt\n|move|p1a: Gliscor|Knock Off|p2a: Arceus\n|-damage|p2a: Arceus|60\/100\n|\n|upkeep\n|turn|12\n|\n|t:|1699292440\n|move|p2a: Arceus|Dragon Dance|p2a: Arceus\n|-boost|p2a: Arceus|atk|1\n|-boost|p2a: Arceus|spe|1\n|move|p1a: Gliscor|Earthquake|p2a: Arceus\n|-damage|p2a: Arceus|29\/100\n|\n|upkeep\n|turn|13\n|\n|t:|1699292455\n|move|p2a: Arceus|Tera Blast|p1a: Gliscor\n|-damage|p1a: Gliscor|72\/100 tox\n|move|p1a: Gliscor|Earthquake|p2a: Arceus\n|-damage|p2a: Arceus|0 fnt\n|faint|p2a: Arceus\n|\n|-heal|p1a: Gliscor|85\/100 tox|[from] ability: Poison Heal\n|-end|p1a: Gliscor|move: Taunt\n|upkeep\n|\n|t:|1699292466\n|switch|p2a: Glimmora|Glimmora, F|69\/100\n|turn|14\n|\n|t:|1699292470\n|move|p2a: Glimmora|Stealth Rock|p1a: Gliscor\n|-sidestart|p1: kostas17217|move: Stealth Rock\n|move|p1a: Gliscor|Earthquake|p2a: Glimmora\n|-supereffective|p2a: Glimmora\n|-damage|p2a: Glimmora|0 fnt\n|-activate|p2a: Glimmora|ability: Toxic Debris\n|-sidestart|p1: kostas17217|move: Toxic Spikes\n|faint|p2a: Glimmora\n|\n|-heal|p1a: Gliscor|97\/100 tox|[from] ability: Poison Heal\n|upkeep\n|\n|t:|1699292480\n|switch|p2a: Koraidon|Koraidon|100\/100\n|-weather|SunnyDay|[from] ability: Orichalcum Pulse|[of] p2a: Koraidon\n|-activate|p2a: Koraidon|Orichalcum Pulse|[source]\n|turn|15\n|\n|t:|1699292486\n|move|p2a: Koraidon|Swords Dance|p2a: Koraidon\n|-boost|p2a: Koraidon|atk|2\n|move|p1a: Gliscor|Knock Off|p2a: Koraidon\n|-resisted|p2a: Koraidon\n|-damage|p2a: Koraidon|88\/100\n|-enditem|p2a: Koraidon|Loaded Dice|[from] move: Knock Off|[of] p1a: Gliscor\n|\n|-weather|SunnyDay|[upkeep]\n|-heal|p1a: Gliscor|100\/100 tox|[from] ability: Poison Heal\n|upkeep\n|turn|16\n|\n|t:|1699292499\n|move|p2a: Koraidon|Scale Shot|p1a: Gliscor\n|-damage|p1a: Gliscor|74\/100 tox\n|-damage|p1a: Gliscor|50\/100 tox\n|-damage|p1a: Gliscor|23\/100 tox\n|-hitcount|p1a: Gliscor|3\n|-unboost|p2a: Koraidon|def|1\n|-boost|p2a: Koraidon|spe|1\n|move|p1a: Gliscor|Earthquake|p2a: Koraidon\n|-damage|p2a: Koraidon|30\/100\n|\n|-weather|SunnyDay|[upkeep]\n|-heal|p1a: Gliscor|35\/100 tox|[from] ability: Poison Heal\n|upkeep\n|turn|17\n|\n|t:|1699292513\n|move|p1a: Gliscor|Protect|p1a: Gliscor\n|-singleturn|p1a: Gliscor|Protect\n|move|p2a: Koraidon|Flare Blitz|p1a: Gliscor\n|-activate|p1a: Gliscor|move: Protect\n|\n|-weather|SunnyDay|[upkeep]\n|-heal|p1a: Gliscor|48\/100 tox|[from] ability: Poison Heal\n|upkeep\n|turn|18\n|\n|t:|1699292523\n|switch|p1a: Corviknight|Corviknight, M|100\/100\n|-damage|p1a: Corviknight|88\/100|[from] Stealth Rock\n|move|p2a: Koraidon|Flare Blitz|p1a: Corviknight\n|-supereffective|p1a: Corviknight\n|-damage|p1a: Corviknight|0 fnt\n|-damage|p2a: Koraidon|13\/100|[from] item: Rocky Helmet|[of] p1a: Corviknight\n|faint|p1a: Corviknight\n|-damage|p2a: Koraidon|0 fnt|[from] Recoil\n|faint|p2a: Koraidon\n|\n|-weather|SunnyDay|[upkeep]\n|upkeep\n|\n|t:|1699292540\n|switch|p2a: Calyrex|Calyrex-Shadow|74\/100\n|switch|p1a: Skeledirge|Skeledirge, F|100\/100\n|-ability|p2a: Calyrex|As One\n|-ability|p2a: Calyrex|Unnerve\n|-status|p1a: Skeledirge|tox\n|-damage|p1a: Skeledirge|75\/100 tox|[from] Stealth Rock\n|turn|19\n|\n|t:|1699292555\n|-terastallize|p1a: Skeledirge|Normal\n|move|p2a: Calyrex|Astral Barrage|p1a: Skeledirge\n|-immune|p1a: Skeledirge\n|move|p1a: Skeledirge|Shadow Ball|p2a: Calyrex\n|-supereffective|p2a: Calyrex\n|-damage|p2a: Calyrex|0 fnt\n|faint|p2a: Calyrex\n|\n|-weather|none\n|-heal|p1a: Skeledirge|82\/100 tox|[from] item: Leftovers\n|-damage|p1a: Skeledirge|75\/100 tox|[from] psn\n|upkeep\n|\n|t:|1699292568\n|switch|p2a: Arceus|Arceus|100\/100\n|turn|20\n|\n|t:|1699292576\n|switch|p2a: Grimmsnarl|Grimmsnarl, M|100\/100\n|move|p1a: Skeledirge|Will-O-Wisp|p2a: Grimmsnarl\n|-status|p2a: Grimmsnarl|brn\n|\n|-heal|p1a: Skeledirge|82\/100 tox|[from] item: Leftovers\n|-damage|p1a: Skeledirge|69\/100 tox|[from] psn\n|-damage|p2a: Grimmsnarl|94\/100 brn|[from] brn\n|upkeep\n|turn|21\n|\n|t:|1699292588\n|move|p2a: Grimmsnarl|Taunt|p1a: Skeledirge\n|-start|p1a: Skeledirge|move: Taunt\n|cant|p1a: Skeledirge|move: Taunt|Slack Off\n|\n|-heal|p1a: Skeledirge|75\/100 tox|[from] item: Leftovers\n|-damage|p1a: Skeledirge|57\/100 tox|[from] psn\n|-damage|p2a: Grimmsnarl|88\/100 brn|[from] brn\n|upkeep\n|turn|22\n|\n|t:|1699292599\n|switch|p1a: Gliscor|Gliscor, F, shiny|48\/100 tox\n|-damage|p1a: Gliscor|35\/100 tox|[from] Stealth Rock\n|switch|p2a: Arceus|Arceus|100\/100\n|\n|-heal|p1a: Gliscor|48\/100 tox|[from] ability: Poison Heal\n|upkeep\n|turn|23\n|\n|t:|1699292610\n|-terastallize|p2a: Arceus|Normal\n|move|p2a: Arceus|Extreme Speed|p1a: Gliscor\n|-damage|p1a: Gliscor|7\/100 tox\n|move|p1a: Gliscor|Knock Off|p2a: Arceus\n|-damage|p2a: Arceus|82\/100\n|-enditem|p2a: Arceus|Leftovers|[from] move: Knock Off|[of] p1a: Gliscor\n|\n|-heal|p1a: Gliscor|20\/100 tox|[from] ability: Poison Heal\n|upkeep\n|turn|24\n|\n|t:|1699292622\n|move|p1a: Gliscor|Protect|p1a: Gliscor\n|-singleturn|p1a: Gliscor|Protect\n|move|p2a: Arceus|Bulk Up|p2a: Arceus\n|-boost|p2a: Arceus|atk|1\n|-boost|p2a: Arceus|def|1\n|\n|-heal|p1a: Gliscor|32\/100 tox|[from] ability: Poison Heal\n|upkeep\n|turn|25\n|\n|t:|1699292632\n|move|p2a: Arceus|Shadow Claw|p1a: Gliscor\n|-damage|p1a: Gliscor|3\/100 tox\n|move|p1a: Gliscor|Earthquake|p2a: Arceus\n|-damage|p2a: Arceus|62\/100\n|\n|-heal|p1a: Gliscor|15\/100 tox|[from] ability: Poison Heal\n|upkeep\n|turn|26\n|\n|t:|1699292641\n|move|p2a: Arceus|Shadow Claw|p1a: Gliscor\n|-damage|p1a: Gliscor|0 fnt\n|faint|p1a: Gliscor\n|\n|upkeep\n|\n|t:|1699292655\n|switch|p1a: Miraidon|Miraidon|100\/100\n|-status|p1a: Miraidon|tox\n|-damage|p1a: Miraidon|88\/100 tox|[from] Stealth Rock\n|-fieldstart|move: Electric Terrain|[from] ability: Hadron Engine|[of] p1a: Miraidon\n|turn|27\n|\n|t:|1699292672\n|move|p1a: Miraidon|Electro Drift|p2a: Arceus\n|-damage|p2a: Arceus|7\/100\n|move|p2a: Arceus|Recover|p2a: Arceus\n|-heal|p2a: Arceus|57\/100\n|\n|-heal|p1a: Miraidon|94\/100 tox|[from] item: Leftovers\n|-damage|p1a: Miraidon|88\/100 tox|[from] psn\n|upkeep\n|turn|28\n|\n|t:|1699292690\n|move|p2a: Arceus|Extreme Speed|p1a: Miraidon\n|-damage|p1a: Miraidon|13\/100 tox\n|move|p1a: Miraidon|Electro Drift|p2a: Arceus\n|-damage|p2a: Arceus|9\/100\n|\n|-heal|p1a: Miraidon|19\/100 tox|[from] item: Leftovers\n|-damage|p1a: Miraidon|7\/100 tox|[from] psn\n|upkeep\n|turn|29\n|\n|t:|1699292701\n|move|p2a: Arceus|Extreme Speed|p1a: Miraidon\n|-damage|p1a: Miraidon|0 fnt\n|faint|p1a: Miraidon\n|\n|upkeep\n|\n|t:|1699292708\n|switch|p1a: Zacian|Zacian-Crowned, shiny|100\/100\n|-damage|p1a: Zacian|94\/100|[from] Stealth Rock\n|-ability|p1a: Zacian|Intrepid Sword|boost\n|-boost|p1a: Zacian|atk|1\n|turn|30\n|\n|t:|1699292725\n|move|p1a: Zacian|Behemoth Blade|p2a: Arceus\n|-damage|p2a: Arceus|0 fnt\n|faint|p2a: Arceus\n|\n|upkeep\n|-message|Les tests de Jojos forfeited.\n|\n|win|kostas17217\n|raw|kostas17217's rating: 1475 &rarr; <strong>1509<\/strong><br \/>(+34 for winning)\n|raw|Les tests de Jojos's rating: 1787 &rarr; <strong>1753<\/strong><br \/>(-34 for losing)\n|l|\u2606Les tests de Jojos\n|l|\u2606kostas17217\n","uploadtime":1699292737,"views":6,"p1id":"kostas17217","p2id":"lestestsdejojos","formatid":"gen9anythinggoes","rating":1509,"private":0,"password":""}