{"id":"gen9anythinggoes-1997755439","p1":"game18","p2":"default0","format":"[Gen 9] Anything Goes","log":"|j|\u2606game18\n|j|\u2606default0\n|inactive|Battle timer is ON: inactive players will automatically lose when time's up.\n|t:|1700849232\n|gametype|singles\n|player|p1|game18|ghetsis|\n|player|p2|default0|skierf-gen4dp|\n|teamsize|p1|6\n|teamsize|p2|6\n|gen|9\n|tier|[Gen 9] Anything Goes\n|rated|Tournament battle\n|rule|HP Percentage Mod: HP is shown in percentages\n|rule|Endless Battle Clause: Forcing endless battles is banned\n|clearpoke\n|poke|p1|Ribombee, M|\n|poke|p1|Calyrex-Shadow|\n|poke|p1|Koraidon|\n|poke|p1|Zacian-*|\n|poke|p1|Arceus|\n|poke|p1|Arceus-Ground|\n|poke|p2|Arceus-Ground|\n|poke|p2|Calyrex-Shadow|\n|poke|p2|Koraidon|\n|poke|p2|Mandibuzz, F|\n|poke|p2|Arceus-Steel|\n|poke|p2|Mewtwo|\n|teampreview\n|inactive|default0 has 120 seconds left.\n|\n|t:|1700849267\n|start\n|switch|p1a: Ribombee|Ribombee, M|100\/100\n|switch|p2a: Arceus|Arceus-Ground|100\/100\n|turn|1\n|\n|t:|1700849285\n|move|p1a: Ribombee|Sticky Web|p2a: Arceus\n|-sidestart|p2: default0|move: Sticky Web\n|move|p2a: Arceus|Ice Beam|p1a: Ribombee\n|-crit|p1a: Ribombee\n|-damage|p1a: Ribombee|42\/100\n|\n|upkeep\n|turn|2\n|\n|t:|1700849295\n|move|p1a: Ribombee|Tailwind|p1a: Ribombee\n|-sidestart|p1: game18|move: Tailwind\n|move|p2a: Arceus|Stealth Rock|p1a: Ribombee\n|-sidestart|p1: game18|move: Stealth Rock\n|\n|upkeep\n|turn|3\n|\n|t:|1700849301\n|move|p1a: Ribombee|Quiver Dance|p1a: Ribombee\n|-boost|p1a: Ribombee|spa|1\n|-boost|p1a: Ribombee|spd|1\n|-boost|p1a: Ribombee|spe|1\n|move|p2a: Arceus|Ice Beam|p1a: Ribombee\n|-damage|p1a: Ribombee|15\/100\n|\n|upkeep\n|turn|4\n|\n|t:|1700849308\n|switch|p2a: Mewtwo|Mewtwo|100\/100\n|-ability|p2a: Mewtwo|Pressure\n|move|p1a: Ribombee|Moonblast|p2a: Mewtwo\n|-damage|p2a: Mewtwo|57\/100\n|\n|upkeep\n|turn|5\n|\n|t:|1700849317\n|move|p1a: Ribombee|Moonblast|p2a: Mewtwo\n|-damage|p2a: Mewtwo|9\/100\n|move|p2a: Mewtwo|Recover|p2a: Mewtwo\n|-heal|p2a: Mewtwo|59\/100\n|\n|-sideend|p1: game18|move: Tailwind\n|upkeep\n|turn|6\n|\n|t:|1700849326\n|move|p1a: Ribombee|Tailwind|p1a: Ribombee\n|-sidestart|p1: game18|move: Tailwind\n|move|p2a: Mewtwo|Flamethrower|p1a: Ribombee\n|-supereffective|p1a: Ribombee\n|-damage|p1a: Ribombee|0 fnt\n|faint|p1a: Ribombee\n|\n|upkeep\n|\n|t:|1700849344\n|switch|p1a: Zacian|Zacian-Crowned|100\/100\n|-damage|p1a: Zacian|94\/100|[from] Stealth Rock\n|-ability|p1a: Zacian|Intrepid Sword|boost\n|-boost|p1a: Zacian|atk|1\n|turn|7\n|\n|t:|1700849353\n|move|p1a: Zacian|Crunch|p2a: Mewtwo\n|-supereffective|p2a: Mewtwo\n|-damage|p2a: Mewtwo|0 fnt\n|faint|p2a: Mewtwo\n|\n|upkeep\n|\n|t:|1700849359\n|switch|p2a: Arceus|Arceus-Ground|100\/100\n|-activate|p2a: Arceus|move: Sticky Web\n|-unboost|p2a: Arceus|spe|1\n|turn|8\n|\n|t:|1700849374\n|move|p1a: Zacian|Behemoth Blade|p2a: Arceus\n|-damage|p2a: Arceus|56\/100\n|move|p2a: Arceus|Judgment|p1a: Zacian\n|-supereffective|p1a: Zacian\n|-damage|p1a: Zacian|9\/100\n|\n|upkeep\n|turn|9\n|\n|t:|1700849384\n|move|p1a: Zacian|Behemoth Blade|p2a: Arceus\n|-damage|p2a: Arceus|11\/100\n|move|p2a: Arceus|Recover|p2a: Arceus\n|-heal|p2a: Arceus|61\/100\n|\n|-sideend|p1: game18|move: Tailwind\n|upkeep\n|turn|10\n|\n|t:|1700849395\n|move|p1a: Zacian|Swords Dance|p1a: Zacian\n|-boost|p1a: Zacian|atk|2\n|move|p2a: Arceus|Recover|p2a: Arceus\n|-heal|p2a: Arceus|100\/100\n|\n|upkeep\n|turn|11\n|\n|t:|1700849406\n|switch|p2a: Arceus|Arceus-Steel|100\/100\n|-activate|p2a: Arceus|move: Sticky Web\n|-unboost|p2a: Arceus|spe|1\n|move|p1a: Zacian|Behemoth Blade|p2a: Arceus\n|-resisted|p2a: Arceus\n|-damage|p2a: Arceus|50\/100\n|\n|upkeep\n|turn|12\n|\n|t:|1700849418\n|move|p1a: Zacian|Crunch|p2a: Arceus\n|-damage|p2a: Arceus|0 fnt\n|faint|p2a: Arceus\n|\n|upkeep\n|\n|t:|1700849425\n|switch|p2a: Calyrex|Calyrex-Shadow|100\/100\n|-ability|p2a: Calyrex|As One\n|-ability|p2a: Calyrex|Unnerve\n|-activate|p2a: Calyrex|move: Sticky Web\n|-unboost|p2a: Calyrex|spe|1\n|turn|13\n|\n|t:|1700849436\n|move|p2a: Calyrex|Astral Barrage|p1a: Zacian\n|-damage|p1a: Zacian|0 fnt\n|faint|p1a: Zacian\n|-ability|p2a: Calyrex|Grim Neigh|boost\n|-boost|p2a: Calyrex|spa|1\n|\n|upkeep\n|\n|t:|1700849441\n|switch|p1a: Arceus|Arceus|100\/100\n|-damage|p1a: Arceus|88\/100|[from] Stealth Rock\n|turn|14\n|\n|t:|1700849452\n|switch|p2a: Koraidon|Koraidon|100\/100\n|-activate|p2a: Koraidon|move: Sticky Web\n|-unboost|p2a: Koraidon|spe|1\n|-weather|SunnyDay|[from] ability: Orichalcum Pulse|[of] p2a: Koraidon\n|-activate|p2a: Koraidon|Orichalcum Pulse|[source]\n|move|p1a: Arceus|Swords Dance|p1a: Arceus\n|-boost|p1a: Arceus|atk|2\n|\n|-weather|SunnyDay|[upkeep]\n|upkeep\n|turn|15\n|\n|t:|1700849470\n|-terastallize|p2a: Koraidon|Ghost\n|move|p1a: Arceus|Extreme Speed|p2a: Koraidon\n|-immune|p2a: Koraidon\n|move|p2a: Koraidon|Scale Shot|p1a: Arceus\n|-damage|p1a: Arceus|75\/100\n|-damage|p1a: Arceus|64\/100\n|-damage|p1a: Arceus|52\/100\n|-damage|p1a: Arceus|40\/100\n|-damage|p1a: Arceus|29\/100\n|-hitcount|p1a: Arceus|5\n|-unboost|p2a: Koraidon|def|1\n|-boost|p2a: Koraidon|spe|1\n|\n|-weather|SunnyDay|[upkeep]\n|upkeep\n|turn|16\n|inactive|game18 has 120 seconds left.\n|\n|t:|1700849507\n|move|p2a: Koraidon|Scale Shot|p1a: Arceus|[miss]\n|-miss|p2a: Koraidon|p1a: Arceus\n|move|p1a: Arceus|Shadow Claw|p2a: Koraidon\n|-supereffective|p2a: Koraidon\n|-damage|p2a: Koraidon|0 fnt\n|faint|p2a: Koraidon\n|\n|-weather|SunnyDay|[upkeep]\n|upkeep\n|\n|t:|1700849524\n|switch|p2a: Arceus|Arceus-Ground|100\/100\n|-activate|p2a: Arceus|move: Sticky Web\n|-unboost|p2a: Arceus|spe|1\n|turn|17\n|inactive|game18 has 120 seconds left.\n|\n|t:|1700849529\n|move|p1a: Arceus|Extreme Speed|p2a: Arceus\n|-damage|p2a: Arceus|50\/100\n|move|p2a: Arceus|Judgment|p1a: Arceus\n|-damage|p1a: Arceus|0 fnt\n|faint|p1a: Arceus\n|\n|-weather|SunnyDay|[upkeep]\n|upkeep\n|inactive|game18 has 120 seconds left.\n|\n|t:|1700849542\n|switch|p1a: Koraidon|Koraidon|100\/100\n|-damage|p1a: Koraidon|94\/100|[from] Stealth Rock\n|-activate|p1a: Koraidon|ability: Orichalcum Pulse\n|turn|18\n|inactive|game18 has 120 seconds left.\n|\n|t:|1700849551\n|move|p1a: Koraidon|Flare Blitz|p2a: Arceus\n|-damage|p2a: Arceus|9\/100\n|-damage|p1a: Koraidon|77\/100|[from] Recoil\n|move|p2a: Arceus|Recover|p2a: Arceus\n|-heal|p2a: Arceus|59\/100\n|\n|-weather|none\n|upkeep\n|turn|19\n|\n|t:|1700849560\n|move|p1a: Koraidon|Taunt|p2a: Arceus\n|-start|p2a: Arceus|move: Taunt\n|move|p2a: Arceus|Ice Beam|p1a: Koraidon\n|-supereffective|p1a: Koraidon\n|-damage|p1a: Koraidon|32\/100\n|\n|upkeep\n|turn|20\n|\n|t:|1700849567\n|move|p1a: Koraidon|Flare Blitz|p2a: Arceus\n|-damage|p2a: Arceus|37\/100\n|-damage|p1a: Koraidon|23\/100|[from] Recoil\n|move|p2a: Arceus|Judgment|p1a: Koraidon\n|-damage|p1a: Koraidon|0 fnt\n|faint|p1a: Koraidon\n|\n|upkeep\n|j| laprasplayer\n|inactive|game18 has 120 seconds left.\n|\n|t:|1700849588\n|switch|p1a: Calyrex|Calyrex-Shadow|100\/100\n|-ability|p1a: Calyrex|As One\n|-ability|p1a: Calyrex|Unnerve\n|-damage|p1a: Calyrex|88\/100|[from] Stealth Rock\n|turn|21\n|inactive|game18 has 120 seconds left.\n|\n|t:|1700849598\n|switch|p2a: Mandibuzz|Mandibuzz, F|100\/100\n|move|p1a: Calyrex|Astral Barrage|p2a: Mandibuzz\n|-resisted|p2a: Mandibuzz\n|-damage|p2a: Mandibuzz|57\/100\n|-damage|p1a: Calyrex|78\/100|[from] item: Life Orb\n|\n|upkeep\n|turn|22\n|\n|t:|1700849609\n|switch|p1a: Arceus|Arceus-Ground|100\/100\n|-damage|p1a: Arceus|94\/100|[from] Stealth Rock\n|move|p2a: Mandibuzz|Defog|p1a: Arceus\n|-unboost|p1a: Arceus|evasion|1\n|-sideend|p1: game18|Stealth Rock|[from] move: Defog|[of] p2a: Mandibuzz\n|-sideend|p2: default0|Sticky Web|[from] move: Defog|[of] p2a: Mandibuzz\n|\n|upkeep\n|turn|23\n|\n|t:|1700849620\n|move|p1a: Arceus|Dragon Dance|p1a: Arceus\n|-boost|p1a: Arceus|atk|1\n|-boost|p1a: Arceus|spe|1\n|move|p2a: Mandibuzz|Roost|p2a: Mandibuzz\n|-heal|p2a: Mandibuzz|100\/100\n|-singleturn|p2a: Mandibuzz|move: Roost\n|\n|upkeep\n|turn|24\n|\n|t:|1700849631\n|move|p1a: Arceus|Dragon Dance|p1a: Arceus\n|-boost|p1a: Arceus|atk|1\n|-boost|p1a: Arceus|spe|1\n|move|p2a: Mandibuzz|Foul Play|p1a: Arceus\n|-damage|p1a: Arceus|20\/100\n|\n|upkeep\n|turn|25\n|\n|t:|1700849636\n|move|p1a: Arceus|Stone Edge|p2a: Mandibuzz\n|-supereffective|p2a: Mandibuzz\n|-crit|p2a: Mandibuzz\n|-damage|p2a: Mandibuzz|0 fnt\n|faint|p2a: Mandibuzz\n|\n|upkeep\n|\n|t:|1700849639\n|switch|p2a: Calyrex|Calyrex-Shadow|100\/100\n|-ability|p2a: Calyrex|As One\n|-ability|p2a: Calyrex|Unnerve\n|turn|26\n|\n|t:|1700849647\n|move|p1a: Arceus|Earthquake|p2a: Calyrex\n|-damage|p2a: Calyrex|0 fnt\n|faint|p2a: Calyrex\n|\n|upkeep\n|\n|t:|1700849649\n|switch|p2a: Arceus|Arceus-Ground|37\/100\n|turn|27\n|\n|t:|1700849654\n|move|p1a: Arceus|Earthquake|p2a: Arceus\n|-damage|p2a: Arceus|0 fnt\n|faint|p2a: Arceus\n|\n|win|game18\n|n|\u2606game18|game18\n|n|\u2606default0|default0\n|n| laprasplayer|laprasplayer\n|l|\u2606default0\n","uploadtime":1700849661,"views":1,"p1id":"game18","p2id":"default0","formatid":"gen9anythinggoes","rating":0,"private":0,"password":""}