{"id":"gen9anythinggoes-1983432952","p1":"David_Vegeta","p2":"Pollito9999","format":"[Gen 9] Anything Goes","log":"|j|\u2606David_Vegeta\n|j|\u2606Pollito9999\n|t:|1699129601\n|gametype|singles\n|player|p1|David_Vegeta|roughneck|\n|player|p2|Pollito9999|gardenia|\n|teamsize|p1|6\n|teamsize|p2|6\n|gen|9\n|tier|[Gen 9] Anything Goes\n|rule|HP Percentage Mod: HP is shown in percentages\n|rule|Endless Battle Clause: Forcing endless battles is banned\n|clearpoke\n|poke|p1|Ditto|\n|poke|p1|Ditto|\n|poke|p1|Ditto|\n|poke|p1|Ditto|\n|poke|p1|Ditto|\n|poke|p1|Ditto|\n|poke|p2|Kommo-o, M|\n|poke|p2|Armarouge, M|\n|poke|p2|Regidrago|\n|poke|p2|Iron Valiant|\n|poke|p2|Ogerpon, F|\n|poke|p2|Ogerpon-Wellspring, F|\n|teampreview\n|\n|t:|1699129616\n|start\n|switch|p1a: Ditto|Ditto, shiny|100\/100\n|switch|p2a: Megaman|Armarouge, M|100\/100\n|-transform|p1a: Ditto|p2a: Megaman|[from] ability: Imposter\n|turn|1\n|\n|t:|1699129629\n|-terastallize|p2a: Megaman|Water\n|move|p1a: Ditto|Dark Pulse|p2a: Megaman\n|-damage|p2a: Megaman|69\/100\n|move|p2a: Megaman|Tera Blast|p1a: Ditto|[anim] Tera Blast Water\n|-supereffective|p1a: Ditto\n|-damage|p1a: Ditto|0 fnt\n|faint|p1a: Ditto\n|\n|upkeep\n|\n|t:|1699129632\n|switch|p1a: Ditto|Ditto, shiny|100\/100\n|-transform|p1a: Ditto|p2a: Megaman|[from] ability: Imposter\n|-start|p1a: Ditto|typechange|Fire\/Psychic|[silent]\n|turn|2\n|\n|t:|1699129643\n|-terastallize|p1a: Ditto|Normal\n|move|p1a: Ditto|Dark Pulse|p2a: Megaman\n|-damage|p2a: Megaman|35\/100\n|move|p2a: Megaman|Tera Blast|p1a: Ditto|[anim] Tera Blast Water\n|-damage|p1a: Ditto|9\/100\n|\n|-heal|p1a: Ditto|15\/100|[from] item: Leftovers\n|upkeep\n|turn|3\n|\n|t:|1699129648\n|move|p1a: Ditto|Dark Pulse|p2a: Megaman\n|-damage|p2a: Megaman|0 fnt\n|faint|p2a: Megaman\n|\n|-heal|p1a: Ditto|21\/100|[from] item: Leftovers\n|upkeep\n|\n|t:|1699129655\n|switch|p2a: The guy itself|Iron Valiant|100\/100\n|-enditem|p2a: The guy itself|Booster Energy\n|-activate|p2a: The guy itself|ability: Quark Drive|[fromitem]\n|-start|p2a: The guy itself|quarkdrivespe\n|turn|4\n|\n|t:|1699129664\n|move|p2a: The guy itself|Thunderbolt|p1a: Ditto\n|-damage|p1a: Ditto|0 fnt\n|faint|p1a: Ditto\n|\n|upkeep\n|\n|t:|1699129667\n|switch|p1a: Ditto|Ditto, shiny|100\/100\n|-transform|p1a: Ditto|p2a: The guy itself|[from] ability: Imposter\n|turn|5\n|\n|t:|1699129689\n|move|p2a: The guy itself|Moonblast|p1a: Ditto\n|-supereffective|p1a: Ditto\n|-damage|p1a: Ditto|0 fnt\n|faint|p1a: Ditto\n|-end|p1a: Ditto|Quark Drive|[silent]\n|\n|upkeep\n|\n|t:|1699129692\n|switch|p1a: Ditto|Ditto, shiny|100\/100\n|-transform|p1a: Ditto|p2a: The guy itself|[from] ability: Imposter\n|turn|6\n|\n|t:|1699129696\n|move|p2a: The guy itself|Moonblast|p1a: Ditto\n|-supereffective|p1a: Ditto\n|-damage|p1a: Ditto|0 fnt\n|faint|p1a: Ditto\n|-end|p1a: Ditto|Quark Drive|[silent]\n|\n|upkeep\n|\n|t:|1699129698\n|switch|p1a: Ditto|Ditto, shiny|100\/100\n|-transform|p1a: Ditto|p2a: The guy itself|[from] ability: Imposter\n|turn|7\n|\n|t:|1699129701\n|move|p2a: The guy itself|Moonblast|p1a: Ditto\n|-supereffective|p1a: Ditto\n|-damage|p1a: Ditto|0 fnt\n|faint|p1a: Ditto\n|-end|p1a: Ditto|Quark Drive|[silent]\n|\n|upkeep\n|\n|t:|1699129703\n|switch|p1a: Ditto|Ditto, shiny|100\/100\n|-transform|p1a: Ditto|p2a: The guy itself|[from] ability: Imposter\n|turn|8\n|\n|t:|1699129707\n|move|p2a: The guy itself|Moonblast|p1a: Ditto\n|-supereffective|p1a: Ditto\n|-damage|p1a: Ditto|0 fnt\n|faint|p1a: Ditto\n|-end|p1a: Ditto|Quark Drive|[silent]\n|\n|win|Pollito9999\n|l|\u2606David_Vegeta\n","uploadtime":1699129770,"views":8,"p1id":"davidvegeta","p2id":"pollito9999","formatid":"gen9anythinggoes","rating":0,"private":0,"password":""}