{"id":"gen9anythinggoes-1983334488","p1":"Genesis94","p2":"Jeremoon","format":"[Gen 9] Anything Goes","log":"|j|\u2606Genesis94\n|j|\u2606Jeremoon\n|t:|1699119325\n|gametype|singles\n|player|p1|Genesis94|1|\n|player|p2|Jeremoon|lucas|\n|teamsize|p1|6\n|teamsize|p2|6\n|gen|9\n|tier|[Gen 9] Anything Goes\n|rule|HP Percentage Mod: HP is shown in percentages\n|rule|Endless Battle Clause: Forcing endless battles is banned\n|clearpoke\n|poke|p1|Milotic, M|\n|poke|p1|Zarude|\n|poke|p1|Magearna|\n|poke|p1|Arbok, F|\n|poke|p1|Talonflame, F|\n|poke|p1|Noivern, F|\n|poke|p2|Diancie|\n|poke|p2|Cresselia, F|\n|poke|p2|Heatran, F|\n|poke|p2|Talonflame, M|\n|poke|p2|Goodra-Hisui, M|\n|poke|p2|Urshifu-*, F|\n|teampreview\n|j| kai2805\n|\n|t:|1699119355\n|start\n|switch|p1a: Sakura|Milotic, M, shiny|100\/100\n|switch|p2a: Urshifu|Urshifu-Rapid-Strike, F|100\/100\n|turn|1\n|\n|t:|1699119369\n|move|p2a: Urshifu|Thunder Punch|p1a: Sakura\n|-supereffective|p1a: Sakura\n|-damage|p1a: Sakura|50\/100\n|-status|p1a: Sakura|par\n|-enditem|p1a: Sakura|Sitrus Berry|[eat]\n|-heal|p1a: Sakura|75\/100 par|[from] item: Sitrus Berry\n|move|p1a: Sakura|Scald|p2a: Urshifu\n|-resisted|p2a: Urshifu\n|-damage|p2a: Urshifu|79\/100\n|-status|p2a: Urshifu|brn\n|\n|-damage|p2a: Urshifu|72\/100 brn|[from] brn\n|upkeep\n|turn|2\n|\n|t:|1699119386\n|move|p2a: Urshifu|Thunder Punch|p1a: Sakura\n|-supereffective|p1a: Sakura\n|-damage|p1a: Sakura|58\/100 par\n|cant|p1a: Sakura|par\n|\n|-damage|p2a: Urshifu|66\/100 brn|[from] brn\n|upkeep\n|turn|3\n|\n|t:|1699119402\n|switch|p2a: Goodra|Goodra-Hisui, M|100\/100\n|move|p1a: Sakura|Recover|p1a: Sakura\n|-heal|p1a: Sakura|100\/100 par\n|\n|upkeep\n|turn|4\n|\n|t:|1699119416\n|move|p2a: Goodra|Acid Armor|p2a: Goodra\n|-boost|p2a: Goodra|def|2\n|cant|p1a: Sakura|par\n|\n|upkeep\n|turn|5\n|\n|t:|1699119427\n|move|p2a: Goodra|Acid Armor|p2a: Goodra\n|-boost|p2a: Goodra|def|2\n|move|p1a: Sakura|Flip Turn|p2a: Goodra\n|-resisted|p2a: Goodra\n|-damage|p2a: Goodra|99\/100\n|\n|t:|1699119442\n|switch|p1a: Konohamaru|Noivern, F|100\/100|[from] Flip Turn\n|\n|-heal|p2a: Goodra|100\/100|[from] item: Leftovers\n|upkeep\n|turn|6\n|\n|t:|1699119449\n|-terastallize|p1a: Konohamaru|Normal\n|move|p1a: Konohamaru|Boomburst|p2a: Goodra\n|-resisted|p2a: Goodra\n|-damage|p2a: Goodra|77\/100\n|-damage|p1a: Konohamaru|91\/100|[from] item: Life Orb\n|move|p2a: Goodra|Ice Spinner|p1a: Konohamaru\n|-damage|p1a: Konohamaru|67\/100\n|\n|-heal|p2a: Goodra|83\/100|[from] item: Leftovers\n|upkeep\n|turn|7\n|\n|t:|1699119461\n|move|p1a: Konohamaru|Hurricane|p2a: Goodra\n|-resisted|p2a: Goodra\n|-damage|p2a: Goodra|65\/100\n|-damage|p1a: Konohamaru|57\/100|[from] item: Life Orb\n|move|p2a: Goodra|Body Press|p1a: Konohamaru\n|-supereffective|p1a: Konohamaru\n|-damage|p1a: Konohamaru|0 fnt\n|faint|p1a: Konohamaru\n|\n|-heal|p2a: Goodra|71\/100|[from] item: Leftovers\n|upkeep\n|\n|t:|1699119471\n|switch|p1a: Tsunade|Magearna|100\/100\n|turn|8\n|\n|t:|1699119480\n|move|p1a: Tsunade|Draining Kiss|p2a: Goodra\n|-damage|p2a: Goodra|57\/100\n|move|p2a: Goodra|Body Press|p1a: Tsunade\n|-damage|p1a: Tsunade|40\/100\n|\n|-heal|p1a: Tsunade|46\/100|[from] item: Leftovers\n|-heal|p2a: Goodra|63\/100|[from] item: Leftovers\n|upkeep\n|turn|9\n|\n|t:|1699119489\n|move|p1a: Tsunade|Draining Kiss|p2a: Goodra\n|-damage|p2a: Goodra|48\/100\n|-heal|p1a: Tsunade|57\/100|[from] drain|[of] p2a: Goodra\n|move|p2a: Goodra|Body Press|p1a: Tsunade\n|-damage|p1a: Tsunade|0 fnt\n|faint|p1a: Tsunade\n|\n|-heal|p2a: Goodra|54\/100|[from] item: Leftovers\n|upkeep\n|\n|t:|1699119494\n|switch|p1a: Enma|Zarude|100\/100\n|turn|10\n|\n|t:|1699119504\n|move|p1a: Enma|Knock Off|p2a: Goodra\n|-damage|p2a: Goodra|45\/100\n|-enditem|p2a: Goodra|Leftovers|[from] move: Knock Off|[of] p1a: Enma\n|move|p2a: Goodra|Ice Spinner|p1a: Enma\n|-supereffective|p1a: Enma\n|-damage|p1a: Enma|72\/100\n|-damage|p2a: Goodra|29\/100|[from] item: Rocky Helmet|[of] p1a: Enma\n|\n|upkeep\n|turn|11\n|\n|t:|1699119512\n|move|p1a: Enma|Stomping Tantrum|p2a: Goodra\n|-supereffective|p2a: Goodra\n|-damage|p2a: Goodra|19\/100\n|move|p2a: Goodra|Body Press|p1a: Enma\n|-supereffective|p1a: Enma\n|-damage|p1a: Enma|0 fnt\n|-damage|p2a: Goodra|2\/100|[from] item: Rocky Helmet|[of] p1a: Enma\n|faint|p1a: Enma\n|\n|upkeep\n|\n|t:|1699119518\n|switch|p1a: Taka|Talonflame, F|100\/100\n|turn|12\n|\n|t:|1699119526\n|move|p1a: Taka|U-turn|p2a: Goodra\n|-resisted|p2a: Goodra\n|-damage|p2a: Goodra|1\/100\n|\n|t:|1699119529\n|switch|p1a: Orochimaru|Arbok, F|100\/100|[from] U-turn\n|-ability|p1a: Orochimaru|Intimidate|boost\n|-unboost|p2a: Goodra|atk|1\n|move|p2a: Goodra|Ice Spinner|p1a: Orochimaru\n|-damage|p1a: Orochimaru|86\/100\n|\n|upkeep\n|turn|13\n|\n|t:|1699119539\n|move|p1a: Orochimaru|Knock Off|p2a: Goodra\n|-damage|p2a: Goodra|0 fnt\n|faint|p2a: Goodra\n|\n|upkeep\n|\n|t:|1699119552\n|switch|p2a: Cresselia|Cresselia, F|100\/100\n|turn|14\n|\n|t:|1699119566\n|switch|p2a: Urshifu|Urshifu-Rapid-Strike, F|66\/100 brn\n|move|p1a: Orochimaru|Toxic||[still]\n|-fail|p1a: Orochimaru\n|\n|-damage|p2a: Urshifu|60\/100 brn|[from] brn\n|upkeep\n|turn|15\n|\n|t:|1699119579\n|switch|p1a: Sakura|Milotic, M, shiny|100\/100 par\n|move|p2a: Urshifu|Surging Strikes|p1a: Sakura\n|-resisted|p1a: Sakura\n|-crit|p1a: Sakura\n|-damage|p1a: Sakura|97\/100 par\n|-resisted|p1a: Sakura\n|-crit|p1a: Sakura\n|-damage|p1a: Sakura|95\/100 par\n|-resisted|p1a: Sakura\n|-crit|p1a: Sakura\n|-damage|p1a: Sakura|92\/100 par\n|-hitcount|p1a: Sakura|3\n|\n|-damage|p2a: Urshifu|54\/100 brn|[from] brn\n|upkeep\n|turn|16\n|\n|t:|1699119593\n|switch|p2a: Cresselia|Cresselia, F|100\/100\n|move|p1a: Sakura|Scald|p2a: Cresselia\n|-damage|p2a: Cresselia|83\/100\n|\n|upkeep\n|turn|17\n|\n|t:|1699119601\n|move|p2a: Cresselia|Calm Mind|p2a: Cresselia\n|-boost|p2a: Cresselia|spa|1\n|-boost|p2a: Cresselia|spd|1\n|move|p1a: Sakura|Flip Turn|p2a: Cresselia\n|-damage|p2a: Cresselia|75\/100\n|-damage|p1a: Sakura|75\/100 par|[from] item: Rocky Helmet|[of] p2a: Cresselia\n|\n|t:|1699119606\n|switch|p1a: Orochimaru|Arbok, F|86\/100|[from] Flip Turn\n|-ability|p1a: Orochimaru|Intimidate|boost\n|-unboost|p2a: Cresselia|atk|1\n|\n|upkeep\n|turn|18\n|\n|t:|1699119616\n|move|p1a: Orochimaru|Toxic|p2a: Cresselia\n|-status|p2a: Cresselia|tox\n|move|p2a: Cresselia|Calm Mind|p2a: Cresselia\n|-boost|p2a: Cresselia|spa|1\n|-boost|p2a: Cresselia|spd|1\n|\n|-damage|p2a: Cresselia|69\/100 tox|[from] psn\n|upkeep\n|turn|19\n|\n|t:|1699119627\n|move|p1a: Orochimaru|Knock Off|p2a: Cresselia\n|-supereffective|p2a: Cresselia\n|-damage|p2a: Cresselia|45\/100 tox\n|-damage|p1a: Orochimaru|69\/100|[from] item: Rocky Helmet|[of] p2a: Cresselia\n|-enditem|p2a: Cresselia|Rocky Helmet|[from] move: Knock Off|[of] p1a: Orochimaru\n|move|p2a: Cresselia|Calm Mind|p2a: Cresselia\n|-boost|p2a: Cresselia|spa|1\n|-boost|p2a: Cresselia|spd|1\n|\n|-damage|p2a: Cresselia|33\/100 tox|[from] psn\n|upkeep\n|turn|20\n|\n|t:|1699119643\n|move|p1a: Orochimaru|Gunk Shot|p2a: Cresselia\n|-damage|p2a: Cresselia|12\/100 tox\n|move|p2a: Cresselia|Moonblast|p1a: Orochimaru\n|-resisted|p1a: Orochimaru\n|-crit|p1a: Orochimaru\n|-damage|p1a: Orochimaru|33\/100\n|\n|-damage|p2a: Cresselia|0 fnt|[from] psn\n|faint|p2a: Cresselia\n|upkeep\n|\n|t:|1699119656\n|switch|p2a: Talonflame|Talonflame, M|100\/100\n|turn|21\n|\n|t:|1699119670\n|switch|p1a: Sakura|Milotic, M, shiny|75\/100 par\n|move|p2a: Talonflame|Swords Dance|p2a: Talonflame\n|-boost|p2a: Talonflame|atk|2\n|\n|upkeep\n|turn|22\n|\n|t:|1699119678\n|move|p2a: Talonflame|Brave Bird|p1a: Sakura\n|-damage|p1a: Sakura|22\/100 par\n|-damage|p2a: Talonflame|77\/100|[from] Recoil\n|move|p1a: Sakura|Scald|p2a: Talonflame\n|-supereffective|p2a: Talonflame\n|-damage|p2a: Talonflame|0 fnt\n|faint|p2a: Talonflame\n|\n|upkeep\n|\n|t:|1699119692\n|switch|p2a: Diancie|Diancie|100\/100\n|turn|23\n|\n|t:|1699119700\n|cant|p1a: Sakura|par\n|move|p2a: Diancie|Trick Room|p2a: Diancie\n|-fieldstart|move: Trick Room|[of] p2a: Diancie\n|\n|upkeep\n|turn|24\n|\n|t:|1699119707\n|move|p1a: Sakura|Recover|p1a: Sakura\n|-heal|p1a: Sakura|72\/100 par\n|move|p2a: Diancie|Diamond Storm|p1a: Sakura\n|-damage|p1a: Sakura|50\/100 par\n|\n|upkeep\n|turn|25\n|\n|t:|1699119720\n|move|p1a: Sakura|Recover|p1a: Sakura\n|-heal|p1a: Sakura|99\/100 par\n|move|p2a: Diancie|Diamond Storm|p1a: Sakura\n|-damage|p1a: Sakura|78\/100 par\n|-boost|p2a: Diancie|def|2\n|\n|upkeep\n|turn|26\n|\n|t:|1699119727\n|cant|p1a: Sakura|par\n|move|p2a: Diancie|Diamond Storm|p1a: Sakura\n|-damage|p1a: Sakura|56\/100 par\n|-boost|p2a: Diancie|def|2\n|\n|upkeep\n|turn|27\n|\n|t:|1699119734\n|cant|p1a: Sakura|par\n|move|p2a: Diancie|Encore|p1a: Sakura\n|-start|p1a: Sakura|Encore\n|\n|-fieldend|move: Trick Room\n|upkeep\n|turn|28\n|\n|t:|1699119742\n|move|p2a: Diancie|Diamond Storm|p1a: Sakura\n|-damage|p1a: Sakura|32\/100 par\n|move|p1a: Sakura|Recover|p1a: Sakura\n|-heal|p1a: Sakura|82\/100 par\n|\n|upkeep\n|turn|29\n|\n|t:|1699119749\n|switch|p1a: Orochimaru|Arbok, F|33\/100\n|-ability|p1a: Orochimaru|Intimidate|boost\n|-fail|p2a: Diancie|unboost|[from] ability: Clear Body|[of] p2a: Diancie\n|move|p2a: Diancie|Moonblast|p1a: Orochimaru\n|-resisted|p1a: Orochimaru\n|-damage|p1a: Orochimaru|15\/100\n|\n|upkeep\n|turn|30\n|\n|t:|1699119761\n|move|p1a: Orochimaru|Rest|p1a: Orochimaru\n|-status|p1a: Orochimaru|slp|[from] move: Rest\n|-heal|p1a: Orochimaru|100\/100 slp|[silent]\n|-enditem|p1a: Orochimaru|Chesto Berry|[eat]\n|-curestatus|p1a: Orochimaru|slp|[msg]\n|move|p2a: Diancie|Diamond Storm|p1a: Orochimaru\n|-damage|p1a: Orochimaru|62\/100\n|-boost|p2a: Diancie|def|2\n|\n|upkeep\n|turn|31\n|\n|t:|1699119775\n|move|p1a: Orochimaru|Toxic|p2a: Diancie\n|-status|p2a: Diancie|tox\n|move|p2a: Diancie|Trick Room|p2a: Diancie\n|-fieldstart|move: Trick Room|[of] p2a: Diancie\n|\n|-damage|p2a: Diancie|94\/100 tox|[from] psn\n|upkeep\n|turn|32\n|\n|t:|1699119783\n|move|p2a: Diancie|Diamond Storm|p1a: Orochimaru\n|-damage|p1a: Orochimaru|20\/100\n|move|p1a: Orochimaru|Knock Off|p2a: Diancie\n|-resisted|p2a: Diancie\n|-crit|p2a: Diancie\n|-damage|p2a: Diancie|84\/100 tox\n|-enditem|p2a: Diancie|Weakness Policy|[from] move: Knock Off|[of] p1a: Orochimaru\n|\n|-damage|p2a: Diancie|71\/100 tox|[from] psn\n|upkeep\n|turn|33\n|\n|t:|1699119797\n|switch|p1a: Sakura|Milotic, M, shiny|82\/100 par\n|move|p2a: Diancie|Diamond Storm|p1a: Sakura\n|-damage|p1a: Sakura|59\/100 par\n|\n|-damage|p2a: Diancie|52\/100 tox|[from] psn\n|upkeep\n|turn|34\n|\n|t:|1699119817\n|cant|p1a: Sakura|par\n|move|p2a: Diancie|Diamond Storm|p1a: Sakura\n|-damage|p1a: Sakura|37\/100 par\n|\n|-damage|p2a: Diancie|27\/100 tox|[from] psn\n|upkeep\n|turn|35\n|j| EnOfFla\n|c| EnOfFla|gl hf euch beiden\n|\n|t:|1699119826\n|cant|p1a: Sakura|par\n|move|p2a: Diancie|Encore||[still]\n|-fail|p2a: Diancie\n|\n|-damage|p2a: Diancie|0 fnt|[from] psn\n|faint|p2a: Diancie\n|-fieldend|move: Trick Room\n|upkeep\n|\n|t:|1699119835\n|switch|p2a: Heatran|Heatran, F|100\/100\n|-item|p2a: Heatran|Air Balloon\n|turn|36\n|\n|t:|1699119846\n|move|p2a: Heatran|Overheat|p1a: Sakura|[miss]\n|-miss|p2a: Heatran|p1a: Sakura\n|move|p1a: Sakura|Recover|p1a: Sakura\n|-heal|p1a: Sakura|87\/100 par\n|\n|upkeep\n|turn|37\n|\n|t:|1699119854\n|move|p2a: Heatran|Earth Power|p1a: Sakura\n|-damage|p1a: Sakura|71\/100 par\n|move|p1a: Sakura|Scald|p2a: Heatran\n|-supereffective|p2a: Heatran\n|-damage|p2a: Heatran|67\/100\n|-enditem|p2a: Heatran|Air Balloon\n|\n|upkeep\n|turn|38\n|\n|t:|1699119864\n|move|p2a: Heatran|Overheat|p1a: Sakura\n|-resisted|p1a: Sakura\n|-damage|p1a: Sakura|54\/100 par\n|-unboost|p2a: Heatran|spa|2\n|move|p1a: Sakura|Scald|p2a: Heatran\n|-supereffective|p2a: Heatran\n|-damage|p2a: Heatran|33\/100\n|\n|upkeep\n|turn|39\n|\n|t:|1699119874\n|switch|p2a: Urshifu|Urshifu-Rapid-Strike, F|54\/100 brn\n|move|p1a: Sakura|Recover|p1a: Sakura\n|-heal|p1a: Sakura|100\/100 par\n|\n|-damage|p2a: Urshifu|48\/100 brn|[from] brn\n|upkeep\n|turn|40\n|\n|t:|1699119886\n|move|p2a: Urshifu|Thunder Punch|p1a: Sakura\n|-supereffective|p1a: Sakura\n|-damage|p1a: Sakura|84\/100 par\n|move|p1a: Sakura|Flip Turn|p2a: Urshifu\n|-resisted|p2a: Urshifu\n|-damage|p2a: Urshifu|41\/100 brn\n|\n|t:|1699119892\n|switch|p1a: Taka|Talonflame, F|100\/100|[from] Flip Turn\n|\n|-damage|p2a: Urshifu|35\/100 brn|[from] brn\n|upkeep\n|turn|41\n|\n|t:|1699119898\n|move|p2a: Urshifu|Thunder Punch|p1a: Taka\n|-supereffective|p1a: Taka\n|-damage|p1a: Taka|75\/100\n|move|p1a: Taka|Hurricane|p2a: Urshifu|[miss]\n|-miss|p1a: Taka|p2a: Urshifu\n|\n|-damage|p2a: Urshifu|28\/100 brn|[from] brn\n|upkeep\n|turn|42\n|\n|t:|1699119908\n|switch|p1a: Sakura|Milotic, M, shiny|84\/100 par\n|move|p2a: Urshifu|Thunder Punch|p1a: Sakura\n|-supereffective|p1a: Sakura\n|-damage|p1a: Sakura|68\/100 par\n|\n|-damage|p2a: Urshifu|22\/100 brn|[from] brn\n|upkeep\n|turn|43\n|\n|t:|1699119916\n|move|p2a: Urshifu|Thunder Punch|p1a: Sakura\n|-supereffective|p1a: Sakura\n|-damage|p1a: Sakura|52\/100 par\n|move|p1a: Sakura|Recover|p1a: Sakura\n|-heal|p1a: Sakura|100\/100 par\n|\n|-damage|p2a: Urshifu|16\/100 brn|[from] brn\n|upkeep\n|turn|44\n|\n|t:|1699119924\n|move|p2a: Urshifu|Thunder Punch|p1a: Sakura\n|-supereffective|p1a: Sakura\n|-damage|p1a: Sakura|84\/100 par\n|move|p1a: Sakura|Ice Beam|p2a: Urshifu\n|-resisted|p2a: Urshifu\n|-damage|p2a: Urshifu|0 fnt\n|faint|p2a: Urshifu\n|\n|upkeep\n|\n|t:|1699119931\n|switch|p2a: Heatran|Heatran, F|33\/100\n|turn|45\n|\n|t:|1699119937\n|move|p2a: Heatran|Earth Power|p1a: Sakura\n|-damage|p1a: Sakura|68\/100 par\n|move|p1a: Sakura|Scald|p2a: Heatran\n|-supereffective|p2a: Heatran\n|-damage|p2a: Heatran|0 fnt\n|faint|p2a: Heatran\n|\n|win|Genesis94\n|c| EnOfFla|gg\n","uploadtime":1699119949,"views":30,"p1id":"genesis94","p2id":"jeremoon","formatid":"gen9anythinggoes","rating":0,"private":0,"password":""}