{"id":"gen9anythinggoes-1998507528","p1":"Dilllll","p2":"LJDARKTHUNDER","format":"[Gen 9] Anything Goes","log":"|j|\u2606Dilllll\n|j|\u2606LJDARKTHUNDER\n|t:|1700950195\n|gametype|singles\n|player|p1|Dilllll|n|1300\n|player|p2|LJDARKTHUNDER|psychicf-gen4|1257\n|teamsize|p1|6\n|teamsize|p2|6\n|gen|9\n|tier|[Gen 9] Anything Goes\n|rated|\n|rule|HP Percentage Mod: HP is shown in percentages\n|rule|Endless Battle Clause: Forcing endless battles is banned\n|clearpoke\n|poke|p1|Volcarona, M|\n|poke|p1|Urshifu-*, M|\n|poke|p1|Mewtwo|\n|poke|p1|Bisharp, M|\n|poke|p1|Vikavolt, F|\n|poke|p1|Annihilape, F|\n|poke|p2|Dragonite, F|\n|poke|p2|Skeledirge, M|\n|poke|p2|Tatsugiri-Stretchy, F|\n|poke|p2|Grafaiai, M|\n|poke|p2|Ursaring, M|\n|poke|p2|Espathra, F|\n|teampreview\n|\n|t:|1700950208\n|start\n|switch|p1a: Vikavolt|Vikavolt, F, shiny|100\/100\n|switch|p2a: Espathra|Espathra, F|100\/100\n|turn|1\n|inactive|Battle timer is ON: inactive players will automatically lose when time's up. (requested by Dilllll)\n|\n|t:|1700950224\n|switch|p2a: Skeledirge|Skeledirge, M|100\/100\n|move|p1a: Vikavolt|Sticky Web|p2a: Skeledirge\n|-sidestart|p2: LJDARKTHUNDER|move: Sticky Web\n|\n|upkeep\n|turn|2\n|\n|t:|1700950233\n|move|p2a: Skeledirge|Torch Song|p1a: Vikavolt\n|-supereffective|p1a: Vikavolt\n|-enditem|p1a: Vikavolt|Focus Sash\n|-damage|p1a: Vikavolt|1\/100\n|-boost|p2a: Skeledirge|spa|1\n|move|p1a: Vikavolt|Discharge|p2a: Skeledirge\n|-damage|p2a: Skeledirge|45\/100\n|-status|p2a: Skeledirge|par\n|\n|upkeep\n|turn|3\n|\n|t:|1700950242\n|move|p1a: Vikavolt|Discharge|p2a: Skeledirge\n|-damage|p2a: Skeledirge|0 fnt\n|faint|p2a: Skeledirge\n|\n|upkeep\n|\n|t:|1700950254\n|switch|p2a: Dragonite|Dragonite, F|100\/100\n|turn|4\n|\n|t:|1700950269\n|move|p2a: Dragonite|Extreme Speed|p1a: Vikavolt\n|-damage|p1a: Vikavolt|0 fnt\n|faint|p1a: Vikavolt\n|\n|upkeep\n|\n|t:|1700950277\n|switch|p1a: Bisharp|Bisharp, M, shiny|100\/100\n|turn|5\n|\n|t:|1700950283\n|move|p2a: Dragonite|Dragon Dance|p2a: Dragonite\n|-boost|p2a: Dragonite|atk|1\n|-boost|p2a: Dragonite|spe|1\n|move|p1a: Bisharp|Swords Dance|p1a: Bisharp\n|-boost|p1a: Bisharp|atk|2\n|\n|upkeep\n|turn|6\n|\n|t:|1700950289\n|move|p2a: Dragonite|Earthquake|p1a: Bisharp\n|-supereffective|p1a: Bisharp\n|-damage|p1a: Bisharp|34\/100\n|move|p1a: Bisharp|Iron Head|p2a: Dragonite\n|-damage|p2a: Dragonite|60\/100\n|\n|upkeep\n|turn|7\n|\n|t:|1700950295\n|move|p2a: Dragonite|Earthquake|p1a: Bisharp\n|-supereffective|p1a: Bisharp\n|-damage|p1a: Bisharp|0 fnt\n|faint|p1a: Bisharp\n|\n|upkeep\n|\n|t:|1700950301\n|switch|p1a: Mewtwo|Mewtwo, shiny|100\/100\n|-ability|p1a: Mewtwo|Unnerve\n|turn|8\n|\n|t:|1700950322\n|move|p2a: Dragonite|Extreme Speed|p1a: Mewtwo\n|-damage|p1a: Mewtwo|60\/100\n|move|p1a: Mewtwo|Psystrike|p2a: Dragonite\n|-damage|p2a: Dragonite|12\/100\n|\n|upkeep\n|turn|9\n|\n|t:|1700950332\n|move|p2a: Dragonite|Extreme Speed|p1a: Mewtwo\n|-damage|p1a: Mewtwo|21\/100\n|move|p1a: Mewtwo|Psystrike|p2a: Dragonite\n|-crit|p2a: Dragonite\n|-damage|p2a: Dragonite|0 fnt\n|faint|p2a: Dragonite\n|\n|upkeep\n|\n|t:|1700950347\n|switch|p2a: Tatsugiri|Tatsugiri-Stretchy, F|100\/100\n|-activate|p2a: Tatsugiri|move: Sticky Web\n|-unboost|p2a: Tatsugiri|spe|1\n|turn|10\n|\n|t:|1700950352\n|move|p1a: Mewtwo|Psystrike|p2a: Tatsugiri\n|-damage|p2a: Tatsugiri|7\/100\n|move|p2a: Tatsugiri|Dragon Pulse|p1a: Mewtwo\n|-damage|p1a: Mewtwo|0 fnt\n|faint|p1a: Mewtwo\n|\n|upkeep\n|\n|t:|1700950362\n|switch|p1a: Urshifu|Urshifu-Rapid-Strike, M|100\/100\n|turn|11\n|\n|t:|1700950366\n|move|p1a: Urshifu|Bulk Up|p1a: Urshifu\n|-boost|p1a: Urshifu|atk|1\n|-boost|p1a: Urshifu|def|1\n|move|p2a: Tatsugiri|Dragon Pulse|p1a: Urshifu\n|-damage|p1a: Urshifu|34\/100\n|\n|upkeep\n|turn|12\n|\n|t:|1700950372\n|move|p1a: Urshifu|Surging Strikes|p2a: Tatsugiri\n|-ability|p2a: Tatsugiri|Storm Drain|boost\n|-boost|p2a: Tatsugiri|spa|1\n|move|p2a: Tatsugiri|Dragon Pulse|p1a: Urshifu\n|-damage|p1a: Urshifu|0 fnt\n|faint|p1a: Urshifu\n|\n|upkeep\n|c|\u2606Dilllll|Shiii\n|\n|t:|1700950385\n|switch|p1a: Volcarona|Volcarona, M, shiny|100\/100\n|turn|13\n|\n|t:|1700950392\n|move|p1a: Volcarona|Bug Buzz|p2a: Tatsugiri\n|-damage|p2a: Tatsugiri|0 fnt\n|faint|p2a: Tatsugiri\n|-damage|p1a: Volcarona|91\/100|[from] item: Life Orb\n|\n|upkeep\n|\n|t:|1700950405\n|switch|p2a: Grafaiai|Grafaiai, M|100\/100\n|-activate|p2a: Grafaiai|move: Sticky Web\n|-unboost|p2a: Grafaiai|spe|1\n|turn|14\n|\n|t:|1700950413\n|move|p2a: Grafaiai|Toxic|p1a: Volcarona\n|-status|p1a: Volcarona|tox\n|move|p1a: Volcarona|Fiery Dance|p2a: Grafaiai\n|-damage|p2a: Grafaiai|47\/100\n|-boost|p1a: Volcarona|spa|1\n|-damage|p1a: Volcarona|81\/100 tox|[from] item: Life Orb\n|\n|-damage|p1a: Volcarona|74\/100 tox|[from] psn\n|upkeep\n|turn|15\n|\n|t:|1700950422\n|move|p2a: Grafaiai|Protect|p2a: Grafaiai\n|-singleturn|p2a: Grafaiai|Protect\n|move|p1a: Volcarona|Fiery Dance|p2a: Grafaiai\n|-activate|p2a: Grafaiai|move: Protect\n|\n|-damage|p1a: Volcarona|62\/100 tox|[from] psn\n|upkeep\n|turn|16\n|\n|t:|1700950430\n|move|p2a: Grafaiai|Substitute|p2a: Grafaiai\n|-start|p2a: Grafaiai|Substitute\n|-damage|p2a: Grafaiai|22\/100\n|move|p1a: Volcarona|Fiery Dance|p2a: Grafaiai\n|-end|p2a: Grafaiai|Substitute\n|-damage|p1a: Volcarona|52\/100 tox|[from] item: Life Orb\n|\n|-damage|p1a: Volcarona|34\/100 tox|[from] psn\n|upkeep\n|turn|17\n|\n|t:|1700950436\n|move|p2a: Grafaiai|Protect|p2a: Grafaiai\n|-singleturn|p2a: Grafaiai|Protect\n|move|p1a: Volcarona|Fiery Dance|p2a: Grafaiai\n|-activate|p2a: Grafaiai|move: Protect\n|\n|-damage|p1a: Volcarona|10\/100 tox|[from] psn\n|upkeep\n|turn|18\n|\n|t:|1700950447\n|switch|p2a: Ursaring|Ursaring, M|100\/100\n|-activate|p2a: Ursaring|move: Sticky Web\n|-unboost|p2a: Ursaring|spe|1\n|move|p1a: Volcarona|Fiery Dance|p2a: Ursaring\n|-damage|p2a: Ursaring|36\/100\n|-boost|p1a: Volcarona|spa|1\n|-damage|p1a: Volcarona|0 fnt|[from] item: Life Orb\n|faint|p1a: Volcarona\n|\n|upkeep\n|\n|t:|1700950459\n|switch|p1a: Annihilape|Annihilape, F|100\/100\n|turn|19\n|\n|t:|1700950463\n|move|p1a: Annihilape|Bulk Up|p1a: Annihilape\n|-boost|p1a: Annihilape|atk|1\n|-boost|p1a: Annihilape|def|1\n|move|p2a: Ursaring|Play Rough|p1a: Annihilape\n|-supereffective|p1a: Annihilape\n|-damage|p1a: Annihilape|56\/100\n|\n|upkeep\n|turn|20\n|\n|t:|1700950481\n|move|p1a: Annihilape|Close Combat|p2a: Ursaring\n|-supereffective|p2a: Ursaring\n|-damage|p2a: Ursaring|0 fnt\n|-unboost|p1a: Annihilape|def|1\n|-unboost|p1a: Annihilape|spd|1\n|faint|p2a: Ursaring\n|\n|upkeep\n|\n|t:|1700950485\n|switch|p2a: Grafaiai|Grafaiai, M|22\/100\n|-activate|p2a: Grafaiai|move: Sticky Web\n|-unboost|p2a: Grafaiai|spe|1\n|turn|21\n|\n|t:|1700950490\n|move|p2a: Grafaiai|Toxic|p1a: Annihilape\n|-status|p1a: Annihilape|tox\n|move|p1a: Annihilape|Close Combat|p2a: Grafaiai\n|-damage|p2a: Grafaiai|0 fnt\n|-unboost|p1a: Annihilape|def|1\n|-unboost|p1a: Annihilape|spd|1\n|faint|p2a: Grafaiai\n|\n|-damage|p1a: Annihilape|50\/100 tox|[from] psn\n|upkeep\n|\n|t:|1700950493\n|switch|p2a: Espathra|Espathra, F|100\/100\n|-activate|p2a: Espathra|move: Sticky Web\n|-unboost|p2a: Espathra|spe|1\n|turn|22\n|\n|t:|1700950509\n|-terastallize|p2a: Espathra|Steel\n|move|p1a: Annihilape|Rage Fist|p2a: Espathra\n|-damage|p2a: Espathra|9\/100\n|move|p2a: Espathra|Substitute|p2a: Espathra\n|-fail|p2a: Espathra|move: Substitute|[weak]\n|\n|-heal|p2a: Espathra|15\/100|[from] item: Leftovers\n|-damage|p1a: Annihilape|38\/100 tox|[from] psn\n|-ability|p2a: Espathra|Speed Boost|boost\n|-boost|p2a: Espathra|spe|1\n|upkeep\n|turn|23\n|\n|t:|1700950516\n|move|p2a: Espathra|Lumina Crash|p1a: Annihilape\n|-supereffective|p1a: Annihilape\n|-damage|p1a: Annihilape|0 fnt\n|faint|p1a: Annihilape\n|\n|win|LJDARKTHUNDER\n|raw|Dilllll's rating: 1300 &rarr; <strong>1272<\/strong><br \/>(-28 for losing)\n|raw|LJDARKTHUNDER's rating: 1257 &rarr; <strong>1285<\/strong><br \/>(+28 for winning)\n|c|\u2606LJDARKTHUNDER|Gg.\n","uploadtime":1700950526,"views":3,"p1id":"dilllll","p2id":"ljdarkthunder","formatid":"gen9anythinggoes","rating":1272,"private":0,"password":""}