{"id":"gen9anythinggoes-1985902272","p1":"gobrightly","p2":"youllknowlosss","format":"[Gen 9] Anything Goes","log":"|j|\u2606gobrightly\n|j|\u2606youllknowlosss\n|t:|1699419939\n|gametype|singles\n|player|p1|gobrightly|rancher|1183\n|player|p2|youllknowlosss|brock|1273\n|teamsize|p1|6\n|teamsize|p2|6\n|gen|9\n|tier|[Gen 9] Anything Goes\n|rated|\n|rule|HP Percentage Mod: HP is shown in percentages\n|rule|Endless Battle Clause: Forcing endless battles is banned\n|clearpoke\n|poke|p1|Salazzle, F|\n|poke|p1|Koraidon|\n|poke|p1|Weavile, M|\n|poke|p1|Electrode-Hisui|\n|poke|p1|Ambipom, F|\n|poke|p1|Hatterene, F|\n|poke|p2|Hatterene, F|\n|poke|p2|Hoopa-Unbound|\n|poke|p2|Calyrex-Ice|\n|poke|p2|Breloom, F|\n|poke|p2|Groudon|\n|poke|p2|Sableye, M|\n|teampreview\n|inactive|Battle timer is ON: inactive players will automatically lose when time's up. (requested by gobrightly)\n|\n|t:|1699419945\n|start\n|switch|p1a: Ambipom|Ambipom, F|100\/100\n|switch|p2a: Breloom|Breloom, F|100\/100\n|turn|1\n|\n|t:|1699419950\n|move|p2a: Breloom|Mach Punch|p1a: Ambipom\n|-supereffective|p1a: Ambipom\n|-damage|p1a: Ambipom|0 fnt\n|faint|p1a: Ambipom\n|\n|upkeep\n|\n|t:|1699419955\n|switch|p1a: Electrode|Electrode-Hisui|100\/100\n|turn|2\n|\n|t:|1699419959\n|move|p2a: Breloom|Mach Punch|p1a: Electrode\n|-damage|p1a: Electrode|50\/100\n|move|p1a: Electrode|Substitute|p1a: Electrode\n|-start|p1a: Electrode|Substitute\n|-damage|p1a: Electrode|25\/100\n|\n|-heal|p1a: Electrode|31\/100|[from] item: Leftovers\n|upkeep\n|turn|3\n|\n|t:|1699419966\n|move|p1a: Electrode|Thunder|p2a: Breloom\n|-resisted|p2a: Breloom\n|-damage|p2a: Breloom|75\/100\n|move|p2a: Breloom|Bullet Seed|p1a: Electrode\n|-resisted|p1a: Electrode\n|-activate|p1a: Electrode|move: Substitute|[damage]\n|-resisted|p1a: Electrode\n|-end|p1a: Electrode|Substitute\n|-resisted|p1a: Electrode\n|-damage|p1a: Electrode|17\/100\n|-resisted|p1a: Electrode\n|-damage|p1a: Electrode|1\/100\n|-hitcount|p1a: Electrode|4\n|\n|-heal|p1a: Electrode|7\/100|[from] item: Leftovers\n|upkeep\n|turn|4\n|\n|t:|1699419974\n|move|p2a: Breloom|Mach Punch|p1a: Electrode\n|-damage|p1a: Electrode|0 fnt\n|faint|p1a: Electrode\n|\n|upkeep\n|\n|t:|1699419978\n|switch|p1a: Koraidon|Koraidon|100\/100\n|-weather|SunnyDay|[from] ability: Orichalcum Pulse|[of] p1a: Koraidon\n|-activate|p1a: Koraidon|Orichalcum Pulse|[source]\n|turn|5\n|\n|t:|1699419986\n|move|p2a: Breloom|Mach Punch|p1a: Koraidon\n|-damage|p1a: Koraidon|69\/100\n|move|p1a: Koraidon|Flare Blitz|p2a: Breloom\n|-supereffective|p2a: Breloom\n|-damage|p2a: Breloom|0 fnt\n|faint|p2a: Breloom\n|-damage|p1a: Koraidon|46\/100|[from] Recoil\n|\n|-weather|SunnyDay|[upkeep]\n|upkeep\n|\n|t:|1699419990\n|switch|p2a: Sableye|Sableye, M|100\/100\n|turn|6\n|\n|t:|1699419995\n|switch|p1a: Hatterene|Hatterene, F|100\/100\n|move|p2a: Sableye|Will-O-Wisp|p1a: Hatterene\n|move|p1a: Hatterene|Will-O-Wisp|p2a: Sableye|[from]ability: Magic Bounce\n|-status|p2a: Sableye|brn\n|\n|-weather|SunnyDay|[upkeep]\n|-damage|p2a: Sableye|95\/100 brn|[from] brn\n|upkeep\n|turn|7\n|\n|t:|1699420007\n|move|p2a: Sableye|Light Screen|p2a: Sableye\n|-sidestart|p2: youllknowlosss|move: Light Screen\n|move|p1a: Hatterene|Shadow Ball|p2a: Sableye\n|-crit|p2a: Sableye\n|-damage|p2a: Sableye|41\/100 brn\n|\n|-weather|SunnyDay|[upkeep]\n|-damage|p2a: Sableye|35\/100 brn|[from] brn\n|upkeep\n|turn|8\n|\n|t:|1699420012\n|switch|p1a: Weavile|Weavile, M|100\/100\n|move|p2a: Sableye|Reflect|p2a: Sableye\n|-sidestart|p2: youllknowlosss|Reflect\n|\n|-weather|SunnyDay|[upkeep]\n|-damage|p2a: Sableye|30\/100 brn|[from] brn\n|upkeep\n|turn|9\n|\n|t:|1699420017\n|switch|p1a: Hatterene|Hatterene, F|100\/100\n|switch|p2a: Calyrex|Calyrex-Ice|100\/100\n|-ability|p2a: Calyrex|As One\n|-ability|p2a: Calyrex|Unnerve\n|\n|-weather|none\n|upkeep\n|turn|10\n|\n|t:|1699420023\n|move|p2a: Calyrex|Glacial Lance|p1a: Hatterene\n|-damage|p1a: Hatterene|16\/100\n|move|p1a: Hatterene|Nuzzle|p2a: Calyrex\n|-damage|p2a: Calyrex|99\/100\n|-status|p2a: Calyrex|par\n|\n|upkeep\n|turn|11\n|\n|t:|1699420029\n|move|p1a: Hatterene|Psychic|p2a: Calyrex\n|-resisted|p2a: Calyrex\n|-damage|p2a: Calyrex|91\/100 par\n|move|p2a: Calyrex|Trick Room|p2a: Calyrex\n|-fieldstart|move: Trick Room|[of] p2a: Calyrex\n|\n|upkeep\n|turn|12\n|\n|t:|1699420042\n|cant|p2a: Calyrex|par\n|move|p1a: Hatterene|Shadow Ball|p2a: Calyrex\n|-supereffective|p2a: Calyrex\n|-damage|p2a: Calyrex|71\/100 par\n|-enditem|p2a: Calyrex|Weakness Policy\n|-boost|p2a: Calyrex|atk|2|[from] item: Weakness Policy\n|-boost|p2a: Calyrex|spa|2|[from] item: Weakness Policy\n|\n|upkeep\n|turn|13\n|\n|t:|1699420050\n|cant|p2a: Calyrex|par\n|move|p1a: Hatterene|Shadow Ball|p2a: Calyrex\n|-supereffective|p2a: Calyrex\n|-damage|p2a: Calyrex|53\/100 par\n|\n|upkeep\n|turn|14\n|\n|t:|1699420055\n|move|p2a: Calyrex|Glacial Lance|p1a: Hatterene\n|-damage|p1a: Hatterene|0 fnt\n|faint|p1a: Hatterene\n|-ability|p2a: Calyrex|Chilling Neigh|boost\n|-boost|p2a: Calyrex|atk|1\n|\n|-sideend|p2: youllknowlosss|move: Light Screen\n|upkeep\n|\n|t:|1699420064\n|switch|p1a: Koraidon|Koraidon|46\/100\n|-weather|SunnyDay|[from] ability: Orichalcum Pulse|[of] p1a: Koraidon\n|-activate|p1a: Koraidon|Orichalcum Pulse|[source]\n|turn|15\n|\n|t:|1699420069\n|-singleturn|p1a: Koraidon|move: Focus Punch\n|cant|p2a: Calyrex|par\n|move|p1a: Koraidon|Focus Punch|p2a: Calyrex\n|-damage|p2a: Calyrex|23\/100 par\n|\n|-weather|SunnyDay|[upkeep]\n|-sideend|p2: youllknowlosss|Reflect\n|-fieldend|move: Trick Room\n|upkeep\n|turn|16\n|\n|t:|1699420079\n|-singleturn|p1a: Koraidon|move: Focus Punch\n|move|p1a: Koraidon|Focus Punch|p2a: Calyrex\n|-damage|p2a: Calyrex|0 fnt\n|faint|p2a: Calyrex\n|\n|-weather|SunnyDay|[upkeep]\n|upkeep\n|\n|t:|1699420083\n|switch|p2a: Sableye|Sableye, M|30\/100 brn\n|turn|17\n|c|\u2606gobrightly|Wow\n|\n|t:|1699420095\n|switch|p1a: Salazzle|Salazzle, F|100\/100\n|move|p2a: Sableye|Reflect|p2a: Sableye\n|-sidestart|p2: youllknowlosss|Reflect\n|\n|-weather|SunnyDay|[upkeep]\n|-damage|p2a: Sableye|24\/100 brn|[from] brn\n|upkeep\n|turn|18\n|\n|t:|1699420101\n|move|p2a: Sableye|Light Screen|p2a: Sableye\n|-sidestart|p2: youllknowlosss|move: Light Screen\n|move|p1a: Salazzle|Flamethrower|p2a: Sableye\n|-crit|p2a: Sableye\n|-damage|p2a: Sableye|0 fnt\n|faint|p2a: Sableye\n|\n|-weather|SunnyDay|[upkeep]\n|upkeep\n|\n|t:|1699420112\n|switch|p2a: Hatterene|Hatterene, F|100\/100\n|turn|19\n|\n|t:|1699420120\n|-terastallize|p1a: Salazzle|Steel\n|move|p1a: Salazzle|Substitute|p1a: Salazzle\n|-start|p1a: Salazzle|Substitute\n|-damage|p1a: Salazzle|76\/100\n|move|p2a: Hatterene|Trick Room|p2a: Hatterene\n|-fieldstart|move: Trick Room|[of] p2a: Hatterene\n|\n|-weather|none\n|-heal|p1a: Salazzle|82\/100|[from] item: Leftovers\n|upkeep\n|turn|20\n|\n|t:|1699420128\n|move|p2a: Hatterene|Mystical Fire|p1a: Salazzle\n|-supereffective|p1a: Salazzle\n|-end|p1a: Salazzle|Substitute\n|move|p1a: Salazzle|Flamethrower|p2a: Hatterene\n|-damage|p2a: Hatterene|83\/100\n|\n|-heal|p1a: Salazzle|88\/100|[from] item: Leftovers\n|upkeep\n|turn|21\n|\n|t:|1699420138\n|move|p2a: Hatterene|Mystical Fire|p1a: Salazzle\n|-supereffective|p1a: Salazzle\n|-damage|p1a: Salazzle|0 fnt\n|faint|p1a: Salazzle\n|\n|upkeep\n|\n|t:|1699420144\n|switch|p1a: Weavile|Weavile, M|100\/100\n|turn|22\n|\n|t:|1699420153\n|switch|p2a: Hoopa|Hoopa-Unbound|100\/100\n|move|p1a: Weavile|Fake Out|p2a: Hoopa\n|-damage|p2a: Hoopa|91\/100\n|\n|upkeep\n|turn|23\n|\n|t:|1699420163\n|move|p2a: Hoopa|Thunderbolt|p1a: Weavile\n|-damage|p1a: Weavile|39\/100\n|move|p1a: Weavile|Brick Break|p2a: Hoopa\n|-sideend|p2: youllknowlosss|Reflect\n|-sideend|p2: youllknowlosss|move: Light Screen\n|-crit|p2a: Hoopa\n|-damage|p2a: Hoopa|35\/100\n|\n|-fieldend|move: Trick Room\n|upkeep\n|turn|24\n|\n|t:|1699420174\n|move|p1a: Weavile|Low Kick|p2a: Hoopa\n|-damage|p2a: Hoopa|0 fnt\n|faint|p2a: Hoopa\n|\n|upkeep\n|inactive|youllknowlosss has 120 seconds left.\n|inactive|youllknowlosss has 90 seconds left.\n|inactive|youllknowlosss has 60 seconds left.\n|inactive|youllknowlosss has 30 seconds left.\n|c|\u2606gobrightly|?\n|inactive|youllknowlosss has 20 seconds left.\n|inactive|youllknowlosss has 15 seconds left.\n|inactive|youllknowlosss has 10 seconds left.\n|c|\u2606gobrightly|Gg\n|inactive|youllknowlosss has 5 seconds left.\n|-message|youllknowlosss lost due to inactivity.\n|\n|win|gobrightly\n|raw|gobrightly's rating: 1183 &rarr; <strong>1214<\/strong><br \/>(+31 for winning)\n|raw|youllknowlosss's rating: 1273 &rarr; <strong>1242<\/strong><br \/>(-31 for losing)\n","uploadtime":1699420333,"views":6,"p1id":"gobrightly","p2id":"youllknowlosss","formatid":"gen9anythinggoes","rating":1214,"private":0,"password":""}