{"id":"gen9anythinggoes-1991755707","p1":"charlytrap","p2":"knjbhvgcfxdzcx","format":"[Gen 9] Anything Goes","log":"|j|\u2606charlytrap\n|j|\u2606knjbhvgcfxdzcx\n|t:|1700111733\n|gametype|singles\n|player|p1|charlytrap|waitress-gen4|1044\n|player|p2|knjbhvgcfxdzcx|pokemonrangerf-gen4|1000\n|teamsize|p1|6\n|teamsize|p2|6\n|gen|9\n|tier|[Gen 9] Anything Goes\n|rated|\n|rule|HP Percentage Mod: HP is shown in percentages\n|rule|Endless Battle Clause: Forcing endless battles is banned\n|clearpoke\n|poke|p1|Gengar, F|\n|poke|p1|Gyarados, F|\n|poke|p1|Slowbro-Galar, F|\n|poke|p1|Samurott-Hisui, M|\n|poke|p1|Roaring Moon|\n|poke|p1|Wigglytuff, F|\n|poke|p2|Spoink, M|\n|poke|p2|Garchomp, M|\n|poke|p2|Jirachi|\n|poke|p2|Iron Treads|\n|poke|p2|Volcarona, F|\n|poke|p2|Iron Valiant|\n|teampreview\n|\n|t:|1700111754\n|start\n|switch|p1a: Slowbro|Slowbro-Galar, F, shiny|100\/100\n|switch|p2a: tinker bell|Jirachi|100\/100\n|turn|1\n|\n|t:|1700111772\n|switch|p2a: jim|Volcarona, F|100\/100\n|move|p1a: Slowbro|Chilling Water|p2a: jim\n|-supereffective|p2a: jim\n|-damage|p2a: jim|73\/100\n|-unboost|p2a: jim|atk|1\n|\n|upkeep\n|turn|2\n|\n|t:|1700111797\n|move|p2a: jim|Bug Buzz|p1a: Slowbro\n|-damage|p1a: Slowbro|42\/100\n|move|p1a: Slowbro|Chilling Water|p2a: jim\n|-supereffective|p2a: jim\n|-damage|p2a: jim|44\/100\n|-unboost|p2a: jim|atk|1\n|\n|upkeep\n|turn|3\n|inactive|Battle timer is ON: inactive players will automatically lose when time's up. (requested by knjbhvgcfxdzcx)\n|\n|t:|1700111808\n|move|p2a: jim|Bug Buzz|p1a: Slowbro\n|-damage|p1a: Slowbro|0 fnt\n|faint|p1a: Slowbro\n|\n|upkeep\n|\n|t:|1700111817\n|switch|p1a: Samurott|Samurott-Hisui, M, shiny|100\/100\n|turn|4\n|\n|t:|1700111842\n|switch|p2a: Foreskin Cutter|Iron Valiant|100\/100\n|-enditem|p2a: Foreskin Cutter|Booster Energy\n|-activate|p2a: Foreskin Cutter|ability: Quark Drive|[fromitem]\n|-start|p2a: Foreskin Cutter|quarkdrivespe\n|move|p1a: Samurott|Aqua Cutter|p2a: Foreskin Cutter\n|-damage|p2a: Foreskin Cutter|57\/100\n|\n|upkeep\n|turn|5\n|\n|t:|1700111853\n|move|p2a: Foreskin Cutter|Close Combat|p1a: Samurott\n|-supereffective|p1a: Samurott\n|-damage|p1a: Samurott|0 fnt\n|-unboost|p2a: Foreskin Cutter|def|1\n|-unboost|p2a: Foreskin Cutter|spd|1\n|faint|p1a: Samurott\n|\n|upkeep\n|\n|t:|1700111857\n|switch|p1a: Gyarados|Gyarados, F, shiny|100\/100\n|-ability|p1a: Gyarados|Intimidate|boost\n|-unboost|p2a: Foreskin Cutter|atk|1\n|turn|6\n|\n|t:|1700111863\n|move|p2a: Foreskin Cutter|Close Combat|p1a: Gyarados\n|-resisted|p1a: Gyarados\n|-damage|p1a: Gyarados|81\/100\n|-unboost|p2a: Foreskin Cutter|def|1\n|-unboost|p2a: Foreskin Cutter|spd|1\n|move|p1a: Gyarados|Earthquake|p2a: Foreskin Cutter\n|-damage|p2a: Foreskin Cutter|0 fnt\n|faint|p2a: Foreskin Cutter\n|-end|p2a: Foreskin Cutter|Quark Drive|[silent]\n|\n|upkeep\n|\n|t:|1700111881\n|switch|p2a: gjom|Iron Treads|100\/100\n|turn|7\n|\n|t:|1700111897\n|move|p1a: Gyarados|Aqua Tail|p2a: gjom\n|-supereffective|p2a: gjom\n|-damage|p2a: gjom|52\/100\n|move|p2a: gjom|Heavy Slam|p1a: Gyarados\n|-resisted|p1a: Gyarados\n|-damage|p1a: Gyarados|72\/100\n|\n|-heal|p2a: gjom|58\/100|[from] item: Leftovers\n|upkeep\n|turn|8\n|inactive|knjbhvgcfxdzcx has 120 seconds left.\n|\n|t:|1700111919\n|move|p2a: gjom|Stealth Rock|p1a: Gyarados\n|-sidestart|p1: charlytrap|move: Stealth Rock\n|move|p1a: Gyarados|Avalanche|p2a: gjom\n|-damage|p2a: gjom|47\/100\n|\n|-heal|p2a: gjom|53\/100|[from] item: Leftovers\n|upkeep\n|turn|9\n|inactive|knjbhvgcfxdzcx has 120 seconds left.\n|\n|t:|1700111929\n|-end|p2a: gjom|Quark Drive|[silent]\n|switch|p2a: tinker bell|Jirachi|100\/100\n|move|p1a: Gyarados|Aqua Tail|p2a: tinker bell\n|-damage|p2a: tinker bell|57\/100\n|\n|upkeep\n|turn|10\n|inactive|knjbhvgcfxdzcx has 120 seconds left.\n|\n|t:|1700111938\n|move|p2a: tinker bell|Healing Wish|p2a: tinker bell\n|faint|p2a: tinker bell\n|move|p1a: Gyarados|Earthquake|p2: tinker bell|[notarget]\n|-fail|p1a: Gyarados\n|\n|upkeep\n|inactive|knjbhvgcfxdzcx has 120 seconds left.\n|\n|t:|1700111944\n|switch|p2a: jim|Volcarona, F|44\/100\n|-heal|p2a: jim|100\/100|[from] move: Healing Wish\n|turn|11\n|\n|t:|1700111951\n|switch|p2a: fatass|Spoink, M, shiny|100\/100\n|move|p1a: Gyarados|Aqua Tail|p2a: fatass\n|-damage|p2a: fatass|20\/100\n|\n|-heal|p2a: fatass|27\/100|[from] item: Leftovers\n|upkeep\n|turn|12\n|\n|t:|1700111960\n|move|p2a: fatass|Protect|p2a: fatass\n|-singleturn|p2a: fatass|Protect\n|move|p1a: Gyarados|Aqua Tail|p2a: fatass\n|-activate|p2a: fatass|move: Protect\n|\n|-heal|p2a: fatass|33\/100|[from] item: Leftovers\n|upkeep\n|turn|13\n|\n|t:|1700111970\n|move|p1a: Gyarados|Iron Head|p2a: fatass\n|-damage|p2a: fatass|0 fnt\n|faint|p2a: fatass\n|\n|upkeep\n|-message|knjbhvgcfxdzcx forfeited.\n|\n|win|charlytrap\n|raw|charlytrap's rating: 1044 &rarr; <strong>1073<\/strong><br \/>(+29 for winning)\n|raw|knjbhvgcfxdzcx's rating: 1000 &rarr; <strong>1000<\/strong><br \/>(+0 for losing)\n|l|\u2606knjbhvgcfxdzcx\n","uploadtime":1700111977,"views":5,"p1id":"charlytrap","p2id":"knjbhvgcfxdzcx","formatid":"gen9anythinggoes","rating":1000,"private":0,"password":""}