{"id":"gen9anythinggoes-1992141136","p1":"Insignificant_Dog","p2":"201700200b","format":"[Gen 9] Anything Goes","log":"|j|\u2606Insignificant_Dog\n|j|\u2606201700200b\n|t:|1700158442\n|gametype|singles\n|player|p1|Insignificant_Dog|cress|1264\n|player|p2|201700200b|sage|1403\n|teamsize|p1|6\n|teamsize|p2|6\n|gen|9\n|tier|[Gen 9] Anything Goes\n|rated|\n|rule|HP Percentage Mod: HP is shown in percentages\n|rule|Endless Battle Clause: Forcing endless battles is banned\n|clearpoke\n|poke|p1|Calyrex-Shadow|\n|poke|p1|Espathra, M|\n|poke|p1|Zoroark-Hisui, M|\n|poke|p1|Kingambit, F|\n|poke|p1|Ceruledge, F|\n|poke|p1|Baxcalibur, M|\n|poke|p2|Koraidon|\n|poke|p2|Gyarados, F|\n|poke|p2|Calyrex-Shadow|\n|poke|p2|Zacian-*|\n|poke|p2|Maushold-Four|\n|poke|p2|Volcarona, M|\n|teampreview\n|\n|t:|1700158454\n|start\n|switch|p1a: Set|Espathra, M, shiny|100\/100\n|switch|p2a: Volcarona|Volcarona, M|100\/100\n|turn|1\n|\n|t:|1700158462\n|move|p1a: Set|Lumina Crash|p2a: Volcarona\n|-damage|p2a: Volcarona|63\/100\n|-unboost|p2a: Volcarona|spd|2\n|move|p2a: Volcarona|Quiver Dance|p2a: Volcarona\n|-boost|p2a: Volcarona|spa|1\n|-boost|p2a: Volcarona|spd|1\n|-boost|p2a: Volcarona|spe|1\n|\n|-heal|p2a: Volcarona|69\/100|[from] item: Leftovers\n|-ability|p1a: Set|Speed Boost|boost\n|-boost|p1a: Set|spe|1\n|upkeep\n|turn|2\n|\n|t:|1700158472\n|move|p1a: Set|Lumina Crash|p2a: Volcarona\n|-damage|p2a: Volcarona|10\/100\n|-unboost|p2a: Volcarona|spd|2\n|move|p2a: Volcarona|Quiver Dance|p2a: Volcarona\n|-boost|p2a: Volcarona|spa|1\n|-boost|p2a: Volcarona|spd|1\n|-boost|p2a: Volcarona|spe|1\n|\n|-heal|p2a: Volcarona|16\/100|[from] item: Leftovers\n|-ability|p1a: Set|Speed Boost|boost\n|-boost|p1a: Set|spe|1\n|upkeep\n|turn|3\n|\n|t:|1700158489\n|move|p1a: Set|Lumina Crash|p2a: Volcarona\n|-damage|p2a: Volcarona|0 fnt\n|faint|p2a: Volcarona\n|\n|-ability|p1a: Set|Speed Boost|boost\n|-boost|p1a: Set|spe|1\n|upkeep\n|\n|t:|1700158494\n|switch|p2a: Calyrex|Calyrex-Shadow|100\/100\n|-ability|p2a: Calyrex|As One\n|-ability|p2a: Calyrex|Unnerve\n|turn|4\n|\n|t:|1700158506\n|move|p1a: Set|Baton Pass|p1a: Set\n|\n|t:|1700158509\n|switch|p1a: Baxcalibur|Baxcalibur, M|100\/100|[from] Baton Pass\n|move|p2a: Calyrex|Agility|p2a: Calyrex\n|-boost|p2a: Calyrex|spe|2\n|\n|upkeep\n|turn|5\n|\n|t:|1700158523\n|move|p2a: Calyrex|Astral Barrage|p1a: Baxcalibur\n|-immune|p1a: Baxcalibur\n|move|p1a: Baxcalibur|Trick|p2a: Calyrex\n|-activate|p1a: Baxcalibur|move: Trick|[of] p2a: Calyrex\n|-item|p2a: Calyrex|Lagging Tail|[from] move: Trick\n|-item|p1a: Baxcalibur|Focus Sash|[from] move: Trick\n|\n|upkeep\n|turn|6\n|\n|t:|1700158533\n|move|p1a: Baxcalibur|Bitter Malice|p2a: Calyrex\n|-supereffective|p2a: Calyrex\n|-damage|p2a: Calyrex|0 fnt\n|faint|p2a: Calyrex\n|\n|upkeep\n|\n|t:|1700158546\n|switch|p2a: Zacian|Zacian-Crowned|100\/100\n|-ability|p2a: Zacian|Intrepid Sword|boost\n|-boost|p2a: Zacian|atk|1\n|turn|7\n|\n|t:|1700158553\n|move|p1a: Baxcalibur|Flamethrower|p2a: Zacian\n|-supereffective|p2a: Zacian\n|-damage|p2a: Zacian|42\/100\n|move|p2a: Zacian|Swords Dance|p2a: Zacian\n|-boost|p2a: Zacian|atk|2\n|\n|upkeep\n|turn|8\n|\n|t:|1700158562\n|move|p1a: Baxcalibur|Flamethrower|p2a: Zacian\n|-supereffective|p2a: Zacian\n|-damage|p2a: Zacian|0 fnt\n|faint|p2a: Zacian\n|\n|upkeep\n|\n|t:|1700158572\n|switch|p2a: Koraidon|Koraidon|100\/100\n|-weather|SunnyDay|[from] ability: Orichalcum Pulse|[of] p2a: Koraidon\n|-activate|p2a: Koraidon|Orichalcum Pulse|[source]\n|turn|9\n|n|!201700200b|201700200b\n|\n|t:|1700158583\n|move|p1a: Baxcalibur|Trick|p2a: Koraidon\n|-activate|p1a: Baxcalibur|move: Trick|[of] p2a: Koraidon\n|-item|p2a: Koraidon|Focus Sash|[from] move: Trick\n|-item|p1a: Baxcalibur|Loaded Dice|[from] move: Trick\n|move|p2a: Koraidon|Scale Shot|p1a: Baxcalibur\n|-damage|p1a: Baxcalibur|69\/100\n|replace|p1a: MandJTV & PM7|Zoroark-Hisui, M, shiny\n|-end|p1a: MandJTV & PM7|Illusion\n|-damage|p1a: MandJTV & PM7|37\/100\n|-damage|p1a: MandJTV & PM7|7\/100\n|-hitcount|p1a: MandJTV & PM7|3\n|-unboost|p2a: Koraidon|def|1\n|-boost|p2a: Koraidon|spe|1\n|\n|-weather|SunnyDay|[upkeep]\n|upkeep\n|turn|10\n|\n|t:|1700158600\n|move|p1a: MandJTV & PM7|Bitter Malice|p2a: Koraidon\n|-damage|p2a: Koraidon|65\/100\n|-unboost|p2a: Koraidon|atk|1\n|move|p2a: Koraidon|Scale Shot|p1a: MandJTV & PM7\n|-damage|p1a: MandJTV & PM7|0 fnt\n|faint|p1a: MandJTV & PM7\n|-hitcount|p1: MandJTV & PM7|1\n|-unboost|p2a: Koraidon|def|1\n|-boost|p2a: Koraidon|spe|1\n|\n|-weather|SunnyDay|[upkeep]\n|upkeep\n|\n|t:|1700158622\n|switch|p1a: IjustWANNAplay|Calyrex-Shadow|100\/100\n|-ability|p1a: IjustWANNAplay|As One\n|-ability|p1a: IjustWANNAplay|Unnerve\n|turn|11\n|\n|t:|1700158630\n|move|p2a: Koraidon|Scale Shot|p1a: IjustWANNAplay\n|-damage|p1a: IjustWANNAplay|86\/100\n|-damage|p1a: IjustWANNAplay|72\/100\n|-hitcount|p1a: IjustWANNAplay|2\n|-unboost|p2a: Koraidon|def|1\n|-boost|p2a: Koraidon|spe|1\n|move|p1a: IjustWANNAplay|Draining Kiss|p2a: Koraidon\n|-supereffective|p2a: Koraidon\n|-damage|p2a: Koraidon|0 fnt\n|-heal|p1a: IjustWANNAplay|100\/100|[from] drain|[of] p2a: Koraidon\n|faint|p2a: Koraidon\n|-ability|p1a: IjustWANNAplay|Grim Neigh|boost\n|-boost|p1a: IjustWANNAplay|spa|1\n|\n|-weather|SunnyDay|[upkeep]\n|upkeep\n|\n|t:|1700158641\n|switch|p2a: Maushold|Maushold-Four|100\/100\n|turn|12\n|\n|t:|1700158650\n|move|p1a: IjustWANNAplay|Energy Ball|p2a: Maushold\n|-damage|p2a: Maushold|20\/100\n|move|p2a: Maushold|Shadow Claw|p1a: IjustWANNAplay\n|-supereffective|p1a: IjustWANNAplay\n|-damage|p1a: IjustWANNAplay|44\/100\n|\n|-weather|SunnyDay|[upkeep]\n|upkeep\n|turn|13\n|\n|t:|1700158658\n|move|p1a: IjustWANNAplay|Draining Kiss|p2a: Maushold\n|-damage|p2a: Maushold|0 fnt\n|-heal|p1a: IjustWANNAplay|59\/100|[from] drain|[of] p2a: Maushold\n|faint|p2a: Maushold\n|-ability|p1a: IjustWANNAplay|Grim Neigh|boost\n|-boost|p1a: IjustWANNAplay|spa|1\n|\n|-weather|none\n|upkeep\n|\n|t:|1700158662\n|switch|p2a: Gyarados|Gyarados, F|100\/100\n|-ability|p2a: Gyarados|Intimidate|boost\n|-unboost|p1a: IjustWANNAplay|atk|1\n|turn|14\n|inactive|Battle timer is ON: inactive players will automatically lose when time's up. (requested by Insignificant_Dog)\n|\n|t:|1700158751\n|move|p1a: IjustWANNAplay|Draining Kiss|p2a: Gyarados\n|-damage|p2a: Gyarados|51\/100\n|-heal|p1a: IjustWANNAplay|96\/100|[from] drain|[of] p2a: Gyarados\n|move|p2a: Gyarados|Outrage|p1a: IjustWANNAplay\n|-damage|p1a: IjustWANNAplay|51\/100\n|\n|upkeep\n|turn|15\n|\n|t:|1700158760\n|move|p1a: IjustWANNAplay|Astral Barrage|p2a: Gyarados\n|-damage|p2a: Gyarados|0 fnt\n|faint|p2a: Gyarados\n|\n|win|Insignificant_Dog\n|raw|Insignificant_Dog's rating: 1264 &rarr; <strong>1299<\/strong><br \/>(+35 for winning)\n|raw|201700200b's rating: 1403 &rarr; <strong>1375<\/strong><br \/>(-28 for losing)\n","uploadtime":1700158583,"views":4,"p1id":"insignificantdog","p2id":"201700200b","formatid":"gen9anythinggoes","rating":1299,"private":0,"password":""}