{"id":"gen9anythinggoes-1985621353","p1":"gengengalixy","p2":"Omegaxy01","format":"[Gen 9] Anything Goes","log":"|j|\u2606gengengalixy\n|j|\u2606Omegaxy01\n|t:|1699389789\n|gametype|singles\n|player|p1|gengengalixy|170|1043\n|player|p2|Omegaxy01|169|1088\n|teamsize|p1|1\n|teamsize|p2|6\n|gen|9\n|tier|[Gen 9] Anything Goes\n|rated|\n|rule|HP Percentage Mod: HP is shown in percentages\n|rule|Endless Battle Clause: Forcing endless battles is banned\n|clearpoke\n|poke|p1|Salamence, M|\n|poke|p2|Heracross, M|\n|poke|p2|Baxcalibur, M|\n|poke|p2|Hatterene, F|\n|poke|p2|Glimmora, M|\n|poke|p2|Rotom-Wash|\n|poke|p2|Chandelure, M|\n|teampreview\n|\n|t:|1699389795\n|start\n|switch|p1a: the mans|Salamence, M|100\/100\n|switch|p2a: Hatterene|Hatterene, F, shiny|100\/100\n|turn|1\n|\n|t:|1699389808\n|-terastallize|p1a: the mans|Fairy\n|move|p1a: the mans|Substitute|p1a: the mans\n|-start|p1a: the mans|Substitute\n|-damage|p1a: the mans|75\/100\n|move|p2a: Hatterene|Trick Room|p2a: Hatterene\n|-fieldstart|move: Trick Room|[of] p2a: Hatterene\n|\n|-heal|p1a: the mans|82\/100|[from] item: Leftovers\n|upkeep\n|turn|2\n|\n|t:|1699389823\n|switch|p2a: Glimmora|Glimmora, M, shiny|100\/100\n|move|p1a: the mans|Dragon Dance|p1a: the mans\n|-boost|p1a: the mans|atk|1\n|-boost|p1a: the mans|spe|1\n|\n|-heal|p1a: the mans|88\/100|[from] item: Leftovers\n|upkeep\n|turn|3\n|c|\u2606gengengalixy|haha\n|c|\u2606gengengalixy|im in danger\n|\n|t:|1699389838\n|move|p2a: Glimmora|Rock Polish|p2a: Glimmora\n|-boost|p2a: Glimmora|spe|2\n|move|p1a: the mans|Earthquake|p2a: Glimmora\n|-supereffective|p2a: Glimmora\n|-damage|p2a: Glimmora|0 fnt\n|-activate|p2a: Glimmora|ability: Toxic Debris\n|-sidestart|p1: gengengalixy|move: Toxic Spikes\n|faint|p2a: Glimmora\n|-ability|p1a: the mans|Moxie|boost\n|-boost|p1a: the mans|atk|1\n|\n|-heal|p1a: the mans|94\/100|[from] item: Leftovers\n|upkeep\n|\n|t:|1699389851\n|switch|p2a: Chandelure|Chandelure, M, shiny|100\/100\n|turn|4\n|\n|t:|1699389859\n|-terastallize|p2a: Chandelure|Normal\n|move|p2a: Chandelure|Minimize|p2a: Chandelure\n|-boost|p2a: Chandelure|evasion|2\n|move|p1a: the mans|Earthquake|p2a: Chandelure\n|-damage|p2a: Chandelure|1\/100\n|\n|-heal|p2a: Chandelure|7\/100|[from] item: Leftovers\n|-heal|p1a: the mans|99\/100|[from] item: Leftovers\n|upkeep\n|turn|5\n|\n|t:|1699389870\n|move|p2a: Chandelure|Minimize|p2a: Chandelure\n|-boost|p2a: Chandelure|evasion|2\n|move|p1a: the mans|Earthquake|p2a: Chandelure\n|-damage|p2a: Chandelure|0 fnt\n|faint|p2a: Chandelure\n|-ability|p1a: the mans|Moxie|boost\n|-boost|p1a: the mans|atk|1\n|\n|-heal|p1a: the mans|100\/100|[from] item: Leftovers\n|-fieldend|move: Trick Room\n|upkeep\n|\n|t:|1699389891\n|switch|p2a: Rotom|Rotom-Wash|100\/100\n|turn|6\n|\n|t:|1699389899\n|move|p1a: the mans|Dual Wingbeat|p2a: Rotom|[miss]\n|-miss|p1a: the mans|p2a: Rotom\n|move|p2a: Rotom|Shadow Ball|p1a: the mans\n|-activate|p1a: the mans|move: Substitute|[damage]\n|\n|upkeep\n|turn|7\n|\n|t:|1699389908\n|move|p1a: the mans|Dual Wingbeat|p2a: Rotom\n|-resisted|p2a: Rotom\n|-damage|p2a: Rotom|65\/100\n|-resisted|p2a: Rotom\n|-damage|p2a: Rotom|29\/100\n|-hitcount|p2a: Rotom|2\n|move|p2a: Rotom|Shadow Ball|p1a: the mans\n|-end|p1a: the mans|Substitute\n|\n|upkeep\n|turn|8\n|\n|t:|1699389921\n|move|p1a: the mans|Substitute|p1a: the mans\n|-start|p1a: the mans|Substitute\n|-damage|p1a: the mans|75\/100\n|move|p2a: Rotom|Discharge|p1a: the mans\n|-end|p1a: the mans|Substitute\n|\n|-heal|p1a: the mans|82\/100|[from] item: Leftovers\n|upkeep\n|turn|9\n|\n|t:|1699389929\n|move|p1a: the mans|Dual Wingbeat|p2a: Rotom\n|-resisted|p2a: Rotom\n|-damage|p2a: Rotom|0 fnt\n|faint|p2a: Rotom\n|-ability|p1a: the mans|Moxie|boost\n|-boost|p1a: the mans|atk|1\n|-hitcount|p2: Rotom|1\n|\n|-heal|p1a: the mans|88\/100|[from] item: Leftovers\n|upkeep\n|\n|t:|1699389954\n|switch|p2a: Baxcalibur|Baxcalibur, M|100\/100\n|turn|10\n|\n|t:|1699389965\n|move|p1a: the mans|Dual Wingbeat|p2a: Baxcalibur\n|-damage|p2a: Baxcalibur|38\/100\n|-damage|p2a: Baxcalibur|0 fnt\n|faint|p2a: Baxcalibur\n|-ability|p1a: the mans|Moxie|boost\n|-boost|p1a: the mans|atk|1\n|-hitcount|p2: Baxcalibur|2\n|\n|-heal|p1a: the mans|94\/100|[from] item: Leftovers\n|upkeep\n|-message|Omegaxy01 forfeited.\n|\n|win|gengengalixy\n|raw|gengengalixy's rating: 1043 &rarr; <strong>1081<\/strong><br \/>(+38 for winning)\n|raw|Omegaxy01's rating: 1088 &rarr; <strong>1062<\/strong><br \/>(-26 for losing)\n|l|\u2606Omegaxy01\n","uploadtime":1699389980,"views":4,"p1id":"gengengalixy","p2id":"omegaxy01","formatid":"gen9anythinggoes","rating":1062,"private":0,"password":""}