{"id":"gen9anythinggoes-1982949811","p1":"BladeSatoshiX","p2":"Dumbfudge","format":"[Gen 9] Anything Goes","log":"|j|\u2606BladeSatoshiX\n|j|\u2606Dumbfudge\n|t:|1699062199\n|gametype|singles\n|player|p1|BladeSatoshiX|drayden|1252\n|player|p2|Dumbfudge|265|1199\n|teamsize|p1|6\n|teamsize|p2|6\n|gen|9\n|tier|[Gen 9] Anything Goes\n|rated|\n|rule|HP Percentage Mod: HP is shown in percentages\n|rule|Endless Battle Clause: Forcing endless battles is banned\n|clearpoke\n|poke|p1|Misdreavus, F|\n|poke|p1|Orthworm, M|\n|poke|p1|Avalugg-Hisui, M|\n|poke|p1|Electrode-Hisui|\n|poke|p1|Dudunsparce-*, M|\n|poke|p1|Toedscruel, M|\n|poke|p2|Giratina|\n|poke|p2|Calyrex-Shadow|\n|poke|p2|Zacian-*|\n|poke|p2|Shaymin-Sky|\n|poke|p2|Ditto|\n|poke|p2|Grimmsnarl, M|\n|teampreview\n|inactive|Battle timer is ON: inactive players will automatically lose when time's up. (requested by BladeSatoshiX)\n|c|\u2606BladeSatoshiX|glhf\n|\n|t:|1699062206\n|start\n|switch|p1a: Orthworm|Orthworm, M, shiny|100\/100\n|switch|p2a: Shaymin|Shaymin-Sky|100\/100\n|turn|1\n|c|\u2606Dumbfudge|Same\n|\n|t:|1699062216\n|move|p2a: Shaymin|Air Slash|p1a: Orthworm\n|-resisted|p1a: Orthworm\n|-damage|p1a: Orthworm|73\/100\n|cant|p1a: Orthworm|flinch\n|\n|upkeep\n|turn|2\n|\n|t:|1699062222\n|move|p2a: Shaymin|Air Slash|p1a: Orthworm\n|-resisted|p1a: Orthworm\n|-damage|p1a: Orthworm|42\/100\n|cant|p1a: Orthworm|flinch\n|\n|upkeep\n|turn|3\n|\n|t:|1699062233\n|move|p2a: Shaymin|Air Slash|p1a: Orthworm\n|-resisted|p1a: Orthworm\n|-crit|p1a: Orthworm\n|-damage|p1a: Orthworm|0 fnt\n|faint|p1a: Orthworm\n|\n|upkeep\n|inactive|BladeSatoshiX has 120 seconds left.\n|\n|t:|1699062259\n|switch|p1a: Misdreavus|Misdreavus, F, shiny|100\/100\n|turn|4\n|\n|t:|1699062268\n|move|p2a: Shaymin|Air Slash|p1a: Misdreavus\n|-damage|p1a: Misdreavus|72\/100\n|cant|p1a: Misdreavus|flinch\n|\n|upkeep\n|turn|5\n|inactive|BladeSatoshiX has 120 seconds left.\n|\n|t:|1699062291\n|move|p2a: Shaymin|Air Slash|p1a: Misdreavus\n|-damage|p1a: Misdreavus|44\/100\n|move|p1a: Misdreavus|Pain Split|p2a: Shaymin\n|-sethp|p2a: Shaymin|70\/100|[from] move: Pain Split|[silent]\n|-sethp|p1a: Misdreavus|76\/100|[from] move: Pain Split\n|\n|upkeep\n|turn|6\n|inactive|BladeSatoshiX has 120 seconds left.\n|\n|t:|1699062299\n|move|p2a: Shaymin|Air Slash|p1a: Misdreavus\n|-damage|p1a: Misdreavus|46\/100\n|cant|p1a: Misdreavus|flinch\n|\n|upkeep\n|turn|7\n|\n|t:|1699062306\n|move|p2a: Shaymin|Air Slash|p1a: Misdreavus\n|-damage|p1a: Misdreavus|18\/100\n|cant|p1a: Misdreavus|flinch\n|\n|upkeep\n|turn|8\n|\n|t:|1699062317\n|switch|p1a: Dudunsparce|Dudunsparce, M, shiny|100\/100\n|move|p2a: Shaymin|Air Slash|p1a: Dudunsparce\n|-damage|p1a: Dudunsparce|75\/100\n|\n|-heal|p1a: Dudunsparce|81\/100|[from] item: Leftovers\n|upkeep\n|turn|9\n|\n|t:|1699062326\n|move|p2a: Shaymin|Air Slash|p1a: Dudunsparce\n|-damage|p1a: Dudunsparce|52\/100\n|cant|p1a: Dudunsparce|flinch\n|\n|-heal|p1a: Dudunsparce|58\/100|[from] item: Leftovers\n|upkeep\n|turn|10\n|\n|t:|1699062337\n|move|p2a: Shaymin|Air Slash|p1a: Dudunsparce\n|-damage|p1a: Dudunsparce|30\/100\n|cant|p1a: Dudunsparce|flinch\n|\n|-heal|p1a: Dudunsparce|36\/100|[from] item: Leftovers\n|upkeep\n|turn|11\n|\n|t:|1699062344\n|move|p2a: Shaymin|Air Slash|p1a: Dudunsparce\n|-damage|p1a: Dudunsparce|10\/100\n|move|p1a: Dudunsparce|Body Slam|p2a: Shaymin\n|-damage|p2a: Shaymin|34\/100\n|\n|-heal|p1a: Dudunsparce|17\/100|[from] item: Leftovers\n|upkeep\n|turn|12\n|c|\u2606BladeSatoshiX|my serene grace didn't activate :(\n|\n|t:|1699062369\n|move|p2a: Shaymin|Air Slash|p1a: Dudunsparce\n|-damage|p1a: Dudunsparce|0 fnt\n|faint|p1a: Dudunsparce\n|\n|upkeep\n|c|\u2606Dumbfudge|Lucky me lol\n|inactive|BladeSatoshiX has 120 seconds left.\n|\n|t:|1699062384\n|switch|p1a: Avalugg|Avalugg-Hisui, M, shiny|100\/100\n|turn|13\n|\n|t:|1699062387\n|move|p2a: Shaymin|Air Slash|p1a: Avalugg\n|-resisted|p1a: Avalugg\n|-damage|p1a: Avalugg|64\/100\n|move|p1a: Avalugg|Avalanche|p2a: Shaymin\n|-supereffective|p2a: Shaymin\n|-damage|p2a: Shaymin|0 fnt\n|faint|p2a: Shaymin\n|\n|upkeep\n|\n|t:|1699062402\n|switch|p2a: Whooping cough|Zacian-Crowned|100\/100\n|-ability|p2a: Whooping cough|Intrepid Sword|boost\n|-boost|p2a: Whooping cough|atk|1\n|turn|14\n|\n|t:|1699062412\n|switch|p1a: Misdreavus|Misdreavus, F, shiny|18\/100\n|-terastallize|p2a: Whooping cough|Steel\n|move|p2a: Whooping cough|Behemoth Blade|p1a: Misdreavus\n|-damage|p1a: Misdreavus|0 fnt\n|faint|p1a: Misdreavus\n|\n|upkeep\n|\n|t:|1699062421\n|switch|p1a: Toedscruel|Toedscruel, M|100\/100\n|turn|15\n|\n|t:|1699062425\n|move|p2a: Whooping cough|Behemoth Blade|p1a: Toedscruel\n|-enditem|p1a: Toedscruel|Focus Sash\n|-damage|p1a: Toedscruel|1\/100\n|move|p1a: Toedscruel|Spore|p2a: Whooping cough\n|-status|p2a: Whooping cough|slp|[from] move: Spore\n|\n|upkeep\n|turn|16\n|\n|t:|1699062438\n|switch|p1a: Electrode|Electrode-Hisui, shiny|100\/100\n|cant|p2a: Whooping cough|slp\n|\n|upkeep\n|turn|17\n|\n|t:|1699062445\n|move|p1a: Electrode|Substitute|p1a: Electrode\n|-start|p1a: Electrode|Substitute\n|-damage|p1a: Electrode|75\/100\n|-curestatus|p2a: Whooping cough|slp|[msg]\n|move|p2a: Whooping cough|Behemoth Blade|p1a: Electrode\n|-resisted|p1a: Electrode\n|-end|p1a: Electrode|Substitute\n|\n|-heal|p1a: Electrode|82\/100|[from] item: Leftovers\n|upkeep\n|turn|18\n|c|\u2606BladeSatoshiX|early wake up too this is not my game luck wise lol\n|\n|t:|1699062464\n|move|p1a: Electrode|Leech Seed|p2a: Whooping cough|[miss]\n|-miss|p1a: Electrode|p2a: Whooping cough\n|move|p2a: Whooping cough|Behemoth Blade|p1a: Electrode\n|-resisted|p1a: Electrode\n|-damage|p1a: Electrode|0 fnt\n|faint|p1a: Electrode\n|\n|upkeep\n|c|\u2606BladeSatoshiX|and 5% miss lmao\n|c|\u2606Dumbfudge|Yeah been there\n|c|\u2606BladeSatoshiX|ok gg\n|c|\u2606Dumbfudge|ur cool\n|\n|t:|1699062482\n|switch|p1a: Avalugg|Avalugg-Hisui, M, shiny|64\/100\n|turn|19\n|\n|t:|1699062486\n|move|p2a: Whooping cough|Behemoth Blade|p1a: Avalugg\n|-supereffective|p1a: Avalugg\n|-damage|p1a: Avalugg|0 fnt\n|faint|p1a: Avalugg\n|\n|upkeep\n|\n|t:|1699062493\n|switch|p1a: Toedscruel|Toedscruel, M|1\/100\n|turn|20\n|\n|t:|1699062496\n|move|p2a: Whooping cough|Behemoth Blade|p1a: Toedscruel\n|-damage|p1a: Toedscruel|0 fnt\n|faint|p1a: Toedscruel\n|\n|win|Dumbfudge\n|raw|BladeSatoshiX's rating: 1252 &rarr; <strong>1223<\/strong><br \/>(-29 for losing)\n|raw|Dumbfudge's rating: 1199 &rarr; <strong>1228<\/strong><br \/>(+29 for winning)\n|c|\u2606BladeSatoshiX|gg\n","uploadtime":1699062511,"views":20,"p1id":"bladesatoshix","p2id":"dumbfudge","formatid":"gen9anythinggoes","rating":1223,"private":0,"password":""}