{"id":"gen9anythinggoes-1980487677","p1":"prof minu","p2":"Flacko2nice","format":"[Gen 9] Anything Goes","log":"|j|\u2606prof minu\n|j|\u2606Flacko2nice\n|t:|1698789661\n|gametype|singles\n|player|p1|prof minu|fennel|\n|player|p2|Flacko2nice|hooligans|\n|teamsize|p1|6\n|teamsize|p2|6\n|gen|9\n|tier|[Gen 9] Anything Goes\n|rule|HP Percentage Mod: HP is shown in percentages\n|rule|Endless Battle Clause: Forcing endless battles is banned\n|clearpoke\n|poke|p1|Morpeko, F|\n|poke|p1|Iron Valiant|\n|poke|p1|Ceruledge, F|\n|poke|p1|Tinkaton, F|\n|poke|p1|Clodsire, M|\n|poke|p1|Basculegion, M|\n|poke|p2|Annihilape, F|\n|poke|p2|Hatterene, F|\n|poke|p2|Volcarona, M|\n|poke|p2|Greninja-*, M|\n|poke|p2|Raichu, M|\n|poke|p2|Grimmsnarl, M|\n|teampreview\n|\n|t:|1698789672\n|start\n|switch|p1a: DRAKE SUCKS|Ceruledge, F|100\/100\n|switch|p2a: Take Care|Hatterene, F|100\/100\n|turn|1\n|j| caligulahar\n|\n|t:|1698789678\n|switch|p2a: 21 Savage|Greninja, M|100\/100\n|move|p1a: DRAKE SUCKS|Swords Dance|p1a: DRAKE SUCKS\n|-boost|p1a: DRAKE SUCKS|atk|2\n|\n|upkeep\n|turn|2\n|\n|t:|1698789688\n|switch|p1a: Ube Sago|Clodsire, M, shiny|100\/100\n|move|p2a: 21 Savage|Water Shuriken|p1a: Ube Sago\n|-immune|p1a: Ube Sago|[from] ability: Water Absorb\n|\n|upkeep\n|turn|3\n|\n|t:|1698789699\n|switch|p2a: Take Care|Hatterene, F|100\/100\n|move|p1a: Ube Sago|Gunk Shot|p2a: Take Care\n|-supereffective|p2a: Take Care\n|-damage|p2a: Take Care|39\/100\n|\n|-heal|p2a: Take Care|45\/100|[from] item: Leftovers\n|upkeep\n|turn|4\n|\n|t:|1698789711\n|move|p2a: Take Care|Psychic|p1a: Ube Sago\n|-supereffective|p1a: Ube Sago\n|-damage|p1a: Ube Sago|50\/100\n|move|p1a: Ube Sago|Gunk Shot|p2a: Take Care|[miss]\n|-miss|p1a: Ube Sago|p2a: Take Care\n|\n|-heal|p2a: Take Care|51\/100|[from] item: Leftovers\n|-heal|p1a: Ube Sago|56\/100|[from] item: Black Sludge\n|upkeep\n|turn|5\n|\n|t:|1698789719\n|move|p1a: Ube Sago|Protect|p1a: Ube Sago\n|-singleturn|p1a: Ube Sago|Protect\n|move|p2a: Take Care|Calm Mind|p2a: Take Care\n|-boost|p2a: Take Care|spa|1\n|-boost|p2a: Take Care|spd|1\n|\n|-heal|p2a: Take Care|57\/100|[from] item: Leftovers\n|-heal|p1a: Ube Sago|62\/100|[from] item: Black Sludge\n|upkeep\n|turn|6\n|\n|t:|1698789750\n|switch|p1a: Warabimochi|Tinkaton, F|100\/100\n|-ability|p1a: Warabimochi|Mold Breaker\n|move|p2a: Take Care|Psychic|p1a: Warabimochi\n|-resisted|p1a: Warabimochi\n|-damage|p1a: Warabimochi|70\/100\n|\n|-heal|p2a: Take Care|63\/100|[from] item: Leftovers\n|upkeep\n|turn|7\n|\n|t:|1698789780\n|-terastallize|p1a: Warabimochi|Steel\n|move|p1a: Warabimochi|Gigaton Hammer|p2a: Take Care\n|-supereffective|p2a: Take Care\n|-damage|p2a: Take Care|0 fnt\n|faint|p2a: Take Care\n|\n|upkeep\n|inactive|Battle timer is ON: inactive players will automatically lose when time's up. (requested by prof minu)\n|\n|t:|1698789812\n|switch|p2a: Hotline Bling|Volcarona, M|100\/100\n|turn|8\n|\n|t:|1698789820\n|switch|p1a: DRAKE SUCKS|Ceruledge, F|100\/100\n|move|p2a: Hotline Bling|Fiery Dance|p1a: DRAKE SUCKS\n|-resisted|p1a: DRAKE SUCKS\n|-damage|p1a: DRAKE SUCKS|73\/100\n|-boost|p2a: Hotline Bling|spa|1\n|\n|upkeep\n|turn|9\n|\n|t:|1698789833\n|switch|p2a: Papi's Home|Raichu, M|100\/100\n|move|p1a: DRAKE SUCKS|Poltergeist|p2a: Papi's Home\n|-activate|p2a: Papi's Home|move: Poltergeist|Life Orb\n|-damage|p2a: Papi's Home|0 fnt\n|faint|p2a: Papi's Home\n|\n|upkeep\n|\n|t:|1698789843\n|switch|p2a: Pain 1993|Grimmsnarl, M, shiny|100\/100\n|turn|10\n|\n|t:|1698789855\n|switch|p1a: Warabimochi|Tinkaton, F, tera:Steel|70\/100\n|-ability|p1a: Warabimochi|Mold Breaker\n|move|p2a: Pain 1993|Reflect|p2a: Pain 1993\n|-sidestart|p2: Flacko2nice|Reflect\n|\n|upkeep\n|turn|11\n|\n|t:|1698789861\n|move|p2a: Pain 1993|Parting Shot|p1a: Warabimochi\n|-unboost|p1a: Warabimochi|atk|1\n|-unboost|p1a: Warabimochi|spa|1\n|\n|t:|1698789866\n|switch|p2a: Hotline Bling|Volcarona, M|100\/100|[from] Parting Shot\n|move|p1a: Warabimochi|Light Screen|p1a: Warabimochi\n|-sidestart|p1: prof minu|move: Light Screen\n|\n|upkeep\n|turn|12\n|\n|t:|1698789871\n|switch|p1a: DRAKE SUCKS|Ceruledge, F|73\/100\n|move|p2a: Hotline Bling|Fiery Dance|p1a: DRAKE SUCKS\n|-resisted|p1a: DRAKE SUCKS\n|-damage|p1a: DRAKE SUCKS|60\/100\n|\n|upkeep\n|turn|13\n|\n|t:|1698789882\n|switch|p2a: 21 Savage|Greninja, M|100\/100\n|move|p1a: DRAKE SUCKS|Swords Dance|p1a: DRAKE SUCKS\n|-boost|p1a: DRAKE SUCKS|atk|2\n|\n|upkeep\n|turn|14\n|\n|t:|1698789895\n|switch|p1a: Ube Sago|Clodsire, M, shiny|62\/100\n|move|p2a: 21 Savage|Water Shuriken|p1a: Ube Sago\n|-heal|p1a: Ube Sago|87\/100|[from] ability: Water Absorb|[of] p2a: 21 Savage\n|\n|-heal|p1a: Ube Sago|93\/100|[from] item: Black Sludge\n|upkeep\n|turn|15\n|\n|t:|1698789902\n|switch|p2a: Pain 1993|Grimmsnarl, M, shiny|100\/100\n|move|p1a: Ube Sago|Toxic|p2a: Pain 1993\n|-status|p2a: Pain 1993|tox\n|\n|-heal|p1a: Ube Sago|99\/100|[from] item: Black Sludge\n|-damage|p2a: Pain 1993|94\/100 tox|[from] psn\n|-sideend|p1: prof minu|move: Light Screen\n|upkeep\n|turn|16\n|\n|t:|1698789913\n|move|p2a: Pain 1993|Light Screen|p2a: Pain 1993\n|-sidestart|p2: Flacko2nice|move: Light Screen\n|move|p1a: Ube Sago|Gunk Shot|p2a: Pain 1993\n|-supereffective|p2a: Pain 1993\n|-damage|p2a: Pain 1993|57\/100 tox\n|\n|-heal|p1a: Ube Sago|100\/100|[from] item: Black Sludge\n|-damage|p2a: Pain 1993|45\/100 tox|[from] psn\n|upkeep\n|turn|17\n|\n|t:|1698789924\n|switch|p2a: 21 Savage|Greninja, M|100\/100\n|move|p1a: Ube Sago|Gunk Shot|p2a: 21 Savage\n|-damage|p2a: 21 Savage|75\/100\n|\n|-sideend|p2: Flacko2nice|Reflect\n|upkeep\n|turn|18\n|\n|t:|1698789931\n|move|p2a: 21 Savage|Grass Knot|p1a: Ube Sago\n|-crit|p1a: Ube Sago\n|-damage|p1a: Ube Sago|71\/100\n|move|p1a: Ube Sago|Toxic|p2a: 21 Savage\n|-status|p2a: 21 Savage|tox\n|\n|-heal|p1a: Ube Sago|77\/100|[from] item: Black Sludge\n|-damage|p2a: 21 Savage|69\/100 tox|[from] psn\n|upkeep\n|turn|19\n|\n|t:|1698789945\n|move|p2a: 21 Savage|Grass Knot|p1a: Ube Sago\n|-damage|p1a: Ube Sago|57\/100\n|move|p1a: Ube Sago|Gunk Shot|p2a: 21 Savage\n|-damage|p2a: 21 Savage|16\/100 tox\n|\n|-heal|p1a: Ube Sago|63\/100|[from] item: Black Sludge\n|-damage|p2a: 21 Savage|4\/100 tox|[from] psn\n|upkeep\n|turn|20\n|\n|t:|1698789954\n|move|p1a: Ube Sago|Protect|p1a: Ube Sago\n|-singleturn|p1a: Ube Sago|Protect\n|move|p2a: 21 Savage|Grass Knot|p1a: Ube Sago\n|-activate|p1a: Ube Sago|move: Protect\n|\n|-heal|p1a: Ube Sago|70\/100|[from] item: Black Sludge\n|-damage|p2a: 21 Savage|0 fnt|[from] psn\n|faint|p2a: 21 Savage\n|upkeep\n|\n|t:|1698789967\n|switch|p2a: Hotline Bling|Volcarona, M|100\/100\n|turn|21\n|\n|t:|1698789982\n|move|p2a: Hotline Bling|Quiver Dance|p2a: Hotline Bling\n|-boost|p2a: Hotline Bling|spa|1\n|-boost|p2a: Hotline Bling|spd|1\n|-boost|p2a: Hotline Bling|spe|1\n|move|p1a: Ube Sago|Toxic|p2a: Hotline Bling\n|-status|p2a: Hotline Bling|tox\n|\n|-heal|p1a: Ube Sago|76\/100|[from] item: Black Sludge\n|-damage|p2a: Hotline Bling|94\/100 tox|[from] psn\n|upkeep\n|turn|22\n|\n|t:|1698789991\n|switch|p1a: DRAKE SUCKS|Ceruledge, F|60\/100\n|move|p2a: Hotline Bling|Fiery Dance|p1a: DRAKE SUCKS\n|-resisted|p1a: DRAKE SUCKS\n|-damage|p1a: DRAKE SUCKS|22\/100\n|-boost|p2a: Hotline Bling|spa|1\n|\n|-damage|p2a: Hotline Bling|82\/100 tox|[from] psn\n|upkeep\n|turn|23\n|\n|t:|1698790001\n|move|p1a: DRAKE SUCKS|Shadow Sneak|p2a: Hotline Bling\n|-damage|p2a: Hotline Bling|44\/100 tox\n|move|p2a: Hotline Bling|Fiery Dance|p1a: DRAKE SUCKS\n|-resisted|p1a: DRAKE SUCKS\n|-damage|p1a: DRAKE SUCKS|0 fnt\n|faint|p1a: DRAKE SUCKS\n|\n|-damage|p2a: Hotline Bling|26\/100 tox|[from] psn\n|-sideend|p2: Flacko2nice|move: Light Screen\n|upkeep\n|inactive|prof minu has 270 seconds left.\n|\n|t:|1698790039\n|switch|p1a: Wagashi|Iron Valiant, shiny|100\/100\n|-enditem|p1a: Wagashi|Booster Energy\n|-activate|p1a: Wagashi|ability: Quark Drive|[fromitem]\n|-start|p1a: Wagashi|quarkdrivespe\n|turn|24\n|inactive|prof minu has 270 seconds left.\n|inactive|Flacko2nice has 270 seconds left.\n|inactive|Flacko2nice has 240 seconds left.\n|inactive|Flacko2nice has 210 seconds left.\n|inactive|prof minu has 240 seconds left.\n|inactive|Flacko2nice has 180 seconds left.\n|inactiveoff|Battle timer is now OFF.\n|\n|t:|1698790277\n|move|p1a: Wagashi|Thunderbolt|p2a: Hotline Bling\n|-damage|p2a: Hotline Bling|5\/100 tox\n|move|p2a: Hotline Bling|Fiery Dance|p1a: Wagashi\n|-damage|p1a: Wagashi|0 fnt\n|faint|p1a: Wagashi\n|-end|p1a: Wagashi|Quark Drive|[silent]\n|\n|-damage|p2a: Hotline Bling|0 fnt|[from] psn\n|faint|p2a: Hotline Bling\n|upkeep\n|\n|t:|1698790307\n|switch|p1a: Dango|Morpeko, F, shiny|100\/100\n|switch|p2a: Pain 1993|Grimmsnarl, M, shiny|45\/100 tox\n|turn|25\n|\n|t:|1698790334\n|move|p1a: Dango|Fake Out|p2a: Pain 1993\n|-damage|p2a: Pain 1993|31\/100 tox\n|cant|p2a: Pain 1993|flinch\n|\n|-damage|p2a: Pain 1993|25\/100 tox|[from] psn\n|-formechange|p1a: Dango|Morpeko-Hangry||[from] ability: Hunger Switch\n|upkeep\n|turn|26\n|\n|t:|1698790346\n|switch|p1a: Warabimochi|Tinkaton, F, tera:Steel|70\/100\n|-ability|p1a: Warabimochi|Mold Breaker\n|move|p2a: Pain 1993|Reflect|p2a: Pain 1993\n|-sidestart|p2: Flacko2nice|Reflect\n|\n|-damage|p2a: Pain 1993|13\/100 tox|[from] psn\n|upkeep\n|turn|27\n|\n|t:|1698790354\n|move|p1a: Warabimochi|Fake Out|p2a: Pain 1993\n|-damage|p2a: Pain 1993|6\/100 tox\n|cant|p2a: Pain 1993|flinch\n|\n|-damage|p2a: Pain 1993|0 fnt|[from] psn\n|faint|p2a: Pain 1993\n|upkeep\n|\n|t:|1698790360\n|switch|p2a: For All The Apes|Annihilape, F, shiny|100\/100\n|turn|28\n|\n|t:|1698790386\n|move|p1a: Warabimochi|Light Screen|p1a: Warabimochi\n|-sidestart|p1: prof minu|move: Light Screen\n|move|p2a: For All The Apes|Bulk Up|p2a: For All The Apes\n|-boost|p2a: For All The Apes|atk|1\n|-boost|p2a: For All The Apes|def|1\n|\n|upkeep\n|turn|29\n|\n|t:|1698790391\n|switch|p1a: Halo Halo|Basculegion, M|100\/100\n|move|p2a: For All The Apes|Bulk Up|p2a: For All The Apes\n|-boost|p2a: For All The Apes|atk|1\n|-boost|p2a: For All The Apes|def|1\n|\n|upkeep\n|turn|30\n|\n|t:|1698790411\n|move|p1a: Halo Halo|Last Respects|p2a: For All The Apes\n|-supereffective|p2a: For All The Apes\n|-damage|p2a: For All The Apes|52\/100\n|move|p2a: For All The Apes|Rage Fist|p1a: Halo Halo\n|-supereffective|p1a: Halo Halo\n|-damage|p1a: Halo Halo|0 fnt\n|faint|p1a: Halo Halo\n|\n|-heal|p2a: For All The Apes|58\/100|[from] item: Leftovers\n|upkeep\n|\n|t:|1698790426\n|switch|p1a: Warabimochi|Tinkaton, F, tera:Steel|70\/100\n|-ability|p1a: Warabimochi|Mold Breaker\n|turn|31\n|\n|t:|1698790439\n|move|p1a: Warabimochi|Play Rough|p2a: For All The Apes\n|-supereffective|p2a: For All The Apes\n|-damage|p2a: For All The Apes|40\/100\n|move|p2a: For All The Apes|Drain Punch|p1a: Warabimochi\n|-supereffective|p1a: Warabimochi\n|-damage|p1a: Warabimochi|0 fnt\n|-heal|p2a: For All The Apes|69\/100|[from] drain|[of] p1a: Warabimochi\n|faint|p1a: Warabimochi\n|\n|-heal|p2a: For All The Apes|75\/100|[from] item: Leftovers\n|upkeep\n|\n|t:|1698790455\n|switch|p1a: Dango|Morpeko, F, shiny|100\/100\n|turn|32\n|\n|t:|1698790466\n|move|p1a: Dango|Psychic Fangs|p2a: For All The Apes\n|-sideend|p2: Flacko2nice|Reflect\n|-supereffective|p2a: For All The Apes\n|-damage|p2a: For All The Apes|53\/100\n|move|p2a: For All The Apes|Drain Punch|p1a: Dango\n|-supereffective|p1a: Dango\n|-enditem|p1a: Dango|Focus Sash\n|-damage|p1a: Dango|1\/100\n|-heal|p2a: For All The Apes|83\/100|[from] drain|[of] p1a: Dango\n|\n|-heal|p2a: For All The Apes|89\/100|[from] item: Leftovers\n|-sideend|p1: prof minu|move: Light Screen\n|-formechange|p1a: Dango|Morpeko-Hangry||[from] ability: Hunger Switch\n|upkeep\n|turn|33\n|\n|t:|1698790485\n|move|p1a: Dango|Aura Wheel|p2a: For All The Apes\n|-damage|p2a: For All The Apes|67\/100\n|-boost|p1a: Dango|spe|1\n|move|p2a: For All The Apes|Bulk Up|p2a: For All The Apes\n|-boost|p2a: For All The Apes|atk|1\n|-boost|p2a: For All The Apes|def|1\n|\n|-heal|p2a: For All The Apes|73\/100|[from] item: Leftovers\n|-formechange|p1a: Dango|Morpeko||[from] ability: Hunger Switch\n|upkeep\n|turn|34\n|\n|t:|1698790499\n|move|p1a: Dango|Psychic Fangs|p2a: For All The Apes\n|-supereffective|p2a: For All The Apes\n|-damage|p2a: For All The Apes|54\/100\n|move|p2a: For All The Apes|Bulk Up|p2a: For All The Apes\n|-boost|p2a: For All The Apes|atk|1\n|-boost|p2a: For All The Apes|def|1\n|\n|-heal|p2a: For All The Apes|60\/100|[from] item: Leftovers\n|-formechange|p1a: Dango|Morpeko-Hangry||[from] ability: Hunger Switch\n|upkeep\n|turn|35\n|\n|t:|1698790509\n|move|p1a: Dango|Psychic Fangs|p2a: For All The Apes\n|-supereffective|p2a: For All The Apes\n|-damage|p2a: For All The Apes|44\/100\n|move|p2a: For All The Apes|Drain Punch|p1a: Dango\n|-supereffective|p1a: Dango\n|-damage|p1a: Dango|0 fnt\n|-heal|p2a: For All The Apes|44\/100|[from] drain|[of] p1a: Dango\n|faint|p1a: Dango\n|\n|-heal|p2a: For All The Apes|50\/100|[from] item: Leftovers\n|upkeep\n|\n|t:|1698790519\n|switch|p1a: Ube Sago|Clodsire, M, shiny|76\/100\n|turn|36\n|\n|t:|1698790530\n|move|p1a: Ube Sago|Protect|p1a: Ube Sago\n|-singleturn|p1a: Ube Sago|Protect\n|move|p2a: For All The Apes|Earthquake|p1a: Ube Sago\n|-activate|p1a: Ube Sago|move: Protect\n|\n|-heal|p2a: For All The Apes|56\/100|[from] item: Leftovers\n|-heal|p1a: Ube Sago|82\/100|[from] item: Black Sludge\n|upkeep\n|turn|37\n|\n|t:|1698790540\n|move|p2a: For All The Apes|Earthquake|p1a: Ube Sago\n|-supereffective|p1a: Ube Sago\n|-damage|p1a: Ube Sago|0 fnt\n|faint|p1a: Ube Sago\n|\n|win|Flacko2nice\n","uploadtime":1698790553,"views":6,"p1id":"profminu","p2id":"flacko2nice","formatid":"gen9anythinggoes","rating":0,"private":0,"password":""}