{"id":"gen9anythinggoes-1994433855","p1":"TheLocalOnion","p2":"dancingnightmare","format":"[Gen 9] Anything Goes","log":"|j|\u2606TheLocalOnion\n|j|\u2606dancingnightmare\n|t:|1700443462\n|gametype|singles\n|player|p1|TheLocalOnion|266|\n|player|p2|dancingnightmare|n|\n|teamsize|p1|6\n|teamsize|p2|6\n|gen|9\n|tier|[Gen 9] Anything Goes\n|rule|HP Percentage Mod: HP is shown in percentages\n|rule|Endless Battle Clause: Forcing endless battles is banned\n|clearpoke\n|poke|p1|Moltres|\n|poke|p1|Golem-Alola, M|\n|poke|p1|Gengar, F|\n|poke|p1|Hydreigon, M|\n|poke|p1|Chesnaught, M|\n|poke|p1|Mew|\n|poke|p2|Roaring Moon|\n|poke|p2|Slither Wing|\n|poke|p2|Iron Moth|\n|poke|p2|Ninetales, F|\n|poke|p2|Meloetta|\n|poke|p2|Decidueye, F|\n|teampreview\n|j| Salty Oshuwatt\n|j| Ryno5311\n|j| FLOOR IT\n|c|\u2606dancingnightmare|glhf\n|\n|t:|1700443529\n|start\n|switch|p1a: Abyss|Gengar, F|100\/100\n|switch|p2a: Ninetales|Ninetales, F|100\/100\n|-weather|SunnyDay|[from] ability: Drought|[of] p2a: Ninetales\n|turn|1\n|c| FLOOR IT|Wow Alexis\n|c| FLOOR IT|No nicknames\n|\n|t:|1700443547\n|move|p1a: Abyss|Toxic Spikes|p2a: Ninetales\n|-sidestart|p2: dancingnightmare|move: Toxic Spikes\n|move|p2a: Ninetales|Memento|p1a: Abyss\n|-unboost|p1a: Abyss|atk|2\n|-unboost|p1a: Abyss|spa|2\n|faint|p2a: Ninetales\n|\n|-weather|SunnyDay|[upkeep]\n|upkeep\n|\n|t:|1700443555\n|switch|p2a: Roaring Moon|Roaring Moon|100\/100\n|-status|p2a: Roaring Moon|psn\n|-activate|p2a: Roaring Moon|ability: Protosynthesis\n|-start|p2a: Roaring Moon|protosynthesisatk\n|turn|2\n|c| Ryno5311|wow\n|c|\u2606dancingnightmare|i forgot\n|c|\u2606dancingnightmare|i thought i did\n|\n|t:|1700443588\n|move|p2a: Roaring Moon|Dragon Dance|p2a: Roaring Moon\n|-boost|p2a: Roaring Moon|atk|1\n|-boost|p2a: Roaring Moon|spe|1\n|move|p1a: Abyss|Toxic Spikes|p2a: Roaring Moon\n|-sidestart|p2: dancingnightmare|move: Toxic Spikes\n|\n|-weather|SunnyDay|[upkeep]\n|-damage|p2a: Roaring Moon|88\/100 psn|[from] psn\n|upkeep\n|turn|3\n|\n|t:|1700443613\n|move|p2a: Roaring Moon|Earthquake|p1a: Abyss\n|-supereffective|p1a: Abyss\n|-damage|p1a: Abyss|0 fnt\n|faint|p1a: Abyss\n|\n|-weather|SunnyDay|[upkeep]\n|-damage|p2a: Roaring Moon|76\/100 psn|[from] psn\n|upkeep\n|\n|t:|1700443642\n|switch|p1a: Aaron Burr|Chesnaught, M|100\/100\n|turn|4\n|\n|t:|1700443653\n|move|p2a: Roaring Moon|Acrobatics|p1a: Aaron Burr\n|-supereffective|p1a: Aaron Burr\n|-damage|p1a: Aaron Burr|0 fnt\n|faint|p1a: Aaron Burr\n|\n|-weather|SunnyDay|[upkeep]\n|-damage|p2a: Roaring Moon|63\/100 psn|[from] psn\n|upkeep\n|\n|t:|1700443674\n|switch|p1a: S.W.A.T.|Golem-Alola, M, shiny|100\/100\n|turn|5\n|\n|t:|1700443683\n|move|p2a: Roaring Moon|Earthquake|p1a: S.W.A.T.\n|-supereffective|p1a: S.W.A.T.\n|-ability|p1a: S.W.A.T.|Sturdy\n|-damage|p1a: S.W.A.T.|1\/100\n|move|p1a: S.W.A.T.|Explosion|p2a: Roaring Moon\n|-damage|p2a: Roaring Moon|0 fnt\n|faint|p1a: S.W.A.T.\n|faint|p2a: Roaring Moon\n|-end|p2a: Roaring Moon|Protosynthesis|[silent]\n|\n|-weather|SunnyDay|[upkeep]\n|upkeep\n|\n|t:|1700443718\n|switch|p2a: Decidueye|Decidueye, F|100\/100\n|switch|p1a: Fawkes|Moltres|100\/100\n|-status|p2a: Decidueye|tox\n|turn|6\n|\n|t:|1700443735\n|move|p1a: Fawkes|Flamethrower|p2a: Decidueye\n|-supereffective|p2a: Decidueye\n|-damage|p2a: Decidueye|0 fnt\n|faint|p2a: Decidueye\n|\n|-weather|SunnyDay|[upkeep]\n|upkeep\n|\n|t:|1700443741\n|switch|p2a: Meloetta|Meloetta|100\/100\n|-status|p2a: Meloetta|tox\n|turn|7\n|\n|t:|1700443773\n|move|p2a: Meloetta|Thunderbolt|p1a: Fawkes\n|-supereffective|p1a: Fawkes\n|-damage|p1a: Fawkes|26\/100\n|-status|p1a: Fawkes|par\n|move|p1a: Fawkes|Flamethrower|p2a: Meloetta\n|-damage|p2a: Meloetta|60\/100 tox\n|\n|-weather|SunnyDay|[upkeep]\n|-damage|p2a: Meloetta|54\/100 tox|[from] psn\n|upkeep\n|turn|8\n|\n|t:|1700443783\n|move|p2a: Meloetta|Thunderbolt|p1a: Fawkes\n|-supereffective|p1a: Fawkes\n|-damage|p1a: Fawkes|0 fnt\n|faint|p1a: Fawkes\n|\n|-weather|none\n|-damage|p2a: Meloetta|42\/100 tox|[from] psn\n|upkeep\n|\n|t:|1700443800\n|switch|p1a: Abominus|Hydreigon, M|100\/100\n|turn|9\n|j| alexwave55\n|\n|t:|1700443815\n|-terastallize|p2a: Meloetta|Fairy\n|move|p1a: Abominus|Draco Meteor|p2a: Meloetta\n|-immune|p2a: Meloetta\n|move|p2a: Meloetta|Dazzling Gleam|p1a: Abominus\n|-supereffective|p1a: Abominus\n|-damage|p1a: Abominus|0 fnt\n|faint|p1a: Abominus\n|\n|-damage|p2a: Meloetta|23\/100 tox|[from] psn\n|upkeep\n|\n|t:|1700443825\n|switch|p1a: Stem Cell|Mew, shiny|100\/100\n|turn|10\n|\n|t:|1700443835\n|move|p1a: Stem Cell|Flamethrower|p2a: Meloetta\n|-damage|p2a: Meloetta|8\/100 tox\n|move|p2a: Meloetta|Dazzling Gleam|p1a: Stem Cell\n|-damage|p1a: Stem Cell|60\/100\n|\n|-damage|p2a: Meloetta|0 fnt|[from] psn\n|faint|p2a: Meloetta\n|upkeep\n|\n|t:|1700443853\n|switch|p2a: Iron Moth|Iron Moth|100\/100\n|-sideend|p2: dancingnightmare|move: Toxic Spikes|[of] p2a: Iron Moth\n|turn|11\n|\n|t:|1700443867\n|move|p2a: Iron Moth|Flamethrower|p1a: Stem Cell\n|-damage|p1a: Stem Cell|21\/100\n|move|p1a: Stem Cell|Psychic|p2a: Iron Moth\n|-supereffective|p2a: Iron Moth\n|-damage|p2a: Iron Moth|0 fnt\n|faint|p2a: Iron Moth\n|-end|p2a: Iron Moth|Quark Drive|[silent]\n|\n|upkeep\n|\n|t:|1700443874\n|switch|p2a: Slither Wing|Slither Wing|100\/100\n|turn|12\n|\n|t:|1700443889\n|move|p1a: Stem Cell|Psychic|p2a: Slither Wing\n|-supereffective|p2a: Slither Wing\n|-damage|p2a: Slither Wing|4\/100\n|move|p2a: Slither Wing|Leech Life|p1a: Stem Cell\n|-supereffective|p1a: Stem Cell\n|-damage|p1a: Stem Cell|0 fnt\n|-heal|p2a: Slither Wing|15\/100|[from] drain|[of] p1a: Stem Cell\n|faint|p1a: Stem Cell\n|\n|win|dancingnightmare\n|l| FLOOR IT\n|c| alexwave55|NOOOOOO\n|c|\u2606dancingnightmare|gg\n|c|\u2606dancingnightmare|very close game there\n|c| alexwave55|that was so close\n|l| alexwave55\n","uploadtime":1700443937,"views":26,"p1id":"thelocalonion","p2id":"dancingnightmare","formatid":"gen9anythinggoes","rating":0,"private":0,"password":""}