{"id":"gen9anythinggoes-1987763829","p1":"Srtdeiji","p2":"I'm papita","format":"[Gen 9] Anything Goes","log":"|j|\u2606Srtdeiji\n|j|\u2606I'm papita\n|t:|1699634736\n|gametype|singles\n|player|p1|Srtdeiji|170|1208\n|player|p2|I'm papita|volo|1077\n|teamsize|p1|6\n|teamsize|p2|6\n|gen|9\n|tier|[Gen 9] Anything Goes\n|rated|\n|rule|HP Percentage Mod: HP is shown in percentages\n|rule|Endless Battle Clause: Forcing endless battles is banned\n|clearpoke\n|poke|p1|Grimmsnarl, M|\n|poke|p1|Kilowattrel, M|\n|poke|p1|Braviary-Hisui, M|\n|poke|p1|Ogerpon-Hearthflame, F|\n|poke|p1|Ogerpon-Wellspring, F|\n|poke|p1|Giratina|\n|poke|p2|Staraptor, F|\n|poke|p2|Staraptor, M|\n|poke|p2|Staraptor, F|\n|poke|p2|Staraptor, F|\n|poke|p2|Staraptor, F|\n|poke|p2|Staraptor, M|\n|teampreview\n|inactive|Battle timer is ON: inactive players will automatically lose when time's up. (requested by Srtdeiji)\n|\n|t:|1699634743\n|start\n|switch|p1a: Grimmsnarl|Grimmsnarl, M|100\/100\n|switch|p2a: Staraptor|Staraptor, M, shiny|100\/100\n|turn|1\n|\n|t:|1699634751\n|move|p1a: Grimmsnarl|Reflect|p1a: Grimmsnarl\n|-sidestart|p1: Srtdeiji|Reflect\n|move|p2a: Staraptor|Brave Bird|p1a: Grimmsnarl\n|-damage|p1a: Grimmsnarl|48\/100\n|-damage|p2a: Staraptor|82\/100|[from] Recoil\n|\n|upkeep\n|turn|2\n|\n|t:|1699634756\n|move|p1a: Grimmsnarl|Light Screen|p1a: Grimmsnarl\n|-sidestart|p1: Srtdeiji|move: Light Screen\n|move|p2a: Staraptor|Brave Bird|p1a: Grimmsnarl\n|-damage|p1a: Grimmsnarl|0 fnt\n|faint|p1a: Grimmsnarl\n|-damage|p2a: Staraptor|65\/100|[from] Recoil\n|\n|upkeep\n|\n|t:|1699634760\n|switch|p1a: Kilowattrel|Kilowattrel, M|100\/100\n|turn|3\n|\n|t:|1699634764\n|move|p1a: Kilowattrel|Tailwind|p1a: Kilowattrel\n|-sidestart|p1: Srtdeiji|move: Tailwind\n|-start|p1a: Kilowattrel|Charge|Tailwind|[from] ability: Wind Power\n|move|p2a: Staraptor|Brave Bird|p1a: Kilowattrel\n|-resisted|p1a: Kilowattrel\n|-damage|p1a: Kilowattrel|54\/100\n|-damage|p2a: Staraptor|51\/100|[from] Recoil\n|\n|upkeep\n|turn|4\n|\n|t:|1699634770\n|move|p1a: Kilowattrel|Discharge|p2a: Staraptor\n|-supereffective|p2a: Staraptor\n|-crit|p2a: Staraptor\n|-damage|p2a: Staraptor|0 fnt\n|faint|p2a: Staraptor\n|-end|p1a: Kilowattrel|Charge|[silent]\n|\n|upkeep\n|\n|t:|1699634775\n|switch|p2a: Staraptor|Staraptor, F, shiny|100\/100\n|turn|5\n|\n|t:|1699634780\n|move|p2a: Staraptor|Quick Attack|p1a: Kilowattrel\n|-damage|p1a: Kilowattrel|37\/100\n|move|p1a: Kilowattrel|Discharge|p2a: Staraptor\n|-supereffective|p2a: Staraptor\n|-damage|p2a: Staraptor|0 fnt\n|faint|p2a: Staraptor\n|\n|upkeep\n|\n|t:|1699634790\n|switch|p2a: Staraptor|Staraptor, M, shiny|100\/100\n|turn|6\n|\n|t:|1699634795\n|-terastallize|p2a: Staraptor|Ground\n|move|p1a: Kilowattrel|Discharge|p2a: Staraptor\n|-immune|p2a: Staraptor\n|move|p2a: Staraptor|Brave Bird|p1a: Kilowattrel\n|-resisted|p1a: Kilowattrel\n|-damage|p1a: Kilowattrel|0 fnt\n|faint|p1a: Kilowattrel\n|-damage|p2a: Staraptor|90\/100|[from] Recoil\n|\n|-sideend|p1: Srtdeiji|move: Tailwind\n|upkeep\n|\n|t:|1699634799\n|switch|p1a: Braviary|Braviary-Hisui, M|100\/100\n|turn|7\n|\n|t:|1699634803\n|move|p2a: Staraptor|Brave Bird|p1a: Braviary\n|-damage|p1a: Braviary|35\/100\n|-damage|p2a: Staraptor|64\/100|[from] Recoil\n|move|p1a: Braviary|Tailwind|p1a: Braviary\n|-sidestart|p1: Srtdeiji|move: Tailwind\n|\n|upkeep\n|turn|8\n|\n|t:|1699634809\n|move|p1a: Braviary|Esper Wing|p2a: Staraptor\n|-crit|p2a: Staraptor\n|-damage|p2a: Staraptor|0 fnt\n|-boost|p1a: Braviary|spe|1\n|faint|p2a: Staraptor\n|\n|-sideend|p1: Srtdeiji|Reflect\n|upkeep\n|\n|t:|1699634814\n|switch|p2a: Staraptor|Staraptor, F, shiny|100\/100\n|turn|9\n|\n|t:|1699634818\n|move|p2a: Staraptor|Quick Attack|p1a: Braviary\n|-damage|p1a: Braviary|0 fnt\n|faint|p1a: Braviary\n|\n|-sideend|p1: Srtdeiji|move: Light Screen\n|upkeep\n|\n|t:|1699634823\n|switch|p1a: Giratina|Giratina|100\/100\n|-ability|p1a: Giratina|Pressure\n|turn|10\n|\n|t:|1699634827\n|switch|p2a: Staraptor|Staraptor, F, shiny|100\/100\n|move|p1a: Giratina|Calm Mind|p1a: Giratina\n|-boost|p1a: Giratina|spa|1\n|-boost|p1a: Giratina|spd|1\n|\n|-sideend|p1: Srtdeiji|move: Tailwind\n|upkeep\n|turn|11\n|\n|t:|1699634835\n|move|p2a: Staraptor|Brave Bird|p1a: Giratina\n|-crit|p1a: Giratina\n|-damage|p1a: Giratina|26\/100\n|-damage|p2a: Staraptor|65\/100|[from] Recoil\n|move|p1a: Giratina|Calm Mind|p1a: Giratina\n|-boost|p1a: Giratina|spa|1\n|-boost|p1a: Giratina|spd|1\n|\n|upkeep\n|turn|12\n|\n|t:|1699634842\n|move|p2a: Staraptor|Brave Bird|p1a: Giratina\n|-damage|p1a: Giratina|0 fnt\n|faint|p1a: Giratina\n|-damage|p2a: Staraptor|54\/100|[from] Recoil\n|\n|upkeep\n|\n|t:|1699634848\n|switch|p1a: Ogerpon|Ogerpon-Wellspring, F|100\/100\n|turn|13\n|\n|t:|1699634852\n|move|p2a: Staraptor|Brave Bird|p1a: Ogerpon\n|-supereffective|p1a: Ogerpon\n|-damage|p1a: Ogerpon|0 fnt\n|faint|p1a: Ogerpon\n|-damage|p2a: Staraptor|22\/100|[from] Recoil\n|\n|upkeep\n|\n|t:|1699634855\n|switch|p1a: Ogerpon|Ogerpon-Hearthflame, F|100\/100\n|-ability|p1a: Ogerpon|Mold Breaker\n|turn|14\n|\n|t:|1699634858\n|-terastallize|p1a: Ogerpon|Fire\n|detailschange|p1a: Ogerpon|Ogerpon-Hearthflame-Tera, F, tera:Fire\n|-ability|p1a: Ogerpon|Embody Aspect (Hearthflame)|boost\n|-boost|p1a: Ogerpon|atk|1\n|move|p2a: Staraptor|Brave Bird|p1a: Ogerpon\n|-damage|p1a: Ogerpon|7\/100\n|-damage|p2a: Staraptor|0 fnt|[from] Recoil\n|faint|p2a: Staraptor\n|move|p1a: Ogerpon|Ivy Cudgel|p2: Staraptor|[notarget]\n|-fail|p1a: Ogerpon\n|\n|upkeep\n|\n|t:|1699634868\n|switch|p2a: Staraptor|Staraptor, F, shiny|100\/100\n|turn|15\n|\n|t:|1699634872\n|move|p2a: Staraptor|Quick Attack|p1a: Ogerpon\n|-damage|p1a: Ogerpon|0 fnt\n|faint|p1a: Ogerpon\n|\n|win|I'm papita\n|raw|Srtdeiji's rating: 1208 &rarr; <strong>1174<\/strong><br \/>(-34 for losing)\n|raw|I&apos;m papita's rating: 1077 &rarr; <strong>1116<\/strong><br \/>(+39 for winning)\n|l|\u2606Srtdeiji\n|c|\u2606I'm papita|gg\n","uploadtime":1699634879,"views":4,"p1id":"srtdeiji","p2id":"impapita","formatid":"gen9anythinggoes","rating":1116,"private":0,"password":""}