{"id":"gen9anythinggoes-1974718194","p1":"Jordyn24","p2":"NightX120","format":"[Gen 9] Anything Goes","log":"|j|\u2606Jordyn24\n|j|\u2606NightX120\n|t:|1698113812\n|gametype|singles\n|player|p1|Jordyn24|ghetsis|1154\n|player|p2|NightX120|cynthia-gen4|1071\n|teamsize|p1|6\n|teamsize|p2|6\n|gen|9\n|tier|[Gen 9] Anything Goes\n|rated|\n|rule|HP Percentage Mod: HP is shown in percentages\n|rule|Endless Battle Clause: Forcing endless battles is banned\n|clearpoke\n|poke|p1|Iron Valiant|\n|poke|p1|Palafin, F|\n|poke|p1|Glimmora, F|\n|poke|p1|Gholdengo|\n|poke|p1|Espathra, M|\n|poke|p1|Chi-Yu|\n|poke|p2|Mimikyu, M|\n|poke|p2|Garchomp, M|\n|poke|p2|Lucario, M|\n|poke|p2|Greninja-*, M|\n|poke|p2|Jirachi|\n|poke|p2|Talonflame, F|\n|teampreview\n|c|\u2606Jordyn24|good luck\n|inactive|Battle timer is ON: inactive players will automatically lose when time's up. (requested by Jordyn24)\n|\n|t:|1698113841\n|start\n|switch|p1a: Espathra|Espathra, M|100\/100\n|switch|p2a: Kamikaze|Talonflame, F|100\/100\n|turn|1\n|c|\u2606NightX120|you too\n|\n|t:|1698113850\n|move|p2a: Kamikaze|Fire Spin|p1a: Espathra\n|-damage|p1a: Espathra|91\/100\n|-activate|p1a: Espathra|move: Fire Spin|[of] p2a: Kamikaze\n|move|p1a: Espathra|Substitute|p1a: Espathra\n|-start|p1a: Espathra|Substitute\n|-end|p1a: Espathra|Fire Spin|[partiallytrapped]|[silent]\n|-damage|p1a: Espathra|66\/100\n|\n|-heal|p1a: Espathra|72\/100|[from] item: Leftovers\n|-ability|p1a: Espathra|Speed Boost|boost\n|-boost|p1a: Espathra|spe|1\n|upkeep\n|turn|2\n|\n|t:|1698113861\n|move|p1a: Espathra|Calm Mind|p1a: Espathra\n|-boost|p1a: Espathra|spa|1\n|-boost|p1a: Espathra|spd|1\n|move|p2a: Kamikaze|U-turn|p1a: Espathra\n|-supereffective|p1a: Espathra\n|-end|p1a: Espathra|Substitute\n|\n|t:|1698113864\n|switch|p2a: Sleepy|Mimikyu, M, shiny|100\/100|[from] U-turn\n|\n|-heal|p1a: Espathra|78\/100|[from] item: Leftovers\n|-ability|p1a: Espathra|Speed Boost|boost\n|-boost|p1a: Espathra|spe|1\n|upkeep\n|turn|3\n|\n|t:|1698113873\n|move|p1a: Espathra|Substitute|p1a: Espathra\n|-start|p1a: Espathra|Substitute\n|-damage|p1a: Espathra|53\/100\n|move|p2a: Sleepy|Shadow Claw|p1a: Espathra\n|-supereffective|p1a: Espathra\n|-end|p1a: Espathra|Substitute\n|\n|-heal|p1a: Espathra|59\/100|[from] item: Leftovers\n|-ability|p1a: Espathra|Speed Boost|boost\n|-boost|p1a: Espathra|spe|1\n|upkeep\n|turn|4\n|\n|t:|1698113881\n|-terastallize|p1a: Espathra|Normal\n|move|p1a: Espathra|Protect|p1a: Espathra\n|-singleturn|p1a: Espathra|Protect\n|move|p2a: Sleepy|Shadow Claw|p1a: Espathra\n|-activate|p1a: Espathra|move: Protect\n|\n|-heal|p1a: Espathra|65\/100|[from] item: Leftovers\n|-ability|p1a: Espathra|Speed Boost|boost\n|-boost|p1a: Espathra|spe|1\n|upkeep\n|turn|5\n|\n|t:|1698113888\n|move|p1a: Espathra|Substitute|p1a: Espathra\n|-start|p1a: Espathra|Substitute\n|-damage|p1a: Espathra|40\/100\n|move|p2a: Sleepy|Drain Punch|p1a: Espathra\n|-supereffective|p1a: Espathra\n|-end|p1a: Espathra|Substitute\n|\n|-heal|p1a: Espathra|46\/100|[from] item: Leftovers\n|-ability|p1a: Espathra|Speed Boost|boost\n|-boost|p1a: Espathra|spe|1\n|upkeep\n|turn|6\n|\n|t:|1698113895\n|move|p1a: Espathra|Protect|p1a: Espathra\n|-singleturn|p1a: Espathra|Protect\n|move|p2a: Sleepy|Drain Punch|p1a: Espathra\n|-activate|p1a: Espathra|move: Protect\n|\n|-heal|p1a: Espathra|52\/100|[from] item: Leftovers\n|-ability|p1a: Espathra|Speed Boost|boost\n|-boost|p1a: Espathra|spe|1\n|upkeep\n|turn|7\n|\n|t:|1698113901\n|move|p1a: Espathra|Substitute|p1a: Espathra\n|-start|p1a: Espathra|Substitute\n|-damage|p1a: Espathra|27\/100\n|move|p2a: Sleepy|Drain Punch|p1a: Espathra\n|-supereffective|p1a: Espathra\n|-end|p1a: Espathra|Substitute\n|\n|-heal|p1a: Espathra|33\/100|[from] item: Leftovers\n|upkeep\n|turn|8\n|\n|t:|1698113907\n|move|p1a: Espathra|Protect|p1a: Espathra\n|-singleturn|p1a: Espathra|Protect\n|move|p2a: Sleepy|Swords Dance|p2a: Sleepy\n|-boost|p2a: Sleepy|atk|2\n|\n|-heal|p1a: Espathra|39\/100|[from] item: Leftovers\n|upkeep\n|turn|9\n|\n|t:|1698113913\n|move|p1a: Espathra|Substitute|p1a: Espathra\n|-start|p1a: Espathra|Substitute\n|-damage|p1a: Espathra|14\/100\n|move|p2a: Sleepy|Drain Punch|p1a: Espathra\n|-supereffective|p1a: Espathra\n|-end|p1a: Espathra|Substitute\n|\n|-heal|p1a: Espathra|20\/100|[from] item: Leftovers\n|upkeep\n|turn|10\n|\n|t:|1698113921\n|move|p1a: Espathra|Baton Pass|p1a: Espathra\n|\n|t:|1698113924\n|switch|p1a: Gholdengo|Gholdengo|100\/100|[from] Baton Pass\n|move|p2a: Sleepy|Drain Punch|p1a: Gholdengo\n|-immune|p1a: Gholdengo\n|\n|upkeep\n|turn|11\n|\n|t:|1698113933\n|-terastallize|p2a: Sleepy|Normal\n|move|p1a: Gholdengo|Shadow Ball|p2a: Sleepy\n|-immune|p2a: Sleepy\n|move|p2a: Sleepy|Shadow Claw|p1a: Gholdengo\n|-supereffective|p1a: Gholdengo\n|-crit|p1a: Gholdengo\n|-damage|p1a: Gholdengo|0 fnt\n|faint|p1a: Gholdengo\n|\n|upkeep\n|\n|t:|1698113944\n|switch|p1a: Chi-Yu|Chi-Yu|100\/100\n|-ability|p1a: Chi-Yu|Beads of Ruin\n|turn|12\n|\n|t:|1698113952\n|move|p1a: Chi-Yu|Dark Pulse|p2a: Sleepy\n|-activate|p2a: Sleepy|ability: Disguise\n|-damage|p2a: Sleepy|100\/100\n|detailschange|p2a: Sleepy|Mimikyu-Busted, M, shiny, tera:Normal\n|-damage|p2a: Sleepy|88\/100|[from] pokemon: Mimikyu-Busted\n|move|p2a: Sleepy|Play Rough|p1a: Chi-Yu\n|-damage|p1a: Chi-Yu|0 fnt\n|faint|p1a: Chi-Yu\n|\n|upkeep\n|\n|t:|1698113957\n|switch|p1a: Glimmora|Glimmora, F|100\/100\n|turn|13\n|\n|t:|1698113968\n|move|p2a: Sleepy|Drain Punch|p1a: Glimmora\n|-damage|p1a: Glimmora|49\/100\n|-heal|p2a: Sleepy|100\/100|[from] drain|[of] p1a: Glimmora\n|-activate|p1a: Glimmora|ability: Toxic Debris\n|-sidestart|p2: NightX120|move: Toxic Spikes\n|move|p1a: Glimmora|Mortal Spin|p2a: Sleepy\n|-damage|p2a: Sleepy|91\/100\n|-status|p2a: Sleepy|psn\n|\n|-damage|p2a: Sleepy|78\/100 psn|[from] psn\n|upkeep\n|turn|14\n|\n|t:|1698113973\n|move|p2a: Sleepy|Drain Punch|p1a: Glimmora\n|-damage|p1a: Glimmora|0 fnt\n|-heal|p2a: Sleepy|100\/100 psn|[from] drain|[of] p1a: Glimmora\n|-activate|p1a: Glimmora|ability: Toxic Debris\n|-sidestart|p2: NightX120|move: Toxic Spikes\n|faint|p1a: Glimmora\n|\n|-damage|p2a: Sleepy|88\/100 psn|[from] psn\n|upkeep\n|\n|t:|1698113981\n|switch|p1a: Iron Valiant|Iron Valiant|100\/100\n|turn|15\n|\n|t:|1698113989\n|move|p1a: Iron Valiant|Aura Sphere|p2a: Sleepy\n|-supereffective|p2a: Sleepy\n|-damage|p2a: Sleepy|0 fnt\n|faint|p2a: Sleepy\n|-damage|p1a: Iron Valiant|91\/100|[from] item: Life Orb\n|\n|upkeep\n|\n|t:|1698113996\n|switch|p2a: Kamikaze|Talonflame, F|100\/100\n|turn|16\n|\n|t:|1698114002\n|move|p2a: Kamikaze|Brave Bird|p1a: Iron Valiant\n|-supereffective|p1a: Iron Valiant\n|-damage|p1a: Iron Valiant|0 fnt\n|faint|p1a: Iron Valiant\n|-end|p1a: Iron Valiant|Quark Drive|[silent]\n|-damage|p2a: Kamikaze|72\/100|[from] Recoil\n|\n|-heal|p2a: Kamikaze|78\/100|[from] item: Leftovers\n|upkeep\n|\n|t:|1698114006\n|switch|p1a: Espathra|Espathra, M, tera:Normal|20\/100\n|turn|17\n|\n|t:|1698114013\n|move|p1a: Espathra|Protect|p1a: Espathra\n|-singleturn|p1a: Espathra|Protect\n|move|p2a: Kamikaze|Brave Bird|p1a: Espathra\n|-activate|p1a: Espathra|move: Protect\n|\n|-heal|p2a: Kamikaze|84\/100|[from] item: Leftovers\n|-heal|p1a: Espathra|26\/100|[from] item: Leftovers\n|-ability|p1a: Espathra|Speed Boost|boost\n|-boost|p1a: Espathra|spe|1\n|upkeep\n|turn|18\n|\n|t:|1698114022\n|move|p1a: Espathra|Substitute|p1a: Espathra\n|-start|p1a: Espathra|Substitute\n|-damage|p1a: Espathra|1\/100\n|move|p2a: Kamikaze|Brave Bird|p1a: Espathra\n|-end|p1a: Espathra|Substitute\n|-damage|p2a: Kamikaze|75\/100|[from] Recoil|[of] p1a: Espathra\n|\n|-heal|p1a: Espathra|7\/100|[from] item: Leftovers\n|-heal|p2a: Kamikaze|81\/100|[from] item: Leftovers\n|-ability|p1a: Espathra|Speed Boost|boost\n|-boost|p1a: Espathra|spe|1\n|upkeep\n|turn|19\n|\n|t:|1698114028\n|move|p1a: Espathra|Baton Pass|p1a: Espathra\n|\n|t:|1698114029\n|switch|p1a: Palafin|Palafin, F|100\/100|[from] Baton Pass\n|move|p2a: Kamikaze|Brave Bird|p1a: Palafin\n|-damage|p1a: Palafin|39\/100\n|-damage|p2a: Kamikaze|57\/100|[from] Recoil\n|\n|-heal|p2a: Kamikaze|63\/100|[from] item: Leftovers\n|upkeep\n|turn|20\n|\n|t:|1698114035\n|move|p1a: Palafin|Jet Punch|p2a: Kamikaze\n|-supereffective|p2a: Kamikaze\n|-damage|p2a: Kamikaze|0 fnt\n|faint|p2a: Kamikaze\n|\n|upkeep\n|\n|t:|1698114045\n|switch|p2a: Nibbles|Garchomp, M, shiny|100\/100\n|-status|p2a: Nibbles|tox\n|turn|21\n|\n|t:|1698114056\n|move|p1a: Palafin|Jet Punch|p2a: Nibbles\n|-damage|p2a: Nibbles|77\/100 tox\n|move|p2a: Nibbles|Dragon Claw|p1a: Palafin\n|-damage|p1a: Palafin|0 fnt\n|faint|p1a: Palafin\n|\n|-damage|p2a: Nibbles|71\/100 tox|[from] psn\n|upkeep\n|\n|t:|1698114060\n|switch|p1a: Espathra|Espathra, M, tera:Normal|7\/100\n|turn|22\n|-message|Jordyn24 forfeited.\n|\n|win|NightX120\n|raw|Jordyn24's rating: 1154 &rarr; <strong>1123<\/strong><br \/>(-31 for losing)\n|raw|NightX120's rating: 1071 &rarr; <strong>1107<\/strong><br \/>(+36 for winning)\n|l|\u2606Jordyn24\n|c|\u2606NightX120|gg\n","uploadtime":1698114074,"views":6,"p1id":"jordyn24","p2id":"nightx120","formatid":"gen9anythinggoes","rating":1107,"private":0,"password":""}