{"id":"gen9anythinggoes-1989359700","p1":"snmpluto","p2":"MAMADEAL","format":"[Gen 9] Anything Goes","log":"|j|\u2606snmpluto\n|j|\u2606MAMADEAL\n|t:|1699840549\n|gametype|singles\n|player|p1|snmpluto|caitlin|\n|player|p2|MAMADEAL|102|\n|teamsize|p1|6\n|teamsize|p2|6\n|gen|9\n|tier|[Gen 9] Anything Goes\n|rule|HP Percentage Mod: HP is shown in percentages\n|rule|Endless Battle Clause: Forcing endless battles is banned\n|clearpoke\n|poke|p1|Giratina-Origin|\n|poke|p1|Meowscarada, M|\n|poke|p1|Palafin, F|\n|poke|p1|Iron Leaves|\n|poke|p1|Meowscarada, F|\n|poke|p1|Groudon|\n|poke|p2|Samurott-Hisui, F|\n|poke|p2|Typhlosion-Hisui, F|\n|poke|p2|Sneasler, F|\n|poke|p2|Glimmora, M|\n|poke|p2|Garganacl, M|\n|poke|p2|Skeledirge, M|\n|teampreview\n|\n|t:|1699840553\n|start\n|switch|p1a: hewo|Meowscarada, F, shiny|100\/100\n|switch|p2a: Glimmora|Glimmora, M|100\/100\n|turn|1\n|\n|t:|1699840560\n|move|p1a: hewo|Substitute|p1a: hewo\n|-start|p1a: hewo|Substitute\n|-damage|p1a: hewo|76\/100\n|move|p2a: Glimmora|Sludge Wave|p1a: hewo\n|-supereffective|p1a: hewo\n|-end|p1a: hewo|Substitute\n|\n|upkeep\n|turn|2\n|\n|t:|1699840566\n|move|p1a: hewo|Toxic Spikes|p2a: Glimmora\n|-sidestart|p2: MAMADEAL|move: Toxic Spikes\n|move|p2a: Glimmora|Sludge Wave|p1a: hewo\n|-supereffective|p1a: hewo\n|-damage|p1a: hewo|0 fnt\n|faint|p1a: hewo\n|\n|upkeep\n|j| Nwapple\n|\n|t:|1699840589\n|switch|p1a: Slowbro|Giratina-Origin, shiny|100\/100\n|turn|3\n|\n|t:|1699840594\n|move|p2a: Glimmora|Stealth Rock|p1a: Slowbro\n|-sidestart|p1: snmpluto|move: Stealth Rock\n|move|p1a: Slowbro|Draco Meteor|p2a: Glimmora\n|-damage|p2a: Glimmora|12\/100\n|-unboost|p1a: Slowbro|spa|2\n|\n|upkeep\n|turn|4\n|\n|t:|1699840626\n|move|p2a: Glimmora|Sludge Wave|p1a: Slowbro\n|-resisted|p1a: Slowbro\n|-damage|p1a: Slowbro|84\/100\n|-status|p1a: Slowbro|psn\n|move|p1a: Slowbro|Shadow Force||[still]\n|-prepare|p1a: Slowbro|Shadow Force\n|\n|-damage|p1a: Slowbro|72\/100 psn|[from] psn\n|upkeep\n|turn|5\n|\n|t:|1699840638\n|move|p2a: Glimmora|Mortal Spin|p1a: Slowbro|[miss]\n|-miss|p2a: Glimmora|p1a: Slowbro\n|move|p1a: Slowbro|Shadow Force|p2a: Glimmora|[from]lockedmove\n|-damage|p2a: Glimmora|0 fnt\n|-activate|p2a: Glimmora|ability: Toxic Debris\n|-sidestart|p1: snmpluto|move: Toxic Spikes\n|faint|p2a: Glimmora\n|\n|-damage|p1a: Slowbro|60\/100 psn|[from] psn\n|upkeep\n|\n|t:|1699840675\n|switch|p2a: Garganacl|Garganacl, M|100\/100\n|turn|6\n|n| Nwapple|nwapple\n|c| Nwapple|Monster!\n|\n|t:|1699840836\n|move|p1a: Slowbro|Earthquake|p2a: Garganacl\n|-supereffective|p2a: Garganacl\n|-damage|p2a: Garganacl|50\/100\n|move|p2a: Garganacl|Salt Cure|p1a: Slowbro\n|-damage|p1a: Slowbro|50\/100 psn\n|-start|p1a: Slowbro|Salt Cure\n|\n|-heal|p2a: Garganacl|56\/100|[from] item: Leftovers\n|-damage|p1a: Slowbro|38\/100 psn|[from] psn\n|-damage|p1a: Slowbro|26\/100 psn|[from] Salt Cure\n|upkeep\n|turn|7\n|\n|t:|1699840847\n|move|p1a: Slowbro|Earthquake|p2a: Garganacl\n|-supereffective|p2a: Garganacl\n|-damage|p2a: Garganacl|6\/100\n|move|p2a: Garganacl|Recover|p2a: Garganacl\n|-heal|p2a: Garganacl|56\/100\n|\n|-heal|p2a: Garganacl|62\/100|[from] item: Leftovers\n|-damage|p1a: Slowbro|13\/100 psn|[from] psn\n|-damage|p1a: Slowbro|1\/100 psn|[from] Salt Cure\n|upkeep\n|turn|8\n|\n|t:|1699840858\n|move|p1a: Slowbro|Shadow Force||[still]\n|-prepare|p1a: Slowbro|Shadow Force\n|move|p2a: Garganacl|Recover|p2a: Garganacl\n|-heal|p2a: Garganacl|100\/100\n|\n|-damage|p1a: Slowbro|0 fnt|[from] psn\n|faint|p1a: Slowbro\n|upkeep\n|c| Nwapple|You should really give back my roles back\n|\n|t:|1699840873\n|switch|p1a: big scary!!!!!|Groudon|100\/100\n|-damage|p1a: big scary!!!!!|94\/100|[from] Stealth Rock\n|-status|p1a: big scary!!!!!|psn\n|-weather|SunnyDay|[from] ability: Drought|[of] p1a: big scary!!!!!\n|turn|9\n|c| Nwapple|GAMEBOY IRON LEAVES\n|c| Nwapple|NOW\n|c| Nwapple|nOW\n|\n|t:|1699840904\n|switch|p2a: Sneasler|Sneasler, F|100\/100\n|-sideend|p2: MAMADEAL|move: Toxic Spikes|[of] p2a: Sneasler\n|move|p1a: big scary!!!!!|Precipice Blades|p2a: Sneasler\n|-supereffective|p2a: Sneasler\n|-damage|p2a: Sneasler|0 fnt\n|faint|p2a: Sneasler\n|\n|-weather|SunnyDay|[upkeep]\n|-damage|p1a: big scary!!!!!|82\/100 psn|[from] psn\n|upkeep\n|\n|t:|1699840941\n|switch|p2a: Samurott|Samurott-Hisui, F|100\/100\n|turn|10\n|\n|t:|1699840948\n|switch|p1a: weed cat|Meowscarada, M|100\/100\n|-damage|p1a: weed cat|88\/100|[from] Stealth Rock\n|-status|p1a: weed cat|psn\n|move|p2a: Samurott|Ceaseless Edge|p1a: weed cat\n|-resisted|p1a: weed cat\n|-damage|p1a: weed cat|36\/100 psn\n|-sidestart|p1: snmpluto|Spikes\n|-damage|p2a: Samurott|91\/100|[from] item: Life Orb\n|\n|-weather|SunnyDay|[upkeep]\n|-heal|p1a: weed cat|42\/100 psn|[from] item: Leftovers\n|-damage|p1a: weed cat|30\/100 psn|[from] psn\n|upkeep\n|turn|11\n|\n|t:|1699840963\n|switch|p2a: Skeledirge|Skeledirge, M|100\/100\n|-terastallize|p1a: weed cat|Poison\n|move|p1a: weed cat|Flower Trick|p2a: Skeledirge\n|-resisted|p2a: Skeledirge\n|-crit|p2a: Skeledirge\n|-damage|p2a: Skeledirge|87\/100\n|\n|-weather|SunnyDay|[upkeep]\n|-heal|p1a: weed cat|36\/100 psn|[from] item: Leftovers\n|-heal|p2a: Skeledirge|93\/100|[from] item: Leftovers\n|-damage|p1a: weed cat|24\/100 psn|[from] psn\n|upkeep\n|turn|12\n|\n|t:|1699840989\n|switch|p1a: i am here!!!|Palafin, F, shiny|100\/100\n|-damage|p1a: i am here!!!|88\/100|[from] Stealth Rock\n|-status|p1a: i am here!!!|psn\n|-damage|p1a: i am here!!!|76\/100 psn|[from] Spikes\n|move|p2a: Skeledirge|Torch Song|p1a: i am here!!!\n|-resisted|p1a: i am here!!!\n|-damage|p1a: i am here!!!|46\/100 psn\n|-boost|p2a: Skeledirge|spa|1\n|\n|-weather|SunnyDay|[upkeep]\n|-heal|p2a: Skeledirge|99\/100|[from] item: Leftovers\n|-damage|p1a: i am here!!!|34\/100 psn|[from] psn\n|upkeep\n|turn|13\n|\n|t:|1699841006\n|detailschange|p1a: i am here!!!|Palafin-Hero, F, shiny\n|switch|p1a: robot thing|Iron Leaves|100\/100\n|-damage|p1a: robot thing|88\/100|[from] Stealth Rock\n|-status|p1a: robot thing|psn\n|-damage|p1a: robot thing|76\/100 psn|[from] Spikes\n|move|p2a: Skeledirge|Torch Song|p1a: robot thing\n|-supereffective|p1a: robot thing\n|-damage|p1a: robot thing|0 fnt\n|-boost|p2a: Skeledirge|spa|1\n|faint|p1a: robot thing\n|-end|p1a: robot thing|Quark Drive|[silent]\n|\n|-weather|none\n|-heal|p2a: Skeledirge|100\/100|[from] item: Leftovers\n|upkeep\n|\n|t:|1699841011\n|switch|p1a: i am here!!!|Palafin-Hero, F, shiny|34\/100 psn\n|-damage|p1a: i am here!!!|21\/100 psn|[from] Stealth Rock\n|-damage|p1a: i am here!!!|9\/100 psn|[from] Spikes\n|-activate|p1a: i am here!!!|ability: Zero to Hero\n|turn|14\n|\n|t:|1699841047\n|move|p1a: i am here!!!|Hydro Pump|p2a: Skeledirge|[miss]\n|-miss|p1a: i am here!!!|p2a: Skeledirge\n|move|p2a: Skeledirge|Slack Off||[still]\n|-fail|p2a: Skeledirge|heal\n|\n|-damage|p1a: i am here!!!|0 fnt|[from] psn\n|faint|p1a: i am here!!!\n|upkeep\n|\n|t:|1699841053\n|switch|p1a: big scary!!!!!|Groudon|82\/100 psn\n|-damage|p1a: big scary!!!!!|76\/100 psn|[from] Stealth Rock\n|-damage|p1a: big scary!!!!!|64\/100 psn|[from] Spikes\n|-weather|SunnyDay|[from] ability: Drought|[of] p1a: big scary!!!!!\n|turn|15\n|\n|t:|1699841060\n|move|p1a: big scary!!!!!|Hammer Arm|p2a: Skeledirge\n|-immune|p2a: Skeledirge\n|move|p2a: Skeledirge|Hex|p1a: big scary!!!!!\n|-damage|p1a: big scary!!!!!|0 fnt\n|faint|p1a: big scary!!!!!\n|\n|-weather|SunnyDay|[upkeep]\n|upkeep\n|\n|t:|1699841068\n|switch|p1a: weed cat|Meowscarada, M, tera:Poison|24\/100 psn\n|-damage|p1a: weed cat|12\/100 psn|[from] Stealth Rock\n|-sideend|p1: snmpluto|move: Toxic Spikes|[of] p1a: weed cat\n|-damage|p1a: weed cat|0 fnt|[from] Spikes\n|faint|p1a: weed cat\n|\n|win|MAMADEAL\n|l|\u2606snmpluto\n","uploadtime":1699841079,"views":9,"p1id":"snmpluto","p2id":"mamadeal","formatid":"gen9anythinggoes","rating":0,"private":0,"password":""}