{"id":"gen9anythinggoes-1973166639","p1":"philj4cat","p2":"mck23","format":"[Gen 9] Anything Goes","log":"|j|\u2606philj4cat\n|j|\u2606mck23\n|t:|1697935000\n|gametype|singles\n|player|p1|philj4cat|shadowtriad|1185\n|player|p2|mck23|cynthia|1094\n|teamsize|p1|6\n|teamsize|p2|6\n|gen|9\n|tier|[Gen 9] Anything Goes\n|rated|\n|rule|HP Percentage Mod: HP is shown in percentages\n|rule|Endless Battle Clause: Forcing endless battles is banned\n|clearpoke\n|poke|p1|Eternatus|\n|poke|p1|Gholdengo|\n|poke|p1|Calyrex-Shadow|\n|poke|p1|Giratina-Origin|\n|poke|p1|Iron Valiant|\n|poke|p1|Zacian-*|\n|poke|p2|Glimmora, F|\n|poke|p2|Annihilape, M|\n|poke|p2|Regieleki|\n|poke|p2|Volcarona, F|\n|poke|p2|Ogerpon-Wellspring, F|\n|poke|p2|Gliscor, M|\n|teampreview\n|inactive|Battle timer is ON: inactive players will automatically lose when time's up. (requested by mck23)\n|\n|t:|1697935026\n|start\n|switch|p1a: Zacian|Zacian-Crowned|100\/100\n|switch|p2a: Batman|Gliscor, M, shiny|100\/100\n|-ability|p1a: Zacian|Intrepid Sword|boost\n|-boost|p1a: Zacian|atk|1\n|turn|1\n|\n|t:|1697935035\n|move|p1a: Zacian|Behemoth Blade|p2a: Batman\n|-damage|p2a: Batman|20\/100\n|move|p2a: Batman|Earthquake|p1a: Zacian\n|-supereffective|p1a: Zacian\n|-damage|p1a: Zacian|31\/100\n|\n|-status|p2a: Batman|tox|[from] item: Toxic Orb\n|upkeep\n|turn|2\n|\n|t:|1697935048\n|switch|p2a: George|Annihilape, M|100\/100\n|move|p1a: Zacian|Behemoth Blade|p2a: George\n|-damage|p2a: George|25\/100\n|\n|upkeep\n|turn|3\n|\n|t:|1697935057\n|move|p1a: Zacian|Behemoth Blade|p2a: George\n|-damage|p2a: George|0 fnt\n|faint|p2a: George\n|\n|upkeep\n|\n|t:|1697935061\n|switch|p2a: Sun|Volcarona, F, shiny|100\/100\n|turn|4\n|\n|t:|1697935068\n|move|p1a: Zacian|Close Combat|p2a: Sun\n|-resisted|p2a: Sun\n|-damage|p2a: Sun|72\/100\n|-unboost|p1a: Zacian|def|1\n|-unboost|p1a: Zacian|spd|1\n|move|p2a: Sun|Quiver Dance|p2a: Sun\n|-boost|p2a: Sun|spa|1\n|-boost|p2a: Sun|spd|1\n|-boost|p2a: Sun|spe|1\n|\n|upkeep\n|turn|5\n|\n|t:|1697935080\n|move|p1a: Zacian|Behemoth Blade|p2a: Sun\n|-resisted|p2a: Sun\n|-damage|p2a: Sun|37\/100\n|move|p2a: Sun|Quiver Dance|p2a: Sun\n|-boost|p2a: Sun|spa|1\n|-boost|p2a: Sun|spd|1\n|-boost|p2a: Sun|spe|1\n|\n|upkeep\n|turn|6\n|\n|t:|1697935088\n|move|p2a: Sun|Fiery Dance|p1a: Zacian\n|-supereffective|p1a: Zacian\n|-damage|p1a: Zacian|0 fnt\n|faint|p1a: Zacian\n|\n|upkeep\n|\n|t:|1697935095\n|switch|p1a: Eternatus|Eternatus|100\/100\n|-ability|p1a: Eternatus|Pressure\n|turn|7\n|\n|t:|1697935100\n|move|p2a: Sun|Fiery Dance|p1a: Eternatus\n|-resisted|p1a: Eternatus\n|-damage|p1a: Eternatus|71\/100\n|-boost|p2a: Sun|spa|1\n|move|p1a: Eternatus|Dynamax Cannon|p2a: Sun\n|-damage|p2a: Sun|11\/100\n|\n|upkeep\n|turn|8\n|\n|t:|1697935109\n|move|p2a: Sun|Leech Life|p1a: Eternatus\n|-resisted|p1a: Eternatus\n|-damage|p1a: Eternatus|64\/100\n|-heal|p2a: Sun|15\/100|[from] drain|[of] p1a: Eternatus\n|move|p1a: Eternatus|Dynamax Cannon|p2a: Sun\n|-damage|p2a: Sun|0 fnt\n|faint|p2a: Sun\n|\n|upkeep\n|\n|t:|1697935113\n|switch|p2a: zip zap|Regieleki|100\/100\n|turn|9\n|\n|t:|1697935126\n|-terastallize|p2a: zip zap|Ice\n|move|p2a: zip zap|Tera Blast|p1a: Eternatus|[anim] Tera Blast Ice\n|-supereffective|p1a: Eternatus\n|-damage|p1a: Eternatus|13\/100\n|move|p1a: Eternatus|Dynamax Cannon|p2a: zip zap\n|-damage|p2a: zip zap|5\/100\n|\n|upkeep\n|turn|10\n|\n|t:|1697935136\n|move|p2a: zip zap|Tera Blast|p1a: Eternatus|[anim] Tera Blast Ice\n|-supereffective|p1a: Eternatus\n|-damage|p1a: Eternatus|0 fnt\n|faint|p1a: Eternatus\n|\n|upkeep\n|\n|t:|1697935143\n|switch|p1a: Gholdengo|Gholdengo, shiny|100\/100\n|turn|11\n|\n|t:|1697935148\n|move|p2a: zip zap|Volt Switch|p1a: Gholdengo\n|-damage|p1a: Gholdengo|46\/100\n|\n|t:|1697935150\n|switch|p2a: Batman|Gliscor, M, shiny|20\/100 tox|[from] Volt Switch\n|move|p1a: Gholdengo|Make It Rain|p2a: Batman\n|-damage|p2a: Batman|0 fnt\n|-unboost|p1a: Gholdengo|spa|1\n|faint|p2a: Batman\n|\n|upkeep\n|\n|t:|1697935158\n|switch|p2a: Shrek's Daughter|Ogerpon-Wellspring, F|100\/100\n|turn|12\n|\n|t:|1697935164\n|move|p2a: Shrek's Daughter|Ivy Cudgel|p1a: Gholdengo\n|-damage|p1a: Gholdengo|0 fnt\n|faint|p1a: Gholdengo\n|\n|upkeep\n|\n|t:|1697935169\n|switch|p1a: Calyrex|Calyrex-Shadow|100\/100\n|-ability|p1a: Calyrex|As One\n|-ability|p1a: Calyrex|Unnerve\n|turn|13\n|\n|t:|1697935176\n|move|p1a: Calyrex|Astral Barrage|p2a: Shrek's Daughter\n|-damage|p2a: Shrek's Daughter|30\/100\n|move|p2a: Shrek's Daughter|Ivy Cudgel|p1a: Calyrex\n|-crit|p1a: Calyrex\n|-damage|p1a: Calyrex|30\/100\n|\n|upkeep\n|turn|14\n|\n|t:|1697935184\n|move|p1a: Calyrex|Astral Barrage|p2a: Shrek's Daughter\n|-damage|p2a: Shrek's Daughter|0 fnt\n|faint|p2a: Shrek's Daughter\n|-ability|p1a: Calyrex|Grim Neigh|boost\n|-boost|p1a: Calyrex|spa|1\n|\n|upkeep\n|\n|t:|1697935187\n|switch|p2a: zip zap|Regieleki, tera:Ice|5\/100\n|turn|15\n|\n|t:|1697935197\n|-terastallize|p1a: Calyrex|Psychic\n|move|p2a: zip zap|Tera Blast|p1a: Calyrex|[anim] Tera Blast Ice\n|-damage|p1a: Calyrex|0 fnt\n|faint|p1a: Calyrex\n|\n|upkeep\n|\n|t:|1697935204\n|switch|p1a: Iron Valiant|Iron Valiant, shiny|100\/100\n|turn|16\n|\n|t:|1697935208\n|move|p2a: zip zap|Volt Switch|p1a: Iron Valiant\n|-damage|p1a: Iron Valiant|27\/100\n|\n|t:|1697935212\n|switch|p2a: Britney|Glimmora, F|100\/100|[from] Volt Switch\n|move|p1a: Iron Valiant|Close Combat|p2a: Britney\n|-damage|p2a: Britney|56\/100\n|-unboost|p1a: Iron Valiant|def|1\n|-unboost|p1a: Iron Valiant|spd|1\n|-activate|p2a: Britney|ability: Toxic Debris\n|-sidestart|p1: philj4cat|move: Toxic Spikes\n|\n|-heal|p2a: Britney|62\/100|[from] item: Black Sludge\n|upkeep\n|turn|17\n|\n|t:|1697935227\n|move|p1a: Iron Valiant|Future Sight|p2a: Britney\n|-start|p1a: Iron Valiant|move: Future Sight\n|move|p2a: Britney|Sludge Bomb|p1a: Iron Valiant\n|-supereffective|p1a: Iron Valiant\n|-damage|p1a: Iron Valiant|0 fnt\n|faint|p1a: Iron Valiant\n|-end|p1a: Iron Valiant|Quark Drive|[silent]\n|\n|-heal|p2a: Britney|68\/100|[from] item: Black Sludge\n|upkeep\n|\n|t:|1697935236\n|switch|p1a: Unbound|Giratina-Origin, shiny|100\/100\n|turn|18\n|\n|t:|1697935241\n|move|p1a: Unbound|Draco Meteor|p2a: Britney\n|-damage|p2a: Britney|1\/100\n|-unboost|p1a: Unbound|spa|2\n|move|p2a: Britney|Power Gem|p1a: Unbound\n|-damage|p1a: Unbound|75\/100\n|\n|-heal|p2a: Britney|7\/100|[from] item: Black Sludge\n|upkeep\n|turn|19\n|\n|t:|1697935253\n|move|p1a: Unbound|Phantom Force||[still]\n|-prepare|p1a: Unbound|Phantom Force\n|move|p2a: Britney|Sludge Bomb|p1a: Unbound|[miss]\n|-miss|p2a: Britney|p1a: Unbound\n|\n|-end|p2a: Britney|move: Future Sight\n|-supereffective|p2a: Britney\n|-crit|p2a: Britney\n|-damage|p2a: Britney|0 fnt\n|faint|p2a: Britney\n|upkeep\n|\n|t:|1697935257\n|switch|p2a: zip zap|Regieleki, tera:Ice|5\/100\n|turn|20\n|\n|t:|1697935265\n|move|p2a: zip zap|Tera Blast|p1a: Unbound|[anim] Tera Blast Ice|[miss]\n|-miss|p2a: zip zap|p1a: Unbound\n|move|p1a: Unbound|Phantom Force|p2a: zip zap|[from]lockedmove\n|-damage|p2a: zip zap|0 fnt\n|faint|p2a: zip zap\n|\n|win|philj4cat\n|raw|philj4cat's rating: 1185 &rarr; <strong>1204<\/strong><br \/>(+19 for winning)\n|raw|mck23's rating: 1094 &rarr; <strong>1076<\/strong><br \/>(-18 for losing)\n|l|\u2606mck23\n","uploadtime":1697935277,"views":8,"p1id":"philj4cat","p2id":"mck23","formatid":"gen9anythinggoes","rating":1076,"private":0,"password":""}