{"id":"gen9anythinggoes-1972051359","p1":"MarceloMonotype","p2":"Mystic2564","format":"[Gen 9] Anything Goes","log":"|j|\u2606MarceloMonotype\n|j|\u2606Mystic2564\n|t:|1697808636\n|gametype|singles\n|player|p1|MarceloMonotype|wattson|1342\n|player|p2|Mystic2564|alec-anime|1318\n|teamsize|p1|6\n|teamsize|p2|6\n|gen|9\n|tier|[Gen 9] Anything Goes\n|rated|\n|rule|HP Percentage Mod: HP is shown in percentages\n|rule|Endless Battle Clause: Forcing endless battles is banned\n|clearpoke\n|poke|p1|Iron Valiant|\n|poke|p1|Magearna|\n|poke|p1|Gardevoir, M|\n|poke|p1|Hatterene, F|\n|poke|p1|Diancie|\n|poke|p1|Scream Tail|\n|poke|p2|Calyrex-Shadow|\n|poke|p2|Mewtwo|\n|poke|p2|Kingambit, M|\n|poke|p2|Crawdaunt, M|\n|poke|p2|Urshifu-*, M|\n|poke|p2|Baxcalibur, F|\n|teampreview\n|inactive|Battle timer is ON: inactive players will automatically lose when time's up. (requested by MarceloMonotype)\n|\n|t:|1697808640\n|start\n|switch|p1a: Hypno|Scream Tail|100\/100\n|switch|p2a: Calyrex|Calyrex-Shadow|100\/100\n|-ability|p2a: Calyrex|As One\n|-ability|p2a: Calyrex|Unnerve\n|-enditem|p1a: Hypno|Booster Energy\n|-activate|p1a: Hypno|ability: Protosynthesis|[fromitem]\n|-start|p1a: Hypno|protosynthesisspe\n|turn|1\n|\n|t:|1697808650\n|move|p1a: Hypno|Thunder Wave|p2a: Calyrex\n|-status|p2a: Calyrex|par\n|move|p2a: Calyrex|Astral Barrage|p1a: Hypno\n|-supereffective|p1a: Hypno\n|-damage|p1a: Hypno|0 fnt\n|faint|p1a: Hypno\n|-end|p1a: Hypno|Protosynthesis|[silent]\n|-ability|p2a: Calyrex|Grim Neigh|boost\n|-boost|p2a: Calyrex|spa|1\n|\n|upkeep\n|\n|t:|1697808659\n|switch|p1a: Athena|Gardevoir, M|100\/100\n|turn|2\n|\n|t:|1697808665\n|move|p1a: Athena|Light Screen|p1a: Athena\n|-sidestart|p1: MarceloMonotype|move: Light Screen\n|move|p2a: Calyrex|Astral Barrage|p1a: Athena\n|-supereffective|p1a: Athena\n|-damage|p1a: Athena|0 fnt\n|faint|p1a: Athena\n|-ability|p2a: Calyrex|Grim Neigh|boost\n|-boost|p2a: Calyrex|spa|1\n|\n|upkeep\n|\n|t:|1697808671\n|switch|p1a: Ares|Iron Valiant|100\/100\n|-enditem|p1a: Ares|Booster Energy\n|-activate|p1a: Ares|ability: Quark Drive|[fromitem]\n|-start|p1a: Ares|quarkdrivespe\n|turn|3\n|\n|t:|1697808680\n|-terastallize|p1a: Ares|Normal\n|move|p1a: Ares|Hex|p2a: Calyrex\n|-supereffective|p2a: Calyrex\n|-damage|p2a: Calyrex|0 fnt\n|faint|p2a: Calyrex\n|\n|upkeep\n|\n|t:|1697808696\n|switch|p2a: Crawdaunt|Crawdaunt, M|100\/100\n|turn|4\n|\n|t:|1697808699\n|move|p1a: Ares|Aura Sphere|p2a: Crawdaunt\n|-supereffective|p2a: Crawdaunt\n|-damage|p2a: Crawdaunt|0 fnt\n|faint|p2a: Crawdaunt\n|\n|upkeep\n|\n|t:|1697808704\n|switch|p2a: Kingambit|Kingambit, M|100\/100\n|-activate|p2a: Kingambit|ability: Supreme Overlord\n|-start|p2a: Kingambit|fallen2|[silent]\n|turn|5\n|\n|t:|1697808708\n|move|p1a: Ares|Aura Sphere|p2a: Kingambit\n|-supereffective|p2a: Kingambit\n|-crit|p2a: Kingambit\n|-damage|p2a: Kingambit|0 fnt\n|faint|p2a: Kingambit\n|-end|p2a: Kingambit|fallen2|[silent]\n|\n|upkeep\n|\n|t:|1697808713\n|switch|p2a: Mewtwo|Mewtwo, shiny|100\/100\n|-ability|p2a: Mewtwo|Unnerve\n|turn|6\n|\n|t:|1697808718\n|move|p1a: Ares|Hex|p2a: Mewtwo\n|-supereffective|p2a: Mewtwo\n|-damage|p2a: Mewtwo|53\/100\n|move|p2a: Mewtwo|Psystrike|p1a: Ares\n|-damage|p1a: Ares|64\/100\n|\n|upkeep\n|turn|7\n|\n|t:|1697808727\n|-terastallize|p2a: Mewtwo|Psychic\n|move|p1a: Ares|Hex|p2a: Mewtwo\n|-supereffective|p2a: Mewtwo\n|-damage|p2a: Mewtwo|6\/100\n|move|p2a: Mewtwo|Ice Beam|p1a: Ares\n|-damage|p1a: Ares|32\/100\n|\n|upkeep\n|turn|8\n|\n|t:|1697808738\n|move|p1a: Ares|Hex|p2a: Mewtwo\n|-supereffective|p2a: Mewtwo\n|-damage|p2a: Mewtwo|0 fnt\n|faint|p2a: Mewtwo\n|\n|upkeep\n|\n|t:|1697808744\n|switch|p2a: Baxcalibur|Baxcalibur, F|100\/100\n|turn|9\n|\n|t:|1697808748\n|move|p1a: Ares|Aura Sphere|p2a: Baxcalibur\n|-supereffective|p2a: Baxcalibur\n|-damage|p2a: Baxcalibur|13\/100\n|move|p2a: Baxcalibur|Dragon Dance|p2a: Baxcalibur\n|-boost|p2a: Baxcalibur|atk|1\n|-boost|p2a: Baxcalibur|spe|1\n|\n|-heal|p2a: Baxcalibur|19\/100|[from] item: Leftovers\n|-sideend|p1: MarceloMonotype|move: Light Screen\n|upkeep\n|turn|10\n|\n|t:|1697808756\n|move|p1a: Ares|Aura Sphere|p2a: Baxcalibur\n|-supereffective|p2a: Baxcalibur\n|-damage|p2a: Baxcalibur|0 fnt\n|faint|p2a: Baxcalibur\n|\n|upkeep\n|\n|t:|1697808761\n|switch|p2a: Urshifu|Urshifu-Rapid-Strike, M|100\/100\n|turn|11\n|\n|t:|1697808766\n|move|p2a: Urshifu|Aqua Jet|p1a: Ares\n|-damage|p1a: Ares|0 fnt\n|faint|p1a: Ares\n|-end|p1a: Ares|Quark Drive|[silent]\n|\n|upkeep\n|\n|t:|1697808770\n|switch|p1a: Aphrodite|Magearna|100\/100\n|turn|12\n|\n|t:|1697808774\n|move|p2a: Urshifu|Aqua Jet|p1a: Aphrodite\n|-damage|p1a: Aphrodite|79\/100\n|move|p1a: Aphrodite|Iron Defense|p1a: Aphrodite\n|-boost|p1a: Aphrodite|def|2\n|\n|-heal|p1a: Aphrodite|85\/100|[from] item: Leftovers\n|upkeep\n|turn|13\n|\n|t:|1697808790\n|move|p2a: Urshifu|Aqua Jet|p1a: Aphrodite\n|-damage|p1a: Aphrodite|71\/100\n|move|p1a: Aphrodite|Iron Defense|p1a: Aphrodite\n|-boost|p1a: Aphrodite|def|2\n|\n|-heal|p1a: Aphrodite|77\/100|[from] item: Leftovers\n|upkeep\n|turn|14\n|\n|t:|1697808798\n|move|p2a: Urshifu|Aqua Jet|p1a: Aphrodite\n|-damage|p1a: Aphrodite|70\/100\n|move|p1a: Aphrodite|Iron Defense|p1a: Aphrodite\n|-boost|p1a: Aphrodite|def|2\n|\n|-heal|p1a: Aphrodite|76\/100|[from] item: Leftovers\n|upkeep\n|turn|15\n|\n|t:|1697808807\n|move|p2a: Urshifu|Aqua Jet|p1a: Aphrodite\n|-damage|p1a: Aphrodite|70\/100\n|move|p1a: Aphrodite|Draining Kiss|p2a: Urshifu\n|-supereffective|p2a: Urshifu\n|-damage|p2a: Urshifu|38\/100\n|-heal|p1a: Aphrodite|100\/100|[from] drain|[of] p2a: Urshifu\n|\n|upkeep\n|turn|16\n|-message|Mystic2564 forfeited.\n|\n|win|MarceloMonotype\n|raw|MarceloMonotype's rating: 1342 &rarr; <strong>1361<\/strong><br \/>(+19 for winning)\n|raw|Mystic2564's rating: 1318 &rarr; <strong>1299<\/strong><br \/>(-19 for losing)\n|l|\u2606Mystic2564\n","uploadtime":1697808826,"views":11,"p1id":"marcelomonotype","p2id":"mystic2564","formatid":"gen9anythinggoes","rating":1299,"private":0,"password":""}