{"id":"gen9anythinggoes-1978250529","p1":"Okutum","p2":"Exllevi","format":"[Gen 9] Anything Goes","log":"|j|\u2606Okutum\n|j|\u2606Exllevi\n|t:|1698517134\n|gametype|singles\n|player|p1|Okutum|medium|\n|player|p2|Exllevi|lance|\n|teamsize|p1|6\n|teamsize|p2|6\n|gen|9\n|tier|[Gen 9] Anything Goes\n|rule|HP Percentage Mod: HP is shown in percentages\n|rule|Endless Battle Clause: Forcing endless battles is banned\n|clearpoke\n|poke|p1|Hariyama, M|\n|poke|p1|Salamence, M|\n|poke|p1|Gothitelle, F|\n|poke|p1|Rillaboom, F|\n|poke|p1|Sneasler, F|\n|poke|p1|Iron Moth|\n|poke|p2|Clodsire, F|\n|poke|p2|Torkoal, F|\n|poke|p2|Walking Wake|\n|poke|p2|Ambipom, M|\n|poke|p2|Manaphy|\n|poke|p2|Sableye, F|\n|teampreview\n|c|\u2606Okutum|una cosa\n|c|\u2606Okutum|las teras hay que decirlas?\n|n|\u2606Exllevi|exllevi\n|c|\u2606Exllevi|Buenas\n|c|\u2606Exllevi|Vale ya\n|c|\u2606Okutum|hola\n|c|\u2606Okutum|la cosa\n|c|\u2606Exllevi|Si, creo quebhay que decirlas\n|c|\u2606Okutum|ok\n|c|\u2606Exllevi|al menos otros anos ha sido as\u00ed\n|c|\u2606Okutum|yo voy hariyama tera hada\n|c|\u2606Exllevi|como le pasamos el enlace a susana?\n|c|\u2606Okutum|se lo paso yo\n|c|\u2606Exllevi|Grx\n|c|\u2606Okutum|la esperamos para empezar si quieres\n|j| mimizukii\n|c|\u2606Exllevi|Sisi\n|c|\u2606Okutum|pues yasta\n|c|\u2606Okutum|suerte\n|c|\u2606Exllevi|yo voy sin teras\n|c|\u2606Exllevi|igualmente suerte\n|c| mimizukii|Holo\n|c| mimizukii|Suerte a los dos\n|c|\u2606Exllevi|No juego lento, pero podemos ir sin yimer?\n|c|\u2606Okutum|por si sin problema\n|c|\u2606Exllevi|Guay\n|\n|t:|1698517369\n|start\n|switch|p1a: mono bater\u00eda|Rillaboom, F|100\/100\n|switch|p2a: El coletas|Ambipom, M|100\/100\n|-fieldstart|move: Grassy Terrain|[from] ability: Grassy Surge|[of] p1a: mono bater\u00eda\n|turn|1\n|\n|t:|1698517379\n|move|p2a: El coletas|Fake Out|p1a: mono bater\u00eda\n|-damage|p1a: mono bater\u00eda|71\/100\n|cant|p1a: mono bater\u00eda|flinch\n|\n|-heal|p1a: mono bater\u00eda|77\/100|[from] Grassy Terrain\n|upkeep\n|turn|2\n|\n|t:|1698517409\n|switch|p2a: Totuga|Torkoal, F|100\/100\n|-weather|SunnyDay|[from] ability: Drought|[of] p2a: Totuga\n|move|p1a: mono bater\u00eda|Wood Hammer|p2a: Totuga\n|-resisted|p2a: Totuga\n|-damage|p2a: Totuga|70\/100\n|-damage|p1a: mono bater\u00eda|69\/100|[from] Recoil\n|\n|-weather|SunnyDay|[upkeep]\n|-heal|p1a: mono bater\u00eda|75\/100|[from] Grassy Terrain\n|-heal|p2a: Totuga|76\/100|[from] Grassy Terrain\n|upkeep\n|turn|3\n|c| mimizukii|El coletas que bueno ajsajsjaja\n|\n|t:|1698517424\n|move|p1a: mono bater\u00eda|U-turn|p2a: Totuga\n|-resisted|p2a: Totuga\n|-damage|p2a: Totuga|68\/100\n|\n|t:|1698517428\n|switch|p1a: YouCan(Not)RunAway|Gothitelle, F|100\/100|[from] U-turn\n|move|p2a: Totuga|Lava Plume|p1a: YouCan(Not)RunAway\n|-damage|p1a: YouCan(Not)RunAway|72\/100\n|-status|p1a: YouCan(Not)RunAway|brn\n|\n|-weather|SunnyDay|[upkeep]\n|-heal|p1a: YouCan(Not)RunAway|78\/100 brn|[from] Grassy Terrain\n|-heal|p1a: YouCan(Not)RunAway|84\/100 brn|[from] item: Leftovers\n|-heal|p2a: Totuga|74\/100|[from] Grassy Terrain\n|-damage|p1a: YouCan(Not)RunAway|78\/100 brn|[from] brn\n|upkeep\n|turn|4\n|\n|t:|1698517441\n|move|p1a: YouCan(Not)RunAway|Rain Dance|p1a: YouCan(Not)RunAway\n|-weather|RainDance\n|move|p2a: Totuga|Yawn||[still]\n|-fail|p2a: Totuga\n|\n|-weather|RainDance|[upkeep]\n|-heal|p1a: YouCan(Not)RunAway|84\/100 brn|[from] Grassy Terrain\n|-heal|p1a: YouCan(Not)RunAway|90\/100 brn|[from] item: Leftovers\n|-heal|p2a: Totuga|80\/100|[from] Grassy Terrain\n|-damage|p1a: YouCan(Not)RunAway|84\/100 brn|[from] brn\n|upkeep\n|turn|5\n|\n|t:|1698517462\n|move|p1a: YouCan(Not)RunAway|Calm Mind|p1a: YouCan(Not)RunAway\n|-boost|p1a: YouCan(Not)RunAway|spa|1\n|-boost|p1a: YouCan(Not)RunAway|spd|1\n|move|p2a: Totuga|Earthquake|p1a: YouCan(Not)RunAway\n|-damage|p1a: YouCan(Not)RunAway|74\/100 brn\n|\n|-weather|RainDance|[upkeep]\n|-heal|p1a: YouCan(Not)RunAway|80\/100 brn|[from] Grassy Terrain\n|-heal|p1a: YouCan(Not)RunAway|86\/100 brn|[from] item: Leftovers\n|-heal|p2a: Totuga|86\/100|[from] Grassy Terrain\n|-damage|p1a: YouCan(Not)RunAway|80\/100 brn|[from] brn\n|-fieldend|move: Grassy Terrain\n|upkeep\n|turn|6\n|\n|t:|1698517481\n|move|p1a: YouCan(Not)RunAway|Calm Mind|p1a: YouCan(Not)RunAway\n|-boost|p1a: YouCan(Not)RunAway|spa|1\n|-boost|p1a: YouCan(Not)RunAway|spd|1\n|move|p2a: Totuga|Stealth Rock|p1a: YouCan(Not)RunAway\n|-sidestart|p1: Okutum|move: Stealth Rock\n|\n|-weather|RainDance|[upkeep]\n|-heal|p1a: YouCan(Not)RunAway|86\/100 brn|[from] item: Leftovers\n|-damage|p1a: YouCan(Not)RunAway|80\/100 brn|[from] brn\n|upkeep\n|turn|7\n|\n|t:|1698517514\n|move|p1a: YouCan(Not)RunAway|Calm Mind|p1a: YouCan(Not)RunAway\n|-boost|p1a: YouCan(Not)RunAway|spa|1\n|-boost|p1a: YouCan(Not)RunAway|spd|1\n|move|p2a: Totuga|Lava Plume|p1a: YouCan(Not)RunAway\n|-damage|p1a: YouCan(Not)RunAway|76\/100 brn\n|\n|-weather|RainDance|[upkeep]\n|-heal|p1a: YouCan(Not)RunAway|82\/100 brn|[from] item: Leftovers\n|-damage|p1a: YouCan(Not)RunAway|76\/100 brn|[from] brn\n|upkeep\n|turn|8\n|\n|t:|1698517539\n|move|p1a: YouCan(Not)RunAway|Calm Mind|p1a: YouCan(Not)RunAway\n|-boost|p1a: YouCan(Not)RunAway|spa|1\n|-boost|p1a: YouCan(Not)RunAway|spd|1\n|move|p2a: Totuga|Lava Plume|p1a: YouCan(Not)RunAway\n|-damage|p1a: YouCan(Not)RunAway|73\/100 brn\n|\n|-weather|none\n|-heal|p1a: YouCan(Not)RunAway|80\/100 brn|[from] item: Leftovers\n|-damage|p1a: YouCan(Not)RunAway|73\/100 brn|[from] brn\n|upkeep\n|turn|9\n|\n|t:|1698517550\n|move|p1a: YouCan(Not)RunAway|Psychic|p2a: Totuga\n|-damage|p2a: Totuga|0 fnt\n|faint|p2a: Totuga\n|\n|-heal|p1a: YouCan(Not)RunAway|80\/100 brn|[from] item: Leftovers\n|-damage|p1a: YouCan(Not)RunAway|73\/100 brn|[from] brn\n|upkeep\n|\n|t:|1698517557\n|switch|p2a: El coletas|Ambipom, M|100\/100\n|turn|10\n|\n|t:|1698517577\n|move|p2a: El coletas|Fake Out|p1a: YouCan(Not)RunAway\n|-damage|p1a: YouCan(Not)RunAway|44\/100 brn\n|cant|p1a: YouCan(Not)RunAway|flinch\n|\n|-heal|p1a: YouCan(Not)RunAway|50\/100 brn|[from] item: Leftovers\n|-damage|p1a: YouCan(Not)RunAway|44\/100 brn|[from] brn\n|upkeep\n|turn|11\n|\n|t:|1698517587\n|move|p2a: El coletas|Knock Off|p1a: YouCan(Not)RunAway\n|-supereffective|p1a: YouCan(Not)RunAway\n|-damage|p1a: YouCan(Not)RunAway|0 fnt\n|-enditem|p1a: YouCan(Not)RunAway|Leftovers|[from] move: Knock Off|[of] p2a: El coletas\n|faint|p1a: YouCan(Not)RunAway\n|\n|upkeep\n|\n|t:|1698517620\n|switch|p1a: mono bater\u00eda|Rillaboom, F|75\/100\n|-damage|p1a: mono bater\u00eda|63\/100|[from] Stealth Rock\n|-fieldstart|move: Grassy Terrain|[from] ability: Grassy Surge|[of] p1a: mono bater\u00eda\n|turn|12\n|\n|t:|1698517636\n|move|p1a: mono bater\u00eda|Grassy Glide|p2a: El coletas\n|-damage|p2a: El coletas|27\/100\n|move|p2a: El coletas|U-turn|p1a: mono bater\u00eda\n|-supereffective|p1a: mono bater\u00eda\n|-damage|p1a: mono bater\u00eda|24\/100\n|l| mimizukii\n|\n|t:|1698517671\n|switch|p2a: Zuckerberg|Walking Wake|100\/100|[from] U-turn\n|\n|-heal|p1a: mono bater\u00eda|30\/100|[from] Grassy Terrain\n|upkeep\n|turn|13\n|j| mimizukii\n|\n|t:|1698517705\n|move|p1a: mono bater\u00eda|Grassy Glide|p2a: Zuckerberg\n|-damage|p2a: Zuckerberg|49\/100\n|move|p2a: Zuckerberg|Flamethrower|p1a: mono bater\u00eda\n|-supereffective|p1a: mono bater\u00eda\n|-damage|p1a: mono bater\u00eda|0 fnt\n|faint|p1a: mono bater\u00eda\n|-damage|p2a: Zuckerberg|39\/100|[from] item: Life Orb\n|\n|-heal|p2a: Zuckerberg|45\/100|[from] Grassy Terrain\n|upkeep\n|\n|t:|1698517745\n|switch|p1a: RNG plsss|Iron Moth|100\/100\n|turn|14\n|\n|t:|1698517755\n|-end|p2a: Zuckerberg|Protosynthesis|[silent]\n|switch|p2a: I'm Fine|Clodsire, F|100\/100\n|move|p1a: RNG plsss|Dazzling Gleam|p2a: I'm Fine\n|-resisted|p2a: I'm Fine\n|-damage|p2a: I'm Fine|93\/100\n|\n|-heal|p2a: I'm Fine|99\/100|[from] Grassy Terrain\n|upkeep\n|turn|15\n|\n|t:|1698517778\n|-end|p1a: RNG plsss|Quark Drive|[silent]\n|switch|p1a: pu\u00f1etazos|Salamence, M|100\/100\n|-damage|p1a: pu\u00f1etazos|75\/100|[from] Stealth Rock\n|move|p2a: I'm Fine|Earthquake|p1a: pu\u00f1etazos\n|-immune|p1a: pu\u00f1etazos\n|\n|-heal|p2a: I'm Fine|100\/100|[from] Grassy Terrain\n|upkeep\n|turn|16\n|\n|t:|1698517790\n|move|p1a: pu\u00f1etazos|Substitute|p1a: pu\u00f1etazos\n|-start|p1a: pu\u00f1etazos|Substitute\n|-damage|p1a: pu\u00f1etazos|50\/100\n|move|p2a: I'm Fine|Poison Jab|p1a: pu\u00f1etazos\n|-end|p1a: pu\u00f1etazos|Substitute\n|\n|-fieldend|move: Grassy Terrain\n|upkeep\n|turn|17\n|\n|t:|1698517798\n|move|p1a: pu\u00f1etazos|Dragon Dance|p1a: pu\u00f1etazos\n|-boost|p1a: pu\u00f1etazos|atk|1\n|-boost|p1a: pu\u00f1etazos|spe|1\n|move|p2a: I'm Fine|Poison Jab|p1a: pu\u00f1etazos\n|-damage|p1a: pu\u00f1etazos|24\/100\n|\n|upkeep\n|turn|18\n|\n|t:|1698517807\n|move|p1a: pu\u00f1etazos|Earthquake|p2a: I'm Fine\n|-supereffective|p2a: I'm Fine\n|-damage|p2a: I'm Fine|21\/100\n|move|p2a: I'm Fine|Poison Jab|p1a: pu\u00f1etazos\n|-damage|p1a: pu\u00f1etazos|0 fnt\n|faint|p1a: pu\u00f1etazos\n|\n|upkeep\n|\n|t:|1698517822\n|switch|p1a: RNG plsss|Iron Moth|100\/100\n|turn|19\n|\n|t:|1698517834\n|move|p1a: RNG plsss|Fiery Dance|p2a: I'm Fine\n|-damage|p2a: I'm Fine|0 fnt\n|faint|p2a: I'm Fine\n|\n|upkeep\n|\n|t:|1698517860\n|switch|p2a: El coletas|Ambipom, M|27\/100\n|turn|20\n|\n|t:|1698517882\n|-end|p1a: RNG plsss|Quark Drive|[silent]\n|switch|p1a: cheerleader|Hariyama, M|100\/100\n|-damage|p1a: cheerleader|94\/100|[from] Stealth Rock\n|move|p2a: El coletas|Fake Out|p1a: cheerleader\n|-damage|p1a: cheerleader|59\/100\n|\n|upkeep\n|turn|21\n|\n|t:|1698517918\n|-terastallize|p1a: cheerleader|Fairy\n|move|p1a: cheerleader|Fake Out|p2a: El coletas\n|-damage|p2a: El coletas|3\/100\n|cant|p2a: El coletas|flinch\n|\n|upkeep\n|turn|22\n|\n|t:|1698517929\n|move|p2a: El coletas|Double Hit|p1a: cheerleader\n|-damage|p1a: cheerleader|31\/100\n|-damage|p1a: cheerleader|2\/100\n|-hitcount|p1a: cheerleader|2\n|move|p1a: cheerleader|Tera Blast|p2a: El coletas|[anim] Tera Blast Fairy\n|-damage|p2a: El coletas|0 fnt\n|faint|p2a: El coletas\n|\n|upkeep\n|\n|t:|1698518006\n|switch|p2a: Zuckerberg|Walking Wake|45\/100\n|turn|23\n|\n|t:|1698518011\n|move|p2a: Zuckerberg|Hydro Steam|p1a: cheerleader\n|-damage|p1a: cheerleader|0 fnt\n|faint|p1a: cheerleader\n|-damage|p2a: Zuckerberg|36\/100|[from] item: Life Orb\n|\n|upkeep\n|\n|t:|1698518029\n|switch|p1a: aguja din\u00e1mica|Sneasler, F|100\/100\n|-damage|p1a: aguja din\u00e1mica|95\/100|[from] Stealth Rock\n|turn|24\n|\n|t:|1698518039\n|move|p1a: aguja din\u00e1mica|U-turn|p2a: Zuckerberg\n|-damage|p2a: Zuckerberg|0 fnt\n|faint|p2a: Zuckerberg\n|-end|p2a: Zuckerberg|Protosynthesis|[silent]\n|\n|t:|1698518043\n|switch|p1a: RNG plsss|Iron Moth|100\/100|[from] U-turn\n|\n|upkeep\n|\n|t:|1698518058\n|switch|p2a: Mi ni\u00f1e|Manaphy|100\/100\n|turn|25\n|\n|t:|1698518062\n|move|p1a: RNG plsss|Energy Ball|p2a: Mi ni\u00f1e\n|-supereffective|p2a: Mi ni\u00f1e\n|-damage|p2a: Mi ni\u00f1e|49\/100\n|move|p2a: Mi ni\u00f1e|Take Heart|p2a: Mi ni\u00f1e\n|-boost|p2a: Mi ni\u00f1e|spa|1\n|-boost|p2a: Mi ni\u00f1e|spd|1\n|\n|-heal|p2a: Mi ni\u00f1e|55\/100|[from] item: Leftovers\n|upkeep\n|turn|26\n|\n|t:|1698518081\n|move|p1a: RNG plsss|Energy Ball|p2a: Mi ni\u00f1e\n|-supereffective|p2a: Mi ni\u00f1e\n|-damage|p2a: Mi ni\u00f1e|20\/100\n|move|p2a: Mi ni\u00f1e|Acid Armor|p2a: Mi ni\u00f1e\n|-boost|p2a: Mi ni\u00f1e|def|2\n|\n|-heal|p2a: Mi ni\u00f1e|26\/100|[from] item: Leftovers\n|upkeep\n|turn|27\n|\n|t:|1698518095\n|move|p1a: RNG plsss|Energy Ball|p2a: Mi ni\u00f1e\n|-supereffective|p2a: Mi ni\u00f1e\n|-damage|p2a: Mi ni\u00f1e|0 fnt\n|faint|p2a: Mi ni\u00f1e\n|\n|upkeep\n|\n|t:|1698518100\n|switch|p2a: Gurtel|Sableye, F|100\/100\n|turn|28\n|c|\u2606Exllevi|Gg\n|\n|t:|1698518114\n|move|p1a: RNG plsss|Dazzling Gleam|p2a: Gurtel\n|-supereffective|p2a: Gurtel\n|-damage|p2a: Gurtel|33\/100\n|move|p2a: Gurtel|Knock Off|p1a: RNG plsss\n|-damage|p1a: RNG plsss|58\/100\n|-enditem|p1a: RNG plsss|Heavy-Duty Boots|[from] move: Knock Off|[of] p2a: Gurtel\n|\n|upkeep\n|turn|29\n|c|\u2606Okutum|gg\n|\n|t:|1698518124\n|move|p2a: Gurtel|Recover|p2a: Gurtel\n|-heal|p2a: Gurtel|83\/100\n|move|p1a: RNG plsss|Dazzling Gleam|p2a: Gurtel\n|-supereffective|p2a: Gurtel\n|-damage|p2a: Gurtel|10\/100\n|\n|upkeep\n|turn|30\n|\n|t:|1698518131\n|move|p1a: RNG plsss|Fiery Dance|p2a: Gurtel\n|-damage|p2a: Gurtel|0 fnt\n|-boost|p1a: RNG plsss|spa|1\n|faint|p2a: Gurtel\n|\n|win|Okutum\n","uploadtime":1698518141,"views":54,"p1id":"okutum","p2id":"exllevi","formatid":"gen9anythinggoes","rating":0,"private":0,"password":""}