{"id":"gen9anythinggoes-1987452453","p1":"isurmomcuteaf","p2":"Eriririririririric","format":"[Gen 9] Anything Goes","log":"|j|\u203disurmomcuteaf\n|j|\u203dEriririririririric\n|t:|1699593759\n|gametype|singles\n|player|p1|isurmomcuteaf|ghetsis-gen5bw|\n|player|p2|Eriririririririric|swimmer-gen4dp|\n|teamsize|p1|6\n|teamsize|p2|6\n|gen|9\n|tier|[Gen 9] Anything Goes\n|rule|HP Percentage Mod: HP is shown in percentages\n|rule|Endless Battle Clause: Forcing endless battles is banned\n|clearpoke\n|poke|p1|Lycanroc-Dusk, M|\n|poke|p1|Dragapult, F|\n|poke|p1|Calyrex-Shadow|\n|poke|p1|Arceus|\n|poke|p1|Regieleki|\n|poke|p1|Zacian-*|\n|poke|p2|Koraidon|\n|poke|p2|Miraidon|\n|poke|p2|Cloyster, M|\n|poke|p2|Calyrex-Shadow|\n|poke|p2|Ditto|\n|poke|p2|Ting-Lu|\n|teampreview\n|inactive|Battle timer is ON: inactive players will automatically lose when time's up. (requested by isurmomcuteaf)\n|inactive|Eriririririririric also wants the timer to be on.\n|\n|t:|1699593770\n|start\n|switch|p1a: Lycanroc|Lycanroc-Dusk, M|100\/100\n|switch|p2a: Ting-Lu|Ting-Lu|100\/100\n|-ability|p2a: Ting-Lu|Vessel of Ruin\n|turn|1\n|\n|t:|1699593775\n|move|p1a: Lycanroc|Taunt|p2a: Ting-Lu\n|-start|p2a: Ting-Lu|move: Taunt\n|cant|p2a: Ting-Lu|move: Taunt|Stealth Rock\n|\n|upkeep\n|turn|2\n|\n|t:|1699593780\n|move|p1a: Lycanroc|Stealth Rock|p2a: Ting-Lu\n|-sidestart|p2: Eriririririririric|move: Stealth Rock\n|move|p2a: Ting-Lu|Earthquake|p1a: Lycanroc\n|-supereffective|p1a: Lycanroc\n|-enditem|p1a: Lycanroc|Focus Sash\n|-damage|p1a: Lycanroc|1\/100\n|\n|upkeep\n|turn|3\n|\n|t:|1699593786\n|move|p1a: Lycanroc|Close Combat|p2a: Ting-Lu\n|-supereffective|p2a: Ting-Lu\n|-damage|p2a: Ting-Lu|62\/100\n|-unboost|p1a: Lycanroc|def|1\n|-unboost|p1a: Lycanroc|spd|1\n|-damage|p1a: Lycanroc|0 fnt|[from] item: Rocky Helmet|[of] p2a: Ting-Lu\n|faint|p1a: Lycanroc\n|move|p2a: Ting-Lu|Body Press|p1: Lycanroc|[notarget]\n|-fail|p2a: Ting-Lu\n|\n|-end|p2a: Ting-Lu|move: Taunt\n|upkeep\n|\n|t:|1699593795\n|switch|p1a: Arceus|Arceus|100\/100\n|turn|4\n|\n|t:|1699593806\n|move|p1a: Arceus|Swords Dance|p1a: Arceus\n|-boost|p1a: Arceus|atk|2\n|move|p2a: Ting-Lu|Body Press|p1a: Arceus\n|-supereffective|p1a: Arceus\n|-damage|p1a: Arceus|59\/100\n|\n|upkeep\n|turn|5\n|\n|t:|1699593815\n|move|p1a: Arceus|Extreme Speed|p2a: Ting-Lu\n|-damage|p2a: Ting-Lu|26\/100\n|-damage|p1a: Arceus|42\/100|[from] item: Rocky Helmet|[of] p2a: Ting-Lu\n|move|p2a: Ting-Lu|Stealth Rock|p1a: Arceus\n|-sidestart|p1: isurmomcuteaf|move: Stealth Rock\n|\n|upkeep\n|turn|6\n|\n|t:|1699593821\n|move|p1a: Arceus|Extreme Speed|p2a: Ting-Lu\n|-damage|p2a: Ting-Lu|0 fnt\n|-damage|p1a: Arceus|25\/100|[from] item: Rocky Helmet|[of] p2a: Ting-Lu\n|faint|p2a: Ting-Lu\n|\n|upkeep\n|\n|t:|1699593829\n|switch|p2a: Calyrex|Calyrex-Shadow|100\/100\n|-ability|p2a: Calyrex|As One\n|-ability|p2a: Calyrex|Unnerve\n|-damage|p2a: Calyrex|88\/100|[from] Stealth Rock\n|turn|7\n|\n|t:|1699593839\n|move|p2a: Calyrex|Psychic|p1a: Arceus\n|-damage|p1a: Arceus|0 fnt\n|faint|p1a: Arceus\n|-ability|p2a: Calyrex|Grim Neigh|boost\n|-boost|p2a: Calyrex|spa|1\n|\n|upkeep\n|\n|t:|1699593847\n|switch|p1a: Calyrex|Calyrex-Shadow|100\/100\n|-ability|p1a: Calyrex|As One\n|-ability|p1a: Calyrex|Unnerve\n|-damage|p1a: Calyrex|88\/100|[from] Stealth Rock\n|turn|8\n|\n|t:|1699593861\n|-terastallize|p1a: Calyrex|Dark\n|move|p1a: Calyrex|Astral Barrage|p2a: Calyrex\n|-supereffective|p2a: Calyrex\n|-damage|p2a: Calyrex|0 fnt\n|faint|p2a: Calyrex\n|-ability|p1a: Calyrex|Grim Neigh|boost\n|-boost|p1a: Calyrex|spa|1\n|\n|upkeep\n|\n|t:|1699593874\n|switch|p2a: Koraidon|Koraidon|100\/100\n|-damage|p2a: Koraidon|94\/100|[from] Stealth Rock\n|-weather|SunnyDay|[from] ability: Orichalcum Pulse|[of] p2a: Koraidon\n|-activate|p2a: Koraidon|Orichalcum Pulse|[source]\n|turn|9\n|\n|t:|1699593878\n|switch|p1a: Dragapult|Dragapult, F|100\/100\n|-damage|p1a: Dragapult|88\/100|[from] Stealth Rock\n|move|p2a: Koraidon|Collision Course|p1a: Dragapult\n|-immune|p1a: Dragapult\n|\n|-weather|SunnyDay|[upkeep]\n|upkeep\n|turn|10\n|\n|t:|1699593885\n|switch|p2a: Cloyster|Cloyster, M|100\/100\n|-damage|p2a: Cloyster|76\/100|[from] Stealth Rock\n|move|p1a: Dragapult|Dragon Dance|p1a: Dragapult\n|-boost|p1a: Dragapult|atk|1\n|-boost|p1a: Dragapult|spe|1\n|\n|-weather|SunnyDay|[upkeep]\n|upkeep\n|turn|11\n|\n|t:|1699593889\n|move|p1a: Dragapult|Dragon Darts|p2a: Cloyster\n|-damage|p2a: Cloyster|30\/100\n|-anim|p1a: Dragapult|Dragon Darts|p2a: Cloyster\n|-damage|p2a: Cloyster|0 fnt\n|faint|p2a: Cloyster\n|-damage|p1a: Dragapult|78\/100|[from] item: Life Orb\n|\n|-weather|SunnyDay|[upkeep]\n|upkeep\n|\n|t:|1699593898\n|switch|p2a: Koraidon|Koraidon|94\/100\n|-damage|p2a: Koraidon|88\/100|[from] Stealth Rock\n|-activate|p2a: Koraidon|ability: Orichalcum Pulse\n|turn|12\n|\n|t:|1699593901\n|move|p2a: Koraidon|Dragon Claw|p1a: Dragapult\n|-supereffective|p1a: Dragapult\n|-damage|p1a: Dragapult|0 fnt\n|faint|p1a: Dragapult\n|\n|-weather|SunnyDay|[upkeep]\n|upkeep\n|\n|t:|1699593905\n|switch|p1a: Zacian|Zacian-Crowned|100\/100\n|-damage|p1a: Zacian|94\/100|[from] Stealth Rock\n|-ability|p1a: Zacian|Intrepid Sword|boost\n|-boost|p1a: Zacian|atk|1\n|turn|13\n|\n|t:|1699593911\n|switch|p2a: Ditto|Ditto|100\/100\n|-damage|p2a: Ditto|88\/100|[from] Stealth Rock\n|-transform|p2a: Ditto|p1a: Zacian|[from] ability: Imposter\n|-ability|p2a: Ditto|Intrepid Sword|boost\n|-boost|p2a: Ditto|atk|1\n|move|p1a: Zacian|Play Rough|p2a: Ditto\n|-resisted|p2a: Ditto\n|-damage|p2a: Ditto|48\/100\n|\n|-weather|none\n|upkeep\n|turn|14\n|\n|t:|1699593917\n|move|p1a: Zacian|Behemoth Blade|p2a: Ditto\n|-damage|p2a: Ditto|0 fnt\n|faint|p2a: Ditto\n|\n|upkeep\n|\n|t:|1699593924\n|switch|p2a: Koraidon|Koraidon|88\/100\n|-damage|p2a: Koraidon|82\/100|[from] Stealth Rock\n|-weather|SunnyDay|[from] ability: Orichalcum Pulse|[of] p2a: Koraidon\n|-activate|p2a: Koraidon|Orichalcum Pulse|[source]\n|turn|15\n|\n|t:|1699593932\n|-terastallize|p2a: Koraidon|Fire\n|move|p2a: Koraidon|Flare Blitz|p1a: Zacian\n|-supereffective|p1a: Zacian\n|-damage|p1a: Zacian|0 fnt\n|faint|p1a: Zacian\n|-damage|p2a: Koraidon|52\/100|[from] Recoil\n|\n|-weather|SunnyDay|[upkeep]\n|upkeep\n|\n|t:|1699593939\n|switch|p1a: Regieleki|Regieleki|100\/100\n|-damage|p1a: Regieleki|88\/100|[from] Stealth Rock\n|turn|16\n|\n|t:|1699593943\n|move|p1a: Regieleki|Extreme Speed|p2a: Koraidon\n|-damage|p2a: Koraidon|37\/100\n|move|p2a: Koraidon|Flare Blitz|p1a: Regieleki\n|-damage|p1a: Regieleki|0 fnt\n|faint|p1a: Regieleki\n|-damage|p2a: Koraidon|11\/100|[from] Recoil\n|\n|-weather|SunnyDay|[upkeep]\n|upkeep\n|\n|t:|1699593946\n|switch|p1a: Calyrex|Calyrex-Shadow, tera:Dark|88\/100\n|-ability|p1a: Calyrex|As One\n|-ability|p1a: Calyrex|Unnerve\n|-damage|p1a: Calyrex|76\/100|[from] Stealth Rock\n|turn|17\n|\n|t:|1699593950\n|move|p2a: Koraidon|Flare Blitz|p1a: Calyrex\n|-damage|p1a: Calyrex|0 fnt\n|faint|p1a: Calyrex\n|-damage|p2a: Koraidon|0 fnt|[from] Recoil\n|faint|p2a: Koraidon\n|\n|win|Eriririririririric\n|l|\u203disurmomcuteaf\n","uploadtime":1699593959,"views":6,"p1id":"isurmomcuteaf","p2id":"eriririririririric","formatid":"gen9anythinggoes","rating":0,"private":0,"password":""}