{"id":"gen9anythinggoes-1977699385","p1":"noname0202","p2":"manofsteel1992","format":"[Gen 9] Anything Goes","log":"|j|\u2606noname0202\n|j|\u203dmanofsteel1992\n|t:|1698439891\n|gametype|singles\n|player|p1|noname0202|blaine|1108\n|player|p2|manofsteel1992|swimmerf-gen4|1040\n|teamsize|p1|6\n|teamsize|p2|1\n|gen|9\n|tier|[Gen 9] Anything Goes\n|rated|\n|rule|HP Percentage Mod: HP is shown in percentages\n|rule|Endless Battle Clause: Forcing endless battles is banned\n|clearpoke\n|poke|p1|Dugtrio, F|\n|poke|p1|Dugtrio, F|\n|poke|p1|Dugtrio, F|\n|poke|p1|Dugtrio, M|\n|poke|p1|Dugtrio, F|\n|poke|p1|Kingambit, M|\n|poke|p2|Dragonite, M|\n|teampreview\n|inactive|Battle timer is ON: inactive players will automatically lose when time's up. (requested by manofsteel1992)\n|\n|t:|1698439895\n|start\n|switch|p1a: Pipe bomb children|Dugtrio, F, shiny|100\/100\n|switch|p2a: Dragonite|Dragonite, M, shiny|100\/100\n|turn|1\n|\n|t:|1698439898\n|move|p1a: Pipe bomb children|Fissure|p2a: Dragonite\n|-immune|p2a: Dragonite\n|move|p2a: Dragonite|Dragon Dance|p2a: Dragonite\n|-boost|p2a: Dragonite|atk|1\n|-boost|p2a: Dragonite|spe|1\n|\n|upkeep\n|turn|2\n|\n|t:|1698439901\n|move|p2a: Dragonite|Dragon Dance|p2a: Dragonite\n|-boost|p2a: Dragonite|atk|1\n|-boost|p2a: Dragonite|spe|1\n|move|p1a: Pipe bomb children|Rock Slide|p2a: Dragonite\n|-supereffective|p2a: Dragonite\n|-damage|p2a: Dragonite|84\/100\n|-enditem|p2a: Dragonite|Weakness Policy\n|-boost|p2a: Dragonite|atk|2|[from] item: Weakness Policy\n|-boost|p2a: Dragonite|spa|2|[from] item: Weakness Policy\n|\n|upkeep\n|turn|3\n|\n|t:|1698439910\n|move|p2a: Dragonite|Ice Spinner|p1a: Pipe bomb children\n|-supereffective|p1a: Pipe bomb children\n|-damage|p1a: Pipe bomb children|0 fnt\n|faint|p1a: Pipe bomb children\n|\n|upkeep\n|\n|t:|1698439914\n|switch|p1a: Pipe bomb children|Dugtrio, M, shiny|100\/100\n|turn|4\n|\n|t:|1698439917\n|move|p2a: Dragonite|Ice Spinner|p1a: Pipe bomb children\n|-supereffective|p1a: Pipe bomb children\n|-enditem|p1a: Pipe bomb children|Focus Sash\n|-damage|p1a: Pipe bomb children|1\/100\n|move|p1a: Pipe bomb children|Rock Slide|p2a: Dragonite\n|-supereffective|p2a: Dragonite\n|-damage|p2a: Dragonite|50\/100\n|\n|upkeep\n|turn|5\n|\n|t:|1698439921\n|move|p2a: Dragonite|Roost|p2a: Dragonite\n|-heal|p2a: Dragonite|100\/100\n|-singleturn|p2a: Dragonite|move: Roost\n|move|p1a: Pipe bomb children|Rock Slide|p2a: Dragonite\n|-damage|p2a: Dragonite|92\/100\n|\n|upkeep\n|turn|6\n|\n|t:|1698439927\n|move|p2a: Dragonite|Ice Spinner|p1a: Pipe bomb children\n|-supereffective|p1a: Pipe bomb children\n|-damage|p1a: Pipe bomb children|0 fnt\n|faint|p1a: Pipe bomb children\n|\n|upkeep\n|\n|t:|1698439930\n|switch|p1a: Pipe bomb children|Dugtrio, F, shiny|100\/100\n|turn|7\n|\n|t:|1698439933\n|move|p2a: Dragonite|Ice Spinner|p1a: Pipe bomb children\n|-supereffective|p1a: Pipe bomb children\n|-enditem|p1a: Pipe bomb children|Focus Sash\n|-damage|p1a: Pipe bomb children|1\/100\n|move|p1a: Pipe bomb children|Rock Slide|p2a: Dragonite\n|-supereffective|p2a: Dragonite\n|-damage|p2a: Dragonite|59\/100\n|\n|upkeep\n|turn|8\n|\n|t:|1698439937\n|move|p2a: Dragonite|Roost|p2a: Dragonite\n|-heal|p2a: Dragonite|100\/100\n|-singleturn|p2a: Dragonite|move: Roost\n|move|p1a: Pipe bomb children|Rock Slide|p2a: Dragonite\n|-damage|p2a: Dragonite|92\/100\n|\n|upkeep\n|turn|9\n|\n|t:|1698439942\n|move|p2a: Dragonite|Ice Spinner|p1a: Pipe bomb children\n|-supereffective|p1a: Pipe bomb children\n|-damage|p1a: Pipe bomb children|0 fnt\n|faint|p1a: Pipe bomb children\n|\n|upkeep\n|\n|t:|1698439944\n|switch|p1a: Pipe bomb children|Dugtrio, F, shiny|100\/100\n|turn|10\n|\n|t:|1698439948\n|move|p2a: Dragonite|Ice Spinner|p1a: Pipe bomb children\n|-supereffective|p1a: Pipe bomb children\n|-damage|p1a: Pipe bomb children|0 fnt\n|faint|p1a: Pipe bomb children\n|\n|upkeep\n|\n|t:|1698439960\n|switch|p1a: Pipe bomb children|Dugtrio, F, shiny|100\/100\n|turn|11\n|\n|t:|1698439965\n|move|p2a: Dragonite|Ice Spinner|p1a: Pipe bomb children\n|-supereffective|p1a: Pipe bomb children\n|-damage|p1a: Pipe bomb children|0 fnt\n|faint|p1a: Pipe bomb children\n|\n|upkeep\n|\n|t:|1698439968\n|switch|p1a: Father of fifteen|Kingambit, M, shiny|100\/100\n|-activate|p1a: Father of fifteen|ability: Supreme Overlord\n|-start|p1a: Father of fifteen|fallen5|[silent]\n|turn|12\n|\n|t:|1698439971\n|move|p1a: Father of fifteen|Sucker Punch|p2a: Dragonite\n|-damage|p2a: Dragonite|26\/100\n|move|p2a: Dragonite|Earthquake|p1a: Father of fifteen\n|-supereffective|p1a: Father of fifteen\n|-damage|p1a: Father of fifteen|0 fnt\n|faint|p1a: Father of fifteen\n|-end|p1a: Father of fifteen|fallen5|[silent]\n|\n|win|manofsteel1992\n|raw|noname0202's rating: 1108 &rarr; <strong>1078<\/strong><br \/>(-30 for losing)\n|raw|manofsteel1992's rating: 1040 &rarr; <strong>1081<\/strong><br \/>(+41 for winning)\n|l|\u2606noname0202\n","uploadtime":1698439985,"views":5,"p1id":"noname0202","p2id":"manofsteel1992","formatid":"gen9anythinggoes","rating":1078,"private":0,"password":""}