{"id":"gen9anythinggoes-1988202155","p1":"Soniaa134","p2":"LunarZma","format":"[Gen 9] Anything Goes","log":"|j|\u2606Soniaa134\n|j|\u2606LunarZma\n|t:|1699684342\n|gametype|singles\n|player|p1|Soniaa134|sonia|1058\n|player|p2|LunarZma|marlon|1000\n|teamsize|p1|6\n|teamsize|p2|6\n|gen|9\n|tier|[Gen 9] Anything Goes\n|rated|\n|rule|HP Percentage Mod: HP is shown in percentages\n|rule|Endless Battle Clause: Forcing endless battles is banned\n|clearpoke\n|poke|p1|Drifblim, F|\n|poke|p1|Rillaboom, M|\n|poke|p1|Grimmsnarl, M|\n|poke|p1|Meowscarada, M|\n|poke|p1|Greninja-*, M|\n|poke|p1|Venomoth, M|\n|poke|p2|Sawsbuck-Winter, M|\n|poke|p2|Torkoal, M|\n|poke|p2|Iron Bundle|\n|poke|p2|Miraidon|\n|poke|p2|Lycanroc-Midnight, M|\n|poke|p2|Decidueye, F|\n|teampreview\n|inactive|Battle timer is ON: inactive players will automatically lose when time's up. (requested by LunarZma)\n|\n|t:|1699684355\n|start\n|switch|p1a: Grimmsnarl|Grimmsnarl, M|100\/100\n|switch|p2a: Drive|Miraidon|100\/100\n|-fieldstart|move: Electric Terrain|[from] ability: Hadron Engine|[of] p2a: Drive\n|turn|1\n|\n|t:|1699684384\n|-terastallize|p2a: Drive|Electric\n|move|p1a: Grimmsnarl|Light Screen|p1a: Grimmsnarl\n|-sidestart|p1: Soniaa134|move: Light Screen\n|move|p2a: Drive|Electro Drift|p1a: Grimmsnarl\n|-damage|p1a: Grimmsnarl|48\/100\n|\n|upkeep\n|turn|2\n|inactive|Soniaa134 has 120 seconds left.\n|\n|t:|1699684420\n|move|p1a: Grimmsnarl|Parting Shot|p2a: Drive\n|-unboost|p2a: Drive|atk|1\n|-unboost|p2a: Drive|spa|1\n|\n|t:|1699684427\n|switch|p1a: Rillaboom|Rillaboom, M|100\/100|[from] Parting Shot\n|-fieldstart|move: Grassy Terrain|[from] ability: Grassy Surge|[of] p1a: Rillaboom\n|move|p2a: Drive|Electro Drift|p1a: Rillaboom\n|-resisted|p1a: Rillaboom\n|-damage|p1a: Rillaboom|87\/100\n|-enditem|p1a: Rillaboom|Eject Button\n|\n|t:|1699684436\n|switch|p1a: Drifblim|Drifblim, F|100\/100\n|-enditem|p1a: Drifblim|Grassy Seed\n|-boost|p1a: Drifblim|def|1|[from] item: Grassy Seed\n|\n|upkeep\n|turn|3\n|inactive|Soniaa134 has 120 seconds left.\n|\n|t:|1699684445\n|-terastallize|p1a: Drifblim|Ground\n|move|p1a: Drifblim|Calm Mind|p1a: Drifblim\n|-boost|p1a: Drifblim|spa|1\n|-boost|p1a: Drifblim|spd|1\n|move|p2a: Drive|Electro Drift|p1a: Drifblim\n|-immune|p1a: Drifblim\n|\n|upkeep\n|turn|4\n|\n|t:|1699684471\n|switch|p2a: Its abt DRIVE|Iron Bundle|100\/100\n|-enditem|p2a: Its abt DRIVE|Booster Energy\n|-activate|p2a: Its abt DRIVE|ability: Quark Drive|[fromitem]\n|-start|p2a: Its abt DRIVE|quarkdrivespe\n|move|p1a: Drifblim|Calm Mind|p1a: Drifblim\n|-boost|p1a: Drifblim|spa|1\n|-boost|p1a: Drifblim|spd|1\n|\n|upkeep\n|turn|5\n|inactive|Soniaa134 has 120 seconds left.\n|inactive|LunarZma has 120 seconds left.\n|\n|t:|1699684502\n|move|p2a: Its abt DRIVE|Hydro Pump|p1a: Drifblim\n|-supereffective|p1a: Drifblim\n|-damage|p1a: Drifblim|69\/100\n|move|p1a: Drifblim|Stored Power|p2a: Its abt DRIVE\n|-damage|p2a: Its abt DRIVE|0 fnt\n|faint|p2a: Its abt DRIVE\n|-end|p2a: Its abt DRIVE|Quark Drive|[silent]\n|\n|-heal|p1a: Drifblim|75\/100|[from] Grassy Terrain\n|upkeep\n|\n|t:|1699684517\n|switch|p2a: Deer|Sawsbuck-Winter, M|100\/100\n|turn|6\n|inactive|Soniaa134 has 120 seconds left.\n|\n|t:|1699684534\n|move|p1a: Drifblim|Stored Power|p2a: Deer\n|-damage|p2a: Deer|10\/100\n|move|p2a: Deer|Double Kick|p1a: Drifblim\n|-damage|p1a: Drifblim|67\/100\n|-damage|p1a: Drifblim|59\/100\n|-hitcount|p1a: Drifblim|2\n|\n|-heal|p1a: Drifblim|65\/100|[from] Grassy Terrain\n|-heal|p2a: Deer|16\/100|[from] Grassy Terrain\n|-fieldend|move: Grassy Terrain\n|upkeep\n|turn|7\n|inactive|Soniaa134 has 120 seconds left.\n|\n|t:|1699684548\n|move|p1a: Drifblim|Stored Power|p2a: Deer\n|-damage|p2a: Deer|0 fnt\n|faint|p2a: Deer\n|\n|upkeep\n|inactive|LunarZma has 90 seconds left.\n|\n|t:|1699684564\n|switch|p2a: Lycanroc|Lycanroc-Midnight, M|100\/100\n|turn|8\n|inactive|LunarZma has 90 seconds left.\n|\n|t:|1699684581\n|move|p1a: Drifblim|Tera Blast|p2a: Lycanroc|[anim] Tera Blast Ground\n|-supereffective|p2a: Lycanroc\n|-damage|p2a: Lycanroc|0 fnt\n|faint|p2a: Lycanroc\n|\n|-sideend|p1: Soniaa134|move: Light Screen\n|upkeep\n|\n|t:|1699684587\n|switch|p2a: Drive|Miraidon, tera:Electric|100\/100\n|-fieldstart|move: Electric Terrain|[from] ability: Hadron Engine|[of] p2a: Drive\n|turn|9\n|\n|t:|1699684592\n|move|p1a: Drifblim|Tera Blast|p2a: Drive|[anim] Tera Blast Ground\n|-supereffective|p2a: Drive\n|-damage|p2a: Drive|0 fnt\n|faint|p2a: Drive\n|\n|upkeep\n|\n|t:|1699684597\n|switch|p2a: soun|Torkoal, M|100\/100\n|-weather|SunnyDay|[from] ability: Drought|[of] p2a: soun\n|turn|10\n|\n|t:|1699684606\n|move|p1a: Drifblim|Tera Blast|p2a: soun|[anim] Tera Blast Ground\n|-supereffective|p2a: soun\n|-damage|p2a: soun|0 fnt\n|faint|p2a: soun\n|\n|-weather|SunnyDay|[upkeep]\n|upkeep\n|\n|t:|1699684611\n|switch|p2a: Decidueye|Decidueye, F|100\/100\n|turn|11\n|\n|t:|1699684617\n|move|p1a: Drifblim|Stored Power|p2a: Decidueye\n|-damage|p2a: Decidueye|40\/100\n|move|p2a: Decidueye|Acrobatics|p1a: Drifblim\n|-damage|p1a: Drifblim|32\/100\n|\n|-weather|SunnyDay|[upkeep]\n|upkeep\n|turn|12\n|\n|t:|1699684624\n|move|p1a: Drifblim|Stored Power|p2a: Decidueye\n|-damage|p2a: Decidueye|0 fnt\n|faint|p2a: Decidueye\n|\n|win|Soniaa134\n|raw|Soniaa134's rating: 1058 &rarr; <strong>1084<\/strong><br \/>(+26 for winning)\n|raw|LunarZma's rating: 1000 &rarr; <strong>1000<\/strong><br \/>(+0 for losing)\n|l|\u2606LunarZma\n|c|\u2606Soniaa134|gg :V\n","uploadtime":1699684630,"views":11,"p1id":"soniaa134","p2id":"lunarzma","formatid":"gen9anythinggoes","rating":1000,"private":0,"password":""}