{"id":"gen9anythinggoes-1987295223","p1":"ouroborosuchiha","p2":"11223344556677889C","format":"[Gen 9] Anything Goes","log":"|j|\u2606ouroborosuchiha\n|j|\u260611223344556677889C\n|t:|1699574289\n|gametype|singles\n|player|p1|ouroborosuchiha|1|1245\n|player|p2|11223344556677889C|lucas|1229\n|teamsize|p1|6\n|teamsize|p2|6\n|gen|9\n|tier|[Gen 9] Anything Goes\n|rated|\n|rule|HP Percentage Mod: HP is shown in percentages\n|rule|Endless Battle Clause: Forcing endless battles is banned\n|clearpoke\n|poke|p1|Volcarona, F|\n|poke|p1|Calyrex-Shadow|\n|poke|p1|Zoroark-Hisui, F|\n|poke|p1|Regieleki|\n|poke|p1|Giratina|\n|poke|p1|Dragapult, F|\n|poke|p2|Zacian-*|\n|poke|p2|Calyrex-Shadow|\n|poke|p2|Koraidon|\n|poke|p2|Miraidon|\n|poke|p2|Arceus|\n|poke|p2|Eternatus|\n|teampreview\n|\n|t:|1699574306\n|start\n|switch|p1a: Regieleki|Regieleki, shiny|100\/100\n|switch|p2a: Zacian|Zacian-Crowned|100\/100\n|-item|p1a: Regieleki|Air Balloon\n|-ability|p2a: Zacian|Intrepid Sword|boost\n|-boost|p2a: Zacian|atk|1\n|turn|1\n|inactive|Battle timer is ON: inactive players will automatically lose when time's up. (requested by ouroborosuchiha)\n|\n|t:|1699574316\n|move|p1a: Regieleki|Zap Cannon|p2a: Zacian\n|-damage|p2a: Zacian|44\/100\n|-status|p2a: Zacian|par\n|move|p2a: Zacian|Body Slam|p1a: Regieleki\n|-damage|p1a: Regieleki|25\/100\n|-enditem|p1a: Regieleki|Air Balloon\n|\n|upkeep\n|turn|2\n|\n|t:|1699574325\n|move|p1a: Regieleki|Volt Switch|p2a: Zacian\n|-damage|p2a: Zacian|13\/100 par\n|\n|t:|1699574333\n|switch|p1a: Giratina|Giratina, shiny|100\/100|[from] Volt Switch\n|-ability|p1a: Giratina|Pressure\n|move|p2a: Zacian|Behemoth Blade|p1a: Giratina\n|-damage|p1a: Giratina|55\/100\n|\n|upkeep\n|turn|3\n|\n|t:|1699574343\n|move|p1a: Giratina|Shadow Sneak|p2a: Zacian\n|-damage|p2a: Zacian|0 fnt\n|faint|p2a: Zacian\n|-damage|p1a: Giratina|45\/100|[from] item: Life Orb\n|\n|upkeep\n|\n|t:|1699574353\n|switch|p2a: Eternatus|Eternatus|100\/100\n|-ability|p2a: Eternatus|Pressure\n|turn|4\n|\n|t:|1699574358\n|move|p2a: Eternatus|Toxic Spikes|p1a: Giratina\n|-sidestart|p1: ouroborosuchiha|move: Toxic Spikes\n|move|p1a: Giratina|Dragon Tail|p2a: Eternatus\n|-supereffective|p2a: Eternatus\n|-damage|p2a: Eternatus|53\/100\n|-damage|p1a: Giratina|35\/100|[from] item: Life Orb\n|drag|p2a: Miraidon|Miraidon|100\/100\n|-fieldstart|move: Electric Terrain|[from] ability: Hadron Engine|[of] p2a: Miraidon\n|\n|upkeep\n|turn|5\n|\n|t:|1699574369\n|move|p1a: Giratina|Shadow Sneak|p2a: Miraidon\n|-damage|p2a: Miraidon|82\/100\n|-damage|p1a: Giratina|25\/100|[from] item: Life Orb\n|move|p2a: Miraidon|Dragon Pulse|p1a: Giratina\n|-supereffective|p1a: Giratina\n|-damage|p1a: Giratina|0 fnt\n|faint|p1a: Giratina\n|\n|upkeep\n|\n|t:|1699574384\n|switch|p1a: Calyrex|Calyrex-Shadow|100\/100\n|-ability|p1a: Calyrex|As One\n|-ability|p1a: Calyrex|Unnerve\n|-status|p1a: Calyrex|psn\n|turn|6\n|\n|t:|1699574395\n|move|p1a: Calyrex|Astral Barrage|p2a: Miraidon\n|-damage|p2a: Miraidon|17\/100\n|move|p2a: Miraidon|Electro Drift|p1a: Calyrex\n|-damage|p1a: Calyrex|20\/100 psn\n|\n|-damage|p1a: Calyrex|8\/100 psn|[from] psn\n|upkeep\n|turn|7\n|\n|t:|1699574408\n|switch|p2a: Arceus|Arceus|100\/100\n|move|p1a: Calyrex|Astral Barrage|p2a: Arceus\n|-immune|p2a: Arceus\n|\n|-damage|p1a: Calyrex|0 fnt|[from] psn\n|faint|p1a: Calyrex\n|upkeep\n|\n|t:|1699574425\n|switch|p1a: Dragapult|Dragapult, F, shiny|100\/100\n|-status|p1a: Dragapult|psn\n|turn|8\n|\n|t:|1699574432\n|move|p1a: Dragapult|Curse|p2a: Arceus\n|-start|p2a: Arceus|Curse|[of] p1a: Dragapult\n|-damage|p1a: Dragapult|51\/100 psn\n|move|p2a: Arceus|Air Slash|p1a: Dragapult\n|-damage|p1a: Dragapult|23\/100 psn\n|\n|-damage|p1a: Dragapult|11\/100 psn|[from] psn\n|-damage|p2a: Arceus|76\/100|[from] Curse\n|-fieldend|move: Electric Terrain\n|upkeep\n|turn|9\n|\n|t:|1699574447\n|move|p1a: Dragapult|Baton Pass|p1a: Dragapult\n|\n|t:|1699574452\n|switch|p1a: Volcarona|Volcarona, F, shiny|100\/100|[from] Baton Pass\n|-status|p1a: Volcarona|psn\n|move|p2a: Arceus|Swords Dance|p2a: Arceus\n|-boost|p2a: Arceus|atk|2\n|\n|-damage|p1a: Volcarona|88\/100 psn|[from] psn\n|-damage|p2a: Arceus|51\/100|[from] Curse\n|upkeep\n|turn|10\n|\n|t:|1699574468\n|move|p2a: Arceus|Extreme Speed|p1a: Volcarona\n|-immune|p1a: Volcarona\n|move|p1a: Volcarona|Hyper Voice|p2a: Arceus\n|-damage|p2a: Arceus|21\/100\n|-enditem|p2a: Arceus|Aguav Berry|[eat]\n|-heal|p2a: Arceus|55\/100|[from] item: Aguav Berry\n|-start|p2a: Arceus|confusion\n|\n|-damage|p1a: Volcarona|76\/100 psn|[from] psn\n|-damage|p2a: Arceus|30\/100|[from] Curse\n|upkeep\n|turn|11\n|\n|t:|1699574483\n|-activate|p2a: Arceus|confusion\n|move|p2a: Arceus|Air Slash|p1a: Volcarona\n|-damage|p1a: Volcarona|37\/100 psn\n|replace|p1a: Zoroark|Zoroark-Hisui, F, shiny\n|-end|p1a: Zoroark|Illusion\n|move|p1a: Zoroark|Hyper Voice|p2a: Arceus\n|-damage|p2a: Arceus|0 fnt\n|faint|p2a: Arceus\n|\n|-damage|p1a: Zoroark|25\/100 psn|[from] psn\n|upkeep\n|\n|t:|1699574498\n|switch|p2a: Calyrex|Calyrex-Shadow|100\/100\n|-ability|p2a: Calyrex|As One\n|-ability|p2a: Calyrex|Unnerve\n|turn|12\n|inactive|11223344556677889C has 120 seconds left.\n|\n|t:|1699574532\n|move|p2a: Calyrex|Grass Knot|p1a: Zoroark\n|-damage|p1a: Zoroark|0 fnt\n|faint|p1a: Zoroark\n|-ability|p2a: Calyrex|Grim Neigh|boost\n|-boost|p2a: Calyrex|spa|1\n|\n|upkeep\n|\n|t:|1699574542\n|switch|p1a: Dragapult|Dragapult, F, shiny|11\/100 psn\n|turn|13\n|\n|t:|1699574546\n|move|p2a: Calyrex|Nasty Plot|p2a: Calyrex\n|-boost|p2a: Calyrex|spa|2\n|move|p1a: Dragapult|Curse|p2a: Calyrex\n|-start|p2a: Calyrex|Curse|[of] p1a: Dragapult\n|-damage|p1a: Dragapult|0 fnt\n|faint|p1a: Dragapult\n|\n|-damage|p2a: Calyrex|76\/100|[from] Curse\n|upkeep\n|\n|t:|1699574556\n|switch|p1a: Regieleki|Regieleki, shiny|25\/100\n|-status|p1a: Regieleki|psn\n|turn|14\n|\n|t:|1699574564\n|move|p1a: Regieleki|Rapid Spin|p2a: Calyrex\n|-immune|p2a: Calyrex\n|move|p2a: Calyrex|Baton Pass|p2a: Calyrex\n|\n|t:|1699574569\n|switch|p2a: Koraidon|Koraidon|100\/100|[from] Baton Pass\n|-weather|SunnyDay|[from] ability: Orichalcum Pulse|[of] p2a: Koraidon\n|-activate|p2a: Koraidon|Orichalcum Pulse|[source]\n|\n|-weather|SunnyDay|[upkeep]\n|-damage|p1a: Regieleki|12\/100 psn|[from] psn\n|-damage|p2a: Koraidon|76\/100|[from] Curse\n|upkeep\n|turn|15\n|c|\u2606ouroborosuchiha|Have fun passing that curse around bud\n|c|\u260611223344556677889C|yeah\n|c|\u260611223344556677889C|uhhhhhhhhh\n|inactive|ouroborosuchiha has 120 seconds left.\n|\n|t:|1699574601\n|move|p1a: Regieleki|Zap Cannon|p2a: Koraidon|[miss]\n|-miss|p1a: Regieleki|p2a: Koraidon\n|move|p2a: Koraidon|Scale Shot|p1a: Regieleki\n|-damage|p1a: Regieleki|0 fnt\n|faint|p1a: Regieleki\n|-hitcount|p1: Regieleki|1\n|-unboost|p2a: Koraidon|def|1\n|-boost|p2a: Koraidon|spe|1\n|\n|-weather|SunnyDay|[upkeep]\n|-damage|p2a: Koraidon|51\/100|[from] Curse\n|upkeep\n|inactive|ouroborosuchiha has 120 seconds left.\n|\n|t:|1699574614\n|switch|p1a: Volcarona|Volcarona, F, shiny|100\/100\n|-status|p1a: Volcarona|psn\n|turn|16\n|inactive|ouroborosuchiha has 120 seconds left.\n|c|\u260611223344556677889C|it doesn't really effect me\\\n|\n|t:|1699574631\n|move|p2a: Koraidon|Collision Course|p1a: Volcarona\n|-resisted|p1a: Volcarona\n|-damage|p1a: Volcarona|56\/100 psn\n|-status|p2a: Koraidon|brn|[from] ability: Flame Body|[of] p1a: Volcarona\n|move|p1a: Volcarona|Quiver Dance|p1a: Volcarona\n|-boost|p1a: Volcarona|spa|1\n|-boost|p1a: Volcarona|spd|1\n|-boost|p1a: Volcarona|spe|1\n|\n|-weather|SunnyDay|[upkeep]\n|-heal|p1a: Volcarona|62\/100 psn|[from] item: Leftovers\n|-damage|p1a: Volcarona|50\/100 psn|[from] psn\n|-damage|p2a: Koraidon|44\/100 brn|[from] brn\n|-damage|p2a: Koraidon|20\/100 brn|[from] Curse\n|upkeep\n|turn|17\n|inactive|ouroborosuchiha has 120 seconds left.\n|\n|t:|1699574650\n|move|p2a: Koraidon|Scale Shot|p1a: Volcarona\n|-damage|p1a: Volcarona|39\/100 psn\n|-damage|p1a: Volcarona|27\/100 psn\n|-hitcount|p1a: Volcarona|2\n|-unboost|p2a: Koraidon|def|1\n|-boost|p2a: Koraidon|spe|1\n|move|p1a: Volcarona|Quiver Dance|p1a: Volcarona\n|-boost|p1a: Volcarona|spa|1\n|-boost|p1a: Volcarona|spd|1\n|-boost|p1a: Volcarona|spe|1\n|\n|-weather|SunnyDay|[upkeep]\n|-heal|p1a: Volcarona|33\/100 psn|[from] item: Leftovers\n|-damage|p1a: Volcarona|21\/100 psn|[from] psn\n|-damage|p2a: Koraidon|13\/100 brn|[from] brn\n|-damage|p2a: Koraidon|0 fnt|[from] Curse\n|faint|p2a: Koraidon\n|upkeep\n|\n|t:|1699574666\n|switch|p2a: Eternatus|Eternatus|53\/100\n|-ability|p2a: Eternatus|Pressure\n|turn|18\n|inactive|ouroborosuchiha has 120 seconds left.\n|c|\u260611223344556677889C|gg\n|\n|t:|1699574683\n|move|p1a: Volcarona|Fiery Dance|p2a: Eternatus\n|-resisted|p2a: Eternatus\n|-damage|p2a: Eternatus|5\/100\n|-enditem|p2a: Eternatus|Aguav Berry|[eat]\n|-heal|p2a: Eternatus|39\/100|[from] item: Aguav Berry\n|-start|p2a: Eternatus|confusion\n|-activate|p2a: Eternatus|confusion\n|move|p2a: Eternatus|Dynamax Cannon|p1a: Volcarona\n|-damage|p1a: Volcarona|0 fnt\n|faint|p1a: Volcarona\n|\n|win|11223344556677889C\n|raw|ouroborosuchiha's rating: 1245 &rarr; <strong>1219<\/strong><br \/>(-26 for losing)\n|raw|11223344556677889C's rating: 1229 &rarr; <strong>1255<\/strong><br \/>(+26 for winning)\n|c|\u2606ouroborosuchiha|Gg\n|c|\u260611223344556677889C|gg\n|l|\u2606ouroborosuchiha\n","uploadtime":1699574704,"views":5,"p1id":"ouroborosuchiha","p2id":"11223344556677889c","formatid":"gen9anythinggoes","rating":1219,"private":0,"password":""}