{"id":"gen9anythinggoes-1990177367","p1":"NostalgicSky","p2":"Cudmastergeneral","format":"[Gen 9] Anything Goes","log":"|j|\u2606NostalgicSky\n|j|\u2606Cudmastergeneral\n|t:|1699933318\n|gametype|singles\n|player|p1|NostalgicSky|clair|1338\n|player|p2|Cudmastergeneral|170|1275\n|teamsize|p1|6\n|teamsize|p2|6\n|gen|9\n|tier|[Gen 9] Anything Goes\n|rated|\n|rule|HP Percentage Mod: HP is shown in percentages\n|rule|Endless Battle Clause: Forcing endless battles is banned\n|clearpoke\n|poke|p1|Kyogre|\n|poke|p1|Azumarill, M|\n|poke|p1|Vaporeon, M|\n|poke|p1|Cloyster, M|\n|poke|p1|Quagsire, M|\n|poke|p1|Slowking, M|\n|poke|p2|Slowbro-Galar, M|\n|poke|p2|Ninetales-Alola, M|\n|poke|p2|Blissey, F|\n|poke|p2|Darkrai|\n|poke|p2|Dudunsparce-*, M|\n|poke|p2|Volcanion|\n|teampreview\n|\n|t:|1699933331\n|start\n|switch|p1a: Vaporeon|Vaporeon, M|100\/100\n|switch|p2a: Ninetales|Ninetales-Alola, M|100\/100\n|-weather|Snow|[from] ability: Snow Warning|[of] p2a: Ninetales\n|turn|1\n|\n|t:|1699933338\n|move|p2a: Ninetales|Aurora Veil|p2a: Ninetales\n|-sidestart|p2: Cudmastergeneral|move: Aurora Veil\n|move|p1a: Vaporeon|Substitute|p1a: Vaporeon\n|-start|p1a: Vaporeon|Substitute\n|-damage|p1a: Vaporeon|76\/100\n|\n|-weather|Snow|[upkeep]\n|upkeep\n|turn|2\n|\n|t:|1699933344\n|move|p1a: Vaporeon|Yawn|p2a: Ninetales\n|-start|p2a: Ninetales|move: Yawn|[of] p1a: Vaporeon\n|move|p2a: Ninetales|Roar|p1a: Vaporeon\n|drag|p1a: Quagsire|Quagsire, M|100\/100\n|\n|-weather|Snow|[upkeep]\n|upkeep\n|turn|3\n|\n|t:|1699933353\n|switch|p2a: Dudunsparce|Dudunsparce-Three-Segment, M|100\/100\n|switch|p1a: Azumarill|Azumarill, M|100\/100\n|\n|-weather|Snow|[upkeep]\n|upkeep\n|turn|4\n|\n|t:|1699933362\n|move|p2a: Dudunsparce|Glare|p1a: Azumarill\n|-status|p1a: Azumarill|par\n|-enditem|p1a: Azumarill|Lum Berry|[eat]\n|-curestatus|p1a: Azumarill|par|[msg]\n|move|p1a: Azumarill|Belly Drum|p1a: Azumarill\n|-damage|p1a: Azumarill|50\/100\n|-setboost|p1a: Azumarill|atk|6|[from] move: Belly Drum\n|\n|-weather|Snow|[upkeep]\n|upkeep\n|turn|5\n|\n|t:|1699933371\n|move|p2a: Dudunsparce|Coil|p2a: Dudunsparce\n|-boost|p2a: Dudunsparce|atk|1\n|-boost|p2a: Dudunsparce|def|1\n|-boost|p2a: Dudunsparce|accuracy|1\n|move|p1a: Azumarill|Brick Break|p2a: Dudunsparce\n|-sideend|p2: Cudmastergeneral|move: Aurora Veil\n|-supereffective|p2a: Dudunsparce\n|-enditem|p2a: Dudunsparce|Focus Sash\n|-damage|p2a: Dudunsparce|1\/100\n|\n|-weather|none\n|upkeep\n|turn|6\n|\n|t:|1699933389\n|move|p1a: Azumarill|Aqua Jet|p2a: Dudunsparce\n|-damage|p2a: Dudunsparce|0 fnt\n|faint|p2a: Dudunsparce\n|\n|upkeep\n|\n|t:|1699933396\n|switch|p2a: Kids see ghosts|Darkrai|100\/100\n|turn|7\n|inactive|Battle timer is ON: inactive players will automatically lose when time's up. (requested by Cudmastergeneral)\n|\n|t:|1699933446\n|-terastallize|p2a: Kids see ghosts|Ghost\n|move|p2a: Kids see ghosts|Hypnosis|p1a: Azumarill\n|-status|p1a: Azumarill|slp|[from] move: Hypnosis\n|cant|p1a: Azumarill|slp\n|\n|-damage|p1a: Azumarill|38\/100 slp|[from] ability: Bad Dreams|[of] p2a: Kids see ghosts\n|upkeep\n|turn|8\n|\n|t:|1699933455\n|cant|p1a: Azumarill|slp\n|move|p2a: Kids see ghosts|Hex|p1a: Azumarill\n|-damage|p1a: Azumarill|0 fnt\n|faint|p1a: Azumarill\n|\n|upkeep\n|\n|t:|1699933463\n|switch|p1a: Vaporeon|Vaporeon, M|76\/100\n|turn|9\n|\n|t:|1699933484\n|move|p2a: Kids see ghosts|Hypnosis|p1a: Vaporeon|[miss]\n|-miss|p2a: Kids see ghosts|p1a: Vaporeon\n|-enditem|p2a: Kids see ghosts|Blunder Policy\n|-boost|p2a: Kids see ghosts|spe|2\n|move|p1a: Vaporeon|Yawn|p2a: Kids see ghosts\n|-start|p2a: Kids see ghosts|move: Yawn|[of] p1a: Vaporeon\n|\n|upkeep\n|turn|10\n|\n|t:|1699933497\n|move|p2a: Kids see ghosts|Hypnosis|p1a: Vaporeon\n|-status|p1a: Vaporeon|slp|[from] move: Hypnosis\n|-enditem|p1a: Vaporeon|Lum Berry|[eat]\n|-curestatus|p1a: Vaporeon|slp|[msg]\n|move|p1a: Vaporeon|Substitute|p1a: Vaporeon\n|-start|p1a: Vaporeon|Substitute\n|-damage|p1a: Vaporeon|51\/100\n|\n|-end|p2a: Kids see ghosts|move: Yawn|[silent]\n|-status|p2a: Kids see ghosts|slp\n|upkeep\n|turn|11\n|\n|t:|1699933508\n|cant|p2a: Kids see ghosts|slp\n|move|p1a: Vaporeon|Baton Pass|p1a: Vaporeon\n|\n|t:|1699933511\n|switch|p1a: Cloyster|Cloyster, M|100\/100|[from] Baton Pass\n|\n|upkeep\n|turn|12\n|\n|t:|1699933515\n|cant|p2a: Kids see ghosts|slp\n|move|p1a: Cloyster|Shell Smash|p1a: Cloyster\n|-unboost|p1a: Cloyster|def|1\n|-unboost|p1a: Cloyster|spd|1\n|-boost|p1a: Cloyster|atk|2\n|-boost|p1a: Cloyster|spa|2\n|-boost|p1a: Cloyster|spe|2\n|\n|upkeep\n|turn|13\n|\n|t:|1699933523\n|-curestatus|p2a: Kids see ghosts|slp|[msg]\n|move|p2a: Kids see ghosts|Dark Pulse|p1a: Cloyster\n|-end|p1a: Cloyster|Substitute\n|move|p1a: Cloyster|Shell Smash|p1a: Cloyster\n|-unboost|p1a: Cloyster|def|1\n|-unboost|p1a: Cloyster|spd|1\n|-boost|p1a: Cloyster|atk|2\n|-boost|p1a: Cloyster|spa|2\n|-boost|p1a: Cloyster|spe|2\n|\n|upkeep\n|turn|14\n|\n|t:|1699933534\n|move|p1a: Cloyster|Icicle Spear|p2a: Kids see ghosts\n|-damage|p2a: Kids see ghosts|51\/100\n|-damage|p2a: Kids see ghosts|4\/100\n|-damage|p2a: Kids see ghosts|0 fnt\n|faint|p2a: Kids see ghosts\n|-hitcount|p2: Kids see ghosts|3\n|\n|upkeep\n|\n|t:|1699933541\n|switch|p2a: Ninetales|Ninetales-Alola, M|100\/100\n|-weather|Snow|[from] ability: Snow Warning|[of] p2a: Ninetales\n|turn|15\n|\n|t:|1699933546\n|move|p1a: Cloyster|Rock Blast|p2a: Ninetales\n|-supereffective|p2a: Ninetales\n|-damage|p2a: Ninetales|59\/100\n|-supereffective|p2a: Ninetales\n|-damage|p2a: Ninetales|20\/100\n|-supereffective|p2a: Ninetales\n|-damage|p2a: Ninetales|0 fnt\n|faint|p2a: Ninetales\n|-hitcount|p2: Ninetales|3\n|\n|-weather|Snow|[upkeep]\n|upkeep\n|\n|t:|1699933560\n|switch|p2a: Slowbro|Slowbro-Galar, M|100\/100\n|turn|16\n|inactive|Cudmastergeneral has 120 seconds left.\n|-activate|p2a: Slowbro|ability: Quick Draw\n|\n|t:|1699933592\n|move|p2a: Slowbro|Shell Side Arm|p1a: Cloyster|[anim] Shell Side Arm Special\n|-damage|p1a: Cloyster|0 fnt\n|-hint|Special Shell Side Arm\n|faint|p1a: Cloyster\n|\n|-weather|Snow|[upkeep]\n|upkeep\n|\n|t:|1699933607\n|switch|p1a: Kyogre|Kyogre|100\/100\n|-weather|RainDance|[from] ability: Drizzle|[of] p1a: Kyogre\n|turn|17\n|\n|t:|1699933620\n|switch|p2a: Volcanion|Volcanion|100\/100\n|-item|p2a: Volcanion|Air Balloon\n|-terastallize|p1a: Kyogre|Electric\n|move|p1a: Kyogre|Thunder|p2a: Volcanion\n|-supereffective|p2a: Volcanion\n|-crit|p2a: Volcanion\n|-damage|p2a: Volcanion|0 fnt\n|-enditem|p2a: Volcanion|Air Balloon\n|faint|p2a: Volcanion\n|\n|-weather|RainDance|[upkeep]\n|upkeep\n|\n|t:|1699933630\n|switch|p2a: Blissey|Blissey, F|100\/100\n|turn|18\n|\n|t:|1699933638\n|switch|p1a: Slowking|Slowking, M|100\/100\n|move|p2a: Blissey|Echoed Voice|p1a: Slowking\n|-damage|p1a: Slowking|89\/100\n|\n|-weather|RainDance|[upkeep]\n|-heal|p1a: Slowking|95\/100|[from] item: Leftovers\n|upkeep\n|turn|19\n|inactive|Cudmastergeneral has 120 seconds left.\n|\n|t:|1699933668\n|move|p2a: Blissey|Echoed Voice|p1a: Slowking\n|-damage|p1a: Slowking|70\/100\n|move|p1a: Slowking|Yawn|p2a: Blissey\n|-start|p2a: Blissey|move: Yawn|[of] p1a: Slowking\n|\n|-weather|RainDance|[upkeep]\n|-heal|p1a: Slowking|76\/100|[from] item: Leftovers\n|upkeep\n|turn|20\n|\n|t:|1699933676\n|switch|p2a: Slowbro|Slowbro-Galar, M|100\/100\n|move|p1a: Slowking|Reflect|p1a: Slowking\n|-sidestart|p1: NostalgicSky|Reflect\n|\n|-weather|RainDance|[upkeep]\n|-heal|p1a: Slowking|82\/100|[from] item: Leftovers\n|upkeep\n|turn|21\n|\n|t:|1699933682\n|move|p1a: Slowking|Light Screen|p1a: Slowking\n|-sidestart|p1: NostalgicSky|move: Light Screen\n|move|p2a: Slowbro|Shell Side Arm|p1a: Slowking|[anim] Shell Side Arm Physical\n|-damage|p1a: Slowking|57\/100\n|-hint|Physical Shell Side Arm\n|\n|-weather|none\n|-heal|p1a: Slowking|63\/100|[from] item: Leftovers\n|upkeep\n|turn|22\n|-activate|p2a: Slowbro|ability: Quick Draw\n|\n|t:|1699933691\n|move|p2a: Slowbro|Shell Side Arm|p1a: Slowking|[anim] Shell Side Arm Physical\n|-damage|p1a: Slowking|38\/100\n|-hint|Physical Shell Side Arm\n|move|p1a: Slowking|Yawn|p2a: Slowbro\n|-start|p2a: Slowbro|move: Yawn|[of] p1a: Slowking\n|\n|-heal|p1a: Slowking|44\/100|[from] item: Leftovers\n|upkeep\n|turn|23\n|\n|t:|1699933702\n|switch|p1a: Vaporeon|Vaporeon, M|51\/100\n|switch|p2a: Blissey|Blissey, F|100\/100\n|\n|upkeep\n|turn|24\n|inactive|Cudmastergeneral has 120 seconds left.\n|\n|t:|1699933738\n|move|p1a: Vaporeon|Yawn|p2a: Blissey\n|-start|p2a: Blissey|move: Yawn|[of] p1a: Vaporeon\n|move|p2a: Blissey|Hyper Voice|p1a: Vaporeon\n|-damage|p1a: Vaporeon|38\/100\n|\n|-sideend|p1: NostalgicSky|Reflect\n|upkeep\n|turn|25\n|inactive|Cudmastergeneral has 120 seconds left.\n|\n|t:|1699933745\n|switch|p2a: Slowbro|Slowbro-Galar, M|100\/100\n|move|p1a: Vaporeon|Substitute|p1a: Vaporeon\n|-start|p1a: Vaporeon|Substitute\n|-damage|p1a: Vaporeon|13\/100\n|\n|-sideend|p1: NostalgicSky|move: Light Screen\n|upkeep\n|turn|26\n|\n|t:|1699933752\n|move|p1a: Vaporeon|Yawn|p2a: Slowbro\n|-start|p2a: Slowbro|move: Yawn|[of] p1a: Vaporeon\n|move|p2a: Slowbro|Shell Side Arm|p1a: Vaporeon|[anim] Shell Side Arm Physical\n|-end|p1a: Vaporeon|Substitute\n|-hint|Physical Shell Side Arm\n|\n|upkeep\n|turn|27\n|\n|t:|1699933764\n|switch|p1a: Kyogre|Kyogre, tera:Electric|100\/100\n|-weather|RainDance|[from] ability: Drizzle|[of] p1a: Kyogre\n|switch|p2a: Blissey|Blissey, F|100\/100\n|\n|-weather|RainDance|[upkeep]\n|upkeep\n|turn|28\n|\n|t:|1699933783\n|move|p1a: Kyogre|Calm Mind|p1a: Kyogre\n|-boost|p1a: Kyogre|spa|1\n|-boost|p1a: Kyogre|spd|1\n|move|p2a: Blissey|Echoed Voice|p1a: Kyogre\n|-damage|p1a: Kyogre|92\/100\n|\n|-weather|RainDance|[upkeep]\n|upkeep\n|turn|29\n|\n|t:|1699933791\n|move|p1a: Kyogre|Calm Mind|p1a: Kyogre\n|-boost|p1a: Kyogre|spa|1\n|-boost|p1a: Kyogre|spd|1\n|move|p2a: Blissey|Echoed Voice|p1a: Kyogre\n|-damage|p1a: Kyogre|81\/100\n|\n|-weather|RainDance|[upkeep]\n|upkeep\n|turn|30\n|\n|t:|1699933798\n|move|p1a: Kyogre|Calm Mind|p1a: Kyogre\n|-boost|p1a: Kyogre|spa|1\n|-boost|p1a: Kyogre|spd|1\n|move|p2a: Blissey|Echoed Voice|p1a: Kyogre\n|-damage|p1a: Kyogre|66\/100\n|\n|-weather|RainDance|[upkeep]\n|upkeep\n|turn|31\n|\n|t:|1699933816\n|move|p1a: Kyogre|Calm Mind|p1a: Kyogre\n|-boost|p1a: Kyogre|spa|1\n|-boost|p1a: Kyogre|spd|1\n|move|p2a: Blissey|Echoed Voice|p1a: Kyogre\n|-damage|p1a: Kyogre|50\/100\n|\n|-weather|none\n|upkeep\n|turn|32\n|\n|t:|1699933826\n|move|p1a: Kyogre|Thunder|p2a: Blissey|[miss]\n|-miss|p1a: Kyogre|p2a: Blissey\n|move|p2a: Blissey|Echoed Voice|p1a: Kyogre\n|-damage|p1a: Kyogre|30\/100\n|\n|upkeep\n|turn|33\n|\n|t:|1699933838\n|move|p1a: Kyogre|Thunder|p2a: Blissey\n|-damage|p2a: Blissey|29\/100\n|move|p2a: Blissey|Echoed Voice|p1a: Kyogre\n|-damage|p1a: Kyogre|11\/100\n|\n|-heal|p2a: Blissey|35\/100|[from] item: Leftovers\n|upkeep\n|turn|34\n|\n|t:|1699933845\n|move|p1a: Kyogre|Ice Beam|p2a: Blissey\n|-damage|p2a: Blissey|0 fnt\n|faint|p2a: Blissey\n|\n|upkeep\n|\n|t:|1699933848\n|switch|p2a: Slowbro|Slowbro-Galar, M|100\/100\n|turn|35\n|-activate|p2a: Slowbro|ability: Quick Draw\n|\n|t:|1699933858\n|move|p2a: Slowbro|Shell Side Arm|p1a: Kyogre|[anim] Shell Side Arm Physical\n|-damage|p1a: Kyogre|0 fnt\n|-hint|Physical Shell Side Arm\n|faint|p1a: Kyogre\n|\n|upkeep\n|\n|t:|1699933866\n|switch|p1a: Vaporeon|Vaporeon, M|13\/100\n|turn|36\n|-activate|p2a: Slowbro|ability: Quick Draw\n|\n|t:|1699933877\n|move|p2a: Slowbro|Shell Side Arm|p1a: Vaporeon|[anim] Shell Side Arm Physical\n|-damage|p1a: Vaporeon|0 fnt\n|-hint|Physical Shell Side Arm\n|faint|p1a: Vaporeon\n|\n|upkeep\n|\n|t:|1699933883\n|switch|p1a: Slowking|Slowking, M|77\/100\n|turn|37\n|\n|t:|1699933901\n|move|p1a: Slowking|Yawn|p2a: Slowbro\n|-start|p2a: Slowbro|move: Yawn|[of] p1a: Slowking\n|move|p2a: Slowbro|Shell Side Arm|p1a: Slowking|[anim] Shell Side Arm Physical\n|-damage|p1a: Slowking|27\/100\n|-hint|Physical Shell Side Arm\n|\n|-heal|p1a: Slowking|33\/100|[from] item: Leftovers\n|upkeep\n|turn|38\n|-message|NostalgicSky forfeited.\n|\n|win|Cudmastergeneral\n|raw|NostalgicSky's rating: 1338 &rarr; <strong>1314<\/strong><br \/>(-24 for losing)\n|raw|Cudmastergeneral's rating: 1275 &rarr; <strong>1304<\/strong><br \/>(+29 for winning)\n|l|\u2606NostalgicSky\n","uploadtime":1699933916,"views":4,"p1id":"nostalgicsky","p2id":"cudmastergeneral","formatid":"gen9anythinggoes","rating":1304,"private":0,"password":""}