{"id":"gen9anythinggoes-1995270848","p1":"Endeavor7","p2":"Ripjaw_3158","format":"[Gen 9] Anything Goes","log":"|j|\u2606Endeavor7\n|j|\u2606Ripjaw_3158\n|t:|1700544485\n|gametype|singles\n|player|p1|Endeavor7|policeman-gen4|1042\n|player|p2|Ripjaw_3158|red|1000\n|teamsize|p1|6\n|teamsize|p2|6\n|gen|9\n|tier|[Gen 9] Anything Goes\n|rated|\n|rule|HP Percentage Mod: HP is shown in percentages\n|rule|Endless Battle Clause: Forcing endless battles is banned\n|clearpoke\n|poke|p1|Furret, M|\n|poke|p1|Furret, M|\n|poke|p1|Furret, F|\n|poke|p1|Furret, M|\n|poke|p1|Furret, M|\n|poke|p1|Furret, M|\n|poke|p2|Qwilfish, M|\n|poke|p2|Calyrex-Shadow|\n|poke|p2|Rayquaza|\n|poke|p2|Ursaluna-Bloodmoon, M|\n|poke|p2|Espathra, M|\n|poke|p2|Chi-Yu|\n|teampreview\n|inactive|Battle timer is ON: inactive players will automatically lose when time's up. (requested by Endeavor7)\n|\n|t:|1700544489\n|start\n|switch|p1a: Sweeper|Furret, M|100\/100\n|switch|p2a: Balloon|Qwilfish, M, shiny|100\/100\n|-item|p2a: Balloon|Focus Sash|[from] ability: Frisk|[of] p1a: Sweeper|[identify]\n|turn|1\n|\n|t:|1700544497\n|move|p1a: Sweeper|Amnesia|p1a: Sweeper\n|-boost|p1a: Sweeper|spd|2\n|move|p2a: Balloon|Toxic Spikes|p1a: Sweeper\n|-sidestart|p1: Endeavor7|move: Toxic Spikes\n|\n|upkeep\n|turn|2\n|\n|t:|1700544505\n|move|p1a: Sweeper|Amnesia|p1a: Sweeper\n|-boost|p1a: Sweeper|spd|2\n|move|p2a: Balloon|Destiny Bond|p2a: Balloon\n|-singlemove|p2a: Balloon|Destiny Bond\n|\n|upkeep\n|turn|3\n|\n|t:|1700544511\n|move|p1a: Sweeper|Tidy Up|p1a: Sweeper\n|-sideend|p1: Endeavor7|Toxic Spikes\n|-activate|p1a: Sweeper|move: Tidy Up\n|-boost|p1a: Sweeper|atk|1\n|-boost|p1a: Sweeper|spe|1\n|move|p2a: Balloon|Toxic Spikes|p1a: Sweeper\n|-sidestart|p1: Endeavor7|move: Toxic Spikes\n|\n|upkeep\n|turn|4\n|\n|t:|1700544522\n|move|p1a: Sweeper|Tidy Up|p1a: Sweeper\n|-sideend|p1: Endeavor7|Toxic Spikes\n|-activate|p1a: Sweeper|move: Tidy Up\n|-boost|p1a: Sweeper|atk|1\n|-boost|p1a: Sweeper|spe|1\n|move|p2a: Balloon|Toxic Spikes|p1a: Sweeper\n|-sidestart|p1: Endeavor7|move: Toxic Spikes\n|\n|upkeep\n|turn|5\n|\n|t:|1700544531\n|move|p1a: Sweeper|Tidy Up|p1a: Sweeper\n|-sideend|p1: Endeavor7|Toxic Spikes\n|-activate|p1a: Sweeper|move: Tidy Up\n|-boost|p1a: Sweeper|atk|1\n|-boost|p1a: Sweeper|spe|1\n|move|p2a: Balloon|Flip Turn|p1a: Sweeper\n|-damage|p1a: Sweeper|75\/100\n|\n|t:|1700544545\n|switch|p2a: McKing|Espathra, M, shiny|100\/100|[from] Flip Turn\n|\n|upkeep\n|turn|6\n|\n|t:|1700544553\n|move|p1a: Sweeper|Body Slam|p2a: McKing\n|-damage|p2a: McKing|22\/100\n|move|p2a: McKing|Lumina Crash|p1a: Sweeper\n|-damage|p1a: Sweeper|60\/100\n|-unboost|p1a: Sweeper|spd|2\n|\n|upkeep\n|turn|7\n|\n|t:|1700544562\n|move|p1a: Sweeper|Body Slam|p2a: McKing\n|-damage|p2a: McKing|0 fnt\n|faint|p2a: McKing\n|\n|upkeep\n|\n|t:|1700544568\n|switch|p2a: Balloon|Qwilfish, M, shiny|100\/100\n|turn|8\n|\n|t:|1700544587\n|move|p1a: Sweeper|Baton Pass|p1a: Sweeper\n|\n|t:|1700544594\n|switch|p1a: Broom Bro|Furret, M|100\/100|[from] Baton Pass\n|-item|p2a: Balloon|Focus Sash|[from] ability: Frisk|[of] p1a: Broom Bro|[identify]\n|move|p2a: Balloon|Destiny Bond|p2a: Balloon\n|-singlemove|p2a: Balloon|Destiny Bond\n|\n|upkeep\n|turn|9\n|\n|t:|1700544602\n|move|p1a: Broom Bro|Coil|p1a: Broom Bro\n|-boost|p1a: Broom Bro|atk|1\n|-boost|p1a: Broom Bro|def|1\n|-boost|p1a: Broom Bro|accuracy|1\n|move|p2a: Balloon|Destiny Bond||[still]\n|-fail|p2a: Balloon\n|\n|upkeep\n|turn|10\n|\n|t:|1700544615\n|move|p1a: Broom Bro|Coil|p1a: Broom Bro\n|-boost|p1a: Broom Bro|atk|1\n|-boost|p1a: Broom Bro|def|1\n|-boost|p1a: Broom Bro|accuracy|1\n|move|p2a: Balloon|Toxic Spikes|p1a: Broom Bro\n|-sidestart|p1: Endeavor7|move: Toxic Spikes\n|\n|upkeep\n|turn|11\n|\n|t:|1700544630\n|move|p1a: Broom Bro|Body Slam|p2a: Balloon\n|-enditem|p2a: Balloon|Focus Sash\n|-damage|p2a: Balloon|1\/100\n|move|p2a: Balloon|Destiny Bond|p2a: Balloon\n|-singlemove|p2a: Balloon|Destiny Bond\n|\n|upkeep\n|turn|12\n|\n|t:|1700544638\n|move|p1a: Broom Bro|Tidy Up|p1a: Broom Bro\n|-sideend|p1: Endeavor7|Toxic Spikes\n|-activate|p1a: Broom Bro|move: Tidy Up\n|-boost|p1a: Broom Bro|atk|1\n|-boost|p1a: Broom Bro|spe|1\n|move|p2a: Balloon|Toxic Spikes|p1a: Broom Bro\n|-sidestart|p1: Endeavor7|move: Toxic Spikes\n|\n|upkeep\n|turn|13\n|\n|t:|1700544645\n|move|p1a: Broom Bro|Body Slam|p2a: Balloon\n|-damage|p2a: Balloon|0 fnt\n|faint|p2a: Balloon\n|\n|upkeep\n|\n|t:|1700544650\n|switch|p2a: Nuh-Uh|Ursaluna-Bloodmoon, M|100\/100\n|turn|14\n|\n|t:|1700544664\n|move|p1a: Broom Bro|Body Slam|p2a: Nuh-Uh\n|-damage|p2a: Nuh-Uh|10\/100\n|-status|p2a: Nuh-Uh|par\n|cant|p2a: Nuh-Uh|par\n|\n|upkeep\n|turn|15\n|\n|t:|1700544680\n|switch|p2a: Guppy|Chi-Yu|100\/100\n|-ability|p2a: Guppy|Beads of Ruin\n|move|p1a: Broom Bro|Body Slam|p2a: Guppy\n|-damage|p2a: Guppy|0 fnt\n|faint|p2a: Guppy\n|\n|upkeep\n|\n|t:|1700544689\n|switch|p2a: Ghost Rider|Calyrex-Shadow|100\/100\n|-ability|p2a: Ghost Rider|As One\n|-ability|p2a: Ghost Rider|Unnerve\n|turn|16\n|\n|t:|1700544709\n|move|p1a: Broom Bro|Baton Pass|p1a: Broom Bro\n|\n|t:|1700544711\n|switch|p1a: Dark Sweeper|Furret, M|100\/100|[from] Baton Pass\n|-status|p1a: Dark Sweeper|psn\n|-item|p2a: Ghost Rider|Clear Amulet|[from] ability: Frisk|[of] p1a: Dark Sweeper|[identify]\n|move|p2a: Ghost Rider|Psychic|p1a: Dark Sweeper\n|-damage|p1a: Dark Sweeper|42\/100 psn\n|\n|-damage|p1a: Dark Sweeper|30\/100 psn|[from] psn\n|upkeep\n|turn|17\n|\n|t:|1700544736\n|move|p1a: Dark Sweeper|Knock Off|p2a: Ghost Rider\n|-supereffective|p2a: Ghost Rider\n|-damage|p2a: Ghost Rider|0 fnt\n|-enditem|p2a: Ghost Rider|Clear Amulet|[from] move: Knock Off|[of] p1a: Dark Sweeper\n|faint|p2a: Ghost Rider\n|\n|-damage|p1a: Dark Sweeper|17\/100 psn|[from] psn\n|upkeep\n|inactive|Ripjaw_3158 has 120 seconds left.\n|\n|t:|1700544746\n|switch|p2a: Snek|Rayquaza, shiny|100\/100\n|-ability|p2a: Snek|Air Lock\n|turn|18\n|\n|t:|1700544755\n|move|p1a: Dark Sweeper|Baton Pass|p1a: Dark Sweeper\n|\n|t:|1700544771\n|switch|p1a: Mop Master|Furret, F, shiny|100\/100|[from] Baton Pass\n|-status|p1a: Mop Master|psn\n|-item|p2a: Snek|Leftovers|[from] ability: Frisk|[of] p1a: Mop Master|[identify]\n|move|p2a: Snek|Dragon Claw|p1a: Mop Master\n|-damage|p1a: Mop Master|65\/100 psn\n|\n|-damage|p1a: Mop Master|52\/100 psn|[from] psn\n|upkeep\n|turn|19\n|\n|t:|1700544786\n|move|p1a: Mop Master|Play Rough|p2a: Snek\n|-supereffective|p2a: Snek\n|-damage|p2a: Snek|0 fnt\n|faint|p2a: Snek\n|\n|-damage|p1a: Mop Master|40\/100 psn|[from] psn\n|upkeep\n|\n|t:|1700544794\n|switch|p2a: Nuh-Uh|Ursaluna-Bloodmoon, M|10\/100 par\n|turn|20\n|\n|t:|1700544801\n|-terastallize|p2a: Nuh-Uh|Flying\n|move|p1a: Mop Master|Giga Impact|p2a: Nuh-Uh\n|-damage|p2a: Nuh-Uh|0 fnt\n|-mustrecharge|p1a: Mop Master\n|faint|p2a: Nuh-Uh\n|\n|win|Endeavor7\n|raw|Endeavor7's rating: 1042 &rarr; <strong>1072<\/strong><br \/>(+30 for winning)\n|raw|Ripjaw_3158's rating: 1000 &rarr; <strong>1000<\/strong><br \/>(+0 for losing)\n","uploadtime":1700544807,"views":4,"p1id":"endeavor7","p2id":"ripjaw3158","formatid":"gen9anythinggoes","rating":1000,"private":0,"password":""}