{"id":"gen9anythinggoes-1972524640","p1":"yayitsbruhberry","p2":"heinzzz","format":"[Gen 9] Anything Goes","log":"|j|\u2606yayitsbruhberry\n|j|\u2606heinzzz\n|t:|1697852803\n|gametype|singles\n|player|p1|yayitsbruhberry|caitlin|\n|player|p2|heinzzz|102|\n|teamsize|p1|6\n|teamsize|p2|6\n|gen|9\n|tier|[Gen 9] Anything Goes\n|rule|HP Percentage Mod: HP is shown in percentages\n|rule|Endless Battle Clause: Forcing endless battles is banned\n|clearpoke\n|poke|p1|Miraidon|\n|poke|p1|Chien-Pao|\n|poke|p1|Corviknight, F|\n|poke|p1|Ting-Lu|\n|poke|p1|Koraidon|\n|poke|p1|Toxapex, M|\n|poke|p2|Roaring Moon|\n|poke|p2|Ceruledge, M|\n|poke|p2|Torkoal, M|\n|poke|p2|Iron Moth|\n|poke|p2|Great Tusk|\n|poke|p2|Hatterene, F|\n|teampreview\n|\n|t:|1697852824\n|start\n|switch|p1a: Miraidon|Miraidon|100\/100\n|switch|p2a: Iron Moth|Iron Moth|100\/100\n|-fieldstart|move: Electric Terrain|[from] ability: Hadron Engine|[of] p1a: Miraidon\n|-activate|p2a: Iron Moth|ability: Quark Drive\n|-start|p2a: Iron Moth|quarkdrivespe\n|turn|1\n|\n|t:|1697852841\n|move|p2a: Iron Moth|Fiery Dance|p1a: Miraidon\n|-resisted|p1a: Miraidon\n|-damage|p1a: Miraidon|85\/100\n|move|p1a: Miraidon|Calm Mind|p1a: Miraidon\n|-boost|p1a: Miraidon|spa|1\n|-boost|p1a: Miraidon|spd|1\n|\n|-heal|p1a: Miraidon|92\/100|[from] item: Leftovers\n|upkeep\n|turn|2\n|\n|t:|1697852851\n|move|p2a: Iron Moth|Sludge Wave|p1a: Miraidon\n|-damage|p1a: Miraidon|67\/100\n|move|p1a: Miraidon|Calm Mind|p1a: Miraidon\n|-boost|p1a: Miraidon|spa|1\n|-boost|p1a: Miraidon|spd|1\n|\n|-heal|p1a: Miraidon|73\/100|[from] item: Leftovers\n|upkeep\n|turn|3\n|\n|t:|1697852859\n|move|p2a: Iron Moth|Sludge Wave|p1a: Miraidon\n|-damage|p1a: Miraidon|53\/100\n|move|p1a: Miraidon|Parabolic Charge|p2a: Iron Moth\n|-damage|p2a: Iron Moth|0 fnt\n|-heal|p1a: Miraidon|91\/100|[from] drain|[of] p2a: Iron Moth\n|faint|p2a: Iron Moth\n|-end|p2a: Iron Moth|Quark Drive|[silent]\n|\n|-heal|p1a: Miraidon|97\/100|[from] item: Leftovers\n|upkeep\n|\n|t:|1697852873\n|switch|p2a: Roaring Moon|Roaring Moon|100\/100\n|turn|4\n|\n|t:|1697852879\n|-terastallize|p2a: Roaring Moon|Dark\n|move|p2a: Roaring Moon|Knock Off|p1a: Miraidon\n|-damage|p1a: Miraidon|5\/100\n|-enditem|p1a: Miraidon|Leftovers|[from] move: Knock Off|[of] p2a: Roaring Moon\n|move|p1a: Miraidon|Agility|p1a: Miraidon\n|-boost|p1a: Miraidon|spe|2\n|\n|upkeep\n|turn|5\n|\n|t:|1697852890\n|move|p1a: Miraidon|Parabolic Charge|p2a: Roaring Moon\n|-damage|p2a: Roaring Moon|0 fnt\n|-heal|p1a: Miraidon|50\/100|[from] drain|[of] p2a: Roaring Moon\n|faint|p2a: Roaring Moon\n|-end|p2a: Roaring Moon|Protosynthesis|[silent]\n|\n|-fieldend|move: Electric Terrain\n|upkeep\n|\n|t:|1697852901\n|switch|p2a: Great Tusk|Great Tusk|100\/100\n|turn|6\n|\n|t:|1697852909\n|move|p1a: Miraidon|Dazzling Gleam|p2a: Great Tusk\n|-supereffective|p2a: Great Tusk\n|-damage|p2a: Great Tusk|0 fnt\n|faint|p2a: Great Tusk\n|-end|p2a: Great Tusk|Protosynthesis|[silent]\n|\n|upkeep\n|\n|t:|1697852916\n|switch|p2a: Torkoal|Torkoal, M|100\/100\n|-weather|SunnyDay|[from] ability: Drought|[of] p2a: Torkoal\n|turn|7\n|\n|t:|1697852923\n|move|p1a: Miraidon|Parabolic Charge|p2a: Torkoal\n|-damage|p2a: Torkoal|0 fnt\n|-heal|p1a: Miraidon|93\/100|[from] drain|[of] p2a: Torkoal\n|faint|p2a: Torkoal\n|\n|-weather|SunnyDay|[upkeep]\n|upkeep\n|\n|t:|1697852926\n|switch|p2a: Hatterene|Hatterene, F|100\/100\n|turn|8\n|\n|t:|1697852957\n|move|p1a: Miraidon|Dazzling Gleam|p2a: Hatterene\n|-damage|p2a: Hatterene|38\/100\n|-enditem|p2a: Hatterene|Eject Button\n|\n|t:|1697852961\n|switch|p2a: Ceruledge|Ceruledge, M|100\/100\n|\n|-weather|SunnyDay|[upkeep]\n|upkeep\n|turn|9\n|c|\u2606yayitsbruhberry|that bitch was not named hyein\n|c|\u2606yayitsbruhberry|daisy\n|\n|t:|1697852972\n|move|p1a: Miraidon|Parabolic Charge|p2a: Ceruledge\n|-damage|p2a: Ceruledge|7\/100\n|-heal|p1a: Miraidon|100\/100|[from] drain|[of] p2a: Ceruledge\n|move|p2a: Ceruledge|Swords Dance|p2a: Ceruledge\n|-boost|p2a: Ceruledge|atk|2\n|\n|-weather|SunnyDay|[upkeep]\n|upkeep\n|turn|10\n|\n|t:|1697852979\n|move|p2a: Ceruledge|Shadow Sneak|p1a: Miraidon\n|-damage|p1a: Miraidon|68\/100\n|move|p1a: Miraidon|Parabolic Charge|p2a: Ceruledge\n|-damage|p2a: Ceruledge|0 fnt\n|-heal|p1a: Miraidon|70\/100|[from] drain|[of] p2a: Ceruledge\n|faint|p2a: Ceruledge\n|\n|-weather|SunnyDay|[upkeep]\n|upkeep\n|\n|t:|1697852983\n|switch|p2a: Hatterene|Hatterene, F|38\/100\n|turn|11\n|\n|t:|1697852991\n|move|p1a: Miraidon|Parabolic Charge|p2a: Hatterene\n|-crit|p2a: Hatterene\n|-damage|p2a: Hatterene|0 fnt\n|-heal|p1a: Miraidon|85\/100|[from] drain|[of] p2a: Hatterene\n|faint|p2a: Hatterene\n|\n|win|yayitsbruhberry\n","uploadtime":1697852998,"views":19,"p1id":"yayitsbruhberry","p2id":"heinzzz","formatid":"gen9anythinggoes","rating":0,"private":0,"password":""}