{"id":"gen9anythinggoes-1983212264","p1":"tacthemenace","p2":"Daice","format":"[Gen 9] Anything Goes","log":"|j|\u2606tacthemenace\n|j|\u2606Daice\n|t:|1699105844\n|gametype|singles\n|player|p1|tacthemenace|dancer|1080\n|player|p2|Daice|iris|1200\n|teamsize|p1|6\n|teamsize|p2|6\n|gen|9\n|tier|[Gen 9] Anything Goes\n|rated|\n|rule|HP Percentage Mod: HP is shown in percentages\n|rule|Endless Battle Clause: Forcing endless battles is banned\n|clearpoke\n|poke|p1|Grimmsnarl, M|\n|poke|p1|Cinderace, F|\n|poke|p1|Koraidon|\n|poke|p1|Eternatus|\n|poke|p1|Zamazenta-*|\n|poke|p1|Hydreigon, M|\n|poke|p2|Cyclizar, F|\n|poke|p2|Gliscor, F|\n|poke|p2|Volcarona, F|\n|poke|p2|Samurott-Hisui, F|\n|poke|p2|Sylveon, M|\n|poke|p2|Zoroark-Hisui, M|\n|teampreview\n|\n|t:|1699105862\n|start\n|switch|p1a: Cinderace|Cinderace, F|100\/100\n|switch|p2a: Cyclone|Cyclizar, F|100\/100\n|turn|1\n|j| IromL1veLand\n|\n|t:|1699105872\n|move|p2a: Cyclone|Shed Tail|p2a: Cyclone\n|-start|p2a: Cyclone|Substitute|[from] move: Shed Tail\n|-damage|p2a: Cyclone|50\/100\n|l| IromL1veLand\n|\n|t:|1699105905\n|switch|p2a: Mochi|Sylveon, M, shiny|100\/100|[from] Shed Tail\n|move|p1a: Cinderace|Flame Charge|p2a: Mochi\n|-end|p2a: Mochi|Substitute\n|-boost|p1a: Cinderace|spe|1\n|\n|upkeep\n|turn|2\n|inactive|Battle timer is ON: inactive players will automatically lose when time's up. (requested by Daice)\n|\n|t:|1699105922\n|move|p1a: Cinderace|Fire Blast|p2a: Mochi\n|-damage|p2a: Mochi|80\/100\n|move|p2a: Mochi|Yawn|p1a: Cinderace\n|-start|p1a: Cinderace|move: Yawn|[of] p2a: Mochi\n|\n|upkeep\n|turn|3\n|\n|t:|1699105930\n|move|p1a: Cinderace|Fire Blast|p2a: Mochi\n|-damage|p2a: Mochi|63\/100\n|-status|p2a: Mochi|brn\n|move|p2a: Mochi|Calm Mind|p2a: Mochi\n|-boost|p2a: Mochi|spa|1\n|-boost|p2a: Mochi|spd|1\n|\n|-damage|p2a: Mochi|57\/100 brn|[from] brn\n|-end|p1a: Cinderace|move: Yawn|[silent]\n|-status|p1a: Cinderace|slp\n|upkeep\n|turn|4\n|\n|t:|1699105943\n|switch|p1a: Hydreigon|Hydreigon, M, shiny|100\/100\n|move|p2a: Mochi|Calm Mind|p2a: Mochi\n|-boost|p2a: Mochi|spa|1\n|-boost|p2a: Mochi|spd|1\n|\n|-damage|p2a: Mochi|50\/100 brn|[from] brn\n|upkeep\n|turn|5\n|\n|t:|1699105952\n|move|p1a: Hydreigon|Dragon Pulse|p2a: Mochi\n|-immune|p2a: Mochi\n|move|p2a: Mochi|Hyper Voice|p1a: Hydreigon\n|-supereffective|p1a: Hydreigon\n|-damage|p1a: Hydreigon|0 fnt\n|faint|p1a: Hydreigon\n|\n|-damage|p2a: Mochi|44\/100 brn|[from] brn\n|upkeep\n|\n|t:|1699105960\n|switch|p1a: Grimmsnarl|Grimmsnarl, M|100\/100\n|turn|6\n|\n|t:|1699105964\n|move|p1a: Grimmsnarl|Dark Pulse|p2a: Mochi\n|-resisted|p2a: Mochi\n|-damage|p2a: Mochi|40\/100 brn\n|move|p2a: Mochi|Hyper Voice|p1a: Grimmsnarl\n|-supereffective|p1a: Grimmsnarl\n|-damage|p1a: Grimmsnarl|0 fnt\n|faint|p1a: Grimmsnarl\n|\n|-damage|p2a: Mochi|34\/100 brn|[from] brn\n|upkeep\n|\n|t:|1699105972\n|switch|p1a: Koraidon|Koraidon|100\/100\n|-weather|SunnyDay|[from] ability: Orichalcum Pulse|[of] p1a: Koraidon\n|-activate|p1a: Koraidon|Orichalcum Pulse|[source]\n|turn|7\n|\n|t:|1699105978\n|move|p1a: Koraidon|Collision Course|p2a: Mochi\n|-resisted|p2a: Mochi\n|-damage|p2a: Mochi|0 fnt\n|faint|p2a: Mochi\n|\n|-weather|SunnyDay|[upkeep]\n|upkeep\n|\n|t:|1699105987\n|switch|p2a: Cyclone|Cyclizar, F|84\/100\n|turn|8\n|\n|t:|1699105994\n|move|p1a: Koraidon|Collision Course|p2a: Cyclone\n|-supereffective|p2a: Cyclone\n|-crit|p2a: Cyclone\n|-damage|p2a: Cyclone|0 fnt\n|-damage|p1a: Koraidon|84\/100|[from] item: Rocky Helmet|[of] p2a: Cyclone\n|faint|p2a: Cyclone\n|\n|-weather|SunnyDay|[upkeep]\n|-heal|p1a: Koraidon|90\/100|[from] item: Leftovers\n|upkeep\n|-message|Daice forfeited.\n|\n|win|tacthemenace\n|raw|tacthemenace's rating: 1080 &rarr; <strong>1117<\/strong><br \/>(+37 for winning)\n|raw|Daice's rating: 1200 &rarr; <strong>1167<\/strong><br \/>(-33 for losing)\n|l|\u2606Daice\n","uploadtime":1699106027,"views":7,"p1id":"tacthemenace","p2id":"daice","formatid":"gen9anythinggoes","rating":1117,"private":0,"password":""}