{"id":"gen9anythinggoes-1978311438","p1":"Bisexual bitch","p2":"Tinen","format":"[Gen 9] Anything Goes","log":"|j|\u2606Bisexual bitch\n|j|\u2606Tinen\n|t:|1698523782\n|gametype|singles\n|player|p1|Bisexual bitch|chili|\n|player|p2|Tinen|dancer|\n|teamsize|p1|6\n|teamsize|p2|6\n|gen|9\n|tier|[Gen 9] Anything Goes\n|rule|HP Percentage Mod: HP is shown in percentages\n|rule|Endless Battle Clause: Forcing endless battles is banned\n|clearpoke\n|poke|p1|Urshifu-*, M|\n|poke|p1|Jigglypuff, F|\n|poke|p1|Golem, M|\n|poke|p1|Ampharos, M|\n|poke|p1|Arcanine, M|\n|poke|p1|Salamence, F|\n|poke|p2|Slowbro-Galar, F|\n|poke|p2|Slowbro, F|\n|poke|p2|Slowbro-Galar, F|\n|poke|p2|Slowbro, M|\n|poke|p2|Slowbro-Galar, F|\n|poke|p2|Slowbro, M|\n|teampreview\n|\n|t:|1698523786\n|start\n|switch|p1a: Ochako|Jigglypuff, F|100\/100\n|switch|p2a: Slowbro|Slowbro-Galar, F, shiny|100\/100\n|turn|1\n|\n|t:|1698523797\n|move|p1a: Ochako|Sing|p2a: Slowbro\n|-status|p2a: Slowbro|slp|[from] move: Sing\n|cant|p2a: Slowbro|slp\n|\n|upkeep\n|turn|2\n|\n|t:|1698523824\n|switch|p1a: Kirishima|Golem, M, shiny|100\/100\n|cant|p2a: Slowbro|slp\n|\n|upkeep\n|turn|3\n|\n|t:|1698523831\n|switch|p2a: Slowbro|Slowbro, F, shiny|100\/100\n|-terastallize|p1a: Kirishima|Psychic\n|move|p1a: Kirishima|Tera Blast|p2a: Slowbro|[anim] Tera Blast Psychic\n|-resisted|p2a: Slowbro\n|-damage|p2a: Slowbro|86\/100\n|\n|-heal|p2a: Slowbro|92\/100|[from] item: Leftovers\n|upkeep\n|turn|4\n|c|\u2606Bisexual bitch|Suprise!\n|\n|t:|1698523847\n|move|p1a: Kirishima|Take Down|p2a: Slowbro\n|-damage|p2a: Slowbro|70\/100\n|move|p2a: Slowbro|Iron Defense|p2a: Slowbro\n|-boost|p2a: Slowbro|def|2\n|\n|-heal|p2a: Slowbro|76\/100|[from] item: Leftovers\n|upkeep\n|turn|5\n|\n|t:|1698523856\n|switch|p1a: Denki|Ampharos, M|100\/100\n|move|p2a: Slowbro|Calm Mind|p2a: Slowbro\n|-boost|p2a: Slowbro|spa|1\n|-boost|p2a: Slowbro|spd|1\n|\n|-heal|p2a: Slowbro|82\/100|[from] item: Leftovers\n|upkeep\n|turn|6\n|\n|t:|1698523864\n|move|p1a: Denki|Discharge|p2a: Slowbro\n|-supereffective|p2a: Slowbro\n|-damage|p2a: Slowbro|56\/100\n|move|p2a: Slowbro|Calm Mind|p2a: Slowbro\n|-boost|p2a: Slowbro|spa|1\n|-boost|p2a: Slowbro|spd|1\n|\n|-heal|p2a: Slowbro|62\/100|[from] item: Leftovers\n|upkeep\n|turn|7\n|\n|t:|1698523872\n|move|p1a: Denki|Discharge|p2a: Slowbro\n|-supereffective|p2a: Slowbro\n|-damage|p2a: Slowbro|42\/100\n|move|p2a: Slowbro|Slack Off|p2a: Slowbro\n|-heal|p2a: Slowbro|92\/100\n|\n|-heal|p2a: Slowbro|98\/100|[from] item: Leftovers\n|upkeep\n|turn|8\n|\n|t:|1698523879\n|move|p1a: Denki|Discharge|p2a: Slowbro\n|-supereffective|p2a: Slowbro\n|-damage|p2a: Slowbro|77\/100\n|move|p2a: Slowbro|Calm Mind|p2a: Slowbro\n|-boost|p2a: Slowbro|spa|1\n|-boost|p2a: Slowbro|spd|1\n|\n|-heal|p2a: Slowbro|83\/100|[from] item: Leftovers\n|upkeep\n|turn|9\n|c|\u2606Bisexual bitch|This is a vary anoying team\n|\n|t:|1698523896\n|move|p1a: Denki|Discharge|p2a: Slowbro\n|-supereffective|p2a: Slowbro\n|-crit|p2a: Slowbro\n|-damage|p2a: Slowbro|17\/100\n|-status|p2a: Slowbro|par\n|move|p2a: Slowbro|Calm Mind|p2a: Slowbro\n|-boost|p2a: Slowbro|spa|1\n|-boost|p2a: Slowbro|spd|1\n|\n|-heal|p2a: Slowbro|23\/100 par|[from] item: Leftovers\n|upkeep\n|turn|10\n|c|\u2606Bisexual bitch|good job\n|c|\u2606Tinen|ok\n|c|\u2606Tinen|im in danger\n|\n|t:|1698523911\n|move|p1a: Denki|Discharge|p2a: Slowbro\n|-supereffective|p2a: Slowbro\n|-damage|p2a: Slowbro|10\/100 par\n|move|p2a: Slowbro|Slack Off|p2a: Slowbro\n|-heal|p2a: Slowbro|60\/100 par\n|\n|-heal|p2a: Slowbro|66\/100 par|[from] item: Leftovers\n|upkeep\n|turn|11\n|c|\u2606Tinen|ok\n|\n|t:|1698523919\n|move|p1a: Denki|Discharge|p2a: Slowbro\n|-supereffective|p2a: Slowbro\n|-damage|p2a: Slowbro|53\/100 par\n|cant|p2a: Slowbro|par\n|\n|-heal|p2a: Slowbro|59\/100 par|[from] item: Leftovers\n|upkeep\n|turn|12\n|\n|t:|1698523927\n|move|p1a: Denki|Discharge|p2a: Slowbro\n|-supereffective|p2a: Slowbro\n|-damage|p2a: Slowbro|45\/100 par\n|move|p2a: Slowbro|Slack Off|p2a: Slowbro\n|-heal|p2a: Slowbro|95\/100 par\n|\n|-heal|p2a: Slowbro|100\/100 par|[from] item: Leftovers\n|upkeep\n|turn|13\n|\n|t:|1698523935\n|move|p1a: Denki|Discharge|p2a: Slowbro\n|-supereffective|p2a: Slowbro\n|-damage|p2a: Slowbro|87\/100 par\n|move|p2a: Slowbro|Flamethrower|p1a: Denki\n|-damage|p1a: Denki|48\/100\n|\n|-heal|p2a: Slowbro|93\/100 par|[from] item: Leftovers\n|upkeep\n|turn|14\n|\n|t:|1698523943\n|move|p1a: Denki|Discharge|p2a: Slowbro\n|-supereffective|p2a: Slowbro\n|-damage|p2a: Slowbro|79\/100 par\n|cant|p2a: Slowbro|par\n|\n|-heal|p2a: Slowbro|85\/100 par|[from] item: Leftovers\n|upkeep\n|turn|15\n|\n|t:|1698523950\n|move|p1a: Denki|Discharge|p2a: Slowbro\n|-supereffective|p2a: Slowbro\n|-damage|p2a: Slowbro|73\/100 par\n|move|p2a: Slowbro|Flamethrower|p1a: Denki\n|-damage|p1a: Denki|0 fnt\n|faint|p1a: Denki\n|\n|-heal|p2a: Slowbro|79\/100 par|[from] item: Leftovers\n|upkeep\n|\n|t:|1698523964\n|switch|p1a: Ryoku|Salamence, F|100\/100\n|turn|16\n|\n|t:|1698523968\n|move|p1a: Ryoku|Dragon Dance|p1a: Ryoku\n|-boost|p1a: Ryoku|atk|1\n|-boost|p1a: Ryoku|spe|1\n|move|p2a: Slowbro|Iron Defense|p2a: Slowbro\n|-boost|p2a: Slowbro|def|2\n|\n|-heal|p2a: Slowbro|85\/100 par|[from] item: Leftovers\n|upkeep\n|turn|17\n|\n|t:|1698523975\n|move|p1a: Ryoku|Dragon Dance|p1a: Ryoku\n|-boost|p1a: Ryoku|atk|1\n|-boost|p1a: Ryoku|spe|1\n|move|p2a: Slowbro|Iron Defense|p2a: Slowbro\n|-boost|p2a: Slowbro|def|2\n|\n|-heal|p2a: Slowbro|91\/100 par|[from] item: Leftovers\n|upkeep\n|turn|18\n|\n|t:|1698523987\n|move|p1a: Ryoku|Dragon Claw|p2a: Slowbro\n|-damage|p2a: Slowbro|75\/100 par\n|move|p2a: Slowbro|Flamethrower|p1a: Ryoku\n|-resisted|p1a: Ryoku\n|-damage|p1a: Ryoku|64\/100\n|-status|p1a: Ryoku|brn\n|\n|-heal|p2a: Slowbro|81\/100 par|[from] item: Leftovers\n|-damage|p1a: Ryoku|58\/100 brn|[from] brn\n|upkeep\n|turn|19\n|\n|t:|1698523998\n|move|p1a: Ryoku|Dual Wingbeat|p2a: Slowbro\n|-damage|p2a: Slowbro|77\/100 par\n|-damage|p2a: Slowbro|72\/100 par\n|-hitcount|p2a: Slowbro|2\n|cant|p2a: Slowbro|par\n|\n|-heal|p2a: Slowbro|78\/100 par|[from] item: Leftovers\n|-damage|p1a: Ryoku|52\/100 brn|[from] brn\n|upkeep\n|turn|20\n|\n|t:|1698524009\n|move|p1a: Ryoku|Dual Wingbeat|p2a: Slowbro\n|-damage|p2a: Slowbro|74\/100 par\n|-damage|p2a: Slowbro|69\/100 par\n|-hitcount|p2a: Slowbro|2\n|move|p2a: Slowbro|Calm Mind|p2a: Slowbro\n|-boost|p2a: Slowbro|spa|1\n|-boost|p2a: Slowbro|spd|1\n|\n|-heal|p2a: Slowbro|75\/100 par|[from] item: Leftovers\n|-damage|p1a: Ryoku|46\/100 brn|[from] brn\n|upkeep\n|turn|21\n|c|\u2606Tinen|luck and strategy that is the metagame of my team\n|c|\u2606Bisexual bitch|I can see that\n|\n|t:|1698524024\n|move|p1a: Ryoku|Dragon Claw|p2a: Slowbro\n|-damage|p2a: Slowbro|68\/100 par\n|move|p2a: Slowbro|Slack Off|p2a: Slowbro\n|-heal|p2a: Slowbro|100\/100 par\n|\n|-damage|p1a: Ryoku|40\/100 brn|[from] brn\n|upkeep\n|turn|22\n|c|\u2606Bisexual bitch|I woulden't be supprised if you had a vgc team\n|\n|t:|1698524043\n|move|p1a: Ryoku|Dual Wingbeat|p2a: Slowbro\n|-damage|p2a: Slowbro|96\/100 par\n|-damage|p2a: Slowbro|91\/100 par\n|-hitcount|p2a: Slowbro|2\n|move|p2a: Slowbro|Flamethrower|p1a: Ryoku\n|-resisted|p1a: Ryoku\n|-damage|p1a: Ryoku|0 fnt\n|faint|p1a: Ryoku\n|\n|-heal|p2a: Slowbro|97\/100 par|[from] item: Leftovers\n|upkeep\n|\n|t:|1698524053\n|switch|p1a: Izuku|Urshifu-Rapid-Strike, M|100\/100\n|turn|23\n|\n|t:|1698524061\n|move|p1a: Izuku|Surging Strikes|p2a: Slowbro\n|-resisted|p2a: Slowbro\n|-crit|p2a: Slowbro\n|-damage|p2a: Slowbro|88\/100 par\n|-resisted|p2a: Slowbro\n|-crit|p2a: Slowbro\n|-damage|p2a: Slowbro|79\/100 par\n|-resisted|p2a: Slowbro\n|-crit|p2a: Slowbro\n|-damage|p2a: Slowbro|70\/100 par\n|-hitcount|p2a: Slowbro|3\n|cant|p2a: Slowbro|par\n|\n|-heal|p2a: Slowbro|76\/100 par|[from] item: Leftovers\n|upkeep\n|turn|24\n|\n|t:|1698524072\n|move|p1a: Izuku|Surging Strikes|p2a: Slowbro\n|-resisted|p2a: Slowbro\n|-crit|p2a: Slowbro\n|-damage|p2a: Slowbro|68\/100 par\n|-resisted|p2a: Slowbro\n|-crit|p2a: Slowbro\n|-damage|p2a: Slowbro|58\/100 par\n|-resisted|p2a: Slowbro\n|-crit|p2a: Slowbro\n|-damage|p2a: Slowbro|49\/100 par\n|-hitcount|p2a: Slowbro|3\n|cant|p2a: Slowbro|par\n|\n|-heal|p2a: Slowbro|55\/100 par|[from] item: Leftovers\n|upkeep\n|turn|25\n|\n|t:|1698524082\n|move|p1a: Izuku|Surging Strikes|p2a: Slowbro\n|-resisted|p2a: Slowbro\n|-crit|p2a: Slowbro\n|-damage|p2a: Slowbro|47\/100 par\n|-resisted|p2a: Slowbro\n|-crit|p2a: Slowbro\n|-damage|p2a: Slowbro|38\/100 par\n|-resisted|p2a: Slowbro\n|-crit|p2a: Slowbro\n|-damage|p2a: Slowbro|30\/100 par\n|-hitcount|p2a: Slowbro|3\n|move|p2a: Slowbro|Slack Off|p2a: Slowbro\n|-heal|p2a: Slowbro|80\/100 par\n|\n|-heal|p2a: Slowbro|86\/100 par|[from] item: Leftovers\n|upkeep\n|turn|26\n|\n|t:|1698524095\n|move|p1a: Izuku|Surging Strikes|p2a: Slowbro\n|-resisted|p2a: Slowbro\n|-crit|p2a: Slowbro\n|-damage|p2a: Slowbro|77\/100 par\n|-resisted|p2a: Slowbro\n|-crit|p2a: Slowbro\n|-damage|p2a: Slowbro|68\/100 par\n|-resisted|p2a: Slowbro\n|-crit|p2a: Slowbro\n|-damage|p2a: Slowbro|58\/100 par\n|-hitcount|p2a: Slowbro|3\n|move|p2a: Slowbro|Calm Mind|p2a: Slowbro\n|-boost|p2a: Slowbro|spa|1\n|-boost|p2a: Slowbro|spd|1\n|\n|-heal|p2a: Slowbro|64\/100 par|[from] item: Leftovers\n|upkeep\n|turn|27\n|\n|t:|1698524107\n|move|p1a: Izuku|Surging Strikes|p2a: Slowbro\n|-resisted|p2a: Slowbro\n|-crit|p2a: Slowbro\n|-damage|p2a: Slowbro|56\/100 par\n|-resisted|p2a: Slowbro\n|-crit|p2a: Slowbro\n|-damage|p2a: Slowbro|47\/100 par\n|-resisted|p2a: Slowbro\n|-crit|p2a: Slowbro\n|-damage|p2a: Slowbro|38\/100 par\n|-hitcount|p2a: Slowbro|3\n|move|p2a: Slowbro|Slack Off|p2a: Slowbro\n|-heal|p2a: Slowbro|88\/100 par\n|\n|-heal|p2a: Slowbro|94\/100 par|[from] item: Leftovers\n|upkeep\n|turn|28\n|\n|t:|1698524119\n|move|p1a: Izuku|Surging Strikes|p2a: Slowbro\n|-resisted|p2a: Slowbro\n|-crit|p2a: Slowbro\n|-damage|p2a: Slowbro|85\/100 par\n|-resisted|p2a: Slowbro\n|-crit|p2a: Slowbro\n|-damage|p2a: Slowbro|75\/100 par\n|-resisted|p2a: Slowbro\n|-crit|p2a: Slowbro\n|-damage|p2a: Slowbro|66\/100 par\n|-hitcount|p2a: Slowbro|3\n|move|p2a: Slowbro|Flamethrower|p1a: Izuku\n|-resisted|p1a: Izuku\n|-damage|p1a: Izuku|32\/100\n|\n|-heal|p2a: Slowbro|72\/100 par|[from] item: Leftovers\n|upkeep\n|turn|29\n|\n|t:|1698524132\n|move|p1a: Izuku|Surging Strikes|p2a: Slowbro\n|-resisted|p2a: Slowbro\n|-crit|p2a: Slowbro\n|-damage|p2a: Slowbro|64\/100 par\n|-resisted|p2a: Slowbro\n|-crit|p2a: Slowbro\n|-damage|p2a: Slowbro|56\/100 par\n|-resisted|p2a: Slowbro\n|-crit|p2a: Slowbro\n|-damage|p2a: Slowbro|47\/100 par\n|-hitcount|p2a: Slowbro|3\n|cant|p2a: Slowbro|par\n|\n|-heal|p2a: Slowbro|53\/100 par|[from] item: Leftovers\n|upkeep\n|turn|30\n|\n|t:|1698524143\n|move|p1a: Izuku|Surging Strikes|p2a: Slowbro\n|-resisted|p2a: Slowbro\n|-crit|p2a: Slowbro\n|-damage|p2a: Slowbro|44\/100 par\n|-resisted|p2a: Slowbro\n|-crit|p2a: Slowbro\n|-damage|p2a: Slowbro|36\/100 par\n|-resisted|p2a: Slowbro\n|-crit|p2a: Slowbro\n|-damage|p2a: Slowbro|26\/100 par\n|-hitcount|p2a: Slowbro|3\n|move|p2a: Slowbro|Slack Off|p2a: Slowbro\n|-heal|p2a: Slowbro|76\/100 par\n|\n|-heal|p2a: Slowbro|82\/100 par|[from] item: Leftovers\n|upkeep\n|turn|31\n|\n|t:|1698524158\n|move|p1a: Izuku|Ice Punch|p2a: Slowbro\n|-resisted|p2a: Slowbro\n|-damage|p2a: Slowbro|80\/100 par\n|move|p2a: Slowbro|Flamethrower|p1a: Izuku\n|-resisted|p1a: Izuku\n|-damage|p1a: Izuku|0 fnt\n|faint|p1a: Izuku\n|\n|-heal|p2a: Slowbro|86\/100 par|[from] item: Leftovers\n|upkeep\n|c|\u2606Bisexual bitch|I'm out\n|c|\u2606Tinen|sad\n|\n|t:|1698524171\n|switch|p1a: Kirishima|Golem, M, shiny, tera:Psychic|100\/100\n|turn|32\n|\n|t:|1698524178\n|move|p1a: Kirishima|Tera Blast|p2a: Slowbro|[anim] Tera Blast Psychic\n|-resisted|p2a: Slowbro\n|-damage|p2a: Slowbro|82\/100 par\n|move|p2a: Slowbro|Flamethrower|p1a: Kirishima\n|-damage|p1a: Kirishima|0 fnt\n|faint|p1a: Kirishima\n|\n|-heal|p2a: Slowbro|88\/100 par|[from] item: Leftovers\n|upkeep\n|c|\u2606Bisexual bitch|Do you have a vgc team?\n|\n|t:|1698524196\n|switch|p1a: Ochako|Jigglypuff, F|100\/100\n|turn|33\n|c|\u2606Tinen|no\n|c|\u2606Tinen|im don't know how to play showdown\n|\n|t:|1698524211\n|move|p1a: Ochako|Dazzling Gleam|p2a: Slowbro\n|-damage|p2a: Slowbro|85\/100 par\n|cant|p2a: Slowbro|par\n|\n|-heal|p2a: Slowbro|91\/100 par|[from] item: Leftovers\n|upkeep\n|turn|34\n|c|\u2606Bisexual bitch|You would be good at makng one\n|\n|t:|1698524220\n|move|p1a: Ochako|Dazzling Gleam|p2a: Slowbro\n|-damage|p2a: Slowbro|88\/100 par\n|cant|p2a: Slowbro|par\n|\n|-heal|p2a: Slowbro|94\/100 par|[from] item: Leftovers\n|upkeep\n|turn|35\n|\n|t:|1698524227\n|move|p1a: Ochako|Dazzling Gleam|p2a: Slowbro\n|-damage|p2a: Slowbro|91\/100 par\n|move|p2a: Slowbro|Flamethrower|p1a: Ochako\n|-damage|p1a: Ochako|0 fnt\n|faint|p1a: Ochako\n|\n|-heal|p2a: Slowbro|97\/100 par|[from] item: Leftovers\n|upkeep\n|\n|t:|1698524236\n|switch|p1a: Bakugo|Arcanine, M|100\/100\n|-ability|p1a: Bakugo|Intimidate|boost\n|-fail|p2a: Slowbro|unboost|Attack|[from] ability: Oblivious|[of] p2a: Slowbro\n|turn|36\n|\n|t:|1698524241\n|move|p1a: Bakugo|Extreme Speed|p2a: Slowbro\n|-damage|p2a: Slowbro|89\/100 par\n|-damage|p1a: Bakugo|91\/100|[from] item: Life Orb\n|move|p2a: Slowbro|Flamethrower|p1a: Bakugo\n|-resisted|p1a: Bakugo\n|-damage|p1a: Bakugo|48\/100\n|\n|-heal|p2a: Slowbro|95\/100 par|[from] item: Leftovers\n|upkeep\n|turn|37\n|\n|t:|1698524251\n|move|p1a: Bakugo|Extreme Speed|p2a: Slowbro\n|-damage|p2a: Slowbro|88\/100 par\n|-damage|p1a: Bakugo|38\/100|[from] item: Life Orb\n|move|p2a: Slowbro|Flamethrower|p1a: Bakugo\n|-resisted|p1a: Bakugo\n|-damage|p1a: Bakugo|0 fnt\n|faint|p1a: Bakugo\n|\n|win|Tinen\n","uploadtime":1698524259,"views":10,"p1id":"bisexualbitch","p2id":"tinen","formatid":"gen9anythinggoes","rating":0,"private":0,"password":""}