{"id":"gen9anythinggoes-1986840607","p1":"12Freebee","p2":"ZethUltima","format":"[Gen 9] Anything Goes","log":"|j|\u260612Freebee\n|j|\u2606ZethUltima\n|t:|1699532734\n|gametype|singles\n|player|p1|12Freebee|brycenman|1021\n|player|p2|ZethUltima|2|1000\n|teamsize|p1|2\n|teamsize|p2|6\n|gen|9\n|tier|[Gen 9] Anything Goes\n|rated|\n|rule|HP Percentage Mod: HP is shown in percentages\n|rule|Endless Battle Clause: Forcing endless battles is banned\n|clearpoke\n|poke|p1|Chesnaught, M|\n|poke|p1|Growlithe-Hisui, M|\n|poke|p2|Cloyster, M|\n|poke|p2|Klefki, M|\n|poke|p2|Azumarill, M|\n|poke|p2|Zoroark, M|\n|poke|p2|Diancie|\n|poke|p2|Jirachi|\n|teampreview\n|\n|t:|1699532753\n|start\n|switch|p1a: Growlithe|Growlithe-Hisui, M|100\/100\n|switch|p2a: Cloyster|Cloyster, M|100\/100\n|turn|1\n|\n|t:|1699532766\n|move|p2a: Cloyster|Shell Smash|p2a: Cloyster\n|-unboost|p2a: Cloyster|def|1\n|-unboost|p2a: Cloyster|spd|1\n|-boost|p2a: Cloyster|atk|2\n|-boost|p2a: Cloyster|spa|2\n|-boost|p2a: Cloyster|spe|2\n|move|p1a: Growlithe|Head Smash|p2a: Cloyster\n|-supereffective|p2a: Cloyster\n|-damage|p2a: Cloyster|0 fnt\n|faint|p2a: Cloyster\n|\n|upkeep\n|\n|t:|1699532777\n|switch|p2a: Azumarill|Azumarill, M|100\/100\n|turn|2\n|\n|t:|1699532783\n|move|p2a: Azumarill|Body Slam|p1a: Growlithe\n|-resisted|p1a: Growlithe\n|-damage|p1a: Growlithe|78\/100\n|-status|p1a: Growlithe|par\n|move|p1a: Growlithe|Wild Charge|p2a: Azumarill\n|-supereffective|p2a: Azumarill\n|-damage|p2a: Azumarill|52\/100\n|\n|-heal|p2a: Azumarill|58\/100|[from] item: Leftovers\n|upkeep\n|turn|3\n|\n|t:|1699532794\n|move|p2a: Azumarill|Double-Edge|p1a: Growlithe\n|-resisted|p1a: Growlithe\n|-damage|p1a: Growlithe|46\/100 par\n|-damage|p2a: Azumarill|49\/100|[from] Recoil\n|move|p1a: Growlithe|Wild Charge|p2a: Azumarill\n|-supereffective|p2a: Azumarill\n|-damage|p2a: Azumarill|2\/100\n|\n|-heal|p2a: Azumarill|8\/100|[from] item: Leftovers\n|upkeep\n|turn|4\n|\n|t:|1699532806\n|move|p2a: Azumarill|Double-Edge|p1a: Growlithe\n|-resisted|p1a: Growlithe\n|-damage|p1a: Growlithe|16\/100 par\n|-damage|p2a: Azumarill|0 fnt|[from] Recoil\n|faint|p2a: Azumarill\n|move|p1a: Growlithe|Double-Edge|p2: Azumarill|[notarget]\n|-fail|p1a: Growlithe\n|\n|upkeep\n|\n|t:|1699532815\n|switch|p2a: Klefki|Klefki, M|100\/100\n|turn|5\n|\n|t:|1699532819\n|move|p2a: Klefki|Sucker Punch|p1a: Growlithe\n|-damage|p1a: Growlithe|0 fnt\n|faint|p1a: Growlithe\n|\n|upkeep\n|\n|t:|1699532823\n|switch|p1a: Chesnaught|Chesnaught, M|100\/100\n|turn|6\n|\n|t:|1699532833\n|-terastallize|p1a: Chesnaught|Steel\n|move|p2a: Klefki|Dark Pulse|p1a: Chesnaught\n|-damage|p1a: Chesnaught|76\/100\n|cant|p1a: Chesnaught|flinch\n|\n|-heal|p1a: Chesnaught|82\/100|[from] item: Leftovers\n|upkeep\n|turn|7\n|\n|t:|1699532842\n|move|p2a: Klefki|Sucker Punch|p1a: Chesnaught\n|-damage|p1a: Chesnaught|62\/100\n|move|p1a: Chesnaught|Body Press|p2a: Klefki\n|-supereffective|p2a: Klefki\n|-damage|p2a: Klefki|0 fnt\n|replace|p2a: Zoroark|Zoroark, M\n|-end|p2a: Zoroark|Illusion\n|faint|p2a: Zoroark\n|\n|-heal|p1a: Chesnaught|68\/100|[from] item: Leftovers\n|upkeep\n|\n|t:|1699532851\n|switch|p2a: Diancie|Diancie|100\/100\n|turn|8\n|\n|t:|1699532859\n|move|p2a: Diancie|Bulldoze|p1a: Chesnaught\n|-supereffective|p1a: Chesnaught\n|-damage|p1a: Chesnaught|42\/100\n|-unboost|p1a: Chesnaught|spe|1\n|move|p1a: Chesnaught|Trailblaze|p2a: Diancie\n|-supereffective|p2a: Diancie\n|-damage|p2a: Diancie|67\/100\n|-boost|p1a: Chesnaught|spe|1\n|\n|-heal|p1a: Chesnaught|48\/100|[from] item: Leftovers\n|upkeep\n|turn|9\n|\n|t:|1699532872\n|move|p2a: Diancie|Moonblast|p1a: Chesnaught\n|-resisted|p1a: Chesnaught\n|-damage|p1a: Chesnaught|36\/100\n|move|p1a: Chesnaught|Synthesis|p1a: Chesnaught\n|-heal|p1a: Chesnaught|86\/100\n|\n|-heal|p1a: Chesnaught|92\/100|[from] item: Leftovers\n|upkeep\n|turn|10\n|\n|t:|1699532883\n|move|p2a: Diancie|Flash Cannon|p1a: Chesnaught\n|-resisted|p1a: Chesnaught\n|-damage|p1a: Chesnaught|85\/100\n|move|p1a: Chesnaught|Iron Defense|p1a: Chesnaught\n|-boost|p1a: Chesnaught|def|2\n|\n|-heal|p1a: Chesnaught|91\/100|[from] item: Leftovers\n|upkeep\n|turn|11\n|\n|t:|1699532891\n|move|p2a: Diancie|Bulldoze|p1a: Chesnaught\n|-supereffective|p1a: Chesnaught\n|-damage|p1a: Chesnaught|78\/100\n|-unboost|p1a: Chesnaught|spe|1\n|move|p1a: Chesnaught|Iron Defense|p1a: Chesnaught\n|-boost|p1a: Chesnaught|def|2\n|\n|-heal|p1a: Chesnaught|84\/100|[from] item: Leftovers\n|upkeep\n|turn|12\n|\n|t:|1699532899\n|move|p2a: Diancie|Bulldoze|p1a: Chesnaught\n|-supereffective|p1a: Chesnaught\n|-damage|p1a: Chesnaught|76\/100\n|-unboost|p1a: Chesnaught|spe|1\n|move|p1a: Chesnaught|Trailblaze|p2a: Diancie\n|-supereffective|p2a: Diancie\n|-damage|p2a: Diancie|32\/100\n|-boost|p1a: Chesnaught|spe|1\n|\n|-heal|p1a: Chesnaught|82\/100|[from] item: Leftovers\n|upkeep\n|turn|13\n|\n|t:|1699532910\n|move|p2a: Diancie|Bulldoze|p1a: Chesnaught\n|-supereffective|p1a: Chesnaught\n|-damage|p1a: Chesnaught|74\/100\n|-unboost|p1a: Chesnaught|spe|1\n|move|p1a: Chesnaught|Trailblaze|p2a: Diancie\n|-supereffective|p2a: Diancie\n|-damage|p2a: Diancie|0 fnt\n|-boost|p1a: Chesnaught|spe|1\n|faint|p2a: Diancie\n|\n|-heal|p1a: Chesnaught|80\/100|[from] item: Leftovers\n|upkeep\n|\n|t:|1699532920\n|switch|p2a: Jirachi|Jirachi|100\/100\n|turn|14\n|\n|t:|1699532925\n|move|p2a: Jirachi|Drain Punch|p1a: Chesnaught\n|-supereffective|p1a: Chesnaught\n|-damage|p1a: Chesnaught|69\/100\n|move|p1a: Chesnaught|Body Press|p2a: Jirachi\n|-damage|p2a: Jirachi|21\/100\n|\n|-heal|p2a: Jirachi|27\/100|[from] item: Leftovers\n|-heal|p1a: Chesnaught|75\/100|[from] item: Leftovers\n|upkeep\n|turn|15\n|\n|t:|1699532938\n|move|p2a: Jirachi|Drain Punch|p1a: Chesnaught\n|-supereffective|p1a: Chesnaught\n|-damage|p1a: Chesnaught|65\/100\n|-heal|p2a: Jirachi|32\/100|[from] drain|[of] p1a: Chesnaught\n|move|p1a: Chesnaught|Iron Defense|p1a: Chesnaught\n|-boost|p1a: Chesnaught|def|2\n|\n|-heal|p2a: Jirachi|38\/100|[from] item: Leftovers\n|-heal|p1a: Chesnaught|71\/100|[from] item: Leftovers\n|upkeep\n|turn|16\n|\n|t:|1699532951\n|-terastallize|p2a: Jirachi|Steel\n|move|p2a: Jirachi|Aura Sphere|p1a: Chesnaught\n|-supereffective|p1a: Chesnaught\n|-damage|p1a: Chesnaught|42\/100\n|move|p1a: Chesnaught|Body Press|p2a: Jirachi\n|-supereffective|p2a: Jirachi\n|-damage|p2a: Jirachi|0 fnt\n|faint|p2a: Jirachi\n|\n|-heal|p1a: Chesnaught|48\/100|[from] item: Leftovers\n|upkeep\n|\n|t:|1699532962\n|switch|p2a: Klefki|Klefki, M|100\/100\n|turn|17\n|\n|t:|1699532967\n|move|p2a: Klefki|Substitute|p2a: Klefki\n|-start|p2a: Klefki|Substitute\n|-damage|p2a: Klefki|75\/100\n|move|p1a: Chesnaught|Synthesis|p1a: Chesnaught\n|-heal|p1a: Chesnaught|98\/100\n|\n|-heal|p1a: Chesnaught|100\/100|[from] item: Leftovers\n|upkeep\n|turn|18\n|\n|t:|1699532977\n|move|p2a: Klefki|Light Screen|p2a: Klefki\n|-sidestart|p2: ZethUltima|move: Light Screen\n|move|p1a: Chesnaught|Trailblaze|p2a: Klefki\n|-resisted|p2a: Klefki\n|-activate|p2a: Klefki|move: Substitute|[damage]\n|-boost|p1a: Chesnaught|spe|1\n|\n|upkeep\n|turn|19\n|\n|t:|1699532983\n|move|p2a: Klefki|Magic Room|p2a: Klefki\n|-fieldstart|move: Magic Room|[of] p2a: Klefki\n|move|p1a: Chesnaught|Trailblaze|p2a: Klefki\n|-resisted|p2a: Klefki\n|-activate|p2a: Klefki|move: Substitute|[damage]\n|-boost|p1a: Chesnaught|spe|1\n|\n|upkeep\n|turn|20\n|\n|t:|1699532992\n|move|p2a: Klefki|Spikes|p1a: Chesnaught\n|-sidestart|p1: 12Freebee|Spikes\n|move|p1a: Chesnaught|Trailblaze|p2a: Klefki\n|-resisted|p2a: Klefki\n|-end|p2a: Klefki|Substitute\n|-boost|p1a: Chesnaught|spe|1\n|\n|upkeep\n|turn|21\n|\n|t:|1699533003\n|move|p2a: Klefki|Substitute|p2a: Klefki\n|-start|p2a: Klefki|Substitute\n|-damage|p2a: Klefki|50\/100\n|move|p1a: Chesnaught|Body Press|p2a: Klefki\n|-end|p2a: Klefki|Substitute\n|\n|upkeep\n|turn|22\n|\n|t:|1699533017\n|move|p2a: Klefki|Substitute|p2a: Klefki\n|-start|p2a: Klefki|Substitute\n|-damage|p2a: Klefki|25\/100\n|move|p1a: Chesnaught|Trailblaze|p2a: Klefki\n|-resisted|p2a: Klefki\n|-activate|p2a: Klefki|move: Substitute|[damage]\n|-boost|p1a: Chesnaught|spe|1\n|\n|-sideend|p2: ZethUltima|move: Light Screen\n|upkeep\n|turn|23\n|\n|t:|1699533030\n|move|p2a: Klefki|Light Screen|p2a: Klefki\n|-sidestart|p2: ZethUltima|move: Light Screen\n|move|p1a: Chesnaught|Trailblaze|p2a: Klefki\n|-resisted|p2a: Klefki\n|-activate|p2a: Klefki|move: Substitute|[damage]\n|-boost|p1a: Chesnaught|spe|1\n|\n|-fieldend|move: Magic Room|[of] p2a: Klefki\n|upkeep\n|turn|24\n|\n|t:|1699533038\n|move|p2a: Klefki|Substitute|p2a: Klefki\n|-fail|p2a: Klefki|move: Substitute\n|move|p1a: Chesnaught|Trailblaze|p2a: Klefki\n|-resisted|p2a: Klefki\n|-end|p2a: Klefki|Substitute\n|-boost|p1a: Chesnaught|spe|1\n|\n|upkeep\n|turn|25\n|\n|t:|1699533045\n|move|p2a: Klefki|Substitute|p2a: Klefki\n|-fail|p2a: Klefki|move: Substitute|[weak]\n|move|p1a: Chesnaught|Body Press|p2a: Klefki\n|-damage|p2a: Klefki|0 fnt\n|faint|p2a: Klefki\n|\n|win|12Freebee\n|raw|12Freebee's rating: 1021 &rarr; <strong>1056<\/strong><br \/>(+35 for winning)\n|raw|ZethUltima's rating: 1000 &rarr; <strong>1000<\/strong><br \/>(+0 for losing)\n|l|\u2606ZethUltima\n|c|\u260612Freebee|Gg\n","uploadtime":1699533060,"views":13,"p1id":"12freebee","p2id":"zethultima","formatid":"gen9anythinggoes","rating":1000,"private":0,"password":""}