{"id":"gen9anythinggoes-1972997950","p1":"Backpacker Brand","p2":"gengengalixy","format":"[Gen 9] Anything Goes","log":"|j|\u2606Backpacker Brand\n|j|\u2606gengengalixy\n|t:|1697916824\n|gametype|singles\n|player|p1|Backpacker Brand|backpacker|1070\n|player|p2|gengengalixy|170|1132\n|teamsize|p1|6\n|teamsize|p2|6\n|gen|9\n|tier|[Gen 9] Anything Goes\n|rated|\n|rule|HP Percentage Mod: HP is shown in percentages\n|rule|Endless Battle Clause: Forcing endless battles is banned\n|clearpoke\n|poke|p1|Crocalor, M|\n|poke|p1|Spidops, M|\n|poke|p1|Sudowoodo, M|\n|poke|p1|Flamigo, F|\n|poke|p1|Scovillain, F|\n|poke|p1|Dudunsparce-*, M|\n|poke|p2|Umbreon, M|\n|poke|p2|Zoroark, M|\n|poke|p2|Krookodile, M|\n|poke|p2|Muk-Alola, F|\n|poke|p2|Houndoom, F|\n|poke|p2|Hydreigon, F|\n|teampreview\n|inactive|Battle timer is ON: inactive players will automatically lose when time's up. (requested by Backpacker Brand)\n|\n|t:|1697916834\n|start\n|switch|p1a: The Don|Dudunsparce, M|100\/100\n|switch|p2a: Umbreon|Umbreon, M|100\/100\n|turn|1\n|c|\u2606Backpacker Brand|gl\n|\n|t:|1697916841\n|move|p1a: The Don|Glare|p2a: Umbreon\n|-status|p2a: Umbreon|par\n|-activate|p2a: Umbreon|ability: Synchronize\n|-status|p1a: The Don|par\n|move|p2a: Umbreon|Thunder Wave|p1a: The Don\n|-fail|p1a: The Don|par\n|\n|upkeep\n|turn|2\n|c|\u2606gengengalixy|You too!\n|c|\u2606Backpacker Brand|lol\n|\n|t:|1697916851\n|move|p2a: Umbreon|Light Screen|p2a: Umbreon\n|-sidestart|p2: gengengalixy|move: Light Screen\n|cant|p1a: The Don|par\n|\n|upkeep\n|turn|3\n|c|\u2606gengengalixy|lmao\n|\n|t:|1697916855\n|cant|p2a: Umbreon|par\n|move|p1a: The Don|Dragon Rush|p2a: Umbreon\n|-damage|p2a: Umbreon|74\/100 par\n|\n|-heal|p2a: Umbreon|80\/100 par|[from] item: Leftovers\n|upkeep\n|turn|4\n|\n|t:|1697916861\n|move|p1a: The Don|Dragon Rush|p2a: Umbreon\n|-crit|p2a: Umbreon\n|-damage|p2a: Umbreon|39\/100 par\n|cant|p2a: Umbreon|flinch\n|\n|-heal|p2a: Umbreon|45\/100 par|[from] item: Leftovers\n|upkeep\n|turn|5\n|\n|t:|1697916867\n|cant|p2a: Umbreon|par\n|move|p1a: The Don|Dragon Rush|p2a: Umbreon\n|-damage|p2a: Umbreon|17\/100 par\n|\n|-heal|p2a: Umbreon|23\/100 par|[from] item: Leftovers\n|upkeep\n|turn|6\n|\n|t:|1697916874\n|move|p2a: Umbreon|Calm Mind|p2a: Umbreon\n|-boost|p2a: Umbreon|spa|1\n|-boost|p2a: Umbreon|spd|1\n|move|p1a: The Don|Dragon Rush|p2a: Umbreon\n|-damage|p2a: Umbreon|0 fnt\n|faint|p2a: Umbreon\n|\n|-sideend|p2: gengengalixy|move: Light Screen\n|upkeep\n|\n|t:|1697916877\n|switch|p2a: Hydreigon|Hydreigon, F|100\/100\n|turn|7\n|\n|t:|1697916893\n|move|p2a: Hydreigon|Knock Off|p1a: The Don\n|-damage|p1a: The Don|61\/100 par\n|-enditem|p1a: The Don|Blunder Policy|[from] move: Knock Off|[of] p2a: Hydreigon\n|move|p1a: The Don|Dragon Rush|p2a: Hydreigon\n|-damage|p2a: Hydreigon|53\/100\n|replace|p2a: Zoroark|Zoroark, M\n|-end|p2a: Zoroark|Illusion\n|\n|-heal|p2a: Zoroark|59\/100|[from] item: Leftovers\n|upkeep\n|turn|8\n|\n|t:|1697916903\n|move|p2a: Zoroark|Calm Mind|p2a: Zoroark\n|-boost|p2a: Zoroark|spa|1\n|-boost|p2a: Zoroark|spd|1\n|cant|p1a: The Don|par\n|\n|-heal|p2a: Zoroark|65\/100|[from] item: Leftovers\n|upkeep\n|turn|9\n|\n|t:|1697916914\n|move|p2a: Zoroark|Psychic|p1a: The Don\n|-damage|p1a: The Don|17\/100 par\n|cant|p1a: The Don|par\n|\n|-heal|p2a: Zoroark|71\/100|[from] item: Leftovers\n|upkeep\n|turn|10\n|\n|t:|1697916919\n|move|p2a: Zoroark|Psychic|p1a: The Don\n|-damage|p1a: The Don|0 fnt\n|faint|p1a: The Don\n|\n|-heal|p2a: Zoroark|77\/100|[from] item: Leftovers\n|upkeep\n|c|\u2606Backpacker Brand|noooo\n|\n|t:|1697916926\n|switch|p1a: Flora|Flamigo, F|100\/100\n|turn|11\n|inactive|gengengalixy has 120 seconds left.\n|\n|t:|1697916956\n|move|p1a: Flora|U-turn|p2a: Zoroark\n|-supereffective|p2a: Zoroark\n|-damage|p2a: Zoroark|6\/100\n|\n|t:|1697916964\n|switch|p1a: Bon' Voyage|Sudowoodo, M|100\/100|[from] U-turn\n|move|p2a: Zoroark|Psychic|p1a: Bon' Voyage\n|-damage|p1a: Bon' Voyage|49\/100\n|\n|-heal|p2a: Zoroark|12\/100|[from] item: Leftovers\n|upkeep\n|turn|12\n|\n|t:|1697916973\n|move|p1a: Bon' Voyage|Sucker Punch|p2a: Zoroark\n|-resisted|p2a: Zoroark\n|-damage|p2a: Zoroark|0 fnt\n|faint|p2a: Zoroark\n|\n|upkeep\n|\n|t:|1697916975\n|switch|p2a: Krookodile|Krookodile, M|100\/100\n|turn|13\n|\n|t:|1697916983\n|switch|p1a: Flora|Flamigo, F|100\/100\n|move|p2a: Krookodile|Bulk Up|p2a: Krookodile\n|-boost|p2a: Krookodile|atk|1\n|-boost|p2a: Krookodile|def|1\n|\n|upkeep\n|turn|14\n|\n|t:|1697916998\n|move|p1a: Flora|U-turn|p2a: Krookodile\n|-supereffective|p2a: Krookodile\n|-damage|p2a: Krookodile|74\/100\n|\n|t:|1697917001\n|switch|p1a: Mambo|Crocalor, M|100\/100|[from] U-turn\n|move|p2a: Krookodile|Aqua Tail|p1a: Mambo\n|-supereffective|p1a: Mambo\n|-damage|p1a: Mambo|57\/100\n|\n|-heal|p2a: Krookodile|81\/100|[from] item: Leftovers\n|upkeep\n|turn|15\n|\n|t:|1697917012\n|-terastallize|p1a: Mambo|Water\n|move|p2a: Krookodile|Aqua Tail|p1a: Mambo\n|-resisted|p1a: Mambo\n|-damage|p1a: Mambo|46\/100\n|move|p1a: Mambo|Tera Blast|p2a: Krookodile|[anim] Tera Blast Water\n|-supereffective|p2a: Krookodile\n|-damage|p2a: Krookodile|0 fnt\n|faint|p2a: Krookodile\n|\n|upkeep\n|\n|t:|1697917017\n|switch|p2a: Muk|Muk-Alola, F|100\/100\n|turn|16\n|\n|t:|1697917036\n|move|p2a: Muk|Zen Headbutt|p1a: Mambo\n|-damage|p1a: Mambo|29\/100\n|move|p1a: Mambo|Slack Off|p1a: Mambo\n|-heal|p1a: Mambo|79\/100\n|\n|upkeep\n|turn|17\n|\n|t:|1697917043\n|move|p2a: Muk|Toxic|p1a: Mambo\n|-status|p1a: Mambo|tox\n|move|p1a: Mambo|Heat Wave|p2a: Muk|[miss]\n|-miss|p1a: Mambo|p2a: Muk\n|\n|-damage|p1a: Mambo|73\/100 tox|[from] psn\n|upkeep\n|turn|18\n|\n|t:|1697917052\n|move|p2a: Muk|Zen Headbutt|p1a: Mambo\n|-damage|p1a: Mambo|56\/100 tox\n|cant|p1a: Mambo|flinch\n|\n|-damage|p1a: Mambo|44\/100 tox|[from] psn\n|upkeep\n|turn|19\n|\n|t:|1697917058\n|move|p2a: Muk|Zen Headbutt|p1a: Mambo\n|-damage|p1a: Mambo|28\/100 tox\n|move|p1a: Mambo|Heat Wave|p2a: Muk\n|-damage|p2a: Muk|65\/100\n|\n|-heal|p2a: Muk|72\/100|[from] item: Leftovers\n|-damage|p1a: Mambo|10\/100 tox|[from] psn\n|upkeep\n|turn|20\n|\n|t:|1697917066\n|move|p2a: Muk|Zen Headbutt|p1a: Mambo|[miss]\n|-miss|p2a: Muk|p1a: Mambo\n|move|p1a: Mambo|Slack Off|p1a: Mambo\n|-heal|p1a: Mambo|60\/100 tox\n|\n|-heal|p2a: Muk|78\/100|[from] item: Leftovers\n|-damage|p1a: Mambo|35\/100 tox|[from] psn\n|upkeep\n|turn|21\n|\n|t:|1697917075\n|move|p2a: Muk|Zen Headbutt|p1a: Mambo\n|-damage|p1a: Mambo|18\/100 tox\n|move|p1a: Mambo|Heat Wave|p2a: Muk|[miss]\n|-miss|p1a: Mambo|p2a: Muk\n|\n|-heal|p2a: Muk|84\/100|[from] item: Leftovers\n|-damage|p1a: Mambo|0 fnt|[from] psn\n|faint|p1a: Mambo\n|upkeep\n|\n|t:|1697917084\n|switch|p1a: Bon' Voyage|Sudowoodo, M|49\/100\n|turn|22\n|\n|t:|1697917091\n|move|p1a: Bon' Voyage|Sucker Punch|p2a: Muk\n|-resisted|p2a: Muk\n|-damage|p2a: Muk|74\/100\n|move|p2a: Muk|Brick Break|p1a: Bon' Voyage\n|-supereffective|p1a: Bon' Voyage\n|-damage|p1a: Bon' Voyage|11\/100\n|-enditem|p1a: Bon' Voyage|Weakness Policy\n|-boost|p1a: Bon' Voyage|atk|2|[from] item: Weakness Policy\n|-boost|p1a: Bon' Voyage|spa|2|[from] item: Weakness Policy\n|-status|p1a: Bon' Voyage|psn|[from] ability: Poison Touch|[of] p2a: Muk\n|\n|-heal|p2a: Muk|80\/100|[from] item: Leftovers\n|-damage|p1a: Bon' Voyage|0 fnt|[from] psn\n|faint|p1a: Bon' Voyage\n|upkeep\n|\n|t:|1697917108\n|switch|p1a: Tonto|Spidops, M|100\/100\n|turn|23\n|\n|t:|1697917120\n|move|p2a: Muk|Toxic|p1a: Tonto\n|-status|p1a: Tonto|tox\n|move|p1a: Tonto|Counter||[still]\n|-fail|p1a: Tonto\n|\n|-heal|p2a: Muk|86\/100|[from] item: Leftovers\n|-damage|p1a: Tonto|94\/100 tox|[from] psn\n|upkeep\n|turn|24\n|\n|t:|1697917132\n|move|p2a: Muk|Zen Headbutt|p1a: Tonto\n|-damage|p1a: Tonto|69\/100 tox\n|move|p1a: Tonto|Sticky Web|p2a: Muk\n|-sidestart|p2: gengengalixy|move: Sticky Web\n|\n|-heal|p2a: Muk|92\/100|[from] item: Leftovers\n|-damage|p1a: Tonto|57\/100 tox|[from] psn\n|upkeep\n|turn|25\n|\n|t:|1697917138\n|move|p2a: Muk|Zen Headbutt|p1a: Tonto\n|-damage|p1a: Tonto|32\/100 tox\n|-enditem|p1a: Tonto|Sitrus Berry|[eat]\n|-heal|p1a: Tonto|57\/100 tox|[from] item: Sitrus Berry\n|move|p1a: Tonto|Circle Throw|p2a: Muk\n|-damage|p2a: Muk|77\/100\n|drag|p2a: Houndoom|Houndoom, F|100\/100\n|-activate|p2a: Houndoom|move: Sticky Web\n|-unboost|p2a: Houndoom|spe|1\n|\n|-damage|p1a: Tonto|39\/100 tox|[from] psn\n|upkeep\n|turn|26\n|c|\u2606gengengalixy|fin fact\n|c|\u2606gengengalixy|spidops is an amazing bug counter to tyranitar\n|\n|t:|1697917161\n|switch|p1a: Flora|Flamigo, F|100\/100\n|move|p2a: Houndoom|Flamethrower|p1a: Flora\n|-damage|p1a: Flora|40\/100\n|\n|upkeep\n|turn|27\n|c|\u2606Backpacker Brand|yeah, fr\n|\n|t:|1697917173\n|move|p1a: Flora|Close Combat|p2a: Houndoom\n|-supereffective|p2a: Houndoom\n|-enditem|p2a: Houndoom|Focus Sash\n|-damage|p2a: Houndoom|1\/100\n|-unboost|p1a: Flora|def|1\n|-unboost|p1a: Flora|spd|1\n|move|p2a: Houndoom|Flamethrower|p1a: Flora\n|-damage|p1a: Flora|0 fnt\n|faint|p1a: Flora\n|\n|upkeep\n|\n|t:|1697917182\n|switch|p1a: Tonto|Spidops, M|39\/100 tox\n|turn|28\n|\n|t:|1697917186\n|move|p1a: Tonto|First Impression|p2a: Houndoom\n|-damage|p2a: Houndoom|0 fnt\n|faint|p2a: Houndoom\n|\n|-damage|p1a: Tonto|32\/100 tox|[from] psn\n|upkeep\n|\n|t:|1697917189\n|switch|p2a: Hydreigon|Hydreigon, F|100\/100\n|turn|29\n|\n|t:|1697917194\n|move|p2a: Hydreigon|Acrobatics|p1a: Tonto\n|-supereffective|p1a: Tonto\n|-damage|p1a: Tonto|0 fnt\n|faint|p1a: Tonto\n|\n|upkeep\n|\n|t:|1697917198\n|switch|p1a: Sarsaparilla|Scovillain, F|100\/100\n|turn|30\n|\n|t:|1697917202\n|move|p2a: Hydreigon|Thunder Wave|p1a: Sarsaparilla\n|-status|p1a: Sarsaparilla|par\n|move|p1a: Sarsaparilla|Sunny Day|p1a: Sarsaparilla\n|-weather|SunnyDay\n|\n|-weather|SunnyDay|[upkeep]\n|upkeep\n|turn|31\n|\n|t:|1697917222\n|move|p2a: Hydreigon|Acrobatics|p1a: Sarsaparilla\n|-supereffective|p1a: Sarsaparilla\n|-damage|p1a: Sarsaparilla|1\/100 par\n|cant|p1a: Sarsaparilla|par\n|\n|-weather|SunnyDay|[upkeep]\n|upkeep\n|turn|32\n|c|\u2606gengengalixy|gg!\n|\n|t:|1697917229\n|move|p2a: Hydreigon|Acrobatics|p1a: Sarsaparilla\n|-supereffective|p1a: Sarsaparilla\n|-damage|p1a: Sarsaparilla|0 fnt\n|faint|p1a: Sarsaparilla\n|\n|win|gengengalixy\n|raw|Backpacker Brand's rating: 1070 &rarr; <strong>1053<\/strong><br \/>(-17 for losing)\n|raw|gengengalixy's rating: 1132 &rarr; <strong>1153<\/strong><br \/>(+21 for winning)\n|c|\u2606gengengalixy|close game\n|c|\u2606Backpacker Brand|gg\n|c|\u2606Backpacker Brand|nice game\n|l|\u2606Backpacker Brand\n","uploadtime":1697917237,"views":16,"p1id":"backpackerbrand","p2id":"gengengalixy","formatid":"gen9anythinggoes","rating":1053,"private":0,"password":""}