{"id":"gen9anythinggoes-1993180049","p1":"Blade Z Knights","p2":"shadowCG","format":"[Gen 9] Anything Goes","log":"|j|\u2606Blade Z Knights\n|j|\u2606shadowCG\n|t:|1700274596\n|gametype|singles\n|player|p1|Blade Z Knights|giovanni|1220\n|player|p2|shadowCG|winona|1342\n|teamsize|p1|6\n|teamsize|p2|6\n|gen|9\n|tier|[Gen 9] Anything Goes\n|rated|\n|rule|HP Percentage Mod: HP is shown in percentages\n|rule|Endless Battle Clause: Forcing endless battles is banned\n|clearpoke\n|poke|p1|Calyrex-Shadow|\n|poke|p1|Glimmora, F|\n|poke|p1|Polteageist-Antique|\n|poke|p1|Dusclops, M|\n|poke|p1|Indeedee-F, F|\n|poke|p1|Torkoal, M|\n|poke|p2|Zacian-*|\n|poke|p2|Mienshao, F|\n|poke|p2|Miraidon|\n|poke|p2|Basculegion, M|\n|poke|p2|Ceruledge, F|\n|poke|p2|Koraidon|\n|teampreview\n|inactive|Battle timer is ON: inactive players will automatically lose when time's up. (requested by shadowCG)\n|inactive|Blade Z Knights also wants the timer to be on.\n|\n|t:|1700274603\n|start\n|switch|p1a: Dusclops|Dusclops, M, shiny|100\/100\n|switch|p2a: Alpha Dog|Zacian-Crowned, shiny|100\/100\n|-ability|p2a: Alpha Dog|Intrepid Sword|boost\n|-boost|p2a: Alpha Dog|atk|1\n|-ability|p1a: Dusclops|Pressure\n|turn|1\n|\n|t:|1700274612\n|move|p2a: Alpha Dog|Behemoth Blade|p1a: Dusclops\n|-damage|p1a: Dusclops|52\/100\n|move|p1a: Dusclops|Trick Room|p1a: Dusclops\n|-fieldstart|move: Trick Room|[of] p1a: Dusclops\n|\n|upkeep\n|turn|2\n|\n|t:|1700274618\n|move|p1a: Dusclops|Will-O-Wisp|p2a: Alpha Dog|[miss]\n|-miss|p1a: Dusclops|p2a: Alpha Dog\n|move|p2a: Alpha Dog|Behemoth Blade|p1a: Dusclops\n|-damage|p1a: Dusclops|3\/100\n|\n|upkeep\n|turn|3\n|\n|t:|1700274626\n|move|p1a: Dusclops|Will-O-Wisp|p2a: Alpha Dog\n|-status|p2a: Alpha Dog|brn\n|move|p2a: Alpha Dog|Behemoth Blade|p1a: Dusclops\n|-damage|p1a: Dusclops|0 fnt\n|faint|p1a: Dusclops\n|\n|-damage|p2a: Alpha Dog|94\/100 brn|[from] brn\n|upkeep\n|\n|t:|1700274639\n|switch|p1a: Torkoal|Torkoal, M|100\/100\n|-weather|SunnyDay|[from] ability: Drought|[of] p1a: Torkoal\n|turn|4\n|\n|t:|1700274647\n|switch|p2a: Defender|Ceruledge, F|100\/100\n|move|p1a: Torkoal|Eruption|p2a: Defender\n|-start|p2a: Defender|ability: Flash Fire\n|\n|-weather|SunnyDay|[upkeep]\n|upkeep\n|turn|5\n|\n|t:|1700274658\n|switch|p1a: Indeedee|Indeedee-F, F|100\/100\n|-fieldstart|move: Psychic Terrain|[from] ability: Psychic Surge|[of] p1a: Indeedee\n|move|p2a: Defender|Bitter Blade|p1a: Indeedee\n|-damage|p1a: Indeedee|0 fnt\n|faint|p1a: Indeedee\n|\n|-weather|SunnyDay|[upkeep]\n|-fieldend|move: Trick Room\n|upkeep\n|\n|t:|1700274672\n|switch|p1a: Glimmora|Glimmora, F|100\/100\n|turn|6\n|\n|t:|1700274679\n|move|p1a: Glimmora|Mortal Spin|p2a: Defender\n|-resisted|p2a: Defender\n|-damage|p2a: Defender|95\/100\n|-status|p2a: Defender|psn\n|move|p2a: Defender|Bitter Blade|p1a: Glimmora\n|-resisted|p1a: Glimmora\n|-damage|p1a: Glimmora|39\/100\n|-heal|p2a: Defender|100\/100 psn|[from] drain|[of] p1a: Glimmora\n|-activate|p1a: Glimmora|ability: Toxic Debris\n|-sidestart|p2: shadowCG|move: Toxic Spikes\n|\n|-weather|SunnyDay|[upkeep]\n|-damage|p2a: Defender|88\/100 psn|[from] psn\n|upkeep\n|turn|7\n|\n|t:|1700274693\n|move|p1a: Glimmora|Earth Power|p2a: Defender\n|-supereffective|p2a: Defender\n|-damage|p2a: Defender|16\/100 psn\n|move|p2a: Defender|Bitter Blade|p1a: Glimmora\n|-resisted|p1a: Glimmora\n|-damage|p1a: Glimmora|0 fnt\n|-heal|p2a: Defender|36\/100 psn|[from] drain|[of] p1a: Glimmora\n|-activate|p1a: Glimmora|ability: Toxic Debris\n|-sidestart|p2: shadowCG|move: Toxic Spikes\n|faint|p1a: Glimmora\n|\n|-weather|SunnyDay|[upkeep]\n|-damage|p2a: Defender|24\/100 psn|[from] psn\n|upkeep\n|\n|t:|1700274706\n|switch|p1a: Polteageist|Polteageist-Antique|100\/100\n|turn|8\n|\n|t:|1700274711\n|-end|p2a: Defender|ability: Flash Fire|[silent]\n|switch|p2a: Savior|Basculegion, M, shiny|100\/100\n|-status|p2a: Savior|tox\n|move|p1a: Polteageist|Shell Smash|p1a: Polteageist\n|-unboost|p1a: Polteageist|def|1\n|-unboost|p1a: Polteageist|spd|1\n|-boost|p1a: Polteageist|atk|2\n|-boost|p1a: Polteageist|spa|2\n|-boost|p1a: Polteageist|spe|2\n|\n|-weather|none\n|-damage|p2a: Savior|94\/100 tox|[from] psn\n|upkeep\n|turn|9\n|\n|t:|1700274724\n|move|p1a: Polteageist|Stored Power|p2a: Savior\n|-damage|p2a: Savior|0 fnt\n|faint|p2a: Savior\n|\n|-fieldend|move: Psychic Terrain\n|upkeep\n|\n|t:|1700274729\n|switch|p2a: Alpha Dog|Zacian-Crowned, shiny|94\/100 brn\n|turn|10\n|\n|t:|1700274739\n|switch|p1a: Calyrex|Calyrex-Shadow|100\/100\n|-ability|p1a: Calyrex|As One\n|-ability|p1a: Calyrex|Unnerve\n|move|p2a: Alpha Dog|Behemoth Blade|p1a: Calyrex\n|-damage|p1a: Calyrex|64\/100\n|\n|-damage|p2a: Alpha Dog|88\/100 brn|[from] brn\n|upkeep\n|turn|11\n|\n|t:|1700274768\n|switch|p2a: Scaler|Koraidon|100\/100\n|-status|p2a: Scaler|tox\n|-weather|SunnyDay|[from] ability: Orichalcum Pulse|[of] p2a: Scaler\n|-activate|p2a: Scaler|Orichalcum Pulse|[source]\n|move|p1a: Calyrex|Astral Barrage|p2a: Scaler\n|-damage|p2a: Scaler|24\/100 tox\n|\n|-weather|SunnyDay|[upkeep]\n|-damage|p2a: Scaler|18\/100 tox|[from] psn\n|upkeep\n|turn|12\n|\n|t:|1700274781\n|-terastallize|p2a: Scaler|Steel\n|move|p2a: Scaler|Scale Shot|p1a: Calyrex\n|-damage|p1a: Calyrex|42\/100\n|-damage|p1a: Calyrex|22\/100\n|-damage|p1a: Calyrex|2\/100\n|-hitcount|p1a: Calyrex|3\n|-unboost|p2a: Scaler|def|1\n|-boost|p2a: Scaler|spe|1\n|move|p1a: Calyrex|Trick Room|p1a: Calyrex\n|-fieldstart|move: Trick Room|[of] p1a: Calyrex\n|\n|-weather|SunnyDay|[upkeep]\n|-damage|p2a: Scaler|5\/100 tox|[from] psn\n|upkeep\n|turn|13\n|\n|t:|1700274796\n|move|p1a: Calyrex|Astral Barrage|p2a: Scaler\n|-crit|p2a: Scaler\n|-damage|p2a: Scaler|0 fnt\n|faint|p2a: Scaler\n|-ability|p1a: Calyrex|Grim Neigh|boost\n|-boost|p1a: Calyrex|spa|1\n|\n|-weather|SunnyDay|[upkeep]\n|upkeep\n|\n|t:|1700274801\n|switch|p2a: Alpha Dog|Zacian-Crowned, shiny|88\/100 brn\n|turn|14\n|\n|t:|1700274810\n|move|p2a: Alpha Dog|Behemoth Blade|p1a: Calyrex\n|-damage|p1a: Calyrex|0 fnt\n|faint|p1a: Calyrex\n|\n|-weather|SunnyDay|[upkeep]\n|-damage|p2a: Alpha Dog|82\/100 brn|[from] brn\n|upkeep\n|\n|t:|1700274817\n|switch|p1a: Torkoal|Torkoal, M|100\/100\n|turn|15\n|\n|t:|1700274823\n|switch|p2a: Attacker|Miraidon|100\/100\n|-status|p2a: Attacker|tox\n|-fieldstart|move: Electric Terrain|[from] ability: Hadron Engine|[of] p2a: Attacker\n|move|p1a: Torkoal|Earth Power|p2a: Attacker\n|-supereffective|p2a: Attacker\n|-damage|p2a: Attacker|37\/100 tox\n|\n|-weather|none\n|-damage|p2a: Attacker|30\/100 tox|[from] psn\n|upkeep\n|turn|16\n|\n|t:|1700274834\n|move|p1a: Torkoal|Earth Power|p2a: Attacker\n|-supereffective|p2a: Attacker\n|-damage|p2a: Attacker|0 fnt\n|faint|p2a: Attacker\n|\n|-fieldend|move: Trick Room\n|upkeep\n|\n|t:|1700274838\n|switch|p2a: Fighter|Mienshao, F|100\/100\n|-status|p2a: Fighter|tox\n|turn|17\n|\n|t:|1700274847\n|move|p2a: Fighter|Grass Knot|p1a: Torkoal\n|-resisted|p1a: Torkoal\n|-damage|p1a: Torkoal|82\/100\n|move|p1a: Torkoal|Earth Power|p2a: Fighter\n|-damage|p2a: Fighter|32\/100 tox\n|\n|-damage|p2a: Fighter|26\/100 tox|[from] psn\n|upkeep\n|turn|18\n|\n|t:|1700274856\n|switch|p2a: Defender|Ceruledge, F|24\/100 psn\n|move|p1a: Torkoal|Earth Power|p2a: Defender\n|-supereffective|p2a: Defender\n|-damage|p2a: Defender|0 fnt\n|faint|p2a: Defender\n|\n|upkeep\n|\n|t:|1700274860\n|switch|p2a: Alpha Dog|Zacian-Crowned, shiny|82\/100 brn\n|turn|19\n|\n|t:|1700274866\n|move|p2a: Alpha Dog|Sacred Sword|p1a: Torkoal\n|-damage|p1a: Torkoal|69\/100\n|move|p1a: Torkoal|Earth Power|p2a: Alpha Dog\n|-supereffective|p2a: Alpha Dog\n|-damage|p2a: Alpha Dog|12\/100 brn\n|\n|-damage|p2a: Alpha Dog|6\/100 brn|[from] brn\n|-fieldend|move: Electric Terrain\n|upkeep\n|turn|20\n|\n|t:|1700274875\n|switch|p2a: Fighter|Mienshao, F|26\/100 tox\n|move|p1a: Torkoal|Earth Power|p2a: Fighter\n|-damage|p2a: Fighter|0 fnt\n|faint|p2a: Fighter\n|\n|upkeep\n|\n|t:|1700274880\n|switch|p2a: Alpha Dog|Zacian-Crowned, shiny|6\/100 brn\n|turn|21\n|\n|t:|1700274885\n|move|p2a: Alpha Dog|Close Combat|p1a: Torkoal\n|-damage|p1a: Torkoal|52\/100\n|-unboost|p2a: Alpha Dog|def|1\n|-unboost|p2a: Alpha Dog|spd|1\n|move|p1a: Torkoal|Earth Power|p2a: Alpha Dog\n|-supereffective|p2a: Alpha Dog\n|-damage|p2a: Alpha Dog|0 fnt\n|faint|p2a: Alpha Dog\n|\n|win|Blade Z Knights\n|raw|Blade Z Knights's rating: 1220 &rarr; <strong>1253<\/strong><br \/>(+33 for winning)\n|raw|shadowCG's rating: 1342 &rarr; <strong>1315<\/strong><br \/>(-27 for losing)\n|l|\u2606shadowCG\n|c|\u2606Blade Z Knights|Gg\n","uploadtime":1700274901,"views":5,"p1id":"bladezknights","p2id":"shadowcg","formatid":"gen9anythinggoes","rating":1253,"private":0,"password":""}