{"id":"gen9anythinggoes-1990966258","p1":"Zero zelttk","p2":"Kayleb1718","format":"[Gen 9] Anything Goes","log":"|j|\u2606Zero zelttk\n|j|\u2606Kayleb1718\n|t:|1700020848\n|gametype|singles\n|player|p1|Zero zelttk|hilda|1315\n|player|p2|Kayleb1718|lucas-gen4pt|1417\n|teamsize|p1|6\n|teamsize|p2|6\n|gen|9\n|tier|[Gen 9] Anything Goes\n|rated|\n|rule|HP Percentage Mod: HP is shown in percentages\n|rule|Endless Battle Clause: Forcing endless battles is banned\n|clearpoke\n|poke|p1|Ogerpon, F|\n|poke|p1|Ogerpon-Cornerstone, F|\n|poke|p1|Ogerpon, F|\n|poke|p1|Ogerpon-Hearthflame, F|\n|poke|p1|Ogerpon, F|\n|poke|p1|Ogerpon-Wellspring, F|\n|poke|p2|Zacian-*|\n|poke|p2|Calyrex-Shadow|\n|poke|p2|Urshifu-*, M|\n|poke|p2|Kingambit, F|\n|poke|p2|Miraidon|\n|poke|p2|Arceus-Fire|\n|teampreview\n|\n|t:|1700020852\n|start\n|switch|p1a: Perogi|Ogerpon, F|100\/100\n|switch|p2a: Arceus|Arceus-Fire|100\/100\n|turn|1\n|\n|t:|1700020858\n|move|p1a: Perogi|Spiky Shield|p1a: Perogi\n|-singleturn|p1a: Perogi|move: Protect\n|move|p2a: Arceus|Stealth Rock|p1a: Perogi\n|-sidestart|p1: Zero zelttk|move: Stealth Rock\n|\n|upkeep\n|turn|2\n|\n|t:|1700020865\n|move|p1a: Perogi|Taunt|p2a: Arceus\n|-start|p2a: Arceus|move: Taunt\n|move|p2a: Arceus|Flamethrower|p1a: Perogi\n|-supereffective|p1a: Perogi\n|-damage|p1a: Perogi|6\/100\n|\n|-heal|p1a: Perogi|12\/100|[from] item: Leftovers\n|upkeep\n|turn|3\n|\n|t:|1700020876\n|move|p1a: Perogi|Spiky Shield|p1a: Perogi\n|-singleturn|p1a: Perogi|move: Protect\n|move|p2a: Arceus|Extreme Speed|p1a: Perogi\n|-activate|p1a: Perogi|move: Protect\n|-damage|p2a: Arceus|88\/100|[from] Spiky Shield|[of] p1a: Perogi\n|\n|-heal|p1a: Perogi|18\/100|[from] item: Leftovers\n|upkeep\n|turn|4\n|\n|t:|1700020886\n|move|p2a: Arceus|Extreme Speed|p1a: Perogi\n|-damage|p1a: Perogi|0 fnt\n|faint|p1a: Perogi\n|\n|-end|p2a: Arceus|move: Taunt\n|upkeep\n|\n|t:|1700020905\n|switch|p1a: Rogi|Ogerpon-Cornerstone, F|100\/100\n|-damage|p1a: Rogi|88\/100|[from] Stealth Rock\n|turn|5\n|\n|t:|1700020911\n|move|p2a: Arceus|Flamethrower|p1a: Rogi\n|-damage|p1a: Rogi|35\/100\n|move|p1a: Rogi|Ivy Cudgel|p2a: Arceus|[anim] Ivy Cudgel Rock\n|-supereffective|p2a: Arceus\n|-crit|p2a: Arceus\n|-damage|p2a: Arceus|0 fnt\n|faint|p2a: Arceus\n|\n|upkeep\n|\n|t:|1700020922\n|switch|p2a: Urshifu|Urshifu-Rapid-Strike, M|100\/100\n|turn|6\n|\n|t:|1700020928\n|move|p2a: Urshifu|Surging Strikes|p1a: Rogi\n|-crit|p1a: Rogi\n|-damage|p1a: Rogi|14\/100\n|-crit|p1a: Rogi\n|-damage|p1a: Rogi|0 fnt\n|faint|p1a: Rogi\n|-hitcount|p1: Rogi|2\n|\n|upkeep\n|\n|t:|1700020935\n|switch|p1a: Wogi|Ogerpon-Wellspring, F|100\/100\n|-damage|p1a: Wogi|88\/100|[from] Stealth Rock\n|turn|7\n|\n|t:|1700020942\n|move|p1a: Wogi|Knock Off|p2a: Urshifu\n|-resisted|p2a: Urshifu\n|-damage|p2a: Urshifu|82\/100\n|-enditem|p2a: Urshifu|Leftovers|[from] move: Knock Off|[of] p1a: Wogi\n|move|p2a: Urshifu|Thunder Punch|p1a: Wogi\n|-damage|p1a: Wogi|56\/100\n|\n|upkeep\n|turn|8\n|inactive|Battle timer is ON: inactive players will automatically lose when time's up. (requested by Kayleb1718)\n|\n|t:|1700020951\n|move|p1a: Wogi|Horn Leech|p2a: Urshifu\n|-supereffective|p2a: Urshifu\n|-damage|p2a: Urshifu|0 fnt\n|-heal|p1a: Wogi|100\/100|[from] drain|[of] p2a: Urshifu\n|faint|p2a: Urshifu\n|\n|upkeep\n|\n|t:|1700020962\n|switch|p2a: Zacian|Zacian-Crowned, shiny|100\/100\n|-ability|p2a: Zacian|Intrepid Sword|boost\n|-boost|p2a: Zacian|atk|1\n|turn|9\n|\n|t:|1700020970\n|move|p1a: Wogi|Spiky Shield|p1a: Wogi\n|-singleturn|p1a: Wogi|move: Protect\n|move|p2a: Zacian|Behemoth Blade|p1a: Wogi\n|-activate|p1a: Wogi|move: Protect\n|-damage|p2a: Zacian|88\/100|[from] Spiky Shield|[of] p1a: Wogi\n|\n|upkeep\n|turn|10\n|\n|t:|1700020979\n|move|p2a: Zacian|Behemoth Blade|p1a: Wogi\n|-resisted|p1a: Wogi\n|-damage|p1a: Wogi|40\/100\n|move|p1a: Wogi|Knock Off|p2a: Zacian\n|-resisted|p2a: Zacian\n|-damage|p2a: Zacian|77\/100\n|\n|upkeep\n|turn|11\n|\n|t:|1700020987\n|move|p1a: Wogi|Spiky Shield|p1a: Wogi\n|-singleturn|p1a: Wogi|move: Protect\n|move|p2a: Zacian|Behemoth Blade|p1a: Wogi\n|-activate|p1a: Wogi|move: Protect\n|-damage|p2a: Zacian|64\/100|[from] Spiky Shield|[of] p1a: Wogi\n|\n|upkeep\n|turn|12\n|\n|t:|1700020995\n|move|p2a: Zacian|Behemoth Blade|p1a: Wogi\n|-resisted|p1a: Wogi\n|-damage|p1a: Wogi|0 fnt\n|faint|p1a: Wogi\n|\n|upkeep\n|\n|t:|1700021004\n|switch|p1a: Gogi|Ogerpon, F|100\/100\n|-damage|p1a: Gogi|88\/100|[from] Stealth Rock\n|turn|13\n|\n|t:|1700021010\n|move|p1a: Gogi|Spiky Shield|p1a: Gogi\n|-singleturn|p1a: Gogi|move: Protect\n|move|p2a: Zacian|Behemoth Blade|p1a: Gogi\n|-activate|p1a: Gogi|move: Protect\n|-damage|p2a: Zacian|52\/100|[from] Spiky Shield|[of] p1a: Gogi\n|\n|-heal|p1a: Gogi|94\/100|[from] item: Leftovers\n|upkeep\n|turn|14\n|\n|t:|1700021022\n|move|p2a: Zacian|Behemoth Blade|p1a: Gogi\n|-damage|p1a: Gogi|0 fnt\n|faint|p1a: Gogi\n|\n|upkeep\n|\n|t:|1700021027\n|switch|p1a: Ogi|Ogerpon, F|100\/100\n|-damage|p1a: Ogi|88\/100|[from] Stealth Rock\n|turn|15\n|\n|t:|1700021033\n|-terastallize|p1a: Ogi|Grass\n|detailschange|p1a: Ogi|Ogerpon-Teal-Tera, F, tera:Grass\n|-ability|p1a: Ogi|Embody Aspect (Teal)|boost\n|-boost|p1a: Ogi|spe|1\n|move|p1a: Ogi|Ivy Cudgel|p2a: Zacian\n|-resisted|p2a: Zacian\n|-damage|p2a: Zacian|10\/100\n|move|p2a: Zacian|Behemoth Blade|p1a: Ogi\n|-damage|p1a: Ogi|0 fnt\n|faint|p1a: Ogi\n|\n|upkeep\n|\n|t:|1700021046\n|switch|p1a: Fogi|Ogerpon-Hearthflame, F|100\/100\n|-damage|p1a: Fogi|76\/100|[from] Stealth Rock\n|-ability|p1a: Fogi|Mold Breaker\n|turn|16\n|\n|t:|1700021052\n|move|p2a: Zacian|Behemoth Blade|p1a: Fogi\n|-resisted|p1a: Fogi\n|-damage|p1a: Fogi|17\/100\n|move|p1a: Fogi|Ivy Cudgel|p2a: Zacian|[anim] Ivy Cudgel Fire\n|-supereffective|p2a: Zacian\n|-damage|p2a: Zacian|0 fnt\n|faint|p2a: Zacian\n|\n|upkeep\n|\n|t:|1700021059\n|switch|p2a: Miraidon|Miraidon|100\/100\n|-fieldstart|move: Electric Terrain|[from] ability: Hadron Engine|[of] p2a: Miraidon\n|turn|17\n|\n|t:|1700021067\n|move|p2a: Miraidon|Electro Drift|p1a: Fogi\n|-resisted|p1a: Fogi\n|-damage|p1a: Fogi|0 fnt\n|faint|p1a: Fogi\n|\n|win|Kayleb1718\n|raw|Zero zelttk's rating: 1315 &rarr; <strong>1301<\/strong><br \/>(-14 for losing)\n|raw|Kayleb1718's rating: 1417 &rarr; <strong>1431<\/strong><br \/>(+14 for winning)\n|l|\u2606Zero zelttk\n","uploadtime":1700021073,"views":4,"p1id":"zerozelttk","p2id":"kayleb1718","formatid":"gen9anythinggoes","rating":1301,"private":0,"password":""}