{"id":"gen9anythinggoes-1994358119","p1":"brianbass","p2":"theluckyone26","format":"[Gen 9] Anything Goes","log":"|j|\u2606brianbass\n|j|\u2606theluckyone26\n|t:|1700434816\n|gametype|singles\n|player|p1|brianbass|richboy|1320\n|player|p2|theluckyone26|2|1462\n|teamsize|p1|6\n|teamsize|p2|6\n|gen|9\n|tier|[Gen 9] Anything Goes\n|rated|\n|rule|HP Percentage Mod: HP is shown in percentages\n|rule|Endless Battle Clause: Forcing endless battles is banned\n|clearpoke\n|poke|p1|Rillaboom, F|\n|poke|p1|Sneasler, M|\n|poke|p1|Glimmora, F|\n|poke|p1|Hoopa-Unbound|\n|poke|p1|Zapdos|\n|poke|p1|Dondozo, F|\n|poke|p2|Iron Bundle|\n|poke|p2|Scovillain, F|\n|poke|p2|Calyrex-Shadow|\n|poke|p2|Sneasler, M|\n|poke|p2|Ditto|\n|poke|p2|Urshifu-*, F|\n|teampreview\n|c|\u2606brianbass|ehhehe\n|inactive|Battle timer is ON: inactive players will automatically lose when time's up. (requested by theluckyone26)\n|c|\u2606brianbass|hi\n|\n|t:|1700434828\n|start\n|switch|p1a: Hoopa|Hoopa-Unbound|100\/100\n|switch|p2a: Iron Bundle|Iron Bundle, shiny|100\/100\n|-enditem|p2a: Iron Bundle|Booster Energy\n|-activate|p2a: Iron Bundle|ability: Quark Drive|[fromitem]\n|-start|p2a: Iron Bundle|quarkdrivespe\n|turn|1\n|c|\u2606brianbass|oh\n|c|\u2606brianbass|shit\n|c|\u2606brianbass|the odds\n|\n|t:|1700434844\n|-end|p2a: Iron Bundle|Quark Drive|[silent]\n|switch|p2a: Ditto|Ditto|100\/100\n|-transform|p2a: Ditto|p1a: Hoopa|[from] ability: Imposter\n|switch|p1a: Glimmora|Glimmora, F|100\/100\n|\n|upkeep\n|turn|2\n|c|\u2606brianbass|perfect\n|c|\u2606brianbass|:)\n|\n|t:|1700434857\n|switch|p1a: Sneasler|Sneasler, M|100\/100\n|switch|p2a: Iron Bundle|Iron Bundle, shiny|100\/100\n|\n|upkeep\n|turn|3\n|c|\u2606brianbass|oof\n|\n|t:|1700434867\n|-end|p2a: Iron Bundle|Quark Drive|[silent]\n|switch|p2a: Calyrex|Calyrex-Shadow|100\/100\n|-ability|p2a: Calyrex|As One\n|-ability|p2a: Calyrex|Unnerve\n|move|p1a: Sneasler|Close Combat|p2a: Calyrex\n|-immune|p2a: Calyrex\n|\n|upkeep\n|turn|4\n|\n|t:|1700434878\n|switch|p1a: Hoopa|Hoopa-Unbound|100\/100\n|move|p2a: Calyrex|Astral Barrage|p1a: Hoopa\n|-crit|p1a: Hoopa\n|-damage|p1a: Hoopa|55\/100\n|\n|upkeep\n|turn|5\n|c|\u2606brianbass|oh\n|c|\u2606brianbass|no\n|c|\u2606brianbass|zehahahahah\n|\n|t:|1700434887\n|-terastallize|p2a: Calyrex|Fairy\n|move|p2a: Calyrex|Draining Kiss|p1a: Hoopa\n|-supereffective|p1a: Hoopa\n|-damage|p1a: Hoopa|25\/100\n|move|p1a: Hoopa|Hyperspace Fury|p2a: Calyrex\n|-resisted|p2a: Calyrex\n|-damage|p2a: Calyrex|67\/100\n|-unboost|p1a: Hoopa|def|1\n|\n|upkeep\n|turn|6\n|c|\u2606brianbass|wow\n|c|\u2606brianbass|smart\n|\n|t:|1700434910\n|switch|p1a: Sneasler|Sneasler, M|100\/100\n|move|p2a: Calyrex|Draining Kiss|p1a: Sneasler\n|-crit|p1a: Sneasler\n|-damage|p1a: Sneasler|22\/100\n|-heal|p2a: Calyrex|100\/100|[from] drain|[of] p1a: Sneasler\n|\n|upkeep\n|turn|7\n|c|\u2606brianbass|nope\n|\n|t:|1700434916\n|move|p1a: Sneasler|Dire Claw|p2a: Calyrex\n|-supereffective|p2a: Calyrex\n|-damage|p2a: Calyrex|3\/100\n|move|p2a: Calyrex|Draining Kiss|p1a: Sneasler\n|-damage|p1a: Sneasler|0 fnt\n|-heal|p2a: Calyrex|18\/100|[from] drain|[of] p1a: Sneasler\n|faint|p1a: Sneasler\n|-ability|p2a: Calyrex|Grim Neigh|boost\n|-boost|p2a: Calyrex|spa|1\n|\n|upkeep\n|c|\u2606brianbass|nooo\n|\n|t:|1700434922\n|switch|p1a: Rillaboom|Rillaboom, F|100\/100\n|-fieldstart|move: Grassy Terrain|[from] ability: Grassy Surge|[of] p1a: Rillaboom\n|turn|8\n|c|\u2606brianbass|wa\n|\n|t:|1700434936\n|switch|p2a: Scovillain|Scovillain, F|100\/100\n|move|p1a: Rillaboom|Grassy Glide|p2a: Scovillain\n|-resisted|p2a: Scovillain\n|-damage|p2a: Scovillain|79\/100\n|\n|-heal|p2a: Scovillain|85\/100|[from] Grassy Terrain\n|-heal|p2a: Scovillain|91\/100|[from] item: Leftovers\n|-ability|p2a: Scovillain|Moody|boost\n|-boost|p2a: Scovillain|def|2\n|-unboost|p2a: Scovillain|spd|1\n|upkeep\n|turn|9\n|c|\u2606brianbass|im slower\n|c|\u2606brianbass|dam\n|\n|t:|1700434953\n|switch|p1a: Hoopa|Hoopa-Unbound|25\/100\n|move|p2a: Scovillain|Flamethrower|p1a: Hoopa\n|-damage|p1a: Hoopa|12\/100\n|\n|-heal|p2a: Scovillain|97\/100|[from] Grassy Terrain\n|-heal|p2a: Scovillain|100\/100|[from] item: Leftovers\n|-heal|p1a: Hoopa|18\/100|[from] Grassy Terrain\n|-ability|p2a: Scovillain|Moody|boost\n|-boost|p2a: Scovillain|def|2\n|-unboost|p2a: Scovillain|spa|1\n|upkeep\n|turn|10\n|\n|t:|1700434971\n|move|p2a: Scovillain|Substitute|p2a: Scovillain\n|-start|p2a: Scovillain|Substitute\n|-damage|p2a: Scovillain|76\/100\n|move|p1a: Hoopa|Zen Headbutt|p2a: Scovillain\n|-activate|p2a: Scovillain|move: Substitute|[damage]\n|\n|-heal|p2a: Scovillain|82\/100|[from] Grassy Terrain\n|-heal|p2a: Scovillain|88\/100|[from] item: Leftovers\n|-heal|p1a: Hoopa|24\/100|[from] Grassy Terrain\n|-ability|p2a: Scovillain|Moody|boost\n|-boost|p2a: Scovillain|spa|2\n|-unboost|p2a: Scovillain|atk|1\n|upkeep\n|turn|11\n|\n|t:|1700434979\n|move|p2a: Scovillain|Protect|p2a: Scovillain\n|-singleturn|p2a: Scovillain|Protect\n|move|p1a: Hoopa|Thunder Punch|p2a: Scovillain\n|-activate|p2a: Scovillain|move: Protect\n|\n|-heal|p2a: Scovillain|94\/100|[from] Grassy Terrain\n|-heal|p2a: Scovillain|99\/100|[from] item: Leftovers\n|-heal|p1a: Hoopa|30\/100|[from] Grassy Terrain\n|-ability|p2a: Scovillain|Moody|boost\n|-boost|p2a: Scovillain|spd|2\n|-unboost|p2a: Scovillain|atk|1\n|upkeep\n|turn|12\n|c|\u2606brianbass|bruv\n|\n|t:|1700434991\n|move|p2a: Scovillain|Flamethrower|p1a: Hoopa\n|-damage|p1a: Hoopa|13\/100\n|move|p1a: Hoopa|Thunder Punch|p2a: Scovillain\n|-resisted|p2a: Scovillain\n|-end|p2a: Scovillain|Substitute\n|\n|-heal|p2a: Scovillain|100\/100|[from] Grassy Terrain\n|-heal|p1a: Hoopa|19\/100|[from] Grassy Terrain\n|-fieldend|move: Grassy Terrain\n|-ability|p2a: Scovillain|Moody|boost\n|-boost|p2a: Scovillain|atk|2\n|-unboost|p2a: Scovillain|def|1\n|upkeep\n|turn|13\n|\n|t:|1700434997\n|move|p2a: Scovillain|Substitute|p2a: Scovillain\n|-start|p2a: Scovillain|Substitute\n|-damage|p2a: Scovillain|76\/100\n|move|p1a: Hoopa|Thunder Punch|p2a: Scovillain\n|-resisted|p2a: Scovillain\n|-activate|p2a: Scovillain|move: Substitute|[damage]\n|\n|-heal|p2a: Scovillain|82\/100|[from] item: Leftovers\n|-ability|p2a: Scovillain|Moody|boost\n|-boost|p2a: Scovillain|spa|2\n|-unboost|p2a: Scovillain|spd|1\n|upkeep\n|turn|14\n|\n|t:|1700435002\n|move|p2a: Scovillain|Leech Seed|p1a: Hoopa\n|-start|p1a: Hoopa|move: Leech Seed\n|move|p1a: Hoopa|Ice Punch|p2a: Scovillain\n|-activate|p2a: Scovillain|move: Substitute|[damage]\n|\n|-heal|p2a: Scovillain|88\/100|[from] item: Leftovers\n|-damage|p1a: Hoopa|7\/100|[from] Leech Seed|[of] p2a: Scovillain\n|-heal|p2a: Scovillain|100\/100|[silent]\n|-ability|p2a: Scovillain|Moody|boost\n|-boost|p2a: Scovillain|def|2\n|-unboost|p2a: Scovillain|atk|1\n|upkeep\n|turn|15\n|\n|t:|1700435006\n|move|p2a: Scovillain|Protect|p2a: Scovillain\n|-singleturn|p2a: Scovillain|Protect\n|move|p1a: Hoopa|Ice Punch|p2a: Scovillain\n|-activate|p2a: Scovillain|move: Protect\n|\n|-damage|p1a: Hoopa|0 fnt|[from] Leech Seed|[of] p2a: Scovillain\n|faint|p1a: Hoopa\n|-ability|p2a: Scovillain|Moody|boost\n|-boost|p2a: Scovillain|spe|2\n|-unboost|p2a: Scovillain|atk|1\n|upkeep\n|\n|t:|1700435013\n|switch|p1a: Dondozo|Dondozo, F|100\/100\n|turn|16\n|\n|t:|1700435016\n|-terastallize|p1a: Dondozo|Grass\n|move|p2a: Scovillain|Leech Seed|p1a: Dondozo\n|-immune|p1a: Dondozo\n|move|p1a: Dondozo|Curse|p1a: Dondozo\n|-unboost|p1a: Dondozo|spe|1\n|-boost|p1a: Dondozo|atk|1\n|-boost|p1a: Dondozo|def|1\n|\n|-ability|p2a: Scovillain|Moody|boost\n|-boost|p2a: Scovillain|spd|2\n|-unboost|p2a: Scovillain|spe|1\n|upkeep\n|turn|17\n|\n|t:|1700435023\n|move|p2a: Scovillain|Flamethrower|p1a: Dondozo\n|-supereffective|p1a: Dondozo\n|-damage|p1a: Dondozo|56\/100\n|move|p1a: Dondozo|Curse|p1a: Dondozo\n|-unboost|p1a: Dondozo|spe|1\n|-boost|p1a: Dondozo|atk|1\n|-boost|p1a: Dondozo|def|1\n|\n|-heal|p1a: Dondozo|63\/100|[from] item: Leftovers\n|-ability|p2a: Scovillain|Moody|boost\n|-boost|p2a: Scovillain|spe|2\n|-unboost|p2a: Scovillain|spd|1\n|upkeep\n|turn|18\n|\n|t:|1700435029\n|move|p2a: Scovillain|Flamethrower|p1a: Dondozo\n|-supereffective|p1a: Dondozo\n|-damage|p1a: Dondozo|20\/100\n|move|p1a: Dondozo|Curse|p1a: Dondozo\n|-unboost|p1a: Dondozo|spe|1\n|-boost|p1a: Dondozo|atk|1\n|-boost|p1a: Dondozo|def|1\n|\n|-heal|p1a: Dondozo|26\/100|[from] item: Leftovers\n|-ability|p2a: Scovillain|Moody|boost\n|-boost|p2a: Scovillain|spe|2\n|-unboost|p2a: Scovillain|def|1\n|upkeep\n|turn|19\n|\n|t:|1700435034\n|move|p2a: Scovillain|Flamethrower|p1a: Dondozo\n|-supereffective|p1a: Dondozo\n|-damage|p1a: Dondozo|0 fnt\n|faint|p1a: Dondozo\n|\n|-ability|p2a: Scovillain|Moody|boost\n|-boost|p2a: Scovillain|def|2\n|-unboost|p2a: Scovillain|spd|1\n|upkeep\n|\n|t:|1700435038\n|switch|p1a: Zapdos|Zapdos|100\/100\n|turn|20\n|c|\u2606theluckyone26|Ur a bot\n|c|\u2606brianbass|u dont gotta be a jerk\n|c|\u2606theluckyone26|Bot\n|inactive|theluckyone26 has 120 seconds left.\n|\n|t:|1700435073\n|move|p2a: Scovillain|Leech Seed|p1a: Zapdos\n|-start|p1a: Zapdos|move: Leech Seed\n|move|p1a: Zapdos|Volt Switch|p2a: Scovillain\n|-resisted|p2a: Scovillain\n|-end|p2a: Scovillain|Substitute\n|c|\u2606brianbass|mad\n|\n|t:|1700435080\n|switch|p1a: Glimmora|Glimmora, F|100\/100|[from] Volt Switch\n|\n|-ability|p2a: Scovillain|Moody|boost\n|-boost|p2a: Scovillain|spd|2\n|-unboost|p2a: Scovillain|atk|1\n|upkeep\n|turn|21\n|c|\u2606brianbass|i didnt have time to prep up\n|c|\u2606brianbass|lil bro\n|c|\u2606brianbass|i have a life lil bro\n|\n|t:|1700435102\n|move|p2a: Scovillain|Substitute|p2a: Scovillain\n|-start|p2a: Scovillain|Substitute\n|-damage|p2a: Scovillain|76\/100\n|move|p1a: Glimmora|Sludge Wave|p2a: Scovillain\n|-supereffective|p2a: Scovillain\n|-crit|p2a: Scovillain\n|-end|p2a: Scovillain|Substitute\n|\n|-heal|p2a: Scovillain|82\/100|[from] item: Leftovers\n|-ability|p2a: Scovillain|Moody|boost\n|-boost|p2a: Scovillain|atk|2\n|-unboost|p2a: Scovillain|spe|1\n|upkeep\n|turn|22\n|c|\u2606brianbass|im in college i got a life lil bro\n|\n|t:|1700435114\n|move|p2a: Scovillain|Substitute|p2a: Scovillain\n|-start|p2a: Scovillain|Substitute\n|-damage|p2a: Scovillain|57\/100\n|move|p1a: Glimmora|Sludge Wave|p2a: Scovillain\n|-supereffective|p2a: Scovillain\n|-end|p2a: Scovillain|Substitute\n|\n|-heal|p2a: Scovillain|63\/100|[from] item: Leftovers\n|-ability|p2a: Scovillain|Moody|boost\n|-boost|p2a: Scovillain|spa|2\n|-unboost|p2a: Scovillain|atk|1\n|upkeep\n|turn|23\n|c|\u2606brianbass|lol\n|\n|t:|1700435120\n|move|p2a: Scovillain|Protect|p2a: Scovillain\n|-singleturn|p2a: Scovillain|Protect\n|move|p1a: Glimmora|Sludge Wave|p2a: Scovillain\n|-activate|p2a: Scovillain|move: Protect\n|\n|-heal|p2a: Scovillain|69\/100|[from] item: Leftovers\n|-ability|p2a: Scovillain|Moody|boost\n|-boost|p2a: Scovillain|spd|2\n|-unboost|p2a: Scovillain|def|1\n|upkeep\n|turn|24\n|c|\u2606brianbass|im a bot\n|c|\u2606brianbass|but u hidin\n|c|\u2606brianbass|funny\n|c|\u2606brianbass|xD\n|\n|t:|1700435131\n|move|p2a: Scovillain|Substitute|p2a: Scovillain\n|-start|p2a: Scovillain|Substitute\n|-damage|p2a: Scovillain|44\/100\n|move|p1a: Glimmora|Sludge Wave|p2a: Scovillain\n|-supereffective|p2a: Scovillain\n|-end|p2a: Scovillain|Substitute\n|\n|-heal|p2a: Scovillain|50\/100|[from] item: Leftovers\n|-ability|p2a: Scovillain|Moody|boost\n|-boost|p2a: Scovillain|spa|1\n|-unboost|p2a: Scovillain|def|1\n|upkeep\n|turn|25\n|\n|t:|1700435135\n|move|p2a: Scovillain|Protect|p2a: Scovillain\n|-singleturn|p2a: Scovillain|Protect\n|move|p1a: Glimmora|Sludge Wave|p2a: Scovillain\n|-activate|p2a: Scovillain|move: Protect\n|\n|-heal|p2a: Scovillain|56\/100|[from] item: Leftovers\n|-ability|p2a: Scovillain|Moody|boost\n|-boost|p2a: Scovillain|spe|2\n|-unboost|p2a: Scovillain|def|1\n|upkeep\n|turn|26\n|c|\u2606brianbass|i know ur a bish\n|c|\u2606brianbass|lol\n|\n|t:|1700435144\n|move|p2a: Scovillain|Flamethrower|p1a: Glimmora\n|-resisted|p1a: Glimmora\n|-damage|p1a: Glimmora|6\/100\n|move|p1a: Glimmora|Sludge Wave|p2a: Scovillain\n|-supereffective|p2a: Scovillain\n|-damage|p2a: Scovillain|0 fnt\n|faint|p2a: Scovillain\n|\n|upkeep\n|\n|t:|1700435148\n|switch|p2a: Sneasler|Sneasler, M, shiny|100\/100\n|turn|27\n|c|\u2606brianbass|ill molly wap yo big ass head\n|c|\u2606brianbass|lil boy\n|\n|t:|1700435155\n|switch|p2a: Urshifu|Urshifu-Rapid-Strike, F|100\/100\n|move|p1a: Glimmora|Sludge Wave|p2a: Urshifu\n|-damage|p2a: Urshifu|0 fnt\n|faint|p2a: Urshifu\n|\n|upkeep\n|\n|t:|1700435159\n|switch|p2a: Ditto|Ditto|100\/100\n|-transform|p2a: Ditto|p1a: Glimmora|[from] ability: Imposter\n|turn|28\n|c|\u2606brianbass|yeah bitch\n|\n|t:|1700435168\n|move|p2a: Ditto|Dazzling Gleam|p1a: Glimmora\n|-resisted|p1a: Glimmora\n|-damage|p1a: Glimmora|0 fnt\n|faint|p1a: Glimmora\n|\n|upkeep\n|c|\u2606brianbass|ugly ah bitch\n|\n|t:|1700435193\n|switch|p1a: Rillaboom|Rillaboom, F|100\/100\n|-fieldstart|move: Grassy Terrain|[from] ability: Grassy Surge|[of] p1a: Rillaboom\n|turn|29\n|inactive|brianbass has 120 seconds left.\n|inactive|theluckyone26 has 120 seconds left.\n|\n|t:|1700435237\n|-singleturn|p1a: Rillaboom|move: Focus Punch\n|move|p2a: Ditto|Dazzling Gleam|p1a: Rillaboom\n|-damage|p1a: Rillaboom|71\/100\n|cant|p1a: Rillaboom|Focus Punch|Focus Punch\n|\n|-heal|p1a: Rillaboom|77\/100|[from] Grassy Terrain\n|upkeep\n|turn|30\n|inactive|brianbass has 120 seconds left.\n|\n|t:|1700435267\n|switch|p2a: Sneasler|Sneasler, M, shiny|100\/100\n|-singleturn|p1a: Rillaboom|move: Focus Punch\n|move|p1a: Rillaboom|Focus Punch|p2a: Sneasler\n|-resisted|p2a: Sneasler\n|-damage|p2a: Sneasler|32\/100\n|\n|-heal|p2a: Sneasler|38\/100|[from] Grassy Terrain\n|-heal|p1a: Rillaboom|83\/100|[from] Grassy Terrain\n|upkeep\n|turn|31\n|\n|t:|1700435273\n|-singleturn|p1a: Rillaboom|move: Focus Punch\n|move|p2a: Sneasler|Fake Out|p1a: Rillaboom\n|-damage|p1a: Rillaboom|69\/100\n|cant|p1a: Rillaboom|Focus Punch|Focus Punch\n|\n|-heal|p2a: Sneasler|44\/100|[from] Grassy Terrain\n|-heal|p1a: Rillaboom|75\/100|[from] Grassy Terrain\n|upkeep\n|turn|32\n|inactive|theluckyone26 has 120 seconds left.\n|\n|t:|1700435284\n|-singleturn|p1a: Rillaboom|move: Focus Punch\n|move|p2a: Sneasler|Dire Claw|p1a: Rillaboom\n|-supereffective|p1a: Rillaboom\n|-crit|p1a: Rillaboom\n|-damage|p1a: Rillaboom|0 fnt\n|faint|p1a: Rillaboom\n|\n|-heal|p2a: Sneasler|50\/100|[from] Grassy Terrain\n|upkeep\n|\n|t:|1700435289\n|switch|p1a: Zapdos|Zapdos|100\/100\n|turn|33\n|inactive|brianbass has 120 seconds left.\n|\n|t:|1700435298\n|move|p2a: Sneasler|Dire Claw|p1a: Zapdos\n|-damage|p1a: Zapdos|61\/100\n|move|p1a: Zapdos|Volt Switch|p2a: Sneasler\n|-damage|p2a: Sneasler|0 fnt\n|faint|p2a: Sneasler\n|\n|-fieldend|move: Grassy Terrain\n|upkeep\n|\n|t:|1700435304\n|switch|p2a: Calyrex|Calyrex-Shadow, tera:Fairy|18\/100\n|-ability|p2a: Calyrex|As One\n|-ability|p2a: Calyrex|Unnerve\n|turn|34\n|\n|t:|1700435309\n|move|p2a: Calyrex|Astral Barrage|p1a: Zapdos\n|-damage|p1a: Zapdos|0 fnt\n|faint|p1a: Zapdos\n|\n|win|theluckyone26\n|raw|brianbass's rating: 1320 &rarr; <strong>1308<\/strong><br \/>(-12 for losing)\n|raw|theluckyone26's rating: 1462 &rarr; <strong>1474<\/strong><br \/>(+12 for winning)\n","uploadtime":1700435172,"views":1,"p1id":"brianbass","p2id":"theluckyone26","formatid":"gen9anythinggoes","rating":1308,"private":0,"password":""}