{"id":"gen9anythinggoes-1977654543","p1":"markeab","p2":"i'm drunk xd","format":"[Gen 9] Anything Goes","log":"|j|\u2606markeab\n|j|\u2606i'm drunk xd\n|t:|1698435622\n|gametype|singles\n|player|p1|markeab|ghetsis|1143\n|player|p2|i'm drunk xd|cynthia|1228\n|teamsize|p1|6\n|teamsize|p2|6\n|gen|9\n|tier|[Gen 9] Anything Goes\n|rated|\n|rule|HP Percentage Mod: HP is shown in percentages\n|rule|Endless Battle Clause: Forcing endless battles is banned\n|clearpoke\n|poke|p1|Snorlax, F|\n|poke|p1|Mimikyu, M|\n|poke|p1|Mandibuzz, F|\n|poke|p1|Medicham, F|\n|poke|p1|Hatterene, F|\n|poke|p1|Toxapex, M|\n|poke|p2|Ogerpon, F|\n|poke|p2|Tinkaton, F|\n|poke|p2|Iron Valiant|\n|poke|p2|Gholdengo|\n|poke|p2|Grimmsnarl, M|\n|poke|p2|Miraidon|\n|teampreview\n|inactive|Battle timer is ON: inactive players will automatically lose when time's up. (requested by markeab)\n|\n|t:|1698435635\n|start\n|switch|p1a: Toxapex|Toxapex, M, shiny|100\/100\n|switch|p2a: Drinkaton|Tinkaton, F|100\/100\n|turn|1\n|\n|t:|1698435645\n|move|p2a: Drinkaton|Stealth Rock|p1a: Toxapex\n|-sidestart|p1: markeab|move: Stealth Rock\n|move|p1a: Toxapex|Toxic Spikes|p2a: Drinkaton\n|-sidestart|p2: i'm drunk xd|move: Toxic Spikes\n|\n|upkeep\n|turn|2\n|\n|t:|1698435655\n|move|p2a: Drinkaton|Knock Off|p1a: Toxapex\n|-damage|p1a: Toxapex|83\/100\n|-enditem|p1a: Toxapex|Leftovers|[from] move: Knock Off|[of] p2a: Drinkaton\n|move|p1a: Toxapex|Ice Beam|p2a: Drinkaton\n|-resisted|p2a: Drinkaton\n|-damage|p2a: Drinkaton|90\/100\n|\n|upkeep\n|turn|3\n|\n|t:|1698435664\n|move|p1a: Toxapex|Baneful Bunker|p1a: Toxapex\n|-singleturn|p1a: Toxapex|move: Protect\n|move|p2a: Drinkaton|Gigaton Hammer|p1a: Toxapex\n|-activate|p1a: Toxapex|move: Protect\n|\n|upkeep\n|turn|4\n|\n|t:|1698435688\n|switch|p1a: Snorlax|Snorlax, F, shiny|100\/100\n|-damage|p1a: Snorlax|88\/100|[from] Stealth Rock\n|move|p2a: Drinkaton|Encore||[still]\n|-fail|p2a: Drinkaton\n|\n|upkeep\n|turn|5\n|\n|t:|1698435696\n|move|p2a: Drinkaton|Knock Off|p1a: Snorlax\n|-damage|p1a: Snorlax|67\/100\n|-enditem|p1a: Snorlax|Sitrus Berry|[from] move: Knock Off|[of] p2a: Drinkaton\n|move|p1a: Snorlax|Curse|p1a: Snorlax\n|-unboost|p1a: Snorlax|spe|1\n|-boost|p1a: Snorlax|atk|1\n|-boost|p1a: Snorlax|def|1\n|\n|upkeep\n|turn|6\n|\n|t:|1698435708\n|move|p2a: Drinkaton|Encore|p1a: Snorlax\n|-start|p1a: Snorlax|Encore\n|move|p1a: Snorlax|Curse|p1a: Snorlax\n|-unboost|p1a: Snorlax|spe|1\n|-boost|p1a: Snorlax|atk|1\n|-boost|p1a: Snorlax|def|1\n|\n|upkeep\n|turn|7\n|\n|t:|1698435716\n|switch|p2a: Pawn Shop|Gholdengo, shiny|100\/100\n|move|p1a: Snorlax|Curse|p1a: Snorlax\n|-unboost|p1a: Snorlax|spe|1\n|-boost|p1a: Snorlax|atk|1\n|-boost|p1a: Snorlax|def|1\n|\n|upkeep\n|turn|8\n|\n|t:|1698435727\n|-terastallize|p1a: Snorlax|Ghost\n|move|p2a: Pawn Shop|Make It Rain|p1a: Snorlax\n|-damage|p1a: Snorlax|29\/100\n|-unboost|p2a: Pawn Shop|spa|1\n|move|p1a: Snorlax|Curse|p2a: Pawn Shop\n|-immune|p2a: Pawn Shop|[from] ability: Good as Gold\n|\n|-end|p1a: Snorlax|Encore\n|upkeep\n|turn|9\n|\n|t:|1698435741\n|move|p2a: Pawn Shop|Make It Rain|p1a: Snorlax\n|-damage|p1a: Snorlax|1\/100\n|-unboost|p2a: Pawn Shop|spa|1\n|move|p1a: Snorlax|Earthquake|p2a: Pawn Shop\n|-supereffective|p2a: Pawn Shop\n|-damage|p2a: Pawn Shop|0 fnt\n|faint|p2a: Pawn Shop\n|\n|upkeep\n|\n|t:|1698435754\n|switch|p2a: Drinkaton|Tinkaton, F|90\/100\n|turn|10\n|\n|t:|1698435757\n|move|p2a: Drinkaton|Knock Off|p1a: Snorlax\n|-supereffective|p1a: Snorlax\n|-damage|p1a: Snorlax|0 fnt\n|faint|p1a: Snorlax\n|\n|upkeep\n|\n|t:|1698435770\n|switch|p1a: Medicham|Medicham, F, shiny|100\/100\n|-damage|p1a: Medicham|94\/100|[from] Stealth Rock\n|turn|11\n|\n|t:|1698435776\n|move|p1a: Medicham|Fake Out|p2a: Drinkaton\n|-resisted|p2a: Drinkaton\n|-damage|p2a: Drinkaton|77\/100\n|cant|p2a: Drinkaton|flinch\n|\n|upkeep\n|turn|12\n|\n|t:|1698435787\n|move|p2a: Drinkaton|Encore|p1a: Medicham\n|-start|p1a: Medicham|Encore\n|move|p1a: Medicham|Fake Out||[still]\n|-hint|Fake Out only works on your first turn out.\n|-fail|p1a: Medicham\n|\n|upkeep\n|turn|13\n|c|\u2606markeab|U are so boring\n|inactive|markeab has 120 seconds left.\n|\n|t:|1698435821\n|move|p1a: Medicham|Fake Out||[still]\n|-hint|Fake Out only works on your first turn out.\n|-fail|p1a: Medicham\n|move|p2a: Drinkaton|Knock Off|p1a: Medicham\n|-damage|p1a: Medicham|60\/100\n|-enditem|p1a: Medicham|Expert Belt|[from] move: Knock Off|[of] p2a: Drinkaton\n|\n|upkeep\n|turn|14\n|\n|t:|1698435829\n|move|p1a: Medicham|Fake Out||[still]\n|-hint|Fake Out only works on your first turn out.\n|-fail|p1a: Medicham\n|move|p2a: Drinkaton|Gigaton Hammer|p1a: Medicham\n|-damage|p1a: Medicham|0 fnt\n|faint|p1a: Medicham\n|\n|upkeep\n|inactive|markeab has 120 seconds left.\n|\n|t:|1698435840\n|switch|p1a: Hatterene|Hatterene, F, shiny|100\/100\n|-damage|p1a: Hatterene|88\/100|[from] Stealth Rock\n|turn|15\n|\n|t:|1698435848\n|move|p2a: Drinkaton|Knock Off|p1a: Hatterene\n|-damage|p1a: Hatterene|62\/100\n|-enditem|p1a: Hatterene|Leftovers|[from] move: Knock Off|[of] p2a: Drinkaton\n|move|p1a: Hatterene|Mystical Fire|p2a: Drinkaton\n|-supereffective|p2a: Drinkaton\n|-damage|p2a: Drinkaton|13\/100\n|-unboost|p2a: Drinkaton|spa|1\n|\n|upkeep\n|turn|16\n|\n|t:|1698435858\n|move|p2a: Drinkaton|Gigaton Hammer|p1a: Hatterene\n|-supereffective|p1a: Hatterene\n|-damage|p1a: Hatterene|0 fnt\n|faint|p1a: Hatterene\n|\n|upkeep\n|-message|markeab forfeited.\n|\n|win|i'm drunk xd\n|raw|markeab's rating: 1143 &rarr; <strong>1124<\/strong><br \/>(-19 for losing)\n|raw|i&apos;m drunk xd's rating: 1228 &rarr; <strong>1247<\/strong><br \/>(+19 for winning)\n|l|\u2606markeab\n|c|\u2606i'm drunk xd|sorry mate\n|c|\u2606i'm drunk xd|these strats are so boring\n","uploadtime":1698435899,"views":12,"p1id":"markeab","p2id":"imdrunkxd","formatid":"gen9anythinggoes","rating":1124,"private":0,"password":""}