{"id":"gen9anythinggoes-2000601467","p1":"immetreesave","p2":"Mystic2564","format":"[Gen 9] Anything Goes","log":"|j|\u2606immetreesave\n|j|\u203dMystic2564\n|t:|1701209360\n|gametype|singles\n|player|p1|immetreesave|fisherman-gen4|1167\n|player|p2|Mystic2564|266|1201\n|teamsize|p1|6\n|teamsize|p2|6\n|gen|9\n|tier|[Gen 9] Anything Goes\n|rated|\n|rule|HP Percentage Mod: HP is shown in percentages\n|rule|Endless Battle Clause: Forcing endless battles is banned\n|clearpoke\n|poke|p1|Arceus-Fairy|\n|poke|p1|Arceus-Water|\n|poke|p1|Arceus-Ice|\n|poke|p1|Arceus-Grass|\n|poke|p1|Arceus-Fire|\n|poke|p1|Arceus-Dragon|\n|poke|p2|Calyrex-Shadow|\n|poke|p2|Mewtwo|\n|poke|p2|Greninja-*, F|\n|poke|p2|Rillaboom, M|\n|poke|p2|Zacian-*|\n|poke|p2|Talonflame, M|\n|teampreview\n|\n|t:|1701209372\n|start\n|switch|p1a: Arceus|Arceus-Ice|100\/100\n|switch|p2a: Mewtwo|Mewtwo, shiny|100\/100\n|-ability|p2a: Mewtwo|Unnerve\n|turn|1\n|\n|t:|1701209379\n|move|p2a: Mewtwo|Earth Power|p1a: Arceus\n|-damage|p1a: Arceus|76\/100\n|move|p1a: Arceus|Calm Mind|p1a: Arceus\n|-boost|p1a: Arceus|spa|1\n|-boost|p1a: Arceus|spd|1\n|-enditem|p2a: Mewtwo|Mirror Herb\n|-boost|p2a: Mewtwo|spa|1|[from] item: Mirror Herb\n|-boost|p2a: Mewtwo|spd|1|[from] item: Mirror Herb\n|\n|upkeep\n|turn|2\n|c|\u2606immetreesave|E\n|inactive|Battle timer is ON: inactive players will automatically lose when time's up. (requested by immetreesave)\n|inactiveoff|Battle timer is now OFF.\n|\n|t:|1701209396\n|move|p2a: Mewtwo|Psystrike|p1a: Arceus\n|-damage|p1a: Arceus|7\/100\n|move|p1a: Arceus|Judgment|p2a: Mewtwo\n|-damage|p2a: Mewtwo|29\/100\n|\n|upkeep\n|turn|3\n|\n|t:|1701209404\n|move|p2a: Mewtwo|Ice Beam|p1a: Arceus\n|-resisted|p1a: Arceus\n|-damage|p1a: Arceus|0 fnt\n|faint|p1a: Arceus\n|\n|upkeep\n|\n|t:|1701209406\n|switch|p1a: Arceus|Arceus-Grass|100\/100\n|turn|4\n|\n|t:|1701209418\n|switch|p1a: Arceus|Arceus-Water|100\/100\n|move|p2a: Mewtwo|Ice Beam|p1a: Arceus\n|-resisted|p1a: Arceus\n|-damage|p1a: Arceus|84\/100\n|\n|upkeep\n|turn|5\n|inactive|Battle timer is ON: inactive players will automatically lose when time's up. (requested by immetreesave)\n|\n|t:|1701209430\n|move|p2a: Mewtwo|Shadow Ball|p1a: Arceus\n|-damage|p1a: Arceus|53\/100\n|move|p1a: Arceus|Calm Mind|p1a: Arceus\n|-boost|p1a: Arceus|spa|1\n|-boost|p1a: Arceus|spd|1\n|\n|upkeep\n|turn|6\n|\n|t:|1701209439\n|move|p2a: Mewtwo|Psystrike|p1a: Arceus\n|-damage|p1a: Arceus|0 fnt\n|faint|p1a: Arceus\n|\n|upkeep\n|\n|t:|1701209443\n|switch|p1a: Arceus|Arceus-Fairy|100\/100\n|turn|7\n|\n|t:|1701209448\n|move|p2a: Mewtwo|Ice Beam|p1a: Arceus\n|-damage|p1a: Arceus|65\/100\n|move|p1a: Arceus|Judgment|p2a: Mewtwo\n|-damage|p2a: Mewtwo|0 fnt\n|faint|p2a: Mewtwo\n|\n|upkeep\n|c|\u2606immetreesave|Die die die\n|\n|t:|1701209466\n|switch|p2a: Talonflame|Talonflame, M|100\/100\n|turn|8\n|\n|t:|1701209479\n|move|p2a: Talonflame|Flame Charge|p1a: Arceus\n|-damage|p1a: Arceus|53\/100\n|-boost|p2a: Talonflame|spe|1\n|move|p1a: Arceus|Judgment|p2a: Talonflame\n|-resisted|p2a: Talonflame\n|-damage|p2a: Talonflame|48\/100\n|\n|upkeep\n|turn|9\n|c|\u2606immetreesave|Die die die\n|\n|t:|1701209489\n|-terastallize|p2a: Talonflame|Flying\n|move|p2a: Talonflame|Air Slash|p1a: Arceus|[miss]\n|-miss|p2a: Talonflame|p1a: Arceus\n|move|p1a: Arceus|Judgment|p2a: Talonflame\n|-damage|p2a: Talonflame|0 fnt\n|faint|p2a: Talonflame\n|\n|upkeep\n|c|\u2606immetreesave|Die die die\n|\n|t:|1701209497\n|switch|p2a: Greninja|Greninja, F, shiny|100\/100\n|turn|10\n|\n|t:|1701209502\n|move|p2a: Greninja|Ice Beam|p1a: Arceus\n|-start|p2a: Greninja|typechange|Ice|[from] ability: Protean\n|-damage|p1a: Arceus|25\/100\n|move|p1a: Arceus|Calm Mind|p1a: Arceus\n|-boost|p1a: Arceus|spa|1\n|-boost|p1a: Arceus|spd|1\n|\n|upkeep\n|turn|11\n|c|\u2606immetreesave|He black\n|\n|t:|1701209509\n|move|p2a: Greninja|Ice Beam|p1a: Arceus\n|-damage|p1a: Arceus|7\/100\n|-status|p1a: Arceus|frz\n|-curestatus|p1a: Arceus|frz|[msg]\n|move|p1a: Arceus|Judgment|p2a: Greninja\n|-damage|p2a: Greninja|0 fnt\n|faint|p2a: Greninja\n|\n|upkeep\n|c|\u2606immetreesave|He die\n|\n|t:|1701209519\n|switch|p2a: Rillaboom|Rillaboom, M|100\/100\n|-fieldstart|move: Grassy Terrain|[from] ability: Grassy Surge|[of] p2a: Rillaboom\n|-enditem|p2a: Rillaboom|Grassy Seed\n|-boost|p2a: Rillaboom|def|1|[from] item: Grassy Seed\n|turn|12\n|\n|t:|1701209525\n|move|p2a: Rillaboom|Grassy Glide|p1a: Arceus\n|-damage|p1a: Arceus|0 fnt\n|faint|p1a: Arceus\n|\n|upkeep\n|\n|t:|1701209529\n|switch|p1a: Arceus|Arceus-Fire|100\/100\n|turn|13\n|\n|t:|1701209537\n|move|p2a: Rillaboom|Acrobatics|p1a: Arceus\n|-damage|p1a: Arceus|75\/100\n|move|p1a: Arceus|Calm Mind|p1a: Arceus\n|-boost|p1a: Arceus|spa|1\n|-boost|p1a: Arceus|spd|1\n|\n|-heal|p1a: Arceus|81\/100|[from] Grassy Terrain\n|upkeep\n|turn|14\n|inactive|Mystic2564 has 120 seconds left.\n|\n|t:|1701209569\n|move|p2a: Rillaboom|Drum Beating|p1a: Arceus\n|-resisted|p1a: Arceus\n|-damage|p1a: Arceus|62\/100\n|-unboost|p1a: Arceus|spe|1\n|move|p1a: Arceus|Judgment|p2a: Rillaboom\n|-supereffective|p2a: Rillaboom\n|-damage|p2a: Rillaboom|0 fnt\n|faint|p2a: Rillaboom\n|\n|-heal|p1a: Arceus|68\/100|[from] Grassy Terrain\n|upkeep\n|c|\u2606immetreesave|Well\n|inactive|Mystic2564 has 120 seconds left.\n|c|\u2606immetreesave|Nice knowing you\n|\n|t:|1701209585\n|switch|p2a: Zacian|Zacian-Crowned, shiny|100\/100\n|-ability|p2a: Zacian|Intrepid Sword|boost\n|-boost|p2a: Zacian|atk|1\n|turn|15\n|c|\u2606immetreesave|Rillaboom\n|\n|t:|1701209592\n|move|p2a: Zacian|Sacred Sword|p1a: Arceus\n|-damage|p1a: Arceus|28\/100\n|move|p1a: Arceus|Judgment|p2a: Zacian\n|-supereffective|p2a: Zacian\n|-damage|p2a: Zacian|0 fnt\n|faint|p2a: Zacian\n|\n|-heal|p1a: Arceus|35\/100|[from] Grassy Terrain\n|upkeep\n|c|\u2606immetreesave|Ez\n|\n|t:|1701209601\n|switch|p2a: Calyrex|Calyrex-Shadow|100\/100\n|-ability|p2a: Calyrex|As One\n|-ability|p2a: Calyrex|Unnerve\n|turn|16\n|inactive|Mystic2564 has 120 seconds left.\n|\n|t:|1701209606\n|move|p2a: Calyrex|Astral Barrage|p1a: Arceus\n|-damage|p1a: Arceus|0 fnt\n|faint|p1a: Arceus\n|-ability|p2a: Calyrex|Grim Neigh|boost\n|-boost|p2a: Calyrex|spa|1\n|\n|-fieldend|move: Grassy Terrain\n|upkeep\n|\n|t:|1701209613\n|switch|p1a: Arceus|Arceus-Grass|100\/100\n|turn|17\n|\n|t:|1701209615\n|move|p2a: Calyrex|Astral Barrage|p1a: Arceus\n|-damage|p1a: Arceus|0 fnt\n|faint|p1a: Arceus\n|-ability|p2a: Calyrex|Grim Neigh|boost\n|-boost|p2a: Calyrex|spa|1\n|\n|upkeep\n|\n|t:|1701209619\n|switch|p1a: Arceus|Arceus-Dragon|100\/100\n|turn|18\n|\n|t:|1701209623\n|move|p2a: Calyrex|Astral Barrage|p1a: Arceus\n|-damage|p1a: Arceus|0 fnt\n|faint|p1a: Arceus\n|\n|win|Mystic2564\n|raw|immetreesave's rating: 1167 &rarr; <strong>1144<\/strong><br \/>(-23 for losing)\n|raw|Mystic2564's rating: 1201 &rarr; <strong>1224<\/strong><br \/>(+23 for winning)\n","uploadtime":1701209456,"views":0,"p1id":"immetreesave","p2id":"mystic2564","formatid":"gen9anythinggoes","rating":1144,"private":0,"password":""}