{"id":"gen9anythinggoes-1994333498","p1":"AltaltLyly","p2":"Fergder","format":"[Gen 9] Anything Goes","log":"|j|\u2606AltaltLyly\n|j|\u2606Fergder\n|t:|1700432162\n|gametype|singles\n|player|p1|AltaltLyly|winona|\n|player|p2|Fergder|102|\n|teamsize|p1|6\n|teamsize|p2|6\n|gen|9\n|tier|[Gen 9] Anything Goes\n|rule|HP Percentage Mod: HP is shown in percentages\n|rule|Endless Battle Clause: Forcing endless battles is banned\n|clearpoke\n|poke|p1|Arceus|\n|poke|p1|Tauros-Paldea-Aqua, M|\n|poke|p1|Lurantis, M|\n|poke|p1|Klefki, M|\n|poke|p1|Corviknight, F|\n|poke|p1|Cyclizar, F|\n|poke|p2|Illumise, F|\n|poke|p2|Arcanine-Hisui, M|\n|poke|p2|Hoopa-Unbound|\n|poke|p2|Sandaconda, F|\n|poke|p2|Brambleghast, F|\n|poke|p2|Shaymin-Sky|\n|teampreview\n|\n|t:|1700432204\n|start\n|switch|p1a: Cyclizar|Cyclizar, F|100\/100\n|switch|p2a: Arcanine|Arcanine-Hisui, M|100\/100\n|turn|1\n|\n|t:|1700432221\n|move|p1a: Cyclizar|Shed Tail|p1a: Cyclizar\n|-start|p1a: Cyclizar|Substitute|[from] move: Shed Tail\n|-damage|p1a: Cyclizar|50\/100\n|\n|t:|1700432224\n|switch|p1a: Klefki|Klefki, M|100\/100|[from] Shed Tail\n|move|p2a: Arcanine|Roar|p1a: Klefki\n|drag|p1a: Cyclizar|Cyclizar, F|84\/100\n|\n|upkeep\n|turn|2\n|\n|t:|1700432233\n|move|p1a: Cyclizar|Shed Tail|p1a: Cyclizar\n|-start|p1a: Cyclizar|Substitute|[from] move: Shed Tail\n|-damage|p1a: Cyclizar|34\/100\n|\n|t:|1700432236\n|switch|p1a: Tauros|Tauros-Paldea-Aqua, M|100\/100|[from] Shed Tail\n|-ability|p1a: Tauros|Intimidate|boost\n|-unboost|p2a: Arcanine|atk|1\n|move|p2a: Arcanine|Roar|p1a: Tauros\n|drag|p1a: Arceus|Arceus|100\/100\n|\n|upkeep\n|turn|3\n|c|\u2606AltaltLyly|See what I mean?\n|\n|t:|1700432260\n|switch|p2a: Hoopa|Hoopa-Unbound|100\/100\n|move|p1a: Arceus|Swords Dance|p1a: Arceus\n|-boost|p1a: Arceus|atk|2\n|\n|upkeep\n|turn|4\n|\n|t:|1700432272\n|move|p1a: Arceus|Extreme Speed|p2a: Hoopa\n|-damage|p2a: Hoopa|0 fnt\n|faint|p2a: Hoopa\n|\n|upkeep\n|c|\u2606Fergder|Lol\n|\n|t:|1700432282\n|switch|p2a: Sandaconda|Sandaconda, F|100\/100\n|turn|5\n|\n|t:|1700432288\n|-terastallize|p2a: Sandaconda|Ghost\n|move|p1a: Arceus|Extreme Speed|p2a: Sandaconda\n|-immune|p2a: Sandaconda\n|move|p2a: Sandaconda|Coil|p2a: Sandaconda\n|-boost|p2a: Sandaconda|atk|1\n|-boost|p2a: Sandaconda|def|1\n|-boost|p2a: Sandaconda|accuracy|1\n|\n|upkeep\n|turn|6\n|\n|t:|1700432298\n|move|p1a: Arceus|Shadow Claw|p2a: Sandaconda\n|-supereffective|p2a: Sandaconda\n|-damage|p2a: Sandaconda|44\/100\n|move|p2a: Sandaconda|Coil|p2a: Sandaconda\n|-boost|p2a: Sandaconda|atk|1\n|-boost|p2a: Sandaconda|def|1\n|-boost|p2a: Sandaconda|accuracy|1\n|\n|upkeep\n|turn|7\n|\n|t:|1700432307\n|move|p1a: Arceus|Shadow Claw|p2a: Sandaconda\n|-supereffective|p2a: Sandaconda\n|-crit|p2a: Sandaconda\n|-damage|p2a: Sandaconda|0 fnt\n|faint|p2a: Sandaconda\n|\n|upkeep\n|c|\u2606Fergder|Damn\n|c|\u2606AltaltLyly|Crit mattered\n|c|\u2606AltaltLyly|Don't worry about it too much\n|\n|t:|1700432323\n|switch|p2a: Illumise|Illumise, F|100\/100\n|turn|8\n|c|\u2606AltaltLyly|Might wanna go bug first then sanda\n|\n|t:|1700432340\n|move|p1a: Arceus|Extreme Speed|p2a: Illumise\n|-damage|p2a: Illumise|0 fnt\n|faint|p2a: Illumise\n|\n|upkeep\n|c|\u2606Fergder|Ew\n|c|\u2606Fergder|This is a problem\n|\n|t:|1700432361\n|switch|p2a: Brambleghast|Brambleghast, F|100\/100\n|turn|9\n|c|\u2606AltaltLyly|Yeah exactly\n|\n|t:|1700432367\n|move|p2a: Brambleghast|Seed Bomb|p1a: Arceus\n|-damage|p1a: Arceus|73\/100\n|move|p1a: Arceus|Shadow Claw|p2a: Brambleghast\n|-supereffective|p2a: Brambleghast\n|-crit|p2a: Brambleghast\n|-damage|p2a: Brambleghast|0 fnt\n|faint|p2a: Brambleghast\n|\n|upkeep\n|\n|t:|1700432373\n|switch|p2a: Shaymin|Shaymin-Sky|100\/100\n|turn|10\n|\n|t:|1700432381\n|move|p1a: Arceus|Extreme Speed|p2a: Shaymin\n|-damage|p2a: Shaymin|0 fnt\n|faint|p2a: Shaymin\n|\n|upkeep\n|\n|t:|1700432383\n|switch|p2a: Arcanine|Arcanine-Hisui, M|100\/100\n|turn|11\n|c|\u2606AltaltLyly|This is a stupid broken set\n|\n|t:|1700432396\n|move|p2a: Arcanine|Wild Charge|p1a: Arceus\n|-damage|p1a: Arceus|53\/100\n|move|p1a: Arceus|Recover|p1a: Arceus\n|-heal|p1a: Arceus|100\/100\n|\n|upkeep\n|turn|12\n|\n|t:|1700432402\n|move|p2a: Arcanine|Head Smash|p1a: Arceus\n|-damage|p1a: Arceus|57\/100\n|move|p1a: Arceus|Swords Dance|p1a: Arceus\n|-boost|p1a: Arceus|atk|2\n|\n|upkeep\n|turn|13\n|\n|t:|1700432411\n|move|p1a: Arceus|Shadow Claw|p2a: Arcanine\n|-damage|p2a: Arcanine|5\/100\n|move|p2a: Arcanine|Roar|p1a: Arceus\n|drag|p1a: Tauros|Tauros-Paldea-Aqua, M|100\/100\n|-ability|p1a: Tauros|Intimidate|boost\n|-unboost|p2a: Arcanine|atk|1\n|\n|upkeep\n|turn|14\n|\n|t:|1700432421\n|move|p1a: Tauros|Raging Bull|p2a: Arcanine\n|-supereffective|p2a: Arcanine\n|-damage|p2a: Arcanine|0 fnt\n|faint|p2a: Arcanine\n|\n|win|AltaltLyly\n|l|\u2606Fergder\n","uploadtime":1700432431,"views":3,"p1id":"altaltlyly","p2id":"fergder","formatid":"gen9anythinggoes","rating":0,"private":0,"password":""}