{"id":"gen9anythinggoes-1987611297","p1":"Pokeprincess227","p2":"2448a","format":"[Gen 9] Anything Goes","log":"|j|\u2606Pokeprincess227\n|j|\u26062448a\n|t:|1699619385\n|gametype|singles\n|player|p1|Pokeprincess227|dawn|1615\n|player|p2|2448a|backersf|1722\n|teamsize|p1|6\n|teamsize|p2|6\n|gen|9\n|tier|[Gen 9] Anything Goes\n|rated|\n|rule|HP Percentage Mod: HP is shown in percentages\n|rule|Endless Battle Clause: Forcing endless battles is banned\n|clearpoke\n|poke|p1|Miraidon|\n|poke|p1|Ting-Lu|\n|poke|p1|Gholdengo|\n|poke|p1|Corviknight, F|\n|poke|p1|Toxapex, M|\n|poke|p1|Ditto|\n|poke|p2|Kyogre|\n|poke|p2|Kyogre|\n|poke|p2|Gothitelle, M|\n|poke|p2|Regieleki|\n|poke|p2|Dugtrio, M|\n|poke|p2|Kyogre|\n|teampreview\n|inactive|Battle timer is ON: inactive players will automatically lose when time's up. (requested by 2448a)\n|inactive|Pokeprincess227 also wants the timer to be on.\n|j| laprasplayer\n|\n|t:|1699619400\n|start\n|switch|p1a: Miraidon|Miraidon|100\/100\n|switch|p2a: Dugtrio|Dugtrio, M|100\/100\n|-fieldstart|move: Electric Terrain|[from] ability: Hadron Engine|[of] p1a: Miraidon\n|turn|1\n|c|\u26062448a|ohh~\n|\n|t:|1699619408\n|-terastallize|p1a: Miraidon|Ice\n|move|p2a: Dugtrio|Earthquake|p1a: Miraidon\n|-damage|p1a: Miraidon|50\/100\n|move|p1a: Miraidon|Tera Blast|p2a: Dugtrio|[anim] Tera Blast Ice\n|-supereffective|p2a: Dugtrio\n|-damage|p2a: Dugtrio|0 fnt\n|faint|p2a: Dugtrio\n|\n|upkeep\n|\n|t:|1699619418\n|switch|p2a: Kyogre|Kyogre|100\/100\n|-weather|RainDance|[from] ability: Drizzle|[of] p2a: Kyogre\n|turn|2\n|\n|t:|1699619425\n|switch|p1a: Toxapex|Toxapex, M|100\/100\n|move|p2a: Kyogre|Water Spout|p1a: Toxapex\n|-resisted|p1a: Toxapex\n|-damage|p1a: Toxapex|53\/100\n|\n|-weather|RainDance|[upkeep]\n|-heal|p1a: Toxapex|59\/100|[from] item: Leftovers\n|upkeep\n|turn|3\n|\n|t:|1699619427\n|-terastallize|p2a: Kyogre|Water\n|move|p1a: Toxapex|Baneful Bunker|p1a: Toxapex\n|-singleturn|p1a: Toxapex|move: Protect\n|move|p2a: Kyogre|Water Spout|p1a: Toxapex\n|-activate|p1a: Toxapex|move: Protect\n|\n|-weather|RainDance|[upkeep]\n|-heal|p1a: Toxapex|66\/100|[from] item: Leftovers\n|upkeep\n|turn|4\n|\n|t:|1699619438\n|switch|p1a: Miraidon|Miraidon, tera:Ice|50\/100\n|-activate|p1a: Miraidon|ability: Hadron Engine\n|move|p2a: Kyogre|Water Spout|p1a: Miraidon\n|-damage|p1a: Miraidon|0 fnt\n|faint|p1a: Miraidon\n|\n|-weather|RainDance|[upkeep]\n|upkeep\n|\n|t:|1699619439\n|switch|p1a: Ditto|Ditto|100\/100\n|-transform|p1a: Ditto|p2a: Kyogre|[from] ability: Imposter\n|turn|5\n|\n|t:|1699619442\n|switch|p2a: Regieleki|Regieleki|100\/100\n|move|p1a: Ditto|Thunder|p2a: Regieleki\n|-resisted|p2a: Regieleki\n|-damage|p2a: Regieleki|46\/100\n|\n|-weather|RainDance|[upkeep]\n|-fieldend|move: Electric Terrain\n|upkeep\n|turn|6\n|\n|t:|1699619460\n|switch|p1a: Ting-Lu|Ting-Lu|100\/100\n|-ability|p1a: Ting-Lu|Vessel of Ruin\n|move|p2a: Regieleki|Volt Switch|p1a: Ting-Lu\n|-immune|p1a: Ting-Lu\n|\n|-weather|none\n|upkeep\n|turn|7\n|\n|t:|1699619467\n|switch|p2a: Kyogre|Kyogre, tera:Water|100\/100\n|-weather|RainDance|[from] ability: Drizzle|[of] p2a: Kyogre\n|move|p1a: Ting-Lu|Stealth Rock|p2a: Kyogre\n|-sidestart|p2: 2448a|move: Stealth Rock\n|\n|-weather|RainDance|[upkeep]\n|upkeep\n|turn|8\n|\n|t:|1699619472\n|move|p2a: Kyogre|Water Spout|p1a: Ting-Lu\n|-supereffective|p1a: Ting-Lu\n|-damage|p1a: Ting-Lu|0 fnt\n|faint|p1a: Ting-Lu\n|\n|-weather|RainDance|[upkeep]\n|upkeep\n|\n|t:|1699619483\n|switch|p1a: Ditto|Ditto|100\/100\n|-transform|p1a: Ditto|p2a: Kyogre|[from] ability: Imposter\n|turn|9\n|\n|t:|1699619485\n|switch|p2a: Gothitelle|Gothitelle, M|100\/100\n|-damage|p2a: Gothitelle|88\/100|[from] Stealth Rock\n|move|p1a: Ditto|Thunder|p2a: Gothitelle\n|-damage|p2a: Gothitelle|36\/100\n|-status|p2a: Gothitelle|par\n|\n|-weather|RainDance|[upkeep]\n|upkeep\n|turn|10\n|\n|t:|1699619489\n|move|p1a: Ditto|Thunder|p2a: Gothitelle\n|-damage|p2a: Gothitelle|0 fnt\n|faint|p2a: Gothitelle\n|\n|-weather|RainDance|[upkeep]\n|upkeep\n|\n|t:|1699619490\n|switch|p2a: Regieleki|Regieleki|46\/100\n|-damage|p2a: Regieleki|34\/100|[from] Stealth Rock\n|turn|11\n|\n|t:|1699619495\n|switch|p1a: Gholdengo|Gholdengo|100\/100\n|move|p2a: Regieleki|Wild Charge|p1a: Gholdengo\n|-damage|p1a: Gholdengo|18\/100\n|-damage|p2a: Regieleki|8\/100|[from] Recoil\n|\n|-weather|none\n|upkeep\n|turn|12\n|\n|t:|1699619504\n|move|p2a: Regieleki|Wild Charge|p1a: Gholdengo\n|-damage|p1a: Gholdengo|0 fnt\n|faint|p1a: Gholdengo\n|-damage|p2a: Regieleki|2\/100|[from] Recoil\n|\n|upkeep\n|\n|t:|1699619507\n|switch|p1a: Ditto|Ditto|100\/100\n|-transform|p1a: Ditto|p2a: Regieleki|[from] ability: Imposter\n|turn|13\n|\n|t:|1699619514\n|move|p1a: Ditto|Volt Switch|p2a: Regieleki\n|-resisted|p2a: Regieleki\n|-damage|p2a: Regieleki|0 fnt\n|faint|p2a: Regieleki\n|c| laprasplayer|uh oh\n|\n|t:|1699619519\n|switch|p1a: Toxapex|Toxapex, M|99\/100|[from] Volt Switch\n|\n|-heal|p1a: Toxapex|100\/100|[from] item: Leftovers\n|upkeep\n|\n|t:|1699619523\n|switch|p2a: Kyogre|Kyogre|100\/100\n|-damage|p2a: Kyogre|88\/100|[from] Stealth Rock\n|-weather|RainDance|[from] ability: Drizzle|[of] p2a: Kyogre\n|turn|14\n|\n|t:|1699619527\n|move|p2a: Kyogre|Thunder|p1a: Toxapex\n|-supereffective|p1a: Toxapex\n|-damage|p1a: Toxapex|0 fnt\n|faint|p1a: Toxapex\n|\n|-weather|RainDance|[upkeep]\n|upkeep\n|\n|t:|1699619530\n|switch|p1a: Ditto|Ditto|100\/100\n|-transform|p1a: Ditto|p2a: Kyogre|[from] ability: Imposter\n|turn|15\n|\n|t:|1699619532\n|move|p1a: Ditto|Thunder|p2a: Kyogre\n|-supereffective|p2a: Kyogre\n|-damage|p2a: Kyogre|28\/100\n|move|p2a: Kyogre|Thunder|p1a: Ditto\n|-supereffective|p1a: Ditto\n|-damage|p1a: Ditto|0 fnt\n|faint|p1a: Ditto\n|\n|-weather|RainDance|[upkeep]\n|upkeep\n|\n|t:|1699619535\n|switch|p1a: Corviknight|Corviknight, F|100\/100\n|-ability|p1a: Corviknight|Pressure\n|turn|16\n|c|\u26062448a|ggs lmfao\n|c|\u2606Pokeprincess227|Welp gg Uber spammer\n|-message|Pokeprincess227 forfeited.\n|\n|win|2448a\n|raw|Pokeprincess227's rating: 1615 &rarr; <strong>1601<\/strong><br \/>(-14 for losing)\n|raw|2448a's rating: 1722 &rarr; <strong>1736<\/strong><br \/>(+14 for winning)\n|c|\u26062448a|lol\n|l|\u2606Pokeprincess227\n|c| laprasplayer|aw\n|c| laprasplayer|i wish he insulted you or something\n|c|\u26062448a|bro got cooked\n|c|\u26062448a|idk\n|c|\u26062448a|I've had hour long convos with this [e] once\n|c| laprasplayer|I really wanted to see what he would say this time..\n|c| laprasplayer|whoa\n|c| laprasplayer|thats sussy\n|c|\u26062448a|fr\n|c|\u26062448a|has nothing much to say\n|c|\u26062448a|can't even cross 1100 in OU probably\n|c| laprasplayer|ehh\n","uploadtime":1699619653,"views":24,"p1id":"pokeprincess227","p2id":"2448a","formatid":"gen9anythinggoes","rating":1601,"private":0,"password":""}