{"id":"gen9anythinggoes-1987206075","p1":"Erenicko.","p2":"Batikan17","format":"[Gen 9] Anything Goes","log":"|j|\u2606Erenicko.\n|j|\u2606Batikan17\n|t:|1699565179\n|gametype|singles\n|player|p1|Erenicko.|lillie-masters2|\n|player|p2|Batikan17|169|\n|teamsize|p1|6\n|teamsize|p2|6\n|gen|9\n|tier|[Gen 9] Anything Goes\n|rule|HP Percentage Mod: HP is shown in percentages\n|rule|Endless Battle Clause: Forcing endless battles is banned\n|clearpoke\n|poke|p1|Infernape, M|\n|poke|p1|Enamorus-Therian, F|\n|poke|p1|Slowking, F|\n|poke|p1|Oricorio-Sensu, M|\n|poke|p1|Revavroom, M|\n|poke|p1|Ditto|\n|poke|p2|Magearna|\n|poke|p2|Mandibuzz, F|\n|poke|p2|Quaquaval, F|\n|poke|p2|Avalugg-Hisui, M|\n|poke|p2|Munkidori, M|\n|poke|p2|Rotom-Mow|\n|teampreview\n|j| kai2805\n|c|\u2606Erenicko.|hf\n|j| dennis wa\n|j| EnOfFla\n|c| EnOfFla|gl hf euch beiden\n|c|\u2606Batikan17|gl hf\n|\n|t:|1699565535\n|start\n|switch|p1a: Ditto|Ditto|100\/100\n|switch|p2a: Rotom|Rotom-Mow, shiny|100\/100\n|-transform|p1a: Ditto|p2a: Rotom|[from] ability: Imposter\n|turn|1\n|\n|t:|1699565602\n|move|p2a: Rotom|Will-O-Wisp|p1a: Ditto\n|-status|p1a: Ditto|brn\n|move|p1a: Ditto|Will-O-Wisp|p2a: Rotom\n|-status|p2a: Rotom|brn\n|\n|-damage|p2a: Rotom|95\/100 brn|[from] brn\n|-damage|p1a: Ditto|94\/100 brn|[from] brn\n|upkeep\n|turn|2\n|j| Horuskoria\n|\n|t:|1699565693\n|switch|p1a: Enamorus|Enamorus-Therian, F|100\/100\n|switch|p2a: Mandibuzz|Mandibuzz, F|100\/100\n|\n|upkeep\n|turn|3\n|\n|t:|1699565752\n|move|p2a: Mandibuzz|Taunt|p1a: Enamorus\n|-start|p1a: Enamorus|move: Taunt\n|move|p1a: Enamorus|Earth Power|p2a: Mandibuzz\n|-immune|p2a: Mandibuzz\n|\n|upkeep\n|turn|4\n|\n|t:|1699565770\n|switch|p2a: Magearna|Magearna|100\/100\n|move|p1a: Enamorus|Earth Power|p2a: Magearna\n|-supereffective|p2a: Magearna\n|-damage|p2a: Magearna|50\/100\n|\n|-heal|p2a: Magearna|56\/100|[from] item: Leftovers\n|upkeep\n|turn|5\n|\n|t:|1699565888\n|switch|p2a: Rotom|Rotom-Mow, shiny|95\/100 brn\n|move|p1a: Enamorus|Moonblast|p2a: Rotom\n|-damage|p2a: Rotom|48\/100 brn\n|\n|-damage|p2a: Rotom|42\/100 brn|[from] brn\n|-end|p1a: Enamorus|move: Taunt\n|upkeep\n|turn|6\n|\n|t:|1699565901\n|switch|p1a: Ditto|Ditto|94\/100 brn\n|-transform|p1a: Ditto|p2a: Rotom|[from] ability: Imposter\n|move|p2a: Rotom|Volt Switch|p1a: Ditto\n|-resisted|p1a: Ditto\n|-damage|p1a: Ditto|86\/100 brn\n|\n|t:|1699565914\n|switch|p2a: Magearna|Magearna|56\/100|[from] Volt Switch\n|\n|-heal|p2a: Magearna|62\/100|[from] item: Leftovers\n|-damage|p1a: Ditto|80\/100 brn|[from] brn\n|upkeep\n|turn|7\n|\n|t:|1699565939\n|switch|p2a: Rotom|Rotom-Mow, shiny|42\/100 brn\n|move|p1a: Ditto|Volt Switch|p2a: Rotom\n|-resisted|p2a: Rotom\n|-damage|p2a: Rotom|34\/100 brn\n|\n|t:|1699565943\n|switch|p1a: Revavroom|Revavroom, M|100\/100|[from] Volt Switch\n|\n|-damage|p2a: Rotom|28\/100 brn|[from] brn\n|upkeep\n|turn|8\n|\n|t:|1699565953\n|move|p2a: Rotom|Volt Switch|p1a: Revavroom\n|-damage|p1a: Revavroom|70\/100\n|\n|t:|1699566059\n|switch|p2a: Avalugg|Avalugg-Hisui, M, shiny|100\/100|[from] Volt Switch\n|move|p1a: Revavroom|Poison Jab|p2a: Avalugg\n|-resisted|p2a: Avalugg\n|-damage|p2a: Avalugg|93\/100\n|-damage|p1a: Revavroom|53\/100|[from] item: Rocky Helmet|[of] p2a: Avalugg\n|\n|-heal|p1a: Revavroom|59\/100|[from] item: Leftovers\n|upkeep\n|turn|9\n|\n|t:|1699566108\n|switch|p1a: Slowking|Slowking, F|100\/100\n|-terastallize|p2a: Avalugg|Fairy\n|move|p2a: Avalugg|Ice Fang|p1a: Slowking\n|-resisted|p1a: Slowking\n|-damage|p1a: Slowking|83\/100\n|\n|upkeep\n|turn|10\n|l| kai2805\n|\n|t:|1699566152\n|switch|p2a: Magearna|Magearna|62\/100\n|move|p1a: Slowking|Chilly Reception|p1a: Slowking\n|-weather|Snow\n|\n|t:|1699566156\n|switch|p1a: Infernape|Infernape, M|100\/100|[from] Chilly Reception\n|\n|-weather|Snow|[upkeep]\n|-heal|p2a: Magearna|68\/100|[from] item: Leftovers\n|upkeep\n|turn|11\n|j| kai2805\n|j| Flaggx\n|\n|t:|1699566322\n|move|p1a: Infernape|Fire Blast|p2a: Magearna\n|-supereffective|p2a: Magearna\n|-damage|p2a: Magearna|0 fnt\n|faint|p2a: Magearna\n|-damage|p1a: Infernape|91\/100|[from] item: Life Orb\n|\n|-weather|Snow|[upkeep]\n|upkeep\n|\n|t:|1699566534\n|switch|p2a: Rotom|Rotom-Mow, shiny|28\/100 brn\n|turn|12\n|\n|t:|1699566550\n|move|p1a: Infernape|Vacuum Wave|p2a: Rotom\n|-damage|p2a: Rotom|5\/100 brn\n|-damage|p1a: Infernape|81\/100|[from] item: Life Orb\n|move|p2a: Rotom|Volt Switch|p1a: Infernape\n|-damage|p1a: Infernape|33\/100\n|\n|t:|1699566915\n|switch|p2a: Quaquaval|Quaquaval, F|100\/100|[from] Volt Switch\n|\n|-weather|Snow|[upkeep]\n|upkeep\n|turn|13\n|\n|t:|1699567050\n|switch|p1a: Slowking|Slowking, F|100\/100\n|move|p2a: Quaquaval|Knock Off|p1a: Slowking\n|-supereffective|p1a: Slowking\n|-damage|p1a: Slowking|33\/100\n|-enditem|p1a: Slowking|Covert Cloak|[from] move: Knock Off|[of] p2a: Quaquaval\n|\n|-weather|Snow|[upkeep]\n|upkeep\n|turn|14\n|\n|t:|1699567091\n|switch|p1a: Enamorus|Enamorus-Therian, F|100\/100\n|move|p2a: Quaquaval|Knock Off|p1a: Enamorus\n|-resisted|p1a: Enamorus\n|-damage|p1a: Enamorus|84\/100\n|-enditem|p1a: Enamorus|Heavy-Duty Boots|[from] move: Knock Off|[of] p2a: Quaquaval\n|\n|-weather|none\n|upkeep\n|turn|15\n|\n|t:|1699567275\n|switch|p2a: Mandibuzz|Mandibuzz, F|100\/100\n|move|p1a: Enamorus|Moonblast|p2a: Mandibuzz\n|-supereffective|p2a: Mandibuzz\n|-damage|p2a: Mandibuzz|44\/100\n|-unboost|p2a: Mandibuzz|spa|1\n|\n|upkeep\n|turn|16\n|j| michpanta\n|\n|t:|1699567454\n|move|p2a: Mandibuzz|Roost|p2a: Mandibuzz\n|-heal|p2a: Mandibuzz|94\/100\n|-singleturn|p2a: Mandibuzz|move: Roost\n|move|p1a: Enamorus|Moonblast|p2a: Mandibuzz\n|-supereffective|p2a: Mandibuzz\n|-damage|p2a: Mandibuzz|41\/100\n|-unboost|p2a: Mandibuzz|spa|1\n|\n|upkeep\n|turn|17\n|\n|t:|1699567476\n|move|p2a: Mandibuzz|Roost|p2a: Mandibuzz\n|-heal|p2a: Mandibuzz|92\/100\n|-singleturn|p2a: Mandibuzz|move: Roost\n|move|p1a: Enamorus|Moonblast|p2a: Mandibuzz\n|-supereffective|p2a: Mandibuzz\n|-damage|p2a: Mandibuzz|34\/100\n|\n|upkeep\n|turn|18\n|\n|t:|1699567506\n|move|p2a: Mandibuzz|Roost|p2a: Mandibuzz\n|-heal|p2a: Mandibuzz|84\/100\n|-singleturn|p2a: Mandibuzz|move: Roost\n|move|p1a: Enamorus|Earth Power|p2a: Mandibuzz\n|-damage|p2a: Mandibuzz|68\/100\n|\n|upkeep\n|turn|19\n|\n|t:|1699567525\n|move|p2a: Mandibuzz|Toxic|p1a: Enamorus\n|-status|p1a: Enamorus|tox\n|move|p1a: Enamorus|Moonblast|p2a: Mandibuzz\n|-supereffective|p2a: Mandibuzz\n|-damage|p2a: Mandibuzz|12\/100\n|\n|-damage|p1a: Enamorus|78\/100 tox|[from] psn\n|upkeep\n|turn|20\n|\n|t:|1699567536\n|move|p2a: Mandibuzz|Roost|p2a: Mandibuzz\n|-heal|p2a: Mandibuzz|62\/100\n|-singleturn|p2a: Mandibuzz|move: Roost\n|move|p1a: Enamorus|Rest|p1a: Enamorus\n|-status|p1a: Enamorus|slp|[from] move: Rest\n|-heal|p1a: Enamorus|100\/100 slp|[silent]\n|\n|upkeep\n|turn|21\n|\n|t:|1699567678\n|move|p2a: Mandibuzz|Taunt|p1a: Enamorus\n|-start|p1a: Enamorus|move: Taunt\n|cant|p1a: Enamorus|slp\n|cant|p1a: Enamorus|move: Taunt|Sleep Talk\n|\n|upkeep\n|turn|22\n|\n|t:|1699567707\n|move|p2a: Mandibuzz|Roost|p2a: Mandibuzz\n|-heal|p2a: Mandibuzz|100\/100\n|-singleturn|p2a: Mandibuzz|move: Roost\n|cant|p1a: Enamorus|slp\n|\n|upkeep\n|turn|23\n|l| Flaggx\n|\n|t:|1699567921\n|switch|p2a: Avalugg|Avalugg-Hisui, M, shiny, tera:Fairy|93\/100\n|-curestatus|p1a: Enamorus|slp|[msg]\n|move|p1a: Enamorus|Moonblast|p2a: Avalugg\n|-damage|p2a: Avalugg|0 fnt\n|faint|p2a: Avalugg\n|\n|-end|p1a: Enamorus|move: Taunt\n|upkeep\n|l| michpanta\n|j| michpanta\n|l| michpanta\n|\n|t:|1699568178\n|switch|p2a: Munkidori|Munkidori, M|100\/100\n|turn|24\n|j| michpanta\n|l| michpanta\n|\n|t:|1699568419\n|switch|p1a: Revavroom|Revavroom, M|59\/100\n|move|p2a: Munkidori|Sludge Bomb|p1a: Revavroom\n|-immune|p1a: Revavroom\n|\n|-heal|p1a: Revavroom|66\/100|[from] item: Leftovers\n|upkeep\n|turn|25\n|\n|t:|1699568680\n|switch|p2a: Mandibuzz|Mandibuzz, F|100\/100\n|move|p1a: Revavroom|Poison Jab|p2a: Mandibuzz\n|-damage|p2a: Mandibuzz|72\/100\n|\n|-heal|p1a: Revavroom|72\/100|[from] item: Leftovers\n|upkeep\n|turn|26\n|\n|t:|1699568695\n|move|p1a: Revavroom|Poison Jab|p2a: Mandibuzz\n|-damage|p2a: Mandibuzz|46\/100\n|move|p2a: Mandibuzz|Knock Off|p1a: Revavroom\n|-damage|p1a: Revavroom|48\/100\n|-enditem|p1a: Revavroom|Leftovers|[from] move: Knock Off|[of] p2a: Mandibuzz\n|\n|upkeep\n|turn|27\n|\n|t:|1699568703\n|move|p1a: Revavroom|Poison Jab|p2a: Mandibuzz\n|-crit|p2a: Mandibuzz\n|-damage|p2a: Mandibuzz|7\/100\n|move|p2a: Mandibuzz|Roost|p2a: Mandibuzz\n|-heal|p2a: Mandibuzz|57\/100\n|-singleturn|p2a: Mandibuzz|move: Roost\n|\n|upkeep\n|turn|28\n|\n|t:|1699568712\n|move|p1a: Revavroom|Poison Jab|p2a: Mandibuzz\n|-damage|p2a: Mandibuzz|31\/100\n|move|p2a: Mandibuzz|Roost|p2a: Mandibuzz\n|-heal|p2a: Mandibuzz|82\/100\n|-singleturn|p2a: Mandibuzz|move: Roost\n|\n|upkeep\n|turn|29\n|\n|t:|1699568777\n|switch|p2a: Quaquaval|Quaquaval, F|100\/100\n|move|p1a: Revavroom|Poison Jab|p2a: Quaquaval\n|-damage|p2a: Quaquaval|60\/100\n|-status|p2a: Quaquaval|psn\n|\n|-damage|p2a: Quaquaval|48\/100 psn|[from] psn\n|upkeep\n|turn|30\n|\n|t:|1699568836\n|switch|p1a: Slowking|Slowking, F|67\/100\n|move|p2a: Quaquaval|Aqua Step|p1a: Slowking\n|-resisted|p1a: Slowking\n|-damage|p1a: Slowking|42\/100\n|-boost|p2a: Quaquaval|spe|1\n|\n|-damage|p2a: Quaquaval|35\/100 psn|[from] psn\n|upkeep\n|turn|31\n|\n|t:|1699568919\n|switch|p1a: Enamorus|Enamorus-Therian, F|100\/100\n|move|p2a: Quaquaval|Aqua Step|p1a: Enamorus\n|-damage|p1a: Enamorus|56\/100\n|-boost|p2a: Quaquaval|spe|1\n|\n|-damage|p2a: Quaquaval|23\/100 psn|[from] psn\n|upkeep\n|turn|32\n|j| michpanta\n|\n|t:|1699568989\n|switch|p2a: Munkidori|Munkidori, M|100\/100\n|move|p1a: Enamorus|Rest|p1a: Enamorus\n|-status|p1a: Enamorus|slp|[from] move: Rest\n|-heal|p1a: Enamorus|100\/100 slp|[silent]\n|\n|upkeep\n|turn|33\n|l| michpanta\n|\n|t:|1699569078\n|switch|p1a: Slowking|Slowking, F|76\/100\n|move|p2a: Munkidori|Sludge Bomb|p1a: Slowking\n|-crit|p1a: Slowking\n|-damage|p1a: Slowking|28\/100\n|-status|p1a: Slowking|tox|[from] ability: Toxic Chain|[of] p2a: Munkidori\n|\n|-damage|p1a: Slowking|22\/100 tox|[from] psn\n|upkeep\n|turn|34\n|\n|t:|1699569150\n|switch|p1a: Revavroom|Revavroom, M|48\/100\n|move|p2a: Munkidori|Grass Knot|p1a: Revavroom\n|-resisted|p1a: Revavroom\n|-damage|p1a: Revavroom|40\/100\n|\n|upkeep\n|turn|35\n|\n|t:|1699569181\n|move|p2a: Munkidori|Psychic|p1a: Revavroom\n|-damage|p1a: Revavroom|0 fnt\n|faint|p1a: Revavroom\n|\n|upkeep\n|\n|t:|1699569192\n|switch|p1a: Slowking|Slowking, F|55\/100 tox\n|turn|36\n|\n|t:|1699569317\n|switch|p1a: Ditto|Ditto|80\/100 brn\n|-transform|p1a: Ditto|p2a: Munkidori|[from] ability: Imposter\n|move|p2a: Munkidori|Taunt|p1a: Ditto\n|-start|p1a: Ditto|move: Taunt\n|\n|-damage|p1a: Ditto|74\/100 brn|[from] brn\n|upkeep\n|turn|37\n|n| EnOfFla@!|enoffla\n|\n|t:|1699569543\n|switch|p1a: Slowking|Slowking, F|89\/100 tox\n|switch|p2a: Mandibuzz|Mandibuzz, F|82\/100\n|\n|-damage|p1a: Slowking|83\/100 tox|[from] psn\n|upkeep\n|turn|38\n|\n|t:|1699569624\n|switch|p1a: Enamorus|Enamorus-Therian, F|100\/100 slp\n|move|p2a: Mandibuzz|Taunt|p1a: Enamorus\n|-start|p1a: Enamorus|move: Taunt\n|\n|upkeep\n|turn|39\n|\n|t:|1699569633\n|switch|p2a: Munkidori|Munkidori, M|100\/100\n|switch|p1a: Slowking|Slowking, F|100\/100 tox\n|\n|-damage|p1a: Slowking|94\/100 tox|[from] psn\n|upkeep\n|turn|40\n|\n|t:|1699569653\n|switch|p2a: Mandibuzz|Mandibuzz, F|82\/100\n|move|p1a: Slowking|Psyshock|p2a: Mandibuzz\n|-immune|p2a: Mandibuzz\n|\n|-damage|p1a: Slowking|82\/100 tox|[from] psn\n|upkeep\n|turn|41\n|n| EnOfFla|enoffla\n|\n|t:|1699569668\n|move|p2a: Mandibuzz|Knock Off|p1a: Slowking\n|-supereffective|p1a: Slowking\n|-crit|p1a: Slowking\n|-damage|p1a: Slowking|41\/100 tox\n|move|p1a: Slowking|Thunder Wave|p2a: Mandibuzz\n|-status|p2a: Mandibuzz|par\n|\n|-damage|p1a: Slowking|23\/100 tox|[from] psn\n|upkeep\n|turn|42\n|\n|t:|1699569713\n|switch|p2a: Munkidori|Munkidori, M|100\/100\n|switch|p1a: Oricorio|Oricorio-Sensu, M|100\/100\n|\n|upkeep\n|turn|43\n|l| dennis wa\n|\n|t:|1699569745\n|move|p2a: Munkidori|Psychic|p1a: Oricorio\n|-damage|p1a: Oricorio|38\/100\n|-status|p1a: Oricorio|tox|[from] ability: Toxic Chain|[of] p2a: Munkidori\n|move|p1a: Oricorio|U-turn|p2a: Munkidori\n|-damage|p2a: Munkidori|84\/100\n|\n|t:|1699569750\n|switch|p1a: Infernape|Infernape, M|33\/100|[from] U-turn\n|\n|upkeep\n|turn|44\n|\n|t:|1699569873\n|switch|p2a: Quaquaval|Quaquaval, F|23\/100 psn\n|move|p1a: Infernape|Fire Blast|p2a: Quaquaval\n|-resisted|p2a: Quaquaval\n|-damage|p2a: Quaquaval|0 fnt\n|faint|p2a: Quaquaval\n|-damage|p1a: Infernape|23\/100|[from] item: Life Orb\n|\n|upkeep\n|\n|t:|1699569883\n|switch|p2a: Rotom|Rotom-Mow, shiny|5\/100 brn\n|turn|45\n|\n|t:|1699569886\n|switch|p2a: Mandibuzz|Mandibuzz, F|82\/100 par\n|switch|p1a: Ditto|Ditto|74\/100 brn\n|-transform|p1a: Ditto|p2a: Mandibuzz|[from] ability: Imposter\n|\n|-damage|p1a: Ditto|68\/100 brn|[from] brn\n|upkeep\n|turn|46\n|\n|t:|1699569925\n|switch|p1a: Enamorus|Enamorus-Therian, F|100\/100 slp\n|move|p2a: Mandibuzz|Knock Off|p1a: Enamorus\n|-resisted|p1a: Enamorus\n|-damage|p1a: Enamorus|94\/100 slp\n|\n|upkeep\n|turn|47\n|\n|t:|1699569933\n|switch|p1a: Slowking|Slowking, F|56\/100 tox\n|switch|p2a: Munkidori|Munkidori, M|84\/100\n|\n|-damage|p1a: Slowking|50\/100 tox|[from] psn\n|upkeep\n|turn|48\n|\n|t:|1699569992\n|move|p2a: Munkidori|Taunt|p1a: Slowking\n|-start|p1a: Slowking|move: Taunt\n|move|p1a: Slowking|Psyshock|p2a: Munkidori\n|-damage|p2a: Munkidori|40\/100\n|\n|-damage|p1a: Slowking|38\/100 tox|[from] psn\n|upkeep\n|turn|49\n|\n|t:|1699570148\n|switch|p2a: Mandibuzz|Mandibuzz, F|82\/100 par\n|switch|p1a: Ditto|Ditto|68\/100 brn\n|-transform|p1a: Ditto|p2a: Mandibuzz|[from] ability: Imposter\n|\n|-damage|p1a: Ditto|62\/100 brn|[from] brn\n|upkeep\n|turn|50\n|\n|t:|1699570238\n|switch|p1a: Slowking|Slowking, F|71\/100 tox\n|switch|p2a: Munkidori|Munkidori, M|40\/100\n|\n|-damage|p1a: Slowking|65\/100 tox|[from] psn\n|upkeep\n|turn|51\n|\n|t:|1699570251\n|switch|p2a: Mandibuzz|Mandibuzz, F|82\/100 par\n|move|p1a: Slowking|Chilly Reception|p1a: Slowking\n|-weather|Snow\n|\n|t:|1699570253\n|switch|p1a: Enamorus|Enamorus-Therian, F|94\/100 slp|[from] Chilly Reception\n|\n|-weather|Snow|[upkeep]\n|upkeep\n|turn|52\n|\n|t:|1699570265\n|cant|p1a: Enamorus|slp\n|move|p1a: Enamorus|Sleep Talk|p1a: Enamorus\n|move|p1a: Enamorus|Moonblast|p2a: Mandibuzz|[from]move: Sleep Talk\n|-supereffective|p2a: Mandibuzz\n|-damage|p2a: Mandibuzz|29\/100 par\n|move|p2a: Mandibuzz|Taunt|p1a: Enamorus\n|-start|p1a: Enamorus|move: Taunt\n|\n|-weather|Snow|[upkeep]\n|upkeep\n|turn|53\n|\n|t:|1699570275\n|switch|p2a: Munkidori|Munkidori, M|40\/100\n|cant|p1a: Enamorus|slp\n|\n|-weather|Snow|[upkeep]\n|upkeep\n|turn|54\n|\n|t:|1699570285\n|move|p2a: Munkidori|Sludge Bomb|p1a: Enamorus\n|-supereffective|p1a: Enamorus\n|-damage|p1a: Enamorus|22\/100 slp\n|-curestatus|p1a: Enamorus|slp|[msg]\n|move|p1a: Enamorus|Earth Power|p2a: Munkidori\n|-supereffective|p2a: Munkidori\n|-damage|p2a: Munkidori|0 fnt\n|faint|p2a: Munkidori\n|\n|-weather|Snow|[upkeep]\n|upkeep\n|\n|t:|1699570294\n|switch|p2a: Rotom|Rotom-Mow, shiny|5\/100 brn\n|turn|55\n|\n|t:|1699570299\n|switch|p1a: Ditto|Ditto|62\/100 brn\n|-transform|p1a: Ditto|p2a: Rotom|[from] ability: Imposter\n|move|p2a: Rotom|Volt Switch|p1a: Ditto\n|-resisted|p1a: Ditto\n|-damage|p1a: Ditto|54\/100 brn\n|\n|t:|1699570306\n|switch|p2a: Mandibuzz|Mandibuzz, F|29\/100 par|[from] Volt Switch\n|\n|-weather|none\n|-damage|p1a: Ditto|48\/100 brn|[from] brn\n|upkeep\n|turn|56\n|c|\u2606Batikan17|gg\n|\n|t:|1699570312\n|move|p1a: Ditto|Volt Switch|p2a: Mandibuzz\n|-supereffective|p2a: Mandibuzz\n|-damage|p2a: Mandibuzz|0 fnt\n|faint|p2a: Mandibuzz\n|\n|t:|1699570317\n|switch|p1a: Slowking|Slowking, F|98\/100 tox|[from] Volt Switch\n|\n|-damage|p1a: Slowking|92\/100 tox|[from] psn\n|upkeep\n|c| EnOfFla|gg\n|\n|t:|1699570322\n|switch|p2a: Rotom|Rotom-Mow, shiny|5\/100 brn\n|turn|57\n|\n|t:|1699570325\n|switch|p1a: Ditto|Ditto|48\/100 brn\n|-transform|p1a: Ditto|p2a: Rotom|[from] ability: Imposter\n|move|p2a: Rotom|Leaf Storm|p1a: Ditto\n|-resisted|p1a: Ditto\n|-damage|p1a: Ditto|18\/100 brn\n|-unboost|p2a: Rotom|spa|2\n|\n|-damage|p2a: Rotom|0 fnt|[from] brn\n|faint|p2a: Rotom\n|\n|win|Erenicko.\n|upkeep\n|c|\u2606Erenicko.|gg\n","uploadtime":1699570339,"views":39,"p1id":"erenicko","p2id":"batikan17","formatid":"gen9anythinggoes","rating":0,"private":0,"password":""}