{"id":"gen9anythinggoes-1998733294","p1":"IconZeus","p2":"Khryce","format":"[Gen 9] Anything Goes","log":"|j|\u2606IconZeus\n|j|\u2606Khryce\n|t:|1700979852\n|gametype|singles\n|player|p1|IconZeus|veteran|1042\n|player|p2|Khryce|preschooler|1145\n|teamsize|p1|6\n|teamsize|p2|6\n|gen|9\n|tier|[Gen 9] Anything Goes\n|rated|\n|rule|HP Percentage Mod: HP is shown in percentages\n|rule|Endless Battle Clause: Forcing endless battles is banned\n|clearpoke\n|poke|p1|Giratina-Origin|\n|poke|p1|Palkia-Origin|\n|poke|p1|Dialga-Origin|\n|poke|p1|Arceus|\n|poke|p1|Magikarp, M|\n|poke|p1|Greninja-*, M|\n|poke|p2|Clefable, M|\n|poke|p2|Skeledirge, M|\n|poke|p2|Dondozo, M|\n|poke|p2|Clodsire, M|\n|poke|p2|Quagsire, F|\n|poke|p2|Samurott-Hisui, M|\n|teampreview\n|inactive|Battle timer is ON: inactive players will automatically lose when time's up. (requested by Khryce)\n|\n|t:|1700979859\n|start\n|switch|p1a: Dog|Giratina-Origin, shiny|100\/100\n|switch|p2a: Samurott|Samurott-Hisui, M, shiny|100\/100\n|turn|1\n|\n|t:|1700979873\n|-terastallize|p1a: Dog|Ghost\n|move|p1a: Dog|Dragon Claw|p2a: Samurott\n|-damage|p2a: Samurott|48\/100\n|move|p2a: Samurott|Ceaseless Edge|p1a: Dog\n|-supereffective|p1a: Dog\n|-damage|p1a: Dog|40\/100\n|-sidestart|p1: IconZeus|Spikes\n|\n|upkeep\n|turn|2\n|\n|t:|1700979884\n|move|p1a: Dog|Dragon Claw|p2a: Samurott\n|-damage|p2a: Samurott|1\/100\n|move|p2a: Samurott|Ceaseless Edge|p1a: Dog\n|-supereffective|p1a: Dog\n|-damage|p1a: Dog|0 fnt\n|-sidestart|p1: IconZeus|Spikes\n|faint|p1a: Dog\n|\n|upkeep\n|\n|t:|1700979893\n|switch|p1a: god|Magikarp, M, shiny|100\/100\n|-damage|p1a: god|84\/100|[from] Spikes\n|turn|3\n|\n|t:|1700979898\n|move|p2a: Samurott|Ceaseless Edge|p1a: god\n|-damage|p1a: god|10\/100\n|-sidestart|p1: IconZeus|Spikes\n|move|p1a: god|Tackle|p2a: Samurott\n|-damage|p2a: Samurott|0 fnt\n|faint|p2a: Samurott\n|\n|upkeep\n|c|\u2606Khryce|lol\n|c|\u2606Khryce|Magikarp go\n|\n|t:|1700979917\n|switch|p2a: Clefable|Clefable, M|100\/100\n|turn|4\n|\n|t:|1700979922\n|move|p1a: god|Splash|p1a: god\n|-nothing\n|move|p2a: Clefable|Draining Kiss|p1a: god\n|-damage|p1a: god|0 fnt\n|faint|p1a: god\n|\n|upkeep\n|c|\u2606Khryce|aww\n|\n|t:|1700979930\n|switch|p1a: worm|Greninja, M|100\/100\n|-damage|p1a: worm|76\/100|[from] Spikes\n|turn|5\n|\n|t:|1700979934\n|move|p1a: worm|Water Shuriken|p2a: Clefable\n|-damage|p2a: Clefable|97\/100\n|-damage|p2a: Clefable|93\/100\n|-damage|p2a: Clefable|90\/100\n|-damage|p2a: Clefable|86\/100\n|-damage|p2a: Clefable|82\/100\n|-hitcount|p2a: Clefable|5\n|move|p2a: Clefable|Moonblast|p1a: worm\n|-supereffective|p1a: worm\n|-damage|p1a: worm|0 fnt\n|faint|p1a: worm\n|\n|upkeep\n|\n|t:|1700979947\n|switch|p1a: Pelican|Palkia-Origin, shiny|100\/100\n|-damage|p1a: Pelican|75\/100|[from] Spikes\n|-ability|p1a: Pelican|Pressure\n|turn|6\n|\n|t:|1700979956\n|move|p1a: Pelican|Snowscape|p1a: Pelican\n|-weather|Snow\n|move|p2a: Clefable|Draining Kiss|p1a: Pelican\n|-supereffective|p1a: Pelican\n|-damage|p1a: Pelican|35\/100\n|-heal|p2a: Clefable|100\/100|[from] drain|[of] p1a: Pelican\n|\n|-weather|Snow|[upkeep]\n|upkeep\n|turn|7\n|\n|t:|1700979966\n|move|p1a: Pelican|Blizzard|p2a: Clefable\n|-damage|p2a: Clefable|75\/100\n|-status|p2a: Clefable|frz\n|cant|p2a: Clefable|frz\n|\n|-weather|Snow|[upkeep]\n|upkeep\n|turn|8\n|\n|t:|1700979975\n|move|p1a: Pelican|Aqua Tail|p2a: Clefable\n|-damage|p2a: Clefable|36\/100 frz\n|cant|p2a: Clefable|frz\n|\n|-weather|Snow|[upkeep]\n|upkeep\n|turn|9\n|\n|t:|1700979987\n|switch|p2a: Dondozo|Dondozo, M|100\/100\n|move|p1a: Pelican|Aqua Tail|p2a: Dondozo|[miss]\n|-miss|p1a: Pelican|p2a: Dondozo\n|\n|-weather|Snow|[upkeep]\n|upkeep\n|turn|10\n|\n|t:|1700979995\n|move|p1a: Pelican|Protect|p1a: Pelican\n|-singleturn|p1a: Pelican|Protect\n|move|p2a: Dondozo|Avalanche|p1a: Pelican\n|-activate|p1a: Pelican|move: Protect\n|\n|-weather|none\n|upkeep\n|turn|11\n|\n|t:|1700980002\n|move|p1a: Pelican|Aqua Tail|p2a: Dondozo\n|-resisted|p2a: Dondozo\n|-damage|p2a: Dondozo|89\/100\n|move|p2a: Dondozo|Avalanche|p1a: Pelican\n|-damage|p1a: Pelican|2\/100\n|\n|upkeep\n|turn|12\n|\n|t:|1700980010\n|move|p1a: Pelican|Aqua Tail|p2a: Dondozo\n|-resisted|p2a: Dondozo\n|-damage|p2a: Dondozo|78\/100\n|move|p2a: Dondozo|Body Press|p1a: Pelican\n|-damage|p1a: Pelican|0 fnt\n|faint|p1a: Pelican\n|\n|upkeep\n|\n|t:|1700980017\n|switch|p1a: frog|Dialga-Origin, shiny|100\/100\n|-damage|p1a: frog|76\/100|[from] Spikes\n|-ability|p1a: frog|Pressure\n|turn|13\n|\n|t:|1700980023\n|move|p1a: frog|Draco Meteor|p2a: Dondozo\n|-damage|p2a: Dondozo|5\/100\n|-unboost|p1a: frog|spa|2\n|move|p2a: Dondozo|Body Press|p1a: frog\n|-supereffective|p1a: frog\n|-damage|p1a: frog|47\/100\n|\n|upkeep\n|turn|14\n|\n|t:|1700980033\n|move|p1a: frog|Stone Edge|p2a: Dondozo\n|-crit|p2a: Dondozo\n|-damage|p2a: Dondozo|0 fnt\n|faint|p2a: Dondozo\n|\n|upkeep\n|\n|t:|1700980040\n|switch|p2a: Skeledirge|Skeledirge, M|100\/100\n|turn|15\n|\n|t:|1700980045\n|move|p1a: frog|Stone Edge|p2a: Skeledirge|[miss]\n|-miss|p1a: frog|p2a: Skeledirge\n|move|p2a: Skeledirge|Torch Song|p1a: frog\n|-damage|p1a: frog|14\/100\n|-boost|p2a: Skeledirge|spa|1\n|\n|upkeep\n|turn|16\n|\n|t:|1700980053\n|move|p1a: frog|Stone Edge|p2a: Skeledirge\n|-supereffective|p2a: Skeledirge\n|-crit|p2a: Skeledirge\n|-damage|p2a: Skeledirge|40\/100\n|-enditem|p2a: Skeledirge|Sitrus Berry|[eat]\n|-heal|p2a: Skeledirge|65\/100|[from] item: Sitrus Berry\n|move|p2a: Skeledirge|Torch Song|p1a: frog\n|-damage|p1a: frog|0 fnt\n|-boost|p2a: Skeledirge|spa|1\n|faint|p1a: frog\n|\n|upkeep\n|\n|t:|1700980064\n|switch|p1a: pish|Arceus, shiny|100\/100\n|turn|17\n|\n|t:|1700980072\n|move|p1a: pish|Facade|p2a: Skeledirge\n|-immune|p2a: Skeledirge\n|move|p2a: Skeledirge|Will-O-Wisp|p1a: pish\n|-status|p1a: pish|brn\n|\n|-damage|p1a: pish|94\/100 brn|[from] brn\n|upkeep\n|turn|18\n|\n|t:|1700980083\n|move|p1a: pish|Facade|p2a: Skeledirge\n|-immune|p2a: Skeledirge\n|move|p2a: Skeledirge|Torch Song|p1a: pish\n|-damage|p1a: pish|32\/100 brn\n|-boost|p2a: Skeledirge|spa|1\n|\n|-damage|p1a: pish|26\/100 brn|[from] brn\n|upkeep\n|turn|19\n|\n|t:|1700980096\n|move|p1a: pish|Focus Blast|p2a: Skeledirge\n|-immune|p2a: Skeledirge\n|move|p2a: Skeledirge|Torch Song|p1a: pish\n|-damage|p1a: pish|0 fnt\n|-boost|p2a: Skeledirge|spa|1\n|faint|p1a: pish\n|\n|win|Khryce\n|raw|IconZeus's rating: 1042 &rarr; <strong>1030<\/strong><br \/>(-12 for losing)\n|raw|Khryce's rating: 1145 &rarr; <strong>1163<\/strong><br \/>(+18 for winning)\n","uploadtime":1700980105,"views":1,"p1id":"iconzeus","p2id":"khryce","formatid":"gen9anythinggoes","rating":1030,"private":0,"password":""}