{"id":"gen9anythinggoes-1981981542","p1":"Jaitto","p2":"hawkman100","format":"[Gen 9] Anything Goes","log":"|j|\u2606Jaitto\n|j|\u2606hawkman100\n|t:|1698956863\n|gametype|singles\n|player|p1|Jaitto|roughneck-gen4|1278\n|player|p2|hawkman100|102|1370\n|teamsize|p1|6\n|teamsize|p2|6\n|gen|9\n|tier|[Gen 9] Anything Goes\n|rated|\n|rule|HP Percentage Mod: HP is shown in percentages\n|rule|Endless Battle Clause: Forcing endless battles is banned\n|clearpoke\n|poke|p1|Kilowattrel, M|\n|poke|p1|Milotic, M|\n|poke|p1|Goodra, F|\n|poke|p1|Gliscor, M|\n|poke|p1|Scizor, F|\n|poke|p1|Snorlax, M|\n|poke|p2|Iron Bundle|\n|poke|p2|Corviknight, F|\n|poke|p2|Clodsire, M|\n|poke|p2|Calyrex-Shadow|\n|poke|p2|Arceus|\n|poke|p2|Miraidon|\n|teampreview\n|inactive|Battle timer is ON: inactive players will automatically lose when time's up. (requested by Jaitto)\n|\n|t:|1698956872\n|start\n|switch|p1a: Snorlax|Snorlax, M|100\/100\n|switch|p2a: Iron Bundle|Iron Bundle|100\/100\n|-enditem|p2a: Iron Bundle|Booster Energy\n|-activate|p2a: Iron Bundle|ability: Quark Drive|[fromitem]\n|-start|p2a: Iron Bundle|quarkdrivespe\n|turn|1\n|\n|t:|1698956893\n|move|p2a: Iron Bundle|Ice Beam|p1a: Snorlax\n|-damage|p1a: Snorlax|87\/100\n|move|p1a: Snorlax|Heat Crash|p2a: Iron Bundle\n|-damage|p2a: Iron Bundle|54\/100\n|\n|upkeep\n|turn|2\n|\n|t:|1698956902\n|move|p2a: Iron Bundle|Hydro Pump|p1a: Snorlax\n|-damage|p1a: Snorlax|52\/100\n|move|p1a: Snorlax|Heat Crash|p2a: Iron Bundle\n|-damage|p2a: Iron Bundle|8\/100\n|\n|upkeep\n|turn|3\n|\n|t:|1698956922\n|move|p2a: Iron Bundle|Taunt|p1a: Snorlax\n|-start|p1a: Snorlax|move: Taunt\n|move|p1a: Snorlax|Heat Crash|p2a: Iron Bundle\n|-damage|p2a: Iron Bundle|0 fnt\n|faint|p2a: Iron Bundle\n|-end|p2a: Iron Bundle|Quark Drive|[silent]\n|\n|upkeep\n|\n|t:|1698956931\n|switch|p2a: Arceus|Arceus|100\/100\n|turn|4\n|\n|t:|1698956936\n|switch|p1a: Milotic|Milotic, M|100\/100\n|move|p2a: Arceus|Calm Mind|p2a: Arceus\n|-boost|p2a: Arceus|spa|1\n|-boost|p2a: Arceus|spd|1\n|\n|-status|p1a: Milotic|brn|[from] item: Flame Orb\n|upkeep\n|turn|5\n|\n|t:|1698956946\n|move|p2a: Arceus|Shadow Ball|p1a: Milotic\n|-damage|p1a: Milotic|78\/100 brn\n|move|p1a: Milotic|Scald|p2a: Arceus\n|-damage|p2a: Arceus|89\/100\n|\n|-heal|p2a: Arceus|95\/100|[from] item: Leftovers\n|-damage|p1a: Milotic|72\/100 brn|[from] brn\n|upkeep\n|turn|6\n|\n|t:|1698956958\n|move|p2a: Arceus|Calm Mind|p2a: Arceus\n|-boost|p2a: Arceus|spa|1\n|-boost|p2a: Arceus|spd|1\n|move|p1a: Milotic|Recover|p1a: Milotic\n|-heal|p1a: Milotic|100\/100 brn\n|\n|-heal|p2a: Arceus|100\/100|[from] item: Leftovers\n|-damage|p1a: Milotic|94\/100 brn|[from] brn\n|upkeep\n|turn|7\n|\n|t:|1698956970\n|move|p2a: Arceus|Extreme Speed|p1a: Milotic\n|-damage|p1a: Milotic|74\/100 brn\n|move|p1a: Milotic|Scald|p2a: Arceus\n|-damage|p2a: Arceus|91\/100\n|-status|p2a: Arceus|brn\n|\n|-heal|p2a: Arceus|98\/100 brn|[from] item: Leftovers\n|-damage|p2a: Arceus|91\/100 brn|[from] brn\n|-damage|p1a: Milotic|68\/100 brn|[from] brn\n|upkeep\n|turn|8\n|\n|t:|1698956985\n|switch|p1a: Gliscor|Gliscor, M|100\/100\n|move|p2a: Arceus|Shadow Ball|p1a: Gliscor\n|-damage|p1a: Gliscor|31\/100\n|\n|-heal|p2a: Arceus|98\/100 brn|[from] item: Leftovers\n|-damage|p2a: Arceus|91\/100 brn|[from] brn\n|-status|p1a: Gliscor|tox|[from] item: Toxic Orb\n|upkeep\n|turn|9\n|\n|t:|1698956995\n|move|p2a: Arceus|Extreme Speed|p1a: Gliscor\n|-damage|p1a: Gliscor|9\/100 tox\n|move|p1a: Gliscor|Knock Off|p2a: Arceus\n|-damage|p2a: Arceus|72\/100 brn\n|-enditem|p2a: Arceus|Leftovers|[from] move: Knock Off|[of] p1a: Gliscor\n|\n|-heal|p1a: Gliscor|21\/100 tox|[from] ability: Poison Heal\n|-damage|p2a: Arceus|66\/100 brn|[from] brn\n|upkeep\n|turn|10\n|\n|t:|1698957009\n|move|p1a: Gliscor|Facade|p2a: Arceus\n|-damage|p2a: Arceus|40\/100 brn\n|move|p2a: Arceus|Shadow Ball|p1a: Gliscor\n|-damage|p1a: Gliscor|0 fnt\n|faint|p1a: Gliscor\n|\n|-damage|p2a: Arceus|34\/100 brn|[from] brn\n|upkeep\n|\n|t:|1698957020\n|switch|p1a: Snorlax|Snorlax, M|52\/100\n|turn|11\n|\n|t:|1698957026\n|move|p2a: Arceus|Extreme Speed|p1a: Snorlax\n|-damage|p1a: Snorlax|32\/100\n|move|p1a: Snorlax|Earthquake|p2a: Arceus\n|-damage|p2a: Arceus|9\/100 brn\n|\n|-damage|p2a: Arceus|3\/100 brn|[from] brn\n|upkeep\n|turn|12\n|\n|t:|1698957046\n|move|p2a: Arceus|Dragon Claw|p1a: Snorlax\n|-damage|p1a: Snorlax|19\/100\n|-enditem|p1a: Snorlax|Aguav Berry|[eat]\n|-heal|p1a: Snorlax|53\/100|[from] item: Aguav Berry\n|move|p1a: Snorlax|Rest|p1a: Snorlax\n|-status|p1a: Snorlax|slp|[from] move: Rest\n|-heal|p1a: Snorlax|100\/100 slp|[silent]\n|\n|-damage|p2a: Arceus|0 fnt|[from] brn\n|faint|p2a: Arceus\n|upkeep\n|\n|t:|1698957060\n|switch|p2a: Clodsire|Clodsire, M|100\/100\n|turn|13\n|\n|t:|1698957068\n|cant|p1a: Snorlax|slp\n|move|p1a: Snorlax|Sleep Talk|p1a: Snorlax\n|move|p1a: Snorlax|Rest||[from]move: Sleep Talk|[still]\n|-fail|p1a: Snorlax\n|move|p2a: Clodsire|Toxic Spikes|p1a: Snorlax\n|-sidestart|p1: Jaitto|move: Toxic Spikes\n|\n|upkeep\n|turn|14\n|\n|t:|1698957077\n|cant|p1a: Snorlax|slp\n|move|p1a: Snorlax|Sleep Talk|p1a: Snorlax\n|move|p1a: Snorlax|Earthquake|p2a: Clodsire|[from]move: Sleep Talk\n|-supereffective|p2a: Clodsire\n|-damage|p2a: Clodsire|26\/100\n|move|p2a: Clodsire|Spikes|p1a: Snorlax\n|-sidestart|p1: Jaitto|Spikes\n|\n|-heal|p2a: Clodsire|33\/100|[from] item: Black Sludge\n|upkeep\n|turn|15\n|\n|t:|1698957093\n|-curestatus|p1a: Snorlax|slp|[msg]\n|move|p1a: Snorlax|Earthquake|p2a: Clodsire\n|-supereffective|p2a: Clodsire\n|-damage|p2a: Clodsire|0 fnt\n|faint|p2a: Clodsire\n|\n|upkeep\n|\n|t:|1698957106\n|switch|p2a: Calyrex|Calyrex-Shadow|100\/100\n|-ability|p2a: Calyrex|As One\n|-ability|p2a: Calyrex|Unnerve\n|turn|16\n|\n|t:|1698957123\n|move|p2a: Calyrex|Grass Knot|p1a: Snorlax\n|-damage|p1a: Snorlax|70\/100\n|move|p1a: Snorlax|Earthquake|p2a: Calyrex\n|-damage|p2a: Calyrex|59\/100\n|\n|upkeep\n|turn|17\n|\n|t:|1698957136\n|move|p2a: Calyrex|Psychic|p1a: Snorlax\n|-damage|p1a: Snorlax|38\/100\n|move|p1a: Snorlax|Earthquake|p2a: Calyrex\n|-damage|p2a: Calyrex|20\/100\n|\n|upkeep\n|turn|18\n|\n|t:|1698957146\n|move|p2a: Calyrex|Psychic|p1a: Snorlax\n|-damage|p1a: Snorlax|3\/100\n|move|p1a: Snorlax|Rest|p1a: Snorlax\n|-status|p1a: Snorlax|slp|[from] move: Rest\n|-heal|p1a: Snorlax|100\/100 slp|[silent]\n|\n|upkeep\n|turn|19\n|\n|t:|1698957154\n|move|p2a: Calyrex|Dark Pulse|p1a: Snorlax\n|-damage|p1a: Snorlax|79\/100 slp\n|cant|p1a: Snorlax|slp\n|move|p1a: Snorlax|Sleep Talk|p1a: Snorlax\n|move|p1a: Snorlax|Earthquake|p2a: Calyrex|[from]move: Sleep Talk\n|-damage|p2a: Calyrex|0 fnt\n|faint|p2a: Calyrex\n|\n|upkeep\n|\n|t:|1698957163\n|switch|p2a: Miraidon|Miraidon|100\/100\n|-fieldstart|move: Electric Terrain|[from] ability: Hadron Engine|[of] p2a: Miraidon\n|turn|20\n|\n|t:|1698957171\n|move|p2a: Miraidon|Calm Mind|p2a: Miraidon\n|-boost|p2a: Miraidon|spa|1\n|-boost|p2a: Miraidon|spd|1\n|cant|p1a: Snorlax|slp\n|move|p1a: Snorlax|Sleep Talk|p1a: Snorlax\n|move|p1a: Snorlax|Heat Crash|p2a: Miraidon|[from]move: Sleep Talk\n|-resisted|p2a: Miraidon\n|-damage|p2a: Miraidon|93\/100\n|\n|upkeep\n|turn|21\n|\n|t:|1698957181\n|move|p2a: Miraidon|Parabolic Charge|p1a: Snorlax\n|-damage|p1a: Snorlax|23\/100 slp\n|-heal|p2a: Miraidon|100\/100|[from] drain|[of] p1a: Snorlax\n|-curestatus|p1a: Snorlax|slp|[msg]\n|move|p1a: Snorlax|Earthquake|p2a: Miraidon\n|-supereffective|p2a: Miraidon\n|-damage|p2a: Miraidon|28\/100\n|\n|upkeep\n|turn|22\n|\n|t:|1698957191\n|move|p2a: Miraidon|Electro Drift|p1a: Snorlax\n|-damage|p1a: Snorlax|0 fnt\n|faint|p1a: Snorlax\n|\n|upkeep\n|\n|t:|1698957200\n|switch|p1a: Scizor|Scizor, F|100\/100\n|turn|23\n|\n|t:|1698957208\n|move|p2a: Miraidon|Parabolic Charge|p1a: Scizor\n|-damage|p1a: Scizor|0 fnt\n|-heal|p2a: Miraidon|78\/100|[from] drain|[of] p1a: Scizor\n|faint|p1a: Scizor\n|\n|upkeep\n|\n|t:|1698957217\n|switch|p1a: Kilowattrel|Kilowattrel, M|100\/100\n|turn|24\n|\n|t:|1698957228\n|move|p2a: Miraidon|Parabolic Charge|p1a: Kilowattrel\n|-enditem|p1a: Kilowattrel|Focus Sash\n|-damage|p1a: Kilowattrel|1\/100\n|-heal|p2a: Miraidon|100\/100|[from] drain|[of] p1a: Kilowattrel\n|move|p1a: Kilowattrel|Endeavor|p2a: Miraidon\n|-damage|p2a: Miraidon|1\/100\n|\n|-fieldend|move: Electric Terrain\n|upkeep\n|turn|25\n|\n|t:|1698957239\n|move|p2a: Miraidon|Dazzling Gleam|p1a: Kilowattrel\n|-damage|p1a: Kilowattrel|0 fnt\n|faint|p1a: Kilowattrel\n|\n|upkeep\n|\n|t:|1698957244\n|switch|p1a: Goodra|Goodra, F|100\/100\n|-status|p1a: Goodra|psn\n|-damage|p1a: Goodra|88\/100 psn|[from] Spikes\n|turn|26\n|\n|t:|1698957252\n|-terastallize|p1a: Goodra|Electric\n|move|p2a: Miraidon|Parabolic Charge|p1a: Goodra\n|-resisted|p1a: Goodra\n|-damage|p1a: Goodra|68\/100 psn\n|-heal|p2a: Miraidon|10\/100|[from] drain|[of] p1a: Goodra\n|move|p1a: Goodra|Sludge Bomb|p2a: Miraidon\n|-damage|p2a: Miraidon|0 fnt\n|faint|p2a: Miraidon\n|\n|-heal|p1a: Goodra|75\/100 psn|[from] item: Leftovers\n|-damage|p1a: Goodra|62\/100 psn|[from] psn\n|upkeep\n|\n|t:|1698957265\n|switch|p2a: Corviknight|Corviknight, F|100\/100\n|-ability|p2a: Corviknight|Pressure\n|turn|27\n|\n|t:|1698957273\n|-terastallize|p2a: Corviknight|Ground\n|move|p1a: Goodra|Rain Dance|p1a: Goodra\n|-weather|RainDance\n|move|p2a: Corviknight|Bulk Up|p2a: Corviknight\n|-boost|p2a: Corviknight|atk|1\n|-boost|p2a: Corviknight|def|1\n|\n|-weather|RainDance|[upkeep]\n|-activate|p1a: Goodra|ability: Hydration\n|-curestatus|p1a: Goodra|psn|[msg]\n|-heal|p1a: Goodra|68\/100|[from] item: Leftovers\n|upkeep\n|turn|28\n|\n|t:|1698957284\n|move|p1a: Goodra|Surf|p2a: Corviknight\n|-supereffective|p2a: Corviknight\n|-damage|p2a: Corviknight|38\/100\n|move|p2a: Corviknight|Bulk Up|p2a: Corviknight\n|-boost|p2a: Corviknight|atk|1\n|-boost|p2a: Corviknight|def|1\n|\n|-weather|RainDance|[upkeep]\n|-heal|p1a: Goodra|75\/100|[from] item: Leftovers\n|upkeep\n|turn|29\n|\n|t:|1698957294\n|move|p1a: Goodra|Surf|p2a: Corviknight\n|-supereffective|p2a: Corviknight\n|-damage|p2a: Corviknight|0 fnt\n|faint|p2a: Corviknight\n|\n|win|Jaitto\n|raw|Jaitto's rating: 1278 &rarr; <strong>1309<\/strong><br \/>(+31 for winning)\n|raw|hawkman100's rating: 1370 &rarr; <strong>1345<\/strong><br \/>(-25 for losing)\n|l|\u2606Jaitto\n","uploadtime":1698957306,"views":8,"p1id":"jaitto","p2id":"hawkman100","formatid":"gen9anythinggoes","rating":1309,"private":0,"password":""}