{"id":"gen9anythinggoes-1974128150","p1":"jaykim100","p2":"minttheice","format":"[Gen 9] Anything Goes","log":"|j|\u2606jaykim100\n|j|\u2606minttheice\n|t:|1698059694\n|gametype|singles\n|player|p1|jaykim100|red|1125\n|player|p2|minttheice|pokekid|1000\n|teamsize|p1|6\n|teamsize|p2|6\n|gen|9\n|tier|[Gen 9] Anything Goes\n|rated|\n|rule|HP Percentage Mod: HP is shown in percentages\n|rule|Endless Battle Clause: Forcing endless battles is banned\n|clearpoke\n|poke|p1|Dragonite, F|\n|poke|p1|Ursaluna-Bloodmoon, M|\n|poke|p1|Flutter Mane|\n|poke|p1|Basculegion, M|\n|poke|p1|Gholdengo|\n|poke|p1|Chi-Yu|\n|poke|p2|Clefairy, M|\n|poke|p2|Dudunsparce-*, F|\n|poke|p2|Ninetales-Alola, F|\n|poke|p2|Drifblim, F|\n|poke|p2|Umbreon, M|\n|poke|p2|Mew|\n|teampreview\n|\n|t:|1698059700\n|start\n|switch|p1a: Basculegion|Basculegion, M, shiny|100\/100\n|switch|p2a: Clefairy|Clefairy, M|100\/100\n|turn|1\n|\n|t:|1698059712\n|move|p1a: Basculegion|Wave Crash|p2a: Clefairy\n|-damage|p2a: Clefairy|15\/100\n|-damage|p1a: Basculegion|81\/100|[from] Recoil\n|-damage|p1a: Basculegion|71\/100|[from] item: Life Orb\n|move|p2a: Clefairy|Thunder Wave|p1a: Basculegion\n|-status|p1a: Basculegion|par\n|\n|upkeep\n|turn|2\n|\n|t:|1698059723\n|move|p1a: Basculegion|Shadow Ball|p2a: Clefairy\n|-damage|p2a: Clefairy|0 fnt\n|faint|p2a: Clefairy\n|-damage|p1a: Basculegion|61\/100 par|[from] item: Life Orb\n|\n|upkeep\n|\n|t:|1698059727\n|switch|p2a: Mew|Mew|100\/100\n|turn|3\n|\n|t:|1698059735\n|move|p2a: Mew|Dragon Dance|p2a: Mew\n|-boost|p2a: Mew|atk|1\n|-boost|p2a: Mew|spe|1\n|move|p1a: Basculegion|Shadow Ball|p2a: Mew\n|-supereffective|p2a: Mew\n|-crit|p2a: Mew\n|-damage|p2a: Mew|6\/100\n|-damage|p1a: Basculegion|51\/100 par|[from] item: Life Orb\n|\n|-heal|p2a: Mew|13\/100|[from] item: Leftovers\n|upkeep\n|turn|4\n|\n|t:|1698059748\n|move|p2a: Mew|Baton Pass|p2a: Mew\n|\n|t:|1698059750\n|switch|p2a: Drifblim|Drifblim, F|100\/100|[from] Baton Pass\n|cant|p1a: Basculegion|par\n|\n|upkeep\n|turn|5\n|\n|t:|1698059759\n|move|p2a: Drifblim|Minimize|p2a: Drifblim\n|-boost|p2a: Drifblim|evasion|2\n|cant|p1a: Basculegion|par\n|\n|upkeep\n|turn|6\n|\n|t:|1698059765\n|move|p2a: Drifblim|Minimize|p2a: Drifblim\n|-boost|p2a: Drifblim|evasion|2\n|move|p1a: Basculegion|Shadow Ball|p2a: Drifblim|[miss]\n|-miss|p1a: Basculegion|p2a: Drifblim\n|\n|upkeep\n|turn|7\n|\n|t:|1698059773\n|move|p2a: Drifblim|Minimize|p2a: Drifblim\n|-boost|p2a: Drifblim|evasion|2\n|move|p1a: Basculegion|Shadow Ball|p2a: Drifblim|[miss]\n|-miss|p1a: Basculegion|p2a: Drifblim\n|\n|upkeep\n|turn|8\n|\n|t:|1698059780\n|move|p2a: Drifblim|Minimize|p2a: Drifblim\n|-boost|p2a: Drifblim|evasion|0\n|move|p1a: Basculegion|Shadow Ball|p2a: Drifblim|[miss]\n|-miss|p1a: Basculegion|p2a: Drifblim\n|\n|upkeep\n|turn|9\n|\n|t:|1698059789\n|move|p2a: Drifblim|Baton Pass|p2a: Drifblim\n|\n|t:|1698059798\n|switch|p2a: Ninetales|Ninetales-Alola, F|100\/100|[from] Baton Pass\n|-weather|Snow|[from] ability: Snow Warning|[of] p2a: Ninetales\n|move|p1a: Basculegion|Shadow Ball|p2a: Ninetales\n|-damage|p2a: Ninetales|50\/100\n|-damage|p1a: Basculegion|41\/100 par|[from] item: Life Orb\n|\n|-weather|Snow|[upkeep]\n|upkeep\n|turn|10\n|\n|t:|1698059810\n|move|p2a: Ninetales|Aurora Veil|p2a: Ninetales\n|-sidestart|p2: minttheice|move: Aurora Veil\n|move|p1a: Basculegion|Wave Crash|p2a: Ninetales|[miss]\n|-miss|p1a: Basculegion|p2a: Ninetales\n|\n|-weather|Snow|[upkeep]\n|upkeep\n|turn|11\n|\n|t:|1698059818\n|move|p2a: Ninetales|Nasty Plot|p2a: Ninetales\n|-boost|p2a: Ninetales|spa|2\n|move|p1a: Basculegion|Wave Crash|p2a: Ninetales|[miss]\n|-miss|p1a: Basculegion|p2a: Ninetales\n|\n|-weather|Snow|[upkeep]\n|upkeep\n|turn|12\n|\n|t:|1698059826\n|move|p2a: Ninetales|Nasty Plot|p2a: Ninetales\n|-boost|p2a: Ninetales|spa|2\n|move|p1a: Basculegion|Wave Crash|p2a: Ninetales|[miss]\n|-miss|p1a: Basculegion|p2a: Ninetales\n|\n|-weather|Snow|[upkeep]\n|upkeep\n|turn|13\n|\n|t:|1698059836\n|move|p2a: Ninetales|Nasty Plot|p2a: Ninetales\n|-boost|p2a: Ninetales|spa|2\n|move|p1a: Basculegion|Wave Crash|p2a: Ninetales|[miss]\n|-miss|p1a: Basculegion|p2a: Ninetales\n|\n|-weather|none\n|upkeep\n|turn|14\n|\n|t:|1698059847\n|move|p2a: Ninetales|Baton Pass|p2a: Ninetales\n|\n|t:|1698059849\n|switch|p2a: Umbreon|Umbreon, M|100\/100|[from] Baton Pass\n|move|p1a: Basculegion|Shadow Ball|p2a: Umbreon\n|-resisted|p2a: Umbreon\n|-damage|p2a: Umbreon|94\/100\n|-unboost|p2a: Umbreon|spd|1\n|-damage|p1a: Basculegion|31\/100 par|[from] item: Life Orb\n|\n|upkeep\n|turn|15\n|\n|t:|1698059861\n|move|p2a: Umbreon|Light Screen|p2a: Umbreon\n|-sidestart|p2: minttheice|move: Light Screen\n|move|p1a: Basculegion|Wave Crash|p2a: Umbreon|[miss]\n|-miss|p1a: Basculegion|p2a: Umbreon\n|\n|upkeep\n|turn|16\n|\n|t:|1698059869\n|move|p2a: Umbreon|Reflect|p2a: Umbreon\n|-sidestart|p2: minttheice|Reflect\n|cant|p1a: Basculegion|par\n|\n|upkeep\n|turn|17\n|\n|t:|1698059874\n|move|p2a: Umbreon|Wish|p2a: Umbreon\n|move|p1a: Basculegion|Wave Crash|p2a: Umbreon|[miss]\n|-miss|p1a: Basculegion|p2a: Umbreon\n|\n|-sideend|p2: minttheice|move: Aurora Veil\n|upkeep\n|turn|18\n|\n|t:|1698059881\n|move|p2a: Umbreon|Baton Pass|p2a: Umbreon\n|\n|t:|1698059884\n|switch|p2a: Mew|Mew|13\/100|[from] Baton Pass\n|move|p1a: Basculegion|Wave Crash|p2a: Mew\n|-damage|p2a: Mew|0 fnt\n|faint|p2a: Mew\n|-damage|p1a: Basculegion|28\/100 par|[from] Recoil\n|-damage|p1a: Basculegion|18\/100 par|[from] item: Life Orb\n|\n|upkeep\n|\n|t:|1698059889\n|switch|p2a: Ninetales|Ninetales-Alola, F|50\/100\n|-weather|Snow|[from] ability: Snow Warning|[of] p2a: Ninetales\n|turn|19\n|-message|minttheice forfeited.\n|\n|win|jaykim100\n|raw|jaykim100's rating: 1125 &rarr; <strong>1141<\/strong><br \/>(+16 for winning)\n|raw|minttheice's rating: 1000 &rarr; <strong>1000<\/strong><br \/>(+0 for losing)\n|l|\u2606minttheice\n","uploadtime":1698059903,"views":8,"p1id":"jaykim100","p2id":"minttheice","formatid":"gen9anythinggoes","rating":1000,"private":0,"password":""}