{"id":"gen9anythinggoes-1976345605","p1":"colestein","p2":"TypeSpammer","format":"[Gen 9] Anything Goes","log":"|j|\u2606colestein\n|j|\u2606TypeSpammer\n|t:|1698289260\n|gametype|singles\n|player|p1|colestein|102|\n|player|p2|TypeSpammer|265|\n|teamsize|p1|6\n|teamsize|p2|6\n|gen|9\n|tier|[Gen 9] Anything Goes\n|rule|HP Percentage Mod: HP is shown in percentages\n|rule|Endless Battle Clause: Forcing endless battles is banned\n|clearpoke\n|poke|p1|Espeon, M|\n|poke|p1|Arcanine, M|\n|poke|p1|Sneasler, M|\n|poke|p1|Mamoswine, F|\n|poke|p1|Corviknight, M|\n|poke|p1|Hydreigon, M|\n|poke|p2|Basculegion-F, F|\n|poke|p2|Roaring Moon|\n|poke|p2|Weezing-Galar, M|\n|poke|p2|Zapdos-Galar|\n|poke|p2|Donphan, F|\n|poke|p2|Gholdengo|\n|teampreview\n|\n|t:|1698289273\n|start\n|switch|p1a: Peaches|Mamoswine, F, shiny|100\/100\n|switch|p2a: Basculegion|Basculegion-F, F|100\/100\n|turn|1\n|\n|t:|1698289285\n|switch|p1a: Hungry Hands|Hydreigon, M|100\/100\n|move|p2a: Basculegion|Hydro Pump|p1a: Hungry Hands\n|-resisted|p1a: Hungry Hands\n|-damage|p1a: Hungry Hands|65\/100\n|\n|upkeep\n|turn|2\n|\n|t:|1698289302\n|switch|p2a: Donphan|Donphan, F|100\/100\n|move|p1a: Hungry Hands|U-turn|p2a: Donphan\n|-damage|p2a: Donphan|89\/100\n|\n|t:|1698289317\n|switch|p1a: Peaches|Mamoswine, F, shiny|100\/100|[from] U-turn\n|\n|upkeep\n|turn|3\n|\n|t:|1698289338\n|switch|p2a: Weezing|Weezing-Galar, M|100\/100\n|move|p1a: Peaches|Icicle Spear|p2a: Weezing\n|-damage|p2a: Weezing|92\/100\n|-damage|p2a: Weezing|83\/100\n|-damage|p2a: Weezing|74\/100\n|-damage|p2a: Weezing|65\/100\n|-hitcount|p2a: Weezing|4\n|\n|-heal|p2a: Weezing|71\/100|[from] item: Black Sludge\n|upkeep\n|turn|4\n|\n|t:|1698289360\n|switch|p1a: Grinch|Espeon, M, shiny|100\/100\n|move|p2a: Weezing|Will-O-Wisp|p1a: Grinch\n|move|p1a: Grinch|Will-O-Wisp|p2a: Weezing|[from]ability: Magic Bounce\n|-status|p2a: Weezing|brn\n|\n|-heal|p2a: Weezing|77\/100 brn|[from] item: Black Sludge\n|-damage|p2a: Weezing|71\/100 brn|[from] brn\n|upkeep\n|turn|5\n|c|\u2606colestein|lol\n|c|\u2606TypeSpammer|oh shit this thing eats weezing\n|\n|t:|1698289387\n|switch|p2a: Gholdengo|Gholdengo|100\/100\n|move|p1a: Grinch|Shadow Ball|p2a: Gholdengo\n|-supereffective|p2a: Gholdengo\n|-damage|p2a: Gholdengo|47\/100\n|\n|-heal|p2a: Gholdengo|53\/100|[from] item: Leftovers\n|upkeep\n|turn|6\n|\n|t:|1698289402\n|move|p1a: Grinch|Shadow Ball|p2a: Gholdengo\n|-supereffective|p2a: Gholdengo\n|-damage|p2a: Gholdengo|1\/100\n|-unboost|p2a: Gholdengo|spd|1\n|move|p2a: Gholdengo|Recover|p2a: Gholdengo\n|-heal|p2a: Gholdengo|51\/100\n|\n|-heal|p2a: Gholdengo|57\/100|[from] item: Leftovers\n|upkeep\n|turn|7\n|\n|t:|1698289413\n|switch|p2a: Roaring Moon|Roaring Moon|100\/100\n|-enditem|p2a: Roaring Moon|Booster Energy\n|-activate|p2a: Roaring Moon|ability: Protosynthesis|[fromitem]\n|-start|p2a: Roaring Moon|protosynthesisatk\n|move|p1a: Grinch|Shadow Ball|p2a: Roaring Moon\n|-resisted|p2a: Roaring Moon\n|-damage|p2a: Roaring Moon|88\/100\n|-unboost|p2a: Roaring Moon|spd|1\n|\n|upkeep\n|turn|8\n|\n|t:|1698289437\n|-terastallize|p2a: Roaring Moon|Steel\n|move|p2a: Roaring Moon|Dragon Dance|p2a: Roaring Moon\n|-boost|p2a: Roaring Moon|atk|1\n|-boost|p2a: Roaring Moon|spe|1\n|move|p1a: Grinch|Dazzling Gleam|p2a: Roaring Moon\n|-resisted|p2a: Roaring Moon\n|-damage|p2a: Roaring Moon|69\/100\n|\n|upkeep\n|turn|9\n|\n|t:|1698289444\n|move|p2a: Roaring Moon|Knock Off|p1a: Grinch\n|-supereffective|p1a: Grinch\n|-enditem|p1a: Grinch|Focus Sash\n|-damage|p1a: Grinch|1\/100\n|move|p1a: Grinch|Shadow Ball|p2a: Roaring Moon\n|-damage|p2a: Roaring Moon|33\/100\n|\n|upkeep\n|turn|10\n|\n|t:|1698289452\n|move|p2a: Roaring Moon|Knock Off|p1a: Grinch\n|-supereffective|p1a: Grinch\n|-damage|p1a: Grinch|0 fnt\n|faint|p1a: Grinch\n|\n|upkeep\n|\n|t:|1698289464\n|switch|p1a: Apollo|Arcanine, M, shiny|100\/100\n|-ability|p1a: Apollo|Intimidate|boost\n|-unboost|p2a: Roaring Moon|atk|1\n|turn|11\n|c|\u2606TypeSpammer|sash really can f people up if they aren't ready for it\n|\n|t:|1698289473\n|-end|p2a: Roaring Moon|Protosynthesis|[silent]\n|switch|p2a: Gholdengo|Gholdengo|57\/100\n|-terastallize|p1a: Apollo|Normal\n|move|p1a: Apollo|Extreme Speed|p2a: Gholdengo\n|-immune|p2a: Gholdengo\n|\n|-heal|p2a: Gholdengo|63\/100|[from] item: Leftovers\n|upkeep\n|turn|12\n|\n|t:|1698289486\n|switch|p1a: Hungry Hands|Hydreigon, M|65\/100\n|move|p2a: Gholdengo|Recover|p2a: Gholdengo\n|-heal|p2a: Gholdengo|100\/100\n|\n|upkeep\n|turn|13\n|\n|t:|1698289492\n|switch|p2a: Donphan|Donphan, F|89\/100\n|move|p1a: Hungry Hands|Dark Pulse|p2a: Donphan\n|-damage|p2a: Donphan|54\/100\n|\n|upkeep\n|turn|14\n|\n|t:|1698289500\n|switch|p1a: Dark Knight|Corviknight, M, shiny|100\/100\n|-ability|p1a: Dark Knight|Pressure\n|move|p2a: Donphan|Ice Spinner|p1a: Dark Knight\n|-damage|p1a: Dark Knight|82\/100\n|-damage|p2a: Donphan|37\/100|[from] item: Rocky Helmet|[of] p1a: Dark Knight\n|\n|upkeep\n|turn|15\n|\n|t:|1698289509\n|switch|p2a: Gholdengo|Gholdengo|100\/100\n|move|p1a: Dark Knight|U-turn|p2a: Gholdengo\n|-resisted|p2a: Gholdengo\n|-damage|p2a: Gholdengo|97\/100\n|\n|t:|1698289517\n|switch|p1a: Apollo|Arcanine, M, shiny, tera:Normal|100\/100|[from] U-turn\n|-ability|p1a: Apollo|Intimidate|boost\n|-unboost|p2a: Gholdengo|atk|1\n|\n|-heal|p2a: Gholdengo|100\/100|[from] item: Leftovers\n|upkeep\n|turn|16\n|\n|t:|1698289527\n|switch|p2a: Weezing|Weezing-Galar, M|71\/100 brn\n|move|p1a: Apollo|Flare Blitz|p2a: Weezing\n|-damage|p2a: Weezing|19\/100 brn\n|-damage|p1a: Apollo|84\/100|[from] Recoil\n|\n|-heal|p2a: Weezing|25\/100 brn|[from] item: Black Sludge\n|-damage|p2a: Weezing|19\/100 brn|[from] brn\n|upkeep\n|turn|17\n|\n|t:|1698289536\n|move|p1a: Apollo|Flare Blitz|p2a: Weezing\n|-damage|p2a: Weezing|0 fnt\n|faint|p2a: Weezing\n|-damage|p1a: Apollo|78\/100|[from] Recoil\n|\n|upkeep\n|\n|t:|1698289552\n|switch|p2a: Basculegion|Basculegion-F, F|100\/100\n|turn|18\n|\n|t:|1698289555\n|switch|p1a: Hungry Hands|Hydreigon, M|65\/100\n|move|p2a: Basculegion|Flip Turn|p1a: Hungry Hands\n|-resisted|p1a: Hungry Hands\n|-damage|p1a: Hungry Hands|53\/100\n|\n|t:|1698289570\n|switch|p2a: Donphan|Donphan, F|37\/100|[from] Flip Turn\n|\n|upkeep\n|turn|19\n|\n|t:|1698289599\n|switch|p1a: Peaches|Mamoswine, F, shiny|100\/100\n|move|p2a: Donphan|Ice Spinner|p1a: Peaches\n|-damage|p1a: Peaches|86\/100\n|\n|upkeep\n|turn|20\n|\n|t:|1698289607\n|switch|p2a: Basculegion|Basculegion-F, F|100\/100\n|move|p1a: Peaches|Trailblaze|p2a: Basculegion\n|-supereffective|p2a: Basculegion\n|-damage|p2a: Basculegion|64\/100\n|-boost|p1a: Peaches|spe|1\n|\n|upkeep\n|turn|21\n|\n|t:|1698289640\n|move|p1a: Peaches|Earthquake|p2a: Basculegion\n|-damage|p2a: Basculegion|4\/100\n|move|p2a: Basculegion|Hydro Pump|p1a: Peaches|[miss]\n|-miss|p2a: Basculegion|p1a: Peaches\n|\n|upkeep\n|turn|22\n|c|\u2606colestein|damn so close\n|c|\u2606colestein|needs to be chipped just a little more\n|\n|t:|1698289662\n|switch|p2a: Donphan|Donphan, F|37\/100\n|move|p1a: Peaches|Trailblaze|p2a: Donphan\n|-supereffective|p2a: Donphan\n|-damage|p2a: Donphan|12\/100\n|-boost|p1a: Peaches|spe|1\n|\n|upkeep\n|turn|23\n|\n|t:|1698289682\n|move|p1a: Peaches|Ice Shard|p2a: Donphan\n|-supereffective|p2a: Donphan\n|-damage|p2a: Donphan|0 fnt\n|faint|p2a: Donphan\n|\n|upkeep\n|c|\u2606TypeSpammer|it might be fucking over\n|\n|t:|1698289703\n|switch|p2a: Gholdengo|Gholdengo|100\/100\n|turn|24\n|\n|t:|1698289706\n|move|p1a: Peaches|Earthquake|p2a: Gholdengo\n|-supereffective|p2a: Gholdengo\n|-damage|p2a: Gholdengo|7\/100\n|move|p2a: Gholdengo|Make It Rain|p1a: Peaches\n|-supereffective|p1a: Peaches\n|-damage|p1a: Peaches|0 fnt\n|-unboost|p2a: Gholdengo|spa|1\n|faint|p1a: Peaches\n|\n|-heal|p2a: Gholdengo|13\/100|[from] item: Leftovers\n|upkeep\n|c|\u2606TypeSpammer|max hp\n|\n|t:|1698289726\n|switch|p1a: Dr. Seuss|Sneasler, M, shiny|100\/100\n|turn|25\n|c|\u2606TypeSpammer|if not it was over\n|\n|t:|1698289744\n|move|p1a: Dr. Seuss|U-turn|p2a: Gholdengo\n|-resisted|p2a: Gholdengo\n|-damage|p2a: Gholdengo|7\/100\n|\n|t:|1698289749\n|switch|p1a: Hungry Hands|Hydreigon, M|53\/100|[from] U-turn\n|move|p2a: Gholdengo|Make It Rain|p1a: Hungry Hands\n|-damage|p1a: Hungry Hands|9\/100\n|-unboost|p2a: Gholdengo|spa|1\n|\n|-heal|p2a: Gholdengo|13\/100|[from] item: Leftovers\n|upkeep\n|turn|26\n|\n|t:|1698289759\n|move|p1a: Hungry Hands|Dark Pulse|p2a: Gholdengo\n|-supereffective|p2a: Gholdengo\n|-damage|p2a: Gholdengo|0 fnt\n|faint|p2a: Gholdengo\n|\n|upkeep\n|\n|t:|1698289770\n|switch|p2a: Roaring Moon|Roaring Moon, tera:Steel|33\/100\n|turn|27\n|\n|t:|1698289773\n|move|p1a: Hungry Hands|Dark Pulse|p2a: Roaring Moon\n|-damage|p2a: Roaring Moon|0 fnt\n|faint|p2a: Roaring Moon\n|-end|p2a: Roaring Moon|Protosynthesis|[silent]\n|\n|upkeep\n|c|\u2606TypeSpammer|oh damn I thought i'd live\n|\n|t:|1698289786\n|switch|p2a: Zapdos|Zapdos-Galar|100\/100\n|turn|28\n|\n|t:|1698289790\n|switch|p1a: Dark Knight|Corviknight, M, shiny|82\/100\n|-ability|p1a: Dark Knight|Pressure\n|move|p2a: Zapdos|Bulk Up|p2a: Zapdos\n|-boost|p2a: Zapdos|atk|1\n|-boost|p2a: Zapdos|def|1\n|\n|upkeep\n|turn|29\n|\n|t:|1698289798\n|move|p2a: Zapdos|Close Combat|p1a: Dark Knight\n|-damage|p1a: Dark Knight|25\/100\n|-unboost|p2a: Zapdos|def|1\n|-unboost|p2a: Zapdos|spd|1\n|-damage|p2a: Zapdos|84\/100|[from] item: Rocky Helmet|[of] p1a: Dark Knight\n|move|p1a: Dark Knight|U-turn|p2a: Zapdos\n|-resisted|p2a: Zapdos\n|-damage|p2a: Zapdos|80\/100\n|\n|t:|1698289820\n|switch|p1a: Hungry Hands|Hydreigon, M|9\/100|[from] U-turn\n|\n|upkeep\n|turn|30\n|\n|t:|1698289831\n|move|p1a: Hungry Hands|Draco Meteor|p2a: Zapdos\n|-damage|p2a: Zapdos|0 fnt\n|-unboost|p1a: Hungry Hands|spa|2\n|faint|p2a: Zapdos\n|\n|upkeep\n|\n|t:|1698289833\n|switch|p2a: Basculegion|Basculegion-F, F|4\/100\n|turn|31\n|\n|t:|1698289838\n|move|p1a: Hungry Hands|Draco Meteor|p2a: Basculegion\n|-damage|p2a: Basculegion|0 fnt\n|-unboost|p1a: Hungry Hands|spa|2\n|faint|p2a: Basculegion\n|\n|win|colestein\n|c|\u2606TypeSpammer|nice wp\n|c|\u2606colestein|well a lucky pump miss made that easier\n|c|\u2606TypeSpammer|that type of game\n|c|\u2606colestein|thats prob good comin close to over mocking\n|c|\u2606TypeSpammer|I think you're good man. You are a better player than him so my money's on you\n|c|\u2606colestein|i feel like we need arc in to break hoes with flare blitz early\n|c|\u2606colestein|especially on dengo\n|c|\u2606colestein|hopefully not scarfed\n|c|\u2606TypeSpammer|agreed. Arc has no switch really\n|c|\u2606colestein|also need to try the hydra straight into arc on gholdengo when we arent sure scarf\n|c|\u2606TypeSpammer|yeah I like that flow\n|c|\u2606colestein|if stays and swings hes likely scarf\n|c|\u2606colestein|if not then prob not although could be\n","uploadtime":1698290031,"views":18,"p1id":"colestein","p2id":"typespammer","formatid":"gen9anythinggoes","rating":0,"private":0,"password":""}