{"id":"gen9anythinggoes-1998616413","p1":"Rowan_Rocket","p2":"Lianose","format":"[Gen 9] Anything Goes","log":"|j|\u2606Rowan_Rocket\n|j|\u2606Lianose\n|t:|1700963395\n|gametype|singles\n|player|p1|Rowan_Rocket|rocketgruntf|1110\n|player|p2|Lianose|lucas-gen4pt|1025\n|teamsize|p1|6\n|teamsize|p2|6\n|gen|9\n|tier|[Gen 9] Anything Goes\n|rated|\n|rule|HP Percentage Mod: HP is shown in percentages\n|rule|Endless Battle Clause: Forcing endless battles is banned\n|clearpoke\n|poke|p1|Ninetales-Alola, F|\n|poke|p1|Cetitan, M|\n|poke|p1|Avalugg-Hisui, F|\n|poke|p1|Eiscue, F|\n|poke|p1|Sandslash-Alola, F|\n|poke|p1|Frosmoth, F|\n|poke|p2|Cinderace, F|\n|poke|p2|Ribombee, F|\n|poke|p2|Banette, M|\n|poke|p2|Flutter Mane|\n|poke|p2|Gardevoir, M|\n|poke|p2|Kommo-o, F|\n|teampreview\n|\n|t:|1700963408\n|start\n|switch|p1a: Frosmoth|Frosmoth, F|100\/100\n|switch|p2a: Cinderace|Cinderace, F|100\/100\n|turn|1\n|\n|t:|1700963417\n|switch|p1a: Cetitan|Cetitan, M|100\/100\n|move|p2a: Cinderace|Double Kick|p1a: Cetitan\n|-start|p2a: Cinderace|typechange|Fighting|[from] ability: Libero\n|-supereffective|p1a: Cetitan\n|-damage|p1a: Cetitan|65\/100\n|-supereffective|p1a: Cetitan\n|-damage|p1a: Cetitan|27\/100\n|-hitcount|p1a: Cetitan|2\n|\n|upkeep\n|turn|2\n|\n|t:|1700963432\n|move|p1a: Cetitan|Ice Shard|p2a: Cinderace\n|-damage|p2a: Cinderace|74\/100\n|move|p2a: Cinderace|High Jump Kick|p1a: Cetitan\n|-supereffective|p1a: Cetitan\n|-damage|p1a: Cetitan|0 fnt\n|faint|p1a: Cetitan\n|\n|upkeep\n|\n|t:|1700963435\n|switch|p1a: Ninetales|Ninetales-Alola, F|100\/100\n|-weather|Snow|[from] ability: Snow Warning|[of] p1a: Ninetales\n|turn|3\n|\n|t:|1700963442\n|move|p1a: Ninetales|Aurora Veil|p1a: Ninetales\n|-sidestart|p1: Rowan_Rocket|move: Aurora Veil\n|move|p2a: Cinderace|High Jump Kick|p1a: Ninetales\n|-damage|p1a: Ninetales|71\/100\n|\n|-weather|Snow|[upkeep]\n|upkeep\n|turn|4\n|\n|t:|1700963450\n|move|p1a: Ninetales|Draining Kiss|p2a: Cinderace\n|-supereffective|p2a: Cinderace\n|-damage|p2a: Cinderace|22\/100\n|-heal|p1a: Ninetales|100\/100|[from] drain|[of] p2a: Cinderace\n|move|p2a: Cinderace|High Jump Kick|p1a: Ninetales\n|-damage|p1a: Ninetales|68\/100\n|\n|-weather|Snow|[upkeep]\n|upkeep\n|turn|5\n|\n|t:|1700963457\n|move|p1a: Ninetales|Draining Kiss|p2a: Cinderace\n|-supereffective|p2a: Cinderace\n|-damage|p2a: Cinderace|0 fnt\n|-heal|p1a: Ninetales|86\/100|[from] drain|[of] p2a: Cinderace\n|faint|p2a: Cinderace\n|\n|-weather|Snow|[upkeep]\n|upkeep\n|\n|t:|1700963462\n|switch|p2a: The Pinkest Pink|Ribombee, F, shiny|100\/100\n|-item|p2a: The Pinkest Pink|Air Balloon\n|turn|6\n|\n|t:|1700963475\n|switch|p1a: Frosmoth|Frosmoth, F|100\/100\n|move|p2a: The Pinkest Pink|Quiver Dance|p2a: The Pinkest Pink\n|-boost|p2a: The Pinkest Pink|spa|1\n|-boost|p2a: The Pinkest Pink|spd|1\n|-boost|p2a: The Pinkest Pink|spe|1\n|\n|-weather|Snow|[upkeep]\n|upkeep\n|turn|7\n|\n|t:|1700963483\n|move|p2a: The Pinkest Pink|Baton Pass|p2a: The Pinkest Pink\n|\n|t:|1700963485\n|switch|p2a: Larg Dragoon|Kommo-o, F|100\/100|[from] Baton Pass\n|move|p1a: Frosmoth|Quiver Dance|p1a: Frosmoth\n|-boost|p1a: Frosmoth|spa|1\n|-boost|p1a: Frosmoth|spd|1\n|-boost|p1a: Frosmoth|spe|1\n|\n|-weather|Snow|[upkeep]\n|-sideend|p1: Rowan_Rocket|move: Aurora Veil\n|upkeep\n|turn|8\n|\n|t:|1700963503\n|-terastallize|p1a: Frosmoth|Bug\n|-singleturn|p2a: Larg Dragoon|move: Focus Punch\n|move|p1a: Frosmoth|Quiver Dance|p1a: Frosmoth\n|-boost|p1a: Frosmoth|spa|1\n|-boost|p1a: Frosmoth|spd|1\n|-boost|p1a: Frosmoth|spe|1\n|move|p2a: Larg Dragoon|Focus Punch|p1a: Frosmoth\n|-resisted|p1a: Frosmoth\n|-damage|p1a: Frosmoth|50\/100\n|\n|-weather|Snow|[upkeep]\n|upkeep\n|turn|9\n|\n|t:|1700963522\n|switch|p2a: Blue girl|Gardevoir, M, shiny|100\/100\n|move|p1a: Frosmoth|Bug Buzz|p2a: Blue girl\n|-damage|p2a: Blue girl|0 fnt\n|faint|p2a: Blue girl\n|\n|-weather|Snow|[upkeep]\n|upkeep\n|\n|t:|1700963530\n|switch|p2a: The Pinkest Pink|Ribombee, F, shiny|100\/100\n|-item|p2a: The Pinkest Pink|Air Balloon\n|turn|10\n|\n|t:|1700963541\n|move|p1a: Frosmoth|Giga Drain|p2a: The Pinkest Pink\n|-resisted|p2a: The Pinkest Pink\n|-damage|p2a: The Pinkest Pink|69\/100\n|-heal|p1a: Frosmoth|64\/100|[from] drain|[of] p2a: The Pinkest Pink\n|-enditem|p2a: The Pinkest Pink|Air Balloon\n|move|p2a: The Pinkest Pink|Quiver Dance|p2a: The Pinkest Pink\n|-boost|p2a: The Pinkest Pink|spa|1\n|-boost|p2a: The Pinkest Pink|spd|1\n|-boost|p2a: The Pinkest Pink|spe|1\n|\n|-weather|none\n|upkeep\n|turn|11\n|\n|t:|1700963555\n|move|p2a: The Pinkest Pink|Quiver Dance|p2a: The Pinkest Pink\n|-boost|p2a: The Pinkest Pink|spa|1\n|-boost|p2a: The Pinkest Pink|spd|1\n|-boost|p2a: The Pinkest Pink|spe|1\n|move|p1a: Frosmoth|Quiver Dance|p1a: Frosmoth\n|-boost|p1a: Frosmoth|spa|1\n|-boost|p1a: Frosmoth|spd|1\n|-boost|p1a: Frosmoth|spe|1\n|\n|upkeep\n|turn|12\n|\n|t:|1700963562\n|move|p2a: The Pinkest Pink|Quiver Dance|p2a: The Pinkest Pink\n|-boost|p2a: The Pinkest Pink|spa|1\n|-boost|p2a: The Pinkest Pink|spd|1\n|-boost|p2a: The Pinkest Pink|spe|1\n|move|p1a: Frosmoth|Bug Buzz|p2a: The Pinkest Pink\n|-resisted|p2a: The Pinkest Pink\n|-damage|p2a: The Pinkest Pink|27\/100\n|\n|upkeep\n|turn|13\n|\n|t:|1700963570\n|move|p2a: The Pinkest Pink|Baton Pass|p2a: The Pinkest Pink\n|\n|t:|1700963573\n|switch|p2a: Larg Dragoon|Kommo-o, F|100\/100|[from] Baton Pass\n|move|p1a: Frosmoth|Bug Buzz|p2a: Larg Dragoon\n|-resisted|p2a: Larg Dragoon\n|-damage|p2a: Larg Dragoon|69\/100\n|\n|upkeep\n|turn|14\n|\n|t:|1700963589\n|-singleturn|p2a: Larg Dragoon|move: Focus Punch\n|move|p1a: Frosmoth|Bug Buzz|p2a: Larg Dragoon\n|-resisted|p2a: Larg Dragoon\n|-damage|p2a: Larg Dragoon|37\/100\n|cant|p2a: Larg Dragoon|Focus Punch|Focus Punch\n|\n|upkeep\n|turn|15\n|\n|t:|1700963597\n|move|p1a: Frosmoth|Bug Buzz|p2a: Larg Dragoon\n|-resisted|p2a: Larg Dragoon\n|-damage|p2a: Larg Dragoon|3\/100\n|-enditem|p2a: Larg Dragoon|Iapapa Berry|[eat]\n|-heal|p2a: Larg Dragoon|36\/100|[from] item: Iapapa Berry\n|move|p2a: Larg Dragoon|Reversal|p1a: Frosmoth\n|-resisted|p1a: Frosmoth\n|-damage|p1a: Frosmoth|36\/100\n|\n|upkeep\n|turn|16\n|\n|t:|1700963607\n|switch|p2a: Flutter Mane|Flutter Mane, shiny|100\/100\n|move|p1a: Frosmoth|Bug Buzz|p2a: Flutter Mane\n|-resisted|p2a: Flutter Mane\n|-damage|p2a: Flutter Mane|60\/100\n|\n|upkeep\n|turn|17\n|\n|t:|1700963616\n|move|p1a: Frosmoth|Giga Drain|p2a: Flutter Mane\n|-crit|p2a: Flutter Mane\n|-damage|p2a: Flutter Mane|0 fnt\n|-heal|p1a: Frosmoth|62\/100|[from] drain|[of] p2a: Flutter Mane\n|faint|p2a: Flutter Mane\n|-end|p2a: Flutter Mane|Protosynthesis|[silent]\n|\n|upkeep\n|\n|t:|1700963620\n|switch|p2a: Guy in a costume|Banette, M, shiny|100\/100\n|turn|18\n|\n|t:|1700963624\n|move|p1a: Frosmoth|Bug Buzz|p2a: Guy in a costume\n|-resisted|p2a: Guy in a costume\n|-damage|p2a: Guy in a costume|0 fnt\n|faint|p2a: Guy in a costume\n|\n|upkeep\n|l|\u2606Lianose\n|player|p2|\n|inactive|Battle timer is ON: inactive players will automatically lose when time's up. (requested by Rowan_Rocket)\n|inactive|Lianose has 30 seconds to reconnect!\n|inactive|Lianose has 20 seconds to reconnect!\n|inactive|Lianose has 15 seconds to reconnect!\n|inactive|Lianose has 10 seconds to reconnect!\n|inactive|Lianose has 5 seconds to reconnect!\n|-message|Lianose lost due to inactivity.\n|\n|win|Rowan_Rocket\n|raw|Rowan_Rocket's rating: 1084 &rarr; <strong>1107<\/strong><br \/>(+23 for winning)\n|raw|Lianose's rating: 1025 &rarr; <strong>1014<\/strong><br \/>(-11 for losing)\n","uploadtime":1700964276,"views":6,"p1id":"rowanrocket","p2id":"lianose","formatid":"gen9anythinggoes","rating":1014,"private":0,"password":""}