{"id":"gen9anythinggoes-2000204570","p1":"Aviated_Froakie","p2":"Glaze118","format":"[Gen 9] Anything Goes","log":"|j|\u2606Aviated_Froakie\n|j|\u2606Glaze118\n|t:|1701171761\n|gametype|singles\n|player|p1|Aviated_Froakie|silver|1132\n|player|p2|Glaze118|gambler|1096\n|teamsize|p1|6\n|teamsize|p2|6\n|gen|9\n|tier|[Gen 9] Anything Goes\n|rated|\n|rule|HP Percentage Mod: HP is shown in percentages\n|rule|Endless Battle Clause: Forcing endless battles is banned\n|clearpoke\n|poke|p1|Lokix, M|\n|poke|p1|Lurantis, M|\n|poke|p1|Calyrex-Shadow|\n|poke|p1|Kyogre|\n|poke|p1|Talonflame, M|\n|poke|p1|Infernape, F|\n|poke|p2|Uxie|\n|poke|p2|Walking Wake|\n|poke|p2|Quaquaval, M|\n|poke|p2|Forretress, F|\n|poke|p2|Baxcalibur, M|\n|poke|p2|Drifblim, F|\n|teampreview\n|inactive|Battle timer is ON: inactive players will automatically lose when time's up. (requested by Aviated_Froakie)\n|\n|t:|1701171777\n|start\n|switch|p1a: Flaremonk|Infernape, F, shiny|100\/100\n|switch|p2a: Forretress|Forretress, F|100\/100\n|turn|1\n|\n|t:|1701171786\n|move|p1a: Flaremonk|Nasty Plot|p1a: Flaremonk\n|-boost|p1a: Flaremonk|spa|2\n|move|p2a: Forretress|Stealth Rock|p1a: Flaremonk\n|-sidestart|p1: Aviated_Froakie|move: Stealth Rock\n|\n|upkeep\n|turn|2\n|\n|t:|1701171792\n|move|p1a: Flaremonk|Flamethrower|p2a: Forretress\n|-supereffective|p2a: Forretress\n|-ability|p2a: Forretress|Sturdy\n|-damage|p2a: Forretress|1\/100\n|-damage|p1a: Flaremonk|91\/100|[from] item: Life Orb\n|move|p2a: Forretress|Spikes|p1a: Flaremonk\n|-sidestart|p1: Aviated_Froakie|Spikes\n|\n|upkeep\n|turn|3\n|inactive|Aviated_Froakie has 120 seconds left.\n|\n|t:|1701171826\n|move|p1a: Flaremonk|Vacuum Wave|p2a: Forretress\n|-damage|p2a: Forretress|0 fnt\n|faint|p2a: Forretress\n|-damage|p1a: Flaremonk|81\/100|[from] item: Life Orb\n|\n|upkeep\n|\n|t:|1701171833\n|switch|p2a: Quaquaval|Quaquaval, M, shiny|100\/100\n|turn|4\n|\n|t:|1701171838\n|-terastallize|p1a: Flaremonk|Grass\n|move|p1a: Flaremonk|Grass Knot|p2a: Quaquaval\n|-supereffective|p2a: Quaquaval\n|-damage|p2a: Quaquaval|0 fnt\n|faint|p2a: Quaquaval\n|-damage|p1a: Flaremonk|71\/100|[from] item: Life Orb\n|\n|upkeep\n|\n|t:|1701171850\n|switch|p2a: Uxie|Uxie|100\/100\n|turn|5\n|\n|t:|1701171859\n|move|p1a: Flaremonk|Flamethrower|p2a: Uxie\n|-damage|p2a: Uxie|15\/100\n|-damage|p1a: Flaremonk|61\/100|[from] item: Life Orb\n|move|p2a: Uxie|Reflect|p2a: Uxie\n|-sidestart|p2: Glaze118|Reflect\n|\n|upkeep\n|turn|6\n|\n|t:|1701171868\n|move|p1a: Flaremonk|Flamethrower|p2a: Uxie\n|-damage|p2a: Uxie|0 fnt\n|faint|p2a: Uxie\n|-damage|p1a: Flaremonk|51\/100|[from] item: Life Orb\n|\n|upkeep\n|\n|t:|1701171875\n|switch|p2a: Drifblim|Drifblim, F|100\/100\n|turn|7\n|\n|t:|1701171886\n|move|p1a: Flaremonk|Flamethrower|p2a: Drifblim\n|-damage|p2a: Drifblim|0 fnt\n|faint|p2a: Drifblim\n|-damage|p1a: Flaremonk|41\/100|[from] item: Life Orb\n|\n|upkeep\n|-message|Glaze118 forfeited.\n|\n|win|Aviated_Froakie\n|raw|Aviated_Froakie's rating: 1164 &rarr; <strong>1184<\/strong><br \/>(+20 for winning)\n|raw|Glaze118's rating: 1096 &rarr; <strong>1076<\/strong><br \/>(-20 for losing)\n|l|\u2606Glaze118\n","uploadtime":1701171898,"views":1,"p1id":"aviatedfroakie","p2id":"glaze118","formatid":"gen9anythinggoes","rating":1076,"private":0,"password":""}