{"id":"gen9anythinggoes-1985647088","p1":"pyrox57","p2":"mustardonthatbeat","format":"[Gen 9] Anything Goes","log":"|j|\u2606pyrox57\n|j|\u2606mustardonthatbeat\n|t:|1699392062\n|gametype|singles\n|player|p1|pyrox57|morty|\n|player|p2|mustardonthatbeat|266|\n|teamsize|p1|1\n|teamsize|p2|6\n|gen|9\n|tier|[Gen 9] Anything Goes\n|rule|HP Percentage Mod: HP is shown in percentages\n|rule|Endless Battle Clause: Forcing endless battles is banned\n|clearpoke\n|poke|p1|Blissey, F|\n|poke|p2|Iron Valiant|\n|poke|p2|Iron Valiant|\n|poke|p2|Iron Valiant|\n|poke|p2|Iron Valiant|\n|poke|p2|Iron Valiant|\n|poke|p2|Iron Valiant|\n|teampreview\n|\n|t:|1699392065\n|start\n|switch|p1a: Blissey|Blissey, F|100\/100\n|switch|p2a: Iron Valiant|Iron Valiant|100\/100\n|turn|1\n|\n|t:|1699392070\n|move|p2a: Iron Valiant|Reflect|p2a: Iron Valiant\n|-sidestart|p2: mustardonthatbeat|Reflect\n|move|p1a: Blissey|Calm Mind|p1a: Blissey\n|-boost|p1a: Blissey|spa|1\n|-boost|p1a: Blissey|spd|1\n|\n|upkeep\n|turn|2\n|\n|t:|1699392075\n|move|p2a: Iron Valiant|Light Screen|p2a: Iron Valiant\n|-sidestart|p2: mustardonthatbeat|move: Light Screen\n|move|p1a: Blissey|Calm Mind|p1a: Blissey\n|-boost|p1a: Blissey|spa|1\n|-boost|p1a: Blissey|spd|1\n|\n|upkeep\n|turn|3\n|\n|t:|1699392114\n|move|p2a: Iron Valiant|Knock Off|p1a: Blissey\n|-crit|p1a: Blissey\n|-damage|p1a: Blissey|41\/100\n|move|p1a: Blissey|Brick Break|p2a: Iron Valiant\n|-sideend|p2: mustardonthatbeat|Reflect\n|-sideend|p2: mustardonthatbeat|move: Light Screen\n|-resisted|p2a: Iron Valiant\n|-damage|p2a: Iron Valiant|98\/100\n|\n|upkeep\n|turn|4\n|\n|t:|1699392124\n|-end|p2a: Iron Valiant|Quark Drive|[silent]\n|switch|p2a: Iron Valiant|Iron Valiant|100\/100\n|move|p1a: Blissey|Calm Mind|p1a: Blissey\n|-boost|p1a: Blissey|spa|1\n|-boost|p1a: Blissey|spd|1\n|\n|upkeep\n|turn|5\n|\n|t:|1699392133\n|move|p2a: Iron Valiant|Thunder Wave|p1a: Blissey\n|-status|p1a: Blissey|par\n|move|p1a: Blissey|Calm Mind|p1a: Blissey\n|-boost|p1a: Blissey|spa|1\n|-boost|p1a: Blissey|spd|1\n|\n|upkeep\n|turn|6\n|\n|t:|1699392150\n|-end|p2a: Iron Valiant|Quark Drive|[silent]\n|switch|p2a: Iron Valiant|Iron Valiant|100\/100\n|cant|p1a: Blissey|par\n|\n|upkeep\n|turn|7\n|\n|t:|1699392156\n|move|p2a: Iron Valiant|Agility|p2a: Iron Valiant\n|-boost|p2a: Iron Valiant|spe|2\n|move|p1a: Blissey|Calm Mind|p1a: Blissey\n|-boost|p1a: Blissey|spa|1\n|-boost|p1a: Blissey|spd|1\n|\n|upkeep\n|turn|8\n|\n|t:|1699392161\n|move|p2a: Iron Valiant|Agility|p2a: Iron Valiant\n|-boost|p2a: Iron Valiant|spe|2\n|move|p1a: Blissey|Calm Mind|p1a: Blissey\n|-boost|p1a: Blissey|spa|1\n|-boost|p1a: Blissey|spd|1\n|\n|upkeep\n|turn|9\n|\n|t:|1699392165\n|move|p2a: Iron Valiant|Agility|p2a: Iron Valiant\n|-boost|p2a: Iron Valiant|spe|2\n|cant|p1a: Blissey|par\n|\n|upkeep\n|turn|10\n|\n|t:|1699392171\n|move|p2a: Iron Valiant|Calm Mind|p2a: Iron Valiant\n|-boost|p2a: Iron Valiant|spa|1\n|-boost|p2a: Iron Valiant|spd|1\n|move|p1a: Blissey|Calm Mind|p1a: Blissey\n|-boost|p1a: Blissey|spa|0\n|-boost|p1a: Blissey|spd|0\n|\n|upkeep\n|turn|11\n|\n|t:|1699392175\n|move|p2a: Iron Valiant|Calm Mind|p2a: Iron Valiant\n|-boost|p2a: Iron Valiant|spa|1\n|-boost|p2a: Iron Valiant|spd|1\n|move|p1a: Blissey|Calm Mind|p1a: Blissey\n|-boost|p1a: Blissey|spa|0\n|-boost|p1a: Blissey|spd|0\n|\n|upkeep\n|turn|12\n|\n|t:|1699392178\n|move|p2a: Iron Valiant|Calm Mind|p2a: Iron Valiant\n|-boost|p2a: Iron Valiant|spa|1\n|-boost|p2a: Iron Valiant|spd|1\n|move|p1a: Blissey|Calm Mind|p1a: Blissey\n|-boost|p1a: Blissey|spa|0\n|-boost|p1a: Blissey|spd|0\n|\n|upkeep\n|turn|13\n|\n|t:|1699392181\n|move|p2a: Iron Valiant|Calm Mind|p2a: Iron Valiant\n|-boost|p2a: Iron Valiant|spa|1\n|-boost|p2a: Iron Valiant|spd|1\n|move|p1a: Blissey|Calm Mind|p1a: Blissey\n|-boost|p1a: Blissey|spa|0\n|-boost|p1a: Blissey|spd|0\n|\n|upkeep\n|turn|14\n|\n|t:|1699392185\n|move|p2a: Iron Valiant|Calm Mind|p2a: Iron Valiant\n|-boost|p2a: Iron Valiant|spa|1\n|-boost|p2a: Iron Valiant|spd|1\n|move|p1a: Blissey|Calm Mind|p1a: Blissey\n|-boost|p1a: Blissey|spa|0\n|-boost|p1a: Blissey|spd|0\n|\n|upkeep\n|turn|15\n|\n|t:|1699392193\n|move|p2a: Iron Valiant|Calm Mind|p2a: Iron Valiant\n|-boost|p2a: Iron Valiant|spa|1\n|-boost|p2a: Iron Valiant|spd|1\n|move|p1a: Blissey|Calm Mind|p1a: Blissey\n|-boost|p1a: Blissey|spa|0\n|-boost|p1a: Blissey|spd|0\n|\n|upkeep\n|turn|16\n|\n|t:|1699392203\n|move|p2a: Iron Valiant|Stored Power|p1a: Blissey\n|-damage|p1a: Blissey|0 fnt\n|faint|p1a: Blissey\n|\n|win|mustardonthatbeat\n","uploadtime":1699392210,"views":8,"p1id":"pyrox57","p2id":"mustardonthatbeat","formatid":"gen9anythinggoes","rating":0,"private":0,"password":""}