{"id":"gen9anythinggoes-1993490128","p1":"sugar mommy\/daddy","p2":"MoneyStar","format":"[Gen 9] Anything Goes","log":"|j|\u2606sugar mommy\/daddy\n|j|\u2606MoneyStar\n|t:|1700324108\n|gametype|singles\n|player|p1|sugar mommy\/daddy|roxie|1157\n|player|p2|MoneyStar|clair|1064\n|teamsize|p1|6\n|teamsize|p2|2\n|gen|9\n|tier|[Gen 9] Anything Goes\n|rated|\n|rule|HP Percentage Mod: HP is shown in percentages\n|rule|Endless Battle Clause: Forcing endless battles is banned\n|clearpoke\n|poke|p1|Calyrex-Shadow|\n|poke|p1|Pawmot, M|\n|poke|p1|Arceus-Fairy|\n|poke|p1|Kingambit, M|\n|poke|p1|Palafin, F|\n|poke|p1|Basculegion, M|\n|poke|p2|Charizard, M|\n|poke|p2|Cyclizar, M|\n|teampreview\n|\n|t:|1700324111\n|start\n|switch|p1a: Palafin|Palafin, F, shiny|100\/100\n|switch|p2a: Cyclizar|Cyclizar, M|100\/100\n|turn|1\n|c|\u2606sugar mommy\/daddy|oh.\n|\n|t:|1700324120\n|move|p2a: Cyclizar|Shed Tail|p2a: Cyclizar\n|-start|p2a: Cyclizar|Substitute|[from] move: Shed Tail\n|-damage|p2a: Cyclizar|50\/100\n|\n|t:|1700324123\n|switch|p2a: Charizard|Charizard, M|100\/100|[from] Shed Tail\n|move|p1a: Palafin|Flip Turn|p2a: Charizard\n|-supereffective|p2a: Charizard\n|-end|p2a: Charizard|Substitute\n|\n|t:|1700324134\n|detailschange|p1a: Palafin|Palafin-Hero, F, shiny\n|switch|p1a: Calyrex|Calyrex-Shadow|100\/100|[from] Flip Turn\n|-ability|p1a: Calyrex|As One\n|-ability|p1a: Calyrex|Unnerve\n|\n|upkeep\n|turn|2\n|\n|t:|1700324141\n|move|p1a: Calyrex|Taunt|p2a: Charizard\n|-start|p2a: Charizard|move: Taunt\n|cant|p2a: Charizard|move: Taunt|Belly Drum\n|\n|upkeep\n|turn|3\n|\n|t:|1700324147\n|move|p1a: Calyrex|Nasty Plot|p1a: Calyrex\n|-boost|p1a: Calyrex|spa|2\n|move|p2a: Charizard|Earthquake|p1a: Calyrex\n|-damage|p1a: Calyrex|78\/100\n|\n|upkeep\n|turn|4\n|\n|t:|1700324155\n|move|p1a: Calyrex|Astral Barrage|p2a: Charizard\n|-damage|p2a: Charizard|0 fnt\n|faint|p2a: Charizard\n|-ability|p1a: Calyrex|Grim Neigh|boost\n|-boost|p1a: Calyrex|spa|1\n|\n|upkeep\n|\n|t:|1700324162\n|switch|p2a: Cyclizar|Cyclizar, M|50\/100\n|turn|5\n|c|\u2606sugar mommy\/daddy|MUAHAHAHAH\n|\n|t:|1700324173\n|move|p1a: Calyrex|Draining Kiss|p2a: Cyclizar\n|-supereffective|p2a: Cyclizar\n|-damage|p2a: Cyclizar|0 fnt\n|-heal|p1a: Calyrex|100\/100|[from] drain|[of] p2a: Cyclizar\n|faint|p2a: Cyclizar\n|\n|win|sugar mommy\/daddy\n|raw|sugar mommy&#x2f;daddy's rating: 1157 &rarr; <strong>1175<\/strong><br \/>(+18 for winning)\n|raw|MoneyStar's rating: 1064 &rarr; <strong>1050<\/strong><br \/>(-14 for losing)\n|l|\u2606MoneyStar\n","uploadtime":1700324191,"views":2,"p1id":"sugarmommydaddy","p2id":"moneystar","formatid":"gen9anythinggoes","rating":1050,"private":0,"password":""}