{"id":"gen9anythinggoes-1973506532","p1":"Hzozv","p2":"Kmd1","format":"[Gen 9] Anything Goes","log":"|j|\u2606Hzozv\n|j|\u2606Kmd1\n|t:|1697984967\n|gametype|singles\n|player|p1|Hzozv|lusamine-nihilego|1420\n|player|p2|Kmd1|rancher|1422\n|teamsize|p1|6\n|teamsize|p2|6\n|gen|9\n|tier|[Gen 9] Anything Goes\n|rated|\n|rule|HP Percentage Mod: HP is shown in percentages\n|rule|Endless Battle Clause: Forcing endless battles is banned\n|clearpoke\n|poke|p1|Glimmora, M|\n|poke|p1|Miraidon|\n|poke|p1|Koraidon|\n|poke|p1|Iron Bundle|\n|poke|p1|Great Tusk|\n|poke|p1|Ditto|\n|poke|p2|Klefki, M|\n|poke|p2|Copperajah, F|\n|poke|p2|Glalie, F|\n|poke|p2|Torkoal, M|\n|poke|p2|Masquerain, M|\n|poke|p2|Gengar, F|\n|teampreview\n|inactive|Battle timer is ON: inactive players will automatically lose when time's up. (requested by Hzozv)\n|\n|t:|1697984976\n|start\n|switch|p1a: Glimmora|Glimmora, M|100\/100\n|switch|p2a: Masquerain|Masquerain, M|100\/100\n|-ability|p2a: Masquerain|Intimidate|boost\n|-unboost|p1a: Glimmora|atk|1\n|turn|1\n|\n|t:|1697984984\n|move|p1a: Glimmora|Stealth Rock|p2a: Masquerain\n|-sidestart|p2: Kmd1|move: Stealth Rock\n|move|p2a: Masquerain|Stun Spore|p1a: Glimmora\n|-status|p1a: Glimmora|par\n|\n|upkeep\n|turn|2\n|\n|t:|1697984992\n|move|p2a: Masquerain|Sticky Web|p1a: Glimmora\n|-sidestart|p1: Hzozv|move: Sticky Web\n|move|p1a: Glimmora|Mortal Spin|p2a: Masquerain\n|-damage|p2a: Masquerain|93\/100\n|-status|p2a: Masquerain|psn\n|-sideend|p1: Hzozv|Sticky Web|[from] move: Mortal Spin|[of] p1a: Glimmora\n|\n|-damage|p2a: Masquerain|80\/100 psn|[from] psn\n|upkeep\n|turn|3\n|\n|t:|1697985002\n|move|p2a: Masquerain|Sticky Web|p1a: Glimmora\n|-sidestart|p1: Hzozv|move: Sticky Web\n|move|p1a: Glimmora|Mortal Spin|p2a: Masquerain\n|-damage|p2a: Masquerain|71\/100 psn\n|-sideend|p1: Hzozv|Sticky Web|[from] move: Mortal Spin|[of] p1a: Glimmora\n|\n|-damage|p2a: Masquerain|59\/100 psn|[from] psn\n|upkeep\n|turn|4\n|\n|t:|1697985010\n|move|p2a: Masquerain|Sticky Web|p1a: Glimmora\n|-sidestart|p1: Hzozv|move: Sticky Web\n|cant|p1a: Glimmora|par\n|\n|-damage|p2a: Masquerain|47\/100 psn|[from] psn\n|upkeep\n|turn|5\n|\n|t:|1697985018\n|switch|p2a: Copperajah|Copperajah, F|100\/100\n|-damage|p2a: Copperajah|94\/100|[from] Stealth Rock\n|move|p1a: Glimmora|Earth Power|p2a: Copperajah\n|-supereffective|p2a: Copperajah\n|-damage|p2a: Copperajah|28\/100\n|\n|upkeep\n|turn|6\n|\n|t:|1697985025\n|cant|p1a: Glimmora|par\n|move|p2a: Copperajah|Iron Head|p1a: Glimmora\n|-supereffective|p1a: Glimmora\n|-damage|p1a: Glimmora|0 fnt\n|-activate|p1a: Glimmora|ability: Toxic Debris\n|-sidestart|p2: Kmd1|move: Toxic Spikes\n|faint|p1a: Glimmora\n|\n|upkeep\n|\n|t:|1697985054\n|switch|p1a: Koraidon|Koraidon|100\/100\n|-activate|p1a: Koraidon|move: Sticky Web\n|-unboost|p1a: Koraidon|spe|1\n|-weather|SunnyDay|[from] ability: Orichalcum Pulse|[of] p1a: Koraidon\n|-activate|p1a: Koraidon|Orichalcum Pulse|[source]\n|turn|7\n|inactive|Hzozv has 120 seconds left.\n|\n|t:|1697985084\n|move|p1a: Koraidon|Flare Blitz|p2a: Copperajah\n|-supereffective|p2a: Copperajah\n|-damage|p2a: Copperajah|0 fnt\n|faint|p2a: Copperajah\n|-damage|p1a: Koraidon|89\/100|[from] Recoil\n|\n|-weather|SunnyDay|[upkeep]\n|upkeep\n|\n|t:|1697985087\n|switch|p2a: Torkoal|Torkoal, M|100\/100\n|turn|8\n|\n|t:|1697985095\n|-terastallize|p1a: Koraidon|Fire\n|move|p1a: Koraidon|Flare Blitz|p2a: Torkoal\n|-resisted|p2a: Torkoal\n|-damage|p2a: Torkoal|57\/100\n|-damage|p1a: Koraidon|74\/100|[from] Recoil\n|move|p2a: Torkoal|Rapid Spin|p1a: Koraidon\n|-damage|p1a: Koraidon|66\/100\n|-boost|p2a: Torkoal|spe|1\n|-sideend|p2: Kmd1|Toxic Spikes|[from] move: Rapid Spin|[of] p2a: Torkoal\n|-sideend|p2: Kmd1|Stealth Rock|[from] move: Rapid Spin|[of] p2a: Torkoal\n|\n|-weather|SunnyDay|[upkeep]\n|upkeep\n|turn|9\n|inactive|Hzozv has 120 seconds left.\n|\n|t:|1697985106\n|move|p1a: Koraidon|Flare Blitz|p2a: Torkoal\n|-resisted|p2a: Torkoal\n|-damage|p2a: Torkoal|17\/100\n|-damage|p1a: Koraidon|52\/100|[from] Recoil\n|move|p2a: Torkoal|Stealth Rock|p1a: Koraidon\n|-sidestart|p1: Hzozv|move: Stealth Rock\n|\n|-weather|SunnyDay|[upkeep]\n|upkeep\n|turn|10\n|inactive|Hzozv has 120 seconds left.\n|\n|t:|1697985113\n|switch|p1a: Great Tusk|Great Tusk|100\/100\n|-activate|p1a: Great Tusk|ability: Protosynthesis\n|-start|p1a: Great Tusk|protosynthesisatk\n|move|p2a: Torkoal|Body Press|p1a: Great Tusk\n|-damage|p1a: Great Tusk|75\/100\n|\n|-weather|SunnyDay|[upkeep]\n|upkeep\n|turn|11\n|\n|t:|1697985122\n|switch|p2a: Gengar|Gengar, F|100\/100\n|move|p1a: Great Tusk|Headlong Rush|p2a: Gengar\n|-supereffective|p2a: Gengar\n|-enditem|p2a: Gengar|Focus Sash\n|-damage|p2a: Gengar|1\/100\n|-unboost|p1a: Great Tusk|def|1\n|-unboost|p1a: Great Tusk|spd|1\n|-start|p1a: Great Tusk|Disable|Headlong Rush|[from] ability: Cursed Body|[of] p2a: Gengar\n|\n|-weather|none\n|-end|p1a: Great Tusk|Protosynthesis\n|upkeep\n|turn|12\n|inactive|Hzozv has 120 seconds left.\n|\n|t:|1697985148\n|-end|p1a: Great Tusk|Protosynthesis|[silent]\n|switch|p1a: Iron Bundle|Iron Bundle|100\/100\n|-activate|p1a: Iron Bundle|move: Sticky Web\n|-unboost|p1a: Iron Bundle|spe|1\n|-damage|p1a: Iron Bundle|76\/100|[from] Stealth Rock\n|move|p2a: Gengar|Shadow Ball|p1a: Iron Bundle\n|-damage|p1a: Iron Bundle|0 fnt\n|faint|p1a: Iron Bundle\n|-end|p1a: Iron Bundle|Quark Drive|[silent]\n|\n|upkeep\n|\n|t:|1697985158\n|switch|p1a: Ditto|Ditto|100\/100\n|-activate|p1a: Ditto|move: Sticky Web\n|-unboost|p1a: Ditto|spe|1\n|-damage|p1a: Ditto|88\/100|[from] Stealth Rock\n|-transform|p1a: Ditto|p2a: Gengar|[from] ability: Imposter\n|turn|13\n|\n|t:|1697985168\n|switch|p2a: Klefki|Klefki, M|100\/100\n|move|p1a: Ditto|Shadow Ball|p2a: Klefki\n|-damage|p2a: Klefki|50\/100\n|\n|-heal|p2a: Klefki|56\/100|[from] item: Leftovers\n|upkeep\n|turn|14\n|inactive|Hzozv has 120 seconds left.\n|\n|t:|1697985176\n|switch|p1a: Great Tusk|Great Tusk|75\/100\n|move|p2a: Klefki|Spikes|p1a: Great Tusk\n|-sidestart|p1: Hzozv|Spikes\n|\n|-heal|p2a: Klefki|62\/100|[from] item: Leftovers\n|upkeep\n|turn|15\n|inactive|Hzozv has 120 seconds left.\n|\n|t:|1697985188\n|move|p2a: Klefki|Magnet Rise|p2a: Klefki\n|-start|p2a: Klefki|Magnet Rise\n|move|p1a: Great Tusk|Headlong Rush|p2a: Klefki\n|-immune|p2a: Klefki\n|\n|-heal|p2a: Klefki|68\/100|[from] item: Leftovers\n|upkeep\n|turn|16\n|\n|t:|1697985196\n|switch|p2a: Gengar|Gengar, F|1\/100\n|move|p1a: Great Tusk|Ice Spinner|p2a: Gengar\n|-damage|p2a: Gengar|0 fnt\n|faint|p2a: Gengar\n|\n|upkeep\n|\n|t:|1697985204\n|switch|p2a: Masquerain|Masquerain, M|47\/100 psn\n|-ability|p2a: Masquerain|Intimidate|boost\n|-unboost|p1a: Great Tusk|atk|1\n|turn|17\n|\n|t:|1697985209\n|move|p1a: Great Tusk|Rapid Spin|p2a: Masquerain\n|-damage|p2a: Masquerain|27\/100 psn\n|-boost|p1a: Great Tusk|spe|1\n|-sideend|p1: Hzozv|Spikes|[from] move: Rapid Spin|[of] p1a: Great Tusk\n|-sideend|p1: Hzozv|Stealth Rock|[from] move: Rapid Spin|[of] p1a: Great Tusk\n|-sideend|p1: Hzozv|Sticky Web|[from] move: Rapid Spin|[of] p1a: Great Tusk\n|move|p2a: Masquerain|Stun Spore|p1a: Great Tusk\n|-status|p1a: Great Tusk|par\n|\n|-damage|p2a: Masquerain|15\/100 psn|[from] psn\n|upkeep\n|turn|18\n|\n|t:|1697985218\n|move|p2a: Masquerain|U-turn|p1a: Great Tusk\n|-resisted|p1a: Great Tusk\n|-damage|p1a: Great Tusk|67\/100 par\n|-message|Kmd1 forfeited.\n|\n|win|Hzozv\n|raw|Hzozv's rating: 1420 &rarr; <strong>1440<\/strong><br \/>(+20 for winning)\n|raw|Kmd1's rating: 1422 &rarr; <strong>1402<\/strong><br \/>(-20 for losing)\n|l|\u2606Kmd1\n","uploadtime":1697985224,"views":15,"p1id":"hzozv","p2id":"kmd1","formatid":"gen9anythinggoes","rating":1402,"private":0,"password":""}