{"id":"gen9anythinggoes-1984066541","p1":"brianbass","p2":"RedofIndigoPlateau","format":"[Gen 9] Anything Goes","log":"|j|\u2606brianbass\n|j|\u2606RedofIndigoPlateau\n|t:|1699215212\n|gametype|singles\n|player|p1|brianbass|richboy|1283\n|player|p2|RedofIndigoPlateau|red|1338\n|teamsize|p1|6\n|teamsize|p2|6\n|gen|9\n|tier|[Gen 9] Anything Goes\n|rated|\n|rule|HP Percentage Mod: HP is shown in percentages\n|rule|Endless Battle Clause: Forcing endless battles is banned\n|clearpoke\n|poke|p1|Pelipper, M|\n|poke|p1|Kilowattrel, M|\n|poke|p1|Basculegion-F, F|\n|poke|p1|Iron Jugulis|\n|poke|p1|Brute Bonnet|\n|poke|p1|Miraidon|\n|poke|p2|Zacian-*|\n|poke|p2|Calyrex-Shadow|\n|poke|p2|Palkia|\n|poke|p2|Hoopa-Unbound|\n|poke|p2|Miraidon|\n|poke|p2|Baxcalibur, F|\n|teampreview\n|inactive|Battle timer is ON: inactive players will automatically lose when time's up. (requested by RedofIndigoPlateau)\n|inactive|brianbass also wants the timer to be on.\n|\n|t:|1699215234\n|start\n|switch|p1a: Pelipper|Pelipper, M|100\/100\n|switch|p2a: Baxcalibur|Baxcalibur, F|100\/100\n|-weather|RainDance|[from] ability: Drizzle|[of] p1a: Pelipper\n|turn|1\n|\n|t:|1699215242\n|move|p2a: Baxcalibur|Icicle Spear|p1a: Pelipper\n|-damage|p1a: Pelipper|88\/100\n|-damage|p1a: Pelipper|75\/100\n|-damage|p1a: Pelipper|63\/100\n|-damage|p1a: Pelipper|50\/100\n|-hitcount|p1a: Pelipper|4\n|move|p1a: Pelipper|U-turn|p2a: Baxcalibur\n|-damage|p2a: Baxcalibur|92\/100\n|c|\u2606brianbass|full legendary team\n|c|\u2606brianbass|go brr\n|c|\u2606RedofIndigoPlateau|Ok\n|inactive|brianbass no longer wants the timer on, but the timer is staying on because redofindigoplateau still does.\n|\n|t:|1699215269\n|switch|p1a: Miraidon|Miraidon|100\/100|[from] U-turn\n|-fieldstart|move: Electric Terrain|[from] ability: Hadron Engine|[of] p1a: Miraidon\n|\n|-weather|RainDance|[upkeep]\n|upkeep\n|turn|2\n|\n|t:|1699215274\n|move|p1a: Miraidon|Dragon Pulse|p2a: Baxcalibur\n|-supereffective|p2a: Baxcalibur\n|-crit|p2a: Baxcalibur\n|-damage|p2a: Baxcalibur|0 fnt\n|faint|p2a: Baxcalibur\n|-damage|p1a: Miraidon|91\/100|[from] item: Life Orb\n|\n|-weather|RainDance|[upkeep]\n|upkeep\n|c|\u2606brianbass|nope\n|c|\u2606brianbass|i cant\n|c|\u2606brianbass|let u\n|c|\u2606brianbass|win\n|\n|t:|1699215282\n|switch|p2a: Calyrex|Calyrex-Shadow|100\/100\n|-ability|p2a: Calyrex|As One\n|-ability|p2a: Calyrex|Unnerve\n|turn|3\n|\n|t:|1699215286\n|switch|p1a: Iron Jugulis|Iron Jugulis|100\/100\n|-activate|p1a: Iron Jugulis|ability: Quark Drive\n|-start|p1a: Iron Jugulis|quarkdrivespe\n|move|p2a: Calyrex|Astral Barrage|p1a: Iron Jugulis\n|-resisted|p1a: Iron Jugulis\n|-damage|p1a: Iron Jugulis|53\/100\n|\n|-weather|RainDance|[upkeep]\n|upkeep\n|turn|4\n|c|\u2606brianbass|nope\n|c|\u2606brianbass|what\n|c|\u2606brianbass|ur faster\n|c|\u2606brianbass|?\n|c|\u2606RedofIndigoPlateau|Ok\n|c|\u2606brianbass|what\n|\n|t:|1699215300\n|move|p1a: Iron Jugulis|Dark Pulse|p2a: Calyrex\n|-supereffective|p2a: Calyrex\n|-damage|p2a: Calyrex|0 fnt\n|faint|p2a: Calyrex\n|\n|-weather|RainDance|[upkeep]\n|upkeep\n|c|\u2606brianbass|HOW\n|c|\u2606brianbass|jk\n|c|\u2606brianbass|lol\n|c|\u2606brianbass|had to bait u\n|\n|t:|1699215307\n|switch|p2a: Miraidon|Miraidon|100\/100\n|-activate|p2a: Miraidon|ability: Hadron Engine\n|turn|5\n|c|\u2606brianbass|now\n|c|\u2606brianbass|i gotta\n|c|\u2606brianbass|:))))))\n|c|\u2606brianbass|lollllllll\n|c|\u2606brianbass|0 ghost\n|c|\u2606brianbass|now i gotta die\n|c|\u2606brianbass|worth it tho\n|c|\u2606RedofIndigoPlateau|Stop spamming chat\n|\n|t:|1699215327\n|-terastallize|p2a: Miraidon|Electric\n|move|p1a: Iron Jugulis|Hurricane|p2a: Miraidon\n|-resisted|p2a: Miraidon\n|-damage|p2a: Miraidon|74\/100\n|move|p2a: Miraidon|Electro Drift|p1a: Iron Jugulis\n|-supereffective|p1a: Iron Jugulis\n|-damage|p1a: Iron Jugulis|0 fnt\n|faint|p1a: Iron Jugulis\n|-end|p1a: Iron Jugulis|Quark Drive|[silent]\n|\n|-weather|RainDance|[upkeep]\n|-fieldend|move: Electric Terrain\n|upkeep\n|inactive|brianbass has 120 seconds left.\n|\n|t:|1699215348\n|switch|p1a: Miraidon|Miraidon|91\/100\n|-fieldstart|move: Electric Terrain|[from] ability: Hadron Engine|[of] p1a: Miraidon\n|turn|6\n|inactive|brianbass has 120 seconds left.\n|\n|t:|1699215363\n|-terastallize|p1a: Miraidon|Fairy\n|move|p1a: Miraidon|Dragon Pulse|p2a: Miraidon\n|-crit|p2a: Miraidon\n|-damage|p2a: Miraidon|0 fnt\n|faint|p2a: Miraidon\n|-damage|p1a: Miraidon|81\/100|[from] item: Life Orb\n|\n|-weather|RainDance|[upkeep]\n|upkeep\n|c|\u2606brianbass|die\n|\n|t:|1699215368\n|switch|p2a: Palkia|Palkia|100\/100\n|-ability|p2a: Palkia|Pressure\n|turn|7\n|c|\u2606brianbass|mb\n|c|\u2606brianbass|was checking\n|\n|t:|1699215374\n|move|p1a: Miraidon|Dragon Pulse|p2a: Palkia\n|-supereffective|p2a: Palkia\n|-damage|p2a: Palkia|0 fnt\n|faint|p2a: Palkia\n|-damage|p1a: Miraidon|71\/100|[from] item: Life Orb\n|\n|-weather|RainDance|[upkeep]\n|upkeep\n|c|\u2606brianbass|sweep?\n|\n|t:|1699215378\n|switch|p2a: Zacian|Zacian-Crowned, shiny|100\/100\n|-ability|p2a: Zacian|Intrepid Sword|boost\n|-boost|p2a: Zacian|atk|1\n|turn|8\n|\n|t:|1699215383\n|move|p1a: Miraidon|Electro Drift|p2a: Zacian\n|-damage|p2a: Zacian|0 fnt\n|faint|p2a: Zacian\n|-damage|p1a: Miraidon|61\/100|[from] item: Life Orb\n|\n|-weather|none\n|upkeep\n|\n|t:|1699215388\n|switch|p2a: Hoopa|Hoopa-Unbound|100\/100\n|turn|9\n|\n|t:|1699215395\n|move|p1a: Miraidon|Dragon Pulse|p2a: Hoopa\n|-damage|p2a: Hoopa|29\/100\n|-damage|p1a: Miraidon|51\/100|[from] item: Life Orb\n|move|p2a: Hoopa|Hyperspace Fury|p1a: Miraidon\n|-resisted|p1a: Miraidon\n|-damage|p1a: Miraidon|2\/100\n|-unboost|p2a: Hoopa|def|1\n|\n|upkeep\n|turn|10\n|c|\u2606brianbass|i win?\n|\n|t:|1699215406\n|move|p1a: Miraidon|Dragon Pulse|p2a: Hoopa\n|-damage|p2a: Hoopa|0 fnt\n|faint|p2a: Hoopa\n|-damage|p1a: Miraidon|0 fnt|[from] item: Life Orb\n|faint|p1a: Miraidon\n|\n|win|brianbass\n|raw|brianbass's rating: 1283 &rarr; <strong>1312<\/strong><br \/>(+29 for winning)\n|raw|RedofIndigoPlateau's rating: 1338 &rarr; <strong>1315<\/strong><br \/>(-23 for losing)\n|c|\u2606RedofIndigoPlateau|Gg\n|c|\u2606brianbass|gg!\n|l|\u2606RedofIndigoPlateau\n","uploadtime":1699215414,"views":4,"p1id":"brianbass","p2id":"redofindigoplateau","formatid":"gen9anythinggoes","rating":1312,"private":0,"password":""}