{"id":"gen9anythinggoes-1981440315","p1":"whererender","p2":"GN Meister","format":"[Gen 9] Anything Goes","log":"|j|\u2606whererender\n|j|\u2606GN Meister\n|t:|1698896289\n|gametype|singles\n|player|p1|whererender|1|1216\n|player|p2|GN Meister|workerice|1287\n|teamsize|p1|6\n|teamsize|p2|6\n|gen|9\n|tier|[Gen 9] Anything Goes\n|rated|\n|rule|HP Percentage Mod: HP is shown in percentages\n|rule|Endless Battle Clause: Forcing endless battles is banned\n|clearpoke\n|poke|p1|Gliscor, M|\n|poke|p1|Ambipom, M|\n|poke|p1|Yanmega, F|\n|poke|p1|Goodra-Hisui, F|\n|poke|p1|Great Tusk|\n|poke|p1|Dondozo, F|\n|poke|p2|Breloom, F|\n|poke|p2|Scizor, M|\n|poke|p2|Baxcalibur, M|\n|poke|p2|Tatsugiri, F|\n|poke|p2|Glimmora, F|\n|poke|p2|Ceruledge, M|\n|teampreview\n|\n|t:|1698896305\n|start\n|switch|p1a: Great Tusk|Great Tusk|100\/100\n|switch|p2a: Lupus Rex|Baxcalibur, M|100\/100\n|turn|1\n|inactive|Battle timer is ON: inactive players will automatically lose when time's up. (requested by whererender)\n|\n|t:|1698896323\n|-end|p1a: Great Tusk|Protosynthesis|[silent]\n|switch|p1a: Dondozo|Dondozo, F|100\/100\n|switch|p2a: Nataku|Breloom, F|100\/100\n|\n|upkeep\n|turn|2\n|\n|t:|1698896333\n|move|p2a: Nataku|Bullet Seed|p1a: Dondozo\n|-supereffective|p1a: Dondozo\n|-damage|p1a: Dondozo|80\/100\n|-supereffective|p1a: Dondozo\n|-damage|p1a: Dondozo|62\/100\n|-hitcount|p1a: Dondozo|2\n|move|p1a: Dondozo|Curse|p1a: Dondozo\n|-unboost|p1a: Dondozo|spe|1\n|-boost|p1a: Dondozo|atk|1\n|-boost|p1a: Dondozo|def|1\n|\n|-heal|p1a: Dondozo|68\/100|[from] item: Leftovers\n|upkeep\n|turn|3\n|\n|t:|1698896346\n|move|p2a: Nataku|Bullet Seed|p1a: Dondozo\n|-supereffective|p1a: Dondozo\n|-damage|p1a: Dondozo|55\/100\n|-supereffective|p1a: Dondozo\n|-damage|p1a: Dondozo|42\/100\n|-supereffective|p1a: Dondozo\n|-damage|p1a: Dondozo|28\/100\n|-supereffective|p1a: Dondozo\n|-damage|p1a: Dondozo|14\/100\n|-hitcount|p1a: Dondozo|4\n|move|p1a: Dondozo|Rest|p1a: Dondozo\n|-status|p1a: Dondozo|slp|[from] move: Rest\n|-heal|p1a: Dondozo|100\/100 slp|[silent]\n|\n|upkeep\n|turn|4\n|\n|t:|1698896358\n|move|p2a: Nataku|Bullet Seed|p1a: Dondozo\n|-supereffective|p1a: Dondozo\n|-damage|p1a: Dondozo|87\/100 slp\n|-supereffective|p1a: Dondozo\n|-damage|p1a: Dondozo|74\/100 slp\n|-hitcount|p1a: Dondozo|2\n|cant|p1a: Dondozo|slp\n|move|p1a: Dondozo|Sleep Talk|p1a: Dondozo\n|move|p1a: Dondozo|Wave Crash|p2a: Nataku|[from]move: Sleep Talk\n|-resisted|p2a: Nataku\n|-crit|p2a: Nataku\n|-damage|p2a: Nataku|23\/100\n|-damage|p1a: Dondozo|61\/100 slp|[from] Recoil\n|\n|-heal|p1a: Dondozo|67\/100 slp|[from] item: Leftovers\n|upkeep\n|turn|5\n|\n|t:|1698896373\n|move|p2a: Nataku|Bullet Seed|p1a: Dondozo\n|-supereffective|p1a: Dondozo\n|-damage|p1a: Dondozo|54\/100 slp\n|-supereffective|p1a: Dondozo\n|-damage|p1a: Dondozo|40\/100 slp\n|-supereffective|p1a: Dondozo\n|-damage|p1a: Dondozo|27\/100 slp\n|-hitcount|p1a: Dondozo|3\n|cant|p1a: Dondozo|slp\n|move|p1a: Dondozo|Sleep Talk|p1a: Dondozo\n|move|p1a: Dondozo|Rest||[from]move: Sleep Talk|[still]\n|-fail|p1a: Dondozo\n|\n|-heal|p1a: Dondozo|33\/100 slp|[from] item: Leftovers\n|upkeep\n|turn|6\n|\n|t:|1698896387\n|move|p2a: Nataku|Bullet Seed|p1a: Dondozo\n|-supereffective|p1a: Dondozo\n|-damage|p1a: Dondozo|20\/100 slp\n|-supereffective|p1a: Dondozo\n|-damage|p1a: Dondozo|6\/100 slp\n|-supereffective|p1a: Dondozo\n|-damage|p1a: Dondozo|0 fnt\n|faint|p1a: Dondozo\n|-hitcount|p1: Dondozo|3\n|\n|upkeep\n|\n|t:|1698896395\n|switch|p1a: Ambipom|Ambipom, M|100\/100\n|turn|7\n|\n|t:|1698896403\n|switch|p2a: Exia|Ceruledge, M|100\/100\n|move|p1a: Ambipom|Fake Out|p2a: Exia\n|-immune|p2a: Exia\n|\n|upkeep\n|turn|8\n|\n|t:|1698896410\n|switch|p1a: Great Tusk|Great Tusk|100\/100\n|move|p2a: Exia|Substitute|p2a: Exia\n|-start|p2a: Exia|Substitute\n|-damage|p2a: Exia|75\/100\n|\n|upkeep\n|turn|9\n|\n|t:|1698896429\n|move|p1a: Great Tusk|Headlong Rush|p2a: Exia\n|-supereffective|p2a: Exia\n|-end|p2a: Exia|Substitute\n|-unboost|p1a: Great Tusk|def|1\n|-unboost|p1a: Great Tusk|spd|1\n|move|p2a: Exia|Bitter Blade|p1a: Great Tusk\n|-damage|p1a: Great Tusk|49\/100\n|-heal|p2a: Exia|100\/100|[from] drain|[of] p1a: Great Tusk\n|\n|-heal|p1a: Great Tusk|55\/100|[from] item: Leftovers\n|upkeep\n|turn|10\n|inactive|GN Meister has 120 seconds left.\n|\n|t:|1698896456\n|switch|p2a: Haro|Glimmora, F|100\/100\n|-item|p2a: Haro|Air Balloon\n|move|p1a: Great Tusk|Headlong Rush|p2a: Haro\n|-immune|p2a: Haro\n|\n|-heal|p1a: Great Tusk|61\/100|[from] item: Leftovers\n|upkeep\n|turn|11\n|inactive|GN Meister has 120 seconds left.\n|\n|t:|1698896471\n|-end|p1a: Great Tusk|Protosynthesis|[silent]\n|switch|p1a: Gliscor|Gliscor, M|100\/100\n|move|p2a: Haro|Mortal Spin|p1a: Gliscor\n|-resisted|p1a: Gliscor\n|-damage|p1a: Gliscor|98\/100\n|-status|p1a: Gliscor|psn\n|\n|-heal|p1a: Gliscor|100\/100 psn|[from] ability: Poison Heal\n|upkeep\n|turn|12\n|inactive|GN Meister has 120 seconds left.\n|\n|t:|1698896484\n|switch|p2a: Lupus Rex|Baxcalibur, M|100\/100\n|move|p1a: Gliscor|Substitute|p1a: Gliscor\n|-start|p1a: Gliscor|Substitute\n|-damage|p1a: Gliscor|76\/100 psn\n|\n|-heal|p1a: Gliscor|88\/100 psn|[from] ability: Poison Heal\n|upkeep\n|turn|13\n|inactive|GN Meister has 120 seconds left.\n|\n|t:|1698896500\n|-terastallize|p1a: Gliscor|Steel\n|move|p2a: Lupus Rex|Ice Shard|p1a: Gliscor\n|-resisted|p1a: Gliscor\n|-activate|p1a: Gliscor|move: Substitute|[damage]\n|move|p1a: Gliscor|Fling|p2a: Lupus Rex\n|-damage|p2a: Lupus Rex|92\/100\n|-status|p2a: Lupus Rex|tox\n|-enditem|p1a: Gliscor|Toxic Orb|[from] move: Fling\n|\n|-heal|p1a: Gliscor|100\/100 psn|[from] ability: Poison Heal\n|-damage|p2a: Lupus Rex|85\/100 tox|[from] psn\n|upkeep\n|turn|14\n|inactive|GN Meister has 120 seconds left.\n|inactive|GN Meister has 90 seconds left.\n|\n|t:|1698896547\n|switch|p2a: Nataku|Breloom, F|23\/100\n|move|p1a: Gliscor|Acrobatics|p2a: Nataku\n|-supereffective|p2a: Nataku\n|-damage|p2a: Nataku|0 fnt\n|faint|p2a: Nataku\n|\n|upkeep\n|\n|t:|1698896560\n|switch|p2a: Lupus Rex|Baxcalibur, M|85\/100 tox\n|turn|15\n|\n|t:|1698896564\n|move|p1a: Gliscor|Acrobatics|p2a: Lupus Rex\n|-damage|p2a: Lupus Rex|39\/100 tox\n|move|p2a: Lupus Rex|Earthquake|p1a: Gliscor\n|-supereffective|p1a: Gliscor\n|-end|p1a: Gliscor|Substitute\n|\n|-damage|p2a: Lupus Rex|33\/100 tox|[from] psn\n|upkeep\n|turn|16\n|inactive|GN Meister has 90 seconds left.\n|\n|t:|1698896575\n|switch|p2a: Haro|Glimmora, F|100\/100\n|-item|p2a: Haro|Air Balloon\n|move|p1a: Gliscor|Substitute|p1a: Gliscor\n|-start|p1a: Gliscor|Substitute\n|-damage|p1a: Gliscor|76\/100 psn\n|\n|-heal|p1a: Gliscor|88\/100 psn|[from] ability: Poison Heal\n|upkeep\n|turn|17\n|inactive|GN Meister has 90 seconds left.\n|\n|t:|1698896589\n|move|p2a: Haro|Spiky Shield|p2a: Haro\n|-singleturn|p2a: Haro|move: Protect\n|move|p1a: Gliscor|Acrobatics|p2a: Haro\n|-activate|p2a: Haro|move: Protect\n|-damage|p1a: Gliscor|76\/100 psn|[from] Spiky Shield|[of] p2a: Haro\n|\n|-heal|p1a: Gliscor|88\/100 psn|[from] ability: Poison Heal\n|upkeep\n|turn|18\n|inactive|GN Meister has 90 seconds left.\n|inactive|GN Meister has 60 seconds left.\n|\n|t:|1698896632\n|move|p1a: Gliscor|Acrobatics|p2a: Haro\n|-resisted|p2a: Haro\n|-damage|p2a: Haro|70\/100\n|-activate|p2a: Haro|ability: Toxic Debris\n|-sidestart|p1: whererender|move: Toxic Spikes\n|-enditem|p2a: Haro|Air Balloon\n|move|p2a: Haro|Power Gem|p1a: Gliscor\n|-resisted|p1a: Gliscor\n|-crit|p1a: Gliscor\n|-end|p1a: Gliscor|Substitute\n|\n|-heal|p1a: Gliscor|100\/100 psn|[from] ability: Poison Heal\n|upkeep\n|turn|19\n|inactive|GN Meister has 60 seconds left.\n|\n|t:|1698896646\n|switch|p2a: Exia|Ceruledge, M|100\/100\n|move|p1a: Gliscor|Substitute|p1a: Gliscor\n|-start|p1a: Gliscor|Substitute\n|-damage|p1a: Gliscor|76\/100 psn\n|\n|-heal|p1a: Gliscor|88\/100 psn|[from] ability: Poison Heal\n|upkeep\n|turn|20\n|inactive|GN Meister has 60 seconds left.\n|\n|t:|1698896661\n|move|p1a: Gliscor|Earthquake|p2a: Exia\n|-supereffective|p2a: Exia\n|-damage|p2a: Exia|0 fnt\n|faint|p2a: Exia\n|\n|-heal|p1a: Gliscor|100\/100 psn|[from] ability: Poison Heal\n|upkeep\n|\n|t:|1698896669\n|switch|p2a: Epyon|Scizor, M|100\/100\n|turn|21\n|\n|t:|1698896677\n|move|p1a: Gliscor|Earthquake|p2a: Epyon\n|-damage|p2a: Epyon|60\/100\n|move|p2a: Epyon|Close Combat|p1a: Gliscor\n|-supereffective|p1a: Gliscor\n|-end|p1a: Gliscor|Substitute\n|-unboost|p2a: Epyon|def|1\n|-unboost|p2a: Epyon|spd|1\n|\n|upkeep\n|turn|22\n|inactive|GN Meister has 60 seconds left.\n|\n|t:|1698896706\n|switch|p2a: Haro|Glimmora, F|70\/100\n|move|p1a: Gliscor|Earthquake|p2a: Haro\n|-supereffective|p2a: Haro\n|-damage|p2a: Haro|0 fnt\n|-activate|p2a: Haro|ability: Toxic Debris\n|-sidestart|p1: whererender|move: Toxic Spikes\n|faint|p2a: Haro\n|\n|upkeep\n|\n|t:|1698896714\n|switch|p2a: Lupus Rex|Baxcalibur, M|33\/100 tox\n|turn|23\n|\n|t:|1698896718\n|move|p1a: Gliscor|Substitute|p1a: Gliscor\n|-start|p1a: Gliscor|Substitute\n|-damage|p1a: Gliscor|76\/100 psn\n|move|p2a: Lupus Rex|Earthquake|p1a: Gliscor\n|-supereffective|p1a: Gliscor\n|-end|p1a: Gliscor|Substitute\n|\n|-heal|p1a: Gliscor|88\/100 psn|[from] ability: Poison Heal\n|-damage|p2a: Lupus Rex|27\/100 tox|[from] psn\n|upkeep\n|turn|24\n|\n|t:|1698896727\n|move|p1a: Gliscor|Substitute|p1a: Gliscor\n|-start|p1a: Gliscor|Substitute\n|-damage|p1a: Gliscor|63\/100 psn\n|move|p2a: Lupus Rex|Earthquake|p1a: Gliscor\n|-supereffective|p1a: Gliscor\n|-end|p1a: Gliscor|Substitute\n|\n|-heal|p1a: Gliscor|76\/100 psn|[from] ability: Poison Heal\n|-damage|p2a: Lupus Rex|15\/100 tox|[from] psn\n|upkeep\n|turn|25\n|\n|t:|1698896735\n|move|p1a: Gliscor|Substitute|p1a: Gliscor\n|-start|p1a: Gliscor|Substitute\n|-damage|p1a: Gliscor|51\/100 psn\n|move|p2a: Lupus Rex|Earthquake|p1a: Gliscor\n|-supereffective|p1a: Gliscor\n|-end|p1a: Gliscor|Substitute\n|\n|-heal|p1a: Gliscor|63\/100 psn|[from] ability: Poison Heal\n|-damage|p2a: Lupus Rex|0 fnt|[from] psn\n|faint|p2a: Lupus Rex\n|upkeep\n|\n|t:|1698896739\n|switch|p2a: RX-77-1A|Tatsugiri, F|100\/100\n|turn|26\n|\n|t:|1698896746\n|-terastallize|p2a: RX-77-1A|Fire\n|move|p1a: Gliscor|Substitute|p1a: Gliscor\n|-start|p1a: Gliscor|Substitute\n|-damage|p1a: Gliscor|39\/100 psn\n|move|p2a: RX-77-1A|Tera Blast|p1a: Gliscor|[anim] Tera Blast Fire\n|-supereffective|p1a: Gliscor\n|-end|p1a: Gliscor|Substitute\n|\n|-heal|p1a: Gliscor|51\/100 psn|[from] ability: Poison Heal\n|upkeep\n|turn|27\n|\n|t:|1698896758\n|move|p1a: Gliscor|Earthquake|p2a: RX-77-1A\n|-supereffective|p2a: RX-77-1A\n|-damage|p2a: RX-77-1A|0 fnt\n|faint|p2a: RX-77-1A\n|\n|-heal|p1a: Gliscor|63\/100 psn|[from] ability: Poison Heal\n|upkeep\n|-message|GN Meister forfeited.\n|\n|win|whererender\n|raw|whererender's rating: 1216 &rarr; <strong>1246<\/strong><br \/>(+30 for winning)\n|raw|GN Meister's rating: 1287 &rarr; <strong>1257<\/strong><br \/>(-30 for losing)\n|l|\u2606GN Meister\n","uploadtime":1698896771,"views":5,"p1id":"whererender","p2id":"gnmeister","formatid":"gen9anythinggoes","rating":1246,"private":0,"password":""}