{"id":"gen9anythinggoes-1993147857","p1":"WomboBombo","p2":"Rinumaki","format":"[Gen 9] Anything Goes","log":"|j|\u2606WomboBombo\n|j|\u2606Rinumaki\n|t:|1700270529\n|gametype|singles\n|player|p1|WomboBombo|n|\n|player|p2|Rinumaki|n|\n|teamsize|p1|6\n|teamsize|p2|6\n|gen|9\n|tier|[Gen 9] Anything Goes\n|rule|HP Percentage Mod: HP is shown in percentages\n|rule|Endless Battle Clause: Forcing endless battles is banned\n|clearpoke\n|poke|p1|Clefable, F|\n|poke|p1|Manaphy|\n|poke|p1|Corviknight, M|\n|poke|p1|Landorus-Therian, M|\n|poke|p1|Dragapult, M|\n|poke|p1|Torterra, M|\n|poke|p2|Milotic, M|\n|poke|p2|Garchomp, F|\n|poke|p2|Hawlucha, F|\n|poke|p2|Lucario, M|\n|poke|p2|Ogerpon-Wellspring, F|\n|poke|p2|Typhlosion-Hisui, M|\n|teampreview\n|\n|t:|1700270532\n|start\n|switch|p1a: Terra|Landorus-Therian, M|100\/100\n|switch|p2a: Rey Mysterio|Hawlucha, F, shiny|100\/100\n|-ability|p1a: Terra|Intimidate|boost\n|-unboost|p2a: Rey Mysterio|atk|1\n|turn|1\n|\n|t:|1700270538\n|move|p2a: Rey Mysterio|Sky Attack||[still]\n|-prepare|p2a: Rey Mysterio|Sky Attack\n|-enditem|p2a: Rey Mysterio|Power Herb\n|-anim|p2a: Rey Mysterio|Sky Attack|p1a: Terra\n|-damage|p1a: Terra|58\/100\n|move|p1a: Terra|Stealth Rock|p2a: Rey Mysterio\n|-sidestart|p2: Rinumaki|move: Stealth Rock\n|\n|upkeep\n|turn|2\n|j| caligulahar\n|\n|t:|1700270554\n|move|p2a: Rey Mysterio|Acrobatics|p1a: Terra\n|-damage|p1a: Terra|26\/100\n|move|p1a: Terra|Stone Edge|p2a: Rey Mysterio|[miss]\n|-miss|p1a: Terra|p2a: Rey Mysterio\n|\n|upkeep\n|turn|3\n|\n|t:|1700270563\n|move|p2a: Rey Mysterio|Acrobatics|p1a: Terra\n|-damage|p1a: Terra|0 fnt\n|faint|p1a: Terra\n|\n|upkeep\n|\n|t:|1700270575\n|switch|p1a: Aegon|Dragapult, M|100\/100\n|turn|4\n|\n|t:|1700270596\n|move|p2a: Rey Mysterio|Acrobatics|p1a: Aegon\n|-damage|p1a: Aegon|57\/100\n|move|p1a: Aegon|Thunderbolt|p2a: Rey Mysterio\n|-supereffective|p2a: Rey Mysterio\n|-damage|p2a: Rey Mysterio|0 fnt\n|faint|p2a: Rey Mysterio\n|\n|upkeep\n|\n|t:|1700270604\n|switch|p2a: Fading Bomb|Typhlosion-Hisui, M, shiny|100\/100\n|-damage|p2a: Fading Bomb|76\/100|[from] Stealth Rock\n|turn|5\n|\n|t:|1700270614\n|move|p1a: Aegon|Thunderbolt|p2a: Fading Bomb\n|-damage|p2a: Fading Bomb|23\/100\n|move|p2a: Fading Bomb|Infernal Parade|p1a: Aegon\n|-supereffective|p1a: Aegon\n|-damage|p1a: Aegon|0 fnt\n|faint|p1a: Aegon\n|\n|upkeep\n|\n|t:|1700270621\n|switch|p1a: Clefamo|Clefable, F|100\/100\n|turn|6\n|\n|t:|1700270627\n|switch|p2a: Luke|Lucario, M|100\/100\n|-damage|p2a: Luke|98\/100|[from] Stealth Rock\n|move|p1a: Clefamo|Knock Off|p2a: Luke\n|-resisted|p2a: Luke\n|-damage|p2a: Luke|85\/100\n|-enditem|p2a: Luke|Focus Sash|[from] move: Knock Off|[of] p1a: Clefamo\n|\n|upkeep\n|turn|7\n|\n|t:|1700270649\n|switch|p1a: Perseus|Corviknight, M|100\/100\n|-ability|p1a: Perseus|Pressure\n|move|p2a: Luke|Meteor Mash|p1a: Perseus\n|-resisted|p1a: Perseus\n|-damage|p1a: Perseus|85\/100\n|\n|-heal|p1a: Perseus|91\/100|[from] item: Leftovers\n|upkeep\n|turn|8\n|\n|t:|1700270676\n|switch|p2a: Fading Bomb|Typhlosion-Hisui, M, shiny|23\/100\n|-damage|p2a: Fading Bomb|0 fnt|[from] Stealth Rock\n|faint|p2a: Fading Bomb\n|move|p1a: Perseus|Bulk Up|p1a: Perseus\n|-boost|p1a: Perseus|atk|1\n|-boost|p1a: Perseus|def|1\n|\n|-heal|p1a: Perseus|97\/100|[from] item: Leftovers\n|upkeep\n|\n|t:|1700270698\n|switch|p2a: Vergil|Garchomp, F, shiny|100\/100\n|-damage|p2a: Vergil|94\/100|[from] Stealth Rock\n|turn|9\n|\n|t:|1700270709\n|move|p2a: Vergil|Scale Shot|p1a: Perseus\n|-resisted|p1a: Perseus\n|-damage|p1a: Perseus|94\/100\n|-resisted|p1a: Perseus\n|-damage|p1a: Perseus|91\/100\n|-resisted|p1a: Perseus\n|-crit|p1a: Perseus\n|-damage|p1a: Perseus|83\/100\n|-resisted|p1a: Perseus\n|-damage|p1a: Perseus|80\/100\n|-resisted|p1a: Perseus\n|-damage|p1a: Perseus|77\/100\n|-hitcount|p1a: Perseus|5\n|-unboost|p2a: Vergil|def|1\n|-boost|p2a: Vergil|spe|1\n|move|p1a: Perseus|Iron Head|p2a: Vergil\n|-damage|p2a: Vergil|18\/100\n|\n|-heal|p1a: Perseus|83\/100|[from] item: Leftovers\n|upkeep\n|turn|10\n|\n|t:|1700270729\n|move|p2a: Vergil|Bite|p1a: Perseus\n|-damage|p1a: Perseus|73\/100\n|move|p1a: Perseus|Iron Head|p2a: Vergil\n|-damage|p2a: Vergil|0 fnt\n|faint|p2a: Vergil\n|\n|-heal|p1a: Perseus|79\/100|[from] item: Leftovers\n|upkeep\n|\n|t:|1700270748\n|switch|p2a: It Don't Go Down|Milotic, M|100\/100\n|-damage|p2a: It Don't Go Down|88\/100|[from] Stealth Rock\n|turn|11\n|\n|t:|1700270764\n|move|p2a: It Don't Go Down|Scald|p1a: Perseus\n|-damage|p1a: Perseus|53\/100\n|move|p1a: Perseus|Iron Head|p2a: It Don't Go Down\n|-resisted|p2a: It Don't Go Down\n|-damage|p2a: It Don't Go Down|71\/100\n|\n|-heal|p1a: Perseus|59\/100|[from] item: Leftovers\n|-status|p2a: It Don't Go Down|brn|[from] item: Flame Orb\n|upkeep\n|turn|12\n|\n|t:|1700270777\n|switch|p1a: Grasser|Torterra, M|100\/100\n|move|p2a: It Don't Go Down|Scald|p1a: Grasser\n|-damage|p1a: Grasser|69\/100\n|\n|-damage|p2a: It Don't Go Down|64\/100 brn|[from] brn\n|upkeep\n|turn|13\n|\n|t:|1700270788\n|move|p1a: Grasser|Shell Smash|p1a: Grasser\n|-unboost|p1a: Grasser|def|1\n|-unboost|p1a: Grasser|spd|1\n|-boost|p1a: Grasser|atk|2\n|-boost|p1a: Grasser|spa|2\n|-boost|p1a: Grasser|spe|2\n|move|p2a: It Don't Go Down|Scald|p1a: Grasser\n|-damage|p1a: Grasser|20\/100\n|\n|-damage|p2a: It Don't Go Down|58\/100 brn|[from] brn\n|upkeep\n|turn|14\n|\n|t:|1700270800\n|move|p1a: Grasser|Bullet Seed|p2a: It Don't Go Down\n|-supereffective|p2a: It Don't Go Down\n|-damage|p2a: It Don't Go Down|35\/100 brn\n|-supereffective|p2a: It Don't Go Down\n|-damage|p2a: It Don't Go Down|9\/100 brn\n|-supereffective|p2a: It Don't Go Down\n|-damage|p2a: It Don't Go Down|0 fnt\n|faint|p2a: It Don't Go Down\n|-hitcount|p2: It Don't Go Down|3\n|\n|upkeep\n|\n|t:|1700270813\n|switch|p2a: Luke|Lucario, M|85\/100\n|-damage|p2a: Luke|82\/100|[from] Stealth Rock\n|turn|15\n|\n|t:|1700270832\n|move|p2a: Luke|Extreme Speed|p1a: Grasser\n|-damage|p1a: Grasser|0 fnt\n|faint|p1a: Grasser\n|\n|upkeep\n|\n|t:|1700270860\n|switch|p1a: Manamo|Manaphy|100\/100\n|turn|16\n|\n|t:|1700270863\n|switch|p2a: Believe Da Hype|Ogerpon-Wellspring, F|100\/100\n|-damage|p2a: Believe Da Hype|88\/100|[from] Stealth Rock\n|move|p1a: Manamo|Tail Glow|p1a: Manamo\n|-boost|p1a: Manamo|spa|3\n|\n|upkeep\n|turn|17\n|\n|t:|1700270873\n|move|p1a: Manamo|Baton Pass|p1a: Manamo\n|\n|t:|1700270875\n|switch|p1a: Clefamo|Clefable, F|100\/100|[from] Baton Pass\n|move|p2a: Believe Da Hype|Horn Leech|p1a: Clefamo\n|-damage|p1a: Clefamo|74\/100\n|-heal|p2a: Believe Da Hype|100\/100|[from] drain|[of] p1a: Clefamo\n|\n|-heal|p1a: Clefamo|80\/100|[from] item: Leftovers\n|upkeep\n|turn|18\n|\n|t:|1700270884\n|switch|p2a: Luke|Lucario, M|82\/100\n|-damage|p2a: Luke|80\/100|[from] Stealth Rock\n|move|p1a: Clefamo|Moonblast|p2a: Luke\n|-damage|p2a: Luke|0 fnt\n|faint|p2a: Luke\n|\n|-heal|p1a: Clefamo|87\/100|[from] item: Leftovers\n|upkeep\n|\n|t:|1700270893\n|switch|p2a: Believe Da Hype|Ogerpon-Wellspring, F|100\/100\n|-damage|p2a: Believe Da Hype|88\/100|[from] Stealth Rock\n|turn|19\n|\n|t:|1700270897\n|move|p2a: Believe Da Hype|Substitute|p2a: Believe Da Hype\n|-start|p2a: Believe Da Hype|Substitute\n|-damage|p2a: Believe Da Hype|63\/100\n|move|p1a: Clefamo|Moonblast|p2a: Believe Da Hype\n|-crit|p2a: Believe Da Hype\n|-end|p2a: Believe Da Hype|Substitute\n|\n|-heal|p1a: Clefamo|93\/100|[from] item: Leftovers\n|upkeep\n|turn|20\n|\n|t:|1700270907\n|move|p2a: Believe Da Hype|Horn Leech|p1a: Clefamo\n|-damage|p1a: Clefamo|66\/100\n|-heal|p2a: Believe Da Hype|77\/100|[from] drain|[of] p1a: Clefamo\n|move|p1a: Clefamo|Moonblast|p2a: Believe Da Hype\n|-damage|p2a: Believe Da Hype|19\/100\n|\n|-heal|p1a: Clefamo|73\/100|[from] item: Leftovers\n|upkeep\n|turn|21\n|\n|t:|1700270940\n|move|p2a: Believe Da Hype|Horn Leech|p1a: Clefamo\n|-damage|p1a: Clefamo|47\/100\n|-heal|p2a: Believe Da Hype|33\/100|[from] drain|[of] p1a: Clefamo\n|move|p1a: Clefamo|Moonblast|p2a: Believe Da Hype\n|-damage|p2a: Believe Da Hype|0 fnt\n|faint|p2a: Believe Da Hype\n|\n|win|WomboBombo\n","uploadtime":1700270948,"views":16,"p1id":"wombobombo","p2id":"rinumaki","formatid":"gen9anythinggoes","rating":0,"private":0,"password":""}