{"id":"gen9anythinggoes-1972442125","p1":"bozo720","p2":"haveanicedayfriend","format":"[Gen 9] Anything Goes","log":"|j|\u2606bozo720\n|j|\u2606haveanicedayfriend\n|t:|1697843272\n|gametype|singles\n|player|p1|bozo720|dawn|\n|player|p2|haveanicedayfriend|1|\n|teamsize|p1|6\n|teamsize|p2|6\n|gen|9\n|tier|[Gen 9] Anything Goes\n|rule|HP Percentage Mod: HP is shown in percentages\n|rule|Endless Battle Clause: Forcing endless battles is banned\n|clearpoke\n|poke|p1|Dragalge, M|\n|poke|p1|Great Tusk|\n|poke|p1|Snorlax, M|\n|poke|p1|Torkoal, M|\n|poke|p1|Garganacl, F|\n|poke|p1|Vullaby, F|\n|poke|p2|Ninetales-Alola, M|\n|poke|p2|Ogerpon-Wellspring, F|\n|poke|p2|Dragapult, F|\n|poke|p2|Tatsugiri, M|\n|poke|p2|Tinkaton, F|\n|poke|p2|Ursaluna-Bloodmoon, M|\n|teampreview\n|\n|t:|1697843281\n|start\n|switch|p1a: Snorlax|Snorlax, M|100\/100\n|switch|p2a: Dragapult|Dragapult, F|100\/100\n|turn|1\n|\n|t:|1697843376\n|switch|p1a: Great Tusk|Great Tusk|100\/100\n|move|p2a: Dragapult|U-turn|p1a: Great Tusk\n|-resisted|p1a: Great Tusk\n|-damage|p1a: Great Tusk|95\/100\n|\n|t:|1697843449\n|switch|p2a: Ninetales|Ninetales-Alola, M|100\/100|[from] U-turn\n|-weather|Snow|[from] ability: Snow Warning|[of] p2a: Ninetales\n|\n|-weather|Snow|[upkeep]\n|upkeep\n|turn|2\n|\n|t:|1697843466\n|-end|p1a: Great Tusk|Protosynthesis|[silent]\n|switch|p1a: Torkoal|Torkoal, M|100\/100\n|-weather|SunnyDay|[from] ability: Drought|[of] p1a: Torkoal\n|move|p2a: Ninetales|Moonblast|p1a: Torkoal\n|-resisted|p1a: Torkoal\n|-damage|p1a: Torkoal|80\/100\n|\n|-weather|SunnyDay|[upkeep]\n|upkeep\n|turn|3\n|\n|t:|1697843531\n|move|p2a: Ninetales|Baton Pass|p2a: Ninetales\n|\n|t:|1697843554\n|switch|p2a: Dragapult|Dragapult, F|100\/100|[from] Baton Pass\n|move|p1a: Torkoal|Sludge Bomb|p2a: Dragapult\n|-resisted|p2a: Dragapult\n|-damage|p2a: Dragapult|85\/100\n|-status|p2a: Dragapult|psn\n|\n|-weather|SunnyDay|[upkeep]\n|-damage|p2a: Dragapult|73\/100 psn|[from] psn\n|upkeep\n|turn|4\n|\n|t:|1697843588\n|switch|p1a: Great Tusk|Great Tusk|95\/100\n|-activate|p1a: Great Tusk|ability: Protosynthesis\n|-start|p1a: Great Tusk|protosynthesisatk\n|move|p2a: Dragapult|Draco Meteor|p1a: Great Tusk\n|-damage|p1a: Great Tusk|0 fnt\n|-unboost|p2a: Dragapult|spa|2\n|faint|p1a: Great Tusk\n|-end|p1a: Great Tusk|Protosynthesis|[silent]\n|\n|-weather|SunnyDay|[upkeep]\n|-damage|p2a: Dragapult|60\/100 psn|[from] psn\n|upkeep\n|\n|t:|1697843680\n|switch|p1a: Garganacl|Garganacl, F|100\/100\n|turn|5\n|\n|t:|1697843768\n|switch|p2a: Ursaluna|Ursaluna-Bloodmoon, M|100\/100\n|move|p1a: Garganacl|Rest|p1a: Garganacl\n|-fail|p1a: Garganacl|heal\n|\n|-weather|SunnyDay|[upkeep]\n|upkeep\n|turn|6\n|\n|t:|1697843806\n|switch|p1a: Torkoal|Torkoal, M|80\/100\n|move|p2a: Ursaluna|Blood Moon|p1a: Torkoal\n|-damage|p1a: Torkoal|0 fnt\n|faint|p1a: Torkoal\n|\n|-weather|SunnyDay|[upkeep]\n|upkeep\n|\n|t:|1697843828\n|switch|p1a: Dragalge|Dragalge, M|100\/100\n|turn|7\n|\n|t:|1697843868\n|switch|p2a: Tinkaton|Tinkaton, F|100\/100\n|-ability|p2a: Tinkaton|Mold Breaker\n|move|p1a: Dragalge|Draco Meteor|p2a: Tinkaton\n|-immune|p2a: Tinkaton\n|\n|-weather|SunnyDay|[upkeep]\n|upkeep\n|turn|8\n|\n|t:|1697843940\n|switch|p1a: Snorlax|Snorlax, M|100\/100\n|move|p2a: Tinkaton|Stealth Rock|p1a: Snorlax\n|-sidestart|p1: bozo720|move: Stealth Rock\n|\n|-weather|SunnyDay|[upkeep]\n|upkeep\n|turn|9\n|\n|t:|1697843970\n|switch|p2a: Ursaluna|Ursaluna-Bloodmoon, M|100\/100\n|move|p1a: Snorlax|Heavy Slam|p2a: Ursaluna\n|-crit|p2a: Ursaluna\n|-damage|p2a: Ursaluna|90\/100\n|\n|-weather|none\n|-heal|p2a: Ursaluna|97\/100|[from] item: Leftovers\n|upkeep\n|turn|10\n|\n|t:|1697844012\n|move|p2a: Ursaluna|Calm Mind|p2a: Ursaluna\n|-boost|p2a: Ursaluna|spa|1\n|-boost|p2a: Ursaluna|spd|1\n|move|p1a: Snorlax|Counter||[still]\n|-fail|p1a: Snorlax\n|\n|-heal|p2a: Ursaluna|100\/100|[from] item: Leftovers\n|upkeep\n|turn|11\n|\n|t:|1697844045\n|move|p2a: Ursaluna|Calm Mind|p2a: Ursaluna\n|-boost|p2a: Ursaluna|spa|1\n|-boost|p2a: Ursaluna|spd|1\n|move|p1a: Snorlax|Counter||[still]\n|-fail|p1a: Snorlax\n|\n|upkeep\n|turn|12\n|\n|t:|1697844053\n|move|p2a: Ursaluna|Calm Mind|p2a: Ursaluna\n|-boost|p2a: Ursaluna|spa|1\n|-boost|p2a: Ursaluna|spd|1\n|move|p1a: Snorlax|Heavy Slam|p2a: Ursaluna\n|-damage|p2a: Ursaluna|93\/100\n|\n|-heal|p2a: Ursaluna|99\/100|[from] item: Leftovers\n|upkeep\n|turn|13\n|\n|t:|1697844067\n|move|p2a: Ursaluna|Calm Mind|p2a: Ursaluna\n|-boost|p2a: Ursaluna|spa|1\n|-boost|p2a: Ursaluna|spd|1\n|move|p1a: Snorlax|Counter||[still]\n|-fail|p1a: Snorlax\n|\n|-heal|p2a: Ursaluna|100\/100|[from] item: Leftovers\n|upkeep\n|turn|14\n|\n|t:|1697844120\n|switch|p1a: Dragalge|Dragalge, M|100\/100\n|-damage|p1a: Dragalge|88\/100|[from] Stealth Rock\n|move|p2a: Ursaluna|Calm Mind|p2a: Ursaluna\n|-boost|p2a: Ursaluna|spa|1\n|-boost|p2a: Ursaluna|spd|1\n|\n|upkeep\n|turn|15\n|\n|t:|1697844136\n|move|p2a: Ursaluna|Blood Moon|p1a: Dragalge\n|-damage|p1a: Dragalge|0 fnt\n|faint|p1a: Dragalge\n|\n|upkeep\n|\n|t:|1697844144\n|switch|p1a: Garganacl|Garganacl, F|100\/100\n|-damage|p1a: Garganacl|88\/100|[from] Stealth Rock\n|turn|16\n|\n|t:|1697844171\n|move|p2a: Ursaluna|Earth Power|p1a: Garganacl\n|-supereffective|p1a: Garganacl\n|-damage|p1a: Garganacl|0 fnt\n|faint|p1a: Garganacl\n|\n|upkeep\n|\n|t:|1697844175\n|switch|p1a: Vullaby|Vullaby, F|100\/100\n|-damage|p1a: Vullaby|76\/100|[from] Stealth Rock\n|turn|17\n|\n|t:|1697844202\n|-terastallize|p1a: Vullaby|Dark\n|move|p1a: Vullaby|Knock Off|p2a: Ursaluna\n|-damage|p2a: Ursaluna|82\/100\n|-enditem|p2a: Ursaluna|Leftovers|[from] move: Knock Off|[of] p1a: Vullaby\n|move|p2a: Ursaluna|Blood Moon|p1a: Vullaby\n|-damage|p1a: Vullaby|0 fnt\n|faint|p1a: Vullaby\n|\n|upkeep\n|\n|t:|1697844211\n|switch|p1a: Snorlax|Snorlax, M|100\/100\n|-damage|p1a: Snorlax|88\/100|[from] Stealth Rock\n|turn|18\n|\n|t:|1697844214\n|move|p2a: Ursaluna|Moonlight|p2a: Ursaluna\n|-heal|p2a: Ursaluna|100\/100\n|move|p1a: Snorlax|Counter||[still]\n|-fail|p1a: Snorlax\n|\n|-heal|p1a: Snorlax|94\/100|[from] item: Leftovers\n|upkeep\n|turn|19\n|\n|t:|1697844221\n|move|p2a: Ursaluna|Calm Mind|p2a: Ursaluna\n|-boost|p2a: Ursaluna|spa|1\n|-boost|p2a: Ursaluna|spd|1\n|move|p1a: Snorlax|Counter||[still]\n|-fail|p1a: Snorlax\n|\n|-heal|p1a: Snorlax|99\/100|[from] item: Leftovers\n|upkeep\n|turn|20\n|\n|t:|1697844231\n|move|p2a: Ursaluna|Blood Moon|p1a: Snorlax\n|-damage|p1a: Snorlax|0 fnt\n|faint|p1a: Snorlax\n|\n|win|haveanicedayfriend\n","uploadtime":1697844245,"views":16,"p1id":"bozo720","p2id":"haveanicedayfriend","formatid":"gen9anythinggoes","rating":0,"private":0,"password":""}