{"id":"gen9anythinggoes-1973352917","p1":"A_Chonky_Rat","p2":"Wettiyan 2","format":"[Gen 9] Anything Goes","log":"|j|\u2606A_Chonky_Rat\n|j|\u2606Wettiyan 2\n|t:|1697960094\n|gametype|singles\n|player|p1|A_Chonky_Rat|wattson|1119\n|player|p2|Wettiyan 2|red|1000\n|teamsize|p1|6\n|teamsize|p2|6\n|gen|9\n|tier|[Gen 9] Anything Goes\n|rated|\n|rule|HP Percentage Mod: HP is shown in percentages\n|rule|Endless Battle Clause: Forcing endless battles is banned\n|clearpoke\n|poke|p1|Scream Tail|\n|poke|p1|Kricketune, M|\n|poke|p1|Ribombee, F|\n|poke|p1|Vivillon-Pokeball, F|\n|poke|p1|Charizard, M|\n|poke|p1|Volbeat, M|\n|poke|p2|Iron Valiant|\n|poke|p2|Palafin, F|\n|poke|p2|Glimmora, F|\n|poke|p2|Gholdengo|\n|poke|p2|Espathra, F|\n|poke|p2|Chi-Yu|\n|teampreview\n|\n|t:|1697960104\n|start\n|switch|p1a: Scream Tail|Scream Tail|100\/100\n|switch|p2a: Palafin|Palafin, F|100\/100\n|turn|1\n|\n|t:|1697960117\n|move|p2a: Palafin|Flip Turn|p1a: Scream Tail\n|-damage|p1a: Scream Tail|87\/100\n|\n|t:|1697960122\n|detailschange|p2a: Palafin|Palafin-Hero, F\n|switch|p2a: Glimmora|Glimmora, F|100\/100|[from] Flip Turn\n|move|p1a: Scream Tail|Reflect|p1a: Scream Tail\n|-sidestart|p1: A_Chonky_Rat|Reflect\n|\n|upkeep\n|turn|2\n|\n|t:|1697960137\n|move|p2a: Glimmora|Stealth Rock|p1a: Scream Tail\n|-sidestart|p1: A_Chonky_Rat|move: Stealth Rock\n|move|p1a: Scream Tail|Light Screen|p1a: Scream Tail\n|-sidestart|p1: A_Chonky_Rat|move: Light Screen\n|\n|upkeep\n|turn|3\n|\n|t:|1697960142\n|move|p2a: Glimmora|Spikes|p1a: Scream Tail\n|-sidestart|p1: A_Chonky_Rat|Spikes\n|move|p1a: Scream Tail|Stealth Rock|p2a: Glimmora\n|-sidestart|p2: Wettiyan 2|move: Stealth Rock\n|\n|upkeep\n|turn|4\n|\n|t:|1697960149\n|move|p2a: Glimmora|Mortal Spin|p1a: Scream Tail\n|-supereffective|p1a: Scream Tail\n|-crit|p1a: Scream Tail\n|-damage|p1a: Scream Tail|77\/100\n|-status|p1a: Scream Tail|psn\n|-sideend|p2: Wettiyan 2|Stealth Rock|[from] move: Mortal Spin|[of] p2a: Glimmora\n|move|p1a: Scream Tail|Misty Explosion|p2a: Glimmora\n|-resisted|p2a: Glimmora\n|-damage|p2a: Glimmora|85\/100\n|faint|p1a: Scream Tail\n|-end|p1a: Scream Tail|Protosynthesis|[silent]\n|\n|upkeep\n|inactive|Battle timer is ON: inactive players will automatically lose when time's up. (requested by Wettiyan 2)\n|\n|t:|1697960166\n|switch|p1a: Kricketune|Kricketune, M|100\/100\n|-damage|p1a: Kricketune|75\/100|[from] Stealth Rock\n|-damage|p1a: Kricketune|63\/100|[from] Spikes\n|turn|5\n|\n|t:|1697960169\n|move|p2a: Glimmora|Spikes|p1a: Kricketune\n|-sidestart|p1: A_Chonky_Rat|Spikes\n|move|p1a: Kricketune|Trailblaze|p2a: Glimmora\n|-damage|p2a: Glimmora|55\/100\n|-boost|p1a: Kricketune|spe|1\n|-activate|p2a: Glimmora|ability: Toxic Debris\n|-sidestart|p1: A_Chonky_Rat|move: Toxic Spikes\n|-damage|p1a: Kricketune|53\/100|[from] item: Life Orb\n|\n|upkeep\n|turn|6\n|\n|t:|1697960179\n|move|p1a: Kricketune|Fell Stinger|p2a: Glimmora\n|-resisted|p2a: Glimmora\n|-damage|p2a: Glimmora|34\/100\n|-activate|p2a: Glimmora|ability: Toxic Debris\n|-sidestart|p1: A_Chonky_Rat|move: Toxic Spikes\n|-damage|p1a: Kricketune|43\/100|[from] item: Life Orb\n|move|p2a: Glimmora|Spikes|p1a: Kricketune\n|-sidestart|p1: A_Chonky_Rat|Spikes\n|\n|upkeep\n|turn|7\n|\n|t:|1697960199\n|move|p1a: Kricketune|Trailblaze|p2a: Glimmora\n|-damage|p2a: Glimmora|5\/100\n|-boost|p1a: Kricketune|spe|1\n|-damage|p1a: Kricketune|34\/100|[from] item: Life Orb\n|move|p2a: Glimmora|Earth Power|p1a: Kricketune\n|-resisted|p1a: Kricketune\n|-damage|p1a: Kricketune|22\/100\n|\n|upkeep\n|turn|8\n|inactive|Wettiyan 2 has 120 seconds left.\n|\n|t:|1697960222\n|-terastallize|p1a: Kricketune|Bug\n|move|p1a: Kricketune|Fell Stinger|p2a: Glimmora\n|-resisted|p2a: Glimmora\n|-damage|p2a: Glimmora|0 fnt\n|faint|p2a: Glimmora\n|-boost|p1a: Kricketune|atk|3\n|-damage|p1a: Kricketune|12\/100|[from] item: Life Orb\n|\n|-sideend|p1: A_Chonky_Rat|Reflect\n|upkeep\n|inactive|Wettiyan 2 has 120 seconds left.\n|inactive|Wettiyan 2 has 90 seconds left.\n|\n|t:|1697960258\n|switch|p2a: Chi-Yu|Chi-Yu|100\/100\n|-ability|p2a: Chi-Yu|Beads of Ruin\n|turn|9\n|inactive|Wettiyan 2 has 90 seconds left.\n|\n|t:|1697960284\n|move|p1a: Kricketune|Leech Life|p2a: Chi-Yu\n|-damage|p2a: Chi-Yu|0 fnt\n|-heal|p1a: Kricketune|55\/100|[from] drain|[of] p2a: Chi-Yu\n|faint|p2a: Chi-Yu\n|-damage|p1a: Kricketune|45\/100|[from] item: Life Orb\n|\n|-sideend|p1: A_Chonky_Rat|move: Light Screen\n|upkeep\n|\n|t:|1697960292\n|switch|p2a: Iron Valiant|Iron Valiant|100\/100\n|turn|10\n|\n|t:|1697960301\n|move|p1a: Kricketune|Leech Life|p2a: Iron Valiant\n|-resisted|p2a: Iron Valiant\n|-damage|p2a: Iron Valiant|53\/100\n|-heal|p1a: Kricketune|68\/100|[from] drain|[of] p2a: Iron Valiant\n|-damage|p1a: Kricketune|59\/100|[from] item: Life Orb\n|move|p2a: Iron Valiant|Thunderbolt|p1a: Kricketune\n|-damage|p1a: Kricketune|0 fnt\n|faint|p1a: Kricketune\n|-damage|p2a: Iron Valiant|43\/100|[from] item: Life Orb\n|\n|upkeep\n|\n|t:|1697960313\n|switch|p1a: Ribombee|Ribombee, F|100\/100\n|-damage|p1a: Ribombee|75\/100|[from] Stealth Rock\n|-damage|p1a: Ribombee|50\/100|[from] Spikes\n|-status|p1a: Ribombee|tox\n|turn|11\n|inactive|Wettiyan 2 has 90 seconds left.\n|inactive|Wettiyan 2 has 60 seconds left.\n|\n|t:|1697960350\n|move|p1a: Ribombee|Sticky Web|p2a: Iron Valiant\n|-sidestart|p2: Wettiyan 2|move: Sticky Web\n|move|p2a: Iron Valiant|Aura Sphere|p1a: Ribombee\n|-resisted|p1a: Ribombee\n|-damage|p1a: Ribombee|29\/100 tox\n|-damage|p2a: Iron Valiant|33\/100|[from] item: Life Orb\n|\n|-damage|p1a: Ribombee|23\/100 tox|[from] psn\n|upkeep\n|turn|12\n|inactive|Wettiyan 2 has 60 seconds left.\n|\n|t:|1697960366\n|move|p1a: Ribombee|Stun Spore|p2a: Iron Valiant|[miss]\n|-miss|p1a: Ribombee|p2a: Iron Valiant\n|move|p2a: Iron Valiant|Moonblast|p1a: Ribombee\n|-crit|p1a: Ribombee\n|-damage|p1a: Ribombee|0 fnt\n|faint|p1a: Ribombee\n|-damage|p2a: Iron Valiant|24\/100|[from] item: Life Orb\n|\n|upkeep\n|\n|t:|1697960373\n|switch|p1a: Charizard|Charizard, M|100\/100\n|-damage|p1a: Charizard|51\/100|[from] Stealth Rock\n|turn|13\n|inactive|Wettiyan 2 has 60 seconds left.\n|\n|t:|1697960389\n|move|p2a: Iron Valiant|Thunderbolt|p1a: Charizard\n|-supereffective|p1a: Charizard\n|-damage|p1a: Charizard|0 fnt\n|faint|p1a: Charizard\n|-damage|p2a: Iron Valiant|14\/100|[from] item: Life Orb\n|\n|upkeep\n|\n|t:|1697960393\n|switch|p1a: Vivillon|Vivillon-Pokeball, F|100\/100\n|-damage|p1a: Vivillon|50\/100|[from] Stealth Rock\n|turn|14\n|inactive|Wettiyan 2 has 60 seconds left.\n|\n|t:|1697960414\n|move|p2a: Iron Valiant|Thunderbolt|p1a: Vivillon\n|-supereffective|p1a: Vivillon\n|-damage|p1a: Vivillon|0 fnt\n|faint|p1a: Vivillon\n|-damage|p2a: Iron Valiant|4\/100|[from] item: Life Orb\n|\n|upkeep\n|\n|t:|1697960417\n|switch|p1a: Volbeat|Volbeat, M|100\/100\n|-damage|p1a: Volbeat|76\/100|[from] Stealth Rock\n|-damage|p1a: Volbeat|51\/100|[from] Spikes\n|-status|p1a: Volbeat|tox\n|turn|15\n|inactive|Wettiyan 2 has 60 seconds left.\n|\n|t:|1697960427\n|move|p1a: Volbeat|Tail Glow|p1a: Volbeat\n|-boost|p1a: Volbeat|spa|3\n|move|p2a: Iron Valiant|Thunderbolt|p1a: Volbeat\n|-damage|p1a: Volbeat|1\/100 tox\n|-damage|p2a: Iron Valiant|0 fnt|[from] item: Life Orb\n|faint|p2a: Iron Valiant\n|-end|p2a: Iron Valiant|Quark Drive|[silent]\n|\n|-heal|p1a: Volbeat|7\/100 tox|[from] item: Leftovers\n|-damage|p1a: Volbeat|1\/100 tox|[from] psn\n|upkeep\n|inactive|Wettiyan 2 has 60 seconds left.\n|\n|t:|1697960444\n|switch|p2a: Palafin|Palafin-Hero, F|100\/100\n|-activate|p2a: Palafin|move: Sticky Web\n|-unboost|p2a: Palafin|spe|1\n|-activate|p2a: Palafin|ability: Zero to Hero\n|turn|16\n|\n|t:|1697960457\n|move|p1a: Volbeat|Giga Drain|p2a: Palafin\n|-supereffective|p2a: Palafin\n|-damage|p2a: Palafin|20\/100\n|-heal|p1a: Volbeat|45\/100 tox|[from] drain|[of] p2a: Palafin\n|move|p2a: Palafin|Drain Punch|p1a: Volbeat\n|-resisted|p1a: Volbeat\n|-damage|p1a: Volbeat|24\/100 tox\n|-heal|p2a: Palafin|30\/100|[from] drain|[of] p1a: Volbeat\n|\n|-heal|p1a: Volbeat|30\/100 tox|[from] item: Leftovers\n|-damage|p1a: Volbeat|18\/100 tox|[from] psn\n|upkeep\n|turn|17\n|\n|t:|1697960472\n|move|p1a: Volbeat|Giga Drain|p2a: Palafin\n|-supereffective|p2a: Palafin\n|-damage|p2a: Palafin|0 fnt\n|-heal|p1a: Volbeat|34\/100 tox|[from] drain|[of] p2a: Palafin\n|faint|p2a: Palafin\n|\n|-heal|p1a: Volbeat|39\/100 tox|[from] item: Leftovers\n|-damage|p1a: Volbeat|22\/100 tox|[from] psn\n|upkeep\n|\n|t:|1697960479\n|switch|p2a: Espathra|Espathra, F|100\/100\n|-activate|p2a: Espathra|move: Sticky Web\n|-unboost|p2a: Espathra|spe|1\n|turn|18\n|\n|t:|1697960486\n|move|p2a: Espathra|Substitute|p2a: Espathra\n|-start|p2a: Espathra|Substitute\n|-damage|p2a: Espathra|75\/100\n|move|p1a: Volbeat|Giga Drain|p2a: Espathra\n|-crit|p2a: Espathra\n|-end|p2a: Espathra|Substitute\n|-heal|p1a: Volbeat|35\/100 tox|[from] drain|[of] p2a: Espathra\n|\n|-heal|p2a: Espathra|82\/100|[from] item: Leftovers\n|-heal|p1a: Volbeat|41\/100 tox|[from] item: Leftovers\n|-damage|p1a: Volbeat|17\/100 tox|[from] psn\n|-ability|p2a: Espathra|Speed Boost|boost\n|-boost|p2a: Espathra|spe|1\n|upkeep\n|turn|19\n|\n|t:|1697960504\n|move|p2a: Espathra|Substitute|p2a: Espathra\n|-start|p2a: Espathra|Substitute\n|-damage|p2a: Espathra|57\/100\n|move|p1a: Volbeat|Giga Drain|p2a: Espathra\n|-end|p2a: Espathra|Substitute\n|-heal|p1a: Volbeat|30\/100 tox|[from] drain|[of] p2a: Espathra\n|\n|-heal|p2a: Espathra|63\/100|[from] item: Leftovers\n|-heal|p1a: Volbeat|36\/100 tox|[from] item: Leftovers\n|-damage|p1a: Volbeat|6\/100 tox|[from] psn\n|-ability|p2a: Espathra|Speed Boost|boost\n|-boost|p2a: Espathra|spe|1\n|upkeep\n|turn|20\n|c|\u2606A_Chonky_Rat|Gg\n|\n|t:|1697960523\n|move|p2a: Espathra|Substitute|p2a: Espathra\n|-start|p2a: Espathra|Substitute\n|-damage|p2a: Espathra|38\/100\n|move|p1a: Volbeat|Giga Drain|p2a: Espathra\n|-end|p2a: Espathra|Substitute\n|-heal|p1a: Volbeat|19\/100 tox|[from] drain|[of] p2a: Espathra\n|\n|-heal|p2a: Espathra|44\/100|[from] item: Leftovers\n|-heal|p1a: Volbeat|25\/100 tox|[from] item: Leftovers\n|-damage|p1a: Volbeat|0 fnt|[from] psn\n|faint|p1a: Volbeat\n|\n|win|Wettiyan 2\n|upkeep\n|raw|A_Chonky_Rat's rating: 1119 &rarr; <strong>1086<\/strong><br \/>(-33 for losing)\n|raw|Wettiyan 2's rating: 1000 &rarr; <strong>1053<\/strong><br \/>(+53 for winning)\n|l|\u2606A_Chonky_Rat\n","uploadtime":1697960566,"views":14,"p1id":"achonkyrat","p2id":"wettiyan2","formatid":"gen9anythinggoes","rating":1053,"private":0,"password":""}