{"id":"gen9anythinggoes-1998708415","p1":"DukeGoolies","p2":"bee boy 6382","format":"[Gen 9] Anything Goes","log":"|j|\u2606DukeGoolies\n|j|\u2606bee boy 6382\n|t:|1700975713\n|gametype|singles\n|player|p1|DukeGoolies|2|1111\n|player|p2|bee boy 6382|102|1086\n|teamsize|p1|6\n|teamsize|p2|6\n|gen|9\n|tier|[Gen 9] Anything Goes\n|rated|\n|rule|HP Percentage Mod: HP is shown in percentages\n|rule|Endless Battle Clause: Forcing endless battles is banned\n|clearpoke\n|poke|p1|Dragapult, F|\n|poke|p1|Iron Moth|\n|poke|p1|Azumarill, M|\n|poke|p1|Bronzong|\n|poke|p1|Clefable, F|\n|poke|p1|Roaring Moon|\n|poke|p2|Glimmora, M|\n|poke|p2|Ceruledge, F|\n|poke|p2|Cinderace, F|\n|poke|p2|Drifblim, F|\n|poke|p2|Dragapult, M|\n|poke|p2|Kingambit, F|\n|teampreview\n|\n|t:|1700975724\n|start\n|switch|p1a: Iron Moth|Iron Moth|100\/100\n|switch|p2a: Glimmora|Glimmora, M|100\/100\n|-enditem|p1a: Iron Moth|Booster Energy\n|-activate|p1a: Iron Moth|ability: Quark Drive|[fromitem]\n|-start|p1a: Iron Moth|quarkdrivespe\n|turn|1\n|\n|t:|1700975734\n|move|p1a: Iron Moth|Substitute|p1a: Iron Moth\n|-start|p1a: Iron Moth|Substitute\n|-damage|p1a: Iron Moth|76\/100\n|move|p2a: Glimmora|Acid Armor|p2a: Glimmora\n|-boost|p2a: Glimmora|def|2\n|\n|upkeep\n|turn|2\n|\n|t:|1700975739\n|move|p1a: Iron Moth|Fiery Dance|p2a: Glimmora\n|-resisted|p2a: Glimmora\n|-damage|p2a: Glimmora|78\/100\n|move|p2a: Glimmora|Acid Armor|p2a: Glimmora\n|-boost|p2a: Glimmora|def|2\n|\n|upkeep\n|turn|3\n|\n|t:|1700975746\n|move|p1a: Iron Moth|Fiery Dance|p2a: Glimmora\n|-resisted|p2a: Glimmora\n|-damage|p2a: Glimmora|55\/100\n|-boost|p1a: Iron Moth|spa|1\n|move|p2a: Glimmora|Acid Armor|p2a: Glimmora\n|-boost|p2a: Glimmora|def|2\n|\n|upkeep\n|turn|4\n|\n|t:|1700975760\n|move|p1a: Iron Moth|Energy Ball|p2a: Glimmora\n|-damage|p2a: Glimmora|4\/100\n|-enditem|p2a: Glimmora|Wiki Berry|[eat]\n|-heal|p2a: Glimmora|37\/100|[from] item: Wiki Berry\n|move|p2a: Glimmora|Stealth Rock|p1a: Iron Moth\n|-sidestart|p1: DukeGoolies|move: Stealth Rock\n|\n|upkeep\n|turn|5\n|\n|t:|1700975770\n|move|p1a: Iron Moth|Energy Ball|p2a: Glimmora\n|-damage|p2a: Glimmora|0 fnt\n|faint|p2a: Glimmora\n|\n|upkeep\n|\n|t:|1700975779\n|switch|p2a: Drifblim|Drifblim, F|100\/100\n|turn|6\n|\n|t:|1700975782\n|move|p1a: Iron Moth|Fiery Dance|p2a: Drifblim\n|-damage|p2a: Drifblim|30\/100\n|move|p2a: Drifblim|Minimize|p2a: Drifblim\n|-boost|p2a: Drifblim|evasion|2\n|\n|upkeep\n|turn|7\n|\n|t:|1700975801\n|move|p1a: Iron Moth|Fiery Dance|p2a: Drifblim|[miss]\n|-miss|p1a: Iron Moth|p2a: Drifblim\n|move|p2a: Drifblim|Minimize|p2a: Drifblim\n|-boost|p2a: Drifblim|evasion|2\n|\n|upkeep\n|turn|8\n|\n|t:|1700975807\n|move|p1a: Iron Moth|Fiery Dance|p2a: Drifblim\n|-damage|p2a: Drifblim|0 fnt\n|-boost|p1a: Iron Moth|spa|1\n|faint|p2a: Drifblim\n|\n|upkeep\n|\n|t:|1700975816\n|switch|p2a: Dragapult|Dragapult, M|100\/100\n|turn|9\n|inactive|Battle timer is ON: inactive players will automatically lose when time's up. (requested by bee boy 6382)\n|\n|t:|1700975864\n|move|p1a: Iron Moth|Fiery Dance|p2a: Dragapult\n|-resisted|p2a: Dragapult\n|-damage|p2a: Dragapult|41\/100\n|move|p2a: Dragapult|Fire Blast|p1a: Iron Moth\n|-resisted|p1a: Iron Moth\n|-activate|p1a: Iron Moth|move: Substitute|[damage]\n|\n|upkeep\n|turn|10\n|\n|t:|1700975875\n|move|p1a: Iron Moth|Fiery Dance|p2a: Dragapult\n|-resisted|p2a: Dragapult\n|-damage|p2a: Dragapult|0 fnt\n|-boost|p1a: Iron Moth|spa|1\n|faint|p2a: Dragapult\n|\n|upkeep\n|\n|t:|1700975883\n|switch|p2a: Cinderace|Cinderace, F|100\/100\n|turn|11\n|\n|t:|1700975902\n|move|p1a: Iron Moth|Sludge Wave|p2a: Cinderace\n|-damage|p2a: Cinderace|0 fnt\n|faint|p2a: Cinderace\n|\n|upkeep\n|\n|t:|1700975907\n|switch|p2a: Ceruledge|Ceruledge, F|100\/100\n|turn|12\n|\n|t:|1700975928\n|move|p1a: Iron Moth|Fiery Dance|p2a: Ceruledge\n|-resisted|p2a: Ceruledge\n|-damage|p2a: Ceruledge|60\/100\n|move|p2a: Ceruledge|Phantom Force||[still]\n|-prepare|p2a: Ceruledge|Phantom Force\n|\n|upkeep\n|turn|13\n|\n|t:|1700975942\n|move|p1a: Iron Moth|Fiery Dance|p2a: Ceruledge|[miss]\n|-miss|p1a: Iron Moth|p2a: Ceruledge\n|move|p2a: Ceruledge|Phantom Force|p1a: Iron Moth|[from]lockedmove\n|-end|p1a: Iron Moth|Substitute\n|\n|upkeep\n|turn|14\n|-message|bee boy 6382 forfeited.\n|\n|win|DukeGoolies\n|raw|DukeGoolies's rating: 1111 &rarr; <strong>1134<\/strong><br \/>(+23 for winning)\n|raw|bee boy 6382's rating: 1086 &rarr; <strong>1065<\/strong><br \/>(-21 for losing)\n|l|\u2606bee boy 6382\n","uploadtime":1700975964,"views":15,"p1id":"dukegoolies","p2id":"beeboy6382","formatid":"gen9anythinggoes","rating":1065,"private":0,"password":""}