{"id":"gen9anythinggoes-2000429179","p1":"Ultragaming777","p2":"milesforhire","format":"[Gen 9] Anything Goes","log":"|j|\u2606Ultragaming777\n|j|\u2606milesforhire\n|t:|1701194049\n|gametype|singles\n|player|p1|Ultragaming777|rosa|1195\n|player|p2|milesforhire|rosa-masters2|1247\n|teamsize|p1|6\n|teamsize|p2|6\n|gen|9\n|tier|[Gen 9] Anything Goes\n|rated|\n|rule|HP Percentage Mod: HP is shown in percentages\n|rule|Endless Battle Clause: Forcing endless battles is banned\n|clearpoke\n|poke|p1|Manaphy|\n|poke|p1|Cinderace, M|\n|poke|p1|Gliscor, M|\n|poke|p1|Annihilape, M|\n|poke|p1|Medicham, F|\n|poke|p1|Shaymin-Sky|\n|poke|p2|Skeledirge, F|\n|poke|p2|Rotom-Wash|\n|poke|p2|Slither Wing|\n|poke|p2|Glimmora, M|\n|poke|p2|Dragonite, F|\n|poke|p2|Braviary-Hisui, M|\n|teampreview\n|c|\u2606milesforhire|sick team man\n|\n|t:|1701194062\n|start\n|switch|p1a: Gliscor|Gliscor, M, shiny|100\/100\n|switch|p2a: Glimmora|Glimmora, M|100\/100\n|turn|1\n|inactive|Battle timer is ON: inactive players will automatically lose when time's up. (requested by Ultragaming777)\n|\n|t:|1701194069\n|move|p2a: Glimmora|Spikes|p1a: Gliscor\n|-sidestart|p1: Ultragaming777|Spikes\n|move|p1a: Gliscor|Earthquake|p2a: Glimmora\n|-supereffective|p2a: Glimmora\n|-enditem|p2a: Glimmora|Focus Sash\n|-damage|p2a: Glimmora|1\/100\n|-activate|p2a: Glimmora|ability: Toxic Debris\n|-sidestart|p1: Ultragaming777|move: Toxic Spikes\n|\n|-status|p1a: Gliscor|tox|[from] item: Toxic Orb\n|upkeep\n|turn|2\n|\n|t:|1701194080\n|move|p2a: Glimmora|Stealth Rock|p1a: Gliscor\n|-sidestart|p1: Ultragaming777|move: Stealth Rock\n|move|p1a: Gliscor|Aerial Ace|p2a: Glimmora\n|-resisted|p2a: Glimmora\n|-damage|p2a: Glimmora|0 fnt\n|-activate|p2a: Glimmora|ability: Toxic Debris\n|-sidestart|p1: Ultragaming777|move: Toxic Spikes\n|faint|p2a: Glimmora\n|\n|upkeep\n|\n|t:|1701194090\n|switch|p2a: Braviary|Braviary-Hisui, M, shiny|100\/100\n|turn|3\n|\n|t:|1701194097\n|move|p2a: Braviary|Agility|p2a: Braviary\n|-boost|p2a: Braviary|spe|2\n|move|p1a: Gliscor|Gunk Shot|p2a: Braviary\n|-damage|p2a: Braviary|59\/100\n|\n|upkeep\n|turn|4\n|c|\u2606Ultragaming777|cool shiny\n|\n|t:|1701194109\n|move|p2a: Braviary|Psychic|p1a: Gliscor\n|-damage|p1a: Gliscor|13\/100 tox\n|move|p1a: Gliscor|Gunk Shot|p2a: Braviary\n|-damage|p2a: Braviary|19\/100\n|\n|-heal|p1a: Gliscor|25\/100 tox|[from] ability: Poison Heal\n|upkeep\n|turn|5\n|c|\u2606milesforhire|gliscor also has a cool shiny\n|\n|t:|1701194126\n|move|p2a: Braviary|Psychic|p1a: Gliscor\n|-damage|p1a: Gliscor|0 fnt\n|faint|p1a: Gliscor\n|\n|upkeep\n|c|\u2606Ultragaming777|i know but braviary hisui shiny looks cool\n|\n|t:|1701194143\n|switch|p1a: Cinderace|Cinderace, M|100\/100\n|-damage|p1a: Cinderace|88\/100|[from] Spikes\n|-status|p1a: Cinderace|tox\n|-damage|p1a: Cinderace|64\/100 tox|[from] Stealth Rock\n|turn|6\n|\n|t:|1701194153\n|move|p2a: Braviary|Psychic|p1a: Cinderace\n|-damage|p1a: Cinderace|0 fnt\n|faint|p1a: Cinderace\n|\n|upkeep\n|c|\u2606Ultragaming777|way cooler\n|\n|t:|1701194163\n|switch|p1a: Medicham|Medicham, F, shiny|100\/100\n|-damage|p1a: Medicham|88\/100|[from] Spikes\n|-status|p1a: Medicham|tox\n|-damage|p1a: Medicham|82\/100 tox|[from] Stealth Rock\n|turn|7\n|\n|t:|1701194169\n|move|p2a: Braviary|Hurricane|p1a: Medicham\n|-supereffective|p1a: Medicham\n|-damage|p1a: Medicham|0 fnt\n|faint|p1a: Medicham\n|\n|upkeep\n|\n|t:|1701194174\n|switch|p1a: Manaphy|Manaphy|100\/100\n|-damage|p1a: Manaphy|88\/100|[from] Spikes\n|-status|p1a: Manaphy|tox\n|-damage|p1a: Manaphy|76\/100 tox|[from] Stealth Rock\n|turn|8\n|\n|t:|1701194181\n|move|p2a: Braviary|Psychic|p1a: Manaphy\n|-damage|p1a: Manaphy|12\/100 tox\n|move|p1a: Manaphy|Heart Swap|p2a: Braviary\n|-swapboost|p1a: Manaphy|p2a: Braviary|[from] move: Heart Swap\n|\n|-heal|p1a: Manaphy|18\/100 tox|[from] item: Leftovers\n|-damage|p1a: Manaphy|12\/100 tox|[from] psn\n|upkeep\n|turn|9\n|\n|t:|1701194191\n|move|p1a: Manaphy|Scald|p2a: Braviary\n|-damage|p2a: Braviary|0 fnt\n|faint|p2a: Braviary\n|\n|-heal|p1a: Manaphy|18\/100 tox|[from] item: Leftovers\n|-damage|p1a: Manaphy|6\/100 tox|[from] psn\n|upkeep\n|c|\u2606milesforhire|what a sneaky little trick\n|c|\u2606milesforhire|well played\n|\n|t:|1701194214\n|switch|p2a: Rotom|Rotom-Wash|100\/100\n|turn|10\n|c|\u2606Ultragaming777|im gonna lsoe this one\n|\n|t:|1701194221\n|move|p1a: Manaphy|Energy Ball|p2a: Rotom\n|-supereffective|p2a: Rotom\n|-damage|p2a: Rotom|48\/100\n|move|p2a: Rotom|Volt Switch|p1a: Manaphy\n|-supereffective|p1a: Manaphy\n|-damage|p1a: Manaphy|0 fnt\n|faint|p1a: Manaphy\n|\n|t:|1701194232\n|switch|p2a: Dragonite|Dragonite, F|100\/100|[from] Volt Switch\n|\n|upkeep\n|\n|t:|1701194239\n|switch|p1a: Shaymin|Shaymin-Sky, shiny|100\/100\n|-damage|p1a: Shaymin|75\/100|[from] Stealth Rock\n|turn|11\n|\n|t:|1701194243\n|-terastallize|p1a: Shaymin|Dragon\n|move|p1a: Shaymin|Tera Blast|p2a: Dragonite|[anim] Tera Blast Dragon\n|-supereffective|p2a: Dragonite\n|-damage|p2a: Dragonite|56\/100\n|move|p2a: Dragonite|Dragon Dance|p2a: Dragonite\n|-boost|p2a: Dragonite|atk|1\n|-boost|p2a: Dragonite|spe|1\n|\n|-heal|p1a: Shaymin|82\/100|[from] item: Leftovers\n|upkeep\n|turn|12\n|\n|t:|1701194257\n|move|p2a: Dragonite|Dragon Dance|p2a: Dragonite\n|-boost|p2a: Dragonite|atk|1\n|-boost|p2a: Dragonite|spe|1\n|move|p1a: Shaymin|Air Slash|p2a: Dragonite\n|-damage|p2a: Dragonite|14\/100\n|\n|-heal|p1a: Shaymin|88\/100|[from] item: Leftovers\n|upkeep\n|turn|13\n|\n|t:|1701194266\n|-terastallize|p2a: Dragonite|Normal\n|move|p2a: Dragonite|Extreme Speed|p1a: Shaymin\n|-damage|p1a: Shaymin|0 fnt\n|faint|p1a: Shaymin\n|\n|upkeep\n|\n|t:|1701194269\n|switch|p1a: Annihilape|Annihilape, M|100\/100\n|-damage|p1a: Annihilape|88\/100|[from] Spikes\n|-status|p1a: Annihilape|tox\n|-damage|p1a: Annihilape|82\/100 tox|[from] Stealth Rock\n|turn|14\n|\n|t:|1701194277\n|move|p2a: Dragonite|Roost|p2a: Dragonite\n|-heal|p2a: Dragonite|64\/100\n|move|p1a: Annihilape|Drain Punch|p2a: Dragonite\n|-supereffective|p2a: Dragonite\n|-damage|p2a: Dragonite|0 fnt\n|-heal|p1a: Annihilape|100\/100 tox|[from] drain|[of] p2a: Dragonite\n|faint|p2a: Dragonite\n|\n|-damage|p1a: Annihilape|94\/100 tox|[from] psn\n|upkeep\n|\n|t:|1701194288\n|switch|p2a: Slither Wing|Slither Wing|100\/100\n|turn|15\n|\n|t:|1701194299\n|move|p2a: Slither Wing|First Impression|p1a: Annihilape\n|-resisted|p1a: Annihilape\n|-damage|p1a: Annihilape|74\/100 tox\n|move|p1a: Annihilape|Rage Fist|p2a: Slither Wing\n|-damage|p2a: Slither Wing|32\/100\n|\n|-heal|p1a: Annihilape|80\/100 tox|[from] item: Leftovers\n|-damage|p1a: Annihilape|68\/100 tox|[from] psn\n|upkeep\n|turn|16\n|\n|t:|1701194312\n|-end|p2a: Slither Wing|Protosynthesis|[silent]\n|switch|p2a: Rotom|Rotom-Wash|48\/100\n|move|p1a: Annihilape|Rage Fist|p2a: Rotom\n|-damage|p2a: Rotom|11\/100\n|\n|-heal|p1a: Annihilape|74\/100 tox|[from] item: Leftovers\n|-heal|p2a: Rotom|17\/100|[from] item: Leftovers\n|-damage|p1a: Annihilape|56\/100 tox|[from] psn\n|upkeep\n|turn|17\n|\n|t:|1701194321\n|move|p2a: Rotom|Protect|p2a: Rotom\n|-singleturn|p2a: Rotom|Protect\n|move|p1a: Annihilape|Drain Punch|p2a: Rotom\n|-activate|p2a: Rotom|move: Protect\n|\n|-heal|p1a: Annihilape|62\/100 tox|[from] item: Leftovers\n|-heal|p2a: Rotom|24\/100|[from] item: Leftovers\n|-damage|p1a: Annihilape|38\/100 tox|[from] psn\n|upkeep\n|turn|18\n|\n|t:|1701194331\n|move|p1a: Annihilape|Drain Punch|p2a: Rotom\n|-damage|p2a: Rotom|0 fnt\n|-heal|p1a: Annihilape|47\/100 tox|[from] drain|[of] p2a: Rotom\n|faint|p2a: Rotom\n|\n|-heal|p1a: Annihilape|53\/100 tox|[from] item: Leftovers\n|-damage|p1a: Annihilape|23\/100 tox|[from] psn\n|upkeep\n|\n|t:|1701194339\n|switch|p2a: Skeledirge|Skeledirge, F|100\/100\n|turn|19\n|\n|t:|1701194343\n|move|p1a: Annihilape|Rage Fist|p2a: Skeledirge\n|-supereffective|p2a: Skeledirge\n|-damage|p2a: Skeledirge|44\/100\n|move|p2a: Skeledirge|Shadow Ball|p1a: Annihilape\n|-supereffective|p1a: Annihilape\n|-damage|p1a: Annihilape|0 fnt\n|faint|p1a: Annihilape\n|\n|win|milesforhire\n|raw|Ultragaming777's rating: 1176 &rarr; <strong>1156<\/strong><br \/>(-20 for losing)\n|raw|milesforhire's rating: 1247 &rarr; <strong>1267<\/strong><br \/>(+20 for winning)\n|c|\u2606milesforhire|gg\n","uploadtime":1701194357,"views":0,"p1id":"ultragaming777","p2id":"milesforhire","formatid":"gen9anythinggoes","rating":1156,"private":0,"password":""}