{"id":"gen9anythinggoes-1994669951","p1":"starlyguy","p2":"msemd","format":"[Gen 9] Anything Goes","log":"|j|\u2606starlyguy\n|j|\u2606msemd\n|t:|1700478582\n|gametype|singles\n|player|p1|starlyguy|clerk|1018\n|player|p2|msemd|guitarist-gen4|1105\n|teamsize|p1|6\n|teamsize|p2|6\n|gen|9\n|tier|[Gen 9] Anything Goes\n|rated|\n|rule|HP Percentage Mod: HP is shown in percentages\n|rule|Endless Battle Clause: Forcing endless battles is banned\n|clearpoke\n|poke|p1|Sableye, F|\n|poke|p1|Chimecho, M|\n|poke|p1|Heatran, M|\n|poke|p1|Flutter Mane|\n|poke|p1|Scyther, M|\n|poke|p1|Espathra, F|\n|poke|p2|Arceus|\n|poke|p2|Calyrex-Shadow|\n|poke|p2|Koraidon|\n|poke|p2|Zacian-*|\n|poke|p2|Ting-Lu|\n|poke|p2|Masquerain, F|\n|teampreview\n|inactive|Battle timer is ON: inactive players will automatically lose when time's up. (requested by msemd)\n|\n|t:|1700478587\n|start\n|switch|p1a: Flutter Mane|Flutter Mane|100\/100\n|switch|p2a: Bug Mask|Masquerain, F|100\/100\n|-ability|p2a: Bug Mask|Intimidate|boost\n|-unboost|p1a: Flutter Mane|atk|1\n|turn|1\n|\n|t:|1700478596\n|move|p1a: Flutter Mane|Sunny Day|p1a: Flutter Mane\n|-weather|SunnyDay\n|-activate|p1a: Flutter Mane|ability: Protosynthesis\n|-start|p1a: Flutter Mane|protosynthesisspe\n|move|p2a: Bug Mask|Sticky Web|p1a: Flutter Mane\n|-sidestart|p1: starlyguy|move: Sticky Web\n|\n|-weather|SunnyDay|[upkeep]\n|upkeep\n|turn|2\n|\n|t:|1700478611\n|move|p1a: Flutter Mane|Moonblast|p2a: Bug Mask\n|-damage|p2a: Bug Mask|21\/100\n|move|p2a: Bug Mask|Tailwind|p2a: Bug Mask\n|-sidestart|p2: msemd|move: Tailwind\n|\n|-weather|SunnyDay|[upkeep]\n|upkeep\n|turn|3\n|\n|t:|1700478624\n|move|p1a: Flutter Mane|Dazzling Gleam|p2a: Bug Mask\n|-damage|p2a: Bug Mask|0 fnt\n|faint|p2a: Bug Mask\n|\n|-weather|SunnyDay|[upkeep]\n|upkeep\n|\n|t:|1700478632\n|switch|p2a: Bullwinkle|Ting-Lu|100\/100\n|-ability|p2a: Bullwinkle|Vessel of Ruin\n|turn|4\n|\n|t:|1700478657\n|-terastallize|p2a: Bullwinkle|Grass\n|move|p1a: Flutter Mane|Moonblast|p2a: Bullwinkle\n|-damage|p2a: Bullwinkle|81\/100\n|-unboost|p2a: Bullwinkle|spa|1\n|move|p2a: Bullwinkle|Spikes|p1a: Flutter Mane\n|-sidestart|p1: starlyguy|Spikes\n|\n|-weather|SunnyDay|[upkeep]\n|-heal|p2a: Bullwinkle|87\/100|[from] item: Leftovers\n|upkeep\n|turn|5\n|\n|t:|1700478669\n|-end|p1a: Flutter Mane|Protosynthesis|[silent]\n|switch|p1a: Heatran|Heatran, M, shiny|100\/100\n|-activate|p1a: Heatran|move: Sticky Web\n|-unboost|p1a: Heatran|spe|1\n|-damage|p1a: Heatran|88\/100|[from] Spikes\n|move|p2a: Bullwinkle|Spikes|p1a: Heatran\n|-sidestart|p1: starlyguy|Spikes\n|\n|-weather|SunnyDay|[upkeep]\n|-heal|p2a: Bullwinkle|93\/100|[from] item: Leftovers\n|-sideend|p2: msemd|move: Tailwind\n|upkeep\n|turn|6\n|\n|t:|1700478677\n|move|p2a: Bullwinkle|Spikes|p1a: Heatran\n|-sidestart|p1: starlyguy|Spikes\n|move|p1a: Heatran|Heat Crash|p2a: Bullwinkle\n|-supereffective|p2a: Bullwinkle\n|-damage|p2a: Bullwinkle|74\/100\n|\n|-weather|SunnyDay|[upkeep]\n|-heal|p2a: Bullwinkle|80\/100|[from] item: Leftovers\n|upkeep\n|turn|7\n|\n|t:|1700478686\n|move|p2a: Bullwinkle|Stealth Rock|p1a: Heatran\n|-sidestart|p1: starlyguy|move: Stealth Rock\n|move|p1a: Heatran|Heat Crash|p2a: Bullwinkle\n|-supereffective|p2a: Bullwinkle\n|-damage|p2a: Bullwinkle|60\/100\n|\n|-weather|SunnyDay|[upkeep]\n|-heal|p2a: Bullwinkle|66\/100|[from] item: Leftovers\n|upkeep\n|turn|8\n|\n|t:|1700478691\n|move|p1a: Heatran|Heat Crash|p2a: Bullwinkle\n|-supereffective|p2a: Bullwinkle\n|-damage|p2a: Bullwinkle|46\/100\n|move|p2a: Bullwinkle|Whirlwind|p1a: Heatran\n|drag|p1a: Scyther|Scyther, M, shiny|100\/100\n|-damage|p1a: Scyther|51\/100|[from] Stealth Rock\n|\n|-weather|none\n|-heal|p2a: Bullwinkle|52\/100|[from] item: Leftovers\n|upkeep\n|turn|9\n|\n|t:|1700478703\n|move|p1a: Scyther|Dual Wingbeat|p2a: Bullwinkle\n|-supereffective|p2a: Bullwinkle\n|-damage|p2a: Bullwinkle|19\/100\n|-supereffective|p2a: Bullwinkle\n|-damage|p2a: Bullwinkle|0 fnt\n|faint|p2a: Bullwinkle\n|-hitcount|p2: Bullwinkle|2\n|\n|upkeep\n|\n|t:|1700478717\n|switch|p2a: Calyrex|Calyrex-Shadow|100\/100\n|-ability|p2a: Calyrex|As One\n|-ability|p2a: Calyrex|Unnerve\n|turn|10\n|\n|t:|1700478728\n|move|p2a: Calyrex|Astral Barrage|p1a: Scyther\n|-damage|p1a: Scyther|0 fnt\n|faint|p1a: Scyther\n|-ability|p2a: Calyrex|Grim Neigh|boost\n|-boost|p2a: Calyrex|spa|1\n|\n|upkeep\n|\n|t:|1700478738\n|switch|p1a: Flutter Mane|Flutter Mane|100\/100\n|-activate|p1a: Flutter Mane|move: Sticky Web\n|-unboost|p1a: Flutter Mane|spe|1\n|-damage|p1a: Flutter Mane|76\/100|[from] Spikes\n|-damage|p1a: Flutter Mane|63\/100|[from] Stealth Rock\n|turn|11\n|\n|t:|1700478747\n|move|p2a: Calyrex|Astral Barrage|p1a: Flutter Mane\n|-supereffective|p1a: Flutter Mane\n|-damage|p1a: Flutter Mane|0 fnt\n|faint|p1a: Flutter Mane\n|-end|p1a: Flutter Mane|Protosynthesis|[silent]\n|-ability|p2a: Calyrex|Grim Neigh|boost\n|-boost|p2a: Calyrex|spa|1\n|\n|upkeep\n|\n|t:|1700478753\n|switch|p1a: Heatran|Heatran, M, shiny|88\/100\n|-activate|p1a: Heatran|move: Sticky Web\n|-unboost|p1a: Heatran|spe|1\n|-damage|p1a: Heatran|63\/100|[from] Spikes\n|-damage|p1a: Heatran|51\/100|[from] Stealth Rock\n|turn|12\n|\n|t:|1700478762\n|move|p2a: Calyrex|Astral Barrage|p1a: Heatran\n|-damage|p1a: Heatran|0 fnt\n|faint|p1a: Heatran\n|-ability|p2a: Calyrex|Grim Neigh|boost\n|-boost|p2a: Calyrex|spa|1\n|\n|upkeep\n|\n|t:|1700478766\n|switch|p1a: Espathra|Espathra, F|100\/100\n|-activate|p1a: Espathra|move: Sticky Web\n|-unboost|p1a: Espathra|spe|1\n|-damage|p1a: Espathra|76\/100|[from] Spikes\n|-damage|p1a: Espathra|63\/100|[from] Stealth Rock\n|turn|13\n|\n|t:|1700478782\n|move|p1a: Espathra|Protect|p1a: Espathra\n|-singleturn|p1a: Espathra|Protect\n|move|p2a: Calyrex|Astral Barrage|p1a: Espathra\n|-activate|p1a: Espathra|move: Protect\n|\n|-heal|p1a: Espathra|69\/100|[from] item: Leftovers\n|-ability|p1a: Espathra|Speed Boost|boost\n|-boost|p1a: Espathra|spe|1\n|upkeep\n|turn|14\n|\n|t:|1700478793\n|move|p2a: Calyrex|Astral Barrage|p1a: Espathra\n|-supereffective|p1a: Espathra\n|-damage|p1a: Espathra|0 fnt\n|faint|p1a: Espathra\n|-ability|p2a: Calyrex|Grim Neigh|boost\n|-boost|p2a: Calyrex|spa|1\n|\n|upkeep\n|\n|t:|1700478797\n|switch|p1a: Chimecho|Chimecho, M, shiny|100\/100\n|-damage|p1a: Chimecho|88\/100|[from] Stealth Rock\n|turn|15\n|\n|t:|1700478805\n|move|p2a: Calyrex|Astral Barrage|p1a: Chimecho\n|-supereffective|p1a: Chimecho\n|-damage|p1a: Chimecho|0 fnt\n|faint|p1a: Chimecho\n|-ability|p2a: Calyrex|Grim Neigh|boost\n|-boost|p2a: Calyrex|spa|1\n|\n|upkeep\n|\n|t:|1700478807\n|switch|p1a: Sableye|Sableye, F, shiny|100\/100\n|-activate|p1a: Sableye|move: Sticky Web\n|-unboost|p1a: Sableye|spe|1\n|-damage|p1a: Sableye|76\/100|[from] Spikes\n|-damage|p1a: Sableye|64\/100|[from] Stealth Rock\n|turn|16\n|\n|t:|1700478819\n|move|p2a: Calyrex|Astral Barrage|p1a: Sableye\n|-damage|p1a: Sableye|0 fnt\n|faint|p1a: Sableye\n|\n|win|msemd\n|raw|starlyguy's rating: 1018 &rarr; <strong>1008<\/strong><br \/>(-10 for losing)\n|raw|msemd's rating: 1105 &rarr; <strong>1124<\/strong><br \/>(+19 for winning)\n|l|\u2606starlyguy\n","uploadtime":1700478834,"views":2,"p1id":"starlyguy","p2id":"msemd","formatid":"gen9anythinggoes","rating":1008,"private":0,"password":""}