{"id":"gen9anythinggoes-1992441590","p1":"Xearneaas","p2":"NIicoNIico","format":"[Gen 9] Anything Goes","log":"|j|\u2606Xearneaas\n|j|\u2606NIicoNIico\n|t:|1700188002\n|gametype|singles\n|player|p1|Xearneaas|1|1000\n|player|p2|NIicoNIico|2|1000\n|teamsize|p1|6\n|teamsize|p2|6\n|gen|9\n|tier|[Gen 9] Anything Goes\n|rated|\n|rule|HP Percentage Mod: HP is shown in percentages\n|rule|Endless Battle Clause: Forcing endless battles is banned\n|clearpoke\n|poke|p1|Glimmora, M|\n|poke|p1|Dudunsparce-*, M|\n|poke|p1|Ditto|\n|poke|p1|Maushold|\n|poke|p1|Annihilape, F|\n|poke|p1|Scovillain, F|\n|poke|p2|Maushold-Four|\n|poke|p2|Mienshao, F|\n|poke|p2|Torkoal, F|\n|poke|p2|Tropius, F|\n|poke|p2|Slowbro-Galar, M|\n|poke|p2|Basculegion, M|\n|teampreview\n|\n|t:|1700188005\n|start\n|switch|p1a: Glimmora|Glimmora, M|100\/100\n|switch|p2a: Mienshao|Mienshao, F|100\/100\n|turn|1\n|\n|t:|1700188018\n|move|p2a: Mienshao|Hone Claws|p2a: Mienshao\n|-boost|p2a: Mienshao|atk|1\n|-boost|p2a: Mienshao|accuracy|1\n|move|p1a: Glimmora|Stealth Rock|p2a: Mienshao\n|-sidestart|p2: NIicoNIico|move: Stealth Rock\n|\n|upkeep\n|turn|2\n|\n|t:|1700188029\n|move|p2a: Mienshao|Agility|p2a: Mienshao\n|-boost|p2a: Mienshao|spe|2\n|move|p1a: Glimmora|Spikes|p2a: Mienshao\n|-sidestart|p2: NIicoNIico|Spikes\n|\n|upkeep\n|turn|3\n|\n|t:|1700188038\n|move|p2a: Mienshao|Baton Pass|p2a: Mienshao\n|\n|t:|1700188040\n|switch|p2a: Maushold|Maushold-Four|100\/100|[from] Baton Pass\n|-damage|p2a: Maushold|88\/100|[from] Stealth Rock\n|-damage|p2a: Maushold|76\/100|[from] Spikes\n|move|p1a: Glimmora|Spikes|p2a: Maushold\n|-sidestart|p2: NIicoNIico|Spikes\n|\n|upkeep\n|turn|4\n|\n|t:|1700188049\n|move|p2a: Maushold|Tidy Up|p2a: Maushold\n|-sideend|p2: NIicoNIico|Spikes\n|-sideend|p2: NIicoNIico|Stealth Rock\n|-activate|p2a: Maushold|move: Tidy Up\n|-boost|p2a: Maushold|atk|1\n|-boost|p2a: Maushold|spe|1\n|move|p1a: Glimmora|Spikes|p2a: Maushold\n|-sidestart|p2: NIicoNIico|Spikes\n|\n|upkeep\n|turn|5\n|\n|t:|1700188055\n|move|p2a: Maushold|Substitute|p2a: Maushold\n|-start|p2a: Maushold|Substitute\n|-damage|p2a: Maushold|51\/100\n|move|p1a: Glimmora|Stealth Rock|p2a: Maushold\n|-sidestart|p2: NIicoNIico|move: Stealth Rock\n|\n|upkeep\n|turn|6\n|\n|t:|1700188062\n|move|p2a: Maushold|Tidy Up|p2a: Maushold\n|-end|p2a: Maushold|Substitute\n|-sideend|p2: NIicoNIico|Spikes\n|-sideend|p2: NIicoNIico|Stealth Rock\n|-activate|p2a: Maushold|move: Tidy Up\n|-boost|p2a: Maushold|atk|1\n|-boost|p2a: Maushold|spe|1\n|move|p1a: Glimmora|Spikes|p2a: Maushold\n|-sidestart|p2: NIicoNIico|Spikes\n|\n|upkeep\n|turn|7\n|\n|t:|1700188072\n|move|p2a: Maushold|Substitute|p2a: Maushold\n|-start|p2a: Maushold|Substitute\n|-damage|p2a: Maushold|26\/100\n|move|p1a: Glimmora|Stealth Rock|p2a: Maushold\n|-sidestart|p2: NIicoNIico|move: Stealth Rock\n|\n|upkeep\n|turn|8\n|\n|t:|1700188077\n|move|p2a: Maushold|Population Bomb|p1a: Glimmora\n|-resisted|p1a: Glimmora\n|-damage|p1a: Glimmora|81\/100\n|-activate|p1a: Glimmora|ability: Toxic Debris\n|-sidestart|p2: NIicoNIico|move: Toxic Spikes\n|-resisted|p1a: Glimmora\n|-damage|p1a: Glimmora|64\/100\n|-activate|p1a: Glimmora|ability: Toxic Debris\n|-sidestart|p2: NIicoNIico|move: Toxic Spikes\n|-resisted|p1a: Glimmora\n|-damage|p1a: Glimmora|44\/100\n|-resisted|p1a: Glimmora\n|-damage|p1a: Glimmora|26\/100\n|-resisted|p1a: Glimmora\n|-damage|p1a: Glimmora|6\/100\n|-resisted|p1a: Glimmora\n|-damage|p1a: Glimmora|0 fnt\n|faint|p1a: Glimmora\n|-hitcount|p1: Glimmora|6\n|\n|upkeep\n|\n|t:|1700188098\n|switch|p1a: Ditto|Ditto|100\/100\n|turn|9\n|\n|t:|1700188103\n|move|p2a: Maushold|Population Bomb|p1a: Ditto\n|-damage|p1a: Ditto|63\/100\n|-damage|p1a: Ditto|23\/100\n|-damage|p1a: Ditto|0 fnt\n|faint|p1a: Ditto\n|-hitcount|p1: Ditto|3\n|\n|upkeep\n|\n|t:|1700188108\n|switch|p1a: Dudunsparce|Dudunsparce, M|100\/100\n|turn|10\n|\n|t:|1700188114\n|move|p2a: Maushold|Population Bomb|p1a: Dudunsparce\n|-damage|p1a: Dudunsparce|73\/100\n|-damage|p1a: Dudunsparce|46\/100\n|-damage|p1a: Dudunsparce|21\/100\n|-damage|p1a: Dudunsparce|0 fnt\n|faint|p1a: Dudunsparce\n|-hitcount|p1: Dudunsparce|4\n|\n|upkeep\n|-message|Xearneaas forfeited.\n|\n|win|NIicoNIico\n|raw|Xearneaas's rating: 1000 &rarr; <strong>1000<\/strong><br \/>(+0 for losing)\n|raw|NIicoNIico's rating: 1000 &rarr; <strong>1040<\/strong><br \/>(+40 for winning)\n","uploadtime":1700188127,"views":12,"p1id":"xearneaas","p2id":"niiconiico","formatid":"gen9anythinggoes","rating":1000,"private":0,"password":""}