{"id":"gen9anythinggoes-1983780618","p1":"qwerty9qwerty","p2":"Shade_Vinatieri","format":"[Gen 9] Anything Goes","log":"|j|\u2606qwerty9qwerty\n|j|\u2606Shade_Vinatieri\n|t:|1699179730\n|gametype|singles\n|player|p1|qwerty9qwerty|101|1225\n|player|p2|Shade_Vinatieri|rocketgruntf|1243\n|teamsize|p1|6\n|teamsize|p2|6\n|gen|9\n|tier|[Gen 9] Anything Goes\n|rated|\n|rule|HP Percentage Mod: HP is shown in percentages\n|rule|Endless Battle Clause: Forcing endless battles is banned\n|clearpoke\n|poke|p1|Iron Bundle|\n|poke|p1|Kingambit, M|\n|poke|p1|Arcanine-Hisui, F|\n|poke|p1|Cyclizar, F|\n|poke|p1|Flutter Mane|\n|poke|p1|Murkrow, F|\n|poke|p2|Iron Valiant|\n|poke|p2|Ribombee, F|\n|poke|p2|Goodra-Hisui, F|\n|poke|p2|Vivillon-Monsoon, F|\n|poke|p2|Flutter Mane|\n|poke|p2|Rotom-Heat|\n|teampreview\n|\n|t:|1699179742\n|start\n|switch|p1a: no setup plz|Murkrow, F|100\/100\n|switch|p2a: Ribombee|Ribombee, F, shiny|100\/100\n|turn|1\n|\n|t:|1699179751\n|move|p1a: no setup plz|Taunt|p2a: Ribombee\n|-start|p2a: Ribombee|move: Taunt\n|cant|p2a: Ribombee|move: Taunt|Sticky Web\n|\n|upkeep\n|turn|2\n|\n|t:|1699179757\n|move|p1a: no setup plz|Thunder Wave|p2a: Ribombee\n|-status|p2a: Ribombee|par\n|move|p2a: Ribombee|Moonblast|p1a: no setup plz\n|-supereffective|p1a: no setup plz\n|-damage|p1a: no setup plz|17\/100\n|-unboost|p1a: no setup plz|spa|1\n|\n|upkeep\n|turn|3\n|\n|t:|1699179770\n|switch|p1a: sword smith|Kingambit, M|100\/100\n|move|p2a: Ribombee|Moonblast|p1a: sword smith\n|-damage|p1a: sword smith|64\/100\n|\n|-heal|p1a: sword smith|70\/100|[from] item: Leftovers\n|-end|p2a: Ribombee|move: Taunt\n|upkeep\n|turn|4\n|\n|t:|1699179780\n|move|p2a: Ribombee|Sticky Web|p1a: sword smith\n|-sidestart|p1: qwerty9qwerty|move: Sticky Web\n|move|p1a: sword smith|Swords Dance|p1a: sword smith\n|-boost|p1a: sword smith|atk|2\n|\n|-heal|p1a: sword smith|76\/100|[from] item: Leftovers\n|upkeep\n|turn|5\n|\n|t:|1699179788\n|cant|p2a: Ribombee|par\n|move|p1a: sword smith|Swords Dance|p1a: sword smith\n|-boost|p1a: sword smith|atk|2\n|\n|-heal|p1a: sword smith|83\/100|[from] item: Leftovers\n|upkeep\n|turn|6\n|\n|t:|1699179805\n|move|p2a: Ribombee|Moonblast|p1a: sword smith\n|-damage|p1a: sword smith|45\/100\n|move|p1a: sword smith|Kowtow Cleave|p2a: Ribombee\n|-resisted|p2a: Ribombee\n|-enditem|p2a: Ribombee|Focus Sash\n|-damage|p2a: Ribombee|1\/100 par\n|\n|-heal|p1a: sword smith|51\/100|[from] item: Leftovers\n|upkeep\n|turn|7\n|\n|t:|1699179814\n|move|p1a: sword smith|Sucker Punch|p2a: Ribombee\n|-resisted|p2a: Ribombee\n|-damage|p2a: Ribombee|0 fnt\n|faint|p2a: Ribombee\n|\n|-heal|p1a: sword smith|58\/100|[from] item: Leftovers\n|upkeep\n|inactive|Battle timer is ON: inactive players will automatically lose when time's up. (requested by qwerty9qwerty)\n|\n|t:|1699179823\n|switch|p2a: Vivillon|Vivillon-Monsoon, F, shiny|100\/100\n|turn|8\n|\n|t:|1699179828\n|move|p2a: Vivillon|Sleep Powder|p1a: sword smith\n|-status|p1a: sword smith|slp|[from] move: Sleep Powder\n|cant|p1a: sword smith|slp\n|\n|-heal|p1a: sword smith|64\/100 slp|[from] item: Leftovers\n|upkeep\n|turn|9\n|\n|t:|1699179833\n|move|p2a: Vivillon|Quiver Dance|p2a: Vivillon\n|-boost|p2a: Vivillon|spa|1\n|-boost|p2a: Vivillon|spd|1\n|-boost|p2a: Vivillon|spe|1\n|-curestatus|p1a: sword smith|slp|[msg]\n|move|p1a: sword smith|Kowtow Cleave|p2a: Vivillon\n|-damage|p2a: Vivillon|0 fnt\n|faint|p2a: Vivillon\n|\n|-heal|p1a: sword smith|70\/100|[from] item: Leftovers\n|upkeep\n|c|\u2606qwerty9qwerty|LMAO\n|c|\u2606qwerty9qwerty|1 TURN\n|\n|t:|1699179850\n|switch|p2a: Rotom|Rotom-Heat|100\/100\n|turn|10\n|\n|t:|1699179858\n|move|p1a: sword smith|Sucker Punch|p2a: Rotom\n|-damage|p2a: Rotom|0 fnt\n|faint|p2a: Rotom\n|\n|-heal|p1a: sword smith|76\/100|[from] item: Leftovers\n|upkeep\n|\n|t:|1699179862\n|switch|p2a: Iron Valiant|Iron Valiant, shiny|100\/100\n|-enditem|p2a: Iron Valiant|Booster Energy\n|-activate|p2a: Iron Valiant|ability: Quark Drive|[fromitem]\n|-start|p2a: Iron Valiant|quarkdrivespe\n|turn|11\n|\n|t:|1699179868\n|move|p1a: sword smith|Sucker Punch|p2a: Iron Valiant\n|-resisted|p2a: Iron Valiant\n|-crit|p2a: Iron Valiant\n|-damage|p2a: Iron Valiant|42\/100\n|move|p2a: Iron Valiant|Close Combat|p1a: sword smith\n|-supereffective|p1a: sword smith\n|-damage|p1a: sword smith|0 fnt\n|-unboost|p2a: Iron Valiant|def|1\n|-unboost|p2a: Iron Valiant|spd|1\n|faint|p1a: sword smith\n|-end|p1a: sword smith|fallenundefined|[silent]\n|\n|upkeep\n|\n|t:|1699179885\n|switch|p1a: maneblade|Flutter Mane|100\/100\n|-activate|p1a: maneblade|move: Sticky Web\n|-unboost|p1a: maneblade|spe|1\n|-enditem|p1a: maneblade|Booster Energy\n|-activate|p1a: maneblade|ability: Protosynthesis|[fromitem]\n|-start|p1a: maneblade|protosynthesisspa\n|turn|12\n|\n|t:|1699179903\n|move|p2a: Iron Valiant|Leaf Blade|p1a: maneblade\n|-damage|p1a: maneblade|30\/100\n|move|p1a: maneblade|Dark Pulse|p2a: Iron Valiant\n|-resisted|p2a: Iron Valiant\n|-damage|p2a: Iron Valiant|17\/100\n|\n|upkeep\n|turn|13\n|\n|t:|1699179918\n|-end|p1a: maneblade|Protosynthesis|[silent]\n|switch|p1a: no setup plz|Murkrow, F|17\/100\n|move|p2a: Iron Valiant|Leaf Blade|p1a: no setup plz\n|-resisted|p1a: no setup plz\n|-damage|p1a: no setup plz|0 fnt\n|faint|p1a: no setup plz\n|\n|upkeep\n|\n|t:|1699179921\n|switch|p1a: whats up and bye|Cyclizar, F|100\/100\n|-activate|p1a: whats up and bye|move: Sticky Web\n|-unboost|p1a: whats up and bye|spe|1\n|turn|14\n|\n|t:|1699179936\n|-terastallize|p1a: whats up and bye|Fairy\n|move|p2a: Iron Valiant|Close Combat|p1a: whats up and bye\n|-resisted|p1a: whats up and bye\n|-damage|p1a: whats up and bye|50\/100\n|-unboost|p2a: Iron Valiant|def|1\n|-unboost|p2a: Iron Valiant|spd|1\n|move|p1a: whats up and bye|Rapid Spin|p2a: Iron Valiant\n|-damage|p2a: Iron Valiant|0 fnt\n|-boost|p1a: whats up and bye|spe|1\n|-sideend|p1: qwerty9qwerty|Sticky Web|[from] move: Rapid Spin|[of] p1a: whats up and bye\n|faint|p2a: Iron Valiant\n|-end|p2a: Iron Valiant|Quark Drive|[silent]\n|\n|upkeep\n|\n|t:|1699179950\n|switch|p2a: Flutter Mane|Flutter Mane|100\/100\n|-enditem|p2a: Flutter Mane|Booster Energy\n|-activate|p2a: Flutter Mane|ability: Protosynthesis|[fromitem]\n|-start|p2a: Flutter Mane|protosynthesisspe\n|turn|15\n|\n|t:|1699179974\n|move|p2a: Flutter Mane|Moonblast|p1a: whats up and bye\n|-damage|p1a: whats up and bye|0 fnt\n|faint|p1a: whats up and bye\n|\n|upkeep\n|\n|t:|1699179979\n|switch|p1a: doge bonker|Arcanine-Hisui, F|100\/100\n|turn|16\n|\n|t:|1699179993\n|-terastallize|p2a: Flutter Mane|Fairy\n|move|p2a: Flutter Mane|Moonblast|p1a: doge bonker\n|-resisted|p1a: doge bonker\n|-damage|p1a: doge bonker|58\/100\n|move|p1a: doge bonker|Flare Blitz|p2a: Flutter Mane\n|-damage|p2a: Flutter Mane|0 fnt\n|faint|p2a: Flutter Mane\n|-end|p2a: Flutter Mane|Protosynthesis|[silent]\n|\n|upkeep\n|\n|t:|1699180000\n|switch|p2a: Goodra|Goodra-Hisui, F|100\/100\n|turn|17\n|\n|t:|1699180007\n|move|p1a: doge bonker|Flare Blitz|p2a: Goodra\n|-damage|p2a: Goodra|45\/100\n|move|p2a: Goodra|Muddy Water|p1a: doge bonker\n|-supereffective|p1a: doge bonker\n|-damage|p1a: doge bonker|0 fnt\n|faint|p1a: doge bonker\n|\n|-heal|p2a: Goodra|52\/100|[from] item: Leftovers\n|upkeep\n|\n|t:|1699180012\n|switch|p1a: f u calyrex|Iron Bundle|100\/100\n|-enditem|p1a: f u calyrex|Booster Energy\n|-activate|p1a: f u calyrex|ability: Quark Drive|[fromitem]\n|-start|p1a: f u calyrex|quarkdrivespe\n|turn|18\n|\n|t:|1699180024\n|move|p1a: f u calyrex|Hydro Pump|p2a: Goodra\n|-resisted|p2a: Goodra\n|-damage|p2a: Goodra|32\/100\n|move|p2a: Goodra|Flash Cannon|p1a: f u calyrex\n|-damage|p1a: f u calyrex|39\/100\n|\n|-heal|p2a: Goodra|38\/100|[from] item: Leftovers\n|upkeep\n|turn|19\n|\n|t:|1699180031\n|move|p1a: f u calyrex|Freeze-Dry|p2a: Goodra\n|-damage|p2a: Goodra|14\/100\n|move|p2a: Goodra|Flash Cannon|p1a: f u calyrex\n|-damage|p1a: f u calyrex|0 fnt\n|faint|p1a: f u calyrex\n|-end|p1a: f u calyrex|Quark Drive|[silent]\n|\n|-heal|p2a: Goodra|20\/100|[from] item: Leftovers\n|upkeep\n|c|\u2606qwerty9qwerty|gg\n|\n|t:|1699180040\n|switch|p1a: maneblade|Flutter Mane|30\/100\n|turn|20\n|c|\u2606Shade_Vinatieri|Gg\n|\n|t:|1699180046\n|move|p1a: maneblade|Mystical Fire|p2a: Goodra\n|-damage|p2a: Goodra|4\/100\n|-unboost|p2a: Goodra|spa|1\n|move|p2a: Goodra|Flash Cannon|p1a: maneblade\n|-supereffective|p1a: maneblade\n|-crit|p1a: maneblade\n|-damage|p1a: maneblade|0 fnt\n|faint|p1a: maneblade\n|-end|p1a: maneblade|Protosynthesis|[silent]\n|\n|win|Shade_Vinatieri\n|raw|qwerty9qwerty's rating: 1225 &rarr; <strong>1201<\/strong><br \/>(-24 for losing)\n|raw|Shade_Vinatieri's rating: 1243 &rarr; <strong>1267<\/strong><br \/>(+24 for winning)\n|l|\u2606qwerty9qwerty\n|c|\u2606Shade_Vinatieri|I win\n","uploadtime":1699180088,"views":6,"p1id":"qwerty9qwerty","p2id":"shadevinatieri","formatid":"gen9anythinggoes","rating":1201,"private":0,"password":""}