{"id":"gen9anythinggoes-2000009077","p1":"MisterFlynt","p2":"MrDrKyleSir","format":"[Gen 9] Anything Goes","log":"|j|\u2606MisterFlynt\n|j|\u2606MrDrKyleSir\n|t:|1701140650\n|gametype|singles\n|player|p1|MisterFlynt|hoopster|\n|player|p2|MrDrKyleSir|266|\n|teamsize|p1|6\n|teamsize|p2|6\n|gen|9\n|tier|[Gen 9] Anything Goes\n|rule|HP Percentage Mod: HP is shown in percentages\n|rule|Endless Battle Clause: Forcing endless battles is banned\n|clearpoke\n|poke|p1|Diancie|\n|poke|p1|Donphan, F|\n|poke|p1|Manaphy|\n|poke|p1|Politoed, F|\n|poke|p1|Goodra-Hisui, M|\n|poke|p1|Houndstone, M|\n|poke|p2|Eelektross, F|\n|poke|p2|Tyranitar, M|\n|poke|p2|Azumarill, F|\n|poke|p2|Volcarona, F|\n|poke|p2|Glimmora, M|\n|poke|p2|Drifblim, M|\n|teampreview\n|\n|t:|1701140671\n|start\n|switch|p1a: Politoed|Politoed, F, shiny|100\/100\n|switch|p2a: Rock|Glimmora, M|100\/100\n|-weather|RainDance|[from] ability: Drizzle|[of] p1a: Politoed\n|turn|1\n|\n|t:|1701140685\n|move|p2a: Rock|Toxic Spikes|p1a: Politoed\n|-sidestart|p1: MisterFlynt|move: Toxic Spikes\n|move|p1a: Politoed|Surf|p2a: Rock\n|-supereffective|p2a: Rock\n|-damage|p2a: Rock|9\/100\n|\n|-weather|RainDance|[upkeep]\n|upkeep\n|turn|2\n|\n|t:|1701140709\n|move|p2a: Rock|Toxic Spikes|p1a: Politoed\n|-sidestart|p1: MisterFlynt|move: Toxic Spikes\n|move|p1a: Politoed|Surf|p2a: Rock\n|-supereffective|p2a: Rock\n|-damage|p2a: Rock|0 fnt\n|faint|p2a: Rock\n|\n|-weather|RainDance|[upkeep]\n|upkeep\n|\n|t:|1701140725\n|switch|p2a: Escalators|Eelektross, F|100\/100\n|turn|3\n|\n|t:|1701140747\n|switch|p1a: Donphan|Donphan, F|100\/100\n|move|p2a: Escalators|Thunderbolt|p1a: Donphan\n|-immune|p1a: Donphan\n|\n|-weather|RainDance|[upkeep]\n|upkeep\n|turn|4\n|j| MeegleFreeg\n|\n|t:|1701140777\n|move|p1a: Donphan|Knock Off|p2a: Escalators\n|-damage|p2a: Escalators|69\/100\n|-enditem|p2a: Escalators|Assault Vest|[from] move: Knock Off|[of] p1a: Donphan\n|move|p2a: Escalators|Liquidation|p1a: Donphan\n|-supereffective|p1a: Donphan\n|-damage|p1a: Donphan|32\/100\n|\n|-weather|RainDance|[upkeep]\n|upkeep\n|turn|5\n|c| MeegleFreeg|I watch\n|c| MeegleFreeg|Still upload though I'm too lazy to update doc rn\n|\n|t:|1701140832\n|move|p1a: Donphan|Rapid Spin|p2a: Escalators\n|-damage|p2a: Escalators|53\/100\n|-boost|p1a: Donphan|spe|1\n|-sideend|p1: MisterFlynt|Toxic Spikes|[from] move: Rapid Spin|[of] p1a: Donphan\n|move|p2a: Escalators|Liquidation|p1a: Donphan\n|-supereffective|p1a: Donphan\n|-damage|p1a: Donphan|0 fnt\n|faint|p1a: Donphan\n|\n|-weather|RainDance|[upkeep]\n|upkeep\n|\n|t:|1701140843\n|switch|p1a: Goodra|Goodra-Hisui, M, shiny|100\/100\n|turn|6\n|\n|t:|1701140853\n|move|p1a: Goodra|Draco Meteor|p2a: Escalators\n|-damage|p2a: Escalators|3\/100\n|-unboost|p1a: Goodra|spa|2\n|move|p2a: Escalators|Drain Punch|p1a: Goodra\n|-supereffective|p1a: Goodra\n|-damage|p1a: Goodra|60\/100\n|-heal|p2a: Escalators|23\/100|[from] drain|[of] p1a: Goodra\n|\n|-weather|RainDance|[upkeep]\n|-heal|p1a: Goodra|66\/100|[from] item: Leftovers\n|upkeep\n|turn|7\n|\n|t:|1701140908\n|switch|p1a: Houndstone|Houndstone, M|100\/100\n|move|p2a: Escalators|Drain Punch|p1a: Houndstone\n|-immune|p1a: Houndstone\n|\n|-weather|RainDance|[upkeep]\n|upkeep\n|turn|8\n|\n|t:|1701140918\n|switch|p2a: Bloons|Drifblim, M|100\/100\n|move|p1a: Houndstone|Shadow Sneak|p2a: Bloons\n|-supereffective|p2a: Bloons\n|-damage|p2a: Bloons|7\/100\n|-enditem|p2a: Bloons|Sitrus Berry|[eat]\n|-heal|p2a: Bloons|32\/100|[from] item: Sitrus Berry\n|\n|-weather|none\n|upkeep\n|turn|9\n|\n|t:|1701140936\n|move|p1a: Houndstone|Shadow Sneak|p2a: Bloons\n|-supereffective|p2a: Bloons\n|-crit|p2a: Bloons\n|-damage|p2a: Bloons|0 fnt\n|-damage|p1a: Houndstone|76\/100|[from] ability: Aftermath|[of] p2a: Bloons\n|faint|p2a: Bloons\n|\n|upkeep\n|\n|t:|1701140943\n|switch|p2a: Gojira|Tyranitar, M|100\/100\n|-ability|p2a: Gojira|Unnerve\n|-item|p2a: Gojira|Air Balloon\n|turn|10\n|\n|t:|1701140968\n|switch|p1a: Diancie|Diancie|100\/100\n|move|p2a: Gojira|Crunch|p1a: Diancie\n|-resisted|p1a: Diancie\n|-damage|p1a: Diancie|83\/100\n|\n|-heal|p1a: Diancie|89\/100|[from] item: Leftovers\n|upkeep\n|turn|11\n|\n|t:|1701140980\n|move|p2a: Gojira|Brick Break|p1a: Diancie\n|-damage|p1a: Diancie|67\/100\n|move|p1a: Diancie|Calm Mind|p1a: Diancie\n|-boost|p1a: Diancie|spa|1\n|-boost|p1a: Diancie|spd|1\n|\n|-heal|p1a: Diancie|74\/100|[from] item: Leftovers\n|upkeep\n|turn|12\n|\n|t:|1701140991\n|move|p2a: Gojira|Brick Break|p1a: Diancie\n|-damage|p1a: Diancie|52\/100\n|move|p1a: Diancie|Moonblast|p2a: Gojira\n|-supereffective|p2a: Gojira\n|-crit|p2a: Gojira\n|-damage|p2a: Gojira|0 fnt\n|-enditem|p2a: Gojira|Air Balloon\n|faint|p2a: Gojira\n|\n|-heal|p1a: Diancie|58\/100|[from] item: Leftovers\n|upkeep\n|\n|t:|1701141007\n|switch|p2a: Lola|Azumarill, F|100\/100\n|turn|13\n|\n|t:|1701141059\n|switch|p1a: Politoed|Politoed, F, shiny|100\/100\n|-weather|RainDance|[from] ability: Drizzle|[of] p1a: Politoed\n|move|p2a: Lola|Liquidation|p1a: Politoed\n|-resisted|p1a: Politoed\n|-damage|p1a: Politoed|70\/100\n|\n|-weather|RainDance|[upkeep]\n|upkeep\n|turn|14\n|\n|t:|1701141104\n|move|p1a: Politoed|Ice Beam|p2a: Lola\n|-resisted|p2a: Lola\n|-damage|p2a: Lola|92\/100\n|move|p2a: Lola|Play Rough|p1a: Politoed\n|-damage|p1a: Politoed|23\/100\n|\n|-weather|RainDance|[upkeep]\n|upkeep\n|turn|15\n|\n|t:|1701141131\n|move|p1a: Politoed|Rest|p1a: Politoed\n|-status|p1a: Politoed|slp|[from] move: Rest\n|-heal|p1a: Politoed|100\/100 slp|[silent]\n|move|p2a: Lola|Play Rough|p1a: Politoed\n|-damage|p1a: Politoed|58\/100 slp\n|\n|-weather|RainDance|[upkeep]\n|upkeep\n|turn|16\n|\n|t:|1701141174\n|switch|p1a: Goodra|Goodra-Hisui, M, shiny|66\/100\n|switch|p2a: Escalators|Eelektross, F|23\/100\n|\n|-weather|RainDance|[upkeep]\n|-heal|p1a: Goodra|72\/100|[from] item: Leftovers\n|upkeep\n|turn|17\n|\n|t:|1701141186\n|switch|p2a: Lola|Azumarill, F|92\/100\n|move|p1a: Goodra|Draco Meteor|p2a: Lola\n|-immune|p2a: Lola\n|\n|-weather|RainDance|[upkeep]\n|-heal|p1a: Goodra|79\/100|[from] item: Leftovers\n|upkeep\n|turn|18\n|\n|t:|1701141199\n|move|p1a: Goodra|Flash Cannon|p2a: Lola\n|-damage|p2a: Lola|62\/100\n|move|p2a: Lola|Play Rough|p1a: Goodra|[miss]\n|-miss|p2a: Lola|p1a: Goodra\n|\n|-weather|RainDance|[upkeep]\n|-heal|p1a: Goodra|85\/100|[from] item: Leftovers\n|upkeep\n|turn|19\n|\n|t:|1701141207\n|move|p1a: Goodra|Flash Cannon|p2a: Lola\n|-damage|p2a: Lola|33\/100\n|move|p2a: Lola|Play Rough|p1a: Goodra\n|-damage|p1a: Goodra|40\/100\n|-unboost|p1a: Goodra|atk|1\n|\n|-weather|RainDance|[upkeep]\n|-heal|p1a: Goodra|46\/100|[from] item: Leftovers\n|upkeep\n|turn|20\n|\n|t:|1701141221\n|move|p1a: Goodra|Flash Cannon|p2a: Lola\n|-damage|p2a: Lola|2\/100\n|-unboost|p2a: Lola|spd|1\n|move|p2a: Lola|Play Rough|p1a: Goodra\n|-damage|p1a: Goodra|0 fnt\n|faint|p1a: Goodra\n|\n|-weather|none\n|upkeep\n|\n|t:|1701141234\n|switch|p1a: Houndstone|Houndstone, M|76\/100\n|turn|21\n|\n|t:|1701141251\n|move|p1a: Houndstone|Shadow Sneak|p2a: Lola\n|-damage|p2a: Lola|0 fnt\n|faint|p2a: Lola\n|\n|upkeep\n|\n|t:|1701141259\n|switch|p2a: Cleopatra|Volcarona, F|100\/100\n|turn|22\n|\n|t:|1701141289\n|switch|p1a: Manaphy|Manaphy|100\/100\n|move|p2a: Cleopatra|Quiver Dance|p2a: Cleopatra\n|-boost|p2a: Cleopatra|spa|1\n|-boost|p2a: Cleopatra|spd|1\n|-boost|p2a: Cleopatra|spe|1\n|\n|upkeep\n|turn|23\n|\n|t:|1701141299\n|move|p2a: Cleopatra|Bug Buzz|p1a: Manaphy\n|-damage|p1a: Manaphy|21\/100\n|move|p1a: Manaphy|Surf|p2a: Cleopatra\n|-supereffective|p2a: Cleopatra\n|-damage|p2a: Cleopatra|40\/100\n|\n|-heal|p1a: Manaphy|27\/100|[from] item: Leftovers\n|upkeep\n|turn|24\n|\n|t:|1701141314\n|switch|p1a: Diancie|Diancie|58\/100\n|move|p2a: Cleopatra|Bug Buzz|p1a: Diancie\n|-resisted|p1a: Diancie\n|-damage|p1a: Diancie|25\/100\n|\n|-heal|p1a: Diancie|31\/100|[from] item: Leftovers\n|upkeep\n|turn|25\n|\n|t:|1701141338\n|move|p2a: Cleopatra|Fiery Dance|p1a: Diancie\n|-resisted|p1a: Diancie\n|-damage|p1a: Diancie|1\/100\n|-boost|p2a: Cleopatra|spa|1\n|move|p1a: Diancie|Diamond Storm|p2a: Cleopatra\n|-supereffective|p2a: Cleopatra\n|-damage|p2a: Cleopatra|0 fnt\n|faint|p2a: Cleopatra\n|\n|-heal|p1a: Diancie|8\/100|[from] item: Leftovers\n|upkeep\n|\n|t:|1701141347\n|switch|p2a: Escalators|Eelektross, F|23\/100\n|turn|26\n|\n|t:|1701141354\n|move|p2a: Escalators|Drain Punch|p1a: Diancie\n|-damage|p1a: Diancie|0 fnt\n|-heal|p2a: Escalators|26\/100|[from] drain|[of] p1a: Diancie\n|faint|p1a: Diancie\n|\n|upkeep\n|\n|t:|1701141362\n|switch|p1a: Manaphy|Manaphy|27\/100\n|turn|27\n|\n|t:|1701141365\n|move|p1a: Manaphy|Surf|p2a: Escalators\n|-damage|p2a: Escalators|0 fnt\n|faint|p2a: Escalators\n|\n|win|MisterFlynt\n|c|\u2606MisterFlynt|ggs\n","uploadtime":1701141394,"views":15,"p1id":"misterflynt","p2id":"mrdrkylesir","formatid":"gen9anythinggoes","rating":0,"private":0,"password":""}