{"id":"gen9anythinggoes-1974818267","p1":"lytienhung","p2":"elimolly","format":"[Gen 9] Anything Goes","log":"|j|\u2606lytienhung\n|j|\u2606elimolly\n|t:|1698129524\n|gametype|singles\n|player|p1|lytienhung|dawn|1290\n|player|p2|elimolly|266|1191\n|teamsize|p1|6\n|teamsize|p2|6\n|gen|9\n|tier|[Gen 9] Anything Goes\n|rated|\n|rule|HP Percentage Mod: HP is shown in percentages\n|rule|Endless Battle Clause: Forcing endless battles is banned\n|clearpoke\n|poke|p1|Toxapex, M|\n|poke|p1|Basculegion, M|\n|poke|p1|Chien-Pao|\n|poke|p1|Fezandipiti, M|\n|poke|p1|Grimmsnarl, M|\n|poke|p1|Glimmora, F|\n|poke|p2|Maushold-Four|\n|poke|p2|Gliscor, F|\n|poke|p2|Ceruledge, F|\n|poke|p2|Ursaluna-Bloodmoon, M|\n|poke|p2|Amoonguss, F|\n|poke|p2|Dragapult, M|\n|teampreview\n|inactive|Battle timer is ON: inactive players will automatically lose when time's up. (requested by lytienhung)\n|\n|t:|1698129528\n|start\n|switch|p1a: Grimmsnarl|Grimmsnarl, M|100\/100\n|switch|p2a: Maushold|Maushold-Four|100\/100\n|turn|1\n|\n|t:|1698129534\n|move|p1a: Grimmsnarl|Reflect|p1a: Grimmsnarl\n|-sidestart|p1: lytienhung|Reflect\n|move|p2a: Maushold|Population Bomb|p1a: Grimmsnarl\n|-damage|p1a: Grimmsnarl|95\/100\n|-damage|p1a: Grimmsnarl|90\/100\n|-hitcount|p1a: Grimmsnarl|2\n|\n|upkeep\n|turn|2\n|\n|t:|1698129545\n|move|p1a: Grimmsnarl|Parting Shot|p2a: Maushold\n|-unboost|p2a: Maushold|atk|1\n|-unboost|p2a: Maushold|spa|1\n|\n|t:|1698129548\n|switch|p1a: Glimmora|Glimmora, F|100\/100|[from] Parting Shot\n|move|p2a: Maushold|Encore||[still]\n|-fail|p2a: Maushold\n|\n|upkeep\n|turn|3\n|\n|t:|1698129558\n|move|p2a: Maushold|Tidy Up|p2a: Maushold\n|-boost|p2a: Maushold|atk|1\n|-boost|p2a: Maushold|spe|1\n|move|p1a: Glimmora|Mortal Spin|p2a: Maushold\n|-damage|p2a: Maushold|91\/100\n|-status|p2a: Maushold|psn\n|\n|-damage|p2a: Maushold|78\/100 psn|[from] psn\n|upkeep\n|turn|4\n|\n|t:|1698129568\n|move|p1a: Glimmora|Spiky Shield|p1a: Glimmora\n|-singleturn|p1a: Glimmora|move: Protect\n|move|p2a: Maushold|Encore|p1a: Glimmora\n|-activate|p1a: Glimmora|move: Protect\n|\n|-damage|p2a: Maushold|66\/100 psn|[from] psn\n|upkeep\n|turn|5\n|\n|t:|1698129583\n|move|p2a: Maushold|Encore|p1a: Glimmora\n|-start|p1a: Glimmora|Encore\n|move|p1a: Glimmora|Spiky Shield||[still]\n|-fail|p1a: Glimmora\n|\n|-damage|p2a: Maushold|53\/100 psn|[from] psn\n|upkeep\n|turn|6\n|\n|t:|1698129598\n|switch|p2a: Ursaluna|Ursaluna-Bloodmoon, M|100\/100\n|switch|p1a: Toxapex|Toxapex, M|100\/100\n|\n|upkeep\n|turn|7\n|\n|t:|1698129610\n|-terastallize|p2a: Ursaluna|Normal\n|move|p2a: Ursaluna|Blood Moon|p1a: Toxapex\n|-damage|p1a: Toxapex|20\/100\n|move|p1a: Toxapex|Toxic|p2a: Ursaluna\n|-status|p2a: Ursaluna|tox\n|\n|-heal|p1a: Toxapex|27\/100|[from] item: Leftovers\n|-damage|p2a: Ursaluna|95\/100 tox|[from] psn\n|upkeep\n|turn|8\n|\n|t:|1698129633\n|switch|p1a: Grimmsnarl|Grimmsnarl, M|90\/100\n|move|p2a: Ursaluna|Hyper Voice|p1a: Grimmsnarl\n|-damage|p1a: Grimmsnarl|16\/100\n|\n|-damage|p2a: Ursaluna|83\/100 tox|[from] psn\n|-sideend|p1: lytienhung|Reflect\n|upkeep\n|turn|9\n|\n|t:|1698129646\n|move|p1a: Grimmsnarl|Reflect|p1a: Grimmsnarl\n|-sidestart|p1: lytienhung|Reflect\n|move|p2a: Ursaluna|Hyper Voice|p1a: Grimmsnarl\n|-damage|p1a: Grimmsnarl|0 fnt\n|faint|p1a: Grimmsnarl\n|\n|-damage|p2a: Ursaluna|65\/100 tox|[from] psn\n|upkeep\n|\n|t:|1698129656\n|switch|p1a: Fezandipiti|Fezandipiti, M|100\/100\n|turn|10\n|\n|t:|1698129661\n|move|p1a: Fezandipiti|Protect|p1a: Fezandipiti\n|-singleturn|p1a: Fezandipiti|Protect\n|move|p2a: Ursaluna|Earth Power|p1a: Fezandipiti\n|-activate|p1a: Fezandipiti|move: Protect\n|\n|-damage|p2a: Ursaluna|41\/100 tox|[from] psn\n|upkeep\n|turn|11\n|\n|t:|1698129673\n|-terastallize|p1a: Fezandipiti|Normal\n|move|p1a: Fezandipiti|Play Rough|p2a: Ursaluna\n|-damage|p2a: Ursaluna|17\/100 tox\n|move|p2a: Ursaluna|Earth Power|p1a: Fezandipiti\n|-damage|p1a: Fezandipiti|62\/100\n|\n|-heal|p1a: Fezandipiti|68\/100|[from] item: Leftovers\n|-damage|p2a: Ursaluna|0 fnt|[from] psn\n|faint|p2a: Ursaluna\n|upkeep\n|\n|t:|1698129686\n|switch|p2a: Maushold|Maushold-Four|53\/100 psn\n|turn|12\n|\n|t:|1698129694\n|move|p1a: Fezandipiti|Protect|p1a: Fezandipiti\n|-singleturn|p1a: Fezandipiti|Protect\n|move|p2a: Maushold|Population Bomb|p1a: Fezandipiti\n|-activate|p1a: Fezandipiti|move: Protect\n|\n|-heal|p1a: Fezandipiti|74\/100|[from] item: Leftovers\n|-damage|p2a: Maushold|41\/100 psn|[from] psn\n|upkeep\n|turn|13\n|\n|t:|1698129710\n|move|p2a: Maushold|Tidy Up|p2a: Maushold\n|-boost|p2a: Maushold|atk|1\n|-boost|p2a: Maushold|spe|1\n|move|p1a: Fezandipiti|Roost|p1a: Fezandipiti\n|-heal|p1a: Fezandipiti|100\/100\n|\n|-damage|p2a: Maushold|29\/100 psn|[from] psn\n|upkeep\n|turn|14\n|\n|t:|1698129719\n|move|p1a: Fezandipiti|Protect|p1a: Fezandipiti\n|-singleturn|p1a: Fezandipiti|Protect\n|move|p2a: Maushold|Population Bomb|p1a: Fezandipiti\n|-activate|p1a: Fezandipiti|move: Protect\n|\n|-damage|p2a: Maushold|16\/100 psn|[from] psn\n|upkeep\n|turn|15\n|\n|t:|1698129729\n|move|p2a: Maushold|Population Bomb|p1a: Fezandipiti\n|-damage|p1a: Fezandipiti|92\/100\n|-damage|p1a: Fezandipiti|83\/100\n|-damage|p1a: Fezandipiti|74\/100\n|-damage|p1a: Fezandipiti|65\/100\n|-crit|p1a: Fezandipiti\n|-damage|p1a: Fezandipiti|40\/100\n|-damage|p1a: Fezandipiti|30\/100\n|-damage|p1a: Fezandipiti|22\/100\n|-damage|p1a: Fezandipiti|13\/100\n|-damage|p1a: Fezandipiti|4\/100\n|-damage|p1a: Fezandipiti|0 fnt\n|faint|p1a: Fezandipiti\n|-hitcount|p1: Fezandipiti|10\n|\n|-damage|p2a: Maushold|4\/100 psn|[from] psn\n|upkeep\n|\n|t:|1698129747\n|switch|p1a: Toxapex|Toxapex, M|60\/100\n|turn|16\n|\n|t:|1698129751\n|move|p2a: Maushold|Population Bomb|p1a: Toxapex\n|-damage|p1a: Toxapex|53\/100\n|-damage|p1a: Toxapex|46\/100\n|-damage|p1a: Toxapex|39\/100\n|-damage|p1a: Toxapex|32\/100\n|-damage|p1a: Toxapex|26\/100\n|-damage|p1a: Toxapex|19\/100\n|-damage|p1a: Toxapex|12\/100\n|-damage|p1a: Toxapex|5\/100\n|-damage|p1a: Toxapex|0 fnt\n|faint|p1a: Toxapex\n|-hitcount|p1: Toxapex|9\n|\n|-damage|p2a: Maushold|0 fnt|[from] psn\n|faint|p2a: Maushold\n|-sideend|p1: lytienhung|Reflect\n|upkeep\n|inactive|elimolly has 120 seconds left.\n|\n|t:|1698129784\n|switch|p2a: Gliscor|Gliscor, F|100\/100\n|switch|p1a: Glimmora|Glimmora, F|100\/100\n|turn|17\n|inactive|elimolly has 120 seconds left.\n|\n|t:|1698129797\n|move|p1a: Glimmora|Mortal Spin|p2a: Gliscor\n|-resisted|p2a: Gliscor\n|-damage|p2a: Gliscor|98\/100\n|-status|p2a: Gliscor|psn\n|move|p2a: Gliscor|Dual Wingbeat|p1a: Glimmora\n|-resisted|p1a: Glimmora\n|-crit|p1a: Glimmora\n|-damage|p1a: Glimmora|83\/100\n|-resisted|p1a: Glimmora\n|-damage|p1a: Glimmora|72\/100\n|-hitcount|p1a: Glimmora|2\n|\n|-heal|p2a: Gliscor|100\/100 psn|[from] ability: Poison Heal\n|upkeep\n|turn|18\n|inactive|elimolly has 120 seconds left.\n|\n|t:|1698129810\n|switch|p1a: Chien-Pao|Chien-Pao|100\/100\n|-ability|p1a: Chien-Pao|Sword of Ruin\n|move|p2a: Gliscor|Facade|p1a: Chien-Pao\n|-damage|p1a: Chien-Pao|38\/100\n|\n|upkeep\n|turn|19\n|\n|t:|1698129818\n|move|p1a: Chien-Pao|Ice Shard|p2a: Gliscor\n|-supereffective|p2a: Gliscor\n|-damage|p2a: Gliscor|0 fnt\n|faint|p2a: Gliscor\n|-damage|p1a: Chien-Pao|28\/100|[from] item: Life Orb\n|\n|upkeep\n|\n|t:|1698129825\n|switch|p2a: Ceruledge|Ceruledge, F|100\/100\n|turn|20\n|\n|t:|1698129831\n|move|p1a: Chien-Pao|Ice Shard|p2a: Ceruledge\n|-resisted|p2a: Ceruledge\n|-damage|p2a: Ceruledge|72\/100\n|-damage|p1a: Chien-Pao|18\/100|[from] item: Life Orb\n|move|p2a: Ceruledge|Bitter Blade|p1a: Chien-Pao\n|-supereffective|p1a: Chien-Pao\n|-damage|p1a: Chien-Pao|0 fnt\n|-heal|p2a: Ceruledge|81\/100|[from] drain|[of] p1a: Chien-Pao\n|faint|p1a: Chien-Pao\n|\n|upkeep\n|\n|t:|1698129840\n|switch|p1a: Glimmora|Glimmora, F|72\/100\n|turn|21\n|\n|t:|1698129846\n|switch|p2a: Amoonguss|Amoonguss, F|100\/100\n|move|p1a: Glimmora|Spiky Shield||[still]\n|-fail|p1a: Glimmora\n|\n|upkeep\n|turn|22\n|\n|t:|1698129854\n|move|p1a: Glimmora|Mortal Spin|p2a: Amoonguss\n|-damage|p2a: Amoonguss|94\/100\n|-status|p2a: Amoonguss|psn\n|move|p2a: Amoonguss|Spore|p1a: Glimmora\n|-status|p1a: Glimmora|slp|[from] move: Spore\n|\n|-damage|p2a: Amoonguss|81\/100 psn|[from] psn\n|upkeep\n|turn|23\n|\n|t:|1698129866\n|cant|p1a: Glimmora|slp\n|move|p2a: Amoonguss|Giga Drain|p1a: Glimmora\n|-crit|p1a: Glimmora\n|-damage|p1a: Glimmora|6\/100 slp\n|-heal|p2a: Amoonguss|100\/100 psn|[from] drain|[of] p1a: Glimmora\n|\n|-damage|p2a: Amoonguss|88\/100 psn|[from] psn\n|upkeep\n|turn|24\n|\n|t:|1698129876\n|-curestatus|p1a: Glimmora|slp|[msg]\n|move|p1a: Glimmora|Spiky Shield|p1a: Glimmora\n|-singleturn|p1a: Glimmora|move: Protect\n|move|p2a: Amoonguss|Giga Drain|p1a: Glimmora\n|-activate|p1a: Glimmora|move: Protect\n|\n|-damage|p2a: Amoonguss|76\/100 psn|[from] psn\n|upkeep\n|turn|25\n|\n|t:|1698129888\n|move|p1a: Glimmora|Earth Power|p2a: Amoonguss\n|-damage|p2a: Amoonguss|39\/100 psn\n|move|p2a: Amoonguss|Giga Drain|p1a: Glimmora\n|-damage|p1a: Glimmora|0 fnt\n|-heal|p2a: Amoonguss|41\/100 psn|[from] drain|[of] p1a: Glimmora\n|faint|p1a: Glimmora\n|\n|-damage|p2a: Amoonguss|29\/100 psn|[from] psn\n|upkeep\n|\n|t:|1698129897\n|switch|p1a: Basculegion|Basculegion, M|100\/100\n|turn|26\n|\n|t:|1698129904\n|move|p1a: Basculegion|Last Respects|p2a: Amoonguss\n|-damage|p2a: Amoonguss|0 fnt\n|faint|p2a: Amoonguss\n|\n|upkeep\n|\n|t:|1698129909\n|switch|p2a: Ceruledge|Ceruledge, F|81\/100\n|turn|27\n|\n|t:|1698129918\n|move|p2a: Ceruledge|Shadow Sneak|p1a: Basculegion\n|-supereffective|p1a: Basculegion\n|-damage|p1a: Basculegion|53\/100\n|move|p1a: Basculegion|Agility|p1a: Basculegion\n|-boost|p1a: Basculegion|spe|2\n|\n|upkeep\n|turn|28\n|\n|t:|1698129925\n|move|p2a: Ceruledge|Shadow Sneak|p1a: Basculegion\n|-supereffective|p1a: Basculegion\n|-damage|p1a: Basculegion|5\/100\n|move|p1a: Basculegion|Last Respects|p2a: Ceruledge\n|-supereffective|p2a: Ceruledge\n|-damage|p2a: Ceruledge|0 fnt\n|faint|p2a: Ceruledge\n|\n|upkeep\n|\n|t:|1698129934\n|switch|p2a: Dragapult|Dragapult, M, shiny|100\/100\n|turn|29\n|\n|t:|1698129939\n|move|p2a: Dragapult|Sucker Punch|p1a: Basculegion\n|-supereffective|p1a: Basculegion\n|-damage|p1a: Basculegion|0 fnt\n|faint|p1a: Basculegion\n|\n|win|elimolly\n|raw|lytienhung's rating: 1290 &rarr; <strong>1258<\/strong><br \/>(-32 for losing)\n|raw|elimolly's rating: 1191 &rarr; <strong>1223<\/strong><br \/>(+32 for winning)\n|c|\u2606elimolly|Gg\n|l|\u2606lytienhung\n|l|\u2606elimolly\n|j|\u2606elimolly\n|player|p2|elimolly|266\n","uploadtime":1698130240,"views":16,"p1id":"lytienhung","p2id":"elimolly","formatid":"gen9anythinggoes","rating":1223,"private":0,"password":""}