{"id":"gen9anythinggoes-1983097717","p1":"Beyoncejimin","p2":"ManuelvgDios","format":"[Gen 9] Anything Goes","log":"|j|\u2606Beyoncejimin\n|j|\u2606ManuelvgDios\n|t:|1699085408\n|gametype|singles\n|player|p1|Beyoncejimin|1|1442\n|player|p2|ManuelvgDios|1|1620\n|teamsize|p1|6\n|teamsize|p2|6\n|gen|9\n|tier|[Gen 9] Anything Goes\n|rated|\n|rule|HP Percentage Mod: HP is shown in percentages\n|rule|Endless Battle Clause: Forcing endless battles is banned\n|clearpoke\n|poke|p1|Chansey, F|\n|poke|p1|Gothitelle, M|\n|poke|p1|Drifblim, F|\n|poke|p1|Chi-Yu|\n|poke|p1|Dudunsparce-*, M|\n|poke|p1|Glalie, F|\n|poke|p2|Umbreon, F|\n|poke|p2|Mewtwo|\n|poke|p2|Dondozo, M|\n|poke|p2|Chansey, F|\n|poke|p2|Giratina-Origin|\n|poke|p2|Zacian-*|\n|teampreview\n|inactive|Battle timer is ON: inactive players will automatically lose when time's up. (requested by Beyoncejimin)\n|l|\u2606Beyoncejimin\n|inactive|Beyoncejimin disconnected and has a minute to reconnect!\n|player|p1|\n|j|\u2606Beyoncejimin\n|inactive|Beyoncejimin reconnected.\n|player|p1|Beyoncejimin|1\n|\n|t:|1699085448\n|start\n|switch|p1a: Gothitelle|Gothitelle, M|100\/100\n|switch|p2a: Mewtwo|Mewtwo|100\/100\n|-ability|p2a: Mewtwo|Unnerve\n|turn|1\n|\n|t:|1699085456\n|-terastallize|p2a: Mewtwo|Fire\n|move|p2a: Mewtwo|Fire Blast|p1a: Gothitelle\n|-damage|p1a: Gothitelle|12\/100\n|move|p1a: Gothitelle|Trick|p2a: Mewtwo\n|-activate|p1a: Gothitelle|move: Trick|[of] p2a: Mewtwo\n|-item|p2a: Mewtwo|Choice Scarf|[from] move: Trick\n|-item|p1a: Gothitelle|Choice Specs|[from] move: Trick\n|\n|upkeep\n|turn|2\n|\n|t:|1699085481\n|switch|p1a: Chansey|Chansey, F|100\/100\n|move|p2a: Mewtwo|Fire Blast|p1a: Chansey\n|-damage|p1a: Chansey|87\/100\n|\n|upkeep\n|turn|3\n|j| GUESSWHOTPRADO\n|\n|t:|1699085495\n|switch|p2a: Umbreon|Umbreon, F|100\/100\n|move|p1a: Chansey|Thunder Wave|p2a: Umbreon\n|-status|p2a: Umbreon|par\n|-activate|p2a: Umbreon|ability: Synchronize\n|-status|p1a: Chansey|par\n|\n|upkeep\n|turn|4\n|\n|t:|1699085505\n|-curestatus|p1a: Chansey|par|[from] ability: Natural Cure\n|switch|p1a: Gothitelle|Gothitelle, M|12\/100\n|move|p2a: Umbreon|Foul Play|p1a: Gothitelle\n|-supereffective|p1a: Gothitelle\n|-damage|p1a: Gothitelle|0 fnt\n|faint|p1a: Gothitelle\n|\n|upkeep\n|\n|t:|1699085519\n|switch|p1a: Glalie|Glalie, F|100\/100\n|turn|5\n|\n|t:|1699085523\n|move|p1a: Glalie|Substitute|p1a: Glalie\n|-start|p1a: Glalie|Substitute\n|-damage|p1a: Glalie|76\/100\n|cant|p2a: Umbreon|par\n|\n|-heal|p1a: Glalie|82\/100|[from] item: Leftovers\n|-ability|p1a: Glalie|Moody|boost\n|-boost|p1a: Glalie|spa|2\n|-unboost|p1a: Glalie|atk|1\n|upkeep\n|turn|6\n|\n|t:|1699085535\n|move|p1a: Glalie|Freeze-Dry|p2a: Umbreon\n|-damage|p2a: Umbreon|74\/100 par\n|move|p2a: Umbreon|Foul Play|p1a: Glalie\n|-activate|p1a: Glalie|move: Substitute|[damage]\n|\n|-heal|p1a: Glalie|88\/100|[from] item: Leftovers\n|-heal|p2a: Umbreon|80\/100 par|[from] item: Leftovers\n|-ability|p1a: Glalie|Moody|boost\n|-boost|p1a: Glalie|spa|2\n|-unboost|p1a: Glalie|def|1\n|upkeep\n|turn|7\n|\n|t:|1699085548\n|move|p1a: Glalie|Freeze-Dry|p2a: Umbreon\n|-damage|p2a: Umbreon|39\/100 par\n|move|p2a: Umbreon|Foul Play|p1a: Glalie\n|-end|p1a: Glalie|Substitute\n|\n|-heal|p1a: Glalie|94\/100|[from] item: Leftovers\n|-heal|p2a: Umbreon|45\/100 par|[from] item: Leftovers\n|-ability|p1a: Glalie|Moody|boost\n|-boost|p1a: Glalie|def|2\n|-unboost|p1a: Glalie|spa|1\n|upkeep\n|turn|8\n|\n|t:|1699085561\n|move|p1a: Glalie|Substitute|p1a: Glalie\n|-start|p1a: Glalie|Substitute\n|-damage|p1a: Glalie|69\/100\n|cant|p2a: Umbreon|par\n|\n|-heal|p1a: Glalie|75\/100|[from] item: Leftovers\n|-heal|p2a: Umbreon|51\/100 par|[from] item: Leftovers\n|-ability|p1a: Glalie|Moody|boost\n|-boost|p1a: Glalie|spd|2\n|-unboost|p1a: Glalie|def|1\n|upkeep\n|turn|9\n|\n|t:|1699085566\n|move|p1a: Glalie|Disable|p2a: Umbreon\n|-start|p2a: Umbreon|Disable|Foul Play\n|move|p2a: Umbreon|Wish|p2a: Umbreon\n|\n|-heal|p1a: Glalie|81\/100|[from] item: Leftovers\n|-heal|p2a: Umbreon|57\/100 par|[from] item: Leftovers\n|-ability|p1a: Glalie|Moody|boost\n|-boost|p1a: Glalie|spa|2\n|-unboost|p1a: Glalie|def|1\n|upkeep\n|turn|10\n|c| GUESSWHOTPRADO|cool\n|\n|t:|1699085586\n|switch|p2a: Mewtwo|Mewtwo, tera:Fire|100\/100\n|-ability|p2a: Mewtwo|Unnerve\n|move|p1a: Glalie|Sheer Cold|p2a: Mewtwo|[miss]\n|-miss|p1a: Glalie|p2a: Mewtwo\n|\n|-heal|p1a: Glalie|87\/100|[from] item: Leftovers\n|-ability|p1a: Glalie|Moody|boost\n|-boost|p1a: Glalie|atk|2\n|-unboost|p1a: Glalie|def|1\n|upkeep\n|turn|11\n|c| GUESSWHOTPRADO|nice one beyonce\n|\n|t:|1699085593\n|move|p2a: Mewtwo|Fire Blast|p1a: Glalie\n|-supereffective|p1a: Glalie\n|-end|p1a: Glalie|Substitute\n|move|p1a: Glalie|Sheer Cold|p2a: Mewtwo\n|-damage|p2a: Mewtwo|0 fnt\n|faint|p2a: Mewtwo\n|-ohko\n|\n|-heal|p1a: Glalie|93\/100|[from] item: Leftovers\n|-ability|p1a: Glalie|Moody|boost\n|-boost|p1a: Glalie|spd|2\n|-unboost|p1a: Glalie|spa|1\n|upkeep\n|c| GUESSWHOTPRADO|wow\n|c| GUESSWHOTPRADO|hahahahahaa\n|\n|t:|1699085609\n|switch|p2a: Zacian|Zacian-Crowned|100\/100\n|-ability|p2a: Zacian|Intrepid Sword|boost\n|-boost|p2a: Zacian|atk|1\n|turn|12\n|\n|t:|1699085621\n|-terastallize|p1a: Glalie|Ghost\n|move|p2a: Zacian|Behemoth Blade|p1a: Glalie\n|-damage|p1a: Glalie|0 fnt\n|faint|p1a: Glalie\n|\n|upkeep\n|\n|t:|1699085626\n|switch|p1a: Dudunsparce|Dudunsparce-Three-Segment, M, shiny|100\/100\n|turn|13\n|l| GUESSWHOTPRADO\n|\n|t:|1699085633\n|move|p2a: Zacian|Behemoth Blade|p1a: Dudunsparce\n|-damage|p1a: Dudunsparce|16\/100\n|move|p1a: Dudunsparce|Glare|p2a: Zacian\n|-status|p2a: Zacian|par\n|\n|upkeep\n|turn|14\n|j| Noob 0_o\n|\n|t:|1699085639\n|move|p2a: Zacian|Swords Dance|p2a: Zacian\n|-boost|p2a: Zacian|atk|2\n|move|p1a: Dudunsparce|Headbutt|p2a: Zacian\n|-resisted|p2a: Zacian\n|-damage|p2a: Zacian|85\/100 par\n|\n|upkeep\n|turn|15\n|\n|t:|1699085646\n|move|p2a: Zacian|Behemoth Blade|p1a: Dudunsparce\n|-damage|p1a: Dudunsparce|0 fnt\n|faint|p1a: Dudunsparce\n|\n|upkeep\n|\n|t:|1699085652\n|switch|p1a: Chi-Yu|Chi-Yu|100\/100\n|-ability|p1a: Chi-Yu|Beads of Ruin\n|turn|16\n|\n|t:|1699085659\n|switch|p2a: Chansey|Chansey, F|100\/100\n|move|p1a: Chi-Yu|Fire Blast|p2a: Chansey\n|-damage|p2a: Chansey|82\/100\n|\n|upkeep\n|turn|17\n|\n|t:|1699085666\n|switch|p1a: Drifblim|Drifblim, F|100\/100\n|move|p2a: Chansey|Light Screen|p2a: Chansey\n|-sidestart|p2: ManuelvgDios|move: Light Screen\n|\n|upkeep\n|turn|18\n|\n|t:|1699085673\n|move|p1a: Drifblim|Substitute|p1a: Drifblim\n|-start|p1a: Drifblim|Substitute\n|-damage|p1a: Drifblim|75\/100\n|move|p2a: Chansey|Heal Bell|p2a: Chansey\n|-activate|p2a: Chansey|move: Heal Bell\n|-curestatus|p2: Umbreon|par|[msg]\n|-curestatus|p2: Zacian|par|[msg]\n|\n|-heal|p1a: Drifblim|82\/100|[from] item: Leftovers\n|upkeep\n|turn|19\n|\n|t:|1699085686\n|switch|p2a: Giratina|Giratina-Origin|100\/100\n|move|p1a: Drifblim|Minimize|p1a: Drifblim\n|-boost|p1a: Drifblim|evasion|2\n|\n|-heal|p1a: Drifblim|88\/100|[from] item: Leftovers\n|upkeep\n|turn|20\n|\n|t:|1699085691\n|move|p2a: Giratina|Hex|p1a: Drifblim\n|-supereffective|p1a: Drifblim\n|-end|p1a: Drifblim|Substitute\n|move|p1a: Drifblim|Minimize|p1a: Drifblim\n|-boost|p1a: Drifblim|evasion|2\n|\n|-heal|p1a: Drifblim|94\/100|[from] item: Leftovers\n|upkeep\n|turn|21\n|\n|t:|1699085701\n|move|p2a: Giratina|Hex|p1a: Drifblim\n|-supereffective|p1a: Drifblim\n|-damage|p1a: Drifblim|19\/100\n|move|p1a: Drifblim|Minimize|p1a: Drifblim\n|-boost|p1a: Drifblim|evasion|2\n|\n|-heal|p1a: Drifblim|25\/100|[from] item: Leftovers\n|-sideend|p2: ManuelvgDios|move: Light Screen\n|upkeep\n|turn|22\n|\n|t:|1699085706\n|move|p2a: Giratina|Hex|p1a: Drifblim|[miss]\n|-miss|p2a: Giratina|p1a: Drifblim\n|move|p1a: Drifblim|Baton Pass|p1a: Drifblim\n|\n|t:|1699085711\n|switch|p1a: Chi-Yu|Chi-Yu|100\/100|[from] Baton Pass\n|-ability|p1a: Chi-Yu|Beads of Ruin\n|\n|upkeep\n|turn|23\n|\n|t:|1699085725\n|move|p1a: Chi-Yu|Nasty Plot|p1a: Chi-Yu\n|-boost|p1a: Chi-Yu|spa|2\n|move|p2a: Giratina|Draco Meteor|p1a: Chi-Yu|[miss]\n|-miss|p2a: Giratina|p1a: Chi-Yu\n|\n|upkeep\n|turn|24\n|\n|t:|1699085731\n|switch|p2a: Chansey|Chansey, F|82\/100\n|move|p1a: Chi-Yu|Dark Pulse|p2a: Chansey\n|-damage|p2a: Chansey|52\/100\n|\n|upkeep\n|turn|25\n|\n|t:|1699085738\n|move|p1a: Chi-Yu|Nasty Plot|p1a: Chi-Yu\n|-boost|p1a: Chi-Yu|spa|2\n|move|p2a: Chansey|Soft-Boiled|p2a: Chansey\n|-heal|p2a: Chansey|100\/100\n|\n|upkeep\n|turn|26\n|\n|t:|1699085744\n|move|p1a: Chi-Yu|Fire Blast|p2a: Chansey\n|-damage|p2a: Chansey|47\/100\n|move|p2a: Chansey|Light Screen|p2a: Chansey\n|-sidestart|p2: ManuelvgDios|move: Light Screen\n|\n|upkeep\n|turn|27\n|\n|t:|1699085750\n|move|p1a: Chi-Yu|Nasty Plot|p1a: Chi-Yu\n|-boost|p1a: Chi-Yu|spa|2\n|move|p2a: Chansey|Soft-Boiled|p2a: Chansey\n|-heal|p2a: Chansey|97\/100\n|\n|upkeep\n|turn|28\n|\n|t:|1699085758\n|move|p1a: Chi-Yu|Fire Blast|p2a: Chansey\n|-damage|p2a: Chansey|60\/100\n|move|p2a: Chansey|Seismic Toss|p1a: Chi-Yu\n|-damage|p1a: Chi-Yu|61\/100\n|\n|upkeep\n|turn|29\n|j| GUESSWHOTPRADO\n|\n|t:|1699085772\n|move|p1a: Chi-Yu|Dark Pulse|p2a: Chansey\n|-damage|p2a: Chansey|34\/100\n|move|p2a: Chansey|Soft-Boiled|p2a: Chansey\n|-heal|p2a: Chansey|84\/100\n|\n|upkeep\n|turn|30\n|j| tediumcheif\n|\n|t:|1699085787\n|move|p1a: Chi-Yu|Dark Pulse|p2a: Chansey\n|-crit|p2a: Chansey\n|-damage|p2a: Chansey|5\/100\n|move|p2a: Chansey|Soft-Boiled|p2a: Chansey\n|-heal|p2a: Chansey|55\/100\n|\n|-sideend|p2: ManuelvgDios|move: Light Screen\n|upkeep\n|turn|31\n|\n|t:|1699085798\n|move|p1a: Chi-Yu|Fire Blast|p2a: Chansey\n|-damage|p2a: Chansey|0 fnt\n|faint|p2a: Chansey\n|\n|upkeep\n|\n|t:|1699085808\n|switch|p2a: Dondozo|Dondozo, M|100\/100\n|turn|32\n|\n|t:|1699085811\n|move|p1a: Chi-Yu|Dark Pulse|p2a: Dondozo\n|-damage|p2a: Dondozo|41\/100\n|move|p2a: Dondozo|Liquidation|p1a: Chi-Yu\n|-supereffective|p1a: Chi-Yu\n|-damage|p1a: Chi-Yu|0 fnt\n|faint|p1a: Chi-Yu\n|\n|-heal|p2a: Dondozo|48\/100|[from] item: Leftovers\n|upkeep\n|\n|t:|1699085817\n|switch|p1a: Drifblim|Drifblim, F|25\/100\n|turn|33\n|\n|t:|1699085829\n|move|p1a: Drifblim|Minimize|p1a: Drifblim\n|-boost|p1a: Drifblim|evasion|2\n|move|p2a: Dondozo|Liquidation|p1a: Drifblim\n|-damage|p1a: Drifblim|0 fnt\n|-damage|p2a: Dondozo|23\/100|[from] ability: Aftermath|[of] p1a: Drifblim\n|faint|p1a: Drifblim\n|\n|-heal|p2a: Dondozo|29\/100|[from] item: Leftovers\n|upkeep\n|l| Noob 0_o\n|-message|Beyoncejimin forfeited.\n|\n|win|ManuelvgDios\n|raw|Beyoncejimin's rating: 1442 &rarr; <strong>1431<\/strong><br \/>(-11 for losing)\n|raw|ManuelvgDios's rating: 1620 &rarr; <strong>1631<\/strong><br \/>(+11 for winning)\n|l|\u2606Beyoncejimin\n|l| GUESSWHOTPRADO\n|l|\u2606ManuelvgDios\n","uploadtime":1699085944,"views":7,"p1id":"beyoncejimin","p2id":"manuelvgdios","formatid":"gen9anythinggoes","rating":1431,"private":0,"password":""}