{"id":"gen9anythinggoes-1987013124","p1":"chill man29","p2":"mauriciopateacaras","format":"[Gen 9] Anything Goes","log":"|j|\u2606chill man29\n|j|\u2606mauriciopateacaras\n|t:|1699548982\n|gametype|singles\n|player|p1|chill man29|bellelba|1193\n|player|p2|mauriciopateacaras|allister|1264\n|teamsize|p1|6\n|teamsize|p2|6\n|gen|9\n|tier|[Gen 9] Anything Goes\n|rated|\n|rule|HP Percentage Mod: HP is shown in percentages\n|rule|Endless Battle Clause: Forcing endless battles is banned\n|clearpoke\n|poke|p1|Decidueye, F|\n|poke|p1|Greninja-*, M|\n|poke|p1|Eternatus|\n|poke|p1|Koraidon|\n|poke|p1|Hatterene, F|\n|poke|p1|Darkrai|\n|poke|p2|Ribombee, F|\n|poke|p2|Kleavor, M|\n|poke|p2|Forretress, F|\n|poke|p2|Lokix, F|\n|poke|p2|Yanmega, M|\n|poke|p2|Illumise, F|\n|teampreview\n|\n|t:|1699548992\n|start\n|switch|p1a: Hatterene|Hatterene, F, shiny|100\/100\n|switch|p2a: Ribombee|Ribombee, F|100\/100\n|turn|1\n|\n|t:|1699548997\n|move|p2a: Ribombee|Quiver Dance|p2a: Ribombee\n|-boost|p2a: Ribombee|spa|1\n|-boost|p2a: Ribombee|spd|1\n|-boost|p2a: Ribombee|spe|1\n|move|p1a: Hatterene|Mystical Fire|p2a: Ribombee\n|-supereffective|p2a: Ribombee\n|-damage|p2a: Ribombee|36\/100\n|\n|upkeep\n|turn|2\n|\n|t:|1699549014\n|move|p2a: Ribombee|Baton Pass|p2a: Ribombee\n|\n|t:|1699549015\n|switch|p2a: Yanmega|Yanmega, M|100\/100|[from] Baton Pass\n|move|p1a: Hatterene|Mystical Fire|p2a: Yanmega\n|-supereffective|p2a: Yanmega\n|-crit|p2a: Yanmega\n|-damage|p2a: Yanmega|0 fnt\n|faint|p2a: Yanmega\n|\n|upkeep\n|\n|t:|1699549025\n|switch|p2a: Illumise|Illumise, F|100\/100\n|turn|3\n|\n|t:|1699549037\n|move|p2a: Illumise|Trick|p1a: Hatterene\n|-activate|p2a: Illumise|move: Trick|[of] p1a: Hatterene\n|-item|p1a: Hatterene|Lagging Tail|[from] move: Trick\n|-item|p2a: Illumise|Leftovers|[from] move: Trick\n|move|p1a: Hatterene|Mystical Fire|p2a: Illumise\n|-supereffective|p2a: Illumise\n|-damage|p2a: Illumise|46\/100\n|-unboost|p2a: Illumise|spa|1\n|\n|-heal|p2a: Illumise|52\/100|[from] item: Leftovers\n|upkeep\n|turn|4\n|\n|t:|1699549046\n|move|p2a: Illumise|Encore|p1a: Hatterene\n|-start|p1a: Hatterene|Encore\n|move|p1a: Hatterene|Mystical Fire|p2a: Illumise\n|-supereffective|p2a: Illumise\n|-damage|p2a: Illumise|0 fnt\n|faint|p2a: Illumise\n|\n|upkeep\n|\n|t:|1699549052\n|switch|p2a: Kleavor|Kleavor, M|100\/100\n|turn|5\n|\n|t:|1699549086\n|move|p2a: Kleavor|Stone Axe|p1a: Hatterene\n|-damage|p1a: Hatterene|44\/100\n|-sidestart|p1: chill man29|move: Stealth Rock\n|move|p1a: Hatterene|Mystical Fire|p2a: Kleavor\n|-damage|p2a: Kleavor|58\/100\n|-unboost|p2a: Kleavor|spa|1\n|\n|upkeep\n|turn|6\n|\n|t:|1699549099\n|move|p2a: Kleavor|Stone Axe|p1a: Hatterene\n|-damage|p1a: Hatterene|0 fnt\n|faint|p1a: Hatterene\n|\n|upkeep\n|\n|t:|1699549109\n|switch|p1a: Decidueye|Decidueye, F|100\/100\n|-damage|p1a: Decidueye|88\/100|[from] Stealth Rock\n|turn|7\n|\n|t:|1699549121\n|move|p2a: Kleavor|X-Scissor|p1a: Decidueye\n|-damage|p1a: Decidueye|0 fnt\n|faint|p1a: Decidueye\n|\n|upkeep\n|\n|t:|1699549126\n|switch|p1a: Eternatus|Eternatus|100\/100\n|-damage|p1a: Eternatus|88\/100|[from] Stealth Rock\n|-ability|p1a: Eternatus|Pressure\n|turn|8\n|\n|t:|1699549133\n|move|p2a: Kleavor|Endure|p2a: Kleavor\n|-singleturn|p2a: Kleavor|move: Endure\n|move|p1a: Eternatus|Fire Blast|p2a: Kleavor\n|-activate|p2a: Kleavor|move: Endure\n|-damage|p2a: Kleavor|1\/100\n|-enditem|p2a: Kleavor|Salac Berry|[eat]\n|-boost|p2a: Kleavor|spe|1|[from] item: Salac Berry\n|\n|upkeep\n|turn|9\n|\n|t:|1699549150\n|-terastallize|p2a: Kleavor|Rock\n|move|p2a: Kleavor|Stone Axe|p1a: Eternatus\n|-damage|p1a: Eternatus|24\/100\n|move|p1a: Eternatus|Dynamax Cannon|p2a: Kleavor\n|-damage|p2a: Kleavor|0 fnt\n|faint|p2a: Kleavor\n|\n|upkeep\n|inactive|Battle timer is ON: inactive players will automatically lose when time's up. (requested by chill man29)\n|\n|t:|1699549157\n|switch|p2a: Lokix|Lokix, F|100\/100\n|turn|10\n|\n|t:|1699549161\n|move|p2a: Lokix|First Impression|p1a: Eternatus\n|-resisted|p1a: Eternatus\n|-damage|p1a: Eternatus|0 fnt\n|faint|p1a: Eternatus\n|-damage|p2a: Lokix|91\/100|[from] item: Life Orb\n|\n|upkeep\n|\n|t:|1699549168\n|switch|p1a: Koraidon|Koraidon|100\/100\n|-damage|p1a: Koraidon|94\/100|[from] Stealth Rock\n|-weather|SunnyDay|[from] ability: Orichalcum Pulse|[of] p1a: Koraidon\n|-activate|p1a: Koraidon|Orichalcum Pulse|[source]\n|turn|11\n|\n|t:|1699549176\n|move|p2a: Lokix|Sucker Punch|p1a: Koraidon\n|-resisted|p1a: Koraidon\n|-damage|p1a: Koraidon|61\/100\n|-damage|p2a: Lokix|81\/100|[from] item: Life Orb\n|move|p1a: Koraidon|Collision Course|p2a: Lokix\n|-damage|p2a: Lokix|0 fnt\n|faint|p2a: Lokix\n|\n|-weather|SunnyDay|[upkeep]\n|upkeep\n|\n|t:|1699549184\n|switch|p2a: Ribombee|Ribombee, F|36\/100\n|turn|12\n|l|\u2606mauriciopateacaras\n|inactive|mauriciopateacaras disconnected and has a minute to reconnect!\n|player|p2|\n|inactive|chill man29 has 120 seconds left.\n|j|\u2606mauriciopateacaras\n|inactive|mauriciopateacaras reconnected.\n|player|p2|mauriciopateacaras|allister\n|inactive|chill man29 has 90 seconds left.\n|\n|t:|1699549269\n|move|p2a: Ribombee|Moonblast|p1a: Koraidon\n|-supereffective|p1a: Koraidon\n|-crit|p1a: Koraidon\n|-damage|p1a: Koraidon|0 fnt\n|faint|p1a: Koraidon\n|\n|-weather|SunnyDay|[upkeep]\n|upkeep\n|\n|t:|1699549275\n|switch|p1a: Greninja|Greninja, M|100\/100\n|-damage|p1a: Greninja|88\/100|[from] Stealth Rock\n|turn|13\n|\n|t:|1699549283\n|move|p2a: Ribombee|Moonblast|p1a: Greninja\n|-supereffective|p1a: Greninja\n|-damage|p1a: Greninja|0 fnt\n|faint|p1a: Greninja\n|\n|-weather|SunnyDay|[upkeep]\n|upkeep\n|\n|t:|1699549288\n|switch|p1a: Darkrai|Darkrai, shiny|100\/100\n|-damage|p1a: Darkrai|88\/100|[from] Stealth Rock\n|turn|14\n|\n|t:|1699549293\n|move|p2a: Ribombee|Moonblast|p1a: Darkrai\n|-supereffective|p1a: Darkrai\n|-crit|p1a: Darkrai\n|-damage|p1a: Darkrai|0 fnt\n|faint|p1a: Darkrai\n|\n|win|mauriciopateacaras\n|raw|chill man29's rating: 1193 &rarr; <strong>1173<\/strong><br \/>(-20 for losing)\n|raw|mauriciopateacaras's rating: 1264 &rarr; <strong>1284<\/strong><br \/>(+20 for winning)\n|l|\u2606chill man29\n","uploadtime":1699549305,"views":9,"p1id":"chillman29","p2id":"mauriciopateacaras","formatid":"gen9anythinggoes","rating":1173,"private":0,"password":""}