{"id":"gen9anythinggoes-1973285997","p1":"htk26","p2":"DR4N","format":"[Gen 9] Anything Goes","log":"|j|\u2606htk26\n|j|\u2606DR4N\n|t:|1697948933\n|gametype|singles\n|player|p1|htk26|102|1005\n|player|p2|DR4N|youngster-gen4dp|1052\n|teamsize|p1|6\n|teamsize|p2|6\n|gen|9\n|tier|[Gen 9] Anything Goes\n|rated|\n|rule|HP Percentage Mod: HP is shown in percentages\n|rule|Endless Battle Clause: Forcing endless battles is banned\n|clearpoke\n|poke|p1|Ditto|\n|poke|p1|Ditto|\n|poke|p1|Ditto|\n|poke|p1|Ditto|\n|poke|p1|Ditto|\n|poke|p1|Ditto|\n|poke|p2|Scyther, M|\n|poke|p2|Lycanroc, M|\n|poke|p2|Pawmot, M|\n|poke|p2|Clodsire, M|\n|poke|p2|Gogoat, M|\n|poke|p2|Arcanine, M|\n|teampreview\n|c|\u2606DR4N|NONONONONO\n|c|\u2606DR4N|NONONON\n|c|\u2606htk26|hahaha\n|c|\u2606DR4N|NO\n|\n|t:|1697948948\n|start\n|switch|p1a: Ditto|Ditto, shiny|100\/100\n|switch|p2a: Billy|Gogoat, M, shiny|100\/100\n|-transform|p1a: Ditto|p2a: Billy|[from] ability: Imposter\n|turn|1\n|\n|t:|1697948961\n|move|p1a: Ditto|Giga Drain|p2a: Billy\n|-ability|p2a: Billy|Sap Sipper|boost\n|-boost|p2a: Billy|atk|1\n|move|p2a: Billy|Leech Seed|p1a: Ditto\n|-ability|p1a: Ditto|Sap Sipper|boost\n|-boost|p1a: Ditto|atk|1\n|\n|upkeep\n|turn|2\n|\n|t:|1697948969\n|move|p1a: Ditto|Surf|p2a: Billy\n|-resisted|p2a: Billy\n|-damage|p2a: Billy|88\/100\n|move|p2a: Billy|Surf|p1a: Ditto\n|-resisted|p1a: Ditto\n|-damage|p1a: Ditto|87\/100\n|\n|upkeep\n|turn|3\n|c|\u2606DR4N|lol\n|c|\u2606htk26|lol\n|c|\u2606DR4N|im gonna torture u with my bad gogoat moveset for another gogoat\n|\n|t:|1697948998\n|move|p1a: Ditto|Surf|p2a: Billy\n|-resisted|p2a: Billy\n|-damage|p2a: Billy|74\/100\n|move|p2a: Billy|Surf|p1a: Ditto\n|-resisted|p1a: Ditto\n|-damage|p1a: Ditto|75\/100\n|\n|upkeep\n|turn|4\n|c|\u2606htk26|NOOO\n|\n|t:|1697949005\n|move|p1a: Ditto|Surf|p2a: Billy\n|-resisted|p2a: Billy\n|-damage|p2a: Billy|62\/100\n|move|p2a: Billy|Surf|p1a: Ditto\n|-resisted|p1a: Ditto\n|-damage|p1a: Ditto|63\/100\n|\n|upkeep\n|turn|5\n|\n|t:|1697949012\n|move|p2a: Billy|Surf|p1a: Ditto\n|-resisted|p1a: Ditto\n|-damage|p1a: Ditto|50\/100\n|move|p1a: Ditto|Surf|p2a: Billy\n|-resisted|p2a: Billy\n|-damage|p2a: Billy|48\/100\n|\n|upkeep\n|turn|6\n|\n|t:|1697949029\n|switch|p1a: Ditto|Ditto, shiny|100\/100\n|-transform|p1a: Ditto|p2a: Billy|[from] ability: Imposter\n|move|p2a: Billy|Surf|p1a: Ditto\n|-resisted|p1a: Ditto\n|-damage|p1a: Ditto|81\/100\n|\n|-heal|p1a: Ditto|87\/100|[from] item: Leftovers\n|upkeep\n|turn|7\n|\n|t:|1697949039\n|move|p2a: Billy|Surf|p1a: Ditto\n|-resisted|p1a: Ditto\n|-damage|p1a: Ditto|67\/100\n|move|p1a: Ditto|Surf|p2a: Billy\n|-resisted|p2a: Billy\n|-damage|p2a: Billy|36\/100\n|\n|-heal|p1a: Ditto|73\/100|[from] item: Leftovers\n|upkeep\n|turn|8\n|\n|t:|1697949046\n|move|p2a: Billy|Surf|p1a: Ditto\n|-resisted|p1a: Ditto\n|-damage|p1a: Ditto|55\/100\n|move|p1a: Ditto|Surf|p2a: Billy\n|-resisted|p2a: Billy\n|-damage|p2a: Billy|25\/100\n|\n|-heal|p1a: Ditto|61\/100|[from] item: Leftovers\n|upkeep\n|turn|9\n|\n|t:|1697949053\n|move|p2a: Billy|Surf|p1a: Ditto\n|-resisted|p1a: Ditto\n|-damage|p1a: Ditto|44\/100\n|move|p1a: Ditto|Surf|p2a: Billy\n|-resisted|p2a: Billy\n|-damage|p2a: Billy|12\/100\n|\n|-heal|p1a: Ditto|50\/100|[from] item: Leftovers\n|upkeep\n|turn|10\n|\n|t:|1697949061\n|move|p2a: Billy|Milk Drink|p2a: Billy\n|-heal|p2a: Billy|62\/100\n|move|p1a: Ditto|Surf|p2a: Billy\n|-resisted|p2a: Billy\n|-damage|p2a: Billy|51\/100\n|\n|-heal|p1a: Ditto|56\/100|[from] item: Leftovers\n|upkeep\n|turn|11\n|c|\u2606DR4N|HAHAHAA\n|c|\u2606DR4N|i get tortured too ;-;\n|\n|t:|1697949080\n|move|p1a: Ditto|Milk Drink|p1a: Ditto\n|-heal|p1a: Ditto|100\/100\n|move|p2a: Billy|Milk Drink|p2a: Billy\n|-heal|p2a: Billy|100\/100\n|\n|upkeep\n|turn|12\n|\n|t:|1697949095\n|switch|p1a: Ditto|Ditto, shiny|100\/100\n|-transform|p1a: Ditto|p2a: Billy|[from] ability: Imposter\n|move|p2a: Billy|Surf|p1a: Ditto\n|-resisted|p1a: Ditto\n|-damage|p1a: Ditto|81\/100\n|\n|upkeep\n|turn|13\n|\n|t:|1697949103\n|move|p1a: Ditto|Surf|p2a: Billy\n|-resisted|p2a: Billy\n|-damage|p2a: Billy|84\/100\n|-damage|p1a: Ditto|72\/100|[from] item: Life Orb\n|move|p2a: Billy|Surf|p1a: Ditto\n|-resisted|p1a: Ditto\n|-damage|p1a: Ditto|54\/100\n|\n|upkeep\n|turn|14\n|\n|t:|1697949110\n|move|p1a: Ditto|Milk Drink|p1a: Ditto\n|-heal|p1a: Ditto|100\/100\n|move|p2a: Billy|Surf|p1a: Ditto\n|-resisted|p1a: Ditto\n|-damage|p1a: Ditto|81\/100\n|\n|upkeep\n|turn|15\n|\n|t:|1697949121\n|switch|p2a: Bobby|Clodsire, M, shiny|100\/100\n|move|p1a: Ditto|Surf|p2a: Bobby\n|-supereffective|p2a: Bobby\n|-damage|p2a: Bobby|63\/100\n|-damage|p1a: Ditto|71\/100|[from] item: Life Orb\n|\n|-heal|p2a: Bobby|70\/100|[from] item: Black Sludge\n|upkeep\n|turn|16\n|\n|t:|1697949130\n|move|p1a: Ditto|Leech Seed|p2a: Bobby\n|-start|p2a: Bobby|move: Leech Seed\n|move|p2a: Bobby|Toxic Spikes|p1a: Ditto\n|-sidestart|p1: htk26|move: Toxic Spikes\n|\n|-heal|p2a: Bobby|76\/100|[from] item: Black Sludge\n|-damage|p2a: Bobby|63\/100|[from] Leech Seed|[of] p1a: Ditto\n|-heal|p1a: Ditto|91\/100|[silent]\n|upkeep\n|turn|17\n|\n|t:|1697949138\n|switch|p2a: Billy|Gogoat, M, shiny|84\/100\n|move|p1a: Ditto|Giga Drain|p2a: Billy\n|-ability|p2a: Billy|Sap Sipper|boost\n|-boost|p2a: Billy|atk|1\n|\n|upkeep\n|turn|18\n|c|\u2606DR4N|that shall do the job\n|\n|t:|1697949147\n|move|p2a: Billy|Surf|p1a: Ditto\n|-resisted|p1a: Ditto\n|-damage|p1a: Ditto|71\/100\n|move|p1a: Ditto|Surf|p2a: Billy\n|-resisted|p2a: Billy\n|-damage|p2a: Billy|69\/100\n|-damage|p1a: Ditto|61\/100|[from] item: Life Orb\n|\n|upkeep\n|turn|19\n|\n|t:|1697949155\n|move|p1a: Ditto|Surf|p2a: Billy\n|-resisted|p2a: Billy\n|-damage|p2a: Billy|52\/100\n|-damage|p1a: Ditto|51\/100|[from] item: Life Orb\n|move|p2a: Billy|Surf|p1a: Ditto\n|-resisted|p1a: Ditto\n|-damage|p1a: Ditto|31\/100\n|\n|upkeep\n|turn|20\n|c|\u2606htk26|This might be awhile\n|\n|t:|1697949174\n|move|p1a: Ditto|Milk Drink|p1a: Ditto\n|-heal|p1a: Ditto|81\/100\n|move|p2a: Billy|Surf|p1a: Ditto\n|-resisted|p1a: Ditto\n|-damage|p1a: Ditto|62\/100\n|\n|upkeep\n|turn|21\n|c|\u2606DR4N|yep\n|\n|t:|1697949181\n|move|p2a: Billy|Surf|p1a: Ditto\n|-resisted|p1a: Ditto\n|-damage|p1a: Ditto|44\/100\n|move|p1a: Ditto|Surf|p2a: Billy\n|-resisted|p2a: Billy\n|-damage|p2a: Billy|35\/100\n|-damage|p1a: Ditto|35\/100|[from] item: Life Orb\n|\n|upkeep\n|turn|22\n|\n|t:|1697949189\n|move|p1a: Ditto|Milk Drink|p1a: Ditto\n|-heal|p1a: Ditto|85\/100\n|move|p2a: Billy|Surf|p1a: Ditto\n|-resisted|p1a: Ditto\n|-damage|p1a: Ditto|67\/100\n|\n|upkeep\n|turn|23\n|\n|t:|1697949195\n|switch|p1a: Ditto|Ditto, shiny|100\/100\n|-status|p1a: Ditto|psn\n|-transform|p1a: Ditto|p2a: Billy|[from] ability: Imposter\n|move|p2a: Billy|Surf|p1a: Ditto\n|-resisted|p1a: Ditto\n|-damage|p1a: Ditto|81\/100 psn\n|\n|-heal|p1a: Ditto|87\/100 psn|[from] item: Leftovers\n|-damage|p1a: Ditto|75\/100 psn|[from] psn\n|upkeep\n|turn|24\n|c|\u2606DR4N|YES\n|c|\u2606DR4N|YES\n|\n|t:|1697949208\n|move|p1a: Ditto|Surf|p2a: Billy\n|-resisted|p2a: Billy\n|-damage|p2a: Billy|23\/100\n|move|p2a: Billy|Milk Drink|p2a: Billy\n|-heal|p2a: Billy|73\/100\n|\n|-heal|p1a: Ditto|81\/100 psn|[from] item: Leftovers\n|-damage|p1a: Ditto|69\/100 psn|[from] psn\n|upkeep\n|turn|25\n|c|\u2606DR4N|YESS\n|c|\u2606htk26|NOO\n|c|\u2606htk26|NO\n|\n|t:|1697949223\n|move|p1a: Ditto|Surf|p2a: Billy\n|-resisted|p2a: Billy\n|-damage|p2a: Billy|60\/100\n|move|p2a: Billy|Surf|p1a: Ditto\n|-resisted|p1a: Ditto\n|-damage|p1a: Ditto|49\/100 psn\n|\n|-heal|p1a: Ditto|55\/100 psn|[from] item: Leftovers\n|-damage|p1a: Ditto|43\/100 psn|[from] psn\n|upkeep\n|turn|26\n|\n|t:|1697949232\n|move|p2a: Billy|Surf|p1a: Ditto\n|-resisted|p1a: Ditto\n|-damage|p1a: Ditto|23\/100 psn\n|move|p1a: Ditto|Milk Drink|p1a: Ditto\n|-heal|p1a: Ditto|73\/100 psn\n|\n|-heal|p1a: Ditto|79\/100 psn|[from] item: Leftovers\n|-damage|p1a: Ditto|66\/100 psn|[from] psn\n|upkeep\n|turn|27\n|\n|t:|1697949241\n|move|p1a: Ditto|Surf|p2a: Billy\n|-resisted|p2a: Billy\n|-damage|p2a: Billy|46\/100\n|move|p2a: Billy|Surf|p1a: Ditto\n|-resisted|p1a: Ditto\n|-damage|p1a: Ditto|48\/100 psn\n|\n|-heal|p1a: Ditto|54\/100 psn|[from] item: Leftovers\n|-damage|p1a: Ditto|42\/100 psn|[from] psn\n|upkeep\n|turn|28\n|\n|t:|1697949250\n|move|p2a: Billy|Milk Drink|p2a: Billy\n|-heal|p2a: Billy|96\/100\n|move|p1a: Ditto|Milk Drink|p1a: Ditto\n|-heal|p1a: Ditto|92\/100 psn\n|\n|-heal|p1a: Ditto|98\/100 psn|[from] item: Leftovers\n|-damage|p1a: Ditto|86\/100 psn|[from] psn\n|upkeep\n|turn|29\n|\n|t:|1697949263\n|switch|p2a: Bobby|Clodsire, M, shiny|63\/100\n|move|p1a: Ditto|Surf|p2a: Bobby\n|-supereffective|p2a: Bobby\n|-damage|p2a: Bobby|35\/100\n|\n|-heal|p1a: Ditto|92\/100 psn|[from] item: Leftovers\n|-heal|p2a: Bobby|41\/100|[from] item: Black Sludge\n|-damage|p1a: Ditto|79\/100 psn|[from] psn\n|upkeep\n|turn|30\n|\n|t:|1697949276\n|move|p1a: Ditto|Surf|p2a: Bobby\n|-supereffective|p2a: Bobby\n|-damage|p2a: Bobby|12\/100\n|move|p2a: Bobby|Toxic Spikes|p1a: Ditto\n|-sidestart|p1: htk26|move: Toxic Spikes\n|\n|-heal|p1a: Ditto|85\/100 psn|[from] item: Leftovers\n|-heal|p2a: Bobby|19\/100|[from] item: Black Sludge\n|-damage|p1a: Ditto|73\/100 psn|[from] psn\n|upkeep\n|turn|31\n|\n|t:|1697949286\n|switch|p2a: Billy|Gogoat, M, shiny|96\/100\n|move|p1a: Ditto|Giga Drain|p2a: Billy\n|-ability|p2a: Billy|Sap Sipper|boost\n|-boost|p2a: Billy|atk|1\n|\n|-heal|p1a: Ditto|79\/100 psn|[from] item: Leftovers\n|-damage|p1a: Ditto|67\/100 psn|[from] psn\n|upkeep\n|turn|32\n|\n|t:|1697949299\n|switch|p1a: Ditto|Ditto, shiny|50\/100\n|-status|p1a: Ditto|tox\n|-transform|p1a: Ditto|p2a: Billy|[from] ability: Imposter\n|move|p2a: Billy|Leech Seed|p1a: Ditto\n|-ability|p1a: Ditto|Sap Sipper|boost\n|-boost|p1a: Ditto|atk|1\n|\n|-damage|p1a: Ditto|44\/100 tox|[from] psn\n|upkeep\n|turn|33\n|c|\u2606DR4N|YESS\n|c|\u2606DR4N|YES\n|\n|t:|1697949311\n|move|p2a: Billy|Leech Seed|p1a: Ditto\n|-ability|p1a: Ditto|Sap Sipper|boost\n|-boost|p1a: Ditto|atk|1\n|move|p1a: Ditto|Surf|p2a: Billy\n|-resisted|p2a: Billy\n|-damage|p2a: Billy|83\/100\n|\n|-damage|p1a: Ditto|32\/100 tox|[from] psn\n|upkeep\n|turn|34\n|c|\u2606DR4N|this gogoat is a special attacker sap sipper is useless\n|\n|t:|1697949329\n|switch|p1a: Ditto|Ditto, shiny|67\/100 psn\n|-transform|p1a: Ditto|p2a: Billy|[from] ability: Imposter\n|move|p2a: Billy|Leech Seed|p1a: Ditto\n|-ability|p1a: Ditto|Sap Sipper|boost\n|-boost|p1a: Ditto|atk|1\n|\n|-heal|p1a: Ditto|73\/100 psn|[from] item: Leftovers\n|-damage|p1a: Ditto|60\/100 psn|[from] psn\n|upkeep\n|turn|35\n|c|\u2606htk26|haha\n|\n|t:|1697949346\n|move|p1a: Ditto|Surf|p2a: Billy\n|-resisted|p2a: Billy\n|-damage|p2a: Billy|69\/100\n|move|p2a: Billy|Leech Seed|p1a: Ditto\n|-ability|p1a: Ditto|Sap Sipper|boost\n|-boost|p1a: Ditto|atk|1\n|\n|-heal|p1a: Ditto|66\/100 psn|[from] item: Leftovers\n|-damage|p1a: Ditto|54\/100 psn|[from] psn\n|upkeep\n|turn|36\n|\n|t:|1697949355\n|move|p2a: Billy|Leech Seed|p1a: Ditto\n|-ability|p1a: Ditto|Sap Sipper|boost\n|-boost|p1a: Ditto|atk|1\n|move|p1a: Ditto|Milk Drink|p1a: Ditto\n|-heal|p1a: Ditto|100\/100 psn\n|\n|-damage|p1a: Ditto|88\/100 psn|[from] psn\n|upkeep\n|turn|37\n|\n|t:|1697949362\n|move|p2a: Billy|Leech Seed|p1a: Ditto\n|-ability|p1a: Ditto|Sap Sipper|boost\n|-boost|p1a: Ditto|atk|1\n|move|p1a: Ditto|Surf|p2a: Billy\n|-resisted|p2a: Billy\n|-damage|p2a: Billy|56\/100\n|\n|-heal|p1a: Ditto|94\/100 psn|[from] item: Leftovers\n|-damage|p1a: Ditto|82\/100 psn|[from] psn\n|upkeep\n|turn|38\n|\n|t:|1697949371\n|move|p1a: Ditto|Surf|p2a: Billy\n|-resisted|p2a: Billy\n|-damage|p2a: Billy|44\/100\n|move|p2a: Billy|Giga Drain|p1a: Ditto\n|-ability|p1a: Ditto|Sap Sipper|boost\n|-boost|p1a: Ditto|atk|1\n|\n|-heal|p1a: Ditto|88\/100 psn|[from] item: Leftovers\n|-damage|p1a: Ditto|75\/100 psn|[from] psn\n|upkeep\n|turn|39\n|\n|t:|1697949382\n|move|p1a: Ditto|Surf|p2a: Billy\n|-resisted|p2a: Billy\n|-damage|p2a: Billy|30\/100\n|move|p2a: Billy|Milk Drink|p2a: Billy\n|-heal|p2a: Billy|80\/100\n|\n|-heal|p1a: Ditto|81\/100 psn|[from] item: Leftovers\n|-damage|p1a: Ditto|69\/100 psn|[from] psn\n|upkeep\n|turn|40\n|\n|t:|1697949393\n|move|p2a: Billy|Surf|p1a: Ditto\n|-resisted|p1a: Ditto\n|-crit|p1a: Ditto\n|-damage|p1a: Ditto|42\/100 psn\n|move|p1a: Ditto|Surf|p2a: Billy\n|-resisted|p2a: Billy\n|-damage|p2a: Billy|68\/100\n|\n|-heal|p1a: Ditto|48\/100 psn|[from] item: Leftovers\n|-damage|p1a: Ditto|36\/100 psn|[from] psn\n|upkeep\n|turn|41\n|\n|t:|1697949402\n|move|p2a: Billy|Leech Seed|p1a: Ditto\n|-immune|p1a: Ditto|[from] ability: Sap Sipper\n|move|p1a: Ditto|Milk Drink|p1a: Ditto\n|-heal|p1a: Ditto|86\/100 psn\n|\n|-heal|p1a: Ditto|92\/100 psn|[from] item: Leftovers\n|-damage|p1a: Ditto|80\/100 psn|[from] psn\n|upkeep\n|turn|42\n|\n|t:|1697949416\n|move|p1a: Ditto|Milk Drink|p1a: Ditto\n|-heal|p1a: Ditto|100\/100 psn\n|move|p2a: Billy|Surf|p1a: Ditto\n|-resisted|p1a: Ditto\n|-damage|p1a: Ditto|83\/100 psn\n|\n|-heal|p1a: Ditto|89\/100 psn|[from] item: Leftovers\n|-damage|p1a: Ditto|76\/100 psn|[from] psn\n|upkeep\n|turn|43\n|\n|t:|1697949424\n|move|p2a: Billy|Surf|p1a: Ditto\n|-resisted|p1a: Ditto\n|-damage|p1a: Ditto|57\/100 psn\n|move|p1a: Ditto|Milk Drink|p1a: Ditto\n|-heal|p1a: Ditto|100\/100 psn\n|\n|-damage|p1a: Ditto|88\/100 psn|[from] psn\n|upkeep\n|turn|44\n|c|\u2606DR4N|turn 40 already??\n|c|\u2606htk26|idk\n|c|\u2606DR4N|god\n|c|\u2606htk26|yeah lol\n|\n|t:|1697949445\n|move|p2a: Billy|Surf|p1a: Ditto\n|-resisted|p1a: Ditto\n|-crit|p1a: Ditto\n|-damage|p1a: Ditto|57\/100 psn\n|move|p1a: Ditto|Milk Drink|p1a: Ditto\n|-heal|p1a: Ditto|100\/100 psn\n|\n|-damage|p1a: Ditto|88\/100 psn|[from] psn\n|upkeep\n|turn|45\n|\n|t:|1697949462\n|switch|p1a: Ditto|Ditto, shiny|67\/100\n|-status|p1a: Ditto|tox\n|-transform|p1a: Ditto|p2a: Billy|[from] ability: Imposter\n|move|p2a: Billy|Giga Drain|p1a: Ditto\n|-ability|p1a: Ditto|Sap Sipper|boost\n|-boost|p1a: Ditto|atk|1\n|\n|-damage|p1a: Ditto|61\/100 tox|[from] psn\n|upkeep\n|turn|46\n|c|\u2606DR4N|YESS\n|c|\u2606DR4N|YESSS\n|\n|t:|1697949473\n|move|p2a: Billy|Leech Seed|p1a: Ditto\n|-ability|p1a: Ditto|Sap Sipper|boost\n|-boost|p1a: Ditto|atk|1\n|move|p1a: Ditto|Milk Drink|p1a: Ditto\n|-heal|p1a: Ditto|100\/100 tox\n|\n|-damage|p1a: Ditto|88\/100 tox|[from] psn\n|upkeep\n|turn|47\n|\n|t:|1697949485\n|move|p1a: Ditto|Surf|p2a: Billy\n|-resisted|p2a: Billy\n|-damage|p2a: Billy|52\/100\n|-damage|p1a: Ditto|79\/100 tox|[from] item: Life Orb\n|move|p2a: Billy|Leech Seed|p1a: Ditto\n|-ability|p1a: Ditto|Sap Sipper|boost\n|-boost|p1a: Ditto|atk|1\n|\n|-damage|p1a: Ditto|61\/100 tox|[from] psn\n|upkeep\n|turn|48\n|\n|t:|1697949493\n|move|p2a: Billy|Leech Seed|p1a: Ditto\n|-ability|p1a: Ditto|Sap Sipper|boost\n|-boost|p1a: Ditto|atk|1\n|move|p1a: Ditto|Surf|p2a: Billy\n|-resisted|p2a: Billy\n|-damage|p2a: Billy|37\/100\n|-damage|p1a: Ditto|51\/100 tox|[from] item: Life Orb\n|\n|-damage|p1a: Ditto|27\/100 tox|[from] psn\n|upkeep\n|turn|49\n|\n|t:|1697949503\n|move|p1a: Ditto|Milk Drink|p1a: Ditto\n|-heal|p1a: Ditto|77\/100 tox\n|move|p2a: Billy|Leech Seed|p1a: Ditto\n|-ability|p1a: Ditto|Sap Sipper|boost\n|-boost|p1a: Ditto|atk|1\n|\n|-damage|p1a: Ditto|47\/100 tox|[from] psn\n|upkeep\n|turn|50\n|\n|t:|1697949510\n|move|p1a: Ditto|Milk Drink|p1a: Ditto\n|-heal|p1a: Ditto|97\/100 tox\n|move|p2a: Billy|Leech Seed|p1a: Ditto\n|-immune|p1a: Ditto|[from] ability: Sap Sipper\n|\n|-damage|p1a: Ditto|61\/100 tox|[from] psn\n|upkeep\n|turn|51\n|c|\u2606DR4N|LETS GOO BILLY BOI\n|\n|t:|1697949519\n|move|p2a: Billy|Leech Seed|p1a: Ditto\n|-immune|p1a: Ditto|[from] ability: Sap Sipper\n|move|p1a: Ditto|Surf|p2a: Billy\n|-resisted|p2a: Billy\n|-damage|p2a: Billy|22\/100\n|-damage|p1a: Ditto|51\/100 tox|[from] item: Life Orb\n|\n|-damage|p1a: Ditto|9\/100 tox|[from] psn\n|upkeep\n|turn|52\n|\n|t:|1697949530\n|move|p2a: Billy|Leech Seed|p1a: Ditto\n|-immune|p1a: Ditto|[from] ability: Sap Sipper\n|move|p1a: Ditto|Milk Drink|p1a: Ditto\n|-heal|p1a: Ditto|59\/100 tox\n|\n|-damage|p1a: Ditto|11\/100 tox|[from] psn\n|upkeep\n|turn|53\n|\n|t:|1697949541\n|move|p2a: Billy|Milk Drink|p2a: Billy\n|-heal|p2a: Billy|72\/100\n|move|p1a: Ditto|Milk Drink|p1a: Ditto\n|-heal|p1a: Ditto|61\/100 tox\n|\n|-damage|p1a: Ditto|7\/100 tox|[from] psn\n|upkeep\n|turn|54\n|\n|t:|1697949552\n|move|p2a: Billy|Leech Seed|p1a: Ditto\n|-immune|p1a: Ditto|[from] ability: Sap Sipper\n|move|p1a: Ditto|Surf|p2a: Billy\n|-resisted|p2a: Billy\n|-damage|p2a: Billy|56\/100\n|-damage|p1a: Ditto|0 fnt|[from] item: Life Orb\n|faint|p1a: Ditto\n|\n|upkeep\n|c|\u2606htk26|RIP\n|\n|t:|1697949563\n|switch|p1a: Ditto|Ditto, shiny|88\/100 psn\n|-transform|p1a: Ditto|p2a: Billy|[from] ability: Imposter\n|turn|55\n|c|\u2606DR4N|1 down\n|c|\u2606DR4N|5 more..\n|\n|t:|1697949574\n|move|p1a: Ditto|Surf|p2a: Billy\n|-resisted|p2a: Billy\n|-damage|p2a: Billy|43\/100\n|move|p2a: Billy|Giga Drain|p1a: Ditto\n|-ability|p1a: Ditto|Sap Sipper|boost\n|-boost|p1a: Ditto|atk|1\n|\n|-heal|p1a: Ditto|94\/100 psn|[from] item: Leftovers\n|-damage|p1a: Ditto|82\/100 psn|[from] psn\n|upkeep\n|turn|56\n|\n|t:|1697949583\n|move|p1a: Ditto|Surf|p2a: Billy\n|-resisted|p2a: Billy\n|-damage|p2a: Billy|30\/100\n|move|p2a: Billy|Giga Drain|p1a: Ditto\n|-ability|p1a: Ditto|Sap Sipper|boost\n|-boost|p1a: Ditto|atk|1\n|\n|-heal|p1a: Ditto|88\/100 psn|[from] item: Leftovers\n|-damage|p1a: Ditto|75\/100 psn|[from] psn\n|upkeep\n|turn|57\n|\n|t:|1697949591\n|move|p1a: Ditto|Surf|p2a: Billy\n|-resisted|p2a: Billy\n|-damage|p2a: Billy|18\/100\n|move|p2a: Billy|Giga Drain|p1a: Ditto\n|-ability|p1a: Ditto|Sap Sipper|boost\n|-boost|p1a: Ditto|atk|1\n|\n|-heal|p1a: Ditto|81\/100 psn|[from] item: Leftovers\n|-damage|p1a: Ditto|69\/100 psn|[from] psn\n|upkeep\n|turn|58\n|\n|t:|1697949599\n|move|p1a: Ditto|Surf|p2a: Billy\n|-resisted|p2a: Billy\n|-damage|p2a: Billy|4\/100\n|move|p2a: Billy|Giga Drain|p1a: Ditto\n|-ability|p1a: Ditto|Sap Sipper|boost\n|-boost|p1a: Ditto|atk|1\n|\n|-heal|p1a: Ditto|75\/100 psn|[from] item: Leftovers\n|-damage|p1a: Ditto|63\/100 psn|[from] psn\n|upkeep\n|turn|59\n|c|\u2606DR4N|i messed up\n|\n|t:|1697949611\n|move|p2a: Billy|Milk Drink|p2a: Billy\n|-heal|p2a: Billy|54\/100\n|move|p1a: Ditto|Surf|p2a: Billy\n|-resisted|p2a: Billy\n|-damage|p2a: Billy|40\/100\n|\n|-heal|p1a: Ditto|69\/100 psn|[from] item: Leftovers\n|-damage|p1a: Ditto|56\/100 psn|[from] psn\n|upkeep\n|turn|60\n|\n|t:|1697949619\n|move|p1a: Ditto|Milk Drink|p1a: Ditto\n|-heal|p1a: Ditto|100\/100 psn\n|move|p2a: Billy|Milk Drink|p2a: Billy\n|-heal|p2a: Billy|90\/100\n|\n|-damage|p1a: Ditto|88\/100 psn|[from] psn\n|upkeep\n|turn|61\n|\n|t:|1697949647\n|switch|p1a: Ditto|Ditto, shiny|100\/100\n|-status|p1a: Ditto|tox\n|-transform|p1a: Ditto|p2a: Billy|[from] ability: Imposter\n|move|p2a: Billy|Giga Drain|p1a: Ditto\n|-ability|p1a: Ditto|Sap Sipper|boost\n|-boost|p1a: Ditto|atk|1\n|\n|-damage|p1a: Ditto|94\/100 tox|[from] psn\n|upkeep\n|turn|62\n|\n|t:|1697949659\n|move|p1a: Ditto|Surf|p2a: Billy\n|-resisted|p2a: Billy\n|-damage|p2a: Billy|77\/100\n|move|p2a: Billy|Giga Drain|p1a: Ditto\n|-ability|p1a: Ditto|Sap Sipper|boost\n|-boost|p1a: Ditto|atk|1\n|\n|-damage|p1a: Ditto|82\/100 tox|[from] psn\n|upkeep\n|turn|63\n|\n|t:|1697949668\n|move|p1a: Ditto|Surf|p2a: Billy\n|-resisted|p2a: Billy\n|-damage|p2a: Billy|65\/100\n|move|p2a: Billy|Giga Drain|p1a: Ditto\n|-ability|p1a: Ditto|Sap Sipper|boost\n|-boost|p1a: Ditto|atk|1\n|\n|-damage|p1a: Ditto|64\/100 tox|[from] psn\n|upkeep\n|turn|64\n|\n|t:|1697949678\n|switch|p1a: Ditto|Ditto, shiny|88\/100 psn\n|-transform|p1a: Ditto|p2a: Billy|[from] ability: Imposter\n|move|p2a: Billy|Giga Drain|p1a: Ditto\n|-ability|p1a: Ditto|Sap Sipper|boost\n|-boost|p1a: Ditto|atk|1\n|\n|-heal|p1a: Ditto|94\/100 psn|[from] item: Leftovers\n|-damage|p1a: Ditto|82\/100 psn|[from] psn\n|upkeep\n|turn|65\n|c|\u2606DR4N|i almost have to pp\n|\n|t:|1697949688\n|move|p1a: Ditto|Surf|p2a: Billy\n|-resisted|p2a: Billy\n|-damage|p2a: Billy|52\/100\n|move|p2a: Billy|Giga Drain|p1a: Ditto\n|-ability|p1a: Ditto|Sap Sipper|boost\n|-boost|p1a: Ditto|atk|1\n|\n|-heal|p1a: Ditto|88\/100 psn|[from] item: Leftovers\n|-damage|p1a: Ditto|75\/100 psn|[from] psn\n|upkeep\n|turn|66\n|\n|t:|1697949696\n|move|p2a: Billy|Giga Drain|p1a: Ditto\n|-ability|p1a: Ditto|Sap Sipper|boost\n|-boost|p1a: Ditto|atk|1\n|move|p1a: Ditto|Surf|p2a: Billy\n|-resisted|p2a: Billy\n|-damage|p2a: Billy|39\/100\n|\n|-heal|p1a: Ditto|81\/100 psn|[from] item: Leftovers\n|-damage|p1a: Ditto|69\/100 psn|[from] psn\n|upkeep\n|turn|67\n|\n|t:|1697949704\n|move|p2a: Billy|Giga Drain|p1a: Ditto\n|-ability|p1a: Ditto|Sap Sipper|boost\n|-boost|p1a: Ditto|atk|1\n|move|p1a: Ditto|Surf|p2a: Billy\n|-resisted|p2a: Billy\n|-damage|p2a: Billy|26\/100\n|\n|-heal|p1a: Ditto|75\/100 psn|[from] item: Leftovers\n|-damage|p1a: Ditto|63\/100 psn|[from] psn\n|upkeep\n|turn|68\n|\n|t:|1697949712\n|move|p1a: Ditto|Surf|p2a: Billy\n|-resisted|p2a: Billy\n|-damage|p2a: Billy|14\/100\n|move|p2a: Billy|Giga Drain|p1a: Ditto\n|-ability|p1a: Ditto|Sap Sipper|boost\n|-boost|p1a: Ditto|atk|1\n|\n|-heal|p1a: Ditto|69\/100 psn|[from] item: Leftovers\n|-damage|p1a: Ditto|56\/100 psn|[from] psn\n|upkeep\n|turn|69\n|c|\u2606DR4N|69\n|\n|t:|1697949721\n|move|p1a: Ditto|Surf|p2a: Billy\n|-resisted|p2a: Billy\n|-damage|p2a: Billy|1\/100\n|move|p2a: Billy|Giga Drain|p1a: Ditto\n|-immune|p1a: Ditto|[from] ability: Sap Sipper\n|\n|-heal|p1a: Ditto|62\/100 psn|[from] item: Leftovers\n|-damage|p1a: Ditto|50\/100 psn|[from] psn\n|upkeep\n|turn|70\n|c|\u2606DR4N|this is badd\n|c|\u2606htk26|lol\n|\n|t:|1697949731\n|move|p1a: Ditto|Milk Drink|p1a: Ditto\n|-heal|p1a: Ditto|99\/100 psn\n|move|p2a: Billy|Giga Drain|p1a: Ditto\n|-immune|p1a: Ditto|[from] ability: Sap Sipper\n|\n|-heal|p1a: Ditto|100\/100 psn|[from] item: Leftovers\n|-damage|p1a: Ditto|88\/100 psn|[from] psn\n|upkeep\n|turn|71\n|c|\u2606DR4N|oof im out of pp\n|\n|t:|1697949743\n|switch|p1a: Ditto|Ditto, shiny|64\/100 tox\n|-transform|p1a: Ditto|p2a: Billy|[from] ability: Imposter\n|-activate|p2a: Billy|move: Struggle\n|move|p2a: Billy|Struggle|p1a: Ditto\n|-damage|p1a: Ditto|42\/100 tox\n|-damage|p2a: Billy|0 fnt|[from] recoil\n|faint|p2a: Billy\n|\n|-damage|p1a: Ditto|36\/100 tox|[from] psn\n|upkeep\n|\n|t:|1697949754\n|switch|p2a: Mick|Pawmot, M, shiny|100\/100\n|turn|72\n|\n|t:|1697949761\n|move|p2a: Mick|Revival Blessing|p2a: Mick\n|\n|t:|1697949762\n|-heal|p2: Billy|50\/100|[from] move: Revival Blessing\n|move|p1a: Ditto|Leech Seed|p2a: Mick\n|-start|p2a: Mick|move: Leech Seed\n|\n|-damage|p2a: Mick|88\/100|[from] Leech Seed|[of] p1a: Ditto\n|-heal|p1a: Ditto|48\/100 tox|[silent]\n|-damage|p1a: Ditto|36\/100 tox|[from] psn\n|upkeep\n|turn|73\n|c|\u2606htk26|NOOOOOO\n|c|\u2606DR4N|BILLY BOI COME OUT\n|\n|t:|1697949779\n|switch|p2a: Billy|Gogoat, M, shiny|50\/100\n|switch|p1a: Ditto|Ditto, shiny|32\/100 tox\n|-transform|p1a: Ditto|p2a: Billy|[from] ability: Imposter\n|\n|-damage|p1a: Ditto|26\/100 tox|[from] psn\n|upkeep\n|turn|74\n|\n|t:|1697949791\n|move|p1a: Ditto|Surf|p2a: Billy\n|-resisted|p2a: Billy\n|-damage|p2a: Billy|37\/100\n|-activate|p2a: Billy|move: Struggle\n|move|p2a: Billy|Struggle|p1a: Ditto\n|-damage|p1a: Ditto|11\/100 tox\n|-damage|p2a: Billy|12\/100|[from] recoil\n|\n|-damage|p1a: Ditto|0 fnt|[from] psn\n|faint|p1a: Ditto\n|upkeep\n|\n|t:|1697949800\n|switch|p1a: Ditto|Ditto, shiny|36\/100 tox\n|-transform|p1a: Ditto|p2a: Billy|[from] ability: Imposter\n|turn|75\n|\n|t:|1697949805\n|move|p1a: Ditto|Surf|p2a: Billy\n|-resisted|p2a: Billy\n|-damage|p2a: Billy|0 fnt\n|faint|p2a: Billy\n|\n|-damage|p1a: Ditto|30\/100 tox|[from] psn\n|upkeep\n|c|\u2606DR4N|f\n|c|\u2606htk26|f\n|\n|t:|1697949812\n|switch|p2a: Diego|Arcanine, M, shiny|100\/100\n|turn|76\n|\n|t:|1697949815\n|move|p2a: Diego|Hyper Voice|p1a: Ditto\n|-damage|p1a: Ditto|0 fnt\n|faint|p1a: Ditto\n|-enditem|p2a: Diego|Throat Spray\n|-boost|p2a: Diego|spa|1|[from] item: Throat Spray\n|\n|upkeep\n|\n|t:|1697949822\n|switch|p1a: Ditto|Ditto, shiny|88\/100 psn\n|-transform|p1a: Ditto|p2a: Diego|[from] ability: Imposter\n|turn|77\n|\n|t:|1697949835\n|-terastallize|p2a: Diego|Fairy\n|move|p1a: Ditto|Hyper Voice|p2a: Diego\n|-damage|p2a: Diego|50\/100\n|move|p2a: Diego|Tera Blast|p1a: Ditto|[anim] Tera Blast Fairy\n|-resisted|p1a: Ditto\n|-damage|p1a: Ditto|55\/100 psn\n|\n|-heal|p1a: Ditto|61\/100 psn|[from] item: Leftovers\n|-damage|p1a: Ditto|49\/100 psn|[from] psn\n|upkeep\n|turn|78\n|\n|t:|1697949847\n|move|p2a: Diego|Hyper Voice|p1a: Ditto\n|-damage|p1a: Ditto|0 fnt\n|faint|p1a: Ditto\n|\n|upkeep\n|\n|t:|1697949852\n|switch|p1a: Ditto|Ditto, shiny|100\/100\n|-status|p1a: Ditto|tox\n|-transform|p1a: Ditto|p2a: Diego|[from] ability: Imposter\n|-start|p1a: Ditto|typechange|Fire|[silent]\n|turn|79\n|\n|t:|1697949859\n|move|p1a: Ditto|Hyper Voice|p2a: Diego\n|-damage|p2a: Diego|3\/100\n|move|p2a: Diego|Hyper Voice|p1a: Ditto\n|-damage|p1a: Ditto|50\/100 tox\n|\n|-damage|p1a: Ditto|44\/100 tox|[from] psn\n|upkeep\n|turn|80\n|\n|t:|1697949866\n|move|p1a: Ditto|Hyper Voice|p2a: Diego\n|-damage|p2a: Diego|0 fnt\n|faint|p2a: Diego\n|\n|-damage|p1a: Ditto|32\/100 tox|[from] psn\n|upkeep\n|\n|t:|1697949875\n|switch|p2a: Buttercup|Lycanroc, M, shiny|100\/100\n|turn|81\n|\n|t:|1697949878\n|move|p2a: Buttercup|Accelerock|p1a: Ditto\n|-supereffective|p1a: Ditto\n|-damage|p1a: Ditto|0 fnt\n|faint|p1a: Ditto\n|-damage|p2a: Buttercup|91\/100|[from] item: Life Orb\n|\n|upkeep\n|\n|t:|1697949884\n|switch|p1a: Ditto|Ditto, shiny|100\/100\n|-status|p1a: Ditto|tox\n|-transform|p1a: Ditto|p2a: Buttercup|[from] ability: Imposter\n|turn|82\n|\n|t:|1697949897\n|move|p1a: Ditto|Crunch|p2a: Buttercup\n|-damage|p2a: Buttercup|49\/100\n|move|p2a: Buttercup|Iron Head|p1a: Ditto\n|-supereffective|p1a: Ditto\n|-enditem|p1a: Ditto|Focus Sash\n|-damage|p1a: Ditto|1\/100 tox\n|-damage|p2a: Buttercup|39\/100|[from] item: Life Orb\n|\n|-damage|p1a: Ditto|0 fnt|[from] psn\n|faint|p1a: Ditto\n|\n|win|DR4N\n|upkeep\n|raw|htk26's rating: 1005 &rarr; <strong>1000<\/strong><br \/>(-5 for losing)\n|raw|DR4N's rating: 1052 &rarr; <strong>1080<\/strong><br \/>(+28 for winning)\n|c|\u2606DR4N|YESSS\n|c|\u2606DR4N|gg\n|c|\u2606DR4N|80 turns\n|c|\u2606htk26|rip\n|c|\u2606DR4N|xd\n|c|\u2606htk26|gg\n|c|\u2606htk26|lol\n|c|\u2606htk26|that was fun ish\n|c|\u2606DR4N|kinda\n|c|\u2606DR4N|waste of time too\n|c|\u2606htk26|yeah lol\n|c|\u2606DR4N|lol\n|c|\u2606htk26|ok time to go torturre others bye bye\n|c|\u2606DR4N|alr cya\n|l|\u2606htk26\n|l|\u2606DR4N\n|j|\u2606DR4N\n|player|p2|DR4N|youngster-gen4dp\n","uploadtime":1697950235,"views":15,"p1id":"htk26","p2id":"dr4n","formatid":"gen9anythinggoes","rating":1000,"private":0,"password":""}