{"id":"gen9anythinggoes-1975822480","p1":"dagenjing","p2":"WOMPYWOOP","format":"[Gen 9] Anything Goes","log":"|j|\u2606dagenjing\n|j|\u203dWOMPYWOOP\n|t:|1698241335\n|gametype|singles\n|player|p1|dagenjing|265|1199\n|player|p2|WOMPYWOOP|silver-gen2|1270\n|teamsize|p1|6\n|teamsize|p2|6\n|gen|9\n|tier|[Gen 9] Anything Goes\n|rated|\n|rule|HP Percentage Mod: HP is shown in percentages\n|rule|Endless Battle Clause: Forcing endless battles is banned\n|clearpoke\n|poke|p1|Hatterene, F|\n|poke|p1|Jirachi|\n|poke|p1|Oricorio-Pom-Pom, F|\n|poke|p1|Drifblim, M|\n|poke|p1|Ogerpon-Hearthflame, F|\n|poke|p1|Ditto|\n|poke|p2|Volbeat, M|\n|poke|p2|Calyrex-Shadow|\n|poke|p2|Espathra, M|\n|poke|p2|Skeledirge, F|\n|poke|p2|Volcarona, M|\n|poke|p2|Gholdengo|\n|teampreview\n|inactive|Battle timer is ON: inactive players will automatically lose when time's up. (requested by dagenjing)\n|\n|t:|1698241349\n|start\n|switch|p1a: Drifblim|Drifblim, M|100\/100\n|switch|p2a: Volbeat|Volbeat, M, shiny|100\/100\n|turn|1\n|\n|t:|1698241354\n|move|p2a: Volbeat|Thunder Wave|p1a: Drifblim\n|-status|p1a: Drifblim|par\n|move|p1a: Drifblim|Air Slash|p2a: Volbeat\n|-supereffective|p2a: Volbeat\n|-damage|p2a: Volbeat|48\/100\n|\n|upkeep\n|turn|2\n|\n|t:|1698241360\n|move|p2a: Volbeat|Double Team|p2a: Volbeat\n|-boost|p2a: Volbeat|evasion|1\n|cant|p1a: Drifblim|par\n|\n|upkeep\n|turn|3\n|\n|t:|1698241365\n|move|p2a: Volbeat|Tail Glow|p2a: Volbeat\n|-boost|p2a: Volbeat|spa|3\n|move|p1a: Drifblim|Air Slash|p2a: Volbeat\n|-supereffective|p2a: Volbeat\n|-damage|p2a: Volbeat|0 fnt\n|faint|p2a: Volbeat\n|\n|upkeep\n|\n|t:|1698241369\n|switch|p2a: Espathra|Espathra, M|100\/100\n|turn|4\n|\n|t:|1698241377\n|move|p2a: Espathra|Calm Mind|p2a: Espathra\n|-boost|p2a: Espathra|spa|1\n|-boost|p2a: Espathra|spd|1\n|move|p1a: Drifblim|Minimize|p1a: Drifblim\n|-boost|p1a: Drifblim|evasion|2\n|\n|-ability|p2a: Espathra|Speed Boost|boost\n|-boost|p2a: Espathra|spe|1\n|upkeep\n|turn|5\n|\n|t:|1698241386\n|move|p2a: Espathra|Calm Mind|p2a: Espathra\n|-boost|p2a: Espathra|spa|1\n|-boost|p2a: Espathra|spd|1\n|cant|p1a: Drifblim|par\n|\n|-ability|p2a: Espathra|Speed Boost|boost\n|-boost|p2a: Espathra|spe|1\n|upkeep\n|turn|6\n|\n|t:|1698241389\n|move|p2a: Espathra|Calm Mind|p2a: Espathra\n|-boost|p2a: Espathra|spa|1\n|-boost|p2a: Espathra|spd|1\n|move|p1a: Drifblim|Minimize|p1a: Drifblim\n|-boost|p1a: Drifblim|evasion|2\n|\n|-ability|p2a: Espathra|Speed Boost|boost\n|-boost|p2a: Espathra|spe|1\n|upkeep\n|turn|7\n|\n|t:|1698241395\n|move|p2a: Espathra|Baton Pass|p2a: Espathra\n|\n|t:|1698241398\n|switch|p2a: Skeledirge|Skeledirge, F|100\/100|[from] Baton Pass\n|move|p1a: Drifblim|Minimize|p1a: Drifblim\n|-boost|p1a: Drifblim|evasion|2\n|\n|upkeep\n|turn|8\n|\n|t:|1698241418\n|cant|p1a: Drifblim|par\n|move|p2a: Skeledirge|Roar|p1a: Drifblim\n|drag|p1a: Hatterene|Hatterene, F|100\/100\n|\n|upkeep\n|turn|9\n|\n|t:|1698241426\n|switch|p1a: \u963f\u6258|Ditto, shiny|100\/100\n|-transform|p1a: \u963f\u6258|p2a: Skeledirge|[from] ability: Imposter\n|move|p2a: Skeledirge|Shadow Ball|p1a: \u963f\u6258\n|-supereffective|p1a: \u963f\u6258\n|-damage|p1a: \u963f\u6258|0 fnt\n|faint|p1a: \u963f\u6258\n|\n|upkeep\n|-message|dagenjing forfeited.\n|\n|win|WOMPYWOOP\n|raw|dagenjing's rating: 1199 &rarr; <strong>1179<\/strong><br \/>(-20 for losing)\n|raw|WOMPYWOOP's rating: 1270 &rarr; <strong>1290<\/strong><br \/>(+20 for winning)\n|l|\u2606dagenjing\n","uploadtime":1698241446,"views":10,"p1id":"dagenjing","p2id":"wompywoop","formatid":"gen9anythinggoes","rating":1179,"private":0,"password":""}