{"id":"gen9anythinggoes-1986462885","p1":"Rinumaki","p2":"Josharius","format":"[Gen 9] Anything Goes","log":"|j|\u2606Rinumaki\n|j|\u2606Josharius\n|t:|1699481594\n|gametype|singles\n|player|p1|Rinumaki|n|\n|player|p2|Josharius|ethan|\n|teamsize|p1|6\n|teamsize|p2|6\n|gen|9\n|tier|[Gen 9] Anything Goes\n|rule|HP Percentage Mod: HP is shown in percentages\n|rule|Endless Battle Clause: Forcing endless battles is banned\n|clearpoke\n|poke|p1|Milotic, F|\n|poke|p1|Garchomp, M|\n|poke|p1|Hawlucha, M|\n|poke|p1|Lucario, F|\n|poke|p1|Ogerpon-Wellspring, F|\n|poke|p1|Typhlosion-Hisui, F|\n|poke|p2|Thundurus, M|\n|poke|p2|Klefki, F|\n|poke|p2|Torkoal, M|\n|poke|p2|Lilligant-Hisui, F|\n|poke|p2|Hoopa-Unbound|\n|poke|p2|Sandy Shocks|\n|teampreview\n|\n|t:|1699481601\n|start\n|switch|p1a: Rey Mysterio|Hawlucha, M, shiny|100\/100\n|switch|p2a: Seta Ki|Klefki, F|100\/100\n|turn|1\n|j| caligulahar\n|\n|t:|1699481622\n|move|p1a: Rey Mysterio|Sky Attack||[still]\n|-prepare|p1a: Rey Mysterio|Sky Attack\n|-enditem|p1a: Rey Mysterio|Power Herb\n|-anim|p1a: Rey Mysterio|Sky Attack|p2a: Seta Ki\n|-resisted|p2a: Seta Ki\n|-damage|p2a: Seta Ki|69\/100\n|move|p2a: Seta Ki|Dazzling Gleam|p1a: Rey Mysterio\n|-supereffective|p1a: Rey Mysterio\n|-damage|p1a: Rey Mysterio|0 fnt\n|faint|p1a: Rey Mysterio\n|\n|upkeep\n|\n|t:|1699481635\n|switch|p1a: Vergil|Garchomp, M, shiny|100\/100\n|turn|2\n|\n|t:|1699481658\n|move|p1a: Vergil|Earthquake|p2a: Seta Ki\n|-supereffective|p2a: Seta Ki\n|-damage|p2a: Seta Ki|0 fnt\n|faint|p2a: Seta Ki\n|\n|upkeep\n|\n|t:|1699481665\n|switch|p2a: Hans Ful|Hoopa-Unbound|100\/100\n|turn|3\n|\n|t:|1699481686\n|move|p1a: Vergil|Scale Shot|p2a: Hans Ful\n|-damage|p2a: Hans Ful|77\/100\n|-damage|p2a: Hans Ful|50\/100\n|-damage|p2a: Hans Ful|24\/100\n|-damage|p2a: Hans Ful|0 fnt\n|faint|p2a: Hans Ful\n|-hitcount|p2: Hans Ful|4\n|-unboost|p1a: Vergil|def|1\n|-boost|p1a: Vergil|spe|1\n|\n|upkeep\n|\n|t:|1699481708\n|switch|p2a: Fighter Flower|Lilligant-Hisui, F|100\/100\n|turn|4\n|\n|t:|1699481711\n|switch|p1a: Fading Bomb|Typhlosion-Hisui, F, shiny|100\/100\n|move|p2a: Fighter Flower|Ice Spinner|p1a: Fading Bomb\n|-resisted|p1a: Fading Bomb\n|-damage|p1a: Fading Bomb|72\/100\n|\n|upkeep\n|turn|5\n|\n|t:|1699481728\n|switch|p2a: Trishock|Sandy Shocks|100\/100\n|move|p1a: Fading Bomb|Flamethrower|p2a: Trishock\n|-damage|p2a: Trishock|53\/100\n|\n|upkeep\n|turn|6\n|\n|t:|1699481749\n|switch|p1a: Vergil|Garchomp, M, shiny|100\/100\n|move|p2a: Trishock|High Horsepower|p1a: Vergil\n|-damage|p1a: Vergil|60\/100\n|\n|upkeep\n|turn|7\n|\n|t:|1699481761\n|-end|p2a: Trishock|Protosynthesis|[silent]\n|switch|p2a: Abov Tha Clau|Thundurus, M|100\/100\n|move|p1a: Vergil|Earthquake|p2a: Abov Tha Clau\n|-immune|p2a: Abov Tha Clau\n|\n|upkeep\n|turn|8\n|\n|t:|1699481783\n|move|p1a: Vergil|Scale Shot|p2a: Abov Tha Clau\n|-damage|p2a: Abov Tha Clau|84\/100\n|-damage|p2a: Abov Tha Clau|68\/100\n|-crit|p2a: Abov Tha Clau\n|-damage|p2a: Abov Tha Clau|41\/100\n|-damage|p2a: Abov Tha Clau|24\/100\n|-damage|p2a: Abov Tha Clau|7\/100\n|-hitcount|p2a: Abov Tha Clau|5\n|-unboost|p1a: Vergil|def|1\n|-boost|p1a: Vergil|spe|1\n|move|p2a: Abov Tha Clau|Fly||[still]\n|-prepare|p2a: Abov Tha Clau|Fly\n|\n|upkeep\n|turn|9\n|\n|t:|1699481795\n|switch|p1a: It Don't Go Down|Milotic, F|100\/100\n|move|p2a: Abov Tha Clau|Fly|p1a: It Don't Go Down|[from]lockedmove\n|-damage|p1a: It Don't Go Down|75\/100\n|\n|-status|p1a: It Don't Go Down|brn|[from] item: Flame Orb\n|upkeep\n|turn|10\n|\n|t:|1699481840\n|move|p2a: Abov Tha Clau|Fly||[still]\n|-prepare|p2a: Abov Tha Clau|Fly\n|move|p1a: It Don't Go Down|Scald|p2a: Abov Tha Clau|[miss]\n|-miss|p1a: It Don't Go Down|p2a: Abov Tha Clau\n|\n|-damage|p1a: It Don't Go Down|69\/100 brn|[from] brn\n|upkeep\n|turn|11\n|\n|t:|1699481878\n|move|p2a: Abov Tha Clau|Fly|p1a: It Don't Go Down|[from]lockedmove\n|-damage|p1a: It Don't Go Down|51\/100 brn\n|move|p1a: It Don't Go Down|Scald|p2a: Abov Tha Clau\n|-damage|p2a: Abov Tha Clau|0 fnt\n|faint|p2a: Abov Tha Clau\n|\n|-damage|p1a: It Don't Go Down|45\/100 brn|[from] brn\n|upkeep\n|\n|t:|1699481886\n|switch|p2a: Fighter Flower|Lilligant-Hisui, F|100\/100\n|turn|12\n|\n|t:|1699481894\n|switch|p1a: Fading Bomb|Typhlosion-Hisui, F, shiny|72\/100\n|move|p2a: Fighter Flower|Axe Kick|p1a: Fading Bomb\n|-immune|p1a: Fading Bomb\n|-damage|p2a: Fighter Flower|51\/100|[from] highjumpkick\n|\n|upkeep\n|turn|13\n|\n|t:|1699481909\n|switch|p2a: Trishock|Sandy Shocks|53\/100\n|move|p1a: Fading Bomb|Flamethrower|p2a: Trishock\n|-damage|p2a: Trishock|0 fnt\n|faint|p2a: Trishock\n|-end|p2a: Trishock|Protosynthesis|[silent]\n|\n|upkeep\n|\n|t:|1699481917\n|switch|p2a: Magmatoise|Torkoal, M|100\/100\n|-weather|SunnyDay|[from] ability: Drought|[of] p2a: Magmatoise\n|turn|14\n|\n|t:|1699481924\n|switch|p1a: It Don't Go Down|Milotic, F|45\/100 brn\n|move|p2a: Magmatoise|Protect||[still]\n|-fail|p2a: Magmatoise\n|\n|-weather|SunnyDay|[upkeep]\n|-damage|p1a: It Don't Go Down|39\/100 brn|[from] brn\n|upkeep\n|turn|15\n|\n|t:|1699481931\n|switch|p2a: Fighter Flower|Lilligant-Hisui, F|51\/100\n|move|p1a: It Don't Go Down|Recover|p1a: It Don't Go Down\n|-heal|p1a: It Don't Go Down|89\/100 brn\n|\n|-weather|SunnyDay|[upkeep]\n|-damage|p1a: It Don't Go Down|83\/100 brn|[from] brn\n|upkeep\n|turn|16\n|\n|t:|1699481944\n|switch|p1a: Fading Bomb|Typhlosion-Hisui, F, shiny|72\/100\n|move|p2a: Fighter Flower|Axe Kick|p1a: Fading Bomb\n|-immune|p1a: Fading Bomb\n|-damage|p2a: Fighter Flower|1\/100|[from] highjumpkick\n|\n|-weather|SunnyDay|[upkeep]\n|upkeep\n|turn|17\n|\n|t:|1699481952\n|switch|p2a: Magmatoise|Torkoal, M|100\/100\n|move|p1a: Fading Bomb|Flamethrower|p2a: Magmatoise\n|-resisted|p2a: Magmatoise\n|-damage|p2a: Magmatoise|59\/100\n|\n|-weather|SunnyDay|[upkeep]\n|upkeep\n|turn|18\n|\n|t:|1699481967\n|switch|p1a: It Don't Go Down|Milotic, F|83\/100 brn\n|move|p2a: Magmatoise|Earthquake|p1a: It Don't Go Down\n|-damage|p1a: It Don't Go Down|73\/100 brn\n|\n|-weather|none\n|-damage|p1a: It Don't Go Down|67\/100 brn|[from] brn\n|upkeep\n|turn|19\n|\n|t:|1699481974\n|switch|p2a: Fighter Flower|Lilligant-Hisui, F|1\/100\n|move|p1a: It Don't Go Down|Scald|p2a: Fighter Flower\n|-resisted|p2a: Fighter Flower\n|-damage|p2a: Fighter Flower|0 fnt\n|faint|p2a: Fighter Flower\n|\n|-damage|p1a: It Don't Go Down|61\/100 brn|[from] brn\n|upkeep\n|\n|t:|1699481982\n|switch|p2a: Magmatoise|Torkoal, M|59\/100\n|-weather|SunnyDay|[from] ability: Drought|[of] p2a: Magmatoise\n|turn|20\n|\n|t:|1699481989\n|move|p1a: It Don't Go Down|Scald|p2a: Magmatoise\n|-supereffective|p2a: Magmatoise\n|-damage|p2a: Magmatoise|20\/100\n|move|p2a: Magmatoise|Body Press|p1a: It Don't Go Down\n|-damage|p1a: It Don't Go Down|40\/100 brn\n|\n|-weather|SunnyDay|[upkeep]\n|-damage|p1a: It Don't Go Down|34\/100 brn|[from] brn\n|upkeep\n|turn|21\n|\n|t:|1699481999\n|move|p2a: Magmatoise|Protect|p2a: Magmatoise\n|-singleturn|p2a: Magmatoise|Protect\n|move|p1a: It Don't Go Down|Scald|p2a: Magmatoise\n|-activate|p2a: Magmatoise|move: Protect\n|\n|-weather|SunnyDay|[upkeep]\n|-damage|p1a: It Don't Go Down|28\/100 brn|[from] brn\n|upkeep\n|turn|22\n|\n|t:|1699482009\n|move|p2a: Magmatoise|Protect|p2a: Magmatoise\n|-singleturn|p2a: Magmatoise|Protect\n|move|p1a: It Don't Go Down|Recover|p1a: It Don't Go Down\n|-heal|p1a: It Don't Go Down|78\/100 brn\n|\n|-weather|SunnyDay|[upkeep]\n|-damage|p1a: It Don't Go Down|72\/100 brn|[from] brn\n|upkeep\n|turn|23\n|\n|t:|1699482018\n|move|p1a: It Don't Go Down|Scald|p2a: Magmatoise\n|-supereffective|p2a: Magmatoise\n|-damage|p2a: Magmatoise|0 fnt\n|faint|p2a: Magmatoise\n|\n|win|Rinumaki\n","uploadtime":1699482025,"views":13,"p1id":"rinumaki","p2id":"josharius","formatid":"gen9anythinggoes","rating":0,"private":0,"password":""}