{"id":"gen9anythinggoes-1994370459","p1":"shadow c5","p2":"Luigi3641","format":"[Gen 9] Anything Goes","log":"|j|\u2606shadow c5\n|j|\u2606Luigi3641\n|t:|1700436194\n|gametype|singles\n|player|p1|shadow c5|youngster-gen4dp|1145\n|player|p2|Luigi3641|juggler|1182\n|teamsize|p1|6\n|teamsize|p2|3\n|gen|9\n|tier|[Gen 9] Anything Goes\n|rated|\n|rule|HP Percentage Mod: HP is shown in percentages\n|rule|Endless Battle Clause: Forcing endless battles is banned\n|clearpoke\n|poke|p1|Zacian-*|\n|poke|p1|Darkrai|\n|poke|p1|Groudon|\n|poke|p1|Arceus-Ice|\n|poke|p1|Calyrex-Shadow|\n|poke|p1|Ogerpon-Wellspring, F|\n|poke|p2|Kommo-o, M|\n|poke|p2|Garganacl, M|\n|poke|p2|Garchomp, F|\n|teampreview\n|c|\u2606Luigi3641|Glhf\n|\n|t:|1700436203\n|start\n|switch|p1a: Darkrai|Darkrai, shiny|100\/100\n|switch|p2a: Garchomp|Garchomp, F|100\/100\n|turn|1\n|c|\u2606shadow c5|what\n|\n|t:|1700436210\n|move|p1a: Darkrai|Hypnosis|p2a: Garchomp\n|-status|p2a: Garchomp|slp|[from] move: Hypnosis\n|cant|p2a: Garchomp|slp\n|\n|-damage|p2a: Garchomp|88\/100 slp|[from] ability: Bad Dreams|[of] p1a: Darkrai\n|upkeep\n|turn|2\n|\n|t:|1700436217\n|move|p1a: Darkrai|Knock Off|p2a: Garchomp\n|-damage|p2a: Garchomp|57\/100 slp\n|-damage|p1a: Darkrai|88\/100|[from] ability: Rough Skin|[of] p2a: Garchomp\n|-enditem|p2a: Garchomp|Choice Band|[from] move: Knock Off|[of] p1a: Darkrai\n|-curestatus|p2a: Garchomp|slp|[msg]\n|move|p2a: Garchomp|Earthquake|p1a: Darkrai\n|-crit|p1a: Darkrai\n|-damage|p1a: Darkrai|3\/100\n|\n|-heal|p1a: Darkrai|9\/100|[from] item: Leftovers\n|upkeep\n|turn|3\n|\n|t:|1700436230\n|switch|p1a: Groudon|Groudon|100\/100\n|-weather|SunnyDay|[from] ability: Drought|[of] p1a: Groudon\n|move|p2a: Garchomp|Earthquake|p1a: Groudon\n|-damage|p1a: Groudon|66\/100\n|\n|-weather|SunnyDay|[upkeep]\n|upkeep\n|turn|4\n|\n|t:|1700436241\n|move|p2a: Garchomp|Earthquake|p1a: Groudon\n|-damage|p1a: Groudon|32\/100\n|move|p1a: Groudon|Crunch|p2a: Garchomp\n|-damage|p2a: Garchomp|29\/100\n|-unboost|p2a: Garchomp|def|1\n|-damage|p1a: Groudon|20\/100|[from] ability: Rough Skin|[of] p2a: Garchomp\n|\n|-weather|SunnyDay|[upkeep]\n|upkeep\n|turn|5\n|\n|t:|1700436250\n|move|p2a: Garchomp|Earthquake|p1a: Groudon\n|-damage|p1a: Groudon|0 fnt\n|faint|p1a: Groudon\n|\n|-weather|SunnyDay|[upkeep]\n|upkeep\n|c|\u2606Luigi3641|Oh glhf means good luck have fun\n|\n|t:|1700436260\n|switch|p1a: Arceus|Arceus-Ice|100\/100\n|turn|6\n|\n|t:|1700436271\n|move|p2a: Garchomp|Outrage|p1a: Arceus\n|-damage|p1a: Arceus|55\/100\n|move|p1a: Arceus|Judgment|p2a: Garchomp\n|-supereffective|p2a: Garchomp\n|-damage|p2a: Garchomp|0 fnt\n|faint|p2a: Garchomp\n|\n|-weather|SunnyDay|[upkeep]\n|upkeep\n|\n|t:|1700436274\n|switch|p2a: Garganacl|Garganacl, M|100\/100\n|turn|7\n|\n|t:|1700436282\n|move|p1a: Arceus|Aura Sphere|p2a: Garganacl\n|-supereffective|p2a: Garganacl\n|-damage|p2a: Garganacl|56\/100\n|move|p2a: Garganacl|Salt Cure|p1a: Arceus\n|-supereffective|p1a: Arceus\n|-damage|p1a: Arceus|36\/100\n|-start|p1a: Arceus|Salt Cure\n|\n|-weather|none\n|-heal|p2a: Garganacl|62\/100|[from] item: Leftovers\n|-damage|p1a: Arceus|24\/100|[from] Salt Cure\n|upkeep\n|turn|8\n|\n|t:|1700436292\n|switch|p1a: Ogerpon|Ogerpon-Wellspring, F|100\/100\n|move|p2a: Garganacl|Recover|p2a: Garganacl\n|-heal|p2a: Garganacl|100\/100\n|\n|upkeep\n|turn|9\n|\n|t:|1700436301\n|move|p1a: Ogerpon|Ivy Cudgel|p2a: Garganacl|[anim] Ivy Cudgel Water\n|-supereffective|p2a: Garganacl\n|-damage|p2a: Garganacl|50\/100\n|move|p2a: Garganacl|Salt Cure|p1a: Ogerpon\n|-damage|p1a: Ogerpon|85\/100\n|-start|p1a: Ogerpon|Salt Cure\n|\n|-heal|p2a: Garganacl|56\/100|[from] item: Leftovers\n|-damage|p1a: Ogerpon|60\/100|[from] Salt Cure\n|upkeep\n|turn|10\n|\n|t:|1700436311\n|-terastallize|p1a: Ogerpon|Water\n|detailschange|p1a: Ogerpon|Ogerpon-Wellspring-Tera, F, tera:Water\n|-ability|p1a: Ogerpon|Embody Aspect (Wellspring)|boost\n|-boost|p1a: Ogerpon|spd|1\n|move|p1a: Ogerpon|Ivy Cudgel|p2a: Garganacl|[anim] Ivy Cudgel Water\n|-supereffective|p2a: Garganacl\n|-damage|p2a: Garganacl|0 fnt\n|faint|p2a: Garganacl\n|\n|-damage|p1a: Ogerpon|36\/100|[from] Salt Cure\n|upkeep\n|\n|t:|1700436314\n|switch|p2a: Kommo-o|Kommo-o, M|100\/100\n|turn|11\n|\n|t:|1700436323\n|switch|p1a: Zacian|Zacian, shiny|100\/100\n|-ability|p1a: Zacian|Intrepid Sword|boost\n|-boost|p1a: Zacian|atk|1\n|move|p2a: Kommo-o|Clangorous Soul|p2a: Kommo-o\n|-boost|p2a: Kommo-o|atk|1\n|-boost|p2a: Kommo-o|def|1\n|-boost|p2a: Kommo-o|spa|1\n|-boost|p2a: Kommo-o|spd|1\n|-boost|p2a: Kommo-o|spe|1\n|-damage|p2a: Kommo-o|68\/100\n|-enditem|p2a: Kommo-o|Throat Spray\n|-boost|p2a: Kommo-o|spa|1|[from] item: Throat Spray\n|\n|upkeep\n|turn|12\n|\n|t:|1700436334\n|-terastallize|p2a: Kommo-o|Normal\n|move|p2a: Kommo-o|Boomburst|p1a: Zacian\n|-damage|p1a: Zacian|0 fnt\n|faint|p1a: Zacian\n|\n|upkeep\n|\n|t:|1700436339\n|switch|p1a: Calyrex|Calyrex-Shadow|100\/100\n|-ability|p1a: Calyrex|As One\n|-ability|p1a: Calyrex|Unnerve\n|turn|13\n|\n|t:|1700436344\n|move|p2a: Kommo-o|Clanging Scales|p1a: Calyrex\n|-damage|p1a: Calyrex|12\/100\n|-unboost|p2a: Kommo-o|def|1\n|move|p1a: Calyrex|Draining Kiss|p2a: Kommo-o\n|-damage|p2a: Kommo-o|54\/100\n|-heal|p1a: Calyrex|20\/100|[from] drain|[of] p2a: Kommo-o\n|\n|-heal|p1a: Calyrex|26\/100|[from] item: Leftovers\n|upkeep\n|turn|14\n|\n|t:|1700436354\n|move|p2a: Kommo-o|Clanging Scales|p1a: Calyrex\n|-damage|p1a: Calyrex|0 fnt\n|faint|p1a: Calyrex\n|-unboost|p2a: Kommo-o|def|1\n|\n|upkeep\n|\n|t:|1700436359\n|switch|p1a: Darkrai|Darkrai, shiny|9\/100\n|turn|15\n|\n|t:|1700436362\n|move|p2a: Kommo-o|Boomburst|p1a: Darkrai\n|-crit|p1a: Darkrai\n|-damage|p1a: Darkrai|0 fnt\n|faint|p1a: Darkrai\n|\n|upkeep\n|\n|t:|1700436366\n|switch|p1a: Arceus|Arceus-Ice|24\/100\n|turn|16\n|\n|t:|1700436369\n|move|p2a: Kommo-o|Boomburst|p1a: Arceus\n|-damage|p1a: Arceus|0 fnt\n|faint|p1a: Arceus\n|\n|upkeep\n|\n|t:|1700436373\n|switch|p1a: Ogerpon|Ogerpon-Wellspring-Tera, F, tera:Water|36\/100\n|-ability|p1a: Ogerpon|Embody Aspect (Wellspring)|boost\n|-boost|p1a: Ogerpon|spd|1\n|turn|17\n|\n|t:|1700436380\n|move|p2a: Kommo-o|Boomburst|p1a: Ogerpon\n|-damage|p1a: Ogerpon|0 fnt\n|faint|p1a: Ogerpon\n|\n|win|Luigi3641\n|raw|shadow c5's rating: 1145 &rarr; <strong>1123<\/strong><br \/>(-22 for losing)\n|raw|Luigi3641's rating: 1182 &rarr; <strong>1204<\/strong><br \/>(+22 for winning)\n|c|\u2606Luigi3641|gg\n|l|\u2606shadow c5\n","uploadtime":1700436394,"views":7,"p1id":"shadowc5","p2id":"luigi3641","formatid":"gen9anythinggoes","rating":1123,"private":0,"password":""}