{"id":"gen9anythinggoes-1995176386","p1":"Khoshekhing","p2":"LordRevan22","format":"[Gen 9] Anything Goes","log":"|j|\u2606Khoshekhing\n|j|\u2606LordRevan22\n|t:|1700531144\n|gametype|singles\n|player|p1|Khoshekhing|aromalady|\n|player|p2|LordRevan22|169|\n|teamsize|p1|6\n|teamsize|p2|6\n|gen|9\n|tier|[Gen 9] Anything Goes\n|rule|HP Percentage Mod: HP is shown in percentages\n|rule|Endless Battle Clause: Forcing endless battles is banned\n|clearpoke\n|poke|p1|Magnezone|\n|poke|p1|Barraskewda, M|\n|poke|p1|Regieleki|\n|poke|p1|Milotic, F|\n|poke|p1|Zoroark, F|\n|poke|p1|Mismagius, M|\n|poke|p2|Urshifu-*, F|\n|poke|p2|Gliscor, F|\n|poke|p2|Quagsire, F|\n|poke|p2|Clodsire, F|\n|poke|p2|Volcarona, F|\n|poke|p2|Arboliva, F|\n|teampreview\n|j| The King Dorko\n|\n|t:|1700531184\n|start\n|switch|p1a: Magnezone|Magnezone|100\/100\n|switch|p2a: Bear|Urshifu, F|100\/100\n|turn|1\n|\n|t:|1700531204\n|move|p2a: Bear|U-turn|p1a: Magnezone\n|-supereffective|p1a: Magnezone\n|-damage|p1a: Magnezone|0 fnt\n|replace|p1a: Zoroark|Zoroark, F\n|-end|p1a: Zoroark|Illusion\n|faint|p1a: Zoroark\n|\n|t:|1700531211\n|switch|p2a: Mr. Wayne|Gliscor, F, shiny|100\/100|[from] U-turn\n|\n|-status|p2a: Mr. Wayne|tox|[from] item: Toxic Orb\n|upkeep\n|\n|t:|1700531232\n|switch|p1a: Barraskewda|Barraskewda, M|100\/100\n|turn|2\n|\n|t:|1700531241\n|switch|p2a: King Derp|Quagsire, F, shiny|100\/100\n|move|p1a: Barraskewda|Liquidation|p2a: King Derp\n|-immune|p2a: King Derp|[from] ability: Water Absorb\n|\n|upkeep\n|turn|3\n|\n|t:|1700531261\n|switch|p1a: Mismagius|Mismagius, M|100\/100\n|move|p2a: King Derp|Toxic|p1a: Mismagius|[miss]\n|-miss|p2a: King Derp|p1a: Mismagius\n|\n|upkeep\n|turn|4\n|\n|t:|1700531274\n|switch|p2a: Captain Clod|Clodsire, F, shiny|100\/100\n|move|p1a: Mismagius|Dazzling Gleam|p2a: Captain Clod\n|-resisted|p2a: Captain Clod\n|-damage|p2a: Captain Clod|94\/100\n|\n|-heal|p2a: Captain Clod|99\/100|[from] item: Leftovers\n|upkeep\n|turn|5\n|\n|t:|1700531293\n|move|p1a: Mismagius|Shadow Ball|p2a: Captain Clod\n|-damage|p2a: Captain Clod|80\/100\n|move|p2a: Captain Clod|Earthquake|p1a: Mismagius\n|-immune|p1a: Mismagius|[from] ability: Levitate\n|\n|-heal|p2a: Captain Clod|86\/100|[from] item: Leftovers\n|upkeep\n|turn|6\n|\n|t:|1700531304\n|move|p1a: Mismagius|Mystical Fire|p2a: Captain Clod\n|-damage|p2a: Captain Clod|75\/100\n|-unboost|p2a: Captain Clod|spa|1\n|move|p2a: Captain Clod|Toxic|p1a: Mismagius\n|-status|p1a: Mismagius|tox\n|\n|-heal|p2a: Captain Clod|81\/100|[from] item: Leftovers\n|-damage|p1a: Mismagius|94\/100 tox|[from] psn\n|upkeep\n|turn|7\n|\n|t:|1700531315\n|move|p1a: Mismagius|Shadow Ball|p2a: Captain Clod\n|-damage|p2a: Captain Clod|63\/100\n|-unboost|p2a: Captain Clod|spd|1\n|move|p2a: Captain Clod|Stealth Rock|p1a: Mismagius\n|-sidestart|p1: Khoshekhing|move: Stealth Rock\n|\n|-heal|p2a: Captain Clod|69\/100|[from] item: Leftovers\n|-damage|p1a: Mismagius|82\/100 tox|[from] psn\n|upkeep\n|turn|8\n|\n|t:|1700531325\n|move|p1a: Mismagius|Shadow Ball|p2a: Captain Clod\n|-damage|p2a: Captain Clod|40\/100\n|-unboost|p2a: Captain Clod|spd|1\n|move|p2a: Captain Clod|Recover|p2a: Captain Clod\n|-heal|p2a: Captain Clod|90\/100\n|\n|-heal|p2a: Captain Clod|97\/100|[from] item: Leftovers\n|-damage|p1a: Mismagius|64\/100 tox|[from] psn\n|upkeep\n|turn|9\n|\n|t:|1700531339\n|switch|p2a: Co Cap Olive|Arboliva, F, shiny|100\/100\n|move|p1a: Mismagius|Shadow Ball|p2a: Co Cap Olive\n|-immune|p2a: Co Cap Olive\n|\n|-damage|p1a: Mismagius|39\/100 tox|[from] psn\n|upkeep\n|turn|10\n|\n|t:|1700531351\n|move|p1a: Mismagius|Mystical Fire|p2a: Co Cap Olive\n|-supereffective|p2a: Co Cap Olive\n|-damage|p2a: Co Cap Olive|62\/100\n|-unboost|p2a: Co Cap Olive|spa|1\n|-fieldstart|move: Grassy Terrain|[from] ability: Seed Sower|[of] p2a: Co Cap Olive\n|move|p2a: Co Cap Olive|Leech Seed|p1a: Mismagius\n|-start|p1a: Mismagius|move: Leech Seed\n|\n|-heal|p2a: Co Cap Olive|68\/100|[from] Grassy Terrain\n|-heal|p2a: Co Cap Olive|74\/100|[from] item: Leftovers\n|-damage|p1a: Mismagius|27\/100 tox|[from] Leech Seed|[of] p2a: Co Cap Olive\n|-heal|p2a: Co Cap Olive|83\/100|[silent]\n|-damage|p1a: Mismagius|0 fnt|[from] psn\n|faint|p1a: Mismagius\n|upkeep\n|\n|t:|1700531375\n|switch|p1a: Regieleki|Regieleki|100\/100\n|-damage|p1a: Regieleki|88\/100|[from] Stealth Rock\n|turn|11\n|\n|t:|1700531382\n|move|p1a: Regieleki|Rain Dance|p1a: Regieleki\n|-weather|RainDance\n|move|p2a: Co Cap Olive|Leech Seed|p1a: Regieleki\n|-start|p1a: Regieleki|move: Leech Seed\n|\n|-weather|RainDance|[upkeep]\n|-heal|p1a: Regieleki|94\/100|[from] Grassy Terrain\n|-heal|p2a: Co Cap Olive|89\/100|[from] Grassy Terrain\n|-heal|p2a: Co Cap Olive|95\/100|[from] item: Leftovers\n|-damage|p1a: Regieleki|82\/100|[from] Leech Seed|[of] p2a: Co Cap Olive\n|-heal|p2a: Co Cap Olive|100\/100|[silent]\n|upkeep\n|turn|12\n|\n|t:|1700531397\n|move|p1a: Regieleki|Thunder Wave|p2a: Co Cap Olive\n|-status|p2a: Co Cap Olive|par\n|move|p2a: Co Cap Olive|Giga Drain|p1a: Regieleki\n|-damage|p1a: Regieleki|29\/100\n|\n|-weather|RainDance|[upkeep]\n|-heal|p1a: Regieleki|35\/100|[from] Grassy Terrain\n|-damage|p1a: Regieleki|23\/100|[from] Leech Seed|[of] p2a: Co Cap Olive\n|upkeep\n|turn|13\n|\n|t:|1700531409\n|move|p1a: Regieleki|Extreme Speed|p2a: Co Cap Olive\n|-damage|p2a: Co Cap Olive|83\/100 par\n|cant|p2a: Co Cap Olive|par\n|\n|-weather|RainDance|[upkeep]\n|-heal|p1a: Regieleki|29\/100|[from] Grassy Terrain\n|-heal|p2a: Co Cap Olive|89\/100 par|[from] Grassy Terrain\n|-heal|p2a: Co Cap Olive|95\/100 par|[from] item: Leftovers\n|-damage|p1a: Regieleki|17\/100|[from] Leech Seed|[of] p2a: Co Cap Olive\n|-heal|p2a: Co Cap Olive|100\/100 par|[silent]\n|upkeep\n|turn|14\n|\n|t:|1700531423\n|move|p1a: Regieleki|Extreme Speed|p2a: Co Cap Olive\n|-damage|p2a: Co Cap Olive|83\/100 par\n|cant|p2a: Co Cap Olive|par\n|\n|-weather|RainDance|[upkeep]\n|-heal|p1a: Regieleki|23\/100|[from] Grassy Terrain\n|-heal|p2a: Co Cap Olive|89\/100 par|[from] Grassy Terrain\n|-heal|p2a: Co Cap Olive|95\/100 par|[from] item: Leftovers\n|-damage|p1a: Regieleki|10\/100|[from] Leech Seed|[of] p2a: Co Cap Olive\n|-heal|p2a: Co Cap Olive|100\/100 par|[silent]\n|-fieldend|move: Grassy Terrain\n|upkeep\n|turn|15\n|\n|t:|1700531438\n|move|p1a: Regieleki|Extreme Speed|p2a: Co Cap Olive\n|-damage|p2a: Co Cap Olive|81\/100 par\n|-fieldstart|move: Grassy Terrain|[from] ability: Seed Sower|[of] p2a: Co Cap Olive\n|move|p2a: Co Cap Olive|Giga Drain|p1a: Regieleki\n|-damage|p1a: Regieleki|0 fnt\n|-heal|p2a: Co Cap Olive|85\/100 par|[from] drain|[of] p1a: Regieleki\n|faint|p1a: Regieleki\n|\n|-weather|RainDance|[upkeep]\n|-heal|p2a: Co Cap Olive|92\/100 par|[from] Grassy Terrain\n|-heal|p2a: Co Cap Olive|98\/100 par|[from] item: Leftovers\n|upkeep\n|\n|t:|1700531451\n|switch|p1a: Barraskewda|Barraskewda, M|100\/100\n|-damage|p1a: Barraskewda|88\/100|[from] Stealth Rock\n|turn|16\n|\n|t:|1700531457\n|move|p1a: Barraskewda|Thrash|p2a: Co Cap Olive\n|-crit|p2a: Co Cap Olive\n|-damage|p2a: Co Cap Olive|49\/100 par\n|cant|p2a: Co Cap Olive|par\n|\n|-weather|RainDance|[upkeep]\n|-heal|p1a: Barraskewda|94\/100|[from] Grassy Terrain\n|-heal|p2a: Co Cap Olive|55\/100 par|[from] Grassy Terrain\n|-heal|p2a: Co Cap Olive|61\/100 par|[from] item: Leftovers\n|upkeep\n|turn|17\n|\n|t:|1700531468\n|move|p1a: Barraskewda|Thrash|p2a: Co Cap Olive|[from]lockedmove\n|-damage|p2a: Co Cap Olive|28\/100 par\n|-start|p1a: Barraskewda|confusion|[fatigue]\n|move|p2a: Co Cap Olive|Strength Sap|p1a: Barraskewda\n|-unboost|p1a: Barraskewda|atk|1\n|-heal|p2a: Co Cap Olive|100\/100 par\n|\n|-weather|RainDance|[upkeep]\n|-heal|p1a: Barraskewda|100\/100|[from] Grassy Terrain\n|upkeep\n|turn|18\n|\n|t:|1700531481\n|-activate|p1a: Barraskewda|confusion\n|move|p1a: Barraskewda|Close Combat|p2a: Co Cap Olive\n|-supereffective|p2a: Co Cap Olive\n|-damage|p2a: Co Cap Olive|60\/100 par\n|-unboost|p1a: Barraskewda|def|1\n|-unboost|p1a: Barraskewda|spd|1\n|move|p2a: Co Cap Olive|Giga Drain|p1a: Barraskewda\n|-supereffective|p1a: Barraskewda\n|-damage|p1a: Barraskewda|0 fnt\n|-heal|p2a: Co Cap Olive|97\/100 par|[from] drain|[of] p1a: Barraskewda\n|faint|p1a: Barraskewda\n|\n|-weather|none\n|-heal|p2a: Co Cap Olive|100\/100 par|[from] Grassy Terrain\n|upkeep\n|\n|t:|1700531494\n|switch|p1a: Milotic|Milotic, F|100\/100\n|-damage|p1a: Milotic|88\/100|[from] Stealth Rock\n|turn|19\n|\n|t:|1700531503\n|move|p1a: Milotic|Light Screen|p1a: Milotic\n|-sidestart|p1: Khoshekhing|move: Light Screen\n|move|p2a: Co Cap Olive|Leech Seed|p1a: Milotic|[miss]\n|-miss|p2a: Co Cap Olive|p1a: Milotic\n|\n|-heal|p1a: Milotic|94\/100|[from] Grassy Terrain\n|-heal|p1a: Milotic|99\/100|[from] item: Leftovers\n|-fieldend|move: Grassy Terrain\n|upkeep\n|turn|20\n|\n|t:|1700531512\n|move|p1a: Milotic|Aqua Ring|p1a: Milotic\n|-start|p1a: Milotic|Aqua Ring\n|move|p2a: Co Cap Olive|Leech Seed|p1a: Milotic\n|-start|p1a: Milotic|move: Leech Seed\n|\n|-heal|p1a: Milotic|100\/100|[from] item: Leftovers\n|-damage|p1a: Milotic|88\/100|[from] Leech Seed|[of] p2a: Co Cap Olive\n|upkeep\n|turn|21\n|\n|t:|1700531524\n|move|p1a: Milotic|Scald|p2a: Co Cap Olive\n|-resisted|p2a: Co Cap Olive\n|-damage|p2a: Co Cap Olive|90\/100 par\n|-fieldstart|move: Grassy Terrain|[from] ability: Seed Sower|[of] p2a: Co Cap Olive\n|move|p2a: Co Cap Olive|Giga Drain|p1a: Milotic\n|-supereffective|p1a: Milotic\n|-damage|p1a: Milotic|70\/100\n|-heal|p2a: Co Cap Olive|99\/100 par|[from] drain|[of] p1a: Milotic\n|\n|-heal|p1a: Milotic|76\/100|[from] Grassy Terrain\n|-heal|p1a: Milotic|82\/100|[from] item: Leftovers\n|-heal|p2a: Co Cap Olive|100\/100 par|[from] Grassy Terrain\n|-heal|p1a: Milotic|88\/100|[from] Aqua Ring\n|-damage|p1a: Milotic|76\/100|[from] Leech Seed|[of] p2a: Co Cap Olive\n|upkeep\n|turn|22\n|\n|t:|1700531545\n|switch|p1a: Magnezone|Magnezone|100\/100\n|-damage|p1a: Magnezone|94\/100|[from] Stealth Rock\n|move|p2a: Co Cap Olive|Dazzling Gleam|p1a: Magnezone\n|-resisted|p1a: Magnezone\n|-damage|p1a: Magnezone|91\/100\n|\n|-heal|p1a: Magnezone|97\/100|[from] Grassy Terrain\n|upkeep\n|turn|23\n|\n|t:|1700531565\n|-terastallize|p1a: Magnezone|Flying\n|move|p1a: Magnezone|Tera Blast|p2a: Co Cap Olive|[anim] Tera Blast Flying\n|-supereffective|p2a: Co Cap Olive\n|-damage|p2a: Co Cap Olive|42\/100 par\n|cant|p2a: Co Cap Olive|par\n|\n|-heal|p2a: Co Cap Olive|48\/100 par|[from] Grassy Terrain\n|-heal|p2a: Co Cap Olive|54\/100 par|[from] item: Leftovers\n|-sideend|p1: Khoshekhing|move: Light Screen\n|upkeep\n|turn|24\n|\n|t:|1700531577\n|move|p1a: Magnezone|Tera Blast|p2a: Co Cap Olive|[anim] Tera Blast Flying\n|-supereffective|p2a: Co Cap Olive\n|-damage|p2a: Co Cap Olive|0 fnt\n|faint|p2a: Co Cap Olive\n|\n|upkeep\n|\n|t:|1700531585\n|switch|p2a: Captain Clod|Clodsire, F, shiny|97\/100\n|turn|25\n|\n|t:|1700531591\n|move|p1a: Magnezone|Reflect|p1a: Magnezone\n|-sidestart|p1: Khoshekhing|Reflect\n|move|p2a: Captain Clod|Toxic|p1a: Magnezone\n|-status|p1a: Magnezone|tox\n|\n|-heal|p2a: Captain Clod|100\/100|[from] Grassy Terrain\n|-damage|p1a: Magnezone|91\/100 tox|[from] psn\n|-fieldend|move: Grassy Terrain\n|upkeep\n|turn|26\n|\n|t:|1700531614\n|move|p1a: Magnezone|Tera Blast|p2a: Captain Clod|[anim] Tera Blast Flying\n|-damage|p2a: Captain Clod|80\/100\n|move|p2a: Captain Clod|Stealth Rock||[still]\n|-fail|p2a: Captain Clod\n|\n|-heal|p2a: Captain Clod|86\/100|[from] item: Leftovers\n|-damage|p1a: Magnezone|78\/100 tox|[from] psn\n|upkeep\n|turn|27\n|\n|t:|1700531631\n|move|p1a: Magnezone|Flash Cannon|p2a: Captain Clod\n|-damage|p2a: Captain Clod|66\/100\n|move|p2a: Captain Clod|Earthquake|p1a: Magnezone\n|-immune|p1a: Magnezone\n|\n|-heal|p2a: Captain Clod|72\/100|[from] item: Leftovers\n|-damage|p1a: Magnezone|60\/100 tox|[from] psn\n|upkeep\n|turn|28\n|\n|t:|1700531641\n|move|p1a: Magnezone|Flash Cannon|p2a: Captain Clod\n|-damage|p2a: Captain Clod|52\/100\n|move|p2a: Captain Clod|Recover|p2a: Captain Clod\n|-heal|p2a: Captain Clod|100\/100\n|\n|-damage|p1a: Magnezone|36\/100 tox|[from] psn\n|upkeep\n|turn|29\n|\n|t:|1700531654\n|move|p1a: Magnezone|Flash Cannon|p2a: Captain Clod\n|-damage|p2a: Captain Clod|82\/100\n|-unboost|p2a: Captain Clod|spd|1\n|move|p2a: Captain Clod|Stealth Rock||[still]\n|-fail|p2a: Captain Clod\n|\n|-heal|p2a: Captain Clod|89\/100|[from] item: Leftovers\n|-damage|p1a: Magnezone|6\/100 tox|[from] psn\n|-sideend|p1: Khoshekhing|Reflect\n|upkeep\n|turn|30\n|\n|t:|1700531667\n|switch|p2a: Baxcaliber|Volcarona, F|100\/100\n|move|p1a: Magnezone|Tera Blast|p2a: Baxcaliber|[anim] Tera Blast Flying\n|-supereffective|p2a: Baxcaliber\n|-damage|p2a: Baxcaliber|4\/100\n|\n|-heal|p2a: Baxcaliber|10\/100|[from] item: Leftovers\n|-damage|p1a: Magnezone|0 fnt|[from] psn\n|faint|p1a: Magnezone\n|upkeep\n|\n|t:|1700531677\n|switch|p1a: Milotic|Milotic, F|76\/100\n|-damage|p1a: Milotic|63\/100|[from] Stealth Rock\n|turn|31\n|\n|t:|1700531683\n|move|p2a: Baxcaliber|Giga Drain|p1a: Milotic\n|-supereffective|p1a: Milotic\n|-damage|p1a: Milotic|25\/100\n|-heal|p2a: Baxcaliber|34\/100|[from] drain|[of] p1a: Milotic\n|move|p1a: Milotic|Scald|p2a: Baxcaliber\n|-supereffective|p2a: Baxcaliber\n|-damage|p2a: Baxcaliber|0 fnt\n|faint|p2a: Baxcaliber\n|\n|-heal|p1a: Milotic|31\/100|[from] item: Leftovers\n|upkeep\n|\n|t:|1700531695\n|switch|p2a: Bear|Urshifu, F|100\/100\n|turn|32\n|\n|t:|1700531700\n|move|p2a: Bear|Wicked Blow|p1a: Milotic\n|-crit|p1a: Milotic\n|-damage|p1a: Milotic|0 fnt\n|faint|p1a: Milotic\n|\n|win|LordRevan22\n","uploadtime":1700531708,"views":23,"p1id":"khoshekhing","p2id":"lordrevan22","formatid":"gen9anythinggoes","rating":0,"private":0,"password":""}