{"id":"gen9anythinggoes-1991757402","p1":"DR4N","p2":"VoIcanion","format":"[Gen 9] Anything Goes","log":"|j|\u2606DR4N\n|j|\u2606VoIcanion\n|t:|1700112010\n|gametype|singles\n|player|p1|DR4N|lucas-gen4pt|1121\n|player|p2|VoIcanion|roxanne|1079\n|teamsize|p1|6\n|teamsize|p2|6\n|gen|9\n|tier|[Gen 9] Anything Goes\n|rated|\n|rule|HP Percentage Mod: HP is shown in percentages\n|rule|Endless Battle Clause: Forcing endless battles is banned\n|clearpoke\n|poke|p1|Umbreon, M|\n|poke|p1|Lycanroc-Dusk, M|\n|poke|p1|Pawmot, F|\n|poke|p1|Clodsire, M|\n|poke|p1|Gogoat, M|\n|poke|p1|Arcanine, M|\n|poke|p2|Lucario, F|\n|poke|p2|Glimmora, M|\n|poke|p2|Arcanine-Hisui, M|\n|poke|p2|Rabsca, F|\n|poke|p2|Arcanine-Hisui, M|\n|poke|p2|Rabsca, F|\n|teampreview\n|c|\u2606DR4N|2 revival blessin?\n|\n|t:|1700112027\n|start\n|switch|p1a: Bobby|Clodsire, M, shiny|100\/100\n|switch|p2a: Glimmora|Glimmora, M|100\/100\n|turn|1\n|c|\u2606VoIcanion|yes\n|c|\u2606VoIcanion|i forgot my tropius so I cant have more :(\n|\n|t:|1700112045\n|move|p2a: Glimmora|Toxic Spikes|p1a: Bobby\n|-sidestart|p1: DR4N|move: Toxic Spikes\n|move|p1a: Bobby|Earthquake|p2a: Glimmora\n|-supereffective|p2a: Glimmora\n|-damage|p2a: Glimmora|0 fnt\n|-activate|p2a: Glimmora|ability: Toxic Debris\n|-sidestart|p1: DR4N|move: Toxic Spikes\n|faint|p2a: Glimmora\n|\n|upkeep\n|\n|t:|1700112049\n|switch|p2a: Arcanine|Arcanine-Hisui, M|100\/100\n|-ability|p2a: Arcanine|Intimidate|boost\n|-unboost|p1a: Bobby|atk|1\n|turn|2\n|\n|t:|1700112062\n|move|p1a: Bobby|Earthquake|p2a: Arcanine\n|-supereffective|p2a: Arcanine\n|-damage|p2a: Arcanine|26\/100\n|move|p2a: Arcanine|Roar|p1a: Bobby\n|drag|p1a: Sonic|Lycanroc-Dusk, M, shiny|100\/100\n|-status|p1a: Sonic|tox\n|\n|-damage|p1a: Sonic|94\/100 tox|[from] psn\n|upkeep\n|turn|3\n|\n|t:|1700112072\n|switch|p2a: Rabsca|Rabsca, F|100\/100\n|move|p1a: Sonic|Accelerock|p2a: Rabsca\n|-supereffective|p2a: Rabsca\n|-damage|p2a: Rabsca|28\/100\n|-damage|p1a: Sonic|84\/100 tox|[from] item: Life Orb\n|\n|-damage|p1a: Sonic|72\/100 tox|[from] psn\n|upkeep\n|turn|4\n|\n|t:|1700112077\n|move|p1a: Sonic|Accelerock|p2a: Rabsca\n|-supereffective|p2a: Rabsca\n|-damage|p2a: Rabsca|0 fnt\n|faint|p2a: Rabsca\n|-damage|p1a: Sonic|62\/100 tox|[from] item: Life Orb\n|\n|-damage|p1a: Sonic|43\/100 tox|[from] psn\n|upkeep\n|\n|t:|1700112084\n|switch|p2a: Rabsca|Rabsca, F|100\/100\n|turn|5\n|\n|t:|1700112088\n|move|p1a: Sonic|Accelerock|p2a: Rabsca\n|-supereffective|p2a: Rabsca\n|-damage|p2a: Rabsca|32\/100\n|-damage|p1a: Sonic|33\/100 tox|[from] item: Life Orb\n|move|p2a: Rabsca|Revival Blessing|p2a: Rabsca\n|-enditem|p2a: Rabsca|Leppa Berry|[eat]\n|-activate|p2a: Rabsca|item: Leppa Berry|Revival Blessing|[consumed]\n|\n|t:|1700112091\n|-heal|p2: Glimmora|50\/100|[from] move: Revival Blessing\n|\n|-damage|p1a: Sonic|9\/100 tox|[from] psn\n|upkeep\n|turn|6\n|\n|t:|1700112095\n|switch|p2a: Glimmora|Glimmora, M|50\/100\n|move|p1a: Sonic|Accelerock|p2a: Glimmora\n|-damage|p2a: Glimmora|19\/100\n|-damage|p1a: Sonic|0 fnt|[from] item: Life Orb\n|faint|p1a: Sonic\n|\n|-heal|p2a: Glimmora|25\/100|[from] item: Leftovers\n|upkeep\n|\n|t:|1700112106\n|switch|p1a: Bobby|Clodsire, M, shiny|100\/100\n|-sideend|p1: DR4N|move: Toxic Spikes|[of] p1a: Bobby\n|turn|7\n|\n|t:|1700112112\n|move|p2a: Glimmora|Stealth Rock|p1a: Bobby\n|-sidestart|p1: DR4N|move: Stealth Rock\n|move|p1a: Bobby|Stealth Rock|p2a: Glimmora\n|-sidestart|p2: VoIcanion|move: Stealth Rock\n|\n|-heal|p2a: Glimmora|31\/100|[from] item: Leftovers\n|upkeep\n|turn|8\n|\n|t:|1700112117\n|move|p2a: Glimmora|Spikes|p1a: Bobby\n|-sidestart|p1: DR4N|Spikes\n|move|p1a: Bobby|Earthquake|p2a: Glimmora\n|-supereffective|p2a: Glimmora\n|-damage|p2a: Glimmora|0 fnt\n|-activate|p2a: Glimmora|ability: Toxic Debris\n|-sidestart|p1: DR4N|move: Toxic Spikes\n|faint|p2a: Glimmora\n|\n|upkeep\n|\n|t:|1700112124\n|switch|p2a: Arcanine|Arcanine-Hisui, M|26\/100\n|-damage|p2a: Arcanine|2\/100|[from] Stealth Rock\n|-ability|p2a: Arcanine|Intimidate|boost\n|-unboost|p1a: Bobby|atk|1\n|turn|9\n|\n|t:|1700112129\n|move|p1a: Bobby|Earthquake|p2a: Arcanine\n|-supereffective|p2a: Arcanine\n|-damage|p2a: Arcanine|0 fnt\n|faint|p2a: Arcanine\n|\n|upkeep\n|\n|t:|1700112133\n|switch|p2a: hisui|Arcanine-Hisui, M|100\/100\n|-damage|p2a: hisui|76\/100|[from] Stealth Rock\n|-ability|p2a: hisui|Intimidate|boost\n|-unboost|p1a: Bobby|atk|1\n|turn|10\n|c|\u2606DR4N|How slow is he\n|\n|t:|1700112138\n|move|p1a: Bobby|Earthquake|p2a: hisui\n|-supereffective|p2a: hisui\n|-damage|p2a: hisui|23\/100\n|move|p2a: hisui|Roar|p1a: Bobby\n|drag|p1a: Billy|Gogoat, M, shiny|100\/100\n|-damage|p1a: Billy|88\/100|[from] Stealth Rock\n|-damage|p1a: Billy|76\/100|[from] Spikes\n|-status|p1a: Billy|psn\n|\n|-heal|p2a: hisui|29\/100|[from] item: Leftovers\n|-damage|p1a: Billy|63\/100 psn|[from] psn\n|upkeep\n|turn|11\n|\n|t:|1700112155\n|move|p1a: Billy|Horn Leech|p2a: hisui\n|-damage|p2a: hisui|0 fnt\n|-heal|p1a: Billy|76\/100 psn|[from] drain|[of] p2a: hisui\n|faint|p2a: hisui\n|\n|-damage|p1a: Billy|63\/100 psn|[from] psn\n|upkeep\n|\n|t:|1700112158\n|switch|p2a: Lucario|Lucario, F|100\/100\n|-damage|p2a: Lucario|98\/100|[from] Stealth Rock\n|turn|12\n|\n|t:|1700112165\n|move|p1a: Billy|Leech Seed|p2a: Lucario\n|-start|p2a: Lucario|move: Leech Seed\n|move|p2a: Lucario|Circle Throw|p1a: Billy\n|-damage|p1a: Billy|36\/100 psn\n|-damage|p2a: Lucario|81\/100|[from] item: Rocky Helmet|[of] p1a: Billy\n|drag|p1a: Hilal|Umbreon, M, shiny|100\/100\n|-damage|p1a: Hilal|88\/100|[from] Stealth Rock\n|-damage|p1a: Hilal|76\/100|[from] Spikes\n|-status|p1a: Hilal|psn\n|\n|-heal|p2a: Lucario|87\/100|[from] item: Leftovers\n|-damage|p2a: Lucario|75\/100|[from] Leech Seed|[of] p1a: Hilal\n|-heal|p1a: Hilal|87\/100 psn|[silent]\n|-damage|p1a: Hilal|74\/100 psn|[from] psn\n|upkeep\n|turn|13\n|c|\u2606VoIcanion|my pokemon are very slow\n|c|\u2606DR4N|Ive noticed..\n|\n|t:|1700112183\n|move|p1a: Hilal|Reflect|p1a: Hilal\n|-sidestart|p1: DR4N|Reflect\n|move|p2a: Lucario|Circle Throw|p1a: Hilal\n|-supereffective|p1a: Hilal\n|-damage|p1a: Hilal|62\/100 psn\n|drag|p1a: Mick|Arcanine, M, shiny|100\/100\n|-damage|p1a: Mick|76\/100|[from] Stealth Rock\n|-damage|p1a: Mick|63\/100|[from] Spikes\n|-status|p1a: Mick|psn\n|\n|-heal|p2a: Lucario|81\/100|[from] item: Leftovers\n|-damage|p2a: Lucario|68\/100|[from] Leech Seed|[of] p1a: Mick\n|-heal|p1a: Mick|77\/100 psn|[silent]\n|-damage|p1a: Mick|64\/100 psn|[from] psn\n|upkeep\n|turn|14\n|c|\u2606VoIcanion|by slow I mean they all have over 290 speed\n|c|\u2606VoIcanion|i just get unlucky with attacks\n|c|\u2606DR4N|Oh i see\n|\n|t:|1700112207\n|move|p1a: Mick|Flamethrower|p2a: Lucario\n|-supereffective|p2a: Lucario\n|-damage|p2a: Lucario|0 fnt\n|faint|p2a: Lucario\n|\n|-damage|p1a: Mick|52\/100 psn|[from] psn\n|upkeep\n|\n|t:|1700112210\n|switch|p2a: Rabsca|Rabsca, F|32\/100\n|-damage|p2a: Rabsca|7\/100|[from] Stealth Rock\n|turn|15\n|c|\u2606VoIcanion|please no\n|c|\u2606DR4N|U u used minus prio moveNah\n|\n|t:|1700112228\n|move|p1a: Mick|Flamethrower|p2a: Rabsca\n|-supereffective|p2a: Rabsca\n|-damage|p2a: Rabsca|0 fnt\n|faint|p2a: Rabsca\n|\n|win|DR4N\n|raw|DR4N's rating: 1121 &rarr; <strong>1143<\/strong><br \/>(+22 for winning)\n|raw|VoIcanion's rating: 1079 &rarr; <strong>1060<\/strong><br \/>(-19 for losing)\n|l|\u2606VoIcanion\n|c|\u2606DR4N|Gg\n","uploadtime":1700112242,"views":4,"p1id":"dr4n","p2id":"voicanion","formatid":"gen9anythinggoes","rating":1060,"private":0,"password":""}