{"id":"gen9anythinggoes-1983799771","p1":"Adhiraj8202","p2":"eavo x","format":"[Gen 9] Anything Goes","log":"|j|\u2606Adhiraj8202\n|j|\u2606eavo x\n|t:|1699183420\n|gametype|singles\n|player|p1|Adhiraj8202|caitlin|\n|player|p2|eavo x|erika-gen2|\n|teamsize|p1|6\n|teamsize|p2|6\n|gen|9\n|tier|[Gen 9] Anything Goes\n|rule|HP Percentage Mod: HP is shown in percentages\n|rule|Endless Battle Clause: Forcing endless battles is banned\n|clearpoke\n|poke|p1|Miraidon|\n|poke|p1|Ting-Lu|\n|poke|p1|Arceus|\n|poke|p1|Toxapex, M|\n|poke|p1|Koraidon|\n|poke|p1|Arceus-Fairy|\n|poke|p2|Kingambit, F|\n|poke|p2|Ting-Lu|\n|poke|p2|Eternatus|\n|poke|p2|Calyrex-Shadow|\n|poke|p2|Landorus-Therian, M|\n|poke|p2|Koraidon|\n|teampreview\n|inactive|Battle timer is ON: inactive players will automatically lose when time's up. (requested by eavo x)\n|c|\u2606Adhiraj8202|hf\n|c|\u2606eavo x|u2\n|\n|t:|1699183441\n|start\n|switch|p1a: Miraidon|Miraidon|100\/100\n|switch|p2a: Eternal Suffering|Eternatus, shiny|100\/100\n|-fieldstart|move: Electric Terrain|[from] ability: Hadron Engine|[of] p1a: Miraidon\n|-ability|p2a: Eternal Suffering|Pressure\n|turn|1\n|j| laprasplayer\n|\n|t:|1699183447\n|switch|p2a: Desert Anchor|Ting-Lu|100\/100\n|-ability|p2a: Desert Anchor|Vessel of Ruin\n|move|p1a: Miraidon|Draco Meteor|p2a: Desert Anchor|[miss]\n|-miss|p1a: Miraidon|p2a: Desert Anchor\n|\n|upkeep\n|turn|2\n|\n|t:|1699183454\n|move|p1a: Miraidon|U-turn|p2a: Desert Anchor\n|-supereffective|p2a: Desert Anchor\n|-damage|p2a: Desert Anchor|87\/100\n|c|\u2606eavo x|o\n|\n|t:|1699183464\n|switch|p1a: Ting-Lu|Ting-Lu|100\/100|[from] U-turn\n|-ability|p1a: Ting-Lu|Vessel of Ruin\n|move|p2a: Desert Anchor|Spikes|p1a: Ting-Lu\n|-sidestart|p1: Adhiraj8202|Spikes\n|\n|-heal|p2a: Desert Anchor|93\/100|[from] item: Leftovers\n|upkeep\n|turn|3\n|\n|t:|1699183466\n|move|p1a: Ting-Lu|Spikes|p2a: Desert Anchor\n|-sidestart|p2: eavo x|Spikes\n|move|p2a: Desert Anchor|Taunt|p1a: Ting-Lu\n|-start|p1a: Ting-Lu|move: Taunt\n|\n|-heal|p2a: Desert Anchor|99\/100|[from] item: Leftovers\n|upkeep\n|turn|4\n|c| laprasplayer|fake mira set\n|c|\u2606Adhiraj8202|you're fake(er)\n|\n|t:|1699183489\n|move|p1a: Ting-Lu|Ruination|p2a: Desert Anchor\n|-damage|p2a: Desert Anchor|50\/100\n|move|p2a: Desert Anchor|Ruination|p1a: Ting-Lu\n|-damage|p1a: Ting-Lu|51\/100\n|\n|-heal|p1a: Ting-Lu|57\/100|[from] item: Leftovers\n|-heal|p2a: Desert Anchor|56\/100|[from] item: Leftovers\n|upkeep\n|turn|5\n|\n|t:|1699183497\n|move|p1a: Ting-Lu|Payback|p2a: Desert Anchor\n|-resisted|p2a: Desert Anchor\n|-damage|p2a: Desert Anchor|51\/100\n|move|p2a: Desert Anchor|Spikes|p1a: Ting-Lu\n|-sidestart|p1: Adhiraj8202|Spikes\n|\n|-heal|p1a: Ting-Lu|63\/100|[from] item: Leftovers\n|-heal|p2a: Desert Anchor|58\/100|[from] item: Leftovers\n|-fieldend|move: Electric Terrain\n|upkeep\n|turn|6\n|\n|t:|1699183507\n|switch|p1a: Miraidon|Miraidon|100\/100\n|-fieldstart|move: Electric Terrain|[from] ability: Hadron Engine|[of] p1a: Miraidon\n|move|p2a: Desert Anchor|Earthquake|p1a: Miraidon\n|-supereffective|p1a: Miraidon\n|-damage|p1a: Miraidon|22\/100\n|\n|-heal|p2a: Desert Anchor|64\/100|[from] item: Leftovers\n|upkeep\n|turn|7\n|c|\u2606eavo x|sussy\n|\n|t:|1699183515\n|move|p1a: Miraidon|Draco Meteor|p2a: Desert Anchor\n|-damage|p2a: Desert Anchor|24\/100\n|-unboost|p1a: Miraidon|spa|2\n|move|p2a: Desert Anchor|Earthquake|p1a: Miraidon\n|-supereffective|p1a: Miraidon\n|-crit|p1a: Miraidon\n|-damage|p1a: Miraidon|0 fnt\n|faint|p1a: Miraidon\n|\n|-heal|p2a: Desert Anchor|30\/100|[from] item: Leftovers\n|upkeep\n|\n|t:|1699183520\n|switch|p1a: Arceus|Arceus-Fairy|100\/100\n|-damage|p1a: Arceus|84\/100|[from] Spikes\n|turn|8\n|\n|t:|1699183526\n|switch|p2a: The Dark Horse|Calyrex-Shadow|100\/100\n|-ability|p2a: The Dark Horse|As One\n|-ability|p2a: The Dark Horse|Unnerve\n|move|p1a: Arceus|Judgment|p2a: The Dark Horse\n|-damage|p2a: The Dark Horse|48\/100\n|\n|upkeep\n|turn|9\n|\n|t:|1699183538\n|switch|p2a: Eternal Suffering|Eternatus, shiny|100\/100\n|-ability|p2a: Eternal Suffering|Pressure\n|move|p1a: Arceus|Judgment|p2a: Eternal Suffering\n|-crit|p2a: Eternal Suffering\n|-damage|p2a: Eternal Suffering|57\/100\n|\n|upkeep\n|turn|10\n|\n|t:|1699183551\n|switch|p1a: Toxapex|Toxapex, M|100\/100\n|-damage|p1a: Toxapex|84\/100|[from] Spikes\n|move|p2a: Eternal Suffering|Toxic Spikes|p1a: Toxapex\n|-sidestart|p1: Adhiraj8202|move: Toxic Spikes\n|\n|-fieldend|move: Electric Terrain\n|upkeep\n|turn|11\n|\n|t:|1699183562\n|switch|p2a: The Botez Gambit|Kingambit, F, shiny|100\/100\n|-damage|p2a: The Botez Gambit|88\/100|[from] Spikes\n|move|p1a: Toxapex|Toxic Spikes|p2a: The Botez Gambit\n|-sidestart|p2: eavo x|move: Toxic Spikes\n|\n|-heal|p2a: The Botez Gambit|94\/100|[from] item: Leftovers\n|upkeep\n|turn|12\n|\n|t:|1699183568\n|move|p2a: The Botez Gambit|Swords Dance|p2a: The Botez Gambit\n|-boost|p2a: The Botez Gambit|atk|2\n|move|p1a: Toxapex|Haze|p1a: Toxapex\n|-clearallboost\n|\n|-heal|p2a: The Botez Gambit|99\/100|[from] item: Leftovers\n|upkeep\n|turn|13\n|\n|t:|1699183578\n|move|p2a: The Botez Gambit|Swords Dance|p2a: The Botez Gambit\n|-boost|p2a: The Botez Gambit|atk|2\n|move|p1a: Toxapex|Haze|p1a: Toxapex\n|-clearallboost\n|\n|-heal|p2a: The Botez Gambit|100\/100|[from] item: Leftovers\n|upkeep\n|turn|14\n|inactive|Adhiraj8202 has 270 seconds left.\n|c|\u2606eavo x|haven't used specs caly in a while n\n|c|\u2606eavo x|gl\n|\n|t:|1699183615\n|switch|p1a: Koraidon|Koraidon|100\/100\n|-damage|p1a: Koraidon|84\/100|[from] Spikes\n|-status|p1a: Koraidon|psn\n|-weather|SunnyDay|[from] ability: Orichalcum Pulse|[of] p1a: Koraidon\n|-activate|p1a: Koraidon|Orichalcum Pulse|[source]\n|move|p2a: The Botez Gambit|Swords Dance|p2a: The Botez Gambit\n|-boost|p2a: The Botez Gambit|atk|2\n|\n|-weather|SunnyDay|[upkeep]\n|-damage|p1a: Koraidon|72\/100 psn|[from] psn\n|upkeep\n|turn|15\n|inactive|Adhiraj8202 has 270 seconds left.\n|\n|t:|1699183627\n|-terastallize|p2a: The Botez Gambit|Flying\n|move|p2a: The Botez Gambit|Sucker Punch|p1a: Koraidon\n|-resisted|p1a: Koraidon\n|-damage|p1a: Koraidon|37\/100 psn\n|move|p1a: Koraidon|Flare Blitz|p2a: The Botez Gambit\n|-damage|p2a: The Botez Gambit|16\/100\n|-damage|p1a: Koraidon|10\/100 psn|[from] Recoil\n|\n|-weather|SunnyDay|[upkeep]\n|-heal|p2a: The Botez Gambit|23\/100|[from] item: Leftovers\n|-damage|p1a: Koraidon|0 fnt|[from] psn\n|faint|p1a: Koraidon\n|upkeep\n|inactive|Adhiraj8202 has 270 seconds left.\n|\n|t:|1699183638\n|switch|p1a: Arceus|Arceus|100\/100\n|turn|16\n|\n|t:|1699183643\n|move|p1a: Arceus|Extreme Speed|p2a: The Botez Gambit\n|-damage|p2a: The Botez Gambit|0 fnt\n|faint|p2a: The Botez Gambit\n|-end|p2a: The Botez Gambit|fallenundefined|[silent]\n|\n|-weather|SunnyDay|[upkeep]\n|upkeep\n|\n|t:|1699183648\n|switch|p2a: The Dark Horse|Calyrex-Shadow|48\/100\n|-ability|p2a: The Dark Horse|As One\n|-ability|p2a: The Dark Horse|Unnerve\n|turn|17\n|\n|t:|1699183651\n|move|p2a: The Dark Horse|Encore|p1a: Arceus\n|-start|p1a: Arceus|Encore\n|move|p1a: Arceus|Extreme Speed|p2a: The Dark Horse\n|-immune|p2a: The Dark Horse\n|\n|-weather|SunnyDay|[upkeep]\n|upkeep\n|turn|18\n|c| laprasplayer|what thats not how it's supposed to go, if it's the botez gambit then you shouldve sacked turn 1\n|\n|t:|1699183660\n|switch|p1a: Ting-Lu|Ting-Lu|63\/100\n|-damage|p1a: Ting-Lu|47\/100|[from] Spikes\n|-status|p1a: Ting-Lu|psn\n|-ability|p1a: Ting-Lu|Vessel of Ruin\n|move|p2a: The Dark Horse|Nasty Plot|p2a: The Dark Horse\n|-boost|p2a: The Dark Horse|spa|2\n|\n|-weather|none\n|-heal|p1a: Ting-Lu|53\/100 psn|[from] item: Leftovers\n|-damage|p1a: Ting-Lu|40\/100 psn|[from] psn\n|upkeep\n|turn|19\n|\n|t:|1699183665\n|-terastallize|p1a: Ting-Lu|Grass\n|move|p2a: The Dark Horse|Astral Barrage|p1a: Ting-Lu\n|-crit|p1a: Ting-Lu\n|-damage|p1a: Ting-Lu|0 fnt\n|faint|p1a: Ting-Lu\n|-ability|p2a: The Dark Horse|Grim Neigh|boost\n|-boost|p2a: The Dark Horse|spa|1\n|\n|upkeep\n|c|\u2606eavo x|gg.\n|c|\u2606Adhiraj8202|ahhh\n|c|\u2606Adhiraj8202|good play there\n|c|\u2606Adhiraj8202|gg\n|-message|Adhiraj8202 forfeited.\n|\n|win|eavo x\n|l|\u2606Adhiraj8202\n|l| laprasplayer\n|j| laprasplayer\n|l| laprasplayer\n","uploadtime":1699183893,"views":6,"p1id":"adhiraj8202","p2id":"eavox","formatid":"gen9anythinggoes","rating":0,"private":0,"password":""}