{"id":"gen9anythinggoes-1973679561","p1":"J. Wins","p2":"mikrulewolv","format":"[Gen 9] Anything Goes","log":"|j|\u2606J. Wins\n|j|\u2606mikrulewolv\n|t:|1698002660\n|gametype|singles\n|player|p1|J. Wins|clay|1091\n|player|p2|mikrulewolv|psychicf-gen4|1129\n|teamsize|p1|6\n|teamsize|p2|6\n|gen|9\n|tier|[Gen 9] Anything Goes\n|rated|\n|rule|HP Percentage Mod: HP is shown in percentages\n|rule|Endless Battle Clause: Forcing endless battles is banned\n|clearpoke\n|poke|p1|Meowscarada, M|\n|poke|p1|Flutter Mane|\n|poke|p1|Iron Bundle|\n|poke|p1|Dragonite, M|\n|poke|p1|Gholdengo|\n|poke|p1|Rotom-Wash|\n|poke|p2|Arceus-Bug|\n|poke|p2|Ursaluna, M|\n|poke|p2|Volcarona, F|\n|poke|p2|Ribombee, M|\n|poke|p2|Lokix, F|\n|poke|p2|Scizor, M|\n|teampreview\n|inactive|Battle timer is ON: inactive players will automatically lose when time's up. (requested by mikrulewolv)\n|\n|t:|1698002667\n|start\n|switch|p1a: Snoop Catt|Meowscarada, M|100\/100\n|switch|p2a: Ribombee|Ribombee, M|100\/100\n|turn|1\n|\n|t:|1698002676\n|move|p2a: Ribombee|Sticky Web|p1a: Snoop Catt\n|-sidestart|p1: J. Wins|move: Sticky Web\n|move|p1a: Snoop Catt|Toxic Spikes|p2a: Ribombee\n|-start|p1a: Snoop Catt|typechange|Poison|[from] ability: Protean\n|-sidestart|p2: mikrulewolv|move: Toxic Spikes\n|\n|upkeep\n|turn|2\n|\n|t:|1698002693\n|move|p2a: Ribombee|Stun Spore|p1a: Snoop Catt|[miss]\n|-miss|p2a: Ribombee|p1a: Snoop Catt\n|move|p1a: Snoop Catt|Flower Trick|p2a: Ribombee\n|-resisted|p2a: Ribombee\n|-crit|p2a: Ribombee\n|-damage|p2a: Ribombee|71\/100\n|\n|upkeep\n|turn|3\n|\n|t:|1698002701\n|switch|p1a: Flutter Mane|Flutter Mane|100\/100\n|-activate|p1a: Flutter Mane|move: Sticky Web\n|-unboost|p1a: Flutter Mane|spe|1\n|move|p2a: Ribombee|Stun Spore|p1a: Flutter Mane|[miss]\n|-miss|p2a: Ribombee|p1a: Flutter Mane\n|\n|upkeep\n|turn|4\n|\n|t:|1698002709\n|move|p2a: Ribombee|Stun Spore|p1a: Flutter Mane\n|-status|p1a: Flutter Mane|par\n|cant|p1a: Flutter Mane|par\n|\n|upkeep\n|turn|5\n|\n|t:|1698002715\n|move|p2a: Ribombee|Moonblast|p1a: Flutter Mane\n|-damage|p1a: Flutter Mane|58\/100 par\n|-unboost|p1a: Flutter Mane|spa|1\n|cant|p1a: Flutter Mane|par\n|\n|upkeep\n|turn|6\n|\n|t:|1698002722\n|move|p2a: Ribombee|Moonblast|p1a: Flutter Mane\n|-damage|p1a: Flutter Mane|18\/100 par\n|move|p1a: Flutter Mane|Power Gem|p2a: Ribombee\n|-supereffective|p2a: Ribombee\n|-damage|p2a: Ribombee|0 fnt\n|faint|p2a: Ribombee\n|\n|upkeep\n|\n|t:|1698002727\n|switch|p2a: Scizor|Scizor, M|100\/100\n|turn|7\n|\n|t:|1698002750\n|-end|p1a: Flutter Mane|Protosynthesis|[silent]\n|switch|p1a: Rotom|Rotom-Wash|100\/100\n|move|p2a: Scizor|Trailblaze|p1a: Rotom\n|-supereffective|p1a: Rotom\n|-damage|p1a: Rotom|48\/100\n|-boost|p2a: Scizor|spe|1\n|-enditem|p1a: Rotom|Sitrus Berry|[eat]\n|-heal|p1a: Rotom|73\/100|[from] item: Sitrus Berry\n|-damage|p2a: Scizor|91\/100|[from] item: Life Orb\n|\n|upkeep\n|turn|8\n|\n|t:|1698002765\n|move|p2a: Scizor|Trailblaze|p1a: Rotom\n|-supereffective|p1a: Rotom\n|-damage|p1a: Rotom|12\/100\n|-boost|p2a: Scizor|spe|1\n|-damage|p2a: Scizor|81\/100|[from] item: Life Orb\n|move|p1a: Rotom|Volt Switch|p2a: Scizor\n|-damage|p2a: Scizor|51\/100\n|\n|t:|1698002776\n|switch|p1a: Flutter Mane|Flutter Mane|18\/100 par|[from] Volt Switch\n|-activate|p1a: Flutter Mane|move: Sticky Web\n|-unboost|p1a: Flutter Mane|spe|1\n|\n|upkeep\n|turn|9\n|\n|t:|1698002783\n|move|p2a: Scizor|Trailblaze|p1a: Flutter Mane\n|-damage|p1a: Flutter Mane|0 fnt\n|-boost|p2a: Scizor|spe|1\n|faint|p1a: Flutter Mane\n|-end|p1a: Flutter Mane|Protosynthesis|[silent]\n|-damage|p2a: Scizor|41\/100|[from] item: Life Orb\n|\n|upkeep\n|\n|t:|1698002795\n|switch|p1a: Gholdengo|Gholdengo|100\/100\n|-activate|p1a: Gholdengo|move: Sticky Web\n|-unboost|p1a: Gholdengo|spe|1\n|turn|10\n|\n|t:|1698002806\n|move|p2a: Scizor|Bullet Punch|p1a: Gholdengo\n|-resisted|p1a: Gholdengo\n|-damage|p1a: Gholdengo|73\/100\n|-damage|p2a: Scizor|31\/100|[from] item: Life Orb\n|move|p1a: Gholdengo|Focus Blast|p2a: Scizor\n|-damage|p2a: Scizor|0 fnt\n|faint|p2a: Scizor\n|\n|upkeep\n|\n|t:|1698002811\n|switch|p2a: Volcarona|Volcarona, F|100\/100\n|turn|11\n|\n|t:|1698002823\n|switch|p1a: Iron Bundle|Iron Bundle|100\/100\n|-activate|p1a: Iron Bundle|move: Sticky Web\n|-unboost|p1a: Iron Bundle|spe|1\n|-enditem|p1a: Iron Bundle|Booster Energy\n|-activate|p1a: Iron Bundle|ability: Quark Drive|[fromitem]\n|-start|p1a: Iron Bundle|quarkdrivespa\n|move|p2a: Volcarona|Quiver Dance|p2a: Volcarona\n|-boost|p2a: Volcarona|spa|1\n|-boost|p2a: Volcarona|spd|1\n|-boost|p2a: Volcarona|spe|1\n|\n|upkeep\n|turn|12\n|\n|t:|1698002839\n|move|p2a: Volcarona|Fiery Dance|p1a: Iron Bundle\n|-damage|p1a: Iron Bundle|0 fnt\n|-boost|p2a: Volcarona|spa|1\n|faint|p1a: Iron Bundle\n|-end|p1a: Iron Bundle|Quark Drive|[silent]\n|\n|upkeep\n|\n|t:|1698002848\n|switch|p1a: Rotom|Rotom-Wash|12\/100\n|turn|13\n|\n|t:|1698002852\n|move|p2a: Volcarona|Fiery Dance|p1a: Rotom\n|-resisted|p1a: Rotom\n|-crit|p1a: Rotom\n|-damage|p1a: Rotom|0 fnt\n|faint|p1a: Rotom\n|\n|upkeep\n|\n|t:|1698002863\n|switch|p1a: Dragonite|Dragonite, M|100\/100\n|turn|14\n|\n|t:|1698002870\n|move|p2a: Volcarona|Quiver Dance|p2a: Volcarona\n|-boost|p2a: Volcarona|spa|1\n|-boost|p2a: Volcarona|spd|1\n|-boost|p2a: Volcarona|spe|1\n|move|p1a: Dragonite|Earthquake|p2a: Volcarona\n|-damage|p2a: Volcarona|38\/100\n|\n|upkeep\n|turn|15\n|\n|t:|1698002877\n|move|p2a: Volcarona|Fiery Dance|p1a: Dragonite\n|-resisted|p1a: Dragonite\n|-damage|p1a: Dragonite|73\/100\n|-boost|p2a: Volcarona|spa|1\n|move|p1a: Dragonite|Earthquake|p2a: Volcarona\n|-damage|p2a: Volcarona|0 fnt\n|faint|p2a: Volcarona\n|\n|upkeep\n|\n|t:|1698002884\n|switch|p2a: Lokix|Lokix, F|100\/100\n|-status|p2a: Lokix|psn\n|turn|16\n|\n|t:|1698002894\n|-terastallize|p1a: Dragonite|Flying\n|move|p2a: Lokix|First Impression|p1a: Dragonite\n|-resisted|p1a: Dragonite\n|-damage|p1a: Dragonite|22\/100\n|-damage|p2a: Lokix|84\/100 psn|[from] item: Rocky Helmet|[of] p1a: Dragonite\n|-damage|p2a: Lokix|74\/100 psn|[from] item: Life Orb\n|move|p1a: Dragonite|Tera Blast|p2a: Lokix|[anim] Tera Blast Flying\n|-supereffective|p2a: Lokix\n|-damage|p2a: Lokix|0 fnt\n|faint|p2a: Lokix\n|\n|upkeep\n|\n|t:|1698002918\n|switch|p2a: Arceus|Arceus-Bug|100\/100\n|-status|p2a: Arceus|psn\n|turn|17\n|\n|t:|1698002925\n|move|p2a: Arceus|Ice Beam|p1a: Dragonite\n|-supereffective|p1a: Dragonite\n|-damage|p1a: Dragonite|0 fnt\n|faint|p1a: Dragonite\n|\n|-damage|p2a: Arceus|88\/100 psn|[from] psn\n|upkeep\n|\n|t:|1698002935\n|switch|p1a: Gholdengo|Gholdengo|73\/100\n|-activate|p1a: Gholdengo|move: Sticky Web\n|-unboost|p1a: Gholdengo|spe|1\n|turn|18\n|\n|t:|1698002948\n|move|p1a: Gholdengo|Make It Rain|p2a: Arceus\n|-damage|p2a: Arceus|47\/100 psn\n|-unboost|p1a: Gholdengo|spa|1\n|move|p2a: Arceus|Earth Power|p1a: Gholdengo\n|-supereffective|p1a: Gholdengo\n|-damage|p1a: Gholdengo|2\/100\n|\n|-damage|p2a: Arceus|35\/100 psn|[from] psn\n|upkeep\n|turn|19\n|\n|t:|1698002959\n|switch|p1a: Snoop Catt|Meowscarada, M|100\/100\n|-activate|p1a: Snoop Catt|move: Sticky Web\n|-unboost|p1a: Snoop Catt|spe|1\n|move|p2a: Arceus|Earth Power|p1a: Snoop Catt\n|-resisted|p1a: Snoop Catt\n|-damage|p1a: Snoop Catt|76\/100\n|\n|-damage|p2a: Arceus|23\/100 psn|[from] psn\n|upkeep\n|turn|20\n|\n|t:|1698002969\n|move|p1a: Snoop Catt|Sucker Punch|p2a: Arceus\n|-start|p1a: Snoop Catt|typechange|Dark|[from] ability: Protean\n|-damage|p2a: Arceus|2\/100 psn\n|move|p2a: Arceus|Ice Beam|p1a: Snoop Catt\n|-damage|p1a: Snoop Catt|25\/100\n|\n|-damage|p2a: Arceus|0 fnt|[from] psn\n|faint|p2a: Arceus\n|upkeep\n|\n|t:|1698002972\n|switch|p2a: Ursaluna|Ursaluna, M|100\/100\n|-status|p2a: Ursaluna|psn\n|turn|21\n|\n|t:|1698002981\n|-terastallize|p2a: Ursaluna|Bug\n|move|p1a: Snoop Catt|Knock Off|p2a: Ursaluna\n|-damage|p2a: Ursaluna|64\/100 psn\n|-enditem|p2a: Ursaluna|Flame Orb|[from] move: Knock Off|[of] p1a: Snoop Catt\n|move|p2a: Ursaluna|Trailblaze|p1a: Snoop Catt\n|-damage|p1a: Snoop Catt|0 fnt\n|-boost|p2a: Ursaluna|spe|1\n|faint|p1a: Snoop Catt\n|\n|-damage|p2a: Ursaluna|52\/100 psn|[from] psn\n|upkeep\n|c|\u2606J. Wins|gg\n|\n|t:|1698002994\n|switch|p1a: Gholdengo|Gholdengo|2\/100\n|-activate|p1a: Gholdengo|move: Sticky Web\n|-unboost|p1a: Gholdengo|spe|1\n|turn|22\n|c|\u2606mikrulewolv|gg\n|\n|t:|1698003003\n|move|p1a: Gholdengo|Focus Blast|p2a: Ursaluna\n|-resisted|p2a: Ursaluna\n|-damage|p2a: Ursaluna|32\/100 psn\n|-unboost|p2a: Ursaluna|spd|1\n|move|p2a: Ursaluna|Headlong Rush|p1a: Gholdengo\n|-supereffective|p1a: Gholdengo\n|-damage|p1a: Gholdengo|0 fnt\n|-unboost|p2a: Ursaluna|def|1\n|-unboost|p2a: Ursaluna|spd|1\n|faint|p1a: Gholdengo\n|\n|win|mikrulewolv\n|raw|J. Wins's rating: 1091 &rarr; <strong>1070<\/strong><br \/>(-21 for losing)\n|raw|mikrulewolv's rating: 1129 &rarr; <strong>1151<\/strong><br \/>(+22 for winning)\n|l|\u2606J. Wins\n","uploadtime":1698003037,"views":14,"p1id":"jwins","p2id":"mikrulewolv","formatid":"gen9anythinggoes","rating":1070,"private":0,"password":""}