{"id":"gen9anythinggoes-2000338372","p1":"Iq is 100","p2":"Slender3008","format":"[Gen 9] Anything Goes","log":"|j|\u2606Iq is 100\n|j|\u2606Slender3008\n|t:|1701186275\n|gametype|singles\n|player|p1|Iq is 100|266|1224\n|player|p2|Slender3008|170|1194\n|teamsize|p1|6\n|teamsize|p2|6\n|gen|9\n|tier|[Gen 9] Anything Goes\n|rated|\n|rule|HP Percentage Mod: HP is shown in percentages\n|rule|Endless Battle Clause: Forcing endless battles is banned\n|clearpoke\n|poke|p1|Annihilape, M|\n|poke|p1|Eternatus|\n|poke|p1|Skeledirge, M|\n|poke|p1|Indeedee-F, F|\n|poke|p1|Ditto|\n|poke|p1|Clodsire, M|\n|poke|p2|Calyrex-Shadow|\n|poke|p2|Miraidon|\n|poke|p2|Ting-Lu|\n|poke|p2|Landorus-Therian, M|\n|poke|p2|Espathra, F|\n|poke|p2|Arceus|\n|teampreview\n|c|\u2606Iq is 100|i named my pokemon after youtubers\n|\n|t:|1701186291\n|start\n|switch|p1a: Ssundee|Eternatus|100\/100\n|switch|p2a: Landorus|Landorus-Therian, M|100\/100\n|-ability|p1a: Ssundee|Pressure\n|-ability|p2a: Landorus|Intimidate|boost\n|-unboost|p1a: Ssundee|atk|1\n|turn|1\n|\n|t:|1701186307\n|move|p1a: Ssundee|Toxic|p2a: Landorus\n|-status|p2a: Landorus|tox\n|move|p2a: Landorus|Taunt|p1a: Ssundee\n|-start|p1a: Ssundee|move: Taunt\n|\n|-damage|p2a: Landorus|94\/100 tox|[from] psn\n|upkeep\n|turn|2\n|\n|t:|1701186313\n|move|p1a: Ssundee|Dynamax Cannon|p2a: Landorus\n|-damage|p2a: Landorus|28\/100 tox\n|move|p2a: Landorus|Stealth Rock|p1a: Ssundee\n|-sidestart|p1: Iq is 100|move: Stealth Rock\n|\n|-damage|p2a: Landorus|16\/100 tox|[from] psn\n|upkeep\n|turn|3\n|\n|t:|1701186319\n|move|p1a: Ssundee|Dynamax Cannon|p2a: Landorus\n|-damage|p2a: Landorus|0 fnt\n|faint|p2a: Landorus\n|\n|upkeep\n|\n|t:|1701186329\n|switch|p2a: Ting-Lu|Ting-Lu|100\/100\n|-ability|p2a: Ting-Lu|Vessel of Ruin\n|turn|4\n|\n|t:|1701186342\n|move|p1a: Ssundee|Sludge Bomb|p2a: Ting-Lu\n|-resisted|p2a: Ting-Lu\n|-damage|p2a: Ting-Lu|88\/100\n|move|p2a: Ting-Lu|Spikes|p1a: Ssundee\n|-sidestart|p1: Iq is 100|Spikes\n|\n|-heal|p2a: Ting-Lu|94\/100|[from] item: Leftovers\n|-end|p1a: Ssundee|move: Taunt\n|upkeep\n|turn|5\n|\n|t:|1701186393\n|move|p1a: Ssundee|Toxic|p2a: Ting-Lu\n|-status|p2a: Ting-Lu|tox\n|move|p2a: Ting-Lu|Whirlwind|p1a: Ssundee\n|drag|p1a: TheOdd1sout|Ditto, shiny|100\/100\n|-damage|p1a: TheOdd1sout|88\/100|[from] Stealth Rock\n|-damage|p1a: TheOdd1sout|76\/100|[from] Spikes\n|-transform|p1a: TheOdd1sout|p2a: Ting-Lu|[from] ability: Imposter\n|-ability|p1a: TheOdd1sout|Vessel of Ruin\n|\n|-heal|p2a: Ting-Lu|99\/100 tox|[from] item: Leftovers\n|-damage|p2a: Ting-Lu|94\/100 tox|[from] psn\n|upkeep\n|turn|6\n|\n|t:|1701186407\n|move|p1a: TheOdd1sout|Stealth Rock|p2a: Ting-Lu\n|-sidestart|p2: Slender3008|move: Stealth Rock\n|move|p2a: Ting-Lu|Spikes|p1a: TheOdd1sout\n|-sidestart|p1: Iq is 100|Spikes\n|\n|-heal|p2a: Ting-Lu|99\/100 tox|[from] item: Leftovers\n|-damage|p2a: Ting-Lu|88\/100 tox|[from] psn\n|upkeep\n|turn|7\n|\n|t:|1701186417\n|switch|p1a: Ssundee|Eternatus|100\/100\n|-damage|p1a: Ssundee|88\/100|[from] Stealth Rock\n|-damage|p1a: Ssundee|72\/100|[from] Spikes\n|-ability|p1a: Ssundee|Pressure\n|move|p2a: Ting-Lu|Spikes|p1a: Ssundee\n|-sidestart|p1: Iq is 100|Spikes\n|\n|-heal|p1a: Ssundee|78\/100|[from] item: Leftovers\n|-heal|p2a: Ting-Lu|94\/100 tox|[from] item: Leftovers\n|-damage|p2a: Ting-Lu|75\/100 tox|[from] psn\n|upkeep\n|turn|8\n|\n|t:|1701186429\n|move|p1a: Ssundee|Dynamax Cannon|p2a: Ting-Lu\n|-damage|p2a: Ting-Lu|51\/100 tox\n|move|p2a: Ting-Lu|Whirlwind|p1a: Ssundee\n|drag|p1a: Slogo|Clodsire, M, shiny|100\/100\n|-damage|p1a: Slogo|94\/100|[from] Stealth Rock\n|-damage|p1a: Slogo|69\/100|[from] Spikes\n|\n|-heal|p2a: Ting-Lu|58\/100 tox|[from] item: Leftovers\n|-heal|p1a: Slogo|75\/100|[from] item: Leftovers\n|-damage|p2a: Ting-Lu|33\/100 tox|[from] psn\n|upkeep\n|turn|9\n|\n|t:|1701186439\n|move|p2a: Ting-Lu|Earthquake|p1a: Slogo\n|-supereffective|p1a: Slogo\n|-damage|p1a: Slogo|0 fnt\n|faint|p1a: Slogo\n|\n|-heal|p2a: Ting-Lu|39\/100 tox|[from] item: Leftovers\n|-damage|p2a: Ting-Lu|8\/100 tox|[from] psn\n|upkeep\n|\n|t:|1701186447\n|switch|p1a: TheOdd1sout|Ditto, shiny|76\/100\n|-damage|p1a: TheOdd1sout|63\/100|[from] Stealth Rock\n|-damage|p1a: TheOdd1sout|38\/100|[from] Spikes\n|-transform|p1a: TheOdd1sout|p2a: Ting-Lu|[from] ability: Imposter\n|-ability|p1a: TheOdd1sout|Vessel of Ruin\n|turn|10\n|\n|t:|1701186458\n|move|p1a: TheOdd1sout|Spikes|p2a: Ting-Lu\n|-sidestart|p2: Slender3008|Spikes\n|move|p2a: Ting-Lu|Earthquake|p1a: TheOdd1sout\n|-damage|p1a: TheOdd1sout|2\/100\n|\n|-heal|p2a: Ting-Lu|14\/100 tox|[from] item: Leftovers\n|-damage|p2a: Ting-Lu|0 fnt|[from] psn\n|faint|p2a: Ting-Lu\n|upkeep\n|\n|t:|1701186464\n|switch|p2a: Miraidon|Miraidon|100\/100\n|-fieldstart|move: Electric Terrain|[from] ability: Hadron Engine|[of] p2a: Miraidon\n|turn|11\n|\n|t:|1701186485\n|move|p2a: Miraidon|U-turn|p1a: TheOdd1sout\n|-supereffective|p1a: TheOdd1sout\n|-damage|p1a: TheOdd1sout|0 fnt\n|faint|p1a: TheOdd1sout\n|\n|t:|1701186492\n|switch|p2a: Espathra|Espathra, F|100\/100|[from] U-turn\n|-damage|p2a: Espathra|88\/100|[from] Stealth Rock\n|-damage|p2a: Espathra|76\/100|[from] Spikes\n|-enditem|p2a: Espathra|Electric Seed\n|-boost|p2a: Espathra|def|1|[from] item: Electric Seed\n|\n|upkeep\n|\n|t:|1701186500\n|switch|p1a: Ssundee|Eternatus|78\/100\n|-damage|p1a: Ssundee|65\/100|[from] Stealth Rock\n|-damage|p1a: Ssundee|40\/100|[from] Spikes\n|-ability|p1a: Ssundee|Pressure\n|turn|12\n|\n|t:|1701186505\n|move|p2a: Espathra|Calm Mind|p2a: Espathra\n|-boost|p2a: Espathra|spa|1\n|-boost|p2a: Espathra|spd|1\n|move|p1a: Ssundee|Toxic|p2a: Espathra\n|-status|p2a: Espathra|tox\n|\n|-heal|p1a: Ssundee|47\/100|[from] item: Leftovers\n|-damage|p2a: Espathra|70\/100 tox|[from] psn\n|-ability|p2a: Espathra|Speed Boost|boost\n|-boost|p2a: Espathra|spe|1\n|upkeep\n|turn|13\n|\n|t:|1701186511\n|move|p2a: Espathra|Calm Mind|p2a: Espathra\n|-boost|p2a: Espathra|spa|1\n|-boost|p2a: Espathra|spd|1\n|move|p1a: Ssundee|Dynamax Cannon|p2a: Espathra\n|-damage|p2a: Espathra|27\/100 tox\n|\n|-heal|p1a: Ssundee|53\/100|[from] item: Leftovers\n|-damage|p2a: Espathra|15\/100 tox|[from] psn\n|-ability|p2a: Espathra|Speed Boost|boost\n|-boost|p2a: Espathra|spe|1\n|upkeep\n|turn|14\n|\n|t:|1701186519\n|move|p2a: Espathra|Baton Pass|p2a: Espathra\n|\n|t:|1701186524\n|switch|p2a: Calyrex|Calyrex-Shadow|100\/100|[from] Baton Pass\n|-ability|p2a: Calyrex|As One\n|-ability|p2a: Calyrex|Unnerve\n|move|p1a: Ssundee|Dynamax Cannon|p2a: Calyrex\n|-damage|p2a: Calyrex|70\/100\n|\n|-heal|p1a: Ssundee|59\/100|[from] item: Leftovers\n|upkeep\n|turn|15\n|\n|t:|1701186536\n|move|p2a: Calyrex|Stored Power|p1a: Ssundee\n|-supereffective|p1a: Ssundee\n|-damage|p1a: Ssundee|0 fnt\n|faint|p1a: Ssundee\n|-ability|p2a: Calyrex|Grim Neigh|boost\n|-boost|p2a: Calyrex|spa|1\n|\n|-fieldend|move: Electric Terrain\n|upkeep\n|\n|t:|1701186539\n|switch|p1a: Jadien Animations|Indeedee-F, F, shiny|100\/100\n|-damage|p1a: Jadien Animations|88\/100|[from] Stealth Rock\n|-damage|p1a: Jadien Animations|63\/100|[from] Spikes\n|-fieldstart|move: Psychic Terrain|[from] ability: Psychic Surge|[of] p1a: Jadien Animations\n|turn|16\n|\n|t:|1701186659\n|move|p2a: Calyrex|Stored Power|p1a: Jadien Animations\n|-resisted|p1a: Jadien Animations\n|-damage|p1a: Jadien Animations|0 fnt\n|faint|p1a: Jadien Animations\n|-ability|p2a: Calyrex|Grim Neigh|boost\n|-boost|p2a: Calyrex|spa|1\n|\n|upkeep\n|-message|Iq is 100 forfeited.\n|\n|win|Slender3008\n|raw|Iq is 100's rating: 1224 &rarr; <strong>1197<\/strong><br \/>(-27 for losing)\n|raw|Slender3008's rating: 1194 &rarr; <strong>1221<\/strong><br \/>(+27 for winning)\n|l|\u2606Iq is 100\n|l|\u2606Slender3008\n|j|\u2606Slender3008\n|player|p2|Slender3008|170\n","uploadtime":1701186781,"views":6,"p1id":"iqis100","p2id":"slender3008","formatid":"gen9anythinggoes","rating":1197,"private":0,"password":""}