{"id":"gen9anythinggoes-1993040641","p1":"mrelpolloloco","p2":"KatyPerrysMilkers","format":"[Gen 9] Anything Goes","log":"|j|\u2606mrelpolloloco\n|j|\u2606KatyPerrysMilkers\n|t:|1700258234\n|gametype|singles\n|player|p1|mrelpolloloco|266|\n|player|p2|KatyPerrysMilkers|blue|\n|teamsize|p1|6\n|teamsize|p2|6\n|gen|9\n|tier|[Gen 9] Anything Goes\n|rule|HP Percentage Mod: HP is shown in percentages\n|rule|Endless Battle Clause: Forcing endless battles is banned\n|clearpoke\n|poke|p1|Corviknight, F|\n|poke|p1|Clodsire, F|\n|poke|p1|Iron Bundle|\n|poke|p1|Roaring Moon|\n|poke|p1|Arcanine-Hisui, M|\n|poke|p1|Gallade, M|\n|poke|p2|Thundurus, M|\n|poke|p2|Iron Valiant|\n|poke|p2|Grumpig, M|\n|poke|p2|Garganacl, F|\n|poke|p2|Landorus-Therian, M|\n|poke|p2|Volcarona, M|\n|teampreview\n|c|\u2606KatyPerrysMilkers|I tried to make the username be KatyPerrysMommyMilkers but it was too long\n|c|\u2606KatyPerrysMilkers|too large like her tiddiez\n|\n|t:|1700258330\n|start\n|switch|p1a: XXXtentacion|Roaring Moon|100\/100\n|switch|p2a: Thundurus|Thundurus, M|100\/100\n|-enditem|p1a: XXXtentacion|Booster Energy\n|-activate|p1a: XXXtentacion|ability: Protosynthesis|[fromitem]\n|-start|p1a: XXXtentacion|protosynthesisspe\n|turn|1\n|\n|t:|1700258346\n|move|p2a: Thundurus|Agility|p2a: Thundurus\n|-boost|p2a: Thundurus|spe|2\n|move|p1a: XXXtentacion|Knock Off|p2a: Thundurus\n|-damage|p2a: Thundurus|20\/100\n|-enditem|p2a: Thundurus|Focus Sash|[from] move: Knock Off|[of] p1a: XXXtentacion\n|\n|upkeep\n|turn|2\n|\n|t:|1700258362\n|-terastallize|p2a: Thundurus|Ice\n|move|p2a: Thundurus|Tera Blast|p1a: XXXtentacion|[anim] Tera Blast Ice\n|-supereffective|p1a: XXXtentacion\n|-damage|p1a: XXXtentacion|20\/100\n|move|p1a: XXXtentacion|Acrobatics|p2a: Thundurus\n|-damage|p2a: Thundurus|0 fnt\n|faint|p2a: Thundurus\n|\n|upkeep\n|\n|t:|1700258371\n|switch|p2a: Landorus|Landorus-Therian, M|100\/100\n|-ability|p2a: Landorus|Intimidate|boost\n|-unboost|p1a: XXXtentacion|atk|1\n|turn|3\n|\n|t:|1700258376\n|move|p1a: XXXtentacion|Knock Off|p2a: Landorus\n|-damage|p2a: Landorus|76\/100\n|-enditem|p2a: Landorus|Leftovers|[from] move: Knock Off|[of] p1a: XXXtentacion\n|move|p2a: Landorus|Smack Down|p1a: XXXtentacion\n|-damage|p1a: XXXtentacion|0 fnt\n|faint|p1a: XXXtentacion\n|-end|p1a: XXXtentacion|Protosynthesis|[silent]\n|\n|upkeep\n|\n|t:|1700258385\n|switch|p1a: NOT BANNED|Iron Bundle|100\/100\n|turn|4\n|\n|t:|1700258403\n|switch|p2a: Grumpig|Grumpig, M|100\/100\n|move|p1a: NOT BANNED|Chilling Water|p2a: Grumpig\n|-damage|p2a: Grumpig|89\/100\n|-unboost|p2a: Grumpig|atk|1\n|\n|upkeep\n|turn|5\n|\n|t:|1700258421\n|-end|p1a: NOT BANNED|Quark Drive|[silent]\n|switch|p1a: STOP TOUCHING ME|Corviknight, F|100\/100\n|move|p2a: Grumpig|Chilling Water|p1a: STOP TOUCHING ME\n|-damage|p1a: STOP TOUCHING ME|90\/100\n|-ability|p1a: STOP TOUCHING ME|Mirror Armor\n|-unboost|p2a: Grumpig|atk|1\n|\n|upkeep\n|turn|6\n|\n|t:|1700258448\n|switch|p2a: Garganacl|Garganacl, F|100\/100\n|move|p1a: STOP TOUCHING ME|Brave Bird|p2a: Garganacl\n|-resisted|p2a: Garganacl\n|-damage|p2a: Garganacl|91\/100\n|-damage|p1a: STOP TOUCHING ME|87\/100|[from] Recoil\n|\n|-heal|p2a: Garganacl|97\/100|[from] item: Leftovers\n|upkeep\n|turn|7\n|\n|t:|1700258457\n|move|p1a: STOP TOUCHING ME|Iron Head|p2a: Garganacl\n|-supereffective|p2a: Garganacl\n|-damage|p2a: Garganacl|73\/100\n|cant|p2a: Garganacl|flinch\n|\n|-heal|p2a: Garganacl|79\/100|[from] item: Leftovers\n|upkeep\n|turn|8\n|\n|t:|1700258468\n|move|p1a: STOP TOUCHING ME|Body Press|p2a: Garganacl\n|-supereffective|p2a: Garganacl\n|-damage|p2a: Garganacl|51\/100\n|move|p2a: Garganacl|Salt Cure|p1a: STOP TOUCHING ME\n|-damage|p1a: STOP TOUCHING ME|79\/100\n|-start|p1a: STOP TOUCHING ME|Salt Cure\n|\n|-heal|p2a: Garganacl|57\/100|[from] item: Leftovers\n|-damage|p1a: STOP TOUCHING ME|54\/100|[from] Salt Cure\n|upkeep\n|turn|9\n|\n|t:|1700258516\n|switch|p1a: Fat Boi|Clodsire, F|100\/100\n|move|p2a: Garganacl|Recover|p2a: Garganacl\n|-heal|p2a: Garganacl|100\/100\n|\n|upkeep\n|turn|10\n|\n|t:|1700258525\n|move|p2a: Garganacl|Stealth Rock|p1a: Fat Boi\n|-sidestart|p1: mrelpolloloco|move: Stealth Rock\n|move|p1a: Fat Boi|Liquidation|p2a: Garganacl\n|-supereffective|p2a: Garganacl\n|-damage|p2a: Garganacl|78\/100\n|\n|-heal|p2a: Garganacl|84\/100|[from] item: Leftovers\n|upkeep\n|turn|11\n|\n|t:|1700258532\n|switch|p2a: Grumpig|Grumpig, M|89\/100\n|move|p1a: Fat Boi|Liquidation|p2a: Grumpig\n|-damage|p2a: Grumpig|57\/100\n|-unboost|p2a: Grumpig|def|1\n|\n|upkeep\n|turn|12\n|\n|t:|1700258544\n|switch|p1a: STOP TOUCHING ME|Corviknight, F|54\/100\n|-damage|p1a: STOP TOUCHING ME|42\/100|[from] Stealth Rock\n|move|p2a: Grumpig|Psyshock|p1a: STOP TOUCHING ME\n|-resisted|p1a: STOP TOUCHING ME\n|-damage|p1a: STOP TOUCHING ME|34\/100\n|\n|upkeep\n|turn|13\n|\n|t:|1700258552\n|switch|p2a: Volcarona|Volcarona, M|100\/100\n|move|p1a: STOP TOUCHING ME|Roost|p1a: STOP TOUCHING ME\n|-heal|p1a: STOP TOUCHING ME|84\/100\n|-singleturn|p1a: STOP TOUCHING ME|move: Roost\n|\n|upkeep\n|turn|14\n|\n|t:|1700258579\n|switch|p1a: Red Rocket|Arcanine-Hisui, M|100\/100\n|-damage|p1a: Red Rocket|76\/100|[from] Stealth Rock\n|move|p2a: Volcarona|Will-O-Wisp|p1a: Red Rocket\n|-immune|p1a: Red Rocket\n|\n|upkeep\n|turn|15\n|\n|t:|1700258595\n|switch|p2a: Landorus|Landorus-Therian, M|76\/100\n|-ability|p2a: Landorus|Intimidate|boost\n|-unboost|p1a: Red Rocket|atk|1\n|move|p1a: Red Rocket|Head Smash|p2a: Landorus\n|-damage|p2a: Landorus|41\/100\n|\n|upkeep\n|turn|16\n|\n|t:|1700258617\n|switch|p1a: Fat Boi|Clodsire, F|100\/100\n|-damage|p1a: Fat Boi|94\/100|[from] Stealth Rock\n|move|p2a: Landorus|Smack Down|p1a: Fat Boi\n|-resisted|p1a: Fat Boi\n|-damage|p1a: Fat Boi|86\/100\n|\n|upkeep\n|turn|17\n|\n|t:|1700258636\n|move|p2a: Landorus|Earthquake|p1a: Fat Boi\n|-supereffective|p1a: Fat Boi\n|-damage|p1a: Fat Boi|0 fnt\n|faint|p1a: Fat Boi\n|\n|upkeep\n|\n|t:|1700258644\n|switch|p1a: NOT BANNED|Iron Bundle|100\/100\n|-damage|p1a: NOT BANNED|76\/100|[from] Stealth Rock\n|turn|18\n|\n|t:|1700258663\n|switch|p2a: Grumpig|Grumpig, M|57\/100\n|move|p1a: NOT BANNED|Chilling Water|p2a: Grumpig\n|-damage|p2a: Grumpig|44\/100\n|-unboost|p2a: Grumpig|atk|1\n|\n|upkeep\n|turn|19\n|\n|t:|1700258689\n|-end|p1a: NOT BANNED|Quark Drive|[silent]\n|switch|p1a: STOP TOUCHING ME|Corviknight, F|84\/100\n|-damage|p1a: STOP TOUCHING ME|72\/100|[from] Stealth Rock\n|switch|p2a: Garganacl|Garganacl, F|84\/100\n|\n|-heal|p2a: Garganacl|91\/100|[from] item: Leftovers\n|upkeep\n|turn|20\n|\n|t:|1700258705\n|move|p1a: STOP TOUCHING ME|Iron Head|p2a: Garganacl\n|-supereffective|p2a: Garganacl\n|-damage|p2a: Garganacl|64\/100\n|move|p2a: Garganacl|Salt Cure|p1a: STOP TOUCHING ME\n|-damage|p1a: STOP TOUCHING ME|64\/100\n|-start|p1a: STOP TOUCHING ME|Salt Cure\n|\n|-heal|p2a: Garganacl|70\/100|[from] item: Leftovers\n|-damage|p1a: STOP TOUCHING ME|39\/100|[from] Salt Cure\n|upkeep\n|turn|21\n|\n|t:|1700258723\n|move|p2a: Garganacl|Protect|p2a: Garganacl\n|-singleturn|p2a: Garganacl|Protect\n|move|p1a: STOP TOUCHING ME|Iron Head|p2a: Garganacl\n|-activate|p2a: Garganacl|move: Protect\n|\n|-heal|p2a: Garganacl|76\/100|[from] item: Leftovers\n|-damage|p1a: STOP TOUCHING ME|14\/100|[from] Salt Cure\n|upkeep\n|turn|22\n|\n|t:|1700258727\n|move|p1a: STOP TOUCHING ME|Iron Head|p2a: Garganacl\n|-supereffective|p2a: Garganacl\n|-crit|p2a: Garganacl\n|-damage|p2a: Garganacl|41\/100\n|move|p2a: Garganacl|Salt Cure|p1a: STOP TOUCHING ME\n|-damage|p1a: STOP TOUCHING ME|5\/100\n|\n|-heal|p2a: Garganacl|47\/100|[from] item: Leftovers\n|-damage|p1a: STOP TOUCHING ME|0 fnt|[from] Salt Cure\n|faint|p1a: STOP TOUCHING ME\n|upkeep\n|\n|t:|1700258742\n|switch|p1a: Yami|Gallade, M|100\/100\n|-damage|p1a: Yami|94\/100|[from] Stealth Rock\n|turn|23\n|\n|t:|1700258763\n|switch|p2a: Landorus|Landorus-Therian, M|41\/100\n|-ability|p2a: Landorus|Intimidate|boost\n|-unboost|p1a: Yami|atk|1\n|move|p1a: Yami|Aqua Cutter|p2a: Landorus\n|-supereffective|p2a: Landorus\n|-damage|p2a: Landorus|20\/100\n|\n|upkeep\n|turn|24\n|\n|t:|1700258790\n|move|p1a: Yami|Aqua Cutter|p2a: Landorus\n|-supereffective|p2a: Landorus\n|-damage|p2a: Landorus|0 fnt\n|faint|p2a: Landorus\n|\n|upkeep\n|\n|t:|1700258813\n|switch|p2a: Iron Valiant|Iron Valiant|100\/100\n|-enditem|p2a: Iron Valiant|Booster Energy\n|-activate|p2a: Iron Valiant|ability: Quark Drive|[fromitem]\n|-start|p2a: Iron Valiant|quarkdrivespa\n|turn|25\n|\n|t:|1700258830\n|-terastallize|p1a: Yami|Grass\n|move|p2a: Iron Valiant|Moonblast|p1a: Yami\n|-damage|p1a: Yami|47\/100\n|move|p1a: Yami|Psycho Cut|p2a: Iron Valiant\n|-supereffective|p2a: Iron Valiant\n|-damage|p2a: Iron Valiant|34\/100\n|\n|upkeep\n|turn|26\n|\n|t:|1700258862\n|move|p2a: Iron Valiant|Psyshock|p1a: Yami\n|-damage|p1a: Yami|0 fnt\n|faint|p1a: Yami\n|\n|upkeep\n|\n|t:|1700258875\n|switch|p1a: NOT BANNED|Iron Bundle|76\/100\n|-damage|p1a: NOT BANNED|51\/100|[from] Stealth Rock\n|turn|27\n|\n|t:|1700258912\n|move|p2a: Iron Valiant|Vacuum Wave|p1a: NOT BANNED\n|-supereffective|p1a: NOT BANNED\n|-crit|p1a: NOT BANNED\n|-damage|p1a: NOT BANNED|0 fnt\n|faint|p1a: NOT BANNED\n|-end|p1a: NOT BANNED|Quark Drive|[silent]\n|\n|upkeep\n|\n|t:|1700258917\n|switch|p1a: Red Rocket|Arcanine-Hisui, M|76\/100\n|-damage|p1a: Red Rocket|51\/100|[from] Stealth Rock\n|turn|28\n|\n|t:|1700258946\n|move|p1a: Red Rocket|Extreme Speed|p2a: Iron Valiant\n|-damage|p2a: Iron Valiant|0 fnt\n|faint|p2a: Iron Valiant\n|-end|p2a: Iron Valiant|Quark Drive|[silent]\n|\n|upkeep\n|\n|t:|1700258955\n|switch|p2a: Garganacl|Garganacl, F|47\/100\n|turn|29\n|\n|t:|1700258973\n|move|p2a: Garganacl|Protect|p2a: Garganacl\n|-singleturn|p2a: Garganacl|Protect\n|move|p1a: Red Rocket|Head Smash|p2a: Garganacl\n|-activate|p2a: Garganacl|move: Protect\n|\n|-heal|p2a: Garganacl|53\/100|[from] item: Leftovers\n|upkeep\n|turn|30\n|\n|t:|1700258986\n|switch|p2a: Grumpig|Grumpig, M|44\/100\n|move|p1a: Red Rocket|Head Smash|p2a: Grumpig\n|-damage|p2a: Grumpig|0 fnt\n|faint|p2a: Grumpig\n|\n|upkeep\n|\n|t:|1700258994\n|switch|p2a: Volcarona|Volcarona, M|100\/100\n|turn|31\n|\n|t:|1700259015\n|move|p2a: Volcarona|Bug Buzz|p1a: Red Rocket\n|-resisted|p1a: Red Rocket\n|-damage|p1a: Red Rocket|30\/100\n|-unboost|p1a: Red Rocket|spd|1\n|move|p1a: Red Rocket|Head Smash|p2a: Volcarona\n|-supereffective|p2a: Volcarona\n|-damage|p2a: Volcarona|0 fnt\n|faint|p2a: Volcarona\n|\n|upkeep\n|\n|t:|1700259021\n|switch|p2a: Garganacl|Garganacl, F|53\/100\n|turn|32\n|\n|t:|1700259042\n|move|p2a: Garganacl|Protect|p2a: Garganacl\n|-singleturn|p2a: Garganacl|Protect\n|move|p1a: Red Rocket|Head Smash|p2a: Garganacl\n|-activate|p2a: Garganacl|move: Protect\n|\n|-heal|p2a: Garganacl|59\/100|[from] item: Leftovers\n|upkeep\n|turn|33\n|\n|t:|1700259051\n|move|p1a: Red Rocket|Head Smash|p2a: Garganacl\n|-damage|p2a: Garganacl|18\/100\n|move|p2a: Garganacl|Salt Cure|p1a: Red Rocket\n|-supereffective|p1a: Red Rocket\n|-damage|p1a: Red Rocket|0 fnt\n|faint|p1a: Red Rocket\n|\n|win|KatyPerrysMilkers\n|c|\u2606mrelpolloloco|STALLLLLL\n","uploadtime":1700259065,"views":40,"p1id":"mrelpolloloco","p2id":"katyperrysmilkers","formatid":"gen9anythinggoes","rating":0,"private":0,"password":""}