{"id":"gen9anythinggoes-1999132623","p1":"Squidka1","p2":"Mr Lakewood","format":"[Gen 9] Anything Goes","log":"|j|\u2606Squidka1\n|j|\u2606Mr Lakewood\n|t:|1701036664\n|gametype|singles\n|player|p1|Squidka1|dawn|1118\n|player|p2|Mr Lakewood|169|1085\n|teamsize|p1|6\n|teamsize|p2|6\n|gen|9\n|tier|[Gen 9] Anything Goes\n|rated|\n|rule|HP Percentage Mod: HP is shown in percentages\n|rule|Endless Battle Clause: Forcing endless battles is banned\n|clearpoke\n|poke|p1|Ogerpon, F|\n|poke|p1|Ogerpon-Cornerstone, F|\n|poke|p1|Ogerpon-Hearthflame, F|\n|poke|p1|Ogerpon-Wellspring, F|\n|poke|p1|Ogerpon, F|\n|poke|p1|Ogerpon, F|\n|poke|p2|Maushold-Four|\n|poke|p2|Flutter Mane|\n|poke|p2|Miraidon|\n|poke|p2|Rabsca, M|\n|poke|p2|Garganacl, F|\n|poke|p2|Houndstone, M|\n|teampreview\n|inactive|Battle timer is ON: inactive players will automatically lose when time's up. (requested by Squidka1)\n|\n|t:|1701036671\n|start\n|switch|p1a: Ogerpon|Ogerpon, F|100\/100\n|switch|p2a: Flutter Mane|Flutter Mane, shiny|100\/100\n|turn|1\n|\n|t:|1701036676\n|move|p2a: Flutter Mane|Mystical Fire|p1a: Ogerpon\n|-supereffective|p1a: Ogerpon\n|-damage|p1a: Ogerpon|32\/100\n|-unboost|p1a: Ogerpon|spa|1\n|-ability|p1a: Ogerpon|Defiant|boost\n|-boost|p1a: Ogerpon|atk|2\n|-damage|p2a: Flutter Mane|91\/100|[from] item: Life Orb\n|move|p1a: Ogerpon|Spikes|p2a: Flutter Mane\n|-sidestart|p2: Mr Lakewood|Spikes\n|\n|upkeep\n|turn|2\n|\n|t:|1701036691\n|move|p2a: Flutter Mane|Shadow Ball|p1a: Ogerpon\n|-damage|p1a: Ogerpon|0 fnt\n|faint|p1a: Ogerpon\n|-damage|p2a: Flutter Mane|81\/100|[from] item: Life Orb\n|\n|upkeep\n|\n|t:|1701036712\n|switch|p1a: Ogerpon|Ogerpon, F|100\/100\n|turn|3\n|\n|t:|1701036722\n|move|p2a: Flutter Mane|Shadow Ball|p1a: Ogerpon\n|-damage|p1a: Ogerpon|33\/100\n|-damage|p2a: Flutter Mane|71\/100|[from] item: Life Orb\n|move|p1a: Ogerpon|Knock Off|p2a: Flutter Mane\n|-damage|p2a: Flutter Mane|0 fnt\n|-enditem|p2a: Flutter Mane|Life Orb|[from] move: Knock Off|[of] p1a: Ogerpon\n|faint|p2a: Flutter Mane\n|-end|p2a: Flutter Mane|Protosynthesis|[silent]\n|\n|upkeep\n|\n|t:|1701036733\n|switch|p2a: Maushold|Maushold-Four|100\/100\n|-damage|p2a: Maushold|88\/100|[from] Spikes\n|turn|4\n|\n|t:|1701036738\n|move|p2a: Maushold|Population Bomb|p1a: Ogerpon\n|-crit|p1a: Ogerpon\n|-damage|p1a: Ogerpon|11\/100\n|-damage|p1a: Ogerpon|0 fnt\n|faint|p1a: Ogerpon\n|-hitcount|p1: Ogerpon|2\n|\n|upkeep\n|\n|t:|1701036748\n|switch|p1a: Ogerpon|Ogerpon, F|100\/100\n|turn|5\n|\n|t:|1701036750\n|move|p1a: Ogerpon|Spiky Shield|p1a: Ogerpon\n|-singleturn|p1a: Ogerpon|move: Protect\n|move|p2a: Maushold|Population Bomb|p1a: Ogerpon\n|-activate|p1a: Ogerpon|move: Protect\n|-damage|p2a: Maushold|76\/100|[from] Spiky Shield|[of] p1a: Ogerpon\n|\n|upkeep\n|turn|6\n|\n|t:|1701036762\n|move|p2a: Maushold|Encore|p1a: Ogerpon\n|-start|p1a: Ogerpon|Encore\n|move|p1a: Ogerpon|Spiky Shield||[still]\n|-fail|p1a: Ogerpon\n|\n|upkeep\n|turn|7\n|\n|t:|1701036765\n|move|p1a: Ogerpon|Spiky Shield|p1a: Ogerpon\n|-singleturn|p1a: Ogerpon|move: Protect\n|move|p2a: Maushold|Tidy Up|p2a: Maushold\n|-sideend|p2: Mr Lakewood|Spikes\n|-activate|p2a: Maushold|move: Tidy Up\n|-boost|p2a: Maushold|atk|1\n|-boost|p2a: Maushold|spe|1\n|\n|upkeep\n|turn|8\n|\n|t:|1701036769\n|move|p1a: Ogerpon|Spiky Shield||[still]\n|-fail|p1a: Ogerpon\n|move|p2a: Maushold|Tidy Up|p2a: Maushold\n|-boost|p2a: Maushold|atk|1\n|-boost|p2a: Maushold|spe|1\n|\n|-end|p1a: Ogerpon|Encore\n|upkeep\n|turn|9\n|\n|t:|1701036777\n|move|p2a: Maushold|Encore|p1a: Ogerpon\n|-start|p1a: Ogerpon|Encore\n|move|p1a: Ogerpon|Spiky Shield||[still]\n|-fail|p1a: Ogerpon\n|\n|upkeep\n|turn|10\n|\n|t:|1701036784\n|switch|p1a: Ogerpon|Ogerpon-Cornerstone, F|100\/100\n|move|p2a: Maushold|Tidy Up|p2a: Maushold\n|-boost|p2a: Maushold|atk|1\n|-boost|p2a: Maushold|spe|1\n|\n|upkeep\n|turn|11\n|\n|t:|1701036791\n|move|p2a: Maushold|Population Bomb|p1a: Ogerpon\n|-resisted|p1a: Ogerpon\n|-damage|p1a: Ogerpon|82\/100\n|-resisted|p1a: Ogerpon\n|-crit|p1a: Ogerpon\n|-damage|p1a: Ogerpon|55\/100\n|-resisted|p1a: Ogerpon\n|-damage|p1a: Ogerpon|38\/100\n|-resisted|p1a: Ogerpon\n|-damage|p1a: Ogerpon|22\/100\n|-hitcount|p1a: Ogerpon|4\n|move|p1a: Ogerpon|Ivy Cudgel|p2a: Maushold|[anim] Ivy Cudgel Rock\n|-damage|p2a: Maushold|0 fnt\n|faint|p2a: Maushold\n|\n|upkeep\n|\n|t:|1701036808\n|switch|p2a: DeMarco|Miraidon|100\/100\n|-fieldstart|move: Electric Terrain|[from] ability: Hadron Engine|[of] p2a: DeMarco\n|turn|12\n|\n|t:|1701036814\n|move|p1a: Ogerpon|Quick Attack|p2a: DeMarco\n|-damage|p2a: DeMarco|86\/100\n|move|p2a: DeMarco|Dragon Pulse|p1a: Ogerpon\n|-damage|p1a: Ogerpon|0 fnt\n|faint|p1a: Ogerpon\n|\n|upkeep\n|\n|t:|1701036823\n|switch|p1a: Ogerpon|Ogerpon-Wellspring, F|100\/100\n|turn|13\n|\n|t:|1701036828\n|-terastallize|p2a: DeMarco|Electric\n|move|p2a: DeMarco|Electro Drift|p1a: Ogerpon\n|-damage|p1a: Ogerpon|0 fnt\n|faint|p1a: Ogerpon\n|\n|upkeep\n|\n|t:|1701036839\n|switch|p1a: Ogerpon|Ogerpon-Hearthflame, F|100\/100\n|-ability|p1a: Ogerpon|Mold Breaker\n|turn|14\n|\n|t:|1701036843\n|move|p2a: DeMarco|Electro Drift|p1a: Ogerpon\n|-resisted|p1a: Ogerpon\n|-damage|p1a: Ogerpon|33\/100\n|move|p1a: Ogerpon|Stomping Tantrum|p2a: DeMarco\n|-supereffective|p2a: DeMarco\n|-damage|p2a: DeMarco|29\/100\n|\n|upkeep\n|turn|15\n|\n|t:|1701036848\n|move|p2a: DeMarco|Dragon Pulse|p1a: Ogerpon\n|-damage|p1a: Ogerpon|0 fnt\n|faint|p1a: Ogerpon\n|\n|upkeep\n|\n|t:|1701036850\n|switch|p1a: Ogerpon|Ogerpon, F|100\/100\n|turn|16\n|\n|t:|1701036853\n|move|p2a: DeMarco|Dragon Pulse|p1a: Ogerpon\n|-damage|p1a: Ogerpon|43\/100\n|move|p1a: Ogerpon|Leech Seed|p2a: DeMarco\n|-start|p2a: DeMarco|move: Leech Seed\n|\n|-heal|p1a: Ogerpon|50\/100|[from] item: Leftovers\n|-damage|p2a: DeMarco|17\/100|[from] Leech Seed|[of] p1a: Ogerpon\n|-heal|p1a: Ogerpon|61\/100|[silent]\n|-fieldend|move: Electric Terrain\n|upkeep\n|turn|17\n|\n|t:|1701036857\n|move|p1a: Ogerpon|Spiky Shield|p1a: Ogerpon\n|-singleturn|p1a: Ogerpon|move: Protect\n|move|p2a: DeMarco|Dragon Pulse|p1a: Ogerpon\n|-activate|p1a: Ogerpon|move: Protect\n|\n|-heal|p1a: Ogerpon|67\/100|[from] item: Leftovers\n|-damage|p2a: DeMarco|4\/100|[from] Leech Seed|[of] p1a: Ogerpon\n|-heal|p1a: Ogerpon|79\/100|[silent]\n|upkeep\n|turn|18\n|\n|t:|1701036869\n|switch|p2a: Rabsca|Rabsca, M, shiny|100\/100\n|move|p1a: Ogerpon|Substitute|p1a: Ogerpon\n|-start|p1a: Ogerpon|Substitute\n|-damage|p1a: Ogerpon|54\/100\n|\n|-heal|p1a: Ogerpon|60\/100|[from] item: Leftovers\n|upkeep\n|turn|19\n|\n|t:|1701036874\n|move|p1a: Ogerpon|Leech Seed|p2a: Rabsca\n|-start|p2a: Rabsca|move: Leech Seed\n|move|p2a: Rabsca|Trick Room|p2a: Rabsca\n|-fieldstart|move: Trick Room|[of] p2a: Rabsca\n|\n|-heal|p1a: Ogerpon|66\/100|[from] item: Leftovers\n|-damage|p2a: Rabsca|88\/100|[from] Leech Seed|[of] p1a: Ogerpon\n|-heal|p1a: Ogerpon|78\/100|[silent]\n|upkeep\n|turn|20\n|\n|t:|1701036884\n|move|p1a: Ogerpon|Spiky Shield|p1a: Ogerpon\n|-singleturn|p1a: Ogerpon|move: Protect\n|move|p2a: Rabsca|Revival Blessing|p2a: Rabsca\n|-enditem|p2a: Rabsca|Leppa Berry|[eat]\n|-activate|p2a: Rabsca|item: Leppa Berry|Revival Blessing|[consumed]\n|\n|t:|1701036889\n|-heal|p2: Maushold|50\/100|[from] move: Revival Blessing\n|\n|-heal|p1a: Ogerpon|84\/100|[from] item: Leftovers\n|-damage|p2a: Rabsca|76\/100|[from] Leech Seed|[of] p1a: Ogerpon\n|-heal|p1a: Ogerpon|96\/100|[silent]\n|upkeep\n|turn|21\n|\n|t:|1701036900\n|move|p2a: Rabsca|Revival Blessing|p2a: Rabsca\n|\n|t:|1701036902\n|-heal|p2: Flutter Mane|50\/100|[from] move: Revival Blessing\n|move|p1a: Ogerpon|Leech Seed||[still]\n|-fail|p1a: Ogerpon\n|\n|-heal|p1a: Ogerpon|100\/100|[from] item: Leftovers\n|-damage|p2a: Rabsca|63\/100|[from] Leech Seed|[of] p1a: Ogerpon\n|upkeep\n|turn|22\n|\n|t:|1701036910\n|move|p2a: Rabsca|Recover|p2a: Rabsca\n|-heal|p2a: Rabsca|100\/100\n|move|p1a: Ogerpon|Substitute|p1a: Ogerpon\n|-fail|p1a: Ogerpon|move: Substitute\n|\n|-damage|p2a: Rabsca|88\/100|[from] Leech Seed|[of] p1a: Ogerpon\n|upkeep\n|turn|23\n|\n|t:|1701036914\n|move|p1a: Ogerpon|Substitute|p1a: Ogerpon\n|-fail|p1a: Ogerpon|move: Substitute\n|move|p2a: Rabsca|Trick Room|p2a: Rabsca\n|-fieldend|move: Trick Room\n|\n|-damage|p2a: Rabsca|76\/100|[from] Leech Seed|[of] p1a: Ogerpon\n|upkeep\n|turn|24\n|\n|t:|1701036921\n|move|p1a: Ogerpon|Substitute|p1a: Ogerpon\n|-fail|p1a: Ogerpon|move: Substitute\n|move|p2a: Rabsca|Trick Room|p2a: Rabsca\n|-fieldstart|move: Trick Room|[of] p2a: Rabsca\n|\n|-damage|p2a: Rabsca|63\/100|[from] Leech Seed|[of] p1a: Ogerpon\n|upkeep\n|turn|25\n|\n|t:|1701036934\n|switch|p2a: Flutter Mane|Flutter Mane, shiny|50\/100\n|move|p1a: Ogerpon|Substitute|p1a: Ogerpon\n|-fail|p1a: Ogerpon|move: Substitute\n|\n|upkeep\n|turn|26\n|\n|t:|1701036940\n|move|p1a: Ogerpon|Leech Seed|p2a: Flutter Mane\n|-start|p2a: Flutter Mane|move: Leech Seed\n|move|p2a: Flutter Mane|Shadow Ball|p1a: Ogerpon\n|-crit|p1a: Ogerpon\n|-end|p1a: Ogerpon|Substitute\n|\n|-damage|p2a: Flutter Mane|38\/100|[from] Leech Seed|[of] p1a: Ogerpon\n|upkeep\n|turn|27\n|\n|t:|1701036946\n|move|p1a: Ogerpon|Substitute|p1a: Ogerpon\n|-start|p1a: Ogerpon|Substitute\n|-damage|p1a: Ogerpon|76\/100\n|move|p2a: Flutter Mane|Shadow Ball|p1a: Ogerpon\n|-end|p1a: Ogerpon|Substitute\n|\n|-heal|p1a: Ogerpon|82\/100|[from] item: Leftovers\n|-damage|p2a: Flutter Mane|26\/100|[from] Leech Seed|[of] p1a: Ogerpon\n|-heal|p1a: Ogerpon|90\/100|[silent]\n|upkeep\n|turn|28\n|\n|t:|1701036957\n|move|p1a: Ogerpon|Substitute|p1a: Ogerpon\n|-start|p1a: Ogerpon|Substitute\n|-damage|p1a: Ogerpon|66\/100\n|move|p2a: Flutter Mane|Shadow Ball|p1a: Ogerpon\n|-end|p1a: Ogerpon|Substitute\n|\n|-heal|p1a: Ogerpon|72\/100|[from] item: Leftovers\n|-damage|p2a: Flutter Mane|14\/100|[from] Leech Seed|[of] p1a: Ogerpon\n|-heal|p1a: Ogerpon|80\/100|[silent]\n|-fieldend|move: Trick Room\n|upkeep\n|turn|29\n|\n|t:|1701036965\n|move|p2a: Flutter Mane|Moonblast|p1a: Ogerpon\n|-damage|p1a: Ogerpon|33\/100\n|-unboost|p1a: Ogerpon|spa|1\n|-ability|p1a: Ogerpon|Defiant|boost\n|-boost|p1a: Ogerpon|atk|2\n|move|p1a: Ogerpon|Substitute|p1a: Ogerpon\n|-start|p1a: Ogerpon|Substitute\n|-damage|p1a: Ogerpon|8\/100\n|\n|-heal|p1a: Ogerpon|14\/100|[from] item: Leftovers\n|-damage|p2a: Flutter Mane|1\/100|[from] Leech Seed|[of] p1a: Ogerpon\n|-heal|p1a: Ogerpon|23\/100|[silent]\n|upkeep\n|turn|30\n|\n|t:|1701036971\n|move|p1a: Ogerpon|Spiky Shield|p1a: Ogerpon\n|-singleturn|p1a: Ogerpon|move: Protect\n|move|p2a: Flutter Mane|Moonblast|p1a: Ogerpon\n|-activate|p1a: Ogerpon|move: Protect\n|\n|-heal|p1a: Ogerpon|29\/100|[from] item: Leftovers\n|-damage|p2a: Flutter Mane|0 fnt|[from] Leech Seed|[of] p1a: Ogerpon\n|-heal|p1a: Ogerpon|29\/100|[silent]\n|faint|p2a: Flutter Mane\n|-end|p2a: Flutter Mane|Protosynthesis|[silent]\n|upkeep\n|\n|t:|1701036974\n|switch|p2a: Maushold|Maushold-Four|50\/100\n|turn|31\n|\n|t:|1701036979\n|move|p2a: Maushold|Encore|p1a: Ogerpon\n|-start|p1a: Ogerpon|Encore\n|move|p1a: Ogerpon|Spiky Shield||[still]\n|-fail|p1a: Ogerpon\n|\n|-heal|p1a: Ogerpon|35\/100|[from] item: Leftovers\n|upkeep\n|turn|32\n|\n|t:|1701036987\n|switch|p2a: SSSReplacement|Garganacl, F, shiny|100\/100\n|move|p1a: Ogerpon|Spiky Shield||[still]\n|-fail|p1a: Ogerpon\n|\n|-heal|p1a: Ogerpon|42\/100|[from] item: Leftovers\n|upkeep\n|turn|33\n|\n|t:|1701036990\n|move|p1a: Ogerpon|Spiky Shield|p1a: Ogerpon\n|-singleturn|p1a: Ogerpon|move: Protect\n|move|p2a: SSSReplacement|Body Press|p1a: Ogerpon\n|-activate|p1a: Ogerpon|move: Protect\n|-damage|p2a: SSSReplacement|88\/100|[from] Spiky Shield|[of] p1a: Ogerpon\n|\n|-heal|p1a: Ogerpon|48\/100|[from] item: Leftovers\n|-heal|p2a: SSSReplacement|94\/100|[from] item: Leftovers\n|-end|p1a: Ogerpon|Encore\n|upkeep\n|turn|34\n|\n|t:|1701036997\n|move|p1a: Ogerpon|Leech Seed|p2a: SSSReplacement\n|-start|p2a: SSSReplacement|move: Leech Seed\n|move|p2a: SSSReplacement|Body Press|p1a: Ogerpon\n|-activate|p1a: Ogerpon|move: Substitute|[damage]\n|\n|-heal|p1a: Ogerpon|54\/100|[from] item: Leftovers\n|-heal|p2a: SSSReplacement|100\/100|[from] item: Leftovers\n|-damage|p2a: SSSReplacement|88\/100|[from] Leech Seed|[of] p1a: Ogerpon\n|-heal|p1a: Ogerpon|67\/100|[silent]\n|upkeep\n|turn|35\n|\n|t:|1701037008\n|switch|p2a: Rabsca|Rabsca, M, shiny|63\/100\n|move|p1a: Ogerpon|Substitute|p1a: Ogerpon\n|-fail|p1a: Ogerpon|move: Substitute\n|\n|-heal|p1a: Ogerpon|74\/100|[from] item: Leftovers\n|upkeep\n|turn|36\n|\n|t:|1701037011\n|switch|p2a: SSSReplacement|Garganacl, F, shiny|88\/100\n|move|p1a: Ogerpon|Leech Seed|p2a: SSSReplacement\n|-start|p2a: SSSReplacement|move: Leech Seed\n|\n|-heal|p1a: Ogerpon|80\/100|[from] item: Leftovers\n|-heal|p2a: SSSReplacement|94\/100|[from] item: Leftovers\n|-damage|p2a: SSSReplacement|82\/100|[from] Leech Seed|[of] p1a: Ogerpon\n|-heal|p1a: Ogerpon|93\/100|[silent]\n|upkeep\n|turn|37\n|\n|t:|1701037017\n|switch|p2a: Rabsca|Rabsca, M, shiny|63\/100\n|move|p1a: Ogerpon|Synthesis|p1a: Ogerpon\n|-heal|p1a: Ogerpon|100\/100\n|\n|upkeep\n|turn|38\n|\n|t:|1701037023\n|switch|p2a: SSSReplacement|Garganacl, F, shiny|82\/100\n|move|p1a: Ogerpon|Synthesis|p1a: Ogerpon\n|-fail|p1a: Ogerpon|heal\n|\n|-heal|p2a: SSSReplacement|88\/100|[from] item: Leftovers\n|upkeep\n|turn|39\n|\n|t:|1701037026\n|switch|p2a: Rabsca|Rabsca, M, shiny|63\/100\n|move|p1a: Ogerpon|Leech Seed|p2a: Rabsca\n|-start|p2a: Rabsca|move: Leech Seed\n|\n|-damage|p2a: Rabsca|51\/100|[from] Leech Seed|[of] p1a: Ogerpon\n|upkeep\n|turn|40\n|\n|t:|1701037029\n|move|p1a: Ogerpon|Leech Seed||[still]\n|-fail|p1a: Ogerpon\n|move|p2a: Rabsca|Recover|p2a: Rabsca\n|-heal|p2a: Rabsca|100\/100\n|\n|-damage|p2a: Rabsca|88\/100|[from] Leech Seed|[of] p1a: Ogerpon\n|upkeep\n|turn|41\n|-message|Squidka1 forfeited.\n|\n|win|Mr Lakewood\n|raw|Squidka1's rating: 1118 &rarr; <strong>1091<\/strong><br \/>(-27 for losing)\n|raw|Mr Lakewood's rating: 1085 &rarr; <strong>1115<\/strong><br \/>(+30 for winning)\n|l|\u2606Squidka1\n","uploadtime":1701037045,"views":2,"p1id":"squidka1","p2id":"mrlakewood","formatid":"gen9anythinggoes","rating":1091,"private":0,"password":""}