{"id":"gen9anythinggoes-2000346035","p1":"Oranj_Juce","p2":"BellsproutFan08","format":"[Gen 9] Anything Goes","log":"|j|\u2606Oranj_Juce\n|j|\u2606BellsproutFan08\n|t:|1701186953\n|gametype|singles\n|player|p1|Oranj_Juce|buck|1195\n|player|p2|BellsproutFan08|scientist|1170\n|teamsize|p1|6\n|teamsize|p2|6\n|gen|9\n|tier|[Gen 9] Anything Goes\n|rated|\n|rule|HP Percentage Mod: HP is shown in percentages\n|rule|Endless Battle Clause: Forcing endless battles is banned\n|clearpoke\n|poke|p1|Drifblim, F|\n|poke|p1|Urshifu-*, M|\n|poke|p1|Sneasler, M|\n|poke|p1|Samurott-Hisui, F|\n|poke|p1|Maushold-Four|\n|poke|p1|Decidueye-Hisui, M|\n|poke|p2|Drifblim, M|\n|poke|p2|Bellsprout, M|\n|poke|p2|Drifblim, M|\n|poke|p2|Jirachi|\n|poke|p2|Calyrex-Ice|\n|poke|p2|Groudon|\n|teampreview\n|\n|t:|1701186955\n|start\n|switch|p1a: go ahead hit me|Drifblim, F, shiny|100\/100\n|switch|p2a: Krillin|Drifblim, M|100\/100\n|turn|1\n|\n|t:|1701186964\n|move|p2a: Krillin|Minimize|p2a: Krillin\n|-boost|p2a: Krillin|evasion|2\n|move|p1a: go ahead hit me|Minimize|p1a: go ahead hit me\n|-boost|p1a: go ahead hit me|evasion|2\n|\n|upkeep\n|turn|2\n|\n|t:|1701186966\n|move|p2a: Krillin|Minimize|p2a: Krillin\n|-boost|p2a: Krillin|evasion|2\n|move|p1a: go ahead hit me|Minimize|p1a: go ahead hit me\n|-boost|p1a: go ahead hit me|evasion|2\n|\n|upkeep\n|turn|3\n|\n|t:|1701186968\n|move|p2a: Krillin|Minimize|p2a: Krillin\n|-boost|p2a: Krillin|evasion|2\n|move|p1a: go ahead hit me|Minimize|p1a: go ahead hit me\n|-boost|p1a: go ahead hit me|evasion|2\n|\n|upkeep\n|turn|4\n|\n|t:|1701186971\n|move|p2a: Krillin|Stockpile|p2a: Krillin\n|-start|p2a: Krillin|stockpile1\n|-boost|p2a: Krillin|def|1\n|-boost|p2a: Krillin|spd|1\n|move|p1a: go ahead hit me|Clear Smog|p2a: Krillin\n|-resisted|p2a: Krillin\n|-damage|p2a: Krillin|97\/100\n|-clearboost|p2a: Krillin\n|\n|upkeep\n|turn|5\n|\n|t:|1701186978\n|move|p2a: Krillin|Thunder Wave|p1a: go ahead hit me|[miss]\n|-miss|p2a: Krillin|p1a: go ahead hit me\n|move|p1a: go ahead hit me|Shadow Ball|p2a: Krillin\n|-supereffective|p2a: Krillin\n|-damage|p2a: Krillin|37\/100\n|\n|upkeep\n|turn|6\n|\n|t:|1701186982\n|move|p2a: Krillin|Baton Pass|p2a: Krillin\n|\n|t:|1701186987\n|switch|p2a: Vegeta|Groudon, shiny|100\/100|[from] Baton Pass\n|-weather|SunnyDay|[from] ability: Drought|[of] p2a: Vegeta\n|move|p1a: go ahead hit me|Shadow Ball|p2a: Vegeta\n|-damage|p2a: Vegeta|74\/100\n|\n|-weather|SunnyDay|[upkeep]\n|upkeep\n|turn|7\n|\n|t:|1701186992\n|move|p1a: go ahead hit me|Baton Pass|p1a: go ahead hit me\n|\n|t:|1701186995\n|switch|p1a: clean-up crew|Maushold-Four|100\/100|[from] Baton Pass\n|move|p2a: Vegeta|Fissure|p1a: clean-up crew|[miss]\n|-miss|p2a: Vegeta|p1a: clean-up crew\n|\n|-weather|SunnyDay|[upkeep]\n|upkeep\n|turn|8\n|\n|t:|1701187003\n|move|p2a: Vegeta|Protect|p2a: Vegeta\n|-singleturn|p2a: Vegeta|Protect\n|move|p1a: clean-up crew|Tidy Up|p1a: clean-up crew\n|-boost|p1a: clean-up crew|atk|1\n|-boost|p1a: clean-up crew|spe|1\n|\n|-weather|SunnyDay|[upkeep]\n|upkeep\n|turn|9\n|\n|t:|1701187007\n|move|p1a: clean-up crew|Baton Pass|p1a: clean-up crew\n|\n|t:|1701187008\n|switch|p1a: samurai|Samurott-Hisui, F, shiny|100\/100|[from] Baton Pass\n|move|p2a: Vegeta|Fissure|p1a: samurai\n|-damage|p1a: samurai|0 fnt\n|faint|p1a: samurai\n|-ohko\n|\n|-weather|SunnyDay|[upkeep]\n|upkeep\n|-message|Oranj_Juce forfeited.\n|\n|win|BellsproutFan08\n|raw|Oranj_Juce's rating: 1195 &rarr; <strong>1168<\/strong><br \/>(-27 for losing)\n|raw|BellsproutFan08's rating: 1170 &rarr; <strong>1197<\/strong><br \/>(+27 for winning)\n|l|\u2606Oranj_Juce\n","uploadtime":1701187026,"views":6,"p1id":"oranjjuce","p2id":"bellsproutfan08","formatid":"gen9anythinggoes","rating":1168,"private":0,"password":""}