{"id":"gen9anythinggoes-1975516568","p1":"lkjbwfalks","p2":"Leo Mate","format":"[Gen 9] Anything Goes","log":"|j|\u2606lkjbwfalks\n|j|\u2606Leo Mate\n|t:|1698199800\n|gametype|singles\n|player|p1|lkjbwfalks|hiker-gen4|1020\n|player|p2|Leo Mate|lady|1082\n|teamsize|p1|6\n|teamsize|p2|2\n|gen|9\n|tier|[Gen 9] Anything Goes\n|rated|\n|rule|HP Percentage Mod: HP is shown in percentages\n|rule|Endless Battle Clause: Forcing endless battles is banned\n|clearpoke\n|poke|p1|Noivern, M|\n|poke|p1|Clodsire, M|\n|poke|p1|Delphox, F|\n|poke|p1|Kleavor, M|\n|poke|p1|Magnezone|\n|poke|p1|Mimikyu, M|\n|poke|p2|Ogerpon-Hearthflame, F|\n|poke|p2|Ninetales, M|\n|teampreview\n|inactive|Battle timer is ON: inactive players will automatically lose when time's up. (requested by Leo Mate)\n|\n|t:|1698199823\n|start\n|switch|p1a: Clodsire|Clodsire, M|100\/100\n|switch|p2a: Ninetales|Ninetales, M|100\/100\n|-weather|SunnyDay|[from] ability: Drought|[of] p2a: Ninetales\n|turn|1\n|\n|t:|1698199835\n|move|p2a: Ninetales|Will-O-Wisp|p1a: Clodsire|[miss]\n|-miss|p2a: Ninetales|p1a: Clodsire\n|move|p1a: Clodsire|Gunk Shot|p2a: Ninetales\n|-damage|p2a: Ninetales|60\/100\n|\n|-weather|SunnyDay|[upkeep]\n|upkeep\n|turn|2\n|\n|t:|1698199841\n|move|p2a: Ninetales|Will-O-Wisp|p1a: Clodsire\n|-status|p1a: Clodsire|brn\n|move|p1a: Clodsire|Hydro Pump|p2a: Ninetales\n|-supereffective|p2a: Ninetales\n|-damage|p2a: Ninetales|47\/100\n|\n|-weather|SunnyDay|[upkeep]\n|-damage|p1a: Clodsire|94\/100 brn|[from] brn\n|upkeep\n|turn|3\n|\n|t:|1698199857\n|move|p2a: Ninetales|Memento|p1a: Clodsire\n|-unboost|p1a: Clodsire|atk|2\n|-unboost|p1a: Clodsire|spa|2\n|faint|p2a: Ninetales\n|move|p1a: Clodsire|Toxic|p2: Ninetales|[notarget]\n|-fail|p1a: Clodsire\n|\n|-weather|SunnyDay|[upkeep]\n|-heal|p1a: Clodsire|100\/100 brn|[from] item: Black Sludge\n|-damage|p1a: Clodsire|94\/100 brn|[from] brn\n|upkeep\n|\n|t:|1698199862\n|switch|p2a: Ogerpon|Ogerpon-Hearthflame, F|100\/100\n|-ability|p2a: Ogerpon|Mold Breaker\n|turn|4\n|\n|t:|1698199879\n|move|p2a: Ogerpon|Swords Dance|p2a: Ogerpon\n|-boost|p2a: Ogerpon|atk|2\n|move|p1a: Clodsire|Gunk Shot|p2a: Ogerpon|[miss]\n|-miss|p1a: Clodsire|p2a: Ogerpon\n|\n|-weather|SunnyDay|[upkeep]\n|-heal|p1a: Clodsire|100\/100 brn|[from] item: Black Sludge\n|-damage|p1a: Clodsire|94\/100 brn|[from] brn\n|upkeep\n|turn|5\n|\n|t:|1698199894\n|switch|p1a: Mimikyu|Mimikyu, M|100\/100\n|move|p2a: Ogerpon|Horn Leech|p1a: Mimikyu\n|-damage|p1a: Mimikyu|0 fnt\n|faint|p1a: Mimikyu\n|\n|-weather|SunnyDay|[upkeep]\n|upkeep\n|\n|t:|1698199908\n|switch|p1a: Noivern|Noivern, M|100\/100\n|turn|6\n|inactive|lkjbwfalks has 120 seconds left.\n|\n|t:|1698199926\n|move|p2a: Ogerpon|Spiky Shield|p2a: Ogerpon\n|-singleturn|p2a: Ogerpon|move: Protect\n|move|p1a: Noivern|Boomburst|p2a: Ogerpon\n|-activate|p2a: Ogerpon|move: Protect\n|\n|-weather|SunnyDay|[upkeep]\n|upkeep\n|turn|7\n|\n|t:|1698199940\n|switch|p1a: Kleavor|Kleavor, M|100\/100\n|-terastallize|p2a: Ogerpon|Fire\n|detailschange|p2a: Ogerpon|Ogerpon-Hearthflame-Tera, F, tera:Fire\n|-ability|p2a: Ogerpon|Embody Aspect (Hearthflame)|boost\n|-boost|p2a: Ogerpon|atk|1\n|move|p2a: Ogerpon|Ivy Cudgel|p1a: Kleavor\n|-damage|p1a: Kleavor|0 fnt\n|faint|p1a: Kleavor\n|\n|-weather|SunnyDay|[upkeep]\n|upkeep\n|inactive|lkjbwfalks has 120 seconds left.\n|\n|t:|1698199954\n|switch|p1a: Delphox|Delphox, F|100\/100\n|turn|8\n|inactive|lkjbwfalks has 120 seconds left.\n|\n|t:|1698199964\n|move|p2a: Ogerpon|Ivy Cudgel|p1a: Delphox\n|-resisted|p1a: Delphox\n|-damage|p1a: Delphox|0 fnt\n|faint|p1a: Delphox\n|\n|-weather|none\n|upkeep\n|inactive|lkjbwfalks has 120 seconds left.\n|\n|t:|1698199971\n|switch|p1a: Magnezone|Magnezone|100\/100\n|turn|9\n|\n|t:|1698199981\n|move|p2a: Ogerpon|Ivy Cudgel|p1a: Magnezone\n|-supereffective|p1a: Magnezone\n|-damage|p1a: Magnezone|0 fnt\n|faint|p1a: Magnezone\n|\n|upkeep\n|\n|t:|1698199986\n|switch|p1a: Noivern|Noivern, M|100\/100\n|turn|10\n|\n|t:|1698199998\n|move|p1a: Noivern|Boomburst|p2a: Ogerpon\n|-damage|p2a: Ogerpon|51\/100\n|move|p2a: Ogerpon|Ivy Cudgel|p1a: Noivern\n|-resisted|p1a: Noivern\n|-damage|p1a: Noivern|0 fnt\n|faint|p1a: Noivern\n|\n|upkeep\n|\n|t:|1698200006\n|switch|p1a: Clodsire|Clodsire, M|94\/100 brn\n|turn|11\n|\n|t:|1698200014\n|move|p2a: Ogerpon|Horn Leech|p1a: Clodsire\n|-damage|p1a: Clodsire|0 fnt\n|-heal|p2a: Ogerpon|100\/100|[from] drain|[of] p1a: Clodsire\n|faint|p1a: Clodsire\n|\n|win|Leo Mate\n|raw|lkjbwfalks's rating: 1020 &rarr; <strong>1009<\/strong><br \/>(-11 for losing)\n|raw|Leo Mate's rating: 1082 &rarr; <strong>1105<\/strong><br \/>(+23 for winning)\n|l|\u2606lkjbwfalks\n","uploadtime":1698200043,"views":9,"p1id":"lkjbwfalks","p2id":"leomate","formatid":"gen9anythinggoes","rating":1009,"private":0,"password":""}