{"id":"gen9anythinggoes-1974014895","p1":"fletchermed","p2":"PokeMarcus0284","format":"[Gen 9] Anything Goes","log":"|j|\u2606fletchermed\n|j|\u2606PokeMarcus0284\n|t:|1698042092\n|gametype|singles\n|player|p1|fletchermed|maid|1114\n|player|p2|PokeMarcus0284|cynthia|1048\n|teamsize|p1|6\n|teamsize|p2|6\n|gen|9\n|tier|[Gen 9] Anything Goes\n|rated|\n|rule|HP Percentage Mod: HP is shown in percentages\n|rule|Endless Battle Clause: Forcing endless battles is banned\n|clearpoke\n|poke|p1|Maushold-Four|\n|poke|p1|Gholdengo|\n|poke|p1|Alomomola, F|\n|poke|p1|Ogerpon-Hearthflame, F|\n|poke|p1|Sylveon, F|\n|poke|p1|Zamazenta-*|\n|poke|p2|Greninja-*, F|\n|poke|p2|Salamence, M|\n|poke|p2|Cinderace, F|\n|poke|p2|Gliscor, M|\n|poke|p2|Zacian-*|\n|poke|p2|Sneasler, F|\n|teampreview\n|inactive|Battle timer is ON: inactive players will automatically lose when time's up. (requested by PokeMarcus0284)\n|\n|t:|1698042105\n|start\n|switch|p1a: Zamazenta|Zamazenta-Crowned|100\/100\n|switch|p2a: DEATH|Salamence, M, shiny|100\/100\n|-ability|p1a: Zamazenta|Dauntless Shield|boost\n|-boost|p1a: Zamazenta|def|1\n|turn|1\n|inactive|fletchermed has 120 seconds left.\n|\n|t:|1698042139\n|-terastallize|p2a: DEATH|Steel\n|move|p2a: DEATH|Dragon Dance|p2a: DEATH\n|-boost|p2a: DEATH|atk|1\n|-boost|p2a: DEATH|spe|1\n|move|p1a: Zamazenta|Iron Defense|p1a: Zamazenta\n|-boost|p1a: Zamazenta|def|2\n|\n|upkeep\n|turn|2\n|inactive|fletchermed has 120 seconds left.\n|\n|t:|1698042154\n|move|p2a: DEATH|Earthquake|p1a: Zamazenta\n|-supereffective|p1a: Zamazenta\n|-damage|p1a: Zamazenta|69\/100\n|move|p1a: Zamazenta|Body Press|p2a: DEATH\n|-supereffective|p2a: DEATH\n|-damage|p2a: DEATH|0 fnt\n|faint|p2a: DEATH\n|\n|upkeep\n|\n|t:|1698042163\n|switch|p2a: Fundy|Cinderace, F|100\/100\n|turn|3\n|\n|t:|1698042166\n|move|p2a: Fundy|Pyro Ball|p1a: Zamazenta\n|-supereffective|p1a: Zamazenta\n|-damage|p1a: Zamazenta|39\/100\n|move|p1a: Zamazenta|Substitute|p1a: Zamazenta\n|-start|p1a: Zamazenta|Substitute\n|-damage|p1a: Zamazenta|14\/100\n|\n|upkeep\n|turn|4\n|\n|t:|1698042171\n|move|p2a: Fundy|Bulk Up|p2a: Fundy\n|-start|p2a: Fundy|typechange|Fighting|[from] ability: Libero\n|-boost|p2a: Fundy|atk|1\n|-boost|p2a: Fundy|def|1\n|move|p1a: Zamazenta|Rest|p1a: Zamazenta\n|-status|p1a: Zamazenta|slp|[from] move: Rest\n|-heal|p1a: Zamazenta|100\/100 slp|[silent]\n|\n|upkeep\n|turn|5\n|\n|t:|1698042176\n|move|p2a: Fundy|Flame Charge|p1a: Zamazenta\n|-supereffective|p1a: Zamazenta\n|-activate|p1a: Zamazenta|move: Substitute|[damage]\n|-boost|p2a: Fundy|spe|1\n|cant|p1a: Zamazenta|slp\n|\n|upkeep\n|turn|6\n|\n|t:|1698042179\n|move|p2a: Fundy|Flame Charge|p1a: Zamazenta\n|-supereffective|p1a: Zamazenta\n|-end|p1a: Zamazenta|Substitute\n|-boost|p2a: Fundy|spe|1\n|cant|p1a: Zamazenta|slp\n|\n|upkeep\n|turn|7\n|\n|t:|1698042182\n|move|p2a: Fundy|Flare Blitz|p1a: Zamazenta\n|-supereffective|p1a: Zamazenta\n|-damage|p1a: Zamazenta|70\/100 slp\n|-damage|p2a: Fundy|90\/100|[from] Recoil\n|-curestatus|p1a: Zamazenta|slp|[msg]\n|move|p1a: Zamazenta|Iron Defense|p1a: Zamazenta\n|-boost|p1a: Zamazenta|def|2\n|\n|upkeep\n|turn|8\n|\n|t:|1698042184\n|move|p2a: Fundy|Pyro Ball|p1a: Zamazenta\n|-supereffective|p1a: Zamazenta\n|-damage|p1a: Zamazenta|46\/100\n|-status|p1a: Zamazenta|brn\n|move|p1a: Zamazenta|Iron Defense|p1a: Zamazenta\n|-boost|p1a: Zamazenta|def|1\n|\n|-damage|p1a: Zamazenta|40\/100 brn|[from] brn\n|upkeep\n|turn|9\n|\n|t:|1698042187\n|move|p2a: Fundy|Pyro Ball|p1a: Zamazenta|[miss]\n|-miss|p2a: Fundy|p1a: Zamazenta\n|move|p1a: Zamazenta|Rest|p1a: Zamazenta\n|-status|p1a: Zamazenta|slp|[from] move: Rest\n|-heal|p1a: Zamazenta|100\/100 slp|[silent]\n|\n|upkeep\n|turn|10\n|\n|t:|1698042191\n|move|p2a: Fundy|Pyro Ball|p1a: Zamazenta|[miss]\n|-miss|p2a: Fundy|p1a: Zamazenta\n|cant|p1a: Zamazenta|slp\n|\n|upkeep\n|turn|11\n|\n|t:|1698042193\n|move|p2a: Fundy|Pyro Ball|p1a: Zamazenta\n|-supereffective|p1a: Zamazenta\n|-damage|p1a: Zamazenta|83\/100 slp\n|cant|p1a: Zamazenta|slp\n|\n|upkeep\n|turn|12\n|\n|t:|1698042195\n|move|p2a: Fundy|Pyro Ball|p1a: Zamazenta\n|-supereffective|p1a: Zamazenta\n|-damage|p1a: Zamazenta|64\/100 slp\n|-curestatus|p1a: Zamazenta|slp|[msg]\n|move|p1a: Zamazenta|Body Press|p2a: Fundy\n|-damage|p2a: Fundy|0 fnt\n|faint|p2a: Fundy\n|\n|upkeep\n|\n|t:|1698042201\n|switch|p2a: Fav shiny|Gliscor, M, shiny|100\/100\n|turn|13\n|\n|t:|1698042206\n|move|p1a: Zamazenta|Body Press|p2a: Fav shiny\n|-resisted|p2a: Fav shiny\n|-damage|p2a: Fav shiny|0 fnt\n|faint|p2a: Fav shiny\n|\n|upkeep\n|\n|t:|1698042209\n|switch|p2a: Emo Gurl|Sneasler, F|100\/100\n|turn|14\n|\n|t:|1698042213\n|move|p2a: Emo Gurl|Close Combat|p1a: Zamazenta\n|-supereffective|p1a: Zamazenta\n|-damage|p1a: Zamazenta|45\/100\n|-unboost|p2a: Emo Gurl|def|1\n|-unboost|p2a: Emo Gurl|spd|1\n|move|p1a: Zamazenta|Body Press|p2a: Emo Gurl\n|-resisted|p2a: Emo Gurl\n|-damage|p2a: Emo Gurl|0 fnt\n|faint|p2a: Emo Gurl\n|\n|upkeep\n|\n|t:|1698042216\n|switch|p2a: Zacian|Zacian-Crowned, shiny|100\/100\n|-ability|p2a: Zacian|Intrepid Sword|boost\n|-boost|p2a: Zacian|atk|1\n|turn|15\n|\n|t:|1698042221\n|move|p2a: Zacian|Close Combat|p1a: Zamazenta\n|-supereffective|p1a: Zamazenta\n|-damage|p1a: Zamazenta|22\/100\n|-unboost|p2a: Zacian|def|1\n|-unboost|p2a: Zacian|spd|1\n|move|p1a: Zamazenta|Body Press|p2a: Zacian\n|-damage|p2a: Zacian|0 fnt\n|faint|p2a: Zacian\n|\n|upkeep\n|\n|t:|1698042224\n|switch|p2a: Frog|Greninja, F, shiny|100\/100\n|turn|16\n|\n|t:|1698042226\n|move|p2a: Frog|Surf|p1a: Zamazenta\n|-start|p2a: Frog|typechange|Water|[from] ability: Protean\n|-damage|p1a: Zamazenta|0 fnt\n|faint|p1a: Zamazenta\n|\n|upkeep\n|\n|t:|1698042234\n|switch|p1a: Ogerpon|Ogerpon-Hearthflame, F|100\/100\n|-ability|p1a: Ogerpon|Mold Breaker\n|turn|17\n|\n|t:|1698042237\n|move|p2a: Frog|Surf|p1a: Ogerpon\n|-damage|p1a: Ogerpon|49\/100\n|move|p1a: Ogerpon|Horn Leech|p2a: Frog\n|-supereffective|p2a: Frog\n|-crit|p2a: Frog\n|-damage|p2a: Frog|0 fnt\n|-heal|p1a: Ogerpon|96\/100|[from] drain|[of] p2a: Frog\n|faint|p2a: Frog\n|\n|win|fletchermed\n|raw|fletchermed's rating: 1114 &rarr; <strong>1134<\/strong><br \/>(+20 for winning)\n|raw|PokeMarcus0284's rating: 1048 &rarr; <strong>1034<\/strong><br \/>(-14 for losing)\n","uploadtime":1698042241,"views":12,"p1id":"fletchermed","p2id":"pokemarcus0284","formatid":"gen9anythinggoes","rating":1034,"private":0,"password":""}