{"id":"gen9anythinggoes-1977223165","p1":"YouAreAPoopyFace","p2":"AGisgood\u82cd\u54cd\u4fa0","format":"[Gen 9] Anything Goes","log":"|j|\u2606YouAreAPoopyFace\n|j|\u2606AGisgood\u82cd\u54cd\u4fa0\n|t:|1698389375\n|gametype|singles\n|player|p1|YouAreAPoopyFace|cynthia|1575\n|player|p2|AGisgood\u82cd\u54cd\u4fa0|cynthia-gen4|1639\n|teamsize|p1|6\n|teamsize|p2|6\n|gen|9\n|tier|[Gen 9] Anything Goes\n|rated|\n|rule|HP Percentage Mod: HP is shown in percentages\n|rule|Endless Battle Clause: Forcing endless battles is banned\n|clearpoke\n|poke|p1|Giratina-Origin|\n|poke|p1|Calyrex-Shadow|\n|poke|p1|Koraidon|\n|poke|p1|Miraidon|\n|poke|p1|Zacian-*|\n|poke|p1|Volcarona, F|\n|poke|p2|Calyrex-Shadow|\n|poke|p2|Miraidon|\n|poke|p2|Arceus|\n|poke|p2|Zacian-*|\n|poke|p2|Koraidon|\n|poke|p2|Arceus-Ground|\n|teampreview\n|inactive|Battle timer is ON: inactive players will automatically lose when time's up. (requested by YouAreAPoopyFace)\n|inactive|AGisgood\u82cd\u54cd\u4fa0 also wants the timer to be on.\n|\n|t:|1698389384\n|start\n|switch|p1a: Koraidon|Koraidon|100\/100\n|switch|p2a: Koraidon|Koraidon|100\/100\n|-weather|SunnyDay|[from] ability: Orichalcum Pulse|[of] p1a: Koraidon\n|-activate|p1a: Koraidon|Orichalcum Pulse|[source]\n|-activate|p2a: Koraidon|ability: Orichalcum Pulse\n|turn|1\n|\n|t:|1698389398\n|move|p1a: Koraidon|U-turn|p2a: Koraidon\n|-resisted|p2a: Koraidon\n|-damage|p2a: Koraidon|85\/100\n|\n|t:|1698389401\n|switch|p1a: Volcarona|Volcarona, F, shiny|100\/100|[from] U-turn\n|move|p2a: Koraidon|Scale Shot|p1a: Volcarona\n|-damage|p1a: Volcarona|73\/100\n|-damage|p1a: Volcarona|43\/100\n|-damage|p1a: Volcarona|16\/100\n|-damage|p1a: Volcarona|0 fnt\n|faint|p1a: Volcarona\n|-hitcount|p1: Volcarona|4\n|-unboost|p2a: Koraidon|def|1\n|-boost|p2a: Koraidon|spe|1\n|\n|-weather|SunnyDay|[upkeep]\n|upkeep\n|\n|t:|1698389415\n|switch|p1a: Giratina|Giratina-Origin, shiny|100\/100\n|turn|2\n|\n|t:|1698389420\n|-terastallize|p1a: Giratina|Steel\n|move|p2a: Koraidon|Scale Shot|p1a: Giratina\n|-resisted|p1a: Giratina\n|-crit|p1a: Giratina\n|-damage|p1a: Giratina|91\/100\n|-resisted|p1a: Giratina\n|-damage|p1a: Giratina|85\/100\n|-resisted|p1a: Giratina\n|-damage|p1a: Giratina|79\/100\n|-resisted|p1a: Giratina\n|-damage|p1a: Giratina|73\/100\n|-hitcount|p1a: Giratina|4\n|-unboost|p2a: Koraidon|def|1\n|-boost|p2a: Koraidon|spe|1\n|move|p1a: Giratina|Draco Meteor|p2a: Koraidon\n|-supereffective|p2a: Koraidon\n|-damage|p2a: Koraidon|0 fnt\n|-unboost|p1a: Giratina|spa|2\n|faint|p2a: Koraidon\n|\n|-weather|SunnyDay|[upkeep]\n|upkeep\n|\n|t:|1698389429\n|switch|p2a: Miraidon|Miraidon|100\/100\n|-fieldstart|move: Electric Terrain|[from] ability: Hadron Engine|[of] p2a: Miraidon\n|turn|3\n|\n|t:|1698389440\n|move|p2a: Miraidon|Electro Drift|p1a: Giratina\n|-damage|p1a: Giratina|0 fnt\n|faint|p1a: Giratina\n|\n|-weather|SunnyDay|[upkeep]\n|upkeep\n|\n|t:|1698389448\n|switch|p1a: Zacian|Zacian-Crowned, shiny|100\/100\n|-ability|p1a: Zacian|Intrepid Sword|boost\n|-boost|p1a: Zacian|atk|1\n|turn|4\n|\n|t:|1698389456\n|switch|p2a: Arceus|Arceus-Ground|100\/100\n|move|p1a: Zacian|Play Rough|p2a: Arceus\n|-damage|p2a: Arceus|48\/100\n|\n|-weather|SunnyDay|[upkeep]\n|upkeep\n|turn|5\n|\n|t:|1698389462\n|move|p1a: Zacian|Play Rough|p2a: Arceus\n|-damage|p2a: Arceus|0 fnt\n|faint|p2a: Arceus\n|\n|-weather|none\n|upkeep\n|\n|t:|1698389467\n|switch|p2a: Zacian|Zacian-Crowned|100\/100\n|-ability|p2a: Zacian|Intrepid Sword|boost\n|-boost|p2a: Zacian|atk|1\n|turn|6\n|\n|t:|1698389473\n|move|p2a: Zacian|Behemoth Blade|p1a: Zacian\n|-damage|p1a: Zacian|19\/100\n|move|p1a: Zacian|Behemoth Blade|p2a: Zacian\n|-damage|p2a: Zacian|14\/100\n|\n|upkeep\n|turn|7\n|\n|t:|1698389483\n|move|p2a: Zacian|Behemoth Blade|p1a: Zacian\n|-damage|p1a: Zacian|0 fnt\n|faint|p1a: Zacian\n|\n|-fieldend|move: Electric Terrain\n|upkeep\n|\n|t:|1698389490\n|switch|p1a: Calyrex|Calyrex-Shadow|100\/100\n|-ability|p1a: Calyrex|As One\n|-ability|p1a: Calyrex|Unnerve\n|turn|8\n|\n|t:|1698389495\n|switch|p2a: Arceus|Arceus|100\/100\n|move|p1a: Calyrex|Psyshock|p2a: Arceus\n|-damage|p2a: Arceus|66\/100\n|\n|upkeep\n|turn|9\n|\n|t:|1698389502\n|switch|p1a: Koraidon|Koraidon|100\/100\n|-weather|SunnyDay|[from] ability: Orichalcum Pulse|[of] p1a: Koraidon\n|-activate|p1a: Koraidon|Orichalcum Pulse|[source]\n|move|p2a: Arceus|Shadow Claw|p1a: Koraidon\n|-damage|p1a: Koraidon|79\/100\n|\n|-weather|SunnyDay|[upkeep]\n|upkeep\n|turn|10\n|\n|t:|1698389510\n|switch|p2a: Zacian|Zacian-Crowned|14\/100\n|move|p1a: Koraidon|Collision Course|p2a: Zacian\n|-damage|p2a: Zacian|0 fnt\n|faint|p2a: Zacian\n|\n|-weather|SunnyDay|[upkeep]\n|upkeep\n|\n|t:|1698389518\n|switch|p2a: Calyrex|Calyrex-Shadow|100\/100\n|-ability|p2a: Calyrex|As One\n|-ability|p2a: Calyrex|Unnerve\n|turn|11\n|\n|t:|1698389525\n|switch|p1a: Miraidon|Miraidon|100\/100\n|-fieldstart|move: Electric Terrain|[from] ability: Hadron Engine|[of] p1a: Miraidon\n|move|p2a: Calyrex|Astral Barrage|p1a: Miraidon\n|-damage|p1a: Miraidon|31\/100\n|\n|-weather|SunnyDay|[upkeep]\n|upkeep\n|turn|12\n|\n|t:|1698389533\n|move|p2a: Calyrex|Astral Barrage|p1a: Miraidon\n|-damage|p1a: Miraidon|0 fnt\n|faint|p1a: Miraidon\n|-ability|p2a: Calyrex|Grim Neigh|boost\n|-boost|p2a: Calyrex|spa|1\n|\n|-weather|SunnyDay|[upkeep]\n|upkeep\n|\n|t:|1698389542\n|switch|p1a: Calyrex|Calyrex-Shadow|100\/100\n|-ability|p1a: Calyrex|As One\n|-ability|p1a: Calyrex|Unnerve\n|turn|13\n|\n|t:|1698389548\n|switch|p2a: Arceus|Arceus|66\/100\n|move|p1a: Calyrex|Psyshock|p2a: Arceus\n|-damage|p2a: Arceus|30\/100\n|\n|-weather|none\n|upkeep\n|turn|14\n|\n|t:|1698389554\n|move|p1a: Calyrex|Psyshock|p2a: Arceus\n|-damage|p2a: Arceus|0 fnt\n|faint|p2a: Arceus\n|-ability|p1a: Calyrex|Grim Neigh|boost\n|-boost|p1a: Calyrex|spa|1\n|\n|upkeep\n|\n|t:|1698389560\n|switch|p2a: Calyrex|Calyrex-Shadow|100\/100\n|-ability|p2a: Calyrex|As One\n|-ability|p2a: Calyrex|Unnerve\n|turn|15\n|\n|t:|1698389566\n|move|p2a: Calyrex|Astral Barrage|p1a: Calyrex\n|-supereffective|p1a: Calyrex\n|-crit|p1a: Calyrex\n|-enditem|p1a: Calyrex|Focus Sash\n|-damage|p1a: Calyrex|1\/100\n|move|p1a: Calyrex|Astral Barrage|p2a: Calyrex\n|-supereffective|p2a: Calyrex\n|-damage|p2a: Calyrex|0 fnt\n|faint|p2a: Calyrex\n|-ability|p1a: Calyrex|Grim Neigh|boost\n|-boost|p1a: Calyrex|spa|1\n|\n|-fieldend|move: Electric Terrain\n|upkeep\n|\n|t:|1698389569\n|switch|p2a: Miraidon|Miraidon|100\/100\n|-fieldstart|move: Electric Terrain|[from] ability: Hadron Engine|[of] p2a: Miraidon\n|turn|16\n|\n|t:|1698389581\n|move|p1a: Calyrex|Astral Barrage|p2a: Miraidon\n|-damage|p2a: Miraidon|0 fnt\n|faint|p2a: Miraidon\n|\n|win|YouAreAPoopyFace\n|raw|YouAreAPoopyFace's rating: 1575 &rarr; <strong>1597<\/strong><br \/>(+22 for winning)\n|raw|AGisgood\u82cd\u54cd\u4fa0's rating: 1614 &rarr; <strong>1592<\/strong><br \/>(-22 for losing)\n|c|\u2606YouAreAPoopyFace|gg\n|l|\u2606YouAreAPoopyFace\n","uploadtime":1698389684,"views":7,"p1id":"youareapoopyface","p2id":"agisgood","formatid":"gen9anythinggoes","rating":1592,"private":0,"password":""}