{"id":"gen9anythinggoes-1989105771","p1":"Psyky","p2":"Zealo","format":"[Gen 9] Anything Goes","log":"|j|\u2606Psyky\n|j|\u2606Zealo\n|t:|1699812803\n|gametype|singles\n|player|p1|Psyky|n|1191\n|player|p2|Zealo|zirco-unite|1298\n|teamsize|p1|6\n|teamsize|p2|6\n|gen|9\n|tier|[Gen 9] Anything Goes\n|rated|\n|rule|HP Percentage Mod: HP is shown in percentages\n|rule|Endless Battle Clause: Forcing endless battles is banned\n|clearpoke\n|poke|p1|Noivern, M|\n|poke|p1|Typhlosion-Hisui, M|\n|poke|p1|Umbreon, M|\n|poke|p1|Milotic, F|\n|poke|p1|Salazzle, F|\n|poke|p1|Ninetales-Alola, F|\n|poke|p2|Koraidon|\n|poke|p2|Ribombee, F|\n|poke|p2|Ditto|\n|poke|p2|Arceus|\n|poke|p2|Zacian-*|\n|poke|p2|Calyrex-Shadow|\n|teampreview\n|inactive|Battle timer is ON: inactive players will automatically lose when time's up. (requested by Psyky)\n|\n|t:|1699812814\n|start\n|switch|p1a: Salazzle|Salazzle, F|100\/100\n|switch|p2a: riber|Ribombee, F|100\/100\n|turn|1\n|\n|t:|1699812825\n|move|p1a: Salazzle|Sludge Bomb|p2a: riber\n|-supereffective|p2a: riber\n|-enditem|p2a: riber|Focus Sash\n|-damage|p2a: riber|1\/100\n|move|p2a: riber|Sticky Web|p1a: Salazzle\n|-sidestart|p1: Psyky|move: Sticky Web\n|\n|upkeep\n|turn|2\n|j| I'm some Guy1234\n|\n|t:|1699812834\n|move|p1a: Salazzle|Burning Jealousy|p2a: riber\n|-supereffective|p2a: riber\n|-damage|p2a: riber|0 fnt\n|faint|p2a: riber\n|\n|upkeep\n|c| I'm some Guy1234|NOOOO\n|\n|t:|1699812843\n|switch|p2a: koder|Koraidon|100\/100\n|-weather|SunnyDay|[from] ability: Orichalcum Pulse|[of] p2a: koder\n|-activate|p2a: koder|Orichalcum Pulse|[source]\n|turn|3\n|c| I'm some Guy1234|hello\n|\n|t:|1699812854\n|move|p2a: koder|Scale Shot|p1a: Salazzle\n|-damage|p1a: Salazzle|62\/100\n|-damage|p1a: Salazzle|29\/100\n|-damage|p1a: Salazzle|0 fnt\n|faint|p1a: Salazzle\n|-hitcount|p1: Salazzle|3\n|-unboost|p2a: koder|def|1\n|-boost|p2a: koder|spe|1\n|\n|-weather|SunnyDay|[upkeep]\n|upkeep\n|c|\u2606Zealo|sup\n|\n|t:|1699812859\n|switch|p1a: Ninetales|Ninetales-Alola, F|100\/100\n|-activate|p1a: Ninetales|move: Sticky Web\n|-unboost|p1a: Ninetales|spe|1\n|turn|4\n|c| I'm some Guy1234|sup\n|\n|t:|1699812863\n|move|p2a: koder|Flare Blitz|p1a: Ninetales\n|-supereffective|p1a: Ninetales\n|-damage|p1a: Ninetales|0 fnt\n|faint|p1a: Ninetales\n|-damage|p2a: koder|73\/100|[from] Recoil\n|\n|-weather|SunnyDay|[upkeep]\n|upkeep\n|\n|t:|1699812867\n|switch|p1a: Milotic|Milotic, F|100\/100\n|-activate|p1a: Milotic|move: Sticky Web\n|-unboost|p1a: Milotic|spe|1\n|-ability|p1a: Milotic|Competitive|boost\n|-boost|p1a: Milotic|spa|2\n|turn|5\n|c|\u2606Zealo|>snow cloak\n|c|\u2606Zealo|lol\n|c| I'm some Guy1234|W ninetales\n|\n|t:|1699812872\n|move|p2a: koder|Swords Dance|p2a: koder\n|-boost|p2a: koder|atk|2\n|move|p1a: Milotic|Draining Kiss|p2a: koder\n|-supereffective|p2a: koder\n|-damage|p2a: koder|0 fnt\n|faint|p2a: koder\n|\n|-weather|SunnyDay|[upkeep]\n|upkeep\n|c|\u2606Zealo|misclick\n|\n|t:|1699812879\n|switch|p2a: arc|Arceus|100\/100\n|turn|6\n|c| I'm some Guy1234|NOT MISCLICK\n|\n|t:|1699812886\n|move|p2a: arc|Dragon Dance|p2a: arc\n|-boost|p2a: arc|atk|1\n|-boost|p2a: arc|spe|1\n|move|p1a: Milotic|Ice Beam|p2a: arc\n|-damage|p2a: arc|60\/100\n|\n|-weather|SunnyDay|[upkeep]\n|upkeep\n|turn|7\n|\n|t:|1699812894\n|move|p2a: arc|Extreme Speed|p1a: Milotic\n|-damage|p1a: Milotic|17\/100\n|-damage|p2a: arc|44\/100|[from] item: Rocky Helmet|[of] p1a: Milotic\n|move|p1a: Milotic|Scald|p2a: arc\n|-damage|p2a: arc|13\/100\n|\n|-weather|none\n|upkeep\n|turn|8\n|\n|t:|1699812903\n|move|p2a: arc|Extreme Speed|p1a: Milotic\n|-damage|p1a: Milotic|0 fnt\n|-damage|p2a: arc|0 fnt|[from] item: Rocky Helmet|[of] p1a: Milotic\n|faint|p1a: Milotic\n|faint|p2a: arc\n|\n|upkeep\n|c| I'm some Guy1234|LESGOOOO\n|\n|t:|1699812910\n|switch|p2a: zish|Zacian-Crowned|100\/100\n|switch|p1a: Noivern|Noivern, M|100\/100\n|-ability|p2a: zish|Intrepid Sword|boost\n|-boost|p2a: zish|atk|1\n|turn|9\n|\n|t:|1699812915\n|-terastallize|p1a: Noivern|Flying\n|move|p2a: zish|Play Rough|p1a: Noivern\n|-damage|p1a: Noivern|0 fnt\n|faint|p1a: Noivern\n|\n|upkeep\n|c|\u2606Zealo|could u stop screaming\n|\n|t:|1699812921\n|switch|p1a: Typhlosion|Typhlosion-Hisui, M|100\/100\n|-activate|p1a: Typhlosion|move: Sticky Web\n|-unboost|p1a: Typhlosion|spe|1\n|turn|10\n|c| I'm some Guy1234|ok\n|\n|t:|1699812925\n|switch|p2a: dot|Ditto|100\/100\n|-transform|p2a: dot|p1a: Typhlosion|[from] ability: Imposter\n|move|p1a: Typhlosion|Flamethrower|p2a: dot\n|-resisted|p2a: dot\n|-damage|p2a: dot|73\/100\n|\n|upkeep\n|turn|11\n|\n|t:|1699812933\n|move|p2a: dot|Infernal Parade|p1a: Typhlosion\n|-supereffective|p1a: Typhlosion\n|-damage|p1a: Typhlosion|25\/100\n|move|p1a: Typhlosion|Shadow Ball|p2a: dot\n|-supereffective|p2a: dot\n|-damage|p2a: dot|0 fnt\n|faint|p2a: dot\n|\n|-heal|p1a: Typhlosion|30\/100|[from] item: Leftovers\n|upkeep\n|c| I'm some Guy1234|dot = .\n|\n|t:|1699812939\n|switch|p2a: call|Calyrex-Shadow|100\/100\n|-ability|p2a: call|As One\n|-ability|p2a: call|Unnerve\n|turn|12\n|\n|t:|1699812945\n|move|p2a: call|Astral Barrage|p1a: Typhlosion\n|-supereffective|p1a: Typhlosion\n|-damage|p1a: Typhlosion|0 fnt\n|faint|p1a: Typhlosion\n|-ability|p2a: call|Grim Neigh|boost\n|-boost|p2a: call|spa|1\n|\n|upkeep\n|\n|t:|1699812947\n|switch|p1a: Umbreon|Umbreon, M|100\/100\n|-activate|p1a: Umbreon|move: Sticky Web\n|-unboost|p1a: Umbreon|spe|1\n|turn|13\n|\n|t:|1699812953\n|move|p2a: call|Astral Barrage|p1a: Umbreon\n|-resisted|p1a: Umbreon\n|-damage|p1a: Umbreon|74\/100\n|move|p1a: Umbreon|Foul Play|p2a: call\n|-supereffective|p2a: call\n|-damage|p2a: call|21\/100\n|\n|-heal|p1a: Umbreon|80\/100|[from] item: Leftovers\n|upkeep\n|turn|14\n|c| I'm some Guy1234|Lesgooo\n|\n|t:|1699812965\n|move|p2a: call|Astral Barrage|p1a: Umbreon\n|-resisted|p1a: Umbreon\n|-crit|p1a: Umbreon\n|-damage|p1a: Umbreon|45\/100\n|move|p1a: Umbreon|Foul Play|p2a: call\n|-supereffective|p2a: call\n|-damage|p2a: call|0 fnt\n|faint|p2a: call\n|\n|-heal|p1a: Umbreon|52\/100|[from] item: Leftovers\n|upkeep\n|\n|t:|1699812969\n|switch|p2a: zish|Zacian-Crowned|100\/100\n|turn|15\n|c|\u2606Zealo|gg\n|\n|t:|1699812980\n|-terastallize|p2a: zish|Fairy\n|move|p2a: zish|Play Rough|p1a: Umbreon\n|-supereffective|p1a: Umbreon\n|-damage|p1a: Umbreon|0 fnt\n|faint|p1a: Umbreon\n|\n|win|Zealo\n|raw|Psyky's rating: 1191 &rarr; <strong>1174<\/strong><br \/>(-17 for losing)\n|raw|Zealo's rating: 1312 &rarr; <strong>1325<\/strong><br \/>(+13 for winning)\n|l|\u2606Psyky\n|c| I'm some Guy1234|gg\n|l|\u2606Zealo\n","uploadtime":1699812993,"views":3,"p1id":"psyky","p2id":"zealo","formatid":"gen9anythinggoes","rating":1174,"private":0,"password":""}