{"id":"gen9anythinggoes-1986510899","p1":"inkislit","p2":"ReKirby","format":"[Gen 9] Anything Goes","log":"|j|\u2606inkislit\n|j|\u2606ReKirby\n|t:|1699486534\n|gametype|singles\n|player|p1|inkislit|iris-gen5bw2|1107\n|player|p2|ReKirby|kieran|1192\n|teamsize|p1|6\n|teamsize|p2|6\n|gen|9\n|tier|[Gen 9] Anything Goes\n|rated|\n|rule|HP Percentage Mod: HP is shown in percentages\n|rule|Endless Battle Clause: Forcing endless battles is banned\n|clearpoke\n|poke|p1|Gothitelle, M|\n|poke|p1|Annihilape, F|\n|poke|p1|Palafin, M|\n|poke|p1|Ursaluna-Bloodmoon, M|\n|poke|p1|Rillaboom, M|\n|poke|p1|Dragapult, M|\n|poke|p2|Shaymin-Sky|\n|poke|p2|Spectrier|\n|poke|p2|Zacian-*|\n|poke|p2|Baxcalibur, M|\n|poke|p2|Espathra, M|\n|poke|p2|Calyrex-Shadow|\n|teampreview\n|inactive|Battle timer is ON: inactive players will automatically lose when time's up. (requested by ReKirby)\n|\n|t:|1699486539\n|start\n|switch|p1a: Gothitelle|Gothitelle, M|100\/100\n|switch|p2a: No Moving For Ya|Shaymin-Sky, shiny|100\/100\n|turn|1\n|\n|t:|1699486554\n|move|p2a: No Moving For Ya|Seed Flare|p1a: Gothitelle\n|-damage|p1a: Gothitelle|42\/100\n|-unboost|p1a: Gothitelle|spd|2\n|move|p1a: Gothitelle|Calm Mind|p1a: Gothitelle\n|-boost|p1a: Gothitelle|spa|1\n|-boost|p1a: Gothitelle|spd|1\n|\n|-heal|p1a: Gothitelle|48\/100|[from] item: Leftovers\n|upkeep\n|turn|2\n|\n|t:|1699486565\n|move|p2a: No Moving For Ya|Air Slash|p1a: Gothitelle\n|-damage|p1a: Gothitelle|0 fnt\n|faint|p1a: Gothitelle\n|\n|upkeep\n|\n|t:|1699486572\n|switch|p1a: Dragapult|Dragapult, M|100\/100\n|turn|3\n|\n|t:|1699486580\n|move|p2a: No Moving For Ya|Air Slash|p1a: Dragapult\n|-damage|p1a: Dragapult|55\/100\n|cant|p1a: Dragapult|flinch\n|\n|-heal|p1a: Dragapult|61\/100|[from] item: Leftovers\n|upkeep\n|turn|4\n|\n|t:|1699486588\n|move|p2a: No Moving For Ya|Air Slash|p1a: Dragapult\n|-damage|p1a: Dragapult|16\/100\n|move|p1a: Dragapult|Phantom Force||[still]\n|-prepare|p1a: Dragapult|Phantom Force\n|\n|-heal|p1a: Dragapult|22\/100|[from] item: Leftovers\n|upkeep\n|turn|5\n|\n|t:|1699486594\n|move|p2a: No Moving For Ya|Substitute|p2a: No Moving For Ya\n|-start|p2a: No Moving For Ya|Substitute\n|-damage|p2a: No Moving For Ya|76\/100\n|move|p1a: Dragapult|Phantom Force|p2a: No Moving For Ya|[from]lockedmove\n|-end|p2a: No Moving For Ya|Substitute\n|\n|-heal|p2a: No Moving For Ya|82\/100|[from] item: Leftovers\n|-heal|p1a: Dragapult|28\/100|[from] item: Leftovers\n|upkeep\n|turn|6\n|\n|t:|1699486601\n|move|p2a: No Moving For Ya|Air Slash|p1a: Dragapult\n|-damage|p1a: Dragapult|0 fnt\n|-start|p2a: No Moving For Ya|Disable|Air Slash|[from] ability: Cursed Body|[of] p1a: Dragapult\n|faint|p1a: Dragapult\n|\n|-heal|p2a: No Moving For Ya|88\/100|[from] item: Leftovers\n|upkeep\n|\n|t:|1699486611\n|switch|p1a: Ursaluna|Ursaluna-Bloodmoon, M|100\/100\n|turn|7\n|\n|t:|1699486621\n|move|p2a: No Moving For Ya|Seed Flare|p1a: Ursaluna\n|-supereffective|p1a: Ursaluna\n|-damage|p1a: Ursaluna|0 fnt\n|faint|p1a: Ursaluna\n|\n|-heal|p2a: No Moving For Ya|94\/100|[from] item: Leftovers\n|upkeep\n|\n|t:|1699486629\n|switch|p1a: Rillaboom|Rillaboom, M|100\/100\n|-fieldstart|move: Grassy Terrain|[from] ability: Grassy Surge|[of] p1a: Rillaboom\n|turn|8\n|\n|t:|1699486639\n|move|p2a: No Moving For Ya|Seed Flare|p1a: Rillaboom\n|-resisted|p1a: Rillaboom\n|-damage|p1a: Rillaboom|61\/100\n|-unboost|p1a: Rillaboom|spd|2\n|move|p1a: Rillaboom|Wood Hammer|p2a: No Moving For Ya\n|-resisted|p2a: No Moving For Ya\n|-damage|p2a: No Moving For Ya|69\/100\n|-damage|p1a: Rillaboom|54\/100|[from] Recoil\n|\n|-heal|p2a: No Moving For Ya|75\/100|[from] item: Leftovers\n|-heal|p1a: Rillaboom|60\/100|[from] Grassy Terrain\n|-heal|p1a: Rillaboom|66\/100|[from] item: Leftovers\n|upkeep\n|turn|9\n|\n|t:|1699486651\n|move|p2a: No Moving For Ya|Seed Flare|p1a: Rillaboom|[miss]\n|-miss|p2a: No Moving For Ya|p1a: Rillaboom\n|move|p1a: Rillaboom|Wood Hammer|p2a: No Moving For Ya\n|-resisted|p2a: No Moving For Ya\n|-damage|p2a: No Moving For Ya|49\/100\n|-damage|p1a: Rillaboom|58\/100|[from] Recoil\n|\n|-heal|p2a: No Moving For Ya|55\/100|[from] item: Leftovers\n|-heal|p1a: Rillaboom|64\/100|[from] Grassy Terrain\n|-heal|p1a: Rillaboom|70\/100|[from] item: Leftovers\n|-end|p2a: No Moving For Ya|Disable\n|upkeep\n|turn|10\n|\n|t:|1699486656\n|move|p2a: No Moving For Ya|Air Slash|p1a: Rillaboom\n|-supereffective|p1a: Rillaboom\n|-damage|p1a: Rillaboom|0 fnt\n|faint|p1a: Rillaboom\n|\n|-heal|p2a: No Moving For Ya|61\/100|[from] item: Leftovers\n|upkeep\n|\n|t:|1699486659\n|switch|p1a: Palafin|Palafin, M|100\/100\n|turn|11\n|\n|t:|1699486666\n|move|p2a: No Moving For Ya|Seed Flare|p1a: Palafin|[miss]\n|-miss|p2a: No Moving For Ya|p1a: Palafin\n|move|p1a: Palafin|Aqua Tail|p2a: No Moving For Ya\n|-resisted|p2a: No Moving For Ya\n|-damage|p2a: No Moving For Ya|36\/100\n|\n|-heal|p2a: No Moving For Ya|42\/100|[from] item: Leftovers\n|upkeep\n|turn|12\n|\n|t:|1699486676\n|move|p2a: No Moving For Ya|Seed Flare|p1a: Palafin\n|-supereffective|p1a: Palafin\n|-damage|p1a: Palafin|0 fnt\n|faint|p1a: Palafin\n|\n|-heal|p2a: No Moving For Ya|48\/100|[from] item: Leftovers\n|-fieldend|move: Grassy Terrain\n|upkeep\n|\n|t:|1699486677\n|switch|p1a: Annihilape|Annihilape, F|100\/100\n|turn|13\n|\n|t:|1699486683\n|move|p2a: No Moving For Ya|Air Slash|p1a: Annihilape\n|-supereffective|p1a: Annihilape\n|-damage|p1a: Annihilape|20\/100\n|cant|p1a: Annihilape|flinch\n|\n|-heal|p2a: No Moving For Ya|54\/100|[from] item: Leftovers\n|upkeep\n|turn|14\n|\n|t:|1699486689\n|move|p2a: No Moving For Ya|Air Slash|p1a: Annihilape\n|-supereffective|p1a: Annihilape\n|-damage|p1a: Annihilape|0 fnt\n|faint|p1a: Annihilape\n|\n|win|ReKirby\n|raw|inkislit's rating: 1107 &rarr; <strong>1088<\/strong><br \/>(-19 for losing)\n|raw|ReKirby's rating: 1192 &rarr; <strong>1211<\/strong><br \/>(+19 for winning)\n|l|\u2606inkislit\n","uploadtime":1699486698,"views":3,"p1id":"inkislit","p2id":"rekirby","formatid":"gen9anythinggoes","rating":1088,"private":0,"password":""}