{"id":"gen9anythinggoes-1975636524","p1":"R8GiChamp$","p2":"Mr_Giavonni","format":"[Gen 9] Anything Goes","log":"|j|\u2606R8GiChamp$\n|j|\u2606Mr_Giavonni\n|t:|1698217112\n|gametype|singles\n|player|p1|R8GiChamp$|marshal|1037\n|player|p2|Mr_Giavonni|266|1014\n|teamsize|p1|6\n|teamsize|p2|6\n|gen|9\n|tier|[Gen 9] Anything Goes\n|rated|\n|rule|HP Percentage Mod: HP is shown in percentages\n|rule|Endless Battle Clause: Forcing endless battles is banned\n|clearpoke\n|poke|p1|Muk-Alola, M|\n|poke|p1|Muk-Alola, M|\n|poke|p1|Muk-Alola, M|\n|poke|p1|Muk-Alola, F|\n|poke|p1|Muk-Alola, M|\n|poke|p1|Muk-Alola, M|\n|poke|p2|Pawmot, F|\n|poke|p2|Pawmot, F|\n|poke|p2|Pawmot, M|\n|poke|p2|Houndstone, M|\n|poke|p2|Espathra, F|\n|poke|p2|Samurott-Hisui, M|\n|teampreview\n|inactive|Battle timer is ON: inactive players will automatically lose when time's up. (requested by Mr_Giavonni)\n|inactive|R8GiChamp$ also wants the timer to be on.\n|\n|t:|1698217121\n|start\n|switch|p1a: MUK NO.1|Muk-Alola, M|100\/100\n|switch|p2a: Samurott|Samurott-Hisui, M|100\/100\n|-item|p1a: MUK NO.1|Air Balloon\n|turn|1\n|\n|t:|1698217128\n|move|p2a: Samurott|Ceaseless Edge|p1a: MUK NO.1\n|-resisted|p1a: MUK NO.1\n|-damage|p1a: MUK NO.1|78\/100\n|-enditem|p1a: MUK NO.1|Air Balloon\n|-sidestart|p1: R8GiChamp$|Spikes\n|move|p1a: MUK NO.1|Drain Punch|p2a: Samurott\n|-supereffective|p2a: Samurott\n|-damage|p2a: Samurott|47\/100\n|-heal|p1a: MUK NO.1|100\/100|[from] drain|[of] p2a: Samurott\n|\n|upkeep\n|turn|2\n|\n|t:|1698217149\n|move|p2a: Samurott|Ceaseless Edge|p1a: MUK NO.1\n|-resisted|p1a: MUK NO.1\n|-damage|p1a: MUK NO.1|78\/100\n|-sidestart|p1: R8GiChamp$|Spikes\n|move|p1a: MUK NO.1|Drain Punch|p2a: Samurott\n|-supereffective|p2a: Samurott\n|-damage|p2a: Samurott|0 fnt\n|-heal|p1a: MUK NO.1|99\/100|[from] drain|[of] p2a: Samurott\n|faint|p2a: Samurott\n|\n|upkeep\n|\n|t:|1698217151\n|switch|p2a: Pawmot|Pawmot, F|100\/100\n|turn|3\n|\n|t:|1698217164\n|move|p2a: Pawmot|Revival Blessing|p2a: Pawmot\n|-enditem|p2a: Pawmot|Leppa Berry|[eat]\n|-activate|p2a: Pawmot|item: Leppa Berry|Revival Blessing|[consumed]\n|\n|t:|1698217194\n|-heal|p2: Samurott|50\/100|[from] move: Revival Blessing\n|move|p1a: MUK NO.1|Knock Off|p2a: Pawmot\n|-resisted|p2a: Pawmot\n|-damage|p2a: Pawmot|73\/100\n|\n|upkeep\n|turn|4\n|\n|t:|1698217202\n|switch|p2a: Samurott|Samurott-Hisui, M|50\/100\n|move|p1a: MUK NO.1|Poison Jab|p2a: Samurott\n|-damage|p2a: Samurott|11\/100\n|\n|upkeep\n|turn|5\n|\n|t:|1698217208\n|switch|p2a: Pawmot|Pawmot, F|73\/100\n|move|p1a: MUK NO.1|Drain Punch|p2a: Pawmot\n|-damage|p2a: Pawmot|29\/100\n|-heal|p1a: MUK NO.1|100\/100|[from] drain|[of] p2a: Pawmot\n|\n|upkeep\n|turn|6\n|\n|t:|1698217217\n|switch|p2a: Espathra|Espathra, F|100\/100\n|move|p1a: MUK NO.1|Drain Punch|p2a: Espathra\n|-resisted|p2a: Espathra\n|-damage|p2a: Espathra|84\/100\n|\n|upkeep\n|turn|7\n|\n|t:|1698217223\n|move|p2a: Espathra|Hypnosis|p1a: MUK NO.1\n|-status|p1a: MUK NO.1|slp|[from] move: Hypnosis\n|cant|p1a: MUK NO.1|slp\n|\n|upkeep\n|turn|8\n|\n|t:|1698217228\n|move|p2a: Espathra|Lumina Crash|p1a: MUK NO.1\n|-immune|p1a: MUK NO.1\n|cant|p1a: MUK NO.1|slp\n|\n|upkeep\n|turn|9\n|\n|t:|1698217233\n|move|p2a: Espathra|Calm Mind|p2a: Espathra\n|-boost|p2a: Espathra|spa|1\n|-boost|p2a: Espathra|spd|1\n|-curestatus|p1a: MUK NO.1|slp|[msg]\n|move|p1a: MUK NO.1|Knock Off|p2a: Espathra\n|-supereffective|p2a: Espathra\n|-damage|p2a: Espathra|0 fnt\n|-enditem|p2a: Espathra|Quick Claw|[from] move: Knock Off|[of] p1a: MUK NO.1\n|faint|p2a: Espathra\n|\n|upkeep\n|\n|t:|1698217236\n|switch|p2a: Pawmot|Pawmot, F|29\/100\n|turn|10\n|\n|t:|1698217245\n|move|p2a: Pawmot|Revival Blessing|p2a: Pawmot\n|\n|t:|1698217251\n|-heal|p2: Espathra|50\/100|[from] move: Revival Blessing\n|move|p1a: MUK NO.1|Drain Punch|p2a: Pawmot\n|-crit|p2a: Pawmot\n|-damage|p2a: Pawmot|0 fnt\n|faint|p2a: Pawmot\n|\n|upkeep\n|\n|t:|1698217254\n|switch|p2a: Samurott|Samurott-Hisui, M|11\/100\n|turn|11\n|\n|t:|1698217261\n|move|p2a: Samurott|Ceaseless Edge|p1a: MUK NO.1\n|-resisted|p1a: MUK NO.1\n|-damage|p1a: MUK NO.1|77\/100\n|-sidestart|p1: R8GiChamp$|Spikes\n|move|p1a: MUK NO.1|Drain Punch|p2a: Samurott\n|-supereffective|p2a: Samurott\n|-damage|p2a: Samurott|0 fnt\n|-heal|p1a: MUK NO.1|82\/100|[from] drain|[of] p2a: Samurott\n|faint|p2a: Samurott\n|\n|upkeep\n|\n|t:|1698217266\n|switch|p2a: Pawmot|Pawmot, F|100\/100\n|turn|12\n|\n|t:|1698217273\n|move|p2a: Pawmot|Revival Blessing|p2a: Pawmot\n|-enditem|p2a: Pawmot|Leppa Berry|[eat]\n|-activate|p2a: Pawmot|item: Leppa Berry|Revival Blessing|[consumed]\n|c|\u2606Mr_Giavonni|g\n|c|\u2606Mr_Giavonni|g\n|\n|t:|1698217280\n|-heal|p2: Samurott|50\/100|[from] move: Revival Blessing\n|move|p1a: MUK NO.1|Drain Punch|p2a: Pawmot\n|-damage|p2a: Pawmot|58\/100\n|-heal|p1a: MUK NO.1|99\/100|[from] drain|[of] p2a: Pawmot\n|\n|upkeep\n|turn|13\n|\n|t:|1698217290\n|switch|p2a: Samurott|Samurott-Hisui, M|50\/100\n|move|p1a: MUK NO.1|Drain Punch|p2a: Samurott\n|-supereffective|p2a: Samurott\n|-damage|p2a: Samurott|0 fnt\n|-heal|p1a: MUK NO.1|100\/100|[from] drain|[of] p2a: Samurott\n|faint|p2a: Samurott\n|\n|upkeep\n|\n|t:|1698217293\n|switch|p2a: Pawmot|Pawmot, F|58\/100\n|turn|14\n|\n|t:|1698217301\n|move|p2a: Pawmot|Revival Blessing|p2a: Pawmot\n|\n|t:|1698217306\n|-heal|p2: Samurott|50\/100|[from] move: Revival Blessing\n|move|p1a: MUK NO.1|Drain Punch|p2a: Pawmot\n|-damage|p2a: Pawmot|19\/100\n|\n|upkeep\n|turn|15\n|\n|t:|1698217314\n|move|p2a: Pawmot|Discharge|p1a: MUK NO.1\n|-damage|p1a: MUK NO.1|79\/100\n|move|p1a: MUK NO.1|Drain Punch|p2a: Pawmot\n|-damage|p2a: Pawmot|0 fnt\n|-heal|p1a: MUK NO.1|87\/100|[from] drain|[of] p2a: Pawmot\n|faint|p2a: Pawmot\n|\n|upkeep\n|\n|t:|1698217320\n|switch|p2a: Espathra|Espathra, F|50\/100\n|turn|16\n|\n|t:|1698217326\n|move|p2a: Espathra|Hypnosis|p1a: MUK NO.1|[miss]\n|-miss|p2a: Espathra|p1a: MUK NO.1\n|move|p1a: MUK NO.1|Knock Off|p2a: Espathra\n|-supereffective|p2a: Espathra\n|-damage|p2a: Espathra|0 fnt\n|faint|p2a: Espathra\n|\n|upkeep\n|\n|t:|1698217328\n|switch|p2a: Pawmot|Pawmot, M|100\/100\n|turn|17\n|\n|t:|1698217335\n|move|p2a: Pawmot|Revival Blessing|p2a: Pawmot\n|-enditem|p2a: Pawmot|Leppa Berry|[eat]\n|-activate|p2a: Pawmot|item: Leppa Berry|Revival Blessing|[consumed]\n|\n|t:|1698217339\n|-heal|p2: Espathra|50\/100|[from] move: Revival Blessing\n|move|p1a: MUK NO.1|Drain Punch|p2a: Pawmot\n|-damage|p2a: Pawmot|62\/100\n|-heal|p1a: MUK NO.1|100\/100|[from] drain|[of] p2a: Pawmot\n|-status|p2a: Pawmot|psn|[from] ability: Poison Touch|[of] p1a: MUK NO.1\n|\n|-damage|p2a: Pawmot|49\/100 psn|[from] psn\n|upkeep\n|turn|18\n|\n|t:|1698217350\n|switch|p2a: Samurott|Samurott-Hisui, M|50\/100\n|move|p1a: MUK NO.1|Drain Punch|p2a: Samurott\n|-supereffective|p2a: Samurott\n|-damage|p2a: Samurott|0 fnt\n|faint|p2a: Samurott\n|\n|upkeep\n|\n|t:|1698217356\n|switch|p2a: Pawmot|Pawmot, M|49\/100 psn\n|turn|19\n|\n|t:|1698217360\n|move|p2a: Pawmot|Revival Blessing|p2a: Pawmot\n|\n|t:|1698217366\n|-heal|p2: Samurott|50\/100|[from] move: Revival Blessing\n|move|p1a: MUK NO.1|Drain Punch|p2a: Pawmot\n|-damage|p2a: Pawmot|5\/100 psn\n|\n|-damage|p2a: Pawmot|0 fnt|[from] psn\n|faint|p2a: Pawmot\n|upkeep\n|\n|t:|1698217368\n|switch|p2a: Espathra|Espathra, F|50\/100\n|turn|20\n|\n|t:|1698217380\n|move|p2a: Espathra|Hypnosis|p1a: MUK NO.1\n|-status|p1a: MUK NO.1|slp|[from] move: Hypnosis\n|cant|p1a: MUK NO.1|slp\n|\n|upkeep\n|turn|21\n|\n|t:|1698217384\n|switch|p2a: Samurott|Samurott-Hisui, M|50\/100\n|cant|p1a: MUK NO.1|slp\n|\n|upkeep\n|turn|22\n|\n|t:|1698217388\n|move|p2a: Samurott|Ceaseless Edge|p1a: MUK NO.1\n|-resisted|p1a: MUK NO.1\n|-damage|p1a: MUK NO.1|79\/100 slp\n|cant|p1a: MUK NO.1|slp\n|\n|upkeep\n|turn|23\n|\n|t:|1698217394\n|move|p2a: Samurott|Ceaseless Edge|p1a: MUK NO.1\n|-resisted|p1a: MUK NO.1\n|-damage|p1a: MUK NO.1|59\/100 slp\n|-curestatus|p1a: MUK NO.1|slp|[msg]\n|move|p1a: MUK NO.1|Drain Punch|p2a: Samurott\n|-supereffective|p2a: Samurott\n|-damage|p2a: Samurott|0 fnt\n|-heal|p1a: MUK NO.1|81\/100|[from] drain|[of] p2a: Samurott\n|faint|p2a: Samurott\n|\n|upkeep\n|\n|t:|1698217396\n|switch|p2a: Espathra|Espathra, F|50\/100\n|turn|24\n|\n|t:|1698217403\n|move|p2a: Espathra|Hypnosis|p1a: MUK NO.1\n|-status|p1a: MUK NO.1|slp|[from] move: Hypnosis\n|cant|p1a: MUK NO.1|slp\n|\n|upkeep\n|turn|25\n|\n|t:|1698217407\n|move|p2a: Espathra|Calm Mind|p2a: Espathra\n|-boost|p2a: Espathra|spa|1\n|-boost|p2a: Espathra|spd|1\n|cant|p1a: MUK NO.1|slp\n|\n|upkeep\n|turn|26\n|\n|t:|1698217409\n|move|p2a: Espathra|Calm Mind|p2a: Espathra\n|-boost|p2a: Espathra|spa|1\n|-boost|p2a: Espathra|spd|1\n|cant|p1a: MUK NO.1|slp\n|\n|upkeep\n|turn|27\n|\n|t:|1698217412\n|move|p2a: Espathra|Calm Mind|p2a: Espathra\n|-boost|p2a: Espathra|spa|1\n|-boost|p2a: Espathra|spd|1\n|-curestatus|p1a: MUK NO.1|slp|[msg]\n|move|p1a: MUK NO.1|Knock Off|p2a: Espathra\n|-supereffective|p2a: Espathra\n|-damage|p2a: Espathra|0 fnt\n|faint|p2a: Espathra\n|\n|upkeep\n|\n|t:|1698217415\n|switch|p2a: Houndstone|Houndstone, M|100\/100\n|turn|28\n|\n|t:|1698217419\n|-terastallize|p2a: Houndstone|Fighting\n|move|p2a: Houndstone|Last Respects|p1a: MUK NO.1\n|-resisted|p1a: MUK NO.1\n|-damage|p1a: MUK NO.1|0 fnt\n|faint|p1a: MUK NO.1\n|\n|upkeep\n|\n|t:|1698217426\n|switch|p1a: MUK NO.5|Muk-Alola, M|100\/100\n|-item|p1a: MUK NO.5|Air Balloon\n|turn|29\n|\n|t:|1698217435\n|-terastallize|p1a: MUK NO.5|Flying\n|move|p2a: Houndstone|Last Respects|p1a: MUK NO.5\n|-damage|p1a: MUK NO.5|0 fnt\n|-enditem|p1a: MUK NO.5|Air Balloon\n|faint|p1a: MUK NO.5\n|\n|upkeep\n|c|\u2606Mr_Giavonni|noooo\n|c|\u2606Mr_Giavonni|way\n|\n|t:|1698217450\n|switch|p1a: MUK NO. 6|Muk-Alola, M|100\/100\n|-damage|p1a: MUK NO. 6|75\/100|[from] Spikes\n|turn|30\n|c|\u2606Mr_Giavonni|hosei\n|\n|t:|1698217455\n|move|p2a: Houndstone|Last Respects|p1a: MUK NO. 6\n|-resisted|p1a: MUK NO. 6\n|-damage|p1a: MUK NO. 6|0 fnt\n|faint|p1a: MUK NO. 6\n|\n|upkeep\n|\n|t:|1698217459\n|switch|p1a: MUK NO.4|Muk-Alola, F|100\/100\n|-item|p1a: MUK NO.4|Air Balloon\n|turn|31\n|\n|t:|1698217463\n|move|p2a: Houndstone|Last Respects|p1a: MUK NO.4\n|-resisted|p1a: MUK NO.4\n|-damage|p1a: MUK NO.4|0 fnt\n|-enditem|p1a: MUK NO.4|Air Balloon\n|faint|p1a: MUK NO.4\n|\n|upkeep\n|\n|t:|1698217465\n|switch|p1a: MUK NO. 3|Muk-Alola, M, shiny|100\/100\n|-item|p1a: MUK NO. 3|Air Balloon\n|turn|32\n|\n|t:|1698217467\n|move|p2a: Houndstone|Last Respects|p1a: MUK NO. 3\n|-resisted|p1a: MUK NO. 3\n|-crit|p1a: MUK NO. 3\n|-damage|p1a: MUK NO. 3|0 fnt\n|-enditem|p1a: MUK NO. 3|Air Balloon\n|faint|p1a: MUK NO. 3\n|\n|upkeep\n|\n|t:|1698217469\n|switch|p1a: MUK NO.2|Muk-Alola, M, shiny|100\/100\n|-item|p1a: MUK NO.2|Air Balloon\n|turn|33\n|\n|t:|1698217471\n|move|p2a: Houndstone|Last Respects|p1a: MUK NO.2\n|-resisted|p1a: MUK NO.2\n|-damage|p1a: MUK NO.2|0 fnt\n|-enditem|p1a: MUK NO.2|Air Balloon\n|faint|p1a: MUK NO.2\n|\n|win|Mr_Giavonni\n|raw|R8GiChamp$'s rating: 1037 &rarr; <strong>1020<\/strong><br \/>(-17 for losing)\n|raw|Mr_Giavonni's rating: 1014 &rarr; <strong>1054<\/strong><br \/>(+40 for winning)\n|l|\u2606R8GiChamp$\n|c|\u2606Mr_Giavonni|gg\n","uploadtime":1698217486,"views":12,"p1id":"r8gichamp","p2id":"mrgiavonni","formatid":"gen9anythinggoes","rating":1020,"private":0,"password":""}