{"id":"gen9anythinggoes-2000404116","p1":"B00M B4BY","p2":"ghostlyplanets","format":"[Gen 9] Anything Goes","log":"|j|\u2606B00M B4BY\n|j|\u2606ghostlyplanets\n|inactive|Battle timer is ON: inactive players will automatically lose when time's up.\n|t:|1701191958\n|gametype|singles\n|player|p1|B00M B4BY|acetrainer-gen4dp|\n|player|p2|ghostlyplanets|zirco-unite|\n|teamsize|p1|6\n|teamsize|p2|6\n|gen|9\n|tier|[Gen 9] Anything Goes\n|rated|Tournament battle\n|rule|HP Percentage Mod: HP is shown in percentages\n|rule|Endless Battle Clause: Forcing endless battles is banned\n|clearpoke\n|poke|p1|Koraidon|\n|poke|p1|Calyrex-Shadow|\n|poke|p1|Arceus-Fairy|\n|poke|p1|Ting-Lu|\n|poke|p1|Toxapex, F|\n|poke|p1|Arceus|\n|poke|p2|Calyrex-Shadow|\n|poke|p2|Arceus-Dark|\n|poke|p2|Arceus-Ground|\n|poke|p2|Koraidon|\n|poke|p2|Arceus|\n|poke|p2|Arceus-Fairy|\n|teampreview\n|inactive|B00M B4BY also wants the timer to be on.\n|c|\u2606ghostlyplanets|glhf\n|\n|t:|1701191968\n|start\n|switch|p1a: Calyrex|Calyrex-Shadow|100\/100\n|switch|p2a: Arceus|Arceus-Ground|100\/100\n|-ability|p1a: Calyrex|As One\n|-ability|p1a: Calyrex|Unnerve\n|turn|1\n|inactive|B00M B4BY has 120 seconds left.\n|inactive|ghostlyplanets has 120 seconds left.\n|\n|t:|1701192023\n|move|p1a: Calyrex|Grass Knot|p2a: Arceus\n|-supereffective|p2a: Arceus\n|-damage|p2a: Arceus|40\/100\n|move|p2a: Arceus|Thunder Wave|p1a: Calyrex\n|-status|p1a: Calyrex|par\n|\n|upkeep\n|turn|2\n|inactive|ghostlyplanets has 120 seconds left.\n|\n|t:|1701192040\n|move|p2a: Arceus|Stealth Rock|p1a: Calyrex\n|-sidestart|p1: B00M B4BY|move: Stealth Rock\n|move|p1a: Calyrex|Grass Knot|p2a: Arceus\n|-supereffective|p2a: Arceus\n|-damage|p2a: Arceus|0 fnt\n|faint|p2a: Arceus\n|-ability|p1a: Calyrex|Grim Neigh|boost\n|-boost|p1a: Calyrex|spa|1\n|\n|upkeep\n|\n|t:|1701192047\n|switch|p2a: Arceus|Arceus-Dark|100\/100\n|turn|3\n|\n|t:|1701192070\n|move|p2a: Arceus|Foul Play|p1a: Calyrex\n|-supereffective|p1a: Calyrex\n|-damage|p1a: Calyrex|0 fnt\n|faint|p1a: Calyrex\n|\n|upkeep\n|\n|t:|1701192072\n|switch|p1a: Ting-Lu|Ting-Lu|100\/100\n|-ability|p1a: Ting-Lu|Vessel of Ruin\n|turn|4\n|\n|t:|1701192078\n|move|p2a: Arceus|Taunt|p1a: Ting-Lu\n|-start|p1a: Ting-Lu|move: Taunt\n|cant|p1a: Ting-Lu|move: Taunt|Stealth Rock\n|\n|upkeep\n|turn|5\n|inactive|B00M B4BY has 120 seconds left.\n|\n|t:|1701192091\n|move|p2a: Arceus|Will-O-Wisp|p1a: Ting-Lu\n|-status|p1a: Ting-Lu|brn\n|move|p1a: Ting-Lu|Earthquake|p2a: Arceus\n|-damage|p2a: Arceus|91\/100\n|\n|-damage|p1a: Ting-Lu|94\/100 brn|[from] brn\n|upkeep\n|turn|6\n|inactive|B00M B4BY has 120 seconds left.\n|\n|t:|1701192114\n|switch|p1a: Arceus|Arceus-Fairy|100\/100\n|-damage|p1a: Arceus|88\/100|[from] Stealth Rock\n|move|p2a: Arceus|Foul Play|p1a: Arceus\n|-resisted|p1a: Arceus\n|-damage|p1a: Arceus|78\/100\n|\n|upkeep\n|turn|7\n|inactive|B00M B4BY has 120 seconds left.\n|l|\u2606B00M B4BY\n|inactive|B00M B4BY disconnected and has a minute to reconnect!\n|player|p1|\n|j|%A Bread Sandwich\n|j|\u2606B00M B4BY\n|inactive|B00M B4BY reconnected and has 105 seconds left.\n|player|p1|B00M B4BY|acetrainer-gen4dp\n|\n|t:|1701192146\n|move|p1a: Arceus|Judgment|p2a: Arceus\n|-supereffective|p2a: Arceus\n|-damage|p2a: Arceus|31\/100\n|move|p2a: Arceus|Taunt|p1a: Arceus\n|-start|p1a: Arceus|move: Taunt\n|\n|upkeep\n|turn|8\n|\n|t:|1701192165\n|move|p1a: Arceus|Judgment|p2a: Arceus\n|-supereffective|p2a: Arceus\n|-damage|p2a: Arceus|0 fnt\n|faint|p2a: Arceus\n|\n|upkeep\n|inactive|ghostlyplanets has 120 seconds left.\n|\n|t:|1701192184\n|switch|p2a: Arceus|Arceus|100\/100\n|turn|9\n|\n|t:|1701192187\n|move|p2a: Arceus|Swords Dance|p2a: Arceus\n|-boost|p2a: Arceus|atk|2\n|move|p1a: Arceus|Judgment|p2a: Arceus\n|-damage|p2a: Arceus|69\/100\n|\n|upkeep\n|turn|10\n|j|+its zxc\u266a\n|\n|t:|1701192195\n|switch|p1a: Ting-Lu|Ting-Lu|94\/100 brn\n|-ability|p1a: Ting-Lu|Vessel of Ruin\n|move|p2a: Arceus|Swords Dance|p2a: Arceus\n|-boost|p2a: Arceus|atk|2\n|\n|-damage|p1a: Ting-Lu|88\/100 brn|[from] brn\n|upkeep\n|turn|11\n|\n|t:|1701192201\n|move|p2a: Arceus|Extreme Speed|p1a: Ting-Lu\n|-crit|p1a: Ting-Lu\n|-damage|p1a: Ting-Lu|0 fnt\n|faint|p1a: Ting-Lu\n|-damage|p2a: Arceus|60\/100|[from] item: Life Orb\n|\n|upkeep\n|\n|t:|1701192214\n|switch|p1a: Arceus|Arceus|100\/100\n|-damage|p1a: Arceus|88\/100|[from] Stealth Rock\n|turn|12\n|c|\u2606ghostlyplanets|that did not matter\n|\n|t:|1701192217\n|-terastallize|p1a: Arceus|Ghost\n|-terastallize|p2a: Arceus|Normal\n|move|p1a: Arceus|Extreme Speed|p2a: Arceus\n|-damage|p2a: Arceus|25\/100\n|move|p2a: Arceus|Extreme Speed|p1a: Arceus\n|-immune|p1a: Arceus\n|\n|upkeep\n|turn|13\n|\n|t:|1701192227\n|switch|p2a: Calyrex|Calyrex-Shadow|100\/100\n|-ability|p2a: Calyrex|As One\n|-ability|p2a: Calyrex|Unnerve\n|move|p1a: Arceus|Extreme Speed|p2a: Calyrex\n|-immune|p2a: Calyrex\n|\n|upkeep\n|turn|14\n|\n|t:|1701192236\n|switch|p1a: Toxapex|Toxapex, F|100\/100\n|-damage|p1a: Toxapex|88\/100|[from] Stealth Rock\n|move|p2a: Calyrex|Astral Barrage|p1a: Toxapex\n|-damage|p1a: Toxapex|34\/100\n|\n|upkeep\n|turn|15\n|j| Farce Of The Death\n|c|\u2606B00M B4BY|H\n|inactive|ghostlyplanets has 120 seconds left.\n|\n|t:|1701192276\n|move|p2a: Calyrex|Astral Barrage|p1a: Toxapex\n|-damage|p1a: Toxapex|0 fnt\n|faint|p1a: Toxapex\n|-ability|p2a: Calyrex|Grim Neigh|boost\n|-boost|p2a: Calyrex|spa|1\n|\n|upkeep\n|\n|t:|1701192278\n|switch|p1a: Koraidon|Koraidon|100\/100\n|-damage|p1a: Koraidon|94\/100|[from] Stealth Rock\n|-weather|SunnyDay|[from] ability: Orichalcum Pulse|[of] p1a: Koraidon\n|-activate|p1a: Koraidon|Orichalcum Pulse|[source]\n|turn|16\n|j| sihonjman\n|inactive|ghostlyplanets has 120 seconds left.\n|l|%A Bread Sandwich\n|inactive|ghostlyplanets has 90 seconds left.\n|j|%A Bread Sandwich\n|\n|t:|1701192340\n|switch|p2a: Arceus|Arceus-Fairy|100\/100\n|move|p1a: Koraidon|U-turn|p2a: Arceus\n|-resisted|p2a: Arceus\n|-damage|p2a: Arceus|89\/100\n|\n|t:|1701192344\n|switch|p1a: Arceus|Arceus, tera:Ghost|88\/100|[from] U-turn\n|-damage|p1a: Arceus|76\/100|[from] Stealth Rock\n|\n|-weather|SunnyDay|[upkeep]\n|upkeep\n|turn|17\n|inactive|ghostlyplanets has 60 seconds left.\n|inactive|B00M B4BY has 120 seconds left.\n|l| sihonjman\n|\n|t:|1701192386\n|move|p1a: Arceus|Shadow Claw|p2a: Arceus\n|-damage|p2a: Arceus|65\/100\n|move|p2a: Arceus|Calm Mind|p2a: Arceus\n|-boost|p2a: Arceus|spa|1\n|-boost|p2a: Arceus|spd|1\n|\n|-weather|SunnyDay|[upkeep]\n|upkeep\n|turn|18\n|inactive|B00M B4BY has 120 seconds left.\n|\n|t:|1701192392\n|move|p1a: Arceus|Swords Dance|p1a: Arceus\n|-boost|p1a: Arceus|atk|2\n|move|p2a: Arceus|Recover|p2a: Arceus\n|-heal|p2a: Arceus|100\/100\n|\n|-weather|SunnyDay|[upkeep]\n|upkeep\n|turn|19\n|inactive|B00M B4BY has 120 seconds left.\n|\n|t:|1701192413\n|move|p1a: Arceus|Extreme Speed|p2a: Arceus\n|-damage|p2a: Arceus|33\/100\n|move|p2a: Arceus|Judgment|p1a: Arceus\n|-damage|p1a: Arceus|17\/100\n|\n|-weather|SunnyDay|[upkeep]\n|upkeep\n|turn|20\n|inactive|ghostlyplanets has 60 seconds left.\n|\n|t:|1701192431\n|switch|p2a: Calyrex|Calyrex-Shadow|100\/100\n|-ability|p2a: Calyrex|As One\n|-ability|p2a: Calyrex|Unnerve\n|move|p1a: Arceus|Shadow Claw|p2a: Calyrex\n|-supereffective|p2a: Calyrex\n|-damage|p2a: Calyrex|0 fnt\n|faint|p2a: Calyrex\n|\n|-weather|none\n|upkeep\n|c|%A Bread Sandwich|lol\n|c|\u2606ghostlyplanets|wf\n|\n|t:|1701192455\n|switch|p2a: Koraidon|Koraidon|100\/100\n|-weather|SunnyDay|[from] ability: Orichalcum Pulse|[of] p2a: Koraidon\n|-activate|p2a: Koraidon|Orichalcum Pulse|[source]\n|turn|21\n|\n|t:|1701192462\n|move|p1a: Arceus|Extreme Speed|p2a: Koraidon\n|-damage|p2a: Koraidon|6\/100\n|move|p2a: Koraidon|Flare Blitz|p1a: Arceus\n|-damage|p1a: Arceus|0 fnt\n|faint|p1a: Arceus\n|-damage|p2a: Koraidon|0 fnt|[from] Recoil\n|faint|p2a: Koraidon\n|\n|-weather|SunnyDay|[upkeep]\n|upkeep\n|c|%A Bread Sandwich|don't make plays\n|\n|t:|1701192471\n|switch|p2a: Arceus|Arceus-Fairy|33\/100\n|switch|p1a: Koraidon|Koraidon|94\/100\n|-damage|p1a: Koraidon|88\/100|[from] Stealth Rock\n|-activate|p1a: Koraidon|ability: Orichalcum Pulse\n|turn|22\n|c|%A Bread Sandwich|if you don't have to\n|c|%A Bread Sandwich|lol\n|\n|t:|1701192487\n|move|p1a: Koraidon|Flare Blitz|p2a: Arceus\n|-crit|p2a: Arceus\n|-damage|p2a: Arceus|0 fnt\n|faint|p2a: Arceus\n|-damage|p1a: Koraidon|74\/100|[from] Recoil\n|\n|-weather|SunnyDay|[upkeep]\n|upkeep\n|\n|t:|1701192489\n|switch|p2a: Arceus|Arceus, tera:Normal|25\/100\n|turn|23\n|c|\u2606ghostlyplanets|gg\n|\n|t:|1701192500\n|move|p2a: Arceus|Extreme Speed|p1a: Koraidon\n|-damage|p1a: Koraidon|8\/100\n|-damage|p2a: Arceus|15\/100|[from] item: Life Orb\n|move|p1a: Koraidon|Flare Blitz|p2a: Arceus\n|-damage|p2a: Arceus|0 fnt\n|faint|p2a: Arceus\n|-damage|p1a: Koraidon|2\/100|[from] Recoil\n|\n|win|B00M B4BY\n|n|\u2606ghostlyplanets|ghostlyplanets\n|n|\u2606B00M B4BY|b00mb4by\n|n|+its zxc\u266a|itszxc\n|n| Farce Of The Death|farceofthedeath\n|n| A Bread Sandwich|abreadsandwich\n|l|\u2606ghostlyplanets\n","uploadtime":1701192533,"views":5,"p1id":"b00mb4by","p2id":"ghostlyplanets","formatid":"gen9anythinggoes","rating":0,"private":0,"password":""}