{"id":"gen9anythinggoes-1995619437","p1":"unknownartist720","p2":"HalaMadridSiuuu7","format":"[Gen 9] Anything Goes","log":"|j|\u2606unknownartist720\n|j|\u2606HalaMadridSiuuu7\n|t:|1700588072\n|gametype|singles\n|player|p1|unknownartist720|170|1143\n|player|p2|HalaMadridSiuuu7|giovanni|1064\n|teamsize|p1|6\n|teamsize|p2|6\n|gen|9\n|tier|[Gen 9] Anything Goes\n|rated|\n|rule|HP Percentage Mod: HP is shown in percentages\n|rule|Endless Battle Clause: Forcing endless battles is banned\n|clearpoke\n|poke|p1|Arbok, M|\n|poke|p1|Gyarados, M|\n|poke|p1|Eelektross, M|\n|poke|p1|Orthworm, M|\n|poke|p1|Dunsparce, M|\n|poke|p1|Dipplin, M|\n|poke|p2|Maushold-Four|\n|poke|p2|Maushold-Four|\n|poke|p2|Maushold-Four|\n|poke|p2|Maushold-Four|\n|poke|p2|Maushold-Four|\n|poke|p2|Maushold-Four|\n|teampreview\n|c|\u2606HalaMadridSiuuu7|When i see the avatar i know i am going to lose\n|\n|t:|1700588088\n|start\n|switch|p1a: Orthworm|Orthworm, M|100\/100\n|switch|p2a: Maushold|Maushold-Four|100\/100\n|turn|1\n|c|\u2606unknownartist720|lets do this\n|\n|t:|1700588097\n|move|p2a: Maushold|Low Kick|p1a: Orthworm\n|-supereffective|p1a: Orthworm\n|-damage|p1a: Orthworm|58\/100\n|move|p1a: Orthworm|Stealth Rock|p2a: Maushold\n|-sidestart|p2: HalaMadridSiuuu7|move: Stealth Rock\n|\n|-heal|p1a: Orthworm|64\/100|[from] item: Leftovers\n|upkeep\n|turn|2\n|\n|t:|1700588109\n|move|p2a: Maushold|Tidy Up|p2a: Maushold\n|-sideend|p2: HalaMadridSiuuu7|Stealth Rock\n|-activate|p2a: Maushold|move: Tidy Up\n|-boost|p2a: Maushold|atk|1\n|-boost|p2a: Maushold|spe|1\n|move|p1a: Orthworm|Iron Defense|p1a: Orthworm\n|-boost|p1a: Orthworm|def|2\n|\n|-heal|p1a: Orthworm|70\/100|[from] item: Leftovers\n|upkeep\n|turn|3\n|c|\u2606HalaMadridSiuuu7|A foolish miscalculation! My maushold knows tidy up\n|\n|t:|1700588135\n|move|p2a: Maushold|Low Kick|p1a: Orthworm\n|-supereffective|p1a: Orthworm\n|-damage|p1a: Orthworm|38\/100\n|move|p1a: Orthworm|Body Press|p2a: Maushold\n|-supereffective|p2a: Maushold\n|-damage|p2a: Maushold|0 fnt\n|faint|p2a: Maushold\n|\n|-heal|p1a: Orthworm|44\/100|[from] item: Leftovers\n|upkeep\n|c|\u2606unknownartist720|i know\n|c|\u2606HalaMadridSiuuu7|Damn\n|\n|t:|1700588144\n|switch|p2a: Maushold|Maushold-Four|100\/100\n|turn|4\n|\n|t:|1700588147\n|move|p2a: Maushold|Low Kick|p1a: Orthworm\n|-supereffective|p1a: Orthworm\n|-damage|p1a: Orthworm|20\/100\n|move|p1a: Orthworm|Body Press|p2a: Maushold\n|-supereffective|p2a: Maushold\n|-damage|p2a: Maushold|0 fnt\n|faint|p2a: Maushold\n|\n|-heal|p1a: Orthworm|26\/100|[from] item: Leftovers\n|upkeep\n|\n|t:|1700588155\n|switch|p2a: Maushold|Maushold-Four|100\/100\n|turn|5\n|\n|t:|1700588158\n|move|p2a: Maushold|Low Kick|p1a: Orthworm\n|-supereffective|p1a: Orthworm\n|-damage|p1a: Orthworm|4\/100\n|move|p1a: Orthworm|Body Press|p2a: Maushold\n|-supereffective|p2a: Maushold\n|-damage|p2a: Maushold|0 fnt\n|faint|p2a: Maushold\n|\n|-heal|p1a: Orthworm|10\/100|[from] item: Leftovers\n|upkeep\n|c|\u2606HalaMadridSiuuu7|Damn you orthworm\n|\n|t:|1700588169\n|switch|p2a: Maushold|Maushold-Four|100\/100\n|turn|6\n|c|\u2606HalaMadridSiuuu7|This ugly idiot\n|\n|t:|1700588175\n|move|p2a: Maushold|Low Kick|p1a: Orthworm\n|-supereffective|p1a: Orthworm\n|-damage|p1a: Orthworm|0 fnt\n|faint|p1a: Orthworm\n|\n|upkeep\n|c|\u2606HalaMadridSiuuu7|Finally\n|\n|t:|1700588181\n|switch|p1a: Eelektross|Eelektross, M|100\/100\n|turn|7\n|\n|t:|1700588186\n|move|p2a: Maushold|Population Bomb|p1a: Eelektross\n|-damage|p1a: Eelektross|92\/100\n|-damage|p1a: Eelektross|82\/100\n|-damage|p1a: Eelektross|74\/100\n|-damage|p1a: Eelektross|65\/100\n|-damage|p1a: Eelektross|56\/100\n|-damage|p1a: Eelektross|46\/100\n|-damage|p1a: Eelektross|38\/100\n|-damage|p1a: Eelektross|29\/100\n|-damage|p1a: Eelektross|21\/100\n|-damage|p1a: Eelektross|12\/100\n|-hitcount|p1a: Eelektross|10\n|move|p1a: Eelektross|Coil|p1a: Eelektross\n|-boost|p1a: Eelektross|atk|1\n|-boost|p1a: Eelektross|def|1\n|-boost|p1a: Eelektross|accuracy|1\n|\n|upkeep\n|turn|8\n|\n|t:|1700588225\n|move|p2a: Maushold|Population Bomb|p1a: Eelektross\n|-damage|p1a: Eelektross|7\/100\n|-damage|p1a: Eelektross|1\/100\n|-damage|p1a: Eelektross|0 fnt\n|faint|p1a: Eelektross\n|-hitcount|p1: Eelektross|3\n|\n|upkeep\n|\n|t:|1700588238\n|switch|p1a: Arbok|Arbok, M, shiny|100\/100\n|-ability|p1a: Arbok|Intimidate|boost\n|-unboost|p2a: Maushold|atk|1\n|turn|9\n|\n|t:|1700588249\n|move|p2a: Maushold|Population Bomb|p1a: Arbok\n|-damage|p1a: Arbok|93\/100\n|-damage|p1a: Arbok|86\/100\n|-damage|p1a: Arbok|79\/100\n|-damage|p1a: Arbok|71\/100\n|-hitcount|p1a: Arbok|4\n|move|p1a: Arbok|Scale Shot|p2a: Maushold\n|-damage|p2a: Maushold|89\/100\n|-damage|p2a: Maushold|79\/100\n|-damage|p2a: Maushold|68\/100\n|-damage|p2a: Maushold|56\/100\n|-damage|p2a: Maushold|44\/100\n|-hitcount|p2a: Maushold|5\n|-unboost|p1a: Arbok|def|1\n|-boost|p1a: Arbok|spe|1\n|\n|upkeep\n|turn|10\n|\n|t:|1700588267\n|move|p1a: Arbok|Scale Shot|p2a: Maushold\n|-damage|p2a: Maushold|33\/100\n|-damage|p2a: Maushold|23\/100\n|-damage|p2a: Maushold|12\/100\n|-damage|p2a: Maushold|1\/100\n|-damage|p2a: Maushold|0 fnt\n|faint|p2a: Maushold\n|-hitcount|p2: Maushold|5\n|-unboost|p1a: Arbok|def|1\n|-boost|p1a: Arbok|spe|1\n|\n|upkeep\n|\n|t:|1700588280\n|switch|p2a: Maushold|Maushold-Four|100\/100\n|turn|11\n|c|\u2606HalaMadridSiuuu7|Bro stop rigging like you are pionel pessi\n|\n|t:|1700588300\n|-terastallize|p2a: Maushold|Fire\n|move|p1a: Arbok|Earthquake|p2a: Maushold\n|-supereffective|p2a: Maushold\n|-damage|p2a: Maushold|9\/100\n|move|p2a: Maushold|Population Bomb|p1a: Arbok\n|-damage|p1a: Arbok|50\/100\n|-damage|p1a: Arbok|30\/100\n|-damage|p1a: Arbok|9\/100\n|-damage|p1a: Arbok|0 fnt\n|faint|p1a: Arbok\n|-hitcount|p1: Arbok|4\n|\n|upkeep\n|c|\u2606unknownartist720|wym?\n|c|\u2606HalaMadridSiuuu7|Haha\n|\n|t:|1700588313\n|switch|p1a: Gyarados|Gyarados, M|100\/100\n|turn|12\n|c|\u2606HalaMadridSiuuu7|Faster\n|\n|t:|1700588322\n|move|p2a: Maushold|Population Bomb|p1a: Gyarados\n|-damage|p1a: Gyarados|91\/100\n|-damage|p1a: Gyarados|81\/100\n|-damage|p1a: Gyarados|71\/100\n|-damage|p1a: Gyarados|62\/100\n|-hitcount|p1a: Gyarados|4\n|-enditem|p1a: Gyarados|Red Card|[of] p2a: Maushold\n|drag|p2a: Maushold|Maushold-Four|100\/100\n|move|p1a: Gyarados|Dragon Dance|p1a: Gyarados\n|-boost|p1a: Gyarados|atk|1\n|-boost|p1a: Gyarados|spe|1\n|\n|upkeep\n|turn|13\n|c|\u2606HalaMadridSiuuu7|Yay?\n|\n|t:|1700588336\n|move|p1a: Gyarados|Waterfall|p2a: Maushold\n|-damage|p2a: Maushold|12\/100\n|move|p2a: Maushold|Tidy Up|p2a: Maushold\n|-boost|p2a: Maushold|atk|1\n|-boost|p2a: Maushold|spe|1\n|\n|upkeep\n|turn|14\n|\n|t:|1700588344\n|move|p2a: Maushold|Population Bomb|p1a: Gyarados\n|-damage|p1a: Gyarados|48\/100\n|-damage|p1a: Gyarados|35\/100\n|-damage|p1a: Gyarados|22\/100\n|-damage|p1a: Gyarados|8\/100\n|-damage|p1a: Gyarados|0 fnt\n|faint|p1a: Gyarados\n|-hitcount|p1: Gyarados|5\n|\n|upkeep\n|c|\u2606HalaMadridSiuuu7|Be fast\n|c|\u2606HalaMadridSiuuu7|Yay\n|\n|t:|1700588360\n|switch|p1a: Dunsparce|Dunsparce, M|100\/100\n|turn|15\n|\n|t:|1700588378\n|-terastallize|p1a: Dunsparce|Normal\n|move|p2a: Maushold|Low Kick|p1a: Dunsparce\n|-supereffective|p1a: Dunsparce\n|-damage|p1a: Dunsparce|77\/100\n|move|p1a: Dunsparce|Headbutt|p2a: Maushold\n|-damage|p2a: Maushold|0 fnt\n|faint|p2a: Maushold\n|\n|upkeep\n|\n|t:|1700588387\n|switch|p2a: Maushold|Maushold-Four, tera:Fire|9\/100\n|turn|16\n|\n|t:|1700588392\n|move|p2a: Maushold|Population Bomb|p1a: Dunsparce\n|-damage|p1a: Dunsparce|70\/100\n|-crit|p1a: Dunsparce\n|-damage|p1a: Dunsparce|61\/100\n|-damage|p1a: Dunsparce|54\/100\n|-damage|p1a: Dunsparce|48\/100\n|-damage|p1a: Dunsparce|41\/100\n|-damage|p1a: Dunsparce|35\/100\n|-damage|p1a: Dunsparce|29\/100\n|-damage|p1a: Dunsparce|22\/100\n|-damage|p1a: Dunsparce|15\/100\n|-damage|p1a: Dunsparce|8\/100\n|-hitcount|p1a: Dunsparce|10\n|move|p1a: Dunsparce|Headbutt|p2a: Maushold\n|-damage|p2a: Maushold|0 fnt\n|faint|p2a: Maushold\n|\n|win|unknownartist720\n|raw|unknownartist720's rating: 1143 &rarr; <strong>1162<\/strong><br \/>(+19 for winning)\n|raw|HalaMadridSiuuu7's rating: 1064 &rarr; <strong>1049<\/strong><br \/>(-15 for losing)\n|c|\u2606unknownartist720|gg\n|c|\u2606unknownartist720|that family of maushold were a problem\n","uploadtime":1700588418,"views":1,"p1id":"unknownartist720","p2id":"halamadridsiuuu7","formatid":"gen9anythinggoes","rating":1049,"private":0,"password":""}