{"id":"gen9anythinggoes-1971497258","p1":"Yurabeach","p2":"akira8481","format":"[Gen 9] Anything Goes","log":"|j|\u2606Yurabeach\n|j|\u2606akira8481\n|t:|1697743153\n|gametype|singles\n|player|p1|Yurabeach|backpacker|1096\n|player|p2|akira8481|red|1000\n|teamsize|p1|6\n|teamsize|p2|6\n|gen|9\n|tier|[Gen 9] Anything Goes\n|rated|\n|rule|HP Percentage Mod: HP is shown in percentages\n|rule|Endless Battle Clause: Forcing endless battles is banned\n|clearpoke\n|poke|p1|Orthworm, M|\n|poke|p1|Clodsire, F|\n|poke|p1|Glimmora, M|\n|poke|p1|Garganacl, M|\n|poke|p1|Kingambit, M|\n|poke|p1|Ceruledge, M|\n|poke|p2|Corviknight, F|\n|poke|p2|Dragapult, M|\n|poke|p2|Toxapex, M|\n|poke|p2|Ursaluna-Bloodmoon, M|\n|poke|p2|Urshifu-*, M|\n|poke|p2|Armarouge, F|\n|teampreview\n|\n|t:|1697743162\n|start\n|switch|p1a: Ceruledge|Ceruledge, M, shiny|100\/100\n|switch|p2a: Corviknight|Corviknight, F|100\/100\n|-ability|p2a: Corviknight|Pressure\n|turn|1\n|\n|t:|1697743169\n|move|p1a: Ceruledge|Bitter Blade|p2a: Corviknight\n|-supereffective|p2a: Corviknight\n|-damage|p2a: Corviknight|49\/100\n|move|p2a: Corviknight|Brave Bird|p1a: Ceruledge\n|-damage|p1a: Ceruledge|47\/100\n|-ability|p1a: Ceruledge|Weak Armor|boost\n|-unboost|p1a: Ceruledge|def|1\n|-boost|p1a: Ceruledge|spe|2\n|-damage|p2a: Corviknight|36\/100|[from] Recoil\n|\n|-heal|p2a: Corviknight|42\/100|[from] item: Leftovers\n|upkeep\n|turn|2\n|\n|t:|1697743182\n|move|p1a: Ceruledge|Bitter Blade|p2a: Corviknight\n|-supereffective|p2a: Corviknight\n|-damage|p2a: Corviknight|0 fnt\n|-heal|p1a: Ceruledge|75\/100|[from] drain|[of] p2a: Corviknight\n|faint|p2a: Corviknight\n|\n|upkeep\n|\n|t:|1697743186\n|switch|p2a: Armarouge|Armarouge, F|100\/100\n|turn|3\n|\n|t:|1697743193\n|move|p1a: Ceruledge|Swords Dance|p1a: Ceruledge\n|-boost|p1a: Ceruledge|atk|2\n|move|p2a: Armarouge|Psyshock|p1a: Ceruledge\n|-damage|p1a: Ceruledge|0 fnt\n|faint|p1a: Ceruledge\n|\n|upkeep\n|\n|t:|1697743203\n|switch|p1a: Garganacl|Garganacl, M, shiny|100\/100\n|turn|4\n|\n|t:|1697743209\n|move|p2a: Armarouge|Psyshock|p1a: Garganacl\n|-damage|p1a: Garganacl|66\/100\n|move|p1a: Garganacl|Salt Cure|p2a: Armarouge\n|-supereffective|p2a: Armarouge\n|-damage|p2a: Armarouge|72\/100\n|-start|p2a: Armarouge|Salt Cure\n|-ability|p2a: Armarouge|Weak Armor|boost\n|-unboost|p2a: Armarouge|def|1\n|-boost|p2a: Armarouge|spe|2\n|\n|-damage|p2a: Armarouge|59\/100|[from] Salt Cure\n|upkeep\n|turn|5\n|\n|t:|1697743216\n|move|p2a: Armarouge|Psyshock|p1a: Garganacl\n|-damage|p1a: Garganacl|32\/100\n|move|p1a: Garganacl|Recover|p1a: Garganacl\n|-heal|p1a: Garganacl|83\/100\n|\n|-damage|p2a: Armarouge|47\/100|[from] Salt Cure\n|upkeep\n|turn|6\n|\n|t:|1697743220\n|move|p2a: Armarouge|Psyshock|p1a: Garganacl\n|-damage|p1a: Garganacl|46\/100\n|move|p1a: Garganacl|Iron Defense|p1a: Garganacl\n|-boost|p1a: Garganacl|def|2\n|\n|-damage|p2a: Armarouge|35\/100|[from] Salt Cure\n|upkeep\n|turn|7\n|\n|t:|1697743223\n|move|p2a: Armarouge|Psyshock|p1a: Garganacl\n|-damage|p1a: Garganacl|29\/100\n|move|p1a: Garganacl|Recover|p1a: Garganacl\n|-heal|p1a: Garganacl|79\/100\n|\n|-damage|p2a: Armarouge|23\/100|[from] Salt Cure\n|upkeep\n|turn|8\n|\n|t:|1697743230\n|move|p2a: Armarouge|Psyshock|p1a: Garganacl\n|-damage|p1a: Garganacl|62\/100\n|move|p1a: Garganacl|Recover|p1a: Garganacl\n|-heal|p1a: Garganacl|100\/100\n|\n|-damage|p2a: Armarouge|10\/100|[from] Salt Cure\n|upkeep\n|turn|9\n|\n|t:|1697743238\n|move|p2a: Armarouge|Psyshock|p1a: Garganacl\n|-damage|p1a: Garganacl|84\/100\n|move|p1a: Garganacl|Recover|p1a: Garganacl\n|-heal|p1a: Garganacl|100\/100\n|\n|-damage|p2a: Armarouge|0 fnt|[from] Salt Cure\n|faint|p2a: Armarouge\n|upkeep\n|\n|t:|1697743241\n|switch|p2a: Toxapex|Toxapex, M|100\/100\n|turn|10\n|\n|t:|1697743245\n|move|p2a: Toxapex|Surf|p1a: Garganacl\n|-supereffective|p1a: Garganacl\n|-damage|p1a: Garganacl|52\/100\n|move|p1a: Garganacl|Salt Cure|p2a: Toxapex\n|-damage|p2a: Toxapex|88\/100\n|-start|p2a: Toxapex|Salt Cure\n|\n|-damage|p2a: Toxapex|64\/100|[from] Salt Cure\n|upkeep\n|turn|11\n|\n|t:|1697743249\n|move|p2a: Toxapex|Surf|p1a: Garganacl\n|-supereffective|p1a: Garganacl\n|-damage|p1a: Garganacl|4\/100\n|move|p1a: Garganacl|Recover|p1a: Garganacl\n|-heal|p1a: Garganacl|54\/100\n|\n|-damage|p2a: Toxapex|39\/100|[from] Salt Cure\n|upkeep\n|turn|12\n|\n|t:|1697743254\n|switch|p1a: Clodsire|Clodsire, F, shiny|100\/100\n|move|p2a: Toxapex|Surf|p1a: Clodsire\n|-immune|p1a: Clodsire|[from] ability: Water Absorb\n|\n|-damage|p2a: Toxapex|14\/100|[from] Salt Cure\n|upkeep\n|turn|13\n|\n|t:|1697743267\n|move|p2a: Toxapex|Infestation|p1a: Clodsire\n|-resisted|p1a: Clodsire\n|-damage|p1a: Clodsire|99\/100\n|-activate|p1a: Clodsire|move: Infestation|[of] p2a: Toxapex\n|-damage|p2a: Toxapex|0 fnt|[from] item: Rocky Helmet|[of] p1a: Clodsire\n|faint|p2a: Toxapex\n|move|p1a: Clodsire|Earthquake|p2: Toxapex|[notarget]\n|-fail|p1a: Clodsire\n|\n|-end|p1a: Clodsire|Infestation|[partiallytrapped]|[silent]\n|upkeep\n|\n|t:|1697743275\n|switch|p2a: Dragapult|Dragapult, M|100\/100\n|turn|14\n|inactive|Battle timer is ON: inactive players will automatically lose when time's up. (requested by Yurabeach)\n|\n|t:|1697743282\n|switch|p1a: Glimmora|Glimmora, M, shiny|100\/100\n|move|p2a: Dragapult|Phantom Force||[still]\n|-prepare|p2a: Dragapult|Phantom Force\n|\n|upkeep\n|turn|15\n|\n|t:|1697743289\n|move|p2a: Dragapult|Phantom Force|p1a: Glimmora|[from]lockedmove\n|-damage|p1a: Glimmora|30\/100\n|-activate|p1a: Glimmora|ability: Toxic Debris\n|-sidestart|p2: akira8481|move: Toxic Spikes\n|move|p1a: Glimmora|Stealth Rock|p2a: Dragapult\n|-sidestart|p2: akira8481|move: Stealth Rock\n|\n|-heal|p1a: Glimmora|36\/100|[from] item: Black Sludge\n|upkeep\n|turn|16\n|\n|t:|1697743300\n|move|p2a: Dragapult|Phantom Force||[still]\n|-prepare|p2a: Dragapult|Phantom Force\n|move|p1a: Glimmora|Acid Armor|p1a: Glimmora\n|-boost|p1a: Glimmora|def|2\n|\n|-heal|p1a: Glimmora|42\/100|[from] item: Black Sludge\n|upkeep\n|turn|17\n|\n|t:|1697743308\n|move|p2a: Dragapult|Phantom Force|p1a: Glimmora|[from]lockedmove\n|-crit|p1a: Glimmora\n|-damage|p1a: Glimmora|0 fnt\n|-activate|p1a: Glimmora|ability: Toxic Debris\n|-sidestart|p2: akira8481|move: Toxic Spikes\n|faint|p1a: Glimmora\n|\n|upkeep\n|\n|t:|1697743316\n|switch|p1a: Garganacl|Garganacl, M, shiny|54\/100\n|turn|18\n|\n|t:|1697743322\n|-terastallize|p2a: Dragapult|Dragon\n|move|p2a: Dragapult|Phantom Force||[still]\n|-prepare|p2a: Dragapult|Phantom Force\n|move|p1a: Garganacl|Recover|p1a: Garganacl\n|-heal|p1a: Garganacl|100\/100\n|\n|upkeep\n|turn|19\n|\n|t:|1697743330\n|move|p2a: Dragapult|Phantom Force|p1a: Garganacl|[from]lockedmove\n|-damage|p1a: Garganacl|81\/100\n|move|p1a: Garganacl|Salt Cure|p2a: Dragapult\n|-damage|p2a: Dragapult|81\/100\n|-start|p2a: Dragapult|Salt Cure\n|\n|-damage|p2a: Dragapult|69\/100|[from] Salt Cure\n|upkeep\n|turn|20\n|\n|t:|1697743335\n|move|p2a: Dragapult|Phantom Force||[still]\n|-prepare|p2a: Dragapult|Phantom Force\n|move|p1a: Garganacl|Iron Defense|p1a: Garganacl\n|-boost|p1a: Garganacl|def|2\n|\n|-damage|p2a: Dragapult|57\/100|[from] Salt Cure\n|upkeep\n|turn|21\n|\n|t:|1697743346\n|move|p2a: Dragapult|Phantom Force|p1a: Garganacl|[from]lockedmove\n|-damage|p1a: Garganacl|71\/100\n|move|p1a: Garganacl|Iron Defense|p1a: Garganacl\n|-boost|p1a: Garganacl|def|2\n|\n|-damage|p2a: Dragapult|44\/100|[from] Salt Cure\n|upkeep\n|turn|22\n|\n|t:|1697743351\n|switch|p2a: Urshifu|Urshifu, M|100\/100\n|-status|p2a: Urshifu|tox\n|-damage|p2a: Urshifu|94\/100 tox|[from] Stealth Rock\n|move|p1a: Garganacl|Iron Defense|p1a: Garganacl\n|-boost|p1a: Garganacl|def|2\n|\n|-damage|p2a: Urshifu|88\/100 tox|[from] psn\n|upkeep\n|turn|23\n|\n|t:|1697743362\n|move|p2a: Urshifu|Sucker Punch|p1a: Garganacl\n|-damage|p1a: Garganacl|61\/100\n|move|p1a: Garganacl|Body Press|p2a: Urshifu\n|-supereffective|p2a: Urshifu\n|-damage|p2a: Urshifu|0 fnt\n|faint|p2a: Urshifu\n|\n|upkeep\n|\n|t:|1697743365\n|switch|p2a: Ursaluna|Ursaluna-Bloodmoon, M|100\/100\n|turn|24\n|\n|t:|1697743373\n|-terastallize|p1a: Garganacl|Flying\n|move|p2a: Ursaluna|Blood Moon|p1a: Garganacl\n|-damage|p1a: Garganacl|2\/100\n|move|p1a: Garganacl|Body Press|p2a: Ursaluna\n|-supereffective|p2a: Ursaluna\n|-damage|p2a: Ursaluna|0 fnt\n|faint|p2a: Ursaluna\n|\n|upkeep\n|\n|t:|1697743377\n|switch|p2a: Dragapult|Dragapult, M, tera:Dragon|44\/100\n|-status|p2a: Dragapult|tox\n|-damage|p2a: Dragapult|32\/100 tox|[from] Stealth Rock\n|turn|25\n|\n|t:|1697743389\n|move|p2a: Dragapult|Dragon Darts|p1a: Garganacl\n|-crit|p1a: Garganacl\n|-damage|p1a: Garganacl|0 fnt\n|faint|p1a: Garganacl\n|\n|-damage|p2a: Dragapult|26\/100 tox|[from] psn\n|upkeep\n|\n|t:|1697743392\n|switch|p1a: Orthworm|Orthworm, M, shiny|100\/100\n|turn|26\n|\n|t:|1697743397\n|move|p2a: Dragapult|Dragon Darts|p1a: Orthworm\n|-resisted|p1a: Orthworm\n|-damage|p1a: Orthworm|85\/100\n|-anim|p2a: Dragapult|Dragon Darts|p1a: Orthworm\n|-resisted|p1a: Orthworm\n|-damage|p1a: Orthworm|70\/100\n|move|p1a: Orthworm|Coil|p1a: Orthworm\n|-boost|p1a: Orthworm|atk|1\n|-boost|p1a: Orthworm|def|1\n|-boost|p1a: Orthworm|accuracy|1\n|\n|-heal|p1a: Orthworm|76\/100|[from] item: Leftovers\n|-damage|p2a: Dragapult|14\/100 tox|[from] psn\n|upkeep\n|turn|27\n|\n|t:|1697743402\n|move|p2a: Dragapult|Dragon Darts|p1a: Orthworm\n|-resisted|p1a: Orthworm\n|-damage|p1a: Orthworm|65\/100\n|-anim|p2a: Dragapult|Dragon Darts|p1a: Orthworm\n|-resisted|p1a: Orthworm\n|-damage|p1a: Orthworm|54\/100\n|move|p1a: Orthworm|Coil|p1a: Orthworm\n|-boost|p1a: Orthworm|atk|1\n|-boost|p1a: Orthworm|def|1\n|-boost|p1a: Orthworm|accuracy|1\n|\n|-heal|p1a: Orthworm|60\/100|[from] item: Leftovers\n|-damage|p2a: Dragapult|0 fnt|[from] psn\n|faint|p2a: Dragapult\n|\n|win|Yurabeach\n|upkeep\n|raw|Yurabeach's rating: 1096 &rarr; <strong>1115<\/strong><br \/>(+19 for winning)\n|raw|akira8481's rating: 1000 &rarr; <strong>1000<\/strong><br \/>(+0 for losing)\n|l|\u2606akira8481\n","uploadtime":1697743409,"views":3,"p1id":"yurabeach","p2id":"akira8481","formatid":"gen9anythinggoes","rating":1000,"private":0,"password":""}