{"id":"gen9anythinggoes-1974371005","p1":"Ultragaming777","p2":"darkblastr\/Darx","format":"[Gen 9] Anything Goes","log":"|j|\u2606Ultragaming777\n|j|\u2606darkblastr\/Darx\n|t:|1698081655\n|gametype|singles\n|player|p1|Ultragaming777|rosa|1147\n|player|p2|darkblastr\/Darx|hilbert|1000\n|teamsize|p1|6\n|teamsize|p2|6\n|gen|9\n|tier|[Gen 9] Anything Goes\n|rated|\n|rule|HP Percentage Mod: HP is shown in percentages\n|rule|Endless Battle Clause: Forcing endless battles is banned\n|clearpoke\n|poke|p1|Calyrex-Ice|\n|poke|p1|Charizard, M|\n|poke|p1|Zapdos-Galar|\n|poke|p1|Greninja-*, M|\n|poke|p1|Rayquaza|\n|poke|p1|Gallade, M|\n|poke|p2|Iron Jugulis|\n|poke|p2|Magnezone|\n|poke|p2|Garchomp, F|\n|poke|p2|Meowscarada, M|\n|poke|p2|Clodsire, F|\n|poke|p2|Volcarona, F|\n|teampreview\n|inactive|Battle timer is ON: inactive players will automatically lose when time's up. (requested by Ultragaming777)\n|\n|t:|1698081667\n|start\n|switch|p1a: Zapdos|Zapdos-Galar, shiny|100\/100\n|switch|p2a: Clodsire|Clodsire, F|100\/100\n|turn|1\n|\n|t:|1698081694\n|move|p1a: Zapdos|Thunderous Kick|p2a: Clodsire\n|-resisted|p2a: Clodsire\n|-damage|p2a: Clodsire|71\/100\n|-unboost|p2a: Clodsire|def|1\n|move|p2a: Clodsire|Earthquake|p1a: Zapdos\n|-immune|p1a: Zapdos\n|\n|upkeep\n|turn|2\n|inactive|darkblastr\/Darx has 120 seconds left.\n|c|\u2606darkblastr\/Darx|how is it still flying when its feet are on the ground\n|\n|t:|1698081724\n|move|p1a: Zapdos|Thunderous Kick|p2a: Clodsire\n|-resisted|p2a: Clodsire\n|-damage|p2a: Clodsire|26\/100\n|-unboost|p2a: Clodsire|def|1\n|move|p2a: Clodsire|Sludge Wave|p1a: Zapdos\n|-damage|p1a: Zapdos|78\/100\n|\n|upkeep\n|turn|3\n|\n|t:|1698081733\n|switch|p2a: Iron Jugulis|Iron Jugulis|100\/100\n|move|p1a: Zapdos|Thunderous Kick|p2a: Iron Jugulis\n|-damage|p2a: Iron Jugulis|54\/100\n|-unboost|p2a: Iron Jugulis|def|1\n|-enditem|p2a: Iron Jugulis|Eject Button\n|\n|t:|1698081744\n|-end|p2a: Iron Jugulis|Quark Drive|[silent]\n|switch|p2a: Garchomp|Garchomp, F|100\/100\n|\n|upkeep\n|turn|4\n|\n|t:|1698081752\n|move|p2a: Garchomp|Substitute|p2a: Garchomp\n|-start|p2a: Garchomp|Substitute\n|-damage|p2a: Garchomp|76\/100\n|move|p1a: Zapdos|Thunderous Kick|p2a: Garchomp\n|-end|p2a: Garchomp|Substitute\n|\n|upkeep\n|turn|5\n|\n|t:|1698081759\n|move|p2a: Garchomp|Dragon Pulse|p1a: Zapdos\n|-damage|p1a: Zapdos|40\/100\n|move|p1a: Zapdos|Thunderous Kick|p2a: Garchomp\n|-damage|p2a: Garchomp|25\/100\n|-unboost|p2a: Garchomp|def|1\n|-damage|p1a: Zapdos|27\/100|[from] ability: Rough Skin|[of] p2a: Garchomp\n|\n|upkeep\n|turn|6\n|inactive|darkblastr\/Darx has 120 seconds left.\n|\n|t:|1698081767\n|move|p2a: Garchomp|Dragon Pulse|p1a: Zapdos\n|-damage|p1a: Zapdos|0 fnt\n|faint|p1a: Zapdos\n|\n|upkeep\n|\n|t:|1698081770\n|switch|p1a: Greninja|Greninja, M|100\/100\n|turn|7\n|\n|t:|1698081776\n|switch|p2a: Meowscarada|Meowscarada, M|100\/100\n|move|p1a: Greninja|Ice Beam|p2a: Meowscarada\n|-supereffective|p2a: Meowscarada\n|-damage|p2a: Meowscarada|50\/100\n|\n|-heal|p2a: Meowscarada|56\/100|[from] item: Leftovers\n|upkeep\n|turn|8\n|\n|t:|1698081786\n|move|p1a: Greninja|Ice Beam|p2a: Meowscarada\n|-supereffective|p2a: Meowscarada\n|-damage|p2a: Meowscarada|2\/100\n|move|p2a: Meowscarada|Flower Trick|p1a: Greninja\n|-supereffective|p1a: Greninja\n|-crit|p1a: Greninja\n|-damage|p1a: Greninja|0 fnt\n|faint|p1a: Greninja\n|\n|-heal|p2a: Meowscarada|8\/100|[from] item: Leftovers\n|upkeep\n|\n|t:|1698081790\n|switch|p1a: Calyrex|Calyrex-Ice|100\/100\n|-ability|p1a: Calyrex|As One\n|-ability|p1a: Calyrex|Unnerve\n|turn|9\n|\n|t:|1698081802\n|switch|p2a: Volcarona|Volcarona, F|100\/100\n|-terastallize|p1a: Calyrex|Ice\n|move|p1a: Calyrex|Body Slam|p2a: Volcarona\n|-damage|p2a: Volcarona|56\/100\n|\n|upkeep\n|turn|10\n|\n|t:|1698081812\n|switch|p1a: Charizard|Charizard, M, shiny|100\/100\n|move|p2a: Volcarona|Fire Blast|p1a: Charizard\n|-resisted|p1a: Charizard\n|-damage|p1a: Charizard|75\/100\n|\n|-heal|p1a: Charizard|81\/100|[from] item: Leftovers\n|upkeep\n|turn|11\n|\n|t:|1698081823\n|switch|p2a: Clodsire|Clodsire, F|26\/100\n|move|p1a: Charizard|Dragon Dance|p1a: Charizard\n|-boost|p1a: Charizard|atk|1\n|-boost|p1a: Charizard|spe|1\n|\n|-heal|p1a: Charizard|87\/100|[from] item: Leftovers\n|upkeep\n|turn|12\n|\n|t:|1698081834\n|move|p1a: Charizard|Dragon Claw|p2a: Clodsire\n|-damage|p2a: Clodsire|0 fnt\n|faint|p2a: Clodsire\n|\n|-heal|p1a: Charizard|93\/100|[from] item: Leftovers\n|upkeep\n|\n|t:|1698081843\n|switch|p2a: Magnezone|Magnezone|100\/100\n|-item|p2a: Magnezone|Air Balloon\n|turn|13\n|\n|t:|1698081858\n|switch|p2a: Garchomp|Garchomp, F|25\/100\n|move|p1a: Charizard|Fire Punch|p2a: Garchomp\n|-resisted|p2a: Garchomp\n|-damage|p2a: Garchomp|5\/100\n|-damage|p1a: Charizard|81\/100|[from] ability: Rough Skin|[of] p2a: Garchomp\n|\n|-heal|p1a: Charizard|87\/100|[from] item: Leftovers\n|upkeep\n|turn|14\n|\n|t:|1698081868\n|move|p1a: Charizard|Crunch|p2a: Garchomp\n|-damage|p2a: Garchomp|0 fnt\n|-damage|p1a: Charizard|74\/100|[from] ability: Rough Skin|[of] p2a: Garchomp\n|faint|p2a: Garchomp\n|\n|-heal|p1a: Charizard|80\/100|[from] item: Leftovers\n|upkeep\n|\n|t:|1698081878\n|switch|p2a: Iron Jugulis|Iron Jugulis|54\/100\n|turn|15\n|\n|t:|1698081883\n|move|p1a: Charizard|Dragon Claw|p2a: Iron Jugulis\n|-damage|p2a: Iron Jugulis|28\/100\n|move|p2a: Iron Jugulis|Hydro Pump|p1a: Charizard\n|-supereffective|p1a: Charizard\n|-damage|p1a: Charizard|17\/100\n|\n|-heal|p1a: Charizard|23\/100|[from] item: Leftovers\n|upkeep\n|turn|16\n|\n|t:|1698081895\n|move|p1a: Charizard|Dragon Claw|p2a: Iron Jugulis\n|-damage|p2a: Iron Jugulis|0 fnt\n|faint|p2a: Iron Jugulis\n|-end|p2a: Iron Jugulis|Quark Drive|[silent]\n|\n|-heal|p1a: Charizard|29\/100|[from] item: Leftovers\n|upkeep\n|\n|t:|1698081904\n|switch|p2a: Magnezone|Magnezone|100\/100\n|-item|p2a: Magnezone|Air Balloon\n|turn|17\n|\n|t:|1698081908\n|move|p1a: Charizard|Fire Punch|p2a: Magnezone\n|-supereffective|p2a: Magnezone\n|-damage|p2a: Magnezone|0 fnt\n|-enditem|p2a: Magnezone|Air Balloon\n|faint|p2a: Magnezone\n|\n|-heal|p1a: Charizard|35\/100|[from] item: Leftovers\n|upkeep\n|\n|t:|1698081927\n|switch|p2a: Volcarona|Volcarona, F|56\/100\n|turn|18\n|\n|t:|1698081932\n|move|p1a: Charizard|Crunch|p2a: Volcarona\n|-damage|p2a: Volcarona|21\/100\n|-unboost|p2a: Volcarona|def|1\n|move|p2a: Volcarona|Giga Impact|p1a: Charizard\n|-damage|p1a: Charizard|0 fnt\n|-mustrecharge|p2a: Volcarona\n|faint|p1a: Charizard\n|\n|upkeep\n|\n|t:|1698081939\n|switch|p1a: Calyrex|Calyrex-Ice, tera:Ice|100\/100\n|-ability|p1a: Calyrex|As One\n|-ability|p1a: Calyrex|Unnerve\n|turn|19\n|\n|t:|1698081952\n|cant|p2a: Volcarona|recharge\n|move|p1a: Calyrex|Glacial Lance|p2a: Volcarona\n|-resisted|p2a: Volcarona\n|-damage|p2a: Volcarona|0 fnt\n|faint|p2a: Volcarona\n|-ability|p1a: Calyrex|Chilling Neigh|boost\n|-boost|p1a: Calyrex|atk|1\n|\n|upkeep\n|\n|t:|1698081955\n|switch|p2a: Meowscarada|Meowscarada, M|8\/100\n|turn|20\n|n|!darkblastr\/Darx|darkblastrdarx\n|-message|darkblastr\/Darx forfeited.\n|\n|win|Ultragaming777\n|raw|Ultragaming777's rating: 1147 &rarr; <strong>1162<\/strong><br \/>(+15 for winning)\n|raw|darkblastr&#x2f;Darx's rating: 1000 &rarr; <strong>1000<\/strong><br \/>(+0 for losing)\n|l|!darkblastr\/Darx\n","uploadtime":1698081965,"views":9,"p1id":"ultragaming777","p2id":"darkblastrdarx","formatid":"gen9anythinggoes","rating":1000,"private":0,"password":""}