{"id":"gen9anythinggoes-1994294987","p1":"gummyturtlez","p2":"ok you said it","format":"[Gen 9] Anything Goes","log":"|j|\u2606gummyturtlez\n|j|\u2606ok you said it\n|t:|1700428075\n|gametype|singles\n|player|p1|gummyturtlez|170|1213\n|player|p2|ok you said it|red|1152\n|teamsize|p1|6\n|teamsize|p2|6\n|gen|9\n|tier|[Gen 9] Anything Goes\n|rated|\n|rule|HP Percentage Mod: HP is shown in percentages\n|rule|Endless Battle Clause: Forcing endless battles is banned\n|clearpoke\n|poke|p1|Eternatus|\n|poke|p1|Amoonguss, M|\n|poke|p1|Houndstone, M|\n|poke|p1|Tyranitar, M|\n|poke|p1|Alomomola, M|\n|poke|p1|Toxapex, M|\n|poke|p2|Ribombee, F|\n|poke|p2|Manaphy|\n|poke|p2|Iron Moth|\n|poke|p2|Iron Valiant|\n|poke|p2|Kingambit, M|\n|poke|p2|Gholdengo|\n|teampreview\n|c|\u2606gummyturtlez|glhf\n|c|\u2606ok you said it|gl\n|\n|t:|1700428099\n|start\n|switch|p1a: Amoonguss|Amoonguss, M|100\/100\n|switch|p2a: Ribombee|Ribombee, F|100\/100\n|turn|1\n|\n|t:|1700428106\n|move|p2a: Ribombee|Sticky Web|p1a: Amoonguss\n|-sidestart|p1: gummyturtlez|move: Sticky Web\n|move|p1a: Amoonguss|Spore|p2a: Ribombee\n|-status|p2a: Ribombee|slp|[from] move: Spore\n|\n|upkeep\n|turn|2\n|\n|t:|1700428114\n|cant|p2a: Ribombee|slp\n|move|p1a: Amoonguss|Clear Smog|p2a: Ribombee\n|-supereffective|p2a: Ribombee\n|-damage|p2a: Ribombee|49\/100 slp\n|-clearboost|p2a: Ribombee\n|\n|upkeep\n|turn|3\n|\n|t:|1700428122\n|-curestatus|p2a: Ribombee|slp|[msg]\n|move|p2a: Ribombee|Psychic|p1a: Amoonguss\n|-supereffective|p1a: Amoonguss\n|-damage|p1a: Amoonguss|63\/100\n|move|p1a: Amoonguss|Clear Smog|p2a: Ribombee\n|-supereffective|p2a: Ribombee\n|-damage|p2a: Ribombee|1\/100\n|-clearboost|p2a: Ribombee\n|\n|upkeep\n|turn|4\n|c|\u2606ok you said it|1\n|c|\u2606ok you said it|h\n|c|\u2606ok you said it|p\n|c|\u2606gummyturtlez|:(\n|\n|t:|1700428142\n|switch|p1a: Alomomola|Alomomola, M|100\/100\n|-activate|p1a: Alomomola|move: Sticky Web\n|-unboost|p1a: Alomomola|spe|1\n|move|p2a: Ribombee|Psychic|p1a: Alomomola\n|-damage|p1a: Alomomola|69\/100\n|-unboost|p1a: Alomomola|spd|1\n|\n|upkeep\n|turn|5\n|\n|t:|1700428152\n|move|p2a: Ribombee|Moonblast|p1a: Alomomola\n|-damage|p1a: Alomomola|0 fnt\n|faint|p1a: Alomomola\n|\n|upkeep\n|\n|t:|1700428155\n|switch|p1a: Toxapex|Toxapex, M|100\/100\n|-activate|p1a: Toxapex|move: Sticky Web\n|-unboost|p1a: Toxapex|spe|1\n|turn|6\n|c|\u2606gummyturtlez|i give up...\n|c|\u2606gummyturtlez|swept by rimbombee\n|\n|t:|1700428169\n|move|p2a: Ribombee|Psychic|p1a: Toxapex\n|-supereffective|p1a: Toxapex\n|-damage|p1a: Toxapex|55\/100\n|move|p1a: Toxapex|Toxic Spikes|p2a: Ribombee\n|-sidestart|p2: ok you said it|move: Toxic Spikes\n|\n|-heal|p1a: Toxapex|61\/100|[from] item: Black Sludge\n|upkeep\n|turn|7\n|c|\u2606ok you said it|im posting this in lobby\n|\n|t:|1700428188\n|move|p2a: Ribombee|Psychic|p1a: Toxapex\n|-supereffective|p1a: Toxapex\n|-damage|p1a: Toxapex|17\/100\n|move|p1a: Toxapex|Toxic Spikes|p2a: Ribombee\n|-sidestart|p2: ok you said it|move: Toxic Spikes\n|\n|-heal|p1a: Toxapex|24\/100|[from] item: Black Sludge\n|upkeep\n|turn|8\n|c|\u2606gummyturtlez|y :(\n|\n|t:|1700428200\n|move|p1a: Toxapex|Baneful Bunker|p1a: Toxapex\n|-singleturn|p1a: Toxapex|move: Protect\n|move|p2a: Ribombee|Psychic|p1a: Toxapex\n|-activate|p1a: Toxapex|move: Protect\n|\n|-heal|p1a: Toxapex|30\/100|[from] item: Black Sludge\n|upkeep\n|turn|9\n|c|\u2606ok you said it|hahahaha\n|c|\u2606gummyturtlez|almost everything i got weak to psychic\n|\n|t:|1700428219\n|switch|p1a: Tyranitar|Tyranitar, M|100\/100\n|-activate|p1a: Tyranitar|move: Sticky Web\n|-unboost|p1a: Tyranitar|spe|1\n|-weather|Sandstorm|[from] ability: Sand Stream|[of] p1a: Tyranitar\n|move|p2a: Ribombee|Psychic|p1a: Tyranitar\n|-immune|p1a: Tyranitar\n|\n|-weather|Sandstorm|[upkeep]\n|-damage|p2a: Ribombee|0 fnt|[from] Sandstorm\n|faint|p2a: Ribombee\n|upkeep\n|c|\u2606gummyturtlez|im dumb\n|\n|t:|1700428231\n|switch|p2a: Manaphy|Manaphy|100\/100\n|-status|p2a: Manaphy|tox\n|turn|10\n|c|\u2606ok you said it|ye\n|\n|t:|1700428246\n|-terastallize|p1a: Tyranitar|Fairy\n|move|p2a: Manaphy|Take Heart|p2a: Manaphy\n|-boost|p2a: Manaphy|spa|1\n|-boost|p2a: Manaphy|spd|1\n|-curestatus|p2a: Manaphy|tox|[msg]\n|move|p1a: Tyranitar|Thunder Wave|p2a: Manaphy\n|-status|p2a: Manaphy|par\n|\n|-weather|Sandstorm|[upkeep]\n|-damage|p2a: Manaphy|94\/100 par|[from] Sandstorm\n|-damage|p1a: Tyranitar|94\/100|[from] Sandstorm\n|-heal|p2a: Manaphy|100\/100 par|[from] item: Leftovers\n|upkeep\n|turn|11\n|\n|t:|1700428263\n|move|p2a: Manaphy|Take Heart|p2a: Manaphy\n|-boost|p2a: Manaphy|spa|1\n|-boost|p2a: Manaphy|spd|1\n|-curestatus|p2a: Manaphy|par|[msg]\n|move|p1a: Tyranitar|Rock Blast|p2a: Manaphy\n|-damage|p2a: Manaphy|91\/100\n|-damage|p2a: Manaphy|81\/100\n|-hitcount|p2a: Manaphy|2\n|\n|-weather|Sandstorm|[upkeep]\n|-damage|p2a: Manaphy|75\/100|[from] Sandstorm\n|-damage|p1a: Tyranitar|88\/100|[from] Sandstorm\n|-heal|p2a: Manaphy|81\/100|[from] item: Leftovers\n|upkeep\n|turn|12\n|c|\u2606ok you said it|you fool\n|c|\u2606gummyturtlez|:(\n|\n|t:|1700428274\n|switch|p1a: Amoonguss|Amoonguss, M|96\/100\n|-activate|p1a: Amoonguss|move: Sticky Web\n|-unboost|p1a: Amoonguss|spe|1\n|move|p2a: Manaphy|Acid Armor|p2a: Manaphy\n|-boost|p2a: Manaphy|def|2\n|\n|-weather|Sandstorm|[upkeep]\n|-damage|p2a: Manaphy|75\/100|[from] Sandstorm\n|-damage|p1a: Amoonguss|90\/100|[from] Sandstorm\n|-heal|p2a: Manaphy|81\/100|[from] item: Leftovers\n|upkeep\n|turn|13\n|c|\u2606gummyturtlez|i aint played this seriously in a yr or so\n|c|\u2606gummyturtlez|so i suck rn\n|c|\u2606ok you said it|I feel bad\n|c|\u2606gummyturtlez|:(\n|\n|t:|1700428304\n|move|p2a: Manaphy|Acid Armor|p2a: Manaphy\n|-boost|p2a: Manaphy|def|2\n|move|p1a: Amoonguss|Clear Smog|p2a: Manaphy\n|-damage|p2a: Manaphy|75\/100\n|-clearboost|p2a: Manaphy\n|\n|-weather|Sandstorm|[upkeep]\n|-damage|p2a: Manaphy|69\/100|[from] Sandstorm\n|-damage|p1a: Amoonguss|84\/100|[from] Sandstorm\n|-heal|p2a: Manaphy|75\/100|[from] item: Leftovers\n|upkeep\n|turn|14\n|c|\u2606ok you said it|oh\n|c|\u2606ok you said it|grass\n|c|\u2606ok you said it|now im dumb\n|c|\u2606gummyturtlez|???\n|\n|t:|1700428335\n|-terastallize|p2a: Manaphy|Dragon\n|move|p2a: Manaphy|Take Heart|p2a: Manaphy\n|-boost|p2a: Manaphy|spa|1\n|-boost|p2a: Manaphy|spd|1\n|move|p1a: Amoonguss|Spore|p2a: Manaphy\n|-status|p2a: Manaphy|slp|[from] move: Spore\n|\n|-weather|Sandstorm|[upkeep]\n|-damage|p2a: Manaphy|69\/100 slp|[from] Sandstorm\n|-damage|p1a: Amoonguss|78\/100|[from] Sandstorm\n|-heal|p2a: Manaphy|75\/100 slp|[from] item: Leftovers\n|upkeep\n|turn|15\n|\n|t:|1700428347\n|switch|p1a: Eternatus|Eternatus|100\/100\n|-activate|p1a: Eternatus|move: Sticky Web\n|-unboost|p1a: Eternatus|spe|1\n|-ability|p1a: Eternatus|Pressure\n|cant|p2a: Manaphy|slp\n|\n|-weather|Sandstorm|[upkeep]\n|-damage|p1a: Eternatus|94\/100|[from] Sandstorm\n|-damage|p2a: Manaphy|69\/100 slp|[from] Sandstorm\n|-heal|p2a: Manaphy|75\/100 slp|[from] item: Leftovers\n|upkeep\n|turn|16\n|\n|t:|1700428362\n|move|p1a: Eternatus|Dynamax Cannon|p2a: Manaphy\n|-supereffective|p2a: Manaphy\n|-damage|p2a: Manaphy|0 fnt\n|faint|p2a: Manaphy\n|-damage|p1a: Eternatus|84\/100|[from] item: Life Orb\n|\n|-weather|none\n|upkeep\n|\n|t:|1700428388\n|switch|p2a: Iron Valiant|Iron Valiant|100\/100\n|-status|p2a: Iron Valiant|tox\n|-enditem|p2a: Iron Valiant|Booster Energy\n|-activate|p2a: Iron Valiant|ability: Quark Drive|[fromitem]\n|-start|p2a: Iron Valiant|quarkdrivespe\n|turn|17\n|c|\u2606ok you said it|your speed\n|\n|t:|1700428404\n|move|p2a: Iron Valiant|Hypnosis|p1a: Eternatus\n|-status|p1a: Eternatus|slp|[from] move: Hypnosis\n|cant|p1a: Eternatus|slp\n|\n|-damage|p2a: Iron Valiant|94\/100 tox|[from] psn\n|upkeep\n|turn|18\n|c|\u2606gummyturtlez|oh no...\n|\n|t:|1700428415\n|move|p2a: Iron Valiant|Psychic|p1a: Eternatus\n|-supereffective|p1a: Eternatus\n|-damage|p1a: Eternatus|42\/100 slp\n|cant|p1a: Eternatus|slp\n|\n|-damage|p2a: Iron Valiant|82\/100 tox|[from] psn\n|upkeep\n|turn|19\n|\n|t:|1700428422\n|switch|p1a: Tyranitar|Tyranitar, M, tera:Fairy|88\/100\n|-activate|p1a: Tyranitar|move: Sticky Web\n|-unboost|p1a: Tyranitar|spe|1\n|-weather|Sandstorm|[from] ability: Sand Stream|[of] p1a: Tyranitar\n|move|p2a: Iron Valiant|Psychic|p1a: Tyranitar\n|-damage|p1a: Tyranitar|72\/100\n|\n|-weather|Sandstorm|[upkeep]\n|-damage|p2a: Iron Valiant|76\/100 tox|[from] Sandstorm\n|-damage|p1a: Tyranitar|66\/100|[from] Sandstorm\n|-damage|p2a: Iron Valiant|57\/100 tox|[from] psn\n|upkeep\n|turn|20\n|\n|t:|1700428437\n|-end|p2a: Iron Valiant|Quark Drive|[silent]\n|switch|p2a: Gholdengo|Gholdengo|100\/100\n|move|p1a: Tyranitar|Stealth Rock|p2a: Gholdengo\n|-sidestart|p2: ok you said it|move: Stealth Rock\n|\n|-weather|Sandstorm|[upkeep]\n|-damage|p1a: Tyranitar|60\/100|[from] Sandstorm\n|upkeep\n|turn|21\n|inactive|Battle timer is ON: inactive players will automatically lose when time's up. (requested by gummyturtlez)\n|\n|t:|1700428465\n|switch|p1a: Toxapex|Toxapex, M|63\/100\n|-activate|p1a: Toxapex|move: Sticky Web\n|-unboost|p1a: Toxapex|spe|1\n|move|p2a: Gholdengo|Make It Rain|p1a: Toxapex\n|-resisted|p1a: Toxapex\n|-damage|p1a: Toxapex|38\/100\n|-unboost|p2a: Gholdengo|spa|1\n|\n|-weather|Sandstorm|[upkeep]\n|-damage|p1a: Toxapex|32\/100|[from] Sandstorm\n|-heal|p1a: Toxapex|38\/100|[from] item: Black Sludge\n|upkeep\n|turn|22\n|\n|t:|1700428485\n|switch|p2a: Kingambit|Kingambit, M|100\/100\n|-damage|p2a: Kingambit|94\/100|[from] Stealth Rock\n|-activate|p2a: Kingambit|ability: Supreme Overlord\n|-start|p2a: Kingambit|fallen2|[silent]\n|move|p1a: Toxapex|Baneful Bunker||[still]\n|-fail|p1a: Toxapex\n|\n|-weather|Sandstorm|[upkeep]\n|-damage|p1a: Toxapex|32\/100|[from] Sandstorm\n|-heal|p2a: Kingambit|100\/100|[from] item: Leftovers\n|-heal|p1a: Toxapex|38\/100|[from] item: Black Sludge\n|upkeep\n|turn|23\n|\n|t:|1700428500\n|-end|p2a: Kingambit|fallen2|[silent]\n|switch|p2a: Iron Valiant|Iron Valiant|57\/100 tox\n|-damage|p2a: Iron Valiant|51\/100 tox|[from] Stealth Rock\n|move|p1a: Toxapex|Baneful Bunker||[still]\n|-fail|p1a: Toxapex\n|\n|-weather|Sandstorm|[upkeep]\n|-damage|p2a: Iron Valiant|44\/100 tox|[from] Sandstorm\n|-damage|p1a: Toxapex|32\/100|[from] Sandstorm\n|-heal|p1a: Toxapex|38\/100|[from] item: Black Sludge\n|-damage|p2a: Iron Valiant|38\/100 tox|[from] psn\n|upkeep\n|turn|24\n|\n|t:|1700428511\n|move|p1a: Toxapex|Baneful Bunker|p1a: Toxapex\n|-singleturn|p1a: Toxapex|move: Protect\n|move|p2a: Iron Valiant|Psychic|p1a: Toxapex\n|-activate|p1a: Toxapex|move: Protect\n|\n|-weather|Sandstorm|[upkeep]\n|-damage|p2a: Iron Valiant|32\/100 tox|[from] Sandstorm\n|-damage|p1a: Toxapex|32\/100|[from] Sandstorm\n|-heal|p1a: Toxapex|38\/100|[from] item: Black Sludge\n|-damage|p2a: Iron Valiant|20\/100 tox|[from] psn\n|upkeep\n|turn|25\n|-message|ok you said it forfeited.\n|\n|win|gummyturtlez\n|raw|gummyturtlez's rating: 1213 &rarr; <strong>1234<\/strong><br \/>(+21 for winning)\n|raw|ok you said it's rating: 1152 &rarr; <strong>1131<\/strong><br \/>(-21 for losing)\n|l|\u2606ok you said it\n","uploadtime":1700428554,"views":7,"p1id":"gummyturtlez","p2id":"okyousaidit","formatid":"gen9anythinggoes","rating":1131,"private":0,"password":""}