{"id":"gen9anythinggoes-1995796890","p1":"tryhard2179","p2":"SonicSpeedKaleb","format":"[Gen 9] Anything Goes","log":"|j|\u2606tryhard2179\n|j|\u2606SonicSpeedKaleb\n|t:|1700604061\n|gametype|singles\n|player|p1|tryhard2179|kieran|1315\n|player|p2|SonicSpeedKaleb|101|1277\n|teamsize|p1|6\n|teamsize|p2|6\n|gen|9\n|tier|[Gen 9] Anything Goes\n|rated|\n|rule|HP Percentage Mod: HP is shown in percentages\n|rule|Endless Battle Clause: Forcing endless battles is banned\n|clearpoke\n|poke|p1|Fezandipiti, M|\n|poke|p1|Ogerpon-Cornerstone, F|\n|poke|p1|Ursaluna-Bloodmoon, M|\n|poke|p1|Chien-Pao|\n|poke|p1|Chansey, F|\n|poke|p1|Armarouge, F|\n|poke|p2|Skeledirge, M|\n|poke|p2|Pawmot, M|\n|poke|p2|Gardevoir, F|\n|poke|p2|Gliscor, F|\n|poke|p2|Lycanroc, M|\n|poke|p2|Koraidon|\n|teampreview\n|inactive|Battle timer is ON: inactive players will automatically lose when time's up. (requested by SonicSpeedKaleb)\n|\n|t:|1700604070\n|start\n|switch|p1a: Armarouge|Armarouge, F|100\/100\n|switch|p2a: Lycanroc|Lycanroc, M|100\/100\n|turn|1\n|\n|t:|1700604076\n|move|p2a: Lycanroc|Stealth Rock|p1a: Armarouge\n|-sidestart|p1: tryhard2179|move: Stealth Rock\n|move|p1a: Armarouge|Psychic|p2a: Lycanroc\n|-damage|p2a: Lycanroc|18\/100\n|\n|upkeep\n|turn|2\n|\n|t:|1700604081\n|move|p2a: Lycanroc|Accelerock|p1a: Armarouge\n|-supereffective|p1a: Armarouge\n|-damage|p1a: Armarouge|63\/100\n|-ability|p1a: Armarouge|Weak Armor|boost\n|-unboost|p1a: Armarouge|def|1\n|-boost|p1a: Armarouge|spe|2\n|move|p1a: Armarouge|Psychic|p2a: Lycanroc\n|-damage|p2a: Lycanroc|0 fnt\n|faint|p2a: Lycanroc\n|\n|upkeep\n|\n|t:|1700604091\n|switch|p2a: Gliscor|Gliscor, F|100\/100\n|turn|3\n|\n|t:|1700604097\n|move|p1a: Armarouge|Armor Cannon|p2a: Gliscor\n|-enditem|p2a: Gliscor|Focus Sash\n|-damage|p2a: Gliscor|1\/100\n|-unboost|p1a: Armarouge|def|1\n|-unboost|p1a: Armarouge|spd|1\n|move|p2a: Gliscor|Agility|p2a: Gliscor\n|-boost|p2a: Gliscor|spe|2\n|\n|upkeep\n|turn|4\n|\n|t:|1700604106\n|move|p2a: Gliscor|Earthquake|p1a: Armarouge\n|-supereffective|p1a: Armarouge\n|-damage|p1a: Armarouge|0 fnt\n|faint|p1a: Armarouge\n|\n|upkeep\n|\n|t:|1700604111\n|switch|p1a: Chien-Pao|Chien-Pao|100\/100\n|-damage|p1a: Chien-Pao|76\/100|[from] Stealth Rock\n|-ability|p1a: Chien-Pao|Sword of Ruin\n|turn|5\n|\n|t:|1700604117\n|move|p1a: Chien-Pao|Ice Shard|p2a: Gliscor\n|-supereffective|p2a: Gliscor\n|-damage|p2a: Gliscor|0 fnt\n|faint|p2a: Gliscor\n|\n|upkeep\n|\n|t:|1700604120\n|switch|p2a: Pawmot|Pawmot, M|100\/100\n|turn|6\n|\n|t:|1700604125\n|move|p1a: Chien-Pao|Psychic Fangs|p2a: Pawmot\n|-supereffective|p2a: Pawmot\n|-enditem|p2a: Pawmot|Focus Sash\n|-damage|p2a: Pawmot|1\/100\n|move|p2a: Pawmot|Agility|p2a: Pawmot\n|-boost|p2a: Pawmot|spe|2\n|\n|upkeep\n|turn|7\n|c|\u2606SonicSpeedKaleb|Pawmot! Use be faster no matter what attack!\n|\n|t:|1700604133\n|move|p1a: Chien-Pao|Ice Shard|p2a: Pawmot\n|-damage|p2a: Pawmot|0 fnt\n|faint|p2a: Pawmot\n|\n|upkeep\n|\n|t:|1700604138\n|switch|p2a: Koraidon|Koraidon|100\/100\n|-weather|SunnyDay|[from] ability: Orichalcum Pulse|[of] p2a: Koraidon\n|-activate|p2a: Koraidon|Orichalcum Pulse|[source]\n|turn|8\n|c|\u2606SonicSpeedKaleb|Koraidon! Use hate this f u c k e r!\n|c|\u2606tryhard2179|if you used agility 1st turn anyways ice shard has priority\n|\n|t:|1700604164\n|move|p1a: Chien-Pao|Psychic Fangs|p2a: Koraidon\n|-supereffective|p2a: Koraidon\n|-damage|p2a: Koraidon|30\/100\n|move|p2a: Koraidon|Collision Course|p1a: Chien-Pao\n|-supereffective|p1a: Chien-Pao\n|-damage|p1a: Chien-Pao|0 fnt\n|faint|p1a: Chien-Pao\n|\n|-weather|SunnyDay|[upkeep]\n|upkeep\n|c|\u2606SonicSpeedKaleb|You're so grounded.\n|inactive|tryhard2179 has 120 seconds left.\n|\n|t:|1700604177\n|switch|p1a: Fezandipiti|Fezandipiti, M|100\/100\n|-damage|p1a: Fezandipiti|88\/100|[from] Stealth Rock\n|turn|9\n|\n|t:|1700604185\n|move|p2a: Koraidon|Iron Head|p1a: Fezandipiti\n|-supereffective|p1a: Fezandipiti\n|-damage|p1a: Fezandipiti|0 fnt\n|faint|p1a: Fezandipiti\n|\n|-weather|SunnyDay|[upkeep]\n|upkeep\n|\n|t:|1700604190\n|switch|p1a: Ursaluna|Ursaluna-Bloodmoon, M|100\/100\n|-damage|p1a: Ursaluna|94\/100|[from] Stealth Rock\n|turn|10\n|\n|t:|1700604196\n|-terastallize|p1a: Ursaluna|Fairy\n|move|p2a: Koraidon|Collision Course|p1a: Ursaluna|[miss]\n|-miss|p2a: Koraidon|p1a: Ursaluna\n|move|p1a: Ursaluna|Moonblast|p2a: Koraidon\n|-supereffective|p2a: Koraidon\n|-damage|p2a: Koraidon|0 fnt\n|faint|p2a: Koraidon\n|\n|-weather|SunnyDay|[upkeep]\n|upkeep\n|\n|t:|1700604206\n|switch|p2a: Skeledirge|Skeledirge, M|100\/100\n|turn|11\n|c|\u2606SonicSpeedKaleb|YOU MAKE NO SENSE!!!!!\n|\n|t:|1700604211\n|-terastallize|p2a: Skeledirge|Fire\n|move|p2a: Skeledirge|Torch Song|p1a: Ursaluna\n|-damage|p1a: Ursaluna|0 fnt\n|-boost|p2a: Skeledirge|spa|1\n|faint|p1a: Ursaluna\n|\n|-weather|SunnyDay|[upkeep]\n|upkeep\n|c|\u2606tryhard2179|bright powder\n|\n|t:|1700604219\n|switch|p1a: Ogerpon|Ogerpon-Cornerstone, F|100\/100\n|-damage|p1a: Ogerpon|88\/100|[from] Stealth Rock\n|turn|12\n|-activate|p2a: Skeledirge|item: Quick Claw\n|\n|t:|1700604226\n|move|p2a: Skeledirge|Torch Song|p1a: Ogerpon\n|-damage|p1a: Ogerpon|0 fnt\n|-boost|p2a: Skeledirge|spa|1\n|faint|p1a: Ogerpon\n|\n|-weather|none\n|upkeep\n|c|\u2606SonicSpeedKaleb|UNDEAD ALLIGATOR!\n|c|\u2606tryhard2179|nice\n|\n|t:|1700604235\n|switch|p1a: Chansey|Chansey, F|100\/100\n|-damage|p1a: Chansey|88\/100|[from] Stealth Rock\n|turn|13\n|c|\u2606tryhard2179|gg\n|\n|t:|1700604241\n|move|p2a: Skeledirge|Torch Song|p1a: Chansey\n|-damage|p1a: Chansey|55\/100\n|-boost|p2a: Skeledirge|spa|1\n|move|p1a: Chansey|Thunder Wave|p2a: Skeledirge\n|-status|p2a: Skeledirge|par\n|\n|upkeep\n|turn|14\n|\n|t:|1700604248\n|move|p1a: Chansey|Substitute|p1a: Chansey\n|-start|p1a: Chansey|Substitute\n|-damage|p1a: Chansey|31\/100\n|move|p2a: Skeledirge|Torch Song|p1a: Chansey\n|-damage|p1a: Chansey|0 fnt\n|-boost|p2a: Skeledirge|spa|1\n|faint|p1a: Chansey\n|\n|win|SonicSpeedKaleb\n|raw|tryhard2179's rating: 1315 &rarr; <strong>1293<\/strong><br \/>(-22 for losing)\n|raw|SonicSpeedKaleb's rating: 1277 &rarr; <strong>1305<\/strong><br \/>(+28 for winning)\n","uploadtime":1700604145,"views":0,"p1id":"tryhard2179","p2id":"sonicspeedkaleb","formatid":"gen9anythinggoes","rating":1293,"private":0,"password":""}