{"id":"gen9anythinggoes-1977066584","p1":"TheRealDaveMiller","p2":"Pokeprocool2019","format":"[Gen 9] Anything Goes","log":"|j|\u2606TheRealDaveMiller\n|j|\u2606Pokeprocool2019\n|t:|1698367777\n|gametype|singles\n|player|p1|TheRealDaveMiller|policeman-gen4|1157\n|player|p2|Pokeprocool2019|cynthia|1108\n|teamsize|p1|6\n|teamsize|p2|6\n|gen|9\n|tier|[Gen 9] Anything Goes\n|rated|\n|rule|HP Percentage Mod: HP is shown in percentages\n|rule|Endless Battle Clause: Forcing endless battles is banned\n|clearpoke\n|poke|p1|Ursaluna, M|\n|poke|p1|Ursaluna-Bloodmoon, M|\n|poke|p1|Cinderace, M|\n|poke|p1|Spiritomb, M|\n|poke|p1|Ditto|\n|poke|p1|Banette, F|\n|poke|p2|Glimmora, M|\n|poke|p2|Regieleki|\n|poke|p2|Torkoal, F|\n|poke|p2|Gliscor, M|\n|poke|p2|Ribombee, M|\n|poke|p2|Blissey, F|\n|teampreview\n|\n|t:|1698367781\n|start\n|switch|p1a: The Puppet|Banette, F|100\/100\n|switch|p2a: Glimmora|Glimmora, M|100\/100\n|turn|1\n|\n|t:|1698367787\n|move|p1a: The Puppet|Trick|p2a: Glimmora\n|-activate|p1a: The Puppet|move: Trick|[of] p2a: Glimmora\n|-item|p2a: Glimmora|Choice Scarf|[from] move: Trick\n|-item|p1a: The Puppet|Heavy-Duty Boots|[from] move: Trick\n|move|p2a: Glimmora|Stealth Rock|p1a: The Puppet\n|-sidestart|p1: TheRealDaveMiller|move: Stealth Rock\n|\n|upkeep\n|turn|2\n|inactive|Battle timer is ON: inactive players will automatically lose when time's up. (requested by TheRealDaveMiller)\n|\n|t:|1698367799\n|switch|p2a: Gliscor|Gliscor, M|100\/100\n|move|p1a: The Puppet|Poltergeist|p2a: Gliscor|[miss]\n|-miss|p1a: The Puppet|p2a: Gliscor\n|\n|-status|p2a: Gliscor|tox|[from] item: Toxic Orb\n|upkeep\n|turn|3\n|\n|t:|1698367811\n|move|p2a: Gliscor|Swords Dance|p2a: Gliscor\n|-boost|p2a: Gliscor|atk|2\n|move|p1a: The Puppet|Poltergeist|p2a: Gliscor\n|-activate|p2a: Gliscor|move: Poltergeist|Toxic Orb\n|-damage|p2a: Gliscor|54\/100 tox\n|\n|-heal|p2a: Gliscor|66\/100 tox|[from] ability: Poison Heal\n|upkeep\n|turn|4\n|\n|t:|1698367821\n|move|p2a: Gliscor|Swords Dance|p2a: Gliscor\n|-boost|p2a: Gliscor|atk|2\n|move|p1a: The Puppet|Poltergeist|p2a: Gliscor\n|-activate|p2a: Gliscor|move: Poltergeist|Toxic Orb\n|-damage|p2a: Gliscor|13\/100 tox\n|\n|-heal|p2a: Gliscor|26\/100 tox|[from] ability: Poison Heal\n|upkeep\n|turn|5\n|\n|t:|1698367845\n|move|p2a: Gliscor|Poison Jab|p1a: The Puppet\n|-resisted|p1a: The Puppet\n|-damage|p1a: The Puppet|41\/100\n|move|p1a: The Puppet|Poltergeist|p2a: Gliscor\n|-activate|p2a: Gliscor|move: Poltergeist|Toxic Orb\n|-damage|p2a: Gliscor|0 fnt\n|faint|p2a: Gliscor\n|\n|upkeep\n|\n|t:|1698367849\n|switch|p2a: Torkoal|Torkoal, F|100\/100\n|-weather|SunnyDay|[from] ability: Drought|[of] p2a: Torkoal\n|turn|6\n|\n|t:|1698367864\n|move|p1a: The Puppet|Poltergeist|p2a: Torkoal\n|-activate|p2a: Torkoal|move: Poltergeist|Leftovers\n|-damage|p2a: Torkoal|60\/100\n|move|p2a: Torkoal|Weather Ball|p1a: The Puppet\n|-damage|p1a: The Puppet|0 fnt\n|-start|p2a: Torkoal|Disable|Weather Ball|[from] ability: Cursed Body|[of] p1a: The Puppet\n|faint|p1a: The Puppet\n|\n|-weather|SunnyDay|[upkeep]\n|-heal|p2a: Torkoal|66\/100|[from] item: Leftovers\n|upkeep\n|\n|t:|1698367881\n|switch|p1a: Withered Freddy|Ursaluna-Bloodmoon, M|100\/100\n|-damage|p1a: Withered Freddy|94\/100|[from] Stealth Rock\n|turn|7\n|\n|t:|1698367890\n|move|p1a: Withered Freddy|Earth Power|p2a: Torkoal\n|-supereffective|p2a: Torkoal\n|-damage|p2a: Torkoal|0 fnt\n|faint|p2a: Torkoal\n|\n|-weather|SunnyDay|[upkeep]\n|-heal|p1a: Withered Freddy|100\/100|[from] item: Leftovers\n|upkeep\n|\n|t:|1698367902\n|switch|p2a: Blissey|Blissey, F|100\/100\n|turn|8\n|\n|t:|1698367910\n|move|p1a: Withered Freddy|Calm Mind|p1a: Withered Freddy\n|-boost|p1a: Withered Freddy|spa|1\n|-boost|p1a: Withered Freddy|spd|1\n|move|p2a: Blissey|Brick Break|p1a: Withered Freddy\n|-supereffective|p1a: Withered Freddy\n|-damage|p1a: Withered Freddy|95\/100\n|\n|-weather|SunnyDay|[upkeep]\n|-heal|p1a: Withered Freddy|100\/100|[from] item: Leftovers\n|upkeep\n|turn|9\n|\n|t:|1698367921\n|move|p1a: Withered Freddy|Calm Mind|p1a: Withered Freddy\n|-boost|p1a: Withered Freddy|spa|1\n|-boost|p1a: Withered Freddy|spd|1\n|move|p2a: Blissey|Trick|p1a: Withered Freddy\n|-activate|p2a: Blissey|move: Trick|[of] p1a: Withered Freddy\n|-item|p1a: Withered Freddy|Lagging Tail|[from] move: Trick\n|-item|p2a: Blissey|Leftovers|[from] move: Trick\n|\n|-weather|SunnyDay|[upkeep]\n|upkeep\n|turn|10\n|\n|t:|1698367932\n|move|p2a: Blissey|Calm Mind|p2a: Blissey\n|-boost|p2a: Blissey|spa|1\n|-boost|p2a: Blissey|spd|1\n|move|p1a: Withered Freddy|Blood Moon|p2a: Blissey\n|-damage|p2a: Blissey|68\/100\n|\n|-weather|none\n|-heal|p2a: Blissey|74\/100|[from] item: Leftovers\n|upkeep\n|turn|11\n|\n|t:|1698367942\n|move|p2a: Blissey|Calm Mind|p2a: Blissey\n|-boost|p2a: Blissey|spa|1\n|-boost|p2a: Blissey|spd|1\n|move|p1a: Withered Freddy|Earth Power|p2a: Blissey\n|-damage|p2a: Blissey|58\/100\n|\n|-heal|p2a: Blissey|65\/100|[from] item: Leftovers\n|upkeep\n|turn|12\n|\n|t:|1698367950\n|move|p2a: Blissey|Calm Mind|p2a: Blissey\n|-boost|p2a: Blissey|spa|1\n|-boost|p2a: Blissey|spd|1\n|move|p1a: Withered Freddy|Calm Mind|p1a: Withered Freddy\n|-boost|p1a: Withered Freddy|spa|1\n|-boost|p1a: Withered Freddy|spd|1\n|\n|-heal|p2a: Blissey|71\/100|[from] item: Leftovers\n|upkeep\n|turn|13\n|\n|t:|1698367959\n|move|p2a: Blissey|Calm Mind|p2a: Blissey\n|-boost|p2a: Blissey|spa|1\n|-boost|p2a: Blissey|spd|1\n|move|p1a: Withered Freddy|Calm Mind|p1a: Withered Freddy\n|-boost|p1a: Withered Freddy|spa|1\n|-boost|p1a: Withered Freddy|spd|1\n|\n|-heal|p2a: Blissey|77\/100|[from] item: Leftovers\n|upkeep\n|turn|14\n|\n|t:|1698367969\n|move|p2a: Blissey|Brick Break|p1a: Withered Freddy\n|-supereffective|p1a: Withered Freddy\n|-damage|p1a: Withered Freddy|96\/100\n|move|p1a: Withered Freddy|Blood Moon|p2a: Blissey\n|-damage|p2a: Blissey|54\/100\n|\n|-heal|p2a: Blissey|60\/100|[from] item: Leftovers\n|upkeep\n|turn|15\n|\n|t:|1698367977\n|move|p2a: Blissey|Brick Break|p1a: Withered Freddy\n|-supereffective|p1a: Withered Freddy\n|-damage|p1a: Withered Freddy|91\/100\n|move|p1a: Withered Freddy|Earth Power|p2a: Blissey\n|-damage|p2a: Blissey|44\/100\n|\n|-heal|p2a: Blissey|50\/100|[from] item: Leftovers\n|upkeep\n|turn|16\n|\n|t:|1698367986\n|move|p2a: Blissey|Brick Break|p1a: Withered Freddy\n|-supereffective|p1a: Withered Freddy\n|-damage|p1a: Withered Freddy|86\/100\n|move|p1a: Withered Freddy|Earth Power|p2a: Blissey\n|-damage|p2a: Blissey|37\/100\n|\n|-heal|p2a: Blissey|43\/100|[from] item: Leftovers\n|upkeep\n|turn|17\n|\n|t:|1698367996\n|move|p2a: Blissey|Soft-Boiled|p2a: Blissey\n|-heal|p2a: Blissey|93\/100\n|move|p1a: Withered Freddy|Blood Moon|p2a: Blissey\n|-damage|p2a: Blissey|72\/100\n|\n|-heal|p2a: Blissey|78\/100|[from] item: Leftovers\n|upkeep\n|turn|18\n|\n|t:|1698368005\n|move|p2a: Blissey|Calm Mind|p2a: Blissey\n|-boost|p2a: Blissey|spa|1\n|-boost|p2a: Blissey|spd|1\n|move|p1a: Withered Freddy|Earth Power|p2a: Blissey\n|-damage|p2a: Blissey|65\/100\n|\n|-heal|p2a: Blissey|71\/100|[from] item: Leftovers\n|upkeep\n|turn|19\n|\n|t:|1698368014\n|move|p2a: Blissey|Calm Mind|p2a: Blissey\n|-boost|p2a: Blissey|spa|1\n|-boost|p2a: Blissey|spd|1\n|move|p1a: Withered Freddy|Calm Mind|p1a: Withered Freddy\n|-boost|p1a: Withered Freddy|spa|1\n|-boost|p1a: Withered Freddy|spd|1\n|\n|-heal|p2a: Blissey|77\/100|[from] item: Leftovers\n|upkeep\n|turn|20\n|\n|t:|1698368023\n|move|p2a: Blissey|Brick Break|p1a: Withered Freddy\n|-supereffective|p1a: Withered Freddy\n|-damage|p1a: Withered Freddy|80\/100\n|move|p1a: Withered Freddy|Calm Mind|p1a: Withered Freddy\n|-boost|p1a: Withered Freddy|spa|1\n|-boost|p1a: Withered Freddy|spd|1\n|\n|-heal|p2a: Blissey|83\/100|[from] item: Leftovers\n|upkeep\n|turn|21\n|\n|t:|1698368033\n|move|p2a: Blissey|Brick Break|p1a: Withered Freddy\n|-supereffective|p1a: Withered Freddy\n|-damage|p1a: Withered Freddy|75\/100\n|move|p1a: Withered Freddy|Blood Moon|p2a: Blissey\n|-damage|p2a: Blissey|62\/100\n|\n|-heal|p2a: Blissey|68\/100|[from] item: Leftovers\n|upkeep\n|turn|22\n|\n|t:|1698368042\n|move|p2a: Blissey|Brick Break|p1a: Withered Freddy\n|-supereffective|p1a: Withered Freddy\n|-damage|p1a: Withered Freddy|70\/100\n|move|p1a: Withered Freddy|Earth Power|p2a: Blissey\n|-damage|p2a: Blissey|53\/100\n|\n|-heal|p2a: Blissey|59\/100|[from] item: Leftovers\n|upkeep\n|turn|23\n|\n|t:|1698368050\n|move|p2a: Blissey|Brick Break|p1a: Withered Freddy\n|-supereffective|p1a: Withered Freddy\n|-damage|p1a: Withered Freddy|65\/100\n|move|p1a: Withered Freddy|Earth Power|p2a: Blissey\n|-damage|p2a: Blissey|44\/100\n|\n|-heal|p2a: Blissey|50\/100|[from] item: Leftovers\n|upkeep\n|turn|24\n|\n|t:|1698368073\n|move|p2a: Blissey|Brick Break|p1a: Withered Freddy\n|-supereffective|p1a: Withered Freddy\n|-damage|p1a: Withered Freddy|60\/100\n|move|p1a: Withered Freddy|Earth Power|p2a: Blissey\n|-damage|p2a: Blissey|34\/100\n|\n|-heal|p2a: Blissey|40\/100|[from] item: Leftovers\n|upkeep\n|turn|25\n|\n|t:|1698368084\n|move|p2a: Blissey|Soft-Boiled|p2a: Blissey\n|-heal|p2a: Blissey|90\/100\n|move|p1a: Withered Freddy|Blood Moon|p2a: Blissey\n|-damage|p2a: Blissey|69\/100\n|\n|-heal|p2a: Blissey|75\/100|[from] item: Leftovers\n|upkeep\n|turn|26\n|\n|t:|1698368094\n|move|p2a: Blissey|Brick Break|p1a: Withered Freddy\n|-supereffective|p1a: Withered Freddy\n|-crit|p1a: Withered Freddy\n|-damage|p1a: Withered Freddy|52\/100\n|move|p1a: Withered Freddy|Earth Power|p2a: Blissey\n|-damage|p2a: Blissey|60\/100\n|\n|-heal|p2a: Blissey|67\/100|[from] item: Leftovers\n|upkeep\n|turn|27\n|\n|t:|1698368103\n|move|p2a: Blissey|Brick Break|p1a: Withered Freddy\n|-supereffective|p1a: Withered Freddy\n|-damage|p1a: Withered Freddy|47\/100\n|move|p1a: Withered Freddy|Moonlight|p1a: Withered Freddy\n|-heal|p1a: Withered Freddy|97\/100\n|\n|-heal|p2a: Blissey|73\/100|[from] item: Leftovers\n|upkeep\n|turn|28\n|\n|t:|1698368115\n|move|p2a: Blissey|Brick Break|p1a: Withered Freddy\n|-supereffective|p1a: Withered Freddy\n|-damage|p1a: Withered Freddy|92\/100\n|move|p1a: Withered Freddy|Blood Moon|p2a: Blissey\n|-damage|p2a: Blissey|51\/100\n|\n|-heal|p2a: Blissey|57\/100|[from] item: Leftovers\n|upkeep\n|turn|29\n|\n|t:|1698368123\n|move|p2a: Blissey|Brick Break|p1a: Withered Freddy\n|-supereffective|p1a: Withered Freddy\n|-damage|p1a: Withered Freddy|87\/100\n|move|p1a: Withered Freddy|Earth Power|p2a: Blissey\n|-damage|p2a: Blissey|42\/100\n|\n|-heal|p2a: Blissey|48\/100|[from] item: Leftovers\n|upkeep\n|turn|30\n|\n|t:|1698368132\n|move|p2a: Blissey|Brick Break|p1a: Withered Freddy\n|-supereffective|p1a: Withered Freddy\n|-damage|p1a: Withered Freddy|83\/100\n|move|p1a: Withered Freddy|Blood Moon|p2a: Blissey\n|-damage|p2a: Blissey|25\/100\n|\n|-heal|p2a: Blissey|31\/100|[from] item: Leftovers\n|upkeep\n|turn|31\n|\n|t:|1698368141\n|move|p2a: Blissey|Soft-Boiled|p2a: Blissey\n|-heal|p2a: Blissey|81\/100\n|move|p1a: Withered Freddy|Earth Power|p2a: Blissey\n|-damage|p2a: Blissey|66\/100\n|\n|-heal|p2a: Blissey|72\/100|[from] item: Leftovers\n|upkeep\n|turn|32\n|\n|t:|1698368151\n|move|p2a: Blissey|Brick Break|p1a: Withered Freddy\n|-supereffective|p1a: Withered Freddy\n|-damage|p1a: Withered Freddy|77\/100\n|move|p1a: Withered Freddy|Blood Moon|p2a: Blissey\n|-damage|p2a: Blissey|50\/100\n|\n|-heal|p2a: Blissey|56\/100|[from] item: Leftovers\n|upkeep\n|turn|33\n|\n|t:|1698368159\n|move|p2a: Blissey|Brick Break|p1a: Withered Freddy\n|-supereffective|p1a: Withered Freddy\n|-damage|p1a: Withered Freddy|73\/100\n|move|p1a: Withered Freddy|Earth Power|p2a: Blissey\n|-damage|p2a: Blissey|40\/100\n|\n|-heal|p2a: Blissey|46\/100|[from] item: Leftovers\n|upkeep\n|turn|34\n|\n|t:|1698368168\n|move|p2a: Blissey|Brick Break|p1a: Withered Freddy\n|-supereffective|p1a: Withered Freddy\n|-damage|p1a: Withered Freddy|68\/100\n|move|p1a: Withered Freddy|Earth Power|p2a: Blissey\n|-damage|p2a: Blissey|30\/100\n|\n|-heal|p2a: Blissey|36\/100|[from] item: Leftovers\n|upkeep\n|turn|35\n|\n|t:|1698368177\n|move|p2a: Blissey|Brick Break|p1a: Withered Freddy\n|-supereffective|p1a: Withered Freddy\n|-damage|p1a: Withered Freddy|63\/100\n|move|p1a: Withered Freddy|Earth Power|p2a: Blissey\n|-damage|p2a: Blissey|22\/100\n|\n|-heal|p2a: Blissey|28\/100|[from] item: Leftovers\n|upkeep\n|turn|36\n|\n|t:|1698368186\n|move|p2a: Blissey|Brick Break|p1a: Withered Freddy\n|-supereffective|p1a: Withered Freddy\n|-damage|p1a: Withered Freddy|58\/100\n|move|p1a: Withered Freddy|Moonlight|p1a: Withered Freddy\n|-heal|p1a: Withered Freddy|100\/100\n|\n|-heal|p2a: Blissey|34\/100|[from] item: Leftovers\n|upkeep\n|turn|37\n|\n|t:|1698368196\n|move|p2a: Blissey|Brick Break|p1a: Withered Freddy\n|-supereffective|p1a: Withered Freddy\n|-damage|p1a: Withered Freddy|96\/100\n|move|p1a: Withered Freddy|Earth Power|p2a: Blissey\n|-damage|p2a: Blissey|19\/100\n|\n|-heal|p2a: Blissey|25\/100|[from] item: Leftovers\n|upkeep\n|turn|38\n|\n|t:|1698368206\n|move|p2a: Blissey|Soft-Boiled|p2a: Blissey\n|-heal|p2a: Blissey|75\/100\n|move|p1a: Withered Freddy|Earth Power|p2a: Blissey\n|-damage|p2a: Blissey|61\/100\n|\n|-heal|p2a: Blissey|67\/100|[from] item: Leftovers\n|upkeep\n|turn|39\n|\n|t:|1698368214\n|move|p2a: Blissey|Brick Break|p1a: Withered Freddy\n|-supereffective|p1a: Withered Freddy\n|-damage|p1a: Withered Freddy|91\/100\n|move|p1a: Withered Freddy|Moonlight|p1a: Withered Freddy\n|-heal|p1a: Withered Freddy|100\/100\n|\n|-heal|p2a: Blissey|73\/100|[from] item: Leftovers\n|upkeep\n|turn|40\n|\n|t:|1698368223\n|move|p2a: Blissey|Brick Break|p1a: Withered Freddy\n|-supereffective|p1a: Withered Freddy\n|-damage|p1a: Withered Freddy|96\/100\n|move|p1a: Withered Freddy|Moonlight|p1a: Withered Freddy\n|-heal|p1a: Withered Freddy|100\/100\n|\n|-heal|p2a: Blissey|80\/100|[from] item: Leftovers\n|upkeep\n|turn|41\n|\n|t:|1698368231\n|move|p2a: Blissey|Brick Break|p1a: Withered Freddy\n|-supereffective|p1a: Withered Freddy\n|-damage|p1a: Withered Freddy|96\/100\n|move|p1a: Withered Freddy|Moonlight|p1a: Withered Freddy\n|-heal|p1a: Withered Freddy|100\/100\n|\n|-heal|p2a: Blissey|86\/100|[from] item: Leftovers\n|upkeep\n|turn|42\n|\n|t:|1698368241\n|move|p2a: Blissey|Brick Break|p1a: Withered Freddy\n|-supereffective|p1a: Withered Freddy\n|-damage|p1a: Withered Freddy|95\/100\n|move|p1a: Withered Freddy|Moonlight|p1a: Withered Freddy\n|-heal|p1a: Withered Freddy|100\/100\n|\n|-heal|p2a: Blissey|92\/100|[from] item: Leftovers\n|upkeep\n|turn|43\n|\n|t:|1698368265\n|switch|p2a: Ribombee|Ribombee, M|100\/100\n|move|p1a: Withered Freddy|Moonlight|p1a: Withered Freddy\n|-fail|p1a: Withered Freddy|heal\n|\n|upkeep\n|turn|44\n|\n|t:|1698368275\n|move|p2a: Ribombee|Quiver Dance|p2a: Ribombee\n|-boost|p2a: Ribombee|spa|1\n|-boost|p2a: Ribombee|spd|1\n|-boost|p2a: Ribombee|spe|1\n|move|p1a: Withered Freddy|Moonlight|p1a: Withered Freddy\n|-fail|p1a: Withered Freddy|heal\n|\n|upkeep\n|turn|45\n|\n|t:|1698368283\n|move|p2a: Ribombee|Quiver Dance|p2a: Ribombee\n|-boost|p2a: Ribombee|spa|1\n|-boost|p2a: Ribombee|spd|1\n|-boost|p2a: Ribombee|spe|1\n|move|p1a: Withered Freddy|Calm Mind|p1a: Withered Freddy\n|-boost|p1a: Withered Freddy|spa|0\n|-boost|p1a: Withered Freddy|spd|0\n|\n|upkeep\n|turn|46\n|\n|t:|1698368289\n|move|p2a: Ribombee|Quiver Dance|p2a: Ribombee\n|-boost|p2a: Ribombee|spa|1\n|-boost|p2a: Ribombee|spd|1\n|-boost|p2a: Ribombee|spe|1\n|move|p1a: Withered Freddy|Calm Mind|p1a: Withered Freddy\n|-boost|p1a: Withered Freddy|spa|0\n|-boost|p1a: Withered Freddy|spd|0\n|\n|upkeep\n|turn|47\n|\n|t:|1698368296\n|move|p2a: Ribombee|Quiver Dance|p2a: Ribombee\n|-boost|p2a: Ribombee|spa|1\n|-boost|p2a: Ribombee|spd|1\n|-boost|p2a: Ribombee|spe|1\n|move|p1a: Withered Freddy|Calm Mind|p1a: Withered Freddy\n|-boost|p1a: Withered Freddy|spa|0\n|-boost|p1a: Withered Freddy|spd|0\n|\n|upkeep\n|turn|48\n|\n|t:|1698368304\n|move|p2a: Ribombee|Quiver Dance|p2a: Ribombee\n|-boost|p2a: Ribombee|spa|1\n|-boost|p2a: Ribombee|spd|1\n|-boost|p2a: Ribombee|spe|1\n|move|p1a: Withered Freddy|Calm Mind|p1a: Withered Freddy\n|-boost|p1a: Withered Freddy|spa|0\n|-boost|p1a: Withered Freddy|spd|0\n|\n|upkeep\n|turn|49\n|\n|t:|1698368311\n|move|p2a: Ribombee|Quiver Dance|p2a: Ribombee\n|-boost|p2a: Ribombee|spa|1\n|-boost|p2a: Ribombee|spd|1\n|-boost|p2a: Ribombee|spe|1\n|move|p1a: Withered Freddy|Calm Mind|p1a: Withered Freddy\n|-boost|p1a: Withered Freddy|spa|0\n|-boost|p1a: Withered Freddy|spd|0\n|\n|upkeep\n|turn|50\n|\n|t:|1698368324\n|move|p2a: Ribombee|Agility|p2a: Ribombee\n|-boost|p2a: Ribombee|spe|0\n|move|p1a: Withered Freddy|Calm Mind|p1a: Withered Freddy\n|-boost|p1a: Withered Freddy|spa|0\n|-boost|p1a: Withered Freddy|spd|0\n|\n|upkeep\n|turn|51\n|\n|t:|1698368333\n|move|p2a: Ribombee|Agility|p2a: Ribombee\n|-boost|p2a: Ribombee|spe|0\n|move|p1a: Withered Freddy|Calm Mind|p1a: Withered Freddy\n|-boost|p1a: Withered Freddy|spa|0\n|-boost|p1a: Withered Freddy|spd|0\n|\n|upkeep\n|turn|52\n|\n|t:|1698368341\n|move|p2a: Ribombee|Leech Life|p1a: Withered Freddy\n|-damage|p1a: Withered Freddy|91\/100\n|move|p1a: Withered Freddy|Calm Mind|p1a: Withered Freddy\n|-boost|p1a: Withered Freddy|spa|0\n|-boost|p1a: Withered Freddy|spd|0\n|\n|upkeep\n|turn|53\n|\n|t:|1698368351\n|move|p2a: Ribombee|Baton Pass|p2a: Ribombee\n|\n|t:|1698368352\n|switch|p2a: Regieleki|Regieleki|100\/100|[from] Baton Pass\n|move|p1a: Withered Freddy|Calm Mind|p1a: Withered Freddy\n|-boost|p1a: Withered Freddy|spa|0\n|-boost|p1a: Withered Freddy|spd|0\n|\n|upkeep\n|turn|54\n|\n|t:|1698368363\n|move|p2a: Regieleki|Light Screen|p2a: Regieleki\n|-sidestart|p2: Pokeprocool2019|move: Light Screen\n|move|p1a: Withered Freddy|Calm Mind|p1a: Withered Freddy\n|-boost|p1a: Withered Freddy|spa|0\n|-boost|p1a: Withered Freddy|spd|0\n|\n|upkeep\n|turn|55\n|\n|t:|1698368369\n|move|p2a: Regieleki|Reflect|p2a: Regieleki\n|-sidestart|p2: Pokeprocool2019|Reflect\n|move|p1a: Withered Freddy|Calm Mind|p1a: Withered Freddy\n|-boost|p1a: Withered Freddy|spa|0\n|-boost|p1a: Withered Freddy|spd|0\n|\n|upkeep\n|turn|56\n|\n|t:|1698368375\n|move|p2a: Regieleki|Thunderbolt|p1a: Withered Freddy\n|-immune|p1a: Withered Freddy\n|move|p1a: Withered Freddy|Calm Mind|p1a: Withered Freddy\n|-boost|p1a: Withered Freddy|spa|0\n|-boost|p1a: Withered Freddy|spd|0\n|\n|upkeep\n|turn|57\n|\n|t:|1698368381\n|move|p2a: Regieleki|Extreme Speed|p1a: Withered Freddy\n|-damage|p1a: Withered Freddy|82\/100\n|move|p1a: Withered Freddy|Calm Mind|p1a: Withered Freddy\n|-boost|p1a: Withered Freddy|spa|0\n|-boost|p1a: Withered Freddy|spd|0\n|\n|upkeep\n|turn|58\n|\n|t:|1698368392\n|move|p2a: Regieleki|Extreme Speed|p1a: Withered Freddy\n|-damage|p1a: Withered Freddy|72\/100\n|move|p1a: Withered Freddy|Calm Mind|p1a: Withered Freddy\n|-boost|p1a: Withered Freddy|spa|0\n|-boost|p1a: Withered Freddy|spd|0\n|\n|-sideend|p2: Pokeprocool2019|move: Light Screen\n|upkeep\n|turn|59\n|\n|t:|1698368400\n|move|p2a: Regieleki|Extreme Speed|p1a: Withered Freddy\n|-damage|p1a: Withered Freddy|62\/100\n|move|p1a: Withered Freddy|Calm Mind|p1a: Withered Freddy\n|-boost|p1a: Withered Freddy|spa|0\n|-boost|p1a: Withered Freddy|spd|0\n|\n|-sideend|p2: Pokeprocool2019|Reflect\n|upkeep\n|turn|60\n|\n|t:|1698368408\n|switch|p2a: Glimmora|Glimmora, M|100\/100\n|move|p1a: Withered Freddy|Calm Mind|p1a: Withered Freddy\n|-boost|p1a: Withered Freddy|spa|0\n|-boost|p1a: Withered Freddy|spd|0\n|\n|upkeep\n|turn|61\n|\n|t:|1698368415\n|move|p2a: Glimmora|Spikes|p1a: Withered Freddy\n|-sidestart|p1: TheRealDaveMiller|Spikes\n|move|p1a: Withered Freddy|Calm Mind|p1a: Withered Freddy\n|-boost|p1a: Withered Freddy|spa|0\n|-boost|p1a: Withered Freddy|spd|0\n|\n|upkeep\n|turn|62\n|\n|t:|1698368421\n|move|p2a: Glimmora|Spikes|p1a: Withered Freddy\n|-sidestart|p1: TheRealDaveMiller|Spikes\n|move|p1a: Withered Freddy|Calm Mind|p1a: Withered Freddy\n|-boost|p1a: Withered Freddy|spa|0\n|-boost|p1a: Withered Freddy|spd|0\n|\n|upkeep\n|turn|63\n|\n|t:|1698368427\n|move|p2a: Glimmora|Spikes|p1a: Withered Freddy\n|-sidestart|p1: TheRealDaveMiller|Spikes\n|move|p1a: Withered Freddy|Calm Mind|p1a: Withered Freddy\n|-boost|p1a: Withered Freddy|spa|0\n|-boost|p1a: Withered Freddy|spd|0\n|\n|upkeep\n|turn|64\n|\n|t:|1698368435\n|switch|p2a: Ribombee|Ribombee, M|100\/100\n|move|p1a: Withered Freddy|Calm Mind|p1a: Withered Freddy\n|-boost|p1a: Withered Freddy|spa|0\n|-boost|p1a: Withered Freddy|spd|0\n|\n|upkeep\n|turn|65\n|\n|t:|1698368442\n|move|p2a: Ribombee|Quiver Dance|p2a: Ribombee\n|-boost|p2a: Ribombee|spa|1\n|-boost|p2a: Ribombee|spd|1\n|-boost|p2a: Ribombee|spe|1\n|move|p1a: Withered Freddy|Calm Mind|p1a: Withered Freddy\n|-boost|p1a: Withered Freddy|spa|0\n|-boost|p1a: Withered Freddy|spd|0\n|\n|upkeep\n|turn|66\n|\n|t:|1698368449\n|move|p2a: Ribombee|Quiver Dance|p2a: Ribombee\n|-boost|p2a: Ribombee|spa|1\n|-boost|p2a: Ribombee|spd|1\n|-boost|p2a: Ribombee|spe|1\n|move|p1a: Withered Freddy|Calm Mind|p1a: Withered Freddy\n|-boost|p1a: Withered Freddy|spa|0\n|-boost|p1a: Withered Freddy|spd|0\n|\n|upkeep\n|turn|67\n|\n|t:|1698368457\n|move|p2a: Ribombee|Quiver Dance|p2a: Ribombee\n|-boost|p2a: Ribombee|spa|1\n|-boost|p2a: Ribombee|spd|1\n|-boost|p2a: Ribombee|spe|1\n|move|p1a: Withered Freddy|Calm Mind|p1a: Withered Freddy\n|-boost|p1a: Withered Freddy|spa|0\n|-boost|p1a: Withered Freddy|spd|0\n|\n|upkeep\n|turn|68\n|\n|t:|1698368464\n|move|p2a: Ribombee|Quiver Dance|p2a: Ribombee\n|-boost|p2a: Ribombee|spa|1\n|-boost|p2a: Ribombee|spd|1\n|-boost|p2a: Ribombee|spe|1\n|move|p1a: Withered Freddy|Calm Mind|p1a: Withered Freddy\n|-boost|p1a: Withered Freddy|spa|0\n|-boost|p1a: Withered Freddy|spd|0\n|\n|upkeep\n|turn|69\n|\n|t:|1698368471\n|move|p2a: Ribombee|Quiver Dance|p2a: Ribombee\n|-boost|p2a: Ribombee|spa|1\n|-boost|p2a: Ribombee|spd|1\n|-boost|p2a: Ribombee|spe|1\n|move|p1a: Withered Freddy|Calm Mind|p1a: Withered Freddy\n|-boost|p1a: Withered Freddy|spa|0\n|-boost|p1a: Withered Freddy|spd|0\n|\n|upkeep\n|turn|70\n|\n|t:|1698368478\n|move|p2a: Ribombee|Quiver Dance|p2a: Ribombee\n|-boost|p2a: Ribombee|spa|1\n|-boost|p2a: Ribombee|spd|1\n|-boost|p2a: Ribombee|spe|1\n|move|p1a: Withered Freddy|Calm Mind|p1a: Withered Freddy\n|-boost|p1a: Withered Freddy|spa|0\n|-boost|p1a: Withered Freddy|spd|0\n|\n|upkeep\n|turn|71\n|\n|t:|1698368487\n|move|p2a: Ribombee|Baton Pass|p2a: Ribombee\n|\n|t:|1698368490\n|switch|p2a: Glimmora|Glimmora, M|100\/100|[from] Baton Pass\n|-activate|p1a: Withered Freddy|move: Struggle\n|move|p1a: Withered Freddy|Struggle|p2a: Glimmora\n|-damage|p2a: Glimmora|93\/100\n|-activate|p2a: Glimmora|ability: Toxic Debris\n|-sidestart|p1: TheRealDaveMiller|move: Toxic Spikes\n|-damage|p1a: Withered Freddy|37\/100|[from] recoil\n|\n|upkeep\n|turn|72\n|\n|t:|1698368510\n|move|p2a: Glimmora|Sludge Wave|p1a: Withered Freddy\n|-resisted|p1a: Withered Freddy\n|-damage|p1a: Withered Freddy|13\/100\n|-activate|p1a: Withered Freddy|move: Struggle\n|move|p1a: Withered Freddy|Struggle|p2a: Glimmora\n|-damage|p2a: Glimmora|86\/100\n|-activate|p2a: Glimmora|ability: Toxic Debris\n|-sidestart|p1: TheRealDaveMiller|move: Toxic Spikes\n|-damage|p1a: Withered Freddy|0 fnt|[from] recoil\n|faint|p1a: Withered Freddy\n|\n|upkeep\n|\n|t:|1698368522\n|switch|p1a: Bruntrap|Cinderace, M, shiny|100\/100\n|turn|73\n|\n|t:|1698368539\n|move|p2a: Glimmora|Sludge Wave|p1a: Bruntrap\n|-damage|p1a: Bruntrap|0 fnt\n|faint|p1a: Bruntrap\n|\n|upkeep\n|\n|t:|1698368545\n|switch|p1a: THE MIMIC!!!|Ditto|100\/100\n|-damage|p1a: THE MIMIC!!!|88\/100|[from] Stealth Rock\n|-damage|p1a: THE MIMIC!!!|63\/100|[from] Spikes\n|-status|p1a: THE MIMIC!!!|tox\n|-transform|p1a: THE MIMIC!!!|p2a: Glimmora|[from] ability: Imposter\n|turn|74\n|\n|t:|1698368554\n|move|p2a: Glimmora|Sludge Wave|p1a: THE MIMIC!!!\n|-resisted|p1a: THE MIMIC!!!\n|-damage|p1a: THE MIMIC!!!|47\/100 tox\n|move|p1a: THE MIMIC!!!|Mortal Spin|p2a: Glimmora\n|-resisted|p2a: Glimmora\n|-damage|p2a: Glimmora|85\/100\n|-sideend|p1: TheRealDaveMiller|Spikes|[from] move: Mortal Spin|[of] p1a: THE MIMIC!!!\n|-sideend|p1: TheRealDaveMiller|Toxic Spikes|[from] move: Mortal Spin|[of] p1a: THE MIMIC!!!\n|-sideend|p1: TheRealDaveMiller|Stealth Rock|[from] move: Mortal Spin|[of] p1a: THE MIMIC!!!\n|\n|-heal|p1a: THE MIMIC!!!|53\/100 tox|[from] item: Leftovers\n|-damage|p1a: THE MIMIC!!!|47\/100 tox|[from] psn\n|upkeep\n|turn|75\n|\n|t:|1698368568\n|move|p2a: Glimmora|Sludge Wave|p1a: THE MIMIC!!!\n|-resisted|p1a: THE MIMIC!!!\n|-damage|p1a: THE MIMIC!!!|30\/100 tox\n|move|p1a: THE MIMIC!!!|Spikes|p2a: Glimmora\n|-sidestart|p2: Pokeprocool2019|Spikes\n|\n|-heal|p1a: THE MIMIC!!!|36\/100 tox|[from] item: Leftovers\n|-damage|p1a: THE MIMIC!!!|24\/100 tox|[from] psn\n|upkeep\n|turn|76\n|\n|t:|1698368574\n|move|p2a: Glimmora|Sludge Wave|p1a: THE MIMIC!!!\n|-resisted|p1a: THE MIMIC!!!\n|-damage|p1a: THE MIMIC!!!|8\/100 tox\n|move|p1a: THE MIMIC!!!|Spikes|p2a: Glimmora\n|-sidestart|p2: Pokeprocool2019|Spikes\n|\n|-heal|p1a: THE MIMIC!!!|14\/100 tox|[from] item: Leftovers\n|-damage|p1a: THE MIMIC!!!|0 fnt|[from] psn\n|faint|p1a: THE MIMIC!!!\n|upkeep\n|\n|t:|1698368577\n|switch|p1a: Freddy Fazbear|Ursaluna, M|100\/100\n|turn|77\n|\n|t:|1698368586\n|move|p2a: Glimmora|Sludge Wave|p1a: Freddy Fazbear\n|-resisted|p1a: Freddy Fazbear\n|-damage|p1a: Freddy Fazbear|26\/100\n|move|p1a: Freddy Fazbear|Headlong Rush|p2a: Glimmora\n|-supereffective|p2a: Glimmora\n|-damage|p2a: Glimmora|0 fnt\n|-unboost|p1a: Freddy Fazbear|def|1\n|-unboost|p1a: Freddy Fazbear|spd|1\n|-activate|p2a: Glimmora|ability: Toxic Debris\n|-sidestart|p1: TheRealDaveMiller|move: Toxic Spikes\n|faint|p2a: Glimmora\n|\n|-status|p1a: Freddy Fazbear|brn|[from] item: Flame Orb\n|upkeep\n|\n|t:|1698368599\n|switch|p2a: Regieleki|Regieleki|100\/100\n|turn|78\n|\n|t:|1698368607\n|move|p2a: Regieleki|Extreme Speed|p1a: Freddy Fazbear\n|-damage|p1a: Freddy Fazbear|5\/100 brn\n|move|p1a: Freddy Fazbear|Headlong Rush|p2a: Regieleki\n|-supereffective|p2a: Regieleki\n|-damage|p2a: Regieleki|0 fnt\n|-unboost|p1a: Freddy Fazbear|def|1\n|-unboost|p1a: Freddy Fazbear|spd|1\n|faint|p2a: Regieleki\n|\n|-damage|p1a: Freddy Fazbear|0 fnt|[from] brn\n|faint|p1a: Freddy Fazbear\n|upkeep\n|\n|t:|1698368620\n|switch|p2a: Ribombee|Ribombee, M|100\/100\n|switch|p1a: The Blob|Spiritomb, M|100\/100\n|-damage|p2a: Ribombee|84\/100|[from] Spikes\n|-status|p1a: The Blob|psn\n|turn|79\n|\n|t:|1698368637\n|-terastallize|p1a: The Blob|Steel\n|move|p2a: Ribombee|Leech Life|p1a: The Blob\n|-resisted|p1a: The Blob\n|-damage|p1a: The Blob|91\/100 psn\n|-heal|p2a: Ribombee|90\/100|[from] drain|[of] p1a: The Blob\n|move|p1a: The Blob|Will-O-Wisp|p2a: Ribombee\n|-status|p2a: Ribombee|brn\n|\n|-heal|p2a: Ribombee|96\/100 brn|[from] item: Leftovers\n|-damage|p1a: The Blob|78\/100 psn|[from] psn\n|-damage|p2a: Ribombee|90\/100 brn|[from] brn\n|upkeep\n|turn|80\n|\n|t:|1698368654\n|move|p2a: Ribombee|Leech Life|p1a: The Blob\n|-resisted|p1a: The Blob\n|-damage|p1a: The Blob|74\/100 psn\n|-heal|p2a: Ribombee|92\/100 brn|[from] drain|[of] p1a: The Blob\n|move|p1a: The Blob|Tera Blast|p2a: Ribombee|[anim] Tera Blast Steel\n|-supereffective|p2a: Ribombee\n|-damage|p2a: Ribombee|0 fnt\n|faint|p2a: Ribombee\n|\n|-damage|p1a: The Blob|62\/100 psn|[from] psn\n|upkeep\n|\n|t:|1698368663\n|switch|p2a: Blissey|Blissey, F|92\/100\n|-damage|p2a: Blissey|75\/100|[from] Spikes\n|turn|81\n|\n|t:|1698368675\n|move|p2a: Blissey|Calm Mind|p2a: Blissey\n|-boost|p2a: Blissey|spa|1\n|-boost|p2a: Blissey|spd|1\n|move|p1a: The Blob|Will-O-Wisp|p2a: Blissey\n|-status|p2a: Blissey|brn\n|\n|-heal|p2a: Blissey|81\/100 brn|[from] item: Leftovers\n|-damage|p1a: The Blob|50\/100 psn|[from] psn\n|-damage|p2a: Blissey|75\/100 brn|[from] brn\n|upkeep\n|turn|82\n|\n|t:|1698368690\n|move|p2a: Blissey|Calm Mind|p2a: Blissey\n|-boost|p2a: Blissey|spa|1\n|-boost|p2a: Blissey|spd|1\n|move|p1a: The Blob|Tera Blast|p2a: Blissey|[anim] Tera Blast Steel\n|-damage|p2a: Blissey|69\/100 brn\n|\n|-heal|p2a: Blissey|75\/100 brn|[from] item: Leftovers\n|-damage|p1a: The Blob|37\/100 psn|[from] psn\n|-damage|p2a: Blissey|69\/100 brn|[from] brn\n|upkeep\n|turn|83\n|\n|t:|1698368697\n|move|p2a: Blissey|Calm Mind|p2a: Blissey\n|-boost|p2a: Blissey|spa|1\n|-boost|p2a: Blissey|spd|1\n|move|p1a: The Blob|Tera Blast|p2a: Blissey|[anim] Tera Blast Steel\n|-damage|p2a: Blissey|64\/100 brn\n|\n|-heal|p2a: Blissey|70\/100 brn|[from] item: Leftovers\n|-damage|p1a: The Blob|25\/100 psn|[from] psn\n|-damage|p2a: Blissey|64\/100 brn|[from] brn\n|upkeep\n|turn|84\n|\n|t:|1698368708\n|move|p2a: Blissey|Calm Mind|p2a: Blissey\n|-boost|p2a: Blissey|spa|1\n|-boost|p2a: Blissey|spd|1\n|move|p1a: The Blob|Tera Blast|p2a: Blissey|[anim] Tera Blast Steel\n|-damage|p2a: Blissey|59\/100 brn\n|\n|-heal|p2a: Blissey|65\/100 brn|[from] item: Leftovers\n|-damage|p1a: The Blob|13\/100 psn|[from] psn\n|-damage|p2a: Blissey|59\/100 brn|[from] brn\n|upkeep\n|turn|85\n|\n|t:|1698368718\n|move|p2a: Blissey|Calm Mind|p2a: Blissey\n|-boost|p2a: Blissey|spa|1\n|-boost|p2a: Blissey|spd|1\n|move|p1a: The Blob|Tera Blast|p2a: Blissey|[anim] Tera Blast Steel\n|-damage|p2a: Blissey|55\/100 brn\n|\n|-heal|p2a: Blissey|61\/100 brn|[from] item: Leftovers\n|-damage|p1a: The Blob|1\/100 psn|[from] psn\n|-damage|p2a: Blissey|55\/100 brn|[from] brn\n|upkeep\n|turn|86\n|\n|t:|1698368729\n|move|p2a: Blissey|Soft-Boiled|p2a: Blissey\n|-heal|p2a: Blissey|100\/100 brn\n|move|p1a: The Blob|Tera Blast|p2a: Blissey|[anim] Tera Blast Steel\n|-damage|p2a: Blissey|97\/100 brn\n|\n|-heal|p2a: Blissey|100\/100 brn|[from] item: Leftovers\n|-damage|p1a: The Blob|0 fnt|[from] psn\n|faint|p1a: The Blob\n|\n|win|Pokeprocool2019\n|upkeep\n|raw|TheRealDaveMiller's rating: 1157 &rarr; <strong>1128<\/strong><br \/>(-29 for losing)\n|raw|Pokeprocool2019's rating: 1108 &rarr; <strong>1137<\/strong><br \/>(+29 for winning)\n|c|\u2606Pokeprocool2019|Gg's\n","uploadtime":1698368737,"views":7,"p1id":"therealdavemiller","p2id":"pokeprocool2019","formatid":"gen9anythinggoes","rating":1128,"private":0,"password":""}