{"id":"gen9anythinggoes-1984100440","p1":"Citybob","p2":"sandurus","format":"[Gen 9] Anything Goes","log":"|j|\u2606Citybob\n|j|\u2606sandurus\n|t:|1699218691\n|gametype|singles\n|player|p1|Citybob|fantina|\n|player|p2|sandurus|ingo|\n|teamsize|p1|6\n|teamsize|p2|6\n|gen|9\n|tier|[Gen 9] Anything Goes\n|rule|HP Percentage Mod: HP is shown in percentages\n|rule|Endless Battle Clause: Forcing endless battles is banned\n|clearpoke\n|poke|p1|Talonflame, M|\n|poke|p1|Torterra, F|\n|poke|p1|Sylveon, M|\n|poke|p1|Zapdos-Galar|\n|poke|p1|Milotic, M|\n|poke|p1|Glimmora, F|\n|poke|p2|Manaphy|\n|poke|p2|Zamazenta-*|\n|poke|p2|Klefki, F|\n|poke|p2|Leafeon, M|\n|poke|p2|Weezing-Galar, M|\n|poke|p2|Politoed, F|\n|teampreview\n|c|\u2606sandurus|glhf\n|c|\u2606Citybob|hf\n|\n|t:|1699218752\n|start\n|switch|p1a: Glimmora|Glimmora, F|100\/100\n|switch|p2a: Politoed|Politoed, F, shiny|100\/100\n|-weather|RainDance|[from] ability: Drizzle|[of] p2a: Politoed\n|turn|1\n|\n|t:|1699218760\n|switch|p1a: Milotic|Milotic, M|100\/100\n|move|p2a: Politoed|Hydro Pump|p1a: Milotic\n|-resisted|p1a: Milotic\n|-damage|p1a: Milotic|75\/100\n|\n|-weather|RainDance|[upkeep]\n|upkeep\n|turn|2\n|\n|t:|1699218818\n|move|p1a: Milotic|Scald|p2a: Politoed\n|-resisted|p2a: Politoed\n|-damage|p2a: Politoed|82\/100\n|-status|p2a: Politoed|brn\n|move|p2a: Politoed|Encore|p1a: Milotic\n|-start|p1a: Milotic|Encore\n|\n|-weather|RainDance|[upkeep]\n|-damage|p2a: Politoed|76\/100 brn|[from] brn\n|upkeep\n|turn|3\n|\n|t:|1699218845\n|switch|p1a: Sylveon|Sylveon, M|100\/100\n|move|p2a: Politoed|Hyper Voice|p1a: Sylveon\n|-damage|p1a: Sylveon|86\/100\n|\n|-weather|RainDance|[upkeep]\n|-heal|p1a: Sylveon|92\/100|[from] item: Leftovers\n|-damage|p2a: Politoed|70\/100 brn|[from] brn\n|upkeep\n|turn|4\n|\n|t:|1699218853\n|-terastallize|p2a: Politoed|Steel\n|move|p2a: Politoed|Tera Blast|p1a: Sylveon|[anim] Tera Blast Steel\n|-supereffective|p1a: Sylveon\n|-damage|p1a: Sylveon|55\/100\n|move|p1a: Sylveon|Wish|p1a: Sylveon\n|\n|-weather|RainDance|[upkeep]\n|-heal|p1a: Sylveon|61\/100|[from] item: Leftovers\n|-damage|p2a: Politoed|64\/100 brn|[from] brn\n|upkeep\n|turn|5\n|\n|t:|1699218866\n|move|p1a: Sylveon|Protect|p1a: Sylveon\n|-singleturn|p1a: Sylveon|Protect\n|move|p2a: Politoed|Tera Blast|p1a: Sylveon|[anim] Tera Blast Steel\n|-activate|p1a: Sylveon|move: Protect\n|\n|-weather|none\n|-heal|p1a: Sylveon|100\/100|[from] move: Wish|[wisher] Sylveon\n|-damage|p2a: Politoed|58\/100 brn|[from] brn\n|upkeep\n|turn|6\n|\n|t:|1699218901\n|switch|p2a: Shimks|Klefki, F, shiny|100\/100\n|switch|p1a: Milotic|Milotic, M|75\/100\n|\n|upkeep\n|turn|7\n|\n|t:|1699218913\n|move|p2a: Shimks|Spikes|p1a: Milotic\n|-sidestart|p1: Citybob|Spikes\n|move|p1a: Milotic|Flip Turn|p2a: Shimks\n|-damage|p2a: Shimks|84\/100\n|\n|t:|1699218918\n|switch|p1a: Talonflame|Talonflame, M|100\/100|[from] Flip Turn\n|\n|upkeep\n|turn|8\n|\n|t:|1699218925\n|move|p1a: Talonflame|Taunt|p2a: Shimks\n|-start|p2a: Shimks|move: Taunt\n|cant|p2a: Shimks|move: Taunt|Trick Room\n|\n|upkeep\n|turn|9\n|\n|t:|1699218934\n|move|p1a: Talonflame|Defog|p2a: Shimks\n|-unboost|p2a: Shimks|evasion|1\n|-sideend|p1: Citybob|Spikes|[from] move: Defog|[of] p1a: Talonflame\n|move|p2a: Shimks|Draining Kiss|p1a: Talonflame\n|-resisted|p1a: Talonflame\n|-damage|p1a: Talonflame|89\/100\n|-heal|p2a: Shimks|95\/100|[from] drain|[of] p1a: Talonflame\n|\n|upkeep\n|turn|10\n|\n|t:|1699218963\n|switch|p1a: Glimmora|Glimmora, F|100\/100\n|switch|p2a: Politoed|Politoed, F, shiny, tera:Steel|58\/100 brn\n|-weather|RainDance|[from] ability: Drizzle|[of] p2a: Politoed\n|\n|-weather|RainDance|[upkeep]\n|-damage|p2a: Politoed|52\/100 brn|[from] brn\n|upkeep\n|turn|11\n|\n|t:|1699218972\n|switch|p1a: Milotic|Milotic, M|75\/100\n|move|p2a: Politoed|Hydro Pump|p1a: Milotic\n|-resisted|p1a: Milotic\n|-damage|p1a: Milotic|51\/100\n|\n|-weather|RainDance|[upkeep]\n|-damage|p2a: Politoed|46\/100 brn|[from] brn\n|upkeep\n|turn|12\n|\n|t:|1699218985\n|switch|p2a: Leafeon|Leafeon, M, shiny|100\/100\n|move|p1a: Milotic|Recover|p1a: Milotic\n|-heal|p1a: Milotic|100\/100\n|\n|-weather|RainDance|[upkeep]\n|upkeep\n|turn|13\n|\n|t:|1699218995\n|switch|p1a: Talonflame|Talonflame, M|89\/100\n|move|p2a: Leafeon|Leaf Blade|p1a: Talonflame\n|-resisted|p1a: Talonflame\n|-damage|p1a: Talonflame|80\/100\n|\n|-weather|RainDance|[upkeep]\n|upkeep\n|turn|14\n|\n|t:|1699219011\n|switch|p2a: Stevw|Manaphy|100\/100\n|move|p1a: Talonflame|Will-O-Wisp|p2a: Stevw\n|-status|p2a: Stevw|brn\n|\n|-weather|none\n|-damage|p2a: Stevw|94\/100 brn|[from] brn\n|upkeep\n|turn|15\n|\n|t:|1699219023\n|switch|p1a: Sylveon|Sylveon, M|100\/100\n|move|p2a: Stevw|Tail Glow|p2a: Stevw\n|-boost|p2a: Stevw|spa|3\n|\n|-heal|p2a: Stevw|100\/100 brn|[from] item: Leftovers\n|-damage|p2a: Stevw|94\/100 brn|[from] brn\n|upkeep\n|turn|16\n|\n|t:|1699219032\n|move|p2a: Stevw|Surf|p1a: Sylveon\n|-damage|p1a: Sylveon|43\/100\n|move|p1a: Sylveon|Calm Mind|p1a: Sylveon\n|-boost|p1a: Sylveon|spa|1\n|-boost|p1a: Sylveon|spd|1\n|\n|-heal|p2a: Stevw|100\/100 brn|[from] item: Leftovers\n|-heal|p1a: Sylveon|49\/100|[from] item: Leftovers\n|-damage|p2a: Stevw|94\/100 brn|[from] brn\n|upkeep\n|turn|17\n|\n|t:|1699219060\n|move|p2a: Stevw|Surf|p1a: Sylveon\n|-damage|p1a: Sylveon|16\/100\n|move|p1a: Sylveon|Wish|p1a: Sylveon\n|\n|-heal|p2a: Stevw|100\/100 brn|[from] item: Leftovers\n|-heal|p1a: Sylveon|22\/100|[from] item: Leftovers\n|-damage|p2a: Stevw|94\/100 brn|[from] brn\n|upkeep\n|turn|18\n|\n|t:|1699219079\n|move|p2a: Stevw|Surf|p1a: Sylveon\n|-damage|p1a: Sylveon|0 fnt\n|faint|p1a: Sylveon\n|\n|-heal|p2a: Stevw|100\/100 brn|[from] item: Leftovers\n|-damage|p2a: Stevw|94\/100 brn|[from] brn\n|upkeep\n|\n|t:|1699219091\n|switch|p1a: Zapdos|Zapdos-Galar|100\/100\n|turn|19\n|\n|t:|1699219113\n|move|p1a: Zapdos|Brave Bird|p2a: Stevw\n|-damage|p2a: Stevw|37\/100 brn\n|-damage|p1a: Zapdos|79\/100|[from] Recoil\n|move|p2a: Stevw|Tail Glow|p2a: Stevw\n|-boost|p2a: Stevw|spa|3\n|\n|-heal|p2a: Stevw|43\/100 brn|[from] item: Leftovers\n|-damage|p2a: Stevw|37\/100 brn|[from] brn\n|upkeep\n|turn|20\n|\n|t:|1699219126\n|move|p1a: Zapdos|Brave Bird|p2a: Stevw\n|-crit|p2a: Stevw\n|-damage|p2a: Stevw|0 fnt\n|faint|p2a: Stevw\n|-damage|p1a: Zapdos|65\/100|[from] Recoil\n|\n|upkeep\n|\n|t:|1699219133\n|switch|p2a: Weezing|Weezing-Galar, M, shiny|100\/100\n|-ability|p2a: Weezing|Neutralizing Gas\n|turn|21\n|\n|t:|1699219144\n|switch|p1a: Milotic|Milotic, M|100\/100\n|move|p2a: Weezing|Strange Steam|p1a: Milotic\n|-damage|p1a: Milotic|81\/100\n|\n|upkeep\n|turn|22\n|\n|t:|1699219151\n|move|p1a: Milotic|Scald|p2a: Weezing\n|-damage|p2a: Weezing|65\/100\n|move|p2a: Weezing|Will-O-Wisp|p1a: Milotic\n|-status|p1a: Milotic|brn\n|\n|-damage|p1a: Milotic|75\/100 brn|[from] brn\n|upkeep\n|turn|23\n|\n|t:|1699219170\n|move|p1a: Milotic|Scald|p2a: Weezing\n|-damage|p2a: Weezing|26\/100\n|-status|p2a: Weezing|brn\n|move|p2a: Weezing|Defog|p1a: Milotic\n|-unboost|p1a: Milotic|evasion|1\n|\n|-damage|p1a: Milotic|68\/100 brn|[from] brn\n|-damage|p2a: Weezing|20\/100 brn|[from] brn\n|upkeep\n|turn|24\n|\n|t:|1699219190\n|move|p1a: Milotic|Scald|p2a: Weezing\n|-damage|p2a: Weezing|0 fnt\n|faint|p2a: Weezing\n|-end|p2a: Weezing|ability: Neutralizing Gas\n|\n|-damage|p1a: Milotic|62\/100 brn|[from] brn\n|upkeep\n|\n|t:|1699219197\n|switch|p2a: Leafeon|Leafeon, M, shiny|100\/100\n|turn|25\n|\n|t:|1699219206\n|switch|p1a: Talonflame|Talonflame, M|80\/100\n|move|p2a: Leafeon|Leaf Blade|p1a: Talonflame\n|-resisted|p1a: Talonflame\n|-damage|p1a: Talonflame|71\/100\n|-status|p2a: Leafeon|brn|[from] ability: Flame Body|[of] p1a: Talonflame\n|\n|-damage|p2a: Leafeon|95\/100 brn|[from] brn\n|upkeep\n|turn|26\n|\n|t:|1699219219\n|move|p2a: Leafeon|Protect|p2a: Leafeon\n|-singleturn|p2a: Leafeon|Protect\n|move|p1a: Talonflame|Taunt|p2a: Leafeon\n|-activate|p2a: Leafeon|move: Protect\n|\n|-damage|p2a: Leafeon|89\/100 brn|[from] brn\n|upkeep\n|turn|27\n|\n|t:|1699219227\n|move|p1a: Talonflame|Taunt|p2a: Leafeon\n|-start|p2a: Leafeon|move: Taunt\n|cant|p2a: Leafeon|move: Taunt|Wish\n|\n|-damage|p2a: Leafeon|83\/100 brn|[from] brn\n|upkeep\n|turn|28\n|\n|t:|1699219240\n|switch|p1a: Zapdos|Zapdos-Galar|65\/100\n|switch|p2a: Politoed|Politoed, F, shiny, tera:Steel|46\/100 brn\n|-weather|RainDance|[from] ability: Drizzle|[of] p2a: Politoed\n|\n|-weather|RainDance|[upkeep]\n|-damage|p2a: Politoed|40\/100 brn|[from] brn\n|upkeep\n|turn|29\n|\n|t:|1699219253\n|move|p1a: Zapdos|Thunderous Kick|p2a: Politoed\n|-supereffective|p2a: Politoed\n|-damage|p2a: Politoed|0 fnt\n|faint|p2a: Politoed\n|\n|-weather|RainDance|[upkeep]\n|upkeep\n|\n|t:|1699219260\n|switch|p2a: Androxus|Zamazenta-Crowned|100\/100\n|-ability|p2a: Androxus|Dauntless Shield|boost\n|-boost|p2a: Androxus|def|1\n|turn|30\n|\n|t:|1699219266\n|switch|p1a: Talonflame|Talonflame, M|71\/100\n|move|p2a: Androxus|Substitute|p2a: Androxus\n|-start|p2a: Androxus|Substitute\n|-damage|p2a: Androxus|76\/100\n|\n|-weather|RainDance|[upkeep]\n|upkeep\n|turn|31\n|\n|t:|1699219276\n|move|p1a: Talonflame|Flare Blitz|p2a: Androxus\n|-supereffective|p2a: Androxus\n|-activate|p2a: Androxus|move: Substitute|[damage]\n|-damage|p1a: Talonflame|66\/100|[from] Recoil|[of] p2a: Androxus\n|move|p2a: Androxus|Iron Defense|p2a: Androxus\n|-boost|p2a: Androxus|def|2\n|\n|-weather|RainDance|[upkeep]\n|upkeep\n|turn|32\n|\n|t:|1699219293\n|move|p1a: Talonflame|Flare Blitz|p2a: Androxus\n|-supereffective|p2a: Androxus\n|-end|p2a: Androxus|Substitute\n|-damage|p1a: Talonflame|63\/100|[from] Recoil|[of] p2a: Androxus\n|move|p2a: Androxus|Close Combat|p1a: Talonflame\n|-resisted|p1a: Talonflame\n|-damage|p1a: Talonflame|24\/100\n|-unboost|p2a: Androxus|def|1\n|-unboost|p2a: Androxus|spd|1\n|\n|-weather|none\n|upkeep\n|turn|33\n|\n|t:|1699219304\n|move|p1a: Talonflame|Will-O-Wisp|p2a: Androxus\n|-status|p2a: Androxus|brn\n|move|p2a: Androxus|Substitute|p2a: Androxus\n|-start|p2a: Androxus|Substitute\n|-damage|p2a: Androxus|51\/100 brn\n|\n|-damage|p2a: Androxus|45\/100 brn|[from] brn\n|upkeep\n|turn|34\n|\n|t:|1699219324\n|move|p1a: Talonflame|Flare Blitz|p2a: Androxus\n|-supereffective|p2a: Androxus\n|-activate|p2a: Androxus|move: Substitute|[damage]\n|-damage|p1a: Talonflame|15\/100|[from] Recoil|[of] p2a: Androxus\n|move|p2a: Androxus|Close Combat|p1a: Talonflame\n|-resisted|p1a: Talonflame\n|-crit|p1a: Talonflame\n|-damage|p1a: Talonflame|0 fnt\n|-unboost|p2a: Androxus|def|1\n|-unboost|p2a: Androxus|spd|1\n|faint|p1a: Talonflame\n|\n|-damage|p2a: Androxus|38\/100 brn|[from] brn\n|upkeep\n|\n|t:|1699219339\n|switch|p1a: Milotic|Milotic, M|62\/100 brn\n|turn|35\n|\n|t:|1699219343\n|move|p2a: Androxus|Close Combat|p1a: Milotic\n|-damage|p1a: Milotic|38\/100 brn\n|-unboost|p2a: Androxus|def|1\n|-unboost|p2a: Androxus|spd|1\n|-damage|p2a: Androxus|22\/100 brn|[from] item: Rocky Helmet|[of] p1a: Milotic\n|move|p1a: Milotic|Recover|p1a: Milotic\n|-heal|p1a: Milotic|88\/100 brn\n|\n|-damage|p2a: Androxus|16\/100 brn|[from] brn\n|-damage|p1a: Milotic|82\/100 brn|[from] brn\n|upkeep\n|turn|36\n|\n|t:|1699219354\n|move|p2a: Androxus|Behemoth Bash|p1a: Milotic\n|-resisted|p1a: Milotic\n|-damage|p1a: Milotic|71\/100 brn\n|-damage|p2a: Androxus|0 fnt|[from] item: Rocky Helmet|[of] p1a: Milotic\n|faint|p2a: Androxus\n|move|p1a: Milotic|Scald|p2: Androxus|[notarget]\n|-fail|p1a: Milotic\n|\n|-damage|p1a: Milotic|65\/100 brn|[from] brn\n|upkeep\n|\n|t:|1699219364\n|switch|p2a: Shimks|Klefki, F, shiny|95\/100\n|turn|37\n|\n|t:|1699219382\n|move|p1a: Milotic|Scald|p2a: Shimks\n|-damage|p2a: Shimks|63\/100\n|move|p2a: Shimks|Draining Kiss|p1a: Milotic\n|-damage|p1a: Milotic|51\/100 brn\n|-heal|p2a: Shimks|76\/100|[from] drain|[of] p1a: Milotic\n|-damage|p2a: Shimks|59\/100|[from] item: Rocky Helmet|[of] p1a: Milotic\n|\n|-damage|p1a: Milotic|45\/100 brn|[from] brn\n|upkeep\n|turn|38\n|\n|t:|1699219392\n|move|p1a: Milotic|Recover|p1a: Milotic\n|-heal|p1a: Milotic|95\/100 brn\n|move|p2a: Shimks|Draining Kiss|p1a: Milotic\n|-damage|p1a: Milotic|81\/100 brn\n|-heal|p2a: Shimks|72\/100|[from] drain|[of] p1a: Milotic\n|-damage|p2a: Shimks|55\/100|[from] item: Rocky Helmet|[of] p1a: Milotic\n|\n|-damage|p1a: Milotic|75\/100 brn|[from] brn\n|upkeep\n|turn|39\n|\n|t:|1699219426\n|move|p1a: Milotic|Scald|p2a: Shimks\n|-damage|p2a: Shimks|24\/100\n|move|p2a: Shimks|Flash Cannon|p1a: Milotic\n|-resisted|p1a: Milotic\n|-crit|p1a: Milotic\n|-damage|p1a: Milotic|57\/100 brn\n|\n|-damage|p1a: Milotic|51\/100 brn|[from] brn\n|upkeep\n|turn|40\n|\n|t:|1699219435\n|switch|p2a: Leafeon|Leafeon, M, shiny|83\/100 brn\n|move|p1a: Milotic|Recover|p1a: Milotic\n|-heal|p1a: Milotic|100\/100 brn\n|\n|-damage|p2a: Leafeon|77\/100 brn|[from] brn\n|-damage|p1a: Milotic|94\/100 brn|[from] brn\n|upkeep\n|turn|41\n|\n|t:|1699219461\n|switch|p1a: Torterra|Torterra, F|100\/100\n|move|p2a: Leafeon|Leaf Blade|p1a: Torterra\n|-damage|p1a: Torterra|85\/100\n|\n|-damage|p2a: Leafeon|71\/100 brn|[from] brn\n|upkeep\n|turn|42\n|\n|t:|1699219469\n|move|p2a: Leafeon|X-Scissor|p1a: Torterra\n|-supereffective|p1a: Torterra\n|-damage|p1a: Torterra|65\/100\n|move|p1a: Torterra|Shell Smash|p1a: Torterra\n|-unboost|p1a: Torterra|def|1\n|-unboost|p1a: Torterra|spd|1\n|-boost|p1a: Torterra|atk|2\n|-boost|p1a: Torterra|spa|2\n|-boost|p1a: Torterra|spe|2\n|-enditem|p1a: Torterra|White Herb\n|-clearnegativeboost|p1a: Torterra|[silent]\n|\n|-damage|p2a: Leafeon|65\/100 brn|[from] brn\n|upkeep\n|turn|43\n|\n|t:|1699219481\n|move|p2a: Leafeon|Protect|p2a: Leafeon\n|-singleturn|p2a: Leafeon|Protect\n|move|p1a: Torterra|Zen Headbutt|p2a: Leafeon\n|-activate|p2a: Leafeon|move: Protect\n|\n|-damage|p2a: Leafeon|59\/100 brn|[from] brn\n|upkeep\n|turn|44\n|\n|t:|1699219489\n|move|p1a: Torterra|Zen Headbutt|p2a: Leafeon\n|-damage|p2a: Leafeon|27\/100 brn\n|move|p2a: Leafeon|X-Scissor|p1a: Torterra\n|-supereffective|p1a: Torterra\n|-damage|p1a: Torterra|47\/100\n|\n|-damage|p2a: Leafeon|21\/100 brn|[from] brn\n|upkeep\n|turn|45\n|\n|t:|1699219501\n|move|p2a: Leafeon|Protect|p2a: Leafeon\n|-singleturn|p2a: Leafeon|Protect\n|move|p1a: Torterra|Zen Headbutt|p2a: Leafeon\n|-activate|p2a: Leafeon|move: Protect\n|\n|-damage|p2a: Leafeon|15\/100 brn|[from] brn\n|upkeep\n|turn|46\n|\n|t:|1699219510\n|move|p1a: Torterra|Zen Headbutt|p2a: Leafeon\n|-damage|p2a: Leafeon|0 fnt\n|faint|p2a: Leafeon\n|\n|upkeep\n|c|\u2606sandurus|gz\n|\n|t:|1699219518\n|switch|p2a: Shimks|Klefki, F, shiny|24\/100\n|turn|47\n|c|\u2606Citybob|gg\n|\n|t:|1699219523\n|move|p1a: Torterra|Earthquake|p2a: Shimks\n|-supereffective|p2a: Shimks\n|-damage|p2a: Shimks|0 fnt\n|faint|p2a: Shimks\n|\n|win|Citybob\n","uploadtime":1699219531,"views":12,"p1id":"citybob","p2id":"sandurus","formatid":"gen9anythinggoes","rating":0,"private":0,"password":""}