{"id":"gen9anythinggoes-1980913760","p1":"TemptingMy6T's","p2":"Pokechamp M-1","format":"[Gen 9] Anything Goes","log":"|j|\u2606TemptingMy6T's\n|j|\u2606Pokechamp M-1\n|t:|1698848498\n|gametype|singles\n|player|p1|TemptingMy6T's|nate|1063\n|player|p2|Pokechamp M-1|102|1121\n|teamsize|p1|6\n|teamsize|p2|6\n|gen|9\n|tier|[Gen 9] Anything Goes\n|rated|\n|rule|HP Percentage Mod: HP is shown in percentages\n|rule|Endless Battle Clause: Forcing endless battles is banned\n|clearpoke\n|poke|p1|Abomasnow, M|\n|poke|p1|Articuno|\n|poke|p1|Snover, M|\n|poke|p1|Cryogonal|\n|poke|p1|Poliwrath, L1, M|\n|poke|p1|Gengar, F|\n|poke|p2|Calyrex-Shadow|\n|poke|p2|Corviknight, M|\n|poke|p2|Ursaluna-Bloodmoon, M|\n|poke|p2|Kyogre|\n|poke|p2|Toxapex, F|\n|poke|p2|Flutter Mane|\n|teampreview\n|inactive|Battle timer is ON: inactive players will automatically lose when time's up. (requested by Pokechamp M-1)\n|\n|t:|1698848561\n|start\n|switch|p1a: Perish 1 Jr.|Snover, M, shiny|100\/100\n|switch|p2a: Calyrex|Calyrex-Shadow|100\/100\n|-ability|p2a: Calyrex|As One\n|-ability|p2a: Calyrex|Unnerve\n|-weather|Snow|[from] ability: Snow Warning|[of] p1a: Perish 1 Jr.\n|turn|1\n|\n|t:|1698848572\n|move|p2a: Calyrex|Substitute|p2a: Calyrex\n|-start|p2a: Calyrex|Substitute\n|-damage|p2a: Calyrex|76\/100\n|move|p1a: Perish 1 Jr.|Sheer Cold|p2a: Calyrex\n|-ohko\n|-end|p2a: Calyrex|Substitute\n|\n|-weather|Snow|[upkeep]\n|upkeep\n|turn|2\n|\n|t:|1698848585\n|move|p2a: Calyrex|Astral Barrage|p1a: Perish 1 Jr.\n|-damage|p1a: Perish 1 Jr.|0 fnt\n|faint|p1a: Perish 1 Jr.\n|-ability|p2a: Calyrex|Grim Neigh|boost\n|-boost|p2a: Calyrex|spa|1\n|-damage|p2a: Calyrex|66\/100|[from] item: Life Orb\n|\n|-weather|Snow|[upkeep]\n|upkeep\n|\n|t:|1698848594\n|switch|p1a: Perish 2|Articuno, shiny|100\/100\n|turn|3\n|c|\u2606Pokechamp M-1|bro tf\n|\n|t:|1698848605\n|move|p2a: Calyrex|Astral Barrage|p1a: Perish 2\n|-damage|p1a: Perish 2|0 fnt\n|faint|p1a: Perish 2\n|-ability|p2a: Calyrex|Grim Neigh|boost\n|-boost|p2a: Calyrex|spa|1\n|-damage|p2a: Calyrex|56\/100|[from] item: Life Orb\n|\n|-weather|Snow|[upkeep]\n|upkeep\n|c|\u2606TemptingMy6T's|youll see\n|c|\u2606Pokechamp M-1|i wish\n|\n|t:|1698848617\n|switch|p1a: Perish 2 II|Cryogonal, shiny|100\/100\n|turn|4\n|\n|t:|1698848622\n|move|p2a: Calyrex|Astral Barrage|p1a: Perish 2 II\n|-damage|p1a: Perish 2 II|0 fnt\n|faint|p1a: Perish 2 II\n|-ability|p2a: Calyrex|Grim Neigh|boost\n|-boost|p2a: Calyrex|spa|1\n|-damage|p2a: Calyrex|46\/100|[from] item: Life Orb\n|\n|-weather|Snow|[upkeep]\n|upkeep\n|\n|t:|1698848632\n|switch|p1a: The setup|Gengar, F|100\/100\n|turn|5\n|\n|t:|1698848638\n|move|p2a: Calyrex|Astral Barrage|p1a: The setup\n|-supereffective|p1a: The setup\n|-activate|p1a: The setup|item: Focus Band\n|-damage|p1a: The setup|1\/100\n|-damage|p2a: Calyrex|36\/100|[from] item: Life Orb\n|move|p1a: The setup|Rain Dance|p1a: The setup\n|-weather|RainDance\n|\n|-weather|RainDance|[upkeep]\n|upkeep\n|turn|6\n|c|\u2606TemptingMy6T's|go ahead\n|c|\u2606Pokechamp M-1|ohhhhhhhh\n|\n|t:|1698848656\n|move|p2a: Calyrex|Substitute|p2a: Calyrex\n|-start|p2a: Calyrex|Substitute\n|-damage|p2a: Calyrex|11\/100\n|move|p1a: The setup|Brick Break|p2a: Calyrex\n|-immune|p2a: Calyrex\n|\n|-weather|RainDance|[upkeep]\n|upkeep\n|turn|7\n|c|\u2606Pokechamp M-1|now i get it\n|\n|t:|1698848663\n|-singleturn|p1a: The setup|move: Focus Punch\n|move|p2a: Calyrex|Astral Barrage|p1a: The setup\n|-supereffective|p1a: The setup\n|-damage|p1a: The setup|0 fnt\n|faint|p1a: The setup\n|-ability|p2a: Calyrex|Grim Neigh|boost\n|-boost|p2a: Calyrex|spa|1\n|-damage|p2a: Calyrex|1\/100|[from] item: Life Orb\n|\n|-weather|RainDance|[upkeep]\n|upkeep\n|\n|t:|1698848674\n|switch|p1a: Perish 1|Abomasnow, M, shiny|100\/100\n|-weather|Snow|[from] ability: Snow Warning|[of] p1a: Perish 1\n|turn|8\n|\n|t:|1698848689\n|move|p2a: Calyrex|Astral Barrage|p1a: Perish 1\n|-damage|p1a: Perish 1|0 fnt\n|faint|p1a: Perish 1\n|-ability|p2a: Calyrex|Grim Neigh|boost\n|-boost|p2a: Calyrex|spa|1\n|-damage|p2a: Calyrex|0 fnt|[from] item: Life Orb\n|faint|p2a: Calyrex\n|\n|-weather|Snow|[upkeep]\n|upkeep\n|c|\u2606Pokechamp M-1|umm can u please like\n|c|\u2606Pokechamp M-1|explain me the strat\n|c|\u2606Pokechamp M-1|i am kinda lost here\n|\n|t:|1698848701\n|switch|p2a: Toxapex|Toxapex, F|100\/100\n|switch|p1a: The final hope|Poliwrath, L1, M, shiny|100\/100\n|turn|9\n|c|\u2606TemptingMy6T's|youll understand\n|\n|t:|1698848707\n|move|p2a: Toxapex|Toxic|p1a: The final hope\n|-status|p1a: The final hope|tox\n|move|p1a: The final hope|Endeavor|p2a: Toxapex\n|-damage|p2a: Toxapex|5\/100\n|\n|-weather|Snow|[upkeep]\n|-heal|p2a: Toxapex|11\/100|[from] item: Black Sludge\n|-damage|p1a: The final hope|93\/100 tox|[from] psn\n|upkeep\n|turn|10\n|\n|t:|1698848725\n|move|p2a: Toxapex|Baneful Bunker|p2a: Toxapex\n|-singleturn|p2a: Toxapex|move: Protect\n|move|p1a: The final hope|Chilling Water|p2a: Toxapex\n|-activate|p2a: Toxapex|move: Protect\n|\n|-weather|Snow|[upkeep]\n|-heal|p2a: Toxapex|18\/100|[from] item: Black Sludge\n|-damage|p1a: The final hope|77\/100 tox|[from] psn\n|upkeep\n|turn|11\n|c|\u2606Pokechamp M-1|whats chilling water\n|\n|t:|1698848740\n|switch|p2a: Kyogre|Kyogre|100\/100\n|-weather|RainDance|[from] ability: Drizzle|[of] p2a: Kyogre\n|move|p1a: The final hope|Chilling Water|p2a: Kyogre\n|-resisted|p2a: Kyogre\n|-damage|p2a: Kyogre|99\/100\n|-unboost|p2a: Kyogre|atk|1\n|\n|-weather|RainDance|[upkeep]\n|-damage|p1a: The final hope|54\/100 tox|[from] psn\n|upkeep\n|turn|12\n|c|\u2606TemptingMy6T's|oh thanks for rain again\n|\n|t:|1698848752\n|switch|p2a: Ursaluna|Ursaluna-Bloodmoon, M|100\/100\n|move|p1a: The final hope|Endeavor|p2a: Ursaluna\n|-damage|p2a: Ursaluna|2\/100\n|\n|-weather|RainDance|[upkeep]\n|-damage|p1a: The final hope|24\/100 tox|[from] psn\n|upkeep\n|turn|13\n|c|\u2606Pokechamp M-1|welcome\n|\n|t:|1698848765\n|switch|p2a: Flutter Mane|Flutter Mane|100\/100\n|-enditem|p2a: Flutter Mane|Booster Energy\n|-activate|p2a: Flutter Mane|ability: Protosynthesis|[fromitem]\n|-start|p2a: Flutter Mane|protosynthesisspa\n|move|p1a: The final hope|Chilling Water|p2a: Flutter Mane\n|-damage|p2a: Flutter Mane|99\/100\n|-unboost|p2a: Flutter Mane|atk|1\n|\n|-weather|RainDance|[upkeep]\n|-damage|p1a: The final hope|0 fnt|[from] psn\n|faint|p1a: The final hope\n|\n|win|Pokechamp M-1\n|upkeep\n|raw|TemptingMy6T&apos;s's rating: 1063 &rarr; <strong>1047<\/strong><br \/>(-16 for losing)\n|raw|Pokechamp M-1's rating: 1121 &rarr; <strong>1142<\/strong><br \/>(+21 for winning)\n|l|\u2606TemptingMy6T's\n|c|\u2606Pokechamp M-1|good game my friend.\n","uploadtime":1698848781,"views":5,"p1id":"temptingmy6ts","p2id":"pokechampm1","formatid":"gen9anythinggoes","rating":1047,"private":0,"password":""}