{"id":"gen9anythinggoes-1992563538","p1":"YoloYester","p2":"d1llyd4lly","format":"[Gen 9] Anything Goes","log":"|j|\u2606YoloYester\n|j|\u2606d1llyd4lly\n|t:|1700206465\n|gametype|singles\n|player|p1|YoloYester|elesa|1069\n|player|p2|d1llyd4lly|unknown|1067\n|teamsize|p1|6\n|teamsize|p2|6\n|gen|9\n|tier|[Gen 9] Anything Goes\n|rated|\n|rule|HP Percentage Mod: HP is shown in percentages\n|rule|Endless Battle Clause: Forcing endless battles is banned\n|clearpoke\n|poke|p1|Snorlax, F|\n|poke|p1|Dragonite, F|\n|poke|p1|Flutter Mane|\n|poke|p1|Zoroark-Hisui, M|\n|poke|p1|Clefable, F|\n|poke|p1|Muk, F|\n|poke|p2|Dragapult, M|\n|poke|p2|Glimmora, M|\n|poke|p2|Toxapex, M|\n|poke|p2|Hatterene, F|\n|poke|p2|Moltres-Galar|\n|poke|p2|Dugtrio, M|\n|teampreview\n|\n|t:|1700206470\n|start\n|switch|p1a: Sewage|Muk, F|100\/100\n|switch|p2a: Glimmora|Glimmora, M|100\/100\n|turn|1\n|\n|t:|1700206488\n|move|p2a: Glimmora|Energy Ball|p1a: Sewage\n|-resisted|p1a: Sewage\n|-damage|p1a: Sewage|91\/100\n|move|p1a: Sewage|Taunt|p2a: Glimmora\n|-start|p2a: Glimmora|move: Taunt\n|\n|-heal|p1a: Sewage|97\/100|[from] item: Black Sludge\n|upkeep\n|turn|2\n|\n|t:|1700206504\n|switch|p2a: Hatterene|Hatterene, F|100\/100\n|move|p1a: Sewage|Acid Armor|p1a: Sewage\n|-boost|p1a: Sewage|def|2\n|\n|-heal|p1a: Sewage|100\/100|[from] item: Black Sludge\n|upkeep\n|turn|3\n|\n|t:|1700206515\n|move|p1a: Sewage|Metronome|p1a: Sewage\n|move|p1a: Sewage|Surf|p2a: Hatterene|[from]move: Metronome\n|-damage|p2a: Hatterene|85\/100\n|move|p2a: Hatterene|Psychic|p1a: Sewage\n|-supereffective|p1a: Sewage\n|-damage|p1a: Sewage|36\/100\n|\n|-heal|p1a: Sewage|42\/100|[from] item: Black Sludge\n|upkeep\n|turn|4\n|\n|t:|1700206528\n|move|p1a: Sewage|Protect|p1a: Sewage\n|-singleturn|p1a: Sewage|Protect\n|move|p2a: Hatterene|Psychic|p1a: Sewage\n|-activate|p1a: Sewage|move: Protect\n|\n|-heal|p1a: Sewage|48\/100|[from] item: Black Sludge\n|upkeep\n|turn|5\n|\n|t:|1700206536\n|move|p1a: Sewage|Metronome|p1a: Sewage\n|move|p1a: Sewage|Tail Whip|p2a: Hatterene|[from]move: Metronome\n|move|p2a: Hatterene|Tail Whip|p1a: Sewage|[from]ability: Magic Bounce\n|-unboost|p1a: Sewage|def|1\n|move|p2a: Hatterene|Psychic|p1a: Sewage\n|-supereffective|p1a: Sewage\n|-damage|p1a: Sewage|0 fnt\n|faint|p1a: Sewage\n|\n|upkeep\n|\n|t:|1700206554\n|switch|p1a: Monster|Snorlax, F, shiny|100\/100\n|turn|6\n|\n|t:|1700206565\n|move|p1a: Monster|Bitter Malice|p2a: Hatterene\n|-supereffective|p2a: Hatterene\n|-damage|p2a: Hatterene|7\/100\n|-unboost|p2a: Hatterene|atk|1\n|-enditem|p2a: Hatterene|Sitrus Berry|[eat]\n|-heal|p2a: Hatterene|32\/100|[from] item: Sitrus Berry\n|move|p2a: Hatterene|Psychic|p1a: Monster\n|-damage|p1a: Monster|9\/100\n|replace|p1a: Rhubarb|Zoroark-Hisui, M, shiny\n|-end|p1a: Rhubarb|Illusion\n|\n|upkeep\n|turn|7\n|\n|t:|1700206584\n|move|p1a: Rhubarb|Bitter Malice|p2a: Hatterene\n|-supereffective|p2a: Hatterene\n|-damage|p2a: Hatterene|0 fnt\n|faint|p2a: Hatterene\n|\n|upkeep\n|\n|t:|1700206600\n|switch|p2a: Toxapex|Toxapex, M|100\/100\n|turn|8\n|\n|t:|1700206608\n|move|p1a: Rhubarb|Protect|p1a: Rhubarb\n|-singleturn|p1a: Rhubarb|Protect\n|move|p2a: Toxapex|Surf|p1a: Rhubarb\n|-activate|p1a: Rhubarb|move: Protect\n|\n|upkeep\n|turn|9\n|\n|t:|1700206620\n|move|p1a: Rhubarb|Bitter Malice|p2a: Toxapex\n|-damage|p2a: Toxapex|71\/100\n|-unboost|p2a: Toxapex|atk|1\n|move|p2a: Toxapex|Surf|p1a: Rhubarb\n|-damage|p1a: Rhubarb|0 fnt\n|faint|p1a: Rhubarb\n|\n|-heal|p2a: Toxapex|77\/100|[from] item: Leftovers\n|upkeep\n|\n|t:|1700206637\n|switch|p1a: Menace|Clefable, F|100\/100\n|turn|10\n|\n|t:|1700206659\n|-terastallize|p1a: Menace|Steel\n|move|p1a: Menace|Wish|p1a: Menace\n|move|p2a: Toxapex|Ice Beam|p1a: Menace\n|-resisted|p1a: Menace\n|-damage|p1a: Menace|94\/100\n|\n|-heal|p2a: Toxapex|83\/100|[from] item: Leftovers\n|upkeep\n|turn|11\n|\n|t:|1700206670\n|move|p1a: Menace|Cosmic Power|p1a: Menace\n|-boost|p1a: Menace|def|1\n|-boost|p1a: Menace|spd|1\n|move|p2a: Toxapex|Toxic Spikes|p1a: Menace\n|-sidestart|p1: YoloYester|move: Toxic Spikes\n|\n|-heal|p1a: Menace|100\/100|[from] move: Wish|[wisher] Menace\n|-heal|p2a: Toxapex|89\/100|[from] item: Leftovers\n|upkeep\n|turn|12\n|\n|t:|1700206684\n|move|p1a: Menace|Cosmic Power|p1a: Menace\n|-boost|p1a: Menace|def|1\n|-boost|p1a: Menace|spd|1\n|move|p2a: Toxapex|Surf|p1a: Menace\n|-damage|p1a: Menace|91\/100\n|\n|-heal|p2a: Toxapex|95\/100|[from] item: Leftovers\n|upkeep\n|turn|13\n|\n|t:|1700206693\n|move|p1a: Menace|Cosmic Power|p1a: Menace\n|-boost|p1a: Menace|def|1\n|-boost|p1a: Menace|spd|1\n|move|p2a: Toxapex|Sludge Bomb|p1a: Menace\n|-immune|p1a: Menace\n|\n|-heal|p2a: Toxapex|100\/100|[from] item: Leftovers\n|upkeep\n|turn|14\n|\n|t:|1700206703\n|switch|p2a: Dragapult|Dragapult, M|100\/100\n|move|p1a: Menace|Cosmic Power|p1a: Menace\n|-boost|p1a: Menace|def|1\n|-boost|p1a: Menace|spd|1\n|\n|upkeep\n|turn|15\n|\n|t:|1700206713\n|move|p2a: Dragapult|Outrage|p1a: Menace\n|-resisted|p1a: Menace\n|-damage|p1a: Menace|78\/100\n|move|p1a: Menace|Wish|p1a: Menace\n|\n|upkeep\n|turn|16\n|\n|t:|1700206720\n|move|p2a: Dragapult|Outrage|p1a: Menace|[from]lockedmove\n|-resisted|p1a: Menace\n|-damage|p1a: Menace|67\/100\n|move|p1a: Menace|Cosmic Power|p1a: Menace\n|-boost|p1a: Menace|def|1\n|-boost|p1a: Menace|spd|1\n|\n|-heal|p1a: Menace|100\/100|[from] move: Wish|[wisher] Menace\n|upkeep\n|turn|17\n|\n|t:|1700206732\n|move|p2a: Dragapult|Outrage|p1a: Menace|[from]lockedmove\n|-resisted|p1a: Menace\n|-damage|p1a: Menace|91\/100\n|-start|p2a: Dragapult|confusion|[fatigue]\n|move|p1a: Menace|Cosmic Power|p1a: Menace\n|-boost|p1a: Menace|def|1\n|-boost|p1a: Menace|spd|1\n|\n|upkeep\n|turn|18\n|\n|t:|1700206746\n|switch|p2a: Dugtrio|Dugtrio, M|100\/100\n|move|p1a: Menace|Metronome|p1a: Menace\n|move|p1a: Menace|Magical Leaf|p2a: Dugtrio|[from]move: Metronome\n|-supereffective|p2a: Dugtrio\n|-damage|p2a: Dugtrio|47\/100\n|\n|-heal|p2a: Dugtrio|54\/100|[from] item: Leftovers\n|upkeep\n|turn|19\n|\n|t:|1700206758\n|move|p2a: Dugtrio|Earthquake|p1a: Menace\n|-supereffective|p1a: Menace\n|-damage|p1a: Menace|66\/100\n|move|p1a: Menace|Metronome|p1a: Menace\n|move|p1a: Menace|Role Play|p2a: Dugtrio|[from]move: Metronome\n|-endability|p1a: Menace|Unaware|[from] move: Role Play\n|-ability|p1a: Menace|Arena Trap|[from] move: Role Play|[of] p2a: Dugtrio\n|\n|-heal|p2a: Dugtrio|60\/100|[from] item: Leftovers\n|upkeep\n|turn|20\n|\n|t:|1700206773\n|move|p1a: Menace|Protect|p1a: Menace\n|-singleturn|p1a: Menace|Protect\n|move|p2a: Dugtrio|Earthquake|p1a: Menace\n|-activate|p1a: Menace|move: Protect\n|\n|-heal|p2a: Dugtrio|66\/100|[from] item: Leftovers\n|upkeep\n|turn|21\n|\n|t:|1700206783\n|move|p2a: Dugtrio|Earthquake|p1a: Menace\n|-supereffective|p1a: Menace\n|-damage|p1a: Menace|42\/100\n|move|p1a: Menace|Wish|p1a: Menace\n|\n|-heal|p2a: Dugtrio|72\/100|[from] item: Leftovers\n|upkeep\n|turn|22\n|\n|t:|1700206793\n|move|p2a: Dugtrio|Earthquake|p1a: Menace\n|-supereffective|p1a: Menace\n|-damage|p1a: Menace|17\/100\n|move|p1a: Menace|Metronome|p1a: Menace\n|move|p1a: Menace|Acid Spray|p2a: Dugtrio|[from]move: Metronome\n|-resisted|p2a: Dugtrio\n|-damage|p2a: Dugtrio|63\/100\n|-unboost|p2a: Dugtrio|spd|2\n|\n|-heal|p1a: Menace|67\/100|[from] move: Wish|[wisher] Menace\n|-heal|p2a: Dugtrio|69\/100|[from] item: Leftovers\n|upkeep\n|turn|23\n|\n|t:|1700206809\n|move|p1a: Menace|Protect|p1a: Menace\n|-singleturn|p1a: Menace|Protect\n|move|p2a: Dugtrio|Earthquake|p1a: Menace\n|-activate|p1a: Menace|move: Protect\n|\n|-heal|p2a: Dugtrio|75\/100|[from] item: Leftovers\n|upkeep\n|turn|24\n|\n|t:|1700206818\n|move|p2a: Dugtrio|Earthquake|p1a: Menace\n|-supereffective|p1a: Menace\n|-damage|p1a: Menace|44\/100\n|move|p1a: Menace|Wish|p1a: Menace\n|\n|-heal|p2a: Dugtrio|81\/100|[from] item: Leftovers\n|upkeep\n|turn|25\n|\n|t:|1700206827\n|move|p1a: Menace|Protect|p1a: Menace\n|-singleturn|p1a: Menace|Protect\n|move|p2a: Dugtrio|Earthquake|p1a: Menace\n|-activate|p1a: Menace|move: Protect\n|\n|-heal|p1a: Menace|94\/100|[from] move: Wish|[wisher] Menace\n|-heal|p2a: Dugtrio|87\/100|[from] item: Leftovers\n|upkeep\n|turn|26\n|\n|t:|1700206837\n|move|p2a: Dugtrio|Earthquake|p1a: Menace\n|-supereffective|p1a: Menace\n|-damage|p1a: Menace|71\/100\n|move|p1a: Menace|Metronome|p1a: Menace\n|move|p1a: Menace|Peck|p2a: Dugtrio|[from]move: Metronome\n|-damage|p2a: Dugtrio|70\/100\n|\n|-heal|p2a: Dugtrio|76\/100|[from] item: Leftovers\n|upkeep\n|turn|27\n|\n|t:|1700206851\n|move|p2a: Dugtrio|Earthquake|p1a: Menace\n|-supereffective|p1a: Menace\n|-damage|p1a: Menace|45\/100\n|move|p1a: Menace|Wish|p1a: Menace\n|\n|-heal|p2a: Dugtrio|82\/100|[from] item: Leftovers\n|upkeep\n|turn|28\n|\n|t:|1700206864\n|move|p1a: Menace|Protect|p1a: Menace\n|-singleturn|p1a: Menace|Protect\n|move|p2a: Dugtrio|Tri Attack|p1a: Menace\n|-activate|p1a: Menace|move: Protect\n|\n|-heal|p1a: Menace|95\/100|[from] move: Wish|[wisher] Menace\n|-heal|p2a: Dugtrio|89\/100|[from] item: Leftovers\n|upkeep\n|turn|29\n|\n|t:|1700206875\n|move|p2a: Dugtrio|Tri Attack|p1a: Menace\n|-resisted|p1a: Menace\n|-damage|p1a: Menace|94\/100\n|-status|p1a: Menace|brn\n|-enditem|p1a: Menace|Lum Berry|[eat]\n|-curestatus|p1a: Menace|brn|[msg]\n|move|p1a: Menace|Metronome|p1a: Menace\n|move|p1a: Menace|Extreme Speed|p2a: Dugtrio|[from]move: Metronome\n|-damage|p2a: Dugtrio|52\/100\n|\n|-heal|p2a: Dugtrio|58\/100|[from] item: Leftovers\n|upkeep\n|turn|30\n|\n|t:|1700206890\n|move|p2a: Dugtrio|Earthquake|p1a: Menace\n|-supereffective|p1a: Menace\n|-damage|p1a: Menace|71\/100\n|move|p1a: Menace|Metronome|p1a: Menace\n|move|p1a: Menace|Volt Switch|p2a: Dugtrio|[from]move: Metronome\n|-immune|p2a: Dugtrio\n|\n|-heal|p2a: Dugtrio|64\/100|[from] item: Leftovers\n|upkeep\n|turn|31\n|\n|t:|1700206907\n|move|p2a: Dugtrio|Night Slash|p1a: Menace\n|-damage|p1a: Menace|65\/100\n|move|p1a: Menace|Wish|p1a: Menace\n|\n|-heal|p2a: Dugtrio|71\/100|[from] item: Leftovers\n|upkeep\n|turn|32\n|\n|t:|1700206916\n|move|p1a: Menace|Protect|p1a: Menace\n|-singleturn|p1a: Menace|Protect\n|move|p2a: Dugtrio|Tri Attack|p1a: Menace\n|-activate|p1a: Menace|move: Protect\n|\n|-heal|p1a: Menace|100\/100|[from] move: Wish|[wisher] Menace\n|-heal|p2a: Dugtrio|77\/100|[from] item: Leftovers\n|upkeep\n|turn|33\n|\n|t:|1700206929\n|move|p2a: Dugtrio|Foul Play|p1a: Menace\n|-damage|p1a: Menace|96\/100\n|move|p1a: Menace|Metronome|p1a: Menace\n|move|p1a: Menace|Forest's Curse|p2a: Dugtrio|[from]move: Metronome\n|-start|p2a: Dugtrio|typeadd|Grass|[from] move: Forest's Curse\n|\n|-heal|p2a: Dugtrio|83\/100|[from] item: Leftovers\n|upkeep\n|turn|34\n|\n|t:|1700206948\n|-terastallize|p2a: Dugtrio|Ground\n|move|p2a: Dugtrio|Earthquake|p1a: Menace\n|-supereffective|p1a: Menace\n|-damage|p1a: Menace|66\/100\n|move|p1a: Menace|Metronome|p1a: Menace\n|move|p1a: Menace|Waterfall|p2a: Dugtrio|[from]move: Metronome\n|-supereffective|p2a: Dugtrio\n|-damage|p2a: Dugtrio|7\/100\n|\n|-heal|p2a: Dugtrio|13\/100|[from] item: Leftovers\n|upkeep\n|turn|35\n|\n|t:|1700206961\n|move|p2a: Dugtrio|Earthquake|p1a: Menace\n|-supereffective|p1a: Menace\n|-damage|p1a: Menace|35\/100\n|move|p1a: Menace|Wish|p1a: Menace\n|\n|-heal|p2a: Dugtrio|19\/100|[from] item: Leftovers\n|upkeep\n|turn|36\n|\n|t:|1700206970\n|move|p1a: Menace|Protect|p1a: Menace\n|-singleturn|p1a: Menace|Protect\n|move|p2a: Dugtrio|Earthquake|p1a: Menace\n|-activate|p1a: Menace|move: Protect\n|\n|-heal|p1a: Menace|85\/100|[from] move: Wish|[wisher] Menace\n|-heal|p2a: Dugtrio|26\/100|[from] item: Leftovers\n|upkeep\n|turn|37\n|\n|t:|1700206980\n|move|p2a: Dugtrio|Earthquake|p1a: Menace\n|-supereffective|p1a: Menace\n|-damage|p1a: Menace|50\/100\n|move|p1a: Menace|Metronome|p1a: Menace\n|move|p1a: Menace|Stone Edge|p2a: Dugtrio|[from]move: Metronome\n|-resisted|p2a: Dugtrio\n|-damage|p2a: Dugtrio|0 fnt\n|faint|p2a: Dugtrio\n|\n|upkeep\n|\n|t:|1700206994\n|switch|p2a: Dragapult|Dragapult, M|100\/100\n|turn|38\n|\n|t:|1700207004\n|move|p2a: Dragapult|Outrage|p1a: Menace\n|-resisted|p1a: Menace\n|-damage|p1a: Menace|42\/100\n|move|p1a: Menace|Wish|p1a: Menace\n|\n|upkeep\n|turn|39\n|\n|t:|1700207011\n|move|p1a: Menace|Protect|p1a: Menace\n|-singleturn|p1a: Menace|Protect\n|move|p2a: Dragapult|Outrage|p1a: Menace|[from]lockedmove\n|-activate|p1a: Menace|move: Protect\n|\n|-heal|p1a: Menace|92\/100|[from] move: Wish|[wisher] Menace\n|upkeep\n|turn|40\n|\n|t:|1700207025\n|move|p2a: Dragapult|Flamethrower|p1a: Menace\n|-supereffective|p1a: Menace\n|-damage|p1a: Menace|84\/100\n|move|p1a: Menace|Metronome|p1a: Menace\n|move|p1a: Menace|Outrage|p2a: Dragapult|[from]move: Metronome\n|-supereffective|p2a: Dragapult\n|-damage|p2a: Dragapult|46\/100\n|\n|upkeep\n|turn|41\n|\n|t:|1700207044\n|move|p2a: Dragapult|Flamethrower|p1a: Menace\n|-supereffective|p1a: Menace\n|-damage|p1a: Menace|77\/100\n|move|p1a: Menace|Outrage|p2a: Dragapult|[from]lockedmove\n|-supereffective|p2a: Dragapult\n|-damage|p2a: Dragapult|0 fnt\n|faint|p2a: Dragapult\n|-start|p1a: Menace|confusion|[fatigue]\n|\n|upkeep\n|c|\u2606YoloYester|Lmao\n|\n|t:|1700207054\n|switch|p2a: Toxapex|Toxapex, M|100\/100\n|turn|42\n|\n|t:|1700207061\n|-activate|p1a: Menace|confusion\n|-damage|p1a: Menace|75\/100|[from] confusion\n|move|p2a: Toxapex|Surf|p1a: Menace\n|-damage|p1a: Menace|70\/100\n|\n|upkeep\n|turn|43\n|\n|t:|1700207080\n|-activate|p1a: Menace|confusion\n|move|p1a: Menace|Wish|p1a: Menace\n|move|p2a: Toxapex|Sludge Bomb|p1a: Menace\n|-immune|p1a: Menace\n|\n|upkeep\n|turn|44\n|c|\u2606d1llyd4lly|ur pokemon is aptly named\n|\n|t:|1700207102\n|-activate|p1a: Menace|confusion\n|-damage|p1a: Menace|68\/100|[from] confusion\n|move|p2a: Toxapex|Ice Beam|p1a: Menace\n|-resisted|p1a: Menace\n|-damage|p1a: Menace|66\/100\n|\n|-heal|p1a: Menace|100\/100|[from] move: Wish|[wisher] Menace\n|upkeep\n|turn|45\n|\n|t:|1700207117\n|-activate|p1a: Menace|confusion\n|move|p1a: Menace|Protect|p1a: Menace\n|-singleturn|p1a: Menace|Protect\n|move|p2a: Toxapex|Ice Beam|p1a: Menace\n|-activate|p1a: Menace|move: Protect\n|\n|upkeep\n|turn|46\n|\n|t:|1700207128\n|-end|p1a: Menace|confusion\n|move|p1a: Menace|Protect||[still]\n|-fail|p1a: Menace\n|move|p2a: Toxapex|Ice Beam|p1a: Menace\n|-resisted|p1a: Menace\n|-damage|p1a: Menace|99\/100\n|-status|p1a: Menace|frz\n|\n|upkeep\n|turn|47\n|\n|t:|1700207138\n|cant|p1a: Menace|frz\n|move|p2a: Toxapex|Surf|p1a: Menace\n|-damage|p1a: Menace|94\/100 frz\n|\n|upkeep\n|turn|48\n|\n|t:|1700207145\n|-curestatus|p1a: Menace|frz|[msg]\n|move|p1a: Menace|Protect|p1a: Menace\n|-singleturn|p1a: Menace|Protect\n|move|p2a: Toxapex|Sludge Bomb|p1a: Menace\n|-activate|p1a: Menace|move: Protect\n|\n|upkeep\n|turn|49\n|\n|t:|1700207156\n|move|p1a: Menace|Metronome|p1a: Menace\n|move|p1a: Menace|Will-O-Wisp|p2a: Toxapex|[from]move: Metronome\n|-status|p2a: Toxapex|brn\n|move|p2a: Toxapex|Sludge Bomb|p1a: Menace\n|-immune|p1a: Menace\n|\n|-damage|p2a: Toxapex|95\/100 brn|[from] brn\n|upkeep\n|turn|50\n|\n|t:|1700207184\n|move|p1a: Menace|Cosmic Power|p1a: Menace\n|-boost|p1a: Menace|def|0\n|-boost|p1a: Menace|spd|0\n|move|p2a: Toxapex|Surf|p1a: Menace\n|-damage|p1a: Menace|89\/100\n|\n|-heal|p2a: Toxapex|100\/100 brn|[from] item: Leftovers\n|-damage|p2a: Toxapex|95\/100 brn|[from] brn\n|upkeep\n|turn|51\n|\n|t:|1700207198\n|move|p1a: Menace|Cosmic Power|p1a: Menace\n|-boost|p1a: Menace|def|0\n|-boost|p1a: Menace|spd|0\n|move|p2a: Toxapex|Surf|p1a: Menace\n|-damage|p1a: Menace|83\/100\n|\n|-heal|p2a: Toxapex|100\/100 brn|[from] item: Leftovers\n|-damage|p2a: Toxapex|95\/100 brn|[from] brn\n|upkeep\n|turn|52\n|\n|t:|1700207215\n|move|p1a: Menace|Cosmic Power|p1a: Menace\n|-boost|p1a: Menace|def|0\n|-boost|p1a: Menace|spd|0\n|move|p2a: Toxapex|Surf|p1a: Menace\n|-damage|p1a: Menace|78\/100\n|\n|-heal|p2a: Toxapex|100\/100 brn|[from] item: Leftovers\n|-damage|p2a: Toxapex|95\/100 brn|[from] brn\n|upkeep\n|turn|53\n|\n|t:|1700207229\n|move|p1a: Menace|Cosmic Power|p1a: Menace\n|-boost|p1a: Menace|def|0\n|-boost|p1a: Menace|spd|0\n|move|p2a: Toxapex|Ice Beam|p1a: Menace\n|-resisted|p1a: Menace\n|-damage|p1a: Menace|77\/100\n|\n|-heal|p2a: Toxapex|100\/100 brn|[from] item: Leftovers\n|-damage|p2a: Toxapex|95\/100 brn|[from] brn\n|upkeep\n|turn|54\n|\n|t:|1700207241\n|move|p1a: Menace|Cosmic Power|p1a: Menace\n|-boost|p1a: Menace|def|0\n|-boost|p1a: Menace|spd|0\n|move|p2a: Toxapex|Surf|p1a: Menace\n|-damage|p1a: Menace|71\/100\n|\n|-heal|p2a: Toxapex|100\/100 brn|[from] item: Leftovers\n|-damage|p2a: Toxapex|95\/100 brn|[from] brn\n|upkeep\n|turn|55\n|\n|t:|1700207253\n|move|p1a: Menace|Cosmic Power|p1a: Menace\n|-boost|p1a: Menace|def|0\n|-boost|p1a: Menace|spd|0\n|move|p2a: Toxapex|Surf|p1a: Menace\n|-damage|p1a: Menace|66\/100\n|\n|-heal|p2a: Toxapex|100\/100 brn|[from] item: Leftovers\n|-damage|p2a: Toxapex|95\/100 brn|[from] brn\n|upkeep\n|turn|56\n|\n|t:|1700207265\n|move|p1a: Menace|Cosmic Power|p1a: Menace\n|-boost|p1a: Menace|def|0\n|-boost|p1a: Menace|spd|0\n|move|p2a: Toxapex|Surf|p1a: Menace\n|-damage|p1a: Menace|61\/100\n|\n|-heal|p2a: Toxapex|100\/100 brn|[from] item: Leftovers\n|-damage|p2a: Toxapex|95\/100 brn|[from] brn\n|upkeep\n|turn|57\n|\n|t:|1700207281\n|move|p1a: Menace|Wish|p1a: Menace\n|move|p2a: Toxapex|Toxic Spikes|p1a: Menace\n|-sidestart|p1: YoloYester|move: Toxic Spikes\n|\n|-heal|p2a: Toxapex|100\/100 brn|[from] item: Leftovers\n|-damage|p2a: Toxapex|95\/100 brn|[from] brn\n|upkeep\n|turn|58\n|\n|t:|1700207291\n|move|p1a: Menace|Cosmic Power|p1a: Menace\n|-boost|p1a: Menace|def|0\n|-boost|p1a: Menace|spd|0\n|move|p2a: Toxapex|Toxic Spikes||[still]\n|-fail|p2a: Toxapex\n|\n|-heal|p1a: Menace|100\/100|[from] move: Wish|[wisher] Menace\n|-heal|p2a: Toxapex|100\/100 brn|[from] item: Leftovers\n|-damage|p2a: Toxapex|95\/100 brn|[from] brn\n|upkeep\n|turn|59\n|\n|t:|1700207306\n|move|p1a: Menace|Cosmic Power|p1a: Menace\n|-boost|p1a: Menace|def|0\n|-boost|p1a: Menace|spd|0\n|move|p2a: Toxapex|Surf|p1a: Menace\n|-damage|p1a: Menace|96\/100\n|\n|-heal|p2a: Toxapex|100\/100 brn|[from] item: Leftovers\n|-damage|p2a: Toxapex|95\/100 brn|[from] brn\n|upkeep\n|turn|60\n|\n|t:|1700207319\n|move|p1a: Menace|Cosmic Power|p1a: Menace\n|-boost|p1a: Menace|def|0\n|-boost|p1a: Menace|spd|0\n|move|p2a: Toxapex|Surf|p1a: Menace\n|-damage|p1a: Menace|90\/100\n|\n|-heal|p2a: Toxapex|100\/100 brn|[from] item: Leftovers\n|-damage|p2a: Toxapex|95\/100 brn|[from] brn\n|upkeep\n|turn|61\n|\n|t:|1700207337\n|move|p1a: Menace|Cosmic Power|p1a: Menace\n|-boost|p1a: Menace|def|0\n|-boost|p1a: Menace|spd|0\n|move|p2a: Toxapex|Surf|p1a: Menace\n|-damage|p1a: Menace|86\/100\n|\n|-heal|p2a: Toxapex|100\/100 brn|[from] item: Leftovers\n|-damage|p2a: Toxapex|95\/100 brn|[from] brn\n|upkeep\n|turn|62\n|\n|t:|1700207346\n|move|p1a: Menace|Cosmic Power|p1a: Menace\n|-boost|p1a: Menace|def|0\n|-boost|p1a: Menace|spd|0\n|move|p2a: Toxapex|Toxic Spikes||[still]\n|-fail|p2a: Toxapex\n|\n|-heal|p2a: Toxapex|100\/100 brn|[from] item: Leftovers\n|-damage|p2a: Toxapex|95\/100 brn|[from] brn\n|upkeep\n|turn|63\n|\n|t:|1700207356\n|move|p1a: Menace|Cosmic Power|p1a: Menace\n|-boost|p1a: Menace|def|0\n|-boost|p1a: Menace|spd|0\n|move|p2a: Toxapex|Surf|p1a: Menace\n|-damage|p1a: Menace|81\/100\n|\n|-heal|p2a: Toxapex|100\/100 brn|[from] item: Leftovers\n|-damage|p2a: Toxapex|95\/100 brn|[from] brn\n|upkeep\n|turn|64\n|\n|t:|1700207376\n|move|p1a: Menace|Cosmic Power|p1a: Menace\n|-boost|p1a: Menace|def|0\n|-boost|p1a: Menace|spd|0\n|move|p2a: Toxapex|Surf|p1a: Menace\n|-damage|p1a: Menace|76\/100\n|\n|-heal|p2a: Toxapex|100\/100 brn|[from] item: Leftovers\n|-damage|p2a: Toxapex|95\/100 brn|[from] brn\n|upkeep\n|turn|65\n|c|\u2606d1llyd4lly|im trapped so this is certainly something lmao\n|\n|t:|1700207410\n|move|p1a: Menace|Cosmic Power|p1a: Menace\n|-boost|p1a: Menace|def|0\n|-boost|p1a: Menace|spd|0\n|move|p2a: Toxapex|Surf|p1a: Menace\n|-damage|p1a: Menace|71\/100\n|\n|-heal|p2a: Toxapex|100\/100 brn|[from] item: Leftovers\n|-damage|p2a: Toxapex|95\/100 brn|[from] brn\n|upkeep\n|turn|66\n|c|\u2606YoloYester|Right. I love stall metronome for that.\n|c|\u2606d1llyd4lly|sick and twisted\n|\n|t:|1700207451\n|move|p1a: Menace|Cosmic Power|p1a: Menace\n|-boost|p1a: Menace|def|0\n|-boost|p1a: Menace|spd|0\n|move|p2a: Toxapex|Surf|p1a: Menace\n|-damage|p1a: Menace|66\/100\n|\n|-heal|p2a: Toxapex|100\/100 brn|[from] item: Leftovers\n|-damage|p2a: Toxapex|95\/100 brn|[from] brn\n|upkeep\n|turn|67\n|c|\u2606YoloYester|I feel so bad, genuinely\n|c|\u2606d1llyd4lly|no dude this is hilarious\n|\n|t:|1700207472\n|move|p1a: Menace|Cosmic Power|p1a: Menace\n|-boost|p1a: Menace|def|0\n|-boost|p1a: Menace|spd|0\n|move|p2a: Toxapex|Surf|p1a: Menace\n|-damage|p1a: Menace|61\/100\n|\n|-heal|p2a: Toxapex|100\/100 brn|[from] item: Leftovers\n|-damage|p2a: Toxapex|95\/100 brn|[from] brn\n|upkeep\n|turn|68\n|\n|t:|1700207488\n|move|p1a: Menace|Cosmic Power|p1a: Menace\n|-boost|p1a: Menace|def|0\n|-boost|p1a: Menace|spd|0\n|move|p2a: Toxapex|Surf|p1a: Menace\n|-damage|p1a: Menace|56\/100\n|\n|-heal|p2a: Toxapex|100\/100 brn|[from] item: Leftovers\n|-damage|p2a: Toxapex|95\/100 brn|[from] brn\n|upkeep\n|turn|69\n|c|\u2606YoloYester|Are you unable to crit or what?\n|c|\u2606d1llyd4lly|literally all i can do here is surf and ice beam\n|c|\u2606YoloYester|Also nice :)\n|c|\u2606d1llyd4lly|so its 5 damage or 1 lmaoooo\n|c|\u2606YoloYester|Ice beam is probably worse.\n|\n|t:|1700207564\n|move|p1a: Menace|Cosmic Power|p1a: Menace\n|-boost|p1a: Menace|def|0\n|-boost|p1a: Menace|spd|0\n|move|p2a: Toxapex|Ice Beam|p1a: Menace\n|-resisted|p1a: Menace\n|-damage|p1a: Menace|54\/100\n|\n|-heal|p2a: Toxapex|100\/100 brn|[from] item: Leftovers\n|-damage|p2a: Toxapex|95\/100 brn|[from] brn\n|upkeep\n|turn|70\n|c|\u2606YoloYester|But also ice beam freezes\n|c|\u2606YoloYester|so it helps me stall more\n|c|\u2606d1llyd4lly|if i get lucky haha\n|\n|t:|1700207605\n|move|p1a: Menace|Wish|p1a: Menace\n|move|p2a: Toxapex|Ice Beam|p1a: Menace\n|-resisted|p1a: Menace\n|-damage|p1a: Menace|53\/100\n|\n|-heal|p2a: Toxapex|100\/100 brn|[from] item: Leftovers\n|-damage|p2a: Toxapex|95\/100 brn|[from] brn\n|upkeep\n|turn|71\n|c|\u2606d1llyd4lly|the stall is unreal i dont think ive encountered motronome b4\n|c|\u2606YoloYester|I wonder if clefable is able to learn baton pass\n|c|\u2606d1llyd4lly|i admire the dedication\n|\n|t:|1700207648\n|move|p1a: Menace|Cosmic Power|p1a: Menace\n|-boost|p1a: Menace|def|0\n|-boost|p1a: Menace|spd|0\n|move|p2a: Toxapex|Ice Beam|p1a: Menace\n|-resisted|p1a: Menace\n|-damage|p1a: Menace|51\/100\n|-status|p1a: Menace|frz\n|\n|-heal|p1a: Menace|100\/100 frz|[from] move: Wish|[wisher] Menace\n|-heal|p2a: Toxapex|100\/100 brn|[from] item: Leftovers\n|-damage|p2a: Toxapex|95\/100 brn|[from] brn\n|upkeep\n|turn|72\n|c|\u2606YoloYester|i just made the team because I think it\u2019s fun\n|\n|t:|1700207670\n|cant|p1a: Menace|frz\n|move|p2a: Toxapex|Ice Beam|p1a: Menace\n|-resisted|p1a: Menace\n|-crit|p1a: Menace\n|-damage|p1a: Menace|91\/100 frz\n|\n|-heal|p2a: Toxapex|100\/100 brn|[from] item: Leftovers\n|-damage|p2a: Toxapex|95\/100 brn|[from] brn\n|upkeep\n|turn|73\n|c|\u2606d1llyd4lly|hell yeah same\n|c|\u2606YoloYester|That crit did nothing lmao\n|\n|t:|1700207687\n|cant|p1a: Menace|frz\n|move|p2a: Toxapex|Ice Beam|p1a: Menace\n|-resisted|p1a: Menace\n|-damage|p1a: Menace|89\/100 frz\n|\n|-heal|p2a: Toxapex|100\/100 brn|[from] item: Leftovers\n|-damage|p2a: Toxapex|95\/100 brn|[from] brn\n|upkeep\n|turn|74\n|c|\u2606d1llyd4lly|ikr its crazy that 9 is the highest ive landed this whole time\n|c|\u2606d1llyd4lly|humbling fr\n|\n|t:|1700207715\n|-curestatus|p1a: Menace|frz|[msg]\n|move|p1a: Menace|Cosmic Power|p1a: Menace\n|-boost|p1a: Menace|def|0\n|-boost|p1a: Menace|spd|0\n|move|p2a: Toxapex|Ice Beam|p1a: Menace\n|-resisted|p1a: Menace\n|-damage|p1a: Menace|87\/100\n|\n|-heal|p2a: Toxapex|100\/100 brn|[from] item: Leftovers\n|-damage|p2a: Toxapex|95\/100 brn|[from] brn\n|upkeep\n|turn|75\n|c|\u2606YoloYester|I\u2019m so saving this replay\n|c|\u2606d1llyd4lly|same this is the longest long con ive ever seen sdfjhsdkjfgsdhgf\n|\n|t:|1700207753\n|move|p1a: Menace|Cosmic Power|p1a: Menace\n|-boost|p1a: Menace|def|0\n|-boost|p1a: Menace|spd|0\n|move|p2a: Toxapex|Ice Beam|p1a: Menace\n|-resisted|p1a: Menace\n|-damage|p1a: Menace|86\/100\n|\n|-heal|p2a: Toxapex|100\/100 brn|[from] item: Leftovers\n|-damage|p2a: Toxapex|95\/100 brn|[from] brn\n|upkeep\n|turn|76\n|c|\u2606YoloYester|If I was running a serious set I would use stored power instead of metronome\n|c|\u2606d1llyd4lly|ive gotten solo'd so bad w stored power lmao\n|c|\u2606YoloYester|It happens\n|\n|t:|1700207803\n|move|p1a: Menace|Cosmic Power|p1a: Menace\n|-boost|p1a: Menace|def|0\n|-boost|p1a: Menace|spd|0\n|move|p2a: Toxapex|Ice Beam|p1a: Menace\n|-resisted|p1a: Menace\n|-damage|p1a: Menace|84\/100\n|\n|-heal|p2a: Toxapex|100\/100 brn|[from] item: Leftovers\n|-damage|p2a: Toxapex|95\/100 brn|[from] brn\n|upkeep\n|turn|77\n|\n|t:|1700207821\n|move|p1a: Menace|Cosmic Power|p1a: Menace\n|-boost|p1a: Menace|def|0\n|-boost|p1a: Menace|spd|0\n|move|p2a: Toxapex|Surf|p1a: Menace\n|-damage|p1a: Menace|80\/100\n|\n|-heal|p2a: Toxapex|100\/100 brn|[from] item: Leftovers\n|-damage|p2a: Toxapex|95\/100 brn|[from] brn\n|upkeep\n|turn|78\n|\n|t:|1700207838\n|move|p1a: Menace|Cosmic Power|p1a: Menace\n|-boost|p1a: Menace|def|0\n|-boost|p1a: Menace|spd|0\n|move|p2a: Toxapex|Surf|p1a: Menace\n|-damage|p1a: Menace|75\/100\n|\n|-heal|p2a: Toxapex|100\/100 brn|[from] item: Leftovers\n|-damage|p2a: Toxapex|95\/100 brn|[from] brn\n|upkeep\n|turn|79\n|\n|t:|1700207849\n|move|p1a: Menace|Cosmic Power|p1a: Menace\n|-boost|p1a: Menace|def|0\n|-boost|p1a: Menace|spd|0\n|move|p2a: Toxapex|Surf|p1a: Menace\n|-damage|p1a: Menace|70\/100\n|\n|-heal|p2a: Toxapex|100\/100 brn|[from] item: Leftovers\n|-damage|p2a: Toxapex|95\/100 brn|[from] brn\n|upkeep\n|turn|80\n|c|\u2606YoloYester|My spdef is at 1200\n|c|\u2606YoloYester|Jesus\n|c|\u2606d1llyd4lly|god damn\n|\n|t:|1700207887\n|move|p1a: Menace|Wish|p1a: Menace\n|move|p2a: Toxapex|Surf|p1a: Menace\n|-damage|p1a: Menace|65\/100\n|\n|-heal|p2a: Toxapex|100\/100 brn|[from] item: Leftovers\n|-damage|p2a: Toxapex|95\/100 brn|[from] brn\n|upkeep\n|turn|81\n|c|\u2606d1llyd4lly|menace is a beefcake\n|\n|t:|1700207900\n|move|p1a: Menace|Protect|p1a: Menace\n|-singleturn|p1a: Menace|Protect\n|move|p2a: Toxapex|Ice Beam|p1a: Menace\n|-activate|p1a: Menace|move: Protect\n|\n|-heal|p1a: Menace|100\/100|[from] move: Wish|[wisher] Menace\n|-heal|p2a: Toxapex|100\/100 brn|[from] item: Leftovers\n|-damage|p2a: Toxapex|95\/100 brn|[from] brn\n|upkeep\n|turn|82\n|c|\u2606YoloYester|For real\n|c|\u2606YoloYester|man is surrounded by many moons\n|\n|t:|1700207938\n|move|p1a: Menace|Protect|p1a: Menace\n|-singleturn|p1a: Menace|Protect\n|move|p2a: Toxapex|Ice Beam|p1a: Menace\n|-activate|p1a: Menace|move: Protect\n|\n|-heal|p2a: Toxapex|100\/100 brn|[from] item: Leftovers\n|-damage|p2a: Toxapex|95\/100 brn|[from] brn\n|upkeep\n|turn|83\n|c|\u2606d1llyd4lly|menace: he sure is\n|c|\u2606YoloYester|Did I really just double protect?\n|c|\u2606YoloYester|wow\n|c|\u2606YoloYester|Explode\n|c|\u2606d1llyd4lly|woah i dont think ive ever seen that how tf\n|\n|t:|1700207979\n|move|p1a: Menace|Metronome|p1a: Menace\n|move|p1a: Menace|Dragon Pulse|p2a: Toxapex|[from]move: Metronome\n|-damage|p2a: Toxapex|78\/100 brn\n|move|p2a: Toxapex|Sludge Bomb|p1a: Menace\n|-immune|p1a: Menace\n|\n|-heal|p2a: Toxapex|84\/100 brn|[from] item: Leftovers\n|-damage|p2a: Toxapex|78\/100 brn|[from] brn\n|upkeep\n|turn|84\n|\n|t:|1700207997\n|move|p1a: Menace|Protect|p1a: Menace\n|-singleturn|p1a: Menace|Protect\n|move|p2a: Toxapex|Ice Beam|p1a: Menace\n|-activate|p1a: Menace|move: Protect\n|\n|-heal|p2a: Toxapex|84\/100 brn|[from] item: Leftovers\n|-damage|p2a: Toxapex|78\/100 brn|[from] brn\n|upkeep\n|turn|85\n|c|\u2606d1llyd4lly|my toxapex is like yes the sweet release of death\n|\n|t:|1700208014\n|move|p1a: Menace|Protect||[still]\n|-fail|p1a: Menace\n|move|p2a: Toxapex|Toxic Spikes||[still]\n|-fail|p2a: Toxapex\n|\n|-heal|p2a: Toxapex|84\/100 brn|[from] item: Leftovers\n|-damage|p2a: Toxapex|78\/100 brn|[from] brn\n|upkeep\n|turn|86\n|\n|t:|1700208031\n|move|p1a: Menace|Metronome|p1a: Menace\n|move|p1a: Menace|Tearful Look|p2a: Toxapex|[from]move: Metronome\n|-unboost|p2a: Toxapex|atk|1\n|-unboost|p2a: Toxapex|spa|1\n|move|p2a: Toxapex|Toxic Spikes||[still]\n|-fail|p2a: Toxapex\n|\n|-heal|p2a: Toxapex|84\/100 brn|[from] item: Leftovers\n|-damage|p2a: Toxapex|78\/100 brn|[from] brn\n|upkeep\n|turn|87\n|c|\u2606YoloYester|It got worse\n|c|\u2606YoloYester|Yikes\n|\n|t:|1700208049\n|move|p1a: Menace|Wish|p1a: Menace\n|move|p2a: Toxapex|Toxic Spikes||[still]\n|-fail|p2a: Toxapex\n|\n|-heal|p2a: Toxapex|84\/100 brn|[from] item: Leftovers\n|-damage|p2a: Toxapex|78\/100 brn|[from] brn\n|upkeep\n|turn|88\n|\n|t:|1700208059\n|move|p1a: Menace|Wish||[still]\n|-fail|p1a: Menace\n|move|p2a: Toxapex|Sludge Bomb|p1a: Menace\n|-immune|p1a: Menace\n|\n|-heal|p2a: Toxapex|84\/100 brn|[from] item: Leftovers\n|-damage|p2a: Toxapex|78\/100 brn|[from] brn\n|upkeep\n|turn|89\n|c|\u2606d1llyd4lly|lord help me lmaoooo\n|\n|t:|1700208074\n|move|p1a: Menace|Metronome|p1a: Menace\n|move|p1a: Menace|Discharge|p2a: Toxapex|[from]move: Metronome\n|-supereffective|p2a: Toxapex\n|-damage|p2a: Toxapex|48\/100 brn\n|move|p2a: Toxapex|Toxic Spikes||[still]\n|-fail|p2a: Toxapex\n|\n|-heal|p2a: Toxapex|54\/100 brn|[from] item: Leftovers\n|-damage|p2a: Toxapex|48\/100 brn|[from] brn\n|upkeep\n|turn|90\n|\n|t:|1700208091\n|move|p1a: Menace|Wish|p1a: Menace\n|move|p2a: Toxapex|Toxic Spikes||[still]\n|-fail|p2a: Toxapex\n|\n|-heal|p2a: Toxapex|54\/100 brn|[from] item: Leftovers\n|-damage|p2a: Toxapex|48\/100 brn|[from] brn\n|upkeep\n|turn|91\n|c|\u2606d1llyd4lly|can u tell im out of pp on the semi useful moves\n|\n|t:|1700208109\n|move|p1a: Menace|Protect|p1a: Menace\n|-singleturn|p1a: Menace|Protect\n|move|p2a: Toxapex|Toxic Spikes||[still]\n|-fail|p2a: Toxapex\n|\n|-heal|p2a: Toxapex|54\/100 brn|[from] item: Leftovers\n|-damage|p2a: Toxapex|48\/100 brn|[from] brn\n|upkeep\n|turn|92\n|c|\u2606YoloYester|I\u2019m gonna struggle soon\n|\n|t:|1700208122\n|move|p1a: Menace|Metronome|p1a: Menace\n|move|p1a: Menace|Fissure|p2a: Toxapex|[from]move: Metronome\n|-damage|p2a: Toxapex|0 fnt\n|faint|p2a: Toxapex\n|-ohko\n|\n|upkeep\n|c|\u2606YoloYester|NO SHOT\n|c|\u2606YoloYester|FISSURE?!\n|\n|t:|1700208139\n|switch|p2a: Moltres|Moltres-Galar|100\/100\n|turn|93\n|c|\u2606YoloYester|I\u2019m speechless\n|c|\u2606d1llyd4lly|bananas\n|\n|t:|1700208162\n|move|p2a: Moltres|Fiery Wrath|p1a: Menace\n|-damage|p1a: Menace|93\/100\n|cant|p1a: Menace|flinch\n|\n|upkeep\n|turn|94\n|\n|t:|1700208173\n|move|p2a: Moltres|Brave Bird|p1a: Menace\n|-resisted|p1a: Menace\n|-damage|p1a: Menace|89\/100\n|-damage|p2a: Moltres|99\/100|[from] Recoil\n|move|p1a: Menace|Wish|p1a: Menace\n|\n|-heal|p2a: Moltres|100\/100|[from] item: Leftovers\n|upkeep\n|turn|95\n|c|\u2606YoloYester|Flinch hacks?\n|\n|t:|1700208190\n|move|p1a: Menace|Protect|p1a: Menace\n|-singleturn|p1a: Menace|Protect\n|move|p2a: Moltres|Fiery Wrath|p1a: Menace\n|-activate|p1a: Menace|move: Protect\n|\n|-heal|p1a: Menace|100\/100|[from] move: Wish|[wisher] Menace\n|upkeep\n|turn|96\n|c|\u2606d1llyd4lly|no clue\n|\n|t:|1700208211\n|move|p2a: Moltres|Fiery Wrath|p1a: Menace\n|-damage|p1a: Menace|93\/100\n|move|p1a: Menace|Metronome|p1a: Menace\n|move|p1a: Menace|Rapid Spin|p2a: Moltres|[from]move: Metronome\n|-damage|p2a: Moltres|90\/100\n|-boost|p1a: Menace|spe|1\n|-sideend|p1: YoloYester|Toxic Spikes|[from] move: Rapid Spin|[of] p1a: Menace\n|\n|-heal|p2a: Moltres|96\/100|[from] item: Leftovers\n|upkeep\n|turn|97\n|c|\u2606YoloYester|BYE SPIKES\n|c|\u2606YoloYester|LETS GO\n|\n|t:|1700208232\n|move|p2a: Moltres|Brave Bird|p1a: Menace\n|-resisted|p1a: Menace\n|-damage|p1a: Menace|88\/100\n|-damage|p2a: Moltres|94\/100|[from] Recoil\n|-activate|p1a: Menace|move: Struggle\n|move|p1a: Menace|Struggle|p2a: Moltres\n|-damage|p2a: Moltres|85\/100\n|-damage|p1a: Menace|63\/100|[from] recoil\n|\n|-heal|p2a: Moltres|91\/100|[from] item: Leftovers\n|upkeep\n|turn|98\n|\n|t:|1700208248\n|switch|p2a: Glimmora|Glimmora, M|100\/100\n|-activate|p1a: Menace|move: Struggle\n|move|p1a: Menace|Struggle|p2a: Glimmora\n|-crit|p2a: Glimmora\n|-damage|p2a: Glimmora|87\/100\n|-activate|p2a: Glimmora|ability: Toxic Debris\n|-sidestart|p1: YoloYester|move: Toxic Spikes\n|-damage|p1a: Menace|38\/100|[from] recoil\n|\n|-heal|p2a: Glimmora|93\/100|[from] item: Leftovers\n|upkeep\n|turn|99\n|c|\u2606d1llyd4lly|oh thats what u meant by struggle\n|\n|t:|1700208281\n|move|p2a: Glimmora|Flash Cannon|p1a: Menace\n|-resisted|p1a: Menace\n|-damage|p1a: Menace|36\/100\n|-activate|p1a: Menace|move: Struggle\n|move|p1a: Menace|Struggle|p2a: Glimmora\n|-damage|p2a: Glimmora|84\/100\n|-activate|p2a: Glimmora|ability: Toxic Debris\n|-sidestart|p1: YoloYester|move: Toxic Spikes\n|-damage|p1a: Menace|10\/100|[from] recoil\n|\n|-heal|p2a: Glimmora|90\/100|[from] item: Leftovers\n|upkeep\n|turn|100\n|c|\u2606YoloYester|Yes\n|\n|t:|1700208293\n|move|p2a: Glimmora|Energy Ball|p1a: Menace\n|-resisted|p1a: Menace\n|-damage|p1a: Menace|8\/100\n|-activate|p1a: Menace|move: Struggle\n|move|p1a: Menace|Struggle|p2a: Glimmora\n|-damage|p2a: Glimmora|81\/100\n|-damage|p1a: Menace|0 fnt|[from] recoil\n|faint|p1a: Menace\n|\n|-heal|p2a: Glimmora|87\/100|[from] item: Leftovers\n|upkeep\n|\n|t:|1700208309\n|switch|p1a: Sweeps|Flutter Mane|100\/100\n|-status|p1a: Sweeps|tox\n|-enditem|p1a: Sweeps|Booster Energy\n|-activate|p1a: Sweeps|ability: Protosynthesis|[fromitem]\n|-start|p1a: Sweeps|protosynthesisspe\n|turn|101\n|\n|t:|1700208328\n|move|p1a: Sweeps|Shadow Ball|p2a: Glimmora\n|-damage|p2a: Glimmora|36\/100\n|move|p2a: Glimmora|Energy Ball|p1a: Sweeps\n|-damage|p1a: Sweeps|68\/100 tox\n|\n|-heal|p2a: Glimmora|42\/100|[from] item: Leftovers\n|-damage|p1a: Sweeps|62\/100 tox|[from] psn\n|upkeep\n|turn|102\n|c|\u2606YoloYester|Oh yeah I have some non metronome mons\n|c|\u2606YoloYester|forgot to mention that\n|\n|t:|1700208359\n|move|p1a: Sweeps|Shadow Ball|p2a: Glimmora\n|-damage|p2a: Glimmora|0 fnt\n|faint|p2a: Glimmora\n|\n|-damage|p1a: Sweeps|50\/100 tox|[from] psn\n|upkeep\n|c|\u2606d1llyd4lly|mons? sorry ive only been playing for like a week lmao\n|\n|t:|1700208373\n|switch|p2a: Moltres|Moltres-Galar|91\/100\n|turn|103\n|c|\u2606YoloYester|It\u2019s a short name for Pok\u00e9mon\n|c|\u2606d1llyd4lly|well aside from my gba\n|c|\u2606YoloYester|like bad mons and good mons\n|c|\u2606d1llyd4lly|my god i am dense\n|c|\u2606YoloYester|It\u2019s fine man\n|\n|t:|1700208411\n|move|p1a: Sweeps|Icy Wind|p2a: Moltres\n|-supereffective|p2a: Moltres\n|-damage|p2a: Moltres|60\/100\n|-unboost|p2a: Moltres|spe|1\n|move|p2a: Moltres|Fiery Wrath|p1a: Sweeps\n|-crit|p1a: Sweeps\n|-damage|p1a: Sweeps|0 fnt\n|faint|p1a: Sweeps\n|-end|p1a: Sweeps|Protosynthesis|[silent]\n|\n|-heal|p2a: Moltres|66\/100|[from] item: Leftovers\n|upkeep\n|\n|t:|1700208424\n|switch|p1a: Barney|Dragonite, F, shiny|100\/100\n|turn|104\n|c|\u2606d1llyd4lly|barney lol\n|c|\u2606YoloYester|I love you. You love me. We\u2019re a happy family.\n|\n|t:|1700208451\n|move|p2a: Moltres|Fiery Wrath|p1a: Barney\n|-damage|p1a: Barney|87\/100\n|move|p1a: Barney|Dragon Dance|p1a: Barney\n|-boost|p1a: Barney|atk|1\n|-boost|p1a: Barney|spe|1\n|\n|-heal|p2a: Moltres|72\/100|[from] item: Leftovers\n|upkeep\n|turn|105\n|\n|t:|1700208465\n|move|p1a: Barney|Dragon Dance|p1a: Barney\n|-boost|p1a: Barney|atk|1\n|-boost|p1a: Barney|spe|1\n|move|p2a: Moltres|Brave Bird|p1a: Barney\n|-damage|p1a: Barney|57\/100\n|-damage|p2a: Moltres|56\/100|[from] item: Rocky Helmet|[of] p1a: Barney\n|-damage|p2a: Moltres|44\/100|[from] Recoil\n|\n|-heal|p2a: Moltres|50\/100|[from] item: Leftovers\n|upkeep\n|turn|106\n|\n|t:|1700208477\n|move|p1a: Barney|Roost|p1a: Barney\n|-heal|p1a: Barney|100\/100\n|-singleturn|p1a: Barney|move: Roost\n|move|p2a: Moltres|Brave Bird|p1a: Barney\n|-damage|p1a: Barney|87\/100\n|-damage|p2a: Moltres|34\/100|[from] item: Rocky Helmet|[of] p1a: Barney\n|-damage|p2a: Moltres|28\/100|[from] Recoil\n|\n|-heal|p2a: Moltres|34\/100|[from] item: Leftovers\n|upkeep\n|turn|107\n|\n|t:|1700208494\n|move|p1a: Barney|Metronome|p1a: Barney\n|move|p1a: Barney|Blast Burn|p2a: Moltres|[from]move: Metronome\n|-damage|p2a: Moltres|9\/100\n|-mustrecharge|p1a: Barney\n|move|p2a: Moltres|Dark Pulse|p1a: Barney\n|-damage|p1a: Barney|59\/100\n|\n|-heal|p2a: Moltres|15\/100|[from] item: Leftovers\n|upkeep\n|turn|108\n|\n|t:|1700208506\n|cant|p1a: Barney|recharge\n|move|p2a: Moltres|Fiery Wrath|p1a: Barney\n|-damage|p1a: Barney|27\/100\n|\n|-heal|p2a: Moltres|22\/100|[from] item: Leftovers\n|upkeep\n|turn|109\n|\n|t:|1700208516\n|move|p1a: Barney|Roost|p1a: Barney\n|-heal|p1a: Barney|77\/100\n|-singleturn|p1a: Barney|move: Roost\n|move|p2a: Moltres|Fiery Wrath|p1a: Barney\n|-damage|p1a: Barney|49\/100\n|\n|-heal|p2a: Moltres|28\/100|[from] item: Leftovers\n|upkeep\n|turn|110\n|\n|t:|1700208526\n|move|p1a: Barney|Roost|p1a: Barney\n|-heal|p1a: Barney|99\/100\n|-singleturn|p1a: Barney|move: Roost\n|move|p2a: Moltres|Fiery Wrath|p1a: Barney\n|-damage|p1a: Barney|69\/100\n|\n|-heal|p2a: Moltres|34\/100|[from] item: Leftovers\n|upkeep\n|turn|111\n|\n|t:|1700208541\n|move|p1a: Barney|Metronome|p1a: Barney\n|move|p1a: Barney|Swallow||[from]move: Metronome|[still]\n|-fail|p1a: Barney\n|move|p2a: Moltres|Fiery Wrath|p1a: Barney\n|-damage|p1a: Barney|38\/100\n|\n|-heal|p2a: Moltres|40\/100|[from] item: Leftovers\n|upkeep\n|turn|112\n|\n|t:|1700208554\n|move|p1a: Barney|Roost|p1a: Barney\n|-heal|p1a: Barney|88\/100\n|-singleturn|p1a: Barney|move: Roost\n|move|p2a: Moltres|Dark Pulse|p1a: Barney\n|-damage|p1a: Barney|61\/100\n|\n|-heal|p2a: Moltres|47\/100|[from] item: Leftovers\n|upkeep\n|turn|113\n|c|\u2606YoloYester|I must roost\n|\n|t:|1700208570\n|move|p1a: Barney|Roost|p1a: Barney\n|-heal|p1a: Barney|100\/100\n|-singleturn|p1a: Barney|move: Roost\n|move|p2a: Moltres|Fiery Wrath|p1a: Barney\n|-crit|p1a: Barney\n|-damage|p1a: Barney|77\/100\n|\n|-heal|p2a: Moltres|53\/100|[from] item: Leftovers\n|upkeep\n|turn|114\n|c|\u2606d1llyd4lly|i should have taken roost but no i have 2 versions of the same move\n|\n|t:|1700208595\n|move|p1a: Barney|Metronome|p1a: Barney\n|move|p1a: Barney|String Shot|p2a: Moltres|[from]move: Metronome\n|-unboost|p2a: Moltres|spe|2\n|move|p2a: Moltres|Fiery Wrath|p1a: Barney\n|-damage|p1a: Barney|47\/100\n|\n|-heal|p2a: Moltres|59\/100|[from] item: Leftovers\n|upkeep\n|turn|115\n|c|\u2606d1llyd4lly|most unpredictable move ever\n|\n|t:|1700208616\n|move|p1a: Barney|Roost|p1a: Barney\n|-heal|p1a: Barney|97\/100\n|-singleturn|p1a: Barney|move: Roost\n|move|p2a: Moltres|Fiery Wrath|p1a: Barney\n|-damage|p1a: Barney|65\/100\n|\n|-heal|p2a: Moltres|65\/100|[from] item: Leftovers\n|upkeep\n|turn|116\n|\n|t:|1700208628\n|move|p1a: Barney|Metronome|p1a: Barney\n|move|p1a: Barney|Quiver Dance|p1a: Barney|[from]move: Metronome\n|-boost|p1a: Barney|spa|1\n|-boost|p1a: Barney|spd|1\n|-boost|p1a: Barney|spe|1\n|move|p2a: Moltres|Fiery Wrath|p1a: Barney\n|-damage|p1a: Barney|46\/100\n|\n|-heal|p2a: Moltres|72\/100|[from] item: Leftovers\n|upkeep\n|turn|117\n|c|\u2606YoloYester|WHAT\n|c|\u2606YoloYester|BRUH\n|\n|t:|1700208645\n|move|p1a: Barney|Protect|p1a: Barney\n|-singleturn|p1a: Barney|Protect\n|move|p2a: Moltres|Fiery Wrath|p1a: Barney\n|-activate|p1a: Barney|move: Protect\n|\n|-heal|p2a: Moltres|78\/100|[from] item: Leftovers\n|upkeep\n|turn|118\n|\n|t:|1700208659\n|move|p1a: Barney|Roost|p1a: Barney\n|-heal|p1a: Barney|96\/100\n|-singleturn|p1a: Barney|move: Roost\n|move|p2a: Moltres|Fiery Wrath|p1a: Barney\n|-damage|p1a: Barney|74\/100\n|\n|-heal|p2a: Moltres|84\/100|[from] item: Leftovers\n|upkeep\n|turn|119\n|\n|t:|1700208670\n|move|p1a: Barney|Metronome|p1a: Barney\n|move|p1a: Barney|Flail|p2a: Moltres|[from]move: Metronome\n|-damage|p2a: Moltres|69\/100\n|move|p2a: Moltres|Fiery Wrath|p1a: Barney\n|-damage|p1a: Barney|54\/100\n|\n|-heal|p2a: Moltres|75\/100|[from] item: Leftovers\n|upkeep\n|turn|120\n|\n|t:|1700208682\n|move|p1a: Barney|Protect|p1a: Barney\n|-singleturn|p1a: Barney|Protect\n|move|p2a: Moltres|Dark Pulse|p1a: Barney\n|-activate|p1a: Barney|move: Protect\n|\n|-heal|p2a: Moltres|81\/100|[from] item: Leftovers\n|upkeep\n|turn|121\n|\n|t:|1700208694\n|move|p1a: Barney|Metronome|p1a: Barney\n|move|p1a: Barney|Swift|p2a: Moltres|[from]move: Metronome\n|-damage|p2a: Moltres|64\/100\n|move|p2a: Moltres|Brave Bird|p1a: Barney\n|-damage|p1a: Barney|27\/100\n|-damage|p2a: Moltres|48\/100|[from] item: Rocky Helmet|[of] p1a: Barney\n|-damage|p2a: Moltres|37\/100|[from] Recoil\n|\n|-heal|p2a: Moltres|43\/100|[from] item: Leftovers\n|upkeep\n|turn|122\n|\n|t:|1700208706\n|move|p1a: Barney|Roost|p1a: Barney\n|-heal|p1a: Barney|77\/100\n|-singleturn|p1a: Barney|move: Roost\n|move|p2a: Moltres|Brave Bird|p1a: Barney\n|-damage|p1a: Barney|50\/100\n|-damage|p2a: Moltres|26\/100|[from] item: Rocky Helmet|[of] p1a: Barney\n|-damage|p2a: Moltres|15\/100|[from] Recoil\n|\n|-heal|p2a: Moltres|22\/100|[from] item: Leftovers\n|upkeep\n|turn|123\n|\n|t:|1700208719\n|move|p1a: Barney|Metronome|p1a: Barney\n|move|p1a: Barney|Petal Dance|p2a: Moltres|[from]move: Metronome\n|-resisted|p2a: Moltres\n|-damage|p2a: Moltres|6\/100\n|move|p2a: Moltres|Dark Pulse|p1a: Barney\n|-damage|p1a: Barney|32\/100\n|\n|-heal|p2a: Moltres|12\/100|[from] item: Leftovers\n|upkeep\n|turn|124\n|c|\u2606YoloYester|EXPLODE\n|c|\u2606d1llyd4lly|WERHWKJFHSKD\n|\n|t:|1700208734\n|move|p1a: Barney|Petal Dance|p2a: Moltres|[from]lockedmove\n|-resisted|p2a: Moltres\n|-damage|p2a: Moltres|0 fnt\n|faint|p2a: Moltres\n|\n|win|YoloYester\n|raw|YoloYester's rating: 1069 &rarr; <strong>1098<\/strong><br \/>(+29 for winning)\n|raw|d1llyd4lly's rating: 1067 &rarr; <strong>1047<\/strong><br \/>(-20 for losing)\n|c|\u2606YoloYester|I think that\u2019s GGs\n|c|\u2606d1llyd4lly|gg lmao\n|c|\u2606d1llyd4lly|that was bananas\n|c|\u2606YoloYester|Thanks for being a good sport man!\n|c|\u2606d1llyd4lly|ofc thanks for playing!\n|c|\u2606YoloYester|I\u2019m genuinely surprised I won.\n|c|\u2606d1llyd4lly|i fully am not\n|c|\u2606d1llyd4lly|im just surprised it went long as it did\n","uploadtime":1700208792,"views":7,"p1id":"yoloyester","p2id":"d1llyd4lly","formatid":"gen9anythinggoes","rating":1047,"private":0,"password":""}