{"id":"gen9anythinggoes-1999316593","p1":"Khryce","p2":"wwydiwyokshsywg","format":"[Gen 9] Anything Goes","log":"|j|\u2606Khryce\n|j|\u2606wwydiwyokshsywg\n|t:|1701059298\n|gametype|singles\n|player|p1|Khryce|preschooler|1158\n|player|p2|wwydiwyokshsywg|pokemaniac|1194\n|teamsize|p1|6\n|teamsize|p2|6\n|gen|9\n|tier|[Gen 9] Anything Goes\n|rated|\n|rule|HP Percentage Mod: HP is shown in percentages\n|rule|Endless Battle Clause: Forcing endless battles is banned\n|clearpoke\n|poke|p1|Sylveon, F|\n|poke|p1|Dudunsparce-*, F|\n|poke|p1|Dragapult, F|\n|poke|p1|Chandelure, F|\n|poke|p1|Seviper, F|\n|poke|p1|Skeledirge, M|\n|poke|p2|Ogerpon-Hearthflame, F|\n|poke|p2|Maushold-Four|\n|poke|p2|Kingambit, M|\n|poke|p2|Kleavor, M|\n|poke|p2|Toxapex, F|\n|poke|p2|Samurott-Hisui, F|\n|teampreview\n|inactive|Battle timer is ON: inactive players will automatically lose when time's up. (requested by Khryce)\n|\n|t:|1701059306\n|start\n|switch|p1a: Dudunsparce|Dudunsparce-Three-Segment, F|100\/100\n|switch|p2a: Samurott|Samurott-Hisui, F|100\/100\n|turn|1\n|\n|t:|1701059313\n|move|p2a: Samurott|Swords Dance|p2a: Samurott\n|-boost|p2a: Samurott|atk|2\n|move|p1a: Dudunsparce|Body Slam|p2a: Samurott\n|-damage|p2a: Samurott|52\/100\n|-status|p2a: Samurott|par\n|\n|upkeep\n|turn|2\n|\n|t:|1701059322\n|move|p2a: Samurott|Ceaseless Edge|p1a: Dudunsparce\n|-damage|p1a: Dudunsparce|26\/100\n|-sidestart|p1: Khryce|Spikes\n|move|p1a: Dudunsparce|Hyper Drill|p2a: Samurott\n|-damage|p2a: Samurott|0 fnt\n|faint|p2a: Samurott\n|\n|-heal|p1a: Dudunsparce|32\/100|[from] item: Leftovers\n|upkeep\n|\n|t:|1701059330\n|switch|p2a: Kleavor|Kleavor, M, shiny|100\/100\n|turn|3\n|\n|t:|1701059335\n|move|p2a: Kleavor|Stone Axe|p1a: Dudunsparce|[miss]\n|-miss|p2a: Kleavor|p1a: Dudunsparce\n|move|p1a: Dudunsparce|Body Slam|p2a: Kleavor\n|-resisted|p2a: Kleavor\n|-damage|p2a: Kleavor|74\/100\n|-status|p2a: Kleavor|par\n|\n|-heal|p1a: Dudunsparce|38\/100|[from] item: Leftovers\n|upkeep\n|turn|4\n|\n|t:|1701059352\n|switch|p1a: Seviper|Seviper, F|100\/100\n|-damage|p1a: Seviper|88\/100|[from] Spikes\n|move|p2a: Kleavor|Stone Axe|p1a: Seviper\n|-damage|p1a: Seviper|9\/100\n|-sidestart|p1: Khryce|move: Stealth Rock\n|\n|-heal|p1a: Seviper|15\/100|[from] item: Leftovers\n|upkeep\n|turn|5\n|\n|t:|1701059364\n|move|p1a: Seviper|Knock Off|p2a: Kleavor\n|-damage|p2a: Kleavor|34\/100 par\n|-enditem|p2a: Kleavor|Heavy-Duty Boots|[from] move: Knock Off|[of] p1a: Seviper\n|move|p2a: Kleavor|Stone Axe|p1a: Seviper\n|-damage|p1a: Seviper|0 fnt\n|faint|p1a: Seviper\n|\n|upkeep\n|\n|t:|1701059379\n|switch|p1a: Dragapult|Dragapult, F|100\/100\n|-damage|p1a: Dragapult|88\/100|[from] Spikes\n|-damage|p1a: Dragapult|76\/100|[from] Stealth Rock\n|turn|6\n|\n|t:|1701059384\n|move|p1a: Dragapult|Hex|p2a: Kleavor\n|-damage|p2a: Kleavor|0 fnt\n|faint|p2a: Kleavor\n|\n|-heal|p1a: Dragapult|82\/100|[from] item: Leftovers\n|upkeep\n|\n|t:|1701059401\n|switch|p2a: Maushold|Maushold-Four|100\/100\n|turn|7\n|\n|t:|1701059405\n|move|p1a: Dragapult|Will-O-Wisp|p2a: Maushold\n|-status|p2a: Maushold|brn\n|move|p2a: Maushold|Bullet Seed|p1a: Dragapult\n|-resisted|p1a: Dragapult\n|-damage|p1a: Dragapult|79\/100\n|-resisted|p1a: Dragapult\n|-damage|p1a: Dragapult|76\/100\n|-resisted|p1a: Dragapult\n|-damage|p1a: Dragapult|73\/100\n|-resisted|p1a: Dragapult\n|-damage|p1a: Dragapult|70\/100\n|-hitcount|p1a: Dragapult|4\n|\n|-heal|p1a: Dragapult|76\/100|[from] item: Leftovers\n|-damage|p2a: Maushold|94\/100 brn|[from] brn\n|upkeep\n|turn|8\n|\n|t:|1701059425\n|move|p1a: Dragapult|Flamethrower|p2a: Maushold\n|-damage|p2a: Maushold|55\/100 brn\n|move|p2a: Maushold|Bullet Seed|p1a: Dragapult\n|-resisted|p1a: Dragapult\n|-damage|p1a: Dragapult|73\/100\n|-resisted|p1a: Dragapult\n|-damage|p1a: Dragapult|70\/100\n|-resisted|p1a: Dragapult\n|-damage|p1a: Dragapult|67\/100\n|-resisted|p1a: Dragapult\n|-damage|p1a: Dragapult|64\/100\n|-hitcount|p1a: Dragapult|4\n|\n|-heal|p1a: Dragapult|70\/100|[from] item: Leftovers\n|-damage|p2a: Maushold|49\/100 brn|[from] brn\n|upkeep\n|turn|9\n|\n|t:|1701059441\n|move|p1a: Dragapult|Draco Meteor|p2a: Maushold\n|-damage|p2a: Maushold|0 fnt\n|-unboost|p1a: Dragapult|spa|2\n|faint|p2a: Maushold\n|\n|-heal|p1a: Dragapult|76\/100|[from] item: Leftovers\n|upkeep\n|\n|t:|1701059456\n|switch|p2a: Ogerpon|Ogerpon-Hearthflame, F|100\/100\n|-ability|p2a: Ogerpon|Mold Breaker\n|turn|10\n|\n|t:|1701059463\n|switch|p1a: Dudunsparce|Dudunsparce-Three-Segment, F|38\/100\n|-damage|p1a: Dudunsparce|26\/100|[from] Spikes\n|-damage|p1a: Dudunsparce|13\/100|[from] Stealth Rock\n|move|p2a: Ogerpon|Ivy Cudgel|p1a: Dudunsparce|[anim] Ivy Cudgel Fire\n|-crit|p1a: Dudunsparce\n|-damage|p1a: Dudunsparce|0 fnt\n|faint|p1a: Dudunsparce\n|\n|upkeep\n|\n|t:|1701059483\n|switch|p1a: Skeledirge|Skeledirge, M|100\/100\n|-damage|p1a: Skeledirge|88\/100|[from] Spikes\n|-damage|p1a: Skeledirge|63\/100|[from] Stealth Rock\n|turn|11\n|\n|t:|1701059494\n|switch|p2a: Toxapex|Toxapex, F|100\/100\n|move|p1a: Skeledirge|Torch Song|p2a: Toxapex\n|-resisted|p2a: Toxapex\n|-damage|p2a: Toxapex|84\/100\n|-boost|p1a: Skeledirge|spa|1\n|\n|-heal|p2a: Toxapex|91\/100|[from] item: Black Sludge\n|upkeep\n|turn|12\n|\n|t:|1701059505\n|-terastallize|p1a: Skeledirge|Poison\n|move|p1a: Skeledirge|Torch Song|p2a: Toxapex\n|-resisted|p2a: Toxapex\n|-damage|p2a: Toxapex|65\/100\n|-boost|p1a: Skeledirge|spa|1\n|move|p2a: Toxapex|Hydro Pump|p1a: Skeledirge\n|-damage|p1a: Skeledirge|39\/100\n|-enditem|p1a: Skeledirge|Sitrus Berry|[eat]\n|-heal|p1a: Skeledirge|64\/100|[from] item: Sitrus Berry\n|\n|-heal|p2a: Toxapex|71\/100|[from] item: Black Sludge\n|upkeep\n|turn|13\n|\n|t:|1701059522\n|move|p1a: Skeledirge|Torch Song|p2a: Toxapex\n|-resisted|p2a: Toxapex\n|-damage|p2a: Toxapex|37\/100\n|-boost|p1a: Skeledirge|spa|1\n|move|p2a: Toxapex|Haze|p2a: Toxapex\n|-clearallboost\n|\n|-heal|p2a: Toxapex|44\/100|[from] item: Black Sludge\n|upkeep\n|turn|14\n|\n|t:|1701059536\n|move|p1a: Skeledirge|Torch Song|p2a: Toxapex\n|-resisted|p2a: Toxapex\n|-damage|p2a: Toxapex|27\/100\n|-boost|p1a: Skeledirge|spa|1\n|move|p2a: Toxapex|Hydro Pump|p1a: Skeledirge\n|-damage|p1a: Skeledirge|40\/100\n|\n|-heal|p2a: Toxapex|33\/100|[from] item: Black Sludge\n|upkeep\n|turn|15\n|\n|t:|1701059548\n|move|p1a: Skeledirge|Hyper Voice|p2a: Toxapex\n|-damage|p2a: Toxapex|0 fnt\n|faint|p2a: Toxapex\n|\n|upkeep\n|\n|t:|1701059555\n|switch|p2a: Ogerpon|Ogerpon-Hearthflame, F|100\/100\n|-ability|p2a: Ogerpon|Mold Breaker\n|turn|16\n|\n|t:|1701059563\n|move|p2a: Ogerpon|Ivy Cudgel|p1a: Skeledirge|[anim] Ivy Cudgel Fire\n|-damage|p1a: Skeledirge|0 fnt\n|faint|p1a: Skeledirge\n|\n|upkeep\n|\n|t:|1701059571\n|switch|p1a: Chandelure|Chandelure, F|100\/100\n|-damage|p1a: Chandelure|88\/100|[from] Spikes\n|-damage|p1a: Chandelure|63\/100|[from] Stealth Rock\n|turn|17\n|\n|t:|1701059582\n|move|p2a: Ogerpon|Giga Drain|p1a: Chandelure\n|-resisted|p1a: Chandelure\n|-damage|p1a: Chandelure|55\/100\n|move|p1a: Chandelure|Shadow Ball|p2a: Ogerpon\n|-damage|p2a: Ogerpon|44\/100\n|\n|upkeep\n|turn|18\n|\n|t:|1701059590\n|switch|p2a: Kingambit|Kingambit, M|100\/100\n|-activate|p2a: Kingambit|ability: Supreme Overlord\n|-start|p2a: Kingambit|fallen4|[silent]\n|move|p1a: Chandelure|Shadow Ball|p2a: Kingambit\n|-resisted|p2a: Kingambit\n|-damage|p2a: Kingambit|78\/100\n|\n|upkeep\n|turn|19\n|\n|t:|1701059602\n|-terastallize|p2a: Kingambit|Ground\n|move|p1a: Chandelure|Flamethrower|p2a: Kingambit\n|-damage|p2a: Kingambit|25\/100\n|move|p2a: Kingambit|Kowtow Cleave|p1a: Chandelure\n|-supereffective|p1a: Chandelure\n|-damage|p1a: Chandelure|0 fnt\n|faint|p1a: Chandelure\n|\n|upkeep\n|\n|t:|1701059610\n|switch|p1a: Sylveon|Sylveon, F|100\/100\n|-damage|p1a: Sylveon|88\/100|[from] Spikes\n|-damage|p1a: Sylveon|76\/100|[from] Stealth Rock\n|turn|20\n|\n|t:|1701059615\n|move|p1a: Sylveon|Hyper Voice|p2a: Kingambit\n|-damage|p2a: Kingambit|0 fnt\n|faint|p2a: Kingambit\n|-end|p2a: Kingambit|fallen4|[silent]\n|\n|-heal|p1a: Sylveon|82\/100|[from] item: Leftovers\n|upkeep\n|\n|t:|1701059621\n|switch|p2a: Ogerpon|Ogerpon-Hearthflame, F|44\/100\n|-ability|p2a: Ogerpon|Mold Breaker\n|turn|21\n|\n|t:|1701059626\n|move|p2a: Ogerpon|Giga Drain|p1a: Sylveon\n|-damage|p1a: Sylveon|67\/100\n|-heal|p2a: Ogerpon|54\/100|[from] drain|[of] p1a: Sylveon\n|move|p1a: Sylveon|Hyper Voice|p2a: Ogerpon\n|-resisted|p2a: Ogerpon\n|-damage|p2a: Ogerpon|19\/100\n|\n|-heal|p1a: Sylveon|73\/100|[from] item: Leftovers\n|upkeep\n|turn|22\n|\n|t:|1701059635\n|move|p2a: Ogerpon|Giga Drain|p1a: Sylveon\n|-damage|p1a: Sylveon|59\/100\n|-heal|p2a: Ogerpon|29\/100|[from] drain|[of] p1a: Sylveon\n|move|p1a: Sylveon|Hyper Voice|p2a: Ogerpon\n|-resisted|p2a: Ogerpon\n|-damage|p2a: Ogerpon|0 fnt\n|faint|p2a: Ogerpon\n|\n|win|Khryce\n|raw|Khryce's rating: 1158 &rarr; <strong>1186<\/strong><br \/>(+28 for winning)\n|raw|wwydiwyokshsywg's rating: 1194 &rarr; <strong>1166<\/strong><br \/>(-28 for losing)\n|l|\u2606wwydiwyokshsywg\n","uploadtime":1701059643,"views":9,"p1id":"khryce","p2id":"wwydiwyokshsywg","formatid":"gen9anythinggoes","rating":1166,"private":0,"password":""}