{"id":"gen9anythinggoes-1979710341","p1":"MozezzRS","p2":"Jrmoore896","format":"[Gen 9] Anything Goes","log":"|j|\u2606MozezzRS\n|j|\u2606Jrmoore896\n|t:|1698705465\n|gametype|singles\n|player|p1|MozezzRS|acetrainer-gen4dp|1346\n|player|p2|Jrmoore896|lucas-gen4pt|1448\n|teamsize|p1|6\n|teamsize|p2|6\n|gen|9\n|tier|[Gen 9] Anything Goes\n|rated|\n|rule|HP Percentage Mod: HP is shown in percentages\n|rule|Endless Battle Clause: Forcing endless battles is banned\n|clearpoke\n|poke|p1|Glimmora, M|\n|poke|p1|Basculegion, M|\n|poke|p1|Toxapex, F|\n|poke|p1|Vikavolt, M|\n|poke|p1|Chesnaught, M|\n|poke|p1|Maushold-Four|\n|poke|p2|Calyrex-Shadow|\n|poke|p2|Mewtwo|\n|poke|p2|Hatterene, F|\n|poke|p2|Indeedee, M|\n|poke|p2|Jirachi|\n|poke|p2|Cresselia, F|\n|teampreview\n|inactive|Battle timer is ON: inactive players will automatically lose when time's up. (requested by MozezzRS)\n|\n|t:|1698705483\n|start\n|switch|p1a: Maushold|Maushold-Four|100\/100\n|switch|p2a: Indeedee|Indeedee, M|100\/100\n|-fieldstart|move: Psychic Terrain|[from] ability: Psychic Surge|[of] p2a: Indeedee\n|turn|1\n|\n|t:|1698705496\n|switch|p2a: Calyrex|Calyrex-Shadow|100\/100\n|-ability|p2a: Calyrex|As One\n|-ability|p2a: Calyrex|Unnerve\n|move|p1a: Maushold|Tidy Up|p1a: Maushold\n|-boost|p1a: Maushold|atk|1\n|-boost|p1a: Maushold|spe|1\n|\n|upkeep\n|turn|2\n|\n|t:|1698705517\n|-terastallize|p2a: Calyrex|Fighting\n|move|p1a: Maushold|Crunch|p2a: Calyrex\n|-resisted|p2a: Calyrex\n|-damage|p2a: Calyrex|84\/100\n|move|p2a: Calyrex|Tera Blast|p1a: Maushold|[anim] Tera Blast Fighting\n|-supereffective|p1a: Maushold\n|-damage|p1a: Maushold|0 fnt\n|faint|p1a: Maushold\n|-ability|p2a: Calyrex|Grim Neigh|boost\n|-boost|p2a: Calyrex|spa|1\n|\n|upkeep\n|\n|t:|1698705528\n|switch|p1a: Glimmora|Glimmora, M|100\/100\n|turn|3\n|\n|t:|1698705533\n|move|p2a: Calyrex|Astral Barrage|p1a: Glimmora\n|-enditem|p1a: Glimmora|Focus Sash\n|-damage|p1a: Glimmora|1\/100\n|move|p1a: Glimmora|Mortal Spin|p2a: Calyrex\n|-damage|p2a: Calyrex|77\/100\n|-status|p2a: Calyrex|psn\n|\n|-damage|p2a: Calyrex|65\/100 psn|[from] psn\n|upkeep\n|turn|4\n|\n|t:|1698705545\n|move|p2a: Calyrex|Astral Barrage|p1a: Glimmora\n|-crit|p1a: Glimmora\n|-damage|p1a: Glimmora|0 fnt\n|faint|p1a: Glimmora\n|-ability|p2a: Calyrex|Grim Neigh|boost\n|-boost|p2a: Calyrex|spa|1\n|\n|-damage|p2a: Calyrex|53\/100 psn|[from] psn\n|upkeep\n|\n|t:|1698705555\n|switch|p1a: Vikavolt|Vikavolt, M|100\/100\n|turn|5\n|\n|t:|1698705558\n|move|p2a: Calyrex|Astral Barrage|p1a: Vikavolt\n|-damage|p1a: Vikavolt|0 fnt\n|faint|p1a: Vikavolt\n|-ability|p2a: Calyrex|Grim Neigh|boost\n|-boost|p2a: Calyrex|spa|1\n|\n|-damage|p2a: Calyrex|41\/100 psn|[from] psn\n|upkeep\n|\n|t:|1698705571\n|switch|p1a: Basculegion|Basculegion, M|100\/100\n|turn|6\n|\n|t:|1698705576\n|move|p1a: Basculegion|Last Respects|p2a: Calyrex\n|-damage|p2a: Calyrex|0 fnt\n|faint|p2a: Calyrex\n|\n|upkeep\n|\n|t:|1698705584\n|switch|p2a: Indeedee|Indeedee, M|100\/100\n|turn|7\n|\n|t:|1698705590\n|switch|p1a: Chesnaught|Chesnaught, M|100\/100\n|move|p2a: Indeedee|Psychic|p1a: Chesnaught\n|-supereffective|p1a: Chesnaught\n|-damage|p1a: Chesnaught|10\/100\n|\n|-heal|p1a: Chesnaught|17\/100|[from] item: Leftovers\n|upkeep\n|turn|8\n|\n|t:|1698705600\n|move|p2a: Indeedee|Psychic|p1a: Chesnaught\n|-supereffective|p1a: Chesnaught\n|-damage|p1a: Chesnaught|0 fnt\n|faint|p1a: Chesnaught\n|\n|-fieldend|move: Psychic Terrain\n|upkeep\n|\n|t:|1698705605\n|switch|p1a: Toxapex|Toxapex, F|100\/100\n|turn|9\n|\n|t:|1698705610\n|switch|p2a: Jirachi|Jirachi|100\/100\n|move|p1a: Toxapex|Toxic|p2a: Jirachi\n|-immune|p2a: Jirachi\n|\n|upkeep\n|turn|10\n|-message|MozezzRS forfeited.\n|\n|win|Jrmoore896\n|raw|MozezzRS's rating: 1346 &rarr; <strong>1332<\/strong><br \/>(-14 for losing)\n|raw|Jrmoore896's rating: 1448 &rarr; <strong>1462<\/strong><br \/>(+14 for winning)\n|l|\u2606MozezzRS\n","uploadtime":1698705624,"views":5,"p1id":"mozezzrs","p2id":"jrmoore896","formatid":"gen9anythinggoes","rating":1332,"private":0,"password":""}