{"id":"gen9anythinggoes-1986428129","p1":"Saint_SIn68784611","p2":"DecibelTheNoivern","format":"[Gen 9] Anything Goes","log":"|j|\u2606Saint_SIn68784611\n|j|\u2606DecibelTheNoivern\n|t:|1699478268\n|gametype|singles\n|player|p1|Saint_SIn68784611|hilbert|1161\n|player|p2|DecibelTheNoivern|gentleman-gen4|1324\n|teamsize|p1|6\n|teamsize|p2|6\n|gen|9\n|tier|[Gen 9] Anything Goes\n|rated|\n|rule|HP Percentage Mod: HP is shown in percentages\n|rule|Endless Battle Clause: Forcing endless battles is banned\n|clearpoke\n|poke|p1|Kingambit, M|\n|poke|p1|Typhlosion-Hisui, M|\n|poke|p1|Zoroark-Hisui, M|\n|poke|p1|Hatterene, F|\n|poke|p1|Urshifu-*, F|\n|poke|p1|Haxorus, M|\n|poke|p2|Torterra, M|\n|poke|p2|Miraidon|\n|poke|p2|Great Tusk|\n|poke|p2|Ursaluna-Bloodmoon, M|\n|poke|p2|Infernape, M|\n|poke|p2|Volcarona, M|\n|teampreview\n|inactive|Battle timer is ON: inactive players will automatically lose when time's up. (requested by Saint_SIn68784611)\n|\n|t:|1699478311\n|start\n|switch|p1a: Haxorus|Haxorus, M, shiny|100\/100\n|switch|p2a: Terra Firma|Torterra, M|100\/100\n|-ability|p1a: Haxorus|Mold Breaker\n|turn|1\n|\n|t:|1699478329\n|switch|p1a: Urshifu|Urshifu-Rapid-Strike, F|100\/100\n|-terastallize|p2a: Terra Firma|Rock\n|move|p2a: Terra Firma|Shell Smash|p2a: Terra Firma\n|-unboost|p2a: Terra Firma|def|1\n|-unboost|p2a: Terra Firma|spd|1\n|-boost|p2a: Terra Firma|atk|2\n|-boost|p2a: Terra Firma|spa|2\n|-boost|p2a: Terra Firma|spe|2\n|\n|upkeep\n|turn|2\n|\n|t:|1699478339\n|move|p2a: Terra Firma|Bullet Seed|p1a: Urshifu\n|-supereffective|p1a: Urshifu\n|-damage|p1a: Urshifu|51\/100\n|-supereffective|p1a: Urshifu\n|-damage|p1a: Urshifu|8\/100\n|-supereffective|p1a: Urshifu\n|-damage|p1a: Urshifu|0 fnt\n|faint|p1a: Urshifu\n|-hitcount|p1: Urshifu|3\n|\n|upkeep\n|\n|t:|1699478347\n|switch|p1a: Typhlosion|Typhlosion-Hisui, M|100\/100\n|turn|3\n|\n|t:|1699478360\n|move|p2a: Terra Firma|Rock Blast|p1a: Typhlosion\n|-supereffective|p1a: Typhlosion\n|-damage|p1a: Typhlosion|36\/100\n|-supereffective|p1a: Typhlosion\n|-damage|p1a: Typhlosion|0 fnt\n|faint|p1a: Typhlosion\n|-hitcount|p1: Typhlosion|2\n|\n|upkeep\n|\n|t:|1699478367\n|switch|p1a: Hatterene|Hatterene, F|100\/100\n|turn|4\n|\n|t:|1699478379\n|move|p2a: Terra Firma|Rock Blast|p1a: Hatterene\n|-damage|p1a: Hatterene|73\/100\n|-damage|p1a: Hatterene|46\/100\n|-damage|p1a: Hatterene|20\/100\n|-damage|p1a: Hatterene|0 fnt\n|faint|p1a: Hatterene\n|-hitcount|p1: Hatterene|4\n|\n|upkeep\n|\n|t:|1699478386\n|switch|p1a: Haxorus|Haxorus, M, shiny|100\/100\n|turn|5\n|\n|t:|1699478390\n|move|p2a: Terra Firma|Rock Blast|p1a: Haxorus\n|-damage|p1a: Haxorus|65\/100\n|replace|p1a: Zoroark|Zoroark-Hisui, M\n|-end|p1a: Zoroark|Illusion\n|-damage|p1a: Zoroark|25\/100\n|-damage|p1a: Zoroark|0 fnt\n|faint|p1a: Zoroark\n|-hitcount|p1: Zoroark|3\n|\n|upkeep\n|\n|t:|1699478397\n|switch|p1a: Haxorus|Haxorus, M, shiny|100\/100\n|-ability|p1a: Haxorus|Mold Breaker\n|turn|6\n|c|\u2606Saint_SIn68784611|bro what is that thing\n|c|\u2606DecibelTheNoivern|God himself\n|c|\u2606Saint_SIn68784611|its stronger than god\n|\n|t:|1699478423\n|move|p2a: Terra Firma|Rock Blast|p1a: Haxorus\n|-damage|p1a: Haxorus|71\/100\n|-damage|p1a: Haxorus|43\/100\n|-damage|p1a: Haxorus|15\/100\n|-damage|p1a: Haxorus|0 fnt\n|faint|p1a: Haxorus\n|-hitcount|p1: Haxorus|4\n|\n|upkeep\n|\n|t:|1699478431\n|switch|p1a: Kingambit|Kingambit, M|100\/100\n|-activate|p1a: Kingambit|ability: Supreme Overlord\n|-start|p1a: Kingambit|fallen5|[silent]\n|turn|7\n|\n|t:|1699478447\n|move|p2a: Terra Firma|Headlong Rush|p1a: Kingambit\n|-supereffective|p1a: Kingambit\n|-enditem|p1a: Kingambit|Focus Sash\n|-damage|p1a: Kingambit|1\/100\n|-unboost|p2a: Terra Firma|def|1\n|-unboost|p2a: Terra Firma|spd|1\n|move|p1a: Kingambit|Iron Head|p2a: Terra Firma\n|-supereffective|p2a: Terra Firma\n|-damage|p2a: Terra Firma|0 fnt\n|faint|p2a: Terra Firma\n|\n|upkeep\n|\n|t:|1699478452\n|switch|p2a: Sun Wukong|Infernape, M|100\/100\n|turn|8\n|\n|t:|1699478458\n|move|p2a: Sun Wukong|Mach Punch|p1a: Kingambit\n|-supereffective|p1a: Kingambit\n|-damage|p1a: Kingambit|0 fnt\n|faint|p1a: Kingambit\n|-end|p1a: Kingambit|fallen5|[silent]\n|\n|win|DecibelTheNoivern\n|raw|Saint_SIn68784611's rating: 1161 &rarr; <strong>1147<\/strong><br \/>(-14 for losing)\n|raw|DecibelTheNoivern's rating: 1324 &rarr; <strong>1335<\/strong><br \/>(+11 for winning)\n|c|\u2606Saint_SIn68784611|gg\n|l|\u2606Saint_SIn68784611\n|c|\u2606DecibelTheNoivern|Gg\n","uploadtime":1699478470,"views":7,"p1id":"saintsin68784611","p2id":"decibelthenoivern","formatid":"gen9anythinggoes","rating":1147,"private":0,"password":""}