{"id":"gen9anythinggoes-1973123921","p1":"yourfacewindirt","p2":"1303xP","format":"[Gen 9] Anything Goes","log":"|j|\u2606yourfacewindirt\n|j|\u26061303xP\n|t:|1697930288\n|gametype|singles\n|player|p1|yourfacewindirt|169|1169\n|player|p2|1303xP|266|1166\n|teamsize|p1|6\n|teamsize|p2|6\n|gen|9\n|tier|[Gen 9] Anything Goes\n|rated|\n|rule|HP Percentage Mod: HP is shown in percentages\n|rule|Endless Battle Clause: Forcing endless battles is banned\n|clearpoke\n|poke|p1|Dragapult, F|\n|poke|p1|Corviknight, M|\n|poke|p1|Groudon|\n|poke|p1|Regieleki|\n|poke|p1|Walking Wake|\n|poke|p1|Great Tusk|\n|poke|p2|Meowscarada, M|\n|poke|p2|Ursaluna-Bloodmoon, M|\n|poke|p2|Enamorus-Therian, F|\n|poke|p2|Garganacl, M|\n|poke|p2|Zoroark-Hisui, M|\n|poke|p2|Iron Bundle|\n|teampreview\n|\n|t:|1697930297\n|start\n|switch|p1a: Groudon|Groudon|100\/100\n|switch|p2a: Steve|Garganacl, M|100\/100\n|-weather|SunnyDay|[from] ability: Drought|[of] p1a: Groudon\n|turn|1\n|inactive|Battle timer is ON: inactive players will automatically lose when time's up. (requested by 1303xP)\n|inactive|yourfacewindirt has 120 seconds left.\n|inactive|yourfacewindirt has 90 seconds left.\n|\n|t:|1697930359\n|switch|p2a: Shanti|Enamorus-Therian, F|100\/100\n|move|p1a: Groudon|Earthquake|p2a: Shanti\n|-immune|p2a: Shanti\n|\n|-weather|SunnyDay|[upkeep]\n|upkeep\n|turn|2\n|\n|t:|1697930379\n|move|p1a: Groudon|Stealth Rock|p2a: Shanti\n|-sidestart|p2: 1303xP|move: Stealth Rock\n|move|p2a: Shanti|Springtide Storm|p1a: Groudon\n|-damage|p1a: Groudon|60\/100\n|\n|-weather|SunnyDay|[upkeep]\n|-heal|p1a: Groudon|66\/100|[from] item: Leftovers\n|upkeep\n|turn|3\n|\n|t:|1697930390\n|move|p1a: Groudon|Rock Slide|p2a: Shanti|[miss]\n|-miss|p1a: Groudon|p2a: Shanti\n|move|p2a: Shanti|Iron Head|p1a: Groudon\n|-damage|p1a: Groudon|51\/100\n|\n|-weather|SunnyDay|[upkeep]\n|-heal|p1a: Groudon|57\/100|[from] item: Leftovers\n|upkeep\n|turn|4\n|\n|t:|1697930408\n|switch|p2a: Bud|Meowscarada, M, shiny|100\/100\n|-damage|p2a: Bud|88\/100|[from] Stealth Rock\n|move|p1a: Groudon|Rock Slide|p2a: Bud\n|-damage|p2a: Bud|41\/100\n|\n|-weather|SunnyDay|[upkeep]\n|-heal|p1a: Groudon|63\/100|[from] item: Leftovers\n|upkeep\n|turn|5\n|\n|t:|1697930420\n|move|p2a: Bud|Flower Trick|p1a: Groudon\n|-start|p2a: Bud|typechange|Grass|[from] ability: Protean\n|-supereffective|p1a: Groudon\n|-crit|p1a: Groudon\n|-damage|p1a: Groudon|0 fnt\n|faint|p1a: Groudon\n|\n|-weather|none\n|upkeep\n|\n|t:|1697930429\n|switch|p1a: Corviknight|Corviknight, M|100\/100\n|turn|6\n|\n|t:|1697930436\n|move|p2a: Bud|Thunder Punch|p1a: Corviknight\n|-supereffective|p1a: Corviknight\n|-damage|p1a: Corviknight|58\/100\n|-damage|p2a: Bud|25\/100|[from] item: Rocky Helmet|[of] p1a: Corviknight\n|move|p1a: Corviknight|Tailwind|p1a: Corviknight\n|-sidestart|p1: yourfacewindirt|move: Tailwind\n|\n|upkeep\n|turn|7\n|\n|t:|1697930445\n|move|p1a: Corviknight|Drill Peck|p2a: Bud\n|-supereffective|p2a: Bud\n|-damage|p2a: Bud|0 fnt\n|faint|p2a: Bud\n|\n|upkeep\n|\n|t:|1697930451\n|switch|p2a: Shanti|Enamorus-Therian, F|100\/100\n|-damage|p2a: Shanti|75\/100|[from] Stealth Rock\n|turn|8\n|\n|t:|1697930455\n|move|p1a: Corviknight|U-turn|p2a: Shanti\n|-resisted|p2a: Shanti\n|-damage|p2a: Shanti|71\/100\n|\n|t:|1697930459\n|switch|p1a: Regieleki|Regieleki|100\/100|[from] U-turn\n|move|p2a: Shanti|Mystical Fire|p1a: Regieleki\n|-damage|p1a: Regieleki|60\/100\n|-unboost|p1a: Regieleki|spa|1\n|\n|upkeep\n|turn|9\n|\n|t:|1697930467\n|switch|p2a: Tucker|Ursaluna-Bloodmoon, M|100\/100\n|-damage|p2a: Tucker|94\/100|[from] Stealth Rock\n|move|p1a: Regieleki|Thunderbolt|p2a: Tucker\n|-immune|p2a: Tucker\n|\n|-sideend|p1: yourfacewindirt|move: Tailwind\n|upkeep\n|turn|10\n|\n|t:|1697930480\n|move|p1a: Regieleki|Body Slam|p2a: Tucker\n|-damage|p2a: Tucker|80\/100\n|move|p2a: Tucker|Swords Dance|p2a: Tucker\n|-boost|p2a: Tucker|atk|2\n|\n|upkeep\n|turn|11\n|\n|t:|1697930491\n|move|p1a: Regieleki|Body Slam|p2a: Tucker\n|-damage|p2a: Tucker|65\/100\n|move|p2a: Tucker|Blood Moon|p1a: Regieleki\n|-damage|p1a: Regieleki|0 fnt\n|faint|p1a: Regieleki\n|\n|upkeep\n|\n|t:|1697930498\n|switch|p1a: Walking Wake|Walking Wake|100\/100\n|turn|12\n|\n|t:|1697930510\n|switch|p2a: Shanti|Enamorus-Therian, F|71\/100\n|-damage|p2a: Shanti|46\/100|[from] Stealth Rock\n|move|p1a: Walking Wake|Hydro Steam|p2a: Shanti\n|-damage|p2a: Shanti|0 fnt\n|faint|p2a: Shanti\n|-damage|p1a: Walking Wake|91\/100|[from] item: Life Orb\n|\n|upkeep\n|\n|t:|1697930520\n|switch|p2a: Mumble|Iron Bundle|100\/100\n|-damage|p2a: Mumble|76\/100|[from] Stealth Rock\n|-enditem|p2a: Mumble|Booster Energy\n|-activate|p2a: Mumble|ability: Quark Drive|[fromitem]\n|-start|p2a: Mumble|quarkdrivespe\n|turn|13\n|\n|t:|1697930535\n|-end|p1a: Walking Wake|Protosynthesis|[silent]\n|switch|p1a: Great Tusk|Great Tusk|100\/100\n|move|p2a: Mumble|Freeze-Dry|p1a: Great Tusk\n|-supereffective|p1a: Great Tusk\n|-damage|p1a: Great Tusk|39\/100\n|\n|upkeep\n|turn|14\n|\n|t:|1697930543\n|move|p2a: Mumble|Freeze-Dry|p1a: Great Tusk\n|-supereffective|p1a: Great Tusk\n|-damage|p1a: Great Tusk|0 fnt\n|faint|p1a: Great Tusk\n|-end|p1a: Great Tusk|Protosynthesis|[silent]\n|\n|upkeep\n|\n|t:|1697930548\n|switch|p1a: Dragapult|Dragapult, F|100\/100\n|turn|15\n|\n|t:|1697930559\n|move|p2a: Mumble|Freeze-Dry|p1a: Dragapult\n|-supereffective|p1a: Dragapult\n|-crit|p1a: Dragapult\n|-damage|p1a: Dragapult|0 fnt\n|faint|p1a: Dragapult\n|\n|upkeep\n|\n|t:|1697930564\n|switch|p1a: Corviknight|Corviknight, M|58\/100\n|turn|16\n|\n|t:|1697930567\n|move|p2a: Mumble|Freeze-Dry|p1a: Corviknight\n|-damage|p1a: Corviknight|17\/100\n|move|p1a: Corviknight|Drill Peck|p2a: Mumble\n|-damage|p2a: Mumble|36\/100\n|\n|upkeep\n|turn|17\n|-message|yourfacewindirt forfeited.\n|\n|win|1303xP\n|raw|yourfacewindirt's rating: 1169 &rarr; <strong>1144<\/strong><br \/>(-25 for losing)\n|raw|1303xP's rating: 1166 &rarr; <strong>1191<\/strong><br \/>(+25 for winning)\n|l|\u2606yourfacewindirt\n","uploadtime":1697930580,"views":10,"p1id":"yourfacewindirt","p2id":"1303xp","formatid":"gen9anythinggoes","rating":1144,"private":0,"password":""}