{"id":"gen9anythinggoes-1977212718","p1":"AGisgood\u82cd\u54cd\u4fa0","p2":"Cerecedo","format":"[Gen 9] Anything Goes","log":"|j|\u2606AGisgood\u82cd\u54cd\u4fa0\n|j|\u2606Cerecedo\n|t:|1698387562\n|gametype|singles\n|player|p1|AGisgood\u82cd\u54cd\u4fa0|cynthia-gen4|1675\n|player|p2|Cerecedo|alder|1716\n|teamsize|p1|6\n|teamsize|p2|6\n|gen|9\n|tier|[Gen 9] Anything Goes\n|rated|\n|rule|HP Percentage Mod: HP is shown in percentages\n|rule|Endless Battle Clause: Forcing endless battles is banned\n|clearpoke\n|poke|p1|Arceus|\n|poke|p1|Calyrex-Shadow|\n|poke|p1|Koraidon|\n|poke|p1|Ting-Lu|\n|poke|p1|Dondozo, M|\n|poke|p1|Arceus-Fairy|\n|poke|p2|Arceus-Ground|\n|poke|p2|Scizor, F|\n|poke|p2|Ditto|\n|poke|p2|Arceus|\n|poke|p2|Miraidon|\n|poke|p2|Calyrex-Shadow|\n|teampreview\n|inactive|Battle timer is ON: inactive players will automatically lose when time's up. (requested by AGisgood\u82cd\u54cd\u4fa0)\n|inactive|Cerecedo has 120 seconds left.\n|l|\u2606AGisgood\u82cd\u54cd\u4fa0\n|inactive|AGisgood\u82cd\u54cd\u4fa0 disconnected and has a minute to reconnect!\n|player|p1|\n|j| hbkmnw\n|j|\u2606AGisgood\u82cd\u54cd\u4fa0\n|inactive|AGisgood\u82cd\u54cd\u4fa0 reconnected.\n|player|p1|AGisgood\u82cd\u54cd\u4fa0|cynthia-gen4\n|inactive|Cerecedo has 90 seconds left.\n|\n|t:|1698387625\n|start\n|switch|p1a: Arceus|Arceus-Fairy|100\/100\n|switch|p2a: Arceus|Arceus-Ground|100\/100\n|turn|1\n|\n|t:|1698387631\n|move|p1a: Arceus|Taunt|p2a: Arceus\n|-start|p2a: Arceus|move: Taunt\n|cant|p2a: Arceus|move: Taunt|Taunt\n|\n|upkeep\n|turn|2\n|\n|t:|1698387639\n|switch|p2a: Scizor|Scizor, F|100\/100\n|move|p1a: Arceus|Stealth Rock|p2a: Scizor\n|-sidestart|p2: Cerecedo|move: Stealth Rock\n|\n|upkeep\n|turn|3\n|\n|t:|1698387649\n|switch|p1a: Dondozo|Dondozo, M|100\/100\n|move|p2a: Scizor|Defog|p1a: Dondozo\n|-unboost|p1a: Dondozo|evasion|1\n|-sideend|p2: Cerecedo|Stealth Rock|[from] move: Defog|[of] p2a: Scizor\n|\n|upkeep\n|turn|4\n|\n|t:|1698387661\n|switch|p2a: Miraidon|Miraidon|100\/100\n|-fieldstart|move: Electric Terrain|[from] ability: Hadron Engine|[of] p2a: Miraidon\n|switch|p1a: Koraidon|Koraidon|100\/100\n|-weather|SunnyDay|[from] ability: Orichalcum Pulse|[of] p1a: Koraidon\n|-activate|p1a: Koraidon|Orichalcum Pulse|[source]\n|\n|-weather|SunnyDay|[upkeep]\n|upkeep\n|turn|5\n|\n|t:|1698387679\n|-terastallize|p2a: Miraidon|Fairy\n|move|p1a: Koraidon|Outrage|p2a: Miraidon\n|-immune|p2a: Miraidon\n|move|p2a: Miraidon|Dazzling Gleam|p1a: Koraidon\n|-supereffective|p1a: Koraidon\n|-damage|p1a: Koraidon|0 fnt\n|faint|p1a: Koraidon\n|\n|-weather|SunnyDay|[upkeep]\n|upkeep\n|\n|t:|1698387683\n|switch|p1a: Arceus|Arceus|100\/100\n|turn|6\n|\n|t:|1698387695\n|move|p2a: Miraidon|Dazzling Gleam|p1a: Arceus\n|-damage|p1a: Arceus|62\/100\n|move|p1a: Arceus|Swords Dance|p1a: Arceus\n|-boost|p1a: Arceus|atk|2\n|\n|-weather|SunnyDay|[upkeep]\n|-heal|p1a: Arceus|68\/100|[from] item: Leftovers\n|upkeep\n|turn|7\n|\n|t:|1698387704\n|switch|p2a: Calyrex|Calyrex-Shadow|100\/100\n|-ability|p2a: Calyrex|As One\n|-ability|p2a: Calyrex|Unnerve\n|move|p1a: Arceus|Swords Dance|p1a: Arceus\n|-boost|p1a: Arceus|atk|2\n|\n|-weather|SunnyDay|[upkeep]\n|-heal|p1a: Arceus|74\/100|[from] item: Leftovers\n|upkeep\n|turn|8\n|\n|t:|1698387715\n|move|p2a: Calyrex|Psyshock|p1a: Arceus\n|-damage|p1a: Arceus|40\/100\n|move|p1a: Arceus|Shadow Claw|p2a: Calyrex\n|-supereffective|p2a: Calyrex\n|-enditem|p2a: Calyrex|Focus Sash\n|-damage|p2a: Calyrex|1\/100\n|\n|-weather|none\n|-heal|p1a: Arceus|46\/100|[from] item: Leftovers\n|-fieldend|move: Electric Terrain\n|upkeep\n|turn|9\n|\n|t:|1698387731\n|move|p2a: Calyrex|Psyshock|p1a: Arceus\n|-damage|p1a: Arceus|11\/100\n|move|p1a: Arceus|Shadow Claw|p2a: Calyrex\n|-supereffective|p2a: Calyrex\n|-crit|p2a: Calyrex\n|-damage|p2a: Calyrex|0 fnt\n|faint|p2a: Calyrex\n|\n|-heal|p1a: Arceus|17\/100|[from] item: Leftovers\n|upkeep\n|\n|t:|1698387742\n|switch|p2a: Scizor|Scizor, F|100\/100\n|turn|10\n|\n|t:|1698387751\n|move|p1a: Arceus|Extreme Speed|p2a: Scizor\n|-resisted|p2a: Scizor\n|-damage|p2a: Scizor|38\/100\n|-damage|p1a: Arceus|1\/100|[from] item: Rocky Helmet|[of] p2a: Scizor\n|move|p2a: Scizor|Bullet Punch|p1a: Arceus\n|-damage|p1a: Arceus|0 fnt\n|faint|p1a: Arceus\n|\n|upkeep\n|\n|t:|1698387757\n|switch|p1a: Arceus|Arceus-Fairy|100\/100\n|turn|11\n|\n|t:|1698387778\n|switch|p1a: Calyrex|Calyrex-Shadow|100\/100\n|-ability|p1a: Calyrex|As One\n|-ability|p1a: Calyrex|Unnerve\n|move|p2a: Scizor|Bullet Punch|p1a: Calyrex\n|-damage|p1a: Calyrex|70\/100\n|\n|upkeep\n|turn|12\n|\n|t:|1698387787\n|switch|p2a: Arceus|Arceus|100\/100\n|move|p1a: Calyrex|Nasty Plot|p1a: Calyrex\n|-boost|p1a: Calyrex|spa|2\n|\n|upkeep\n|turn|13\n|\n|t:|1698387800\n|-terastallize|p1a: Calyrex|Fairy\n|move|p1a: Calyrex|Psyshock|p2a: Arceus\n|-damage|p2a: Arceus|22\/100\n|move|p2a: Arceus|Shadow Claw|p1a: Calyrex\n|-crit|p1a: Calyrex\n|-damage|p1a: Calyrex|29\/100\n|\n|-heal|p2a: Arceus|28\/100|[from] item: Leftovers\n|upkeep\n|turn|14\n|\n|t:|1698387809\n|switch|p1a: Dondozo|Dondozo, M|100\/100\n|move|p2a: Arceus|Extreme Speed|p1a: Dondozo\n|-damage|p1a: Dondozo|81\/100\n|\n|-heal|p2a: Arceus|34\/100|[from] item: Leftovers\n|-heal|p1a: Dondozo|87\/100|[from] item: Leftovers\n|upkeep\n|turn|15\n|\n|t:|1698387833\n|switch|p2a: Miraidon|Miraidon, tera:Fairy|100\/100\n|-fieldstart|move: Electric Terrain|[from] ability: Hadron Engine|[of] p2a: Miraidon\n|switch|p1a: Ting-Lu|Ting-Lu|100\/100\n|-ability|p1a: Ting-Lu|Vessel of Ruin\n|\n|upkeep\n|turn|16\n|\n|t:|1698387857\n|switch|p2a: Arceus|Arceus-Ground|100\/100\n|move|p1a: Ting-Lu|Fissure|p2a: Arceus|[miss]\n|-miss|p1a: Ting-Lu|p2a: Arceus\n|\n|upkeep\n|turn|17\n|\n|t:|1698387872\n|move|p2a: Arceus|Judgment|p1a: Ting-Lu\n|-damage|p1a: Ting-Lu|79\/100\n|move|p1a: Ting-Lu|Spikes|p2a: Arceus\n|-sidestart|p2: Cerecedo|Spikes\n|\n|-heal|p1a: Ting-Lu|85\/100|[from] item: Leftovers\n|upkeep\n|turn|18\n|\n|t:|1698387879\n|move|p2a: Arceus|Taunt|p1a: Ting-Lu\n|-start|p1a: Ting-Lu|move: Taunt\n|move|p1a: Ting-Lu|Fissure|p2a: Arceus|[miss]\n|-miss|p1a: Ting-Lu|p2a: Arceus\n|\n|-heal|p1a: Ting-Lu|91\/100|[from] item: Leftovers\n|upkeep\n|turn|19\n|\n|t:|1698387890\n|move|p2a: Arceus|Judgment|p1a: Ting-Lu\n|-damage|p1a: Ting-Lu|72\/100\n|move|p1a: Ting-Lu|Fissure|p2a: Arceus\n|-damage|p2a: Arceus|0 fnt\n|faint|p2a: Arceus\n|-ohko\n|\n|-heal|p1a: Ting-Lu|78\/100|[from] item: Leftovers\n|-fieldend|move: Electric Terrain\n|upkeep\n|\n|t:|1698387903\n|switch|p2a: Miraidon|Miraidon, tera:Fairy|100\/100\n|-damage|p2a: Miraidon|88\/100|[from] Spikes\n|-fieldstart|move: Electric Terrain|[from] ability: Hadron Engine|[of] p2a: Miraidon\n|turn|20\n|\n|t:|1698387908\n|move|p2a: Miraidon|Dazzling Gleam|p1a: Ting-Lu\n|-supereffective|p1a: Ting-Lu\n|-damage|p1a: Ting-Lu|26\/100\n|move|p1a: Ting-Lu|Fissure|p2a: Miraidon|[miss]\n|-miss|p1a: Ting-Lu|p2a: Miraidon\n|\n|-heal|p1a: Ting-Lu|33\/100|[from] item: Leftovers\n|-end|p1a: Ting-Lu|move: Taunt\n|upkeep\n|turn|21\n|\n|t:|1698387917\n|move|p2a: Miraidon|Dazzling Gleam|p1a: Ting-Lu\n|-supereffective|p1a: Ting-Lu\n|-damage|p1a: Ting-Lu|0 fnt\n|faint|p1a: Ting-Lu\n|\n|upkeep\n|\n|t:|1698387920\n|switch|p1a: Arceus|Arceus-Fairy|100\/100\n|turn|22\n|\n|t:|1698387926\n|switch|p2a: Scizor|Scizor, F|38\/100\n|-damage|p2a: Scizor|25\/100|[from] Spikes\n|move|p1a: Arceus|Judgment|p2a: Scizor\n|-resisted|p2a: Scizor\n|-damage|p2a: Scizor|0 fnt\n|faint|p2a: Scizor\n|\n|upkeep\n|\n|t:|1698387940\n|switch|p2a: Miraidon|Miraidon, tera:Fairy|88\/100\n|-damage|p2a: Miraidon|76\/100|[from] Spikes\n|-activate|p2a: Miraidon|ability: Hadron Engine\n|turn|23\n|\n|t:|1698387945\n|move|p2a: Miraidon|Electro Drift|p1a: Arceus\n|-damage|p1a: Arceus|34\/100\n|move|p1a: Arceus|Judgment|p2a: Miraidon\n|-damage|p2a: Miraidon|32\/100\n|\n|upkeep\n|turn|24\n|\n|t:|1698387952\n|move|p2a: Miraidon|Electro Drift|p1a: Arceus\n|-crit|p1a: Arceus\n|-damage|p1a: Arceus|0 fnt\n|faint|p1a: Arceus\n|\n|-fieldend|move: Electric Terrain\n|upkeep\n|\n|t:|1698387954\n|switch|p1a: Calyrex|Calyrex-Shadow, tera:Fairy|29\/100\n|-ability|p1a: Calyrex|As One\n|-ability|p1a: Calyrex|Unnerve\n|turn|25\n|\n|t:|1698387962\n|move|p2a: Miraidon|Electro Drift|p1a: Calyrex\n|-damage|p1a: Calyrex|0 fnt\n|faint|p1a: Calyrex\n|\n|upkeep\n|-message|AGisgood\u82cd\u54cd\u4fa0 forfeited.\n|\n|win|Cerecedo\n|raw|AGisgood\u82cd\u54cd\u4fa0's rating: 1675 &rarr; <strong>1657<\/strong><br \/>(-18 for losing)\n|raw|Cerecedo's rating: 1716 &rarr; <strong>1734<\/strong><br \/>(+18 for winning)\n|l|\u2606AGisgood\u82cd\u54cd\u4fa0\n|l| hbkmnw\n","uploadtime":1698387973,"views":19,"p1id":"agisgood","p2id":"cerecedo","formatid":"gen9anythinggoes","rating":1657,"private":0,"password":""}