{"id":"gen9anythinggoes-1986138428","p1":"Celentinel","p2":"moneygetter69","format":"[Gen 9] Anything Goes","log":"|j|\u2606Celentinel\n|j|\u2606moneygetter69\n|t:|1699453874\n|gametype|singles\n|player|p1|Celentinel|169|1255\n|player|p2|moneygetter69|102|1189\n|teamsize|p1|6\n|teamsize|p2|6\n|gen|9\n|tier|[Gen 9] Anything Goes\n|rated|\n|rule|HP Percentage Mod: HP is shown in percentages\n|rule|Endless Battle Clause: Forcing endless battles is banned\n|clearpoke\n|poke|p1|Glimmora, M|\n|poke|p1|Basculegion, M|\n|poke|p1|Pelipper, F|\n|poke|p1|Rabsca, F|\n|poke|p1|Krookodile, M|\n|poke|p1|Rotom-Mow|\n|poke|p2|Toxapex, M|\n|poke|p2|Goodra-Hisui, F|\n|poke|p2|Cloyster, M|\n|poke|p2|Dragapult, F|\n|poke|p2|Palafin, F|\n|poke|p2|Gliscor, F|\n|teampreview\n|inactive|Battle timer is ON: inactive players will automatically lose when time's up. (requested by Celentinel)\n|\n|t:|1699453883\n|start\n|switch|p1a: Glimmora|Glimmora, M, shiny|100\/100\n|switch|p2a: my hero|Palafin, F|100\/100\n|turn|1\n|\n|t:|1699453889\n|move|p2a: my hero|Flip Turn|p1a: Glimmora\n|-supereffective|p1a: Glimmora\n|-damage|p1a: Glimmora|61\/100\n|-activate|p1a: Glimmora|ability: Toxic Debris\n|-sidestart|p2: moneygetter69|move: Toxic Spikes\n|\n|t:|1699453897\n|detailschange|p2a: my hero|Palafin-Hero, F\n|switch|p2a: spikey pink thing|Toxapex, M, shiny|100\/100|[from] Flip Turn\n|-sideend|p2: moneygetter69|move: Toxic Spikes|[of] p2a: spikey pink thing\n|move|p1a: Glimmora|Stealth Rock|p2a: spikey pink thing\n|-sidestart|p2: moneygetter69|move: Stealth Rock\n|\n|upkeep\n|turn|2\n|\n|t:|1699453902\n|move|p1a: Glimmora|Spikes|p2a: spikey pink thing\n|-sidestart|p2: moneygetter69|Spikes\n|move|p2a: spikey pink thing|Toxic Spikes|p1a: Glimmora\n|-sidestart|p1: Celentinel|move: Toxic Spikes\n|\n|upkeep\n|turn|3\n|\n|t:|1699453926\n|switch|p1a: Rotom|Rotom-Mow, shiny|100\/100\n|move|p2a: spikey pink thing|Toxic Spikes|p1a: Rotom\n|-sidestart|p1: Celentinel|move: Toxic Spikes\n|\n|upkeep\n|turn|4\n|\n|t:|1699453935\n|move|p2a: spikey pink thing|Baneful Bunker|p2a: spikey pink thing\n|-singleturn|p2a: spikey pink thing|move: Protect\n|move|p1a: Rotom|Nasty Plot|p1a: Rotom\n|-boost|p1a: Rotom|spa|2\n|\n|upkeep\n|turn|5\n|c|\u2606moneygetter69|nuh uh\n|\n|t:|1699453945\n|move|p1a: Rotom|Thunderbolt|p2a: spikey pink thing\n|-supereffective|p2a: spikey pink thing\n|-enditem|p2a: spikey pink thing|Focus Sash\n|-damage|p2a: spikey pink thing|1\/100\n|move|p2a: spikey pink thing|Haze|p2a: spikey pink thing\n|-clearallboost\n|\n|upkeep\n|turn|6\n|\n|t:|1699453956\n|switch|p2a: flying coat|Gliscor, F|100\/100\n|-damage|p2a: flying coat|88\/100|[from] Stealth Rock\n|move|p1a: Rotom|Thunderbolt|p2a: flying coat\n|-immune|p2a: flying coat\n|\n|-status|p2a: flying coat|tox|[from] item: Toxic Orb\n|upkeep\n|turn|7\n|\n|t:|1699453972\n|move|p2a: flying coat|Knock Off|p1a: Rotom\n|-damage|p1a: Rotom|66\/100\n|-enditem|p1a: Rotom|Focus Sash|[from] move: Knock Off|[of] p2a: flying coat\n|move|p1a: Rotom|Nasty Plot|p1a: Rotom\n|-boost|p1a: Rotom|spa|2\n|\n|-heal|p2a: flying coat|100\/100 tox|[from] ability: Poison Heal\n|upkeep\n|turn|8\n|\n|t:|1699453982\n|switch|p2a: purple thing|Cloyster, M|100\/100\n|-damage|p2a: purple thing|76\/100|[from] Stealth Rock\n|-damage|p2a: purple thing|64\/100|[from] Spikes\n|move|p1a: Rotom|Hex|p2a: purple thing\n|-damage|p2a: purple thing|0 fnt\n|faint|p2a: purple thing\n|\n|upkeep\n|\n|t:|1699453988\n|switch|p2a: red thing|Dragapult, F|100\/100\n|-damage|p2a: red thing|88\/100|[from] Stealth Rock\n|-damage|p2a: red thing|76\/100|[from] Spikes\n|turn|9\n|\n|t:|1699453996\n|move|p2a: red thing|Dragon Darts|p1a: Rotom\n|-damage|p1a: Rotom|32\/100\n|-anim|p2a: red thing|Dragon Darts|p1a: Rotom\n|-damage|p1a: Rotom|0 fnt\n|faint|p1a: Rotom\n|\n|-heal|p2a: red thing|82\/100|[from] item: Leftovers\n|upkeep\n|\n|t:|1699454005\n|switch|p1a: Krookodile|Krookodile, M, shiny|100\/100\n|-status|p1a: Krookodile|tox\n|turn|10\n|\n|t:|1699454015\n|-terastallize|p2a: red thing|Fairy\n|-terastallize|p1a: Krookodile|Dragon\n|move|p2a: red thing|Psychic Fangs|p1a: Krookodile\n|-damage|p1a: Krookodile|68\/100 tox\n|move|p1a: Krookodile|Scale Shot|p2a: red thing\n|-immune|p2a: red thing\n|\n|-heal|p2a: red thing|88\/100|[from] item: Leftovers\n|-damage|p1a: Krookodile|62\/100 tox|[from] psn\n|upkeep\n|turn|11\n|c|\u2606Celentinel|Oh piss off\n|c|\u2606Celentinel|Why fairy\n|\n|t:|1699454026\n|move|p2a: red thing|Dragon Darts|p1a: Krookodile\n|-supereffective|p1a: Krookodile\n|-damage|p1a: Krookodile|1\/100 tox\n|-anim|p2a: red thing|Dragon Darts|p1a: Krookodile\n|-supereffective|p1a: Krookodile\n|-damage|p1a: Krookodile|0 fnt\n|faint|p1a: Krookodile\n|\n|-heal|p2a: red thing|94\/100|[from] item: Leftovers\n|upkeep\n|c|\u2606moneygetter69|lol why dragon\n|c|\u2606Celentinel|So I get stab on scale shot\n|inactive|Celentinel has 120 seconds left.\n|c|\u2606moneygetter69|so that im immune to dragon\n|c|\u2606Celentinel|How did you know I was gonna terastalize to dragon\n|c|\u2606moneygetter69|and that ghost isnt super effective anymore\n|inactive|Celentinel has 90 seconds left.\n|\n|t:|1699454081\n|switch|p1a: Rabsca|Rabsca, F, shiny|100\/100\n|-status|p1a: Rabsca|tox\n|turn|12\n|c|\u2606moneygetter69|honestly i thought u were gonna use like shadowball or something\n|\n|t:|1699454092\n|move|p2a: red thing|Body Slam|p1a: Rabsca\n|-damage|p1a: Rabsca|74\/100 tox\n|move|p1a: Rabsca|Cosmic Power|p1a: Rabsca\n|-boost|p1a: Rabsca|def|1\n|-boost|p1a: Rabsca|spd|1\n|\n|-heal|p2a: red thing|99\/100|[from] item: Leftovers\n|-heal|p1a: Rabsca|81\/100 tox|[from] item: Leftovers\n|-damage|p1a: Rabsca|74\/100 tox|[from] psn\n|upkeep\n|turn|13\n|\n|t:|1699454104\n|switch|p2a: spikey pink thing|Toxapex, M, shiny|34\/100\n|-damage|p2a: spikey pink thing|22\/100|[from] Stealth Rock\n|-damage|p2a: spikey pink thing|10\/100|[from] Spikes\n|move|p1a: Rabsca|Rest|p1a: Rabsca\n|-status|p1a: Rabsca|slp|[from] move: Rest\n|-heal|p1a: Rabsca|100\/100 slp|[silent]\n|\n|upkeep\n|turn|14\n|\n|t:|1699454114\n|cant|p1a: Rabsca|slp\n|move|p1a: Rabsca|Sleep Talk|p1a: Rabsca\n|move|p1a: Rabsca|Rest||[from]move: Sleep Talk|[still]\n|-fail|p1a: Rabsca\n|move|p2a: spikey pink thing|Haze|p2a: spikey pink thing\n|-clearallboost\n|\n|upkeep\n|turn|15\n|\n|t:|1699454129\n|switch|p2a: flying coat|Gliscor, F|100\/100 tox\n|-damage|p2a: flying coat|88\/100 tox|[from] Stealth Rock\n|cant|p1a: Rabsca|slp\n|move|p1a: Rabsca|Sleep Talk|p1a: Rabsca\n|move|p1a: Rabsca|Cosmic Power|p1a: Rabsca|[from]move: Sleep Talk\n|-boost|p1a: Rabsca|def|1\n|-boost|p1a: Rabsca|spd|1\n|\n|-heal|p2a: flying coat|100\/100 tox|[from] ability: Poison Heal\n|upkeep\n|turn|16\n|\n|t:|1699454143\n|move|p2a: flying coat|Knock Off|p1a: Rabsca\n|-supereffective|p1a: Rabsca\n|-damage|p1a: Rabsca|65\/100 slp\n|-enditem|p1a: Rabsca|Leftovers|[from] move: Knock Off|[of] p2a: flying coat\n|-curestatus|p1a: Rabsca|slp|[msg]\n|move|p1a: Rabsca|Revival Blessing|p1a: Rabsca\n|\n|t:|1699454150\n|-heal|p1: Rotom|50\/100|[from] move: Revival Blessing\n|\n|upkeep\n|turn|17\n|\n|t:|1699454156\n|move|p2a: flying coat|Crabhammer|p1a: Rabsca\n|-damage|p1a: Rabsca|46\/100\n|move|p1a: Rabsca|Rest|p1a: Rabsca\n|-status|p1a: Rabsca|slp|[from] move: Rest\n|-heal|p1a: Rabsca|100\/100 slp|[silent]\n|\n|upkeep\n|turn|18\n|\n|t:|1699454163\n|move|p2a: flying coat|Earthquake|p1a: Rabsca\n|-resisted|p1a: Rabsca\n|-damage|p1a: Rabsca|87\/100 slp\n|cant|p1a: Rabsca|slp\n|move|p1a: Rabsca|Sleep Talk|p1a: Rabsca\n|move|p1a: Rabsca|Cosmic Power|p1a: Rabsca|[from]move: Sleep Talk\n|-boost|p1a: Rabsca|def|1\n|-boost|p1a: Rabsca|spd|1\n|\n|upkeep\n|turn|19\n|inactive|Celentinel has 120 seconds left.\n|c|\u2606moneygetter69|well thats not good\n|\n|t:|1699454172\n|move|p2a: flying coat|Crabhammer|p1a: Rabsca\n|-damage|p1a: Rabsca|73\/100 slp\n|cant|p1a: Rabsca|slp\n|move|p1a: Rabsca|Sleep Talk|p1a: Rabsca\n|move|p1a: Rabsca|Revival Blessing|p1a: Rabsca|[from]move: Sleep Talk\n|inactive|Celentinel has 120 seconds left.\n|\n|t:|1699454178\n|-heal|p1: Krookodile|50\/100|[from] move: Revival Blessing\n|\n|upkeep\n|turn|20\n|inactive|Celentinel has 120 seconds left.\n|\n|t:|1699454193\n|switch|p2a: spikey pink thing|Toxapex, M, shiny|43\/100\n|-damage|p2a: spikey pink thing|31\/100|[from] Stealth Rock\n|-damage|p2a: spikey pink thing|19\/100|[from] Spikes\n|switch|p1a: Glimmora|Glimmora, M, shiny|61\/100\n|-sideend|p1: Celentinel|move: Toxic Spikes|[of] p1a: Glimmora\n|\n|upkeep\n|turn|21\n|inactive|Celentinel has 120 seconds left.\n|\n|t:|1699454203\n|move|p2a: spikey pink thing|Baneful Bunker|p2a: spikey pink thing\n|-singleturn|p2a: spikey pink thing|move: Protect\n|move|p1a: Glimmora|Spikes|p2a: spikey pink thing\n|-sidestart|p2: moneygetter69|Spikes\n|\n|upkeep\n|turn|22\n|\n|t:|1699454213\n|switch|p2a: slimey pink thing|Goodra-Hisui, F|100\/100\n|-damage|p2a: slimey pink thing|94\/100|[from] Stealth Rock\n|-damage|p2a: slimey pink thing|78\/100|[from] Spikes\n|move|p1a: Glimmora|Spikes|p2a: slimey pink thing\n|-sidestart|p2: moneygetter69|Spikes\n|\n|-heal|p2a: slimey pink thing|84\/100|[from] item: Leftovers\n|upkeep\n|turn|23\n|\n|t:|1699454223\n|move|p1a: Glimmora|Reflect|p1a: Glimmora\n|-sidestart|p1: Celentinel|Reflect\n|move|p2a: slimey pink thing|Acid Armor|p2a: slimey pink thing\n|-boost|p2a: slimey pink thing|def|2\n|\n|-heal|p2a: slimey pink thing|90\/100|[from] item: Leftovers\n|upkeep\n|turn|24\n|\n|t:|1699454228\n|move|p1a: Glimmora|Light Screen|p1a: Glimmora\n|-sidestart|p1: Celentinel|move: Light Screen\n|move|p2a: slimey pink thing|Acid Armor|p2a: slimey pink thing\n|-boost|p2a: slimey pink thing|def|2\n|\n|-heal|p2a: slimey pink thing|96\/100|[from] item: Leftovers\n|upkeep\n|turn|25\n|\n|t:|1699454234\n|switch|p1a: Rotom|Rotom-Mow, shiny|50\/100\n|move|p2a: slimey pink thing|Acid Armor|p2a: slimey pink thing\n|-boost|p2a: slimey pink thing|def|2\n|\n|-heal|p2a: slimey pink thing|100\/100|[from] item: Leftovers\n|upkeep\n|turn|26\n|\n|t:|1699454243\n|move|p1a: Rotom|Nasty Plot|p1a: Rotom\n|-boost|p1a: Rotom|spa|2\n|move|p2a: slimey pink thing|Dragon Pulse|p1a: Rotom\n|-damage|p1a: Rotom|20\/100\n|\n|upkeep\n|turn|27\n|\n|t:|1699454263\n|move|p1a: Rotom|Thunder Wave|p2a: slimey pink thing\n|-status|p2a: slimey pink thing|par\n|move|p2a: slimey pink thing|Dragon Pulse|p1a: Rotom\n|-damage|p1a: Rotom|0 fnt\n|faint|p1a: Rotom\n|\n|-sideend|p1: Celentinel|Reflect\n|upkeep\n|\n|t:|1699454274\n|switch|p1a: Pelipper|Pelipper, F, shiny|100\/100\n|-weather|RainDance|[from] ability: Drizzle|[of] p1a: Pelipper\n|turn|28\n|inactive|Celentinel has 120 seconds left.\n|\n|t:|1699454303\n|move|p1a: Pelipper|Hurricane|p2a: slimey pink thing\n|-resisted|p2a: slimey pink thing\n|-damage|p2a: slimey pink thing|86\/100 par\n|-start|p2a: slimey pink thing|confusion\n|-activate|p2a: slimey pink thing|confusion\n|move|p2a: slimey pink thing|Thunderbolt|p1a: Pelipper\n|-supereffective|p1a: Pelipper\n|-damage|p1a: Pelipper|19\/100\n|\n|-weather|RainDance|[upkeep]\n|-heal|p2a: slimey pink thing|93\/100 par|[from] item: Leftovers\n|-sideend|p1: Celentinel|move: Light Screen\n|upkeep\n|turn|29\n|\n|t:|1699454313\n|move|p1a: Pelipper|Surf|p2a: slimey pink thing\n|-resisted|p2a: slimey pink thing\n|-damage|p2a: slimey pink thing|76\/100 par\n|-activate|p2a: slimey pink thing|confusion\n|cant|p2a: slimey pink thing|par\n|\n|-weather|RainDance|[upkeep]\n|-heal|p2a: slimey pink thing|82\/100 par|[from] item: Leftovers\n|upkeep\n|turn|30\n|\n|t:|1699454325\n|switch|p1a: Krookodile|Krookodile, M, shiny|50\/100\n|-activate|p2a: slimey pink thing|confusion\n|move|p2a: slimey pink thing|Thunderbolt|p1a: Krookodile\n|-immune|p1a: Krookodile\n|\n|-weather|RainDance|[upkeep]\n|-heal|p2a: slimey pink thing|88\/100 par|[from] item: Leftovers\n|upkeep\n|turn|31\n|\n|t:|1699454340\n|move|p1a: Krookodile|Earthquake|p2a: slimey pink thing\n|-supereffective|p2a: slimey pink thing\n|-damage|p2a: slimey pink thing|65\/100 par\n|-end|p2a: slimey pink thing|confusion\n|move|p2a: slimey pink thing|Body Press|p1a: Krookodile\n|-supereffective|p1a: Krookodile\n|-damage|p1a: Krookodile|0 fnt\n|faint|p1a: Krookodile\n|\n|-weather|RainDance|[upkeep]\n|-heal|p2a: slimey pink thing|71\/100 par|[from] item: Leftovers\n|upkeep\n|\n|t:|1699454353\n|switch|p1a: Rabsca|Rabsca, F, shiny|73\/100 slp\n|turn|32\n|\n|t:|1699454366\n|-curestatus|p1a: Rabsca|slp|[msg]\n|move|p1a: Rabsca|Rest|p1a: Rabsca\n|-status|p1a: Rabsca|slp|[from] move: Rest\n|-heal|p1a: Rabsca|100\/100 slp|[silent]\n|cant|p2a: slimey pink thing|par\n|\n|-weather|RainDance|[upkeep]\n|-heal|p2a: slimey pink thing|77\/100 par|[from] item: Leftovers\n|upkeep\n|turn|33\n|\n|t:|1699454375\n|cant|p1a: Rabsca|slp\n|move|p1a: Rabsca|Sleep Talk|p1a: Rabsca\n|move|p1a: Rabsca|Rest||[from]move: Sleep Talk|[still]\n|-fail|p1a: Rabsca\n|cant|p2a: slimey pink thing|par\n|\n|-weather|RainDance|[upkeep]\n|-heal|p2a: slimey pink thing|83\/100 par|[from] item: Leftovers\n|upkeep\n|turn|34\n|c|\u2606moneygetter69|damnit goodra paralyze him\n|\n|t:|1699454383\n|cant|p1a: Rabsca|slp\n|move|p1a: Rabsca|Sleep Talk|p1a: Rabsca\n|move|p1a: Rabsca|Cosmic Power|p1a: Rabsca|[from]move: Sleep Talk\n|-boost|p1a: Rabsca|def|1\n|-boost|p1a: Rabsca|spd|1\n|move|p2a: slimey pink thing|Thunderbolt|p1a: Rabsca\n|-damage|p1a: Rabsca|81\/100 slp\n|\n|-weather|RainDance|[upkeep]\n|-heal|p2a: slimey pink thing|90\/100 par|[from] item: Leftovers\n|upkeep\n|turn|35\n|inactive|Celentinel has 120 seconds left.\n|\n|t:|1699454392\n|-curestatus|p1a: Rabsca|slp|[msg]\n|move|p1a: Rabsca|Sleep Talk||[still]\n|-fail|p1a: Rabsca\n|move|p2a: slimey pink thing|Dragon Pulse|p1a: Rabsca\n|-damage|p1a: Rabsca|52\/100\n|\n|-weather|none\n|-heal|p2a: slimey pink thing|96\/100 par|[from] item: Leftovers\n|upkeep\n|turn|36\n|\n|t:|1699454400\n|move|p1a: Rabsca|Rest|p1a: Rabsca\n|-status|p1a: Rabsca|slp|[from] move: Rest\n|-heal|p1a: Rabsca|100\/100 slp|[silent]\n|move|p2a: slimey pink thing|Dragon Pulse|p1a: Rabsca\n|-damage|p1a: Rabsca|75\/100 slp\n|\n|-heal|p2a: slimey pink thing|100\/100 par|[from] item: Leftovers\n|upkeep\n|turn|37\n|\n|t:|1699454408\n|cant|p1a: Rabsca|slp\n|move|p1a: Rabsca|Sleep Talk|p1a: Rabsca\n|move|p1a: Rabsca|Rest||[from]move: Sleep Talk|[still]\n|-fail|p1a: Rabsca\n|move|p2a: slimey pink thing|Dragon Pulse|p1a: Rabsca\n|-damage|p1a: Rabsca|48\/100 slp\n|\n|upkeep\n|turn|38\n|\n|t:|1699454417\n|cant|p1a: Rabsca|slp\n|move|p1a: Rabsca|Sleep Talk|p1a: Rabsca\n|move|p1a: Rabsca|Revival Blessing|p1a: Rabsca|[from]move: Sleep Talk\n|\n|t:|1699454422\n|-heal|p1: Rotom|50\/100|[from] move: Revival Blessing\n|move|p2a: slimey pink thing|Dragon Pulse|p1a: Rabsca\n|-damage|p1a: Rabsca|20\/100 slp\n|\n|upkeep\n|turn|39\n|\n|t:|1699454431\n|-curestatus|p1a: Rabsca|slp|[msg]\n|move|p1a: Rabsca|Rest|p1a: Rabsca\n|-status|p1a: Rabsca|slp|[from] move: Rest\n|-heal|p1a: Rabsca|100\/100 slp|[silent]\n|move|p2a: slimey pink thing|Dragon Pulse|p1a: Rabsca\n|-damage|p1a: Rabsca|72\/100 slp\n|\n|upkeep\n|turn|40\n|\n|t:|1699454440\n|switch|p1a: Glimmora|Glimmora, M, shiny|61\/100\n|move|p2a: slimey pink thing|Dragon Pulse|p1a: Glimmora\n|-damage|p1a: Glimmora|25\/100\n|\n|upkeep\n|turn|41\n|\n|t:|1699454446\n|move|p1a: Glimmora|Light Screen|p1a: Glimmora\n|-sidestart|p1: Celentinel|move: Light Screen\n|move|p2a: slimey pink thing|Dragon Pulse|p1a: Glimmora\n|-damage|p1a: Glimmora|4\/100\n|\n|upkeep\n|turn|42\n|\n|t:|1699454451\n|move|p1a: Glimmora|Reflect|p1a: Glimmora\n|-sidestart|p1: Celentinel|Reflect\n|move|p2a: slimey pink thing|Dragon Pulse|p1a: Glimmora\n|-damage|p1a: Glimmora|0 fnt\n|faint|p1a: Glimmora\n|\n|upkeep\n|\n|t:|1699454456\n|switch|p1a: Rotom|Rotom-Mow, shiny|50\/100\n|turn|43\n|\n|t:|1699454463\n|move|p1a: Rotom|Nasty Plot|p1a: Rotom\n|-boost|p1a: Rotom|spa|2\n|move|p2a: slimey pink thing|Dragon Pulse|p1a: Rotom\n|-damage|p1a: Rotom|23\/100\n|\n|upkeep\n|turn|44\n|\n|t:|1699454469\n|move|p1a: Rotom|Hex|p2a: slimey pink thing\n|-damage|p2a: slimey pink thing|54\/100 par\n|move|p2a: slimey pink thing|Dragon Pulse|p1a: Rotom\n|-damage|p1a: Rotom|0 fnt\n|faint|p1a: Rotom\n|\n|-heal|p2a: slimey pink thing|60\/100 par|[from] item: Leftovers\n|upkeep\n|c|\u2606Celentinel|BRUH\n|c|\u2606moneygetter69|tanky goodra\n|c|\u2606Celentinel|Nah that's just bullshit\n|inactive|Celentinel has 120 seconds left.\n|c|\u2606moneygetter69|yeah idk how that only did 47\n|c|\u2606Celentinel|2x special attack hex while you're paralyzed\n|c|\u2606Celentinel|On its base special defense\n|c|\u2606moneygetter69|my spd is 337\n|c|\u2606Celentinel|Okay?\n|inactive|Celentinel has 90 seconds left.\n|c|\u2606moneygetter69|thats p high\n|c|\u2606Celentinel|It should do WAY more than that\n|c|\u2606Celentinel|Not that high\n|c|\u2606moneygetter69|i guess\n|\n|t:|1699454541\n|switch|p1a: Rabsca|Rabsca, F, shiny|72\/100 slp\n|turn|45\n|c|\u2606moneygetter69|whats ur rotoms spa\n|\n|t:|1699454548\n|cant|p1a: Rabsca|slp\n|move|p1a: Rabsca|Sleep Talk|p1a: Rabsca\n|move|p1a: Rabsca|Rest||[from]move: Sleep Talk|[still]\n|-fail|p1a: Rabsca\n|cant|p2a: slimey pink thing|par\n|\n|-heal|p2a: slimey pink thing|66\/100 par|[from] item: Leftovers\n|-sideend|p1: Celentinel|move: Light Screen\n|upkeep\n|turn|46\n|inactive|Celentinel has 90 seconds left.\n|c|\u2606Celentinel|base spa is 309\n|c|\u2606moneygetter69|lol then yeah ig my goodra js different ffr\n|inactive|Celentinel has 60 seconds left.\n|c|\u2606Celentinel|so 618 spa with a move that has 130 power\n|\n|t:|1699454606\n|cant|p1a: Rabsca|slp\n|move|p1a: Rabsca|Sleep Talk|p1a: Rabsca\n|move|p1a: Rabsca|Cosmic Power|p1a: Rabsca|[from]move: Sleep Talk\n|-boost|p1a: Rabsca|def|1\n|-boost|p1a: Rabsca|spd|1\n|cant|p2a: slimey pink thing|par\n|\n|-heal|p2a: slimey pink thing|72\/100 par|[from] item: Leftovers\n|-sideend|p1: Celentinel|Reflect\n|upkeep\n|turn|47\n|\n|t:|1699454618\n|-curestatus|p1a: Rabsca|slp|[msg]\n|move|p1a: Rabsca|Rest|p1a: Rabsca\n|-status|p1a: Rabsca|slp|[from] move: Rest\n|-heal|p1a: Rabsca|100\/100 slp|[silent]\n|move|p2a: slimey pink thing|Thunderbolt|p1a: Rabsca\n|-damage|p1a: Rabsca|82\/100 slp\n|\n|-heal|p2a: slimey pink thing|78\/100 par|[from] item: Leftovers\n|upkeep\n|turn|48\n|\n|t:|1699454627\n|cant|p1a: Rabsca|slp\n|move|p1a: Rabsca|Sleep Talk|p1a: Rabsca\n|move|p1a: Rabsca|Rest||[from]move: Sleep Talk|[still]\n|-fail|p1a: Rabsca\n|move|p2a: slimey pink thing|Thunderbolt|p1a: Rabsca\n|-damage|p1a: Rabsca|64\/100 slp\n|\n|-heal|p2a: slimey pink thing|84\/100 par|[from] item: Leftovers\n|upkeep\n|turn|49\n|c|\u2606moneygetter69|itd be nice if i can killl that rabsca tho\n|\n|t:|1699454642\n|switch|p2a: red thing|Dragapult, F, tera:Fairy|99\/100\n|-damage|p2a: red thing|88\/100|[from] Stealth Rock\n|-damage|p2a: red thing|63\/100|[from] Spikes\n|cant|p1a: Rabsca|slp\n|move|p1a: Rabsca|Sleep Talk|p1a: Rabsca\n|move|p1a: Rabsca|Rest||[from]move: Sleep Talk|[still]\n|-fail|p1a: Rabsca\n|\n|-heal|p2a: red thing|69\/100|[from] item: Leftovers\n|upkeep\n|turn|50\n|inactive|Celentinel has 60 seconds left.\n|c|\u2606Celentinel|Doesn't fucking matter since it refuses to use revival blessing\n|c|\u2606Celentinel|It's a 33% chance and I've gotten it TWICE\n|\n|t:|1699454673\n|move|p2a: red thing|Phantom Force||[still]\n|-prepare|p2a: red thing|Phantom Force\n|-curestatus|p1a: Rabsca|slp|[msg]\n|move|p1a: Rabsca|Rest|p1a: Rabsca\n|-status|p1a: Rabsca|slp|[from] move: Rest\n|-heal|p1a: Rabsca|100\/100 slp|[silent]\n|\n|-heal|p2a: red thing|75\/100|[from] item: Leftovers\n|upkeep\n|turn|51\n|\n|t:|1699454680\n|move|p2a: red thing|Phantom Force|p1a: Rabsca|[from]lockedmove\n|-supereffective|p1a: Rabsca\n|-damage|p1a: Rabsca|48\/100 slp\n|cant|p1a: Rabsca|slp\n|move|p1a: Rabsca|Sleep Talk|p1a: Rabsca\n|move|p1a: Rabsca|Cosmic Power|p1a: Rabsca|[from]move: Sleep Talk\n|-boost|p1a: Rabsca|def|1\n|-boost|p1a: Rabsca|spd|1\n|\n|-heal|p2a: red thing|81\/100|[from] item: Leftovers\n|upkeep\n|turn|52\n|c|\u2606moneygetter69|pokemon rng be like that sometimes\n|c|\u2606moneygetter69|finally!!\n|c|\u2606moneygetter69|damag!\n|\n|t:|1699454693\n|move|p2a: red thing|Phantom Force||[still]\n|-prepare|p2a: red thing|Phantom Force\n|cant|p1a: Rabsca|slp\n|move|p1a: Rabsca|Sleep Talk|p1a: Rabsca\n|move|p1a: Rabsca|Rest||[from]move: Sleep Talk|[still]\n|-fail|p1a: Rabsca\n|\n|-heal|p2a: red thing|87\/100|[from] item: Leftovers\n|upkeep\n|turn|53\n|inactive|Celentinel has 30 seconds left.\n|\n|t:|1699454716\n|move|p2a: red thing|Phantom Force|p1a: Rabsca|[from]lockedmove\n|-supereffective|p1a: Rabsca\n|-damage|p1a: Rabsca|9\/100 slp\n|-curestatus|p1a: Rabsca|slp|[msg]\n|move|p1a: Rabsca|Rest|p1a: Rabsca\n|-status|p1a: Rabsca|slp|[from] move: Rest\n|-heal|p1a: Rabsca|100\/100 slp|[silent]\n|\n|-heal|p2a: red thing|93\/100|[from] item: Leftovers\n|upkeep\n|turn|54\n|c|\u2606moneygetter69|we can stop the timer\n|inactive|Celentinel has 30 seconds left.\n|inactiveoff|Battle timer is now OFF.\n|c|\u2606Celentinel|OH YEAH XD\n|\n|t:|1699454732\n|move|p2a: red thing|Phantom Force||[still]\n|-prepare|p2a: red thing|Phantom Force\n|cant|p1a: Rabsca|slp\n|move|p1a: Rabsca|Sleep Talk|p1a: Rabsca\n|move|p1a: Rabsca|Revival Blessing|p1a: Rabsca|[from]move: Sleep Talk\n|c|\u2606moneygetter69|MAN\n|\n|t:|1699454740\n|-heal|p1: Rotom|50\/100|[from] move: Revival Blessing\n|\n|-heal|p2a: red thing|99\/100|[from] item: Leftovers\n|upkeep\n|turn|55\n|c|\u2606moneygetter69|THIS DAMN RABSCA\n|c|\u2606Celentinel|Welp I'm out of sleep talks\n|\n|t:|1699454754\n|move|p2a: red thing|Phantom Force|p1a: Rabsca|[from]lockedmove\n|-supereffective|p1a: Rabsca\n|-crit|p1a: Rabsca\n|-damage|p1a: Rabsca|0 fnt\n|faint|p1a: Rabsca\n|\n|-heal|p2a: red thing|100\/100|[from] item: Leftovers\n|upkeep\n|c|\u2606Celentinel|Perfect timing\n|c|\u2606moneygetter69|FINALLY\n|\n|t:|1699454776\n|switch|p1a: Rotom|Rotom-Mow, shiny|50\/100\n|turn|56\n|\n|t:|1699454789\n|move|p2a: red thing|Dragon Darts|p1a: Rotom\n|-damage|p1a: Rotom|15\/100\n|-anim|p2a: red thing|Dragon Darts|p1a: Rotom\n|-damage|p1a: Rotom|0 fnt\n|faint|p1a: Rotom\n|\n|upkeep\n|\n|t:|1699454794\n|switch|p1a: Pelipper|Pelipper, F, shiny|19\/100\n|-weather|RainDance|[from] ability: Drizzle|[of] p1a: Pelipper\n|turn|57\n|c|\u2606moneygetter69|istg if that basculegion has last respects\n|\n|t:|1699454801\n|move|p2a: red thing|Dragon Darts|p1a: Pelipper\n|-damage|p1a: Pelipper|0 fnt\n|faint|p1a: Pelipper\n|\n|-weather|RainDance|[upkeep]\n|upkeep\n|c|\u2606Celentinel|:D\n|\n|t:|1699454807\n|switch|p1a: Basculegion|Basculegion, M, shiny|100\/100\n|turn|58\n|c|\u2606Celentinel|Swift swim too\n|c|\u2606Celentinel|Nice 500 power on that LMAO\n|\n|t:|1699454823\n|move|p1a: Basculegion|Last Respects|p2a: red thing\n|-damage|p2a: red thing|0 fnt\n|faint|p2a: red thing\n|\n|-weather|RainDance|[upkeep]\n|upkeep\n|c|\u2606moneygetter69|okay here we go\n|c|\u2606moneygetter69|u ready for this\n|c|\u2606Celentinel|Ye\n|\n|t:|1699454837\n|switch|p2a: slimey pink thing|Goodra-Hisui, F|84\/100 par\n|-damage|p2a: slimey pink thing|78\/100 par|[from] Stealth Rock\n|-damage|p2a: slimey pink thing|53\/100 par|[from] Spikes\n|turn|59\n|\n|t:|1699454842\n|move|p1a: Basculegion|Last Respects|p2a: slimey pink thing\n|-damage|p2a: slimey pink thing|0 fnt\n|faint|p2a: slimey pink thing\n|\n|-weather|RainDance|[upkeep]\n|upkeep\n|c|\u2606moneygetter69|ok ok\n|c|\u2606moneygetter69|no problem fr\n|\n|t:|1699454851\n|switch|p2a: spikey pink thing|Toxapex, M, shiny|52\/100\n|-damage|p2a: spikey pink thing|40\/100|[from] Stealth Rock\n|-damage|p2a: spikey pink thing|15\/100|[from] Spikes\n|turn|60\n|\n|t:|1699454855\n|move|p2a: spikey pink thing|Baneful Bunker|p2a: spikey pink thing\n|-singleturn|p2a: spikey pink thing|move: Protect\n|move|p1a: Basculegion|Last Respects|p2a: spikey pink thing\n|-activate|p2a: spikey pink thing|move: Protect\n|\n|-weather|RainDance|[upkeep]\n|upkeep\n|turn|61\n|\n|t:|1699454861\n|move|p1a: Basculegion|Last Respects|p2a: spikey pink thing\n|-damage|p2a: spikey pink thing|0 fnt\n|faint|p2a: spikey pink thing\n|\n|-weather|RainDance|[upkeep]\n|upkeep\n|\n|t:|1699454863\n|switch|p2a: flying coat|Gliscor, F|100\/100 tox\n|-damage|p2a: flying coat|88\/100 tox|[from] Stealth Rock\n|turn|62\n|c|\u2606Celentinel|Genuinely why does this move have 16 pp\n|\n|t:|1699454876\n|move|p1a: Basculegion|Last Respects|p2a: flying coat\n|-damage|p2a: flying coat|0 fnt\n|faint|p2a: flying coat\n|\n|-weather|RainDance|[upkeep]\n|upkeep\n|c|\u2606moneygetter69|nah dont even worry\n|c|\u2606moneygetter69|its time for my hero\n|\n|t:|1699454890\n|switch|p2a: my hero|Palafin-Hero, F|100\/100\n|-damage|p2a: my hero|88\/100|[from] Stealth Rock\n|-damage|p2a: my hero|63\/100|[from] Spikes\n|-activate|p2a: my hero|ability: Zero to Hero\n|turn|63\n|\n|t:|1699454899\n|move|p1a: Basculegion|Last Respects|p2a: my hero\n|-damage|p2a: my hero|0 fnt\n|faint|p2a: my hero\n|\n|win|Celentinel\n|raw|Celentinel's rating: 1255 &rarr; <strong>1277<\/strong><br \/>(+22 for winning)\n|raw|moneygetter69's rating: 1209 &rarr; <strong>1187<\/strong><br \/>(-22 for losing)\n|c|\u2606Celentinel|Phew\n|c|\u2606moneygetter69|man\n|c|\u2606moneygetter69|gg\n|c|\u2606Celentinel|gg\n|l|\u2606moneygetter69\n|c|\u2606Celentinel|I thought you might've had sucker punch idk if palafin can learn that tho lol\n","uploadtime":1699454935,"views":6,"p1id":"celentinel","p2id":"moneygetter69","formatid":"gen9anythinggoes","rating":1187,"private":0,"password":""}