{"id":"gen9anythinggoes-1977535038","p1":"HanzKrautsmann","p2":"Fjafk","format":"[Gen 9] Anything Goes","log":"|j|\u2606HanzKrautsmann\n|j|\u2606Fjafk\n|t:|1698425240\n|gametype|singles\n|player|p1|HanzKrautsmann|fisherman-gen4|1153\n|player|p2|Fjafk|swimmerf-gen4|1100\n|teamsize|p1|6\n|teamsize|p2|6\n|gen|9\n|tier|[Gen 9] Anything Goes\n|rated|\n|rule|HP Percentage Mod: HP is shown in percentages\n|rule|Endless Battle Clause: Forcing endless battles is banned\n|clearpoke\n|poke|p1|Drifblim, F|\n|poke|p1|Clefable, F|\n|poke|p1|Calyrex-Shadow|\n|poke|p1|Shaymin-Sky|\n|poke|p1|Thundurus, M|\n|poke|p1|Espathra, F|\n|poke|p2|Hawlucha, F|\n|poke|p2|Chi-Yu|\n|poke|p2|Espathra, M|\n|poke|p2|Glimmora, F|\n|poke|p2|Zacian-*|\n|poke|p2|Calyrex-Ice|\n|teampreview\n|\n|t:|1698425246\n|start\n|switch|p1a: Espathra|Espathra, F, shiny|100\/100\n|switch|p2a: Glimmora|Glimmora, F|100\/100\n|-item|p2a: Glimmora|Air Balloon\n|turn|1\n|\n|t:|1698425258\n|move|p2a: Glimmora|Stealth Rock|p1a: Espathra\n|-sidestart|p1: HanzKrautsmann|move: Stealth Rock\n|move|p1a: Espathra|Substitute|p1a: Espathra\n|-start|p1a: Espathra|Substitute\n|-damage|p1a: Espathra|76\/100\n|\n|-heal|p1a: Espathra|82\/100|[from] item: Leftovers\n|-ability|p1a: Espathra|Speed Boost|boost\n|-boost|p1a: Espathra|spe|1\n|upkeep\n|turn|2\n|\n|t:|1698425267\n|move|p1a: Espathra|Calm Mind|p1a: Espathra\n|-boost|p1a: Espathra|spa|1\n|-boost|p1a: Espathra|spd|1\n|move|p2a: Glimmora|Spikes|p1a: Espathra\n|-sidestart|p1: HanzKrautsmann|Spikes\n|\n|-heal|p1a: Espathra|88\/100|[from] item: Leftovers\n|-ability|p1a: Espathra|Speed Boost|boost\n|-boost|p1a: Espathra|spe|1\n|upkeep\n|turn|3\n|\n|t:|1698425285\n|switch|p2a: Zacian|Zacian-Crowned|100\/100\n|-ability|p2a: Zacian|Intrepid Sword|boost\n|-boost|p2a: Zacian|atk|1\n|move|p1a: Espathra|Calm Mind|p1a: Espathra\n|-boost|p1a: Espathra|spa|1\n|-boost|p1a: Espathra|spd|1\n|\n|-heal|p1a: Espathra|94\/100|[from] item: Leftovers\n|-ability|p1a: Espathra|Speed Boost|boost\n|-boost|p1a: Espathra|spe|1\n|upkeep\n|turn|4\n|\n|t:|1698425298\n|move|p1a: Espathra|Baton Pass|p1a: Espathra\n|\n|t:|1698425307\n|switch|p1a: Drifblim|Drifblim, F, shiny|100\/100|[from] Baton Pass\n|-damage|p1a: Drifblim|75\/100|[from] Stealth Rock\n|move|p2a: Zacian|Play Rough|p1a: Drifblim\n|-end|p1a: Drifblim|Substitute\n|\n|upkeep\n|turn|5\n|\n|t:|1698425318\n|move|p1a: Drifblim|Substitute|p1a: Drifblim\n|-start|p1a: Drifblim|Substitute\n|-damage|p1a: Drifblim|50\/100\n|move|p2a: Zacian|Play Rough|p1a: Drifblim\n|-end|p1a: Drifblim|Substitute\n|\n|upkeep\n|turn|6\n|\n|t:|1698425326\n|move|p1a: Drifblim|Disable|p2a: Zacian\n|-start|p2a: Zacian|Disable|Play Rough\n|cant|p2a: Zacian|Disable|Play Rough\n|\n|upkeep\n|turn|7\n|\n|t:|1698425331\n|move|p1a: Drifblim|Minimize|p1a: Drifblim\n|-boost|p1a: Drifblim|evasion|2\n|move|p2a: Zacian|Behemoth Blade|p1a: Drifblim\n|-damage|p1a: Drifblim|0 fnt\n|faint|p1a: Drifblim\n|\n|upkeep\n|n|!HanzKrautsmann|hanzkrautsmann\n|\n|t:|1698425347\n|switch|p1a: Espathra|Espathra, F, shiny|94\/100\n|-damage|p1a: Espathra|81\/100|[from] Stealth Rock\n|-damage|p1a: Espathra|69\/100|[from] Spikes\n|turn|8\n|\n|t:|1698425355\n|move|p2a: Zacian|Behemoth Blade|p1a: Espathra\n|-damage|p1a: Espathra|0 fnt\n|faint|p1a: Espathra\n|\n|upkeep\n|-message|HanzKrautsmann forfeited.\n|\n|win|Fjafk\n|raw|HanzKrautsmann's rating: 1153 &rarr; <strong>1124<\/strong><br \/>(-29 for losing)\n|raw|Fjafk's rating: 1100 &rarr; <strong>1129<\/strong><br \/>(+29 for winning)\n|l|!HanzKrautsmann\n","uploadtime":1698425344,"views":6,"p1id":"hanzkrautsmann","p2id":"fjafk","formatid":"gen9anythinggoes","rating":1124,"private":0,"password":""}