{"id":"gen9anythinggoes-1994944483","p1":"grass knot zygarde","p2":"darksquidTwitch","format":"[Gen 9] Anything Goes","log":"|j|\u2606grass knot zygarde\n|j|\u2606darksquidTwitch\n|t:|1700506897\n|gametype|singles\n|player|p1|grass knot zygarde|harlequin|1312\n|player|p2|darksquidTwitch|volkner|1365\n|teamsize|p1|6\n|teamsize|p2|6\n|gen|9\n|tier|[Gen 9] Anything Goes\n|rated|\n|rule|HP Percentage Mod: HP is shown in percentages\n|rule|Endless Battle Clause: Forcing endless battles is banned\n|clearpoke\n|poke|p1|Ursaluna-Bloodmoon, M|\n|poke|p1|Calyrex-Ice|\n|poke|p1|Arceus|\n|poke|p1|Arceus-Grass|\n|poke|p1|Koraidon|\n|poke|p1|Rayquaza|\n|poke|p2|Calyrex-Shadow|\n|poke|p2|Zamazenta-*|\n|poke|p2|Eternatus|\n|poke|p2|Arceus-Ground|\n|poke|p2|Regieleki|\n|poke|p2|Ditto|\n|teampreview\n|inactive|Battle timer is ON: inactive players will automatically lose when time's up. (requested by grass knot zygarde)\n|\n|t:|1700506920\n|start\n|switch|p1a: Rayquaza|Rayquaza|100\/100\n|switch|p2a: Zamazenta|Zamazenta-Crowned, shiny|100\/100\n|-ability|p2a: Zamazenta|Dauntless Shield|boost\n|-boost|p2a: Zamazenta|def|1\n|-ability|p1a: Rayquaza|Air Lock\n|turn|1\n|\n|t:|1700506929\n|move|p2a: Zamazenta|Iron Defense|p2a: Zamazenta\n|-boost|p2a: Zamazenta|def|2\n|move|p1a: Rayquaza|Stealth Rock|p2a: Zamazenta\n|-sidestart|p2: darksquidTwitch|move: Stealth Rock\n|\n|upkeep\n|turn|2\n|\n|t:|1700506938\n|switch|p1a: Koraidon|Koraidon|100\/100\n|-weather|SunnyDay|[from] ability: Orichalcum Pulse|[of] p1a: Koraidon\n|-activate|p1a: Koraidon|Orichalcum Pulse|[source]\n|move|p2a: Zamazenta|Ice Fang|p1a: Koraidon\n|-supereffective|p1a: Koraidon\n|-damage|p1a: Koraidon|55\/100\n|\n|-weather|SunnyDay|[upkeep]\n|upkeep\n|turn|3\n|\n|t:|1700506948\n|move|p1a: Koraidon|Low Kick|p2a: Zamazenta\n|-supereffective|p2a: Zamazenta\n|-damage|p2a: Zamazenta|48\/100\n|move|p2a: Zamazenta|Body Press|p1a: Koraidon\n|-damage|p1a: Koraidon|0 fnt\n|faint|p1a: Koraidon\n|\n|-weather|SunnyDay|[upkeep]\n|upkeep\n|\n|t:|1700506961\n|switch|p1a: Arceus|Arceus-Grass|100\/100\n|turn|4\n|\n|t:|1700506968\n|move|p2a: Zamazenta|Behemoth Bash|p1a: Arceus\n|-crit|p1a: Arceus\n|-damage|p1a: Arceus|46\/100\n|move|p1a: Arceus|Trick Room|p1a: Arceus\n|-fieldstart|move: Trick Room|[of] p1a: Arceus\n|\n|-weather|SunnyDay|[upkeep]\n|upkeep\n|turn|5\n|j| ss_wobblewok\n|\n|t:|1700506976\n|move|p1a: Arceus|Taunt|p2a: Zamazenta\n|-start|p2a: Zamazenta|move: Taunt\n|move|p2a: Zamazenta|Ice Fang|p1a: Arceus\n|-supereffective|p1a: Arceus\n|-damage|p1a: Arceus|13\/100\n|\n|-weather|SunnyDay|[upkeep]\n|upkeep\n|turn|6\n|\n|t:|1700506984\n|move|p1a: Arceus|Healing Wish|p1a: Arceus\n|faint|p1a: Arceus\n|move|p2a: Zamazenta|Ice Fang|p1: Arceus|[notarget]\n|-fail|p2a: Zamazenta\n|\n|-weather|none\n|upkeep\n|\n|t:|1700506991\n|switch|p1a: Ursaluna|Ursaluna-Bloodmoon, M|100\/100\n|turn|7\n|\n|t:|1700506999\n|move|p1a: Ursaluna|Earth Power|p2a: Zamazenta\n|-supereffective|p2a: Zamazenta\n|-damage|p2a: Zamazenta|0 fnt\n|faint|p2a: Zamazenta\n|\n|upkeep\n|\n|t:|1700507012\n|switch|p2a: Arceus-Electro|Arceus-Ground, shiny|100\/100\n|-damage|p2a: Arceus-Electro|94\/100|[from] Stealth Rock\n|turn|8\n|\n|t:|1700507023\n|-terastallize|p1a: Ursaluna|Normal\n|move|p1a: Ursaluna|Blood Moon|p2a: Arceus-Electro\n|-damage|p2a: Arceus-Electro|0 fnt\n|faint|p2a: Arceus-Electro\n|\n|-fieldend|move: Trick Room\n|upkeep\n|\n|t:|1700507032\n|switch|p2a: Kugelblitz|Regieleki, shiny|100\/100\n|turn|9\n|\n|t:|1700507042\n|move|p2a: Kugelblitz|Rapid Spin|p1a: Ursaluna\n|-damage|p1a: Ursaluna|93\/100\n|-boost|p2a: Kugelblitz|spe|1\n|-sideend|p2: darksquidTwitch|Stealth Rock|[from] move: Rapid Spin|[of] p2a: Kugelblitz\n|move|p1a: Ursaluna|Earth Power|p2a: Kugelblitz\n|-supereffective|p2a: Kugelblitz\n|-damage|p2a: Kugelblitz|0 fnt\n|faint|p2a: Kugelblitz\n|\n|upkeep\n|\n|t:|1700507052\n|switch|p2a: GeisterPferd|Calyrex-Shadow|100\/100\n|-ability|p2a: GeisterPferd|As One\n|-ability|p2a: GeisterPferd|Unnerve\n|turn|10\n|\n|t:|1700507058\n|move|p2a: GeisterPferd|Energy Ball|p1a: Ursaluna\n|-damage|p1a: Ursaluna|50\/100\n|move|p1a: Ursaluna|Blood Moon|p2a: GeisterPferd\n|-damage|p2a: GeisterPferd|18\/100\n|\n|upkeep\n|turn|11\n|c|\u2606grass knot zygarde|ursaluna\n|c|\u2606grass knot zygarde|come on now\n|\n|t:|1700507076\n|move|p2a: GeisterPferd|Psyshock|p1a: Ursaluna\n|-damage|p1a: Ursaluna|15\/100\n|move|p1a: Ursaluna|Hyper Voice|p2a: GeisterPferd\n|-damage|p2a: GeisterPferd|0 fnt\n|faint|p2a: GeisterPferd\n|\n|upkeep\n|-message|darksquidTwitch forfeited.\n|\n|win|grass knot zygarde\n|raw|grass knot zygarde's rating: 1312 &rarr; <strong>1335<\/strong><br \/>(+23 for winning)\n|raw|darksquidTwitch's rating: 1365 &rarr; <strong>1342<\/strong><br \/>(-23 for losing)\n|l|\u2606darksquidTwitch\n|c| ss_wobblewok|lawl\n","uploadtime":1700507090,"views":0,"p1id":"grassknotzygarde","p2id":"darksquidtwitch","formatid":"gen9anythinggoes","rating":1335,"private":0,"password":""}