{"id":"gen9anythinggoes-1980442867","p1":"ZowwyCafe\u2764","p2":"pokenerddude","format":"[Gen 9] Anything Goes","log":"|j|\u2606ZowwyCafe\u2764\n|j|\u2606pokenerddude\n|inactive|Battle timer is ON: inactive players will automatically lose when time's up.\n|t:|1698785365\n|gametype|singles\n|player|p1|ZowwyCafe\u2764|marnie|\n|player|p2|pokenerddude|#agplvivoryimpalers|\n|teamsize|p1|6\n|teamsize|p2|6\n|gen|9\n|tier|[Gen 9] Anything Goes\n|rated|Tournament battle\n|rule|HP Percentage Mod: HP is shown in percentages\n|rule|Endless Battle Clause: Forcing endless battles is banned\n|clearpoke\n|poke|p1|Ribombee, F|\n|poke|p1|Calyrex-Shadow|\n|poke|p1|Arceus-Ground|\n|poke|p1|Koraidon|\n|poke|p1|Zacian-*|\n|poke|p1|Arceus|\n|poke|p2|Arceus-Dark|\n|poke|p2|Eternatus|\n|poke|p2|Ting-Lu|\n|poke|p2|Calyrex-Shadow|\n|poke|p2|Landorus-Therian, M|\n|poke|p2|Arceus-Fairy|\n|teampreview\n|inactive|ZowwyCafe\u2764 also wants the timer to be on.\n|j| Dregone\n|c|\u2606ZowwyCafe\u2764|hf\n|c|\u2606pokenerddude|u2\n|j| mid ladder memes\n|inactive|pokenerddude has 120 seconds left.\n|inactive|pokenerddude has 90 seconds left.\n|\n|t:|1698785441\n|start\n|switch|p1a: Arceus|Arceus-Ground|100\/100\n|switch|p2a: Eternatus|Eternatus|100\/100\n|-ability|p2a: Eternatus|Pressure\n|turn|1\n|\n|t:|1698785452\n|switch|p2a: Arceus|Arceus-Dark|100\/100\n|move|p1a: Arceus|Taunt|p2a: Arceus\n|-start|p2a: Arceus|move: Taunt\n|\n|upkeep\n|turn|2\n|\n|t:|1698785463\n|move|p1a: Arceus|Stealth Rock|p2a: Arceus\n|-sidestart|p2: pokenerddude|move: Stealth Rock\n|move|p2a: Arceus|Foul Play|p1a: Arceus\n|-damage|p1a: Arceus|71\/100\n|\n|upkeep\n|turn|3\n|inactive|pokenerddude has 120 seconds left.\n|inactive|pokenerddude has 90 seconds left.\n|\n|t:|1698785523\n|switch|p2a: Landorus|Landorus-Therian, M|100\/100\n|-damage|p2a: Landorus|88\/100|[from] Stealth Rock\n|-ability|p2a: Landorus|Intimidate|boost\n|-unboost|p1a: Arceus|atk|1\n|move|p1a: Arceus|Judgment|p2a: Landorus\n|-immune|p2a: Landorus\n|\n|upkeep\n|turn|4\n|\n|t:|1698785529\n|move|p1a: Arceus|Ice Beam|p2a: Landorus\n|-supereffective|p2a: Landorus\n|-damage|p2a: Landorus|0 fnt\n|faint|p2a: Landorus\n|\n|upkeep\n|j| Ban Miraidon\n|inactive|pokenerddude has 90 seconds left.\n|\n|t:|1698785547\n|switch|p2a: Ting-Lu|Ting-Lu|100\/100\n|-damage|p2a: Ting-Lu|94\/100|[from] Stealth Rock\n|-ability|p2a: Ting-Lu|Vessel of Ruin\n|turn|5\n|\n|t:|1698785551\n|move|p1a: Arceus|Taunt|p2a: Ting-Lu\n|-start|p2a: Ting-Lu|move: Taunt\n|cant|p2a: Ting-Lu|move: Taunt|Spikes\n|\n|-heal|p2a: Ting-Lu|100\/100|[from] item: Leftovers\n|upkeep\n|turn|6\n|\n|t:|1698785564\n|move|p1a: Arceus|Ice Beam|p2a: Ting-Lu\n|-supereffective|p2a: Ting-Lu\n|-damage|p2a: Ting-Lu|74\/100\n|move|p2a: Ting-Lu|Earthquake|p1a: Arceus\n|-damage|p1a: Arceus|44\/100\n|\n|-heal|p2a: Ting-Lu|80\/100|[from] item: Leftovers\n|upkeep\n|turn|7\n|\n|t:|1698785572\n|switch|p2a: Arceus|Arceus-Fairy|100\/100\n|-damage|p2a: Arceus|88\/100|[from] Stealth Rock\n|move|p1a: Arceus|Judgment|p2a: Arceus\n|-damage|p2a: Arceus|50\/100\n|\n|upkeep\n|turn|8\n|j| Cutecat1122\n|\n|t:|1698785585\n|move|p1a: Arceus|Taunt|p2a: Arceus\n|-start|p2a: Arceus|move: Taunt\n|move|p2a: Arceus|Judgment|p1a: Arceus\n|-damage|p1a: Arceus|7\/100\n|\n|upkeep\n|turn|9\n|\n|t:|1698785588\n|move|p1a: Arceus|Judgment|p2a: Arceus\n|-damage|p2a: Arceus|14\/100\n|move|p2a: Arceus|Judgment|p1a: Arceus\n|-damage|p1a: Arceus|0 fnt\n|faint|p1a: Arceus\n|\n|upkeep\n|\n|t:|1698785593\n|switch|p1a: Ribombee|Ribombee, F|100\/100\n|turn|10\n|\n|t:|1698785600\n|move|p1a: Ribombee|Tailwind|p1a: Ribombee\n|-sidestart|p1: ZowwyCafe\u2764|move: Tailwind\n|move|p2a: Arceus|Judgment|p1a: Ribombee\n|-damage|p1a: Ribombee|34\/100\n|\n|-end|p2a: Arceus|move: Taunt\n|upkeep\n|turn|11\n|j| Future king of ou\n|\n|t:|1698785620\n|move|p1a: Ribombee|Moonblast|p2a: Arceus\n|-damage|p2a: Arceus|0 fnt\n|faint|p2a: Arceus\n|\n|upkeep\n|inactive|pokenerddude has 120 seconds left.\n|\n|t:|1698785638\n|switch|p2a: Eternatus|Eternatus|100\/100\n|-ability|p2a: Eternatus|Pressure\n|turn|12\n|\n|t:|1698785642\n|move|p1a: Ribombee|Sticky Web|p2a: Eternatus\n|-sidestart|p2: pokenerddude|move: Sticky Web\n|move|p2a: Eternatus|Toxic Spikes|p1a: Ribombee\n|-sidestart|p1: ZowwyCafe\u2764|move: Toxic Spikes\n|\n|upkeep\n|turn|13\n|\n|t:|1698785651\n|move|p1a: Ribombee|U-turn|p2a: Eternatus\n|-resisted|p2a: Eternatus\n|-damage|p2a: Eternatus|96\/100\n|\n|t:|1698785653\n|switch|p1a: Zacian|Zacian-Crowned|100\/100|[from] U-turn\n|-ability|p1a: Zacian|Intrepid Sword|boost\n|-boost|p1a: Zacian|atk|1\n|move|p2a: Eternatus|Toxic Spikes|p1a: Zacian\n|-sidestart|p1: ZowwyCafe\u2764|move: Toxic Spikes\n|\n|-sideend|p1: ZowwyCafe\u2764|move: Tailwind\n|upkeep\n|turn|14\n|inactive|pokenerddude has 120 seconds left.\n|\n|t:|1698785679\n|switch|p2a: Arceus|Arceus-Dark|100\/100\n|-damage|p2a: Arceus|88\/100|[from] Stealth Rock\n|-activate|p2a: Arceus|move: Sticky Web\n|-unboost|p2a: Arceus|spe|1\n|move|p1a: Zacian|Substitute|p1a: Zacian\n|-start|p1a: Zacian|Substitute\n|-damage|p1a: Zacian|76\/100\n|\n|upkeep\n|turn|15\n|\n|t:|1698785686\n|move|p1a: Zacian|Behemoth Blade|p2a: Arceus\n|-damage|p2a: Arceus|40\/100\n|move|p2a: Arceus|Foul Play|p1a: Zacian\n|-resisted|p1a: Zacian\n|-end|p1a: Zacian|Substitute\n|\n|upkeep\n|turn|16\n|\n|t:|1698785690\n|move|p1a: Zacian|Behemoth Blade|p2a: Arceus\n|-damage|p2a: Arceus|0 fnt\n|faint|p2a: Arceus\n|\n|upkeep\n|\n|t:|1698785692\n|switch|p2a: Calyrex|Calyrex-Shadow|100\/100\n|-ability|p2a: Calyrex|As One\n|-ability|p2a: Calyrex|Unnerve\n|-damage|p2a: Calyrex|88\/100|[from] Stealth Rock\n|-activate|p2a: Calyrex|move: Sticky Web\n|-unboost|p2a: Calyrex|spe|1\n|turn|17\n|\n|t:|1698785697\n|move|p2a: Calyrex|Astral Barrage|p1a: Zacian\n|-damage|p1a: Zacian|10\/100\n|move|p1a: Zacian|Behemoth Blade|p2a: Calyrex\n|-damage|p2a: Calyrex|0 fnt\n|faint|p2a: Calyrex\n|\n|upkeep\n|\n|t:|1698785710\n|switch|p2a: Ting-Lu|Ting-Lu|80\/100\n|-damage|p2a: Ting-Lu|74\/100|[from] Stealth Rock\n|-activate|p2a: Ting-Lu|move: Sticky Web\n|-unboost|p2a: Ting-Lu|spe|1\n|-ability|p2a: Ting-Lu|Vessel of Ruin\n|turn|18\n|\n|t:|1698785713\n|move|p1a: Zacian|Behemoth Blade|p2a: Ting-Lu\n|-damage|p2a: Ting-Lu|21\/100\n|move|p2a: Ting-Lu|Earthquake|p1a: Zacian\n|-supereffective|p1a: Zacian\n|-damage|p1a: Zacian|0 fnt\n|faint|p1a: Zacian\n|\n|-heal|p2a: Ting-Lu|27\/100|[from] item: Leftovers\n|upkeep\n|\n|t:|1698785728\n|switch|p1a: Calyrex|Calyrex-Shadow|100\/100\n|-ability|p1a: Calyrex|As One\n|-ability|p1a: Calyrex|Unnerve\n|-status|p1a: Calyrex|tox\n|turn|19\n|\n|t:|1698785739\n|move|p1a: Calyrex|Astral Barrage|p2a: Ting-Lu\n|-resisted|p2a: Ting-Lu\n|-damage|p2a: Ting-Lu|5\/100\n|-damage|p1a: Calyrex|91\/100 tox|[from] item: Life Orb\n|move|p2a: Ting-Lu|Earthquake|p1a: Calyrex\n|-damage|p1a: Calyrex|44\/100 tox\n|\n|-heal|p2a: Ting-Lu|12\/100|[from] item: Leftovers\n|-damage|p1a: Calyrex|37\/100 tox|[from] psn\n|upkeep\n|turn|20\n|\n|t:|1698785745\n|move|p1a: Calyrex|Astral Barrage|p2a: Ting-Lu\n|-resisted|p2a: Ting-Lu\n|-damage|p2a: Ting-Lu|0 fnt\n|faint|p2a: Ting-Lu\n|-ability|p1a: Calyrex|Grim Neigh|boost\n|-boost|p1a: Calyrex|spa|1\n|-damage|p1a: Calyrex|27\/100 tox|[from] item: Life Orb\n|\n|-damage|p1a: Calyrex|15\/100 tox|[from] psn\n|upkeep\n|\n|t:|1698785748\n|switch|p2a: Eternatus|Eternatus|96\/100\n|-ability|p2a: Eternatus|Pressure\n|turn|21\n|\n|t:|1698785752\n|move|p1a: Calyrex|Taunt|p2a: Eternatus\n|-start|p2a: Eternatus|move: Taunt\n|cant|p2a: Eternatus|move: Taunt|Recover\n|\n|-damage|p1a: Calyrex|0 fnt|[from] psn\n|faint|p1a: Calyrex\n|upkeep\n|\n|t:|1698785757\n|switch|p1a: Arceus|Arceus|100\/100\n|-status|p1a: Arceus|tox\n|turn|22\n|\n|t:|1698785766\n|move|p1a: Arceus|Earthquake|p2a: Eternatus\n|-supereffective|p2a: Eternatus\n|-damage|p2a: Eternatus|29\/100\n|-damage|p1a: Arceus|91\/100 tox|[from] item: Life Orb\n|move|p2a: Eternatus|Dragon Tail|p1a: Arceus\n|-damage|p1a: Arceus|80\/100 tox\n|drag|p1a: Ribombee|Ribombee, F|34\/100\n|-status|p1a: Ribombee|tox\n|\n|-damage|p1a: Ribombee|28\/100 tox|[from] psn\n|upkeep\n|turn|23\n|\n|t:|1698785775\n|move|p1a: Ribombee|Moonblast|p2a: Eternatus\n|-damage|p2a: Eternatus|14\/100\n|move|p2a: Eternatus|Sludge Bomb|p1a: Ribombee\n|-supereffective|p1a: Ribombee\n|-damage|p1a: Ribombee|0 fnt\n|faint|p1a: Ribombee\n|\n|-end|p2a: Eternatus|move: Taunt\n|upkeep\n|j| f1r35t0rm_96\n|\n|t:|1698785779\n|switch|p1a: Arceus|Arceus|80\/100 tox\n|turn|24\n|\n|t:|1698785784\n|move|p1a: Arceus|Extreme Speed|p2a: Eternatus\n|-damage|p2a: Eternatus|0 fnt\n|faint|p2a: Eternatus\n|-damage|p1a: Arceus|70\/100 tox|[from] item: Life Orb\n|\n|win|ZowwyCafe\u2764\n|n|\u2606ZowwyCafe\u2764|zowwycafe\n|n|\u2606pokenerddude|pokenerddude\n|n| Dregone|dregone\n|n| mid ladder memes|midladdermemes\n|n| Ban Miraidon|banmiraidon\n|n| Cutecat1122|cutecat1122\n|n| Future king of ou|futurekingofou\n|n| f1r35t0rm_96|f1r35t0rm96\n","uploadtime":1698785786,"views":18,"p1id":"zowwycafe","p2id":"pokenerddude","formatid":"gen9anythinggoes","rating":0,"private":0,"password":""}