{"id":"gen9anythinggoes-1977907757","p1":"game18","p2":"bediv","format":"[Gen 9] Anything Goes","log":"|j|\u2606game18\n|j|\u2606bediv\n|t:|1698464756\n|gametype|singles\n|player|p1|game18|ghetsis|1521\n|player|p2|bediv|steven|1523\n|teamsize|p1|6\n|teamsize|p2|6\n|gen|9\n|tier|[Gen 9] Anything Goes\n|rated|\n|rule|HP Percentage Mod: HP is shown in percentages\n|rule|Endless Battle Clause: Forcing endless battles is banned\n|clearpoke\n|poke|p1|Ting-Lu|\n|poke|p1|Arceus-Fairy|\n|poke|p1|Calyrex-Shadow|\n|poke|p1|Arceus|\n|poke|p1|Koraidon|\n|poke|p1|Toxapex, M|\n|poke|p2|Glimmora, M|\n|poke|p2|Chansey, F|\n|poke|p2|Wo-Chien|\n|poke|p2|Calyrex-Shadow|\n|poke|p2|Toxapex, M|\n|poke|p2|Dondozo, F|\n|teampreview\n|\n|t:|1698464786\n|start\n|switch|p1a: Arceus|Arceus-Fairy|100\/100\n|switch|p2a: Glimmora|Glimmora, M|100\/100\n|turn|1\n|\n|t:|1698464793\n|move|p1a: Arceus|Taunt|p2a: Glimmora\n|-start|p2a: Glimmora|move: Taunt\n|cant|p2a: Glimmora|move: Taunt|Spikes\n|\n|upkeep\n|turn|2\n|inactive|Battle timer is ON: inactive players will automatically lose when time's up. (requested by bediv)\n|inactive|game18 has 120 seconds left.\n|\n|t:|1698464854\n|switch|p1a: Koraidon|Koraidon|100\/100\n|-weather|SunnyDay|[from] ability: Orichalcum Pulse|[of] p1a: Koraidon\n|-activate|p1a: Koraidon|Orichalcum Pulse|[source]\n|move|p2a: Glimmora|Sludge Bomb|p1a: Koraidon\n|-damage|p1a: Koraidon|62\/100\n|\n|-weather|SunnyDay|[upkeep]\n|upkeep\n|turn|3\n|\n|t:|1698464870\n|move|p1a: Koraidon|Dragon Claw|p2a: Glimmora\n|-damage|p2a: Glimmora|15\/100\n|-activate|p2a: Glimmora|ability: Toxic Debris\n|-sidestart|p1: game18|move: Toxic Spikes\n|move|p2a: Glimmora|Sludge Bomb|p1a: Koraidon\n|-damage|p1a: Koraidon|26\/100\n|\n|-weather|SunnyDay|[upkeep]\n|-end|p2a: Glimmora|move: Taunt\n|upkeep\n|turn|4\n|\n|t:|1698464880\n|move|p1a: Koraidon|Dragon Claw|p2a: Glimmora\n|-damage|p2a: Glimmora|0 fnt\n|-activate|p2a: Glimmora|ability: Toxic Debris\n|-sidestart|p1: game18|move: Toxic Spikes\n|faint|p2a: Glimmora\n|\n|-weather|SunnyDay|[upkeep]\n|upkeep\n|\n|t:|1698464890\n|switch|p2a: Toxapex|Toxapex, M|100\/100\n|turn|5\n|\n|t:|1698464895\n|switch|p1a: Toxapex|Toxapex, M|100\/100\n|-sideend|p1: game18|move: Toxic Spikes|[of] p1a: Toxapex\n|move|p2a: Toxapex|Liquidation|p1a: Toxapex\n|-resisted|p1a: Toxapex\n|-damage|p1a: Toxapex|98\/100\n|-damage|p2a: Toxapex|84\/100|[from] item: Rocky Helmet|[of] p1a: Toxapex\n|\n|-weather|SunnyDay|[upkeep]\n|-heal|p2a: Toxapex|90\/100|[from] item: Black Sludge\n|upkeep\n|turn|6\n|\n|t:|1698464919\n|switch|p1a: Koraidon|Koraidon|26\/100\n|-activate|p1a: Koraidon|ability: Orichalcum Pulse\n|move|p2a: Toxapex|Toxic Spikes|p1a: Koraidon\n|-sidestart|p1: game18|move: Toxic Spikes\n|\n|-weather|none\n|-heal|p2a: Toxapex|97\/100|[from] item: Black Sludge\n|upkeep\n|turn|7\n|\n|t:|1698464931\n|move|p1a: Koraidon|Dragon Claw|p2a: Toxapex\n|-damage|p2a: Toxapex|50\/100\n|move|p2a: Toxapex|Liquidation|p1a: Koraidon\n|-resisted|p1a: Koraidon\n|-damage|p1a: Koraidon|17\/100\n|\n|-heal|p2a: Toxapex|56\/100|[from] item: Black Sludge\n|upkeep\n|turn|8\n|\n|t:|1698464940\n|move|p2a: Toxapex|Baneful Bunker|p2a: Toxapex\n|-singleturn|p2a: Toxapex|move: Protect\n|move|p1a: Koraidon|Dragon Claw|p2a: Toxapex\n|-activate|p2a: Toxapex|move: Protect\n|-status|p1a: Koraidon|psn\n|\n|-heal|p2a: Toxapex|63\/100|[from] item: Black Sludge\n|-damage|p1a: Koraidon|5\/100 psn|[from] psn\n|upkeep\n|turn|9\n|\n|t:|1698464951\n|move|p1a: Koraidon|Dragon Claw|p2a: Toxapex\n|-damage|p2a: Toxapex|18\/100\n|move|p2a: Toxapex|Recover|p2a: Toxapex\n|-heal|p2a: Toxapex|68\/100\n|\n|-heal|p2a: Toxapex|75\/100|[from] item: Black Sludge\n|-damage|p1a: Koraidon|0 fnt|[from] psn\n|faint|p1a: Koraidon\n|upkeep\n|\n|t:|1698464956\n|switch|p1a: Toxapex|Toxapex, M|100\/100\n|-sideend|p1: game18|move: Toxic Spikes|[of] p1a: Toxapex\n|turn|10\n|\n|t:|1698464964\n|move|p1a: Toxapex|Toxic Spikes|p2a: Toxapex\n|-sidestart|p2: bediv|move: Toxic Spikes\n|move|p2a: Toxapex|Toxic Spikes|p1a: Toxapex\n|-sidestart|p1: game18|move: Toxic Spikes\n|\n|-heal|p2a: Toxapex|81\/100|[from] item: Black Sludge\n|upkeep\n|turn|11\n|\n|t:|1698464971\n|move|p1a: Toxapex|Toxic Spikes|p2a: Toxapex\n|-sidestart|p2: bediv|move: Toxic Spikes\n|move|p2a: Toxapex|Toxic Spikes|p1a: Toxapex\n|-sidestart|p1: game18|move: Toxic Spikes\n|\n|-heal|p2a: Toxapex|87\/100|[from] item: Black Sludge\n|upkeep\n|turn|12\n|\n|t:|1698464988\n|switch|p1a: Ting-Lu|Ting-Lu|100\/100\n|-status|p1a: Ting-Lu|tox\n|-ability|p1a: Ting-Lu|Vessel of Ruin\n|switch|p2a: Chansey|Chansey, F|100\/100\n|-status|p2a: Chansey|tox\n|\n|-damage|p2a: Chansey|94\/100 tox|[from] psn\n|-damage|p1a: Ting-Lu|94\/100 tox|[from] psn\n|upkeep\n|turn|13\n|\n|t:|1698465000\n|switch|p2a: Toxapex|Toxapex, M|100\/100\n|-sideend|p2: bediv|move: Toxic Spikes|[of] p2a: Toxapex\n|move|p1a: Ting-Lu|Stealth Rock|p2a: Toxapex\n|-sidestart|p2: bediv|move: Stealth Rock\n|\n|-heal|p1a: Ting-Lu|100\/100 tox|[from] item: Leftovers\n|-damage|p1a: Ting-Lu|88\/100 tox|[from] psn\n|upkeep\n|turn|14\n|\n|t:|1698465016\n|switch|p2a: Wo-Chien|Wo-Chien|100\/100\n|-damage|p2a: Wo-Chien|88\/100|[from] Stealth Rock\n|-ability|p2a: Wo-Chien|Tablets of Ruin\n|move|p1a: Ting-Lu|Ruination|p2a: Wo-Chien\n|-damage|p2a: Wo-Chien|44\/100\n|\n|-heal|p1a: Ting-Lu|94\/100 tox|[from] item: Leftovers\n|-damage|p1a: Ting-Lu|76\/100 tox|[from] psn\n|upkeep\n|turn|15\n|\n|t:|1698465029\n|switch|p1a: Toxapex|Toxapex, M|100\/100\n|-sideend|p1: game18|move: Toxic Spikes|[of] p1a: Toxapex\n|move|p2a: Wo-Chien|Leech Seed|p1a: Toxapex|[miss]\n|-miss|p2a: Wo-Chien|p1a: Toxapex\n|\n|upkeep\n|turn|16\n|\n|t:|1698465039\n|switch|p1a: Arceus|Arceus-Fairy|100\/100\n|move|p2a: Wo-Chien|Leech Seed|p1a: Arceus\n|-start|p1a: Arceus|move: Leech Seed\n|\n|-damage|p1a: Arceus|88\/100|[from] Leech Seed|[of] p2a: Wo-Chien\n|-heal|p2a: Wo-Chien|63\/100|[silent]\n|upkeep\n|turn|17\n|\n|t:|1698465050\n|switch|p2a: Chansey|Chansey, F|94\/100 tox\n|-damage|p2a: Chansey|82\/100 tox|[from] Stealth Rock\n|move|p1a: Arceus|Taunt|p2a: Chansey\n|-start|p2a: Chansey|move: Taunt\n|\n|-damage|p1a: Arceus|76\/100|[from] Leech Seed|[of] p2a: Chansey\n|-heal|p2a: Chansey|90\/100 tox|[silent]\n|-damage|p2a: Chansey|83\/100 tox|[from] psn\n|upkeep\n|turn|18\n|\n|t:|1698465063\n|switch|p1a: Arceus|Arceus|100\/100\n|move|p2a: Chansey|Shadow Ball|p1a: Arceus\n|-immune|p1a: Arceus\n|\n|-damage|p2a: Chansey|71\/100 tox|[from] psn\n|upkeep\n|turn|19\n|\n|t:|1698465078\n|switch|p2a: Wo-Chien|Wo-Chien|63\/100\n|-damage|p2a: Wo-Chien|51\/100|[from] Stealth Rock\n|-ability|p2a: Wo-Chien|Tablets of Ruin\n|move|p1a: Arceus|Swords Dance|p1a: Arceus\n|-boost|p1a: Arceus|atk|2\n|\n|upkeep\n|turn|20\n|\n|t:|1698465087\n|move|p1a: Arceus|Taunt|p2a: Wo-Chien\n|-start|p2a: Wo-Chien|move: Taunt\n|cant|p2a: Wo-Chien|move: Taunt|Leech Seed\n|\n|upkeep\n|turn|21\n|\n|t:|1698465092\n|switch|p2a: Dondozo|Dondozo, F|100\/100\n|-damage|p2a: Dondozo|88\/100|[from] Stealth Rock\n|move|p1a: Arceus|Extreme Speed|p2a: Dondozo\n|-damage|p2a: Dondozo|62\/100\n|\n|-heal|p2a: Dondozo|68\/100|[from] item: Leftovers\n|upkeep\n|turn|22\n|\n|t:|1698465105\n|move|p1a: Arceus|Taunt|p2a: Dondozo\n|-start|p2a: Dondozo|move: Taunt\n|cant|p2a: Dondozo|move: Taunt|Curse\n|\n|-heal|p2a: Dondozo|74\/100|[from] item: Leftovers\n|upkeep\n|turn|23\n|\n|t:|1698465112\n|move|p1a: Arceus|Extreme Speed|p2a: Dondozo\n|-crit|p2a: Dondozo\n|-damage|p2a: Dondozo|37\/100\n|move|p2a: Dondozo|Waterfall|p1a: Arceus\n|-damage|p1a: Arceus|83\/100\n|\n|-heal|p2a: Dondozo|43\/100|[from] item: Leftovers\n|upkeep\n|turn|24\n|\n|t:|1698465122\n|move|p1a: Arceus|Extreme Speed|p2a: Dondozo\n|-damage|p2a: Dondozo|16\/100\n|move|p2a: Dondozo|Waterfall|p1a: Arceus\n|-damage|p1a: Arceus|64\/100\n|\n|-heal|p2a: Dondozo|22\/100|[from] item: Leftovers\n|-end|p2a: Dondozo|move: Taunt\n|upkeep\n|turn|25\n|\n|t:|1698465131\n|move|p1a: Arceus|Extreme Speed|p2a: Dondozo\n|-damage|p2a: Dondozo|0 fnt\n|faint|p2a: Dondozo\n|\n|upkeep\n|-message|bediv forfeited.\n|\n|win|game18\n|raw|game18's rating: 1521 &rarr; <strong>1541<\/strong><br \/>(+20 for winning)\n|raw|bediv's rating: 1523 &rarr; <strong>1503<\/strong><br \/>(-20 for losing)\n|l|\u2606bediv\n","uploadtime":1698465148,"views":15,"p1id":"game18","p2id":"bediv","formatid":"gen9anythinggoes","rating":1503,"private":0,"password":""}