{"id":"gen9anythinggoes-1989418690","p1":"jxjpenguin","p2":"CertifiedDumbass1","format":"[Gen 9] Anything Goes","log":"|j|\u2606jxjpenguin\n|j|\u2606CertifiedDumbass1\n|t:|1699847753\n|gametype|singles\n|player|p1|jxjpenguin|elesa|\n|player|p2|CertifiedDumbass1|102|\n|teamsize|p1|6\n|teamsize|p2|6\n|gen|9\n|tier|[Gen 9] Anything Goes\n|rule|HP Percentage Mod: HP is shown in percentages\n|rule|Endless Battle Clause: Forcing endless battles is banned\n|clearpoke\n|poke|p1|Dragapult, M|\n|poke|p1|Samurott-Hisui, M|\n|poke|p1|Raichu, F|\n|poke|p1|Gardevoir, M|\n|poke|p1|Vaporeon, F|\n|poke|p1|Ogerpon-Hearthflame, F|\n|poke|p2|Chandelure, M|\n|poke|p2|Munkidori, M|\n|poke|p2|Tauros-Paldea-Blaze, M|\n|poke|p2|Talonflame, M|\n|poke|p2|Urshifu-*, F|\n|poke|p2|Torterra, M|\n|teampreview\n|\n|t:|1699847803\n|start\n|switch|p1a: Seal Goodman|Samurott-Hisui, M, shiny|100\/100\n|switch|p2a: Urshifu|Urshifu-Rapid-Strike, F|100\/100\n|turn|1\n|\n|t:|1699847898\n|move|p2a: Urshifu|Thunder Punch|p1a: Seal Goodman\n|-supereffective|p1a: Seal Goodman\n|-damage|p1a: Seal Goodman|5\/100\n|move|p1a: Seal Goodman|Ceaseless Edge|p2a: Urshifu\n|-resisted|p2a: Urshifu\n|-damage|p2a: Urshifu|87\/100\n|-sidestart|p2: CertifiedDumbass1|Spikes\n|\n|-heal|p1a: Seal Goodman|11\/100|[from] item: Leftovers\n|upkeep\n|turn|2\n|\n|t:|1699847938\n|switch|p1a: Ricky Rat|Raichu, F, shiny|100\/100\n|move|p2a: Urshifu|Thunder Punch|p1a: Ricky Rat\n|-ability|p1a: Ricky Rat|Lightning Rod|boost\n|-boost|p1a: Ricky Rat|spa|1\n|\n|upkeep\n|turn|3\n|\n|t:|1699847948\n|switch|p2a: Torterra|Torterra, M|100\/100\n|-damage|p2a: Torterra|88\/100|[from] Spikes\n|move|p1a: Ricky Rat|Thunderbolt|p2a: Torterra\n|-immune|p2a: Torterra\n|\n|upkeep\n|turn|4\n|j| dancingnightmare\n|\n|t:|1699848025\n|switch|p1a: Getting Milk|Dragapult, M, shiny|100\/100\n|move|p2a: Torterra|Shell Smash|p2a: Torterra\n|-unboost|p2a: Torterra|def|1\n|-unboost|p2a: Torterra|spd|1\n|-boost|p2a: Torterra|atk|2\n|-boost|p2a: Torterra|spa|2\n|-boost|p2a: Torterra|spe|2\n|-enditem|p2a: Torterra|White Herb\n|-clearnegativeboost|p2a: Torterra|[silent]\n|\n|upkeep\n|turn|5\n|\n|t:|1699848051\n|move|p2a: Torterra|Earthquake|p1a: Getting Milk\n|-enditem|p1a: Getting Milk|Focus Sash\n|-damage|p1a: Getting Milk|1\/100\n|move|p1a: Getting Milk|Dragon Darts|p2a: Torterra\n|-damage|p2a: Torterra|61\/100\n|-anim|p1a: Getting Milk|Dragon Darts|p2a: Torterra\n|-damage|p2a: Torterra|34\/100\n|\n|upkeep\n|turn|6\n|l|\u2606jxjpenguin\n|player|p1|\n|j| FLOOR IT\n|j| Ryno5311\n|c| Ryno5311|Um\n|c|\u2606CertifiedDumbass1|wifi issues hes coming back\n|c|\u2606CertifiedDumbass1|definitely not a rage quit\n|c|\u2606CertifiedDumbass1|confirmed not a rage quit\n|c| FLOOR IT|Interesting battle\n|l| Ryno5311\n|j|\u2606jxjpenguin\n|player|p1|jxjpenguin|elesa\n|c|\u2606jxjpenguin|i am back\n|\n|t:|1699848578\n|move|p2a: Torterra|Earthquake|p1a: Getting Milk\n|-damage|p1a: Getting Milk|0 fnt\n|faint|p1a: Getting Milk\n|\n|upkeep\n|\n|t:|1699848604\n|switch|p1a: Totally Not Sus|Gardevoir, M, shiny|100\/100\n|-ability|p1a: Totally Not Sus|Shell Armor|[from] ability: Trace|[of] p2a: Torterra\n|turn|7\n|j| Ryno5311\n|l| Ryno5311\n|\n|t:|1699848622\n|move|p1a: Totally Not Sus|Moonblast|p2a: Torterra\n|-damage|p2a: Torterra|0 fnt\n|faint|p2a: Torterra\n|\n|upkeep\n|j| Ryno5311\n|l| dancingnightmare\n|\n|t:|1699848751\n|switch|p2a: Tauros|Tauros-Paldea-Blaze, M|100\/100\n|-damage|p2a: Tauros|88\/100|[from] Spikes\n|turn|8\n|j| dancingnightmare\n|\n|t:|1699848787\n|move|p1a: Totally Not Sus|Moonblast|p2a: Tauros\n|-damage|p2a: Tauros|36\/100\n|move|p2a: Tauros|Raging Bull|p1a: Totally Not Sus\n|-damage|p1a: Totally Not Sus|45\/100\n|\n|upkeep\n|turn|9\n|\n|t:|1699848801\n|move|p1a: Totally Not Sus|Moonblast|p2a: Tauros\n|-damage|p2a: Tauros|0 fnt\n|faint|p2a: Tauros\n|\n|upkeep\n|\n|t:|1699848815\n|switch|p2a: Talonflame|Talonflame, M|100\/100\n|turn|10\n|\n|t:|1699848837\n|move|p2a: Talonflame|Dual Wingbeat|p1a: Totally Not Sus\n|-damage|p1a: Totally Not Sus|14\/100\n|-damage|p1a: Totally Not Sus|0 fnt\n|faint|p1a: Totally Not Sus\n|-hitcount|p1: Totally Not Sus|2\n|\n|upkeep\n|\n|t:|1699848847\n|switch|p1a: Ricky Rat|Raichu, F, shiny|100\/100\n|turn|11\n|\n|t:|1699848891\n|move|p2a: Talonflame|Flare Blitz|p1a: Ricky Rat\n|-damage|p1a: Ricky Rat|0 fnt\n|faint|p1a: Ricky Rat\n|-damage|p2a: Talonflame|72\/100|[from] Recoil\n|\n|upkeep\n|\n|t:|1699848897\n|switch|p1a: Seal Goodman|Samurott-Hisui, M, shiny|11\/100\n|turn|12\n|\n|t:|1699848902\n|move|p1a: Seal Goodman|Aqua Jet|p2a: Talonflame\n|-supereffective|p2a: Talonflame\n|-damage|p2a: Talonflame|0 fnt\n|faint|p2a: Talonflame\n|\n|-heal|p1a: Seal Goodman|17\/100|[from] item: Leftovers\n|upkeep\n|\n|t:|1699848922\n|switch|p2a: Chandelure|Chandelure, M, shiny|100\/100\n|-damage|p2a: Chandelure|88\/100|[from] Spikes\n|turn|13\n|\n|t:|1699848938\n|-terastallize|p2a: Chandelure|Grass\n|move|p1a: Seal Goodman|Aqua Jet|p2a: Chandelure\n|-resisted|p2a: Chandelure\n|-damage|p2a: Chandelure|70\/100\n|move|p2a: Chandelure|Energy Ball|p1a: Seal Goodman\n|-supereffective|p1a: Seal Goodman\n|-damage|p1a: Seal Goodman|0 fnt\n|faint|p1a: Seal Goodman\n|\n|upkeep\n|\n|t:|1699848992\n|switch|p1a: NotADreamReference|Ogerpon-Hearthflame, F|100\/100\n|-ability|p1a: NotADreamReference|Mold Breaker\n|turn|14\n|\n|t:|1699849013\n|switch|p2a: Urshifu|Urshifu-Rapid-Strike, F|87\/100\n|-damage|p2a: Urshifu|75\/100|[from] Spikes\n|move|p1a: NotADreamReference|Ivy Cudgel|p2a: Urshifu\n|-resisted|p2a: Urshifu\n|-crit|p2a: Urshifu\n|-damage|p2a: Urshifu|34\/100\n|\n|upkeep\n|turn|15\n|\n|t:|1699849057\n|move|p1a: NotADreamReference|Zen Headbutt|p2a: Urshifu|[miss]\n|-miss|p1a: NotADreamReference|p2a: Urshifu\n|move|p2a: Urshifu|Surging Strikes|p1a: NotADreamReference\n|-crit|p1a: NotADreamReference\n|-damage|p1a: NotADreamReference|63\/100\n|-crit|p1a: NotADreamReference\n|-damage|p1a: NotADreamReference|22\/100\n|-crit|p1a: NotADreamReference\n|-damage|p1a: NotADreamReference|0 fnt\n|faint|p1a: NotADreamReference\n|-hitcount|p1: NotADreamReference|3\n|\n|upkeep\n|\n|t:|1699849068\n|switch|p1a: DidUKnowInTermsOf|Vaporeon, F, shiny|100\/100\n|turn|16\n|\n|t:|1699849076\n|switch|p2a: Munkidori|Munkidori, M|100\/100\n|-damage|p2a: Munkidori|88\/100|[from] Spikes\n|-item|p1a: DidUKnowInTermsOf|Aguav Berry|[from] ability: Frisk|[of] p2a: Munkidori|[identify]\n|move|p1a: DidUKnowInTermsOf|Surf|p2a: Munkidori\n|-damage|p2a: Munkidori|48\/100\n|\n|upkeep\n|turn|17\n|\n|t:|1699849085\n|move|p2a: Munkidori|Toxic|p1a: DidUKnowInTermsOf\n|-status|p1a: DidUKnowInTermsOf|tox\n|move|p1a: DidUKnowInTermsOf|Surf|p2a: Munkidori\n|-damage|p2a: Munkidori|7\/100\n|\n|-damage|p1a: DidUKnowInTermsOf|94\/100 tox|[from] psn\n|upkeep\n|turn|18\n|\n|t:|1699849096\n|move|p2a: Munkidori|Psychic|p1a: DidUKnowInTermsOf\n|-damage|p1a: DidUKnowInTermsOf|59\/100 tox\n|move|p1a: DidUKnowInTermsOf|Surf|p2a: Munkidori\n|-damage|p2a: Munkidori|0 fnt\n|faint|p2a: Munkidori\n|\n|-damage|p1a: DidUKnowInTermsOf|47\/100 tox|[from] psn\n|upkeep\n|\n|t:|1699849103\n|switch|p2a: Urshifu|Urshifu-Rapid-Strike, F|34\/100\n|-damage|p2a: Urshifu|22\/100|[from] Spikes\n|turn|19\n|\n|t:|1699849108\n|move|p2a: Urshifu|Thunder Punch|p1a: DidUKnowInTermsOf\n|-supereffective|p1a: DidUKnowInTermsOf\n|-damage|p1a: DidUKnowInTermsOf|0 fnt\n|faint|p1a: DidUKnowInTermsOf\n|\n|win|CertifiedDumbass1\n|c|\u2606jxjpenguin|gg\n|c|\u2606CertifiedDumbass1|gg\n|l| Ryno5311\n|l| dancingnightmare\n|l| FLOOR IT\n|l|\u2606jxjpenguin\n","uploadtime":1699849114,"views":32,"p1id":"jxjpenguin","p2id":"certifieddumbass1","formatid":"gen9anythinggoes","rating":0,"private":0,"password":""}