{"id":"gen9anythinggoes-1982644170","p1":"tinytoonlink97","p2":"xxxlaniusxxx","format":"[Gen 9] Anything Goes","log":"|j|\u2606tinytoonlink97\n|j|\u2606xxxlaniusxxx\n|t:|1699032306\n|gametype|singles\n|player|p1|tinytoonlink97|ethan|\n|player|p2|xxxlaniusxxx|acetrainer-gen4dp|\n|teamsize|p1|6\n|teamsize|p2|6\n|gen|9\n|tier|[Gen 9] Anything Goes\n|rule|HP Percentage Mod: HP is shown in percentages\n|rule|Endless Battle Clause: Forcing endless battles is banned\n|clearpoke\n|poke|p1|Komala, M|\n|poke|p1|Mandibuzz, F|\n|poke|p1|Conkeldurr, M|\n|poke|p1|Armarouge, M|\n|poke|p1|Mamoswine, M|\n|poke|p1|Manaphy|\n|poke|p2|Arboliva, M|\n|poke|p2|Uxie|\n|poke|p2|Fezandipiti, M|\n|poke|p2|Arcanine, F|\n|poke|p2|Urshifu-*, F|\n|poke|p2|Dragapult, F|\n|teampreview\n|c|\u2606tinytoonlink97|gl hf\n|c|\u2606xxxlaniusxxx|same\n|\n|t:|1699032382\n|start\n|switch|p1a: Rufus|Komala, M|100\/100\n|switch|p2a: Dragapult|Dragapult, F|100\/100\n|-ability|p1a: Rufus|Comatose\n|turn|1\n|\n|t:|1699032425\n|move|p2a: Dragapult|Draco Meteor|p1a: Rufus\n|-damage|p1a: Rufus|40\/100\n|-unboost|p2a: Dragapult|spa|2\n|move|p1a: Rufus|Knock Off|p2a: Dragapult\n|-supereffective|p2a: Dragapult\n|-damage|p2a: Dragapult|13\/100\n|-enditem|p2a: Dragapult|Choice Specs|[from] move: Knock Off|[of] p1a: Rufus\n|\n|upkeep\n|turn|2\n|\n|t:|1699032485\n|move|p2a: Dragapult|U-turn|p1a: Rufus\n|-damage|p1a: Rufus|12\/100\n|\n|t:|1699032494\n|switch|p2a: Uxie|Uxie|100\/100|[from] U-turn\n|move|p1a: Rufus|Knock Off|p2a: Uxie\n|-supereffective|p2a: Uxie\n|-damage|p2a: Uxie|60\/100\n|-damage|p1a: Rufus|0 fnt|[from] item: Rocky Helmet|[of] p2a: Uxie\n|faint|p1a: Rufus\n|\n|upkeep\n|\n|t:|1699032543\n|switch|p1a: Shego|Mandibuzz, F|100\/100\n|turn|3\n|\n|t:|1699032562\n|switch|p2a: Fezandipiti|Fezandipiti, M|100\/100\n|move|p1a: Shego|U-turn|p2a: Fezandipiti\n|-resisted|p2a: Fezandipiti\n|-damage|p2a: Fezandipiti|97\/100\n|\n|t:|1699032584\n|switch|p1a: Killigan|Mamoswine, M|100\/100|[from] U-turn\n|\n|-heal|p2a: Fezandipiti|100\/100|[from] item: Black Sludge\n|upkeep\n|turn|4\n|\n|t:|1699032615\n|move|p2a: Fezandipiti|U-turn|p1a: Killigan\n|-damage|p1a: Killigan|82\/100\n|\n|t:|1699032618\n|switch|p2a: Dragapult|Dragapult, F|13\/100|[from] U-turn\n|move|p1a: Killigan|Smack Down|p2a: Dragapult\n|-damage|p2a: Dragapult|0 fnt\n|faint|p2a: Dragapult\n|\n|upkeep\n|\n|t:|1699032629\n|switch|p2a: Urshifu|Urshifu-Rapid-Strike, F|100\/100\n|turn|5\n|\n|t:|1699032722\n|switch|p1a: Monkey Fist|Conkeldurr, M, shiny|100\/100\n|move|p2a: Urshifu|Thunder Punch|p1a: Monkey Fist\n|-damage|p1a: Monkey Fist|81\/100\n|-damage|p2a: Urshifu|84\/100|[from] item: Rocky Helmet|[of] p1a: Monkey Fist\n|\n|upkeep\n|turn|6\n|\n|t:|1699032735\n|switch|p2a: Arcanine|Arcanine, F|100\/100\n|-ability|p2a: Arcanine|Intimidate|boost\n|-unboost|p1a: Monkey Fist|atk|1\n|move|p1a: Monkey Fist|Knock Off|p2a: Arcanine\n|-damage|p2a: Arcanine|85\/100\n|-enditem|p2a: Arcanine|Leftovers|[from] move: Knock Off|[of] p1a: Monkey Fist\n|\n|upkeep\n|turn|7\n|\n|t:|1699032747\n|switch|p1a: Gemini|Armarouge, M|100\/100\n|move|p2a: Arcanine|Morning Sun|p2a: Arcanine\n|-heal|p2a: Arcanine|100\/100\n|\n|upkeep\n|turn|8\n|\n|t:|1699032758\n|move|p2a: Arcanine|Crunch|p1a: Gemini\n|-supereffective|p1a: Gemini\n|-enditem|p1a: Gemini|Colbur Berry|[eat]\n|-enditem|p1a: Gemini|Colbur Berry|[weaken]\n|-damage|p1a: Gemini|83\/100\n|-unboost|p1a: Gemini|def|1\n|move|p1a: Gemini|Psychic|p2a: Arcanine\n|-damage|p2a: Arcanine|50\/100\n|\n|upkeep\n|turn|9\n|\n|t:|1699032777\n|switch|p1a: Kim|Manaphy|100\/100\n|move|p2a: Arcanine|Morning Sun|p2a: Arcanine\n|-heal|p2a: Arcanine|99\/100\n|\n|upkeep\n|turn|10\n|\n|t:|1699032800\n|move|p1a: Kim|Flip Turn|p2a: Arcanine\n|-supereffective|p2a: Arcanine\n|-damage|p2a: Arcanine|71\/100\n|\n|t:|1699032804\n|switch|p1a: Gemini|Armarouge, M|83\/100|[from] Flip Turn\n|move|p2a: Arcanine|Roar|p1a: Gemini\n|drag|p1a: Killigan|Mamoswine, M|82\/100\n|\n|upkeep\n|turn|11\n|\n|t:|1699032820\n|switch|p2a: Arboliva|Arboliva, M|100\/100\n|switch|p1a: Kim|Manaphy|100\/100\n|\n|upkeep\n|turn|12\n|\n|t:|1699032852\n|switch|p1a: Shego|Mandibuzz, F|100\/100\n|move|p2a: Arboliva|Leech Seed|p1a: Shego\n|-start|p1a: Shego|move: Leech Seed\n|\n|-damage|p1a: Shego|88\/100|[from] Leech Seed|[of] p2a: Arboliva\n|upkeep\n|turn|13\n|\n|t:|1699032885\n|move|p1a: Shego|Toxic|p2a: Arboliva\n|-status|p2a: Arboliva|tox\n|move|p2a: Arboliva|Strength Sap|p1a: Shego\n|-unboost|p1a: Shego|atk|1\n|\n|-heal|p1a: Shego|94\/100|[from] item: Leftovers\n|-damage|p1a: Shego|82\/100|[from] Leech Seed|[of] p2a: Arboliva\n|-damage|p2a: Arboliva|94\/100 tox|[from] psn\n|upkeep\n|turn|14\n|\n|t:|1699032901\n|move|p1a: Shego|Knock Off|p2a: Arboliva\n|-damage|p2a: Arboliva|78\/100 tox\n|-enditem|p2a: Arboliva|Sitrus Berry|[from] move: Knock Off|[of] p1a: Shego\n|move|p2a: Arboliva|Leech Seed||[still]\n|-fail|p2a: Arboliva\n|\n|-heal|p1a: Shego|88\/100|[from] item: Leftovers\n|-damage|p1a: Shego|76\/100|[from] Leech Seed|[of] p2a: Arboliva\n|-heal|p2a: Arboliva|93\/100 tox|[silent]\n|-damage|p2a: Arboliva|80\/100 tox|[from] psn\n|upkeep\n|turn|15\n|\n|t:|1699032915\n|switch|p2a: Urshifu|Urshifu-Rapid-Strike, F|84\/100\n|move|p1a: Shego|U-turn|p2a: Urshifu\n|-resisted|p2a: Urshifu\n|-damage|p2a: Urshifu|80\/100\n|\n|t:|1699032937\n|switch|p1a: Kim|Manaphy|100\/100|[from] U-turn\n|\n|upkeep\n|turn|16\n|\n|t:|1699032955\n|switch|p2a: Arboliva|Arboliva, M|80\/100 tox\n|move|p1a: Kim|Dazzling Gleam|p2a: Arboliva\n|-damage|p2a: Arboliva|65\/100 tox\n|\n|-damage|p2a: Arboliva|59\/100 tox|[from] psn\n|upkeep\n|turn|17\n|\n|t:|1699032965\n|switch|p1a: Shego|Mandibuzz, F|76\/100\n|move|p2a: Arboliva|Strength Sap|p1a: Shego\n|-unboost|p1a: Shego|atk|1\n|-heal|p2a: Arboliva|100\/100 tox\n|\n|-heal|p1a: Shego|82\/100|[from] item: Leftovers\n|-damage|p2a: Arboliva|88\/100 tox|[from] psn\n|upkeep\n|turn|18\n|\n|t:|1699032980\n|switch|p2a: Uxie|Uxie|60\/100\n|move|p1a: Shego|Roost|p1a: Shego\n|-heal|p1a: Shego|100\/100\n|-singleturn|p1a: Shego|move: Roost\n|\n|upkeep\n|turn|19\n|\n|t:|1699032988\n|move|p2a: Uxie|Knock Off|p1a: Shego\n|-resisted|p1a: Shego\n|-damage|p1a: Shego|96\/100\n|-enditem|p1a: Shego|Leftovers|[from] move: Knock Off|[of] p2a: Uxie\n|move|p1a: Shego|U-turn|p2a: Uxie\n|-supereffective|p2a: Uxie\n|-damage|p2a: Uxie|51\/100\n|-damage|p1a: Shego|80\/100|[from] item: Rocky Helmet|[of] p2a: Uxie\n|\n|t:|1699033029\n|switch|p1a: Gemini|Armarouge, M|83\/100|[from] U-turn\n|\n|upkeep\n|turn|20\n|\n|t:|1699033049\n|switch|p2a: Arcanine|Arcanine, F|71\/100\n|-ability|p2a: Arcanine|Intimidate|boost\n|-unboost|p1a: Gemini|atk|1\n|move|p1a: Gemini|Armor Cannon|p2a: Arcanine\n|-resisted|p2a: Arcanine\n|-damage|p2a: Arcanine|36\/100\n|-unboost|p1a: Gemini|def|1\n|-unboost|p1a: Gemini|spd|1\n|\n|upkeep\n|turn|21\n|\n|t:|1699033077\n|move|p2a: Arcanine|Morning Sun|p2a: Arcanine\n|-heal|p2a: Arcanine|86\/100\n|move|p1a: Gemini|Psychic|p2a: Arcanine\n|-damage|p2a: Arcanine|36\/100\n|\n|upkeep\n|turn|22\n|\n|t:|1699033092\n|switch|p1a: Shego|Mandibuzz, F|80\/100\n|move|p2a: Arcanine|Crunch|p1a: Shego\n|-resisted|p1a: Shego\n|-damage|p1a: Shego|75\/100\n|\n|upkeep\n|turn|23\n|\n|t:|1699033100\n|switch|p2a: Arboliva|Arboliva, M|88\/100 tox\n|move|p1a: Shego|U-turn|p2a: Arboliva\n|-supereffective|p2a: Arboliva\n|-damage|p2a: Arboliva|67\/100 tox\n|\n|t:|1699033149\n|switch|p1a: Gemini|Armarouge, M|83\/100|[from] U-turn\n|\n|-damage|p2a: Arboliva|60\/100 tox|[from] psn\n|upkeep\n|turn|24\n|\n|t:|1699033161\n|-terastallize|p2a: Arboliva|Water\n|move|p1a: Gemini|Energy Ball|p2a: Arboliva\n|-supereffective|p2a: Arboliva\n|-damage|p2a: Arboliva|15\/100 tox\n|move|p2a: Arboliva|Earth Power|p1a: Gemini\n|-supereffective|p1a: Gemini\n|-damage|p1a: Gemini|22\/100\n|\n|-damage|p2a: Arboliva|3\/100 tox|[from] psn\n|upkeep\n|turn|25\n|\n|t:|1699033176\n|switch|p1a: Shego|Mandibuzz, F|75\/100\n|move|p2a: Arboliva|Earth Power|p1a: Shego\n|-immune|p1a: Shego\n|\n|-damage|p2a: Arboliva|0 fnt|[from] psn\n|faint|p2a: Arboliva\n|upkeep\n|\n|t:|1699033187\n|switch|p2a: Urshifu|Urshifu-Rapid-Strike, F|80\/100\n|turn|26\n|\n|t:|1699033193\n|move|p2a: Urshifu|Surging Strikes|p1a: Shego\n|-crit|p1a: Shego\n|-damage|p1a: Shego|63\/100\n|-crit|p1a: Shego\n|-damage|p1a: Shego|50\/100\n|-crit|p1a: Shego\n|-damage|p1a: Shego|37\/100\n|-hitcount|p1a: Shego|3\n|move|p1a: Shego|U-turn|p2a: Urshifu\n|-resisted|p2a: Urshifu\n|-damage|p2a: Urshifu|75\/100\n|\n|t:|1699033203\n|switch|p1a: Kim|Manaphy|100\/100|[from] U-turn\n|\n|upkeep\n|turn|27\n|\n|t:|1699033213\n|switch|p2a: Fezandipiti|Fezandipiti, M|100\/100\n|move|p1a: Kim|Psychic|p2a: Fezandipiti\n|-supereffective|p2a: Fezandipiti\n|-damage|p2a: Fezandipiti|71\/100\n|\n|-heal|p2a: Fezandipiti|78\/100|[from] item: Black Sludge\n|upkeep\n|turn|28\n|\n|t:|1699033230\n|switch|p1a: Monkey Fist|Conkeldurr, M, shiny|81\/100\n|move|p2a: Fezandipiti|Gunk Shot|p1a: Monkey Fist\n|-damage|p1a: Monkey Fist|57\/100\n|\n|-heal|p2a: Fezandipiti|84\/100|[from] item: Black Sludge\n|upkeep\n|turn|29\n|\n|t:|1699033243\n|switch|p2a: Arcanine|Arcanine, F|36\/100\n|-ability|p2a: Arcanine|Intimidate|boost\n|-unboost|p1a: Monkey Fist|atk|1\n|move|p1a: Monkey Fist|Earthquake|p2a: Arcanine\n|-supereffective|p2a: Arcanine\n|-damage|p2a: Arcanine|4\/100\n|\n|upkeep\n|turn|30\n|\n|t:|1699033252\n|move|p1a: Monkey Fist|Mach Punch|p2a: Arcanine\n|-damage|p2a: Arcanine|0 fnt\n|faint|p2a: Arcanine\n|\n|upkeep\n|\n|t:|1699033263\n|switch|p2a: Urshifu|Urshifu-Rapid-Strike, F|75\/100\n|turn|31\n|\n|t:|1699033268\n|switch|p1a: Shego|Mandibuzz, F|37\/100\n|move|p2a: Urshifu|Surging Strikes|p1a: Shego\n|-crit|p1a: Shego\n|-damage|p1a: Shego|26\/100\n|-crit|p1a: Shego\n|-damage|p1a: Shego|13\/100\n|-crit|p1a: Shego\n|-damage|p1a: Shego|2\/100\n|-hitcount|p1a: Shego|3\n|\n|upkeep\n|turn|32\n|\n|t:|1699033281\n|move|p2a: Urshifu|Surging Strikes|p1a: Shego\n|-crit|p1a: Shego\n|-damage|p1a: Shego|0 fnt\n|faint|p1a: Shego\n|-hitcount|p1: Shego|1\n|\n|upkeep\n|\n|t:|1699033290\n|switch|p1a: Kim|Manaphy|100\/100\n|turn|33\n|\n|t:|1699033298\n|switch|p2a: Fezandipiti|Fezandipiti, M|84\/100\n|move|p1a: Kim|Psychic|p2a: Fezandipiti\n|-supereffective|p2a: Fezandipiti\n|-crit|p2a: Fezandipiti\n|-damage|p2a: Fezandipiti|42\/100\n|\n|-heal|p2a: Fezandipiti|48\/100|[from] item: Black Sludge\n|upkeep\n|turn|34\n|\n|t:|1699033308\n|switch|p1a: Monkey Fist|Conkeldurr, M, shiny|57\/100\n|move|p2a: Fezandipiti|Roost|p2a: Fezandipiti\n|-heal|p2a: Fezandipiti|98\/100\n|-singleturn|p2a: Fezandipiti|move: Roost\n|\n|-heal|p2a: Fezandipiti|100\/100|[from] item: Black Sludge\n|upkeep\n|turn|35\n|\n|t:|1699033321\n|move|p2a: Fezandipiti|Play Rough|p1a: Monkey Fist\n|-supereffective|p1a: Monkey Fist\n|-damage|p1a: Monkey Fist|20\/100\n|-damage|p2a: Fezandipiti|84\/100|[from] item: Rocky Helmet|[of] p1a: Monkey Fist\n|move|p1a: Monkey Fist|Knock Off|p2a: Fezandipiti\n|-resisted|p2a: Fezandipiti\n|-damage|p2a: Fezandipiti|69\/100\n|-enditem|p2a: Fezandipiti|Black Sludge|[from] move: Knock Off|[of] p1a: Monkey Fist\n|\n|upkeep\n|turn|36\n|\n|t:|1699033350\n|move|p2a: Fezandipiti|Play Rough|p1a: Monkey Fist\n|-supereffective|p1a: Monkey Fist\n|-damage|p1a: Monkey Fist|0 fnt\n|-damage|p2a: Fezandipiti|52\/100|[from] item: Rocky Helmet|[of] p1a: Monkey Fist\n|faint|p1a: Monkey Fist\n|\n|upkeep\n|\n|t:|1699033355\n|switch|p1a: Killigan|Mamoswine, M|82\/100\n|turn|37\n|\n|t:|1699033398\n|move|p2a: Fezandipiti|U-turn|p1a: Killigan\n|-damage|p1a: Killigan|64\/100\n|\n|t:|1699033401\n|switch|p2a: Uxie|Uxie|51\/100|[from] U-turn\n|move|p1a: Killigan|Earthquake|p2a: Uxie\n|-immune|p2a: Uxie|[from] ability: Levitate\n|\n|upkeep\n|turn|38\n|\n|t:|1699033441\n|move|p2a: Uxie|Psychic|p1a: Killigan\n|-damage|p1a: Killigan|41\/100\n|move|p1a: Killigan|Smack Down|p2a: Uxie\n|-damage|p2a: Uxie|40\/100\n|-start|p2a: Uxie|Smack Down\n|\n|upkeep\n|turn|39\n|\n|t:|1699033477\n|move|p2a: Uxie|Knock Off|p1a: Killigan\n|-damage|p1a: Killigan|23\/100\n|-enditem|p1a: Killigan|Muscle Band|[from] move: Knock Off|[of] p2a: Uxie\n|move|p1a: Killigan|Earthquake|p2a: Uxie\n|-damage|p2a: Uxie|9\/100\n|\n|upkeep\n|turn|40\n|\n|t:|1699033490\n|move|p1a: Killigan|Ice Shard|p2a: Uxie\n|-damage|p2a: Uxie|0 fnt\n|faint|p2a: Uxie\n|\n|upkeep\n|\n|t:|1699033495\n|switch|p2a: Urshifu|Urshifu-Rapid-Strike, F|75\/100\n|turn|41\n|\n|t:|1699033511\n|switch|p1a: Gemini|Armarouge, M|22\/100\n|move|p2a: Urshifu|Surging Strikes|p1a: Gemini\n|-supereffective|p1a: Gemini\n|-crit|p1a: Gemini\n|-damage|p1a: Gemini|0 fnt\n|faint|p1a: Gemini\n|-hitcount|p1: Gemini|1\n|\n|upkeep\n|\n|t:|1699033518\n|switch|p1a: Kim|Manaphy|100\/100\n|turn|42\n|\n|t:|1699033523\n|switch|p2a: Fezandipiti|Fezandipiti, M|52\/100\n|move|p1a: Kim|Flip Turn|p2a: Fezandipiti\n|-damage|p2a: Fezandipiti|32\/100\n|\n|t:|1699033528\n|switch|p1a: Killigan|Mamoswine, M|23\/100|[from] Flip Turn\n|\n|upkeep\n|turn|43\n|\n|t:|1699033606\n|move|p2a: Fezandipiti|Gunk Shot|p1a: Killigan\n|-resisted|p1a: Killigan\n|-damage|p1a: Killigan|0 fnt\n|faint|p1a: Killigan\n|\n|upkeep\n|\n|t:|1699033630\n|switch|p1a: Kim|Manaphy|100\/100\n|turn|44\n|\n|t:|1699033641\n|move|p1a: Kim|Psychic|p2a: Fezandipiti\n|-supereffective|p2a: Fezandipiti\n|-damage|p2a: Fezandipiti|2\/100\n|move|p2a: Fezandipiti|Gunk Shot|p1a: Kim|[miss]\n|-miss|p2a: Fezandipiti|p1a: Kim\n|\n|upkeep\n|turn|45\n|\n|t:|1699033649\n|move|p1a: Kim|Psychic|p2a: Fezandipiti\n|-supereffective|p2a: Fezandipiti\n|-crit|p2a: Fezandipiti\n|-damage|p2a: Fezandipiti|0 fnt\n|faint|p2a: Fezandipiti\n|\n|upkeep\n|\n|t:|1699033654\n|switch|p2a: Urshifu|Urshifu-Rapid-Strike, F|75\/100\n|turn|46\n|\n|t:|1699033666\n|move|p1a: Kim|Psychic|p2a: Urshifu\n|-supereffective|p2a: Urshifu\n|-damage|p2a: Urshifu|0 fnt\n|faint|p2a: Urshifu\n|\n|win|tinytoonlink97\n|c|\u2606xxxlaniusxxx|gg\n|c|\u2606tinytoonlink97|gg\n","uploadtime":1699033677,"views":19,"p1id":"tinytoonlink97","p2id":"xxxlaniusxxx","formatid":"gen9anythinggoes","rating":0,"private":0,"password":""}