{"id":"gen9anythinggoes-1995436663","p1":"Kanye_Ouest","p2":"Okor_1127","format":"[Gen 9] Anything Goes","log":"|j|\u2606Kanye_Ouest\n|j|\u2606Okor_1127\n|t:|1700570597\n|gametype|singles\n|player|p1|Kanye_Ouest|dancer|1286\n|player|p2|Okor_1127|266|1085\n|teamsize|p1|6\n|teamsize|p2|6\n|gen|9\n|tier|[Gen 9] Anything Goes\n|rated|\n|rule|HP Percentage Mod: HP is shown in percentages\n|rule|Endless Battle Clause: Forcing endless battles is banned\n|clearpoke\n|poke|p1|Okidogi, M|\n|poke|p1|Arcanine-Hisui, M|\n|poke|p1|Enamorus, F|\n|poke|p1|Haxorus, M|\n|poke|p1|Ogerpon-Wellspring, F|\n|poke|p1|Regieleki|\n|poke|p2|Volcarona, F|\n|poke|p2|Baxcalibur, F|\n|poke|p2|Hippowdon, F|\n|poke|p2|Ceruledge, F|\n|poke|p2|Calyrex-Shadow|\n|poke|p2|Glimmora, F|\n|teampreview\n|inactive|Battle timer is ON: inactive players will automatically lose when time's up. (requested by Kanye_Ouest)\n|c|\u2606Okor_1127|hi\n|\n|t:|1700570614\n|start\n|switch|p1a: Haxorus|Haxorus, M|100\/100\n|switch|p2a: Glimmora|Glimmora, F|100\/100\n|-ability|p1a: Haxorus|Mold Breaker\n|turn|1\n|\n|t:|1700570623\n|move|p1a: Haxorus|Dragon Dance|p1a: Haxorus\n|-boost|p1a: Haxorus|atk|1\n|-boost|p1a: Haxorus|spe|1\n|move|p2a: Glimmora|Sludge Wave|p1a: Haxorus\n|-damage|p1a: Haxorus|29\/100\n|\n|upkeep\n|turn|2\n|\n|t:|1700570631\n|move|p1a: Haxorus|Earthquake|p2a: Glimmora\n|-supereffective|p2a: Glimmora\n|-damage|p2a: Glimmora|0 fnt\n|-activate|p2a: Glimmora|ability: Toxic Debris\n|-sidestart|p1: Kanye_Ouest|move: Toxic Spikes\n|faint|p2a: Glimmora\n|-damage|p1a: Haxorus|19\/100|[from] item: Life Orb\n|\n|upkeep\n|\n|t:|1700570640\n|switch|p2a: Baxcalibur|Baxcalibur, F|100\/100\n|turn|3\n|\n|t:|1700570644\n|move|p1a: Haxorus|Dragon Claw|p2a: Baxcalibur\n|-supereffective|p2a: Baxcalibur\n|-damage|p2a: Baxcalibur|0 fnt\n|faint|p2a: Baxcalibur\n|-damage|p1a: Haxorus|9\/100|[from] item: Life Orb\n|\n|upkeep\n|\n|t:|1700570672\n|switch|p2a: Ceruledge|Ceruledge, F|100\/100\n|turn|4\n|\n|t:|1700570677\n|move|p1a: Haxorus|Earthquake|p2a: Ceruledge\n|-supereffective|p2a: Ceruledge\n|-damage|p2a: Ceruledge|0 fnt\n|faint|p2a: Ceruledge\n|-damage|p1a: Haxorus|0 fnt|[from] item: Life Orb\n|faint|p1a: Haxorus\n|\n|upkeep\n|n|!Okor_1127|okor1127\n|inactive|Okor_1127 has 120 seconds left.\n|\n|t:|1700570710\n|switch|p1a: Enamorus|Enamorus, F|100\/100\n|switch|p2a: Hippowdon|Hippowdon, F|100\/100\n|-weather|Sandstorm|[from] ability: Sand Stream|[of] p2a: Hippowdon\n|turn|5\n|inactive|Okor_1127 has 120 seconds left.\n|\n|t:|1700570744\n|move|p1a: Enamorus|Tailwind|p1a: Enamorus\n|-sidestart|p1: Kanye_Ouest|move: Tailwind\n|move|p2a: Hippowdon|Earthquake|p1a: Enamorus\n|-immune|p1a: Enamorus\n|\n|-weather|Sandstorm|[upkeep]\n|-damage|p1a: Enamorus|94\/100|[from] Sandstorm\n|-heal|p1a: Enamorus|100\/100|[from] item: Leftovers\n|upkeep\n|turn|6\n|\n|t:|1700570754\n|move|p1a: Enamorus|Superpower|p2a: Hippowdon\n|-damage|p2a: Hippowdon|72\/100\n|-boost|p1a: Enamorus|atk|1\n|-boost|p1a: Enamorus|def|1\n|move|p2a: Hippowdon|Ice Fang|p1a: Enamorus\n|-supereffective|p1a: Enamorus\n|-damage|p1a: Enamorus|66\/100\n|\n|-weather|Sandstorm|[upkeep]\n|-damage|p1a: Enamorus|60\/100|[from] Sandstorm\n|-heal|p1a: Enamorus|66\/100|[from] item: Leftovers\n|-heal|p2a: Hippowdon|78\/100|[from] item: Leftovers\n|upkeep\n|turn|7\n|\n|t:|1700570766\n|move|p1a: Enamorus|Play Rough|p2a: Hippowdon\n|-damage|p2a: Hippowdon|33\/100\n|move|p2a: Hippowdon|Iron Head|p1a: Enamorus\n|-supereffective|p1a: Enamorus\n|-damage|p1a: Enamorus|24\/100\n|\n|-weather|Sandstorm|[upkeep]\n|-damage|p1a: Enamorus|18\/100|[from] Sandstorm\n|-heal|p1a: Enamorus|24\/100|[from] item: Leftovers\n|-heal|p2a: Hippowdon|39\/100|[from] item: Leftovers\n|upkeep\n|turn|8\n|inactive|Okor_1127 has 90 seconds left.\n|\n|t:|1700570803\n|move|p1a: Enamorus|Superpower|p2a: Hippowdon\n|-damage|p2a: Hippowdon|0 fnt\n|-boost|p1a: Enamorus|atk|1\n|-boost|p1a: Enamorus|def|1\n|faint|p2a: Hippowdon\n|\n|-weather|Sandstorm|[upkeep]\n|-damage|p1a: Enamorus|18\/100|[from] Sandstorm\n|-heal|p1a: Enamorus|24\/100|[from] item: Leftovers\n|-sideend|p1: Kanye_Ouest|move: Tailwind\n|upkeep\n|inactive|Okor_1127 has 60 seconds left.\n|l|!Okor_1127\n|inactive|Okor_1127 disconnected and has a minute to reconnect!\n|player|p2|\n|inactive|Okor_1127 has 30 seconds left.\n|j|!Okor_1127\n|inactive|Okor_1127 reconnected and has 25 seconds left.\n|player|p2|Okor_1127|266\n|inactive|Okor_1127 has 20 seconds left.\n|inactive|Okor_1127 has 15 seconds left.\n|-message|Okor_1127 forfeited.\n|\n|win|Kanye_Ouest\n|inactive|Okor_1127 has 20 seconds left this turn.\n|raw|Kanye_Ouest's rating: 1286 &rarr; <strong>1298<\/strong><br \/>(+12 for winning)\n|raw|Okor_1127's rating: 1085 &rarr; <strong>1074<\/strong><br \/>(-11 for losing)\n","uploadtime":1700570698,"views":0,"p1id":"kanyeouest","p2id":"okor1127","formatid":"gen9anythinggoes","rating":1074,"private":0,"password":""}