{"id":"gen9anythinggoes-1982596909","p1":"Stoneknees","p2":"Trainer lack","format":"[Gen 9] Anything Goes","log":"|j|\u2606Stoneknees\n|j|\u2606Trainer lack\n|t:|1699028531\n|gametype|singles\n|player|p1|Stoneknees|backpacker|1168\n|player|p2|Trainer lack|marlon|1182\n|teamsize|p1|6\n|teamsize|p2|6\n|gen|9\n|tier|[Gen 9] Anything Goes\n|rated|\n|rule|HP Percentage Mod: HP is shown in percentages\n|rule|Endless Battle Clause: Forcing endless battles is banned\n|clearpoke\n|poke|p1|Orthworm, F|\n|poke|p1|Clodsire, F|\n|poke|p1|Glimmora, F|\n|poke|p1|Garganacl, F|\n|poke|p1|Kingambit, F|\n|poke|p1|Ceruledge, F|\n|poke|p2|Jirachi|\n|poke|p2|Miraidon|\n|poke|p2|Garganacl, M|\n|poke|p2|Ting-Lu|\n|poke|p2|Baxcalibur, M|\n|poke|p2|Volcanion|\n|teampreview\n|\n|t:|1699028547\n|start\n|switch|p1a: Glimmora|Glimmora, F, shiny|100\/100\n|switch|p2a: Ting-Lu|Ting-Lu|100\/100\n|-ability|p2a: Ting-Lu|Vessel of Ruin\n|turn|1\n|\n|t:|1699028561\n|move|p1a: Glimmora|Stealth Rock|p2a: Ting-Lu\n|-sidestart|p2: Trainer lack|move: Stealth Rock\n|move|p2a: Ting-Lu|Whirlwind|p1a: Glimmora\n|drag|p1a: Clodsire|Clodsire, F, shiny|100\/100\n|\n|upkeep\n|turn|2\n|\n|t:|1699028568\n|move|p2a: Ting-Lu|Stealth Rock|p1a: Clodsire\n|-sidestart|p1: Stoneknees|move: Stealth Rock\n|move|p1a: Clodsire|Toxic|p2a: Ting-Lu\n|-status|p2a: Ting-Lu|tox\n|\n|-damage|p2a: Ting-Lu|94\/100 tox|[from] psn\n|upkeep\n|turn|3\n|\n|t:|1699028601\n|switch|p2a: Garganacl|Garganacl, M|100\/100\n|-damage|p2a: Garganacl|88\/100|[from] Stealth Rock\n|switch|p1a: Orthworm|Orthworm, F, shiny|100\/100\n|-damage|p1a: Orthworm|94\/100|[from] Stealth Rock\n|\n|-heal|p1a: Orthworm|100\/100|[from] item: Leftovers\n|-heal|p2a: Garganacl|94\/100|[from] item: Leftovers\n|upkeep\n|turn|4\n|\n|t:|1699028614\n|move|p1a: Orthworm|Protect|p1a: Orthworm\n|-singleturn|p1a: Orthworm|Protect\n|move|p2a: Garganacl|Salt Cure|p1a: Orthworm\n|-activate|p1a: Orthworm|move: Protect\n|\n|-heal|p2a: Garganacl|100\/100|[from] item: Leftovers\n|upkeep\n|turn|5\n|\n|t:|1699028625\n|switch|p1a: Garganacl|Garganacl, F, shiny|100\/100\n|-damage|p1a: Garganacl|88\/100|[from] Stealth Rock\n|move|p2a: Garganacl|Salt Cure|p1a: Garganacl\n|-damage|p1a: Garganacl|81\/100\n|\n|upkeep\n|turn|6\n|inactive|Battle timer is ON: inactive players will automatically lose when time's up. (requested by Stoneknees)\n|\n|t:|1699028638\n|move|p2a: Garganacl|Body Press|p1a: Garganacl\n|-supereffective|p1a: Garganacl\n|-damage|p1a: Garganacl|44\/100\n|move|p1a: Garganacl|Iron Defense|p1a: Garganacl\n|-boost|p1a: Garganacl|def|2\n|\n|upkeep\n|turn|7\n|\n|t:|1699028647\n|-terastallize|p1a: Garganacl|Flying\n|move|p2a: Garganacl|Body Press|p1a: Garganacl\n|-resisted|p1a: Garganacl\n|-damage|p1a: Garganacl|40\/100\n|move|p1a: Garganacl|Recover|p1a: Garganacl\n|-heal|p1a: Garganacl|90\/100\n|\n|upkeep\n|turn|8\n|inactive|Trainer lack has 120 seconds left.\n|\n|t:|1699028682\n|switch|p2a: Volcanion|Volcanion|100\/100\n|-damage|p2a: Volcanion|76\/100|[from] Stealth Rock\n|move|p1a: Garganacl|Salt Cure|p2a: Volcanion\n|-supereffective|p2a: Volcanion\n|-damage|p2a: Volcanion|51\/100\n|-start|p2a: Volcanion|Salt Cure\n|\n|-damage|p2a: Volcanion|26\/100|[from] Salt Cure\n|upkeep\n|turn|9\n|inactive|Trainer lack has 120 seconds left.\n|\n|t:|1699028703\n|move|p2a: Volcanion|Steam Eruption|p1a: Garganacl\n|-damage|p1a: Garganacl|44\/100\n|move|p1a: Garganacl|Recover|p1a: Garganacl\n|-heal|p1a: Garganacl|95\/100\n|\n|-damage|p2a: Volcanion|1\/100|[from] Salt Cure\n|upkeep\n|turn|10\n|\n|t:|1699028715\n|switch|p2a: Ting-Lu|Ting-Lu|94\/100 tox\n|-damage|p2a: Ting-Lu|88\/100 tox|[from] Stealth Rock\n|-ability|p2a: Ting-Lu|Vessel of Ruin\n|move|p1a: Garganacl|Salt Cure|p2a: Ting-Lu\n|-resisted|p2a: Ting-Lu\n|-damage|p2a: Ting-Lu|85\/100 tox\n|-start|p2a: Ting-Lu|Salt Cure\n|\n|-damage|p2a: Ting-Lu|79\/100 tox|[from] psn\n|-damage|p2a: Ting-Lu|66\/100 tox|[from] Salt Cure\n|upkeep\n|turn|11\n|\n|t:|1699028734\n|move|p1a: Garganacl|Body Press|p2a: Ting-Lu\n|-supereffective|p2a: Ting-Lu\n|-damage|p2a: Ting-Lu|11\/100 tox\n|move|p2a: Ting-Lu|Whirlwind|p1a: Garganacl\n|drag|p1a: Ceruledge|Ceruledge, F, shiny|100\/100\n|-damage|p1a: Ceruledge|76\/100|[from] Stealth Rock\n|\n|-damage|p2a: Ting-Lu|0 fnt|[from] psn\n|faint|p2a: Ting-Lu\n|upkeep\n|inactive|Trainer lack has 90 seconds left.\n|\n|t:|1699028756\n|switch|p2a: Garganacl|Garganacl, M|100\/100\n|-damage|p2a: Garganacl|88\/100|[from] Stealth Rock\n|turn|12\n|\n|t:|1699028763\n|switch|p1a: Garganacl|Garganacl, F, shiny, tera:Flying|95\/100\n|-damage|p1a: Garganacl|70\/100|[from] Stealth Rock\n|move|p2a: Garganacl|Salt Cure|p1a: Garganacl\n|-supereffective|p1a: Garganacl\n|-damage|p1a: Garganacl|54\/100\n|\n|-heal|p2a: Garganacl|94\/100|[from] item: Leftovers\n|upkeep\n|turn|13\n|inactive|Trainer lack has 90 seconds left.\n|\n|t:|1699028784\n|switch|p2a: Miraidon|Miraidon|100\/100\n|-damage|p2a: Miraidon|88\/100|[from] Stealth Rock\n|-fieldstart|move: Electric Terrain|[from] ability: Hadron Engine|[of] p2a: Miraidon\n|move|p1a: Garganacl|Salt Cure|p2a: Miraidon\n|-damage|p2a: Miraidon|74\/100\n|-start|p2a: Miraidon|Salt Cure\n|\n|-damage|p2a: Miraidon|62\/100|[from] Salt Cure\n|upkeep\n|turn|14\n|inactive|Trainer lack has 90 seconds left.\n|\n|t:|1699028805\n|switch|p1a: Clodsire|Clodsire, F, shiny|100\/100\n|-damage|p1a: Clodsire|94\/100|[from] Stealth Rock\n|move|p2a: Miraidon|Electro Drift|p1a: Clodsire\n|-immune|p1a: Clodsire\n|\n|-damage|p2a: Miraidon|49\/100|[from] Salt Cure\n|upkeep\n|turn|15\n|\n|t:|1699028821\n|move|p2a: Miraidon|Flash Cannon|p1a: Clodsire\n|-damage|p1a: Clodsire|61\/100\n|-damage|p2a: Miraidon|39\/100|[from] item: Life Orb\n|move|p1a: Clodsire|Earthquake|p2a: Miraidon\n|-supereffective|p2a: Miraidon\n|-damage|p2a: Miraidon|0 fnt\n|faint|p2a: Miraidon\n|\n|upkeep\n|-message|Trainer lack forfeited.\n|\n|win|Stoneknees\n|raw|Stoneknees's rating: 1168 &rarr; <strong>1194<\/strong><br \/>(+26 for winning)\n|raw|Trainer lack's rating: 1182 &rarr; <strong>1156<\/strong><br \/>(-26 for losing)\n|l|\u2606Trainer lack\n","uploadtime":1699028834,"views":5,"p1id":"stoneknees","p2id":"trainerlack","formatid":"gen9anythinggoes","rating":1156,"private":0,"password":""}