{"id":"gen9anythinggoes-1973988746","p1":"thejester_711","p2":"Trainer Jeeves","format":"[Gen 9] Anything Goes","log":"|j|\u2606thejester_711\n|j|\u2606Trainer Jeeves\n|t:|1698037497\n|gametype|singles\n|player|p1|thejester_711|giovanni|1069\n|player|p2|Trainer Jeeves|unknown|1142\n|teamsize|p1|6\n|teamsize|p2|6\n|gen|9\n|tier|[Gen 9] Anything Goes\n|rated|\n|rule|HP Percentage Mod: HP is shown in percentages\n|rule|Endless Battle Clause: Forcing endless battles is banned\n|clearpoke\n|poke|p1|Calyrex-Shadow|\n|poke|p1|Zoroark-Hisui, F|\n|poke|p1|Azumarill, F|\n|poke|p1|Ninetales-Alola, M|\n|poke|p1|Froslass, F|\n|poke|p1|Zapdos|\n|poke|p2|Corviknight, F|\n|poke|p2|Clodsire, M|\n|poke|p2|Urshifu-*, F|\n|poke|p2|Rillaboom, M|\n|poke|p2|Zapdos-Galar|\n|poke|p2|Mewtwo|\n|teampreview\n|inactive|Battle timer is ON: inactive players will automatically lose when time's up. (requested by thejester_711)\n|\n|t:|1698037509\n|start\n|switch|p1a: ZUZU|Azumarill, F|100\/100\n|switch|p2a: Clodsire|Clodsire, M|100\/100\n|turn|1\n|\n|t:|1698037516\n|move|p1a: ZUZU|Belly Drum|p1a: ZUZU\n|-damage|p1a: ZUZU|51\/100\n|-setboost|p1a: ZUZU|atk|6|[from] move: Belly Drum\n|move|p2a: Clodsire|Toxic|p1a: ZUZU\n|-status|p1a: ZUZU|tox\n|\n|-damage|p1a: ZUZU|44\/100 tox|[from] psn\n|upkeep\n|turn|2\n|\n|t:|1698037527\n|move|p1a: ZUZU|Draining Kiss|p2a: Clodsire\n|-resisted|p2a: Clodsire\n|-damage|p2a: Clodsire|98\/100\n|-heal|p1a: ZUZU|47\/100 tox|[from] drain|[of] p2a: Clodsire\n|-heal|p1a: ZUZU|47\/100 tox|[from] item: Shell Bell|[of] p2a: Clodsire\n|move|p2a: Clodsire|Toxic Spikes|p1a: ZUZU\n|-sidestart|p1: thejester_711|move: Toxic Spikes\n|\n|-heal|p2a: Clodsire|100\/100|[from] item: Black Sludge\n|-damage|p1a: ZUZU|34\/100 tox|[from] psn\n|upkeep\n|turn|3\n|\n|t:|1698037538\n|move|p1a: ZUZU|Liquidation|p2a: Clodsire\n|-immune|p2a: Clodsire|[from] ability: Water Absorb\n|move|p2a: Clodsire|Toxic Spikes|p1a: ZUZU\n|-sidestart|p1: thejester_711|move: Toxic Spikes\n|\n|-damage|p1a: ZUZU|16\/100 tox|[from] psn\n|upkeep\n|turn|4\n|\n|t:|1698037551\n|switch|p1a: snow fox?|Ninetales-Alola, M|100\/100\n|-weather|Snow|[from] ability: Snow Warning|[of] p1a: snow fox?\n|move|p2a: Clodsire|Earthquake|p1a: snow fox?\n|-damage|p1a: snow fox?|69\/100\n|\n|-weather|Snow|[upkeep]\n|upkeep\n|turn|5\n|\n|t:|1698037562\n|move|p1a: snow fox?|Freeze-Dry|p2a: Clodsire\n|-supereffective|p2a: Clodsire\n|-damage|p2a: Clodsire|69\/100\n|move|p2a: Clodsire|Toxic|p1a: snow fox?\n|-status|p1a: snow fox?|tox\n|\n|-weather|Snow|[upkeep]\n|-heal|p2a: Clodsire|76\/100|[from] item: Black Sludge\n|-damage|p1a: snow fox?|63\/100 tox|[from] psn\n|upkeep\n|turn|6\n|\n|t:|1698037572\n|move|p1a: snow fox?|Freeze-Dry|p2a: Clodsire\n|-supereffective|p2a: Clodsire\n|-damage|p2a: Clodsire|46\/100\n|move|p2a: Clodsire|Recover|p2a: Clodsire\n|-heal|p2a: Clodsire|96\/100\n|\n|-weather|Snow|[upkeep]\n|-heal|p2a: Clodsire|100\/100|[from] item: Black Sludge\n|-damage|p1a: snow fox?|51\/100 tox|[from] psn\n|upkeep\n|turn|7\n|\n|t:|1698037590\n|move|p1a: snow fox?|Moonblast|p2a: Clodsire\n|-resisted|p2a: Clodsire\n|-damage|p2a: Clodsire|91\/100\n|-unboost|p2a: Clodsire|spa|1\n|move|p2a: Clodsire|Recover|p2a: Clodsire\n|-heal|p2a: Clodsire|100\/100\n|\n|-weather|Snow|[upkeep]\n|-damage|p1a: snow fox?|34\/100 tox|[from] psn\n|upkeep\n|turn|8\n|\n|t:|1698037607\n|switch|p1a: oh shit a ghost|Calyrex-Shadow|100\/100\n|-ability|p1a: oh shit a ghost|As One\n|-ability|p1a: oh shit a ghost|Unnerve\n|switch|p2a: Urshifu|Urshifu-Rapid-Strike, F|100\/100\n|\n|-weather|none\n|upkeep\n|turn|9\n|\n|t:|1698037617\n|move|p1a: oh shit a ghost|Astral Barrage|p2a: Urshifu\n|-damage|p2a: Urshifu|0 fnt\n|faint|p2a: Urshifu\n|-ability|p1a: oh shit a ghost|Grim Neigh|boost\n|-boost|p1a: oh shit a ghost|spa|1\n|\n|upkeep\n|\n|t:|1698037625\n|switch|p2a: Corviknight|Corviknight, F|100\/100\n|turn|10\n|\n|t:|1698037630\n|move|p1a: oh shit a ghost|Astral Barrage|p2a: Corviknight\n|-damage|p2a: Corviknight|0 fnt\n|faint|p2a: Corviknight\n|-ability|p1a: oh shit a ghost|Grim Neigh|boost\n|-boost|p1a: oh shit a ghost|spa|1\n|\n|upkeep\n|\n|t:|1698037638\n|switch|p2a: Mewthree|Mewtwo|100\/100\n|-ability|p2a: Mewthree|Pressure\n|turn|11\n|\n|t:|1698037643\n|-terastallize|p2a: Mewthree|Psychic\n|move|p1a: oh shit a ghost|Astral Barrage|p2a: Mewthree\n|-supereffective|p2a: Mewthree\n|-damage|p2a: Mewthree|0 fnt\n|faint|p2a: Mewthree\n|-ability|p1a: oh shit a ghost|Grim Neigh|boost\n|-boost|p1a: oh shit a ghost|spa|1\n|\n|upkeep\n|inactive|Trainer Jeeves has 120 seconds left.\n|inactive|Trainer Jeeves has 90 seconds left.\n|inactive|Trainer Jeeves has 60 seconds left.\n|inactive|Trainer Jeeves has 30 seconds left.\n|inactive|Trainer Jeeves has 20 seconds left.\n|inactive|Trainer Jeeves has 15 seconds left.\n|inactive|Trainer Jeeves has 10 seconds left.\n|inactive|Trainer Jeeves has 5 seconds left.\n|-message|Trainer Jeeves lost due to inactivity.\n|\n|win|thejester_711\n|raw|thejester_711's rating: 1069 &rarr; <strong>1105<\/strong><br \/>(+36 for winning)\n|raw|Trainer Jeeves's rating: 1142 &rarr; <strong>1112<\/strong><br \/>(-30 for losing)\n","uploadtime":1698037792,"views":12,"p1id":"thejester711","p2id":"trainerjeeves","formatid":"gen9anythinggoes","rating":1105,"private":0,"password":""}