{"id":"gen9anythinggoes-1989800948","p1":"ymmwinaround","p2":"eurybie","format":"[Gen 9] Anything Goes","log":"|j|\u2606ymmwinaround\n|j|\u2606eurybie\n|t:|1699896857\n|gametype|singles\n|player|p1|ymmwinaround|jogger|1675\n|player|p2|eurybie|1|1887\n|teamsize|p1|6\n|teamsize|p2|6\n|gen|9\n|tier|[Gen 9] Anything Goes\n|rated|\n|rule|HP Percentage Mod: HP is shown in percentages\n|rule|Endless Battle Clause: Forcing endless battles is banned\n|clearpoke\n|poke|p1|Arceus-Fairy|\n|poke|p1|Ting-Lu|\n|poke|p1|Koraidon|\n|poke|p1|Arceus|\n|poke|p1|Calyrex-Shadow|\n|poke|p1|Toxapex, F|\n|poke|p2|Miraidon|\n|poke|p2|Grimmsnarl, M|\n|poke|p2|Skeledirge, F|\n|poke|p2|Blissey, F|\n|poke|p2|Moltres|\n|poke|p2|Calyrex-Ice|\n|teampreview\n|\n|t:|1699896870\n|start\n|switch|p1a: Koraidon|Koraidon|100\/100\n|switch|p2a: Moltres|Moltres|100\/100\n|-weather|SunnyDay|[from] ability: Orichalcum Pulse|[of] p1a: Koraidon\n|-activate|p1a: Koraidon|Orichalcum Pulse|[source]\n|turn|1\n|\n|t:|1699896899\n|move|p1a: Koraidon|U-turn|p2a: Moltres\n|-resisted|p2a: Moltres\n|-damage|p2a: Moltres|95\/100\n|\n|t:|1699896911\n|switch|p1a: Calyrex|Calyrex-Shadow|100\/100|[from] U-turn\n|-ability|p1a: Calyrex|As One\n|-ability|p1a: Calyrex|Unnerve\n|move|p2a: Moltres|Will-O-Wisp|p1a: Calyrex\n|-status|p1a: Calyrex|brn\n|\n|-weather|SunnyDay|[upkeep]\n|-damage|p1a: Calyrex|94\/100 brn|[from] brn\n|upkeep\n|turn|2\n|\n|t:|1699896926\n|switch|p2a: Grimmsnarl|Grimmsnarl, M|100\/100\n|move|p1a: Calyrex|Trick|p2a: Grimmsnarl\n|-activate|p1a: Calyrex|move: Trick|[of] p2a: Grimmsnarl\n|-item|p2a: Grimmsnarl|Choice Specs|[from] move: Trick\n|-item|p1a: Calyrex|Heavy-Duty Boots|[from] move: Trick\n|\n|-weather|SunnyDay|[upkeep]\n|-damage|p1a: Calyrex|88\/100 brn|[from] brn\n|upkeep\n|turn|3\n|\n|t:|1699896935\n|switch|p1a: Ting-Lu|Ting-Lu|100\/100\n|-ability|p1a: Ting-Lu|Vessel of Ruin\n|move|p2a: Grimmsnarl|Spirit Break|p1a: Ting-Lu\n|-supereffective|p1a: Ting-Lu\n|-damage|p1a: Ting-Lu|66\/100\n|-unboost|p1a: Ting-Lu|spa|1\n|\n|-weather|SunnyDay|[upkeep]\n|-heal|p1a: Ting-Lu|72\/100|[from] item: Leftovers\n|upkeep\n|turn|4\n|\n|t:|1699896959\n|switch|p2a: Calyrex|Calyrex-Ice|100\/100\n|-ability|p2a: Calyrex|As One\n|-ability|p2a: Calyrex|Unnerve\n|switch|p1a: Toxapex|Toxapex, F|100\/100\n|\n|-weather|SunnyDay|[upkeep]\n|upkeep\n|turn|5\n|\n|t:|1699896967\n|switch|p2a: Blissey|Blissey, F|100\/100\n|move|p1a: Toxapex|Toxic|p2a: Blissey\n|-status|p2a: Blissey|tox\n|\n|-weather|none\n|-damage|p2a: Blissey|94\/100 tox|[from] psn\n|upkeep\n|turn|6\n|\n|t:|1699896990\n|-curestatus|p2a: Blissey|tox|[from] ability: Natural Cure\n|switch|p2a: Miraidon|Miraidon|100\/100\n|-fieldstart|move: Electric Terrain|[from] ability: Hadron Engine|[of] p2a: Miraidon\n|switch|p1a: Ting-Lu|Ting-Lu|72\/100\n|-ability|p1a: Ting-Lu|Vessel of Ruin\n|\n|-heal|p1a: Ting-Lu|79\/100|[from] item: Leftovers\n|upkeep\n|turn|7\n|j| FlamingThunderG0d\n|\n|t:|1699897001\n|move|p2a: Miraidon|U-turn|p1a: Ting-Lu\n|-supereffective|p1a: Ting-Lu\n|-damage|p1a: Ting-Lu|65\/100\n|\n|t:|1699897005\n|switch|p2a: Calyrex|Calyrex-Ice|100\/100|[from] U-turn\n|-ability|p2a: Calyrex|As One\n|-ability|p2a: Calyrex|Unnerve\n|move|p1a: Ting-Lu|Spikes|p2a: Calyrex\n|-sidestart|p2: eurybie|Spikes\n|\n|-heal|p1a: Ting-Lu|71\/100|[from] item: Leftovers\n|upkeep\n|turn|8\n|\n|t:|1699897016\n|switch|p1a: Toxapex|Toxapex, F|100\/100\n|move|p2a: Calyrex|Swords Dance|p2a: Calyrex\n|-boost|p2a: Calyrex|atk|2\n|\n|upkeep\n|turn|9\n|\n|t:|1699897033\n|move|p2a: Calyrex|High Horsepower|p1a: Toxapex\n|-supereffective|p1a: Toxapex\n|-damage|p1a: Toxapex|0 fnt\n|-damage|p2a: Calyrex|84\/100|[from] item: Rocky Helmet|[of] p1a: Toxapex\n|faint|p1a: Toxapex\n|-ability|p2a: Calyrex|Chilling Neigh|boost\n|-boost|p2a: Calyrex|atk|1\n|\n|upkeep\n|\n|t:|1699897039\n|switch|p1a: Calyrex|Calyrex-Shadow|88\/100 brn\n|-ability|p1a: Calyrex|As One\n|-ability|p1a: Calyrex|Unnerve\n|turn|10\n|\n|t:|1699897046\n|switch|p2a: Grimmsnarl|Grimmsnarl, M|100\/100\n|-damage|p2a: Grimmsnarl|88\/100|[from] Spikes\n|move|p1a: Calyrex|Astral Barrage|p2a: Grimmsnarl\n|-resisted|p2a: Grimmsnarl\n|-damage|p2a: Grimmsnarl|61\/100\n|\n|-damage|p1a: Calyrex|82\/100 brn|[from] brn\n|-fieldend|move: Electric Terrain\n|upkeep\n|turn|11\n|\n|t:|1699897059\n|switch|p1a: Arceus|Arceus|100\/100\n|switch|p2a: Calyrex|Calyrex-Ice|84\/100\n|-ability|p2a: Calyrex|As One\n|-ability|p2a: Calyrex|Unnerve\n|\n|upkeep\n|turn|12\n|\n|t:|1699897067\n|move|p1a: Arceus|Shadow Claw|p2a: Calyrex\n|-supereffective|p2a: Calyrex\n|-damage|p2a: Calyrex|53\/100\n|move|p2a: Calyrex|Glacial Lance|p1a: Arceus\n|-damage|p1a: Arceus|42\/100\n|\n|upkeep\n|turn|13\n|l|\u2606ymmwinaround\n|player|p1|\n|inactive|Battle timer is ON: inactive players will automatically lose when time's up. (requested by eurybie)\n|inactive|ymmwinaround has 30 seconds to reconnect!\n|inactive|ymmwinaround has 20 seconds to reconnect!\n|inactive|ymmwinaround has 15 seconds to reconnect!\n|inactive|ymmwinaround has 10 seconds to reconnect!\n|inactive|ymmwinaround has 5 seconds to reconnect!\n|-message|ymmwinaround lost due to inactivity.\n|\n|win|eurybie\n|raw|ymmwinaround's rating: 1675 &rarr; <strong>1666<\/strong><br \/>(-9 for losing)\n|raw|eurybie's rating: 1887 &rarr; <strong>1896<\/strong><br \/>(+9 for winning)\n","uploadtime":1699897176,"views":12,"p1id":"ymmwinaround","p2id":"eurybie","formatid":"gen9anythinggoes","rating":1666,"private":0,"password":""}