{"id":"gen9anythinggoes-1988917360","p1":"Wasabi1092","p2":"fooooooxlooooooxo","format":"[Gen 9] Anything Goes","log":"|j|\u2606Wasabi1092\n|j|\u2606fooooooxlooooooxo\n|t:|1699787403\n|gametype|singles\n|player|p1|Wasabi1092|265|1066\n|player|p2|fooooooxlooooooxo|ethan|1000\n|teamsize|p1|6\n|teamsize|p2|6\n|gen|9\n|tier|[Gen 9] Anything Goes\n|rated|\n|rule|HP Percentage Mod: HP is shown in percentages\n|rule|Endless Battle Clause: Forcing endless battles is banned\n|clearpoke\n|poke|p1|Groudon|\n|poke|p1|Groudon|\n|poke|p1|Groudon|\n|poke|p1|Groudon|\n|poke|p1|Groudon|\n|poke|p1|Groudon|\n|poke|p2|Typhlosion, M|\n|poke|p2|Dragonite, M|\n|poke|p2|Mewtwo|\n|poke|p2|Lucario, M|\n|poke|p2|Empoleon, M|\n|poke|p2|Breloom, M|\n|teampreview\n|inactive|Battle timer is ON: inactive players will automatically lose when time's up. (requested by Wasabi1092)\n|\n|t:|1699787411\n|start\n|switch|p1a: Groudon|Groudon|100\/100\n|switch|p2a: Empoleon|Empoleon, M|100\/100\n|-weather|SunnyDay|[from] ability: Drought|[of] p1a: Groudon\n|turn|1\n|\n|t:|1699787416\n|move|p2a: Empoleon|Aqua Jet|p1a: Groudon\n|-supereffective|p1a: Groudon\n|-damage|p1a: Groudon|83\/100\n|move|p1a: Groudon|Fissure|p2a: Empoleon|[miss]\n|-miss|p1a: Groudon|p2a: Empoleon\n|\n|-weather|SunnyDay|[upkeep]\n|upkeep\n|turn|2\n|\n|t:|1699787426\n|switch|p2a: Typhlosion|Typhlosion, M|100\/100\n|move|p1a: Groudon|Fissure|p2a: Typhlosion|[miss]\n|-miss|p1a: Groudon|p2a: Typhlosion\n|\n|-weather|SunnyDay|[upkeep]\n|upkeep\n|turn|3\n|\n|t:|1699787434\n|move|p2a: Typhlosion|Fire Blast|p1a: Groudon\n|-damage|p1a: Groudon|7\/100\n|move|p1a: Groudon|Fissure|p2a: Typhlosion|[miss]\n|-miss|p1a: Groudon|p2a: Typhlosion\n|\n|-weather|SunnyDay|[upkeep]\n|upkeep\n|turn|4\n|\n|t:|1699787441\n|move|p2a: Typhlosion|Fire Blast|p1a: Groudon|[miss]\n|-miss|p2a: Typhlosion|p1a: Groudon\n|move|p1a: Groudon|Fissure|p2a: Typhlosion\n|-damage|p2a: Typhlosion|0 fnt\n|faint|p2a: Typhlosion\n|-ohko\n|\n|-weather|SunnyDay|[upkeep]\n|upkeep\n|\n|t:|1699787446\n|switch|p2a: Dragonite|Dragonite, M|100\/100\n|turn|5\n|-activate|p1a: Groudon|item: Quick Claw\n|\n|t:|1699787448\n|move|p1a: Groudon|Smack Down|p2a: Dragonite\n|-supereffective|p2a: Dragonite\n|-damage|p2a: Dragonite|81\/100\n|-start|p2a: Dragonite|Smack Down\n|move|p2a: Dragonite|Fire Punch|p1a: Groudon\n|-damage|p1a: Groudon|0 fnt\n|faint|p1a: Groudon\n|\n|-weather|none\n|upkeep\n|\n|t:|1699787451\n|switch|p1a: Groudon|Groudon|100\/100\n|-weather|SunnyDay|[from] ability: Drought|[of] p1a: Groudon\n|turn|6\n|-activate|p1a: Groudon|item: Quick Claw\n|\n|t:|1699787460\n|move|p1a: Groudon|Fissure|p2a: Dragonite\n|-damage|p2a: Dragonite|0 fnt\n|faint|p2a: Dragonite\n|-ohko\n|\n|-weather|SunnyDay|[upkeep]\n|upkeep\n|\n|t:|1699787467\n|switch|p2a: Empoleon|Empoleon, M|100\/100\n|turn|7\n|\n|t:|1699787471\n|move|p1a: Groudon|Fissure|p2a: Empoleon|[miss]\n|-miss|p1a: Groudon|p2a: Empoleon\n|move|p2a: Empoleon|Earthquake|p1a: Groudon\n|-damage|p1a: Groudon|72\/100\n|\n|-weather|SunnyDay|[upkeep]\n|upkeep\n|turn|8\n|\n|t:|1699787478\n|move|p1a: Groudon|Fissure|p2a: Empoleon|[miss]\n|-miss|p1a: Groudon|p2a: Empoleon\n|move|p2a: Empoleon|Earthquake|p1a: Groudon\n|-damage|p1a: Groudon|47\/100\n|\n|-weather|SunnyDay|[upkeep]\n|upkeep\n|turn|9\n|\n|t:|1699787484\n|move|p1a: Groudon|Fissure|p2a: Empoleon|[miss]\n|-miss|p1a: Groudon|p2a: Empoleon\n|move|p2a: Empoleon|Earthquake|p1a: Groudon\n|-damage|p1a: Groudon|20\/100\n|\n|-weather|SunnyDay|[upkeep]\n|upkeep\n|turn|10\n|\n|t:|1699787489\n|move|p1a: Groudon|Fissure|p2a: Empoleon|[miss]\n|-miss|p1a: Groudon|p2a: Empoleon\n|move|p2a: Empoleon|Earthquake|p1a: Groudon\n|-damage|p1a: Groudon|0 fnt\n|faint|p1a: Groudon\n|\n|-weather|none\n|upkeep\n|\n|t:|1699787493\n|switch|p1a: Groudon|Groudon|100\/100\n|-weather|SunnyDay|[from] ability: Drought|[of] p1a: Groudon\n|turn|11\n|\n|t:|1699787496\n|move|p1a: Groudon|Fissure|p2a: Empoleon|[miss]\n|-miss|p1a: Groudon|p2a: Empoleon\n|move|p2a: Empoleon|Earthquake|p1a: Groudon\n|-damage|p1a: Groudon|73\/100\n|\n|-weather|SunnyDay|[upkeep]\n|upkeep\n|turn|12\n|\n|t:|1699787503\n|move|p1a: Groudon|Fissure|p2a: Empoleon|[miss]\n|-miss|p1a: Groudon|p2a: Empoleon\n|move|p2a: Empoleon|Earthquake|p1a: Groudon\n|-damage|p1a: Groudon|47\/100\n|\n|-weather|SunnyDay|[upkeep]\n|upkeep\n|turn|13\n|\n|t:|1699787508\n|move|p1a: Groudon|Fissure|p2a: Empoleon|[miss]\n|-miss|p1a: Groudon|p2a: Empoleon\n|move|p2a: Empoleon|Earthquake|p1a: Groudon\n|-damage|p1a: Groudon|19\/100\n|\n|-weather|SunnyDay|[upkeep]\n|upkeep\n|turn|14\n|\n|t:|1699787513\n|move|p1a: Groudon|Fissure|p2a: Empoleon|[miss]\n|-miss|p1a: Groudon|p2a: Empoleon\n|move|p2a: Empoleon|Earthquake|p1a: Groudon\n|-damage|p1a: Groudon|0 fnt\n|faint|p1a: Groudon\n|\n|-weather|SunnyDay|[upkeep]\n|upkeep\n|\n|t:|1699787515\n|switch|p1a: Groudon|Groudon|100\/100\n|turn|15\n|\n|t:|1699787522\n|move|p1a: Groudon|Fissure|p2a: Empoleon|[miss]\n|-miss|p1a: Groudon|p2a: Empoleon\n|move|p2a: Empoleon|Earthquake|p1a: Groudon\n|-damage|p1a: Groudon|73\/100\n|\n|-weather|none\n|upkeep\n|turn|16\n|-activate|p1a: Groudon|item: Quick Claw\n|\n|t:|1699787529\n|move|p1a: Groudon|Fissure|p2a: Empoleon|[miss]\n|-miss|p1a: Groudon|p2a: Empoleon\n|move|p2a: Empoleon|Earthquake|p1a: Groudon\n|-damage|p1a: Groudon|47\/100\n|\n|upkeep\n|turn|17\n|-activate|p1a: Groudon|item: Quick Claw\n|\n|t:|1699787536\n|move|p1a: Groudon|Fissure|p2a: Empoleon|[miss]\n|-miss|p1a: Groudon|p2a: Empoleon\n|move|p2a: Empoleon|Earthquake|p1a: Groudon\n|-damage|p1a: Groudon|20\/100\n|\n|upkeep\n|turn|18\n|\n|t:|1699787543\n|move|p1a: Groudon|Fissure|p2a: Empoleon|[miss]\n|-miss|p1a: Groudon|p2a: Empoleon\n|move|p2a: Empoleon|Earthquake|p1a: Groudon\n|-damage|p1a: Groudon|0 fnt\n|faint|p1a: Groudon\n|\n|upkeep\n|\n|t:|1699787546\n|switch|p1a: Groudon|Groudon|100\/100\n|-weather|SunnyDay|[from] ability: Drought|[of] p1a: Groudon\n|turn|19\n|\n|t:|1699787550\n|move|p1a: Groudon|Fissure|p2a: Empoleon|[miss]\n|-miss|p1a: Groudon|p2a: Empoleon\n|move|p2a: Empoleon|Earthquake|p1a: Groudon\n|-damage|p1a: Groudon|73\/100\n|\n|-weather|SunnyDay|[upkeep]\n|upkeep\n|turn|20\n|\n|t:|1699787553\n|move|p1a: Groudon|Fissure|p2a: Empoleon|[miss]\n|-miss|p1a: Groudon|p2a: Empoleon\n|move|p2a: Empoleon|Earthquake|p1a: Groudon\n|-damage|p1a: Groudon|48\/100\n|\n|-weather|SunnyDay|[upkeep]\n|upkeep\n|turn|21\n|\n|t:|1699787558\n|move|p1a: Groudon|Fissure|p2a: Empoleon|[miss]\n|-miss|p1a: Groudon|p2a: Empoleon\n|move|p2a: Empoleon|Earthquake|p1a: Groudon\n|-crit|p1a: Groudon\n|-damage|p1a: Groudon|4\/100\n|\n|-weather|SunnyDay|[upkeep]\n|upkeep\n|turn|22\n|\n|t:|1699787565\n|move|p1a: Groudon|Fissure|p2a: Empoleon\n|-damage|p2a: Empoleon|0 fnt\n|faint|p2a: Empoleon\n|-ohko\n|\n|-weather|SunnyDay|[upkeep]\n|upkeep\n|\n|t:|1699787570\n|switch|p2a: Breloom|Breloom, M|100\/100\n|turn|23\n|\n|t:|1699787583\n|move|p1a: Groudon|Fissure|p2a: Breloom\n|-damage|p2a: Breloom|0 fnt\n|faint|p2a: Breloom\n|-ohko\n|\n|-weather|none\n|upkeep\n|\n|t:|1699787589\n|switch|p2a: Mewtwo|Mewtwo|100\/100\n|-ability|p2a: Mewtwo|Pressure\n|turn|24\n|\n|t:|1699787592\n|move|p2a: Mewtwo|Aura Sphere|p1a: Groudon\n|-damage|p1a: Groudon|0 fnt\n|faint|p1a: Groudon\n|\n|upkeep\n|\n|t:|1699787595\n|switch|p1a: Groudon|Groudon|100\/100\n|-weather|SunnyDay|[from] ability: Drought|[of] p1a: Groudon\n|turn|25\n|\n|t:|1699787601\n|move|p2a: Mewtwo|Aura Sphere|p1a: Groudon\n|-damage|p1a: Groudon|68\/100\n|move|p1a: Groudon|Fissure|p2a: Mewtwo|[miss]\n|-miss|p1a: Groudon|p2a: Mewtwo\n|\n|-weather|SunnyDay|[upkeep]\n|upkeep\n|turn|26\n|\n|t:|1699787605\n|move|p2a: Mewtwo|Aura Sphere|p1a: Groudon\n|-damage|p1a: Groudon|40\/100\n|move|p1a: Groudon|Fissure|p2a: Mewtwo|[miss]\n|-miss|p1a: Groudon|p2a: Mewtwo\n|\n|-weather|SunnyDay|[upkeep]\n|upkeep\n|turn|27\n|-activate|p1a: Groudon|item: Quick Claw\n|\n|t:|1699787610\n|move|p1a: Groudon|Fissure|p2a: Mewtwo\n|-damage|p2a: Mewtwo|0 fnt\n|faint|p2a: Mewtwo\n|-ohko\n|\n|-weather|SunnyDay|[upkeep]\n|upkeep\n|\n|t:|1699787616\n|switch|p2a: Lucario|Lucario, M|100\/100\n|turn|28\n|\n|t:|1699787621\n|-terastallize|p1a: Groudon|Water\n|move|p2a: Lucario|Dragon Pulse|p1a: Groudon\n|-damage|p1a: Groudon|14\/100\n|move|p1a: Groudon|Fissure|p2a: Lucario|[miss]\n|-miss|p1a: Groudon|p2a: Lucario\n|\n|-weather|SunnyDay|[upkeep]\n|upkeep\n|turn|29\n|-activate|p1a: Groudon|item: Quick Claw\n|\n|t:|1699787628\n|move|p1a: Groudon|Fissure|p2a: Lucario|[miss]\n|-miss|p1a: Groudon|p2a: Lucario\n|move|p2a: Lucario|Dragon Pulse|p1a: Groudon\n|-damage|p1a: Groudon|0 fnt\n|faint|p1a: Groudon\n|\n|win|fooooooxlooooooxo\n|raw|Wasabi1092's rating: 1066 &rarr; <strong>1042<\/strong><br \/>(-24 for losing)\n|raw|fooooooxlooooooxo's rating: 1000 &rarr; <strong>1048<\/strong><br \/>(+48 for winning)\n|l|\u2606Wasabi1092\n","uploadtime":1699787644,"views":12,"p1id":"wasabi1092","p2id":"fooooooxlooooooxo","formatid":"gen9anythinggoes","rating":1042,"private":0,"password":""}