{"id":"gen9anythinggoes-1982243251","p1":"person13","p2":"XAVIEROCKSTAR5","format":"[Gen 9] Anything Goes","log":"|j|\u2606person13\n|j|\u2606XAVIEROCKSTAR5\n|t:|1698983558\n|gametype|singles\n|player|p1|person13|pokekid|1596\n|player|p2|XAVIEROCKSTAR5|steven|1602\n|teamsize|p1|6\n|teamsize|p2|6\n|gen|9\n|tier|[Gen 9] Anything Goes\n|rated|\n|rule|HP Percentage Mod: HP is shown in percentages\n|rule|Endless Battle Clause: Forcing endless battles is banned\n|clearpoke\n|poke|p1|Flutter Mane|\n|poke|p1|Skeledirge, M|\n|poke|p1|Koraidon|\n|poke|p1|Donphan, F|\n|poke|p1|Kingambit, F|\n|poke|p1|Glimmora, M|\n|poke|p2|Arceus|\n|poke|p2|Mewtwo|\n|poke|p2|Cinderace, F|\n|poke|p2|Dragapult, M|\n|poke|p2|Zacian-*|\n|poke|p2|Miraidon|\n|teampreview\n|inactive|Battle timer is ON: inactive players will automatically lose when time's up. (requested by XAVIEROCKSTAR5)\n|\n|t:|1698983566\n|start\n|switch|p1a: Koraidon|Koraidon|100\/100\n|switch|p2a: Mewtwo|Mewtwo|100\/100\n|-ability|p2a: Mewtwo|Unnerve\n|-weather|SunnyDay|[from] ability: Orichalcum Pulse|[of] p1a: Koraidon\n|-activate|p1a: Koraidon|Orichalcum Pulse|[source]\n|turn|1\n|\n|t:|1698983578\n|switch|p2a: Miraidon|Miraidon|100\/100\n|-fieldstart|move: Electric Terrain|[from] ability: Hadron Engine|[of] p2a: Miraidon\n|move|p1a: Koraidon|U-turn|p2a: Miraidon\n|-damage|p2a: Miraidon|54\/100\n|\n|t:|1698983582\n|switch|p1a: Flutter Mane|Flutter Mane, shiny|100\/100|[from] U-turn\n|-activate|p1a: Flutter Mane|ability: Protosynthesis\n|-start|p1a: Flutter Mane|protosynthesisspe\n|\n|-weather|SunnyDay|[upkeep]\n|upkeep\n|turn|2\n|\n|t:|1698983590\n|move|p1a: Flutter Mane|Moonblast|p2a: Miraidon\n|-supereffective|p2a: Miraidon\n|-damage|p2a: Miraidon|0 fnt\n|faint|p2a: Miraidon\n|\n|-weather|SunnyDay|[upkeep]\n|upkeep\n|\n|t:|1698983597\n|switch|p2a: Cinderace|Cinderace, F|100\/100\n|turn|3\n|\n|t:|1698983602\n|-end|p1a: Flutter Mane|Protosynthesis|[silent]\n|switch|p1a: Skeledirge|Skeledirge, M|100\/100\n|move|p2a: Cinderace|Gunk Shot|p1a: Skeledirge\n|-start|p2a: Cinderace|typechange|Poison|[from] ability: Libero\n|-resisted|p1a: Skeledirge\n|-damage|p1a: Skeledirge|76\/100\n|\n|-weather|SunnyDay|[upkeep]\n|-heal|p1a: Skeledirge|82\/100|[from] item: Leftovers\n|upkeep\n|turn|4\n|\n|t:|1698983612\n|switch|p2a: Arceus|Arceus|100\/100\n|move|p1a: Skeledirge|Will-O-Wisp|p2a: Arceus\n|-status|p2a: Arceus|brn\n|\n|-weather|SunnyDay|[upkeep]\n|-heal|p1a: Skeledirge|88\/100|[from] item: Leftovers\n|-damage|p2a: Arceus|94\/100 brn|[from] brn\n|upkeep\n|turn|5\n|\n|t:|1698983618\n|move|p2a: Arceus|Swords Dance|p2a: Arceus\n|-boost|p2a: Arceus|atk|2\n|move|p1a: Skeledirge|Torch Song|p2a: Arceus\n|-damage|p2a: Arceus|61\/100 brn\n|-boost|p1a: Skeledirge|spa|1\n|\n|-weather|none\n|-heal|p2a: Arceus|67\/100 brn|[from] item: Leftovers\n|-heal|p1a: Skeledirge|94\/100|[from] item: Leftovers\n|-damage|p2a: Arceus|61\/100 brn|[from] brn\n|-fieldend|move: Electric Terrain\n|upkeep\n|turn|6\n|\n|t:|1698983623\n|move|p2a: Arceus|Shadow Claw|p1a: Skeledirge\n|-supereffective|p1a: Skeledirge\n|-damage|p1a: Skeledirge|76\/100\n|move|p1a: Skeledirge|Torch Song|p2a: Arceus\n|-damage|p2a: Arceus|24\/100 brn\n|-boost|p1a: Skeledirge|spa|1\n|\n|-heal|p2a: Arceus|30\/100 brn|[from] item: Leftovers\n|-heal|p1a: Skeledirge|82\/100|[from] item: Leftovers\n|-damage|p2a: Arceus|24\/100 brn|[from] brn\n|upkeep\n|turn|7\n|\n|t:|1698983630\n|move|p2a: Arceus|Shadow Claw|p1a: Skeledirge\n|-supereffective|p1a: Skeledirge\n|-damage|p1a: Skeledirge|62\/100\n|move|p1a: Skeledirge|Slack Off|p1a: Skeledirge\n|-heal|p1a: Skeledirge|100\/100\n|\n|-heal|p2a: Arceus|30\/100 brn|[from] item: Leftovers\n|-damage|p2a: Arceus|24\/100 brn|[from] brn\n|upkeep\n|turn|8\n|\n|t:|1698983635\n|move|p2a: Arceus|Shadow Claw|p1a: Skeledirge\n|-supereffective|p1a: Skeledirge\n|-damage|p1a: Skeledirge|80\/100\n|move|p1a: Skeledirge|Torch Song|p2a: Arceus\n|-damage|p2a: Arceus|0 fnt\n|-boost|p1a: Skeledirge|spa|1\n|faint|p2a: Arceus\n|\n|-heal|p1a: Skeledirge|86\/100|[from] item: Leftovers\n|upkeep\n|\n|t:|1698983642\n|switch|p2a: Mewtwo|Mewtwo|100\/100\n|-ability|p2a: Mewtwo|Unnerve\n|turn|9\n|\n|t:|1698983647\n|-terastallize|p2a: Mewtwo|Normal\n|move|p2a: Mewtwo|Earth Power|p1a: Skeledirge\n|-supereffective|p1a: Skeledirge\n|-damage|p1a: Skeledirge|37\/100\n|move|p1a: Skeledirge|Torch Song|p2a: Mewtwo\n|-damage|p2a: Mewtwo|25\/100\n|-boost|p1a: Skeledirge|spa|1\n|\n|-heal|p1a: Skeledirge|43\/100|[from] item: Leftovers\n|upkeep\n|turn|10\n|\n|t:|1698983662\n|switch|p1a: Koraidon|Koraidon|100\/100\n|-weather|SunnyDay|[from] ability: Orichalcum Pulse|[of] p1a: Koraidon\n|-activate|p1a: Koraidon|Orichalcum Pulse|[source]\n|move|p2a: Mewtwo|Psystrike|p1a: Koraidon\n|-supereffective|p1a: Koraidon\n|-damage|p1a: Koraidon|2\/100\n|\n|-weather|SunnyDay|[upkeep]\n|upkeep\n|turn|11\n|\n|t:|1698983671\n|switch|p2a: Cinderace|Cinderace, F|100\/100\n|move|p1a: Koraidon|U-turn|p2a: Cinderace\n|-resisted|p2a: Cinderace\n|-damage|p2a: Cinderace|67\/100\n|\n|t:|1698983677\n|switch|p1a: Skeledirge|Skeledirge, M|43\/100|[from] U-turn\n|\n|-weather|SunnyDay|[upkeep]\n|-heal|p1a: Skeledirge|49\/100|[from] item: Leftovers\n|upkeep\n|turn|12\n|\n|t:|1698983684\n|move|p2a: Cinderace|Pyro Ball|p1a: Skeledirge\n|-resisted|p1a: Skeledirge\n|-damage|p1a: Skeledirge|15\/100\n|move|p1a: Skeledirge|Slack Off|p1a: Skeledirge\n|-heal|p1a: Skeledirge|65\/100\n|\n|-weather|SunnyDay|[upkeep]\n|-heal|p1a: Skeledirge|71\/100|[from] item: Leftovers\n|upkeep\n|turn|13\n|\n|t:|1698983690\n|move|p2a: Cinderace|Pyro Ball|p1a: Skeledirge\n|-resisted|p1a: Skeledirge\n|-damage|p1a: Skeledirge|32\/100\n|move|p1a: Skeledirge|Slack Off|p1a: Skeledirge\n|-heal|p1a: Skeledirge|82\/100\n|\n|-weather|SunnyDay|[upkeep]\n|-heal|p1a: Skeledirge|88\/100|[from] item: Leftovers\n|upkeep\n|turn|14\n|\n|t:|1698983695\n|move|p2a: Cinderace|Pyro Ball|p1a: Skeledirge\n|-resisted|p1a: Skeledirge\n|-damage|p1a: Skeledirge|54\/100\n|move|p1a: Skeledirge|Yawn|p2a: Cinderace\n|-start|p2a: Cinderace|move: Yawn|[of] p1a: Skeledirge\n|\n|-weather|none\n|-heal|p1a: Skeledirge|60\/100|[from] item: Leftovers\n|upkeep\n|turn|15\n|\n|t:|1698983700\n|switch|p2a: Dragapult|Dragapult, M|100\/100\n|move|p1a: Skeledirge|Slack Off|p1a: Skeledirge\n|-heal|p1a: Skeledirge|100\/100\n|\n|upkeep\n|turn|16\n|\n|t:|1698983708\n|move|p2a: Dragapult|Phantom Force||[still]\n|-prepare|p2a: Dragapult|Phantom Force\n|move|p1a: Skeledirge|Will-O-Wisp|p2a: Dragapult|[miss]\n|-miss|p1a: Skeledirge|p2a: Dragapult\n|\n|upkeep\n|turn|17\n|\n|t:|1698983711\n|move|p2a: Dragapult|Phantom Force|p1a: Skeledirge|[from]lockedmove\n|-supereffective|p1a: Skeledirge\n|-damage|p1a: Skeledirge|24\/100\n|move|p1a: Skeledirge|Will-O-Wisp|p2a: Dragapult\n|-status|p2a: Dragapult|brn\n|\n|-heal|p1a: Skeledirge|30\/100|[from] item: Leftovers\n|-damage|p2a: Dragapult|95\/100 brn|[from] brn\n|upkeep\n|turn|18\n|\n|t:|1698983725\n|move|p2a: Dragapult|Dragon Darts|p1a: Skeledirge\n|-damage|p1a: Skeledirge|19\/100\n|-anim|p2a: Dragapult|Dragon Darts|p1a: Skeledirge\n|-damage|p1a: Skeledirge|8\/100\n|move|p1a: Skeledirge|Slack Off|p1a: Skeledirge\n|-heal|p1a: Skeledirge|58\/100\n|\n|-heal|p1a: Skeledirge|64\/100|[from] item: Leftovers\n|-damage|p2a: Dragapult|89\/100 brn|[from] brn\n|upkeep\n|turn|19\n|\n|t:|1698983730\n|move|p2a: Dragapult|Dragon Dance|p2a: Dragapult\n|-boost|p2a: Dragapult|atk|1\n|-boost|p2a: Dragapult|spe|1\n|move|p1a: Skeledirge|Slack Off|p1a: Skeledirge\n|-heal|p1a: Skeledirge|100\/100\n|\n|-damage|p2a: Dragapult|83\/100 brn|[from] brn\n|upkeep\n|turn|20\n|\n|t:|1698983738\n|switch|p1a: Glimmora|Glimmora, M|100\/100\n|move|p2a: Dragapult|Dragon Dance|p2a: Dragapult\n|-boost|p2a: Dragapult|atk|1\n|-boost|p2a: Dragapult|spe|1\n|\n|-damage|p2a: Dragapult|77\/100 brn|[from] brn\n|upkeep\n|turn|21\n|\n|t:|1698983744\n|switch|p2a: Mewtwo|Mewtwo, tera:Normal|25\/100\n|-ability|p2a: Mewtwo|Unnerve\n|move|p1a: Glimmora|Power Gem|p2a: Mewtwo\n|-damage|p2a: Mewtwo|0 fnt\n|faint|p2a: Mewtwo\n|\n|upkeep\n|-message|XAVIEROCKSTAR5 forfeited.\n|\n|win|person13\n|raw|person13's rating: 1596 &rarr; <strong>1616<\/strong><br \/>(+20 for winning)\n|raw|XAVIEROCKSTAR5's rating: 1602 &rarr; <strong>1582<\/strong><br \/>(-20 for losing)\n|l|\u2606XAVIEROCKSTAR5\n","uploadtime":1698983761,"views":5,"p1id":"person13","p2id":"xavierockstar5","formatid":"gen9anythinggoes","rating":1582,"private":0,"password":""}