{"id":"gen9anythinggoes-1981584100","p1":"AGisgood","p2":"mid ladder memes","format":"[Gen 9] Anything Goes","log":"|j|\u2606AGisgood\n|j|\u2606mid ladder memes\n|inactive|Battle timer is ON: inactive players will automatically lose when time's up.\n|t:|1698922149\n|gametype|singles\n|player|p1|AGisgood|cynthia-gen4|\n|player|p2|mid ladder memes|saguaro|\n|teamsize|p1|6\n|teamsize|p2|6\n|gen|9\n|tier|[Gen 9] Anything Goes\n|rated|Tournament battle\n|rule|HP Percentage Mod: HP is shown in percentages\n|rule|Endless Battle Clause: Forcing endless battles is banned\n|clearpoke\n|poke|p1|Koraidon|\n|poke|p1|Toxapex, M|\n|poke|p1|Arceus|\n|poke|p1|Koraidon|\n|poke|p1|Ting-Lu|\n|poke|p1|Calyrex-Shadow|\n|poke|p2|Calyrex-Shadow|\n|poke|p2|Umbreon, M|\n|poke|p2|Alomomola, M|\n|poke|p2|Koraidon|\n|poke|p2|Arceus-Poison|\n|poke|p2|Ting-Lu|\n|teampreview\n|inactive|AGisgood also wants the timer to be on.\n|j| C0ld as Ice\n|c|\u2606mid ladder memes|glhf\n|j| Laprasplayer\n|j| ZowwyCafe\u2764\n|c|\u2606AGisgood|u2\n|\n|t:|1698922160\n|start\n|switch|p1a: Koraidon|Koraidon|100\/100\n|switch|p2a: king of seas|Alomomola, M|100\/100\n|-weather|SunnyDay|[from] ability: Orichalcum Pulse|[of] p1a: Koraidon\n|-activate|p1a: Koraidon|Orichalcum Pulse|[source]\n|turn|1\n|\n|t:|1698922164\n|move|p1a: Koraidon|Swords Dance|p1a: Koraidon\n|-boost|p1a: Koraidon|atk|2\n|move|p2a: king of seas|Flip Turn|p1a: Koraidon\n|-resisted|p1a: Koraidon\n|-damage|p1a: Koraidon|97\/100\n|\n|t:|1698922170\n|switch|p2a: king of horses|Calyrex-Shadow|100\/100|[from] Flip Turn\n|-ability|p2a: king of horses|As One\n|-ability|p2a: king of horses|Unnerve\n|\n|-weather|SunnyDay|[upkeep]\n|-heal|p1a: Koraidon|100\/100|[from] item: Leftovers\n|upkeep\n|turn|2\n|l| C0ld as Ice\n|j| C0ld as Ice\n|\n|t:|1698922196\n|-terastallize|p1a: Koraidon|Fire\n|move|p2a: king of horses|Astral Barrage|p1a: Koraidon\n|-damage|p1a: Koraidon|0 fnt\n|faint|p1a: Koraidon\n|-ability|p2a: king of horses|Grim Neigh|boost\n|-boost|p2a: king of horses|spa|1\n|\n|-weather|SunnyDay|[upkeep]\n|upkeep\n|c|\u2606mid ladder memes|lol\n|\n|t:|1698922204\n|switch|p1a: Calyrex|Calyrex-Shadow|100\/100\n|-ability|p1a: Calyrex|As One\n|-ability|p1a: Calyrex|Unnerve\n|turn|3\n|\n|t:|1698922210\n|switch|p2a: king of night|Umbreon, M|100\/100\n|switch|p1a: Koraidon|Koraidon|100\/100\n|-activate|p1a: Koraidon|ability: Orichalcum Pulse\n|\n|-weather|SunnyDay|[upkeep]\n|upkeep\n|turn|4\n|\n|t:|1698922218\n|switch|p1a: Arceus|Arceus|100\/100\n|switch|p2a: king of seas|Alomomola, M|100\/100\n|\n|-weather|SunnyDay|[upkeep]\n|upkeep\n|turn|5\n|\n|t:|1698922223\n|switch|p1a: Toxapex|Toxapex, M|100\/100\n|move|p2a: king of seas|Flip Turn|p1a: Toxapex\n|-resisted|p1a: Toxapex\n|-damage|p1a: Toxapex|98\/100\n|-damage|p2a: king of seas|84\/100|[from] item: Rocky Helmet|[of] p1a: Toxapex\n|\n|t:|1698922226\n|switch|p2a: king of horses|Calyrex-Shadow|100\/100|[from] Flip Turn\n|-ability|p2a: king of horses|As One\n|-ability|p2a: king of horses|Unnerve\n|\n|-weather|none\n|upkeep\n|turn|6\n|\n|t:|1698922232\n|switch|p1a: Arceus|Arceus|100\/100\n|move|p2a: king of horses|Grass Knot|p1a: Arceus\n|-damage|p1a: Arceus|45\/100\n|\n|-heal|p1a: Arceus|52\/100|[from] item: Leftovers\n|upkeep\n|turn|7\n|\n|t:|1698922237\n|move|p2a: king of horses|Grass Knot|p1a: Arceus\n|-damage|p1a: Arceus|0 fnt\n|faint|p1a: Arceus\n|-ability|p2a: king of horses|Grim Neigh|boost\n|-boost|p2a: king of horses|spa|1\n|\n|upkeep\n|\n|t:|1698922240\n|switch|p1a: Koraidon|Koraidon|100\/100\n|-weather|SunnyDay|[from] ability: Orichalcum Pulse|[of] p1a: Koraidon\n|-activate|p1a: Koraidon|Orichalcum Pulse|[source]\n|turn|8\n|\n|t:|1698922243\n|switch|p2a: king of seas|Alomomola, M|100\/100\n|move|p1a: Koraidon|Flare Blitz|p2a: king of seas\n|-resisted|p2a: king of seas\n|-damage|p2a: king of seas|77\/100\n|-damage|p1a: Koraidon|84\/100|[from] item: Rocky Helmet|[of] p2a: king of seas\n|-damage|p1a: Koraidon|72\/100|[from] Recoil\n|\n|-weather|SunnyDay|[upkeep]\n|upkeep\n|turn|9\n|\n|t:|1698922248\n|switch|p1a: Calyrex|Calyrex-Shadow|100\/100\n|-ability|p1a: Calyrex|As One\n|-ability|p1a: Calyrex|Unnerve\n|move|p2a: king of seas|Flip Turn|p1a: Calyrex\n|-damage|p1a: Calyrex|91\/100\n|\n|t:|1698922253\n|switch|p2a: king of disease|Ting-Lu|100\/100|[from] Flip Turn\n|-ability|p2a: king of disease|Vessel of Ruin\n|\n|-weather|SunnyDay|[upkeep]\n|upkeep\n|turn|10\n|\n|t:|1698922257\n|switch|p1a: Ting-Lu|Ting-Lu|100\/100\n|-ability|p1a: Ting-Lu|Vessel of Ruin\n|move|p2a: king of disease|Spikes|p1a: Ting-Lu\n|-sidestart|p1: AGisgood|Spikes\n|\n|-weather|SunnyDay|[upkeep]\n|upkeep\n|turn|11\n|\n|t:|1698922262\n|switch|p2a: king of rising sun|Koraidon|100\/100\n|-activate|p2a: king of rising sun|ability: Orichalcum Pulse\n|move|p1a: Ting-Lu|Taunt|p2a: king of rising sun\n|-start|p2a: king of rising sun|move: Taunt\n|\n|-weather|SunnyDay|[upkeep]\n|upkeep\n|turn|12\n|\n|t:|1698922265\n|switch|p1a: Toxapex|Toxapex, M|100\/100\n|-damage|p1a: Toxapex|88\/100|[from] Spikes\n|move|p2a: king of rising sun|U-turn|p1a: Toxapex\n|-resisted|p1a: Toxapex\n|-damage|p1a: Toxapex|79\/100\n|-damage|p2a: king of rising sun|84\/100|[from] item: Rocky Helmet|[of] p1a: Toxapex\n|\n|t:|1698922267\n|switch|p2a: king of horses|Calyrex-Shadow|100\/100|[from] U-turn\n|-ability|p2a: king of horses|As One\n|-ability|p2a: king of horses|Unnerve\n|\n|-weather|none\n|upkeep\n|turn|13\n|\n|t:|1698922271\n|switch|p1a: Koraidon|Koraidon|72\/100\n|-damage|p1a: Koraidon|59\/100|[from] Spikes\n|-weather|SunnyDay|[from] ability: Orichalcum Pulse|[of] p1a: Koraidon\n|-activate|p1a: Koraidon|Orichalcum Pulse|[source]\n|move|p2a: king of horses|Astral Barrage|p1a: Koraidon\n|-damage|p1a: Koraidon|0 fnt\n|faint|p1a: Koraidon\n|-ability|p2a: king of horses|Grim Neigh|boost\n|-boost|p2a: king of horses|spa|1\n|\n|-weather|SunnyDay|[upkeep]\n|upkeep\n|\n|t:|1698922276\n|switch|p1a: Calyrex|Calyrex-Shadow|91\/100\n|-ability|p1a: Calyrex|As One\n|-ability|p1a: Calyrex|Unnerve\n|turn|14\n|\n|t:|1698922281\n|switch|p2a: king of disease|Ting-Lu|100\/100\n|-ability|p2a: king of disease|Vessel of Ruin\n|move|p1a: Calyrex|Astral Barrage|p2a: king of disease\n|-resisted|p2a: king of disease\n|-damage|p2a: king of disease|85\/100\n|\n|-weather|SunnyDay|[upkeep]\n|-heal|p2a: king of disease|92\/100|[from] item: Leftovers\n|upkeep\n|turn|15\n|c|\u2606AGisgood|ggwp\n|-message|AGisgood forfeited.\n|\n|win|mid ladder memes\n|n|\u2606AGisgood|agisgood\n|n|\u2606mid ladder memes|midladdermemes\n|n| Laprasplayer|laprasplayer\n|n| ZowwyCafe\u2764|zowwycafe\n|n| C0ld as Ice|c0ldasice\n","uploadtime":1698922293,"views":10,"p1id":"agisgood","p2id":"midladdermemes","formatid":"gen9anythinggoes","rating":0,"private":0,"password":""}