{"id":"gen9anythinggoes-1983354146","p1":"theluckyone26","p2":"ChimeBliss","format":"[Gen 9] Anything Goes","log":"|j|\u2606theluckyone26\n|j|\u2606ChimeBliss\n|t:|1699121329\n|gametype|singles\n|player|p1|theluckyone26|169|1303\n|player|p2|ChimeBliss|bianca-pwt|1456\n|teamsize|p1|6\n|teamsize|p2|6\n|gen|9\n|tier|[Gen 9] Anything Goes\n|rated|\n|rule|HP Percentage Mod: HP is shown in percentages\n|rule|Endless Battle Clause: Forcing endless battles is banned\n|clearpoke\n|poke|p1|Iron Bundle|\n|poke|p1|Scovillain, M|\n|poke|p1|Calyrex-Shadow|\n|poke|p1|Sneasler, F|\n|poke|p1|Ditto|\n|poke|p1|Urshifu-*, F|\n|poke|p2|Grimmsnarl, M|\n|poke|p2|Glimmora, F|\n|poke|p2|Arceus|\n|poke|p2|Arceus-Ground|\n|poke|p2|Koraidon|\n|poke|p2|Calyrex-Shadow|\n|teampreview\n|inactive|Battle timer is ON: inactive players will automatically lose when time's up. (requested by ChimeBliss)\n|\n|t:|1699121340\n|start\n|switch|p1a: Urshifu|Urshifu-Rapid-Strike, F|100\/100\n|switch|p2a: Glimmora|Glimmora, F|100\/100\n|turn|1\n|\n|t:|1699121360\n|move|p1a: Urshifu|Surging Strikes|p2a: Glimmora\n|-supereffective|p2a: Glimmora\n|-crit|p2a: Glimmora\n|-damage|p2a: Glimmora|51\/100\n|-activate|p2a: Glimmora|ability: Toxic Debris\n|-sidestart|p1: theluckyone26|move: Toxic Spikes\n|-supereffective|p2a: Glimmora\n|-crit|p2a: Glimmora\n|-damage|p2a: Glimmora|0 fnt\n|-activate|p2a: Glimmora|ability: Toxic Debris\n|-sidestart|p1: theluckyone26|move: Toxic Spikes\n|faint|p2a: Glimmora\n|-hitcount|p2: Glimmora|2\n|\n|upkeep\n|\n|t:|1699121373\n|switch|p2a: Koraidon|Koraidon|100\/100\n|-weather|SunnyDay|[from] ability: Orichalcum Pulse|[of] p2a: Koraidon\n|-activate|p2a: Koraidon|Orichalcum Pulse|[source]\n|turn|2\n|\n|t:|1699121377\n|move|p2a: Koraidon|Swords Dance|p2a: Koraidon\n|-boost|p2a: Koraidon|atk|2\n|move|p1a: Urshifu|Ice Spinner|p2a: Koraidon\n|-supereffective|p2a: Koraidon\n|-damage|p2a: Koraidon|47\/100\n|\n|-weather|SunnyDay|[upkeep]\n|upkeep\n|turn|3\n|\n|t:|1699121382\n|move|p2a: Koraidon|Scale Shot|p1a: Urshifu|[miss]\n|-miss|p2a: Koraidon|p1a: Urshifu\n|move|p1a: Urshifu|Ice Spinner|p2a: Koraidon\n|-supereffective|p2a: Koraidon\n|-damage|p2a: Koraidon|0 fnt\n|faint|p2a: Koraidon\n|\n|-weather|SunnyDay|[upkeep]\n|upkeep\n|\n|t:|1699121394\n|switch|p2a: Calyrex|Calyrex-Shadow|100\/100\n|-ability|p2a: Calyrex|As One\n|-ability|p2a: Calyrex|Unnerve\n|turn|4\n|\n|t:|1699121401\n|move|p2a: Calyrex|Nasty Plot|p2a: Calyrex\n|-boost|p2a: Calyrex|spa|2\n|move|p1a: Urshifu|Surging Strikes|p2a: Calyrex\n|-crit|p2a: Calyrex\n|-damage|p2a: Calyrex|89\/100\n|-crit|p2a: Calyrex\n|-damage|p2a: Calyrex|79\/100\n|-crit|p2a: Calyrex\n|-damage|p2a: Calyrex|68\/100\n|-hitcount|p2a: Calyrex|3\n|\n|-weather|SunnyDay|[upkeep]\n|-heal|p2a: Calyrex|75\/100|[from] item: Leftovers\n|upkeep\n|turn|5\n|\n|t:|1699121405\n|move|p2a: Calyrex|Astral Barrage|p1a: Urshifu\n|-damage|p1a: Urshifu|0 fnt\n|faint|p1a: Urshifu\n|-ability|p2a: Calyrex|Grim Neigh|boost\n|-boost|p2a: Calyrex|spa|1\n|\n|-weather|SunnyDay|[upkeep]\n|-heal|p2a: Calyrex|81\/100|[from] item: Leftovers\n|upkeep\n|\n|t:|1699121410\n|switch|p1a: Sneasler|Sneasler, F, shiny|100\/100\n|-sideend|p1: theluckyone26|move: Toxic Spikes|[of] p1a: Sneasler\n|turn|6\n|\n|t:|1699121416\n|-terastallize|p1a: Sneasler|Ground\n|move|p2a: Calyrex|Astral Barrage|p1a: Sneasler\n|-enditem|p1a: Sneasler|Focus Sash\n|-damage|p1a: Sneasler|1\/100\n|move|p1a: Sneasler|Tera Blast|p2a: Calyrex|[anim] Tera Blast Ground\n|-damage|p2a: Calyrex|39\/100\n|\n|-weather|none\n|-heal|p2a: Calyrex|45\/100|[from] item: Leftovers\n|upkeep\n|turn|7\n|\n|t:|1699121427\n|move|p1a: Sneasler|Tera Blast|p2a: Calyrex|[anim] Tera Blast Ground\n|-damage|p2a: Calyrex|4\/100\n|move|p2a: Calyrex|Draining Kiss|p1a: Sneasler\n|-damage|p1a: Sneasler|0 fnt\n|-heal|p2a: Calyrex|4\/100|[from] drain|[of] p1a: Sneasler\n|faint|p1a: Sneasler\n|-ability|p2a: Calyrex|Grim Neigh|boost\n|-boost|p2a: Calyrex|spa|1\n|\n|-heal|p2a: Calyrex|10\/100|[from] item: Leftovers\n|upkeep\n|\n|t:|1699121433\n|switch|p1a: Ditto|Ditto|100\/100\n|-transform|p1a: Ditto|p2a: Calyrex|[from] ability: Imposter\n|turn|8\n|\n|t:|1699121442\n|switch|p2a: Arceus|Arceus|100\/100\n|move|p1a: Ditto|Draining Kiss|p2a: Arceus\n|-damage|p2a: Arceus|67\/100\n|\n|-heal|p2a: Arceus|74\/100|[from] item: Leftovers\n|upkeep\n|turn|9\n|\n|t:|1699121451\n|move|p1a: Ditto|Draining Kiss|p2a: Arceus\n|-damage|p2a: Arceus|38\/100\n|move|p2a: Arceus|Shadow Claw|p1a: Ditto\n|-supereffective|p1a: Ditto\n|-damage|p1a: Ditto|0 fnt\n|faint|p1a: Ditto\n|\n|-heal|p2a: Arceus|44\/100|[from] item: Leftovers\n|upkeep\n|\n|t:|1699121456\n|switch|p1a: Scovillain|Scovillain, M|100\/100\n|turn|10\n|\n|t:|1699121463\n|switch|p2a: Grimmsnarl|Grimmsnarl, M|100\/100\n|move|p1a: Scovillain|Leech Seed|p2a: Grimmsnarl\n|-start|p2a: Grimmsnarl|move: Leech Seed\n|\n|-damage|p2a: Grimmsnarl|88\/100|[from] Leech Seed|[of] p1a: Scovillain\n|-ability|p1a: Scovillain|Moody|boost\n|-boost|p1a: Scovillain|spa|2\n|-unboost|p1a: Scovillain|atk|1\n|upkeep\n|turn|11\n|\n|t:|1699121466\n|move|p2a: Grimmsnarl|Taunt|p1a: Scovillain\n|-start|p1a: Scovillain|move: Taunt\n|cant|p1a: Scovillain|move: Taunt|Substitute\n|\n|-damage|p2a: Grimmsnarl|76\/100|[from] Leech Seed|[of] p1a: Scovillain\n|-ability|p1a: Scovillain|Moody|boost\n|-boost|p1a: Scovillain|spe|2\n|-unboost|p1a: Scovillain|spa|1\n|upkeep\n|turn|12\n|\n|t:|1699121473\n|switch|p1a: Calyrex|Calyrex-Shadow|100\/100\n|-ability|p1a: Calyrex|As One\n|-ability|p1a: Calyrex|Unnerve\n|move|p2a: Grimmsnarl|Light Screen|p2a: Grimmsnarl\n|-sidestart|p2: ChimeBliss|move: Light Screen\n|\n|-damage|p2a: Grimmsnarl|63\/100|[from] Leech Seed|[of] p1a: Calyrex\n|upkeep\n|turn|13\n|\n|t:|1699121485\n|move|p2a: Grimmsnarl|Taunt|p1a: Calyrex\n|-start|p1a: Calyrex|move: Taunt\n|move|p1a: Calyrex|Draining Kiss|p2a: Grimmsnarl\n|-supereffective|p2a: Grimmsnarl\n|-damage|p2a: Grimmsnarl|46\/100\n|\n|-damage|p2a: Grimmsnarl|34\/100|[from] Leech Seed|[of] p1a: Calyrex\n|upkeep\n|turn|14\n|\n|t:|1699121490\n|move|p1a: Calyrex|Draining Kiss|p2a: Grimmsnarl\n|-supereffective|p2a: Grimmsnarl\n|-damage|p2a: Grimmsnarl|18\/100\n|move|p2a: Grimmsnarl|Spirit Break|p1a: Calyrex\n|-damage|p1a: Calyrex|61\/100\n|-unboost|p1a: Calyrex|spa|1\n|\n|-damage|p2a: Grimmsnarl|5\/100|[from] Leech Seed|[of] p1a: Calyrex\n|-heal|p1a: Calyrex|76\/100|[silent]\n|upkeep\n|turn|15\n|\n|t:|1699121493\n|move|p1a: Calyrex|Draining Kiss|p2a: Grimmsnarl\n|-supereffective|p2a: Grimmsnarl\n|-damage|p2a: Grimmsnarl|0 fnt\n|-heal|p1a: Calyrex|80\/100|[from] drain|[of] p2a: Grimmsnarl\n|faint|p2a: Grimmsnarl\n|-ability|p1a: Calyrex|Grim Neigh|boost\n|-boost|p1a: Calyrex|spa|1\n|\n|-end|p1a: Calyrex|move: Taunt\n|upkeep\n|\n|t:|1699121501\n|switch|p2a: Arceus|Arceus|44\/100\n|turn|16\n|\n|t:|1699121525\n|switch|p1a: Iron Bundle|Iron Bundle, shiny|100\/100\n|-enditem|p1a: Iron Bundle|Booster Energy\n|-activate|p1a: Iron Bundle|ability: Quark Drive|[fromitem]\n|-start|p1a: Iron Bundle|quarkdrivespe\n|move|p2a: Arceus|Bulk Up|p2a: Arceus\n|-boost|p2a: Arceus|atk|1\n|-boost|p2a: Arceus|def|1\n|\n|-heal|p2a: Arceus|50\/100|[from] item: Leftovers\n|upkeep\n|turn|17\n|\n|t:|1699121532\n|-terastallize|p2a: Arceus|Normal\n|move|p2a: Arceus|Extreme Speed|p1a: Iron Bundle\n|-damage|p1a: Iron Bundle|0 fnt\n|faint|p1a: Iron Bundle\n|-end|p1a: Iron Bundle|Quark Drive|[silent]\n|\n|-heal|p2a: Arceus|57\/100|[from] item: Leftovers\n|upkeep\n|\n|t:|1699121537\n|switch|p1a: Calyrex|Calyrex-Shadow|80\/100\n|-ability|p1a: Calyrex|As One\n|-ability|p1a: Calyrex|Unnerve\n|turn|18\n|\n|t:|1699121540\n|move|p1a: Calyrex|Draining Kiss|p2a: Arceus\n|-damage|p2a: Arceus|50\/100\n|-heal|p1a: Calyrex|86\/100|[from] drain|[of] p2a: Arceus\n|move|p2a: Arceus|Shadow Claw|p1a: Calyrex\n|-supereffective|p1a: Calyrex\n|-damage|p1a: Calyrex|0 fnt\n|faint|p1a: Calyrex\n|\n|-heal|p2a: Arceus|56\/100|[from] item: Leftovers\n|upkeep\n|\n|t:|1699121542\n|switch|p1a: Scovillain|Scovillain, M|100\/100\n|turn|19\n|\n|t:|1699121545\n|move|p1a: Scovillain|Protect|p1a: Scovillain\n|-singleturn|p1a: Scovillain|Protect\n|move|p2a: Arceus|Extreme Speed|p1a: Scovillain\n|-activate|p1a: Scovillain|move: Protect\n|\n|-heal|p2a: Arceus|62\/100|[from] item: Leftovers\n|-sideend|p2: ChimeBliss|move: Light Screen\n|-ability|p1a: Scovillain|Moody|boost\n|-boost|p1a: Scovillain|atk|2\n|-unboost|p1a: Scovillain|spe|1\n|upkeep\n|turn|20\n|\n|t:|1699121546\n|move|p2a: Arceus|Extreme Speed|p1a: Scovillain\n|-damage|p1a: Scovillain|0 fnt\n|faint|p1a: Scovillain\n|\n|win|ChimeBliss\n|raw|theluckyone26's rating: 1303 &rarr; <strong>1291<\/strong><br \/>(-12 for losing)\n|raw|ChimeBliss's rating: 1456 &rarr; <strong>1468<\/strong><br \/>(+12 for winning)\n|l|\u2606theluckyone26\n","uploadtime":1699121551,"views":5,"p1id":"theluckyone26","p2id":"chimebliss","formatid":"gen9anythinggoes","rating":1291,"private":0,"password":""}