{"id":"gen9anythinggoes-1979475394","p1":"Terra_Spectrum8293","p2":"Dhenrf","format":"[Gen 9] Anything Goes","log":"|j|\u2606Terra_Spectrum8293\n|j|\u2606Dhenrf\n|t:|1698685630\n|gametype|singles\n|player|p1|Terra_Spectrum8293|nessa|\n|player|p2|Dhenrf|lady-gen4|\n|teamsize|p1|6\n|teamsize|p2|6\n|gen|9\n|tier|[Gen 9] Anything Goes\n|rule|HP Percentage Mod: HP is shown in percentages\n|rule|Endless Battle Clause: Forcing endless battles is banned\n|clearpoke\n|poke|p1|Glimmora, M|\n|poke|p1|Dondozo, M|\n|poke|p1|Polteageist|\n|poke|p1|Grimmsnarl, M|\n|poke|p1|Scream Tail|\n|poke|p1|Zacian-*|\n|poke|p2|Articuno-Galar|\n|poke|p2|Articuno|\n|poke|p2|Zapdos-Galar|\n|poke|p2|Zapdos|\n|poke|p2|Moltres-Galar|\n|poke|p2|Moltres|\n|teampreview\n|inactive|Battle timer is ON: inactive players will automatically lose when time's up. (requested by Terra_Spectrum8293)\n|inactive|Dhenrf has 270 seconds left.\n|\n|t:|1698685666\n|start\n|switch|p1a: Flower|Glimmora, M|100\/100\n|switch|p2a: Moltres|Moltres|100\/100\n|-ability|p2a: Moltres|Pressure\n|turn|1\n|\n|t:|1698685672\n|move|p1a: Flower|Stealth Rock|p2a: Moltres\n|-sidestart|p2: Dhenrf|move: Stealth Rock\n|move|p2a: Moltres|Will-O-Wisp|p1a: Flower\n|-status|p1a: Flower|brn\n|\n|-damage|p1a: Flower|94\/100 brn|[from] brn\n|upkeep\n|turn|2\n|\n|t:|1698685697\n|switch|p2a: Moltres|Moltres-Galar|100\/100\n|-damage|p2a: Moltres|75\/100|[from] Stealth Rock\n|move|p1a: Flower|Spikes|p2a: Moltres\n|-sidestart|p2: Dhenrf|Spikes\n|\n|-heal|p2a: Moltres|82\/100|[from] item: Leftovers\n|-damage|p1a: Flower|88\/100 brn|[from] brn\n|upkeep\n|turn|3\n|\n|t:|1698685711\n|switch|p1a: Whale|Dondozo, M|100\/100\n|move|p2a: Moltres|Fiery Wrath|p1a: Whale\n|-damage|p1a: Whale|58\/100\n|\n|-heal|p2a: Moltres|88\/100|[from] item: Leftovers\n|-heal|p1a: Whale|64\/100|[from] item: Leftovers\n|upkeep\n|turn|4\n|\n|t:|1698685732\n|move|p2a: Moltres|Fiery Wrath|p1a: Whale\n|-damage|p1a: Whale|23\/100\n|cant|p1a: Whale|flinch\n|\n|-heal|p2a: Moltres|94\/100|[from] item: Leftovers\n|-heal|p1a: Whale|29\/100|[from] item: Leftovers\n|upkeep\n|turn|5\n|\n|t:|1698685741\n|move|p2a: Moltres|Fiery Wrath|p1a: Whale\n|-damage|p1a: Whale|0 fnt\n|faint|p1a: Whale\n|\n|-heal|p2a: Moltres|100\/100|[from] item: Leftovers\n|upkeep\n|\n|t:|1698685748\n|switch|p1a: Abominable Orc|Grimmsnarl, M, shiny|100\/100\n|turn|6\n|\n|t:|1698685756\n|move|p1a: Abominable Orc|Light Screen|p1a: Abominable Orc\n|-sidestart|p1: Terra_Spectrum8293|move: Light Screen\n|move|p2a: Moltres|Tailwind|p2a: Moltres\n|-sidestart|p2: Dhenrf|move: Tailwind\n|\n|upkeep\n|turn|7\n|\n|t:|1698685786\n|move|p1a: Abominable Orc|Reflect|p1a: Abominable Orc\n|-sidestart|p1: Terra_Spectrum8293|Reflect\n|move|p2a: Moltres|Air Slash|p1a: Abominable Orc\n|-damage|p1a: Abominable Orc|87\/100\n|\n|upkeep\n|turn|8\n|\n|t:|1698685796\n|move|p1a: Abominable Orc|Taunt|p2a: Moltres\n|-hint|Since gen 7, Dark is immune to Prankster moves.\n|-immune|p2a: Moltres\n|move|p2a: Moltres|Air Slash|p1a: Abominable Orc\n|-damage|p1a: Abominable Orc|73\/100\n|\n|upkeep\n|turn|9\n|\n|t:|1698685805\n|switch|p1a: Slurp|Polteageist|100\/100\n|move|p2a: Moltres|Air Slash|p1a: Slurp\n|-damage|p1a: Slurp|78\/100\n|\n|-sideend|p2: Dhenrf|move: Tailwind\n|upkeep\n|turn|10\n|\n|t:|1698685822\n|move|p1a: Slurp|Shell Smash|p1a: Slurp\n|-unboost|p1a: Slurp|def|1\n|-unboost|p1a: Slurp|spd|1\n|-boost|p1a: Slurp|atk|2\n|-boost|p1a: Slurp|spa|2\n|-boost|p1a: Slurp|spe|2\n|-enditem|p1a: Slurp|White Herb\n|-clearnegativeboost|p1a: Slurp|[silent]\n|move|p2a: Moltres|Fiery Wrath|p1a: Slurp\n|-supereffective|p1a: Slurp\n|-damage|p1a: Slurp|28\/100\n|\n|upkeep\n|turn|11\n|\n|t:|1698685832\n|move|p1a: Slurp|Baton Pass|p1a: Slurp\n|\n|t:|1698685835\n|switch|p1a: Sakura|Zacian-Crowned|100\/100|[from] Baton Pass\n|-ability|p1a: Sakura|Intrepid Sword|boost\n|-boost|p1a: Sakura|atk|1\n|move|p2a: Moltres|Fiery Wrath|p1a: Sakura\n|-resisted|p1a: Sakura\n|-damage|p1a: Sakura|90\/100\n|\n|upkeep\n|turn|12\n|\n|t:|1698685845\n|move|p1a: Sakura|Behemoth Blade|p2a: Moltres\n|-damage|p2a: Moltres|0 fnt\n|faint|p2a: Moltres\n|\n|upkeep\n|\n|t:|1698685850\n|switch|p2a: Moltres|Moltres|100\/100\n|-damage|p2a: Moltres|50\/100|[from] Stealth Rock\n|-ability|p2a: Moltres|Pressure\n|turn|13\n|\n|t:|1698685858\n|move|p2a: Moltres|Protect|p2a: Moltres\n|-singleturn|p2a: Moltres|Protect\n|move|p1a: Sakura|Play Rough|p2a: Moltres\n|-activate|p2a: Moltres|move: Protect\n|\n|-heal|p2a: Moltres|57\/100|[from] item: Leftovers\n|-sideend|p1: Terra_Spectrum8293|move: Light Screen\n|upkeep\n|turn|14\n|\n|t:|1698685866\n|move|p1a: Sakura|Play Rough|p2a: Moltres\n|-resisted|p2a: Moltres\n|-damage|p2a: Moltres|0 fnt\n|faint|p2a: Moltres\n|\n|-sideend|p1: Terra_Spectrum8293|Reflect\n|upkeep\n|\n|t:|1698685878\n|switch|p2a: Zapdos|Zapdos|100\/100\n|-damage|p2a: Zapdos|76\/100|[from] Stealth Rock\n|turn|15\n|\n|t:|1698685884\n|move|p1a: Sakura|Play Rough|p2a: Zapdos\n|-damage|p2a: Zapdos|0 fnt\n|-status|p1a: Sakura|par|[from] ability: Static|[of] p2a: Zapdos\n|faint|p2a: Zapdos\n|\n|upkeep\n|\n|t:|1698685890\n|switch|p2a: Zapdos|Zapdos-Galar|100\/100\n|-damage|p2a: Zapdos|88\/100|[from] Stealth Rock\n|turn|16\n|\n|t:|1698685895\n|move|p1a: Sakura|Play Rough|p2a: Zapdos\n|-supereffective|p2a: Zapdos\n|-damage|p2a: Zapdos|0 fnt\n|faint|p2a: Zapdos\n|\n|upkeep\n|\n|t:|1698685903\n|switch|p2a: Articuno|Articuno|100\/100\n|-damage|p2a: Articuno|50\/100|[from] Stealth Rock\n|-ability|p2a: Articuno|Pressure\n|turn|17\n|\n|t:|1698685908\n|move|p1a: Sakura|Behemoth Blade|p2a: Articuno\n|-supereffective|p2a: Articuno\n|-damage|p2a: Articuno|0 fnt\n|faint|p2a: Articuno\n|\n|upkeep\n|\n|t:|1698685910\n|switch|p2a: Articuno|Articuno-Galar|100\/100\n|-damage|p2a: Articuno|76\/100|[from] Stealth Rock\n|turn|18\n|\n|t:|1698685915\n|-terastallize|p2a: Articuno|Psychic\n|move|p1a: Sakura|Behemoth Blade|p2a: Articuno\n|-damage|p2a: Articuno|0 fnt\n|faint|p2a: Articuno\n|\n|win|Terra_Spectrum8293\n|l|\u2606Dhenrf\n","uploadtime":1698685927,"views":5,"p1id":"terraspectrum8293","p2id":"dhenrf","formatid":"gen9anythinggoes","rating":0,"private":0,"password":""}