{"id":"gen9anythinggoes-1980179567","p1":"jojo5394","p2":"puddingss","format":"[Gen 9] Anything Goes","log":"|j|\u203djojo5394\n|j|\u2606puddingss\n|t:|1698764127\n|gametype|singles\n|player|p1|jojo5394|2|1706\n|player|p2|puddingss|steven|1632\n|teamsize|p1|6\n|teamsize|p2|6\n|gen|9\n|tier|[Gen 9] Anything Goes\n|rated|\n|rule|HP Percentage Mod: HP is shown in percentages\n|rule|Endless Battle Clause: Forcing endless battles is banned\n|clearpoke\n|poke|p1|Calyrex-Shadow|\n|poke|p1|Arceus-Ground|\n|poke|p1|Zacian-*|\n|poke|p1|Miraidon|\n|poke|p1|Skeledirge, F|\n|poke|p1|Glimmora, M|\n|poke|p2|Arceus|\n|poke|p2|Calyrex-Ice|\n|poke|p2|Arceus-Fairy|\n|poke|p2|Ursaluna-Bloodmoon, M|\n|poke|p2|Rayquaza|\n|poke|p2|Koraidon|\n|teampreview\n|inactive|Battle timer is ON: inactive players will automatically lose when time's up. (requested by puddingss)\n|\n|t:|1698764143\n|start\n|switch|p1a: Miraidon|Miraidon|100\/100\n|switch|p2a: Rayquaza|Rayquaza|100\/100\n|-fieldstart|move: Electric Terrain|[from] ability: Hadron Engine|[of] p1a: Miraidon\n|-ability|p2a: Rayquaza|Air Lock\n|turn|1\n|\n|t:|1698764147\n|move|p1a: Miraidon|Volt Switch|p2a: Rayquaza\n|-damage|p2a: Rayquaza|30\/100\n|\n|t:|1698764152\n|switch|p1a: Glimmora|Glimmora, M|100\/100|[from] Volt Switch\n|move|p2a: Rayquaza|Stealth Rock|p1a: Glimmora\n|-sidestart|p1: jojo5394|move: Stealth Rock\n|\n|upkeep\n|turn|2\n|\n|t:|1698764158\n|move|p2a: Rayquaza|Stealth Rock||[still]\n|-fail|p2a: Rayquaza\n|move|p1a: Glimmora|Mortal Spin|p2a: Rayquaza\n|-damage|p2a: Rayquaza|22\/100\n|-status|p2a: Rayquaza|psn\n|-sideend|p1: jojo5394|Stealth Rock|[from] move: Mortal Spin|[of] p1a: Glimmora\n|\n|-damage|p2a: Rayquaza|10\/100 psn|[from] psn\n|upkeep\n|turn|3\n|\n|t:|1698764166\n|move|p2a: Rayquaza|Earth Power|p1a: Glimmora\n|-supereffective|p1a: Glimmora\n|-enditem|p1a: Glimmora|Focus Sash\n|-damage|p1a: Glimmora|1\/100\n|move|p1a: Glimmora|Mortal Spin|p2a: Rayquaza\n|-damage|p2a: Rayquaza|2\/100 psn\n|\n|-damage|p2a: Rayquaza|0 fnt|[from] psn\n|faint|p2a: Rayquaza\n|upkeep\n|\n|t:|1698764173\n|switch|p2a: Ursaluna|Ursaluna-Bloodmoon, M|100\/100\n|turn|4\n|\n|t:|1698764179\n|move|p2a: Ursaluna|Vacuum Wave|p1a: Glimmora\n|-damage|p1a: Glimmora|0 fnt\n|faint|p1a: Glimmora\n|-damage|p2a: Ursaluna|90\/100|[from] item: Life Orb\n|\n|upkeep\n|\n|t:|1698764187\n|switch|p1a: Arceus|Arceus-Ground|100\/100\n|turn|5\n|\n|t:|1698764192\n|move|p1a: Arceus|Dragon Dance|p1a: Arceus\n|-boost|p1a: Arceus|atk|1\n|-boost|p1a: Arceus|spe|1\n|move|p2a: Ursaluna|Calm Mind|p2a: Ursaluna\n|-boost|p2a: Ursaluna|spa|1\n|-boost|p2a: Ursaluna|spd|1\n|\n|-fieldend|move: Electric Terrain\n|upkeep\n|turn|6\n|\n|t:|1698764200\n|-terastallize|p2a: Ursaluna|Normal\n|move|p1a: Arceus|Earthquake|p2a: Ursaluna\n|-damage|p2a: Ursaluna|26\/100\n|move|p2a: Ursaluna|Blood Moon|p1a: Arceus\n|-damage|p1a: Arceus|0 fnt\n|faint|p1a: Arceus\n|-damage|p2a: Ursaluna|16\/100|[from] item: Life Orb\n|\n|upkeep\n|\n|t:|1698764207\n|switch|p1a: Miraidon|Miraidon|100\/100\n|-fieldstart|move: Electric Terrain|[from] ability: Hadron Engine|[of] p1a: Miraidon\n|turn|7\n|\n|t:|1698764216\n|switch|p2a: Arceus|Arceus-Fairy|100\/100\n|move|p1a: Miraidon|Volt Switch|p2a: Arceus\n|-damage|p2a: Arceus|70\/100\n|\n|t:|1698764222\n|switch|p1a: Zacian|Zacian-Crowned|100\/100|[from] Volt Switch\n|-ability|p1a: Zacian|Intrepid Sword|boost\n|-boost|p1a: Zacian|atk|1\n|\n|upkeep\n|turn|8\n|\n|t:|1698764225\n|move|p1a: Zacian|Behemoth Blade|p2a: Arceus\n|-supereffective|p2a: Arceus\n|-damage|p2a: Arceus|0 fnt\n|faint|p2a: Arceus\n|\n|upkeep\n|\n|t:|1698764228\n|switch|p2a: Arceus|Arceus|100\/100\n|turn|9\n|\n|t:|1698764234\n|move|p1a: Zacian|Sacred Sword|p2a: Arceus\n|-supereffective|p2a: Arceus\n|-enditem|p2a: Arceus|Chople Berry|[eat]\n|-enditem|p2a: Arceus|Chople Berry|[weaken]\n|-damage|p2a: Arceus|68\/100\n|move|p2a: Arceus|Trick Room|p2a: Arceus\n|-fieldstart|move: Trick Room|[of] p2a: Arceus\n|\n|upkeep\n|turn|10\n|\n|t:|1698764245\n|switch|p2a: Ursaluna|Ursaluna-Bloodmoon, M, tera:Normal|16\/100\n|move|p1a: Zacian|Sacred Sword|p2a: Ursaluna\n|-supereffective|p2a: Ursaluna\n|-damage|p2a: Ursaluna|0 fnt\n|faint|p2a: Ursaluna\n|\n|upkeep\n|\n|t:|1698764248\n|switch|p2a: Calyrex|Calyrex-Ice|100\/100\n|-ability|p2a: Calyrex|As One\n|-ability|p2a: Calyrex|Unnerve\n|turn|11\n|\n|t:|1698764260\n|move|p2a: Calyrex|High Horsepower|p1a: Zacian\n|-supereffective|p1a: Zacian\n|-damage|p1a: Zacian|0 fnt\n|faint|p1a: Zacian\n|-ability|p2a: Calyrex|Chilling Neigh|boost\n|-boost|p2a: Calyrex|atk|1\n|\n|-fieldend|move: Electric Terrain\n|upkeep\n|\n|t:|1698764266\n|switch|p1a: Skeledirge|Skeledirge, F|100\/100\n|turn|12\n|\n|t:|1698764269\n|move|p2a: Calyrex|High Horsepower|p1a: Skeledirge\n|-supereffective|p1a: Skeledirge\n|-damage|p1a: Skeledirge|0 fnt\n|faint|p1a: Skeledirge\n|-ability|p2a: Calyrex|Chilling Neigh|boost\n|-boost|p2a: Calyrex|atk|1\n|\n|upkeep\n|\n|t:|1698764279\n|switch|p1a: Calyrex|Calyrex-Shadow|100\/100\n|-ability|p1a: Calyrex|As One\n|-ability|p1a: Calyrex|Unnerve\n|turn|13\n|\n|t:|1698764286\n|move|p2a: Calyrex|High Horsepower|p1a: Calyrex\n|-enditem|p1a: Calyrex|Focus Sash\n|-damage|p1a: Calyrex|1\/100\n|move|p1a: Calyrex|Astral Barrage|p2a: Calyrex\n|-supereffective|p2a: Calyrex\n|-damage|p2a: Calyrex|7\/100\n|\n|-fieldend|move: Trick Room\n|upkeep\n|turn|14\n|\n|t:|1698764293\n|move|p1a: Calyrex|Astral Barrage|p2a: Calyrex\n|-supereffective|p2a: Calyrex\n|-damage|p2a: Calyrex|0 fnt\n|faint|p2a: Calyrex\n|-ability|p1a: Calyrex|Grim Neigh|boost\n|-boost|p1a: Calyrex|spa|1\n|\n|upkeep\n|\n|t:|1698764296\n|switch|p2a: Koraidon|Koraidon|100\/100\n|-weather|SunnyDay|[from] ability: Orichalcum Pulse|[of] p2a: Koraidon\n|-activate|p2a: Koraidon|Orichalcum Pulse|[source]\n|turn|15\n|\n|t:|1698764301\n|move|p2a: Koraidon|Dragon Claw|p1a: Calyrex\n|-damage|p1a: Calyrex|0 fnt\n|faint|p1a: Calyrex\n|\n|-weather|SunnyDay|[upkeep]\n|upkeep\n|\n|t:|1698764303\n|switch|p1a: Miraidon|Miraidon|100\/100\n|-fieldstart|move: Electric Terrain|[from] ability: Hadron Engine|[of] p1a: Miraidon\n|turn|16\n|\n|t:|1698764309\n|-terastallize|p1a: Miraidon|Electric\n|move|p1a: Miraidon|Dazzling Gleam|p2a: Koraidon\n|-supereffective|p2a: Koraidon\n|-damage|p2a: Koraidon|0 fnt\n|faint|p2a: Koraidon\n|\n|-weather|SunnyDay|[upkeep]\n|upkeep\n|\n|t:|1698764313\n|switch|p2a: Arceus|Arceus|68\/100\n|turn|17\n|\n|t:|1698764317\n|move|p2a: Arceus|Extreme Speed|p1a: Miraidon\n|-damage|p1a: Miraidon|69\/100\n|move|p1a: Miraidon|Dazzling Gleam|p2a: Arceus\n|-damage|p2a: Arceus|47\/100\n|\n|-weather|SunnyDay|[upkeep]\n|upkeep\n|turn|18\n|\n|t:|1698764320\n|move|p1a: Miraidon|Dazzling Gleam|p2a: Arceus\n|-damage|p2a: Arceus|26\/100\n|move|p2a: Arceus|Recover|p2a: Arceus\n|-heal|p2a: Arceus|76\/100\n|\n|-weather|SunnyDay|[upkeep]\n|upkeep\n|turn|19\n|\n|t:|1698764324\n|move|p2a: Arceus|Extreme Speed|p1a: Miraidon\n|-damage|p1a: Miraidon|35\/100\n|move|p1a: Miraidon|Dazzling Gleam|p2a: Arceus\n|-damage|p2a: Arceus|57\/100\n|\n|-weather|none\n|upkeep\n|turn|20\n|\n|t:|1698764326\n|move|p1a: Miraidon|Dazzling Gleam|p2a: Arceus\n|-damage|p2a: Arceus|35\/100\n|move|p2a: Arceus|Recover|p2a: Arceus\n|-heal|p2a: Arceus|85\/100\n|\n|-fieldend|move: Electric Terrain\n|upkeep\n|turn|21\n|\n|t:|1698764330\n|move|p2a: Arceus|Extreme Speed|p1a: Miraidon\n|-damage|p1a: Miraidon|0 fnt\n|faint|p1a: Miraidon\n|\n|win|puddingss\n|raw|jojo5394's rating: 1706 &rarr; <strong>1682<\/strong><br \/>(-24 for losing)\n|raw|puddingss's rating: 1632 &rarr; <strong>1656<\/strong><br \/>(+24 for winning)\n|l|\u203djojo5394\n","uploadtime":1698764356,"views":7,"p1id":"jojo5394","p2id":"puddingss","formatid":"gen9anythinggoes","rating":1656,"private":0,"password":""}