{"id":"gen9anythinggoes-1983660678","p1":"sabp","p2":"gaming rn!","format":"[Gen 9] Anything Goes","log":"|j|\u2606sabp\n|j|\u2606gaming rn!\n|t:|1699155316\n|gametype|singles\n|player|p1|sabp|marshal|1461\n|player|p2|gaming rn!|brendan|1399\n|teamsize|p1|6\n|teamsize|p2|6\n|gen|9\n|tier|[Gen 9] Anything Goes\n|rated|\n|rule|HP Percentage Mod: HP is shown in percentages\n|rule|Endless Battle Clause: Forcing endless battles is banned\n|clearpoke\n|poke|p1|Calyrex-Shadow|\n|poke|p1|Zacian-*|\n|poke|p1|Sneasler, F|\n|poke|p1|Grimmsnarl, M|\n|poke|p1|Kingambit, M|\n|poke|p1|Shaymin-Sky|\n|poke|p2|Espathra, F|\n|poke|p2|Hatterene, F|\n|poke|p2|Drifblim, M|\n|poke|p2|Vaporeon, M|\n|poke|p2|Venomoth, M|\n|poke|p2|Magearna|\n|teampreview\n|\n|t:|1699155336\n|start\n|switch|p1a: Kingambit|Kingambit, M, shiny|100\/100\n|switch|p2a: Espathra|Espathra, F|100\/100\n|turn|1\n|\n|t:|1699155340\n|move|p2a: Espathra|Substitute|p2a: Espathra\n|-start|p2a: Espathra|Substitute\n|-damage|p2a: Espathra|76\/100\n|move|p1a: Kingambit|Swords Dance|p1a: Kingambit\n|-boost|p1a: Kingambit|atk|2\n|\n|-ability|p2a: Espathra|Speed Boost|boost\n|-boost|p2a: Espathra|spe|1\n|upkeep\n|turn|2\n|\n|t:|1699155345\n|move|p2a: Espathra|Calm Mind|p2a: Espathra\n|-boost|p2a: Espathra|spa|1\n|-boost|p2a: Espathra|spd|1\n|move|p1a: Kingambit|Kowtow Cleave|p2a: Espathra\n|-supereffective|p2a: Espathra\n|-end|p2a: Espathra|Substitute\n|\n|-ability|p2a: Espathra|Speed Boost|boost\n|-boost|p2a: Espathra|spe|1\n|upkeep\n|turn|3\n|\n|t:|1699155348\n|move|p2a: Espathra|Protect|p2a: Espathra\n|-singleturn|p2a: Espathra|Protect\n|move|p1a: Kingambit|Kowtow Cleave|p2a: Espathra\n|-activate|p2a: Espathra|move: Protect\n|\n|-ability|p2a: Espathra|Speed Boost|boost\n|-boost|p2a: Espathra|spe|1\n|upkeep\n|turn|4\n|-activate|p1a: Kingambit|item: Quick Claw\n|\n|t:|1699155350\n|move|p1a: Kingambit|Kowtow Cleave|p2a: Espathra\n|-supereffective|p2a: Espathra\n|-crit|p2a: Espathra\n|-damage|p2a: Espathra|0 fnt\n|faint|p2a: Espathra\n|\n|upkeep\n|c|\u2606gaming rn!|dang\n|c|\u2606gaming rn!|i cant even be mad\n|c|\u2606sabp|\uff57\uff57\uff57\n|\n|t:|1699155371\n|switch|p2a: Venomoth|Venomoth, M, shiny|100\/100\n|turn|5\n|\n|t:|1699155376\n|move|p2a: Venomoth|Sleep Powder|p1a: Kingambit\n|-status|p1a: Kingambit|slp|[from] move: Sleep Powder\n|cant|p1a: Kingambit|slp\n|\n|upkeep\n|turn|6\n|-activate|p1a: Kingambit|item: Quick Claw\n|\n|t:|1699155379\n|cant|p1a: Kingambit|slp\n|move|p2a: Venomoth|Substitute|p2a: Venomoth\n|-start|p2a: Venomoth|Substitute\n|-damage|p2a: Venomoth|75\/100\n|\n|upkeep\n|turn|7\n|\n|t:|1699155383\n|move|p2a: Venomoth|Quiver Dance|p2a: Venomoth\n|-boost|p2a: Venomoth|spa|1\n|-boost|p2a: Venomoth|spd|1\n|-boost|p2a: Venomoth|spe|1\n|cant|p1a: Kingambit|slp\n|\n|upkeep\n|turn|8\n|\n|t:|1699155387\n|move|p2a: Venomoth|Quiver Dance|p2a: Venomoth\n|-boost|p2a: Venomoth|spa|1\n|-boost|p2a: Venomoth|spd|1\n|-boost|p2a: Venomoth|spe|1\n|-curestatus|p1a: Kingambit|slp|[msg]\n|move|p1a: Kingambit|Iron Head|p2a: Venomoth\n|-end|p2a: Venomoth|Substitute\n|\n|upkeep\n|turn|9\n|\n|t:|1699155393\n|move|p2a: Venomoth|Sleep Powder|p1a: Kingambit\n|-status|p1a: Kingambit|slp|[from] move: Sleep Powder\n|cant|p1a: Kingambit|slp\n|\n|upkeep\n|turn|10\n|\n|t:|1699155395\n|move|p2a: Venomoth|Baton Pass|p2a: Venomoth\n|\n|t:|1699155397\n|switch|p2a: Vaporeon|Vaporeon, M|100\/100|[from] Baton Pass\n|cant|p1a: Kingambit|slp\n|\n|upkeep\n|turn|11\n|-activate|p1a: Kingambit|item: Quick Claw\n|\n|t:|1699155400\n|cant|p1a: Kingambit|slp\n|move|p2a: Vaporeon|Acid Armor|p2a: Vaporeon\n|-boost|p2a: Vaporeon|def|2\n|\n|upkeep\n|turn|12\n|\n|t:|1699155403\n|move|p2a: Vaporeon|Acid Armor|p2a: Vaporeon\n|-boost|p2a: Vaporeon|def|2\n|-curestatus|p1a: Kingambit|slp|[msg]\n|move|p1a: Kingambit|Kowtow Cleave|p2a: Vaporeon\n|-damage|p2a: Vaporeon|76\/100\n|\n|-heal|p2a: Vaporeon|83\/100|[from] item: Leftovers\n|upkeep\n|turn|13\n|\n|t:|1699155408\n|move|p2a: Vaporeon|Aqua Ring|p2a: Vaporeon\n|-start|p2a: Vaporeon|Aqua Ring\n|move|p1a: Kingambit|Kowtow Cleave|p2a: Vaporeon\n|-damage|p2a: Vaporeon|60\/100\n|\n|-heal|p2a: Vaporeon|67\/100|[from] item: Leftovers\n|-heal|p2a: Vaporeon|73\/100|[from] Aqua Ring\n|upkeep\n|turn|14\n|\n|t:|1699155413\n|move|p2a: Vaporeon|Substitute|p2a: Vaporeon\n|-start|p2a: Vaporeon|Substitute\n|-damage|p2a: Vaporeon|48\/100\n|move|p1a: Kingambit|Swords Dance|p1a: Kingambit\n|-boost|p1a: Kingambit|atk|2\n|\n|-heal|p2a: Vaporeon|54\/100|[from] item: Leftovers\n|-heal|p2a: Vaporeon|60\/100|[from] Aqua Ring\n|upkeep\n|turn|15\n|\n|t:|1699155417\n|move|p2a: Vaporeon|Acid Armor|p2a: Vaporeon\n|-boost|p2a: Vaporeon|def|2\n|move|p1a: Kingambit|Kowtow Cleave|p2a: Vaporeon\n|-crit|p2a: Vaporeon\n|-end|p2a: Vaporeon|Substitute\n|\n|-heal|p2a: Vaporeon|67\/100|[from] item: Leftovers\n|-heal|p2a: Vaporeon|73\/100|[from] Aqua Ring\n|upkeep\n|turn|16\n|\n|t:|1699155423\n|move|p2a: Vaporeon|Substitute|p2a: Vaporeon\n|-start|p2a: Vaporeon|Substitute\n|-damage|p2a: Vaporeon|48\/100\n|move|p1a: Kingambit|Kowtow Cleave|p2a: Vaporeon\n|-end|p2a: Vaporeon|Substitute\n|\n|-heal|p2a: Vaporeon|54\/100|[from] item: Leftovers\n|-heal|p2a: Vaporeon|60\/100|[from] Aqua Ring\n|upkeep\n|turn|17\n|\n|t:|1699155432\n|move|p2a: Vaporeon|Baton Pass|p2a: Vaporeon\n|\n|t:|1699155434\n|switch|p2a: Magearna|Magearna|100\/100|[from] Baton Pass\n|move|p1a: Kingambit|Kowtow Cleave|p2a: Magearna\n|-resisted|p2a: Magearna\n|-damage|p2a: Magearna|90\/100\n|\n|-heal|p2a: Magearna|96\/100|[from] item: Leftovers\n|-heal|p2a: Magearna|100\/100|[from] Aqua Ring\n|upkeep\n|turn|18\n|\n|t:|1699155443\n|move|p2a: Magearna|Substitute|p2a: Magearna\n|-start|p2a: Magearna|Substitute\n|-damage|p2a: Magearna|76\/100\n|move|p1a: Kingambit|Iron Head|p2a: Magearna\n|-activate|p2a: Magearna|move: Substitute|[damage]\n|\n|-heal|p2a: Magearna|82\/100|[from] item: Leftovers\n|-heal|p2a: Magearna|88\/100|[from] Aqua Ring\n|upkeep\n|turn|19\n|\n|t:|1699155448\n|move|p2a: Magearna|Draining Kiss|p1a: Kingambit\n|-damage|p1a: Kingambit|61\/100\n|-heal|p2a: Magearna|100\/100|[from] drain|[of] p1a: Kingambit\n|move|p1a: Kingambit|Iron Head|p2a: Magearna\n|-end|p2a: Magearna|Substitute\n|\n|upkeep\n|turn|20\n|\n|t:|1699155452\n|move|p2a: Magearna|Draining Kiss|p1a: Kingambit\n|-damage|p1a: Kingambit|16\/100\n|move|p1a: Kingambit|Iron Head|p2a: Magearna\n|-damage|p2a: Magearna|79\/100\n|\n|-heal|p2a: Magearna|85\/100|[from] item: Leftovers\n|-heal|p2a: Magearna|91\/100|[from] Aqua Ring\n|upkeep\n|turn|21\n|\n|t:|1699155458\n|move|p2a: Magearna|Substitute|p2a: Magearna\n|-start|p2a: Magearna|Substitute\n|-damage|p2a: Magearna|66\/100\n|move|p1a: Kingambit|Iron Head|p2a: Magearna\n|-activate|p2a: Magearna|move: Substitute|[damage]\n|\n|-heal|p2a: Magearna|72\/100|[from] item: Leftovers\n|-heal|p2a: Magearna|78\/100|[from] Aqua Ring\n|upkeep\n|turn|22\n|\n|t:|1699155462\n|move|p1a: Kingambit|Sucker Punch|p2a: Magearna\n|-resisted|p2a: Magearna\n|-end|p2a: Magearna|Substitute\n|move|p2a: Magearna|Draining Kiss|p1a: Kingambit\n|-damage|p1a: Kingambit|0 fnt\n|-heal|p2a: Magearna|91\/100|[from] drain|[of] p1a: Kingambit\n|faint|p1a: Kingambit\n|-ability|p2a: Magearna|Soul-Heart|boost\n|-boost|p2a: Magearna|spa|1\n|-end|p1a: Kingambit|fallenundefined|[silent]\n|\n|-heal|p2a: Magearna|97\/100|[from] item: Leftovers\n|-heal|p2a: Magearna|100\/100|[from] Aqua Ring\n|upkeep\n|inactive|Battle timer is ON: inactive players will automatically lose when time's up. (requested by gaming rn!)\n|\n|t:|1699155497\n|switch|p1a: Shaymin|Shaymin-Sky|100\/100\n|turn|23\n|\n|t:|1699155501\n|move|p1a: Shaymin|Earth Power|p2a: Magearna\n|-supereffective|p2a: Magearna\n|-damage|p2a: Magearna|73\/100\n|move|p2a: Magearna|Substitute|p2a: Magearna\n|-start|p2a: Magearna|Substitute\n|-damage|p2a: Magearna|48\/100\n|\n|-heal|p2a: Magearna|54\/100|[from] item: Leftovers\n|-heal|p2a: Magearna|60\/100|[from] Aqua Ring\n|upkeep\n|turn|24\n|\n|t:|1699155507\n|-terastallize|p2a: Magearna|Water\n|move|p1a: Shaymin|Earth Power|p2a: Magearna\n|-activate|p2a: Magearna|move: Substitute|[damage]\n|move|p2a: Magearna|Stored Power|p1a: Shaymin\n|-damage|p1a: Shaymin|0 fnt\n|faint|p1a: Shaymin\n|-ability|p2a: Magearna|Soul-Heart|boost\n|-boost|p2a: Magearna|spa|1\n|\n|-heal|p2a: Magearna|66\/100|[from] item: Leftovers\n|-heal|p2a: Magearna|72\/100|[from] Aqua Ring\n|upkeep\n|\n|t:|1699155514\n|switch|p1a: \u30d0\u30fc\u30b5\u30fc\u30ab\u30fc|Sneasler, F|100\/100\n|turn|25\n|\n|t:|1699155516\n|move|p1a: \u30d0\u30fc\u30b5\u30fc\u30ab\u30fc|Fake Out|p2a: Magearna\n|-enditem|p1a: \u30d0\u30fc\u30b5\u30fc\u30ab\u30fc|Normal Gem|[from] gem\n|-activate|p2a: Magearna|move: Substitute|[damage]\n|move|p2a: Magearna|Stored Power|p1a: \u30d0\u30fc\u30b5\u30fc\u30ab\u30fc\n|-supereffective|p1a: \u30d0\u30fc\u30b5\u30fc\u30ab\u30fc\n|-damage|p1a: \u30d0\u30fc\u30b5\u30fc\u30ab\u30fc|0 fnt\n|faint|p1a: \u30d0\u30fc\u30b5\u30fc\u30ab\u30fc\n|-ability|p2a: Magearna|Soul-Heart|boost\n|-boost|p2a: Magearna|spa|1\n|\n|-heal|p2a: Magearna|78\/100|[from] item: Leftovers\n|-heal|p2a: Magearna|85\/100|[from] Aqua Ring\n|upkeep\n|\n|t:|1699155530\n|switch|p1a: Zacian|Zacian-Crowned, shiny|100\/100\n|-ability|p1a: Zacian|Intrepid Sword|boost\n|-boost|p1a: Zacian|atk|1\n|turn|26\n|\n|t:|1699155533\n|move|p1a: Zacian|Play Rough|p2a: Magearna\n|-end|p2a: Magearna|Substitute\n|move|p2a: Magearna|Stored Power|p1a: Zacian\n|-resisted|p1a: Zacian\n|-damage|p1a: Zacian|0 fnt\n|faint|p1a: Zacian\n|-ability|p2a: Magearna|Soul-Heart|boost\n|-boost|p2a: Magearna|spa|1\n|\n|-heal|p2a: Magearna|91\/100|[from] item: Leftovers\n|-heal|p2a: Magearna|97\/100|[from] Aqua Ring\n|upkeep\n|\n|t:|1699155540\n|switch|p1a: Calyrex|Calyrex-Shadow|100\/100\n|-ability|p1a: Calyrex|As One\n|-ability|p1a: Calyrex|Unnerve\n|turn|27\n|c|\u2606gaming rn!|ggwp\n|\n|t:|1699155545\n|move|p1a: Calyrex|Energy Ball|p2a: Magearna\n|-supereffective|p2a: Magearna\n|-damage|p2a: Magearna|61\/100\n|move|p2a: Magearna|Stored Power|p1a: Calyrex\n|-resisted|p1a: Calyrex\n|-damage|p1a: Calyrex|0 fnt\n|faint|p1a: Calyrex\n|\n|-heal|p2a: Magearna|67\/100|[from] item: Leftovers\n|-heal|p2a: Magearna|73\/100|[from] Aqua Ring\n|upkeep\n|\n|t:|1699155551\n|switch|p1a: Grimmsnarl|Grimmsnarl, M|100\/100\n|turn|28\n|\n|t:|1699155554\n|move|p1a: Grimmsnarl|Light Screen|p1a: Grimmsnarl\n|-sidestart|p1: sabp|move: Light Screen\n|move|p2a: Magearna|Draining Kiss|p1a: Grimmsnarl\n|-supereffective|p1a: Grimmsnarl\n|-damage|p1a: Grimmsnarl|11\/100\n|-heal|p2a: Magearna|100\/100|[from] drain|[of] p1a: Grimmsnarl\n|\n|upkeep\n|turn|29\n|\n|t:|1699155558\n|move|p1a: Grimmsnarl|Parting Shot|p2a: Magearna\n|-unboost|p2a: Magearna|atk|1\n|-unboost|p2a: Magearna|spa|1\n|move|p2a: Magearna|Draining Kiss|p1a: Grimmsnarl\n|-supereffective|p1a: Grimmsnarl\n|-damage|p1a: Grimmsnarl|0 fnt\n|faint|p1a: Grimmsnarl\n|\n|win|gaming rn!\n|raw|sabp's rating: 1461 &rarr; <strong>1437<\/strong><br \/>(-24 for losing)\n|raw|gaming rn!'s rating: 1399 &rarr; <strong>1423<\/strong><br \/>(+24 for winning)\n|l|\u2606sabp\n","uploadtime":1699155599,"views":7,"p1id":"sabp","p2id":"gamingrn","formatid":"gen9anythinggoes","rating":1423,"private":0,"password":""}