{"id":"gen9anythinggoes-1994382675","p1":"RagingRhino60","p2":"Rowan_Rocket","format":"[Gen 9] Anything Goes","log":"|j|\u2606RagingRhino60\n|j|\u2606Rowan_Rocket\n|t:|1700437574\n|gametype|singles\n|player|p1|RagingRhino60|2|1222\n|player|p2|Rowan_Rocket|rocketgruntf|1158\n|teamsize|p1|6\n|teamsize|p2|6\n|gen|9\n|tier|[Gen 9] Anything Goes\n|rated|\n|rule|HP Percentage Mod: HP is shown in percentages\n|rule|Endless Battle Clause: Forcing endless battles is banned\n|clearpoke\n|poke|p1|Quaquaval, F|\n|poke|p1|Yanmega, F|\n|poke|p1|Espathra, M|\n|poke|p1|Dragonite, M|\n|poke|p1|Flutter Mane|\n|poke|p1|Ursaluna, M|\n|poke|p2|Weezing, M|\n|poke|p2|Arbok, F|\n|poke|p2|Ariados, F|\n|poke|p2|Persian-Alola, F|\n|poke|p2|Mabosstiff, F|\n|poke|p2|Drifblim, F|\n|teampreview\n|\n|t:|1700437583\n|start\n|switch|p1a: Espathra|Espathra, M, shiny|100\/100\n|switch|p2a: Ariados|Ariados, F|100\/100\n|turn|1\n|\n|t:|1700437591\n|move|p1a: Espathra|Substitute|p1a: Espathra\n|-start|p1a: Espathra|Substitute\n|-damage|p1a: Espathra|76\/100\n|move|p2a: Ariados|Toxic Thread||[still]\n|-fail|p2a: Ariados\n|\n|-ability|p1a: Espathra|Speed Boost|boost\n|-boost|p1a: Espathra|spe|1\n|upkeep\n|turn|2\n|\n|t:|1700437599\n|switch|p2a: Persian|Persian-Alola, F|100\/100\n|move|p1a: Espathra|Protect||[still]\n|-fail|p1a: Espathra\n|\n|-ability|p1a: Espathra|Speed Boost|boost\n|-boost|p1a: Espathra|spe|1\n|upkeep\n|turn|3\n|\n|t:|1700437610\n|move|p1a: Espathra|Protect|p1a: Espathra\n|-singleturn|p1a: Espathra|Protect\n|move|p2a: Persian|Roar|p1a: Espathra\n|drag|p1a: Yanmega|Yanmega, F, shiny|100\/100\n|\n|upkeep\n|turn|4\n|\n|t:|1700437620\n|move|p2a: Persian|Parting Shot|p1a: Yanmega\n|-unboost|p1a: Yanmega|atk|1\n|-unboost|p1a: Yanmega|spa|1\n|\n|t:|1700437625\n|switch|p2a: Drifblim|Drifblim, F|100\/100|[from] Parting Shot\n|move|p1a: Yanmega|Whirlwind|p2a: Drifblim\n|drag|p2a: Weezing|Weezing, M|100\/100\n|\n|-ability|p1a: Yanmega|Speed Boost|boost\n|-boost|p1a: Yanmega|spe|1\n|upkeep\n|turn|5\n|\n|t:|1700437648\n|switch|p1a: Espathra|Espathra, M, shiny|76\/100\n|move|p2a: Weezing|Toxic Spikes|p1a: Espathra\n|-sidestart|p1: RagingRhino60|move: Toxic Spikes\n|\n|upkeep\n|turn|6\n|\n|t:|1700437659\n|switch|p2a: Persian|Persian-Alola, F|100\/100\n|move|p1a: Espathra|Protect||[still]\n|-fail|p1a: Espathra\n|\n|-ability|p1a: Espathra|Speed Boost|boost\n|-boost|p1a: Espathra|spe|1\n|upkeep\n|turn|7\n|\n|t:|1700437668\n|move|p1a: Espathra|Baton Pass|p1a: Espathra\n|\n|t:|1700437678\n|switch|p1a: Dragonite|Dragonite, M, shiny|100\/100|[from] Baton Pass\n|move|p2a: Persian|Roar|p1a: Dragonite\n|drag|p1a: Ursaluna|Ursaluna, M, shiny|100\/100\n|-status|p1a: Ursaluna|psn\n|\n|-damage|p1a: Ursaluna|88\/100 psn|[from] psn\n|upkeep\n|turn|8\n|\n|t:|1700437694\n|move|p2a: Persian|Parting Shot|p1a: Ursaluna\n|-unboost|p1a: Ursaluna|atk|1\n|-unboost|p1a: Ursaluna|spa|1\n|\n|t:|1700437697\n|switch|p2a: Drifblim|Drifblim, F|100\/100|[from] Parting Shot\n|move|p1a: Ursaluna|Facade|p2a: Drifblim\n|-immune|p2a: Drifblim\n|\n|-damage|p1a: Ursaluna|76\/100 psn|[from] psn\n|-status|p2a: Drifblim|brn|[from] item: Flame Orb\n|upkeep\n|turn|9\n|\n|t:|1700437735\n|switch|p1a: Quaquaval|Quaquaval, F, shiny|100\/100\n|-status|p1a: Quaquaval|psn\n|move|p2a: Drifblim|Air Slash|p1a: Quaquaval\n|-supereffective|p1a: Quaquaval\n|-damage|p1a: Quaquaval|16\/100 psn\n|\n|-damage|p1a: Quaquaval|3\/100 psn|[from] psn\n|-damage|p2a: Drifblim|94\/100 brn|[from] brn\n|upkeep\n|turn|10\n|\n|t:|1700437761\n|switch|p2a: Ariados|Ariados, F|100\/100\n|move|p1a: Quaquaval|Aqua Step|p2a: Ariados\n|-damage|p2a: Ariados|59\/100\n|-boost|p1a: Quaquaval|spe|1\n|\n|-damage|p1a: Quaquaval|0 fnt|[from] psn\n|faint|p1a: Quaquaval\n|upkeep\n|\n|t:|1700437771\n|switch|p1a: Yanmega|Yanmega, F, shiny|100\/100\n|turn|11\n|\n|t:|1700437778\n|move|p1a: Yanmega|Protect|p1a: Yanmega\n|-singleturn|p1a: Yanmega|Protect\n|move|p2a: Ariados|Toxic Thread|p1a: Yanmega\n|-activate|p1a: Yanmega|move: Protect\n|\n|-ability|p1a: Yanmega|Speed Boost|boost\n|-boost|p1a: Yanmega|spe|1\n|upkeep\n|turn|12\n|\n|t:|1700437786\n|move|p1a: Yanmega|Air Slash|p2a: Ariados\n|-supereffective|p2a: Ariados\n|-crit|p2a: Ariados\n|-damage|p2a: Ariados|0 fnt\n|faint|p2a: Ariados\n|\n|-ability|p1a: Yanmega|Speed Boost|boost\n|-boost|p1a: Yanmega|spe|1\n|upkeep\n|\n|t:|1700437800\n|switch|p2a: Drifblim|Drifblim, F|94\/100 brn\n|turn|13\n|\n|t:|1700437808\n|move|p2a: Drifblim|Air Slash|p1a: Yanmega\n|-supereffective|p1a: Yanmega\n|-damage|p1a: Yanmega|0 fnt\n|faint|p1a: Yanmega\n|\n|-damage|p2a: Drifblim|88\/100 brn|[from] brn\n|upkeep\n|\n|t:|1700437817\n|switch|p1a: Flutter Mane|Flutter Mane, shiny|100\/100\n|-status|p1a: Flutter Mane|psn\n|-enditem|p1a: Flutter Mane|Booster Energy\n|-activate|p1a: Flutter Mane|ability: Protosynthesis|[fromitem]\n|-start|p1a: Flutter Mane|protosynthesisspa\n|turn|14\n|\n|t:|1700437829\n|switch|p2a: Mabosstiff|Mabosstiff, F|100\/100\n|move|p1a: Flutter Mane|Shadow Ball|p2a: Mabosstiff\n|-resisted|p2a: Mabosstiff\n|-damage|p2a: Mabosstiff|74\/100\n|\n|-damage|p1a: Flutter Mane|88\/100 psn|[from] psn\n|upkeep\n|turn|15\n|\n|t:|1700437842\n|move|p1a: Flutter Mane|Moonblast|p2a: Mabosstiff\n|-supereffective|p2a: Mabosstiff\n|-damage|p2a: Mabosstiff|0 fnt\n|faint|p2a: Mabosstiff\n|\n|-damage|p1a: Flutter Mane|76\/100 psn|[from] psn\n|upkeep\n|\n|t:|1700437858\n|switch|p2a: Weezing|Weezing, M|100\/100\n|turn|16\n|\n|t:|1700437871\n|move|p1a: Flutter Mane|Stored Power|p2a: Weezing\n|-supereffective|p2a: Weezing\n|-damage|p2a: Weezing|79\/100\n|move|p2a: Weezing|Destiny Bond|p2a: Weezing\n|-singlemove|p2a: Weezing|Destiny Bond\n|\n|-damage|p1a: Flutter Mane|63\/100 psn|[from] psn\n|upkeep\n|turn|17\n|\n|t:|1700437882\n|move|p1a: Flutter Mane|Shadow Ball|p2a: Weezing\n|-damage|p2a: Weezing|15\/100\n|move|p2a: Weezing|Sludge Bomb|p1a: Flutter Mane\n|-damage|p1a: Flutter Mane|32\/100 psn\n|\n|-damage|p1a: Flutter Mane|20\/100 psn|[from] psn\n|upkeep\n|turn|18\n|\n|t:|1700437905\n|switch|p2a: Arbok|Arbok, F|100\/100\n|move|p1a: Flutter Mane|Shadow Ball|p2a: Arbok\n|-damage|p2a: Arbok|34\/100\n|\n|-damage|p1a: Flutter Mane|8\/100 psn|[from] psn\n|upkeep\n|turn|19\n|\n|t:|1700437917\n|-end|p1a: Flutter Mane|Protosynthesis|[silent]\n|switch|p1a: Espathra|Espathra, M, shiny|76\/100\n|-status|p1a: Espathra|psn\n|move|p2a: Arbok|Coil|p2a: Arbok\n|-boost|p2a: Arbok|atk|1\n|-boost|p2a: Arbok|def|1\n|-boost|p2a: Arbok|accuracy|1\n|\n|-damage|p1a: Espathra|63\/100 psn|[from] psn\n|upkeep\n|turn|20\n|\n|t:|1700437929\n|move|p1a: Espathra|Protect|p1a: Espathra\n|-singleturn|p1a: Espathra|Protect\n|move|p2a: Arbok|Leech Life|p1a: Espathra\n|-activate|p1a: Espathra|move: Protect\n|\n|-damage|p1a: Espathra|51\/100 psn|[from] psn\n|-ability|p1a: Espathra|Speed Boost|boost\n|-boost|p1a: Espathra|spe|1\n|upkeep\n|turn|21\n|\n|t:|1700437941\n|move|p1a: Espathra|Baton Pass|p1a: Espathra\n|\n|t:|1700437950\n|switch|p1a: Dragonite|Dragonite, M, shiny|100\/100|[from] Baton Pass\n|move|p2a: Arbok|Leech Life|p1a: Dragonite\n|-resisted|p1a: Dragonite\n|-damage|p1a: Dragonite|93\/100\n|-heal|p2a: Arbok|38\/100|[from] drain|[of] p1a: Dragonite\n|\n|upkeep\n|turn|22\n|\n|t:|1700437961\n|move|p1a: Dragonite|Dragon Dance|p1a: Dragonite\n|-boost|p1a: Dragonite|atk|1\n|-boost|p1a: Dragonite|spe|1\n|move|p2a: Arbok|Glare|p1a: Dragonite\n|-status|p1a: Dragonite|par\n|\n|upkeep\n|turn|23\n|\n|t:|1700437970\n|cant|p1a: Dragonite|par\n|move|p2a: Arbok|Gunk Shot|p1a: Dragonite\n|-damage|p1a: Dragonite|30\/100 par\n|\n|upkeep\n|turn|24\n|\n|t:|1700437978\n|move|p1a: Dragonite|Earthquake|p2a: Arbok\n|-supereffective|p2a: Arbok\n|-damage|p2a: Arbok|0 fnt\n|faint|p2a: Arbok\n|\n|upkeep\n|\n|t:|1700437991\n|switch|p2a: Persian|Persian-Alola, F|100\/100\n|turn|25\n|\n|t:|1700437996\n|move|p2a: Persian|Foul Play|p1a: Dragonite\n|-damage|p1a: Dragonite|0 fnt\n|faint|p1a: Dragonite\n|\n|upkeep\n|\n|t:|1700438002\n|switch|p1a: Espathra|Espathra, M, shiny|51\/100 psn\n|turn|26\n|\n|t:|1700438009\n|move|p1a: Espathra|Protect|p1a: Espathra\n|-singleturn|p1a: Espathra|Protect\n|move|p2a: Persian|Roar|p1a: Espathra\n|drag|p1a: Flutter Mane|Flutter Mane, shiny|8\/100 psn\n|\n|-damage|p1a: Flutter Mane|0 fnt|[from] psn\n|faint|p1a: Flutter Mane\n|-end|p1a: Flutter Mane|Protosynthesis|[silent]\n|upkeep\n|\n|t:|1700438023\n|switch|p1a: Espathra|Espathra, M, shiny|51\/100 psn\n|turn|27\n|\n|t:|1700438045\n|move|p1a: Espathra|Protect|p1a: Espathra\n|-singleturn|p1a: Espathra|Protect\n|move|p2a: Persian|Parting Shot|p1a: Espathra\n|-activate|p1a: Espathra|move: Protect\n|\n|-damage|p1a: Espathra|39\/100 psn|[from] psn\n|-ability|p1a: Espathra|Speed Boost|boost\n|-boost|p1a: Espathra|spe|1\n|upkeep\n|turn|28\n|\n|t:|1700438088\n|move|p1a: Espathra|Baton Pass|p1a: Espathra\n|\n|t:|1700438090\n|switch|p1a: Ursaluna|Ursaluna, M, shiny|76\/100 psn|[from] Baton Pass\n|move|p2a: Persian|Roar|p1a: Ursaluna\n|drag|p1a: Espathra|Espathra, M, shiny|39\/100 psn\n|\n|-damage|p1a: Espathra|26\/100 psn|[from] psn\n|upkeep\n|turn|29\n|\n|t:|1700438111\n|move|p2a: Persian|Foul Play|p1a: Espathra\n|-supereffective|p1a: Espathra\n|-damage|p1a: Espathra|0 fnt\n|faint|p1a: Espathra\n|\n|upkeep\n|\n|t:|1700438116\n|switch|p1a: Ursaluna|Ursaluna, M, shiny|76\/100 psn\n|turn|30\n|\n|t:|1700438129\n|switch|p2a: Drifblim|Drifblim, F|88\/100 brn\n|move|p1a: Ursaluna|Facade|p2a: Drifblim\n|-immune|p2a: Drifblim\n|\n|-damage|p1a: Ursaluna|63\/100 psn|[from] psn\n|-damage|p2a: Drifblim|82\/100 brn|[from] brn\n|upkeep\n|turn|31\n|-message|RagingRhino60 forfeited.\n|\n|win|Rowan_Rocket\n|raw|RagingRhino60's rating: 1222 &rarr; <strong>1192<\/strong><br \/>(-30 for losing)\n|raw|Rowan_Rocket's rating: 1158 &rarr; <strong>1188<\/strong><br \/>(+30 for winning)\n|l|\u2606RagingRhino60\n","uploadtime":1700438156,"views":17,"p1id":"ragingrhino60","p2id":"rowanrocket","formatid":"gen9anythinggoes","rating":1188,"private":0,"password":""}