{"id":"gen9anythinggoes-1980098599","p1":"Dean_1992","p2":"RUMYMOME","format":"[Gen 9] Anything Goes","log":"|j|\u2606Dean_1992\n|j|\u2606RUMYMOME\n|inactive|Battle timer is ON: inactive players will automatically lose when time's up.\n|t:|1698757060\n|gametype|singles\n|player|p1|Dean_1992|shadowtriad|\n|player|p2|RUMYMOME|marshal|\n|teamsize|p1|6\n|teamsize|p2|6\n|gen|9\n|tier|[Gen 9] Anything Goes\n|rated|Tournament battle\n|rule|HP Percentage Mod: HP is shown in percentages\n|rule|Endless Battle Clause: Forcing endless battles is banned\n|rule|Species Clause: Limit one of each Pok\u00e9mon\n|rule|OHKO Clause: OHKO moves are banned\n|rule|Evasion Moves Clause: Evasion moves are banned\n|rule|Sleep Moves Clause: Sleep-inducing moves are banned\n|rule|Terastal Clause: You cannot Terastallize\n|rule|1 Ability Clause: Limit 1 of each ability\n|clearpoke\n|poke|p1|Iron Moth|\n|poke|p1|Corviknight, M|\n|poke|p1|Grafaiai, M|\n|poke|p1|Kingambit, F|\n|poke|p1|Chesnaught, M|\n|poke|p1|Gyarados, M|\n|poke|p2|Breloom, F|\n|poke|p2|Gyarados, M|\n|poke|p2|Polteageist|\n|poke|p2|Kingambit, F|\n|poke|p2|Volcarona, F|\n|poke|p2|Regieleki|\n|teampreview\n|j|*Lady Monita \u263d\n|inactive|Dean_1992 has 120 seconds left.\n|inactive|Dean_1992 has 90 seconds left.\n|\n|t:|1698757144\n|start\n|switch|p1a: Spiky boy|Chesnaught, M|100\/100\n|switch|p2a: Gyarados|Gyarados, M|100\/100\n|turn|1\n|\n|t:|1698757152\n|move|p1a: Spiky boy|Horn Leech|p2a: Gyarados\n|-damage|p2a: Gyarados|57\/100\n|move|p2a: Gyarados|Dragon Dance|p2a: Gyarados\n|-boost|p2a: Gyarados|atk|1\n|-boost|p2a: Gyarados|spe|1\n|\n|upkeep\n|turn|2\n|\n|t:|1698757155\n|move|p1a: Spiky boy|Horn Leech|p2a: Gyarados\n|-damage|p2a: Gyarados|8\/100\n|move|p2a: Gyarados|Dragon Ascent|p1a: Spiky boy\n|-supereffective|p1a: Spiky boy\n|-damage|p1a: Spiky boy|0 fnt\n|-unboost|p2a: Gyarados|def|1\n|-unboost|p2a: Gyarados|spd|1\n|faint|p1a: Spiky boy\n|\n|upkeep\n|\n|t:|1698757158\n|switch|p1a: Grafaiai|Grafaiai, M|100\/100\n|turn|3\n|\n|t:|1698757162\n|move|p1a: Grafaiai|Fake Out|p2a: Gyarados\n|-damage|p2a: Gyarados|0 fnt\n|faint|p2a: Gyarados\n|\n|upkeep\n|\n|t:|1698757185\n|switch|p2a: Volcarona|Volcarona, F|100\/100\n|-weather|DesolateLand|[from] ability: Desolate Land|[of] p2a: Volcarona\n|turn|4\n|\n|t:|1698757193\n|move|p2a: Volcarona|Quiver Dance|p2a: Volcarona\n|-boost|p2a: Volcarona|spa|1\n|-boost|p2a: Volcarona|spd|1\n|-boost|p2a: Volcarona|spe|1\n|move|p1a: Grafaiai|Population Bomb|p2a: Volcarona\n|-damage|p2a: Volcarona|84\/100\n|-damage|p2a: Volcarona|69\/100\n|-damage|p2a: Volcarona|55\/100\n|-damage|p2a: Volcarona|39\/100\n|-damage|p2a: Volcarona|25\/100\n|-crit|p2a: Volcarona\n|-damage|p2a: Volcarona|4\/100\n|-damage|p2a: Volcarona|0 fnt\n|faint|p2a: Volcarona\n|-weather|none\n|-hitcount|p2: Volcarona|7\n|\n|upkeep\n|\n|t:|1698757197\n|switch|p2a: Polteageist|Polteageist|100\/100\n|turn|5\n|\n|t:|1698757212\n|move|p1a: Grafaiai|Mortal Spin|p2a: Polteageist\n|-resisted|p2a: Polteageist\n|-damage|p2a: Polteageist|88\/100\n|-status|p2a: Polteageist|psn\n|move|p2a: Polteageist|Shell Smash|p2a: Polteageist\n|-unboost|p2a: Polteageist|def|1\n|-unboost|p2a: Polteageist|spd|1\n|-boost|p2a: Polteageist|atk|2\n|-boost|p2a: Polteageist|spa|2\n|-boost|p2a: Polteageist|spe|2\n|\n|-damage|p2a: Polteageist|76\/100 psn|[from] psn\n|upkeep\n|turn|6\n|\n|t:|1698757217\n|move|p2a: Polteageist|Stored Power|p1a: Grafaiai\n|-supereffective|p1a: Grafaiai\n|-enditem|p1a: Grafaiai|Focus Sash\n|-damage|p1a: Grafaiai|1\/100\n|move|p1a: Grafaiai|Mortal Spin|p2a: Polteageist\n|-resisted|p2a: Polteageist\n|-damage|p2a: Polteageist|57\/100 psn\n|\n|-damage|p2a: Polteageist|45\/100 psn|[from] psn\n|upkeep\n|turn|7\n|\n|t:|1698757220\n|move|p2a: Polteageist|Stored Power|p1a: Grafaiai\n|-supereffective|p1a: Grafaiai\n|-crit|p1a: Grafaiai\n|-damage|p1a: Grafaiai|0 fnt\n|faint|p1a: Grafaiai\n|\n|-damage|p2a: Polteageist|32\/100 psn|[from] psn\n|upkeep\n|\n|t:|1698757224\n|switch|p1a: Kingambit|Kingambit, F|100\/100\n|-activate|p1a: Kingambit|ability: Supreme Overlord\n|-start|p1a: Kingambit|fallen2|[silent]\n|turn|8\n|\n|t:|1698757227\n|move|p2a: Polteageist|Shadow Ball|p1a: Kingambit\n|-resisted|p1a: Kingambit\n|-damage|p1a: Kingambit|56\/100\n|move|p1a: Kingambit|Kowtow Cleave|p2a: Polteageist\n|-supereffective|p2a: Polteageist\n|-crit|p2a: Polteageist\n|-damage|p2a: Polteageist|0 fnt\n|faint|p2a: Polteageist\n|\n|-heal|p1a: Kingambit|62\/100|[from] item: Leftovers\n|upkeep\n|\n|t:|1698757234\n|switch|p2a: Breloom|Breloom, F|100\/100\n|turn|9\n|\n|t:|1698757242\n|move|p2a: Breloom|Swords Dance|p2a: Breloom\n|-boost|p2a: Breloom|atk|2\n|move|p1a: Kingambit|Behemoth Blade|p2a: Breloom\n|-damage|p2a: Breloom|19\/100\n|\n|-heal|p1a: Kingambit|68\/100|[from] item: Leftovers\n|upkeep\n|turn|10\n|\n|t:|1698757245\n|move|p2a: Breloom|Drain Punch|p1a: Kingambit\n|-supereffective|p1a: Kingambit\n|-damage|p1a: Kingambit|0 fnt\n|-heal|p2a: Breloom|71\/100|[from] drain|[of] p1a: Kingambit\n|faint|p1a: Kingambit\n|-end|p1a: Kingambit|fallen2|[silent]\n|\n|upkeep\n|\n|t:|1698757247\n|switch|p1a: Gyarados|Gyarados, M|100\/100\n|turn|11\n|\n|t:|1698757251\n|move|p2a: Breloom|Horn Leech|p1a: Gyarados\n|-damage|p1a: Gyarados|0 fnt\n|-heal|p2a: Breloom|100\/100|[from] drain|[of] p1a: Gyarados\n|faint|p1a: Gyarados\n|\n|upkeep\n|\n|t:|1698757253\n|switch|p1a: Corviknight|Corviknight, M|100\/100\n|turn|12\n|\n|t:|1698757257\n|move|p1a: Corviknight|Dragon Ascent|p2a: Breloom\n|-supereffective|p2a: Breloom\n|-enditem|p2a: Breloom|Focus Sash\n|-damage|p2a: Breloom|1\/100\n|-unboost|p1a: Corviknight|def|1\n|-unboost|p1a: Corviknight|spd|1\n|move|p2a: Breloom|Swords Dance|p2a: Breloom\n|-boost|p2a: Breloom|atk|2\n|\n|upkeep\n|turn|13\n|\n|t:|1698757266\n|move|p2a: Breloom|Drain Punch|p1a: Corviknight\n|-damage|p1a: Corviknight|0 fnt\n|-heal|p2a: Breloom|66\/100|[from] drain|[of] p1a: Corviknight\n|faint|p1a: Corviknight\n|\n|upkeep\n|\n|t:|1698757268\n|switch|p1a: Iron Moth|Iron Moth|100\/100\n|turn|14\n|\n|t:|1698757272\n|move|p2a: Breloom|Drain Punch|p1a: Iron Moth\n|-resisted|p1a: Iron Moth\n|-damage|p1a: Iron Moth|0 fnt\n|-heal|p2a: Breloom|100\/100|[from] drain|[of] p1a: Iron Moth\n|faint|p1a: Iron Moth\n|\n|win|RUMYMOME\n|n|\u2606Dean_1992|dean1992\n|n|\u2606RUMYMOME|rumymome\n|n|*Lady Monita \u263d|ladymonita\n","uploadtime":1698757273,"views":4,"p1id":"dean1992","p2id":"rumymome","formatid":"gen9anythinggoes","rating":0,"private":0,"password":""}