{"id":"gen9anythinggoes-1974731673","p1":"YoungEsq","p2":"zuccs","format":"[Gen 9] Anything Goes","log":"|j|\u2606YoungEsq\n|j|\u2606zuccs\n|t:|1698115325\n|gametype|singles\n|player|p1|YoungEsq|1|1387\n|player|p2|zuccs|medium|1493\n|teamsize|p1|6\n|teamsize|p2|6\n|gen|9\n|tier|[Gen 9] Anything Goes\n|rated|\n|rule|HP Percentage Mod: HP is shown in percentages\n|rule|Endless Battle Clause: Forcing endless battles is banned\n|clearpoke\n|poke|p1|Ting-Lu|\n|poke|p1|Gholdengo|\n|poke|p1|Roaring Moon|\n|poke|p1|Chi-Yu|\n|poke|p1|Samurott-Hisui, F|\n|poke|p1|Mandibuzz, F|\n|poke|p2|Venomoth, M|\n|poke|p2|Eternatus|\n|poke|p2|Calyrex-Shadow|\n|poke|p2|Zacian-*|\n|poke|p2|Ditto|\n|poke|p2|Landorus-Therian, M|\n|teampreview\n|\n|t:|1698115333\n|start\n|switch|p1a: Ting-Lu|Ting-Lu|100\/100\n|switch|p2a: mi amigo|Venomoth, M, shiny|100\/100\n|-ability|p1a: Ting-Lu|Vessel of Ruin\n|turn|1\n|inactive|Battle timer is ON: inactive players will automatically lose when time's up. (requested by YoungEsq)\n|c|\u2606zuccs|top or   botoom\n|\n|t:|1698115342\n|move|p2a: mi amigo|Sleep Powder|p1a: Ting-Lu\n|-status|p1a: Ting-Lu|slp|[from] move: Sleep Powder\n|cant|p1a: Ting-Lu|slp\n|\n|upkeep\n|turn|2\n|\n|t:|1698115348\n|move|p2a: mi amigo|Substitute|p2a: mi amigo\n|-start|p2a: mi amigo|Substitute\n|-damage|p2a: mi amigo|76\/100\n|cant|p1a: Ting-Lu|slp\n|\n|upkeep\n|turn|3\n|\n|t:|1698115353\n|move|p2a: mi amigo|Quiver Dance|p2a: mi amigo\n|-boost|p2a: mi amigo|spa|1\n|-boost|p2a: mi amigo|spd|1\n|-boost|p2a: mi amigo|spe|1\n|-curestatus|p1a: Ting-Lu|slp|[msg]\n|move|p1a: Ting-Lu|Whirlwind|p2a: mi amigo\n|drag|p2a: tu amigo|Ditto, shiny|100\/100\n|-transform|p2a: tu amigo|p1a: Ting-Lu|[from] ability: Imposter\n|-ability|p2a: tu amigo|Vessel of Ruin\n|\n|upkeep\n|turn|4\n|\n|t:|1698115369\n|move|p2a: tu amigo|Stealth Rock|p1a: Ting-Lu\n|-sidestart|p1: YoungEsq|move: Stealth Rock\n|move|p1a: Ting-Lu|Stealth Rock|p2a: tu amigo\n|-sidestart|p2: zuccs|move: Stealth Rock\n|\n|upkeep\n|turn|5\n|\n|t:|1698115390\n|switch|p2a: Landorus|Landorus-Therian, M|100\/100\n|-damage|p2a: Landorus|88\/100|[from] Stealth Rock\n|-ability|p2a: Landorus|Intimidate|boost\n|-unboost|p1a: Ting-Lu|atk|1\n|move|p1a: Ting-Lu|Earthquake|p2a: Landorus\n|-immune|p2a: Landorus\n|\n|upkeep\n|turn|6\n|\n|t:|1698115398\n|move|p2a: Landorus|Earthquake|p1a: Ting-Lu\n|-damage|p1a: Ting-Lu|50\/100\n|move|p1a: Ting-Lu|Ruination|p2a: Landorus\n|-damage|p2a: Landorus|44\/100\n|\n|-heal|p1a: Ting-Lu|56\/100|[from] item: Leftovers\n|upkeep\n|turn|7\n|\n|t:|1698115411\n|switch|p1a: Mandibuzz|Mandibuzz, F|100\/100\n|move|p2a: Landorus|Earthquake|p1a: Mandibuzz\n|-immune|p1a: Mandibuzz\n|\n|upkeep\n|turn|8\n|\n|t:|1698115418\n|switch|p2a: mi amigo|Venomoth, M, shiny|76\/100\n|-damage|p2a: mi amigo|51\/100|[from] Stealth Rock\n|move|p1a: Mandibuzz|Toxic|p2a: mi amigo\n|-immune|p2a: mi amigo\n|\n|upkeep\n|turn|9\n|\n|t:|1698115424\n|move|p2a: mi amigo|Sleep Powder|p1a: Mandibuzz\n|-immune|p1a: Mandibuzz|[from] ability: Overcoat\n|move|p1a: Mandibuzz|Defog|p2a: mi amigo\n|-unboost|p2a: mi amigo|evasion|1\n|-sideend|p2: zuccs|Stealth Rock|[from] move: Defog|[of] p1a: Mandibuzz\n|-sideend|p1: YoungEsq|Stealth Rock|[from] move: Defog|[of] p1a: Mandibuzz\n|\n|upkeep\n|turn|10\n|\n|t:|1698115431\n|move|p2a: mi amigo|Substitute|p2a: mi amigo\n|-start|p2a: mi amigo|Substitute\n|-damage|p2a: mi amigo|26\/100\n|move|p1a: Mandibuzz|Foul Play|p2a: mi amigo\n|-end|p2a: mi amigo|Substitute\n|\n|upkeep\n|turn|11\n|\n|t:|1698115439\n|switch|p2a: Eternatus|Eternatus|100\/100\n|-ability|p2a: Eternatus|Pressure\n|move|p1a: Mandibuzz|Foul Play|p2a: Eternatus\n|-crit|p2a: Eternatus\n|-damage|p2a: Eternatus|72\/100\n|\n|upkeep\n|turn|12\n|\n|t:|1698115447\n|switch|p1a: Ting-Lu|Ting-Lu|56\/100\n|-ability|p1a: Ting-Lu|Vessel of Ruin\n|move|p2a: Eternatus|Flamethrower|p1a: Ting-Lu\n|-crit|p1a: Ting-Lu\n|-damage|p1a: Ting-Lu|33\/100\n|\n|-heal|p1a: Ting-Lu|39\/100|[from] item: Leftovers\n|upkeep\n|turn|13\n|\n|t:|1698115457\n|switch|p2a: Landorus|Landorus-Therian, M|44\/100\n|-ability|p2a: Landorus|Intimidate|boost\n|-unboost|p1a: Ting-Lu|atk|1\n|move|p1a: Ting-Lu|Stealth Rock|p2a: Landorus\n|-sidestart|p2: zuccs|move: Stealth Rock\n|\n|-heal|p1a: Ting-Lu|45\/100|[from] item: Leftovers\n|upkeep\n|turn|14\n|\n|t:|1698115470\n|switch|p2a: tu amigo|Ditto, shiny|100\/100\n|-damage|p2a: tu amigo|88\/100|[from] Stealth Rock\n|-transform|p2a: tu amigo|p1a: Ting-Lu|[from] ability: Imposter\n|-ability|p2a: tu amigo|Vessel of Ruin\n|switch|p1a: Samurott|Samurott-Hisui, F|100\/100\n|\n|upkeep\n|turn|15\n|\n|t:|1698115480\n|move|p1a: Samurott|Razor Shell|p2a: tu amigo\n|-supereffective|p2a: tu amigo\n|-damage|p2a: tu amigo|0 fnt\n|faint|p2a: tu amigo\n|\n|upkeep\n|\n|t:|1698115486\n|switch|p2a: mi amigo|Venomoth, M, shiny|26\/100\n|-damage|p2a: mi amigo|1\/100|[from] Stealth Rock\n|turn|16\n|\n|t:|1698115491\n|move|p2a: mi amigo|Sleep Powder|p1a: Samurott\n|-status|p1a: Samurott|slp|[from] move: Sleep Powder\n|cant|p1a: Samurott|slp\n|\n|upkeep\n|turn|17\n|\n|t:|1698115496\n|move|p2a: mi amigo|Quiver Dance|p2a: mi amigo\n|-boost|p2a: mi amigo|spa|1\n|-boost|p2a: mi amigo|spd|1\n|-boost|p2a: mi amigo|spe|1\n|-curestatus|p1a: Samurott|slp|[msg]\n|move|p1a: Samurott|Ceaseless Edge|p2a: mi amigo\n|-crit|p2a: mi amigo\n|-damage|p2a: mi amigo|0 fnt\n|-sidestart|p2: zuccs|Spikes\n|faint|p2a: mi amigo\n|\n|upkeep\n|\n|t:|1698115501\n|switch|p2a: doggystyle|Zacian-Crowned, shiny|100\/100\n|-damage|p2a: doggystyle|94\/100|[from] Stealth Rock\n|-damage|p2a: doggystyle|82\/100|[from] Spikes\n|-ability|p2a: doggystyle|Intrepid Sword|boost\n|-boost|p2a: doggystyle|atk|1\n|turn|18\n|\n|t:|1698115512\n|move|p2a: doggystyle|Substitute|p2a: doggystyle\n|-start|p2a: doggystyle|Substitute\n|-damage|p2a: doggystyle|57\/100\n|move|p1a: Samurott|Ceaseless Edge|p2a: doggystyle\n|-resisted|p2a: doggystyle\n|-activate|p2a: doggystyle|move: Substitute|[damage]\n|-sidestart|p2: zuccs|Spikes\n|\n|upkeep\n|turn|19\n|\n|t:|1698115519\n|move|p2a: doggystyle|Swords Dance|p2a: doggystyle\n|-boost|p2a: doggystyle|atk|2\n|move|p1a: Samurott|Razor Shell|p2a: doggystyle\n|-end|p2a: doggystyle|Substitute\n|\n|upkeep\n|turn|20\n|\n|t:|1698115528\n|move|p1a: Samurott|Aqua Jet|p2a: doggystyle\n|-damage|p2a: doggystyle|41\/100\n|move|p2a: doggystyle|Swords Dance|p2a: doggystyle\n|-boost|p2a: doggystyle|atk|2\n|\n|upkeep\n|turn|21\n|\n|t:|1698115533\n|move|p1a: Samurott|Aqua Jet|p2a: doggystyle\n|-damage|p2a: doggystyle|25\/100\n|move|p2a: doggystyle|Substitute|p2a: doggystyle\n|-fail|p2a: doggystyle|move: Substitute|[weak]\n|\n|upkeep\n|turn|22\n|\n|t:|1698115537\n|move|p1a: Samurott|Aqua Jet|p2a: doggystyle\n|-damage|p2a: doggystyle|9\/100\n|move|p2a: doggystyle|Play Rough|p1a: Samurott\n|-supereffective|p1a: Samurott\n|-enditem|p1a: Samurott|Roseli Berry|[eat]\n|-enditem|p1a: Samurott|Roseli Berry|[weaken]\n|-damage|p1a: Samurott|0 fnt\n|faint|p1a: Samurott\n|\n|upkeep\n|\n|t:|1698115547\n|switch|p1a: Chi-Yu|Chi-Yu|100\/100\n|-ability|p1a: Chi-Yu|Beads of Ruin\n|turn|23\n|\n|t:|1698115552\n|move|p1a: Chi-Yu|Flamethrower|p2a: doggystyle\n|-supereffective|p2a: doggystyle\n|-damage|p2a: doggystyle|0 fnt\n|faint|p2a: doggystyle\n|\n|upkeep\n|\n|t:|1698115561\n|switch|p2a: Eternatus|Eternatus|72\/100\n|-damage|p2a: Eternatus|60\/100|[from] Stealth Rock\n|-damage|p2a: Eternatus|43\/100|[from] Spikes\n|-ability|p2a: Eternatus|Pressure\n|turn|24\n|\n|t:|1698115568\n|switch|p1a: Ting-Lu|Ting-Lu|45\/100\n|-ability|p1a: Ting-Lu|Vessel of Ruin\n|move|p2a: Eternatus|Dynamax Cannon|p1a: Ting-Lu\n|-damage|p1a: Ting-Lu|24\/100\n|\n|-heal|p1a: Ting-Lu|30\/100|[from] item: Leftovers\n|upkeep\n|turn|25\n|\n|t:|1698115577\n|move|p2a: Eternatus|Dynamax Cannon|p1a: Ting-Lu\n|-damage|p1a: Ting-Lu|7\/100\n|move|p1a: Ting-Lu|Earthquake|p2a: Eternatus\n|-supereffective|p2a: Eternatus\n|-crit|p2a: Eternatus\n|-damage|p2a: Eternatus|0 fnt\n|faint|p2a: Eternatus\n|\n|-heal|p1a: Ting-Lu|13\/100|[from] item: Leftovers\n|upkeep\n|\n|t:|1698115581\n|switch|p2a: Landorus|Landorus-Therian, M|44\/100\n|-damage|p2a: Landorus|32\/100|[from] Stealth Rock\n|-ability|p2a: Landorus|Intimidate|boost\n|-unboost|p1a: Ting-Lu|atk|1\n|turn|26\n|\n|t:|1698115593\n|switch|p1a: Mandibuzz|Mandibuzz, F|100\/100\n|move|p2a: Landorus|Stone Edge|p1a: Mandibuzz\n|-supereffective|p1a: Mandibuzz\n|-damage|p1a: Mandibuzz|7\/100\n|\n|upkeep\n|turn|27\n|\n|t:|1698115599\n|move|p2a: Landorus|Stone Edge|p1a: Mandibuzz\n|-supereffective|p1a: Mandibuzz\n|-damage|p1a: Mandibuzz|0 fnt\n|faint|p1a: Mandibuzz\n|\n|upkeep\n|\n|t:|1698115605\n|switch|p1a: Chi-Yu|Chi-Yu|100\/100\n|-ability|p1a: Chi-Yu|Beads of Ruin\n|turn|28\n|\n|t:|1698115611\n|move|p1a: Chi-Yu|Dark Pulse|p2a: Landorus\n|-damage|p2a: Landorus|0 fnt\n|faint|p2a: Landorus\n|\n|upkeep\n|\n|t:|1698115614\n|switch|p2a: Cracked|Calyrex-Shadow|100\/100\n|-ability|p2a: Cracked|As One\n|-ability|p2a: Cracked|Unnerve\n|-damage|p2a: Cracked|88\/100|[from] Stealth Rock\n|-damage|p2a: Cracked|72\/100|[from] Spikes\n|turn|29\n|\n|t:|1698115622\n|-terastallize|p2a: Cracked|Fairy\n|move|p1a: Chi-Yu|Dark Pulse|p2a: Cracked\n|-resisted|p2a: Cracked\n|-crit|p2a: Cracked\n|-damage|p2a: Cracked|28\/100\n|move|p2a: Cracked|Nasty Plot|p2a: Cracked\n|-boost|p2a: Cracked|spa|2\n|\n|upkeep\n|turn|30\n|\n|t:|1698115629\n|move|p1a: Chi-Yu|Dark Pulse|p2a: Cracked\n|-resisted|p2a: Cracked\n|-damage|p2a: Cracked|0 fnt\n|faint|p2a: Cracked\n|\n|win|YoungEsq\n|raw|YoungEsq's rating: 1387 &rarr; <strong>1413<\/strong><br \/>(+26 for winning)\n|raw|zuccs's rating: 1493 &rarr; <strong>1467<\/strong><br \/>(-26 for losing)\n","uploadtime":1698115632,"views":7,"p1id":"youngesq","p2id":"zuccs","formatid":"gen9anythinggoes","rating":1413,"private":0,"password":""}