{"id":"gen9anythinggoes-1994437289","p1":"Lickilicky7","p2":"TheJoeyGuy","format":"[Gen 9] Anything Goes","log":"|j|\u2606Lickilicky7\n|j|\u2606TheJoeyGuy\n|t:|1700443846\n|gametype|singles\n|player|p1|Lickilicky7|guitarist|\n|player|p2|TheJoeyGuy|102|\n|teamsize|p1|6\n|teamsize|p2|6\n|gen|9\n|tier|[Gen 9] Anything Goes\n|rule|HP Percentage Mod: HP is shown in percentages\n|rule|Endless Battle Clause: Forcing endless battles is banned\n|clearpoke\n|poke|p1|Garganacl, M|\n|poke|p1|Sneasler, M|\n|poke|p1|Indeedee-F, F|\n|poke|p1|Donphan, M|\n|poke|p1|Lilligant, F|\n|poke|p1|Zoroark, F|\n|poke|p2|Hawlucha, F|\n|poke|p2|Chien-Pao|\n|poke|p2|Glimmora, M|\n|poke|p2|Ditto|\n|poke|p2|Hatterene, F|\n|poke|p2|Wo-Chien|\n|teampreview\n|j| Ryno5311\n|j| alexwave55\n|\n|t:|1700443896\n|start\n|switch|p1a: Don't Stop Meow|Sneasler, M|100\/100\n|switch|p2a: Hatterene|Hatterene, F|100\/100\n|turn|1\n|j| FLOOR IT\n|\n|t:|1700443924\n|switch|p1a: Greg|Garganacl, M|100\/100\n|move|p2a: Hatterene|Nuzzle|p1a: Greg\n|-damage|p1a: Greg|98\/100\n|\n|-heal|p1a: Greg|100\/100|[from] item: Leftovers\n|upkeep\n|turn|2\n|c| alexwave55|BEAT EM UP JOEY\n|c| Ryno5311|yeah beat up greg\n|\n|t:|1700443944\n|move|p1a: Greg|Salt Cure|p2a: Hatterene\n|-damage|p2a: Hatterene|85\/100\n|-start|p2a: Hatterene|Salt Cure\n|move|p2a: Hatterene|Psychic|p1a: Greg\n|-damage|p1a: Greg|66\/100\n|-unboost|p1a: Greg|spd|1\n|\n|-heal|p1a: Greg|72\/100|[from] item: Leftovers\n|-damage|p2a: Hatterene|73\/100|[from] Salt Cure\n|upkeep\n|turn|3\n|\n|t:|1700443976\n|switch|p1a: Don't Stop Meow|Sneasler, M|100\/100\n|move|p2a: Hatterene|Dazzling Gleam|p1a: Don't Stop Meow\n|-supereffective|p1a: Don't Stop Meow\n|-damage|p1a: Don't Stop Meow|0 fnt\n|replace|p1a: Zoroark|Zoroark, F\n|-end|p1a: Zoroark|Illusion\n|faint|p1a: Zoroark\n|\n|-damage|p2a: Hatterene|61\/100|[from] Salt Cure\n|upkeep\n|\n|t:|1700443994\n|switch|p1a: Dancing Queen|Lilligant, F|100\/100\n|turn|4\n|j| Jxjpenguin\n|\n|t:|1700444010\n|switch|p2a: Wo-Chien|Wo-Chien|100\/100\n|-ability|p2a: Wo-Chien|Tablets of Ruin\n|move|p1a: Dancing Queen|Quiver Dance|p1a: Dancing Queen\n|-boost|p1a: Dancing Queen|spa|1\n|-boost|p1a: Dancing Queen|spd|1\n|-boost|p1a: Dancing Queen|spe|1\n|\n|upkeep\n|turn|5\n|c| FLOOR IT|Joey I'd be more proud of you if you had nicknames\n|c| Jxjpenguin|Fr\n|c| alexwave55|oh true\n|c| alexwave55|BEAT EM UP WILL\n|c|\u2606TheJoeyGuy|this team was made on short notice because i procrastinated\n|\n|t:|1700444043\n|move|p1a: Dancing Queen|Pollen Puff|p2a: Wo-Chien\n|-supereffective|p2a: Wo-Chien\n|-damage|p2a: Wo-Chien|10\/100\n|move|p2a: Wo-Chien|Knock Off|p1a: Dancing Queen\n|-damage|p1a: Dancing Queen|58\/100\n|-enditem|p1a: Dancing Queen|Focus Sash|[from] move: Knock Off|[of] p2a: Wo-Chien\n|\n|-heal|p2a: Wo-Chien|16\/100|[from] item: Leftovers\n|upkeep\n|turn|6\n|l| FLOOR IT\n|c| Jxjpenguin|You don\u2019t just copy and paste from ur old teams and edit accordingly\n|j| FLOOR IT\n|\n|t:|1700444071\n|move|p1a: Dancing Queen|Pollen Puff|p2a: Wo-Chien\n|-supereffective|p2a: Wo-Chien\n|-damage|p2a: Wo-Chien|0 fnt\n|faint|p2a: Wo-Chien\n|\n|upkeep\n|j| dancingnightmare\n|c| FLOOR IT|Jacob why are you here and not battling Ryne\n|c| Ryno5311|we cant have 2 battles at once\n|\n|t:|1700444086\n|switch|p2a: Ditto|Ditto|100\/100\n|-transform|p2a: Ditto|p1a: Dancing Queen|[from] ability: Imposter\n|turn|7\n|c| Jxjpenguin|I was gonna do it after this one\n|c| Jxjpenguin|Sus\n|\n|t:|1700444133\n|-terastallize|p1a: Dancing Queen|Fire\n|move|p2a: Ditto|Pollen Puff|p1a: Dancing Queen\n|-resisted|p1a: Dancing Queen\n|-damage|p1a: Dancing Queen|33\/100\n|move|p1a: Dancing Queen|Tera Blast|p2a: Ditto|[anim] Tera Blast Fire\n|-supereffective|p2a: Ditto\n|-damage|p2a: Ditto|0 fnt\n|faint|p2a: Ditto\n|\n|upkeep\n|j| Nuwyrm\n|c| Jxjpenguin|GO GET EM WILL\n|\n|t:|1700444168\n|switch|p2a: Hatterene|Hatterene, F|61\/100\n|turn|8\n|\n|t:|1700444191\n|move|p1a: Dancing Queen|Pollen Puff|p2a: Hatterene\n|-damage|p2a: Hatterene|30\/100\n|move|p2a: Hatterene|Psychic|p1a: Dancing Queen\n|-damage|p1a: Dancing Queen|0 fnt\n|faint|p1a: Dancing Queen\n|\n|upkeep\n|c|\u2606TheJoeyGuy|quit cheering against me you punks\n|c| Ryno5311|its only jacob\n|\n|t:|1700444207\n|switch|p1a: Greg|Garganacl, M|72\/100\n|turn|9\n|c| Jxjpenguin|Wave was too\n|c|\u2606TheJoeyGuy|and wave\n|c| Ryno5311|wave doesnt exist\n|c| alexwave55|i was cheering for you until i saw no nicknames :(\n|c| Jxjpenguin|Ryne wanna do our battle liek immediately after this\n|c| Ryno5311|idc\n|\n|t:|1700444235\n|move|p1a: Greg|Salt Cure|p2a: Hatterene\n|-damage|p2a: Hatterene|14\/100\n|-start|p2a: Hatterene|Salt Cure\n|move|p2a: Hatterene|Psychic|p1a: Greg\n|-damage|p1a: Greg|38\/100\n|\n|-heal|p1a: Greg|44\/100|[from] item: Leftovers\n|-damage|p2a: Hatterene|2\/100|[from] Salt Cure\n|upkeep\n|turn|10\n|c| Ryno5311|poor hatt and indeedee being foes\n|c| Ryno5311|it wasnt meant to be like this\n|\n|t:|1700444254\n|move|p1a: Greg|Recover|p1a: Greg\n|-heal|p1a: Greg|94\/100\n|move|p2a: Hatterene|Psychic|p1a: Greg\n|-damage|p1a: Greg|62\/100\n|\n|-heal|p1a: Greg|68\/100|[from] item: Leftovers\n|-damage|p2a: Hatterene|0 fnt|[from] Salt Cure\n|faint|p2a: Hatterene\n|upkeep\n|\n|t:|1700444270\n|switch|p2a: Glimmora|Glimmora, M|100\/100\n|turn|11\n|c| Jxjpenguin|Down she goes\n|c| FLOOR IT|I'm still rooting for you Joey\n|c| Nuwyrm|LETS GO GREG\n|c| Jxjpenguin|I\u2019m only rooting for Will cuz he\u2019s literally right next to me\n|c| Jxjpenguin|GREG POGGERS\n|\n|t:|1700444316\n|switch|p1a: Greater Tusk|Donphan, M|100\/100\n|move|p2a: Glimmora|Earth Power|p1a: Greater Tusk\n|-damage|p1a: Greater Tusk|53\/100\n|\n|upkeep\n|turn|12\n|c| Nuwyrm|I\u2019m rooting explicitly for Garganacl\n|\n|t:|1700444337\n|switch|p2a: Hawlucha|Hawlucha, F|100\/100\n|move|p1a: Greater Tusk|Play Rough|p2a: Hawlucha\n|-supereffective|p2a: Hawlucha\n|-damage|p2a: Hawlucha|12\/100\n|-enditem|p2a: Hawlucha|Salac Berry|[eat]\n|-boost|p2a: Hawlucha|spe|1|[from] item: Salac Berry\n|\n|upkeep\n|turn|13\n|c| Nuwyrm|couldn\u2019t care less about the people\n|c| Ryno5311|mega speed\n|c| Jxjpenguin|I AM SPEED\n|c| Ryno5311|how can you possibly hope to outspeed salac hawlucha\n|c| FLOOR IT|I'm rooting against the dumb rock\n|c|\u2606TheJoeyGuy|ice shard probably\n|c| Ryno5311|shhh\n|c| Jxjpenguin|Greg u got this\n|c| Ryno5311|also poor glimmora\n|\n|t:|1700444453\n|switch|p1a: Greg|Garganacl, M|68\/100\n|move|p2a: Hawlucha|Swords Dance|p2a: Hawlucha\n|-boost|p2a: Hawlucha|atk|2\n|\n|-heal|p1a: Greg|74\/100|[from] item: Leftovers\n|upkeep\n|turn|14\n|c| FLOOR IT|JOEY WITH THE READS\n|c| FLOOR IT|GET HIS ASS.JOEY\n|c|\u2606Lickilicky7|\"hes probably not gonna sd\"\n|c| FLOOR IT|BEAT HIM UP\n|\n|t:|1700444484\n|move|p2a: Hawlucha|Close Combat|p1a: Greg\n|-supereffective|p1a: Greg\n|-damage|p1a: Greg|0 fnt\n|-unboost|p2a: Hawlucha|def|1\n|-unboost|p2a: Hawlucha|spd|1\n|faint|p1a: Greg\n|\n|upkeep\n|\n|t:|1700444492\n|switch|p1a: Ur Mom|Indeedee-F, F|100\/100\n|-fieldstart|move: Psychic Terrain|[from] ability: Psychic Surge|[of] p1a: Ur Mom\n|turn|15\n|\n|t:|1700444498\n|move|p2a: Hawlucha|Close Combat|p1a: Ur Mom\n|-damage|p1a: Ur Mom|0 fnt\n|-unboost|p2a: Hawlucha|def|1\n|-unboost|p2a: Hawlucha|spd|1\n|faint|p1a: Ur Mom\n|\n|upkeep\n|c| Nuwyrm|NO GREG\n|\n|t:|1700444516\n|switch|p1a: Don't Stop Meow|Sneasler, M|100\/100\n|-enditem|p1a: Don't Stop Meow|Psychic Seed\n|-boost|p1a: Don't Stop Meow|spd|1|[from] item: Psychic Seed\n|turn|16\n|c| Ryno5311|the salac\n|\n|t:|1700444535\n|move|p2a: Hawlucha|Brave Bird|p1a: Don't Stop Meow\n|-supereffective|p1a: Don't Stop Meow\n|-damage|p1a: Don't Stop Meow|0 fnt\n|faint|p1a: Don't Stop Meow\n|-damage|p2a: Hawlucha|0 fnt|[from] Recoil\n|faint|p2a: Hawlucha\n|\n|upkeep\n|c|\u2606TheJoeyGuy|o7\n|c| Ryno5311|the first and last time a salac hawlucha is useful\n|\n|t:|1700444544\n|switch|p1a: Greater Tusk|Donphan, M|53\/100\n|switch|p2a: Chien-Pao|Chien-Pao|100\/100\n|-ability|p2a: Chien-Pao|Sword of Ruin\n|turn|17\n|c| alexwave55|now sucker punch\n|c| Ryno5311|everyone knows donphan is ungrounded\n|c|\u2606TheJoeyGuy|it was intentional overkill for quiver dance \/ shell smash\n|c| FLOOR IT|But he outspeeds\n|\n|t:|1700444575\n|move|p2a: Chien-Pao|Ice Spinner|p1a: Greater Tusk\n|-supereffective|p1a: Greater Tusk\n|-damage|p1a: Greater Tusk|0 fnt\n|-fieldend|move: Psychic Terrain\n|faint|p1a: Greater Tusk\n|-damage|p2a: Chien-Pao|91\/100|[from] item: Life Orb\n|\n|win|TheJoeyGuy\n|c|\u2606Lickilicky7|gg\n|c|\u2606TheJoeyGuy|gg\n|l|\u2606Lickilicky7\n|c| alexwave55|NEXT BATTLE\n|l| FLOOR IT\n|l| Ryno5311\n|c|\u2606TheJoeyGuy|i literally had \"i took a calculated risk but man am i bad at math\" ready to send with that sd\n|c| Jxjpenguin|Ryne\n|l| Nuwyrm\n|l| Jxjpenguin\n|l| dancingnightmare\n","uploadtime":1700444669,"views":11,"p1id":"lickilicky7","p2id":"thejoeyguy","formatid":"gen9anythinggoes","rating":0,"private":0,"password":""}