{"id":"gen9anythinggoes-1998188689","p1":"arafatr871","p2":"game18","format":"[Gen 9] Anything Goes","log":"|j|\u2606arafatr871\n|j|\u2606game18\n|t:|1700909191\n|gametype|singles\n|player|p1|arafatr871|ingo|1673\n|player|p2|game18|ghetsis|1649\n|teamsize|p1|6\n|teamsize|p2|6\n|gen|9\n|tier|[Gen 9] Anything Goes\n|rated|\n|rule|HP Percentage Mod: HP is shown in percentages\n|rule|Endless Battle Clause: Forcing endless battles is banned\n|clearpoke\n|poke|p1|Calyrex-Shadow|\n|poke|p1|Chansey, F|\n|poke|p1|Clodsire, F|\n|poke|p1|Mandibuzz, F|\n|poke|p1|Skeledirge, F|\n|poke|p1|Koraidon|\n|poke|p2|Ting-Lu|\n|poke|p2|Arceus-Fairy|\n|poke|p2|Calyrex-Shadow|\n|poke|p2|Arceus|\n|poke|p2|Koraidon|\n|poke|p2|Toxapex, M|\n|teampreview\n|inactive|Battle timer is ON: inactive players will automatically lose when time's up. (requested by arafatr871)\n|\n|t:|1700909200\n|start\n|switch|p1a: Clodsire|Clodsire, F, shiny|100\/100\n|switch|p2a: Arceus|Arceus-Fairy|100\/100\n|turn|1\n|\n|t:|1700909207\n|move|p2a: Arceus|Taunt|p1a: Clodsire\n|-start|p1a: Clodsire|move: Taunt\n|cant|p1a: Clodsire|move: Taunt|Toxic\n|\n|upkeep\n|turn|2\n|\n|t:|1700909224\n|switch|p2a: Koraidon|Koraidon|100\/100\n|-weather|SunnyDay|[from] ability: Orichalcum Pulse|[of] p2a: Koraidon\n|-activate|p2a: Koraidon|Orichalcum Pulse|[source]\n|switch|p1a: Skeledirge|Skeledirge, F, shiny|100\/100\n|\n|-weather|SunnyDay|[upkeep]\n|upkeep\n|turn|3\n|inactive|game18 has 120 seconds left.\n|\n|t:|1700909274\n|switch|p1a: Chansey|Chansey, F, shiny|100\/100\n|-terastallize|p2a: Koraidon|Fire\n|move|p2a: Koraidon|Dragon Claw|p1a: Chansey\n|-damage|p1a: Chansey|49\/100\n|\n|-weather|SunnyDay|[upkeep]\n|upkeep\n|turn|4\n|\n|t:|1700909287\n|move|p2a: Koraidon|Dragon Claw|p1a: Chansey\n|-damage|p1a: Chansey|0 fnt\n|faint|p1a: Chansey\n|\n|-weather|SunnyDay|[upkeep]\n|upkeep\n|inactive|arafatr871 has 120 seconds left.\n|\n|t:|1700909304\n|switch|p1a: Clodsire|Clodsire, F, shiny|100\/100\n|turn|5\n|\n|t:|1700909307\n|move|p2a: Koraidon|Dragon Claw|p1a: Clodsire\n|-damage|p1a: Clodsire|0 fnt\n|faint|p1a: Clodsire\n|\n|-weather|SunnyDay|[upkeep]\n|upkeep\n|\n|t:|1700909313\n|switch|p1a: Calyrex|Calyrex-Shadow|100\/100\n|-ability|p1a: Calyrex|As One\n|-ability|p1a: Calyrex|Unnerve\n|turn|6\n|\n|t:|1700909320\n|switch|p2a: Ting-Lu|Ting-Lu|100\/100\n|-ability|p2a: Ting-Lu|Vessel of Ruin\n|move|p1a: Calyrex|Astral Barrage|p2a: Ting-Lu\n|-resisted|p2a: Ting-Lu\n|-damage|p2a: Ting-Lu|86\/100\n|\n|-weather|none\n|-heal|p2a: Ting-Lu|92\/100|[from] item: Leftovers\n|upkeep\n|turn|7\n|\n|t:|1700909332\n|-terastallize|p1a: Calyrex|Dark\n|move|p1a: Calyrex|Nasty Plot|p1a: Calyrex\n|-boost|p1a: Calyrex|spa|2\n|move|p2a: Ting-Lu|Stealth Rock|p1a: Calyrex\n|-sidestart|p1: arafatr871|move: Stealth Rock\n|\n|-heal|p2a: Ting-Lu|98\/100|[from] item: Leftovers\n|upkeep\n|turn|8\n|\n|t:|1700909341\n|move|p1a: Calyrex|Nasty Plot|p1a: Calyrex\n|-boost|p1a: Calyrex|spa|2\n|move|p2a: Ting-Lu|Ruination|p1a: Calyrex\n|-damage|p1a: Calyrex|51\/100\n|\n|-heal|p2a: Ting-Lu|100\/100|[from] item: Leftovers\n|upkeep\n|turn|9\n|\n|t:|1700909350\n|move|p1a: Calyrex|Draining Kiss|p2a: Ting-Lu\n|-supereffective|p2a: Ting-Lu\n|-damage|p2a: Ting-Lu|47\/100\n|-heal|p1a: Calyrex|100\/100|[from] drain|[of] p2a: Ting-Lu\n|move|p2a: Ting-Lu|Whirlwind|p1a: Calyrex\n|drag|p1a: Mandibuzz|Mandibuzz, F, shiny|100\/100\n|-damage|p1a: Mandibuzz|76\/100|[from] Stealth Rock\n|\n|-heal|p1a: Mandibuzz|82\/100|[from] item: Leftovers\n|-heal|p2a: Ting-Lu|53\/100|[from] item: Leftovers\n|upkeep\n|turn|10\n|\n|t:|1700909368\n|switch|p2a: Arceus|Arceus-Fairy|100\/100\n|move|p1a: Mandibuzz|Defog|p2a: Arceus\n|-unboost|p2a: Arceus|evasion|1\n|-sideend|p1: arafatr871|Stealth Rock|[from] move: Defog|[of] p1a: Mandibuzz\n|\n|-heal|p1a: Mandibuzz|88\/100|[from] item: Leftovers\n|upkeep\n|turn|11\n|\n|t:|1700909378\n|switch|p1a: Skeledirge|Skeledirge, F, shiny|100\/100\n|move|p2a: Arceus|Judgment|p1a: Skeledirge\n|-resisted|p1a: Skeledirge\n|-damage|p1a: Skeledirge|73\/100\n|\n|upkeep\n|turn|12\n|\n|t:|1700909386\n|switch|p2a: Koraidon|Koraidon, tera:Fire|100\/100\n|-weather|SunnyDay|[from] ability: Orichalcum Pulse|[of] p2a: Koraidon\n|-activate|p2a: Koraidon|Orichalcum Pulse|[source]\n|move|p1a: Skeledirge|Torch Song|p2a: Koraidon\n|-resisted|p2a: Koraidon\n|-damage|p2a: Koraidon|71\/100\n|-boost|p1a: Skeledirge|spa|1\n|\n|-weather|SunnyDay|[upkeep]\n|upkeep\n|turn|13\n|\n|t:|1700909398\n|move|p2a: Koraidon|Dragon Claw|p1a: Skeledirge\n|-damage|p1a: Skeledirge|0 fnt\n|faint|p1a: Skeledirge\n|\n|-weather|SunnyDay|[upkeep]\n|upkeep\n|\n|t:|1700909408\n|switch|p1a: Calyrex|Calyrex-Shadow, tera:Dark|100\/100\n|-ability|p1a: Calyrex|As One\n|-ability|p1a: Calyrex|Unnerve\n|turn|14\n|\n|t:|1700909415\n|switch|p2a: Ting-Lu|Ting-Lu|53\/100\n|-ability|p2a: Ting-Lu|Vessel of Ruin\n|move|p1a: Calyrex|Astral Barrage|p2a: Ting-Lu\n|-resisted|p2a: Ting-Lu\n|-damage|p2a: Ting-Lu|38\/100\n|\n|-weather|SunnyDay|[upkeep]\n|-heal|p2a: Ting-Lu|44\/100|[from] item: Leftovers\n|upkeep\n|turn|15\n|\n|t:|1700909429\n|move|p1a: Calyrex|Nasty Plot|p1a: Calyrex\n|-boost|p1a: Calyrex|spa|2\n|move|p2a: Ting-Lu|Ruination|p1a: Calyrex\n|-damage|p1a: Calyrex|51\/100\n|\n|-weather|SunnyDay|[upkeep]\n|-heal|p2a: Ting-Lu|51\/100|[from] item: Leftovers\n|upkeep\n|turn|16\n|\n|t:|1700909443\n|move|p1a: Calyrex|Draining Kiss|p2a: Ting-Lu\n|-supereffective|p2a: Ting-Lu\n|-damage|p2a: Ting-Lu|18\/100\n|-heal|p1a: Calyrex|88\/100|[from] drain|[of] p2a: Ting-Lu\n|move|p2a: Ting-Lu|Whirlwind|p1a: Calyrex\n|drag|p1a: Mandibuzz|Mandibuzz, F, shiny|88\/100\n|\n|-weather|none\n|-heal|p1a: Mandibuzz|94\/100|[from] item: Leftovers\n|-heal|p2a: Ting-Lu|24\/100|[from] item: Leftovers\n|upkeep\n|turn|17\n|\n|t:|1700909455\n|move|p2a: Ting-Lu|Stealth Rock|p1a: Mandibuzz\n|-sidestart|p1: arafatr871|move: Stealth Rock\n|move|p1a: Mandibuzz|Whirlwind|p2a: Ting-Lu\n|drag|p2a: Calyrex|Calyrex-Shadow|100\/100\n|-ability|p2a: Calyrex|As One\n|-ability|p2a: Calyrex|Unnerve\n|\n|-heal|p1a: Mandibuzz|99\/100|[from] item: Leftovers\n|upkeep\n|turn|18\n|\n|t:|1700909467\n|switch|p2a: Arceus|Arceus-Fairy|100\/100\n|move|p1a: Mandibuzz|Defog|p2a: Arceus\n|-unboost|p2a: Arceus|evasion|1\n|-sideend|p1: arafatr871|Stealth Rock|[from] move: Defog|[of] p1a: Mandibuzz\n|\n|-heal|p1a: Mandibuzz|100\/100|[from] item: Leftovers\n|upkeep\n|turn|19\n|\n|t:|1700909479\n|move|p2a: Arceus|Judgment|p1a: Mandibuzz\n|-supereffective|p1a: Mandibuzz\n|-damage|p1a: Mandibuzz|26\/100\n|move|p1a: Mandibuzz|Whirlwind|p2a: Arceus\n|drag|p2a: Arceus|Arceus|100\/100\n|\n|-heal|p1a: Mandibuzz|32\/100|[from] item: Leftovers\n|upkeep\n|turn|20\n|\n|t:|1700909489\n|move|p2a: Arceus|Extreme Speed|p1a: Mandibuzz\n|-damage|p1a: Mandibuzz|7\/100\n|move|p1a: Mandibuzz|Foul Play|p2a: Arceus\n|-damage|p2a: Arceus|67\/100\n|\n|-heal|p1a: Mandibuzz|13\/100|[from] item: Leftovers\n|upkeep\n|turn|21\n|\n|t:|1700909498\n|move|p2a: Arceus|Extreme Speed|p1a: Mandibuzz\n|-damage|p1a: Mandibuzz|0 fnt\n|faint|p1a: Mandibuzz\n|\n|upkeep\n|\n|t:|1700909506\n|switch|p1a: Calyrex|Calyrex-Shadow, tera:Dark|88\/100\n|-ability|p1a: Calyrex|As One\n|-ability|p1a: Calyrex|Unnerve\n|turn|22\n|\n|t:|1700909512\n|move|p2a: Arceus|Extreme Speed|p1a: Calyrex\n|-crit|p1a: Calyrex\n|-damage|p1a: Calyrex|11\/100\n|move|p1a: Calyrex|Psychic|p2a: Arceus\n|-damage|p2a: Arceus|29\/100\n|\n|upkeep\n|turn|23\n|\n|t:|1700909516\n|move|p2a: Arceus|Extreme Speed|p1a: Calyrex\n|-damage|p1a: Calyrex|0 fnt\n|faint|p1a: Calyrex\n|\n|upkeep\n|\n|t:|1700909519\n|switch|p1a: Koraidon|Koraidon|100\/100\n|-weather|SunnyDay|[from] ability: Orichalcum Pulse|[of] p1a: Koraidon\n|-activate|p1a: Koraidon|Orichalcum Pulse|[source]\n|turn|24\n|\n|t:|1700909528\n|switch|p2a: Toxapex|Toxapex, M|100\/100\n|move|p1a: Koraidon|Flame Charge|p2a: Toxapex\n|-resisted|p2a: Toxapex\n|-damage|p2a: Toxapex|89\/100\n|-boost|p1a: Koraidon|spe|1\n|-damage|p1a: Koraidon|84\/100|[from] item: Rocky Helmet|[of] p2a: Toxapex\n|\n|-weather|SunnyDay|[upkeep]\n|upkeep\n|turn|25\n|\n|t:|1700909541\n|move|p1a: Koraidon|Swords Dance|p1a: Koraidon\n|-boost|p1a: Koraidon|atk|2\n|move|p2a: Toxapex|Chilling Water|p1a: Koraidon\n|-resisted|p1a: Koraidon\n|-damage|p1a: Koraidon|82\/100\n|-unboost|p1a: Koraidon|atk|1\n|\n|-weather|SunnyDay|[upkeep]\n|upkeep\n|turn|26\n|\n|t:|1700909550\n|move|p1a: Koraidon|Scale Shot|p2a: Toxapex\n|-damage|p2a: Toxapex|71\/100\n|-damage|p2a: Toxapex|54\/100\n|-damage|p2a: Toxapex|37\/100\n|-hitcount|p2a: Toxapex|3\n|-unboost|p1a: Koraidon|def|1\n|-boost|p1a: Koraidon|spe|1\n|move|p2a: Toxapex|Haze|p2a: Toxapex\n|-clearallboost\n|\n|-weather|SunnyDay|[upkeep]\n|upkeep\n|turn|27\n|\n|t:|1700909558\n|move|p1a: Koraidon|Swords Dance|p1a: Koraidon\n|-boost|p1a: Koraidon|atk|2\n|move|p2a: Toxapex|Recover|p2a: Toxapex\n|-heal|p2a: Toxapex|88\/100\n|\n|-weather|SunnyDay|[upkeep]\n|upkeep\n|turn|28\n|\n|t:|1700909566\n|move|p1a: Koraidon|Scale Shot|p2a: Toxapex\n|-damage|p2a: Toxapex|66\/100\n|-damage|p2a: Toxapex|42\/100\n|-hitcount|p2a: Toxapex|2\n|-unboost|p1a: Koraidon|def|1\n|-boost|p1a: Koraidon|spe|1\n|move|p2a: Toxapex|Haze|p2a: Toxapex\n|-clearallboost\n|\n|-weather|none\n|upkeep\n|turn|29\n|\n|t:|1700909573\n|move|p1a: Koraidon|Swords Dance|p1a: Koraidon\n|-boost|p1a: Koraidon|atk|2\n|move|p2a: Toxapex|Haze|p2a: Toxapex\n|-clearallboost\n|\n|upkeep\n|turn|30\n|\n|t:|1700909580\n|move|p1a: Koraidon|Swords Dance|p1a: Koraidon\n|-boost|p1a: Koraidon|atk|2\n|move|p2a: Toxapex|Haze|p2a: Toxapex\n|-clearallboost\n|\n|upkeep\n|turn|31\n|\n|t:|1700909587\n|move|p1a: Koraidon|Flame Charge|p2a: Toxapex\n|-resisted|p2a: Toxapex\n|-damage|p2a: Toxapex|37\/100\n|-boost|p1a: Koraidon|spe|1\n|-damage|p1a: Koraidon|65\/100|[from] item: Rocky Helmet|[of] p2a: Toxapex\n|move|p2a: Toxapex|Haze|p2a: Toxapex\n|-clearallboost\n|\n|upkeep\n|turn|32\n|\n|t:|1700909597\n|move|p1a: Koraidon|Swords Dance|p1a: Koraidon\n|-boost|p1a: Koraidon|atk|2\n|move|p2a: Toxapex|Haze|p2a: Toxapex\n|-clearallboost\n|\n|upkeep\n|turn|33\n|\n|t:|1700909604\n|move|p1a: Koraidon|Scale Shot|p2a: Toxapex\n|-damage|p2a: Toxapex|28\/100\n|-damage|p2a: Toxapex|20\/100\n|-damage|p2a: Toxapex|11\/100\n|-hitcount|p2a: Toxapex|3\n|-unboost|p1a: Koraidon|def|1\n|-boost|p1a: Koraidon|spe|1\n|move|p2a: Toxapex|Haze|p2a: Toxapex\n|-clearallboost\n|\n|upkeep\n|turn|34\n|\n|t:|1700909611\n|move|p1a: Koraidon|Scale Shot|p2a: Toxapex\n|-damage|p2a: Toxapex|3\/100\n|-damage|p2a: Toxapex|0 fnt\n|faint|p2a: Toxapex\n|-hitcount|p2: Toxapex|2\n|-unboost|p1a: Koraidon|def|1\n|-boost|p1a: Koraidon|spe|1\n|\n|upkeep\n|\n|t:|1700909616\n|switch|p2a: Calyrex|Calyrex-Shadow|100\/100\n|-ability|p2a: Calyrex|As One\n|-ability|p2a: Calyrex|Unnerve\n|turn|35\n|\n|t:|1700909623\n|move|p2a: Calyrex|Astral Barrage|p1a: Koraidon\n|-damage|p1a: Koraidon|0 fnt\n|faint|p1a: Koraidon\n|\n|win|game18\n|raw|arafatr871's rating: 1673 &rarr; <strong>1652<\/strong><br \/>(-21 for losing)\n|raw|game18's rating: 1649 &rarr; <strong>1670<\/strong><br \/>(+21 for winning)\n|l|\u2606arafatr871\n|l|\u2606game18\n","uploadtime":1700909636,"views":0,"p1id":"arafatr871","p2id":"game18","formatid":"gen9anythinggoes","rating":1652,"private":0,"password":""}