{"id":"gen9anythinggoes-1990630759","p1":"Taiyo no Tamago","p2":"EChompe","format":"[Gen 9] Anything Goes","log":"|j|\u2606Taiyo no Tamago\n|j|\u2606EChompe\n|t:|1699987167\n|gametype|singles\n|player|p1|Taiyo no Tamago|hiker-gen4|1050\n|player|p2|EChompe|266|1015\n|teamsize|p1|2\n|teamsize|p2|6\n|gen|9\n|tier|[Gen 9] Anything Goes\n|rated|\n|rule|HP Percentage Mod: HP is shown in percentages\n|rule|Endless Battle Clause: Forcing endless battles is banned\n|clearpoke\n|poke|p1|Magcargo, F|\n|poke|p1|Palafin, M|\n|poke|p2|Wooper-Paldea, L1, F|\n|poke|p2|Lechonk, L1, F|\n|poke|p2|Lechonk, L1, F|\n|poke|p2|Lechonk, L1, M|\n|poke|p2|Lechonk, L1, F|\n|poke|p2|Lechonk, L1, F|\n|teampreview\n|\n|t:|1699987172\n|start\n|switch|p1a: Palafin|Palafin, M, shiny|100\/100\n|switch|p2a: Wooper|Wooper-Paldea, L1, F, shiny|100\/100\n|turn|1\n|c|\u2606EChompe|Hello\n|\n|t:|1699987179\n|detailschange|p1a: Palafin|Palafin-Hero, M, shiny\n|switch|p1a: Magcargo|Magcargo, F, shiny|100\/100\n|move|p2a: Wooper|Toxic Spikes|p1a: Magcargo\n|-sidestart|p1: Taiyo no Tamago|move: Toxic Spikes\n|\n|upkeep\n|turn|2\n|c|\u2606Taiyo no Tamago|hi\n|\n|t:|1699987184\n|move|p1a: Magcargo|Shell Smash|p1a: Magcargo\n|-unboost|p1a: Magcargo|def|1\n|-unboost|p1a: Magcargo|spd|1\n|-boost|p1a: Magcargo|atk|2\n|-boost|p1a: Magcargo|spa|2\n|-boost|p1a: Magcargo|spe|2\n|move|p2a: Wooper|Toxic Spikes|p1a: Magcargo\n|-sidestart|p1: Taiyo no Tamago|move: Toxic Spikes\n|\n|upkeep\n|turn|3\n|c|\u2606Taiyo no Tamago|yooooooo\n|c|\u2606Taiyo no Tamago|no way\n|c|\u2606EChompe|What\n|c|\u2606Taiyo no Tamago|temp6t\n|\n|t:|1699987204\n|move|p1a: Magcargo|Shell Smash|p1a: Magcargo\n|-unboost|p1a: Magcargo|def|1\n|-unboost|p1a: Magcargo|spd|1\n|-boost|p1a: Magcargo|atk|2\n|-boost|p1a: Magcargo|spa|2\n|-boost|p1a: Magcargo|spe|2\n|move|p2a: Wooper|Toxic Spikes||[still]\n|-fail|p2a: Wooper\n|\n|upkeep\n|turn|4\n|\n|t:|1699987213\n|move|p1a: Magcargo|Shell Smash|p1a: Magcargo\n|-unboost|p1a: Magcargo|def|1\n|-unboost|p1a: Magcargo|spd|1\n|-boost|p1a: Magcargo|atk|2\n|-boost|p1a: Magcargo|spa|2\n|-boost|p1a: Magcargo|spe|2\n|move|p2a: Wooper|Toxic Spikes||[still]\n|-fail|p2a: Wooper\n|\n|upkeep\n|turn|5\n|\n|t:|1699987223\n|move|p1a: Magcargo|Power Gem|p2a: Wooper\n|-resisted|p2a: Wooper\n|-enditem|p2a: Wooper|Focus Sash\n|-damage|p2a: Wooper|9\/100\n|move|p2a: Wooper|Toxic Spikes||[still]\n|-fail|p2a: Wooper\n|\n|upkeep\n|turn|6\n|\n|t:|1699987230\n|move|p1a: Magcargo|Power Gem|p2a: Wooper\n|-resisted|p2a: Wooper\n|-damage|p2a: Wooper|0 fnt\n|faint|p2a: Wooper\n|\n|upkeep\n|c|\u2606EChompe|HEHEHEHE\n|c|\u2606EChompe|GET READY\n|c|\u2606Taiyo no Tamago|im subbed:)\n|\n|t:|1699987240\n|switch|p2a: Lechonk|Lechonk, L1, F, shiny|100\/100\n|turn|7\n|\n|t:|1699987247\n|move|p1a: Magcargo|Shell Smash|p1a: Magcargo\n|-unboost|p1a: Magcargo|def|1\n|-unboost|p1a: Magcargo|spd|1\n|-boost|p1a: Magcargo|atk|0\n|-boost|p1a: Magcargo|spa|0\n|-boost|p1a: Magcargo|spe|0\n|move|p2a: Lechonk|Endeavor|p1a: Magcargo\n|-damage|p1a: Magcargo|5\/100\n|-ability|p1a: Magcargo|Weak Armor|boost\n|-unboost|p1a: Magcargo|def|1\n|\n|upkeep\n|turn|8\n|c|\u2606EChompe|To who?\n|c|\u2606Taiyo no Tamago|u\n|c|\u2606EChompe|I\u2019m not a yt my guy\n|\n|t:|1699987267\n|move|p1a: Magcargo|Power Gem|p2a: Lechonk\n|-enditem|p2a: Lechonk|Focus Sash\n|-damage|p2a: Lechonk|8\/100\n|move|p2a: Lechonk|Tera Blast|p1a: Magcargo\n|-resisted|p1a: Magcargo\n|-damage|p1a: Magcargo|5\/100\n|\n|upkeep\n|turn|9\n|c|\u2606Taiyo no Tamago|oh\n|\n|t:|1699987276\n|move|p1a: Magcargo|Flamethrower|p2a: Lechonk\n|-damage|p2a: Lechonk|0 fnt\n|faint|p2a: Lechonk\n|\n|upkeep\n|\n|t:|1699987281\n|switch|p2a: Lechonk|Lechonk, L1, F, shiny|100\/100\n|turn|10\n|\n|t:|1699987284\n|move|p1a: Magcargo|Flamethrower|p2a: Lechonk\n|-enditem|p2a: Lechonk|Focus Sash\n|-damage|p2a: Lechonk|8\/100\n|-status|p2a: Lechonk|brn\n|move|p2a: Lechonk|Endeavor|p1a: Magcargo\n|-damage|p1a: Magcargo|1\/100\n|-ability|p1a: Magcargo|Weak Armor|boost\n|-unboost|p1a: Magcargo|def|1\n|\n|-damage|p2a: Lechonk|0 fnt|[from] brn\n|faint|p2a: Lechonk\n|upkeep\n|c|\u2606Taiyo no Tamago|lvl 1 terablast\n|\n|t:|1699987296\n|switch|p2a: Lechonk|Lechonk, L1, M|100\/100\n|turn|11\n|c|\u2606Taiyo no Tamago|i got 69 def rn\n|\n|t:|1699987303\n|move|p1a: Magcargo|Flamethrower|p2a: Lechonk\n|-enditem|p2a: Lechonk|Focus Sash\n|-damage|p2a: Lechonk|9\/100\n|move|p2a: Lechonk|Double-Edge|p1a: Magcargo\n|-resisted|p1a: Magcargo\n|-damage|p1a: Magcargo|0 fnt\n|faint|p1a: Magcargo\n|-damage|p2a: Lechonk|0 fnt|[from] Recoil\n|faint|p2a: Lechonk\n|\n|upkeep\n|c|\u2606EChompe|:)\n|\n|t:|1699987317\n|switch|p1a: Palafin|Palafin-Hero, M, shiny|100\/100\n|switch|p2a: Lechonk|Lechonk, L1, F, shiny|100\/100\n|-status|p1a: Palafin|tox\n|-activate|p1a: Palafin|ability: Zero to Hero\n|turn|12\n|\n|t:|1699987329\n|-terastallize|p1a: Palafin|Water\n|move|p1a: Palafin|Iron Head|p2a: Lechonk\n|-enditem|p2a: Lechonk|Focus Sash\n|-damage|p2a: Lechonk|9\/100\n|move|p2a: Lechonk|Endeavor|p1a: Palafin\n|-damage|p1a: Palafin|1\/100 tox\n|-enditem|p1a: Palafin|Sitrus Berry|[eat]\n|-heal|p1a: Palafin|26\/100 tox|[from] item: Sitrus Berry\n|\n|-damage|p1a: Palafin|20\/100 tox|[from] psn\n|upkeep\n|turn|13\n|c|\u2606EChompe|Also I\u2019m jk\n|\n|t:|1699987343\n|move|p1a: Palafin|Acrobatics|p2a: Lechonk\n|-damage|p2a: Lechonk|0 fnt\n|faint|p2a: Lechonk\n|\n|-damage|p1a: Palafin|7\/100 tox|[from] psn\n|upkeep\n|\n|t:|1699987349\n|switch|p2a: Lechonk|Lechonk, L1, F, shiny|100\/100\n|turn|14\n|c|\u2606Taiyo no Tamago|ur temp6t\n|\n|t:|1699987355\n|move|p1a: Palafin|Close Combat|p2a: Lechonk\n|-supereffective|p2a: Lechonk\n|-crit|p2a: Lechonk\n|-enditem|p2a: Lechonk|Focus Sash\n|-damage|p2a: Lechonk|8\/100\n|-unboost|p1a: Palafin|def|1\n|-unboost|p1a: Palafin|spd|1\n|move|p2a: Lechonk|Endeavor|p1a: Palafin\n|-damage|p1a: Palafin|1\/100 tox\n|\n|-damage|p1a: Palafin|0 fnt|[from] psn\n|faint|p1a: Palafin\n|\n|win|EChompe\n|upkeep\n|raw|Taiyo no Tamago's rating: 1050 &rarr; <strong>1031<\/strong><br \/>(-19 for losing)\n|raw|EChompe's rating: 1015 &rarr; <strong>1057<\/strong><br \/>(+42 for winning)\n|c|\u2606EChompe|Sure\n|c|\u2606Taiyo no Tamago|YOOOOOOOOO\n|c|\u2606Taiyo no Tamago|IM SUBBED\n|c|\u2606EChompe|GGs\n|c|\u2606Taiyo no Tamago|GG\n|c|\u2606EChompe|thank you!\n|c|\u2606Taiyo no Tamago|pls keep me in\n|c|\u2606Taiyo no Tamago|the vid\n|c|\u2606Taiyo no Tamago|:)\n|c|\u2606EChompe|im not recording sorry\n|c|\u2606Taiyo no Tamago|oh ok\n","uploadtime":1699987397,"views":3,"p1id":"taiyonotamago","p2id":"echompe","formatid":"gen9anythinggoes","rating":1031,"private":0,"password":""}