{"id":"gen9anythinggoes-1981370525","p1":"smusher","p2":"Avalanche7","format":"[Gen 9] Anything Goes","log":"|j|\u2606smusher\n|j|\u2606Avalanche7\n|t:|1698888479\n|gametype|singles\n|player|p1|smusher|1|\n|player|p2|Avalanche7|hilbert|\n|teamsize|p1|6\n|teamsize|p2|6\n|gen|9\n|tier|[Gen 9] Anything Goes\n|rule|HP Percentage Mod: HP is shown in percentages\n|rule|Endless Battle Clause: Forcing endless battles is banned\n|clearpoke\n|poke|p1|Landorus-Therian, M|\n|poke|p1|Raichu, M|\n|poke|p1|Bronzong|\n|poke|p1|Amoonguss, M|\n|poke|p1|Garchomp, M|\n|poke|p1|Milotic, M|\n|poke|p2|Ogerpon-Hearthflame, F|\n|poke|p2|Skeledirge, F|\n|poke|p2|Ursaluna, M|\n|poke|p2|Tatsugiri, M|\n|poke|p2|Breloom, M|\n|poke|p2|Pelipper, M|\n|teampreview\n|\n|t:|1698888542\n|start\n|switch|p1a: Bronzong|Bronzong, shiny|100\/100\n|switch|p2a: FlyGuy|Pelipper, M|100\/100\n|-weather|RainDance|[from] ability: Drizzle|[of] p2a: FlyGuy\n|turn|1\n|\n|t:|1698888588\n|switch|p2a: Majora|Ogerpon-Hearthflame, F|100\/100\n|-ability|p2a: Majora|Mold Breaker\n|move|p1a: Bronzong|Stealth Rock|p2a: Majora\n|-sidestart|p2: Avalanche7|move: Stealth Rock\n|\n|-weather|RainDance|[upkeep]\n|upkeep\n|turn|2\n|\n|t:|1698888614\n|move|p2a: Majora|U-turn|p1a: Bronzong\n|-damage|p1a: Bronzong|81\/100\n|\n|t:|1698888625\n|switch|p2a: Tubby|Ursaluna, M|100\/100|[from] U-turn\n|-damage|p2a: Tubby|94\/100|[from] Stealth Rock\n|move|p1a: Bronzong|Earthquake|p2a: Tubby\n|-damage|p2a: Tubby|77\/100\n|\n|-weather|RainDance|[upkeep]\n|-heal|p1a: Bronzong|87\/100|[from] item: Leftovers\n|-status|p2a: Tubby|brn|[from] item: Flame Orb\n|upkeep\n|turn|3\n|\n|t:|1698888664\n|switch|p1a: Landy|Landorus-Therian, M, shiny|100\/100\n|-ability|p1a: Landy|Intimidate|boost\n|-unboost|p2a: Tubby|atk|1\n|move|p2a: Tubby|Swords Dance|p2a: Tubby\n|-boost|p2a: Tubby|atk|2\n|\n|-weather|RainDance|[upkeep]\n|-damage|p2a: Tubby|71\/100 brn|[from] brn\n|upkeep\n|turn|4\n|\n|t:|1698888685\n|move|p1a: Landy|Grass Knot|p2a: Tubby\n|-supereffective|p2a: Tubby\n|-damage|p2a: Tubby|8\/100 brn\n|move|p2a: Tubby|Facade|p1a: Landy\n|-damage|p1a: Landy|0 fnt\n|faint|p1a: Landy\n|\n|-weather|RainDance|[upkeep]\n|-damage|p2a: Tubby|2\/100 brn|[from] brn\n|upkeep\n|\n|t:|1698888712\n|switch|p1a: Bronzong|Bronzong, shiny|87\/100\n|turn|5\n|\n|t:|1698888740\n|move|p2a: Tubby|Fire Punch|p1a: Bronzong\n|-supereffective|p1a: Bronzong\n|-damage|p1a: Bronzong|66\/100\n|move|p1a: Bronzong|Psychic|p2a: Tubby\n|-damage|p2a: Tubby|0 fnt\n|faint|p2a: Tubby\n|\n|-weather|none\n|-heal|p1a: Bronzong|73\/100|[from] item: Leftovers\n|upkeep\n|\n|t:|1698888765\n|switch|p2a: Komodo|Skeledirge, F|100\/100\n|turn|6\n|\n|t:|1698888779\n|move|p2a: Komodo|Will-O-Wisp|p1a: Bronzong\n|-status|p1a: Bronzong|brn\n|move|p1a: Bronzong|Earthquake|p2a: Komodo\n|-supereffective|p2a: Komodo\n|-damage|p2a: Komodo|83\/100\n|\n|-heal|p1a: Bronzong|79\/100 brn|[from] item: Leftovers\n|-damage|p1a: Bronzong|76\/100 brn|[from] brn\n|upkeep\n|turn|7\n|\n|t:|1698888794\n|move|p2a: Komodo|Torch Song|p1a: Bronzong\n|-supereffective|p1a: Bronzong\n|-damage|p1a: Bronzong|46\/100 brn\n|-boost|p2a: Komodo|spa|1\n|move|p1a: Bronzong|Psychic|p2a: Komodo\n|-damage|p2a: Komodo|66\/100\n|\n|-heal|p1a: Bronzong|52\/100 brn|[from] item: Leftovers\n|-damage|p1a: Bronzong|49\/100 brn|[from] brn\n|upkeep\n|turn|8\n|\n|t:|1698888809\n|switch|p1a: Rainbow|Milotic, M, shiny|100\/100\n|move|p2a: Komodo|Slack Off|p2a: Komodo\n|-heal|p2a: Komodo|100\/100\n|\n|upkeep\n|turn|9\n|\n|t:|1698888821\n|switch|p2a: Breloom|Breloom, M|100\/100\n|-damage|p2a: Breloom|94\/100|[from] Stealth Rock\n|move|p1a: Rainbow|Scald|p2a: Breloom\n|-resisted|p2a: Breloom\n|-damage|p2a: Breloom|66\/100\n|\n|upkeep\n|turn|10\n|\n|t:|1698888832\n|switch|p1a: Bronzong|Bronzong, shiny|49\/100 brn\n|move|p2a: Breloom|Spore||[still]\n|-fail|p2a: Breloom\n|\n|-heal|p1a: Bronzong|55\/100 brn|[from] item: Leftovers\n|-damage|p1a: Bronzong|52\/100 brn|[from] brn\n|upkeep\n|turn|11\n|\n|t:|1698888867\n|switch|p2a: Komodo|Skeledirge, F|100\/100\n|move|p1a: Bronzong|Psychic|p2a: Komodo\n|-damage|p2a: Komodo|81\/100\n|\n|-heal|p1a: Bronzong|58\/100 brn|[from] item: Leftovers\n|-damage|p1a: Bronzong|56\/100 brn|[from] brn\n|upkeep\n|turn|12\n|\n|t:|1698888880\n|switch|p1a: Rainbow|Milotic, M, shiny|100\/100\n|move|p2a: Komodo|Hex|p1a: Rainbow\n|-damage|p1a: Rainbow|87\/100\n|\n|-heal|p1a: Rainbow|93\/100|[from] item: Leftovers\n|upkeep\n|turn|13\n|\n|t:|1698888902\n|switch|p2a: FlyGuy|Pelipper, M|100\/100\n|-damage|p2a: FlyGuy|76\/100|[from] Stealth Rock\n|-weather|RainDance|[from] ability: Drizzle|[of] p2a: FlyGuy\n|move|p1a: Rainbow|Scald|p2a: FlyGuy\n|-resisted|p2a: FlyGuy\n|-damage|p2a: FlyGuy|41\/100\n|\n|-weather|RainDance|[upkeep]\n|-heal|p1a: Rainbow|99\/100|[from] item: Leftovers\n|upkeep\n|turn|14\n|\n|t:|1698888931\n|move|p2a: FlyGuy|U-turn|p1a: Rainbow\n|-damage|p1a: Rainbow|90\/100\n|\n|t:|1698888935\n|switch|p2a: Flopper|Tatsugiri, M|100\/100|[from] U-turn\n|-damage|p2a: Flopper|88\/100|[from] Stealth Rock\n|move|p1a: Rainbow|Mirror Coat||[still]\n|-fail|p1a: Rainbow\n|\n|-weather|RainDance|[upkeep]\n|-heal|p1a: Rainbow|96\/100|[from] item: Leftovers\n|upkeep\n|turn|15\n|\n|t:|1698888966\n|-terastallize|p2a: Flopper|Fairy\n|move|p2a: Flopper|Tera Blast|p1a: Rainbow|[anim] Tera Blast Fairy\n|-damage|p1a: Rainbow|75\/100\n|move|p1a: Rainbow|Mirror Coat|p2a: Flopper\n|-damage|p2a: Flopper|29\/100\n|\n|-weather|RainDance|[upkeep]\n|-heal|p1a: Rainbow|81\/100|[from] item: Leftovers\n|upkeep\n|turn|16\n|\n|t:|1698888998\n|move|p2a: Flopper|Tera Blast|p1a: Rainbow|[anim] Tera Blast Fairy\n|-damage|p1a: Rainbow|58\/100\n|move|p1a: Rainbow|Recover|p1a: Rainbow\n|-heal|p1a: Rainbow|100\/100\n|\n|-weather|RainDance|[upkeep]\n|upkeep\n|turn|17\n|\n|t:|1698889008\n|move|p2a: Flopper|Tera Blast|p1a: Rainbow|[anim] Tera Blast Fairy\n|-damage|p1a: Rainbow|78\/100\n|move|p1a: Rainbow|Mirror Coat|p2a: Flopper\n|-damage|p2a: Flopper|0 fnt\n|faint|p2a: Flopper\n|\n|-weather|none\n|-heal|p1a: Rainbow|84\/100|[from] item: Leftovers\n|upkeep\n|\n|t:|1698889018\n|switch|p2a: Breloom|Breloom, M|66\/100\n|-damage|p2a: Breloom|60\/100|[from] Stealth Rock\n|turn|18\n|\n|t:|1698889029\n|switch|p1a: Among Us|Amoonguss, M, shiny|100\/100\n|move|p2a: Breloom|Thunder Punch|p1a: Among Us\n|-resisted|p1a: Among Us\n|-damage|p1a: Among Us|90\/100\n|\n|-heal|p1a: Among Us|96\/100|[from] item: Black Sludge\n|upkeep\n|turn|19\n|\n|t:|1698889046\n|switch|p2a: FlyGuy|Pelipper, M|41\/100\n|-damage|p2a: FlyGuy|16\/100|[from] Stealth Rock\n|-weather|RainDance|[from] ability: Drizzle|[of] p2a: FlyGuy\n|move|p1a: Among Us|Sludge Bomb|p2a: FlyGuy\n|-damage|p2a: FlyGuy|0 fnt\n|faint|p2a: FlyGuy\n|\n|-weather|RainDance|[upkeep]\n|-heal|p1a: Among Us|100\/100|[from] item: Black Sludge\n|upkeep\n|\n|t:|1698889058\n|switch|p2a: Majora|Ogerpon-Hearthflame, F|100\/100\n|-damage|p2a: Majora|76\/100|[from] Stealth Rock\n|-ability|p2a: Majora|Mold Breaker\n|turn|20\n|\n|t:|1698889073\n|move|p2a: Majora|Horn Leech|p1a: Among Us\n|-resisted|p1a: Among Us\n|-damage|p1a: Among Us|93\/100\n|-heal|p2a: Majora|81\/100|[from] drain|[of] p1a: Among Us\n|move|p1a: Among Us|Sludge Bomb|p2a: Majora\n|-supereffective|p2a: Majora\n|-damage|p2a: Majora|13\/100\n|\n|-weather|RainDance|[upkeep]\n|-heal|p1a: Among Us|99\/100|[from] item: Black Sludge\n|upkeep\n|turn|21\n|\n|t:|1698889085\n|move|p2a: Majora|Ivy Cudgel|p1a: Among Us\n|-supereffective|p1a: Among Us\n|-damage|p1a: Among Us|57\/100\n|move|p1a: Among Us|Sludge Bomb|p2a: Majora\n|-supereffective|p2a: Majora\n|-damage|p2a: Majora|0 fnt\n|faint|p2a: Majora\n|\n|-weather|RainDance|[upkeep]\n|-heal|p1a: Among Us|63\/100|[from] item: Black Sludge\n|upkeep\n|\n|t:|1698889099\n|switch|p2a: Komodo|Skeledirge, F|81\/100\n|turn|22\n|\n|t:|1698889110\n|switch|p1a: Bronzong|Bronzong, shiny|56\/100 brn\n|move|p2a: Komodo|Hex|p1a: Bronzong\n|-supereffective|p1a: Bronzong\n|-damage|p1a: Bronzong|0 fnt\n|faint|p1a: Bronzong\n|\n|-weather|RainDance|[upkeep]\n|upkeep\n|\n|t:|1698889128\n|switch|p1a: Rainbow|Milotic, M, shiny|84\/100\n|turn|23\n|\n|t:|1698889139\n|move|p1a: Rainbow|Scald|p2a: Komodo\n|-supereffective|p2a: Komodo\n|-damage|p2a: Komodo|24\/100\n|move|p2a: Komodo|Slack Off|p2a: Komodo\n|-heal|p2a: Komodo|74\/100\n|\n|-weather|none\n|-heal|p1a: Rainbow|90\/100|[from] item: Leftovers\n|upkeep\n|turn|24\n|\n|t:|1698889156\n|move|p1a: Rainbow|Scald|p2a: Komodo\n|-supereffective|p2a: Komodo\n|-damage|p2a: Komodo|35\/100\n|move|p2a: Komodo|Slack Off|p2a: Komodo\n|-heal|p2a: Komodo|85\/100\n|\n|-heal|p1a: Rainbow|96\/100|[from] item: Leftovers\n|upkeep\n|turn|25\n|\n|t:|1698889169\n|move|p1a: Rainbow|Scald|p2a: Komodo\n|-supereffective|p2a: Komodo\n|-damage|p2a: Komodo|47\/100\n|move|p2a: Komodo|Will-O-Wisp|p1a: Rainbow|[miss]\n|-miss|p2a: Komodo|p1a: Rainbow\n|\n|-heal|p1a: Rainbow|100\/100|[from] item: Leftovers\n|upkeep\n|turn|26\n|\n|t:|1698889187\n|move|p1a: Rainbow|Scald|p2a: Komodo\n|-supereffective|p2a: Komodo\n|-damage|p2a: Komodo|8\/100\n|move|p2a: Komodo|Slack Off|p2a: Komodo\n|-heal|p2a: Komodo|58\/100\n|\n|upkeep\n|turn|27\n|\n|t:|1698889196\n|move|p1a: Rainbow|Scald|p2a: Komodo\n|-supereffective|p2a: Komodo\n|-damage|p2a: Komodo|16\/100\n|move|p2a: Komodo|Slack Off|p2a: Komodo\n|-heal|p2a: Komodo|66\/100\n|\n|upkeep\n|turn|28\n|\n|t:|1698889215\n|move|p1a: Rainbow|Scald|p2a: Komodo\n|-supereffective|p2a: Komodo\n|-crit|p2a: Komodo\n|-damage|p2a: Komodo|5\/100\n|move|p2a: Komodo|Slack Off|p2a: Komodo\n|-heal|p2a: Komodo|55\/100\n|\n|upkeep\n|turn|29\n|\n|t:|1698889222\n|move|p1a: Rainbow|Scald|p2a: Komodo\n|-supereffective|p2a: Komodo\n|-damage|p2a: Komodo|12\/100\n|move|p2a: Komodo|Hex|p1a: Rainbow\n|-damage|p1a: Rainbow|87\/100\n|\n|-heal|p1a: Rainbow|93\/100|[from] item: Leftovers\n|upkeep\n|turn|30\n|\n|t:|1698889233\n|move|p1a: Rainbow|Scald|p2a: Komodo\n|-supereffective|p2a: Komodo\n|-damage|p2a: Komodo|0 fnt\n|faint|p2a: Komodo\n|\n|-heal|p1a: Rainbow|99\/100|[from] item: Leftovers\n|upkeep\n|\n|t:|1698889241\n|switch|p2a: Breloom|Breloom, M|60\/100\n|-damage|p2a: Breloom|53\/100|[from] Stealth Rock\n|turn|31\n|\n|t:|1698889246\n|switch|p1a: Among Us|Amoonguss, M, shiny|96\/100\n|move|p2a: Breloom|Spore|p1a: Among Us\n|-immune|p1a: Among Us\n|\n|-heal|p1a: Among Us|100\/100|[from] item: Black Sludge\n|upkeep\n|turn|32\n|\n|t:|1698889263\n|move|p2a: Breloom|Mach Punch|p1a: Among Us\n|-resisted|p1a: Among Us\n|-damage|p1a: Among Us|89\/100\n|move|p1a: Among Us|Sludge Bomb|p2a: Breloom\n|-supereffective|p2a: Breloom\n|-damage|p2a: Breloom|0 fnt\n|faint|p2a: Breloom\n|\n|win|smusher\n","uploadtime":1698889290,"views":10,"p1id":"smusher","p2id":"avalanche7","formatid":"gen9anythinggoes","rating":0,"private":0,"password":""}