{"id":"gen9anythinggoes-1989921134","p1":"Masontomato","p2":"50UP","format":"[Gen 9] Anything Goes","log":"|j|\u2606Masontomato\n|j|\u260650UP\n|t:|1699906893\n|gametype|singles\n|player|p1|Masontomato|pokemonbreeder|\n|player|p2|50UP|ethan|\n|teamsize|p1|6\n|teamsize|p2|6\n|gen|9\n|tier|[Gen 9] Anything Goes\n|rule|HP Percentage Mod: HP is shown in percentages\n|rule|Endless Battle Clause: Forcing endless battles is banned\n|clearpoke\n|poke|p1|Kilowattrel, F|\n|poke|p1|Pelipper, F|\n|poke|p1|Rillaboom, F|\n|poke|p1|Hawlucha, F|\n|poke|p1|Glimmet, F|\n|poke|p1|Goodra-Hisui, F|\n|poke|p2|Greninja-*, F|\n|poke|p2|Zarude|\n|poke|p2|Magnezone|\n|poke|p2|Skeledirge, F|\n|poke|p2|Hariyama, M|\n|poke|p2|Mew|\n|teampreview\n|j| patddontpee\n|\n|t:|1699906951\n|start\n|switch|p1a: Glimmet|Glimmet, F|100\/100\n|switch|p2a: Magnezone|Magnezone|100\/100\n|turn|1\n|\n|t:|1699906987\n|move|p2a: Magnezone|Flash Cannon|p1a: Glimmet\n|-supereffective|p1a: Glimmet\n|-enditem|p1a: Glimmet|Focus Sash\n|-damage|p1a: Glimmet|1\/100\n|move|p1a: Glimmet|Toxic Spikes|p2a: Magnezone\n|-sidestart|p2: 50UP|move: Toxic Spikes\n|\n|upkeep\n|turn|2\n|\n|t:|1699907016\n|switch|p1a: Pelipper|Pelipper, F|100\/100\n|-weather|RainDance|[from] ability: Drizzle|[of] p1a: Pelipper\n|move|p2a: Magnezone|Flash Cannon|p1a: Pelipper\n|-resisted|p1a: Pelipper\n|-damage|p1a: Pelipper|71\/100\n|\n|-weather|RainDance|[upkeep]\n|upkeep\n|turn|3\n|\n|t:|1699907052\n|move|p1a: Pelipper|U-turn|p2a: Magnezone\n|-resisted|p2a: Magnezone\n|-damage|p2a: Magnezone|96\/100\n|\n|t:|1699907071\n|switch|p1a: Rillaboom|Rillaboom, F|100\/100|[from] U-turn\n|-fieldstart|move: Grassy Terrain|[from] ability: Grassy Surge|[of] p1a: Rillaboom\n|move|p2a: Magnezone|Flash Cannon|p1a: Rillaboom\n|-damage|p1a: Rillaboom|43\/100\n|\n|-weather|RainDance|[upkeep]\n|-heal|p1a: Rillaboom|49\/100|[from] Grassy Terrain\n|-heal|p1a: Rillaboom|55\/100|[from] item: Leftovers\n|-heal|p2a: Magnezone|100\/100|[from] Grassy Terrain\n|upkeep\n|turn|4\n|\n|t:|1699907134\n|switch|p2a: Mew|Mew|100\/100\n|-status|p2a: Mew|psn\n|move|p1a: Rillaboom|High Horsepower|p2a: Mew\n|-damage|p2a: Mew|77\/100 psn\n|\n|-weather|RainDance|[upkeep]\n|-heal|p2a: Mew|83\/100 psn|[from] Grassy Terrain\n|-heal|p2a: Mew|90\/100 psn|[from] item: Leftovers\n|-heal|p1a: Rillaboom|61\/100|[from] Grassy Terrain\n|-heal|p1a: Rillaboom|67\/100|[from] item: Leftovers\n|-damage|p2a: Mew|77\/100 psn|[from] psn\n|upkeep\n|turn|5\n|\n|t:|1699907155\n|move|p2a: Mew|Stealth Rock|p1a: Rillaboom\n|-sidestart|p1: Masontomato|move: Stealth Rock\n|move|p1a: Rillaboom|Knock Off|p2a: Mew\n|-supereffective|p2a: Mew\n|-damage|p2a: Mew|30\/100 psn\n|-enditem|p2a: Mew|Leftovers|[from] move: Knock Off|[of] p1a: Rillaboom\n|\n|-weather|RainDance|[upkeep]\n|-heal|p2a: Mew|36\/100 psn|[from] Grassy Terrain\n|-heal|p1a: Rillaboom|73\/100|[from] Grassy Terrain\n|-heal|p1a: Rillaboom|80\/100|[from] item: Leftovers\n|-damage|p2a: Mew|24\/100 psn|[from] psn\n|upkeep\n|turn|6\n|\n|t:|1699907179\n|move|p2a: Mew|Gunk Shot|p1a: Rillaboom|[miss]\n|-miss|p2a: Mew|p1a: Rillaboom\n|move|p1a: Rillaboom|U-turn|p2a: Mew\n|-supereffective|p2a: Mew\n|-damage|p2a: Mew|0 fnt\n|faint|p2a: Mew\n|\n|t:|1699907199\n|switch|p1a: Goodra|Goodra-Hisui, F, shiny|100\/100|[from] U-turn\n|-damage|p1a: Goodra|94\/100|[from] Stealth Rock\n|\n|-weather|none\n|-heal|p1a: Goodra|100\/100|[from] Grassy Terrain\n|upkeep\n|\n|t:|1699907231\n|switch|p2a: Zarude|Zarude|100\/100\n|-status|p2a: Zarude|psn\n|turn|7\n|\n|t:|1699907289\n|move|p2a: Zarude|Knock Off|p1a: Goodra\n|-damage|p1a: Goodra|38\/100\n|-ability|p1a: Goodra|Gooey\n|-unboost|p2a: Zarude|spe|1\n|-enditem|p1a: Goodra|Assault Vest|[from] move: Knock Off|[of] p2a: Zarude\n|-damage|p2a: Zarude|91\/100 psn|[from] item: Life Orb\n|move|p1a: Goodra|Draco Meteor|p2a: Zarude\n|-damage|p2a: Zarude|46\/100 psn\n|-unboost|p1a: Goodra|spa|2\n|\n|-heal|p2a: Zarude|52\/100 psn|[from] Grassy Terrain\n|-heal|p1a: Goodra|44\/100|[from] Grassy Terrain\n|-damage|p2a: Zarude|40\/100 psn|[from] psn\n|-fieldend|move: Grassy Terrain\n|upkeep\n|turn|8\n|\n|t:|1699907354\n|move|p2a: Zarude|Drain Punch|p1a: Goodra\n|-supereffective|p1a: Goodra\n|-damage|p1a: Goodra|0 fnt\n|-heal|p2a: Zarude|60\/100 psn|[from] drain|[of] p1a: Goodra\n|-ability|p1a: Goodra|Gooey\n|-unboost|p2a: Zarude|spe|1\n|faint|p1a: Goodra\n|-damage|p2a: Zarude|50\/100 psn|[from] item: Life Orb\n|\n|-damage|p2a: Zarude|38\/100 psn|[from] psn\n|upkeep\n|\n|t:|1699907380\n|switch|p1a: Rillaboom|Rillaboom, F|80\/100\n|-damage|p1a: Rillaboom|67\/100|[from] Stealth Rock\n|-fieldstart|move: Grassy Terrain|[from] ability: Grassy Surge|[of] p1a: Rillaboom\n|turn|9\n|\n|t:|1699907394\n|move|p1a: Rillaboom|U-turn|p2a: Zarude\n|-supereffective|p2a: Zarude\n|-damage|p2a: Zarude|0 fnt\n|faint|p2a: Zarude\n|\n|t:|1699907402\n|switch|p1a: Pelipper|Pelipper, F|71\/100|[from] U-turn\n|-weather|RainDance|[from] ability: Drizzle|[of] p1a: Pelipper\n|\n|-weather|RainDance|[upkeep]\n|upkeep\n|\n|t:|1699907426\n|switch|p2a: Greninja|Greninja, F|100\/100\n|-status|p2a: Greninja|psn\n|turn|10\n|\n|t:|1699907463\n|move|p2a: Greninja|Ice Beam|p1a: Pelipper\n|-start|p2a: Greninja|typechange|Ice|[from] ability: Protean\n|-damage|p1a: Pelipper|31\/100\n|move|p1a: Pelipper|Hurricane|p2a: Greninja\n|-damage|p2a: Greninja|39\/100 psn\n|\n|-weather|RainDance|[upkeep]\n|-heal|p2a: Greninja|45\/100 psn|[from] Grassy Terrain\n|-damage|p2a: Greninja|33\/100 psn|[from] psn\n|upkeep\n|turn|11\n|\n|t:|1699907493\n|switch|p1a: Glimmet|Glimmet, F|1\/100\n|-damage|p1a: Glimmet|0 fnt|[from] Stealth Rock\n|faint|p1a: Glimmet\n|move|p2a: Greninja|Ice Beam|p1: Glimmet|[notarget]\n|-fail|p2a: Greninja\n|\n|-weather|RainDance|[upkeep]\n|-heal|p2a: Greninja|39\/100 psn|[from] Grassy Terrain\n|-damage|p2a: Greninja|26\/100 psn|[from] psn\n|upkeep\n|\n|t:|1699907504\n|switch|p1a: Kilowattrel|Kilowattrel, F|100\/100\n|-damage|p1a: Kilowattrel|76\/100|[from] Stealth Rock\n|turn|12\n|\n|t:|1699907554\n|switch|p2a: Magnezone|Magnezone|100\/100\n|move|p1a: Kilowattrel|Hurricane|p2a: Magnezone\n|-resisted|p2a: Magnezone\n|-damage|p2a: Magnezone|92\/100\n|\n|-weather|RainDance|[upkeep]\n|-heal|p2a: Magnezone|98\/100|[from] Grassy Terrain\n|upkeep\n|turn|13\n|\n|t:|1699907614\n|move|p1a: Kilowattrel|Hurricane|p2a: Magnezone\n|-resisted|p2a: Magnezone\n|-damage|p2a: Magnezone|91\/100\n|-start|p2a: Magnezone|confusion\n|-activate|p2a: Magnezone|confusion\n|move|p2a: Magnezone|Flash Cannon|p1a: Kilowattrel\n|-resisted|p1a: Kilowattrel\n|-damage|p1a: Kilowattrel|19\/100\n|\n|-weather|none\n|-heal|p2a: Magnezone|97\/100|[from] Grassy Terrain\n|-fieldend|move: Grassy Terrain\n|upkeep\n|turn|14\n|l|\u2606Masontomato\n|player|p1|\n|\n|t:|1699907684\n|switch|p1a: Rillaboom|Rillaboom, F|67\/100\n|-damage|p1a: Rillaboom|55\/100|[from] Stealth Rock\n|-fieldstart|move: Grassy Terrain|[from] ability: Grassy Surge|[of] p1a: Rillaboom\n|-end|p2a: Magnezone|confusion\n|move|p2a: Magnezone|Flash Cannon|p1a: Rillaboom\n|-damage|p1a: Rillaboom|6\/100\n|\n|-heal|p1a: Rillaboom|12\/100|[from] Grassy Terrain\n|-heal|p1a: Rillaboom|18\/100|[from] item: Leftovers\n|-heal|p2a: Magnezone|100\/100|[from] Grassy Terrain\n|upkeep\n|turn|15\n|j|\u2606Masontomato\n|player|p1|Masontomato|pokemonbreeder\n|\n|t:|1699907846\n|switch|p2a: Hariyama|Hariyama, M|100\/100\n|-status|p2a: Hariyama|psn\n|move|p1a: Rillaboom|High Horsepower|p2a: Hariyama\n|-damage|p2a: Hariyama|71\/100 psn\n|\n|-heal|p1a: Rillaboom|24\/100|[from] Grassy Terrain\n|-heal|p1a: Rillaboom|30\/100|[from] item: Leftovers\n|-heal|p2a: Hariyama|77\/100 psn|[from] Grassy Terrain\n|-damage|p2a: Hariyama|65\/100 psn|[from] psn\n|upkeep\n|turn|16\n|\n|t:|1699907922\n|move|p2a: Hariyama|Fake Out|p1a: Rillaboom\n|-damage|p1a: Rillaboom|5\/100\n|cant|p1a: Rillaboom|flinch\n|\n|-heal|p1a: Rillaboom|11\/100|[from] Grassy Terrain\n|-heal|p1a: Rillaboom|17\/100|[from] item: Leftovers\n|-heal|p2a: Hariyama|71\/100 psn|[from] Grassy Terrain\n|-damage|p2a: Hariyama|59\/100 psn|[from] psn\n|upkeep\n|turn|17\n|\n|t:|1699907963\n|switch|p1a: Pelipper|Pelipper, F|31\/100\n|-weather|RainDance|[from] ability: Drizzle|[of] p1a: Pelipper\n|move|p2a: Hariyama|Drain Punch|p1a: Pelipper\n|-resisted|p1a: Pelipper\n|-damage|p1a: Pelipper|0 fnt\n|-heal|p2a: Hariyama|69\/100 psn|[from] drain|[of] p1a: Pelipper\n|faint|p1a: Pelipper\n|\n|-weather|RainDance|[upkeep]\n|-heal|p2a: Hariyama|75\/100 psn|[from] Grassy Terrain\n|-damage|p2a: Hariyama|62\/100 psn|[from] psn\n|upkeep\n|\n|t:|1699907981\n|switch|p1a: Hawlucha|Hawlucha, F|100\/100\n|-damage|p1a: Hawlucha|88\/100|[from] Stealth Rock\n|-enditem|p1a: Hawlucha|Grassy Seed\n|-boost|p1a: Hawlucha|def|1|[from] item: Grassy Seed\n|turn|18\n|\n|t:|1699907993\n|move|p1a: Hawlucha|Acrobatics|p2a: Hariyama\n|-supereffective|p2a: Hariyama\n|-damage|p2a: Hariyama|0 fnt\n|faint|p2a: Hariyama\n|\n|-weather|RainDance|[upkeep]\n|-fieldend|move: Grassy Terrain\n|upkeep\n|l|\u2606Masontomato\n|player|p1|\n|\n|t:|1699908047\n|switch|p2a: Skeledirge|Skeledirge, F|100\/100\n|turn|19\n|j|\u2606Masontomato\n|player|p1|Masontomato|pokemonbreeder\n|\n|t:|1699908164\n|move|p1a: Hawlucha|Acrobatics|p2a: Skeledirge\n|-damage|p2a: Skeledirge|73\/100\n|move|p2a: Skeledirge|Torch Song|p1a: Hawlucha\n|-damage|p1a: Hawlucha|64\/100\n|-boost|p2a: Skeledirge|spa|1\n|\n|-weather|RainDance|[upkeep]\n|upkeep\n|turn|20\n|\n|t:|1699908207\n|move|p1a: Hawlucha|Acrobatics|p2a: Skeledirge\n|-damage|p2a: Skeledirge|47\/100\n|move|p2a: Skeledirge|Shadow Ball|p1a: Hawlucha\n|-damage|p1a: Hawlucha|0 fnt\n|faint|p1a: Hawlucha\n|\n|-weather|RainDance|[upkeep]\n|upkeep\n|\n|t:|1699908213\n|switch|p1a: Rillaboom|Rillaboom, F|17\/100\n|-damage|p1a: Rillaboom|5\/100|[from] Stealth Rock\n|-fieldstart|move: Grassy Terrain|[from] ability: Grassy Surge|[of] p1a: Rillaboom\n|turn|21\n|\n|t:|1699908267\n|move|p1a: Rillaboom|Knock Off|p2a: Skeledirge\n|-supereffective|p2a: Skeledirge\n|-damage|p2a: Skeledirge|13\/100\n|-enditem|p2a: Skeledirge|Heavy-Duty Boots|[from] move: Knock Off|[of] p1a: Rillaboom\n|move|p2a: Skeledirge|Torch Song|p1a: Rillaboom\n|-supereffective|p1a: Rillaboom\n|-damage|p1a: Rillaboom|0 fnt\n|-boost|p2a: Skeledirge|spa|1\n|faint|p1a: Rillaboom\n|\n|-weather|none\n|-heal|p2a: Skeledirge|19\/100|[from] Grassy Terrain\n|upkeep\n|\n|t:|1699908273\n|switch|p1a: Kilowattrel|Kilowattrel, F|19\/100\n|-damage|p1a: Kilowattrel|0 fnt|[from] Stealth Rock\n|faint|p1a: Kilowattrel\n|\n|win|50UP\n|c|\u2606Masontomato|ggs\n|c|\u260650UP|gg\n|c| patddontpee|super well played gg\n","uploadtime":1699908289,"views":11,"p1id":"masontomato","p2id":"50up","formatid":"gen9anythinggoes","rating":0,"private":0,"password":""}