{"id":"gen9anythinggoes-1978011029","p1":"Feraligators","p2":"Kidhx","format":"[Gen 9] Anything Goes","log":"|j|\u2606Feraligators\n|j|\u2606Kidhx\n|t:|1698483974\n|gametype|singles\n|player|p1|Feraligators|hooligans|1721\n|player|p2|Kidhx|preschooler|1724\n|teamsize|p1|6\n|teamsize|p2|6\n|gen|9\n|tier|[Gen 9] Anything Goes\n|rated|\n|rule|HP Percentage Mod: HP is shown in percentages\n|rule|Endless Battle Clause: Forcing endless battles is banned\n|clearpoke\n|poke|p1|Calyrex-Shadow|\n|poke|p1|Arceus|\n|poke|p1|Koraidon|\n|poke|p1|Ditto|\n|poke|p1|Ting-Lu|\n|poke|p1|Miraidon|\n|poke|p2|Ting-Lu|\n|poke|p2|Koraidon|\n|poke|p2|Calyrex-Shadow|\n|poke|p2|Kyogre|\n|poke|p2|Landorus-Therian, M|\n|poke|p2|Arceus|\n|teampreview\n|inactive|Battle timer is ON: inactive players will automatically lose when time's up. (requested by Kidhx)\n|\n|t:|1698483991\n|start\n|switch|p1a: Shadow Knight|Calyrex-Shadow|100\/100\n|switch|p2a: Kyogre|Kyogre, shiny|100\/100\n|-ability|p1a: Shadow Knight|As One\n|-ability|p1a: Shadow Knight|Unnerve\n|-weather|RainDance|[from] ability: Drizzle|[of] p2a: Kyogre\n|turn|1\n|inactive|Feraligators has 120 seconds left.\n|\n|t:|1698484030\n|switch|p1a: Dreadful Destroyer|Koraidon|100\/100\n|-weather|SunnyDay|[from] ability: Orichalcum Pulse|[of] p1a: Dreadful Destroyer\n|-activate|p1a: Dreadful Destroyer|Orichalcum Pulse|[source]\n|-terastallize|p2a: Kyogre|Grass\n|move|p2a: Kyogre|Thunder Wave|p1a: Dreadful Destroyer\n|-status|p1a: Dreadful Destroyer|par\n|\n|-weather|SunnyDay|[upkeep]\n|upkeep\n|turn|2\n|inactive|Feraligators has 120 seconds left.\n|\n|t:|1698484043\n|move|p2a: Kyogre|Ice Beam|p1a: Dreadful Destroyer\n|-supereffective|p1a: Dreadful Destroyer\n|-damage|p1a: Dreadful Destroyer|43\/100 par\n|move|p1a: Dreadful Destroyer|Swords Dance|p1a: Dreadful Destroyer\n|-boost|p1a: Dreadful Destroyer|atk|2\n|\n|-weather|SunnyDay|[upkeep]\n|upkeep\n|turn|3\n|inactive|Feraligators has 120 seconds left.\n|\n|t:|1698484066\n|-terastallize|p1a: Dreadful Destroyer|Fire\n|move|p2a: Kyogre|Ice Beam|p1a: Dreadful Destroyer\n|-resisted|p1a: Dreadful Destroyer\n|-damage|p1a: Dreadful Destroyer|27\/100 par\n|move|p1a: Dreadful Destroyer|Scale Shot|p2a: Kyogre\n|-damage|p2a: Kyogre|64\/100\n|-damage|p2a: Kyogre|29\/100\n|-damage|p2a: Kyogre|0 fnt\n|faint|p2a: Kyogre\n|-hitcount|p2: Kyogre|3\n|-unboost|p1a: Dreadful Destroyer|def|1\n|-boost|p1a: Dreadful Destroyer|spe|1\n|\n|-weather|SunnyDay|[upkeep]\n|upkeep\n|inactive|Kidhx has 120 seconds left.\n|\n|t:|1698484095\n|switch|p2a: Koraidon|Koraidon|100\/100\n|-activate|p2a: Koraidon|ability: Orichalcum Pulse\n|turn|4\n|inactive|Feraligators has 120 seconds left.\n|inactive|Feraligators has 90 seconds left.\n|\n|t:|1698484139\n|move|p2a: Koraidon|Flare Blitz|p1a: Dreadful Destroyer\n|-resisted|p1a: Dreadful Destroyer\n|-damage|p1a: Dreadful Destroyer|0 fnt\n|faint|p1a: Dreadful Destroyer\n|-damage|p2a: Koraidon|90\/100|[from] Recoil\n|\n|-weather|SunnyDay|[upkeep]\n|upkeep\n|\n|t:|1698484141\n|switch|p1a: Moose Of Ruin|Ting-Lu|100\/100\n|-ability|p1a: Moose Of Ruin|Vessel of Ruin\n|turn|5\n|\n|t:|1698484153\n|move|p2a: Koraidon|Flare Blitz|p1a: Moose Of Ruin\n|-damage|p1a: Moose Of Ruin|53\/100\n|-damage|p2a: Koraidon|67\/100|[from] Recoil\n|move|p1a: Moose Of Ruin|Spikes|p2a: Koraidon\n|-sidestart|p2: Kidhx|Spikes\n|\n|-weather|none\n|-heal|p1a: Moose Of Ruin|60\/100|[from] item: Leftovers\n|upkeep\n|turn|6\n|inactive|Feraligators has 90 seconds left.\n|\n|t:|1698484175\n|switch|p2a: Landorus|Landorus-Therian, M, shiny|100\/100\n|-ability|p2a: Landorus|Intimidate|boost\n|-unboost|p1a: Moose Of Ruin|atk|1\n|move|p1a: Moose Of Ruin|Spikes|p2a: Landorus\n|-sidestart|p2: Kidhx|Spikes\n|\n|-heal|p1a: Moose Of Ruin|66\/100|[from] item: Leftovers\n|upkeep\n|turn|7\n|\n|t:|1698484189\n|move|p2a: Landorus|Stealth Rock|p1a: Moose Of Ruin\n|-sidestart|p1: Feraligators|move: Stealth Rock\n|move|p1a: Moose Of Ruin|Ruination|p2a: Landorus\n|-damage|p2a: Landorus|51\/100\n|\n|-heal|p1a: Moose Of Ruin|72\/100|[from] item: Leftovers\n|upkeep\n|turn|8\n|inactive|Kidhx has 90 seconds left.\n|\n|t:|1698484206\n|move|p2a: Landorus|U-turn|p1a: Moose Of Ruin\n|-supereffective|p1a: Moose Of Ruin\n|-damage|p1a: Moose Of Ruin|48\/100\n|inactive|Kidhx has 90 seconds left.\n|\n|t:|1698484214\n|switch|p2a: Ting-Lu|Ting-Lu|100\/100|[from] U-turn\n|-ability|p2a: Ting-Lu|Vessel of Ruin\n|move|p1a: Moose Of Ruin|Spikes|p2a: Ting-Lu\n|-sidestart|p2: Kidhx|Spikes\n|\n|-heal|p1a: Moose Of Ruin|55\/100|[from] item: Leftovers\n|upkeep\n|turn|9\n|inactive|Kidhx has 90 seconds left.\n|\n|t:|1698484227\n|move|p2a: Ting-Lu|Spikes|p1a: Moose Of Ruin\n|-sidestart|p1: Feraligators|Spikes\n|move|p1a: Moose Of Ruin|Whirlwind|p2a: Ting-Lu\n|drag|p2a: Calyrex|Calyrex-Shadow|100\/100\n|-ability|p2a: Calyrex|As One\n|-ability|p2a: Calyrex|Unnerve\n|\n|-heal|p1a: Moose Of Ruin|61\/100|[from] item: Leftovers\n|upkeep\n|turn|10\n|inactive|Kidhx has 90 seconds left.\n|\n|t:|1698484242\n|move|p2a: Calyrex|Grass Knot|p1a: Moose Of Ruin\n|-supereffective|p1a: Moose Of Ruin\n|-damage|p1a: Moose Of Ruin|21\/100\n|move|p1a: Moose Of Ruin|Whirlwind|p2a: Calyrex\n|drag|p2a: Koraidon|Koraidon|67\/100\n|-damage|p2a: Koraidon|42\/100|[from] Spikes\n|-weather|SunnyDay|[from] ability: Orichalcum Pulse|[of] p2a: Koraidon\n|-activate|p2a: Koraidon|Orichalcum Pulse|[source]\n|\n|-weather|SunnyDay|[upkeep]\n|-heal|p1a: Moose Of Ruin|27\/100|[from] item: Leftovers\n|upkeep\n|turn|11\n|inactive|Kidhx has 90 seconds left.\n|\n|t:|1698484256\n|move|p2a: Koraidon|U-turn|p1a: Moose Of Ruin\n|-supereffective|p1a: Moose Of Ruin\n|-damage|p1a: Moose Of Ruin|0 fnt\n|faint|p1a: Moose Of Ruin\n|\n|t:|1698484275\n|switch|p2a: Ting-Lu|Ting-Lu|100\/100|[from] U-turn\n|-ability|p2a: Ting-Lu|Vessel of Ruin\n|\n|-weather|SunnyDay|[upkeep]\n|upkeep\n|\n|t:|1698484293\n|switch|p1a: Disguise Da Limit|Ditto, shiny|100\/100\n|-damage|p1a: Disguise Da Limit|88\/100|[from] Stealth Rock\n|-damage|p1a: Disguise Da Limit|76\/100|[from] Spikes\n|-transform|p1a: Disguise Da Limit|p2a: Ting-Lu|[from] ability: Imposter\n|-ability|p1a: Disguise Da Limit|Vessel of Ruin\n|turn|12\n|\n|t:|1698484302\n|move|p2a: Ting-Lu|Spikes|p1a: Disguise Da Limit\n|-sidestart|p1: Feraligators|Spikes\n|move|p1a: Disguise Da Limit|Whirlwind|p2a: Ting-Lu\n|drag|p2a: Calyrex|Calyrex-Shadow|100\/100\n|-ability|p2a: Calyrex|As One\n|-ability|p2a: Calyrex|Unnerve\n|\n|-weather|SunnyDay|[upkeep]\n|upkeep\n|turn|13\n|c|\u2606Feraligators|Hey an advice\n|inactive|Kidhx has 90 seconds left.\n|\n|t:|1698484317\n|switch|p2a: Ting-Lu|Ting-Lu|100\/100\n|-ability|p2a: Ting-Lu|Vessel of Ruin\n|switch|p1a: Light of Hope|Arceus|100\/100\n|-damage|p1a: Light of Hope|88\/100|[from] Stealth Rock\n|-damage|p1a: Light of Hope|71\/100|[from] Spikes\n|\n|-weather|SunnyDay|[upkeep]\n|-heal|p1a: Light of Hope|78\/100|[from] item: Leftovers\n|upkeep\n|turn|14\n|c|\u2606Feraligators|Use ruination instead\n|inactive|Kidhx has 90 seconds left.\n|\n|t:|1698484332\n|move|p1a: Light of Hope|Swords Dance|p1a: Light of Hope\n|-boost|p1a: Light of Hope|atk|2\n|move|p2a: Ting-Lu|Whirlwind|p1a: Light of Hope\n|drag|p1a: Shadow Knight|Calyrex-Shadow|100\/100\n|-ability|p1a: Shadow Knight|As One\n|-ability|p1a: Shadow Knight|Unnerve\n|-damage|p1a: Shadow Knight|88\/100|[from] Stealth Rock\n|-damage|p1a: Shadow Knight|72\/100|[from] Spikes\n|\n|-weather|none\n|upkeep\n|turn|15\n|\n|t:|1698484351\n|move|p1a: Shadow Knight|Grass Knot|p2a: Ting-Lu\n|-supereffective|p2a: Ting-Lu\n|-damage|p2a: Ting-Lu|59\/100\n|move|p2a: Ting-Lu|Throat Chop|p1a: Shadow Knight\n|-supereffective|p1a: Shadow Knight\n|-damage|p1a: Shadow Knight|0 fnt\n|faint|p1a: Shadow Knight\n|\n|upkeep\n|\n|t:|1698484360\n|switch|p1a: Disguise Da Limit|Ditto, shiny|76\/100\n|-damage|p1a: Disguise Da Limit|63\/100|[from] Stealth Rock\n|-damage|p1a: Disguise Da Limit|47\/100|[from] Spikes\n|-transform|p1a: Disguise Da Limit|p2a: Ting-Lu|[from] ability: Imposter\n|-ability|p1a: Disguise Da Limit|Vessel of Ruin\n|turn|16\n|\n|t:|1698484369\n|move|p1a: Disguise Da Limit|Whirlwind|p2a: Ting-Lu\n|drag|p2a: Calyrex|Calyrex-Shadow|100\/100\n|-ability|p2a: Calyrex|As One\n|-ability|p2a: Calyrex|Unnerve\n|\n|upkeep\n|turn|17\n|inactive|Kidhx has 90 seconds left.\n|\n|t:|1698484386\n|switch|p1a: Light of Hope|Arceus|78\/100\n|-damage|p1a: Light of Hope|65\/100|[from] Stealth Rock\n|-damage|p1a: Light of Hope|48\/100|[from] Spikes\n|move|p2a: Calyrex|Grass Knot|p1a: Light of Hope\n|-damage|p1a: Light of Hope|15\/100\n|\n|-heal|p1a: Light of Hope|21\/100|[from] item: Leftovers\n|upkeep\n|turn|18\n|\n|t:|1698484408\n|move|p2a: Calyrex|Grass Knot|p1a: Light of Hope\n|-damage|p1a: Light of Hope|0 fnt\n|faint|p1a: Light of Hope\n|-ability|p2a: Calyrex|Grim Neigh|boost\n|-boost|p2a: Calyrex|spa|1\n|\n|upkeep\n|\n|t:|1698484426\n|switch|p1a: Disguise Da Limit|Ditto, shiny|47\/100\n|-damage|p1a: Disguise Da Limit|34\/100|[from] Stealth Rock\n|-damage|p1a: Disguise Da Limit|18\/100|[from] Spikes\n|-transform|p1a: Disguise Da Limit|p2a: Calyrex|[from] ability: Imposter\n|turn|19\n|\n|t:|1698484437\n|switch|p2a: Arceus|Arceus, shiny|100\/100\n|-damage|p2a: Arceus|76\/100|[from] Spikes\n|move|p1a: Disguise Da Limit|Grass Knot|p2a: Arceus\n|-damage|p2a: Arceus|23\/100\n|\n|-heal|p2a: Arceus|29\/100|[from] item: Leftovers\n|upkeep\n|turn|20\n|j| GamerHew123\n|inactive|Kidhx has 60 seconds left.\n|\n|t:|1698484465\n|switch|p2a: Calyrex|Calyrex-Shadow|100\/100\n|-ability|p2a: Calyrex|As One\n|-ability|p2a: Calyrex|Unnerve\n|move|p1a: Disguise Da Limit|Grass Knot|p2a: Calyrex\n|-damage|p2a: Calyrex|50\/100\n|\n|upkeep\n|turn|21\n|inactive|Kidhx has 60 seconds left.\n|\n|t:|1698484487\n|move|p1a: Disguise Da Limit|Grass Knot|p2a: Calyrex\n|-damage|p2a: Calyrex|0 fnt\n|faint|p2a: Calyrex\n|-ability|p1a: Disguise Da Limit|Grim Neigh|boost\n|-boost|p1a: Disguise Da Limit|spa|1\n|\n|upkeep\n|\n|t:|1698484513\n|switch|p2a: Ting-Lu|Ting-Lu|59\/100\n|-ability|p2a: Ting-Lu|Vessel of Ruin\n|turn|22\n|inactive|Feraligators has 120 seconds left.\n|\n|t:|1698484556\n|move|p1a: Disguise Da Limit|Grass Knot|p2a: Ting-Lu\n|-supereffective|p2a: Ting-Lu\n|-damage|p2a: Ting-Lu|0 fnt\n|faint|p2a: Ting-Lu\n|-ability|p1a: Disguise Da Limit|Grim Neigh|boost\n|-boost|p1a: Disguise Da Limit|spa|1\n|\n|upkeep\n|inactive|Kidhx has 30 seconds left.\n|\n|t:|1698484580\n|switch|p2a: Arceus|Arceus, shiny|29\/100\n|-damage|p2a: Arceus|5\/100|[from] Spikes\n|turn|23\n|inactive|Kidhx has 30 seconds left.\n|inactive|Kidhx has 20 seconds left.\n|\n|t:|1698484595\n|move|p1a: Disguise Da Limit|Grass Knot|p2a: Arceus\n|-damage|p2a: Arceus|0 fnt\n|faint|p2a: Arceus\n|-ability|p1a: Disguise Da Limit|Grim Neigh|boost\n|-boost|p1a: Disguise Da Limit|spa|1\n|\n|upkeep\n|inactive|Kidhx has 25 seconds left this turn.\n|inactive|Kidhx has 20 seconds left.\n|c|\u2606Feraligators|1\n|c|\u2606Feraligators|2\n|inactive|Kidhx has 15 seconds left.\n|c|\u2606Feraligators|3\n|c|\u2606Feraligators|4\n|c|\u2606Feraligators|5\n|c|\u2606Feraligators|6\n|c|\u2606Feraligators|7\n|c|\u2606Feraligators|8\n|c|\u2606Feraligators|0\n|c|\u2606Feraligators|0\n|inactive|Kidhx has 10 seconds left.\n|c|\u2606Feraligators|21\n|\n|t:|1698484611\n|switch|p2a: Koraidon|Koraidon|42\/100\n|-damage|p2a: Koraidon|17\/100|[from] Spikes\n|-weather|SunnyDay|[from] ability: Orichalcum Pulse|[of] p2a: Koraidon\n|-activate|p2a: Koraidon|Orichalcum Pulse|[source]\n|turn|24\n|inactive|Kidhx has 20 seconds left this turn.\n|c|\u2606Feraligators|1\n|c|\u2606Feraligators|2\n|c|\u2606Feraligators|2\n|c|\u2606Feraligators|1\n|c|\u2606Feraligators|11\n|c|\u2606Feraligators|1\n|inactive|Kidhx has 15 seconds left.\n|\n|t:|1698484620\n|-activate|p1a: Disguise Da Limit|move: Struggle\n|move|p1a: Disguise Da Limit|Struggle|p2a: Koraidon\n|-damage|p2a: Koraidon|10\/100\n|-damage|p1a: Disguise Da Limit|0 fnt|[from] recoil\n|faint|p1a: Disguise Da Limit\n|move|p2a: Koraidon|Collision Course|p1: Disguise Da Limit|[notarget]\n|-fail|p2a: Koraidon\n|\n|-weather|SunnyDay|[upkeep]\n|upkeep\n|inactive|Kidhx has 20 seconds left this turn.\n|inactive|Feraligators has 120 seconds left.\n|\n|t:|1698484630\n|switch|p1a: Miraidon|Miraidon|100\/100\n|-damage|p1a: Miraidon|88\/100|[from] Stealth Rock\n|-damage|p1a: Miraidon|72\/100|[from] Spikes\n|-fieldstart|move: Electric Terrain|[from] ability: Hadron Engine|[of] p1a: Miraidon\n|turn|25\n|inactive|Kidhx has 30 seconds left this turn.\n|\n|t:|1698484638\n|move|p2a: Koraidon|Collision Course|p1a: Miraidon\n|-damage|p1a: Miraidon|5\/100\n|move|p1a: Miraidon|Draco Meteor|p2a: Koraidon\n|-supereffective|p2a: Koraidon\n|-damage|p2a: Koraidon|0 fnt\n|-unboost|p1a: Miraidon|spa|2\n|faint|p2a: Koraidon\n|\n|-weather|SunnyDay|[upkeep]\n|upkeep\n|inactive|Kidhx has 30 seconds left this turn.\n|c|\u2606Feraligators|Gg\n|inactive|Kidhx has 20 seconds left.\n|inactive|Kidhx has 15 seconds left.\n|\n|t:|1698484654\n|switch|p2a: Landorus|Landorus-Therian, M, shiny|51\/100\n|-ability|p2a: Landorus|Intimidate|boost\n|-unboost|p1a: Miraidon|atk|1\n|turn|26\n|inactive|Kidhx has 25 seconds left this turn.\n|inactive|Kidhx has 20 seconds left.\n|\n|t:|1698484662\n|move|p1a: Miraidon|Draco Meteor|p2a: Landorus\n|-damage|p2a: Landorus|0 fnt\n|-unboost|p1a: Miraidon|spa|2\n|faint|p2a: Landorus\n|\n|win|Feraligators\n|inactive|Kidhx has 25 seconds left this turn.\n|raw|Feraligators's rating: 1721 &rarr; <strong>1742<\/strong><br \/>(+21 for winning)\n|raw|Kidhx's rating: 1733 &rarr; <strong>1712<\/strong><br \/>(-21 for losing)\n|l|\u2606Kidhx\n","uploadtime":1698484748,"views":13,"p1id":"feraligators","p2id":"kidhx","formatid":"gen9anythinggoes","rating":1712,"private":0,"password":""}