{"id":"gen9anythinggoes-1998256904","p1":"AxolotlCute1272","p2":"Wisper2ng","format":"[Gen 9] Anything Goes","log":"|j|\u2606AxolotlCute1272\n|j|\u2606Wisper2ng\n|t:|1700920818\n|gametype|singles\n|player|p1|AxolotlCute1272|265|1186\n|player|p2|Wisper2ng|wallace|1196\n|teamsize|p1|6\n|teamsize|p2|2\n|gen|9\n|tier|[Gen 9] Anything Goes\n|rated|\n|rule|HP Percentage Mod: HP is shown in percentages\n|rule|Endless Battle Clause: Forcing endless battles is banned\n|clearpoke\n|poke|p1|Dialga-Origin|\n|poke|p1|Zamazenta-*|\n|poke|p1|Zacian-*|\n|poke|p1|Calyrex-Shadow|\n|poke|p1|Corviknight, F|\n|poke|p1|Kyogre|\n|poke|p2|Drifblim, M|\n|poke|p2|Enamorus, F|\n|teampreview\n|inactive|Battle timer is ON: inactive players will automatically lose when time's up. (requested by Wisper2ng)\n|\n|t:|1700920821\n|start\n|switch|p1a: Zamazenta|Zamazenta-Crowned, shiny|100\/100\n|switch|p2a: Drifblim|Drifblim, M|100\/100\n|-ability|p1a: Zamazenta|Dauntless Shield|boost\n|-boost|p1a: Zamazenta|def|1\n|turn|1\n|\n|t:|1700920828\n|move|p1a: Zamazenta|Body Press|p2a: Drifblim\n|-immune|p2a: Drifblim\n|move|p2a: Drifblim|Minimize|p2a: Drifblim\n|-boost|p2a: Drifblim|evasion|2\n|\n|upkeep\n|turn|2\n|\n|t:|1700920845\n|switch|p1a: Kyogre|Kyogre|100\/100\n|-weather|RainDance|[from] ability: Drizzle|[of] p1a: Kyogre\n|move|p2a: Drifblim|Minimize|p2a: Drifblim\n|-boost|p2a: Drifblim|evasion|2\n|\n|-weather|RainDance|[upkeep]\n|upkeep\n|turn|3\n|\n|t:|1700920857\n|move|p2a: Drifblim|Amnesia|p2a: Drifblim\n|-boost|p2a: Drifblim|spd|2\n|move|p1a: Kyogre|Ancient Power|p2a: Drifblim\n|-supereffective|p2a: Drifblim\n|-damage|p2a: Drifblim|74\/100\n|\n|-weather|RainDance|[upkeep]\n|-heal|p2a: Drifblim|80\/100|[from] item: Leftovers\n|upkeep\n|turn|4\n|\n|t:|1700920865\n|move|p2a: Drifblim|Amnesia|p2a: Drifblim\n|-boost|p2a: Drifblim|spd|2\n|move|p1a: Kyogre|Origin Pulse|p2a: Drifblim\n|-damage|p2a: Drifblim|40\/100\n|\n|-weather|RainDance|[upkeep]\n|-heal|p2a: Drifblim|46\/100|[from] item: Leftovers\n|upkeep\n|turn|5\n|\n|t:|1700920875\n|move|p2a: Drifblim|Amnesia|p2a: Drifblim\n|-boost|p2a: Drifblim|spd|2\n|move|p1a: Kyogre|Chilling Water|p2a: Drifblim|[miss]\n|-miss|p1a: Kyogre|p2a: Drifblim\n|\n|-weather|RainDance|[upkeep]\n|-heal|p2a: Drifblim|53\/100|[from] item: Leftovers\n|upkeep\n|turn|6\n|\n|t:|1700920883\n|move|p2a: Drifblim|Minimize|p2a: Drifblim\n|-boost|p2a: Drifblim|evasion|2\n|move|p1a: Kyogre|Origin Pulse|p2a: Drifblim\n|-damage|p2a: Drifblim|23\/100\n|\n|-weather|none\n|-heal|p2a: Drifblim|30\/100|[from] item: Leftovers\n|upkeep\n|turn|7\n|\n|t:|1700920891\n|move|p2a: Drifblim|Baton Pass|p2a: Drifblim\n|\n|t:|1700920893\n|switch|p2a: Enamorus|Enamorus, F|100\/100|[from] Baton Pass\n|move|p1a: Kyogre|Origin Pulse|p2a: Enamorus|[miss]\n|-miss|p1a: Kyogre|p2a: Enamorus\n|\n|upkeep\n|turn|8\n|\n|t:|1700920900\n|move|p2a: Enamorus|Superpower|p1a: Kyogre\n|-damage|p1a: Kyogre|67\/100\n|-boost|p2a: Enamorus|atk|1\n|-boost|p2a: Enamorus|def|1\n|move|p1a: Kyogre|Origin Pulse|p2a: Enamorus|[miss]\n|-miss|p1a: Kyogre|p2a: Enamorus\n|\n|upkeep\n|turn|9\n|\n|t:|1700920913\n|switch|p1a: Zamazenta|Zamazenta-Crowned, shiny|100\/100\n|move|p2a: Enamorus|Superpower|p1a: Zamazenta\n|-supereffective|p1a: Zamazenta\n|-damage|p1a: Zamazenta|49\/100\n|-boost|p2a: Enamorus|atk|1\n|-boost|p2a: Enamorus|def|1\n|\n|upkeep\n|turn|10\n|\n|t:|1700920921\n|move|p2a: Enamorus|Superpower|p1a: Zamazenta\n|-supereffective|p1a: Zamazenta\n|-damage|p1a: Zamazenta|0 fnt\n|-boost|p2a: Enamorus|atk|1\n|-boost|p2a: Enamorus|def|1\n|faint|p1a: Zamazenta\n|\n|upkeep\n|\n|t:|1700920929\n|switch|p1a: Calyrex|Calyrex-Shadow|100\/100\n|-ability|p1a: Calyrex|As One\n|-ability|p1a: Calyrex|Unnerve\n|turn|11\n|\n|t:|1700920940\n|move|p1a: Calyrex|Psychic|p2a: Enamorus|[miss]\n|-miss|p1a: Calyrex|p2a: Enamorus\n|move|p2a: Enamorus|Astonish|p1a: Calyrex\n|-supereffective|p1a: Calyrex\n|-damage|p1a: Calyrex|0 fnt\n|faint|p1a: Calyrex\n|\n|upkeep\n|\n|t:|1700920947\n|switch|p1a: Zacian|Zacian-Crowned, shiny|100\/100\n|-ability|p1a: Zacian|Intrepid Sword|boost\n|-boost|p1a: Zacian|atk|1\n|turn|12\n|\n|t:|1700920956\n|move|p1a: Zacian|Behemoth Blade|p2a: Enamorus|[miss]\n|-miss|p1a: Zacian|p2a: Enamorus\n|move|p2a: Enamorus|Superpower|p1a: Zacian\n|-damage|p1a: Zacian|27\/100\n|-boost|p2a: Enamorus|atk|1\n|-boost|p2a: Enamorus|def|1\n|\n|upkeep\n|turn|13\n|\n|t:|1700920962\n|move|p1a: Zacian|Behemoth Blade|p2a: Enamorus|[miss]\n|-miss|p1a: Zacian|p2a: Enamorus\n|move|p2a: Enamorus|Superpower|p1a: Zacian\n|-damage|p1a: Zacian|0 fnt\n|-boost|p2a: Enamorus|atk|1\n|-boost|p2a: Enamorus|def|1\n|faint|p1a: Zacian\n|\n|upkeep\n|\n|t:|1700920975\n|switch|p1a: Corviknight|Corviknight, F|100\/100\n|turn|14\n|\n|t:|1700920987\n|move|p2a: Enamorus|Superpower|p1a: Corviknight\n|-crit|p1a: Corviknight\n|-damage|p1a: Corviknight|0 fnt\n|-boost|p2a: Enamorus|atk|1\n|-boost|p2a: Enamorus|def|1\n|faint|p1a: Corviknight\n|\n|upkeep\n|\n|t:|1700920994\n|switch|p1a: Dialga|Dialga-Origin, shiny|100\/100\n|-ability|p1a: Dialga|Pressure\n|turn|15\n|\n|t:|1700921002\n|move|p2a: Enamorus|Superpower|p1a: Dialga\n|-supereffective|p1a: Dialga\n|-damage|p1a: Dialga|0 fnt\n|faint|p1a: Dialga\n|\n|upkeep\n|\n|t:|1700921008\n|switch|p1a: Kyogre|Kyogre|67\/100\n|-weather|RainDance|[from] ability: Drizzle|[of] p1a: Kyogre\n|turn|16\n|\n|t:|1700921015\n|move|p2a: Enamorus|Body Slam|p1a: Kyogre\n|-damage|p1a: Kyogre|0 fnt\n|faint|p1a: Kyogre\n|\n|win|Wisper2ng\n|raw|AxolotlCute1272's rating: 1186 &rarr; <strong>1162<\/strong><br \/>(-24 for losing)\n|raw|Wisper2ng's rating: 1196 &rarr; <strong>1220<\/strong><br \/>(+24 for winning)\n|c|\u2606AxolotlCute1272|gg\n|l|\u2606AxolotlCute1272\n|c|\u2606Wisper2ng|Gg\n","uploadtime":1700921026,"views":5,"p1id":"axolotlcute1272","p2id":"wisper2ng","formatid":"gen9anythinggoes","rating":1162,"private":0,"password":""}