{"id":"gen9anythinggoes-2000662152","p1":"Kkthecool","p2":"Goonzalz7","format":"[Gen 9] Anything Goes","log":"|j|\u2606Kkthecool\n|j|\u2606Goonzalz7\n|t:|1701215916\n|gametype|singles\n|player|p1|Kkthecool|266|1186\n|player|p2|Goonzalz7|hiker-gen4|1143\n|teamsize|p1|6\n|teamsize|p2|6\n|gen|9\n|tier|[Gen 9] Anything Goes\n|rated|\n|rule|HP Percentage Mod: HP is shown in percentages\n|rule|Endless Battle Clause: Forcing endless battles is banned\n|clearpoke\n|poke|p1|Arceus-Dark|\n|poke|p1|Arceus-Ghost|\n|poke|p1|Arceus-Fairy|\n|poke|p1|Arceus|\n|poke|p1|Arceus-Fire|\n|poke|p1|Arceus-Ice|\n|poke|p2|Cinderace, F|\n|poke|p2|Scream Tail|\n|poke|p2|Zoroark-Hisui, M|\n|poke|p2|Vaporeon, M|\n|poke|p2|Enamorus, F|\n|poke|p2|Breloom, M|\n|teampreview\n|inactive|Battle timer is ON: inactive players will automatically lose when time's up. (requested by Goonzalz7)\n|\n|t:|1701215929\n|start\n|switch|p1a: Arceus|Arceus-Dark|100\/100\n|switch|p2a: Scream Tail|Scream Tail|100\/100\n|-enditem|p2a: Scream Tail|Booster Energy\n|-activate|p2a: Scream Tail|ability: Protosynthesis|[fromitem]\n|-start|p2a: Scream Tail|protosynthesisspe\n|turn|1\n|\n|t:|1701215949\n|move|p2a: Scream Tail|Thunder Wave|p1a: Arceus\n|-status|p1a: Arceus|par\n|cant|p1a: Arceus|par\n|\n|upkeep\n|turn|2\n|inactive|Goonzalz7 has 120 seconds left.\n|\n|t:|1701215981\n|move|p2a: Scream Tail|Bulk Up|p2a: Scream Tail\n|-boost|p2a: Scream Tail|atk|1\n|-boost|p2a: Scream Tail|def|1\n|move|p1a: Arceus|Judgment|p2a: Scream Tail\n|-crit|p2a: Scream Tail\n|-damage|p2a: Scream Tail|33\/100\n|\n|upkeep\n|turn|3\n|inactive|Goonzalz7 has 120 seconds left.\n|\n|t:|1701215997\n|move|p2a: Scream Tail|Baton Pass|p2a: Scream Tail\n|\n|t:|1701216001\n|-end|p2a: Scream Tail|Protosynthesis|[silent]\n|switch|p2a: Vaporeon|Vaporeon, M|100\/100|[from] Baton Pass\n|move|p1a: Arceus|Judgment|p2a: Vaporeon\n|-damage|p2a: Vaporeon|63\/100\n|\n|upkeep\n|turn|4\n|\n|t:|1701216010\n|move|p2a: Vaporeon|Calm Mind|p2a: Vaporeon\n|-boost|p2a: Vaporeon|spa|1\n|-boost|p2a: Vaporeon|spd|1\n|cant|p1a: Arceus|par\n|\n|upkeep\n|turn|5\n|\n|t:|1701216017\n|move|p2a: Vaporeon|Acid Armor|p2a: Vaporeon\n|-boost|p2a: Vaporeon|def|2\n|cant|p1a: Arceus|par\n|\n|upkeep\n|turn|6\n|\n|t:|1701216023\n|move|p2a: Vaporeon|Calm Mind|p2a: Vaporeon\n|-boost|p2a: Vaporeon|spa|1\n|-boost|p2a: Vaporeon|spd|1\n|move|p1a: Arceus|Earthquake|p2a: Vaporeon\n|-damage|p2a: Vaporeon|53\/100\n|\n|upkeep\n|turn|7\n|\n|t:|1701216031\n|move|p2a: Vaporeon|Acid Armor|p2a: Vaporeon\n|-boost|p2a: Vaporeon|def|2\n|move|p1a: Arceus|Ice Beam|p2a: Vaporeon\n|-resisted|p2a: Vaporeon\n|-damage|p2a: Vaporeon|48\/100\n|\n|upkeep\n|turn|8\n|\n|t:|1701216044\n|move|p2a: Vaporeon|Acid Armor|p2a: Vaporeon\n|-boost|p2a: Vaporeon|def|1\n|cant|p1a: Arceus|par\n|\n|upkeep\n|turn|9\n|\n|t:|1701216050\n|move|p2a: Vaporeon|Trailblaze|p1a: Arceus\n|-damage|p1a: Arceus|92\/100 par\n|-boost|p2a: Vaporeon|spe|1\n|cant|p1a: Arceus|par\n|\n|upkeep\n|turn|10\n|\n|t:|1701216058\n|move|p2a: Vaporeon|Trailblaze|p1a: Arceus\n|-damage|p1a: Arceus|85\/100 par\n|-boost|p2a: Vaporeon|spe|1\n|move|p1a: Arceus|Judgment|p2a: Vaporeon\n|-damage|p2a: Vaporeon|29\/100\n|\n|upkeep\n|turn|11\n|\n|t:|1701216068\n|move|p2a: Vaporeon|Trailblaze|p1a: Arceus\n|-damage|p1a: Arceus|77\/100 par\n|-boost|p2a: Vaporeon|spe|1\n|move|p1a: Arceus|Judgment|p2a: Vaporeon\n|-damage|p2a: Vaporeon|10\/100\n|-enditem|p2a: Vaporeon|Aguav Berry|[eat]\n|-heal|p2a: Vaporeon|44\/100|[from] item: Aguav Berry\n|\n|upkeep\n|turn|12\n|\n|t:|1701216082\n|move|p2a: Vaporeon|Baton Pass|p2a: Vaporeon\n|\n|t:|1701216099\n|switch|p2a: Scream Tail|Scream Tail|100\/100|[from] Baton Pass\n|move|p1a: Arceus|Judgment|p2a: Scream Tail\n|-supereffective|p2a: Scream Tail\n|-damage|p2a: Scream Tail|0 fnt\n|replace|p2a: Zoroark|Zoroark-Hisui, M\n|-end|p2a: Zoroark|Illusion\n|faint|p2a: Zoroark\n|\n|upkeep\n|-message|Goonzalz7 forfeited.\n|\n|win|Kkthecool\n|raw|Kkthecool's rating: 1186 &rarr; <strong>1208<\/strong><br \/>(+22 for winning)\n|raw|Goonzalz7's rating: 1143 &rarr; <strong>1121<\/strong><br \/>(-22 for losing)\n|l|\u2606Goonzalz7\n|c|\u2606Kkthecool|gg\n|c|\u2606Kkthecool|ez\n","uploadtime":1701216179,"views":3,"p1id":"kkthecool","p2id":"goonzalz7","formatid":"gen9anythinggoes","rating":1121,"private":0,"password":""}