{"id":"gen9anythinggoes-1989142962","p1":"justinm_casey","p2":"SnowyAeon","format":"[Gen 9] Anything Goes","log":"|j|\u2606justinm_casey\n|j|\u2606SnowyAeon\n|t:|1699816808\n|gametype|singles\n|player|p1|justinm_casey|lucas|1388\n|player|p2|SnowyAeon|265|1435\n|teamsize|p1|6\n|teamsize|p2|6\n|gen|9\n|tier|[Gen 9] Anything Goes\n|rated|\n|rule|HP Percentage Mod: HP is shown in percentages\n|rule|Endless Battle Clause: Forcing endless battles is banned\n|clearpoke\n|poke|p1|Forretress, F|\n|poke|p1|Chansey, F|\n|poke|p1|Ting-Lu|\n|poke|p1|Giratina|\n|poke|p1|Breloom, M|\n|poke|p1|Espathra, F|\n|poke|p2|Glimmora, M|\n|poke|p2|Calyrex-Shadow|\n|poke|p2|Arceus-Ghost|\n|poke|p2|Zacian-*|\n|poke|p2|Miraidon|\n|poke|p2|Gholdengo|\n|teampreview\n|\n|t:|1699816812\n|start\n|switch|p1a: Forretress|Forretress, F|100\/100\n|switch|p2a: Sash Breaker|Glimmora, M|100\/100\n|turn|1\n|inactive|Battle timer is ON: inactive players will automatically lose when time's up. (requested by justinm_casey)\n|-activate|p1a: Forretress|item: Quick Claw\n|\n|t:|1699816821\n|switch|p2a: Lord Hazard|Gholdengo|100\/100\n|move|p1a: Forretress|Toxic Spikes|p2a: Lord Hazard\n|-sidestart|p2: SnowyAeon|move: Toxic Spikes\n|\n|upkeep\n|turn|2\n|-activate|p1a: Forretress|item: Quick Claw\n|\n|t:|1699816827\n|move|p1a: Forretress|Spikes|p2a: Lord Hazard\n|-sidestart|p2: SnowyAeon|Spikes\n|move|p2a: Lord Hazard|Trick|p1a: Forretress\n|-activate|p2a: Lord Hazard|move: Trick|[of] p1a: Forretress\n|-item|p1a: Forretress|Choice Scarf|[from] move: Trick\n|-item|p2a: Lord Hazard|Quick Claw|[from] move: Trick\n|\n|upkeep\n|turn|3\n|\n|t:|1699816837\n|move|p2a: Lord Hazard|Focus Blast|p1a: Forretress\n|-damage|p1a: Forretress|36\/100\n|move|p1a: Forretress|Spikes|p2a: Lord Hazard\n|-sidestart|p2: SnowyAeon|Spikes\n|\n|upkeep\n|turn|4\n|\n|t:|1699816842\n|move|p2a: Lord Hazard|Focus Blast|p1a: Forretress\n|-damage|p1a: Forretress|0 fnt\n|faint|p1a: Forretress\n|\n|upkeep\n|\n|t:|1699816845\n|switch|p1a: Ting-Lu|Ting-Lu|100\/100\n|-ability|p1a: Ting-Lu|Vessel of Ruin\n|turn|5\n|\n|t:|1699816850\n|move|p2a: Lord Hazard|Trick|p1a: Ting-Lu\n|-activate|p2a: Lord Hazard|move: Trick|[of] p1a: Ting-Lu\n|-item|p1a: Ting-Lu|Quick Claw|[from] move: Trick\n|-item|p2a: Lord Hazard|Red Card|[from] move: Trick\n|move|p1a: Ting-Lu|Stealth Rock|p2a: Lord Hazard\n|-sidestart|p2: SnowyAeon|move: Stealth Rock\n|\n|upkeep\n|turn|6\n|-activate|p1a: Ting-Lu|item: Quick Claw\n|\n|t:|1699816857\n|move|p2a: Lord Hazard|Focus Blast|p1a: Ting-Lu\n|-supereffective|p1a: Ting-Lu\n|-damage|p1a: Ting-Lu|52\/100\n|move|p1a: Ting-Lu|Whirlwind|p2a: Lord Hazard\n|-immune|p2a: Lord Hazard|[from] ability: Good as Gold\n|\n|upkeep\n|turn|7\n|\n|t:|1699816878\n|switch|p1a: Chansey|Chansey, F|100\/100\n|move|p2a: Lord Hazard|Focus Blast|p1a: Chansey\n|-supereffective|p1a: Chansey\n|-damage|p1a: Chansey|61\/100\n|\n|upkeep\n|turn|8\n|\n|t:|1699816887\n|switch|p1a: Giratina|Giratina|100\/100\n|-ability|p1a: Giratina|Pressure\n|move|p2a: Lord Hazard|Trick|p1a: Giratina\n|-activate|p2a: Lord Hazard|move: Trick|[of] p1a: Giratina\n|-item|p1a: Giratina|Red Card|[from] move: Trick\n|-item|p2a: Lord Hazard|Leftovers|[from] move: Trick\n|\n|upkeep\n|turn|9\n|\n|t:|1699816894\n|move|p2a: Lord Hazard|Shadow Ball|p1a: Giratina\n|-supereffective|p1a: Giratina\n|-damage|p1a: Giratina|61\/100\n|-enditem|p1a: Giratina|Red Card|[of] p2a: Lord Hazard\n|drag|p2a: Lizard|Miraidon|100\/100\n|-status|p2a: Lizard|psn\n|-damage|p2a: Lizard|84\/100 psn|[from] Spikes\n|-damage|p2a: Lizard|72\/100 psn|[from] Stealth Rock\n|-fieldstart|move: Electric Terrain|[from] ability: Hadron Engine|[of] p2a: Lizard\n|move|p1a: Giratina|Dragon Tail|p2a: Lizard\n|-supereffective|p2a: Lizard\n|-damage|p2a: Lizard|26\/100 psn\n|drag|p2a: Anti-Ditto Force|Arceus-Ghost|100\/100\n|-status|p2a: Anti-Ditto Force|psn\n|-damage|p2a: Anti-Ditto Force|84\/100 psn|[from] Spikes\n|-damage|p2a: Anti-Ditto Force|71\/100 psn|[from] Stealth Rock\n|\n|-damage|p2a: Anti-Ditto Force|59\/100 psn|[from] psn\n|upkeep\n|turn|10\n|\n|t:|1699816913\n|switch|p1a: Chansey|Chansey, F|61\/100\n|move|p2a: Anti-Ditto Force|Judgment|p1a: Chansey\n|-immune|p1a: Chansey\n|\n|-damage|p2a: Anti-Ditto Force|47\/100 psn|[from] psn\n|upkeep\n|turn|11\n|inactive|justinm_casey has 120 seconds left.\n|\n|t:|1699816946\n|-terastallize|p2a: Anti-Ditto Force|Normal\n|move|p2a: Anti-Ditto Force|Extreme Speed|p1a: Chansey\n|-damage|p1a: Chansey|18\/100\n|-damage|p2a: Anti-Ditto Force|30\/100 psn|[from] item: Rocky Helmet|[of] p1a: Chansey\n|move|p1a: Chansey|Soft-Boiled|p1a: Chansey\n|-heal|p1a: Chansey|68\/100\n|\n|-damage|p2a: Anti-Ditto Force|18\/100 psn|[from] psn\n|upkeep\n|turn|12\n|\n|t:|1699816954\n|move|p2a: Anti-Ditto Force|Recover|p2a: Anti-Ditto Force\n|-heal|p2a: Anti-Ditto Force|68\/100 psn\n|move|p1a: Chansey|Soft-Boiled|p1a: Chansey\n|-heal|p1a: Chansey|100\/100\n|\n|-damage|p2a: Anti-Ditto Force|55\/100 psn|[from] psn\n|upkeep\n|turn|13\n|\n|t:|1699816960\n|move|p2a: Anti-Ditto Force|Recover|p2a: Anti-Ditto Force\n|-heal|p2a: Anti-Ditto Force|100\/100 psn\n|move|p1a: Chansey|Charm|p2a: Anti-Ditto Force\n|-unboost|p2a: Anti-Ditto Force|atk|2\n|\n|-damage|p2a: Anti-Ditto Force|88\/100 psn|[from] psn\n|-fieldend|move: Electric Terrain\n|upkeep\n|turn|14\n|\n|t:|1699816967\n|move|p2a: Anti-Ditto Force|Swords Dance|p2a: Anti-Ditto Force\n|-boost|p2a: Anti-Ditto Force|atk|2\n|move|p1a: Chansey|Charm|p2a: Anti-Ditto Force\n|-unboost|p2a: Anti-Ditto Force|atk|2\n|\n|-damage|p2a: Anti-Ditto Force|76\/100 psn|[from] psn\n|upkeep\n|turn|15\n|\n|t:|1699816976\n|switch|p2a: Sash Breaker|Glimmora, M|100\/100\n|-sideend|p2: SnowyAeon|move: Toxic Spikes|[of] p2a: Sash Breaker\n|-damage|p2a: Sash Breaker|84\/100|[from] Spikes\n|-damage|p2a: Sash Breaker|72\/100|[from] Stealth Rock\n|move|p1a: Chansey|Charm|p2a: Sash Breaker\n|-unboost|p2a: Sash Breaker|atk|2\n|\n|upkeep\n|turn|16\n|\n|t:|1699816983\n|move|p2a: Sash Breaker|Mortal Spin|p1a: Chansey\n|-crit|p1a: Chansey\n|-damage|p1a: Chansey|91\/100\n|-status|p1a: Chansey|psn\n|-damage|p2a: Sash Breaker|55\/100|[from] item: Rocky Helmet|[of] p1a: Chansey\n|-sideend|p2: SnowyAeon|Spikes|[from] move: Mortal Spin|[of] p2a: Sash Breaker\n|-sideend|p2: SnowyAeon|Stealth Rock|[from] move: Mortal Spin|[of] p2a: Sash Breaker\n|move|p1a: Chansey|Thunder Wave|p2a: Sash Breaker\n|-status|p2a: Sash Breaker|par\n|\n|-damage|p1a: Chansey|79\/100 psn|[from] psn\n|upkeep\n|turn|17\n|\n|t:|1699816994\n|-curestatus|p1a: Chansey|psn|[from] ability: Natural Cure\n|switch|p1a: Ting-Lu|Ting-Lu|52\/100\n|-ability|p1a: Ting-Lu|Vessel of Ruin\n|cant|p2a: Sash Breaker|par\n|\n|upkeep\n|turn|18\n|-activate|p1a: Ting-Lu|item: Quick Claw\n|\n|t:|1699817002\n|move|p1a: Ting-Lu|Stealth Rock|p2a: Sash Breaker\n|-sidestart|p2: SnowyAeon|move: Stealth Rock\n|move|p2a: Sash Breaker|Stealth Rock|p1a: Ting-Lu\n|-sidestart|p1: justinm_casey|move: Stealth Rock\n|\n|upkeep\n|turn|19\n|\n|t:|1699817009\n|cant|p2a: Sash Breaker|par\n|move|p1a: Ting-Lu|Earthquake|p2a: Sash Breaker\n|-supereffective|p2a: Sash Breaker\n|-crit|p2a: Sash Breaker\n|-damage|p2a: Sash Breaker|0 fnt\n|-activate|p2a: Sash Breaker|ability: Toxic Debris\n|-sidestart|p1: justinm_casey|move: Toxic Spikes\n|faint|p2a: Sash Breaker\n|\n|upkeep\n|\n|t:|1699817019\n|switch|p2a: Lord Hazard|Gholdengo|100\/100\n|-damage|p2a: Lord Hazard|94\/100|[from] Stealth Rock\n|turn|20\n|l|\u2606justinm_casey\n|inactive|justinm_casey disconnected and has a minute to reconnect!\n|player|p1|\n|j|\u2606justinm_casey\n|inactive|justinm_casey reconnected and has 125 seconds left.\n|player|p1|justinm_casey|lucas\n|inactive|justinm_casey has 120 seconds left.\n|\n|t:|1699817049\n|move|p2a: Lord Hazard|Shadow Ball|p1a: Ting-Lu\n|-resisted|p1a: Ting-Lu\n|-damage|p1a: Ting-Lu|39\/100\n|-unboost|p1a: Ting-Lu|spd|1\n|move|p1a: Ting-Lu|Earthquake|p2a: Lord Hazard\n|-supereffective|p2a: Lord Hazard\n|-damage|p2a: Lord Hazard|2\/100\n|\n|-heal|p2a: Lord Hazard|8\/100|[from] item: Leftovers\n|upkeep\n|turn|21\n|\n|t:|1699817058\n|move|p2a: Lord Hazard|Focus Blast|p1a: Ting-Lu|[miss]\n|-miss|p2a: Lord Hazard|p1a: Ting-Lu\n|move|p1a: Ting-Lu|Earthquake|p2a: Lord Hazard\n|-supereffective|p2a: Lord Hazard\n|-damage|p2a: Lord Hazard|0 fnt\n|faint|p2a: Lord Hazard\n|\n|upkeep\n|\n|t:|1699817065\n|switch|p2a: Dog|Zacian-Crowned|100\/100\n|-damage|p2a: Dog|94\/100|[from] Stealth Rock\n|-ability|p2a: Dog|Intrepid Sword|boost\n|-boost|p2a: Dog|atk|1\n|turn|22\n|\n|t:|1699817072\n|move|p2a: Dog|Play Rough|p1a: Ting-Lu\n|-supereffective|p1a: Ting-Lu\n|-damage|p1a: Ting-Lu|0 fnt\n|faint|p1a: Ting-Lu\n|\n|upkeep\n|\n|t:|1699817075\n|switch|p1a: Giratina|Giratina|61\/100\n|-damage|p1a: Giratina|49\/100|[from] Stealth Rock\n|-status|p1a: Giratina|psn\n|-ability|p1a: Giratina|Pressure\n|turn|23\n|\n|t:|1699817088\n|switch|p1a: Chansey|Chansey, F|79\/100\n|-damage|p1a: Chansey|67\/100|[from] Stealth Rock\n|-status|p1a: Chansey|psn\n|move|p2a: Dog|Play Rough|p1a: Chansey|[miss]\n|-miss|p2a: Dog|p1a: Chansey\n|\n|-damage|p1a: Chansey|54\/100 psn|[from] psn\n|upkeep\n|turn|24\n|\n|t:|1699817099\n|move|p2a: Dog|Close Combat|p1a: Chansey\n|-supereffective|p1a: Chansey\n|-damage|p1a: Chansey|0 fnt\n|-unboost|p2a: Dog|def|1\n|-unboost|p2a: Dog|spd|1\n|-damage|p2a: Dog|78\/100|[from] item: Rocky Helmet|[of] p1a: Chansey\n|faint|p1a: Chansey\n|\n|upkeep\n|\n|t:|1699817103\n|switch|p1a: Giratina|Giratina|49\/100 psn\n|-damage|p1a: Giratina|36\/100 psn|[from] Stealth Rock\n|-ability|p1a: Giratina|Pressure\n|turn|25\n|\n|t:|1699817110\n|-terastallize|p1a: Giratina|Ghost\n|move|p2a: Dog|Play Rough|p1a: Giratina\n|-damage|p1a: Giratina|0 fnt\n|faint|p1a: Giratina\n|\n|upkeep\n|\n|t:|1699817115\n|switch|p1a: Espathra|Espathra, F|100\/100\n|-damage|p1a: Espathra|88\/100|[from] Stealth Rock\n|-status|p1a: Espathra|psn\n|turn|26\n|\n|t:|1699817121\n|move|p2a: Dog|Behemoth Blade|p1a: Espathra\n|-damage|p1a: Espathra|0 fnt\n|faint|p1a: Espathra\n|\n|upkeep\n|\n|t:|1699817124\n|switch|p1a: Breloom|Breloom, M|100\/100\n|-damage|p1a: Breloom|94\/100|[from] Stealth Rock\n|-status|p1a: Breloom|psn\n|turn|27\n|\n|t:|1699817129\n|move|p2a: Dog|Play Rough|p1a: Breloom\n|-supereffective|p1a: Breloom\n|-damage|p1a: Breloom|0 fnt\n|faint|p1a: Breloom\n|\n|win|SnowyAeon\n|raw|justinm_casey's rating: 1388 &rarr; <strong>1371<\/strong><br \/>(-17 for losing)\n|raw|SnowyAeon's rating: 1435 &rarr; <strong>1452<\/strong><br \/>(+17 for winning)\n|l|\u2606justinm_casey\n","uploadtime":1699817198,"views":5,"p1id":"justinmcasey","p2id":"snowyaeon","formatid":"gen9anythinggoes","rating":1371,"private":0,"password":""}