{"id":"gen9anythinggoes-1992458203","p1":"E-Series 1B","p2":"Skrumply","format":"[Gen 9] Anything Goes","log":"|j|\u2606E-Series 1B\n|j|\u2606Skrumply\n|t:|1700190010\n|gametype|singles\n|player|p1|E-Series 1B|blaine-lgpe|\n|player|p2|Skrumply|lucy|\n|teamsize|p1|6\n|teamsize|p2|6\n|gen|9\n|tier|[Gen 9] Anything Goes\n|rule|HP Percentage Mod: HP is shown in percentages\n|rule|Endless Battle Clause: Forcing endless battles is banned\n|clearpoke\n|poke|p1|Manaphy|\n|poke|p1|Landorus-Therian, M|\n|poke|p1|Cinderace, F|\n|poke|p1|Heatran, M|\n|poke|p1|Annihilape, M|\n|poke|p1|Shaymin|\n|poke|p2|Ogerpon-Wellspring, F|\n|poke|p2|Iron Valiant|\n|poke|p2|Jirachi|\n|poke|p2|Moltres|\n|poke|p2|Clodsire, F|\n|poke|p2|Cyclizar, F|\n|teampreview\n|inactive|Battle timer is ON: inactive players will automatically lose when time's up. (requested by E-Series 1B)\n|inactiveoff|Battle timer is now OFF.\n|inactive|Battle timer is ON: inactive players will automatically lose when time's up. (requested by Skrumply)\n|c|\u2606Skrumply|I want that stopwatcch\n|\n|t:|1700190053\n|start\n|switch|p1a: Cinderace|Cinderace, F|100\/100\n|switch|p2a: Cloudbusting|Cyclizar, F|100\/100\n|turn|1\n|\n|t:|1700190063\n|switch|p2a: Soft Landing|Moltres|100\/100\n|move|p1a: Cinderace|High Jump Kick|p2a: Soft Landing\n|-start|p1a: Cinderace|typechange|Fighting|[from] ability: Libero\n|-resisted|p2a: Soft Landing\n|-damage|p2a: Soft Landing|68\/100\n|\n|upkeep\n|turn|2\n|\n|t:|1700190073\n|switch|p1a: Heatran|Heatran, M|100\/100\n|move|p2a: Soft Landing|Will-O-Wisp|p1a: Heatran\n|-start|p1a: Heatran|ability: Flash Fire\n|\n|upkeep\n|turn|3\n|\n|t:|1700190080\n|move|p2a: Soft Landing|Roost|p2a: Soft Landing\n|-heal|p2a: Soft Landing|100\/100\n|-singleturn|p2a: Soft Landing|move: Roost\n|move|p1a: Heatran|Magma Storm|p2a: Soft Landing\n|-resisted|p2a: Soft Landing\n|-damage|p2a: Soft Landing|77\/100\n|-activate|p2a: Soft Landing|move: Magma Storm|[of] p1a: Heatran\n|\n|-damage|p2a: Soft Landing|65\/100|[from] move: Magma Storm|[partiallytrapped]\n|upkeep\n|turn|4\n|\n|t:|1700190086\n|move|p2a: Soft Landing|Hurricane|p1a: Heatran\n|-resisted|p1a: Heatran\n|-damage|p1a: Heatran|87\/100\n|-start|p1a: Heatran|confusion\n|-activate|p1a: Heatran|confusion\n|-damage|p1a: Heatran|82\/100|[from] confusion\n|\n|-heal|p1a: Heatran|88\/100|[from] item: Leftovers\n|-damage|p2a: Soft Landing|52\/100|[from] move: Magma Storm|[partiallytrapped]\n|upkeep\n|turn|5\n|\n|t:|1700190093\n|move|p2a: Soft Landing|Roost|p2a: Soft Landing\n|-heal|p2a: Soft Landing|100\/100\n|-singleturn|p2a: Soft Landing|move: Roost\n|-end|p1a: Heatran|confusion\n|move|p1a: Heatran|Magma Storm|p2a: Soft Landing\n|-resisted|p2a: Soft Landing\n|-damage|p2a: Soft Landing|79\/100\n|\n|-heal|p1a: Heatran|94\/100|[from] item: Leftovers\n|-damage|p2a: Soft Landing|66\/100|[from] move: Magma Storm|[partiallytrapped]\n|upkeep\n|turn|6\n|\n|t:|1700190101\n|move|p2a: Soft Landing|Hurricane|p1a: Heatran\n|-resisted|p1a: Heatran\n|-damage|p1a: Heatran|79\/100\n|move|p1a: Heatran|Taunt|p2a: Soft Landing\n|-start|p2a: Soft Landing|move: Taunt\n|\n|-heal|p1a: Heatran|85\/100|[from] item: Leftovers\n|-damage|p2a: Soft Landing|54\/100|[from] move: Magma Storm|[partiallytrapped]\n|upkeep\n|turn|7\n|\n|t:|1700190110\n|move|p2a: Soft Landing|Hurricane|p1a: Heatran\n|-resisted|p1a: Heatran\n|-damage|p1a: Heatran|72\/100\n|move|p1a: Heatran|Magma Storm|p2a: Soft Landing\n|-resisted|p2a: Soft Landing\n|-damage|p2a: Soft Landing|30\/100\n|\n|-heal|p1a: Heatran|78\/100|[from] item: Leftovers\n|-end|p2a: Soft Landing|Magma Storm|[partiallytrapped]\n|upkeep\n|turn|8\n|\n|t:|1700190123\n|switch|p2a: Clodsire|Clodsire, F|100\/100\n|move|p1a: Heatran|Will-O-Wisp|p2a: Clodsire\n|-status|p2a: Clodsire|brn\n|\n|-heal|p1a: Heatran|84\/100|[from] item: Leftovers\n|-damage|p2a: Clodsire|94\/100 brn|[from] brn\n|upkeep\n|turn|9\n|\n|t:|1700190128\n|-end|p1a: Heatran|ability: Flash Fire|[silent]\n|switch|p1a: Landorus|Landorus-Therian, M|100\/100\n|-ability|p1a: Landorus|Intimidate|boost\n|-unboost|p2a: Clodsire|atk|1\n|move|p2a: Clodsire|Earthquake|p1a: Landorus\n|-immune|p1a: Landorus\n|\n|-heal|p2a: Clodsire|100\/100 brn|[from] item: Black Sludge\n|-damage|p2a: Clodsire|94\/100 brn|[from] brn\n|upkeep\n|turn|10\n|\n|t:|1700190141\n|move|p1a: Landorus|Stealth Rock|p2a: Clodsire\n|-sidestart|p2: Skrumply|move: Stealth Rock\n|move|p2a: Clodsire|Recover|p2a: Clodsire\n|-heal|p2a: Clodsire|100\/100 brn\n|\n|-damage|p2a: Clodsire|94\/100 brn|[from] brn\n|upkeep\n|turn|11\n|\n|t:|1700190146\n|move|p1a: Landorus|U-turn|p2a: Clodsire\n|-resisted|p2a: Clodsire\n|-damage|p2a: Clodsire|85\/100 brn\n|\n|t:|1700190155\n|switch|p1a: Annihilape|Annihilape, M|100\/100|[from] U-turn\n|move|p2a: Clodsire|Toxic|p1a: Annihilape\n|-status|p1a: Annihilape|tox\n|\n|-heal|p2a: Clodsire|91\/100 brn|[from] item: Black Sludge\n|-damage|p1a: Annihilape|94\/100 tox|[from] psn\n|-damage|p2a: Clodsire|85\/100 brn|[from] brn\n|upkeep\n|turn|12\n|\n|t:|1700190169\n|move|p1a: Annihilape|U-turn|p2a: Clodsire\n|-resisted|p2a: Clodsire\n|-damage|p2a: Clodsire|78\/100 brn\n|\n|t:|1700190173\n|switch|p1a: Landorus|Landorus-Therian, M|100\/100|[from] U-turn\n|-ability|p1a: Landorus|Intimidate|boost\n|-unboost|p2a: Clodsire|atk|1\n|move|p2a: Clodsire|Gunk Shot|p1a: Landorus\n|-resisted|p1a: Landorus\n|-damage|p1a: Landorus|97\/100\n|\n|-heal|p2a: Clodsire|84\/100 brn|[from] item: Black Sludge\n|-damage|p2a: Clodsire|78\/100 brn|[from] brn\n|upkeep\n|turn|13\n|\n|t:|1700190184\n|move|p1a: Landorus|Earthquake|p2a: Clodsire\n|-supereffective|p2a: Clodsire\n|-damage|p2a: Clodsire|0 fnt\n|faint|p2a: Clodsire\n|\n|upkeep\n|\n|t:|1700190190\n|switch|p2a: Cloudbusting|Cyclizar, F|100\/100\n|-damage|p2a: Cloudbusting|88\/100|[from] Stealth Rock\n|turn|14\n|\n|t:|1700190195\n|switch|p1a: Annihilape|Annihilape, M|94\/100 tox\n|move|p2a: Cloudbusting|Knock Off|p1a: Annihilape\n|-damage|p1a: Annihilape|70\/100 tox\n|-enditem|p1a: Annihilape|Choice Scarf|[from] move: Knock Off|[of] p2a: Cloudbusting\n|\n|-damage|p1a: Annihilape|64\/100 tox|[from] psn\n|upkeep\n|turn|15\n|\n|t:|1700190212\n|move|p2a: Cloudbusting|U-turn|p1a: Annihilape\n|-resisted|p1a: Annihilape\n|-damage|p1a: Annihilape|59\/100 tox\n|\n|t:|1700190216\n|switch|p2a: Soft Landing|Moltres|30\/100|[from] U-turn\n|move|p1a: Annihilape|Final Gambit|p2a: Soft Landing\n|-damage|p2a: Soft Landing|0 fnt\n|faint|p1a: Annihilape\n|faint|p2a: Soft Landing\n|\n|upkeep\n|\n|t:|1700190232\n|switch|p1a: Cinderace|Cinderace, F|100\/100\n|switch|p2a: Christine|Ogerpon-Wellspring, F|100\/100\n|-damage|p2a: Christine|88\/100|[from] Stealth Rock\n|turn|16\n|\n|t:|1700190243\n|move|p1a: Cinderace|Gunk Shot|p2a: Christine|[miss]\n|-start|p1a: Cinderace|typechange|Poison|[from] ability: Libero\n|-miss|p1a: Cinderace|p2a: Christine\n|move|p2a: Christine|Ivy Cudgel|p1a: Cinderace|[anim] Ivy Cudgel Water\n|-damage|p1a: Cinderace|20\/100\n|\n|upkeep\n|turn|17\n|\n|t:|1700190250\n|switch|p2a: Turkish Cotton|Jirachi|100\/100\n|-damage|p2a: Turkish Cotton|94\/100|[from] Stealth Rock\n|move|p1a: Cinderace|U-turn|p2a: Turkish Cotton\n|-damage|p2a: Turkish Cotton|75\/100\n|\n|t:|1700190261\n|switch|p1a: Heatran|Heatran, M|84\/100|[from] U-turn\n|\n|-heal|p2a: Turkish Cotton|81\/100|[from] item: Leftovers\n|-heal|p1a: Heatran|91\/100|[from] item: Leftovers\n|upkeep\n|turn|18\n|\n|t:|1700190276\n|move|p2a: Turkish Cotton|Stealth Rock|p1a: Heatran\n|-sidestart|p1: E-Series 1B|move: Stealth Rock\n|move|p1a: Heatran|Magma Storm|p2a: Turkish Cotton|[miss]\n|-miss|p1a: Heatran|p2a: Turkish Cotton\n|\n|-heal|p2a: Turkish Cotton|87\/100|[from] item: Leftovers\n|-heal|p1a: Heatran|97\/100|[from] item: Leftovers\n|upkeep\n|turn|19\n|\n|t:|1700190282\n|move|p2a: Turkish Cotton|U-turn|p1a: Heatran\n|-resisted|p1a: Heatran\n|-damage|p1a: Heatran|94\/100\n|\n|t:|1700190284\n|switch|p2a: Cloudbusting|Cyclizar, F|100\/100|[from] U-turn\n|-damage|p2a: Cloudbusting|88\/100|[from] Stealth Rock\n|move|p1a: Heatran|Magma Storm|p2a: Cloudbusting|[miss]\n|-miss|p1a: Heatran|p2a: Cloudbusting\n|\n|-heal|p1a: Heatran|99\/100|[from] item: Leftovers\n|upkeep\n|turn|20\n|\n|t:|1700190295\n|move|p2a: Cloudbusting|Ice Spinner|p1a: Heatran\n|-resisted|p1a: Heatran\n|-damage|p1a: Heatran|96\/100\n|move|p1a: Heatran|Magma Storm|p2a: Cloudbusting\n|-resisted|p2a: Cloudbusting\n|-damage|p2a: Cloudbusting|69\/100\n|-activate|p2a: Cloudbusting|move: Magma Storm|[of] p1a: Heatran\n|\n|-heal|p1a: Heatran|100\/100|[from] item: Leftovers\n|-damage|p2a: Cloudbusting|57\/100|[from] move: Magma Storm|[partiallytrapped]\n|upkeep\n|turn|21\n|\n|t:|1700190301\n|move|p2a: Cloudbusting|Knock Off|p1a: Heatran\n|-damage|p1a: Heatran|81\/100\n|-enditem|p1a: Heatran|Leftovers|[from] move: Knock Off|[of] p2a: Cloudbusting\n|move|p1a: Heatran|Will-O-Wisp|p2a: Cloudbusting\n|-status|p2a: Cloudbusting|brn\n|\n|-damage|p2a: Cloudbusting|50\/100 brn|[from] brn\n|-damage|p2a: Cloudbusting|38\/100 brn|[from] move: Magma Storm|[partiallytrapped]\n|upkeep\n|turn|22\n|\n|t:|1700190309\n|move|p2a: Cloudbusting|Rapid Spin|p1a: Heatran\n|-resisted|p1a: Heatran\n|-damage|p1a: Heatran|77\/100\n|-boost|p2a: Cloudbusting|spe|1\n|-sideend|p2: Skrumply|Stealth Rock|[from] move: Rapid Spin|[of] p2a: Cloudbusting\n|-end|p2a: Cloudbusting|Magma Storm|[partiallytrapped]\n|move|p1a: Heatran|Earth Power|p2a: Cloudbusting\n|-damage|p2a: Cloudbusting|12\/100 brn\n|\n|-damage|p2a: Cloudbusting|6\/100 brn|[from] brn\n|upkeep\n|turn|23\n|\n|t:|1700190317\n|move|p2a: Cloudbusting|Knock Off|p1a: Heatran\n|-damage|p1a: Heatran|70\/100\n|move|p1a: Heatran|Earth Power|p2a: Cloudbusting\n|-damage|p2a: Cloudbusting|0 fnt\n|faint|p2a: Cloudbusting\n|\n|upkeep\n|\n|t:|1700190321\n|switch|p2a: Christine|Ogerpon-Wellspring, F|88\/100\n|turn|24\n|\n|t:|1700190332\n|move|p2a: Christine|Ivy Cudgel|p1a: Heatran|[anim] Ivy Cudgel Water\n|-supereffective|p1a: Heatran\n|-damage|p1a: Heatran|0 fnt\n|faint|p1a: Heatran\n|\n|upkeep\n|\n|t:|1700190338\n|switch|p1a: Cinderace|Cinderace, F|20\/100\n|turn|25\n|\n|t:|1700190346\n|switch|p2a: Turkish Cotton|Jirachi|87\/100\n|move|p1a: Cinderace|Pyro Ball|p2a: Turkish Cotton\n|-supereffective|p2a: Turkish Cotton\n|-damage|p2a: Turkish Cotton|0 fnt\n|faint|p2a: Turkish Cotton\n|\n|upkeep\n|\n|t:|1700190350\n|switch|p2a: Him?|Iron Valiant|100\/100\n|-enditem|p2a: Him?|Booster Energy\n|-activate|p2a: Him?|ability: Quark Drive|[fromitem]\n|-start|p2a: Him?|quarkdrivespe\n|turn|26\n|\n|t:|1700190359\n|move|p2a: Him?|Knock Off|p1a: Cinderace\n|-damage|p1a: Cinderace|0 fnt\n|-enditem|p1a: Cinderace|Heavy-Duty Boots|[from] move: Knock Off|[of] p2a: Him?\n|faint|p1a: Cinderace\n|\n|upkeep\n|\n|t:|1700190363\n|switch|p1a: Shaymin|Shaymin|100\/100\n|-damage|p1a: Shaymin|88\/100|[from] Stealth Rock\n|turn|27\n|\n|t:|1700190373\n|move|p2a: Him?|Spirit Break|p1a: Shaymin\n|-damage|p1a: Shaymin|52\/100\n|-unboost|p1a: Shaymin|spa|1\n|move|p1a: Shaymin|Seed Flare|p2a: Him?\n|-damage|p2a: Him?|0 fnt\n|faint|p2a: Him?\n|-end|p2a: Him?|Quark Drive|[silent]\n|\n|upkeep\n|\n|t:|1700190379\n|switch|p2a: Christine|Ogerpon-Wellspring, F|88\/100\n|turn|28\n|\n|t:|1700190387\n|move|p2a: Christine|Swords Dance|p2a: Christine\n|-boost|p2a: Christine|atk|2\n|move|p1a: Shaymin|Seed Flare|p2a: Christine|[miss]\n|-miss|p1a: Shaymin|p2a: Christine\n|\n|upkeep\n|turn|29\n|\n|t:|1700190393\n|move|p2a: Christine|Ivy Cudgel|p1a: Shaymin|[anim] Ivy Cudgel Water\n|-resisted|p1a: Shaymin\n|-damage|p1a: Shaymin|0 fnt\n|faint|p1a: Shaymin\n|\n|upkeep\n|\n|t:|1700190395\n|switch|p1a: Landorus|Landorus-Therian, M|97\/100\n|-damage|p1a: Landorus|85\/100|[from] Stealth Rock\n|-ability|p1a: Landorus|Intimidate|boost\n|-unboost|p2a: Christine|atk|1\n|turn|30\n|\n|t:|1700190402\n|move|p2a: Christine|Ivy Cudgel|p1a: Landorus|[anim] Ivy Cudgel Water\n|-supereffective|p1a: Landorus\n|-damage|p1a: Landorus|0 fnt\n|faint|p1a: Landorus\n|\n|upkeep\n|\n|t:|1700190405\n|switch|p1a: Manaphy|Manaphy|100\/100\n|-damage|p1a: Manaphy|88\/100|[from] Stealth Rock\n|turn|31\n|\n|t:|1700190409\n|move|p1a: Manaphy|Energy Ball|p2a: Christine\n|-damage|p2a: Christine|64\/100\n|move|p2a: Christine|Horn Leech|p1a: Manaphy\n|-supereffective|p1a: Manaphy\n|-damage|p1a: Manaphy|0 fnt\n|-heal|p2a: Christine|100\/100|[from] drain|[of] p1a: Manaphy\n|faint|p1a: Manaphy\n|\n|win|Skrumply\n|c|\u2606Skrumply|gg\n|c|\u2606E-Series 1B|gg\n|l|\u2606E-Series 1B\n","uploadtime":1700190426,"views":6,"p1id":"eseries1b","p2id":"skrumply","formatid":"gen9anythinggoes","rating":0,"private":0,"password":""}