{"id":"gen9anythinggoes-1974408480","p1":"Miror_B_leave it","p2":"Mattattac","format":"[Gen 9] Anything Goes","log":"|j|\u2606Miror_B_leave it\n|j|\u2606Mattattac\n|t:|1698084614\n|gametype|singles\n|player|p1|Miror_B_leave it|musician-gen9|1137\n|player|p2|Mattattac|nate|1123\n|teamsize|p1|6\n|teamsize|p2|6\n|gen|9\n|tier|[Gen 9] Anything Goes\n|rated|\n|rule|HP Percentage Mod: HP is shown in percentages\n|rule|Endless Battle Clause: Forcing endless battles is banned\n|clearpoke\n|poke|p1|Ludicolo, M|\n|poke|p1|Ludicolo, M|\n|poke|p1|Ludicolo, M|\n|poke|p1|Ludicolo, M|\n|poke|p1|Sudowoodo, M|\n|poke|p1|Meloetta|\n|poke|p2|Calyrex-Shadow|\n|poke|p2|Great Tusk|\n|poke|p2|Volcarona, M|\n|poke|p2|Darkrai|\n|poke|p2|Ogerpon-Hearthflame, F|\n|poke|p2|Greninja-*, M|\n|teampreview\n|inactive|Battle timer is ON: inactive players will automatically lose when time's up. (requested by Mattattac)\n|c|\u2606Mattattac|yo\n|\n|t:|1698084647\n|start\n|switch|p1a: Dancer #1|Ludicolo, M|100\/100\n|switch|p2a: Calyrex|Calyrex-Shadow|100\/100\n|-ability|p2a: Calyrex|As One\n|-ability|p2a: Calyrex|Unnerve\n|turn|1\n|c|\u2606Miror_B_leave it|yo\n|\n|t:|1698084662\n|-terastallize|p2a: Calyrex|Fairy\n|move|p2a: Calyrex|Tera Blast|p1a: Dancer #1|[anim] Tera Blast Fairy\n|-damage|p1a: Dancer #1|10\/100\n|move|p1a: Dancer #1|Rain Dance|p1a: Dancer #1\n|-weather|RainDance\n|\n|-weather|RainDance|[upkeep]\n|upkeep\n|turn|2\n|\n|t:|1698084668\n|move|p1a: Dancer #1|Ice Beam|p2a: Calyrex\n|-damage|p2a: Calyrex|76\/100\n|-status|p2a: Calyrex|frz\n|-curestatus|p2a: Calyrex|frz|[msg]\n|move|p2a: Calyrex|Tera Blast|p1a: Dancer #1|[anim] Tera Blast Fairy\n|-damage|p1a: Dancer #1|0 fnt\n|faint|p1a: Dancer #1\n|-ability|p2a: Calyrex|Grim Neigh|boost\n|-boost|p2a: Calyrex|spa|1\n|\n|-weather|RainDance|[upkeep]\n|upkeep\n|\n|t:|1698084671\n|switch|p1a: Dancer #4|Ludicolo, M|100\/100\n|turn|3\n|c|\u2606Mattattac|s p e e d\n|\n|t:|1698084678\n|-terastallize|p1a: Dancer #4|Water\n|move|p1a: Dancer #4|Weather Ball|p2a: Calyrex\n|-damage|p2a: Calyrex|0 fnt\n|faint|p2a: Calyrex\n|-damage|p1a: Dancer #4|91\/100|[from] item: Life Orb\n|\n|-weather|RainDance|[upkeep]\n|upkeep\n|c|\u2606Miror_B_leave it|**S P E E D**\n|c|\u2606Mattattac|I'm curious\n|c|\u2606Mattattac|do you perhaps have damp rock\n|inactive|Mattattac has 120 seconds left.\n|\n|t:|1698084712\n|switch|p2a: Darkrai|Darkrai, shiny|100\/100\n|turn|4\n|c|\u2606Miror_B_leave it|on 2 of them and 2 life orbs on the others\n|\n|t:|1698084720\n|move|p1a: Dancer #4|Weather Ball|p2a: Darkrai\n|-damage|p2a: Darkrai|0 fnt\n|faint|p2a: Darkrai\n|-damage|p1a: Dancer #4|81\/100|[from] item: Life Orb\n|\n|-weather|RainDance|[upkeep]\n|upkeep\n|c|\u2606Mattattac|alr\n|\n|t:|1698084725\n|switch|p2a: Greninja|Greninja, M, shiny|100\/100\n|turn|5\n|\n|t:|1698084736\n|move|p1a: Dancer #4|Giga Drain|p2a: Greninja\n|-supereffective|p2a: Greninja\n|-damage|p2a: Greninja|0 fnt\n|-heal|p1a: Dancer #4|100\/100|[from] drain|[of] p2a: Greninja\n|faint|p2a: Greninja\n|-damage|p1a: Dancer #4|91\/100|[from] item: Life Orb\n|\n|-weather|RainDance|[upkeep]\n|upkeep\n|c|\u2606Mattattac|yeah I lost this lol\n|\n|t:|1698084744\n|switch|p2a: Ogerpon|Ogerpon-Hearthflame, F|100\/100\n|-ability|p2a: Ogerpon|Mold Breaker\n|turn|6\n|\n|t:|1698084750\n|move|p1a: Dancer #4|Weather Ball|p2a: Ogerpon\n|-damage|p2a: Ogerpon|0 fnt\n|faint|p2a: Ogerpon\n|-damage|p1a: Dancer #4|81\/100|[from] item: Life Orb\n|\n|-weather|RainDance|[upkeep]\n|upkeep\n|\n|t:|1698084755\n|switch|p2a: Volcarona|Volcarona, M, shiny|100\/100\n|turn|7\n|c|\u2606Miror_B_leave it|miror b is goated\n|c|\u2606Mattattac|fr\n|\n|t:|1698084766\n|move|p1a: Dancer #4|Weather Ball|p2a: Volcarona\n|-supereffective|p2a: Volcarona\n|-damage|p2a: Volcarona|0 fnt\n|faint|p2a: Volcarona\n|-damage|p1a: Dancer #4|71\/100|[from] item: Life Orb\n|\n|-weather|RainDance|[upkeep]\n|upkeep\n|\n|t:|1698084767\n|switch|p2a: Great Tusk|Great Tusk, shiny|100\/100\n|turn|8\n|c|\u2606Miror_B_leave it|he needs an avatar tho\n|\n|t:|1698084775\n|move|p1a: Dancer #4|Weather Ball|p2a: Great Tusk\n|-supereffective|p2a: Great Tusk\n|-damage|p2a: Great Tusk|0 fnt\n|faint|p2a: Great Tusk\n|-end|p2a: Great Tusk|Protosynthesis|[silent]\n|-damage|p1a: Dancer #4|61\/100|[from] item: Life Orb\n|\n|win|Miror_B_leave it\n|raw|Miror_B_leave it's rating: 1137 &rarr; <strong>1161<\/strong><br \/>(+24 for winning)\n|raw|Mattattac's rating: 1123 &rarr; <strong>1099<\/strong><br \/>(-24 for losing)\n|c|\u2606Mattattac|maybe\n","uploadtime":1698084787,"views":9,"p1id":"mirorbleaveit","p2id":"mattattac","formatid":"gen9anythinggoes","rating":1099,"private":0,"password":""}