{"id":"gen9anythinggoes-1995910063","p1":"Deathbylilkungfu","p2":"00 Caratroc 00","format":"[Gen 9] Anything Goes","log":"|j|\u2606Deathbylilkungfu\n|j|\u260600 Caratroc 00\n|t:|1700616370\n|gametype|singles\n|player|p1|Deathbylilkungfu|lyra|1232\n|player|p2|00 Caratroc 00|evelyn|1205\n|teamsize|p1|6\n|teamsize|p2|6\n|gen|9\n|tier|[Gen 9] Anything Goes\n|rated|\n|rule|HP Percentage Mod: HP is shown in percentages\n|rule|Endless Battle Clause: Forcing endless battles is banned\n|clearpoke\n|poke|p1|Spidops, M|\n|poke|p1|Drifblim, M|\n|poke|p1|Zangoose, M|\n|poke|p1|Ursaluna, M|\n|poke|p1|Volcarona, F|\n|poke|p1|Noivern, F|\n|poke|p2|Ditto|\n|poke|p2|Wooper-Paldea, M|\n|poke|p2|Clodsire, M|\n|poke|p2|Arceus|\n|poke|p2|Eternatus|\n|poke|p2|Calyrex-Shadow|\n|teampreview\n|inactive|Battle timer is ON: inactive players will automatically lose when time's up. (requested by 00 Caratroc 00)\n|\n|t:|1700616382\n|start\n|switch|p1a: Drifblim|Drifblim, M|100\/100\n|switch|p2a: Gooper|Wooper-Paldea, M, shiny|100\/100\n|turn|1\n|\n|t:|1700616387\n|move|p1a: Drifblim|Minimize|p1a: Drifblim\n|-boost|p1a: Drifblim|evasion|2\n|move|p2a: Gooper|Toxic Spikes|p1a: Drifblim\n|-sidestart|p1: Deathbylilkungfu|move: Toxic Spikes\n|\n|upkeep\n|turn|2\n|\n|t:|1700616392\n|move|p1a: Drifblim|Minimize|p1a: Drifblim\n|-boost|p1a: Drifblim|evasion|2\n|move|p2a: Gooper|Toxic Spikes|p1a: Drifblim\n|-sidestart|p1: Deathbylilkungfu|move: Toxic Spikes\n|\n|upkeep\n|turn|3\n|\n|t:|1700616403\n|switch|p2a: Clod|Clodsire, M, shiny|100\/100\n|move|p1a: Drifblim|Minimize|p1a: Drifblim\n|-boost|p1a: Drifblim|evasion|2\n|\n|upkeep\n|turn|4\n|\n|t:|1700616410\n|move|p1a: Drifblim|Substitute|p1a: Drifblim\n|-start|p1a: Drifblim|Substitute\n|-damage|p1a: Drifblim|75\/100\n|move|p2a: Clod|Yawn||[still]\n|-fail|p2a: Clod\n|\n|upkeep\n|turn|5\n|\n|t:|1700616421\n|move|p1a: Drifblim|Strength Sap|p2a: Clod\n|-unboost|p2a: Clod|atk|1\n|-heal|p1a: Drifblim|100\/100\n|move|p2a: Clod|Stealth Rock|p1a: Drifblim\n|-sidestart|p1: Deathbylilkungfu|move: Stealth Rock\n|\n|upkeep\n|turn|6\n|\n|t:|1700616429\n|switch|p2a: God ?|Arceus, shiny|100\/100\n|move|p1a: Drifblim|Baton Pass|p1a: Drifblim\n|\n|t:|1700616433\n|switch|p1a: Volcarona|Volcarona, F|100\/100|[from] Baton Pass\n|-status|p1a: Volcarona|tox\n|-damage|p1a: Volcarona|51\/100 tox|[from] Stealth Rock\n|\n|-damage|p1a: Volcarona|45\/100 tox|[from] psn\n|upkeep\n|turn|7\n|\n|t:|1700616442\n|move|p1a: Volcarona|Quiver Dance|p1a: Volcarona\n|-boost|p1a: Volcarona|spa|1\n|-boost|p1a: Volcarona|spd|1\n|-boost|p1a: Volcarona|spe|1\n|move|p2a: God ?|Roar|p1a: Volcarona\n|drag|p1a: Spidops|Spidops, M|100\/100\n|-status|p1a: Spidops|tox\n|-damage|p1a: Spidops|75\/100 tox|[from] Stealth Rock\n|\n|-damage|p1a: Spidops|69\/100 tox|[from] psn\n|upkeep\n|turn|8\n|\n|t:|1700616454\n|switch|p2a: Blue|Ditto, shiny|100\/100\n|-transform|p2a: Blue|p1a: Spidops|[from] ability: Imposter\n|move|p1a: Spidops|Sticky Web|p2a: Blue\n|-sidestart|p2: 00 Caratroc 00|move: Sticky Web\n|\n|-damage|p1a: Spidops|57\/100 tox|[from] psn\n|upkeep\n|turn|9\n|-message|Deathbylilkungfu forfeited.\n|\n|win|00 Caratroc 00\n|raw|Deathbylilkungfu's rating: 1232 &rarr; <strong>1205<\/strong><br \/>(-27 for losing)\n|raw|00 Caratroc 00's rating: 1205 &rarr; <strong>1232<\/strong><br \/>(+27 for winning)\n|l|\u2606Deathbylilkungfu\n","uploadtime":1700616483,"views":0,"p1id":"deathbylilkungfu","p2id":"00caratroc00","formatid":"gen9anythinggoes","rating":1205,"private":0,"password":""}