{"id":"gen9anythinggoes-1987450666","p1":"xxswedishmanxx","p2":"Namanpokemonmaster","format":"[Gen 9] Anything Goes","log":"|j|\u2606xxswedishmanxx\n|j|\u2606Namanpokemonmaster\n|t:|1699593466\n|gametype|singles\n|player|p1|xxswedishmanxx|depotagent|1456\n|player|p2|Namanpokemonmaster|nate|1555\n|teamsize|p1|6\n|teamsize|p2|6\n|gen|9\n|tier|[Gen 9] Anything Goes\n|rated|\n|rule|HP Percentage Mod: HP is shown in percentages\n|rule|Endless Battle Clause: Forcing endless battles is banned\n|clearpoke\n|poke|p1|Staraptor, F|\n|poke|p1|Samurott-Hisui, F|\n|poke|p1|Kleavor, F|\n|poke|p1|Iron Moth|\n|poke|p1|Volcarona, F|\n|poke|p1|Slither Wing|\n|poke|p2|Arceus-Ground|\n|poke|p2|Arceus|\n|poke|p2|Ditto|\n|poke|p2|Eternatus|\n|poke|p2|Koraidon|\n|poke|p2|Miraidon|\n|teampreview\n|inactive|Battle timer is ON: inactive players will automatically lose when time's up. (requested by Namanpokemonmaster)\n|\n|t:|1699593481\n|start\n|switch|p1a: Samurott|Samurott-Hisui, F|100\/100\n|switch|p2a: Eternatus|Eternatus|100\/100\n|-ability|p2a: Eternatus|Pressure\n|turn|1\n|\n|t:|1699593488\n|move|p2a: Eternatus|Dynamax Cannon|p1a: Samurott\n|-enditem|p1a: Samurott|Focus Sash\n|-damage|p1a: Samurott|1\/100\n|-damage|p2a: Eternatus|91\/100|[from] item: Life Orb\n|move|p1a: Samurott|Ceaseless Edge|p2a: Eternatus\n|-damage|p2a: Eternatus|51\/100\n|-sidestart|p2: Namanpokemonmaster|Spikes\n|\n|upkeep\n|turn|2\n|\n|t:|1699593498\n|move|p1a: Samurott|Sucker Punch|p2a: Eternatus\n|-damage|p2a: Eternatus|23\/100\n|move|p2a: Eternatus|Dynamax Cannon|p1a: Samurott\n|-damage|p1a: Samurott|0 fnt\n|faint|p1a: Samurott\n|-damage|p2a: Eternatus|13\/100|[from] item: Life Orb\n|\n|upkeep\n|\n|t:|1699593511\n|switch|p1a: Staraptor|Staraptor, F, shiny|100\/100\n|turn|3\n|\n|t:|1699593517\n|move|p1a: Staraptor|Double-Edge|p2a: Eternatus\n|-damage|p2a: Eternatus|0 fnt\n|faint|p2a: Eternatus\n|-damage|p1a: Staraptor|95\/100|[from] Recoil\n|\n|upkeep\n|\n|t:|1699593532\n|switch|p2a: Arceus|Arceus-Ground|100\/100\n|-damage|p2a: Arceus|88\/100|[from] Spikes\n|turn|4\n|\n|t:|1699593544\n|move|p1a: Staraptor|Double-Edge|p2a: Arceus\n|-damage|p2a: Arceus|51\/100\n|-damage|p1a: Staraptor|78\/100|[from] Recoil\n|move|p2a: Arceus|Ice Beam|p1a: Staraptor\n|-supereffective|p1a: Staraptor\n|-damage|p1a: Staraptor|3\/100\n|\n|upkeep\n|turn|5\n|\n|t:|1699593554\n|switch|p1a: Volcarona|Volcarona, F|100\/100\n|move|p2a: Arceus|Recover|p2a: Arceus\n|-heal|p2a: Arceus|100\/100\n|\n|upkeep\n|turn|6\n|\n|t:|1699593561\n|move|p1a: Volcarona|Quiver Dance|p1a: Volcarona\n|-boost|p1a: Volcarona|spa|1\n|-boost|p1a: Volcarona|spd|1\n|-boost|p1a: Volcarona|spe|1\n|move|p2a: Arceus|Judgment|p1a: Volcarona\n|-damage|p1a: Volcarona|67\/100\n|\n|upkeep\n|turn|7\n|\n|t:|1699593570\n|move|p1a: Volcarona|Giga Drain|p2a: Arceus\n|-supereffective|p2a: Arceus\n|-damage|p2a: Arceus|46\/100\n|-heal|p1a: Volcarona|100\/100|[from] drain|[of] p2a: Arceus\n|move|p2a: Arceus|Ice Beam|p1a: Volcarona\n|-resisted|p1a: Volcarona\n|-damage|p1a: Volcarona|93\/100\n|\n|upkeep\n|turn|8\n|\n|t:|1699593593\n|switch|p2a: Koraidon|Koraidon|100\/100\n|-damage|p2a: Koraidon|88\/100|[from] Spikes\n|-weather|SunnyDay|[from] ability: Orichalcum Pulse|[of] p2a: Koraidon\n|-activate|p2a: Koraidon|Orichalcum Pulse|[source]\n|move|p1a: Volcarona|Fiery Dance|p2a: Koraidon\n|-resisted|p2a: Koraidon\n|-damage|p2a: Koraidon|35\/100\n|-boost|p1a: Volcarona|spa|1\n|\n|-weather|SunnyDay|[upkeep]\n|-heal|p2a: Koraidon|41\/100|[from] item: Leftovers\n|upkeep\n|turn|9\n|\n|t:|1699593607\n|move|p1a: Volcarona|Fiery Dance|p2a: Koraidon\n|-resisted|p2a: Koraidon\n|-damage|p2a: Koraidon|0 fnt\n|faint|p2a: Koraidon\n|\n|-weather|SunnyDay|[upkeep]\n|upkeep\n|\n|t:|1699593615\n|switch|p2a: Arceus|Arceus|100\/100\n|-damage|p2a: Arceus|88\/100|[from] Spikes\n|turn|10\n|\n|t:|1699593623\n|move|p1a: Volcarona|Fiery Dance|p2a: Arceus\n|-damage|p2a: Arceus|1\/100\n|move|p2a: Arceus|Roar|p1a: Volcarona\n|drag|p1a: Kleavor|Kleavor, F|100\/100\n|\n|-weather|SunnyDay|[upkeep]\n|-heal|p2a: Arceus|7\/100|[from] item: Leftovers\n|upkeep\n|turn|11\n|\n|t:|1699593638\n|switch|p1a: Slither Wing|Slither Wing|100\/100\n|-activate|p1a: Slither Wing|ability: Protosynthesis\n|-start|p1a: Slither Wing|protosynthesisatk\n|move|p2a: Arceus|Extreme Speed|p1a: Slither Wing\n|-damage|p1a: Slither Wing|39\/100\n|\n|-weather|SunnyDay|[upkeep]\n|-heal|p2a: Arceus|13\/100|[from] item: Leftovers\n|upkeep\n|turn|12\n|\n|t:|1699593667\n|-end|p1a: Slither Wing|Protosynthesis|[silent]\n|switch|p1a: Volcarona|Volcarona, F|93\/100\n|move|p2a: Arceus|Extreme Speed|p1a: Volcarona\n|-damage|p1a: Volcarona|27\/100\n|\n|-weather|none\n|-heal|p2a: Arceus|19\/100|[from] item: Leftovers\n|upkeep\n|turn|13\n|\n|t:|1699593677\n|move|p2a: Arceus|Extreme Speed|p1a: Volcarona\n|-damage|p1a: Volcarona|0 fnt\n|faint|p1a: Volcarona\n|\n|-heal|p2a: Arceus|25\/100|[from] item: Leftovers\n|upkeep\n|\n|t:|1699593680\n|switch|p1a: Iron Moth|Iron Moth|100\/100\n|-enditem|p1a: Iron Moth|Booster Energy\n|-activate|p1a: Iron Moth|ability: Quark Drive|[fromitem]\n|-start|p1a: Iron Moth|quarkdrivespe\n|turn|14\n|\n|t:|1699593688\n|move|p1a: Iron Moth|Fiery Dance|p2a: Arceus\n|-damage|p2a: Arceus|0 fnt\n|-boost|p1a: Iron Moth|spa|1\n|faint|p2a: Arceus\n|\n|upkeep\n|\n|t:|1699593694\n|switch|p2a: Arceus|Arceus-Ground|46\/100\n|-damage|p2a: Arceus|34\/100|[from] Spikes\n|turn|15\n|\n|t:|1699593699\n|move|p1a: Iron Moth|Fiery Dance|p2a: Arceus\n|-damage|p2a: Arceus|0 fnt\n|faint|p2a: Arceus\n|\n|upkeep\n|\n|t:|1699593708\n|switch|p2a: Ditto|Ditto|100\/100\n|-damage|p2a: Ditto|88\/100|[from] Spikes\n|-transform|p2a: Ditto|p1a: Iron Moth|[from] ability: Imposter\n|turn|16\n|\n|t:|1699593722\n|move|p1a: Iron Moth|Psychic|p2a: Ditto\n|-supereffective|p2a: Ditto\n|-damage|p2a: Ditto|0 fnt\n|faint|p2a: Ditto\n|-end|p2a: Ditto|Quark Drive|[silent]\n|\n|upkeep\n|\n|t:|1699593727\n|switch|p2a: Miraidon|Miraidon|100\/100\n|-damage|p2a: Miraidon|88\/100|[from] Spikes\n|-fieldstart|move: Electric Terrain|[from] ability: Hadron Engine|[of] p2a: Miraidon\n|turn|17\n|\n|t:|1699593740\n|move|p1a: Iron Moth|Dazzling Gleam|p2a: Miraidon\n|-supereffective|p2a: Miraidon\n|-damage|p2a: Miraidon|17\/100\n|move|p2a: Miraidon|Electro Drift|p1a: Iron Moth\n|-damage|p1a: Iron Moth|0 fnt\n|faint|p1a: Iron Moth\n|-end|p1a: Iron Moth|Quark Drive|[silent]\n|\n|upkeep\n|\n|t:|1699593746\n|switch|p1a: Slither Wing|Slither Wing|39\/100\n|turn|18\n|c|\u2606xxswedishmanxx|gg\n|\n|t:|1699593752\n|move|p1a: Slither Wing|First Impression|p2a: Miraidon\n|-damage|p2a: Miraidon|0 fnt\n|faint|p2a: Miraidon\n|-damage|p1a: Slither Wing|29\/100|[from] item: Life Orb\n|\n|win|xxswedishmanxx\n|raw|xxswedishmanxx's rating: 1456 &rarr; <strong>1480<\/strong><br \/>(+24 for winning)\n|raw|Namanpokemonmaster's rating: 1533 &rarr; <strong>1509<\/strong><br \/>(-24 for losing)\n","uploadtime":1699593759,"views":4,"p1id":"xxswedishmanxx","p2id":"namanpokemonmaster","formatid":"gen9anythinggoes","rating":1480,"private":0,"password":""}