{"id":"gen9anythinggoes-1983812057","p1":"beetlejuggler","p2":"Shadowclonekoko","format":"[Gen 9] Anything Goes","log":"|j|\u2606beetlejuggler\n|j|\u2606Shadowclonekoko\n|t:|1699185654\n|gametype|singles\n|player|p1|beetlejuggler|265|1129\n|player|p2|Shadowclonekoko|dawn|1232\n|teamsize|p1|6\n|teamsize|p2|6\n|gen|9\n|tier|[Gen 9] Anything Goes\n|rated|\n|rule|HP Percentage Mod: HP is shown in percentages\n|rule|Endless Battle Clause: Forcing endless battles is banned\n|clearpoke\n|poke|p1|Quagsire, F|\n|poke|p1|Quagsire, F|\n|poke|p1|Quagsire, F|\n|poke|p1|Clodsire, F|\n|poke|p1|Clodsire, M|\n|poke|p1|Clodsire, M|\n|poke|p2|Calyrex-Shadow|\n|poke|p2|Ribombee, M|\n|poke|p2|Urshifu-*, F|\n|poke|p2|Drifblim, F|\n|poke|p2|Miraidon|\n|poke|p2|Maushold|\n|teampreview\n|inactive|Battle timer is ON: inactive players will automatically lose when time's up. (requested by Shadowclonekoko)\n|\n|t:|1699185664\n|start\n|switch|p1a: Clodsire|Clodsire, M|100\/100\n|switch|p2a: Drifblim|Drifblim, F, shiny|100\/100\n|turn|1\n|\n|t:|1699185671\n|move|p2a: Drifblim|Minimize|p2a: Drifblim\n|-boost|p2a: Drifblim|evasion|2\n|move|p1a: Clodsire|Stealth Rock|p2a: Drifblim\n|-sidestart|p2: Shadowclonekoko|move: Stealth Rock\n|\n|upkeep\n|turn|2\n|l|\u2606Shadowclonekoko\n|inactive|Shadowclonekoko disconnected and has a minute to reconnect!\n|player|p2|\n|j|\u2606Shadowclonekoko\n|inactive|Shadowclonekoko reconnected and has 125 seconds left.\n|player|p2|Shadowclonekoko|dawn\n|inactive|Shadowclonekoko has 120 seconds left.\n|\n|t:|1699185702\n|move|p2a: Drifblim|Minimize|p2a: Drifblim\n|-boost|p2a: Drifblim|evasion|2\n|move|p1a: Clodsire|Toxic Spikes|p2a: Drifblim\n|-sidestart|p2: Shadowclonekoko|move: Toxic Spikes\n|\n|upkeep\n|turn|3\n|l|\u2606Shadowclonekoko\n|inactive|Shadowclonekoko disconnected and has a minute to reconnect!\n|player|p2|\n|inactive|Shadowclonekoko has 30 seconds to reconnect!\n|inactive|Shadowclonekoko has 20 seconds to reconnect!\n|j|\u2606Shadowclonekoko\n|inactive|Shadowclonekoko reconnected and has 85 seconds left.\n|player|p2|Shadowclonekoko|dawn\n|\n|t:|1699185752\n|move|p2a: Drifblim|Minimize|p2a: Drifblim\n|-boost|p2a: Drifblim|evasion|2\n|move|p1a: Clodsire|Toxic Spikes|p2a: Drifblim\n|-sidestart|p2: Shadowclonekoko|move: Toxic Spikes\n|\n|upkeep\n|turn|4\n|\n|t:|1699185760\n|switch|p1a: Clodsire|Clodsire, M|100\/100\n|move|p2a: Drifblim|Calm Mind|p2a: Drifblim\n|-boost|p2a: Drifblim|spa|1\n|-boost|p2a: Drifblim|spd|1\n|\n|upkeep\n|turn|5\n|\n|t:|1699185768\n|move|p2a: Drifblim|Calm Mind|p2a: Drifblim\n|-boost|p2a: Drifblim|spa|1\n|-boost|p2a: Drifblim|spd|1\n|move|p1a: Clodsire|Haze|p1a: Clodsire\n|-clearallboost\n|\n|upkeep\n|turn|6\n|\n|t:|1699185780\n|switch|p2a: Miraidon|Miraidon|100\/100\n|-damage|p2a: Miraidon|88\/100|[from] Stealth Rock\n|-status|p2a: Miraidon|tox\n|-fieldstart|move: Electric Terrain|[from] ability: Hadron Engine|[of] p2a: Miraidon\n|move|p1a: Clodsire|Toxic|p2a: Miraidon\n|-fail|p2a: Miraidon|tox\n|\n|-heal|p2a: Miraidon|94\/100 tox|[from] item: Leftovers\n|-damage|p2a: Miraidon|88\/100 tox|[from] psn\n|upkeep\n|turn|7\n|\n|t:|1699185787\n|-terastallize|p2a: Miraidon|Water\n|move|p2a: Miraidon|Tera Blast|p1a: Clodsire|[anim] Tera Blast Water\n|-supereffective|p1a: Clodsire\n|-damage|p1a: Clodsire|50\/100\n|move|p1a: Clodsire|Earthquake|p2a: Miraidon\n|-damage|p2a: Miraidon|66\/100 tox\n|\n|-heal|p2a: Miraidon|72\/100 tox|[from] item: Leftovers\n|-heal|p1a: Clodsire|56\/100|[from] item: Leftovers\n|-damage|p2a: Miraidon|60\/100 tox|[from] psn\n|upkeep\n|turn|8\n|\n|t:|1699185792\n|move|p2a: Miraidon|Parabolic Charge|p1a: Clodsire\n|-immune|p1a: Clodsire\n|move|p1a: Clodsire|Recover|p1a: Clodsire\n|-heal|p1a: Clodsire|100\/100\n|\n|-heal|p2a: Miraidon|66\/100 tox|[from] item: Leftovers\n|-damage|p2a: Miraidon|47\/100 tox|[from] psn\n|upkeep\n|turn|9\n|\n|t:|1699185799\n|switch|p1a: Clodsire|Clodsire, M|100\/100\n|move|p2a: Miraidon|Tera Blast|p1a: Clodsire|[anim] Tera Blast Water\n|-immune|p1a: Clodsire|[from] ability: Water Absorb\n|\n|-heal|p2a: Miraidon|54\/100 tox|[from] item: Leftovers\n|-damage|p2a: Miraidon|29\/100 tox|[from] psn\n|upkeep\n|turn|10\n|\n|t:|1699185812\n|move|p2a: Miraidon|Tera Blast|p1a: Clodsire|[anim] Tera Blast Water\n|-immune|p1a: Clodsire|[from] ability: Water Absorb\n|move|p1a: Clodsire|Gunk Shot|p2a: Miraidon\n|-damage|p2a: Miraidon|0 fnt\n|faint|p2a: Miraidon\n|\n|-fieldend|move: Electric Terrain\n|upkeep\n|-message|Shadowclonekoko forfeited.\n|\n|win|beetlejuggler\n|raw|beetlejuggler's rating: 1129 &rarr; <strong>1161<\/strong><br \/>(+32 for winning)\n|raw|Shadowclonekoko's rating: 1232 &rarr; <strong>1200<\/strong><br \/>(-32 for losing)\n|l|\u2606Shadowclonekoko\n","uploadtime":1699185822,"views":5,"p1id":"beetlejuggler","p2id":"shadowclonekoko","formatid":"gen9anythinggoes","rating":1161,"private":0,"password":""}