{"id":"gen9anythinggoes-1994834755","p1":"hello3498383","p2":"zvbcv","format":"[Gen 9] Anything Goes","log":"|j|\u2606hello3498383\n|j|\u2606zvbcv\n|t:|1700497128\n|gametype|singles\n|player|p1|hello3498383|266|1058\n|player|p2|zvbcv|biker-gen4|1086\n|teamsize|p1|6\n|teamsize|p2|6\n|gen|9\n|tier|[Gen 9] Anything Goes\n|rated|\n|rule|HP Percentage Mod: HP is shown in percentages\n|rule|Endless Battle Clause: Forcing endless battles is banned\n|clearpoke\n|poke|p1|Ceruledge, F|\n|poke|p1|Greninja-*, M|\n|poke|p1|Dragapult, M|\n|poke|p1|Gengar, F|\n|poke|p1|Walking Wake|\n|poke|p1|Clodsire, M|\n|poke|p2|Magearna|\n|poke|p2|Drifblim, F|\n|poke|p2|Clefable, M|\n|poke|p2|Calyrex-Shadow|\n|poke|p2|Clefable, F|\n|poke|p2|Espathra, F|\n|teampreview\n|inactive|Battle timer is ON: inactive players will automatically lose when time's up. (requested by zvbcv)\n|\n|t:|1700497132\n|start\n|switch|p1a: Clodsire|Clodsire, M|100\/100\n|switch|p2a: Espathra|Espathra, F|100\/100\n|turn|1\n|\n|t:|1700497139\n|move|p2a: Espathra|Substitute|p2a: Espathra\n|-start|p2a: Espathra|Substitute\n|-damage|p2a: Espathra|76\/100\n|move|p1a: Clodsire|Toxic Spikes|p2a: Espathra\n|-sidestart|p2: zvbcv|move: Toxic Spikes\n|\n|-heal|p2a: Espathra|82\/100|[from] item: Leftovers\n|-ability|p2a: Espathra|Speed Boost|boost\n|-boost|p2a: Espathra|spe|1\n|upkeep\n|turn|2\n|\n|t:|1700497147\n|move|p2a: Espathra|Calm Mind|p2a: Espathra\n|-boost|p2a: Espathra|spa|1\n|-boost|p2a: Espathra|spd|1\n|move|p1a: Clodsire|Stealth Rock|p2a: Espathra\n|-sidestart|p2: zvbcv|move: Stealth Rock\n|\n|-heal|p2a: Espathra|88\/100|[from] item: Leftovers\n|-ability|p2a: Espathra|Speed Boost|boost\n|-boost|p2a: Espathra|spe|1\n|upkeep\n|turn|3\n|\n|t:|1700497159\n|move|p2a: Espathra|Calm Mind|p2a: Espathra\n|-boost|p2a: Espathra|spa|1\n|-boost|p2a: Espathra|spd|1\n|move|p1a: Clodsire|Toxic Spikes|p2a: Espathra\n|-sidestart|p2: zvbcv|move: Toxic Spikes\n|\n|-heal|p2a: Espathra|94\/100|[from] item: Leftovers\n|-ability|p2a: Espathra|Speed Boost|boost\n|-boost|p2a: Espathra|spe|1\n|upkeep\n|turn|4\n|\n|t:|1700497167\n|move|p2a: Espathra|Calm Mind|p2a: Espathra\n|-boost|p2a: Espathra|spa|1\n|-boost|p2a: Espathra|spd|1\n|move|p1a: Clodsire|Stealth Rock||[still]\n|-fail|p1a: Clodsire\n|\n|-heal|p2a: Espathra|99\/100|[from] item: Leftovers\n|-ability|p2a: Espathra|Speed Boost|boost\n|-boost|p2a: Espathra|spe|1\n|upkeep\n|turn|5\n|\n|t:|1700497182\n|move|p2a: Espathra|Protect|p2a: Espathra\n|-singleturn|p2a: Espathra|Protect\n|move|p1a: Clodsire|Endure||[still]\n|-fail|p1a: Clodsire\n|\n|-heal|p2a: Espathra|100\/100|[from] item: Leftovers\n|-ability|p2a: Espathra|Speed Boost|boost\n|-boost|p2a: Espathra|spe|1\n|upkeep\n|turn|6\n|\n|t:|1700497191\n|move|p1a: Clodsire|Endure|p1a: Clodsire\n|-singleturn|p1a: Clodsire|move: Endure\n|move|p2a: Espathra|Calm Mind|p2a: Espathra\n|-boost|p2a: Espathra|spa|1\n|-boost|p2a: Espathra|spd|1\n|\n|-ability|p2a: Espathra|Speed Boost|boost\n|-boost|p2a: Espathra|spe|1\n|upkeep\n|turn|7\n|\n|t:|1700497200\n|move|p1a: Clodsire|Endure||[still]\n|-fail|p1a: Clodsire\n|move|p2a: Espathra|Calm Mind|p2a: Espathra\n|-boost|p2a: Espathra|spa|1\n|-boost|p2a: Espathra|spd|1\n|\n|upkeep\n|turn|8\n|\n|t:|1700497206\n|move|p1a: Clodsire|Endure|p1a: Clodsire\n|-singleturn|p1a: Clodsire|move: Endure\n|move|p2a: Espathra|Calm Mind|p2a: Espathra\n|-boost|p2a: Espathra|spa|1\n|-boost|p2a: Espathra|spd|1\n|\n|upkeep\n|turn|9\n|\n|t:|1700497211\n|move|p1a: Clodsire|Endure||[still]\n|-fail|p1a: Clodsire\n|move|p2a: Espathra|Baton Pass|p2a: Espathra\n|\n|t:|1700497216\n|switch|p2a: Clefable|Clefable, M, shiny|100\/100|[from] Baton Pass\n|-status|p2a: Clefable|tox\n|\n|upkeep\n|turn|10\n|\n|t:|1700497223\n|move|p1a: Clodsire|Endure|p1a: Clodsire\n|-singleturn|p1a: Clodsire|move: Endure\n|move|p2a: Clefable|Stored Power|p1a: Clodsire\n|-supereffective|p1a: Clodsire\n|-activate|p1a: Clodsire|move: Endure\n|-damage|p1a: Clodsire|1\/100\n|\n|upkeep\n|turn|11\n|\n|t:|1700497233\n|move|p1a: Clodsire|Endure||[still]\n|-fail|p1a: Clodsire\n|move|p2a: Clefable|Stored Power|p1a: Clodsire\n|-supereffective|p1a: Clodsire\n|-damage|p1a: Clodsire|0 fnt\n|faint|p1a: Clodsire\n|\n|upkeep\n|\n|t:|1700497241\n|switch|p1a: Gengar|Gengar, F|100\/100\n|turn|12\n|\n|t:|1700497244\n|move|p2a: Clefable|Stored Power|p1a: Gengar\n|-supereffective|p1a: Gengar\n|-damage|p1a: Gengar|0 fnt\n|faint|p1a: Gengar\n|\n|upkeep\n|\n|t:|1700497250\n|switch|p1a: Dragapult|Dragapult, M, shiny|100\/100\n|turn|13\n|\n|t:|1700497263\n|move|p2a: Clefable|Draining Kiss|p1a: Dragapult\n|-supereffective|p1a: Dragapult\n|-damage|p1a: Dragapult|0 fnt\n|faint|p1a: Dragapult\n|\n|upkeep\n|\n|t:|1700497269\n|switch|p1a: Walking Wake|Walking Wake|100\/100\n|turn|14\n|\n|t:|1700497285\n|move|p2a: Clefable|Draining Kiss|p1a: Walking Wake\n|-supereffective|p1a: Walking Wake\n|-damage|p1a: Walking Wake|0 fnt\n|faint|p1a: Walking Wake\n|-end|p1a: Walking Wake|Protosynthesis|[silent]\n|\n|upkeep\n|\n|t:|1700497291\n|switch|p1a: Greninja|Greninja, M, shiny|100\/100\n|turn|15\n|\n|t:|1700497295\n|move|p1a: Greninja|Water Shuriken|p2a: Clefable\n|-activate|p2a: Clefable|move: Substitute|[damage]\n|-activate|p2a: Clefable|move: Substitute|[damage]\n|-activate|p2a: Clefable|move: Substitute|[damage]\n|-activate|p2a: Clefable|move: Substitute|[damage]\n|-activate|p2a: Clefable|move: Substitute|[damage]\n|-hitcount|p2a: Clefable|5\n|move|p2a: Clefable|Draining Kiss|p1a: Greninja\n|-supereffective|p1a: Greninja\n|-damage|p1a: Greninja|0 fnt\n|faint|p1a: Greninja\n|\n|upkeep\n|\n|t:|1700497307\n|switch|p1a: Ceruledge|Ceruledge, F|100\/100\n|turn|16\n|\n|t:|1700497328\n|-terastallize|p1a: Ceruledge|Fire\n|move|p2a: Clefable|Stored Power|p1a: Ceruledge\n|-damage|p1a: Ceruledge|0 fnt\n|faint|p1a: Ceruledge\n|\n|win|zvbcv\n|raw|hello3498383's rating: 1058 &rarr; <strong>1041<\/strong><br \/>(-17 for losing)\n|raw|zvbcv's rating: 1086 &rarr; <strong>1111<\/strong><br \/>(+25 for winning)\n","uploadtime":1700497331,"views":0,"p1id":"hello3498383","p2id":"zvbcv","formatid":"gen9anythinggoes","rating":1041,"private":0,"password":""}