{"id":"gen9anythinggoes-1992333116","p1":"SizorLyncs","p2":"supergamer45676","format":"[Gen 9] Anything Goes","log":"|j|\u2606SizorLyncs\n|j|\u2606supergamer45676\n|t:|1700175680\n|gametype|singles\n|player|p1|SizorLyncs|101|1102\n|player|p2|supergamer45676|unknown|1053\n|teamsize|p1|6\n|teamsize|p2|6\n|gen|9\n|tier|[Gen 9] Anything Goes\n|rated|\n|rule|HP Percentage Mod: HP is shown in percentages\n|rule|Endless Battle Clause: Forcing endless battles is banned\n|clearpoke\n|poke|p1|Skeledirge, M|\n|poke|p1|Lucario, M|\n|poke|p1|Iron Valiant|\n|poke|p1|Annihilape, M|\n|poke|p1|Chien-Pao|\n|poke|p1|Iron Hands|\n|poke|p2|Shaymin-Sky|\n|poke|p2|Annihilape, M|\n|poke|p2|Iron Leaves|\n|poke|p2|Pincurchin, M|\n|poke|p2|Kingambit, M|\n|poke|p2|Garganacl, M|\n|teampreview\n|inactive|Battle timer is ON: inactive players will automatically lose when time's up. (requested by supergamer45676)\n|\n|t:|1700175733\n|start\n|switch|p1a: Chien-Pao|Chien-Pao|100\/100\n|switch|p2a: Garganacl|Garganacl, M, shiny|100\/100\n|-ability|p1a: Chien-Pao|Sword of Ruin\n|turn|1\n|\n|t:|1700175744\n|move|p1a: Chien-Pao|Ice Shard|p2a: Garganacl\n|-damage|p2a: Garganacl|87\/100\n|move|p2a: Garganacl|Salt Cure|p1a: Chien-Pao\n|-supereffective|p1a: Chien-Pao\n|-damage|p1a: Chien-Pao|62\/100\n|-start|p1a: Chien-Pao|Salt Cure\n|\n|-heal|p2a: Garganacl|93\/100|[from] item: Leftovers\n|-damage|p1a: Chien-Pao|50\/100|[from] Salt Cure\n|upkeep\n|turn|2\n|\n|t:|1700175754\n|move|p1a: Chien-Pao|Sacred Sword|p2a: Garganacl\n|-supereffective|p2a: Garganacl\n|-damage|p2a: Garganacl|52\/100\n|move|p2a: Garganacl|Substitute|p2a: Garganacl\n|-start|p2a: Garganacl|Substitute\n|-damage|p2a: Garganacl|27\/100\n|\n|-heal|p2a: Garganacl|34\/100|[from] item: Leftovers\n|-damage|p1a: Chien-Pao|37\/100|[from] Salt Cure\n|upkeep\n|turn|3\n|\n|t:|1700175764\n|move|p1a: Chien-Pao|Sacred Sword|p2a: Garganacl\n|-supereffective|p2a: Garganacl\n|-end|p2a: Garganacl|Substitute\n|move|p2a: Garganacl|Recover|p2a: Garganacl\n|-heal|p2a: Garganacl|84\/100\n|\n|-heal|p2a: Garganacl|90\/100|[from] item: Leftovers\n|-damage|p1a: Chien-Pao|25\/100|[from] Salt Cure\n|upkeep\n|turn|4\n|\n|t:|1700175786\n|move|p2a: Garganacl|Protect|p2a: Garganacl\n|-singleturn|p2a: Garganacl|Protect\n|move|p1a: Chien-Pao|Sacred Sword|p2a: Garganacl\n|-activate|p2a: Garganacl|move: Protect\n|\n|-heal|p2a: Garganacl|96\/100|[from] item: Leftovers\n|-damage|p1a: Chien-Pao|13\/100|[from] Salt Cure\n|upkeep\n|turn|5\n|\n|t:|1700175796\n|move|p1a: Chien-Pao|Sacred Sword|p2a: Garganacl\n|-supereffective|p2a: Garganacl\n|-damage|p2a: Garganacl|57\/100\n|move|p2a: Garganacl|Substitute|p2a: Garganacl\n|-start|p2a: Garganacl|Substitute\n|-damage|p2a: Garganacl|32\/100\n|\n|-heal|p2a: Garganacl|39\/100|[from] item: Leftovers\n|-damage|p1a: Chien-Pao|0 fnt|[from] Salt Cure\n|faint|p1a: Chien-Pao\n|upkeep\n|\n|t:|1700175815\n|switch|p1a: Annihilape|Annihilape, M|100\/100\n|turn|6\n|\n|t:|1700175824\n|move|p1a: Annihilape|Metronome|p1a: Annihilape\n|move|p1a: Annihilape|Night Daze|p2a: Garganacl|[from]move: Metronome\n|-activate|p2a: Garganacl|move: Substitute|[damage]\n|move|p2a: Garganacl|Salt Cure|p1a: Annihilape\n|-resisted|p1a: Annihilape\n|-damage|p1a: Annihilape|91\/100\n|-start|p1a: Annihilape|Salt Cure\n|\n|-heal|p2a: Garganacl|45\/100|[from] item: Leftovers\n|-damage|p1a: Annihilape|79\/100|[from] Salt Cure\n|upkeep\n|turn|7\n|\n|t:|1700175840\n|move|p1a: Annihilape|Focus Blast|p2a: Garganacl\n|-supereffective|p2a: Garganacl\n|-end|p2a: Garganacl|Substitute\n|move|p2a: Garganacl|Recover|p2a: Garganacl\n|-heal|p2a: Garganacl|95\/100\n|\n|-heal|p2a: Garganacl|100\/100|[from] item: Leftovers\n|-damage|p1a: Annihilape|66\/100|[from] Salt Cure\n|upkeep\n|turn|8\n|\n|t:|1700175849\n|move|p2a: Garganacl|Protect|p2a: Garganacl\n|-singleturn|p2a: Garganacl|Protect\n|move|p1a: Annihilape|Focus Blast|p2a: Garganacl\n|-activate|p2a: Garganacl|move: Protect\n|\n|-damage|p1a: Annihilape|54\/100|[from] Salt Cure\n|upkeep\n|turn|9\n|\n|t:|1700175860\n|move|p1a: Annihilape|Focus Blast|p2a: Garganacl|[miss]\n|-miss|p1a: Annihilape|p2a: Garganacl\n|move|p2a: Garganacl|Recover||[still]\n|-fail|p2a: Garganacl|heal\n|\n|-damage|p1a: Annihilape|41\/100|[from] Salt Cure\n|upkeep\n|turn|10\n|\n|t:|1700175868\n|move|p2a: Garganacl|Protect|p2a: Garganacl\n|-singleturn|p2a: Garganacl|Protect\n|move|p1a: Annihilape|Focus Blast|p2a: Garganacl\n|-activate|p2a: Garganacl|move: Protect\n|\n|-damage|p1a: Annihilape|29\/100|[from] Salt Cure\n|upkeep\n|turn|11\n|\n|t:|1700175878\n|move|p1a: Annihilape|Focus Blast|p2a: Garganacl|[miss]\n|-miss|p1a: Annihilape|p2a: Garganacl\n|move|p2a: Garganacl|Substitute|p2a: Garganacl\n|-start|p2a: Garganacl|Substitute\n|-damage|p2a: Garganacl|75\/100\n|\n|-heal|p2a: Garganacl|82\/100|[from] item: Leftovers\n|-damage|p1a: Annihilape|16\/100|[from] Salt Cure\n|upkeep\n|turn|12\n|\n|t:|1700175895\n|move|p2a: Garganacl|Protect|p2a: Garganacl\n|-singleturn|p2a: Garganacl|Protect\n|move|p1a: Annihilape|Metronome|p1a: Annihilape\n|move|p1a: Annihilape|Recover|p1a: Annihilape|[from]move: Metronome\n|-heal|p1a: Annihilape|66\/100\n|\n|-heal|p2a: Garganacl|88\/100|[from] item: Leftovers\n|-damage|p1a: Annihilape|54\/100|[from] Salt Cure\n|upkeep\n|turn|13\n|\n|t:|1700175906\n|move|p1a: Annihilape|Focus Blast|p2a: Garganacl\n|-supereffective|p2a: Garganacl\n|-end|p2a: Garganacl|Substitute\n|move|p2a: Garganacl|Salt Cure|p1a: Annihilape\n|-resisted|p1a: Annihilape\n|-damage|p1a: Annihilape|46\/100\n|\n|-heal|p2a: Garganacl|94\/100|[from] item: Leftovers\n|-damage|p1a: Annihilape|33\/100|[from] Salt Cure\n|upkeep\n|turn|14\n|\n|t:|1700175917\n|move|p2a: Garganacl|Protect|p2a: Garganacl\n|-singleturn|p2a: Garganacl|Protect\n|move|p1a: Annihilape|Metronome|p1a: Annihilape\n|move|p1a: Annihilape|Fire Spin|p2a: Garganacl|[from]move: Metronome\n|-activate|p2a: Garganacl|move: Protect\n|\n|-heal|p2a: Garganacl|99\/100|[from] item: Leftovers\n|-damage|p1a: Annihilape|21\/100|[from] Salt Cure\n|upkeep\n|turn|15\n|\n|t:|1700175927\n|move|p1a: Annihilape|Focus Blast|p2a: Garganacl\n|-supereffective|p2a: Garganacl\n|-damage|p2a: Garganacl|46\/100\n|move|p2a: Garganacl|Substitute|p2a: Garganacl\n|-start|p2a: Garganacl|Substitute\n|-damage|p2a: Garganacl|21\/100\n|\n|-heal|p2a: Garganacl|27\/100|[from] item: Leftovers\n|-damage|p1a: Annihilape|8\/100|[from] Salt Cure\n|upkeep\n|turn|16\n|\n|t:|1700175937\n|move|p2a: Garganacl|Protect|p2a: Garganacl\n|-singleturn|p2a: Garganacl|Protect\n|move|p1a: Annihilape|Metronome|p1a: Annihilape\n|move|p1a: Annihilape|Volt Switch|p2a: Garganacl|[from]move: Metronome\n|-activate|p2a: Garganacl|move: Protect\n|\n|-heal|p2a: Garganacl|34\/100|[from] item: Leftovers\n|-damage|p1a: Annihilape|0 fnt|[from] Salt Cure\n|faint|p1a: Annihilape\n|upkeep\n|\n|t:|1700175960\n|switch|p1a: Lucario|Lucario, M|100\/100\n|turn|17\n|\n|t:|1700175965\n|move|p1a: Lucario|Extreme Speed|p2a: Garganacl\n|-resisted|p2a: Garganacl\n|-crit|p2a: Garganacl\n|-activate|p2a: Garganacl|move: Substitute|[damage]\n|move|p2a: Garganacl|Salt Cure|p1a: Lucario\n|-resisted|p1a: Lucario\n|-damage|p1a: Lucario|94\/100\n|-start|p1a: Lucario|Salt Cure\n|\n|-heal|p2a: Garganacl|40\/100|[from] item: Leftovers\n|-damage|p1a: Lucario|69\/100|[from] Salt Cure\n|upkeep\n|turn|18\n|\n|t:|1700175977\n|move|p2a: Garganacl|Protect|p2a: Garganacl\n|-singleturn|p2a: Garganacl|Protect\n|move|p1a: Lucario|Extreme Speed|p2a: Garganacl\n|-activate|p2a: Garganacl|move: Protect\n|\n|-heal|p2a: Garganacl|46\/100|[from] item: Leftovers\n|-damage|p1a: Lucario|44\/100|[from] Salt Cure\n|upkeep\n|turn|19\n|\n|t:|1700175986\n|move|p1a: Lucario|Extreme Speed|p2a: Garganacl\n|-resisted|p2a: Garganacl\n|-activate|p2a: Garganacl|move: Substitute|[damage]\n|move|p2a: Garganacl|Recover|p2a: Garganacl\n|-heal|p2a: Garganacl|96\/100\n|\n|-heal|p2a: Garganacl|100\/100|[from] item: Leftovers\n|-damage|p1a: Lucario|19\/100|[from] Salt Cure\n|upkeep\n|turn|20\n|\n|t:|1700175999\n|move|p2a: Garganacl|Protect|p2a: Garganacl\n|-singleturn|p2a: Garganacl|Protect\n|move|p1a: Lucario|Extreme Speed|p2a: Garganacl\n|-activate|p2a: Garganacl|move: Protect\n|\n|-damage|p1a: Lucario|0 fnt|[from] Salt Cure\n|faint|p1a: Lucario\n|upkeep\n|\n|t:|1700176015\n|switch|p1a: Iron Hands|Iron Hands|100\/100\n|turn|21\n|\n|t:|1700176027\n|move|p1a: Iron Hands|Iron Defense|p1a: Iron Hands\n|-boost|p1a: Iron Hands|def|2\n|move|p2a: Garganacl|Salt Cure|p1a: Iron Hands\n|-resisted|p1a: Iron Hands\n|-damage|p1a: Iron Hands|98\/100\n|-start|p1a: Iron Hands|Salt Cure\n|\n|-damage|p1a: Iron Hands|86\/100|[from] Salt Cure\n|upkeep\n|turn|22\n|\n|t:|1700176036\n|move|p2a: Garganacl|Protect|p2a: Garganacl\n|-singleturn|p2a: Garganacl|Protect\n|move|p1a: Iron Hands|Iron Defense|p1a: Iron Hands\n|-boost|p1a: Iron Hands|def|2\n|\n|-damage|p1a: Iron Hands|74\/100|[from] Salt Cure\n|upkeep\n|turn|23\n|\n|t:|1700176045\n|move|p1a: Iron Hands|Iron Defense|p1a: Iron Hands\n|-boost|p1a: Iron Hands|def|2\n|move|p2a: Garganacl|Salt Cure|p1a: Iron Hands\n|-resisted|p1a: Iron Hands\n|-damage|p1a: Iron Hands|73\/100\n|\n|-damage|p1a: Iron Hands|60\/100|[from] Salt Cure\n|upkeep\n|turn|24\n|\n|t:|1700176063\n|move|p1a: Iron Hands|Body Press|p2a: Garganacl\n|-supereffective|p2a: Garganacl\n|-end|p2a: Garganacl|Substitute\n|move|p2a: Garganacl|Salt Cure|p1a: Iron Hands\n|-resisted|p1a: Iron Hands\n|-damage|p1a: Iron Hands|59\/100\n|\n|-damage|p1a: Iron Hands|47\/100|[from] Salt Cure\n|upkeep\n|turn|25\n|\n|t:|1700176073\n|move|p2a: Garganacl|Protect|p2a: Garganacl\n|-singleturn|p2a: Garganacl|Protect\n|move|p1a: Iron Hands|Substitute|p1a: Iron Hands\n|-start|p1a: Iron Hands|Substitute\n|-damage|p1a: Iron Hands|22\/100\n|\n|-damage|p1a: Iron Hands|10\/100|[from] Salt Cure\n|upkeep\n|turn|26\n|\n|t:|1700176082\n|move|p1a: Iron Hands|Body Press|p2a: Garganacl\n|-supereffective|p2a: Garganacl\n|-damage|p2a: Garganacl|0 fnt\n|faint|p2a: Garganacl\n|\n|-damage|p1a: Iron Hands|0 fnt|[from] Salt Cure\n|faint|p1a: Iron Hands\n|-end|p1a: Iron Hands|Quark Drive|[silent]\n|upkeep\n|\n|t:|1700176097\n|switch|p1a: Skeledirge|Skeledirge, M|100\/100\n|switch|p2a: Shaymin|Shaymin-Sky, shiny|100\/100\n|turn|27\n|\n|t:|1700176118\n|move|p2a: Shaymin|Tailwind|p2a: Shaymin\n|-sidestart|p2: supergamer45676|move: Tailwind\n|move|p1a: Skeledirge|Torch Song|p2a: Shaymin\n|-supereffective|p2a: Shaymin\n|-damage|p2a: Shaymin|26\/100\n|-boost|p1a: Skeledirge|spa|1\n|\n|upkeep\n|turn|28\n|\n|t:|1700176127\n|move|p2a: Shaymin|Leech Seed|p1a: Skeledirge\n|-start|p1a: Skeledirge|move: Leech Seed\n|move|p1a: Skeledirge|Torch Song|p2a: Shaymin\n|-supereffective|p2a: Shaymin\n|-damage|p2a: Shaymin|0 fnt\n|-boost|p1a: Skeledirge|spa|1\n|faint|p2a: Shaymin\n|\n|upkeep\n|\n|t:|1700176135\n|switch|p2a: Pincurchin|Pincurchin, M, shiny|100\/100\n|-fieldstart|move: Electric Terrain|[from] ability: Electric Surge|[of] p2a: Pincurchin\n|turn|29\n|\n|t:|1700176143\n|-terastallize|p1a: Skeledirge|Fire\n|move|p1a: Skeledirge|Torch Song|p2a: Pincurchin\n|-damage|p2a: Pincurchin|0 fnt\n|-boost|p1a: Skeledirge|spa|1\n|faint|p2a: Pincurchin\n|\n|upkeep\n|\n|t:|1700176151\n|switch|p2a: Iron Leaves|Iron Leaves|100\/100\n|-activate|p2a: Iron Leaves|ability: Quark Drive\n|-start|p2a: Iron Leaves|quarkdrivespd\n|turn|30\n|\n|t:|1700176157\n|-terastallize|p2a: Iron Leaves|Psychic\n|move|p2a: Iron Leaves|Psyblade|p1a: Skeledirge\n|-damage|p1a: Skeledirge|51\/100\n|move|p1a: Skeledirge|Torch Song|p2a: Iron Leaves\n|-damage|p2a: Iron Leaves|23\/100\n|-boost|p1a: Skeledirge|spa|1\n|\n|-damage|p1a: Skeledirge|38\/100|[from] Leech Seed|[of] p2a: Iron Leaves\n|-heal|p2a: Iron Leaves|39\/100|[silent]\n|-sideend|p2: supergamer45676|move: Tailwind\n|upkeep\n|turn|31\n|\n|t:|1700176174\n|move|p2a: Iron Leaves|Psyblade|p1a: Skeledirge\n|-damage|p1a: Skeledirge|0 fnt\n|faint|p1a: Skeledirge\n|\n|upkeep\n|\n|t:|1700176179\n|switch|p1a: Iron Valiant|Iron Valiant|100\/100\n|-activate|p1a: Iron Valiant|ability: Quark Drive\n|-start|p1a: Iron Valiant|quarkdrivespe\n|turn|32\n|\n|t:|1700176189\n|move|p2a: Iron Leaves|Protect|p2a: Iron Leaves\n|-singleturn|p2a: Iron Leaves|Protect\n|move|p1a: Iron Valiant|Thunder Wave|p2a: Iron Leaves\n|-activate|p2a: Iron Leaves|move: Protect\n|\n|upkeep\n|turn|33\n|\n|t:|1700176195\n|move|p1a: Iron Valiant|Thunder Wave|p2a: Iron Leaves\n|-status|p2a: Iron Leaves|par\n|move|p2a: Iron Leaves|Psyblade|p1a: Iron Valiant\n|-supereffective|p1a: Iron Valiant\n|-damage|p1a: Iron Valiant|0 fnt\n|faint|p1a: Iron Valiant\n|-end|p1a: Iron Valiant|Quark Drive|[silent]\n|\n|win|supergamer45676\n|raw|SizorLyncs's rating: 1102 &rarr; <strong>1073<\/strong><br \/>(-29 for losing)\n|raw|supergamer45676's rating: 1053 &rarr; <strong>1090<\/strong><br \/>(+37 for winning)\n|l|\u2606SizorLyncs\n","uploadtime":1700176206,"views":6,"p1id":"sizorlyncs","p2id":"supergamer45676","formatid":"gen9anythinggoes","rating":1073,"private":0,"password":""}