{"id":"gen9anythinggoes-1988714609","p1":"AGisgood\u82cd\u54cd\u4fa0","p2":"Lord Rekkuza","format":"[Gen 9] Anything Goes","log":"|j|\u2606AGisgood\u82cd\u54cd\u4fa0\n|j|\u2606Lord Rekkuza\n|t:|1699753980\n|gametype|singles\n|player|p1|AGisgood\u82cd\u54cd\u4fa0|cowgirl|1756\n|player|p2|Lord Rekkuza|lance-masters|1831\n|teamsize|p1|6\n|teamsize|p2|6\n|gen|9\n|tier|[Gen 9] Anything Goes\n|rated|\n|rule|HP Percentage Mod: HP is shown in percentages\n|rule|Endless Battle Clause: Forcing endless battles is banned\n|clearpoke\n|poke|p1|Kyogre|\n|poke|p1|Calyrex-Ice|\n|poke|p1|Arceus|\n|poke|p1|Arceus-Fairy|\n|poke|p1|Koraidon|\n|poke|p1|Ursaluna-Bloodmoon, M|\n|poke|p2|Iron Treads|\n|poke|p2|Koraidon|\n|poke|p2|Arceus-Dark|\n|poke|p2|Skeledirge, M|\n|poke|p2|Eternatus|\n|poke|p2|Ting-Lu|\n|teampreview\n|inactive|Battle timer is ON: inactive players will automatically lose when time's up. (requested by AGisgood\u82cd\u54cd\u4fa0)\n|inactive|Lord Rekkuza has 120 seconds left.\n|\n|t:|1699754012\n|start\n|switch|p1a: Koraidon|Koraidon|100\/100\n|switch|p2a: Eternatus|Eternatus, shiny|100\/100\n|-weather|SunnyDay|[from] ability: Orichalcum Pulse|[of] p1a: Koraidon\n|-activate|p1a: Koraidon|Orichalcum Pulse|[source]\n|-ability|p2a: Eternatus|Pressure\n|turn|1\n|\n|t:|1699754020\n|switch|p2a: Skeledirge|Skeledirge, M|100\/100\n|move|p1a: Koraidon|Outrage|p2a: Skeledirge\n|-damage|p2a: Skeledirge|46\/100\n|\n|-weather|SunnyDay|[upkeep]\n|upkeep\n|turn|2\n|\n|t:|1699754032\n|switch|p2a: Iron Treads|Iron Treads|100\/100\n|move|p1a: Koraidon|Outrage|p2a: Iron Treads|[from]lockedmove\n|-resisted|p2a: Iron Treads\n|-damage|p2a: Iron Treads|62\/100\n|-start|p1a: Koraidon|confusion|[fatigue]\n|\n|-weather|SunnyDay|[upkeep]\n|-heal|p2a: Iron Treads|68\/100|[from] item: Leftovers\n|upkeep\n|turn|3\n|\n|t:|1699754043\n|switch|p1a: Arceus|Arceus|100\/100\n|-end|p2a: Iron Treads|Quark Drive|[silent]\n|switch|p2a: Eternatus|Eternatus, shiny|100\/100\n|-ability|p2a: Eternatus|Pressure\n|\n|-weather|SunnyDay|[upkeep]\n|upkeep\n|turn|4\n|\n|t:|1699754052\n|switch|p1a: Koraidon|Koraidon|100\/100\n|-activate|p1a: Koraidon|ability: Orichalcum Pulse\n|move|p2a: Eternatus|Toxic Spikes|p1a: Koraidon\n|-sidestart|p1: AGisgood\u82cd\u54cd\u4fa0|move: Toxic Spikes\n|\n|-weather|SunnyDay|[upkeep]\n|upkeep\n|turn|5\n|\n|t:|1699754057\n|switch|p2a: Iron Treads|Iron Treads|68\/100\n|move|p1a: Koraidon|Outrage|p2a: Iron Treads\n|-resisted|p2a: Iron Treads\n|-damage|p2a: Iron Treads|33\/100\n|\n|-weather|none\n|-heal|p2a: Iron Treads|39\/100|[from] item: Leftovers\n|upkeep\n|turn|6\n|\n|t:|1699754067\n|move|p1a: Koraidon|Outrage|p2a: Iron Treads|[from]lockedmove\n|-resisted|p2a: Iron Treads\n|-damage|p2a: Iron Treads|14\/100\n|move|p2a: Iron Treads|Earthquake|p1a: Koraidon\n|-damage|p1a: Koraidon|64\/100\n|\n|-heal|p2a: Iron Treads|20\/100|[from] item: Leftovers\n|upkeep\n|turn|7\n|\n|t:|1699754073\n|move|p1a: Koraidon|Outrage|p2a: Iron Treads|[from]lockedmove\n|-resisted|p2a: Iron Treads\n|-damage|p2a: Iron Treads|0 fnt\n|faint|p2a: Iron Treads\n|-end|p2a: Iron Treads|Quark Drive|[silent]\n|-start|p1a: Koraidon|confusion|[fatigue]\n|\n|upkeep\n|\n|t:|1699754083\n|switch|p2a: Skeledirge|Skeledirge, M|46\/100\n|turn|8\n|\n|t:|1699754085\n|-activate|p1a: Koraidon|confusion\n|move|p1a: Koraidon|Outrage|p2a: Skeledirge\n|-damage|p2a: Skeledirge|11\/100\n|move|p2a: Skeledirge|Slack Off|p2a: Skeledirge\n|-heal|p2a: Skeledirge|61\/100\n|\n|upkeep\n|turn|9\n|\n|t:|1699754090\n|-activate|p1a: Koraidon|confusion\n|move|p1a: Koraidon|Outrage|p2a: Skeledirge|[from]lockedmove\n|-damage|p2a: Skeledirge|20\/100\n|move|p2a: Skeledirge|Slack Off|p2a: Skeledirge\n|-heal|p2a: Skeledirge|70\/100\n|\n|upkeep\n|turn|10\n|\n|t:|1699754097\n|switch|p1a: Arceus|Arceus-Fairy|100\/100\n|-status|p1a: Arceus|psn\n|move|p2a: Skeledirge|Slack Off|p2a: Skeledirge\n|-heal|p2a: Skeledirge|100\/100\n|\n|-damage|p1a: Arceus|88\/100 psn|[from] psn\n|upkeep\n|turn|11\n|\n|t:|1699754110\n|switch|p2a: Eternatus|Eternatus, shiny|100\/100\n|-ability|p2a: Eternatus|Pressure\n|move|p1a: Arceus|Taunt|p2a: Eternatus\n|-start|p2a: Eternatus|move: Taunt\n|\n|-damage|p1a: Arceus|76\/100 psn|[from] psn\n|upkeep\n|turn|12\n|\n|t:|1699754118\n|move|p2a: Eternatus|Sludge Bomb|p1a: Arceus\n|-supereffective|p1a: Arceus\n|-damage|p1a: Arceus|33\/100 psn\n|move|p1a: Arceus|Trick Room|p1a: Arceus\n|-fieldstart|move: Trick Room|[of] p1a: Arceus\n|\n|-damage|p1a: Arceus|21\/100 psn|[from] psn\n|upkeep\n|turn|13\n|\n|t:|1699754129\n|switch|p2a: Ting-Lu|Ting-Lu|100\/100\n|-ability|p2a: Ting-Lu|Vessel of Ruin\n|move|p1a: Arceus|Healing Wish|p1a: Arceus\n|faint|p1a: Arceus\n|\n|upkeep\n|\n|t:|1699754135\n|switch|p1a: Kyogre|Kyogre|100\/100\n|-status|p1a: Kyogre|psn\n|-weather|RainDance|[from] ability: Drizzle|[of] p1a: Kyogre\n|turn|14\n|j| Primordiallite\n|\n|t:|1699754144\n|switch|p2a: Koraidon|Koraidon|100\/100\n|-weather|SunnyDay|[from] ability: Orichalcum Pulse|[of] p2a: Koraidon\n|-activate|p2a: Koraidon|Orichalcum Pulse|[source]\n|move|p1a: Kyogre|Water Spout|p2a: Koraidon\n|-resisted|p2a: Koraidon\n|-damage|p2a: Koraidon|67\/100\n|\n|-weather|SunnyDay|[upkeep]\n|-damage|p1a: Kyogre|88\/100 psn|[from] psn\n|upkeep\n|turn|15\n|j| Dregone\n|\n|t:|1699754149\n|switch|p1a: Ursaluna|Ursaluna-Bloodmoon, M|100\/100\n|-status|p1a: Ursaluna|psn\n|switch|p2a: Arceus|Arceus-Dark|100\/100\n|\n|-weather|SunnyDay|[upkeep]\n|-damage|p1a: Ursaluna|88\/100 psn|[from] psn\n|upkeep\n|turn|16\n|\n|t:|1699754156\n|move|p1a: Ursaluna|Blood Moon|p2a: Arceus\n|-damage|p2a: Arceus|26\/100\n|-damage|p1a: Ursaluna|78\/100 psn|[from] item: Life Orb\n|move|p2a: Arceus|Recover|p2a: Arceus\n|-heal|p2a: Arceus|76\/100\n|\n|-weather|SunnyDay|[upkeep]\n|-damage|p1a: Ursaluna|66\/100 psn|[from] psn\n|-fieldend|move: Trick Room\n|upkeep\n|turn|17\n|\n|t:|1699754162\n|switch|p1a: Koraidon|Koraidon|64\/100\n|-heal|p1a: Koraidon|100\/100|[from] move: Healing Wish\n|-status|p1a: Koraidon|psn\n|-activate|p1a: Koraidon|ability: Orichalcum Pulse\n|move|p2a: Arceus|Recover|p2a: Arceus\n|-heal|p2a: Arceus|100\/100\n|\n|-weather|SunnyDay|[upkeep]\n|-damage|p1a: Koraidon|88\/100 psn|[from] psn\n|upkeep\n|turn|18\n|\n|t:|1699754165\n|switch|p2a: Skeledirge|Skeledirge, M|100\/100\n|move|p1a: Koraidon|Outrage|p2a: Skeledirge\n|-damage|p2a: Skeledirge|53\/100\n|\n|-weather|none\n|-damage|p1a: Koraidon|76\/100 psn|[from] psn\n|upkeep\n|turn|19\n|\n|t:|1699754168\n|move|p1a: Koraidon|Outrage|p2a: Skeledirge|[from]lockedmove\n|-damage|p2a: Skeledirge|16\/100\n|-start|p1a: Koraidon|confusion|[fatigue]\n|move|p2a: Skeledirge|Slack Off|p2a: Skeledirge\n|-heal|p2a: Skeledirge|66\/100\n|\n|-damage|p1a: Koraidon|64\/100 psn|[from] psn\n|upkeep\n|turn|20\n|\n|t:|1699754174\n|switch|p1a: Kyogre|Kyogre|88\/100 psn\n|-weather|RainDance|[from] ability: Drizzle|[of] p1a: Kyogre\n|move|p2a: Skeledirge|Slack Off|p2a: Skeledirge\n|-heal|p2a: Skeledirge|100\/100\n|\n|-weather|RainDance|[upkeep]\n|-damage|p1a: Kyogre|76\/100 psn|[from] psn\n|upkeep\n|turn|21\n|\n|t:|1699754195\n|switch|p2a: Eternatus|Eternatus, shiny|100\/100\n|-ability|p2a: Eternatus|Pressure\n|move|p1a: Kyogre|Origin Pulse|p2a: Eternatus|[miss]\n|-miss|p1a: Kyogre|p2a: Eternatus\n|\n|-weather|RainDance|[upkeep]\n|-damage|p1a: Kyogre|63\/100 psn|[from] psn\n|upkeep\n|turn|22\n|\n|t:|1699754209\n|switch|p1a: Koraidon|Koraidon|64\/100 psn\n|-weather|SunnyDay|[from] ability: Orichalcum Pulse|[of] p1a: Koraidon\n|-activate|p1a: Koraidon|Orichalcum Pulse|[source]\n|move|p2a: Eternatus|Toxic Spikes|p1a: Koraidon\n|-sidestart|p1: AGisgood\u82cd\u54cd\u4fa0|move: Toxic Spikes\n|\n|-weather|SunnyDay|[upkeep]\n|-damage|p1a: Koraidon|51\/100 psn|[from] psn\n|upkeep\n|turn|23\n|\n|t:|1699754223\n|switch|p2a: Skeledirge|Skeledirge, M|100\/100\n|move|p1a: Koraidon|Outrage|p2a: Skeledirge\n|-damage|p2a: Skeledirge|45\/100\n|\n|-weather|SunnyDay|[upkeep]\n|-damage|p1a: Koraidon|39\/100 psn|[from] psn\n|upkeep\n|turn|24\n|\n|t:|1699754238\n|-terastallize|p2a: Skeledirge|Fairy\n|move|p1a: Koraidon|Outrage|p2a: Skeledirge|[from]lockedmove\n|-immune|p2a: Skeledirge\n|-start|p1a: Koraidon|confusion|[fatigue]\n|move|p2a: Skeledirge|Slack Off|p2a: Skeledirge\n|-heal|p2a: Skeledirge|95\/100\n|\n|-weather|SunnyDay|[upkeep]\n|-damage|p1a: Koraidon|27\/100 psn|[from] psn\n|upkeep\n|turn|25\n|\n|t:|1699754244\n|switch|p1a: Ursaluna|Ursaluna-Bloodmoon, M|66\/100 psn\n|move|p2a: Skeledirge|Earth Power|p1a: Ursaluna\n|-damage|p1a: Ursaluna|41\/100 psn\n|\n|-weather|SunnyDay|[upkeep]\n|-damage|p1a: Ursaluna|28\/100 psn|[from] psn\n|upkeep\n|turn|26\n|\n|t:|1699754258\n|switch|p2a: Ting-Lu|Ting-Lu|100\/100\n|-ability|p2a: Ting-Lu|Vessel of Ruin\n|move|p1a: Ursaluna|Blood Moon|p2a: Ting-Lu\n|-damage|p2a: Ting-Lu|58\/100\n|-damage|p1a: Ursaluna|18\/100 psn|[from] item: Life Orb\n|\n|-weather|none\n|-heal|p2a: Ting-Lu|64\/100|[from] item: Leftovers\n|-damage|p1a: Ursaluna|6\/100 psn|[from] psn\n|upkeep\n|turn|27\n|\n|t:|1699754265\n|move|p2a: Ting-Lu|Spikes|p1a: Ursaluna\n|-sidestart|p1: AGisgood\u82cd\u54cd\u4fa0|Spikes\n|move|p1a: Ursaluna|Earth Power|p2a: Ting-Lu\n|-damage|p2a: Ting-Lu|33\/100\n|-damage|p1a: Ursaluna|0 fnt|[from] item: Life Orb\n|faint|p1a: Ursaluna\n|\n|-heal|p2a: Ting-Lu|39\/100|[from] item: Leftovers\n|upkeep\n|\n|t:|1699754283\n|switch|p1a: Kyogre|Kyogre|63\/100 psn\n|-damage|p1a: Kyogre|51\/100 psn|[from] Spikes\n|-weather|RainDance|[from] ability: Drizzle|[of] p1a: Kyogre\n|turn|28\n|\n|t:|1699754288\n|switch|p2a: Eternatus|Eternatus, shiny|100\/100\n|-ability|p2a: Eternatus|Pressure\n|move|p1a: Kyogre|Ice Beam|p2a: Eternatus\n|-supereffective|p2a: Eternatus\n|-damage|p2a: Eternatus|43\/100\n|\n|-weather|RainDance|[upkeep]\n|-heal|p2a: Eternatus|49\/100|[from] item: Leftovers\n|-damage|p1a: Kyogre|39\/100 psn|[from] psn\n|upkeep\n|turn|29\n|\n|t:|1699754292\n|move|p2a: Eternatus|Recover|p2a: Eternatus\n|-heal|p2a: Eternatus|99\/100\n|move|p1a: Kyogre|Ice Beam|p2a: Eternatus\n|-supereffective|p2a: Eternatus\n|-damage|p2a: Eternatus|38\/100\n|\n|-weather|RainDance|[upkeep]\n|-heal|p2a: Eternatus|44\/100|[from] item: Leftovers\n|-damage|p1a: Kyogre|26\/100 psn|[from] psn\n|upkeep\n|turn|30\n|\n|t:|1699754297\n|switch|p1a: Arceus|Arceus|100\/100\n|-status|p1a: Arceus|tox\n|-damage|p1a: Arceus|88\/100 tox|[from] Spikes\n|move|p2a: Eternatus|Recover|p2a: Eternatus\n|-heal|p2a: Eternatus|94\/100\n|\n|-weather|RainDance|[upkeep]\n|-heal|p2a: Eternatus|99\/100|[from] item: Leftovers\n|-damage|p1a: Arceus|82\/100 tox|[from] psn\n|upkeep\n|turn|31\n|\n|t:|1699754302\n|switch|p2a: Arceus|Arceus-Dark|100\/100\n|move|p1a: Arceus|Trick Room|p1a: Arceus\n|-fieldstart|move: Trick Room|[of] p1a: Arceus\n|\n|-weather|RainDance|[upkeep]\n|-damage|p1a: Arceus|70\/100 tox|[from] psn\n|upkeep\n|turn|32\n|\n|t:|1699754306\n|move|p1a: Arceus|Healing Wish|p1a: Arceus\n|faint|p1a: Arceus\n|move|p2a: Arceus|Taunt|p1: Arceus|[notarget]\n|-fail|p2a: Arceus\n|\n|-weather|none\n|upkeep\n|\n|t:|1699754310\n|switch|p1a: Calyrex|Calyrex-Ice|100\/100\n|-ability|p1a: Calyrex|As One\n|-ability|p1a: Calyrex|Unnerve\n|-status|p1a: Calyrex|tox\n|-damage|p1a: Calyrex|88\/100 tox|[from] Spikes\n|turn|33\n|\n|t:|1699754315\n|-terastallize|p1a: Calyrex|Ice\n|move|p1a: Calyrex|Glacial Lance|p2a: Arceus\n|-damage|p2a: Arceus|25\/100\n|move|p2a: Arceus|Foul Play|p1a: Calyrex\n|-damage|p1a: Calyrex|43\/100 tox\n|\n|-damage|p1a: Calyrex|37\/100 tox|[from] psn\n|upkeep\n|turn|34\n|\n|t:|1699754328\n|move|p1a: Calyrex|Glacial Lance|p2a: Arceus\n|-damage|p2a: Arceus|0 fnt\n|faint|p2a: Arceus\n|-ability|p1a: Calyrex|Chilling Neigh|boost\n|-boost|p1a: Calyrex|atk|1\n|\n|-damage|p1a: Calyrex|24\/100 tox|[from] psn\n|upkeep\n|\n|t:|1699754330\n|switch|p2a: Skeledirge|Skeledirge, M, tera:Fairy|95\/100\n|turn|35\n|\n|t:|1699754340\n|move|p1a: Calyrex|Glacial Lance|p2a: Skeledirge\n|-damage|p2a: Skeledirge|0 fnt\n|faint|p2a: Skeledirge\n|-ability|p1a: Calyrex|Chilling Neigh|boost\n|-boost|p1a: Calyrex|atk|1\n|\n|-damage|p1a: Calyrex|6\/100 tox|[from] psn\n|-fieldend|move: Trick Room\n|upkeep\n|\n|t:|1699754347\n|switch|p2a: Koraidon|Koraidon|67\/100\n|-weather|SunnyDay|[from] ability: Orichalcum Pulse|[of] p2a: Koraidon\n|-activate|p2a: Koraidon|Orichalcum Pulse|[source]\n|turn|36\n|inactive|Lord Rekkuza has 120 seconds left.\n|\n|t:|1699754384\n|move|p2a: Koraidon|U-turn|p1a: Calyrex\n|-damage|p1a: Calyrex|0 fnt\n|faint|p1a: Calyrex\n|\n|t:|1699754386\n|switch|p2a: Eternatus|Eternatus, shiny|99\/100|[from] U-turn\n|-ability|p2a: Eternatus|Pressure\n|\n|-weather|SunnyDay|[upkeep]\n|-heal|p2a: Eternatus|100\/100|[from] item: Leftovers\n|upkeep\n|\n|t:|1699754389\n|switch|p1a: Koraidon|Koraidon|27\/100 psn\n|-heal|p1a: Koraidon|100\/100|[from] move: Healing Wish\n|-status|p1a: Koraidon|tox\n|-damage|p1a: Koraidon|88\/100 tox|[from] Spikes\n|-activate|p1a: Koraidon|ability: Orichalcum Pulse\n|turn|37\n|\n|t:|1699754403\n|switch|p2a: Ting-Lu|Ting-Lu|39\/100\n|-ability|p2a: Ting-Lu|Vessel of Ruin\n|move|p1a: Koraidon|Outrage|p2a: Ting-Lu\n|-damage|p2a: Ting-Lu|0 fnt\n|faint|p2a: Ting-Lu\n|\n|-weather|SunnyDay|[upkeep]\n|-damage|p1a: Koraidon|82\/100 tox|[from] psn\n|upkeep\n|\n|t:|1699754407\n|switch|p2a: Eternatus|Eternatus, shiny|100\/100\n|-ability|p2a: Eternatus|Pressure\n|turn|38\n|\n|t:|1699754410\n|move|p1a: Koraidon|Outrage|p2a: Eternatus|[from]lockedmove\n|-supereffective|p2a: Eternatus\n|-damage|p2a: Eternatus|0 fnt\n|faint|p2a: Eternatus\n|-start|p1a: Koraidon|confusion|[fatigue]\n|\n|-weather|SunnyDay|[upkeep]\n|-damage|p1a: Koraidon|70\/100 tox|[from] psn\n|upkeep\n|\n|t:|1699754412\n|switch|p2a: Koraidon|Koraidon|67\/100\n|-activate|p2a: Koraidon|ability: Orichalcum Pulse\n|turn|39\n|\n|t:|1699754419\n|switch|p1a: Kyogre|Kyogre|26\/100 psn\n|-damage|p1a: Kyogre|14\/100 psn|[from] Spikes\n|-weather|RainDance|[from] ability: Drizzle|[of] p1a: Kyogre\n|move|p2a: Koraidon|Outrage|p1a: Kyogre\n|-damage|p1a: Kyogre|0 fnt\n|faint|p1a: Kyogre\n|\n|-weather|RainDance|[upkeep]\n|upkeep\n|\n|t:|1699754421\n|switch|p1a: Koraidon|Koraidon|70\/100 tox\n|-damage|p1a: Koraidon|57\/100 tox|[from] Spikes\n|-weather|SunnyDay|[from] ability: Orichalcum Pulse|[of] p1a: Koraidon\n|-activate|p1a: Koraidon|Orichalcum Pulse|[source]\n|turn|40\n|\n|t:|1699754423\n|move|p1a: Koraidon|Outrage|p2a: Koraidon\n|-supereffective|p2a: Koraidon\n|-damage|p2a: Koraidon|0 fnt\n|faint|p2a: Koraidon\n|\n|win|AGisgood\u82cd\u54cd\u4fa0\n|raw|AGisgood\u82cd\u54cd\u4fa0's rating: 1756 &rarr; <strong>1780<\/strong><br \/>(+24 for winning)\n|raw|Lord Rekkuza's rating: 1831 &rarr; <strong>1807<\/strong><br \/>(-24 for losing)\n|c|\u2606AGisgood\u82cd\u54cd\u4fa0|gg\n|c|\u2606AGisgood\u82cd\u54cd\u4fa0|wp\n|c|\u2606Lord Rekkuza|gg\n|l|\u2606Lord Rekkuza\n|l| Primordiallite\n|c|\u2606AGisgood\u82cd\u54cd\u4fa0|ty\n|l|\u2606AGisgood\u82cd\u54cd\u4fa0\n","uploadtime":1699754431,"views":14,"p1id":"agisgood","p2id":"lordrekkuza","formatid":"gen9anythinggoes","rating":1780,"private":0,"password":""}