{"id":"gen9anythinggoes-1981479385","p1":"NotAtAllPockchan","p2":"WafflyWaff","format":"[Gen 9] Anything Goes","log":"|j|\u2606NotAtAllPockchan\n|j|\u2606WafflyWaff\n|t:|1698903484\n|gametype|singles\n|player|p1|NotAtAllPockchan|cynthia-masters|\n|player|p2|WafflyWaff|265|\n|teamsize|p1|6\n|teamsize|p2|6\n|gen|9\n|tier|[Gen 9] Anything Goes\n|rule|HP Percentage Mod: HP is shown in percentages\n|rule|Endless Battle Clause: Forcing endless battles is banned\n|clearpoke\n|poke|p1|Calyrex-Shadow|\n|poke|p1|Zacian-*|\n|poke|p1|Groudon|\n|poke|p1|Arceus|\n|poke|p1|Chien-Pao|\n|poke|p1|Ditto|\n|poke|p2|Espeon, F|\n|poke|p2|Scream Tail|\n|poke|p2|Espathra, M|\n|poke|p2|Drifblim, F|\n|poke|p2|Farigiraf, F|\n|poke|p2|Lechonk, M|\n|teampreview\n|inactive|Battle timer is ON: inactive players will automatically lose when time's up. (requested by NotAtAllPockchan)\n|inactive|WafflyWaff also wants the timer to be on.\n|\n|t:|1698903489\n|start\n|switch|p1a: Groudon|Groudon|100\/100\n|switch|p2a: Scream Tail|Scream Tail|100\/100\n|-weather|SunnyDay|[from] ability: Drought|[of] p1a: Groudon\n|-activate|p2a: Scream Tail|ability: Protosynthesis\n|-start|p2a: Scream Tail|protosynthesisspe\n|turn|1\n|\n|t:|1698903495\n|move|p2a: Scream Tail|Substitute|p2a: Scream Tail\n|-start|p2a: Scream Tail|Substitute\n|-damage|p2a: Scream Tail|76\/100\n|move|p1a: Groudon|Eruption|p2a: Scream Tail\n|-end|p2a: Scream Tail|Substitute\n|\n|-weather|SunnyDay|[upkeep]\n|upkeep\n|turn|2\n|\n|t:|1698903509\n|move|p2a: Scream Tail|Amnesia|p2a: Scream Tail\n|-boost|p2a: Scream Tail|spd|2\n|move|p1a: Groudon|Roar|p2a: Scream Tail\n|-end|p2a: Scream Tail|Protosynthesis|[silent]\n|drag|p2a: God.|Lechonk, M|100\/100\n|\n|-weather|SunnyDay|[upkeep]\n|upkeep\n|turn|3\n|\n|t:|1698903517\n|switch|p2a: Scream Tail|Scream Tail|76\/100\n|-activate|p2a: Scream Tail|ability: Protosynthesis\n|-start|p2a: Scream Tail|protosynthesisspe\n|move|p1a: Groudon|Stealth Rock|p2a: Scream Tail\n|-sidestart|p2: WafflyWaff|move: Stealth Rock\n|\n|-weather|SunnyDay|[upkeep]\n|upkeep\n|turn|4\n|c|\u2606NotAtAllPockchan|TEMP6T\n|c|\u2606NotAtAllPockchan|OOOOO\n|c|\u2606NotAtAllPockchan|LECHONKKK\n|c|\u2606WafflyWaff|Lechonk\n|\n|t:|1698903527\n|move|p2a: Scream Tail|Substitute|p2a: Scream Tail\n|-start|p2a: Scream Tail|Substitute\n|-damage|p2a: Scream Tail|51\/100\n|move|p1a: Groudon|Spikes|p2a: Scream Tail\n|-sidestart|p2: WafflyWaff|Spikes\n|\n|-weather|SunnyDay|[upkeep]\n|upkeep\n|turn|5\n|\n|t:|1698903531\n|move|p2a: Scream Tail|Amnesia|p2a: Scream Tail\n|-boost|p2a: Scream Tail|spd|2\n|move|p1a: Groudon|Roar|p2a: Scream Tail\n|-end|p2a: Scream Tail|Protosynthesis|[silent]\n|drag|p2a: Espathra|Espathra, M|100\/100\n|-damage|p2a: Espathra|88\/100|[from] Stealth Rock\n|-damage|p2a: Espathra|76\/100|[from] Spikes\n|\n|-weather|none\n|-heal|p2a: Espathra|82\/100|[from] item: Leftovers\n|upkeep\n|turn|6\n|c|\u2606WafflyWaff|Stop using roar \ud83d\ude21\ud83d\ude21\ud83d\ude21\ud83d\ude21\ud83d\ude21\n|c|\u2606NotAtAllPockchan|I love lechonk\n|\n|t:|1698903548\n|move|p2a: Espathra|Substitute|p2a: Espathra\n|-start|p2a: Espathra|Substitute\n|-damage|p2a: Espathra|57\/100\n|move|p1a: Groudon|Spikes|p2a: Espathra\n|-sidestart|p2: WafflyWaff|Spikes\n|\n|-heal|p2a: Espathra|63\/100|[from] item: Leftovers\n|-ability|p2a: Espathra|Speed Boost|boost\n|-boost|p2a: Espathra|spe|1\n|upkeep\n|turn|7\n|\n|t:|1698903554\n|move|p2a: Espathra|Calm Mind|p2a: Espathra\n|-boost|p2a: Espathra|spa|1\n|-boost|p2a: Espathra|spd|1\n|move|p1a: Groudon|Spikes|p2a: Espathra\n|-sidestart|p2: WafflyWaff|Spikes\n|\n|-heal|p2a: Espathra|69\/100|[from] item: Leftovers\n|-ability|p2a: Espathra|Speed Boost|boost\n|-boost|p2a: Espathra|spe|1\n|upkeep\n|turn|8\n|\n|t:|1698903561\n|move|p2a: Espathra|Calm Mind|p2a: Espathra\n|-boost|p2a: Espathra|spa|1\n|-boost|p2a: Espathra|spd|1\n|move|p1a: Groudon|Roar|p2a: Espathra\n|drag|p2a: God.|Lechonk, M|100\/100\n|-damage|p2a: God.|88\/100|[from] Stealth Rock\n|-damage|p2a: God.|63\/100|[from] Spikes\n|\n|-heal|p2a: God.|69\/100|[from] item: Leftovers\n|upkeep\n|turn|9\n|-message|WafflyWaff forfeited.\n|\n|win|NotAtAllPockchan\n|l|\u2606WafflyWaff\n","uploadtime":1698903653,"views":8,"p1id":"notatallpockchan","p2id":"wafflywaff","formatid":"gen9anythinggoes","rating":0,"private":0,"password":""}