{"id":"gen9anythinggoes-1999783625","p1":"jjohns8","p2":"Khryce","format":"[Gen 9] Anything Goes","log":"|j|\u2606jjohns8\n|j|\u2606Khryce\n|t:|1701116331\n|gametype|singles\n|player|p1|jjohns8|266|1155\n|player|p2|Khryce|preschooler|1225\n|teamsize|p1|6\n|teamsize|p2|6\n|gen|9\n|tier|[Gen 9] Anything Goes\n|rated|\n|rule|HP Percentage Mod: HP is shown in percentages\n|rule|Endless Battle Clause: Forcing endless battles is banned\n|clearpoke\n|poke|p1|Zoroark-Hisui, M|\n|poke|p1|Lycanroc-Dusk, M|\n|poke|p1|Infernape, M|\n|poke|p1|Cloyster, M|\n|poke|p1|Urshifu-*, M|\n|poke|p1|Grafaiai, F|\n|poke|p2|Grafaiai, F|\n|poke|p2|Ursaluna, M|\n|poke|p2|Blissey, F|\n|poke|p2|Ambipom, F|\n|poke|p2|Zoroark-Hisui, M|\n|poke|p2|Ursaluna-Bloodmoon, M|\n|teampreview\n|inactive|Battle timer is ON: inactive players will automatically lose when time's up. (requested by Khryce)\n|inactive|jjohns8 also wants the timer to be on.\n|\n|t:|1701116337\n|start\n|switch|p1a: Grafaiai|Grafaiai, F|100\/100\n|switch|p2a: Grafaiai|Grafaiai, F|100\/100\n|turn|1\n|\n|t:|1701116344\n|move|p1a: Grafaiai|Knock Off|p2a: Grafaiai\n|-damage|p2a: Grafaiai|65\/100\n|-enditem|p2a: Grafaiai|Focus Sash|[from] move: Knock Off|[of] p1a: Grafaiai\n|move|p2a: Grafaiai|Knock Off|p1a: Grafaiai\n|-damage|p1a: Grafaiai|63\/100\n|-enditem|p1a: Grafaiai|Black Sludge|[from] move: Knock Off|[of] p2a: Grafaiai\n|\n|upkeep\n|turn|2\n|\n|t:|1701116356\n|move|p1a: Grafaiai|Poison Jab|p2a: Grafaiai\n|-resisted|p2a: Grafaiai\n|-damage|p2a: Grafaiai|42\/100\n|move|p2a: Grafaiai|Knock Off|p1a: Grafaiai\n|-crit|p1a: Grafaiai\n|-damage|p1a: Grafaiai|22\/100\n|\n|upkeep\n|turn|3\n|\n|t:|1701116363\n|move|p1a: Grafaiai|Knock Off|p2a: Grafaiai\n|-damage|p2a: Grafaiai|18\/100\n|move|p2a: Grafaiai|Knock Off|p1a: Grafaiai\n|-damage|p1a: Grafaiai|0 fnt\n|faint|p1a: Grafaiai\n|\n|upkeep\n|\n|t:|1701116367\n|switch|p1a: Lycanroc|Lycanroc-Dusk, M|100\/100\n|turn|4\n|\n|t:|1701116373\n|move|p1a: Lycanroc|Accelerock|p2a: Grafaiai\n|-damage|p2a: Grafaiai|0 fnt\n|faint|p2a: Grafaiai\n|\n|upkeep\n|\n|t:|1701116379\n|switch|p2a: Ursaluna|Ursaluna, M|100\/100\n|turn|5\n|\n|t:|1701116388\n|move|p1a: Lycanroc|Close Combat|p2a: Ursaluna\n|-supereffective|p2a: Ursaluna\n|-damage|p2a: Ursaluna|24\/100\n|-unboost|p1a: Lycanroc|def|1\n|-unboost|p1a: Lycanroc|spd|1\n|move|p2a: Ursaluna|Heavy Slam|p1a: Lycanroc\n|-supereffective|p1a: Lycanroc\n|-damage|p1a: Lycanroc|0 fnt\n|faint|p1a: Lycanroc\n|\n|-status|p2a: Ursaluna|brn|[from] item: Flame Orb\n|upkeep\n|\n|t:|1701116394\n|switch|p1a: Infernape|Infernape, M|100\/100\n|turn|6\n|\n|t:|1701116410\n|move|p1a: Infernape|Dark Pulse|p2a: Ursaluna\n|-damage|p2a: Ursaluna|0 fnt\n|faint|p2a: Ursaluna\n|\n|upkeep\n|\n|t:|1701116417\n|switch|p2a: Ambipom|Ambipom, F|100\/100\n|turn|7\n|\n|t:|1701116427\n|-terastallize|p2a: Ambipom|Normal\n|move|p2a: Ambipom|Knock Off|p1a: Infernape\n|-supereffective|p1a: Infernape\n|-damage|p1a: Infernape|0 fnt\n|replace|p1a: Zoroark|Zoroark-Hisui, M\n|-end|p1a: Zoroark|Illusion\n|-enditem|p1a: Zoroark|Leftovers|[from] move: Knock Off|[of] p2a: Ambipom\n|faint|p1a: Zoroark\n|\n|upkeep\n|\n|t:|1701116434\n|switch|p1a: Infernape|Infernape, M|100\/100\n|turn|8\n|\n|t:|1701116449\n|move|p2a: Ambipom|Double Hit|p1a: Infernape\n|-damage|p1a: Infernape|34\/100\n|-damage|p1a: Infernape|0 fnt\n|faint|p1a: Infernape\n|-hitcount|p1: Infernape|2\n|\n|upkeep\n|\n|t:|1701116453\n|switch|p1a: Cloyster|Cloyster, M|100\/100\n|turn|9\n|\n|t:|1701116456\n|move|p2a: Ambipom|Knock Off|p1a: Cloyster\n|-damage|p1a: Cloyster|72\/100\n|-enditem|p1a: Cloyster|White Herb|[from] move: Knock Off|[of] p2a: Ambipom\n|move|p1a: Cloyster|Shell Smash|p1a: Cloyster\n|-unboost|p1a: Cloyster|def|1\n|-unboost|p1a: Cloyster|spd|1\n|-boost|p1a: Cloyster|atk|2\n|-boost|p1a: Cloyster|spa|2\n|-boost|p1a: Cloyster|spe|2\n|\n|upkeep\n|turn|10\n|\n|t:|1701116469\n|switch|p2a: Ursaluna|Ursaluna-Bloodmoon, M|100\/100\n|move|p1a: Cloyster|Icicle Spear|p2a: Ursaluna\n|-damage|p2a: Ursaluna|49\/100\n|replace|p2a: Zoroark|Zoroark-Hisui, M\n|-end|p2a: Zoroark|Illusion\n|-damage|p2a: Zoroark|0 fnt\n|faint|p2a: Zoroark\n|-hitcount|p2: Zoroark|2\n|\n|upkeep\n|\n|t:|1701116478\n|switch|p2a: Ambipom|Ambipom, F, tera:Normal|100\/100\n|turn|11\n|\n|t:|1701116480\n|move|p2a: Ambipom|Fake Out|p1a: Cloyster\n|-damage|p1a: Cloyster|18\/100\n|cant|p1a: Cloyster|flinch\n|\n|upkeep\n|turn|12\n|\n|t:|1701116490\n|switch|p2a: Blissey|Blissey, F|100\/100\n|move|p1a: Cloyster|Icicle Spear|p2a: Blissey\n|-damage|p2a: Blissey|45\/100\n|-damage|p2a: Blissey|0 fnt\n|faint|p2a: Blissey\n|-hitcount|p2: Blissey|2\n|\n|upkeep\n|\n|t:|1701116497\n|switch|p2a: Ambipom|Ambipom, F, tera:Normal|100\/100\n|turn|13\n|\n|t:|1701116501\n|move|p2a: Ambipom|Fake Out|p1a: Cloyster\n|-damage|p1a: Cloyster|0 fnt\n|faint|p1a: Cloyster\n|\n|upkeep\n|\n|t:|1701116503\n|switch|p1a: Urshifu|Urshifu-Rapid-Strike, M|100\/100\n|turn|14\n|\n|t:|1701116509\n|move|p2a: Ambipom|Double Hit|p1a: Urshifu\n|-crit|p1a: Urshifu\n|-damage|p1a: Urshifu|37\/100\n|-damage|p1a: Urshifu|0 fnt\n|faint|p1a: Urshifu\n|-hitcount|p1: Urshifu|2\n|\n|win|Khryce\n|raw|jjohns8's rating: 1155 &rarr; <strong>1135<\/strong><br \/>(-20 for losing)\n|raw|Khryce's rating: 1225 &rarr; <strong>1245<\/strong><br \/>(+20 for winning)\n|l|\u2606jjohns8\n","uploadtime":1701116516,"views":11,"p1id":"jjohns8","p2id":"khryce","formatid":"gen9anythinggoes","rating":1135,"private":0,"password":""}