{"id":"gen9anythinggoes-1982572155","p1":"Model Niko Niko Ni","p2":"crcky","format":"[Gen 9] Anything Goes","log":"|j|\u2606Model Niko Niko Ni\n|j|\u2606crcky\n|t:|1699026556\n|gametype|singles\n|player|p1|Model Niko Niko Ni|dawn|1274\n|player|p2|crcky|pokemaniac|1328\n|teamsize|p1|6\n|teamsize|p2|6\n|gen|9\n|tier|[Gen 9] Anything Goes\n|rated|\n|rule|HP Percentage Mod: HP is shown in percentages\n|rule|Endless Battle Clause: Forcing endless battles is banned\n|clearpoke\n|poke|p1|Dragapult, F|\n|poke|p1|Meowscarada, F|\n|poke|p1|Volcarona, F|\n|poke|p1|Kingambit, M|\n|poke|p1|Baxcalibur, M|\n|poke|p1|Iron Valiant|\n|poke|p2|Koraidon|\n|poke|p2|Zacian-*|\n|poke|p2|Calyrex-Shadow|\n|poke|p2|Miraidon|\n|poke|p2|Basculegion, M|\n|poke|p2|Espathra, M|\n|teampreview\n|inactive|Battle timer is ON: inactive players will automatically lose when time's up. (requested by Model Niko Niko Ni)\n|\n|t:|1699026564\n|start\n|switch|p1a: Polterghast|Dragapult, F|100\/100\n|switch|p2a: Espathra|Espathra, M, shiny|100\/100\n|turn|1\n|\n|t:|1699026575\n|-terastallize|p2a: Espathra|Steel\n|move|p1a: Polterghast|Light Screen|p1a: Polterghast\n|-sidestart|p1: Model Niko Niko Ni|move: Light Screen\n|move|p2a: Espathra|Calm Mind|p2a: Espathra\n|-boost|p2a: Espathra|spa|1\n|-boost|p2a: Espathra|spd|1\n|\n|-ability|p2a: Espathra|Speed Boost|boost\n|-boost|p2a: Espathra|spe|1\n|upkeep\n|turn|2\n|\n|t:|1699026581\n|move|p2a: Espathra|Protect|p2a: Espathra\n|-singleturn|p2a: Espathra|Protect\n|move|p1a: Polterghast|Reflect|p1a: Polterghast\n|-sidestart|p1: Model Niko Niko Ni|Reflect\n|\n|-ability|p2a: Espathra|Speed Boost|boost\n|-boost|p2a: Espathra|spe|1\n|upkeep\n|turn|3\n|\n|t:|1699026587\n|move|p2a: Espathra|Calm Mind|p2a: Espathra\n|-boost|p2a: Espathra|spa|1\n|-boost|p2a: Espathra|spd|1\n|move|p1a: Polterghast|Curse|p2a: Espathra\n|-start|p2a: Espathra|Curse|[of] p1a: Polterghast\n|-damage|p1a: Polterghast|50\/100\n|\n|-damage|p2a: Espathra|76\/100|[from] Curse\n|-ability|p2a: Espathra|Speed Boost|boost\n|-boost|p2a: Espathra|spe|1\n|upkeep\n|turn|4\n|\n|t:|1699026596\n|switch|p1a: Calamitas|Meowscarada, F|100\/100\n|move|p2a: Espathra|Protect||[still]\n|-fail|p2a: Espathra\n|\n|-damage|p2a: Espathra|51\/100|[from] Curse\n|-ability|p2a: Espathra|Speed Boost|boost\n|-boost|p2a: Espathra|spe|1\n|upkeep\n|turn|5\n|\n|t:|1699026605\n|move|p2a: Espathra|Baton Pass|p2a: Espathra\n|\n|t:|1699026623\n|switch|p2a: Miraidon|Miraidon|100\/100|[from] Baton Pass\n|-fieldstart|move: Electric Terrain|[from] ability: Hadron Engine|[of] p2a: Miraidon\n|move|p1a: Calamitas|Spikes|p2a: Miraidon\n|-sidestart|p2: crcky|Spikes\n|\n|-damage|p2a: Miraidon|76\/100|[from] Curse\n|upkeep\n|turn|6\n|\n|t:|1699026643\n|move|p1a: Calamitas|Sucker Punch|p2a: Miraidon\n|-damage|p2a: Miraidon|31\/100\n|-damage|p1a: Calamitas|91\/100|[from] item: Life Orb\n|move|p2a: Miraidon|Dazzling Gleam|p1a: Calamitas\n|-supereffective|p1a: Calamitas\n|-damage|p1a: Calamitas|0 fnt\n|faint|p1a: Calamitas\n|\n|-damage|p2a: Miraidon|6\/100|[from] Curse\n|upkeep\n|inactive|Model Niko Niko Ni has 120 seconds left.\n|\n|t:|1699026691\n|switch|p1a: Astrum Deus|Iron Valiant|100\/100\n|-activate|p1a: Astrum Deus|ability: Quark Drive\n|-start|p1a: Astrum Deus|quarkdrivespe\n|turn|7\n|\n|t:|1699026698\n|move|p2a: Miraidon|Electro Drift|p1a: Astrum Deus\n|-damage|p1a: Astrum Deus|0 fnt\n|faint|p1a: Astrum Deus\n|-end|p1a: Astrum Deus|Quark Drive|[silent]\n|\n|-damage|p2a: Miraidon|0 fnt|[from] Curse\n|faint|p2a: Miraidon\n|upkeep\n|inactive|Model Niko Niko Ni has 120 seconds left.\n|\n|t:|1699026705\n|switch|p2a: Espathra|Espathra, M, shiny, tera:Steel|51\/100\n|switch|p1a: Devourer of Gods|Baxcalibur, M|100\/100\n|-damage|p2a: Espathra|39\/100|[from] Spikes\n|turn|8\n|\n|t:|1699026712\n|move|p1a: Devourer of Gods|Dragon Dance|p1a: Devourer of Gods\n|-boost|p1a: Devourer of Gods|atk|1\n|-boost|p1a: Devourer of Gods|spe|1\n|move|p2a: Espathra|Calm Mind|p2a: Espathra\n|-boost|p2a: Espathra|spa|1\n|-boost|p2a: Espathra|spd|1\n|\n|-sideend|p1: Model Niko Niko Ni|move: Light Screen\n|-ability|p2a: Espathra|Speed Boost|boost\n|-boost|p2a: Espathra|spe|1\n|upkeep\n|turn|9\n|\n|t:|1699026717\n|move|p2a: Espathra|Protect|p2a: Espathra\n|-singleturn|p2a: Espathra|Protect\n|move|p1a: Devourer of Gods|Dragon Dance|p1a: Devourer of Gods\n|-boost|p1a: Devourer of Gods|atk|1\n|-boost|p1a: Devourer of Gods|spe|1\n|\n|-sideend|p1: Model Niko Niko Ni|Reflect\n|-fieldend|move: Electric Terrain\n|-ability|p2a: Espathra|Speed Boost|boost\n|-boost|p2a: Espathra|spe|1\n|upkeep\n|turn|10\n|\n|t:|1699026725\n|move|p1a: Devourer of Gods|Earthquake|p2a: Espathra\n|-supereffective|p2a: Espathra\n|-damage|p2a: Espathra|0 fnt\n|faint|p2a: Espathra\n|\n|upkeep\n|\n|t:|1699026743\n|switch|p2a: Zacian|Zacian-Crowned|100\/100\n|-damage|p2a: Zacian|88\/100|[from] Spikes\n|-ability|p2a: Zacian|Intrepid Sword|boost\n|-boost|p2a: Zacian|atk|1\n|turn|11\n|\n|t:|1699026748\n|move|p1a: Devourer of Gods|Earthquake|p2a: Zacian\n|-supereffective|p2a: Zacian\n|-damage|p2a: Zacian|0 fnt\n|faint|p2a: Zacian\n|\n|upkeep\n|c|\u2606Model Niko Niko Ni|cinco noches en Fredricos\n|\n|t:|1699026777\n|switch|p2a: Calyrex|Calyrex-Shadow|100\/100\n|-ability|p2a: Calyrex|As One\n|-ability|p2a: Calyrex|Unnerve\n|-damage|p2a: Calyrex|88\/100|[from] Spikes\n|turn|12\n|\n|t:|1699026785\n|move|p1a: Devourer of Gods|Icicle Spear|p2a: Calyrex\n|-damage|p2a: Calyrex|47\/100\n|-damage|p2a: Calyrex|6\/100\n|-damage|p2a: Calyrex|0 fnt\n|faint|p2a: Calyrex\n|-hitcount|p2: Calyrex|3\n|\n|upkeep\n|\n|t:|1699026789\n|switch|p2a: Basculegion|Basculegion, M|100\/100\n|-damage|p2a: Basculegion|88\/100|[from] Spikes\n|turn|13\n|\n|t:|1699026799\n|move|p1a: Devourer of Gods|Glaive Rush|p2a: Basculegion\n|-damage|p2a: Basculegion|0 fnt\n|-singlemove|p1a: Devourer of Gods|Glaive Rush|[silent]\n|faint|p2a: Basculegion\n|\n|upkeep\n|\n|t:|1699026803\n|switch|p2a: Koraidon|Koraidon|100\/100\n|-damage|p2a: Koraidon|88\/100|[from] Spikes\n|-weather|SunnyDay|[from] ability: Orichalcum Pulse|[of] p2a: Koraidon\n|-activate|p2a: Koraidon|Orichalcum Pulse|[source]\n|turn|14\n|\n|t:|1699026806\n|move|p1a: Devourer of Gods|Icicle Spear|p2a: Koraidon\n|-supereffective|p2a: Koraidon\n|-damage|p2a: Koraidon|39\/100\n|-supereffective|p2a: Koraidon\n|-damage|p2a: Koraidon|0 fnt\n|faint|p2a: Koraidon\n|-hitcount|p2: Koraidon|2\n|\n|win|Model Niko Niko Ni\n|raw|Model Niko Niko Ni's rating: 1274 &rarr; <strong>1303<\/strong><br \/>(+29 for winning)\n|raw|crcky's rating: 1328 &rarr; <strong>1305<\/strong><br \/>(-23 for losing)\n|l|\u2606crcky\n|c|\u2606Model Niko Niko Ni|HOR HOR HOR HOR\n","uploadtime":1699027032,"views":8,"p1id":"modelnikonikoni","p2id":"crcky","formatid":"gen9anythinggoes","rating":1303,"private":0,"password":""}