{"id":"gen9anythinggoes-1990299077","p1":"Kneebones","p2":"pradip_777","format":"[Gen 9] Anything Goes","log":"|j|\u2606Kneebones\n|j|\u2606pradip_777\n|t:|1699952968\n|gametype|singles\n|player|p1|Kneebones|101|1107\n|player|p2|pradip_777|theroyal|1054\n|teamsize|p1|6\n|teamsize|p2|6\n|gen|9\n|tier|[Gen 9] Anything Goes\n|rated|\n|rule|HP Percentage Mod: HP is shown in percentages\n|rule|Endless Battle Clause: Forcing endless battles is banned\n|clearpoke\n|poke|p1|Clefable, F|\n|poke|p1|Clefable, F|\n|poke|p1|Clefable, M|\n|poke|p1|Clefable, F|\n|poke|p1|Clefable, M|\n|poke|p1|Clefable, F|\n|poke|p2|Ditto|\n|poke|p2|Ditto|\n|poke|p2|Ditto|\n|poke|p2|Ditto|\n|poke|p2|Ditto|\n|poke|p2|Ditto|\n|teampreview\n|\n|t:|1699952982\n|start\n|switch|p1a: Clefable|Clefable, F|100\/100\n|switch|p2a: Ditto|Ditto, shiny|100\/100\n|-transform|p2a: Ditto|p1a: Clefable|[from] ability: Imposter\n|turn|1\n|\n|t:|1699952995\n|move|p2a: Ditto|Metronome|p2a: Ditto\n|move|p2a: Ditto|Bubble Beam|p1a: Clefable|[from]move: Metronome\n|-damage|p1a: Clefable|88\/100\n|move|p1a: Clefable|Stealth Rock|p2a: Ditto\n|-sidestart|p2: pradip_777|move: Stealth Rock\n|\n|upkeep\n|turn|2\n|\n|t:|1699953004\n|move|p2a: Ditto|Metronome|p2a: Ditto\n|move|p2a: Ditto|Ceaseless Edge|p1a: Clefable|[from]move: Metronome\n|-resisted|p1a: Clefable\n|-damage|p1a: Clefable|84\/100\n|-sidestart|p1: Kneebones|Spikes\n|move|p1a: Clefable|Metronome|p1a: Clefable\n|move|p1a: Clefable|Skill Swap|p2a: Ditto|[from]move: Metronome\n|-activate|p1a: Clefable|move: Skill Swap|Magic Guard|Magic Guard|[of] p2a: Ditto\n|\n|upkeep\n|turn|3\n|\n|t:|1699953017\n|move|p2a: Ditto|Metronome|p2a: Ditto\n|move|p2a: Ditto|Brick Break|p1a: Clefable|[from]move: Metronome\n|-resisted|p1a: Clefable\n|-damage|p1a: Clefable|80\/100\n|move|p1a: Clefable|Metronome|p1a: Clefable\n|move|p1a: Clefable|Scale Shot|p2a: Ditto|[from]move: Metronome\n|-immune|p2a: Ditto\n|\n|upkeep\n|turn|4\n|\n|t:|1699953027\n|move|p2a: Ditto|Metronome|p2a: Ditto\n|move|p2a: Ditto|Curse|p2a: Ditto|[from]move: Metronome\n|-unboost|p2a: Ditto|spe|1\n|-boost|p2a: Ditto|atk|1\n|-boost|p2a: Ditto|def|1\n|move|p1a: Clefable|Metronome|p1a: Clefable\n|move|p1a: Clefable|Poison Powder|p2a: Ditto|[from]move: Metronome\n|-status|p2a: Ditto|psn\n|\n|upkeep\n|turn|5\n|\n|t:|1699953037\n|move|p1a: Clefable|Metronome|p1a: Clefable\n|move|p1a: Clefable|Swift|p2a: Ditto|[from]move: Metronome\n|-damage|p2a: Ditto|84\/100 psn\n|move|p2a: Ditto|Metronome|p2a: Ditto\n|move|p2a: Ditto|Nasty Plot|p2a: Ditto|[from]move: Metronome\n|-boost|p2a: Ditto|spa|2\n|\n|upkeep\n|turn|6\n|\n|t:|1699953048\n|switch|p2a: Ditto|Ditto, shiny|100\/100\n|-damage|p2a: Ditto|88\/100|[from] Stealth Rock\n|-transform|p2a: Ditto|p1a: Clefable|[from] ability: Imposter\n|move|p1a: Clefable|Metronome|p1a: Clefable\n|move|p1a: Clefable|Reversal|p2a: Ditto|[from]move: Metronome\n|-resisted|p2a: Ditto\n|-damage|p2a: Ditto|86\/100\n|\n|upkeep\n|turn|7\n|\n|t:|1699953057\n|move|p2a: Ditto|Metronome|p2a: Ditto\n|move|p2a: Ditto|Fairy Lock|p2a: Ditto|[from]move: Metronome\n|-fieldactivate|move: Fairy Lock\n|move|p1a: Clefable|Metronome|p1a: Clefable\n|move|p1a: Clefable|Dynamic Punch|p2a: Ditto|[from]move: Metronome\n|-resisted|p2a: Ditto\n|-damage|p2a: Ditto|78\/100\n|-start|p2a: Ditto|confusion\n|\n|upkeep\n|turn|8\n|\n|t:|1699953065\n|-activate|p2a: Ditto|confusion\n|-damage|p2a: Ditto|71\/100|[from] confusion\n|move|p1a: Clefable|Metronome|p1a: Clefable\n|move|p1a: Clefable|Mortal Spin|p2a: Ditto|[from]move: Metronome\n|-supereffective|p2a: Ditto\n|-damage|p2a: Ditto|61\/100\n|-status|p2a: Ditto|psn\n|-sideend|p1: Kneebones|Spikes|[from] move: Mortal Spin|[of] p1a: Clefable\n|\n|upkeep\n|turn|9\n|\n|t:|1699953073\n|-activate|p2a: Ditto|confusion\n|move|p2a: Ditto|Metronome|p2a: Ditto\n|move|p2a: Ditto|Sing|p1a: Clefable|[from]move: Metronome\n|-status|p1a: Clefable|slp|[from] move: Sing\n|cant|p1a: Clefable|slp\n|\n|upkeep\n|turn|10\n|\n|t:|1699953085\n|switch|p2a: Ditto|Ditto, shiny|84\/100 psn\n|-damage|p2a: Ditto|72\/100 psn|[from] Stealth Rock\n|-transform|p2a: Ditto|p1a: Clefable|[from] ability: Imposter\n|cant|p1a: Clefable|slp\n|\n|upkeep\n|turn|11\n|\n|t:|1699953092\n|move|p2a: Ditto|Stealth Rock|p1a: Clefable\n|-sidestart|p1: Kneebones|move: Stealth Rock\n|cant|p1a: Clefable|slp\n|\n|upkeep\n|turn|12\n|\n|t:|1699953102\n|switch|p2a: Ditto|Ditto, shiny|100\/100\n|-damage|p2a: Ditto|88\/100|[from] Stealth Rock\n|-transform|p2a: Ditto|p1a: Clefable|[from] ability: Imposter\n|-curestatus|p1a: Clefable|slp|[msg]\n|move|p1a: Clefable|Metronome|p1a: Clefable\n|move|p1a: Clefable|Blaze Kick|p2a: Ditto|[from]move: Metronome\n|-damage|p2a: Ditto|73\/100\n|\n|upkeep\n|turn|13\n|\n|t:|1699953111\n|move|p2a: Ditto|Metronome|p2a: Ditto\n|move|p2a: Ditto|Safeguard|p2a: Ditto|[from]move: Metronome\n|-sidestart|p2: pradip_777|Safeguard\n|move|p1a: Clefable|Metronome|p1a: Clefable\n|move|p1a: Clefable|Earth Power|p2a: Ditto|[from]move: Metronome\n|-damage|p2a: Ditto|50\/100\n|\n|upkeep\n|turn|14\n|\n|t:|1699953121\n|move|p2a: Ditto|Metronome|p2a: Ditto\n|move|p2a: Ditto|Scary Face|p1a: Clefable|[from]move: Metronome\n|-unboost|p1a: Clefable|spe|2\n|move|p1a: Clefable|Metronome|p1a: Clefable\n|move|p1a: Clefable|Self-Destruct|p2a: Ditto|[from]move: Metronome\n|-damage|p2a: Ditto|20\/100\n|faint|p1a: Clefable\n|\n|upkeep\n|\n|t:|1699953133\n|switch|p1a: Clefable|Clefable, F|100\/100\n|turn|15\n|\n|t:|1699953139\n|move|p2a: Ditto|Metronome|p2a: Ditto\n|move|p2a: Ditto|Slash|p1a: Clefable|[from]move: Metronome\n|-damage|p1a: Clefable|89\/100\n|move|p1a: Clefable|Thunder Wave|p2a: Ditto\n|-activate|p2a: Ditto|move: Safeguard\n|\n|upkeep\n|turn|16\n|\n|t:|1699953148\n|move|p2a: Ditto|Metronome|p2a: Ditto\n|move|p2a: Ditto|Lunar Blessing|p2a: Ditto|[from]move: Metronome\n|-heal|p2a: Ditto|45\/100\n|move|p1a: Clefable|Metronome|p1a: Clefable\n|move|p1a: Clefable|Aromatic Mist|null|[from]move: Metronome|[notarget]\n|-fail|p1a: Clefable\n|\n|upkeep\n|turn|17\n|\n|t:|1699953159\n|move|p2a: Ditto|Metronome|p2a: Ditto\n|move|p2a: Ditto|Weather Ball|p1a: Clefable|[from]move: Metronome\n|-damage|p1a: Clefable|81\/100\n|move|p1a: Clefable|Metronome|p1a: Clefable\n|move|p1a: Clefable|Aqua Jet|p2a: Ditto|[from]move: Metronome\n|-damage|p2a: Ditto|38\/100\n|\n|-sideend|p2: pradip_777|Safeguard\n|upkeep\n|turn|18\n|\n|t:|1699953167\n|switch|p2a: Ditto|Ditto, shiny|61\/100 psn\n|-damage|p2a: Ditto|49\/100 psn|[from] Stealth Rock\n|-transform|p2a: Ditto|p1a: Clefable|[from] ability: Imposter\n|move|p1a: Clefable|Metronome|p1a: Clefable\n|move|p1a: Clefable|Water Spout|p2a: Ditto|[from]move: Metronome\n|-damage|p2a: Ditto|27\/100 psn\n|\n|upkeep\n|turn|19\n|\n|t:|1699953176\n|move|p2a: Ditto|Wish|p2a: Ditto\n|move|p1a: Clefable|Metronome|p1a: Clefable\n|move|p1a: Clefable|Psyshield Bash|p2a: Ditto|[from]move: Metronome\n|-damage|p2a: Ditto|10\/100 psn\n|-boost|p1a: Clefable|def|1\n|\n|upkeep\n|turn|20\n|\n|t:|1699953184\n|switch|p2a: Ditto|Ditto, shiny|38\/100\n|-damage|p2a: Ditto|25\/100|[from] Stealth Rock\n|-transform|p2a: Ditto|p1a: Clefable|[from] ability: Imposter\n|move|p1a: Clefable|Metronome|p1a: Clefable\n|move|p1a: Clefable|Ice Shard|p2a: Ditto|[from]move: Metronome\n|-damage|p2a: Ditto|19\/100\n|\n|-heal|p2a: Ditto|69\/100|[from] move: Wish|[wisher] Ditto\n|upkeep\n|turn|21\n|\n|t:|1699953194\n|move|p2a: Ditto|Metronome|p2a: Ditto\n|move|p2a: Ditto|Imprison|p2a: Ditto|[from]move: Metronome\n|-start|p2a: Ditto|move: Imprison\n|cant|p1a: Clefable|move: Imprison|Thunder Wave\n|\n|upkeep\n|turn|22\n|\n|t:|1699953204\n|move|p2a: Ditto|Metronome|p2a: Ditto\n|move|p2a: Ditto|Sunny Day|p2a: Ditto|[from]move: Metronome\n|-weather|SunnyDay\n|-activate|p1a: Clefable|move: Struggle\n|move|p1a: Clefable|Struggle|p2a: Ditto\n|-damage|p2a: Ditto|62\/100\n|-damage|p1a: Clefable|56\/100|[from] recoil\n|\n|-weather|SunnyDay|[upkeep]\n|upkeep\n|turn|23\n|\n|t:|1699953218\n|switch|p1a: Clefable|Clefable, F|100\/100\n|-terastallize|p2a: Ditto|Ghost\n|move|p2a: Ditto|Metronome|p2a: Ditto\n|move|p2a: Ditto|Flying Press|p1a: Clefable|[from]move: Metronome\n|-resisted|p1a: Clefable\n|-crit|p1a: Clefable\n|-damage|p1a: Clefable|92\/100\n|\n|-weather|SunnyDay|[upkeep]\n|-heal|p1a: Clefable|98\/100|[from] item: Leftovers\n|upkeep\n|turn|24\n|\n|t:|1699953231\n|move|p2a: Ditto|Metronome|p2a: Ditto\n|move|p2a: Ditto|Night Shade|p1a: Clefable|[from]move: Metronome\n|-damage|p1a: Clefable|73\/100\n|move|p1a: Clefable|Cosmic Power|p1a: Clefable\n|-boost|p1a: Clefable|def|1\n|-boost|p1a: Clefable|spd|1\n|\n|-weather|SunnyDay|[upkeep]\n|-heal|p1a: Clefable|79\/100|[from] item: Leftovers\n|upkeep\n|turn|25\n|\n|t:|1699953239\n|move|p2a: Ditto|Metronome|p2a: Ditto\n|move|p2a: Ditto|Magic Powder|p1a: Clefable|[from]move: Metronome\n|-start|p1a: Clefable|typechange|Psychic\n|move|p1a: Clefable|Cosmic Power|p1a: Clefable\n|-boost|p1a: Clefable|def|1\n|-boost|p1a: Clefable|spd|1\n|\n|-weather|SunnyDay|[upkeep]\n|-heal|p1a: Clefable|85\/100|[from] item: Leftovers\n|upkeep\n|turn|26\n|\n|t:|1699953251\n|switch|p2a: Ditto|Ditto, shiny|100\/100\n|-damage|p2a: Ditto|88\/100|[from] Stealth Rock\n|-transform|p2a: Ditto|p1a: Clefable|[from] ability: Imposter\n|move|p1a: Clefable|Cosmic Power|p1a: Clefable\n|-boost|p1a: Clefable|def|1\n|-boost|p1a: Clefable|spd|1\n|\n|-weather|none\n|-heal|p1a: Clefable|91\/100|[from] item: Leftovers\n|upkeep\n|turn|27\n|\n|t:|1699953266\n|move|p2a: Ditto|Cosmic Power|p2a: Ditto\n|-boost|p2a: Ditto|def|1\n|-boost|p2a: Ditto|spd|1\n|move|p1a: Clefable|Baton Pass|p1a: Clefable\n|\n|t:|1699953282\n|switch|p1a: Clefable|Clefable, F|100\/100|[from] Baton Pass\n|-damage|p1a: Clefable|88\/100|[from] Stealth Rock\n|\n|upkeep\n|turn|28\n|\n|t:|1699953291\n|switch|p2a: Ditto|Ditto, shiny|100\/100\n|-damage|p2a: Ditto|88\/100|[from] Stealth Rock\n|-transform|p2a: Ditto|p1a: Clefable|[from] ability: Imposter\n|move|p1a: Clefable|Substitute|p1a: Clefable\n|-start|p1a: Clefable|Substitute\n|-damage|p1a: Clefable|63\/100\n|\n|upkeep\n|turn|29\n|\n|t:|1699953304\n|move|p2a: Ditto|Flamethrower|p1a: Clefable\n|-activate|p1a: Clefable|move: Substitute|[damage]\n|move|p1a: Clefable|Calm Mind|p1a: Clefable\n|-boost|p1a: Clefable|spa|1\n|-boost|p1a: Clefable|spd|1\n|\n|upkeep\n|turn|30\n|\n|t:|1699953311\n|move|p2a: Ditto|Flamethrower|p1a: Clefable\n|-end|p1a: Clefable|Substitute\n|move|p1a: Clefable|Calm Mind|p1a: Clefable\n|-boost|p1a: Clefable|spa|1\n|-boost|p1a: Clefable|spd|1\n|\n|upkeep\n|turn|31\n|\n|t:|1699953317\n|move|p2a: Ditto|Flamethrower|p1a: Clefable\n|-damage|p1a: Clefable|44\/100\n|move|p1a: Clefable|Substitute|p1a: Clefable\n|-start|p1a: Clefable|Substitute\n|-damage|p1a: Clefable|19\/100\n|\n|upkeep\n|turn|32\n|\n|t:|1699953324\n|-terastallize|p1a: Clefable|Fire\n|move|p2a: Ditto|Flamethrower|p1a: Clefable\n|-resisted|p1a: Clefable\n|-activate|p1a: Clefable|move: Substitute|[damage]\n|move|p1a: Clefable|Moonlight|p1a: Clefable\n|-heal|p1a: Clefable|69\/100\n|\n|upkeep\n|turn|33\n|\n|t:|1699953332\n|move|p2a: Ditto|Flamethrower|p1a: Clefable\n|-resisted|p1a: Clefable\n|-activate|p1a: Clefable|move: Substitute|[damage]\n|move|p1a: Clefable|Flamethrower|p2a: Ditto\n|-damage|p2a: Ditto|54\/100\n|\n|upkeep\n|turn|34\n|\n|t:|1699953338\n|switch|p2a: Ditto|Ditto, shiny|72\/100 psn\n|-damage|p2a: Ditto|59\/100 psn|[from] Stealth Rock\n|move|p1a: Clefable|Flamethrower|p2a: Ditto\n|-damage|p2a: Ditto|0 fnt\n|faint|p2a: Ditto\n|\n|upkeep\n|\n|t:|1699953342\n|switch|p2a: Ditto|Ditto, shiny|10\/100 psn\n|-damage|p2a: Ditto|0 fnt|[from] Stealth Rock\n|faint|p2a: Ditto\n|\n|t:|1699953345\n|switch|p2a: Ditto|Ditto, shiny, tera:Ghost|62\/100\n|-damage|p2a: Ditto|49\/100|[from] Stealth Rock\n|turn|35\n|\n|t:|1699953351\n|move|p2a: Ditto|Transform||[still]\n|-fail|p2a: Ditto\n|move|p1a: Clefable|Flamethrower|p2a: Ditto\n|-damage|p2a: Ditto|0 fnt\n|faint|p2a: Ditto\n|\n|upkeep\n|\n|t:|1699953358\n|switch|p2a: Ditto|Ditto, shiny|54\/100\n|-damage|p2a: Ditto|41\/100|[from] Stealth Rock\n|turn|36\n|\n|t:|1699953371\n|move|p2a: Ditto|Transform||[still]\n|-fail|p2a: Ditto\n|move|p1a: Clefable|Flamethrower|p2a: Ditto\n|-damage|p2a: Ditto|0 fnt\n|faint|p2a: Ditto\n|\n|upkeep\n|-message|pradip_777 forfeited.\n|\n|win|Kneebones\n|raw|Kneebones's rating: 1107 &rarr; <strong>1128<\/strong><br \/>(+21 for winning)\n|raw|pradip_777's rating: 1054 &rarr; <strong>1039<\/strong><br \/>(-15 for losing)\n|l|\u2606pradip_777\n","uploadtime":1699953387,"views":23,"p1id":"kneebones","p2id":"pradip777","formatid":"gen9anythinggoes","rating":1039,"private":0,"password":""}