{"id":"gen9anythinggoes-1999036691","p1":"Flaggx","p2":"michpanta","format":"[Gen 9] Anything Goes","log":"|j|\u2606Flaggx\n|j|\u2606michpanta\n|t:|1701026370\n|gametype|singles\n|player|p1|Flaggx|170|\n|player|p2|michpanta|ethan|\n|teamsize|p1|6\n|teamsize|p2|6\n|gen|9\n|tier|[Gen 9] Anything Goes\n|rule|HP Percentage Mod: HP is shown in percentages\n|rule|Endless Battle Clause: Forcing endless battles is banned\n|clearpoke\n|poke|p1|Volcanion|\n|poke|p1|Altaria, M|\n|poke|p1|Sneasler, F|\n|poke|p1|Jolteon, F|\n|poke|p1|Zoroark, M|\n|poke|p1|Empoleon, F|\n|poke|p2|Skeledirge, M|\n|poke|p2|Gholdengo|\n|poke|p2|Snorlax, F|\n|poke|p2|Avalugg, F|\n|poke|p2|Ninetales-Alola, M|\n|poke|p2|Cetitan, M|\n|teampreview\n|c|\u2606Flaggx|glhf\n|j| KreativerNamee\n|j| Horuskoria\n|\n|t:|1701026436\n|start\n|switch|p1a: Jolteon|Jolteon, F|100\/100\n|switch|p2a: Ninetales|Ninetales-Alola, M|100\/100\n|-weather|Snow|[from] ability: Snow Warning|[of] p2a: Ninetales\n|turn|1\n|\n|t:|1701026493\n|move|p1a: Jolteon|Volt Switch|p2a: Ninetales\n|-damage|p2a: Ninetales|51\/100\n|\n|t:|1701026498\n|switch|p1a: Altaria|Altaria, M|100\/100|[from] Volt Switch\n|-ability|p1a: Altaria|Cloud Nine\n|move|p2a: Ninetales|Aurora Veil||[still]\n|-fail|p2a: Ninetales\n|\n|-weather|Snow|[upkeep]\n|upkeep\n|turn|2\n|\n|t:|1701026511\n|switch|p1a: Volcanion|Volcanion|100\/100\n|move|p2a: Ninetales|Blizzard|p1a: Volcanion\n|-resisted|p1a: Volcanion\n|-damage|p1a: Volcanion|95\/100\n|\n|-weather|Snow|[upkeep]\n|upkeep\n|turn|3\n|\n|t:|1701026523\n|switch|p2a: Snorlax|Snorlax, F|100\/100\n|move|p1a: Volcanion|Flamethrower|p2a: Snorlax\n|-crit|p2a: Snorlax\n|-damage|p2a: Snorlax|88\/100\n|\n|-weather|Snow|[upkeep]\n|-heal|p2a: Snorlax|94\/100|[from] item: Leftovers\n|upkeep\n|turn|4\n|\n|t:|1701026541\n|move|p1a: Volcanion|Taunt|p2a: Snorlax\n|-start|p2a: Snorlax|move: Taunt\n|move|p2a: Snorlax|Earthquake|p1a: Volcanion\n|-supereffective|p1a: Volcanion\n|-enditem|p1a: Volcanion|Shuca Berry|[eat]\n|-enditem|p1a: Volcanion|Shuca Berry|[weaken]\n|-damage|p1a: Volcanion|72\/100\n|\n|-weather|Snow|[upkeep]\n|-heal|p2a: Snorlax|99\/100|[from] item: Leftovers\n|upkeep\n|turn|5\n|\n|t:|1701026554\n|switch|p1a: Sneasler|Sneasler, F|100\/100\n|-item|p1a: Sneasler|Air Balloon\n|move|p2a: Snorlax|Body Slam|p1a: Sneasler\n|-damage|p1a: Sneasler|53\/100\n|-status|p1a: Sneasler|par\n|-enditem|p1a: Sneasler|Air Balloon\n|\n|-weather|Snow|[upkeep]\n|-heal|p2a: Snorlax|100\/100|[from] item: Leftovers\n|upkeep\n|turn|6\n|j| Dave1200\n|\n|t:|1701026566\n|switch|p2a: Skeledirge|Skeledirge, M|100\/100\n|cant|p1a: Sneasler|par\n|\n|-weather|Snow|[upkeep]\n|upkeep\n|turn|7\n|\n|t:|1701026594\n|move|p2a: Skeledirge|Yawn||[still]\n|-fail|p2a: Skeledirge\n|move|p1a: Sneasler|U-turn|p2a: Skeledirge\n|-resisted|p2a: Skeledirge\n|-damage|p2a: Skeledirge|97\/100\n|c| KreativerNamee|Schlecht gespielt von Flaggx. H\u00e4tte sich nicht paran lassen d\u00fcrfen\n|\n|t:|1701026604\n|switch|p1a: Altaria|Altaria, M|100\/100|[from] U-turn\n|\n|-weather|Snow|[upkeep]\n|upkeep\n|turn|8\n|\n|t:|1701026612\n|move|p1a: Altaria|Knock Off|p2a: Skeledirge\n|-supereffective|p2a: Skeledirge\n|-enditem|p2a: Skeledirge|Colbur Berry|[eat]\n|-enditem|p2a: Skeledirge|Colbur Berry|[weaken]\n|-damage|p2a: Skeledirge|72\/100\n|move|p2a: Skeledirge|Yawn|p1a: Altaria\n|-start|p1a: Altaria|move: Yawn|[of] p2a: Skeledirge\n|\n|-weather|none\n|upkeep\n|turn|9\n|\n|t:|1701026633\n|move|p1a: Altaria|U-turn|p2a: Skeledirge\n|-resisted|p2a: Skeledirge\n|-damage|p2a: Skeledirge|69\/100\n|\n|t:|1701026637\n|switch|p1a: Volcanion|Volcanion|72\/100|[from] U-turn\n|move|p2a: Skeledirge|Torch Song|p1a: Volcanion\n|-resisted|p1a: Volcanion\n|-damage|p1a: Volcanion|67\/100\n|-boost|p2a: Skeledirge|spa|1\n|\n|upkeep\n|turn|10\n|j| kai2805\n|\n|t:|1701026722\n|switch|p2a: Snorlax|Snorlax, F|100\/100\n|move|p1a: Volcanion|Scald|p2a: Snorlax\n|-damage|p2a: Snorlax|87\/100\n|\n|-heal|p2a: Snorlax|93\/100|[from] item: Leftovers\n|upkeep\n|turn|11\n|c| Horuskoria|???????????\n|c|\u2606Flaggx|burn\n|c| KreativerNamee|Steam Eruption gibts nicht\n|c| Horuskoria|Steam Eruption?\n|c| KreativerNamee|War nicht im Angebot\n|c|\u2606Flaggx|ups\n|\n|t:|1701026762\n|switch|p1a: Sneasler|Sneasler, F|53\/100 par\n|move|p2a: Snorlax|Earthquake|p1a: Sneasler\n|-supereffective|p1a: Sneasler\n|-damage|p1a: Sneasler|0 fnt\n|faint|p1a: Sneasler\n|\n|-heal|p2a: Snorlax|99\/100|[from] item: Leftovers\n|upkeep\n|c|\u2606michpanta|Der war zu teuer ? :D\n|c| KreativerNamee|Liga 2\n|c| KreativerNamee|Liga2\n|\n|t:|1701026772\n|switch|p1a: Jolteon|Jolteon, F|100\/100\n|turn|12\n|\n|t:|1701026778\n|move|p1a: Jolteon|Volt Switch|p2a: Snorlax\n|-damage|p2a: Snorlax|75\/100\n|\n|t:|1701026782\n|switch|p1a: Altaria|Altaria, M|100\/100|[from] Volt Switch\n|-ability|p1a: Altaria|Cloud Nine\n|move|p2a: Snorlax|Body Slam|p1a: Altaria\n|-damage|p1a: Altaria|64\/100\n|\n|-heal|p2a: Snorlax|81\/100|[from] item: Leftovers\n|upkeep\n|turn|13\n|\n|t:|1701026809\n|switch|p1a: Empoleon|Empoleon, F|100\/100\n|move|p2a: Snorlax|Body Slam|p1a: Empoleon\n|-resisted|p1a: Empoleon\n|-damage|p1a: Empoleon|82\/100\n|-status|p1a: Empoleon|par\n|\n|-heal|p2a: Snorlax|87\/100|[from] item: Leftovers\n|-heal|p1a: Empoleon|88\/100 par|[from] item: Leftovers\n|upkeep\n|turn|14\n|\n|t:|1701026820\n|move|p2a: Snorlax|Earthquake|p1a: Empoleon\n|-supereffective|p1a: Empoleon\n|-damage|p1a: Empoleon|33\/100 par\n|cant|p1a: Empoleon|par\n|\n|-heal|p2a: Snorlax|93\/100|[from] item: Leftovers\n|-heal|p1a: Empoleon|39\/100 par|[from] item: Leftovers\n|upkeep\n|turn|15\n|\n|t:|1701026828\n|move|p2a: Snorlax|Earthquake|p1a: Empoleon\n|-supereffective|p1a: Empoleon\n|-damage|p1a: Empoleon|0 fnt\n|faint|p1a: Empoleon\n|\n|-heal|p2a: Snorlax|99\/100|[from] item: Leftovers\n|upkeep\n|\n|t:|1701026830\n|switch|p1a: Jolteon|Jolteon, F|100\/100\n|turn|16\n|\n|t:|1701026836\n|move|p1a: Jolteon|Knock Off|p2a: Snorlax\n|-damage|p2a: Snorlax|58\/100\n|-enditem|p2a: Snorlax|Leftovers|[from] move: Knock Off|[of] p1a: Jolteon\n|move|p2a: Snorlax|Body Slam|p1a: Jolteon\n|-damage|p1a: Jolteon|36\/100\n|replace|p1a: Zoroark|Zoroark, M\n|-end|p1a: Zoroark|Illusion\n|\n|upkeep\n|turn|17\n|c| KreativerNamee|Warum l\u00e4sst du dich Full Paran?\n|c|\u2606Flaggx|ja mein Fehler\n|\n|t:|1701026905\n|switch|p2a: Avalugg|Avalugg, F|100\/100\n|move|p1a: Zoroark|Brick Break|p2a: Avalugg\n|-supereffective|p2a: Avalugg\n|-damage|p2a: Avalugg|81\/100\n|-damage|p1a: Zoroark|19\/100|[from] item: Rocky Helmet|[of] p2a: Avalugg\n|\n|upkeep\n|turn|18\n|\n|t:|1701026931\n|switch|p1a: Volcanion|Volcanion|67\/100\n|-terastallize|p2a: Avalugg|Fairy\n|move|p2a: Avalugg|Body Press|p1a: Volcanion\n|-damage|p1a: Volcanion|36\/100\n|\n|upkeep\n|turn|19\n|\n|t:|1701026939\n|switch|p2a: Snorlax|Snorlax, F|58\/100\n|move|p1a: Volcanion|Scald|p2a: Snorlax\n|-damage|p2a: Snorlax|44\/100\n|\n|upkeep\n|turn|20\n|j| Nrox\n|\n|t:|1701026974\n|move|p1a: Volcanion|Scald|p2a: Snorlax\n|-damage|p2a: Snorlax|29\/100\n|-status|p2a: Snorlax|brn\n|move|p2a: Snorlax|Body Slam|p1a: Volcanion\n|-damage|p1a: Volcanion|23\/100\n|\n|-damage|p2a: Snorlax|23\/100 brn|[from] brn\n|upkeep\n|turn|21\n|\n|t:|1701026985\n|move|p1a: Volcanion|Taunt|p2a: Snorlax\n|-start|p2a: Snorlax|move: Taunt\n|cant|p2a: Snorlax|move: Taunt|Rest\n|\n|-damage|p2a: Snorlax|17\/100 brn|[from] brn\n|upkeep\n|turn|22\n|\n|t:|1701026998\n|move|p1a: Volcanion|Flamethrower|p2a: Snorlax\n|-damage|p2a: Snorlax|7\/100 brn\n|move|p2a: Snorlax|Earthquake|p1a: Volcanion\n|-supereffective|p1a: Volcanion\n|-damage|p1a: Volcanion|4\/100\n|\n|-damage|p2a: Snorlax|1\/100 brn|[from] brn\n|upkeep\n|turn|23\n|\n|t:|1701027010\n|move|p1a: Volcanion|Flamethrower|p2a: Snorlax\n|-damage|p2a: Snorlax|0 fnt\n|faint|p2a: Snorlax\n|\n|upkeep\n|\n|t:|1701027022\n|switch|p2a: Ninetales|Ninetales-Alola, M|51\/100\n|-weather|Snow|[from] ability: Snow Warning|[of] p2a: Ninetales\n|turn|24\n|\n|t:|1701027030\n|move|p2a: Ninetales|Blizzard|p1a: Volcanion\n|-resisted|p1a: Volcanion\n|-damage|p1a: Volcanion|0 fnt\n|faint|p1a: Volcanion\n|\n|-weather|Snow|[upkeep]\n|upkeep\n|\n|t:|1701027032\n|switch|p1a: Jolteon|Jolteon, F|100\/100\n|turn|25\n|\n|t:|1701027044\n|move|p1a: Jolteon|Thunderbolt|p2a: Ninetales\n|-damage|p2a: Ninetales|0 fnt\n|faint|p2a: Ninetales\n|\n|-weather|Snow|[upkeep]\n|upkeep\n|\n|t:|1701027052\n|switch|p2a: Cetitan|Cetitan, M|100\/100\n|turn|26\n|\n|t:|1701027255\n|-terastallize|p1a: Jolteon|Ice\n|move|p2a: Cetitan|Earthquake|p1a: Jolteon\n|-damage|p1a: Jolteon|61\/100\n|move|p1a: Jolteon|Thunderbolt|p2a: Cetitan\n|-damage|p2a: Cetitan|20\/100\n|-enditem|p2a: Cetitan|Sitrus Berry|[eat]\n|-heal|p2a: Cetitan|45\/100|[from] item: Sitrus Berry\n|\n|-weather|Snow|[upkeep]\n|upkeep\n|turn|27\n|\n|t:|1701027269\n|move|p2a: Cetitan|Heavy Slam|p1a: Jolteon\n|-supereffective|p1a: Jolteon\n|-damage|p1a: Jolteon|0 fnt\n|faint|p1a: Jolteon\n|\n|-weather|Snow|[upkeep]\n|upkeep\n|\n|t:|1701027293\n|switch|p1a: Altaria|Altaria, M|64\/100\n|-ability|p1a: Altaria|Cloud Nine\n|turn|28\n|\n|t:|1701027314\n|move|p2a: Cetitan|Ice Punch|p1a: Altaria\n|-supereffective|p1a: Altaria\n|-damage|p1a: Altaria|0 fnt\n|faint|p1a: Altaria\n|\n|-weather|Snow|[upkeep]\n|upkeep\n|\n|t:|1701027317\n|switch|p1a: Zoroark|Zoroark, M|19\/100\n|turn|29\n|\n|t:|1701027322\n|move|p1a: Zoroark|Sucker Punch|p2a: Cetitan\n|-damage|p2a: Cetitan|26\/100\n|move|p2a: Cetitan|Ice Punch|p1a: Zoroark\n|-damage|p1a: Zoroark|0 fnt\n|faint|p1a: Zoroark\n|\n|win|michpanta\n|c|\u2606Flaggx|GG\n|c|\u2606michpanta|gg\n|l| Horuskoria\n|l| KreativerNamee\n","uploadtime":1701027413,"views":25,"p1id":"flaggx","p2id":"michpanta","formatid":"gen9anythinggoes","rating":0,"private":0,"password":""}