{"id":"gen9anythinggoes-1999184419","p1":"Mr Honey Brew","p2":"SytheDaBest","format":"[Gen 9] Anything Goes","log":"|j|\u2606Mr Honey Brew\n|j|\u2606SytheDaBest\n|t:|1701042665\n|gametype|singles\n|player|p1|Mr Honey Brew|102|1180\n|player|p2|SytheDaBest|aaron|1316\n|teamsize|p1|6\n|teamsize|p2|6\n|gen|9\n|tier|[Gen 9] Anything Goes\n|rated|\n|rule|HP Percentage Mod: HP is shown in percentages\n|rule|Endless Battle Clause: Forcing endless battles is banned\n|clearpoke\n|poke|p1|Maushold-Four|\n|poke|p1|Flutter Mane|\n|poke|p1|Miraidon|\n|poke|p1|Rabsca, M|\n|poke|p1|Garganacl, F|\n|poke|p1|Houndstone, M|\n|poke|p2|Espathra, M|\n|poke|p2|Arceus|\n|poke|p2|Zacian-*|\n|poke|p2|Cloyster, M|\n|poke|p2|Calyrex-Shadow|\n|poke|p2|Basculegion-F, F|\n|teampreview\n|inactive|Battle timer is ON: inactive players will automatically lose when time's up. (requested by Mr Honey Brew)\n|\n|t:|1701042679\n|start\n|switch|p1a: DeMarco|Miraidon|100\/100\n|switch|p2a: Clam|Cloyster, M|100\/100\n|-fieldstart|move: Electric Terrain|[from] ability: Hadron Engine|[of] p1a: DeMarco\n|turn|1\n|\n|t:|1701042688\n|-terastallize|p1a: DeMarco|Electric\n|move|p1a: DeMarco|Electro Drift|p2a: Clam\n|-supereffective|p2a: Clam\n|-enditem|p2a: Clam|Focus Sash\n|-damage|p2a: Clam|1\/100\n|move|p2a: Clam|Shell Smash|p2a: Clam\n|-unboost|p2a: Clam|def|1\n|-unboost|p2a: Clam|spd|1\n|-boost|p2a: Clam|atk|2\n|-boost|p2a: Clam|spa|2\n|-boost|p2a: Clam|spe|2\n|\n|upkeep\n|turn|2\n|inactive|SytheDaBest has 120 seconds left.\n|\n|t:|1701042727\n|switch|p1a: Maushold|Maushold-Four|100\/100\n|move|p2a: Clam|Icicle Spear|p1a: Maushold\n|-damage|p1a: Maushold|68\/100\n|-damage|p1a: Maushold|34\/100\n|-damage|p1a: Maushold|0 fnt\n|faint|p1a: Maushold\n|-hitcount|p1: Maushold|3\n|\n|upkeep\n|\n|t:|1701042736\n|switch|p1a: Houndstone|Houndstone, M|100\/100\n|turn|3\n|\n|t:|1701042744\n|move|p1a: Houndstone|Shadow Sneak|p2a: Clam\n|-damage|p2a: Clam|0 fnt\n|faint|p2a: Clam\n|\n|upkeep\n|\n|t:|1701042748\n|switch|p2a: GGWP|Zacian-Crowned, shiny|100\/100\n|-ability|p2a: GGWP|Intrepid Sword|boost\n|-boost|p2a: GGWP|atk|1\n|turn|4\n|\n|t:|1701042752\n|move|p2a: GGWP|Swords Dance|p2a: GGWP\n|-boost|p2a: GGWP|atk|2\n|move|p1a: Houndstone|Last Respects|p2a: GGWP\n|-damage|p2a: GGWP|57\/100\n|\n|upkeep\n|turn|5\n|\n|t:|1701042757\n|move|p2a: GGWP|Behemoth Blade|p1a: Houndstone\n|-damage|p1a: Houndstone|17\/100\n|move|p1a: Houndstone|Last Respects|p2a: GGWP\n|-damage|p2a: GGWP|11\/100\n|\n|-fieldend|move: Electric Terrain\n|upkeep\n|turn|6\n|\n|t:|1701042763\n|move|p1a: Houndstone|Shadow Sneak|p2a: GGWP\n|-damage|p2a: GGWP|0 fnt\n|faint|p2a: GGWP\n|\n|upkeep\n|\n|t:|1701042766\n|switch|p2a: Espathra|Espathra, M|100\/100\n|turn|7\n|\n|t:|1701042770\n|move|p1a: Houndstone|Shadow Sneak|p2a: Espathra\n|-supereffective|p2a: Espathra\n|-damage|p2a: Espathra|59\/100\n|move|p2a: Espathra|Calm Mind|p2a: Espathra\n|-boost|p2a: Espathra|spa|1\n|-boost|p2a: Espathra|spd|1\n|\n|-heal|p2a: Espathra|65\/100|[from] item: Leftovers\n|-ability|p2a: Espathra|Speed Boost|boost\n|-boost|p2a: Espathra|spe|1\n|upkeep\n|turn|8\n|\n|t:|1701042778\n|move|p2a: Espathra|Protect|p2a: Espathra\n|-singleturn|p2a: Espathra|Protect\n|move|p1a: Houndstone|Shadow Sneak|p2a: Espathra\n|-activate|p2a: Espathra|move: Protect\n|\n|-heal|p2a: Espathra|71\/100|[from] item: Leftovers\n|-ability|p2a: Espathra|Speed Boost|boost\n|-boost|p2a: Espathra|spe|1\n|upkeep\n|turn|9\n|\n|t:|1701042784\n|move|p1a: Houndstone|Shadow Sneak|p2a: Espathra\n|-supereffective|p2a: Espathra\n|-damage|p2a: Espathra|29\/100\n|move|p2a: Espathra|Stored Power|p1a: Houndstone\n|-damage|p1a: Houndstone|0 fnt\n|faint|p1a: Houndstone\n|\n|-heal|p2a: Espathra|35\/100|[from] item: Leftovers\n|-ability|p2a: Espathra|Speed Boost|boost\n|-boost|p2a: Espathra|spe|1\n|upkeep\n|\n|t:|1701042802\n|switch|p1a: SSSReplacement|Garganacl, F, shiny|100\/100\n|turn|10\n|\n|t:|1701042807\n|move|p2a: Espathra|Stored Power|p1a: SSSReplacement\n|-damage|p1a: SSSReplacement|60\/100\n|move|p1a: SSSReplacement|Salt Cure|p2a: Espathra\n|-damage|p2a: Espathra|21\/100\n|-start|p2a: Espathra|Salt Cure\n|\n|-heal|p2a: Espathra|27\/100|[from] item: Leftovers\n|-heal|p1a: SSSReplacement|67\/100|[from] item: Leftovers\n|-damage|p2a: Espathra|15\/100|[from] Salt Cure\n|-ability|p2a: Espathra|Speed Boost|boost\n|-boost|p2a: Espathra|spe|1\n|upkeep\n|turn|11\n|\n|t:|1701042815\n|move|p2a: Espathra|Stored Power|p1a: SSSReplacement\n|-damage|p1a: SSSReplacement|23\/100\n|move|p1a: SSSReplacement|Recover|p1a: SSSReplacement\n|-heal|p1a: SSSReplacement|73\/100\n|\n|-heal|p2a: Espathra|21\/100|[from] item: Leftovers\n|-heal|p1a: SSSReplacement|79\/100|[from] item: Leftovers\n|-damage|p2a: Espathra|8\/100|[from] Salt Cure\n|-ability|p2a: Espathra|Speed Boost|boost\n|-boost|p2a: Espathra|spe|1\n|upkeep\n|turn|12\n|\n|t:|1701042821\n|move|p2a: Espathra|Baton Pass|p2a: Espathra\n|\n|t:|1701042823\n|switch|p2a: Calyrex|Calyrex-Shadow|100\/100|[from] Baton Pass\n|-ability|p2a: Calyrex|As One\n|-ability|p2a: Calyrex|Unnerve\n|move|p1a: SSSReplacement|Iron Defense|p1a: SSSReplacement\n|-boost|p1a: SSSReplacement|def|2\n|\n|-heal|p1a: SSSReplacement|85\/100|[from] item: Leftovers\n|upkeep\n|turn|13\n|\n|t:|1701042827\n|move|p2a: Calyrex|Astral Barrage|p1a: SSSReplacement\n|-damage|p1a: SSSReplacement|47\/100\n|move|p1a: SSSReplacement|Salt Cure|p2a: Calyrex\n|-damage|p2a: Calyrex|83\/100\n|-start|p2a: Calyrex|Salt Cure\n|\n|-heal|p1a: SSSReplacement|53\/100|[from] item: Leftovers\n|-damage|p2a: Calyrex|71\/100|[from] Salt Cure\n|upkeep\n|turn|14\n|\n|t:|1701042837\n|switch|p2a: Arceus|Arceus|100\/100\n|move|p1a: SSSReplacement|Recover|p1a: SSSReplacement\n|-heal|p1a: SSSReplacement|100\/100\n|\n|upkeep\n|turn|15\n|\n|t:|1701042841\n|move|p2a: Arceus|Swords Dance|p2a: Arceus\n|-boost|p2a: Arceus|atk|2\n|move|p1a: SSSReplacement|Salt Cure|p2a: Arceus\n|-damage|p2a: Arceus|91\/100\n|-start|p2a: Arceus|Salt Cure\n|\n|-damage|p2a: Arceus|79\/100|[from] Salt Cure\n|upkeep\n|turn|16\n|\n|t:|1701042847\n|move|p2a: Arceus|Swords Dance|p2a: Arceus\n|-boost|p2a: Arceus|atk|2\n|move|p1a: SSSReplacement|Body Press|p2a: Arceus\n|-supereffective|p2a: Arceus\n|-enditem|p2a: Arceus|Chople Berry|[eat]\n|-enditem|p2a: Arceus|Chople Berry|[weaken]\n|-damage|p2a: Arceus|48\/100\n|\n|-damage|p2a: Arceus|36\/100|[from] Salt Cure\n|upkeep\n|turn|17\n|\n|t:|1701042851\n|move|p2a: Arceus|Shadow Claw|p1a: SSSReplacement\n|-damage|p1a: SSSReplacement|87\/100\n|move|p1a: SSSReplacement|Body Press|p2a: Arceus\n|-supereffective|p2a: Arceus\n|-damage|p2a: Arceus|0 fnt\n|faint|p2a: Arceus\n|\n|-heal|p1a: SSSReplacement|93\/100|[from] item: Leftovers\n|upkeep\n|\n|t:|1701042856\n|switch|p2a: Calyrex|Calyrex-Shadow|71\/100\n|-ability|p2a: Calyrex|As One\n|-ability|p2a: Calyrex|Unnerve\n|turn|18\n|\n|t:|1701042860\n|move|p2a: Calyrex|Nasty Plot|p2a: Calyrex\n|-boost|p2a: Calyrex|spa|2\n|move|p1a: SSSReplacement|Salt Cure|p2a: Calyrex\n|-damage|p2a: Calyrex|55\/100\n|-start|p2a: Calyrex|Salt Cure\n|\n|-heal|p1a: SSSReplacement|99\/100|[from] item: Leftovers\n|-damage|p2a: Calyrex|43\/100|[from] Salt Cure\n|upkeep\n|turn|19\n|\n|t:|1701042864\n|move|p2a: Calyrex|Astral Barrage|p1a: SSSReplacement\n|-damage|p1a: SSSReplacement|50\/100\n|move|p1a: SSSReplacement|Salt Cure|p2a: Calyrex\n|-damage|p2a: Calyrex|26\/100\n|\n|-heal|p1a: SSSReplacement|57\/100|[from] item: Leftovers\n|-damage|p2a: Calyrex|14\/100|[from] Salt Cure\n|upkeep\n|turn|20\n|\n|t:|1701042875\n|switch|p2a: Basculegion|Basculegion-F, F, shiny|100\/100\n|move|p1a: SSSReplacement|Recover|p1a: SSSReplacement\n|-heal|p1a: SSSReplacement|100\/100\n|\n|upkeep\n|turn|21\n|\n|t:|1701042879\n|move|p2a: Basculegion|Hydro Pump|p1a: SSSReplacement\n|-supereffective|p1a: SSSReplacement\n|-damage|p1a: SSSReplacement|36\/100\n|move|p1a: SSSReplacement|Salt Cure|p2a: Basculegion\n|-damage|p2a: Basculegion|82\/100\n|-start|p2a: Basculegion|Salt Cure\n|\n|-heal|p1a: SSSReplacement|42\/100|[from] item: Leftovers\n|-damage|p2a: Basculegion|57\/100|[from] Salt Cure\n|upkeep\n|turn|22\n|\n|t:|1701042884\n|switch|p1a: DeMarco|Miraidon, tera:Electric|100\/100\n|-fieldstart|move: Electric Terrain|[from] ability: Hadron Engine|[of] p1a: DeMarco\n|move|p2a: Basculegion|Hydro Pump|p1a: DeMarco\n|-damage|p1a: DeMarco|67\/100\n|\n|-damage|p2a: Basculegion|33\/100|[from] Salt Cure\n|upkeep\n|turn|23\n|\n|t:|1701042891\n|move|p1a: DeMarco|Electro Drift|p2a: Basculegion\n|-supereffective|p2a: Basculegion\n|-damage|p2a: Basculegion|0 fnt\n|faint|p2a: Basculegion\n|\n|upkeep\n|\n|t:|1701042894\n|switch|p2a: Calyrex|Calyrex-Shadow|14\/100\n|-ability|p2a: Calyrex|As One\n|-ability|p2a: Calyrex|Unnerve\n|turn|24\n|\n|t:|1701042899\n|move|p2a: Calyrex|Giga Drain|p1a: DeMarco\n|-damage|p1a: DeMarco|50\/100\n|-heal|p2a: Calyrex|22\/100|[from] drain|[of] p1a: DeMarco\n|move|p1a: DeMarco|Electro Drift|p2a: Calyrex\n|-damage|p2a: Calyrex|0 fnt\n|faint|p2a: Calyrex\n|\n|upkeep\n|\n|t:|1701042903\n|switch|p2a: Espathra|Espathra, M|8\/100\n|turn|25\n|\n|t:|1701042906\n|move|p2a: Espathra|Protect|p2a: Espathra\n|-singleturn|p2a: Espathra|Protect\n|move|p1a: DeMarco|Electro Drift|p2a: Espathra\n|-activate|p2a: Espathra|move: Protect\n|\n|-heal|p2a: Espathra|14\/100|[from] item: Leftovers\n|-ability|p2a: Espathra|Speed Boost|boost\n|-boost|p2a: Espathra|spe|1\n|upkeep\n|turn|26\n|\n|t:|1701042914\n|-terastallize|p2a: Espathra|Normal\n|move|p2a: Espathra|Stored Power|p1a: DeMarco\n|-damage|p1a: DeMarco|41\/100\n|move|p1a: DeMarco|Electro Drift|p2a: Espathra\n|-damage|p2a: Espathra|0 fnt\n|faint|p2a: Espathra\n|\n|win|Mr Honey Brew\n|raw|Mr Honey Brew's rating: 1180 &rarr; <strong>1214<\/strong><br \/>(+34 for winning)\n|raw|SytheDaBest's rating: 1316 &rarr; <strong>1289<\/strong><br \/>(-27 for losing)\n|l|\u2606SytheDaBest\n","uploadtime":1701042927,"views":0,"p1id":"mrhoneybrew","p2id":"sythedabest","formatid":"gen9anythinggoes","rating":1214,"private":0,"password":""}