{"id":"gen9anythinggoes-1974425663","p1":"jb291","p2":"mid ladder memes","format":"[Gen 9] Anything Goes","log":"|j|\u2606jb291\n|j|\u2606mid ladder memes\n|inactive|Battle timer is ON: inactive players will automatically lose when time's up.\n|t:|1698085979\n|gametype|singles\n|player|p1|jb291|korrina-masters|\n|player|p2|mid ladder memes|saguaro|\n|teamsize|p1|6\n|teamsize|p2|6\n|gen|9\n|tier|[Gen 9] Anything Goes\n|rated|Tournament battle\n|rule|HP Percentage Mod: HP is shown in percentages\n|rule|Endless Battle Clause: Forcing endless battles is banned\n|clearpoke\n|poke|p1|Dondozo, F|\n|poke|p1|Toxapex, M|\n|poke|p1|Ting-Lu|\n|poke|p1|Blissey, F|\n|poke|p1|Alomomola, F|\n|poke|p1|Clefable, F|\n|poke|p2|Calyrex-Shadow|\n|poke|p2|Umbreon, F|\n|poke|p2|Great Tusk|\n|poke|p2|Koraidon|\n|poke|p2|Arceus-Poison|\n|poke|p2|Giratina-Origin|\n|teampreview\n|inactive|jb291 also wants the timer to be on.\n|c|\u2606mid ladder memes|:(\n|j|+PrimalKyogre555\n|j| Jojos ladder\n|j|#Frozoid\n|c|\u2606jb291|wtf is this\n|c|\u2606mid ladder memes|i was bringing a fun team :(\n|c|\u2606jb291|i cant use my ag team\n|inactive|jb291 has 120 seconds left.\n|inactive|mid ladder memes has 120 seconds left.\n|j| corvere\u2665\n|\n|t:|1698086022\n|start\n|switch|p1a: Clefable|Clefable, F|100\/100\n|switch|p2a: king of horses|Calyrex-Shadow|100\/100\n|-ability|p2a: king of horses|As One\n|-ability|p2a: king of horses|Unnerve\n|turn|1\n|\n|t:|1698086026\n|move|p2a: king of horses|Grass Knot|p1a: Clefable\n|-damage|p1a: Clefable|68\/100\n|move|p1a: Clefable|Knock Off|p2a: king of horses\n|-supereffective|p2a: king of horses\n|-damage|p2a: king of horses|28\/100\n|-enditem|p2a: king of horses|Choice Specs|[from] move: Knock Off|[of] p1a: Clefable\n|\n|-heal|p1a: Clefable|74\/100|[from] item: Leftovers\n|upkeep\n|turn|2\n|c|\u2606mid ladder memes|damn\n|\n|t:|1698086035\n|switch|p1a: Ting-Lu|Ting-Lu|100\/100\n|-ability|p1a: Ting-Lu|Vessel of Ruin\n|move|p2a: king of horses|Psyshock|p1a: Ting-Lu\n|-immune|p1a: Ting-Lu\n|\n|upkeep\n|turn|3\n|c|\u2606jb291|and then this kind of mu\n|c|\u2606jb291|man\n|c|\u2606jb291|:\/\n|\n|t:|1698086050\n|switch|p2a: king of bastions|Great Tusk|100\/100\n|move|p1a: Ting-Lu|Spikes|p2a: king of bastions\n|-sidestart|p2: mid ladder memes|Spikes\n|\n|upkeep\n|turn|4\n|c|\u2606mid ladder memes|bru im fucked\n|\n|t:|1698086056\n|switch|p1a: Alomomola|Alomomola, F|100\/100\n|move|p2a: king of bastions|Rapid Spin|p1a: Alomomola\n|-damage|p1a: Alomomola|92\/100\n|-boost|p2a: king of bastions|spe|1\n|-sideend|p2: mid ladder memes|Spikes|[from] move: Rapid Spin|[of] p2a: king of bastions\n|\n|upkeep\n|turn|5\n|\n|t:|1698086064\n|-end|p2a: king of bastions|Protosynthesis|[silent]\n|switch|p2a: king of night|Umbreon, F|100\/100\n|move|p1a: Alomomola|Scald|p2a: king of night\n|-damage|p2a: king of night|93\/100\n|\n|-heal|p2a: king of night|99\/100|[from] item: Leftovers\n|upkeep\n|turn|6\n|\n|t:|1698086070\n|move|p2a: king of night|Toxic|p1a: Alomomola\n|-status|p1a: Alomomola|tox\n|move|p1a: Alomomola|Flip Turn|p2a: king of night\n|-damage|p2a: king of night|87\/100\n|\n|t:|1698086078\n|switch|p1a: Blissey|Blissey, F|100\/100|[from] Flip Turn\n|\n|-heal|p2a: king of night|93\/100|[from] item: Leftovers\n|upkeep\n|turn|7\n|\n|t:|1698086082\n|move|p2a: king of night|Wish|p2a: king of night\n|move|p1a: Blissey|Stealth Rock|p2a: king of night\n|-sidestart|p2: mid ladder memes|move: Stealth Rock\n|\n|-heal|p2a: king of night|99\/100|[from] item: Leftovers\n|upkeep\n|turn|8\n|j|%Pure Hackmons\n|\n|t:|1698086091\n|switch|p2a: king of horses|Calyrex-Shadow|28\/100\n|-ability|p2a: king of horses|As One\n|-ability|p2a: king of horses|Unnerve\n|-damage|p2a: king of horses|15\/100|[from] Stealth Rock\n|switch|p1a: Toxapex|Toxapex, M|100\/100\n|\n|-heal|p2a: king of horses|73\/100|[from] move: Wish|[wisher] king of night\n|upkeep\n|turn|9\n|j| mc56556\n|\n|t:|1698086100\n|move|p2a: king of horses|Grass Knot|p1a: Toxapex\n|-damage|p1a: Toxapex|90\/100\n|move|p1a: Toxapex|Toxic|p2a: king of horses\n|-status|p2a: king of horses|tox\n|\n|-damage|p2a: king of horses|67\/100 tox|[from] psn\n|upkeep\n|turn|10\n|c|\u2606mid ladder memes|damn\n|\n|t:|1698086107\n|move|p2a: king of horses|Psyshock|p1a: Toxapex\n|-supereffective|p1a: Toxapex\n|-damage|p1a: Toxapex|6\/100\n|move|p1a: Toxapex|Recover|p1a: Toxapex\n|-heal|p1a: Toxapex|56\/100\n|\n|-damage|p2a: king of horses|55\/100 tox|[from] psn\n|upkeep\n|turn|11\n|\n|t:|1698086112\n|switch|p2a: king of bastions|Great Tusk|100\/100\n|-damage|p2a: king of bastions|97\/100|[from] Stealth Rock\n|switch|p1a: Blissey|Blissey, F|100\/100\n|\n|upkeep\n|turn|12\n|\n|t:|1698086118\n|switch|p1a: Clefable|Clefable, F|74\/100\n|move|p2a: king of bastions|Rapid Spin|p1a: Clefable\n|-damage|p1a: Clefable|64\/100\n|-boost|p2a: king of bastions|spe|1\n|-sideend|p2: mid ladder memes|Stealth Rock|[from] move: Rapid Spin|[of] p2a: king of bastions\n|\n|-heal|p1a: Clefable|70\/100|[from] item: Leftovers\n|upkeep\n|turn|13\n|\n|t:|1698086124\n|-end|p2a: king of bastions|Protosynthesis|[silent]\n|switch|p2a: king of poison|Arceus-Poison|100\/100\n|move|p1a: Clefable|Knock Off|p2a: king of poison\n|-damage|p2a: king of poison|95\/100\n|\n|-heal|p1a: Clefable|76\/100|[from] item: Leftovers\n|upkeep\n|turn|14\n|\n|t:|1698086129\n|switch|p1a: Toxapex|Toxapex, M|90\/100\n|move|p2a: king of poison|Will-O-Wisp|p1a: Toxapex|[miss]\n|-miss|p2a: king of poison|p1a: Toxapex\n|\n|upkeep\n|turn|15\n|\n|t:|1698086133\n|switch|p1a: Alomomola|Alomomola, F|100\/100 tox\n|move|p2a: king of poison|Will-O-Wisp||[still]\n|-fail|p2a: king of poison\n|\n|-damage|p1a: Alomomola|94\/100 tox|[from] psn\n|upkeep\n|turn|16\n|\n|t:|1698086138\n|switch|p2a: king of night|Umbreon, F|99\/100\n|switch|p1a: Toxapex|Toxapex, M|100\/100\n|\n|-heal|p2a: king of night|100\/100|[from] item: Leftovers\n|upkeep\n|turn|17\n|\n|t:|1698086143\n|switch|p2a: king of poison|Arceus-Poison|95\/100\n|move|p1a: Toxapex|Infestation|p2a: king of poison\n|-resisted|p2a: king of poison\n|-damage|p2a: king of poison|94\/100\n|-activate|p2a: king of poison|move: Infestation|[of] p1a: Toxapex\n|\n|-damage|p2a: king of poison|81\/100|[from] move: Infestation|[partiallytrapped]\n|upkeep\n|turn|18\n|\n|t:|1698086148\n|switch|p1a: Alomomola|Alomomola, F|100\/100 tox\n|move|p2a: king of poison|Taunt|p1a: Alomomola\n|-start|p1a: Alomomola|move: Taunt\n|\n|-damage|p1a: Alomomola|94\/100 tox|[from] psn\n|-end|p2a: king of poison|Infestation|[partiallytrapped]|[silent]\n|upkeep\n|turn|19\n|\n|t:|1698086153\n|switch|p2a: king of nothing|Giratina-Origin|100\/100\n|move|p1a: Alomomola|Scald|p2a: king of nothing\n|-resisted|p2a: king of nothing\n|-damage|p2a: king of nothing|96\/100\n|\n|-damage|p1a: Alomomola|82\/100 tox|[from] psn\n|upkeep\n|turn|20\n|j| Dockiva \u2766\ufe0e\n|\n|t:|1698086158\n|switch|p1a: Ting-Lu|Ting-Lu|100\/100\n|-ability|p1a: Ting-Lu|Vessel of Ruin\n|move|p2a: king of nothing|Will-O-Wisp|p1a: Ting-Lu\n|-status|p1a: Ting-Lu|brn\n|\n|-damage|p1a: Ting-Lu|94\/100 brn|[from] brn\n|upkeep\n|turn|21\n|l|%Pure Hackmons\n|\n|t:|1698086162\n|switch|p2a: king of bastions|Great Tusk|97\/100\n|move|p1a: Ting-Lu|Spikes|p2a: king of bastions\n|-sidestart|p2: mid ladder memes|Spikes\n|\n|-damage|p1a: Ting-Lu|88\/100 brn|[from] brn\n|upkeep\n|turn|22\n|\n|t:|1698086170\n|switch|p1a: Clefable|Clefable, F|76\/100\n|move|p2a: king of bastions|Rapid Spin|p1a: Clefable\n|-damage|p1a: Clefable|64\/100\n|-boost|p2a: king of bastions|spe|1\n|-sideend|p2: mid ladder memes|Spikes|[from] move: Rapid Spin|[of] p2a: king of bastions\n|\n|-heal|p1a: Clefable|71\/100|[from] item: Leftovers\n|upkeep\n|turn|23\n|l| Dockiva \u2766\ufe0e\n|\n|t:|1698086177\n|-end|p2a: king of bastions|Protosynthesis|[silent]\n|switch|p2a: king of poison|Arceus-Poison|81\/100\n|move|p1a: Clefable|Knock Off|p2a: king of poison\n|-damage|p2a: king of poison|76\/100\n|\n|-heal|p1a: Clefable|77\/100|[from] item: Leftovers\n|upkeep\n|turn|24\n|\n|t:|1698086181\n|switch|p1a: Toxapex|Toxapex, M|100\/100\n|move|p2a: king of poison|Poison Jab|p1a: Toxapex\n|-resisted|p1a: Toxapex\n|-damage|p1a: Toxapex|87\/100\n|\n|upkeep\n|turn|25\n|\n|t:|1698086184\n|switch|p1a: Alomomola|Alomomola, F|100\/100 tox\n|move|p2a: king of poison|Will-O-Wisp||[still]\n|-fail|p2a: king of poison\n|\n|-damage|p1a: Alomomola|94\/100 tox|[from] psn\n|upkeep\n|turn|26\n|\n|t:|1698086191\n|switch|p2a: king of night|Umbreon, F|100\/100\n|move|p1a: Alomomola|Scald|p2a: king of night\n|-damage|p2a: king of night|93\/100\n|-status|p2a: king of night|brn\n|\n|-heal|p2a: king of night|99\/100 brn|[from] item: Leftovers\n|-damage|p1a: Alomomola|82\/100 tox|[from] psn\n|-damage|p2a: king of night|93\/100 brn|[from] brn\n|upkeep\n|turn|27\n|\n|t:|1698086197\n|switch|p1a: Clefable|Clefable, F|77\/100\n|move|p2a: king of night|Wish|p2a: king of night\n|\n|-heal|p2a: king of night|99\/100 brn|[from] item: Leftovers\n|-heal|p1a: Clefable|83\/100|[from] item: Leftovers\n|-damage|p2a: king of night|93\/100 brn|[from] brn\n|upkeep\n|turn|28\n|\n|t:|1698086208\n|switch|p2a: king of poison|Arceus-Poison|76\/100\n|move|p1a: Clefable|Knock Off|p2a: king of poison\n|-damage|p2a: king of poison|70\/100\n|\n|-heal|p2a: king of poison|100\/100|[from] move: Wish|[wisher] king of night\n|-heal|p1a: Clefable|89\/100|[from] item: Leftovers\n|upkeep\n|turn|29\n|j|%A Bread Sandwich\n|\n|t:|1698086214\n|switch|p1a: Alomomola|Alomomola, F|100\/100 tox\n|move|p2a: king of poison|Poison Jab|p1a: Alomomola\n|-damage|p1a: Alomomola|78\/100 tox\n|\n|-damage|p1a: Alomomola|72\/100 tox|[from] psn\n|upkeep\n|turn|30\n|l| mc56556\n|\n|t:|1698086226\n|switch|p2a: king of night|Umbreon, F|93\/100 brn\n|switch|p1a: Toxapex|Toxapex, M|100\/100\n|\n|-heal|p2a: king of night|99\/100 brn|[from] item: Leftovers\n|-damage|p2a: king of night|93\/100 brn|[from] brn\n|upkeep\n|turn|31\n|\n|t:|1698086231\n|switch|p2a: king of poison|Arceus-Poison|100\/100\n|move|p1a: Toxapex|Infestation|p2a: king of poison\n|-resisted|p2a: king of poison\n|-damage|p2a: king of poison|99\/100\n|-activate|p2a: king of poison|move: Infestation|[of] p1a: Toxapex\n|\n|-damage|p2a: king of poison|87\/100|[from] move: Infestation|[partiallytrapped]\n|upkeep\n|turn|32\n|\n|t:|1698086237\n|switch|p1a: Alomomola|Alomomola, F|100\/100 tox\n|move|p2a: king of poison|Taunt|p1a: Alomomola\n|-start|p1a: Alomomola|move: Taunt\n|\n|-damage|p1a: Alomomola|94\/100 tox|[from] psn\n|-end|p2a: king of poison|Infestation|[partiallytrapped]|[silent]\n|upkeep\n|turn|33\n|\n|t:|1698086244\n|switch|p2a: king of night|Umbreon, F|93\/100 brn\n|switch|p1a: Toxapex|Toxapex, M|100\/100\n|\n|-heal|p2a: king of night|99\/100 brn|[from] item: Leftovers\n|-damage|p2a: king of night|93\/100 brn|[from] brn\n|upkeep\n|turn|34\n|\n|t:|1698086257\n|move|p2a: king of night|Wish|p2a: king of night\n|move|p1a: Toxapex|Infestation|p2a: king of night\n|-supereffective|p2a: king of night\n|-damage|p2a: king of night|90\/100 brn\n|-activate|p2a: king of night|move: Infestation|[of] p1a: Toxapex\n|\n|-heal|p2a: king of night|96\/100 brn|[from] item: Leftovers\n|-damage|p2a: king of night|90\/100 brn|[from] brn\n|-damage|p2a: king of night|77\/100 brn|[from] move: Infestation|[partiallytrapped]\n|upkeep\n|turn|35\n|\n|t:|1698086267\n|move|p2a: king of night|Foul Play|p1a: Toxapex\n|-damage|p1a: Toxapex|94\/100\n|move|p1a: Toxapex|Haze|p1a: Toxapex\n|-clearallboost\n|\n|-heal|p2a: king of night|100\/100 brn|[from] move: Wish|[wisher] king of night\n|-damage|p2a: king of night|94\/100 brn|[from] brn\n|-damage|p2a: king of night|82\/100 brn|[from] move: Infestation|[partiallytrapped]\n|upkeep\n|turn|36\n|\n|t:|1698086275\n|move|p2a: king of night|Foul Play|p1a: Toxapex\n|-damage|p1a: Toxapex|87\/100\n|move|p1a: Toxapex|Haze|p1a: Toxapex\n|-clearallboost\n|\n|-heal|p2a: king of night|88\/100 brn|[from] item: Leftovers\n|-damage|p2a: king of night|82\/100 brn|[from] brn\n|-damage|p2a: king of night|70\/100 brn|[from] move: Infestation|[partiallytrapped]\n|upkeep\n|turn|37\n|\n|t:|1698086278\n|move|p2a: king of night|Wish|p2a: king of night\n|move|p1a: Toxapex|Haze|p1a: Toxapex\n|-clearallboost\n|\n|-heal|p2a: king of night|76\/100 brn|[from] item: Leftovers\n|-damage|p2a: king of night|70\/100 brn|[from] brn\n|-damage|p2a: king of night|57\/100 brn|[from] move: Infestation|[partiallytrapped]\n|upkeep\n|turn|38\n|\n|t:|1698086282\n|move|p2a: king of night|Foul Play|p1a: Toxapex\n|-damage|p1a: Toxapex|80\/100\n|move|p1a: Toxapex|Haze|p1a: Toxapex\n|-clearallboost\n|\n|-heal|p2a: king of night|100\/100 brn|[from] move: Wish|[wisher] king of night\n|-damage|p2a: king of night|94\/100 brn|[from] brn\n|-damage|p2a: king of night|82\/100 brn|[from] move: Infestation|[partiallytrapped]\n|upkeep\n|turn|39\n|\n|t:|1698086287\n|move|p2a: king of night|Wish|p2a: king of night\n|move|p1a: Toxapex|Haze|p1a: Toxapex\n|-clearallboost\n|\n|-heal|p2a: king of night|88\/100 brn|[from] item: Leftovers\n|-damage|p2a: king of night|82\/100 brn|[from] brn\n|-end|p2a: king of night|Infestation|[partiallytrapped]\n|upkeep\n|turn|40\n|\n|t:|1698086291\n|switch|p2a: king of horses|Calyrex-Shadow|55\/100 tox\n|-ability|p2a: king of horses|As One\n|-ability|p2a: king of horses|Unnerve\n|move|p1a: Toxapex|Infestation|p2a: king of horses\n|-damage|p2a: king of horses|51\/100 tox\n|-activate|p2a: king of horses|move: Infestation|[of] p1a: Toxapex\n|\n|-heal|p2a: king of horses|100\/100 tox|[from] move: Wish|[wisher] king of night\n|-damage|p2a: king of horses|94\/100 tox|[from] psn\n|-damage|p2a: king of horses|82\/100 tox|[from] move: Infestation|[partiallytrapped]\n|upkeep\n|turn|41\n|\n|t:|1698086302\n|switch|p1a: Ting-Lu|Ting-Lu|88\/100 brn\n|-ability|p1a: Ting-Lu|Vessel of Ruin\n|move|p2a: king of horses|Psyshock|p1a: Ting-Lu\n|-immune|p1a: Ting-Lu\n|\n|-damage|p2a: king of horses|70\/100 tox|[from] psn\n|-damage|p1a: Ting-Lu|82\/100 brn|[from] brn\n|-end|p2a: king of horses|Infestation|[partiallytrapped]|[silent]\n|upkeep\n|turn|42\n|\n|t:|1698086311\n|switch|p2a: king of bastions|Great Tusk|97\/100\n|move|p1a: Ting-Lu|Payback|p2a: king of bastions\n|-resisted|p2a: king of bastions\n|-damage|p2a: king of bastions|95\/100\n|-damage|p1a: Ting-Lu|65\/100 brn|[from] item: Rocky Helmet|[of] p2a: king of bastions\n|\n|-damage|p1a: Ting-Lu|59\/100 brn|[from] brn\n|upkeep\n|turn|43\n|\n|t:|1698086322\n|switch|p1a: Clefable|Clefable, F|89\/100\n|move|p2a: king of bastions|Earthquake|p1a: Clefable\n|-damage|p1a: Clefable|53\/100\n|\n|-heal|p1a: Clefable|59\/100|[from] item: Leftovers\n|upkeep\n|turn|44\n|\n|t:|1698086346\n|-end|p2a: king of bastions|Protosynthesis|[silent]\n|switch|p2a: king of poison|Arceus-Poison|87\/100\n|move|p1a: Clefable|Wish|p1a: Clefable\n|\n|-heal|p1a: Clefable|65\/100|[from] item: Leftovers\n|upkeep\n|turn|45\n|\n|t:|1698086354\n|switch|p1a: Ting-Lu|Ting-Lu|59\/100 brn\n|-ability|p1a: Ting-Lu|Vessel of Ruin\n|move|p2a: king of poison|Poison Jab|p1a: Ting-Lu\n|-resisted|p1a: Ting-Lu\n|-damage|p1a: Ting-Lu|49\/100 brn\n|\n|-heal|p1a: Ting-Lu|87\/100 brn|[from] move: Wish|[wisher] Clefable\n|-damage|p1a: Ting-Lu|81\/100 brn|[from] brn\n|upkeep\n|turn|46\n|\n|t:|1698086362\n|switch|p2a: king of bastions|Great Tusk|95\/100\n|switch|p1a: Alomomola|Alomomola, F|100\/100 tox\n|\n|-damage|p1a: Alomomola|94\/100 tox|[from] psn\n|upkeep\n|turn|47\n|\n|t:|1698086370\n|-end|p2a: king of bastions|Protosynthesis|[silent]\n|switch|p2a: king of night|Umbreon, F|82\/100 brn\n|move|p1a: Alomomola|Scald|p2a: king of night\n|-damage|p2a: king of night|75\/100 brn\n|\n|-heal|p2a: king of night|81\/100 brn|[from] item: Leftovers\n|-damage|p1a: Alomomola|82\/100 tox|[from] psn\n|-damage|p2a: king of night|75\/100 brn|[from] brn\n|upkeep\n|turn|48\n|\n|t:|1698086373\n|switch|p1a: Ting-Lu|Ting-Lu|81\/100 brn\n|-ability|p1a: Ting-Lu|Vessel of Ruin\n|move|p2a: king of night|Wish|p2a: king of night\n|\n|-heal|p2a: king of night|81\/100 brn|[from] item: Leftovers\n|-damage|p2a: king of night|75\/100 brn|[from] brn\n|-damage|p1a: Ting-Lu|75\/100 brn|[from] brn\n|upkeep\n|turn|49\n|\n|t:|1698086380\n|switch|p2a: king of bastions|Great Tusk|95\/100\n|move|p1a: Ting-Lu|Spikes|p2a: king of bastions\n|-sidestart|p2: mid ladder memes|Spikes\n|\n|-heal|p2a: king of bastions|100\/100|[from] move: Wish|[wisher] king of night\n|-damage|p1a: Ting-Lu|68\/100 brn|[from] brn\n|upkeep\n|turn|50\n|\n|t:|1698086382\n|switch|p1a: Alomomola|Alomomola, F|100\/100 tox\n|move|p2a: king of bastions|Rapid Spin|p1a: Alomomola\n|-damage|p1a: Alomomola|93\/100 tox\n|-boost|p2a: king of bastions|spe|1\n|-sideend|p2: mid ladder memes|Spikes|[from] move: Rapid Spin|[of] p2a: king of bastions\n|\n|-damage|p1a: Alomomola|87\/100 tox|[from] psn\n|upkeep\n|turn|51\n|\n|t:|1698086386\n|-end|p2a: king of bastions|Protosynthesis|[silent]\n|switch|p2a: king of night|Umbreon, F|75\/100 brn\n|move|p1a: Alomomola|Flip Turn|p2a: king of night\n|-damage|p2a: king of night|61\/100 brn\n|\n|t:|1698086389\n|switch|p1a: Toxapex|Toxapex, M|100\/100|[from] Flip Turn\n|\n|-heal|p2a: king of night|67\/100 brn|[from] item: Leftovers\n|-damage|p2a: king of night|61\/100 brn|[from] brn\n|upkeep\n|turn|52\n|\n|t:|1698086394\n|switch|p2a: king of poison|Arceus-Poison|87\/100\n|move|p1a: Toxapex|Infestation|p2a: king of poison\n|-resisted|p2a: king of poison\n|-damage|p2a: king of poison|86\/100\n|-activate|p2a: king of poison|move: Infestation|[of] p1a: Toxapex\n|\n|-damage|p2a: king of poison|74\/100|[from] move: Infestation|[partiallytrapped]\n|upkeep\n|turn|53\n|\n|t:|1698086398\n|switch|p1a: Alomomola|Alomomola, F|100\/100 tox\n|move|p2a: king of poison|Will-O-Wisp||[still]\n|-fail|p2a: king of poison\n|\n|-damage|p1a: Alomomola|94\/100 tox|[from] psn\n|-end|p2a: king of poison|Infestation|[partiallytrapped]|[silent]\n|upkeep\n|turn|54\n|\n|t:|1698086403\n|switch|p2a: king of night|Umbreon, F|61\/100 brn\n|move|p1a: Alomomola|Flip Turn|p2a: king of night\n|-damage|p2a: king of night|48\/100 brn\n|\n|t:|1698086406\n|switch|p1a: Clefable|Clefable, F|65\/100|[from] Flip Turn\n|\n|-heal|p2a: king of night|54\/100 brn|[from] item: Leftovers\n|-heal|p1a: Clefable|71\/100|[from] item: Leftovers\n|-damage|p2a: king of night|48\/100 brn|[from] brn\n|upkeep\n|turn|55\n|\n|t:|1698086413\n|switch|p1a: Alomomola|Alomomola, F|100\/100 tox\n|move|p2a: king of night|Wish|p2a: king of night\n|\n|-heal|p2a: king of night|54\/100 brn|[from] item: Leftovers\n|-damage|p1a: Alomomola|94\/100 tox|[from] psn\n|-damage|p2a: king of night|48\/100 brn|[from] brn\n|upkeep\n|turn|56\n|\n|t:|1698086417\n|move|p2a: king of night|Foul Play|p1a: Alomomola\n|-damage|p1a: Alomomola|88\/100 tox\n|move|p1a: Alomomola|Flip Turn|p2a: king of night\n|-damage|p2a: king of night|35\/100 brn\n|\n|t:|1698086422\n|switch|p1a: Toxapex|Toxapex, M|100\/100|[from] Flip Turn\n|\n|-heal|p2a: king of night|85\/100 brn|[from] move: Wish|[wisher] king of night\n|-heal|p2a: king of night|91\/100 brn|[from] item: Leftovers\n|-damage|p2a: king of night|85\/100 brn|[from] brn\n|upkeep\n|turn|57\n|\n|t:|1698086427\n|switch|p2a: king of poison|Arceus-Poison|74\/100\n|move|p1a: Toxapex|Infestation|p2a: king of poison\n|-resisted|p2a: king of poison\n|-damage|p2a: king of poison|73\/100\n|-activate|p2a: king of poison|move: Infestation|[of] p1a: Toxapex\n|\n|-damage|p2a: king of poison|60\/100|[from] move: Infestation|[partiallytrapped]\n|upkeep\n|turn|58\n|\n|t:|1698086432\n|switch|p1a: Alomomola|Alomomola, F|100\/100 tox\n|move|p2a: king of poison|Poison Jab|p1a: Alomomola\n|-damage|p1a: Alomomola|79\/100 tox\n|\n|-damage|p1a: Alomomola|73\/100 tox|[from] psn\n|-end|p2a: king of poison|Infestation|[partiallytrapped]|[silent]\n|upkeep\n|turn|59\n|\n|t:|1698086437\n|move|p2a: king of poison|Poison Jab|p1a: Alomomola\n|-damage|p1a: Alomomola|51\/100 tox\n|move|p1a: Alomomola|Flip Turn|p2a: king of poison\n|-damage|p2a: king of poison|51\/100\n|\n|t:|1698086441\n|switch|p1a: Clefable|Clefable, F|71\/100|[from] Flip Turn\n|\n|-heal|p1a: Clefable|77\/100|[from] item: Leftovers\n|upkeep\n|turn|60\n|\n|t:|1698086443\n|switch|p1a: Alomomola|Alomomola, F|84\/100 tox\n|move|p2a: king of poison|Poison Jab|p1a: Alomomola\n|-damage|p1a: Alomomola|61\/100 tox\n|\n|-damage|p1a: Alomomola|55\/100 tox|[from] psn\n|upkeep\n|turn|61\n|\n|t:|1698086449\n|switch|p1a: Toxapex|Toxapex, M|100\/100\n|move|p2a: king of poison|Poison Jab|p1a: Toxapex\n|-resisted|p1a: Toxapex\n|-damage|p1a: Toxapex|86\/100\n|\n|upkeep\n|turn|62\n|\n|t:|1698086452\n|switch|p1a: Alomomola|Alomomola, F|88\/100 tox\n|move|p2a: king of poison|Poison Jab|p1a: Alomomola\n|-damage|p1a: Alomomola|69\/100 tox\n|\n|-damage|p1a: Alomomola|63\/100 tox|[from] psn\n|upkeep\n|turn|63\n|\n|t:|1698086457\n|move|p2a: king of poison|Will-O-Wisp||[still]\n|-fail|p2a: king of poison\n|move|p1a: Alomomola|Scald|p2a: king of poison\n|-crit|p2a: king of poison\n|-damage|p2a: king of poison|37\/100\n|-status|p2a: king of poison|brn\n|\n|-damage|p1a: Alomomola|50\/100 tox|[from] psn\n|-damage|p2a: king of poison|30\/100 brn|[from] brn\n|upkeep\n|turn|64\n|\n|t:|1698086460\n|move|p2a: king of poison|Recover|p2a: king of poison\n|-heal|p2a: king of poison|80\/100 brn\n|move|p1a: Alomomola|Flip Turn|p2a: king of poison\n|-damage|p2a: king of poison|71\/100 brn\n|\n|t:|1698086463\n|switch|p1a: Toxapex|Toxapex, M|100\/100|[from] Flip Turn\n|\n|-damage|p2a: king of poison|65\/100 brn|[from] brn\n|upkeep\n|turn|65\n|\n|t:|1698086469\n|switch|p2a: king of horses|Calyrex-Shadow|70\/100 tox\n|-ability|p2a: king of horses|As One\n|-ability|p2a: king of horses|Unnerve\n|switch|p1a: Alomomola|Alomomola, F|83\/100 tox\n|\n|-damage|p2a: king of horses|64\/100 tox|[from] psn\n|-damage|p1a: Alomomola|77\/100 tox|[from] psn\n|upkeep\n|turn|66\n|\n|t:|1698086477\n|move|p1a: Alomomola|Protect|p1a: Alomomola\n|-singleturn|p1a: Alomomola|Protect\n|move|p2a: king of horses|Psyshock|p1a: Alomomola\n|-activate|p1a: Alomomola|move: Protect\n|\n|-damage|p2a: king of horses|51\/100 tox|[from] psn\n|-damage|p1a: Alomomola|65\/100 tox|[from] psn\n|upkeep\n|turn|67\n|\n|t:|1698086480\n|switch|p1a: Toxapex|Toxapex, M|100\/100\n|move|p2a: king of horses|Psyshock|p1a: Toxapex\n|-supereffective|p1a: Toxapex\n|-damage|p1a: Toxapex|27\/100\n|\n|-damage|p2a: king of horses|33\/100 tox|[from] psn\n|upkeep\n|turn|68\n|l|#Frozoid\n|\n|t:|1698086495\n|switch|p1a: Blissey|Blissey, F|100\/100\n|move|p2a: king of horses|Psyshock|p1a: Blissey\n|-damage|p1a: Blissey|45\/100\n|\n|-damage|p2a: king of horses|8\/100 tox|[from] psn\n|upkeep\n|turn|69\n|\n|t:|1698086502\n|switch|p2a: king of bastions|Great Tusk|100\/100\n|move|p1a: Blissey|Soft-Boiled|p1a: Blissey\n|-heal|p1a: Blissey|95\/100\n|\n|upkeep\n|turn|70\n|\n|t:|1698086519\n|switch|p1a: Alomomola|Alomomola, F|98\/100 tox\n|move|p2a: king of bastions|Earthquake|p1a: Alomomola\n|-damage|p1a: Alomomola|74\/100 tox\n|\n|-damage|p1a: Alomomola|67\/100 tox|[from] psn\n|upkeep\n|turn|71\n|\n|t:|1698086530\n|move|p2a: king of bastions|Earthquake|p1a: Alomomola\n|-damage|p1a: Alomomola|43\/100 tox\n|move|p1a: Alomomola|Flip Turn|p2a: king of bastions\n|-supereffective|p2a: king of bastions\n|-damage|p2a: king of bastions|85\/100\n|-damage|p1a: Alomomola|27\/100 tox|[from] item: Rocky Helmet|[of] p2a: king of bastions\n|l|%A Bread Sandwich\n|\n|t:|1698086532\n|switch|p1a: Clefable|Clefable, F|77\/100|[from] Flip Turn\n|\n|-heal|p1a: Clefable|83\/100|[from] item: Leftovers\n|upkeep\n|turn|72\n|\n|t:|1698086552\n|-end|p2a: king of bastions|Protosynthesis|[silent]\n|switch|p2a: king of horses|Calyrex-Shadow|8\/100 tox\n|-ability|p2a: king of horses|As One\n|-ability|p2a: king of horses|Unnerve\n|move|p1a: Clefable|Moonblast|p2a: king of horses\n|-damage|p2a: king of horses|0 fnt\n|faint|p2a: king of horses\n|\n|-heal|p1a: Clefable|90\/100|[from] item: Leftovers\n|upkeep\n|\n|t:|1698086554\n|switch|p2a: king of rising sun|Koraidon|100\/100\n|-weather|SunnyDay|[from] ability: Orichalcum Pulse|[of] p2a: king of rising sun\n|-activate|p2a: king of rising sun|Orichalcum Pulse|[source]\n|turn|73\n|\n|t:|1698086557\n|-terastallize|p2a: king of rising sun|Fire\n|move|p2a: king of rising sun|Flare Blitz|p1a: Clefable\n|-damage|p1a: Clefable|0 fnt\n|faint|p1a: Clefable\n|-damage|p2a: king of rising sun|66\/100|[from] Recoil\n|\n|-weather|SunnyDay|[upkeep]\n|upkeep\n|j| Dockiva \u2766\ufe0e\n|\n|t:|1698086565\n|switch|p1a: Alomomola|Alomomola, F|60\/100 tox\n|turn|74\n|\n|t:|1698086576\n|switch|p2a: king of nothing|Giratina-Origin|96\/100\n|move|p1a: Alomomola|Flip Turn|p2a: king of nothing\n|-resisted|p2a: king of nothing\n|-damage|p2a: king of nothing|94\/100\n|\n|t:|1698086579\n|switch|p1a: Ting-Lu|Ting-Lu|68\/100 brn|[from] Flip Turn\n|-ability|p1a: Ting-Lu|Vessel of Ruin\n|\n|-weather|SunnyDay|[upkeep]\n|-damage|p1a: Ting-Lu|62\/100 brn|[from] brn\n|upkeep\n|turn|75\n|\n|t:|1698086585\n|move|p2a: king of nothing|Draco Meteor|p1a: Ting-Lu\n|-damage|p1a: Ting-Lu|37\/100 brn\n|-unboost|p2a: king of nothing|spa|2\n|move|p1a: Ting-Lu|Spikes|p2a: king of nothing\n|-sidestart|p2: mid ladder memes|Spikes\n|\n|-weather|SunnyDay|[upkeep]\n|-damage|p1a: Ting-Lu|31\/100 brn|[from] brn\n|upkeep\n|turn|76\n|\n|t:|1698086589\n|switch|p2a: king of bastions|Great Tusk|85\/100\n|-damage|p2a: king of bastions|73\/100|[from] Spikes\n|-activate|p2a: king of bastions|ability: Protosynthesis\n|-start|p2a: king of bastions|protosynthesisdef\n|move|p1a: Ting-Lu|Rest|p1a: Ting-Lu\n|-status|p1a: Ting-Lu|slp|[from] move: Rest\n|-heal|p1a: Ting-Lu|100\/100 slp|[silent]\n|\n|-weather|SunnyDay|[upkeep]\n|upkeep\n|turn|77\n|\n|t:|1698086592\n|move|p2a: king of bastions|Rapid Spin|p1a: Ting-Lu\n|-damage|p1a: Ting-Lu|93\/100 slp\n|-boost|p2a: king of bastions|spe|1\n|-sideend|p2: mid ladder memes|Spikes|[from] move: Rapid Spin|[of] p2a: king of bastions\n|cant|p1a: Ting-Lu|slp\n|\n|-weather|none\n|-end|p2a: king of bastions|Protosynthesis\n|upkeep\n|turn|78\n|\n|t:|1698086596\n|switch|p1a: Alomomola|Alomomola, F|93\/100 tox\n|move|p2a: king of bastions|Play Rough|p1a: Alomomola\n|-damage|p1a: Alomomola|80\/100 tox\n|\n|-damage|p1a: Alomomola|73\/100 tox|[from] psn\n|upkeep\n|turn|79\n|c|\u2606mid ladder memes|yea i cant break here\n|c|\u2606jb291|i win this\n|c|\u2606mid ladder memes|ggwp\n|c|\u2606jb291|gg\n|-message|mid ladder memes forfeited.\n|\n|win|jb291\n|n|\u2606jb291|jb291\n|n|\u2606mid ladder memes|midladdermemes\n|n| PrimalKyogre555|primalkyogre555\n|n| Jojos ladder|jojosladder\n|n| corvere\u2665|corvere\n|n| Dockiva \u2766\ufe0e|dockiva\n","uploadtime":1698086617,"views":30,"p1id":"jb291","p2id":"midladdermemes","formatid":"gen9anythinggoes","rating":0,"private":0,"password":""}