{"id":"gen9anythinggoes-1981697591","p1":"iroonleef","p2":"oshsinoko","format":"[Gen 9] Anything Goes","log":"|j|\u2606iroonleef\n|j|\u2606oshsinoko\n|t:|1698934609\n|gametype|singles\n|player|p1|iroonleef|koga|1060\n|player|p2|oshsinoko|byron|1000\n|teamsize|p1|6\n|teamsize|p2|6\n|gen|9\n|tier|[Gen 9] Anything Goes\n|rated|\n|rule|HP Percentage Mod: HP is shown in percentages\n|rule|Endless Battle Clause: Forcing endless battles is banned\n|clearpoke\n|poke|p1|Espeon, M|\n|poke|p1|Mew|\n|poke|p1|Urshifu-*, F|\n|poke|p1|Skeledirge, M|\n|poke|p1|Annihilape, M|\n|poke|p1|Mewtwo|\n|poke|p2|Mimikyu, M|\n|poke|p2|Drifblim, M|\n|poke|p2|Ursaluna-Bloodmoon, M|\n|poke|p2|Scream Tail|\n|poke|p2|Gliscor, M|\n|poke|p2|Hawlucha, F|\n|teampreview\n|inactive|Battle timer is ON: inactive players will automatically lose when time's up. (requested by iroonleef)\n|c|\u2606oshsinoko|bonjour\n|\n|t:|1698934622\n|start\n|switch|p1a: Mew|Mew|100\/100\n|switch|p2a: balloon|Drifblim, M|100\/100\n|turn|1\n|\n|t:|1698934632\n|move|p1a: Mew|Amnesia|p1a: Mew\n|-boost|p1a: Mew|spd|2\n|move|p2a: balloon|Minimize|p2a: balloon\n|-boost|p2a: balloon|evasion|2\n|\n|upkeep\n|turn|2\n|\n|t:|1698934640\n|move|p1a: Mew|Amnesia|p1a: Mew\n|-boost|p1a: Mew|spd|2\n|move|p2a: balloon|Minimize|p2a: balloon\n|-boost|p2a: balloon|evasion|2\n|\n|upkeep\n|turn|3\n|\n|t:|1698934647\n|move|p1a: Mew|Amnesia|p1a: Mew\n|-boost|p1a: Mew|spd|2\n|move|p2a: balloon|Minimize|p2a: balloon\n|-boost|p2a: balloon|evasion|2\n|\n|upkeep\n|turn|4\n|\n|t:|1698934654\n|move|p1a: Mew|Iron Defense|p1a: Mew\n|-boost|p1a: Mew|def|2\n|move|p2a: balloon|Calm Mind|p2a: balloon\n|-boost|p2a: balloon|spa|1\n|-boost|p2a: balloon|spd|1\n|\n|upkeep\n|turn|5\n|\n|t:|1698934663\n|move|p1a: Mew|Agility|p1a: Mew\n|-boost|p1a: Mew|spe|2\n|move|p2a: balloon|Calm Mind|p2a: balloon\n|-boost|p2a: balloon|spa|1\n|-boost|p2a: balloon|spd|1\n|\n|upkeep\n|turn|6\n|\n|t:|1698934671\n|move|p1a: Mew|Agility|p1a: Mew\n|-boost|p1a: Mew|spe|2\n|move|p2a: balloon|Calm Mind|p2a: balloon\n|-boost|p2a: balloon|spa|1\n|-boost|p2a: balloon|spd|1\n|\n|upkeep\n|turn|7\n|\n|t:|1698934681\n|move|p1a: Mew|Iron Defense|p1a: Mew\n|-boost|p1a: Mew|def|2\n|move|p2a: balloon|Calm Mind|p2a: balloon\n|-boost|p2a: balloon|spa|1\n|-boost|p2a: balloon|spd|1\n|\n|upkeep\n|turn|8\n|\n|t:|1698934687\n|move|p1a: Mew|Iron Defense|p1a: Mew\n|-boost|p1a: Mew|def|2\n|move|p2a: balloon|Calm Mind|p2a: balloon\n|-boost|p2a: balloon|spa|1\n|-boost|p2a: balloon|spd|1\n|\n|upkeep\n|turn|9\n|\n|t:|1698934696\n|move|p1a: Mew|Agility|p1a: Mew\n|-boost|p1a: Mew|spe|2\n|move|p2a: balloon|Calm Mind|p2a: balloon\n|-boost|p2a: balloon|spa|1\n|-boost|p2a: balloon|spd|1\n|\n|upkeep\n|turn|10\n|\n|t:|1698934704\n|move|p1a: Mew|Baton Pass|p1a: Mew\n|\n|t:|1698934706\n|switch|p1a: Espeon|Espeon, M|100\/100|[from] Baton Pass\n|move|p2a: balloon|Baton Pass|p2a: balloon\n|\n|t:|1698934712\n|switch|p2a: weird jigglypuff|Scream Tail, shiny|100\/100|[from] Baton Pass\n|\n|upkeep\n|turn|11\n|\n|t:|1698934723\n|move|p1a: Espeon|Stored Power|p2a: weird jigglypuff|[miss]\n|-miss|p1a: Espeon|p2a: weird jigglypuff\n|move|p2a: weird jigglypuff|Bulk Up|p2a: weird jigglypuff\n|-boost|p2a: weird jigglypuff|atk|1\n|-boost|p2a: weird jigglypuff|def|1\n|\n|upkeep\n|turn|12\n|\n|t:|1698934731\n|move|p1a: Espeon|Stored Power|p2a: weird jigglypuff\n|-resisted|p2a: weird jigglypuff\n|-damage|p2a: weird jigglypuff|84\/100\n|move|p2a: weird jigglypuff|Disable|p1a: Espeon\n|move|p1a: Espeon|Disable|p2a: weird jigglypuff|[from]ability: Magic Bounce\n|-start|p2a: weird jigglypuff|Disable|Disable\n|\n|-heal|p2a: weird jigglypuff|90\/100|[from] item: Leftovers\n|upkeep\n|turn|13\n|\n|t:|1698934751\n|move|p1a: Espeon|Stored Power|p2a: weird jigglypuff|[miss]\n|-miss|p1a: Espeon|p2a: weird jigglypuff\n|move|p2a: weird jigglypuff|Bulk Up|p2a: weird jigglypuff\n|-boost|p2a: weird jigglypuff|atk|1\n|-boost|p2a: weird jigglypuff|def|1\n|\n|-heal|p2a: weird jigglypuff|96\/100|[from] item: Leftovers\n|upkeep\n|turn|14\n|\n|t:|1698934767\n|move|p1a: Espeon|Stored Power|p2a: weird jigglypuff|[miss]\n|-miss|p1a: Espeon|p2a: weird jigglypuff\n|move|p2a: weird jigglypuff|Bulk Up|p2a: weird jigglypuff\n|-boost|p2a: weird jigglypuff|atk|1\n|-boost|p2a: weird jigglypuff|def|1\n|\n|-heal|p2a: weird jigglypuff|100\/100|[from] item: Leftovers\n|upkeep\n|turn|15\n|\n|t:|1698934780\n|move|p1a: Espeon|Stored Power|p2a: weird jigglypuff|[miss]\n|-miss|p1a: Espeon|p2a: weird jigglypuff\n|move|p2a: weird jigglypuff|Bulk Up|p2a: weird jigglypuff\n|-boost|p2a: weird jigglypuff|atk|1\n|-boost|p2a: weird jigglypuff|def|1\n|\n|upkeep\n|turn|16\n|\n|t:|1698934791\n|move|p1a: Espeon|Dazzling Gleam|p2a: weird jigglypuff\n|-damage|p2a: weird jigglypuff|96\/100\n|move|p2a: weird jigglypuff|Bulk Up|p2a: weird jigglypuff\n|-boost|p2a: weird jigglypuff|atk|1\n|-boost|p2a: weird jigglypuff|def|1\n|\n|-heal|p2a: weird jigglypuff|100\/100|[from] item: Leftovers\n|-end|p2a: weird jigglypuff|Disable\n|upkeep\n|turn|17\n|\n|t:|1698934802\n|move|p1a: Espeon|Stored Power|p2a: weird jigglypuff\n|-resisted|p2a: weird jigglypuff\n|-damage|p2a: weird jigglypuff|84\/100\n|move|p2a: weird jigglypuff|Bulk Up|p2a: weird jigglypuff\n|-boost|p2a: weird jigglypuff|atk|1\n|-boost|p2a: weird jigglypuff|def|1\n|\n|-heal|p2a: weird jigglypuff|90\/100|[from] item: Leftovers\n|upkeep\n|turn|18\n|\n|t:|1698934814\n|move|p1a: Espeon|Shadow Ball|p2a: weird jigglypuff|[miss]\n|-miss|p1a: Espeon|p2a: weird jigglypuff\n|move|p2a: weird jigglypuff|Baton Pass|p2a: weird jigglypuff\n|\n|t:|1698934819\n|-end|p2a: weird jigglypuff|Protosynthesis|[silent]\n|switch|p2a: aztec bird?|Hawlucha, F|100\/100|[from] Baton Pass\n|-ability|p2a: aztec bird?|Mold Breaker\n|\n|upkeep\n|turn|19\n|\n|t:|1698934826\n|move|p1a: Espeon|Stored Power|p2a: aztec bird?\n|-supereffective|p2a: aztec bird?\n|-damage|p2a: aztec bird?|0 fnt\n|faint|p2a: aztec bird?\n|\n|upkeep\n|c|\u2606oshsinoko|shit\n|\n|t:|1698934834\n|switch|p2a: Puppet|Mimikyu, M|100\/100\n|turn|20\n|\n|t:|1698934838\n|move|p1a: Espeon|Draining Kiss|p2a: Puppet\n|-activate|p2a: Puppet|ability: Disguise\n|-damage|p2a: Puppet|100\/100\n|detailschange|p2a: Puppet|Mimikyu-Busted, M\n|-damage|p2a: Puppet|88\/100|[from] pokemon: Mimikyu-Busted\n|move|p2a: Puppet|Play Rough|p1a: Espeon\n|-damage|p1a: Espeon|82\/100\n|\n|upkeep\n|turn|21\n|\n|t:|1698934848\n|move|p1a: Espeon|Stored Power|p2a: Puppet\n|-damage|p2a: Puppet|0 fnt\n|faint|p2a: Puppet\n|\n|upkeep\n|c|\u2606oshsinoko|shit shit shit\n|c|\u2606oshsinoko|gg\n|-message|oshsinoko forfeited.\n|\n|win|iroonleef\n|raw|iroonleef's rating: 1060 &rarr; <strong>1086<\/strong><br \/>(+26 for winning)\n|raw|oshsinoko's rating: 1000 &rarr; <strong>1000<\/strong><br \/>(+0 for losing)\n","uploadtime":1698934859,"views":7,"p1id":"iroonleef","p2id":"oshsinoko","formatid":"gen9anythinggoes","rating":1000,"private":0,"password":""}