{"id":"gen9anythinggoes-2000141421","p1":"Lyddan","p2":"MrMimeIsMrKetchum","format":"[Gen 9] Anything Goes","log":"|j|\u2606Lyddan\n|j|\u2606MrMimeIsMrKetchum\n|t:|1701162079\n|gametype|singles\n|player|p1|Lyddan|volkner|1183\n|player|p2|MrMimeIsMrKetchum|swimmerf-gen4|1254\n|teamsize|p1|6\n|teamsize|p2|6\n|gen|9\n|tier|[Gen 9] Anything Goes\n|rated|\n|rule|HP Percentage Mod: HP is shown in percentages\n|rule|Endless Battle Clause: Forcing endless battles is banned\n|clearpoke\n|poke|p1|Samurott-Hisui, M|\n|poke|p1|Dialga-Origin|\n|poke|p1|Skeledirge, M|\n|poke|p1|Urshifu-*, F|\n|poke|p1|Regieleki|\n|poke|p1|Darkrai|\n|poke|p2|Annihilape, M|\n|poke|p2|Blissey, F|\n|poke|p2|Pawmot, M|\n|poke|p2|Rabsca, M|\n|poke|p2|Pelipper, M|\n|poke|p2|Basculegion, M|\n|teampreview\n|inactive|Battle timer is ON: inactive players will automatically lose when time's up. (requested by MrMimeIsMrKetchum)\n|\n|t:|1701162086\n|start\n|switch|p1a: good boi|Samurott-Hisui, M, shiny|100\/100\n|switch|p2a: Annihilape|Annihilape, M, shiny|100\/100\n|turn|1\n|\n|t:|1701162097\n|move|p2a: Annihilape|Final Gambit|p1a: good boi\n|-damage|p1a: good boi|0 fnt\n|faint|p2a: Annihilape\n|faint|p1a: good boi\n|\n|upkeep\n|\n|t:|1701162103\n|switch|p2a: Blissey|Blissey, F, shiny|100\/100\n|switch|p1a: 2nd good boi|Urshifu-Rapid-Strike, F|100\/100\n|turn|2\n|\n|t:|1701162108\n|move|p2a: Blissey|Copycat|p2a: Blissey\n|move|p2a: Blissey|Final Gambit|p1a: 2nd good boi|[from]move: Copycat\n|-damage|p1a: 2nd good boi|0 fnt\n|faint|p2a: Blissey\n|faint|p1a: 2nd good boi\n|\n|upkeep\n|\n|t:|1701162118\n|switch|p1a: regiSONIC|Regieleki|100\/100\n|switch|p2a: Pawmot|Pawmot, M, shiny|100\/100\n|turn|3\n|\n|t:|1701162134\n|move|p1a: regiSONIC|Rapid Spin|p2a: Pawmot\n|-damage|p2a: Pawmot|86\/100\n|-boost|p1a: regiSONIC|spe|1\n|move|p2a: Pawmot|Revival Blessing|p2a: Pawmot\n|-enditem|p2a: Pawmot|Leppa Berry|[eat]\n|-activate|p2a: Pawmot|item: Leppa Berry|Revival Blessing|[consumed]\n|\n|t:|1701162139\n|-heal|p2: Annihilape|50\/100|[from] move: Revival Blessing\n|\n|upkeep\n|turn|4\n|\n|t:|1701162143\n|move|p1a: regiSONIC|Thunder Cage|p2a: Pawmot\n|-resisted|p2a: Pawmot\n|-damage|p2a: Pawmot|53\/100\n|-activate|p2a: Pawmot|move: Thunder Cage|[of] p1a: regiSONIC\n|move|p2a: Pawmot|Revival Blessing|p2a: Pawmot\n|\n|t:|1701162148\n|-heal|p2: Blissey|50\/100|[from] move: Revival Blessing\n|\n|-damage|p2a: Pawmot|41\/100|[from] move: Thunder Cage|[partiallytrapped]\n|upkeep\n|turn|5\n|\n|t:|1701162156\n|move|p1a: regiSONIC|Thunder Cage|p2a: Pawmot|[miss]\n|-miss|p1a: regiSONIC|p2a: Pawmot\n|move|p2a: Pawmot|Ice Punch|p1a: regiSONIC\n|-damage|p1a: regiSONIC|56\/100\n|\n|-damage|p2a: Pawmot|28\/100|[from] move: Thunder Cage|[partiallytrapped]\n|upkeep\n|turn|6\n|\n|t:|1701162166\n|move|p1a: regiSONIC|Thunder Cage|p2a: Pawmot\n|-resisted|p2a: Pawmot\n|-damage|p2a: Pawmot|0 fnt\n|faint|p2a: Pawmot\n|\n|upkeep\n|\n|t:|1701162175\n|switch|p2a: Pelipper|Pelipper, M, shiny|100\/100\n|-weather|RainDance|[from] ability: Drizzle|[of] p2a: Pelipper\n|turn|7\n|\n|t:|1701162181\n|-terastallize|p2a: Pelipper|Ground\n|move|p1a: regiSONIC|Volt Switch|p2a: Pelipper\n|-immune|p2a: Pelipper\n|move|p2a: Pelipper|Tera Blast|p1a: regiSONIC|[anim] Tera Blast Ground\n|-supereffective|p1a: regiSONIC\n|-damage|p1a: regiSONIC|0 fnt\n|faint|p1a: regiSONIC\n|\n|-weather|RainDance|[upkeep]\n|upkeep\n|\n|t:|1701162200\n|switch|p1a: old guy|Dialga-Origin, shiny|100\/100\n|-ability|p1a: old guy|Pressure\n|turn|8\n|\n|t:|1701162214\n|switch|p2a: Rabsca|Rabsca, M, shiny|100\/100\n|move|p1a: old guy|Stealth Rock|p2a: Rabsca\n|-sidestart|p2: MrMimeIsMrKetchum|move: Stealth Rock\n|\n|-weather|RainDance|[upkeep]\n|upkeep\n|turn|9\n|\n|t:|1701162222\n|move|p1a: old guy|Dragon Pulse|p2a: Rabsca\n|-damage|p2a: Rabsca|45\/100\n|move|p2a: Rabsca|Revival Blessing|p2a: Rabsca\n|-enditem|p2a: Rabsca|Leppa Berry|[eat]\n|-activate|p2a: Rabsca|item: Leppa Berry|Revival Blessing|[consumed]\n|\n|t:|1701162227\n|-heal|p2: Pawmot|50\/100|[from] move: Revival Blessing\n|\n|-weather|RainDance|[upkeep]\n|upkeep\n|turn|10\n|\n|t:|1701162243\n|move|p1a: old guy|Dragon Pulse|p2a: Rabsca\n|-damage|p2a: Rabsca|0 fnt\n|faint|p2a: Rabsca\n|\n|-weather|RainDance|[upkeep]\n|upkeep\n|\n|t:|1701162248\n|switch|p2a: Pawmot|Pawmot, M, shiny|50\/100\n|-damage|p2a: Pawmot|44\/100|[from] Stealth Rock\n|turn|11\n|\n|t:|1701162257\n|move|p2a: Pawmot|Mach Punch|p1a: old guy\n|-supereffective|p1a: old guy\n|-damage|p1a: old guy|69\/100\n|move|p1a: old guy|Dragon Pulse|p2a: Pawmot\n|-damage|p2a: Pawmot|0 fnt\n|faint|p2a: Pawmot\n|\n|-weather|RainDance|[upkeep]\n|upkeep\n|\n|t:|1701162274\n|switch|p2a: Basculegion|Basculegion, M, shiny|100\/100\n|-damage|p2a: Basculegion|88\/100|[from] Stealth Rock\n|turn|12\n|\n|t:|1701162287\n|move|p2a: Basculegion|Flip Turn|p1a: old guy\n|-resisted|p1a: old guy\n|-damage|p1a: old guy|41\/100\n|\n|t:|1701162293\n|switch|p2a: Blissey|Blissey, F, shiny|50\/100|[from] Flip Turn\n|-damage|p2a: Blissey|38\/100|[from] Stealth Rock\n|move|p1a: old guy|Dragon Pulse|p2a: Blissey\n|-damage|p2a: Blissey|17\/100\n|\n|-weather|RainDance|[upkeep]\n|upkeep\n|turn|13\n|\n|t:|1701162309\n|move|p2a: Blissey|Ice Beam|p1a: old guy\n|-damage|p1a: old guy|27\/100\n|-status|p1a: old guy|frz\n|-curestatus|p1a: old guy|frz|[msg]\n|move|p1a: old guy|Flash Cannon|p2a: Blissey\n|-damage|p2a: Blissey|0 fnt\n|faint|p2a: Blissey\n|\n|-weather|RainDance|[upkeep]\n|upkeep\n|\n|t:|1701162316\n|switch|p2a: Annihilape|Annihilape, M, shiny|50\/100\n|-damage|p2a: Annihilape|44\/100|[from] Stealth Rock\n|turn|14\n|\n|t:|1701162326\n|move|p2a: Annihilape|Drain Punch|p1a: old guy\n|-supereffective|p1a: old guy\n|-damage|p1a: old guy|0 fnt\n|-heal|p2a: Annihilape|55\/100|[from] drain|[of] p1a: old guy\n|faint|p1a: old guy\n|\n|-weather|none\n|upkeep\n|\n|t:|1701162338\n|switch|p1a: very scary|Darkrai, shiny|100\/100\n|turn|15\n|\n|t:|1701162346\n|move|p2a: Annihilape|Drain Punch|p1a: very scary\n|-supereffective|p1a: very scary\n|-damage|p1a: very scary|12\/100\n|-heal|p2a: Annihilape|84\/100|[from] drain|[of] p1a: very scary\n|move|p1a: very scary|Hypnosis|p2a: Annihilape|[miss]\n|-miss|p1a: very scary|p2a: Annihilape\n|\n|-heal|p1a: very scary|18\/100|[from] item: Leftovers\n|upkeep\n|turn|16\n|\n|t:|1701162354\n|move|p2a: Annihilape|Drain Punch|p1a: very scary\n|-supereffective|p1a: very scary\n|-damage|p1a: very scary|0 fnt\n|-heal|p2a: Annihilape|90\/100|[from] drain|[of] p1a: very scary\n|faint|p1a: very scary\n|\n|upkeep\n|\n|t:|1701162360\n|switch|p1a: clown honk|Skeledirge, M, shiny|100\/100\n|turn|17\n|\n|t:|1701162367\n|switch|p2a: Pelipper|Pelipper, M, shiny, tera:Ground|100\/100\n|-damage|p2a: Pelipper|94\/100|[from] Stealth Rock\n|-weather|RainDance|[from] ability: Drizzle|[of] p2a: Pelipper\n|-terastallize|p1a: clown honk|Ground\n|move|p1a: clown honk|Earth Power|p2a: Pelipper\n|-damage|p2a: Pelipper|27\/100\n|\n|-weather|RainDance|[upkeep]\n|upkeep\n|turn|18\n|\n|t:|1701162384\n|move|p2a: Pelipper|Surf|p1a: clown honk\n|-supereffective|p1a: clown honk\n|-damage|p1a: clown honk|3\/100\n|-enditem|p1a: clown honk|Aguav Berry|[eat]\n|-heal|p1a: clown honk|36\/100|[from] item: Aguav Berry\n|move|p1a: clown honk|Earth Power|p2a: Pelipper\n|-damage|p2a: Pelipper|0 fnt\n|faint|p2a: Pelipper\n|\n|-weather|RainDance|[upkeep]\n|upkeep\n|\n|t:|1701162395\n|switch|p2a: Annihilape|Annihilape, M, shiny|90\/100\n|-damage|p2a: Annihilape|84\/100|[from] Stealth Rock\n|turn|19\n|\n|t:|1701162401\n|move|p2a: Annihilape|Final Gambit|p1a: clown honk\n|-damage|p1a: clown honk|0 fnt\n|faint|p2a: Annihilape\n|faint|p1a: clown honk\n|\n|win|MrMimeIsMrKetchum\n|raw|Lyddan's rating: 1183 &rarr; <strong>1163<\/strong><br \/>(-20 for losing)\n|raw|MrMimeIsMrKetchum's rating: 1254 &rarr; <strong>1274<\/strong><br \/>(+20 for winning)\n|c|\u2606MrMimeIsMrKetchum|gg\n|c|\u2606Lyddan|gg\n|l|\u2606Lyddan\n","uploadtime":1701162448,"views":0,"p1id":"lyddan","p2id":"mrmimeismrketchum","formatid":"gen9anythinggoes","rating":1163,"private":0,"password":""}