{"id":"gen9anythinggoes-1993663559","p1":"Gdbdij","p2":"amaya_calupo","format":"[Gen 9] Anything Goes","log":"|j|\u2606Gdbdij\n|j|\u2606amaya_calupo\n|t:|1700343012\n|gametype|singles\n|player|p1|Gdbdij|red|1000\n|player|p2|amaya_calupo|pokemaniac|1000\n|teamsize|p1|6\n|teamsize|p2|6\n|gen|9\n|tier|[Gen 9] Anything Goes\n|rated|\n|rule|HP Percentage Mod: HP is shown in percentages\n|rule|Endless Battle Clause: Forcing endless battles is banned\n|clearpoke\n|poke|p1|Gengar, M|\n|poke|p1|Tyranitar, F|\n|poke|p1|Mewtwo|\n|poke|p1|Kyogre|\n|poke|p1|Groudon|\n|poke|p1|Infernape, M|\n|poke|p2|Sandaconda, M|\n|poke|p2|Pyroar, M|\n|poke|p2|Corviknight, F|\n|poke|p2|Gumshoos, F|\n|poke|p2|Wyrdeer, M|\n|poke|p2|Sawsbuck, M|\n|teampreview\n|\n|t:|1700343021\n|start\n|switch|p1a: Groudon|Groudon|100\/100\n|switch|p2a: Salazar|Sandaconda, M|100\/100\n|-weather|SunnyDay|[from] ability: Drought|[of] p1a: Groudon\n|turn|1\n|\n|t:|1700343028\n|move|p1a: Groudon|Swords Dance|p1a: Groudon\n|-boost|p1a: Groudon|atk|2\n|move|p2a: Salazar|Glare|p1a: Groudon\n|-status|p1a: Groudon|par\n|\n|-weather|SunnyDay|[upkeep]\n|upkeep\n|turn|2\n|\n|t:|1700343039\n|-terastallize|p1a: Groudon|Ground\n|move|p2a: Salazar|Stealth Rock|p1a: Groudon\n|-sidestart|p1: Gdbdij|move: Stealth Rock\n|cant|p1a: Groudon|par\n|\n|-weather|SunnyDay|[upkeep]\n|upkeep\n|turn|3\n|\n|t:|1700343047\n|move|p2a: Salazar|Earthquake|p1a: Groudon\n|-damage|p1a: Groudon|76\/100 par\n|move|p1a: Groudon|Ancient Power|p2a: Salazar\n|-resisted|p2a: Salazar\n|-damage|p2a: Salazar|90\/100\n|\n|-weather|SunnyDay|[upkeep]\n|-heal|p2a: Salazar|96\/100|[from] item: Leftovers\n|-heal|p1a: Groudon|82\/100 par|[from] item: Leftovers\n|upkeep\n|turn|4\n|\n|t:|1700343071\n|switch|p2a: Rowena|Corviknight, F|100\/100\n|-ability|p2a: Rowena|Unnerve\n|switch|p1a: Kyogre|Kyogre|100\/100\n|-damage|p1a: Kyogre|88\/100|[from] Stealth Rock\n|-weather|RainDance|[from] ability: Drizzle|[of] p1a: Kyogre\n|\n|-weather|RainDance|[upkeep]\n|upkeep\n|turn|5\n|\n|t:|1700343086\n|move|p1a: Kyogre|Thunder|p2a: Rowena\n|-supereffective|p2a: Rowena\n|-damage|p2a: Rowena|25\/100\n|move|p2a: Rowena|U-turn|p1a: Kyogre\n|-damage|p1a: Kyogre|75\/100\n|\n|t:|1700343092\n|switch|p2a: The other chosen|Sawsbuck, M|100\/100|[from] U-turn\n|\n|-weather|RainDance|[upkeep]\n|upkeep\n|turn|6\n|\n|t:|1700343112\n|switch|p1a: Infernape|Infernape, M|100\/100\n|-damage|p1a: Infernape|88\/100|[from] Stealth Rock\n|move|p2a: The other chosen|Zen Headbutt|p1a: Infernape\n|-supereffective|p1a: Infernape\n|-damage|p1a: Infernape|33\/100\n|\n|-weather|RainDance|[upkeep]\n|upkeep\n|turn|7\n|\n|t:|1700343121\n|move|p2a: The other chosen|Zen Headbutt|p1a: Infernape|[miss]\n|-miss|p2a: The other chosen|p1a: Infernape\n|move|p1a: Infernape|Close Combat|p2a: The other chosen\n|-supereffective|p2a: The other chosen\n|-damage|p2a: The other chosen|0 fnt\n|-unboost|p1a: Infernape|def|1\n|-unboost|p1a: Infernape|spd|1\n|faint|p2a: The other chosen\n|\n|-weather|RainDance|[upkeep]\n|upkeep\n|\n|t:|1700343155\n|switch|p2a: The chosen one|Wyrdeer, M|100\/100\n|-ability|p2a: The chosen one|Intimidate|boost\n|-unboost|p1a: Infernape|atk|1\n|turn|8\n|\n|t:|1700343168\n|move|p1a: Infernape|Close Combat|p2a: The chosen one\n|-damage|p2a: The chosen one|58\/100\n|-unboost|p1a: Infernape|def|1\n|-unboost|p1a: Infernape|spd|1\n|move|p2a: The chosen one|Earth Power|p1a: Infernape\n|-supereffective|p1a: Infernape\n|-damage|p1a: Infernape|0 fnt\n|faint|p1a: Infernape\n|\n|-weather|none\n|upkeep\n|\n|t:|1700343172\n|switch|p1a: Tyranitar|Tyranitar, F, shiny|100\/100\n|-damage|p1a: Tyranitar|88\/100|[from] Stealth Rock\n|-weather|Sandstorm|[from] ability: Sand Stream|[of] p1a: Tyranitar\n|turn|9\n|\n|t:|1700343183\n|switch|p2a: Salazar|Sandaconda, M|96\/100\n|move|p1a: Tyranitar|Bite|p2a: Salazar\n|-damage|p2a: Salazar|77\/100\n|\n|-weather|Sandstorm|[upkeep]\n|-heal|p2a: Salazar|83\/100|[from] item: Leftovers\n|upkeep\n|turn|10\n|\n|t:|1700343196\n|switch|p1a: Groudon|Groudon, tera:Ground|82\/100 par\n|-damage|p1a: Groudon|76\/100 par|[from] Stealth Rock\n|-weather|SunnyDay|[from] ability: Drought|[of] p1a: Groudon\n|move|p2a: Salazar|Earthquake|p1a: Groudon\n|-damage|p1a: Groudon|52\/100 par\n|\n|-weather|SunnyDay|[upkeep]\n|-heal|p2a: Salazar|89\/100|[from] item: Leftovers\n|-heal|p1a: Groudon|58\/100 par|[from] item: Leftovers\n|upkeep\n|turn|11\n|\n|t:|1700343215\n|move|p2a: Salazar|Earthquake|p1a: Groudon\n|-damage|p1a: Groudon|36\/100 par\n|cant|p1a: Groudon|par\n|\n|-weather|SunnyDay|[upkeep]\n|-heal|p2a: Salazar|95\/100|[from] item: Leftovers\n|-heal|p1a: Groudon|42\/100 par|[from] item: Leftovers\n|upkeep\n|turn|12\n|\n|t:|1700343222\n|move|p2a: Salazar|Earthquake|p1a: Groudon\n|-damage|p1a: Groudon|17\/100 par\n|move|p1a: Groudon|Earthquake|p2a: Salazar\n|-crit|p2a: Salazar\n|-damage|p2a: Salazar|32\/100\n|\n|-weather|SunnyDay|[upkeep]\n|-heal|p2a: Salazar|38\/100|[from] item: Leftovers\n|-heal|p1a: Groudon|23\/100 par|[from] item: Leftovers\n|upkeep\n|turn|13\n|\n|t:|1700343231\n|move|p2a: Salazar|Earthquake|p1a: Groudon\n|-damage|p1a: Groudon|0 fnt\n|faint|p1a: Groudon\n|\n|-weather|SunnyDay|[upkeep]\n|-heal|p2a: Salazar|44\/100|[from] item: Leftovers\n|upkeep\n|\n|t:|1700343234\n|switch|p1a: Gengar|Gengar, M, shiny|100\/100\n|-damage|p1a: Gengar|88\/100|[from] Stealth Rock\n|turn|14\n|\n|t:|1700343249\n|move|p1a: Gengar|Hypnosis|p2a: Salazar|[miss]\n|-miss|p1a: Gengar|p2a: Salazar\n|move|p2a: Salazar|Earthquake|p1a: Gengar\n|-supereffective|p1a: Gengar\n|-damage|p1a: Gengar|0 fnt\n|-start|p2a: Salazar|Disable|Earthquake|[from] ability: Cursed Body|[of] p1a: Gengar\n|faint|p1a: Gengar\n|\n|-weather|none\n|-heal|p2a: Salazar|50\/100|[from] item: Leftovers\n|upkeep\n|\n|t:|1700343254\n|switch|p1a: Mewtwo|Mewtwo|100\/100\n|-damage|p1a: Mewtwo|88\/100|[from] Stealth Rock\n|-ability|p1a: Mewtwo|Pressure\n|turn|15\n|\n|t:|1700343265\n|move|p1a: Mewtwo|Psystrike|p2a: Salazar\n|-damage|p2a: Salazar|12\/100\n|move|p2a: Salazar|Glare|p1a: Mewtwo\n|-status|p1a: Mewtwo|par\n|\n|-heal|p2a: Salazar|18\/100|[from] item: Leftovers\n|-heal|p1a: Mewtwo|94\/100 par|[from] item: Leftovers\n|upkeep\n|turn|16\n|\n|t:|1700343273\n|switch|p1a: Tyranitar|Tyranitar, F, shiny|88\/100\n|-damage|p1a: Tyranitar|76\/100|[from] Stealth Rock\n|-weather|Sandstorm|[from] ability: Sand Stream|[of] p1a: Tyranitar\n|move|p2a: Salazar|Stone Edge|p1a: Tyranitar\n|-damage|p1a: Tyranitar|57\/100\n|\n|-weather|Sandstorm|[upkeep]\n|-heal|p2a: Salazar|24\/100|[from] item: Leftovers\n|upkeep\n|turn|17\n|\n|t:|1700343286\n|move|p2a: Salazar|Glare|p1a: Tyranitar\n|-status|p1a: Tyranitar|par\n|move|p1a: Tyranitar|Earthquake|p2a: Salazar\n|-damage|p2a: Salazar|4\/100\n|\n|-weather|Sandstorm|[upkeep]\n|-heal|p2a: Salazar|10\/100|[from] item: Leftovers\n|-end|p2a: Salazar|Disable\n|upkeep\n|turn|18\n|\n|t:|1700343295\n|move|p2a: Salazar|Earthquake|p1a: Tyranitar\n|-supereffective|p1a: Tyranitar\n|-damage|p1a: Tyranitar|0 fnt\n|faint|p1a: Tyranitar\n|\n|-weather|Sandstorm|[upkeep]\n|-heal|p2a: Salazar|16\/100|[from] item: Leftovers\n|upkeep\n|\n|t:|1700343297\n|switch|p1a: Kyogre|Kyogre|75\/100\n|-damage|p1a: Kyogre|62\/100|[from] Stealth Rock\n|-weather|RainDance|[from] ability: Drizzle|[of] p1a: Kyogre\n|turn|19\n|\n|t:|1700343308\n|move|p1a: Kyogre|Surf|p2a: Salazar\n|-supereffective|p2a: Salazar\n|-damage|p2a: Salazar|0 fnt\n|faint|p2a: Salazar\n|\n|-weather|RainDance|[upkeep]\n|upkeep\n|\n|t:|1700343327\n|switch|p2a: Helga|Gumshoos, F|100\/100\n|turn|20\n|\n|t:|1700343335\n|move|p1a: Kyogre|Hydro Pump|p2a: Helga\n|-damage|p2a: Helga|0 fnt\n|faint|p2a: Helga\n|\n|-weather|RainDance|[upkeep]\n|upkeep\n|\n|t:|1700343349\n|switch|p2a: The chosen one|Wyrdeer, M|58\/100\n|-ability|p2a: The chosen one|Intimidate|boost\n|-unboost|p1a: Kyogre|atk|1\n|turn|21\n|\n|t:|1700343359\n|move|p2a: The chosen one|Psyshock|p1a: Kyogre\n|-damage|p1a: Kyogre|10\/100\n|move|p1a: Kyogre|Thunder|p2a: The chosen one\n|-damage|p2a: The chosen one|11\/100\n|\n|-weather|RainDance|[upkeep]\n|upkeep\n|turn|22\n|\n|t:|1700343365\n|move|p2a: The chosen one|Psyshock|p1a: Kyogre\n|-damage|p1a: Kyogre|0 fnt\n|faint|p1a: Kyogre\n|\n|-weather|RainDance|[upkeep]\n|upkeep\n|\n|t:|1700343367\n|switch|p1a: Mewtwo|Mewtwo|94\/100 par\n|-damage|p1a: Mewtwo|82\/100 par|[from] Stealth Rock\n|-ability|p1a: Mewtwo|Pressure\n|turn|23\n|\n|t:|1700343375\n|move|p2a: The chosen one|Psyshock|p1a: Mewtwo\n|-resisted|p1a: Mewtwo\n|-damage|p1a: Mewtwo|54\/100 par\n|move|p1a: Mewtwo|Shadow Ball|p2a: The chosen one\n|-immune|p2a: The chosen one\n|\n|-weather|none\n|-heal|p1a: Mewtwo|61\/100 par|[from] item: Leftovers\n|upkeep\n|turn|24\n|\n|t:|1700343383\n|move|p2a: The chosen one|Psyshock|p1a: Mewtwo\n|-resisted|p1a: Mewtwo\n|-damage|p1a: Mewtwo|35\/100 par\n|cant|p1a: Mewtwo|par\n|\n|-heal|p1a: Mewtwo|41\/100 par|[from] item: Leftovers\n|upkeep\n|turn|25\n|\n|t:|1700343390\n|move|p2a: The chosen one|Psyshock|p1a: Mewtwo\n|-resisted|p1a: Mewtwo\n|-damage|p1a: Mewtwo|15\/100 par\n|move|p1a: Mewtwo|Recover|p1a: Mewtwo\n|-heal|p1a: Mewtwo|65\/100 par\n|\n|-heal|p1a: Mewtwo|71\/100 par|[from] item: Leftovers\n|upkeep\n|turn|26\n|\n|t:|1700343397\n|move|p2a: The chosen one|Psyshock|p1a: Mewtwo\n|-resisted|p1a: Mewtwo\n|-damage|p1a: Mewtwo|48\/100 par\n|move|p1a: Mewtwo|Recover|p1a: Mewtwo\n|-heal|p1a: Mewtwo|98\/100 par\n|\n|-heal|p1a: Mewtwo|100\/100 par|[from] item: Leftovers\n|upkeep\n|turn|27\n|\n|t:|1700343404\n|switch|p2a: Rowena|Corviknight, F|25\/100\n|-ability|p2a: Rowena|Unnerve\n|move|p1a: Mewtwo|Shadow Ball|p2a: Rowena\n|-damage|p2a: Rowena|0 fnt\n|faint|p2a: Rowena\n|\n|upkeep\n|\n|t:|1700343413\n|switch|p2a: The chosen one|Wyrdeer, M|11\/100\n|-ability|p2a: The chosen one|Intimidate|boost\n|-unboost|p1a: Mewtwo|atk|1\n|turn|28\n|\n|t:|1700343418\n|move|p2a: The chosen one|Trick|p1a: Mewtwo\n|-activate|p2a: The chosen one|move: Trick|[of] p1a: Mewtwo\n|-item|p1a: Mewtwo|Choice Specs|[from] move: Trick\n|-item|p2a: The chosen one|Leftovers|[from] move: Trick\n|move|p1a: Mewtwo|Shadow Ball|p2a: The chosen one\n|-immune|p2a: The chosen one\n|\n|-heal|p2a: The chosen one|17\/100|[from] item: Leftovers\n|upkeep\n|turn|29\n|\n|t:|1700343431\n|move|p2a: The chosen one|Psyshock|p1a: Mewtwo\n|-resisted|p1a: Mewtwo\n|-damage|p1a: Mewtwo|83\/100 par\n|cant|p1a: Mewtwo|par\n|\n|-heal|p2a: The chosen one|23\/100|[from] item: Leftovers\n|upkeep\n|turn|30\n|\n|t:|1700343438\n|move|p2a: The chosen one|Earth Power|p1a: Mewtwo\n|-damage|p1a: Mewtwo|58\/100 par\n|move|p1a: Mewtwo|Shadow Ball|p2a: The chosen one\n|-immune|p2a: The chosen one\n|\n|-heal|p2a: The chosen one|29\/100|[from] item: Leftovers\n|upkeep\n|turn|31\n|\n|t:|1700343445\n|move|p2a: The chosen one|Earth Power|p1a: Mewtwo\n|-damage|p1a: Mewtwo|34\/100 par\n|cant|p1a: Mewtwo|par\n|\n|-heal|p2a: The chosen one|35\/100|[from] item: Leftovers\n|upkeep\n|turn|32\n|\n|t:|1700343451\n|move|p2a: The chosen one|Earth Power|p1a: Mewtwo\n|-damage|p1a: Mewtwo|7\/100 par\n|move|p1a: Mewtwo|Shadow Ball|p2a: The chosen one\n|-immune|p2a: The chosen one\n|\n|-heal|p2a: The chosen one|41\/100|[from] item: Leftovers\n|upkeep\n|turn|33\n|\n|t:|1700343458\n|move|p2a: The chosen one|Earth Power|p1a: Mewtwo\n|-damage|p1a: Mewtwo|0 fnt\n|faint|p1a: Mewtwo\n|\n|win|amaya_calupo\n|raw|Gdbdij's rating: 1000 &rarr; <strong>1000<\/strong><br \/>(+0 for losing)\n|raw|amaya_calupo's rating: 1000 &rarr; <strong>1040<\/strong><br \/>(+40 for winning)\n|l|\u2606Gdbdij\n","uploadtime":1700343478,"views":2,"p1id":"gdbdij","p2id":"amayacalupo","formatid":"gen9anythinggoes","rating":1000,"private":0,"password":""}