{"id":"gen9anythinggoes-2000309221","p1":"Swylv","p2":"Red_Maple_tree","format":"[Gen 9] Anything Goes","log":"|j|\u2606Swylv\n|j|\u2606Red_Maple_tree\n|t:|1701183642\n|gametype|singles\n|player|p1|Swylv|n|1374\n|player|p2|Red_Maple_tree|swimmerf2-gen7|1399\n|teamsize|p1|6\n|teamsize|p2|6\n|gen|9\n|tier|[Gen 9] Anything Goes\n|rated|\n|rule|HP Percentage Mod: HP is shown in percentages\n|rule|Endless Battle Clause: Forcing endless battles is banned\n|clearpoke\n|poke|p1|Miraidon|\n|poke|p1|Chien-Pao|\n|poke|p1|Iron Thorns|\n|poke|p1|Sylveon, F|\n|poke|p1|Samurott-Hisui, M|\n|poke|p1|Meowscarada, M|\n|poke|p2|Breloom, M|\n|poke|p2|Clodsire, F|\n|poke|p2|Quagsire, M|\n|poke|p2|Sneasler, M|\n|poke|p2|Rillaboom, M|\n|poke|p2|Ribombee, F|\n|teampreview\n|\n|t:|1701183664\n|start\n|switch|p1a: Miraidon|Miraidon|100\/100\n|switch|p2a: Ribombee|Ribombee, F|100\/100\n|-fieldstart|move: Electric Terrain|[from] ability: Hadron Engine|[of] p1a: Miraidon\n|turn|1\n|\n|t:|1701183670\n|move|p1a: Miraidon|Power Gem|p2a: Ribombee\n|-supereffective|p2a: Ribombee\n|-enditem|p2a: Ribombee|Focus Sash\n|-damage|p2a: Ribombee|1\/100\n|move|p2a: Ribombee|Sticky Web|p1a: Miraidon\n|-sidestart|p1: Swylv|move: Sticky Web\n|\n|upkeep\n|turn|2\n|\n|t:|1701183676\n|switch|p2a: Clodsire|Clodsire, F|100\/100\n|move|p1a: Miraidon|Power Gem|p2a: Clodsire\n|-resisted|p2a: Clodsire\n|-damage|p2a: Clodsire|90\/100\n|\n|-heal|p2a: Clodsire|97\/100|[from] item: Leftovers\n|upkeep\n|turn|3\n|\n|t:|1701183691\n|switch|p1a: Sylveon|Sylveon, F|100\/100\n|-activate|p1a: Sylveon|move: Sticky Web\n|-unboost|p1a: Sylveon|spe|1\n|move|p2a: Clodsire|Toxic|p1a: Sylveon\n|-status|p1a: Sylveon|tox\n|\n|-heal|p2a: Clodsire|100\/100|[from] item: Leftovers\n|-damage|p1a: Sylveon|94\/100 tox|[from] psn\n|upkeep\n|turn|4\n|\n|t:|1701183703\n|move|p2a: Clodsire|Protect|p2a: Clodsire\n|-singleturn|p2a: Clodsire|Protect\n|move|p1a: Sylveon|Psychic|p2a: Clodsire\n|-activate|p2a: Clodsire|move: Protect\n|\n|-damage|p1a: Sylveon|82\/100 tox|[from] psn\n|upkeep\n|turn|5\n|\n|t:|1701183715\n|move|p1a: Sylveon|Psychic|p2a: Clodsire\n|-supereffective|p2a: Clodsire\n|-damage|p2a: Clodsire|58\/100\n|move|p2a: Clodsire|Earthquake|p1a: Sylveon\n|-damage|p1a: Sylveon|46\/100 tox\n|\n|-heal|p2a: Clodsire|65\/100|[from] item: Leftovers\n|-damage|p1a: Sylveon|28\/100 tox|[from] psn\n|-fieldend|move: Electric Terrain\n|upkeep\n|turn|6\n|\n|t:|1701183730\n|move|p2a: Clodsire|Protect|p2a: Clodsire\n|-singleturn|p2a: Clodsire|Protect\n|move|p1a: Sylveon|Psychic|p2a: Clodsire\n|-activate|p2a: Clodsire|move: Protect\n|\n|-heal|p2a: Clodsire|71\/100|[from] item: Leftovers\n|-damage|p1a: Sylveon|4\/100 tox|[from] psn\n|upkeep\n|turn|7\n|\n|t:|1701183738\n|move|p1a: Sylveon|Psychic|p2a: Clodsire\n|-supereffective|p2a: Clodsire\n|-damage|p2a: Clodsire|26\/100\n|-unboost|p2a: Clodsire|spd|1\n|move|p2a: Clodsire|Recover|p2a: Clodsire\n|-heal|p2a: Clodsire|76\/100\n|\n|-heal|p2a: Clodsire|82\/100|[from] item: Leftovers\n|-damage|p1a: Sylveon|0 fnt|[from] psn\n|faint|p1a: Sylveon\n|upkeep\n|\n|t:|1701183751\n|switch|p1a: Samurott|Samurott-Hisui, M|100\/100\n|-activate|p1a: Samurott|move: Sticky Web\n|-unboost|p1a: Samurott|spe|1\n|turn|8\n|\n|t:|1701183763\n|move|p2a: Clodsire|Protect|p2a: Clodsire\n|-singleturn|p2a: Clodsire|Protect\n|move|p1a: Samurott|Aqua Cutter|p2a: Clodsire\n|-activate|p2a: Clodsire|move: Protect\n|\n|-heal|p2a: Clodsire|88\/100|[from] item: Leftovers\n|upkeep\n|turn|9\n|\n|t:|1701183788\n|switch|p2a: Breloom|Breloom, M|100\/100\n|move|p1a: Samurott|Aqua Cutter|p2a: Breloom\n|-resisted|p2a: Breloom\n|-crit|p2a: Breloom\n|-damage|p2a: Breloom|46\/100\n|\n|-status|p2a: Breloom|tox|[from] item: Toxic Orb\n|upkeep\n|turn|10\n|\n|t:|1701183801\n|move|p2a: Breloom|Spore|p1a: Samurott\n|-status|p1a: Samurott|slp|[from] move: Spore\n|cant|p1a: Samurott|slp\n|\n|-heal|p2a: Breloom|59\/100 tox|[from] ability: Poison Heal\n|upkeep\n|turn|11\n|\n|t:|1701183820\n|switch|p1a: Iron Thorns|Iron Thorns|100\/100\n|-activate|p1a: Iron Thorns|move: Sticky Web\n|-unboost|p1a: Iron Thorns|spe|1\n|move|p2a: Breloom|Substitute|p2a: Breloom\n|-start|p2a: Breloom|Substitute\n|-damage|p2a: Breloom|34\/100 tox\n|\n|-heal|p2a: Breloom|46\/100 tox|[from] ability: Poison Heal\n|upkeep\n|turn|12\n|\n|t:|1701183834\n|move|p2a: Breloom|Spore|p1a: Iron Thorns\n|-status|p1a: Iron Thorns|slp|[from] move: Spore\n|cant|p1a: Iron Thorns|slp\n|\n|-heal|p2a: Breloom|58\/100 tox|[from] ability: Poison Heal\n|upkeep\n|turn|13\n|\n|t:|1701183846\n|-end|p1a: Iron Thorns|Quark Drive|[silent]\n|switch|p1a: Meowscarada|Meowscarada, M|100\/100\n|-activate|p1a: Meowscarada|move: Sticky Web\n|-unboost|p1a: Meowscarada|spe|1\n|move|p2a: Breloom|Leech Seed|p1a: Meowscarada\n|-immune|p1a: Meowscarada\n|\n|-heal|p2a: Breloom|71\/100 tox|[from] ability: Poison Heal\n|upkeep\n|turn|14\n|\n|t:|1701183874\n|move|p2a: Breloom|Drain Punch|p1a: Meowscarada\n|-supereffective|p1a: Meowscarada\n|-damage|p1a: Meowscarada|0 fnt\n|-heal|p2a: Breloom|100\/100 tox|[from] drain|[of] p1a: Meowscarada\n|faint|p1a: Meowscarada\n|\n|upkeep\n|\n|t:|1701183884\n|switch|p1a: Miraidon|Miraidon|100\/100\n|-activate|p1a: Miraidon|move: Sticky Web\n|-unboost|p1a: Miraidon|spe|1\n|-fieldstart|move: Electric Terrain|[from] ability: Hadron Engine|[of] p1a: Miraidon\n|turn|15\n|\n|t:|1701183897\n|move|p1a: Miraidon|Dragon Pulse|p2a: Breloom\n|-end|p2a: Breloom|Substitute\n|move|p2a: Breloom|Leech Seed|p1a: Miraidon\n|-start|p1a: Miraidon|move: Leech Seed\n|\n|-damage|p1a: Miraidon|88\/100|[from] Leech Seed|[of] p2a: Breloom\n|upkeep\n|turn|16\n|\n|t:|1701183912\n|switch|p1a: Samurott|Samurott-Hisui, M|100\/100 slp\n|-activate|p1a: Samurott|move: Sticky Web\n|-unboost|p1a: Samurott|spe|1\n|switch|p2a: Ribombee|Ribombee, F|1\/100\n|\n|upkeep\n|turn|17\n|\n|t:|1701183921\n|move|p2a: Ribombee|Moonblast|p1a: Samurott\n|-supereffective|p1a: Samurott\n|-damage|p1a: Samurott|0 fnt\n|faint|p1a: Samurott\n|\n|upkeep\n|\n|t:|1701183927\n|switch|p1a: Chien-Pao|Chien-Pao|100\/100\n|-activate|p1a: Chien-Pao|move: Sticky Web\n|-unboost|p1a: Chien-Pao|spe|1\n|-ability|p1a: Chien-Pao|Sword of Ruin\n|turn|18\n|\n|t:|1701183951\n|move|p2a: Ribombee|Moonblast|p1a: Chien-Pao\n|-supereffective|p1a: Chien-Pao\n|-damage|p1a: Chien-Pao|0 fnt\n|faint|p1a: Chien-Pao\n|\n|upkeep\n|\n|t:|1701183957\n|switch|p1a: Miraidon|Miraidon|88\/100\n|-activate|p1a: Miraidon|move: Sticky Web\n|-unboost|p1a: Miraidon|spe|1\n|-activate|p1a: Miraidon|ability: Hadron Engine\n|turn|19\n|\n|t:|1701183966\n|switch|p2a: Rillaboom|Rillaboom, M|100\/100\n|-fieldstart|move: Grassy Terrain|[from] ability: Grassy Surge|[of] p2a: Rillaboom\n|move|p1a: Miraidon|Electro Drift|p2a: Rillaboom\n|-resisted|p2a: Rillaboom\n|-damage|p2a: Rillaboom|65\/100\n|\n|-heal|p1a: Miraidon|94\/100|[from] Grassy Terrain\n|-heal|p2a: Rillaboom|71\/100|[from] Grassy Terrain\n|upkeep\n|turn|20\n|\n|t:|1701183979\n|switch|p1a: Iron Thorns|Iron Thorns|100\/100 slp\n|-activate|p1a: Iron Thorns|move: Sticky Web\n|-unboost|p1a: Iron Thorns|spe|1\n|move|p2a: Rillaboom|High Horsepower|p1a: Iron Thorns\n|-supereffective|p1a: Iron Thorns\n|-damage|p1a: Iron Thorns|0 fnt\n|faint|p1a: Iron Thorns\n|-end|p1a: Iron Thorns|Quark Drive|[silent]\n|\n|-heal|p2a: Rillaboom|77\/100|[from] Grassy Terrain\n|upkeep\n|\n|t:|1701184012\n|switch|p1a: Miraidon|Miraidon|94\/100\n|-activate|p1a: Miraidon|move: Sticky Web\n|-unboost|p1a: Miraidon|spe|1\n|-fieldstart|move: Electric Terrain|[from] ability: Hadron Engine|[of] p1a: Miraidon\n|turn|21\n|\n|t:|1701184019\n|switch|p2a: Ribombee|Ribombee, F|1\/100\n|move|p1a: Miraidon|Dragon Pulse|p2a: Ribombee\n|-immune|p2a: Ribombee\n|\n|upkeep\n|turn|22\n|-message|Swylv forfeited.\n|\n|win|Red_Maple_tree\n|raw|Swylv's rating: 1374 &rarr; <strong>1355<\/strong><br \/>(-19 for losing)\n|raw|Red_Maple_tree's rating: 1399 &rarr; <strong>1418<\/strong><br \/>(+19 for winning)\n|l|\u2606Swylv\n","uploadtime":1701184045,"views":0,"p1id":"swylv","p2id":"redmapletree","formatid":"gen9anythinggoes","rating":1355,"private":0,"password":""}