{"id":"gen9anythinggoes-1987427004","p1":"HeliosHorribleDude","p2":"Imakebadchoices8","format":"[Gen 9] Anything Goes","log":"|j|\u2606HeliosHorribleDude\n|j|\u2606Imakebadchoices8\n|t:|1699589949\n|gametype|singles\n|player|p1|HeliosHorribleDude|blackbelt-gen4dp|1051\n|player|p2|Imakebadchoices8|ash|1000\n|teamsize|p1|6\n|teamsize|p2|6\n|gen|9\n|tier|[Gen 9] Anything Goes\n|rated|\n|rule|HP Percentage Mod: HP is shown in percentages\n|rule|Endless Battle Clause: Forcing endless battles is banned\n|clearpoke\n|poke|p1|Cyclizar, M|\n|poke|p1|Kingambit, F|\n|poke|p1|Chi-Yu|\n|poke|p1|Zangoose, M|\n|poke|p1|Miraidon|\n|poke|p1|Ogerpon-Hearthflame, F|\n|poke|p2|Gligar, M|\n|poke|p2|Zacian-*|\n|poke|p2|Rayquaza|\n|poke|p2|Blissey, F|\n|poke|p2|Maushold-Four|\n|poke|p2|Drifblim, F|\n|teampreview\n|inactive|Battle timer is ON: inactive players will automatically lose when time's up. (requested by Imakebadchoices8)\n|\n|t:|1699589953\n|start\n|switch|p1a: Zangoose|Zangoose, M|100\/100\n|switch|p2a: Drifblim|Drifblim, F|100\/100\n|turn|1\n|\n|t:|1699589960\n|move|p1a: Zangoose|Belly Drum|p1a: Zangoose\n|-damage|p1a: Zangoose|51\/100\n|-setboost|p1a: Zangoose|atk|6|[from] move: Belly Drum\n|move|p2a: Drifblim|Minimize|p2a: Drifblim\n|-boost|p2a: Drifblim|evasion|2\n|\n|upkeep\n|turn|2\n|\n|t:|1699589970\n|move|p1a: Zangoose|Baton Pass|p1a: Zangoose\n|\n|t:|1699589973\n|switch|p1a: Cyclizar|Cyclizar, M, shiny|100\/100|[from] Baton Pass\n|move|p2a: Drifblim|Substitute|p2a: Drifblim\n|-start|p2a: Drifblim|Substitute\n|-damage|p2a: Drifblim|76\/100\n|\n|-status|p1a: Cyclizar|brn|[from] item: Flame Orb\n|upkeep\n|turn|3\n|\n|t:|1699589980\n|move|p1a: Cyclizar|Facade|p2a: Drifblim\n|-immune|p2a: Drifblim\n|move|p2a: Drifblim|Minimize|p2a: Drifblim\n|-boost|p2a: Drifblim|evasion|2\n|\n|-damage|p1a: Cyclizar|94\/100 brn|[from] brn\n|upkeep\n|turn|4\n|\n|t:|1699589990\n|move|p1a: Cyclizar|Fire Fang|p2a: Drifblim|[miss]\n|-miss|p1a: Cyclizar|p2a: Drifblim\n|move|p2a: Drifblim|Calm Mind|p2a: Drifblim\n|-boost|p2a: Drifblim|spa|1\n|-boost|p2a: Drifblim|spd|1\n|\n|-damage|p1a: Cyclizar|88\/100 brn|[from] brn\n|upkeep\n|turn|5\n|\n|t:|1699589995\n|move|p1a: Cyclizar|Fire Fang|p2a: Drifblim|[miss]\n|-miss|p1a: Cyclizar|p2a: Drifblim\n|move|p2a: Drifblim|Minimize|p2a: Drifblim\n|-boost|p2a: Drifblim|evasion|2\n|\n|-damage|p1a: Cyclizar|82\/100 brn|[from] brn\n|upkeep\n|turn|6\n|\n|t:|1699590000\n|-terastallize|p1a: Cyclizar|Dragon\n|move|p1a: Cyclizar|Fire Fang|p2a: Drifblim|[miss]\n|-miss|p1a: Cyclizar|p2a: Drifblim\n|move|p2a: Drifblim|Baton Pass|p2a: Drifblim\n|\n|t:|1699590005\n|switch|p2a: Gligar|Gligar, M|100\/100|[from] Baton Pass\n|\n|-damage|p1a: Cyclizar|76\/100 brn|[from] brn\n|upkeep\n|turn|7\n|\n|t:|1699590011\n|switch|p1a: Ogerpon|Ogerpon-Hearthflame, F|100\/100\n|-ability|p1a: Ogerpon|Mold Breaker\n|move|p2a: Gligar|Agility|p2a: Gligar\n|-boost|p2a: Gligar|spe|2\n|\n|upkeep\n|turn|8\n|\n|t:|1699590022\n|move|p2a: Gligar|Swords Dance|p2a: Gligar\n|-boost|p2a: Gligar|atk|2\n|move|p1a: Ogerpon|Seed Bomb|p2a: Gligar|[miss]\n|-miss|p1a: Ogerpon|p2a: Gligar\n|\n|upkeep\n|turn|9\n|\n|t:|1699590028\n|switch|p1a: Kingambit|Kingambit, F|100\/100\n|move|p2a: Gligar|Swords Dance|p2a: Gligar\n|-boost|p2a: Gligar|atk|2\n|\n|upkeep\n|turn|10\n|\n|t:|1699590033\n|switch|p1a: Miraidon|Miraidon|100\/100\n|-fieldstart|move: Electric Terrain|[from] ability: Hadron Engine|[of] p1a: Miraidon\n|move|p2a: Gligar|Baton Pass|p2a: Gligar\n|\n|t:|1699590039\n|switch|p2a: Maushold|Maushold-Four|100\/100|[from] Baton Pass\n|\n|upkeep\n|turn|11\n|\n|t:|1699590049\n|move|p2a: Maushold|Population Bomb|p1a: Miraidon\n|-damage|p1a: Miraidon|79\/100\n|-damage|p1a: Miraidon|57\/100\n|-hitcount|p1a: Miraidon|2\n|move|p1a: Miraidon|Thunder|p2a: Maushold\n|-end|p2a: Maushold|Substitute\n|\n|upkeep\n|turn|12\n|\n|t:|1699590057\n|move|p2a: Maushold|Population Bomb|p1a: Miraidon\n|-damage|p1a: Miraidon|35\/100\n|-damage|p1a: Miraidon|13\/100\n|-damage|p1a: Miraidon|0 fnt\n|faint|p1a: Miraidon\n|-hitcount|p1: Miraidon|3\n|\n|upkeep\n|\n|t:|1699590067\n|switch|p1a: Kingambit|Kingambit, F|100\/100\n|turn|13\n|\n|t:|1699590071\n|move|p2a: Maushold|Population Bomb|p1a: Kingambit\n|-resisted|p1a: Kingambit\n|-damage|p1a: Kingambit|92\/100\n|-resisted|p1a: Kingambit\n|-damage|p1a: Kingambit|84\/100\n|-resisted|p1a: Kingambit\n|-damage|p1a: Kingambit|75\/100\n|-resisted|p1a: Kingambit\n|-damage|p1a: Kingambit|68\/100\n|-resisted|p1a: Kingambit\n|-damage|p1a: Kingambit|61\/100\n|-resisted|p1a: Kingambit\n|-damage|p1a: Kingambit|52\/100\n|-resisted|p1a: Kingambit\n|-damage|p1a: Kingambit|44\/100\n|-resisted|p1a: Kingambit\n|-damage|p1a: Kingambit|37\/100\n|-resisted|p1a: Kingambit\n|-damage|p1a: Kingambit|29\/100\n|-resisted|p1a: Kingambit\n|-damage|p1a: Kingambit|22\/100\n|-hitcount|p1a: Kingambit|10\n|move|p1a: Kingambit|Iron Defense|p1a: Kingambit\n|-boost|p1a: Kingambit|def|2\n|\n|upkeep\n|turn|14\n|\n|t:|1699590084\n|-terastallize|p2a: Maushold|Normal\n|move|p2a: Maushold|Population Bomb|p1a: Kingambit\n|-resisted|p1a: Kingambit\n|-damage|p1a: Kingambit|17\/100\n|-resisted|p1a: Kingambit\n|-damage|p1a: Kingambit|12\/100\n|-resisted|p1a: Kingambit\n|-damage|p1a: Kingambit|6\/100\n|-resisted|p1a: Kingambit\n|-damage|p1a: Kingambit|1\/100\n|-resisted|p1a: Kingambit\n|-damage|p1a: Kingambit|0 fnt\n|faint|p1a: Kingambit\n|-hitcount|p1: Kingambit|5\n|\n|-fieldend|move: Electric Terrain\n|upkeep\n|\n|t:|1699590089\n|switch|p1a: Chi-Yu|Chi-Yu|100\/100\n|-ability|p1a: Chi-Yu|Beads of Ruin\n|turn|15\n|\n|t:|1699590093\n|move|p2a: Maushold|Population Bomb|p1a: Chi-Yu|[miss]\n|-miss|p2a: Maushold|p1a: Chi-Yu\n|move|p1a: Chi-Yu|Flare Blitz|p2a: Maushold\n|-damage|p2a: Maushold|34\/100\n|-damage|p1a: Chi-Yu|75\/100|[from] Recoil\n|\n|upkeep\n|turn|16\n|\n|t:|1699590100\n|move|p2a: Maushold|Population Bomb|p1a: Chi-Yu\n|-damage|p1a: Chi-Yu|22\/100\n|-damage|p1a: Chi-Yu|0 fnt\n|faint|p1a: Chi-Yu\n|-hitcount|p1: Chi-Yu|2\n|\n|upkeep\n|\n|t:|1699590103\n|switch|p1a: Ogerpon|Ogerpon-Hearthflame, F|100\/100\n|-ability|p1a: Ogerpon|Mold Breaker\n|turn|17\n|\n|t:|1699590107\n|move|p2a: Maushold|Population Bomb|p1a: Ogerpon\n|-damage|p1a: Ogerpon|59\/100\n|-damage|p1a: Ogerpon|12\/100\n|-damage|p1a: Ogerpon|0 fnt\n|faint|p1a: Ogerpon\n|-hitcount|p1: Ogerpon|3\n|\n|upkeep\n|\n|t:|1699590111\n|switch|p1a: Zangoose|Zangoose, M|51\/100\n|turn|18\n|\n|t:|1699590117\n|move|p2a: Maushold|Population Bomb|p1a: Zangoose\n|-damage|p1a: Zangoose|0 fnt\n|faint|p1a: Zangoose\n|-hitcount|p1: Zangoose|1\n|\n|upkeep\n|\n|t:|1699590120\n|switch|p1a: Cyclizar|Cyclizar, M, shiny, tera:Dragon|76\/100 brn\n|turn|19\n|\n|t:|1699590125\n|move|p2a: Maushold|Population Bomb|p1a: Cyclizar\n|-damage|p1a: Cyclizar|27\/100 brn\n|-damage|p1a: Cyclizar|0 fnt\n|faint|p1a: Cyclizar\n|-hitcount|p1: Cyclizar|2\n|\n|win|Imakebadchoices8\n|raw|HeliosHorribleDude's rating: 1051 &rarr; <strong>1031<\/strong><br \/>(-20 for losing)\n|raw|Imakebadchoices8's rating: 1000 &rarr; <strong>1046<\/strong><br \/>(+46 for winning)\n|c|\u2606Imakebadchoices8|Gg\n|l|\u2606HeliosHorribleDude\n","uploadtime":1699590136,"views":136,"p1id":"helioshorribledude","p2id":"imakebadchoices8","formatid":"gen9anythinggoes","rating":1031,"private":0,"password":""}