{"id":"gen9anythinggoes-1991580389","p1":"Steeltachi","p2":"ShwyGuy","format":"[Gen 9] Anything Goes","log":"|j|\u2606Steeltachi\n|j|\u2606ShwyGuy\n|t:|1700090586\n|gametype|singles\n|player|p1|Steeltachi|clown|\n|player|p2|ShwyGuy|riley|\n|teamsize|p1|6\n|teamsize|p2|6\n|gen|9\n|tier|[Gen 9] Anything Goes\n|rule|HP Percentage Mod: HP is shown in percentages\n|rule|Endless Battle Clause: Forcing endless battles is banned\n|clearpoke\n|poke|p1|Ditto|\n|poke|p1|Zoroark-Hisui, M|\n|poke|p1|Zoroark, M|\n|poke|p1|Ursaluna-Bloodmoon, M|\n|poke|p1|Mew|\n|poke|p1|Heracross, M|\n|poke|p2|Torkoal, F|\n|poke|p2|Walking Wake|\n|poke|p2|Scream Tail|\n|poke|p2|Ceruledge, F|\n|poke|p2|Slither Wing|\n|poke|p2|Sandy Shocks|\n|teampreview\n|\n|t:|1700090597\n|start\n|switch|p1a: Ditto|Ditto|100\/100\n|switch|p2a: Slither Wing|Slither Wing|100\/100\n|-transform|p1a: Ditto|p2a: Slither Wing|[from] ability: Imposter\n|turn|1\n|\n|t:|1700090677\n|-end|p2a: Slither Wing|Protosynthesis|[silent]\n|switch|p2a: Pickleball|Torkoal, F|100\/100\n|-weather|SunnyDay|[from] ability: Drought|[of] p2a: Pickleball\n|move|p1a: Ditto|Flare Blitz|p2a: Pickleball\n|-resisted|p2a: Pickleball\n|-damage|p2a: Pickleball|81\/100\n|-damage|p1a: Ditto|93\/100|[from] Recoil\n|\n|-weather|SunnyDay|[upkeep]\n|upkeep\n|turn|2\n|\n|t:|1700090695\n|move|p1a: Ditto|U-turn|p2a: Pickleball\n|-resisted|p2a: Pickleball\n|-damage|p2a: Pickleball|69\/100\n|\n|t:|1700090701\n|-end|p1a: Ditto|Protosynthesis|[silent]\n|switch|p1a: Ursaluna|Ursaluna-Bloodmoon, M|100\/100|[from] U-turn\n|move|p2a: Pickleball|Stealth Rock|p1a: Ursaluna\n|-sidestart|p1: Steeltachi|move: Stealth Rock\n|\n|-weather|SunnyDay|[upkeep]\n|upkeep\n|turn|3\n|\n|t:|1700090712\n|switch|p2a: Scream Tail|Scream Tail|100\/100\n|-activate|p2a: Scream Tail|ability: Protosynthesis\n|-start|p2a: Scream Tail|protosynthesisspe\n|move|p1a: Ursaluna|Calm Mind|p1a: Ursaluna\n|-boost|p1a: Ursaluna|spa|1\n|-boost|p1a: Ursaluna|spd|1\n|\n|-weather|SunnyDay|[upkeep]\n|upkeep\n|turn|4\n|\n|t:|1700090724\n|move|p2a: Scream Tail|Encore|p1a: Ursaluna\n|-start|p1a: Ursaluna|Encore\n|move|p1a: Ursaluna|Calm Mind|p1a: Ursaluna\n|-boost|p1a: Ursaluna|spa|1\n|-boost|p1a: Ursaluna|spd|1\n|\n|-weather|SunnyDay|[upkeep]\n|upkeep\n|turn|5\n|\n|t:|1700090739\n|-end|p2a: Scream Tail|Protosynthesis|[silent]\n|switch|p2a: Slither Wing|Slither Wing|100\/100\n|-activate|p2a: Slither Wing|ability: Protosynthesis\n|-start|p2a: Slither Wing|protosynthesisatk\n|move|p1a: Ursaluna|Calm Mind|p1a: Ursaluna\n|-boost|p1a: Ursaluna|spa|1\n|-boost|p1a: Ursaluna|spd|1\n|\n|-weather|SunnyDay|[upkeep]\n|upkeep\n|turn|6\n|\n|t:|1700090752\n|switch|p1a: Heracross|Heracross, M|100\/100\n|-damage|p1a: Heracross|88\/100|[from] Stealth Rock\n|move|p2a: Slither Wing|Close Combat|p1a: Heracross\n|-immune|p1a: Heracross\n|\n|-weather|SunnyDay|[upkeep]\n|upkeep\n|turn|7\n|\n|t:|1700090785\n|move|p1a: Heracross|Shadow Ball|p2a: Slither Wing\n|-damage|p2a: Slither Wing|60\/100\n|-damage|p1a: Heracross|78\/100|[from] item: Life Orb\n|move|p2a: Slither Wing|Flare Blitz|p1a: Heracross\n|-damage|p1a: Heracross|0 fnt\n|replace|p1a: Zoroark|Zoroark-Hisui, M\n|-end|p1a: Zoroark|Illusion\n|faint|p1a: Zoroark\n|-damage|p2a: Slither Wing|40\/100|[from] Recoil\n|\n|-weather|SunnyDay|[upkeep]\n|upkeep\n|\n|t:|1700090801\n|switch|p1a: Ditto|Ditto|93\/100\n|-damage|p1a: Ditto|81\/100|[from] Stealth Rock\n|-transform|p1a: Ditto|p2a: Slither Wing|[from] ability: Imposter\n|turn|8\n|\n|t:|1700090826\n|-end|p2a: Slither Wing|Protosynthesis|[silent]\n|switch|p2a: Ceruledge|Ceruledge, F|100\/100\n|move|p1a: Ditto|First Impression|p2a: Ceruledge\n|-resisted|p2a: Ceruledge\n|-damage|p2a: Ceruledge|85\/100\n|-ability|p2a: Ceruledge|Weak Armor|boost\n|-unboost|p2a: Ceruledge|def|1\n|-boost|p2a: Ceruledge|spe|2\n|\n|-weather|none\n|upkeep\n|turn|9\n|\n|t:|1700090850\n|-end|p1a: Ditto|Protosynthesis|[silent]\n|switch|p1a: Mew|Mew|100\/100\n|-damage|p1a: Mew|88\/100|[from] Stealth Rock\n|move|p2a: Ceruledge|Bitter Blade|p1a: Mew\n|-damage|p1a: Mew|46\/100\n|-heal|p2a: Ceruledge|100\/100|[from] drain|[of] p1a: Mew\n|\n|upkeep\n|turn|10\n|\n|t:|1700090890\n|move|p2a: Ceruledge|Bitter Blade|p1a: Mew\n|-damage|p1a: Mew|11\/100\n|move|p1a: Mew|Thunderbolt|p2a: Ceruledge\n|-damage|p2a: Ceruledge|71\/100\n|\n|upkeep\n|turn|11\n|\n|t:|1700090899\n|move|p2a: Ceruledge|Bitter Blade|p1a: Mew\n|-damage|p1a: Mew|0 fnt\n|-heal|p2a: Ceruledge|78\/100|[from] drain|[of] p1a: Mew\n|faint|p1a: Mew\n|\n|upkeep\n|\n|t:|1700090905\n|switch|p1a: Ditto|Ditto|81\/100\n|-damage|p1a: Ditto|68\/100|[from] Stealth Rock\n|-transform|p1a: Ditto|p2a: Ceruledge|[from] ability: Imposter\n|turn|12\n|\n|t:|1700090984\n|move|p1a: Ditto|Shadow Sneak|p2a: Ceruledge\n|-supereffective|p2a: Ceruledge\n|-damage|p2a: Ceruledge|0 fnt\n|faint|p2a: Ceruledge\n|\n|upkeep\n|\n|t:|1700090996\n|switch|p2a: Walking Wake|Walking Wake|100\/100\n|turn|13\n|\n|t:|1700091018\n|move|p1a: Ditto|Bitter Blade|p2a: Walking Wake\n|-resisted|p2a: Walking Wake\n|-damage|p2a: Walking Wake|88\/100\n|-heal|p1a: Ditto|76\/100|[from] drain|[of] p2a: Walking Wake\n|move|p2a: Walking Wake|Hydro Steam|p1a: Ditto\n|-supereffective|p1a: Ditto\n|-damage|p1a: Ditto|0 fnt\n|faint|p1a: Ditto\n|\n|upkeep\n|\n|t:|1700091028\n|switch|p1a: Heracross|Heracross, M|100\/100\n|turn|14\n|\n|t:|1700091036\n|-end|p2a: Walking Wake|Protosynthesis|[silent]\n|switch|p2a: Pickleball|Torkoal, F|69\/100\n|-weather|SunnyDay|[from] ability: Drought|[of] p2a: Pickleball\n|move|p1a: Heracross|Knock Off|p2a: Pickleball\n|-damage|p2a: Pickleball|43\/100\n|-enditem|p2a: Pickleball|Heat Rock|[from] move: Knock Off|[of] p1a: Heracross\n|\n|-weather|SunnyDay|[upkeep]\n|upkeep\n|turn|15\n|\n|t:|1700091047\n|move|p1a: Heracross|Brick Break|p2a: Pickleball\n|-damage|p2a: Pickleball|31\/100\n|move|p2a: Pickleball|Lava Plume|p1a: Heracross\n|-damage|p1a: Heracross|26\/100\n|replace|p1a: Zoroark|Zoroark, M\n|-end|p1a: Zoroark|Illusion\n|\n|-weather|SunnyDay|[upkeep]\n|upkeep\n|turn|16\n|\n|t:|1700091058\n|move|p1a: Zoroark|U-turn|p2a: Pickleball\n|-resisted|p2a: Pickleball\n|-damage|p2a: Pickleball|26\/100\n|\n|t:|1700091061\n|switch|p1a: Ursaluna|Ursaluna-Bloodmoon, M|100\/100|[from] U-turn\n|-damage|p1a: Ursaluna|94\/100|[from] Stealth Rock\n|move|p2a: Pickleball|Lava Plume|p1a: Ursaluna\n|-damage|p1a: Ursaluna|54\/100\n|\n|-weather|SunnyDay|[upkeep]\n|-heal|p1a: Ursaluna|60\/100|[from] item: Leftovers\n|upkeep\n|turn|17\n|\n|t:|1700091072\n|switch|p2a: Scream Tail|Scream Tail|100\/100\n|-activate|p2a: Scream Tail|ability: Protosynthesis\n|-start|p2a: Scream Tail|protosynthesisspe\n|move|p1a: Ursaluna|Earth Power|p2a: Scream Tail\n|-damage|p2a: Scream Tail|66\/100\n|\n|-weather|SunnyDay|[upkeep]\n|-heal|p2a: Scream Tail|73\/100|[from] item: Leftovers\n|-heal|p1a: Ursaluna|67\/100|[from] item: Leftovers\n|upkeep\n|turn|18\n|\n|t:|1700091084\n|move|p2a: Scream Tail|Dazzling Gleam|p1a: Ursaluna\n|-damage|p1a: Ursaluna|44\/100\n|move|p1a: Ursaluna|Earth Power|p2a: Scream Tail\n|-damage|p2a: Scream Tail|38\/100\n|\n|-weather|SunnyDay|[upkeep]\n|-heal|p2a: Scream Tail|44\/100|[from] item: Leftovers\n|-heal|p1a: Ursaluna|50\/100|[from] item: Leftovers\n|upkeep\n|turn|19\n|\n|t:|1700091106\n|move|p2a: Scream Tail|Wish|p2a: Scream Tail\n|move|p1a: Ursaluna|Blood Moon|p2a: Scream Tail\n|-damage|p2a: Scream Tail|0 fnt\n|faint|p2a: Scream Tail\n|-end|p2a: Scream Tail|Protosynthesis|[silent]\n|\n|-weather|SunnyDay|[upkeep]\n|-heal|p1a: Ursaluna|56\/100|[from] item: Leftovers\n|upkeep\n|\n|t:|1700091118\n|switch|p2a: Walking Wake|Walking Wake|88\/100\n|-activate|p2a: Walking Wake|ability: Protosynthesis\n|-start|p2a: Walking Wake|protosynthesisspe\n|turn|20\n|\n|t:|1700091125\n|move|p2a: Walking Wake|Hydro Steam|p1a: Ursaluna\n|-supereffective|p1a: Ursaluna\n|-damage|p1a: Ursaluna|0 fnt\n|faint|p1a: Ursaluna\n|\n|-weather|SunnyDay|[upkeep]\n|-heal|p2a: Walking Wake|100\/100|[from] move: Wish|[wisher] Scream Tail\n|upkeep\n|\n|t:|1700091134\n|switch|p1a: Heracross|Heracross, M|26\/100\n|turn|21\n|\n|t:|1700091137\n|move|p2a: Walking Wake|Hydro Steam|p1a: Heracross\n|-damage|p1a: Heracross|0 fnt\n|replace|p1a: Zoroark|Zoroark, M\n|-end|p1a: Zoroark|Illusion\n|faint|p1a: Zoroark\n|\n|-weather|none\n|-end|p2a: Walking Wake|Protosynthesis\n|upkeep\n|\n|t:|1700091143\n|switch|p1a: Heracross|Heracross, M|100\/100\n|-damage|p1a: Heracross|88\/100|[from] Stealth Rock\n|turn|22\n|\n|t:|1700091153\n|-end|p2a: Walking Wake|Protosynthesis|[silent]\n|switch|p2a: Pickleball|Torkoal, F|26\/100\n|-weather|SunnyDay|[from] ability: Drought|[of] p2a: Pickleball\n|move|p1a: Heracross|Earthquake|p2a: Pickleball\n|-supereffective|p2a: Pickleball\n|-damage|p2a: Pickleball|0 fnt\n|faint|p2a: Pickleball\n|-ability|p1a: Heracross|Moxie|boost\n|-boost|p1a: Heracross|atk|1\n|\n|-weather|SunnyDay|[upkeep]\n|upkeep\n|\n|t:|1700091176\n|switch|p2a: Walking Wake|Walking Wake|100\/100\n|-activate|p2a: Walking Wake|ability: Protosynthesis\n|-start|p2a: Walking Wake|protosynthesisspe\n|turn|23\n|\n|t:|1700091187\n|move|p2a: Walking Wake|Flamethrower|p1a: Heracross\n|-supereffective|p1a: Heracross\n|-damage|p1a: Heracross|0 fnt\n|faint|p1a: Heracross\n|\n|win|ShwyGuy\n|c|\u2606ShwyGuy|gg my friend\n","uploadtime":1700091200,"views":33,"p1id":"steeltachi","p2id":"shwyguy","formatid":"gen9anythinggoes","rating":0,"private":0,"password":""}