{"id":"gen9anythinggoes-1981208407","p1":"Snowyue","p2":"Guyisprettycool","format":"[Gen 9] Anything Goes","log":"|j|\u2606Snowyue\n|j|\u2606Guyisprettycool\n|t:|1698872585\n|gametype|singles\n|player|p1|Snowyue|lady-gen4|1110\n|player|p2|Guyisprettycool|ash|1080\n|teamsize|p1|6\n|teamsize|p2|6\n|gen|9\n|tier|[Gen 9] Anything Goes\n|rated|\n|rule|HP Percentage Mod: HP is shown in percentages\n|rule|Endless Battle Clause: Forcing endless battles is banned\n|clearpoke\n|poke|p1|Espathra, F|\n|poke|p1|Oricorio-Pom-Pom, F|\n|poke|p1|Clodsire, F|\n|poke|p1|Drifblim, F|\n|poke|p1|Cinderace, F|\n|poke|p1|Ursaluna-Bloodmoon, M|\n|poke|p2|Urshifu-*, M|\n|poke|p2|Drifblim, M|\n|poke|p2|Polteageist-Antique|\n|poke|p2|Pawmot, F|\n|poke|p2|Pawmot, F|\n|poke|p2|Froslass, F|\n|teampreview\n|inactive|Battle timer is ON: inactive players will automatically lose when time's up. (requested by Guyisprettycool)\n|\n|t:|1698872591\n|start\n|switch|p1a: Luna|Drifblim, F, shiny|100\/100\n|switch|p2a: Drifblim|Drifblim, M|100\/100\n|turn|1\n|\n|t:|1698872596\n|move|p1a: Luna|Minimize|p1a: Luna\n|-boost|p1a: Luna|evasion|2\n|move|p2a: Drifblim|Minimize|p2a: Drifblim\n|-boost|p2a: Drifblim|evasion|2\n|-enditem|p1a: Luna|Mirror Herb\n|-boost|p1a: Luna|evasion|2|[from] item: Mirror Herb\n|\n|upkeep\n|turn|2\n|\n|t:|1698872605\n|move|p1a: Luna|Substitute|p1a: Luna\n|-start|p1a: Luna|Substitute\n|-damage|p1a: Luna|76\/100\n|move|p2a: Drifblim|Minimize|p2a: Drifblim\n|-boost|p2a: Drifblim|evasion|2\n|\n|upkeep\n|turn|3\n|\n|t:|1698872612\n|move|p1a: Luna|Minimize|p1a: Luna\n|-boost|p1a: Luna|evasion|2\n|move|p2a: Drifblim|Minimize|p2a: Drifblim\n|-boost|p2a: Drifblim|evasion|2\n|\n|upkeep\n|turn|4\n|\n|t:|1698872635\n|move|p1a: Luna|Baton Pass|p1a: Luna\n|\n|t:|1698872638\n|switch|p1a: Mackenzie|Oricorio-Pom-Pom, F, shiny|100\/100|[from] Baton Pass\n|move|p2a: Drifblim|Baton Pass|p2a: Drifblim\n|\n|t:|1698872643\n|switch|p2a: Polteageist|Polteageist-Antique|100\/100|[from] Baton Pass\n|\n|upkeep\n|turn|5\n|\n|t:|1698872649\n|move|p1a: Mackenzie|Baton Pass|p1a: Mackenzie\n|\n|t:|1698872651\n|switch|p1a: Cleo|Espathra, F|100\/100|[from] Baton Pass\n|move|p2a: Polteageist|Shell Smash|p2a: Polteageist\n|-unboost|p2a: Polteageist|def|1\n|-unboost|p2a: Polteageist|spd|1\n|-boost|p2a: Polteageist|atk|2\n|-boost|p2a: Polteageist|spa|2\n|-boost|p2a: Polteageist|spe|2\n|-ability|p1a: Cleo|Opportunist|boost\n|-boost|p1a: Cleo|atk|2\n|-boost|p1a: Cleo|spa|2\n|-boost|p1a: Cleo|spe|2\n|-enditem|p1a: Cleo|Mirror Herb\n|-boost|p1a: Cleo|atk|2|[from] item: Mirror Herb\n|-boost|p1a: Cleo|spa|2|[from] item: Mirror Herb\n|-boost|p1a: Cleo|spe|2|[from] item: Mirror Herb\n|-enditem|p2a: Polteageist|White Herb\n|-clearnegativeboost|p2a: Polteageist|[silent]\n|\n|upkeep\n|turn|6\n|c|\u2606Guyisprettycool|DAMN\n|c|\u2606Snowyue|thank\n|c|\u2606Guyisprettycool|np\n|\n|t:|1698872675\n|move|p1a: Cleo|Baton Pass|p1a: Cleo\n|\n|t:|1698872677\n|switch|p1a: Mackenzie|Oricorio-Pom-Pom, F, shiny|100\/100|[from] Baton Pass\n|move|p2a: Polteageist|Baton Pass|p2a: Polteageist\n|\n|t:|1698872686\n|switch|p2a: Urshifu|Urshifu-Rapid-Strike, M|100\/100|[from] Baton Pass\n|\n|upkeep\n|turn|7\n|\n|t:|1698872691\n|move|p1a: Mackenzie|Revelation Dance|p2a: Urshifu|[miss]\n|-miss|p1a: Mackenzie|p2a: Urshifu\n|move|p2a: Urshifu|Surging Strikes|p1a: Mackenzie\n|-crit|p1a: Mackenzie\n|-end|p1a: Mackenzie|Substitute\n|-crit|p1a: Mackenzie\n|-damage|p1a: Mackenzie|57\/100\n|-crit|p1a: Mackenzie\n|-damage|p1a: Mackenzie|10\/100\n|-hitcount|p1a: Mackenzie|3\n|\n|upkeep\n|turn|8\n|\n|t:|1698872702\n|move|p1a: Mackenzie|Baton Pass|p1a: Mackenzie\n|\n|t:|1698872705\n|switch|p1a: Luna|Drifblim, F, shiny|76\/100|[from] Baton Pass\n|move|p2a: Urshifu|Surging Strikes|p1a: Luna\n|-crit|p1a: Luna\n|-damage|p1a: Luna|37\/100\n|-crit|p1a: Luna\n|-damage|p1a: Luna|0 fnt\n|faint|p1a: Luna\n|-hitcount|p1: Luna|2\n|\n|upkeep\n|-message|Snowyue forfeited.\n|\n|win|Guyisprettycool\n|raw|Snowyue's rating: 1110 &rarr; <strong>1083<\/strong><br \/>(-27 for losing)\n|raw|Guyisprettycool's rating: 1080 &rarr; <strong>1110<\/strong><br \/>(+30 for winning)\n|l|\u2606Snowyue\n|c|\u2606Guyisprettycool|LOL\n","uploadtime":1698872728,"views":3,"p1id":"snowyue","p2id":"guyisprettycool","formatid":"gen9anythinggoes","rating":1083,"private":0,"password":""}