{"id":"gen9anythinggoes-1987169001","p1":"PhotosFromJames","p2":"Goukkenn","format":"[Gen 9] Anything Goes","log":"|j|\u2606PhotosFromJames\n|j|\u2606Goukkenn\n|t:|1699561862\n|gametype|singles\n|player|p1|PhotosFromJames|2|1181\n|player|p2|Goukkenn|bruno|1129\n|teamsize|p1|6\n|teamsize|p2|6\n|gen|9\n|tier|[Gen 9] Anything Goes\n|rated|\n|rule|HP Percentage Mod: HP is shown in percentages\n|rule|Endless Battle Clause: Forcing endless battles is banned\n|clearpoke\n|poke|p1|Drifblim, M|\n|poke|p1|Jumpluff, M|\n|poke|p1|Ariados, F|\n|poke|p1|Inteleon, M|\n|poke|p1|Arboliva, M|\n|poke|p1|Glimmora, F|\n|poke|p2|Toxapex, M|\n|poke|p2|Cloyster, M|\n|poke|p2|Amoonguss, M|\n|poke|p2|Clefable, F|\n|poke|p2|Dusknoir, M|\n|poke|p2|Volcarona, F|\n|teampreview\n|\n|t:|1699561878\n|start\n|switch|p1a: Glimmora|Glimmora, F, shiny|100\/100\n|switch|p2a: Dusknoir|Dusknoir, M, shiny|100\/100\n|-ability|p2a: Dusknoir|Pressure\n|turn|1\n|\n|t:|1699561884\n|move|p1a: Glimmora|Mortal Spin|p2a: Dusknoir\n|-resisted|p2a: Dusknoir\n|-damage|p2a: Dusknoir|98\/100\n|-status|p2a: Dusknoir|psn\n|move|p2a: Dusknoir|Poltergeist|p1a: Glimmora\n|-activate|p1a: Glimmora|move: Poltergeist|Assault Vest\n|-damage|p1a: Glimmora|60\/100\n|-activate|p1a: Glimmora|ability: Toxic Debris\n|-sidestart|p2: Goukkenn|move: Toxic Spikes\n|\n|-damage|p2a: Dusknoir|85\/100 psn|[from] psn\n|upkeep\n|turn|2\n|\n|t:|1699561896\n|move|p1a: Glimmora|Power Gem|p2a: Dusknoir\n|-damage|p2a: Dusknoir|47\/100 psn\n|move|p2a: Dusknoir|Earthquake|p1a: Glimmora\n|-supereffective|p1a: Glimmora\n|-damage|p1a: Glimmora|0 fnt\n|-activate|p1a: Glimmora|ability: Toxic Debris\n|-sidestart|p2: Goukkenn|move: Toxic Spikes\n|faint|p1a: Glimmora\n|\n|-damage|p2a: Dusknoir|34\/100 psn|[from] psn\n|upkeep\n|\n|t:|1699561908\n|switch|p1a: Jumpluff|Jumpluff, M|100\/100\n|turn|3\n|\n|t:|1699561913\n|move|p1a: Jumpluff|Cotton Guard|p1a: Jumpluff\n|-boost|p1a: Jumpluff|def|3\n|move|p2a: Dusknoir|Poltergeist|p1a: Jumpluff\n|-activate|p1a: Jumpluff|move: Poltergeist|Leftovers\n|-damage|p1a: Jumpluff|67\/100\n|\n|-heal|p1a: Jumpluff|73\/100|[from] item: Leftovers\n|-damage|p2a: Dusknoir|22\/100 psn|[from] psn\n|upkeep\n|turn|4\n|\n|t:|1699561927\n|move|p1a: Jumpluff|Baton Pass|p1a: Jumpluff\n|\n|t:|1699561929\n|switch|p1a: Drifblim|Drifblim, M|100\/100|[from] Baton Pass\n|move|p2a: Dusknoir|Earthquake|p1a: Drifblim\n|-immune|p1a: Drifblim\n|\n|-damage|p2a: Dusknoir|10\/100 psn|[from] psn\n|upkeep\n|turn|5\n|\n|t:|1699561936\n|move|p1a: Drifblim|Minimize|p1a: Drifblim\n|-boost|p1a: Drifblim|evasion|2\n|move|p2a: Dusknoir|Poltergeist|p1a: Drifblim\n|-activate|p1a: Drifblim|move: Poltergeist|Liechi Berry\n|-supereffective|p1a: Drifblim\n|-damage|p1a: Drifblim|55\/100\n|\n|-damage|p2a: Dusknoir|0 fnt|[from] psn\n|faint|p2a: Dusknoir\n|upkeep\n|\n|t:|1699561946\n|switch|p2a: Clefable|Clefable, F, shiny|100\/100\n|-status|p2a: Clefable|tox\n|turn|6\n|\n|t:|1699561953\n|move|p1a: Drifblim|Focus Energy|p1a: Drifblim\n|-start|p1a: Drifblim|move: Focus Energy\n|move|p2a: Clefable|Substitute|p2a: Clefable\n|-start|p2a: Clefable|Substitute\n|-damage|p2a: Clefable|76\/100 tox\n|\n|-heal|p2a: Clefable|82\/100 tox|[from] item: Leftovers\n|upkeep\n|turn|7\n|\n|t:|1699561963\n|move|p2a: Clefable|Protect|p2a: Clefable\n|-singleturn|p2a: Clefable|Protect\n|move|p1a: Drifblim|Minimize|p1a: Drifblim\n|-boost|p1a: Drifblim|evasion|2\n|\n|-heal|p2a: Clefable|88\/100 tox|[from] item: Leftovers\n|upkeep\n|turn|8\n|\n|t:|1699561970\n|move|p1a: Drifblim|Minimize|p1a: Drifblim\n|-boost|p1a: Drifblim|evasion|2\n|move|p2a: Clefable|Calm Mind|p2a: Clefable\n|-boost|p2a: Clefable|spa|1\n|-boost|p2a: Clefable|spd|1\n|\n|-heal|p2a: Clefable|94\/100 tox|[from] item: Leftovers\n|upkeep\n|turn|9\n|\n|t:|1699561980\n|move|p1a: Drifblim|Baton Pass|p1a: Drifblim\n|\n|t:|1699561991\n|switch|p1a: Ariados|Ariados, F|100\/100|[from] Baton Pass\n|move|p2a: Clefable|Calm Mind|p2a: Clefable\n|-boost|p2a: Clefable|spa|1\n|-boost|p2a: Clefable|spd|1\n|\n|-heal|p2a: Clefable|99\/100 tox|[from] item: Leftovers\n|upkeep\n|turn|10\n|\n|t:|1699562003\n|move|p1a: Ariados|Shadow Sneak|p2a: Clefable\n|-crit|p2a: Clefable\n|-activate|p2a: Clefable|move: Substitute|[damage]\n|move|p2a: Clefable|Calm Mind|p2a: Clefable\n|-boost|p2a: Clefable|spa|1\n|-boost|p2a: Clefable|spd|1\n|\n|-heal|p2a: Clefable|100\/100 tox|[from] item: Leftovers\n|upkeep\n|turn|11\n|\n|t:|1699562010\n|move|p2a: Clefable|Protect|p2a: Clefable\n|-singleturn|p2a: Clefable|Protect\n|move|p1a: Ariados|Shadow Sneak|p2a: Clefable\n|-activate|p2a: Clefable|move: Protect\n|\n|upkeep\n|turn|12\n|\n|t:|1699562016\n|move|p1a: Ariados|Shadow Sneak|p2a: Clefable\n|-crit|p2a: Clefable\n|-end|p2a: Clefable|Substitute\n|move|p2a: Clefable|Moonblast|p1a: Ariados|[miss]\n|-miss|p2a: Clefable|p1a: Ariados\n|\n|upkeep\n|turn|13\n|\n|t:|1699562024\n|move|p2a: Clefable|Substitute|p2a: Clefable\n|-start|p2a: Clefable|Substitute\n|-damage|p2a: Clefable|76\/100 tox\n|move|p1a: Ariados|Cross Poison|p2a: Clefable\n|-supereffective|p2a: Clefable\n|-crit|p2a: Clefable\n|-end|p2a: Clefable|Substitute\n|\n|-heal|p2a: Clefable|82\/100 tox|[from] item: Leftovers\n|upkeep\n|turn|14\n|\n|t:|1699562033\n|move|p2a: Clefable|Moonblast|p1a: Ariados|[miss]\n|-miss|p2a: Clefable|p1a: Ariados\n|move|p1a: Ariados|Cross Poison|p2a: Clefable\n|-supereffective|p2a: Clefable\n|-crit|p2a: Clefable\n|-damage|p2a: Clefable|0 fnt\n|faint|p2a: Clefable\n|\n|upkeep\n|\n|t:|1699562082\n|switch|p2a: Cloyster|Cloyster, M, shiny|100\/100\n|-status|p2a: Cloyster|tox\n|turn|15\n|\n|t:|1699562101\n|-terastallize|p1a: Ariados|Bug\n|move|p2a: Cloyster|Icicle Spear|p1a: Ariados\n|-damage|p1a: Ariados|95\/100\n|-damage|p1a: Ariados|90\/100\n|-damage|p1a: Ariados|84\/100\n|-damage|p1a: Ariados|79\/100\n|-crit|p1a: Ariados\n|-damage|p1a: Ariados|58\/100\n|-hitcount|p1a: Ariados|5\n|move|p1a: Ariados|Leech Life|p2a: Cloyster\n|-crit|p2a: Cloyster\n|-damage|p2a: Cloyster|15\/100 tox\n|-heal|p1a: Ariados|91\/100|[from] drain|[of] p2a: Cloyster\n|\n|-damage|p2a: Cloyster|8\/100 tox|[from] psn\n|upkeep\n|turn|16\n|\n|t:|1699562116\n|move|p1a: Ariados|Shadow Sneak|p2a: Cloyster\n|-crit|p2a: Cloyster\n|-damage|p2a: Cloyster|0 fnt\n|faint|p2a: Cloyster\n|\n|upkeep\n|\n|t:|1699562121\n|switch|p2a: Toxapex|Toxapex, M, shiny|100\/100\n|-sideend|p2: Goukkenn|move: Toxic Spikes|[of] p2a: Toxapex\n|turn|17\n|\n|t:|1699562125\n|move|p1a: Ariados|Leech Life|p2a: Toxapex\n|-resisted|p2a: Toxapex\n|-crit|p2a: Toxapex\n|-damage|p2a: Toxapex|68\/100\n|-heal|p1a: Ariados|100\/100|[from] drain|[of] p2a: Toxapex\n|move|p2a: Toxapex|Toxic|p1a: Ariados\n|-status|p1a: Ariados|tox\n|\n|-heal|p2a: Toxapex|74\/100|[from] item: Black Sludge\n|-damage|p1a: Ariados|94\/100 tox|[from] psn\n|upkeep\n|turn|18\n|\n|t:|1699562140\n|move|p1a: Ariados|Leech Life|p2a: Toxapex\n|-resisted|p2a: Toxapex\n|-crit|p2a: Toxapex\n|-damage|p2a: Toxapex|40\/100\n|-heal|p1a: Ariados|100\/100 tox|[from] drain|[of] p2a: Toxapex\n|move|p2a: Toxapex|Liquidation|p1a: Ariados\n|-damage|p1a: Ariados|92\/100 tox\n|-unboost|p1a: Ariados|def|1\n|\n|-heal|p2a: Toxapex|46\/100|[from] item: Black Sludge\n|-damage|p1a: Ariados|80\/100 tox|[from] psn\n|upkeep\n|turn|19\n|\n|t:|1699562152\n|move|p2a: Toxapex|Baneful Bunker|p2a: Toxapex\n|-singleturn|p2a: Toxapex|move: Protect\n|move|p1a: Ariados|Leech Life|p2a: Toxapex\n|-activate|p2a: Toxapex|move: Protect\n|\n|-heal|p2a: Toxapex|52\/100|[from] item: Black Sludge\n|-damage|p1a: Ariados|61\/100 tox|[from] psn\n|upkeep\n|turn|20\n|\n|t:|1699562163\n|move|p1a: Ariados|Leech Life|p2a: Toxapex\n|-resisted|p2a: Toxapex\n|-crit|p2a: Toxapex\n|-damage|p2a: Toxapex|20\/100\n|-heal|p1a: Ariados|77\/100 tox|[from] drain|[of] p2a: Toxapex\n|move|p2a: Toxapex|Recover|p2a: Toxapex\n|-heal|p2a: Toxapex|70\/100\n|\n|-heal|p2a: Toxapex|76\/100|[from] item: Black Sludge\n|-damage|p1a: Ariados|53\/100 tox|[from] psn\n|upkeep\n|turn|21\n|\n|t:|1699562173\n|switch|p1a: Jumpluff|Jumpluff, M|73\/100\n|move|p2a: Toxapex|Baneful Bunker||[still]\n|-fail|p2a: Toxapex\n|\n|-heal|p1a: Jumpluff|79\/100|[from] item: Leftovers\n|-heal|p2a: Toxapex|82\/100|[from] item: Black Sludge\n|upkeep\n|turn|22\n|\n|t:|1699562181\n|move|p2a: Toxapex|Baneful Bunker|p2a: Toxapex\n|-singleturn|p2a: Toxapex|move: Protect\n|move|p1a: Jumpluff|Leech Seed|p2a: Toxapex\n|-activate|p2a: Toxapex|move: Protect\n|\n|-heal|p1a: Jumpluff|85\/100|[from] item: Leftovers\n|-heal|p2a: Toxapex|89\/100|[from] item: Black Sludge\n|upkeep\n|turn|23\n|\n|t:|1699562191\n|move|p1a: Jumpluff|Leech Seed|p2a: Toxapex\n|-start|p2a: Toxapex|move: Leech Seed\n|move|p2a: Toxapex|Toxic|p1a: Jumpluff\n|-status|p1a: Jumpluff|tox\n|\n|-heal|p1a: Jumpluff|92\/100 tox|[from] item: Leftovers\n|-heal|p2a: Toxapex|95\/100|[from] item: Black Sludge\n|-damage|p2a: Toxapex|82\/100|[from] Leech Seed|[of] p1a: Jumpluff\n|-heal|p1a: Jumpluff|100\/100 tox|[silent]\n|-damage|p1a: Jumpluff|94\/100 tox|[from] psn\n|upkeep\n|turn|24\n|\n|t:|1699562202\n|move|p1a: Jumpluff|Cotton Guard|p1a: Jumpluff\n|-boost|p1a: Jumpluff|def|3\n|move|p2a: Toxapex|Liquidation|p1a: Jumpluff\n|-resisted|p1a: Jumpluff\n|-damage|p1a: Jumpluff|89\/100 tox\n|\n|-heal|p1a: Jumpluff|95\/100 tox|[from] item: Leftovers\n|-heal|p2a: Toxapex|89\/100|[from] item: Black Sludge\n|-damage|p2a: Toxapex|76\/100|[from] Leech Seed|[of] p1a: Jumpluff\n|-heal|p1a: Jumpluff|100\/100 tox|[silent]\n|-damage|p1a: Jumpluff|88\/100 tox|[from] psn\n|upkeep\n|turn|25\n|\n|t:|1699562213\n|move|p2a: Toxapex|Baneful Bunker|p2a: Toxapex\n|-singleturn|p2a: Toxapex|move: Protect\n|move|p1a: Jumpluff|Baton Pass|p1a: Jumpluff\n|\n|t:|1699562222\n|switch|p1a: Inteleon|Inteleon, M|100\/100|[from] Baton Pass\n|\n|-heal|p2a: Toxapex|82\/100|[from] item: Black Sludge\n|-damage|p2a: Toxapex|70\/100|[from] Leech Seed|[of] p1a: Inteleon\n|upkeep\n|turn|26\n|\n|t:|1699562233\n|-terastallize|p2a: Toxapex|Poison\n|move|p1a: Inteleon|Snipe Shot|p2a: Toxapex\n|-damage|p2a: Toxapex|35\/100\n|move|p2a: Toxapex|Toxic|p1a: Inteleon\n|-status|p1a: Inteleon|tox\n|\n|-heal|p2a: Toxapex|42\/100|[from] item: Black Sludge\n|-damage|p2a: Toxapex|29\/100|[from] Leech Seed|[of] p1a: Inteleon\n|-damage|p1a: Inteleon|94\/100 tox|[from] psn\n|upkeep\n|turn|27\n|\n|t:|1699562244\n|move|p2a: Toxapex|Baneful Bunker|p2a: Toxapex\n|-singleturn|p2a: Toxapex|move: Protect\n|move|p1a: Inteleon|Snipe Shot|p2a: Toxapex\n|-activate|p2a: Toxapex|move: Protect\n|\n|-heal|p2a: Toxapex|35\/100|[from] item: Black Sludge\n|-damage|p2a: Toxapex|23\/100|[from] Leech Seed|[of] p1a: Inteleon\n|-heal|p1a: Inteleon|100\/100 tox|[silent]\n|-damage|p1a: Inteleon|88\/100 tox|[from] psn\n|upkeep\n|turn|28\n|\n|t:|1699562252\n|move|p1a: Inteleon|Snipe Shot|p2a: Toxapex\n|-damage|p2a: Toxapex|0 fnt\n|faint|p2a: Toxapex\n|\n|-damage|p1a: Inteleon|70\/100 tox|[from] psn\n|upkeep\n|\n|t:|1699562259\n|switch|p2a: Amoonguss|Amoonguss, M, shiny|100\/100\n|turn|29\n|\n|t:|1699562263\n|move|p1a: Inteleon|Snipe Shot|p2a: Amoonguss\n|-resisted|p2a: Amoonguss\n|-damage|p2a: Amoonguss|84\/100\n|move|p2a: Amoonguss|Spore||[still]\n|-fail|p2a: Amoonguss\n|\n|-heal|p2a: Amoonguss|90\/100|[from] item: Black Sludge\n|-damage|p1a: Inteleon|46\/100 tox|[from] psn\n|upkeep\n|turn|30\n|\n|t:|1699562271\n|move|p1a: Inteleon|Snipe Shot|p2a: Amoonguss\n|-resisted|p2a: Amoonguss\n|-damage|p2a: Amoonguss|72\/100\n|move|p2a: Amoonguss|Sludge Bomb|p1a: Inteleon\n|-damage|p1a: Inteleon|3\/100 tox\n|\n|-heal|p2a: Amoonguss|78\/100|[from] item: Black Sludge\n|-damage|p1a: Inteleon|0 fnt|[from] psn\n|faint|p1a: Inteleon\n|upkeep\n|\n|t:|1699562280\n|switch|p1a: Jumpluff|Jumpluff, M|88\/100 tox\n|turn|31\n|\n|t:|1699562287\n|move|p1a: Jumpluff|Cotton Guard|p1a: Jumpluff\n|-boost|p1a: Jumpluff|def|3\n|move|p2a: Amoonguss|Sludge Bomb|p1a: Jumpluff\n|-supereffective|p1a: Jumpluff\n|-damage|p1a: Jumpluff|30\/100 tox\n|\n|-heal|p1a: Jumpluff|36\/100 tox|[from] item: Leftovers\n|-heal|p2a: Amoonguss|85\/100|[from] item: Black Sludge\n|-damage|p1a: Jumpluff|30\/100 tox|[from] psn\n|upkeep\n|turn|32\n|\n|t:|1699562297\n|switch|p2a: Volcarona|Volcarona, F, shiny|100\/100\n|move|p1a: Jumpluff|Baton Pass|p1a: Jumpluff\n|\n|t:|1699562305\n|switch|p1a: Drifblim|Drifblim, M|55\/100|[from] Baton Pass\n|\n|upkeep\n|turn|33\n|\n|t:|1699562309\n|move|p2a: Volcarona|Quiver Dance|p2a: Volcarona\n|-boost|p2a: Volcarona|spa|1\n|-boost|p2a: Volcarona|spd|1\n|-boost|p2a: Volcarona|spe|1\n|move|p1a: Drifblim|Minimize|p1a: Drifblim\n|-boost|p1a: Drifblim|evasion|2\n|\n|upkeep\n|turn|34\n|\n|t:|1699562318\n|move|p2a: Volcarona|Flamethrower|p1a: Drifblim\n|-damage|p1a: Drifblim|0 fnt\n|faint|p1a: Drifblim\n|\n|upkeep\n|\n|t:|1699562323\n|switch|p1a: Ariados|Ariados, F, tera:Bug|53\/100 tox\n|turn|35\n|\n|t:|1699562326\n|move|p1a: Ariados|Shadow Sneak|p2a: Volcarona\n|-damage|p2a: Volcarona|85\/100\n|move|p2a: Volcarona|Flamethrower|p1a: Ariados\n|-supereffective|p1a: Ariados\n|-damage|p1a: Ariados|0 fnt\n|faint|p1a: Ariados\n|\n|upkeep\n|\n|t:|1699562331\n|switch|p1a: Jumpluff|Jumpluff, M|30\/100 tox\n|turn|36\n|\n|t:|1699562334\n|move|p2a: Volcarona|Flamethrower|p1a: Jumpluff\n|-supereffective|p1a: Jumpluff\n|-damage|p1a: Jumpluff|0 fnt\n|faint|p1a: Jumpluff\n|\n|upkeep\n|\n|t:|1699562336\n|switch|p1a: Arboliva|Arboliva, M, shiny|100\/100\n|turn|37\n|\n|t:|1699562341\n|move|p2a: Volcarona|Flamethrower|p1a: Arboliva\n|-supereffective|p1a: Arboliva\n|-damage|p1a: Arboliva|0 fnt\n|faint|p1a: Arboliva\n|\n|win|Goukkenn\n|raw|PhotosFromJames's rating: 1181 &rarr; <strong>1152<\/strong><br \/>(-29 for losing)\n|raw|Goukkenn's rating: 1129 &rarr; <strong>1158<\/strong><br \/>(+29 for winning)\n|l|\u2606PhotosFromJames\n|c|\u2606Goukkenn|gg\n","uploadtime":1699562404,"views":22,"p1id":"photosfromjames","p2id":"goukkenn","formatid":"gen9anythinggoes","rating":1152,"private":0,"password":""}