{"id":"gen9anythinggoes-1999358287","p1":"Khryce","p2":"remoraid384","format":"[Gen 9] Anything Goes","log":"|j|\u2606Khryce\n|j|\u2606remoraid384\n|t:|1701066216\n|gametype|singles\n|player|p1|Khryce|preschooler|1088\n|player|p2|remoraid384|265|1085\n|teamsize|p1|6\n|teamsize|p2|6\n|gen|9\n|tier|[Gen 9] Anything Goes\n|rated|\n|rule|HP Percentage Mod: HP is shown in percentages\n|rule|Endless Battle Clause: Forcing endless battles is banned\n|clearpoke\n|poke|p1|Maushold|\n|poke|p1|Ursaluna-Bloodmoon, M|\n|poke|p1|Ursaluna, F|\n|poke|p1|Blissey, F|\n|poke|p1|Ambipom, F|\n|poke|p1|Grafaiai, M|\n|poke|p2|Mew|\n|poke|p2|Jirachi|\n|poke|p2|Heatran, M|\n|poke|p2|Alomomola, M|\n|poke|p2|Zapdos|\n|poke|p2|Toxapex, F|\n|teampreview\n|inactive|Battle timer is ON: inactive players will automatically lose when time's up. (requested by Khryce)\n|\n|t:|1701066226\n|start\n|switch|p1a: Grafaiai|Grafaiai, M|100\/100\n|switch|p2a: Mew|Mew, shiny|100\/100\n|turn|1\n|\n|t:|1701066231\n|move|p1a: Grafaiai|Toxic|p2a: Mew\n|-status|p2a: Mew|tox\n|-activate|p2a: Mew|ability: Synchronize\n|-immune|p1a: Grafaiai\n|move|p2a: Mew|Toxic Spikes|p1a: Grafaiai\n|-sidestart|p1: Khryce|move: Toxic Spikes\n|\n|-damage|p2a: Mew|94\/100 tox|[from] psn\n|upkeep\n|turn|2\n|\n|t:|1701066244\n|move|p2a: Mew|Taunt|p1a: Grafaiai\n|-start|p1a: Grafaiai|move: Taunt\n|move|p1a: Grafaiai|Knock Off|p2a: Mew\n|-supereffective|p2a: Mew\n|-damage|p2a: Mew|55\/100 tox\n|-enditem|p2a: Mew|Red Card|[from] move: Knock Off|[of] p1a: Grafaiai\n|\n|-damage|p2a: Mew|43\/100 tox|[from] psn\n|upkeep\n|turn|3\n|\n|t:|1701066255\n|move|p2a: Mew|Super Fang|p1a: Grafaiai\n|-damage|p1a: Grafaiai|50\/100\n|move|p1a: Grafaiai|Foul Play|p2a: Mew\n|-supereffective|p2a: Mew\n|-damage|p2a: Mew|12\/100 tox\n|\n|-damage|p2a: Mew|0 fnt|[from] psn\n|faint|p2a: Mew\n|upkeep\n|\n|t:|1701066277\n|switch|p2a: Heatran|Heatran, M|100\/100\n|turn|4\n|\n|t:|1701066288\n|switch|p1a: Ursaluna|Ursaluna, F|100\/100\n|-status|p1a: Ursaluna|psn\n|move|p2a: Heatran|Earth Power|p1a: Ursaluna\n|-damage|p1a: Ursaluna|76\/100 psn\n|\n|-damage|p1a: Ursaluna|63\/100 psn|[from] psn\n|upkeep\n|turn|5\n|\n|t:|1701066299\n|switch|p2a: Zapdos|Zapdos|100\/100\n|switch|p1a: Grafaiai|Grafaiai, M|50\/100\n|-sideend|p1: Khryce|move: Toxic Spikes|[of] p1a: Grafaiai\n|\n|upkeep\n|turn|6\n|\n|t:|1701066307\n|-terastallize|p2a: Zapdos|Steel\n|move|p1a: Grafaiai|Parting Shot|p2a: Zapdos\n|-unboost|p2a: Zapdos|atk|1\n|-unboost|p2a: Zapdos|spa|1\n|\n|t:|1701066317\n|switch|p1a: Ursaluna|Ursaluna-Bloodmoon, M|100\/100|[from] Parting Shot\n|move|p2a: Zapdos|Agility|p2a: Zapdos\n|-boost|p2a: Zapdos|spe|2\n|\n|upkeep\n|turn|7\n|\n|t:|1701066325\n|move|p2a: Zapdos|Baton Pass|p2a: Zapdos\n|\n|t:|1701066328\n|switch|p2a: Alomomola|Alomomola, M|100\/100|[from] Baton Pass\n|move|p1a: Ursaluna|Earth Power|p2a: Alomomola\n|-damage|p2a: Alomomola|37\/100\n|\n|upkeep\n|turn|8\n|\n|t:|1701066355\n|move|p2a: Alomomola|Chilling Water|p1a: Ursaluna\n|-supereffective|p1a: Ursaluna\n|-damage|p1a: Ursaluna|92\/100\n|-unboost|p1a: Ursaluna|atk|1\n|move|p1a: Ursaluna|Blood Moon|p2a: Alomomola\n|-crit|p2a: Alomomola\n|-damage|p2a: Alomomola|0 fnt\n|faint|p2a: Alomomola\n|\n|upkeep\n|inactive|remoraid384 has 120 seconds left.\n|\n|t:|1701066373\n|switch|p2a: Jirachi|Jirachi|100\/100\n|turn|9\n|\n|t:|1701066379\n|switch|p1a: Grafaiai|Grafaiai, M|50\/100\n|move|p2a: Jirachi|Wish|p2a: Jirachi\n|\n|upkeep\n|turn|10\n|\n|t:|1701066389\n|move|p1a: Grafaiai|Knock Off|p2a: Jirachi\n|-supereffective|p2a: Jirachi\n|-damage|p2a: Jirachi|69\/100\n|-enditem|p2a: Jirachi|Sitrus Berry|[from] move: Knock Off|[of] p1a: Grafaiai\n|move|p2a: Jirachi|Cosmic Power|p2a: Jirachi\n|-boost|p2a: Jirachi|def|1\n|-boost|p2a: Jirachi|spd|1\n|\n|-heal|p2a: Jirachi|100\/100|[from] move: Wish|[wisher] Jirachi\n|upkeep\n|turn|11\n|\n|t:|1701066401\n|move|p1a: Grafaiai|Parting Shot|p2a: Jirachi\n|-unboost|p2a: Jirachi|atk|1\n|-unboost|p2a: Jirachi|spa|1\n|\n|t:|1701066406\n|switch|p1a: Blissey|Blissey, F|100\/100|[from] Parting Shot\n|move|p2a: Jirachi|Wish|p2a: Jirachi\n|\n|upkeep\n|turn|12\n|inactive|remoraid384 has 120 seconds left.\n|\n|t:|1701066432\n|move|p2a: Jirachi|Baton Pass|p2a: Jirachi\n|\n|t:|1701066434\n|switch|p2a: Heatran|Heatran, M|100\/100|[from] Baton Pass\n|move|p1a: Blissey|Thunder Wave|p2a: Heatran\n|-status|p2a: Heatran|par\n|\n|upkeep\n|turn|13\n|-message|remoraid384 forfeited.\n|\n|win|Khryce\n|raw|Khryce's rating: 1088 &rarr; <strong>1115<\/strong><br \/>(+27 for winning)\n|raw|remoraid384's rating: 1085 &rarr; <strong>1062<\/strong><br \/>(-23 for losing)\n|l|\u2606remoraid384\n","uploadtime":1701066443,"views":0,"p1id":"khryce","p2id":"remoraid384","formatid":"gen9anythinggoes","rating":1062,"private":0,"password":""}