{"id":"gen9anythinggoes-1991891281","p1":"asuna12hvhcdgecb","p2":"Lol138","format":"[Gen 9] Anything Goes","log":"|j|\u2606asuna12hvhcdgecb\n|j|\u2606Lol138\n|t:|1700134393\n|gametype|singles\n|player|p1|asuna12hvhcdgecb|pokekid|1140\n|player|p2|Lol138|lance|1353\n|teamsize|p1|6\n|teamsize|p2|6\n|gen|9\n|tier|[Gen 9] Anything Goes\n|rated|\n|rule|HP Percentage Mod: HP is shown in percentages\n|rule|Endless Battle Clause: Forcing endless battles is banned\n|clearpoke\n|poke|p1|Gallade, M|\n|poke|p1|Dragonite, M|\n|poke|p1|Zoroark-Hisui, M|\n|poke|p1|Abomasnow, M|\n|poke|p1|Gallade, M|\n|poke|p1|Basculegion-F, F|\n|poke|p2|Eternatus|\n|poke|p2|Rayquaza|\n|poke|p2|Miraidon|\n|poke|p2|Zacian-*|\n|poke|p2|Calyrex-Shadow|\n|poke|p2|Drifblim, M|\n|teampreview\n|c|\u2606Lol138|Hello\n|c|\u2606Lol138|good luck\n|c|\u2606asuna12hvhcdgecb|hello\n|c|\u2606asuna12hvhcdgecb|BUT RLY\n|c|\u2606Lol138|Yea?\n|c|\u2606asuna12hvhcdgecb|\u2620\ufe0f\u2620\ufe0f\u2620\ufe0f ok s\u264dtart\n|\n|t:|1700134448\n|start\n|switch|p1a: Gallade|Gallade, M|100\/100\n|switch|p2a: Drifblim|Drifblim, M, shiny|100\/100\n|turn|1\n|\n|t:|1700134472\n|move|p1a: Gallade|Night Slash|p2a: Drifblim\n|-supereffective|p2a: Drifblim\n|-damage|p2a: Drifblim|0 fnt\n|-damage|p1a: Gallade|76\/100|[from] ability: Aftermath|[of] p2a: Drifblim\n|faint|p2a: Drifblim\n|\n|upkeep\n|\n|t:|1700134481\n|switch|p2a: Calyrex|Calyrex-Shadow|100\/100\n|-ability|p2a: Calyrex|As One\n|-ability|p2a: Calyrex|Unnerve\n|turn|2\n|\n|t:|1700134493\n|move|p2a: Calyrex|Astral Barrage|p1a: Gallade\n|-supereffective|p1a: Gallade\n|-crit|p1a: Gallade\n|-damage|p1a: Gallade|0 fnt\n|faint|p1a: Gallade\n|-ability|p2a: Calyrex|Grim Neigh|boost\n|-boost|p2a: Calyrex|spa|1\n|\n|upkeep\n|\n|t:|1700134502\n|switch|p1a: Gallade|Gallade, M|100\/100\n|turn|3\n|\n|t:|1700134510\n|move|p1a: Gallade|Detect|p1a: Gallade\n|-singleturn|p1a: Gallade|Protect\n|move|p2a: Calyrex|Astral Barrage|p1a: Gallade\n|-activate|p1a: Gallade|move: Protect\n|\n|upkeep\n|turn|4\n|\n|t:|1700134523\n|move|p2a: Calyrex|Astral Barrage|p1a: Gallade\n|-immune|p1a: Gallade\n|move|p1a: Gallade|Bitter Malice|p2a: Calyrex\n|-supereffective|p2a: Calyrex\n|-damage|p2a: Calyrex|0 fnt\n|faint|p2a: Calyrex\n|\n|upkeep\n|\n|t:|1700134564\n|switch|p2a: Eternatus|Eternatus, shiny|100\/100\n|-ability|p2a: Eternatus|Pressure\n|turn|5\n|\n|t:|1700134581\n|move|p1a: Gallade|Detect|p1a: Gallade\n|-singleturn|p1a: Gallade|Protect\n|move|p2a: Eternatus|Outrage|p1a: Gallade\n|-activate|p1a: Gallade|move: Protect\n|\n|upkeep\n|turn|6\n|c|\u2606asuna12hvhcdgecb|1 down 4 legs to go\n|\n|t:|1700134613\n|move|p1a: Gallade|Bitter Malice|p2a: Eternatus\n|-damage|p2a: Eternatus|74\/100\n|-unboost|p2a: Eternatus|atk|1\n|move|p2a: Eternatus|Outrage|p1a: Gallade\n|-damage|p1a: Gallade|45\/100\n|replace|p1a: Zoroark|Zoroark-Hisui, M, shiny\n|-end|p1a: Zoroark|Illusion\n|\n|-heal|p2a: Eternatus|80\/100|[from] item: Leftovers\n|upkeep\n|turn|7\n|\n|t:|1700134639\n|move|p1a: Zoroark|Bitter Malice|p2a: Eternatus\n|-damage|p2a: Eternatus|54\/100\n|-unboost|p2a: Eternatus|atk|1\n|move|p2a: Eternatus|Outrage|p1a: Zoroark|[from]lockedmove\n|-crit|p1a: Zoroark\n|-damage|p1a: Zoroark|0 fnt\n|faint|p1a: Zoroark\n|\n|-heal|p2a: Eternatus|60\/100|[from] item: Leftovers\n|upkeep\n|\n|t:|1700134653\n|switch|p1a: Abomasnow|Abomasnow, M|100\/100\n|-weather|Snow|[from] ability: Snow Warning|[of] p1a: Abomasnow\n|turn|8\n|c|\u2606asuna12hvhcdgecb|u one shot here so i sacrafice\n|\n|t:|1700134723\n|move|p2a: Eternatus|Outrage|p1a: Abomasnow|[from]lockedmove\n|-damage|p1a: Abomasnow|85\/100\n|-start|p2a: Eternatus|confusion|[fatigue]\n|move|p1a: Abomasnow|Aurora Veil|p1a: Abomasnow\n|-sidestart|p1: asuna12hvhcdgecb|move: Aurora Veil\n|\n|-weather|Snow|[upkeep]\n|-heal|p2a: Eternatus|66\/100|[from] item: Leftovers\n|upkeep\n|turn|9\n|\n|t:|1700134736\n|switch|p1a: Dragonite|Dragonite, M|100\/100\n|-activate|p2a: Eternatus|confusion\n|move|p2a: Eternatus|Rest|p2a: Eternatus\n|-status|p2a: Eternatus|slp|[from] move: Rest\n|-heal|p2a: Eternatus|100\/100 slp|[silent]\n|\n|-weather|Snow|[upkeep]\n|upkeep\n|turn|10\n|\n|t:|1700134746\n|cant|p2a: Eternatus|slp\n|move|p1a: Dragonite|Substitute|p1a: Dragonite\n|-start|p1a: Dragonite|Substitute\n|-damage|p1a: Dragonite|76\/100\n|\n|-weather|Snow|[upkeep]\n|-heal|p1a: Dragonite|82\/100|[from] item: Leftovers\n|upkeep\n|turn|11\n|\n|t:|1700134753\n|cant|p2a: Eternatus|slp\n|move|p1a: Dragonite|Thunder Wave||[still]\n|-fail|p1a: Dragonite\n|\n|-weather|Snow|[upkeep]\n|-heal|p1a: Dragonite|88\/100|[from] item: Leftovers\n|upkeep\n|turn|12\n|\n|t:|1700134762\n|-curestatus|p2a: Eternatus|slp|[msg]\n|-activate|p2a: Eternatus|confusion\n|move|p2a: Eternatus|Outrage|p1a: Dragonite\n|-supereffective|p1a: Dragonite\n|-activate|p1a: Dragonite|move: Substitute|[damage]\n|move|p1a: Dragonite|Dragon Tail|p2a: Eternatus\n|-supereffective|p2a: Eternatus\n|-damage|p2a: Eternatus|63\/100\n|drag|p2a: Zacian|Zacian-Crowned, shiny|100\/100\n|-ability|p2a: Zacian|Intrepid Sword|boost\n|-boost|p2a: Zacian|atk|1\n|\n|-weather|none\n|-heal|p1a: Dragonite|94\/100|[from] item: Leftovers\n|-sideend|p1: asuna12hvhcdgecb|move: Aurora Veil\n|upkeep\n|turn|13\n|c|\u2606Lol138|I think thats bad luck\n|\n|t:|1700134788\n|move|p2a: Zacian|Behemoth Blade|p1a: Dragonite\n|-end|p1a: Dragonite|Substitute\n|move|p1a: Dragonite|Thunder Wave|p2a: Zacian\n|-status|p2a: Zacian|par\n|\n|-heal|p1a: Dragonite|100\/100|[from] item: Leftovers\n|upkeep\n|turn|14\n|\n|t:|1700134800\n|move|p1a: Dragonite|Substitute|p1a: Dragonite\n|-start|p1a: Dragonite|Substitute\n|-damage|p1a: Dragonite|76\/100\n|cant|p2a: Zacian|par\n|\n|-heal|p1a: Dragonite|82\/100|[from] item: Leftovers\n|upkeep\n|turn|15\n|\n|t:|1700134807\n|move|p2a: Zacian|Play Rough|p1a: Dragonite\n|-supereffective|p1a: Dragonite\n|-end|p1a: Dragonite|Substitute\n|move|p1a: Dragonite|Dragon Tail|p2a: Zacian\n|-immune|p2a: Zacian\n|\n|-heal|p1a: Dragonite|88\/100|[from] item: Leftovers\n|upkeep\n|turn|16\n|c|\u2606Lol138|What were you thinking\n|c|\u2606asuna12hvhcdgecb|um....\n|\n|t:|1700134840\n|switch|p1a: Basculegion|Basculegion-F, F, shiny|100\/100\n|cant|p2a: Zacian|par\n|\n|upkeep\n|turn|17\n|\n|t:|1700134878\n|move|p1a: Basculegion|Phantom Force||[still]\n|-prepare|p1a: Basculegion|Phantom Force\n|move|p2a: Zacian|Behemoth Blade|p1a: Basculegion|[miss]\n|-miss|p2a: Zacian|p1a: Basculegion\n|\n|upkeep\n|turn|18\n|\n|t:|1700134886\n|move|p1a: Basculegion|Phantom Force|p2a: Zacian|[from]lockedmove\n|-damage|p2a: Zacian|67\/100 par\n|cant|p2a: Zacian|par\n|\n|upkeep\n|turn|19\n|\n|t:|1700134893\n|move|p1a: Basculegion|Wave Crash|p2a: Zacian\n|-damage|p2a: Zacian|23\/100 par\n|-damage|p1a: Basculegion|90\/100|[from] Recoil\n|move|p2a: Zacian|Behemoth Blade|p1a: Basculegion\n|-resisted|p1a: Basculegion\n|-damage|p1a: Basculegion|39\/100\n|\n|upkeep\n|turn|20\n|\n|t:|1700134904\n|switch|p2a: Miraidon|Miraidon|100\/100\n|-fieldstart|move: Electric Terrain|[from] ability: Hadron Engine|[of] p2a: Miraidon\n|move|p1a: Basculegion|Aqua Jet|p2a: Miraidon\n|-resisted|p2a: Miraidon\n|-damage|p2a: Miraidon|92\/100\n|\n|-heal|p2a: Miraidon|98\/100|[from] item: Leftovers\n|upkeep\n|turn|21\n|\n|t:|1700134923\n|switch|p1a: Dragonite|Dragonite, M|88\/100\n|move|p2a: Miraidon|Electro Drift|p1a: Dragonite\n|-damage|p1a: Dragonite|26\/100\n|\n|-heal|p2a: Miraidon|100\/100|[from] item: Leftovers\n|-heal|p1a: Dragonite|32\/100|[from] item: Leftovers\n|upkeep\n|turn|22\n|\n|t:|1700134968\n|move|p2a: Miraidon|Electro Drift|p1a: Dragonite\n|-damage|p1a: Dragonite|0 fnt\n|faint|p1a: Dragonite\n|\n|upkeep\n|\n|t:|1700134976\n|switch|p1a: Abomasnow|Abomasnow, M|85\/100\n|-weather|Snow|[from] ability: Snow Warning|[of] p1a: Abomasnow\n|turn|23\n|c|\u2606Lol138|Nice sacrifice\n|\n|t:|1700134985\n|move|p2a: Miraidon|Electro Drift|p1a: Abomasnow\n|-resisted|p1a: Abomasnow\n|-damage|p1a: Abomasnow|27\/100\n|move|p1a: Abomasnow|Aurora Veil|p1a: Abomasnow\n|-sidestart|p1: asuna12hvhcdgecb|move: Aurora Veil\n|\n|-weather|Snow|[upkeep]\n|upkeep\n|turn|24\n|\n|t:|1700134999\n|switch|p1a: Gallade|Gallade, M|100\/100\n|move|p2a: Miraidon|Electro Drift|p1a: Gallade\n|-damage|p1a: Gallade|39\/100\n|\n|-weather|Snow|[upkeep]\n|-fieldend|move: Electric Terrain\n|upkeep\n|turn|25\n|\n|t:|1700135007\n|move|p2a: Miraidon|Electro Drift|p1a: Gallade\n|-damage|p1a: Gallade|8\/100\n|move|p1a: Gallade|Leaf Blade|p2a: Miraidon\n|-resisted|p2a: Miraidon\n|-damage|p2a: Miraidon|63\/100\n|\n|-weather|Snow|[upkeep]\n|-heal|p2a: Miraidon|69\/100|[from] item: Leftovers\n|upkeep\n|turn|26\n|c|\u2606Lol138|What\n|c|\u2606Lol138|leaf blading a dragon\n|\n|t:|1700135030\n|move|p2a: Miraidon|Electro Drift|p1a: Gallade\n|-damage|p1a: Gallade|0 fnt\n|faint|p1a: Gallade\n|\n|-weather|Snow|[upkeep]\n|-heal|p2a: Miraidon|75\/100|[from] item: Leftovers\n|upkeep\n|\n|t:|1700135038\n|switch|p1a: Abomasnow|Abomasnow, M|27\/100\n|turn|27\n|\n|t:|1700135047\n|move|p2a: Miraidon|Electro Drift|p1a: Abomasnow\n|-resisted|p1a: Abomasnow\n|-damage|p1a: Abomasnow|8\/100\n|move|p1a: Abomasnow|Avalanche|p2a: Miraidon\n|-supereffective|p2a: Miraidon\n|-damage|p2a: Miraidon|0 fnt\n|faint|p2a: Miraidon\n|\n|-weather|none\n|-sideend|p1: asuna12hvhcdgecb|move: Aurora Veil\n|upkeep\n|\n|t:|1700135069\n|switch|p2a: Zacian|Zacian-Crowned, shiny|23\/100 par\n|turn|28\n|\n|t:|1700135073\n|move|p2a: Zacian|Behemoth Blade|p1a: Abomasnow\n|-supereffective|p1a: Abomasnow\n|-damage|p1a: Abomasnow|0 fnt\n|faint|p1a: Abomasnow\n|\n|upkeep\n|\n|t:|1700135079\n|switch|p1a: Basculegion|Basculegion-F, F, shiny|39\/100\n|turn|29\n|c|\u2606Lol138|Rip dead fish statue\n|\n|t:|1700135105\n|move|p1a: Basculegion|Aqua Jet|p2a: Zacian\n|-damage|p2a: Zacian|8\/100 par\n|move|p2a: Zacian|Behemoth Blade|p1a: Basculegion\n|-resisted|p1a: Basculegion\n|-damage|p1a: Basculegion|9\/100\n|\n|upkeep\n|turn|30\n|c|\u2606asuna12hvhcdgecb|gg ;[\n|c|\u2606asuna12hvhcdgecb|o0o\n|\n|t:|1700135120\n|switch|p2a: Rayquaza|Rayquaza, shiny|100\/100\n|-ability|p2a: Rayquaza|Air Lock\n|move|p1a: Basculegion|Aqua Jet|p2a: Rayquaza\n|-resisted|p2a: Rayquaza\n|-damage|p2a: Rayquaza|90\/100\n|\n|-heal|p2a: Rayquaza|96\/100|[from] item: Leftovers\n|upkeep\n|turn|31\n|c|\u2606Lol138|Lol I am gonna max\n|inactive|Battle timer is ON: inactive players will automatically lose when time's up. (requested by Lol138)\n|c|\u2606asuna12hvhcdgecb|FUUUUUUUUUUUUUUUUUUUUUUUUUUUUUUUUUUUUUUUUUUUUUUUUUUUUUUUUUUUUUUUUUUUUUUUUUUUUUUUUUUUUUUUUUUUUUUUUUUUUUUUUUUUUUUUUUUUUUUUUUUUUUUUUUUUUUUUUUUUUUUUUUUUUUUUUUUUUUUUUUUUUUUUUUUUUUUUUUUUUUUUUUUUUUUUUUUUUUUUu@k\n|c|\u2606asuna12hvhcdgecb|jk lol\n|c|\u2606Lol138|Ay\n|c|\u2606Lol138|ay\n|\n|t:|1700135158\n|move|p2a: Rayquaza|Dragon Dance|p2a: Rayquaza\n|-boost|p2a: Rayquaza|atk|1\n|-boost|p2a: Rayquaza|spe|1\n|move|p1a: Basculegion|Phantom Force||[still]\n|-prepare|p1a: Basculegion|Phantom Force\n|\n|-heal|p2a: Rayquaza|100\/100|[from] item: Leftovers\n|upkeep\n|turn|32\n|c|\u2606Lol138|ay\n|c|\u2606asuna12hvhcdgecb|oops\n|c|\u2606Lol138|Outplayed\n|\n|t:|1700135173\n|move|p2a: Rayquaza|Dragon Claw|p1a: Basculegion|[miss]\n|-miss|p2a: Rayquaza|p1a: Basculegion\n|move|p1a: Basculegion|Phantom Force|p2a: Rayquaza|[from]lockedmove\n|-damage|p2a: Rayquaza|55\/100\n|\n|-heal|p2a: Rayquaza|61\/100|[from] item: Leftovers\n|upkeep\n|turn|33\n|\n|t:|1700135183\n|move|p2a: Rayquaza|Dragon Claw|p1a: Basculegion\n|-damage|p1a: Basculegion|0 fnt\n|faint|p1a: Basculegion\n|\n|win|Lol138\n|raw|asuna12hvhcdgecb's rating: 1140 &rarr; <strong>1129<\/strong><br \/>(-11 for losing)\n|raw|Lol138's rating: 1353 &rarr; <strong>1362<\/strong><br \/>(+9 for winning)\n","uploadtime":1700135143,"views":4,"p1id":"asuna12hvhcdgecb","p2id":"lol138","formatid":"gen9anythinggoes","rating":1129,"private":0,"password":""}