{"id":"gen9anythinggoes-1997173629","p1":"Domo2020","p2":"not gaussfield","format":"[Gen 9] Anything Goes","log":"|j|\u2606Domo2020\n|j|\u2606not gaussfield\n|t:|1700772062\n|gametype|singles\n|player|p1|Domo2020|266|1286\n|player|p2|not gaussfield|tuli|1390\n|teamsize|p1|6\n|teamsize|p2|6\n|gen|9\n|tier|[Gen 9] Anything Goes\n|rated|\n|rule|HP Percentage Mod: HP is shown in percentages\n|rule|Endless Battle Clause: Forcing endless battles is banned\n|clearpoke\n|poke|p1|Skeledirge, F|\n|poke|p1|Maushold-Four|\n|poke|p1|Riolu, M|\n|poke|p1|Lucario, F|\n|poke|p1|Glimmora, F|\n|poke|p1|Maushold-Four|\n|poke|p2|Calyrex-Shadow|\n|poke|p2|Groudon|\n|poke|p2|Flutter Mane|\n|poke|p2|Koraidon|\n|poke|p2|Giratina|\n|poke|p2|Toxapex, M|\n|teampreview\n|\n|t:|1700772076\n|start\n|switch|p1a: Maushold|Maushold-Four|100\/100\n|switch|p2a: Calyrex|Calyrex-Shadow|100\/100\n|-ability|p2a: Calyrex|As One\n|-ability|p2a: Calyrex|Unnerve\n|turn|1\n|\n|t:|1700772083\n|move|p2a: Calyrex|Psyshock|p1a: Maushold\n|-damage|p1a: Maushold|24\/100\n|move|p1a: Maushold|Beat Up|p2a: Calyrex\n|-supereffective|p2a: Calyrex\n|-damage|p2a: Calyrex|79\/100\n|-supereffective|p2a: Calyrex\n|-damage|p2a: Calyrex|57\/100\n|-supereffective|p2a: Calyrex\n|-damage|p2a: Calyrex|35\/100\n|-supereffective|p2a: Calyrex\n|-damage|p2a: Calyrex|8\/100\n|-supereffective|p2a: Calyrex\n|-damage|p2a: Calyrex|0 fnt\n|faint|p2a: Calyrex\n|-hitcount|p2: Calyrex|5\n|\n|upkeep\n|\n|t:|1700772088\n|switch|p2a: Koraidon|Koraidon|100\/100\n|-weather|SunnyDay|[from] ability: Orichalcum Pulse|[of] p2a: Koraidon\n|-activate|p2a: Koraidon|Orichalcum Pulse|[source]\n|turn|2\n|\n|t:|1700772094\n|move|p2a: Koraidon|Swords Dance|p2a: Koraidon\n|-boost|p2a: Koraidon|atk|2\n|move|p1a: Maushold|Population Bomb|p2a: Koraidon\n|-damage|p2a: Koraidon|91\/100\n|-damage|p2a: Koraidon|81\/100\n|-damage|p2a: Koraidon|71\/100\n|-damage|p2a: Koraidon|61\/100\n|-damage|p2a: Koraidon|52\/100\n|-damage|p2a: Koraidon|42\/100\n|-damage|p2a: Koraidon|31\/100\n|-damage|p2a: Koraidon|20\/100\n|-damage|p2a: Koraidon|10\/100\n|-damage|p2a: Koraidon|0 fnt\n|faint|p2a: Koraidon\n|-hitcount|p2: Koraidon|10\n|\n|-weather|SunnyDay|[upkeep]\n|upkeep\n|\n|t:|1700772099\n|switch|p2a: Flutter Mane|Flutter Mane|100\/100\n|-activate|p2a: Flutter Mane|ability: Protosynthesis\n|-start|p2a: Flutter Mane|protosynthesisspe\n|turn|3\n|\n|t:|1700772104\n|move|p2a: Flutter Mane|Moonblast|p1a: Maushold\n|-damage|p1a: Maushold|0 fnt\n|faint|p1a: Maushold\n|\n|-weather|SunnyDay|[upkeep]\n|upkeep\n|\n|t:|1700772108\n|switch|p1a: Glimmora|Glimmora, F|100\/100\n|turn|4\n|\n|t:|1700772111\n|move|p2a: Flutter Mane|Shadow Ball|p1a: Glimmora\n|-damage|p1a: Glimmora|44\/100\n|move|p1a: Glimmora|Stealth Rock|p2a: Flutter Mane\n|-sidestart|p2: not gaussfield|move: Stealth Rock\n|\n|-weather|SunnyDay|[upkeep]\n|upkeep\n|turn|5\n|\n|t:|1700772114\n|move|p2a: Flutter Mane|Shadow Ball|p1a: Glimmora\n|-damage|p1a: Glimmora|0 fnt\n|faint|p1a: Glimmora\n|\n|-weather|SunnyDay|[upkeep]\n|upkeep\n|\n|t:|1700772117\n|switch|p1a: Lucario|Lucario, F|100\/100\n|turn|6\n|\n|t:|1700772121\n|-end|p2a: Flutter Mane|Protosynthesis|[silent]\n|switch|p2a: Toxapex|Toxapex, M|100\/100\n|-damage|p2a: Toxapex|88\/100|[from] Stealth Rock\n|move|p1a: Lucario|Meteor Mash|p2a: Toxapex\n|-resisted|p2a: Toxapex\n|-damage|p2a: Toxapex|70\/100\n|\n|-weather|none\n|-heal|p2a: Toxapex|76\/100|[from] item: Leftovers\n|upkeep\n|turn|7\n|\n|t:|1700772124\n|move|p1a: Lucario|Thunder Punch|p2a: Toxapex\n|-supereffective|p2a: Toxapex\n|-damage|p2a: Toxapex|42\/100\n|move|p2a: Toxapex|Toxic Spikes|p1a: Lucario\n|-sidestart|p1: Domo2020|move: Toxic Spikes\n|\n|-heal|p2a: Toxapex|49\/100|[from] item: Leftovers\n|upkeep\n|turn|8\n|\n|t:|1700772130\n|move|p1a: Lucario|Thunder Punch|p2a: Toxapex\n|-supereffective|p2a: Toxapex\n|-damage|p2a: Toxapex|12\/100\n|move|p2a: Toxapex|Toxic Spikes|p1a: Lucario\n|-sidestart|p1: Domo2020|move: Toxic Spikes\n|\n|-heal|p2a: Toxapex|19\/100|[from] item: Leftovers\n|upkeep\n|turn|9\n|\n|t:|1700772138\n|switch|p2a: Groudon|Groudon|100\/100\n|-damage|p2a: Groudon|94\/100|[from] Stealth Rock\n|-weather|SunnyDay|[from] ability: Drought|[of] p2a: Groudon\n|move|p1a: Lucario|Thunder Punch|p2a: Groudon\n|-immune|p2a: Groudon\n|\n|-weather|SunnyDay|[upkeep]\n|-heal|p2a: Groudon|100\/100|[from] item: Leftovers\n|upkeep\n|turn|10\n|\n|t:|1700772146\n|move|p1a: Lucario|Meteor Mash|p2a: Groudon\n|-damage|p2a: Groudon|79\/100\n|move|p2a: Groudon|Stealth Rock|p1a: Lucario\n|-sidestart|p1: Domo2020|move: Stealth Rock\n|\n|-weather|SunnyDay|[upkeep]\n|-heal|p2a: Groudon|85\/100|[from] item: Leftovers\n|upkeep\n|turn|11\n|\n|t:|1700772151\n|move|p2a: Groudon|Spikes|p1a: Lucario\n|-sidestart|p1: Domo2020|Spikes\n|move|p1a: Lucario|Roar|p2a: Groudon\n|drag|p2a: Flutter Mane|Flutter Mane|100\/100\n|-damage|p2a: Flutter Mane|88\/100|[from] Stealth Rock\n|-activate|p2a: Flutter Mane|ability: Protosynthesis\n|-start|p2a: Flutter Mane|protosynthesisspe\n|\n|-weather|SunnyDay|[upkeep]\n|upkeep\n|turn|12\n|\n|t:|1700772156\n|move|p2a: Flutter Mane|Mystical Fire|p1a: Lucario\n|-supereffective|p1a: Lucario\n|-enditem|p1a: Lucario|Focus Sash\n|-damage|p1a: Lucario|1\/100\n|-unboost|p1a: Lucario|spa|1\n|move|p1a: Lucario|Meteor Mash|p2a: Flutter Mane\n|-supereffective|p2a: Flutter Mane\n|-damage|p2a: Flutter Mane|0 fnt\n|faint|p2a: Flutter Mane\n|-end|p2a: Flutter Mane|Protosynthesis|[silent]\n|\n|-weather|SunnyDay|[upkeep]\n|upkeep\n|\n|t:|1700772160\n|switch|p2a: Giratina|Giratina|100\/100\n|-damage|p2a: Giratina|88\/100|[from] Stealth Rock\n|-ability|p2a: Giratina|Pressure\n|turn|13\n|\n|t:|1700772166\n|move|p1a: Lucario|Meteor Mash|p2a: Giratina\n|-damage|p2a: Giratina|62\/100\n|move|p2a: Giratina|Roar|p1a: Lucario\n|drag|p1a: Riolu|Riolu, M|100\/100\n|-status|p1a: Riolu|tox\n|-damage|p1a: Riolu|95\/100 tox|[from] Stealth Rock\n|-damage|p1a: Riolu|82\/100 tox|[from] Spikes\n|\n|-weather|none\n|-heal|p2a: Giratina|68\/100|[from] item: Leftovers\n|-damage|p1a: Riolu|76\/100 tox|[from] psn\n|upkeep\n|turn|14\n|\n|t:|1700772178\n|move|p2a: Giratina|Protect|p2a: Giratina\n|-singleturn|p2a: Giratina|Protect\n|move|p1a: Riolu|Dig||[still]\n|-prepare|p1a: Riolu|Dig\n|\n|-heal|p2a: Giratina|74\/100|[from] item: Leftovers\n|-damage|p1a: Riolu|64\/100 tox|[from] psn\n|upkeep\n|turn|15\n|\n|t:|1700772191\n|move|p1a: Riolu|Dig|p2a: Giratina|[from]lockedmove\n|-damage|p2a: Giratina|62\/100\n|move|p2a: Giratina|Roar|p1a: Riolu\n|drag|p1a: Maushold|Maushold-Four|100\/100\n|-status|p1a: Maushold|tox\n|-damage|p1a: Maushold|88\/100 tox|[from] Stealth Rock\n|-damage|p1a: Maushold|76\/100 tox|[from] Spikes\n|\n|-heal|p2a: Giratina|68\/100|[from] item: Leftovers\n|-damage|p1a: Maushold|69\/100 tox|[from] psn\n|upkeep\n|turn|16\n|\n|t:|1700772203\n|-terastallize|p2a: Giratina|Steel\n|move|p1a: Maushold|Agility|p1a: Maushold\n|-boost|p1a: Maushold|spe|2\n|move|p2a: Giratina|Roar|p1a: Maushold\n|drag|p1a: Lucario|Lucario, F|1\/100\n|-damage|p1a: Lucario|0 fnt|[from] Stealth Rock\n|faint|p1a: Lucario\n|\n|-heal|p2a: Giratina|74\/100|[from] item: Leftovers\n|upkeep\n|\n|t:|1700772213\n|switch|p1a: Maushold|Maushold-Four|69\/100 tox\n|-damage|p1a: Maushold|57\/100 tox|[from] Stealth Rock\n|-damage|p1a: Maushold|44\/100 tox|[from] Spikes\n|turn|17\n|\n|t:|1700772218\n|move|p1a: Maushold|Tidy Up|p1a: Maushold\n|-sideend|p1: Domo2020|Spikes\n|-sideend|p1: Domo2020|Toxic Spikes\n|-sideend|p1: Domo2020|Stealth Rock\n|-sideend|p2: not gaussfield|Stealth Rock\n|-activate|p1a: Maushold|move: Tidy Up\n|-boost|p1a: Maushold|atk|1\n|-boost|p1a: Maushold|spe|1\n|move|p2a: Giratina|Roar|p1a: Maushold\n|drag|p1a: Skeledirge|Skeledirge, F|100\/100\n|\n|-heal|p2a: Giratina|80\/100|[from] item: Leftovers\n|upkeep\n|turn|18\n|\n|t:|1700772226\n|-terastallize|p1a: Skeledirge|Fairy\n|move|p1a: Skeledirge|Will-O-Wisp|p2a: Giratina\n|-status|p2a: Giratina|brn\n|move|p2a: Giratina|Dragon Tail|p1a: Skeledirge\n|-immune|p1a: Skeledirge\n|\n|-heal|p2a: Giratina|87\/100 brn|[from] item: Leftovers\n|-damage|p2a: Giratina|80\/100 brn|[from] brn\n|upkeep\n|turn|19\n|\n|t:|1700772236\n|move|p1a: Skeledirge|Torch Song|p2a: Giratina\n|-supereffective|p2a: Giratina\n|-damage|p2a: Giratina|53\/100 brn\n|-boost|p1a: Skeledirge|spa|1\n|move|p2a: Giratina|Roar|p1a: Skeledirge\n|drag|p1a: Maushold|Maushold-Four|44\/100 tox\n|\n|-heal|p2a: Giratina|59\/100 brn|[from] item: Leftovers\n|-damage|p1a: Maushold|38\/100 tox|[from] psn\n|-damage|p2a: Giratina|53\/100 brn|[from] brn\n|upkeep\n|turn|20\n|\n|t:|1700772245\n|move|p2a: Giratina|Protect|p2a: Giratina\n|-singleturn|p2a: Giratina|Protect\n|move|p1a: Maushold|Agility|p1a: Maushold\n|-boost|p1a: Maushold|spe|2\n|\n|-heal|p2a: Giratina|59\/100 brn|[from] item: Leftovers\n|-damage|p1a: Maushold|26\/100 tox|[from] psn\n|-damage|p2a: Giratina|53\/100 brn|[from] brn\n|upkeep\n|turn|21\n|\n|t:|1700772257\n|move|p1a: Maushold|Baton Pass|p1a: Maushold\n|\n|t:|1700772258\n|switch|p1a: Skeledirge|Skeledirge, F, tera:Fairy|100\/100|[from] Baton Pass\n|move|p2a: Giratina|Shadow Force||[still]\n|-prepare|p2a: Giratina|Shadow Force\n|\n|-heal|p2a: Giratina|59\/100 brn|[from] item: Leftovers\n|-damage|p2a: Giratina|53\/100 brn|[from] brn\n|upkeep\n|turn|22\n|\n|t:|1700772265\n|move|p1a: Skeledirge|Torch Song|p2a: Giratina|[miss]\n|-miss|p1a: Skeledirge|p2a: Giratina\n|move|p2a: Giratina|Shadow Force|p1a: Skeledirge|[from]lockedmove\n|-damage|p1a: Skeledirge|84\/100\n|\n|-heal|p2a: Giratina|59\/100 brn|[from] item: Leftovers\n|-damage|p2a: Giratina|53\/100 brn|[from] brn\n|upkeep\n|turn|23\n|\n|t:|1700772273\n|move|p2a: Giratina|Protect|p2a: Giratina\n|-singleturn|p2a: Giratina|Protect\n|move|p1a: Skeledirge|Hex|p2a: Giratina\n|-activate|p2a: Giratina|move: Protect\n|\n|-heal|p2a: Giratina|59\/100 brn|[from] item: Leftovers\n|-damage|p2a: Giratina|53\/100 brn|[from] brn\n|upkeep\n|turn|24\n|\n|t:|1700772282\n|switch|p2a: Toxapex|Toxapex, M|52\/100\n|move|p1a: Skeledirge|Hex|p2a: Toxapex\n|-damage|p2a: Toxapex|35\/100\n|\n|-heal|p2a: Toxapex|41\/100|[from] item: Leftovers\n|upkeep\n|turn|25\n|\n|t:|1700772288\n|move|p1a: Skeledirge|Will-O-Wisp|p2a: Toxapex\n|-status|p2a: Toxapex|brn\n|move|p2a: Toxapex|Recover|p2a: Toxapex\n|-heal|p2a: Toxapex|91\/100 brn\n|\n|-heal|p2a: Toxapex|97\/100 brn|[from] item: Leftovers\n|-damage|p2a: Toxapex|91\/100 brn|[from] brn\n|upkeep\n|turn|26\n|\n|t:|1700772293\n|move|p1a: Skeledirge|Torch Song|p2a: Toxapex\n|-resisted|p2a: Toxapex\n|-damage|p2a: Toxapex|81\/100 brn\n|-boost|p1a: Skeledirge|spa|1\n|move|p2a: Toxapex|Toxic Spikes|p1a: Skeledirge\n|-sidestart|p1: Domo2020|move: Toxic Spikes\n|\n|-heal|p2a: Toxapex|87\/100 brn|[from] item: Leftovers\n|-damage|p2a: Toxapex|81\/100 brn|[from] brn\n|upkeep\n|turn|27\n|\n|t:|1700772296\n|move|p1a: Skeledirge|Torch Song|p2a: Toxapex\n|-resisted|p2a: Toxapex\n|-damage|p2a: Toxapex|67\/100 brn\n|-boost|p1a: Skeledirge|spa|1\n|move|p2a: Toxapex|Haze|p2a: Toxapex\n|-clearallboost\n|\n|-heal|p2a: Toxapex|73\/100 brn|[from] item: Leftovers\n|-damage|p2a: Toxapex|67\/100 brn|[from] brn\n|upkeep\n|turn|28\n|\n|t:|1700772299\n|move|p1a: Skeledirge|Hex|p2a: Toxapex\n|-damage|p2a: Toxapex|35\/100 brn\n|move|p2a: Toxapex|Toxic Spikes|p1a: Skeledirge\n|-sidestart|p1: Domo2020|move: Toxic Spikes\n|\n|-heal|p2a: Toxapex|41\/100 brn|[from] item: Leftovers\n|-damage|p2a: Toxapex|35\/100 brn|[from] brn\n|upkeep\n|turn|29\n|\n|t:|1700772302\n|switch|p2a: Groudon|Groudon|85\/100\n|-weather|SunnyDay|[from] ability: Drought|[of] p2a: Groudon\n|move|p1a: Skeledirge|Hex|p2a: Groudon\n|-damage|p2a: Groudon|64\/100\n|\n|-weather|SunnyDay|[upkeep]\n|-heal|p2a: Groudon|71\/100|[from] item: Leftovers\n|upkeep\n|turn|30\n|\n|t:|1700772308\n|move|p2a: Groudon|Earthquake|p1a: Skeledirge\n|-damage|p1a: Skeledirge|46\/100\n|move|p1a: Skeledirge|Will-O-Wisp|p2a: Groudon\n|-status|p2a: Groudon|brn\n|\n|-weather|SunnyDay|[upkeep]\n|-heal|p2a: Groudon|77\/100 brn|[from] item: Leftovers\n|-damage|p2a: Groudon|71\/100 brn|[from] brn\n|upkeep\n|turn|31\n|\n|t:|1700772315\n|switch|p2a: Giratina|Giratina, tera:Steel|53\/100 brn\n|-ability|p2a: Giratina|Pressure\n|move|p1a: Skeledirge|Slack Off|p1a: Skeledirge\n|-heal|p1a: Skeledirge|97\/100\n|\n|-weather|SunnyDay|[upkeep]\n|-heal|p2a: Giratina|59\/100 brn|[from] item: Leftovers\n|-damage|p2a: Giratina|53\/100 brn|[from] brn\n|upkeep\n|turn|32\n|\n|t:|1700772319\n|move|p1a: Skeledirge|Hex|p2a: Giratina\n|-damage|p2a: Giratina|32\/100 brn\n|move|p2a: Giratina|Roar|p1a: Skeledirge\n|drag|p1a: Maushold|Maushold-Four|26\/100 tox\n|\n|-weather|SunnyDay|[upkeep]\n|-heal|p2a: Giratina|38\/100 brn|[from] item: Leftovers\n|-damage|p1a: Maushold|20\/100 tox|[from] psn\n|-damage|p2a: Giratina|32\/100 brn|[from] brn\n|upkeep\n|turn|33\n|\n|t:|1700772326\n|move|p2a: Giratina|Protect|p2a: Giratina\n|-singleturn|p2a: Giratina|Protect\n|move|p1a: Maushold|Agility|p1a: Maushold\n|-boost|p1a: Maushold|spe|2\n|\n|-weather|none\n|-heal|p2a: Giratina|38\/100 brn|[from] item: Leftovers\n|-damage|p1a: Maushold|7\/100 tox|[from] psn\n|-damage|p2a: Giratina|32\/100 brn|[from] brn\n|upkeep\n|turn|34\n|\n|t:|1700772330\n|switch|p2a: Toxapex|Toxapex, M|68\/100 brn\n|move|p1a: Maushold|Baton Pass|p1a: Maushold\n|\n|t:|1700772340\n|switch|p1a: Skeledirge|Skeledirge, F, tera:Fairy|97\/100|[from] Baton Pass\n|\n|-heal|p2a: Toxapex|74\/100 brn|[from] item: Leftovers\n|-damage|p2a: Toxapex|68\/100 brn|[from] brn\n|upkeep\n|turn|35\n|\n|t:|1700772350\n|move|p1a: Skeledirge|Hex|p2a: Toxapex\n|-damage|p2a: Toxapex|36\/100 brn\n|move|p2a: Toxapex|Haze|p2a: Toxapex\n|-clearallboost\n|\n|-heal|p2a: Toxapex|42\/100 brn|[from] item: Leftovers\n|-damage|p2a: Toxapex|36\/100 brn|[from] brn\n|upkeep\n|turn|36\n|\n|t:|1700772354\n|switch|p2a: Groudon|Groudon|71\/100 brn\n|-weather|SunnyDay|[from] ability: Drought|[of] p2a: Groudon\n|move|p1a: Skeledirge|Hex|p2a: Groudon\n|-damage|p2a: Groudon|24\/100 brn\n|\n|-weather|SunnyDay|[upkeep]\n|-heal|p2a: Groudon|30\/100 brn|[from] item: Leftovers\n|-damage|p2a: Groudon|24\/100 brn|[from] brn\n|upkeep\n|turn|37\n|\n|t:|1700772361\n|move|p2a: Groudon|Earthquake|p1a: Skeledirge\n|-damage|p1a: Skeledirge|76\/100\n|move|p1a: Skeledirge|Hex|p2a: Groudon\n|-damage|p2a: Groudon|0 fnt\n|faint|p2a: Groudon\n|\n|-weather|SunnyDay|[upkeep]\n|upkeep\n|\n|t:|1700772365\n|switch|p2a: Giratina|Giratina, tera:Steel|32\/100 brn\n|-ability|p2a: Giratina|Pressure\n|turn|38\n|\n|t:|1700772370\n|move|p2a: Giratina|Shadow Force||[still]\n|-prepare|p2a: Giratina|Shadow Force\n|move|p1a: Skeledirge|Hex|p2a: Giratina|[miss]\n|-miss|p1a: Skeledirge|p2a: Giratina\n|\n|-weather|SunnyDay|[upkeep]\n|-heal|p2a: Giratina|38\/100 brn|[from] item: Leftovers\n|-damage|p2a: Giratina|32\/100 brn|[from] brn\n|upkeep\n|turn|39\n|\n|t:|1700772377\n|move|p2a: Giratina|Shadow Force|p1a: Skeledirge|[from]lockedmove\n|-damage|p1a: Skeledirge|60\/100\n|move|p1a: Skeledirge|Slack Off|p1a: Skeledirge\n|-heal|p1a: Skeledirge|100\/100\n|\n|-weather|SunnyDay|[upkeep]\n|-heal|p2a: Giratina|38\/100 brn|[from] item: Leftovers\n|-damage|p2a: Giratina|32\/100 brn|[from] brn\n|upkeep\n|turn|40\n|\n|t:|1700772381\n|move|p2a: Giratina|Protect|p2a: Giratina\n|-singleturn|p2a: Giratina|Protect\n|move|p1a: Skeledirge|Hex|p2a: Giratina\n|-activate|p2a: Giratina|move: Protect\n|\n|-weather|none\n|-heal|p2a: Giratina|38\/100 brn|[from] item: Leftovers\n|-damage|p2a: Giratina|32\/100 brn|[from] brn\n|upkeep\n|turn|41\n|\n|t:|1700772389\n|switch|p2a: Toxapex|Toxapex, M|69\/100 brn\n|move|p1a: Skeledirge|Torch Song|p2a: Toxapex\n|-resisted|p2a: Toxapex\n|-damage|p2a: Toxapex|59\/100 brn\n|-boost|p1a: Skeledirge|spa|1\n|\n|-heal|p2a: Toxapex|65\/100 brn|[from] item: Leftovers\n|-damage|p2a: Toxapex|59\/100 brn|[from] brn\n|upkeep\n|turn|42\n|\n|t:|1700772393\n|move|p1a: Skeledirge|Hex|p2a: Toxapex\n|-damage|p2a: Toxapex|16\/100 brn\n|move|p2a: Toxapex|Recover|p2a: Toxapex\n|-heal|p2a: Toxapex|66\/100 brn\n|\n|-heal|p2a: Toxapex|72\/100 brn|[from] item: Leftovers\n|-damage|p2a: Toxapex|66\/100 brn|[from] brn\n|upkeep\n|turn|43\n|\n|t:|1700772397\n|move|p1a: Skeledirge|Torch Song|p2a: Toxapex\n|-resisted|p2a: Toxapex\n|-damage|p2a: Toxapex|52\/100 brn\n|-boost|p1a: Skeledirge|spa|1\n|move|p2a: Toxapex|Haze|p2a: Toxapex\n|-clearallboost\n|\n|-heal|p2a: Toxapex|58\/100 brn|[from] item: Leftovers\n|-damage|p2a: Toxapex|52\/100 brn|[from] brn\n|upkeep\n|turn|44\n|\n|t:|1700772399\n|move|p1a: Skeledirge|Hex|p2a: Toxapex\n|-crit|p2a: Toxapex\n|-damage|p2a: Toxapex|9\/100 brn\n|move|p2a: Toxapex|Recover|p2a: Toxapex\n|-heal|p2a: Toxapex|59\/100 brn\n|\n|-heal|p2a: Toxapex|65\/100 brn|[from] item: Leftovers\n|-damage|p2a: Toxapex|59\/100 brn|[from] brn\n|upkeep\n|turn|45\n|\n|t:|1700772407\n|move|p1a: Skeledirge|Torch Song|p2a: Toxapex\n|-resisted|p2a: Toxapex\n|-damage|p2a: Toxapex|50\/100 brn\n|-boost|p1a: Skeledirge|spa|1\n|move|p2a: Toxapex|Recover|p2a: Toxapex\n|-heal|p2a: Toxapex|99\/100 brn\n|\n|-heal|p2a: Toxapex|100\/100 brn|[from] item: Leftovers\n|-damage|p2a: Toxapex|94\/100 brn|[from] brn\n|upkeep\n|turn|46\n|\n|t:|1700772410\n|move|p1a: Skeledirge|Torch Song|p2a: Toxapex\n|-resisted|p2a: Toxapex\n|-damage|p2a: Toxapex|80\/100 brn\n|-boost|p1a: Skeledirge|spa|1\n|move|p2a: Toxapex|Haze|p2a: Toxapex\n|-clearallboost\n|\n|-heal|p2a: Toxapex|86\/100 brn|[from] item: Leftovers\n|-damage|p2a: Toxapex|80\/100 brn|[from] brn\n|upkeep\n|turn|47\n|\n|t:|1700772427\n|switch|p1a: Maushold|Maushold-Four|7\/100 tox\n|move|p2a: Toxapex|Haze|p2a: Toxapex\n|-clearallboost\n|\n|-heal|p2a: Toxapex|86\/100 brn|[from] item: Leftovers\n|-damage|p1a: Maushold|1\/100 tox|[from] psn\n|-damage|p2a: Toxapex|80\/100 brn|[from] brn\n|upkeep\n|turn|48\n|\n|t:|1700772431\n|move|p1a: Maushold|Population Bomb|p2a: Toxapex|[miss]\n|-miss|p1a: Maushold|p2a: Toxapex\n|move|p2a: Toxapex|Recover|p2a: Toxapex\n|-heal|p2a: Toxapex|100\/100 brn\n|\n|-damage|p1a: Maushold|0 fnt|[from] psn\n|faint|p1a: Maushold\n|-damage|p2a: Toxapex|94\/100 brn|[from] brn\n|upkeep\n|\n|t:|1700772434\n|switch|p1a: Riolu|Riolu, M|64\/100 tox\n|turn|49\n|\n|t:|1700772444\n|move|p1a: Riolu|Dig||[still]\n|-prepare|p1a: Riolu|Dig\n|move|p2a: Toxapex|Liquidation|p1a: Riolu|[miss]\n|-miss|p2a: Toxapex|p1a: Riolu\n|\n|-heal|p2a: Toxapex|100\/100 brn|[from] item: Leftovers\n|-damage|p1a: Riolu|58\/100 tox|[from] psn\n|-damage|p2a: Toxapex|94\/100 brn|[from] brn\n|upkeep\n|turn|50\n|\n|t:|1700772449\n|move|p1a: Riolu|Dig|p2a: Toxapex|[from]lockedmove\n|-supereffective|p2a: Toxapex\n|-damage|p2a: Toxapex|64\/100 brn\n|move|p2a: Toxapex|Recover|p2a: Toxapex\n|-heal|p2a: Toxapex|100\/100 brn\n|\n|-damage|p1a: Riolu|46\/100 tox|[from] psn\n|-damage|p2a: Toxapex|94\/100 brn|[from] brn\n|upkeep\n|turn|51\n|\n|t:|1700772457\n|move|p1a: Riolu|Copycat|p1a: Riolu\n|move|p1a: Riolu|Recover|p1a: Riolu|[from]move: Copycat\n|-heal|p1a: Riolu|96\/100 tox\n|move|p2a: Toxapex|Haze|p2a: Toxapex\n|-clearallboost\n|\n|-heal|p2a: Toxapex|100\/100 brn|[from] item: Leftovers\n|-damage|p1a: Riolu|78\/100 tox|[from] psn\n|-damage|p2a: Toxapex|94\/100 brn|[from] brn\n|upkeep\n|turn|52\n|\n|t:|1700772467\n|move|p1a: Riolu|Dig||[still]\n|-prepare|p1a: Riolu|Dig\n|move|p2a: Toxapex|Haze|p2a: Toxapex\n|-clearallboost\n|\n|-heal|p2a: Toxapex|100\/100 brn|[from] item: Leftovers\n|-damage|p1a: Riolu|54\/100 tox|[from] psn\n|-damage|p2a: Toxapex|94\/100 brn|[from] brn\n|upkeep\n|turn|53\n|\n|t:|1700772476\n|move|p1a: Riolu|Dig|p2a: Toxapex|[from]lockedmove\n|-supereffective|p2a: Toxapex\n|-damage|p2a: Toxapex|61\/100 brn\n|move|p2a: Toxapex|Liquidation|p1a: Riolu\n|-damage|p1a: Riolu|32\/100 tox\n|-unboost|p1a: Riolu|def|1\n|\n|-heal|p2a: Toxapex|67\/100 brn|[from] item: Leftovers\n|-damage|p1a: Riolu|2\/100 tox|[from] psn\n|-damage|p2a: Toxapex|61\/100 brn|[from] brn\n|upkeep\n|turn|54\n|\n|t:|1700772504\n|switch|p2a: Giratina|Giratina, tera:Steel|32\/100 brn\n|-ability|p2a: Giratina|Pressure\n|move|p1a: Riolu|Copycat|p1a: Riolu\n|move|p1a: Riolu|Liquidation|p2a: Giratina|[from]move: Copycat\n|-crit|p2a: Giratina\n|-damage|p2a: Giratina|14\/100 brn\n|\n|-heal|p2a: Giratina|20\/100 brn|[from] item: Leftovers\n|-damage|p1a: Riolu|0 fnt|[from] psn\n|faint|p1a: Riolu\n|-damage|p2a: Giratina|14\/100 brn|[from] brn\n|upkeep\n|\n|t:|1700772508\n|switch|p1a: Skeledirge|Skeledirge, F, tera:Fairy|100\/100\n|turn|55\n|\n|t:|1700772518\n|move|p2a: Giratina|Protect|p2a: Giratina\n|-singleturn|p2a: Giratina|Protect\n|move|p1a: Skeledirge|Torch Song|p2a: Giratina\n|-activate|p2a: Giratina|move: Protect\n|\n|-heal|p2a: Giratina|20\/100 brn|[from] item: Leftovers\n|-damage|p2a: Giratina|14\/100 brn|[from] brn\n|upkeep\n|turn|56\n|\n|t:|1700772526\n|move|p2a: Giratina|Shadow Force||[still]\n|-prepare|p2a: Giratina|Shadow Force\n|move|p1a: Skeledirge|Torch Song|p2a: Giratina|[miss]\n|-miss|p1a: Skeledirge|p2a: Giratina\n|\n|-heal|p2a: Giratina|20\/100 brn|[from] item: Leftovers\n|-damage|p2a: Giratina|14\/100 brn|[from] brn\n|upkeep\n|turn|57\n|\n|t:|1700772533\n|move|p2a: Giratina|Shadow Force|p1a: Skeledirge|[from]lockedmove\n|-damage|p1a: Skeledirge|84\/100\n|move|p1a: Skeledirge|Will-O-Wisp|p2a: Giratina\n|-fail|p2a: Giratina|brn\n|\n|-heal|p2a: Giratina|20\/100 brn|[from] item: Leftovers\n|-damage|p2a: Giratina|14\/100 brn|[from] brn\n|upkeep\n|turn|58\n|c|\u2606Domo2020|dude\n|c|\u2606not gaussfield|what\n|\n|t:|1700772544\n|move|p2a: Giratina|Protect|p2a: Giratina\n|-singleturn|p2a: Giratina|Protect\n|move|p1a: Skeledirge|Will-O-Wisp|p2a: Giratina\n|-activate|p2a: Giratina|move: Protect\n|\n|-heal|p2a: Giratina|20\/100 brn|[from] item: Leftovers\n|-damage|p2a: Giratina|14\/100 brn|[from] brn\n|upkeep\n|turn|59\n|\n|t:|1700772553\n|switch|p2a: Toxapex|Toxapex, M|94\/100 brn\n|move|p1a: Skeledirge|Torch Song|p2a: Toxapex\n|-resisted|p2a: Toxapex\n|-damage|p2a: Toxapex|83\/100 brn\n|-boost|p1a: Skeledirge|spa|1\n|\n|-heal|p2a: Toxapex|90\/100 brn|[from] item: Leftovers\n|-damage|p2a: Toxapex|83\/100 brn|[from] brn\n|upkeep\n|turn|60\n|\n|t:|1700772563\n|move|p1a: Skeledirge|Torch Song|p2a: Toxapex\n|-resisted|p2a: Toxapex\n|-damage|p2a: Toxapex|70\/100 brn\n|-boost|p1a: Skeledirge|spa|1\n|move|p2a: Toxapex|Haze|p2a: Toxapex\n|-clearallboost\n|\n|-heal|p2a: Toxapex|76\/100 brn|[from] item: Leftovers\n|-damage|p2a: Toxapex|70\/100 brn|[from] brn\n|upkeep\n|turn|61\n|\n|t:|1700772569\n|move|p1a: Skeledirge|Will-O-Wisp|p2a: Toxapex\n|-fail|p2a: Toxapex|brn\n|move|p2a: Toxapex|Recover|p2a: Toxapex\n|-heal|p2a: Toxapex|100\/100 brn\n|\n|-damage|p2a: Toxapex|94\/100 brn|[from] brn\n|upkeep\n|turn|62\n|\n|t:|1700772572\n|move|p1a: Skeledirge|Will-O-Wisp|p2a: Toxapex\n|-fail|p2a: Toxapex|brn\n|move|p2a: Toxapex|Liquidation|p1a: Skeledirge\n|-damage|p1a: Skeledirge|76\/100\n|\n|-heal|p2a: Toxapex|100\/100 brn|[from] item: Leftovers\n|-damage|p2a: Toxapex|94\/100 brn|[from] brn\n|upkeep\n|turn|63\n|\n|t:|1700772575\n|move|p1a: Skeledirge|Will-O-Wisp|p2a: Toxapex\n|-fail|p2a: Toxapex|brn\n|move|p2a: Toxapex|Liquidation|p1a: Skeledirge\n|-damage|p1a: Skeledirge|68\/100\n|\n|-heal|p2a: Toxapex|100\/100 brn|[from] item: Leftovers\n|-damage|p2a: Toxapex|94\/100 brn|[from] brn\n|upkeep\n|turn|64\n|-message|Domo2020 forfeited.\n|\n|win|not gaussfield\n|raw|Domo2020's rating: 1286 &rarr; <strong>1268<\/strong><br \/>(-18 for losing)\n|raw|not gaussfield's rating: 1390 &rarr; <strong>1404<\/strong><br \/>(+14 for winning)\n|l|\u2606Domo2020\n","uploadtime":1700772777,"views":0,"p1id":"domo2020","p2id":"notgaussfield","formatid":"gen9anythinggoes","rating":1268,"private":0,"password":""}