{"id":"gen9anythinggoes-1976423085","p1":"pinkuLIVE","p2":"Fred64303","format":"[Gen 9] Anything Goes","log":"|j|\u2606pinkuLIVE\n|j|\u2606Fred64303\n|t:|1698300764\n|gametype|singles\n|player|p1|pinkuLIVE|cynthia|1000\n|player|p2|Fred64303|lucas|1012\n|teamsize|p1|6\n|teamsize|p2|6\n|gen|9\n|tier|[Gen 9] Anything Goes\n|rated|\n|rule|HP Percentage Mod: HP is shown in percentages\n|rule|Endless Battle Clause: Forcing endless battles is banned\n|clearpoke\n|poke|p1|Snorlax, M|\n|poke|p1|Snorlax, M|\n|poke|p1|Snorlax, M|\n|poke|p1|Snorlax, F|\n|poke|p1|Snorlax, M|\n|poke|p1|Snorlax, M|\n|poke|p2|Talonflame, F|\n|poke|p2|Heracross, M|\n|poke|p2|Jolteon, M|\n|poke|p2|Scizor, M|\n|poke|p2|Empoleon, M|\n|poke|p2|Garchomp, M|\n|teampreview\n|inactive|Battle timer is ON: inactive players will automatically lose when time's up. (requested by Fred64303)\n|\n|t:|1698300772\n|start\n|switch|p1a: Snorlax|Snorlax, M|100\/100\n|switch|p2a: Empoleon|Empoleon, M, shiny|100\/100\n|turn|1\n|\n|t:|1698300779\n|move|p1a: Snorlax|Metronome|p1a: Snorlax\n|move|p1a: Snorlax|Water Pledge|p2a: Empoleon|[from]move: Metronome\n|-resisted|p2a: Empoleon\n|-damage|p2a: Empoleon|95\/100\n|move|p2a: Empoleon|Chilling Water|p1a: Snorlax\n|-damage|p1a: Snorlax|86\/100\n|-unboost|p1a: Snorlax|atk|1\n|\n|-heal|p2a: Empoleon|100\/100|[from] item: Leftovers\n|upkeep\n|turn|2\n|\n|t:|1698300793\n|move|p1a: Snorlax|Metronome|p1a: Snorlax\n|move|p1a: Snorlax|Thunder Punch|p2a: Empoleon|[from]move: Metronome\n|-supereffective|p2a: Empoleon\n|-damage|p2a: Empoleon|77\/100\n|move|p2a: Empoleon|Hydro Pump|p1a: Snorlax\n|-damage|p1a: Snorlax|58\/100\n|\n|-heal|p2a: Empoleon|83\/100|[from] item: Leftovers\n|upkeep\n|turn|3\n|\n|t:|1698300806\n|move|p1a: Snorlax|Metronome|p1a: Snorlax\n|move|p1a: Snorlax|Gust|p2a: Empoleon|[from]move: Metronome\n|-resisted|p2a: Empoleon\n|-damage|p2a: Empoleon|80\/100\n|move|p2a: Empoleon|Hydro Pump|p1a: Snorlax\n|-damage|p1a: Snorlax|26\/100\n|\n|-heal|p2a: Empoleon|87\/100|[from] item: Leftovers\n|upkeep\n|turn|4\n|\n|t:|1698300817\n|move|p1a: Snorlax|Metronome|p1a: Snorlax\n|move|p1a: Snorlax|Retaliate|p2a: Empoleon|[from]move: Metronome\n|-resisted|p2a: Empoleon\n|-damage|p2a: Empoleon|78\/100\n|move|p2a: Empoleon|Ice Beam|p1a: Snorlax\n|-damage|p1a: Snorlax|18\/100\n|\n|-heal|p2a: Empoleon|85\/100|[from] item: Leftovers\n|upkeep\n|turn|5\n|\n|t:|1698300829\n|move|p1a: Snorlax|Metronome|p1a: Snorlax\n|move|p1a: Snorlax|Infestation|p2a: Empoleon|[from]move: Metronome\n|-resisted|p2a: Empoleon\n|-damage|p2a: Empoleon|83\/100\n|-activate|p2a: Empoleon|move: Infestation|[of] p1a: Snorlax\n|move|p2a: Empoleon|Hydro Pump|p1a: Snorlax\n|-damage|p1a: Snorlax|0 fnt\n|faint|p1a: Snorlax\n|\n|-heal|p2a: Empoleon|89\/100|[from] item: Leftovers\n|-end|p2a: Empoleon|Infestation|[partiallytrapped]|[silent]\n|upkeep\n|\n|t:|1698300838\n|switch|p1a: Snorlax|Snorlax, M|100\/100\n|turn|6\n|\n|t:|1698300843\n|move|p1a: Snorlax|Metronome|p1a: Snorlax\n|move|p1a: Snorlax|Mud-Slap|p2a: Empoleon|[from]move: Metronome\n|-supereffective|p2a: Empoleon\n|-damage|p2a: Empoleon|84\/100\n|-unboost|p2a: Empoleon|accuracy|1\n|-ability|p2a: Empoleon|Competitive|boost\n|-boost|p2a: Empoleon|spa|2\n|move|p2a: Empoleon|Chilling Water|p1a: Snorlax\n|-damage|p1a: Snorlax|72\/100\n|-unboost|p1a: Snorlax|atk|1\n|\n|-heal|p2a: Empoleon|90\/100|[from] item: Leftovers\n|upkeep\n|turn|7\n|\n|t:|1698300858\n|move|p1a: Snorlax|Metronome|p1a: Snorlax\n|move|p1a: Snorlax|X-Scissor|p2a: Empoleon|[from]move: Metronome\n|-resisted|p2a: Empoleon\n|-damage|p2a: Empoleon|84\/100\n|move|p2a: Empoleon|Chilling Water|p1a: Snorlax|[miss]\n|-miss|p2a: Empoleon|p1a: Snorlax\n|\n|-heal|p2a: Empoleon|90\/100|[from] item: Leftovers\n|upkeep\n|turn|8\n|\n|t:|1698300874\n|move|p1a: Snorlax|Metronome|p1a: Snorlax\n|move|p1a: Snorlax|Superpower|p2a: Empoleon|[from]move: Metronome\n|-supereffective|p2a: Empoleon\n|-damage|p2a: Empoleon|48\/100\n|-unboost|p1a: Snorlax|atk|1\n|-unboost|p1a: Snorlax|def|1\n|move|p2a: Empoleon|Hydro Pump|p1a: Snorlax\n|-damage|p1a: Snorlax|14\/100\n|\n|-heal|p2a: Empoleon|55\/100|[from] item: Leftovers\n|upkeep\n|turn|9\n|\n|t:|1698300887\n|move|p1a: Snorlax|Metronome|p1a: Snorlax\n|move|p1a: Snorlax|Sludge Bomb|p2a: Empoleon|[from]move: Metronome\n|-immune|p2a: Empoleon\n|move|p2a: Empoleon|Chilling Water|p1a: Snorlax\n|-damage|p1a: Snorlax|0 fnt\n|faint|p1a: Snorlax\n|\n|-heal|p2a: Empoleon|61\/100|[from] item: Leftovers\n|upkeep\n|\n|t:|1698300893\n|switch|p1a: Snorlax|Snorlax, M|100\/100\n|turn|10\n|\n|t:|1698300905\n|move|p1a: Snorlax|Metronome|p1a: Snorlax\n|move|p1a: Snorlax|Flower Trick|p2a: Empoleon|[from]move: Metronome\n|-crit|p2a: Empoleon\n|-damage|p2a: Empoleon|34\/100\n|move|p2a: Empoleon|Chilling Water|p1a: Snorlax\n|-damage|p1a: Snorlax|72\/100\n|-unboost|p1a: Snorlax|atk|1\n|\n|-heal|p2a: Empoleon|41\/100|[from] item: Leftovers\n|upkeep\n|turn|11\n|\n|t:|1698300918\n|move|p1a: Snorlax|Metronome|p1a: Snorlax\n|move|p1a: Snorlax|Seismic Toss|p2a: Empoleon|[from]move: Metronome\n|-damage|p2a: Empoleon|14\/100\n|move|p2a: Empoleon|Hydro Pump|p1a: Snorlax\n|-damage|p1a: Snorlax|9\/100\n|\n|-heal|p2a: Empoleon|20\/100|[from] item: Leftovers\n|upkeep\n|turn|12\n|\n|t:|1698300929\n|move|p1a: Snorlax|Metronome|p1a: Snorlax\n|move|p1a: Snorlax|Role Play|p2a: Empoleon|[from]move: Metronome\n|-endability|p1a: Snorlax|Thick Fat|[from] move: Role Play\n|-ability|p1a: Snorlax|Competitive|[from] move: Role Play|[of] p2a: Empoleon\n|move|p2a: Empoleon|Roost|p2a: Empoleon\n|-heal|p2a: Empoleon|70\/100\n|-singleturn|p2a: Empoleon|move: Roost\n|\n|-heal|p2a: Empoleon|76\/100|[from] item: Leftovers\n|upkeep\n|turn|13\n|\n|t:|1698300940\n|move|p1a: Snorlax|Metronome|p1a: Snorlax\n|move|p1a: Snorlax|Fury Attack|p2a: Empoleon|[from]move: Metronome|[miss]\n|-miss|p1a: Snorlax|p2a: Empoleon\n|move|p2a: Empoleon|Chilling Water|p1a: Snorlax\n|-damage|p1a: Snorlax|0 fnt\n|faint|p1a: Snorlax\n|\n|-heal|p2a: Empoleon|82\/100|[from] item: Leftovers\n|upkeep\n|\n|t:|1698300946\n|switch|p1a: Snorlax|Snorlax, F|100\/100\n|turn|14\n|\n|t:|1698300955\n|move|p1a: Snorlax|Metronome|p1a: Snorlax\n|move|p1a: Snorlax|Morning Sun|p1a: Snorlax|[from]move: Metronome\n|-fail|p1a: Snorlax|heal\n|move|p2a: Empoleon|Chilling Water|p1a: Snorlax|[miss]\n|-miss|p2a: Empoleon|p1a: Snorlax\n|\n|-heal|p2a: Empoleon|88\/100|[from] item: Leftovers\n|upkeep\n|turn|15\n|\n|t:|1698300965\n|move|p1a: Snorlax|Metronome|p1a: Snorlax\n|move|p1a: Snorlax|Barb Barrage|p2a: Empoleon|[from]move: Metronome\n|-immune|p2a: Empoleon\n|move|p2a: Empoleon|Chilling Water|p1a: Snorlax\n|-crit|p1a: Snorlax\n|-damage|p1a: Snorlax|60\/100\n|-unboost|p1a: Snorlax|atk|1\n|\n|-heal|p2a: Empoleon|95\/100|[from] item: Leftovers\n|upkeep\n|turn|16\n|\n|t:|1698300979\n|move|p1a: Snorlax|Metronome|p1a: Snorlax\n|move|p1a: Snorlax|Sand Tomb|p2a: Empoleon|[from]move: Metronome\n|-supereffective|p2a: Empoleon\n|-damage|p2a: Empoleon|83\/100\n|-activate|p2a: Empoleon|move: Sand Tomb|[of] p1a: Snorlax\n|move|p2a: Empoleon|Chilling Water|p1a: Snorlax|[miss]\n|-miss|p2a: Empoleon|p1a: Snorlax\n|\n|-heal|p2a: Empoleon|89\/100|[from] item: Leftovers\n|-damage|p2a: Empoleon|77\/100|[from] move: Sand Tomb|[partiallytrapped]\n|upkeep\n|turn|17\n|\n|t:|1698301007\n|move|p1a: Snorlax|Metronome|p1a: Snorlax\n|move|p1a: Snorlax|Psychic|p2a: Empoleon|[from]move: Metronome\n|-resisted|p2a: Empoleon\n|-damage|p2a: Empoleon|71\/100\n|move|p2a: Empoleon|Hydro Pump|p1a: Snorlax\n|-damage|p1a: Snorlax|0 fnt\n|faint|p1a: Snorlax\n|\n|-heal|p2a: Empoleon|77\/100|[from] item: Leftovers\n|-end|p2a: Empoleon|Sand Tomb|[partiallytrapped]|[silent]\n|upkeep\n|\n|t:|1698301013\n|switch|p1a: Snorlax|Snorlax, M|100\/100\n|turn|18\n|\n|t:|1698301021\n|move|p1a: Snorlax|Metronome|p1a: Snorlax\n|move|p1a: Snorlax|Vine Whip|p2a: Empoleon|[from]move: Metronome\n|-damage|p2a: Empoleon|66\/100\n|move|p2a: Empoleon|Chilling Water|p1a: Snorlax|[miss]\n|-miss|p2a: Empoleon|p1a: Snorlax\n|\n|-heal|p2a: Empoleon|72\/100|[from] item: Leftovers\n|upkeep\n|turn|19\n|\n|t:|1698301032\n|move|p1a: Snorlax|Metronome|p1a: Snorlax\n|move|p1a: Snorlax|Hydro Steam|p2a: Empoleon|[from]move: Metronome\n|-resisted|p2a: Empoleon\n|-damage|p2a: Empoleon|67\/100\n|move|p2a: Empoleon|Hydro Pump|p1a: Snorlax|[miss]\n|-miss|p2a: Empoleon|p1a: Snorlax\n|\n|-heal|p2a: Empoleon|73\/100|[from] item: Leftovers\n|upkeep\n|turn|20\n|\n|t:|1698301044\n|move|p1a: Snorlax|Metronome|p1a: Snorlax\n|move|p1a: Snorlax|Night Slash|p2a: Empoleon|[from]move: Metronome\n|-damage|p2a: Empoleon|54\/100\n|move|p2a: Empoleon|Chilling Water|p1a: Snorlax\n|-damage|p1a: Snorlax|73\/100\n|-unboost|p1a: Snorlax|atk|1\n|\n|-heal|p2a: Empoleon|60\/100|[from] item: Leftovers\n|upkeep\n|turn|21\n|\n|t:|1698301056\n|move|p1a: Snorlax|Metronome|p1a: Snorlax\n|move|p1a: Snorlax|Avalanche|p2a: Empoleon|[from]move: Metronome\n|-resisted|p2a: Empoleon\n|-damage|p2a: Empoleon|57\/100\n|move|p2a: Empoleon|Hydro Pump|p1a: Snorlax\n|-damage|p1a: Snorlax|16\/100\n|\n|-heal|p2a: Empoleon|64\/100|[from] item: Leftovers\n|upkeep\n|turn|22\n|\n|t:|1698301069\n|move|p1a: Snorlax|Metronome|p1a: Snorlax\n|move|p1a: Snorlax|Attack Order|p2a: Empoleon|[from]move: Metronome\n|-resisted|p2a: Empoleon\n|-damage|p2a: Empoleon|57\/100\n|move|p2a: Empoleon|Ice Beam|p1a: Snorlax\n|-damage|p1a: Snorlax|0 fnt\n|faint|p1a: Snorlax\n|\n|-heal|p2a: Empoleon|63\/100|[from] item: Leftovers\n|upkeep\n|\n|t:|1698301075\n|switch|p1a: Snorlax|Snorlax, M|100\/100\n|turn|23\n|\n|t:|1698301083\n|move|p1a: Snorlax|Metronome|p1a: Snorlax\n|move|p1a: Snorlax|Fissure|p2a: Empoleon|[from]move: Metronome|[miss]\n|-miss|p1a: Snorlax|p2a: Empoleon\n|move|p2a: Empoleon|Chilling Water|p1a: Snorlax\n|-damage|p1a: Snorlax|71\/100\n|-unboost|p1a: Snorlax|atk|1\n|\n|-heal|p2a: Empoleon|69\/100|[from] item: Leftovers\n|upkeep\n|turn|24\n|\n|t:|1698301096\n|move|p1a: Snorlax|Metronome|p1a: Snorlax\n|move|p1a: Snorlax|Cotton Spore|p2a: Empoleon|[from]move: Metronome\n|-unboost|p2a: Empoleon|spe|2\n|-ability|p2a: Empoleon|Competitive|boost\n|-boost|p2a: Empoleon|spa|2\n|move|p2a: Empoleon|Chilling Water|p1a: Snorlax\n|-damage|p1a: Snorlax|27\/100\n|-unboost|p1a: Snorlax|atk|1\n|\n|-heal|p2a: Empoleon|75\/100|[from] item: Leftovers\n|upkeep\n|turn|25\n|\n|t:|1698301111\n|move|p1a: Snorlax|Metronome|p1a: Snorlax\n|move|p1a: Snorlax|Sticky Web|p2a: Empoleon|[from]move: Metronome\n|-sidestart|p2: Fred64303|move: Sticky Web\n|move|p2a: Empoleon|Chilling Water|p1a: Snorlax\n|-damage|p1a: Snorlax|0 fnt\n|faint|p1a: Snorlax\n|\n|win|Fred64303\n|raw|pinkuLIVE's rating: 1000 &rarr; <strong>1000<\/strong><br \/>(+0 for losing)\n|raw|Fred64303's rating: 1012 &rarr; <strong>1049<\/strong><br \/>(+37 for winning)\n|l|\u2606pinkuLIVE\n","uploadtime":1698301124,"views":13,"p1id":"pinkulive","p2id":"fred64303","formatid":"gen9anythinggoes","rating":1000,"private":0,"password":""}