{"id":"gen9anythinggoes-1979784104","p1":"kewemp3","p2":"Tvrtko420","format":"[Gen 9] Anything Goes","log":"|j|\u2606kewemp3\n|j|\u2606Tvrtko420\n|t:|1698712900\n|gametype|singles\n|player|p1|kewemp3|veteranf|1593\n|player|p2|Tvrtko420|red-masters2|1779\n|teamsize|p1|6\n|teamsize|p2|6\n|gen|9\n|tier|[Gen 9] Anything Goes\n|rated|\n|rule|HP Percentage Mod: HP is shown in percentages\n|rule|Endless Battle Clause: Forcing endless battles is banned\n|clearpoke\n|poke|p1|Ogerpon-Cornerstone, F|\n|poke|p1|Flutter Mane|\n|poke|p1|Dragonite, M|\n|poke|p1|Urshifu-*, M|\n|poke|p1|Annihilape, M|\n|poke|p1|Garchomp, M|\n|poke|p2|Calyrex-Shadow|\n|poke|p2|Arceus|\n|poke|p2|Zacian-*|\n|poke|p2|Koraidon|\n|poke|p2|Leavanny, M|\n|poke|p2|Urshifu-*, F|\n|teampreview\n|\n|t:|1698712907\n|start\n|switch|p1a: \u30b3\u30ce\u30e8\u30b6\u30eb|Annihilape, M, shiny|100\/100\n|switch|p2a: Koraidon|Koraidon|100\/100\n|-weather|SunnyDay|[from] ability: Orichalcum Pulse|[of] p2a: Koraidon\n|-activate|p2a: Koraidon|Orichalcum Pulse|[source]\n|turn|1\n|inactive|Battle timer is ON: inactive players will automatically lose when time's up. (requested by Tvrtko420)\n|\n|t:|1698712919\n|move|p2a: Koraidon|Taunt|p1a: \u30b3\u30ce\u30e8\u30b6\u30eb\n|-start|p1a: \u30b3\u30ce\u30e8\u30b6\u30eb|move: Taunt\n|move|p1a: \u30b3\u30ce\u30e8\u30b6\u30eb|Rage Fist|p2a: Koraidon\n|-damage|p2a: Koraidon|77\/100\n|\n|-weather|SunnyDay|[upkeep]\n|upkeep\n|turn|2\n|\n|t:|1698712927\n|switch|p2a: Leavanny|Leavanny, M|100\/100\n|move|p1a: \u30b3\u30ce\u30e8\u30b6\u30eb|Rock Tomb|p2a: Leavanny|[miss]\n|-miss|p1a: \u30b3\u30ce\u30e8\u30b6\u30eb|p2a: Leavanny\n|\n|-weather|SunnyDay|[upkeep]\n|upkeep\n|turn|3\n|\n|t:|1698712933\n|move|p2a: Leavanny|Sticky Web|p1a: \u30b3\u30ce\u30e8\u30b6\u30eb\n|-sidestart|p1: kewemp3|move: Sticky Web\n|move|p1a: \u30b3\u30ce\u30e8\u30b6\u30eb|Rock Tomb|p2a: Leavanny\n|-supereffective|p2a: Leavanny\n|-damage|p2a: Leavanny|44\/100\n|-unboost|p2a: Leavanny|spe|1\n|\n|-weather|SunnyDay|[upkeep]\n|-end|p1a: \u30b3\u30ce\u30e8\u30b6\u30eb|move: Taunt\n|upkeep\n|turn|4\n|\n|t:|1698712943\n|move|p2a: Leavanny|Air Slash|p1a: \u30b3\u30ce\u30e8\u30b6\u30eb\n|-supereffective|p1a: \u30b3\u30ce\u30e8\u30b6\u30eb\n|-damage|p1a: \u30b3\u30ce\u30e8\u30b6\u30eb|62\/100\n|move|p1a: \u30b3\u30ce\u30e8\u30b6\u30eb|Rage Fist|p2a: Leavanny\n|-damage|p2a: Leavanny|0 fnt\n|faint|p2a: Leavanny\n|\n|-weather|SunnyDay|[upkeep]\n|upkeep\n|\n|t:|1698712969\n|switch|p2a: Urshifu|Urshifu, F|100\/100\n|turn|5\n|\n|t:|1698712974\n|move|p2a: Urshifu|Wicked Blow|p1a: \u30b3\u30ce\u30e8\u30b6\u30eb\n|-crit|p1a: \u30b3\u30ce\u30e8\u30b6\u30eb\n|-damage|p1a: \u30b3\u30ce\u30e8\u30b6\u30eb|0 fnt\n|faint|p1a: \u30b3\u30ce\u30e8\u30b6\u30eb\n|\n|-weather|none\n|upkeep\n|\n|t:|1698712980\n|switch|p1a: \u30ab\u30a4\u30ea\u30e5\u30fc|Dragonite, M, shiny|100\/100\n|turn|6\n|\n|t:|1698712988\n|move|p2a: Urshifu|Wicked Blow|p1a: \u30ab\u30a4\u30ea\u30e5\u30fc\n|-crit|p1a: \u30ab\u30a4\u30ea\u30e5\u30fc\n|-damage|p1a: \u30ab\u30a4\u30ea\u30e5\u30fc|70\/100\n|move|p1a: \u30ab\u30a4\u30ea\u30e5\u30fc|Earthquake|p2a: Urshifu\n|-damage|p2a: Urshifu|62\/100\n|\n|-heal|p1a: \u30ab\u30a4\u30ea\u30e5\u30fc|76\/100|[from] item: Leftovers\n|upkeep\n|turn|7\n|\n|t:|1698713002\n|move|p2a: Urshifu|Wicked Blow|p1a: \u30ab\u30a4\u30ea\u30e5\u30fc\n|-crit|p1a: \u30ab\u30a4\u30ea\u30e5\u30fc\n|-damage|p1a: \u30ab\u30a4\u30ea\u30e5\u30fc|15\/100\n|move|p1a: \u30ab\u30a4\u30ea\u30e5\u30fc|Roost|p1a: \u30ab\u30a4\u30ea\u30e5\u30fc\n|-heal|p1a: \u30ab\u30a4\u30ea\u30e5\u30fc|65\/100\n|-singleturn|p1a: \u30ab\u30a4\u30ea\u30e5\u30fc|move: Roost\n|\n|-heal|p1a: \u30ab\u30a4\u30ea\u30e5\u30fc|71\/100|[from] item: Leftovers\n|upkeep\n|turn|8\n|\n|t:|1698713010\n|move|p2a: Urshifu|Wicked Blow|p1a: \u30ab\u30a4\u30ea\u30e5\u30fc\n|-crit|p1a: \u30ab\u30a4\u30ea\u30e5\u30fc\n|-damage|p1a: \u30ab\u30a4\u30ea\u30e5\u30fc|12\/100\n|move|p1a: \u30ab\u30a4\u30ea\u30e5\u30fc|Roost|p1a: \u30ab\u30a4\u30ea\u30e5\u30fc\n|-heal|p1a: \u30ab\u30a4\u30ea\u30e5\u30fc|62\/100\n|-singleturn|p1a: \u30ab\u30a4\u30ea\u30e5\u30fc|move: Roost\n|\n|-heal|p1a: \u30ab\u30a4\u30ea\u30e5\u30fc|69\/100|[from] item: Leftovers\n|upkeep\n|turn|9\n|\n|t:|1698713018\n|move|p2a: Urshifu|Wicked Blow|p1a: \u30ab\u30a4\u30ea\u30e5\u30fc\n|-crit|p1a: \u30ab\u30a4\u30ea\u30e5\u30fc\n|-damage|p1a: \u30ab\u30a4\u30ea\u30e5\u30fc|9\/100\n|move|p1a: \u30ab\u30a4\u30ea\u30e5\u30fc|Roost|p1a: \u30ab\u30a4\u30ea\u30e5\u30fc\n|-heal|p1a: \u30ab\u30a4\u30ea\u30e5\u30fc|59\/100\n|-singleturn|p1a: \u30ab\u30a4\u30ea\u30e5\u30fc|move: Roost\n|\n|-heal|p1a: \u30ab\u30a4\u30ea\u30e5\u30fc|65\/100|[from] item: Leftovers\n|upkeep\n|turn|10\n|\n|t:|1698713027\n|move|p2a: Urshifu|Wicked Blow|p1a: \u30ab\u30a4\u30ea\u30e5\u30fc\n|-crit|p1a: \u30ab\u30a4\u30ea\u30e5\u30fc\n|-damage|p1a: \u30ab\u30a4\u30ea\u30e5\u30fc|1\/100\n|move|p1a: \u30ab\u30a4\u30ea\u30e5\u30fc|Roost|p1a: \u30ab\u30a4\u30ea\u30e5\u30fc\n|-heal|p1a: \u30ab\u30a4\u30ea\u30e5\u30fc|51\/100\n|-singleturn|p1a: \u30ab\u30a4\u30ea\u30e5\u30fc|move: Roost\n|\n|-heal|p1a: \u30ab\u30a4\u30ea\u30e5\u30fc|57\/100|[from] item: Leftovers\n|upkeep\n|turn|11\n|\n|t:|1698713040\n|move|p2a: Urshifu|Wicked Blow|p1a: \u30ab\u30a4\u30ea\u30e5\u30fc\n|-crit|p1a: \u30ab\u30a4\u30ea\u30e5\u30fc\n|-damage|p1a: \u30ab\u30a4\u30ea\u30e5\u30fc|0 fnt\n|faint|p1a: \u30ab\u30a4\u30ea\u30e5\u30fc\n|\n|upkeep\n|\n|t:|1698713045\n|switch|p1a: \u30aa\u30fc\u30ac\u30dd\u30f3|Ogerpon-Cornerstone, F|100\/100\n|-activate|p1a: \u30aa\u30fc\u30ac\u30dd\u30f3|move: Sticky Web\n|-unboost|p1a: \u30aa\u30fc\u30ac\u30dd\u30f3|spe|1\n|turn|12\n|\n|t:|1698713053\n|switch|p2a: Koraidon|Koraidon|77\/100\n|-weather|SunnyDay|[from] ability: Orichalcum Pulse|[of] p2a: Koraidon\n|-activate|p2a: Koraidon|Orichalcum Pulse|[source]\n|move|p1a: \u30aa\u30fc\u30ac\u30dd\u30f3|Ivy Cudgel|p2a: Koraidon\n|-resisted|p2a: Koraidon\n|-damage|p2a: Koraidon|54\/100\n|\n|-weather|SunnyDay|[upkeep]\n|upkeep\n|turn|13\n|\n|t:|1698713062\n|switch|p1a: \u30cf\u30d0\u30bf\u30af\u30ab\u30df|Flutter Mane, shiny|100\/100\n|-activate|p1a: \u30cf\u30d0\u30bf\u30af\u30ab\u30df|move: Sticky Web\n|-unboost|p1a: \u30cf\u30d0\u30bf\u30af\u30ab\u30df|spe|1\n|-activate|p1a: \u30cf\u30d0\u30bf\u30af\u30ab\u30df|ability: Protosynthesis\n|-start|p1a: \u30cf\u30d0\u30bf\u30af\u30ab\u30df|protosynthesisspa\n|move|p2a: Koraidon|Close Combat|p1a: \u30cf\u30d0\u30bf\u30af\u30ab\u30df\n|-immune|p1a: \u30cf\u30d0\u30bf\u30af\u30ab\u30df\n|\n|-weather|SunnyDay|[upkeep]\n|upkeep\n|turn|14\n|\n|t:|1698713080\n|move|p2a: Koraidon|Flare Blitz|p1a: \u30cf\u30d0\u30bf\u30af\u30ab\u30df\n|-damage|p1a: \u30cf\u30d0\u30bf\u30af\u30ab\u30df|4\/100\n|-damage|p2a: Koraidon|25\/100|[from] Recoil\n|move|p1a: \u30cf\u30d0\u30bf\u30af\u30ab\u30df|Thunder Wave|p2a: Koraidon\n|-status|p2a: Koraidon|par\n|\n|-weather|SunnyDay|[upkeep]\n|upkeep\n|turn|15\n|\n|t:|1698713087\n|move|p1a: \u30cf\u30d0\u30bf\u30af\u30ab\u30df|Moonblast|p2a: Koraidon\n|-supereffective|p2a: Koraidon\n|-damage|p2a: Koraidon|0 fnt\n|faint|p2a: Koraidon\n|\n|-weather|SunnyDay|[upkeep]\n|upkeep\n|\n|t:|1698713096\n|switch|p2a: Urshifu|Urshifu, F|62\/100\n|turn|16\n|\n|t:|1698713101\n|move|p2a: Urshifu|U-turn|p1a: \u30cf\u30d0\u30bf\u30af\u30ab\u30df\n|-resisted|p1a: \u30cf\u30d0\u30bf\u30af\u30ab\u30df\n|-damage|p1a: \u30cf\u30d0\u30bf\u30af\u30ab\u30df|0 fnt\n|faint|p1a: \u30cf\u30d0\u30bf\u30af\u30ab\u30df\n|-end|p1a: \u30cf\u30d0\u30bf\u30af\u30ab\u30df|Protosynthesis|[silent]\n|\n|t:|1698713128\n|switch|p2a: Zacian|Zacian-Crowned|100\/100|[from] U-turn\n|-ability|p2a: Zacian|Intrepid Sword|boost\n|-boost|p2a: Zacian|atk|1\n|\n|-weather|none\n|upkeep\n|\n|t:|1698713136\n|switch|p1a: \u3044\u3061\u3052\u304d\u306e\u304b\u305f|Urshifu, M|100\/100\n|-activate|p1a: \u3044\u3061\u3052\u304d\u306e\u304b\u305f|move: Sticky Web\n|-unboost|p1a: \u3044\u3061\u3052\u304d\u306e\u304b\u305f|spe|1\n|turn|17\n|inactive|Tvrtko420 has 120 seconds left.\n|\n|t:|1698713185\n|move|p2a: Zacian|Play Rough|p1a: \u3044\u3061\u3052\u304d\u306e\u304b\u305f\n|-supereffective|p1a: \u3044\u3061\u3052\u304d\u306e\u304b\u305f\n|-enditem|p1a: \u3044\u3061\u3052\u304d\u306e\u304b\u305f|Focus Sash\n|-damage|p1a: \u3044\u3061\u3052\u304d\u306e\u304b\u305f|1\/100\n|move|p1a: \u3044\u3061\u3052\u304d\u306e\u304b\u305f|Counter|p2a: Zacian\n|-damage|p2a: Zacian|0 fnt\n|faint|p2a: Zacian\n|\n|upkeep\n|inactive|Tvrtko420 has 90 seconds left.\n|\n|t:|1698713196\n|switch|p2a: Urshifu|Urshifu, F|62\/100\n|turn|18\n|\n|t:|1698713201\n|switch|p1a: \u30aa\u30fc\u30ac\u30dd\u30f3|Ogerpon-Cornerstone, F|100\/100\n|-activate|p1a: \u30aa\u30fc\u30ac\u30dd\u30f3|move: Sticky Web\n|-unboost|p1a: \u30aa\u30fc\u30ac\u30dd\u30f3|spe|1\n|move|p2a: Urshifu|U-turn|p1a: \u30aa\u30fc\u30ac\u30dd\u30f3\n|-supereffective|p1a: \u30aa\u30fc\u30ac\u30dd\u30f3\n|-damage|p1a: \u30aa\u30fc\u30ac\u30dd\u30f3|43\/100\n|\n|t:|1698713214\n|switch|p2a: Calyrex|Calyrex-Shadow|100\/100|[from] U-turn\n|-ability|p2a: Calyrex|As One\n|-ability|p2a: Calyrex|Unnerve\n|\n|upkeep\n|turn|19\n|\n|t:|1698713223\n|move|p2a: Calyrex|Astral Barrage|p1a: \u30aa\u30fc\u30ac\u30dd\u30f3\n|-damage|p1a: \u30aa\u30fc\u30ac\u30dd\u30f3|0 fnt\n|faint|p1a: \u30aa\u30fc\u30ac\u30dd\u30f3\n|-ability|p2a: Calyrex|Grim Neigh|boost\n|-boost|p2a: Calyrex|spa|1\n|\n|upkeep\n|\n|t:|1698713231\n|switch|p1a: \u3044\u3061\u3052\u304d\u306e\u304b\u305f|Urshifu, M|1\/100\n|-activate|p1a: \u3044\u3061\u3052\u304d\u306e\u304b\u305f|move: Sticky Web\n|-unboost|p1a: \u3044\u3061\u3052\u304d\u306e\u304b\u305f|spe|1\n|turn|20\n|\n|t:|1698713242\n|-terastallize|p2a: Calyrex|Grass\n|move|p1a: \u3044\u3061\u3052\u304d\u306e\u304b\u305f|Sucker Punch|p2a: Calyrex\n|-damage|p2a: Calyrex|59\/100\n|move|p2a: Calyrex|Giga Drain|p1a: \u3044\u3061\u3052\u304d\u306e\u304b\u305f\n|-damage|p1a: \u3044\u3061\u3052\u304d\u306e\u304b\u305f|0 fnt\n|-heal|p2a: Calyrex|59\/100|[from] drain|[of] p1a: \u3044\u3061\u3052\u304d\u306e\u304b\u305f\n|faint|p1a: \u3044\u3061\u3052\u304d\u306e\u304b\u305f\n|-ability|p2a: Calyrex|Grim Neigh|boost\n|-boost|p2a: Calyrex|spa|1\n|\n|-heal|p2a: Calyrex|65\/100|[from] item: Leftovers\n|upkeep\n|\n|t:|1698713253\n|switch|p1a: \u30ac\u30d6\u30ea\u30a2\u30b9|Garchomp, M, shiny|100\/100\n|-activate|p1a: \u30ac\u30d6\u30ea\u30a2\u30b9|move: Sticky Web\n|-unboost|p1a: \u30ac\u30d6\u30ea\u30a2\u30b9|spe|1\n|turn|21\n|j| a1212\n|inactive|Tvrtko420 has 120 seconds left.\n|\n|t:|1698713268\n|-terastallize|p1a: \u30ac\u30d6\u30ea\u30a2\u30b9|Fire\n|move|p2a: Calyrex|Astral Barrage|p1a: \u30ac\u30d6\u30ea\u30a2\u30b9\n|-damage|p1a: \u30ac\u30d6\u30ea\u30a2\u30b9|0 fnt\n|faint|p1a: \u30ac\u30d6\u30ea\u30a2\u30b9\n|\n|win|Tvrtko420\n|raw|kewemp3's rating: 1593 &rarr; <strong>1583<\/strong><br \/>(-10 for losing)\n|raw|Tvrtko420's rating: 1779 &rarr; <strong>1789<\/strong><br \/>(+10 for winning)\n|l|\u2606Tvrtko420\n|l|\u2606kewemp3\n|l| a1212\n","uploadtime":1698713560,"views":8,"p1id":"kewemp3","p2id":"tvrtko420","formatid":"gen9anythinggoes","rating":1583,"private":0,"password":""}