{"id":"gen9anythinggoes-1986475773","p1":"draogfs","p2":"QueeeeenMeimei200","format":"[Gen 9] Anything Goes","log":"|j|\u203ddraogfs\n|j|\u2606QueeeeenMeimei200\n|t:|1699482891\n|gametype|singles\n|player|p1|draogfs|266|1000\n|player|p2|QueeeeenMeimei200|266|1000\n|teamsize|p1|1\n|teamsize|p2|6\n|gen|9\n|tier|[Gen 9] Anything Goes\n|rated|\n|rule|HP Percentage Mod: HP is shown in percentages\n|rule|Endless Battle Clause: Forcing endless battles is banned\n|clearpoke\n|poke|p1|Dragonite, M|\n|poke|p2|Gengar, M|\n|poke|p2|Espathra, M|\n|poke|p2|Clefable, M|\n|poke|p2|Milotic, F|\n|poke|p2|Dragonite, M|\n|poke|p2|Sylveon, F|\n|teampreview\n|\n|t:|1699482895\n|start\n|switch|p1a: Dragonite|Dragonite, M, shiny|100\/100\n|switch|p2a: Clefable|Clefable, M|100\/100\n|turn|1\n|\n|t:|1699482900\n|-terastallize|p1a: Dragonite|Normal\n|move|p1a: Dragonite|Dragon Dance|p1a: Dragonite\n|-boost|p1a: Dragonite|atk|1\n|-boost|p1a: Dragonite|spe|1\n|move|p2a: Clefable|Cosmic Power|p2a: Clefable\n|-boost|p2a: Clefable|def|1\n|-boost|p2a: Clefable|spd|1\n|\n|upkeep\n|turn|2\n|\n|t:|1699482907\n|move|p1a: Dragonite|Extreme Speed|p2a: Clefable\n|-damage|p2a: Clefable|68\/100\n|move|p2a: Clefable|Cosmic Power|p2a: Clefable\n|-boost|p2a: Clefable|def|1\n|-boost|p2a: Clefable|spd|1\n|\n|upkeep\n|turn|3\n|\n|t:|1699482914\n|move|p1a: Dragonite|Dragon Dance|p1a: Dragonite\n|-boost|p1a: Dragonite|atk|1\n|-boost|p1a: Dragonite|spe|1\n|move|p2a: Clefable|Wish|p2a: Clefable\n|\n|upkeep\n|turn|4\n|\n|t:|1699482919\n|move|p1a: Dragonite|Extreme Speed|p2a: Clefable\n|-damage|p2a: Clefable|44\/100\n|-enditem|p2a: Clefable|Sitrus Berry|[eat]\n|-heal|p2a: Clefable|69\/100|[from] item: Sitrus Berry\n|move|p2a: Clefable|Cosmic Power|p2a: Clefable\n|-boost|p2a: Clefable|def|1\n|-boost|p2a: Clefable|spd|1\n|\n|-heal|p2a: Clefable|100\/100|[from] move: Wish|[wisher] Clefable\n|upkeep\n|turn|5\n|\n|t:|1699482929\n|move|p1a: Dragonite|Earthquake|p2a: Clefable\n|-damage|p2a: Clefable|87\/100\n|move|p2a: Clefable|Cosmic Power|p2a: Clefable\n|-boost|p2a: Clefable|def|1\n|-boost|p2a: Clefable|spd|1\n|\n|upkeep\n|turn|6\n|\n|t:|1699482936\n|move|p1a: Dragonite|Dragon Dance|p1a: Dragonite\n|-boost|p1a: Dragonite|atk|1\n|-boost|p1a: Dragonite|spe|1\n|move|p2a: Clefable|Cosmic Power|p2a: Clefable\n|-boost|p2a: Clefable|def|1\n|-boost|p2a: Clefable|spd|1\n|\n|upkeep\n|turn|7\n|\n|t:|1699482943\n|move|p1a: Dragonite|Extreme Speed|p2a: Clefable\n|-damage|p2a: Clefable|72\/100\n|move|p2a: Clefable|Cosmic Power|p2a: Clefable\n|-boost|p2a: Clefable|def|1\n|-boost|p2a: Clefable|spd|1\n|\n|upkeep\n|turn|8\n|\n|t:|1699482950\n|move|p1a: Dragonite|Dragon Dance|p1a: Dragonite\n|-boost|p1a: Dragonite|atk|1\n|-boost|p1a: Dragonite|spe|1\n|move|p2a: Clefable|Wish|p2a: Clefable\n|\n|upkeep\n|turn|9\n|\n|t:|1699482955\n|move|p1a: Dragonite|Dragon Dance|p1a: Dragonite\n|-boost|p1a: Dragonite|atk|1\n|-boost|p1a: Dragonite|spe|1\n|move|p2a: Clefable|Charge Beam|p1a: Dragonite\n|-damage|p1a: Dragonite|95\/100\n|-boost|p2a: Clefable|spa|1\n|\n|-heal|p2a: Clefable|100\/100|[from] move: Wish|[wisher] Clefable\n|upkeep\n|turn|10\n|\n|t:|1699482963\n|move|p1a: Dragonite|Dragon Dance|p1a: Dragonite\n|-boost|p1a: Dragonite|atk|1\n|-boost|p1a: Dragonite|spe|1\n|move|p2a: Clefable|Charge Beam|p1a: Dragonite\n|-damage|p1a: Dragonite|77\/100\n|\n|upkeep\n|turn|11\n|\n|t:|1699482968\n|move|p1a: Dragonite|Extreme Speed|p2a: Clefable\n|-crit|p2a: Clefable\n|-damage|p2a: Clefable|36\/100\n|move|p2a: Clefable|Charge Beam|p1a: Dragonite\n|-damage|p1a: Dragonite|60\/100\n|-boost|p2a: Clefable|spa|1\n|\n|upkeep\n|turn|12\n|\n|t:|1699482976\n|move|p1a: Dragonite|Extreme Speed|p2a: Clefable\n|-damage|p2a: Clefable|23\/100\n|move|p2a: Clefable|Baton Pass|p2a: Clefable\n|\n|t:|1699482985\n|switch|p2a: Milotic|Milotic, F|100\/100|[from] Baton Pass\n|\n|-status|p2a: Milotic|brn|[from] item: Flame Orb\n|upkeep\n|turn|13\n|\n|t:|1699482993\n|move|p1a: Dragonite|Extreme Speed|p2a: Milotic\n|-damage|p2a: Milotic|64\/100 brn\n|move|p2a: Milotic|Surf|p1a: Dragonite\n|-damage|p1a: Dragonite|0 fnt\n|faint|p1a: Dragonite\n|\n|win|QueeeeenMeimei200\n|raw|draogfs's rating: 1000 &rarr; <strong>1000<\/strong><br \/>(+0 for losing)\n|raw|QueeeeenMeimei200's rating: 1000 &rarr; <strong>1040<\/strong><br \/>(+40 for winning)\n|l|\u2606QueeeeenMeimei200\n","uploadtime":1699483007,"views":4,"p1id":"draogfs","p2id":"queeeeenmeimei200","formatid":"gen9anythinggoes","rating":1000,"private":0,"password":""}