{"id":"gen9anythinggoes-1972306448","p1":"Genesis94","p2":"xxxlaniusxxx","format":"[Gen 9] Anything Goes","log":"|j|\u2606Genesis94\n|j|\u2606xxxlaniusxxx\n|t:|1697829854\n|gametype|singles\n|player|p1|Genesis94|bellelba|\n|player|p2|xxxlaniusxxx|psychic-gen4|\n|teamsize|p1|6\n|teamsize|p2|6\n|gen|9\n|tier|[Gen 9] Anything Goes\n|rule|HP Percentage Mod: HP is shown in percentages\n|rule|Endless Battle Clause: Forcing endless battles is banned\n|clearpoke\n|poke|p1|Zarude|\n|poke|p1|Magearna|\n|poke|p1|Milotic, F|\n|poke|p1|Magnezone|\n|poke|p1|Talonflame, M|\n|poke|p1|Noivern, M|\n|poke|p2|Dragapult, M|\n|poke|p2|Scizor, M|\n|poke|p2|Lycanroc-Dusk, F|\n|poke|p2|Fezandipiti, M|\n|poke|p2|Umbreon, M|\n|poke|p2|Uxie|\n|teampreview\n|j| michpanta\n|c|\u2606Genesis94|Gl hf\n|\n|t:|1697829909\n|start\n|switch|p1a: Noivern|Noivern, M|100\/100\n|switch|p2a: Bl\u00e1ber|Dragapult, M|100\/100\n|turn|1\n|c|\u2606xxxlaniusxxx|same\n|\n|t:|1697829926\n|-terastallize|p1a: Noivern|Normal\n|move|p1a: Noivern|Draco Meteor|p2a: Bl\u00e1ber|[miss]\n|-miss|p1a: Noivern|p2a: Bl\u00e1ber\n|move|p2a: Bl\u00e1ber|U-turn|p1a: Noivern\n|-crit|p1a: Noivern\n|-damage|p1a: Noivern|69\/100\n|\n|t:|1697829933\n|switch|p2a: Tr\u00f6nuber|Fezandipiti, M|100\/100|[from] U-turn\n|\n|upkeep\n|turn|2\n|\n|t:|1697829941\n|switch|p1a: Magearna|Magearna|100\/100\n|move|p2a: Tr\u00f6nuber|U-turn|p1a: Magearna\n|-resisted|p1a: Magearna\n|-damage|p1a: Magearna|98\/100\n|\n|t:|1697829953\n|switch|p2a: S\u00edtr\u00f3nu|Uxie|100\/100|[from] U-turn\n|\n|upkeep\n|turn|3\n|\n|t:|1697830011\n|move|p2a: S\u00edtr\u00f3nu|Knock Off|p1a: Magearna\n|-resisted|p1a: Magearna\n|-damage|p1a: Magearna|91\/100\n|-enditem|p1a: Magearna|Chesto Berry|[from] move: Knock Off|[of] p2a: S\u00edtr\u00f3nu\n|move|p1a: Magearna|Spikes|p2a: S\u00edtr\u00f3nu\n|-sidestart|p2: xxxlaniusxxx|Spikes\n|\n|upkeep\n|turn|4\n|\n|t:|1697830037\n|move|p2a: S\u00edtr\u00f3nu|U-turn|p1a: Magearna\n|-resisted|p1a: Magearna\n|-damage|p1a: Magearna|88\/100\n|\n|t:|1697830046\n|switch|p2a: Br\u00f3mber|Umbreon, M|100\/100|[from] U-turn\n|-damage|p2a: Br\u00f3mber|88\/100|[from] Spikes\n|move|p1a: Magearna|Spikes|p2a: Br\u00f3mber\n|-sidestart|p2: xxxlaniusxxx|Spikes\n|\n|-heal|p2a: Br\u00f3mber|94\/100|[from] item: Leftovers\n|upkeep\n|turn|5\n|\n|t:|1697830057\n|move|p1a: Magearna|Fleur Cannon|p2a: Br\u00f3mber|[miss]\n|-miss|p1a: Magearna|p2a: Br\u00f3mber\n|move|p2a: Br\u00f3mber|Thunder Wave|p1a: Magearna\n|-status|p1a: Magearna|par\n|\n|-heal|p2a: Br\u00f3mber|99\/100|[from] item: Leftovers\n|upkeep\n|turn|6\n|\n|t:|1697830068\n|move|p2a: Br\u00f3mber|Protect|p2a: Br\u00f3mber\n|-singleturn|p2a: Br\u00f3mber|Protect\n|cant|p1a: Magearna|par\n|\n|-heal|p2a: Br\u00f3mber|100\/100|[from] item: Leftovers\n|upkeep\n|turn|7\n|\n|t:|1697830079\n|switch|p2a: Hindberjum|Scizor, M|100\/100\n|cant|p1a: Magearna|par\n|\n|upkeep\n|turn|8\n|\n|t:|1697830092\n|switch|p1a: Talonflame|Talonflame, M|100\/100\n|move|p2a: Hindberjum|Close Combat|p1a: Talonflame\n|-resisted|p1a: Talonflame\n|-crit|p1a: Talonflame\n|-damage|p1a: Talonflame|67\/100\n|-unboost|p2a: Hindberjum|def|1\n|-unboost|p2a: Hindberjum|spd|1\n|-damage|p2a: Hindberjum|84\/100|[from] item: Rocky Helmet|[of] p1a: Talonflame\n|\n|upkeep\n|turn|9\n|\n|t:|1697830107\n|switch|p2a: S\u00edtr\u00f3nu|Uxie|100\/100\n|move|p1a: Talonflame|Roost|p1a: Talonflame\n|-heal|p1a: Talonflame|100\/100\n|-singleturn|p1a: Talonflame|move: Roost\n|\n|upkeep\n|turn|10\n|\n|t:|1697830118\n|move|p1a: Talonflame|U-turn|p2a: S\u00edtr\u00f3nu\n|-supereffective|p2a: S\u00edtr\u00f3nu\n|-damage|p2a: S\u00edtr\u00f3nu|87\/100\n|\n|t:|1697830120\n|switch|p1a: Magearna|Magearna|88\/100 par|[from] U-turn\n|move|p2a: S\u00edtr\u00f3nu|Stealth Rock|p1a: Magearna\n|-sidestart|p1: Genesis94|move: Stealth Rock\n|\n|upkeep\n|turn|11\n|\n|t:|1697830133\n|move|p2a: S\u00edtr\u00f3nu|Psycho Cut|p1a: Magearna\n|-resisted|p1a: Magearna\n|-damage|p1a: Magearna|80\/100 par\n|cant|p1a: Magearna|par\n|\n|upkeep\n|turn|12\n|\n|t:|1697830138\n|move|p2a: S\u00edtr\u00f3nu|U-turn|p1a: Magearna\n|-resisted|p1a: Magearna\n|-damage|p1a: Magearna|78\/100 par\n|\n|t:|1697830149\n|switch|p2a: Hindberjum|Scizor, M|84\/100|[from] U-turn\n|move|p1a: Magearna|Flash Cannon|p2a: Hindberjum\n|-resisted|p2a: Hindberjum\n|-damage|p2a: Hindberjum|62\/100\n|\n|upkeep\n|turn|13\n|\n|t:|1697830158\n|switch|p1a: Talonflame|Talonflame, M|100\/100\n|-damage|p1a: Talonflame|51\/100|[from] Stealth Rock\n|move|p2a: Hindberjum|Close Combat|p1a: Talonflame\n|-resisted|p1a: Talonflame\n|-damage|p1a: Talonflame|29\/100\n|-unboost|p2a: Hindberjum|def|1\n|-unboost|p2a: Hindberjum|spd|1\n|-damage|p2a: Hindberjum|46\/100|[from] item: Rocky Helmet|[of] p1a: Talonflame\n|\n|upkeep\n|turn|14\n|\n|t:|1697830174\n|move|p1a: Talonflame|Roost|p1a: Talonflame\n|-heal|p1a: Talonflame|79\/100\n|-singleturn|p1a: Talonflame|move: Roost\n|move|p2a: Hindberjum|Close Combat|p1a: Talonflame\n|-damage|p1a: Talonflame|38\/100\n|-unboost|p2a: Hindberjum|def|1\n|-unboost|p2a: Hindberjum|spd|1\n|-damage|p2a: Hindberjum|29\/100|[from] item: Rocky Helmet|[of] p1a: Talonflame\n|\n|upkeep\n|turn|15\n|\n|t:|1697830193\n|switch|p2a: Tr\u00f6nuber|Fezandipiti, M|100\/100\n|-damage|p2a: Tr\u00f6nuber|84\/100|[from] Spikes\n|move|p1a: Talonflame|Roost|p1a: Talonflame\n|-heal|p1a: Talonflame|88\/100\n|-singleturn|p1a: Talonflame|move: Roost\n|\n|upkeep\n|turn|16\n|\n|t:|1697830205\n|move|p2a: Tr\u00f6nuber|Hurricane|p1a: Talonflame|[miss]\n|-miss|p2a: Tr\u00f6nuber|p1a: Talonflame\n|move|p1a: Talonflame|U-turn|p2a: Tr\u00f6nuber\n|-resisted|p2a: Tr\u00f6nuber\n|-damage|p2a: Tr\u00f6nuber|80\/100\n|\n|t:|1697830220\n|switch|p1a: Magnezone|Magnezone|100\/100|[from] U-turn\n|-damage|p1a: Magnezone|94\/100|[from] Stealth Rock\n|\n|-heal|p1a: Magnezone|100\/100|[from] item: Leftovers\n|upkeep\n|turn|17\n|\n|t:|1697830251\n|switch|p2a: Br\u00f3mber|Umbreon, M|100\/100\n|-damage|p2a: Br\u00f3mber|84\/100|[from] Spikes\n|move|p1a: Magnezone|Iron Defense|p1a: Magnezone\n|-boost|p1a: Magnezone|def|2\n|\n|-heal|p2a: Br\u00f3mber|90\/100|[from] item: Leftovers\n|upkeep\n|turn|18\n|\n|t:|1697830314\n|move|p1a: Magnezone|Iron Defense|p1a: Magnezone\n|-boost|p1a: Magnezone|def|2\n|move|p2a: Br\u00f3mber|Wish|p2a: Br\u00f3mber\n|\n|-heal|p2a: Br\u00f3mber|96\/100|[from] item: Leftovers\n|upkeep\n|turn|19\n|\n|t:|1697830323\n|switch|p2a: S\u00edtr\u00f3nu|Uxie|87\/100\n|move|p1a: Magnezone|Body Press|p2a: S\u00edtr\u00f3nu\n|-resisted|p2a: S\u00edtr\u00f3nu\n|-damage|p2a: S\u00edtr\u00f3nu|60\/100\n|\n|-heal|p2a: S\u00edtr\u00f3nu|100\/100|[from] move: Wish|[wisher] Br\u00f3mber\n|upkeep\n|turn|20\n|\n|t:|1697830345\n|move|p2a: S\u00edtr\u00f3nu|Knock Off|p1a: Magnezone\n|-damage|p1a: Magnezone|96\/100\n|-enditem|p1a: Magnezone|Leftovers|[from] move: Knock Off|[of] p2a: S\u00edtr\u00f3nu\n|move|p1a: Magnezone|Iron Defense|p1a: Magnezone\n|-boost|p1a: Magnezone|def|2\n|\n|upkeep\n|turn|21\n|\n|t:|1697830373\n|move|p2a: S\u00edtr\u00f3nu|U-turn|p1a: Magnezone\n|-resisted|p1a: Magnezone\n|-damage|p1a: Magnezone|94\/100\n|\n|t:|1697830383\n|switch|p2a: Bl\u00e1ber|Dragapult, M|100\/100|[from] U-turn\n|-damage|p2a: Bl\u00e1ber|84\/100|[from] Spikes\n|move|p1a: Magnezone|Thunderbolt|p2a: Bl\u00e1ber\n|-resisted|p2a: Bl\u00e1ber\n|-damage|p2a: Bl\u00e1ber|48\/100\n|\n|upkeep\n|turn|22\n|\n|t:|1697830399\n|move|p2a: Bl\u00e1ber|Flamethrower|p1a: Magnezone\n|-supereffective|p1a: Magnezone\n|-damage|p1a: Magnezone|9\/100\n|move|p1a: Magnezone|Mirror Coat|p2a: Bl\u00e1ber\n|-damage|p2a: Bl\u00e1ber|0 fnt\n|faint|p2a: Bl\u00e1ber\n|\n|upkeep\n|\n|t:|1697830409\n|switch|p2a: Nektar\u00edn|Lycanroc-Dusk, F|100\/100\n|-damage|p2a: Nektar\u00edn|84\/100|[from] Spikes\n|turn|23\n|\n|t:|1697830448\n|move|p2a: Nektar\u00edn|Close Combat|p1a: Magnezone\n|-supereffective|p1a: Magnezone\n|-damage|p1a: Magnezone|0 fnt\n|-unboost|p2a: Nektar\u00edn|def|1\n|-unboost|p2a: Nektar\u00edn|spd|1\n|faint|p1a: Magnezone\n|\n|upkeep\n|\n|t:|1697830469\n|switch|p1a: Milotic|Milotic, F|100\/100\n|-damage|p1a: Milotic|88\/100|[from] Stealth Rock\n|turn|24\n|\n|t:|1697830489\n|switch|p2a: Br\u00f3mber|Umbreon, M|96\/100\n|-damage|p2a: Br\u00f3mber|80\/100|[from] Spikes\n|move|p1a: Milotic|Scald|p2a: Br\u00f3mber\n|-damage|p2a: Br\u00f3mber|64\/100\n|-status|p2a: Br\u00f3mber|brn\n|\n|-heal|p2a: Br\u00f3mber|70\/100 brn|[from] item: Leftovers\n|-damage|p2a: Br\u00f3mber|64\/100 brn|[from] brn\n|-status|p1a: Milotic|brn|[from] item: Flame Orb\n|upkeep\n|turn|25\n|\n|t:|1697830504\n|move|p2a: Br\u00f3mber|Wish|p2a: Br\u00f3mber\n|move|p1a: Milotic|Dragon Tail|p2a: Br\u00f3mber\n|-damage|p2a: Br\u00f3mber|60\/100 brn\n|drag|p2a: Tr\u00f6nuber|Fezandipiti, M|80\/100\n|-damage|p2a: Tr\u00f6nuber|64\/100|[from] Spikes\n|\n|-damage|p1a: Milotic|82\/100 brn|[from] brn\n|upkeep\n|turn|26\n|\n|t:|1697830525\n|move|p2a: Tr\u00f6nuber|Moonblast|p1a: Milotic\n|-damage|p1a: Milotic|60\/100 brn\n|move|p1a: Milotic|Dragon Tail|p2a: Tr\u00f6nuber\n|-immune|p2a: Tr\u00f6nuber\n|\n|-heal|p2a: Tr\u00f6nuber|100\/100|[from] move: Wish|[wisher] Br\u00f3mber\n|-damage|p1a: Milotic|53\/100 brn|[from] brn\n|upkeep\n|turn|27\n|\n|t:|1697830534\n|move|p2a: Tr\u00f6nuber|Hurricane|p1a: Milotic\n|-damage|p1a: Milotic|34\/100 brn\n|-start|p1a: Milotic|confusion\n|-activate|p1a: Milotic|confusion\n|move|p1a: Milotic|Recover|p1a: Milotic\n|-heal|p1a: Milotic|84\/100 brn\n|\n|-damage|p1a: Milotic|78\/100 brn|[from] brn\n|upkeep\n|turn|28\n|\n|t:|1697830545\n|switch|p1a: Magearna|Magearna|78\/100 par\n|-damage|p1a: Magearna|71\/100 par|[from] Stealth Rock\n|move|p2a: Tr\u00f6nuber|Moonblast|p1a: Magearna\n|-resisted|p1a: Magearna\n|-damage|p1a: Magearna|61\/100 par\n|-unboost|p1a: Magearna|spa|1\n|\n|upkeep\n|turn|29\n|\n|t:|1697830555\n|move|p2a: Tr\u00f6nuber|Hurricane|p1a: Magearna|[miss]\n|-miss|p2a: Tr\u00f6nuber|p1a: Magearna\n|move|p1a: Magearna|Flash Cannon|p2a: Tr\u00f6nuber\n|-supereffective|p2a: Tr\u00f6nuber\n|-damage|p2a: Tr\u00f6nuber|75\/100\n|\n|upkeep\n|turn|30\n|\n|t:|1697830569\n|move|p2a: Tr\u00f6nuber|Hurricane|p1a: Magearna\n|-resisted|p1a: Magearna\n|-damage|p1a: Magearna|53\/100 par\n|move|p1a: Magearna|Spikes|p2a: Tr\u00f6nuber\n|-sidestart|p2: xxxlaniusxxx|Spikes\n|\n|upkeep\n|turn|31\n|\n|t:|1697830576\n|move|p2a: Tr\u00f6nuber|Moonblast|p1a: Magearna\n|-resisted|p1a: Magearna\n|-damage|p1a: Magearna|43\/100 par\n|cant|p1a: Magearna|par\n|\n|upkeep\n|turn|32\n|\n|t:|1697830585\n|move|p2a: Tr\u00f6nuber|Moonblast|p1a: Magearna\n|-resisted|p1a: Magearna\n|-crit|p1a: Magearna\n|-damage|p1a: Magearna|27\/100 par\n|cant|p1a: Magearna|par\n|\n|upkeep\n|turn|33\n|\n|t:|1697830592\n|move|p2a: Tr\u00f6nuber|Moonblast|p1a: Magearna\n|-resisted|p1a: Magearna\n|-damage|p1a: Magearna|18\/100 par\n|cant|p1a: Magearna|par\n|\n|upkeep\n|turn|34\n|\n|t:|1697830599\n|move|p2a: Tr\u00f6nuber|Moonblast|p1a: Magearna\n|-resisted|p1a: Magearna\n|-damage|p1a: Magearna|7\/100 par\n|move|p1a: Magearna|Rest|p1a: Magearna\n|-status|p1a: Magearna|slp|[from] move: Rest\n|-heal|p1a: Magearna|100\/100 slp|[silent]\n|\n|upkeep\n|turn|35\n|\n|t:|1697830609\n|move|p2a: Tr\u00f6nuber|U-turn|p1a: Magearna\n|-resisted|p1a: Magearna\n|-damage|p1a: Magearna|98\/100 slp\n|\n|t:|1697830613\n|switch|p2a: Br\u00f3mber|Umbreon, M|60\/100 brn|[from] U-turn\n|-damage|p2a: Br\u00f3mber|35\/100 brn|[from] Spikes\n|cant|p1a: Magearna|slp\n|\n|-heal|p2a: Br\u00f3mber|41\/100 brn|[from] item: Leftovers\n|-damage|p2a: Br\u00f3mber|35\/100 brn|[from] brn\n|upkeep\n|turn|36\n|\n|t:|1697830622\n|cant|p1a: Magearna|slp\n|move|p2a: Br\u00f3mber|Wish|p2a: Br\u00f3mber\n|\n|-heal|p2a: Br\u00f3mber|41\/100 brn|[from] item: Leftovers\n|-damage|p2a: Br\u00f3mber|35\/100 brn|[from] brn\n|upkeep\n|turn|37\n|\n|t:|1697830629\n|move|p2a: Br\u00f3mber|Protect|p2a: Br\u00f3mber\n|-singleturn|p2a: Br\u00f3mber|Protect\n|-curestatus|p1a: Magearna|slp|[msg]\n|move|p1a: Magearna|Fleur Cannon|p2a: Br\u00f3mber\n|-activate|p2a: Br\u00f3mber|move: Protect\n|\n|-heal|p2a: Br\u00f3mber|85\/100 brn|[from] move: Wish|[wisher] Br\u00f3mber\n|-heal|p2a: Br\u00f3mber|91\/100 brn|[from] item: Leftovers\n|-damage|p2a: Br\u00f3mber|85\/100 brn|[from] brn\n|upkeep\n|turn|38\n|\n|t:|1697830640\n|move|p1a: Magearna|Fleur Cannon|p2a: Br\u00f3mber|[miss]\n|-miss|p1a: Magearna|p2a: Br\u00f3mber\n|move|p2a: Br\u00f3mber|Thunder Wave|p1a: Magearna\n|-status|p1a: Magearna|par\n|\n|-heal|p2a: Br\u00f3mber|91\/100 brn|[from] item: Leftovers\n|-damage|p2a: Br\u00f3mber|85\/100 brn|[from] brn\n|upkeep\n|turn|39\n|\n|t:|1697830649\n|move|p2a: Br\u00f3mber|Wish|p2a: Br\u00f3mber\n|move|p1a: Magearna|Fleur Cannon|p2a: Br\u00f3mber\n|-supereffective|p2a: Br\u00f3mber\n|-damage|p2a: Br\u00f3mber|47\/100 brn\n|-unboost|p1a: Magearna|spa|2\n|\n|-heal|p2a: Br\u00f3mber|53\/100 brn|[from] item: Leftovers\n|-damage|p2a: Br\u00f3mber|47\/100 brn|[from] brn\n|upkeep\n|turn|40\n|\n|t:|1697830687\n|switch|p2a: Hindberjum|Scizor, M|29\/100\n|switch|p1a: Milotic|Milotic, F|78\/100 brn\n|-damage|p1a: Milotic|65\/100 brn|[from] Stealth Rock\n|\n|-heal|p2a: Hindberjum|87\/100|[from] move: Wish|[wisher] Br\u00f3mber\n|-damage|p1a: Milotic|59\/100 brn|[from] brn\n|upkeep\n|turn|41\n|\n|t:|1697830699\n|switch|p2a: Br\u00f3mber|Umbreon, M|47\/100 brn\n|-damage|p2a: Br\u00f3mber|22\/100 brn|[from] Spikes\n|move|p1a: Milotic|Dragon Tail|p2a: Br\u00f3mber\n|-damage|p2a: Br\u00f3mber|19\/100 brn\n|drag|p2a: Nektar\u00edn|Lycanroc-Dusk, F|84\/100\n|-damage|p2a: Nektar\u00edn|59\/100|[from] Spikes\n|\n|-damage|p1a: Milotic|53\/100 brn|[from] brn\n|upkeep\n|turn|42\n|\n|t:|1697830721\n|move|p2a: Nektar\u00edn|Stone Edge|p1a: Milotic\n|-damage|p1a: Milotic|20\/100 brn\n|move|p1a: Milotic|Recover|p1a: Milotic\n|-heal|p1a: Milotic|70\/100 brn\n|\n|-damage|p1a: Milotic|64\/100 brn|[from] brn\n|upkeep\n|turn|43\n|\n|t:|1697830730\n|switch|p2a: Tr\u00f6nuber|Fezandipiti, M|75\/100\n|-damage|p2a: Tr\u00f6nuber|50\/100|[from] Spikes\n|move|p1a: Milotic|Recover|p1a: Milotic\n|-heal|p1a: Milotic|100\/100 brn\n|\n|-damage|p1a: Milotic|94\/100 brn|[from] brn\n|upkeep\n|turn|44\n|\n|t:|1697830739\n|move|p2a: Tr\u00f6nuber|Moonblast|p1a: Milotic\n|-damage|p1a: Milotic|71\/100 brn\n|move|p1a: Milotic|Flip Turn|p2a: Tr\u00f6nuber\n|-damage|p2a: Tr\u00f6nuber|43\/100\n|\n|t:|1697830746\n|switch|p1a: Magearna|Magearna|98\/100 par|[from] Flip Turn\n|-damage|p1a: Magearna|92\/100 par|[from] Stealth Rock\n|\n|upkeep\n|turn|45\n|\n|t:|1697830760\n|move|p2a: Tr\u00f6nuber|U-turn|p1a: Magearna\n|-resisted|p1a: Magearna\n|-damage|p1a: Magearna|89\/100 par\n|\n|t:|1697830764\n|switch|p2a: Br\u00f3mber|Umbreon, M|19\/100 brn|[from] U-turn\n|-damage|p2a: Br\u00f3mber|0 fnt|[from] Spikes\n|faint|p2a: Br\u00f3mber\n|-ability|p1a: Magearna|Soul-Heart|boost\n|-boost|p1a: Magearna|spa|1\n|cant|p1a: Magearna|par\n|\n|upkeep\n|\n|t:|1697830774\n|switch|p2a: Hindberjum|Scizor, M|87\/100\n|turn|46\n|\n|t:|1697830798\n|switch|p1a: Talonflame|Talonflame, M|88\/100\n|-damage|p1a: Talonflame|38\/100|[from] Stealth Rock\n|move|p2a: Hindberjum|Defog|p1a: Talonflame\n|-unboost|p1a: Talonflame|evasion|1\n|-sideend|p1: Genesis94|Stealth Rock|[from] move: Defog|[of] p2a: Hindberjum\n|-sideend|p2: xxxlaniusxxx|Spikes|[from] move: Defog|[of] p2a: Hindberjum\n|\n|upkeep\n|turn|47\n|\n|t:|1697830809\n|switch|p2a: Nektar\u00edn|Lycanroc-Dusk, F|59\/100\n|move|p1a: Talonflame|Roost|p1a: Talonflame\n|-heal|p1a: Talonflame|88\/100\n|-singleturn|p1a: Talonflame|move: Roost\n|\n|upkeep\n|turn|48\n|\n|t:|1697830825\n|switch|p1a: Milotic|Milotic, F|71\/100 brn\n|move|p2a: Nektar\u00edn|Stone Edge|p1a: Milotic\n|-damage|p1a: Milotic|35\/100 brn\n|\n|-damage|p1a: Milotic|29\/100 brn|[from] brn\n|upkeep\n|turn|49\n|\n|t:|1697830835\n|switch|p2a: S\u00edtr\u00f3nu|Uxie|100\/100\n|move|p1a: Milotic|Recover|p1a: Milotic\n|-heal|p1a: Milotic|79\/100 brn\n|\n|-damage|p1a: Milotic|73\/100 brn|[from] brn\n|upkeep\n|turn|50\n|\n|t:|1697830867\n|move|p2a: S\u00edtr\u00f3nu|Stealth Rock|p1a: Milotic\n|-sidestart|p1: Genesis94|move: Stealth Rock\n|move|p1a: Milotic|Flip Turn|p2a: S\u00edtr\u00f3nu\n|-damage|p2a: S\u00edtr\u00f3nu|97\/100\n|\n|t:|1697830872\n|switch|p1a: Noivern|Noivern, M, tera:Normal|69\/100|[from] Flip Turn\n|-damage|p1a: Noivern|57\/100|[from] Stealth Rock\n|\n|upkeep\n|turn|51\n|\n|t:|1697830943\n|-terastallize|p2a: S\u00edtr\u00f3nu|Electric\n|move|p1a: Noivern|Boomburst|p2a: S\u00edtr\u00f3nu\n|-damage|p2a: S\u00edtr\u00f3nu|44\/100\n|move|p2a: S\u00edtr\u00f3nu|Knock Off|p1a: Noivern\n|-damage|p1a: Noivern|35\/100\n|-enditem|p1a: Noivern|Choice Scarf|[from] move: Knock Off|[of] p2a: S\u00edtr\u00f3nu\n|\n|upkeep\n|turn|52\n|\n|t:|1697830959\n|move|p1a: Noivern|Boomburst|p2a: S\u00edtr\u00f3nu\n|-crit|p2a: S\u00edtr\u00f3nu\n|-damage|p2a: S\u00edtr\u00f3nu|0 fnt\n|faint|p2a: S\u00edtr\u00f3nu\n|\n|upkeep\n|\n|t:|1697830969\n|switch|p2a: Hindberjum|Scizor, M|87\/100\n|turn|53\n|\n|t:|1697830977\n|switch|p1a: Talonflame|Talonflame, M|88\/100\n|-damage|p1a: Talonflame|38\/100|[from] Stealth Rock\n|move|p2a: Hindberjum|Bullet Punch|p1a: Talonflame\n|-resisted|p1a: Talonflame\n|-damage|p1a: Talonflame|20\/100\n|-damage|p2a: Hindberjum|70\/100|[from] item: Rocky Helmet|[of] p1a: Talonflame\n|\n|upkeep\n|turn|54\n|\n|t:|1697830991\n|move|p2a: Hindberjum|Bullet Punch|p1a: Talonflame\n|-resisted|p1a: Talonflame\n|-damage|p1a: Talonflame|4\/100\n|-damage|p2a: Hindberjum|53\/100|[from] item: Rocky Helmet|[of] p1a: Talonflame\n|-status|p2a: Hindberjum|brn|[from] ability: Flame Body|[of] p1a: Talonflame\n|move|p1a: Talonflame|Roost|p1a: Talonflame\n|-heal|p1a: Talonflame|54\/100\n|-singleturn|p1a: Talonflame|move: Roost\n|\n|-damage|p2a: Hindberjum|47\/100 brn|[from] brn\n|upkeep\n|turn|55\n|\n|t:|1697831005\n|move|p1a: Talonflame|Defog|p2a: Hindberjum\n|-unboost|p2a: Hindberjum|evasion|1\n|-sideend|p1: Genesis94|Stealth Rock|[from] move: Defog|[of] p1a: Talonflame\n|move|p2a: Hindberjum|Close Combat|p1a: Talonflame\n|-resisted|p1a: Talonflame\n|-damage|p1a: Talonflame|43\/100\n|-unboost|p2a: Hindberjum|def|1\n|-unboost|p2a: Hindberjum|spd|1\n|-damage|p2a: Hindberjum|31\/100 brn|[from] item: Rocky Helmet|[of] p1a: Talonflame\n|\n|-damage|p2a: Hindberjum|24\/100 brn|[from] brn\n|upkeep\n|turn|56\n|\n|t:|1697831015\n|move|p1a: Talonflame|Roost|p1a: Talonflame\n|-heal|p1a: Talonflame|93\/100\n|-singleturn|p1a: Talonflame|move: Roost\n|move|p2a: Hindberjum|Close Combat|p1a: Talonflame\n|-damage|p1a: Talonflame|72\/100\n|-unboost|p2a: Hindberjum|def|1\n|-unboost|p2a: Hindberjum|spd|1\n|-damage|p2a: Hindberjum|8\/100 brn|[from] item: Rocky Helmet|[of] p1a: Talonflame\n|\n|-damage|p2a: Hindberjum|2\/100 brn|[from] brn\n|upkeep\n|turn|57\n|\n|t:|1697831028\n|move|p1a: Talonflame|U-turn|p2a: Hindberjum\n|-resisted|p2a: Hindberjum\n|-damage|p2a: Hindberjum|0 fnt\n|faint|p2a: Hindberjum\n|\n|t:|1697831070\n|switch|p1a: Magearna|Magearna|89\/100 par|[from] U-turn\n|\n|upkeep\n|\n|t:|1697831074\n|switch|p2a: Nektar\u00edn|Lycanroc-Dusk, F|59\/100\n|turn|58\n|\n|t:|1697831145\n|move|p2a: Nektar\u00edn|Close Combat|p1a: Magearna\n|-damage|p1a: Magearna|23\/100 par\n|-unboost|p2a: Nektar\u00edn|def|1\n|-unboost|p2a: Nektar\u00edn|spd|1\n|move|p1a: Magearna|Flash Cannon|p2a: Nektar\u00edn\n|-supereffective|p2a: Nektar\u00edn\n|-damage|p2a: Nektar\u00edn|0 fnt\n|faint|p2a: Nektar\u00edn\n|-ability|p1a: Magearna|Soul-Heart|boost\n|-boost|p1a: Magearna|spa|1\n|\n|upkeep\n|\n|t:|1697831155\n|switch|p2a: Tr\u00f6nuber|Fezandipiti, M|43\/100\n|turn|59\n|\n|t:|1697831160\n|move|p2a: Tr\u00f6nuber|Hurricane|p1a: Magearna\n|-resisted|p1a: Magearna\n|-crit|p1a: Magearna\n|-damage|p1a: Magearna|12\/100 par\n|-start|p1a: Magearna|confusion\n|-activate|p1a: Magearna|confusion\n|move|p1a: Magearna|Rest|p1a: Magearna\n|-status|p1a: Magearna|slp|[from] move: Rest\n|-heal|p1a: Magearna|100\/100 slp|[silent]\n|\n|upkeep\n|turn|60\n|\n|t:|1697831173\n|move|p2a: Tr\u00f6nuber|Hurricane|p1a: Magearna\n|-resisted|p1a: Magearna\n|-damage|p1a: Magearna|92\/100 slp\n|cant|p1a: Magearna|slp\n|\n|upkeep\n|turn|61\n|\n|t:|1697831178\n|move|p2a: Tr\u00f6nuber|Hurricane|p1a: Magearna\n|-resisted|p1a: Magearna\n|-damage|p1a: Magearna|84\/100 slp\n|cant|p1a: Magearna|slp\n|\n|upkeep\n|turn|62\n|\n|t:|1697831183\n|move|p2a: Tr\u00f6nuber|Hurricane|p1a: Magearna\n|-resisted|p1a: Magearna\n|-damage|p1a: Magearna|77\/100 slp\n|-curestatus|p1a: Magearna|slp|[msg]\n|-end|p1a: Magearna|confusion\n|move|p1a: Magearna|Flash Cannon|p2a: Tr\u00f6nuber\n|-supereffective|p2a: Tr\u00f6nuber\n|-damage|p2a: Tr\u00f6nuber|0 fnt\n|faint|p2a: Tr\u00f6nuber\n|\n|win|Genesis94\n|c|\u2606xxxlaniusxxx|gg\n|c|\u2606Genesis94|GG\n|l|\u2606xxxlaniusxxx\n","uploadtime":1697831213,"views":26,"p1id":"genesis94","p2id":"xxxlaniusxxx","formatid":"gen9anythinggoes","rating":0,"private":0,"password":""}