{"id":"gen9anythinggoes-1986873723","p1":"teho itan","p2":"DiffusionDiff","format":"[Gen 9] Anything Goes","log":"|j|\u2606teho itan\n|j|\u2606DiffusionDiff\n|t:|1699536571\n|gametype|singles\n|player|p1|teho itan|sage|1138\n|player|p2|DiffusionDiff|riley|1098\n|teamsize|p1|6\n|teamsize|p2|6\n|gen|9\n|tier|[Gen 9] Anything Goes\n|rated|\n|rule|HP Percentage Mod: HP is shown in percentages\n|rule|Endless Battle Clause: Forcing endless battles is banned\n|clearpoke\n|poke|p1|Manaphy|\n|poke|p1|Uxie|\n|poke|p1|Toedscruel, F|\n|poke|p1|Drifblim, M|\n|poke|p1|Volbeat, M|\n|poke|p1|Heracross, F|\n|poke|p2|Maushold-Four|\n|poke|p2|Flutter Mane|\n|poke|p2|Miraidon|\n|poke|p2|Rabsca, M|\n|poke|p2|Garganacl, F|\n|poke|p2|Houndstone, M|\n|teampreview\n|\n|t:|1699536590\n|start\n|switch|p1a: Volbeat|Volbeat, M|100\/100\n|switch|p2a: DeMarco|Miraidon|100\/100\n|-fieldstart|move: Electric Terrain|[from] ability: Hadron Engine|[of] p2a: DeMarco\n|turn|1\n|\n|t:|1699536599\n|move|p1a: Volbeat|Double Team|p1a: Volbeat\n|-boost|p1a: Volbeat|evasion|1\n|move|p2a: DeMarco|Electro Drift|p1a: Volbeat\n|-damage|p1a: Volbeat|3\/100\n|-enditem|p1a: Volbeat|Aguav Berry|[eat]\n|-heal|p1a: Volbeat|37\/100|[from] item: Aguav Berry\n|\n|upkeep\n|turn|2\n|\n|t:|1699536607\n|move|p1a: Volbeat|Double Team|p1a: Volbeat\n|-boost|p1a: Volbeat|evasion|1\n|move|p2a: DeMarco|Electro Drift|p1a: Volbeat\n|-damage|p1a: Volbeat|0 fnt\n|faint|p1a: Volbeat\n|\n|upkeep\n|inactive|Battle timer is ON: inactive players will automatically lose when time's up. (requested by DiffusionDiff)\n|\n|t:|1699536651\n|switch|p1a: Uxie|Uxie|100\/100\n|turn|3\n|\n|t:|1699536673\n|move|p2a: DeMarco|Electro Drift|p1a: Uxie\n|-damage|p1a: Uxie|27\/100\n|move|p1a: Uxie|Light Screen|p1a: Uxie\n|-sidestart|p1: teho itan|move: Light Screen\n|\n|upkeep\n|turn|4\n|\n|t:|1699536681\n|move|p2a: DeMarco|Dragon Pulse|p1a: Uxie\n|-damage|p1a: Uxie|5\/100\n|move|p1a: Uxie|Stealth Rock|p2a: DeMarco\n|-sidestart|p2: DiffusionDiff|move: Stealth Rock\n|\n|upkeep\n|turn|5\n|\n|t:|1699536688\n|switch|p2a: Maushold|Maushold-Four|100\/100\n|-damage|p2a: Maushold|88\/100|[from] Stealth Rock\n|move|p1a: Uxie|Reflect|p1a: Uxie\n|-sidestart|p1: teho itan|Reflect\n|\n|-fieldend|move: Electric Terrain\n|upkeep\n|turn|6\n|\n|t:|1699536694\n|move|p2a: Maushold|Tidy Up|p2a: Maushold\n|-sideend|p2: DiffusionDiff|Stealth Rock\n|-activate|p2a: Maushold|move: Tidy Up\n|-boost|p2a: Maushold|atk|1\n|-boost|p2a: Maushold|spe|1\n|move|p1a: Uxie|Thunder Wave|p2a: Maushold|[miss]\n|-miss|p1a: Uxie|p2a: Maushold\n|\n|upkeep\n|turn|7\n|\n|t:|1699536701\n|move|p2a: Maushold|Population Bomb|p1a: Uxie\n|-damage|p1a: Uxie|0 fnt\n|faint|p1a: Uxie\n|-hitcount|p1: Uxie|1\n|\n|upkeep\n|\n|t:|1699536730\n|switch|p1a: Toedscruel|Toedscruel, F|100\/100\n|turn|8\n|\n|t:|1699536759\n|move|p2a: Maushold|Population Bomb|p1a: Toedscruel\n|-damage|p1a: Toedscruel|86\/100\n|-damage|p1a: Toedscruel|73\/100\n|-damage|p1a: Toedscruel|61\/100\n|-damage|p1a: Toedscruel|49\/100\n|-damage|p1a: Toedscruel|35\/100\n|-damage|p1a: Toedscruel|23\/100\n|-damage|p1a: Toedscruel|11\/100\n|-damage|p1a: Toedscruel|0 fnt\n|faint|p1a: Toedscruel\n|-hitcount|p1: Toedscruel|8\n|\n|upkeep\n|\n|t:|1699536776\n|switch|p1a: Drifblim|Drifblim, M, shiny|100\/100\n|turn|9\n|\n|t:|1699536783\n|move|p2a: Maushold|Baton Pass|p2a: Maushold\n|\n|t:|1699536793\n|switch|p2a: DeMarco|Miraidon|100\/100|[from] Baton Pass\n|-fieldstart|move: Electric Terrain|[from] ability: Hadron Engine|[of] p2a: DeMarco\n|move|p1a: Drifblim|Thunder Wave|p2a: DeMarco\n|-immune|p2a: DeMarco\n|\n|upkeep\n|turn|10\n|\n|t:|1699536800\n|move|p2a: DeMarco|Electro Drift|p1a: Drifblim\n|-supereffective|p1a: Drifblim\n|-damage|p1a: Drifblim|0 fnt\n|faint|p1a: Drifblim\n|\n|-sideend|p1: teho itan|move: Light Screen\n|upkeep\n|-message|teho itan forfeited.\n|\n|win|DiffusionDiff\n|raw|teho itan's rating: 1138 &rarr; <strong>1110<\/strong><br \/>(-28 for losing)\n|raw|DiffusionDiff's rating: 1098 &rarr; <strong>1126<\/strong><br \/>(+28 for winning)\n|l|\u2606teho itan\n","uploadtime":1699536807,"views":3,"p1id":"tehoitan","p2id":"diffusiondiff","formatid":"gen9anythinggoes","rating":1110,"private":0,"password":""}