{"id":"gen9anythinggoes-1977142120","p1":"grass knot zygarde","p2":"Likhami","format":"[Gen 9] Anything Goes","log":"|j|\u2606grass knot zygarde\n|j|\u2606Likhami\n|t:|1698376539\n|gametype|singles\n|player|p1|grass knot zygarde|dawn|1231\n|player|p2|Likhami|sage-gen2jp|1411\n|teamsize|p1|6\n|teamsize|p2|6\n|gen|9\n|tier|[Gen 9] Anything Goes\n|rated|\n|rule|HP Percentage Mod: HP is shown in percentages\n|rule|Endless Battle Clause: Forcing endless battles is banned\n|clearpoke\n|poke|p1|Ursaluna-Bloodmoon, M|\n|poke|p1|Calyrex-Ice|\n|poke|p1|Arceus|\n|poke|p1|Arceus-Grass|\n|poke|p1|Koraidon|\n|poke|p1|Rayquaza|\n|poke|p2|Ting-Lu|\n|poke|p2|Arceus-Ground|\n|poke|p2|Giratina-Origin|\n|poke|p2|Arceus|\n|poke|p2|Koraidon|\n|poke|p2|Landorus-Therian, M|\n|teampreview\n|inactive|Battle timer is ON: inactive players will automatically lose when time's up. (requested by Likhami)\n|\n|t:|1698376560\n|start\n|switch|p1a: Rayquaza|Rayquaza|100\/100\n|switch|p2a: Ting-Lu|Ting-Lu|100\/100\n|-ability|p1a: Rayquaza|Air Lock\n|-ability|p2a: Ting-Lu|Vessel of Ruin\n|turn|1\n|j| peppinopizzarizz\n|\n|t:|1698376566\n|move|p1a: Rayquaza|Stealth Rock|p2a: Ting-Lu\n|-sidestart|p2: Likhami|move: Stealth Rock\n|move|p2a: Ting-Lu|Taunt|p1a: Rayquaza\n|-start|p1a: Rayquaza|move: Taunt\n|\n|upkeep\n|turn|2\n|\n|t:|1698376573\n|switch|p1a: Arceus|Arceus-Grass|100\/100\n|move|p2a: Ting-Lu|Spikes|p1a: Arceus\n|-sidestart|p1: grass knot zygarde|Spikes\n|\n|upkeep\n|turn|3\n|\n|t:|1698376586\n|switch|p2a: Koraidon|Koraidon|100\/100\n|-damage|p2a: Koraidon|94\/100|[from] Stealth Rock\n|-weather|SunnyDay|[from] ability: Orichalcum Pulse|[of] p2a: Koraidon\n|-activate|p2a: Koraidon|Orichalcum Pulse|[source]\n|move|p1a: Arceus|Taunt|p2a: Koraidon\n|-start|p2a: Koraidon|move: Taunt\n|\n|-weather|SunnyDay|[upkeep]\n|upkeep\n|turn|4\n|\n|t:|1698376606\n|-terastallize|p1a: Arceus|Water\n|move|p2a: Koraidon|U-turn|p1a: Arceus\n|-damage|p1a: Arceus|80\/100\n|\n|t:|1698376612\n|switch|p2a: Arceus|Arceus|100\/100|[from] U-turn\n|move|p1a: Arceus|Trick Room|p1a: Arceus\n|-fieldstart|move: Trick Room|[of] p1a: Arceus\n|\n|-weather|SunnyDay|[upkeep]\n|upkeep\n|turn|5\n|\n|t:|1698376624\n|switch|p1a: Ursaluna|Ursaluna-Bloodmoon, M|100\/100\n|-damage|p1a: Ursaluna|88\/100|[from] Spikes\n|move|p2a: Arceus|Swords Dance|p2a: Arceus\n|-boost|p2a: Arceus|atk|2\n|\n|-weather|SunnyDay|[upkeep]\n|upkeep\n|turn|6\n|\n|t:|1698376635\n|move|p2a: Arceus|Extreme Speed|p1a: Ursaluna\n|-damage|p1a: Ursaluna|34\/100\n|move|p1a: Ursaluna|Blood Moon|p2a: Arceus\n|-damage|p2a: Arceus|28\/100\n|\n|-weather|SunnyDay|[upkeep]\n|upkeep\n|turn|7\n|\n|t:|1698376651\n|move|p2a: Arceus|Extreme Speed|p1a: Ursaluna\n|-damage|p1a: Ursaluna|0 fnt\n|faint|p1a: Ursaluna\n|\n|-weather|none\n|upkeep\n|\n|t:|1698376656\n|switch|p1a: Rayquaza|Rayquaza|100\/100\n|-ability|p1a: Rayquaza|Air Lock\n|turn|8\n|\n|t:|1698376667\n|move|p1a: Rayquaza|Dragon Ascent|p2a: Arceus\n|-damage|p2a: Arceus|0 fnt\n|-unboost|p1a: Rayquaza|def|1\n|-unboost|p1a: Rayquaza|spd|1\n|faint|p2a: Arceus\n|\n|-fieldend|move: Trick Room\n|upkeep\n|\n|t:|1698376675\n|switch|p2a: Koraidon|Koraidon|94\/100\n|-damage|p2a: Koraidon|88\/100|[from] Stealth Rock\n|-weather|SunnyDay|[from] ability: Orichalcum Pulse|[of] p2a: Koraidon\n|-activate|p2a: Koraidon|Orichalcum Pulse|[source]\n|turn|9\n|\n|t:|1698376678\n|move|p2a: Koraidon|Outrage|p1a: Rayquaza\n|-supereffective|p1a: Rayquaza\n|-enditem|p1a: Rayquaza|Focus Sash\n|-damage|p1a: Rayquaza|1\/100\n|move|p1a: Rayquaza|Dragon Ascent|p2a: Koraidon\n|-supereffective|p2a: Koraidon\n|-damage|p2a: Koraidon|0 fnt\n|-unboost|p1a: Rayquaza|def|1\n|-unboost|p1a: Rayquaza|spd|1\n|faint|p2a: Koraidon\n|\n|-weather|SunnyDay|[upkeep]\n|upkeep\n|\n|t:|1698376683\n|switch|p2a: Giratina|Giratina-Origin|100\/100\n|-damage|p2a: Giratina|88\/100|[from] Stealth Rock\n|turn|10\n|c| peppinopizzarizz|DAAAHHHH DAUUUUGHHH\n|\n|t:|1698376694\n|move|p2a: Giratina|Shadow Sneak|p1a: Rayquaza\n|-damage|p1a: Rayquaza|0 fnt\n|faint|p1a: Rayquaza\n|\n|-weather|SunnyDay|[upkeep]\n|upkeep\n|\n|t:|1698376703\n|switch|p1a: Arceus|Arceus-Grass, tera:Water|80\/100\n|-damage|p1a: Arceus|68\/100|[from] Spikes\n|turn|11\n|\n|t:|1698376718\n|move|p1a: Arceus|Taunt|p2a: Giratina\n|-start|p2a: Giratina|move: Taunt\n|move|p2a: Giratina|Dragon Tail|p1a: Arceus|[miss]\n|-miss|p2a: Giratina|p1a: Arceus\n|\n|-weather|SunnyDay|[upkeep]\n|upkeep\n|turn|12\n|\n|t:|1698376725\n|move|p2a: Giratina|Poltergeist|p1a: Arceus|[miss]\n|-miss|p2a: Giratina|p1a: Arceus\n|move|p1a: Arceus|Trick Room|p1a: Arceus\n|-fieldstart|move: Trick Room|[of] p1a: Arceus\n|\n|-weather|SunnyDay|[upkeep]\n|upkeep\n|turn|13\n|\n|t:|1698376731\n|move|p1a: Arceus|Healing Wish|p1a: Arceus\n|faint|p1a: Arceus\n|move|p2a: Giratina|Poltergeist|p1: Arceus|[notarget]\n|-fail|p2a: Giratina\n|\n|-weather|none\n|-end|p2a: Giratina|move: Taunt\n|upkeep\n|\n|t:|1698376739\n|switch|p1a: Calyrex|Calyrex-Ice|100\/100\n|-ability|p1a: Calyrex|As One\n|-ability|p1a: Calyrex|Unnerve\n|-damage|p1a: Calyrex|88\/100|[from] Spikes\n|turn|14\n|\n|t:|1698376748\n|-terastallize|p2a: Giratina|Steel\n|move|p1a: Calyrex|Glacial Lance|p2a: Giratina\n|-resisted|p2a: Giratina\n|-damage|p2a: Giratina|44\/100\n|move|p2a: Giratina|Dragon Tail|p1a: Calyrex\n|-damage|p1a: Calyrex|68\/100\n|drag|p1a: Arceus|Arceus|100\/100\n|-damage|p1a: Arceus|88\/100|[from] Spikes\n|\n|upkeep\n|turn|15\n|\n|t:|1698376767\n|switch|p1a: Koraidon|Koraidon|100\/100\n|-damage|p1a: Koraidon|88\/100|[from] Spikes\n|-weather|SunnyDay|[from] ability: Orichalcum Pulse|[of] p1a: Koraidon\n|-activate|p1a: Koraidon|Orichalcum Pulse|[source]\n|move|p2a: Giratina|Will-O-Wisp|p1a: Koraidon\n|-status|p1a: Koraidon|brn\n|\n|-weather|SunnyDay|[upkeep]\n|-damage|p1a: Koraidon|82\/100 brn|[from] brn\n|upkeep\n|turn|16\n|\n|t:|1698376775\n|move|p1a: Koraidon|Flare Blitz|p2a: Giratina\n|-supereffective|p2a: Giratina\n|-damage|p2a: Giratina|0 fnt\n|faint|p2a: Giratina\n|-damage|p1a: Koraidon|61\/100 brn|[from] Recoil\n|\n|-weather|SunnyDay|[upkeep]\n|-damage|p1a: Koraidon|55\/100 brn|[from] brn\n|-fieldend|move: Trick Room\n|upkeep\n|\n|t:|1698376780\n|switch|p2a: Arceus|Arceus-Ground|100\/100\n|-damage|p2a: Arceus|94\/100|[from] Stealth Rock\n|turn|17\n|\n|t:|1698376787\n|switch|p1a: Arceus|Arceus|88\/100\n|-heal|p1a: Arceus|100\/100|[from] move: Healing Wish\n|-damage|p1a: Arceus|88\/100|[from] Spikes\n|move|p2a: Arceus|Ice Beam|p1a: Arceus\n|-damage|p1a: Arceus|68\/100\n|\n|-weather|SunnyDay|[upkeep]\n|upkeep\n|turn|18\n|\n|t:|1698376802\n|move|p2a: Arceus|Judgment|p1a: Arceus\n|-damage|p1a: Arceus|30\/100\n|move|p1a: Arceus|Trick Room|p1a: Arceus\n|-fieldstart|move: Trick Room|[of] p1a: Arceus\n|\n|-weather|SunnyDay|[upkeep]\n|upkeep\n|turn|19\n|j| IIBrayzed\n|\n|t:|1698376807\n|move|p1a: Arceus|Healing Wish|p1a: Arceus\n|faint|p1a: Arceus\n|move|p2a: Arceus|Judgment|p1: Arceus|[notarget]\n|-fail|p2a: Arceus\n|\n|-weather|none\n|upkeep\n|c| peppinopizzarizz|IT'S OVER\n|\n|t:|1698376814\n|switch|p1a: Calyrex|Calyrex-Ice|68\/100\n|-ability|p1a: Calyrex|As One\n|-ability|p1a: Calyrex|Unnerve\n|-heal|p1a: Calyrex|100\/100|[from] move: Healing Wish\n|-damage|p1a: Calyrex|88\/100|[from] Spikes\n|turn|20\n|\n|t:|1698376827\n|switch|p2a: Landorus|Landorus-Therian, M|100\/100\n|-damage|p2a: Landorus|88\/100|[from] Stealth Rock\n|-ability|p2a: Landorus|Intimidate|boost\n|-unboost|p1a: Calyrex|atk|1\n|move|p1a: Calyrex|Glacial Lance|p2a: Landorus\n|-supereffective|p2a: Landorus\n|-damage|p2a: Landorus|0 fnt\n|faint|p2a: Landorus\n|-ability|p1a: Calyrex|Chilling Neigh|boost\n|-boost|p1a: Calyrex|atk|1\n|\n|upkeep\n|\n|t:|1698376835\n|switch|p2a: Ting-Lu|Ting-Lu|100\/100\n|-damage|p2a: Ting-Lu|94\/100|[from] Stealth Rock\n|-ability|p2a: Ting-Lu|Vessel of Ruin\n|turn|21\n|\n|t:|1698376841\n|move|p1a: Calyrex|Glacial Lance|p2a: Ting-Lu\n|-supereffective|p2a: Ting-Lu\n|-damage|p2a: Ting-Lu|0 fnt\n|faint|p2a: Ting-Lu\n|-ability|p1a: Calyrex|Chilling Neigh|boost\n|-boost|p1a: Calyrex|atk|1\n|\n|upkeep\n|\n|t:|1698376844\n|switch|p2a: Arceus|Arceus-Ground|94\/100\n|-damage|p2a: Arceus|88\/100|[from] Stealth Rock\n|turn|22\n|\n|t:|1698376848\n|move|p1a: Calyrex|Glacial Lance|p2a: Arceus\n|-supereffective|p2a: Arceus\n|-damage|p2a: Arceus|0 fnt\n|faint|p2a: Arceus\n|\n|win|grass knot zygarde\n|raw|grass knot zygarde's rating: 1231 &rarr; <strong>1268<\/strong><br \/>(+37 for winning)\n|raw|Likhami's rating: 1411 &rarr; <strong>1381<\/strong><br \/>(-30 for losing)\n|c|\u2606grass knot zygarde|ACHOOOOO\n|c|\u2606Likhami|ggzp\n|c|\u2606Likhami|wp\n|c|\u2606grass knot zygarde|gg\n|l|\u2606Likhami\n","uploadtime":1698376864,"views":7,"p1id":"grassknotzygarde","p2id":"likhami","formatid":"gen9anythinggoes","rating":1268,"private":0,"password":""}