{"id":"gen9anythinggoes-1981524280","p1":"Clodsire mega","p2":"watabolt","format":"[Gen 9] Anything Goes","log":"|j|\u2606Clodsire mega\n|j|\u2606watabolt\n|t:|1698912122\n|gametype|singles\n|player|p1|Clodsire mega|102|1158\n|player|p2|watabolt|depotagent|1112\n|teamsize|p1|6\n|teamsize|p2|6\n|gen|9\n|tier|[Gen 9] Anything Goes\n|rated|\n|rule|HP Percentage Mod: HP is shown in percentages\n|rule|Endless Battle Clause: Forcing endless battles is banned\n|clearpoke\n|poke|p1|Mimikyu, M|\n|poke|p1|Mimikyu, F|\n|poke|p1|Mimikyu, F|\n|poke|p1|Mimikyu, M|\n|poke|p1|Mimikyu, F|\n|poke|p1|Mimikyu, F|\n|poke|p2|Glalie, F|\n|poke|p2|Rayquaza|\n|poke|p2|Baxcalibur, F|\n|poke|p2|Chien-Pao|\n|poke|p2|Calyrex-Ice|\n|poke|p2|Arceus-Ice|\n|teampreview\n|\n|t:|1698912136\n|start\n|switch|p1a: Mimikyu|Mimikyu, F, shiny|100\/100\n|switch|p2a: Calyrex|Calyrex-Ice|100\/100\n|-ability|p2a: Calyrex|As One\n|-ability|p2a: Calyrex|Unnerve\n|turn|1\n|\n|t:|1698912150\n|move|p1a: Mimikyu|Swords Dance|p1a: Mimikyu\n|-boost|p1a: Mimikyu|atk|2\n|move|p2a: Calyrex|Leech Seed|p1a: Mimikyu\n|-start|p1a: Mimikyu|move: Leech Seed\n|\n|-damage|p1a: Mimikyu|88\/100|[from] Leech Seed|[of] p2a: Calyrex\n|upkeep\n|turn|2\n|\n|t:|1698912158\n|move|p1a: Mimikyu|Swords Dance|p1a: Mimikyu\n|-boost|p1a: Mimikyu|atk|2\n|move|p2a: Calyrex|Iron Defense|p2a: Calyrex\n|-boost|p2a: Calyrex|def|2\n|\n|-damage|p1a: Mimikyu|76\/100|[from] Leech Seed|[of] p2a: Calyrex\n|upkeep\n|turn|3\n|\n|t:|1698912167\n|move|p1a: Mimikyu|Swords Dance|p1a: Mimikyu\n|-boost|p1a: Mimikyu|atk|2\n|move|p2a: Calyrex|Iron Defense|p2a: Calyrex\n|-boost|p2a: Calyrex|def|2\n|\n|-damage|p1a: Mimikyu|64\/100|[from] Leech Seed|[of] p2a: Calyrex\n|upkeep\n|turn|4\n|\n|t:|1698912174\n|-terastallize|p2a: Calyrex|Steel\n|move|p1a: Mimikyu|Drain Punch|p2a: Calyrex\n|-supereffective|p2a: Calyrex\n|-damage|p2a: Calyrex|53\/100\n|-heal|p1a: Mimikyu|100\/100|[from] drain|[of] p2a: Calyrex\n|-damage|p1a: Mimikyu|84\/100|[from] item: Rocky Helmet|[of] p2a: Calyrex\n|-damage|p1a: Mimikyu|74\/100|[from] item: Life Orb\n|move|p2a: Calyrex|Iron Defense|p2a: Calyrex\n|-boost|p2a: Calyrex|def|2\n|\n|-damage|p1a: Mimikyu|62\/100|[from] Leech Seed|[of] p2a: Calyrex\n|-heal|p2a: Calyrex|61\/100|[silent]\n|upkeep\n|turn|5\n|\n|t:|1698912192\n|move|p2a: Calyrex|Protect|p2a: Calyrex\n|-singleturn|p2a: Calyrex|Protect\n|move|p1a: Mimikyu|Drain Punch|p2a: Calyrex\n|-activate|p2a: Calyrex|move: Protect\n|\n|-damage|p1a: Mimikyu|49\/100|[from] Leech Seed|[of] p2a: Calyrex\n|-heal|p2a: Calyrex|68\/100|[silent]\n|upkeep\n|turn|6\n|\n|t:|1698912207\n|move|p1a: Mimikyu|Drain Punch|p2a: Calyrex\n|-supereffective|p2a: Calyrex\n|-damage|p2a: Calyrex|32\/100\n|-heal|p1a: Mimikyu|78\/100|[from] drain|[of] p2a: Calyrex\n|-damage|p1a: Mimikyu|62\/100|[from] item: Rocky Helmet|[of] p2a: Calyrex\n|-damage|p1a: Mimikyu|52\/100|[from] item: Life Orb\n|move|p2a: Calyrex|Leech Seed||[still]\n|-fail|p2a: Calyrex\n|\n|-damage|p1a: Mimikyu|39\/100|[from] Leech Seed|[of] p2a: Calyrex\n|-heal|p2a: Calyrex|40\/100|[silent]\n|upkeep\n|turn|7\n|\n|t:|1698912223\n|move|p2a: Calyrex|Protect|p2a: Calyrex\n|-singleturn|p2a: Calyrex|Protect\n|move|p1a: Mimikyu|Burning Jealousy|p2a: Calyrex\n|-activate|p2a: Calyrex|move: Protect\n|\n|-damage|p1a: Mimikyu|27\/100|[from] Leech Seed|[of] p2a: Calyrex\n|-heal|p2a: Calyrex|47\/100|[silent]\n|upkeep\n|turn|8\n|\n|t:|1698912233\n|-terastallize|p1a: Mimikyu|Fire\n|move|p2a: Calyrex|Protect||[still]\n|-fail|p2a: Calyrex\n|move|p1a: Mimikyu|Burning Jealousy|p2a: Calyrex\n|-supereffective|p2a: Calyrex\n|-damage|p2a: Calyrex|30\/100\n|-damage|p1a: Mimikyu|17\/100|[from] item: Life Orb\n|\n|-damage|p1a: Mimikyu|5\/100|[from] Leech Seed|[of] p2a: Calyrex\n|-heal|p2a: Calyrex|38\/100|[silent]\n|upkeep\n|turn|9\n|\n|t:|1698912244\n|move|p2a: Calyrex|Protect|p2a: Calyrex\n|-singleturn|p2a: Calyrex|Protect\n|move|p1a: Mimikyu|Drain Punch|p2a: Calyrex\n|-activate|p2a: Calyrex|move: Protect\n|\n|-damage|p1a: Mimikyu|0 fnt|[from] Leech Seed|[of] p2a: Calyrex\n|-heal|p2a: Calyrex|40\/100|[silent]\n|faint|p1a: Mimikyu\n|upkeep\n|\n|t:|1698912252\n|switch|p1a: Mimikyu|Mimikyu, F, shiny|100\/100\n|turn|10\n|\n|t:|1698912255\n|move|p1a: Mimikyu|Swords Dance|p1a: Mimikyu\n|-boost|p1a: Mimikyu|atk|2\n|move|p2a: Calyrex|Leech Seed|p1a: Mimikyu\n|-start|p1a: Mimikyu|move: Leech Seed\n|\n|-damage|p1a: Mimikyu|88\/100|[from] Leech Seed|[of] p2a: Calyrex\n|-heal|p2a: Calyrex|48\/100|[silent]\n|upkeep\n|turn|11\n|\n|t:|1698912266\n|move|p2a: Calyrex|Protect|p2a: Calyrex\n|-singleturn|p2a: Calyrex|Protect\n|move|p1a: Mimikyu|Swords Dance|p1a: Mimikyu\n|-boost|p1a: Mimikyu|atk|2\n|\n|-damage|p1a: Mimikyu|76\/100|[from] Leech Seed|[of] p2a: Calyrex\n|-heal|p2a: Calyrex|56\/100|[silent]\n|upkeep\n|turn|12\n|\n|t:|1698912282\n|move|p1a: Mimikyu|Swords Dance|p1a: Mimikyu\n|-boost|p1a: Mimikyu|atk|2\n|move|p2a: Calyrex|Iron Defense|p2a: Calyrex\n|-boost|p2a: Calyrex|def|0\n|\n|-damage|p1a: Mimikyu|64\/100|[from] Leech Seed|[of] p2a: Calyrex\n|-heal|p2a: Calyrex|64\/100|[silent]\n|upkeep\n|turn|13\n|\n|t:|1698912296\n|move|p2a: Calyrex|Protect|p2a: Calyrex\n|-singleturn|p2a: Calyrex|Protect\n|move|p1a: Mimikyu|Drain Punch|p2a: Calyrex\n|-activate|p2a: Calyrex|move: Protect\n|\n|-damage|p1a: Mimikyu|51\/100|[from] Leech Seed|[of] p2a: Calyrex\n|-heal|p2a: Calyrex|71\/100|[silent]\n|upkeep\n|turn|14\n|\n|t:|1698912310\n|move|p1a: Mimikyu|Drain Punch|p2a: Calyrex\n|-supereffective|p2a: Calyrex\n|-damage|p2a: Calyrex|33\/100\n|-heal|p1a: Mimikyu|82\/100|[from] drain|[of] p2a: Calyrex\n|-damage|p1a: Mimikyu|65\/100|[from] item: Rocky Helmet|[of] p2a: Calyrex\n|-damage|p1a: Mimikyu|55\/100|[from] item: Life Orb\n|move|p2a: Calyrex|Iron Defense|p2a: Calyrex\n|-boost|p2a: Calyrex|def|0\n|\n|-damage|p1a: Mimikyu|43\/100|[from] Leech Seed|[of] p2a: Calyrex\n|-heal|p2a: Calyrex|41\/100|[silent]\n|upkeep\n|turn|15\n|\n|t:|1698912340\n|move|p2a: Calyrex|Protect|p2a: Calyrex\n|-singleturn|p2a: Calyrex|Protect\n|move|p1a: Mimikyu|Drain Punch|p2a: Calyrex\n|-activate|p2a: Calyrex|move: Protect\n|\n|-damage|p1a: Mimikyu|31\/100|[from] Leech Seed|[of] p2a: Calyrex\n|-heal|p2a: Calyrex|49\/100|[silent]\n|upkeep\n|turn|16\n|\n|t:|1698912354\n|move|p2a: Calyrex|Protect|p2a: Calyrex\n|-singleturn|p2a: Calyrex|Protect\n|move|p1a: Mimikyu|Drain Punch|p2a: Calyrex\n|-activate|p2a: Calyrex|move: Protect\n|\n|-damage|p1a: Mimikyu|18\/100|[from] Leech Seed|[of] p2a: Calyrex\n|-heal|p2a: Calyrex|56\/100|[silent]\n|upkeep\n|turn|17\n|\n|t:|1698912366\n|move|p1a: Mimikyu|Drain Punch|p2a: Calyrex\n|-supereffective|p2a: Calyrex\n|-damage|p2a: Calyrex|22\/100\n|-heal|p1a: Mimikyu|46\/100|[from] drain|[of] p2a: Calyrex\n|-damage|p1a: Mimikyu|29\/100|[from] item: Rocky Helmet|[of] p2a: Calyrex\n|-damage|p1a: Mimikyu|19\/100|[from] item: Life Orb\n|move|p2a: Calyrex|Iron Defense|p2a: Calyrex\n|-boost|p2a: Calyrex|def|0\n|\n|-damage|p1a: Mimikyu|7\/100|[from] Leech Seed|[of] p2a: Calyrex\n|-heal|p2a: Calyrex|30\/100|[silent]\n|upkeep\n|turn|18\n|\n|t:|1698912383\n|move|p2a: Calyrex|Protect|p2a: Calyrex\n|-singleturn|p2a: Calyrex|Protect\n|move|p1a: Mimikyu|Drain Punch|p2a: Calyrex\n|-activate|p2a: Calyrex|move: Protect\n|\n|-damage|p1a: Mimikyu|0 fnt|[from] Leech Seed|[of] p2a: Calyrex\n|-heal|p2a: Calyrex|34\/100|[silent]\n|faint|p1a: Mimikyu\n|upkeep\n|-message|Clodsire mega forfeited.\n|\n|win|watabolt\n|raw|Clodsire mega's rating: 1158 &rarr; <strong>1131<\/strong><br \/>(-27 for losing)\n|raw|watabolt's rating: 1133 &rarr; <strong>1160<\/strong><br \/>(+27 for winning)\n|l|\u2606Clodsire mega\n|c|\u2606watabolt|gg\n","uploadtime":1698912401,"views":16,"p1id":"clodsiremega","p2id":"watabolt","formatid":"gen9anythinggoes","rating":1131,"private":0,"password":""}