{"id":"gen9anythinggoes-1997729596","p1":"YIPPEEEEEEEE","p2":"willitos2003","format":"[Gen 9] Anything Goes","log":"|j|\u2606YIPPEEEEEEEE\n|j|\u2606willitos2003\n|t:|1700846485\n|gametype|singles\n|player|p1|YIPPEEEEEEEE|cynthia|1182\n|player|p2|willitos2003|101|1186\n|teamsize|p1|6\n|teamsize|p2|6\n|gen|9\n|tier|[Gen 9] Anything Goes\n|rated|\n|rule|HP Percentage Mod: HP is shown in percentages\n|rule|Endless Battle Clause: Forcing endless battles is banned\n|clearpoke\n|poke|p1|Eternatus|\n|poke|p1|Arcanine-Hisui, M|\n|poke|p1|Walking Wake|\n|poke|p1|Gholdengo|\n|poke|p1|Roaring Moon|\n|poke|p1|Calyrex-Shadow|\n|poke|p2|Delphox, M|\n|poke|p2|Torterra, F|\n|poke|p2|Haunter, M|\n|poke|p2|Snorlax, M|\n|poke|p2|Regidrago|\n|poke|p2|Regieleki|\n|teampreview\n|\n|t:|1700846500\n|start\n|switch|p1a: Calyrex|Calyrex-Shadow|100\/100\n|switch|p2a: Haunter|Haunter, M, shiny|100\/100\n|-ability|p1a: Calyrex|As One\n|-ability|p1a: Calyrex|Unnerve\n|turn|1\n|inactive|Battle timer is ON: inactive players will automatically lose when time's up. (requested by willitos2003)\n|\n|t:|1700846510\n|-terastallize|p2a: Haunter|Dark\n|move|p1a: Calyrex|Astral Barrage|p2a: Haunter\n|-resisted|p2a: Haunter\n|-damage|p2a: Haunter|39\/100\n|move|p2a: Haunter|Dark Pulse|p1a: Calyrex\n|-supereffective|p1a: Calyrex\n|-damage|p1a: Calyrex|0 fnt\n|faint|p1a: Calyrex\n|\n|upkeep\n|\n|t:|1700846522\n|switch|p1a: Ye|Arcanine-Hisui, M, shiny|100\/100\n|turn|2\n|\n|t:|1700846535\n|move|p2a: Haunter|Toxic Spikes|p1a: Ye\n|-sidestart|p1: YIPPEEEEEEEE|move: Toxic Spikes\n|move|p1a: Ye|Flare Blitz|p2a: Haunter\n|-damage|p2a: Haunter|0 fnt\n|faint|p2a: Haunter\n|\n|upkeep\n|inactive|willitos2003 has 120 seconds left.\n|\n|t:|1700846589\n|switch|p2a: Snorlax|Snorlax, M, shiny|100\/100\n|turn|3\n|-activate|p2a: Snorlax|item: Quick Claw\n|\n|t:|1700846595\n|move|p2a: Snorlax|Yawn|p1a: Ye\n|-start|p1a: Ye|move: Yawn|[of] p2a: Snorlax\n|move|p1a: Ye|Head Smash|p2a: Snorlax|[miss]\n|-miss|p1a: Ye|p2a: Snorlax\n|\n|upkeep\n|turn|4\n|\n|t:|1700846604\n|move|p1a: Ye|Head Smash|p2a: Snorlax\n|-damage|p2a: Snorlax|44\/100\n|move|p2a: Snorlax|Curse|p2a: Snorlax\n|-unboost|p2a: Snorlax|spe|1\n|-boost|p2a: Snorlax|atk|1\n|-boost|p2a: Snorlax|def|1\n|\n|-end|p1a: Ye|move: Yawn|[silent]\n|-status|p1a: Ye|slp\n|upkeep\n|turn|5\n|-activate|p2a: Snorlax|item: Quick Claw\n|\n|t:|1700846615\n|switch|p1a: Walking Wake|Walking Wake|100\/100\n|-status|p1a: Walking Wake|psn\n|-enditem|p1a: Walking Wake|Booster Energy\n|-activate|p1a: Walking Wake|ability: Protosynthesis|[fromitem]\n|-start|p1a: Walking Wake|protosynthesisspa\n|move|p2a: Snorlax|Earthquake|p1a: Walking Wake\n|-damage|p1a: Walking Wake|42\/100 psn\n|\n|-damage|p1a: Walking Wake|30\/100 psn|[from] psn\n|upkeep\n|turn|6\n|\n|t:|1700846628\n|move|p1a: Walking Wake|Dragon Pulse|p2a: Snorlax\n|-damage|p2a: Snorlax|5\/100\n|move|p2a: Snorlax|Body Slam|p1a: Walking Wake\n|-crit|p1a: Walking Wake\n|-damage|p1a: Walking Wake|0 fnt\n|faint|p1a: Walking Wake\n|-end|p1a: Walking Wake|Protosynthesis|[silent]\n|\n|upkeep\n|\n|t:|1700846638\n|switch|p1a: Gholdengo|Gholdengo|100\/100\n|turn|7\n|\n|t:|1700846647\n|move|p1a: Gholdengo|Dazzling Gleam|p2a: Snorlax\n|-damage|p2a: Snorlax|0 fnt\n|faint|p2a: Snorlax\n|\n|upkeep\n|\n|t:|1700846655\n|switch|p2a: Torterra|Torterra, F|100\/100\n|turn|8\n|\n|t:|1700846661\n|move|p1a: Gholdengo|Dazzling Gleam|p2a: Torterra\n|-damage|p2a: Torterra|54\/100\n|move|p2a: Torterra|Shell Smash|p2a: Torterra\n|-unboost|p2a: Torterra|def|1\n|-unboost|p2a: Torterra|spd|1\n|-boost|p2a: Torterra|atk|2\n|-boost|p2a: Torterra|spa|2\n|-boost|p2a: Torterra|spe|2\n|-enditem|p2a: Torterra|White Herb\n|-clearnegativeboost|p2a: Torterra|[silent]\n|\n|upkeep\n|turn|9\n|\n|t:|1700846671\n|move|p2a: Torterra|Earth Power|p1a: Gholdengo\n|-supereffective|p1a: Gholdengo\n|-damage|p1a: Gholdengo|0 fnt\n|faint|p1a: Gholdengo\n|\n|upkeep\n|\n|t:|1700846678\n|switch|p1a: Eternatus|Eternatus|100\/100\n|-sideend|p1: YIPPEEEEEEEE|move: Toxic Spikes|[of] p1a: Eternatus\n|-ability|p1a: Eternatus|Pressure\n|turn|10\n|\n|t:|1700846685\n|-terastallize|p1a: Eternatus|Dark\n|move|p2a: Torterra|Earth Power|p1a: Eternatus\n|-damage|p1a: Eternatus|34\/100\n|move|p1a: Eternatus|Dynamax Cannon|p2a: Torterra\n|-damage|p2a: Torterra|0 fnt\n|faint|p2a: Torterra\n|\n|upkeep\n|\n|t:|1700846701\n|switch|p2a: Regieleki|Regieleki|100\/100\n|turn|11\n|\n|t:|1700846706\n|move|p2a: Regieleki|Wild Charge|p1a: Eternatus\n|-damage|p1a: Eternatus|0 fnt\n|faint|p1a: Eternatus\n|-damage|p2a: Regieleki|89\/100|[from] Recoil\n|-damage|p2a: Regieleki|79\/100|[from] item: Life Orb\n|\n|upkeep\n|\n|t:|1700846713\n|switch|p1a: Roaring Moon|Roaring Moon|100\/100\n|-enditem|p1a: Roaring Moon|Booster Energy\n|-activate|p1a: Roaring Moon|ability: Protosynthesis|[fromitem]\n|-start|p1a: Roaring Moon|protosynthesisatk\n|turn|12\n|\n|t:|1700846721\n|move|p2a: Regieleki|Wild Charge|p1a: Roaring Moon\n|-resisted|p1a: Roaring Moon\n|-damage|p1a: Roaring Moon|61\/100\n|-damage|p2a: Regieleki|67\/100|[from] Recoil\n|-damage|p2a: Regieleki|57\/100|[from] item: Life Orb\n|move|p1a: Roaring Moon|Knock Off|p2a: Regieleki\n|-damage|p2a: Regieleki|0 fnt\n|-enditem|p2a: Regieleki|Life Orb|[from] move: Knock Off|[of] p1a: Roaring Moon\n|faint|p2a: Regieleki\n|\n|upkeep\n|\n|t:|1700846732\n|switch|p2a: Regidrago|Regidrago|100\/100\n|turn|13\n|\n|t:|1700846740\n|move|p1a: Roaring Moon|Knock Off|p2a: Regidrago\n|-damage|p2a: Regidrago|30\/100\n|-enditem|p2a: Regidrago|Focus Sash|[from] move: Knock Off|[of] p1a: Roaring Moon\n|move|p2a: Regidrago|Dragon Dance|p2a: Regidrago\n|-boost|p2a: Regidrago|atk|1\n|-boost|p2a: Regidrago|spe|1\n|\n|upkeep\n|turn|14\n|\n|t:|1700846751\n|move|p2a: Regidrago|Dragon Claw|p1a: Roaring Moon\n|-supereffective|p1a: Roaring Moon\n|-damage|p1a: Roaring Moon|0 fnt\n|faint|p1a: Roaring Moon\n|-end|p1a: Roaring Moon|Protosynthesis|[silent]\n|\n|upkeep\n|c|\u2606YIPPEEEEEEEE|Go to hell stupid fucking bastard with your fucking rehidrago\n|inactive|YIPPEEEEEEEE has 120 seconds left.\n|c|\u2606YIPPEEEEEEEE|*regi\n|-message|YIPPEEEEEEEE forfeited.\n|\n|win|willitos2003\n|raw|YIPPEEEEEEEE's rating: 1182 &rarr; <strong>1157<\/strong><br \/>(-25 for losing)\n|raw|willitos2003's rating: 1186 &rarr; <strong>1211<\/strong><br \/>(+25 for winning)\n|l|\u2606YIPPEEEEEEEE\n","uploadtime":1700846772,"views":0,"p1id":"yippeeeeeeee","p2id":"willitos2003","formatid":"gen9anythinggoes","rating":1157,"private":0,"password":""}