{"id":"gen9anythinggoes-1998640369","p1":"roblox coil sound","p2":"joshi123465","format":"[Gen 9] Anything Goes","log":"|j|\u2606roblox coil sound\n|j|\u2606joshi123465\n|t:|1700966370\n|gametype|singles\n|player|p1|roblox coil sound|valerie|1000\n|player|p2|joshi123465|steven|1101\n|teamsize|p1|6\n|teamsize|p2|6\n|gen|9\n|tier|[Gen 9] Anything Goes\n|rated|\n|rule|HP Percentage Mod: HP is shown in percentages\n|rule|Endless Battle Clause: Forcing endless battles is banned\n|clearpoke\n|poke|p1|Wattrel, L1, F|\n|poke|p1|Drifblim, M|\n|poke|p1|Espathra, M|\n|poke|p1|Flutter Mane|\n|poke|p1|Meowscarada, M|\n|poke|p1|Hatterene, F|\n|poke|p2|Ceruledge, M|\n|poke|p2|Iron Valiant|\n|poke|p2|Tauros-Paldea-Combat, M|\n|poke|p2|Zoroark-Hisui, M|\n|poke|p2|Sneasler, M|\n|poke|p2|Basculegion-F, F|\n|teampreview\n|\n|t:|1700966379\n|start\n|switch|p1a: grass|Meowscarada, M|100\/100\n|switch|p2a: Iron|Iron Valiant|100\/100\n|turn|1\n|\n|t:|1700966389\n|move|p1a: grass|Spikes|p2a: Iron\n|-start|p1a: grass|typechange|Ground|[from] ability: Protean\n|-sidestart|p2: joshi123465|Spikes\n|move|p2a: Iron|Flamethrower|p1a: grass\n|-damage|p1a: grass|57\/100\n|\n|upkeep\n|turn|2\n|inactive|Battle timer is ON: inactive players will automatically lose when time's up. (requested by roblox coil sound)\n|\n|t:|1700966400\n|move|p1a: grass|Spikes|p2a: Iron\n|-sidestart|p2: joshi123465|Spikes\n|move|p2a: Iron|Bitter Malice|p1a: grass\n|-damage|p1a: grass|6\/100\n|-unboost|p1a: grass|atk|1\n|\n|upkeep\n|turn|3\n|\n|t:|1700966417\n|switch|p2a: Iron|Iron Valiant|100\/100\n|-damage|p2a: Iron|84\/100|[from] Spikes\n|move|p1a: grass|Spikes|p2a: Iron\n|-sidestart|p2: joshi123465|Spikes\n|\n|upkeep\n|turn|4\n|\n|t:|1700966431\n|move|p1a: grass|Toxic Spikes|p2a: Iron\n|-sidestart|p2: joshi123465|move: Toxic Spikes\n|move|p2a: Iron|Skill Swap||[still]\n|-fail|p2a: Iron\n|\n|upkeep\n|turn|5\n|\n|t:|1700966441\n|move|p1a: grass|Toxic Spikes|p2a: Iron\n|-sidestart|p2: joshi123465|move: Toxic Spikes\n|move|p2a: Iron|Skill Swap||[still]\n|-fail|p2a: Iron\n|\n|upkeep\n|turn|6\n|\n|t:|1700966450\n|move|p1a: grass|Flower Trick|p2a: Iron\n|-crit|p2a: Iron\n|-damage|p2a: Iron|42\/100\n|move|p2a: Iron|Skill Swap||[still]\n|-fail|p2a: Iron\n|\n|upkeep\n|turn|7\n|\n|t:|1700966460\n|move|p1a: grass|Flower Trick|p2a: Iron\n|-crit|p2a: Iron\n|-damage|p2a: Iron|4\/100\n|move|p2a: Iron|Drain Punch|p1a: grass\n|-damage|p1a: grass|0 fnt\n|-heal|p2a: Iron|7\/100|[from] drain|[of] p1a: grass\n|faint|p1a: grass\n|\n|upkeep\n|\n|t:|1700966472\n|switch|p1a: Flutter Mane|Flutter Mane|100\/100\n|-enditem|p1a: Flutter Mane|Booster Energy\n|-activate|p1a: Flutter Mane|ability: Protosynthesis|[fromitem]\n|-start|p1a: Flutter Mane|protosynthesisspe\n|turn|8\n|\n|t:|1700966486\n|move|p1a: Flutter Mane|Moonblast|p2a: Iron\n|-supereffective|p2a: Iron\n|-damage|p2a: Iron|0 fnt\n|faint|p2a: Iron\n|-end|p2a: Iron|Quark Drive|[silent]\n|\n|upkeep\n|\n|t:|1700966492\n|switch|p2a: emo|Sneasler, M, shiny|100\/100\n|-damage|p2a: emo|76\/100|[from] Spikes\n|-sideend|p2: joshi123465|move: Toxic Spikes|[of] p2a: emo\n|turn|9\n|\n|t:|1700966504\n|move|p1a: Flutter Mane|Substitute|p1a: Flutter Mane\n|-start|p1a: Flutter Mane|Substitute\n|-damage|p1a: Flutter Mane|76\/100\n|move|p2a: emo|Fling|p1a: Flutter Mane\n|-activate|p1a: Flutter Mane|move: Substitute|[damage]\n|-enditem|p2a: emo|King's Rock|[from] move: Fling\n|\n|upkeep\n|turn|10\n|\n|t:|1700966516\n|move|p2a: emo|Dire Claw|p1a: Flutter Mane\n|-end|p1a: Flutter Mane|Substitute\n|move|p1a: Flutter Mane|Moonblast|p2a: emo\n|-damage|p2a: emo|19\/100\n|\n|upkeep\n|turn|11\n|\n|t:|1700966527\n|move|p2a: emo|Fling||[still]\n|-fail|p2a: emo\n|move|p1a: Flutter Mane|Moonblast|p2a: emo\n|-damage|p2a: emo|0 fnt\n|faint|p2a: emo\n|\n|upkeep\n|\n|t:|1700966533\n|switch|p2a: Tauros|Tauros-Paldea-Combat, M, shiny|100\/100\n|-damage|p2a: Tauros|76\/100|[from] Spikes\n|-ability|p2a: Tauros|Intimidate|boost\n|-unboost|p1a: Flutter Mane|atk|1\n|turn|12\n|\n|t:|1700966544\n|-terastallize|p2a: Tauros|Steel\n|move|p1a: Flutter Mane|Moonblast|p2a: Tauros\n|-resisted|p2a: Tauros\n|-crit|p2a: Tauros\n|-damage|p2a: Tauros|23\/100\n|move|p2a: Tauros|Tera Blast|p1a: Flutter Mane|[anim] Tera Blast Steel\n|-supereffective|p1a: Flutter Mane\n|-crit|p1a: Flutter Mane\n|-damage|p1a: Flutter Mane|0 fnt\n|faint|p1a: Flutter Mane\n|-end|p1a: Flutter Mane|Protosynthesis|[silent]\n|\n|upkeep\n|\n|t:|1700966552\n|switch|p1a: Drifblim|Drifblim, M|100\/100\n|turn|13\n|\n|t:|1700966559\n|move|p1a: Drifblim|Minimize|p1a: Drifblim\n|-boost|p1a: Drifblim|evasion|2\n|move|p2a: Tauros|Smart Strike|p1a: Drifblim\n|-damage|p1a: Drifblim|59\/100\n|\n|upkeep\n|turn|14\n|\n|t:|1700966567\n|switch|p2a: Tauros|Tauros-Paldea-Combat, M, shiny|100\/100\n|-damage|p2a: Tauros|75\/100|[from] Spikes\n|move|p1a: Drifblim|Minimize|p1a: Drifblim\n|-boost|p1a: Drifblim|evasion|2\n|\n|upkeep\n|-start|p2a: Tauros|typechange|Steel|[silent]\n|turn|15\n|\n|t:|1700966589\n|move|p1a: Drifblim|Minimize|p1a: Drifblim\n|-boost|p1a: Drifblim|evasion|2\n|move|p2a: Tauros|Flamethrower|p1a: Drifblim|[miss]\n|-miss|p2a: Tauros|p1a: Drifblim\n|\n|upkeep\n|turn|16\n|\n|t:|1700966612\n|move|p1a: Drifblim|Substitute|p1a: Drifblim\n|-start|p1a: Drifblim|Substitute\n|-damage|p1a: Drifblim|34\/100\n|move|p2a: Tauros|Sludge Bomb|p1a: Drifblim|[miss]\n|-miss|p2a: Tauros|p1a: Drifblim\n|\n|upkeep\n|turn|17\n|\n|t:|1700966618\n|move|p1a: Drifblim|Baton Pass|p1a: Drifblim\n|\n|t:|1700966620\n|switch|p1a: Espathra|Espathra, M|100\/100|[from] Baton Pass\n|move|p2a: Tauros|Flamethrower|p1a: Espathra|[miss]\n|-miss|p2a: Tauros|p1a: Espathra\n|\n|upkeep\n|turn|18\n|\n|t:|1700966634\n|switch|p2a: sicky|Basculegion-F, F, shiny|100\/100\n|-damage|p2a: sicky|75\/100|[from] Spikes\n|move|p1a: Espathra|Calm Mind|p1a: Espathra\n|-boost|p1a: Espathra|spa|1\n|-boost|p1a: Espathra|spd|1\n|\n|-ability|p1a: Espathra|Speed Boost|boost\n|-boost|p1a: Espathra|spe|1\n|upkeep\n|turn|19\n|\n|t:|1700966645\n|move|p1a: Espathra|Calm Mind|p1a: Espathra\n|-boost|p1a: Espathra|spa|1\n|-boost|p1a: Espathra|spd|1\n|move|p2a: sicky|Wave Crash|p1a: Espathra|[miss]\n|-miss|p2a: sicky|p1a: Espathra\n|\n|-ability|p1a: Espathra|Speed Boost|boost\n|-boost|p1a: Espathra|spe|1\n|upkeep\n|turn|20\n|\n|t:|1700966661\n|move|p1a: Espathra|Calm Mind|p1a: Espathra\n|-boost|p1a: Espathra|spa|1\n|-boost|p1a: Espathra|spd|1\n|move|p2a: sicky|Substitute|p2a: sicky\n|-start|p2a: sicky|Substitute\n|-damage|p2a: sicky|50\/100\n|\n|-ability|p1a: Espathra|Speed Boost|boost\n|-boost|p1a: Espathra|spe|1\n|upkeep\n|turn|21\n|\n|t:|1700966670\n|move|p1a: Espathra|Calm Mind|p1a: Espathra\n|-boost|p1a: Espathra|spa|1\n|-boost|p1a: Espathra|spd|1\n|move|p2a: sicky|Flip Turn|p1a: Espathra\n|-activate|p1a: Espathra|move: Substitute|[damage]\n|\n|t:|1700966678\n|switch|p2a: Tauros|Tauros-Paldea-Combat, M, shiny|75\/100|[from] Flip Turn\n|-damage|p2a: Tauros|50\/100|[from] Spikes\n|\n|-ability|p1a: Espathra|Speed Boost|boost\n|-boost|p1a: Espathra|spe|1\n|upkeep\n|turn|22\n|\n|t:|1700966706\n|switch|p2a: sharpy|Ceruledge, M|100\/100\n|-damage|p2a: sharpy|76\/100|[from] Spikes\n|move|p1a: Espathra|Protect||[still]\n|-fail|p1a: Espathra\n|\n|-ability|p1a: Espathra|Speed Boost|boost\n|-boost|p1a: Espathra|spe|1\n|upkeep\n|turn|23\n|\n|t:|1700966717\n|move|p1a: Espathra|Baton Pass|p1a: Espathra\n|\n|t:|1700966719\n|switch|p1a: Hatterene|Hatterene, F|100\/100|[from] Baton Pass\n|move|p2a: sharpy|Bitter Blade|p1a: Hatterene|[miss]\n|-miss|p2a: sharpy|p1a: Hatterene\n|\n|upkeep\n|turn|24\n|\n|t:|1700966737\n|-terastallize|p1a: Hatterene|Psychic\n|move|p1a: Hatterene|Stored Power|p2a: sharpy\n|-damage|p2a: sharpy|0 fnt\n|faint|p2a: sharpy\n|\n|upkeep\n|\n|t:|1700966745\n|switch|p2a: Tauros|Tauros-Paldea-Combat, M, shiny, tera:Steel|23\/100\n|-damage|p2a: Tauros|0 fnt|[from] Spikes\n|faint|p2a: Tauros\n|\n|t:|1700966749\n|switch|p2a: sicky|Basculegion-F, F, shiny|50\/100\n|-damage|p2a: sicky|25\/100|[from] Spikes\n|turn|25\n|\n|t:|1700966755\n|move|p1a: Hatterene|Stored Power|p2a: sicky\n|-damage|p2a: sicky|0 fnt\n|faint|p2a: sicky\n|\n|upkeep\n|\n|t:|1700966760\n|switch|p2a: Zoroark|Zoroark-Hisui, M, shiny|50\/100\n|-damage|p2a: Zoroark|25\/100|[from] Spikes\n|turn|26\n|\n|t:|1700966770\n|move|p1a: Hatterene|Stored Power|p2a: Zoroark\n|-damage|p2a: Zoroark|0 fnt\n|faint|p2a: Zoroark\n|\n|win|roblox coil sound\n|raw|roblox coil sound's rating: 1000 &rarr; <strong>1051<\/strong><br \/>(+51 for winning)\n|raw|joshi123465's rating: 1101 &rarr; <strong>1069<\/strong><br \/>(-32 for losing)\n|l|\u2606joshi123465\n|n|\u2606roblox coil sound|robloxcoilsound\n","uploadtime":1700966818,"views":19,"p1id":"robloxcoilsound","p2id":"joshi123465","formatid":"gen9anythinggoes","rating":1051,"private":0,"password":""}