{"id":"gen9anythinggoes-1981512232","p1":"TheHeroOfEyebrows","p2":"quaxli","format":"[Gen 9] Anything Goes","log":"|j|\u2606TheHeroOfEyebrows\n|j|\u203dquaxli\n|t:|1698909831\n|gametype|singles\n|player|p1|TheHeroOfEyebrows|ninjaboy|\n|player|p2|quaxli|brawly|\n|teamsize|p1|6\n|teamsize|p2|6\n|gen|9\n|tier|[Gen 9] Anything Goes\n|rule|HP Percentage Mod: HP is shown in percentages\n|rule|Endless Battle Clause: Forcing endless battles is banned\n|clearpoke\n|poke|p1|Calyrex-Shadow|\n|poke|p1|Zacian-*|\n|poke|p1|Ribombee, F|\n|poke|p1|Urshifu-*, M|\n|poke|p1|Koraidon|\n|poke|p1|Landorus, M|\n|poke|p2|Koraidon|\n|poke|p2|Miraidon|\n|poke|p2|Cloyster, M|\n|poke|p2|Zacian-*|\n|poke|p2|Toxapex, F|\n|poke|p2|Chien-Pao|\n|teampreview\n|inactive|Battle timer is ON: inactive players will automatically lose when time's up. (requested by quaxli)\n|inactive|TheHeroOfEyebrows also wants the timer to be on.\n|\n|t:|1698909860\n|start\n|switch|p1a: Urshifu|Urshifu-Rapid-Strike, M|100\/100\n|switch|p2a: Cloyster|Cloyster, M|100\/100\n|turn|1\n|\n|t:|1698909868\n|move|p1a: Urshifu|Close Combat|p2a: Cloyster\n|-supereffective|p2a: Cloyster\n|-enditem|p2a: Cloyster|Focus Sash\n|-damage|p2a: Cloyster|1\/100\n|-unboost|p1a: Urshifu|def|1\n|-unboost|p1a: Urshifu|spd|1\n|move|p2a: Cloyster|Shell Smash|p2a: Cloyster\n|-unboost|p2a: Cloyster|def|1\n|-unboost|p2a: Cloyster|spd|1\n|-boost|p2a: Cloyster|atk|2\n|-boost|p2a: Cloyster|spa|2\n|-boost|p2a: Cloyster|spe|2\n|\n|upkeep\n|turn|2\n|\n|t:|1698909878\n|move|p1a: Urshifu|Close Combat|p2a: Cloyster\n|-supereffective|p2a: Cloyster\n|-damage|p2a: Cloyster|0 fnt\n|-unboost|p1a: Urshifu|def|1\n|-unboost|p1a: Urshifu|spd|1\n|faint|p2a: Cloyster\n|\n|upkeep\n|\n|t:|1698909885\n|switch|p2a: Toxapex|Toxapex, F|100\/100\n|turn|3\n|\n|t:|1698909897\n|switch|p1a: Koraidon|Koraidon|100\/100\n|-weather|SunnyDay|[from] ability: Orichalcum Pulse|[of] p1a: Koraidon\n|-activate|p1a: Koraidon|Orichalcum Pulse|[source]\n|move|p2a: Toxapex|Toxic|p1a: Koraidon\n|-status|p1a: Koraidon|tox\n|\n|-weather|SunnyDay|[upkeep]\n|-damage|p1a: Koraidon|94\/100 tox|[from] psn\n|upkeep\n|turn|4\n|\n|t:|1698909908\n|move|p2a: Toxapex|Baneful Bunker|p2a: Toxapex\n|-singleturn|p2a: Toxapex|move: Protect\n|move|p1a: Koraidon|Swords Dance|p1a: Koraidon\n|-boost|p1a: Koraidon|atk|2\n|\n|-weather|SunnyDay|[upkeep]\n|-damage|p1a: Koraidon|82\/100 tox|[from] psn\n|upkeep\n|turn|5\n|\n|t:|1698909917\n|move|p1a: Koraidon|Scale Shot|p2a: Toxapex\n|-damage|p2a: Toxapex|79\/100\n|-damage|p2a: Toxapex|59\/100\n|-damage|p2a: Toxapex|36\/100\n|-damage|p2a: Toxapex|14\/100\n|-damage|p2a: Toxapex|0 fnt\n|faint|p2a: Toxapex\n|-hitcount|p2: Toxapex|5\n|-unboost|p1a: Koraidon|def|1\n|-boost|p1a: Koraidon|spe|1\n|\n|-weather|SunnyDay|[upkeep]\n|-damage|p1a: Koraidon|64\/100 tox|[from] psn\n|upkeep\n|\n|t:|1698909935\n|switch|p2a: Chien-Pao|Chien-Pao|100\/100\n|-ability|p2a: Chien-Pao|Sword of Ruin\n|turn|6\n|\n|t:|1698909940\n|move|p1a: Koraidon|Scale Shot|p2a: Chien-Pao\n|-damage|p2a: Chien-Pao|51\/100\n|-damage|p2a: Chien-Pao|0 fnt\n|faint|p2a: Chien-Pao\n|-hitcount|p2: Chien-Pao|2\n|-unboost|p1a: Koraidon|def|1\n|-boost|p1a: Koraidon|spe|1\n|\n|-weather|SunnyDay|[upkeep]\n|-damage|p1a: Koraidon|39\/100 tox|[from] psn\n|upkeep\n|\n|t:|1698909946\n|switch|p2a: Zacian|Zacian-Crowned|100\/100\n|-ability|p2a: Zacian|Intrepid Sword|boost\n|-boost|p2a: Zacian|atk|1\n|turn|7\n|\n|t:|1698909952\n|move|p1a: Koraidon|Flare Blitz|p2a: Zacian\n|-supereffective|p2a: Zacian\n|-damage|p2a: Zacian|0 fnt\n|faint|p2a: Zacian\n|-damage|p1a: Koraidon|8\/100 tox|[from] Recoil\n|\n|-weather|none\n|-damage|p1a: Koraidon|0 fnt|[from] psn\n|faint|p1a: Koraidon\n|upkeep\n|\n|t:|1698909962\n|switch|p2a: Miraidon|Miraidon|100\/100\n|switch|p1a: Ribombee|Ribombee, F|100\/100\n|-fieldstart|move: Electric Terrain|[from] ability: Hadron Engine|[of] p2a: Miraidon\n|turn|8\n|\n|t:|1698909971\n|-terastallize|p2a: Miraidon|Electric\n|move|p2a: Miraidon|Calm Mind|p2a: Miraidon\n|-boost|p2a: Miraidon|spa|1\n|-boost|p2a: Miraidon|spd|1\n|move|p1a: Ribombee|Moonblast|p2a: Miraidon\n|-damage|p2a: Miraidon|75\/100\n|\n|upkeep\n|turn|9\n|\n|t:|1698909980\n|move|p2a: Miraidon|Agility|p2a: Miraidon\n|-boost|p2a: Miraidon|spe|2\n|move|p1a: Ribombee|Stun Spore|p2a: Miraidon\n|-immune|p2a: Miraidon\n|\n|upkeep\n|turn|10\n|\n|t:|1698909989\n|move|p2a: Miraidon|Parabolic Charge|p1a: Ribombee\n|-enditem|p1a: Ribombee|Focus Sash\n|-damage|p1a: Ribombee|1\/100\n|-heal|p2a: Miraidon|100\/100|[from] drain|[of] p1a: Ribombee\n|move|p1a: Ribombee|Tailwind|p1a: Ribombee\n|-sidestart|p1: TheHeroOfEyebrows|move: Tailwind\n|\n|upkeep\n|turn|11\n|\n|t:|1698909998\n|move|p2a: Miraidon|Agility|p2a: Miraidon\n|-boost|p2a: Miraidon|spe|2\n|move|p1a: Ribombee|Sticky Web|p2a: Miraidon\n|-sidestart|p2: quaxli|move: Sticky Web\n|\n|upkeep\n|turn|12\n|\n|t:|1698910007\n|move|p2a: Miraidon|Parabolic Charge|p1a: Ribombee\n|-crit|p1a: Ribombee\n|-damage|p1a: Ribombee|0 fnt\n|faint|p1a: Ribombee\n|\n|-fieldend|move: Electric Terrain\n|upkeep\n|\n|t:|1698910012\n|switch|p1a: Landorus|Landorus, M|100\/100\n|turn|13\n|\n|t:|1698910028\n|-terastallize|p1a: Landorus|Steel\n|move|p2a: Miraidon|Dragon Pulse|p1a: Landorus\n|-resisted|p1a: Landorus\n|-damage|p1a: Landorus|51\/100\n|move|p1a: Landorus|Earth Power|p2a: Miraidon\n|-supereffective|p2a: Miraidon\n|-damage|p2a: Miraidon|27\/100\n|\n|-sideend|p1: TheHeroOfEyebrows|move: Tailwind\n|upkeep\n|turn|14\n|\n|t:|1698910040\n|move|p2a: Miraidon|Parabolic Charge|p1a: Landorus\n|-damage|p1a: Landorus|0 fnt\n|-heal|p2a: Miraidon|50\/100|[from] drain|[of] p1a: Landorus\n|faint|p1a: Landorus\n|\n|upkeep\n|\n|t:|1698910053\n|switch|p1a: Zacian|Zacian-Crowned|100\/100\n|-ability|p1a: Zacian|Intrepid Sword|boost\n|-boost|p1a: Zacian|atk|1\n|-enditem|p2a: Miraidon|Mirror Herb\n|-boost|p2a: Miraidon|atk|1|[from] item: Mirror Herb\n|turn|15\n|\n|t:|1698910070\n|move|p2a: Miraidon|Parabolic Charge|p1a: Zacian\n|-damage|p1a: Zacian|32\/100\n|-heal|p2a: Miraidon|83\/100|[from] drain|[of] p1a: Zacian\n|move|p1a: Zacian|Behemoth Blade|p2a: Miraidon\n|-resisted|p2a: Miraidon\n|-damage|p2a: Miraidon|43\/100\n|\n|upkeep\n|turn|16\n|\n|t:|1698910078\n|move|p2a: Miraidon|Parabolic Charge|p1a: Zacian\n|-damage|p1a: Zacian|0 fnt\n|-heal|p2a: Miraidon|58\/100|[from] drain|[of] p1a: Zacian\n|faint|p1a: Zacian\n|\n|upkeep\n|\n|t:|1698910090\n|switch|p1a: Calyrex|Calyrex-Shadow|100\/100\n|-ability|p1a: Calyrex|As One\n|-ability|p1a: Calyrex|Unnerve\n|turn|17\n|\n|t:|1698910098\n|move|p2a: Miraidon|Parabolic Charge|p1a: Calyrex\n|-damage|p1a: Calyrex|30\/100\n|-heal|p2a: Miraidon|94\/100|[from] drain|[of] p1a: Calyrex\n|move|p1a: Calyrex|Astral Barrage|p2a: Miraidon\n|-damage|p2a: Miraidon|49\/100\n|\n|-heal|p1a: Calyrex|36\/100|[from] item: Leftovers\n|upkeep\n|turn|18\n|\n|t:|1698910107\n|move|p2a: Miraidon|Parabolic Charge|p1a: Calyrex\n|-damage|p1a: Calyrex|0 fnt\n|-heal|p2a: Miraidon|66\/100|[from] drain|[of] p1a: Calyrex\n|faint|p1a: Calyrex\n|\n|upkeep\n|\n|t:|1698910112\n|switch|p1a: Urshifu|Urshifu-Rapid-Strike, M|100\/100\n|turn|19\n|\n|t:|1698910118\n|move|p2a: Miraidon|Parabolic Charge|p1a: Urshifu\n|-supereffective|p1a: Urshifu\n|-damage|p1a: Urshifu|0 fnt\n|-heal|p2a: Miraidon|100\/100|[from] drain|[of] p1a: Urshifu\n|faint|p1a: Urshifu\n|\n|win|quaxli\n|l|\u2606TheHeroOfEyebrows\n","uploadtime":1698910125,"views":11,"p1id":"theheroofeyebrows","p2id":"quaxli","formatid":"gen9anythinggoes","rating":0,"private":0,"password":""}