{"id":"gen9anythinggoes-1991365790","p1":"Foreback","p2":"eurybie","format":"[Gen 9] Anything Goes","log":"|j|\u2606Foreback\n|j|\u2606eurybie\n|t:|1700071096\n|gametype|singles\n|player|p1|Foreback|265|1641\n|player|p2|eurybie|102|1893\n|teamsize|p1|6\n|teamsize|p2|6\n|gen|9\n|tier|[Gen 9] Anything Goes\n|rated|\n|rule|HP Percentage Mod: HP is shown in percentages\n|rule|Endless Battle Clause: Forcing endless battles is banned\n|clearpoke\n|poke|p1|Calyrex-Shadow|\n|poke|p1|Ting-Lu|\n|poke|p1|Kyogre|\n|poke|p1|Koraidon|\n|poke|p1|Shaymin-Sky|\n|poke|p1|Arceus|\n|poke|p2|Miraidon|\n|poke|p2|Grimmsnarl, M|\n|poke|p2|Skeledirge, M|\n|poke|p2|Blissey, F|\n|poke|p2|Moltres|\n|poke|p2|Wo-Chien|\n|teampreview\n|\n|t:|1700071109\n|start\n|switch|p1a: Arceus|Arceus|100\/100\n|switch|p2a: Miraidon|Miraidon|100\/100\n|-fieldstart|move: Electric Terrain|[from] ability: Hadron Engine|[of] p2a: Miraidon\n|turn|1\n|\n|t:|1700071121\n|switch|p1a: Ting-Lu|Ting-Lu|100\/100\n|-ability|p1a: Ting-Lu|Vessel of Ruin\n|move|p2a: Miraidon|U-turn|p1a: Ting-Lu\n|-supereffective|p1a: Ting-Lu\n|-damage|p1a: Ting-Lu|86\/100\n|\n|t:|1700071137\n|switch|p2a: Moltres|Moltres|100\/100|[from] U-turn\n|\n|-heal|p1a: Ting-Lu|93\/100|[from] item: Leftovers\n|upkeep\n|turn|2\n|\n|t:|1700071143\n|move|p2a: Moltres|Will-O-Wisp|p1a: Ting-Lu\n|-status|p1a: Ting-Lu|brn\n|move|p1a: Ting-Lu|Stealth Rock|p2a: Moltres\n|-sidestart|p2: eurybie|move: Stealth Rock\n|\n|-heal|p1a: Ting-Lu|99\/100 brn|[from] item: Leftovers\n|-damage|p1a: Ting-Lu|93\/100 brn|[from] brn\n|upkeep\n|turn|3\n|\n|t:|1700071152\n|move|p2a: Moltres|U-turn|p1a: Ting-Lu\n|-supereffective|p1a: Ting-Lu\n|-damage|p1a: Ting-Lu|78\/100 brn\n|\n|t:|1700071157\n|switch|p2a: Wo-Chien|Wo-Chien|100\/100|[from] U-turn\n|-ability|p2a: Wo-Chien|Tablets of Ruin\n|move|p1a: Ting-Lu|Whirlwind|p2a: Wo-Chien\n|drag|p2a: Skeledirge|Skeledirge, M|100\/100\n|\n|-heal|p1a: Ting-Lu|84\/100 brn|[from] item: Leftovers\n|-damage|p1a: Ting-Lu|78\/100 brn|[from] brn\n|upkeep\n|turn|4\n|\n|t:|1700071179\n|switch|p2a: Moltres|Moltres|100\/100\n|move|p1a: Ting-Lu|Earthquake|p2a: Moltres\n|-immune|p2a: Moltres\n|\n|-heal|p1a: Ting-Lu|84\/100 brn|[from] item: Leftovers\n|-damage|p1a: Ting-Lu|78\/100 brn|[from] brn\n|upkeep\n|turn|5\n|\n|t:|1700071191\n|move|p2a: Moltres|U-turn|p1a: Ting-Lu\n|-supereffective|p1a: Ting-Lu\n|-damage|p1a: Ting-Lu|62\/100 brn\n|\n|t:|1700071195\n|switch|p2a: Wo-Chien|Wo-Chien|100\/100|[from] U-turn\n|-ability|p2a: Wo-Chien|Tablets of Ruin\n|move|p1a: Ting-Lu|Throat Chop|p2a: Wo-Chien\n|-resisted|p2a: Wo-Chien\n|-damage|p2a: Wo-Chien|96\/100\n|-start|p2a: Wo-Chien|Throat Chop|[silent]\n|\n|-heal|p1a: Ting-Lu|68\/100 brn|[from] item: Leftovers\n|-damage|p1a: Ting-Lu|62\/100 brn|[from] brn\n|-fieldend|move: Electric Terrain\n|upkeep\n|turn|6\n|\n|t:|1700071206\n|switch|p1a: Shaymin|Shaymin-Sky|100\/100\n|move|p2a: Wo-Chien|Knock Off|p1a: Shaymin\n|-damage|p1a: Shaymin|61\/100\n|-enditem|p1a: Shaymin|Choice Scarf|[from] move: Knock Off|[of] p2a: Wo-Chien\n|\n|-end|p2a: Wo-Chien|Throat Chop|[silent]\n|upkeep\n|turn|7\n|\n|t:|1700071214\n|switch|p2a: Blissey|Blissey, F|100\/100\n|move|p1a: Shaymin|Air Slash|p2a: Blissey\n|-damage|p2a: Blissey|90\/100\n|\n|upkeep\n|turn|8\n|\n|t:|1700071219\n|switch|p1a: Koraidon|Koraidon|100\/100\n|-weather|SunnyDay|[from] ability: Orichalcum Pulse|[of] p1a: Koraidon\n|-activate|p1a: Koraidon|Orichalcum Pulse|[source]\n|move|p2a: Blissey|Stealth Rock|p1a: Koraidon\n|-sidestart|p1: Foreback|move: Stealth Rock\n|\n|-weather|SunnyDay|[upkeep]\n|upkeep\n|turn|9\n|\n|t:|1700071231\n|switch|p1a: Kyogre|Kyogre|100\/100\n|-damage|p1a: Kyogre|88\/100|[from] Stealth Rock\n|-weather|RainDance|[from] ability: Drizzle|[of] p1a: Kyogre\n|switch|p2a: Moltres|Moltres|100\/100\n|\n|-weather|RainDance|[upkeep]\n|-heal|p1a: Kyogre|94\/100|[from] item: Leftovers\n|upkeep\n|turn|10\n|\n|t:|1700071241\n|switch|p2a: Blissey|Blissey, F|90\/100\n|move|p1a: Kyogre|Chilling Water|p2a: Blissey\n|-damage|p2a: Blissey|77\/100\n|-unboost|p2a: Blissey|atk|1\n|\n|-weather|RainDance|[upkeep]\n|-heal|p1a: Kyogre|100\/100|[from] item: Leftovers\n|upkeep\n|turn|11\n|\n|t:|1700071250\n|switch|p1a: Arceus|Arceus|100\/100\n|-damage|p1a: Arceus|88\/100|[from] Stealth Rock\n|move|p2a: Blissey|Seismic Toss|p1a: Arceus\n|-damage|p1a: Arceus|66\/100\n|\n|-weather|RainDance|[upkeep]\n|-heal|p1a: Arceus|72\/100|[from] item: Leftovers\n|upkeep\n|turn|12\n|\n|t:|1700071259\n|switch|p2a: Moltres|Moltres|100\/100\n|move|p1a: Arceus|Substitute|p1a: Arceus\n|-start|p1a: Arceus|Substitute\n|-damage|p1a: Arceus|47\/100\n|\n|-weather|RainDance|[upkeep]\n|-heal|p1a: Arceus|53\/100|[from] item: Leftovers\n|upkeep\n|turn|13\n|\n|t:|1700071267\n|move|p1a: Arceus|Swords Dance|p1a: Arceus\n|-boost|p1a: Arceus|atk|2\n|move|p2a: Moltres|U-turn|p1a: Arceus\n|-activate|p1a: Arceus|move: Substitute|[damage]\n|\n|t:|1700071275\n|switch|p2a: Skeledirge|Skeledirge, M|100\/100|[from] U-turn\n|\n|-weather|none\n|-heal|p1a: Arceus|59\/100|[from] item: Leftovers\n|upkeep\n|turn|14\n|\n|t:|1700071280\n|move|p1a: Arceus|Swords Dance|p1a: Arceus\n|-boost|p1a: Arceus|atk|2\n|move|p2a: Skeledirge|Torch Song|p1a: Arceus\n|-damage|p1a: Arceus|37\/100\n|-boost|p2a: Skeledirge|spa|1\n|\n|-heal|p1a: Arceus|43\/100|[from] item: Leftovers\n|upkeep\n|turn|15\n|\n|t:|1700071289\n|move|p1a: Arceus|Outrage|p2a: Skeledirge\n|-damage|p2a: Skeledirge|74\/100\n|move|p2a: Skeledirge|Torch Song|p1a: Arceus\n|-damage|p1a: Arceus|16\/100\n|-boost|p2a: Skeledirge|spa|1\n|\n|-heal|p1a: Arceus|22\/100|[from] item: Leftovers\n|upkeep\n|turn|16\n|\n|t:|1700071298\n|move|p1a: Arceus|Outrage|p2a: Skeledirge|[from]lockedmove\n|-damage|p2a: Skeledirge|48\/100\n|-start|p1a: Arceus|confusion|[fatigue]\n|move|p2a: Skeledirge|Slack Off|p2a: Skeledirge\n|-heal|p2a: Skeledirge|98\/100\n|\n|-heal|p1a: Arceus|28\/100|[from] item: Leftovers\n|upkeep\n|turn|17\n|\n|t:|1700071308\n|switch|p1a: Kyogre|Kyogre|100\/100\n|-damage|p1a: Kyogre|88\/100|[from] Stealth Rock\n|-weather|RainDance|[from] ability: Drizzle|[of] p1a: Kyogre\n|move|p2a: Skeledirge|Will-O-Wisp|p1a: Kyogre\n|-status|p1a: Kyogre|brn\n|\n|-weather|RainDance|[upkeep]\n|-heal|p1a: Kyogre|94\/100 brn|[from] item: Leftovers\n|-damage|p1a: Kyogre|88\/100 brn|[from] brn\n|upkeep\n|turn|18\n|\n|t:|1700071320\n|switch|p1a: Koraidon|Koraidon|100\/100\n|-damage|p1a: Koraidon|94\/100|[from] Stealth Rock\n|-weather|SunnyDay|[from] ability: Orichalcum Pulse|[of] p1a: Koraidon\n|-activate|p1a: Koraidon|Orichalcum Pulse|[source]\n|switch|p2a: Blissey|Blissey, F|77\/100\n|\n|-weather|SunnyDay|[upkeep]\n|upkeep\n|turn|19\n|\n|t:|1700071329\n|switch|p2a: Moltres|Moltres|100\/100\n|move|p1a: Koraidon|U-turn|p2a: Moltres\n|-resisted|p2a: Moltres\n|-damage|p2a: Moltres|95\/100\n|-status|p1a: Koraidon|brn|[from] ability: Flame Body|[of] p2a: Moltres\n|\n|t:|1700071334\n|switch|p1a: Calyrex|Calyrex-Shadow|100\/100|[from] U-turn\n|-ability|p1a: Calyrex|As One\n|-ability|p1a: Calyrex|Unnerve\n|-damage|p1a: Calyrex|88\/100|[from] Stealth Rock\n|\n|-weather|SunnyDay|[upkeep]\n|upkeep\n|turn|20\n|\n|t:|1700071343\n|switch|p2a: Grimmsnarl|Grimmsnarl, M|100\/100\n|move|p1a: Calyrex|Astral Barrage|p2a: Grimmsnarl\n|-resisted|p2a: Grimmsnarl\n|-damage|p2a: Grimmsnarl|62\/100\n|\n|-weather|SunnyDay|[upkeep]\n|upkeep\n|turn|21\n|\n|t:|1700071351\n|-terastallize|p1a: Calyrex|Fairy\n|move|p1a: Calyrex|Astral Barrage|p2a: Grimmsnarl\n|-resisted|p2a: Grimmsnarl\n|-damage|p2a: Grimmsnarl|20\/100\n|move|p2a: Grimmsnarl|Spirit Break|p1a: Calyrex\n|-damage|p1a: Calyrex|48\/100\n|-unboost|p1a: Calyrex|spa|1\n|\n|-weather|SunnyDay|[upkeep]\n|upkeep\n|turn|22\n|\n|t:|1700071362\n|move|p2a: Grimmsnarl|Thunder Wave|p1a: Calyrex\n|-status|p1a: Calyrex|par\n|move|p1a: Calyrex|Astral Barrage|p2a: Grimmsnarl\n|-resisted|p2a: Grimmsnarl\n|-damage|p2a: Grimmsnarl|0 fnt\n|faint|p2a: Grimmsnarl\n|-ability|p1a: Calyrex|Grim Neigh|boost\n|-boost|p1a: Calyrex|spa|1\n|\n|-weather|none\n|upkeep\n|\n|t:|1700071373\n|switch|p2a: Miraidon|Miraidon|100\/100\n|-fieldstart|move: Electric Terrain|[from] ability: Hadron Engine|[of] p2a: Miraidon\n|turn|23\n|\n|t:|1700071377\n|switch|p1a: Ting-Lu|Ting-Lu|62\/100 brn\n|-damage|p1a: Ting-Lu|56\/100 brn|[from] Stealth Rock\n|-ability|p1a: Ting-Lu|Vessel of Ruin\n|move|p2a: Miraidon|Electro Drift|p1a: Ting-Lu\n|-immune|p1a: Ting-Lu\n|\n|-heal|p1a: Ting-Lu|62\/100 brn|[from] item: Leftovers\n|-damage|p1a: Ting-Lu|56\/100 brn|[from] brn\n|upkeep\n|turn|24\n|\n|t:|1700071389\n|move|p2a: Miraidon|U-turn|p1a: Ting-Lu\n|-supereffective|p1a: Ting-Lu\n|-damage|p1a: Ting-Lu|42\/100 brn\n|\n|t:|1700071393\n|switch|p2a: Wo-Chien|Wo-Chien|96\/100|[from] U-turn\n|-ability|p2a: Wo-Chien|Tablets of Ruin\n|move|p1a: Ting-Lu|Earthquake|p2a: Wo-Chien\n|-resisted|p2a: Wo-Chien\n|-damage|p2a: Wo-Chien|89\/100\n|\n|-heal|p1a: Ting-Lu|48\/100 brn|[from] item: Leftovers\n|-damage|p1a: Ting-Lu|42\/100 brn|[from] brn\n|upkeep\n|turn|25\n|\n|t:|1700071403\n|switch|p1a: Shaymin|Shaymin-Sky|61\/100\n|-damage|p1a: Shaymin|36\/100|[from] Stealth Rock\n|move|p2a: Wo-Chien|Giga Drain|p1a: Shaymin\n|-resisted|p1a: Shaymin\n|-damage|p1a: Shaymin|27\/100\n|-heal|p2a: Wo-Chien|94\/100|[from] drain|[of] p1a: Shaymin\n|\n|upkeep\n|turn|26\n|\n|t:|1700071413\n|switch|p2a: Blissey|Blissey, F|77\/100\n|move|p1a: Shaymin|Healing Wish|p1a: Shaymin\n|faint|p1a: Shaymin\n|\n|upkeep\n|\n|t:|1700071415\n|switch|p1a: Calyrex|Calyrex-Shadow, tera:Fairy|48\/100 par\n|-ability|p1a: Calyrex|As One\n|-ability|p1a: Calyrex|Unnerve\n|-heal|p1a: Calyrex|100\/100|[from] move: Healing Wish\n|-damage|p1a: Calyrex|88\/100|[from] Stealth Rock\n|turn|27\n|\n|t:|1700071424\n|switch|p2a: Wo-Chien|Wo-Chien|94\/100\n|-ability|p2a: Wo-Chien|Tablets of Ruin\n|move|p1a: Calyrex|Psyshock|p2a: Wo-Chien\n|-immune|p2a: Wo-Chien\n|\n|-fieldend|move: Electric Terrain\n|upkeep\n|turn|28\n|\n|t:|1700071439\n|switch|p1a: Koraidon|Koraidon|94\/100 brn\n|-damage|p1a: Koraidon|88\/100 brn|[from] Stealth Rock\n|-weather|SunnyDay|[from] ability: Orichalcum Pulse|[of] p1a: Koraidon\n|-activate|p1a: Koraidon|Orichalcum Pulse|[source]\n|move|p2a: Wo-Chien|Giga Drain|p1a: Koraidon\n|-resisted|p1a: Koraidon\n|-damage|p1a: Koraidon|71\/100 brn\n|-heal|p2a: Wo-Chien|100\/100|[from] drain|[of] p1a: Koraidon\n|\n|-weather|SunnyDay|[upkeep]\n|-damage|p1a: Koraidon|65\/100 brn|[from] brn\n|upkeep\n|turn|29\n|\n|t:|1700071451\n|switch|p2a: Moltres|Moltres|95\/100\n|move|p1a: Koraidon|U-turn|p2a: Moltres\n|-resisted|p2a: Moltres\n|-damage|p2a: Moltres|92\/100\n|\n|t:|1700071456\n|switch|p1a: Kyogre|Kyogre|88\/100 brn|[from] U-turn\n|-damage|p1a: Kyogre|76\/100 brn|[from] Stealth Rock\n|-weather|RainDance|[from] ability: Drizzle|[of] p1a: Kyogre\n|\n|-weather|RainDance|[upkeep]\n|-heal|p1a: Kyogre|82\/100 brn|[from] item: Leftovers\n|-damage|p1a: Kyogre|76\/100 brn|[from] brn\n|upkeep\n|turn|30\n|\n|t:|1700071466\n|switch|p2a: Blissey|Blissey, F|77\/100\n|switch|p1a: Koraidon|Koraidon|65\/100 brn\n|-damage|p1a: Koraidon|59\/100 brn|[from] Stealth Rock\n|-weather|SunnyDay|[from] ability: Orichalcum Pulse|[of] p1a: Koraidon\n|-activate|p1a: Koraidon|Orichalcum Pulse|[source]\n|\n|-weather|SunnyDay|[upkeep]\n|-damage|p1a: Koraidon|53\/100 brn|[from] brn\n|upkeep\n|turn|31\n|\n|t:|1700071476\n|switch|p2a: Moltres|Moltres|92\/100\n|move|p1a: Koraidon|U-turn|p2a: Moltres\n|-resisted|p2a: Moltres\n|-damage|p2a: Moltres|89\/100\n|\n|t:|1700071478\n|switch|p1a: Calyrex|Calyrex-Shadow, tera:Fairy|88\/100|[from] U-turn\n|-ability|p1a: Calyrex|As One\n|-ability|p1a: Calyrex|Unnerve\n|-damage|p1a: Calyrex|76\/100|[from] Stealth Rock\n|\n|-weather|SunnyDay|[upkeep]\n|upkeep\n|turn|32\n|\n|t:|1700071489\n|switch|p2a: Wo-Chien|Wo-Chien|100\/100\n|-ability|p2a: Wo-Chien|Tablets of Ruin\n|move|p1a: Calyrex|Psyshock|p2a: Wo-Chien\n|-immune|p2a: Wo-Chien\n|\n|-weather|SunnyDay|[upkeep]\n|upkeep\n|turn|33\n|\n|t:|1700071500\n|switch|p1a: Koraidon|Koraidon|53\/100 brn\n|-damage|p1a: Koraidon|47\/100 brn|[from] Stealth Rock\n|-activate|p1a: Koraidon|ability: Orichalcum Pulse\n|move|p2a: Wo-Chien|Seed Bomb|p1a: Koraidon\n|-resisted|p1a: Koraidon\n|-damage|p1a: Koraidon|34\/100 brn\n|\n|-weather|SunnyDay|[upkeep]\n|-damage|p1a: Koraidon|28\/100 brn|[from] brn\n|upkeep\n|turn|34\n|\n|t:|1700071513\n|switch|p2a: Moltres|Moltres|89\/100\n|move|p1a: Koraidon|Flare Blitz|p2a: Moltres\n|-resisted|p2a: Moltres\n|-damage|p2a: Moltres|73\/100\n|-damage|p1a: Koraidon|22\/100 brn|[from] Recoil\n|\n|-weather|none\n|-damage|p1a: Koraidon|16\/100 brn|[from] brn\n|upkeep\n|turn|35\n|\n|t:|1700071523\n|switch|p1a: Kyogre|Kyogre|76\/100 brn\n|-damage|p1a: Kyogre|63\/100 brn|[from] Stealth Rock\n|-weather|RainDance|[from] ability: Drizzle|[of] p1a: Kyogre\n|move|p2a: Moltres|U-turn|p1a: Kyogre\n|-damage|p1a: Kyogre|50\/100 brn\n|\n|t:|1700071533\n|switch|p2a: Miraidon|Miraidon|100\/100|[from] U-turn\n|-fieldstart|move: Electric Terrain|[from] ability: Hadron Engine|[of] p2a: Miraidon\n|\n|-weather|RainDance|[upkeep]\n|-heal|p1a: Kyogre|56\/100 brn|[from] item: Leftovers\n|-damage|p1a: Kyogre|50\/100 brn|[from] brn\n|upkeep\n|turn|36\n|\n|t:|1700071552\n|move|p2a: Miraidon|Electro Drift|p1a: Kyogre\n|-supereffective|p1a: Kyogre\n|-damage|p1a: Kyogre|0 fnt\n|faint|p1a: Kyogre\n|\n|-weather|RainDance|[upkeep]\n|upkeep\n|-message|Foreback forfeited.\n|\n|win|eurybie\n|raw|Foreback's rating: 1641 &rarr; <strong>1633<\/strong><br \/>(-8 for losing)\n|raw|eurybie's rating: 1893 &rarr; <strong>1901<\/strong><br \/>(+8 for winning)\n|l|\u2606Foreback\n","uploadtime":1700071563,"views":13,"p1id":"foreback","p2id":"eurybie","formatid":"gen9anythinggoes","rating":1633,"private":0,"password":""}