{"id":"gen9anythinggoes-1981238276","p1":"Cloddie","p2":"Moja93","format":"[Gen 9] Anything Goes","log":"|j|\u2606Cloddie\n|j|\u2606Moja93\n|t:|1698875256\n|gametype|singles\n|player|p1|Cloddie|lady|1097\n|player|p2|Moja93|1|1103\n|teamsize|p1|6\n|teamsize|p2|6\n|gen|9\n|tier|[Gen 9] Anything Goes\n|rated|\n|rule|HP Percentage Mod: HP is shown in percentages\n|rule|Endless Battle Clause: Forcing endless battles is banned\n|clearpoke\n|poke|p1|Ribombee, M|\n|poke|p1|Glimmora, M|\n|poke|p1|Hippowdon, F|\n|poke|p1|Ditto|\n|poke|p1|Manaphy|\n|poke|p1|Morpeko, F|\n|poke|p2|Zoroark, F|\n|poke|p2|Zoroark-Hisui, F|\n|poke|p2|Zoroark, F|\n|poke|p2|Zoroark-Hisui, F|\n|poke|p2|Zoroark, F|\n|poke|p2|Conkeldurr, M|\n|teampreview\n|\n|t:|1698875268\n|start\n|switch|p1a: Ribombee|Ribombee, M|100\/100\n|switch|p2a: Conkeldurr|Conkeldurr, M|100\/100\n|turn|1\n|c|\u2606Cloddie|sus\n|\n|t:|1698875280\n|move|p2a: Conkeldurr|Protect|p2a: Conkeldurr\n|-singleturn|p2a: Conkeldurr|Protect\n|move|p1a: Ribombee|Sticky Web|p2a: Conkeldurr\n|-sidestart|p2: Moja93|move: Sticky Web\n|\n|upkeep\n|turn|2\n|\n|t:|1698875287\n|move|p1a: Ribombee|Quiver Dance|p1a: Ribombee\n|-boost|p1a: Ribombee|spa|1\n|-boost|p1a: Ribombee|spd|1\n|-boost|p1a: Ribombee|spe|1\n|move|p2a: Conkeldurr|Dark Pulse|p1a: Ribombee\n|-resisted|p1a: Ribombee\n|-damage|p1a: Ribombee|78\/100\n|\n|upkeep\n|turn|3\n|\n|t:|1698875298\n|move|p1a: Ribombee|Moonblast|p2a: Conkeldurr\n|-supereffective|p2a: Conkeldurr\n|-damage|p2a: Conkeldurr|0 fnt\n|replace|p2a: Zoroark|Zoroark, F\n|-end|p2a: Zoroark|Illusion\n|faint|p2a: Zoroark\n|\n|upkeep\n|\n|t:|1698875313\n|switch|p2a: Conkeldurr|Conkeldurr, M|100\/100\n|-activate|p2a: Conkeldurr|move: Sticky Web\n|-unboost|p2a: Conkeldurr|spe|1\n|turn|4\n|\n|t:|1698875323\n|move|p1a: Ribombee|Moonblast|p2a: Conkeldurr\n|-supereffective|p2a: Conkeldurr\n|-enditem|p2a: Conkeldurr|Focus Sash\n|-damage|p2a: Conkeldurr|1\/100\n|replace|p2a: Zoroark|Zoroark, F\n|-end|p2a: Zoroark|Illusion\n|move|p2a: Zoroark|Substitute|p2a: Zoroark\n|-fail|p2a: Zoroark|move: Substitute|[weak]\n|\n|upkeep\n|turn|5\n|\n|t:|1698875332\n|move|p1a: Ribombee|Moonblast|p2a: Zoroark\n|-supereffective|p2a: Zoroark\n|-damage|p2a: Zoroark|0 fnt\n|faint|p2a: Zoroark\n|\n|upkeep\n|\n|t:|1698875338\n|switch|p2a: Conkeldurr|Conkeldurr, M|100\/100\n|-activate|p2a: Conkeldurr|move: Sticky Web\n|-unboost|p2a: Conkeldurr|spe|1\n|turn|6\n|\n|t:|1698875344\n|move|p1a: Ribombee|Moonblast|p2a: Conkeldurr\n|-enditem|p2a: Conkeldurr|Focus Sash\n|-damage|p2a: Conkeldurr|1\/100\n|replace|p2a: Zoroark|Zoroark-Hisui, F\n|-end|p2a: Zoroark|Illusion\n|move|p2a: Zoroark|Poltergeist|p1a: Ribombee\n|-activate|p1a: Ribombee|move: Poltergeist|Aguav Berry\n|-damage|p1a: Ribombee|0 fnt\n|faint|p1a: Ribombee\n|\n|upkeep\n|\n|t:|1698875355\n|switch|p1a: Glimmora|Glimmora, M|100\/100\n|turn|7\n|\n|t:|1698875362\n|move|p2a: Zoroark|Shadow Sneak|p1a: Glimmora\n|-damage|p1a: Glimmora|78\/100\n|-activate|p1a: Glimmora|ability: Toxic Debris\n|-sidestart|p2: Moja93|move: Toxic Spikes\n|move|p1a: Glimmora|Light Screen|p1a: Glimmora\n|-sidestart|p1: Cloddie|move: Light Screen\n|\n|upkeep\n|turn|8\n|\n|t:|1698875373\n|move|p1a: Glimmora|Reflect|p1a: Glimmora\n|-sidestart|p1: Cloddie|Reflect\n|move|p2a: Zoroark|Poltergeist|p1a: Glimmora|[miss]\n|-miss|p2a: Zoroark|p1a: Glimmora\n|\n|upkeep\n|turn|9\n|\n|t:|1698875381\n|move|p1a: Glimmora|Explosion|p2a: Zoroark\n|-immune|p2a: Zoroark\n|faint|p1a: Glimmora\n|move|p2a: Zoroark|Shadow Ball|p1: Glimmora|[notarget]\n|-fail|p2a: Zoroark\n|\n|upkeep\n|\n|t:|1698875384\n|switch|p1a: Morpeko|Morpeko, F|100\/100\n|turn|10\n|l|\u2606Moja93\n|player|p2|\n|inactive|Battle timer is ON: inactive players will automatically lose when time's up. (requested by Cloddie)\n|inactive|Moja93 has 30 seconds to reconnect!\n|inactive|Moja93 has 20 seconds to reconnect!\n|inactive|Moja93 has 15 seconds to reconnect!\n|inactive|Moja93 has 10 seconds to reconnect!\n|inactive|Moja93 has 5 seconds to reconnect!\n|-message|Moja93 lost due to inactivity.\n|\n|win|Cloddie\n|raw|Cloddie's rating: 1127 &rarr; <strong>1150<\/strong><br \/>(+23 for winning)\n|raw|Moja93's rating: 1103 &rarr; <strong>1080<\/strong><br \/>(-23 for losing)\n","uploadtime":1698875553,"views":8,"p1id":"cloddie","p2id":"moja93","formatid":"gen9anythinggoes","rating":1080,"private":0,"password":""}