{"id":"gen9anythinggoes-1991675693","p1":"flurpDaFish","p2":"yeatontiptop","format":"[Gen 9] Anything Goes","log":"|j|\u2606flurpDaFish\n|j|\u2606yeatontiptop\n|t:|1700101358\n|gametype|singles\n|player|p1|flurpDaFish|pokemonbreeder-gen4|1151\n|player|p2|yeatontiptop|102|1104\n|teamsize|p1|6\n|teamsize|p2|6\n|gen|9\n|tier|[Gen 9] Anything Goes\n|rated|\n|rule|HP Percentage Mod: HP is shown in percentages\n|rule|Endless Battle Clause: Forcing endless battles is banned\n|clearpoke\n|poke|p1|Maushold-Four|\n|poke|p1|Ribombee, M|\n|poke|p1|Dragapult, F|\n|poke|p1|Mewtwo|\n|poke|p1|Greninja-*, M|\n|poke|p1|Dragonite, F|\n|poke|p2|Ursaluna, F|\n|poke|p2|Ursaluna-Bloodmoon, M|\n|poke|p2|Urshifu-*, F|\n|poke|p2|Urshifu-*, M|\n|poke|p2|Ursaring, M|\n|poke|p2|Ting-Lu|\n|teampreview\n|\n|t:|1700101374\n|start\n|switch|p1a: Mewtwo|Mewtwo|100\/100\n|switch|p2a: Urshifu|Urshifu-Rapid-Strike, F|100\/100\n|-ability|p1a: Mewtwo|Unnerve\n|turn|1\n|\n|t:|1700101382\n|switch|p2a: Ting-Lu|Ting-Lu|100\/100\n|-ability|p2a: Ting-Lu|Vessel of Ruin\n|move|p1a: Mewtwo|Aura Sphere|p2a: Ting-Lu\n|-supereffective|p2a: Ting-Lu\n|-damage|p2a: Ting-Lu|70\/100\n|\n|-heal|p2a: Ting-Lu|76\/100|[from] item: Leftovers\n|upkeep\n|turn|2\n|\n|t:|1700101399\n|move|p1a: Mewtwo|Dark Pulse|p2a: Ting-Lu\n|-resisted|p2a: Ting-Lu\n|-damage|p2a: Ting-Lu|67\/100\n|move|p2a: Ting-Lu|Stealth Rock|p1a: Mewtwo\n|-sidestart|p1: flurpDaFish|move: Stealth Rock\n|\n|-heal|p2a: Ting-Lu|74\/100|[from] item: Leftovers\n|upkeep\n|turn|3\n|\n|t:|1700101408\n|move|p1a: Mewtwo|Substitute|p1a: Mewtwo\n|-start|p1a: Mewtwo|Substitute\n|-damage|p1a: Mewtwo|76\/100\n|move|p2a: Ting-Lu|Whirlwind|p1a: Mewtwo\n|drag|p1a: Greninja|Greninja, M|100\/100\n|-damage|p1a: Greninja|88\/100|[from] Stealth Rock\n|\n|-heal|p2a: Ting-Lu|80\/100|[from] item: Leftovers\n|upkeep\n|turn|4\n|\n|t:|1700101421\n|move|p1a: Greninja|Chilling Water|p2a: Ting-Lu\n|-supereffective|p2a: Ting-Lu\n|-damage|p2a: Ting-Lu|59\/100\n|-unboost|p2a: Ting-Lu|atk|1\n|-heal|p1a: Greninja|92\/100|[from] item: Shell Bell|[of] p2a: Ting-Lu\n|move|p2a: Ting-Lu|Whirlwind|p1a: Greninja\n|drag|p1a: Maushold|Maushold-Four|100\/100\n|-damage|p1a: Maushold|88\/100|[from] Stealth Rock\n|\n|-heal|p2a: Ting-Lu|66\/100|[from] item: Leftovers\n|upkeep\n|turn|5\n|\n|t:|1700101435\n|move|p1a: Maushold|Beat Up|p2a: Ting-Lu\n|-resisted|p2a: Ting-Lu\n|-damage|p2a: Ting-Lu|64\/100\n|-resisted|p2a: Ting-Lu\n|-damage|p2a: Ting-Lu|63\/100\n|-resisted|p2a: Ting-Lu\n|-damage|p2a: Ting-Lu|62\/100\n|-resisted|p2a: Ting-Lu\n|-damage|p2a: Ting-Lu|60\/100\n|-resisted|p2a: Ting-Lu\n|-damage|p2a: Ting-Lu|59\/100\n|-resisted|p2a: Ting-Lu\n|-damage|p2a: Ting-Lu|57\/100\n|-hitcount|p2a: Ting-Lu|6\n|move|p2a: Ting-Lu|Whirlwind|p1a: Maushold\n|drag|p1a: Mewtwo|Mewtwo|76\/100\n|-ability|p1a: Mewtwo|Unnerve\n|-damage|p1a: Mewtwo|63\/100|[from] Stealth Rock\n|\n|-heal|p2a: Ting-Lu|63\/100|[from] item: Leftovers\n|upkeep\n|turn|6\n|inactive|Battle timer is ON: inactive players will automatically lose when time's up. (requested by yeatontiptop)\n|\n|t:|1700101462\n|move|p1a: Mewtwo|Blizzard|p2a: Ting-Lu\n|-supereffective|p2a: Ting-Lu\n|-damage|p2a: Ting-Lu|19\/100\n|-heal|p1a: Mewtwo|69\/100|[from] item: Shell Bell|[of] p2a: Ting-Lu\n|move|p2a: Ting-Lu|Whirlwind|p1a: Mewtwo\n|drag|p1a: Ribombee|Ribombee, M, shiny|100\/100\n|-damage|p1a: Ribombee|76\/100|[from] Stealth Rock\n|\n|-heal|p2a: Ting-Lu|25\/100|[from] item: Leftovers\n|upkeep\n|turn|7\n|\n|t:|1700101475\n|move|p1a: Ribombee|Moonblast|p2a: Ting-Lu\n|-supereffective|p2a: Ting-Lu\n|-damage|p2a: Ting-Lu|0 fnt\n|faint|p2a: Ting-Lu\n|\n|upkeep\n|\n|t:|1700101479\n|switch|p2a: Urshifu|Urshifu-Rapid-Strike, F|100\/100\n|turn|8\n|\n|t:|1700101487\n|move|p2a: Urshifu|Poison Jab|p1a: Ribombee\n|-supereffective|p1a: Ribombee\n|-damage|p1a: Ribombee|0 fnt\n|faint|p1a: Ribombee\n|\n|upkeep\n|\n|t:|1700101494\n|switch|p1a: Mewtwo|Mewtwo|69\/100\n|-ability|p1a: Mewtwo|Unnerve\n|-damage|p1a: Mewtwo|57\/100|[from] Stealth Rock\n|turn|9\n|\n|t:|1700101508\n|switch|p2a: Urshifu|Urshifu, M|100\/100\n|move|p1a: Mewtwo|Aura Sphere|p2a: Urshifu\n|-supereffective|p2a: Urshifu\n|-damage|p2a: Urshifu|0 fnt\n|faint|p2a: Urshifu\n|-heal|p1a: Mewtwo|67\/100|[from] item: Shell Bell|[of] p2: Urshifu\n|\n|upkeep\n|\n|t:|1700101520\n|switch|p2a: Ursaring|Ursaring, M|100\/100\n|turn|10\n|\n|t:|1700101524\n|move|p2a: Ursaring|Protect|p2a: Ursaring\n|-singleturn|p2a: Ursaring|Protect\n|move|p1a: Mewtwo|Aura Sphere|p2a: Ursaring\n|-activate|p2a: Ursaring|move: Protect\n|\n|-status|p2a: Ursaring|tox|[from] item: Toxic Orb\n|upkeep\n|turn|11\n|\n|t:|1700101541\n|-terastallize|p2a: Ursaring|Ghost\n|move|p2a: Ursaring|Earthquake|p1a: Mewtwo\n|-damage|p1a: Mewtwo|36\/100\n|move|p1a: Mewtwo|Aura Sphere|p2a: Ursaring\n|-immune|p2a: Ursaring\n|\n|-damage|p2a: Ursaring|94\/100 tox|[from] psn\n|upkeep\n|turn|12\n|\n|t:|1700101555\n|move|p2a: Ursaring|Earthquake|p1a: Mewtwo\n|-damage|p1a: Mewtwo|4\/100\n|move|p1a: Mewtwo|Dark Pulse|p2a: Ursaring\n|-supereffective|p2a: Ursaring\n|-damage|p2a: Ursaring|0 fnt\n|faint|p2a: Ursaring\n|-heal|p1a: Mewtwo|13\/100|[from] item: Shell Bell|[of] p2: Ursaring\n|\n|upkeep\n|\n|t:|1700101561\n|switch|p2a: Urshifu|Urshifu-Rapid-Strike, F|100\/100\n|turn|13\n|\n|t:|1700101567\n|move|p2a: Urshifu|Surging Strikes|p1a: Mewtwo\n|-crit|p1a: Mewtwo\n|-damage|p1a: Mewtwo|0 fnt\n|faint|p1a: Mewtwo\n|-hitcount|p1: Mewtwo|1\n|\n|upkeep\n|\n|t:|1700101578\n|switch|p1a: Dragonite|Dragonite, F, shiny|100\/100\n|-damage|p1a: Dragonite|76\/100|[from] Stealth Rock\n|turn|14\n|-activate|p1a: Dragonite|item: Quick Claw\n|\n|t:|1700101589\n|switch|p2a: Ursaluna|Ursaluna, F|100\/100\n|-terastallize|p1a: Dragonite|Normal\n|move|p1a: Dragonite|Extreme Speed|p2a: Ursaluna\n|-damage|p2a: Ursaluna|63\/100\n|\n|-status|p2a: Ursaluna|brn|[from] item: Flame Orb\n|upkeep\n|turn|15\n|\n|t:|1700101603\n|move|p2a: Ursaluna|Close Combat|p1a: Dragonite\n|-supereffective|p1a: Dragonite\n|-damage|p1a: Dragonite|0 fnt\n|-unboost|p2a: Ursaluna|def|1\n|-unboost|p2a: Ursaluna|spd|1\n|faint|p1a: Dragonite\n|\n|-damage|p2a: Ursaluna|57\/100 brn|[from] brn\n|upkeep\n|\n|t:|1700101617\n|switch|p1a: Greninja|Greninja, M|92\/100\n|-damage|p1a: Greninja|80\/100|[from] Stealth Rock\n|turn|16\n|\n|t:|1700101626\n|move|p1a: Greninja|Chilling Water|p2a: Ursaluna\n|-supereffective|p2a: Ursaluna\n|-damage|p2a: Ursaluna|0 fnt\n|faint|p2a: Ursaluna\n|-ability|p1a: Greninja|Battle Bond|boost\n|-boost|p1a: Greninja|atk|1\n|-boost|p1a: Greninja|spa|1\n|-boost|p1a: Greninja|spe|1\n|-activate|p1a: Greninja|ability: Battle Bond\n|-heal|p1a: Greninja|90\/100|[from] item: Shell Bell|[of] p2: Ursaluna\n|\n|upkeep\n|\n|t:|1700101630\n|switch|p2a: Urshifu|Urshifu-Rapid-Strike, F|100\/100\n|turn|17\n|\n|t:|1700101643\n|move|p1a: Greninja|Extrasensory|p2a: Urshifu\n|-supereffective|p2a: Urshifu\n|-damage|p2a: Urshifu|0 fnt\n|faint|p2a: Urshifu\n|-heal|p1a: Greninja|100\/100|[from] item: Shell Bell|[of] p2: Urshifu\n|\n|upkeep\n|\n|t:|1700101646\n|switch|p2a: Ursaluna|Ursaluna-Bloodmoon, M|100\/100\n|turn|18\n|\n|t:|1700101652\n|move|p1a: Greninja|Ice Beam|p2a: Ursaluna\n|-supereffective|p2a: Ursaluna\n|-damage|p2a: Ursaluna|45\/100\n|move|p2a: Ursaluna|Moonblast|p1a: Greninja\n|-supereffective|p1a: Greninja\n|-damage|p1a: Greninja|0 fnt\n|faint|p1a: Greninja\n|\n|upkeep\n|c|\u2606flurpDaFish|Gg\n|\n|t:|1700101670\n|switch|p1a: Maushold|Maushold-Four|88\/100\n|-damage|p1a: Maushold|76\/100|[from] Stealth Rock\n|turn|19\n|\n|t:|1700101677\n|move|p1a: Maushold|Population Bomb|p2a: Ursaluna\n|-damage|p2a: Ursaluna|38\/100\n|-damage|p2a: Ursaluna|31\/100\n|-damage|p2a: Ursaluna|23\/100\n|-damage|p2a: Ursaluna|16\/100\n|-damage|p2a: Ursaluna|8\/100\n|-hitcount|p2a: Ursaluna|5\n|move|p2a: Ursaluna|Blood Moon|p1a: Maushold\n|-damage|p1a: Maushold|0 fnt\n|faint|p1a: Maushold\n|\n|upkeep\n|\n|t:|1700101694\n|switch|p1a: Dragapult|Dragapult, F|100\/100\n|-damage|p1a: Dragapult|88\/100|[from] Stealth Rock\n|turn|20\n|\n|t:|1700101704\n|move|p1a: Dragapult|Dragon Darts|p2a: Ursaluna\n|-crit|p2a: Ursaluna\n|-damage|p2a: Ursaluna|0 fnt\n|faint|p2a: Ursaluna\n|\n|win|flurpDaFish\n|raw|flurpDaFish's rating: 1151 &rarr; <strong>1173<\/strong><br \/>(+22 for winning)\n|raw|yeatontiptop's rating: 1104 &rarr; <strong>1082<\/strong><br \/>(-22 for losing)\n|l|\u2606yeatontiptop\n","uploadtime":1700101724,"views":3,"p1id":"flurpdafish","p2id":"yeatontiptop","formatid":"gen9anythinggoes","rating":1082,"private":0,"password":""}