{"id":"gen9anythinggoes-1981098741","p1":"FaebleRaven","p2":"trotman","format":"[Gen 9] Anything Goes","log":"|j|\u2606FaebleRaven\n|j|\u2606trotman\n|t:|1698863431\n|gametype|singles\n|player|p1|FaebleRaven|veteranf|1257\n|player|p2|trotman|brycenman|1282\n|teamsize|p1|6\n|teamsize|p2|6\n|gen|9\n|tier|[Gen 9] Anything Goes\n|rated|\n|rule|HP Percentage Mod: HP is shown in percentages\n|rule|Endless Battle Clause: Forcing endless battles is banned\n|clearpoke\n|poke|p1|Ambipom, F|\n|poke|p1|Gyarados, M|\n|poke|p1|Kommo-o, F|\n|poke|p1|Volcarona, F|\n|poke|p1|Torterra, F|\n|poke|p1|Magearna|\n|poke|p2|Ogerpon, F|\n|poke|p2|Okidogi, M|\n|poke|p2|Regieleki|\n|poke|p2|Kingambit, F|\n|poke|p2|Palafin, F|\n|poke|p2|Chi-Yu|\n|teampreview\n|\n|t:|1698863435\n|start\n|switch|p1a: Jim|Ambipom, F|100\/100\n|switch|p2a: Kingambit|Kingambit, F, shiny|100\/100\n|turn|1\n|\n|t:|1698863442\n|move|p1a: Jim|Fake Out|p2a: Kingambit\n|-resisted|p2a: Kingambit\n|-damage|p2a: Kingambit|94\/100\n|cant|p2a: Kingambit|flinch\n|\n|-heal|p2a: Kingambit|99\/100|[from] item: Leftovers\n|upkeep\n|turn|2\n|\n|t:|1698863448\n|move|p1a: Jim|U-turn|p2a: Kingambit\n|-damage|p2a: Kingambit|88\/100\n|inactive|Battle timer is ON: inactive players will automatically lose when time's up. (requested by FaebleRaven)\n|\n|t:|1698863455\n|switch|p1a: Kyle|Kommo-o, F|100\/100|[from] U-turn\n|move|p2a: Kingambit|Stealth Rock|p1a: Kyle\n|-sidestart|p1: FaebleRaven|move: Stealth Rock\n|\n|-heal|p2a: Kingambit|95\/100|[from] item: Leftovers\n|upkeep\n|turn|3\n|\n|t:|1698863464\n|switch|p2a: Okidogi|Okidogi, M|100\/100\n|move|p1a: Kyle|Clangorous Soul|p1a: Kyle\n|-boost|p1a: Kyle|atk|1\n|-boost|p1a: Kyle|def|1\n|-boost|p1a: Kyle|spa|1\n|-boost|p1a: Kyle|spd|1\n|-boost|p1a: Kyle|spe|1\n|-damage|p1a: Kyle|68\/100\n|\n|-heal|p1a: Kyle|74\/100|[from] item: Leftovers\n|upkeep\n|turn|4\n|\n|t:|1698863481\n|move|p1a: Kyle|Iron Head|p2a: Okidogi\n|-damage|p2a: Okidogi|63\/100\n|cant|p2a: Okidogi|flinch\n|\n|-heal|p1a: Kyle|80\/100|[from] item: Leftovers\n|upkeep\n|turn|5\n|\n|t:|1698863490\n|move|p1a: Kyle|Drain Punch|p2a: Okidogi\n|-resisted|p2a: Okidogi\n|-damage|p2a: Okidogi|41\/100\n|-heal|p1a: Kyle|92\/100|[from] drain|[of] p2a: Okidogi\n|move|p2a: Okidogi|Ice Punch|p1a: Kyle\n|-supereffective|p1a: Kyle\n|-damage|p1a: Kyle|48\/100\n|-damage|p2a: Okidogi|31\/100|[from] item: Life Orb\n|\n|-heal|p1a: Kyle|54\/100|[from] item: Leftovers\n|upkeep\n|turn|6\n|\n|t:|1698863505\n|move|p1a: Kyle|Iron Head|p2a: Okidogi\n|-damage|p2a: Okidogi|0 fnt\n|faint|p2a: Okidogi\n|\n|-heal|p1a: Kyle|60\/100|[from] item: Leftovers\n|upkeep\n|\n|t:|1698863511\n|switch|p2a: Regieleki|Regieleki, shiny|100\/100\n|turn|7\n|\n|t:|1698863519\n|-terastallize|p2a: Regieleki|Ice\n|move|p2a: Regieleki|Tera Blast|p1a: Kyle|[anim] Tera Blast Ice\n|-supereffective|p1a: Kyle\n|-damage|p1a: Kyle|0 fnt\n|faint|p1a: Kyle\n|-damage|p2a: Regieleki|91\/100|[from] item: Life Orb\n|\n|upkeep\n|\n|t:|1698863529\n|switch|p1a: Jane|Magearna|100\/100\n|-damage|p1a: Jane|94\/100|[from] Stealth Rock\n|turn|8\n|\n|t:|1698863538\n|move|p2a: Regieleki|Volt Switch|p1a: Jane\n|-damage|p1a: Jane|63\/100\n|-damage|p2a: Regieleki|81\/100|[from] item: Life Orb\n|\n|t:|1698863542\n|switch|p2a: Palafin|Palafin, F, shiny|100\/100|[from] Volt Switch\n|move|p1a: Jane|Flash Cannon|p2a: Palafin\n|-resisted|p2a: Palafin\n|-damage|p2a: Palafin|67\/100\n|-unboost|p2a: Palafin|spd|1\n|\n|upkeep\n|turn|9\n|\n|t:|1698863551\n|move|p2a: Palafin|Flip Turn|p1a: Jane\n|-damage|p1a: Jane|39\/100\n|\n|t:|1698863555\n|detailschange|p2a: Palafin|Palafin-Hero, F, shiny\n|switch|p2a: Chi-Yu|Chi-Yu|100\/100|[from] Flip Turn\n|-ability|p2a: Chi-Yu|Beads of Ruin\n|move|p1a: Jane|Volt Switch|p2a: Chi-Yu\n|-damage|p2a: Chi-Yu|72\/100\n|\n|t:|1698863564\n|switch|p1a: Greg|Gyarados, M|100\/100|[from] Volt Switch\n|-damage|p1a: Greg|76\/100|[from] Stealth Rock\n|-ability|p1a: Greg|Intimidate|boost\n|-unboost|p2a: Chi-Yu|atk|1\n|\n|-heal|p1a: Greg|82\/100|[from] item: Leftovers\n|upkeep\n|turn|10\n|\n|t:|1698863576\n|move|p2a: Chi-Yu|Dark Pulse|p1a: Greg\n|-crit|p1a: Greg\n|-damage|p1a: Greg|0 fnt\n|faint|p1a: Greg\n|\n|upkeep\n|\n|t:|1698863580\n|switch|p1a: Jeff|Volcarona, F|100\/100\n|turn|11\n|\n|t:|1698863586\n|move|p2a: Chi-Yu|Dark Pulse|p1a: Jeff\n|-damage|p1a: Jeff|38\/100\n|move|p1a: Jeff|Quiver Dance|p1a: Jeff\n|-boost|p1a: Jeff|spa|1\n|-boost|p1a: Jeff|spd|1\n|-boost|p1a: Jeff|spe|1\n|\n|upkeep\n|turn|12\n|\n|t:|1698863595\n|move|p2a: Chi-Yu|Dark Pulse|p1a: Jeff\n|-damage|p1a: Jeff|0 fnt\n|faint|p1a: Jeff\n|\n|upkeep\n|c|\u2606FaebleRaven|gah\n|\n|t:|1698863616\n|switch|p1a: Jane|Magearna|39\/100\n|-damage|p1a: Jane|33\/100|[from] Stealth Rock\n|turn|13\n|\n|t:|1698863624\n|switch|p2a: Palafin|Palafin-Hero, F, shiny|67\/100\n|-activate|p2a: Palafin|ability: Zero to Hero\n|move|p1a: Jane|Fleur Cannon|p2a: Palafin\n|-damage|p2a: Palafin|0 fnt\n|-unboost|p1a: Jane|spa|2\n|faint|p2a: Palafin\n|-ability|p1a: Jane|Soul-Heart|boost\n|-boost|p1a: Jane|spa|1\n|\n|upkeep\n|\n|t:|1698863637\n|switch|p2a: Chi-Yu|Chi-Yu|72\/100\n|-ability|p2a: Chi-Yu|Beads of Ruin\n|turn|14\n|\n|t:|1698863646\n|move|p2a: Chi-Yu|Flamethrower|p1a: Jane\n|-supereffective|p1a: Jane\n|-damage|p1a: Jane|0 fnt\n|faint|p1a: Jane\n|\n|upkeep\n|\n|t:|1698863653\n|switch|p1a: Bob|Torterra, F|100\/100\n|-damage|p1a: Bob|94\/100|[from] Stealth Rock\n|turn|15\n|\n|t:|1698863662\n|move|p2a: Chi-Yu|Flamethrower|p1a: Bob\n|-supereffective|p1a: Bob\n|-damage|p1a: Bob|0 fnt\n|faint|p1a: Bob\n|\n|upkeep\n|\n|t:|1698863667\n|switch|p1a: Jim|Ambipom, F|100\/100\n|-damage|p1a: Jim|88\/100|[from] Stealth Rock\n|turn|16\n|\n|t:|1698863673\n|switch|p2a: Kingambit|Kingambit, F, shiny|95\/100\n|-terastallize|p1a: Jim|Normal\n|move|p1a: Jim|Fake Out|p2a: Kingambit\n|-resisted|p2a: Kingambit\n|-crit|p2a: Kingambit\n|-damage|p2a: Kingambit|79\/100\n|\n|-heal|p2a: Kingambit|85\/100|[from] item: Leftovers\n|upkeep\n|turn|17\n|\n|t:|1698863684\n|move|p1a: Jim|Double Hit|p2a: Kingambit\n|-resisted|p2a: Kingambit\n|-damage|p2a: Kingambit|77\/100\n|-resisted|p2a: Kingambit\n|-damage|p2a: Kingambit|69\/100\n|-hitcount|p2a: Kingambit|2\n|move|p2a: Kingambit|Iron Head|p1a: Jim\n|-damage|p1a: Jim|26\/100\n|\n|-heal|p2a: Kingambit|75\/100|[from] item: Leftovers\n|upkeep\n|turn|18\n|\n|t:|1698863695\n|move|p1a: Jim|U-turn|p2a: Kingambit\n|-damage|p2a: Kingambit|64\/100\n|move|p2a: Kingambit|Iron Head|p1a: Jim\n|-damage|p1a: Jim|0 fnt\n|faint|p1a: Jim\n|\n|win|trotman\n|raw|FaebleRaven's rating: 1257 &rarr; <strong>1234<\/strong><br \/>(-23 for losing)\n|raw|trotman's rating: 1282 &rarr; <strong>1305<\/strong><br \/>(+23 for winning)\n","uploadtime":1698863705,"views":12,"p1id":"faebleraven","p2id":"trotman","formatid":"gen9anythinggoes","rating":1234,"private":0,"password":""}