{"id":"gen9anythinggoes-1999078935","p1":"demesticslot","p2":"MrMimeIsMrKetchum","format":"[Gen 9] Anything Goes","log":"|j|\u2606demesticslot\n|j|\u2606MrMimeIsMrKetchum\n|t:|1701030899\n|gametype|singles\n|player|p1|demesticslot|red|\n|player|p2|MrMimeIsMrKetchum|swimmerf-gen4|\n|teamsize|p1|6\n|teamsize|p2|6\n|gen|9\n|tier|[Gen 9] Anything Goes\n|rule|HP Percentage Mod: HP is shown in percentages\n|rule|Endless Battle Clause: Forcing endless battles is banned\n|clearpoke\n|poke|p1|Iron Moth|\n|poke|p1|Iron Valiant|\n|poke|p1|Iron Leaves|\n|poke|p1|Iron Thorns|\n|poke|p1|Iron Bundle|\n|poke|p1|Iron Jugulis|\n|poke|p2|Annihilape, M|\n|poke|p2|Blissey, F|\n|poke|p2|Pawmot, M|\n|poke|p2|Rabsca, M|\n|poke|p2|Pelipper, M|\n|poke|p2|Basculegion, M|\n|teampreview\n|inactive|Battle timer is ON: inactive players will automatically lose when time's up. (requested by MrMimeIsMrKetchum)\n|\n|t:|1701030909\n|start\n|switch|p1a: Iron Jugulis|Iron Jugulis|100\/100\n|switch|p2a: Annihilape|Annihilape, M, shiny|100\/100\n|-enditem|p1a: Iron Jugulis|Booster Energy\n|-activate|p1a: Iron Jugulis|ability: Quark Drive|[fromitem]\n|-start|p1a: Iron Jugulis|quarkdrivespa\n|turn|1\n|\n|t:|1701030920\n|move|p2a: Annihilape|Final Gambit|p1a: Iron Jugulis\n|-damage|p1a: Iron Jugulis|0 fnt\n|faint|p2a: Annihilape\n|faint|p1a: Iron Jugulis\n|-end|p1a: Iron Jugulis|Quark Drive|[silent]\n|\n|upkeep\n|\n|t:|1701030936\n|switch|p2a: Blissey|Blissey, F, shiny|100\/100\n|switch|p1a: Iron Thorns|Iron Thorns|100\/100\n|-enditem|p1a: Iron Thorns|Booster Energy\n|-activate|p1a: Iron Thorns|ability: Quark Drive|[fromitem]\n|-start|p1a: Iron Thorns|quarkdriveatk\n|turn|2\n|\n|t:|1701030959\n|move|p2a: Blissey|Copycat|p2a: Blissey\n|move|p2a: Blissey|Final Gambit|p1a: Iron Thorns|[from]move: Copycat\n|-damage|p1a: Iron Thorns|0 fnt\n|faint|p2a: Blissey\n|faint|p1a: Iron Thorns\n|-end|p1a: Iron Thorns|Quark Drive|[silent]\n|\n|upkeep\n|\n|t:|1701030968\n|switch|p2a: Pawmot|Pawmot, M, shiny|100\/100\n|switch|p1a: Iron Bundle|Iron Bundle|100\/100\n|-enditem|p1a: Iron Bundle|Booster Energy\n|-activate|p1a: Iron Bundle|ability: Quark Drive|[fromitem]\n|-start|p1a: Iron Bundle|quarkdrivespe\n|turn|3\n|\n|t:|1701030973\n|move|p1a: Iron Bundle|Blizzard|p2a: Pawmot\n|-damage|p2a: Pawmot|30\/100\n|move|p2a: Pawmot|Revival Blessing|p2a: Pawmot\n|-enditem|p2a: Pawmot|Leppa Berry|[eat]\n|-activate|p2a: Pawmot|item: Leppa Berry|Revival Blessing|[consumed]\n|\n|t:|1701030979\n|-heal|p2: Annihilape|50\/100|[from] move: Revival Blessing\n|\n|upkeep\n|turn|4\n|\n|t:|1701030985\n|move|p2a: Pawmot|Mach Punch|p1a: Iron Bundle\n|-supereffective|p1a: Iron Bundle\n|-damage|p1a: Iron Bundle|55\/100\n|move|p1a: Iron Bundle|Blizzard|p2a: Pawmot\n|-damage|p2a: Pawmot|0 fnt\n|faint|p2a: Pawmot\n|\n|upkeep\n|\n|t:|1701030992\n|switch|p2a: Annihilape|Annihilape, M, shiny|50\/100\n|turn|5\n|\n|t:|1701030997\n|move|p1a: Iron Bundle|Hydro Pump|p2a: Annihilape|[miss]\n|-miss|p1a: Iron Bundle|p2a: Annihilape\n|move|p2a: Annihilape|Final Gambit|p1a: Iron Bundle\n|-damage|p1a: Iron Bundle|0 fnt\n|faint|p2a: Annihilape\n|faint|p1a: Iron Bundle\n|-end|p1a: Iron Bundle|Quark Drive|[silent]\n|\n|upkeep\n|\n|t:|1701031006\n|switch|p1a: Iron Valiant|Iron Valiant|100\/100\n|switch|p2a: Rabsca|Rabsca, M, shiny|100\/100\n|-enditem|p1a: Iron Valiant|Booster Energy\n|-activate|p1a: Iron Valiant|ability: Quark Drive|[fromitem]\n|-start|p1a: Iron Valiant|quarkdriveatk\n|turn|6\n|\n|t:|1701031013\n|move|p1a: Iron Valiant|Shadow Sneak|p2a: Rabsca\n|-supereffective|p2a: Rabsca\n|-damage|p2a: Rabsca|65\/100\n|move|p2a: Rabsca|Revival Blessing|p2a: Rabsca\n|-enditem|p2a: Rabsca|Leppa Berry|[eat]\n|-activate|p2a: Rabsca|item: Leppa Berry|Revival Blessing|[consumed]\n|\n|t:|1701031020\n|-heal|p2: Pawmot|50\/100|[from] move: Revival Blessing\n|\n|upkeep\n|turn|7\n|\n|t:|1701031023\n|move|p1a: Iron Valiant|Shadow Sneak|p2a: Rabsca\n|-supereffective|p2a: Rabsca\n|-crit|p2a: Rabsca\n|-damage|p2a: Rabsca|13\/100\n|move|p2a: Rabsca|Revival Blessing|p2a: Rabsca\n|\n|t:|1701031031\n|-heal|p2: Annihilape|50\/100|[from] move: Revival Blessing\n|\n|upkeep\n|turn|8\n|\n|t:|1701031040\n|move|p1a: Iron Valiant|Shadow Sneak|p2a: Rabsca\n|-supereffective|p2a: Rabsca\n|-damage|p2a: Rabsca|0 fnt\n|faint|p2a: Rabsca\n|\n|upkeep\n|\n|t:|1701031050\n|switch|p2a: Pawmot|Pawmot, M, shiny|50\/100\n|turn|9\n|\n|t:|1701031057\n|move|p2a: Pawmot|Revival Blessing|p2a: Pawmot\n|\n|t:|1701031059\n|-heal|p2: Blissey|50\/100|[from] move: Revival Blessing\n|move|p1a: Iron Valiant|Spirit Break|p2a: Pawmot\n|-supereffective|p2a: Pawmot\n|-damage|p2a: Pawmot|0 fnt\n|faint|p2a: Pawmot\n|\n|upkeep\n|\n|t:|1701031062\n|switch|p2a: Annihilape|Annihilape, M, shiny|50\/100\n|turn|10\n|\n|t:|1701031072\n|-terastallize|p1a: Iron Valiant|Fairy\n|move|p2a: Annihilape|Final Gambit|p1a: Iron Valiant\n|-damage|p1a: Iron Valiant|27\/100\n|faint|p2a: Annihilape\n|move|p1a: Iron Valiant|Spirit Break|p2: Annihilape|[notarget]\n|-fail|p1a: Iron Valiant\n|\n|upkeep\n|\n|t:|1701031076\n|switch|p2a: Blissey|Blissey, F, shiny|50\/100\n|turn|11\n|\n|t:|1701031093\n|move|p2a: Blissey|Copycat|p2a: Blissey\n|move|p2a: Blissey|Spirit Break|p1a: Iron Valiant|[from]move: Copycat\n|-crit|p1a: Iron Valiant\n|-damage|p1a: Iron Valiant|19\/100\n|-unboost|p1a: Iron Valiant|spa|1\n|move|p1a: Iron Valiant|Drain Punch|p2a: Blissey\n|-supereffective|p2a: Blissey\n|-damage|p2a: Blissey|0 fnt\n|-heal|p1a: Iron Valiant|81\/100|[from] drain|[of] p2a: Blissey\n|faint|p2a: Blissey\n|\n|upkeep\n|\n|t:|1701031100\n|switch|p2a: Pelipper|Pelipper, M, shiny|100\/100\n|-weather|RainDance|[from] ability: Drizzle|[of] p2a: Pelipper\n|turn|12\n|\n|t:|1701031110\n|move|p1a: Iron Valiant|Spirit Break|p2a: Pelipper\n|-damage|p2a: Pelipper|46\/100\n|-unboost|p2a: Pelipper|spa|1\n|move|p2a: Pelipper|Hurricane|p1a: Iron Valiant\n|-damage|p1a: Iron Valiant|37\/100\n|-start|p1a: Iron Valiant|confusion\n|\n|-weather|RainDance|[upkeep]\n|upkeep\n|turn|13\n|\n|t:|1701031116\n|-activate|p1a: Iron Valiant|confusion\n|-damage|p1a: Iron Valiant|23\/100|[from] confusion\n|move|p2a: Pelipper|U-turn|p1a: Iron Valiant\n|-resisted|p1a: Iron Valiant\n|-damage|p1a: Iron Valiant|17\/100\n|\n|t:|1701031122\n|switch|p2a: Basculegion|Basculegion, M, shiny|100\/100|[from] U-turn\n|\n|-weather|RainDance|[upkeep]\n|upkeep\n|turn|14\n|\n|t:|1701031128\n|-activate|p1a: Iron Valiant|confusion\n|-damage|p1a: Iron Valiant|2\/100|[from] confusion\n|move|p2a: Basculegion|Last Respects|p1a: Iron Valiant\n|-damage|p1a: Iron Valiant|0 fnt\n|faint|p1a: Iron Valiant\n|-end|p1a: Iron Valiant|Quark Drive|[silent]\n|\n|-weather|RainDance|[upkeep]\n|upkeep\n|\n|t:|1701031130\n|switch|p1a: Iron Moth|Iron Moth|100\/100\n|-enditem|p1a: Iron Moth|Booster Energy\n|-activate|p1a: Iron Moth|ability: Quark Drive|[fromitem]\n|-start|p1a: Iron Moth|quarkdrivespa\n|turn|15\n|\n|t:|1701031140\n|move|p2a: Basculegion|Last Respects|p1a: Iron Moth\n|-damage|p1a: Iron Moth|0 fnt\n|faint|p1a: Iron Moth\n|-end|p1a: Iron Moth|Quark Drive|[silent]\n|\n|-weather|RainDance|[upkeep]\n|upkeep\n|\n|t:|1701031143\n|switch|p1a: Iron Leaves|Iron Leaves|100\/100\n|-enditem|p1a: Iron Leaves|Booster Energy\n|-activate|p1a: Iron Leaves|ability: Quark Drive|[fromitem]\n|-start|p1a: Iron Leaves|quarkdriveatk\n|turn|16\n|\n|t:|1701031150\n|move|p2a: Basculegion|Last Respects|p1a: Iron Leaves\n|-supereffective|p1a: Iron Leaves\n|-damage|p1a: Iron Leaves|0 fnt\n|faint|p1a: Iron Leaves\n|-end|p1a: Iron Leaves|Quark Drive|[silent]\n|\n|win|MrMimeIsMrKetchum\n|l|\u2606demesticslot\n|c|\u2606MrMimeIsMrKetchum|gg\n","uploadtime":1701031167,"views":3,"p1id":"demesticslot","p2id":"mrmimeismrketchum","formatid":"gen9anythinggoes","rating":0,"private":0,"password":""}