{"id":"gen9anythinggoes-1974505930","p1":"SrLotl","p2":"ChimeBliss","format":"[Gen 9] Anything Goes","log":"|j|\u2606SrLotl\n|j|\u2606ChimeBliss\n|t:|1698092625\n|gametype|singles\n|player|p1|SrLotl|brycenman|1058\n|player|p2|ChimeBliss|dawn-gen4pt|1103\n|teamsize|p1|6\n|teamsize|p2|6\n|gen|9\n|tier|[Gen 9] Anything Goes\n|rated|\n|rule|HP Percentage Mod: HP is shown in percentages\n|rule|Endless Battle Clause: Forcing endless battles is banned\n|clearpoke\n|poke|p1|Infernape, F|\n|poke|p1|Zarude|\n|poke|p1|Annihilape, M|\n|poke|p1|Ambipom, M|\n|poke|p1|Munkidori, M|\n|poke|p1|Passimian, M|\n|poke|p2|Grimmsnarl, M|\n|poke|p2|Glimmora, M|\n|poke|p2|Arceus|\n|poke|p2|Arceus-Ground|\n|poke|p2|Koraidon|\n|poke|p2|Calyrex-Shadow|\n|teampreview\n|inactive|Battle timer is ON: inactive players will automatically lose when time's up. (requested by ChimeBliss)\n|\n|t:|1698092638\n|start\n|switch|p1a: Zarude|Zarude|100\/100\n|switch|p2a: Glimmora|Glimmora, M|100\/100\n|turn|1\n|\n|t:|1698092660\n|move|p1a: Zarude|Swords Dance|p1a: Zarude\n|-boost|p1a: Zarude|atk|2\n|move|p2a: Glimmora|Mud Shot|p1a: Zarude|[miss]\n|-miss|p2a: Glimmora|p1a: Zarude\n|\n|upkeep\n|turn|2\n|\n|t:|1698092666\n|move|p1a: Zarude|Trailblaze|p2a: Glimmora\n|-damage|p2a: Glimmora|19\/100\n|-boost|p1a: Zarude|spe|1\n|-activate|p2a: Glimmora|ability: Toxic Debris\n|-sidestart|p1: SrLotl|move: Toxic Spikes\n|-damage|p1a: Zarude|91\/100|[from] item: Life Orb\n|move|p2a: Glimmora|Mud Shot|p1a: Zarude\n|-resisted|p1a: Zarude\n|-damage|p1a: Zarude|81\/100\n|-unboost|p1a: Zarude|spe|1\n|\n|upkeep\n|turn|3\n|\n|t:|1698092677\n|move|p1a: Zarude|Trailblaze|p2a: Glimmora\n|-damage|p2a: Glimmora|0 fnt\n|-boost|p1a: Zarude|spe|1\n|-activate|p2a: Glimmora|ability: Toxic Debris\n|-sidestart|p1: SrLotl|move: Toxic Spikes\n|faint|p2a: Glimmora\n|-damage|p1a: Zarude|71\/100|[from] item: Life Orb\n|\n|upkeep\n|\n|t:|1698092688\n|switch|p2a: Arceus|Arceus|100\/100\n|turn|4\n|\n|t:|1698092699\n|-terastallize|p2a: Arceus|Normal\n|move|p2a: Arceus|Extreme Speed|p1a: Zarude\n|-damage|p1a: Zarude|14\/100\n|move|p1a: Zarude|Close Combat|p2a: Arceus\n|-supereffective|p2a: Arceus\n|-damage|p2a: Arceus|0 fnt\n|-unboost|p1a: Zarude|def|1\n|-unboost|p1a: Zarude|spd|1\n|faint|p2a: Arceus\n|-damage|p1a: Zarude|4\/100|[from] item: Life Orb\n|\n|upkeep\n|\n|t:|1698092705\n|switch|p2a: Grimmsnarl|Grimmsnarl, M|100\/100\n|turn|5\n|\n|t:|1698092713\n|move|p2a: Grimmsnarl|Reflect|p2a: Grimmsnarl\n|-sidestart|p2: ChimeBliss|Reflect\n|move|p1a: Zarude|Seed Bomb|p2a: Grimmsnarl\n|-damage|p2a: Grimmsnarl|41\/100\n|-damage|p1a: Zarude|0 fnt|[from] item: Life Orb\n|faint|p1a: Zarude\n|\n|upkeep\n|\n|t:|1698092719\n|switch|p1a: Munkidori|Munkidori, M|100\/100\n|-sideend|p1: SrLotl|move: Toxic Spikes|[of] p1a: Munkidori\n|turn|6\n|\n|t:|1698092724\n|move|p2a: Grimmsnarl|Light Screen|p2a: Grimmsnarl\n|-sidestart|p2: ChimeBliss|move: Light Screen\n|move|p1a: Munkidori|Sludge Bomb|p2a: Grimmsnarl\n|-supereffective|p2a: Grimmsnarl\n|-damage|p2a: Grimmsnarl|9\/100\n|\n|upkeep\n|turn|7\n|\n|t:|1698092740\n|move|p1a: Munkidori|Sludge Bomb|p2a: Grimmsnarl\n|-supereffective|p2a: Grimmsnarl\n|-damage|p2a: Grimmsnarl|0 fnt\n|faint|p2a: Grimmsnarl\n|\n|upkeep\n|\n|t:|1698092757\n|switch|p2a: Calyrex|Calyrex-Shadow|100\/100\n|-ability|p2a: Calyrex|As One\n|-ability|p2a: Calyrex|Unnerve\n|turn|8\n|\n|t:|1698092769\n|-terastallize|p1a: Munkidori|Poison\n|move|p2a: Calyrex|Astral Barrage|p1a: Munkidori\n|-damage|p1a: Munkidori|53\/100\n|move|p1a: Munkidori|Sludge Bomb|p2a: Calyrex\n|-resisted|p2a: Calyrex\n|-damage|p2a: Calyrex|88\/100\n|\n|-heal|p2a: Calyrex|94\/100|[from] item: Leftovers\n|upkeep\n|turn|9\n|\n|t:|1698092781\n|move|p2a: Calyrex|Nasty Plot|p2a: Calyrex\n|-boost|p2a: Calyrex|spa|2\n|move|p1a: Munkidori|U-turn|p2a: Calyrex\n|-damage|p2a: Calyrex|88\/100\n|\n|t:|1698092787\n|switch|p1a: Infernape|Infernape, F|100\/100|[from] U-turn\n|\n|-heal|p2a: Calyrex|94\/100|[from] item: Leftovers\n|upkeep\n|turn|10\n|\n|t:|1698092794\n|move|p2a: Calyrex|Astral Barrage|p1a: Infernape\n|-damage|p1a: Infernape|0 fnt\n|faint|p1a: Infernape\n|-ability|p2a: Calyrex|Grim Neigh|boost\n|-boost|p2a: Calyrex|spa|1\n|\n|-heal|p2a: Calyrex|99\/100|[from] item: Leftovers\n|upkeep\n|-message|SrLotl forfeited.\n|\n|win|ChimeBliss\n|raw|SrLotl's rating: 1058 &rarr; <strong>1042<\/strong><br \/>(-16 for losing)\n|raw|ChimeBliss's rating: 1103 &rarr; <strong>1125<\/strong><br \/>(+22 for winning)\n|l|\u2606SrLotl\n","uploadtime":1698092808,"views":6,"p1id":"srlotl","p2id":"chimebliss","formatid":"gen9anythinggoes","rating":1042,"private":0,"password":""}