{"id":"gen9anythinggoes-1986325430","p1":"jellyfiish","p2":"Sn1pp1e","format":"[Gen 9] Anything Goes","log":"|j|\u2606jellyfiish\n|j|\u2606Sn1pp1e\n|t:|1699469432\n|gametype|singles\n|player|p1|jellyfiish|dawn-gen4pt|\n|player|p2|Sn1pp1e|266|\n|teamsize|p1|6\n|teamsize|p2|1\n|gen|9\n|tier|[Gen 9] Anything Goes\n|rule|HP Percentage Mod: HP is shown in percentages\n|rule|Endless Battle Clause: Forcing endless battles is banned\n|clearpoke\n|poke|p1|Wooper, F|\n|poke|p1|Wooper, F|\n|poke|p1|Wooper, F|\n|poke|p1|Wooper, M|\n|poke|p1|Wooper, M|\n|poke|p1|Wooper, M|\n|poke|p2|Lurantis, F|\n|teampreview\n|\n|t:|1699469440\n|start\n|switch|p1a: Wooper|Wooper, F|100\/100\n|switch|p2a: Lulu|Lurantis, F|100\/100\n|turn|1\n|\n|t:|1699469474\n|-terastallize|p2a: Lulu|Fighting\n|move|p2a: Lulu|Leaf Storm|p1a: Wooper\n|-supereffective|p1a: Wooper\n|-damage|p1a: Wooper|0 fnt\n|-boost|p2a: Lulu|spa|2\n|faint|p1a: Wooper\n|\n|upkeep\n|\n|t:|1699469480\n|switch|p1a: Wooper|Wooper, F|100\/100\n|turn|2\n|\n|t:|1699469488\n|-terastallize|p1a: Wooper|Fire\n|move|p2a: Lulu|Leaf Storm|p1a: Wooper\n|-resisted|p1a: Wooper\n|-damage|p1a: Wooper|19\/100\n|-boost|p2a: Lulu|spa|2\n|move|p1a: Wooper|Avalanche|p2a: Lulu\n|-damage|p2a: Lulu|79\/100\n|\n|-heal|p2a: Lulu|85\/100|[from] item: Leftovers\n|upkeep\n|turn|3\n|\n|t:|1699469501\n|move|p2a: Lulu|Superpower|p1a: Wooper\n|-damage|p1a: Wooper|0 fnt\n|-boost|p2a: Lulu|atk|1\n|-boost|p2a: Lulu|def|1\n|faint|p1a: Wooper\n|\n|-heal|p2a: Lulu|91\/100|[from] item: Leftovers\n|upkeep\n|\n|t:|1699469511\n|switch|p1a: Wooper|Wooper, F|100\/100\n|turn|4\n|\n|t:|1699469518\n|move|p2a: Lulu|Superpower|p1a: Wooper\n|-damage|p1a: Wooper|17\/100\n|-boost|p2a: Lulu|atk|1\n|-boost|p2a: Lulu|def|1\n|move|p1a: Wooper|Avalanche|p2a: Lulu\n|-damage|p2a: Lulu|78\/100\n|\n|-heal|p2a: Lulu|84\/100|[from] item: Leftovers\n|upkeep\n|turn|5\n|\n|t:|1699469530\n|move|p2a: Lulu|Superpower|p1a: Wooper\n|-damage|p1a: Wooper|0 fnt\n|-boost|p2a: Lulu|atk|1\n|-boost|p2a: Lulu|def|1\n|faint|p1a: Wooper\n|\n|-heal|p2a: Lulu|91\/100|[from] item: Leftovers\n|upkeep\n|\n|t:|1699469539\n|switch|p1a: Wooper|Wooper, M|100\/100\n|turn|6\n|\n|t:|1699469542\n|move|p2a: Lulu|Defog|p1a: Wooper\n|-unboost|p1a: Wooper|evasion|1\n|move|p1a: Wooper|Avalanche|p2a: Lulu\n|-damage|p2a: Lulu|86\/100\n|\n|-heal|p2a: Lulu|92\/100|[from] item: Leftovers\n|upkeep\n|turn|7\n|\n|t:|1699469552\n|move|p2a: Lulu|Defog|p1a: Wooper\n|-unboost|p1a: Wooper|evasion|1\n|move|p1a: Wooper|Avalanche|p2a: Lulu\n|-damage|p2a: Lulu|87\/100\n|\n|-heal|p2a: Lulu|93\/100|[from] item: Leftovers\n|upkeep\n|turn|8\n|\n|t:|1699469561\n|move|p2a: Lulu|Leaf Storm|p1a: Wooper\n|-supereffective|p1a: Wooper\n|-damage|p1a: Wooper|0 fnt\n|-boost|p2a: Lulu|spa|2\n|faint|p1a: Wooper\n|\n|-heal|p2a: Lulu|99\/100|[from] item: Leftovers\n|upkeep\n|\n|t:|1699469569\n|switch|p1a: Wooper|Wooper, M|100\/100\n|turn|9\n|\n|t:|1699469574\n|move|p2a: Lulu|Leaf Storm|p1a: Wooper\n|-supereffective|p1a: Wooper\n|-damage|p1a: Wooper|0 fnt\n|faint|p1a: Wooper\n|\n|-heal|p2a: Lulu|100\/100|[from] item: Leftovers\n|upkeep\n|\n|t:|1699469582\n|switch|p1a: Wooper|Wooper, M|100\/100\n|turn|10\n|\n|t:|1699469585\n|move|p2a: Lulu|Leaf Storm|p1a: Wooper\n|-supereffective|p1a: Wooper\n|-damage|p1a: Wooper|0 fnt\n|faint|p1a: Wooper\n|\n|win|Sn1pp1e\n|l|\u2606Sn1pp1e\n","uploadtime":1699469592,"views":12,"p1id":"jellyfiish","p2id":"sn1pp1e","formatid":"gen9anythinggoes","rating":0,"private":0,"password":""}