{"id":"gen9anythinggoes-1990876487","p1":"Kezzic","p2":"Natnat_24","format":"[Gen 9] Anything Goes","log":"|j|\u2606Kezzic\n|j|\u2606Natnat_24\n|t:|1700010329\n|gametype|singles\n|player|p1|Kezzic|policeman|\n|player|p2|Natnat_24|scientist-gen4dp|\n|teamsize|p1|6\n|teamsize|p2|6\n|gen|9\n|tier|[Gen 9] Anything Goes\n|rule|HP Percentage Mod: HP is shown in percentages\n|rule|Endless Battle Clause: Forcing endless battles is banned\n|clearpoke\n|poke|p1|Ogerpon-Wellspring, F|\n|poke|p1|Annihilape, M|\n|poke|p1|Noivern, M|\n|poke|p1|Ursaluna-Bloodmoon, M|\n|poke|p1|Mamoswine, M|\n|poke|p1|Orthworm, M|\n|poke|p2|Kommo-o, M|\n|poke|p2|Ogerpon-Hearthflame, F|\n|poke|p2|Kingambit, M|\n|poke|p2|Staraptor, F|\n|poke|p2|Gliscor, M|\n|poke|p2|Milotic, F|\n|teampreview\n|inactive|Battle timer is ON: inactive players will automatically lose when time's up. (requested by Natnat_24)\n|c|\u2606Natnat_24|Alright\n|c|\u2606Natnat_24|Gl\n|\n|t:|1700010342\n|start\n|switch|p1a: 4Skin|Orthworm, M|100\/100\n|switch|p2a: Milotic|Milotic, F|100\/100\n|turn|1\n|\n|t:|1700010355\n|move|p2a: Milotic|Flip Turn|p1a: 4Skin\n|-damage|p1a: 4Skin|89\/100\n|\n|t:|1700010360\n|switch|p2a: Gliscor|Gliscor, M|100\/100|[from] Flip Turn\n|move|p1a: 4Skin|Stealth Rock|p2a: Gliscor\n|-sidestart|p2: Natnat_24|move: Stealth Rock\n|\n|-status|p2a: Gliscor|tox|[from] item: Toxic Orb\n|upkeep\n|turn|2\n|j| kazekage217\n|\n|t:|1700010379\n|-terastallize|p1a: 4Skin|Water\n|move|p2a: Gliscor|U-turn|p1a: 4Skin\n|-damage|p1a: 4Skin|80\/100\n|\n|t:|1700010389\n|switch|p2a: Milotic|Milotic, F|100\/100|[from] U-turn\n|-damage|p2a: Milotic|88\/100|[from] Stealth Rock\n|move|p1a: 4Skin|Shed Tail|p1a: 4Skin\n|-start|p1a: 4Skin|Substitute|[from] move: Shed Tail\n|-damage|p1a: 4Skin|30\/100\n|-enditem|p1a: 4Skin|Sitrus Berry|[eat]\n|-heal|p1a: 4Skin|55\/100|[from] item: Sitrus Berry\n|c|\u2606Kezzic|thought u were gonna eq\n|c|\u2606Kezzic|lol\n|\n|t:|1700010406\n|switch|p1a: Dewberry|Ogerpon-Wellspring, F|100\/100|[from] Shed Tail\n|\n|-status|p2a: Milotic|brn|[from] item: Flame Orb\n|upkeep\n|turn|3\n|c| kazekage217|Oh snap who's coming on top?\n|\n|t:|1700010426\n|move|p1a: Dewberry|Swords Dance|p1a: Dewberry\n|-boost|p1a: Dewberry|atk|2\n|move|p2a: Milotic|Facade|p1a: Dewberry\n|-end|p1a: Dewberry|Substitute\n|\n|-damage|p2a: Milotic|82\/100 brn|[from] brn\n|upkeep\n|turn|4\n|c| kazekage217|Will Kezzic lose the title?\n|\n|t:|1700010446\n|move|p1a: Dewberry|Throat Chop|p2a: Milotic\n|-damage|p2a: Milotic|37\/100 brn\n|-start|p2a: Milotic|Throat Chop|[silent]\n|move|p2a: Milotic|Facade|p1a: Dewberry\n|-damage|p1a: Dewberry|59\/100\n|\n|-damage|p2a: Milotic|31\/100 brn|[from] brn\n|upkeep\n|turn|5\n|c|\u2606Natnat_24|We'll see\n|\n|t:|1700010453\n|move|p1a: Dewberry|Throat Chop|p2a: Milotic\n|-damage|p2a: Milotic|0 fnt\n|faint|p2a: Milotic\n|\n|upkeep\n|\n|t:|1700010463\n|switch|p2a: Staraptor|Staraptor, F|100\/100\n|-damage|p2a: Staraptor|76\/100|[from] Stealth Rock\n|turn|6\n|\n|t:|1700010472\n|move|p2a: Staraptor|Close Combat|p1a: Dewberry\n|-damage|p1a: Dewberry|0 fnt\n|-unboost|p2a: Staraptor|def|1\n|-unboost|p2a: Staraptor|spd|1\n|faint|p1a: Dewberry\n|\n|upkeep\n|c| kazekage217|Uh Oh!!\n|c|\u2606Kezzic|oooof\n|inactive|Kezzic has 270 seconds left.\n|\n|t:|1700010504\n|switch|p1a: Screech|Noivern, M, shiny|100\/100\n|turn|7\n|inactive|Kezzic has 270 seconds left.\n|\n|t:|1700010519\n|switch|p2a: Kingambit|Kingambit, M|100\/100\n|-damage|p2a: Kingambit|94\/100|[from] Stealth Rock\n|-activate|p2a: Kingambit|ability: Supreme Overlord\n|-start|p2a: Kingambit|fallen1|[silent]\n|move|p1a: Screech|Boomburst|p2a: Kingambit\n|-resisted|p2a: Kingambit\n|-damage|p2a: Kingambit|64\/100\n|-damage|p1a: Screech|91\/100|[from] item: Life Orb\n|\n|upkeep\n|turn|8\n|\n|t:|1700010528\n|move|p1a: Screech|Flamethrower|p2a: Kingambit\n|-supereffective|p2a: Kingambit\n|-damage|p2a: Kingambit|0 fnt\n|faint|p2a: Kingambit\n|-end|p2a: Kingambit|fallen1|[silent]\n|-damage|p1a: Screech|81\/100|[from] item: Life Orb\n|\n|upkeep\n|\n|t:|1700010538\n|switch|p2a: Staraptor|Staraptor, F|76\/100\n|-damage|p2a: Staraptor|51\/100|[from] Stealth Rock\n|turn|9\n|\n|t:|1700010546\n|move|p2a: Staraptor|Brave Bird|p1a: Screech\n|-damage|p1a: Screech|0 fnt\n|faint|p1a: Screech\n|-damage|p2a: Staraptor|25\/100|[from] Recoil\n|\n|upkeep\n|c|\u2606Kezzic|choice scarf??? oof\n|inactive|Kezzic has 270 seconds left.\n|c|\u2606Natnat_24|Yup\n|\n|t:|1700010568\n|switch|p1a: 4Skin|Orthworm, M, tera:Water|55\/100\n|turn|10\n|c|\u2606Natnat_24|mostly for apes\n|\n|t:|1700010579\n|move|p2a: Staraptor|Brave Bird|p1a: 4Skin\n|-damage|p1a: 4Skin|10\/100\n|-damage|p2a: Staraptor|8\/100|[from] Recoil\n|move|p1a: 4Skin|Iron Head|p2a: Staraptor\n|-damage|p2a: Staraptor|0 fnt\n|faint|p2a: Staraptor\n|\n|upkeep\n|\n|t:|1700010598\n|switch|p2a: Kommo-o|Kommo-o, M|100\/100\n|-damage|p2a: Kommo-o|94\/100|[from] Stealth Rock\n|turn|11\n|inactive|Kezzic has 270 seconds left.\n|\n|t:|1700010610\n|switch|p1a: MudMask|Ursaluna-Bloodmoon, M|100\/100\n|move|p2a: Kommo-o|Boomburst|p1a: MudMask\n|-damage|p1a: MudMask|76\/100\n|-enditem|p2a: Kommo-o|Throat Spray\n|-boost|p2a: Kommo-o|spa|1|[from] item: Throat Spray\n|\n|upkeep\n|turn|12\n|inactive|Kezzic has 270 seconds left.\n|\n|t:|1700010620\n|move|p2a: Kommo-o|Clangorous Soul|p2a: Kommo-o\n|-boost|p2a: Kommo-o|atk|1\n|-boost|p2a: Kommo-o|def|1\n|-boost|p2a: Kommo-o|spa|1\n|-boost|p2a: Kommo-o|spd|1\n|-boost|p2a: Kommo-o|spe|1\n|-damage|p2a: Kommo-o|62\/100\n|move|p1a: MudMask|Moonblast|p2a: Kommo-o\n|-supereffective|p2a: Kommo-o\n|-damage|p2a: Kommo-o|0 fnt\n|faint|p2a: Kommo-o\n|\n|upkeep\n|c|\u2606Natnat_24|ah\n|\n|t:|1700010628\n|switch|p2a: Ogerpon|Ogerpon-Hearthflame, F|100\/100\n|-damage|p2a: Ogerpon|76\/100|[from] Stealth Rock\n|-ability|p2a: Ogerpon|Mold Breaker\n|turn|13\n|inactive|Kezzic has 270 seconds left.\n|c| kazekage217|Is this the end of RD1?\n|\n|t:|1700010653\n|-terastallize|p2a: Ogerpon|Fire\n|detailschange|p2a: Ogerpon|Ogerpon-Hearthflame-Tera, F, tera:Fire\n|-ability|p2a: Ogerpon|Embody Aspect (Hearthflame)|boost\n|-boost|p2a: Ogerpon|atk|1\n|move|p2a: Ogerpon|Wood Hammer|p1a: MudMask\n|-supereffective|p1a: MudMask\n|-damage|p1a: MudMask|0 fnt\n|faint|p1a: MudMask\n|-damage|p2a: Ogerpon|47\/100|[from] Recoil\n|\n|upkeep\n|c| kazekage217|Does BloodGang Ursa take it?\n|c|\u2606Natnat_24|not yet\n|\n|t:|1700010677\n|switch|p1a: Gordy|Annihilape, M, shiny|100\/100\n|turn|14\n|\n|t:|1700010687\n|move|p2a: Ogerpon|Ivy Cudgel|p1a: Gordy|[anim] Ivy Cudgel Fire\n|-damage|p1a: Gordy|0 fnt\n|faint|p1a: Gordy\n|\n|upkeep\n|\n|t:|1700010692\n|switch|p1a: Mamoswine|Mamoswine, M|100\/100\n|turn|15\n|c| kazekage217|TOASTY\n|inactive|Kezzic has 240 seconds left.\n|\n|t:|1700010713\n|move|p2a: Ogerpon|Ivy Cudgel|p1a: Mamoswine|[anim] Ivy Cudgel Fire\n|-supereffective|p1a: Mamoswine\n|-damage|p1a: Mamoswine|0 fnt\n|faint|p1a: Mamoswine\n|\n|upkeep\n|inactive|Kezzic has 240 seconds left.\n|\n|t:|1700010718\n|switch|p1a: 4Skin|Orthworm, M, tera:Water|10\/100\n|turn|16\n|c|\u2606Natnat_24|Tera fire embody aspect is INSANE\n|\n|t:|1700010722\n|move|p2a: Ogerpon|Wood Hammer|p1a: 4Skin\n|-supereffective|p1a: 4Skin\n|-damage|p1a: 4Skin|0 fnt\n|faint|p1a: 4Skin\n|-damage|p2a: Ogerpon|43\/100|[from] Recoil\n|\n|win|Natnat_24\n|c| kazekage217|Fatality\n|c| kazekage217|Flawless Victory\n|c|\u2606Kezzic|welp\n","uploadtime":1700010733,"views":3,"p1id":"kezzic","p2id":"natnat24","formatid":"gen9anythinggoes","rating":0,"private":0,"password":""}