{"id":"gen9anythinggoes-1974054068","p1":"1nxane","p2":"09-10a","format":"[Gen 9] Anything Goes","log":"|j|\u26061nxane\n|j|\u260609-10a\n|t:|1698048768\n|gametype|singles\n|player|p1|1nxane|benga|1394\n|player|p2|09-10a|schoolkid-gen4dp|1672\n|teamsize|p1|6\n|teamsize|p2|6\n|gen|9\n|tier|[Gen 9] Anything Goes\n|rated|\n|rule|HP Percentage Mod: HP is shown in percentages\n|rule|Endless Battle Clause: Forcing endless battles is banned\n|clearpoke\n|poke|p1|Zacian-*|\n|poke|p1|Calyrex-Shadow|\n|poke|p1|Groudon|\n|poke|p1|Kyogre|\n|poke|p1|Koraidon|\n|poke|p1|Miraidon|\n|poke|p2|Arceus-Ground|\n|poke|p2|Arceus|\n|poke|p2|Calyrex-Shadow|\n|poke|p2|Miraidon|\n|poke|p2|Grimmsnarl, M|\n|poke|p2|Arceus-Fairy|\n|teampreview\n|inactive|Battle timer is ON: inactive players will automatically lose when time's up. (requested by 1nxane)\n|inactive|09-10a also wants the timer to be on.\n|inactive|1nxane has 120 seconds left.\n|\n|t:|1698048814\n|start\n|switch|p1a: Koraidon|Koraidon|100\/100\n|switch|p2a: Miraidon|Miraidon|100\/100\n|-weather|SunnyDay|[from] ability: Orichalcum Pulse|[of] p1a: Koraidon\n|-activate|p1a: Koraidon|Orichalcum Pulse|[source]\n|-fieldstart|move: Electric Terrain|[from] ability: Hadron Engine|[of] p2a: Miraidon\n|turn|1\n|inactive|09-10a has 120 seconds left.\n|\n|t:|1698048868\n|move|p1a: Koraidon|U-turn|p2a: Miraidon\n|-damage|p2a: Miraidon|69\/100\n|\n|t:|1698048873\n|switch|p1a: Zacian|Zacian-Crowned|100\/100|[from] U-turn\n|-ability|p1a: Zacian|Intrepid Sword|boost\n|-boost|p1a: Zacian|atk|1\n|move|p2a: Miraidon|Agility|p2a: Miraidon\n|-boost|p2a: Miraidon|spe|2\n|\n|-weather|SunnyDay|[upkeep]\n|upkeep\n|turn|2\n|\n|t:|1698048882\n|-terastallize|p2a: Miraidon|Grass\n|-terastallize|p1a: Zacian|Ground\n|move|p2a: Miraidon|Parabolic Charge|p1a: Zacian\n|-immune|p1a: Zacian\n|move|p1a: Zacian|Tera Blast|p2a: Miraidon|[anim] Tera Blast Ground\n|-resisted|p2a: Miraidon\n|-damage|p2a: Miraidon|37\/100\n|\n|-weather|SunnyDay|[upkeep]\n|upkeep\n|turn|3\n|\n|t:|1698048891\n|move|p2a: Miraidon|Dragon Pulse|p1a: Zacian\n|-damage|p1a: Zacian|16\/100\n|-damage|p2a: Miraidon|27\/100|[from] item: Life Orb\n|move|p1a: Zacian|Behemoth Blade|p2a: Miraidon\n|-damage|p2a: Miraidon|0 fnt\n|faint|p2a: Miraidon\n|\n|-weather|SunnyDay|[upkeep]\n|upkeep\n|\n|t:|1698048896\n|switch|p2a: Calyrex|Calyrex-Shadow|100\/100\n|-ability|p2a: Calyrex|As One\n|-ability|p2a: Calyrex|Unnerve\n|turn|4\n|\n|t:|1698048910\n|move|p2a: Calyrex|Astral Barrage|p1a: Zacian\n|-damage|p1a: Zacian|0 fnt\n|faint|p1a: Zacian\n|-ability|p2a: Calyrex|Grim Neigh|boost\n|-boost|p2a: Calyrex|spa|1\n|\n|-weather|SunnyDay|[upkeep]\n|upkeep\n|\n|t:|1698048918\n|switch|p1a: Calyrex|Calyrex-Shadow|100\/100\n|-ability|p1a: Calyrex|As One\n|-ability|p1a: Calyrex|Unnerve\n|turn|5\n|\n|t:|1698048930\n|switch|p2a: Grimmsnarl|Grimmsnarl, M|100\/100\n|move|p1a: Calyrex|Astral Barrage|p2a: Grimmsnarl\n|-resisted|p2a: Grimmsnarl\n|-damage|p2a: Grimmsnarl|71\/100\n|\n|-weather|none\n|-fieldend|move: Electric Terrain\n|upkeep\n|turn|6\n|\n|t:|1698048947\n|switch|p1a: Groudon|Groudon|100\/100\n|-weather|SunnyDay|[from] ability: Drought|[of] p1a: Groudon\n|move|p2a: Grimmsnarl|Reflect|p2a: Grimmsnarl\n|-sidestart|p2: 09-10a|Reflect\n|\n|-weather|SunnyDay|[upkeep]\n|upkeep\n|turn|7\n|\n|t:|1698048955\n|move|p2a: Grimmsnarl|Taunt|p1a: Groudon\n|-start|p1a: Groudon|move: Taunt\n|move|p1a: Groudon|Precipice Blades|p2a: Grimmsnarl|[miss]\n|-miss|p1a: Groudon|p2a: Grimmsnarl\n|\n|-weather|SunnyDay|[upkeep]\n|upkeep\n|turn|8\n|\n|t:|1698048965\n|switch|p2a: Arceus|Arceus-Fairy|100\/100\n|move|p1a: Groudon|Precipice Blades|p2a: Arceus\n|-damage|p2a: Arceus|63\/100\n|\n|-weather|SunnyDay|[upkeep]\n|upkeep\n|turn|9\n|\n|t:|1698048972\n|move|p2a: Arceus|Stealth Rock|p1a: Groudon\n|-sidestart|p1: 1nxane|move: Stealth Rock\n|move|p1a: Groudon|Precipice Blades|p2a: Arceus\n|-damage|p2a: Arceus|30\/100\n|\n|-weather|SunnyDay|[upkeep]\n|-end|p1a: Groudon|move: Taunt\n|upkeep\n|turn|10\n|\n|t:|1698048994\n|move|p2a: Arceus|Judgment|p1a: Groudon\n|-damage|p1a: Groudon|43\/100\n|move|p1a: Groudon|Precipice Blades|p2a: Arceus\n|-damage|p2a: Arceus|0 fnt\n|faint|p2a: Arceus\n|\n|-weather|none\n|upkeep\n|inactive|09-10a has 120 seconds left.\n|\n|t:|1698049020\n|switch|p2a: Calyrex|Calyrex-Shadow|100\/100\n|-ability|p2a: Calyrex|As One\n|-ability|p2a: Calyrex|Unnerve\n|turn|11\n|\n|t:|1698049027\n|move|p2a: Calyrex|Agility|p2a: Calyrex\n|-boost|p2a: Calyrex|spe|2\n|move|p1a: Groudon|Precipice Blades|p2a: Calyrex\n|-damage|p2a: Calyrex|44\/100\n|\n|-heal|p2a: Calyrex|50\/100|[from] item: Leftovers\n|upkeep\n|turn|12\n|inactive|09-10a has 120 seconds left.\n|\n|t:|1698049064\n|move|p2a: Calyrex|Astral Barrage|p1a: Groudon\n|-damage|p1a: Groudon|0 fnt\n|faint|p1a: Groudon\n|-ability|p2a: Calyrex|Grim Neigh|boost\n|-boost|p2a: Calyrex|spa|1\n|\n|-heal|p2a: Calyrex|56\/100|[from] item: Leftovers\n|upkeep\n|\n|t:|1698049070\n|switch|p1a: Kyogre|Kyogre|100\/100\n|-damage|p1a: Kyogre|88\/100|[from] Stealth Rock\n|-weather|RainDance|[from] ability: Drizzle|[of] p1a: Kyogre\n|turn|13\n|inactive|09-10a has 90 seconds left.\n|\n|t:|1698049095\n|move|p2a: Calyrex|Astral Barrage|p1a: Kyogre\n|-damage|p1a: Kyogre|10\/100\n|move|p1a: Kyogre|Surf|p2a: Calyrex\n|-damage|p2a: Calyrex|0 fnt\n|faint|p2a: Calyrex\n|\n|-weather|RainDance|[upkeep]\n|-sideend|p2: 09-10a|Reflect\n|upkeep\n|\n|t:|1698049101\n|switch|p2a: Grimmsnarl|Grimmsnarl, M|71\/100\n|turn|14\n|\n|t:|1698049103\n|move|p2a: Grimmsnarl|Light Screen|p2a: Grimmsnarl\n|-sidestart|p2: 09-10a|move: Light Screen\n|move|p1a: Kyogre|Surf|p2a: Grimmsnarl\n|-damage|p2a: Grimmsnarl|40\/100\n|\n|-weather|RainDance|[upkeep]\n|upkeep\n|turn|15\n|\n|t:|1698049107\n|move|p2a: Grimmsnarl|Reflect|p2a: Grimmsnarl\n|-sidestart|p2: 09-10a|Reflect\n|move|p1a: Kyogre|Surf|p2a: Grimmsnarl\n|-damage|p2a: Grimmsnarl|10\/100\n|\n|-weather|RainDance|[upkeep]\n|upkeep\n|turn|16\n|inactive|09-10a has 90 seconds left.\n|inactive|09-10a has 60 seconds left.\n|\n|t:|1698049166\n|move|p1a: Kyogre|Surf|p2a: Grimmsnarl\n|-damage|p2a: Grimmsnarl|0 fnt\n|faint|p2a: Grimmsnarl\n|\n|-weather|RainDance|[upkeep]\n|upkeep\n|inactive|09-10a has 60 seconds left.\n|\n|t:|1698049171\n|switch|p2a: Arceus|Arceus-Ground|100\/100\n|turn|17\n|\n|t:|1698049174\n|move|p1a: Kyogre|Surf|p2a: Arceus\n|-supereffective|p2a: Arceus\n|-damage|p2a: Arceus|45\/100\n|move|p2a: Arceus|Dragon Dance|p2a: Arceus\n|-boost|p2a: Arceus|atk|1\n|-boost|p2a: Arceus|spe|1\n|\n|-weather|none\n|upkeep\n|turn|18\n|inactive|09-10a has 60 seconds left.\n|\n|t:|1698049194\n|move|p2a: Arceus|Dragon Dance|p2a: Arceus\n|-boost|p2a: Arceus|atk|1\n|-boost|p2a: Arceus|spe|1\n|move|p1a: Kyogre|Surf|p2a: Arceus\n|-supereffective|p2a: Arceus\n|-damage|p2a: Arceus|10\/100\n|\n|upkeep\n|turn|19\n|\n|t:|1698049200\n|move|p2a: Arceus|Earthquake|p1a: Kyogre\n|-damage|p1a: Kyogre|0 fnt\n|faint|p1a: Kyogre\n|\n|upkeep\n|\n|t:|1698049206\n|switch|p1a: Koraidon|Koraidon|100\/100\n|-damage|p1a: Koraidon|94\/100|[from] Stealth Rock\n|-weather|SunnyDay|[from] ability: Orichalcum Pulse|[of] p1a: Koraidon\n|-activate|p1a: Koraidon|Orichalcum Pulse|[source]\n|turn|20\n|inactive|09-10a has 60 seconds left.\n|\n|t:|1698049235\n|move|p2a: Arceus|Earthquake|p1a: Koraidon\n|-damage|p1a: Koraidon|0 fnt\n|faint|p1a: Koraidon\n|\n|-weather|SunnyDay|[upkeep]\n|upkeep\n|\n|t:|1698049239\n|switch|p1a: Calyrex|Calyrex-Shadow|100\/100\n|-ability|p1a: Calyrex|As One\n|-ability|p1a: Calyrex|Unnerve\n|-damage|p1a: Calyrex|88\/100|[from] Stealth Rock\n|turn|21\n|\n|t:|1698049243\n|move|p1a: Calyrex|Energy Ball|p2a: Arceus\n|-supereffective|p2a: Arceus\n|-damage|p2a: Arceus|0 fnt\n|faint|p2a: Arceus\n|-ability|p1a: Calyrex|Grim Neigh|boost\n|-boost|p1a: Calyrex|spa|1\n|\n|-weather|SunnyDay|[upkeep]\n|-sideend|p2: 09-10a|move: Light Screen\n|upkeep\n|\n|t:|1698049246\n|switch|p2a: Arceus|Arceus, shiny|100\/100\n|turn|22\n|\n|t:|1698049251\n|move|p1a: Calyrex|Energy Ball|p2a: Arceus\n|-damage|p2a: Arceus|59\/100\n|move|p2a: Arceus|Dragon Dance|p2a: Arceus\n|-boost|p2a: Arceus|atk|1\n|-boost|p2a: Arceus|spe|1\n|\n|-weather|SunnyDay|[upkeep]\n|-sideend|p2: 09-10a|Reflect\n|upkeep\n|turn|23\n|\n|t:|1698049256\n|move|p1a: Calyrex|Energy Ball|p2a: Arceus\n|-damage|p2a: Arceus|17\/100\n|move|p2a: Arceus|Shadow Claw|p1a: Calyrex\n|-supereffective|p1a: Calyrex\n|-damage|p1a: Calyrex|0 fnt\n|faint|p1a: Calyrex\n|\n|-weather|SunnyDay|[upkeep]\n|upkeep\n|\n|t:|1698049262\n|switch|p1a: Miraidon|Miraidon|100\/100\n|-damage|p1a: Miraidon|88\/100|[from] Stealth Rock\n|-fieldstart|move: Electric Terrain|[from] ability: Hadron Engine|[of] p1a: Miraidon\n|turn|24\n|\n|t:|1698049270\n|move|p2a: Arceus|Extreme Speed|p1a: Miraidon\n|-damage|p1a: Miraidon|7\/100\n|move|p1a: Miraidon|Electro Drift|p2a: Arceus\n|-damage|p2a: Arceus|0 fnt\n|faint|p2a: Arceus\n|\n|win|1nxane\n|raw|1nxane's rating: 1394 &rarr; <strong>1427<\/strong><br \/>(+33 for winning)\n|raw|09-10a's rating: 1666 &rarr; <strong>1633<\/strong><br \/>(-33 for losing)\n|l|\u260609-10a\n|l|\u26061nxane\n","uploadtime":1698049576,"views":12,"p1id":"1nxane","p2id":"0910a","formatid":"gen9anythinggoes","rating":1427,"private":0,"password":""}