{"id":"gen9anythinggoes-1987385932","p1":"Apple_dude4","p2":"ohboiArson","format":"[Gen 9] Anything Goes","log":"|j|\u2606Apple_dude4\n|j|\u2606ohboiArson\n|t:|1699584708\n|gametype|singles\n|player|p1|Apple_dude4|gambler|\n|player|p2|ohboiArson|mars|\n|teamsize|p1|6\n|teamsize|p2|6\n|gen|9\n|tier|[Gen 9] Anything Goes\n|rule|HP Percentage Mod: HP is shown in percentages\n|rule|Endless Battle Clause: Forcing endless battles is banned\n|clearpoke\n|poke|p1|Toxicroak, F|\n|poke|p1|Kommo-o, F|\n|poke|p1|Volcarona, M|\n|poke|p1|Crawdaunt, F|\n|poke|p1|Krookodile, F|\n|poke|p1|Eelektross, F|\n|poke|p2|Yanmega, F|\n|poke|p2|Morpeko, F|\n|poke|p2|Shaymin-Sky|\n|poke|p2|Pawmot, M|\n|poke|p2|Masquerain, F|\n|poke|p2|Rotom-Heat|\n|teampreview\n|c|\u2606Apple_dude4|les do this\n|c|\u2606ohboiArson|i dont have a gen 9 team of ag\n|c|\u2606ohboiArson|so yeah\n|c|\u2606ohboiArson|gonna use diz\n|\n|t:|1699584726\n|start\n|switch|p1a: Krookodile|Krookodile, F|100\/100\n|switch|p2a: Masque|Masquerain, F|100\/100\n|-ability|p2a: Masque|Intimidate|boost\n|-unboost|p1a: Krookodile|atk|1\n|-ability|p1a: Krookodile|Intimidate|boost\n|-unboost|p2a: Masque|atk|1\n|turn|1\n|c|\u2606Apple_dude4|ight\n|\n|t:|1699584733\n|move|p2a: Masque|Sticky Web|p1a: Krookodile\n|-sidestart|p1: Apple_dude4|move: Sticky Web\n|move|p1a: Krookodile|Hone Claws|p1a: Krookodile\n|-boost|p1a: Krookodile|atk|1\n|-boost|p1a: Krookodile|accuracy|1\n|\n|upkeep\n|turn|2\n|c|\u2606ohboiArson|I AM PHYSICAL\n|\n|t:|1699584738\n|move|p2a: Masque|Quiver Dance|p2a: Masque\n|-boost|p2a: Masque|spa|1\n|-boost|p2a: Masque|spd|1\n|-boost|p2a: Masque|spe|1\n|move|p1a: Krookodile|Hone Claws|p1a: Krookodile\n|-boost|p1a: Krookodile|atk|1\n|-boost|p1a: Krookodile|accuracy|1\n|\n|upkeep\n|turn|3\n|\n|t:|1699584746\n|move|p2a: Masque|Quiver Dance|p2a: Masque\n|-boost|p2a: Masque|spa|1\n|-boost|p2a: Masque|spd|1\n|-boost|p2a: Masque|spe|1\n|move|p1a: Krookodile|Hone Claws|p1a: Krookodile\n|-boost|p1a: Krookodile|atk|1\n|-boost|p1a: Krookodile|accuracy|1\n|\n|upkeep\n|turn|4\n|\n|t:|1699584756\n|move|p2a: Masque|Hurricane|p1a: Krookodile\n|-damage|p1a: Krookodile|0 fnt\n|faint|p1a: Krookodile\n|\n|upkeep\n|c|\u2606ohboiArson|GET EM BOI\n|c|\u2606Apple_dude4|oh dang\n|\n|t:|1699584766\n|switch|p1a: Crawdaunt|Crawdaunt, F|100\/100\n|-activate|p1a: Crawdaunt|move: Sticky Web\n|-unboost|p1a: Crawdaunt|spe|1\n|turn|5\n|\n|t:|1699584772\n|move|p2a: Masque|Hurricane|p1a: Crawdaunt|[miss]\n|-miss|p2a: Masque|p1a: Crawdaunt\n|move|p1a: Crawdaunt|Swords Dance|p1a: Crawdaunt\n|-boost|p1a: Crawdaunt|atk|2\n|\n|upkeep\n|turn|6\n|c|\u2606ohboiArson|GET EM BOI\n|\n|t:|1699584782\n|move|p2a: Masque|Hurricane|p1a: Crawdaunt\n|-damage|p1a: Crawdaunt|0 fnt\n|faint|p1a: Crawdaunt\n|\n|upkeep\n|c|\u2606Apple_dude4|buggo poewerful\n|\n|t:|1699584794\n|switch|p1a: Kommo-o|Kommo-o, F|100\/100\n|-activate|p1a: Kommo-o|move: Sticky Web\n|-unboost|p1a: Kommo-o|spe|1\n|turn|7\n|c|\u2606ohboiArson|y e s s\n|\n|t:|1699584798\n|move|p2a: Masque|Hurricane|p1a: Kommo-o\n|-supereffective|p1a: Kommo-o\n|-damage|p1a: Kommo-o|0 fnt\n|faint|p1a: Kommo-o\n|\n|upkeep\n|c|\u2606ohboiArson|GET EM BOI\n|c|\u2606ohboiArson|DONT MISS THOSE HURRICANESS\n|c|\u2606Apple_dude4|man im dead x.x\n|\n|t:|1699584812\n|switch|p1a: Eelektross|Eelektross, F|100\/100\n|turn|8\n|\n|t:|1699584816\n|move|p2a: Masque|Hurricane|p1a: Eelektross|[miss]\n|-miss|p2a: Masque|p1a: Eelektross\n|move|p1a: Eelektross|Thunder|p2a: Masque|[miss]\n|-miss|p1a: Eelektross|p2a: Masque\n|\n|upkeep\n|turn|9\n|c|\u2606ohboiArson|hes mastered the arts of hurricanes\n|c|\u2606Apple_dude4|noice\n|\n|t:|1699584830\n|move|p2a: Masque|Hurricane|p1a: Eelektross\n|-resisted|p1a: Eelektross\n|-damage|p1a: Eelektross|31\/100\n|move|p1a: Eelektross|Thunder|p2a: Masque|[miss]\n|-miss|p1a: Eelektross|p2a: Masque\n|\n|upkeep\n|turn|10\n|c|\u2606ohboiArson|uh funni idea\n|\n|t:|1699584837\n|move|p2a: Masque|Shadow Ball|p1a: Eelektross\n|-damage|p1a: Eelektross|0 fnt\n|faint|p1a: Eelektross\n|\n|upkeep\n|c|\u2606Apple_dude4|wha]\n|\n|t:|1699584843\n|switch|p1a: buggo no die|Volcarona, M|100\/100\n|-activate|p1a: buggo no die|move: Sticky Web\n|-unboost|p1a: buggo no die|spe|1\n|turn|11\n|c|\u2606ohboiArson|yeah it gets shadow ball\n|c|\u2606Apple_dude4|bUGGO NO DIE\n|\n|t:|1699584858\n|move|p2a: Masque|Hurricane|p1a: buggo no die|[miss]\n|-miss|p2a: Masque|p1a: buggo no die\n|move|p1a: buggo no die|Quiver Dance|p1a: buggo no die\n|-boost|p1a: buggo no die|spa|1\n|-boost|p1a: buggo no die|spd|1\n|-boost|p1a: buggo no die|spe|1\n|\n|upkeep\n|turn|12\n|c|\u2606ohboiArson|NO\n|c|\u2606Apple_dude4|YE\n|\n|t:|1699584869\n|move|p2a: Masque|Hurricane|p1a: buggo no die\n|-supereffective|p1a: buggo no die\n|-damage|p1a: buggo no die|0 fnt\n|faint|p1a: buggo no die\n|\n|upkeep\n|c|\u2606Apple_dude4|buggo do die\n|c|\u2606ohboiArson|(casually gets swept by masquerain\n|\n|t:|1699584880\n|switch|p1a: ninturt|Toxicroak, F|100\/100\n|-activate|p1a: ninturt|move: Sticky Web\n|-unboost|p1a: ninturt|spe|1\n|turn|13\n|\n|t:|1699584889\n|move|p1a: ninturt|Bullet Punch|p2a: Masque\n|-damage|p2a: Masque|84\/100\n|-status|p2a: Masque|psn|[from] ability: Poison Touch|[of] p1a: ninturt\n|move|p2a: Masque|Hurricane|p1a: ninturt\n|-supereffective|p1a: ninturt\n|-damage|p1a: ninturt|0 fnt\n|faint|p1a: ninturt\n|\n|win|ohboiArson\n|c|\u2606ohboiArson|toxicroak good mon\n|c|\u2606Apple_dude4|ye\n|c|\u2606Apple_dude4|gg\n|c|\u2606ohboiArson|gg\n|l|\u2606Apple_dude4\n|c|\u2606ohboiArson|6-0 Masquerain\n","uploadtime":1699584915,"views":10,"p1id":"appledude4","p2id":"ohboiarson","formatid":"gen9anythinggoes","rating":0,"private":0,"password":""}