{"id":"gen9anythinggoes-1972804640","p1":"sellllo","p2":"BigMommaBadger","format":"[Gen 9] Anything Goes","log":"|j|\u2606sellllo\n|j|\u2606BigMommaBadger\n|t:|1697897192\n|gametype|singles\n|player|p1|sellllo|byron|1287\n|player|p2|BigMommaBadger|cynthia-gen4|1232\n|teamsize|p1|6\n|teamsize|p2|6\n|gen|9\n|tier|[Gen 9] Anything Goes\n|rated|\n|rule|HP Percentage Mod: HP is shown in percentages\n|rule|Endless Battle Clause: Forcing endless battles is banned\n|clearpoke\n|poke|p1|Maushold-Four|\n|poke|p1|Gholdengo|\n|poke|p1|Dragonite, M|\n|poke|p1|Corviknight, M|\n|poke|p1|Iron Valiant|\n|poke|p1|Arboliva, F|\n|poke|p2|Skeledirge, M|\n|poke|p2|Quaquaval, M|\n|poke|p2|Meowscarada, F|\n|poke|p2|Fezandipiti, M|\n|poke|p2|Iron Treads|\n|poke|p2|Miraidon|\n|teampreview\n|inactive|Battle timer is ON: inactive players will automatically lose when time's up. (requested by BigMommaBadger)\n|inactive|sellllo also wants the timer to be on.\n|\n|t:|1697897201\n|start\n|switch|p1a: Arboliva|Arboliva, F|100\/100\n|switch|p2a: Sobek|Skeledirge, M, shiny|100\/100\n|turn|1\n|\n|t:|1697897228\n|move|p2a: Sobek|Torch Song|p1a: Arboliva\n|-supereffective|p1a: Arboliva\n|-crit|p1a: Arboliva\n|-damage|p1a: Arboliva|25\/100\n|-boost|p2a: Sobek|spa|1\n|-enditem|p1a: Arboliva|Sitrus Berry|[eat]\n|-heal|p1a: Arboliva|50\/100|[from] item: Sitrus Berry\n|move|p1a: Arboliva|Leech Seed|p2a: Sobek\n|-start|p2a: Sobek|move: Leech Seed\n|\n|-damage|p2a: Sobek|88\/100|[from] Leech Seed|[of] p1a: Arboliva\n|-heal|p1a: Arboliva|64\/100|[silent]\n|-item|p1a: Arboliva|Sitrus Berry|[from] ability: Harvest\n|upkeep\n|turn|2\n|inactive|sellllo has 120 seconds left.\n|\n|t:|1697897244\n|move|p2a: Sobek|Torch Song|p1a: Arboliva\n|-supereffective|p1a: Arboliva\n|-damage|p1a: Arboliva|0 fnt\n|-boost|p2a: Sobek|spa|1\n|faint|p1a: Arboliva\n|\n|upkeep\n|inactive|sellllo has 120 seconds left.\n|\n|t:|1697897253\n|switch|p1a: Maushold|Maushold-Four|100\/100\n|turn|3\n|inactive|sellllo has 120 seconds left.\n|\n|t:|1697897263\n|move|p1a: Maushold|Crunch|p2a: Sobek\n|-supereffective|p2a: Sobek\n|-damage|p2a: Sobek|58\/100\n|move|p2a: Sobek|Sing|p1a: Maushold\n|-status|p1a: Maushold|slp|[from] move: Sing\n|\n|-damage|p2a: Sobek|46\/100|[from] Leech Seed|[of] p1a: Maushold\n|upkeep\n|turn|4\n|inactive|sellllo has 120 seconds left.\n|\n|t:|1697897276\n|cant|p1a: Maushold|slp\n|move|p2a: Sobek|Torch Song|p1a: Maushold\n|-damage|p1a: Maushold|0 fnt\n|-boost|p2a: Sobek|spa|1\n|faint|p1a: Maushold\n|\n|upkeep\n|inactive|sellllo has 120 seconds left.\n|\n|t:|1697897294\n|switch|p1a: Gholdengo|Gholdengo|100\/100\n|turn|5\n|\n|t:|1697897298\n|move|p1a: Gholdengo|Shadow Ball|p2a: Sobek\n|-supereffective|p2a: Sobek\n|-damage|p2a: Sobek|0 fnt\n|faint|p2a: Sobek\n|-damage|p1a: Gholdengo|91\/100|[from] item: Life Orb\n|\n|upkeep\n|\n|t:|1697897302\n|switch|p2a: Donald|Quaquaval, M, shiny|100\/100\n|turn|6\n|\n|t:|1697897313\n|move|p2a: Donald|Knock Off|p1a: Gholdengo\n|-supereffective|p1a: Gholdengo\n|-damage|p1a: Gholdengo|12\/100\n|-enditem|p1a: Gholdengo|Life Orb|[from] move: Knock Off|[of] p2a: Donald\n|move|p1a: Gholdengo|Dazzling Gleam|p2a: Donald\n|-supereffective|p2a: Donald\n|-damage|p2a: Donald|27\/100\n|\n|upkeep\n|turn|7\n|\n|t:|1697897325\n|move|p2a: Donald|Aqua Step|p1a: Gholdengo\n|-damage|p1a: Gholdengo|0 fnt\n|-boost|p2a: Donald|spe|1\n|faint|p1a: Gholdengo\n|-ability|p2a: Donald|Moxie|boost\n|-boost|p2a: Donald|atk|1\n|\n|upkeep\n|inactive|sellllo has 120 seconds left.\n|\n|t:|1697897345\n|switch|p1a: Iron Valiant|Iron Valiant|100\/100\n|-enditem|p1a: Iron Valiant|Booster Energy\n|-activate|p1a: Iron Valiant|ability: Quark Drive|[fromitem]\n|-start|p1a: Iron Valiant|quarkdrivespe\n|turn|8\n|\n|t:|1697897353\n|move|p1a: Iron Valiant|Hypnosis|p2a: Donald\n|-status|p2a: Donald|slp|[from] move: Hypnosis\n|cant|p2a: Donald|slp\n|\n|upkeep\n|turn|9\n|inactive|sellllo has 120 seconds left.\n|\n|t:|1697897359\n|move|p1a: Iron Valiant|Charge Beam|p2a: Donald\n|-supereffective|p2a: Donald\n|-damage|p2a: Donald|0 fnt\n|faint|p2a: Donald\n|\n|upkeep\n|\n|t:|1697897361\n|switch|p2a: Masquerade|Meowscarada, F, shiny|100\/100\n|turn|10\n|inactive|sellllo has 120 seconds left.\n|\n|t:|1697897389\n|move|p1a: Iron Valiant|Dazzling Gleam|p2a: Masquerade\n|-supereffective|p2a: Masquerade\n|-damage|p2a: Masquerade|0 fnt\n|faint|p2a: Masquerade\n|\n|upkeep\n|\n|t:|1697897393\n|switch|p2a: Manny|Iron Treads, shiny|100\/100\n|-enditem|p2a: Manny|Booster Energy\n|-activate|p2a: Manny|ability: Quark Drive|[fromitem]\n|-start|p2a: Manny|quarkdrivespe\n|turn|11\n|inactive|sellllo has 120 seconds left.\n|\n|t:|1697897403\n|move|p1a: Iron Valiant|Close Combat|p2a: Manny\n|-supereffective|p2a: Manny\n|-damage|p2a: Manny|7\/100\n|-unboost|p1a: Iron Valiant|def|1\n|-unboost|p1a: Iron Valiant|spd|1\n|move|p2a: Manny|Iron Head|p1a: Iron Valiant\n|-supereffective|p1a: Iron Valiant\n|-damage|p1a: Iron Valiant|0 fnt\n|faint|p1a: Iron Valiant\n|-end|p1a: Iron Valiant|Quark Drive|[silent]\n|\n|upkeep\n|inactive|sellllo has 120 seconds left.\n|\n|t:|1697897413\n|switch|p1a: Dragonite|Dragonite, M|100\/100\n|turn|12\n|inactive|sellllo has 120 seconds left.\n|\n|t:|1697897418\n|move|p1a: Dragonite|Extreme Speed|p2a: Manny\n|-resisted|p2a: Manny\n|-damage|p2a: Manny|0 fnt\n|faint|p2a: Manny\n|-end|p2a: Manny|Quark Drive|[silent]\n|-damage|p1a: Dragonite|91\/100|[from] item: Life Orb\n|\n|upkeep\n|\n|t:|1697897420\n|switch|p2a: Unpheasant|Fezandipiti, M|100\/100\n|turn|13\n|inactive|sellllo has 120 seconds left.\n|\n|t:|1697897451\n|move|p2a: Unpheasant|Play Rough|p1a: Dragonite\n|-supereffective|p1a: Dragonite\n|-damage|p1a: Dragonite|16\/100\n|move|p1a: Dragonite|Earthquake|p2a: Unpheasant\n|-supereffective|p2a: Unpheasant\n|-damage|p2a: Unpheasant|0 fnt\n|faint|p2a: Unpheasant\n|-damage|p1a: Dragonite|6\/100|[from] item: Life Orb\n|\n|upkeep\n|\n|t:|1697897456\n|switch|p2a: Lung|Miraidon|100\/100\n|-fieldstart|move: Electric Terrain|[from] ability: Hadron Engine|[of] p2a: Lung\n|-enditem|p2a: Lung|Electric Seed\n|-boost|p2a: Lung|def|1|[from] item: Electric Seed\n|turn|14\n|\n|t:|1697897466\n|move|p1a: Dragonite|Extreme Speed|p2a: Lung\n|-damage|p2a: Lung|72\/100\n|-damage|p1a: Dragonite|0 fnt|[from] item: Life Orb\n|faint|p1a: Dragonite\n|move|p2a: Lung|Dragon Pulse|p1: Dragonite|[notarget]\n|-fail|p2a: Lung\n|\n|upkeep\n|\n|t:|1697897475\n|switch|p1a: Corviknight|Corviknight, M|100\/100\n|turn|15\n|inactive|sellllo has 120 seconds left.\n|c|\u2606BigMommaBadger|probably gg\n|\n|t:|1697897484\n|move|p2a: Lung|Electro Drift|p1a: Corviknight\n|-supereffective|p1a: Corviknight\n|-damage|p1a: Corviknight|0 fnt\n|faint|p1a: Corviknight\n|\n|win|BigMommaBadger\n|raw|sellllo's rating: 1287 &rarr; <strong>1258<\/strong><br \/>(-29 for losing)\n|raw|BigMommaBadger's rating: 1232 &rarr; <strong>1261<\/strong><br \/>(+29 for winning)\n","uploadtime":1697897489,"views":9,"p1id":"sellllo","p2id":"bigmommabadger","formatid":"gen9anythinggoes","rating":1258,"private":0,"password":""}