{"id":"gen9anythinggoes-1972812703","p1":"AceNotInUse","p2":"Dumbfudge","format":"[Gen 9] Anything Goes","log":"|j|\u2606AceNotInUse\n|j|\u2606Dumbfudge\n|t:|1697898150\n|gametype|singles\n|player|p1|AceNotInUse|n|1225\n|player|p2|Dumbfudge|blackbelt-gen4dp|1350\n|teamsize|p1|6\n|teamsize|p2|6\n|gen|9\n|tier|[Gen 9] Anything Goes\n|rated|\n|rule|HP Percentage Mod: HP is shown in percentages\n|rule|Endless Battle Clause: Forcing endless battles is banned\n|clearpoke\n|poke|p1|Gyarados, M|\n|poke|p1|Shaymin-Sky|\n|poke|p1|Zacian-*|\n|poke|p1|Typhlosion-Hisui, F|\n|poke|p1|Decidueye, M|\n|poke|p1|Koraidon|\n|poke|p2|Espathra, F|\n|poke|p2|Darkrai|\n|poke|p2|Breloom, F|\n|poke|p2|Tyranitar, F|\n|poke|p2|Calyrex-Shadow|\n|poke|p2|Grimmsnarl, M|\n|teampreview\n|\n|t:|1697898161\n|start\n|switch|p1a: Typhlosion|Typhlosion-Hisui, F|100\/100\n|switch|p2a: Darkrai|Darkrai|100\/100\n|turn|1\n|\n|t:|1697898168\n|move|p2a: Darkrai|Dark Pulse|p1a: Typhlosion\n|-supereffective|p1a: Typhlosion\n|-damage|p1a: Typhlosion|0 fnt\n|faint|p1a: Typhlosion\n|\n|upkeep\n|\n|t:|1697898173\n|switch|p1a: Zacian|Zacian-Crowned, shiny|100\/100\n|-ability|p1a: Zacian|Intrepid Sword|boost\n|-boost|p1a: Zacian|atk|1\n|turn|2\n|\n|t:|1697898181\n|move|p1a: Zacian|Moonblast|p2a: Darkrai\n|-supereffective|p2a: Darkrai\n|-damage|p2a: Darkrai|39\/100\n|move|p2a: Darkrai|Hex|p1a: Zacian\n|-damage|p1a: Zacian|81\/100\n|\n|upkeep\n|turn|3\n|\n|t:|1697898190\n|move|p1a: Zacian|Moonblast|p2a: Darkrai\n|-supereffective|p2a: Darkrai\n|-damage|p2a: Darkrai|0 fnt\n|faint|p2a: Darkrai\n|\n|upkeep\n|\n|t:|1697898200\n|switch|p2a: Grimmsnarl|Grimmsnarl, M|100\/100\n|turn|4\n|\n|t:|1697898208\n|move|p2a: Grimmsnarl|Reflect|p2a: Grimmsnarl\n|-sidestart|p2: Dumbfudge|Reflect\n|move|p1a: Zacian|Behemoth Blade|p2a: Grimmsnarl\n|-supereffective|p2a: Grimmsnarl\n|-damage|p2a: Grimmsnarl|28\/100\n|-damage|p1a: Zacian|64\/100|[from] item: Rocky Helmet|[of] p2a: Grimmsnarl\n|\n|upkeep\n|turn|5\n|\n|t:|1697898217\n|move|p2a: Grimmsnarl|Sucker Punch|p1a: Zacian\n|-resisted|p1a: Zacian\n|-damage|p1a: Zacian|53\/100\n|move|p1a: Zacian|Trailblaze|p2a: Grimmsnarl\n|-damage|p2a: Grimmsnarl|15\/100\n|-boost|p1a: Zacian|spe|1\n|-damage|p1a: Zacian|36\/100|[from] item: Rocky Helmet|[of] p2a: Grimmsnarl\n|\n|upkeep\n|turn|6\n|\n|t:|1697898237\n|move|p2a: Grimmsnarl|Sucker Punch||[still]\n|-fail|p2a: Grimmsnarl\n|move|p1a: Zacian|Swords Dance|p1a: Zacian\n|-boost|p1a: Zacian|atk|2\n|\n|upkeep\n|turn|7\n|\n|t:|1697898246\n|move|p2a: Grimmsnarl|Sucker Punch|p1a: Zacian\n|-resisted|p1a: Zacian\n|-damage|p1a: Zacian|22\/100\n|move|p1a: Zacian|Trailblaze|p2a: Grimmsnarl\n|-damage|p2a: Grimmsnarl|0 fnt\n|-boost|p1a: Zacian|spe|1\n|-damage|p1a: Zacian|6\/100|[from] item: Rocky Helmet|[of] p2a: Grimmsnarl\n|faint|p2a: Grimmsnarl\n|\n|upkeep\n|\n|t:|1697898258\n|switch|p2a: Calyrex|Calyrex-Shadow|100\/100\n|-ability|p2a: Calyrex|As One\n|-ability|p2a: Calyrex|Unnerve\n|turn|8\n|\n|t:|1697898269\n|move|p1a: Zacian|Behemoth Blade|p2a: Calyrex\n|-damage|p2a: Calyrex|17\/100\n|move|p2a: Calyrex|Astral Barrage|p1a: Zacian\n|-crit|p1a: Zacian\n|-damage|p1a: Zacian|0 fnt\n|faint|p1a: Zacian\n|-ability|p2a: Calyrex|Grim Neigh|boost\n|-boost|p2a: Calyrex|spa|1\n|\n|-heal|p2a: Calyrex|23\/100|[from] item: Leftovers\n|-sideend|p2: Dumbfudge|Reflect\n|upkeep\n|inactive|Battle timer is ON: inactive players will automatically lose when time's up. (requested by Dumbfudge)\n|\n|t:|1697898294\n|switch|p1a: Decidueye|Decidueye, M|100\/100\n|turn|9\n|\n|t:|1697898311\n|-terastallize|p1a: Decidueye|Bug\n|move|p2a: Calyrex|Astral Barrage|p1a: Decidueye\n|-damage|p1a: Decidueye|0 fnt\n|faint|p1a: Decidueye\n|-ability|p2a: Calyrex|Grim Neigh|boost\n|-boost|p2a: Calyrex|spa|1\n|\n|-heal|p2a: Calyrex|29\/100|[from] item: Leftovers\n|upkeep\n|\n|t:|1697898325\n|switch|p1a: Shaymin|Shaymin-Sky|100\/100\n|turn|10\n|\n|t:|1697898331\n|move|p2a: Calyrex|Astral Barrage|p1a: Shaymin\n|-damage|p1a: Shaymin|0 fnt\n|faint|p1a: Shaymin\n|-ability|p2a: Calyrex|Grim Neigh|boost\n|-boost|p2a: Calyrex|spa|1\n|\n|-heal|p2a: Calyrex|36\/100|[from] item: Leftovers\n|upkeep\n|\n|t:|1697898339\n|switch|p1a: Gyarados|Gyarados, M|100\/100\n|turn|11\n|\n|t:|1697898345\n|move|p2a: Calyrex|Astral Barrage|p1a: Gyarados\n|-damage|p1a: Gyarados|0 fnt\n|faint|p1a: Gyarados\n|-ability|p2a: Calyrex|Grim Neigh|boost\n|-boost|p2a: Calyrex|spa|1\n|\n|-heal|p2a: Calyrex|42\/100|[from] item: Leftovers\n|upkeep\n|\n|t:|1697898353\n|switch|p1a: Koraidon|Koraidon|100\/100\n|-weather|SunnyDay|[from] ability: Orichalcum Pulse|[of] p1a: Koraidon\n|-activate|p1a: Koraidon|Orichalcum Pulse|[source]\n|turn|12\n|\n|t:|1697898366\n|move|p1a: Koraidon|Draco Meteor|p2a: Calyrex\n|-damage|p2a: Calyrex|0 fnt\n|-unboost|p1a: Koraidon|spa|2\n|faint|p2a: Calyrex\n|\n|-weather|SunnyDay|[upkeep]\n|upkeep\n|\n|t:|1697898378\n|switch|p2a: Tyranitar|Tyranitar, F|100\/100\n|-weather|Sandstorm|[from] ability: Sand Stream|[of] p2a: Tyranitar\n|turn|13\n|\n|t:|1697898383\n|move|p1a: Koraidon|Collision Course|p2a: Tyranitar\n|-supereffective|p2a: Tyranitar\n|-damage|p2a: Tyranitar|0 fnt\n|-damage|p1a: Koraidon|84\/100|[from] item: Rocky Helmet|[of] p2a: Tyranitar\n|faint|p2a: Tyranitar\n|\n|-weather|Sandstorm|[upkeep]\n|-damage|p1a: Koraidon|78\/100|[from] Sandstorm\n|upkeep\n|\n|t:|1697898392\n|switch|p2a: Espathra|Espathra, F|100\/100\n|turn|14\n|\n|t:|1697898400\n|move|p2a: Espathra|Substitute|p2a: Espathra\n|-start|p2a: Espathra|Substitute\n|-damage|p2a: Espathra|76\/100\n|move|p1a: Koraidon|Dragon Tail|p2a: Espathra\n|-end|p2a: Espathra|Substitute\n|\n|-weather|Sandstorm|[upkeep]\n|-damage|p1a: Koraidon|72\/100|[from] Sandstorm\n|-damage|p2a: Espathra|70\/100|[from] Sandstorm\n|-ability|p2a: Espathra|Speed Boost|boost\n|-boost|p2a: Espathra|spe|1\n|upkeep\n|turn|15\n|\n|t:|1697898421\n|move|p2a: Espathra|Substitute|p2a: Espathra\n|-start|p2a: Espathra|Substitute\n|-damage|p2a: Espathra|45\/100\n|move|p1a: Koraidon|Dragon Tail|p2a: Espathra\n|-end|p2a: Espathra|Substitute\n|\n|-weather|Sandstorm|[upkeep]\n|-damage|p2a: Espathra|39\/100|[from] Sandstorm\n|-damage|p1a: Koraidon|66\/100|[from] Sandstorm\n|-ability|p2a: Espathra|Speed Boost|boost\n|-boost|p2a: Espathra|spe|1\n|upkeep\n|turn|16\n|\n|t:|1697898434\n|move|p2a: Espathra|Substitute|p2a: Espathra\n|-start|p2a: Espathra|Substitute\n|-damage|p2a: Espathra|14\/100\n|move|p1a: Koraidon|Dragon Tail|p2a: Espathra\n|-end|p2a: Espathra|Substitute\n|\n|-weather|Sandstorm|[upkeep]\n|-damage|p2a: Espathra|8\/100|[from] Sandstorm\n|-damage|p1a: Koraidon|60\/100|[from] Sandstorm\n|-ability|p2a: Espathra|Speed Boost|boost\n|-boost|p2a: Espathra|spe|1\n|upkeep\n|turn|17\n|\n|t:|1697898446\n|move|p2a: Espathra|Baton Pass|p2a: Espathra\n|\n|t:|1697898448\n|switch|p2a: Breloom|Breloom, F|100\/100|[from] Baton Pass\n|move|p1a: Koraidon|Dragon Tail|p2a: Breloom\n|-damage|p2a: Breloom|68\/100\n|drag|p2a: Espathra|Espathra, F|8\/100\n|\n|-weather|none\n|upkeep\n|turn|18\n|\n|t:|1697898463\n|move|p1a: Koraidon|Iron Head|p2a: Espathra\n|-damage|p2a: Espathra|0 fnt\n|faint|p2a: Espathra\n|\n|upkeep\n|\n|t:|1697898468\n|switch|p2a: Breloom|Breloom, F|68\/100\n|turn|19\n|\n|t:|1697898486\n|move|p1a: Koraidon|Draco Meteor|p2a: Breloom\n|-damage|p2a: Breloom|35\/100\n|-unboost|p1a: Koraidon|spa|2\n|move|p2a: Breloom|Spore|p1a: Koraidon\n|-status|p1a: Koraidon|slp|[from] move: Spore\n|\n|upkeep\n|turn|20\n|\n|t:|1697898495\n|cant|p1a: Koraidon|slp\n|move|p2a: Breloom|Substitute|p2a: Breloom\n|-start|p2a: Breloom|Substitute\n|-damage|p2a: Breloom|10\/100\n|\n|upkeep\n|turn|21\n|\n|t:|1697898501\n|cant|p1a: Koraidon|slp\n|move|p2a: Breloom|Bullet Seed|p1a: Koraidon\n|-resisted|p1a: Koraidon\n|-damage|p1a: Koraidon|54\/100 slp\n|-resisted|p1a: Koraidon\n|-damage|p1a: Koraidon|48\/100 slp\n|-hitcount|p1a: Koraidon|2\n|\n|upkeep\n|turn|22\n|\n|t:|1697898509\n|-curestatus|p1a: Koraidon|slp|[msg]\n|move|p1a: Koraidon|Draco Meteor|p2a: Breloom\n|-activate|p2a: Breloom|move: Substitute|[damage]\n|-unboost|p1a: Koraidon|spa|2\n|move|p2a: Breloom|Leech Seed|p1a: Koraidon\n|-start|p1a: Koraidon|move: Leech Seed\n|\n|-damage|p1a: Koraidon|36\/100|[from] Leech Seed|[of] p2a: Breloom\n|-heal|p2a: Breloom|23\/100|[silent]\n|upkeep\n|turn|23\n|\n|t:|1697898520\n|move|p1a: Koraidon|Collision Course|p2a: Breloom\n|-end|p2a: Breloom|Substitute\n|move|p2a: Breloom|Spore|p1a: Koraidon\n|-status|p1a: Koraidon|slp|[from] move: Spore\n|\n|-damage|p1a: Koraidon|24\/100 slp|[from] Leech Seed|[of] p2a: Breloom\n|-heal|p2a: Breloom|37\/100|[silent]\n|upkeep\n|turn|24\n|\n|t:|1697898531\n|cant|p1a: Koraidon|slp\n|move|p2a: Breloom|Substitute|p2a: Breloom\n|-start|p2a: Breloom|Substitute\n|-damage|p2a: Breloom|12\/100\n|\n|-damage|p1a: Koraidon|11\/100 slp|[from] Leech Seed|[of] p2a: Breloom\n|-heal|p2a: Breloom|25\/100|[silent]\n|upkeep\n|turn|25\n|\n|t:|1697898539\n|-curestatus|p1a: Koraidon|slp|[msg]\n|move|p1a: Koraidon|Collision Course|p2a: Breloom\n|-end|p2a: Breloom|Substitute\n|move|p2a: Breloom|Bullet Seed|p1a: Koraidon\n|-resisted|p1a: Koraidon\n|-damage|p1a: Koraidon|6\/100\n|-resisted|p1a: Koraidon\n|-damage|p1a: Koraidon|0 fnt\n|faint|p1a: Koraidon\n|-hitcount|p1: Koraidon|2\n|\n|win|Dumbfudge\n|raw|AceNotInUse's rating: 1225 &rarr; <strong>1209<\/strong><br \/>(-16 for losing)\n|raw|Dumbfudge's rating: 1350 &rarr; <strong>1363<\/strong><br \/>(+13 for winning)\n|c|\u2606AceNotInUse|gg\n|l|\u2606AceNotInUse\n","uploadtime":1697898564,"views":12,"p1id":"acenotinuse","p2id":"dumbfudge","formatid":"gen9anythinggoes","rating":1209,"private":0,"password":""}