{"id":"gen9anythinggoes-1993673460","p1":"INeverLoseiditos","p2":"hoenn militian","format":"[Gen 9] Anything Goes","log":"|j|\u2606INeverLoseiditos\n|j|\u2606hoenn militian\n|t:|1700344089\n|gametype|singles\n|player|p1|INeverLoseiditos|blackbelt-gen4dp|1538\n|player|p2|hoenn militian|266|1773\n|teamsize|p1|6\n|teamsize|p2|6\n|gen|9\n|tier|[Gen 9] Anything Goes\n|rated|\n|rule|HP Percentage Mod: HP is shown in percentages\n|rule|Endless Battle Clause: Forcing endless battles is banned\n|clearpoke\n|poke|p1|Arceus-Ground|\n|poke|p1|Cinderace, F|\n|poke|p1|Rayquaza|\n|poke|p1|Calyrex-Shadow|\n|poke|p1|Zacian-*|\n|poke|p1|Iron Bundle|\n|poke|p2|Miraidon|\n|poke|p2|Grimmsnarl, M|\n|poke|p2|Skeledirge, F|\n|poke|p2|Blissey, F|\n|poke|p2|Weezing-Galar, M|\n|poke|p2|Calyrex-Ice|\n|teampreview\n|inactive|Battle timer is ON: inactive players will automatically lose when time's up. (requested by INeverLoseiditos)\n|\n|t:|1700344112\n|start\n|switch|p1a: Iron Bundle|Iron Bundle|100\/100\n|switch|p2a: Calyrex|Calyrex-Ice|100\/100\n|-ability|p2a: Calyrex|As One\n|-ability|p2a: Calyrex|Unnerve\n|turn|1\n|\n|t:|1700344122\n|move|p1a: Iron Bundle|Taunt|p2a: Calyrex\n|-start|p2a: Calyrex|move: Taunt\n|move|p2a: Calyrex|High Horsepower|p1a: Iron Bundle\n|-damage|p1a: Iron Bundle|48\/100\n|\n|upkeep\n|turn|2\n|\n|t:|1700344129\n|move|p1a: Iron Bundle|Chilling Water|p2a: Calyrex\n|-damage|p2a: Calyrex|84\/100\n|-unboost|p2a: Calyrex|atk|1\n|move|p2a: Calyrex|Glacial Lance|p1a: Iron Bundle\n|-resisted|p1a: Iron Bundle\n|-damage|p1a: Iron Bundle|31\/100\n|\n|upkeep\n|turn|3\n|\n|t:|1700344136\n|move|p1a: Iron Bundle|Chilling Water|p2a: Calyrex\n|-damage|p2a: Calyrex|67\/100\n|-unboost|p2a: Calyrex|atk|1\n|move|p2a: Calyrex|High Horsepower|p1a: Iron Bundle\n|-damage|p1a: Iron Bundle|7\/100\n|\n|-end|p2a: Calyrex|move: Taunt\n|upkeep\n|turn|4\n|\n|t:|1700344145\n|move|p1a: Iron Bundle|Chilling Water|p2a: Calyrex\n|-damage|p2a: Calyrex|51\/100\n|-unboost|p2a: Calyrex|atk|1\n|move|p2a: Calyrex|Tera Blast|p1a: Iron Bundle\n|-damage|p1a: Iron Bundle|0 fnt\n|faint|p1a: Iron Bundle\n|-end|p1a: Iron Bundle|Quark Drive|[silent]\n|-ability|p2a: Calyrex|Chilling Neigh|boost\n|-boost|p2a: Calyrex|atk|1\n|\n|upkeep\n|c|\u2606INeverLoseiditos|Tera Blast\n|\n|t:|1700344158\n|switch|p1a: Zacian|Zacian-Crowned|100\/100\n|-ability|p1a: Zacian|Intrepid Sword|boost\n|-boost|p1a: Zacian|atk|1\n|turn|5\n|\n|t:|1700344162\n|switch|p2a: Skeledirge|Skeledirge, F|100\/100\n|move|p1a: Zacian|Trailblaze|p2a: Skeledirge\n|-resisted|p2a: Skeledirge\n|-damage|p2a: Skeledirge|95\/100\n|-boost|p1a: Zacian|spe|1\n|\n|upkeep\n|turn|6\n|\n|t:|1700344172\n|switch|p1a: Arceus|Arceus-Ground|100\/100\n|move|p2a: Skeledirge|Will-O-Wisp|p1a: Arceus\n|-status|p1a: Arceus|brn\n|\n|-damage|p1a: Arceus|94\/100 brn|[from] brn\n|upkeep\n|turn|7\n|\n|t:|1700344180\n|switch|p2a: Weezing|Weezing-Galar, M|100\/100\n|move|p1a: Arceus|Calm Mind|p1a: Arceus\n|-boost|p1a: Arceus|spa|1\n|-boost|p1a: Arceus|spd|1\n|\n|-damage|p1a: Arceus|88\/100 brn|[from] brn\n|upkeep\n|turn|8\n|\n|t:|1700344192\n|move|p1a: Arceus|Perish Song|p1a: Arceus\n|-start|p1a: Arceus|perish3|[silent]\n|-start|p2a: Weezing|perish3|[silent]\n|-fieldactivate|move: Perish Song\n|move|p2a: Weezing|Dazzling Gleam|p1a: Arceus\n|-crit|p1a: Arceus\n|-damage|p1a: Arceus|62\/100 brn\n|\n|-damage|p1a: Arceus|56\/100 brn|[from] brn\n|-start|p1a: Arceus|perish3\n|-start|p2a: Weezing|perish3\n|upkeep\n|turn|9\n|\n|t:|1700344206\n|move|p1a: Arceus|Rest|p1a: Arceus\n|-status|p1a: Arceus|slp|[from] move: Rest\n|-heal|p1a: Arceus|100\/100 slp|[silent]\n|move|p2a: Weezing|Pain Split|p1a: Arceus\n|-sethp|p1a: Arceus|94\/100 slp|[from] move: Pain Split|[silent]\n|-sethp|p2a: Weezing|100\/100|[from] move: Pain Split\n|\n|-start|p1a: Arceus|perish2\n|-start|p2a: Weezing|perish2\n|upkeep\n|turn|10\n|\n|t:|1700344223\n|switch|p1a: Cinderace|Cinderace, F|100\/100\n|switch|p2a: Calyrex|Calyrex-Ice|51\/100\n|-ability|p2a: Calyrex|As One\n|-ability|p2a: Calyrex|Unnerve\n|\n|upkeep\n|turn|11\n|\n|t:|1700344231\n|switch|p2a: Skeledirge|Skeledirge, F|95\/100\n|move|p1a: Cinderace|Pyro Ball|p2a: Skeledirge\n|-resisted|p2a: Skeledirge\n|-damage|p2a: Skeledirge|77\/100\n|\n|upkeep\n|turn|12\n|\n|t:|1700344238\n|switch|p1a: Arceus|Arceus-Ground|94\/100 slp\n|move|p2a: Skeledirge|Torch Song|p1a: Arceus\n|-damage|p1a: Arceus|70\/100 slp\n|-boost|p2a: Skeledirge|spa|1\n|\n|upkeep\n|turn|13\n|\n|t:|1700344245\n|cant|p1a: Arceus|slp\n|move|p2a: Skeledirge|Torch Song|p1a: Arceus\n|-damage|p1a: Arceus|37\/100 slp\n|-boost|p2a: Skeledirge|spa|1\n|\n|upkeep\n|turn|14\n|\n|t:|1700344255\n|cant|p1a: Arceus|slp\n|move|p2a: Skeledirge|Torch Song|p1a: Arceus\n|-damage|p1a: Arceus|0 fnt\n|-boost|p2a: Skeledirge|spa|1\n|faint|p1a: Arceus\n|\n|upkeep\n|\n|t:|1700344261\n|switch|p1a: Rayquaza|Rayquaza|100\/100\n|-ability|p1a: Rayquaza|Air Lock\n|turn|15\n|\n|t:|1700344270\n|move|p1a: Rayquaza|Earthquake|p2a: Skeledirge\n|-supereffective|p2a: Skeledirge\n|-crit|p2a: Skeledirge\n|-damage|p2a: Skeledirge|11\/100\n|move|p2a: Skeledirge|Slack Off|p2a: Skeledirge\n|-heal|p2a: Skeledirge|61\/100\n|\n|upkeep\n|turn|16\n|\n|t:|1700344280\n|-terastallize|p2a: Skeledirge|Flying\n|move|p1a: Rayquaza|Earthquake|p2a: Skeledirge\n|-immune|p2a: Skeledirge\n|move|p2a: Skeledirge|Slack Off|p2a: Skeledirge\n|-heal|p2a: Skeledirge|100\/100\n|\n|upkeep\n|turn|17\n|\n|t:|1700344287\n|switch|p1a: Cinderace|Cinderace, F|100\/100\n|move|p2a: Skeledirge|Will-O-Wisp|p1a: Cinderace\n|-immune|p1a: Cinderace\n|\n|upkeep\n|turn|18\n|\n|t:|1700344293\n|move|p1a: Cinderace|Pyro Ball|p2a: Skeledirge\n|-damage|p2a: Skeledirge|64\/100\n|move|p2a: Skeledirge|Slack Off|p2a: Skeledirge\n|-heal|p2a: Skeledirge|100\/100\n|\n|upkeep\n|turn|19\n|c|\u2606INeverLoseiditos|!weakness Flying\n|c| INeverLoseiditos|\/raw <div class=\"infobox\">Flying:<br \/><span class=\"message-effect-weak\">Weaknesses<\/span>: Electric, Ice, Rock<br \/><span class=\"message-effect-resist\">Resistances<\/span>: Bug, Fighting, Grass<br \/><span class=\"message-effect-immune\">Immunities<\/span>: Ground<\/div>\n|\n|t:|1700344302\n|switch|p2a: Weezing|Weezing-Galar, M|100\/100\n|move|p1a: Cinderace|Pyro Ball|p2a: Weezing\n|-damage|p2a: Weezing|60\/100\n|\n|upkeep\n|turn|20\n|\n|t:|1700344309\n|move|p1a: Cinderace|Pyro Ball|p2a: Weezing\n|-damage|p2a: Weezing|21\/100\n|-status|p2a: Weezing|brn\n|move|p2a: Weezing|Pain Split|p1a: Cinderace\n|-sethp|p1a: Cinderace|62\/100|[from] move: Pain Split|[silent]\n|-sethp|p2a: Weezing|56\/100 brn|[from] move: Pain Split\n|\n|-damage|p2a: Weezing|50\/100 brn|[from] brn\n|upkeep\n|turn|21\n|\n|t:|1700344319\n|move|p1a: Cinderace|Pyro Ball|p2a: Weezing\n|-damage|p2a: Weezing|13\/100 brn\n|move|p2a: Weezing|Toxic|p1a: Cinderace\n|-status|p1a: Cinderace|tox\n|\n|-damage|p1a: Cinderace|56\/100 tox|[from] psn\n|-damage|p2a: Weezing|7\/100 brn|[from] brn\n|upkeep\n|turn|22\n|\n|t:|1700344328\n|move|p1a: Cinderace|Pyro Ball|p2a: Weezing\n|-damage|p2a: Weezing|0 fnt\n|faint|p2a: Weezing\n|\n|-damage|p1a: Cinderace|44\/100 tox|[from] psn\n|upkeep\n|\n|t:|1700344335\n|switch|p2a: Miraidon|Miraidon|100\/100\n|-fieldstart|move: Electric Terrain|[from] ability: Hadron Engine|[of] p2a: Miraidon\n|turn|23\n|\n|t:|1700344343\n|move|p1a: Cinderace|Sucker Punch|p2a: Miraidon\n|-start|p1a: Cinderace|typechange|Dark|[from] ability: Libero\n|-damage|p2a: Miraidon|66\/100\n|move|p2a: Miraidon|Electro Drift|p1a: Cinderace\n|-damage|p1a: Cinderace|0 fnt\n|faint|p1a: Cinderace\n|\n|upkeep\n|\n|t:|1700344359\n|switch|p1a: Calyrex|Calyrex-Shadow|100\/100\n|-ability|p1a: Calyrex|As One\n|-ability|p1a: Calyrex|Unnerve\n|turn|24\n|\n|t:|1700344366\n|switch|p2a: Grimmsnarl|Grimmsnarl, M|100\/100\n|move|p1a: Calyrex|Draining Kiss|p2a: Grimmsnarl\n|-supereffective|p2a: Grimmsnarl\n|-damage|p2a: Grimmsnarl|66\/100\n|\n|upkeep\n|turn|25\n|\n|t:|1700344377\n|switch|p1a: Zacian|Zacian-Crowned|100\/100\n|move|p2a: Grimmsnarl|Thunder Wave|p1a: Zacian\n|-status|p1a: Zacian|par\n|\n|upkeep\n|turn|26\n|\n|t:|1700344384\n|switch|p2a: Skeledirge|Skeledirge, F, tera:Flying|100\/100\n|move|p1a: Zacian|Behemoth Blade|p2a: Skeledirge\n|-damage|p2a: Skeledirge|65\/100\n|\n|upkeep\n|turn|27\n|inactive|INeverLoseiditos has 120 seconds left.\n|inactive|INeverLoseiditos has 90 seconds left.\n|inactive|INeverLoseiditos has 60 seconds left.\n|\n|t:|1700344478\n|switch|p1a: Rayquaza|Rayquaza|100\/100\n|-ability|p1a: Rayquaza|Air Lock\n|move|p2a: Skeledirge|Slack Off|p2a: Skeledirge\n|-heal|p2a: Skeledirge|100\/100\n|\n|-fieldend|move: Electric Terrain\n|upkeep\n|turn|28\n|\n|t:|1700344487\n|switch|p1a: Calyrex|Calyrex-Shadow|100\/100\n|-ability|p1a: Calyrex|As One\n|-ability|p1a: Calyrex|Unnerve\n|move|p2a: Skeledirge|Will-O-Wisp|p1a: Calyrex\n|-status|p1a: Calyrex|brn\n|\n|-damage|p1a: Calyrex|94\/100 brn|[from] brn\n|upkeep\n|turn|29\n|inactive|INeverLoseiditos has 60 seconds left.\n|\n|t:|1700344505\n|switch|p1a: Rayquaza|Rayquaza|100\/100\n|-ability|p1a: Rayquaza|Air Lock\n|switch|p2a: Blissey|Blissey, F|100\/100\n|\n|upkeep\n|turn|30\n|\n|t:|1700344514\n|switch|p2a: Calyrex|Calyrex-Ice|51\/100\n|-ability|p2a: Calyrex|As One\n|-ability|p2a: Calyrex|Unnerve\n|move|p1a: Rayquaza|Dragon Ascent|p2a: Calyrex\n|-damage|p2a: Calyrex|11\/100\n|-unboost|p1a: Rayquaza|def|1\n|-unboost|p1a: Rayquaza|spd|1\n|\n|upkeep\n|turn|31\n|\n|t:|1700344524\n|move|p1a: Rayquaza|Dragon Ascent|p2a: Calyrex\n|-damage|p2a: Calyrex|0 fnt\n|-unboost|p1a: Rayquaza|def|1\n|-unboost|p1a: Rayquaza|spd|1\n|faint|p2a: Calyrex\n|\n|upkeep\n|\n|t:|1700344530\n|switch|p2a: Miraidon|Miraidon|66\/100\n|-fieldstart|move: Electric Terrain|[from] ability: Hadron Engine|[of] p2a: Miraidon\n|turn|32\n|c|\u2606INeverLoseiditos|Thank you sir\n|\n|t:|1700344539\n|move|p2a: Miraidon|Electro Drift|p1a: Rayquaza\n|-enditem|p1a: Rayquaza|Focus Sash\n|-damage|p1a: Rayquaza|1\/100\n|move|p1a: Rayquaza|Earthquake|p2a: Miraidon\n|-supereffective|p2a: Miraidon\n|-damage|p2a: Miraidon|0 fnt\n|faint|p2a: Miraidon\n|\n|upkeep\n|\n|t:|1700344547\n|switch|p2a: Grimmsnarl|Grimmsnarl, M|66\/100\n|turn|33\n|\n|t:|1700344551\n|switch|p1a: Zacian|Zacian-Crowned|100\/100 par\n|move|p2a: Grimmsnarl|Sucker Punch||[still]\n|-fail|p2a: Grimmsnarl\n|\n|upkeep\n|turn|34\n|\n|t:|1700344557\n|move|p2a: Grimmsnarl|Parting Shot|p1a: Zacian\n|-unboost|p1a: Zacian|atk|1\n|-unboost|p1a: Zacian|spa|1\n|\n|t:|1700344561\n|switch|p2a: Skeledirge|Skeledirge, F, tera:Flying|100\/100|[from] Parting Shot\n|move|p1a: Zacian|Behemoth Blade|p2a: Skeledirge\n|-damage|p2a: Skeledirge|63\/100\n|\n|upkeep\n|turn|35\n|\n|t:|1700344572\n|switch|p1a: Calyrex|Calyrex-Shadow|94\/100 brn\n|-ability|p1a: Calyrex|As One\n|-ability|p1a: Calyrex|Unnerve\n|move|p2a: Skeledirge|Slack Off|p2a: Skeledirge\n|-heal|p2a: Skeledirge|100\/100\n|\n|-damage|p1a: Calyrex|88\/100 brn|[from] brn\n|upkeep\n|turn|36\n|\n|t:|1700344584\n|switch|p2a: Blissey|Blissey, F|100\/100\n|-terastallize|p1a: Calyrex|Normal\n|move|p1a: Calyrex|Taunt|p2a: Blissey\n|-start|p2a: Blissey|move: Taunt\n|\n|-damage|p1a: Calyrex|82\/100 brn|[from] brn\n|-fieldend|move: Electric Terrain\n|upkeep\n|turn|37\n|\n|t:|1700344593\n|switch|p1a: Zacian|Zacian-Crowned|100\/100 par\n|switch|p2a: Grimmsnarl|Grimmsnarl, M|66\/100\n|\n|upkeep\n|turn|38\n|\n|t:|1700344601\n|move|p2a: Grimmsnarl|Parting Shot|p1a: Zacian\n|-unboost|p1a: Zacian|atk|1\n|-unboost|p1a: Zacian|spa|1\n|\n|t:|1700344605\n|switch|p2a: Skeledirge|Skeledirge, F, tera:Flying|100\/100|[from] Parting Shot\n|move|p1a: Zacian|Behemoth Blade|p2a: Skeledirge\n|-damage|p2a: Skeledirge|64\/100\n|\n|upkeep\n|turn|39\n|\n|t:|1700344615\n|move|p1a: Zacian|Behemoth Blade|p2a: Skeledirge\n|-damage|p2a: Skeledirge|29\/100\n|move|p2a: Skeledirge|Slack Off|p2a: Skeledirge\n|-heal|p2a: Skeledirge|79\/100\n|\n|upkeep\n|turn|40\n|\n|t:|1700344624\n|switch|p1a: Calyrex|Calyrex-Shadow, tera:Normal|82\/100 brn\n|-ability|p1a: Calyrex|As One\n|-ability|p1a: Calyrex|Unnerve\n|move|p2a: Skeledirge|Torch Song|p1a: Calyrex\n|-damage|p1a: Calyrex|50\/100 brn\n|-boost|p2a: Skeledirge|spa|1\n|\n|-damage|p1a: Calyrex|44\/100 brn|[from] brn\n|upkeep\n|turn|41\n|\n|t:|1700344639\n|switch|p2a: Blissey|Blissey, F|100\/100\n|move|p1a: Calyrex|Dark Pulse|p2a: Blissey\n|-damage|p2a: Blissey|91\/100\n|\n|-damage|p1a: Calyrex|38\/100 brn|[from] brn\n|upkeep\n|turn|42\n|\n|t:|1700344646\n|move|p1a: Calyrex|Taunt|p2a: Blissey\n|-start|p2a: Blissey|move: Taunt\n|move|p2a: Blissey|Seismic Toss|p1a: Calyrex\n|-damage|p1a: Calyrex|9\/100 brn\n|\n|-damage|p1a: Calyrex|3\/100 brn|[from] brn\n|upkeep\n|turn|43\n|\n|t:|1700344656\n|move|p1a: Calyrex|Draining Kiss|p2a: Blissey\n|-damage|p2a: Blissey|85\/100\n|-heal|p1a: Calyrex|12\/100 brn|[from] drain|[of] p2a: Blissey\n|move|p2a: Blissey|Seismic Toss|p1a: Calyrex\n|-damage|p1a: Calyrex|0 fnt\n|faint|p1a: Calyrex\n|\n|upkeep\n|\n|t:|1700344663\n|switch|p1a: Rayquaza|Rayquaza|1\/100\n|-ability|p1a: Rayquaza|Air Lock\n|turn|44\n|\n|t:|1700344671\n|move|p1a: Rayquaza|Dragon Ascent|p2a: Blissey\n|-damage|p2a: Blissey|0 fnt\n|-unboost|p1a: Rayquaza|def|1\n|-unboost|p1a: Rayquaza|spd|1\n|faint|p2a: Blissey\n|\n|upkeep\n|\n|t:|1700344680\n|switch|p2a: Grimmsnarl|Grimmsnarl, M|66\/100\n|turn|45\n|\n|t:|1700344686\n|move|p1a: Rayquaza|Extreme Speed|p2a: Grimmsnarl\n|-damage|p2a: Grimmsnarl|28\/100\n|move|p2a: Grimmsnarl|Spirit Break|p1a: Rayquaza\n|-supereffective|p1a: Rayquaza\n|-damage|p1a: Rayquaza|0 fnt\n|faint|p1a: Rayquaza\n|\n|upkeep\n|c|\u2606INeverLoseiditos|Nice\n|\n|t:|1700344707\n|switch|p1a: Zacian|Zacian-Crowned|100\/100 par\n|turn|46\n|\n|t:|1700344711\n|move|p2a: Grimmsnarl|Sucker Punch|p1a: Zacian\n|-resisted|p1a: Zacian\n|-damage|p1a: Zacian|87\/100 par\n|cant|p1a: Zacian|par\n|\n|upkeep\n|turn|47\n|\n|t:|1700344718\n|move|p2a: Grimmsnarl|Sucker Punch|p1a: Zacian\n|-resisted|p1a: Zacian\n|-damage|p1a: Zacian|74\/100 par\n|move|p1a: Zacian|Behemoth Blade|p2a: Grimmsnarl\n|-supereffective|p2a: Grimmsnarl\n|-damage|p2a: Grimmsnarl|0 fnt\n|faint|p2a: Grimmsnarl\n|\n|upkeep\n|\n|t:|1700344726\n|switch|p2a: Skeledirge|Skeledirge, F, tera:Flying|79\/100\n|turn|48\n|\n|t:|1700344733\n|cant|p1a: Zacian|par\n|move|p2a: Skeledirge|Torch Song|p1a: Zacian\n|-supereffective|p1a: Zacian\n|-damage|p1a: Zacian|18\/100 par\n|-boost|p2a: Skeledirge|spa|1\n|\n|upkeep\n|turn|49\n|c|\u2606hoenn militian|thank you sir\n|c|\u2606hoenn militian|lol\n|c|\u2606hoenn militian|gg\n|\n|t:|1700344750\n|move|p1a: Zacian|Behemoth Blade|p2a: Skeledirge\n|-damage|p2a: Skeledirge|41\/100\n|move|p2a: Skeledirge|Torch Song|p1a: Zacian\n|-supereffective|p1a: Zacian\n|-damage|p1a: Zacian|0 fnt\n|-boost|p2a: Skeledirge|spa|1\n|faint|p1a: Zacian\n|\n|win|hoenn militian\n|raw|INeverLoseiditos's rating: 1538 &rarr; <strong>1530<\/strong><br \/>(-8 for losing)\n|raw|hoenn militian's rating: 1773 &rarr; <strong>1781<\/strong><br \/>(+8 for winning)\n|c|\u2606INeverLoseiditos|My fake team\n|l|\u2606INeverLoseiditos\n","uploadtime":1700344788,"views":4,"p1id":"ineverloseiditos","p2id":"hoennmilitian","formatid":"gen9anythinggoes","rating":1530,"private":0,"password":""}