{"id":"gen9anythinggoes-1988087197","p1":"cattya","p2":"GRN Sylv 28","format":"[Gen 9] Anything Goes","log":"|j|\u203dcattya\n|j|\u2606GRN Sylv 28\n|t:|1699667947\n|gametype|singles\n|player|p1|cattya|265|1095\n|player|p2|GRN Sylv 28|cynthia|1000\n|teamsize|p1|6\n|teamsize|p2|6\n|gen|9\n|tier|[Gen 9] Anything Goes\n|rated|\n|rule|HP Percentage Mod: HP is shown in percentages\n|rule|Endless Battle Clause: Forcing endless battles is banned\n|clearpoke\n|poke|p1|Glimmora, F|\n|poke|p1|Spiritomb, F|\n|poke|p1|Iron Hands|\n|poke|p1|Samurott-Hisui, M|\n|poke|p1|Rayquaza|\n|poke|p1|Kingambit, M|\n|poke|p2|Hydreigon, F|\n|poke|p2|Palkia|\n|poke|p2|Annihilape, F|\n|poke|p2|Ursaluna-Bloodmoon, M|\n|poke|p2|Snorlax, M|\n|poke|p2|Garchomp, F|\n|teampreview\n|\n|t:|1699667962\n|start\n|switch|p1a: Glimmora|Glimmora, F|100\/100\n|switch|p2a: Space|Palkia|100\/100\n|-ability|p2a: Space|Pressure\n|-item|p1a: Glimmora|Air Balloon\n|turn|1\n|\n|t:|1699667981\n|move|p2a: Space|Waterfall|p1a: Glimmora\n|-supereffective|p1a: Glimmora\n|-damage|p1a: Glimmora|5\/100\n|-activate|p1a: Glimmora|ability: Toxic Debris\n|-sidestart|p2: GRN Sylv 28|move: Toxic Spikes\n|-enditem|p1a: Glimmora|Air Balloon\n|move|p1a: Glimmora|Stealth Rock|p2a: Space\n|-sidestart|p2: GRN Sylv 28|move: Stealth Rock\n|\n|upkeep\n|turn|2\n|\n|t:|1699667996\n|move|p2a: Space|Flamethrower|p1a: Glimmora\n|-resisted|p1a: Glimmora\n|-damage|p1a: Glimmora|0 fnt\n|faint|p1a: Glimmora\n|\n|upkeep\n|\n|t:|1699668010\n|switch|p1a: Rayquaza|Rayquaza|100\/100\n|-ability|p1a: Rayquaza|Air Lock\n|turn|3\n|\n|t:|1699668024\n|move|p1a: Rayquaza|Thunderbolt|p2a: Space\n|-damage|p2a: Space|71\/100\n|-damage|p1a: Rayquaza|91\/100|[from] item: Life Orb\n|move|p2a: Space|Spacial Rend|p1a: Rayquaza\n|-supereffective|p1a: Rayquaza\n|-damage|p1a: Rayquaza|0 fnt\n|faint|p1a: Rayquaza\n|\n|upkeep\n|\n|t:|1699668038\n|switch|p1a: Spiritomb|Spiritomb, F, shiny|100\/100\n|turn|4\n|\n|t:|1699668051\n|move|p2a: Space|Spacial Rend|p1a: Spiritomb\n|-damage|p1a: Spiritomb|33\/100\n|move|p1a: Spiritomb|Will-O-Wisp|p2a: Space|[miss]\n|-miss|p1a: Spiritomb|p2a: Space\n|\n|-status|p1a: Spiritomb|brn|[from] item: Flame Orb\n|upkeep\n|turn|5\n|\n|t:|1699668059\n|move|p2a: Space|Waterfall|p1a: Spiritomb\n|-damage|p1a: Spiritomb|0 fnt\n|faint|p1a: Spiritomb\n|\n|upkeep\n|\n|t:|1699668065\n|switch|p1a: Iron Hands|Iron Hands|100\/100\n|-enditem|p1a: Iron Hands|Booster Energy\n|-activate|p1a: Iron Hands|ability: Quark Drive|[fromitem]\n|-start|p1a: Iron Hands|quarkdriveatk\n|turn|6\n|\n|t:|1699668073\n|move|p1a: Iron Hands|Fake Out|p2a: Space\n|-damage|p2a: Space|52\/100\n|cant|p2a: Space|flinch\n|\n|upkeep\n|turn|7\n|\n|t:|1699668078\n|move|p2a: Space|Earthquake|p1a: Iron Hands\n|-supereffective|p1a: Iron Hands\n|-damage|p1a: Iron Hands|61\/100\n|move|p1a: Iron Hands|Drain Punch|p2a: Space\n|-damage|p2a: Space|0 fnt\n|-heal|p1a: Iron Hands|78\/100|[from] drain|[of] p2a: Space\n|faint|p2a: Space\n|\n|upkeep\n|\n|t:|1699668090\n|switch|p2a: Death.|Garchomp, F|100\/100\n|-status|p2a: Death.|psn\n|-damage|p2a: Death.|94\/100 psn|[from] Stealth Rock\n|turn|8\n|\n|t:|1699668100\n|-terastallize|p1a: Iron Hands|Fighting\n|move|p2a: Death.|Draco Meteor|p1a: Iron Hands\n|-damage|p1a: Iron Hands|44\/100\n|-unboost|p2a: Death.|spa|2\n|move|p1a: Iron Hands|Belly Drum||[still]\n|-fail|p1a: Iron Hands\n|\n|-damage|p2a: Death.|82\/100 psn|[from] psn\n|upkeep\n|turn|9\n|\n|t:|1699668110\n|move|p2a: Death.|Sandstorm|p2a: Death.\n|-weather|Sandstorm\n|move|p1a: Iron Hands|Drain Punch|p2a: Death.\n|-damage|p2a: Death.|21\/100 psn\n|-heal|p1a: Iron Hands|69\/100|[from] drain|[of] p2a: Death.\n|\n|-weather|Sandstorm|[upkeep]\n|-damage|p1a: Iron Hands|63\/100|[from] Sandstorm\n|-damage|p2a: Death.|8\/100 psn|[from] psn\n|upkeep\n|turn|10\n|\n|t:|1699668122\n|move|p2a: Death.|Iron Head|p1a: Iron Hands\n|-damage|p1a: Iron Hands|49\/100\n|move|p1a: Iron Hands|Drain Punch|p2a: Death.\n|-damage|p2a: Death.|0 fnt\n|-heal|p1a: Iron Hands|52\/100|[from] drain|[of] p2a: Death.\n|faint|p2a: Death.\n|\n|-weather|Sandstorm|[upkeep]\n|-damage|p1a: Iron Hands|46\/100|[from] Sandstorm\n|upkeep\n|\n|t:|1699668134\n|switch|p2a: Ghost Busters|Ursaluna-Bloodmoon, M|100\/100\n|-status|p2a: Ghost Busters|psn\n|-damage|p2a: Ghost Busters|94\/100 psn|[from] Stealth Rock\n|turn|11\n|\n|t:|1699668140\n|move|p2a: Ghost Busters|Blood Moon|p1a: Iron Hands\n|-damage|p1a: Iron Hands|0 fnt\n|faint|p1a: Iron Hands\n|-end|p1a: Iron Hands|Quark Drive|[silent]\n|\n|-weather|Sandstorm|[upkeep]\n|-damage|p2a: Ghost Busters|82\/100 psn|[from] psn\n|upkeep\n|\n|t:|1699668147\n|switch|p1a: Samurott|Samurott-Hisui, M|100\/100\n|turn|12\n|\n|t:|1699668155\n|move|p1a: Samurott|Sacred Sword|p2a: Ghost Busters\n|-supereffective|p2a: Ghost Busters\n|-damage|p2a: Ghost Busters|15\/100 psn\n|move|p2a: Ghost Busters|Rock Slide|p1a: Samurott\n|-damage|p1a: Samurott|84\/100\n|\n|-weather|Sandstorm|[upkeep]\n|-damage|p1a: Samurott|77\/100|[from] Sandstorm\n|-damage|p2a: Ghost Busters|3\/100 psn|[from] psn\n|upkeep\n|turn|13\n|\n|t:|1699668165\n|move|p1a: Samurott|Sacred Sword|p2a: Ghost Busters\n|-supereffective|p2a: Ghost Busters\n|-damage|p2a: Ghost Busters|0 fnt\n|faint|p2a: Ghost Busters\n|\n|-weather|Sandstorm|[upkeep]\n|-damage|p1a: Samurott|71\/100|[from] Sandstorm\n|upkeep\n|\n|t:|1699668180\n|switch|p2a: Banangry|Annihilape, F|100\/100\n|-status|p2a: Banangry|psn\n|-damage|p2a: Banangry|94\/100 psn|[from] Stealth Rock\n|turn|14\n|\n|t:|1699668188\n|move|p1a: Samurott|Drill Run|p2a: Banangry\n|-damage|p2a: Banangry|67\/100 psn\n|move|p2a: Banangry|Fling|p1a: Samurott\n|-resisted|p1a: Samurott\n|-damage|p1a: Samurott|53\/100\n|-enditem|p2a: Banangry|Rare Bone|[from] move: Fling\n|\n|-weather|Sandstorm|[upkeep]\n|-damage|p1a: Samurott|47\/100|[from] Sandstorm\n|-damage|p2a: Banangry|61\/100 psn|[from] Sandstorm\n|-damage|p2a: Banangry|49\/100 psn|[from] psn\n|upkeep\n|turn|15\n|\n|t:|1699668212\n|move|p1a: Samurott|Drill Run|p2a: Banangry\n|-damage|p2a: Banangry|23\/100 psn\n|move|p2a: Banangry|Acrobatics|p1a: Samurott\n|-damage|p1a: Samurott|10\/100\n|\n|-weather|Sandstorm|[upkeep]\n|-damage|p1a: Samurott|3\/100|[from] Sandstorm\n|-damage|p2a: Banangry|17\/100 psn|[from] Sandstorm\n|-damage|p2a: Banangry|4\/100 psn|[from] psn\n|upkeep\n|turn|16\n|\n|t:|1699668223\n|move|p1a: Samurott|Drill Run|p2a: Banangry\n|-damage|p2a: Banangry|0 fnt\n|faint|p2a: Banangry\n|\n|-weather|none\n|upkeep\n|\n|t:|1699668228\n|switch|p2a: Cerebus|Hydreigon, F, shiny|100\/100\n|-damage|p2a: Cerebus|88\/100|[from] Stealth Rock\n|turn|17\n|\n|t:|1699668240\n|move|p1a: Samurott|Sacred Sword|p2a: Cerebus\n|-supereffective|p2a: Cerebus\n|-damage|p2a: Cerebus|1\/100\n|move|p2a: Cerebus|Tri Attack|p1a: Samurott\n|-damage|p1a: Samurott|0 fnt\n|faint|p1a: Samurott\n|\n|upkeep\n|\n|t:|1699668248\n|switch|p1a: Kingambit|Kingambit, M|100\/100\n|-activate|p1a: Kingambit|ability: Supreme Overlord\n|-start|p1a: Kingambit|fallen5|[silent]\n|-item|p1a: Kingambit|Air Balloon\n|turn|18\n|\n|t:|1699668258\n|move|p2a: Cerebus|U-turn|p1a: Kingambit\n|-damage|p1a: Kingambit|86\/100\n|-enditem|p1a: Kingambit|Air Balloon\n|\n|t:|1699668267\n|switch|p2a: Chilling|Snorlax, M|100\/100|[from] U-turn\n|-status|p2a: Chilling|psn\n|-damage|p2a: Chilling|88\/100 psn|[from] Stealth Rock\n|move|p1a: Kingambit|X-Scissor|p2a: Chilling\n|-damage|p2a: Chilling|57\/100 psn\n|-damage|p1a: Kingambit|70\/100|[from] item: Rocky Helmet|[of] p2a: Chilling\n|\n|-damage|p2a: Chilling|45\/100 psn|[from] psn\n|upkeep\n|turn|19\n|\n|t:|1699668279\n|move|p1a: Kingambit|Grass Knot|p2a: Chilling\n|-damage|p2a: Chilling|28\/100 psn\n|-damage|p1a: Kingambit|53\/100|[from] item: Rocky Helmet|[of] p2a: Chilling\n|move|p2a: Chilling|Solar Beam||[still]\n|-prepare|p2a: Chilling|Solar Beam\n|\n|-damage|p2a: Chilling|15\/100 psn|[from] psn\n|upkeep\n|turn|20\n|\n|t:|1699668289\n|move|p1a: Kingambit|X-Scissor|p2a: Chilling\n|-damage|p2a: Chilling|0 fnt\n|-damage|p1a: Kingambit|36\/100|[from] item: Rocky Helmet|[of] p2a: Chilling\n|faint|p2a: Chilling\n|\n|upkeep\n|\n|t:|1699668295\n|switch|p2a: Cerebus|Hydreigon, F, shiny|1\/100\n|-damage|p2a: Cerebus|0 fnt|[from] Stealth Rock\n|faint|p2a: Cerebus\n|\n|win|cattya\n|raw|cattya's rating: 1095 &rarr; <strong>1114<\/strong><br \/>(+19 for winning)\n|raw|GRN Sylv 28's rating: 1000 &rarr; <strong>1000<\/strong><br \/>(+0 for losing)\n","uploadtime":1699668302,"views":4,"p1id":"cattya","p2id":"grnsylv28","formatid":"gen9anythinggoes","rating":1000,"private":0,"password":""}