{"id":"gen9anythinggoes-1981682783","p1":"1stplayever","p2":"Captain Carbs","format":"[Gen 9] Anything Goes","log":"|j|\u26061stplayever\n|j|\u2606Captain Carbs\n|t:|1698933314\n|gametype|singles\n|player|p1|1stplayever|170|1375\n|player|p2|Captain Carbs|hiker-gen4|1288\n|teamsize|p1|6\n|teamsize|p2|6\n|gen|9\n|tier|[Gen 9] Anything Goes\n|rated|\n|rule|HP Percentage Mod: HP is shown in percentages\n|rule|Endless Battle Clause: Forcing endless battles is banned\n|clearpoke\n|poke|p1|Cyclizar, M|\n|poke|p1|Scovillain, M|\n|poke|p1|Scovillain, F|\n|poke|p1|Ninetales-Alola, F|\n|poke|p1|Glalie, M|\n|poke|p1|Glalie, F|\n|poke|p2|Shaymin-Sky|\n|poke|p2|Mewtwo|\n|poke|p2|Gyarados, F|\n|poke|p2|Scovillain, F|\n|poke|p2|Scizor, F|\n|poke|p2|Calyrex-Shadow|\n|teampreview\n|inactive|Battle timer is ON: inactive players will automatically lose when time's up. (requested by Captain Carbs)\n|c|\u2606Captain Carbs|!!\n|c|\u26061stplayever|hi, have fun !\n|c|\u2606Captain Carbs|oh, definitely\n|\n|t:|1698933337\n|start\n|switch|p1a: Scovillain|Scovillain, M, shiny|100\/100\n|switch|p2a: Fed Mantis|Scizor, F|100\/100\n|turn|1\n|\n|t:|1698933344\n|move|p1a: Scovillain|Substitute|p1a: Scovillain\n|-start|p1a: Scovillain|Substitute\n|-damage|p1a: Scovillain|76\/100\n|move|p2a: Fed Mantis|Double Team|p2a: Fed Mantis\n|-boost|p2a: Fed Mantis|evasion|1\n|\n|-heal|p1a: Scovillain|82\/100|[from] item: Leftovers\n|-ability|p1a: Scovillain|Moody|boost\n|-boost|p1a: Scovillain|atk|2\n|-unboost|p1a: Scovillain|spa|1\n|upkeep\n|turn|2\n|\n|t:|1698933356\n|move|p1a: Scovillain|Leech Seed|p2a: Fed Mantis\n|-start|p2a: Fed Mantis|move: Leech Seed\n|move|p2a: Fed Mantis|Double Team|p2a: Fed Mantis\n|-boost|p2a: Fed Mantis|evasion|1\n|\n|-heal|p1a: Scovillain|88\/100|[from] item: Leftovers\n|-damage|p2a: Fed Mantis|88\/100|[from] Leech Seed|[of] p1a: Scovillain\n|-heal|p1a: Scovillain|98\/100|[silent]\n|-ability|p1a: Scovillain|Moody|boost\n|-boost|p1a: Scovillain|spe|2\n|-unboost|p1a: Scovillain|def|1\n|upkeep\n|turn|3\n|\n|t:|1698933372\n|move|p1a: Scovillain|Protect|p1a: Scovillain\n|-singleturn|p1a: Scovillain|Protect\n|move|p2a: Fed Mantis|Acrobatics|p1a: Scovillain\n|-activate|p1a: Scovillain|move: Protect\n|\n|-heal|p1a: Scovillain|100\/100|[from] item: Leftovers\n|-damage|p2a: Fed Mantis|76\/100|[from] Leech Seed|[of] p1a: Scovillain\n|-ability|p1a: Scovillain|Moody|boost\n|-boost|p1a: Scovillain|spe|2\n|-unboost|p1a: Scovillain|spd|1\n|upkeep\n|turn|4\n|c|\u2606Captain Carbs|:D\n|\n|t:|1698933388\n|switch|p2a: Stop Flinching!|Shaymin-Sky, shiny|100\/100\n|move|p1a: Scovillain|Giga Drain|p2a: Stop Flinching!\n|-resisted|p2a: Stop Flinching!\n|-damage|p2a: Stop Flinching!|94\/100\n|\n|-ability|p1a: Scovillain|Moody|boost\n|-boost|p1a: Scovillain|def|2\n|-unboost|p1a: Scovillain|atk|1\n|upkeep\n|turn|5\n|c|\u2606Captain Carbs|uh oh:D\n|\n|t:|1698933411\n|move|p1a: Scovillain|Giga Drain|p2a: Stop Flinching!\n|-resisted|p2a: Stop Flinching!\n|-crit|p2a: Stop Flinching!\n|-damage|p2a: Stop Flinching!|82\/100\n|move|p2a: Stop Flinching!|Air Slash|p1a: Scovillain\n|-supereffective|p1a: Scovillain\n|-end|p1a: Scovillain|Substitute\n|\n|-ability|p1a: Scovillain|Moody|boost\n|-boost|p1a: Scovillain|spd|2\n|-unboost|p1a: Scovillain|def|1\n|upkeep\n|turn|6\n|\n|t:|1698933420\n|move|p1a: Scovillain|Protect|p1a: Scovillain\n|-singleturn|p1a: Scovillain|Protect\n|move|p2a: Stop Flinching!|Air Slash|p1a: Scovillain\n|-activate|p1a: Scovillain|move: Protect\n|\n|-ability|p1a: Scovillain|Moody|boost\n|-boost|p1a: Scovillain|spa|2\n|-unboost|p1a: Scovillain|def|1\n|upkeep\n|turn|7\n|\n|t:|1698933426\n|move|p1a: Scovillain|Substitute|p1a: Scovillain\n|-start|p1a: Scovillain|Substitute\n|-damage|p1a: Scovillain|76\/100\n|move|p2a: Stop Flinching!|Air Slash|p1a: Scovillain\n|-supereffective|p1a: Scovillain\n|-end|p1a: Scovillain|Substitute\n|\n|-heal|p1a: Scovillain|82\/100|[from] item: Leftovers\n|-ability|p1a: Scovillain|Moody|boost\n|-boost|p1a: Scovillain|spe|2\n|-unboost|p1a: Scovillain|spd|1\n|upkeep\n|turn|8\n|\n|t:|1698933436\n|move|p1a: Scovillain|Protect|p1a: Scovillain\n|-singleturn|p1a: Scovillain|Protect\n|move|p2a: Stop Flinching!|Air Slash|p1a: Scovillain\n|-activate|p1a: Scovillain|move: Protect\n|\n|-heal|p1a: Scovillain|88\/100|[from] item: Leftovers\n|-ability|p1a: Scovillain|Moody|boost\n|-boost|p1a: Scovillain|atk|2\n|-unboost|p1a: Scovillain|spa|1\n|upkeep\n|turn|9\n|\n|t:|1698933441\n|move|p1a: Scovillain|Substitute|p1a: Scovillain\n|-start|p1a: Scovillain|Substitute\n|-damage|p1a: Scovillain|63\/100\n|move|p2a: Stop Flinching!|Air Slash|p1a: Scovillain\n|-supereffective|p1a: Scovillain\n|-end|p1a: Scovillain|Substitute\n|\n|-heal|p1a: Scovillain|69\/100|[from] item: Leftovers\n|-ability|p1a: Scovillain|Moody|boost\n|-boost|p1a: Scovillain|atk|2\n|-unboost|p1a: Scovillain|spe|1\n|upkeep\n|turn|10\n|\n|t:|1698933446\n|move|p1a: Scovillain|Protect|p1a: Scovillain\n|-singleturn|p1a: Scovillain|Protect\n|move|p2a: Stop Flinching!|Air Slash|p1a: Scovillain\n|-activate|p1a: Scovillain|move: Protect\n|\n|-heal|p1a: Scovillain|75\/100|[from] item: Leftovers\n|-ability|p1a: Scovillain|Moody|boost\n|-boost|p1a: Scovillain|atk|1\n|-unboost|p1a: Scovillain|spd|1\n|upkeep\n|turn|11\n|\n|t:|1698933450\n|move|p1a: Scovillain|Substitute|p1a: Scovillain\n|-start|p1a: Scovillain|Substitute\n|-damage|p1a: Scovillain|50\/100\n|move|p2a: Stop Flinching!|Air Slash|p1a: Scovillain\n|-supereffective|p1a: Scovillain\n|-end|p1a: Scovillain|Substitute\n|\n|-heal|p1a: Scovillain|56\/100|[from] item: Leftovers\n|-ability|p1a: Scovillain|Moody|boost\n|-boost|p1a: Scovillain|spa|2\n|-unboost|p1a: Scovillain|def|1\n|upkeep\n|turn|12\n|\n|t:|1698933456\n|move|p1a: Scovillain|Protect|p1a: Scovillain\n|-singleturn|p1a: Scovillain|Protect\n|move|p2a: Stop Flinching!|Air Slash|p1a: Scovillain\n|-activate|p1a: Scovillain|move: Protect\n|\n|-heal|p1a: Scovillain|62\/100|[from] item: Leftovers\n|-ability|p1a: Scovillain|Moody|boost\n|-boost|p1a: Scovillain|spd|2\n|-unboost|p1a: Scovillain|def|1\n|upkeep\n|turn|13\n|\n|t:|1698933460\n|switch|p2a: Juicero\u2122 Juicer|Mewtwo|100\/100\n|-ability|p2a: Juicero\u2122 Juicer|Pressure\n|move|p1a: Scovillain|Substitute|p1a: Scovillain\n|-start|p1a: Scovillain|Substitute\n|-damage|p1a: Scovillain|37\/100\n|\n|-heal|p1a: Scovillain|43\/100|[from] item: Leftovers\n|-ability|p1a: Scovillain|Moody|boost\n|-boost|p1a: Scovillain|spe|1\n|-unboost|p1a: Scovillain|spd|1\n|upkeep\n|turn|14\n|\n|t:|1698933470\n|move|p1a: Scovillain|Giga Drain|p2a: Juicero\u2122 Juicer\n|-damage|p2a: Juicero\u2122 Juicer|59\/100\n|-heal|p1a: Scovillain|66\/100|[from] drain|[of] p2a: Juicero\u2122 Juicer\n|move|p2a: Juicero\u2122 Juicer|Spite|p1a: Scovillain\n|-activate|p1a: Scovillain|move: Spite|Giga Drain|4\n|\n|-heal|p1a: Scovillain|72\/100|[from] item: Leftovers\n|-heal|p2a: Juicero\u2122 Juicer|65\/100|[from] item: Leftovers\n|-ability|p1a: Scovillain|Moody|boost\n|-boost|p1a: Scovillain|def|2\n|-unboost|p1a: Scovillain|spa|1\n|upkeep\n|turn|15\n|\n|t:|1698933493\n|-terastallize|p2a: Juicero\u2122 Juicer|Steel\n|move|p1a: Scovillain|Leech Seed|p2a: Juicero\u2122 Juicer\n|-start|p2a: Juicero\u2122 Juicer|move: Leech Seed\n|move|p2a: Juicero\u2122 Juicer|Substitute|p2a: Juicero\u2122 Juicer\n|-start|p2a: Juicero\u2122 Juicer|Substitute\n|-damage|p2a: Juicero\u2122 Juicer|41\/100\n|\n|-heal|p1a: Scovillain|78\/100|[from] item: Leftovers\n|-heal|p2a: Juicero\u2122 Juicer|47\/100|[from] item: Leftovers\n|-damage|p2a: Juicero\u2122 Juicer|34\/100|[from] Leech Seed|[of] p1a: Scovillain\n|-heal|p1a: Scovillain|92\/100|[silent]\n|-ability|p1a: Scovillain|Moody|boost\n|-boost|p1a: Scovillain|spa|2\n|-unboost|p1a: Scovillain|spd|1\n|upkeep\n|turn|16\n|\n|t:|1698933508\n|move|p1a: Scovillain|Protect|p1a: Scovillain\n|-singleturn|p1a: Scovillain|Protect\n|move|p2a: Juicero\u2122 Juicer|Spite|p1a: Scovillain\n|-activate|p1a: Scovillain|move: Protect\n|\n|-heal|p1a: Scovillain|98\/100|[from] item: Leftovers\n|-heal|p2a: Juicero\u2122 Juicer|40\/100|[from] item: Leftovers\n|-damage|p2a: Juicero\u2122 Juicer|28\/100|[from] Leech Seed|[of] p1a: Scovillain\n|-heal|p1a: Scovillain|100\/100|[silent]\n|-ability|p1a: Scovillain|Moody|boost\n|-boost|p1a: Scovillain|spd|2\n|-unboost|p1a: Scovillain|atk|1\n|upkeep\n|turn|17\n|\n|t:|1698933519\n|move|p1a: Scovillain|Protect||[still]\n|-fail|p1a: Scovillain\n|move|p2a: Juicero\u2122 Juicer|Spite|p1a: Scovillain\n|-activate|p1a: Scovillain|move: Spite|Protect|4\n|\n|-heal|p2a: Juicero\u2122 Juicer|34\/100|[from] item: Leftovers\n|-damage|p2a: Juicero\u2122 Juicer|22\/100|[from] Leech Seed|[of] p1a: Scovillain\n|-ability|p1a: Scovillain|Moody|boost\n|-boost|p1a: Scovillain|def|2\n|-unboost|p1a: Scovillain|atk|1\n|upkeep\n|turn|18\n|\n|t:|1698933526\n|move|p1a: Scovillain|Protect|p1a: Scovillain\n|-singleturn|p1a: Scovillain|Protect\n|move|p2a: Juicero\u2122 Juicer|Spite|p1a: Scovillain\n|-activate|p1a: Scovillain|move: Protect\n|\n|-heal|p2a: Juicero\u2122 Juicer|28\/100|[from] item: Leftovers\n|-damage|p2a: Juicero\u2122 Juicer|15\/100|[from] Leech Seed|[of] p1a: Scovillain\n|-ability|p1a: Scovillain|Moody|boost\n|-boost|p1a: Scovillain|spa|2\n|-unboost|p1a: Scovillain|def|1\n|upkeep\n|turn|19\n|\n|t:|1698933537\n|move|p1a: Scovillain|Leech Seed|p2a: Juicero\u2122 Juicer|[miss]\n|-miss|p1a: Scovillain|p2a: Juicero\u2122 Juicer\n|move|p2a: Juicero\u2122 Juicer|Spite|p1a: Scovillain\n|-activate|p1a: Scovillain|move: Spite|Leech Seed|4\n|\n|-heal|p2a: Juicero\u2122 Juicer|21\/100|[from] item: Leftovers\n|-damage|p2a: Juicero\u2122 Juicer|9\/100|[from] Leech Seed|[of] p1a: Scovillain\n|-ability|p1a: Scovillain|Moody|boost\n|-boost|p1a: Scovillain|def|2\n|-unboost|p1a: Scovillain|spe|1\n|upkeep\n|turn|20\n|\n|t:|1698933547\n|switch|p2a: Stop Flinching!|Shaymin-Sky, shiny|82\/100\n|move|p1a: Scovillain|Leech Seed|p2a: Stop Flinching!\n|-immune|p2a: Stop Flinching!\n|\n|-ability|p1a: Scovillain|Moody|boost\n|-boost|p1a: Scovillain|atk|2\n|-unboost|p1a: Scovillain|spe|1\n|upkeep\n|turn|21\n|\n|t:|1698933554\n|move|p1a: Scovillain|Giga Drain|p2a: Stop Flinching!\n|-resisted|p2a: Stop Flinching!\n|-damage|p2a: Stop Flinching!|49\/100\n|move|p2a: Stop Flinching!|Air Slash|p1a: Scovillain\n|-supereffective|p1a: Scovillain\n|-end|p1a: Scovillain|Substitute\n|\n|-ability|p1a: Scovillain|Moody|boost\n|-boost|p1a: Scovillain|spa|1\n|-unboost|p1a: Scovillain|atk|1\n|upkeep\n|turn|22\n|\n|t:|1698933569\n|move|p1a: Scovillain|Substitute|p1a: Scovillain\n|-start|p1a: Scovillain|Substitute\n|-damage|p1a: Scovillain|76\/100\n|move|p2a: Stop Flinching!|Air Slash|p1a: Scovillain\n|-supereffective|p1a: Scovillain\n|-end|p1a: Scovillain|Substitute\n|\n|-heal|p1a: Scovillain|82\/100|[from] item: Leftovers\n|-ability|p1a: Scovillain|Moody|boost\n|-boost|p1a: Scovillain|spd|2\n|-unboost|p1a: Scovillain|def|1\n|upkeep\n|turn|23\n|\n|t:|1698933581\n|move|p1a: Scovillain|Giga Drain|p2a: Stop Flinching!\n|-resisted|p2a: Stop Flinching!\n|-damage|p2a: Stop Flinching!|15\/100\n|-heal|p1a: Scovillain|99\/100|[from] drain|[of] p2a: Stop Flinching!\n|move|p2a: Stop Flinching!|Air Slash|p1a: Scovillain\n|-supereffective|p1a: Scovillain\n|-damage|p1a: Scovillain|54\/100\n|\n|-heal|p1a: Scovillain|60\/100|[from] item: Leftovers\n|-ability|p1a: Scovillain|Moody|boost\n|-boost|p1a: Scovillain|spd|2\n|-unboost|p1a: Scovillain|spa|1\n|upkeep\n|turn|24\n|\n|t:|1698933589\n|move|p1a: Scovillain|Giga Drain|p2a: Stop Flinching!\n|-resisted|p2a: Stop Flinching!\n|-crit|p2a: Stop Flinching!\n|-damage|p2a: Stop Flinching!|0 fnt\n|-heal|p1a: Scovillain|67\/100|[from] drain|[of] p2a: Stop Flinching!\n|faint|p2a: Stop Flinching!\n|\n|-heal|p1a: Scovillain|73\/100|[from] item: Leftovers\n|-ability|p1a: Scovillain|Moody|boost\n|-boost|p1a: Scovillain|spd|1\n|-unboost|p1a: Scovillain|spa|1\n|upkeep\n|c|\u2606Captain Carbs|see that wasn't so bad :D\n|\n|t:|1698933599\n|switch|p2a:  |Calyrex-Shadow|100\/100\n|-ability|p2a:  |As One\n|-ability|p2a:  |Unnerve\n|turn|25\n|\n|t:|1698933608\n|move|p1a: Scovillain|Giga Drain|p2a:  \n|-damage|p2a:  |12\/100\n|-heal|p1a: Scovillain|100\/100|[from] drain|[of] p2a:  \n|move|p2a:  |Trick|p1a: Scovillain\n|-activate|p2a:  |move: Trick|[of] p1a: Scovillain\n|-item|p1a: Scovillain|Flame Orb|[from] move: Trick\n|-item|p2a:  |Leftovers|[from] move: Trick\n|\n|-heal|p2a:  |18\/100|[from] item: Leftovers\n|-ability|p1a: Scovillain|Moody|boost\n|-boost|p1a: Scovillain|spa|2\n|-unboost|p1a: Scovillain|spd|1\n|upkeep\n|turn|26\n|\n|t:|1698933614\n|move|p2a:  |Protect|p2a:  \n|-singleturn|p2a:  |Protect\n|move|p1a: Scovillain|Giga Drain|p2a:  \n|-activate|p2a:  |move: Protect\n|\n|-heal|p2a:  |25\/100|[from] item: Leftovers\n|-ability|p1a: Scovillain|Moody|boost\n|-boost|p1a: Scovillain|def|2\n|-unboost|p1a: Scovillain|spa|1\n|upkeep\n|turn|27\n|\n|t:|1698933620\n|switch|p2a: Juicero\u2122 Juicer|Mewtwo, tera:Steel|9\/100\n|-ability|p2a: Juicero\u2122 Juicer|Pressure\n|move|p1a: Scovillain|Giga Drain|p2a: Juicero\u2122 Juicer\n|-resisted|p2a: Juicero\u2122 Juicer\n|-damage|p2a: Juicero\u2122 Juicer|0 fnt\n|faint|p2a: Juicero\u2122 Juicer\n|\n|-ability|p1a: Scovillain|Moody|boost\n|-boost|p1a: Scovillain|spa|1\n|-unboost|p1a: Scovillain|def|1\n|upkeep\n|\n|t:|1698933627\n|switch|p2a: Fed Mantis|Scizor, F|76\/100\n|turn|28\n|\n|t:|1698933639\n|switch|p2a: Nip Nip :D :D|Scovillain, F|100\/100\n|move|p1a: Scovillain|Substitute|p1a: Scovillain\n|-start|p1a: Scovillain|Substitute\n|-damage|p1a: Scovillain|76\/100\n|\n|-ability|p1a: Scovillain|Moody|boost\n|-boost|p1a: Scovillain|atk|1\n|-unboost|p1a: Scovillain|spa|1\n|-ability|p2a: Nip Nip :D :D|Moody|boost\n|-boost|p2a: Nip Nip :D :D|atk|2\n|-unboost|p2a: Nip Nip :D :D|def|1\n|upkeep\n|turn|29\n|\n|t:|1698933651\n|switch|p2a: Fed Mantis|Scizor, F|76\/100\n|move|p1a: Scovillain|Giga Drain|p2a: Fed Mantis\n|-resisted|p2a: Fed Mantis\n|-damage|p2a: Fed Mantis|39\/100\n|-heal|p1a: Scovillain|91\/100|[from] drain|[of] p2a: Fed Mantis\n|\n|-ability|p1a: Scovillain|Moody|boost\n|-boost|p1a: Scovillain|spd|1\n|-unboost|p1a: Scovillain|atk|1\n|upkeep\n|turn|30\n|\n|t:|1698933658\n|move|p1a: Scovillain|Leech Seed|p2a: Fed Mantis\n|-start|p2a: Fed Mantis|move: Leech Seed\n|move|p2a: Fed Mantis|Double Team|p2a: Fed Mantis\n|-boost|p2a: Fed Mantis|evasion|1\n|\n|-damage|p2a: Fed Mantis|27\/100|[from] Leech Seed|[of] p1a: Scovillain\n|-heal|p1a: Scovillain|100\/100|[silent]\n|-ability|p1a: Scovillain|Moody|boost\n|-boost|p1a: Scovillain|atk|1\n|-unboost|p1a: Scovillain|def|1\n|upkeep\n|turn|31\n|inactive|1stplayever has 120 seconds left.\n|\n|t:|1698933713\n|switch|p2a: Nip Nip :D :D|Scovillain, F|100\/100\n|move|p1a: Scovillain|Protect||[still]\n|-fail|p1a: Scovillain\n|\n|-ability|p1a: Scovillain|Moody|boost\n|-boost|p1a: Scovillain|spa|1\n|-unboost|p1a: Scovillain|def|1\n|-ability|p2a: Nip Nip :D :D|Moody|boost\n|-boost|p2a: Nip Nip :D :D|spe|2\n|-unboost|p2a: Nip Nip :D :D|def|1\n|upkeep\n|turn|32\n|inactive|Captain Carbs has 120 seconds left.\n|\n|t:|1698933753\n|switch|p1a: Cyclizar|Cyclizar, M, shiny|100\/100\n|move|p2a: Nip Nip :D :D|Substitute|p2a: Nip Nip :D :D\n|-start|p2a: Nip Nip :D :D|Substitute\n|-damage|p2a: Nip Nip :D :D|76\/100\n|\n|-heal|p2a: Nip Nip :D :D|82\/100|[from] item: Leftovers\n|-ability|p2a: Nip Nip :D :D|Moody|boost\n|-boost|p2a: Nip Nip :D :D|spe|2\n|-unboost|p2a: Nip Nip :D :D|spa|1\n|upkeep\n|turn|33\n|c|\u2606Captain Carbs|:D :D :D\n|inactive|1stplayever has 90 seconds left.\n|\n|t:|1698933781\n|move|p2a: Nip Nip :D :D|Leech Seed|p1a: Cyclizar\n|-start|p1a: Cyclizar|move: Leech Seed\n|move|p1a: Cyclizar|Shed Tail|p1a: Cyclizar\n|-start|p1a: Cyclizar|Substitute|[from] move: Shed Tail\n|-damage|p1a: Cyclizar|50\/100\n|-enditem|p1a: Cyclizar|Sitrus Berry|[eat]\n|-heal|p1a: Cyclizar|75\/100|[from] item: Sitrus Berry\n|inactive|1stplayever has 60 seconds left.\n|\n|t:|1698933811\n|switch|p1a: Scovillain|Scovillain, F, shiny|100\/100|[from] Shed Tail\n|\n|-heal|p2a: Nip Nip :D :D|88\/100|[from] item: Leftovers\n|-ability|p2a: Nip Nip :D :D|Moody|boost\n|-boost|p2a: Nip Nip :D :D|atk|2\n|-unboost|p2a: Nip Nip :D :D|spe|1\n|-ability|p1a: Scovillain|Moody|boost\n|-boost|p1a: Scovillain|spa|2\n|-unboost|p1a: Scovillain|atk|1\n|upkeep\n|turn|34\n|inactive|1stplayever has 60 seconds left.\n|\n|t:|1698933831\n|move|p1a: Scovillain|Protect|p1a: Scovillain\n|-singleturn|p1a: Scovillain|Protect\n|move|p2a: Nip Nip :D :D|Bite|p1a: Scovillain\n|-activate|p1a: Scovillain|move: Protect\n|\n|-heal|p2a: Nip Nip :D :D|94\/100|[from] item: Leftovers\n|-ability|p2a: Nip Nip :D :D|Moody|boost\n|-boost|p2a: Nip Nip :D :D|spd|2\n|-unboost|p2a: Nip Nip :D :D|spa|1\n|-ability|p1a: Scovillain|Moody|boost\n|-boost|p1a: Scovillain|spe|2\n|-unboost|p1a: Scovillain|spd|1\n|upkeep\n|turn|35\n|\n|t:|1698933839\n|move|p2a: Nip Nip :D :D|Bite|p1a: Scovillain\n|-end|p1a: Scovillain|Substitute\n|move|p1a: Scovillain|Leech Seed|p2a: Nip Nip :D :D\n|-immune|p2a: Nip Nip :D :D\n|\n|-heal|p2a: Nip Nip :D :D|99\/100|[from] item: Leftovers\n|-ability|p2a: Nip Nip :D :D|Moody|boost\n|-boost|p2a: Nip Nip :D :D|spd|2\n|-unboost|p2a: Nip Nip :D :D|def|1\n|-ability|p1a: Scovillain|Moody|boost\n|-boost|p1a: Scovillain|spd|2\n|-unboost|p1a: Scovillain|atk|1\n|upkeep\n|turn|36\n|inactive|1stplayever has 60 seconds left.\n|\n|t:|1698933846\n|move|p1a: Scovillain|Protect|p1a: Scovillain\n|-singleturn|p1a: Scovillain|Protect\n|move|p2a: Nip Nip :D :D|Bite|p1a: Scovillain\n|-activate|p1a: Scovillain|move: Protect\n|\n|-heal|p2a: Nip Nip :D :D|100\/100|[from] item: Leftovers\n|-ability|p2a: Nip Nip :D :D|Moody|boost\n|-boost|p2a: Nip Nip :D :D|spd|2\n|-unboost|p2a: Nip Nip :D :D|atk|1\n|-ability|p1a: Scovillain|Moody|boost\n|-boost|p1a: Scovillain|def|2\n|-unboost|p1a: Scovillain|spe|1\n|upkeep\n|turn|37\n|inactive|1stplayever has 60 seconds left.\n|\n|t:|1698933856\n|move|p2a: Nip Nip :D :D|Bite|p1a: Scovillain\n|-damage|p1a: Scovillain|83\/100\n|move|p1a: Scovillain|Substitute|p1a: Scovillain\n|-start|p1a: Scovillain|Substitute\n|-damage|p1a: Scovillain|58\/100\n|\n|-heal|p1a: Scovillain|64\/100|[from] item: Leftovers\n|-ability|p2a: Nip Nip :D :D|Moody|boost\n|-boost|p2a: Nip Nip :D :D|def|2\n|-unboost|p2a: Nip Nip :D :D|spa|1\n|-ability|p1a: Scovillain|Moody|boost\n|-boost|p1a: Scovillain|spe|2\n|-unboost|p1a: Scovillain|spa|1\n|upkeep\n|turn|38\n|\n|t:|1698933868\n|move|p1a: Scovillain|Protect|p1a: Scovillain\n|-singleturn|p1a: Scovillain|Protect\n|move|p2a: Nip Nip :D :D|Bite|p1a: Scovillain\n|-activate|p1a: Scovillain|move: Protect\n|\n|-heal|p1a: Scovillain|70\/100|[from] item: Leftovers\n|-ability|p1a: Scovillain|Moody|boost\n|-boost|p1a: Scovillain|spe|2\n|-unboost|p1a: Scovillain|spd|1\n|-ability|p2a: Nip Nip :D :D|Moody|boost\n|-boost|p2a: Nip Nip :D :D|def|2\n|-unboost|p2a: Nip Nip :D :D|spa|1\n|upkeep\n|turn|39\n|inactive|1stplayever has 60 seconds left.\n|c|\u2606Captain Carbs|muh pp\n|inactive|1stplayever has 30 seconds left.\n|\n|t:|1698933921\n|move|p1a: Scovillain|Protect|p1a: Scovillain\n|-singleturn|p1a: Scovillain|Protect\n|move|p2a: Nip Nip :D :D|Bite|p1a: Scovillain\n|-activate|p1a: Scovillain|move: Protect\n|\n|-heal|p1a: Scovillain|76\/100|[from] item: Leftovers\n|-ability|p1a: Scovillain|Moody|boost\n|-boost|p1a: Scovillain|spe|1\n|-unboost|p1a: Scovillain|spa|1\n|-ability|p2a: Nip Nip :D :D|Moody|boost\n|-boost|p2a: Nip Nip :D :D|atk|2\n|-unboost|p2a: Nip Nip :D :D|spd|1\n|upkeep\n|turn|40\n|\n|t:|1698933929\n|move|p1a: Scovillain|Substitute|p1a: Scovillain\n|-fail|p1a: Scovillain|move: Substitute\n|move|p2a: Nip Nip :D :D|Leech Seed|p1a: Scovillain\n|-immune|p1a: Scovillain\n|\n|-heal|p1a: Scovillain|82\/100|[from] item: Leftovers\n|-ability|p1a: Scovillain|Moody|boost\n|-boost|p1a: Scovillain|spa|2\n|-unboost|p1a: Scovillain|spd|1\n|-ability|p2a: Nip Nip :D :D|Moody|boost\n|-boost|p2a: Nip Nip :D :D|spa|2\n|-unboost|p2a: Nip Nip :D :D|def|1\n|upkeep\n|turn|41\n|\n|t:|1698933935\n|move|p1a: Scovillain|Protect|p1a: Scovillain\n|-singleturn|p1a: Scovillain|Protect\n|move|p2a: Nip Nip :D :D|Protect||[still]\n|-fail|p2a: Nip Nip :D :D\n|\n|-heal|p1a: Scovillain|88\/100|[from] item: Leftovers\n|-ability|p1a: Scovillain|Moody|boost\n|-boost|p1a: Scovillain|def|2\n|-unboost|p1a: Scovillain|spe|1\n|-ability|p2a: Nip Nip :D :D|Moody|boost\n|-boost|p2a: Nip Nip :D :D|def|2\n|-unboost|p2a: Nip Nip :D :D|spa|1\n|upkeep\n|turn|42\n|\n|t:|1698933944\n|move|p1a: Scovillain|Leech Seed|p2a: Nip Nip :D :D\n|-immune|p2a: Nip Nip :D :D\n|move|p2a: Nip Nip :D :D|Substitute|p2a: Nip Nip :D :D\n|-fail|p2a: Nip Nip :D :D|move: Substitute\n|\n|-heal|p1a: Scovillain|94\/100|[from] item: Leftovers\n|-ability|p1a: Scovillain|Moody|boost\n|-boost|p1a: Scovillain|def|2\n|-unboost|p1a: Scovillain|spd|1\n|-ability|p2a: Nip Nip :D :D|Moody|boost\n|-boost|p2a: Nip Nip :D :D|atk|2\n|-unboost|p2a: Nip Nip :D :D|def|1\n|upkeep\n|turn|43\n|\n|t:|1698933949\n|move|p1a: Scovillain|Leech Seed|p2a: Nip Nip :D :D\n|-immune|p2a: Nip Nip :D :D\n|move|p2a: Nip Nip :D :D|Leech Seed|p1a: Scovillain\n|-immune|p1a: Scovillain\n|\n|-heal|p1a: Scovillain|100\/100|[from] item: Leftovers\n|-ability|p1a: Scovillain|Moody|boost\n|-boost|p1a: Scovillain|spe|1\n|-unboost|p1a: Scovillain|def|1\n|-ability|p2a: Nip Nip :D :D|Moody|boost\n|-boost|p2a: Nip Nip :D :D|def|2\n|-unboost|p2a: Nip Nip :D :D|atk|1\n|upkeep\n|turn|44\n|\n|t:|1698933958\n|move|p1a: Scovillain|Leech Seed|p2a: Nip Nip :D :D\n|-immune|p2a: Nip Nip :D :D\n|move|p2a: Nip Nip :D :D|Bite|p1a: Scovillain\n|-activate|p1a: Scovillain|move: Substitute|[damage]\n|\n|-ability|p1a: Scovillain|Moody|boost\n|-boost|p1a: Scovillain|def|1\n|-unboost|p1a: Scovillain|atk|1\n|-ability|p2a: Nip Nip :D :D|Moody|boost\n|-boost|p2a: Nip Nip :D :D|spa|2\n|-unboost|p2a: Nip Nip :D :D|atk|1\n|upkeep\n|turn|45\n|\n|t:|1698933970\n|move|p1a: Scovillain|Leech Seed|p2a: Nip Nip :D :D\n|-immune|p2a: Nip Nip :D :D\n|move|p2a: Nip Nip :D :D|Leech Seed|p1a: Scovillain\n|-immune|p1a: Scovillain\n|\n|-ability|p1a: Scovillain|Moody|boost\n|-boost|p1a: Scovillain|atk|2\n|-unboost|p1a: Scovillain|spd|1\n|-ability|p2a: Nip Nip :D :D|Moody|boost\n|-boost|p2a: Nip Nip :D :D|spe|2\n|-unboost|p2a: Nip Nip :D :D|atk|1\n|upkeep\n|turn|46\n|inactive|1stplayever has 60 seconds left.\n|\n|t:|1698933986\n|move|p1a: Scovillain|Giga Drain|p2a: Nip Nip :D :D\n|-resisted|p2a: Nip Nip :D :D\n|-activate|p2a: Nip Nip :D :D|move: Substitute|[damage]\n|move|p2a: Nip Nip :D :D|Leech Seed|p1a: Scovillain\n|-immune|p1a: Scovillain\n|\n|-ability|p1a: Scovillain|Moody|boost\n|-boost|p1a: Scovillain|atk|2\n|-unboost|p1a: Scovillain|spd|1\n|-ability|p2a: Nip Nip :D :D|Moody|boost\n|-boost|p2a: Nip Nip :D :D|spd|1\n|-unboost|p2a: Nip Nip :D :D|def|1\n|upkeep\n|turn|47\n|\n|t:|1698933993\n|move|p1a: Scovillain|Leech Seed|p2a: Nip Nip :D :D\n|-immune|p2a: Nip Nip :D :D\n|move|p2a: Nip Nip :D :D|Leech Seed|p1a: Scovillain\n|-immune|p1a: Scovillain\n|\n|-ability|p1a: Scovillain|Moody|boost\n|-boost|p1a: Scovillain|atk|2\n|-unboost|p1a: Scovillain|spa|1\n|-ability|p2a: Nip Nip :D :D|Moody|boost\n|-boost|p2a: Nip Nip :D :D|def|2\n|-unboost|p2a: Nip Nip :D :D|spa|1\n|upkeep\n|turn|48\n|\n|t:|1698933996\n|move|p1a: Scovillain|Leech Seed|p2a: Nip Nip :D :D\n|-immune|p2a: Nip Nip :D :D\n|move|p2a: Nip Nip :D :D|Leech Seed|p1a: Scovillain\n|-immune|p1a: Scovillain\n|\n|-ability|p1a: Scovillain|Moody|boost\n|-boost|p1a: Scovillain|atk|2\n|-unboost|p1a: Scovillain|def|1\n|-ability|p2a: Nip Nip :D :D|Moody|boost\n|-boost|p2a: Nip Nip :D :D|spa|2\n|-unboost|p2a: Nip Nip :D :D|spe|1\n|upkeep\n|turn|49\n|\n|t:|1698933999\n|move|p1a: Scovillain|Giga Drain|p2a: Nip Nip :D :D\n|-resisted|p2a: Nip Nip :D :D\n|-activate|p2a: Nip Nip :D :D|move: Substitute|[damage]\n|move|p2a: Nip Nip :D :D|Leech Seed|p1a: Scovillain\n|-immune|p1a: Scovillain\n|\n|-ability|p1a: Scovillain|Moody|boost\n|-boost|p1a: Scovillain|atk|1\n|-unboost|p1a: Scovillain|def|1\n|-ability|p2a: Nip Nip :D :D|Moody|boost\n|-boost|p2a: Nip Nip :D :D|spa|2\n|-unboost|p2a: Nip Nip :D :D|spe|1\n|upkeep\n|turn|50\n|c|\u2606Captain Carbs|48 is not enough pp for a holdout like scovillain\n|\n|t:|1698934014\n|move|p1a: Scovillain|Leech Seed|p2a: Nip Nip :D :D\n|-immune|p2a: Nip Nip :D :D\n|move|p2a: Nip Nip :D :D|Bite|p1a: Scovillain\n|-end|p1a: Scovillain|Substitute\n|\n|-ability|p1a: Scovillain|Moody|boost\n|-boost|p1a: Scovillain|spd|2\n|-unboost|p1a: Scovillain|spe|1\n|-ability|p2a: Nip Nip :D :D|Moody|boost\n|-boost|p2a: Nip Nip :D :D|atk|2\n|-unboost|p2a: Nip Nip :D :D|spa|1\n|upkeep\n|turn|51\n|\n|t:|1698934022\n|move|p2a: Nip Nip :D :D|Protect|p2a: Nip Nip :D :D\n|-singleturn|p2a: Nip Nip :D :D|Protect\n|move|p1a: Scovillain|Substitute|p1a: Scovillain\n|-start|p1a: Scovillain|Substitute\n|-damage|p1a: Scovillain|76\/100\n|\n|-heal|p1a: Scovillain|82\/100|[from] item: Leftovers\n|-ability|p1a: Scovillain|Moody|boost\n|-boost|p1a: Scovillain|spa|2\n|-unboost|p1a: Scovillain|spe|1\n|-ability|p2a: Nip Nip :D :D|Moody|boost\n|-boost|p2a: Nip Nip :D :D|atk|2\n|-unboost|p2a: Nip Nip :D :D|spa|1\n|upkeep\n|turn|52\n|\n|t:|1698934028\n|move|p2a: Nip Nip :D :D|Protect|p2a: Nip Nip :D :D\n|-singleturn|p2a: Nip Nip :D :D|Protect\n|move|p1a: Scovillain|Leech Seed|p2a: Nip Nip :D :D\n|-activate|p2a: Nip Nip :D :D|move: Protect\n|\n|-heal|p1a: Scovillain|88\/100|[from] item: Leftovers\n|-ability|p1a: Scovillain|Moody|boost\n|-boost|p1a: Scovillain|spa|2\n|-unboost|p1a: Scovillain|atk|1\n|-ability|p2a: Nip Nip :D :D|Moody|boost\n|-boost|p2a: Nip Nip :D :D|spe|2\n|-unboost|p2a: Nip Nip :D :D|atk|1\n|upkeep\n|turn|53\n|\n|t:|1698934031\n|move|p2a: Nip Nip :D :D|Protect||[still]\n|-fail|p2a: Nip Nip :D :D\n|move|p1a: Scovillain|Giga Drain|p2a: Nip Nip :D :D\n|-resisted|p2a: Nip Nip :D :D\n|-activate|p2a: Nip Nip :D :D|move: Substitute|[damage]\n|-heal|p1a: Scovillain|92\/100|[from] drain|[of] p2a: Nip Nip :D :D\n|\n|-heal|p1a: Scovillain|98\/100|[from] item: Leftovers\n|-ability|p1a: Scovillain|Moody|boost\n|-boost|p1a: Scovillain|spa|1\n|-unboost|p1a: Scovillain|atk|1\n|-ability|p2a: Nip Nip :D :D|Moody|boost\n|-boost|p2a: Nip Nip :D :D|def|1\n|-unboost|p2a: Nip Nip :D :D|spa|1\n|upkeep\n|turn|54\n|\n|t:|1698934035\n|move|p1a: Scovillain|Giga Drain|p2a: Nip Nip :D :D\n|-resisted|p2a: Nip Nip :D :D\n|-activate|p2a: Nip Nip :D :D|move: Substitute|[damage]\n|-heal|p1a: Scovillain|100\/100|[from] drain|[of] p2a: Nip Nip :D :D\n|move|p2a: Nip Nip :D :D|Substitute|p2a: Nip Nip :D :D\n|-fail|p2a: Nip Nip :D :D|move: Substitute\n|\n|-ability|p1a: Scovillain|Moody|boost\n|-boost|p1a: Scovillain|atk|2\n|-unboost|p1a: Scovillain|spd|1\n|-ability|p2a: Nip Nip :D :D|Moody|boost\n|-boost|p2a: Nip Nip :D :D|spa|2\n|-unboost|p2a: Nip Nip :D :D|def|1\n|upkeep\n|turn|55\n|\n|t:|1698934041\n|move|p1a: Scovillain|Giga Drain|p2a: Nip Nip :D :D\n|-resisted|p2a: Nip Nip :D :D\n|-end|p2a: Nip Nip :D :D|Substitute\n|move|p2a: Nip Nip :D :D|Bite|p1a: Scovillain\n|-end|p1a: Scovillain|Substitute\n|\n|-ability|p1a: Scovillain|Moody|boost\n|-boost|p1a: Scovillain|spe|2\n|-unboost|p1a: Scovillain|atk|1\n|-ability|p2a: Nip Nip :D :D|Moody|boost\n|-boost|p2a: Nip Nip :D :D|spa|2\n|-unboost|p2a: Nip Nip :D :D|spe|1\n|upkeep\n|turn|56\n|\n|t:|1698934045\n|move|p1a: Scovillain|Giga Drain|p2a: Nip Nip :D :D\n|-resisted|p2a: Nip Nip :D :D\n|-damage|p2a: Nip Nip :D :D|92\/100\n|move|p2a: Nip Nip :D :D|Substitute|p2a: Nip Nip :D :D\n|-start|p2a: Nip Nip :D :D|Substitute\n|-damage|p2a: Nip Nip :D :D|67\/100\n|\n|-heal|p2a: Nip Nip :D :D|73\/100|[from] item: Leftovers\n|-ability|p1a: Scovillain|Moody|boost\n|-boost|p1a: Scovillain|def|2\n|-unboost|p1a: Scovillain|spd|1\n|-ability|p2a: Nip Nip :D :D|Moody|boost\n|-boost|p2a: Nip Nip :D :D|def|1\n|-unboost|p2a: Nip Nip :D :D|spe|1\n|upkeep\n|turn|57\n|\n|t:|1698934050\n|move|p1a: Scovillain|Giga Drain|p2a: Nip Nip :D :D\n|-resisted|p2a: Nip Nip :D :D\n|-activate|p2a: Nip Nip :D :D|move: Substitute|[damage]\n|move|p2a: Nip Nip :D :D|Bite|p1a: Scovillain\n|-damage|p1a: Scovillain|81\/100\n|\n|-heal|p1a: Scovillain|87\/100|[from] item: Leftovers\n|-heal|p2a: Nip Nip :D :D|79\/100|[from] item: Leftovers\n|-ability|p1a: Scovillain|Moody|boost\n|-boost|p1a: Scovillain|spd|2\n|-unboost|p1a: Scovillain|spe|1\n|-ability|p2a: Nip Nip :D :D|Moody|boost\n|-boost|p2a: Nip Nip :D :D|spa|2\n|-unboost|p2a: Nip Nip :D :D|spe|1\n|upkeep\n|turn|58\n|\n|t:|1698934054\n|move|p1a: Scovillain|Giga Drain|p2a: Nip Nip :D :D\n|-resisted|p2a: Nip Nip :D :D\n|-activate|p2a: Nip Nip :D :D|move: Substitute|[damage]\n|-heal|p1a: Scovillain|92\/100|[from] drain|[of] p2a: Nip Nip :D :D\n|move|p2a: Nip Nip :D :D|Bite|p1a: Scovillain\n|-damage|p1a: Scovillain|73\/100\n|\n|-heal|p1a: Scovillain|79\/100|[from] item: Leftovers\n|-heal|p2a: Nip Nip :D :D|85\/100|[from] item: Leftovers\n|-ability|p1a: Scovillain|Moody|boost\n|-boost|p1a: Scovillain|atk|1\n|-unboost|p1a: Scovillain|def|1\n|-ability|p2a: Nip Nip :D :D|Moody|boost\n|-boost|p2a: Nip Nip :D :D|spa|1\n|-unboost|p2a: Nip Nip :D :D|spe|1\n|upkeep\n|turn|59\n|\n|t:|1698934060\n|move|p1a: Scovillain|Protect|p1a: Scovillain\n|-singleturn|p1a: Scovillain|Protect\n|move|p2a: Nip Nip :D :D|Bite|p1a: Scovillain\n|-activate|p1a: Scovillain|move: Protect\n|\n|-heal|p1a: Scovillain|85\/100|[from] item: Leftovers\n|-heal|p2a: Nip Nip :D :D|91\/100|[from] item: Leftovers\n|-ability|p1a: Scovillain|Moody|boost\n|-boost|p1a: Scovillain|spd|2\n|-unboost|p1a: Scovillain|spa|1\n|-ability|p2a: Nip Nip :D :D|Moody|boost\n|-boost|p2a: Nip Nip :D :D|atk|1\n|-unboost|p2a: Nip Nip :D :D|spd|1\n|upkeep\n|turn|60\n|\n|t:|1698934066\n|move|p1a: Scovillain|Substitute|p1a: Scovillain\n|-start|p1a: Scovillain|Substitute\n|-damage|p1a: Scovillain|61\/100\n|move|p2a: Nip Nip :D :D|Leech Seed|p1a: Scovillain\n|-immune|p1a: Scovillain\n|\n|-heal|p1a: Scovillain|67\/100|[from] item: Leftovers\n|-heal|p2a: Nip Nip :D :D|97\/100|[from] item: Leftovers\n|-ability|p1a: Scovillain|Moody|boost\n|-boost|p1a: Scovillain|spe|1\n|-unboost|p1a: Scovillain|spa|1\n|-ability|p2a: Nip Nip :D :D|Moody|boost\n|-boost|p2a: Nip Nip :D :D|spd|1\n|-unboost|p2a: Nip Nip :D :D|atk|1\n|upkeep\n|turn|61\n|\n|t:|1698934070\n|move|p2a: Nip Nip :D :D|Protect|p2a: Nip Nip :D :D\n|-singleturn|p2a: Nip Nip :D :D|Protect\n|move|p1a: Scovillain|Giga Drain|p2a: Nip Nip :D :D\n|-activate|p2a: Nip Nip :D :D|move: Protect\n|\n|-heal|p1a: Scovillain|73\/100|[from] item: Leftovers\n|-heal|p2a: Nip Nip :D :D|100\/100|[from] item: Leftovers\n|-ability|p1a: Scovillain|Moody|boost\n|-boost|p1a: Scovillain|spd|2\n|-unboost|p1a: Scovillain|spa|1\n|-ability|p2a: Nip Nip :D :D|Moody|boost\n|-boost|p2a: Nip Nip :D :D|atk|1\n|-unboost|p2a: Nip Nip :D :D|spe|1\n|upkeep\n|turn|62\n|\n|t:|1698934074\n|move|p1a: Scovillain|Leech Seed|p2a: Nip Nip :D :D\n|-immune|p2a: Nip Nip :D :D\n|move|p2a: Nip Nip :D :D|Bite|p1a: Scovillain\n|-activate|p1a: Scovillain|move: Substitute|[damage]\n|\n|-heal|p1a: Scovillain|79\/100|[from] item: Leftovers\n|-ability|p1a: Scovillain|Moody|boost\n|-boost|p1a: Scovillain|def|1\n|-unboost|p1a: Scovillain|spa|1\n|-ability|p2a: Nip Nip :D :D|Moody|boost\n|-boost|p2a: Nip Nip :D :D|spe|2\n|-unboost|p2a: Nip Nip :D :D|def|1\n|upkeep\n|turn|63\n|\n|t:|1698934077\n|move|p1a: Scovillain|Giga Drain|p2a: Nip Nip :D :D\n|-resisted|p2a: Nip Nip :D :D\n|-activate|p2a: Nip Nip :D :D|move: Substitute|[damage]\n|-heal|p1a: Scovillain|81\/100|[from] drain|[of] p2a: Nip Nip :D :D\n|move|p2a: Nip Nip :D :D|Substitute|p2a: Nip Nip :D :D\n|-fail|p2a: Nip Nip :D :D|move: Substitute\n|\n|-heal|p1a: Scovillain|87\/100|[from] item: Leftovers\n|-ability|p1a: Scovillain|Moody|boost\n|-boost|p1a: Scovillain|spa|2\n|-unboost|p1a: Scovillain|spe|1\n|-ability|p2a: Nip Nip :D :D|Moody|boost\n|-boost|p2a: Nip Nip :D :D|def|1\n|-unboost|p2a: Nip Nip :D :D|spe|1\n|upkeep\n|turn|64\n|\n|t:|1698934081\n|move|p1a: Scovillain|Giga Drain|p2a: Nip Nip :D :D\n|-resisted|p2a: Nip Nip :D :D\n|-end|p2a: Nip Nip :D :D|Substitute\n|-heal|p1a: Scovillain|88\/100|[from] drain|[of] p2a: Nip Nip :D :D\n|move|p2a: Nip Nip :D :D|Bite|p1a: Scovillain\n|-end|p1a: Scovillain|Substitute\n|\n|-heal|p1a: Scovillain|94\/100|[from] item: Leftovers\n|-ability|p1a: Scovillain|Moody|boost\n|-boost|p1a: Scovillain|spd|2\n|-unboost|p1a: Scovillain|spe|1\n|-ability|p2a: Nip Nip :D :D|Moody|boost\n|-boost|p2a: Nip Nip :D :D|spe|2\n|-unboost|p2a: Nip Nip :D :D|spd|1\n|upkeep\n|turn|65\n|\n|t:|1698934085\n|move|p1a: Scovillain|Substitute|p1a: Scovillain\n|-start|p1a: Scovillain|Substitute\n|-damage|p1a: Scovillain|69\/100\n|move|p2a: Nip Nip :D :D|Bite|p1a: Scovillain\n|-activate|p1a: Scovillain|move: Substitute|[damage]\n|\n|-heal|p1a: Scovillain|75\/100|[from] item: Leftovers\n|-ability|p1a: Scovillain|Moody|boost\n|-boost|p1a: Scovillain|spd|2\n|-unboost|p1a: Scovillain|def|1\n|-ability|p2a: Nip Nip :D :D|Moody|boost\n|-boost|p2a: Nip Nip :D :D|spd|1\n|-unboost|p2a: Nip Nip :D :D|def|1\n|upkeep\n|turn|66\n|\n|t:|1698934090\n|move|p1a: Scovillain|Protect|p1a: Scovillain\n|-singleturn|p1a: Scovillain|Protect\n|move|p2a: Nip Nip :D :D|Bite|p1a: Scovillain\n|-activate|p1a: Scovillain|move: Protect\n|\n|-heal|p1a: Scovillain|81\/100|[from] item: Leftovers\n|-ability|p1a: Scovillain|Moody|boost\n|-boost|p1a: Scovillain|def|1\n|-unboost|p1a: Scovillain|spe|1\n|-ability|p2a: Nip Nip :D :D|Moody|boost\n|-boost|p2a: Nip Nip :D :D|def|1\n|-unboost|p2a: Nip Nip :D :D|atk|1\n|upkeep\n|turn|67\n|\n|t:|1698934098\n|move|p1a: Scovillain|Leech Seed|p2a: Nip Nip :D :D\n|-immune|p2a: Nip Nip :D :D\n|move|p2a: Nip Nip :D :D|Bite|p1a: Scovillain\n|-crit|p1a: Scovillain\n|-end|p1a: Scovillain|Substitute\n|\n|-heal|p1a: Scovillain|87\/100|[from] item: Leftovers\n|-ability|p1a: Scovillain|Moody|boost\n|-boost|p1a: Scovillain|spa|2\n|-unboost|p1a: Scovillain|spe|1\n|-ability|p2a: Nip Nip :D :D|Moody|boost\n|-boost|p2a: Nip Nip :D :D|atk|1\n|-unboost|p2a: Nip Nip :D :D|spd|1\n|upkeep\n|turn|68\n|\n|t:|1698934101\n|move|p2a: Nip Nip :D :D|Leech Seed|p1a: Scovillain\n|-immune|p1a: Scovillain\n|move|p1a: Scovillain|Leech Seed|p2a: Nip Nip :D :D\n|-immune|p2a: Nip Nip :D :D\n|\n|-heal|p1a: Scovillain|93\/100|[from] item: Leftovers\n|-ability|p2a: Nip Nip :D :D|Moody|boost\n|-boost|p2a: Nip Nip :D :D|spd|1\n|-unboost|p2a: Nip Nip :D :D|atk|1\n|-ability|p1a: Scovillain|Moody|boost\n|-boost|p1a: Scovillain|spe|2\n|-unboost|p1a: Scovillain|spd|1\n|upkeep\n|turn|69\n|\n|t:|1698934104\n|move|p2a: Nip Nip :D :D|Protect|p2a: Nip Nip :D :D\n|-singleturn|p2a: Nip Nip :D :D|Protect\n|move|p1a: Scovillain|Substitute|p1a: Scovillain\n|-start|p1a: Scovillain|Substitute\n|-damage|p1a: Scovillain|68\/100\n|\n|-heal|p1a: Scovillain|74\/100|[from] item: Leftovers\n|-ability|p1a: Scovillain|Moody|boost\n|-boost|p1a: Scovillain|spe|2\n|-unboost|p1a: Scovillain|spa|1\n|-ability|p2a: Nip Nip :D :D|Moody|boost\n|-boost|p2a: Nip Nip :D :D|atk|1\n|-unboost|p2a: Nip Nip :D :D|spd|1\n|upkeep\n|turn|70\n|\n|t:|1698934108\n|move|p1a: Scovillain|Leech Seed|p2a: Nip Nip :D :D\n|-immune|p2a: Nip Nip :D :D\n|move|p2a: Nip Nip :D :D|Substitute|p2a: Nip Nip :D :D\n|-start|p2a: Nip Nip :D :D|Substitute\n|-damage|p2a: Nip Nip :D :D|76\/100\n|\n|-heal|p1a: Scovillain|80\/100|[from] item: Leftovers\n|-heal|p2a: Nip Nip :D :D|82\/100|[from] item: Leftovers\n|-ability|p1a: Scovillain|Moody|boost\n|-boost|p1a: Scovillain|spa|1\n|-unboost|p1a: Scovillain|spe|1\n|-ability|p2a: Nip Nip :D :D|Moody|boost\n|-boost|p2a: Nip Nip :D :D|spe|2\n|-unboost|p2a: Nip Nip :D :D|spa|1\n|upkeep\n|turn|71\n|\n|t:|1698934111\n|move|p1a: Scovillain|Giga Drain|p2a: Nip Nip :D :D\n|-resisted|p2a: Nip Nip :D :D\n|-activate|p2a: Nip Nip :D :D|move: Substitute|[damage]\n|-heal|p1a: Scovillain|85\/100|[from] drain|[of] p2a: Nip Nip :D :D\n|move|p2a: Nip Nip :D :D|Bite|p1a: Scovillain\n|-activate|p1a: Scovillain|move: Substitute|[damage]\n|\n|-heal|p1a: Scovillain|91\/100|[from] item: Leftovers\n|-heal|p2a: Nip Nip :D :D|88\/100|[from] item: Leftovers\n|-ability|p1a: Scovillain|Moody|boost\n|-boost|p1a: Scovillain|spd|1\n|-unboost|p1a: Scovillain|spe|1\n|-ability|p2a: Nip Nip :D :D|Moody|boost\n|-boost|p2a: Nip Nip :D :D|spd|1\n|-unboost|p2a: Nip Nip :D :D|spe|1\n|upkeep\n|turn|72\n|\n|t:|1698934115\n|move|p1a: Scovillain|Giga Drain|p2a: Nip Nip :D :D\n|-resisted|p2a: Nip Nip :D :D\n|-activate|p2a: Nip Nip :D :D|move: Substitute|[damage]\n|-heal|p1a: Scovillain|95\/100|[from] drain|[of] p2a: Nip Nip :D :D\n|move|p2a: Nip Nip :D :D|Bite|p1a: Scovillain\n|-end|p1a: Scovillain|Substitute\n|\n|-heal|p1a: Scovillain|100\/100|[from] item: Leftovers\n|-heal|p2a: Nip Nip :D :D|94\/100|[from] item: Leftovers\n|-ability|p1a: Scovillain|Moody|boost\n|-boost|p1a: Scovillain|spe|2\n|-unboost|p1a: Scovillain|atk|1\n|-ability|p2a: Nip Nip :D :D|Moody|boost\n|-boost|p2a: Nip Nip :D :D|spe|2\n|-unboost|p2a: Nip Nip :D :D|spd|1\n|upkeep\n|turn|73\n|\n|t:|1698934118\n|move|p1a: Scovillain|Substitute|p1a: Scovillain\n|-start|p1a: Scovillain|Substitute\n|-damage|p1a: Scovillain|76\/100\n|move|p2a: Nip Nip :D :D|Bite|p1a: Scovillain\n|-activate|p1a: Scovillain|move: Substitute|[damage]\n|\n|-heal|p1a: Scovillain|82\/100|[from] item: Leftovers\n|-heal|p2a: Nip Nip :D :D|99\/100|[from] item: Leftovers\n|-ability|p1a: Scovillain|Moody|boost\n|-boost|p1a: Scovillain|atk|1\n|-unboost|p1a: Scovillain|def|1\n|-ability|p2a: Nip Nip :D :D|Moody|boost\n|-boost|p2a: Nip Nip :D :D|spd|1\n|-unboost|p2a: Nip Nip :D :D|atk|1\n|upkeep\n|turn|74\n|\n|t:|1698934121\n|move|p1a: Scovillain|Protect|p1a: Scovillain\n|-singleturn|p1a: Scovillain|Protect\n|move|p2a: Nip Nip :D :D|Bite|p1a: Scovillain\n|-activate|p1a: Scovillain|move: Protect\n|\n|-heal|p1a: Scovillain|88\/100|[from] item: Leftovers\n|-heal|p2a: Nip Nip :D :D|100\/100|[from] item: Leftovers\n|-ability|p1a: Scovillain|Moody|boost\n|-boost|p1a: Scovillain|def|1\n|-unboost|p1a: Scovillain|spe|1\n|-ability|p2a: Nip Nip :D :D|Moody|boost\n|-boost|p2a: Nip Nip :D :D|atk|1\n|-unboost|p2a: Nip Nip :D :D|def|1\n|upkeep\n|turn|75\n|\n|t:|1698934127\n|move|p1a: Scovillain|Giga Drain|p2a: Nip Nip :D :D\n|-resisted|p2a: Nip Nip :D :D\n|-end|p2a: Nip Nip :D :D|Substitute\n|-heal|p1a: Scovillain|91\/100|[from] drain|[of] p2a: Nip Nip :D :D\n|move|p2a: Nip Nip :D :D|Bite|p1a: Scovillain\n|-end|p1a: Scovillain|Substitute\n|\n|-heal|p1a: Scovillain|97\/100|[from] item: Leftovers\n|-ability|p1a: Scovillain|Moody|boost\n|-boost|p1a: Scovillain|spe|1\n|-unboost|p1a: Scovillain|spa|1\n|-ability|p2a: Nip Nip :D :D|Moody|boost\n|-boost|p2a: Nip Nip :D :D|def|1\n|-unboost|p2a: Nip Nip :D :D|spa|1\n|upkeep\n|turn|76\n|\n|t:|1698934132\n|move|p1a: Scovillain|Substitute|p1a: Scovillain\n|-start|p1a: Scovillain|Substitute\n|-damage|p1a: Scovillain|72\/100\n|move|p2a: Nip Nip :D :D|Leech Seed|p1a: Scovillain\n|-immune|p1a: Scovillain\n|\n|-heal|p1a: Scovillain|78\/100|[from] item: Leftovers\n|-ability|p1a: Scovillain|Moody|boost\n|-boost|p1a: Scovillain|spa|1\n|-unboost|p1a: Scovillain|spe|1\n|-ability|p2a: Nip Nip :D :D|Moody|boost\n|-boost|p2a: Nip Nip :D :D|spa|2\n|-unboost|p2a: Nip Nip :D :D|spe|1\n|upkeep\n|turn|77\n|\n|t:|1698934144\n|move|p1a: Scovillain|Leech Seed|p2a: Nip Nip :D :D\n|-immune|p2a: Nip Nip :D :D\n|move|p2a: Nip Nip :D :D|Substitute|p2a: Nip Nip :D :D\n|-start|p2a: Nip Nip :D :D|Substitute\n|-damage|p2a: Nip Nip :D :D|76\/100\n|\n|-heal|p1a: Scovillain|84\/100|[from] item: Leftovers\n|-heal|p2a: Nip Nip :D :D|82\/100|[from] item: Leftovers\n|-ability|p1a: Scovillain|Moody|boost\n|-boost|p1a: Scovillain|spe|1\n|-unboost|p1a: Scovillain|atk|1\n|-ability|p2a: Nip Nip :D :D|Moody|boost\n|-boost|p2a: Nip Nip :D :D|spe|1\n|-unboost|p2a: Nip Nip :D :D|atk|1\n|upkeep\n|turn|78\n|\n|t:|1698934154\n|move|p2a: Nip Nip :D :D|Protect|p2a: Nip Nip :D :D\n|-singleturn|p2a: Nip Nip :D :D|Protect\n|move|p1a: Scovillain|Leech Seed|p2a: Nip Nip :D :D\n|-activate|p2a: Nip Nip :D :D|move: Protect\n|\n|-heal|p1a: Scovillain|90\/100|[from] item: Leftovers\n|-heal|p2a: Nip Nip :D :D|88\/100|[from] item: Leftovers\n|-ability|p1a: Scovillain|Moody|boost\n|-boost|p1a: Scovillain|atk|1\n|-unboost|p1a: Scovillain|def|1\n|-ability|p2a: Nip Nip :D :D|Moody|boost\n|-boost|p2a: Nip Nip :D :D|atk|1\n|-unboost|p2a: Nip Nip :D :D|spd|1\n|upkeep\n|turn|79\n|\n|t:|1698934162\n|move|p1a: Scovillain|Protect|p1a: Scovillain\n|-singleturn|p1a: Scovillain|Protect\n|move|p2a: Nip Nip :D :D|Bite|p1a: Scovillain\n|-activate|p1a: Scovillain|move: Protect\n|\n|-heal|p1a: Scovillain|96\/100|[from] item: Leftovers\n|-heal|p2a: Nip Nip :D :D|94\/100|[from] item: Leftovers\n|-ability|p1a: Scovillain|Moody|boost\n|-boost|p1a: Scovillain|def|1\n|-unboost|p1a: Scovillain|atk|1\n|-ability|p2a: Nip Nip :D :D|Moody|boost\n|-boost|p2a: Nip Nip :D :D|spd|1\n|-unboost|p2a: Nip Nip :D :D|spa|1\n|upkeep\n|turn|80\n|\n|t:|1698934167\n|move|p1a: Scovillain|Substitute|p1a: Scovillain\n|-fail|p1a: Scovillain|move: Substitute\n|move|p2a: Nip Nip :D :D|Leech Seed|p1a: Scovillain\n|-immune|p1a: Scovillain\n|\n|-heal|p1a: Scovillain|100\/100|[from] item: Leftovers\n|-heal|p2a: Nip Nip :D :D|99\/100|[from] item: Leftovers\n|-ability|p1a: Scovillain|Moody|boost\n|-boost|p1a: Scovillain|atk|1\n|-unboost|p1a: Scovillain|def|1\n|-ability|p2a: Nip Nip :D :D|Moody|boost\n|-boost|p2a: Nip Nip :D :D|spa|1\n|-unboost|p2a: Nip Nip :D :D|spe|1\n|upkeep\n|turn|81\n|\n|t:|1698934171\n|move|p1a: Scovillain|Protect|p1a: Scovillain\n|-singleturn|p1a: Scovillain|Protect\n|move|p2a: Nip Nip :D :D|Protect||[still]\n|-fail|p2a: Nip Nip :D :D\n|\n|-heal|p2a: Nip Nip :D :D|100\/100|[from] item: Leftovers\n|-ability|p1a: Scovillain|Moody|boost\n|-boost|p1a: Scovillain|def|1\n|-unboost|p1a: Scovillain|spd|1\n|-ability|p2a: Nip Nip :D :D|Moody|boost\n|-boost|p2a: Nip Nip :D :D|spe|1\n|-unboost|p2a: Nip Nip :D :D|spa|1\n|upkeep\n|turn|82\n|\n|t:|1698934174\n|move|p1a: Scovillain|Giga Drain|p2a: Nip Nip :D :D\n|-resisted|p2a: Nip Nip :D :D\n|-activate|p2a: Nip Nip :D :D|move: Substitute|[damage]\n|move|p2a: Nip Nip :D :D|Bite|p1a: Scovillain\n|-crit|p1a: Scovillain\n|-end|p1a: Scovillain|Substitute\n|\n|-ability|p1a: Scovillain|Moody|boost\n|-boost|p1a: Scovillain|spd|1\n|-unboost|p1a: Scovillain|spe|1\n|-ability|p2a: Nip Nip :D :D|Moody|boost\n|-boost|p2a: Nip Nip :D :D|spa|1\n|-unboost|p2a: Nip Nip :D :D|def|1\n|upkeep\n|turn|83\n|\n|t:|1698934178\n|move|p1a: Scovillain|Substitute|p1a: Scovillain\n|-start|p1a: Scovillain|Substitute\n|-damage|p1a: Scovillain|76\/100\n|move|p2a: Nip Nip :D :D|Bite|p1a: Scovillain\n|-activate|p1a: Scovillain|move: Substitute|[damage]\n|\n|-heal|p1a: Scovillain|82\/100|[from] item: Leftovers\n|-ability|p1a: Scovillain|Moody|boost\n|-boost|p1a: Scovillain|spe|1\n|-unboost|p1a: Scovillain|def|1\n|-ability|p2a: Nip Nip :D :D|Moody|boost\n|-boost|p2a: Nip Nip :D :D|def|1\n|-unboost|p2a: Nip Nip :D :D|spa|1\n|upkeep\n|turn|84\n|\n|t:|1698934183\n|move|p1a: Scovillain|Protect|p1a: Scovillain\n|-singleturn|p1a: Scovillain|Protect\n|move|p2a: Nip Nip :D :D|Bite|p1a: Scovillain\n|-activate|p1a: Scovillain|move: Protect\n|\n|-heal|p1a: Scovillain|88\/100|[from] item: Leftovers\n|-ability|p1a: Scovillain|Moody|boost\n|-boost|p1a: Scovillain|def|1\n|-unboost|p1a: Scovillain|spa|1\n|-ability|p2a: Nip Nip :D :D|Moody|boost\n|-boost|p2a: Nip Nip :D :D|spa|1\n|-unboost|p2a: Nip Nip :D :D|def|1\n|upkeep\n|turn|85\n|\n|t:|1698934187\n|move|p1a: Scovillain|Protect||[still]\n|-fail|p1a: Scovillain\n|move|p2a: Nip Nip :D :D|Substitute|p2a: Nip Nip :D :D\n|-fail|p2a: Nip Nip :D :D|move: Substitute\n|\n|-heal|p1a: Scovillain|94\/100|[from] item: Leftovers\n|-ability|p1a: Scovillain|Moody|boost\n|-boost|p1a: Scovillain|spa|1\n|-unboost|p1a: Scovillain|spd|1\n|-ability|p2a: Nip Nip :D :D|Moody|boost\n|-boost|p2a: Nip Nip :D :D|def|1\n|-unboost|p2a: Nip Nip :D :D|spd|1\n|upkeep\n|turn|86\n|\n|t:|1698934190\n|move|p1a: Scovillain|Substitute|p1a: Scovillain\n|-fail|p1a: Scovillain|move: Substitute\n|move|p2a: Nip Nip :D :D|Bite|p1a: Scovillain\n|-end|p1a: Scovillain|Substitute\n|\n|-heal|p1a: Scovillain|99\/100|[from] item: Leftovers\n|-ability|p1a: Scovillain|Moody|boost\n|-boost|p1a: Scovillain|spd|1\n|-unboost|p1a: Scovillain|spa|1\n|-ability|p2a: Nip Nip :D :D|Moody|boost\n|-boost|p2a: Nip Nip :D :D|spd|1\n|-unboost|p2a: Nip Nip :D :D|atk|1\n|upkeep\n|turn|87\n|\n|t:|1698934193\n|move|p1a: Scovillain|Substitute|p1a: Scovillain\n|-start|p1a: Scovillain|Substitute\n|-damage|p1a: Scovillain|75\/100\n|move|p2a: Nip Nip :D :D|Bite|p1a: Scovillain\n|-activate|p1a: Scovillain|move: Substitute|[damage]\n|\n|-heal|p1a: Scovillain|81\/100|[from] item: Leftovers\n|-ability|p1a: Scovillain|Moody|boost\n|-boost|p1a: Scovillain|spa|1\n|-unboost|p1a: Scovillain|spe|1\n|-ability|p2a: Nip Nip :D :D|Moody|boost\n|-boost|p2a: Nip Nip :D :D|atk|1\n|-unboost|p2a: Nip Nip :D :D|spe|1\n|upkeep\n|turn|88\n|\n|t:|1698934197\n|move|p1a: Scovillain|Substitute|p1a: Scovillain\n|-fail|p1a: Scovillain|move: Substitute\n|move|p2a: Nip Nip :D :D|Bite|p1a: Scovillain\n|-end|p1a: Scovillain|Substitute\n|\n|-heal|p1a: Scovillain|87\/100|[from] item: Leftovers\n|-ability|p1a: Scovillain|Moody|boost\n|-boost|p1a: Scovillain|spe|1\n|-unboost|p1a: Scovillain|spa|1\n|-ability|p2a: Nip Nip :D :D|Moody|boost\n|-boost|p2a: Nip Nip :D :D|spe|1\n|-unboost|p2a: Nip Nip :D :D|spd|1\n|upkeep\n|turn|89\n|\n|t:|1698934200\n|move|p1a: Scovillain|Substitute|p1a: Scovillain\n|-start|p1a: Scovillain|Substitute\n|-damage|p1a: Scovillain|62\/100\n|move|p2a: Nip Nip :D :D|Bite|p1a: Scovillain\n|-activate|p1a: Scovillain|move: Substitute|[damage]\n|\n|-heal|p1a: Scovillain|68\/100|[from] item: Leftovers\n|-ability|p1a: Scovillain|Moody|boost\n|-boost|p1a: Scovillain|spa|1\n|-unboost|p1a: Scovillain|spe|1\n|-ability|p2a: Nip Nip :D :D|Moody|boost\n|-boost|p2a: Nip Nip :D :D|spd|1\n|-unboost|p2a: Nip Nip :D :D|atk|1\n|upkeep\n|turn|90\n|\n|t:|1698934203\n|move|p1a: Scovillain|Protect|p1a: Scovillain\n|-singleturn|p1a: Scovillain|Protect\n|move|p2a: Nip Nip :D :D|Bite|p1a: Scovillain\n|-activate|p1a: Scovillain|move: Protect\n|\n|-heal|p1a: Scovillain|74\/100|[from] item: Leftovers\n|-ability|p1a: Scovillain|Moody|boost\n|-boost|p1a: Scovillain|spe|1\n|-unboost|p1a: Scovillain|atk|1\n|-ability|p2a: Nip Nip :D :D|Moody|boost\n|-boost|p2a: Nip Nip :D :D|atk|1\n|-unboost|p2a: Nip Nip :D :D|spa|1\n|upkeep\n|turn|91\n|\n|t:|1698934207\n|move|p1a: Scovillain|Leech Seed|p2a: Nip Nip :D :D\n|-immune|p2a: Nip Nip :D :D\n|move|p2a: Nip Nip :D :D|Bite|p1a: Scovillain\n|-end|p1a: Scovillain|Substitute\n|\n|-heal|p1a: Scovillain|80\/100|[from] item: Leftovers\n|-ability|p1a: Scovillain|Moody|boost\n|-boost|p1a: Scovillain|atk|1\n|-unboost|p1a: Scovillain|def|1\n|-ability|p2a: Nip Nip :D :D|Moody|boost\n|-boost|p2a: Nip Nip :D :D|spa|1\n|-unboost|p2a: Nip Nip :D :D|spe|1\n|upkeep\n|turn|92\n|\n|t:|1698934211\n|move|p1a: Scovillain|Protect|p1a: Scovillain\n|-singleturn|p1a: Scovillain|Protect\n|move|p2a: Nip Nip :D :D|Protect||[still]\n|-fail|p2a: Nip Nip :D :D\n|\n|-heal|p1a: Scovillain|86\/100|[from] item: Leftovers\n|-ability|p1a: Scovillain|Moody|boost\n|-boost|p1a: Scovillain|def|1\n|-unboost|p1a: Scovillain|atk|1\n|-ability|p2a: Nip Nip :D :D|Moody|boost\n|-boost|p2a: Nip Nip :D :D|spe|1\n|-unboost|p2a: Nip Nip :D :D|atk|1\n|upkeep\n|turn|93\n|\n|t:|1698934216\n|move|p1a: Scovillain|Substitute|p1a: Scovillain\n|-start|p1a: Scovillain|Substitute\n|-damage|p1a: Scovillain|61\/100\n|move|p2a: Nip Nip :D :D|Leech Seed|p1a: Scovillain\n|-immune|p1a: Scovillain\n|\n|-heal|p1a: Scovillain|67\/100|[from] item: Leftovers\n|-ability|p1a: Scovillain|Moody|boost\n|-boost|p1a: Scovillain|atk|1\n|-unboost|p1a: Scovillain|def|1\n|-ability|p2a: Nip Nip :D :D|Moody|boost\n|-boost|p2a: Nip Nip :D :D|atk|1\n|-unboost|p2a: Nip Nip :D :D|def|1\n|upkeep\n|turn|94\n|\n|t:|1698934219\n|move|p1a: Scovillain|Protect|p1a: Scovillain\n|-singleturn|p1a: Scovillain|Protect\n|move|p2a: Nip Nip :D :D|Leech Seed|p1a: Scovillain\n|-activate|p1a: Scovillain|move: Protect\n|\n|-heal|p1a: Scovillain|73\/100|[from] item: Leftovers\n|-ability|p1a: Scovillain|Moody|boost\n|-boost|p1a: Scovillain|def|1\n|-unboost|p1a: Scovillain|spe|1\n|-ability|p2a: Nip Nip :D :D|Moody|boost\n|-boost|p2a: Nip Nip :D :D|def|1\n|-unboost|p2a: Nip Nip :D :D|spa|1\n|upkeep\n|turn|95\n|\n|t:|1698934223\n|move|p1a: Scovillain|Giga Drain|p2a: Nip Nip :D :D\n|-resisted|p2a: Nip Nip :D :D\n|-activate|p2a: Nip Nip :D :D|move: Substitute|[damage]\n|-heal|p1a: Scovillain|77\/100|[from] drain|[of] p2a: Nip Nip :D :D\n|move|p2a: Nip Nip :D :D|Leech Seed|p1a: Scovillain\n|-immune|p1a: Scovillain\n|\n|-heal|p1a: Scovillain|83\/100|[from] item: Leftovers\n|-ability|p1a: Scovillain|Moody|boost\n|-boost|p1a: Scovillain|spe|1\n|-unboost|p1a: Scovillain|atk|1\n|-ability|p2a: Nip Nip :D :D|Moody|boost\n|-boost|p2a: Nip Nip :D :D|spa|1\n|-unboost|p2a: Nip Nip :D :D|def|1\n|upkeep\n|turn|96\n|\n|t:|1698934230\n|move|p1a: Scovillain|Substitute|p1a: Scovillain\n|-fail|p1a: Scovillain|move: Substitute\n|move|p2a: Nip Nip :D :D|Bite|p1a: Scovillain\n|-activate|p1a: Scovillain|move: Substitute|[damage]\n|\n|-heal|p1a: Scovillain|89\/100|[from] item: Leftovers\n|-ability|p1a: Scovillain|Moody|boost\n|-boost|p1a: Scovillain|atk|1\n|-unboost|p1a: Scovillain|spa|1\n|-ability|p2a: Nip Nip :D :D|Moody|boost\n|-boost|p2a: Nip Nip :D :D|def|1\n|-unboost|p2a: Nip Nip :D :D|atk|1\n|upkeep\n|turn|97\n|\n|t:|1698934243\n|move|p1a: Scovillain|Protect|p1a: Scovillain\n|-singleturn|p1a: Scovillain|Protect\n|move|p2a: Nip Nip :D :D|Substitute|p2a: Nip Nip :D :D\n|-fail|p2a: Nip Nip :D :D|move: Substitute\n|\n|-heal|p1a: Scovillain|95\/100|[from] item: Leftovers\n|-ability|p1a: Scovillain|Moody|boost\n|-boost|p1a: Scovillain|spa|1\n|-unboost|p1a: Scovillain|spd|1\n|-ability|p2a: Nip Nip :D :D|Moody|boost\n|-boost|p2a: Nip Nip :D :D|atk|1\n|-unboost|p2a: Nip Nip :D :D|spa|1\n|upkeep\n|turn|98\n|\n|t:|1698934246\n|-activate|p1a: Scovillain|move: Struggle\n|move|p1a: Scovillain|Struggle|p2a: Nip Nip :D :D\n|-end|p2a: Nip Nip :D :D|Substitute\n|-damage|p1a: Scovillain|70\/100|[from] recoil\n|move|p2a: Nip Nip :D :D|Bite|p1a: Scovillain\n|-end|p1a: Scovillain|Substitute\n|\n|-heal|p1a: Scovillain|76\/100|[from] item: Leftovers\n|-ability|p1a: Scovillain|Moody|boost\n|-boost|p1a: Scovillain|spd|1\n|-unboost|p1a: Scovillain|spe|1\n|-ability|p2a: Nip Nip :D :D|Moody|boost\n|-boost|p2a: Nip Nip :D :D|spa|1\n|-unboost|p2a: Nip Nip :D :D|spe|1\n|upkeep\n|turn|99\n|\n|t:|1698934250\n|move|p2a: Nip Nip :D :D|Protect|p2a: Nip Nip :D :D\n|-singleturn|p2a: Nip Nip :D :D|Protect\n|-activate|p1a: Scovillain|move: Struggle\n|move|p1a: Scovillain|Struggle|p2a: Nip Nip :D :D\n|-activate|p2a: Nip Nip :D :D|move: Protect\n|\n|-heal|p1a: Scovillain|82\/100|[from] item: Leftovers\n|-ability|p1a: Scovillain|Moody|boost\n|-boost|p1a: Scovillain|spe|1\n|-unboost|p1a: Scovillain|atk|1\n|-ability|p2a: Nip Nip :D :D|Moody|boost\n|-boost|p2a: Nip Nip :D :D|spe|1\n|-unboost|p2a: Nip Nip :D :D|spa|1\n|upkeep\n|turn|100\n|\n|t:|1698934253\n|-activate|p1a: Scovillain|move: Struggle\n|move|p1a: Scovillain|Struggle|p2a: Nip Nip :D :D\n|-damage|p2a: Nip Nip :D :D|89\/100\n|-damage|p1a: Scovillain|58\/100|[from] recoil\n|move|p2a: Nip Nip :D :D|Substitute|p2a: Nip Nip :D :D\n|-start|p2a: Nip Nip :D :D|Substitute\n|-damage|p2a: Nip Nip :D :D|64\/100\n|\n|-heal|p1a: Scovillain|64\/100|[from] item: Leftovers\n|-heal|p2a: Nip Nip :D :D|70\/100|[from] item: Leftovers\n|-ability|p1a: Scovillain|Moody|boost\n|-boost|p1a: Scovillain|atk|1\n|-unboost|p1a: Scovillain|spa|1\n|-ability|p2a: Nip Nip :D :D|Moody|boost\n|-boost|p2a: Nip Nip :D :D|spa|1\n|-unboost|p2a: Nip Nip :D :D|atk|1\n|upkeep\n|turn|101\n|\n|t:|1698934260\n|-activate|p1a: Scovillain|move: Struggle\n|move|p1a: Scovillain|Struggle|p2a: Nip Nip :D :D\n|-activate|p2a: Nip Nip :D :D|move: Substitute|[damage]\n|-damage|p1a: Scovillain|39\/100|[from] recoil\n|move|p2a: Nip Nip :D :D|Bite|p1a: Scovillain\n|-damage|p1a: Scovillain|19\/100\n|\n|-heal|p1a: Scovillain|25\/100|[from] item: Leftovers\n|-heal|p2a: Nip Nip :D :D|76\/100|[from] item: Leftovers\n|-ability|p1a: Scovillain|Moody|boost\n|-boost|p1a: Scovillain|spa|1\n|-unboost|p1a: Scovillain|spe|1\n|-ability|p2a: Nip Nip :D :D|Moody|boost\n|-boost|p2a: Nip Nip :D :D|atk|1\n|-unboost|p2a: Nip Nip :D :D|spa|1\n|upkeep\n|turn|102\n|\n|t:|1698934264\n|-activate|p1a: Scovillain|move: Struggle\n|move|p1a: Scovillain|Struggle|p2a: Nip Nip :D :D\n|-end|p2a: Nip Nip :D :D|Substitute\n|-damage|p1a: Scovillain|0 fnt|[from] recoil\n|faint|p1a: Scovillain\n|move|p2a: Nip Nip :D :D|Bite|p1: Scovillain|[notarget]\n|-fail|p2a: Nip Nip :D :D\n|\n|-heal|p2a: Nip Nip :D :D|82\/100|[from] item: Leftovers\n|-ability|p2a: Nip Nip :D :D|Moody|boost\n|-boost|p2a: Nip Nip :D :D|spa|1\n|-unboost|p2a: Nip Nip :D :D|spe|1\n|upkeep\n|\n|t:|1698934291\n|switch|p1a: Cyclizar|Cyclizar, M, shiny|100\/100\n|turn|103\n|c|\u2606Captain Carbs|died from pp shortness\n|\n|t:|1698934295\n|move|p2a: Nip Nip :D :D|Leech Seed|p1a: Cyclizar\n|-start|p1a: Cyclizar|move: Leech Seed\n|move|p1a: Cyclizar|Taunt|p2a: Nip Nip :D :D\n|-start|p2a: Nip Nip :D :D|move: Taunt\n|\n|-heal|p2a: Nip Nip :D :D|88\/100|[from] item: Leftovers\n|-damage|p1a: Cyclizar|88\/100|[from] Leech Seed|[of] p2a: Nip Nip :D :D\n|-heal|p2a: Nip Nip :D :D|100\/100|[silent]\n|-ability|p2a: Nip Nip :D :D|Moody|boost\n|-boost|p2a: Nip Nip :D :D|spe|1\n|-unboost|p2a: Nip Nip :D :D|atk|1\n|upkeep\n|turn|104\n|inactive|1stplayever has 120 seconds left.\n|\n|t:|1698934317\n|move|p2a: Nip Nip :D :D|Bite|p1a: Cyclizar\n|-damage|p1a: Cyclizar|31\/100\n|move|p1a: Cyclizar|Rapid Spin|p2a: Nip Nip :D :D\n|-damage|p2a: Nip Nip :D :D|96\/100\n|-boost|p1a: Cyclizar|spe|1\n|-end|p1a: Cyclizar|Leech Seed|[from] move: Rapid Spin|[of] p1a: Cyclizar\n|\n|-heal|p2a: Nip Nip :D :D|100\/100|[from] item: Leftovers\n|-ability|p2a: Nip Nip :D :D|Moody|boost\n|-boost|p2a: Nip Nip :D :D|atk|1\n|-unboost|p2a: Nip Nip :D :D|def|1\n|upkeep\n|turn|105\n|\n|t:|1698934330\n|move|p2a: Nip Nip :D :D|Bite|p1a: Cyclizar\n|-damage|p1a: Cyclizar|0 fnt\n|faint|p1a: Cyclizar\n|\n|-ability|p2a: Nip Nip :D :D|Moody|boost\n|-boost|p2a: Nip Nip :D :D|def|1\n|-unboost|p2a: Nip Nip :D :D|atk|1\n|upkeep\n|\n|t:|1698934334\n|switch|p1a: Ninetales|Ninetales-Alola, F, shiny|100\/100\n|-weather|Snow|[from] ability: Snow Warning|[of] p1a: Ninetales\n|turn|106\n|\n|t:|1698934341\n|move|p2a: Nip Nip :D :D|Bite|p1a: Ninetales\n|-resisted|p1a: Ninetales\n|-damage|p1a: Ninetales|79\/100\n|cant|p1a: Ninetales|flinch\n|\n|-weather|Snow|[upkeep]\n|-end|p2a: Nip Nip :D :D|move: Taunt\n|-ability|p2a: Nip Nip :D :D|Moody|boost\n|-boost|p2a: Nip Nip :D :D|atk|1\n|-unboost|p2a: Nip Nip :D :D|spa|1\n|upkeep\n|turn|107\n|\n|t:|1698934349\n|move|p2a: Nip Nip :D :D|Substitute|p2a: Nip Nip :D :D\n|-start|p2a: Nip Nip :D :D|Substitute\n|-damage|p2a: Nip Nip :D :D|76\/100\n|move|p1a: Ninetales|Aurora Veil|p1a: Ninetales\n|-sidestart|p1: 1stplayever|move: Aurora Veil\n|\n|-weather|Snow|[upkeep]\n|-heal|p2a: Nip Nip :D :D|82\/100|[from] item: Leftovers\n|-ability|p2a: Nip Nip :D :D|Moody|boost\n|-boost|p2a: Nip Nip :D :D|spa|1\n|-unboost|p2a: Nip Nip :D :D|spd|1\n|upkeep\n|turn|108\n|\n|t:|1698934356\n|move|p2a: Nip Nip :D :D|Protect|p2a: Nip Nip :D :D\n|-singleturn|p2a: Nip Nip :D :D|Protect\n|move|p1a: Ninetales|Calm Mind|p1a: Ninetales\n|-boost|p1a: Ninetales|spa|1\n|-boost|p1a: Ninetales|spd|1\n|\n|-weather|Snow|[upkeep]\n|-heal|p2a: Nip Nip :D :D|88\/100|[from] item: Leftovers\n|-ability|p2a: Nip Nip :D :D|Moody|boost\n|-boost|p2a: Nip Nip :D :D|spd|1\n|-unboost|p2a: Nip Nip :D :D|spa|1\n|upkeep\n|turn|109\n|\n|t:|1698934360\n|move|p2a: Nip Nip :D :D|Bite|p1a: Ninetales\n|-resisted|p1a: Ninetales\n|-damage|p1a: Ninetales|68\/100\n|cant|p1a: Ninetales|flinch\n|\n|-weather|Snow|[upkeep]\n|-heal|p2a: Nip Nip :D :D|94\/100|[from] item: Leftovers\n|-ability|p2a: Nip Nip :D :D|Moody|boost\n|-boost|p2a: Nip Nip :D :D|spa|1\n|-unboost|p2a: Nip Nip :D :D|spd|1\n|upkeep\n|turn|110\n|inactive|1stplayever has 120 seconds left.\n|\n|t:|1698934366\n|switch|p2a:  |Calyrex-Shadow|25\/100\n|-ability|p2a:  |As One\n|-ability|p2a:  |Unnerve\n|move|p1a: Ninetales|Calm Mind|p1a: Ninetales\n|-boost|p1a: Ninetales|spa|1\n|-boost|p1a: Ninetales|spd|1\n|\n|-weather|none\n|-heal|p2a:  |31\/100|[from] item: Leftovers\n|upkeep\n|turn|111\n|inactive|1stplayever has 120 seconds left.\n|\n|t:|1698934375\n|move|p2a:  |Leech Seed|p1a: Ninetales\n|-start|p1a: Ninetales|move: Leech Seed\n|move|p1a: Ninetales|Substitute|p1a: Ninetales\n|-start|p1a: Ninetales|Substitute\n|-damage|p1a: Ninetales|43\/100\n|\n|-heal|p2a:  |37\/100|[from] item: Leftovers\n|-damage|p1a: Ninetales|31\/100|[from] Leech Seed|[of] p2a:  \n|-heal|p2a:  |49\/100|[silent]\n|upkeep\n|turn|112\n|inactive|1stplayever has 120 seconds left.\n|c|\u2606Captain Carbs|>:D\n|\n|t:|1698934407\n|switch|p1a: Glalie|Glalie, M, shiny|100\/100\n|move|p2a:  |Substitute|p2a:  \n|-start|p2a:  |Substitute\n|-damage|p2a:  |25\/100\n|\n|-heal|p2a:  |31\/100|[from] item: Leftovers\n|-ability|p1a: Glalie|Moody|boost\n|-boost|p1a: Glalie|spe|2\n|-unboost|p1a: Glalie|spd|1\n|upkeep\n|turn|113\n|\n|t:|1698934417\n|move|p1a: Glalie|Substitute|p1a: Glalie\n|-start|p1a: Glalie|Substitute\n|-damage|p1a: Glalie|76\/100\n|move|p2a:  |Leech Seed||[still]\n|-fail|p2a:  \n|\n|-heal|p1a: Glalie|82\/100|[from] item: Leftovers\n|-heal|p2a:  |37\/100|[from] item: Leftovers\n|-ability|p1a: Glalie|Moody|boost\n|-boost|p1a: Glalie|atk|2\n|-unboost|p1a: Glalie|spe|1\n|upkeep\n|turn|114\n|inactive|1stplayever has 90 seconds left.\n|\n|t:|1698934428\n|switch|p2a: Fed Mantis|Scizor, F|27\/100\n|move|p1a: Glalie|Substitute|p1a: Glalie\n|-fail|p1a: Glalie|move: Substitute\n|\n|-heal|p1a: Glalie|88\/100|[from] item: Leftovers\n|-sideend|p1: 1stplayever|move: Aurora Veil\n|-ability|p1a: Glalie|Moody|boost\n|-boost|p1a: Glalie|spe|2\n|-unboost|p1a: Glalie|spa|1\n|upkeep\n|turn|115\n|inactive|1stplayever has 90 seconds left.\n|\n|t:|1698934441\n|move|p1a: Glalie|Protect|p1a: Glalie\n|-singleturn|p1a: Glalie|Protect\n|move|p2a: Fed Mantis|Double Team|p2a: Fed Mantis\n|-boost|p2a: Fed Mantis|evasion|1\n|\n|-heal|p1a: Glalie|94\/100|[from] item: Leftovers\n|-ability|p1a: Glalie|Moody|boost\n|-boost|p1a: Glalie|spa|2\n|-unboost|p1a: Glalie|spe|1\n|upkeep\n|turn|116\n|\n|t:|1698934446\n|move|p1a: Glalie|Freeze-Dry|p2a: Fed Mantis|[miss]\n|-miss|p1a: Glalie|p2a: Fed Mantis\n|move|p2a: Fed Mantis|Double Team|p2a: Fed Mantis\n|-boost|p2a: Fed Mantis|evasion|1\n|\n|-heal|p1a: Glalie|99\/100|[from] item: Leftovers\n|-ability|p1a: Glalie|Moody|boost\n|-boost|p1a: Glalie|spe|2\n|-unboost|p1a: Glalie|atk|1\n|upkeep\n|turn|117\n|\n|t:|1698934451\n|move|p1a: Glalie|Freeze-Dry|p2a: Fed Mantis\n|-resisted|p2a: Fed Mantis\n|-damage|p2a: Fed Mantis|4\/100\n|move|p2a: Fed Mantis|Double Team|p2a: Fed Mantis\n|-boost|p2a: Fed Mantis|evasion|1\n|\n|-heal|p1a: Glalie|100\/100|[from] item: Leftovers\n|-ability|p1a: Glalie|Moody|boost\n|-boost|p1a: Glalie|spd|2\n|-unboost|p1a: Glalie|def|1\n|upkeep\n|turn|118\n|\n|t:|1698934455\n|move|p1a: Glalie|Freeze-Dry|p2a: Fed Mantis|[miss]\n|-miss|p1a: Glalie|p2a: Fed Mantis\n|move|p2a: Fed Mantis|Defog||[still]\n|-fail|p2a: Fed Mantis\n|\n|-ability|p1a: Glalie|Moody|boost\n|-boost|p1a: Glalie|spa|2\n|-unboost|p1a: Glalie|spe|1\n|upkeep\n|turn|119\n|\n|t:|1698934460\n|move|p2a: Fed Mantis|Bullet Punch|p1a: Glalie\n|-supereffective|p1a: Glalie\n|-end|p1a: Glalie|Substitute\n|move|p1a: Glalie|Freeze-Dry|p2a: Fed Mantis|[miss]\n|-miss|p1a: Glalie|p2a: Fed Mantis\n|\n|-ability|p1a: Glalie|Moody|boost\n|-boost|p1a: Glalie|spd|2\n|-unboost|p1a: Glalie|def|1\n|upkeep\n|turn|120\n|\n|t:|1698934466\n|move|p1a: Glalie|Protect|p1a: Glalie\n|-singleturn|p1a: Glalie|Protect\n|move|p2a: Fed Mantis|Bullet Punch|p1a: Glalie\n|-activate|p1a: Glalie|move: Protect\n|\n|-ability|p1a: Glalie|Moody|boost\n|-boost|p1a: Glalie|def|2\n|-unboost|p1a: Glalie|atk|1\n|upkeep\n|turn|121\n|inactive|1stplayever has 90 seconds left.\n|\n|t:|1698934490\n|move|p2a: Fed Mantis|Bullet Punch|p1a: Glalie\n|-supereffective|p1a: Glalie\n|-damage|p1a: Glalie|18\/100\n|move|p1a: Glalie|Freeze-Dry|p2a: Fed Mantis|[miss]\n|-miss|p1a: Glalie|p2a: Fed Mantis\n|\n|-heal|p1a: Glalie|24\/100|[from] item: Leftovers\n|-ability|p1a: Glalie|Moody|boost\n|-boost|p1a: Glalie|def|2\n|-unboost|p1a: Glalie|spe|1\n|upkeep\n|turn|122\n|inactive|1stplayever has 90 seconds left.\n|\n|t:|1698934503\n|move|p2a: Fed Mantis|Bullet Punch|p1a: Glalie\n|-supereffective|p1a: Glalie\n|-damage|p1a: Glalie|0 fnt\n|faint|p1a: Glalie\n|\n|upkeep\n|inactive|1stplayever has 60 seconds left.\n|inactive|1stplayever has 30 seconds left.\n|\n|t:|1698934564\n|switch|p1a: Scovillain|Scovillain, M, shiny|100\/100\n|turn|123\n|inactive|1stplayever has 30 seconds left.\n|\n|t:|1698934573\n|move|p2a: Fed Mantis|Bullet Punch|p1a: Scovillain\n|-resisted|p1a: Scovillain\n|-damage|p1a: Scovillain|74\/100\n|move|p1a: Scovillain|Leech Seed|p2a: Fed Mantis\n|-start|p2a: Fed Mantis|move: Leech Seed\n|\n|-damage|p2a: Fed Mantis|0 fnt|[from] Leech Seed|[of] p1a: Scovillain\n|-heal|p1a: Scovillain|77\/100|[silent]\n|faint|p2a: Fed Mantis\n|-ability|p1a: Scovillain|Moody|boost\n|-boost|p1a: Scovillain|def|2\n|-unboost|p1a: Scovillain|atk|1\n|upkeep\n|\n|t:|1698934584\n|switch|p2a: Shaniqua From HR|Gyarados, F|100\/100\n|turn|124\n|\n|t:|1698934590\n|move|p2a: Shaniqua From HR|Earthquake|p1a: Scovillain\n|-damage|p1a: Scovillain|53\/100\n|move|p1a: Scovillain|Leech Seed|p2a: Shaniqua From HR\n|-start|p2a: Shaniqua From HR|move: Leech Seed\n|\n|-damage|p2a: Shaniqua From HR|88\/100|[from] Leech Seed|[of] p1a: Scovillain\n|-heal|p1a: Scovillain|66\/100|[silent]\n|-ability|p1a: Scovillain|Moody|boost\n|-boost|p1a: Scovillain|spa|2\n|-unboost|p1a: Scovillain|spe|1\n|upkeep\n|turn|125\n|inactive|1stplayever has 30 seconds left.\n|\n|t:|1698934606\n|switch|p2a: Nip Nip :D :D|Scovillain, F|94\/100\n|move|p1a: Scovillain|Substitute|p1a: Scovillain\n|-start|p1a: Scovillain|Substitute\n|-damage|p1a: Scovillain|41\/100\n|\n|-heal|p2a: Nip Nip :D :D|99\/100|[from] item: Leftovers\n|-ability|p2a: Nip Nip :D :D|Moody|boost\n|-boost|p2a: Nip Nip :D :D|def|2\n|-unboost|p2a: Nip Nip :D :D|spe|1\n|-ability|p1a: Scovillain|Moody|boost\n|-boost|p1a: Scovillain|spe|2\n|-unboost|p1a: Scovillain|spa|1\n|upkeep\n|turn|126\n|inactive|1stplayever has 30 seconds left this turn.\n|inactive|1stplayever has 20 seconds left.\n|\n|t:|1698934617\n|switch|p2a:  |Calyrex-Shadow|37\/100\n|-ability|p2a:  |As One\n|-ability|p2a:  |Unnerve\n|move|p1a: Scovillain|Leech Seed|p2a:  \n|-start|p2a:  |move: Leech Seed\n|\n|-heal|p2a:  |43\/100|[from] item: Leftovers\n|-damage|p2a:  |31\/100|[from] Leech Seed|[of] p1a: Scovillain\n|-heal|p1a: Scovillain|54\/100|[silent]\n|-ability|p1a: Scovillain|Moody|boost\n|-boost|p1a: Scovillain|spe|2\n|-unboost|p1a: Scovillain|def|1\n|upkeep\n|turn|127\n|inactive|1stplayever has 25 seconds left this turn.\n|inactive|1stplayever has 20 seconds left.\n|inactive|1stplayever has 15 seconds left.\n|\n|t:|1698934628\n|switch|p2a: Nip Nip :D :D|Scovillain, F|99\/100\n|move|p1a: Scovillain|Protect||[still]\n|-fail|p1a: Scovillain\n|\n|-heal|p2a: Nip Nip :D :D|100\/100|[from] item: Leftovers\n|-ability|p1a: Scovillain|Moody|boost\n|-boost|p1a: Scovillain|def|2\n|-unboost|p1a: Scovillain|spd|1\n|-ability|p2a: Nip Nip :D :D|Moody|boost\n|-boost|p2a: Nip Nip :D :D|def|2\n|-unboost|p2a: Nip Nip :D :D|spe|1\n|upkeep\n|turn|128\n|inactive|1stplayever has 20 seconds left this turn.\n|inactive|1stplayever has 15 seconds left.\n|\n|t:|1698934637\n|move|p1a: Scovillain|Substitute|p1a: Scovillain\n|-fail|p1a: Scovillain|move: Substitute\n|move|p2a: Nip Nip :D :D|Substitute|p2a: Nip Nip :D :D\n|-start|p2a: Nip Nip :D :D|Substitute\n|-damage|p2a: Nip Nip :D :D|76\/100\n|\n|-heal|p2a: Nip Nip :D :D|82\/100|[from] item: Leftovers\n|-ability|p1a: Scovillain|Moody|boost\n|-boost|p1a: Scovillain|atk|2\n|-unboost|p1a: Scovillain|def|1\n|-ability|p2a: Nip Nip :D :D|Moody|boost\n|-boost|p2a: Nip Nip :D :D|def|2\n|-unboost|p2a: Nip Nip :D :D|spd|1\n|upkeep\n|turn|129\n|inactive|1stplayever has 20 seconds left this turn.\n|\n|t:|1698934643\n|move|p2a: Nip Nip :D :D|Protect|p2a: Nip Nip :D :D\n|-singleturn|p2a: Nip Nip :D :D|Protect\n|move|p1a: Scovillain|Substitute|p1a: Scovillain\n|-fail|p1a: Scovillain|move: Substitute\n|\n|-heal|p2a: Nip Nip :D :D|88\/100|[from] item: Leftovers\n|-ability|p1a: Scovillain|Moody|boost\n|-boost|p1a: Scovillain|spa|2\n|-unboost|p1a: Scovillain|spd|1\n|-ability|p2a: Nip Nip :D :D|Moody|boost\n|-boost|p2a: Nip Nip :D :D|atk|2\n|-unboost|p2a: Nip Nip :D :D|spd|1\n|upkeep\n|turn|130\n|inactive|1stplayever has 25 seconds left this turn.\n|\n|t:|1698934648\n|move|p1a: Scovillain|Substitute|p1a: Scovillain\n|-fail|p1a: Scovillain|move: Substitute\n|move|p2a: Nip Nip :D :D|Substitute|p2a: Nip Nip :D :D\n|-fail|p2a: Nip Nip :D :D|move: Substitute\n|\n|-heal|p2a: Nip Nip :D :D|94\/100|[from] item: Leftovers\n|-ability|p1a: Scovillain|Moody|boost\n|-boost|p1a: Scovillain|spe|2\n|-unboost|p1a: Scovillain|atk|1\n|-ability|p2a: Nip Nip :D :D|Moody|boost\n|-boost|p2a: Nip Nip :D :D|spa|2\n|-unboost|p2a: Nip Nip :D :D|def|1\n|upkeep\n|turn|131\n|inactive|1stplayever has 30 seconds left this turn.\n|\n|t:|1698934652\n|switch|p2a: Shaniqua From HR|Gyarados, F|88\/100\n|move|p1a: Scovillain|Substitute|p1a: Scovillain\n|-fail|p1a: Scovillain|move: Substitute\n|\n|-ability|p1a: Scovillain|Moody|boost\n|-boost|p1a: Scovillain|spa|2\n|-unboost|p1a: Scovillain|atk|1\n|upkeep\n|turn|132\n|\n|t:|1698934657\n|switch|p2a: Nip Nip :D :D|Scovillain, F|94\/100\n|move|p1a: Scovillain|Leech Seed|p2a: Nip Nip :D :D\n|-immune|p2a: Nip Nip :D :D\n|\n|-heal|p2a: Nip Nip :D :D|99\/100|[from] item: Leftovers\n|-ability|p1a: Scovillain|Moody|boost\n|-boost|p1a: Scovillain|spd|2\n|-unboost|p1a: Scovillain|def|1\n|-ability|p2a: Nip Nip :D :D|Moody|boost\n|-boost|p2a: Nip Nip :D :D|spa|2\n|-unboost|p2a: Nip Nip :D :D|spd|1\n|upkeep\n|turn|133\n|\n|t:|1698934664\n|switch|p2a:  |Calyrex-Shadow|31\/100\n|-ability|p2a:  |As One\n|-ability|p2a:  |Unnerve\n|move|p1a: Scovillain|Substitute|p1a: Scovillain\n|-fail|p1a: Scovillain|move: Substitute\n|\n|-heal|p2a:  |37\/100|[from] item: Leftovers\n|-ability|p1a: Scovillain|Moody|boost\n|-boost|p1a: Scovillain|spa|1\n|-unboost|p1a: Scovillain|atk|1\n|upkeep\n|turn|134\n|\n|t:|1698934672\n|move|p2a:  |Protect|p2a:  \n|-singleturn|p2a:  |Protect\n|move|p1a: Scovillain|Substitute|p1a: Scovillain\n|-fail|p1a: Scovillain|move: Substitute\n|\n|-heal|p2a:  |43\/100|[from] item: Leftovers\n|-ability|p1a: Scovillain|Moody|boost\n|-boost|p1a: Scovillain|spe|1\n|-unboost|p1a: Scovillain|spd|1\n|upkeep\n|turn|135\n|inactive|1stplayever has 30 seconds left.\n|inactive|1stplayever has 20 seconds left.\n|inactive|1stplayever has 15 seconds left.\n|\n|t:|1698934697\n|move|p1a: Scovillain|Leech Seed|p2a:  \n|-start|p2a:  |move: Leech Seed\n|move|p2a:  |Substitute|p2a:  \n|-start|p2a:  |Substitute\n|-damage|p2a:  |18\/100\n|\n|-heal|p2a:  |24\/100|[from] item: Leftovers\n|-damage|p2a:  |12\/100|[from] Leech Seed|[of] p1a: Scovillain\n|-heal|p1a: Scovillain|67\/100|[silent]\n|-ability|p1a: Scovillain|Moody|boost\n|-boost|p1a: Scovillain|atk|2\n|-unboost|p1a: Scovillain|spe|1\n|upkeep\n|turn|136\n|inactive|1stplayever has 20 seconds left this turn.\n|inactive|1stplayever has 15 seconds left.\n|\n|t:|1698934706\n|switch|p2a: Nip Nip :D :D|Scovillain, F|99\/100\n|move|p1a: Scovillain|Protect||[still]\n|-fail|p1a: Scovillain\n|\n|-heal|p2a: Nip Nip :D :D|100\/100|[from] item: Leftovers\n|-ability|p1a: Scovillain|Moody|boost\n|-boost|p1a: Scovillain|spe|1\n|-unboost|p1a: Scovillain|spd|1\n|-ability|p2a: Nip Nip :D :D|Moody|boost\n|-boost|p2a: Nip Nip :D :D|atk|2\n|-unboost|p2a: Nip Nip :D :D|spd|1\n|upkeep\n|turn|137\n|inactive|1stplayever has 20 seconds left this turn.\n|c|\u2606Captain Carbs|I mean what did you expect when you put two scovillains on your team? a short game? scoff!\n|\n|t:|1698934722\n|move|p1a: Scovillain|Substitute|p1a: Scovillain\n|-fail|p1a: Scovillain|move: Substitute\n|move|p2a: Nip Nip :D :D|Substitute|p2a: Nip Nip :D :D\n|-start|p2a: Nip Nip :D :D|Substitute\n|-damage|p2a: Nip Nip :D :D|76\/100\n|\n|-heal|p2a: Nip Nip :D :D|82\/100|[from] item: Leftovers\n|-ability|p1a: Scovillain|Moody|boost\n|-boost|p1a: Scovillain|atk|2\n|-unboost|p1a: Scovillain|spd|1\n|-ability|p2a: Nip Nip :D :D|Moody|boost\n|-boost|p2a: Nip Nip :D :D|def|2\n|-unboost|p2a: Nip Nip :D :D|spd|1\n|upkeep\n|turn|138\n|inactive|1stplayever has 25 seconds left this turn.\n|inactive|1stplayever has 20 seconds left.\n|\n|t:|1698934728\n|switch|p2a:  |Calyrex-Shadow|12\/100\n|-ability|p2a:  |As One\n|-ability|p2a:  |Unnerve\n|move|p1a: Scovillain|Substitute|p1a: Scovillain\n|-fail|p1a: Scovillain|move: Substitute\n|\n|-heal|p2a:  |18\/100|[from] item: Leftovers\n|-ability|p1a: Scovillain|Moody|boost\n|-boost|p1a: Scovillain|atk|2\n|-unboost|p1a: Scovillain|spa|1\n|upkeep\n|turn|139\n|inactive|1stplayever has 25 seconds left this turn.\n|inactive|1stplayever has 20 seconds left.\n|c|\u26061stplayever|no indeed\n|inactive|1stplayever has 15 seconds left.\n|inactive|1stplayever has 10 seconds left.\n|inactive|1stplayever has 5 seconds left.\n|inactiveoff|Battle timer is now OFF.\n|\n|t:|1698934758\n|switch|p1a: Glalie|Glalie, F, shiny|100\/100\n|move|p2a:  |Substitute|p2a:  \n|-fail|p2a:  |move: Substitute|[weak]\n|\n|-heal|p2a:  |24\/100|[from] item: Leftovers\n|-ability|p1a: Glalie|Moody|boost\n|-boost|p1a: Glalie|def|2\n|-unboost|p1a: Glalie|spe|1\n|upkeep\n|turn|140\n|\n|t:|1698934767\n|move|p2a:  |Leech Seed|p1a: Glalie\n|-start|p1a: Glalie|move: Leech Seed\n|move|p1a: Glalie|Freeze-Dry|p2a:  \n|-damage|p2a:  |3\/100\n|\n|-heal|p2a:  |9\/100|[from] item: Leftovers\n|-damage|p1a: Glalie|88\/100|[from] Leech Seed|[of] p2a:  \n|-heal|p2a:  |22\/100|[silent]\n|-ability|p1a: Glalie|Moody|boost\n|-boost|p1a: Glalie|atk|2\n|-unboost|p1a: Glalie|spe|1\n|upkeep\n|turn|141\n|\n|t:|1698934773\n|move|p2a:  |Protect|p2a:  \n|-singleturn|p2a:  |Protect\n|move|p1a: Glalie|Freeze-Dry|p2a:  \n|-activate|p2a:  |move: Protect\n|\n|-heal|p2a:  |28\/100|[from] item: Leftovers\n|-heal|p1a: Glalie|94\/100|[from] item: Leftovers\n|-damage|p1a: Glalie|82\/100|[from] Leech Seed|[of] p2a:  \n|-heal|p2a:  |42\/100|[silent]\n|-ability|p1a: Glalie|Moody|boost\n|-boost|p1a: Glalie|def|2\n|-unboost|p1a: Glalie|spe|1\n|upkeep\n|turn|142\n|\n|t:|1698934780\n|switch|p1a: Scovillain|Scovillain, M, shiny|67\/100\n|move|p2a:  |Substitute|p2a:  \n|-start|p2a:  |Substitute\n|-damage|p2a:  |17\/100\n|\n|-heal|p2a:  |23\/100|[from] item: Leftovers\n|-ability|p1a: Scovillain|Moody|boost\n|-boost|p1a: Scovillain|spd|2\n|-unboost|p1a: Scovillain|atk|1\n|upkeep\n|turn|143\n|\n|t:|1698934788\n|switch|p1a: Ninetales|Ninetales-Alola, F, shiny|31\/100\n|-weather|Snow|[from] ability: Snow Warning|[of] p1a: Ninetales\n|move|p2a:  |Protect||[still]\n|-fail|p2a:  \n|\n|-weather|Snow|[upkeep]\n|-heal|p2a:  |29\/100|[from] item: Leftovers\n|upkeep\n|turn|144\n|\n|t:|1698934801\n|switch|p2a: Nip Nip :D :D|Scovillain, F|82\/100\n|move|p1a: Ninetales|Calm Mind|p1a: Ninetales\n|-boost|p1a: Ninetales|spa|1\n|-boost|p1a: Ninetales|spd|1\n|\n|-weather|Snow|[upkeep]\n|-heal|p2a: Nip Nip :D :D|88\/100|[from] item: Leftovers\n|-ability|p2a: Nip Nip :D :D|Moody|boost\n|-boost|p2a: Nip Nip :D :D|spe|2\n|-unboost|p2a: Nip Nip :D :D|def|1\n|upkeep\n|turn|145\n|\n|t:|1698934815\n|switch|p1a: Scovillain|Scovillain, M, shiny|67\/100\n|move|p2a: Nip Nip :D :D|Substitute|p2a: Nip Nip :D :D\n|-start|p2a: Nip Nip :D :D|Substitute\n|-damage|p2a: Nip Nip :D :D|63\/100\n|\n|-weather|Snow|[upkeep]\n|-heal|p2a: Nip Nip :D :D|69\/100|[from] item: Leftovers\n|-ability|p2a: Nip Nip :D :D|Moody|boost\n|-boost|p2a: Nip Nip :D :D|spe|2\n|-unboost|p2a: Nip Nip :D :D|spa|1\n|-ability|p1a: Scovillain|Moody|boost\n|-boost|p1a: Scovillain|spd|2\n|-unboost|p1a: Scovillain|atk|1\n|upkeep\n|turn|146\n|\n|t:|1698934821\n|switch|p1a: Ninetales|Ninetales-Alola, F, shiny|31\/100\n|move|p2a: Nip Nip :D :D|Protect||[still]\n|-fail|p2a: Nip Nip :D :D\n|\n|-weather|Snow|[upkeep]\n|-heal|p2a: Nip Nip :D :D|75\/100|[from] item: Leftovers\n|-ability|p2a: Nip Nip :D :D|Moody|boost\n|-boost|p2a: Nip Nip :D :D|spd|2\n|-unboost|p2a: Nip Nip :D :D|spa|1\n|upkeep\n|turn|147\n|\n|t:|1698934829\n|switch|p2a: Shaniqua From HR|Gyarados, F|88\/100\n|switch|p1a: Scovillain|Scovillain, M, shiny|67\/100\n|\n|-weather|none\n|-ability|p1a: Scovillain|Moody|boost\n|-boost|p1a: Scovillain|atk|2\n|-unboost|p1a: Scovillain|spa|1\n|upkeep\n|turn|148\n|\n|t:|1698934835\n|move|p1a: Scovillain|Protect|p1a: Scovillain\n|-singleturn|p1a: Scovillain|Protect\n|move|p2a: Shaniqua From HR|Dragon Dance|p2a: Shaniqua From HR\n|-boost|p2a: Shaniqua From HR|atk|1\n|-boost|p2a: Shaniqua From HR|spe|1\n|\n|-ability|p1a: Scovillain|Moody|boost\n|-boost|p1a: Scovillain|def|2\n|-unboost|p1a: Scovillain|spd|1\n|upkeep\n|turn|149\n|\n|t:|1698934845\n|switch|p1a: Ninetales|Ninetales-Alola, F, shiny|31\/100\n|-weather|Snow|[from] ability: Snow Warning|[of] p1a: Ninetales\n|move|p2a: Shaniqua From HR|Dragon Dance|p2a: Shaniqua From HR\n|-boost|p2a: Shaniqua From HR|atk|1\n|-boost|p2a: Shaniqua From HR|spe|1\n|\n|-weather|Snow|[upkeep]\n|upkeep\n|turn|150\n|\n|t:|1698934853\n|move|p2a: Shaniqua From HR|Iron Head|p1a: Ninetales\n|-supereffective|p1a: Ninetales\n|-damage|p1a: Ninetales|0 fnt\n|faint|p1a: Ninetales\n|-ability|p2a: Shaniqua From HR|Moxie|boost\n|-boost|p2a: Shaniqua From HR|atk|1\n|\n|-weather|Snow|[upkeep]\n|upkeep\n|\n|t:|1698934857\n|switch|p1a: Glalie|Glalie, F, shiny|82\/100\n|turn|151\n|\n|t:|1698934861\n|move|p1a: Glalie|Protect|p1a: Glalie\n|-singleturn|p1a: Glalie|Protect\n|move|p2a: Shaniqua From HR|Earthquake|p1a: Glalie\n|-activate|p1a: Glalie|move: Protect\n|\n|-weather|Snow|[upkeep]\n|-heal|p1a: Glalie|88\/100|[from] item: Leftovers\n|-ability|p1a: Glalie|Moody|boost\n|-boost|p1a: Glalie|spa|2\n|-unboost|p1a: Glalie|atk|1\n|upkeep\n|turn|152\n|\n|t:|1698934901\n|-terastallize|p1a: Glalie|Fairy\n|move|p2a: Shaniqua From HR|Iron Head|p1a: Glalie\n|-supereffective|p1a: Glalie\n|-damage|p1a: Glalie|0 fnt\n|faint|p1a: Glalie\n|-ability|p2a: Shaniqua From HR|Moxie|boost\n|-boost|p2a: Shaniqua From HR|atk|1\n|\n|-weather|Snow|[upkeep]\n|upkeep\n|\n|t:|1698934905\n|switch|p1a: Scovillain|Scovillain, M, shiny|67\/100\n|turn|153\n|c|\u26061stplayever|gg, thank you\n|c|\u2606Captain Carbs|gg\n|c|\u2606Captain Carbs|!showteam\n|c| Captain Carbs|\/raw <div class=\"infobox\"><details><summary>View team<\/summary>Stop Flinching! (Shaymin-Sky) @ Choice Scarf  <br \/>Ability: Serene Grace  <br \/>Shiny: Yes  <br \/>Tera Type: Ground  <br \/>EVs: 4 HP &#x2f; 252 SpA &#x2f; 252 Spe  <br \/>Modest Nature  <br \/>IVs: 0 Atk  <br \/>- Giga Drain  <br \/>- Earth Power  <br \/>- Dazzling Gleam  <br \/>- Air Slash  <br \/><br \/>Juicero\u2122 Juicer (Mewtwo) @ Leftovers  <br \/>Ability: Pressure  <br \/>Tera Type: Steel  <br \/>EVs: 104 HP &#x2f; 152 Def &#x2f; 252 SpD  <br \/>Impish Nature  <br \/>- Substitute  <br \/>- Protect  <br \/>- Spite  <br \/>- Knock Off  <br \/><br \/>Shaniqua From HR (Gyarados) (F) @ Lum Berry  <br \/>Ability: Moxie  <br \/>Tera Type: Ground  <br \/>EVs: 76 HP &#x2f; 176 Atk &#x2f; 24 Def &#x2f; 4 SpD &#x2f; 228 Spe  <br \/>Jolly Nature  <br \/>- Dragon Dance  <br \/>- Iron Head  <br \/>- Earthquake  <br \/>- Ice Fang  <br \/><br \/>Nip Nip :D :D (Scovillain) (F) @ Leftovers  <br \/>Ability: Moody  <br \/>Tera Type: Water  <br \/>EVs: 252 HP &#x2f; 96 Def &#x2f; 28 SpD &#x2f; 132 Spe  <br \/>Careful Nature  <br \/>- Leech Seed  <br \/>- Bite  <br \/>- Protect  <br \/>- Substitute  <br \/><br \/>Fed Mantis (Scizor) (F) @ King&apos;s Rock  <br \/>Ability: Technician  <br \/>Tera Type: Bug  <br \/>EVs: 252 Atk &#x2f; 8 SpD &#x2f; 248 Spe  <br \/>Adamant Nature  <br \/>- Double Team  <br \/>- Defog  <br \/>- Bullet Punch  <br \/>- Acrobatics  <br \/><br \/>  (Calyrex-Shadow) @ Flame Orb  <br \/>Ability: As One (Spectrier)  <br \/>Tera Type: Fire  <br \/>EVs: 252 Def &#x2f; 4 SpD &#x2f; 252 Spe  <br \/>Bold Nature  <br \/>IVs: 0 Atk  <br \/>- Substitute  <br \/>- Leech Seed  <br \/>- Protect  <br \/>- Trick  <br \/><br \/><\/details><\/div>\n|-message|1stplayever forfeited.\n|\n|win|Captain Carbs\n|raw|1stplayever's rating: 1375 &rarr; <strong>1350<\/strong><br \/>(-25 for losing)\n|raw|Captain Carbs's rating: 1288 &rarr; <strong>1319<\/strong><br \/>(+31 for winning)\n|l|\u26061stplayever\n","uploadtime":1698934963,"views":7,"p1id":"1stplayever","p2id":"captaincarbs","formatid":"gen9anythinggoes","rating":1319,"private":0,"password":""}