{"id":"gen9anythinggoes-1999040712","p1":"immetreesave","p2":"germy_55","format":"[Gen 9] Anything Goes","log":"|j|\u2606immetreesave\n|j|\u2606germy_55\n|t:|1701026803\n|gametype|singles\n|player|p1|immetreesave|101|1168\n|player|p2|germy_55|266|1165\n|teamsize|p1|6\n|teamsize|p2|6\n|gen|9\n|tier|[Gen 9] Anything Goes\n|rated|\n|rule|HP Percentage Mod: HP is shown in percentages\n|rule|Endless Battle Clause: Forcing endless battles is banned\n|clearpoke\n|poke|p1|Arceus-Fairy|\n|poke|p1|Arceus-Water|\n|poke|p1|Arceus-Ice|\n|poke|p1|Arceus-Steel|\n|poke|p1|Arceus-Grass|\n|poke|p1|Arceus-Fire|\n|poke|p2|Gliscor, F|\n|poke|p2|Zacian-*|\n|poke|p2|Dondozo, F|\n|poke|p2|Maushold-Four|\n|poke|p2|Cinderace, M|\n|poke|p2|Clefable, M|\n|teampreview\n|inactive|Battle timer is ON: inactive players will automatically lose when time's up. (requested by germy_55)\n|\n|t:|1701026807\n|start\n|switch|p1a: Arceus|Arceus-Ice|100\/100\n|switch|p2a: Maushold|Maushold-Four|100\/100\n|turn|1\n|\n|t:|1701026811\n|move|p2a: Maushold|Tidy Up|p2a: Maushold\n|-boost|p2a: Maushold|atk|1\n|-boost|p2a: Maushold|spe|1\n|move|p1a: Arceus|Calm Mind|p1a: Arceus\n|-boost|p1a: Arceus|spa|1\n|-boost|p1a: Arceus|spd|1\n|\n|upkeep\n|turn|2\n|\n|t:|1701026816\n|move|p2a: Maushold|Encore|p1a: Arceus\n|-start|p1a: Arceus|Encore\n|move|p1a: Arceus|Calm Mind|p1a: Arceus\n|-boost|p1a: Arceus|spa|1\n|-boost|p1a: Arceus|spd|1\n|\n|upkeep\n|turn|3\n|\n|t:|1701026820\n|move|p2a: Maushold|Tidy Up|p2a: Maushold\n|-boost|p2a: Maushold|atk|1\n|-boost|p2a: Maushold|spe|1\n|move|p1a: Arceus|Calm Mind|p1a: Arceus\n|-boost|p1a: Arceus|spa|1\n|-boost|p1a: Arceus|spd|1\n|\n|upkeep\n|turn|4\n|\n|t:|1701026823\n|move|p2a: Maushold|Tidy Up|p2a: Maushold\n|-boost|p2a: Maushold|atk|1\n|-boost|p2a: Maushold|spe|1\n|move|p1a: Arceus|Calm Mind|p1a: Arceus\n|-boost|p1a: Arceus|spa|1\n|-boost|p1a: Arceus|spd|1\n|\n|-end|p1a: Arceus|Encore\n|upkeep\n|turn|5\n|\n|t:|1701026826\n|move|p2a: Maushold|Encore|p1a: Arceus\n|-start|p1a: Arceus|Encore\n|move|p1a: Arceus|Calm Mind|p1a: Arceus\n|-boost|p1a: Arceus|spa|1\n|-boost|p1a: Arceus|spd|1\n|\n|upkeep\n|turn|6\n|\n|t:|1701026828\n|move|p2a: Maushold|Tidy Up|p2a: Maushold\n|-boost|p2a: Maushold|atk|1\n|-boost|p2a: Maushold|spe|1\n|move|p1a: Arceus|Calm Mind|p1a: Arceus\n|-boost|p1a: Arceus|spa|1\n|-boost|p1a: Arceus|spd|1\n|\n|upkeep\n|turn|7\n|\n|t:|1701026831\n|move|p2a: Maushold|Tidy Up|p2a: Maushold\n|-boost|p2a: Maushold|atk|1\n|-boost|p2a: Maushold|spe|1\n|move|p1a: Arceus|Calm Mind|p1a: Arceus\n|-boost|p1a: Arceus|spa|0\n|-boost|p1a: Arceus|spd|0\n|\n|-end|p1a: Arceus|Encore\n|upkeep\n|turn|8\n|\n|t:|1701026833\n|move|p2a: Maushold|Encore|p1a: Arceus\n|-start|p1a: Arceus|Encore\n|move|p1a: Arceus|Calm Mind|p1a: Arceus\n|-boost|p1a: Arceus|spa|0\n|-boost|p1a: Arceus|spd|0\n|\n|upkeep\n|turn|9\n|\n|t:|1701026835\n|move|p2a: Maushold|Tidy Up|p2a: Maushold\n|-boost|p2a: Maushold|atk|1\n|-boost|p2a: Maushold|spe|1\n|move|p1a: Arceus|Calm Mind|p1a: Arceus\n|-boost|p1a: Arceus|spa|0\n|-boost|p1a: Arceus|spd|0\n|\n|upkeep\n|turn|10\n|\n|t:|1701026838\n|move|p2a: Maushold|Population Bomb|p1a: Arceus\n|-damage|p1a: Arceus|71\/100\n|-damage|p1a: Arceus|38\/100\n|-damage|p1a: Arceus|6\/100\n|-damage|p1a: Arceus|0 fnt\n|faint|p1a: Arceus\n|-hitcount|p1: Arceus|4\n|\n|upkeep\n|\n|t:|1701026841\n|switch|p1a: Arceus|Arceus-Water|100\/100\n|turn|11\n|\n|t:|1701026844\n|move|p2a: Maushold|Population Bomb|p1a: Arceus\n|-damage|p1a: Arceus|70\/100\n|-damage|p1a: Arceus|39\/100\n|-damage|p1a: Arceus|5\/100\n|-damage|p1a: Arceus|0 fnt\n|faint|p1a: Arceus\n|-hitcount|p1: Arceus|4\n|\n|upkeep\n|\n|t:|1701026846\n|switch|p1a: Arceus|Arceus-Fairy|100\/100\n|turn|12\n|\n|t:|1701026848\n|move|p2a: Maushold|Population Bomb|p1a: Arceus\n|-damage|p1a: Arceus|66\/100\n|-damage|p1a: Arceus|33\/100\n|-damage|p1a: Arceus|1\/100\n|-damage|p1a: Arceus|0 fnt\n|faint|p1a: Arceus\n|-hitcount|p1: Arceus|4\n|\n|upkeep\n|\n|t:|1701026850\n|switch|p1a: Arceus|Arceus-Fire|100\/100\n|turn|13\n|\n|t:|1701026853\n|move|p2a: Maushold|Population Bomb|p1a: Arceus\n|-damage|p1a: Arceus|71\/100\n|-damage|p1a: Arceus|38\/100\n|-damage|p1a: Arceus|4\/100\n|-damage|p1a: Arceus|0 fnt\n|faint|p1a: Arceus\n|-hitcount|p1: Arceus|4\n|\n|upkeep\n|\n|t:|1701026857\n|switch|p1a: Arceus|Arceus-Grass|100\/100\n|turn|14\n|\n|t:|1701026860\n|move|p2a: Maushold|Population Bomb|p1a: Arceus\n|-damage|p1a: Arceus|69\/100\n|-damage|p1a: Arceus|37\/100\n|-damage|p1a: Arceus|4\/100\n|-damage|p1a: Arceus|0 fnt\n|faint|p1a: Arceus\n|-hitcount|p1: Arceus|4\n|\n|upkeep\n|\n|t:|1701026863\n|switch|p1a: Arceus|Arceus-Steel|100\/100\n|turn|15\n|\n|t:|1701026866\n|move|p2a: Maushold|Population Bomb|p1a: Arceus\n|-resisted|p1a: Arceus\n|-damage|p1a: Arceus|85\/100\n|-resisted|p1a: Arceus\n|-damage|p1a: Arceus|69\/100\n|-resisted|p1a: Arceus\n|-damage|p1a: Arceus|55\/100\n|-resisted|p1a: Arceus\n|-damage|p1a: Arceus|40\/100\n|-resisted|p1a: Arceus\n|-damage|p1a: Arceus|23\/100\n|-resisted|p1a: Arceus\n|-damage|p1a: Arceus|8\/100\n|-resisted|p1a: Arceus\n|-damage|p1a: Arceus|0 fnt\n|faint|p1a: Arceus\n|-hitcount|p1: Arceus|7\n|\n|win|germy_55\n|raw|immetreesave's rating: 1168 &rarr; <strong>1143<\/strong><br \/>(-25 for losing)\n|raw|germy_55's rating: 1165 &rarr; <strong>1190<\/strong><br \/>(+25 for winning)\n|l|\u2606germy_55\n","uploadtime":1701026870,"views":1,"p1id":"immetreesave","p2id":"germy55","formatid":"gen9anythinggoes","rating":1143,"private":0,"password":""}