{"id":"gen9anythinggoes-1982964297","p1":"papahue","p2":"AtlantaSkwah","format":"[Gen 9] Anything Goes","log":"|j|\u2606papahue\n|j|\u2606AtlantaSkwah\n|t:|1699063897\n|gametype|singles\n|player|p1|papahue|102|1334\n|player|p2|AtlantaSkwah|1|1476\n|teamsize|p1|6\n|teamsize|p2|6\n|gen|9\n|tier|[Gen 9] Anything Goes\n|rated|\n|rule|HP Percentage Mod: HP is shown in percentages\n|rule|Endless Battle Clause: Forcing endless battles is banned\n|clearpoke\n|poke|p1|Espathra, F|\n|poke|p1|Braixen, F|\n|poke|p1|Grimmsnarl, M|\n|poke|p1|Torkoal, M|\n|poke|p1|Vaporeon, F|\n|poke|p1|Meowscarada, F|\n|poke|p2|Espathra, F|\n|poke|p2|Calyrex-Shadow|\n|poke|p2|Arceus|\n|poke|p2|Arceus|\n|poke|p2|Kyogre|\n|poke|p2|Kingambit, M|\n|teampreview\n|\n|t:|1699063918\n|start\n|switch|p1a: Ronald G. Snarls|Grimmsnarl, M|100\/100\n|switch|p2a: Espathra|Espathra, F|100\/100\n|turn|1\n|inactive|Battle timer is ON: inactive players will automatically lose when time's up. (requested by AtlantaSkwah)\n|\n|t:|1699063925\n|switch|p2a: Kingambit|Kingambit, M|100\/100\n|move|p1a: Ronald G. Snarls|Light Screen|p1a: Ronald G. Snarls\n|-sidestart|p1: papahue|move: Light Screen\n|\n|upkeep\n|turn|2\n|\n|t:|1699063931\n|move|p1a: Ronald G. Snarls|Reflect|p1a: Ronald G. Snarls\n|-sidestart|p1: papahue|Reflect\n|move|p2a: Kingambit|Iron Head|p1a: Ronald G. Snarls\n|-supereffective|p1a: Ronald G. Snarls\n|-damage|p1a: Ronald G. Snarls|21\/100\n|-damage|p2a: Kingambit|91\/100|[from] item: Life Orb\n|\n|upkeep\n|turn|3\n|\n|t:|1699063937\n|switch|p1a: Oog|Torkoal, M|100\/100\n|-weather|SunnyDay|[from] ability: Drought|[of] p1a: Oog\n|move|p2a: Kingambit|Iron Head|p1a: Oog\n|-resisted|p1a: Oog\n|-damage|p1a: Oog|91\/100\n|-damage|p2a: Kingambit|81\/100|[from] item: Life Orb\n|\n|-weather|SunnyDay|[upkeep]\n|upkeep\n|turn|4\n|\n|t:|1699063941\n|-end|p2a: Kingambit|fallenundefined|[silent]\n|switch|p2a: Kyogre|Kyogre|100\/100\n|-weather|RainDance|[from] ability: Drizzle|[of] p2a: Kyogre\n|move|p1a: Oog|Stealth Rock|p2a: Kyogre\n|-sidestart|p2: AtlantaSkwah|move: Stealth Rock\n|\n|-weather|RainDance|[upkeep]\n|upkeep\n|turn|5\n|\n|t:|1699063948\n|switch|p1a: Salacia|Vaporeon, F|100\/100\n|move|p2a: Kyogre|Ancient Power|p1a: Salacia\n|-damage|p1a: Salacia|91\/100\n|\n|-weather|RainDance|[upkeep]\n|-heal|p1a: Salacia|97\/100|[from] item: Leftovers\n|upkeep\n|turn|6\n|\n|t:|1699063955\n|switch|p2a: Espathra|Espathra, F|100\/100\n|-damage|p2a: Espathra|88\/100|[from] Stealth Rock\n|switch|p1a: Oog|Torkoal, M|91\/100\n|-weather|SunnyDay|[from] ability: Drought|[of] p1a: Oog\n|\n|-weather|SunnyDay|[upkeep]\n|-heal|p2a: Espathra|94\/100|[from] item: Leftovers\n|upkeep\n|turn|7\n|\n|t:|1699063958\n|move|p2a: Espathra|Calm Mind|p2a: Espathra\n|-boost|p2a: Espathra|spa|1\n|-boost|p2a: Espathra|spd|1\n|move|p1a: Oog|Lava Plume|p2a: Espathra\n|-damage|p2a: Espathra|65\/100\n|-status|p2a: Espathra|brn\n|\n|-weather|SunnyDay|[upkeep]\n|-heal|p2a: Espathra|71\/100 brn|[from] item: Leftovers\n|-damage|p2a: Espathra|65\/100 brn|[from] brn\n|-ability|p2a: Espathra|Speed Boost|boost\n|-boost|p2a: Espathra|spe|1\n|upkeep\n|turn|8\n|\n|t:|1699063961\n|move|p2a: Espathra|Calm Mind|p2a: Espathra\n|-boost|p2a: Espathra|spa|1\n|-boost|p2a: Espathra|spd|1\n|move|p1a: Oog|Clear Smog|p2a: Espathra\n|-damage|p2a: Espathra|60\/100 brn\n|-clearboost|p2a: Espathra\n|\n|-weather|SunnyDay|[upkeep]\n|-heal|p2a: Espathra|66\/100 brn|[from] item: Leftovers\n|-damage|p2a: Espathra|60\/100 brn|[from] brn\n|-sideend|p1: papahue|move: Light Screen\n|-ability|p2a: Espathra|Speed Boost|boost\n|-boost|p2a: Espathra|spe|1\n|upkeep\n|turn|9\n|\n|t:|1699063966\n|move|p2a: Espathra|Baton Pass|p2a: Espathra\n|\n|t:|1699063967\n|switch|p2a: Kyogre|Kyogre|100\/100|[from] Baton Pass\n|-damage|p2a: Kyogre|88\/100|[from] Stealth Rock\n|-weather|RainDance|[from] ability: Drizzle|[of] p2a: Kyogre\n|move|p1a: Oog|Lava Plume|p2a: Kyogre\n|-resisted|p2a: Kyogre\n|-damage|p2a: Kyogre|84\/100\n|\n|-weather|RainDance|[upkeep]\n|-heal|p2a: Kyogre|90\/100|[from] item: Leftovers\n|-sideend|p1: papahue|Reflect\n|upkeep\n|turn|10\n|\n|t:|1699063973\n|move|p2a: Kyogre|Water Spout|p1a: Oog\n|-supereffective|p1a: Oog\n|-damage|p1a: Oog|0 fnt\n|faint|p1a: Oog\n|\n|-weather|RainDance|[upkeep]\n|-heal|p2a: Kyogre|96\/100|[from] item: Leftovers\n|upkeep\n|\n|t:|1699063980\n|switch|p1a: Ronald G. Snarls|Grimmsnarl, M|21\/100\n|turn|11\n|\n|t:|1699063983\n|move|p1a: Ronald G. Snarls|Light Screen|p1a: Ronald G. Snarls\n|-sidestart|p1: papahue|move: Light Screen\n|move|p2a: Kyogre|Ancient Power|p1a: Ronald G. Snarls\n|-damage|p1a: Ronald G. Snarls|8\/100\n|-boost|p2a: Kyogre|atk|1\n|-boost|p2a: Kyogre|def|1\n|-boost|p2a: Kyogre|spa|1\n|-boost|p2a: Kyogre|spd|1\n|-boost|p2a: Kyogre|spe|1\n|\n|-weather|RainDance|[upkeep]\n|-heal|p2a: Kyogre|100\/100|[from] item: Leftovers\n|upkeep\n|turn|12\n|\n|t:|1699063987\n|move|p1a: Ronald G. Snarls|Parting Shot|p2a: Kyogre\n|-unboost|p2a: Kyogre|atk|1\n|-unboost|p2a: Kyogre|spa|1\n|\n|t:|1699063989\n|switch|p1a: Salacia|Vaporeon, F|97\/100|[from] Parting Shot\n|move|p2a: Kyogre|Ancient Power|p1a: Salacia\n|-damage|p1a: Salacia|88\/100\n|\n|-weather|RainDance|[upkeep]\n|-heal|p1a: Salacia|94\/100|[from] item: Leftovers\n|upkeep\n|turn|13\n|\n|t:|1699063994\n|move|p2a: Kyogre|Thunder|p1a: Salacia\n|-supereffective|p1a: Salacia\n|-damage|p1a: Salacia|63\/100\n|move|p1a: Salacia|Haze|p1a: Salacia\n|-clearallboost\n|\n|-weather|none\n|-heal|p1a: Salacia|69\/100|[from] item: Leftovers\n|upkeep\n|turn|14\n|\n|t:|1699064009\n|switch|p2a: Espathra|Espathra, F|60\/100 brn\n|-damage|p2a: Espathra|47\/100 brn|[from] Stealth Rock\n|switch|p1a: Flora|Meowscarada, F|100\/100\n|\n|-heal|p2a: Espathra|53\/100 brn|[from] item: Leftovers\n|-damage|p2a: Espathra|47\/100 brn|[from] brn\n|upkeep\n|turn|15\n|\n|t:|1699064015\n|move|p2a: Espathra|Protect|p2a: Espathra\n|-singleturn|p2a: Espathra|Protect\n|move|p1a: Flora|Knock Off|p2a: Espathra\n|-activate|p2a: Espathra|move: Protect\n|\n|-heal|p2a: Espathra|53\/100 brn|[from] item: Leftovers\n|-damage|p2a: Espathra|47\/100 brn|[from] brn\n|-ability|p2a: Espathra|Speed Boost|boost\n|-boost|p2a: Espathra|spe|1\n|upkeep\n|turn|16\n|\n|t:|1699064024\n|move|p2a: Espathra|Baton Pass|p2a: Espathra\n|\n|t:|1699064031\n|switch|p2a: Arceus|Arceus|100\/100|[from] Baton Pass\n|-damage|p2a: Arceus|88\/100|[from] Stealth Rock\n|move|p1a: Flora|Flower Trick|p2a: Arceus\n|-crit|p2a: Arceus\n|-damage|p2a: Arceus|40\/100\n|-damage|p1a: Flora|91\/100|[from] item: Life Orb\n|\n|-heal|p2a: Arceus|46\/100|[from] item: Leftovers\n|upkeep\n|turn|17\n|\n|t:|1699064036\n|move|p2a: Arceus|Extreme Speed|p1a: Flora\n|-damage|p1a: Flora|27\/100\n|move|p1a: Flora|Flower Trick|p2a: Arceus\n|-crit|p2a: Arceus\n|-damage|p2a: Arceus|0 fnt\n|faint|p2a: Arceus\n|-damage|p1a: Flora|17\/100|[from] item: Life Orb\n|\n|upkeep\n|\n|t:|1699064043\n|switch|p2a: Calyrex|Calyrex-Shadow|100\/100\n|-ability|p2a: Calyrex|As One\n|-ability|p2a: Calyrex|Unnerve\n|-damage|p2a: Calyrex|88\/100|[from] Stealth Rock\n|turn|18\n|\n|t:|1699064047\n|move|p1a: Flora|Sucker Punch|p2a: Calyrex\n|-supereffective|p2a: Calyrex\n|-damage|p2a: Calyrex|0 fnt\n|faint|p2a: Calyrex\n|-damage|p1a: Flora|7\/100|[from] item: Life Orb\n|\n|-sideend|p1: papahue|move: Light Screen\n|upkeep\n|\n|t:|1699064052\n|switch|p2a: Kingambit|Kingambit, M|81\/100\n|-damage|p2a: Kingambit|74\/100|[from] Stealth Rock\n|-activate|p2a: Kingambit|ability: Supreme Overlord\n|-start|p2a: Kingambit|fallen2|[silent]\n|turn|19\n|\n|t:|1699064055\n|move|p1a: Flora|Low Kick|p2a: Kingambit\n|-supereffective|p2a: Kingambit\n|-damage|p2a: Kingambit|0 fnt\n|faint|p2a: Kingambit\n|-end|p2a: Kingambit|fallen2|[silent]\n|-damage|p1a: Flora|0 fnt|[from] item: Life Orb\n|faint|p1a: Flora\n|\n|upkeep\n|\n|t:|1699064059\n|switch|p1a: Ronald G. Snarls|Grimmsnarl, M|8\/100\n|switch|p2a: Espathra|Espathra, F|47\/100 brn\n|-damage|p2a: Espathra|35\/100 brn|[from] Stealth Rock\n|turn|20\n|\n|t:|1699064061\n|move|p2a: Espathra|Protect|p2a: Espathra\n|-singleturn|p2a: Espathra|Protect\n|move|p1a: Ronald G. Snarls|Light Screen|p1a: Ronald G. Snarls\n|-sidestart|p1: papahue|move: Light Screen\n|\n|-heal|p2a: Espathra|41\/100 brn|[from] item: Leftovers\n|-damage|p2a: Espathra|35\/100 brn|[from] brn\n|-ability|p2a: Espathra|Speed Boost|boost\n|-boost|p2a: Espathra|spe|1\n|upkeep\n|turn|21\n|\n|t:|1699064064\n|move|p1a: Ronald G. Snarls|Reflect|p1a: Ronald G. Snarls\n|-sidestart|p1: papahue|Reflect\n|move|p2a: Espathra|Stored Power|p1a: Ronald G. Snarls\n|-immune|p1a: Ronald G. Snarls\n|\n|-heal|p2a: Espathra|41\/100 brn|[from] item: Leftovers\n|-damage|p2a: Espathra|35\/100 brn|[from] brn\n|-ability|p2a: Espathra|Speed Boost|boost\n|-boost|p2a: Espathra|spe|1\n|upkeep\n|turn|22\n|\n|t:|1699064073\n|move|p1a: Ronald G. Snarls|Parting Shot|p2a: Espathra\n|-unboost|p2a: Espathra|atk|1\n|-unboost|p2a: Espathra|spa|1\n|\n|t:|1699064078\n|switch|p1a: Anat|Espathra, F|100\/100|[from] Parting Shot\n|move|p2a: Espathra|Baton Pass|p2a: Espathra\n|\n|t:|1699064085\n|switch|p2a: Kyogre|Kyogre|100\/100|[from] Baton Pass\n|-damage|p2a: Kyogre|88\/100|[from] Stealth Rock\n|-weather|RainDance|[from] ability: Drizzle|[of] p2a: Kyogre\n|\n|-weather|RainDance|[upkeep]\n|-heal|p2a: Kyogre|94\/100|[from] item: Leftovers\n|upkeep\n|turn|23\n|\n|t:|1699064090\n|switch|p2a: Espathra|Espathra, F|35\/100 brn\n|-damage|p2a: Espathra|22\/100 brn|[from] Stealth Rock\n|move|p1a: Anat|Protect||[still]\n|-fail|p1a: Anat\n|\n|-weather|RainDance|[upkeep]\n|-heal|p2a: Espathra|29\/100 brn|[from] item: Leftovers\n|-damage|p2a: Espathra|22\/100 brn|[from] brn\n|-ability|p1a: Anat|Speed Boost|boost\n|-boost|p1a: Anat|spe|1\n|upkeep\n|turn|24\n|l|\u2606AtlantaSkwah\n|inactive|AtlantaSkwah disconnected and has a minute to reconnect!\n|player|p2|\n|inactive|AtlantaSkwah has 30 seconds to reconnect!\n|inactive|AtlantaSkwah has 20 seconds to reconnect!\n|inactive|AtlantaSkwah has 15 seconds to reconnect!\n|c|\u2606papahue|Come back\n|inactive|AtlantaSkwah has 10 seconds to reconnect!\n|inactive|AtlantaSkwah has 5 seconds to reconnect!\n|-message|AtlantaSkwah lost due to inactivity.\n|\n|win|papahue\n|raw|papahue's rating: 1334 &rarr; <strong>1362<\/strong><br \/>(+28 for winning)\n|raw|AtlantaSkwah's rating: 1476 &rarr; <strong>1448<\/strong><br \/>(-28 for losing)\n|c|\u2606papahue|Lmfao\n","uploadtime":1699064172,"views":10,"p1id":"papahue","p2id":"atlantaskwah","formatid":"gen9anythinggoes","rating":1362,"private":0,"password":""}