{"id":"gen9anythinggoes-1976494339","p1":"AlphaOmega07","p2":"TheWafflwz","format":"[Gen 9] Anything Goes","log":"|j|\u2606AlphaOmega07\n|j|\u2606TheWafflwz\n|t:|1698312623\n|gametype|singles\n|player|p1|AlphaOmega07|169|1055\n|player|p2|TheWafflwz|flannery|1149\n|teamsize|p1|6\n|teamsize|p2|6\n|gen|9\n|tier|[Gen 9] Anything Goes\n|rated|\n|rule|HP Percentage Mod: HP is shown in percentages\n|rule|Endless Battle Clause: Forcing endless battles is banned\n|clearpoke\n|poke|p1|Eternatus|\n|poke|p1|Donphan, L6, F|\n|poke|p1|Donphan, L6, F|\n|poke|p1|Donphan, L6, F|\n|poke|p1|Donphan, L6, F|\n|poke|p1|Donphan, L6, M|\n|poke|p2|Ogerpon-Hearthflame, F|\n|poke|p2|Spidops, F|\n|poke|p2|Clodsire, M|\n|poke|p2|Glimmora, F|\n|poke|p2|Espathra, F|\n|poke|p2|Pincurchin, F|\n|teampreview\n|inactive|Battle timer is ON: inactive players will automatically lose when time's up. (requested by TheWafflwz)\n|inactive|AlphaOmega07 also wants the timer to be on.\n|\n|t:|1698312631\n|start\n|switch|p1a: Eternatus|Eternatus|100\/100\n|switch|p2a: Glimmora|Glimmora, F|100\/100\n|-ability|p1a: Eternatus|Pressure\n|turn|1\n|\n|t:|1698312641\n|move|p1a: Eternatus|Shadow Ball|p2a: Glimmora\n|-damage|p2a: Glimmora|71\/100\n|-unboost|p2a: Glimmora|spd|1\n|move|p2a: Glimmora|Toxic Spikes|p1a: Eternatus\n|-sidestart|p1: AlphaOmega07|move: Toxic Spikes\n|\n|upkeep\n|turn|2\n|\n|t:|1698312649\n|move|p1a: Eternatus|Shadow Ball|p2a: Glimmora\n|-damage|p2a: Glimmora|28\/100\n|-unboost|p2a: Glimmora|spd|1\n|move|p2a: Glimmora|Stealth Rock|p1a: Eternatus\n|-sidestart|p1: AlphaOmega07|move: Stealth Rock\n|\n|upkeep\n|turn|3\n|\n|t:|1698312654\n|move|p1a: Eternatus|Shadow Ball|p2a: Glimmora\n|-damage|p2a: Glimmora|0 fnt\n|faint|p2a: Glimmora\n|\n|upkeep\n|\n|t:|1698312657\n|switch|p2a: Spidops|Spidops, F|100\/100\n|turn|4\n|\n|t:|1698312661\n|move|p1a: Eternatus|Shadow Ball|p2a: Spidops\n|-damage|p2a: Spidops|69\/100\n|-unboost|p2a: Spidops|spd|1\n|move|p2a: Spidops|Toxic Spikes|p1a: Eternatus\n|-sidestart|p1: AlphaOmega07|move: Toxic Spikes\n|\n|-heal|p2a: Spidops|75\/100|[from] item: Leftovers\n|upkeep\n|turn|5\n|\n|t:|1698312668\n|move|p1a: Eternatus|Shadow Ball|p2a: Spidops\n|-damage|p2a: Spidops|31\/100\n|move|p2a: Spidops|Sticky Web|p1a: Eternatus\n|-sidestart|p1: AlphaOmega07|move: Sticky Web\n|\n|-heal|p2a: Spidops|38\/100|[from] item: Leftovers\n|upkeep\n|turn|6\n|\n|t:|1698312672\n|move|p2a: Spidops|Silk Trap|p2a: Spidops\n|-singleturn|p2a: Spidops|Protect\n|move|p1a: Eternatus|Shadow Ball|p2a: Spidops\n|-activate|p2a: Spidops|move: Protect\n|\n|-heal|p2a: Spidops|44\/100|[from] item: Leftovers\n|upkeep\n|turn|7\n|\n|t:|1698312684\n|move|p1a: Eternatus|Shadow Ball|p2a: Spidops\n|-damage|p2a: Spidops|0 fnt\n|faint|p2a: Spidops\n|\n|upkeep\n|\n|t:|1698312687\n|switch|p2a: Clodsire|Clodsire, M|100\/100\n|turn|8\n|\n|t:|1698312689\n|move|p1a: Eternatus|Shadow Ball|p2a: Clodsire\n|-damage|p2a: Clodsire|86\/100\n|move|p2a: Clodsire|Yawn|p1a: Eternatus\n|-start|p1a: Eternatus|move: Yawn|[of] p2a: Clodsire\n|\n|-heal|p2a: Clodsire|92\/100|[from] item: Leftovers\n|upkeep\n|turn|9\n|\n|t:|1698312696\n|move|p1a: Eternatus|Shadow Ball|p2a: Clodsire\n|-damage|p2a: Clodsire|79\/100\n|move|p2a: Clodsire|Spikes|p1a: Eternatus\n|-sidestart|p1: AlphaOmega07|Spikes\n|\n|-heal|p2a: Clodsire|85\/100|[from] item: Leftovers\n|-end|p1a: Eternatus|move: Yawn|[silent]\n|-status|p1a: Eternatus|slp\n|upkeep\n|turn|10\n|\n|t:|1698312701\n|cant|p1a: Eternatus|slp\n|move|p2a: Clodsire|Spikes|p1a: Eternatus\n|-sidestart|p1: AlphaOmega07|Spikes\n|\n|-heal|p2a: Clodsire|91\/100|[from] item: Leftovers\n|upkeep\n|turn|11\n|\n|t:|1698312710\n|cant|p1a: Eternatus|slp\n|move|p2a: Clodsire|Spikes|p1a: Eternatus\n|-sidestart|p1: AlphaOmega07|Spikes\n|\n|-heal|p2a: Clodsire|97\/100|[from] item: Leftovers\n|upkeep\n|turn|12\n|\n|t:|1698312722\n|move|p2a: Clodsire|Protect|p2a: Clodsire\n|-singleturn|p2a: Clodsire|Protect\n|-curestatus|p1a: Eternatus|slp|[msg]\n|move|p1a: Eternatus|Shadow Ball|p2a: Clodsire\n|-activate|p2a: Clodsire|move: Protect\n|\n|-heal|p2a: Clodsire|100\/100|[from] item: Leftovers\n|upkeep\n|turn|13\n|\n|t:|1698312733\n|switch|p1a: Donphan|Donphan, L6, F|100\/100\n|-status|p1a: Donphan|tox\n|-damage|p1a: Donphan|97\/100 tox|[from] Stealth Rock\n|-activate|p1a: Donphan|move: Sticky Web\n|-unboost|p1a: Donphan|spe|1\n|-damage|p1a: Donphan|74\/100 tox|[from] Spikes\n|move|p2a: Clodsire|Yawn||[still]\n|-fail|p2a: Clodsire\n|\n|-damage|p1a: Donphan|70\/100 tox|[from] psn\n|upkeep\n|turn|14\n|\n|t:|1698312751\n|move|p2a: Clodsire|Protect|p2a: Clodsire\n|-singleturn|p2a: Clodsire|Protect\n|move|p1a: Donphan|Rapid Spin|p2a: Clodsire\n|-activate|p2a: Clodsire|move: Protect\n|\n|-damage|p1a: Donphan|62\/100 tox|[from] psn\n|upkeep\n|turn|15\n|\n|t:|1698312762\n|move|p2a: Clodsire|Spikes||[still]\n|-fail|p2a: Clodsire\n|move|p1a: Donphan|Rapid Spin|p2a: Clodsire\n|-damage|p2a: Clodsire|99\/100\n|-boost|p1a: Donphan|spe|1\n|-sideend|p1: AlphaOmega07|Spikes|[from] move: Rapid Spin|[of] p1a: Donphan\n|-sideend|p1: AlphaOmega07|Toxic Spikes|[from] move: Rapid Spin|[of] p1a: Donphan\n|-sideend|p1: AlphaOmega07|Stealth Rock|[from] move: Rapid Spin|[of] p1a: Donphan\n|-sideend|p1: AlphaOmega07|Sticky Web|[from] move: Rapid Spin|[of] p1a: Donphan\n|-heal|p1a: Donphan|66\/100 tox|[from] item: Shell Bell|[of] p2a: Clodsire\n|\n|-heal|p2a: Clodsire|100\/100|[from] item: Leftovers\n|-damage|p1a: Donphan|54\/100 tox|[from] psn\n|upkeep\n|turn|16\n|c|\u2606AlphaOmega07|thank you\n|\n|t:|1698312784\n|move|p2a: Clodsire|Protect|p2a: Clodsire\n|-singleturn|p2a: Clodsire|Protect\n|move|p1a: Donphan|Endeavor|p2a: Clodsire\n|-activate|p2a: Clodsire|move: Protect\n|\n|-damage|p1a: Donphan|39\/100 tox|[from] psn\n|upkeep\n|turn|17\n|\n|t:|1698312795\n|move|p2a: Clodsire|Stealth Rock|p1a: Donphan\n|-sidestart|p1: AlphaOmega07|move: Stealth Rock\n|move|p1a: Donphan|Endeavor|p2a: Clodsire\n|-damage|p2a: Clodsire|3\/100\n|-heal|p1a: Donphan|100\/100 tox|[from] item: Shell Bell|[of] p2a: Clodsire\n|\n|-heal|p2a: Clodsire|9\/100|[from] item: Leftovers\n|-damage|p1a: Donphan|81\/100 tox|[from] psn\n|upkeep\n|turn|18\n|inactive|TheWafflwz has 120 seconds left.\n|\n|t:|1698312813\n|switch|p1a: Eternatus|Eternatus|100\/100\n|-damage|p1a: Eternatus|88\/100|[from] Stealth Rock\n|-ability|p1a: Eternatus|Pressure\n|move|p2a: Clodsire|Protect||[still]\n|-fail|p2a: Clodsire\n|\n|-heal|p1a: Eternatus|94\/100|[from] item: Leftovers\n|-heal|p2a: Clodsire|15\/100|[from] item: Leftovers\n|upkeep\n|turn|19\n|\n|t:|1698312818\n|move|p1a: Eternatus|Shadow Ball|p2a: Clodsire\n|-crit|p2a: Clodsire\n|-damage|p2a: Clodsire|0 fnt\n|faint|p2a: Clodsire\n|\n|-heal|p1a: Eternatus|100\/100|[from] item: Leftovers\n|upkeep\n|\n|t:|1698312823\n|switch|p2a: Pincurchin|Pincurchin, F|100\/100\n|-fieldstart|move: Electric Terrain|[from] ability: Electric Surge|[of] p2a: Pincurchin\n|turn|20\n|\n|t:|1698312828\n|move|p1a: Eternatus|Toxic Spikes|p2a: Pincurchin\n|-sidestart|p2: TheWafflwz|move: Toxic Spikes\n|move|p2a: Pincurchin|Thunder Wave|p1a: Eternatus\n|-status|p1a: Eternatus|par\n|\n|upkeep\n|turn|21\n|\n|t:|1698312836\n|move|p1a: Eternatus|Toxic Spikes|p2a: Pincurchin\n|-sidestart|p2: TheWafflwz|move: Toxic Spikes\n|move|p2a: Pincurchin|Spikes|p1a: Eternatus\n|-sidestart|p1: AlphaOmega07|Spikes\n|\n|upkeep\n|turn|22\n|\n|t:|1698312840\n|move|p1a: Eternatus|Toxic|p2a: Pincurchin\n|-status|p2a: Pincurchin|tox\n|move|p2a: Pincurchin|Spikes|p1a: Eternatus\n|-sidestart|p1: AlphaOmega07|Spikes\n|\n|-damage|p2a: Pincurchin|94\/100 tox|[from] psn\n|upkeep\n|turn|23\n|\n|t:|1698312844\n|cant|p1a: Eternatus|par\n|move|p2a: Pincurchin|Spikes|p1a: Eternatus\n|-sidestart|p1: AlphaOmega07|Spikes\n|\n|-damage|p2a: Pincurchin|82\/100 tox|[from] psn\n|upkeep\n|turn|24\n|\n|t:|1698312853\n|move|p1a: Eternatus|Shadow Ball|p2a: Pincurchin\n|-damage|p2a: Pincurchin|52\/100 tox\n|move|p2a: Pincurchin|Discharge|p1a: Eternatus\n|-resisted|p1a: Eternatus\n|-damage|p1a: Eternatus|87\/100 par\n|\n|-heal|p1a: Eternatus|94\/100 par|[from] item: Leftovers\n|-damage|p2a: Pincurchin|34\/100 tox|[from] psn\n|upkeep\n|turn|25\n|\n|t:|1698312860\n|cant|p1a: Eternatus|par\n|move|p2a: Pincurchin|Memento|p1a: Eternatus\n|-unboost|p1a: Eternatus|atk|2\n|-unboost|p1a: Eternatus|spa|2\n|faint|p2a: Pincurchin\n|\n|-heal|p1a: Eternatus|99\/100 par|[from] item: Leftovers\n|upkeep\n|\n|t:|1698312869\n|switch|p2a: Espathra|Espathra, F|100\/100\n|-status|p2a: Espathra|tox\n|-enditem|p2a: Espathra|Electric Seed\n|-boost|p2a: Espathra|def|1|[from] item: Electric Seed\n|turn|26\n|\n|t:|1698312876\n|cant|p1a: Eternatus|par\n|move|p2a: Espathra|Calm Mind|p2a: Espathra\n|-boost|p2a: Espathra|spa|1\n|-boost|p2a: Espathra|spd|1\n|\n|-heal|p1a: Eternatus|100\/100 par|[from] item: Leftovers\n|-damage|p2a: Espathra|95\/100 tox|[from] psn\n|-ability|p2a: Espathra|Speed Boost|boost\n|-boost|p2a: Espathra|spe|1\n|upkeep\n|turn|27\n|\n|t:|1698312881\n|switch|p1a: Donphan|Donphan, L6, F|81\/100 tox\n|-damage|p1a: Donphan|77\/100 tox|[from] Stealth Rock\n|-damage|p1a: Donphan|54\/100 tox|[from] Spikes\n|move|p2a: Espathra|Calm Mind|p2a: Espathra\n|-boost|p2a: Espathra|spa|1\n|-boost|p2a: Espathra|spd|1\n|\n|-damage|p2a: Espathra|83\/100 tox|[from] psn\n|-damage|p1a: Donphan|50\/100 tox|[from] psn\n|-fieldend|move: Electric Terrain\n|-ability|p2a: Espathra|Speed Boost|boost\n|-boost|p2a: Espathra|spe|1\n|upkeep\n|turn|28\n|\n|t:|1698312897\n|move|p2a: Espathra|Stored Power|p1a: Donphan\n|-damage|p1a: Donphan|0 fnt\n|faint|p1a: Donphan\n|\n|-damage|p2a: Espathra|65\/100 tox|[from] psn\n|-ability|p2a: Espathra|Speed Boost|boost\n|-boost|p2a: Espathra|spe|1\n|upkeep\n|\n|t:|1698312906\n|switch|p1a: Donphan|Donphan, L6, F|100\/100\n|-damage|p1a: Donphan|97\/100|[from] Stealth Rock\n|-damage|p1a: Donphan|74\/100|[from] Spikes\n|turn|29\n|\n|t:|1698312911\n|move|p2a: Espathra|Stored Power|p1a: Donphan\n|-damage|p1a: Donphan|0 fnt\n|faint|p1a: Donphan\n|\n|-damage|p2a: Espathra|41\/100 tox|[from] psn\n|-ability|p2a: Espathra|Speed Boost|boost\n|-boost|p2a: Espathra|spe|1\n|upkeep\n|\n|t:|1698312914\n|switch|p1a: Donphan|Donphan, L6, F|100\/100\n|-damage|p1a: Donphan|97\/100|[from] Stealth Rock\n|-damage|p1a: Donphan|74\/100|[from] Spikes\n|turn|30\n|\n|t:|1698312924\n|move|p2a: Espathra|Stored Power|p1a: Donphan\n|-damage|p1a: Donphan|0 fnt\n|faint|p1a: Donphan\n|\n|-damage|p2a: Espathra|11\/100 tox|[from] psn\n|-ability|p2a: Espathra|Speed Boost|boost\n|-boost|p2a: Espathra|spe|1\n|upkeep\n|\n|t:|1698312927\n|switch|p1a: Donphan|Donphan, L6, F|100\/100\n|-damage|p1a: Donphan|97\/100|[from] Stealth Rock\n|-damage|p1a: Donphan|74\/100|[from] Spikes\n|turn|31\n|\n|t:|1698312936\n|move|p1a: Donphan|Protect|p1a: Donphan\n|-singleturn|p1a: Donphan|Protect\n|move|p2a: Espathra|Baton Pass|p2a: Espathra\n|\n|t:|1698312939\n|switch|p2a: Ogerpon|Ogerpon-Hearthflame, F|100\/100|[from] Baton Pass\n|-status|p2a: Ogerpon|tox\n|-ability|p2a: Ogerpon|Mold Breaker\n|\n|-damage|p2a: Ogerpon|95\/100 tox|[from] psn\n|upkeep\n|turn|32\n|\n|t:|1698312946\n|-terastallize|p2a: Ogerpon|Fire\n|detailschange|p2a: Ogerpon|Ogerpon-Hearthflame-Tera, F, tera:Fire\n|-ability|p2a: Ogerpon|Embody Aspect (Hearthflame)|boost\n|-boost|p2a: Ogerpon|atk|1\n|move|p2a: Ogerpon|Ivy Cudgel|p1a: Donphan\n|-damage|p1a: Donphan|0 fnt\n|faint|p1a: Donphan\n|\n|-damage|p2a: Ogerpon|83\/100 tox|[from] psn\n|upkeep\n|\n|t:|1698312955\n|switch|p1a: Donphan|Donphan, L6, M|100\/100\n|-damage|p1a: Donphan|97\/100|[from] Stealth Rock\n|-damage|p1a: Donphan|74\/100|[from] Spikes\n|turn|33\n|\n|t:|1698312961\n|move|p1a: Donphan|Protect|p1a: Donphan\n|-singleturn|p1a: Donphan|Protect\n|move|p2a: Ogerpon|Ivy Cudgel|p1a: Donphan\n|-activate|p1a: Donphan|move: Protect\n|\n|-damage|p2a: Ogerpon|65\/100 tox|[from] psn\n|upkeep\n|turn|34\n|\n|t:|1698312965\n|move|p1a: Donphan|Protect||[still]\n|-fail|p1a: Donphan\n|move|p2a: Ogerpon|Ivy Cudgel|p1a: Donphan\n|-damage|p1a: Donphan|0 fnt\n|faint|p1a: Donphan\n|\n|-damage|p2a: Ogerpon|41\/100 tox|[from] psn\n|upkeep\n|\n|t:|1698312968\n|switch|p1a: Eternatus|Eternatus|100\/100 par\n|-damage|p1a: Eternatus|88\/100 par|[from] Stealth Rock\n|-damage|p1a: Eternatus|63\/100 par|[from] Spikes\n|-ability|p1a: Eternatus|Pressure\n|turn|35\n|\n|t:|1698312980\n|cant|p1a: Eternatus|par\n|move|p2a: Ogerpon|Ivy Cudgel|p1a: Eternatus\n|-resisted|p1a: Eternatus\n|-damage|p1a: Eternatus|19\/100 par\n|\n|-heal|p1a: Eternatus|25\/100 par|[from] item: Leftovers\n|-damage|p2a: Ogerpon|11\/100 tox|[from] psn\n|upkeep\n|turn|36\n|\n|t:|1698312986\n|move|p1a: Eternatus|Protect|p1a: Eternatus\n|-singleturn|p1a: Eternatus|Protect\n|move|p2a: Ogerpon|Ivy Cudgel|p1a: Eternatus\n|-activate|p1a: Eternatus|move: Protect\n|\n|-heal|p1a: Eternatus|32\/100 par|[from] item: Leftovers\n|-damage|p2a: Ogerpon|0 fnt|[from] psn\n|faint|p2a: Ogerpon\n|upkeep\n|\n|t:|1698312989\n|switch|p2a: Espathra|Espathra, F|11\/100 tox\n|turn|37\n|\n|t:|1698312997\n|move|p1a: Eternatus|Protect||[still]\n|-fail|p1a: Eternatus\n|move|p2a: Espathra|Roost|p2a: Espathra\n|-heal|p2a: Espathra|61\/100 tox\n|-singleturn|p2a: Espathra|move: Roost\n|\n|-heal|p1a: Eternatus|38\/100 par|[from] item: Leftovers\n|-damage|p2a: Espathra|55\/100 tox|[from] psn\n|-ability|p2a: Espathra|Speed Boost|boost\n|-boost|p2a: Espathra|spe|1\n|upkeep\n|turn|38\n|\n|t:|1698313010\n|-terastallize|p1a: Eternatus|Ghost\n|move|p2a: Espathra|Stored Power|p1a: Eternatus\n|-damage|p1a: Eternatus|28\/100 par\n|move|p1a: Eternatus|Shadow Ball|p2a: Espathra\n|-supereffective|p2a: Espathra\n|-damage|p2a: Espathra|0 fnt\n|faint|p2a: Espathra\n|\n|win|AlphaOmega07\n|raw|AlphaOmega07's rating: 1055 &rarr; <strong>1095<\/strong><br \/>(+40 for winning)\n|raw|TheWafflwz's rating: 1149 &rarr; <strong>1117<\/strong><br \/>(-32 for losing)\n|l|\u2606TheWafflwz\n","uploadtime":1698313031,"views":11,"p1id":"alphaomega07","p2id":"thewafflwz","formatid":"gen9anythinggoes","rating":1095,"private":0,"password":""}