{"id":"gen9anythinggoes-1986772109","p1":"TanPadeusz","p2":"Archworms","format":"[Gen 9] Anything Goes","log":"|j|\u2606TanPadeusz\n|j|\u2606Archworms\n|t:|1699522781\n|gametype|singles\n|player|p1|TanPadeusz|2|1211\n|player|p2|Archworms|265|1120\n|teamsize|p1|6\n|teamsize|p2|6\n|gen|9\n|tier|[Gen 9] Anything Goes\n|rated|\n|rule|HP Percentage Mod: HP is shown in percentages\n|rule|Endless Battle Clause: Forcing endless battles is banned\n|clearpoke\n|poke|p1|Gallade, M|\n|poke|p1|Tinkaton, F|\n|poke|p1|Toxapex, F|\n|poke|p1|Hydreigon, M|\n|poke|p1|Gliscor, M|\n|poke|p1|Zoroark-Hisui, M|\n|poke|p2|Volcarona, M|\n|poke|p2|Quaquaval, F|\n|poke|p2|Tinkaton, F|\n|poke|p2|Iron Thorns|\n|poke|p2|Garchomp, M|\n|poke|p2|Espathra, M|\n|teampreview\n|\n|t:|1699522792\n|start\n|switch|p1a: Toxapex|Toxapex, F|100\/100\n|switch|p2a: Espathra|Espathra, M|100\/100\n|turn|1\n|\n|t:|1699522802\n|move|p2a: Espathra|Lumina Crash|p1a: Toxapex\n|-supereffective|p1a: Toxapex\n|-damage|p1a: Toxapex|34\/100\n|-unboost|p1a: Toxapex|spd|2\n|move|p1a: Toxapex|Toxic|p2a: Espathra\n|-status|p2a: Espathra|tox\n|\n|-heal|p1a: Toxapex|40\/100|[from] item: Black Sludge\n|-damage|p2a: Espathra|94\/100 tox|[from] psn\n|-ability|p2a: Espathra|Speed Boost|boost\n|-boost|p2a: Espathra|spe|1\n|upkeep\n|turn|2\n|\n|t:|1699522815\n|move|p1a: Toxapex|Baneful Bunker|p1a: Toxapex\n|-singleturn|p1a: Toxapex|move: Protect\n|move|p2a: Espathra|Lumina Crash|p1a: Toxapex\n|-activate|p1a: Toxapex|move: Protect\n|\n|-heal|p1a: Toxapex|46\/100|[from] item: Black Sludge\n|-damage|p2a: Espathra|82\/100 tox|[from] psn\n|-ability|p2a: Espathra|Speed Boost|boost\n|-boost|p2a: Espathra|spe|1\n|upkeep\n|turn|3\n|\n|t:|1699522827\n|switch|p1a: Hydreigon|Hydreigon, M|100\/100\n|move|p2a: Espathra|Lumina Crash|p1a: Hydreigon\n|-immune|p1a: Hydreigon\n|\n|-damage|p2a: Espathra|64\/100 tox|[from] psn\n|-ability|p2a: Espathra|Speed Boost|boost\n|-boost|p2a: Espathra|spe|1\n|upkeep\n|turn|4\n|\n|t:|1699522841\n|move|p2a: Espathra|Dazzling Gleam|p1a: Hydreigon\n|-supereffective|p1a: Hydreigon\n|-damage|p1a: Hydreigon|0 fnt\n|faint|p1a: Hydreigon\n|\n|-damage|p2a: Espathra|40\/100 tox|[from] psn\n|-ability|p2a: Espathra|Speed Boost|boost\n|-boost|p2a: Espathra|spe|1\n|upkeep\n|\n|t:|1699522850\n|switch|p1a: Toxapex|Toxapex, F|79\/100\n|turn|5\n|\n|t:|1699522854\n|move|p1a: Toxapex|Baneful Bunker|p1a: Toxapex\n|-singleturn|p1a: Toxapex|move: Protect\n|move|p2a: Espathra|Lumina Crash|p1a: Toxapex\n|-activate|p1a: Toxapex|move: Protect\n|\n|-heal|p1a: Toxapex|85\/100|[from] item: Black Sludge\n|-damage|p2a: Espathra|10\/100 tox|[from] psn\n|-ability|p2a: Espathra|Speed Boost|boost\n|-boost|p2a: Espathra|spe|1\n|upkeep\n|turn|6\n|\n|t:|1699522868\n|move|p2a: Espathra|Lumina Crash|p1a: Toxapex\n|-supereffective|p1a: Toxapex\n|-damage|p1a: Toxapex|25\/100\n|-unboost|p1a: Toxapex|spd|2\n|move|p1a: Toxapex|Recover|p1a: Toxapex\n|-heal|p1a: Toxapex|75\/100\n|\n|-heal|p1a: Toxapex|81\/100|[from] item: Black Sludge\n|-damage|p2a: Espathra|0 fnt|[from] psn\n|faint|p2a: Espathra\n|upkeep\n|\n|t:|1699522882\n|switch|p2a: Iron Thorns|Iron Thorns|100\/100\n|turn|7\n|\n|t:|1699522890\n|move|p1a: Toxapex|Baneful Bunker|p1a: Toxapex\n|-singleturn|p1a: Toxapex|move: Protect\n|move|p2a: Iron Thorns|Electro Ball|p1a: Toxapex\n|-activate|p1a: Toxapex|move: Protect\n|\n|-heal|p1a: Toxapex|87\/100|[from] item: Black Sludge\n|upkeep\n|turn|8\n|\n|t:|1699522898\n|switch|p1a: Gliscor|Gliscor, M|100\/100\n|move|p2a: Iron Thorns|Electro Ball|p1a: Gliscor\n|-immune|p1a: Gliscor\n|\n|-status|p1a: Gliscor|tox|[from] item: Toxic Orb\n|upkeep\n|turn|9\n|\n|t:|1699522909\n|move|p1a: Gliscor|Swords Dance|p1a: Gliscor\n|-boost|p1a: Gliscor|atk|2\n|move|p2a: Iron Thorns|Blizzard|p1a: Gliscor\n|-supereffective|p1a: Gliscor\n|-damage|p1a: Gliscor|0 fnt\n|faint|p1a: Gliscor\n|\n|upkeep\n|\n|t:|1699522917\n|switch|p1a: Toxapex|Toxapex, F|100\/100\n|turn|10\n|\n|t:|1699522921\n|move|p2a: Iron Thorns|Electro Ball|p1a: Toxapex\n|-supereffective|p1a: Toxapex\n|-damage|p1a: Toxapex|60\/100\n|move|p1a: Toxapex|Toxic|p2a: Iron Thorns\n|-status|p2a: Iron Thorns|tox\n|\n|-heal|p1a: Toxapex|67\/100|[from] item: Black Sludge\n|-damage|p2a: Iron Thorns|94\/100 tox|[from] psn\n|upkeep\n|turn|11\n|\n|t:|1699522930\n|move|p1a: Toxapex|Baneful Bunker|p1a: Toxapex\n|-singleturn|p1a: Toxapex|move: Protect\n|move|p2a: Iron Thorns|Electro Ball|p1a: Toxapex\n|-activate|p1a: Toxapex|move: Protect\n|\n|-heal|p1a: Toxapex|73\/100|[from] item: Black Sludge\n|-damage|p2a: Iron Thorns|82\/100 tox|[from] psn\n|upkeep\n|turn|12\n|inactive|Battle timer is ON: inactive players will automatically lose when time's up. (requested by Archworms)\n|\n|t:|1699522940\n|move|p2a: Iron Thorns|Electro Ball|p1a: Toxapex\n|-supereffective|p1a: Toxapex\n|-damage|p1a: Toxapex|36\/100\n|move|p1a: Toxapex|Toxic Spikes|p2a: Iron Thorns\n|-sidestart|p2: Archworms|move: Toxic Spikes\n|\n|-heal|p1a: Toxapex|42\/100|[from] item: Black Sludge\n|-damage|p2a: Iron Thorns|63\/100 tox|[from] psn\n|upkeep\n|turn|13\n|\n|t:|1699522949\n|move|p1a: Toxapex|Baneful Bunker|p1a: Toxapex\n|-singleturn|p1a: Toxapex|move: Protect\n|move|p2a: Iron Thorns|Electro Ball|p1a: Toxapex\n|-activate|p1a: Toxapex|move: Protect\n|\n|-heal|p1a: Toxapex|48\/100|[from] item: Black Sludge\n|-damage|p2a: Iron Thorns|39\/100 tox|[from] psn\n|upkeep\n|turn|14\n|\n|t:|1699522958\n|move|p2a: Iron Thorns|Electro Ball|p1a: Toxapex\n|-supereffective|p1a: Toxapex\n|-damage|p1a: Toxapex|10\/100\n|move|p1a: Toxapex|Recover|p1a: Toxapex\n|-heal|p1a: Toxapex|60\/100\n|\n|-heal|p1a: Toxapex|66\/100|[from] item: Black Sludge\n|-damage|p2a: Iron Thorns|8\/100 tox|[from] psn\n|upkeep\n|turn|15\n|\n|t:|1699522968\n|move|p2a: Iron Thorns|Electro Ball|p1a: Toxapex\n|-supereffective|p1a: Toxapex\n|-damage|p1a: Toxapex|33\/100\n|move|p1a: Toxapex|Toxic Spikes|p2a: Iron Thorns\n|-sidestart|p2: Archworms|move: Toxic Spikes\n|\n|-heal|p1a: Toxapex|39\/100|[from] item: Black Sludge\n|-damage|p2a: Iron Thorns|0 fnt|[from] psn\n|faint|p2a: Iron Thorns\n|-end|p2a: Iron Thorns|Quark Drive|[silent]\n|upkeep\n|\n|t:|1699522977\n|switch|p2a: Tinkaton|Tinkaton, F|100\/100\n|turn|16\n|\n|t:|1699522985\n|move|p1a: Toxapex|Baneful Bunker|p1a: Toxapex\n|-singleturn|p1a: Toxapex|move: Protect\n|move|p2a: Tinkaton|Gigaton Hammer|p1a: Toxapex\n|-activate|p1a: Toxapex|move: Protect\n|\n|-heal|p1a: Toxapex|45\/100|[from] item: Black Sludge\n|upkeep\n|turn|17\n|\n|t:|1699522994\n|switch|p1a: Gallade|Gallade, M|100\/100\n|move|p2a: Tinkaton|Flash Cannon|p1a: Gallade\n|-damage|p1a: Gallade|78\/100\n|\n|upkeep\n|turn|18\n|\n|t:|1699523002\n|move|p2a: Tinkaton|Gigaton Hammer|p1a: Gallade\n|-damage|p1a: Gallade|0 fnt\n|faint|p1a: Gallade\n|\n|upkeep\n|\n|t:|1699523007\n|switch|p1a: Tinkaton|Tinkaton, F|100\/100\n|turn|19\n|\n|t:|1699523019\n|move|p2a: Tinkaton|Knock Off|p1a: Tinkaton\n|-resisted|p1a: Tinkaton\n|-damage|p1a: Tinkaton|87\/100\n|-enditem|p1a: Tinkaton|Weakness Policy|[from] move: Knock Off|[of] p2a: Tinkaton\n|move|p1a: Tinkaton|Gigaton Hammer|p2a: Tinkaton\n|-damage|p2a: Tinkaton|27\/100\n|\n|upkeep\n|turn|20\n|\n|t:|1699523038\n|move|p2a: Tinkaton|Gigaton Hammer|p1a: Tinkaton\n|-damage|p1a: Tinkaton|14\/100\n|move|p1a: Tinkaton|Play Rough|p2a: Tinkaton\n|-resisted|p2a: Tinkaton\n|-damage|p2a: Tinkaton|4\/100\n|\n|upkeep\n|turn|21\n|\n|t:|1699523047\n|move|p2a: Tinkaton|Knock Off|p1a: Tinkaton\n|-resisted|p1a: Tinkaton\n|-damage|p1a: Tinkaton|5\/100\n|move|p1a: Tinkaton|Gigaton Hammer|p2a: Tinkaton\n|-damage|p2a: Tinkaton|0 fnt\n|faint|p2a: Tinkaton\n|\n|upkeep\n|\n|t:|1699523058\n|switch|p2a: Volcarona|Volcarona, M|100\/100\n|-status|p2a: Volcarona|tox\n|turn|22\n|\n|t:|1699523063\n|switch|p1a: Toxapex|Toxapex, F|78\/100\n|move|p2a: Volcarona|Fire Blast|p1a: Toxapex\n|-resisted|p1a: Toxapex\n|-crit|p1a: Toxapex\n|-damage|p1a: Toxapex|42\/100\n|\n|-heal|p1a: Toxapex|48\/100|[from] item: Black Sludge\n|-damage|p2a: Volcarona|94\/100 tox|[from] psn\n|upkeep\n|turn|23\n|\n|t:|1699523074\n|-terastallize|p2a: Volcarona|Grass\n|move|p1a: Toxapex|Baneful Bunker|p1a: Toxapex\n|-singleturn|p1a: Toxapex|move: Protect\n|move|p2a: Volcarona|Giga Drain|p1a: Toxapex\n|-activate|p1a: Toxapex|move: Protect\n|\n|-heal|p2a: Volcarona|100\/100 tox|[from] item: Leftovers\n|-heal|p1a: Toxapex|54\/100|[from] item: Black Sludge\n|-damage|p2a: Volcarona|88\/100 tox|[from] psn\n|upkeep\n|turn|24\n|\n|t:|1699523089\n|move|p2a: Volcarona|Giga Drain|p1a: Toxapex\n|-damage|p1a: Toxapex|21\/100\n|-heal|p2a: Volcarona|100\/100 tox|[from] drain|[of] p1a: Toxapex\n|move|p1a: Toxapex|Recover|p1a: Toxapex\n|-heal|p1a: Toxapex|71\/100\n|\n|-heal|p1a: Toxapex|77\/100|[from] item: Black Sludge\n|-damage|p2a: Volcarona|82\/100 tox|[from] psn\n|upkeep\n|turn|25\n|\n|t:|1699523099\n|move|p1a: Toxapex|Baneful Bunker|p1a: Toxapex\n|-singleturn|p1a: Toxapex|move: Protect\n|move|p2a: Volcarona|Giga Drain|p1a: Toxapex\n|-activate|p1a: Toxapex|move: Protect\n|\n|-heal|p2a: Volcarona|88\/100 tox|[from] item: Leftovers\n|-heal|p1a: Toxapex|83\/100|[from] item: Black Sludge\n|-damage|p2a: Volcarona|64\/100 tox|[from] psn\n|upkeep\n|turn|26\n|\n|t:|1699523114\n|move|p2a: Volcarona|Giga Drain|p1a: Toxapex\n|-damage|p1a: Toxapex|49\/100\n|-heal|p2a: Volcarona|80\/100 tox|[from] drain|[of] p1a: Toxapex\n|move|p1a: Toxapex|Recover|p1a: Toxapex\n|-heal|p1a: Toxapex|99\/100\n|\n|-heal|p2a: Volcarona|86\/100 tox|[from] item: Leftovers\n|-heal|p1a: Toxapex|100\/100|[from] item: Black Sludge\n|-damage|p2a: Volcarona|55\/100 tox|[from] psn\n|upkeep\n|turn|27\n|c|\u2606Archworms|This is very borinh\n|\n|t:|1699523126\n|move|p1a: Toxapex|Baneful Bunker|p1a: Toxapex\n|-singleturn|p1a: Toxapex|move: Protect\n|move|p2a: Volcarona|Giga Drain|p1a: Toxapex\n|-activate|p1a: Toxapex|move: Protect\n|\n|-heal|p2a: Volcarona|62\/100 tox|[from] item: Leftovers\n|-damage|p2a: Volcarona|25\/100 tox|[from] psn\n|upkeep\n|turn|28\n|\n|t:|1699523137\n|move|p2a: Volcarona|Giga Drain|p1a: Toxapex\n|-damage|p1a: Toxapex|69\/100\n|-heal|p2a: Volcarona|40\/100 tox|[from] drain|[of] p1a: Toxapex\n|move|p1a: Toxapex|Toxic Spikes||[still]\n|-fail|p1a: Toxapex\n|\n|-heal|p2a: Volcarona|46\/100 tox|[from] item: Leftovers\n|-heal|p1a: Toxapex|75\/100|[from] item: Black Sludge\n|-damage|p2a: Volcarona|3\/100 tox|[from] psn\n|upkeep\n|turn|29\n|\n|t:|1699523148\n|move|p1a: Toxapex|Baneful Bunker|p1a: Toxapex\n|-singleturn|p1a: Toxapex|move: Protect\n|move|p2a: Volcarona|Giga Drain|p1a: Toxapex\n|-activate|p1a: Toxapex|move: Protect\n|\n|-heal|p2a: Volcarona|9\/100 tox|[from] item: Leftovers\n|-heal|p1a: Toxapex|82\/100|[from] item: Black Sludge\n|-damage|p2a: Volcarona|0 fnt|[from] psn\n|faint|p2a: Volcarona\n|upkeep\n|\n|t:|1699523159\n|switch|p2a: Quaquaval|Quaquaval, F, shiny|100\/100\n|-status|p2a: Quaquaval|tox\n|turn|30\n|\n|t:|1699523172\n|move|p1a: Toxapex|Baneful Bunker|p1a: Toxapex\n|-singleturn|p1a: Toxapex|move: Protect\n|move|p2a: Quaquaval|Ice Spinner|p1a: Toxapex\n|-activate|p1a: Toxapex|move: Protect\n|\n|-heal|p1a: Toxapex|88\/100|[from] item: Black Sludge\n|-damage|p2a: Quaquaval|94\/100 tox|[from] psn\n|upkeep\n|turn|31\n|c|\u2606Archworms|I don\u2019t care if you\u2019re going to nuke me but stop using flipping bunker it\u2019s irritating\n|\n|t:|1699523194\n|move|p2a: Quaquaval|Ice Spinner|p1a: Toxapex\n|-resisted|p1a: Toxapex\n|-crit|p1a: Toxapex\n|-damage|p1a: Toxapex|75\/100\n|move|p1a: Toxapex|Toxic Spikes||[still]\n|-fail|p1a: Toxapex\n|\n|-heal|p1a: Toxapex|82\/100|[from] item: Black Sludge\n|-damage|p2a: Quaquaval|82\/100 tox|[from] psn\n|upkeep\n|turn|32\n|c|\u2606TanPadeusz|:)\n|\n|t:|1699523218\n|move|p2a: Quaquaval|Air Slash|p1a: Toxapex\n|-damage|p1a: Toxapex|69\/100\n|move|p1a: Toxapex|Toxic Spikes||[still]\n|-fail|p1a: Toxapex\n|\n|-heal|p1a: Toxapex|75\/100|[from] item: Black Sludge\n|-damage|p2a: Quaquaval|64\/100 tox|[from] psn\n|upkeep\n|turn|33\n|c|\u2606Archworms|I will just report for trolling\n|inactive|Archworms has 120 seconds left.\n|\n|t:|1699523248\n|move|p1a: Toxapex|Baneful Bunker|p1a: Toxapex\n|-singleturn|p1a: Toxapex|move: Protect\n|move|p2a: Quaquaval|Air Slash|p1a: Toxapex\n|-activate|p1a: Toxapex|move: Protect\n|\n|-heal|p1a: Toxapex|82\/100|[from] item: Black Sludge\n|-damage|p2a: Quaquaval|39\/100 tox|[from] psn\n|upkeep\n|turn|34\n|\n|t:|1699523258\n|move|p2a: Quaquaval|Air Slash|p1a: Toxapex\n|-damage|p1a: Toxapex|69\/100\n|move|p1a: Toxapex|Toxic Spikes||[still]\n|-fail|p1a: Toxapex\n|\n|-heal|p1a: Toxapex|75\/100|[from] item: Black Sludge\n|-damage|p2a: Quaquaval|9\/100 tox|[from] psn\n|upkeep\n|turn|35\n|inactive|Archworms has 120 seconds left.\n|\n|t:|1699523284\n|move|p2a: Quaquaval|Brick Break|p1a: Toxapex\n|-resisted|p1a: Toxapex\n|-damage|p1a: Toxapex|62\/100\n|move|p1a: Toxapex|Recover|p1a: Toxapex\n|-heal|p1a: Toxapex|100\/100\n|\n|-damage|p2a: Quaquaval|0 fnt|[from] psn\n|faint|p2a: Quaquaval\n|upkeep\n|\n|t:|1699523294\n|switch|p2a: Garchomp|Garchomp, M|100\/100\n|-status|p2a: Garchomp|tox\n|turn|36\n|inactive|Archworms has 120 seconds left.\n|inactive|Archworms has 90 seconds left.\n|c|\u2606TanPadeusz|Hm?\n|\n|t:|1699523343\n|switch|p1a: Tinkaton|Tinkaton, F|5\/100\n|move|p2a: Garchomp|Draco Meteor|p1a: Tinkaton\n|-immune|p1a: Tinkaton\n|\n|-damage|p2a: Garchomp|94\/100 tox|[from] psn\n|upkeep\n|turn|37\n|inactive|TanPadeusz has 120 seconds left.\n|\n|t:|1699523368\n|-terastallize|p1a: Tinkaton|Fairy\n|move|p2a: Garchomp|Sandstorm|p2a: Garchomp\n|-weather|Sandstorm\n|move|p1a: Tinkaton|Play Rough|p2a: Garchomp\n|-supereffective|p2a: Garchomp\n|-damage|p2a: Garchomp|11\/100 tox\n|-damage|p1a: Tinkaton|0 fnt|[from] ability: Rough Skin|[of] p2a: Garchomp\n|faint|p1a: Tinkaton\n|\n|-weather|Sandstorm|[upkeep]\n|-heal|p2a: Garchomp|18\/100 tox|[from] item: Leftovers\n|-damage|p2a: Garchomp|5\/100 tox|[from] psn\n|upkeep\n|inactive|TanPadeusz has 120 seconds left.\n|\n|t:|1699523381\n|switch|p1a: Toxapex|Toxapex, F|100\/100\n|turn|38\n|\n|t:|1699523386\n|move|p1a: Toxapex|Baneful Bunker|p1a: Toxapex\n|-singleturn|p1a: Toxapex|move: Protect\n|move|p2a: Garchomp|Draco Meteor|p1a: Toxapex\n|-activate|p1a: Toxapex|move: Protect\n|\n|-weather|Sandstorm|[upkeep]\n|-damage|p1a: Toxapex|94\/100|[from] Sandstorm\n|-heal|p2a: Garchomp|11\/100 tox|[from] item: Leftovers\n|-heal|p1a: Toxapex|100\/100|[from] item: Black Sludge\n|-damage|p2a: Garchomp|0 fnt|[from] psn\n|faint|p2a: Garchomp\n|\n|win|TanPadeusz\n|upkeep\n|raw|TanPadeusz's rating: 1211 &rarr; <strong>1230<\/strong><br \/>(+19 for winning)\n|raw|Archworms's rating: 1120 &rarr; <strong>1101<\/strong><br \/>(-19 for losing)\n|c|\u2606TanPadeusz|Gg\n|c|\u2606Archworms|You are a pain in the ass\n|c|\u2606Archworms|you don not deserve the gg\n|l|\u2606Archworms\n|c|\u2606TanPadeusz|:(\n","uploadtime":1699523425,"views":10,"p1id":"tanpadeusz","p2id":"archworms","formatid":"gen9anythinggoes","rating":1101,"private":0,"password":""}