{"id":"gen9anythinggoes-1985209725","p1":"Soccerpanda1012","p2":"Dvcky","format":"[Gen 9] Anything Goes","log":"|j|\u2606Soccerpanda1012\n|j|\u2606Dvcky\n|t:|1699349155\n|gametype|singles\n|player|p1|Soccerpanda1012|ninjaboy|1313\n|player|p2|Dvcky|hilbert-wonderlauncher|1207\n|teamsize|p1|6\n|teamsize|p2|6\n|gen|9\n|tier|[Gen 9] Anything Goes\n|rated|\n|rule|HP Percentage Mod: HP is shown in percentages\n|rule|Endless Battle Clause: Forcing endless battles is banned\n|clearpoke\n|poke|p1|Basculegion, M|\n|poke|p1|Regidrago|\n|poke|p1|Kyogre|\n|poke|p1|Zacian-*|\n|poke|p1|Koraidon|\n|poke|p1|Calyrex-Shadow|\n|poke|p2|Greninja-*, M|\n|poke|p2|Sneasler, F|\n|poke|p2|Skeledirge, F|\n|poke|p2|Scyther, M|\n|poke|p2|Baxcalibur, M|\n|poke|p2|Volcarona, F|\n|teampreview\n|\n|t:|1699349169\n|start\n|switch|p1a: Regidrago|Regidrago, shiny|100\/100\n|switch|p2a: Sun Bug|Volcarona, F|100\/100\n|turn|1\n|\n|t:|1699349180\n|move|p2a: Sun Bug|Quiver Dance|p2a: Sun Bug\n|-boost|p2a: Sun Bug|spa|1\n|-boost|p2a: Sun Bug|spd|1\n|-boost|p2a: Sun Bug|spe|1\n|move|p1a: Regidrago|Dragon Energy|p2a: Sun Bug\n|-damage|p2a: Sun Bug|38\/100\n|\n|upkeep\n|turn|2\n|\n|t:|1699349189\n|move|p2a: Sun Bug|Bug Buzz|p1a: Regidrago\n|-crit|p1a: Regidrago\n|-damage|p1a: Regidrago|11\/100\n|move|p1a: Regidrago|Dragon Energy|p2a: Sun Bug\n|-damage|p2a: Sun Bug|31\/100\n|\n|upkeep\n|turn|3\n|\n|t:|1699349203\n|move|p2a: Sun Bug|Quiver Dance|p2a: Sun Bug\n|-boost|p2a: Sun Bug|spa|1\n|-boost|p2a: Sun Bug|spd|1\n|-boost|p2a: Sun Bug|spe|1\n|move|p1a: Regidrago|Ancient Power|p2a: Sun Bug\n|-supereffective|p2a: Sun Bug\n|-damage|p2a: Sun Bug|0 fnt\n|faint|p2a: Sun Bug\n|\n|upkeep\n|\n|t:|1699349214\n|switch|p2a: guy from fortnite|Greninja, M|100\/100\n|turn|4\n|\n|t:|1699349224\n|move|p2a: guy from fortnite|Dark Pulse|p1a: Regidrago\n|-damage|p1a: Regidrago|0 fnt\n|faint|p1a: Regidrago\n|-ability|p2a: guy from fortnite|Battle Bond|boost\n|-boost|p2a: guy from fortnite|atk|1\n|-boost|p2a: guy from fortnite|spa|1\n|-boost|p2a: guy from fortnite|spe|1\n|-activate|p2a: guy from fortnite|ability: Battle Bond\n|\n|upkeep\n|\n|t:|1699349233\n|switch|p1a: Koraidon|Koraidon|100\/100\n|-weather|SunnyDay|[from] ability: Orichalcum Pulse|[of] p1a: Koraidon\n|-activate|p1a: Koraidon|Orichalcum Pulse|[source]\n|turn|5\n|\n|t:|1699349242\n|switch|p2a: Skeledirge|Skeledirge, F|100\/100\n|move|p1a: Koraidon|Collision Course|p2a: Skeledirge\n|-immune|p2a: Skeledirge\n|\n|-weather|SunnyDay|[upkeep]\n|upkeep\n|turn|6\n|\n|t:|1699349253\n|switch|p1a: Kyogre|Kyogre|100\/100\n|-weather|RainDance|[from] ability: Drizzle|[of] p1a: Kyogre\n|move|p2a: Skeledirge|Yawn|p1a: Kyogre\n|-start|p1a: Kyogre|move: Yawn|[of] p2a: Skeledirge\n|\n|-weather|RainDance|[upkeep]\n|upkeep\n|turn|7\n|\n|t:|1699349264\n|switch|p2a: Scyther|Scyther, M|100\/100\n|move|p1a: Kyogre|Water Spout|p2a: Scyther\n|-damage|p2a: Scyther|0 fnt\n|faint|p2a: Scyther\n|\n|-weather|RainDance|[upkeep]\n|-end|p1a: Kyogre|move: Yawn|[silent]\n|-status|p1a: Kyogre|slp\n|upkeep\n|\n|t:|1699349273\n|switch|p2a: Sneasler|Sneasler, F|100\/100\n|turn|8\n|\n|t:|1699349280\n|switch|p1a: Basculegion|Basculegion, M|100\/100\n|move|p2a: Sneasler|Bulk Up|p2a: Sneasler\n|-boost|p2a: Sneasler|atk|1\n|-boost|p2a: Sneasler|def|1\n|\n|-weather|RainDance|[upkeep]\n|upkeep\n|turn|9\n|\n|t:|1699349295\n|move|p1a: Basculegion|Psychic Fangs|p2a: Sneasler\n|-supereffective|p2a: Sneasler\n|-damage|p2a: Sneasler|0 fnt\n|faint|p2a: Sneasler\n|\n|-weather|RainDance|[upkeep]\n|upkeep\n|\n|t:|1699349304\n|switch|p2a: guy from fortnite|Greninja, M|100\/100\n|turn|10\n|\n|t:|1699349311\n|switch|p1a: Zacian|Zacian-Crowned|100\/100\n|-ability|p1a: Zacian|Intrepid Sword|boost\n|-boost|p1a: Zacian|atk|1\n|move|p2a: guy from fortnite|Dark Pulse|p1a: Zacian\n|-resisted|p1a: Zacian\n|-damage|p1a: Zacian|72\/100\n|\n|-weather|none\n|upkeep\n|turn|11\n|\n|t:|1699349325\n|move|p1a: Zacian|Play Rough|p2a: guy from fortnite|[miss]\n|-miss|p1a: Zacian|p2a: guy from fortnite\n|move|p2a: guy from fortnite|Dark Pulse|p1a: Zacian\n|-resisted|p1a: Zacian\n|-damage|p1a: Zacian|43\/100\n|\n|upkeep\n|turn|12\n|\n|t:|1699349335\n|switch|p2a: Skeledirge|Skeledirge, F|100\/100\n|move|p1a: Zacian|Play Rough|p2a: Skeledirge\n|-resisted|p2a: Skeledirge\n|-damage|p2a: Skeledirge|74\/100\n|\n|-heal|p2a: Skeledirge|80\/100|[from] item: Leftovers\n|upkeep\n|turn|13\n|\n|t:|1699349346\n|switch|p1a: Calyrex|Calyrex-Shadow|100\/100\n|-ability|p1a: Calyrex|As One\n|-ability|p1a: Calyrex|Unnerve\n|move|p2a: Skeledirge|Torch Song|p1a: Calyrex\n|-damage|p1a: Calyrex|79\/100\n|-boost|p2a: Skeledirge|spa|1\n|\n|-heal|p2a: Skeledirge|86\/100|[from] item: Leftovers\n|upkeep\n|turn|14\n|\n|t:|1699349359\n|-terastallize|p2a: Skeledirge|Fire\n|move|p1a: Calyrex|Astral Barrage|p2a: Skeledirge\n|-damage|p2a: Skeledirge|0 fnt\n|faint|p2a: Skeledirge\n|-ability|p1a: Calyrex|Grim Neigh|boost\n|-boost|p1a: Calyrex|spa|1\n|\n|upkeep\n|\n|t:|1699349368\n|switch|p2a: Baxcalibur|Baxcalibur, M|100\/100\n|turn|15\n|\n|t:|1699349373\n|move|p1a: Calyrex|Draining Kiss|p2a: Baxcalibur\n|-supereffective|p2a: Baxcalibur\n|-damage|p2a: Baxcalibur|43\/100\n|-heal|p1a: Calyrex|100\/100|[from] drain|[of] p2a: Baxcalibur\n|move|p2a: Baxcalibur|Glaive Rush|p1a: Calyrex\n|-damage|p1a: Calyrex|14\/100\n|-singlemove|p2a: Baxcalibur|Glaive Rush|[silent]\n|\n|-heal|p2a: Baxcalibur|50\/100|[from] item: Leftovers\n|upkeep\n|turn|16\n|c|\u2606Dvcky|tf im supposed to do\n|\n|t:|1699349386\n|move|p1a: Calyrex|Draining Kiss|p2a: Baxcalibur\n|-supereffective|p2a: Baxcalibur\n|-damage|p2a: Baxcalibur|0 fnt\n|-heal|p1a: Calyrex|61\/100|[from] drain|[of] p2a: Baxcalibur\n|faint|p2a: Baxcalibur\n|-ability|p1a: Calyrex|Grim Neigh|boost\n|-boost|p1a: Calyrex|spa|1\n|\n|upkeep\n|\n|t:|1699349388\n|switch|p2a: guy from fortnite|Greninja, M|100\/100\n|turn|17\n|n|!Dvcky|dvcky\n|\n|t:|1699349411\n|move|p1a: Calyrex|Draining Kiss|p2a: guy from fortnite\n|-supereffective|p2a: guy from fortnite\n|-damage|p2a: guy from fortnite|0 fnt\n|-heal|p1a: Calyrex|100\/100|[from] drain|[of] p2a: guy from fortnite\n|faint|p2a: guy from fortnite\n|\n|win|Soccerpanda1012\n|raw|Soccerpanda1012's rating: 1313 &rarr; <strong>1327<\/strong><br \/>(+14 for winning)\n|raw|Dvcky's rating: 1207 &rarr; <strong>1189<\/strong><br \/>(-18 for losing)\n","uploadtime":1699349398,"views":5,"p1id":"soccerpanda1012","p2id":"dvcky","formatid":"gen9anythinggoes","rating":1189,"private":0,"password":""}