{"id":"gen9anythinggoes-1981320976","p1":"bigfeesh","p2":"Ayydn","format":"[Gen 9] Anything Goes","log":"|j|\u2606bigfeesh\n|j|\u2606Ayydn\n|t:|1698883361\n|gametype|singles\n|player|p1|bigfeesh|169|1131\n|player|p2|Ayydn|102|1152\n|teamsize|p1|6\n|teamsize|p2|4\n|gen|9\n|tier|[Gen 9] Anything Goes\n|rated|\n|rule|HP Percentage Mod: HP is shown in percentages\n|rule|Endless Battle Clause: Forcing endless battles is banned\n|clearpoke\n|poke|p1|Ursaluna-Bloodmoon, M|\n|poke|p1|Enamorus, F|\n|poke|p1|Annihilape, F|\n|poke|p1|Regieleki|\n|poke|p1|Tyranitar, M|\n|poke|p1|Houndstone, F|\n|poke|p2|Skeledirge, M|\n|poke|p2|Mienshao, F|\n|poke|p2|Zoroark-Hisui, M|\n|poke|p2|Ninetales-Alola, F|\n|teampreview\n|\n|t:|1698883367\n|start\n|switch|p1a: Ursaluna|Ursaluna-Bloodmoon, M|100\/100\n|switch|p2a: Ninetales|Ninetales-Alola, F, shiny|100\/100\n|-weather|Snow|[from] ability: Snow Warning|[of] p2a: Ninetales\n|turn|1\n|inactive|Battle timer is ON: inactive players will automatically lose when time's up. (requested by bigfeesh)\n|\n|t:|1698883370\n|move|p2a: Ninetales|Aurora Veil|p2a: Ninetales\n|-sidestart|p2: Ayydn|move: Aurora Veil\n|move|p1a: Ursaluna|Calm Mind|p1a: Ursaluna\n|-boost|p1a: Ursaluna|spa|1\n|-boost|p1a: Ursaluna|spd|1\n|\n|-weather|Snow|[upkeep]\n|upkeep\n|turn|2\n|\n|t:|1698883375\n|move|p2a: Ninetales|Calm Mind|p2a: Ninetales\n|-boost|p2a: Ninetales|spa|1\n|-boost|p2a: Ninetales|spd|1\n|move|p1a: Ursaluna|Blood Moon|p2a: Ninetales\n|-damage|p2a: Ninetales|61\/100\n|-damage|p1a: Ursaluna|90\/100|[from] item: Life Orb\n|\n|-weather|Snow|[upkeep]\n|upkeep\n|turn|3\n|\n|t:|1698883380\n|move|p2a: Ninetales|Baton Pass|p2a: Ninetales\n|\n|t:|1698883381\n|switch|p2a: Skeledirge|Skeledirge, M|100\/100|[from] Baton Pass\n|move|p1a: Ursaluna|Focus Blast|p2a: Skeledirge\n|-supereffective|p2a: Skeledirge\n|-damage|p2a: Skeledirge|1\/100\n|replace|p2a: Zoroark|Zoroark-Hisui, M, shiny\n|-end|p2a: Zoroark|Illusion\n|-damage|p1a: Ursaluna|80\/100|[from] item: Life Orb\n|\n|-weather|Snow|[upkeep]\n|upkeep\n|turn|4\n|inactive|Ayydn has 120 seconds left.\n|inactive|Ayydn has 90 seconds left.\n|inactive|Ayydn has 60 seconds left.\n|c|\u2606Ayydn|how in the fuck did you just hit a ghost type\n|c|\u2606Ayydn|with focus blast\n|inactive|Ayydn has 30 seconds left.\n|c|\u2606Ayydn|with ursaluna\n|\n|t:|1698883509\n|-terastallize|p2a: Zoroark|Ice\n|move|p2a: Zoroark|Tera Blast|p1a: Ursaluna|[anim] Tera Blast Ice\n|-supereffective|p1a: Ursaluna\n|-damage|p1a: Ursaluna|0 fnt\n|faint|p1a: Ursaluna\n|\n|-weather|Snow|[upkeep]\n|upkeep\n|inactive|Ayydn has 30 seconds left this turn.\n|inactive|bigfeesh has 120 seconds left.\n|c|\u2606bigfeesh|Minds eye is an ability so you can hit ghost types with normal or fighting\n|\n|t:|1698883538\n|switch|p1a: Regieleki|Regieleki|100\/100\n|turn|5\n|inactive|bigfeesh has 120 seconds left.\n|c|\u2606bigfeesh|It\u2019s really broken\n|\n|t:|1698883554\n|move|p1a: Regieleki|Rapid Spin|p2a: Zoroark\n|-damage|p2a: Zoroark|0 fnt\n|-boost|p1a: Regieleki|spe|1\n|faint|p2a: Zoroark\n|\n|-weather|Snow|[upkeep]\n|-sideend|p2: Ayydn|move: Aurora Veil\n|upkeep\n|\n|t:|1698883560\n|switch|p2a: Skeledirge|Skeledirge, M|100\/100\n|turn|6\n|\n|t:|1698883564\n|move|p1a: Regieleki|Thunderbolt|p2a: Skeledirge\n|-damage|p2a: Skeledirge|43\/100\n|move|p2a: Skeledirge|Torch Song|p1a: Regieleki\n|-damage|p1a: Regieleki|45\/100\n|-boost|p2a: Skeledirge|spa|1\n|\n|-weather|Snow|[upkeep]\n|-heal|p1a: Regieleki|51\/100|[from] item: Leftovers\n|upkeep\n|turn|7\n|\n|t:|1698883573\n|move|p1a: Regieleki|Thunderbolt|p2a: Skeledirge\n|-damage|p2a: Skeledirge|0 fnt\n|faint|p2a: Skeledirge\n|\n|-weather|Snow|[upkeep]\n|-heal|p1a: Regieleki|57\/100|[from] item: Leftovers\n|upkeep\n|\n|t:|1698883581\n|switch|p2a: Ninetales|Ninetales-Alola, F, shiny|61\/100\n|turn|8\n|\n|t:|1698883586\n|move|p1a: Regieleki|Thunder Cage|p2a: Ninetales\n|-crit|p2a: Ninetales\n|-damage|p2a: Ninetales|10\/100\n|-activate|p2a: Ninetales|move: Thunder Cage|[of] p1a: Regieleki\n|move|p2a: Ninetales|Aurora Veil|p2a: Ninetales\n|-sidestart|p2: Ayydn|move: Aurora Veil\n|\n|-weather|none\n|-heal|p1a: Regieleki|63\/100|[from] item: Leftovers\n|-damage|p2a: Ninetales|0 fnt|[from] move: Thunder Cage|[partiallytrapped]\n|faint|p2a: Ninetales\n|upkeep\n|\n|t:|1698883588\n|switch|p2a: Mienshao|Mienshao, F, shiny|100\/100\n|turn|9\n|\n|t:|1698883596\n|move|p1a: Regieleki|Thunderbolt|p2a: Mienshao\n|-damage|p2a: Mienshao|53\/100\n|-status|p2a: Mienshao|par\n|cant|p2a: Mienshao|par\n|\n|-heal|p1a: Regieleki|69\/100|[from] item: Leftovers\n|upkeep\n|turn|10\n|\n|t:|1698883601\n|move|p1a: Regieleki|Thunderbolt|p2a: Mienshao\n|-damage|p2a: Mienshao|7\/100 par\n|move|p2a: Mienshao|Poison Jab|p1a: Regieleki\n|-damage|p1a: Regieleki|10\/100\n|\n|-heal|p1a: Regieleki|16\/100|[from] item: Leftovers\n|upkeep\n|turn|11\n|inactive|Ayydn has 90 seconds left.\n|c|\u2606Ayydn|no wayyy haha\n|c|\u2606Ayydn|thats so cool\n|c|\u2606Ayydn|i was so confused\n|c|\u2606bigfeesh|Ikr\n|c|\u2606Ayydn|wait so it\u2019s like scrappy\n|c|\u2606bigfeesh|I guess so\n|inactive|Ayydn has 60 seconds left.\n|c|\u2606Ayydn|yoo\n|c|\u2606Ayydn|thats so cool\n|\n|t:|1698883661\n|move|p1a: Regieleki|Rapid Spin|p2a: Mienshao\n|-damage|p2a: Mienshao|0 fnt\n|-boost|p1a: Regieleki|spe|1\n|faint|p2a: Mienshao\n|\n|win|bigfeesh\n|raw|bigfeesh's rating: 1131 &rarr; <strong>1158<\/strong><br \/>(+27 for winning)\n|raw|Ayydn's rating: 1152 &rarr; <strong>1125<\/strong><br \/>(-27 for losing)\n","uploadtime":1698883495,"views":4,"p1id":"bigfeesh","p2id":"ayydn","formatid":"gen9anythinggoes","rating":1125,"private":0,"password":""}