{"id":"gen9anythinggoes-1980477205","p1":"BamSenSebanem","p2":"ChimeBliss","format":"[Gen 9] Anything Goes","log":"|j|\u2606BamSenSebanem\n|j|\u2606ChimeBliss\n|t:|1698788631\n|gametype|singles\n|player|p1|BamSenSebanem|hilbert-wonderlauncher|1260\n|player|p2|ChimeBliss|dawn-gen4pt|1307\n|teamsize|p1|6\n|teamsize|p2|6\n|gen|9\n|tier|[Gen 9] Anything Goes\n|rated|\n|rule|HP Percentage Mod: HP is shown in percentages\n|rule|Endless Battle Clause: Forcing endless battles is banned\n|clearpoke\n|poke|p1|Greninja-*, M|\n|poke|p1|Victreebel, F|\n|poke|p1|Chandelure, F|\n|poke|p1|Rayquaza|\n|poke|p1|Garchomp, F|\n|poke|p1|Eelektross, M|\n|poke|p2|Grimmsnarl, M|\n|poke|p2|Glimmora, F|\n|poke|p2|Arceus|\n|poke|p2|Arceus-Ground|\n|poke|p2|Koraidon|\n|poke|p2|Calyrex-Shadow|\n|teampreview\n|inactive|Battle timer is ON: inactive players will automatically lose when time's up. (requested by ChimeBliss)\n|\n|t:|1698788648\n|start\n|switch|p1a: Garchomp|Garchomp, F|100\/100\n|switch|p2a: Glimmora|Glimmora, F|100\/100\n|turn|1\n|\n|t:|1698788663\n|move|p2a: Glimmora|Memento|p1a: Garchomp\n|-unboost|p1a: Garchomp|atk|2\n|-unboost|p1a: Garchomp|spa|2\n|faint|p2a: Glimmora\n|move|p1a: Garchomp|Earthquake|p2: Glimmora|[notarget]\n|-fail|p1a: Garchomp\n|\n|upkeep\n|\n|t:|1698788676\n|switch|p2a: Arceus|Arceus-Ground|100\/100\n|turn|2\n|\n|t:|1698788680\n|move|p2a: Arceus|Dragon Dance|p2a: Arceus\n|-boost|p2a: Arceus|atk|1\n|-boost|p2a: Arceus|spe|1\n|move|p1a: Garchomp|Swords Dance|p1a: Garchomp\n|-boost|p1a: Garchomp|atk|2\n|\n|upkeep\n|turn|3\n|\n|t:|1698788697\n|move|p2a: Arceus|Dragon Dance|p2a: Arceus\n|-boost|p2a: Arceus|atk|1\n|-boost|p2a: Arceus|spe|1\n|move|p1a: Garchomp|Earthquake|p2a: Arceus\n|-damage|p2a: Arceus|65\/100\n|\n|upkeep\n|turn|4\n|\n|t:|1698788703\n|-terastallize|p2a: Arceus|Fairy\n|move|p2a: Arceus|Tera Blast|p1a: Garchomp|[anim] Tera Blast Fairy\n|-supereffective|p1a: Garchomp\n|-enditem|p1a: Garchomp|Focus Sash\n|-damage|p1a: Garchomp|1\/100\n|move|p1a: Garchomp|Swords Dance|p1a: Garchomp\n|-boost|p1a: Garchomp|atk|2\n|\n|upkeep\n|turn|5\n|\n|t:|1698788713\n|move|p2a: Arceus|Tera Blast|p1a: Garchomp|[anim] Tera Blast Fairy\n|-supereffective|p1a: Garchomp\n|-damage|p1a: Garchomp|0 fnt\n|faint|p1a: Garchomp\n|\n|upkeep\n|\n|t:|1698788731\n|switch|p1a: Victreebel|Victreebel, F|100\/100\n|turn|6\n|\n|t:|1698788738\n|move|p2a: Arceus|Earthquake|p1a: Victreebel\n|-enditem|p1a: Victreebel|Focus Sash\n|-damage|p1a: Victreebel|1\/100\n|move|p1a: Victreebel|Poison Jab|p2a: Arceus\n|-supereffective|p2a: Arceus\n|-damage|p2a: Arceus|17\/100\n|-status|p2a: Arceus|psn\n|\n|-damage|p2a: Arceus|5\/100 psn|[from] psn\n|upkeep\n|turn|7\n|\n|t:|1698788753\n|move|p2a: Arceus|Tera Blast|p1a: Victreebel|[anim] Tera Blast Fairy\n|-resisted|p1a: Victreebel\n|-damage|p1a: Victreebel|0 fnt\n|faint|p1a: Victreebel\n|\n|-damage|p2a: Arceus|0 fnt|[from] psn\n|faint|p2a: Arceus\n|upkeep\n|\n|t:|1698788761\n|switch|p2a: Grimmsnarl|Grimmsnarl, M|100\/100\n|switch|p1a: Eelektross|Eelektross, M|100\/100\n|turn|8\n|\n|t:|1698788768\n|move|p2a: Grimmsnarl|Taunt|p1a: Eelektross\n|-start|p1a: Eelektross|move: Taunt\n|move|p1a: Eelektross|Drain Punch|p2a: Grimmsnarl\n|-damage|p2a: Grimmsnarl|76\/100\n|\n|upkeep\n|turn|9\n|\n|t:|1698788776\n|move|p2a: Grimmsnarl|Reflect|p2a: Grimmsnarl\n|-sidestart|p2: ChimeBliss|Reflect\n|move|p1a: Eelektross|Flash Cannon|p2a: Grimmsnarl\n|-supereffective|p2a: Grimmsnarl\n|-damage|p2a: Grimmsnarl|45\/100\n|\n|upkeep\n|turn|10\n|\n|t:|1698788781\n|move|p2a: Grimmsnarl|Light Screen|p2a: Grimmsnarl\n|-sidestart|p2: ChimeBliss|move: Light Screen\n|move|p1a: Eelektross|Flash Cannon|p2a: Grimmsnarl\n|-supereffective|p2a: Grimmsnarl\n|-damage|p2a: Grimmsnarl|31\/100\n|\n|-end|p1a: Eelektross|move: Taunt\n|upkeep\n|turn|11\n|\n|t:|1698788788\n|move|p2a: Grimmsnarl|Spirit Break|p1a: Eelektross\n|-damage|p1a: Eelektross|74\/100\n|-unboost|p1a: Eelektross|spa|1\n|move|p1a: Eelektross|Flash Cannon|p2a: Grimmsnarl\n|-supereffective|p2a: Grimmsnarl\n|-damage|p2a: Grimmsnarl|20\/100\n|\n|upkeep\n|turn|12\n|\n|t:|1698788795\n|move|p2a: Grimmsnarl|Spirit Break|p1a: Eelektross\n|-damage|p1a: Eelektross|46\/100\n|-unboost|p1a: Eelektross|spa|1\n|move|p1a: Eelektross|Drain Punch|p2a: Grimmsnarl\n|-damage|p2a: Grimmsnarl|8\/100\n|-heal|p1a: Eelektross|53\/100|[from] drain|[of] p2a: Grimmsnarl\n|\n|upkeep\n|turn|13\n|\n|t:|1698788807\n|switch|p2a: Koraidon|Koraidon|100\/100\n|-weather|SunnyDay|[from] ability: Orichalcum Pulse|[of] p2a: Koraidon\n|-activate|p2a: Koraidon|Orichalcum Pulse|[source]\n|move|p1a: Eelektross|Drain Punch|p2a: Koraidon\n|-damage|p2a: Koraidon|92\/100\n|-heal|p1a: Eelektross|58\/100|[from] drain|[of] p2a: Koraidon\n|\n|-weather|SunnyDay|[upkeep]\n|upkeep\n|turn|14\n|\n|t:|1698788820\n|move|p2a: Koraidon|Swords Dance|p2a: Koraidon\n|-boost|p2a: Koraidon|atk|2\n|move|p1a: Eelektross|Flash Cannon|p2a: Koraidon\n|-damage|p2a: Koraidon|87\/100\n|\n|-weather|SunnyDay|[upkeep]\n|upkeep\n|turn|15\n|\n|t:|1698788828\n|move|p2a: Koraidon|Scale Shot|p1a: Eelektross\n|-damage|p1a: Eelektross|24\/100\n|-damage|p1a: Eelektross|0 fnt\n|faint|p1a: Eelektross\n|-hitcount|p1: Eelektross|2\n|-unboost|p2a: Koraidon|def|1\n|-boost|p2a: Koraidon|spe|1\n|\n|-weather|SunnyDay|[upkeep]\n|upkeep\n|\n|t:|1698788843\n|switch|p1a: Rayquaza|Rayquaza, shiny|100\/100\n|-ability|p1a: Rayquaza|Air Lock\n|turn|16\n|\n|t:|1698788852\n|move|p2a: Koraidon|Scale Shot|p1a: Rayquaza\n|-supereffective|p1a: Rayquaza\n|-damage|p1a: Rayquaza|49\/100\n|-supereffective|p1a: Rayquaza\n|-damage|p1a: Rayquaza|0 fnt\n|faint|p1a: Rayquaza\n|-hitcount|p1: Rayquaza|2\n|-unboost|p2a: Koraidon|def|1\n|-boost|p2a: Koraidon|spe|1\n|\n|-weather|SunnyDay|[upkeep]\n|-sideend|p2: ChimeBliss|Reflect\n|upkeep\n|\n|t:|1698788867\n|switch|p1a: Chandelure|Chandelure, F|100\/100\n|turn|17\n|\n|t:|1698788874\n|move|p2a: Koraidon|Scale Shot|p1a: Chandelure\n|-damage|p1a: Chandelure|58\/100\n|-damage|p1a: Chandelure|16\/100\n|-damage|p1a: Chandelure|0 fnt\n|faint|p1a: Chandelure\n|-hitcount|p1: Chandelure|3\n|-unboost|p2a: Koraidon|def|1\n|-boost|p2a: Koraidon|spe|1\n|\n|-weather|none\n|-sideend|p2: ChimeBliss|move: Light Screen\n|upkeep\n|\n|t:|1698788883\n|switch|p1a: Greninja|Greninja, M|100\/100\n|turn|18\n|\n|t:|1698788889\n|-terastallize|p1a: Greninja|Flying\n|move|p2a: Koraidon|Iron Head|p1a: Greninja\n|-damage|p1a: Greninja|12\/100\n|cant|p1a: Greninja|flinch\n|\n|upkeep\n|turn|19\n|\n|t:|1698788894\n|move|p2a: Koraidon|Iron Head|p1a: Greninja\n|-damage|p1a: Greninja|0 fnt\n|faint|p1a: Greninja\n|\n|win|ChimeBliss\n|raw|BamSenSebanem's rating: 1260 &rarr; <strong>1238<\/strong><br \/>(-22 for losing)\n|raw|ChimeBliss's rating: 1307 &rarr; <strong>1324<\/strong><br \/>(+17 for winning)\n|l|\u2606BamSenSebanem\n","uploadtime":1698788902,"views":4,"p1id":"bamsensebanem","p2id":"chimebliss","formatid":"gen9anythinggoes","rating":1238,"private":0,"password":""}