{"id":"gen9anythinggoes-1979511036","p1":"Sweet Bleats","p2":"TBarnsley","format":"[Gen 9] Anything Goes","log":"|j|\u2606Sweet Bleats\n|j|\u2606TBarnsley\n|t:|1698688426\n|gametype|singles\n|player|p1|Sweet Bleats|skyla|\n|player|p2|TBarnsley|veteran|\n|teamsize|p1|6\n|teamsize|p2|6\n|gen|9\n|tier|[Gen 9] Anything Goes\n|rule|HP Percentage Mod: HP is shown in percentages\n|rule|Endless Battle Clause: Forcing endless battles is banned\n|clearpoke\n|poke|p1|Wo-Chien|\n|poke|p1|Coalossal, F|\n|poke|p1|Bisharp, M|\n|poke|p1|Tinkatuff, F|\n|poke|p1|Zoroark, F|\n|poke|p1|Quaquaval, F|\n|poke|p2|Samurott, M|\n|poke|p2|Honchkrow, M|\n|poke|p2|Rotom-Frost|\n|poke|p2|Sawsbuck, M|\n|poke|p2|Passimian, M|\n|poke|p2|Drakloak, F|\n|teampreview\n|j| UltimoTheNerd\n|j| Silverwolf3030\n|j| delphoxician\n|\n|t:|1698688485\n|start\n|switch|p1a: Halloween Coal|Coalossal, F|100\/100\n|switch|p2a: Gawain|Sawsbuck, M, shiny|100\/100\n|turn|1\n|l|\u2606Sweet Bleats\n|player|p1|\n|c| delphoxician|sweet died skull emoji\n|j|\u2606Sweet Bleats\n|player|p1|Sweet Bleats|skyla\n|c|\u2606Sweet Bleats|Sorry my internet is horrid\n|c| Silverwolf3030|\ud83d\udc80\n|c|\u2606Sweet Bleats|Tom have you picked a move or is my internet that bad? No rush if you haven't ofc\n|\n|t:|1698688677\n|switch|p2a: Arthur|Samurott, M|100\/100\n|move|p1a: Halloween Coal|Trick|p2a: Arthur\n|-activate|p1a: Halloween Coal|move: Trick|[of] p2a: Arthur\n|-item|p2a: Arthur|Flame Orb|[from] move: Trick\n|-item|p1a: Halloween Coal|Bright Powder|[from] move: Trick\n|\n|-status|p2a: Arthur|brn|[from] item: Flame Orb\n|upkeep\n|turn|2\n|\n|t:|1698688692\n|-terastallize|p2a: Arthur|Water\n|move|p1a: Halloween Coal|Swords Dance|p1a: Halloween Coal\n|-boost|p1a: Halloween Coal|atk|2\n|move|p2a: Arthur|Swords Dance|p2a: Arthur\n|-boost|p2a: Arthur|atk|2\n|\n|-damage|p2a: Arthur|94\/100 brn|[from] brn\n|upkeep\n|turn|3\n|\n|t:|1698688719\n|-terastallize|p1a: Halloween Coal|Dark\n|move|p1a: Halloween Coal|Night Slash|p2a: Arthur\n|-damage|p2a: Arthur|0 fnt\n|faint|p2a: Arthur\n|\n|upkeep\n|\n|t:|1698688730\n|switch|p2a: Galahad|Passimian, M, shiny|100\/100\n|turn|4\n|\n|t:|1698688738\n|move|p1a: Halloween Coal|Night Slash|p2a: Galahad\n|-resisted|p2a: Galahad\n|-damage|p2a: Galahad|55\/100\n|move|p2a: Galahad|Drain Punch|p1a: Halloween Coal\n|-supereffective|p1a: Halloween Coal\n|-damage|p1a: Halloween Coal|0 fnt\n|-heal|p2a: Galahad|94\/100|[from] drain|[of] p1a: Halloween Coal\n|replace|p1a: Sweet|Zoroark, F\n|-end|p1a: Sweet|Illusion\n|faint|p1a: Sweet\n|\n|upkeep\n|\n|t:|1698688754\n|switch|p1a: Halloween Coal|Coalossal, F|100\/100\n|turn|5\n|\n|t:|1698688770\n|move|p2a: Galahad|Earthquake|p1a: Halloween Coal\n|-supereffective|p1a: Halloween Coal\n|-enditem|p1a: Halloween Coal|Focus Sash\n|-damage|p1a: Halloween Coal|1\/100\n|move|p1a: Halloween Coal|Heat Crash|p2a: Galahad\n|-damage|p2a: Galahad|59\/100\n|\n|upkeep\n|turn|6\n|\n|t:|1698688789\n|move|p2a: Galahad|Drain Punch|p1a: Halloween Coal\n|-supereffective|p1a: Halloween Coal\n|-damage|p1a: Halloween Coal|0 fnt\n|-heal|p2a: Galahad|60\/100|[from] drain|[of] p1a: Halloween Coal\n|faint|p1a: Halloween Coal\n|\n|upkeep\n|\n|t:|1698688801\n|switch|p1a: Quava Fruit|Quaquaval, F|100\/100\n|turn|7\n|\n|t:|1698688826\n|switch|p2a: Uther|Drakloak, F|100\/100\n|move|p1a: Quava Fruit|Liquidation|p2a: Uther\n|-resisted|p2a: Uther\n|-damage|p2a: Uther|81\/100\n|\n|upkeep\n|turn|8\n|\n|t:|1698688838\n|move|p1a: Quava Fruit|Agility|p1a: Quava Fruit\n|-boost|p1a: Quava Fruit|spe|2\n|move|p2a: Uther|Will-O-Wisp|p1a: Quava Fruit\n|-status|p1a: Quava Fruit|brn\n|\n|-damage|p1a: Quava Fruit|94\/100 brn|[from] brn\n|upkeep\n|turn|9\n|\n|t:|1698688854\n|move|p1a: Quava Fruit|Liquidation|p2a: Uther\n|-resisted|p2a: Uther\n|-damage|p2a: Uther|72\/100\n|-unboost|p2a: Uther|def|1\n|move|p2a: Uther|Dragon Tail|p1a: Quava Fruit\n|-damage|p1a: Quava Fruit|63\/100 brn\n|drag|p1a: Rain World|Wo-Chien|100\/100\n|-ability|p1a: Rain World|Tablets of Ruin\n|\n|upkeep\n|turn|10\n|\n|t:|1698688873\n|move|p2a: Uther|Will-O-Wisp|p1a: Rain World\n|-status|p1a: Rain World|brn\n|move|p1a: Rain World|Leech Seed|p2a: Uther\n|-start|p2a: Uther|move: Leech Seed\n|\n|-damage|p2a: Uther|59\/100|[from] Leech Seed|[of] p1a: Rain World\n|-damage|p1a: Rain World|94\/100 brn|[from] brn\n|upkeep\n|turn|11\n|\n|t:|1698688896\n|switch|p2a: Pellinor|Honchkrow, M|100\/100\n|move|p1a: Rain World|Protect||[still]\n|-fail|p1a: Rain World\n|\n|-damage|p1a: Rain World|88\/100 brn|[from] brn\n|upkeep\n|turn|12\n|\n|t:|1698688910\n|move|p1a: Rain World|Leech Seed|p2a: Pellinor\n|-start|p2a: Pellinor|move: Leech Seed\n|move|p2a: Pellinor|Brave Bird|p1a: Rain World\n|-supereffective|p1a: Rain World\n|-damage|p1a: Rain World|0 fnt\n|faint|p1a: Rain World\n|-ability|p2a: Pellinor|Moxie|boost\n|-boost|p2a: Pellinor|atk|1\n|-damage|p2a: Pellinor|78\/100|[from] Recoil\n|\n|upkeep\n|\n|t:|1698688923\n|switch|p1a: Tink Tok|Tinkatuff, F|100\/100\n|-ability|p1a: Tink Tok|Mold Breaker\n|turn|13\n|\n|t:|1698688936\n|move|p1a: Tink Tok|Thunder Wave|p2a: Pellinor\n|-status|p2a: Pellinor|par\n|move|p2a: Pellinor|U-turn|p1a: Tink Tok\n|-resisted|p1a: Tink Tok\n|-damage|p1a: Tink Tok|84\/100\n|\n|t:|1698688946\n|switch|p2a: Galahad|Passimian, M, shiny|60\/100|[from] U-turn\n|\n|upkeep\n|turn|14\n|\n|t:|1698688960\n|move|p2a: Galahad|Earthquake|p1a: Tink Tok\n|-supereffective|p1a: Tink Tok\n|-damage|p1a: Tink Tok|0 fnt\n|faint|p1a: Tink Tok\n|\n|upkeep\n|\n|t:|1698688968\n|switch|p1a: Cherry Coke|Bisharp, M|100\/100\n|turn|15\n|\n|t:|1698688980\n|move|p1a: Cherry Coke|Sucker Punch|p2a: Galahad\n|-resisted|p2a: Galahad\n|-damage|p2a: Galahad|44\/100\n|move|p2a: Galahad|Drain Punch|p1a: Cherry Coke\n|-supereffective|p1a: Cherry Coke\n|-damage|p1a: Cherry Coke|3\/100\n|-heal|p2a: Galahad|83\/100|[from] drain|[of] p1a: Cherry Coke\n|\n|upkeep\n|turn|16\n|\n|t:|1698688991\n|move|p2a: Galahad|U-turn|p1a: Cherry Coke\n|-damage|p1a: Cherry Coke|0 fnt\n|faint|p1a: Cherry Coke\n|\n|t:|1698689004\n|switch|p2a: Gawain|Sawsbuck, M, shiny|100\/100|[from] U-turn\n|\n|upkeep\n|\n|t:|1698689009\n|switch|p1a: Quava Fruit|Quaquaval, F|63\/100 brn\n|turn|17\n|\n|t:|1698689019\n|move|p2a: Gawain|Headbutt|p1a: Quava Fruit\n|-damage|p1a: Quava Fruit|2\/100 brn\n|cant|p1a: Quava Fruit|flinch\n|\n|-damage|p1a: Quava Fruit|0 fnt|[from] brn\n|faint|p1a: Quava Fruit\n|\n|win|TBarnsley\n|upkeep\n|c| UltimoTheNerd|That's such a sad way to go down\n|c| Silverwolf3030|\ud83d\udc80\n|c|\u2606TBarnsley|GG\n|c| delphoxician|Bruh Roh\n|c|\u2606Sweet Bleats|GG, the flinch was unfortunate\n|c| Silverwolf3030|GG\n|c| delphoxician|ggs\n","uploadtime":1698689037,"views":15,"p1id":"sweetbleats","p2id":"tbarnsley","formatid":"gen9anythinggoes","rating":0,"private":0,"password":""}