{"id":"gen9anythinggoes-1980434312","p1":"pokenerddude","p2":"AceKing14","format":"[Gen 9] Anything Goes","log":"|j|\u2606pokenerddude\n|j|\u2606AceKing14\n|inactive|Battle timer is ON: inactive players will automatically lose when time's up.\n|t:|1698784596\n|gametype|singles\n|player|p1|pokenerddude|#agplvivoryimpalers|\n|player|p2|AceKing14|hilbert-wonderlauncher|\n|teamsize|p1|6\n|teamsize|p2|6\n|gen|9\n|tier|[Gen 9] Anything Goes\n|rated|Tournament battle\n|rule|HP Percentage Mod: HP is shown in percentages\n|rule|Endless Battle Clause: Forcing endless battles is banned\n|clearpoke\n|poke|p1|Koraidon|\n|poke|p1|Koraidon|\n|poke|p1|Calyrex-Shadow|\n|poke|p1|Eternatus|\n|poke|p1|Ting-Lu|\n|poke|p1|Arceus-Water|\n|poke|p2|Dondozo, F|\n|poke|p2|Eternatus|\n|poke|p2|Corviknight, M|\n|poke|p2|Clodsire, M|\n|poke|p2|Skeledirge, F|\n|poke|p2|Roaring Moon|\n|teampreview\n|inactive|AceKing14 also wants the timer to be on.\n|inactive|pokenerddude has 120 seconds left.\n|\n|t:|1698784627\n|start\n|switch|p1a: Eternatus|Eternatus|100\/100\n|switch|p2a: Dondozo|Dondozo, F, shiny|100\/100\n|-ability|p1a: Eternatus|Pressure\n|turn|1\n|\n|t:|1698784641\n|switch|p2a: Clodsire|Clodsire, M|100\/100\n|move|p1a: Eternatus|Toxic Spikes|p2a: Clodsire\n|-sidestart|p2: AceKing14|move: Toxic Spikes\n|\n|upkeep\n|turn|2\n|\n|t:|1698784657\n|switch|p1a: Calyrex|Calyrex-Shadow|100\/100\n|-ability|p1a: Calyrex|As One\n|-ability|p1a: Calyrex|Unnerve\n|move|p2a: Clodsire|Earthquake|p1a: Calyrex\n|-damage|p1a: Calyrex|69\/100\n|\n|upkeep\n|turn|3\n|\n|t:|1698784663\n|move|p1a: Calyrex|Astral Barrage|p2a: Clodsire\n|-damage|p2a: Clodsire|46\/100\n|move|p2a: Clodsire|Amnesia|p2a: Clodsire\n|-boost|p2a: Clodsire|spd|2\n|\n|upkeep\n|turn|4\n|\n|t:|1698784682\n|switch|p1a: Koraidon|Koraidon|100\/100\n|-weather|SunnyDay|[from] ability: Orichalcum Pulse|[of] p1a: Koraidon\n|-activate|p1a: Koraidon|Orichalcum Pulse|[source]\n|move|p2a: Clodsire|Recover|p2a: Clodsire\n|-heal|p2a: Clodsire|96\/100\n|\n|-weather|SunnyDay|[upkeep]\n|upkeep\n|turn|5\n|\n|t:|1698784699\n|switch|p2a: Skeledirge|Skeledirge, F|100\/100\n|move|p1a: Koraidon|Taunt|p2a: Skeledirge\n|-start|p2a: Skeledirge|move: Taunt\n|\n|-weather|SunnyDay|[upkeep]\n|upkeep\n|turn|6\n|\n|t:|1698784719\n|switch|p1a: Eternatus|Eternatus|100\/100\n|-ability|p1a: Eternatus|Pressure\n|move|p2a: Skeledirge|Torch Song|p1a: Eternatus\n|-resisted|p1a: Eternatus\n|-damage|p1a: Eternatus|89\/100\n|-boost|p2a: Skeledirge|spa|1\n|\n|-weather|SunnyDay|[upkeep]\n|upkeep\n|turn|7\n|j| IConsumeChairs\n|\n|t:|1698784731\n|switch|p2a: Clodsire|Clodsire, M|96\/100\n|-sideend|p2: AceKing14|move: Toxic Spikes|[of] p2a: Clodsire\n|move|p1a: Eternatus|Dragon Tail|p2a: Clodsire\n|-damage|p2a: Clodsire|77\/100\n|drag|p2a: Dondozo|Dondozo, F, shiny|100\/100\n|\n|-weather|SunnyDay|[upkeep]\n|upkeep\n|turn|8\n|\n|t:|1698784738\n|switch|p2a: Clodsire|Clodsire, M|77\/100\n|move|p1a: Eternatus|Toxic Spikes|p2a: Clodsire\n|-sidestart|p2: AceKing14|move: Toxic Spikes\n|\n|-weather|none\n|upkeep\n|turn|9\n|j|@cromagnet\n|l|@cromagnet\n|\n|t:|1698784749\n|switch|p1a: Arceus|Arceus-Water|100\/100\n|move|p2a: Clodsire|Recover|p2a: Clodsire\n|-heal|p2a: Clodsire|100\/100\n|\n|upkeep\n|turn|10\n|j| f1r35t0rm_96\n|\n|t:|1698784761\n|switch|p2a: Corviknight|Corviknight, M, shiny|100\/100\n|-ability|p2a: Corviknight|Pressure\n|move|p1a: Arceus|Will-O-Wisp|p2a: Corviknight|[miss]\n|-miss|p1a: Arceus|p2a: Corviknight\n|\n|upkeep\n|turn|11\n|\n|t:|1698784766\n|move|p1a: Arceus|Will-O-Wisp|p2a: Corviknight\n|-status|p2a: Corviknight|brn\n|move|p2a: Corviknight|Defog|p1a: Arceus\n|-unboost|p1a: Arceus|evasion|1\n|-sideend|p2: AceKing14|Toxic Spikes|[from] move: Defog|[of] p2a: Corviknight\n|\n|-damage|p2a: Corviknight|94\/100 brn|[from] brn\n|upkeep\n|turn|12\n|j| ZowwyCafe\u2764\n|\n|t:|1698784774\n|move|p1a: Arceus|Taunt|p2a: Corviknight\n|-start|p2a: Corviknight|move: Taunt\n|move|p2a: Corviknight|U-turn|p1a: Arceus\n|-damage|p1a: Arceus|97\/100\n|\n|t:|1698784777\n|switch|p2a: Dondozo|Dondozo, F, shiny|100\/100|[from] U-turn\n|\n|upkeep\n|turn|13\n|\n|t:|1698784790\n|move|p1a: Arceus|Taunt|p2a: Dondozo\n|-start|p2a: Dondozo|move: Taunt\n|cant|p2a: Dondozo|move: Taunt|Curse\n|\n|upkeep\n|turn|14\n|\n|t:|1698784793\n|move|p1a: Arceus|Will-O-Wisp|p2a: Dondozo\n|-status|p2a: Dondozo|brn\n|move|p2a: Dondozo|Liquidation|p1a: Arceus\n|-resisted|p1a: Arceus\n|-damage|p1a: Arceus|93\/100\n|\n|-damage|p2a: Dondozo|94\/100 brn|[from] brn\n|upkeep\n|turn|15\n|j| Future king of ou\n|\n|t:|1698784800\n|switch|p1a: Eternatus|Eternatus|89\/100\n|-ability|p1a: Eternatus|Pressure\n|switch|p2a: Eternatus|Eternatus|100\/100\n|-ability|p2a: Eternatus|Pressure\n|\n|upkeep\n|turn|16\n|inactive|pokenerddude has 120 seconds left.\n|\n|t:|1698784859\n|switch|p1a: Ting-Lu|Ting-Lu|100\/100\n|-ability|p1a: Ting-Lu|Vessel of Ruin\n|move|p2a: Eternatus|Dynamax Cannon|p1a: Ting-Lu\n|-damage|p1a: Ting-Lu|79\/100\n|\n|-heal|p1a: Ting-Lu|86\/100|[from] item: Leftovers\n|upkeep\n|turn|17\n|\n|t:|1698784866\n|move|p2a: Eternatus|Toxic Spikes|p1a: Ting-Lu\n|-sidestart|p1: pokenerddude|move: Toxic Spikes\n|move|p1a: Ting-Lu|Spikes|p2a: Eternatus\n|-sidestart|p2: AceKing14|Spikes\n|\n|-heal|p1a: Ting-Lu|92\/100|[from] item: Leftovers\n|upkeep\n|turn|18\n|\n|t:|1698784876\n|switch|p2a: Corviknight|Corviknight, M, shiny|94\/100 brn\n|-ability|p2a: Corviknight|Pressure\n|move|p1a: Ting-Lu|Spikes|p2a: Corviknight\n|-sidestart|p2: AceKing14|Spikes\n|\n|-heal|p1a: Ting-Lu|98\/100|[from] item: Leftovers\n|-damage|p2a: Corviknight|88\/100 brn|[from] brn\n|upkeep\n|turn|19\n|\n|t:|1698784900\n|switch|p1a: Eternatus|Eternatus|89\/100\n|-sideend|p1: pokenerddude|move: Toxic Spikes|[of] p1a: Eternatus\n|-ability|p1a: Eternatus|Pressure\n|move|p2a: Corviknight|Defog|p1a: Eternatus\n|-unboost|p1a: Eternatus|evasion|1\n|-sideend|p2: AceKing14|Spikes|[from] move: Defog|[of] p2a: Corviknight\n|\n|-damage|p2a: Corviknight|82\/100 brn|[from] brn\n|upkeep\n|turn|20\n|\n|t:|1698784912\n|switch|p2a: Clodsire|Clodsire, M|100\/100\n|move|p1a: Eternatus|Toxic Spikes|p2a: Clodsire\n|-sidestart|p2: AceKing14|move: Toxic Spikes\n|\n|upkeep\n|turn|21\n|\n|t:|1698784927\n|switch|p1a: Arceus|Arceus-Water|93\/100\n|move|p2a: Clodsire|Earthquake|p1a: Arceus\n|-damage|p1a: Arceus|80\/100\n|\n|upkeep\n|turn|22\n|inactive|pokenerddude has 120 seconds left.\n|\n|t:|1698784947\n|switch|p2a: Eternatus|Eternatus|100\/100\n|-sideend|p2: AceKing14|move: Toxic Spikes|[of] p2a: Eternatus\n|-ability|p2a: Eternatus|Pressure\n|move|p1a: Arceus|Taunt|p2a: Eternatus\n|-start|p2a: Eternatus|move: Taunt\n|\n|upkeep\n|turn|23\n|\n|t:|1698784952\n|move|p2a: Eternatus|Dynamax Cannon|p1a: Arceus\n|-damage|p1a: Arceus|44\/100\n|move|p1a: Arceus|Will-O-Wisp|p2a: Eternatus\n|-status|p2a: Eternatus|brn\n|\n|-damage|p2a: Eternatus|94\/100 brn|[from] brn\n|upkeep\n|turn|24\n|\n|t:|1698784960\n|move|p2a: Eternatus|Dynamax Cannon|p1a: Arceus\n|-damage|p1a: Arceus|7\/100\n|move|p1a: Arceus|Recover|p1a: Arceus\n|-heal|p1a: Arceus|57\/100\n|\n|-heal|p2a: Eternatus|100\/100 brn|[from] item: Leftovers\n|-damage|p2a: Eternatus|94\/100 brn|[from] brn\n|-end|p2a: Eternatus|move: Taunt\n|upkeep\n|turn|25\n|\n|t:|1698784971\n|switch|p1a: Ting-Lu|Ting-Lu|98\/100\n|-ability|p1a: Ting-Lu|Vessel of Ruin\n|move|p2a: Eternatus|Toxic Spikes|p1a: Ting-Lu\n|-sidestart|p1: pokenerddude|move: Toxic Spikes\n|\n|-heal|p2a: Eternatus|100\/100 brn|[from] item: Leftovers\n|-heal|p1a: Ting-Lu|100\/100|[from] item: Leftovers\n|-damage|p2a: Eternatus|94\/100 brn|[from] brn\n|upkeep\n|turn|26\n|\n|t:|1698784982\n|switch|p2a: Roaring Moon|Roaring Moon|100\/100\n|move|p1a: Ting-Lu|Spikes|p2a: Roaring Moon\n|-sidestart|p2: AceKing14|Spikes\n|\n|upkeep\n|turn|27\n|\n|t:|1698784994\n|switch|p1a: Eternatus|Eternatus|89\/100\n|-sideend|p1: pokenerddude|move: Toxic Spikes|[of] p1a: Eternatus\n|-ability|p1a: Eternatus|Pressure\n|move|p2a: Roaring Moon|Knock Off|p1a: Eternatus\n|-damage|p1a: Eternatus|58\/100\n|-enditem|p1a: Eternatus|Heavy-Duty Boots|[from] move: Knock Off|[of] p2a: Roaring Moon\n|\n|upkeep\n|turn|28\n|inactive|AceKing14 has 120 seconds left.\n|c|\u2606AceKing14|this is the first stall team ive ever made\n|\n|t:|1698785039\n|move|p2a: Roaring Moon|Earthquake|p1a: Eternatus\n|-supereffective|p1a: Eternatus\n|-damage|p1a: Eternatus|9\/100\n|move|p1a: Eternatus|Dragon Tail|p2a: Roaring Moon\n|-supereffective|p2a: Roaring Moon\n|-damage|p2a: Roaring Moon|55\/100\n|-end|p2a: Roaring Moon|Protosynthesis|[silent]\n|drag|p2a: Corviknight|Corviknight, M, shiny|82\/100 brn\n|-ability|p2a: Corviknight|Pressure\n|\n|-damage|p2a: Corviknight|76\/100 brn|[from] brn\n|upkeep\n|turn|29\n|\n|t:|1698785047\n|move|p1a: Eternatus|Recover|p1a: Eternatus\n|-heal|p1a: Eternatus|59\/100\n|move|p2a: Corviknight|U-turn|p1a: Eternatus\n|-resisted|p1a: Eternatus\n|-damage|p1a: Eternatus|57\/100\n|\n|t:|1698785053\n|switch|p2a: Eternatus|Eternatus|94\/100 brn|[from] U-turn\n|-damage|p2a: Eternatus|82\/100 brn|[from] Spikes\n|-ability|p2a: Eternatus|Pressure\n|\n|-heal|p2a: Eternatus|88\/100 brn|[from] item: Leftovers\n|-damage|p2a: Eternatus|82\/100 brn|[from] brn\n|upkeep\n|turn|30\n|\n|t:|1698785069\n|switch|p1a: Ting-Lu|Ting-Lu|100\/100\n|-ability|p1a: Ting-Lu|Vessel of Ruin\n|move|p2a: Eternatus|Dynamax Cannon|p1a: Ting-Lu\n|-damage|p1a: Ting-Lu|78\/100\n|\n|-heal|p2a: Eternatus|88\/100 brn|[from] item: Leftovers\n|-heal|p1a: Ting-Lu|84\/100|[from] item: Leftovers\n|-damage|p2a: Eternatus|82\/100 brn|[from] brn\n|upkeep\n|turn|31\n|\n|t:|1698785076\n|move|p2a: Eternatus|Toxic Spikes|p1a: Ting-Lu\n|-sidestart|p1: pokenerddude|move: Toxic Spikes\n|move|p1a: Ting-Lu|Spikes|p2a: Eternatus\n|-sidestart|p2: AceKing14|Spikes\n|\n|-heal|p2a: Eternatus|88\/100 brn|[from] item: Leftovers\n|-heal|p1a: Ting-Lu|90\/100|[from] item: Leftovers\n|-damage|p2a: Eternatus|82\/100 brn|[from] brn\n|upkeep\n|turn|32\n|\n|t:|1698785083\n|switch|p2a: Corviknight|Corviknight, M, shiny|76\/100 brn\n|-ability|p2a: Corviknight|Pressure\n|move|p1a: Ting-Lu|Whirlwind|p2a: Corviknight\n|drag|p2a: Eternatus|Eternatus|82\/100 brn\n|-damage|p2a: Eternatus|65\/100 brn|[from] Spikes\n|-ability|p2a: Eternatus|Pressure\n|\n|-heal|p2a: Eternatus|72\/100 brn|[from] item: Leftovers\n|-heal|p1a: Ting-Lu|96\/100|[from] item: Leftovers\n|-damage|p2a: Eternatus|65\/100 brn|[from] brn\n|upkeep\n|turn|33\n|\n|t:|1698785092\n|move|p2a: Eternatus|Recover|p2a: Eternatus\n|-heal|p2a: Eternatus|100\/100 brn\n|move|p1a: Ting-Lu|Whirlwind|p2a: Eternatus\n|drag|p2a: Roaring Moon|Roaring Moon|55\/100\n|\n|-heal|p1a: Ting-Lu|100\/100|[from] item: Leftovers\n|upkeep\n|turn|34\n|\n|t:|1698785099\n|switch|p1a: Eternatus|Eternatus|57\/100\n|-sideend|p1: pokenerddude|move: Toxic Spikes|[of] p1a: Eternatus\n|-ability|p1a: Eternatus|Pressure\n|move|p2a: Roaring Moon|Roost|p2a: Roaring Moon\n|-heal|p2a: Roaring Moon|100\/100\n|-singleturn|p2a: Roaring Moon|move: Roost\n|\n|upkeep\n|turn|35\n|\n|t:|1698785128\n|switch|p1a: Arceus|Arceus-Water|57\/100\n|move|p2a: Roaring Moon|Earthquake|p1a: Arceus\n|-damage|p1a: Arceus|40\/100\n|\n|upkeep\n|turn|36\n|\n|t:|1698785134\n|move|p2a: Roaring Moon|U-turn|p1a: Arceus\n|-damage|p1a: Arceus|29\/100\n|\n|t:|1698785138\n|-end|p2a: Roaring Moon|Protosynthesis|[silent]\n|switch|p2a: Eternatus|Eternatus|100\/100 brn|[from] U-turn\n|-damage|p2a: Eternatus|84\/100 brn|[from] Spikes\n|-ability|p2a: Eternatus|Pressure\n|move|p1a: Arceus|Will-O-Wisp|p2a: Eternatus\n|-fail|p2a: Eternatus|brn\n|\n|-heal|p2a: Eternatus|90\/100 brn|[from] item: Leftovers\n|-damage|p2a: Eternatus|84\/100 brn|[from] brn\n|upkeep\n|turn|37\n|\n|t:|1698785150\n|move|p2a: Eternatus|Dynamax Cannon|p1a: Arceus\n|-crit|p1a: Arceus\n|-damage|p1a: Arceus|0 fnt\n|faint|p1a: Arceus\n|\n|-heal|p2a: Eternatus|90\/100 brn|[from] item: Leftovers\n|-damage|p2a: Eternatus|84\/100 brn|[from] brn\n|upkeep\n|inactive|pokenerddude has 120 seconds left.\n|\n|t:|1698785183\n|switch|p1a: Koraidon|Koraidon|100\/100\n|-weather|SunnyDay|[from] ability: Orichalcum Pulse|[of] p1a: Koraidon\n|-activate|p1a: Koraidon|Orichalcum Pulse|[source]\n|turn|38\n|l| Future king of ou\n|\n|t:|1698785191\n|switch|p2a: Skeledirge|Skeledirge, F|100\/100\n|-terastallize|p1a: Koraidon|Steel\n|move|p1a: Koraidon|Scale Shot|p2a: Skeledirge\n|-damage|p2a: Skeledirge|89\/100\n|-damage|p2a: Skeledirge|78\/100\n|-damage|p2a: Skeledirge|66\/100\n|-damage|p2a: Skeledirge|53\/100\n|-damage|p2a: Skeledirge|42\/100\n|-hitcount|p2a: Skeledirge|5\n|-unboost|p1a: Koraidon|def|1\n|-boost|p1a: Koraidon|spe|1\n|\n|-weather|SunnyDay|[upkeep]\n|upkeep\n|turn|39\n|inactive|pokenerddude has 120 seconds left.\n|\n|t:|1698785217\n|move|p1a: Koraidon|Scale Shot|p2a: Skeledirge\n|-damage|p2a: Skeledirge|30\/100\n|-damage|p2a: Skeledirge|18\/100\n|-damage|p2a: Skeledirge|6\/100\n|-damage|p2a: Skeledirge|0 fnt\n|faint|p2a: Skeledirge\n|-hitcount|p2: Skeledirge|4\n|-unboost|p1a: Koraidon|def|1\n|-boost|p1a: Koraidon|spe|1\n|\n|-weather|SunnyDay|[upkeep]\n|upkeep\n|\n|t:|1698785222\n|switch|p2a: Dondozo|Dondozo, F, shiny|94\/100 brn\n|-damage|p2a: Dondozo|78\/100 brn|[from] Spikes\n|turn|40\n|\n|t:|1698785230\n|move|p1a: Koraidon|Taunt|p2a: Dondozo\n|-start|p2a: Dondozo|move: Taunt\n|cant|p2a: Dondozo|move: Taunt|Curse\n|\n|-weather|SunnyDay|[upkeep]\n|-heal|p2a: Dondozo|84\/100 brn|[from] item: Leftovers\n|-damage|p2a: Dondozo|78\/100 brn|[from] brn\n|upkeep\n|turn|41\n|j| mid ladder memes\n|j| Dregone\n|c|\u2606AceKing14|well gg\n|inactive|pokenerddude has 120 seconds left.\n|\n|t:|1698785254\n|move|p1a: Koraidon|Scale Shot|p2a: Dondozo|[miss]\n|-miss|p1a: Koraidon|p2a: Dondozo\n|move|p2a: Dondozo|Liquidation|p1a: Koraidon\n|-damage|p1a: Koraidon|94\/100\n|\n|-weather|SunnyDay|[upkeep]\n|-heal|p2a: Dondozo|84\/100 brn|[from] item: Leftovers\n|-damage|p2a: Dondozo|78\/100 brn|[from] brn\n|upkeep\n|turn|42\n|l| Dregone\n|\n|t:|1698785268\n|switch|p2a: Clodsire|Clodsire, M|100\/100\n|move|p1a: Koraidon|Scale Shot|p2a: Clodsire\n|-damage|p2a: Clodsire|77\/100\n|-damage|p2a: Clodsire|56\/100\n|-damage|p2a: Clodsire|33\/100\n|-damage|p2a: Clodsire|10\/100\n|-damage|p2a: Clodsire|0 fnt\n|faint|p2a: Clodsire\n|-hitcount|p2: Clodsire|5\n|-unboost|p1a: Koraidon|def|1\n|-boost|p1a: Koraidon|spe|1\n|\n|-weather|none\n|upkeep\n|\n|t:|1698785271\n|switch|p2a: Corviknight|Corviknight, M, shiny|76\/100 brn\n|-ability|p2a: Corviknight|Pressure\n|turn|43\n|\n|t:|1698785281\n|move|p1a: Koraidon|Taunt|p2a: Corviknight\n|-start|p2a: Corviknight|move: Taunt\n|cant|p2a: Corviknight|move: Taunt|Roost\n|\n|-damage|p2a: Corviknight|70\/100 brn|[from] brn\n|upkeep\n|turn|44\n|\n|t:|1698785284\n|move|p1a: Koraidon|Flare Blitz|p2a: Corviknight\n|-supereffective|p2a: Corviknight\n|-damage|p2a: Corviknight|9\/100 brn\n|-damage|p1a: Koraidon|77\/100|[from] item: Rocky Helmet|[of] p2a: Corviknight\n|-damage|p1a: Koraidon|54\/100|[from] Recoil\n|move|p2a: Corviknight|U-turn|p1a: Koraidon\n|-resisted|p1a: Koraidon\n|-damage|p1a: Koraidon|47\/100\n|\n|t:|1698785303\n|switch|p2a: Dondozo|Dondozo, F, shiny|78\/100 brn|[from] U-turn\n|-damage|p2a: Dondozo|61\/100 brn|[from] Spikes\n|\n|-heal|p2a: Dondozo|67\/100 brn|[from] item: Leftovers\n|-damage|p2a: Dondozo|61\/100 brn|[from] brn\n|upkeep\n|turn|45\n|\n|t:|1698785309\n|move|p1a: Koraidon|Taunt|p2a: Dondozo\n|-start|p2a: Dondozo|move: Taunt\n|move|p2a: Dondozo|Liquidation|p1a: Koraidon\n|-damage|p1a: Koraidon|33\/100\n|\n|-heal|p2a: Dondozo|67\/100 brn|[from] item: Leftovers\n|-damage|p2a: Dondozo|61\/100 brn|[from] brn\n|upkeep\n|turn|46\n|\n|t:|1698785311\n|switch|p2a: Corviknight|Corviknight, M, shiny|9\/100 brn\n|-ability|p2a: Corviknight|Pressure\n|move|p1a: Koraidon|Scale Shot|p2a: Corviknight\n|-resisted|p2a: Corviknight\n|-damage|p2a: Corviknight|5\/100 brn\n|-resisted|p2a: Corviknight\n|-damage|p2a: Corviknight|0 fnt\n|faint|p2a: Corviknight\n|-hitcount|p2: Corviknight|2\n|-unboost|p1a: Koraidon|def|1\n|-boost|p1a: Koraidon|spe|1\n|\n|upkeep\n|\n|t:|1698785316\n|switch|p2a: Roaring Moon|Roaring Moon|100\/100\n|turn|47\n|\n|t:|1698785319\n|-terastallize|p2a: Roaring Moon|Steel\n|move|p1a: Koraidon|Scale Shot|p2a: Roaring Moon\n|-resisted|p2a: Roaring Moon\n|-damage|p2a: Roaring Moon|92\/100\n|-resisted|p2a: Roaring Moon\n|-damage|p2a: Roaring Moon|81\/100\n|-resisted|p2a: Roaring Moon\n|-damage|p2a: Roaring Moon|72\/100\n|-resisted|p2a: Roaring Moon\n|-damage|p2a: Roaring Moon|63\/100\n|-resisted|p2a: Roaring Moon\n|-damage|p2a: Roaring Moon|53\/100\n|-hitcount|p2a: Roaring Moon|5\n|-unboost|p1a: Koraidon|def|1\n|-boost|p1a: Koraidon|spe|1\n|move|p2a: Roaring Moon|Earthquake|p1a: Koraidon\n|-supereffective|p1a: Koraidon\n|-damage|p1a: Koraidon|0 fnt\n|faint|p1a: Koraidon\n|\n|upkeep\n|\n|t:|1698785328\n|switch|p1a: Calyrex|Calyrex-Shadow|69\/100\n|-ability|p1a: Calyrex|As One\n|-ability|p1a: Calyrex|Unnerve\n|turn|48\n|\n|t:|1698785333\n|move|p1a: Calyrex|Astral Barrage|p2a: Roaring Moon\n|-damage|p2a: Roaring Moon|0 fnt\n|faint|p2a: Roaring Moon\n|-end|p2a: Roaring Moon|Protosynthesis|[silent]\n|-ability|p1a: Calyrex|Grim Neigh|boost\n|-boost|p1a: Calyrex|spa|1\n|\n|upkeep\n|\n|t:|1698785338\n|switch|p2a: Eternatus|Eternatus|84\/100 brn\n|-damage|p2a: Eternatus|67\/100 brn|[from] Spikes\n|-ability|p2a: Eternatus|Pressure\n|turn|49\n|\n|t:|1698785341\n|move|p1a: Calyrex|Astral Barrage|p2a: Eternatus\n|-damage|p2a: Eternatus|0 fnt\n|faint|p2a: Eternatus\n|-ability|p1a: Calyrex|Grim Neigh|boost\n|-boost|p1a: Calyrex|spa|1\n|\n|upkeep\n|\n|t:|1698785344\n|switch|p2a: Dondozo|Dondozo, F, shiny|61\/100 brn\n|-damage|p2a: Dondozo|45\/100 brn|[from] Spikes\n|turn|50\n|\n|t:|1698785346\n|move|p1a: Calyrex|Astral Barrage|p2a: Dondozo\n|-damage|p2a: Dondozo|0 fnt\n|faint|p2a: Dondozo\n|\n|win|pokenerddude\n|n|\u2606pokenerddude|pokenerddude\n|n|\u2606AceKing14|aceking14\n|n| IConsumeChairs|iconsumechairs\n|n| f1r35t0rm_96|f1r35t0rm96\n|n| ZowwyCafe\u2764|zowwycafe\n|n| mid ladder memes|midladdermemes\n|l|\u2606AceKing14\n|l| IConsumeChairs\n|l| mid ladder memes\n|j| Pure Hackmons@!\n|l| Pure Hackmons\n|l| f1r35t0rm_96\n|l| ZowwyCafe\u2764\n","uploadtime":1698785942,"views":24,"p1id":"pokenerddude","p2id":"aceking14","formatid":"gen9anythinggoes","rating":0,"private":0,"password":""}