{"id":"gen9anythinggoes-1992478062","p1":"SceptileKyle","p2":"Puptup","format":"[Gen 9] Anything Goes","log":"|j|\u2606SceptileKyle\n|j|\u2606Puptup\n|t:|1700192530\n|gametype|singles\n|player|p1|SceptileKyle|169|\n|player|p2|Puptup|burglar|\n|teamsize|p1|6\n|teamsize|p2|6\n|gen|9\n|tier|[Gen 9] Anything Goes\n|rule|HP Percentage Mod: HP is shown in percentages\n|rule|Endless Battle Clause: Forcing endless battles is banned\n|clearpoke\n|poke|p1|Landorus-Therian, M|\n|poke|p1|Annihilape, F|\n|poke|p1|Volcarona, M|\n|poke|p1|Grimmsnarl, M|\n|poke|p1|Arboliva, F|\n|poke|p1|Lycanroc, M|\n|poke|p2|Iron Valiant|\n|poke|p2|Gothitelle, F|\n|poke|p2|Alomomola, F|\n|poke|p2|Slowking-Galar, M|\n|poke|p2|Iron Treads|\n|poke|p2|Chesnaught, M|\n|teampreview\n|\n|t:|1700192533\n|start\n|switch|p1a: Volcarona|Volcarona, M|100\/100\n|switch|p2a: Lightly|Iron Treads, shiny|100\/100\n|turn|1\n|\n|t:|1700192539\n|-end|p2a: Lightly|Quark Drive|[silent]\n|switch|p2a: Makhachev|Slowking-Galar, M|100\/100\n|move|p1a: Volcarona|Quiver Dance|p1a: Volcarona\n|-boost|p1a: Volcarona|spa|1\n|-boost|p1a: Volcarona|spd|1\n|-boost|p1a: Volcarona|spe|1\n|\n|upkeep\n|turn|2\n|\n|t:|1700192541\n|move|p1a: Volcarona|Amnesia|p1a: Volcarona\n|-boost|p1a: Volcarona|spd|2\n|move|p2a: Makhachev|Power Gem|p1a: Volcarona\n|-supereffective|p1a: Volcarona\n|-damage|p1a: Volcarona|67\/100\n|\n|-heal|p1a: Volcarona|73\/100|[from] item: Leftovers\n|upkeep\n|turn|3\n|\n|t:|1700192545\n|move|p1a: Volcarona|Quiver Dance|p1a: Volcarona\n|-boost|p1a: Volcarona|spa|1\n|-boost|p1a: Volcarona|spd|1\n|-boost|p1a: Volcarona|spe|1\n|move|p2a: Makhachev|Power Gem|p1a: Volcarona\n|-supereffective|p1a: Volcarona\n|-damage|p1a: Volcarona|41\/100\n|\n|-heal|p1a: Volcarona|47\/100|[from] item: Leftovers\n|upkeep\n|turn|4\n|\n|t:|1700192548\n|move|p1a: Volcarona|Fiery Dance|p2a: Makhachev\n|-damage|p2a: Makhachev|63\/100\n|move|p2a: Makhachev|Power Gem|p1a: Volcarona\n|-supereffective|p1a: Volcarona\n|-damage|p1a: Volcarona|18\/100\n|\n|-heal|p1a: Volcarona|24\/100|[from] item: Leftovers\n|upkeep\n|turn|5\n|\n|t:|1700192558\n|move|p1a: Volcarona|Bug Buzz|p2a: Makhachev\n|-damage|p2a: Makhachev|19\/100\n|move|p2a: Makhachev|Power Gem|p1a: Volcarona\n|-supereffective|p1a: Volcarona\n|-crit|p1a: Volcarona\n|-damage|p1a: Volcarona|0 fnt\n|faint|p1a: Volcarona\n|\n|upkeep\n|\n|t:|1700192569\n|switch|p1a: Annihilape|Annihilape, F|100\/100\n|turn|6\n|\n|t:|1700192575\n|switch|p2a: Greedo|Chesnaught, M|100\/100\n|move|p1a: Annihilape|U-turn|p2a: Greedo\n|-damage|p2a: Greedo|87\/100\n|\n|t:|1700192580\n|switch|p1a: Grimmsnarl|Grimmsnarl, M|100\/100|[from] U-turn\n|\n|-heal|p2a: Greedo|93\/100|[from] item: Leftovers\n|upkeep\n|turn|7\n|\n|t:|1700192583\n|switch|p2a: Lightly|Iron Treads, shiny|100\/100\n|move|p1a: Grimmsnarl|Thunder Wave|p2a: Lightly\n|-immune|p2a: Lightly\n|\n|upkeep\n|turn|8\n|\n|t:|1700192585\n|switch|p1a: Landorus|Landorus-Therian, M|100\/100\n|-ability|p1a: Landorus|Intimidate|boost\n|-unboost|p2a: Lightly|atk|1\n|move|p2a: Lightly|Stealth Rock|p1a: Landorus\n|-sidestart|p1: SceptileKyle|move: Stealth Rock\n|\n|upkeep\n|turn|9\n|\n|t:|1700192587\n|move|p2a: Lightly|Ice Spinner|p1a: Landorus\n|-supereffective|p1a: Landorus\n|-damage|p1a: Landorus|14\/100\n|move|p1a: Landorus|Earthquake|p2a: Lightly\n|-supereffective|p2a: Lightly\n|-enditem|p2a: Lightly|Shuca Berry|[eat]\n|-enditem|p2a: Lightly|Shuca Berry|[weaken]\n|-damage|p2a: Lightly|18\/100\n|\n|upkeep\n|turn|10\n|\n|t:|1700192594\n|move|p2a: Lightly|Ice Spinner|p1a: Landorus\n|-supereffective|p1a: Landorus\n|-damage|p1a: Landorus|0 fnt\n|faint|p1a: Landorus\n|\n|upkeep\n|\n|t:|1700192599\n|switch|p1a: Annihilape|Annihilape, F|100\/100\n|-damage|p1a: Annihilape|94\/100|[from] Stealth Rock\n|turn|11\n|\n|t:|1700192605\n|move|p1a: Annihilape|Phantom Force||[still]\n|-prepare|p1a: Annihilape|Phantom Force\n|move|p2a: Lightly|Knock Off|p1a: Annihilape|[miss]\n|-miss|p2a: Lightly|p1a: Annihilape\n|\n|upkeep\n|turn|12\n|\n|t:|1700192608\n|-end|p2a: Lightly|Quark Drive|[silent]\n|switch|p2a: Gidle|Alomomola, F, shiny|100\/100\n|move|p1a: Annihilape|Phantom Force|p2a: Gidle|[from]lockedmove\n|-damage|p2a: Gidle|76\/100\n|\n|-heal|p2a: Gidle|82\/100|[from] item: Leftovers\n|upkeep\n|turn|13\n|\n|t:|1700192612\n|switch|p1a: Arboliva|Arboliva, F|100\/100\n|-damage|p1a: Arboliva|88\/100|[from] Stealth Rock\n|move|p2a: Gidle|Flip Turn|p1a: Arboliva\n|-resisted|p1a: Arboliva\n|-damage|p1a: Arboliva|80\/100\n|\n|t:|1700192614\n|switch|p2a: Tennyson|Iron Valiant|100\/100|[from] Flip Turn\n|\n|upkeep\n|turn|14\n|\n|t:|1700192625\n|-terastallize|p1a: Arboliva|Ground\n|move|p2a: Tennyson|Close Combat|p1a: Arboliva\n|-damage|p1a: Arboliva|30\/100\n|-unboost|p2a: Tennyson|def|1\n|-unboost|p2a: Tennyson|spd|1\n|-enditem|p1a: Arboliva|Sitrus Berry|[eat]\n|-heal|p1a: Arboliva|55\/100|[from] item: Sitrus Berry\n|move|p1a: Arboliva|Dazzling Gleam|p2a: Tennyson\n|-supereffective|p2a: Tennyson\n|-damage|p2a: Tennyson|0 fnt\n|faint|p2a: Tennyson\n|-end|p2a: Tennyson|Quark Drive|[silent]\n|\n|upkeep\n|\n|t:|1700192629\n|switch|p2a: Hello Moto|Gothitelle, F, shiny|100\/100\n|turn|15\n|\n|t:|1700192636\n|move|p2a: Hello Moto|Trick|p1a: Arboliva\n|-activate|p2a: Hello Moto|move: Trick|[of] p1a: Arboliva\n|-item|p1a: Arboliva|Choice Scarf|[from] move: Trick\n|-enditem|p2a: Hello Moto|Choice Scarf|[silent]|[from] move: Trick\n|move|p1a: Arboliva|Hyper Voice|p2a: Hello Moto\n|-damage|p2a: Hello Moto|47\/100\n|\n|upkeep\n|turn|16\n|\n|t:|1700192642\n|switch|p2a: Makhachev|Slowking-Galar, M|52\/100\n|move|p1a: Arboliva|Hyper Voice|p2a: Makhachev\n|-damage|p2a: Makhachev|33\/100\n|\n|upkeep\n|turn|17\n|\n|t:|1700192647\n|switch|p2a: Gidle|Alomomola, F, shiny|100\/100\n|move|p1a: Arboliva|Hyper Voice|p2a: Gidle\n|-damage|p2a: Gidle|40\/100\n|\n|-heal|p2a: Gidle|46\/100|[from] item: Leftovers\n|upkeep\n|turn|18\n|\n|t:|1700192649\n|move|p2a: Gidle|Protect|p2a: Gidle\n|-singleturn|p2a: Gidle|Protect\n|move|p1a: Arboliva|Hyper Voice|p2a: Gidle\n|-activate|p2a: Gidle|move: Protect\n|\n|-heal|p2a: Gidle|52\/100|[from] item: Leftovers\n|upkeep\n|turn|19\n|\n|t:|1700192652\n|switch|p2a: Makhachev|Slowking-Galar, M|66\/100\n|move|p1a: Arboliva|Hyper Voice|p2a: Makhachev\n|-damage|p2a: Makhachev|47\/100\n|\n|upkeep\n|turn|20\n|\n|t:|1700192657\n|move|p1a: Arboliva|Hyper Voice|p2a: Makhachev\n|-damage|p2a: Makhachev|28\/100\n|move|p2a: Makhachev|Future Sight|p1a: Arboliva\n|-start|p2a: Makhachev|move: Future Sight\n|\n|upkeep\n|turn|21\n|\n|t:|1700192661\n|switch|p2a: Gidle|Alomomola, F, shiny|85\/100\n|move|p1a: Arboliva|Hyper Voice|p2a: Gidle\n|-damage|p2a: Gidle|22\/100\n|\n|-heal|p2a: Gidle|28\/100|[from] item: Leftovers\n|upkeep\n|turn|22\n|\n|t:|1700192665\n|switch|p1a: Grimmsnarl|Grimmsnarl, M|100\/100\n|-damage|p1a: Grimmsnarl|88\/100|[from] Stealth Rock\n|move|p2a: Gidle|Protect||[still]\n|-fail|p2a: Gidle\n|\n|-end|p1a: Grimmsnarl|move: Future Sight\n|-immune|p1a: Grimmsnarl\n|-heal|p2a: Gidle|34\/100|[from] item: Leftovers\n|upkeep\n|turn|23\n|\n|t:|1700192669\n|switch|p2a: Makhachev|Slowking-Galar, M|61\/100\n|move|p1a: Grimmsnarl|Thunder Wave|p2a: Makhachev\n|-status|p2a: Makhachev|par\n|\n|upkeep\n|turn|24\n|\n|t:|1700192672\n|switch|p1a: Annihilape|Annihilape, F|94\/100\n|-damage|p1a: Annihilape|88\/100|[from] Stealth Rock\n|move|p2a: Makhachev|Future Sight|p1a: Annihilape\n|-start|p2a: Makhachev|move: Future Sight\n|\n|upkeep\n|turn|25\n|\n|t:|1700192683\n|move|p1a: Annihilape|Final Gambit|p2a: Makhachev\n|-damage|p2a: Makhachev|0 fnt\n|faint|p1a: Annihilape\n|faint|p2a: Makhachev\n|\n|upkeep\n|\n|t:|1700192691\n|switch|p1a: Grimmsnarl|Grimmsnarl, M|88\/100\n|switch|p2a: Lightly|Iron Treads, shiny|18\/100\n|-damage|p1a: Grimmsnarl|76\/100|[from] Stealth Rock\n|turn|26\n|\n|t:|1700192695\n|move|p1a: Grimmsnarl|Reflect|p1a: Grimmsnarl\n|-sidestart|p1: SceptileKyle|Reflect\n|move|p2a: Lightly|Knock Off|p1a: Grimmsnarl\n|-resisted|p1a: Grimmsnarl\n|-damage|p1a: Grimmsnarl|71\/100\n|-enditem|p1a: Grimmsnarl|Light Clay|[from] move: Knock Off|[of] p2a: Lightly\n|\n|-end|p1a: Grimmsnarl|move: Future Sight\n|-immune|p1a: Grimmsnarl\n|upkeep\n|turn|27\n|\n|t:|1700192701\n|-end|p2a: Lightly|Quark Drive|[silent]\n|switch|p2a: Gidle|Alomomola, F, shiny|68\/100\n|move|p1a: Grimmsnarl|Spirit Break|p2a: Gidle\n|-damage|p2a: Gidle|51\/100\n|-unboost|p2a: Gidle|spa|1\n|\n|-heal|p2a: Gidle|57\/100|[from] item: Leftovers\n|upkeep\n|turn|28\n|\n|t:|1700192704\n|move|p1a: Grimmsnarl|Thunder Wave|p2a: Gidle\n|-status|p2a: Gidle|par\n|move|p2a: Gidle|Wish|p2a: Gidle\n|\n|-heal|p2a: Gidle|64\/100 par|[from] item: Leftovers\n|upkeep\n|turn|29\n|\n|t:|1700192707\n|switch|p1a: Arboliva|Arboliva, F, tera:Ground|55\/100\n|-damage|p1a: Arboliva|49\/100|[from] Stealth Rock\n|cant|p2a: Gidle|par\n|\n|-heal|p2a: Gidle|100\/100 par|[from] move: Wish|[wisher] Gidle\n|upkeep\n|turn|30\n|\n|t:|1700192714\n|move|p1a: Arboliva|Hyper Voice|p2a: Gidle\n|-damage|p2a: Gidle|45\/100 par\n|move|p2a: Gidle|Scald|p1a: Arboliva\n|-supereffective|p1a: Arboliva\n|-damage|p1a: Arboliva|34\/100\n|-status|p1a: Arboliva|brn\n|\n|-heal|p2a: Gidle|51\/100 par|[from] item: Leftovers\n|-damage|p1a: Arboliva|28\/100 brn|[from] brn\n|upkeep\n|turn|31\n|\n|t:|1700192720\n|move|p2a: Gidle|Protect|p2a: Gidle\n|-singleturn|p2a: Gidle|Protect\n|move|p1a: Arboliva|Hyper Voice|p2a: Gidle\n|-activate|p2a: Gidle|move: Protect\n|\n|-heal|p2a: Gidle|57\/100 par|[from] item: Leftovers\n|-damage|p1a: Arboliva|22\/100 brn|[from] brn\n|upkeep\n|turn|32\n|\n|t:|1700192733\n|move|p1a: Arboliva|Hyper Voice|p2a: Gidle\n|-damage|p2a: Gidle|1\/100 par\n|move|p2a: Gidle|Scald|p1a: Arboliva\n|-supereffective|p1a: Arboliva\n|-damage|p1a: Arboliva|5\/100 brn\n|\n|-heal|p2a: Gidle|7\/100 par|[from] item: Leftovers\n|-damage|p1a: Arboliva|0 fnt|[from] brn\n|faint|p1a: Arboliva\n|upkeep\n|\n|t:|1700192742\n|switch|p1a: Grimmsnarl|Grimmsnarl, M|71\/100\n|-damage|p1a: Grimmsnarl|58\/100|[from] Stealth Rock\n|turn|33\n|\n|t:|1700192748\n|switch|p2a: Lightly|Iron Treads, shiny|18\/100\n|move|p1a: Grimmsnarl|Spirit Break|p2a: Lightly\n|-resisted|p2a: Lightly\n|-crit|p2a: Lightly\n|-damage|p2a: Lightly|0 fnt\n|faint|p2a: Lightly\n|-end|p2a: Lightly|Quark Drive|[silent]\n|\n|-sideend|p1: SceptileKyle|Reflect\n|upkeep\n|\n|t:|1700192750\n|switch|p2a: Gidle|Alomomola, F, shiny|40\/100 par\n|turn|34\n|\n|t:|1700192761\n|switch|p1a: Lycanroc|Lycanroc, M|100\/100\n|-damage|p1a: Lycanroc|88\/100|[from] Stealth Rock\n|move|p2a: Gidle|Wish|p2a: Gidle\n|\n|-heal|p2a: Gidle|46\/100 par|[from] item: Leftovers\n|upkeep\n|turn|35\n|\n|t:|1700192767\n|move|p1a: Lycanroc|Swords Dance|p1a: Lycanroc\n|-boost|p1a: Lycanroc|atk|2\n|move|p2a: Gidle|Scald|p1a: Lycanroc\n|-supereffective|p1a: Lycanroc\n|-damage|p1a: Lycanroc|40\/100\n|\n|-heal|p2a: Gidle|96\/100 par|[from] move: Wish|[wisher] Gidle\n|-heal|p2a: Gidle|100\/100 par|[from] item: Leftovers\n|upkeep\n|turn|36\n|\n|t:|1700192781\n|move|p1a: Lycanroc|Stone Edge|p2a: Gidle\n|-damage|p2a: Gidle|31\/100 par\n|-damage|p1a: Lycanroc|30\/100|[from] item: Life Orb\n|move|p2a: Gidle|Flip Turn|p1a: Lycanroc\n|-supereffective|p1a: Lycanroc\n|-damage|p1a: Lycanroc|0 fnt\n|faint|p1a: Lycanroc\n|\n|t:|1700192791\n|switch|p2a: Greedo|Chesnaught, M|93\/100|[from] Flip Turn\n|\n|-heal|p2a: Greedo|99\/100|[from] item: Leftovers\n|upkeep\n|\n|t:|1700192796\n|switch|p1a: Grimmsnarl|Grimmsnarl, M|58\/100\n|-damage|p1a: Grimmsnarl|46\/100|[from] Stealth Rock\n|turn|37\n|-message|SceptileKyle forfeited.\n|\n|win|Puptup\n|l|\u2606SceptileKyle\n","uploadtime":1700192808,"views":14,"p1id":"sceptilekyle","p2id":"puptup","formatid":"gen9anythinggoes","rating":0,"private":0,"password":""}