{"id":"gen9anythinggoes-1995231126","p1":"Hamza Racing","p2":"BrainwashedChronoa","format":"[Gen 9] Anything Goes","log":"|j|\u2606Hamza Racing\n|j|\u2606BrainwashedChronoa\n|t:|1700537569\n|gametype|singles\n|player|p1|Hamza Racing|infielder|\n|player|p2|BrainwashedChronoa|102|\n|teamsize|p1|6\n|teamsize|p2|6\n|gen|9\n|tier|[Gen 9] Anything Goes\n|rule|HP Percentage Mod: HP is shown in percentages\n|rule|Endless Battle Clause: Forcing endless battles is banned\n|clearpoke\n|poke|p1|Ceruledge, M|\n|poke|p1|Miraidon|\n|poke|p1|Gliscor, F|\n|poke|p1|Samurott-Hisui, F|\n|poke|p1|Kingambit, M|\n|poke|p1|Sneasler, M|\n|poke|p2|Ursaluna, M|\n|poke|p2|Skeledirge, F|\n|poke|p2|Palafin, M|\n|poke|p2|Ogerpon, F|\n|poke|p2|Annihilape, F|\n|poke|p2|Miraidon|\n|teampreview\n|inactive|Battle timer is ON: inactive players will automatically lose when time's up. (requested by Hamza Racing)\n|\n|t:|1700537587\n|start\n|switch|p1a: Skorponok|Gliscor, F, shiny|100\/100\n|switch|p2a: Palafin|Palafin, M|100\/100\n|turn|1\n|\n|t:|1700537601\n|switch|p1a: Samurott|Samurott-Hisui, F|100\/100\n|move|p2a: Palafin|Flip Turn|p1a: Samurott\n|-resisted|p1a: Samurott\n|-damage|p1a: Samurott|86\/100\n|\n|t:|1700537615\n|detailschange|p2a: Palafin|Palafin-Hero, M\n|switch|p2a: Miraidon|Miraidon|100\/100|[from] Flip Turn\n|-fieldstart|move: Electric Terrain|[from] ability: Hadron Engine|[of] p2a: Miraidon\n|\n|upkeep\n|turn|2\n|\n|t:|1700537623\n|switch|p1a: Skorponok|Gliscor, F, shiny|100\/100\n|move|p2a: Miraidon|Electro Drift|p1a: Skorponok\n|-immune|p1a: Skorponok\n|\n|-status|p1a: Skorponok|tox|[from] item: Toxic Orb\n|upkeep\n|turn|3\n|\n|t:|1700537646\n|switch|p2a: Ogerpon|Ogerpon, F|100\/100\n|move|p1a: Skorponok|Stealth Rock|p2a: Ogerpon\n|-sidestart|p2: BrainwashedChronoa|move: Stealth Rock\n|\n|upkeep\n|turn|4\n|\n|t:|1700537654\n|move|p2a: Ogerpon|Ivy Cudgel|p1a: Skorponok\n|-crit|p1a: Skorponok\n|-damage|p1a: Skorponok|24\/100 tox\n|move|p1a: Skorponok|Knock Off|p2a: Ogerpon\n|-damage|p2a: Ogerpon|72\/100\n|-enditem|p2a: Ogerpon|Choice Band|[from] move: Knock Off|[of] p1a: Skorponok\n|\n|-heal|p1a: Skorponok|36\/100 tox|[from] ability: Poison Heal\n|upkeep\n|turn|5\n|\n|t:|1700537670\n|switch|p1a: Fave|Ceruledge, M|100\/100\n|move|p2a: Ogerpon|Ivy Cudgel|p1a: Fave\n|-resisted|p1a: Fave\n|-damage|p1a: Fave|64\/100\n|-ability|p1a: Fave|Weak Armor|boost\n|-unboost|p1a: Fave|def|1\n|-boost|p1a: Fave|spe|2\n|\n|-fieldend|move: Electric Terrain\n|upkeep\n|turn|6\n|\n|t:|1700537685\n|move|p1a: Fave|Bitter Blade|p2a: Ogerpon\n|-supereffective|p2a: Ogerpon\n|-damage|p2a: Ogerpon|0 fnt\n|-heal|p1a: Fave|100\/100|[from] drain|[of] p2a: Ogerpon\n|faint|p2a: Ogerpon\n|\n|upkeep\n|\n|t:|1700537691\n|switch|p2a: Skeledirge|Skeledirge, F|100\/100\n|turn|7\n|\n|t:|1700537695\n|move|p1a: Fave|Poltergeist|p2a: Skeledirge\n|-activate|p2a: Skeledirge|move: Poltergeist|Heavy-Duty Boots\n|-supereffective|p2a: Skeledirge\n|-damage|p2a: Skeledirge|13\/100\n|move|p2a: Skeledirge|Earthquake|p1a: Fave\n|-supereffective|p1a: Fave\n|-damage|p1a: Fave|50\/100\n|-ability|p1a: Fave|Weak Armor|boost\n|-unboost|p1a: Fave|def|1\n|-boost|p1a: Fave|spe|2\n|\n|upkeep\n|turn|8\n|\n|t:|1700537710\n|move|p1a: Fave|Bitter Blade|p2a: Skeledirge\n|-resisted|p2a: Skeledirge\n|-damage|p2a: Skeledirge|0 fnt\n|-heal|p1a: Fave|59\/100|[from] drain|[of] p2a: Skeledirge\n|faint|p2a: Skeledirge\n|\n|upkeep\n|\n|t:|1700537721\n|switch|p2a: Palafin|Palafin-Hero, M|100\/100\n|-damage|p2a: Palafin|88\/100|[from] Stealth Rock\n|-activate|p2a: Palafin|ability: Zero to Hero\n|turn|9\n|\n|t:|1700537734\n|switch|p1a: Miraidon|Miraidon|100\/100\n|-fieldstart|move: Electric Terrain|[from] ability: Hadron Engine|[of] p1a: Miraidon\n|move|p2a: Palafin|Wave Crash|p1a: Miraidon\n|-resisted|p1a: Miraidon\n|-damage|p1a: Miraidon|64\/100\n|-damage|p2a: Palafin|76\/100|[from] Recoil\n|\n|-heal|p1a: Miraidon|70\/100|[from] item: Leftovers\n|upkeep\n|turn|10\n|\n|t:|1700537754\n|switch|p2a: Ursaluna|Ursaluna, M|100\/100\n|-damage|p2a: Ursaluna|94\/100|[from] Stealth Rock\n|move|p1a: Miraidon|Volt Switch|p2a: Ursaluna\n|-immune|p2a: Ursaluna\n|\n|-heal|p1a: Miraidon|76\/100|[from] item: Leftovers\n|-status|p2a: Ursaluna|tox|[from] item: Toxic Orb\n|upkeep\n|turn|11\n|\n|t:|1700537766\n|switch|p1a: Skorponok|Gliscor, F, shiny|36\/100 tox\n|move|p2a: Ursaluna|Swords Dance|p2a: Ursaluna\n|-boost|p2a: Ursaluna|atk|2\n|\n|-heal|p1a: Skorponok|49\/100 tox|[from] ability: Poison Heal\n|-damage|p2a: Ursaluna|88\/100 tox|[from] psn\n|upkeep\n|turn|12\n|\n|t:|1700537775\n|move|p1a: Skorponok|Earthquake|p2a: Ursaluna\n|-damage|p2a: Ursaluna|67\/100 tox\n|move|p2a: Ursaluna|Facade|p1a: Skorponok\n|-damage|p1a: Skorponok|0 fnt\n|faint|p1a: Skorponok\n|\n|-damage|p2a: Ursaluna|55\/100 tox|[from] psn\n|upkeep\n|\n|t:|1700537780\n|switch|p1a: Sneasler|Sneasler, M|100\/100\n|-enditem|p1a: Sneasler|Electric Seed\n|-boost|p1a: Sneasler|def|1|[from] item: Electric Seed\n|turn|13\n|\n|t:|1700537790\n|move|p1a: Sneasler|Close Combat|p2a: Ursaluna\n|-supereffective|p2a: Ursaluna\n|-crit|p2a: Ursaluna\n|-damage|p2a: Ursaluna|0 fnt\n|-unboost|p1a: Sneasler|def|1\n|-unboost|p1a: Sneasler|spd|1\n|faint|p2a: Ursaluna\n|\n|-fieldend|move: Electric Terrain\n|upkeep\n|\n|t:|1700537807\n|switch|p2a: Annihilape|Annihilape, F|100\/100\n|-damage|p2a: Annihilape|94\/100|[from] Stealth Rock\n|turn|14\n|\n|t:|1700537815\n|move|p1a: Sneasler|Acrobatics|p2a: Annihilape\n|-supereffective|p2a: Annihilape\n|-damage|p2a: Annihilape|17\/100\n|move|p2a: Annihilape|Rage Fist|p1a: Sneasler\n|-damage|p1a: Sneasler|34\/100\n|\n|-heal|p2a: Annihilape|24\/100|[from] item: Leftovers\n|upkeep\n|turn|15\n|\n|t:|1700537824\n|move|p1a: Sneasler|Acrobatics|p2a: Annihilape\n|-supereffective|p2a: Annihilape\n|-damage|p2a: Annihilape|0 fnt\n|faint|p2a: Annihilape\n|\n|upkeep\n|\n|t:|1700537836\n|switch|p2a: Miraidon|Miraidon|100\/100\n|-damage|p2a: Miraidon|88\/100|[from] Stealth Rock\n|-fieldstart|move: Electric Terrain|[from] ability: Hadron Engine|[of] p2a: Miraidon\n|turn|16\n|\n|t:|1700537849\n|move|p1a: Sneasler|Dire Claw|p2a: Miraidon\n|-damage|p2a: Miraidon|43\/100\n|move|p2a: Miraidon|U-turn|p1a: Sneasler\n|-resisted|p1a: Sneasler\n|-damage|p1a: Sneasler|29\/100\n|\n|t:|1700537856\n|switch|p2a: Palafin|Palafin-Hero, M|76\/100|[from] U-turn\n|-damage|p2a: Palafin|64\/100|[from] Stealth Rock\n|\n|upkeep\n|turn|17\n|\n|t:|1700537864\n|move|p1a: Sneasler|Dire Claw|p2a: Palafin\n|-damage|p2a: Palafin|14\/100\n|move|p2a: Palafin|Iron Head|p1a: Sneasler\n|-damage|p1a: Sneasler|0 fnt\n|faint|p1a: Sneasler\n|\n|upkeep\n|\n|t:|1700537880\n|switch|p1a: Fave|Ceruledge, M|59\/100\n|turn|18\n|inactive|Hamza Racing has 270 seconds left.\n|\n|t:|1700537934\n|-terastallize|p1a: Fave|Bug\n|move|p2a: Palafin|Iron Head|p1a: Fave\n|-damage|p1a: Fave|5\/100\n|-ability|p1a: Fave|Weak Armor|boost\n|-unboost|p1a: Fave|def|1\n|-boost|p1a: Fave|spe|2\n|move|p1a: Fave|Swords Dance|p1a: Fave\n|-boost|p1a: Fave|atk|2\n|\n|upkeep\n|turn|19\n|\n|t:|1700537945\n|move|p1a: Fave|Bitter Blade|p2a: Palafin\n|-resisted|p2a: Palafin\n|-damage|p2a: Palafin|0 fnt\n|-heal|p1a: Fave|14\/100|[from] drain|[of] p2a: Palafin\n|faint|p2a: Palafin\n|\n|upkeep\n|\n|t:|1700537952\n|switch|p2a: Miraidon|Miraidon|43\/100\n|-damage|p2a: Miraidon|31\/100|[from] Stealth Rock\n|-activate|p2a: Miraidon|ability: Hadron Engine\n|turn|20\n|\n|t:|1700537966\n|-terastallize|p2a: Miraidon|Electric\n|move|p1a: Fave|Poltergeist|p2a: Miraidon|[miss]\n|-miss|p1a: Fave|p2a: Miraidon\n|move|p2a: Miraidon|Electro Drift|p1a: Fave\n|-damage|p1a: Fave|0 fnt\n|faint|p1a: Fave\n|\n|-fieldend|move: Electric Terrain\n|upkeep\n|\n|t:|1700537975\n|switch|p1a: Samurott|Samurott-Hisui, F|86\/100\n|turn|21\n|\n|t:|1700537978\n|move|p1a: Samurott|Aqua Jet|p2a: Miraidon\n|-damage|p2a: Miraidon|13\/100\n|move|p2a: Miraidon|Electro Drift|p1a: Samurott\n|-supereffective|p1a: Samurott\n|-damage|p1a: Samurott|0 fnt\n|faint|p1a: Samurott\n|\n|upkeep\n|\n|t:|1700537987\n|switch|p1a: Kingambit|Kingambit, M|100\/100\n|-activate|p1a: Kingambit|ability: Supreme Overlord\n|-start|p1a: Kingambit|fallen4|[silent]\n|turn|22\n|\n|t:|1700537992\n|move|p1a: Kingambit|Sucker Punch|p2a: Miraidon\n|-damage|p2a: Miraidon|0 fnt\n|faint|p2a: Miraidon\n|\n|win|Hamza Racing\n|l|\u2606Hamza Racing\n|j|\u2606Hamza Racing\n|player|p1|Hamza Racing|infielder\n","uploadtime":1700538003,"views":3,"p1id":"hamzaracing","p2id":"brainwashedchronoa","formatid":"gen9anythinggoes","rating":0,"private":0,"password":""}