{"id":"gen9anythinggoes-1986691940","p1":"theSega","p2":"TheWafflwz","format":"[Gen 9] Anything Goes","log":"|j|\u2606theSega\n|j|\u2606TheWafflwz\n|t:|1699508669\n|gametype|singles\n|player|p1|theSega|102|1122\n|player|p2|TheWafflwz|iris|1093\n|teamsize|p1|6\n|teamsize|p2|6\n|gen|9\n|tier|[Gen 9] Anything Goes\n|rated|\n|rule|HP Percentage Mod: HP is shown in percentages\n|rule|Endless Battle Clause: Forcing endless battles is banned\n|clearpoke\n|poke|p1|Manaphy|\n|poke|p1|Cloyster, M|\n|poke|p1|Veluza, F|\n|poke|p1|Wugtrio, M|\n|poke|p1|Basculegion, M|\n|poke|p1|Drednaw, F|\n|poke|p2|Ogerpon-Hearthflame, F|\n|poke|p2|Tinkaton, F|\n|poke|p2|Cinderace, F|\n|poke|p2|Drifblim, F|\n|poke|p2|Gliscor, F|\n|poke|p2|Trevenant, F|\n|teampreview\n|inactive|Battle timer is ON: inactive players will automatically lose when time's up. (requested by TheWafflwz)\n|inactive|theSega has 120 seconds left.\n|\n|t:|1699508701\n|start\n|switch|p1a: Veluza|Veluza, F|100\/100\n|switch|p2a: Gliscor|Gliscor, F|100\/100\n|turn|1\n|\n|t:|1699508710\n|move|p2a: Gliscor|Swords Dance|p2a: Gliscor\n|-boost|p2a: Gliscor|atk|2\n|move|p1a: Veluza|Fillet Away|p1a: Veluza\n|-boost|p1a: Veluza|atk|2\n|-boost|p1a: Veluza|spa|2\n|-boost|p1a: Veluza|spe|2\n|-damage|p1a: Veluza|51\/100\n|\n|-status|p2a: Gliscor|tox|[from] item: Toxic Orb\n|upkeep\n|turn|2\n|\n|t:|1699508730\n|move|p1a: Veluza|Aqua Cutter|p2a: Gliscor\n|-supereffective|p2a: Gliscor\n|-damage|p2a: Gliscor|0 fnt\n|faint|p2a: Gliscor\n|\n|upkeep\n|\n|t:|1699508738\n|switch|p2a: Trevenant|Trevenant, F|100\/100\n|turn|3\n|\n|t:|1699508742\n|move|p1a: Veluza|Night Slash|p2a: Trevenant\n|-supereffective|p2a: Trevenant\n|-damage|p2a: Trevenant|0 fnt\n|faint|p2a: Trevenant\n|\n|upkeep\n|\n|t:|1699508753\n|switch|p2a: Tinkaton|Tinkaton, F|100\/100\n|-ability|p2a: Tinkaton|Mold Breaker\n|turn|4\n|\n|t:|1699508757\n|-terastallize|p1a: Veluza|Water\n|move|p2a: Tinkaton|Fake Out|p1a: Veluza\n|-damage|p1a: Veluza|38\/100\n|-enditem|p1a: Veluza|Sitrus Berry|[eat]\n|-heal|p1a: Veluza|62\/100|[from] item: Sitrus Berry\n|cant|p1a: Veluza|flinch\n|\n|upkeep\n|turn|5\n|\n|t:|1699508770\n|move|p1a: Veluza|Aqua Cutter|p2a: Tinkaton\n|-enditem|p2a: Tinkaton|Focus Sash\n|-damage|p2a: Tinkaton|1\/100\n|move|p2a: Tinkaton|Knock Off|p1a: Veluza\n|-damage|p1a: Veluza|44\/100\n|\n|upkeep\n|turn|6\n|\n|t:|1699508781\n|move|p1a: Veluza|Aqua Cutter|p2a: Tinkaton\n|-damage|p2a: Tinkaton|0 fnt\n|faint|p2a: Tinkaton\n|\n|upkeep\n|\n|t:|1699508785\n|switch|p2a: Cinderace|Cinderace, F|100\/100\n|turn|7\n|\n|t:|1699508788\n|move|p1a: Veluza|Aqua Cutter|p2a: Cinderace\n|-supereffective|p2a: Cinderace\n|-damage|p2a: Cinderace|0 fnt\n|faint|p2a: Cinderace\n|\n|upkeep\n|\n|t:|1699508790\n|switch|p2a: Drifblim|Drifblim, F|100\/100\n|turn|8\n|\n|t:|1699508794\n|move|p1a: Veluza|Night Slash|p2a: Drifblim\n|-supereffective|p2a: Drifblim\n|-crit|p2a: Drifblim\n|-damage|p2a: Drifblim|0 fnt\n|-damage|p1a: Veluza|19\/100|[from] ability: Aftermath|[of] p2a: Drifblim\n|faint|p2a: Drifblim\n|\n|upkeep\n|\n|t:|1699508798\n|switch|p2a: Ogerpon|Ogerpon-Hearthflame, F|100\/100\n|-ability|p2a: Ogerpon|Mold Breaker\n|turn|9\n|c|\u2606TheWafflwz|Suck my balls\n|-message|TheWafflwz forfeited.\n|\n|win|theSega\n|raw|theSega's rating: 1122 &rarr; <strong>1145<\/strong><br \/>(+23 for winning)\n|raw|TheWafflwz's rating: 1093 &rarr; <strong>1071<\/strong><br \/>(-22 for losing)\n|l|\u2606TheWafflwz\n","uploadtime":1699508804,"views":7,"p1id":"thesega","p2id":"thewafflwz","formatid":"gen9anythinggoes","rating":1071,"private":0,"password":""}