{"id":"gen9anythinggoes-1995569643","p1":"barkysharky","p2":"Fred64303","format":"[Gen 9] Anything Goes","log":"|j|\u2606barkysharky\n|j|\u2606Fred64303\n|t:|1700583738\n|gametype|singles\n|player|p1|barkysharky|clerk|1130\n|player|p2|Fred64303|lucas|1220\n|teamsize|p1|6\n|teamsize|p2|6\n|gen|9\n|tier|[Gen 9] Anything Goes\n|rated|\n|rule|HP Percentage Mod: HP is shown in percentages\n|rule|Endless Battle Clause: Forcing endless battles is banned\n|clearpoke\n|poke|p1|Talonflame, F|\n|poke|p1|Clawitzer, M|\n|poke|p1|Annihilape, M|\n|poke|p1|Lurantis, F|\n|poke|p1|Urshifu-*, F|\n|poke|p1|Basculin-White-Striped, M|\n|poke|p2|Talonflame, M|\n|poke|p2|Koraidon|\n|poke|p2|Calyrex-Shadow|\n|poke|p2|Scizor, F|\n|poke|p2|Miraidon|\n|poke|p2|Meowscarada, F|\n|teampreview\n|inactive|Battle timer is ON: inactive players will automatically lose when time's up. (requested by Fred64303)\n|j| Scorpion257\n|c|\u2606barkysharky|yoooooo\n|\n|t:|1700583756\n|start\n|switch|p1a: big red|Talonflame, F, shiny|100\/100\n|switch|p2a: Talonflame|Talonflame, M, shiny|100\/100\n|turn|1\n|c|\u2606barkysharky|acorbatics?\n|\n|t:|1700583778\n|-terastallize|p2a: Talonflame|Ground\n|move|p2a: Talonflame|Fly||[still]\n|-prepare|p2a: Talonflame|Fly\n|move|p1a: big red|Acrobatics|p2a: Talonflame|[miss]\n|-miss|p1a: big red|p2a: Talonflame\n|\n|upkeep\n|turn|2\n|c|\u2606barkysharky|ooooo diferent move\n|inactive|barkysharky has 120 seconds left.\n|\n|t:|1700583799\n|move|p2a: Talonflame|Fly|p1a: big red|[from]lockedmove\n|-damage|p1a: big red|17\/100\n|move|p1a: big red|Swords Dance|p1a: big red\n|-boost|p1a: big red|atk|2\n|\n|upkeep\n|turn|3\n|\n|t:|1700583808\n|move|p2a: Talonflame|Fly||[still]\n|-prepare|p2a: Talonflame|Fly\n|move|p1a: big red|Brave Bird|p2a: Talonflame|[miss]\n|-miss|p1a: big red|p2a: Talonflame\n|\n|upkeep\n|turn|4\n|\n|t:|1700583818\n|move|p2a: Talonflame|Fly|p1a: big red|[from]lockedmove\n|-damage|p1a: big red|0 fnt\n|faint|p1a: big red\n|\n|upkeep\n|inactive|barkysharky has 120 seconds left.\n|\n|t:|1700583837\n|switch|p1a: the CLAWWW|Clawitzer, M, shiny|100\/100\n|turn|5\n|\n|t:|1700583843\n|switch|p2a: Meowscarada|Meowscarada, F|100\/100\n|move|p1a: the CLAWWW|Water Pulse|p2a: Meowscarada\n|-resisted|p2a: Meowscarada\n|-damage|p2a: Meowscarada|36\/100\n|\n|upkeep\n|turn|6\n|inactive|barkysharky has 120 seconds left.\n|\n|t:|1700583859\n|move|p2a: Meowscarada|Flower Trick|p1a: the CLAWWW\n|-start|p2a: Meowscarada|typechange|Grass|[from] ability: Protean\n|-supereffective|p1a: the CLAWWW\n|-crit|p1a: the CLAWWW\n|-damage|p1a: the CLAWWW|0 fnt\n|faint|p1a: the CLAWWW\n|-damage|p2a: Meowscarada|26\/100|[from] item: Life Orb\n|\n|upkeep\n|inactive|barkysharky has 120 seconds left.\n|\n|t:|1700583874\n|switch|p1a: funky monkey|Annihilape, M, shiny|100\/100\n|turn|7\n|inactive|barkysharky has 120 seconds left.\n|\n|t:|1700583887\n|move|p2a: Meowscarada|Flower Trick|p1a: funky monkey\n|-crit|p1a: funky monkey\n|-damage|p1a: funky monkey|24\/100\n|-damage|p2a: Meowscarada|17\/100|[from] item: Life Orb\n|move|p1a: funky monkey|Rage Fist|p2a: Meowscarada\n|-damage|p2a: Meowscarada|0 fnt\n|faint|p2a: Meowscarada\n|\n|upkeep\n|\n|t:|1700583898\n|switch|p2a: Talonflame|Talonflame, M, shiny, tera:Ground|100\/100\n|turn|8\n|inactive|barkysharky has 120 seconds left.\n|\n|t:|1700583909\n|move|p2a: Talonflame|Dual Wingbeat|p1a: funky monkey\n|-supereffective|p1a: funky monkey\n|-damage|p1a: funky monkey|0 fnt\n|faint|p1a: funky monkey\n|-hitcount|p1: funky monkey|1\n|\n|upkeep\n|inactive|barkysharky has 120 seconds left.\n|\n|t:|1700583920\n|switch|p1a: on the contary|Lurantis, F, shiny|100\/100\n|turn|9\n|inactive|barkysharky has 120 seconds left.\n|\n|t:|1700583935\n|move|p2a: Talonflame|Dual Wingbeat|p1a: on the contary\n|-supereffective|p1a: on the contary\n|-damage|p1a: on the contary|30\/100\n|-supereffective|p1a: on the contary\n|-damage|p1a: on the contary|0 fnt\n|faint|p1a: on the contary\n|-hitcount|p1: on the contary|2\n|\n|upkeep\n|\n|t:|1700583948\n|switch|p1a: smokey bear|Urshifu-Rapid-Strike, F|100\/100\n|turn|10\n|\n|t:|1700583955\n|move|p2a: Talonflame|Dual Wingbeat|p1a: smokey bear|[miss]\n|-miss|p2a: Talonflame|p1a: smokey bear\n|move|p1a: smokey bear|Surging Strikes|p2a: Talonflame\n|-supereffective|p2a: Talonflame\n|-crit|p2a: Talonflame\n|-damage|p2a: Talonflame|9\/100\n|-supereffective|p2a: Talonflame\n|-crit|p2a: Talonflame\n|-damage|p2a: Talonflame|0 fnt\n|faint|p2a: Talonflame\n|-hitcount|p2: Talonflame|2\n|\n|upkeep\n|\n|t:|1700583973\n|switch|p2a: Calyrex|Calyrex-Shadow|100\/100\n|-ability|p2a: Calyrex|As One\n|-ability|p2a: Calyrex|Unnerve\n|turn|11\n|inactive|barkysharky has 120 seconds left.\n|\n|t:|1700583989\n|move|p2a: Calyrex|Astral Barrage|p1a: smokey bear\n|-damage|p1a: smokey bear|0 fnt\n|faint|p1a: smokey bear\n|-ability|p2a: Calyrex|Grim Neigh|boost\n|-boost|p2a: Calyrex|spa|1\n|\n|upkeep\n|inactive|barkysharky has 120 seconds left.\n|\n|t:|1700584000\n|switch|p1a: death has arived|Basculin-White-Striped, M, shiny|100\/100\n|turn|12\n|\n|t:|1700584007\n|-terastallize|p1a: death has arived|Ghost\n|move|p2a: Calyrex|Astral Barrage|p1a: death has arived\n|-supereffective|p1a: death has arived\n|-damage|p1a: death has arived|0 fnt\n|faint|p1a: death has arived\n|\n|win|Fred64303\n|raw|barkysharky's rating: 1130 &rarr; <strong>1111<\/strong><br \/>(-19 for losing)\n|raw|Fred64303's rating: 1220 &rarr; <strong>1239<\/strong><br \/>(+19 for winning)\n|l| Scorpion257\n","uploadtime":1700584021,"views":0,"p1id":"barkysharky","p2id":"fred64303","formatid":"gen9anythinggoes","rating":1111,"private":0,"password":""}