{"id":"gen9anythinggoes-1976418987","p1":"Captain Carbs","p2":"thewinnerofwinning","format":"[Gen 9] Anything Goes","log":"|j|\u2606Captain Carbs\n|j|\u2606thewinnerofwinning\n|t:|1698300034\n|gametype|singles\n|player|p1|Captain Carbs|hiker-gen4|1350\n|player|p2|thewinnerofwinning|169|1402\n|teamsize|p1|6\n|teamsize|p2|6\n|gen|9\n|tier|[Gen 9] Anything Goes\n|rated|\n|rule|HP Percentage Mod: HP is shown in percentages\n|rule|Endless Battle Clause: Forcing endless battles is banned\n|clearpoke\n|poke|p1|Shaymin-Sky|\n|poke|p1|Mewtwo|\n|poke|p1|Gyarados, F|\n|poke|p1|Scovillain, F|\n|poke|p1|Scizor, F|\n|poke|p1|Calyrex-Shadow|\n|poke|p2|Dondozo, F|\n|poke|p2|Blissey, F|\n|poke|p2|Cinderace, M|\n|poke|p2|Primeape, F|\n|poke|p2|Zoroark-Hisui, M|\n|poke|p2|Gholdengo|\n|teampreview\n|inactive|Battle timer is ON: inactive players will automatically lose when time's up. (requested by Captain Carbs)\n|\n|t:|1698300045\n|start\n|switch|p1a:  |Calyrex-Shadow|100\/100\n|switch|p2a: Primeape|Primeape, F|100\/100\n|-ability|p1a:  |As One\n|-ability|p1a:  |Unnerve\n|turn|1\n|\n|t:|1698300052\n|-terastallize|p1a:  |Fire\n|move|p1a:  |Substitute|p1a:  \n|-start|p1a:  |Substitute\n|-damage|p1a:  |76\/100\n|move|p2a: Primeape|Shadow Ball|p1a:  \n|-end|p1a:  |Substitute\n|\n|upkeep\n|turn|2\n|\n|t:|1698300062\n|move|p1a:  |Trick|p2a: Primeape\n|-activate|p1a:  |move: Trick|[of] p2a: Primeape\n|-item|p2a: Primeape|Flame Orb|[from] move: Trick\n|-item|p1a:  |Choice Specs|[from] move: Trick\n|move|p2a: Primeape|Shadow Ball|p1a:  \n|-damage|p1a:  |35\/100\n|-unboost|p1a:  |spd|1\n|\n|-status|p2a: Primeape|brn|[from] item: Flame Orb\n|upkeep\n|turn|3\n|\n|t:|1698300078\n|switch|p2a: Blissey|Blissey, F|100\/100\n|move|p1a:  |Leech Seed|p2a: Blissey\n|-start|p2a: Blissey|move: Leech Seed\n|\n|-damage|p2a: Blissey|88\/100|[from] Leech Seed|[of] p1a:  \n|-heal|p1a:  |61\/100|[silent]\n|upkeep\n|turn|4\n|\n|t:|1698300087\n|switch|p1a: Shiny|Shaymin-Sky, shiny|100\/100\n|switch|p2a: Gholdengo|Gholdengo|100\/100\n|\n|upkeep\n|turn|5\n|\n|t:|1698300092\n|move|p1a: Shiny|Earth Power|p2a: Gholdengo\n|-supereffective|p2a: Gholdengo\n|-damage|p2a: Gholdengo|19\/100\n|move|p2a: Gholdengo|Make It Rain|p1a: Shiny\n|-damage|p1a: Shiny|20\/100\n|-unboost|p2a: Gholdengo|spa|1\n|\n|upkeep\n|turn|6\n|\n|t:|1698300099\n|-terastallize|p2a: Gholdengo|Flying\n|move|p1a: Shiny|Earth Power|p2a: Gholdengo\n|-immune|p2a: Gholdengo\n|move|p2a: Gholdengo|Make It Rain|p1a: Shiny\n|-damage|p1a: Shiny|0 fnt\n|-unboost|p2a: Gholdengo|spa|1\n|faint|p1a: Shiny\n|\n|upkeep\n|\n|t:|1698300105\n|switch|p1a: Red Mantis Lady|Scizor, F|100\/100\n|turn|7\n|\n|t:|1698300108\n|switch|p2a: Cinderace|Cinderace, M|100\/100\n|move|p1a: Red Mantis Lady|Bullet Punch|p2a: Cinderace\n|-resisted|p2a: Cinderace\n|-damage|p2a: Cinderace|77\/100\n|\n|upkeep\n|turn|8\n|\n|t:|1698300116\n|switch|p2a: Dondozo|Dondozo, F|100\/100\n|switch|p1a:  |Calyrex-Shadow, tera:Fire|61\/100\n|-ability|p1a:  |As One\n|-ability|p1a:  |Unnerve\n|\n|upkeep\n|turn|9\n|\n|t:|1698300124\n|move|p1a:  |Trick|p2a: Dondozo\n|-activate|p1a:  |move: Trick|[of] p2a: Dondozo\n|-item|p2a: Dondozo|Choice Specs|[from] move: Trick\n|-item|p1a:  |Leftovers|[from] move: Trick\n|move|p2a: Dondozo|Liquidation|p1a:  \n|-supereffective|p1a:  \n|-damage|p1a:  |8\/100\n|\n|-heal|p1a:  |14\/100|[from] item: Leftovers\n|upkeep\n|turn|10\n|\n|t:|1698300133\n|switch|p2a: Gholdengo|Gholdengo, tera:Flying|19\/100\n|move|p1a:  |Protect||[still]\n|-fail|p1a:  \n|\n|-heal|p1a:  |20\/100|[from] item: Leftovers\n|upkeep\n|turn|11\n|\n|t:|1698300142\n|move|p1a:  |Protect|p1a:  \n|-singleturn|p1a:  |Protect\n|move|p2a: Gholdengo|Make It Rain|p1a:  \n|-activate|p1a:  |move: Protect\n|\n|-heal|p1a:  |26\/100|[from] item: Leftovers\n|upkeep\n|turn|12\n|\n|t:|1698300144\n|move|p2a: Gholdengo|Make It Rain|p1a:  \n|-resisted|p1a:  \n|-damage|p1a:  |0 fnt\n|-unboost|p2a: Gholdengo|spa|1\n|faint|p1a:  \n|\n|upkeep\n|\n|t:|1698300149\n|switch|p1a: Red Mantis Lady|Scizor, F|100\/100\n|turn|13\n|\n|t:|1698300152\n|switch|p2a: Dondozo|Dondozo, F|100\/100\n|move|p1a: Red Mantis Lady|Double Team|p1a: Red Mantis Lady\n|-boost|p1a: Red Mantis Lady|evasion|1\n|\n|upkeep\n|turn|14\n|\n|t:|1698300158\n|move|p1a: Red Mantis Lady|Double Team|p1a: Red Mantis Lady\n|-boost|p1a: Red Mantis Lady|evasion|1\n|move|p2a: Dondozo|Yawn|p1a: Red Mantis Lady\n|-start|p1a: Red Mantis Lady|move: Yawn|[of] p2a: Dondozo\n|\n|upkeep\n|turn|15\n|\n|t:|1698300164\n|switch|p2a: Gholdengo|Gholdengo, tera:Flying|19\/100\n|move|p1a: Red Mantis Lady|Double Team|p1a: Red Mantis Lady\n|-boost|p1a: Red Mantis Lady|evasion|1\n|\n|-end|p1a: Red Mantis Lady|move: Yawn|[silent]\n|-status|p1a: Red Mantis Lady|slp\n|upkeep\n|turn|16\n|\n|t:|1698300169\n|cant|p1a: Red Mantis Lady|slp\n|move|p2a: Gholdengo|Trick|p1a: Red Mantis Lady|[miss]\n|-miss|p2a: Gholdengo|p1a: Red Mantis Lady\n|\n|upkeep\n|turn|17\n|\n|t:|1698300172\n|cant|p1a: Red Mantis Lady|slp\n|move|p2a: Gholdengo|Trick|p1a: Red Mantis Lady|[miss]\n|-miss|p2a: Gholdengo|p1a: Red Mantis Lady\n|\n|upkeep\n|turn|18\n|\n|t:|1698300175\n|cant|p1a: Red Mantis Lady|slp\n|move|p2a: Gholdengo|Trick|p1a: Red Mantis Lady|[miss]\n|-miss|p2a: Gholdengo|p1a: Red Mantis Lady\n|\n|upkeep\n|turn|19\n|\n|t:|1698300178\n|-curestatus|p1a: Red Mantis Lady|slp|[msg]\n|move|p1a: Red Mantis Lady|Bullet Punch|p2a: Gholdengo\n|-damage|p2a: Gholdengo|0 fnt\n|faint|p2a: Gholdengo\n|\n|upkeep\n|\n|t:|1698300193\n|switch|p2a: Cinderace|Cinderace, M|77\/100\n|turn|20\n|\n|t:|1698300203\n|move|p2a: Cinderace|Pyro Ball|p1a: Red Mantis Lady|[miss]\n|-miss|p2a: Cinderace|p1a: Red Mantis Lady\n|move|p1a: Red Mantis Lady|Agility|p1a: Red Mantis Lady\n|-boost|p1a: Red Mantis Lady|spe|2\n|\n|upkeep\n|turn|21\n|\n|t:|1698300211\n|move|p1a: Red Mantis Lady|Acrobatics|p2a: Cinderace\n|-damage|p2a: Cinderace|29\/100\n|move|p2a: Cinderace|Pyro Ball|p1a: Red Mantis Lady|[miss]\n|-miss|p2a: Cinderace|p1a: Red Mantis Lady\n|\n|upkeep\n|turn|22\n|\n|t:|1698300216\n|switch|p2a: Dondozo|Dondozo, F|100\/100\n|move|p1a: Red Mantis Lady|Acrobatics|p2a: Dondozo\n|-damage|p2a: Dondozo|83\/100\n|\n|upkeep\n|turn|23\n|\n|t:|1698300220\n|move|p1a: Red Mantis Lady|Acrobatics|p2a: Dondozo\n|-damage|p2a: Dondozo|64\/100\n|move|p2a: Dondozo|Curse|p2a: Dondozo\n|-unboost|p2a: Dondozo|spe|1\n|-boost|p2a: Dondozo|atk|1\n|-boost|p2a: Dondozo|def|1\n|\n|upkeep\n|turn|24\n|\n|t:|1698300233\n|switch|p1a: Space Cat|Mewtwo|100\/100\n|-ability|p1a: Space Cat|Pressure\n|move|p2a: Dondozo|Curse|p2a: Dondozo\n|-unboost|p2a: Dondozo|spe|1\n|-boost|p2a: Dondozo|atk|1\n|-boost|p2a: Dondozo|def|1\n|\n|upkeep\n|turn|25\n|\n|t:|1698300240\n|switch|p2a: Primeape|Primeape, F|100\/100 brn\n|move|p1a: Space Cat|Spite||[still]\n|-fail|p1a: Space Cat\n|\n|-damage|p2a: Primeape|95\/100 brn|[from] brn\n|upkeep\n|turn|26\n|\n|t:|1698300246\n|move|p2a: Primeape|Shadow Ball|p1a: Space Cat\n|-supereffective|p1a: Space Cat\n|-damage|p1a: Space Cat|27\/100\n|move|p1a: Space Cat|Substitute|p1a: Space Cat\n|-start|p1a: Space Cat|Substitute\n|-damage|p1a: Space Cat|2\/100\n|\n|-heal|p1a: Space Cat|8\/100|[from] item: Leftovers\n|-damage|p2a: Primeape|89\/100 brn|[from] brn\n|upkeep\n|turn|27\n|\n|t:|1698300251\n|move|p1a: Space Cat|Protect|p1a: Space Cat\n|-singleturn|p1a: Space Cat|Protect\n|move|p2a: Primeape|Hyper Voice|p1a: Space Cat\n|-activate|p1a: Space Cat|move: Protect\n|\n|-heal|p1a: Space Cat|14\/100|[from] item: Leftovers\n|-damage|p2a: Primeape|83\/100 brn|[from] brn\n|upkeep\n|turn|28\n|\n|t:|1698300254\n|move|p2a: Primeape|Hyper Voice|p1a: Space Cat\n|-damage|p1a: Space Cat|0 fnt\n|faint|p1a: Space Cat\n|\n|-damage|p2a: Primeape|77\/100 brn|[from] brn\n|upkeep\n|c|\u2606Captain Carbs|SMART\n|\n|t:|1698300262\n|switch|p1a: Shaniqua From HR|Gyarados, F|100\/100\n|turn|29\n|\n|t:|1698300266\n|switch|p2a: Dondozo|Dondozo, F|64\/100\n|move|p1a: Shaniqua From HR|Dragon Dance|p1a: Shaniqua From HR\n|-boost|p1a: Shaniqua From HR|atk|1\n|-boost|p1a: Shaniqua From HR|spe|1\n|\n|upkeep\n|turn|30\n|\n|t:|1698300269\n|move|p1a: Shaniqua From HR|Iron Head|p2a: Dondozo\n|-resisted|p2a: Dondozo\n|-damage|p2a: Dondozo|56\/100\n|move|p2a: Dondozo|Yawn|p1a: Shaniqua From HR\n|-start|p1a: Shaniqua From HR|move: Yawn|[of] p2a: Dondozo\n|\n|upkeep\n|turn|31\n|\n|t:|1698300279\n|switch|p1a: Moody Leftovers|Scovillain, F|100\/100\n|move|p2a: Dondozo|Yawn|p1a: Moody Leftovers\n|-start|p1a: Moody Leftovers|move: Yawn|[of] p2a: Dondozo\n|\n|-ability|p1a: Moody Leftovers|Moody|boost\n|-boost|p1a: Moody Leftovers|spe|2\n|-unboost|p1a: Moody Leftovers|def|1\n|upkeep\n|turn|32\n|\n|t:|1698300287\n|switch|p1a: Red Mantis Lady|Scizor, F|100\/100\n|switch|p2a: Blissey|Blissey, F|88\/100\n|\n|-heal|p2a: Blissey|94\/100|[from] item: Leftovers\n|upkeep\n|turn|33\n|\n|t:|1698300293\n|move|p1a: Red Mantis Lady|Double Team|p1a: Red Mantis Lady\n|-boost|p1a: Red Mantis Lady|evasion|1\n|move|p2a: Blissey|Thunder Wave|p1a: Red Mantis Lady|[miss]\n|-miss|p2a: Blissey|p1a: Red Mantis Lady\n|\n|-heal|p2a: Blissey|99\/100|[from] item: Leftovers\n|upkeep\n|turn|34\n|\n|t:|1698300298\n|switch|p2a: Dondozo|Dondozo, F|56\/100\n|move|p1a: Red Mantis Lady|Bullet Punch|p2a: Dondozo\n|-resisted|p2a: Dondozo\n|-damage|p2a: Dondozo|46\/100\n|\n|upkeep\n|turn|35\n|\n|t:|1698300305\n|move|p1a: Red Mantis Lady|Double Team|p1a: Red Mantis Lady\n|-boost|p1a: Red Mantis Lady|evasion|1\n|move|p2a: Dondozo|Yawn|p1a: Red Mantis Lady\n|-start|p1a: Red Mantis Lady|move: Yawn|[of] p2a: Dondozo\n|\n|upkeep\n|turn|36\n|\n|t:|1698300309\n|switch|p2a: Blissey|Blissey, F|99\/100\n|move|p1a: Red Mantis Lady|Double Team|p1a: Red Mantis Lady\n|-boost|p1a: Red Mantis Lady|evasion|1\n|\n|-heal|p2a: Blissey|100\/100|[from] item: Leftovers\n|-end|p1a: Red Mantis Lady|move: Yawn|[silent]\n|-status|p1a: Red Mantis Lady|slp\n|upkeep\n|turn|37\n|\n|t:|1698300316\n|cant|p1a: Red Mantis Lady|slp\n|move|p2a: Blissey|Seismic Toss|p1a: Red Mantis Lady\n|-damage|p1a: Red Mantis Lady|65\/100 slp\n|\n|upkeep\n|turn|38\n|\n|t:|1698300318\n|switch|p2a: Dondozo|Dondozo, F|46\/100\n|cant|p1a: Red Mantis Lady|slp\n|\n|upkeep\n|turn|39\n|\n|t:|1698300324\n|-curestatus|p1a: Red Mantis Lady|slp|[msg]\n|move|p1a: Red Mantis Lady|Bullet Punch|p2a: Dondozo\n|-resisted|p2a: Dondozo\n|-damage|p2a: Dondozo|35\/100\n|move|p2a: Dondozo|Yawn|p1a: Red Mantis Lady\n|-start|p1a: Red Mantis Lady|move: Yawn|[of] p2a: Dondozo\n|\n|upkeep\n|turn|40\n|\n|t:|1698300332\n|switch|p2a: Cinderace|Cinderace, M|29\/100\n|move|p1a: Red Mantis Lady|Bullet Punch|p2a: Cinderace\n|-resisted|p2a: Cinderace\n|-damage|p2a: Cinderace|3\/100\n|\n|-end|p1a: Red Mantis Lady|move: Yawn|[silent]\n|-status|p1a: Red Mantis Lady|slp\n|upkeep\n|turn|41\n|\n|t:|1698300335\n|cant|p1a: Red Mantis Lady|slp\n|move|p2a: Cinderace|Pyro Ball|p1a: Red Mantis Lady|[miss]\n|-miss|p2a: Cinderace|p1a: Red Mantis Lady\n|\n|upkeep\n|turn|42\n|\n|t:|1698300340\n|cant|p1a: Red Mantis Lady|slp\n|move|p2a: Cinderace|Pyro Ball|p1a: Red Mantis Lady|[miss]\n|-miss|p2a: Cinderace|p1a: Red Mantis Lady\n|\n|upkeep\n|turn|43\n|\n|t:|1698300343\n|switch|p2a: Dondozo|Dondozo, F|35\/100\n|-curestatus|p1a: Red Mantis Lady|slp|[msg]\n|move|p1a: Red Mantis Lady|Bullet Punch|p2a: Dondozo\n|-resisted|p2a: Dondozo\n|-damage|p2a: Dondozo|25\/100\n|\n|upkeep\n|turn|44\n|\n|t:|1698300345\n|move|p1a: Red Mantis Lady|Bullet Punch|p2a: Dondozo\n|-resisted|p2a: Dondozo\n|-damage|p2a: Dondozo|16\/100\n|move|p2a: Dondozo|Yawn|p1a: Red Mantis Lady\n|-start|p1a: Red Mantis Lady|move: Yawn|[of] p2a: Dondozo\n|\n|upkeep\n|turn|45\n|\n|t:|1698300351\n|switch|p2a: Primeape|Primeape, F|100\/100\n|move|p1a: Red Mantis Lady|Bullet Punch|p2a: Primeape\n|-damage|p2a: Primeape|58\/100\n|\n|-end|p1a: Red Mantis Lady|move: Yawn|[silent]\n|-status|p1a: Red Mantis Lady|slp\n|upkeep\n|turn|46\n|\n|t:|1698300354\n|switch|p2a: Dondozo|Dondozo, F|16\/100\n|cant|p1a: Red Mantis Lady|slp\n|\n|upkeep\n|turn|47\n|\n|t:|1698300357\n|cant|p1a: Red Mantis Lady|slp\n|move|p2a: Dondozo|Rest|p2a: Dondozo\n|-status|p2a: Dondozo|slp|[from] move: Rest\n|-heal|p2a: Dondozo|100\/100 slp|[silent]\n|\n|upkeep\n|turn|48\n|\n|t:|1698300362\n|-curestatus|p1a: Red Mantis Lady|slp|[msg]\n|move|p1a: Red Mantis Lady|Double Team|p1a: Red Mantis Lady\n|-boost|p1a: Red Mantis Lady|evasion|1\n|cant|p2a: Dondozo|slp\n|\n|upkeep\n|turn|49\n|\n|t:|1698300364\n|switch|p2a: Blissey|Blissey, F|100\/100\n|move|p1a: Red Mantis Lady|Double Team|p1a: Red Mantis Lady\n|-boost|p1a: Red Mantis Lady|evasion|1\n|\n|upkeep\n|turn|50\n|\n|t:|1698300372\n|switch|p2a: Dondozo|Dondozo, F|100\/100 slp\n|move|p1a: Red Mantis Lady|Bullet Punch|p2a: Dondozo\n|-resisted|p2a: Dondozo\n|-damage|p2a: Dondozo|90\/100 slp\n|\n|upkeep\n|turn|51\n|\n|t:|1698300378\n|switch|p1a: Shaniqua From HR|Gyarados, F|100\/100\n|cant|p2a: Dondozo|slp\n|\n|upkeep\n|turn|52\n|\n|t:|1698300380\n|move|p1a: Shaniqua From HR|Dragon Dance|p1a: Shaniqua From HR\n|-boost|p1a: Shaniqua From HR|atk|1\n|-boost|p1a: Shaniqua From HR|spe|1\n|-curestatus|p2a: Dondozo|slp|[msg]\n|move|p2a: Dondozo|Yawn|p1a: Shaniqua From HR\n|-start|p1a: Shaniqua From HR|move: Yawn|[of] p2a: Dondozo\n|\n|upkeep\n|turn|53\n|\n|t:|1698300383\n|move|p1a: Shaniqua From HR|Dragon Dance|p1a: Shaniqua From HR\n|-boost|p1a: Shaniqua From HR|atk|1\n|-boost|p1a: Shaniqua From HR|spe|1\n|move|p2a: Dondozo|Yawn||[still]\n|-fail|p2a: Dondozo\n|\n|-end|p1a: Shaniqua From HR|move: Yawn|[silent]\n|-status|p1a: Shaniqua From HR|slp\n|-enditem|p1a: Shaniqua From HR|Lum Berry|[eat]\n|-curestatus|p1a: Shaniqua From HR|slp|[msg]\n|upkeep\n|turn|54\n|\n|t:|1698300388\n|move|p1a: Shaniqua From HR|Iron Head|p2a: Dondozo\n|-resisted|p2a: Dondozo\n|-damage|p2a: Dondozo|83\/100\n|move|p2a: Dondozo|Yawn|p1a: Shaniqua From HR\n|-start|p1a: Shaniqua From HR|move: Yawn|[of] p2a: Dondozo\n|\n|upkeep\n|turn|55\n|\n|t:|1698300396\n|switch|p2a: Primeape|Primeape, F|77\/100 brn\n|move|p1a: Shaniqua From HR|Iron Head|p2a: Primeape\n|-damage|p2a: Primeape|0 fnt\n|replace|p2a: Zoroark|Zoroark-Hisui, M\n|-end|p2a: Zoroark|Illusion\n|faint|p2a: Zoroark\n|-ability|p1a: Shaniqua From HR|Moxie|boost\n|-boost|p1a: Shaniqua From HR|atk|1\n|\n|-end|p1a: Shaniqua From HR|move: Yawn|[silent]\n|-status|p1a: Shaniqua From HR|slp\n|upkeep\n|\n|t:|1698300402\n|switch|p2a: Primeape|Primeape, F|58\/100\n|turn|56\n|\n|t:|1698300410\n|cant|p1a: Shaniqua From HR|slp\n|move|p2a: Primeape|Rage Fist|p1a: Shaniqua From HR\n|-damage|p1a: Shaniqua From HR|66\/100 slp\n|\n|upkeep\n|turn|57\n|\n|t:|1698300412\n|cant|p1a: Shaniqua From HR|slp\n|move|p2a: Primeape|Rage Fist|p1a: Shaniqua From HR\n|-damage|p1a: Shaniqua From HR|34\/100 slp\n|\n|upkeep\n|turn|58\n|\n|t:|1698300418\n|switch|p2a: Dondozo|Dondozo, F|83\/100\n|cant|p1a: Shaniqua From HR|slp\n|\n|upkeep\n|turn|59\n|\n|t:|1698300427\n|-curestatus|p1a: Shaniqua From HR|slp|[msg]\n|move|p1a: Shaniqua From HR|Iron Head|p2a: Dondozo\n|-resisted|p2a: Dondozo\n|-damage|p2a: Dondozo|75\/100\n|move|p2a: Dondozo|Yawn|p1a: Shaniqua From HR\n|-start|p1a: Shaniqua From HR|move: Yawn|[of] p2a: Dondozo\n|\n|upkeep\n|turn|60\n|\n|t:|1698300436\n|switch|p1a: Red Mantis Lady|Scizor, F|65\/100\n|move|p2a: Dondozo|Yawn|p1a: Red Mantis Lady\n|-start|p1a: Red Mantis Lady|move: Yawn|[of] p2a: Dondozo\n|\n|upkeep\n|turn|61\n|\n|t:|1698300441\n|switch|p1a: Moody Leftovers|Scovillain, F|100\/100\n|move|p2a: Dondozo|Yawn|p1a: Moody Leftovers\n|-start|p1a: Moody Leftovers|move: Yawn|[of] p2a: Dondozo\n|\n|-ability|p1a: Moody Leftovers|Moody|boost\n|-boost|p1a: Moody Leftovers|spa|2\n|-unboost|p1a: Moody Leftovers|spe|1\n|upkeep\n|turn|62\n|\n|t:|1698300446\n|switch|p1a: Red Mantis Lady|Scizor, F|65\/100\n|switch|p2a: Blissey|Blissey, F|100\/100\n|\n|upkeep\n|turn|63\n|\n|t:|1698300452\n|move|p1a: Red Mantis Lady|Double Team|p1a: Red Mantis Lady\n|-boost|p1a: Red Mantis Lady|evasion|1\n|move|p2a: Blissey|Thunder Wave|p1a: Red Mantis Lady\n|-status|p1a: Red Mantis Lady|par\n|\n|upkeep\n|turn|64\n|\n|t:|1698300455\n|switch|p2a: Dondozo|Dondozo, F|75\/100\n|move|p1a: Red Mantis Lady|Double Team|p1a: Red Mantis Lady\n|-boost|p1a: Red Mantis Lady|evasion|1\n|\n|upkeep\n|turn|65\n|\n|t:|1698300458\n|cant|p1a: Red Mantis Lady|par\n|move|p2a: Dondozo|Liquidation|p1a: Red Mantis Lady\n|-damage|p1a: Red Mantis Lady|31\/100 par\n|-unboost|p1a: Red Mantis Lady|def|1\n|\n|upkeep\n|turn|66\n|\n|t:|1698300461\n|move|p1a: Red Mantis Lady|Double Team|p1a: Red Mantis Lady\n|-boost|p1a: Red Mantis Lady|evasion|1\n|move|p2a: Dondozo|Liquidation|p1a: Red Mantis Lady\n|-damage|p1a: Red Mantis Lady|0 fnt\n|faint|p1a: Red Mantis Lady\n|\n|upkeep\n|\n|t:|1698300465\n|switch|p1a: Moody Leftovers|Scovillain, F|100\/100\n|turn|67\n|\n|t:|1698300469\n|switch|p2a: Blissey|Blissey, F|100\/100\n|move|p1a: Moody Leftovers|Leech Seed|p2a: Blissey|[miss]\n|-miss|p1a: Moody Leftovers|p2a: Blissey\n|\n|-ability|p1a: Moody Leftovers|Moody|boost\n|-boost|p1a: Moody Leftovers|spa|2\n|-unboost|p1a: Moody Leftovers|atk|1\n|upkeep\n|turn|68\n|\n|t:|1698300473\n|move|p1a: Moody Leftovers|Substitute|p1a: Moody Leftovers\n|-start|p1a: Moody Leftovers|Substitute\n|-damage|p1a: Moody Leftovers|76\/100\n|move|p2a: Blissey|Thunder Wave||[still]\n|-fail|p2a: Blissey\n|\n|-heal|p1a: Moody Leftovers|82\/100|[from] item: Leftovers\n|-ability|p1a: Moody Leftovers|Moody|boost\n|-boost|p1a: Moody Leftovers|spe|2\n|-unboost|p1a: Moody Leftovers|atk|1\n|upkeep\n|turn|69\n|\n|t:|1698300477\n|move|p1a: Moody Leftovers|Leech Seed|p2a: Blissey\n|-start|p2a: Blissey|move: Leech Seed\n|move|p2a: Blissey|Seismic Toss|p1a: Moody Leftovers\n|-end|p1a: Moody Leftovers|Substitute\n|\n|-heal|p1a: Moody Leftovers|88\/100|[from] item: Leftovers\n|-damage|p2a: Blissey|88\/100|[from] Leech Seed|[of] p1a: Moody Leftovers\n|-heal|p1a: Moody Leftovers|100\/100|[silent]\n|-ability|p1a: Moody Leftovers|Moody|boost\n|-boost|p1a: Moody Leftovers|spa|2\n|-unboost|p1a: Moody Leftovers|spe|1\n|upkeep\n|turn|70\n|\n|t:|1698300486\n|switch|p2a: Dondozo|Dondozo, F|75\/100\n|move|p1a: Moody Leftovers|Substitute|p1a: Moody Leftovers\n|-start|p1a: Moody Leftovers|Substitute\n|-damage|p1a: Moody Leftovers|76\/100\n|\n|-heal|p1a: Moody Leftovers|82\/100|[from] item: Leftovers\n|-ability|p1a: Moody Leftovers|Moody|boost\n|-boost|p1a: Moody Leftovers|spd|2\n|-unboost|p1a: Moody Leftovers|def|1\n|upkeep\n|turn|71\n|\n|t:|1698300495\n|move|p1a: Moody Leftovers|Bite|p2a: Dondozo\n|-damage|p2a: Dondozo|66\/100\n|cant|p2a: Dondozo|flinch\n|\n|-heal|p1a: Moody Leftovers|88\/100|[from] item: Leftovers\n|-ability|p1a: Moody Leftovers|Moody|boost\n|-boost|p1a: Moody Leftovers|spe|2\n|-unboost|p1a: Moody Leftovers|spd|1\n|upkeep\n|turn|72\n|\n|t:|1698300500\n|move|p1a: Moody Leftovers|Bite|p2a: Dondozo\n|-damage|p2a: Dondozo|58\/100\n|move|p2a: Dondozo|Liquidation|p1a: Moody Leftovers\n|-end|p1a: Moody Leftovers|Substitute\n|\n|-heal|p1a: Moody Leftovers|94\/100|[from] item: Leftovers\n|-ability|p1a: Moody Leftovers|Moody|boost\n|-boost|p1a: Moody Leftovers|def|2\n|-unboost|p1a: Moody Leftovers|spe|1\n|upkeep\n|turn|73\n|\n|t:|1698300507\n|switch|p2a: Blissey|Blissey, F|88\/100\n|move|p1a: Moody Leftovers|Bite|p2a: Blissey\n|-damage|p2a: Blissey|73\/100\n|\n|-heal|p1a: Moody Leftovers|99\/100|[from] item: Leftovers\n|-heal|p2a: Blissey|79\/100|[from] item: Leftovers\n|-ability|p1a: Moody Leftovers|Moody|boost\n|-boost|p1a: Moody Leftovers|def|2\n|-unboost|p1a: Moody Leftovers|spa|1\n|upkeep\n|turn|74\n|\n|t:|1698300512\n|move|p1a: Moody Leftovers|Substitute|p1a: Moody Leftovers\n|-start|p1a: Moody Leftovers|Substitute\n|-damage|p1a: Moody Leftovers|75\/100\n|move|p2a: Blissey|Seismic Toss|p1a: Moody Leftovers\n|-end|p1a: Moody Leftovers|Substitute\n|\n|-heal|p1a: Moody Leftovers|81\/100|[from] item: Leftovers\n|-heal|p2a: Blissey|86\/100|[from] item: Leftovers\n|-ability|p1a: Moody Leftovers|Moody|boost\n|-boost|p1a: Moody Leftovers|atk|2\n|-unboost|p1a: Moody Leftovers|spd|1\n|upkeep\n|turn|75\n|\n|t:|1698300516\n|move|p1a: Moody Leftovers|Protect|p1a: Moody Leftovers\n|-singleturn|p1a: Moody Leftovers|Protect\n|move|p2a: Blissey|Seismic Toss|p1a: Moody Leftovers\n|-activate|p1a: Moody Leftovers|move: Protect\n|\n|-heal|p1a: Moody Leftovers|87\/100|[from] item: Leftovers\n|-heal|p2a: Blissey|92\/100|[from] item: Leftovers\n|-ability|p1a: Moody Leftovers|Moody|boost\n|-boost|p1a: Moody Leftovers|def|2\n|-unboost|p1a: Moody Leftovers|atk|1\n|upkeep\n|turn|76\n|\n|t:|1698300518\n|move|p1a: Moody Leftovers|Substitute|p1a: Moody Leftovers\n|-start|p1a: Moody Leftovers|Substitute\n|-damage|p1a: Moody Leftovers|62\/100\n|move|p2a: Blissey|Seismic Toss|p1a: Moody Leftovers\n|-end|p1a: Moody Leftovers|Substitute\n|\n|-heal|p1a: Moody Leftovers|68\/100|[from] item: Leftovers\n|-heal|p2a: Blissey|98\/100|[from] item: Leftovers\n|-ability|p1a: Moody Leftovers|Moody|boost\n|-boost|p1a: Moody Leftovers|def|1\n|-unboost|p1a: Moody Leftovers|spa|1\n|upkeep\n|turn|77\n|\n|t:|1698300521\n|move|p1a: Moody Leftovers|Protect|p1a: Moody Leftovers\n|-singleturn|p1a: Moody Leftovers|Protect\n|move|p2a: Blissey|Seismic Toss|p1a: Moody Leftovers\n|-activate|p1a: Moody Leftovers|move: Protect\n|\n|-heal|p1a: Moody Leftovers|74\/100|[from] item: Leftovers\n|-heal|p2a: Blissey|100\/100|[from] item: Leftovers\n|-ability|p1a: Moody Leftovers|Moody|boost\n|-boost|p1a: Moody Leftovers|spd|2\n|-unboost|p1a: Moody Leftovers|atk|1\n|upkeep\n|turn|78\n|\n|t:|1698300526\n|move|p1a: Moody Leftovers|Leech Seed|p2a: Blissey\n|-start|p2a: Blissey|move: Leech Seed\n|move|p2a: Blissey|Seismic Toss|p1a: Moody Leftovers\n|-damage|p1a: Moody Leftovers|44\/100\n|\n|-heal|p1a: Moody Leftovers|50\/100|[from] item: Leftovers\n|-damage|p2a: Blissey|88\/100|[from] Leech Seed|[of] p1a: Moody Leftovers\n|-heal|p1a: Moody Leftovers|77\/100|[silent]\n|-ability|p1a: Moody Leftovers|Moody|boost\n|-boost|p1a: Moody Leftovers|atk|2\n|-unboost|p1a: Moody Leftovers|spa|1\n|upkeep\n|turn|79\n|\n|t:|1698300530\n|switch|p2a: Dondozo|Dondozo, F|58\/100\n|move|p1a: Moody Leftovers|Substitute|p1a: Moody Leftovers\n|-start|p1a: Moody Leftovers|Substitute\n|-damage|p1a: Moody Leftovers|52\/100\n|\n|-heal|p1a: Moody Leftovers|58\/100|[from] item: Leftovers\n|-ability|p1a: Moody Leftovers|Moody|boost\n|-boost|p1a: Moody Leftovers|atk|2\n|-unboost|p1a: Moody Leftovers|spa|1\n|upkeep\n|turn|80\n|\n|t:|1698300535\n|move|p1a: Moody Leftovers|Leech Seed|p2a: Dondozo\n|-start|p2a: Dondozo|move: Leech Seed\n|move|p2a: Dondozo|Liquidation|p1a: Moody Leftovers\n|-end|p1a: Moody Leftovers|Substitute\n|\n|-heal|p1a: Moody Leftovers|64\/100|[from] item: Leftovers\n|-damage|p2a: Dondozo|45\/100|[from] Leech Seed|[of] p1a: Moody Leftovers\n|-heal|p1a: Moody Leftovers|83\/100|[silent]\n|-ability|p1a: Moody Leftovers|Moody|boost\n|-boost|p1a: Moody Leftovers|spa|2\n|-unboost|p1a: Moody Leftovers|spd|1\n|upkeep\n|turn|81\n|\n|t:|1698300542\n|switch|p2a: Primeape|Primeape, F|58\/100\n|move|p1a: Moody Leftovers|Bite|p2a: Primeape\n|-resisted|p2a: Primeape\n|-damage|p2a: Primeape|41\/100\n|\n|-heal|p1a: Moody Leftovers|89\/100|[from] item: Leftovers\n|-ability|p1a: Moody Leftovers|Moody|boost\n|-boost|p1a: Moody Leftovers|spe|2\n|-unboost|p1a: Moody Leftovers|spd|1\n|upkeep\n|turn|82\n|\n|t:|1698300548\n|move|p1a: Moody Leftovers|Leech Seed|p2a: Primeape\n|-start|p2a: Primeape|move: Leech Seed\n|move|p2a: Primeape|Taunt|p1a: Moody Leftovers\n|-start|p1a: Moody Leftovers|move: Taunt\n|\n|-heal|p1a: Moody Leftovers|95\/100|[from] item: Leftovers\n|-damage|p2a: Primeape|29\/100|[from] Leech Seed|[of] p1a: Moody Leftovers\n|-heal|p1a: Moody Leftovers|100\/100|[silent]\n|-ability|p1a: Moody Leftovers|Moody|boost\n|-boost|p1a: Moody Leftovers|spe|2\n|-unboost|p1a: Moody Leftovers|atk|1\n|upkeep\n|turn|83\n|\n|t:|1698300552\n|move|p1a: Moody Leftovers|Bite|p2a: Primeape\n|-resisted|p2a: Primeape\n|-damage|p2a: Primeape|16\/100\n|move|p2a: Primeape|Drain Punch|p1a: Moody Leftovers\n|-damage|p1a: Moody Leftovers|89\/100\n|-heal|p2a: Primeape|23\/100|[from] drain|[of] p1a: Moody Leftovers\n|\n|-heal|p1a: Moody Leftovers|95\/100|[from] item: Leftovers\n|-damage|p2a: Primeape|11\/100|[from] Leech Seed|[of] p1a: Moody Leftovers\n|-heal|p1a: Moody Leftovers|100\/100|[silent]\n|-ability|p1a: Moody Leftovers|Moody|boost\n|-boost|p1a: Moody Leftovers|spd|2\n|-unboost|p1a: Moody Leftovers|atk|1\n|upkeep\n|turn|84\n|\n|t:|1698300560\n|switch|p2a: Dondozo|Dondozo, F|45\/100\n|move|p1a: Moody Leftovers|Bite|p2a: Dondozo\n|-damage|p2a: Dondozo|36\/100\n|\n|-ability|p1a: Moody Leftovers|Moody|boost\n|-boost|p1a: Moody Leftovers|atk|2\n|-unboost|p1a: Moody Leftovers|spa|1\n|upkeep\n|turn|85\n|\n|t:|1698300563\n|move|p1a: Moody Leftovers|Bite|p2a: Dondozo\n|-damage|p2a: Dondozo|27\/100\n|move|p2a: Dondozo|Liquidation|p1a: Moody Leftovers\n|-damage|p1a: Moody Leftovers|61\/100\n|\n|-heal|p1a: Moody Leftovers|67\/100|[from] item: Leftovers\n|-end|p1a: Moody Leftovers|move: Taunt\n|-ability|p1a: Moody Leftovers|Moody|boost\n|-boost|p1a: Moody Leftovers|spd|2\n|-unboost|p1a: Moody Leftovers|spe|1\n|upkeep\n|turn|86\n|\n|t:|1698300570\n|move|p1a: Moody Leftovers|Bite|p2a: Dondozo\n|-damage|p2a: Dondozo|18\/100\n|cant|p2a: Dondozo|flinch\n|\n|-heal|p1a: Moody Leftovers|73\/100|[from] item: Leftovers\n|-ability|p1a: Moody Leftovers|Moody|boost\n|-boost|p1a: Moody Leftovers|spa|2\n|-unboost|p1a: Moody Leftovers|atk|1\n|upkeep\n|turn|87\n|\n|t:|1698300574\n|switch|p2a: Cinderace|Cinderace, M|3\/100\n|move|p1a: Moody Leftovers|Bite|p2a: Cinderace\n|-damage|p2a: Cinderace|0 fnt\n|faint|p2a: Cinderace\n|\n|-heal|p1a: Moody Leftovers|79\/100|[from] item: Leftovers\n|-ability|p1a: Moody Leftovers|Moody|boost\n|-boost|p1a: Moody Leftovers|spe|1\n|-unboost|p1a: Moody Leftovers|atk|1\n|upkeep\n|\n|t:|1698300576\n|switch|p2a: Dondozo|Dondozo, F|18\/100\n|turn|88\n|\n|t:|1698300579\n|move|p1a: Moody Leftovers|Bite|p2a: Dondozo\n|-damage|p2a: Dondozo|8\/100\n|cant|p2a: Dondozo|flinch\n|\n|-heal|p1a: Moody Leftovers|85\/100|[from] item: Leftovers\n|-ability|p1a: Moody Leftovers|Moody|boost\n|-boost|p1a: Moody Leftovers|spa|2\n|-unboost|p1a: Moody Leftovers|atk|1\n|upkeep\n|turn|89\n|\n|t:|1698300587\n|move|p1a: Moody Leftovers|Bite|p2a: Dondozo\n|-damage|p2a: Dondozo|0 fnt\n|faint|p2a: Dondozo\n|\n|-heal|p1a: Moody Leftovers|91\/100|[from] item: Leftovers\n|-ability|p1a: Moody Leftovers|Moody|boost\n|-boost|p1a: Moody Leftovers|atk|2\n|-unboost|p1a: Moody Leftovers|spe|1\n|upkeep\n|c|\u2606Captain Carbs|:\"D\n|\n|t:|1698300592\n|switch|p2a: Blissey|Blissey, F|88\/100\n|turn|90\n|\n|t:|1698300598\n|move|p1a: Moody Leftovers|Substitute|p1a: Moody Leftovers\n|-start|p1a: Moody Leftovers|Substitute\n|-damage|p1a: Moody Leftovers|66\/100\n|move|p2a: Blissey|Seismic Toss|p1a: Moody Leftovers\n|-end|p1a: Moody Leftovers|Substitute\n|\n|-heal|p1a: Moody Leftovers|72\/100|[from] item: Leftovers\n|-heal|p2a: Blissey|94\/100|[from] item: Leftovers\n|-ability|p1a: Moody Leftovers|Moody|boost\n|-boost|p1a: Moody Leftovers|spa|1\n|-unboost|p1a: Moody Leftovers|spe|1\n|upkeep\n|turn|91\n|c|\u2606thewinnerofwinning|Luckiest flinch of your life\n|\n|t:|1698300609\n|move|p1a: Moody Leftovers|Leech Seed|p2a: Blissey|[miss]\n|-miss|p1a: Moody Leftovers|p2a: Blissey\n|move|p2a: Blissey|Seismic Toss|p1a: Moody Leftovers\n|-damage|p1a: Moody Leftovers|42\/100\n|\n|-heal|p1a: Moody Leftovers|48\/100|[from] item: Leftovers\n|-heal|p2a: Blissey|99\/100|[from] item: Leftovers\n|-ability|p1a: Moody Leftovers|Moody|boost\n|-boost|p1a: Moody Leftovers|spd|2\n|-unboost|p1a: Moody Leftovers|atk|1\n|upkeep\n|turn|92\n|c|\u2606Captain Carbs|```narrator: :\"O```\n|\n|t:|1698300625\n|switch|p2a: Primeape|Primeape, F|11\/100\n|move|p1a: Moody Leftovers|Protect||[still]\n|-fail|p1a: Moody Leftovers\n|\n|-heal|p1a: Moody Leftovers|54\/100|[from] item: Leftovers\n|-ability|p1a: Moody Leftovers|Moody|boost\n|-boost|p1a: Moody Leftovers|spe|2\n|-unboost|p1a: Moody Leftovers|atk|1\n|upkeep\n|turn|93\n|\n|t:|1698300629\n|move|p1a: Moody Leftovers|Bite|p2a: Primeape\n|-resisted|p2a: Primeape\n|-damage|p2a: Primeape|5\/100\n|cant|p2a: Primeape|flinch\n|\n|-heal|p1a: Moody Leftovers|60\/100|[from] item: Leftovers\n|-ability|p1a: Moody Leftovers|Moody|boost\n|-boost|p1a: Moody Leftovers|atk|2\n|-unboost|p1a: Moody Leftovers|spa|1\n|upkeep\n|turn|94\n|\n|t:|1698300637\n|switch|p2a: Blissey|Blissey, F|99\/100\n|move|p1a: Moody Leftovers|Bite|p2a: Blissey\n|-damage|p2a: Blissey|59\/100\n|\n|-heal|p1a: Moody Leftovers|66\/100|[from] item: Leftovers\n|-heal|p2a: Blissey|65\/100|[from] item: Leftovers\n|-ability|p1a: Moody Leftovers|Moody|boost\n|-boost|p1a: Moody Leftovers|atk|2\n|-unboost|p1a: Moody Leftovers|spd|1\n|upkeep\n|turn|95\n|\n|t:|1698300641\n|move|p1a: Moody Leftovers|Substitute|p1a: Moody Leftovers\n|-start|p1a: Moody Leftovers|Substitute\n|-damage|p1a: Moody Leftovers|41\/100\n|move|p2a: Blissey|Seismic Toss|p1a: Moody Leftovers\n|-end|p1a: Moody Leftovers|Substitute\n|\n|-heal|p1a: Moody Leftovers|47\/100|[from] item: Leftovers\n|-heal|p2a: Blissey|71\/100|[from] item: Leftovers\n|-ability|p1a: Moody Leftovers|Moody|boost\n|-boost|p1a: Moody Leftovers|spd|1\n|-unboost|p1a: Moody Leftovers|def|1\n|upkeep\n|turn|96\n|\n|t:|1698300645\n|move|p1a: Moody Leftovers|Leech Seed|p2a: Blissey\n|-start|p2a: Blissey|move: Leech Seed\n|move|p2a: Blissey|Soft-Boiled|p2a: Blissey\n|-heal|p2a: Blissey|100\/100\n|\n|-heal|p1a: Moody Leftovers|53\/100|[from] item: Leftovers\n|-damage|p2a: Blissey|88\/100|[from] Leech Seed|[of] p1a: Moody Leftovers\n|-heal|p1a: Moody Leftovers|80\/100|[silent]\n|-ability|p1a: Moody Leftovers|Moody|boost\n|-boost|p1a: Moody Leftovers|atk|2\n|-unboost|p1a: Moody Leftovers|def|1\n|upkeep\n|turn|97\n|\n|t:|1698300652\n|move|p1a: Moody Leftovers|Substitute|p1a: Moody Leftovers\n|-start|p1a: Moody Leftovers|Substitute\n|-damage|p1a: Moody Leftovers|55\/100\n|move|p2a: Blissey|Thunder Wave||[still]\n|-fail|p2a: Blissey\n|\n|-heal|p1a: Moody Leftovers|61\/100|[from] item: Leftovers\n|-heal|p2a: Blissey|94\/100|[from] item: Leftovers\n|-damage|p2a: Blissey|82\/100|[from] Leech Seed|[of] p1a: Moody Leftovers\n|-heal|p1a: Moody Leftovers|88\/100|[silent]\n|-ability|p1a: Moody Leftovers|Moody|boost\n|-boost|p1a: Moody Leftovers|spa|1\n|-unboost|p1a: Moody Leftovers|atk|1\n|upkeep\n|turn|98\n|\n|t:|1698300656\n|move|p1a: Moody Leftovers|Bite|p2a: Blissey\n|-damage|p2a: Blissey|0 fnt\n|faint|p2a: Blissey\n|\n|-heal|p1a: Moody Leftovers|94\/100|[from] item: Leftovers\n|-ability|p1a: Moody Leftovers|Moody|boost\n|-boost|p1a: Moody Leftovers|def|2\n|-unboost|p1a: Moody Leftovers|spe|1\n|upkeep\n|-message|thewinnerofwinning forfeited.\n|\n|win|Captain Carbs\n|raw|Captain Carbs's rating: 1350 &rarr; <strong>1373<\/strong><br \/>(+23 for winning)\n|raw|thewinnerofwinning's rating: 1402 &rarr; <strong>1379<\/strong><br \/>(-23 for losing)\n|l|\u2606thewinnerofwinning\n|c|\u2606Captain Carbs|gg\n","uploadtime":1698300679,"views":11,"p1id":"captaincarbs","p2id":"thewinnerofwinning","formatid":"gen9anythinggoes","rating":1373,"private":0,"password":""}