{"id":"gen9anythinggoes-1975811795","p1":"Dumbfudge","p2":"nolan_berge911","format":"[Gen 9] Anything Goes","log":"|j|\u2606Dumbfudge\n|j|\u2606nolan_berge911\n|t:|1698240373\n|gametype|singles\n|player|p1|Dumbfudge|blackbelt-gen4dp|1300\n|player|p2|nolan_berge911|bruno|1249\n|teamsize|p1|6\n|teamsize|p2|6\n|gen|9\n|tier|[Gen 9] Anything Goes\n|rated|\n|rule|HP Percentage Mod: HP is shown in percentages\n|rule|Endless Battle Clause: Forcing endless battles is banned\n|clearpoke\n|poke|p1|Grimmsnarl, M|\n|poke|p1|Dudunsparce-*, F|\n|poke|p1|Zacian-*|\n|poke|p1|Drifblim, F|\n|poke|p1|Calyrex-Shadow|\n|poke|p1|Darkrai|\n|poke|p2|Houndstone, F|\n|poke|p2|Darkrai|\n|poke|p2|Zacian-*|\n|poke|p2|Regieleki|\n|poke|p2|Vivillon-Pokeball, F|\n|poke|p2|Zamazenta-*|\n|teampreview\n|\n|t:|1698240384\n|start\n|switch|p1a: Dudunsparce|Dudunsparce, F|100\/100\n|switch|p2a: Zacian|Zacian-Crowned|100\/100\n|-ability|p2a: Zacian|Intrepid Sword|boost\n|-boost|p2a: Zacian|atk|1\n|turn|1\n|\n|t:|1698240390\n|move|p2a: Zacian|Sacred Sword|p1a: Dudunsparce\n|-supereffective|p1a: Dudunsparce\n|-damage|p1a: Dudunsparce|19\/100\n|move|p1a: Dudunsparce|Roost|p1a: Dudunsparce\n|-heal|p1a: Dudunsparce|69\/100\n|-singleturn|p1a: Dudunsparce|move: Roost\n|\n|upkeep\n|turn|2\n|\n|t:|1698240402\n|switch|p1a: Grimmsnarl|Grimmsnarl, M|100\/100\n|move|p2a: Zacian|Sacred Sword|p1a: Grimmsnarl\n|-damage|p1a: Grimmsnarl|53\/100\n|\n|upkeep\n|turn|3\n|\n|t:|1698240409\n|move|p1a: Grimmsnarl|Reflect|p1a: Grimmsnarl\n|-sidestart|p1: Dumbfudge|Reflect\n|move|p2a: Zacian|Behemoth Blade|p1a: Grimmsnarl\n|-supereffective|p1a: Grimmsnarl\n|-damage|p1a: Grimmsnarl|0 fnt\n|faint|p1a: Grimmsnarl\n|\n|upkeep\n|\n|t:|1698240416\n|switch|p1a: Dudunsparce|Dudunsparce, F|69\/100\n|turn|4\n|\n|t:|1698240420\n|move|p2a: Zacian|Sacred Sword|p1a: Dudunsparce\n|-supereffective|p1a: Dudunsparce\n|-damage|p1a: Dudunsparce|24\/100\n|move|p1a: Dudunsparce|Roost|p1a: Dudunsparce\n|-heal|p1a: Dudunsparce|74\/100\n|-singleturn|p1a: Dudunsparce|move: Roost\n|\n|upkeep\n|turn|5\n|\n|t:|1698240426\n|move|p2a: Zacian|Behemoth Blade|p1a: Dudunsparce\n|-damage|p1a: Dudunsparce|38\/100\n|move|p1a: Dudunsparce|Yawn|p2a: Zacian\n|-start|p2a: Zacian|move: Yawn|[of] p1a: Dudunsparce\n|\n|upkeep\n|turn|6\n|\n|t:|1698240445\n|move|p2a: Zacian|Close Combat|p1a: Dudunsparce\n|-supereffective|p1a: Dudunsparce\n|-damage|p1a: Dudunsparce|0 fnt\n|-unboost|p2a: Zacian|def|1\n|-unboost|p2a: Zacian|spd|1\n|faint|p1a: Dudunsparce\n|\n|-end|p2a: Zacian|move: Yawn|[silent]\n|-status|p2a: Zacian|slp\n|upkeep\n|\n|t:|1698240452\n|switch|p1a: Zacian|Zacian-Crowned|100\/100\n|-ability|p1a: Zacian|Intrepid Sword|boost\n|-boost|p1a: Zacian|atk|1\n|turn|7\n|\n|t:|1698240458\n|cant|p2a: Zacian|slp\n|move|p1a: Zacian|Behemoth Blade|p2a: Zacian\n|-damage|p2a: Zacian|0 fnt\n|faint|p2a: Zacian\n|\n|upkeep\n|\n|t:|1698240464\n|switch|p2a: Zamazenta|Zamazenta-Crowned|100\/100\n|-ability|p2a: Zamazenta|Dauntless Shield|boost\n|-boost|p2a: Zamazenta|def|1\n|turn|8\n|\n|t:|1698240470\n|-terastallize|p1a: Zacian|Steel\n|move|p1a: Zacian|Behemoth Blade|p2a: Zamazenta\n|-resisted|p2a: Zamazenta\n|-damage|p2a: Zamazenta|69\/100\n|move|p2a: Zamazenta|Iron Defense|p2a: Zamazenta\n|-boost|p2a: Zamazenta|def|2\n|\n|upkeep\n|turn|9\n|\n|t:|1698240477\n|move|p1a: Zacian|Behemoth Blade|p2a: Zamazenta\n|-resisted|p2a: Zamazenta\n|-damage|p2a: Zamazenta|51\/100\n|move|p2a: Zamazenta|Iron Defense|p2a: Zamazenta\n|-boost|p2a: Zamazenta|def|2\n|\n|upkeep\n|turn|10\n|\n|t:|1698240489\n|move|p1a: Zacian|Behemoth Blade|p2a: Zamazenta\n|-resisted|p2a: Zamazenta\n|-damage|p2a: Zamazenta|36\/100\n|move|p2a: Zamazenta|Agility|p2a: Zamazenta\n|-boost|p2a: Zamazenta|spe|2\n|\n|-sideend|p1: Dumbfudge|Reflect\n|upkeep\n|turn|11\n|\n|t:|1698240497\n|move|p2a: Zamazenta|Behemoth Bash|p1a: Zacian\n|-resisted|p1a: Zacian\n|-damage|p1a: Zacian|74\/100\n|move|p1a: Zacian|Behemoth Blade|p2a: Zamazenta\n|-resisted|p2a: Zamazenta\n|-damage|p2a: Zamazenta|22\/100\n|\n|upkeep\n|turn|12\n|\n|t:|1698240505\n|move|p2a: Zamazenta|Play Rough|p1a: Zacian\n|-resisted|p1a: Zacian\n|-damage|p1a: Zacian|58\/100\n|move|p1a: Zacian|Behemoth Blade|p2a: Zamazenta\n|-resisted|p2a: Zamazenta\n|-damage|p2a: Zamazenta|10\/100\n|\n|upkeep\n|turn|13\n|\n|t:|1698240512\n|move|p2a: Zamazenta|Behemoth Bash|p1a: Zacian\n|-resisted|p1a: Zacian\n|-damage|p1a: Zacian|31\/100\n|move|p1a: Zacian|Behemoth Blade|p2a: Zamazenta\n|-resisted|p2a: Zamazenta\n|-damage|p2a: Zamazenta|0 fnt\n|faint|p2a: Zamazenta\n|\n|upkeep\n|\n|t:|1698240518\n|switch|p2a: Regieleki|Regieleki|100\/100\n|turn|14\n|\n|t:|1698240523\n|move|p1a: Zacian|Quick Attack|p2a: Regieleki\n|-damage|p2a: Regieleki|57\/100\n|move|p2a: Regieleki|Thunderbolt|p1a: Zacian\n|-damage|p1a: Zacian|0 fnt\n|faint|p1a: Zacian\n|\n|-heal|p2a: Regieleki|63\/100|[from] item: Leftovers\n|upkeep\n|\n|t:|1698240533\n|switch|p1a: Calyrex|Calyrex-Shadow|100\/100\n|-ability|p1a: Calyrex|As One\n|-ability|p1a: Calyrex|Unnerve\n|turn|15\n|\n|t:|1698240538\n|move|p2a: Regieleki|Thunder|p1a: Calyrex\n|-damage|p1a: Calyrex|42\/100\n|-status|p1a: Calyrex|par\n|move|p1a: Calyrex|Astral Barrage|p2a: Regieleki\n|-damage|p2a: Regieleki|0 fnt\n|faint|p2a: Regieleki\n|-ability|p1a: Calyrex|Grim Neigh|boost\n|-boost|p1a: Calyrex|spa|1\n|\n|upkeep\n|\n|t:|1698240544\n|switch|p2a: Houndstone|Houndstone, F|100\/100\n|turn|16\n|\n|t:|1698240553\n|move|p2a: Houndstone|Sandstorm|p2a: Houndstone\n|-weather|Sandstorm\n|move|p1a: Calyrex|Astral Barrage|p2a: Houndstone\n|-supereffective|p2a: Houndstone\n|-damage|p2a: Houndstone|0 fnt\n|faint|p2a: Houndstone\n|-ability|p1a: Calyrex|Grim Neigh|boost\n|-boost|p1a: Calyrex|spa|1\n|\n|-weather|Sandstorm|[upkeep]\n|-damage|p1a: Calyrex|36\/100 par|[from] Sandstorm\n|upkeep\n|\n|t:|1698240560\n|switch|p2a: Darkrai|Darkrai|100\/100\n|turn|17\n|\n|t:|1698240564\n|move|p2a: Darkrai|Knock Off|p1a: Calyrex\n|-supereffective|p1a: Calyrex\n|-damage|p1a: Calyrex|0 fnt\n|-enditem|p1a: Calyrex|Focus Sash|[from] move: Knock Off|[of] p2a: Darkrai\n|faint|p1a: Calyrex\n|\n|-weather|Sandstorm|[upkeep]\n|-damage|p2a: Darkrai|94\/100|[from] Sandstorm\n|upkeep\n|\n|t:|1698240572\n|switch|p1a: Drifblim|Drifblim, F|100\/100\n|turn|18\n|\n|t:|1698240575\n|move|p2a: Darkrai|Knock Off|p1a: Drifblim\n|-supereffective|p1a: Drifblim\n|-damage|p1a: Drifblim|28\/100\n|-enditem|p1a: Drifblim|Heavy-Duty Boots|[from] move: Knock Off|[of] p2a: Darkrai\n|move|p1a: Drifblim|Substitute|p1a: Drifblim\n|-start|p1a: Drifblim|Substitute\n|-damage|p1a: Drifblim|3\/100\n|\n|-weather|Sandstorm|[upkeep]\n|-damage|p2a: Darkrai|88\/100|[from] Sandstorm\n|-damage|p1a: Drifblim|0 fnt|[from] Sandstorm\n|faint|p1a: Drifblim\n|upkeep\n|\n|t:|1698240584\n|switch|p1a: Darkrai|Darkrai|100\/100\n|turn|19\n|\n|t:|1698240589\n|move|p1a: Darkrai|Hypnosis|p2a: Darkrai\n|-status|p2a: Darkrai|slp|[from] move: Hypnosis\n|cant|p2a: Darkrai|slp\n|\n|-weather|Sandstorm|[upkeep]\n|-damage|p2a: Darkrai|82\/100 slp|[from] Sandstorm\n|-damage|p1a: Darkrai|94\/100|[from] Sandstorm\n|-damage|p2a: Darkrai|70\/100 slp|[from] ability: Bad Dreams|[of] p1a: Darkrai\n|upkeep\n|turn|20\n|\n|t:|1698240598\n|move|p1a: Darkrai|Dark Pulse|p2a: Darkrai\n|-resisted|p2a: Darkrai\n|-damage|p2a: Darkrai|46\/100 slp\n|cant|p2a: Darkrai|slp\n|\n|-weather|none\n|-damage|p2a: Darkrai|33\/100 slp|[from] ability: Bad Dreams|[of] p1a: Darkrai\n|upkeep\n|turn|21\n|\n|t:|1698240605\n|-curestatus|p2a: Darkrai|slp|[msg]\n|move|p2a: Darkrai|Hypnosis|p1a: Darkrai|[miss]\n|-miss|p2a: Darkrai|p1a: Darkrai\n|move|p1a: Darkrai|Dark Pulse|p2a: Darkrai\n|-resisted|p2a: Darkrai\n|-crit|p2a: Darkrai\n|-damage|p2a: Darkrai|0 fnt\n|faint|p2a: Darkrai\n|\n|upkeep\n|\n|t:|1698240608\n|switch|p2a: Vivillon|Vivillon-Pokeball, F|100\/100\n|turn|22\n|\n|t:|1698240615\n|move|p1a: Darkrai|Dark Pulse|p2a: Vivillon\n|-damage|p2a: Vivillon|11\/100\n|move|p2a: Vivillon|Sleep Powder|p1a: Darkrai\n|-status|p1a: Darkrai|slp|[from] move: Sleep Powder\n|\n|-heal|p2a: Vivillon|17\/100|[from] item: Leftovers\n|upkeep\n|turn|23\n|\n|t:|1698240622\n|cant|p1a: Darkrai|slp\n|move|p2a: Vivillon|Quiver Dance|p2a: Vivillon\n|-boost|p2a: Vivillon|spa|1\n|-boost|p2a: Vivillon|spd|1\n|-boost|p2a: Vivillon|spe|1\n|\n|-heal|p2a: Vivillon|23\/100|[from] item: Leftovers\n|upkeep\n|turn|24\n|\n|t:|1698240629\n|move|p2a: Vivillon|Hurricane|p1a: Darkrai\n|-damage|p1a: Darkrai|3\/100 slp\n|cant|p1a: Darkrai|slp\n|\n|-heal|p2a: Vivillon|29\/100|[from] item: Leftovers\n|upkeep\n|turn|25\n|\n|t:|1698240635\n|-curestatus|p1a: Darkrai|slp|[msg]\n|move|p1a: Darkrai|Sucker Punch|p2a: Vivillon\n|-damage|p2a: Vivillon|0 fnt\n|faint|p2a: Vivillon\n|\n|win|Dumbfudge\n|raw|Dumbfudge's rating: 1300 &rarr; <strong>1321<\/strong><br \/>(+21 for winning)\n|raw|nolan_berge911's rating: 1249 &rarr; <strong>1228<\/strong><br \/>(-21 for losing)\n|l|\u2606nolan_berge911\n","uploadtime":1698240644,"views":9,"p1id":"dumbfudge","p2id":"nolanberge911","formatid":"gen9anythinggoes","rating":1228,"private":0,"password":""}