{"id":"gen9anythinggoes-1976261052","p1":"Steeltachi","p2":"kzootops","format":"[Gen 9] Anything Goes","log":"|j|\u2606Steeltachi\n|j|\u2606kzootops\n|t:|1698279660\n|gametype|singles\n|player|p1|Steeltachi|clown|\n|player|p2|kzootops|rood|\n|teamsize|p1|6\n|teamsize|p2|6\n|gen|9\n|tier|[Gen 9] Anything Goes\n|rule|HP Percentage Mod: HP is shown in percentages\n|rule|Endless Battle Clause: Forcing endless battles is banned\n|clearpoke\n|poke|p1|Ditto|\n|poke|p1|Zoroark-Hisui, M|\n|poke|p1|Zoroark, M|\n|poke|p1|Ursaluna-Bloodmoon, M|\n|poke|p1|Mew|\n|poke|p1|Heracross, M|\n|poke|p2|Gholdengo|\n|poke|p2|Hatterene, F|\n|poke|p2|Quaquaval, F|\n|poke|p2|Thundurus-Therian, M|\n|poke|p2|Magnezone|\n|poke|p2|Goodra, M|\n|teampreview\n|c|\u2606kzootops|good luck!\n|c|\u2606Steeltachi|you as well!\n|\n|t:|1698279733\n|start\n|switch|p1a: Ditto|Ditto|100\/100\n|switch|p2a: Thundurus|Thundurus-Therian, M|100\/100\n|-transform|p1a: Ditto|p2a: Thundurus|[from] ability: Imposter\n|turn|1\n|\n|t:|1698279744\n|move|p2a: Thundurus|Volt Switch|p1a: Ditto\n|-immune|p1a: Ditto|[from] ability: Volt Absorb\n|move|p1a: Ditto|Knock Off|p2a: Thundurus\n|-damage|p2a: Thundurus|60\/100\n|-enditem|p2a: Thundurus|Choice Scarf|[from] move: Knock Off|[of] p1a: Ditto\n|\n|upkeep\n|turn|2\n|c|\u2606kzootops|lol\n|c|\u2606kzootops|im an idiot\n|\n|t:|1698279765\n|switch|p2a: Hatterene|Hatterene, F|100\/100\n|move|p1a: Ditto|Psychic|p2a: Hatterene\n|-resisted|p2a: Hatterene\n|-damage|p2a: Hatterene|82\/100\n|\n|-heal|p2a: Hatterene|88\/100|[from] item: Leftovers\n|upkeep\n|turn|3\n|\n|t:|1698279775\n|move|p1a: Ditto|Knock Off|p2a: Hatterene\n|-damage|p2a: Hatterene|60\/100\n|-enditem|p2a: Hatterene|Leftovers|[from] move: Knock Off|[of] p1a: Ditto\n|move|p2a: Hatterene|Calm Mind|p2a: Hatterene\n|-boost|p2a: Hatterene|spa|1\n|-boost|p2a: Hatterene|spd|1\n|\n|upkeep\n|turn|4\n|\n|t:|1698279792\n|switch|p1a: Heracross|Heracross, M|100\/100\n|move|p2a: Hatterene|Trick Room|p2a: Hatterene\n|-fieldstart|move: Trick Room|[of] p2a: Hatterene\n|\n|upkeep\n|turn|5\n|\n|t:|1698279805\n|move|p2a: Hatterene|Dazzling Gleam|p1a: Heracross\n|-supereffective|p1a: Heracross\n|-damage|p1a: Heracross|0 fnt\n|replace|p1a: Zoroark|Zoroark, M\n|-end|p1a: Zoroark|Illusion\n|faint|p1a: Zoroark\n|\n|upkeep\n|\n|t:|1698279812\n|switch|p1a: Ditto|Ditto|100\/100\n|-transform|p1a: Ditto|p2a: Hatterene|[from] ability: Imposter\n|turn|6\n|\n|t:|1698279841\n|move|p1a: Ditto|Dazzling Gleam|p2a: Hatterene\n|-damage|p2a: Hatterene|13\/100\n|move|p2a: Hatterene|Calm Mind|p2a: Hatterene\n|-boost|p2a: Hatterene|spa|1\n|-boost|p2a: Hatterene|spd|1\n|\n|upkeep\n|turn|7\n|\n|t:|1698279849\n|move|p2a: Hatterene|Dazzling Gleam|p1a: Ditto\n|-damage|p1a: Ditto|28\/100\n|-enditem|p1a: Ditto|Red Card|[of] p2a: Hatterene\n|drag|p2a: Goodra|Goodra, M|100\/100\n|move|p1a: Ditto|Dazzling Gleam|p2a: Goodra\n|-supereffective|p2a: Goodra\n|-damage|p2a: Goodra|44\/100\n|\n|upkeep\n|turn|8\n|\n|t:|1698279858\n|switch|p2a: Magnezone|Magnezone|100\/100\n|-item|p2a: Magnezone|Air Balloon\n|move|p1a: Ditto|Dazzling Gleam|p2a: Magnezone\n|-resisted|p2a: Magnezone\n|-damage|p2a: Magnezone|61\/100\n|-enditem|p2a: Magnezone|Air Balloon\n|\n|-fieldend|move: Trick Room\n|upkeep\n|turn|9\n|\n|t:|1698279879\n|move|p2a: Magnezone|Tri Attack|p1a: Ditto\n|-damage|p1a: Ditto|7\/100\n|-status|p1a: Ditto|frz\n|-curestatus|p1a: Ditto|frz|[msg]\n|move|p1a: Ditto|Dazzling Gleam|p2a: Magnezone\n|-resisted|p2a: Magnezone\n|-damage|p2a: Magnezone|19\/100\n|\n|upkeep\n|turn|10\n|\n|t:|1698279910\n|move|p2a: Magnezone|Volt Switch|p1a: Ditto\n|-damage|p1a: Ditto|0 fnt\n|faint|p1a: Ditto\n|\n|t:|1698279925\n|switch|p2a: Thundurus|Thundurus-Therian, M|60\/100|[from] Volt Switch\n|\n|upkeep\n|\n|t:|1698279937\n|switch|p1a: Mew|Mew|100\/100\n|turn|11\n|\n|t:|1698279947\n|move|p1a: Mew|Ice Beam|p2a: Thundurus\n|-supereffective|p2a: Thundurus\n|-damage|p2a: Thundurus|0 fnt\n|faint|p2a: Thundurus\n|\n|upkeep\n|\n|t:|1698279958\n|switch|p2a: Gholdengo|Gholdengo|100\/100\n|turn|12\n|\n|t:|1698279970\n|move|p1a: Mew|Ice Beam|p2a: Gholdengo\n|-resisted|p2a: Gholdengo\n|-damage|p2a: Gholdengo|84\/100\n|move|p2a: Gholdengo|Nasty Plot|p2a: Gholdengo\n|-boost|p2a: Gholdengo|spa|2\n|\n|upkeep\n|turn|13\n|\n|t:|1698279982\n|switch|p1a: Heracross|Heracross, M|100\/100\n|switch|p2a: Quaquaval|Quaquaval, F|100\/100\n|\n|upkeep\n|turn|14\n|c|\u2606kzootops|once again im an idiot lol\n|\n|t:|1698279999\n|move|p1a: Heracross|Grass Knot|p2a: Quaquaval\n|-supereffective|p2a: Quaquaval\n|-damage|p2a: Quaquaval|5\/100\n|-damage|p1a: Heracross|91\/100|[from] item: Life Orb\n|move|p2a: Quaquaval|Knock Off|p1a: Heracross\n|-supereffective|p1a: Heracross\n|-damage|p1a: Heracross|0 fnt\n|replace|p1a: Zoroark|Zoroark-Hisui, M\n|-end|p1a: Zoroark|Illusion\n|-enditem|p1a: Zoroark|Life Orb|[from] move: Knock Off|[of] p2a: Quaquaval\n|faint|p1a: Zoroark\n|-ability|p2a: Quaquaval|Moxie|boost\n|-boost|p2a: Quaquaval|atk|1\n|\n|upkeep\n|c|\u2606Steeltachi|Lol\n|\n|t:|1698280019\n|switch|p1a: Mew|Mew|100\/100\n|turn|15\n|\n|t:|1698280049\n|switch|p2a: Hatterene|Hatterene, F|13\/100\n|move|p1a: Mew|Transform|p2a: Hatterene\n|-transform|p1a: Mew|p2a: Hatterene\n|\n|upkeep\n|turn|16\n|\n|t:|1698280062\n|move|p1a: Mew|Dazzling Gleam|p2a: Hatterene\n|-crit|p2a: Hatterene\n|-damage|p2a: Hatterene|0 fnt\n|faint|p2a: Hatterene\n|\n|upkeep\n|\n|t:|1698280105\n|switch|p2a: Gholdengo|Gholdengo|84\/100\n|turn|17\n|\n|t:|1698280110\n|move|p2a: Gholdengo|Make It Rain|p1a: Mew\n|-supereffective|p1a: Mew\n|-damage|p1a: Mew|0 fnt\n|-unboost|p2a: Gholdengo|spa|1\n|faint|p1a: Mew\n|\n|upkeep\n|\n|t:|1698280124\n|switch|p1a: Ursaluna|Ursaluna-Bloodmoon, M|100\/100\n|turn|18\n|\n|t:|1698280156\n|switch|p2a: Quaquaval|Quaquaval, F|5\/100\n|move|p1a: Ursaluna|Calm Mind|p1a: Ursaluna\n|-boost|p1a: Ursaluna|spa|1\n|-boost|p1a: Ursaluna|spd|1\n|\n|upkeep\n|turn|19\n|\n|t:|1698280166\n|move|p1a: Ursaluna|Vacuum Wave|p2a: Quaquaval\n|-damage|p2a: Quaquaval|0 fnt\n|faint|p2a: Quaquaval\n|\n|upkeep\n|\n|t:|1698280170\n|switch|p2a: Goodra|Goodra, M|44\/100\n|turn|20\n|\n|t:|1698280181\n|move|p2a: Goodra|Ice Beam|p1a: Ursaluna\n|-supereffective|p1a: Ursaluna\n|-damage|p1a: Ursaluna|59\/100\n|move|p1a: Ursaluna|Earth Power|p2a: Goodra\n|-damage|p2a: Goodra|9\/100\n|\n|-heal|p1a: Ursaluna|65\/100|[from] item: Leftovers\n|upkeep\n|turn|21\n|\n|t:|1698280222\n|move|p1a: Ursaluna|Vacuum Wave|p2a: Goodra\n|-damage|p2a: Goodra|0 fnt\n|faint|p2a: Goodra\n|\n|-heal|p1a: Ursaluna|71\/100|[from] item: Leftovers\n|upkeep\n|\n|t:|1698280232\n|switch|p2a: Gholdengo|Gholdengo|84\/100\n|turn|22\n|\n|t:|1698280238\n|move|p2a: Gholdengo|Make It Rain|p1a: Ursaluna\n|-damage|p1a: Ursaluna|4\/100\n|-unboost|p2a: Gholdengo|spa|1\n|move|p1a: Ursaluna|Blood Moon|p2a: Gholdengo\n|-resisted|p2a: Gholdengo\n|-damage|p2a: Gholdengo|11\/100\n|\n|-heal|p1a: Ursaluna|10\/100|[from] item: Leftovers\n|upkeep\n|turn|23\n|\n|t:|1698280254\n|move|p1a: Ursaluna|Vacuum Wave|p2a: Gholdengo\n|-supereffective|p2a: Gholdengo\n|-damage|p2a: Gholdengo|0 fnt\n|faint|p2a: Gholdengo\n|\n|-heal|p1a: Ursaluna|16\/100|[from] item: Leftovers\n|upkeep\n|\n|t:|1698280259\n|switch|p2a: Magnezone|Magnezone|19\/100\n|turn|24\n|\n|t:|1698280264\n|move|p1a: Ursaluna|Vacuum Wave|p2a: Magnezone\n|-supereffective|p2a: Magnezone\n|-damage|p2a: Magnezone|0 fnt\n|faint|p2a: Magnezone\n|\n|win|Steeltachi\n|c|\u2606kzootops|dang gg\n|c|\u2606Steeltachi|ggs\n|j| CLECrustles\n|l|\u2606kzootops\n","uploadtime":1698280276,"views":23,"p1id":"steeltachi","p2id":"kzootops","formatid":"gen9anythinggoes","rating":0,"private":0,"password":""}