{"id":"gen9anythinggoes-2000485939","p1":"GarchompDeez","p2":"feng_wulf","format":"[Gen 9] Anything Goes","log":"|j|\u2606GarchompDeez\n|j|\u2606feng_wulf\n|t:|1701198820\n|gametype|singles\n|player|p1|GarchompDeez|scientist-gen4dp|1161\n|player|p2|feng_wulf|shadowtriad|1196\n|teamsize|p1|6\n|teamsize|p2|6\n|gen|9\n|tier|[Gen 9] Anything Goes\n|rated|\n|rule|HP Percentage Mod: HP is shown in percentages\n|rule|Endless Battle Clause: Forcing endless battles is banned\n|clearpoke\n|poke|p1|Zoroark-Hisui, M|\n|poke|p1|Grimmsnarl, M|\n|poke|p1|Calyrex-Shadow|\n|poke|p1|Ceruledge, F|\n|poke|p1|Darkrai|\n|poke|p1|Ursaluna-Bloodmoon, M|\n|poke|p2|Glimmora, M|\n|poke|p2|Manaphy|\n|poke|p2|Zacian-*|\n|poke|p2|Maushold-Four|\n|poke|p2|Maushold-Four|\n|poke|p2|Houndstone, M|\n|teampreview\n|inactive|Battle timer is ON: inactive players will automatically lose when time's up. (requested by feng_wulf)\n|inactive|GarchompDeez also wants the timer to be on.\n|l|\u2606GarchompDeez\n|inactive|GarchompDeez disconnected and has a minute to reconnect!\n|player|p1|\n|inactive|GarchompDeez has 30 seconds to reconnect!\n|j|\u2606GarchompDeez\n|inactive|GarchompDeez reconnected and has 120 seconds left.\n|player|p1|GarchompDeez|scientist-gen4dp\n|\n|t:|1701198858\n|start\n|switch|p1a: Soviet Bear|Ursaluna-Bloodmoon, M|100\/100\n|switch|p2a: mah duud|Glimmora, M|100\/100\n|turn|1\n|\n|t:|1701198864\n|move|p2a: mah duud|Stealth Rock|p1a: Soviet Bear\n|-sidestart|p1: GarchompDeez|move: Stealth Rock\n|move|p1a: Soviet Bear|Trick|p2a: mah duud\n|-activate|p1a: Soviet Bear|move: Trick|[of] p2a: mah duud\n|-item|p2a: mah duud|Choice Specs|[from] move: Trick\n|-item|p1a: Soviet Bear|Focus Sash|[from] move: Trick\n|\n|upkeep\n|turn|2\n|\n|t:|1701198882\n|move|p2a: mah duud|Spikes|p1a: Soviet Bear\n|-sidestart|p1: GarchompDeez|Spikes\n|move|p1a: Soviet Bear|Torment|p2a: mah duud\n|-start|p2a: mah duud|Torment\n|\n|upkeep\n|turn|3\n|\n|t:|1701198893\n|-activate|p2a: mah duud|move: Struggle\n|move|p2a: mah duud|Struggle|p1a: Soviet Bear\n|-damage|p1a: Soviet Bear|87\/100\n|replace|p1a: Mmmkay|Zoroark-Hisui, M\n|-end|p1a: Mmmkay|Illusion\n|-damage|p2a: mah duud|75\/100|[from] recoil\n|move|p1a: Mmmkay|Poltergeist|p2a: mah duud|[miss]\n|-miss|p1a: Mmmkay|p2a: mah duud\n|\n|upkeep\n|turn|4\n|\n|t:|1701198904\n|move|p2a: mah duud|Spikes|p1a: Mmmkay\n|-sidestart|p1: GarchompDeez|Spikes\n|move|p1a: Mmmkay|Poltergeist|p2a: mah duud\n|-activate|p2a: mah duud|move: Poltergeist|Choice Specs\n|-damage|p2a: mah duud|32\/100\n|-activate|p2a: mah duud|ability: Toxic Debris\n|-sidestart|p1: GarchompDeez|move: Toxic Spikes\n|\n|upkeep\n|turn|5\n|\n|t:|1701198925\n|-activate|p2a: mah duud|move: Struggle\n|move|p2a: mah duud|Struggle|p1a: Mmmkay\n|-damage|p1a: Mmmkay|75\/100\n|-damage|p2a: mah duud|6\/100|[from] recoil\n|move|p1a: Mmmkay|Poltergeist|p2a: mah duud\n|-activate|p2a: mah duud|move: Poltergeist|Choice Specs\n|-damage|p2a: mah duud|0 fnt\n|-activate|p2a: mah duud|ability: Toxic Debris\n|-sidestart|p1: GarchompDeez|move: Toxic Spikes\n|faint|p2a: mah duud\n|\n|upkeep\n|\n|t:|1701198937\n|switch|p2a: squeak squad|Maushold-Four|100\/100\n|turn|6\n|\n|t:|1701198951\n|move|p2a: squeak squad|Crunch|p1a: Mmmkay\n|-supereffective|p1a: Mmmkay\n|-damage|p1a: Mmmkay|2\/100\n|move|p1a: Mmmkay|Torment|p2a: squeak squad\n|-start|p2a: squeak squad|Torment\n|\n|upkeep\n|turn|7\n|\n|t:|1701198972\n|switch|p2a: dave|Maushold-Four|100\/100\n|switch|p1a: Soviet Bear|Ursaluna-Bloodmoon, M|100\/100\n|-damage|p1a: Soviet Bear|95\/100|[from] Stealth Rock\n|-damage|p1a: Soviet Bear|78\/100|[from] Spikes\n|-status|p1a: Soviet Bear|tox\n|\n|-damage|p1a: Soviet Bear|72\/100 tox|[from] psn\n|upkeep\n|turn|8\n|\n|t:|1701198987\n|move|p2a: dave|Population Bomb|p1a: Soviet Bear\n|-damage|p1a: Soviet Bear|65\/100 tox\n|-damage|p1a: Soviet Bear|56\/100 tox\n|-damage|p1a: Soviet Bear|48\/100 tox\n|-damage|p1a: Soviet Bear|40\/100 tox\n|-damage|p1a: Soviet Bear|33\/100 tox\n|-damage|p1a: Soviet Bear|24\/100 tox\n|-damage|p1a: Soviet Bear|17\/100 tox\n|-damage|p1a: Soviet Bear|9\/100 tox\n|-damage|p1a: Soviet Bear|1\/100 tox\n|-damage|p1a: Soviet Bear|0 fnt\n|faint|p1a: Soviet Bear\n|-hitcount|p1: Soviet Bear|10\n|\n|upkeep\n|inactive|GarchompDeez has 120 seconds left.\n|\n|t:|1701199010\n|switch|p1a: Pestilence|Darkrai|100\/100\n|-damage|p1a: Pestilence|88\/100|[from] Stealth Rock\n|-damage|p1a: Pestilence|72\/100|[from] Spikes\n|-status|p1a: Pestilence|tox\n|turn|9\n|\n|t:|1701199018\n|move|p2a: dave|Crunch|p1a: Pestilence\n|-resisted|p1a: Pestilence\n|-damage|p1a: Pestilence|61\/100 tox\n|move|p1a: Pestilence|Confuse Ray|p2a: dave\n|-start|p2a: dave|confusion\n|\n|-heal|p1a: Pestilence|67\/100 tox|[from] item: Leftovers\n|-damage|p1a: Pestilence|61\/100 tox|[from] psn\n|upkeep\n|turn|10\n|inactive|GarchompDeez has 120 seconds left.\n|\n|t:|1701199038\n|-activate|p2a: dave|confusion\n|move|p2a: dave|Crunch|p1a: Pestilence\n|-resisted|p1a: Pestilence\n|-damage|p1a: Pestilence|51\/100 tox\n|-unboost|p1a: Pestilence|def|1\n|move|p1a: Pestilence|Hypnosis|p2a: dave\n|-status|p2a: dave|slp|[from] move: Hypnosis\n|\n|-heal|p1a: Pestilence|57\/100 tox|[from] item: Leftovers\n|-damage|p1a: Pestilence|45\/100 tox|[from] psn\n|-damage|p2a: dave|88\/100 slp|[from] ability: Bad Dreams|[of] p1a: Pestilence\n|upkeep\n|turn|11\n|\n|t:|1701199055\n|switch|p2a: sharp bork|Zacian-Crowned, shiny|100\/100\n|-ability|p2a: sharp bork|Intrepid Sword|boost\n|-boost|p2a: sharp bork|atk|1\n|move|p1a: Pestilence|Disable||[still]\n|-fail|p1a: Pestilence\n|\n|-heal|p1a: Pestilence|51\/100 tox|[from] item: Leftovers\n|-damage|p1a: Pestilence|33\/100 tox|[from] psn\n|upkeep\n|turn|12\n|\n|t:|1701199073\n|move|p2a: sharp bork|Behemoth Blade|p1a: Pestilence\n|-damage|p1a: Pestilence|0 fnt\n|faint|p1a: Pestilence\n|\n|upkeep\n|\n|t:|1701199081\n|switch|p1a: Big boi|Grimmsnarl, M|100\/100\n|-damage|p1a: Big boi|88\/100|[from] Stealth Rock\n|-damage|p1a: Big boi|72\/100|[from] Spikes\n|-status|p1a: Big boi|tox\n|turn|13\n|\n|t:|1701199090\n|move|p1a: Big boi|Trick||[still]\n|-fail|p1a: Big boi\n|move|p2a: sharp bork|Behemoth Blade|p1a: Big boi\n|-supereffective|p1a: Big boi\n|-damage|p1a: Big boi|0 fnt\n|faint|p1a: Big boi\n|\n|upkeep\n|\n|t:|1701199094\n|switch|p1a: Ceruledge|Ceruledge, F|100\/100\n|-damage|p1a: Ceruledge|75\/100|[from] Stealth Rock\n|-damage|p1a: Ceruledge|59\/100|[from] Spikes\n|-status|p1a: Ceruledge|tox\n|turn|14\n|\n|t:|1701199110\n|switch|p2a: Splish splash|Manaphy|100\/100\n|move|p1a: Ceruledge|Destiny Bond|p1a: Ceruledge\n|-singlemove|p1a: Ceruledge|Destiny Bond\n|\n|-damage|p1a: Ceruledge|53\/100 tox|[from] psn\n|upkeep\n|turn|15\n|inactive|GarchompDeez has 120 seconds left.\n|\n|t:|1701199128\n|switch|p2a: squeak squad|Maushold-Four|100\/100\n|move|p1a: Ceruledge|Destiny Bond||[still]\n|-fail|p1a: Ceruledge\n|\n|-damage|p1a: Ceruledge|40\/100 tox|[from] psn\n|upkeep\n|turn|16\n|\n|t:|1701199139\n|move|p2a: squeak squad|Crunch|p1a: Ceruledge\n|-supereffective|p1a: Ceruledge\n|-damage|p1a: Ceruledge|0 fnt\n|faint|p1a: Ceruledge\n|\n|upkeep\n|\n|t:|1701199151\n|switch|p1a: Manless Horsehead|Calyrex-Shadow|2\/100\n|-damage|p1a: Manless Horsehead|0 fnt|[from] Stealth Rock\n|faint|p1a: Manless Horsehead\n|\n|t:|1701199155\n|switch|p1a: Manless Horsehead|Calyrex-Shadow|100\/100\n|-ability|p1a: Manless Horsehead|As One\n|-ability|p1a: Manless Horsehead|Unnerve\n|-damage|p1a: Manless Horsehead|88\/100|[from] Stealth Rock\n|-damage|p1a: Manless Horsehead|72\/100|[from] Spikes\n|-status|p1a: Manless Horsehead|tox\n|turn|17\n|inactive|GarchompDeez has 120 seconds left.\n|\n|t:|1701199167\n|move|p1a: Manless Horsehead|Psyshock|p2a: squeak squad\n|-damage|p2a: squeak squad|26\/100\n|move|p2a: squeak squad|Crunch|p1a: Manless Horsehead\n|-supereffective|p1a: Manless Horsehead\n|-damage|p1a: Manless Horsehead|0 fnt\n|-damage|p2a: squeak squad|9\/100|[from] item: Rocky Helmet|[of] p1a: Manless Horsehead\n|faint|p1a: Manless Horsehead\n|\n|win|feng_wulf\n|raw|GarchompDeez's rating: 1161 &rarr; <strong>1139<\/strong><br \/>(-22 for losing)\n|raw|feng_wulf's rating: 1196 &rarr; <strong>1218<\/strong><br \/>(+22 for winning)\n|c|\u2606feng_wulf|gg\n|l|\u2606GarchompDeez\n","uploadtime":1701199194,"views":0,"p1id":"garchompdeez","p2id":"fengwulf","formatid":"gen9anythinggoes","rating":1139,"private":0,"password":""}