{"id":"gen9anythinggoes-1981326850","p1":"Samy1325","p2":"Ryoshi2000","format":"[Gen 9] Anything Goes","log":"|j|\u2606Samy1325\n|j|\u2606Ryoshi2000\n|t:|1698883962\n|gametype|singles\n|player|p1|Samy1325|n|1140\n|player|p2|Ryoshi2000|giovanni|1203\n|teamsize|p1|6\n|teamsize|p2|6\n|gen|9\n|tier|[Gen 9] Anything Goes\n|rated|\n|rule|HP Percentage Mod: HP is shown in percentages\n|rule|Endless Battle Clause: Forcing endless battles is banned\n|clearpoke\n|poke|p1|Calyrex-Shadow|\n|poke|p1|Ribombee, F|\n|poke|p1|Arcanine-Hisui, F|\n|poke|p1|Geodude, F|\n|poke|p1|Ninetales, M|\n|poke|p1|Donphan, M|\n|poke|p2|Skeledirge, M|\n|poke|p2|Hawlucha, F|\n|poke|p2|Toxtricity, M|\n|poke|p2|Kingambit, M|\n|poke|p2|Hatterene, F|\n|poke|p2|Haxorus, M|\n|teampreview\n|inactive|Battle timer is ON: inactive players will automatically lose when time's up. (requested by Samy1325)\n|\n|t:|1698883984\n|start\n|switch|p1a: Geodude|Geodude, F|100\/100\n|switch|p2a: Hawlucha|Hawlucha, F|100\/100\n|turn|1\n|\n|t:|1698883993\n|move|p2a: Hawlucha|Swords Dance|p2a: Hawlucha\n|-boost|p2a: Hawlucha|atk|2\n|move|p1a: Geodude|Stealth Rock|p2a: Hawlucha\n|-sidestart|p2: Ryoshi2000|move: Stealth Rock\n|\n|upkeep\n|turn|2\n|\n|t:|1698883999\n|move|p2a: Hawlucha|Swords Dance|p2a: Hawlucha\n|-boost|p2a: Hawlucha|atk|2\n|move|p1a: Geodude|Explosion|p2a: Hawlucha\n|-damage|p2a: Hawlucha|42\/100\n|faint|p1a: Geodude\n|\n|upkeep\n|\n|t:|1698884008\n|switch|p1a: Arcanine|Arcanine-Hisui, F|100\/100\n|turn|3\n|\n|t:|1698884014\n|move|p1a: Arcanine|Iron Head|p2a: Hawlucha\n|-damage|p2a: Hawlucha|8\/100\n|cant|p2a: Hawlucha|flinch\n|\n|upkeep\n|turn|4\n|\n|t:|1698884020\n|move|p1a: Arcanine|Iron Head|p2a: Hawlucha\n|-damage|p2a: Hawlucha|0 fnt\n|faint|p2a: Hawlucha\n|\n|upkeep\n|c|\u2606Ryoshi2000|whatttt\n|c|\u2606Samy1325|Lol\n|c|\u2606Ryoshi2000|why didnt my sash work\n|c|\u2606Samy1325|Focus sash?\n|inactive|Ryoshi2000 has 120 seconds left.\n|c|\u2606Ryoshi2000|yeah\n|\n|t:|1698884054\n|switch|p2a: Toxtricity|Toxtricity, M|100\/100\n|-damage|p2a: Toxtricity|88\/100|[from] Stealth Rock\n|turn|5\n|c|\u2606Ryoshi2000|that was weird\n|c|\u2606Samy1325|Is work only if you are at 100%\n|inactive|Ryoshi2000 has 120 seconds left.\n|\n|t:|1698884085\n|switch|p1a: Donphan|Donphan, M|100\/100\n|move|p2a: Toxtricity|Boomburst|p1a: Donphan\n|-damage|p1a: Donphan|22\/100\n|-enditem|p1a: Donphan|Sitrus Berry|[eat]\n|-heal|p1a: Donphan|47\/100|[from] item: Sitrus Berry\n|-damage|p2a: Toxtricity|78\/100|[from] item: Life Orb\n|\n|upkeep\n|turn|6\n|c|\u2606Ryoshi2000|what it has never worked like that weirdd\n|inactive|Ryoshi2000 has 90 seconds left.\n|\n|t:|1698884106\n|switch|p1a: Gg|Calyrex-Shadow|100\/100\n|-ability|p1a: Gg|As One\n|-ability|p1a: Gg|Unnerve\n|move|p2a: Toxtricity|Boomburst|p1a: Gg\n|-immune|p1a: Gg\n|\n|upkeep\n|turn|7\n|\n|t:|1698884119\n|move|p1a: Gg|Psyshock|p2a: Toxtricity\n|-supereffective|p2a: Toxtricity\n|-damage|p2a: Toxtricity|0 fnt\n|faint|p2a: Toxtricity\n|-ability|p1a: Gg|Grim Neigh|boost\n|-boost|p1a: Gg|spa|1\n|-damage|p1a: Gg|91\/100|[from] item: Life Orb\n|\n|upkeep\n|\n|t:|1698884122\n|switch|p2a: Kingambit|Kingambit, M|100\/100\n|-damage|p2a: Kingambit|94\/100|[from] Stealth Rock\n|turn|8\n|\n|t:|1698884133\n|switch|p1a: Donphan|Donphan, M|47\/100\n|move|p2a: Kingambit|Kowtow Cleave|p1a: Donphan\n|-damage|p1a: Donphan|15\/100\n|\n|upkeep\n|turn|9\n|\n|t:|1698884140\n|move|p2a: Kingambit|Sucker Punch|p1a: Donphan\n|-damage|p1a: Donphan|0 fnt\n|faint|p1a: Donphan\n|\n|upkeep\n|\n|t:|1698884145\n|switch|p1a: Ribombee|Ribombee, F|100\/100\n|turn|10\n|\n|t:|1698884150\n|move|p1a: Ribombee|Sticky Web|p2a: Kingambit\n|-sidestart|p2: Ryoshi2000|move: Sticky Web\n|move|p2a: Kingambit|Iron Head|p1a: Ribombee\n|-supereffective|p1a: Ribombee\n|-enditem|p1a: Ribombee|Focus Sash\n|-damage|p1a: Ribombee|1\/100\n|\n|upkeep\n|turn|11\n|\n|t:|1698884158\n|move|p1a: Ribombee|Protect|p1a: Ribombee\n|-singleturn|p1a: Ribombee|Protect\n|move|p2a: Kingambit|Iron Head|p1a: Ribombee\n|-activate|p1a: Ribombee|move: Protect\n|\n|upkeep\n|turn|12\n|\n|t:|1698884169\n|move|p1a: Ribombee|Bug Buzz|p2a: Kingambit\n|-damage|p2a: Kingambit|75\/100\n|move|p2a: Kingambit|Iron Head|p1a: Ribombee\n|-supereffective|p1a: Ribombee\n|-crit|p1a: Ribombee\n|-damage|p1a: Ribombee|0 fnt\n|faint|p1a: Ribombee\n|\n|upkeep\n|c|\u2606Samy1325|Its alr\n|c|\u2606Samy1325|I can still win this\n|inactive|Samy1325 has 120 seconds left.\n|\n|t:|1698884197\n|switch|p1a: Ninetales|Ninetales, M|100\/100\n|-weather|SunnyDay|[from] ability: Drought|[of] p1a: Ninetales\n|turn|13\n|c|\u2606Ryoshi2000|yeah you really can\n|inactive|Samy1325 has 120 seconds left.\n|\n|t:|1698884207\n|switch|p2a: Skeledirge|Skeledirge, M|100\/100\n|-damage|p2a: Skeledirge|76\/100|[from] Stealth Rock\n|-activate|p2a: Skeledirge|move: Sticky Web\n|-unboost|p2a: Skeledirge|spe|1\n|move|p1a: Ninetales|Flame Charge|p2a: Skeledirge\n|-resisted|p2a: Skeledirge\n|-damage|p2a: Skeledirge|64\/100\n|-boost|p1a: Ninetales|spe|1\n|\n|-weather|SunnyDay|[upkeep]\n|upkeep\n|turn|14\n|inactive|Samy1325 has 120 seconds left.\n|\n|t:|1698884220\n|move|p1a: Ninetales|Foul Play|p2a: Skeledirge\n|-supereffective|p2a: Skeledirge\n|-damage|p2a: Skeledirge|43\/100\n|-enditem|p2a: Skeledirge|Weakness Policy\n|-boost|p2a: Skeledirge|atk|2|[from] item: Weakness Policy\n|-boost|p2a: Skeledirge|spa|2|[from] item: Weakness Policy\n|move|p2a: Skeledirge|Earth Power|p1a: Ninetales\n|-supereffective|p1a: Ninetales\n|-damage|p1a: Ninetales|0 fnt\n|faint|p1a: Ninetales\n|\n|-weather|SunnyDay|[upkeep]\n|upkeep\n|inactive|Samy1325 has 120 seconds left.\n|c|\u2606Samy1325|Weakness polive\n|c|\u2606Samy1325|\u2620\ufe0f\n|\n|t:|1698884240\n|switch|p1a: Arcanine|Arcanine-Hisui, F|100\/100\n|turn|15\n|c|\u2606Ryoshi2000|what its good and it works\n|\n|t:|1698884249\n|-terastallize|p1a: Arcanine|Rock\n|-terastallize|p2a: Skeledirge|Ground\n|move|p1a: Arcanine|Head Smash|p2a: Skeledirge|[miss]\n|-miss|p1a: Arcanine|p2a: Skeledirge\n|move|p2a: Skeledirge|Earth Power|p1a: Arcanine\n|-supereffective|p1a: Arcanine\n|-damage|p1a: Arcanine|0 fnt\n|faint|p1a: Arcanine\n|\n|-weather|SunnyDay|[upkeep]\n|upkeep\n|c|\u2606Samy1325|Bruhhh\n|c|\u2606Samy1325|Seriouslu\n|c|\u2606Samy1325|80%\n|c|\u2606Ryoshi2000|yuppp\n|\n|t:|1698884264\n|switch|p1a: Gg|Calyrex-Shadow|91\/100\n|-ability|p1a: Gg|As One\n|-ability|p1a: Gg|Unnerve\n|turn|16\n|\n|t:|1698884272\n|move|p1a: Gg|Astral Barrage|p2a: Skeledirge\n|-damage|p2a: Skeledirge|0 fnt\n|faint|p2a: Skeledirge\n|-ability|p1a: Gg|Grim Neigh|boost\n|-boost|p1a: Gg|spa|1\n|-damage|p1a: Gg|81\/100|[from] item: Life Orb\n|\n|-weather|SunnyDay|[upkeep]\n|upkeep\n|\n|t:|1698884276\n|switch|p2a: Kingambit|Kingambit, M|75\/100\n|-damage|p2a: Kingambit|69\/100|[from] Stealth Rock\n|-activate|p2a: Kingambit|move: Sticky Web\n|-unboost|p2a: Kingambit|spe|1\n|-ability|p2a: Kingambit|Defiant|boost\n|-boost|p2a: Kingambit|atk|2\n|turn|17\n|inactive|Samy1325 has 120 seconds left.\n|\n|t:|1698884289\n|move|p1a: Gg|Draining Kiss|p2a: Kingambit\n|-damage|p2a: Kingambit|42\/100\n|-heal|p1a: Gg|100\/100|[from] drain|[of] p2a: Kingambit\n|-damage|p1a: Gg|91\/100|[from] item: Life Orb\n|move|p2a: Kingambit|Kowtow Cleave|p1a: Gg\n|-supereffective|p1a: Gg\n|-damage|p1a: Gg|0 fnt\n|faint|p1a: Gg\n|\n|win|Ryoshi2000\n|raw|Samy1325's rating: 1140 &rarr; <strong>1119<\/strong><br \/>(-21 for losing)\n|raw|Ryoshi2000's rating: 1203 &rarr; <strong>1224<\/strong><br \/>(+21 for winning)\n|c|\u2606Samy1325|Bruh\n|c|\u2606Samy1325|Rematch\n|c|\u2606Ryoshi2000|gg\n|l|\u2606Samy1325\n|c|\u2606Ryoshi2000|okay\n","uploadtime":1698884307,"views":9,"p1id":"samy1325","p2id":"ryoshi2000","formatid":"gen9anythinggoes","rating":1119,"private":0,"password":""}