{"id":"gen9anythinggoes-1987331103","p1":"Hex Offenders","p2":"Cxlin4","format":"[Gen 9] Anything Goes","log":"|j|\u2606Hex Offenders\n|j|\u2606Cxlin4\n|t:|1699578357\n|gametype|singles\n|player|p1|Hex Offenders|medium|\n|player|p2|Cxlin4|clown|\n|teamsize|p1|6\n|teamsize|p2|6\n|gen|9\n|tier|[Gen 9] Anything Goes\n|rule|HP Percentage Mod: HP is shown in percentages\n|rule|Endless Battle Clause: Forcing endless battles is banned\n|clearpoke\n|poke|p1|Corviknight, F|\n|poke|p1|Landorus-Therian, M|\n|poke|p1|Snorlax, M|\n|poke|p1|Infernape, F|\n|poke|p1|Baxcalibur, F|\n|poke|p1|Azumarill, F|\n|poke|p2|Dragonite, F|\n|poke|p2|Cinderace, M|\n|poke|p2|Meowscarada, M|\n|poke|p2|Venomoth, M|\n|poke|p2|Greninja-*, F|\n|poke|p2|Arcanine-Hisui, F|\n|teampreview\n|\n|t:|1699578389\n|start\n|switch|p1a: Thanos|Snorlax, M|100\/100\n|switch|p2a: Smooth Brain|Greninja, F|100\/100\n|turn|1\n|\n|t:|1699578437\n|move|p2a: Smooth Brain|U-turn|p1a: Thanos\n|-start|p2a: Smooth Brain|typechange|Bug|[from] ability: Protean\n|-damage|p1a: Thanos|78\/100\n|\n|t:|1699578445\n|switch|p2a: Norm|Venomoth, M|100\/100|[from] U-turn\n|move|p1a: Thanos|Facade|p2a: Norm|[miss]\n|-miss|p1a: Thanos|p2a: Norm\n|\n|-heal|p1a: Thanos|84\/100|[from] item: Leftovers\n|upkeep\n|turn|2\n|\n|t:|1699578504\n|switch|p1a: Dark Knight|Corviknight, F, shiny|100\/100\n|move|p2a: Norm|Sleep Powder|p1a: Dark Knight|[miss]\n|-miss|p2a: Norm|p1a: Dark Knight\n|\n|upkeep\n|turn|3\n|\n|t:|1699578547\n|switch|p1a: Thanos|Snorlax, M|84\/100\n|move|p2a: Norm|Sleep Powder|p1a: Thanos\n|-status|p1a: Thanos|slp|[from] move: Sleep Powder\n|\n|-heal|p1a: Thanos|90\/100 slp|[from] item: Leftovers\n|upkeep\n|turn|4\n|\n|t:|1699578578\n|switch|p2a: Lava Dog|Arcanine-Hisui, F|100\/100\n|cant|p1a: Thanos|slp\n|move|p1a: Thanos|Sleep Talk|p1a: Thanos\n|move|p1a: Thanos|Rest||[from]move: Sleep Talk|[still]\n|-fail|p1a: Thanos\n|\n|-heal|p1a: Thanos|96\/100 slp|[from] item: Leftovers\n|upkeep\n|turn|5\n|\n|t:|1699578589\n|switch|p1a: Twinkie|Azumarill, F, shiny|100\/100\n|move|p2a: Lava Dog|Close Combat|p1a: Twinkie\n|-resisted|p1a: Twinkie\n|-damage|p1a: Twinkie|83\/100\n|-unboost|p2a: Lava Dog|def|1\n|-unboost|p2a: Lava Dog|spd|1\n|\n|upkeep\n|turn|6\n|\n|t:|1699578657\n|switch|p2a: Pussimon|Meowscarada, M|100\/100\n|move|p1a: Twinkie|Play Rough|p2a: Pussimon\n|-supereffective|p2a: Pussimon\n|-damage|p2a: Pussimon|0 fnt\n|faint|p2a: Pussimon\n|\n|upkeep\n|\n|t:|1699578687\n|switch|p2a: Norm|Venomoth, M|100\/100\n|turn|7\n|\n|t:|1699578704\n|switch|p1a: Dark Knight|Corviknight, F, shiny|100\/100\n|move|p2a: Norm|Sludge Bomb|p1a: Dark Knight\n|-immune|p1a: Dark Knight\n|\n|upkeep\n|turn|8\n|\n|t:|1699578757\n|switch|p2a: Smooth Brain|Greninja, F|100\/100\n|move|p1a: Dark Knight|Drill Peck|p2a: Smooth Brain\n|-damage|p2a: Smooth Brain|59\/100\n|\n|-heal|p2a: Smooth Brain|65\/100|[from] item: Leftovers\n|upkeep\n|turn|9\n|\n|t:|1699578815\n|switch|p1a: Twinkie|Azumarill, F, shiny|83\/100\n|move|p2a: Smooth Brain|Ice Beam|p1a: Twinkie\n|-start|p2a: Smooth Brain|typechange|Ice|[from] ability: Protean\n|-resisted|p1a: Twinkie\n|-damage|p1a: Twinkie|66\/100\n|-status|p1a: Twinkie|frz\n|\n|-heal|p2a: Smooth Brain|71\/100|[from] item: Leftovers\n|upkeep\n|turn|10\n|\n|t:|1699578888\n|switch|p2a: Norm|Venomoth, M|100\/100\n|cant|p1a: Twinkie|frz\n|\n|upkeep\n|turn|11\n|\n|t:|1699578896\n|switch|p1a: Thanos|Snorlax, M|96\/100 slp\n|move|p2a: Norm|Sludge Bomb|p1a: Thanos\n|-damage|p1a: Thanos|78\/100 slp\n|\n|-heal|p1a: Thanos|84\/100 slp|[from] item: Leftovers\n|upkeep\n|turn|12\n|\n|t:|1699578913\n|switch|p2a: Lava Dog|Arcanine-Hisui, F|100\/100\n|cant|p1a: Thanos|slp\n|move|p1a: Thanos|Sleep Talk|p1a: Thanos\n|move|p1a: Thanos|Facade|p2a: Lava Dog|[from]move: Sleep Talk\n|-resisted|p2a: Lava Dog\n|-damage|p2a: Lava Dog|85\/100\n|\n|-heal|p1a: Thanos|90\/100 slp|[from] item: Leftovers\n|upkeep\n|turn|13\n|\n|t:|1699578945\n|switch|p1a: Twinkie|Azumarill, F, shiny|66\/100 frz\n|move|p2a: Lava Dog|Close Combat|p1a: Twinkie\n|-resisted|p1a: Twinkie\n|-damage|p1a: Twinkie|47\/100 frz\n|-unboost|p2a: Lava Dog|def|1\n|-unboost|p2a: Lava Dog|spd|1\n|-enditem|p1a: Twinkie|Sitrus Berry|[eat]\n|-heal|p1a: Twinkie|72\/100 frz|[from] item: Sitrus Berry\n|\n|upkeep\n|turn|14\n|\n|t:|1699578992\n|switch|p2a: Norm|Venomoth, M|100\/100\n|-curestatus|p1a: Twinkie|frz|[msg]\n|move|p1a: Twinkie|Play Rough|p2a: Norm\n|-resisted|p2a: Norm\n|-damage|p2a: Norm|68\/100\n|\n|upkeep\n|turn|15\n|\n|t:|1699579034\n|switch|p1a: Thanos|Snorlax, M|90\/100 slp\n|move|p2a: Norm|Sludge Bomb|p1a: Thanos\n|-damage|p1a: Thanos|69\/100 slp\n|\n|-heal|p1a: Thanos|75\/100 slp|[from] item: Leftovers\n|upkeep\n|turn|16\n|\n|t:|1699579074\n|switch|p2a: Fire Mommy|Cinderace, M|100\/100\n|cant|p1a: Thanos|slp\n|\n|-heal|p1a: Thanos|81\/100 slp|[from] item: Leftovers\n|upkeep\n|turn|17\n|\n|t:|1699579104\n|switch|p1a: Twinkie|Azumarill, F, shiny|72\/100\n|move|p2a: Fire Mommy|Pyro Ball|p1a: Twinkie\n|-resisted|p1a: Twinkie\n|-damage|p1a: Twinkie|42\/100\n|\n|upkeep\n|turn|18\n|\n|t:|1699579161\n|switch|p2a: Smooth Brain|Greninja, F|71\/100\n|move|p1a: Twinkie|Liquidation|p2a: Smooth Brain\n|-resisted|p2a: Smooth Brain\n|-damage|p2a: Smooth Brain|41\/100\n|\n|-heal|p2a: Smooth Brain|47\/100|[from] item: Leftovers\n|upkeep\n|turn|19\n|\n|t:|1699579212\n|move|p2a: Smooth Brain|U-turn|p1a: Twinkie\n|-start|p2a: Smooth Brain|typechange|Bug|[from] ability: Protean\n|-resisted|p1a: Twinkie\n|-damage|p1a: Twinkie|29\/100\n|\n|t:|1699579227\n|switch|p2a: Fire Mommy|Cinderace, M|100\/100|[from] U-turn\n|move|p1a: Twinkie|Play Rough|p2a: Fire Mommy\n|-resisted|p2a: Fire Mommy\n|-damage|p2a: Fire Mommy|73\/100\n|-damage|p1a: Twinkie|13\/100|[from] item: Rocky Helmet|[of] p2a: Fire Mommy\n|\n|upkeep\n|turn|20\n|\n|t:|1699579277\n|switch|p1a: Monkey D Luffy|Infernape, F, shiny|100\/100\n|move|p2a: Fire Mommy|U-turn|p1a: Monkey D Luffy\n|-resisted|p1a: Monkey D Luffy\n|-damage|p1a: Monkey D Luffy|94\/100\n|\n|t:|1699579303\n|switch|p2a: Smooth Brain|Greninja, F|47\/100|[from] U-turn\n|\n|-heal|p2a: Smooth Brain|53\/100|[from] item: Leftovers\n|upkeep\n|turn|21\n|\n|t:|1699579334\n|move|p1a: Monkey D Luffy|Vacuum Wave|p2a: Smooth Brain\n|-supereffective|p2a: Smooth Brain\n|-damage|p2a: Smooth Brain|0 fnt\n|faint|p2a: Smooth Brain\n|\n|upkeep\n|\n|t:|1699579365\n|switch|p2a: Drag Queen|Dragonite, F|100\/100\n|turn|22\n|\n|t:|1699579409\n|move|p1a: Monkey D Luffy|Fire Blast|p2a: Drag Queen\n|-resisted|p2a: Drag Queen\n|-damage|p2a: Drag Queen|90\/100\n|move|p2a: Drag Queen|Earthquake|p1a: Monkey D Luffy\n|-supereffective|p1a: Monkey D Luffy\n|-damage|p1a: Monkey D Luffy|0 fnt\n|faint|p1a: Monkey D Luffy\n|\n|upkeep\n|\n|t:|1699579423\n|switch|p1a: Dark Knight|Corviknight, F, shiny|100\/100\n|turn|23\n|\n|t:|1699579495\n|switch|p2a: Fire Mommy|Cinderace, M|73\/100\n|move|p1a: Dark Knight|Drill Peck|p2a: Fire Mommy\n|-damage|p2a: Fire Mommy|36\/100\n|-damage|p1a: Dark Knight|84\/100|[from] item: Rocky Helmet|[of] p2a: Fire Mommy\n|\n|upkeep\n|turn|24\n|\n|t:|1699579529\n|switch|p1a: Thanos|Snorlax, M|81\/100 slp\n|move|p2a: Fire Mommy|Pyro Ball|p1a: Thanos\n|-damage|p1a: Thanos|58\/100 slp\n|\n|-heal|p1a: Thanos|64\/100 slp|[from] item: Leftovers\n|upkeep\n|turn|25\n|\n|t:|1699579610\n|move|p2a: Fire Mommy|U-turn|p1a: Thanos\n|-damage|p1a: Thanos|46\/100 slp\n|\n|t:|1699579640\n|switch|p2a: Lava Dog|Arcanine-Hisui, F|85\/100|[from] U-turn\n|-curestatus|p1a: Thanos|slp|[msg]\n|move|p1a: Thanos|Giga Impact|p2a: Lava Dog|[miss]\n|-miss|p1a: Thanos|p2a: Lava Dog\n|\n|-heal|p1a: Thanos|52\/100|[from] item: Leftovers\n|upkeep\n|turn|26\n|\n|t:|1699579680\n|move|p2a: Lava Dog|Close Combat|p1a: Thanos\n|-supereffective|p1a: Thanos\n|-damage|p1a: Thanos|0 fnt\n|-unboost|p2a: Lava Dog|def|1\n|-unboost|p2a: Lava Dog|spd|1\n|faint|p1a: Thanos\n|\n|upkeep\n|\n|t:|1699579735\n|switch|p1a: Landorus|Landorus-Therian, M|100\/100\n|-ability|p1a: Landorus|Intimidate|boost\n|-unboost|p2a: Lava Dog|atk|1\n|turn|27\n|\n|t:|1699579786\n|switch|p2a: Drag Queen|Dragonite, F|90\/100\n|move|p1a: Landorus|U-turn|p2a: Drag Queen\n|-resisted|p2a: Drag Queen\n|-damage|p2a: Drag Queen|73\/100\n|\n|t:|1699579792\n|switch|p1a: Dark Knight|Corviknight, F, shiny|84\/100|[from] U-turn\n|\n|upkeep\n|turn|28\n|\n|t:|1699579875\n|switch|p2a: Lava Dog|Arcanine-Hisui, F|85\/100\n|switch|p1a: Twinkie|Azumarill, F, shiny|13\/100\n|\n|upkeep\n|turn|29\n|\n|t:|1699579897\n|move|p2a: Lava Dog|Extreme Speed|p1a: Twinkie\n|-damage|p1a: Twinkie|0 fnt\n|faint|p1a: Twinkie\n|\n|upkeep\n|\n|t:|1699579902\n|switch|p1a: Landorus|Landorus-Therian, M|100\/100\n|-ability|p1a: Landorus|Intimidate|boost\n|-unboost|p2a: Lava Dog|atk|1\n|turn|30\n|\n|t:|1699579990\n|switch|p2a: Drag Queen|Dragonite, F|73\/100\n|move|p1a: Landorus|Outrage|p2a: Drag Queen\n|-supereffective|p2a: Drag Queen\n|-damage|p2a: Drag Queen|0 fnt\n|faint|p2a: Drag Queen\n|\n|upkeep\n|\n|t:|1699580050\n|switch|p2a: Fire Mommy|Cinderace, M|36\/100\n|turn|31\n|\n|t:|1699580103\n|move|p2a: Fire Mommy|Acrobatics|p1a: Landorus\n|-damage|p1a: Landorus|82\/100\n|move|p1a: Landorus|Outrage|p2a: Fire Mommy|[from]lockedmove\n|-damage|p2a: Fire Mommy|0 fnt\n|-damage|p1a: Landorus|65\/100|[from] item: Rocky Helmet|[of] p2a: Fire Mommy\n|faint|p2a: Fire Mommy\n|-start|p1a: Landorus|confusion|[fatigue]\n|\n|upkeep\n|\n|t:|1699580153\n|switch|p2a: Lava Dog|Arcanine-Hisui, F|85\/100\n|turn|32\n|\n|t:|1699580175\n|move|p2a: Lava Dog|Head Smash|p1a: Landorus\n|-damage|p1a: Landorus|0 fnt\n|faint|p1a: Landorus\n|\n|upkeep\n|\n|t:|1699580221\n|switch|p1a: Baxcalibur|Baxcalibur, F|100\/100\n|turn|33\n|\n|t:|1699580246\n|move|p2a: Lava Dog|Head Smash|p1a: Baxcalibur\n|-supereffective|p1a: Baxcalibur\n|-damage|p1a: Baxcalibur|0 fnt\n|faint|p1a: Baxcalibur\n|\n|upkeep\n|\n|t:|1699580250\n|switch|p1a: Dark Knight|Corviknight, F, shiny|84\/100\n|turn|34\n|\n|t:|1699580294\n|move|p2a: Lava Dog|Head Smash|p1a: Dark Knight\n|-damage|p1a: Dark Knight|25\/100\n|-damage|p2a: Lava Dog|69\/100|[from] item: Rocky Helmet|[of] p1a: Dark Knight\n|move|p1a: Dark Knight|Substitute|p1a: Dark Knight\n|-fail|p1a: Dark Knight|move: Substitute|[weak]\n|\n|upkeep\n|turn|35\n|\n|t:|1699580306\n|move|p2a: Lava Dog|Head Smash|p1a: Dark Knight|[miss]\n|-miss|p2a: Lava Dog|p1a: Dark Knight\n|move|p1a: Dark Knight|Roost|p1a: Dark Knight\n|-heal|p1a: Dark Knight|75\/100\n|-singleturn|p1a: Dark Knight|move: Roost\n|\n|upkeep\n|turn|36\n|\n|t:|1699580315\n|move|p2a: Lava Dog|Head Smash|p1a: Dark Knight\n|-damage|p1a: Dark Knight|15\/100\n|-damage|p2a: Lava Dog|52\/100|[from] item: Rocky Helmet|[of] p1a: Dark Knight\n|move|p1a: Dark Knight|Roost|p1a: Dark Knight\n|-heal|p1a: Dark Knight|65\/100\n|-singleturn|p1a: Dark Knight|move: Roost\n|\n|upkeep\n|turn|37\n|\n|t:|1699580324\n|move|p2a: Lava Dog|Head Smash|p1a: Dark Knight\n|-damage|p1a: Dark Knight|7\/100\n|-damage|p2a: Lava Dog|36\/100|[from] item: Rocky Helmet|[of] p1a: Dark Knight\n|move|p1a: Dark Knight|Roost|p1a: Dark Knight\n|-heal|p1a: Dark Knight|57\/100\n|-singleturn|p1a: Dark Knight|move: Roost\n|\n|upkeep\n|turn|38\n|\n|t:|1699580333\n|move|p2a: Lava Dog|Head Smash|p1a: Dark Knight\n|-damage|p1a: Dark Knight|0 fnt\n|-damage|p2a: Lava Dog|19\/100|[from] item: Rocky Helmet|[of] p1a: Dark Knight\n|faint|p1a: Dark Knight\n|\n|win|Cxlin4\n|l|\u2606Hex Offenders\n","uploadtime":1699580374,"views":50,"p1id":"hexoffenders","p2id":"cxlin4","formatid":"gen9anythinggoes","rating":0,"private":0,"password":""}