{"id":"gen9anythinggoes-1983917760","p1":"AGisgood\u82cd\u54cd\u4fa0","p2":"laprasplayer","format":"[Gen 9] Anything Goes","log":"|j|\u2606AGisgood\u82cd\u54cd\u4fa0\n|j|\u2606laprasplayer\n|inactive|Battle timer is ON: inactive players will automatically lose when time's up.\n|t:|1699199791\n|gametype|singles\n|player|p1|AGisgood\u82cd\u54cd\u4fa0|cynthia-masters|\n|player|p2|laprasplayer|hanbei-conquest|\n|teamsize|p1|6\n|teamsize|p2|6\n|gen|9\n|tier|[Gen 9] Anything Goes\n|rated|Tournament battle\n|rule|HP Percentage Mod: HP is shown in percentages\n|rule|Endless Battle Clause: Forcing endless battles is banned\n|clearpoke\n|poke|p1|Koraidon|\n|poke|p1|Koraidon|\n|poke|p1|Calyrex-Shadow|\n|poke|p1|Zacian-*|\n|poke|p1|Landorus-Therian, M|\n|poke|p1|Ting-Lu|\n|poke|p2|Alomomola, M|\n|poke|p2|Clodsire, M|\n|poke|p2|Blissey, F|\n|poke|p2|Dondozo, F|\n|poke|p2|Toxapex, F|\n|poke|p2|Mandibuzz, F|\n|teampreview\n|inactive|AGisgood\u82cd\u54cd\u4fa0 also wants the timer to be on.\n|c|\u2606AGisgood\u82cd\u54cd\u4fa0|oh its stall\n|j| eavo x\n|c| eavo x|stall vs double korai\n|j| Handium\n|\n|t:|1699199821\n|start\n|switch|p1a: Calyrex|Calyrex-Shadow|100\/100\n|switch|p2a: Alomomola|Alomomola, M|100\/100\n|-ability|p1a: Calyrex|As One\n|-ability|p1a: Calyrex|Unnerve\n|turn|1\n|\n|t:|1699199824\n|move|p2a: Alomomola|Protect|p2a: Alomomola\n|-singleturn|p2a: Alomomola|Protect\n|move|p1a: Calyrex|Astral Barrage|p2a: Alomomola\n|-activate|p2a: Alomomola|move: Protect\n|\n|upkeep\n|turn|2\n|\n|t:|1699199827\n|switch|p2a: Blissey|Blissey, F|100\/100\n|move|p1a: Calyrex|Astral Barrage|p2a: Blissey\n|-immune|p2a: Blissey\n|\n|upkeep\n|turn|3\n|\n|t:|1699199837\n|switch|p1a: Koraidon|Koraidon|100\/100\n|-weather|SunnyDay|[from] ability: Orichalcum Pulse|[of] p1a: Koraidon\n|-activate|p1a: Koraidon|Orichalcum Pulse|[source]\n|switch|p2a: Alomomola|Alomomola, M|100\/100\n|\n|-weather|SunnyDay|[upkeep]\n|upkeep\n|turn|4\n|\n|t:|1699199843\n|switch|p1a: Calyrex|Calyrex-Shadow|100\/100\n|-ability|p1a: Calyrex|As One\n|-ability|p1a: Calyrex|Unnerve\n|move|p2a: Alomomola|Play Rough|p1a: Calyrex\n|-damage|p1a: Calyrex|81\/100\n|\n|-weather|SunnyDay|[upkeep]\n|upkeep\n|turn|5\n|\n|t:|1699199846\n|move|p2a: Alomomola|Protect|p2a: Alomomola\n|-singleturn|p2a: Alomomola|Protect\n|move|p1a: Calyrex|Psyshock|p2a: Alomomola\n|-activate|p2a: Alomomola|move: Protect\n|\n|-weather|SunnyDay|[upkeep]\n|upkeep\n|turn|6\n|\n|t:|1699199849\n|switch|p1a: Koraidon|Koraidon|100\/100\n|-activate|p1a: Koraidon|ability: Orichalcum Pulse\n|switch|p2a: Mandibuzz|Mandibuzz, F|100\/100\n|\n|-weather|SunnyDay|[upkeep]\n|upkeep\n|turn|7\n|\n|t:|1699199853\n|move|p1a: Koraidon|U-turn|p2a: Mandibuzz\n|-damage|p2a: Mandibuzz|76\/100\n|\n|t:|1699199856\n|switch|p1a: Landorus|Landorus-Therian, M|100\/100|[from] U-turn\n|-ability|p1a: Landorus|Intimidate|boost\n|-unboost|p2a: Mandibuzz|atk|1\n|move|p2a: Mandibuzz|Toxic|p1a: Landorus\n|-status|p1a: Landorus|tox\n|\n|-weather|none\n|-damage|p1a: Landorus|94\/100 tox|[from] psn\n|upkeep\n|turn|8\n|\n|t:|1699199859\n|move|p1a: Landorus|Stealth Rock|p2a: Mandibuzz\n|-sidestart|p2: laprasplayer|move: Stealth Rock\n|move|p2a: Mandibuzz|Roost|p2a: Mandibuzz\n|-heal|p2a: Mandibuzz|100\/100\n|-singleturn|p2a: Mandibuzz|move: Roost\n|\n|-heal|p1a: Landorus|100\/100 tox|[from] item: Leftovers\n|-damage|p1a: Landorus|88\/100 tox|[from] psn\n|upkeep\n|turn|9\n|l| Handium\n|\n|t:|1699199883\n|switch|p1a: Koraidon|Koraidon|100\/100\n|-weather|SunnyDay|[from] ability: Orichalcum Pulse|[of] p1a: Koraidon\n|-activate|p1a: Koraidon|Orichalcum Pulse|[source]\n|switch|p2a: Alomomola|Alomomola, M|100\/100\n|\n|-weather|SunnyDay|[upkeep]\n|upkeep\n|turn|10\n|\n|t:|1699199886\n|move|p1a: Koraidon|Taunt|p2a: Alomomola\n|-start|p2a: Alomomola|move: Taunt\n|move|p2a: Alomomola|Play Rough|p1a: Koraidon\n|-supereffective|p1a: Koraidon\n|-damage|p1a: Koraidon|43\/100\n|\n|-weather|SunnyDay|[upkeep]\n|upkeep\n|turn|11\n|\n|t:|1699199890\n|switch|p1a: Zacian|Zacian-Crowned|100\/100\n|-ability|p1a: Zacian|Intrepid Sword|boost\n|-boost|p1a: Zacian|atk|1\n|move|p2a: Alomomola|Scald|p1a: Zacian\n|-damage|p1a: Zacian|94\/100\n|-status|p1a: Zacian|brn\n|\n|-weather|SunnyDay|[upkeep]\n|-damage|p1a: Zacian|88\/100 brn|[from] brn\n|upkeep\n|turn|12\n|\n|t:|1699199895\n|switch|p1a: Ting-Lu|Ting-Lu|100\/100\n|-ability|p1a: Ting-Lu|Vessel of Ruin\n|switch|p2a: Toxapex|Toxapex, F|100\/100\n|\n|-weather|SunnyDay|[upkeep]\n|upkeep\n|turn|13\n|\n|t:|1699199898\n|move|p1a: Ting-Lu|Spikes|p2a: Toxapex\n|-sidestart|p2: laprasplayer|Spikes\n|move|p2a: Toxapex|Toxic Spikes|p1a: Ting-Lu\n|-sidestart|p1: AGisgood\u82cd\u54cd\u4fa0|move: Toxic Spikes\n|\n|-weather|none\n|upkeep\n|turn|14\n|j| Kanha Greninja\n|l| Kanha Greninja\n|\n|t:|1699199922\n|move|p2a: Toxapex|Toxic Spikes|p1a: Ting-Lu\n|-sidestart|p1: AGisgood\u82cd\u54cd\u4fa0|move: Toxic Spikes\n|move|p1a: Ting-Lu|Whirlwind|p2a: Toxapex\n|drag|p2a: Blissey|Blissey, F|100\/100\n|\n|upkeep\n|turn|15\n|\n|t:|1699199928\n|switch|p2a: Alomomola|Alomomola, M|100\/100\n|switch|p1a: Landorus|Landorus-Therian, M|88\/100 tox\n|-ability|p1a: Landorus|Intimidate|boost\n|-unboost|p2a: Alomomola|atk|1\n|\n|-heal|p1a: Landorus|94\/100 tox|[from] item: Leftovers\n|-damage|p1a: Landorus|88\/100 tox|[from] psn\n|upkeep\n|turn|16\n|\n|t:|1699199941\n|move|p1a: Landorus|U-turn|p2a: Alomomola\n|-damage|p2a: Alomomola|89\/100\n|\n|t:|1699199946\n|switch|p1a: Zacian|Zacian-Crowned|88\/100 brn|[from] U-turn\n|move|p2a: Alomomola|Scald|p1a: Zacian\n|-damage|p1a: Zacian|77\/100 brn\n|\n|-damage|p1a: Zacian|71\/100 brn|[from] brn\n|upkeep\n|turn|17\n|\n|t:|1699199950\n|switch|p1a: Landorus|Landorus-Therian, M|88\/100 tox\n|-ability|p1a: Landorus|Intimidate|boost\n|-unboost|p2a: Alomomola|atk|1\n|move|p2a: Alomomola|Wish|p2a: Alomomola\n|\n|-heal|p1a: Landorus|94\/100 tox|[from] item: Leftovers\n|-damage|p1a: Landorus|88\/100 tox|[from] psn\n|upkeep\n|turn|18\n|\n|t:|1699199954\n|switch|p2a: Toxapex|Toxapex, F|100\/100\n|move|p1a: Landorus|U-turn|p2a: Toxapex\n|-resisted|p2a: Toxapex\n|-damage|p2a: Toxapex|93\/100\n|\n|t:|1699199956\n|switch|p1a: Calyrex|Calyrex-Shadow|81\/100|[from] U-turn\n|-ability|p1a: Calyrex|As One\n|-ability|p1a: Calyrex|Unnerve\n|-status|p1a: Calyrex|tox\n|\n|-heal|p2a: Toxapex|100\/100|[from] move: Wish|[wisher] Alomomola\n|-damage|p1a: Calyrex|75\/100 tox|[from] psn\n|upkeep\n|turn|19\n|\n|t:|1699199959\n|move|p2a: Toxapex|Baneful Bunker|p2a: Toxapex\n|-singleturn|p2a: Toxapex|move: Protect\n|move|p1a: Calyrex|Psyshock|p2a: Toxapex\n|-activate|p2a: Toxapex|move: Protect\n|\n|-damage|p1a: Calyrex|63\/100 tox|[from] psn\n|upkeep\n|turn|20\n|-message|AGisgood\u82cd\u54cd\u4fa0 forfeited.\n|\n|win|laprasplayer\n|n|\u2606AGisgood\u82cd\u54cd\u4fa0|agisgood\n|n|\u2606laprasplayer|laprasplayer\n|n| eavo x|eavox\n|l|\u2606AGisgood\u82cd\u54cd\u4fa0\n|j| Kanha Greninja\n|l| Kanha Greninja\n|j| A Bread Sandwich\n","uploadtime":1699199969,"views":59,"p1id":"agisgood","p2id":"laprasplayer","formatid":"gen9anythinggoes","rating":0,"private":0,"password":""}