{"id":"gen9anythinggoes-1976529801","p1":"R8GiChamp$","p2":"Njjjewjqjc","format":"[Gen 9] Anything Goes","log":"|j|\u2606R8GiChamp$\n|j|\u2606Njjjewjqjc\n|t:|1698317897\n|gametype|singles\n|player|p1|R8GiChamp$|marshal|1152\n|player|p2|Njjjewjqjc|102|1121\n|teamsize|p1|6\n|teamsize|p2|6\n|gen|9\n|tier|[Gen 9] Anything Goes\n|rated|\n|rule|HP Percentage Mod: HP is shown in percentages\n|rule|Endless Battle Clause: Forcing endless battles is banned\n|clearpoke\n|poke|p1|Muk-Alola, F|\n|poke|p1|Muk-Alola, M|\n|poke|p1|Muk-Alola, M|\n|poke|p1|Muk-Alola, F|\n|poke|p1|Muk-Alola, F|\n|poke|p1|Muk-Alola, M|\n|poke|p2|Donphan, L1, M|\n|poke|p2|Magearna|\n|poke|p2|Ursaluna-Bloodmoon, M|\n|poke|p2|Flutter Mane|\n|poke|p2|Ditto|\n|poke|p2|Snorlax, F|\n|teampreview\n|inactive|Battle timer is ON: inactive players will automatically lose when time's up. (requested by R8GiChamp$)\n|\n|t:|1698317904\n|start\n|switch|p1a: MUK NO.1|Muk-Alola, F|100\/100\n|switch|p2a: Donphan|Donphan, L1, M|100\/100\n|-item|p1a: MUK NO.1|Air Balloon\n|turn|1\n|\n|t:|1698317914\n|move|p1a: MUK NO.1|Knock Off|p2a: Donphan\n|-ability|p2a: Donphan|Sturdy\n|-damage|p2a: Donphan|8\/100\n|-enditem|p2a: Donphan|Shell Bell|[from] move: Knock Off|[of] p1a: MUK NO.1\n|move|p2a: Donphan|Endeavor|p1a: MUK NO.1\n|-damage|p1a: MUK NO.1|1\/100\n|-enditem|p1a: MUK NO.1|Air Balloon\n|\n|upkeep\n|turn|2\n|inactive|R8GiChamp$ has 120 seconds left.\n|\n|t:|1698317946\n|move|p2a: Donphan|Ice Shard|p1a: MUK NO.1\n|-damage|p1a: MUK NO.1|0 fnt\n|faint|p1a: MUK NO.1\n|\n|upkeep\n|\n|t:|1698317948\n|switch|p1a: MUK NO.2|Muk-Alola, M, shiny|100\/100\n|-item|p1a: MUK NO.2|Air Balloon\n|turn|3\n|\n|t:|1698317953\n|move|p1a: MUK NO.2|Knock Off|p2a: Donphan\n|-damage|p2a: Donphan|0 fnt\n|faint|p2a: Donphan\n|\n|upkeep\n|\n|t:|1698317966\n|switch|p2a: Magearna|Magearna|100\/100\n|turn|4\n|\n|t:|1698317980\n|move|p2a: Magearna|Shift Gear|p2a: Magearna\n|-boost|p2a: Magearna|spe|2\n|-boost|p2a: Magearna|atk|1\n|move|p1a: MUK NO.2|Fire Punch|p2a: Magearna\n|-supereffective|p2a: Magearna\n|-damage|p2a: Magearna|68\/100\n|\n|-heal|p2a: Magearna|74\/100|[from] item: Leftovers\n|upkeep\n|turn|5\n|\n|t:|1698317996\n|move|p2a: Magearna|Calm Mind|p2a: Magearna\n|-boost|p2a: Magearna|spa|1\n|-boost|p2a: Magearna|spd|1\n|move|p1a: MUK NO.2|Fire Punch|p2a: Magearna\n|-supereffective|p2a: Magearna\n|-damage|p2a: Magearna|37\/100\n|\n|-heal|p2a: Magearna|43\/100|[from] item: Leftovers\n|upkeep\n|turn|6\n|\n|t:|1698318006\n|move|p2a: Magearna|Stored Power|p1a: MUK NO.2\n|-immune|p1a: MUK NO.2\n|move|p1a: MUK NO.2|Fire Punch|p2a: Magearna\n|-supereffective|p2a: Magearna\n|-damage|p2a: Magearna|11\/100\n|\n|-heal|p2a: Magearna|17\/100|[from] item: Leftovers\n|upkeep\n|turn|7\n|\n|t:|1698318017\n|move|p2a: Magearna|Aura Sphere|p1a: MUK NO.2\n|-damage|p1a: MUK NO.2|70\/100\n|-enditem|p1a: MUK NO.2|Air Balloon\n|move|p1a: MUK NO.2|Fire Punch|p2a: Magearna\n|-supereffective|p2a: Magearna\n|-damage|p2a: Magearna|0 fnt\n|faint|p2a: Magearna\n|\n|upkeep\n|\n|t:|1698318030\n|switch|p2a: Snorlax|Snorlax, F|100\/100\n|turn|8\n|\n|t:|1698318034\n|move|p1a: MUK NO.2|Poison Jab|p2a: Snorlax\n|-damage|p2a: Snorlax|65\/100\n|move|p2a: Snorlax|Belly Drum|p2a: Snorlax\n|-damage|p2a: Snorlax|15\/100\n|-setboost|p2a: Snorlax|atk|6|[from] move: Belly Drum\n|-enditem|p2a: Snorlax|Aguav Berry|[eat]\n|-heal|p2a: Snorlax|49\/100|[from] item: Aguav Berry\n|\n|upkeep\n|turn|9\n|\n|t:|1698318047\n|move|p1a: MUK NO.2|Poison Jab|p2a: Snorlax\n|-damage|p2a: Snorlax|15\/100\n|move|p2a: Snorlax|Body Slam|p1a: MUK NO.2\n|-damage|p1a: MUK NO.2|0 fnt\n|faint|p1a: MUK NO.2\n|\n|upkeep\n|\n|t:|1698318056\n|switch|p1a: MUK NO. 3|Muk-Alola, M, shiny|100\/100\n|-item|p1a: MUK NO. 3|Air Balloon\n|turn|10\n|\n|t:|1698318060\n|move|p1a: MUK NO. 3|Drain Punch|p2a: Snorlax\n|-supereffective|p2a: Snorlax\n|-damage|p2a: Snorlax|0 fnt\n|faint|p2a: Snorlax\n|\n|upkeep\n|\n|t:|1698318072\n|switch|p2a: Ursaluna|Ursaluna-Bloodmoon, M|100\/100\n|turn|11\n|\n|t:|1698318089\n|-terastallize|p2a: Ursaluna|Poison\n|move|p2a: Ursaluna|Blood Moon|p1a: MUK NO. 3\n|-damage|p1a: MUK NO. 3|34\/100\n|-enditem|p1a: MUK NO. 3|Air Balloon\n|move|p1a: MUK NO. 3|Ice Punch|p2a: Ursaluna\n|-damage|p2a: Ursaluna|84\/100\n|\n|-heal|p2a: Ursaluna|90\/100|[from] item: Leftovers\n|upkeep\n|turn|12\n|\n|t:|1698318107\n|move|p2a: Ursaluna|Calm Mind|p2a: Ursaluna\n|-boost|p2a: Ursaluna|spa|1\n|-boost|p2a: Ursaluna|spd|1\n|move|p1a: MUK NO. 3|Knock Off|p2a: Ursaluna\n|-damage|p2a: Ursaluna|55\/100\n|-enditem|p2a: Ursaluna|Leftovers|[from] move: Knock Off|[of] p1a: MUK NO. 3\n|\n|upkeep\n|turn|13\n|\n|t:|1698318123\n|move|p2a: Ursaluna|Earth Power|p1a: MUK NO. 3\n|-supereffective|p1a: MUK NO. 3\n|-damage|p1a: MUK NO. 3|0 fnt\n|faint|p1a: MUK NO. 3\n|\n|upkeep\n|\n|t:|1698318127\n|switch|p1a: MUK NO.5|Muk-Alola, F|100\/100\n|-item|p1a: MUK NO.5|Air Balloon\n|turn|14\n|\n|t:|1698318132\n|move|p2a: Ursaluna|Blood Moon|p1a: MUK NO.5\n|-damage|p1a: MUK NO.5|11\/100\n|-enditem|p1a: MUK NO.5|Air Balloon\n|move|p1a: MUK NO.5|Zen Headbutt|p2a: Ursaluna\n|-supereffective|p2a: Ursaluna\n|-damage|p2a: Ursaluna|16\/100\n|\n|upkeep\n|turn|15\n|\n|t:|1698318142\n|move|p2a: Ursaluna|Earth Power|p1a: MUK NO.5\n|-supereffective|p1a: MUK NO.5\n|-damage|p1a: MUK NO.5|0 fnt\n|faint|p1a: MUK NO.5\n|\n|upkeep\n|\n|t:|1698318153\n|switch|p1a: MUK NO.4|Muk-Alola, F|100\/100\n|-item|p1a: MUK NO.4|Air Balloon\n|turn|16\n|\n|t:|1698318175\n|move|p2a: Ursaluna|Blood Moon|p1a: MUK NO.4\n|-damage|p1a: MUK NO.4|6\/100\n|-enditem|p1a: MUK NO.4|Air Balloon\n|move|p1a: MUK NO.4|Drain Punch|p2a: Ursaluna\n|-resisted|p2a: Ursaluna\n|-damage|p2a: Ursaluna|7\/100\n|-heal|p1a: MUK NO.4|11\/100|[from] drain|[of] p2a: Ursaluna\n|\n|upkeep\n|turn|17\n|\n|t:|1698318186\n|move|p2a: Ursaluna|Earth Power|p1a: MUK NO.4\n|-supereffective|p1a: MUK NO.4\n|-damage|p1a: MUK NO.4|0 fnt\n|faint|p1a: MUK NO.4\n|\n|upkeep\n|\n|t:|1698318188\n|switch|p1a: MUK NO. 6|Muk-Alola, M|100\/100\n|turn|18\n|\n|t:|1698318194\n|move|p2a: Ursaluna|Earth Power|p1a: MUK NO. 6\n|-supereffective|p1a: MUK NO. 6\n|-damage|p1a: MUK NO. 6|0 fnt\n|faint|p1a: MUK NO. 6\n|\n|win|Njjjewjqjc\n|raw|R8GiChamp$'s rating: 1152 &rarr; <strong>1125<\/strong><br \/>(-27 for losing)\n|raw|Njjjewjqjc's rating: 1121 &rarr; <strong>1148<\/strong><br \/>(+27 for winning)\n","uploadtime":1698318200,"views":5,"p1id":"r8gichamp","p2id":"njjjewjqjc","formatid":"gen9anythinggoes","rating":1125,"private":0,"password":""}