{"id":"gen9anythinggoes-1972683239","p1":"Piazett","p2":"TalisWaffle","format":"[Gen 9] Anything Goes","log":"|j|\u2606Piazett\n|j|\u2606TalisWaffle\n|t:|1697876990\n|gametype|singles\n|player|p1|Piazett|ghetsis-gen5bw|1342\n|player|p2|TalisWaffle|lance|1250\n|teamsize|p1|6\n|teamsize|p2|6\n|gen|9\n|tier|[Gen 9] Anything Goes\n|rated|\n|rule|HP Percentage Mod: HP is shown in percentages\n|rule|Endless Battle Clause: Forcing endless battles is banned\n|clearpoke\n|poke|p1|Volcarona, M|\n|poke|p1|Regieleki|\n|poke|p1|Flutter Mane|\n|poke|p1|Dragonite, F|\n|poke|p1|Chien-Pao|\n|poke|p1|Urshifu-*, F|\n|poke|p2|Espathra, F|\n|poke|p2|Calyrex-Shadow|\n|poke|p2|Groudon|\n|poke|p2|Regidrago|\n|poke|p2|Palkia-Origin|\n|poke|p2|Donphan, M|\n|teampreview\n|\n|t:|1697877021\n|start\n|switch|p1a: Urshifu|Urshifu-Rapid-Strike, F|100\/100\n|switch|p2a: Groudon|Groudon|100\/100\n|-weather|SunnyDay|[from] ability: Drought|[of] p2a: Groudon\n|turn|1\n|\n|t:|1697877037\n|move|p1a: Urshifu|Surging Strikes|p2a: Groudon\n|-supereffective|p2a: Groudon\n|-crit|p2a: Groudon\n|-damage|p2a: Groudon|86\/100\n|-supereffective|p2a: Groudon\n|-crit|p2a: Groudon\n|-damage|p2a: Groudon|70\/100\n|-supereffective|p2a: Groudon\n|-crit|p2a: Groudon\n|-damage|p2a: Groudon|53\/100\n|-hitcount|p2a: Groudon|3\n|move|p2a: Groudon|Fissure|p1a: Urshifu\n|-damage|p1a: Urshifu|0 fnt\n|faint|p1a: Urshifu\n|-ohko\n|\n|-weather|SunnyDay|[upkeep]\n|-heal|p2a: Groudon|59\/100|[from] item: Leftovers\n|upkeep\n|c|\u2606TalisWaffle|Nice.\n|inactive|Battle timer is ON: inactive players will automatically lose when time's up. (requested by TalisWaffle)\n|\n|t:|1697877065\n|switch|p1a: Dragonite|Dragonite, F|100\/100\n|turn|2\n|\n|t:|1697877070\n|move|p2a: Groudon|Stealth Rock|p1a: Dragonite\n|-sidestart|p1: Piazett|move: Stealth Rock\n|move|p1a: Dragonite|Dragon Dance|p1a: Dragonite\n|-boost|p1a: Dragonite|atk|1\n|-boost|p1a: Dragonite|spe|1\n|\n|-weather|SunnyDay|[upkeep]\n|-heal|p2a: Groudon|65\/100|[from] item: Leftovers\n|upkeep\n|turn|3\n|\n|t:|1697877080\n|move|p1a: Dragonite|Dragon Dance|p1a: Dragonite\n|-boost|p1a: Dragonite|atk|1\n|-boost|p1a: Dragonite|spe|1\n|move|p2a: Groudon|Heat Crash|p1a: Dragonite\n|-resisted|p1a: Dragonite\n|-damage|p1a: Dragonite|87\/100\n|-damage|p2a: Groudon|48\/100|[from] item: Rocky Helmet|[of] p1a: Dragonite\n|\n|-weather|SunnyDay|[upkeep]\n|-heal|p2a: Groudon|54\/100|[from] item: Leftovers\n|upkeep\n|turn|4\n|\n|t:|1697877090\n|move|p1a: Dragonite|Dragon Dance|p1a: Dragonite\n|-boost|p1a: Dragonite|atk|1\n|-boost|p1a: Dragonite|spe|1\n|move|p2a: Groudon|Heat Crash|p1a: Dragonite\n|-resisted|p1a: Dragonite\n|-damage|p1a: Dragonite|58\/100\n|-damage|p2a: Groudon|38\/100|[from] item: Rocky Helmet|[of] p1a: Dragonite\n|\n|-weather|SunnyDay|[upkeep]\n|-heal|p2a: Groudon|44\/100|[from] item: Leftovers\n|upkeep\n|turn|5\n|\n|t:|1697877102\n|move|p1a: Dragonite|Roost|p1a: Dragonite\n|-heal|p1a: Dragonite|100\/100\n|-singleturn|p1a: Dragonite|move: Roost\n|move|p2a: Groudon|Heat Crash|p1a: Dragonite\n|-resisted|p1a: Dragonite\n|-damage|p1a: Dragonite|86\/100\n|-damage|p2a: Groudon|27\/100|[from] item: Rocky Helmet|[of] p1a: Dragonite\n|\n|-weather|none\n|-heal|p2a: Groudon|33\/100|[from] item: Leftovers\n|upkeep\n|turn|6\n|\n|t:|1697877117\n|move|p1a: Dragonite|Dragon Dance|p1a: Dragonite\n|-boost|p1a: Dragonite|atk|1\n|-boost|p1a: Dragonite|spe|1\n|move|p2a: Groudon|Heat Crash|p1a: Dragonite\n|-resisted|p1a: Dragonite\n|-damage|p1a: Dragonite|66\/100\n|-damage|p2a: Groudon|17\/100|[from] item: Rocky Helmet|[of] p1a: Dragonite\n|\n|-heal|p2a: Groudon|23\/100|[from] item: Leftovers\n|upkeep\n|turn|7\n|\n|t:|1697877129\n|move|p1a: Dragonite|Roost|p1a: Dragonite\n|-heal|p1a: Dragonite|100\/100\n|-singleturn|p1a: Dragonite|move: Roost\n|move|p2a: Groudon|Fissure|p1a: Dragonite\n|-damage|p1a: Dragonite|0 fnt\n|faint|p1a: Dragonite\n|-ohko\n|\n|-heal|p2a: Groudon|29\/100|[from] item: Leftovers\n|upkeep\n|c|\u2606TalisWaffle|HAHAHA\n|inactive|Piazett has 120 seconds left.\n|inactive|Piazett has 90 seconds left.\n|inactive|Piazett has 60 seconds left.\n|inactive|Piazett has 30 seconds left.\n|inactive|Piazett has 20 seconds left.\n|inactive|Piazett has 15 seconds left.\n|inactive|Piazett has 10 seconds left.\n|inactive|Piazett has 5 seconds left.\n|-message|Piazett lost due to inactivity.\n|\n|win|TalisWaffle\n|raw|Piazett's rating: 1342 &rarr; <strong>1317<\/strong><br \/>(-25 for losing)\n|raw|TalisWaffle's rating: 1250 &rarr; <strong>1281<\/strong><br \/>(+31 for winning)\n","uploadtime":1697877282,"views":28,"p1id":"piazett","p2id":"taliswaffle","formatid":"gen9anythinggoes","rating":1281,"private":0,"password":""}