{"id":"gen9anythinggoes-1981324900","p1":"Legend_sweep3r","p2":"americanboi69","format":"[Gen 9] Anything Goes","log":"|j|\u2606Legend_sweep3r\n|j|\u2606americanboi69\n|t:|1698883758\n|gametype|singles\n|player|p1|Legend_sweep3r|clown|1509\n|player|p2|americanboi69|lucas|1485\n|teamsize|p1|6\n|teamsize|p2|6\n|gen|9\n|tier|[Gen 9] Anything Goes\n|rated|\n|rule|HP Percentage Mod: HP is shown in percentages\n|rule|Endless Battle Clause: Forcing endless battles is banned\n|clearpoke\n|poke|p1|Dondozo, F|\n|poke|p1|Scovillain, F|\n|poke|p1|Annihilape, M|\n|poke|p1|Espathra, F|\n|poke|p1|Cloyster, M|\n|poke|p1|Flutter Mane|\n|poke|p2|Calyrex-Shadow|\n|poke|p2|Pawmot, M|\n|poke|p2|Kyogre|\n|poke|p2|Houndstone, F|\n|poke|p2|Zacian-*|\n|poke|p2|Urshifu-*, M|\n|teampreview\n|inactive|Battle timer is ON: inactive players will automatically lose when time's up. (requested by americanboi69)\n|\n|t:|1698883764\n|start\n|switch|p1a: Scovillain|Scovillain, F, shiny|100\/100\n|switch|p2a: Urshifu|Urshifu, M|100\/100\n|turn|1\n|\n|t:|1698883772\n|move|p2a: Urshifu|Taunt|p1a: Scovillain\n|-start|p1a: Scovillain|move: Taunt\n|cant|p1a: Scovillain|move: Taunt|Leech Seed\n|\n|-ability|p1a: Scovillain|Moody|boost\n|-boost|p1a: Scovillain|atk|2\n|-unboost|p1a: Scovillain|spd|1\n|upkeep\n|turn|2\n|\n|t:|1698883784\n|switch|p1a: Dondozo|Dondozo, F, shiny|100\/100\n|move|p2a: Urshifu|Swords Dance|p2a: Urshifu\n|-boost|p2a: Urshifu|atk|2\n|\n|upkeep\n|turn|3\n|\n|t:|1698883790\n|move|p2a: Urshifu|Swords Dance|p2a: Urshifu\n|-boost|p2a: Urshifu|atk|2\n|move|p1a: Dondozo|Wave Crash|p2a: Urshifu\n|-damage|p2a: Urshifu|47\/100\n|-damage|p1a: Dondozo|89\/100|[from] Recoil\n|\n|-heal|p1a: Dondozo|95\/100|[from] item: Leftovers\n|upkeep\n|turn|4\n|\n|t:|1698883799\n|move|p2a: Urshifu|Sucker Punch|p1a: Dondozo\n|-damage|p1a: Dondozo|72\/100\n|move|p1a: Dondozo|Wave Crash|p2a: Urshifu\n|-damage|p2a: Urshifu|0 fnt\n|faint|p2a: Urshifu\n|-damage|p1a: Dondozo|62\/100|[from] Recoil\n|\n|-heal|p1a: Dondozo|68\/100|[from] item: Leftovers\n|upkeep\n|\n|t:|1698883828\n|switch|p2a: Im Random|Pawmot, M|100\/100\n|turn|5\n|\n|t:|1698883831\n|move|p2a: Im Random|Volt Switch|p1a: Dondozo\n|-supereffective|p1a: Dondozo\n|-damage|p1a: Dondozo|39\/100\n|\n|t:|1698883837\n|switch|p2a: BREAKING BAD|Houndstone, F|100\/100|[from] Volt Switch\n|move|p1a: Dondozo|Wave Crash|p2a: BREAKING BAD\n|-damage|p2a: BREAKING BAD|65\/100\n|-damage|p1a: Dondozo|32\/100|[from] Recoil\n|\n|-heal|p1a: Dondozo|38\/100|[from] item: Leftovers\n|upkeep\n|turn|6\n|\n|t:|1698883849\n|move|p2a: BREAKING BAD|Last Respects|p1a: Dondozo\n|-damage|p1a: Dondozo|9\/100\n|move|p1a: Dondozo|Rest|p1a: Dondozo\n|-status|p1a: Dondozo|slp|[from] move: Rest\n|-heal|p1a: Dondozo|100\/100 slp|[silent]\n|\n|upkeep\n|turn|7\n|\n|t:|1698883858\n|switch|p2a: Im Random|Pawmot, M|100\/100\n|cant|p1a: Dondozo|slp\n|\n|upkeep\n|turn|8\n|\n|t:|1698883864\n|switch|p1a: Scovillain|Scovillain, F, shiny|100\/100\n|move|p2a: Im Random|Volt Switch|p1a: Scovillain\n|-resisted|p1a: Scovillain\n|-damage|p1a: Scovillain|92\/100\n|\n|t:|1698883872\n|switch|p2a: WANNABE DOG|Zacian-Crowned|100\/100|[from] Volt Switch\n|-ability|p2a: WANNABE DOG|Intrepid Sword|boost\n|-boost|p2a: WANNABE DOG|atk|1\n|\n|-heal|p1a: Scovillain|98\/100|[from] item: Leftovers\n|-ability|p1a: Scovillain|Moody|boost\n|-boost|p1a: Scovillain|def|2\n|-unboost|p1a: Scovillain|spa|1\n|upkeep\n|turn|9\n|\n|t:|1698883901\n|-terastallize|p2a: WANNABE DOG|Fairy\n|move|p2a: WANNABE DOG|Play Rough|p1a: Scovillain\n|-resisted|p1a: Scovillain\n|-damage|p1a: Scovillain|57\/100\n|-unboost|p1a: Scovillain|atk|1\n|move|p1a: Scovillain|Substitute|p1a: Scovillain\n|-start|p1a: Scovillain|Substitute\n|-damage|p1a: Scovillain|32\/100\n|\n|-heal|p1a: Scovillain|38\/100|[from] item: Leftovers\n|-ability|p1a: Scovillain|Moody|boost\n|-boost|p1a: Scovillain|spa|2\n|-unboost|p1a: Scovillain|spe|1\n|upkeep\n|turn|10\n|\n|t:|1698883915\n|move|p1a: Scovillain|Protect|p1a: Scovillain\n|-singleturn|p1a: Scovillain|Protect\n|move|p2a: WANNABE DOG|Play Rough|p1a: Scovillain\n|-activate|p1a: Scovillain|move: Protect\n|\n|-heal|p1a: Scovillain|44\/100|[from] item: Leftovers\n|-ability|p1a: Scovillain|Moody|boost\n|-boost|p1a: Scovillain|def|2\n|-unboost|p1a: Scovillain|spa|1\n|upkeep\n|turn|11\n|\n|t:|1698883928\n|move|p2a: WANNABE DOG|Play Rough|p1a: Scovillain\n|-resisted|p1a: Scovillain\n|-end|p1a: Scovillain|Substitute\n|move|p1a: Scovillain|Leech Seed|p2a: WANNABE DOG|[miss]\n|-miss|p1a: Scovillain|p2a: WANNABE DOG\n|\n|-heal|p1a: Scovillain|50\/100|[from] item: Leftovers\n|-ability|p1a: Scovillain|Moody|boost\n|-boost|p1a: Scovillain|spa|2\n|-unboost|p1a: Scovillain|spe|1\n|upkeep\n|turn|12\n|\n|t:|1698883939\n|move|p2a: WANNABE DOG|Swords Dance|p2a: WANNABE DOG\n|-boost|p2a: WANNABE DOG|atk|2\n|move|p1a: Scovillain|Flamethrower|p2a: WANNABE DOG\n|-damage|p2a: WANNABE DOG|36\/100\n|\n|-heal|p1a: Scovillain|56\/100|[from] item: Leftovers\n|-ability|p1a: Scovillain|Moody|boost\n|-boost|p1a: Scovillain|atk|2\n|-unboost|p1a: Scovillain|spe|1\n|upkeep\n|turn|13\n|\n|t:|1698883950\n|move|p1a: Scovillain|Protect|p1a: Scovillain\n|-singleturn|p1a: Scovillain|Protect\n|move|p2a: WANNABE DOG|Play Rough|p1a: Scovillain\n|-activate|p1a: Scovillain|move: Protect\n|\n|-heal|p1a: Scovillain|62\/100|[from] item: Leftovers\n|-ability|p1a: Scovillain|Moody|boost\n|-boost|p1a: Scovillain|spa|2\n|-unboost|p1a: Scovillain|spd|1\n|upkeep\n|turn|14\n|\n|t:|1698883974\n|move|p2a: WANNABE DOG|Play Rough|p1a: Scovillain\n|-resisted|p1a: Scovillain\n|-damage|p1a: Scovillain|18\/100\n|move|p1a: Scovillain|Substitute|p1a: Scovillain\n|-fail|p1a: Scovillain|move: Substitute|[weak]\n|\n|-heal|p1a: Scovillain|24\/100|[from] item: Leftovers\n|-ability|p1a: Scovillain|Moody|boost\n|-boost|p1a: Scovillain|spe|2\n|-unboost|p1a: Scovillain|spa|1\n|upkeep\n|turn|15\n|\n|t:|1698883988\n|move|p2a: WANNABE DOG|Play Rough|p1a: Scovillain\n|-resisted|p1a: Scovillain\n|-damage|p1a: Scovillain|0 fnt\n|faint|p1a: Scovillain\n|\n|upkeep\n|\n|t:|1698883999\n|switch|p1a: Cloyster|Cloyster, M, shiny|100\/100\n|turn|16\n|inactive|americanboi69 has 120 seconds left.\n|\n|t:|1698884028\n|move|p2a: WANNABE DOG|Brick Break|p1a: Cloyster\n|-supereffective|p1a: Cloyster\n|-enditem|p1a: Cloyster|Focus Sash\n|-damage|p1a: Cloyster|1\/100\n|move|p1a: Cloyster|Shell Smash|p1a: Cloyster\n|-unboost|p1a: Cloyster|def|1\n|-unboost|p1a: Cloyster|spd|1\n|-boost|p1a: Cloyster|atk|2\n|-boost|p1a: Cloyster|spa|2\n|-boost|p1a: Cloyster|spe|2\n|\n|upkeep\n|turn|17\n|\n|t:|1698884038\n|move|p1a: Cloyster|Icicle Spear|p2a: WANNABE DOG\n|-crit|p2a: WANNABE DOG\n|-damage|p2a: WANNABE DOG|0 fnt\n|faint|p2a: WANNABE DOG\n|-hitcount|p2: WANNABE DOG|1\n|\n|upkeep\n|\n|t:|1698884043\n|switch|p2a: BREAKING BAD|Houndstone, F|65\/100\n|turn|18\n|\n|t:|1698884051\n|move|p1a: Cloyster|Ice Shard|p2a: BREAKING BAD\n|-damage|p2a: BREAKING BAD|17\/100\n|move|p2a: BREAKING BAD|Shadow Sneak|p1a: Cloyster\n|-damage|p1a: Cloyster|0 fnt\n|faint|p1a: Cloyster\n|\n|upkeep\n|\n|t:|1698884061\n|switch|p1a: Dondozo|Dondozo, F, shiny|100\/100 slp\n|turn|19\n|\n|t:|1698884066\n|move|p2a: BREAKING BAD|Last Respects|p1a: Dondozo\n|-damage|p1a: Dondozo|60\/100 slp\n|cant|p1a: Dondozo|slp\n|\n|-heal|p1a: Dondozo|67\/100 slp|[from] item: Leftovers\n|upkeep\n|turn|20\n|\n|t:|1698884074\n|move|p2a: BREAKING BAD|Last Respects|p1a: Dondozo\n|-damage|p1a: Dondozo|25\/100 slp\n|-curestatus|p1a: Dondozo|slp|[msg]\n|move|p1a: Dondozo|Order Up|p2a: BREAKING BAD\n|-damage|p2a: BREAKING BAD|0 fnt\n|faint|p2a: BREAKING BAD\n|\n|-heal|p1a: Dondozo|31\/100|[from] item: Leftovers\n|upkeep\n|\n|t:|1698884083\n|switch|p2a: FAT WHALE|Kyogre|100\/100\n|-weather|RainDance|[from] ability: Drizzle|[of] p2a: FAT WHALE\n|turn|21\n|\n|t:|1698884090\n|-terastallize|p1a: Dondozo|Ground\n|move|p2a: FAT WHALE|Thunder|p1a: Dondozo\n|-immune|p1a: Dondozo\n|move|p1a: Dondozo|Wave Crash|p2a: FAT WHALE\n|-resisted|p2a: FAT WHALE\n|-damage|p2a: FAT WHALE|56\/100\n|-damage|p1a: Dondozo|21\/100|[from] Recoil\n|\n|-weather|RainDance|[upkeep]\n|-heal|p1a: Dondozo|27\/100|[from] item: Leftovers\n|upkeep\n|turn|22\n|\n|t:|1698884102\n|switch|p2a: Im Random|Pawmot, M|100\/100\n|move|p1a: Dondozo|Wave Crash|p2a: Im Random\n|-enditem|p2a: Im Random|Focus Sash\n|-damage|p2a: Im Random|1\/100\n|-damage|p1a: Dondozo|9\/100|[from] Recoil\n|\n|-weather|RainDance|[upkeep]\n|-heal|p1a: Dondozo|15\/100|[from] item: Leftovers\n|upkeep\n|turn|23\n|\n|t:|1698884113\n|move|p2a: Im Random|Revival Blessing|p2a: Im Random\n|\n|t:|1698884124\n|-heal|p2: Urshifu|50\/100|[from] move: Revival Blessing\n|move|p1a: Dondozo|Wave Crash|p2a: Im Random\n|-damage|p2a: Im Random|0 fnt\n|faint|p2a: Im Random\n|-damage|p1a: Dondozo|15\/100|[from] Recoil\n|\n|-weather|RainDance|[upkeep]\n|-heal|p1a: Dondozo|21\/100|[from] item: Leftovers\n|upkeep\n|\n|t:|1698884130\n|switch|p2a: FAT WHALE|Kyogre|56\/100\n|turn|24\n|\n|t:|1698884138\n|move|p2a: FAT WHALE|Origin Pulse|p1a: Dondozo\n|-supereffective|p1a: Dondozo\n|-damage|p1a: Dondozo|0 fnt\n|faint|p1a: Dondozo\n|\n|-weather|RainDance|[upkeep]\n|upkeep\n|\n|t:|1698884153\n|switch|p1a: Flutter Mane|Flutter Mane, shiny|100\/100\n|-enditem|p1a: Flutter Mane|Booster Energy\n|-activate|p1a: Flutter Mane|ability: Protosynthesis|[fromitem]\n|-start|p1a: Flutter Mane|protosynthesisspe\n|turn|25\n|\n|t:|1698884159\n|move|p1a: Flutter Mane|Thunderbolt|p2a: FAT WHALE\n|-supereffective|p2a: FAT WHALE\n|-damage|p2a: FAT WHALE|11\/100\n|move|p2a: FAT WHALE|Origin Pulse|p1a: Flutter Mane\n|-damage|p1a: Flutter Mane|2\/100\n|\n|-weather|none\n|upkeep\n|turn|26\n|\n|t:|1698884168\n|move|p1a: Flutter Mane|Thunderbolt|p2a: FAT WHALE\n|-supereffective|p2a: FAT WHALE\n|-damage|p2a: FAT WHALE|0 fnt\n|faint|p2a: FAT WHALE\n|\n|upkeep\n|\n|t:|1698884171\n|switch|p2a: Urshifu|Urshifu, M|50\/100\n|turn|27\n|\n|t:|1698884175\n|-end|p1a: Flutter Mane|Protosynthesis|[silent]\n|switch|p1a: Annihilape|Annihilape, M, shiny|100\/100\n|move|p2a: Urshifu|Sucker Punch||[still]\n|-fail|p2a: Urshifu\n|\n|upkeep\n|turn|28\n|\n|t:|1698884182\n|move|p2a: Urshifu|Sucker Punch|p1a: Annihilape\n|-damage|p1a: Annihilape|64\/100\n|move|p1a: Annihilape|Drain Punch|p2a: Urshifu\n|-supereffective|p2a: Urshifu\n|-damage|p2a: Urshifu|0 fnt\n|-heal|p1a: Annihilape|84\/100|[from] drain|[of] p2a: Urshifu\n|faint|p2a: Urshifu\n|\n|upkeep\n|\n|t:|1698884189\n|switch|p2a: Emo Kid|Calyrex-Shadow|100\/100\n|-ability|p2a: Emo Kid|As One\n|-ability|p2a: Emo Kid|Unnerve\n|turn|29\n|\n|t:|1698884201\n|move|p2a: Emo Kid|Astral Barrage|p1a: Annihilape\n|-supereffective|p1a: Annihilape\n|-damage|p1a: Annihilape|0 fnt\n|faint|p1a: Annihilape\n|-ability|p2a: Emo Kid|Grim Neigh|boost\n|-boost|p2a: Emo Kid|spa|1\n|\n|upkeep\n|\n|t:|1698884210\n|switch|p1a: Flutter Mane|Flutter Mane, shiny|2\/100\n|turn|30\n|\n|t:|1698884214\n|move|p2a: Emo Kid|Astral Barrage|p1a: Flutter Mane\n|-supereffective|p1a: Flutter Mane\n|-damage|p1a: Flutter Mane|0 fnt\n|faint|p1a: Flutter Mane\n|-end|p1a: Flutter Mane|Protosynthesis|[silent]\n|-ability|p2a: Emo Kid|Grim Neigh|boost\n|-boost|p2a: Emo Kid|spa|1\n|\n|upkeep\n|\n|t:|1698884221\n|switch|p1a: Espathra|Espathra, F, shiny|100\/100\n|turn|31\n|\n|t:|1698884229\n|move|p1a: Espathra|Protect|p1a: Espathra\n|-singleturn|p1a: Espathra|Protect\n|move|p2a: Emo Kid|Astral Barrage|p1a: Espathra\n|-activate|p1a: Espathra|move: Protect\n|\n|-ability|p1a: Espathra|Speed Boost|boost\n|-boost|p1a: Espathra|spe|1\n|upkeep\n|turn|32\n|\n|t:|1698884239\n|move|p1a: Espathra|Substitute|p1a: Espathra\n|-start|p1a: Espathra|Substitute\n|-damage|p1a: Espathra|76\/100\n|move|p2a: Emo Kid|Astral Barrage|p1a: Espathra\n|-supereffective|p1a: Espathra\n|-end|p1a: Espathra|Substitute\n|\n|-heal|p1a: Espathra|82\/100|[from] item: Leftovers\n|-ability|p1a: Espathra|Speed Boost|boost\n|-boost|p1a: Espathra|spe|1\n|upkeep\n|turn|33\n|\n|t:|1698884251\n|move|p1a: Espathra|Protect|p1a: Espathra\n|-singleturn|p1a: Espathra|Protect\n|move|p2a: Emo Kid|Haze|p2a: Emo Kid\n|-clearallboost\n|\n|-heal|p1a: Espathra|88\/100|[from] item: Leftovers\n|-ability|p1a: Espathra|Speed Boost|boost\n|-boost|p1a: Espathra|spe|1\n|upkeep\n|turn|34\n|\n|t:|1698884260\n|move|p1a: Espathra|Substitute|p1a: Espathra\n|-start|p1a: Espathra|Substitute\n|-damage|p1a: Espathra|63\/100\n|move|p2a: Emo Kid|Haze|p2a: Emo Kid\n|-clearallboost\n|\n|-heal|p1a: Espathra|69\/100|[from] item: Leftovers\n|-ability|p1a: Espathra|Speed Boost|boost\n|-boost|p1a: Espathra|spe|1\n|upkeep\n|turn|35\n|\n|t:|1698884270\n|move|p1a: Espathra|Lumina Crash|p2a: Emo Kid\n|-resisted|p2a: Emo Kid\n|-damage|p2a: Emo Kid|80\/100\n|-unboost|p2a: Emo Kid|spd|2\n|move|p2a: Emo Kid|Astral Barrage|p1a: Espathra\n|-supereffective|p1a: Espathra\n|-end|p1a: Espathra|Substitute\n|\n|-heal|p1a: Espathra|75\/100|[from] item: Leftovers\n|-ability|p1a: Espathra|Speed Boost|boost\n|-boost|p1a: Espathra|spe|1\n|upkeep\n|turn|36\n|\n|t:|1698884285\n|move|p1a: Espathra|Substitute|p1a: Espathra\n|-start|p1a: Espathra|Substitute\n|-damage|p1a: Espathra|50\/100\n|move|p2a: Emo Kid|Haze|p2a: Emo Kid\n|-clearallboost\n|\n|-heal|p1a: Espathra|56\/100|[from] item: Leftovers\n|-ability|p1a: Espathra|Speed Boost|boost\n|-boost|p1a: Espathra|spe|1\n|upkeep\n|turn|37\n|\n|t:|1698884295\n|move|p1a: Espathra|Protect|p1a: Espathra\n|-singleturn|p1a: Espathra|Protect\n|move|p2a: Emo Kid|Astral Barrage|p1a: Espathra\n|-activate|p1a: Espathra|move: Protect\n|\n|-heal|p1a: Espathra|62\/100|[from] item: Leftovers\n|-ability|p1a: Espathra|Speed Boost|boost\n|-boost|p1a: Espathra|spe|1\n|upkeep\n|turn|38\n|\n|t:|1698884307\n|move|p1a: Espathra|Lumina Crash|p2a: Emo Kid\n|-resisted|p2a: Emo Kid\n|-damage|p2a: Emo Kid|62\/100\n|-unboost|p2a: Emo Kid|spd|2\n|move|p2a: Emo Kid|Astral Barrage|p1a: Espathra\n|-supereffective|p1a: Espathra\n|-crit|p1a: Espathra\n|-end|p1a: Espathra|Substitute\n|\n|-heal|p1a: Espathra|68\/100|[from] item: Leftovers\n|-ability|p1a: Espathra|Speed Boost|boost\n|-boost|p1a: Espathra|spe|1\n|upkeep\n|turn|39\n|\n|t:|1698884321\n|move|p1a: Espathra|Substitute|p1a: Espathra\n|-start|p1a: Espathra|Substitute\n|-damage|p1a: Espathra|44\/100\n|move|p2a: Emo Kid|Draining Kiss|p1a: Espathra\n|-end|p1a: Espathra|Substitute\n|-heal|p2a: Emo Kid|81\/100|[from] drain|[of] p1a: Espathra\n|\n|-heal|p1a: Espathra|50\/100|[from] item: Leftovers\n|-ability|p1a: Espathra|Speed Boost|boost\n|-boost|p1a: Espathra|spe|1\n|upkeep\n|turn|40\n|\n|t:|1698884333\n|move|p1a: Espathra|Substitute|p1a: Espathra\n|-start|p1a: Espathra|Substitute\n|-damage|p1a: Espathra|25\/100\n|move|p2a: Emo Kid|Draining Kiss|p1a: Espathra\n|-end|p1a: Espathra|Substitute\n|-heal|p2a: Emo Kid|99\/100|[from] drain|[of] p1a: Espathra\n|\n|-heal|p1a: Espathra|31\/100|[from] item: Leftovers\n|-ability|p1a: Espathra|Speed Boost|boost\n|-boost|p1a: Espathra|spe|1\n|upkeep\n|turn|41\n|\n|t:|1698884345\n|move|p1a: Espathra|Protect|p1a: Espathra\n|-singleturn|p1a: Espathra|Protect\n|move|p2a: Emo Kid|Draining Kiss|p1a: Espathra\n|-activate|p1a: Espathra|move: Protect\n|\n|-heal|p1a: Espathra|37\/100|[from] item: Leftovers\n|-ability|p1a: Espathra|Speed Boost|boost\n|-boost|p1a: Espathra|spe|1\n|upkeep\n|turn|42\n|\n|t:|1698884354\n|move|p1a: Espathra|Lumina Crash|p2a: Emo Kid\n|-resisted|p2a: Emo Kid\n|-damage|p2a: Emo Kid|58\/100\n|-unboost|p2a: Emo Kid|spd|2\n|move|p2a: Emo Kid|Draining Kiss|p1a: Espathra\n|-damage|p1a: Espathra|7\/100\n|-heal|p2a: Emo Kid|79\/100|[from] drain|[of] p1a: Espathra\n|\n|-heal|p1a: Espathra|13\/100|[from] item: Leftovers\n|upkeep\n|turn|43\n|\n|t:|1698884366\n|move|p1a: Espathra|Lumina Crash|p2a: Emo Kid\n|-resisted|p2a: Emo Kid\n|-damage|p2a: Emo Kid|18\/100\n|-unboost|p2a: Emo Kid|spd|2\n|move|p2a: Emo Kid|Draining Kiss|p1a: Espathra\n|-damage|p1a: Espathra|0 fnt\n|-heal|p2a: Emo Kid|28\/100|[from] drain|[of] p1a: Espathra\n|faint|p1a: Espathra\n|\n|win|americanboi69\n|raw|Legend_sweep3r's rating: 1509 &rarr; <strong>1488<\/strong><br \/>(-21 for losing)\n|raw|americanboi69's rating: 1485 &rarr; <strong>1506<\/strong><br \/>(+21 for winning)\n|c|\u2606americanboi69|gg\n","uploadtime":1698884392,"views":8,"p1id":"legendsweep3r","p2id":"americanboi69","formatid":"gen9anythinggoes","rating":1488,"private":0,"password":""}