{"id":"gen9anythinggoes-1973004029","p1":"aquatixx","p2":"diobrando7","format":"[Gen 9] Anything Goes","log":"|j|\u2606aquatixx\n|j|\u2606diobrando7\n|t:|1697917445\n|gametype|singles\n|player|p1|aquatixx|170|\n|player|p2|diobrando7|red|\n|teamsize|p1|6\n|teamsize|p2|6\n|gen|9\n|tier|[Gen 9] Anything Goes\n|rule|HP Percentage Mod: HP is shown in percentages\n|rule|Endless Battle Clause: Forcing endless battles is banned\n|clearpoke\n|poke|p1|Miraidon|\n|poke|p1|Regieleki|\n|poke|p1|Roaring Moon|\n|poke|p1|Garganacl, F|\n|poke|p1|Enamorus, F|\n|poke|p1|Amoonguss, F|\n|poke|p2|Greninja-*, M|\n|poke|p2|Tinkaton, F|\n|poke|p2|Dragapult, F|\n|poke|p2|Garganacl, F|\n|poke|p2|Meowscarada, F|\n|poke|p2|Ceruledge, F|\n|teampreview\n|inactive|Battle timer is ON: inactive players will automatically lose when time's up. (requested by diobrando7)\n|c|\u2606diobrando7|lol\n|c|\u2606diobrando7|full legendaries\n|c|\u2606aquatixx|i have 1 but ok\n|c|\u2606diobrando7|don't you have shame\n|\n|t:|1697917472\n|start\n|switch|p1a: Regieleki|Regieleki|100\/100\n|switch|p2a: Garganacl|Garganacl, F|100\/100\n|turn|1\n|\n|t:|1697917477\n|move|p1a: Regieleki|Reflect|p1a: Regieleki\n|-sidestart|p1: aquatixx|Reflect\n|move|p2a: Garganacl|Salt Cure|p1a: Regieleki\n|-damage|p1a: Regieleki|86\/100\n|-start|p1a: Regieleki|Salt Cure\n|\n|-damage|p1a: Regieleki|74\/100|[from] Salt Cure\n|upkeep\n|turn|2\n|\n|t:|1697917483\n|move|p1a: Regieleki|Light Screen|p1a: Regieleki\n|-sidestart|p1: aquatixx|move: Light Screen\n|move|p2a: Garganacl|Stealth Rock|p1a: Regieleki\n|-sidestart|p1: aquatixx|move: Stealth Rock\n|\n|-damage|p1a: Regieleki|61\/100|[from] Salt Cure\n|upkeep\n|turn|3\n|\n|t:|1697917488\n|move|p1a: Regieleki|Thunder Cage|p2a: Garganacl|[miss]\n|-miss|p1a: Regieleki|p2a: Garganacl\n|move|p2a: Garganacl|Salt Cure|p1a: Regieleki\n|-damage|p1a: Regieleki|46\/100\n|\n|-damage|p1a: Regieleki|34\/100|[from] Salt Cure\n|upkeep\n|turn|4\n|c|\u2606diobrando7|what a trash player lol\n|\n|t:|1697917505\n|move|p1a: Regieleki|Thunder Cage|p2a: Garganacl|[miss]\n|-miss|p1a: Regieleki|p2a: Garganacl\n|move|p2a: Garganacl|Salt Cure|p1a: Regieleki\n|-damage|p1a: Regieleki|21\/100\n|\n|-damage|p1a: Regieleki|8\/100|[from] Salt Cure\n|upkeep\n|turn|5\n|\n|t:|1697917513\n|move|p1a: Regieleki|Thunder Cage|p2a: Garganacl\n|-damage|p2a: Garganacl|63\/100\n|-activate|p2a: Garganacl|move: Thunder Cage|[of] p1a: Regieleki\n|move|p2a: Garganacl|Recover|p2a: Garganacl\n|-heal|p2a: Garganacl|100\/100\n|\n|-damage|p1a: Regieleki|0 fnt|[from] Salt Cure\n|faint|p1a: Regieleki\n|-end|p2a: Garganacl|Thunder Cage|[partiallytrapped]|[silent]\n|-sideend|p1: aquatixx|Reflect\n|upkeep\n|\n|t:|1697917523\n|switch|p1a: Roaring Moon|Roaring Moon|100\/100\n|-damage|p1a: Roaring Moon|88\/100|[from] Stealth Rock\n|turn|6\n|\n|t:|1697917528\n|move|p1a: Roaring Moon|Earthquake|p2a: Garganacl\n|-supereffective|p2a: Garganacl\n|-damage|p2a: Garganacl|46\/100\n|-damage|p1a: Roaring Moon|78\/100|[from] item: Life Orb\n|move|p2a: Garganacl|Body Press|p1a: Roaring Moon\n|-supereffective|p1a: Roaring Moon\n|-damage|p1a: Roaring Moon|2\/100\n|\n|-heal|p2a: Garganacl|52\/100|[from] item: Leftovers\n|-sideend|p1: aquatixx|move: Light Screen\n|upkeep\n|turn|7\n|\n|t:|1697917540\n|-terastallize|p2a: Garganacl|Flying\n|move|p1a: Roaring Moon|Earthquake|p2a: Garganacl\n|-immune|p2a: Garganacl\n|move|p2a: Garganacl|Recover|p2a: Garganacl\n|-heal|p2a: Garganacl|100\/100\n|\n|upkeep\n|turn|8\n|\n|t:|1697917549\n|move|p1a: Roaring Moon|Crunch|p2a: Garganacl\n|-damage|p2a: Garganacl|69\/100\n|-damage|p1a: Roaring Moon|0 fnt|[from] item: Life Orb\n|faint|p1a: Roaring Moon\n|-end|p1a: Roaring Moon|Protosynthesis|[silent]\n|move|p2a: Garganacl|Salt Cure|p1: Roaring Moon|[notarget]\n|-fail|p2a: Garganacl\n|\n|-heal|p2a: Garganacl|75\/100|[from] item: Leftovers\n|upkeep\n|\n|t:|1697917553\n|switch|p1a: Miraidon|Miraidon|100\/100\n|-damage|p1a: Miraidon|88\/100|[from] Stealth Rock\n|-fieldstart|move: Electric Terrain|[from] ability: Hadron Engine|[of] p1a: Miraidon\n|turn|9\n|\n|t:|1697917569\n|switch|p2a: Greninja|Greninja, M|100\/100\n|move|p1a: Miraidon|Electro Drift|p2a: Greninja\n|-supereffective|p2a: Greninja\n|-damage|p2a: Greninja|0 fnt\n|faint|p2a: Greninja\n|\n|-heal|p1a: Miraidon|94\/100|[from] item: Leftovers\n|upkeep\n|c|\u2606aquatixx|?\n|\n|t:|1697917578\n|switch|p2a: Tinkaton|Tinkaton, F|100\/100\n|-ability|p2a: Tinkaton|Mold Breaker\n|turn|10\n|\n|t:|1697917593\n|switch|p1a: Garganacl|Garganacl, F|100\/100\n|-damage|p1a: Garganacl|88\/100|[from] Stealth Rock\n|move|p2a: Tinkaton|Fake Out|p1a: Garganacl\n|-resisted|p1a: Garganacl\n|-damage|p1a: Garganacl|86\/100\n|\n|-heal|p1a: Garganacl|92\/100|[from] item: Leftovers\n|upkeep\n|turn|11\n|\n|t:|1697917603\n|move|p2a: Tinkaton|Gigaton Hammer|p1a: Garganacl\n|-supereffective|p1a: Garganacl\n|-damage|p1a: Garganacl|39\/100\n|move|p1a: Garganacl|Salt Cure|p2a: Tinkaton\n|-resisted|p2a: Tinkaton\n|-damage|p2a: Tinkaton|93\/100\n|-start|p2a: Tinkaton|Salt Cure\n|\n|-heal|p1a: Garganacl|45\/100|[from] item: Leftovers\n|-damage|p2a: Tinkaton|69\/100|[from] Salt Cure\n|upkeep\n|turn|12\n|\n|t:|1697917629\n|switch|p2a: Ceruledge|Ceruledge, F|100\/100\n|move|p1a: Garganacl|Earthquake|p2a: Ceruledge\n|-supereffective|p2a: Ceruledge\n|-damage|p2a: Ceruledge|31\/100\n|\n|-heal|p1a: Garganacl|51\/100|[from] item: Leftovers\n|upkeep\n|turn|13\n|\n|t:|1697917637\n|move|p2a: Ceruledge|Close Combat|p1a: Garganacl\n|-supereffective|p1a: Garganacl\n|-damage|p1a: Garganacl|0 fnt\n|-unboost|p2a: Ceruledge|def|1\n|-unboost|p2a: Ceruledge|spd|1\n|faint|p1a: Garganacl\n|-damage|p2a: Ceruledge|21\/100|[from] item: Life Orb\n|\n|-fieldend|move: Electric Terrain\n|upkeep\n|\n|t:|1697917645\n|switch|p1a: Miraidon|Miraidon|94\/100\n|-damage|p1a: Miraidon|82\/100|[from] Stealth Rock\n|-fieldstart|move: Electric Terrain|[from] ability: Hadron Engine|[of] p1a: Miraidon\n|turn|14\n|\n|t:|1697917652\n|move|p1a: Miraidon|Electro Drift|p2a: Ceruledge\n|-damage|p2a: Ceruledge|0 fnt\n|faint|p2a: Ceruledge\n|\n|-heal|p1a: Miraidon|88\/100|[from] item: Leftovers\n|upkeep\n|\n|t:|1697917660\n|switch|p2a: Tinkaton|Tinkaton, F|69\/100\n|-ability|p2a: Tinkaton|Mold Breaker\n|turn|15\n|\n|t:|1697917666\n|-terastallize|p1a: Miraidon|Fairy\n|move|p2a: Tinkaton|Fake Out|p1a: Miraidon\n|-damage|p1a: Miraidon|80\/100\n|cant|p1a: Miraidon|flinch\n|\n|-heal|p1a: Miraidon|87\/100|[from] item: Leftovers\n|upkeep\n|turn|16\n|\n|t:|1697917674\n|switch|p1a: Amoonguss|Amoonguss, F|100\/100\n|-damage|p1a: Amoonguss|88\/100|[from] Stealth Rock\n|move|p2a: Tinkaton|Gigaton Hammer|p1a: Amoonguss\n|-damage|p1a: Amoonguss|34\/100\n|\n|-heal|p1a: Amoonguss|40\/100|[from] item: Leftovers\n|upkeep\n|turn|17\n|\n|t:|1697917682\n|move|p2a: Tinkaton|Ice Hammer|p1a: Amoonguss\n|-supereffective|p1a: Amoonguss\n|-damage|p1a: Amoonguss|0 fnt\n|-unboost|p2a: Tinkaton|spe|1\n|faint|p1a: Amoonguss\n|\n|upkeep\n|\n|t:|1697917685\n|switch|p1a: Enamorus|Enamorus, F|100\/100\n|-damage|p1a: Enamorus|76\/100|[from] Stealth Rock\n|turn|18\n|\n|t:|1697917692\n|switch|p2a: Garganacl|Garganacl, F, tera:Flying|75\/100\n|move|p1a: Enamorus|Focus Blast|p2a: Garganacl|[miss]\n|-miss|p1a: Enamorus|p2a: Garganacl\n|\n|-heal|p1a: Enamorus|82\/100|[from] item: Leftovers\n|-heal|p2a: Garganacl|81\/100|[from] item: Leftovers\n|-fieldend|move: Electric Terrain\n|upkeep\n|turn|19\n|c|\u2606diobrando7|you are so bad\n|\n|t:|1697917703\n|move|p1a: Enamorus|Psychic|p2a: Garganacl\n|-damage|p2a: Garganacl|52\/100\n|move|p2a: Garganacl|Salt Cure|p1a: Enamorus\n|-supereffective|p1a: Enamorus\n|-damage|p1a: Enamorus|42\/100\n|-start|p1a: Enamorus|Salt Cure\n|\n|-heal|p1a: Enamorus|48\/100|[from] item: Leftovers\n|-heal|p2a: Garganacl|58\/100|[from] item: Leftovers\n|-damage|p1a: Enamorus|35\/100|[from] Salt Cure\n|upkeep\n|turn|20\n|c|\u2606aquatixx|made this team in 5 min lmao\n|c|\u2606diobrando7|lol\n|c|\u2606diobrando7|full op pkm\n|c|\u2606diobrando7|and you're still losing\n|\n|t:|1697917728\n|move|p1a: Enamorus|Moonblast|p2a: Garganacl\n|-damage|p2a: Garganacl|14\/100\n|move|p2a: Garganacl|Recover|p2a: Garganacl\n|-heal|p2a: Garganacl|64\/100\n|\n|-heal|p1a: Enamorus|42\/100|[from] item: Leftovers\n|-heal|p2a: Garganacl|70\/100|[from] item: Leftovers\n|-damage|p1a: Enamorus|29\/100|[from] Salt Cure\n|upkeep\n|turn|21\n|c|\u2606aquatixx|lol\n|\n|t:|1697917736\n|move|p1a: Enamorus|Moonblast|p2a: Garganacl\n|-damage|p2a: Garganacl|27\/100\n|move|p2a: Garganacl|Recover|p2a: Garganacl\n|-heal|p2a: Garganacl|77\/100\n|\n|-heal|p1a: Enamorus|35\/100|[from] item: Leftovers\n|-heal|p2a: Garganacl|83\/100|[from] item: Leftovers\n|-damage|p1a: Enamorus|23\/100|[from] Salt Cure\n|upkeep\n|turn|22\n|\n|t:|1697917748\n|switch|p1a: Miraidon|Miraidon, tera:Fairy|87\/100\n|-damage|p1a: Miraidon|74\/100|[from] Stealth Rock\n|-fieldstart|move: Electric Terrain|[from] ability: Hadron Engine|[of] p1a: Miraidon\n|move|p2a: Garganacl|Salt Cure|p1a: Miraidon\n|-damage|p1a: Miraidon|63\/100\n|-start|p1a: Miraidon|Salt Cure\n|\n|-heal|p1a: Miraidon|69\/100|[from] item: Leftovers\n|-heal|p2a: Garganacl|89\/100|[from] item: Leftovers\n|-damage|p1a: Miraidon|57\/100|[from] Salt Cure\n|upkeep\n|turn|23\n|\n|t:|1697917761\n|move|p1a: Miraidon|Electro Drift|p2a: Garganacl\n|-supereffective|p2a: Garganacl\n|-damage|p2a: Garganacl|0 fnt\n|faint|p2a: Garganacl\n|\n|-heal|p1a: Miraidon|63\/100|[from] item: Leftovers\n|-damage|p1a: Miraidon|50\/100|[from] Salt Cure\n|upkeep\n|\n|t:|1697917769\n|switch|p2a: Tinkaton|Tinkaton, F|69\/100\n|-ability|p2a: Tinkaton|Mold Breaker\n|turn|24\n|\n|t:|1697917773\n|move|p2a: Tinkaton|Fake Out|p1a: Miraidon\n|-damage|p1a: Miraidon|43\/100\n|cant|p1a: Miraidon|flinch\n|\n|-heal|p1a: Miraidon|49\/100|[from] item: Leftovers\n|-damage|p1a: Miraidon|37\/100|[from] Salt Cure\n|upkeep\n|turn|25\n|\n|t:|1697917779\n|move|p1a: Miraidon|Electro Drift|p2a: Tinkaton\n|-damage|p2a: Tinkaton|14\/100\n|move|p2a: Tinkaton|Gigaton Hammer|p1a: Miraidon\n|-supereffective|p1a: Miraidon\n|-damage|p1a: Miraidon|0 fnt\n|faint|p1a: Miraidon\n|\n|upkeep\n|c|\u2606diobrando7|gg bot\n|c|\u2606aquatixx|u def have no life lmao\n|l|\u2606aquatixx\n|inactive|aquatixx disconnected and has 300 seconds to reconnect!\n|player|p1|\n|c|\u2606diobrando7|you are nothing\n|c|\u2606diobrando7|ez\n|inactive|aquatixx has 270 seconds to reconnect!\n|inactive|aquatixx has 240 seconds to reconnect!\n|inactive|aquatixx has 210 seconds to reconnect!\n|inactive|aquatixx has 180 seconds to reconnect!\n|inactive|aquatixx has 150 seconds to reconnect!\n|inactive|aquatixx has 120 seconds to reconnect!\n|inactive|aquatixx has 90 seconds to reconnect!\n|inactive|aquatixx has 60 seconds to reconnect!\n|inactive|aquatixx has 30 seconds to reconnect!\n|inactive|aquatixx has 20 seconds to reconnect!\n|inactive|aquatixx has 15 seconds to reconnect!\n|inactive|aquatixx has 10 seconds to reconnect!\n|inactive|aquatixx has 5 seconds to reconnect!\n|-message|aquatixx lost due to inactivity.\n|\n|win|diobrando7\n","uploadtime":1697918090,"views":13,"p1id":"aquatixx","p2id":"diobrando7","formatid":"gen9anythinggoes","rating":0,"private":0,"password":""}