{"id":"gen9anythinggoes-1999351616","p1":"Khryce","p2":"Champ 1st","format":"[Gen 9] Anything Goes","log":"|j|\u2606Khryce\n|j|\u2606Champ 1st\n|t:|1701065002\n|gametype|singles\n|player|p1|Khryce|preschooler|1045\n|player|p2|Champ 1st|lucas|1163\n|teamsize|p1|6\n|teamsize|p2|6\n|gen|9\n|tier|[Gen 9] Anything Goes\n|rated|\n|rule|HP Percentage Mod: HP is shown in percentages\n|rule|Endless Battle Clause: Forcing endless battles is banned\n|clearpoke\n|poke|p1|Maushold|\n|poke|p1|Ursaluna-Bloodmoon, M|\n|poke|p1|Ursaluna, M|\n|poke|p1|Blissey, F|\n|poke|p1|Ambipom, F|\n|poke|p1|Grafaiai, F|\n|poke|p2|Charizard, F|\n|poke|p2|Kyogre|\n|poke|p2|Calyrex-Shadow|\n|poke|p2|Dragonite, F|\n|poke|p2|Urshifu-*, M|\n|poke|p2|Rayquaza|\n|teampreview\n|inactive|Battle timer is ON: inactive players will automatically lose when time's up. (requested by Khryce)\n|\n|t:|1701065017\n|start\n|switch|p1a: Grafaiai|Grafaiai, F|100\/100\n|switch|p2a: Dragonite|Dragonite, F|100\/100\n|turn|1\n|\n|t:|1701065030\n|move|p1a: Grafaiai|Toxic|p2a: Dragonite\n|-status|p2a: Dragonite|tox\n|move|p2a: Dragonite|Dragon Dance|p2a: Dragonite\n|-boost|p2a: Dragonite|atk|1\n|-boost|p2a: Dragonite|spe|1\n|\n|-damage|p2a: Dragonite|94\/100 tox|[from] psn\n|upkeep\n|turn|2\n|\n|t:|1701065043\n|move|p2a: Dragonite|Dragon Dance|p2a: Dragonite\n|-boost|p2a: Dragonite|atk|1\n|-boost|p2a: Dragonite|spe|1\n|move|p1a: Grafaiai|Foul Play|p2a: Dragonite\n|-damage|p2a: Dragonite|22\/100 tox\n|\n|-damage|p2a: Dragonite|9\/100 tox|[from] psn\n|upkeep\n|turn|3\n|\n|t:|1701065053\n|move|p1a: Grafaiai|Parting Shot|p2a: Dragonite\n|-unboost|p2a: Dragonite|atk|1\n|-unboost|p2a: Dragonite|spa|1\n|\n|t:|1701065062\n|switch|p1a: Ursaluna|Ursaluna, M|100\/100|[from] Parting Shot\n|move|p2a: Dragonite|Earthquake|p1a: Ursaluna\n|-damage|p1a: Ursaluna|61\/100\n|\n|-damage|p2a: Dragonite|0 fnt|[from] psn\n|faint|p2a: Dragonite\n|-status|p1a: Ursaluna|brn|[from] item: Flame Orb\n|upkeep\n|\n|t:|1701065075\n|switch|p2a: Kyogre|Kyogre|100\/100\n|-weather|RainDance|[from] ability: Drizzle|[of] p2a: Kyogre\n|turn|4\n|\n|t:|1701065085\n|move|p2a: Kyogre|Origin Pulse|p1a: Ursaluna|[miss]\n|-miss|p2a: Kyogre|p1a: Ursaluna\n|move|p1a: Ursaluna|Facade|p2a: Kyogre\n|-damage|p2a: Kyogre|0 fnt\n|faint|p2a: Kyogre\n|\n|-weather|RainDance|[upkeep]\n|-damage|p1a: Ursaluna|55\/100 brn|[from] brn\n|upkeep\n|\n|t:|1701065097\n|switch|p2a: Calyrex|Calyrex-Shadow|100\/100\n|-ability|p2a: Calyrex|As One\n|-ability|p2a: Calyrex|Unnerve\n|turn|5\n|\n|t:|1701065107\n|move|p2a: Calyrex|Astral Barrage|p1a: Ursaluna\n|-immune|p1a: Ursaluna\n|move|p1a: Ursaluna|Headlong Rush|p2a: Calyrex\n|-damage|p2a: Calyrex|0 fnt\n|-unboost|p1a: Ursaluna|def|1\n|-unboost|p1a: Ursaluna|spd|1\n|faint|p2a: Calyrex\n|\n|-weather|RainDance|[upkeep]\n|-damage|p1a: Ursaluna|49\/100 brn|[from] brn\n|upkeep\n|\n|t:|1701065121\n|switch|p2a: Urshifu|Urshifu-Rapid-Strike, M|100\/100\n|turn|6\n|\n|t:|1701065128\n|move|p2a: Urshifu|Surging Strikes|p1a: Ursaluna\n|-supereffective|p1a: Ursaluna\n|-crit|p1a: Ursaluna\n|-damage|p1a: Ursaluna|0 fnt\n|faint|p1a: Ursaluna\n|-hitcount|p1: Ursaluna|1\n|\n|-weather|RainDance|[upkeep]\n|upkeep\n|\n|t:|1701065139\n|switch|p1a: Ambipom|Ambipom, F|100\/100\n|turn|7\n|\n|t:|1701065145\n|move|p1a: Ambipom|Fake Out|p2a: Urshifu\n|-damage|p2a: Urshifu|76\/100\n|cant|p2a: Urshifu|flinch\n|\n|-weather|RainDance|[upkeep]\n|-heal|p2a: Urshifu|82\/100|[from] item: Leftovers\n|upkeep\n|turn|8\n|\n|t:|1701065170\n|switch|p1a: Blissey|Blissey, F|100\/100\n|move|p2a: Urshifu|Drain Punch|p1a: Blissey\n|-supereffective|p1a: Blissey\n|-damage|p1a: Blissey|0 fnt\n|-heal|p2a: Urshifu|100\/100|[from] drain|[of] p1a: Blissey\n|faint|p1a: Blissey\n|\n|-weather|none\n|upkeep\n|\n|t:|1701065181\n|switch|p1a: Grafaiai|Grafaiai, F|100\/100\n|turn|9\n|\n|t:|1701065184\n|move|p1a: Grafaiai|Toxic|p2a: Urshifu\n|-status|p2a: Urshifu|tox\n|move|p2a: Urshifu|Drain Punch|p1a: Grafaiai\n|-damage|p1a: Grafaiai|49\/100\n|\n|-damage|p2a: Urshifu|95\/100 tox|[from] psn\n|upkeep\n|turn|10\n|\n|t:|1701065195\n|move|p1a: Grafaiai|Parting Shot|p2a: Urshifu\n|-unboost|p2a: Urshifu|atk|1\n|-unboost|p2a: Urshifu|spa|1\n|\n|t:|1701065200\n|switch|p1a: Maushold|Maushold|100\/100|[from] Parting Shot\n|move|p2a: Urshifu|Drain Punch|p1a: Maushold\n|-supereffective|p1a: Maushold\n|-damage|p1a: Maushold|18\/100\n|-heal|p2a: Urshifu|100\/100 tox|[from] drain|[of] p1a: Maushold\n|\n|-damage|p2a: Urshifu|89\/100 tox|[from] psn\n|upkeep\n|turn|11\n|\n|t:|1701065214\n|move|p1a: Maushold|Population Bomb|p2a: Urshifu\n|-damage|p2a: Urshifu|77\/100 tox\n|-damage|p2a: Urshifu|66\/100 tox\n|-damage|p2a: Urshifu|55\/100 tox\n|-damage|p2a: Urshifu|42\/100 tox\n|-damage|p2a: Urshifu|32\/100 tox\n|-damage|p2a: Urshifu|21\/100 tox\n|-damage|p2a: Urshifu|9\/100 tox\n|-damage|p2a: Urshifu|0 fnt\n|faint|p2a: Urshifu\n|-hitcount|p2: Urshifu|8\n|\n|upkeep\n|\n|t:|1701065234\n|switch|p2a: Charizard|Charizard, F|100\/100\n|turn|12\n|\n|t:|1701065243\n|move|p1a: Maushold|Tidy Up|p1a: Maushold\n|-boost|p1a: Maushold|atk|1\n|-boost|p1a: Maushold|spe|1\n|move|p2a: Charizard|Ancient Power|p1a: Maushold\n|-damage|p1a: Maushold|0 fnt\n|faint|p1a: Maushold\n|\n|upkeep\n|\n|t:|1701065249\n|switch|p1a: Ambipom|Ambipom, F|100\/100\n|turn|13\n|\n|t:|1701065270\n|-terastallize|p1a: Ambipom|Normal\n|move|p1a: Ambipom|Fake Out|p2a: Charizard\n|-damage|p2a: Charizard|53\/100\n|cant|p2a: Charizard|flinch\n|\n|upkeep\n|turn|14\n|\n|t:|1701065278\n|move|p1a: Ambipom|Double Hit|p2a: Charizard\n|-damage|p2a: Charizard|9\/100\n|-damage|p2a: Charizard|0 fnt\n|faint|p2a: Charizard\n|-hitcount|p2: Charizard|2\n|\n|upkeep\n|\n|t:|1701065285\n|switch|p2a: Rayquaza|Rayquaza|100\/100\n|-ability|p2a: Rayquaza|Air Lock\n|turn|15\n|inactive|Champ 1st has 120 seconds left.\n|\n|t:|1701065308\n|switch|p1a: Grafaiai|Grafaiai, F|49\/100\n|move|p2a: Rayquaza|Fly||[still]\n|-prepare|p2a: Rayquaza|Fly\n|\n|upkeep\n|turn|16\n|\n|t:|1701065318\n|move|p1a: Grafaiai|Foul Play|p2a: Rayquaza|[miss]\n|-miss|p1a: Grafaiai|p2a: Rayquaza\n|move|p2a: Rayquaza|Fly|p1a: Grafaiai|[from]lockedmove\n|-damage|p1a: Grafaiai|0 fnt\n|faint|p1a: Grafaiai\n|\n|upkeep\n|\n|t:|1701065324\n|switch|p1a: Ambipom|Ambipom, F, tera:Normal|100\/100\n|turn|17\n|\n|t:|1701065335\n|move|p1a: Ambipom|Fake Out|p2a: Rayquaza\n|-damage|p2a: Rayquaza|61\/100\n|cant|p2a: Rayquaza|flinch\n|\n|upkeep\n|turn|18\n|\n|t:|1701065341\n|move|p1a: Ambipom|Double Hit|p2a: Rayquaza\n|-damage|p2a: Rayquaza|25\/100\n|-damage|p2a: Rayquaza|0 fnt\n|faint|p2a: Rayquaza\n|-hitcount|p2: Rayquaza|2\n|\n|win|Khryce\n|raw|Khryce's rating: 1045 &rarr; <strong>1089<\/strong><br \/>(+44 for winning)\n|raw|Champ 1st's rating: 1163 &rarr; <strong>1130<\/strong><br \/>(-33 for losing)\n|l|\u2606Champ 1st\n","uploadtime":1701065348,"views":2,"p1id":"khryce","p2id":"champ1st","formatid":"gen9anythinggoes","rating":1089,"private":0,"password":""}