{"id":"gen9anythinggoes-1991800482","p1":"Ashclone3","p2":"Rotbite","format":"[Gen 9] Anything Goes","log":"|j|\u2606Ashclone3\n|j|\u2606Rotbite\n|t:|1700119767\n|gametype|singles\n|player|p1|Ashclone3|swimmer-gen4dp|1061\n|player|p2|Rotbite|cynthia|1112\n|teamsize|p1|6\n|teamsize|p2|6\n|gen|9\n|tier|[Gen 9] Anything Goes\n|rated|\n|rule|HP Percentage Mod: HP is shown in percentages\n|rule|Endless Battle Clause: Forcing endless battles is banned\n|clearpoke\n|poke|p1|Ribombee, F|\n|poke|p1|Ogerpon, F|\n|poke|p1|Arcanine-Hisui, F|\n|poke|p1|Clodsire, M|\n|poke|p1|Tinkaton, F|\n|poke|p1|Scizor, M|\n|poke|p2|Ursaluna-Bloodmoon, M|\n|poke|p2|Ribombee, F|\n|poke|p2|Annihilape, F|\n|poke|p2|Meowscarada, F|\n|poke|p2|Baxcalibur, M|\n|poke|p2|Calyrex-Shadow|\n|teampreview\n|\n|t:|1700119781\n|start\n|switch|p1a: What the|Ribombee, F|100\/100\n|switch|p2a: Baxcalibur|Baxcalibur, M|100\/100\n|turn|1\n|\n|t:|1700119791\n|move|p1a: What the|Sticky Web|p2a: Baxcalibur\n|-sidestart|p2: Rotbite|move: Sticky Web\n|move|p2a: Baxcalibur|Icicle Spear|p1a: What the\n|-damage|p1a: What the|74\/100\n|-damage|p1a: What the|51\/100\n|-crit|p1a: What the\n|-damage|p1a: What the|14\/100\n|-damage|p1a: What the|0 fnt\n|faint|p1a: What the\n|-hitcount|p1: What the|4\n|\n|upkeep\n|\n|t:|1700119803\n|switch|p1a: Dog!!!!|Arcanine-Hisui, F|100\/100\n|turn|2\n|\n|t:|1700119808\n|move|p1a: Dog!!!!|Head Smash|p2a: Baxcalibur\n|-supereffective|p2a: Baxcalibur\n|-damage|p2a: Baxcalibur|0 fnt\n|faint|p2a: Baxcalibur\n|\n|upkeep\n|\n|t:|1700119822\n|switch|p2a: Annihilape|Annihilape, F|100\/100\n|-activate|p2a: Annihilape|move: Sticky Web\n|-unboost|p2a: Annihilape|spe|1\n|turn|3\n|\n|t:|1700119838\n|switch|p1a: Silly :)))))|Ogerpon, F|100\/100\n|move|p2a: Annihilape|Substitute|p2a: Annihilape\n|-start|p2a: Annihilape|Substitute\n|-damage|p2a: Annihilape|75\/100\n|\n|-heal|p2a: Annihilape|82\/100|[from] item: Leftovers\n|upkeep\n|turn|4\n|\n|t:|1700119850\n|move|p1a: Silly :)))))|Spikes|p2a: Annihilape\n|-sidestart|p2: Rotbite|Spikes\n|move|p2a: Annihilape|Drain Punch|p1a: Silly :)))))\n|-damage|p1a: Silly :)))))|47\/100\n|-heal|p2a: Annihilape|100\/100|[from] drain|[of] p1a: Silly :)))))\n|\n|upkeep\n|turn|5\n|\n|t:|1700119867\n|-terastallize|p1a: Silly :)))))|Grass\n|detailschange|p1a: Silly :)))))|Ogerpon-Teal-Tera, F, tera:Grass\n|-ability|p1a: Silly :)))))|Embody Aspect (Teal)|boost\n|-boost|p1a: Silly :)))))|spe|1\n|move|p1a: Silly :)))))|Protect|p1a: Silly :)))))\n|-singleturn|p1a: Silly :)))))|Protect\n|move|p2a: Annihilape|Drain Punch|p1a: Silly :)))))\n|-activate|p1a: Silly :)))))|move: Protect\n|\n|upkeep\n|turn|6\n|\n|t:|1700119880\n|move|p1a: Silly :)))))|Ivy Cudgel|p2a: Annihilape\n|-end|p2a: Annihilape|Substitute\n|move|p2a: Annihilape|Drain Punch|p1a: Silly :)))))\n|-damage|p1a: Silly :)))))|0 fnt\n|faint|p1a: Silly :)))))\n|\n|upkeep\n|\n|t:|1700119889\n|switch|p1a: Clodsire|Clodsire, M|100\/100\n|turn|7\n|\n|t:|1700119893\n|move|p2a: Annihilape|Substitute|p2a: Annihilape\n|-start|p2a: Annihilape|Substitute\n|-damage|p2a: Annihilape|75\/100\n|move|p1a: Clodsire|Yawn||[still]\n|-fail|p1a: Clodsire\n|\n|-heal|p2a: Annihilape|82\/100|[from] item: Leftovers\n|upkeep\n|turn|8\n|\n|t:|1700119904\n|move|p2a: Annihilape|Drain Punch|p1a: Clodsire\n|-resisted|p1a: Clodsire\n|-crit|p1a: Clodsire\n|-damage|p1a: Clodsire|66\/100\n|-heal|p2a: Annihilape|100\/100|[from] drain|[of] p1a: Clodsire\n|move|p1a: Clodsire|Mud Shot|p2a: Annihilape\n|-activate|p2a: Annihilape|move: Substitute|[damage]\n|\n|-heal|p1a: Clodsire|72\/100|[from] item: Leftovers\n|upkeep\n|turn|9\n|\n|t:|1700119917\n|move|p2a: Annihilape|Drain Punch|p1a: Clodsire\n|-resisted|p1a: Clodsire\n|-damage|p1a: Clodsire|50\/100\n|move|p1a: Clodsire|Mud Shot|p2a: Annihilape\n|-activate|p2a: Annihilape|move: Substitute|[damage]\n|\n|-heal|p1a: Clodsire|56\/100|[from] item: Leftovers\n|upkeep\n|turn|10\n|\n|t:|1700119931\n|move|p2a: Annihilape|Drain Punch|p1a: Clodsire\n|-resisted|p1a: Clodsire\n|-damage|p1a: Clodsire|35\/100\n|move|p1a: Clodsire|Recover|p1a: Clodsire\n|-heal|p1a: Clodsire|85\/100\n|\n|-heal|p1a: Clodsire|92\/100|[from] item: Leftovers\n|upkeep\n|turn|11\n|\n|t:|1700119944\n|move|p2a: Annihilape|Bulk Up|p2a: Annihilape\n|-boost|p2a: Annihilape|atk|1\n|-boost|p2a: Annihilape|def|1\n|move|p1a: Clodsire|Mud Shot|p2a: Annihilape\n|-end|p2a: Annihilape|Substitute\n|\n|-heal|p1a: Clodsire|98\/100|[from] item: Leftovers\n|upkeep\n|turn|12\n|\n|t:|1700119956\n|move|p2a: Annihilape|Substitute|p2a: Annihilape\n|-start|p2a: Annihilape|Substitute\n|-damage|p2a: Annihilape|75\/100\n|move|p1a: Clodsire|Toxic||[still]\n|-fail|p1a: Clodsire\n|\n|-heal|p2a: Annihilape|82\/100|[from] item: Leftovers\n|-heal|p1a: Clodsire|100\/100|[from] item: Leftovers\n|upkeep\n|turn|13\n|\n|t:|1700119968\n|switch|p1a: ?|Scizor, M|100\/100\n|move|p2a: Annihilape|Drain Punch|p1a: ?\n|-damage|p1a: ?|53\/100\n|-heal|p2a: Annihilape|97\/100|[from] drain|[of] p1a: ?\n|\n|-heal|p2a: Annihilape|100\/100|[from] item: Leftovers\n|upkeep\n|turn|14\n|\n|t:|1700119984\n|move|p1a: ?|Bullet Punch|p2a: Annihilape\n|-activate|p2a: Annihilape|move: Substitute|[damage]\n|move|p2a: Annihilape|Bulk Up|p2a: Annihilape\n|-boost|p2a: Annihilape|atk|1\n|-boost|p2a: Annihilape|def|1\n|\n|upkeep\n|turn|15\n|\n|t:|1700119995\n|move|p1a: ?|Bullet Punch|p2a: Annihilape\n|-activate|p2a: Annihilape|move: Substitute|[damage]\n|move|p2a: Annihilape|Drain Punch|p1a: ?\n|-damage|p1a: ?|0 fnt\n|faint|p1a: ?\n|\n|upkeep\n|\n|t:|1700120007\n|switch|p1a: Dog!!!!|Arcanine-Hisui, F|100\/100\n|turn|16\n|\n|t:|1700120015\n|move|p1a: Dog!!!!|Wild Charge|p2a: Annihilape\n|-end|p2a: Annihilape|Substitute\n|move|p2a: Annihilape|Drain Punch|p1a: Dog!!!!\n|-supereffective|p1a: Dog!!!!\n|-damage|p1a: Dog!!!!|0 fnt\n|faint|p1a: Dog!!!!\n|\n|upkeep\n|\n|t:|1700120023\n|switch|p1a: Clodsire|Clodsire, M|100\/100\n|turn|17\n|\n|t:|1700120028\n|move|p2a: Annihilape|Substitute|p2a: Annihilape\n|-start|p2a: Annihilape|Substitute\n|-damage|p2a: Annihilape|75\/100\n|move|p1a: Clodsire|Yawn||[still]\n|-fail|p1a: Clodsire\n|\n|-heal|p2a: Annihilape|82\/100|[from] item: Leftovers\n|upkeep\n|turn|18\n|\n|t:|1700120040\n|move|p2a: Annihilape|Bulk Up|p2a: Annihilape\n|-boost|p2a: Annihilape|atk|1\n|-boost|p2a: Annihilape|def|1\n|move|p1a: Clodsire|Yawn||[still]\n|-fail|p1a: Clodsire\n|\n|-heal|p2a: Annihilape|88\/100|[from] item: Leftovers\n|upkeep\n|turn|19\n|\n|t:|1700120050\n|move|p2a: Annihilape|Drain Punch|p1a: Clodsire\n|-resisted|p1a: Clodsire\n|-damage|p1a: Clodsire|80\/100\n|-heal|p2a: Annihilape|99\/100|[from] drain|[of] p1a: Clodsire\n|move|p1a: Clodsire|Mud Shot|p2a: Annihilape\n|-activate|p2a: Annihilape|move: Substitute|[damage]\n|\n|-heal|p2a: Annihilape|100\/100|[from] item: Leftovers\n|-heal|p1a: Clodsire|86\/100|[from] item: Leftovers\n|upkeep\n|turn|20\n|\n|t:|1700120065\n|move|p2a: Annihilape|Rage Fist|p1a: Clodsire\n|-damage|p1a: Clodsire|54\/100\n|move|p1a: Clodsire|Mud Shot|p2a: Annihilape\n|-crit|p2a: Annihilape\n|-activate|p2a: Annihilape|move: Substitute|[damage]\n|\n|-heal|p1a: Clodsire|61\/100|[from] item: Leftovers\n|upkeep\n|turn|21\n|\n|t:|1700120076\n|move|p2a: Annihilape|Drain Punch|p1a: Clodsire\n|-resisted|p1a: Clodsire\n|-damage|p1a: Clodsire|37\/100\n|move|p1a: Clodsire|Mud Shot|p2a: Annihilape\n|-end|p2a: Annihilape|Substitute\n|\n|-heal|p1a: Clodsire|44\/100|[from] item: Leftovers\n|upkeep\n|turn|22\n|\n|t:|1700120088\n|move|p2a: Annihilape|Substitute|p2a: Annihilape\n|-start|p2a: Annihilape|Substitute\n|-damage|p2a: Annihilape|75\/100\n|move|p1a: Clodsire|Mud Shot|p2a: Annihilape\n|-activate|p2a: Annihilape|move: Substitute|[damage]\n|\n|-heal|p2a: Annihilape|82\/100|[from] item: Leftovers\n|-heal|p1a: Clodsire|50\/100|[from] item: Leftovers\n|upkeep\n|turn|23\n|\n|t:|1700120103\n|move|p2a: Annihilape|Drain Punch|p1a: Clodsire\n|-resisted|p1a: Clodsire\n|-damage|p1a: Clodsire|27\/100\n|-heal|p2a: Annihilape|94\/100|[from] drain|[of] p1a: Clodsire\n|move|p1a: Clodsire|Recover|p1a: Clodsire\n|-heal|p1a: Clodsire|77\/100\n|\n|-heal|p2a: Annihilape|99\/100|[from] item: Leftovers\n|-heal|p1a: Clodsire|83\/100|[from] item: Leftovers\n|upkeep\n|turn|24\n|c|\u2606Rotbite|Insanity.\n|\n|t:|1700120127\n|move|p2a: Annihilape|Drain Punch|p1a: Clodsire\n|-resisted|p1a: Clodsire\n|-damage|p1a: Clodsire|60\/100\n|-heal|p2a: Annihilape|100\/100|[from] drain|[of] p1a: Clodsire\n|move|p1a: Clodsire|Mud Shot|p2a: Annihilape\n|-activate|p2a: Annihilape|move: Substitute|[damage]\n|\n|-heal|p1a: Clodsire|66\/100|[from] item: Leftovers\n|upkeep\n|turn|25\n|c|\u2606Ashclone3|Sisyphus's Anything Goes\n|\n|t:|1700120147\n|move|p2a: Annihilape|Bulk Up|p2a: Annihilape\n|-boost|p2a: Annihilape|atk|1\n|-boost|p2a: Annihilape|def|1\n|move|p1a: Clodsire|Mud Shot|p2a: Annihilape\n|-crit|p2a: Annihilape\n|-end|p2a: Annihilape|Substitute\n|\n|-heal|p1a: Clodsire|73\/100|[from] item: Leftovers\n|upkeep\n|turn|26\n|\n|t:|1700120158\n|move|p2a: Annihilape|Substitute|p2a: Annihilape\n|-start|p2a: Annihilape|Substitute\n|-damage|p2a: Annihilape|75\/100\n|move|p1a: Clodsire|Toxic||[still]\n|-fail|p1a: Clodsire\n|\n|-heal|p2a: Annihilape|82\/100|[from] item: Leftovers\n|-heal|p1a: Clodsire|79\/100|[from] item: Leftovers\n|upkeep\n|turn|27\n|\n|t:|1700120179\n|move|p2a: Annihilape|Drain Punch|p1a: Clodsire\n|-resisted|p1a: Clodsire\n|-damage|p1a: Clodsire|57\/100\n|-heal|p2a: Annihilape|94\/100|[from] drain|[of] p1a: Clodsire\n|move|p1a: Clodsire|Mud Shot|p2a: Annihilape\n|-activate|p2a: Annihilape|move: Substitute|[damage]\n|\n|-heal|p2a: Annihilape|99\/100|[from] item: Leftovers\n|-heal|p1a: Clodsire|63\/100|[from] item: Leftovers\n|upkeep\n|turn|28\n|\n|t:|1700120195\n|switch|p2a: Meowscarada|Meowscarada, F|100\/100\n|move|p1a: Clodsire|Mud Shot|p2a: Meowscarada\n|-resisted|p2a: Meowscarada\n|-damage|p2a: Meowscarada|93\/100\n|-unboost|p2a: Meowscarada|spe|1\n|\n|-heal|p1a: Clodsire|69\/100|[from] item: Leftovers\n|upkeep\n|turn|29\n|\n|t:|1700120208\n|move|p2a: Meowscarada|Flower Trick|p1a: Clodsire\n|-crit|p1a: Clodsire\n|-damage|p1a: Clodsire|17\/100\n|move|p1a: Clodsire|Yawn|p2a: Meowscarada\n|-start|p2a: Meowscarada|move: Yawn|[of] p1a: Clodsire\n|\n|-heal|p1a: Clodsire|23\/100|[from] item: Leftovers\n|upkeep\n|turn|30\n|\n|t:|1700120222\n|switch|p2a: \ud83d\ude2d|Calyrex-Shadow|100\/100\n|-ability|p2a: \ud83d\ude2d|As One\n|-ability|p2a: \ud83d\ude2d|Unnerve\n|-activate|p2a: \ud83d\ude2d|move: Sticky Web\n|-unboost|p2a: \ud83d\ude2d|spe|1\n|-damage|p2a: \ud83d\ude2d|88\/100|[from] Spikes\n|switch|p1a: HAMMER!!!!|Tinkaton, F|100\/100\n|-ability|p1a: HAMMER!!!!|Mold Breaker\n|\n|upkeep\n|turn|31\n|\n|t:|1700120246\n|move|p1a: HAMMER!!!!|Gigaton Hammer|p2a: \ud83d\ude2d\n|-damage|p2a: \ud83d\ude2d|21\/100\n|move|p2a: \ud83d\ude2d|Psyshock|p1a: HAMMER!!!!\n|-resisted|p1a: HAMMER!!!!\n|-damage|p1a: HAMMER!!!!|50\/100\n|\n|-heal|p1a: HAMMER!!!!|56\/100|[from] item: Leftovers\n|upkeep\n|turn|32\n|\n|t:|1700120256\n|move|p1a: HAMMER!!!!|Knock Off|p2a: \ud83d\ude2d\n|-supereffective|p2a: \ud83d\ude2d\n|-damage|p2a: \ud83d\ude2d|0 fnt\n|-enditem|p2a: \ud83d\ude2d|Choice Specs|[from] move: Knock Off|[of] p1a: HAMMER!!!!\n|faint|p2a: \ud83d\ude2d\n|\n|-heal|p1a: HAMMER!!!!|63\/100|[from] item: Leftovers\n|upkeep\n|\n|t:|1700120267\n|switch|p2a: Meowscarada|Meowscarada, F|93\/100\n|turn|33\n|\n|t:|1700120288\n|move|p2a: Meowscarada|Flower Trick|p1a: HAMMER!!!!\n|-resisted|p1a: HAMMER!!!!\n|-crit|p1a: HAMMER!!!!\n|-damage|p1a: HAMMER!!!!|27\/100\n|move|p1a: HAMMER!!!!|Knock Off|p2a: Meowscarada\n|-resisted|p2a: Meowscarada\n|-damage|p2a: Meowscarada|76\/100\n|-enditem|p2a: Meowscarada|Heavy-Duty Boots|[from] move: Knock Off|[of] p1a: HAMMER!!!!\n|\n|-heal|p1a: HAMMER!!!!|33\/100|[from] item: Leftovers\n|upkeep\n|turn|34\n|\n|t:|1700120299\n|move|p2a: Meowscarada|Flower Trick|p1a: HAMMER!!!!\n|-resisted|p1a: HAMMER!!!!\n|-crit|p1a: HAMMER!!!!\n|-damage|p1a: HAMMER!!!!|0 fnt\n|faint|p1a: HAMMER!!!!\n|\n|upkeep\n|\n|t:|1700120305\n|switch|p1a: Clodsire|Clodsire, M|23\/100\n|turn|35\n|\n|t:|1700120309\n|move|p2a: Meowscarada|Flower Trick|p1a: Clodsire\n|-crit|p1a: Clodsire\n|-damage|p1a: Clodsire|0 fnt\n|faint|p1a: Clodsire\n|\n|win|Rotbite\n|raw|Ashclone3's rating: 1061 &rarr; <strong>1045<\/strong><br \/>(-16 for losing)\n|raw|Rotbite's rating: 1112 &rarr; <strong>1133<\/strong><br \/>(+21 for winning)\n|c|\u2606Ashclone3|Welp, gg\n|c|\u2606Rotbite|GG!\n|c|\u2606Ashclone3|Funny battle tho\n","uploadtime":1700120326,"views":40,"p1id":"ashclone3","p2id":"rotbite","formatid":"gen9anythinggoes","rating":1045,"private":0,"password":""}