{"id":"gen9anythinggoes-1976255159","p1":"jgjvg","p2":"Schadenfreude06","format":"[Gen 9] Anything Goes","log":"|j|\u2606jgjvg\n|j|\u2606Schadenfreude06\n|t:|1698279017\n|gametype|singles\n|player|p1|jgjvg|veteran|1168\n|player|p2|Schadenfreude06|silver|1209\n|teamsize|p1|6\n|teamsize|p2|6\n|gen|9\n|tier|[Gen 9] Anything Goes\n|rated|\n|rule|HP Percentage Mod: HP is shown in percentages\n|rule|Endless Battle Clause: Forcing endless battles is banned\n|clearpoke\n|poke|p1|Drifblim, F|\n|poke|p1|Scream Tail|\n|poke|p1|Farigiraf, F|\n|poke|p1|Espathra, F|\n|poke|p1|Mew|\n|poke|p1|Lechonk, F|\n|poke|p2|Rayquaza|\n|poke|p2|Arceus|\n|poke|p2|Zacian-*|\n|poke|p2|Zoroark, M|\n|poke|p2|Groudon|\n|poke|p2|Kyogre|\n|teampreview\n|inactive|Battle timer is ON: inactive players will automatically lose when time's up. (requested by jgjvg)\n|\n|t:|1698279034\n|start\n|switch|p1a: Drifblim|Drifblim, F|100\/100\n|switch|p2a: ogreKy|Kyogre|100\/100\n|turn|1\n|\n|t:|1698279042\n|move|p2a: ogreKy|Substitute|p2a: ogreKy\n|-start|p2a: ogreKy|Substitute\n|-damage|p2a: ogreKy|76\/100\n|move|p1a: Drifblim|Minimize|p1a: Drifblim\n|-boost|p1a: Drifblim|evasion|2\n|\n|upkeep\n|turn|2\n|\n|t:|1698279050\n|move|p2a: ogreKy|Knock Off|p1a: Drifblim\n|-supereffective|p1a: Drifblim\n|-damage|p1a: Drifblim|18\/100\n|-enditem|p1a: Drifblim|Focus Sash|[from] move: Knock Off|[of] p2a: ogreKy\n|move|p1a: Drifblim|Substitute|p1a: Drifblim\n|-fail|p1a: Drifblim|move: Substitute|[weak]\n|\n|upkeep\n|turn|3\n|\n|t:|1698279059\n|move|p1a: Drifblim|Minimize|p1a: Drifblim\n|-boost|p1a: Drifblim|evasion|2\n|move|p2a: ogreKy|Knock Off|p1a: Drifblim|[miss]\n|-miss|p2a: ogreKy|p1a: Drifblim\n|\n|upkeep\n|turn|4\n|\n|t:|1698279066\n|move|p1a: Drifblim|Baton Pass|p1a: Drifblim\n|\n|t:|1698279069\n|switch|p1a: Scream Tail|Scream Tail|100\/100|[from] Baton Pass\n|-enditem|p1a: Scream Tail|Booster Energy\n|-activate|p1a: Scream Tail|ability: Protosynthesis|[fromitem]\n|-start|p1a: Scream Tail|protosynthesisspe\n|move|p2a: ogreKy|Knock Off|p1a: Scream Tail\n|-damage|p1a: Scream Tail|76\/100\n|\n|upkeep\n|turn|5\n|\n|t:|1698279082\n|move|p1a: Scream Tail|Substitute|p1a: Scream Tail\n|-start|p1a: Scream Tail|Substitute\n|-damage|p1a: Scream Tail|51\/100\n|move|p2a: ogreKy|Knock Off|p1a: Scream Tail\n|-end|p1a: Scream Tail|Substitute\n|\n|upkeep\n|turn|6\n|\n|t:|1698279090\n|move|p1a: Scream Tail|Bulk Up|p1a: Scream Tail\n|-boost|p1a: Scream Tail|atk|1\n|-boost|p1a: Scream Tail|def|1\n|move|p2a: ogreKy|Knock Off|p1a: Scream Tail\n|-damage|p1a: Scream Tail|34\/100\n|\n|upkeep\n|turn|7\n|\n|t:|1698279104\n|move|p1a: Scream Tail|Baton Pass|p1a: Scream Tail\n|\n|t:|1698279109\n|-end|p1a: Scream Tail|Protosynthesis|[silent]\n|switch|p1a: Mew|Mew|100\/100|[from] Baton Pass\n|move|p2a: ogreKy|Flamethrower|p1a: Mew|[miss]\n|-miss|p2a: ogreKy|p1a: Mew\n|\n|upkeep\n|turn|8\n|\n|t:|1698279117\n|move|p2a: ogreKy|Knock Off|p1a: Mew\n|-supereffective|p1a: Mew\n|-damage|p1a: Mew|53\/100\n|-enditem|p1a: Mew|Leftovers|[from] move: Knock Off|[of] p2a: ogreKy\n|move|p1a: Mew|Bulk Up|p1a: Mew\n|-boost|p1a: Mew|atk|1\n|-boost|p1a: Mew|def|1\n|\n|upkeep\n|turn|9\n|\n|t:|1698279127\n|move|p2a: ogreKy|Knock Off|p1a: Mew\n|-supereffective|p1a: Mew\n|-damage|p1a: Mew|32\/100\n|move|p1a: Mew|Bulk Up|p1a: Mew\n|-boost|p1a: Mew|atk|1\n|-boost|p1a: Mew|def|1\n|\n|upkeep\n|turn|10\n|\n|t:|1698279143\n|move|p2a: ogreKy|Knock Off|p1a: Mew|[miss]\n|-miss|p2a: ogreKy|p1a: Mew\n|move|p1a: Mew|Bulk Up|p1a: Mew\n|-boost|p1a: Mew|atk|1\n|-boost|p1a: Mew|def|1\n|\n|upkeep\n|turn|11\n|inactive|jgjvg has 120 seconds left.\n|\n|t:|1698279173\n|move|p2a: ogreKy|Knock Off|p1a: Mew|[miss]\n|-miss|p2a: ogreKy|p1a: Mew\n|move|p1a: Mew|Bulk Up|p1a: Mew\n|-boost|p1a: Mew|atk|1\n|-boost|p1a: Mew|def|1\n|\n|upkeep\n|turn|12\n|inactive|jgjvg has 120 seconds left.\n|\n|t:|1698279212\n|move|p2a: ogreKy|Flamethrower|p1a: Mew|[miss]\n|-miss|p2a: ogreKy|p1a: Mew\n|move|p1a: Mew|Substitute|p1a: Mew\n|-start|p1a: Mew|Substitute\n|-damage|p1a: Mew|7\/100\n|\n|upkeep\n|turn|13\n|\n|t:|1698279220\n|move|p2a: ogreKy|Knock Off|p1a: Mew\n|-supereffective|p1a: Mew\n|-activate|p1a: Mew|move: Substitute|[damage]\n|move|p1a: Mew|Bulk Up|p1a: Mew\n|-boost|p1a: Mew|atk|1\n|-boost|p1a: Mew|def|1\n|\n|upkeep\n|turn|14\n|\n|t:|1698279229\n|move|p2a: ogreKy|Knock Off|p1a: Mew\n|-supereffective|p1a: Mew\n|-end|p1a: Mew|Substitute\n|move|p1a: Mew|Bulk Up|p1a: Mew\n|-boost|p1a: Mew|atk|0\n|-boost|p1a: Mew|def|0\n|\n|upkeep\n|turn|15\n|\n|t:|1698279237\n|move|p2a: ogreKy|Knock Off|p1a: Mew|[miss]\n|-miss|p2a: ogreKy|p1a: Mew\n|move|p1a: Mew|Baton Pass|p1a: Mew\n|\n|t:|1698279244\n|switch|p1a: Espathra|Espathra, F|100\/100|[from] Baton Pass\n|\n|upkeep\n|turn|16\n|\n|t:|1698279250\n|move|p1a: Espathra|Protect|p1a: Espathra\n|-singleturn|p1a: Espathra|Protect\n|move|p2a: ogreKy|Knock Off|p1a: Espathra\n|-activate|p1a: Espathra|move: Protect\n|\n|-ability|p1a: Espathra|Speed Boost|boost\n|-boost|p1a: Espathra|spe|1\n|upkeep\n|turn|17\n|inactive|jgjvg has 120 seconds left.\n|\n|t:|1698279259\n|move|p1a: Espathra|Substitute|p1a: Espathra\n|-start|p1a: Espathra|Substitute\n|-damage|p1a: Espathra|76\/100\n|move|p2a: ogreKy|Knock Off|p1a: Espathra|[miss]\n|-miss|p2a: ogreKy|p1a: Espathra\n|\n|-heal|p1a: Espathra|82\/100|[from] item: Leftovers\n|-ability|p1a: Espathra|Speed Boost|boost\n|-boost|p1a: Espathra|spe|1\n|upkeep\n|turn|18\n|\n|t:|1698279270\n|move|p1a: Espathra|Calm Mind|p1a: Espathra\n|-boost|p1a: Espathra|spa|1\n|-boost|p1a: Espathra|spd|1\n|move|p2a: ogreKy|Knock Off|p1a: Espathra\n|-supereffective|p1a: Espathra\n|-crit|p1a: Espathra\n|-end|p1a: Espathra|Substitute\n|\n|-heal|p1a: Espathra|88\/100|[from] item: Leftovers\n|-ability|p1a: Espathra|Speed Boost|boost\n|-boost|p1a: Espathra|spe|1\n|upkeep\n|turn|19\n|\n|t:|1698279281\n|move|p1a: Espathra|Substitute|p1a: Espathra\n|-start|p1a: Espathra|Substitute\n|-damage|p1a: Espathra|63\/100\n|move|p2a: ogreKy|Knock Off|p1a: Espathra\n|-supereffective|p1a: Espathra\n|-end|p1a: Espathra|Substitute\n|\n|-heal|p1a: Espathra|69\/100|[from] item: Leftovers\n|-ability|p1a: Espathra|Speed Boost|boost\n|-boost|p1a: Espathra|spe|1\n|upkeep\n|turn|20\n|\n|t:|1698279292\n|move|p1a: Espathra|Substitute|p1a: Espathra\n|-start|p1a: Espathra|Substitute\n|-damage|p1a: Espathra|44\/100\n|move|p2a: ogreKy|Knock Off|p1a: Espathra\n|-supereffective|p1a: Espathra\n|-end|p1a: Espathra|Substitute\n|\n|-heal|p1a: Espathra|50\/100|[from] item: Leftovers\n|-ability|p1a: Espathra|Speed Boost|boost\n|-boost|p1a: Espathra|spe|1\n|upkeep\n|turn|21\n|c|\u2606jgjvg|Bro your hitting so many knock offs\n|\n|t:|1698279307\n|move|p1a: Espathra|Substitute|p1a: Espathra\n|-start|p1a: Espathra|Substitute\n|-damage|p1a: Espathra|26\/100\n|move|p2a: ogreKy|Knock Off|p1a: Espathra|[miss]\n|-miss|p2a: ogreKy|p1a: Espathra\n|\n|-heal|p1a: Espathra|32\/100|[from] item: Leftovers\n|-ability|p1a: Espathra|Speed Boost|boost\n|-boost|p1a: Espathra|spe|1\n|upkeep\n|turn|22\n|\n|t:|1698279319\n|move|p1a: Espathra|Baton Pass|p1a: Espathra\n|\n|t:|1698279322\n|switch|p1a: Drifblim|Drifblim, F|18\/100|[from] Baton Pass\n|move|p2a: ogreKy|Knock Off|p1a: Drifblim|[miss]\n|-miss|p2a: ogreKy|p1a: Drifblim\n|\n|upkeep\n|turn|23\n|\n|t:|1698279343\n|move|p1a: Drifblim|Minimize|p1a: Drifblim\n|-boost|p1a: Drifblim|evasion|2\n|move|p2a: ogreKy|Knock Off|p1a: Drifblim|[miss]\n|-miss|p2a: ogreKy|p1a: Drifblim\n|\n|upkeep\n|turn|24\n|\n|t:|1698279352\n|move|p1a: Drifblim|Calm Mind|p1a: Drifblim\n|-boost|p1a: Drifblim|spa|1\n|-boost|p1a: Drifblim|spd|1\n|move|p2a: ogreKy|Knock Off|p1a: Drifblim|[miss]\n|-miss|p2a: ogreKy|p1a: Drifblim\n|\n|upkeep\n|turn|25\n|\n|t:|1698279360\n|move|p1a: Drifblim|Calm Mind|p1a: Drifblim\n|-boost|p1a: Drifblim|spa|1\n|-boost|p1a: Drifblim|spd|1\n|move|p2a: ogreKy|Knock Off|p1a: Drifblim|[miss]\n|-miss|p2a: ogreKy|p1a: Drifblim\n|\n|upkeep\n|turn|26\n|\n|t:|1698279368\n|move|p1a: Drifblim|Calm Mind|p1a: Drifblim\n|-boost|p1a: Drifblim|spa|1\n|-boost|p1a: Drifblim|spd|1\n|move|p2a: ogreKy|Knock Off|p1a: Drifblim|[miss]\n|-miss|p2a: ogreKy|p1a: Drifblim\n|\n|upkeep\n|turn|27\n|\n|t:|1698279377\n|move|p1a: Drifblim|Calm Mind|p1a: Drifblim\n|-boost|p1a: Drifblim|spa|1\n|-boost|p1a: Drifblim|spd|1\n|move|p2a: ogreKy|Knock Off|p1a: Drifblim|[miss]\n|-miss|p2a: ogreKy|p1a: Drifblim\n|\n|upkeep\n|turn|28\n|c|\u2606Schadenfreude06|:\/\n|\n|t:|1698279392\n|move|p1a: Drifblim|Calm Mind|p1a: Drifblim\n|-boost|p1a: Drifblim|spa|1\n|-boost|p1a: Drifblim|spd|1\n|move|p2a: ogreKy|Knock Off|p1a: Drifblim|[miss]\n|-miss|p2a: ogreKy|p1a: Drifblim\n|\n|upkeep\n|turn|29\n|c|\u2606jgjvg|Prepare to meet out ruler and savior\n|inactive|jgjvg has 120 seconds left.\n|\n|t:|1698279425\n|move|p1a: Drifblim|Baton Pass|p1a: Drifblim\n|\n|t:|1698279428\n|switch|p1a: Lechonk|Lechonk, F|100\/100|[from] Baton Pass\n|move|p2a: ogreKy|Knock Off|p1a: Lechonk\n|-activate|p1a: Lechonk|move: Substitute|[damage]\n|\n|upkeep\n|turn|30\n|c|\u2606Schadenfreude06|I don\u2019t feel like watching my entire team die to le\u2019chonk\n|inactive|Schadenfreude06 has 120 seconds left.\n|c|\u2606Schadenfreude06|definitely brining malamar next time\n|c|\u2606Schadenfreude06|gg tho ^v^\n|c|\u2606jgjvg|Lechonk is god\n|inactive|Schadenfreude06 has 90 seconds left.\n|-message|Schadenfreude06 forfeited.\n|\n|win|jgjvg\n|raw|jgjvg's rating: 1168 &rarr; <strong>1196<\/strong><br \/>(+28 for winning)\n|raw|Schadenfreude06's rating: 1209 &rarr; <strong>1181<\/strong><br \/>(-28 for losing)\n","uploadtime":1698279511,"views":16,"p1id":"jgjvg","p2id":"schadenfreude06","formatid":"gen9anythinggoes","rating":1181,"private":0,"password":""}