{"id":"gen9anythinggoes-1972228516","p1":"LimefennecYT","p2":"SKY123MINE","format":"[Gen 9] Anything Goes","log":"|j|\u2606LimefennecYT\n|j|\u2606SKY123MINE\n|t:|1697823255\n|gametype|singles\n|player|p1|LimefennecYT|iris-gen5bw2|1104\n|player|p2|SKY123MINE|gentleman-gen4dp|1085\n|teamsize|p1|6\n|teamsize|p2|6\n|gen|9\n|tier|[Gen 9] Anything Goes\n|rated|\n|rule|HP Percentage Mod: HP is shown in percentages\n|rule|Endless Battle Clause: Forcing endless battles is banned\n|clearpoke\n|poke|p1|Kingambit, M|\n|poke|p1|Tyranitar, M|\n|poke|p1|Annihilape, F|\n|poke|p1|Ditto|\n|poke|p1|Maushold-Four|\n|poke|p1|Sylveon, M|\n|poke|p2|Palafin, F|\n|poke|p2|Vaporeon, M|\n|poke|p2|Pelipper, F|\n|poke|p2|Coalossal, M|\n|poke|p2|Kilowattrel, F|\n|poke|p2|Drednaw, M|\n|teampreview\n|\n|t:|1697823262\n|start\n|switch|p1a: Sandy|Tyranitar, M|100\/100\n|switch|p2a: Calla|Palafin, F|100\/100\n|-weather|Sandstorm|[from] ability: Sand Stream|[of] p1a: Sandy\n|turn|1\n|c|\u2606LimefennecYT|\u0442\u044b, \u0435\u0431\u0430\u043d\u0430\u044f \u043f\u0438\u0437\u0434\u0430, \u043c\u0430\u043b\u0435\u043d\u044c\u043a\u0430\u044f \u0441\u0443\u0447\u043a\u0430, \u044f \u043d\u0435\u043d\u0430\u0432\u0438\u0436\u0443 \u0442\u0432\u043e\u0438 \u0447\u0435\u0440\u0442\u043e\u0432\u044b \u043c\u0435\u0442\u0430-\u0431\u0438\u043b\u0434\u044b\n|n|\u203dLimefennecYT|limefennecyt\n|c|&|\/log LimefennecYT was locked from talking by Artemis. (\u2606LimefennecYT: \u0442\u044b, \u0435\u0431\u0430\u043d\u0430\u044f \u043f\u0438\u0437\u0434\u0430, \u043c\u0430\u043b\u0435\u043d\u044c\u043a\u0430\u044f \u0441\u0443\u0447\u043a\u0430, \u044f \u043d\u0435\u043d\u0430\u0432\u0438\u0436\u0443 \u0442\u0432\u043e\u0438 \u0447\u0435\u0440\u0442\u043e\u0432\u044b \u043c\u0435\u0442\u0430-\u0431\u0438\u043b\u0434\u044b)\n|c|&|\/raw <small>This action was done automatically. Want to learn more about the AI? <a href=\"https:\/\/www.smogon.com\/forums\/threads\/3570628\/#post-9056769\">Visit the information thread<\/a>.<\/small>\n|\n|t:|1697823280\n|detailschange|p2a: Calla|Palafin-Hero, F\n|switch|p2a: Eilor|Pelipper, F|100\/100\n|-weather|RainDance|[from] ability: Drizzle|[of] p2a: Eilor\n|move|p1a: Sandy|Stealth Rock|p2a: Eilor\n|-sidestart|p2: SKY123MINE|move: Stealth Rock\n|\n|-weather|RainDance|[upkeep]\n|upkeep\n|turn|2\n|\n|t:|1697823292\n|move|p2a: Eilor|Surf|p1a: Sandy\n|-supereffective|p1a: Sandy\n|-damage|p1a: Sandy|36\/100\n|move|p1a: Sandy|Stone Edge|p2a: Eilor\n|-supereffective|p2a: Eilor\n|-damage|p2a: Eilor|26\/100\n|\n|-weather|RainDance|[upkeep]\n|upkeep\n|turn|3\n|\n|t:|1697823301\n|switch|p1a: Domaustic Abuse|Maushold-Four, shiny|100\/100\n|move|p2a: Eilor|Surf|p1a: Domaustic Abuse\n|-damage|p1a: Domaustic Abuse|51\/100\n|\n|-weather|RainDance|[upkeep]\n|-heal|p1a: Domaustic Abuse|57\/100|[from] item: Leftovers\n|upkeep\n|turn|4\n|\n|t:|1697823321\n|switch|p2a: Alen|Kilowattrel, F|100\/100\n|-damage|p2a: Alen|76\/100|[from] Stealth Rock\n|move|p1a: Domaustic Abuse|Population Bomb|p2a: Alen\n|-damage|p2a: Alen|66\/100\n|-damage|p2a: Alen|55\/100\n|-damage|p2a: Alen|44\/100\n|-crit|p2a: Alen\n|-damage|p2a: Alen|29\/100\n|-damage|p2a: Alen|18\/100\n|-damage|p2a: Alen|8\/100\n|-damage|p2a: Alen|0 fnt\n|faint|p2a: Alen\n|-hitcount|p2: Alen|7\n|\n|-weather|RainDance|[upkeep]\n|-heal|p1a: Domaustic Abuse|64\/100|[from] item: Leftovers\n|upkeep\n|\n|t:|1697823357\n|switch|p2a: Calla|Palafin-Hero, F|100\/100\n|-damage|p2a: Calla|88\/100|[from] Stealth Rock\n|-activate|p2a: Calla|ability: Zero to Hero\n|turn|5\n|inactive|Battle timer is ON: inactive players will automatically lose when time's up. (requested by LimefennecYT)\n|\n|t:|1697823365\n|switch|p1a: Amogus|Ditto, shiny|100\/100\n|-transform|p1a: Amogus|p2a: Calla|[from] ability: Imposter\n|move|p2a: Calla|Close Combat|p1a: Amogus\n|-damage|p1a: Amogus|44\/100\n|-unboost|p2a: Calla|def|1\n|-unboost|p2a: Calla|spd|1\n|\n|-weather|RainDance|[upkeep]\n|-heal|p1a: Amogus|50\/100|[from] item: Leftovers\n|upkeep\n|turn|6\n|\n|t:|1697823380\n|move|p2a: Calla|Close Combat|p1a: Amogus\n|-damage|p1a: Amogus|0 fnt\n|-unboost|p2a: Calla|def|1\n|-unboost|p2a: Calla|spd|1\n|faint|p1a: Amogus\n|\n|-weather|RainDance|[upkeep]\n|upkeep\n|\n|t:|1697823388\n|switch|p1a: Sandy|Tyranitar, M|36\/100\n|-weather|Sandstorm|[from] ability: Sand Stream|[of] p1a: Sandy\n|turn|7\n|\n|t:|1697823397\n|switch|p1a: Rose|Sylveon, M, shiny|100\/100\n|move|p2a: Calla|Close Combat|p1a: Rose\n|-resisted|p1a: Rose\n|-damage|p1a: Rose|72\/100\n|-unboost|p2a: Calla|def|1\n|-unboost|p2a: Calla|spd|1\n|\n|-weather|Sandstorm|[upkeep]\n|-damage|p2a: Calla|82\/100|[from] Sandstorm\n|-damage|p1a: Rose|66\/100|[from] Sandstorm\n|upkeep\n|turn|8\n|\n|t:|1697823411\n|move|p2a: Calla|Iron Head|p1a: Rose\n|-supereffective|p1a: Rose\n|-damage|p1a: Rose|0 fnt\n|faint|p1a: Rose\n|\n|-weather|Sandstorm|[upkeep]\n|-damage|p2a: Calla|76\/100|[from] Sandstorm\n|upkeep\n|\n|t:|1697823419\n|switch|p1a: Domaustic Abuse|Maushold-Four, shiny|64\/100\n|turn|9\n|\n|t:|1697823425\n|move|p2a: Calla|Close Combat|p1a: Domaustic Abuse\n|-supereffective|p1a: Domaustic Abuse\n|-damage|p1a: Domaustic Abuse|0 fnt\n|-unboost|p2a: Calla|def|1\n|-unboost|p2a: Calla|spd|1\n|faint|p1a: Domaustic Abuse\n|\n|-weather|Sandstorm|[upkeep]\n|-damage|p2a: Calla|70\/100|[from] Sandstorm\n|upkeep\n|\n|t:|1697823433\n|switch|p1a: Sandy|Tyranitar, M|36\/100\n|turn|10\n|\n|t:|1697823440\n|move|p2a: Calla|Wave Crash|p1a: Sandy\n|-supereffective|p1a: Sandy\n|-damage|p1a: Sandy|0 fnt\n|faint|p1a: Sandy\n|-damage|p2a: Calla|56\/100|[from] Recoil\n|\n|-weather|Sandstorm|[upkeep]\n|-damage|p2a: Calla|49\/100|[from] Sandstorm\n|upkeep\n|\n|t:|1697823448\n|switch|p1a: Rage Quit|Annihilape, F|100\/100\n|turn|11\n|\n|t:|1697823452\n|move|p2a: Calla|Zen Headbutt|p1a: Rage Quit\n|-supereffective|p1a: Rage Quit\n|-damage|p1a: Rage Quit|37\/100\n|move|p1a: Rage Quit|Drain Punch|p2a: Calla\n|-damage|p2a: Calla|0 fnt\n|-heal|p1a: Rage Quit|57\/100|[from] drain|[of] p2a: Calla\n|faint|p2a: Calla\n|\n|-weather|none\n|-heal|p1a: Rage Quit|63\/100|[from] item: Leftovers\n|upkeep\n|\n|t:|1697823462\n|switch|p2a: Eilor|Pelipper, F|26\/100\n|-damage|p2a: Eilor|1\/100|[from] Stealth Rock\n|-weather|RainDance|[from] ability: Drizzle|[of] p2a: Eilor\n|turn|12\n|\n|t:|1697823470\n|move|p1a: Rage Quit|Drain Punch|p2a: Eilor\n|-resisted|p2a: Eilor\n|-damage|p2a: Eilor|0 fnt\n|-heal|p1a: Rage Quit|63\/100|[from] drain|[of] p2a: Eilor\n|faint|p2a: Eilor\n|\n|-weather|RainDance|[upkeep]\n|-heal|p1a: Rage Quit|70\/100|[from] item: Leftovers\n|upkeep\n|inactive|SKY123MINE has 120 seconds left.\n|inactiveoff|Battle timer is now OFF.\n|\n|t:|1697823500\n|switch|p2a: Celos|Vaporeon, M|100\/100\n|-damage|p2a: Celos|88\/100|[from] Stealth Rock\n|turn|13\n|\n|t:|1697823511\n|move|p1a: Rage Quit|Drain Punch|p2a: Celos\n|-damage|p2a: Celos|68\/100\n|-heal|p1a: Rage Quit|81\/100|[from] drain|[of] p2a: Celos\n|move|p2a: Celos|Calm Mind|p2a: Celos\n|-boost|p2a: Celos|spa|1\n|-boost|p2a: Celos|spd|1\n|\n|-weather|RainDance|[upkeep]\n|-heal|p1a: Rage Quit|87\/100|[from] item: Leftovers\n|-heal|p2a: Celos|75\/100|[from] item: Leftovers\n|upkeep\n|turn|14\n|\n|t:|1697823523\n|-terastallize|p2a: Celos|Water\n|move|p1a: Rage Quit|Taunt|p2a: Celos\n|-start|p2a: Celos|move: Taunt\n|move|p2a: Celos|Scald|p1a: Rage Quit\n|-damage|p1a: Rage Quit|27\/100\n|\n|-weather|RainDance|[upkeep]\n|-heal|p1a: Rage Quit|34\/100|[from] item: Leftovers\n|-heal|p2a: Celos|81\/100|[from] item: Leftovers\n|upkeep\n|turn|15\n|\n|t:|1697823535\n|move|p1a: Rage Quit|Cross Chop|p2a: Celos\n|-crit|p2a: Celos\n|-damage|p2a: Celos|42\/100\n|move|p2a: Celos|Scald|p1a: Rage Quit\n|-damage|p1a: Rage Quit|0 fnt\n|faint|p1a: Rage Quit\n|\n|-weather|RainDance|[upkeep]\n|-heal|p2a: Celos|48\/100|[from] item: Leftovers\n|upkeep\n|\n|t:|1697823544\n|switch|p1a: Death|Kingambit, M, shiny|100\/100\n|-activate|p1a: Death|ability: Supreme Overlord\n|-start|p1a: Death|fallen5|[silent]\n|turn|16\n|\n|t:|1697823552\n|-terastallize|p1a: Death|Dark\n|move|p1a: Death|Sucker Punch|p2a: Celos\n|-damage|p2a: Celos|0 fnt\n|faint|p2a: Celos\n|\n|-weather|RainDance|[upkeep]\n|upkeep\n|\n|t:|1697823562\n|switch|p2a: Slig|Drednaw, M|100\/100\n|-damage|p2a: Slig|88\/100|[from] Stealth Rock\n|turn|17\n|\n|t:|1697823567\n|move|p2a: Slig|Iron Defense|p2a: Slig\n|-boost|p2a: Slig|def|2\n|move|p1a: Death|Iron Head|p2a: Slig\n|-damage|p2a: Slig|59\/100\n|\n|-weather|RainDance|[upkeep]\n|-heal|p2a: Slig|65\/100|[from] item: Leftovers\n|upkeep\n|turn|18\n|\n|t:|1697823580\n|move|p2a: Slig|Waterfall|p1a: Death\n|-crit|p1a: Death\n|-damage|p1a: Death|41\/100\n|move|p1a: Death|Swords Dance|p1a: Death\n|-boost|p1a: Death|atk|2\n|\n|-weather|RainDance|[upkeep]\n|-heal|p2a: Slig|72\/100|[from] item: Leftovers\n|upkeep\n|turn|19\n|\n|t:|1697823592\n|move|p2a: Slig|Waterfall|p1a: Death\n|-damage|p1a: Death|2\/100\n|move|p1a: Death|Swords Dance|p1a: Death\n|-boost|p1a: Death|atk|2\n|\n|-weather|none\n|-heal|p2a: Slig|78\/100|[from] item: Leftovers\n|upkeep\n|turn|20\n|\n|t:|1697823600\n|move|p1a: Death|Sucker Punch|p2a: Slig\n|-damage|p2a: Slig|0 fnt\n|faint|p2a: Slig\n|\n|upkeep\n|\n|t:|1697823604\n|switch|p2a: Raud|Coalossal, M|100\/100\n|-damage|p2a: Raud|76\/100|[from] Stealth Rock\n|turn|21\n|\n|t:|1697823619\n|move|p1a: Death|Sucker Punch|p2a: Raud\n|-damage|p2a: Raud|0 fnt\n|faint|p2a: Raud\n|\n|win|LimefennecYT\n|raw|LimefennecYT's rating: 1104 &rarr; <strong>1128<\/strong><br \/>(+24 for winning)\n|raw|SKY123MINE's rating: 1085 &rarr; <strong>1063<\/strong><br \/>(-22 for losing)\n","uploadtime":1697823271,"views":3,"p1id":"limefennecyt","p2id":"sky123mine","formatid":"gen9anythinggoes","rating":1063,"private":0,"password":""}