{"id":"gen9anythinggoes-1971456347","p1":"RequiemRevived","p2":"NitsuaZ","format":"[Gen 9] Anything Goes","log":"|j|\u2606RequiemRevived\n|j|\u2606NitsuaZ\n|t:|1697739922\n|gametype|singles\n|player|p1|RequiemRevived|dahlia|1284\n|player|p2|NitsuaZ|266|1479\n|teamsize|p1|6\n|teamsize|p2|6\n|gen|9\n|tier|[Gen 9] Anything Goes\n|rated|\n|rule|HP Percentage Mod: HP is shown in percentages\n|rule|Endless Battle Clause: Forcing endless battles is banned\n|clearpoke\n|poke|p1|Orthworm, F|\n|poke|p1|Kommo-o, M|\n|poke|p1|Urshifu-*, F|\n|poke|p1|Baxcalibur, F|\n|poke|p1|Ninetales-Alola, M|\n|poke|p1|Magearna|\n|poke|p2|Calyrex-Shadow|\n|poke|p2|Chi-Yu|\n|poke|p2|Ogerpon-Hearthflame, F|\n|poke|p2|Regieleki|\n|poke|p2|Corviknight, M|\n|poke|p2|Zacian-*|\n|teampreview\n|inactive|Battle timer is ON: inactive players will automatically lose when time's up. (requested by RequiemRevived)\n|\n|t:|1697739936\n|start\n|switch|p1a: Magearna|Magearna|100\/100\n|switch|p2a: Ogerpon|Ogerpon-Hearthflame, F|100\/100\n|-ability|p2a: Ogerpon|Mold Breaker\n|-item|p1a: Magearna|Air Balloon\n|turn|1\n|\n|t:|1697739942\n|move|p2a: Ogerpon|Ivy Cudgel|p1a: Magearna\n|-supereffective|p1a: Magearna\n|-damage|p1a: Magearna|0 fnt\n|-enditem|p1a: Magearna|Air Balloon\n|faint|p1a: Magearna\n|\n|upkeep\n|\n|t:|1697739950\n|switch|p1a: Urshifu|Urshifu-Rapid-Strike, F|100\/100\n|turn|2\n|inactive|NitsuaZ has 120 seconds left.\n|\n|t:|1697739994\n|move|p2a: Ogerpon|Seed Bomb|p1a: Urshifu\n|-supereffective|p1a: Urshifu\n|-damage|p1a: Urshifu|5\/100\n|move|p1a: Urshifu|Surging Strikes|p2a: Ogerpon\n|-crit|p2a: Ogerpon\n|-damage|p2a: Ogerpon|73\/100\n|-crit|p2a: Ogerpon\n|-damage|p2a: Ogerpon|44\/100\n|-crit|p2a: Ogerpon\n|-damage|p2a: Ogerpon|13\/100\n|-hitcount|p2a: Ogerpon|3\n|\n|upkeep\n|turn|3\n|inactive|NitsuaZ has 120 seconds left.\n|\n|t:|1697740015\n|move|p2a: Ogerpon|Seed Bomb|p1a: Urshifu\n|-supereffective|p1a: Urshifu\n|-damage|p1a: Urshifu|0 fnt\n|faint|p1a: Urshifu\n|\n|upkeep\n|\n|t:|1697740027\n|switch|p1a: Ninetales|Ninetales-Alola, M|100\/100\n|-weather|Snow|[from] ability: Snow Warning|[of] p1a: Ninetales\n|turn|4\n|inactive|NitsuaZ has 120 seconds left.\n|\n|t:|1697740043\n|move|p2a: Ogerpon|Ivy Cudgel|p1a: Ninetales\n|-supereffective|p1a: Ninetales\n|-damage|p1a: Ninetales|10\/100\n|move|p1a: Ninetales|Encore|p2a: Ogerpon\n|-start|p2a: Ogerpon|Encore\n|\n|-weather|Snow|[upkeep]\n|upkeep\n|turn|5\n|\n|t:|1697740047\n|switch|p1a: Baxcalibur|Baxcalibur, F|100\/100\n|move|p2a: Ogerpon|Ivy Cudgel|p1a: Baxcalibur\n|-damage|p1a: Baxcalibur|62\/100\n|\n|-weather|Snow|[upkeep]\n|-heal|p1a: Baxcalibur|68\/100|[from] ability: Ice Body\n|upkeep\n|turn|6\n|c|\u2606NitsuaZ|!dt icebody\n|raw|<ul class=\"utilichart\"><li class=\"result\"><span class=\"col namecol\"><a href=\"https:\/\/dex.pokemonshowdown.com\/abilities\/icebody\">Ice Body<\/a><\/span> <span class=\"col abilitydesccol\">If Snow is active, this Pokemon heals 1\/16 of its max HP each turn.<\/span> <\/li><li style=\"clear:both\"><\/li><\/ul>\n|raw|<font size=\"1\"><font color=\"#686868\">Gen:<\/font> 4<\/font>\n\n|\n|t:|1697740056\n|move|p2a: Ogerpon|Ivy Cudgel|p1a: Baxcalibur\n|-damage|p1a: Baxcalibur|27\/100\n|move|p1a: Baxcalibur|Dragon Dance|p1a: Baxcalibur\n|-boost|p1a: Baxcalibur|atk|1\n|-boost|p1a: Baxcalibur|spe|1\n|\n|-weather|Snow|[upkeep]\n|-heal|p1a: Baxcalibur|33\/100|[from] ability: Ice Body\n|upkeep\n|turn|7\n|\n|t:|1697740072\n|switch|p2a: Zacian|Zacian-Crowned|100\/100\n|-ability|p2a: Zacian|Intrepid Sword|boost\n|-boost|p2a: Zacian|atk|1\n|move|p1a: Baxcalibur|Scale Shot|p2a: Zacian\n|-immune|p2a: Zacian\n|\n|-weather|Snow|[upkeep]\n|-heal|p1a: Baxcalibur|40\/100|[from] ability: Ice Body\n|upkeep\n|turn|8\n|\n|t:|1697740081\n|-terastallize|p1a: Baxcalibur|Fairy\n|move|p2a: Zacian|Behemoth Blade|p1a: Baxcalibur\n|-supereffective|p1a: Baxcalibur\n|-crit|p1a: Baxcalibur\n|-damage|p1a: Baxcalibur|0 fnt\n|faint|p1a: Baxcalibur\n|\n|-weather|none\n|upkeep\n|\n|t:|1697740086\n|switch|p1a: Ninetales|Ninetales-Alola, M|10\/100\n|-weather|Snow|[from] ability: Snow Warning|[of] p1a: Ninetales\n|turn|9\n|\n|t:|1697740090\n|move|p2a: Zacian|Behemoth Blade|p1a: Ninetales\n|-supereffective|p1a: Ninetales\n|-damage|p1a: Ninetales|0 fnt\n|faint|p1a: Ninetales\n|\n|-weather|Snow|[upkeep]\n|upkeep\n|\n|t:|1697740104\n|switch|p1a: Orthworm|Orthworm, F|100\/100\n|turn|10\n|\n|t:|1697740108\n|move|p2a: Zacian|Close Combat|p1a: Orthworm\n|-supereffective|p1a: Orthworm\n|-damage|p1a: Orthworm|24\/100\n|-unboost|p2a: Zacian|def|1\n|-unboost|p2a: Zacian|spd|1\n|-enditem|p1a: Orthworm|Sitrus Berry|[eat]\n|-heal|p1a: Orthworm|48\/100|[from] item: Sitrus Berry\n|move|p1a: Orthworm|Shed Tail|p1a: Orthworm\n|-fail|p1a: Orthworm|move: Shed Tail|[weak]\n|\n|-weather|Snow|[upkeep]\n|upkeep\n|turn|11\n|\n|t:|1697740115\n|move|p2a: Zacian|Close Combat|p1a: Orthworm\n|-supereffective|p1a: Orthworm\n|-damage|p1a: Orthworm|0 fnt\n|-unboost|p2a: Zacian|def|1\n|-unboost|p2a: Zacian|spd|1\n|faint|p1a: Orthworm\n|\n|-weather|Snow|[upkeep]\n|upkeep\n|l|\u2606RequiemRevived\n|inactive|RequiemRevived disconnected and has a minute to reconnect!\n|player|p1|\n|inactive|RequiemRevived has 30 seconds to reconnect!\n|inactive|RequiemRevived has 20 seconds to reconnect!\n|inactive|RequiemRevived has 15 seconds to reconnect!\n|inactive|RequiemRevived has 10 seconds to reconnect!\n|inactive|RequiemRevived has 5 seconds to reconnect!\n|-message|RequiemRevived lost due to inactivity.\n|\n|win|NitsuaZ\n|raw|RequiemRevived's rating: 1284 &rarr; <strong>1272<\/strong><br \/>(-12 for losing)\n|raw|NitsuaZ's rating: 1479 &rarr; <strong>1489<\/strong><br \/>(+10 for winning)\n","uploadtime":1697740183,"views":8,"p1id":"requiemrevived","p2id":"nitsuaz","formatid":"gen9anythinggoes","rating":1272,"private":0,"password":""}