{"id":"gen9anythinggoes-1994061571","p1":"Puigson","p2":"Main Ubers","format":"[Gen 9] Anything Goes","log":"|j|\u2606Puigson\n|j|\u2606Main Ubers\n|t:|1700401676\n|gametype|singles\n|player|p1|Puigson|steven|1712\n|player|p2|Main Ubers|peonia|1963\n|teamsize|p1|6\n|teamsize|p2|6\n|gen|9\n|tier|[Gen 9] Anything Goes\n|rated|\n|rule|HP Percentage Mod: HP is shown in percentages\n|rule|Endless Battle Clause: Forcing endless battles is banned\n|clearpoke\n|poke|p1|Calyrex-Shadow|\n|poke|p1|Koraidon|\n|poke|p1|Arceus|\n|poke|p1|Arceus-Fairy|\n|poke|p1|Toxapex, F|\n|poke|p1|Ting-Lu|\n|poke|p2|Grimmsnarl, M|\n|poke|p2|Glimmora, F|\n|poke|p2|Arceus|\n|poke|p2|Arceus-Ground|\n|poke|p2|Koraidon|\n|poke|p2|Calyrex-Shadow|\n|teampreview\n|inactive|Battle timer is ON: inactive players will automatically lose when time's up. (requested by Puigson)\n|inactive|Main Ubers also wants the timer to be on.\n|\n|t:|1700401682\n|start\n|switch|p1a: Arceus|Arceus|100\/100\n|switch|p2a: Glimmora|Glimmora, F|100\/100\n|turn|1\n|\n|t:|1700401701\n|move|p2a: Glimmora|Mud Shot|p1a: Arceus\n|-damage|p1a: Arceus|89\/100\n|-unboost|p1a: Arceus|spe|1\n|move|p1a: Arceus|Shadow Claw|p2a: Glimmora\n|-damage|p2a: Glimmora|60\/100\n|-activate|p2a: Glimmora|ability: Toxic Debris\n|-sidestart|p1: Puigson|move: Toxic Spikes\n|-damage|p1a: Arceus|79\/100|[from] item: Life Orb\n|\n|upkeep\n|turn|2\n|j| Menacce17\n|\n|t:|1700401710\n|move|p2a: Glimmora|Stealth Rock|p1a: Arceus\n|-sidestart|p1: Puigson|move: Stealth Rock\n|move|p1a: Arceus|Swords Dance|p1a: Arceus\n|-boost|p1a: Arceus|atk|2\n|\n|upkeep\n|turn|3\n|c| Menacce17|JOJOOOOOOOS LETS GOOOO\n|\n|t:|1700401715\n|move|p1a: Arceus|Extreme Speed|p2a: Glimmora\n|-resisted|p2a: Glimmora\n|-damage|p2a: Glimmora|0 fnt\n|-activate|p2a: Glimmora|ability: Toxic Debris\n|-sidestart|p1: Puigson|move: Toxic Spikes\n|faint|p2a: Glimmora\n|-damage|p1a: Arceus|69\/100|[from] item: Life Orb\n|\n|upkeep\n|\n|t:|1700401745\n|switch|p2a: Calyrex|Calyrex-Shadow|100\/100\n|-ability|p2a: Calyrex|As One\n|-ability|p2a: Calyrex|Unnerve\n|turn|4\n|\n|t:|1700401757\n|move|p2a: Calyrex|Encore|p1a: Arceus\n|-start|p1a: Arceus|Encore\n|move|p1a: Arceus|Extreme Speed|p2a: Calyrex\n|-immune|p2a: Calyrex\n|\n|upkeep\n|turn|5\n|\n|t:|1700401764\n|switch|p1a: Toxapex|Toxapex, F|100\/100\n|-sideend|p1: Puigson|move: Toxic Spikes|[of] p1a: Toxapex\n|-damage|p1a: Toxapex|88\/100|[from] Stealth Rock\n|move|p2a: Calyrex|Nasty Plot|p2a: Calyrex\n|-boost|p2a: Calyrex|spa|2\n|\n|upkeep\n|turn|6\n|\n|t:|1700401769\n|switch|p1a: Ting-Lu|Ting-Lu|100\/100\n|-damage|p1a: Ting-Lu|94\/100|[from] Stealth Rock\n|-ability|p1a: Ting-Lu|Vessel of Ruin\n|move|p2a: Calyrex|Astral Barrage|p1a: Ting-Lu\n|-resisted|p1a: Ting-Lu\n|-damage|p1a: Ting-Lu|70\/100\n|\n|-heal|p1a: Ting-Lu|76\/100|[from] item: Leftovers\n|upkeep\n|turn|7\n|\n|t:|1700401782\n|move|p2a: Calyrex|Draining Kiss|p1a: Ting-Lu\n|-supereffective|p1a: Ting-Lu\n|-damage|p1a: Ting-Lu|46\/100\n|move|p1a: Ting-Lu|Whirlwind|p2a: Calyrex\n|drag|p2a: Arceus|Arceus-Ground|100\/100\n|\n|-heal|p1a: Ting-Lu|52\/100|[from] item: Leftovers\n|upkeep\n|turn|8\n|\n|t:|1700401793\n|switch|p1a: Arceus|Arceus-Fairy|100\/100\n|-damage|p1a: Arceus|88\/100|[from] Stealth Rock\n|move|p2a: Arceus|Dragon Dance|p2a: Arceus\n|-boost|p2a: Arceus|atk|1\n|-boost|p2a: Arceus|spe|1\n|\n|upkeep\n|turn|9\n|\n|t:|1700401799\n|move|p2a: Arceus|Taunt|p1a: Arceus\n|-start|p1a: Arceus|move: Taunt\n|cant|p1a: Arceus|move: Taunt|Calm Mind\n|\n|upkeep\n|turn|10\n|\n|t:|1700401804\n|move|p2a: Arceus|Earthquake|p1a: Arceus\n|-damage|p1a: Arceus|40\/100\n|move|p1a: Arceus|Judgment|p2a: Arceus\n|-damage|p2a: Arceus|70\/100\n|\n|upkeep\n|turn|11\n|\n|t:|1700401808\n|move|p2a: Arceus|Earthquake|p1a: Arceus\n|-damage|p1a: Arceus|0 fnt\n|faint|p1a: Arceus\n|\n|upkeep\n|\n|t:|1700401812\n|switch|p1a: Arceus|Arceus|69\/100\n|-damage|p1a: Arceus|56\/100|[from] Stealth Rock\n|turn|12\n|\n|t:|1700401818\n|move|p1a: Arceus|Extreme Speed|p2a: Arceus\n|-damage|p2a: Arceus|31\/100\n|-damage|p1a: Arceus|46\/100|[from] item: Life Orb\n|move|p2a: Arceus|Earthquake|p1a: Arceus\n|-damage|p1a: Arceus|0 fnt\n|faint|p1a: Arceus\n|\n|upkeep\n|\n|t:|1700401821\n|switch|p1a: Calyrex|Calyrex-Shadow|100\/100\n|-ability|p1a: Calyrex|As One\n|-ability|p1a: Calyrex|Unnerve\n|-damage|p1a: Calyrex|88\/100|[from] Stealth Rock\n|turn|13\n|\n|t:|1700401825\n|switch|p2a: Grimmsnarl|Grimmsnarl, M|100\/100\n|move|p1a: Calyrex|Grass Knot|p2a: Grimmsnarl\n|-damage|p2a: Grimmsnarl|76\/100\n|\n|upkeep\n|turn|14\n|\n|t:|1700401830\n|switch|p1a: Toxapex|Toxapex, F|100\/100\n|-damage|p1a: Toxapex|88\/100|[from] Stealth Rock\n|move|p2a: Grimmsnarl|Spirit Break|p1a: Toxapex\n|-resisted|p1a: Toxapex\n|-damage|p1a: Toxapex|79\/100\n|-unboost|p1a: Toxapex|spa|1\n|-damage|p2a: Grimmsnarl|59\/100|[from] item: Rocky Helmet|[of] p1a: Toxapex\n|\n|upkeep\n|turn|15\n|\n|t:|1700401836\n|move|p2a: Grimmsnarl|Taunt|p1a: Toxapex\n|-start|p1a: Toxapex|move: Taunt\n|cant|p1a: Toxapex|move: Taunt|Toxic\n|\n|upkeep\n|turn|16\n|\n|t:|1700401844\n|switch|p2a: Arceus|Arceus-Ground|31\/100\n|switch|p1a: Koraidon|Koraidon|100\/100\n|-damage|p1a: Koraidon|94\/100|[from] Stealth Rock\n|-weather|SunnyDay|[from] ability: Orichalcum Pulse|[of] p1a: Koraidon\n|-activate|p1a: Koraidon|Orichalcum Pulse|[source]\n|\n|-weather|SunnyDay|[upkeep]\n|upkeep\n|turn|17\n|\n|t:|1700401853\n|switch|p2a: Grimmsnarl|Grimmsnarl, M|59\/100\n|move|p1a: Koraidon|Flare Blitz|p2a: Grimmsnarl\n|-damage|p2a: Grimmsnarl|0 fnt\n|faint|p2a: Grimmsnarl\n|-damage|p1a: Koraidon|72\/100|[from] Recoil\n|\n|-weather|SunnyDay|[upkeep]\n|upkeep\n|\n|t:|1700401867\n|switch|p2a: Calyrex|Calyrex-Shadow|100\/100\n|-ability|p2a: Calyrex|As One\n|-ability|p2a: Calyrex|Unnerve\n|turn|18\n|\n|t:|1700401874\n|move|p2a: Calyrex|Draining Kiss|p1a: Koraidon\n|-supereffective|p1a: Koraidon\n|-damage|p1a: Koraidon|6\/100\n|move|p1a: Koraidon|Scale Shot|p2a: Calyrex\n|-damage|p2a: Calyrex|84\/100\n|-damage|p2a: Calyrex|67\/100\n|-damage|p2a: Calyrex|51\/100\n|-damage|p2a: Calyrex|33\/100\n|-hitcount|p2a: Calyrex|4\n|-unboost|p1a: Koraidon|def|1\n|-boost|p1a: Koraidon|spe|1\n|\n|-weather|SunnyDay|[upkeep]\n|-heal|p2a: Calyrex|39\/100|[from] item: Leftovers\n|upkeep\n|turn|19\n|\n|t:|1700401890\n|switch|p2a: Arceus|Arceus-Ground|31\/100\n|move|p1a: Koraidon|Scale Shot|p2a: Arceus\n|-crit|p2a: Arceus\n|-damage|p2a: Arceus|13\/100\n|-damage|p2a: Arceus|0 fnt\n|faint|p2a: Arceus\n|-hitcount|p2: Arceus|2\n|-unboost|p1a: Koraidon|def|1\n|-boost|p1a: Koraidon|spe|1\n|\n|-weather|SunnyDay|[upkeep]\n|upkeep\n|\n|t:|1700401900\n|switch|p2a: Arceus|Arceus|100\/100\n|turn|20\n|\n|t:|1700401905\n|move|p2a: Arceus|Extreme Speed|p1a: Koraidon\n|-damage|p1a: Koraidon|0 fnt\n|faint|p1a: Koraidon\n|\n|-weather|none\n|upkeep\n|\n|t:|1700401907\n|switch|p1a: Toxapex|Toxapex, F|100\/100\n|-damage|p1a: Toxapex|88\/100|[from] Stealth Rock\n|turn|21\n|\n|t:|1700401926\n|switch|p2a: Calyrex|Calyrex-Shadow|39\/100\n|-ability|p2a: Calyrex|As One\n|-ability|p2a: Calyrex|Unnerve\n|move|p1a: Toxapex|Toxic|p2a: Calyrex\n|-status|p2a: Calyrex|tox\n|\n|-heal|p2a: Calyrex|45\/100 tox|[from] item: Leftovers\n|-damage|p2a: Calyrex|39\/100 tox|[from] psn\n|upkeep\n|turn|22\n|\n|t:|1700401933\n|switch|p1a: Ting-Lu|Ting-Lu|52\/100\n|-damage|p1a: Ting-Lu|46\/100|[from] Stealth Rock\n|-ability|p1a: Ting-Lu|Vessel of Ruin\n|move|p2a: Calyrex|Astral Barrage|p1a: Ting-Lu\n|-resisted|p1a: Ting-Lu\n|-damage|p1a: Ting-Lu|32\/100\n|\n|-heal|p2a: Calyrex|45\/100 tox|[from] item: Leftovers\n|-heal|p1a: Ting-Lu|39\/100|[from] item: Leftovers\n|-damage|p2a: Calyrex|33\/100 tox|[from] psn\n|upkeep\n|turn|23\n|\n|t:|1700401939\n|move|p2a: Calyrex|Nasty Plot|p2a: Calyrex\n|-boost|p2a: Calyrex|spa|2\n|move|p1a: Ting-Lu|Earthquake|p2a: Calyrex\n|-damage|p2a: Calyrex|0 fnt\n|faint|p2a: Calyrex\n|\n|-heal|p1a: Ting-Lu|45\/100|[from] item: Leftovers\n|upkeep\n|\n|t:|1700401944\n|switch|p2a: Koraidon|Koraidon|100\/100\n|-weather|SunnyDay|[from] ability: Orichalcum Pulse|[of] p2a: Koraidon\n|-activate|p2a: Koraidon|Orichalcum Pulse|[source]\n|turn|24\n|\n|t:|1700401950\n|move|p2a: Koraidon|Swords Dance|p2a: Koraidon\n|-boost|p2a: Koraidon|atk|2\n|move|p1a: Ting-Lu|Whirlwind|p2a: Koraidon\n|drag|p2a: Arceus|Arceus|100\/100\n|\n|-weather|SunnyDay|[upkeep]\n|-heal|p1a: Ting-Lu|51\/100|[from] item: Leftovers\n|upkeep\n|turn|25\n|\n|t:|1700401956\n|move|p2a: Arceus|Bulk Up|p2a: Arceus\n|-boost|p2a: Arceus|atk|1\n|-boost|p2a: Arceus|def|1\n|move|p1a: Ting-Lu|Whirlwind|p2a: Arceus\n|drag|p2a: Koraidon|Koraidon|100\/100\n|-activate|p2a: Koraidon|ability: Orichalcum Pulse\n|\n|-weather|SunnyDay|[upkeep]\n|-heal|p1a: Ting-Lu|57\/100|[from] item: Leftovers\n|upkeep\n|turn|26\n|\n|t:|1700401960\n|move|p2a: Koraidon|Low Kick|p1a: Ting-Lu\n|-supereffective|p1a: Ting-Lu\n|-damage|p1a: Ting-Lu|0 fnt\n|faint|p1a: Ting-Lu\n|\n|-weather|SunnyDay|[upkeep]\n|upkeep\n|\n|t:|1700401963\n|switch|p1a: Toxapex|Toxapex, F|100\/100\n|-damage|p1a: Toxapex|88\/100|[from] Stealth Rock\n|turn|27\n|\n|t:|1700401975\n|move|p2a: Koraidon|Swords Dance|p2a: Koraidon\n|-boost|p2a: Koraidon|atk|2\n|move|p1a: Toxapex|Toxic|p2a: Koraidon\n|-status|p2a: Koraidon|tox\n|\n|-weather|SunnyDay|[upkeep]\n|-damage|p2a: Koraidon|94\/100 tox|[from] psn\n|upkeep\n|turn|28\n|\n|t:|1700401981\n|move|p2a: Koraidon|Scale Shot|p1a: Toxapex\n|-damage|p1a: Toxapex|67\/100\n|-damage|p1a: Toxapex|45\/100\n|-damage|p1a: Toxapex|26\/100\n|-damage|p1a: Toxapex|5\/100\n|-hitcount|p1a: Toxapex|4\n|-unboost|p2a: Koraidon|def|1\n|-boost|p2a: Koraidon|spe|1\n|move|p1a: Toxapex|Haze|p1a: Toxapex\n|-clearallboost\n|\n|-weather|none\n|-damage|p2a: Koraidon|82\/100 tox|[from] psn\n|upkeep\n|turn|29\n|\n|t:|1700401995\n|switch|p1a: Calyrex|Calyrex-Shadow|88\/100\n|-ability|p1a: Calyrex|As One\n|-ability|p1a: Calyrex|Unnerve\n|-damage|p1a: Calyrex|76\/100|[from] Stealth Rock\n|move|p2a: Koraidon|Scale Shot|p1a: Calyrex\n|-damage|p1a: Calyrex|58\/100\n|-damage|p1a: Calyrex|42\/100\n|-damage|p1a: Calyrex|27\/100\n|-damage|p1a: Calyrex|11\/100\n|-hitcount|p1a: Calyrex|4\n|-unboost|p2a: Koraidon|def|1\n|-boost|p2a: Koraidon|spe|1\n|\n|-damage|p2a: Koraidon|64\/100 tox|[from] psn\n|upkeep\n|turn|30\n|\n|t:|1700402016\n|switch|p2a: Arceus|Arceus|100\/100\n|move|p1a: Calyrex|Psychic|p2a: Arceus\n|-damage|p2a: Arceus|60\/100\n|\n|-heal|p2a: Arceus|66\/100|[from] item: Leftovers\n|upkeep\n|turn|31\n|\n|t:|1700402023\n|move|p1a: Calyrex|Psychic|p2a: Arceus\n|-damage|p2a: Arceus|32\/100\n|move|p2a: Arceus|Bulk Up|p2a: Arceus\n|-boost|p2a: Arceus|atk|1\n|-boost|p2a: Arceus|def|1\n|\n|-heal|p2a: Arceus|38\/100|[from] item: Leftovers\n|upkeep\n|turn|32\n|\n|t:|1700402031\n|move|p1a: Calyrex|Psychic|p2a: Arceus\n|-damage|p2a: Arceus|3\/100\n|move|p2a: Arceus|Shadow Claw|p1a: Calyrex\n|-supereffective|p1a: Calyrex\n|-damage|p1a: Calyrex|0 fnt\n|faint|p1a: Calyrex\n|\n|-heal|p2a: Arceus|9\/100|[from] item: Leftovers\n|upkeep\n|\n|t:|1700402034\n|switch|p1a: Toxapex|Toxapex, F|38\/100\n|-damage|p1a: Toxapex|26\/100|[from] Stealth Rock\n|turn|33\n|\n|t:|1700402039\n|move|p2a: Arceus|Extreme Speed|p1a: Toxapex\n|-damage|p1a: Toxapex|0 fnt\n|-damage|p2a: Arceus|0 fnt|[from] item: Rocky Helmet|[of] p1a: Toxapex\n|faint|p1a: Toxapex\n|faint|p2a: Arceus\n|\n|win|Main Ubers\n|raw|Puigson's rating: 1712 &rarr; <strong>1704<\/strong><br \/>(-8 for losing)\n|raw|Main Ubers's rating: 1963 &rarr; <strong>1971<\/strong><br \/>(+8 for winning)\n|c| Menacce17|JOJOS EST LE MEILLEUR JOUEUR AG\n|c|\u2606Main Ubers|wp\n|c|\u2606Puigson|Gg\n|l|\u2606Puigson\n|l| Menacce17\n","uploadtime":1700402093,"views":29,"p1id":"puigson","p2id":"mainubers","formatid":"gen9anythinggoes","rating":1704,"private":0,"password":""}