{"id":"gen9anythinggoes-1976156099","p1":"Gavime","p2":"IchBinLusc","format":"[Gen 9] Anything Goes","log":"|j|\u2606Gavime\n|j|\u2606IchBinLusc\n|t:|1698268681\n|gametype|singles\n|player|p1|Gavime|twins|\n|player|p2|IchBinLusc|marlon|\n|teamsize|p1|6\n|teamsize|p2|6\n|gen|9\n|tier|[Gen 9] Anything Goes\n|rule|HP Percentage Mod: HP is shown in percentages\n|rule|Endless Battle Clause: Forcing endless battles is banned\n|clearpoke\n|poke|p1|Infernape, F|\n|poke|p1|Meowscarada, F|\n|poke|p1|Jirachi|\n|poke|p1|Zoroark-Hisui, F|\n|poke|p1|Cloyster, F|\n|poke|p1|Ambipom, F|\n|poke|p2|Greninja-*, M|\n|poke|p2|Garchomp, M|\n|poke|p2|Corviknight, F|\n|poke|p2|Cetitan, M|\n|poke|p2|Mimikyu, M|\n|poke|p2|Umbreon, F|\n|teampreview\n|\n|t:|1698268713\n|start\n|switch|p1a: Buchin|Jirachi, shiny|100\/100\n|switch|p2a: Umbreon|Umbreon, F|100\/100\n|turn|1\n|\n|t:|1698268720\n|move|p1a: Buchin|Calm Mind|p1a: Buchin\n|-boost|p1a: Buchin|spa|1\n|-boost|p1a: Buchin|spd|1\n|move|p2a: Umbreon|Foul Play|p1a: Buchin\n|-supereffective|p1a: Buchin\n|-damage|p1a: Buchin|44\/100\n|\n|-heal|p1a: Buchin|50\/100|[from] item: Leftovers\n|upkeep\n|turn|2\n|\n|t:|1698268731\n|move|p1a: Buchin|Aura Sphere|p2a: Umbreon\n|-supereffective|p2a: Umbreon\n|-damage|p2a: Umbreon|55\/100\n|move|p2a: Umbreon|Foul Play|p1a: Buchin\n|-supereffective|p1a: Buchin\n|-damage|p1a: Buchin|0 fnt\n|faint|p1a: Buchin\n|\n|-heal|p2a: Umbreon|61\/100|[from] item: Leftovers\n|upkeep\n|\n|t:|1698268746\n|switch|p1a: Lynette|Meowscarada, F, shiny|100\/100\n|turn|3\n|\n|t:|1698268752\n|-terastallize|p2a: Umbreon|Poison\n|move|p1a: Lynette|Shadow Ball|p2a: Umbreon\n|-damage|p2a: Umbreon|16\/100\n|-unboost|p2a: Umbreon|spd|1\n|move|p2a: Umbreon|Toxic|p1a: Lynette\n|-status|p1a: Lynette|tox\n|\n|-heal|p2a: Umbreon|23\/100|[from] item: Leftovers\n|-damage|p1a: Lynette|95\/100 tox|[from] psn\n|upkeep\n|turn|4\n|\n|t:|1698268764\n|move|p2a: Umbreon|Protect|p2a: Umbreon\n|-singleturn|p2a: Umbreon|Protect\n|move|p1a: Lynette|Shadow Ball|p2a: Umbreon\n|-activate|p2a: Umbreon|move: Protect\n|\n|-heal|p2a: Umbreon|29\/100|[from] item: Leftovers\n|-damage|p1a: Lynette|83\/100 tox|[from] psn\n|upkeep\n|turn|5\n|\n|t:|1698268772\n|move|p1a: Lynette|Shadow Ball|p2a: Umbreon\n|-damage|p2a: Umbreon|0 fnt\n|faint|p2a: Umbreon\n|\n|-damage|p1a: Lynette|65\/100 tox|[from] psn\n|upkeep\n|\n|t:|1698268794\n|switch|p2a: Corviknight|Corviknight, F|100\/100\n|turn|6\n|\n|t:|1698268806\n|move|p1a: Lynette|Shadow Ball|p2a: Corviknight\n|-damage|p2a: Corviknight|42\/100\n|move|p2a: Corviknight|U-turn|p1a: Lynette\n|-resisted|p1a: Lynette\n|-damage|p1a: Lynette|49\/100 tox\n|replace|p1a: emo|Zoroark-Hisui, F, shiny\n|-end|p1a: emo|Illusion\n|\n|t:|1698268815\n|switch|p2a: Mimikyu|Mimikyu, M|100\/100|[from] U-turn\n|\n|-damage|p1a: emo|25\/100 tox|[from] psn\n|upkeep\n|turn|7\n|\n|t:|1698268826\n|move|p1a: emo|Shadow Ball|p2a: Mimikyu\n|-activate|p2a: Mimikyu|ability: Disguise\n|-damage|p2a: Mimikyu|100\/100\n|detailschange|p2a: Mimikyu|Mimikyu-Busted, M\n|-damage|p2a: Mimikyu|88\/100|[from] pokemon: Mimikyu-Busted\n|move|p2a: Mimikyu|Swords Dance|p2a: Mimikyu\n|-boost|p2a: Mimikyu|atk|2\n|\n|-damage|p1a: emo|0 fnt|[from] psn\n|faint|p1a: emo\n|upkeep\n|\n|t:|1698268840\n|switch|p1a: Lynette|Meowscarada, F, shiny|100\/100\n|turn|8\n|\n|t:|1698268846\n|move|p1a: Lynette|Flower Trick|p2a: Mimikyu\n|-start|p1a: Lynette|typechange|Grass|[from] ability: Protean\n|-crit|p2a: Mimikyu\n|-damage|p2a: Mimikyu|14\/100\n|move|p2a: Mimikyu|Play Rough|p1a: Lynette\n|-damage|p1a: Lynette|0 fnt\n|faint|p1a: Lynette\n|-damage|p2a: Mimikyu|4\/100|[from] item: Life Orb\n|\n|upkeep\n|\n|t:|1698268860\n|switch|p1a: Bucetildes|Cloyster, F, shiny|100\/100\n|turn|9\n|\n|t:|1698268867\n|move|p2a: Mimikyu|Wood Hammer|p1a: Bucetildes\n|-supereffective|p1a: Bucetildes\n|-damage|p1a: Bucetildes|0 fnt\n|faint|p1a: Bucetildes\n|-damage|p2a: Mimikyu|0 fnt|[from] Recoil\n|faint|p2a: Mimikyu\n|\n|upkeep\n|\n|t:|1698268876\n|switch|p2a: Corviknight|Corviknight, F|42\/100\n|switch|p1a: Lula|Ambipom, F, shiny|100\/100\n|turn|10\n|\n|t:|1698268882\n|move|p1a: Lula|Fake Out|p2a: Corviknight\n|-resisted|p2a: Corviknight\n|-damage|p2a: Corviknight|32\/100\n|-damage|p1a: Lula|84\/100|[from] item: Rocky Helmet|[of] p2a: Corviknight\n|cant|p2a: Corviknight|flinch\n|\n|upkeep\n|turn|11\n|\n|t:|1698268890\n|move|p1a: Lula|Knock Off|p2a: Corviknight\n|-damage|p2a: Corviknight|16\/100\n|-damage|p1a: Lula|68\/100|[from] item: Rocky Helmet|[of] p2a: Corviknight\n|-enditem|p2a: Corviknight|Rocky Helmet|[from] move: Knock Off|[of] p1a: Lula\n|move|p2a: Corviknight|Roost|p2a: Corviknight\n|-heal|p2a: Corviknight|66\/100\n|-singleturn|p2a: Corviknight|move: Roost\n|\n|upkeep\n|turn|12\n|\n|t:|1698268904\n|move|p1a: Lula|U-turn|p2a: Corviknight\n|-resisted|p2a: Corviknight\n|-damage|p2a: Corviknight|64\/100\n|\n|t:|1698268907\n|switch|p1a: favela venceu|Infernape, F, shiny|100\/100|[from] U-turn\n|move|p2a: Corviknight|Roost|p2a: Corviknight\n|-heal|p2a: Corviknight|100\/100\n|-singleturn|p2a: Corviknight|move: Roost\n|\n|upkeep\n|turn|13\n|\n|t:|1698268915\n|move|p1a: favela venceu|Flare Blitz|p2a: Corviknight\n|-supereffective|p2a: Corviknight\n|-damage|p2a: Corviknight|31\/100\n|-damage|p1a: favela venceu|69\/100|[from] Recoil\n|move|p2a: Corviknight|Brave Bird|p1a: favela venceu\n|-supereffective|p1a: favela venceu\n|-damage|p1a: favela venceu|0 fnt\n|faint|p1a: favela venceu\n|-damage|p2a: Corviknight|15\/100|[from] Recoil\n|\n|upkeep\n|\n|t:|1698268918\n|switch|p1a: Lula|Ambipom, F, shiny|68\/100\n|turn|14\n|\n|t:|1698268926\n|move|p1a: Lula|Fake Out|p2a: Corviknight\n|-resisted|p2a: Corviknight\n|-damage|p2a: Corviknight|5\/100\n|cant|p2a: Corviknight|flinch\n|\n|upkeep\n|turn|15\n|\n|t:|1698268933\n|move|p1a: Lula|Double Hit|p2a: Corviknight\n|-resisted|p2a: Corviknight\n|-damage|p2a: Corviknight|0 fnt\n|faint|p2a: Corviknight\n|-hitcount|p2: Corviknight|1\n|\n|upkeep\n|\n|t:|1698268945\n|switch|p2a: Cetitan|Cetitan, M|100\/100\n|turn|16\n|\n|t:|1698268950\n|move|p1a: Lula|Double Hit|p2a: Cetitan\n|-damage|p2a: Cetitan|77\/100\n|-damage|p2a: Cetitan|52\/100\n|-hitcount|p2a: Cetitan|2\n|move|p2a: Cetitan|Knock Off|p1a: Lula\n|-damage|p1a: Lula|15\/100\n|-enditem|p1a: Lula|Silk Scarf|[from] move: Knock Off|[of] p2a: Cetitan\n|\n|upkeep\n|turn|17\n|\n|t:|1698268962\n|move|p1a: Lula|Knock Off|p2a: Cetitan\n|-damage|p2a: Cetitan|28\/100\n|-enditem|p2a: Cetitan|Chople Berry|[from] move: Knock Off|[of] p1a: Lula\n|move|p2a: Cetitan|Earthquake|p1a: Lula\n|-damage|p1a: Lula|0 fnt\n|faint|p1a: Lula\n|\n|win|IchBinLusc\n","uploadtime":1698268974,"views":11,"p1id":"gavime","p2id":"ichbinlusc","formatid":"gen9anythinggoes","rating":0,"private":0,"password":""}