{"id":"gen9anythinggoes-1985762049","p1":"DR4N","p2":"king_goiabo","format":"[Gen 9] Anything Goes","log":"|j|\u2606DR4N\n|j|\u2606king_goiabo\n|t:|1699403496\n|gametype|singles\n|player|p1|DR4N|lucas-gen4pt|1137\n|player|p2|king_goiabo|artist-gen4|1119\n|teamsize|p1|6\n|teamsize|p2|6\n|gen|9\n|tier|[Gen 9] Anything Goes\n|rated|\n|rule|HP Percentage Mod: HP is shown in percentages\n|rule|Endless Battle Clause: Forcing endless battles is banned\n|clearpoke\n|poke|p1|Espeon, F|\n|poke|p1|Lycanroc-Dusk, M|\n|poke|p1|Pawmot, F|\n|poke|p1|Clodsire, M|\n|poke|p1|Gogoat, M|\n|poke|p1|Arcanine, M|\n|poke|p2|Infernape, M|\n|poke|p2|Oranguru, F|\n|poke|p2|Annihilape, F|\n|poke|p2|Zarude|\n|poke|p2|Slaking, M|\n|poke|p2|Ambipom, M|\n|teampreview\n|\n|t:|1699403502\n|start\n|switch|p1a: Stella|Espeon, F, shiny|100\/100\n|switch|p2a: Racist|Infernape, M|100\/100\n|turn|1\n|\n|t:|1699403510\n|switch|p2a: Thief|Zarude|100\/100\n|move|p1a: Stella|Calm Mind|p1a: Stella\n|-boost|p1a: Stella|spa|1\n|-boost|p1a: Stella|spd|1\n|\n|upkeep\n|turn|2\n|\n|t:|1699403519\n|move|p1a: Stella|Draining Kiss|p2a: Thief\n|-supereffective|p2a: Thief\n|-damage|p2a: Thief|59\/100\n|move|p2a: Thief|Knock Off|p1a: Stella\n|-supereffective|p1a: Stella\n|-damage|p1a: Stella|0 fnt\n|-enditem|p1a: Stella|Salac Berry|[from] move: Knock Off|[of] p2a: Thief\n|faint|p1a: Stella\n|\n|upkeep\n|\n|t:|1699403528\n|switch|p1a: Mallow|Pawmot, F, shiny|100\/100\n|turn|3\n|\n|t:|1699403534\n|move|p1a: Mallow|Nuzzle|p2a: Thief\n|-resisted|p2a: Thief\n|-damage|p2a: Thief|56\/100\n|-status|p2a: Thief|par\n|move|p2a: Thief|Crunch|p1a: Mallow\n|-resisted|p1a: Mallow\n|-damage|p1a: Mallow|77\/100\n|-unboost|p1a: Mallow|def|1\n|\n|upkeep\n|turn|4\n|\n|t:|1699403545\n|move|p1a: Mallow|Revival Blessing|p1a: Mallow\n|\n|t:|1699403547\n|-heal|p1: Stella|50\/100|[from] move: Revival Blessing\n|move|p2a: Thief|Grass Knot|p1a: Mallow\n|-damage|p1a: Mallow|55\/100\n|\n|upkeep\n|turn|5\n|\n|t:|1699403554\n|move|p1a: Mallow|Rest|p1a: Mallow\n|-status|p1a: Mallow|slp|[from] move: Rest\n|-heal|p1a: Mallow|100\/100 slp|[silent]\n|cant|p2a: Thief|par\n|\n|upkeep\n|turn|6\n|\n|t:|1699403561\n|switch|p1a: Billy|Gogoat, M, shiny|100\/100\n|move|p2a: Thief|Knock Off|p1a: Billy\n|-damage|p1a: Billy|54\/100\n|-damage|p2a: Thief|39\/100 par|[from] item: Rocky Helmet|[of] p1a: Billy\n|-enditem|p1a: Billy|Rocky Helmet|[from] move: Knock Off|[of] p2a: Thief\n|\n|upkeep\n|turn|7\n|\n|t:|1699403571\n|switch|p2a: Lazy guy|Slaking, M|100\/100\n|move|p1a: Billy|Milk Drink|p1a: Billy\n|-heal|p1a: Billy|100\/100\n|\n|upkeep\n|turn|8\n|\n|t:|1699403579\n|move|p2a: Lazy guy|Body Press|p1a: Billy\n|-damage|p1a: Billy|77\/100\n|move|p1a: Billy|Leech Seed|p2a: Lazy guy\n|-start|p2a: Lazy guy|move: Leech Seed\n|\n|-damage|p2a: Lazy guy|88\/100|[from] Leech Seed|[of] p1a: Billy\n|-heal|p1a: Billy|90\/100|[silent]\n|upkeep\n|turn|9\n|\n|t:|1699403587\n|switch|p2a: Racist|Infernape, M|100\/100\n|move|p1a: Billy|Earthquake|p2a: Racist\n|-supereffective|p2a: Racist\n|-damage|p2a: Racist|16\/100\n|-enditem|p2a: Racist|Aguav Berry|[eat]\n|-heal|p2a: Racist|49\/100|[from] item: Aguav Berry\n|\n|upkeep\n|turn|10\n|\n|t:|1699403595\n|-terastallize|p1a: Billy|Ground\n|move|p2a: Racist|Fire Punch|p1a: Billy\n|-damage|p1a: Billy|51\/100\n|move|p1a: Billy|Earthquake|p2a: Racist\n|-supereffective|p2a: Racist\n|-damage|p2a: Racist|0 fnt\n|faint|p2a: Racist\n|\n|upkeep\n|\n|t:|1699403604\n|switch|p2a: Averagemonkey|Ambipom, M|100\/100\n|turn|11\n|c|\u2606DR4N|Monke\n|\n|t:|1699403608\n|move|p2a: Averagemonkey|Fake Out|p1a: Billy\n|-damage|p1a: Billy|30\/100\n|cant|p1a: Billy|flinch\n|\n|upkeep\n|turn|12\n|\n|t:|1699403617\n|move|p2a: Averagemonkey|Ice Punch|p1a: Billy\n|-supereffective|p1a: Billy\n|-damage|p1a: Billy|0 fnt\n|faint|p1a: Billy\n|\n|upkeep\n|\n|t:|1699403622\n|switch|p1a: Mallow|Pawmot, F, shiny|100\/100 slp\n|turn|13\n|\n|t:|1699403630\n|cant|p1a: Mallow|slp\n|move|p1a: Mallow|Sleep Talk|p1a: Mallow\n|move|p1a: Mallow|Revival Blessing|p1a: Mallow|[from]move: Sleep Talk\n|\n|t:|1699403634\n|-heal|p1: Billy|50\/100|[from] move: Revival Blessing\n|move|p2a: Averagemonkey|Ice Punch|p1a: Mallow\n|-damage|p1a: Mallow|71\/100 slp\n|\n|upkeep\n|turn|14\n|\n|t:|1699403645\n|switch|p1a: Bobby|Clodsire, M, shiny|100\/100\n|move|p2a: Averagemonkey|Ice Punch|p1a: Bobby\n|-supereffective|p1a: Bobby\n|-damage|p1a: Bobby|52\/100\n|\n|-heal|p1a: Bobby|58\/100|[from] item: Black Sludge\n|upkeep\n|turn|15\n|\n|t:|1699403656\n|move|p2a: Averagemonkey|Ice Punch|p1a: Bobby\n|-supereffective|p1a: Bobby\n|-damage|p1a: Bobby|9\/100\n|move|p1a: Bobby|Yawn|p2a: Averagemonkey\n|-start|p2a: Averagemonkey|move: Yawn|[of] p1a: Bobby\n|\n|-heal|p1a: Bobby|16\/100|[from] item: Black Sludge\n|upkeep\n|turn|16\n|\n|t:|1699403665\n|switch|p1a: Billy|Gogoat, M, shiny|50\/100\n|move|p2a: Averagemonkey|Ice Punch|p1a: Billy\n|-supereffective|p1a: Billy\n|-damage|p1a: Billy|0 fnt\n|faint|p1a: Billy\n|\n|-end|p2a: Averagemonkey|move: Yawn|[silent]\n|-status|p2a: Averagemonkey|slp\n|upkeep\n|\n|t:|1699403672\n|switch|p1a: Mallow|Pawmot, F, shiny|71\/100 slp\n|turn|17\n|\n|t:|1699403680\n|-terastallize|p2a: Averagemonkey|Normal\n|cant|p1a: Mallow|slp\n|move|p1a: Mallow|Sleep Talk|p1a: Mallow\n|move|p1a: Mallow|Revival Blessing|p1a: Mallow|[from]move: Sleep Talk\n|\n|t:|1699403685\n|-heal|p1: Billy|50\/100|[from] move: Revival Blessing\n|cant|p2a: Averagemonkey|slp\n|\n|upkeep\n|turn|18\n|\n|t:|1699403693\n|switch|p1a: Mick|Arcanine, M, shiny|100\/100\n|-curestatus|p2a: Averagemonkey|slp|[msg]\n|move|p2a: Averagemonkey|Ice Punch|p1a: Mick\n|-resisted|p1a: Mick\n|-damage|p1a: Mick|86\/100\n|\n|upkeep\n|turn|19\n|\n|t:|1699403704\n|switch|p2a: Drunk|Oranguru, F|100\/100\n|move|p1a: Mick|Hyper Voice|p2a: Drunk\n|-damage|p2a: Drunk|80\/100\n|-enditem|p1a: Mick|Throat Spray\n|-boost|p1a: Mick|spa|1|[from] item: Throat Spray\n|\n|upkeep\n|turn|20\n|\n|t:|1699403714\n|move|p1a: Mick|Hyper Beam|p2a: Drunk\n|-damage|p2a: Drunk|23\/100\n|-mustrecharge|p1a: Mick\n|move|p2a: Drunk|Psychic|p1a: Mick\n|-damage|p1a: Mick|42\/100\n|\n|upkeep\n|turn|21\n|\n|t:|1699403721\n|cant|p1a: Mick|recharge\n|move|p2a: Drunk|Psychic|p1a: Mick\n|-damage|p1a: Mick|0 fnt\n|faint|p1a: Mick\n|\n|upkeep\n|\n|t:|1699403727\n|switch|p1a: Sonic|Lycanroc-Dusk, M, shiny|100\/100\n|turn|22\n|\n|t:|1699403734\n|move|p1a: Sonic|Crunch|p2a: Drunk\n|-supereffective|p2a: Drunk\n|-damage|p2a: Drunk|0 fnt\n|faint|p2a: Drunk\n|\n|upkeep\n|\n|t:|1699403739\n|switch|p2a: Lazy guy|Slaking, M|88\/100\n|turn|23\n|inactive|Battle timer is ON: inactive players will automatically lose when time's up. (requested by DR4N)\n|\n|t:|1699403747\n|switch|p1a: Billy|Gogoat, M, shiny|50\/100\n|move|p2a: Lazy guy|Hammer Arm|p1a: Billy|[miss]\n|-miss|p2a: Lazy guy|p1a: Billy\n|\n|upkeep\n|turn|24\n|\n|t:|1699403754\n|cant|p2a: Lazy guy|ability: Truant\n|move|p1a: Billy|Leech Seed|p2a: Lazy guy\n|-start|p2a: Lazy guy|move: Leech Seed\n|\n|-damage|p2a: Lazy guy|76\/100|[from] Leech Seed|[of] p1a: Billy\n|-heal|p1a: Billy|63\/100|[silent]\n|upkeep\n|turn|25\n|\n|t:|1699403762\n|move|p2a: Lazy guy|Blizzard|p1a: Billy\n|-supereffective|p1a: Billy\n|-damage|p1a: Billy|21\/100\n|move|p1a: Billy|Milk Drink|p1a: Billy\n|-heal|p1a: Billy|71\/100\n|\n|-damage|p2a: Lazy guy|64\/100|[from] Leech Seed|[of] p1a: Billy\n|-heal|p1a: Billy|84\/100|[silent]\n|upkeep\n|turn|26\n|\n|t:|1699403772\n|cant|p2a: Lazy guy|ability: Truant\n|move|p1a: Billy|Horn Leech|p2a: Lazy guy\n|-damage|p2a: Lazy guy|43\/100\n|-heal|p1a: Billy|95\/100|[from] drain|[of] p2a: Lazy guy\n|-damage|p1a: Billy|78\/100|[from] item: Rocky Helmet|[of] p2a: Lazy guy\n|\n|-damage|p2a: Lazy guy|30\/100|[from] Leech Seed|[of] p1a: Billy\n|-heal|p1a: Billy|91\/100|[silent]\n|upkeep\n|turn|27\n|\n|t:|1699403783\n|switch|p2a: Thief|Zarude|39\/100 par\n|move|p1a: Billy|Milk Drink|p1a: Billy\n|-heal|p1a: Billy|100\/100\n|\n|upkeep\n|turn|28\n|\n|t:|1699403793\n|move|p1a: Billy|Horn Leech|p2a: Thief\n|-resisted|p2a: Thief\n|-damage|p2a: Thief|25\/100 par\n|cant|p2a: Thief|par\n|\n|upkeep\n|turn|29\n|\n|t:|1699403798\n|move|p1a: Billy|Earthquake|p2a: Thief\n|-resisted|p2a: Thief\n|-damage|p2a: Thief|11\/100 par\n|move|p2a: Thief|Crunch|p1a: Billy\n|-damage|p1a: Billy|60\/100\n|\n|upkeep\n|turn|30\n|\n|t:|1699403810\n|move|p1a: Billy|Milk Drink|p1a: Billy\n|-heal|p1a: Billy|100\/100\n|move|p2a: Thief|Crunch|p1a: Billy\n|-damage|p1a: Billy|58\/100\n|\n|upkeep\n|turn|31\n|\n|t:|1699403816\n|move|p1a: Billy|Earthquake|p2a: Thief\n|-resisted|p2a: Thief\n|-damage|p2a: Thief|0 fnt\n|faint|p2a: Thief\n|\n|upkeep\n|\n|t:|1699403820\n|switch|p2a: Averagemonkey|Ambipom, M, tera:Normal|100\/100\n|turn|32\n|\n|t:|1699403834\n|move|p2a: Averagemonkey|Fake Out|p1a: Billy\n|-damage|p1a: Billy|30\/100\n|cant|p1a: Billy|flinch\n|\n|upkeep\n|turn|33\n|\n|t:|1699403845\n|move|p2a: Averagemonkey|Ice Punch|p1a: Billy\n|-supereffective|p1a: Billy\n|-damage|p1a: Billy|0 fnt\n|faint|p1a: Billy\n|\n|upkeep\n|\n|t:|1699403848\n|switch|p1a: Sonic|Lycanroc-Dusk, M, shiny|100\/100\n|turn|34\n|\n|t:|1699403860\n|move|p1a: Sonic|Crunch|p2a: Averagemonkey\n|-damage|p2a: Averagemonkey|42\/100\n|move|p2a: Averagemonkey|Counter|p1a: Sonic\n|-damage|p1a: Sonic|0 fnt\n|faint|p1a: Sonic\n|\n|upkeep\n|\n|t:|1699403867\n|switch|p1a: Mallow|Pawmot, F, shiny|71\/100 slp\n|turn|35\n|\n|t:|1699403872\n|-curestatus|p1a: Mallow|slp|[msg]\n|move|p1a: Mallow|Sleep Talk||[still]\n|-fail|p1a: Mallow\n|move|p2a: Averagemonkey|U-turn|p1a: Mallow\n|-resisted|p1a: Mallow\n|-damage|p1a: Mallow|58\/100\n|\n|t:|1699403879\n|switch|p2a: Racist plus|Annihilape, F, shiny|100\/100|[from] U-turn\n|\n|upkeep\n|turn|36\n|\n|t:|1699403891\n|move|p1a: Mallow|Nuzzle|p2a: Racist plus\n|-damage|p2a: Racist plus|93\/100\n|-status|p2a: Racist plus|par\n|cant|p2a: Racist plus|par\n|\n|upkeep\n|turn|37\n|\n|t:|1699403897\n|move|p1a: Mallow|Rest|p1a: Mallow\n|-status|p1a: Mallow|slp|[from] move: Rest\n|-heal|p1a: Mallow|100\/100 slp|[silent]\n|move|p2a: Racist plus|Bulk Up|p2a: Racist plus\n|-boost|p2a: Racist plus|atk|1\n|-boost|p2a: Racist plus|def|1\n|\n|upkeep\n|turn|38\n|\n|t:|1699403906\n|cant|p1a: Mallow|slp\n|move|p1a: Mallow|Sleep Talk|p1a: Mallow\n|move|p1a: Mallow|Rest||[from]move: Sleep Talk|[still]\n|-fail|p1a: Mallow\n|move|p2a: Racist plus|Bulk Up|p2a: Racist plus\n|-boost|p2a: Racist plus|atk|1\n|-boost|p2a: Racist plus|def|1\n|\n|upkeep\n|turn|39\n|\n|t:|1699403916\n|switch|p1a: Stella|Espeon, F, shiny|50\/100\n|move|p2a: Racist plus|Bulk Up|p2a: Racist plus\n|-boost|p2a: Racist plus|atk|1\n|-boost|p2a: Racist plus|def|1\n|\n|upkeep\n|turn|40\n|\n|t:|1699403925\n|move|p1a: Stella|Shadow Ball|p2a: Racist plus\n|-supereffective|p2a: Racist plus\n|-damage|p2a: Racist plus|44\/100 par\n|-unboost|p2a: Racist plus|spd|1\n|move|p2a: Racist plus|Brick Break|p1a: Stella\n|-resisted|p1a: Stella\n|-damage|p1a: Stella|0 fnt\n|faint|p1a: Stella\n|\n|upkeep\n|c|\u2606DR4N|Black\n|c|\u2606DR4N|Aaaaa\n|\n|t:|1699403935\n|switch|p1a: Mallow|Pawmot, F, shiny|100\/100 slp\n|turn|41\n|\n|t:|1699403939\n|cant|p1a: Mallow|slp\n|move|p1a: Mallow|Sleep Talk|p1a: Mallow\n|move|p1a: Mallow|Revival Blessing|p1a: Mallow|[from]move: Sleep Talk\n|\n|t:|1699403943\n|-heal|p1: Stella|50\/100|[from] move: Revival Blessing\n|cant|p2a: Racist plus|par\n|\n|upkeep\n|turn|42\n|\n|t:|1699403948\n|-curestatus|p1a: Mallow|slp|[msg]\n|move|p1a: Mallow|Sleep Talk||[still]\n|-fail|p1a: Mallow\n|move|p2a: Racist plus|Rage Fist|p1a: Mallow\n|-enditem|p1a: Mallow|Focus Sash\n|-damage|p1a: Mallow|1\/100\n|\n|upkeep\n|turn|43\n|\n|t:|1699403956\n|move|p1a: Mallow|Rest|p1a: Mallow\n|-status|p1a: Mallow|slp|[from] move: Rest\n|-heal|p1a: Mallow|100\/100 slp|[silent]\n|move|p2a: Racist plus|Rage Fist|p1a: Mallow\n|-damage|p1a: Mallow|0 fnt\n|faint|p1a: Mallow\n|\n|upkeep\n|\n|t:|1699403964\n|switch|p1a: Stella|Espeon, F, shiny|50\/100\n|turn|44\n|\n|t:|1699403971\n|switch|p2a: Lazy guy|Slaking, M|30\/100\n|move|p1a: Stella|Shadow Ball|p2a: Lazy guy\n|-immune|p2a: Lazy guy\n|\n|upkeep\n|turn|45\n|\n|t:|1699403980\n|move|p1a: Stella|Draining Kiss|p2a: Lazy guy\n|-damage|p2a: Lazy guy|15\/100\n|-heal|p1a: Stella|70\/100|[from] drain|[of] p2a: Lazy guy\n|-damage|p1a: Stella|53\/100|[from] item: Rocky Helmet|[of] p2a: Lazy guy\n|move|p2a: Lazy guy|Rest|p2a: Lazy guy\n|-status|p2a: Lazy guy|slp|[from] move: Rest\n|-heal|p2a: Lazy guy|100\/100 slp|[silent]\n|\n|upkeep\n|turn|46\n|\n|t:|1699403991\n|switch|p2a: Averagemonkey|Ambipom, M, tera:Normal|42\/100\n|move|p1a: Stella|Calm Mind|p1a: Stella\n|-boost|p1a: Stella|spa|1\n|-boost|p1a: Stella|spd|1\n|\n|upkeep\n|turn|47\n|\n|t:|1699404000\n|move|p2a: Averagemonkey|Fake Out|p1a: Stella\n|-damage|p1a: Stella|11\/100\n|cant|p1a: Stella|flinch\n|\n|upkeep\n|turn|48\n|\n|t:|1699404007\n|switch|p2a: Lazy guy|Slaking, M|100\/100 slp\n|move|p1a: Stella|Draining Kiss|p2a: Lazy guy\n|-damage|p2a: Lazy guy|78\/100 slp\n|-heal|p1a: Stella|40\/100|[from] drain|[of] p2a: Lazy guy\n|-damage|p1a: Stella|23\/100|[from] item: Rocky Helmet|[of] p2a: Lazy guy\n|\n|upkeep\n|turn|49\n|\n|t:|1699404019\n|move|p1a: Stella|Calm Mind|p1a: Stella\n|-boost|p1a: Stella|spa|1\n|-boost|p1a: Stella|spd|1\n|cant|p2a: Lazy guy|slp\n|\n|upkeep\n|turn|50\n|\n|t:|1699404026\n|move|p1a: Stella|Stored Power|p2a: Lazy guy\n|-damage|p2a: Lazy guy|0 fnt\n|faint|p2a: Lazy guy\n|\n|upkeep\n|\n|t:|1699404032\n|switch|p2a: Averagemonkey|Ambipom, M, tera:Normal|42\/100\n|turn|51\n|\n|t:|1699404039\n|switch|p1a: Bobby|Clodsire, M, shiny|16\/100\n|move|p2a: Averagemonkey|Fake Out|p1a: Bobby\n|-damage|p1a: Bobby|0 fnt\n|faint|p1a: Bobby\n|\n|upkeep\n|\n|t:|1699404044\n|switch|p1a: Stella|Espeon, F, shiny|23\/100\n|turn|52\n|\n|t:|1699404054\n|move|p1a: Stella|Draining Kiss|p2a: Averagemonkey\n|-damage|p2a: Averagemonkey|17\/100\n|-heal|p1a: Stella|45\/100|[from] drain|[of] p2a: Averagemonkey\n|move|p2a: Averagemonkey|Ice Punch|p1a: Stella\n|-damage|p1a: Stella|7\/100\n|\n|upkeep\n|turn|53\n|\n|t:|1699404064\n|move|p1a: Stella|Draining Kiss|p2a: Averagemonkey\n|-damage|p2a: Averagemonkey|0 fnt\n|-heal|p1a: Stella|22\/100|[from] drain|[of] p2a: Averagemonkey\n|faint|p2a: Averagemonkey\n|\n|upkeep\n|\n|t:|1699404068\n|switch|p2a: Racist plus|Annihilape, F, shiny|44\/100 par\n|turn|54\n|\n|t:|1699404072\n|move|p1a: Stella|Shadow Ball|p2a: Racist plus\n|-supereffective|p2a: Racist plus\n|-damage|p2a: Racist plus|0 fnt\n|faint|p2a: Racist plus\n|\n|win|DR4N\n|raw|DR4N's rating: 1137 &rarr; <strong>1161<\/strong><br \/>(+24 for winning)\n|raw|king_goiabo's rating: 1119 &rarr; <strong>1095<\/strong><br \/>(-24 for losing)\n|l|\u2606king_goiabo\n|c|\u2606DR4N|Gg\n","uploadtime":1699404081,"views":12,"p1id":"dr4n","p2id":"kinggoiabo","formatid":"gen9anythinggoes","rating":1095,"private":0,"password":""}