{"id":"gen9anythinggoes-1983887644","p1":"thewinnerofwinning","p2":"Eriririririririric","format":"[Gen 9] Anything Goes","log":"|j|\u2606thewinnerofwinning\n|j|\u2606Eriririririririric\n|t:|1699196339\n|gametype|singles\n|player|p1|thewinnerofwinning|1|1532\n|player|p2|Eriririririririric|1|1488\n|teamsize|p1|6\n|teamsize|p2|6\n|gen|9\n|tier|[Gen 9] Anything Goes\n|rated|\n|rule|HP Percentage Mod: HP is shown in percentages\n|rule|Endless Battle Clause: Forcing endless battles is banned\n|clearpoke\n|poke|p1|Dondozo, M|\n|poke|p1|Blissey, F|\n|poke|p1|Cinderace, M|\n|poke|p1|Primeape, F|\n|poke|p1|Zoroark-Hisui, F|\n|poke|p1|Gholdengo|\n|poke|p2|Koraidon|\n|poke|p2|Miraidon|\n|poke|p2|Cloyster, M|\n|poke|p2|Zacian-*|\n|poke|p2|Toxapex, F|\n|poke|p2|Chien-Pao|\n|teampreview\n|\n|t:|1699196349\n|start\n|switch|p1a: Gholdengo|Gholdengo|100\/100\n|switch|p2a: Cloyster|Cloyster, M|100\/100\n|turn|1\n|\n|t:|1699196361\n|move|p1a: Gholdengo|Trick|p2a: Cloyster\n|-activate|p1a: Gholdengo|move: Trick|[of] p2a: Cloyster\n|-item|p2a: Cloyster|Choice Scarf|[from] move: Trick\n|-item|p1a: Gholdengo|Focus Sash|[from] move: Trick\n|move|p2a: Cloyster|Shell Smash|p2a: Cloyster\n|-unboost|p2a: Cloyster|def|1\n|-unboost|p2a: Cloyster|spd|1\n|-boost|p2a: Cloyster|atk|2\n|-boost|p2a: Cloyster|spa|2\n|-boost|p2a: Cloyster|spe|2\n|\n|upkeep\n|turn|2\n|\n|t:|1699196384\n|switch|p2a: Koraidon|Koraidon|100\/100\n|-weather|SunnyDay|[from] ability: Orichalcum Pulse|[of] p2a: Koraidon\n|-activate|p2a: Koraidon|Orichalcum Pulse|[source]\n|move|p1a: Gholdengo|Make It Rain|p2a: Koraidon\n|-damage|p2a: Koraidon|33\/100\n|-unboost|p1a: Gholdengo|spa|1\n|\n|-weather|SunnyDay|[upkeep]\n|upkeep\n|turn|3\n|\n|t:|1699196389\n|switch|p1a: Dondozo|Dondozo, M|100\/100\n|-terastallize|p2a: Koraidon|Fire\n|move|p2a: Koraidon|Collision Course|p1a: Dondozo\n|-damage|p1a: Dondozo|66\/100\n|\n|-weather|SunnyDay|[upkeep]\n|-heal|p1a: Dondozo|73\/100|[from] item: Leftovers\n|upkeep\n|turn|4\n|\n|t:|1699196440\n|switch|p2a: Miraidon|Miraidon|100\/100\n|-fieldstart|move: Electric Terrain|[from] ability: Hadron Engine|[of] p2a: Miraidon\n|move|p1a: Dondozo|Liquidation|p2a: Miraidon\n|-resisted|p2a: Miraidon\n|-damage|p2a: Miraidon|93\/100\n|-unboost|p2a: Miraidon|def|1\n|\n|-weather|SunnyDay|[upkeep]\n|-heal|p1a: Dondozo|79\/100|[from] item: Leftovers\n|upkeep\n|turn|5\n|\n|t:|1699196449\n|switch|p1a: Blissey|Blissey, F|100\/100\n|move|p2a: Miraidon|Draco Meteor|p1a: Blissey\n|-damage|p1a: Blissey|74\/100\n|-unboost|p2a: Miraidon|spa|2\n|\n|-weather|SunnyDay|[upkeep]\n|-heal|p1a: Blissey|80\/100|[from] item: Leftovers\n|upkeep\n|turn|6\n|\n|t:|1699196456\n|move|p2a: Miraidon|Draco Meteor|p1a: Blissey\n|-damage|p1a: Blissey|66\/100\n|-unboost|p2a: Miraidon|spa|2\n|move|p1a: Blissey|Seismic Toss|p2a: Miraidon\n|-damage|p2a: Miraidon|64\/100\n|\n|-weather|none\n|-heal|p1a: Blissey|72\/100|[from] item: Leftovers\n|upkeep\n|turn|7\n|\n|t:|1699196466\n|switch|p2a: Koraidon|Koraidon, tera:Fire|33\/100\n|-weather|SunnyDay|[from] ability: Orichalcum Pulse|[of] p2a: Koraidon\n|-activate|p2a: Koraidon|Orichalcum Pulse|[source]\n|move|p1a: Blissey|Thunder Wave|p2a: Koraidon\n|-status|p2a: Koraidon|par\n|\n|-weather|SunnyDay|[upkeep]\n|-heal|p1a: Blissey|78\/100|[from] item: Leftovers\n|upkeep\n|turn|8\n|\n|t:|1699196472\n|switch|p1a: Gholdengo|Gholdengo|100\/100\n|move|p2a: Koraidon|Collision Course|p1a: Gholdengo\n|-immune|p1a: Gholdengo\n|\n|-weather|SunnyDay|[upkeep]\n|-fieldend|move: Electric Terrain\n|upkeep\n|turn|9\n|\n|t:|1699196480\n|switch|p2a: Zacian|Zacian-Crowned|100\/100\n|-ability|p2a: Zacian|Intrepid Sword|boost\n|-boost|p2a: Zacian|atk|1\n|move|p1a: Gholdengo|Shadow Ball|p2a: Zacian\n|-damage|p2a: Zacian|62\/100\n|\n|-weather|SunnyDay|[upkeep]\n|upkeep\n|turn|10\n|\n|t:|1699196486\n|switch|p1a: Dondozo|Dondozo, M|79\/100\n|move|p2a: Zacian|Behemoth Blade|p1a: Dondozo\n|-resisted|p1a: Dondozo\n|-damage|p1a: Dondozo|65\/100\n|\n|-weather|SunnyDay|[upkeep]\n|-heal|p1a: Dondozo|71\/100|[from] item: Leftovers\n|upkeep\n|turn|11\n|\n|t:|1699196494\n|switch|p2a: Miraidon|Miraidon|64\/100\n|-fieldstart|move: Electric Terrain|[from] ability: Hadron Engine|[of] p2a: Miraidon\n|move|p1a: Dondozo|Yawn|p2a: Miraidon\n|-activate|p2a: Miraidon|move: Electric Terrain\n|\n|-weather|none\n|-heal|p1a: Dondozo|77\/100|[from] item: Leftovers\n|upkeep\n|turn|12\n|\n|t:|1699196499\n|switch|p1a: Blissey|Blissey, F|78\/100\n|move|p2a: Miraidon|Electro Drift|p1a: Blissey\n|-damage|p1a: Blissey|54\/100\n|\n|-heal|p1a: Blissey|60\/100|[from] item: Leftovers\n|upkeep\n|turn|13\n|\n|t:|1699196512\n|switch|p2a: Toxapex|Toxapex, F|100\/100\n|move|p1a: Blissey|Soft-Boiled|p1a: Blissey\n|-heal|p1a: Blissey|100\/100\n|\n|upkeep\n|turn|14\n|inactive|Battle timer is ON: inactive players will automatically lose when time's up. (requested by Eriririririririric)\n|\n|t:|1699196521\n|move|p1a: Blissey|Thunder Wave|p2a: Toxapex\n|-status|p2a: Toxapex|par\n|move|p2a: Toxapex|Toxic|p1a: Blissey\n|-status|p1a: Blissey|tox\n|\n|-damage|p1a: Blissey|94\/100 tox|[from] psn\n|upkeep\n|turn|15\n|\n|t:|1699196529\n|-curestatus|p1a: Blissey|tox|[from] ability: Natural Cure\n|switch|p1a: Primeape|Primeape, F|100\/100\n|move|p2a: Toxapex|Surf|p1a: Primeape\n|-damage|p1a: Primeape|79\/100\n|\n|-fieldend|move: Electric Terrain\n|upkeep\n|turn|16\n|\n|t:|1699196540\n|switch|p2a: Zacian|Zacian-Crowned|62\/100\n|move|p1a: Primeape|Taunt|p2a: Zacian\n|-start|p2a: Zacian|move: Taunt\n|\n|upkeep\n|turn|17\n|\n|t:|1699196546\n|switch|p1a: Dondozo|Dondozo, M|77\/100\n|move|p2a: Zacian|Play Rough|p1a: Dondozo|[miss]\n|-miss|p2a: Zacian|p1a: Dondozo\n|\n|-heal|p1a: Dondozo|83\/100|[from] item: Leftovers\n|upkeep\n|turn|18\n|\n|t:|1699196553\n|switch|p2a: Miraidon|Miraidon|64\/100\n|-fieldstart|move: Electric Terrain|[from] ability: Hadron Engine|[of] p2a: Miraidon\n|move|p1a: Dondozo|Liquidation|p2a: Miraidon\n|-resisted|p2a: Miraidon\n|-damage|p2a: Miraidon|49\/100\n|\n|-heal|p1a: Dondozo|89\/100|[from] item: Leftovers\n|upkeep\n|turn|19\n|\n|t:|1699196561\n|switch|p1a: Blissey|Blissey, F|94\/100\n|move|p2a: Miraidon|Overheat|p1a: Blissey\n|-damage|p1a: Blissey|77\/100\n|-unboost|p2a: Miraidon|spa|2\n|\n|-heal|p1a: Blissey|83\/100|[from] item: Leftovers\n|upkeep\n|turn|20\n|\n|t:|1699196567\n|move|p2a: Miraidon|Overheat|p1a: Blissey\n|-damage|p1a: Blissey|75\/100\n|-unboost|p2a: Miraidon|spa|2\n|move|p1a: Blissey|Seismic Toss|p2a: Miraidon\n|-damage|p2a: Miraidon|19\/100\n|\n|-heal|p1a: Blissey|81\/100|[from] item: Leftovers\n|upkeep\n|turn|21\n|\n|t:|1699196577\n|switch|p2a: Toxapex|Toxapex, F|100\/100 par\n|move|p1a: Blissey|Seismic Toss|p2a: Toxapex\n|-damage|p2a: Toxapex|68\/100 par\n|\n|-heal|p1a: Blissey|87\/100|[from] item: Leftovers\n|-heal|p2a: Toxapex|74\/100 par|[from] item: Black Sludge\n|upkeep\n|turn|22\n|\n|t:|1699196584\n|switch|p1a: Gholdengo|Gholdengo|100\/100\n|move|p2a: Toxapex|Toxic|p1a: Gholdengo\n|-immune|p1a: Gholdengo|[from] ability: Good as Gold\n|\n|-heal|p2a: Toxapex|80\/100 par|[from] item: Black Sludge\n|-fieldend|move: Electric Terrain\n|upkeep\n|turn|23\n|\n|t:|1699196592\n|switch|p1a: Primeape|Primeape, F|79\/100\n|move|p2a: Toxapex|Surf|p1a: Primeape\n|-damage|p1a: Primeape|60\/100\n|\n|-heal|p2a: Toxapex|86\/100 par|[from] item: Black Sludge\n|upkeep\n|turn|24\n|\n|t:|1699196597\n|move|p1a: Primeape|Taunt|p2a: Toxapex\n|-start|p2a: Toxapex|move: Taunt\n|cant|p2a: Toxapex|move: Taunt|Toxic\n|\n|-heal|p2a: Toxapex|93\/100 par|[from] item: Black Sludge\n|upkeep\n|turn|25\n|\n|t:|1699196603\n|move|p1a: Primeape|Rage Fist|p2a: Toxapex\n|-damage|p2a: Toxapex|65\/100 par\n|move|p2a: Toxapex|Surf|p1a: Primeape\n|-damage|p1a: Primeape|39\/100\n|\n|-heal|p2a: Toxapex|72\/100 par|[from] item: Black Sludge\n|upkeep\n|turn|26\n|\n|t:|1699196609\n|move|p1a: Primeape|Rage Fist|p2a: Toxapex\n|-damage|p2a: Toxapex|34\/100 par\n|move|p2a: Toxapex|Surf|p1a: Primeape\n|-damage|p1a: Primeape|20\/100\n|\n|-heal|p2a: Toxapex|40\/100 par|[from] item: Black Sludge\n|-end|p2a: Toxapex|move: Taunt\n|upkeep\n|turn|27\n|\n|t:|1699196616\n|move|p2a: Toxapex|Baneful Bunker|p2a: Toxapex\n|-singleturn|p2a: Toxapex|move: Protect\n|move|p1a: Primeape|Rage Fist|p2a: Toxapex\n|-activate|p2a: Toxapex|move: Protect\n|-status|p1a: Primeape|psn\n|\n|-heal|p2a: Toxapex|46\/100 par|[from] item: Black Sludge\n|-damage|p1a: Primeape|8\/100 psn|[from] psn\n|upkeep\n|turn|28\n|\n|t:|1699196629\n|switch|p1a: Blissey|Blissey, F|87\/100\n|move|p2a: Toxapex|Surf|p1a: Blissey\n|-damage|p1a: Blissey|82\/100\n|\n|-heal|p1a: Blissey|88\/100|[from] item: Leftovers\n|-heal|p2a: Toxapex|52\/100 par|[from] item: Black Sludge\n|upkeep\n|turn|29\n|\n|t:|1699196635\n|move|p1a: Blissey|Heal Bell|p1a: Blissey\n|-activate|p1a: Blissey|move: Heal Bell\n|-curestatus|p1: Primeape|psn|[msg]\n|cant|p2a: Toxapex|par\n|\n|-heal|p1a: Blissey|94\/100|[from] item: Leftovers\n|-heal|p2a: Toxapex|59\/100 par|[from] item: Black Sludge\n|upkeep\n|turn|30\n|\n|t:|1699196651\n|switch|p1a: Primeape|Primeape, F|100\/100\n|switch|p2a: Koraidon|Koraidon, tera:Fire|33\/100 par\n|-weather|SunnyDay|[from] ability: Orichalcum Pulse|[of] p2a: Koraidon\n|-activate|p2a: Koraidon|Orichalcum Pulse|[source]\n|\n|-weather|SunnyDay|[upkeep]\n|upkeep\n|turn|31\n|\n|t:|1699196672\n|move|p1a: Primeape|Hyper Voice|p2a: Koraidon\n|-damage|p2a: Koraidon|0 fnt\n|faint|p2a: Koraidon\n|\n|-weather|SunnyDay|[upkeep]\n|upkeep\n|\n|t:|1699196678\n|switch|p2a: Chien-Pao|Chien-Pao|100\/100\n|-ability|p2a: Chien-Pao|Sword of Ruin\n|turn|32\n|\n|t:|1699196682\n|switch|p1a: Dondozo|Dondozo, M|89\/100\n|move|p2a: Chien-Pao|Ice Spinner|p1a: Dondozo\n|-resisted|p1a: Dondozo\n|-damage|p1a: Dondozo|77\/100\n|\n|-weather|SunnyDay|[upkeep]\n|-heal|p1a: Dondozo|83\/100|[from] item: Leftovers\n|upkeep\n|turn|33\n|\n|t:|1699196697\n|move|p2a: Chien-Pao|Sacred Sword|p1a: Dondozo\n|-damage|p1a: Dondozo|65\/100\n|move|p1a: Dondozo|Yawn|p2a: Chien-Pao\n|-start|p2a: Chien-Pao|move: Yawn|[of] p1a: Dondozo\n|\n|-weather|SunnyDay|[upkeep]\n|-heal|p1a: Dondozo|71\/100|[from] item: Leftovers\n|upkeep\n|turn|34\n|\n|t:|1699196710\n|switch|p1a: Gholdengo|Gholdengo|100\/100\n|move|p2a: Chien-Pao|Swords Dance|p2a: Chien-Pao\n|-boost|p2a: Chien-Pao|atk|2\n|\n|-weather|none\n|-end|p2a: Chien-Pao|move: Yawn|[silent]\n|-status|p2a: Chien-Pao|slp\n|upkeep\n|turn|35\n|\n|t:|1699196720\n|cant|p2a: Chien-Pao|slp\n|move|p1a: Gholdengo|Make It Rain|p2a: Chien-Pao\n|-supereffective|p2a: Chien-Pao\n|-enditem|p2a: Chien-Pao|Focus Sash\n|-damage|p2a: Chien-Pao|1\/100 slp\n|-unboost|p1a: Gholdengo|spa|1\n|\n|upkeep\n|turn|36\n|\n|t:|1699196726\n|-curestatus|p2a: Chien-Pao|slp|[msg]\n|move|p2a: Chien-Pao|Sacred Sword|p1a: Gholdengo\n|-immune|p1a: Gholdengo\n|move|p1a: Gholdengo|Make It Rain|p2a: Chien-Pao\n|-supereffective|p2a: Chien-Pao\n|-damage|p2a: Chien-Pao|0 fnt\n|-unboost|p1a: Gholdengo|spa|1\n|faint|p2a: Chien-Pao\n|\n|upkeep\n|\n|t:|1699196732\n|switch|p2a: Zacian|Zacian-Crowned|62\/100\n|turn|37\n|\n|t:|1699196741\n|switch|p1a: Dondozo|Dondozo, M|71\/100\n|move|p2a: Zacian|Play Rough|p1a: Dondozo\n|-damage|p1a: Dondozo|47\/100\n|\n|-heal|p1a: Dondozo|53\/100|[from] item: Leftovers\n|upkeep\n|turn|38\n|\n|t:|1699196748\n|move|p2a: Zacian|Swords Dance|p2a: Zacian\n|-boost|p2a: Zacian|atk|2\n|move|p1a: Dondozo|Yawn|p2a: Zacian\n|-start|p2a: Zacian|move: Yawn|[of] p1a: Dondozo\n|\n|-heal|p1a: Dondozo|59\/100|[from] item: Leftovers\n|upkeep\n|turn|39\n|\n|t:|1699196757\n|move|p2a: Zacian|Play Rough|p1a: Dondozo\n|-damage|p1a: Dondozo|35\/100\n|move|p1a: Dondozo|Liquidation|p2a: Zacian\n|-damage|p2a: Zacian|35\/100\n|\n|-heal|p1a: Dondozo|41\/100|[from] item: Leftovers\n|-end|p2a: Zacian|move: Yawn|[silent]\n|-status|p2a: Zacian|slp\n|upkeep\n|turn|40\n|\n|t:|1699196767\n|cant|p2a: Zacian|slp\n|move|p1a: Dondozo|Curse|p1a: Dondozo\n|-unboost|p1a: Dondozo|spe|1\n|-boost|p1a: Dondozo|atk|1\n|-boost|p1a: Dondozo|def|1\n|\n|-heal|p1a: Dondozo|47\/100|[from] item: Leftovers\n|upkeep\n|turn|41\n|\n|t:|1699196778\n|-curestatus|p2a: Zacian|slp|[msg]\n|move|p2a: Zacian|Behemoth Blade|p1a: Dondozo\n|-resisted|p1a: Dondozo\n|-damage|p1a: Dondozo|38\/100\n|move|p1a: Dondozo|Liquidation|p2a: Zacian\n|-damage|p2a: Zacian|0 fnt\n|faint|p2a: Zacian\n|\n|-heal|p1a: Dondozo|44\/100|[from] item: Leftovers\n|upkeep\n|\n|t:|1699196785\n|switch|p2a: Toxapex|Toxapex, F|92\/100 par\n|turn|42\n|\n|t:|1699196789\n|move|p1a: Dondozo|Rest|p1a: Dondozo\n|-status|p1a: Dondozo|slp|[from] move: Rest\n|-heal|p1a: Dondozo|100\/100 slp|[silent]\n|move|p2a: Toxapex|Toxic||[still]\n|-fail|p2a: Toxapex\n|\n|-heal|p2a: Toxapex|98\/100 par|[from] item: Black Sludge\n|upkeep\n|turn|43\n|\n|t:|1699196795\n|switch|p1a: Blissey|Blissey, F|94\/100\n|move|p2a: Toxapex|Toxic|p1a: Blissey\n|-status|p1a: Blissey|tox\n|\n|-heal|p1a: Blissey|99\/100 tox|[from] item: Leftovers\n|-heal|p2a: Toxapex|100\/100 par|[from] item: Black Sludge\n|-damage|p1a: Blissey|94\/100 tox|[from] psn\n|upkeep\n|turn|44\n|\n|t:|1699196803\n|move|p1a: Blissey|Heal Bell|p1a: Blissey\n|-activate|p1a: Blissey|move: Heal Bell\n|-curestatus|p1a: Blissey|tox|[msg]\n|-curestatus|p1: Dondozo|slp|[msg]\n|move|p2a: Toxapex|Surf|p1a: Blissey\n|-damage|p1a: Blissey|89\/100\n|\n|-heal|p1a: Blissey|95\/100|[from] item: Leftovers\n|upkeep\n|turn|45\n|\n|t:|1699196814\n|switch|p1a: Primeape|Primeape, F|100\/100\n|switch|p2a: Cloyster|Cloyster, M|100\/100\n|\n|upkeep\n|turn|46\n|\n|t:|1699196823\n|switch|p1a: Dondozo|Dondozo, M|100\/100\n|move|p2a: Cloyster|Icicle Spear|p1a: Dondozo\n|-resisted|p1a: Dondozo\n|-damage|p1a: Dondozo|97\/100\n|-resisted|p1a: Dondozo\n|-damage|p1a: Dondozo|94\/100\n|-resisted|p1a: Dondozo\n|-damage|p1a: Dondozo|91\/100\n|-resisted|p1a: Dondozo\n|-damage|p1a: Dondozo|88\/100\n|-resisted|p1a: Dondozo\n|-damage|p1a: Dondozo|85\/100\n|-hitcount|p1a: Dondozo|5\n|\n|-heal|p1a: Dondozo|91\/100|[from] item: Leftovers\n|upkeep\n|turn|47\n|\n|t:|1699196831\n|switch|p2a: Toxapex|Toxapex, F|100\/100 par\n|move|p1a: Dondozo|Liquidation|p2a: Toxapex\n|-resisted|p2a: Toxapex\n|-damage|p2a: Toxapex|91\/100 par\n|\n|-heal|p1a: Dondozo|98\/100|[from] item: Leftovers\n|-heal|p2a: Toxapex|97\/100 par|[from] item: Black Sludge\n|upkeep\n|turn|48\n|\n|t:|1699196841\n|switch|p1a: Primeape|Primeape, F|100\/100\n|move|p2a: Toxapex|Surf|p1a: Primeape\n|-damage|p1a: Primeape|62\/100\n|replace|p1a: Zoroark|Zoroark-Hisui, F\n|-end|p1a: Zoroark|Illusion\n|\n|-heal|p2a: Toxapex|100\/100 par|[from] item: Black Sludge\n|upkeep\n|turn|49\n|\n|t:|1699196849\n|move|p1a: Zoroark|Trick|p2a: Toxapex\n|-activate|p1a: Zoroark|move: Trick|[of] p2a: Toxapex\n|-item|p2a: Toxapex|Choice Specs|[from] move: Trick\n|-item|p1a: Zoroark|Black Sludge|[from] move: Trick\n|move|p2a: Toxapex|Surf|p1a: Zoroark\n|-damage|p1a: Zoroark|1\/100\n|\n|-damage|p1a: Zoroark|0 fnt|[from] item: Black Sludge\n|faint|p1a: Zoroark\n|upkeep\n|\n|t:|1699196855\n|switch|p1a: Blissey|Blissey, F|95\/100\n|turn|50\n|\n|t:|1699196857\n|move|p1a: Blissey|Seismic Toss|p2a: Toxapex\n|-damage|p2a: Toxapex|68\/100 par\n|move|p2a: Toxapex|Surf|p1a: Blissey\n|-damage|p1a: Blissey|88\/100\n|\n|-heal|p1a: Blissey|94\/100|[from] item: Leftovers\n|upkeep\n|turn|51\n|\n|t:|1699196863\n|switch|p2a: Cloyster|Cloyster, M|100\/100\n|move|p1a: Blissey|Seismic Toss|p2a: Cloyster\n|-damage|p2a: Cloyster|59\/100\n|\n|-heal|p1a: Blissey|99\/100|[from] item: Leftovers\n|upkeep\n|turn|52\n|\n|t:|1699196870\n|switch|p1a: Dondozo|Dondozo, M|98\/100\n|move|p2a: Cloyster|Drill Run|p1a: Dondozo\n|-damage|p1a: Dondozo|85\/100\n|\n|-heal|p1a: Dondozo|91\/100|[from] item: Leftovers\n|upkeep\n|turn|53\n|\n|t:|1699196878\n|switch|p2a: Toxapex|Toxapex, F|100\/100 par\n|switch|p1a: Blissey|Blissey, F|99\/100\n|\n|-heal|p1a: Blissey|100\/100|[from] item: Leftovers\n|upkeep\n|turn|54\n|\n|t:|1699196885\n|move|p1a: Blissey|Seismic Toss|p2a: Toxapex\n|-damage|p2a: Toxapex|68\/100 par\n|move|p2a: Toxapex|Toxic|p1a: Blissey\n|-status|p1a: Blissey|tox\n|\n|-damage|p1a: Blissey|94\/100 tox|[from] psn\n|upkeep\n|turn|55\n|c|\u2606Eriririririririric|hei bro I'm only forteen I have failed 7 times already can you please\n|\n|t:|1699196912\n|-curestatus|p1a: Blissey|tox|[from] ability: Natural Cure\n|switch|p1a: Gholdengo|Gholdengo|100\/100\n|move|p2a: Toxapex|Toxic|p1a: Gholdengo\n|-immune|p1a: Gholdengo|[from] ability: Good as Gold\n|\n|upkeep\n|turn|56\n|c|\u2606thewinnerofwinning|Losing is for losers\n|c|\u2606thewinnerofwinning|so I will win\n|\n|t:|1699196931\n|switch|p2a: Miraidon|Miraidon|19\/100\n|-fieldstart|move: Electric Terrain|[from] ability: Hadron Engine|[of] p2a: Miraidon\n|move|p1a: Gholdengo|Shadow Ball|p2a: Miraidon\n|-damage|p2a: Miraidon|0 fnt\n|faint|p2a: Miraidon\n|\n|upkeep\n|\n|t:|1699196940\n|switch|p2a: Cloyster|Cloyster, M|59\/100\n|turn|57\n|c|\u2606Eriririririririric|\u5988\u7684\u50bb\u903c\n|\n|t:|1699196949\n|switch|p2a: Toxapex|Toxapex, F|100\/100 par\n|-terastallize|p1a: Gholdengo|Flying\n|move|p1a: Gholdengo|Make It Rain|p2a: Toxapex\n|-resisted|p2a: Toxapex\n|-damage|p2a: Toxapex|75\/100 par\n|-unboost|p1a: Gholdengo|spa|1\n|\n|upkeep\n|turn|58\n|\n|t:|1699196957\n|move|p2a: Toxapex|Baneful Bunker|p2a: Toxapex\n|-singleturn|p2a: Toxapex|move: Protect\n|move|p1a: Gholdengo|Shadow Ball|p2a: Toxapex\n|-activate|p2a: Toxapex|move: Protect\n|\n|upkeep\n|turn|59\n|c|\u2606Eriririririririric|\u64cd\u4f60\u5988\u7684\n|n|\u203dEriririririririric|eriririririririric\n|c|&|\/log Eriririririririric was locked from talking by Artemis. (\u2606Eriririririririric: \u64cd\u4f60\u5988\u7684)\n|c|&|\/raw <small>This action was done automatically. Want to learn more about the AI? <a href=\"https:\/\/www.smogon.com\/forums\/threads\/3570628\/#post-9056769\">Visit the information thread<\/a>.<\/small>\n|\n|t:|1699196981\n|move|p2a: Toxapex|Baneful Bunker||[still]\n|-fail|p2a: Toxapex\n|move|p1a: Gholdengo|Shadow Ball|p2a: Toxapex\n|-damage|p2a: Toxapex|51\/100 par\n|\n|upkeep\n|turn|60\n|\n|t:|1699196987\n|move|p2a: Toxapex|Baneful Bunker|p2a: Toxapex\n|-singleturn|p2a: Toxapex|move: Protect\n|move|p1a: Gholdengo|Shadow Ball|p2a: Toxapex\n|-activate|p2a: Toxapex|move: Protect\n|\n|-fieldend|move: Electric Terrain\n|upkeep\n|turn|61\n|-message|Eriririririririric forfeited.\n|\n|win|thewinnerofwinning\n|raw|thewinnerofwinning's rating: 1532 &rarr; <strong>1549<\/strong><br \/>(+17 for winning)\n|raw|Eriririririririric's rating: 1488 &rarr; <strong>1471<\/strong><br \/>(-17 for losing)\n","uploadtime":1699196948,"views":3,"p1id":"thewinnerofwinning","p2id":"eriririririririric","formatid":"gen9anythinggoes","rating":1471,"private":0,"password":""}