{"id":"gen9anythinggoes-1982140009","p1":"Iknowmyabc'slol","p2":"GigaBytes7","format":"[Gen 9] Anything Goes","log":"|j|\u2606Iknowmyabc'slol\n|j|\u2606GigaBytes7\n|t:|1698971976\n|gametype|singles\n|player|p1|Iknowmyabc'slol|raihan|1557\n|player|p2|GigaBytes7|elaine|1822\n|teamsize|p1|6\n|teamsize|p2|6\n|gen|9\n|tier|[Gen 9] Anything Goes\n|rated|\n|rule|HP Percentage Mod: HP is shown in percentages\n|rule|Endless Battle Clause: Forcing endless battles is banned\n|clearpoke\n|poke|p1|Arceus-Fairy|\n|poke|p1|Toxapex, M|\n|poke|p1|Ting-Lu|\n|poke|p1|Calyrex-Shadow|\n|poke|p1|Koraidon|\n|poke|p1|Arceus|\n|poke|p2|Miraidon|\n|poke|p2|Ting-Lu|\n|poke|p2|Calyrex-Shadow|\n|poke|p2|Arceus|\n|poke|p2|Arceus-Water|\n|poke|p2|Arceus-Fairy|\n|teampreview\n|inactive|Battle timer is ON: inactive players will automatically lose when time's up. (requested by GigaBytes7)\n|\n|t:|1698971991\n|start\n|switch|p1a: Koraidon|Koraidon|100\/100\n|switch|p2a: Ting-Lu|Ting-Lu|100\/100\n|-weather|SunnyDay|[from] ability: Orichalcum Pulse|[of] p1a: Koraidon\n|-activate|p1a: Koraidon|Orichalcum Pulse|[source]\n|-ability|p2a: Ting-Lu|Vessel of Ruin\n|turn|1\n|\n|t:|1698971999\n|move|p1a: Koraidon|U-turn|p2a: Ting-Lu\n|-supereffective|p2a: Ting-Lu\n|-damage|p2a: Ting-Lu|66\/100\n|\n|t:|1698972002\n|switch|p1a: Toxapex|Toxapex, M|100\/100|[from] U-turn\n|move|p2a: Ting-Lu|Stealth Rock|p1a: Toxapex\n|-sidestart|p1: Iknowmyabc'slol|move: Stealth Rock\n|\n|-weather|SunnyDay|[upkeep]\n|-heal|p2a: Ting-Lu|72\/100|[from] item: Leftovers\n|upkeep\n|turn|2\n|\n|t:|1698972023\n|move|p2a: Ting-Lu|Earthquake|p1a: Toxapex\n|-supereffective|p1a: Toxapex\n|-damage|p1a: Toxapex|54\/100\n|move|p1a: Toxapex|Toxic Spikes|p2a: Ting-Lu\n|-sidestart|p2: GigaBytes7|move: Toxic Spikes\n|\n|-weather|SunnyDay|[upkeep]\n|-heal|p2a: Ting-Lu|78\/100|[from] item: Leftovers\n|upkeep\n|turn|3\n|\n|t:|1698972030\n|move|p2a: Ting-Lu|Spikes|p1a: Toxapex\n|-sidestart|p1: Iknowmyabc'slol|Spikes\n|move|p1a: Toxapex|Recover|p1a: Toxapex\n|-heal|p1a: Toxapex|100\/100\n|\n|-weather|SunnyDay|[upkeep]\n|-heal|p2a: Ting-Lu|85\/100|[from] item: Leftovers\n|upkeep\n|turn|4\n|\n|t:|1698972037\n|move|p2a: Ting-Lu|Spikes|p1a: Toxapex\n|-sidestart|p1: Iknowmyabc'slol|Spikes\n|move|p1a: Toxapex|Toxic Spikes|p2a: Ting-Lu\n|-sidestart|p2: GigaBytes7|move: Toxic Spikes\n|\n|-weather|SunnyDay|[upkeep]\n|-heal|p2a: Ting-Lu|91\/100|[from] item: Leftovers\n|upkeep\n|turn|5\n|\n|t:|1698972045\n|switch|p1a: Ting-Lu|Ting-Lu|100\/100\n|-damage|p1a: Ting-Lu|94\/100|[from] Stealth Rock\n|-damage|p1a: Ting-Lu|78\/100|[from] Spikes\n|-ability|p1a: Ting-Lu|Vessel of Ruin\n|move|p2a: Ting-Lu|Spikes|p1a: Ting-Lu\n|-sidestart|p1: Iknowmyabc'slol|Spikes\n|\n|-weather|none\n|-heal|p2a: Ting-Lu|97\/100|[from] item: Leftovers\n|-heal|p1a: Ting-Lu|84\/100|[from] item: Leftovers\n|upkeep\n|turn|6\n|\n|t:|1698972058\n|move|p1a: Ting-Lu|Spikes|p2a: Ting-Lu\n|-sidestart|p2: GigaBytes7|Spikes\n|move|p2a: Ting-Lu|Whirlwind|p1a: Ting-Lu\n|drag|p1a: Arceus|Arceus|100\/100\n|\n|-heal|p2a: Ting-Lu|100\/100|[from] item: Leftovers\n|upkeep\n|turn|7\n|\n|t:|1698972065\n|switch|p2a: Calyrex|Calyrex-Shadow|100\/100\n|-ability|p2a: Calyrex|As One\n|-ability|p2a: Calyrex|Unnerve\n|-status|p2a: Calyrex|tox\n|-damage|p2a: Calyrex|88\/100 tox|[from] Spikes\n|move|p1a: Arceus|Extreme Speed|p2a: Calyrex\n|-immune|p2a: Calyrex\n|\n|-damage|p2a: Calyrex|82\/100 tox|[from] psn\n|upkeep\n|turn|8\n|\n|t:|1698972080\n|move|p2a: Calyrex|Trick|p1a: Arceus\n|-activate|p2a: Calyrex|move: Trick|[of] p1a: Arceus\n|-item|p1a: Arceus|Choice Scarf|[from] move: Trick\n|-item|p2a: Calyrex|Heavy-Duty Boots|[from] move: Trick\n|move|p1a: Arceus|Shadow Claw|p2a: Calyrex\n|-supereffective|p2a: Calyrex\n|-damage|p2a: Calyrex|0 fnt\n|faint|p2a: Calyrex\n|\n|upkeep\n|\n|t:|1698972084\n|switch|p2a: Arceus|Arceus|100\/100\n|turn|9\n|\n|t:|1698972093\n|switch|p1a: Ting-Lu|Ting-Lu|84\/100\n|-damage|p1a: Ting-Lu|78\/100|[from] Stealth Rock\n|-damage|p1a: Ting-Lu|53\/100|[from] Spikes\n|-ability|p1a: Ting-Lu|Vessel of Ruin\n|move|p2a: Arceus|Swords Dance|p2a: Arceus\n|-boost|p2a: Arceus|atk|2\n|\n|-heal|p1a: Ting-Lu|59\/100|[from] item: Leftovers\n|upkeep\n|turn|10\n|\n|t:|1698972105\n|move|p2a: Arceus|Extreme Speed|p1a: Ting-Lu\n|-damage|p1a: Ting-Lu|12\/100\n|move|p1a: Ting-Lu|Whirlwind|p2a: Arceus\n|drag|p2a: Miraidon|Miraidon|100\/100\n|-status|p2a: Miraidon|tox\n|-damage|p2a: Miraidon|88\/100 tox|[from] Spikes\n|-fieldstart|move: Electric Terrain|[from] ability: Hadron Engine|[of] p2a: Miraidon\n|\n|-heal|p2a: Miraidon|94\/100 tox|[from] item: Leftovers\n|-heal|p1a: Ting-Lu|18\/100|[from] item: Leftovers\n|-damage|p2a: Miraidon|88\/100 tox|[from] psn\n|upkeep\n|turn|11\n|\n|t:|1698972121\n|move|p2a: Miraidon|Dazzling Gleam|p1a: Ting-Lu\n|-supereffective|p1a: Ting-Lu\n|-damage|p1a: Ting-Lu|0 fnt\n|faint|p1a: Ting-Lu\n|\n|-heal|p2a: Miraidon|94\/100 tox|[from] item: Leftovers\n|-damage|p2a: Miraidon|82\/100 tox|[from] psn\n|upkeep\n|\n|t:|1698972132\n|switch|p1a: Arceus|Arceus-Fairy|100\/100\n|-damage|p1a: Arceus|88\/100|[from] Stealth Rock\n|-damage|p1a: Arceus|63\/100|[from] Spikes\n|turn|12\n|\n|t:|1698972139\n|move|p2a: Miraidon|Parabolic Charge|p1a: Arceus\n|-damage|p1a: Arceus|18\/100\n|-heal|p2a: Miraidon|100\/100 tox|[from] drain|[of] p1a: Arceus\n|move|p1a: Arceus|Recover|p1a: Arceus\n|-heal|p1a: Arceus|68\/100\n|\n|-damage|p2a: Miraidon|82\/100 tox|[from] psn\n|upkeep\n|turn|13\n|\n|t:|1698972153\n|-terastallize|p2a: Miraidon|Fairy\n|move|p2a: Miraidon|Calm Mind|p2a: Miraidon\n|-boost|p2a: Miraidon|spa|1\n|-boost|p2a: Miraidon|spd|1\n|move|p1a: Arceus|Recover|p1a: Arceus\n|-heal|p1a: Arceus|100\/100\n|\n|-heal|p2a: Miraidon|88\/100 tox|[from] item: Leftovers\n|-damage|p2a: Miraidon|64\/100 tox|[from] psn\n|upkeep\n|turn|14\n|\n|t:|1698972163\n|move|p2a: Miraidon|Parabolic Charge|p1a: Arceus\n|-damage|p1a: Arceus|35\/100\n|-heal|p2a: Miraidon|100\/100 tox|[from] drain|[of] p1a: Arceus\n|move|p1a: Arceus|Taunt|p2a: Miraidon\n|-start|p2a: Miraidon|move: Taunt\n|\n|-damage|p2a: Miraidon|70\/100 tox|[from] psn\n|-fieldend|move: Electric Terrain\n|upkeep\n|turn|15\n|\n|t:|1698972179\n|move|p2a: Miraidon|Parabolic Charge|p1a: Arceus\n|-damage|p1a: Arceus|0 fnt\n|-heal|p2a: Miraidon|91\/100 tox|[from] drain|[of] p1a: Arceus\n|faint|p1a: Arceus\n|\n|-heal|p2a: Miraidon|97\/100 tox|[from] item: Leftovers\n|-damage|p2a: Miraidon|61\/100 tox|[from] psn\n|upkeep\n|\n|t:|1698972187\n|switch|p1a: Koraidon|Koraidon|100\/100\n|-damage|p1a: Koraidon|94\/100|[from] Stealth Rock\n|-damage|p1a: Koraidon|69\/100|[from] Spikes\n|-weather|SunnyDay|[from] ability: Orichalcum Pulse|[of] p1a: Koraidon\n|-activate|p1a: Koraidon|Orichalcum Pulse|[source]\n|turn|16\n|\n|t:|1698972194\n|move|p1a: Koraidon|Flare Blitz|p2a: Miraidon\n|-damage|p2a: Miraidon|0 fnt\n|faint|p2a: Miraidon\n|-damage|p1a: Koraidon|47\/100|[from] Recoil\n|\n|-weather|SunnyDay|[upkeep]\n|upkeep\n|\n|t:|1698972205\n|switch|p2a: Ting-Lu|Ting-Lu|100\/100\n|-status|p2a: Ting-Lu|tox\n|-damage|p2a: Ting-Lu|88\/100 tox|[from] Spikes\n|-ability|p2a: Ting-Lu|Vessel of Ruin\n|turn|17\n|\n|t:|1698972211\n|move|p1a: Koraidon|Flare Blitz|p2a: Ting-Lu\n|-damage|p2a: Ting-Lu|42\/100 tox\n|-damage|p1a: Koraidon|24\/100|[from] Recoil\n|move|p2a: Ting-Lu|Earthquake|p1a: Koraidon\n|-damage|p1a: Koraidon|0 fnt\n|faint|p1a: Koraidon\n|\n|-weather|SunnyDay|[upkeep]\n|-heal|p2a: Ting-Lu|48\/100 tox|[from] item: Leftovers\n|-damage|p2a: Ting-Lu|42\/100 tox|[from] psn\n|upkeep\n|\n|t:|1698972226\n|switch|p1a: Arceus|Arceus|100\/100\n|-damage|p1a: Arceus|88\/100|[from] Stealth Rock\n|-damage|p1a: Arceus|63\/100|[from] Spikes\n|turn|18\n|\n|t:|1698972235\n|move|p1a: Arceus|Extreme Speed|p2a: Ting-Lu\n|-damage|p2a: Ting-Lu|19\/100 tox\n|move|p2a: Ting-Lu|Earthquake|p1a: Arceus\n|-crit|p1a: Arceus\n|-damage|p1a: Arceus|25\/100\n|\n|-weather|SunnyDay|[upkeep]\n|-heal|p2a: Ting-Lu|25\/100 tox|[from] item: Leftovers\n|-damage|p2a: Ting-Lu|13\/100 tox|[from] psn\n|upkeep\n|turn|19\n|\n|t:|1698972245\n|move|p1a: Arceus|Extreme Speed|p2a: Ting-Lu\n|-damage|p2a: Ting-Lu|0 fnt\n|faint|p2a: Ting-Lu\n|\n|-weather|SunnyDay|[upkeep]\n|upkeep\n|\n|t:|1698972247\n|switch|p2a: Arceus|Arceus|100\/100\n|turn|20\n|\n|t:|1698972254\n|move|p1a: Arceus|Extreme Speed|p2a: Arceus\n|-damage|p2a: Arceus|73\/100\n|move|p2a: Arceus|Swords Dance|p2a: Arceus\n|-boost|p2a: Arceus|atk|2\n|\n|-weather|none\n|upkeep\n|turn|21\n|\n|t:|1698972262\n|move|p1a: Arceus|Extreme Speed|p2a: Arceus\n|-damage|p2a: Arceus|45\/100\n|move|p2a: Arceus|Recover|p2a: Arceus\n|-heal|p2a: Arceus|95\/100\n|\n|upkeep\n|turn|22\n|\n|t:|1698972268\n|move|p1a: Arceus|Extreme Speed|p2a: Arceus\n|-damage|p2a: Arceus|67\/100\n|move|p2a: Arceus|Extreme Speed|p1a: Arceus\n|-damage|p1a: Arceus|0 fnt\n|faint|p1a: Arceus\n|\n|upkeep\n|\n|t:|1698972275\n|switch|p1a: Calyrex|Calyrex-Shadow|100\/100\n|-ability|p1a: Calyrex|As One\n|-ability|p1a: Calyrex|Unnerve\n|turn|23\n|\n|t:|1698972287\n|-terastallize|p1a: Calyrex|Grass\n|move|p1a: Calyrex|Grass Knot|p2a: Arceus\n|-damage|p2a: Arceus|18\/100\n|move|p2a: Arceus|Shadow Claw|p1a: Calyrex\n|-crit|p1a: Calyrex\n|-damage|p1a: Calyrex|3\/100\n|\n|upkeep\n|turn|24\n|\n|t:|1698972298\n|move|p2a: Arceus|Extreme Speed|p1a: Calyrex\n|-damage|p1a: Calyrex|0 fnt\n|faint|p1a: Calyrex\n|\n|upkeep\n|\n|t:|1698972303\n|switch|p1a: Toxapex|Toxapex, M|100\/100\n|-damage|p1a: Toxapex|88\/100|[from] Stealth Rock\n|-damage|p1a: Toxapex|64\/100|[from] Spikes\n|turn|25\n|\n|t:|1698972310\n|move|p1a: Toxapex|Baneful Bunker|p1a: Toxapex\n|-singleturn|p1a: Toxapex|move: Protect\n|move|p2a: Arceus|Extreme Speed|p1a: Toxapex\n|-activate|p1a: Toxapex|move: Protect\n|-status|p2a: Arceus|psn\n|\n|-damage|p2a: Arceus|6\/100 psn|[from] psn\n|upkeep\n|turn|26\n|\n|t:|1698972322\n|move|p2a: Arceus|Recover|p2a: Arceus\n|-heal|p2a: Arceus|56\/100 psn\n|move|p1a: Toxapex|Recover|p1a: Toxapex\n|-heal|p1a: Toxapex|100\/100\n|\n|-damage|p2a: Arceus|43\/100 psn|[from] psn\n|upkeep\n|turn|27\n|\n|t:|1698972329\n|move|p2a: Arceus|Swords Dance|p2a: Arceus\n|-boost|p2a: Arceus|atk|2\n|move|p1a: Toxapex|Haze|p1a: Toxapex\n|-clearallboost\n|\n|-damage|p2a: Arceus|31\/100 psn|[from] psn\n|upkeep\n|turn|28\n|\n|t:|1698972338\n|switch|p2a: Arceus|Arceus-Water|100\/100\n|-status|p2a: Arceus|tox\n|-damage|p2a: Arceus|88\/100 tox|[from] Spikes\n|move|p1a: Toxapex|Baneful Bunker||[still]\n|-fail|p1a: Toxapex\n|\n|-damage|p2a: Arceus|82\/100 tox|[from] psn\n|upkeep\n|turn|29\n|\n|t:|1698972351\n|move|p2a: Arceus|Will-O-Wisp|p1a: Toxapex\n|-status|p1a: Toxapex|brn\n|move|p1a: Toxapex|Haze|p1a: Toxapex\n|-clearallboost\n|\n|-damage|p2a: Arceus|70\/100 tox|[from] psn\n|-damage|p1a: Toxapex|95\/100 brn|[from] brn\n|upkeep\n|turn|30\n|\n|t:|1698972362\n|switch|p2a: Arceus|Arceus-Fairy|100\/100\n|-status|p2a: Arceus|tox\n|-damage|p2a: Arceus|88\/100 tox|[from] Spikes\n|move|p1a: Toxapex|Baneful Bunker||[still]\n|-fail|p1a: Toxapex\n|\n|-damage|p2a: Arceus|82\/100 tox|[from] psn\n|-damage|p1a: Toxapex|89\/100 brn|[from] brn\n|upkeep\n|turn|31\n|\n|t:|1698972372\n|move|p2a: Arceus|Calm Mind|p2a: Arceus\n|-boost|p2a: Arceus|spa|1\n|-boost|p2a: Arceus|spd|1\n|move|p1a: Toxapex|Recover|p1a: Toxapex\n|-heal|p1a: Toxapex|100\/100 brn\n|\n|-damage|p2a: Arceus|70\/100 tox|[from] psn\n|-damage|p1a: Toxapex|95\/100 brn|[from] brn\n|upkeep\n|turn|32\n|\n|t:|1698972382\n|move|p2a: Arceus|Taunt|p1a: Toxapex\n|-start|p1a: Toxapex|move: Taunt\n|cant|p1a: Toxapex|move: Taunt|Haze\n|\n|-damage|p2a: Arceus|52\/100 tox|[from] psn\n|-damage|p1a: Toxapex|89\/100 brn|[from] brn\n|upkeep\n|turn|33\n|\n|t:|1698972389\n|move|p2a: Arceus|Calm Mind|p2a: Arceus\n|-boost|p2a: Arceus|spa|1\n|-boost|p2a: Arceus|spd|1\n|-activate|p1a: Toxapex|move: Struggle\n|move|p1a: Toxapex|Struggle|p2a: Arceus\n|-damage|p2a: Arceus|50\/100 tox\n|-damage|p1a: Toxapex|64\/100 brn|[from] recoil\n|\n|-damage|p2a: Arceus|25\/100 tox|[from] psn\n|-damage|p1a: Toxapex|58\/100 brn|[from] brn\n|upkeep\n|turn|34\n|\n|t:|1698972398\n|move|p2a: Arceus|Judgment|p1a: Toxapex\n|-resisted|p1a: Toxapex\n|-damage|p1a: Toxapex|17\/100 brn\n|-activate|p1a: Toxapex|move: Struggle\n|move|p1a: Toxapex|Struggle|p2a: Arceus\n|-damage|p2a: Arceus|23\/100 tox\n|-damage|p1a: Toxapex|0 fnt|[from] recoil\n|faint|p1a: Toxapex\n|\n|win|GigaBytes7\n|raw|Iknowmyabc&apos;slol's rating: 1557 &rarr; <strong>1550<\/strong><br \/>(-7 for losing)\n|raw|GigaBytes7's rating: 1822 &rarr; <strong>1829<\/strong><br \/>(+7 for winning)\n|c|\u2606GigaBytes7|gg\n","uploadtime":1698972405,"views":12,"p1id":"iknowmyabcslol","p2id":"gigabytes7","formatid":"gen9anythinggoes","rating":1550,"private":0,"password":""}