{"id":"gen9anythinggoes-1992163546","p1":"Pokeprincess540","p2":"mrharrington","format":"[Gen 9] Anything Goes","log":"|j|\u2606Pokeprincess540\n|j|\u2606mrharrington\n|t:|1700160282\n|gametype|singles\n|player|p1|Pokeprincess540|dawn|1679\n|player|p2|mrharrington|266|1556\n|teamsize|p1|6\n|teamsize|p2|6\n|gen|9\n|tier|[Gen 9] Anything Goes\n|rated|\n|rule|HP Percentage Mod: HP is shown in percentages\n|rule|Endless Battle Clause: Forcing endless battles is banned\n|clearpoke\n|poke|p1|Miraidon|\n|poke|p1|Ting-Lu|\n|poke|p1|Gholdengo|\n|poke|p1|Corviknight, F|\n|poke|p1|Toxapex, M|\n|poke|p1|Ditto|\n|poke|p2|Miraidon|\n|poke|p2|Scream Tail|\n|poke|p2|Ting-Lu|\n|poke|p2|Iron Treads|\n|poke|p2|Chien-Pao|\n|poke|p2|Ditto|\n|teampreview\n|inactive|Battle timer is ON: inactive players will automatically lose when time's up. (requested by Pokeprincess540)\n|\n|t:|1700160289\n|start\n|switch|p1a: Miraidon|Miraidon|100\/100\n|switch|p2a: Miraidon|Miraidon|100\/100\n|-fieldstart|move: Electric Terrain|[from] ability: Hadron Engine|[of] p2a: Miraidon\n|-activate|p1a: Miraidon|ability: Hadron Engine\n|turn|1\n|\n|t:|1700160294\n|-terastallize|p2a: Miraidon|Electric\n|-terastallize|p1a: Miraidon|Ice\n|move|p2a: Miraidon|Electro Drift|p1a: Miraidon\n|-enditem|p1a: Miraidon|Focus Sash\n|-damage|p1a: Miraidon|1\/100\n|move|p1a: Miraidon|Tera Blast|p2a: Miraidon|[anim] Tera Blast Ice\n|-damage|p2a: Miraidon|48\/100\n|\n|upkeep\n|turn|2\n|\n|t:|1700160300\n|switch|p1a: Ting-Lu|Ting-Lu|100\/100\n|-ability|p1a: Ting-Lu|Vessel of Ruin\n|move|p2a: Miraidon|Electro Drift|p1a: Ting-Lu\n|-immune|p1a: Ting-Lu\n|\n|upkeep\n|turn|3\n|\n|t:|1700160307\n|switch|p2a: Scream Tail|Scream Tail|100\/100\n|move|p1a: Ting-Lu|Stealth Rock|p2a: Scream Tail\n|-sidestart|p2: mrharrington|move: Stealth Rock\n|\n|upkeep\n|turn|4\n|\n|t:|1700160311\n|switch|p1a: Gholdengo|Gholdengo|100\/100\n|move|p2a: Scream Tail|Stealth Rock|p1a: Gholdengo\n|-sidestart|p1: Pokeprincess540|move: Stealth Rock\n|\n|upkeep\n|turn|5\n|\n|t:|1700160316\n|-end|p2a: Scream Tail|Protosynthesis|[silent]\n|switch|p2a: Iron Treads|Iron Treads|100\/100\n|-damage|p2a: Iron Treads|97\/100|[from] Stealth Rock\n|-activate|p2a: Iron Treads|ability: Quark Drive\n|-start|p2a: Iron Treads|quarkdrivespd\n|move|p1a: Gholdengo|Trick|p2a: Iron Treads\n|-activate|p1a: Gholdengo|move: Trick|[of] p2a: Iron Treads\n|-item|p2a: Iron Treads|Choice Scarf|[from] move: Trick\n|-item|p1a: Gholdengo|Leftovers|[from] move: Trick\n|\n|-fieldend|move: Electric Terrain\n|-end|p2a: Iron Treads|Quark Drive\n|upkeep\n|turn|6\n|\n|t:|1700160321\n|switch|p1a: Corviknight|Corviknight, F|100\/100\n|-damage|p1a: Corviknight|88\/100|[from] Stealth Rock\n|-ability|p1a: Corviknight|Pressure\n|move|p2a: Iron Treads|Knock Off|p1a: Corviknight\n|-damage|p1a: Corviknight|69\/100\n|-damage|p2a: Iron Treads|81\/100|[from] item: Rocky Helmet|[of] p1a: Corviknight\n|-enditem|p1a: Corviknight|Rocky Helmet|[from] move: Knock Off|[of] p2a: Iron Treads\n|\n|upkeep\n|turn|7\n|\n|t:|1700160326\n|-end|p2a: Iron Treads|Quark Drive|[silent]\n|switch|p2a: Scream Tail|Scream Tail|100\/100\n|-damage|p2a: Scream Tail|88\/100|[from] Stealth Rock\n|move|p1a: Corviknight|Defog|p2a: Scream Tail\n|-unboost|p2a: Scream Tail|evasion|1\n|-sideend|p2: mrharrington|Stealth Rock|[from] move: Defog|[of] p1a: Corviknight\n|-sideend|p1: Pokeprincess540|Stealth Rock|[from] move: Defog|[of] p1a: Corviknight\n|\n|-heal|p2a: Scream Tail|94\/100|[from] item: Leftovers\n|upkeep\n|turn|8\n|\n|t:|1700160334\n|-end|p2a: Scream Tail|Protosynthesis|[silent]\n|switch|p2a: Chien-Pao|Chien-Pao|100\/100\n|-ability|p2a: Chien-Pao|Sword of Ruin\n|switch|p1a: Toxapex|Toxapex, M|100\/100\n|\n|upkeep\n|turn|9\n|\n|t:|1700160337\n|move|p2a: Chien-Pao|Psychic Fangs|p1a: Toxapex\n|-supereffective|p1a: Toxapex\n|-damage|p1a: Toxapex|27\/100\n|move|p1a: Toxapex|Toxic|p2a: Chien-Pao\n|-status|p2a: Chien-Pao|tox\n|\n|-heal|p1a: Toxapex|33\/100|[from] item: Leftovers\n|-damage|p2a: Chien-Pao|95\/100 tox|[from] psn\n|upkeep\n|turn|10\n|\n|t:|1700160340\n|move|p1a: Toxapex|Baneful Bunker|p1a: Toxapex\n|-singleturn|p1a: Toxapex|move: Protect\n|move|p2a: Chien-Pao|Psychic Fangs|p1a: Toxapex\n|-activate|p1a: Toxapex|move: Protect\n|\n|-heal|p1a: Toxapex|39\/100|[from] item: Leftovers\n|-damage|p2a: Chien-Pao|83\/100 tox|[from] psn\n|upkeep\n|turn|11\n|\n|t:|1700160342\n|switch|p1a: Ting-Lu|Ting-Lu|100\/100\n|-ability|p1a: Ting-Lu|Vessel of Ruin\n|move|p2a: Chien-Pao|Psychic Fangs|p1a: Ting-Lu\n|-immune|p1a: Ting-Lu\n|\n|-damage|p2a: Chien-Pao|65\/100 tox|[from] psn\n|upkeep\n|turn|12\n|\n|t:|1700160346\n|switch|p2a: Iron Treads|Iron Treads|81\/100\n|switch|p1a: Toxapex|Toxapex, M|73\/100\n|\n|-heal|p1a: Toxapex|79\/100|[from] item: Leftovers\n|upkeep\n|turn|13\n|\n|t:|1700160350\n|move|p1a: Toxapex|Baneful Bunker|p1a: Toxapex\n|-singleturn|p1a: Toxapex|move: Protect\n|move|p2a: Iron Treads|Knock Off|p1a: Toxapex\n|-activate|p1a: Toxapex|move: Protect\n|\n|-heal|p1a: Toxapex|85\/100|[from] item: Leftovers\n|upkeep\n|turn|14\n|\n|t:|1700160354\n|switch|p1a: Corviknight|Corviknight, F|69\/100\n|-ability|p1a: Corviknight|Pressure\n|move|p2a: Iron Treads|Knock Off|p1a: Corviknight\n|-damage|p1a: Corviknight|57\/100\n|\n|upkeep\n|turn|15\n|\n|t:|1700160358\n|-end|p2a: Iron Treads|Quark Drive|[silent]\n|switch|p2a: Miraidon|Miraidon, tera:Electric|48\/100\n|-fieldstart|move: Electric Terrain|[from] ability: Hadron Engine|[of] p2a: Miraidon\n|move|p1a: Corviknight|Roost|p1a: Corviknight\n|-heal|p1a: Corviknight|100\/100\n|-singleturn|p1a: Corviknight|move: Roost\n|\n|upkeep\n|turn|16\n|\n|t:|1700160363\n|switch|p1a: Ting-Lu|Ting-Lu|100\/100\n|-ability|p1a: Ting-Lu|Vessel of Ruin\n|move|p2a: Miraidon|Draco Meteor|p1a: Ting-Lu\n|-damage|p1a: Ting-Lu|60\/100\n|-unboost|p2a: Miraidon|spa|2\n|\n|-heal|p1a: Ting-Lu|66\/100|[from] item: Leftovers\n|upkeep\n|turn|17\n|\n|t:|1700160368\n|switch|p2a: Ting-Lu|Ting-Lu|100\/100\n|-ability|p2a: Ting-Lu|Vessel of Ruin\n|move|p1a: Ting-Lu|Stealth Rock|p2a: Ting-Lu\n|-sidestart|p2: mrharrington|move: Stealth Rock\n|\n|-heal|p1a: Ting-Lu|72\/100|[from] item: Leftovers\n|upkeep\n|turn|18\n|\n|t:|1700160371\n|switch|p1a: Toxapex|Toxapex, M|100\/100\n|move|p2a: Ting-Lu|Spikes|p1a: Toxapex\n|-sidestart|p1: Pokeprincess540|Spikes\n|\n|upkeep\n|turn|19\n|\n|t:|1700160373\n|move|p2a: Ting-Lu|Spikes|p1a: Toxapex\n|-sidestart|p1: Pokeprincess540|Spikes\n|move|p1a: Toxapex|Toxic|p2a: Ting-Lu\n|-status|p2a: Ting-Lu|tox\n|\n|-damage|p2a: Ting-Lu|94\/100 tox|[from] psn\n|-fieldend|move: Electric Terrain\n|upkeep\n|turn|20\n|\n|t:|1700160377\n|switch|p1a: Corviknight|Corviknight, F|100\/100\n|-ability|p1a: Corviknight|Pressure\n|move|p2a: Ting-Lu|Spikes|p1a: Corviknight\n|-sidestart|p1: Pokeprincess540|Spikes\n|\n|-heal|p2a: Ting-Lu|100\/100 tox|[from] item: Leftovers\n|-damage|p2a: Ting-Lu|88\/100 tox|[from] psn\n|upkeep\n|turn|21\n|\n|t:|1700160380\n|move|p1a: Corviknight|Defog|p2a: Ting-Lu\n|-unboost|p2a: Ting-Lu|evasion|1\n|-sideend|p2: mrharrington|Stealth Rock|[from] move: Defog|[of] p1a: Corviknight\n|-sideend|p1: Pokeprincess540|Spikes|[from] move: Defog|[of] p1a: Corviknight\n|move|p2a: Ting-Lu|Ruination|p1a: Corviknight\n|-damage|p1a: Corviknight|50\/100\n|\n|-heal|p2a: Ting-Lu|94\/100 tox|[from] item: Leftovers\n|-damage|p2a: Ting-Lu|76\/100 tox|[from] psn\n|upkeep\n|turn|22\n|\n|t:|1700160387\n|switch|p2a: Miraidon|Miraidon, tera:Electric|48\/100\n|-fieldstart|move: Electric Terrain|[from] ability: Hadron Engine|[of] p2a: Miraidon\n|move|p1a: Corviknight|Roost|p1a: Corviknight\n|-heal|p1a: Corviknight|100\/100\n|-singleturn|p1a: Corviknight|move: Roost\n|\n|upkeep\n|turn|23\n|\n|t:|1700160391\n|switch|p1a: Ting-Lu|Ting-Lu|72\/100\n|-ability|p1a: Ting-Lu|Vessel of Ruin\n|move|p2a: Miraidon|Draco Meteor|p1a: Ting-Lu\n|-damage|p1a: Ting-Lu|28\/100\n|-unboost|p2a: Miraidon|spa|2\n|\n|-heal|p1a: Ting-Lu|34\/100|[from] item: Leftovers\n|upkeep\n|turn|24\n|\n|t:|1700160398\n|switch|p2a: Ting-Lu|Ting-Lu|76\/100 tox\n|-ability|p2a: Ting-Lu|Vessel of Ruin\n|move|p1a: Ting-Lu|Stealth Rock|p2a: Ting-Lu\n|-sidestart|p2: mrharrington|move: Stealth Rock\n|\n|-heal|p2a: Ting-Lu|82\/100 tox|[from] item: Leftovers\n|-heal|p1a: Ting-Lu|40\/100|[from] item: Leftovers\n|-damage|p2a: Ting-Lu|76\/100 tox|[from] psn\n|upkeep\n|turn|25\n|\n|t:|1700160402\n|move|p2a: Ting-Lu|Spikes|p1a: Ting-Lu\n|-sidestart|p1: Pokeprincess540|Spikes\n|move|p1a: Ting-Lu|Spikes|p2a: Ting-Lu\n|-sidestart|p2: mrharrington|Spikes\n|\n|-heal|p2a: Ting-Lu|82\/100 tox|[from] item: Leftovers\n|-heal|p1a: Ting-Lu|47\/100|[from] item: Leftovers\n|-damage|p2a: Ting-Lu|69\/100 tox|[from] psn\n|upkeep\n|turn|26\n|\n|t:|1700160403\n|move|p2a: Ting-Lu|Earthquake|p1a: Ting-Lu\n|-damage|p1a: Ting-Lu|29\/100\n|move|p1a: Ting-Lu|Whirlwind|p2a: Ting-Lu\n|drag|p2a: Chien-Pao|Chien-Pao|65\/100 tox\n|-damage|p2a: Chien-Pao|40\/100 tox|[from] Stealth Rock\n|-damage|p2a: Chien-Pao|27\/100 tox|[from] Spikes\n|-ability|p2a: Chien-Pao|Sword of Ruin\n|\n|-heal|p1a: Ting-Lu|36\/100|[from] item: Leftovers\n|-damage|p2a: Chien-Pao|21\/100 tox|[from] psn\n|-fieldend|move: Electric Terrain\n|upkeep\n|turn|27\n|\n|t:|1700160407\n|switch|p1a: Toxapex|Toxapex, M|100\/100\n|-damage|p1a: Toxapex|88\/100|[from] Spikes\n|move|p2a: Chien-Pao|Icicle Crash|p1a: Toxapex|[miss]\n|-miss|p2a: Chien-Pao|p1a: Toxapex\n|\n|-heal|p1a: Toxapex|94\/100|[from] item: Leftovers\n|-damage|p2a: Chien-Pao|9\/100 tox|[from] psn\n|upkeep\n|turn|28\n|\n|t:|1700160412\n|switch|p2a: Miraidon|Miraidon, tera:Electric|48\/100\n|-damage|p2a: Miraidon|35\/100|[from] Stealth Rock\n|-damage|p2a: Miraidon|23\/100|[from] Spikes\n|-fieldstart|move: Electric Terrain|[from] ability: Hadron Engine|[of] p2a: Miraidon\n|move|p1a: Toxapex|Baneful Bunker||[still]\n|-fail|p1a: Toxapex\n|\n|-heal|p1a: Toxapex|100\/100|[from] item: Leftovers\n|upkeep\n|turn|29\n|\n|t:|1700160414\n|move|p1a: Toxapex|Baneful Bunker|p1a: Toxapex\n|-singleturn|p1a: Toxapex|move: Protect\n|move|p2a: Miraidon|Electro Drift|p1a: Toxapex\n|-activate|p1a: Toxapex|move: Protect\n|-status|p2a: Miraidon|psn\n|\n|-damage|p2a: Miraidon|11\/100 psn|[from] psn\n|upkeep\n|turn|30\n|\n|t:|1700160420\n|switch|p1a: Ting-Lu|Ting-Lu|36\/100\n|-damage|p1a: Ting-Lu|23\/100|[from] Spikes\n|-ability|p1a: Ting-Lu|Vessel of Ruin\n|move|p2a: Miraidon|Electro Drift|p1a: Ting-Lu\n|-immune|p1a: Ting-Lu\n|\n|-heal|p1a: Ting-Lu|29\/100|[from] item: Leftovers\n|-damage|p2a: Miraidon|0 fnt|[from] psn\n|faint|p2a: Miraidon\n|upkeep\n|c|\u2606mrharrington|double baneful is insane\n|-message|mrharrington forfeited.\n|\n|win|Pokeprincess540\n|raw|Pokeprincess540's rating: 1679 &rarr; <strong>1692<\/strong><br \/>(+13 for winning)\n|raw|mrharrington's rating: 1556 &rarr; <strong>1543<\/strong><br \/>(-13 for losing)\n|l|\u2606mrharrington\n","uploadtime":1700160540,"views":11,"p1id":"pokeprincess540","p2id":"mrharrington","formatid":"gen9anythinggoes","rating":1543,"private":0,"password":""}