{"id":"gen9anythinggoes-1990435731","p1":"Willkid","p2":"FadingxD","format":"[Gen 9] Anything Goes","log":"|j|\u2606Willkid\n|j|\u2606FadingxD\n|t:|1699970743\n|gametype|singles\n|player|p1|Willkid|169|1097\n|player|p2|FadingxD|101|1139\n|teamsize|p1|6\n|teamsize|p2|6\n|gen|9\n|tier|[Gen 9] Anything Goes\n|rated|\n|rule|HP Percentage Mod: HP is shown in percentages\n|rule|Endless Battle Clause: Forcing endless battles is banned\n|clearpoke\n|poke|p1|Miraidon|\n|poke|p1|Walking Wake|\n|poke|p1|Polteageist-Antique|\n|poke|p1|Calyrex-Shadow|\n|poke|p1|Quaquaval, M|\n|poke|p1|Jirachi|\n|poke|p2|Cinderace, F|\n|poke|p2|Inteleon, M|\n|poke|p2|Sneasler, M|\n|poke|p2|Tsareena, F|\n|poke|p2|Blissey, F|\n|poke|p2|Sylveon, M|\n|teampreview\n|inactive|Battle timer is ON: inactive players will automatically lose when time's up. (requested by Willkid)\n|\n|t:|1699970763\n|start\n|switch|p1a: Polteageist|Polteageist-Antique, shiny|100\/100\n|switch|p2a: Cinderace|Cinderace, F|100\/100\n|turn|1\n|\n|t:|1699970776\n|move|p2a: Cinderace|Pyro Ball|p1a: Polteageist\n|-damage|p1a: Polteageist|0 fnt\n|faint|p1a: Polteageist\n|\n|upkeep\n|\n|t:|1699970783\n|switch|p1a: Jirachi|Jirachi, shiny|100\/100\n|turn|2\n|\n|t:|1699970790\n|-terastallize|p1a: Jirachi|Steel\n|move|p2a: Cinderace|Pyro Ball|p1a: Jirachi|[miss]\n|-miss|p2a: Cinderace|p1a: Jirachi\n|move|p1a: Jirachi|Iron Head|p2a: Cinderace\n|-resisted|p2a: Cinderace\n|-damage|p2a: Cinderace|66\/100\n|\n|upkeep\n|turn|3\n|\n|t:|1699970798\n|move|p2a: Cinderace|Pyro Ball|p1a: Jirachi\n|-supereffective|p1a: Jirachi\n|-damage|p1a: Jirachi|0 fnt\n|faint|p1a: Jirachi\n|\n|upkeep\n|\n|t:|1699970804\n|switch|p1a: Quaquaval|Quaquaval, M, shiny|100\/100\n|turn|4\n|\n|t:|1699970808\n|switch|p2a: Nadia|Tsareena, F|100\/100\n|move|p1a: Quaquaval|Aqua Step|p2a: Nadia\n|-resisted|p2a: Nadia\n|-damage|p2a: Nadia|82\/100\n|-boost|p1a: Quaquaval|spe|1\n|\n|upkeep\n|turn|5\n|\n|t:|1699970817\n|move|p1a: Quaquaval|Close Combat|p2a: Nadia\n|-damage|p2a: Nadia|36\/100\n|-unboost|p1a: Quaquaval|def|1\n|-unboost|p1a: Quaquaval|spd|1\n|move|p2a: Nadia|Trop Kick|p1a: Quaquaval\n|-supereffective|p1a: Quaquaval\n|-damage|p1a: Quaquaval|0 fnt\n|faint|p1a: Quaquaval\n|\n|upkeep\n|\n|t:|1699970834\n|switch|p1a: Calyrex|Calyrex-Shadow|100\/100\n|-ability|p1a: Calyrex|As One\n|-ability|p1a: Calyrex|Unnerve\n|turn|6\n|-activate|p1a: Calyrex|item: Quick Claw\n|\n|t:|1699970841\n|move|p1a: Calyrex|Nasty Plot|p1a: Calyrex\n|-boost|p1a: Calyrex|spa|2\n|move|p2a: Nadia|Taunt|p1a: Calyrex\n|-start|p1a: Calyrex|move: Taunt\n|\n|upkeep\n|turn|7\n|\n|t:|1699970850\n|move|p1a: Calyrex|Stored Power|p2a: Nadia\n|-damage|p2a: Nadia|0 fnt\n|faint|p2a: Nadia\n|-ability|p1a: Calyrex|Grim Neigh|boost\n|-boost|p1a: Calyrex|spa|1\n|\n|upkeep\n|\n|t:|1699970863\n|switch|p2a: Sylveon|Sylveon, M, shiny|100\/100\n|turn|8\n|-activate|p1a: Calyrex|item: Quick Claw\n|\n|t:|1699970872\n|move|p1a: Calyrex|Astral Barrage|p2a: Sylveon\n|-damage|p2a: Sylveon|0 fnt\n|faint|p2a: Sylveon\n|-ability|p1a: Calyrex|Grim Neigh|boost\n|-boost|p1a: Calyrex|spa|1\n|\n|upkeep\n|\n|t:|1699970879\n|switch|p2a: Blissey|Blissey, F|100\/100\n|turn|9\n|\n|t:|1699970885\n|move|p1a: Calyrex|Stored Power|p2a: Blissey\n|-damage|p2a: Blissey|49\/100\n|move|p2a: Blissey|Light Screen|p2a: Blissey\n|-sidestart|p2: FadingxD|move: Light Screen\n|\n|-heal|p2a: Blissey|55\/100|[from] item: Leftovers\n|-end|p1a: Calyrex|move: Taunt\n|upkeep\n|turn|10\n|\n|t:|1699970893\n|move|p1a: Calyrex|Stored Power|p2a: Blissey\n|-damage|p2a: Blissey|28\/100\n|move|p2a: Blissey|Soft-Boiled|p2a: Blissey\n|-heal|p2a: Blissey|78\/100\n|\n|-heal|p2a: Blissey|85\/100|[from] item: Leftovers\n|upkeep\n|turn|11\n|-activate|p1a: Calyrex|item: Quick Claw\n|\n|t:|1699970900\n|move|p1a: Calyrex|Nasty Plot|p1a: Calyrex\n|-boost|p1a: Calyrex|spa|2\n|move|p2a: Blissey|Seismic Toss|p1a: Calyrex\n|-immune|p1a: Calyrex\n|\n|-heal|p2a: Blissey|91\/100|[from] item: Leftovers\n|upkeep\n|turn|12\n|\n|t:|1699970918\n|switch|p2a: Sneasler|Sneasler, M|100\/100\n|move|p1a: Calyrex|Stored Power|p2a: Sneasler\n|-supereffective|p2a: Sneasler\n|-enditem|p2a: Sneasler|Focus Sash\n|-damage|p2a: Sneasler|1\/100\n|\n|upkeep\n|turn|13\n|-activate|p1a: Calyrex|item: Quick Claw\n|\n|t:|1699970929\n|move|p1a: Calyrex|Stored Power|p2a: Sneasler\n|-supereffective|p2a: Sneasler\n|-damage|p2a: Sneasler|0 fnt\n|faint|p2a: Sneasler\n|\n|-sideend|p2: FadingxD|move: Light Screen\n|upkeep\n|\n|t:|1699970937\n|switch|p2a: Blissey|Blissey, F|91\/100\n|turn|14\n|\n|t:|1699970942\n|move|p1a: Calyrex|Stored Power|p2a: Blissey\n|-damage|p2a: Blissey|0 fnt\n|faint|p2a: Blissey\n|\n|upkeep\n|\n|t:|1699970947\n|switch|p2a: Inteleon|Inteleon, M|100\/100\n|turn|15\n|\n|t:|1699970955\n|move|p1a: Calyrex|Astral Barrage|p2a: Inteleon\n|-damage|p2a: Inteleon|0 fnt\n|faint|p2a: Inteleon\n|\n|upkeep\n|\n|t:|1699970962\n|switch|p2a: Cinderace|Cinderace, F|66\/100\n|turn|16\n|c|\u2606Willkid|gg\n|\n|t:|1699970965\n|-terastallize|p2a: Cinderace|Fire\n|move|p2a: Cinderace|Pyro Ball|p1a: Calyrex\n|-damage|p1a: Calyrex|0 fnt\n|faint|p1a: Calyrex\n|\n|upkeep\n|\n|t:|1699970976\n|switch|p1a: Miraidon|Miraidon|100\/100\n|-fieldstart|move: Electric Terrain|[from] ability: Hadron Engine|[of] p1a: Miraidon\n|turn|17\n|\n|t:|1699970985\n|move|p2a: Cinderace|Pyro Ball|p1a: Miraidon\n|-resisted|p1a: Miraidon\n|-damage|p1a: Miraidon|53\/100\n|-status|p1a: Miraidon|brn\n|move|p1a: Miraidon|Electro Drift|p2a: Cinderace\n|-damage|p2a: Cinderace|0 fnt\n|faint|p2a: Cinderace\n|\n|win|Willkid\n|raw|Willkid's rating: 1097 &rarr; <strong>1126<\/strong><br \/>(+29 for winning)\n|raw|FadingxD's rating: 1139 &rarr; <strong>1111<\/strong><br \/>(-28 for losing)\n","uploadtime":1699970998,"views":5,"p1id":"willkid","p2id":"fadingxd","formatid":"gen9anythinggoes","rating":1111,"private":0,"password":""}