{"id":"gen9anythinggoes-1981920740","p1":"JoJoFan756","p2":"Shadowkipz13","format":"[Gen 9] Anything Goes","log":"|j|\u2606JoJoFan756\n|j|\u2606Shadowkipz13\n|t:|1698951804\n|gametype|singles\n|player|p1|JoJoFan756|169|1188\n|player|p2|Shadowkipz13|petrel|1304\n|teamsize|p1|6\n|teamsize|p2|6\n|gen|9\n|tier|[Gen 9] Anything Goes\n|rated|\n|rule|HP Percentage Mod: HP is shown in percentages\n|rule|Endless Battle Clause: Forcing endless battles is banned\n|clearpoke\n|poke|p1|Garganacl, F|\n|poke|p1|Garganacl, F|\n|poke|p1|Garganacl, M|\n|poke|p1|Garganacl, M|\n|poke|p1|Garganacl, M|\n|poke|p1|Kingambit, M|\n|poke|p2|Infernape, M|\n|poke|p2|Ogerpon-Wellspring, F|\n|poke|p2|Hawlucha, M|\n|poke|p2|Maushold|\n|poke|p2|Tyranitar, M|\n|poke|p2|Ursaluna-Bloodmoon, M|\n|teampreview\n|inactive|Battle timer is ON: inactive players will automatically lose when time's up. (requested by JoJoFan756)\n|inactive|Shadowkipz13 has 120 seconds left.\n|\n|t:|1698951836\n|start\n|switch|p1a: Garganacl|Garganacl, F|100\/100\n|switch|p2a: Rey Mysterio|Hawlucha, M, shiny|100\/100\n|-ability|p2a: Rey Mysterio|Mold Breaker\n|turn|1\n|\n|t:|1698951849\n|move|p2a: Rey Mysterio|Swords Dance|p2a: Rey Mysterio\n|-boost|p2a: Rey Mysterio|atk|2\n|move|p1a: Garganacl|Explosion|p2a: Rey Mysterio\n|-damage|p2a: Rey Mysterio|0 fnt\n|faint|p1a: Garganacl\n|faint|p2a: Rey Mysterio\n|\n|upkeep\n|\n|t:|1698951878\n|switch|p2a: Mountainous|Tyranitar, M, shiny|100\/100\n|switch|p1a: Garganacl|Garganacl, F|100\/100\n|-weather|Sandstorm|[from] ability: Sand Stream|[of] p2a: Mountainous\n|turn|2\n|inactive|JoJoFan756 has 120 seconds left.\n|\n|t:|1698951908\n|move|p2a: Mountainous|Earthquake|p1a: Garganacl\n|-supereffective|p1a: Garganacl\n|-damage|p1a: Garganacl|49\/100\n|move|p1a: Garganacl|Salt Cure|p2a: Mountainous\n|-damage|p2a: Mountainous|86\/100\n|-start|p2a: Mountainous|Salt Cure\n|\n|-weather|Sandstorm|[upkeep]\n|-damage|p2a: Mountainous|73\/100|[from] Salt Cure\n|upkeep\n|turn|3\n|\n|t:|1698951912\n|move|p2a: Mountainous|Earthquake|p1a: Garganacl\n|-supereffective|p1a: Garganacl\n|-damage|p1a: Garganacl|0 fnt\n|faint|p1a: Garganacl\n|\n|-weather|Sandstorm|[upkeep]\n|-damage|p2a: Mountainous|61\/100|[from] Salt Cure\n|upkeep\n|\n|t:|1698951914\n|switch|p1a: Garganacl|Garganacl, M|100\/100\n|turn|4\n|\n|t:|1698951918\n|move|p2a: Mountainous|Earthquake|p1a: Garganacl\n|-supereffective|p1a: Garganacl\n|-damage|p1a: Garganacl|52\/100\n|move|p1a: Garganacl|Earthquake|p2a: Mountainous\n|-supereffective|p2a: Mountainous\n|-damage|p2a: Mountainous|6\/100\n|\n|-weather|Sandstorm|[upkeep]\n|-damage|p2a: Mountainous|0 fnt|[from] Salt Cure\n|faint|p2a: Mountainous\n|upkeep\n|\n|t:|1698951928\n|switch|p2a: Goget|Infernape, M|100\/100\n|turn|5\n|\n|t:|1698951940\n|move|p2a: Goget|Bulk Up|p2a: Goget\n|-boost|p2a: Goget|atk|1\n|-boost|p2a: Goget|def|1\n|move|p1a: Garganacl|Explosion|p2a: Goget\n|-damage|p2a: Goget|35\/100\n|faint|p1a: Garganacl\n|\n|-weather|Sandstorm|[upkeep]\n|-damage|p2a: Goget|28\/100|[from] Sandstorm\n|upkeep\n|\n|t:|1698951943\n|switch|p1a: Garganacl|Garganacl, M|100\/100\n|turn|6\n|\n|t:|1698951948\n|move|p2a: Goget|Drain Punch|p1a: Garganacl\n|-supereffective|p1a: Garganacl\n|-crit|p1a: Garganacl\n|-ability|p1a: Garganacl|Sturdy\n|-damage|p1a: Garganacl|1\/100\n|-heal|p2a: Goget|97\/100|[from] drain|[of] p1a: Garganacl\n|move|p1a: Garganacl|Earthquake|p2a: Goget\n|-supereffective|p2a: Goget\n|-damage|p2a: Goget|46\/100\n|\n|-weather|none\n|upkeep\n|turn|7\n|\n|t:|1698951953\n|move|p2a: Goget|Drain Punch|p1a: Garganacl\n|-supereffective|p1a: Garganacl\n|-damage|p1a: Garganacl|0 fnt\n|-heal|p2a: Goget|46\/100|[from] drain|[of] p1a: Garganacl\n|faint|p1a: Garganacl\n|\n|upkeep\n|\n|t:|1698951960\n|switch|p1a: Garganacl|Garganacl, M|100\/100\n|turn|8\n|\n|t:|1698951967\n|move|p2a: Goget|Drain Punch|p1a: Garganacl\n|-supereffective|p1a: Garganacl\n|-damage|p1a: Garganacl|20\/100\n|-heal|p2a: Goget|100\/100|[from] drain|[of] p1a: Garganacl\n|move|p1a: Garganacl|Earthquake|p2a: Goget\n|-supereffective|p2a: Goget\n|-damage|p2a: Goget|45\/100\n|\n|upkeep\n|turn|9\n|\n|t:|1698951970\n|move|p2a: Goget|Drain Punch|p1a: Garganacl\n|-supereffective|p1a: Garganacl\n|-damage|p1a: Garganacl|0 fnt\n|-heal|p2a: Goget|59\/100|[from] drain|[of] p1a: Garganacl\n|faint|p1a: Garganacl\n|\n|upkeep\n|\n|t:|1698951974\n|switch|p1a: Kingambit|Kingambit, M|100\/100\n|-activate|p1a: Kingambit|ability: Supreme Overlord\n|-start|p1a: Kingambit|fallen5|[silent]\n|turn|10\n|\n|t:|1698951979\n|-terastallize|p1a: Kingambit|Dark\n|move|p1a: Kingambit|Sucker Punch||[still]\n|-fail|p1a: Kingambit\n|move|p2a: Goget|Will-O-Wisp|p1a: Kingambit\n|-status|p1a: Kingambit|brn\n|\n|-damage|p1a: Kingambit|94\/100 brn|[from] brn\n|upkeep\n|turn|11\n|c|\u2606Shadowkipz13|Almost\n|\n|t:|1698951988\n|move|p1a: Kingambit|Sucker Punch|p2a: Goget\n|-resisted|p2a: Goget\n|-damage|p2a: Goget|41\/100\n|move|p2a: Goget|Drain Punch|p1a: Kingambit\n|-supereffective|p1a: Kingambit\n|-damage|p1a: Kingambit|0 fnt\n|-heal|p2a: Goget|99\/100|[from] drain|[of] p1a: Kingambit\n|faint|p1a: Kingambit\n|-end|p1a: Kingambit|fallen5|[silent]\n|\n|win|Shadowkipz13\n|raw|JoJoFan756's rating: 1188 &rarr; <strong>1171<\/strong><br \/>(-17 for losing)\n|raw|Shadowkipz13's rating: 1304 &rarr; <strong>1318<\/strong><br \/>(+14 for winning)\n|l|\u2606JoJoFan756\n|c|\u2606Shadowkipz13|Gg, fello jojo\n","uploadtime":1698952009,"views":6,"p1id":"jojofan756","p2id":"shadowkipz13","formatid":"gen9anythinggoes","rating":1171,"private":0,"password":""}