{"id":"gen9anythinggoes-1976093368","p1":"Gordonshumwayalf","p2":"BlackHoler","format":"[Gen 9] Anything Goes","log":"|j|\u2606Gordonshumwayalf\n|j|\u2606BlackHoler\n|t:|1698263090\n|gametype|singles\n|player|p1|Gordonshumwayalf|169|1149\n|player|p2|BlackHoler|lucas|1135\n|teamsize|p1|6\n|teamsize|p2|4\n|gen|9\n|tier|[Gen 9] Anything Goes\n|rated|\n|rule|HP Percentage Mod: HP is shown in percentages\n|rule|Endless Battle Clause: Forcing endless battles is banned\n|clearpoke\n|poke|p1|Infernape, F|\n|poke|p1|Ambipom, F|\n|poke|p1|Rillaboom, M|\n|poke|p1|Annihilape, M|\n|poke|p1|Munkidori, M|\n|poke|p1|Zarude|\n|poke|p2|Palafin, M|\n|poke|p2|Shaymin-Sky|\n|poke|p2|Clodsire, M|\n|poke|p2|Tyranitar, M|\n|teampreview\n|\n|t:|1698263104\n|start\n|switch|p1a: Ambipom|Ambipom, F|100\/100\n|switch|p2a: A dolph|Palafin, M|100\/100\n|turn|1\n|\n|t:|1698263112\n|detailschange|p2a: A dolph|Palafin-Hero, M\n|switch|p2a: The Clod|Clodsire, M|100\/100\n|move|p1a: Ambipom|Fake Out|p2a: The Clod\n|-damage|p2a: The Clod|79\/100\n|\n|-heal|p2a: The Clod|85\/100|[from] item: Leftovers\n|upkeep\n|turn|2\n|\n|t:|1698263127\n|move|p1a: Ambipom|Double Hit|p2a: The Clod\n|-damage|p2a: The Clod|66\/100\n|-damage|p2a: The Clod|48\/100\n|-hitcount|p2a: The Clod|2\n|move|p2a: The Clod|Counter|p1a: Ambipom\n|-damage|p1a: Ambipom|50\/100\n|\n|-heal|p2a: The Clod|54\/100|[from] item: Leftovers\n|upkeep\n|turn|3\n|\n|t:|1698263145\n|-terastallize|p1a: Ambipom|Flying\n|move|p1a: Ambipom|Acrobatics|p2a: The Clod\n|-crit|p2a: The Clod\n|-damage|p2a: The Clod|0 fnt\n|faint|p2a: The Clod\n|\n|upkeep\n|\n|t:|1698263153\n|switch|p2a: Supreme Being|Tyranitar, M, shiny|100\/100\n|-weather|Sandstorm|[from] ability: Sand Stream|[of] p2a: Supreme Being\n|turn|4\n|\n|t:|1698263159\n|move|p1a: Ambipom|Acrobatics|p2a: Supreme Being\n|-resisted|p2a: Supreme Being\n|-damage|p2a: Supreme Being|82\/100\n|move|p2a: Supreme Being|Avalanche|p1a: Ambipom\n|-supereffective|p1a: Ambipom\n|-crit|p1a: Ambipom\n|-damage|p1a: Ambipom|0 fnt\n|faint|p1a: Ambipom\n|\n|-weather|Sandstorm|[upkeep]\n|upkeep\n|\n|t:|1698263169\n|switch|p1a: Zarude|Zarude|100\/100\n|turn|5\n|\n|t:|1698263178\n|move|p1a: Zarude|Drain Punch|p2a: Supreme Being\n|-supereffective|p2a: Supreme Being\n|-damage|p2a: Supreme Being|11\/100\n|move|p2a: Supreme Being|Avalanche|p1a: Zarude\n|-supereffective|p1a: Zarude\n|-damage|p1a: Zarude|40\/100\n|\n|-weather|Sandstorm|[upkeep]\n|-damage|p1a: Zarude|33\/100|[from] Sandstorm\n|upkeep\n|turn|6\n|\n|t:|1698263190\n|move|p1a: Zarude|Drain Punch|p2a: Supreme Being\n|-supereffective|p2a: Supreme Being\n|-damage|p2a: Supreme Being|0 fnt\n|-heal|p1a: Zarude|39\/100|[from] drain|[of] p2a: Supreme Being\n|faint|p2a: Supreme Being\n|\n|-weather|Sandstorm|[upkeep]\n|-damage|p1a: Zarude|33\/100|[from] Sandstorm\n|upkeep\n|\n|t:|1698263192\n|switch|p2a: A dolph|Palafin-Hero, M|100\/100\n|-activate|p2a: A dolph|ability: Zero to Hero\n|turn|7\n|\n|t:|1698263204\n|-terastallize|p2a: A dolph|Water\n|move|p2a: A dolph|Jet Punch|p1a: Zarude\n|-resisted|p1a: Zarude\n|-damage|p1a: Zarude|0 fnt\n|faint|p1a: Zarude\n|\n|-weather|Sandstorm|[upkeep]\n|-damage|p2a: A dolph|94\/100|[from] Sandstorm\n|upkeep\n|\n|t:|1698263215\n|switch|p1a: Rillaboom|Rillaboom, M|100\/100\n|-fieldstart|move: Grassy Terrain|[from] ability: Grassy Surge|[of] p1a: Rillaboom\n|turn|8\n|\n|t:|1698263222\n|switch|p2a: Weakling|Shaymin-Sky|100\/100\n|move|p1a: Rillaboom|Grassy Glide|p2a: Weakling\n|-resisted|p2a: Weakling\n|-damage|p2a: Weakling|88\/100\n|\n|-weather|none\n|upkeep\n|turn|9\n|\n|t:|1698263234\n|move|p2a: Weakling|Swords Dance|p2a: Weakling\n|-boost|p2a: Weakling|atk|2\n|move|p1a: Rillaboom|Drain Punch|p2a: Weakling\n|-resisted|p2a: Weakling\n|-damage|p2a: Weakling|74\/100\n|\n|upkeep\n|turn|10\n|\n|t:|1698263248\n|switch|p1a: Infernape|Infernape, F|100\/100\n|move|p2a: Weakling|Swords Dance|p2a: Weakling\n|-boost|p2a: Weakling|atk|2\n|\n|upkeep\n|turn|11\n|\n|t:|1698263256\n|move|p2a: Weakling|Baton Pass|p2a: Weakling\n|\n|t:|1698263258\n|switch|p2a: A dolph|Palafin-Hero, M, tera:Water|94\/100|[from] Baton Pass\n|move|p1a: Infernape|Fire Punch|p2a: A dolph\n|-resisted|p2a: A dolph\n|-damage|p2a: A dolph|71\/100\n|\n|-heal|p2a: A dolph|77\/100|[from] Grassy Terrain\n|upkeep\n|turn|12\n|\n|t:|1698263267\n|move|p2a: A dolph|Jet Punch|p1a: Infernape\n|-supereffective|p1a: Infernape\n|-damage|p1a: Infernape|0 fnt\n|faint|p1a: Infernape\n|\n|-heal|p2a: A dolph|84\/100|[from] Grassy Terrain\n|-fieldend|move: Grassy Terrain\n|upkeep\n|\n|t:|1698263283\n|switch|p1a: Munkidori|Munkidori, M|100\/100\n|turn|13\n|\n|t:|1698263288\n|move|p2a: A dolph|Jet Punch|p1a: Munkidori\n|-enditem|p1a: Munkidori|Focus Sash\n|-damage|p1a: Munkidori|1\/100\n|move|p1a: Munkidori|Sludge Wave|p2a: A dolph\n|-damage|p2a: A dolph|32\/100\n|\n|upkeep\n|turn|14\n|\n|t:|1698263302\n|switch|p1a: Rillaboom|Rillaboom, M|100\/100\n|-fieldstart|move: Grassy Terrain|[from] ability: Grassy Surge|[of] p1a: Rillaboom\n|move|p2a: A dolph|Jet Punch|p1a: Rillaboom\n|-resisted|p1a: Rillaboom\n|-damage|p1a: Rillaboom|0 fnt\n|faint|p1a: Rillaboom\n|\n|-heal|p2a: A dolph|39\/100|[from] Grassy Terrain\n|upkeep\n|\n|t:|1698263313\n|switch|p1a: Annihilape|Annihilape, M|100\/100\n|turn|15\n|\n|t:|1698263317\n|move|p2a: A dolph|Jet Punch|p1a: Annihilape\n|-damage|p1a: Annihilape|0 fnt\n|faint|p1a: Annihilape\n|\n|-heal|p2a: A dolph|45\/100|[from] Grassy Terrain\n|upkeep\n|\n|t:|1698263324\n|switch|p1a: Munkidori|Munkidori, M|1\/100\n|turn|16\n|\n|t:|1698263328\n|move|p2a: A dolph|Jet Punch|p1a: Munkidori\n|-damage|p1a: Munkidori|0 fnt\n|faint|p1a: Munkidori\n|\n|win|BlackHoler\n|raw|Gordonshumwayalf's rating: 1149 &rarr; <strong>1123<\/strong><br \/>(-26 for losing)\n|raw|BlackHoler's rating: 1135 &rarr; <strong>1161<\/strong><br \/>(+26 for winning)\n","uploadtime":1698263334,"views":7,"p1id":"gordonshumwayalf","p2id":"blackholer","formatid":"gen9anythinggoes","rating":1123,"private":0,"password":""}