{"id":"gen9anythinggoes-1976151056","p1":"ninvefcive2cc","p2":"Void4s","format":"[Gen 9] Anything Goes","log":"|j|\u2606ninvefcive2cc\n|j|\u2606Void4s\n|t:|1698268210\n|gametype|singles\n|player|p1|ninvefcive2cc|giovanni|1100\n|player|p2|Void4s|170|1156\n|teamsize|p1|6\n|teamsize|p2|6\n|gen|9\n|tier|[Gen 9] Anything Goes\n|rated|\n|rule|HP Percentage Mod: HP is shown in percentages\n|rule|Endless Battle Clause: Forcing endless battles is banned\n|clearpoke\n|poke|p1|Darkrai|\n|poke|p1|Dudunsparce-*, M|\n|poke|p1|Cinderace, M|\n|poke|p1|Appletun, F|\n|poke|p1|Grimmsnarl, M|\n|poke|p1|Dragapult, M|\n|poke|p2|Rayquaza|\n|poke|p2|Garchomp, F|\n|poke|p2|Kyogre|\n|poke|p2|Corviknight, F|\n|poke|p2|Iron Leaves|\n|poke|p2|Arceus|\n|teampreview\n|c|\u2606ninvefcive2cc|uh oh\n|\n|t:|1698268224\n|start\n|switch|p1a: Dudunsparce|Dudunsparce-Three-Segment, M, shiny|100\/100\n|switch|p2a: Arceus|Arceus|100\/100\n|turn|1\n|c|\u2606ninvefcive2cc|imma lose\n|c|\u2606ninvefcive2cc|i can feel it\n|\n|t:|1698268236\n|-terastallize|p2a: Arceus|Normal\n|move|p2a: Arceus|Swords Dance|p2a: Arceus\n|-boost|p2a: Arceus|atk|2\n|move|p1a: Dudunsparce|Coil|p1a: Dudunsparce\n|-boost|p1a: Dudunsparce|atk|1\n|-boost|p1a: Dudunsparce|def|1\n|-boost|p1a: Dudunsparce|accuracy|1\n|\n|upkeep\n|turn|2\n|\n|t:|1698268245\n|move|p2a: Arceus|Extreme Speed|p1a: Dudunsparce\n|-damage|p1a: Dudunsparce|16\/100\n|move|p1a: Dudunsparce|Coil|p1a: Dudunsparce\n|-boost|p1a: Dudunsparce|atk|1\n|-boost|p1a: Dudunsparce|def|1\n|-boost|p1a: Dudunsparce|accuracy|1\n|\n|-heal|p1a: Dudunsparce|22\/100|[from] item: Leftovers\n|upkeep\n|turn|3\n|\n|t:|1698268253\n|move|p2a: Arceus|Extreme Speed|p1a: Dudunsparce\n|-damage|p1a: Dudunsparce|0 fnt\n|faint|p1a: Dudunsparce\n|\n|upkeep\n|c|\u2606ninvefcive2cc|damn\n|\n|t:|1698268259\n|switch|p1a: Darkrai|Darkrai, shiny|100\/100\n|turn|4\n|c|\u2606Void4s|Arceus diff\n|\n|t:|1698268268\n|move|p1a: Darkrai|Hypnosis|p2a: Arceus|[miss]\n|-miss|p1a: Darkrai|p2a: Arceus\n|move|p2a: Arceus|Swords Dance|p2a: Arceus\n|-boost|p2a: Arceus|atk|2\n|\n|upkeep\n|turn|5\n|\n|t:|1698268275\n|move|p1a: Darkrai|Hypnosis|p2a: Arceus\n|-status|p2a: Arceus|slp|[from] move: Hypnosis\n|-enditem|p2a: Arceus|Lum Berry|[eat]\n|-curestatus|p2a: Arceus|slp|[msg]\n|move|p2a: Arceus|Swords Dance|p2a: Arceus\n|-boost|p2a: Arceus|atk|2\n|\n|upkeep\n|turn|6\n|\n|t:|1698268282\n|move|p1a: Darkrai|Hypnosis|p2a: Arceus|[miss]\n|-miss|p1a: Darkrai|p2a: Arceus\n|move|p2a: Arceus|Shadow Claw|p1a: Darkrai\n|-resisted|p1a: Darkrai\n|-damage|p1a: Darkrai|36\/100\n|\n|-heal|p1a: Darkrai|42\/100|[from] item: Leftovers\n|upkeep\n|turn|7\n|c|\u2606ninvefcive2cc|damn\n|\n|t:|1698268289\n|move|p2a: Arceus|Extreme Speed|p1a: Darkrai\n|-damage|p1a: Darkrai|0 fnt\n|faint|p1a: Darkrai\n|\n|upkeep\n|c|\u2606ninvefcive2cc|damn\n|c|\u2606Void4s|Arceus diff\n|\n|t:|1698268301\n|switch|p1a: Cinderace|Cinderace, M, shiny|100\/100\n|turn|8\n|\n|t:|1698268305\n|move|p2a: Arceus|Extreme Speed|p1a: Cinderace\n|-damage|p1a: Cinderace|0 fnt\n|faint|p1a: Cinderace\n|\n|upkeep\n|c|\u2606Void4s|gg wp\n|c|\u2606ninvefcive2cc|damn\n|\n|t:|1698268312\n|switch|p1a: Appletun|Appletun, F, shiny|100\/100\n|turn|9\n|\n|t:|1698268317\n|move|p2a: Arceus|Extreme Speed|p1a: Appletun\n|-damage|p1a: Appletun|0 fnt\n|faint|p1a: Appletun\n|\n|upkeep\n|c|\u2606Void4s|XD\n|c|\u2606ninvefcive2cc|damn\n|c|\u2606Void4s|IM SORRY BRO\n|\n|t:|1698268325\n|switch|p1a: Grimmsnarl|Grimmsnarl, M, shiny|100\/100\n|turn|10\n|\n|t:|1698268335\n|move|p2a: Arceus|Extreme Speed|p1a: Grimmsnarl\n|-damage|p1a: Grimmsnarl|0 fnt\n|faint|p1a: Grimmsnarl\n|\n|upkeep\n|c|\u2606ninvefcive2cc|damn\n|\n|t:|1698268341\n|switch|p1a: Dragapult|Dragapult, M, shiny|100\/100\n|turn|11\n|c|\u2606Void4s|xD\n|c|\u2606ninvefcive2cc|this aint even wp\n|\n|t:|1698268356\n|-terastallize|p1a: Dragapult|Dragon\n|move|p2a: Arceus|Extreme Speed|p1a: Dragapult\n|-damage|p1a: Dragapult|0 fnt\n|faint|p1a: Dragapult\n|\n|win|Void4s\n|raw|ninvefcive2cc's rating: 1100 &rarr; <strong>1079<\/strong><br \/>(-21 for losing)\n|raw|Void4s's rating: 1156 &rarr; <strong>1177<\/strong><br \/>(+21 for winning)\n|c|\u2606Void4s|xD\n|c|\u2606ninvefcive2cc|damn\n|c|\u2606Void4s|SORRY\n|c|\u2606Void4s|IM SORRY\n","uploadtime":1698268369,"views":13,"p1id":"ninvefcive2cc","p2id":"void4s","formatid":"gen9anythinggoes","rating":1079,"private":0,"password":""}