{"id":"gen9anythinggoes-1973142370","p1":"BobagingaIRL","p2":"Rasenmon10","format":"[Gen 9] Anything Goes","log":"|j|\u2606BobagingaIRL\n|j|\u2606Rasenmon10\n|t:|1697932324\n|gametype|singles\n|player|p1|BobagingaIRL|roxanne|1110\n|player|p2|Rasenmon10|ninjaboy|1088\n|teamsize|p1|6\n|teamsize|p2|6\n|gen|9\n|tier|[Gen 9] Anything Goes\n|rated|\n|rule|HP Percentage Mod: HP is shown in percentages\n|rule|Endless Battle Clause: Forcing endless battles is banned\n|clearpoke\n|poke|p1|Ursaluna-Bloodmoon, M|\n|poke|p1|Lurantis, F|\n|poke|p1|Annihilape, M|\n|poke|p1|Volcarona, M|\n|poke|p1|Espathra, M|\n|poke|p1|Palafin, F|\n|poke|p2|Infernape, F|\n|poke|p2|Infernape, M|\n|poke|p2|Infernape, F|\n|poke|p2|Infernape, F|\n|poke|p2|Infernape, F|\n|poke|p2|Infernape, M|\n|teampreview\n|inactive|Battle timer is ON: inactive players will automatically lose when time's up. (requested by BobagingaIRL)\n|c|\u2606Rasenmon10|Monke\n|\n|t:|1697932332\n|start\n|switch|p1a: Annihilape|Annihilape, M|100\/100\n|switch|p2a: Infernape|Infernape, M|100\/100\n|turn|1\n|c|\u2606BobagingaIRL|monke\n|\n|t:|1697932339\n|move|p2a: Infernape|Knock Off|p1a: Annihilape\n|-damage|p1a: Annihilape|76\/100\n|-enditem|p1a: Annihilape|Heavy-Duty Boots|[from] move: Knock Off|[of] p2a: Infernape\n|move|p1a: Annihilape|Bulk Up|p1a: Annihilape\n|-boost|p1a: Annihilape|atk|1\n|-boost|p1a: Annihilape|def|1\n|\n|upkeep\n|turn|2\n|\n|t:|1697932352\n|switch|p2a: Infernape|Infernape, M|100\/100\n|move|p1a: Annihilape|Drain Punch|p2a: Infernape\n|-damage|p2a: Infernape|23\/100\n|-heal|p1a: Annihilape|100\/100|[from] drain|[of] p2a: Infernape\n|\n|upkeep\n|turn|3\n|\n|t:|1697932359\n|move|p2a: Infernape|Shadow Claw|p1a: Annihilape\n|-supereffective|p1a: Annihilape\n|-damage|p1a: Annihilape|77\/100\n|move|p1a: Annihilape|Bulk Up|p1a: Annihilape\n|-boost|p1a: Annihilape|atk|1\n|-boost|p1a: Annihilape|def|1\n|\n|upkeep\n|turn|4\n|\n|t:|1697932368\n|move|p2a: Infernape|Shadow Claw|p1a: Annihilape\n|-supereffective|p1a: Annihilape\n|-damage|p1a: Annihilape|57\/100\n|move|p1a: Annihilape|Drain Punch|p2a: Infernape\n|-damage|p2a: Infernape|0 fnt\n|-heal|p1a: Annihilape|66\/100|[from] drain|[of] p2a: Infernape\n|faint|p2a: Infernape\n|\n|upkeep\n|inactive|Rasenmon10 has 120 seconds left.\n|\n|t:|1697932399\n|switch|p2a: Infernape|Infernape, F|100\/100\n|turn|5\n|\n|t:|1697932405\n|-terastallize|p2a: Infernape|Flying\n|move|p2a: Infernape|Acrobatics|p1a: Annihilape\n|-supereffective|p1a: Annihilape\n|-damage|p1a: Annihilape|40\/100\n|move|p1a: Annihilape|Drain Punch|p2a: Infernape\n|-resisted|p2a: Infernape\n|-damage|p2a: Infernape|49\/100\n|-heal|p1a: Annihilape|60\/100|[from] drain|[of] p2a: Infernape\n|\n|upkeep\n|turn|6\n|\n|t:|1697932415\n|move|p2a: Infernape|Acrobatics|p1a: Annihilape\n|-supereffective|p1a: Annihilape\n|-damage|p1a: Annihilape|36\/100\n|move|p1a: Annihilape|Thunder Punch|p2a: Infernape\n|-supereffective|p2a: Infernape\n|-damage|p2a: Infernape|0 fnt\n|faint|p2a: Infernape\n|\n|upkeep\n|c|\u2606Rasenmon10|The monke is too powerful for my monkes\n|c|\u2606BobagingaIRL|My monke is superior\n|inactive|Rasenmon10 has 120 seconds left.\n|\n|t:|1697932436\n|switch|p2a: Infernape|Infernape, F|100\/100\n|turn|7\n|inactive|Rasenmon10 has 120 seconds left.\n|\n|t:|1697932448\n|move|p2a: Infernape|Thunder Punch|p1a: Annihilape\n|-damage|p1a: Annihilape|20\/100\n|move|p1a: Annihilape|Drain Punch|p2a: Infernape\n|-damage|p2a: Infernape|8\/100\n|-heal|p1a: Annihilape|56\/100|[from] drain|[of] p2a: Infernape\n|\n|upkeep\n|turn|8\n|\n|t:|1697932456\n|move|p2a: Infernape|Thunder Punch|p1a: Annihilape\n|-damage|p1a: Annihilape|37\/100\n|move|p1a: Annihilape|Drain Punch|p2a: Infernape\n|-damage|p2a: Infernape|0 fnt\n|-heal|p1a: Annihilape|40\/100|[from] drain|[of] p2a: Infernape\n|faint|p2a: Infernape\n|\n|upkeep\n|inactive|Rasenmon10 has 120 seconds left.\n|c|\u2606BobagingaIRL|Paralasis would've put a fork in my plans\n|inactive|Rasenmon10 has 90 seconds left.\n|c|\u2606Rasenmon10|My flying infenape couldn't close combat to activate white herb\n|inactive|Rasenmon10 has 60 seconds left.\n|c|\u2606Rasenmon10|This is the perfect counter man\n|\n|t:|1697932538\n|switch|p2a: Infernape|Infernape, F|100\/100\n|turn|9\n|c|\u2606BobagingaIRL|Ghost monkey counters all\n|c|\u2606Rasenmon10|and the most memetic one too\n|\n|t:|1697932552\n|move|p2a: Infernape|Fire Blast|p1a: Annihilape\n|-damage|p1a: Annihilape|0 fnt\n|faint|p1a: Annihilape\n|-damage|p2a: Infernape|91\/100|[from] item: Life Orb\n|\n|upkeep\n|c|\u2606Rasenmon10|oh\n|c|\u2606BobagingaIRL|0-0\n|c|\u2606BobagingaIRL|HES DONE IT\n|\n|t:|1697932562\n|switch|p1a: Espathra|Espathra, M|100\/100\n|turn|10\n|inactive|Rasenmon10 has 60 seconds left.\n|c|\u2606Rasenmon10|I could've done that long ago\n|\n|t:|1697932575\n|move|p1a: Espathra|Protect|p1a: Espathra\n|-singleturn|p1a: Espathra|Protect\n|move|p2a: Infernape|Fire Blast|p1a: Espathra\n|-activate|p1a: Espathra|move: Protect\n|\n|-ability|p1a: Espathra|Speed Boost|boost\n|-boost|p1a: Espathra|spe|1\n|upkeep\n|turn|11\n|inactive|Rasenmon10 has 60 seconds left.\n|\n|t:|1697932589\n|move|p1a: Espathra|Lumina Crash|p2a: Infernape\n|-supereffective|p2a: Infernape\n|-damage|p2a: Infernape|0 fnt\n|faint|p2a: Infernape\n|\n|-ability|p1a: Espathra|Speed Boost|boost\n|-boost|p1a: Espathra|spe|1\n|upkeep\n|c|\u2606BobagingaIRL|Perish\n|\n|t:|1697932595\n|switch|p2a: Infernape|Infernape, M|100\/100\n|turn|12\n|c|\u2606BobagingaIRL|I will avenge my monke\n|\n|t:|1697932600\n|move|p2a: Infernape|Fake Out|p1a: Espathra\n|-damage|p1a: Espathra|87\/100\n|cant|p1a: Espathra|flinch\n|\n|-heal|p1a: Espathra|93\/100|[from] item: Leftovers\n|-ability|p1a: Espathra|Speed Boost|boost\n|-boost|p1a: Espathra|spe|1\n|upkeep\n|turn|13\n|c|\u2606Rasenmon10|flinch\n|\n|t:|1697932608\n|move|p1a: Espathra|Lumina Crash|p2a: Infernape\n|-supereffective|p2a: Infernape\n|-damage|p2a: Infernape|29\/100\n|-unboost|p2a: Infernape|spd|2\n|move|p2a: Infernape|Knock Off|p1a: Espathra\n|-supereffective|p1a: Espathra\n|-damage|p1a: Espathra|20\/100\n|-enditem|p1a: Espathra|Leftovers|[from] move: Knock Off|[of] p2a: Infernape\n|\n|-ability|p1a: Espathra|Speed Boost|boost\n|-boost|p1a: Espathra|spe|1\n|upkeep\n|turn|14\n|c|\u2606Rasenmon10|YES\n|c|\u2606BobagingaIRL|ah\n|\n|t:|1697932618\n|move|p2a: Infernape|Mach Punch|p1a: Espathra\n|-resisted|p1a: Espathra\n|-damage|p1a: Espathra|8\/100\n|move|p1a: Espathra|Lumina Crash|p2a: Infernape\n|-supereffective|p2a: Infernape\n|-damage|p2a: Infernape|0 fnt\n|faint|p2a: Infernape\n|\n|-ability|p1a: Espathra|Speed Boost|boost\n|-boost|p1a: Espathra|spe|1\n|upkeep\n|c|\u2606Rasenmon10|aw\n|\n|t:|1697932628\n|switch|p2a: Infernape|Infernape, F|100\/100\n|turn|15\n|\n|t:|1697932639\n|move|p1a: Espathra|Protect|p1a: Espathra\n|-singleturn|p1a: Espathra|Protect\n|move|p2a: Infernape|Close Combat|p1a: Espathra\n|-activate|p1a: Espathra|move: Protect\n|\n|-ability|p1a: Espathra|Speed Boost|boost\n|-boost|p1a: Espathra|spe|1\n|upkeep\n|turn|16\n|\n|t:|1697932647\n|move|p1a: Espathra|Baton Pass|p1a: Espathra\n|\n|t:|1697932656\n|switch|p1a: Volcarona|Volcarona, M|100\/100|[from] Baton Pass\n|move|p2a: Infernape|Close Combat|p1a: Volcarona\n|-resisted|p1a: Volcarona\n|-damage|p1a: Volcarona|77\/100\n|-unboost|p2a: Infernape|def|1\n|-unboost|p2a: Infernape|spd|1\n|\n|upkeep\n|turn|17\n|\n|t:|1697932666\n|move|p2a: Infernape|Protect|p2a: Infernape\n|-singleturn|p2a: Infernape|Protect\n|move|p1a: Volcarona|Quiver Dance|p1a: Volcarona\n|-boost|p1a: Volcarona|spa|1\n|-boost|p1a: Volcarona|spd|1\n|-boost|p1a: Volcarona|spe|0\n|\n|upkeep\n|turn|18\n|inactive|Rasenmon10 has 90 seconds left.\n|\n|t:|1697932672\n|move|p1a: Volcarona|Morning Sun|p1a: Volcarona\n|-heal|p1a: Volcarona|100\/100\n|move|p2a: Infernape|Taunt|p1a: Volcarona\n|-start|p1a: Volcarona|move: Taunt\n|\n|upkeep\n|turn|19\n|\n|t:|1697932679\n|move|p2a: Infernape|Protect|p2a: Infernape\n|-singleturn|p2a: Infernape|Protect\n|move|p1a: Volcarona|Bug Buzz|p2a: Infernape\n|-activate|p2a: Infernape|move: Protect\n|\n|upkeep\n|turn|20\n|\n|t:|1697932687\n|move|p1a: Volcarona|Bug Buzz|p2a: Infernape\n|-resisted|p2a: Infernape\n|-damage|p2a: Infernape|69\/100\n|move|p2a: Infernape|Stealth Rock|p1a: Volcarona\n|-sidestart|p1: BobagingaIRL|move: Stealth Rock\n|\n|upkeep\n|turn|21\n|\n|t:|1697932695\n|move|p2a: Infernape|Protect|p2a: Infernape\n|-singleturn|p2a: Infernape|Protect\n|move|p1a: Volcarona|Fiery Dance|p2a: Infernape\n|-activate|p2a: Infernape|move: Protect\n|\n|-end|p1a: Volcarona|move: Taunt\n|upkeep\n|turn|22\n|\n|t:|1697932702\n|move|p1a: Volcarona|Quiver Dance|p1a: Volcarona\n|-boost|p1a: Volcarona|spa|1\n|-boost|p1a: Volcarona|spd|1\n|-boost|p1a: Volcarona|spe|0\n|move|p2a: Infernape|Taunt|p1a: Volcarona\n|-start|p1a: Volcarona|move: Taunt\n|\n|upkeep\n|turn|23\n|\n|t:|1697932714\n|move|p2a: Infernape|Protect|p2a: Infernape\n|-singleturn|p2a: Infernape|Protect\n|move|p1a: Volcarona|Fiery Dance|p2a: Infernape\n|-activate|p2a: Infernape|move: Protect\n|\n|upkeep\n|turn|24\n|c|\u2606BobagingaIRL|aint no way I'm being stalled rn\n|c|\u2606BobagingaIRL|LMAO\n|c|\u2606Rasenmon10|lmao\n|c|\u2606Rasenmon10|My monke team\n|\n|t:|1697932742\n|move|p1a: Volcarona|Fiery Dance|p2a: Infernape\n|-resisted|p2a: Infernape\n|-damage|p2a: Infernape|0 fnt\n|-boost|p1a: Volcarona|spa|1\n|faint|p2a: Infernape\n|\n|win|BobagingaIRL\n|raw|BobagingaIRL's rating: 1110 &rarr; <strong>1133<\/strong><br \/>(+23 for winning)\n|raw|Rasenmon10's rating: 1088 &rarr; <strong>1066<\/strong><br \/>(-22 for losing)\n|c|\u2606Rasenmon10|gg\n|c|\u2606Rasenmon10|wp\n|c|\u2606BobagingaIRL|gg\n|c|\u2606BobagingaIRL|you too\n|l|\u2606BobagingaIRL\n|c|\u2606Rasenmon10|Monkes\n","uploadtime":1697932762,"views":9,"p1id":"bobagingairl","p2id":"rasenmon10","formatid":"gen9anythinggoes","rating":1066,"private":0,"password":""}