{"id":"gen9anythinggoes-1999025749","p1":"SimpTonic","p2":"Slender235","format":"[Gen 9] Anything Goes","log":"|j|\u2606SimpTonic\n|j|\u2606Slender235\n|t:|1701025202\n|gametype|singles\n|player|p1|SimpTonic|169|1304\n|player|p2|Slender235|ingo|1408\n|teamsize|p1|6\n|teamsize|p2|6\n|gen|9\n|tier|[Gen 9] Anything Goes\n|rated|\n|rule|HP Percentage Mod: HP is shown in percentages\n|rule|Endless Battle Clause: Forcing endless battles is banned\n|clearpoke\n|poke|p1|Ursaluna, F|\n|poke|p1|Ursaluna, F|\n|poke|p1|Ursaluna, F|\n|poke|p1|Ursaluna-Bloodmoon, M|\n|poke|p1|Ursaluna-Bloodmoon, M|\n|poke|p1|Ursaluna-Bloodmoon, M|\n|poke|p2|Koraidon|\n|poke|p2|Chi-Yu|\n|poke|p2|Chi-Yu|\n|poke|p2|Calyrex-Shadow|\n|poke|p2|Dialga|\n|poke|p2|Sandy Shocks|\n|teampreview\n|c|\u2606Slender235|Five Turns At Trick Room\n|\n|t:|1701025235\n|start\n|switch|p1a: BEAR|Ursaluna-Bloodmoon, M|100\/100\n|switch|p2a: Sandy Shocks|Sandy Shocks|100\/100\n|turn|1\n|\n|t:|1701025240\n|move|p2a: Sandy Shocks|Stealth Rock|p1a: BEAR\n|-sidestart|p1: SimpTonic|move: Stealth Rock\n|move|p1a: BEAR|Earth Power|p2a: Sandy Shocks\n|-supereffective|p2a: Sandy Shocks\n|-enditem|p2a: Sandy Shocks|Focus Sash\n|-damage|p2a: Sandy Shocks|1\/100\n|\n|upkeep\n|turn|2\n|\n|t:|1701025244\n|move|p2a: Sandy Shocks|Spikes|p1a: BEAR\n|-sidestart|p1: SimpTonic|Spikes\n|move|p1a: BEAR|Earth Power|p2a: Sandy Shocks\n|-supereffective|p2a: Sandy Shocks\n|-damage|p2a: Sandy Shocks|0 fnt\n|faint|p2a: Sandy Shocks\n|-end|p2a: Sandy Shocks|Protosynthesis|[silent]\n|\n|upkeep\n|\n|t:|1701025255\n|switch|p2a: Calyrex|Calyrex-Shadow|100\/100\n|-ability|p2a: Calyrex|As One\n|-ability|p2a: Calyrex|Unnerve\n|turn|3\n|\n|t:|1701025263\n|-terastallize|p2a: Calyrex|Fighting\n|move|p2a: Calyrex|Tera Blast|p1a: BEAR|[anim] Tera Blast Fighting\n|-supereffective|p1a: BEAR\n|-damage|p1a: BEAR|0 fnt\n|faint|p1a: BEAR\n|-ability|p2a: Calyrex|Grim Neigh|boost\n|-boost|p2a: Calyrex|spa|1\n|-damage|p2a: Calyrex|91\/100|[from] item: Life Orb\n|\n|upkeep\n|\n|t:|1701025277\n|switch|p1a: Bear|Ursaluna-Bloodmoon, M|100\/100\n|-damage|p1a: Bear|95\/100|[from] Stealth Rock\n|-damage|p1a: Bear|82\/100|[from] Spikes\n|turn|4\n|\n|t:|1701025339\n|-terastallize|p1a: Bear|Ghost\n|move|p2a: Calyrex|Psychic|p1a: Bear\n|-damage|p1a: Bear|21\/100\n|-damage|p2a: Calyrex|81\/100|[from] item: Life Orb\n|move|p1a: Bear|Blood Moon|p2a: Calyrex\n|-damage|p2a: Calyrex|14\/100\n|\n|upkeep\n|turn|5\n|\n|t:|1701025357\n|move|p2a: Calyrex|Psychic|p1a: Bear\n|-damage|p1a: Bear|0 fnt\n|faint|p1a: Bear\n|-ability|p2a: Calyrex|Grim Neigh|boost\n|-boost|p2a: Calyrex|spa|1\n|-damage|p2a: Calyrex|4\/100|[from] item: Life Orb\n|\n|upkeep\n|\n|t:|1701025360\n|switch|p1a: bear|Ursaluna-Bloodmoon, M|100\/100\n|-damage|p1a: bear|94\/100|[from] Stealth Rock\n|-damage|p1a: bear|82\/100|[from] Spikes\n|turn|6\n|\n|t:|1701025362\n|move|p1a: bear|Vacuum Wave|p2a: Calyrex\n|-damage|p2a: Calyrex|0 fnt\n|faint|p2a: Calyrex\n|\n|-heal|p1a: bear|88\/100|[from] item: Leftovers\n|upkeep\n|\n|t:|1701025393\n|switch|p2a: Koraidon|Koraidon|100\/100\n|-weather|SunnyDay|[from] ability: Orichalcum Pulse|[of] p2a: Koraidon\n|-activate|p2a: Koraidon|Orichalcum Pulse|[source]\n|turn|7\n|\n|t:|1701025404\n|switch|p1a: bear|Ursaluna, F|100\/100\n|-damage|p1a: bear|94\/100|[from] Stealth Rock\n|-damage|p1a: bear|82\/100|[from] Spikes\n|move|p2a: Koraidon|Collision Course|p1a: bear\n|-supereffective|p1a: bear\n|-damage|p1a: bear|0 fnt\n|faint|p1a: bear\n|\n|-weather|SunnyDay|[upkeep]\n|upkeep\n|\n|t:|1701025410\n|switch|p1a: BEAR|Ursaluna, F|100\/100\n|-damage|p1a: BEAR|94\/100|[from] Stealth Rock\n|-damage|p1a: BEAR|82\/100|[from] Spikes\n|turn|8\n|\n|t:|1701025440\n|move|p2a: Koraidon|Collision Course|p1a: BEAR\n|-supereffective|p1a: BEAR\n|-damage|p1a: BEAR|0 fnt\n|faint|p1a: BEAR\n|\n|-weather|SunnyDay|[upkeep]\n|upkeep\n|\n|t:|1701025451\n|switch|p1a: Bear|Ursaluna, F|100\/100\n|-damage|p1a: Bear|94\/100|[from] Stealth Rock\n|-damage|p1a: Bear|82\/100|[from] Spikes\n|turn|9\n|\n|t:|1701025455\n|move|p2a: Koraidon|Collision Course|p1a: Bear\n|-supereffective|p1a: Bear\n|-damage|p1a: Bear|0 fnt\n|faint|p1a: Bear\n|\n|-weather|SunnyDay|[upkeep]\n|upkeep\n|-message|SimpTonic forfeited.\n|\n|win|Slender235\n|raw|SimpTonic's rating: 1304 &rarr; <strong>1290<\/strong><br \/>(-14 for losing)\n|raw|Slender235's rating: 1408 &rarr; <strong>1422<\/strong><br \/>(+14 for winning)\n|l|\u2606SimpTonic\n|c|\u2606Slender235|gg\n","uploadtime":1701025464,"views":1,"p1id":"simptonic","p2id":"slender235","formatid":"gen9anythinggoes","rating":1290,"private":0,"password":""}