{"id":"gen9anythinggoes-1983662910","p1":"Rocky&zay","p2":"ValentinoApenaskk","format":"[Gen 9] Anything Goes","log":"|j|\u2606Rocky&zay\n|j|\u2606ValentinoApenaskk\n|t:|1699155612\n|gametype|singles\n|player|p1|Rocky&zay|1|1109\n|player|p2|ValentinoApenaskk|cynthia-gen4|1113\n|teamsize|p1|6\n|teamsize|p2|6\n|gen|9\n|tier|[Gen 9] Anything Goes\n|rated|\n|rule|HP Percentage Mod: HP is shown in percentages\n|rule|Endless Battle Clause: Forcing endless battles is banned\n|clearpoke\n|poke|p1|Ceruledge, F|\n|poke|p1|Skeledirge, M|\n|poke|p1|Torkoal, M|\n|poke|p1|Arcanine-Hisui, F|\n|poke|p1|Talonflame, M|\n|poke|p1|Infernape, F|\n|poke|p2|Drednaw, M|\n|poke|p2|Scovillain, F|\n|poke|p2|Cyclizar, M|\n|poke|p2|Zangoose, M|\n|poke|p2|Heracross, F|\n|poke|p2|Sliggoo-Hisui, M|\n|teampreview\n|\n|t:|1699155622\n|start\n|switch|p1a: Talonflame|Talonflame, M, shiny|100\/100\n|switch|p2a: Sliggoo|Sliggoo-Hisui, M|100\/100\n|turn|1\n|\n|t:|1699155636\n|-terastallize|p2a: Sliggoo|Water\n|move|p1a: Talonflame|Flamethrower|p2a: Sliggoo\n|-resisted|p2a: Sliggoo\n|-damage|p2a: Sliggoo|92\/100\n|move|p2a: Sliggoo|Acid Armor|p2a: Sliggoo\n|-boost|p2a: Sliggoo|def|2\n|\n|upkeep\n|turn|2\n|\n|t:|1699155654\n|switch|p1a: Torkoal|Torkoal, M, shiny|100\/100\n|-weather|SunnyDay|[from] ability: Drought|[of] p1a: Torkoal\n|move|p2a: Sliggoo|Acid Armor|p2a: Sliggoo\n|-boost|p2a: Sliggoo|def|2\n|\n|-weather|SunnyDay|[upkeep]\n|upkeep\n|turn|3\n|\n|t:|1699155671\n|move|p2a: Sliggoo|Thunderbolt|p1a: Torkoal\n|-damage|p1a: Torkoal|65\/100\n|move|p1a: Torkoal|Iron Defense|p1a: Torkoal\n|-boost|p1a: Torkoal|def|2\n|\n|-weather|SunnyDay|[upkeep]\n|upkeep\n|turn|4\n|\n|t:|1699155679\n|move|p2a: Sliggoo|Thunderbolt|p1a: Torkoal\n|-damage|p1a: Torkoal|31\/100\n|-status|p1a: Torkoal|par\n|move|p1a: Torkoal|Clear Smog|p2a: Sliggoo\n|-damage|p2a: Sliggoo|84\/100\n|-clearboost|p2a: Sliggoo\n|\n|-weather|SunnyDay|[upkeep]\n|upkeep\n|turn|5\n|\n|t:|1699155689\n|move|p2a: Sliggoo|Thunderbolt|p1a: Torkoal\n|-crit|p1a: Torkoal\n|-damage|p1a: Torkoal|0 fnt\n|faint|p1a: Torkoal\n|\n|-weather|SunnyDay|[upkeep]\n|upkeep\n|\n|t:|1699155696\n|switch|p1a: Infernape|Infernape, F, shiny|100\/100\n|turn|6\n|\n|t:|1699155710\n|move|p1a: Infernape|Thunder Punch|p2a: Sliggoo\n|-supereffective|p2a: Sliggoo\n|-damage|p2a: Sliggoo|40\/100\n|move|p2a: Sliggoo|Thunderbolt|p1a: Infernape\n|-damage|p1a: Infernape|67\/100\n|\n|-weather|none\n|upkeep\n|turn|7\n|\n|t:|1699155718\n|move|p1a: Infernape|Drain Punch|p2a: Sliggoo\n|-damage|p2a: Sliggoo|4\/100\n|-heal|p1a: Infernape|86\/100|[from] drain|[of] p2a: Sliggoo\n|move|p2a: Sliggoo|Dragon Pulse|p1a: Infernape\n|-damage|p1a: Infernape|38\/100\n|\n|upkeep\n|turn|8\n|\n|t:|1699155727\n|move|p1a: Infernape|Thunder Punch|p2a: Sliggoo\n|-supereffective|p2a: Sliggoo\n|-damage|p2a: Sliggoo|0 fnt\n|faint|p2a: Sliggoo\n|\n|upkeep\n|\n|t:|1699155756\n|switch|p2a: Cyclizar|Cyclizar, M|100\/100\n|turn|9\n|\n|t:|1699155763\n|move|p2a: Cyclizar|Draco Meteor|p1a: Infernape\n|-damage|p1a: Infernape|0 fnt\n|-unboost|p2a: Cyclizar|spa|2\n|faint|p1a: Infernape\n|\n|upkeep\n|\n|t:|1699155775\n|switch|p1a: Arcanine|Arcanine-Hisui, F, shiny|100\/100\n|turn|10\n|\n|t:|1699155782\n|switch|p2a: Zangoose|Zangoose, M|100\/100\n|move|p1a: Arcanine|Smart Strike|p2a: Zangoose\n|-damage|p2a: Zangoose|67\/100\n|\n|-status|p2a: Zangoose|tox|[from] item: Toxic Orb\n|upkeep\n|turn|11\n|\n|t:|1699155794\n|move|p2a: Zangoose|Facade|p1a: Arcanine\n|-resisted|p1a: Arcanine\n|-damage|p1a: Arcanine|41\/100\n|move|p1a: Arcanine|Flare Blitz|p2a: Zangoose\n|-crit|p2a: Zangoose\n|-damage|p2a: Zangoose|0 fnt\n|faint|p2a: Zangoose\n|\n|-heal|p1a: Arcanine|47\/100|[from] item: Leftovers\n|upkeep\n|\n|t:|1699155810\n|switch|p2a: Cyclizar|Cyclizar, M|100\/100\n|turn|12\n|\n|t:|1699155822\n|move|p2a: Cyclizar|Draco Meteor|p1a: Arcanine\n|-damage|p1a: Arcanine|0 fnt\n|-unboost|p2a: Cyclizar|spa|2\n|faint|p1a: Arcanine\n|\n|upkeep\n|\n|t:|1699155833\n|switch|p1a: Ceruledge|Ceruledge, F|100\/100\n|turn|13\n|\n|t:|1699155839\n|switch|p2a: Da vincci|Drednaw, M, shiny|100\/100\n|move|p1a: Ceruledge|Iron Defense|p1a: Ceruledge\n|-boost|p1a: Ceruledge|def|2\n|\n|upkeep\n|turn|14\n|\n|t:|1699155847\n|move|p2a: Da vincci|Shell Smash|p2a: Da vincci\n|-unboost|p2a: Da vincci|def|1\n|-unboost|p2a: Da vincci|spd|1\n|-boost|p2a: Da vincci|atk|2\n|-boost|p2a: Da vincci|spa|2\n|-boost|p2a: Da vincci|spe|2\n|-enditem|p2a: Da vincci|White Herb\n|-clearnegativeboost|p2a: Da vincci|[silent]\n|move|p1a: Ceruledge|Solar Blade||[still]\n|-prepare|p1a: Ceruledge|Solar Blade\n|\n|upkeep\n|turn|15\n|\n|t:|1699155856\n|move|p2a: Da vincci|Crunch|p1a: Ceruledge\n|-supereffective|p1a: Ceruledge\n|-damage|p1a: Ceruledge|9\/100\n|-damage|p2a: Da vincci|84\/100|[from] item: Rocky Helmet|[of] p1a: Ceruledge\n|-ability|p1a: Ceruledge|Weak Armor|boost\n|-unboost|p1a: Ceruledge|def|1\n|-boost|p1a: Ceruledge|spe|2\n|move|p1a: Ceruledge|Solar Blade|p2a: Da vincci|[from]lockedmove\n|-supereffective|p2a: Da vincci\n|-damage|p2a: Da vincci|0 fnt\n|faint|p2a: Da vincci\n|\n|upkeep\n|\n|t:|1699155866\n|switch|p2a: Cyclizar|Cyclizar, M|100\/100\n|turn|16\n|\n|t:|1699155871\n|move|p1a: Ceruledge|Bitter Blade|p2a: Cyclizar\n|-resisted|p2a: Cyclizar\n|-damage|p2a: Cyclizar|64\/100\n|-heal|p1a: Ceruledge|26\/100|[from] drain|[of] p2a: Cyclizar\n|move|p2a: Cyclizar|Draco Meteor|p1a: Ceruledge\n|-damage|p1a: Ceruledge|0 fnt\n|-unboost|p2a: Cyclizar|spa|2\n|faint|p1a: Ceruledge\n|\n|upkeep\n|\n|t:|1699155882\n|switch|p1a: Skeledirge|Skeledirge, M, shiny|100\/100\n|turn|17\n|\n|t:|1699155895\n|switch|p2a: Heracross|Heracross, F|100\/100\n|move|p1a: Skeledirge|Torch Song|p2a: Heracross\n|-supereffective|p2a: Heracross\n|-damage|p2a: Heracross|6\/100\n|-boost|p1a: Skeledirge|spa|1\n|\n|-status|p2a: Heracross|brn|[from] item: Flame Orb\n|upkeep\n|turn|18\n|\n|t:|1699155905\n|move|p2a: Heracross|Facade|p1a: Skeledirge\n|-immune|p1a: Skeledirge\n|move|p1a: Skeledirge|Hex|p2a: Heracross\n|-damage|p2a: Heracross|0 fnt\n|faint|p2a: Heracross\n|\n|upkeep\n|\n|t:|1699155913\n|switch|p2a: Cyclizar|Cyclizar, M|97\/100\n|turn|19\n|\n|t:|1699155919\n|move|p2a: Cyclizar|Shed Tail|p2a: Cyclizar\n|-start|p2a: Cyclizar|Substitute|[from] move: Shed Tail\n|-damage|p2a: Cyclizar|47\/100\n|\n|t:|1699155923\n|switch|p2a: Scovillain|Scovillain, F, shiny|100\/100|[from] Shed Tail\n|move|p1a: Skeledirge|Will-O-Wisp||[still]\n|-fail|p1a: Skeledirge\n|\n|-ability|p2a: Scovillain|Moody|boost\n|-boost|p2a: Scovillain|spe|2\n|-unboost|p2a: Scovillain|atk|1\n|upkeep\n|-enditem|p2a: Scovillain|White Herb\n|-clearnegativeboost|p2a: Scovillain|[silent]\n|turn|20\n|\n|t:|1699155937\n|move|p2a: Scovillain|Protect|p2a: Scovillain\n|-singleturn|p2a: Scovillain|Protect\n|move|p1a: Skeledirge|Torch Song|p2a: Scovillain\n|-activate|p2a: Scovillain|move: Protect\n|\n|-ability|p2a: Scovillain|Moody|boost\n|-boost|p2a: Scovillain|spd|2\n|-unboost|p2a: Scovillain|spa|1\n|upkeep\n|turn|21\n|\n|t:|1699155947\n|move|p2a: Scovillain|Leech Seed|p1a: Skeledirge\n|-start|p1a: Skeledirge|move: Leech Seed\n|move|p1a: Skeledirge|Torch Song|p2a: Scovillain\n|-damage|p2a: Scovillain|57\/100\n|-boost|p1a: Skeledirge|spa|1\n|\n|-damage|p1a: Skeledirge|88\/100|[from] Leech Seed|[of] p2a: Scovillain\n|-heal|p2a: Scovillain|70\/100|[silent]\n|-ability|p2a: Scovillain|Moody|boost\n|-boost|p2a: Scovillain|spd|2\n|-unboost|p2a: Scovillain|atk|1\n|upkeep\n|turn|22\n|\n|t:|1699155962\n|move|p2a: Scovillain|Protect|p2a: Scovillain\n|-singleturn|p2a: Scovillain|Protect\n|move|p1a: Skeledirge|Torch Song|p2a: Scovillain\n|-activate|p2a: Scovillain|move: Protect\n|\n|-damage|p1a: Skeledirge|76\/100|[from] Leech Seed|[of] p2a: Scovillain\n|-heal|p2a: Scovillain|83\/100|[silent]\n|-ability|p2a: Scovillain|Moody|boost\n|-boost|p2a: Scovillain|def|2\n|-unboost|p2a: Scovillain|atk|1\n|upkeep\n|turn|23\n|\n|t:|1699155984\n|move|p2a: Scovillain|Flamethrower|p1a: Skeledirge\n|-resisted|p1a: Skeledirge\n|-damage|p1a: Skeledirge|62\/100\n|move|p1a: Skeledirge|Torch Song|p2a: Scovillain\n|-damage|p2a: Scovillain|27\/100\n|-boost|p1a: Skeledirge|spa|1\n|\n|-damage|p1a: Skeledirge|49\/100|[from] Leech Seed|[of] p2a: Scovillain\n|-heal|p2a: Scovillain|40\/100|[silent]\n|-ability|p2a: Scovillain|Moody|boost\n|-boost|p2a: Scovillain|def|2\n|-unboost|p2a: Scovillain|atk|1\n|upkeep\n|turn|24\n|\n|t:|1699155997\n|move|p2a: Scovillain|Protect|p2a: Scovillain\n|-singleturn|p2a: Scovillain|Protect\n|move|p1a: Skeledirge|Slack Off|p1a: Skeledirge\n|-heal|p1a: Skeledirge|99\/100\n|\n|-damage|p1a: Skeledirge|87\/100|[from] Leech Seed|[of] p2a: Scovillain\n|-heal|p2a: Scovillain|53\/100|[silent]\n|-ability|p2a: Scovillain|Moody|boost\n|-boost|p2a: Scovillain|atk|2\n|-unboost|p2a: Scovillain|spd|1\n|upkeep\n|turn|25\n|\n|t:|1699156021\n|move|p2a: Scovillain|Flamethrower|p1a: Skeledirge\n|-resisted|p1a: Skeledirge\n|-damage|p1a: Skeledirge|71\/100\n|move|p1a: Skeledirge|Torch Song|p2a: Scovillain\n|-damage|p2a: Scovillain|0 fnt\n|-boost|p1a: Skeledirge|spa|1\n|faint|p2a: Scovillain\n|\n|upkeep\n|\n|t:|1699156034\n|switch|p2a: Cyclizar|Cyclizar, M|80\/100\n|turn|26\n|\n|t:|1699156044\n|move|p2a: Cyclizar|Dragon Claw|p1a: Skeledirge\n|-damage|p1a: Skeledirge|44\/100\n|move|p1a: Skeledirge|Will-O-Wisp|p2a: Cyclizar\n|-status|p2a: Cyclizar|brn\n|\n|-damage|p1a: Skeledirge|31\/100|[from] Leech Seed|[of] p2a: Cyclizar\n|-heal|p2a: Cyclizar|96\/100 brn|[silent]\n|-damage|p2a: Cyclizar|89\/100 brn|[from] brn\n|upkeep\n|turn|27\n|\n|t:|1699156056\n|move|p2a: Cyclizar|Dragon Claw|p1a: Skeledirge\n|-damage|p1a: Skeledirge|18\/100\n|move|p1a: Skeledirge|Slack Off|p1a: Skeledirge\n|-heal|p1a: Skeledirge|68\/100\n|\n|-damage|p1a: Skeledirge|56\/100|[from] Leech Seed|[of] p2a: Cyclizar\n|-heal|p2a: Cyclizar|100\/100 brn|[silent]\n|-damage|p2a: Cyclizar|94\/100 brn|[from] brn\n|upkeep\n|turn|28\n|\n|t:|1699156075\n|move|p2a: Cyclizar|Dragon Claw|p1a: Skeledirge\n|-damage|p1a: Skeledirge|41\/100\n|move|p1a: Skeledirge|Torch Song|p2a: Cyclizar\n|-resisted|p2a: Cyclizar\n|-damage|p2a: Cyclizar|14\/100 brn\n|-boost|p1a: Skeledirge|spa|1\n|\n|-damage|p1a: Skeledirge|29\/100|[from] Leech Seed|[of] p2a: Cyclizar\n|-heal|p2a: Cyclizar|30\/100 brn|[silent]\n|-damage|p2a: Cyclizar|24\/100 brn|[from] brn\n|upkeep\n|turn|29\n|\n|t:|1699156087\n|move|p2a: Cyclizar|Dragon Claw|p1a: Skeledirge\n|-damage|p1a: Skeledirge|16\/100\n|move|p1a: Skeledirge|Slack Off|p1a: Skeledirge\n|-heal|p1a: Skeledirge|66\/100\n|\n|-damage|p1a: Skeledirge|54\/100|[from] Leech Seed|[of] p2a: Cyclizar\n|-heal|p2a: Cyclizar|39\/100 brn|[silent]\n|-damage|p2a: Cyclizar|33\/100 brn|[from] brn\n|upkeep\n|turn|30\n|\n|t:|1699156099\n|move|p2a: Cyclizar|Dragon Claw|p1a: Skeledirge\n|-damage|p1a: Skeledirge|40\/100\n|move|p1a: Skeledirge|Torch Song|p2a: Cyclizar\n|-resisted|p2a: Cyclizar\n|-damage|p2a: Cyclizar|0 fnt\n|-boost|p1a: Skeledirge|spa|1\n|faint|p2a: Cyclizar\n|\n|win|Rocky&zay\n|raw|Rocky&amp;zay's rating: 1109 &rarr; <strong>1134<\/strong><br \/>(+25 for winning)\n|raw|ValentinoApenaskk's rating: 1113 &rarr; <strong>1088<\/strong><br \/>(-25 for losing)\n","uploadtime":1699156104,"views":6,"p1id":"rockyzay","p2id":"valentinoapenaskk","formatid":"gen9anythinggoes","rating":1088,"private":0,"password":""}