{"id":"gen9anythinggoes-1999656431","p1":"KingOfTheMinnish","p2":"Lagartijo","format":"[Gen 9] Anything Goes","log":"|j|\u2606KingOfTheMinnish\n|j|\u2606Lagartijo\n|t:|1701105133\n|gametype|singles\n|player|p1|KingOfTheMinnish|1|1161\n|player|p2|Lagartijo|brawly|1264\n|teamsize|p1|6\n|teamsize|p2|6\n|gen|9\n|tier|[Gen 9] Anything Goes\n|rated|\n|rule|HP Percentage Mod: HP is shown in percentages\n|rule|Endless Battle Clause: Forcing endless battles is banned\n|clearpoke\n|poke|p1|Maushold-Four|\n|poke|p1|Flutter Mane|\n|poke|p1|Miraidon|\n|poke|p1|Rabsca, M|\n|poke|p1|Garganacl, F|\n|poke|p1|Houndstone, M|\n|poke|p2|Ribombee, F|\n|poke|p2|Meowscarada, F|\n|poke|p2|Zoroark-Hisui, M|\n|poke|p2|Noivern, M|\n|poke|p2|Greninja-*, M|\n|poke|p2|Ambipom, F|\n|teampreview\n|inactive|Battle timer is ON: inactive players will automatically lose when time's up. (requested by KingOfTheMinnish)\n|inactive|Lagartijo has 120 seconds left.\n|\n|t:|1701105207\n|start\n|switch|p1a: Maushold|Maushold-Four|100\/100\n|switch|p2a: Ribombee|Ribombee, F, shiny|100\/100\n|turn|1\n|\n|t:|1701105220\n|move|p1a: Maushold|Tidy Up|p1a: Maushold\n|-boost|p1a: Maushold|atk|1\n|-boost|p1a: Maushold|spe|1\n|move|p2a: Ribombee|Hyper Voice|p1a: Maushold\n|-damage|p1a: Maushold|28\/100\n|\n|upkeep\n|turn|2\n|\n|t:|1701105230\n|move|p1a: Maushold|Population Bomb|p2a: Ribombee\n|-immune|p2a: Ribombee\n|move|p2a: Ribombee|Hyper Voice|p1a: Maushold\n|-damage|p1a: Maushold|0 fnt\n|faint|p1a: Maushold\n|\n|upkeep\n|\n|t:|1701105233\n|switch|p1a: Flutter Mane|Flutter Mane, shiny|100\/100\n|turn|3\n|\n|t:|1701105239\n|move|p1a: Flutter Mane|Moonblast|p2a: Ribombee\n|-enditem|p2a: Ribombee|Focus Sash\n|-damage|p2a: Ribombee|1\/100\n|replace|p2a: Zoroark|Zoroark-Hisui, M\n|-end|p2a: Zoroark|Illusion\n|-damage|p1a: Flutter Mane|91\/100|[from] item: Life Orb\n|move|p2a: Zoroark|Bitter Malice|p1a: Flutter Mane\n|-supereffective|p1a: Flutter Mane\n|-damage|p1a: Flutter Mane|14\/100\n|-unboost|p1a: Flutter Mane|atk|1\n|\n|upkeep\n|turn|4\n|\n|t:|1701105251\n|move|p1a: Flutter Mane|Moonblast|p2a: Zoroark\n|-damage|p2a: Zoroark|0 fnt\n|faint|p2a: Zoroark\n|-damage|p1a: Flutter Mane|4\/100|[from] item: Life Orb\n|\n|upkeep\n|inactive|Lagartijo has 120 seconds left.\n|\n|t:|1701105284\n|switch|p2a: Noivern|Noivern, M, shiny|100\/100\n|turn|5\n|\n|t:|1701105287\n|-terastallize|p2a: Noivern|Steel\n|move|p1a: Flutter Mane|Moonblast|p2a: Noivern\n|-resisted|p2a: Noivern\n|-damage|p2a: Noivern|59\/100\n|-damage|p1a: Flutter Mane|0 fnt|[from] item: Life Orb\n|faint|p1a: Flutter Mane\n|-end|p1a: Flutter Mane|Protosynthesis|[silent]\n|move|p2a: Noivern|Boomburst|p1: Flutter Mane|[notarget]\n|-fail|p2a: Noivern\n|\n|upkeep\n|\n|t:|1701105290\n|switch|p1a: DeMarco|Miraidon|100\/100\n|-fieldstart|move: Electric Terrain|[from] ability: Hadron Engine|[of] p1a: DeMarco\n|turn|6\n|\n|t:|1701105299\n|-terastallize|p1a: DeMarco|Electric\n|move|p1a: DeMarco|Electro Drift|p2a: Noivern\n|-damage|p2a: Noivern|0 fnt\n|faint|p2a: Noivern\n|\n|upkeep\n|\n|t:|1701105308\n|switch|p2a: Ribombee|Ribombee, F, shiny|100\/100\n|turn|7\n|\n|t:|1701105312\n|move|p2a: Ribombee|Trick|p1a: DeMarco\n|-activate|p2a: Ribombee|move: Trick|[of] p1a: DeMarco\n|-item|p1a: DeMarco|Choice Scarf|[from] move: Trick\n|-item|p2a: Ribombee|Assault Vest|[from] move: Trick\n|move|p1a: DeMarco|Electro Drift|p2a: Ribombee\n|-damage|p2a: Ribombee|0 fnt\n|faint|p2a: Ribombee\n|\n|upkeep\n|\n|t:|1701105322\n|switch|p2a: Meowscarada|Meowscarada, F|100\/100\n|turn|8\n|\n|t:|1701105331\n|move|p1a: DeMarco|Electro Drift|p2a: Meowscarada\n|-resisted|p2a: Meowscarada\n|-damage|p2a: Meowscarada|10\/100\n|-enditem|p2a: Meowscarada|Cell Battery\n|-boost|p2a: Meowscarada|atk|1|[from] item: Cell Battery\n|move|p2a: Meowscarada|Play Rough|p1a: DeMarco\n|-start|p2a: Meowscarada|typechange|Fairy|[from] ability: Protean\n|-damage|p1a: DeMarco|36\/100\n|\n|upkeep\n|turn|9\n|\n|t:|1701105346\n|move|p1a: DeMarco|Electro Drift|p2a: Meowscarada\n|-damage|p2a: Meowscarada|0 fnt\n|faint|p2a: Meowscarada\n|\n|upkeep\n|\n|t:|1701105352\n|switch|p2a: Ambipom|Ambipom, F, shiny|100\/100\n|turn|10\n|\n|t:|1701105359\n|switch|p1a: SSSReplacement|Garganacl, F, shiny|100\/100\n|move|p2a: Ambipom|Fake Out|p1a: SSSReplacement\n|-enditem|p2a: Ambipom|Normal Gem|[from] gem\n|-resisted|p1a: SSSReplacement\n|-damage|p1a: SSSReplacement|90\/100\n|\n|-heal|p1a: SSSReplacement|96\/100|[from] item: Leftovers\n|-fieldend|move: Electric Terrain\n|upkeep\n|turn|11\n|\n|t:|1701105368\n|move|p2a: Ambipom|Covet|p1a: SSSReplacement\n|-resisted|p1a: SSSReplacement\n|-damage|p1a: SSSReplacement|83\/100\n|-item|p2a: Ambipom|Leftovers|[from] move: Covet|[of] p1a: SSSReplacement\n|move|p1a: SSSReplacement|Iron Defense|p1a: SSSReplacement\n|-boost|p1a: SSSReplacement|def|2\n|\n|upkeep\n|turn|12\n|\n|t:|1701105384\n|switch|p2a: Greninja|Greninja, M, shiny|100\/100\n|move|p1a: SSSReplacement|Body Press|p2a: Greninja\n|-supereffective|p2a: Greninja\n|-damage|p2a: Greninja|0 fnt\n|faint|p2a: Greninja\n|\n|upkeep\n|-message|Lagartijo forfeited.\n|\n|win|KingOfTheMinnish\n|raw|KingOfTheMinnish's rating: 1161 &rarr; <strong>1193<\/strong><br \/>(+32 for winning)\n|raw|Lagartijo's rating: 1264 &rarr; <strong>1232<\/strong><br \/>(-32 for losing)\n|l|\u2606Lagartijo\n","uploadtime":1701105394,"views":0,"p1id":"kingoftheminnish","p2id":"lagartijo","formatid":"gen9anythinggoes","rating":1193,"private":0,"password":""}