{"id":"gen9anythinggoes-1988369764","p1":"Ultra_hax_noob","p2":"mid ladder memes","format":"[Gen 9] Anything Goes","log":"|j|\u2606Ultra_hax_noob\n|j|\u2606mid ladder memes\n|t:|1699715017\n|gametype|singles\n|player|p1|Ultra_hax_noob|norman|1642\n|player|p2|mid ladder memes|saguaro|1895\n|teamsize|p1|6\n|teamsize|p2|6\n|gen|9\n|tier|[Gen 9] Anything Goes\n|rated|\n|rule|HP Percentage Mod: HP is shown in percentages\n|rule|Endless Battle Clause: Forcing endless battles is banned\n|clearpoke\n|poke|p1|Scovillain, M|\n|poke|p1|Arceus|\n|poke|p1|Kyogre|\n|poke|p1|Dondozo, F|\n|poke|p1|Calyrex-Shadow|\n|poke|p1|Basculegion, M|\n|poke|p2|Calyrex-Shadow|\n|poke|p2|Arceus|\n|poke|p2|Zacian-*|\n|poke|p2|Koraidon|\n|poke|p2|Leavanny, F|\n|poke|p2|Koraidon|\n|teampreview\n|j| Sam Osato\n|\n|t:|1699715050\n|start\n|switch|p1a: Kyogre|Kyogre, shiny|100\/100\n|switch|p2a: Koraidon|Koraidon|100\/100\n|-weather|RainDance|[from] ability: Drizzle|[of] p1a: Kyogre\n|-weather|SunnyDay|[from] ability: Orichalcum Pulse|[of] p2a: Koraidon\n|-activate|p2a: Koraidon|Orichalcum Pulse|[source]\n|turn|1\n|l| Sam Osato\n|\n|t:|1699715104\n|switch|p2a: Leavanny|Leavanny, F, shiny|100\/100\n|move|p1a: Kyogre|Ice Beam|p2a: Leavanny\n|-supereffective|p2a: Leavanny\n|-enditem|p2a: Leavanny|Focus Sash\n|-damage|p2a: Leavanny|1\/100\n|\n|-weather|SunnyDay|[upkeep]\n|upkeep\n|turn|2\n|inactive|Battle timer is ON: inactive players will automatically lose when time's up. (requested by mid ladder memes)\n|\n|t:|1699715183\n|move|p2a: Leavanny|Sticky Web|p1a: Kyogre\n|-sidestart|p1: Ultra_hax_noob|move: Sticky Web\n|move|p1a: Kyogre|Ice Beam|p2a: Leavanny\n|-supereffective|p2a: Leavanny\n|-damage|p2a: Leavanny|0 fnt\n|faint|p2a: Leavanny\n|\n|-weather|SunnyDay|[upkeep]\n|upkeep\n|\n|t:|1699715206\n|switch|p2a: Zacian|Zacian-Crowned|100\/100\n|-ability|p2a: Zacian|Intrepid Sword|boost\n|-boost|p2a: Zacian|atk|1\n|turn|3\n|inactive|Ultra_hax_noob has 120 seconds left.\n|\n|t:|1699715239\n|switch|p1a: Wailord but smol|Dondozo, F, shiny|100\/100\n|-activate|p1a: Wailord but smol|move: Sticky Web\n|-unboost|p1a: Wailord but smol|spe|1\n|move|p2a: Zacian|Play Rough|p1a: Wailord but smol\n|-damage|p1a: Wailord but smol|74\/100\n|\n|-weather|SunnyDay|[upkeep]\n|-heal|p1a: Wailord but smol|80\/100|[from] item: Leftovers\n|upkeep\n|turn|4\n|inactive|mid ladder memes has 120 seconds left.\n|\n|t:|1699715263\n|move|p2a: Zacian|Play Rough|p1a: Wailord but smol\n|-damage|p1a: Wailord but smol|53\/100\n|move|p1a: Wailord but smol|Fissure|p2a: Zacian\n|-damage|p2a: Zacian|0 fnt\n|faint|p2a: Zacian\n|-ohko\n|\n|-weather|SunnyDay|[upkeep]\n|-heal|p1a: Wailord but smol|59\/100|[from] item: Leftovers\n|upkeep\n|\n|t:|1699715266\n|switch|p2a: Calyrex|Calyrex-Shadow|100\/100\n|-ability|p2a: Calyrex|As One\n|-ability|p2a: Calyrex|Unnerve\n|turn|5\n|inactive|Ultra_hax_noob has 120 seconds left.\n|\n|t:|1699715298\n|switch|p1a: Arceus|Arceus, shiny|100\/100\n|-activate|p1a: Arceus|move: Sticky Web\n|-unboost|p1a: Arceus|spe|1\n|move|p2a: Calyrex|Taunt|p1a: Arceus\n|-start|p1a: Arceus|move: Taunt\n|\n|-weather|none\n|upkeep\n|turn|6\n|\n|t:|1699715307\n|-terastallize|p2a: Calyrex|Grass\n|move|p2a: Calyrex|Nasty Plot|p2a: Calyrex\n|-boost|p2a: Calyrex|spa|2\n|move|p1a: Arceus|Shadow Claw|p2a: Calyrex\n|-damage|p2a: Calyrex|66\/100\n|-damage|p1a: Arceus|91\/100|[from] item: Life Orb\n|\n|-heal|p2a: Calyrex|72\/100|[from] item: Leftovers\n|upkeep\n|turn|7\n|\n|t:|1699715320\n|-terastallize|p1a: Arceus|Normal\n|move|p1a: Arceus|Extreme Speed|p2a: Calyrex\n|-damage|p2a: Calyrex|0 fnt\n|faint|p2a: Calyrex\n|-damage|p1a: Arceus|81\/100|[from] item: Life Orb\n|\n|-end|p1a: Arceus|move: Taunt\n|upkeep\n|\n|t:|1699715330\n|switch|p2a: Koraidon|Koraidon|100\/100\n|-weather|SunnyDay|[from] ability: Orichalcum Pulse|[of] p2a: Koraidon\n|-activate|p2a: Koraidon|Orichalcum Pulse|[source]\n|turn|8\n|\n|t:|1699715336\n|switch|p1a: Wailord but smol|Dondozo, F, shiny|59\/100\n|-activate|p1a: Wailord but smol|move: Sticky Web\n|-unboost|p1a: Wailord but smol|spe|1\n|move|p2a: Koraidon|Close Combat|p1a: Wailord but smol\n|-damage|p1a: Wailord but smol|17\/100\n|-unboost|p2a: Koraidon|def|1\n|-unboost|p2a: Koraidon|spd|1\n|\n|-weather|SunnyDay|[upkeep]\n|-heal|p1a: Wailord but smol|23\/100|[from] item: Leftovers\n|upkeep\n|turn|9\n|\n|t:|1699715343\n|switch|p1a: Calyrex|Calyrex-Shadow|100\/100\n|-ability|p1a: Calyrex|As One\n|-ability|p1a: Calyrex|Unnerve\n|-activate|p1a: Calyrex|move: Sticky Web\n|-unboost|p1a: Calyrex|spe|1\n|move|p2a: Koraidon|Close Combat|p1a: Calyrex\n|-immune|p1a: Calyrex\n|\n|-weather|SunnyDay|[upkeep]\n|upkeep\n|turn|10\n|\n|t:|1699715358\n|move|p2a: Koraidon|Flare Blitz|p1a: Calyrex\n|-damage|p1a: Calyrex|1\/100\n|-damage|p2a: Koraidon|68\/100|[from] Recoil\n|move|p1a: Calyrex|Psyshock|p2a: Koraidon\n|-supereffective|p2a: Koraidon\n|-damage|p2a: Koraidon|0 fnt\n|faint|p2a: Koraidon\n|-ability|p1a: Calyrex|Grim Neigh|boost\n|-boost|p1a: Calyrex|spa|1\n|\n|-weather|SunnyDay|[upkeep]\n|upkeep\n|inactive|mid ladder memes has 120 seconds left.\n|\n|t:|1699715391\n|switch|p2a: Arceus|Arceus|100\/100\n|turn|11\n|\n|t:|1699715395\n|move|p2a: Arceus|Swords Dance|p2a: Arceus\n|-boost|p2a: Arceus|atk|2\n|move|p1a: Calyrex|Psyshock|p2a: Arceus\n|-damage|p2a: Arceus|53\/100\n|\n|-weather|SunnyDay|[upkeep]\n|-heal|p2a: Arceus|59\/100|[from] item: Leftovers\n|upkeep\n|turn|12\n|\n|t:|1699715399\n|move|p2a: Arceus|Shadow Claw|p1a: Calyrex\n|-supereffective|p1a: Calyrex\n|-crit|p1a: Calyrex\n|-damage|p1a: Calyrex|0 fnt\n|faint|p1a: Calyrex\n|\n|-weather|none\n|-heal|p2a: Arceus|65\/100|[from] item: Leftovers\n|upkeep\n|\n|t:|1699715408\n|switch|p1a: Wailord but smol|Dondozo, F, shiny|23\/100\n|-activate|p1a: Wailord but smol|move: Sticky Web\n|-unboost|p1a: Wailord but smol|spe|1\n|turn|13\n|\n|t:|1699715411\n|move|p2a: Arceus|Extreme Speed|p1a: Wailord but smol\n|-damage|p1a: Wailord but smol|0 fnt\n|faint|p1a: Wailord but smol\n|\n|-heal|p2a: Arceus|72\/100|[from] item: Leftovers\n|upkeep\n|\n|t:|1699715418\n|switch|p1a: Kyogre|Kyogre, shiny|100\/100\n|-activate|p1a: Kyogre|move: Sticky Web\n|-unboost|p1a: Kyogre|spe|1\n|-weather|RainDance|[from] ability: Drizzle|[of] p1a: Kyogre\n|turn|14\n|\n|t:|1699715420\n|move|p2a: Arceus|Extreme Speed|p1a: Kyogre\n|-damage|p1a: Kyogre|6\/100\n|move|p1a: Kyogre|Origin Pulse|p2a: Arceus\n|-damage|p2a: Arceus|5\/100\n|\n|-weather|RainDance|[upkeep]\n|-heal|p2a: Arceus|11\/100|[from] item: Leftovers\n|upkeep\n|turn|15\n|\n|t:|1699715424\n|move|p2a: Arceus|Extreme Speed|p1a: Kyogre\n|-damage|p1a: Kyogre|0 fnt\n|faint|p1a: Kyogre\n|\n|-weather|RainDance|[upkeep]\n|-heal|p2a: Arceus|17\/100|[from] item: Leftovers\n|upkeep\n|\n|t:|1699715445\n|switch|p1a: Arceus|Arceus, shiny, tera:Normal|81\/100\n|-activate|p1a: Arceus|move: Sticky Web\n|-unboost|p1a: Arceus|spe|1\n|turn|16\n|\n|t:|1699715448\n|move|p2a: Arceus|Extreme Speed|p1a: Arceus\n|-damage|p1a: Arceus|13\/100\n|move|p1a: Arceus|Extreme Speed|p2a: Arceus\n|-damage|p2a: Arceus|0 fnt\n|faint|p2a: Arceus\n|-damage|p1a: Arceus|3\/100|[from] item: Life Orb\n|\n|-weather|RainDance|[upkeep]\n|upkeep\n|\n|t:|1699715452\n|switch|p2a: Koraidon|Koraidon|100\/100\n|-weather|SunnyDay|[from] ability: Orichalcum Pulse|[of] p2a: Koraidon\n|-activate|p2a: Koraidon|Orichalcum Pulse|[source]\n|turn|17\n|\n|t:|1699715461\n|move|p1a: Arceus|Extreme Speed|p2a: Koraidon\n|-damage|p2a: Koraidon|40\/100\n|-damage|p1a: Arceus|0 fnt|[from] item: Life Orb\n|faint|p1a: Arceus\n|move|p2a: Koraidon|Outrage|p1: Arceus|[notarget]\n|-fail|p2a: Koraidon\n|\n|-weather|SunnyDay|[upkeep]\n|upkeep\n|\n|t:|1699715479\n|switch|p1a: Basculegion|Basculegion, M, shiny|100\/100\n|-activate|p1a: Basculegion|move: Sticky Web\n|-unboost|p1a: Basculegion|spe|1\n|turn|18\n|\n|t:|1699715484\n|move|p2a: Koraidon|Outrage|p1a: Basculegion\n|-damage|p1a: Basculegion|0 fnt\n|faint|p1a: Basculegion\n|\n|-weather|SunnyDay|[upkeep]\n|upkeep\n|\n|t:|1699715494\n|switch|p1a: Pringles|Scovillain, M, shiny|100\/100\n|-activate|p1a: Pringles|move: Sticky Web\n|-unboost|p1a: Pringles|spe|1\n|turn|19\n|\n|t:|1699715498\n|move|p1a: Pringles|Protect|p1a: Pringles\n|-singleturn|p1a: Pringles|Protect\n|move|p2a: Koraidon|Outrage|p1a: Pringles|[from]lockedmove\n|-activate|p1a: Pringles|move: Protect\n|\n|-weather|SunnyDay|[upkeep]\n|-ability|p1a: Pringles|Moody|boost\n|-boost|p1a: Pringles|atk|2\n|-unboost|p1a: Pringles|spa|1\n|upkeep\n|turn|20\n|\n|t:|1699715507\n|move|p1a: Pringles|Protect||[still]\n|-fail|p1a: Pringles\n|move|p2a: Koraidon|Outrage|p1a: Pringles\n|-crit|p1a: Pringles\n|-damage|p1a: Pringles|0 fnt\n|faint|p1a: Pringles\n|\n|win|mid ladder memes\n|raw|Ultra_hax_noob's rating: 1642 &rarr; <strong>1633<\/strong><br \/>(-9 for losing)\n|raw|mid ladder memes's rating: 1865 &rarr; <strong>1874<\/strong><br \/>(+9 for winning)\n|c|\u2606mid ladder memes|ggwp\n|l|\u2606mid ladder memes\n|l|\u2606Ultra_hax_noob\n","uploadtime":1699715573,"views":4,"p1id":"ultrahaxnoob","p2id":"midladdermemes","formatid":"gen9anythinggoes","rating":1633,"private":0,"password":""}