{"id":"gen9anythinggoes-1982519374","p1":"Ratapoutou1","p2":"ppoxxffoxx","format":"[Gen 9] Anything Goes","log":"|j|\u2606Ratapoutou1\n|j|\u2606ppoxxffoxx\n|t:|1699022278\n|gametype|singles\n|player|p1|Ratapoutou1|alec-anime|1139\n|player|p2|ppoxxffoxx|psychic-gen4|1111\n|teamsize|p1|6\n|teamsize|p2|6\n|gen|9\n|tier|[Gen 9] Anything Goes\n|rated|\n|rule|HP Percentage Mod: HP is shown in percentages\n|rule|Endless Battle Clause: Forcing endless battles is banned\n|clearpoke\n|poke|p1|Garchomp, F|\n|poke|p1|Cinderace, F|\n|poke|p1|Cramorant, M|\n|poke|p1|Iron Valiant|\n|poke|p1|Zapdos|\n|poke|p1|Garganacl, M|\n|poke|p2|Greninja-*, M|\n|poke|p2|Cinderace, M|\n|poke|p2|Mew|\n|poke|p2|Manaphy|\n|poke|p2|Dragapult, M|\n|poke|p2|Garchomp, M|\n|teampreview\n|inactive|Battle timer is ON: inactive players will automatically lose when time's up. (requested by Ratapoutou1)\n|\n|t:|1699022291\n|start\n|switch|p1a: Iron Valiant|Iron Valiant|100\/100\n|switch|p2a: yikes|Manaphy|100\/100\n|-enditem|p1a: Iron Valiant|Booster Energy\n|-activate|p1a: Iron Valiant|ability: Quark Drive|[fromitem]\n|-start|p1a: Iron Valiant|quarkdrivespe\n|turn|1\n|\n|t:|1699022299\n|move|p1a: Iron Valiant|Knock Off|p2a: yikes\n|-damage|p2a: yikes|73\/100\n|-enditem|p2a: yikes|Leftovers|[from] move: Knock Off|[of] p1a: Iron Valiant\n|move|p2a: yikes|Tail Glow|p2a: yikes\n|-boost|p2a: yikes|spa|3\n|\n|upkeep\n|turn|2\n|\n|t:|1699022306\n|move|p1a: Iron Valiant|Close Combat|p2a: yikes\n|-damage|p2a: yikes|17\/100\n|-unboost|p1a: Iron Valiant|def|1\n|-unboost|p1a: Iron Valiant|spd|1\n|move|p2a: yikes|Tail Glow|p2a: yikes\n|-boost|p2a: yikes|spa|3\n|\n|upkeep\n|turn|3\n|\n|t:|1699022313\n|move|p1a: Iron Valiant|Spirit Break|p2a: yikes\n|-damage|p2a: yikes|0 fnt\n|faint|p2a: yikes\n|\n|upkeep\n|\n|t:|1699022327\n|switch|p2a: Garfunkel|Garchomp, M|100\/100\n|turn|4\n|\n|t:|1699022332\n|switch|p2a: Catapult|Dragapult, M|100\/100\n|move|p1a: Iron Valiant|Spirit Break|p2a: Catapult\n|-supereffective|p2a: Catapult\n|-damage|p2a: Catapult|0 fnt\n|faint|p2a: Catapult\n|\n|upkeep\n|c|\u2606Ratapoutou1|nice switch\n|\n|t:|1699022342\n|switch|p2a: Pyrohop|Cinderace, M|100\/100\n|turn|5\n|\n|t:|1699022347\n|move|p1a: Iron Valiant|Knock Off|p2a: Pyrohop\n|-damage|p2a: Pyrohop|55\/100\n|-enditem|p2a: Pyrohop|Heavy-Duty Boots|[from] move: Knock Off|[of] p1a: Iron Valiant\n|move|p2a: Pyrohop|Gunk Shot|p1a: Iron Valiant|[miss]\n|-start|p2a: Pyrohop|typechange|Poison|[from] ability: Libero\n|-miss|p2a: Pyrohop|p1a: Iron Valiant\n|\n|upkeep\n|turn|6\n|\n|t:|1699022364\n|move|p1a: Iron Valiant|Knock Off|p2a: Pyrohop\n|-damage|p2a: Pyrohop|20\/100\n|move|p2a: Pyrohop|Gunk Shot|p1a: Iron Valiant\n|-supereffective|p1a: Iron Valiant\n|-damage|p1a: Iron Valiant|0 fnt\n|faint|p1a: Iron Valiant\n|-end|p1a: Iron Valiant|Quark Drive|[silent]\n|\n|upkeep\n|\n|t:|1699022374\n|switch|p1a: Cinderace|Cinderace, F|100\/100\n|turn|7\n|\n|t:|1699022380\n|move|p1a: Cinderace|Sucker Punch|p2a: Pyrohop\n|-start|p1a: Cinderace|typechange|Dark|[from] ability: Libero\n|-damage|p2a: Pyrohop|0 fnt\n|faint|p2a: Pyrohop\n|\n|upkeep\n|\n|t:|1699022385\n|switch|p2a: Waterog|Greninja, M|100\/100\n|turn|8\n|\n|t:|1699022389\n|-terastallize|p2a: Waterog|Fairy\n|move|p2a: Waterog|Tera Blast|p1a: Cinderace|[anim] Tera Blast Fairy\n|-supereffective|p1a: Cinderace\n|-damage|p1a: Cinderace|0 fnt\n|faint|p1a: Cinderace\n|-ability|p2a: Waterog|Battle Bond|boost\n|-boost|p2a: Waterog|atk|1\n|-boost|p2a: Waterog|spa|1\n|-boost|p2a: Waterog|spe|1\n|-activate|p2a: Waterog|ability: Battle Bond\n|\n|upkeep\n|\n|t:|1699022399\n|switch|p1a: Zapdos|Zapdos|100\/100\n|turn|9\n|\n|t:|1699022405\n|move|p2a: Waterog|Ice Beam|p1a: Zapdos\n|-supereffective|p1a: Zapdos\n|-damage|p1a: Zapdos|4\/100\n|move|p1a: Zapdos|Heat Wave|p2a: Waterog|[miss]\n|-miss|p1a: Zapdos|p2a: Waterog\n|\n|-heal|p1a: Zapdos|10\/100|[from] item: Leftovers\n|upkeep\n|turn|10\n|c|\u2606Ratapoutou1|u blind fuck zapdos\n|\n|t:|1699022420\n|move|p1a: Zapdos|Detect|p1a: Zapdos\n|-singleturn|p1a: Zapdos|Protect\n|move|p2a: Waterog|Ice Beam|p1a: Zapdos\n|-activate|p1a: Zapdos|move: Protect\n|\n|-heal|p1a: Zapdos|17\/100|[from] item: Leftovers\n|upkeep\n|turn|11\n|\n|t:|1699022437\n|move|p2a: Waterog|Tera Blast|p1a: Zapdos|[anim] Tera Blast Fairy\n|-damage|p1a: Zapdos|0 fnt\n|faint|p1a: Zapdos\n|\n|upkeep\n|\n|t:|1699022441\n|switch|p1a: Cramorant|Cramorant, M|100\/100\n|turn|12\n|\n|t:|1699022445\n|move|p2a: Waterog|Tera Blast|p1a: Cramorant|[anim] Tera Blast Fairy\n|-damage|p1a: Cramorant|42\/100\n|move|p1a: Cramorant|Surf|p2a: Waterog\n|-formechange|p1a: Cramorant|Cramorant-Gorging|\n|-damage|p2a: Waterog|56\/100\n|\n|upkeep\n|turn|13\n|\n|t:|1699022453\n|move|p2a: Waterog|Tera Blast|p1a: Cramorant|[anim] Tera Blast Fairy\n|-damage|p1a: Cramorant|0 fnt\n|-damage|p2a: Waterog|31\/100|[from] ability: Gulp Missile|[of] p1a: Cramorant\n|-status|p2a: Waterog|par\n|-formechange|p1a: Cramorant|Cramorant|\n|faint|p1a: Cramorant\n|\n|upkeep\n|\n|t:|1699022462\n|switch|p1a: Garganacl|Garganacl, M|100\/100\n|turn|14\n|\n|t:|1699022467\n|move|p2a: Waterog|Hydro Pump|p1a: Garganacl\n|-supereffective|p1a: Garganacl\n|-ability|p1a: Garganacl|Sturdy\n|-damage|p1a: Garganacl|1\/100\n|move|p1a: Garganacl|Salt Cure|p2a: Waterog\n|-damage|p2a: Waterog|4\/100 par\n|-start|p2a: Waterog|Salt Cure\n|\n|-heal|p1a: Garganacl|7\/100|[from] item: Leftovers\n|-damage|p2a: Waterog|0 fnt|[from] Salt Cure\n|faint|p2a: Waterog\n|upkeep\n|\n|t:|1699022479\n|switch|p2a: The Mewdha|Mew, shiny|100\/100\n|turn|15\n|\n|t:|1699022485\n|move|p2a: The Mewdha|Draining Kiss|p1a: Garganacl\n|-damage|p1a: Garganacl|0 fnt\n|faint|p1a: Garganacl\n|\n|upkeep\n|\n|t:|1699022489\n|switch|p1a: Garchomp|Garchomp, F|100\/100\n|turn|16\n|\n|t:|1699022501\n|move|p1a: Garchomp|Iron Head|p2a: The Mewdha\n|-damage|p2a: The Mewdha|73\/100\n|cant|p2a: The Mewdha|flinch\n|\n|-heal|p2a: The Mewdha|79\/100|[from] item: Leftovers\n|upkeep\n|turn|17\n|\n|t:|1699022507\n|move|p1a: Garchomp|Iron Head|p2a: The Mewdha\n|-damage|p2a: The Mewdha|55\/100\n|move|p2a: The Mewdha|Draining Kiss|p1a: Garchomp\n|-supereffective|p1a: Garchomp\n|-damage|p1a: Garchomp|72\/100\n|-heal|p2a: The Mewdha|82\/100|[from] drain|[of] p1a: Garchomp\n|-damage|p2a: The Mewdha|69\/100|[from] ability: Rough Skin|[of] p1a: Garchomp\n|-damage|p2a: The Mewdha|53\/100|[from] item: Rocky Helmet|[of] p1a: Garchomp\n|\n|-heal|p2a: The Mewdha|59\/100|[from] item: Leftovers\n|upkeep\n|turn|18\n|\n|t:|1699022518\n|move|p1a: Garchomp|Earthquake|p2a: The Mewdha\n|-damage|p2a: The Mewdha|8\/100\n|move|p2a: The Mewdha|Draining Kiss|p1a: Garchomp\n|-supereffective|p1a: Garchomp\n|-damage|p1a: Garchomp|47\/100\n|-heal|p2a: The Mewdha|31\/100|[from] drain|[of] p1a: Garchomp\n|-damage|p2a: The Mewdha|18\/100|[from] ability: Rough Skin|[of] p1a: Garchomp\n|-damage|p2a: The Mewdha|2\/100|[from] item: Rocky Helmet|[of] p1a: Garchomp\n|\n|-heal|p2a: The Mewdha|8\/100|[from] item: Leftovers\n|upkeep\n|turn|19\n|\n|t:|1699022529\n|move|p1a: Garchomp|Iron Head|p2a: The Mewdha\n|-damage|p2a: The Mewdha|0 fnt\n|faint|p2a: The Mewdha\n|\n|upkeep\n|\n|t:|1699022532\n|switch|p2a: Garfunkel|Garchomp, M|100\/100\n|turn|20\n|\n|t:|1699022543\n|-terastallize|p1a: Garchomp|Dragon\n|move|p1a: Garchomp|Poison Jab|p2a: Garfunkel\n|-resisted|p2a: Garfunkel\n|-damage|p2a: Garfunkel|91\/100\n|-damage|p1a: Garchomp|35\/100|[from] ability: Rough Skin|[of] p2a: Garfunkel\n|-damage|p1a: Garchomp|18\/100|[from] item: Rocky Helmet|[of] p2a: Garfunkel\n|move|p2a: Garfunkel|Dragon Tail|p1a: Garchomp\n|-supereffective|p1a: Garchomp\n|-damage|p1a: Garchomp|0 fnt\n|-damage|p2a: Garfunkel|79\/100|[from] ability: Rough Skin|[of] p1a: Garchomp\n|-damage|p2a: Garfunkel|62\/100|[from] item: Rocky Helmet|[of] p1a: Garchomp\n|faint|p1a: Garchomp\n|\n|win|ppoxxffoxx\n|raw|Ratapoutou1's rating: 1139 &rarr; <strong>1112<\/strong><br \/>(-27 for losing)\n|raw|ppoxxffoxx's rating: 1111 &rarr; <strong>1138<\/strong><br \/>(+27 for winning)\n","uploadtime":1699022417,"views":6,"p1id":"ratapoutou1","p2id":"ppoxxffoxx","formatid":"gen9anythinggoes","rating":1112,"private":0,"password":""}