{"id":"gen9anythinggoes-1973363582","p1":"Nuclearstomp","p2":"spierdolinka","format":"[Gen 9] Anything Goes","log":"|j|\u2606Nuclearstomp\n|j|\u2606spierdolinka\n|t:|1697962122\n|gametype|singles\n|player|p1|Nuclearstomp|burglar-gen1rb|1246\n|player|p2|spierdolinka|cynthia|1254\n|teamsize|p1|6\n|teamsize|p2|6\n|gen|9\n|tier|[Gen 9] Anything Goes\n|rated|\n|rule|HP Percentage Mod: HP is shown in percentages\n|rule|Endless Battle Clause: Forcing endless battles is banned\n|clearpoke\n|poke|p1|Corviknight, M|\n|poke|p1|Bronzong|\n|poke|p1|Tinkaton, F|\n|poke|p1|Gholdengo|\n|poke|p1|Iron Treads|\n|poke|p1|Kingambit, M|\n|poke|p2|Corviknight, F|\n|poke|p2|Quagsire, M|\n|poke|p2|Zoroark-Hisui, M|\n|poke|p2|Skeledirge, M|\n|poke|p2|Meowscarada, F|\n|poke|p2|Quaquaval, M|\n|teampreview\n|inactive|Battle timer is ON: inactive players will automatically lose when time's up. (requested by Nuclearstomp)\n|\n|t:|1697962130\n|start\n|switch|p1a: Iron Treads|Iron Treads|100\/100\n|switch|p2a: Meowscarada|Meowscarada, F|100\/100\n|turn|1\n|\n|t:|1697962134\n|-end|p1a: Iron Treads|Quark Drive|[silent]\n|switch|p1a: Corviknight|Corviknight, M|100\/100\n|-ability|p1a: Corviknight|Pressure\n|move|p2a: Meowscarada|Trick|p1a: Corviknight\n|-activate|p2a: Meowscarada|move: Trick|[of] p1a: Corviknight\n|-item|p1a: Corviknight|Choice Scarf|[from] move: Trick\n|-item|p2a: Meowscarada|Leftovers|[from] move: Trick\n|\n|upkeep\n|turn|2\n|\n|t:|1697962144\n|move|p2a: Meowscarada|Bitter Malice|p1a: Corviknight\n|-damage|p1a: Corviknight|67\/100\n|-unboost|p1a: Corviknight|atk|1\n|move|p1a: Corviknight|U-turn|p2a: Meowscarada\n|-resisted|p2a: Meowscarada\n|-damage|p2a: Meowscarada|91\/100\n|replace|p2a: Zoroark|Zoroark-Hisui, M\n|-end|p2a: Zoroark|Illusion\n|\n|t:|1697962149\n|switch|p1a: Tinkaton|Tinkaton, F|100\/100|[from] U-turn\n|-ability|p1a: Tinkaton|Mold Breaker\n|\n|-heal|p2a: Zoroark|97\/100|[from] item: Leftovers\n|upkeep\n|turn|3\n|\n|t:|1697962155\n|move|p2a: Zoroark|Bitter Malice|p1a: Tinkaton\n|-damage|p1a: Tinkaton|76\/100\n|-unboost|p1a: Tinkaton|atk|1\n|move|p1a: Tinkaton|Gigaton Hammer|p2a: Zoroark\n|-damage|p2a: Zoroark|42\/100\n|\n|-heal|p2a: Zoroark|48\/100|[from] item: Leftovers\n|-heal|p1a: Tinkaton|83\/100|[from] item: Leftovers\n|upkeep\n|turn|4\n|\n|t:|1697962163\n|move|p2a: Zoroark|Bitter Malice|p1a: Tinkaton\n|-damage|p1a: Tinkaton|60\/100\n|-unboost|p1a: Tinkaton|atk|1\n|move|p1a: Tinkaton|Thunder Wave|p2a: Zoroark\n|-status|p2a: Zoroark|par\n|\n|-heal|p1a: Tinkaton|66\/100|[from] item: Leftovers\n|-heal|p2a: Zoroark|54\/100 par|[from] item: Leftovers\n|upkeep\n|turn|5\n|\n|t:|1697962177\n|move|p1a: Tinkaton|Knock Off|p2a: Zoroark\n|-supereffective|p2a: Zoroark\n|-damage|p2a: Zoroark|20\/100 par\n|-enditem|p2a: Zoroark|Leftovers|[from] move: Knock Off|[of] p1a: Tinkaton\n|move|p2a: Zoroark|Bitter Malice|p1a: Tinkaton\n|-damage|p1a: Tinkaton|44\/100\n|-unboost|p1a: Tinkaton|atk|1\n|\n|-heal|p1a: Tinkaton|50\/100|[from] item: Leftovers\n|upkeep\n|turn|6\n|\n|t:|1697962185\n|move|p1a: Tinkaton|Gigaton Hammer|p2a: Zoroark\n|-damage|p2a: Zoroark|0 fnt\n|faint|p2a: Zoroark\n|\n|-heal|p1a: Tinkaton|56\/100|[from] item: Leftovers\n|upkeep\n|\n|t:|1697962188\n|switch|p2a: Skeledirge|Skeledirge, M|100\/100\n|turn|7\n|\n|t:|1697962194\n|move|p2a: Skeledirge|Torch Song|p1a: Tinkaton\n|-supereffective|p1a: Tinkaton\n|-damage|p1a: Tinkaton|6\/100\n|-boost|p2a: Skeledirge|spa|1\n|move|p1a: Tinkaton|Knock Off|p2a: Skeledirge\n|-supereffective|p2a: Skeledirge\n|-damage|p2a: Skeledirge|87\/100\n|-enditem|p2a: Skeledirge|Leftovers|[from] move: Knock Off|[of] p1a: Tinkaton\n|\n|-heal|p1a: Tinkaton|12\/100|[from] item: Leftovers\n|upkeep\n|turn|8\n|\n|t:|1697962202\n|move|p2a: Skeledirge|Torch Song|p1a: Tinkaton\n|-supereffective|p1a: Tinkaton\n|-crit|p1a: Tinkaton\n|-damage|p1a: Tinkaton|0 fnt\n|-boost|p2a: Skeledirge|spa|1\n|faint|p1a: Tinkaton\n|\n|upkeep\n|\n|t:|1697962203\n|switch|p1a: Iron Treads|Iron Treads|100\/100\n|turn|9\n|\n|t:|1697962208\n|move|p1a: Iron Treads|Earthquake|p2a: Skeledirge\n|-supereffective|p2a: Skeledirge\n|-damage|p2a: Skeledirge|0 fnt\n|faint|p2a: Skeledirge\n|\n|upkeep\n|\n|t:|1697962211\n|switch|p2a: Corviknight|Corviknight, F, shiny|100\/100\n|turn|10\n|\n|t:|1697962213\n|-end|p1a: Iron Treads|Quark Drive|[silent]\n|switch|p1a: Gholdengo|Gholdengo|100\/100\n|move|p2a: Corviknight|Iron Defense|p2a: Corviknight\n|-boost|p2a: Corviknight|def|2\n|\n|upkeep\n|turn|11\n|\n|t:|1697962219\n|switch|p2a: Quagsire|Quagsire, M|100\/100\n|move|p1a: Gholdengo|Nasty Plot|p1a: Gholdengo\n|-boost|p1a: Gholdengo|spa|2\n|\n|upkeep\n|turn|12\n|\n|t:|1697962225\n|switch|p1a: Bronzong|Bronzong|100\/100\n|move|p2a: Quagsire|Earthquake|p1a: Bronzong\n|-supereffective|p1a: Bronzong\n|-damage|p1a: Bronzong|51\/100\n|\n|-heal|p1a: Bronzong|57\/100|[from] item: Leftovers\n|upkeep\n|turn|13\n|\n|t:|1697962232\n|move|p2a: Quagsire|Earthquake|p1a: Bronzong\n|-supereffective|p1a: Bronzong\n|-damage|p1a: Bronzong|7\/100\n|move|p1a: Bronzong|Future Sight|p2a: Quagsire\n|-start|p1a: Bronzong|move: Future Sight\n|\n|-heal|p1a: Bronzong|13\/100|[from] item: Leftovers\n|upkeep\n|turn|14\n|\n|t:|1697962235\n|move|p1a: Bronzong|Protect|p1a: Bronzong\n|-singleturn|p1a: Bronzong|Protect\n|move|p2a: Quagsire|Earthquake|p1a: Bronzong\n|-activate|p1a: Bronzong|move: Protect\n|\n|-heal|p1a: Bronzong|19\/100|[from] item: Leftovers\n|upkeep\n|turn|15\n|\n|t:|1697962240\n|move|p2a: Quagsire|Earthquake|p1a: Bronzong\n|-supereffective|p1a: Bronzong\n|-damage|p1a: Bronzong|0 fnt\n|faint|p1a: Bronzong\n|\n|-end|p2a: Quagsire|move: Future Sight\n|-damage|p2a: Quagsire|65\/100\n|-heal|p2a: Quagsire|72\/100|[from] item: Leftovers\n|upkeep\n|\n|t:|1697962253\n|switch|p1a: Iron Treads|Iron Treads|100\/100\n|turn|16\n|\n|t:|1697962258\n|move|p1a: Iron Treads|Earthquake|p2a: Quagsire\n|-damage|p2a: Quagsire|11\/100\n|move|p2a: Quagsire|Earthquake|p1a: Iron Treads\n|-supereffective|p1a: Iron Treads\n|-damage|p1a: Iron Treads|50\/100\n|\n|-heal|p2a: Quagsire|18\/100|[from] item: Leftovers\n|upkeep\n|turn|17\n|\n|t:|1697962263\n|move|p1a: Iron Treads|Earthquake|p2a: Quagsire\n|-damage|p2a: Quagsire|0 fnt\n|faint|p2a: Quagsire\n|\n|upkeep\n|\n|t:|1697962266\n|switch|p2a: Quaquaval|Quaquaval, M|100\/100\n|turn|18\n|\n|t:|1697962269\n|move|p1a: Iron Treads|Earthquake|p2a: Quaquaval\n|-damage|p2a: Quaquaval|13\/100\n|move|p2a: Quaquaval|Aqua Step|p1a: Iron Treads\n|-supereffective|p1a: Iron Treads\n|-damage|p1a: Iron Treads|0 fnt\n|-boost|p2a: Quaquaval|spe|1\n|faint|p1a: Iron Treads\n|-end|p1a: Iron Treads|Quark Drive|[silent]\n|-ability|p2a: Quaquaval|Moxie|boost\n|-boost|p2a: Quaquaval|atk|1\n|\n|upkeep\n|\n|t:|1697962271\n|switch|p1a: Kingambit|Kingambit, M|100\/100\n|-activate|p1a: Kingambit|ability: Supreme Overlord\n|-start|p1a: Kingambit|fallen3|[silent]\n|turn|19\n|\n|t:|1697962275\n|move|p1a: Kingambit|Sucker Punch|p2a: Quaquaval\n|-resisted|p2a: Quaquaval\n|-damage|p2a: Quaquaval|0 fnt\n|faint|p2a: Quaquaval\n|-damage|p1a: Kingambit|91\/100|[from] item: Life Orb\n|\n|upkeep\n|\n|t:|1697962278\n|switch|p2a: Corviknight|Corviknight, F, shiny|100\/100\n|turn|20\n|\n|t:|1697962281\n|-end|p1a: Kingambit|fallen3|[silent]\n|switch|p1a: Gholdengo|Gholdengo|100\/100\n|move|p2a: Corviknight|Iron Defense|p2a: Corviknight\n|-boost|p2a: Corviknight|def|2\n|\n|upkeep\n|turn|21\n|\n|t:|1697962284\n|switch|p2a: Meowscarada|Meowscarada, F|100\/100\n|move|p1a: Gholdengo|Make It Rain|p2a: Meowscarada\n|-damage|p2a: Meowscarada|25\/100\n|-unboost|p1a: Gholdengo|spa|1\n|\n|upkeep\n|turn|22\n|\n|t:|1697962294\n|switch|p1a: Corviknight|Corviknight, M|67\/100\n|-ability|p1a: Corviknight|Pressure\n|move|p2a: Meowscarada|Knock Off|p1a: Corviknight\n|-start|p2a: Meowscarada|typechange|Dark|[from] ability: Protean\n|-crit|p1a: Corviknight\n|-damage|p1a: Corviknight|30\/100\n|-enditem|p1a: Corviknight|Choice Scarf|[from] move: Knock Off|[of] p2a: Meowscarada\n|\n|upkeep\n|turn|23\n|\n|t:|1697962305\n|move|p2a: Meowscarada|Flower Trick|p1a: Corviknight\n|-resisted|p1a: Corviknight\n|-crit|p1a: Corviknight\n|-damage|p1a: Corviknight|25\/100\n|move|p1a: Corviknight|U-turn|p2a: Meowscarada\n|-supereffective|p2a: Meowscarada\n|-damage|p2a: Meowscarada|0 fnt\n|faint|p2a: Meowscarada\n|\n|t:|1697962307\n|switch|p1a: Gholdengo|Gholdengo|100\/100|[from] U-turn\n|\n|upkeep\n|\n|t:|1697962311\n|switch|p2a: Corviknight|Corviknight, F, shiny|100\/100\n|turn|24\n|-message|spierdolinka forfeited.\n|\n|win|Nuclearstomp\n|raw|Nuclearstomp's rating: 1246 &rarr; <strong>1272<\/strong><br \/>(+26 for winning)\n|raw|spierdolinka's rating: 1254 &rarr; <strong>1228<\/strong><br \/>(-26 for losing)\n|l|\u2606spierdolinka\n","uploadtime":1697962317,"views":18,"p1id":"nuclearstomp","p2id":"spierdolinka","formatid":"gen9anythinggoes","rating":1228,"private":0,"password":""}