{"id":"gen9anythinggoes-1998712389","p1":"Khryce","p2":"Am Pokmon","format":"[Gen 9] Anything Goes","log":"|j|\u2606Khryce\n|j|\u2606Am Pokmon\n|t:|1700976338\n|gametype|singles\n|player|p1|Khryce|preschooler|1136\n|player|p2|Am Pokmon|gambler|1062\n|teamsize|p1|6\n|teamsize|p2|6\n|gen|9\n|tier|[Gen 9] Anything Goes\n|rated|\n|rule|HP Percentage Mod: HP is shown in percentages\n|rule|Endless Battle Clause: Forcing endless battles is banned\n|clearpoke\n|poke|p1|Sylveon, M|\n|poke|p1|Dudunsparce-*, M|\n|poke|p1|Dragapult, F|\n|poke|p1|Chandelure, F|\n|poke|p1|Seviper, M|\n|poke|p1|Skeledirge, F|\n|poke|p2|Drifblim, M|\n|poke|p2|Quaquaval, M|\n|poke|p2|Zangoose, F|\n|poke|p2|Alomomola, M|\n|poke|p2|Dudunsparce-*, F|\n|poke|p2|Flutter Mane|\n|teampreview\n|inactive|Battle timer is ON: inactive players will automatically lose when time's up. (requested by Khryce)\n|\n|t:|1700976345\n|start\n|switch|p1a: Dudunsparce|Dudunsparce-Three-Segment, M|100\/100\n|switch|p2a: Drif|Drifblim, M|100\/100\n|turn|1\n|\n|t:|1700976351\n|switch|p1a: Sylveon|Sylveon, M|100\/100\n|move|p2a: Drif|Minimize|p2a: Drif\n|-boost|p2a: Drif|evasion|2\n|\n|upkeep\n|turn|2\n|\n|t:|1700976358\n|move|p2a: Drif|Minimize|p2a: Drif\n|-boost|p2a: Drif|evasion|2\n|move|p1a: Sylveon|Calm Mind|p1a: Sylveon\n|-boost|p1a: Sylveon|spa|1\n|-boost|p1a: Sylveon|spd|1\n|\n|upkeep\n|turn|3\n|\n|t:|1700976363\n|move|p2a: Drif|Minimize|p2a: Drif\n|-boost|p2a: Drif|evasion|2\n|move|p1a: Sylveon|Calm Mind|p1a: Sylveon\n|-boost|p1a: Sylveon|spa|1\n|-boost|p1a: Sylveon|spd|1\n|\n|upkeep\n|turn|4\n|\n|t:|1700976369\n|move|p2a: Drif|Calm Mind|p2a: Drif\n|-boost|p2a: Drif|spa|1\n|-boost|p2a: Drif|spd|1\n|move|p1a: Sylveon|Calm Mind|p1a: Sylveon\n|-boost|p1a: Sylveon|spa|1\n|-boost|p1a: Sylveon|spd|1\n|\n|upkeep\n|turn|5\n|\n|t:|1700976374\n|move|p2a: Drif|Calm Mind|p2a: Drif\n|-boost|p2a: Drif|spa|1\n|-boost|p2a: Drif|spd|1\n|move|p1a: Sylveon|Calm Mind|p1a: Sylveon\n|-boost|p1a: Sylveon|spa|1\n|-boost|p1a: Sylveon|spd|1\n|\n|upkeep\n|turn|6\n|\n|t:|1700976379\n|move|p2a: Drif|Calm Mind|p2a: Drif\n|-boost|p2a: Drif|spa|1\n|-boost|p2a: Drif|spd|1\n|move|p1a: Sylveon|Calm Mind|p1a: Sylveon\n|-boost|p1a: Sylveon|spa|1\n|-boost|p1a: Sylveon|spd|1\n|\n|upkeep\n|turn|7\n|\n|t:|1700976385\n|move|p2a: Drif|Calm Mind|p2a: Drif\n|-boost|p2a: Drif|spa|1\n|-boost|p2a: Drif|spd|1\n|move|p1a: Sylveon|Calm Mind|p1a: Sylveon\n|-boost|p1a: Sylveon|spa|1\n|-boost|p1a: Sylveon|spd|1\n|\n|upkeep\n|turn|8\n|\n|t:|1700976390\n|move|p2a: Drif|Substitute|p2a: Drif\n|-start|p2a: Drif|Substitute\n|-damage|p2a: Drif|75\/100\n|move|p1a: Sylveon|Roar|p2a: Drif\n|drag|p2a: Zang|Zangoose, F|100\/100\n|\n|upkeep\n|turn|9\n|\n|t:|1700976399\n|move|p2a: Zang|Agility|p2a: Zang\n|-boost|p2a: Zang|spe|2\n|move|p1a: Sylveon|Hyper Voice|p2a: Zang\n|-damage|p2a: Zang|0 fnt\n|faint|p2a: Zang\n|\n|upkeep\n|-message|Am Pokmon forfeited.\n|\n|win|Khryce\n|raw|Khryce's rating: 1136 &rarr; <strong>1156<\/strong><br \/>(+20 for winning)\n|raw|Am Pokmon's rating: 1062 &rarr; <strong>1047<\/strong><br \/>(-15 for losing)\n|l|\u2606Am Pokmon\n","uploadtime":1700976409,"views":10,"p1id":"khryce","p2id":"ampokmon","formatid":"gen9anythinggoes","rating":1047,"private":0,"password":""}