{"id":"gen9anythinggoes-1978106498","p1":"Veteran Doggo","p2":"garcump","format":"[Gen 9] Anything Goes","log":"|j|\u2606Veteran Doggo\n|j|\u2606garcump\n|t:|1698500130\n|gametype|singles\n|player|p1|Veteran Doggo|veteran|1063\n|player|p2|garcump|scientist-gen4dp|1000\n|teamsize|p1|6\n|teamsize|p2|6\n|gen|9\n|tier|[Gen 9] Anything Goes\n|rated|\n|rule|HP Percentage Mod: HP is shown in percentages\n|rule|Endless Battle Clause: Forcing endless battles is banned\n|clearpoke\n|poke|p1|Arcanine, M|\n|poke|p1|Lycanroc-Dusk, M|\n|poke|p1|Lucario, F|\n|poke|p1|Houndstone, F|\n|poke|p1|Umbreon, M|\n|poke|p1|Ninetales-Alola, M|\n|poke|p2|Lucario, F|\n|poke|p2|Garchomp, M|\n|poke|p2|Slaking, M|\n|poke|p2|Quaquaval, M|\n|poke|p2|Ceruledge, F|\n|poke|p2|Hatterene, F|\n|teampreview\n|\n|t:|1698500146\n|start\n|switch|p1a: Arcanine|Arcanine, M|100\/100\n|switch|p2a: punch punch|Lucario, F, shiny|100\/100\n|-ability|p1a: Arcanine|Intimidate|boost\n|-fail|p2a: punch punch|unboost|Attack|[from] ability: Inner Focus|[of] p2a: punch punch\n|turn|1\n|\n|t:|1698500163\n|switch|p2a: ducky|Quaquaval, M|100\/100\n|move|p1a: Arcanine|Overheat|p2a: ducky\n|-resisted|p2a: ducky\n|-damage|p2a: ducky|69\/100\n|-unboost|p1a: Arcanine|spa|2\n|-enditem|p1a: Arcanine|White Herb\n|-clearnegativeboost|p1a: Arcanine|[silent]\n|\n|upkeep\n|turn|2\n|\n|t:|1698500173\n|move|p1a: Arcanine|Wild Charge|p2a: ducky\n|-supereffective|p2a: ducky\n|-damage|p2a: ducky|12\/100\n|-damage|p1a: Arcanine|84\/100|[from] item: Rocky Helmet|[of] p2a: ducky\n|-damage|p1a: Arcanine|70\/100|[from] Recoil\n|move|p2a: ducky|Rain Dance|p2a: ducky\n|-weather|RainDance\n|\n|-weather|RainDance|[upkeep]\n|upkeep\n|turn|3\n|\n|t:|1698500187\n|move|p1a: Arcanine|Extreme Speed|p2a: ducky\n|-damage|p2a: ducky|0 fnt\n|-damage|p1a: Arcanine|53\/100|[from] item: Rocky Helmet|[of] p2a: ducky\n|faint|p2a: ducky\n|\n|-weather|RainDance|[upkeep]\n|upkeep\n|\n|t:|1698500210\n|switch|p2a: chunky boy|Slaking, M|100\/100\n|turn|4\n|\n|t:|1698500227\n|move|p1a: Arcanine|Close Combat|p2a: chunky boy\n|-supereffective|p2a: chunky boy\n|-damage|p2a: chunky boy|54\/100\n|-unboost|p1a: Arcanine|def|1\n|-unboost|p1a: Arcanine|spd|1\n|move|p2a: chunky boy|Body Slam|p1a: Arcanine\n|-damage|p1a: Arcanine|0 fnt\n|faint|p1a: Arcanine\n|\n|-weather|RainDance|[upkeep]\n|upkeep\n|\n|t:|1698500238\n|switch|p1a: Lucario|Lucario, F|100\/100\n|turn|5\n|\n|t:|1698500256\n|move|p1a: Lucario|Swords Dance|p1a: Lucario\n|-boost|p1a: Lucario|atk|2\n|cant|p2a: chunky boy|ability: Truant\n|\n|-weather|RainDance|[upkeep]\n|upkeep\n|turn|6\n|\n|t:|1698500268\n|switch|p2a: firefly|Ceruledge, F|100\/100\n|move|p1a: Lucario|Drain Punch|p2a: firefly\n|-immune|p2a: firefly\n|\n|-weather|none\n|upkeep\n|turn|7\n|\n|t:|1698500285\n|switch|p1a: Lycanroc|Lycanroc-Dusk, M|100\/100\n|move|p2a: firefly|Sunny Day|p2a: firefly\n|-weather|SunnyDay\n|\n|-weather|SunnyDay|[upkeep]\n|upkeep\n|turn|8\n|\n|t:|1698500301\n|switch|p2a: punch punch|Lucario, F, shiny|100\/100\n|move|p1a: Lycanroc|Swords Dance|p1a: Lycanroc\n|-boost|p1a: Lycanroc|atk|2\n|\n|-weather|SunnyDay|[upkeep]\n|upkeep\n|turn|9\n|\n|t:|1698500314\n|move|p1a: Lycanroc|Swords Dance|p1a: Lycanroc\n|-boost|p1a: Lycanroc|atk|2\n|move|p2a: punch punch|Ice Punch|p1a: Lycanroc\n|-damage|p1a: Lycanroc|64\/100\n|\n|-weather|SunnyDay|[upkeep]\n|upkeep\n|turn|10\n|\n|t:|1698500331\n|move|p1a: Lycanroc|Endeavor|p2a: punch punch\n|-damage|p2a: punch punch|61\/100\n|move|p2a: punch punch|Flash Cannon|p1a: Lycanroc\n|-supereffective|p1a: Lycanroc\n|-damage|p1a: Lycanroc|0 fnt\n|faint|p1a: Lycanroc\n|\n|-weather|SunnyDay|[upkeep]\n|upkeep\n|\n|t:|1698500343\n|switch|p1a: Lucario|Lucario, F|100\/100\n|turn|11\n|\n|t:|1698500351\n|-terastallize|p1a: Lucario|Fighting\n|move|p1a: Lucario|Drain Punch|p2a: punch punch\n|-supereffective|p2a: punch punch\n|-damage|p2a: punch punch|0 fnt\n|faint|p2a: punch punch\n|\n|-weather|none\n|upkeep\n|\n|t:|1698500362\n|switch|p2a: hattie|Hatterene, F|100\/100\n|turn|12\n|\n|t:|1698500371\n|move|p1a: Lucario|Swords Dance|p1a: Lucario\n|-boost|p1a: Lucario|atk|2\n|move|p2a: hattie|Dazzling Gleam|p1a: Lucario\n|-supereffective|p1a: Lucario\n|-damage|p1a: Lucario|0 fnt\n|faint|p1a: Lucario\n|\n|upkeep\n|\n|t:|1698500396\n|switch|p1a: Ninetales|Ninetales-Alola, M|100\/100\n|turn|13\n|\n|t:|1698500405\n|move|p1a: Ninetales|Snowscape|p1a: Ninetales\n|-weather|Snow\n|move|p2a: hattie|Thunder Wave|p1a: Ninetales\n|-status|p1a: Ninetales|par\n|\n|-weather|Snow|[upkeep]\n|upkeep\n|turn|14\n|\n|t:|1698500413\n|cant|p1a: Ninetales|par\n|move|p2a: hattie|Facade|p1a: Ninetales|[miss]\n|-miss|p2a: hattie|p1a: Ninetales\n|\n|-weather|Snow|[upkeep]\n|upkeep\n|turn|15\n|\n|t:|1698500420\n|cant|p1a: Ninetales|par\n|move|p2a: hattie|Facade|p1a: Ninetales\n|-damage|p1a: Ninetales|87\/100 par\n|\n|-weather|Snow|[upkeep]\n|upkeep\n|turn|16\n|\n|t:|1698500431\n|move|p1a: Ninetales|Blizzard|p2a: hattie\n|-damage|p2a: hattie|30\/100\n|-damage|p1a: Ninetales|77\/100 par|[from] item: Life Orb\n|move|p2a: hattie|Psychic|p1a: Ninetales\n|-damage|p1a: Ninetales|19\/100 par\n|\n|-weather|Snow|[upkeep]\n|upkeep\n|turn|17\n|\n|t:|1698500443\n|move|p1a: Ninetales|Blizzard|p2a: hattie\n|-damage|p2a: hattie|0 fnt\n|faint|p2a: hattie\n|-damage|p1a: Ninetales|9\/100 par|[from] item: Life Orb\n|\n|-weather|none\n|upkeep\n|\n|t:|1698500450\n|switch|p2a: chunky boy|Slaking, M|54\/100\n|turn|18\n|\n|t:|1698500457\n|move|p2a: chunky boy|Body Slam|p1a: Ninetales\n|-damage|p1a: Ninetales|0 fnt\n|faint|p1a: Ninetales\n|\n|upkeep\n|\n|t:|1698500466\n|switch|p1a: Umbreon|Umbreon, M|100\/100\n|turn|19\n|\n|t:|1698500474\n|cant|p2a: chunky boy|ability: Truant\n|move|p1a: Umbreon|Wish|p1a: Umbreon\n|\n|upkeep\n|turn|20\n|\n|t:|1698500480\n|move|p2a: chunky boy|Drain Punch|p1a: Umbreon\n|-supereffective|p1a: Umbreon\n|-damage|p1a: Umbreon|45\/100\n|-heal|p2a: chunky boy|79\/100|[from] drain|[of] p1a: Umbreon\n|move|p1a: Umbreon|Toxic|p2a: chunky boy\n|-status|p2a: chunky boy|tox\n|\n|-heal|p1a: Umbreon|95\/100|[from] move: Wish|[wisher] Umbreon\n|-heal|p1a: Umbreon|100\/100|[from] item: Leftovers\n|-damage|p2a: chunky boy|73\/100 tox|[from] psn\n|upkeep\n|turn|21\n|\n|t:|1698500491\n|cant|p2a: chunky boy|ability: Truant\n|move|p1a: Umbreon|Wish|p1a: Umbreon\n|\n|-damage|p2a: chunky boy|60\/100 tox|[from] psn\n|upkeep\n|turn|22\n|\n|t:|1698500497\n|move|p1a: Umbreon|Protect|p1a: Umbreon\n|-singleturn|p1a: Umbreon|Protect\n|move|p2a: chunky boy|Drain Punch|p1a: Umbreon\n|-activate|p1a: Umbreon|move: Protect\n|\n|-damage|p2a: chunky boy|42\/100 tox|[from] psn\n|upkeep\n|turn|23\n|\n|t:|1698500509\n|cant|p2a: chunky boy|ability: Truant\n|move|p1a: Umbreon|Wish|p1a: Umbreon\n|\n|-damage|p2a: chunky boy|18\/100 tox|[from] psn\n|upkeep\n|turn|24\n|\n|t:|1698500515\n|move|p1a: Umbreon|Protect|p1a: Umbreon\n|-singleturn|p1a: Umbreon|Protect\n|move|p2a: chunky boy|Drain Punch|p1a: Umbreon\n|-activate|p1a: Umbreon|move: Protect\n|\n|-damage|p2a: chunky boy|0 fnt|[from] psn\n|faint|p2a: chunky boy\n|upkeep\n|\n|t:|1698500528\n|switch|p2a: firefly|Ceruledge, F|100\/100\n|turn|25\n|\n|t:|1698500534\n|move|p1a: Umbreon|Toxic|p2a: firefly\n|-status|p2a: firefly|tox\n|move|p2a: firefly|Bitter Blade|p1a: Umbreon\n|-damage|p1a: Umbreon|56\/100\n|\n|-heal|p1a: Umbreon|62\/100|[from] item: Leftovers\n|-damage|p2a: firefly|94\/100 tox|[from] psn\n|upkeep\n|turn|26\n|\n|t:|1698500549\n|-terastallize|p2a: firefly|Psychic\n|move|p1a: Umbreon|Wish|p1a: Umbreon\n|move|p2a: firefly|Psycho Cut|p1a: Umbreon\n|-immune|p1a: Umbreon\n|\n|-heal|p1a: Umbreon|69\/100|[from] item: Leftovers\n|-damage|p2a: firefly|82\/100 tox|[from] psn\n|upkeep\n|turn|27\n|\n|t:|1698500558\n|move|p1a: Umbreon|Protect|p1a: Umbreon\n|-singleturn|p1a: Umbreon|Protect\n|move|p2a: firefly|Bitter Blade|p1a: Umbreon\n|-activate|p1a: Umbreon|move: Protect\n|\n|-heal|p1a: Umbreon|100\/100|[from] move: Wish|[wisher] Umbreon\n|-damage|p2a: firefly|63\/100 tox|[from] psn\n|upkeep\n|turn|28\n|c|\u2606garcump|stop it\n|\n|t:|1698500572\n|switch|p2a: molly|Garchomp, M|100\/100\n|move|p1a: Umbreon|Wish|p1a: Umbreon\n|\n|upkeep\n|turn|29\n|\n|t:|1698500591\n|move|p2a: molly|Dragon Claw|p1a: Umbreon\n|-damage|p1a: Umbreon|57\/100\n|move|p1a: Umbreon|Toxic|p2a: molly|[miss]\n|-miss|p1a: Umbreon|p2a: molly\n|\n|-heal|p1a: Umbreon|100\/100|[from] move: Wish|[wisher] Umbreon\n|upkeep\n|turn|30\n|c|\u2606Veteran Doggo|hahahahah\n|\n|t:|1698500599\n|move|p2a: molly|Dragon Claw|p1a: Umbreon\n|-damage|p1a: Umbreon|59\/100\n|move|p1a: Umbreon|Toxic|p2a: molly\n|-status|p2a: molly|tox\n|\n|-heal|p1a: Umbreon|65\/100|[from] item: Leftovers\n|-damage|p2a: molly|94\/100 tox|[from] psn\n|upkeep\n|turn|31\n|\n|t:|1698500608\n|move|p2a: molly|Dragon Claw|p1a: Umbreon\n|-damage|p1a: Umbreon|21\/100\n|move|p1a: Umbreon|Wish|p1a: Umbreon\n|\n|-heal|p1a: Umbreon|27\/100|[from] item: Leftovers\n|-damage|p2a: molly|82\/100 tox|[from] psn\n|upkeep\n|turn|32\n|\n|t:|1698500616\n|move|p1a: Umbreon|Protect|p1a: Umbreon\n|-singleturn|p1a: Umbreon|Protect\n|move|p2a: molly|Dragon Claw|p1a: Umbreon\n|-activate|p1a: Umbreon|move: Protect\n|\n|-heal|p1a: Umbreon|77\/100|[from] move: Wish|[wisher] Umbreon\n|-heal|p1a: Umbreon|83\/100|[from] item: Leftovers\n|-damage|p2a: molly|64\/100 tox|[from] psn\n|upkeep\n|turn|33\n|c|\u2606garcump|coward\n|\n|t:|1698500645\n|move|p2a: molly|Swords Dance|p2a: molly\n|-boost|p2a: molly|atk|2\n|move|p1a: Umbreon|Wish|p1a: Umbreon\n|\n|-heal|p1a: Umbreon|90\/100|[from] item: Leftovers\n|-damage|p2a: molly|39\/100 tox|[from] psn\n|upkeep\n|turn|34\n|\n|t:|1698500652\n|move|p1a: Umbreon|Protect|p1a: Umbreon\n|-singleturn|p1a: Umbreon|Protect\n|move|p2a: molly|Dragon Claw|p1a: Umbreon\n|-activate|p1a: Umbreon|move: Protect\n|\n|-heal|p1a: Umbreon|100\/100|[from] move: Wish|[wisher] Umbreon\n|-damage|p2a: molly|8\/100 tox|[from] psn\n|upkeep\n|turn|35\n|\n|t:|1698500663\n|move|p2a: molly|Dragon Claw|p1a: Umbreon\n|-damage|p1a: Umbreon|16\/100\n|move|p1a: Umbreon|Moonlight|p1a: Umbreon\n|-heal|p1a: Umbreon|66\/100\n|\n|-heal|p1a: Umbreon|73\/100|[from] item: Leftovers\n|-damage|p2a: molly|0 fnt|[from] psn\n|faint|p2a: molly\n|upkeep\n|\n|t:|1698500672\n|switch|p2a: firefly|Ceruledge, F, tera:Psychic|63\/100 tox\n|turn|36\n|c|\u2606Veteran Doggo|oof\n|\n|t:|1698500680\n|move|p1a: Umbreon|Wish|p1a: Umbreon\n|move|p2a: firefly|Bitter Blade|p1a: Umbreon\n|-damage|p1a: Umbreon|22\/100\n|-heal|p2a: firefly|97\/100 tox|[from] drain|[of] p1a: Umbreon\n|\n|-heal|p1a: Umbreon|28\/100|[from] item: Leftovers\n|-damage|p2a: firefly|91\/100 tox|[from] psn\n|upkeep\n|turn|37\n|\n|t:|1698500689\n|move|p1a: Umbreon|Protect|p1a: Umbreon\n|-singleturn|p1a: Umbreon|Protect\n|move|p2a: firefly|Bitter Blade|p1a: Umbreon\n|-activate|p1a: Umbreon|move: Protect\n|\n|-heal|p1a: Umbreon|78\/100|[from] move: Wish|[wisher] Umbreon\n|-heal|p1a: Umbreon|85\/100|[from] item: Leftovers\n|-damage|p2a: firefly|79\/100 tox|[from] psn\n|upkeep\n|turn|38\n|\n|t:|1698500701\n|move|p1a: Umbreon|Wish|p1a: Umbreon\n|move|p2a: firefly|Bitter Blade|p1a: Umbreon\n|-damage|p1a: Umbreon|33\/100\n|-heal|p2a: firefly|100\/100 tox|[from] drain|[of] p1a: Umbreon\n|\n|-heal|p1a: Umbreon|39\/100|[from] item: Leftovers\n|-damage|p2a: firefly|82\/100 tox|[from] psn\n|upkeep\n|turn|39\n|\n|t:|1698500710\n|move|p1a: Umbreon|Protect|p1a: Umbreon\n|-singleturn|p1a: Umbreon|Protect\n|move|p2a: firefly|Bitter Blade|p1a: Umbreon\n|-activate|p1a: Umbreon|move: Protect\n|\n|-heal|p1a: Umbreon|89\/100|[from] move: Wish|[wisher] Umbreon\n|-heal|p1a: Umbreon|95\/100|[from] item: Leftovers\n|-damage|p2a: firefly|57\/100 tox|[from] psn\n|upkeep\n|turn|40\n|\n|t:|1698500721\n|move|p1a: Umbreon|Wish|p1a: Umbreon\n|move|p2a: firefly|Swords Dance|p2a: firefly\n|-boost|p2a: firefly|atk|2\n|\n|-heal|p1a: Umbreon|100\/100|[from] item: Leftovers\n|-damage|p2a: firefly|26\/100 tox|[from] psn\n|upkeep\n|turn|41\n|\n|t:|1698500728\n|move|p1a: Umbreon|Protect|p1a: Umbreon\n|-singleturn|p1a: Umbreon|Protect\n|move|p2a: firefly|Bitter Blade|p1a: Umbreon\n|-activate|p1a: Umbreon|move: Protect\n|\n|-damage|p2a: firefly|0 fnt|[from] psn\n|faint|p2a: firefly\n|\n|win|Veteran Doggo\n|upkeep\n|raw|Veteran Doggo's rating: 1063 &rarr; <strong>1088<\/strong><br \/>(+25 for winning)\n|raw|garcump's rating: 1000 &rarr; <strong>1000<\/strong><br \/>(+0 for losing)\n|l|\u2606garcump\n|c|\u2606Veteran Doggo|doggo power!!!\n","uploadtime":1698500747,"views":9,"p1id":"veterandoggo","p2id":"garcump","formatid":"gen9anythinggoes","rating":1000,"private":0,"password":""}