{"id":"gen9anythinggoes-1984130950","p1":"AliB_16","p2":"MarquitosVilar2","format":"[Gen 9] Anything Goes","log":"|j|\u2606AliB_16\n|j|\u2606MarquitosVilar2\n|t:|1699221896\n|gametype|singles\n|player|p1|AliB_16|byron|\n|player|p2|MarquitosVilar2|1|\n|teamsize|p1|6\n|teamsize|p2|6\n|gen|9\n|tier|[Gen 9] Anything Goes\n|rule|HP Percentage Mod: HP is shown in percentages\n|rule|Endless Battle Clause: Forcing endless battles is banned\n|clearpoke\n|poke|p1|Wattrel, L17, F|\n|poke|p1|Venonat, L17, F|\n|poke|p1|Quaxwell, L17, F|\n|poke|p1|Phanpy, L17, M|\n|poke|p1|Tinkatink, L17, F|\n|poke|p1|Litleo, L17, F|\n|poke|p2|Crocalor, L17, F|\n|poke|p2|Raichu, L17, F|\n|poke|p2|Bellibolt, L17, M|\n|poke|p2|Toedscool, L17, F|\n|poke|p2|Greavard, L17, F|\n|poke|p2|Rookidee, L17, M|\n|teampreview\n|inactive|Battle timer is ON: inactive players will automatically lose when time's up. (requested by AliB_16)\n|inactive|AliB_16 has 270 seconds left.\n|inactive|MarquitosVilar2 has 270 seconds left.\n|inactive|AliB_16 has 240 seconds left.\n|inactive|MarquitosVilar2 has 240 seconds left.\n|\n|t:|1699221981\n|start\n|switch|p1a: Mamny|Phanpy, L17, M|100\/100\n|switch|p2a: Infinitus|Bellibolt, L17, M|100\/100\n|turn|1\n|\n|t:|1699221990\n|switch|p2a: Titanium|Rookidee, L17, M|100\/100\n|move|p1a: Mamny|Bulldoze|p2a: Titanium\n|-immune|p2a: Titanium\n|\n|upkeep\n|turn|2\n|\n|t:|1699222002\n|move|p2a: Titanium|Pluck|p1a: Mamny\n|-damage|p1a: Mamny|83\/100\n|move|p1a: Mamny|Trailblaze|p2a: Titanium\n|-resisted|p2a: Titanium\n|-damage|p2a: Titanium|90\/100\n|-boost|p1a: Mamny|spe|1\n|\n|upkeep\n|turn|3\n|\n|t:|1699222014\n|move|p1a: Mamny|Defense Curl|p1a: Mamny\n|-boost|p1a: Mamny|def|1\n|move|p2a: Titanium|Leer|p1a: Mamny\n|-unboost|p1a: Mamny|def|1\n|\n|upkeep\n|turn|4\n|\n|t:|1699222020\n|move|p1a: Mamny|Rollout|p2a: Titanium\n|-supereffective|p2a: Titanium\n|-damage|p2a: Titanium|39\/100\n|move|p2a: Titanium|Leer|p1a: Mamny\n|-unboost|p1a: Mamny|def|1\n|\n|upkeep\n|turn|5\n|\n|t:|1699222028\n|switch|p2a: Infinitus2|Toedscool, L17, F|100\/100\n|move|p1a: Mamny|Rollout|p2a: Infinitus2|[from]lockedmove\n|-resisted|p2a: Infinitus2\n|-damage|p2a: Infinitus2|77\/100\n|\n|upkeep\n|turn|6\n|\n|t:|1699222035\n|move|p1a: Mamny|Rollout|p2a: Infinitus2|[from]lockedmove\n|-resisted|p2a: Infinitus2\n|-damage|p2a: Infinitus2|34\/100\n|move|p2a: Infinitus2|Mega Drain|p1a: Mamny\n|-supereffective|p1a: Mamny\n|-damage|p1a: Mamny|55\/100\n|-heal|p2a: Infinitus2|58\/100|[from] drain|[of] p1a: Mamny\n|\n|upkeep\n|turn|7\n|\n|t:|1699222044\n|switch|p2a: Titanium|Rookidee, L17, M|39\/100\n|move|p1a: Mamny|Rollout|p2a: Titanium|[from]lockedmove\n|-supereffective|p2a: Titanium\n|-damage|p2a: Titanium|0 fnt\n|faint|p2a: Titanium\n|\n|upkeep\n|\n|t:|1699222052\n|switch|p2a: Pochis|Greavard, L17, F|100\/100\n|turn|8\n|\n|t:|1699222063\n|move|p1a: Mamny|Rollout|p2a: Pochis|[from]lockedmove\n|-damage|p2a: Pochis|0 fnt\n|faint|p2a: Pochis\n|\n|upkeep\n|\n|t:|1699222067\n|switch|p2a: TvMoy|Raichu, L17, F|100\/100\n|turn|9\n|\n|t:|1699222072\n|move|p2a: TvMoy|Surf|p1a: Mamny\n|-supereffective|p1a: Mamny\n|-damage|p1a: Mamny|0 fnt\n|faint|p1a: Mamny\n|\n|upkeep\n|\n|t:|1699222080\n|switch|p1a: Marteau|Tinkatink, L17, F|100\/100\n|-ability|p1a: Marteau|Mold Breaker\n|turn|10\n|\n|t:|1699222086\n|switch|p2a: Prabris2|Crocalor, L17, F, shiny|100\/100\n|move|p1a: Marteau|Rock Tomb|p2a: Prabris2\n|-supereffective|p2a: Prabris2\n|-damage|p2a: Prabris2|58\/100\n|-unboost|p2a: Prabris2|spe|1\n|\n|upkeep\n|turn|11\n|\n|t:|1699222095\n|switch|p1a: Samba|Quaxwell, L17, F|100\/100\n|move|p2a: Prabris2|Incinerate|p1a: Samba\n|-resisted|p1a: Samba\n|-damage|p1a: Samba|74\/100\n|\n|upkeep\n|turn|12\n|\n|t:|1699222109\n|switch|p2a: Infinitus2|Toedscool, L17, F|58\/100\n|move|p1a: Samba|Aqua Jet|p2a: Infinitus2\n|-damage|p2a: Infinitus2|24\/100\n|\n|upkeep\n|turn|13\n|\n|t:|1699222116\n|move|p1a: Samba|Aqua Jet|p2a: Infinitus2\n|-damage|p2a: Infinitus2|0 fnt\n|faint|p2a: Infinitus2\n|\n|upkeep\n|\n|t:|1699222122\n|switch|p2a: TvMoy|Raichu, L17, F|100\/100\n|turn|14\n|\n|t:|1699222131\n|move|p1a: Samba|Aqua Jet|p2a: TvMoy\n|-damage|p2a: TvMoy|60\/100\n|move|p2a: TvMoy|Thunderbolt|p1a: Samba\n|-supereffective|p1a: Samba\n|-damage|p1a: Samba|0 fnt\n|faint|p1a: Samba\n|\n|upkeep\n|\n|t:|1699222135\n|switch|p1a: Venillion|Venonat, L17, F|100\/100\n|turn|15\n|\n|t:|1699222145\n|switch|p2a: Prabris2|Crocalor, L17, F, shiny|58\/100\n|move|p1a: Venillion|Bug Bite|p2a: Prabris2\n|-resisted|p2a: Prabris2\n|-damage|p2a: Prabris2|45\/100\n|\n|upkeep\n|turn|16\n|\n|t:|1699222156\n|switch|p1a: Roars|Litleo, L17, F|100\/100\n|move|p2a: Prabris2|Mud-Slap|p1a: Roars\n|-supereffective|p1a: Roars\n|-damage|p1a: Roars|78\/100\n|-unboost|p1a: Roars|accuracy|1\n|\n|upkeep\n|turn|17\n|\n|t:|1699222164\n|move|p1a: Roars|Snarl|p2a: Prabris2|[miss]\n|-miss|p1a: Roars|p2a: Prabris2\n|move|p2a: Prabris2|Mud-Slap|p1a: Roars\n|-supereffective|p1a: Roars\n|-damage|p1a: Roars|55\/100\n|-unboost|p1a: Roars|accuracy|1\n|\n|upkeep\n|turn|18\n|\n|t:|1699222176\n|move|p1a: Roars|Snarl|p2a: Prabris2|[miss]\n|-miss|p1a: Roars|p2a: Prabris2\n|move|p2a: Prabris2|Incinerate|p1a: Roars\n|-resisted|p1a: Roars\n|-damage|p1a: Roars|31\/100\n|\n|upkeep\n|turn|19\n|\n|t:|1699222185\n|move|p1a: Roars|Swift|p2a: Prabris2\n|-damage|p2a: Prabris2|5\/100\n|move|p2a: Prabris2|Incinerate|p1a: Roars\n|-resisted|p1a: Roars\n|-damage|p1a: Roars|0 fnt\n|faint|p1a: Roars\n|\n|upkeep\n|\n|t:|1699222189\n|switch|p1a: Straus|Wattrel, L17, F|100\/100\n|turn|20\n|\n|t:|1699222195\n|move|p1a: Straus|Quick Attack|p2a: Prabris2\n|-damage|p2a: Prabris2|0 fnt\n|faint|p2a: Prabris2\n|\n|upkeep\n|\n|t:|1699222204\n|switch|p2a: Infinitus|Bellibolt, L17, M|100\/100\n|turn|21\n|\n|t:|1699222213\n|move|p1a: Straus|Air Cutter|p2a: Infinitus\n|-resisted|p2a: Infinitus\n|-damage|p2a: Infinitus|89\/100\n|-start|p2a: Infinitus|Charge|Air Cutter|[from] ability: Electromorphosis\n|move|p2a: Infinitus|Water Gun|p1a: Straus\n|-damage|p1a: Straus|74\/100\n|\n|-heal|p2a: Infinitus|95\/100|[from] item: Leftovers\n|upkeep\n|turn|22\n|\n|t:|1699222224\n|switch|p1a: Venillion|Venonat, L17, F|100\/100\n|move|p2a: Infinitus|Water Gun|p1a: Venillion\n|-damage|p1a: Venillion|77\/100\n|\n|-heal|p2a: Infinitus|100\/100|[from] item: Leftovers\n|upkeep\n|turn|23\n|-activate|p1a: Venillion|item: Quick Claw\n|\n|t:|1699222233\n|move|p1a: Venillion|Poison Powder|p2a: Infinitus\n|-status|p2a: Infinitus|psn\n|move|p2a: Infinitus|Thunderbolt|p1a: Venillion\n|-damage|p1a: Venillion|0 fnt\n|faint|p1a: Venillion\n|-end|p2a: Infinitus|Charge|[silent]\n|\n|-damage|p2a: Infinitus|88\/100 psn|[from] psn\n|upkeep\n|\n|t:|1699222242\n|switch|p1a: Marteau|Tinkatink, L17, F|100\/100\n|-ability|p1a: Marteau|Mold Breaker\n|turn|24\n|\n|t:|1699222248\n|move|p1a: Marteau|Rock Tomb|p2a: Infinitus\n|-damage|p2a: Infinitus|74\/100 psn\n|-unboost|p2a: Infinitus|spe|1\n|-start|p2a: Infinitus|Charge|Rock Tomb|[from] ability: Electromorphosis\n|move|p2a: Infinitus|Mud Shot|p1a: Marteau\n|-supereffective|p1a: Marteau\n|-damage|p1a: Marteau|50\/100\n|-unboost|p1a: Marteau|spe|1\n|\n|-heal|p2a: Infinitus|80\/100 psn|[from] item: Leftovers\n|-damage|p2a: Infinitus|68\/100 psn|[from] psn\n|upkeep\n|turn|25\n|\n|t:|1699222263\n|move|p1a: Marteau|Rock Smash|p2a: Infinitus\n|-damage|p2a: Infinitus|59\/100 psn\n|-start|p2a: Infinitus|Charge|Rock Smash|[from] ability: Electromorphosis\n|move|p2a: Infinitus|Slack Off|p2a: Infinitus\n|-heal|p2a: Infinitus|100\/100 psn\n|\n|-damage|p2a: Infinitus|88\/100 psn|[from] psn\n|upkeep\n|turn|26\n|\n|t:|1699222274\n|move|p1a: Marteau|Rock Smash|p2a: Infinitus\n|-damage|p2a: Infinitus|80\/100 psn\n|-unboost|p2a: Infinitus|def|1\n|-start|p2a: Infinitus|Charge|Rock Smash|[from] ability: Electromorphosis\n|move|p2a: Infinitus|Mud Shot|p1a: Marteau\n|-supereffective|p1a: Marteau\n|-damage|p1a: Marteau|2\/100\n|-unboost|p1a: Marteau|spe|1\n|\n|-heal|p2a: Infinitus|87\/100 psn|[from] item: Leftovers\n|-damage|p2a: Infinitus|74\/100 psn|[from] psn\n|upkeep\n|turn|27\n|\n|t:|1699222287\n|move|p2a: Infinitus|Slack Off|p2a: Infinitus\n|-heal|p2a: Infinitus|100\/100 psn\n|move|p1a: Marteau|Rock Smash|p2a: Infinitus\n|-damage|p2a: Infinitus|89\/100 psn\n|-start|p2a: Infinitus|Charge|Rock Smash|[from] ability: Electromorphosis\n|\n|-heal|p2a: Infinitus|95\/100 psn|[from] item: Leftovers\n|-damage|p2a: Infinitus|83\/100 psn|[from] psn\n|upkeep\n|turn|28\n|\n|t:|1699222309\n|move|p2a: Infinitus|Water Gun|p1a: Marteau\n|-damage|p1a: Marteau|0 fnt\n|faint|p1a: Marteau\n|\n|-heal|p2a: Infinitus|89\/100 psn|[from] item: Leftovers\n|-damage|p2a: Infinitus|77\/100 psn|[from] psn\n|upkeep\n|\n|t:|1699222311\n|switch|p1a: Straus|Wattrel, L17, F|74\/100\n|turn|29\n|\n|t:|1699222319\n|move|p1a: Straus|Air Cutter|p2a: Infinitus\n|-resisted|p2a: Infinitus\n|-damage|p2a: Infinitus|65\/100 psn\n|-start|p2a: Infinitus|Charge|Air Cutter|[from] ability: Electromorphosis\n|move|p2a: Infinitus|Water Gun|p1a: Straus\n|-damage|p1a: Straus|46\/100\n|\n|-heal|p2a: Infinitus|72\/100 psn|[from] item: Leftovers\n|-damage|p2a: Infinitus|59\/100 psn|[from] psn\n|upkeep\n|turn|30\n|\n|t:|1699222330\n|move|p1a: Straus|Air Cutter|p2a: Infinitus\n|-resisted|p2a: Infinitus\n|-damage|p2a: Infinitus|48\/100 psn\n|-start|p2a: Infinitus|Charge|Air Cutter|[from] ability: Electromorphosis\n|move|p2a: Infinitus|Slack Off|p2a: Infinitus\n|-heal|p2a: Infinitus|98\/100 psn\n|\n|-heal|p2a: Infinitus|100\/100 psn|[from] item: Leftovers\n|-damage|p2a: Infinitus|88\/100 psn|[from] psn\n|upkeep\n|turn|31\n|-message|AliB_16 forfeited.\n|\n|win|MarquitosVilar2\n","uploadtime":1699222343,"views":10,"p1id":"alib16","p2id":"marquitosvilar2","formatid":"gen9anythinggoes","rating":0,"private":0,"password":""}