{"id":"gen9anythinggoes-1986226727","p1":"RickCapotaUno","p2":"poopgun45","format":"[Gen 9] Anything Goes","log":"|j|\u2606RickCapotaUno\n|j|\u2606poopgun45\n|t:|1699461462\n|gametype|singles\n|player|p1|RickCapotaUno|plasmagrunt|1151\n|player|p2|poopgun45|169|1070\n|teamsize|p1|6\n|teamsize|p2|6\n|gen|9\n|tier|[Gen 9] Anything Goes\n|rated|\n|rule|HP Percentage Mod: HP is shown in percentages\n|rule|Endless Battle Clause: Forcing endless battles is banned\n|clearpoke\n|poke|p1|Gliscor, F|\n|poke|p1|Volcanion|\n|poke|p1|Glimmora, F|\n|poke|p1|Kommo-o, M|\n|poke|p1|Zoroark-Hisui, F|\n|poke|p1|Manaphy|\n|poke|p2|Sandaconda, M|\n|poke|p2|Slugma, M|\n|poke|p2|Drifblim, F|\n|poke|p2|Drifblim, F|\n|poke|p2|Maushold-Four|\n|poke|p2|Drifblim, M|\n|teampreview\n|\n|t:|1699461471\n|start\n|switch|p1a: Kommo-o|Kommo-o, M, shiny|100\/100\n|switch|p2a: im gonna look at u|Sandaconda, M|100\/100\n|turn|1\n|inactive|Battle timer is ON: inactive players will automatically lose when time's up. (requested by poopgun45)\n|\n|t:|1699461478\n|move|p1a: Kommo-o|Clangorous Soul|p1a: Kommo-o\n|-boost|p1a: Kommo-o|atk|1\n|-boost|p1a: Kommo-o|def|1\n|-boost|p1a: Kommo-o|spa|1\n|-boost|p1a: Kommo-o|spd|1\n|-boost|p1a: Kommo-o|spe|1\n|-damage|p1a: Kommo-o|68\/100\n|move|p2a: im gonna look at u|Glare|p1a: Kommo-o\n|-status|p1a: Kommo-o|par\n|\n|upkeep\n|turn|2\n|\n|t:|1699461488\n|switch|p1a: Manaphy|Manaphy, shiny|100\/100\n|move|p2a: im gonna look at u|Drill Run|p1a: Manaphy\n|-damage|p1a: Manaphy|69\/100\n|\n|upkeep\n|turn|3\n|\n|t:|1699461495\n|move|p1a: Manaphy|Energy Ball|p2a: im gonna look at u\n|-supereffective|p2a: im gonna look at u\n|-damage|p2a: im gonna look at u|41\/100\n|move|p2a: im gonna look at u|Glare|p1a: Manaphy\n|-status|p1a: Manaphy|par\n|\n|upkeep\n|turn|4\n|\n|t:|1699461501\n|move|p2a: im gonna look at u|Drill Run|p1a: Manaphy\n|-crit|p1a: Manaphy\n|-damage|p1a: Manaphy|24\/100 par\n|move|p1a: Manaphy|Energy Ball|p2a: im gonna look at u\n|-supereffective|p2a: im gonna look at u\n|-damage|p2a: im gonna look at u|0 fnt\n|faint|p2a: im gonna look at u\n|\n|upkeep\n|\n|t:|1699461509\n|switch|p2a: im so small|Drifblim, F|100\/100\n|turn|5\n|\n|t:|1699461513\n|switch|p1a: Glimmora|Glimmora, F, shiny|100\/100\n|move|p2a: im so small|Minimize|p2a: im so small\n|-boost|p2a: im so small|evasion|2\n|\n|upkeep\n|turn|6\n|\n|t:|1699461523\n|move|p1a: Glimmora|Mortal Spin|p2a: im so small|[miss]\n|-miss|p1a: Glimmora|p2a: im so small\n|move|p2a: im so small|Thunder Wave|p1a: Glimmora\n|-status|p1a: Glimmora|par\n|\n|upkeep\n|turn|7\n|\n|t:|1699461530\n|move|p2a: im so small|Minimize|p2a: im so small\n|-boost|p2a: im so small|evasion|2\n|move|p1a: Glimmora|Stealth Rock|p2a: im so small\n|-sidestart|p2: poopgun45|move: Stealth Rock\n|\n|upkeep\n|turn|8\n|\n|t:|1699461535\n|switch|p1a: Manaphy|Manaphy, shiny|24\/100 par\n|move|p2a: im so small|Minimize|p2a: im so small\n|-boost|p2a: im so small|evasion|2\n|\n|upkeep\n|turn|9\n|\n|t:|1699461541\n|move|p2a: im so small|Calm Mind|p2a: im so small\n|-boost|p2a: im so small|spa|1\n|-boost|p2a: im so small|spd|1\n|move|p1a: Manaphy|Heart Swap|p2a: im so small\n|-swapboost|p1a: Manaphy|p2a: im so small|[from] move: Heart Swap\n|\n|upkeep\n|turn|10\n|n|!poopgun45|poopgun45\n|-message|poopgun45 forfeited.\n|\n|win|RickCapotaUno\n|raw|RickCapotaUno's rating: 1151 &rarr; <strong>1170<\/strong><br \/>(+19 for winning)\n|raw|poopgun45's rating: 1070 &rarr; <strong>1054<\/strong><br \/>(-16 for losing)\n|l|!poopgun45\n","uploadtime":1699461553,"views":5,"p1id":"rickcapotauno","p2id":"poopgun45","formatid":"gen9anythinggoes","rating":1054,"private":0,"password":""}