{"id":"gen9anythinggoes-1984814638","p1":"PurchaseATulip","p2":"anonymints","format":"[Gen 9] Anything Goes","log":"|j|\u2606PurchaseATulip\n|j|\u2606anonymints\n|t:|1699301260\n|gametype|singles\n|player|p1|PurchaseATulip|lass-gen4dp|1063\n|player|p2|anonymints|pilot|1000\n|teamsize|p1|6\n|teamsize|p2|6\n|gen|9\n|tier|[Gen 9] Anything Goes\n|rated|\n|rule|HP Percentage Mod: HP is shown in percentages\n|rule|Endless Battle Clause: Forcing endless battles is banned\n|clearpoke\n|poke|p1|Pikachu-World, M|\n|poke|p1|Eelektross, F|\n|poke|p1|Glalie, M|\n|poke|p1|Bronzong|\n|poke|p1|Spiritomb, F|\n|poke|p1|Dragonite, M|\n|poke|p2|Arceus|\n|poke|p2|Arceus-Fairy|\n|poke|p2|Arceus-Poison|\n|poke|p2|Arceus-Steel|\n|poke|p2|Arceus-Dragon|\n|poke|p2|Arceus-Ghost|\n|teampreview\n|\n|t:|1699301274\n|start\n|switch|p1a: Pikachu|Pikachu-World, M|100\/100\n|switch|p2a: Arceus|Arceus-Dragon|100\/100\n|turn|1\n|\n|t:|1699301281\n|move|p2a: Arceus|Stealth Rock|p1a: Pikachu\n|-sidestart|p1: PurchaseATulip|move: Stealth Rock\n|move|p1a: Pikachu|Thunder Wave|p2a: Arceus\n|-status|p2a: Arceus|par\n|\n|upkeep\n|turn|2\n|\n|t:|1699301286\n|move|p1a: Pikachu|Thunderbolt|p2a: Arceus\n|-resisted|p2a: Arceus\n|-damage|p2a: Arceus|80\/100 par\n|move|p2a: Arceus|Will-O-Wisp|p1a: Pikachu\n|-status|p1a: Pikachu|brn\n|\n|-damage|p1a: Pikachu|94\/100 brn|[from] brn\n|upkeep\n|turn|3\n|\n|t:|1699301292\n|move|p1a: Pikachu|Thunderbolt|p2a: Arceus\n|-resisted|p2a: Arceus\n|-damage|p2a: Arceus|63\/100 par\n|move|p2a: Arceus|Roar|p1a: Pikachu\n|drag|p1a: Glalie|Glalie, M|100\/100\n|-damage|p1a: Glalie|76\/100|[from] Stealth Rock\n|\n|-heal|p1a: Glalie|82\/100|[from] item: Leftovers\n|-ability|p1a: Glalie|Moody|boost\n|-boost|p1a: Glalie|spe|2\n|-unboost|p1a: Glalie|def|1\n|upkeep\n|turn|4\n|\n|t:|1699301303\n|switch|p2a: Arceus|Arceus-Steel|100\/100\n|move|p1a: Glalie|Protect||[still]\n|-fail|p1a: Glalie\n|\n|-heal|p1a: Glalie|88\/100|[from] item: Leftovers\n|-ability|p1a: Glalie|Moody|boost\n|-boost|p1a: Glalie|spe|2\n|-unboost|p1a: Glalie|def|1\n|upkeep\n|turn|5\n|\n|t:|1699301312\n|move|p1a: Glalie|Substitute|p1a: Glalie\n|-start|p1a: Glalie|Substitute\n|-damage|p1a: Glalie|63\/100\n|move|p2a: Arceus|Calm Mind|p2a: Arceus\n|-boost|p2a: Arceus|spa|1\n|-boost|p2a: Arceus|spd|1\n|\n|-heal|p1a: Glalie|69\/100|[from] item: Leftovers\n|-ability|p1a: Glalie|Moody|boost\n|-boost|p1a: Glalie|spa|2\n|-unboost|p1a: Glalie|spe|1\n|upkeep\n|turn|6\n|\n|t:|1699301321\n|move|p1a: Glalie|Ice Beam|p2a: Arceus\n|-resisted|p2a: Arceus\n|-damage|p2a: Arceus|84\/100\n|move|p2a: Arceus|Calm Mind|p2a: Arceus\n|-boost|p2a: Arceus|spa|1\n|-boost|p2a: Arceus|spd|1\n|\n|-heal|p1a: Glalie|75\/100|[from] item: Leftovers\n|-ability|p1a: Glalie|Moody|boost\n|-boost|p1a: Glalie|spd|2\n|-unboost|p1a: Glalie|spa|1\n|upkeep\n|turn|7\n|\n|t:|1699301326\n|move|p1a: Glalie|Ice Beam|p2a: Arceus\n|-resisted|p2a: Arceus\n|-damage|p2a: Arceus|75\/100\n|move|p2a: Arceus|Judgment|p1a: Glalie\n|-supereffective|p1a: Glalie\n|-end|p1a: Glalie|Substitute\n|\n|-heal|p1a: Glalie|81\/100|[from] item: Leftovers\n|-ability|p1a: Glalie|Moody|boost\n|-boost|p1a: Glalie|spa|2\n|-unboost|p1a: Glalie|spe|1\n|upkeep\n|turn|8\n|\n|t:|1699301331\n|move|p1a: Glalie|Protect|p1a: Glalie\n|-singleturn|p1a: Glalie|Protect\n|move|p2a: Arceus|Fire Blast|p1a: Glalie\n|-activate|p1a: Glalie|move: Protect\n|\n|-heal|p1a: Glalie|87\/100|[from] item: Leftovers\n|-ability|p1a: Glalie|Moody|boost\n|-boost|p1a: Glalie|def|2\n|-unboost|p1a: Glalie|spa|1\n|upkeep\n|turn|9\n|\n|t:|1699301338\n|move|p1a: Glalie|Substitute|p1a: Glalie\n|-start|p1a: Glalie|Substitute\n|-damage|p1a: Glalie|62\/100\n|move|p2a: Arceus|Calm Mind|p2a: Arceus\n|-boost|p2a: Arceus|spa|1\n|-boost|p2a: Arceus|spd|1\n|\n|-heal|p1a: Glalie|68\/100|[from] item: Leftovers\n|-ability|p1a: Glalie|Moody|boost\n|-boost|p1a: Glalie|spa|2\n|-unboost|p1a: Glalie|spe|1\n|upkeep\n|turn|10\n|\n|t:|1699301342\n|move|p1a: Glalie|Ice Beam|p2a: Arceus\n|-resisted|p2a: Arceus\n|-damage|p2a: Arceus|59\/100\n|move|p2a: Arceus|Recover|p2a: Arceus\n|-heal|p2a: Arceus|100\/100\n|\n|-heal|p1a: Glalie|74\/100|[from] item: Leftovers\n|-ability|p1a: Glalie|Moody|boost\n|-boost|p1a: Glalie|spa|2\n|-unboost|p1a: Glalie|spe|1\n|upkeep\n|turn|11\n|\n|t:|1699301348\n|move|p2a: Arceus|Judgment|p1a: Glalie\n|-supereffective|p1a: Glalie\n|-end|p1a: Glalie|Substitute\n|move|p1a: Glalie|Ice Beam|p2a: Arceus\n|-resisted|p2a: Arceus\n|-damage|p2a: Arceus|78\/100\n|\n|-heal|p1a: Glalie|80\/100|[from] item: Leftovers\n|-ability|p1a: Glalie|Moody|boost\n|-boost|p1a: Glalie|spd|2\n|-unboost|p1a: Glalie|def|1\n|upkeep\n|turn|12\n|\n|t:|1699301361\n|move|p1a: Glalie|Protect|p1a: Glalie\n|-singleturn|p1a: Glalie|Protect\n|move|p2a: Arceus|Calm Mind|p2a: Arceus\n|-boost|p2a: Arceus|spa|1\n|-boost|p2a: Arceus|spd|1\n|\n|-heal|p1a: Glalie|86\/100|[from] item: Leftovers\n|-ability|p1a: Glalie|Moody|boost\n|-boost|p1a: Glalie|spd|2\n|-unboost|p1a: Glalie|spe|1\n|upkeep\n|turn|13\n|\n|t:|1699301367\n|move|p2a: Arceus|Judgment|p1a: Glalie\n|-supereffective|p1a: Glalie\n|-damage|p1a: Glalie|0 fnt\n|faint|p1a: Glalie\n|\n|upkeep\n|\n|t:|1699301381\n|switch|p1a: Eelektross|Eelektross, F|100\/100\n|-damage|p1a: Eelektross|88\/100|[from] Stealth Rock\n|turn|14\n|\n|t:|1699301385\n|move|p2a: Arceus|Fire Blast|p1a: Eelektross\n|-damage|p1a: Eelektross|0 fnt\n|faint|p1a: Eelektross\n|\n|upkeep\n|\n|t:|1699301393\n|switch|p1a: Spiritomb|Spiritomb, F|100\/100\n|-damage|p1a: Spiritomb|88\/100|[from] Stealth Rock\n|turn|15\n|\n|t:|1699301398\n|move|p2a: Arceus|Judgment|p1a: Spiritomb\n|-damage|p1a: Spiritomb|0 fnt\n|faint|p1a: Spiritomb\n|\n|upkeep\n|\n|t:|1699301402\n|switch|p1a: Bronzong|Bronzong|100\/100\n|-damage|p1a: Bronzong|94\/100|[from] Stealth Rock\n|turn|16\n|\n|t:|1699301408\n|move|p2a: Arceus|Fire Blast|p1a: Bronzong\n|-supereffective|p1a: Bronzong\n|-damage|p1a: Bronzong|0 fnt\n|faint|p1a: Bronzong\n|\n|upkeep\n|\n|t:|1699301411\n|switch|p1a: Pikachu|Pikachu-World, M|94\/100 brn\n|-damage|p1a: Pikachu|82\/100 brn|[from] Stealth Rock\n|turn|17\n|\n|t:|1699301414\n|move|p2a: Arceus|Judgment|p1a: Pikachu\n|-resisted|p1a: Pikachu\n|-damage|p1a: Pikachu|0 fnt\n|faint|p1a: Pikachu\n|\n|upkeep\n|\n|t:|1699301417\n|switch|p1a: Dragonite|Dragonite, M|100\/100\n|-damage|p1a: Dragonite|76\/100|[from] Stealth Rock\n|turn|18\n|\n|t:|1699301422\n|move|p2a: Arceus|Judgment|p1a: Dragonite\n|-damage|p1a: Dragonite|0 fnt\n|faint|p1a: Dragonite\n|\n|win|anonymints\n|raw|PurchaseATulip's rating: 1063 &rarr; <strong>1040<\/strong><br \/>(-23 for losing)\n|raw|anonymints's rating: 1000 &rarr; <strong>1047<\/strong><br \/>(+47 for winning)\n|c|\u2606anonymints|sorry man\n|l|\u2606PurchaseATulip\n","uploadtime":1699301434,"views":15,"p1id":"purchaseatulip","p2id":"anonymints","formatid":"gen9anythinggoes","rating":1040,"private":0,"password":""}