{"id":"gen9anythinggoes-1972587337","p1":"14242 propped in","p2":"clay3","format":"[Gen 9] Anything Goes","log":"|j|\u260614242 propped in\n|j|\u2606clay3\n|t:|1697860622\n|gametype|singles\n|player|p1|14242 propped in|2|1099\n|player|p2|clay3|rocketgrunt|1157\n|teamsize|p1|6\n|teamsize|p2|6\n|gen|9\n|tier|[Gen 9] Anything Goes\n|rated|\n|rule|HP Percentage Mod: HP is shown in percentages\n|rule|Endless Battle Clause: Forcing endless battles is banned\n|clearpoke\n|poke|p1|Mew|\n|poke|p1|Meloetta|\n|poke|p1|Salamence, F|\n|poke|p1|Weavile, F|\n|poke|p1|Ceruledge, M|\n|poke|p1|Charizard, F|\n|poke|p2|Iron Moth|\n|poke|p2|Breloom, M|\n|poke|p2|Cinderace, M|\n|poke|p2|Gardevoir, F|\n|poke|p2|Haxorus, M|\n|poke|p2|Mimikyu, M|\n|teampreview\n|\n|t:|1697860627\n|start\n|switch|p1a: Meloetta|Meloetta|100\/100\n|switch|p2a: Iron Moth|Iron Moth|100\/100\n|turn|1\n|\n|t:|1697860633\n|move|p2a: Iron Moth|Toxic Spikes|p1a: Meloetta\n|-sidestart|p1: 14242 propped in|move: Toxic Spikes\n|move|p1a: Meloetta|Relic Song|p2a: Iron Moth\n|-damage|p2a: Iron Moth|60\/100\n|-status|p2a: Iron Moth|slp|[from] move: Relic Song\n|-formechange|p1a: Meloetta|Meloetta-Pirouette|[msg]\n|\n|upkeep\n|turn|2\n|\n|t:|1697860647\n|-end|p2a: Iron Moth|Quark Drive|[silent]\n|switch|p2a: Haxorus|Haxorus, M, shiny|100\/100\n|-ability|p2a: Haxorus|Mold Breaker\n|move|p1a: Meloetta|Calm Mind|p1a: Meloetta\n|-boost|p1a: Meloetta|spa|1\n|-boost|p1a: Meloetta|spd|1\n|\n|upkeep\n|turn|3\n|\n|t:|1697860654\n|move|p1a: Meloetta|Dazzling Gleam|p2a: Haxorus\n|-supereffective|p2a: Haxorus\n|-damage|p2a: Haxorus|30\/100\n|move|p2a: Haxorus|Dragon Dance|p2a: Haxorus\n|-boost|p2a: Haxorus|atk|1\n|-boost|p2a: Haxorus|spe|1\n|\n|upkeep\n|turn|4\n|\n|t:|1697860660\n|move|p1a: Meloetta|Dazzling Gleam|p2a: Haxorus\n|-supereffective|p2a: Haxorus\n|-damage|p2a: Haxorus|0 fnt\n|faint|p2a: Haxorus\n|\n|upkeep\n|\n|t:|1697860667\n|switch|p2a: Mimikyu|Mimikyu, M, shiny|100\/100\n|turn|5\n|\n|t:|1697860672\n|move|p1a: Meloetta|Shadow Ball|p2a: Mimikyu\n|-activate|p2a: Mimikyu|ability: Disguise\n|-damage|p2a: Mimikyu|100\/100\n|-unboost|p2a: Mimikyu|spd|1\n|detailschange|p2a: Mimikyu|Mimikyu-Busted, M, shiny\n|-damage|p2a: Mimikyu|88\/100|[from] pokemon: Mimikyu-Busted\n|move|p2a: Mimikyu|Swords Dance|p2a: Mimikyu\n|-boost|p2a: Mimikyu|atk|2\n|\n|upkeep\n|turn|6\n|\n|t:|1697860685\n|move|p2a: Mimikyu|Shadow Sneak|p1a: Meloetta\n|-immune|p1a: Meloetta\n|move|p1a: Meloetta|Shadow Ball|p2a: Mimikyu\n|-supereffective|p2a: Mimikyu\n|-damage|p2a: Mimikyu|0 fnt\n|faint|p2a: Mimikyu\n|\n|upkeep\n|\n|t:|1697860689\n|switch|p2a: Cinderace|Cinderace, M|100\/100\n|turn|7\n|\n|t:|1697860700\n|move|p1a: Meloetta|Shadow Ball|p2a: Cinderace\n|-damage|p2a: Cinderace|56\/100\n|-unboost|p2a: Cinderace|spd|1\n|move|p2a: Cinderace|Pyro Ball|p1a: Meloetta\n|-damage|p1a: Meloetta|25\/100\n|-status|p1a: Meloetta|brn\n|-damage|p2a: Cinderace|46\/100|[from] item: Life Orb\n|\n|-heal|p1a: Meloetta|31\/100 brn|[from] item: Leftovers\n|-damage|p1a: Meloetta|25\/100 brn|[from] brn\n|upkeep\n|turn|8\n|\n|t:|1697860712\n|move|p1a: Meloetta|Shadow Ball|p2a: Cinderace\n|-damage|p2a: Cinderace|0 fnt\n|faint|p2a: Cinderace\n|\n|-heal|p1a: Meloetta|31\/100 brn|[from] item: Leftovers\n|-damage|p1a: Meloetta|25\/100 brn|[from] brn\n|upkeep\n|\n|t:|1697860716\n|switch|p2a: Breloom|Breloom, M, shiny|100\/100\n|turn|9\n|\n|t:|1697860727\n|move|p1a: Meloetta|Dazzling Gleam|p2a: Breloom\n|-supereffective|p2a: Breloom\n|-damage|p2a: Breloom|0 fnt\n|faint|p2a: Breloom\n|\n|-heal|p1a: Meloetta|31\/100 brn|[from] item: Leftovers\n|-damage|p1a: Meloetta|25\/100 brn|[from] brn\n|upkeep\n|-message|clay3 forfeited.\n|\n|win|14242 propped in\n|raw|14242 propped in's rating: 1099 &rarr; <strong>1128<\/strong><br \/>(+29 for winning)\n|raw|clay3's rating: 1157 &rarr; <strong>1128<\/strong><br \/>(-29 for losing)\n|l|\u2606clay3\n","uploadtime":1697860738,"views":16,"p1id":"14242proppedin","p2id":"clay3","formatid":"gen9anythinggoes","rating":1128,"private":0,"password":""}