{"id":"gen9anythinggoes-1983363977","p1":"Ashre22","p2":"PB_San172","format":"[Gen 9] Anything Goes","log":"|j|\u2606Ashre22\n|j|\u2606PB_San172\n|t:|1699122337\n|gametype|singles\n|player|p1|Ashre22|170|1076\n|player|p2|PB_San172|n|1060\n|teamsize|p1|6\n|teamsize|p2|6\n|gen|9\n|tier|[Gen 9] Anything Goes\n|rated|\n|rule|HP Percentage Mod: HP is shown in percentages\n|rule|Endless Battle Clause: Forcing endless battles is banned\n|clearpoke\n|poke|p1|Ursaluna-Bloodmoon, M|\n|poke|p1|Cinderace, M|\n|poke|p1|Vikavolt, M|\n|poke|p1|Chansey, F|\n|poke|p1|Cramorant, M|\n|poke|p1|Snorlax, F|\n|poke|p2|Flareon, F|\n|poke|p2|Vaporeon, F|\n|poke|p2|Jolteon, M|\n|poke|p2|Espeon, M|\n|poke|p2|Leafeon, M|\n|poke|p2|Sylveon, F|\n|teampreview\n|\n|t:|1699122348\n|start\n|switch|p1a: Cinderace|Cinderace, M|100\/100\n|switch|p2a: Bobo|Espeon, M|100\/100\n|turn|1\n|\n|t:|1699122353\n|move|p1a: Cinderace|U-turn|p2a: Bobo\n|-start|p1a: Cinderace|typechange|Bug|[from] ability: Libero\n|-supereffective|p2a: Bobo\n|-damage|p2a: Bobo|10\/100\n|\n|t:|1699122359\n|switch|p1a: Chansey|Chansey, F|100\/100|[from] U-turn\n|move|p2a: Bobo|Trick|p1a: Chansey\n|-activate|p2a: Bobo|move: Trick|[of] p1a: Chansey\n|-item|p1a: Chansey|Toxic Orb|[from] move: Trick\n|-item|p2a: Bobo|Eviolite|[from] move: Trick\n|\n|-status|p1a: Chansey|tox|[from] item: Toxic Orb\n|upkeep\n|turn|2\n|\n|t:|1699122369\n|switch|p2a: Byby|Sylveon, F, shiny|100\/100\n|move|p1a: Chansey|Stealth Rock|p2a: Byby\n|-sidestart|p2: PB_San172|move: Stealth Rock\n|\n|-damage|p1a: Chansey|94\/100 tox|[from] psn\n|upkeep\n|turn|3\n|\n|t:|1699122379\n|move|p2a: Byby|Substitute|p2a: Byby\n|-start|p2a: Byby|Substitute\n|-damage|p2a: Byby|76\/100\n|move|p1a: Chansey|Thunder Wave||[still]\n|-fail|p1a: Chansey\n|\n|-damage|p1a: Chansey|82\/100 tox|[from] psn\n|upkeep\n|turn|4\n|\n|t:|1699122390\n|switch|p1a: Vikavolt|Vikavolt, M|100\/100\n|move|p2a: Byby|Calm Mind|p2a: Byby\n|-boost|p2a: Byby|spa|1\n|-boost|p2a: Byby|spd|1\n|\n|upkeep\n|turn|5\n|\n|t:|1699122396\n|move|p2a: Byby|Calm Mind|p2a: Byby\n|-boost|p2a: Byby|spa|1\n|-boost|p2a: Byby|spd|1\n|move|p1a: Vikavolt|Thunderbolt|p2a: Byby\n|-activate|p2a: Byby|move: Substitute|[damage]\n|\n|upkeep\n|turn|6\n|\n|t:|1699122402\n|switch|p1a: Snorlax|Snorlax, F, shiny|100\/100\n|move|p2a: Byby|Hyper Voice|p1a: Snorlax\n|-damage|p1a: Snorlax|48\/100\n|-enditem|p1a: Snorlax|Aguav Berry|[eat]\n|-heal|p1a: Snorlax|81\/100|[from] item: Aguav Berry\n|\n|upkeep\n|turn|7\n|\n|t:|1699122409\n|move|p2a: Byby|Hyper Voice|p1a: Snorlax\n|-damage|p1a: Snorlax|34\/100\n|move|p1a: Snorlax|Iron Head|p2a: Byby\n|-supereffective|p2a: Byby\n|-end|p2a: Byby|Substitute\n|\n|upkeep\n|turn|8\n|\n|t:|1699122423\n|move|p2a: Byby|Hyper Voice|p1a: Snorlax\n|-damage|p1a: Snorlax|0 fnt\n|faint|p1a: Snorlax\n|\n|upkeep\n|\n|t:|1699122427\n|switch|p1a: Cinderace|Cinderace, M|100\/100\n|turn|9\n|\n|t:|1699122433\n|move|p1a: Cinderace|Pyro Ball|p2a: Byby\n|-damage|p2a: Byby|17\/100\n|move|p2a: Byby|Baton Pass|p2a: Byby\n|\n|t:|1699122437\n|switch|p2a: Bibi|Jolteon, M|100\/100|[from] Baton Pass\n|-damage|p2a: Bibi|88\/100|[from] Stealth Rock\n|-item|p2a: Bibi|Air Balloon\n|\n|upkeep\n|turn|10\n|\n|t:|1699122449\n|move|p1a: Cinderace|Pyro Ball|p2a: Bibi\n|-damage|p2a: Bibi|21\/100\n|-enditem|p2a: Bibi|Air Balloon\n|move|p2a: Bibi|Shadow Ball|p1a: Cinderace\n|-crit|p1a: Cinderace\n|-damage|p1a: Cinderace|9\/100\n|\n|upkeep\n|turn|11\n|\n|t:|1699122459\n|move|p1a: Cinderace|U-turn|p2a: Bibi\n|-start|p1a: Cinderace|typechange|Bug|[from] ability: Libero\n|-damage|p2a: Bibi|0 fnt\n|faint|p2a: Bibi\n|\n|t:|1699122470\n|switch|p1a: Ursaluna|Ursaluna-Bloodmoon, M|100\/100|[from] U-turn\n|\n|upkeep\n|\n|t:|1699122474\n|switch|p2a: Bebe|Vaporeon, F|100\/100\n|-damage|p2a: Bebe|88\/100|[from] Stealth Rock\n|turn|12\n|\n|t:|1699122480\n|move|p2a: Bebe|Acid Armor|p2a: Bebe\n|-boost|p2a: Bebe|def|2\n|move|p1a: Ursaluna|Blood Moon|p2a: Bebe\n|-damage|p2a: Bebe|40\/100\n|\n|-heal|p2a: Bebe|47\/100|[from] item: Leftovers\n|upkeep\n|turn|13\n|\n|t:|1699122487\n|move|p2a: Bebe|Scald|p1a: Ursaluna\n|-supereffective|p1a: Ursaluna\n|-damage|p1a: Ursaluna|50\/100\n|move|p1a: Ursaluna|Calm Mind|p1a: Ursaluna\n|-boost|p1a: Ursaluna|spa|1\n|-boost|p1a: Ursaluna|spd|1\n|\n|-heal|p2a: Bebe|53\/100|[from] item: Leftovers\n|upkeep\n|turn|14\n|\n|t:|1699122495\n|move|p2a: Bebe|Scald|p1a: Ursaluna\n|-supereffective|p1a: Ursaluna\n|-damage|p1a: Ursaluna|18\/100\n|move|p1a: Ursaluna|Blood Moon|p2a: Bebe\n|-damage|p2a: Bebe|0 fnt\n|faint|p2a: Bebe\n|\n|upkeep\n|\n|t:|1699122505\n|switch|p2a: Bubu|Leafeon, M|100\/100\n|-damage|p2a: Bubu|88\/100|[from] Stealth Rock\n|turn|15\n|\n|t:|1699122513\n|move|p2a: Bubu|Leaf Blade|p1a: Ursaluna\n|-supereffective|p1a: Ursaluna\n|-damage|p1a: Ursaluna|0 fnt\n|faint|p1a: Ursaluna\n|\n|-heal|p2a: Bubu|94\/100|[from] item: Leftovers\n|upkeep\n|\n|t:|1699122517\n|switch|p1a: Chansey|Chansey, F|82\/100 tox\n|turn|16\n|\n|t:|1699122521\n|move|p2a: Bubu|Leech Seed|p1a: Chansey\n|-start|p1a: Chansey|move: Leech Seed\n|move|p1a: Chansey|Healing Wish|p1a: Chansey\n|faint|p1a: Chansey\n|\n|-heal|p2a: Bubu|100\/100|[from] item: Leftovers\n|upkeep\n|\n|t:|1699122525\n|switch|p1a: Cinderace|Cinderace, M|9\/100\n|-heal|p1a: Cinderace|100\/100|[from] move: Healing Wish\n|turn|17\n|\n|t:|1699122531\n|-terastallize|p2a: Bubu|Dark\n|move|p1a: Cinderace|Pyro Ball|p2a: Bubu\n|-damage|p2a: Bubu|38\/100\n|move|p2a: Bubu|Leech Seed|p1a: Cinderace\n|-start|p1a: Cinderace|move: Leech Seed\n|\n|-heal|p2a: Bubu|44\/100|[from] item: Leftovers\n|-damage|p1a: Cinderace|88\/100|[from] Leech Seed|[of] p2a: Bubu\n|-heal|p2a: Bubu|57\/100|[silent]\n|upkeep\n|turn|18\n|\n|t:|1699122539\n|move|p1a: Cinderace|High Jump Kick|p2a: Bubu\n|-start|p1a: Cinderace|typechange|Fighting|[from] ability: Libero\n|-supereffective|p2a: Bubu\n|-damage|p2a: Bubu|0 fnt\n|faint|p2a: Bubu\n|\n|upkeep\n|\n|t:|1699122545\n|switch|p2a: Bobo|Espeon, M|10\/100\n|-damage|p2a: Bobo|0 fnt|[from] Stealth Rock\n|faint|p2a: Bobo\n|\n|t:|1699122550\n|switch|p2a: Byby|Sylveon, F, shiny|17\/100\n|-damage|p2a: Byby|4\/100|[from] Stealth Rock\n|turn|19\n|\n|t:|1699122554\n|move|p1a: Cinderace|U-turn|p2a: Byby\n|-resisted|p2a: Byby\n|-damage|p2a: Byby|0 fnt\n|faint|p2a: Byby\n|\n|t:|1699122556\n|switch|p1a: Cramorant|Cramorant, M|100\/100|[from] U-turn\n|\n|upkeep\n|\n|t:|1699122560\n|switch|p2a: Baba|Flareon, F|100\/100\n|-damage|p2a: Baba|76\/100|[from] Stealth Rock\n|turn|20\n|\n|t:|1699122564\n|move|p2a: Baba|Wish|p2a: Baba\n|move|p1a: Cramorant|Surf|p2a: Baba\n|-formechange|p1a: Cramorant|Cramorant-Gulping|\n|-supereffective|p2a: Baba\n|-damage|p2a: Baba|0 fnt\n|faint|p2a: Baba\n|\n|win|Ashre22\n|raw|Ashre22's rating: 1076 &rarr; <strong>1103<\/strong><br \/>(+27 for winning)\n|raw|PB_San172's rating: 1060 &rarr; <strong>1042<\/strong><br \/>(-18 for losing)\n|l|\u2606PB_San172\n|l|\u2606Ashre22\n|j|\u2606Ashre22\n|player|p1|Ashre22|170\n","uploadtime":1699122817,"views":5,"p1id":"ashre22","p2id":"pbsan172","formatid":"gen9anythinggoes","rating":1042,"private":0,"password":""}