{"id":"gen9anythinggoes-1986937725","p1":"Evuloz","p2":"moneygetter69","format":"[Gen 9] Anything Goes","log":"|j|\u2606Evuloz\n|j|\u2606moneygetter69\n|t:|1699542671\n|gametype|singles\n|player|p1|Evuloz|burglar|1000\n|player|p2|moneygetter69|102|1091\n|teamsize|p1|6\n|teamsize|p2|6\n|gen|9\n|tier|[Gen 9] Anything Goes\n|rated|\n|rule|HP Percentage Mod: HP is shown in percentages\n|rule|Endless Battle Clause: Forcing endless battles is banned\n|clearpoke\n|poke|p1|Glimmora, M|\n|poke|p1|Cacturne, F|\n|poke|p1|Rayquaza|\n|poke|p1|Clefable, F|\n|poke|p1|Ceruledge, M|\n|poke|p1|Amoonguss, M|\n|poke|p2|Arceus|\n|poke|p2|Arceus-Bug|\n|poke|p2|Arceus-Dark|\n|poke|p2|Arceus-Dragon|\n|poke|p2|Arceus-Electric|\n|poke|p2|Arceus-Fairy|\n|teampreview\n|\n|t:|1699542677\n|start\n|switch|p1a: Glimmora|Glimmora, M, shiny|100\/100\n|switch|p2a: Normal|Arceus|100\/100\n|turn|1\n|\n|t:|1699542684\n|move|p2a: Normal|Judgment|p1a: Glimmora\n|-resisted|p1a: Glimmora\n|-damage|p1a: Glimmora|84\/100\n|move|p1a: Glimmora|Light Screen|p1a: Glimmora\n|-sidestart|p1: Evuloz|move: Light Screen\n|\n|upkeep\n|turn|2\n|\n|t:|1699542692\n|move|p2a: Normal|Judgment|p1a: Glimmora\n|-resisted|p1a: Glimmora\n|-damage|p1a: Glimmora|75\/100\n|move|p1a: Glimmora|Stealth Rock|p2a: Normal\n|-sidestart|p2: moneygetter69|move: Stealth Rock\n|\n|upkeep\n|turn|3\n|\n|t:|1699542699\n|move|p2a: Normal|Perish Song|p2a: Normal\n|-start|p1a: Glimmora|perish3|[silent]\n|-start|p2a: Normal|perish3|[silent]\n|-fieldactivate|move: Perish Song\n|move|p1a: Glimmora|Substitute|p1a: Glimmora\n|-start|p1a: Glimmora|Substitute\n|-damage|p1a: Glimmora|50\/100\n|\n|-start|p2a: Normal|perish3\n|-start|p1a: Glimmora|perish3\n|upkeep\n|turn|4\n|\n|t:|1699542709\n|move|p2a: Normal|Body Slam|p1a: Glimmora\n|-resisted|p1a: Glimmora\n|-activate|p1a: Glimmora|move: Substitute|[damage]\n|move|p1a: Glimmora|Stealth Rock||[still]\n|-fail|p1a: Glimmora\n|\n|-start|p2a: Normal|perish2\n|-start|p1a: Glimmora|perish2\n|upkeep\n|turn|5\n|\n|t:|1699542717\n|move|p2a: Normal|Extreme Speed|p1a: Glimmora\n|-resisted|p1a: Glimmora\n|-end|p1a: Glimmora|Substitute\n|move|p1a: Glimmora|Stealth Rock||[still]\n|-fail|p1a: Glimmora\n|\n|-start|p2a: Normal|perish1\n|-start|p1a: Glimmora|perish1\n|-sideend|p1: Evuloz|move: Light Screen\n|upkeep\n|turn|6\n|\n|t:|1699542742\n|move|p2a: Normal|Judgment|p1a: Glimmora\n|-resisted|p1a: Glimmora\n|-damage|p1a: Glimmora|31\/100\n|move|p1a: Glimmora|Stealth Rock||[still]\n|-fail|p1a: Glimmora\n|\n|-start|p2a: Normal|perish0\n|-start|p1a: Glimmora|perish0\n|upkeep\n|faint|p2a: Normal\n|faint|p1a: Glimmora\n|c|\u2606moneygetter69|wouldnt it be so funny if all my pokemon had perish song?\n|\n|t:|1699542756\n|switch|p2a: Bug|Arceus-Bug|100\/100\n|switch|p1a: Amoonguss|Amoonguss, M, shiny|100\/100\n|-damage|p2a: Bug|75\/100|[from] Stealth Rock\n|turn|7\n|\n|t:|1699542776\n|move|p2a: Bug|Judgment|p1a: Amoonguss\n|-damage|p1a: Amoonguss|47\/100\n|move|p1a: Amoonguss|Sludge Bomb|p2a: Bug\n|-damage|p2a: Bug|59\/100\n|-status|p2a: Bug|psn\n|\n|-damage|p2a: Bug|46\/100 psn|[from] psn\n|upkeep\n|turn|8\n|c|\u2606Evuloz|maybe\n|\n|t:|1699542792\n|switch|p1a: Cacturne|Cacturne, F|100\/100\n|move|p2a: Bug|Judgment|p1a: Cacturne\n|-supereffective|p1a: Cacturne\n|-damage|p1a: Cacturne|0 fnt\n|faint|p1a: Cacturne\n|\n|-damage|p2a: Bug|34\/100 psn|[from] psn\n|upkeep\n|c|\u2606Evuloz|this is gay as fuc\n|\n|t:|1699542809\n|switch|p1a: Ceruledge|Ceruledge, M, shiny|100\/100\n|turn|9\n|c|\u2606moneygetter69|ong it is\n|\n|t:|1699542817\n|move|p2a: Bug|Judgment|p1a: Ceruledge\n|-resisted|p1a: Ceruledge\n|-damage|p1a: Ceruledge|88\/100\n|move|p1a: Ceruledge|Bulk Up|p1a: Ceruledge\n|-boost|p1a: Ceruledge|atk|1\n|-boost|p1a: Ceruledge|def|1\n|\n|-damage|p2a: Bug|21\/100 psn|[from] psn\n|upkeep\n|turn|10\n|\n|t:|1699542829\n|move|p2a: Bug|Judgment|p1a: Ceruledge\n|-resisted|p1a: Ceruledge\n|-damage|p1a: Ceruledge|76\/100\n|move|p1a: Ceruledge|Bitter Blade|p2a: Bug\n|-supereffective|p2a: Bug\n|-damage|p2a: Bug|0 fnt\n|-heal|p1a: Ceruledge|90\/100|[from] drain|[of] p2a: Bug\n|faint|p2a: Bug\n|\n|upkeep\n|c|\u2606moneygetter69|i used to run all maushold but a ghost flawed my entire plan\n|\n|t:|1699542839\n|switch|p2a: Dark|Arceus-Dark|100\/100\n|-damage|p2a: Dark|88\/100|[from] Stealth Rock\n|turn|11\n|\n|t:|1699542844\n|move|p2a: Dark|Dark Pulse|p1a: Ceruledge\n|-supereffective|p1a: Ceruledge\n|-damage|p1a: Ceruledge|10\/100\n|move|p1a: Ceruledge|Bitter Blade|p2a: Dark\n|-damage|p2a: Dark|48\/100\n|-heal|p1a: Ceruledge|36\/100|[from] drain|[of] p2a: Dark\n|\n|upkeep\n|turn|12\n|\n|t:|1699542852\n|move|p1a: Ceruledge|Shadow Sneak|p2a: Dark\n|-resisted|p2a: Dark\n|-damage|p2a: Dark|38\/100\n|move|p2a: Dark|Dark Pulse|p1a: Ceruledge\n|-supereffective|p1a: Ceruledge\n|-damage|p1a: Ceruledge|0 fnt\n|faint|p1a: Ceruledge\n|\n|upkeep\n|\n|t:|1699542860\n|switch|p1a: Clefable|Clefable, F|100\/100\n|turn|13\n|\n|t:|1699542869\n|move|p2a: Dark|Psychic|p1a: Clefable\n|-damage|p1a: Clefable|77\/100\n|move|p1a: Clefable|Drain Punch|p2a: Dark\n|-supereffective|p2a: Dark\n|-damage|p2a: Dark|21\/100\n|-heal|p1a: Clefable|87\/100|[from] drain|[of] p2a: Dark\n|\n|-heal|p1a: Clefable|93\/100|[from] item: Leftovers\n|upkeep\n|turn|14\n|\n|t:|1699542878\n|move|p2a: Dark|Dark Pulse|p1a: Clefable\n|-resisted|p1a: Clefable\n|-damage|p1a: Clefable|76\/100\n|move|p1a: Clefable|Drain Punch|p2a: Dark\n|-supereffective|p2a: Dark\n|-damage|p2a: Dark|3\/100\n|-heal|p1a: Clefable|86\/100|[from] drain|[of] p2a: Dark\n|\n|-heal|p1a: Clefable|92\/100|[from] item: Leftovers\n|upkeep\n|turn|15\n|\n|t:|1699542887\n|move|p2a: Dark|Psychic|p1a: Clefable\n|-damage|p1a: Clefable|71\/100\n|move|p1a: Clefable|Drain Punch|p2a: Dark\n|-supereffective|p2a: Dark\n|-damage|p2a: Dark|0 fnt\n|-heal|p1a: Clefable|72\/100|[from] drain|[of] p2a: Dark\n|faint|p2a: Dark\n|\n|-heal|p1a: Clefable|78\/100|[from] item: Leftovers\n|upkeep\n|\n|t:|1699542896\n|switch|p2a: Electric|Arceus-Electric|100\/100\n|-damage|p2a: Electric|88\/100|[from] Stealth Rock\n|turn|16\n|\n|t:|1699542900\n|move|p2a: Electric|Thunderbolt|p1a: Clefable\n|-damage|p1a: Clefable|44\/100\n|-status|p1a: Clefable|par\n|move|p1a: Clefable|Substitute|p1a: Clefable\n|-start|p1a: Clefable|Substitute\n|-damage|p1a: Clefable|20\/100 par\n|\n|-heal|p1a: Clefable|26\/100 par|[from] item: Leftovers\n|upkeep\n|turn|17\n|\n|t:|1699542908\n|move|p2a: Electric|Thunderbolt|p1a: Clefable\n|-end|p1a: Clefable|Substitute\n|move|p1a: Clefable|Wish|p1a: Clefable\n|\n|-heal|p1a: Clefable|32\/100 par|[from] item: Leftovers\n|upkeep\n|turn|18\n|c|\u2606moneygetter69|shi wouldnt it be so crazy if u won\n|\n|t:|1699542916\n|move|p2a: Electric|Thunderbolt|p1a: Clefable\n|-damage|p1a: Clefable|0 fnt\n|faint|p1a: Clefable\n|\n|upkeep\n|c|\u2606Evuloz|fuc\n|c|\u2606moneygetter69|here u go dw\n|\n|t:|1699542926\n|switch|p1a: Amoonguss|Amoonguss, M, shiny|47\/100\n|turn|19\n|c|\u2606moneygetter69|its a gay team\n|-message|moneygetter69 forfeited.\n|\n|win|Evuloz\n|raw|Evuloz's rating: 1000 &rarr; <strong>1050<\/strong><br \/>(+50 for winning)\n|raw|moneygetter69's rating: 1091 &rarr; <strong>1061<\/strong><br \/>(-30 for losing)\n","uploadtime":1699542807,"views":5,"p1id":"evuloz","p2id":"moneygetter69","formatid":"gen9anythinggoes","rating":1050,"private":0,"password":""}