{"id":"gen9anythinggoes-1999064572","p1":"artanjules","p2":"Rinumaki","format":"[Gen 9] Anything Goes","log":"|j|\u2606artanjules\n|j|\u2606Rinumaki\n|t:|1701029359\n|gametype|singles\n|player|p1|artanjules|101|\n|player|p2|Rinumaki|n|\n|teamsize|p1|6\n|teamsize|p2|6\n|gen|9\n|tier|[Gen 9] Anything Goes\n|rule|HP Percentage Mod: HP is shown in percentages\n|rule|Endless Battle Clause: Forcing endless battles is banned\n|clearpoke\n|poke|p1|Electrode-Hisui|\n|poke|p1|Cryogonal|\n|poke|p1|Gholdengo|\n|poke|p1|Gligar, F|\n|poke|p1|Conkeldurr, M|\n|poke|p1|Volcanion|\n|poke|p2|Milotic, M|\n|poke|p2|Garchomp, M|\n|poke|p2|Hawlucha, F|\n|poke|p2|Lucario, F|\n|poke|p2|Ogerpon-Wellspring, F|\n|poke|p2|Typhlosion-Hisui, F|\n|teampreview\n|\n|t:|1701029381\n|start\n|switch|p1a: Pigs|Electrode-Hisui|100\/100\n|switch|p2a: Rey Mysterio|Hawlucha, F, shiny|100\/100\n|turn|1\n|\n|t:|1701029392\n|move|p1a: Pigs|Volt Switch|p2a: Rey Mysterio\n|-supereffective|p2a: Rey Mysterio\n|-damage|p2a: Rey Mysterio|0 fnt\n|faint|p2a: Rey Mysterio\n|j| Midnightz_Trace\n|\n|t:|1701029405\n|switch|p1a: Hey You|Gligar, F|100\/100|[from] Volt Switch\n|\n|upkeep\n|l| Midnightz_Trace\n|j| caligulahar\n|\n|t:|1701029425\n|switch|p2a: Luke|Lucario, F|100\/100\n|turn|2\n|\n|t:|1701029434\n|move|p2a: Luke|Close Combat|p1a: Hey You\n|-resisted|p1a: Hey You\n|-damage|p1a: Hey You|85\/100\n|-unboost|p2a: Luke|def|1\n|-unboost|p2a: Luke|spd|1\n|move|p1a: Hey You|Lunge|p2a: Luke\n|-resisted|p2a: Luke\n|-damage|p2a: Luke|91\/100\n|-unboost|p2a: Luke|atk|1\n|\n|upkeep\n|turn|3\n|\n|t:|1701029447\n|switch|p2a: Believe Da Hype|Ogerpon-Wellspring, F|100\/100\n|move|p1a: Hey You|Knock Off|p2a: Believe Da Hype\n|-damage|p2a: Believe Da Hype|88\/100\n|\n|upkeep\n|turn|4\n|\n|t:|1701029454\n|move|p2a: Believe Da Hype|Ivy Cudgel|p1a: Hey You|[anim] Ivy Cudgel Water\n|-supereffective|p1a: Hey You\n|-damage|p1a: Hey You|27\/100\n|move|p1a: Hey You|Toxic|p2a: Believe Da Hype\n|-status|p2a: Believe Da Hype|tox\n|\n|-damage|p2a: Believe Da Hype|82\/100 tox|[from] psn\n|upkeep\n|turn|5\n|\n|t:|1701029472\n|move|p2a: Believe Da Hype|Horn Leech|p1a: Hey You\n|-damage|p1a: Hey You|4\/100\n|-heal|p2a: Believe Da Hype|91\/100 tox|[from] drain|[of] p1a: Hey You\n|move|p1a: Hey You|Stealth Rock|p2a: Believe Da Hype\n|-sidestart|p2: Rinumaki|move: Stealth Rock\n|\n|-damage|p2a: Believe Da Hype|79\/100 tox|[from] psn\n|upkeep\n|turn|6\n|\n|t:|1701029483\n|move|p2a: Believe Da Hype|Ivy Cudgel|p1a: Hey You|[anim] Ivy Cudgel Water\n|-supereffective|p1a: Hey You\n|-damage|p1a: Hey You|0 fnt\n|faint|p1a: Hey You\n|\n|-damage|p2a: Believe Da Hype|60\/100 tox|[from] psn\n|upkeep\n|\n|t:|1701029497\n|switch|p1a: Time|Cryogonal|100\/100\n|turn|7\n|\n|t:|1701029518\n|switch|p2a: Fading Bomb|Typhlosion-Hisui, F, shiny|100\/100\n|-damage|p2a: Fading Bomb|76\/100|[from] Stealth Rock\n|move|p1a: Time|Freeze-Dry|p2a: Fading Bomb\n|-resisted|p2a: Fading Bomb\n|-damage|p2a: Fading Bomb|56\/100\n|\n|upkeep\n|turn|8\n|\n|t:|1701029526\n|switch|p1a: Eclipse|Volcanion|100\/100\n|move|p2a: Fading Bomb|Flamethrower|p1a: Eclipse\n|-resisted|p1a: Eclipse\n|-damage|p1a: Eclipse|89\/100\n|\n|upkeep\n|turn|9\n|\n|t:|1701029546\n|switch|p2a: Vergil|Garchomp, M, shiny|100\/100\n|-damage|p2a: Vergil|94\/100|[from] Stealth Rock\n|move|p1a: Eclipse|Steam Eruption|p2a: Vergil\n|-crit|p2a: Vergil\n|-damage|p2a: Vergil|0 fnt\n|faint|p2a: Vergil\n|\n|upkeep\n|\n|t:|1701029574\n|switch|p2a: Luke|Lucario, F|91\/100\n|-damage|p2a: Luke|88\/100|[from] Stealth Rock\n|turn|10\n|\n|t:|1701029586\n|move|p2a: Luke|Meteor Mash|p1a: Eclipse\n|-resisted|p1a: Eclipse\n|-damage|p1a: Eclipse|82\/100\n|-damage|p2a: Luke|72\/100|[from] item: Rocky Helmet|[of] p1a: Eclipse\n|move|p1a: Eclipse|Overheat|p2a: Luke\n|-supereffective|p2a: Luke\n|-crit|p2a: Luke\n|-damage|p2a: Luke|0 fnt\n|-unboost|p1a: Eclipse|spa|2\n|faint|p2a: Luke\n|\n|upkeep\n|\n|t:|1701029605\n|switch|p2a: Believe Da Hype|Ogerpon-Wellspring, F|60\/100 tox\n|-damage|p2a: Believe Da Hype|48\/100 tox|[from] Stealth Rock\n|turn|11\n|\n|t:|1701029610\n|move|p2a: Believe Da Hype|Horn Leech|p1a: Eclipse\n|-damage|p1a: Eclipse|51\/100\n|-heal|p2a: Believe Da Hype|63\/100 tox|[from] drain|[of] p1a: Eclipse\n|-damage|p2a: Believe Da Hype|47\/100 tox|[from] item: Rocky Helmet|[of] p1a: Eclipse\n|move|p1a: Eclipse|Haze|p1a: Eclipse\n|-clearallboost\n|\n|-damage|p2a: Believe Da Hype|41\/100 tox|[from] psn\n|upkeep\n|turn|12\n|\n|t:|1701029620\n|move|p2a: Believe Da Hype|Horn Leech|p1a: Eclipse\n|-damage|p1a: Eclipse|24\/100\n|-heal|p2a: Believe Da Hype|54\/100 tox|[from] drain|[of] p1a: Eclipse\n|-damage|p2a: Believe Da Hype|38\/100 tox|[from] item: Rocky Helmet|[of] p1a: Eclipse\n|move|p1a: Eclipse|Overheat|p2a: Believe Da Hype|[miss]\n|-miss|p1a: Eclipse|p2a: Believe Da Hype\n|\n|-damage|p2a: Believe Da Hype|26\/100 tox|[from] psn\n|upkeep\n|turn|13\n|\n|t:|1701029631\n|move|p2a: Believe Da Hype|Horn Leech|p1a: Eclipse\n|-crit|p1a: Eclipse\n|-damage|p1a: Eclipse|0 fnt\n|-heal|p2a: Believe Da Hype|38\/100 tox|[from] drain|[of] p1a: Eclipse\n|-damage|p2a: Believe Da Hype|21\/100 tox|[from] item: Rocky Helmet|[of] p1a: Eclipse\n|faint|p1a: Eclipse\n|\n|-damage|p2a: Believe Da Hype|3\/100 tox|[from] psn\n|upkeep\n|\n|t:|1701029657\n|switch|p1a: The Wall|Conkeldurr, M|100\/100\n|turn|14\n|\n|t:|1701029688\n|move|p1a: The Wall|Mach Punch|p2a: Believe Da Hype\n|-damage|p2a: Believe Da Hype|0 fnt\n|faint|p2a: Believe Da Hype\n|\n|-status|p1a: The Wall|brn|[from] item: Flame Orb\n|upkeep\n|\n|t:|1701029696\n|switch|p2a: Fading Bomb|Typhlosion-Hisui, F, shiny|56\/100\n|-damage|p2a: Fading Bomb|31\/100|[from] Stealth Rock\n|turn|15\n|\n|t:|1701029704\n|move|p2a: Fading Bomb|Infernal Parade|p1a: The Wall\n|-damage|p1a: The Wall|16\/100 brn\n|move|p1a: The Wall|Knock Off|p2a: Fading Bomb\n|-supereffective|p2a: Fading Bomb\n|-damage|p2a: Fading Bomb|0 fnt\n|-enditem|p2a: Fading Bomb|Focus Sash|[from] move: Knock Off|[of] p1a: The Wall\n|faint|p2a: Fading Bomb\n|\n|-damage|p1a: The Wall|10\/100 brn|[from] brn\n|upkeep\n|\n|t:|1701029712\n|switch|p2a: It Don't Go Down|Milotic, M|100\/100\n|-damage|p2a: It Don't Go Down|88\/100|[from] Stealth Rock\n|turn|16\n|\n|t:|1701029718\n|move|p1a: The Wall|Mach Punch|p2a: It Don't Go Down\n|-damage|p2a: It Don't Go Down|60\/100\n|move|p2a: It Don't Go Down|Scald|p1a: The Wall\n|-damage|p1a: The Wall|0 fnt\n|faint|p1a: The Wall\n|\n|-status|p2a: It Don't Go Down|brn|[from] item: Flame Orb\n|upkeep\n|\n|t:|1701029728\n|switch|p1a: Pigs|Electrode-Hisui|100\/100\n|turn|17\n|\n|t:|1701029768\n|move|p1a: Pigs|Chloroblast|p2a: It Don't Go Down\n|-supereffective|p2a: It Don't Go Down\n|-damage|p2a: It Don't Go Down|0 fnt\n|faint|p2a: It Don't Go Down\n|-damage|p1a: Pigs|50\/100|[from] Recoil\n|\n|win|artanjules\n","uploadtime":1701029776,"views":1,"p1id":"artanjules","p2id":"rinumaki","formatid":"gen9anythinggoes","rating":0,"private":0,"password":""}