{"id":"gen9anythinggoes-1990776195","p1":"therizzmaster1000","p2":"gary yang SUX!!!","format":"[Gen 9] Anything Goes","log":"|j|\u2606therizzmaster1000\n|j|\u2606gary yang SUX!!!\n|t:|1699999732\n|gametype|singles\n|player|p1|therizzmaster1000|scientist-gen4dp|1042\n|player|p2|gary yang SUX!!!|acerola|1000\n|teamsize|p1|6\n|teamsize|p2|6\n|gen|9\n|tier|[Gen 9] Anything Goes\n|rated|\n|rule|HP Percentage Mod: HP is shown in percentages\n|rule|Endless Battle Clause: Forcing endless battles is banned\n|clearpoke\n|poke|p1|Gardevoir, M|\n|poke|p1|Kommo-o, F|\n|poke|p1|Palkia|\n|poke|p1|Infernape, M|\n|poke|p1|Empoleon, F|\n|poke|p1|Kingambit, M|\n|poke|p2|Maushold|\n|poke|p2|Maushold|\n|poke|p2|Maushold|\n|poke|p2|Maushold|\n|poke|p2|Maushold|\n|poke|p2|Maushold|\n|teampreview\n|\n|t:|1699999746\n|start\n|switch|p1a: Gardevoir|Gardevoir, M|100\/100\n|switch|p2a: gary yang SUX!!!|Maushold|100\/100\n|turn|1\n|inactive|Battle timer is ON: inactive players will automatically lose when time's up. (requested by gary yang SUX!!!)\n|\n|t:|1699999754\n|move|p2a: gary yang SUX!!!|Population Bomb|p1a: Gardevoir\n|-damage|p1a: Gardevoir|84\/100\n|-damage|p1a: Gardevoir|68\/100\n|-hitcount|p1a: Gardevoir|2\n|move|p1a: Gardevoir|Future Sight|p2a: gary yang SUX!!!\n|-start|p1a: Gardevoir|move: Future Sight\n|\n|upkeep\n|turn|2\n|\n|t:|1699999766\n|move|p2a: gary yang SUX!!!|Population Bomb|p1a: Gardevoir\n|-damage|p1a: Gardevoir|52\/100\n|-damage|p1a: Gardevoir|36\/100\n|-damage|p1a: Gardevoir|21\/100\n|-damage|p1a: Gardevoir|6\/100\n|-damage|p1a: Gardevoir|0 fnt\n|faint|p1a: Gardevoir\n|-hitcount|p1: Gardevoir|5\n|\n|upkeep\n|\n|t:|1699999777\n|switch|p1a: Infernape|Infernape, M|100\/100\n|turn|3\n|\n|t:|1699999786\n|move|p1a: Infernape|Drain Punch|p2a: gary yang SUX!!!\n|-supereffective|p2a: gary yang SUX!!!\n|-damage|p2a: gary yang SUX!!!|0 fnt\n|faint|p2a: gary yang SUX!!!\n|-damage|p1a: Infernape|91\/100|[from] item: Life Orb\n|\n|-hint|Future Sight did not hit because the target is fainted.\n|upkeep\n|c|\u2606gary yang SUX!!!|gary yang SUCKS\n|c|\u2606gary yang SUX!!!|we HATE gary yang\n|\n|t:|1699999807\n|switch|p2a: gary yang SUX!!!|Maushold|100\/100\n|turn|4\n|\n|t:|1699999810\n|move|p1a: Infernape|Drain Punch|p2a: gary yang SUX!!!\n|-supereffective|p2a: gary yang SUX!!!\n|-crit|p2a: gary yang SUX!!!\n|-damage|p2a: gary yang SUX!!!|0 fnt\n|-heal|p1a: Infernape|100\/100|[from] drain|[of] p2a: gary yang SUX!!!\n|faint|p2a: gary yang SUX!!!\n|-damage|p1a: Infernape|91\/100|[from] item: Life Orb\n|\n|upkeep\n|\n|t:|1699999815\n|switch|p2a: gary yang SUX!!!|Maushold|100\/100\n|turn|5\n|\n|t:|1699999821\n|move|p1a: Infernape|Drain Punch|p2a: gary yang SUX!!!\n|-supereffective|p2a: gary yang SUX!!!\n|-damage|p2a: gary yang SUX!!!|0 fnt\n|-heal|p1a: Infernape|100\/100|[from] drain|[of] p2a: gary yang SUX!!!\n|faint|p2a: gary yang SUX!!!\n|-damage|p1a: Infernape|91\/100|[from] item: Life Orb\n|\n|upkeep\n|\n|t:|1699999824\n|switch|p2a: gary yang SUX!!!|Maushold|100\/100\n|turn|6\n|\n|t:|1699999831\n|move|p1a: Infernape|Drain Punch|p2a: gary yang SUX!!!\n|-supereffective|p2a: gary yang SUX!!!\n|-damage|p2a: gary yang SUX!!!|0 fnt\n|-heal|p1a: Infernape|100\/100|[from] drain|[of] p2a: gary yang SUX!!!\n|faint|p2a: gary yang SUX!!!\n|-damage|p1a: Infernape|91\/100|[from] item: Life Orb\n|\n|upkeep\n|\n|t:|1699999833\n|switch|p2a: gary yang SUX!!!|Maushold|100\/100\n|turn|7\n|inactive|gary yang SUX!!! has 120 seconds left.\n|inactive|gary yang SUX!!! has 90 seconds left.\n|-message|therizzmaster1000 forfeited.\n|\n|win|gary yang SUX!!!\n|raw|therizzmaster1000's rating: 1042 &rarr; <strong>1024<\/strong><br \/>(-18 for losing)\n|raw|gary yang SUX!!!'s rating: 1000 &rarr; <strong>1045<\/strong><br \/>(+45 for winning)\n|l|\u2606therizzmaster1000\n|c|\u2606gary yang SUX!!!|WOOO\n|c|\u2606gary yang SUX!!!|GARY YANG\n|c|\u2606gary yang SUX!!!|SUX!!!\n","uploadtime":1699999956,"views":5,"p1id":"therizzmaster1000","p2id":"garyyangsux","formatid":"gen9anythinggoes","rating":1024,"private":0,"password":""}