{"id":"gen9anythinggoes-1999653269","p1":"Ani Battles","p2":"KingOfTheMinnish","format":"[Gen 9] Anything Goes","log":"|j|\u2606Ani Battles\n|j|\u2606KingOfTheMinnish\n|t:|1701104852\n|gametype|singles\n|player|p1|Ani Battles|2|1158\n|player|p2|KingOfTheMinnish|1|1134\n|teamsize|p1|6\n|teamsize|p2|6\n|gen|9\n|tier|[Gen 9] Anything Goes\n|rated|\n|rule|HP Percentage Mod: HP is shown in percentages\n|rule|Endless Battle Clause: Forcing endless battles is banned\n|clearpoke\n|poke|p1|Azumarill, F|\n|poke|p1|Dragonite, F|\n|poke|p1|Zacian-*|\n|poke|p1|Mimikyu, M|\n|poke|p1|Cinderace, M|\n|poke|p1|Polteageist|\n|poke|p2|Maushold-Four|\n|poke|p2|Flutter Mane|\n|poke|p2|Miraidon|\n|poke|p2|Rabsca, M|\n|poke|p2|Garganacl, F|\n|poke|p2|Houndstone, M|\n|teampreview\n|\n|t:|1701104870\n|start\n|switch|p1a: Azumarill|Azumarill, F|100\/100\n|switch|p2a: DeMarco|Miraidon|100\/100\n|-fieldstart|move: Electric Terrain|[from] ability: Hadron Engine|[of] p2a: DeMarco\n|turn|1\n|\n|t:|1701104878\n|-terastallize|p2a: DeMarco|Electric\n|move|p2a: DeMarco|Electro Drift|p1a: Azumarill\n|-supereffective|p1a: Azumarill\n|-damage|p1a: Azumarill|0 fnt\n|faint|p1a: Azumarill\n|\n|upkeep\n|inactive|Battle timer is ON: inactive players will automatically lose when time's up. (requested by KingOfTheMinnish)\n|\n|t:|1701104898\n|switch|p1a: Mimikyu|Mimikyu, M|100\/100\n|turn|2\n|\n|t:|1701104908\n|switch|p2a: SSSReplacement|Garganacl, F, shiny|100\/100\n|move|p1a: Mimikyu|Trick|p2a: SSSReplacement\n|-activate|p1a: Mimikyu|move: Trick|[of] p2a: SSSReplacement\n|-item|p2a: SSSReplacement|Choice Specs|[from] move: Trick\n|-item|p1a: Mimikyu|Leftovers|[from] move: Trick\n|\n|upkeep\n|turn|3\n|\n|t:|1701104914\n|move|p1a: Mimikyu|Swords Dance|p1a: Mimikyu\n|-boost|p1a: Mimikyu|atk|2\n|move|p2a: SSSReplacement|Salt Cure|p1a: Mimikyu\n|-activate|p1a: Mimikyu|ability: Disguise\n|-damage|p1a: Mimikyu|100\/100\n|-start|p1a: Mimikyu|Salt Cure\n|detailschange|p1a: Mimikyu|Mimikyu-Busted, M\n|-damage|p1a: Mimikyu|88\/100|[from] pokemon: Mimikyu-Busted\n|\n|-heal|p1a: Mimikyu|94\/100|[from] item: Leftovers\n|-damage|p1a: Mimikyu|82\/100|[from] Salt Cure\n|upkeep\n|turn|4\n|\n|t:|1701104927\n|move|p1a: Mimikyu|Play Rough|p2a: SSSReplacement\n|-damage|p2a: SSSReplacement|52\/100\n|move|p2a: SSSReplacement|Salt Cure|p1a: Mimikyu\n|-damage|p1a: Mimikyu|60\/100\n|\n|-heal|p1a: Mimikyu|66\/100|[from] item: Leftovers\n|-damage|p1a: Mimikyu|53\/100|[from] Salt Cure\n|upkeep\n|turn|5\n|\n|t:|1701104936\n|move|p1a: Mimikyu|Swords Dance|p1a: Mimikyu\n|-boost|p1a: Mimikyu|atk|2\n|move|p2a: SSSReplacement|Salt Cure|p1a: Mimikyu\n|-damage|p1a: Mimikyu|29\/100\n|\n|-heal|p1a: Mimikyu|35\/100|[from] item: Leftovers\n|-damage|p1a: Mimikyu|23\/100|[from] Salt Cure\n|-fieldend|move: Electric Terrain\n|upkeep\n|turn|6\n|\n|t:|1701104945\n|move|p1a: Mimikyu|Play Rough|p2a: SSSReplacement\n|-damage|p2a: SSSReplacement|0 fnt\n|faint|p2a: SSSReplacement\n|\n|-heal|p1a: Mimikyu|29\/100|[from] item: Leftovers\n|-damage|p1a: Mimikyu|16\/100|[from] Salt Cure\n|upkeep\n|\n|t:|1701104951\n|switch|p2a: Houndstone|Houndstone, M|100\/100\n|turn|7\n|\n|t:|1701104955\n|move|p1a: Mimikyu|Shadow Sneak|p2a: Houndstone\n|-supereffective|p2a: Houndstone\n|-damage|p2a: Houndstone|56\/100\n|move|p2a: Houndstone|Shadow Sneak|p1a: Mimikyu\n|-supereffective|p1a: Mimikyu\n|-damage|p1a: Mimikyu|0 fnt\n|faint|p1a: Mimikyu\n|\n|upkeep\n|\n|t:|1701104962\n|switch|p1a: Polteageist|Polteageist|100\/100\n|turn|8\n|\n|t:|1701104965\n|-terastallize|p1a: Polteageist|Fighting\n|move|p2a: Houndstone|Shadow Sneak|p1a: Polteageist\n|-damage|p1a: Polteageist|64\/100\n|move|p1a: Polteageist|Shell Smash|p1a: Polteageist\n|-unboost|p1a: Polteageist|def|1\n|-unboost|p1a: Polteageist|spd|1\n|-boost|p1a: Polteageist|atk|2\n|-boost|p1a: Polteageist|spa|2\n|-boost|p1a: Polteageist|spe|2\n|-enditem|p1a: Polteageist|White Herb\n|-clearnegativeboost|p1a: Polteageist|[silent]\n|\n|upkeep\n|turn|9\n|\n|t:|1701104976\n|move|p2a: Houndstone|Shadow Sneak|p1a: Polteageist\n|-damage|p1a: Polteageist|30\/100\n|-start|p2a: Houndstone|Disable|Shadow Sneak|[from] ability: Cursed Body|[of] p1a: Polteageist\n|move|p1a: Polteageist|Shadow Ball|p2a: Houndstone\n|-supereffective|p2a: Houndstone\n|-damage|p2a: Houndstone|0 fnt\n|faint|p2a: Houndstone\n|\n|upkeep\n|\n|t:|1701104984\n|switch|p2a: DeMarco|Miraidon, tera:Electric|100\/100\n|-fieldstart|move: Electric Terrain|[from] ability: Hadron Engine|[of] p2a: DeMarco\n|turn|10\n|\n|t:|1701104988\n|move|p1a: Polteageist|Stored Power|p2a: DeMarco\n|-damage|p2a: DeMarco|36\/100\n|move|p2a: DeMarco|Electro Drift|p1a: Polteageist\n|-damage|p1a: Polteageist|0 fnt\n|faint|p1a: Polteageist\n|\n|upkeep\n|\n|t:|1701104999\n|switch|p1a: Cinderace|Cinderace, M|100\/100\n|turn|11\n|\n|t:|1701105004\n|move|p2a: DeMarco|Electro Drift|p1a: Cinderace\n|-crit|p1a: Cinderace\n|-damage|p1a: Cinderace|0 fnt\n|faint|p1a: Cinderace\n|\n|upkeep\n|\n|t:|1701105010\n|switch|p1a: Dragonite|Dragonite, F|100\/100\n|turn|12\n|\n|t:|1701105019\n|move|p1a: Dragonite|Extreme Speed|p2a: DeMarco\n|-damage|p2a: DeMarco|0 fnt\n|faint|p2a: DeMarco\n|-damage|p1a: Dragonite|91\/100|[from] item: Life Orb\n|\n|upkeep\n|\n|t:|1701105024\n|switch|p2a: Flutter Mane|Flutter Mane, shiny|100\/100\n|turn|13\n|\n|t:|1701105032\n|move|p2a: Flutter Mane|Moonblast|p1a: Dragonite\n|-supereffective|p1a: Dragonite\n|-damage|p1a: Dragonite|0 fnt\n|faint|p1a: Dragonite\n|-damage|p2a: Flutter Mane|91\/100|[from] item: Life Orb\n|\n|upkeep\n|\n|t:|1701105038\n|switch|p1a: Zacian|Zacian-Crowned|100\/100\n|-ability|p1a: Zacian|Intrepid Sword|boost\n|-boost|p1a: Zacian|atk|1\n|turn|14\n|\n|t:|1701105043\n|move|p1a: Zacian|Behemoth Blade|p2a: Flutter Mane\n|-supereffective|p2a: Flutter Mane\n|-damage|p2a: Flutter Mane|0 fnt\n|faint|p2a: Flutter Mane\n|-end|p2a: Flutter Mane|Protosynthesis|[silent]\n|\n|-fieldend|move: Electric Terrain\n|upkeep\n|\n|t:|1701105052\n|switch|p2a: Rabsca|Rabsca, M, shiny|100\/100\n|turn|15\n|\n|t:|1701105058\n|move|p1a: Zacian|Swords Dance|p1a: Zacian\n|-boost|p1a: Zacian|atk|2\n|move|p2a: Rabsca|Trick Room|p2a: Rabsca\n|-fieldstart|move: Trick Room|[of] p2a: Rabsca\n|\n|upkeep\n|turn|16\n|\n|t:|1701105063\n|move|p2a: Rabsca|Revival Blessing|p2a: Rabsca\n|-enditem|p2a: Rabsca|Leppa Berry|[eat]\n|-activate|p2a: Rabsca|item: Leppa Berry|Revival Blessing|[consumed]\n|\n|t:|1701105067\n|-heal|p2: Houndstone|50\/100|[from] move: Revival Blessing\n|move|p1a: Zacian|Swords Dance|p1a: Zacian\n|-boost|p1a: Zacian|atk|2\n|\n|upkeep\n|turn|17\n|\n|t:|1701105073\n|move|p2a: Rabsca|Revival Blessing|p2a: Rabsca\n|\n|t:|1701105084\n|-heal|p2: SSSReplacement|50\/100|[from] move: Revival Blessing\n|move|p1a: Zacian|Behemoth Blade|p2a: Rabsca\n|-damage|p2a: Rabsca|0 fnt\n|faint|p2a: Rabsca\n|\n|upkeep\n|\n|t:|1701105092\n|switch|p2a: SSSReplacement|Garganacl, F, shiny|50\/100\n|turn|18\n|\n|t:|1701105097\n|move|p2a: SSSReplacement|Salt Cure|p1a: Zacian\n|-resisted|p1a: Zacian\n|-damage|p1a: Zacian|94\/100\n|-start|p1a: Zacian|Salt Cure\n|move|p1a: Zacian|Sacred Sword|p2a: SSSReplacement\n|-supereffective|p2a: SSSReplacement\n|-damage|p2a: SSSReplacement|0 fnt\n|faint|p2a: SSSReplacement\n|\n|-damage|p1a: Zacian|69\/100|[from] Salt Cure\n|upkeep\n|\n|t:|1701105100\n|switch|p2a: Houndstone|Houndstone, M|50\/100\n|turn|19\n|\n|t:|1701105110\n|move|p2a: Houndstone|Last Respects|p1a: Zacian\n|-damage|p1a: Zacian|0 fnt\n|faint|p1a: Zacian\n|\n|win|KingOfTheMinnish\n|raw|Ani Battles's rating: 1158 &rarr; <strong>1131<\/strong><br \/>(-27 for losing)\n|raw|KingOfTheMinnish's rating: 1134 &rarr; <strong>1161<\/strong><br \/>(+27 for winning)\n|l|\u2606Ani Battles\n","uploadtime":1701105115,"views":0,"p1id":"anibattles","p2id":"kingoftheminnish","formatid":"gen9anythinggoes","rating":1131,"private":0,"password":""}