{"id":"gen9anythinggoes-1975418101","p1":"DanWatcher","p2":"Shadowkipz13","format":"[Gen 9] Anything Goes","log":"|j|\u2606DanWatcher\n|j|\u2606Shadowkipz13\n|t:|1698189129\n|gametype|singles\n|player|p1|DanWatcher|swimmer-gen4dp|1251\n|player|p2|Shadowkipz13|petrel|1352\n|teamsize|p1|6\n|teamsize|p2|6\n|gen|9\n|tier|[Gen 9] Anything Goes\n|rated|\n|rule|HP Percentage Mod: HP is shown in percentages\n|rule|Endless Battle Clause: Forcing endless battles is banned\n|clearpoke\n|poke|p1|Maushold-Four|\n|poke|p1|Magearna|\n|poke|p1|Toxapex, F|\n|poke|p1|Zamazenta-*|\n|poke|p1|Carbink|\n|poke|p1|Basculegion, M|\n|poke|p2|Infernape, M|\n|poke|p2|Ogerpon-Wellspring, F|\n|poke|p2|Ribombee, M|\n|poke|p2|Maushold|\n|poke|p2|Tyranitar, F|\n|poke|p2|Ursaluna-Bloodmoon, M|\n|teampreview\n|\n|t:|1698189157\n|start\n|switch|p1a: Magearna|Magearna|100\/100\n|switch|p2a: Faye|Ribombee, M|100\/100\n|turn|1\n|\n|t:|1698189164\n|move|p2a: Faye|Sticky Web|p1a: Magearna\n|-sidestart|p1: DanWatcher|move: Sticky Web\n|move|p1a: Magearna|Shift Gear|p1a: Magearna\n|-boost|p1a: Magearna|spe|2\n|-boost|p1a: Magearna|atk|1\n|\n|upkeep\n|turn|2\n|\n|t:|1698189174\n|move|p2a: Faye|Quiver Dance|p2a: Faye\n|-boost|p2a: Faye|spa|1\n|-boost|p2a: Faye|spd|1\n|-boost|p2a: Faye|spe|1\n|move|p1a: Magearna|Shift Gear|p1a: Magearna\n|-boost|p1a: Magearna|spe|2\n|-boost|p1a: Magearna|atk|1\n|\n|upkeep\n|turn|3\n|\n|t:|1698189196\n|move|p2a: Faye|Quiver Dance|p2a: Faye\n|-boost|p2a: Faye|spa|1\n|-boost|p2a: Faye|spd|1\n|-boost|p2a: Faye|spe|1\n|move|p1a: Magearna|Iron Head|p2a: Faye\n|-supereffective|p2a: Faye\n|-enditem|p2a: Faye|Focus Sash\n|-damage|p2a: Faye|1\/100\n|\n|upkeep\n|turn|4\n|\n|t:|1698189208\n|move|p2a: Faye|Stored Power|p1a: Magearna\n|-resisted|p1a: Magearna\n|-damage|p1a: Magearna|70\/100\n|move|p1a: Magearna|Iron Head|p2a: Faye\n|-supereffective|p2a: Faye\n|-damage|p2a: Faye|0 fnt\n|faint|p2a: Faye\n|-ability|p1a: Magearna|Soul-Heart|boost\n|-boost|p1a: Magearna|spa|1\n|\n|-heal|p1a: Magearna|76\/100|[from] item: Leftovers\n|upkeep\n|\n|t:|1698189282\n|switch|p2a: Majora|Ogerpon-Wellspring, F|100\/100\n|turn|5\n|\n|t:|1698189292\n|move|p1a: Magearna|Shift Gear|p1a: Magearna\n|-boost|p1a: Magearna|spe|2\n|-boost|p1a: Magearna|atk|1\n|move|p2a: Majora|Ivy Cudgel|p1a: Magearna\n|-crit|p1a: Magearna\n|-damage|p1a: Magearna|0 fnt\n|faint|p1a: Magearna\n|\n|upkeep\n|c|\u2606Shadowkipz13|May be a loss already\n|c|\u2606Shadowkipz13|Oh, nvm\n|c|\u2606DanWatcher|What\n|c|\u2606DanWatcher|What was that move\n|c|\u2606Shadowkipz13|Thought I was done for.\n|c|\u2606Shadowkipz13|Oh\n|c|\u2606Shadowkipz13|That's Ivy Cudgel, Ogerpon's signature\n|\n|t:|1698189348\n|switch|p1a: Maushold|Maushold-Four|100\/100\n|-activate|p1a: Maushold|move: Sticky Web\n|-unboost|p1a: Maushold|spe|1\n|turn|6\n|c|\u2606Shadowkipz13|Type depends on HER type lol\n|\n|t:|1698189381\n|move|p2a: Majora|Ivy Cudgel|p1a: Maushold\n|-damage|p1a: Maushold|3\/100\n|move|p1a: Maushold|Tidy Up|p1a: Maushold\n|-sideend|p1: DanWatcher|Sticky Web\n|-activate|p1a: Maushold|move: Tidy Up\n|-boost|p1a: Maushold|atk|1\n|-boost|p1a: Maushold|spe|1\n|\n|upkeep\n|turn|7\n|\n|t:|1698189405\n|move|p1a: Maushold|Population Bomb|p2a: Majora\n|-damage|p2a: Majora|81\/100\n|-damage|p2a: Majora|57\/100\n|-crit|p2a: Majora\n|-damage|p2a: Majora|22\/100\n|-damage|p2a: Majora|1\/100\n|-damage|p2a: Majora|0 fnt\n|faint|p2a: Majora\n|-hitcount|p2: Majora|5\n|\n|upkeep\n|c|\u2606DanWatcher|I see\n|c|\u2606Shadowkipz13|Example: It's a grass type move...but it hits as a water type move because of her Mask.\n|\n|t:|1698189442\n|switch|p2a: Gogeta|Infernape, M|100\/100\n|turn|8\n|\n|t:|1698189457\n|move|p2a: Gogeta|Mach Punch|p1a: Maushold\n|-supereffective|p1a: Maushold\n|-damage|p1a: Maushold|0 fnt\n|faint|p1a: Maushold\n|\n|upkeep\n|c|\u2606Shadowkipz13|Or a Rock type, or a Fire type.\n|\n|t:|1698189488\n|switch|p1a: Basculegion|Basculegion, M|100\/100\n|turn|9\n|\n|t:|1698189500\n|move|p1a: Basculegion|Last Respects|p2a: Gogeta\n|-damage|p2a: Gogeta|5\/100\n|move|p2a: Gogeta|Thunder Punch|p1a: Basculegion\n|-supereffective|p1a: Basculegion\n|-damage|p1a: Basculegion|28\/100\n|\n|upkeep\n|turn|10\n|\n|t:|1698189509\n|move|p1a: Basculegion|Last Respects|p2a: Gogeta\n|-damage|p2a: Gogeta|0 fnt\n|faint|p2a: Gogeta\n|\n|upkeep\n|\n|t:|1698189524\n|switch|p2a: Freddy Fazbear|Ursaluna-Bloodmoon, M|100\/100\n|turn|11\n|\n|t:|1698189534\n|switch|p1a: Toxapex|Toxapex, F|100\/100\n|move|p2a: Freddy Fazbear|Calm Mind|p2a: Freddy Fazbear\n|-boost|p2a: Freddy Fazbear|spa|1\n|-boost|p2a: Freddy Fazbear|spd|1\n|\n|upkeep\n|turn|12\n|\n|t:|1698189543\n|move|p2a: Freddy Fazbear|Earth Power|p1a: Toxapex\n|-supereffective|p1a: Toxapex\n|-damage|p1a: Toxapex|6\/100\n|move|p1a: Toxapex|Toxic Spikes|p2a: Freddy Fazbear\n|-sidestart|p2: Shadowkipz13|move: Toxic Spikes\n|\n|-heal|p1a: Toxapex|12\/100|[from] item: Leftovers\n|upkeep\n|turn|13\n|\n|t:|1698189583\n|switch|p1a: Carbink|Carbink|100\/100\n|move|p2a: Freddy Fazbear|Earth Power|p1a: Carbink\n|-supereffective|p1a: Carbink\n|-damage|p1a: Carbink|3\/100\n|-enditem|p1a: Carbink|Aguav Berry|[eat]\n|-heal|p1a: Carbink|36\/100|[from] item: Aguav Berry\n|\n|upkeep\n|turn|14\n|c|\u2606Shadowkipz13|Do you know Bloodmoon Ursaluna?\n|\n|t:|1698189603\n|move|p2a: Freddy Fazbear|Earth Power|p1a: Carbink\n|-supereffective|p1a: Carbink\n|-damage|p1a: Carbink|0 fnt\n|faint|p1a: Carbink\n|\n|upkeep\n|\n|t:|1698189622\n|switch|p1a: Basculegion|Basculegion, M|28\/100\n|turn|15\n|\n|t:|1698189644\n|-terastallize|p2a: Freddy Fazbear|Ghost\n|move|p1a: Basculegion|Liquidation|p2a: Freddy Fazbear\n|-damage|p2a: Freddy Fazbear|73\/100\n|move|p2a: Freddy Fazbear|Earth Power|p1a: Basculegion\n|-damage|p1a: Basculegion|0 fnt\n|faint|p1a: Basculegion\n|\n|upkeep\n|c|\u2606DanWatcher|I don't\n|c|\u2606Shadowkipz13|Powerful special attacker\n|c|\u2606Shadowkipz13|Signature attack is 140 bp, can't be used twice in a row.\n|c|\u2606DanWatcher|By the way, terastelizing into a ghost type was risky because if I hit last respects, that would have been it for Freddy\n|\n|t:|1698189748\n|switch|p1a: Zamazenta|Zamazenta|100\/100\n|-ability|p1a: Zamazenta|Dauntless Shield|boost\n|-boost|p1a: Zamazenta|def|1\n|turn|16\n|c|\u2606Shadowkipz13|Lmao, you're absolutely right.\n|c|\u2606Shadowkipz13|I thought about that too.\n|c|\u2606DanWatcher|But yeah, i pressed liquidation anyway xd\n|c|\u2606Shadowkipz13|I would've fallen back on Maushold....or atleast that was my plan B if you had went for Last Respects.\n|\n|t:|1698189826\n|move|p2a: Freddy Fazbear|Blood Moon|p1a: Zamazenta\n|-damage|p1a: Zamazenta|0 fnt\n|faint|p1a: Zamazenta\n|\n|upkeep\n|\n|t:|1698189850\n|switch|p1a: Toxapex|Toxapex, F|45\/100\n|turn|17\n|\n|t:|1698189863\n|move|p2a: Freddy Fazbear|Earth Power|p1a: Toxapex\n|-supereffective|p1a: Toxapex\n|-damage|p1a: Toxapex|0 fnt\n|faint|p1a: Toxapex\n|\n|win|Shadowkipz13\n|raw|DanWatcher's rating: 1251 &rarr; <strong>1233<\/strong><br \/>(-18 for losing)\n|raw|Shadowkipz13's rating: 1352 &rarr; <strong>1366<\/strong><br \/>(+14 for winning)\n|c|\u2606DanWatcher|Gg\n|c|\u2606Shadowkipz13|Gg\n|c|\u2606Shadowkipz13|Very well played\n|l|\u2606DanWatcher\n","uploadtime":1698190048,"views":8,"p1id":"danwatcher","p2id":"shadowkipz13","formatid":"gen9anythinggoes","rating":1233,"private":0,"password":""}