{"id":"gen9anythinggoes-1995145616","p1":"Eriririririririric","p2":"Pipedardenne","format":"[Gen 9] Anything Goes","log":"|j|\u2606Eriririririririric\n|j|\u2606Pipedardenne\n|t:|1700527661\n|gametype|singles\n|player|p1|Eriririririririric|2|1683\n|player|p2|Pipedardenne|pokemonbreeder-gen4|1590\n|teamsize|p1|6\n|teamsize|p2|6\n|gen|9\n|tier|[Gen 9] Anything Goes\n|rated|\n|rule|HP Percentage Mod: HP is shown in percentages\n|rule|Endless Battle Clause: Forcing endless battles is banned\n|clearpoke\n|poke|p1|Ting-Lu|\n|poke|p1|Calyrex-Shadow|\n|poke|p1|Koraidon|\n|poke|p1|Miraidon|\n|poke|p1|Zacian-*|\n|poke|p1|Ditto|\n|poke|p2|Azelf|\n|poke|p2|Calyrex-Shadow|\n|poke|p2|Grimmsnarl, M|\n|poke|p2|Zacian-*|\n|poke|p2|Miraidon|\n|poke|p2|Arceus|\n|teampreview\n|inactive|Battle timer is ON: inactive players will automatically lose when time's up. (requested by Eriririririririric)\n|\n|t:|1700527672\n|start\n|switch|p1a: \u64cd\u4f60\u5988\u7684|Ting-Lu|100\/100\n|switch|p2a: Azelf|Azelf|100\/100\n|-ability|p1a: \u64cd\u4f60\u5988\u7684|Vessel of Ruin\n|turn|1\n|\n|t:|1700527680\n|move|p2a: Azelf|Taunt|p1a: \u64cd\u4f60\u5988\u7684\n|-start|p1a: \u64cd\u4f60\u5988\u7684|move: Taunt\n|cant|p1a: \u64cd\u4f60\u5988\u7684|move: Taunt|Stealth Rock\n|\n|upkeep\n|turn|2\n|\n|t:|1700527685\n|switch|p1a: \u64cd\u4f60\u7238\u7684|Calyrex-Shadow|100\/100\n|-ability|p1a: \u64cd\u4f60\u7238\u7684|As One\n|-ability|p1a: \u64cd\u4f60\u7238\u7684|Unnerve\n|move|p2a: Azelf|Stealth Rock|p1a: \u64cd\u4f60\u7238\u7684\n|-sidestart|p1: Eriririririririric|move: Stealth Rock\n|\n|upkeep\n|turn|3\n|\n|t:|1700527693\n|switch|p2a: Grimmsnarl|Grimmsnarl, M|100\/100\n|move|p1a: \u64cd\u4f60\u7238\u7684|Astral Barrage|p2a: Grimmsnarl\n|-resisted|p2a: Grimmsnarl\n|-damage|p2a: Grimmsnarl|72\/100\n|\n|upkeep\n|turn|4\n|\n|t:|1700527701\n|move|p2a: Grimmsnarl|Parting Shot|p1a: \u64cd\u4f60\u7238\u7684\n|-unboost|p1a: \u64cd\u4f60\u7238\u7684|atk|1\n|-unboost|p1a: \u64cd\u4f60\u7238\u7684|spa|1\n|\n|t:|1700527705\n|switch|p2a: Calyrex|Calyrex-Shadow|100\/100|[from] Parting Shot\n|-ability|p2a: Calyrex|As One\n|-ability|p2a: Calyrex|Unnerve\n|move|p1a: \u64cd\u4f60\u7238\u7684|Draining Kiss|p2a: Calyrex\n|-damage|p2a: Calyrex|87\/100\n|\n|upkeep\n|turn|5\n|\n|t:|1700527714\n|move|p2a: Calyrex|Astral Barrage|p1a: \u64cd\u4f60\u7238\u7684\n|-supereffective|p1a: \u64cd\u4f60\u7238\u7684\n|-enditem|p1a: \u64cd\u4f60\u7238\u7684|Focus Sash\n|-damage|p1a: \u64cd\u4f60\u7238\u7684|1\/100\n|move|p1a: \u64cd\u4f60\u7238\u7684|Astral Barrage|p2a: Calyrex\n|-supereffective|p2a: Calyrex\n|-damage|p2a: Calyrex|0 fnt\n|faint|p2a: Calyrex\n|-ability|p1a: \u64cd\u4f60\u7238\u7684|Grim Neigh|boost\n|-boost|p1a: \u64cd\u4f60\u7238\u7684|spa|1\n|\n|upkeep\n|\n|t:|1700527728\n|switch|p2a: Arceus|Arceus|100\/100\n|turn|6\n|\n|t:|1700527733\n|move|p1a: \u64cd\u4f60\u7238\u7684|Psychic|p2a: Arceus\n|-damage|p2a: Arceus|60\/100\n|-unboost|p2a: Arceus|spd|1\n|move|p2a: Arceus|Phantom Force||[still]\n|-prepare|p2a: Arceus|Phantom Force\n|\n|-heal|p2a: Arceus|66\/100|[from] item: Leftovers\n|upkeep\n|turn|7\n|\n|t:|1700527741\n|move|p1a: \u64cd\u4f60\u7238\u7684|Psychic|p2a: Arceus|[miss]\n|-miss|p1a: \u64cd\u4f60\u7238\u7684|p2a: Arceus\n|move|p2a: Arceus|Phantom Force|p1a: \u64cd\u4f60\u7238\u7684|[from]lockedmove\n|-supereffective|p1a: \u64cd\u4f60\u7238\u7684\n|-damage|p1a: \u64cd\u4f60\u7238\u7684|0 fnt\n|faint|p1a: \u64cd\u4f60\u7238\u7684\n|\n|-heal|p2a: Arceus|72\/100|[from] item: Leftovers\n|upkeep\n|\n|t:|1700527745\n|switch|p1a: \u64cd\u4f60\u5988\u7684|Ting-Lu|100\/100\n|-damage|p1a: \u64cd\u4f60\u5988\u7684|94\/100|[from] Stealth Rock\n|-ability|p1a: \u64cd\u4f60\u5988\u7684|Vessel of Ruin\n|turn|8\n|\n|t:|1700527755\n|switch|p2a: Azelf|Azelf|100\/100\n|move|p1a: \u64cd\u4f60\u5988\u7684|Stealth Rock|p2a: Azelf\n|-sidestart|p2: Pipedardenne|move: Stealth Rock\n|\n|upkeep\n|turn|9\n|\n|t:|1700527762\n|switch|p1a: \u64cd\u4f60\u7956\u5b97\u4e00\u53f7|Zacian-Crowned|100\/100\n|-damage|p1a: \u64cd\u4f60\u7956\u5b97\u4e00\u53f7|94\/100|[from] Stealth Rock\n|-ability|p1a: \u64cd\u4f60\u7956\u5b97\u4e00\u53f7|Intrepid Sword|boost\n|-boost|p1a: \u64cd\u4f60\u7956\u5b97\u4e00\u53f7|atk|1\n|move|p2a: Azelf|Taunt|p1a: \u64cd\u4f60\u7956\u5b97\u4e00\u53f7\n|-start|p1a: \u64cd\u4f60\u7956\u5b97\u4e00\u53f7|move: Taunt\n|\n|upkeep\n|turn|10\n|\n|t:|1700527770\n|move|p1a: \u64cd\u4f60\u7956\u5b97\u4e00\u53f7|Behemoth Blade|p2a: Azelf\n|-enditem|p2a: Azelf|Focus Sash\n|-damage|p2a: Azelf|1\/100\n|move|p2a: Azelf|Fire Blast|p1a: \u64cd\u4f60\u7956\u5b97\u4e00\u53f7\n|-supereffective|p1a: \u64cd\u4f60\u7956\u5b97\u4e00\u53f7\n|-damage|p1a: \u64cd\u4f60\u7956\u5b97\u4e00\u53f7|42\/100\n|\n|upkeep\n|turn|11\n|\n|t:|1700527780\n|move|p1a: \u64cd\u4f60\u7956\u5b97\u4e00\u53f7|Behemoth Blade|p2a: Azelf\n|-damage|p2a: Azelf|0 fnt\n|faint|p2a: Azelf\n|\n|-end|p1a: \u64cd\u4f60\u7956\u5b97\u4e00\u53f7|move: Taunt\n|upkeep\n|\n|t:|1700527790\n|switch|p2a: Zacian|Zacian-Crowned|100\/100\n|-damage|p2a: Zacian|94\/100|[from] Stealth Rock\n|-ability|p2a: Zacian|Intrepid Sword|boost\n|-boost|p2a: Zacian|atk|1\n|turn|12\n|\n|t:|1700527796\n|move|p1a: \u64cd\u4f60\u7956\u5b97\u4e00\u53f7|Close Combat|p2a: Zacian\n|-damage|p2a: Zacian|29\/100\n|-unboost|p1a: \u64cd\u4f60\u7956\u5b97\u4e00\u53f7|def|1\n|-unboost|p1a: \u64cd\u4f60\u7956\u5b97\u4e00\u53f7|spd|1\n|move|p2a: Zacian|Behemoth Blade|p1a: \u64cd\u4f60\u7956\u5b97\u4e00\u53f7\n|-damage|p1a: \u64cd\u4f60\u7956\u5b97\u4e00\u53f7|0 fnt\n|faint|p1a: \u64cd\u4f60\u7956\u5b97\u4e00\u53f7\n|\n|upkeep\n|\n|t:|1700527800\n|switch|p1a: \u64cd\u4f60\u7237\u7684|Koraidon|100\/100\n|-damage|p1a: \u64cd\u4f60\u7237\u7684|94\/100|[from] Stealth Rock\n|-weather|SunnyDay|[from] ability: Orichalcum Pulse|[of] p1a: \u64cd\u4f60\u7237\u7684\n|-activate|p1a: \u64cd\u4f60\u7237\u7684|Orichalcum Pulse|[source]\n|turn|13\n|\n|t:|1700527817\n|move|p1a: \u64cd\u4f60\u7237\u7684|Collision Course|p2a: Zacian\n|-damage|p2a: Zacian|0 fnt\n|faint|p2a: Zacian\n|\n|-weather|SunnyDay|[upkeep]\n|upkeep\n|\n|t:|1700527831\n|switch|p2a: Grimmsnarl|Grimmsnarl, M|72\/100\n|-damage|p2a: Grimmsnarl|59\/100|[from] Stealth Rock\n|turn|14\n|\n|t:|1700527837\n|-terastallize|p1a: \u64cd\u4f60\u7237\u7684|Fire\n|move|p2a: Grimmsnarl|Reflect|p2a: Grimmsnarl\n|-sidestart|p2: Pipedardenne|Reflect\n|move|p1a: \u64cd\u4f60\u7237\u7684|Collision Course|p2a: Grimmsnarl\n|-damage|p2a: Grimmsnarl|16\/100\n|\n|-weather|SunnyDay|[upkeep]\n|upkeep\n|turn|15\n|\n|t:|1700527847\n|move|p2a: Grimmsnarl|Parting Shot|p1a: \u64cd\u4f60\u7237\u7684\n|-unboost|p1a: \u64cd\u4f60\u7237\u7684|atk|1\n|-unboost|p1a: \u64cd\u4f60\u7237\u7684|spa|1\n|\n|t:|1700527852\n|switch|p2a: Miraidon|Miraidon|100\/100|[from] Parting Shot\n|-damage|p2a: Miraidon|88\/100|[from] Stealth Rock\n|-fieldstart|move: Electric Terrain|[from] ability: Hadron Engine|[of] p2a: Miraidon\n|move|p1a: \u64cd\u4f60\u7237\u7684|Collision Course|p2a: Miraidon\n|-damage|p2a: Miraidon|63\/100\n|\n|-weather|SunnyDay|[upkeep]\n|upkeep\n|turn|16\n|\n|t:|1700527867\n|switch|p1a: \u64cd\u4f60\u5988\u7684|Ting-Lu|94\/100\n|-damage|p1a: \u64cd\u4f60\u5988\u7684|88\/100|[from] Stealth Rock\n|-ability|p1a: \u64cd\u4f60\u5988\u7684|Vessel of Ruin\n|move|p2a: Miraidon|Draco Meteor|p1a: \u64cd\u4f60\u5988\u7684\n|-damage|p1a: \u64cd\u4f60\u5988\u7684|17\/100\n|-unboost|p2a: Miraidon|spa|2\n|-damage|p2a: Miraidon|53\/100|[from] item: Life Orb\n|\n|-weather|SunnyDay|[upkeep]\n|upkeep\n|turn|17\n|\n|t:|1700527878\n|move|p2a: Miraidon|Draco Meteor|p1a: \u64cd\u4f60\u5988\u7684\n|-damage|p1a: \u64cd\u4f60\u5988\u7684|0 fnt\n|-unboost|p2a: Miraidon|spa|2\n|faint|p1a: \u64cd\u4f60\u5988\u7684\n|-damage|p2a: Miraidon|43\/100|[from] item: Life Orb\n|\n|-weather|none\n|upkeep\n|\n|t:|1700527880\n|switch|p1a: \u64cd\u4f60\u5976\u7684|Miraidon|100\/100\n|-activate|p1a: \u64cd\u4f60\u5976\u7684|ability: Hadron Engine\n|turn|18\n|\n|t:|1700527910\n|switch|p2a: Grimmsnarl|Grimmsnarl, M|16\/100\n|-damage|p2a: Grimmsnarl|4\/100|[from] Stealth Rock\n|move|p1a: \u64cd\u4f60\u5976\u7684|Agility|p1a: \u64cd\u4f60\u5976\u7684\n|-boost|p1a: \u64cd\u4f60\u5976\u7684|spe|2\n|\n|upkeep\n|turn|19\n|\n|t:|1700527924\n|move|p2a: Grimmsnarl|Light Screen|p2a: Grimmsnarl\n|-sidestart|p2: Pipedardenne|move: Light Screen\n|move|p1a: \u64cd\u4f60\u5976\u7684|Parabolic Charge|p2a: Grimmsnarl\n|-damage|p2a: Grimmsnarl|0 fnt\n|faint|p2a: Grimmsnarl\n|\n|-fieldend|move: Electric Terrain\n|upkeep\n|inactive|Pipedardenne has 120 seconds left.\n|\n|t:|1700527944\n|switch|p2a: Miraidon|Miraidon|43\/100\n|-damage|p2a: Miraidon|31\/100|[from] Stealth Rock\n|-fieldstart|move: Electric Terrain|[from] ability: Hadron Engine|[of] p2a: Miraidon\n|turn|20\n|inactive|Pipedardenne has 120 seconds left.\n|\n|t:|1700527955\n|move|p1a: \u64cd\u4f60\u5976\u7684|Dragon Pulse|p2a: Miraidon\n|-supereffective|p2a: Miraidon\n|-crit|p2a: Miraidon\n|-damage|p2a: Miraidon|0 fnt\n|faint|p2a: Miraidon\n|\n|upkeep\n|\n|t:|1700527960\n|switch|p2a: Arceus|Arceus|72\/100\n|-damage|p2a: Arceus|60\/100|[from] Stealth Rock\n|turn|21\n|inactive|Pipedardenne has 120 seconds left.\n|\n|t:|1700527968\n|move|p1a: \u64cd\u4f60\u5976\u7684|Dragon Pulse|p2a: Arceus\n|-damage|p2a: Arceus|35\/100\n|move|p2a: Arceus|Swords Dance|p2a: Arceus\n|-boost|p2a: Arceus|atk|2\n|\n|-heal|p2a: Arceus|41\/100|[from] item: Leftovers\n|-sideend|p2: Pipedardenne|Reflect\n|upkeep\n|turn|22\n|inactive|Pipedardenne has 120 seconds left.\n|\n|t:|1700527981\n|move|p1a: \u64cd\u4f60\u5976\u7684|Dragon Pulse|p2a: Arceus\n|-damage|p2a: Arceus|16\/100\n|move|p2a: Arceus|Swords Dance|p2a: Arceus\n|-boost|p2a: Arceus|atk|2\n|\n|-heal|p2a: Arceus|22\/100|[from] item: Leftovers\n|upkeep\n|turn|23\n|\n|t:|1700527989\n|move|p2a: Arceus|Extreme Speed|p1a: \u64cd\u4f60\u5976\u7684\n|-damage|p1a: \u64cd\u4f60\u5976\u7684|0 fnt\n|faint|p1a: \u64cd\u4f60\u5976\u7684\n|\n|-heal|p2a: Arceus|29\/100|[from] item: Leftovers\n|upkeep\n|\n|t:|1700527993\n|switch|p1a: Ditto|Ditto|100\/100\n|-damage|p1a: Ditto|88\/100|[from] Stealth Rock\n|-transform|p1a: Ditto|p2a: Arceus|[from] ability: Imposter\n|turn|24\n|\n|t:|1700528002\n|-terastallize|p2a: Arceus|Ghost\n|move|p2a: Arceus|Extreme Speed|p1a: Ditto\n|-damage|p1a: Ditto|0 fnt\n|faint|p1a: Ditto\n|\n|-heal|p2a: Arceus|35\/100|[from] item: Leftovers\n|-fieldend|move: Electric Terrain\n|upkeep\n|\n|t:|1700528006\n|switch|p1a: \u64cd\u4f60\u7237\u7684|Koraidon, tera:Fire|94\/100\n|-damage|p1a: \u64cd\u4f60\u7237\u7684|69\/100|[from] Stealth Rock\n|-weather|SunnyDay|[from] ability: Orichalcum Pulse|[of] p1a: \u64cd\u4f60\u7237\u7684\n|-activate|p1a: \u64cd\u4f60\u7237\u7684|Orichalcum Pulse|[source]\n|turn|25\n|\n|t:|1700528014\n|move|p2a: Arceus|Extreme Speed|p1a: \u64cd\u4f60\u7237\u7684\n|-damage|p1a: \u64cd\u4f60\u7237\u7684|0 fnt\n|faint|p1a: \u64cd\u4f60\u7237\u7684\n|\n|win|Pipedardenne\n|raw|Eriririririririric's rating: 1683 &rarr; <strong>1658<\/strong><br \/>(-25 for losing)\n|raw|Pipedardenne's rating: 1590 &rarr; <strong>1615<\/strong><br \/>(+25 for winning)\n","uploadtime":1700528026,"views":2,"p1id":"eriririririririric","p2id":"pipedardenne","formatid":"gen9anythinggoes","rating":1615,"private":0,"password":""}