{"id":"gen9anythinggoes-1981133593","p1":"mid ladder memes","p2":"Azrael_Meowscarada","format":"[Gen 9] Anything Goes","log":"|j|\u2606mid ladder memes\n|j|\u2606Azrael_Meowscarada\n|inactive|Battle timer is ON: inactive players will automatically lose when time's up.\n|t:|1698866252\n|gametype|singles\n|player|p1|mid ladder memes|saguaro|\n|player|p2|Azrael_Meowscarada|turo-ai|\n|teamsize|p1|6\n|teamsize|p2|6\n|gen|9\n|tier|[Gen 9] Anything Goes\n|rated|Tournament battle\n|rule|HP Percentage Mod: HP is shown in percentages\n|rule|Endless Battle Clause: Forcing endless battles is banned\n|clearpoke\n|poke|p1|Calyrex-Shadow|\n|poke|p1|Umbreon, M|\n|poke|p1|Alomomola, M|\n|poke|p1|Koraidon|\n|poke|p1|Arceus-Poison|\n|poke|p1|Ting-Lu|\n|poke|p2|Calyrex-Shadow|\n|poke|p2|Miraidon|\n|poke|p2|Zacian-*|\n|poke|p2|Tornadus, M|\n|poke|p2|Arceus-Dark|\n|poke|p2|Eternatus|\n|teampreview\n|c|\u2606mid ladder memes|glhf\n|c|\u2606Azrael_Meowscarada|Lol\n|\n|t:|1698866263\n|start\n|switch|p1a: king of horses|Calyrex-Shadow|100\/100\n|switch|p2a: Eternatus|Eternatus|100\/100\n|-ability|p1a: king of horses|As One\n|-ability|p1a: king of horses|Unnerve\n|-ability|p2a: Eternatus|Pressure\n|turn|1\n|c|\u2606mid ladder memes|?\n|\n|t:|1698866270\n|move|p1a: king of horses|Psyshock|p2a: Eternatus\n|-supereffective|p2a: Eternatus\n|-damage|p2a: Eternatus|0 fnt\n|faint|p2a: Eternatus\n|-ability|p1a: king of horses|Grim Neigh|boost\n|-boost|p1a: king of horses|spa|1\n|\n|upkeep\n|\n|t:|1698866274\n|switch|p2a: Tornadus|Tornadus, M|100\/100\n|turn|2\n|\n|t:|1698866277\n|move|p2a: Tornadus|Tailwind|p2a: Tornadus\n|-sidestart|p2: Azrael_Meowscarada|move: Tailwind\n|move|p1a: king of horses|Psyshock|p2a: Tornadus\n|-crit|p2a: Tornadus\n|-damage|p2a: Tornadus|0 fnt\n|faint|p2a: Tornadus\n|-ability|p1a: king of horses|Grim Neigh|boost\n|-boost|p1a: king of horses|spa|1\n|\n|upkeep\n|\n|t:|1698866287\n|switch|p2a: Zeus|Arceus-Dark|100\/100\n|turn|3\n|\n|t:|1698866291\n|switch|p1a: king of night|Umbreon, M|100\/100\n|move|p2a: Zeus|Judgment|p1a: king of night\n|-resisted|p1a: king of night\n|-damage|p1a: king of night|86\/100\n|\n|-heal|p1a: king of night|92\/100|[from] item: Leftovers\n|upkeep\n|turn|4\n|\n|t:|1698866294\n|move|p2a: Zeus|Aura Sphere|p1a: king of night\n|-supereffective|p1a: king of night\n|-damage|p1a: king of night|65\/100\n|move|p1a: king of night|Toxic|p2a: Zeus\n|-status|p2a: Zeus|tox\n|\n|-heal|p1a: king of night|71\/100|[from] item: Leftovers\n|-damage|p2a: Zeus|94\/100 tox|[from] psn\n|upkeep\n|turn|5\n|\n|t:|1698866300\n|-terastallize|p2a: Zeus|Steel\n|move|p2a: Zeus|Judgment|p1a: king of night\n|-resisted|p1a: king of night\n|-damage|p1a: king of night|54\/100\n|move|p1a: king of night|Wish|p1a: king of night\n|\n|-heal|p1a: king of night|60\/100|[from] item: Leftovers\n|-damage|p2a: Zeus|82\/100 tox|[from] psn\n|-sideend|p2: Azrael_Meowscarada|move: Tailwind\n|upkeep\n|turn|6\n|\n|t:|1698866307\n|move|p2a: Zeus|Aura Sphere|p1a: king of night\n|-supereffective|p1a: king of night\n|-damage|p1a: king of night|31\/100\n|move|p1a: king of night|Foul Play|p2a: Zeus\n|-damage|p2a: Zeus|62\/100 tox\n|\n|-heal|p1a: king of night|81\/100|[from] move: Wish|[wisher] king of night\n|-heal|p1a: king of night|88\/100|[from] item: Leftovers\n|-damage|p2a: Zeus|44\/100 tox|[from] psn\n|upkeep\n|turn|7\n|\n|t:|1698866314\n|move|p2a: Zeus|Aura Sphere|p1a: king of night\n|-supereffective|p1a: king of night\n|-damage|p1a: king of night|58\/100\n|move|p1a: king of night|Wish|p1a: king of night\n|\n|-heal|p1a: king of night|64\/100|[from] item: Leftovers\n|-damage|p2a: Zeus|20\/100 tox|[from] psn\n|upkeep\n|turn|8\n|\n|t:|1698866317\n|move|p2a: Zeus|Aura Sphere|p1a: king of night\n|-supereffective|p1a: king of night\n|-damage|p1a: king of night|37\/100\n|move|p1a: king of night|Foul Play|p2a: Zeus\n|-damage|p2a: Zeus|0 fnt\n|faint|p2a: Zeus\n|\n|-heal|p1a: king of night|87\/100|[from] move: Wish|[wisher] king of night\n|-heal|p1a: king of night|93\/100|[from] item: Leftovers\n|upkeep\n|\n|t:|1698866322\n|switch|p2a: Pluto|Miraidon|100\/100\n|-fieldstart|move: Electric Terrain|[from] ability: Hadron Engine|[of] p2a: Pluto\n|turn|9\n|\n|t:|1698866326\n|move|p2a: Pluto|Parabolic Charge|p1a: king of night\n|-damage|p1a: king of night|61\/100\n|move|p1a: king of night|Toxic|p2a: Pluto\n|-status|p2a: Pluto|tox\n|\n|-heal|p1a: king of night|67\/100|[from] item: Leftovers\n|-damage|p2a: Pluto|94\/100 tox|[from] psn\n|upkeep\n|turn|10\n|\n|t:|1698866331\n|move|p2a: Pluto|Parabolic Charge|p1a: king of night\n|-damage|p1a: king of night|33\/100\n|-heal|p2a: Pluto|100\/100 tox|[from] drain|[of] p1a: king of night\n|move|p1a: king of night|Wish|p1a: king of night\n|\n|-heal|p1a: king of night|39\/100|[from] item: Leftovers\n|-damage|p2a: Pluto|88\/100 tox|[from] psn\n|upkeep\n|turn|11\n|\n|t:|1698866336\n|move|p1a: king of night|Protect|p1a: king of night\n|-singleturn|p1a: king of night|Protect\n|move|p2a: Pluto|Electro Drift|p1a: king of night\n|-activate|p1a: king of night|move: Protect\n|\n|-heal|p1a: king of night|89\/100|[from] move: Wish|[wisher] king of night\n|-heal|p1a: king of night|95\/100|[from] item: Leftovers\n|-damage|p2a: Pluto|70\/100 tox|[from] psn\n|upkeep\n|turn|12\n|\n|t:|1698866340\n|switch|p1a: king of disease|Ting-Lu|100\/100\n|-ability|p1a: king of disease|Vessel of Ruin\n|move|p2a: Pluto|Parabolic Charge|p1a: king of disease\n|-immune|p1a: king of disease\n|\n|-damage|p2a: Pluto|45\/100 tox|[from] psn\n|upkeep\n|turn|13\n|\n|t:|1698866347\n|move|p2a: Pluto|Dazzling Gleam|p1a: king of disease\n|-supereffective|p1a: king of disease\n|-damage|p1a: king of disease|67\/100\n|move|p1a: king of disease|Spikes|p2a: Pluto\n|-sidestart|p2: Azrael_Meowscarada|Spikes\n|\n|-heal|p1a: king of disease|73\/100|[from] item: Leftovers\n|-damage|p2a: Pluto|14\/100 tox|[from] psn\n|-fieldend|move: Electric Terrain\n|upkeep\n|turn|14\n|c|\u2606Azrael_Meowscarada|Fuck toxic!!!\n|c|\u2606mid ladder memes|poor toxic\n|c|\u2606mid ladder memes|thats assault\n|\n|t:|1698866367\n|move|p2a: Pluto|Dazzling Gleam|p1a: king of disease\n|-supereffective|p1a: king of disease\n|-damage|p1a: king of disease|46\/100\n|move|p1a: king of disease|Spikes|p2a: Pluto\n|-sidestart|p2: Azrael_Meowscarada|Spikes\n|\n|-heal|p1a: king of disease|52\/100|[from] item: Leftovers\n|-damage|p2a: Pluto|0 fnt|[from] psn\n|faint|p2a: Pluto\n|upkeep\n|\n|t:|1698866373\n|switch|p2a: Vilhelm|Zacian-Crowned, shiny|100\/100\n|-damage|p2a: Vilhelm|84\/100|[from] Spikes\n|-ability|p2a: Vilhelm|Intrepid Sword|boost\n|-boost|p2a: Vilhelm|atk|1\n|turn|15\n|c|\u2606mid ladder memes|you gotta ask for permission\n|\n|t:|1698866380\n|switch|p1a: king of seas|Alomomola, M|100\/100\n|move|p2a: Vilhelm|Sacred Sword|p1a: king of seas\n|-damage|p1a: king of seas|73\/100\n|-damage|p2a: Vilhelm|68\/100|[from] item: Rocky Helmet|[of] p1a: king of seas\n|\n|upkeep\n|turn|16\n|\n|t:|1698866387\n|move|p2a: Vilhelm|Play Rough|p1a: king of seas\n|-damage|p1a: king of seas|33\/100\n|-damage|p2a: Vilhelm|51\/100|[from] item: Rocky Helmet|[of] p1a: king of seas\n|move|p1a: king of seas|Flip Turn|p2a: Vilhelm\n|-damage|p2a: Vilhelm|37\/100\n|\n|t:|1698866397\n|switch|p1a: king of rising sun|Koraidon|100\/100|[from] Flip Turn\n|-weather|SunnyDay|[from] ability: Orichalcum Pulse|[of] p1a: king of rising sun\n|-activate|p1a: king of rising sun|Orichalcum Pulse|[source]\n|\n|-weather|SunnyDay|[upkeep]\n|upkeep\n|turn|17\n|\n|t:|1698866402\n|move|p1a: king of rising sun|Flare Blitz|p2a: Vilhelm\n|-supereffective|p2a: Vilhelm\n|-crit|p2a: Vilhelm\n|-damage|p2a: Vilhelm|0 fnt\n|faint|p2a: Vilhelm\n|-damage|p1a: king of rising sun|87\/100|[from] Recoil\n|\n|-weather|SunnyDay|[upkeep]\n|upkeep\n|\n|t:|1698866405\n|switch|p2a: Apocalypse|Calyrex-Shadow|100\/100\n|-ability|p2a: Apocalypse|As One\n|-ability|p2a: Apocalypse|Unnerve\n|-damage|p2a: Apocalypse|84\/100|[from] Spikes\n|turn|18\n|\n|t:|1698866412\n|move|p1a: king of rising sun|Flare Blitz|p2a: Apocalypse\n|-damage|p2a: Apocalypse|0 fnt\n|faint|p2a: Apocalypse\n|-damage|p1a: king of rising sun|57\/100|[from] Recoil\n|\n|win|mid ladder memes\n|n|\u2606mid ladder memes|midladdermemes\n|n|\u2606Azrael_Meowscarada|azraelmeowscarada\n","uploadtime":1698866413,"views":10,"p1id":"midladdermemes","p2id":"azraelmeowscarada","formatid":"gen9anythinggoes","rating":0,"private":0,"password":""}