{"id":"gen9anythinggoes-1994339264","p1":"SonicSpeedKaleb","p2":"Oranj_Juce","format":"[Gen 9] Anything Goes","log":"|j|\u2606SonicSpeedKaleb\n|j|\u2606Oranj_Juce\n|t:|1700432777\n|gametype|singles\n|player|p1|SonicSpeedKaleb|1|1214\n|player|p2|Oranj_Juce|buck|1099\n|teamsize|p1|6\n|teamsize|p2|6\n|gen|9\n|tier|[Gen 9] Anything Goes\n|rated|\n|rule|HP Percentage Mod: HP is shown in percentages\n|rule|Endless Battle Clause: Forcing endless battles is banned\n|clearpoke\n|poke|p1|Skeledirge, M|\n|poke|p1|Pawmot, M|\n|poke|p1|Gardevoir, F|\n|poke|p1|Staraptor, M|\n|poke|p1|Lycanroc, M|\n|poke|p1|Koraidon|\n|poke|p2|Lucario, M|\n|poke|p2|Maushold-Four|\n|poke|p2|Chien-Pao|\n|poke|p2|Drifblim, M|\n|poke|p2|Manaphy|\n|poke|p2|Oricorio-Pom-Pom, F|\n|teampreview\n|inactive|Battle timer is ON: inactive players will automatically lose when time's up. (requested by SonicSpeedKaleb)\n|\n|t:|1700432792\n|start\n|switch|p1a: Pawmot|Pawmot, M|100\/100\n|switch|p2a: Silly joke\ud83d\ude01|Drifblim, M, shiny|100\/100\n|turn|1\n|c|\u2606SonicSpeedKaleb|Called it!\n|\n|t:|1700432799\n|move|p1a: Pawmot|Thunder Punch|p2a: Silly joke\ud83d\ude01\n|-supereffective|p2a: Silly joke\ud83d\ude01\n|-damage|p2a: Silly joke\ud83d\ude01|21\/100\n|-enditem|p2a: Silly joke\ud83d\ude01|Sitrus Berry|[eat]\n|-heal|p2a: Silly joke\ud83d\ude01|46\/100|[from] item: Sitrus Berry\n|move|p2a: Silly joke\ud83d\ude01|Minimize|p2a: Silly joke\ud83d\ude01\n|-boost|p2a: Silly joke\ud83d\ude01|evasion|2\n|\n|upkeep\n|turn|2\n|\n|t:|1700432809\n|move|p1a: Pawmot|Thunder Punch|p2a: Silly joke\ud83d\ude01|[miss]\n|-miss|p1a: Pawmot|p2a: Silly joke\ud83d\ude01\n|move|p2a: Silly joke\ud83d\ude01|Minimize|p2a: Silly joke\ud83d\ude01\n|-boost|p2a: Silly joke\ud83d\ude01|evasion|2\n|\n|upkeep\n|turn|3\n|c|\u2606SonicSpeedKaleb|Pawmot! Use successful hit or die!\n|\n|t:|1700432814\n|move|p1a: Pawmot|Thunder Punch|p2a: Silly joke\ud83d\ude01|[miss]\n|-miss|p1a: Pawmot|p2a: Silly joke\ud83d\ude01\n|move|p2a: Silly joke\ud83d\ude01|Minimize|p2a: Silly joke\ud83d\ude01\n|-boost|p2a: Silly joke\ud83d\ude01|evasion|2\n|\n|upkeep\n|turn|4\n|\n|t:|1700432817\n|move|p1a: Pawmot|Thunder Punch|p2a: Silly joke\ud83d\ude01|[miss]\n|-miss|p1a: Pawmot|p2a: Silly joke\ud83d\ude01\n|move|p2a: Silly joke\ud83d\ude01|Baton Pass|p2a: Silly joke\ud83d\ude01\n|\n|t:|1700432819\n|switch|p2a: Mickey fam|Maushold-Four, shiny|100\/100|[from] Baton Pass\n|\n|upkeep\n|turn|5\n|\n|t:|1700432821\n|move|p1a: Pawmot|Thunder Punch|p2a: Mickey fam|[miss]\n|-miss|p1a: Pawmot|p2a: Mickey fam\n|move|p2a: Mickey fam|Tidy Up|p2a: Mickey fam\n|-boost|p2a: Mickey fam|atk|1\n|-boost|p2a: Mickey fam|spe|1\n|\n|upkeep\n|turn|6\n|c|\u2606SonicSpeedKaleb|God damn it evasion hoe!\n|\n|t:|1700432833\n|move|p2a: Mickey fam|Baton Pass|p2a: Mickey fam\n|\n|t:|1700432835\n|switch|p2a: Lucas|Lucario, M, shiny|100\/100|[from] Baton Pass\n|move|p1a: Pawmot|Agility|p1a: Pawmot\n|-boost|p1a: Pawmot|spe|2\n|\n|upkeep\n|turn|7\n|\n|t:|1700432842\n|move|p1a: Pawmot|Baton Pass|p1a: Pawmot\n|\n|t:|1700432844\n|switch|p1a: Koraidon|Koraidon|100\/100|[from] Baton Pass\n|-weather|SunnyDay|[from] ability: Orichalcum Pulse|[of] p1a: Koraidon\n|-activate|p1a: Koraidon|Orichalcum Pulse|[source]\n|move|p2a: Lucas|Nasty Plot|p2a: Lucas\n|-boost|p2a: Lucas|spa|2\n|\n|-weather|SunnyDay|[upkeep]\n|upkeep\n|turn|8\n|\n|t:|1700432855\n|move|p1a: Koraidon|Collision Course|p2a: Lucas|[miss]\n|-miss|p1a: Koraidon|p2a: Lucas\n|move|p2a: Lucas|Nasty Plot|p2a: Lucas\n|-boost|p2a: Lucas|spa|2\n|\n|-weather|SunnyDay|[upkeep]\n|upkeep\n|turn|9\n|c|\u2606SonicSpeedKaleb|Koraidon! Use SUCCESSFUL HITTO!\n|\n|t:|1700432863\n|move|p1a: Koraidon|Collision Course|p2a: Lucas\n|-supereffective|p2a: Lucas\n|-damage|p2a: Lucas|0 fnt\n|faint|p2a: Lucas\n|\n|-weather|SunnyDay|[upkeep]\n|upkeep\n|\n|t:|1700432867\n|switch|p2a: Silly joke\ud83d\ude01|Drifblim, M, shiny|46\/100\n|turn|10\n|\n|t:|1700432875\n|-terastallize|p1a: Koraidon|Dragon\n|move|p1a: Koraidon|Tera Blast|p2a: Silly joke\ud83d\ude01|[anim] Tera Blast Dragon\n|-damage|p2a: Silly joke\ud83d\ude01|0 fnt\n|faint|p2a: Silly joke\ud83d\ude01\n|\n|-weather|SunnyDay|[upkeep]\n|upkeep\n|\n|t:|1700432880\n|switch|p2a: Master shifu|Chien-Pao|100\/100\n|-ability|p2a: Master shifu|Sword of Ruin\n|turn|11\n|\n|t:|1700432885\n|-terastallize|p2a: Master shifu|Fairy\n|move|p1a: Koraidon|Collision Course|p2a: Master shifu\n|-resisted|p2a: Master shifu\n|-damage|p2a: Master shifu|66\/100\n|move|p2a: Master shifu|Tera Blast|p1a: Koraidon|[anim] Tera Blast Fairy\n|-supereffective|p1a: Koraidon\n|-damage|p1a: Koraidon|1\/100\n|\n|-weather|none\n|upkeep\n|turn|12\n|\n|t:|1700432894\n|move|p1a: Koraidon|Iron Head|p2a: Master shifu\n|-supereffective|p2a: Master shifu\n|-damage|p2a: Master shifu|8\/100\n|move|p2a: Master shifu|Ice Spinner|p1a: Koraidon\n|-supereffective|p1a: Koraidon\n|-damage|p1a: Koraidon|0 fnt\n|faint|p1a: Koraidon\n|\n|upkeep\n|\n|t:|1700432902\n|switch|p1a: Staraptor|Staraptor, M|100\/100\n|-ability|p1a: Staraptor|Intimidate|boost\n|-unboost|p2a: Master shifu|atk|1\n|turn|13\n|\n|t:|1700432908\n|move|p2a: Master shifu|Ice Spinner|p1a: Staraptor\n|-supereffective|p1a: Staraptor\n|-damage|p1a: Staraptor|0 fnt\n|faint|p1a: Staraptor\n|\n|upkeep\n|\n|t:|1700432914\n|switch|p1a: Lycanroc|Lycanroc, M|100\/100\n|turn|14\n|\n|t:|1700432917\n|move|p1a: Lycanroc|Accelerock|p2a: Master shifu\n|-damage|p2a: Master shifu|0 fnt\n|faint|p2a: Master shifu\n|\n|upkeep\n|\n|t:|1700432920\n|switch|p2a: Mana|Manaphy, shiny|100\/100\n|turn|15\n|\n|t:|1700432924\n|move|p1a: Lycanroc|Stealth Rock|p2a: Mana\n|-sidestart|p2: Oranj_Juce|move: Stealth Rock\n|move|p2a: Mana|Tail Glow|p2a: Mana\n|-boost|p2a: Mana|spa|3\n|\n|upkeep\n|turn|16\n|\n|t:|1700432933\n|move|p1a: Lycanroc|Drill Run|p2a: Mana\n|-damage|p2a: Mana|73\/100\n|move|p2a: Mana|Scald|p1a: Lycanroc\n|-supereffective|p1a: Lycanroc\n|-enditem|p1a: Lycanroc|Focus Sash\n|-damage|p1a: Lycanroc|1\/100\n|\n|-heal|p2a: Mana|79\/100|[from] item: Leftovers\n|upkeep\n|turn|17\n|\n|t:|1700432941\n|move|p1a: Lycanroc|Accelerock|p2a: Mana\n|-damage|p2a: Mana|60\/100\n|move|p2a: Mana|Tail Glow|p2a: Mana\n|-boost|p2a: Mana|spa|3\n|\n|-heal|p2a: Mana|66\/100|[from] item: Leftovers\n|upkeep\n|turn|18\n|\n|t:|1700432947\n|move|p1a: Lycanroc|Drill Run|p2a: Mana\n|-damage|p2a: Mana|40\/100\n|move|p2a: Mana|Take Heart|p2a: Mana\n|-boost|p2a: Mana|spa|0\n|-boost|p2a: Mana|spd|1\n|\n|-heal|p2a: Mana|47\/100|[from] item: Leftovers\n|upkeep\n|turn|19\n|\n|t:|1700432954\n|move|p1a: Lycanroc|Drill Run|p2a: Mana\n|-damage|p2a: Mana|21\/100\n|move|p2a: Mana|Scald|p1a: Lycanroc\n|-supereffective|p1a: Lycanroc\n|-damage|p1a: Lycanroc|0 fnt\n|faint|p1a: Lycanroc\n|\n|-heal|p2a: Mana|27\/100|[from] item: Leftovers\n|upkeep\n|\n|t:|1700432963\n|switch|p1a: Pawmot|Pawmot, M|100\/100\n|turn|20\n|\n|t:|1700432971\n|move|p1a: Pawmot|Agility|p1a: Pawmot\n|-boost|p1a: Pawmot|spe|2\n|move|p2a: Mana|Scald|p1a: Pawmot\n|-enditem|p1a: Pawmot|Focus Sash\n|-damage|p1a: Pawmot|1\/100\n|\n|-heal|p2a: Mana|33\/100|[from] item: Leftovers\n|upkeep\n|turn|21\n|\n|t:|1700432983\n|move|p1a: Pawmot|Thunder Punch|p2a: Mana\n|-supereffective|p2a: Mana\n|-damage|p2a: Mana|0 fnt\n|faint|p2a: Mana\n|\n|upkeep\n|\n|t:|1700432993\n|switch|p2a: Cheerleader|Oricorio-Pom-Pom, F, shiny|100\/100\n|-damage|p2a: Cheerleader|76\/100|[from] Stealth Rock\n|turn|22\n|\n|t:|1700432998\n|move|p1a: Pawmot|Revival Blessing|p1a: Pawmot\n|\n|t:|1700433000\n|-heal|p1: Koraidon|50\/100|[from] move: Revival Blessing\n|move|p2a: Cheerleader|Quiver Dance|p2a: Cheerleader\n|-boost|p2a: Cheerleader|spa|1\n|-boost|p2a: Cheerleader|spd|1\n|-boost|p2a: Cheerleader|spe|1\n|\n|-heal|p2a: Cheerleader|82\/100|[from] item: Leftovers\n|upkeep\n|turn|23\n|\n|t:|1700433007\n|move|p1a: Pawmot|Thunder Punch|p2a: Cheerleader\n|-damage|p2a: Cheerleader|33\/100\n|move|p2a: Cheerleader|Quiver Dance|p2a: Cheerleader\n|-boost|p2a: Cheerleader|spa|1\n|-boost|p2a: Cheerleader|spd|1\n|-boost|p2a: Cheerleader|spe|1\n|\n|-heal|p2a: Cheerleader|40\/100|[from] item: Leftovers\n|upkeep\n|turn|24\n|\n|t:|1700433016\n|move|p1a: Pawmot|Thunder Punch|p2a: Cheerleader\n|-damage|p2a: Cheerleader|0 fnt\n|faint|p2a: Cheerleader\n|\n|upkeep\n|l|\u2606Oranj_Juce\n|inactive|Oranj_Juce disconnected and has a minute to reconnect!\n|player|p2|\n|inactive|Oranj_Juce has 30 seconds to reconnect!\n|inactive|Oranj_Juce has 20 seconds to reconnect!\n|inactive|Oranj_Juce has 15 seconds to reconnect!\n|inactive|Oranj_Juce has 10 seconds to reconnect!\n|inactive|Oranj_Juce has 5 seconds to reconnect!\n|-message|Oranj_Juce lost due to inactivity.\n|\n|win|SonicSpeedKaleb\n|raw|SonicSpeedKaleb's rating: 1214 &rarr; <strong>1231<\/strong><br \/>(+17 for winning)\n|raw|Oranj_Juce's rating: 1099 &rarr; <strong>1082<\/strong><br \/>(-17 for losing)\n","uploadtime":1700432832,"views":1,"p1id":"sonicspeedkaleb","p2id":"oranjjuce","formatid":"gen9anythinggoes","rating":1082,"private":0,"password":""}