{"id":"gen9anythinggoes-1985388394","p1":"PunchyWolf","p2":"jerry_g13","format":"[Gen 9] Anything Goes","log":"|j|\u2606PunchyWolf\n|j|\u2606jerry_g13\n|t:|1699370529\n|gametype|singles\n|player|p1|PunchyWolf|1|1000\n|player|p2|jerry_g13|sabrina|1039\n|teamsize|p1|4\n|teamsize|p2|6\n|gen|9\n|tier|[Gen 9] Anything Goes\n|rated|\n|rule|HP Percentage Mod: HP is shown in percentages\n|rule|Endless Battle Clause: Forcing endless battles is banned\n|clearpoke\n|poke|p1|Regieleki|\n|poke|p1|Regidrago|\n|poke|p1|Calyrex-Ice|\n|poke|p1|Arceus|\n|poke|p2|Slowbro-Galar, F|\n|poke|p2|Slowpoke, M|\n|poke|p2|Slowbro, F|\n|poke|p2|Slowking, F|\n|poke|p2|Slowking-Galar, M|\n|poke|p2|Slowpoke-Galar, F|\n|teampreview\n|\n|t:|1699370536\n|start\n|switch|p1a: Regidrago|Regidrago|100\/100\n|switch|p2a: Slowking|Slowking, F|100\/100\n|turn|1\n|\n|t:|1699370547\n|-terastallize|p1a: Regidrago|Dragon\n|move|p1a: Regidrago|Dragon Dance|p1a: Regidrago\n|-boost|p1a: Regidrago|atk|1\n|-boost|p1a: Regidrago|spe|1\n|move|p2a: Slowking|Light Screen|p2a: Slowking\n|-sidestart|p2: jerry_g13|move: Light Screen\n|\n|upkeep\n|turn|2\n|inactive|Battle timer is ON: inactive players will automatically lose when time's up. (requested by jerry_g13)\n|\n|t:|1699370554\n|move|p1a: Regidrago|Dragon Dance|p1a: Regidrago\n|-boost|p1a: Regidrago|atk|1\n|-boost|p1a: Regidrago|spe|1\n|move|p2a: Slowking|Reflect|p2a: Slowking\n|-sidestart|p2: jerry_g13|Reflect\n|\n|upkeep\n|turn|3\n|\n|t:|1699370560\n|move|p1a: Regidrago|Dragon Dance|p1a: Regidrago\n|-boost|p1a: Regidrago|atk|1\n|-boost|p1a: Regidrago|spe|1\n|move|p2a: Slowking|Trick Room|p2a: Slowking\n|-fieldstart|move: Trick Room|[of] p2a: Slowking\n|\n|upkeep\n|turn|4\n|j| Zangoose360\n|\n|t:|1699370565\n|move|p2a: Slowking|Chilly Reception|p2a: Slowking\n|-weather|Snow\n|\n|t:|1699370573\n|switch|p2a: Slowpoke|Slowpoke-Galar, F|100\/100|[from] Chilly Reception\n|move|p1a: Regidrago|Dragon Dance|p1a: Regidrago\n|-boost|p1a: Regidrago|atk|1\n|-boost|p1a: Regidrago|spe|1\n|\n|-weather|Snow|[upkeep]\n|upkeep\n|turn|5\n|\n|t:|1699370590\n|move|p2a: Slowpoke|Foul Play|p1a: Regidrago\n|-damage|p1a: Regidrago|33\/100\n|move|p1a: Regidrago|Reflect|p1a: Regidrago\n|-sidestart|p1: PunchyWolf|Reflect\n|\n|-weather|Snow|[upkeep]\n|-heal|p1a: Regidrago|40\/100|[from] item: Leftovers\n|upkeep\n|turn|6\n|\n|t:|1699370602\n|move|p2a: Slowpoke|Foul Play|p1a: Regidrago\n|-damage|p1a: Regidrago|8\/100\n|move|p1a: Regidrago|Crunch|p2a: Slowpoke\n|-supereffective|p2a: Slowpoke\n|-damage|p2a: Slowpoke|47\/100\n|\n|-weather|Snow|[upkeep]\n|-heal|p2a: Slowpoke|53\/100|[from] item: Leftovers\n|-heal|p1a: Regidrago|14\/100|[from] item: Leftovers\n|upkeep\n|turn|7\n|\n|t:|1699370616\n|move|p2a: Slowpoke|Foul Play|p1a: Regidrago\n|-damage|p1a: Regidrago|0 fnt\n|faint|p1a: Regidrago\n|\n|-weather|Snow|[upkeep]\n|-heal|p2a: Slowpoke|60\/100|[from] item: Leftovers\n|-fieldend|move: Trick Room\n|upkeep\n|\n|t:|1699370624\n|switch|p1a: Regieleki|Regieleki|100\/100\n|turn|8\n|\n|t:|1699370631\n|move|p1a: Regieleki|Zap Cannon|p2a: Slowpoke\n|-damage|p2a: Slowpoke|5\/100\n|-status|p2a: Slowpoke|par\n|move|p2a: Slowpoke|Disable|p1a: Regieleki\n|-start|p1a: Regieleki|Disable|Zap Cannon\n|\n|-weather|none\n|-heal|p2a: Slowpoke|12\/100 par|[from] item: Leftovers\n|-sideend|p2: jerry_g13|move: Light Screen\n|upkeep\n|turn|9\n|\n|t:|1699370647\n|-activate|p1a: Regieleki|move: Struggle\n|move|p1a: Regieleki|Struggle|p2a: Slowpoke\n|-damage|p2a: Slowpoke|7\/100 par\n|-damage|p1a: Regieleki|75\/100|[from] recoil\n|move|p2a: Slowpoke|Yawn|p1a: Regieleki\n|-start|p1a: Regieleki|move: Yawn|[of] p2a: Slowpoke\n|\n|-heal|p2a: Slowpoke|13\/100 par|[from] item: Leftovers\n|-sideend|p2: jerry_g13|Reflect\n|-sideend|p1: PunchyWolf|Reflect\n|upkeep\n|turn|10\n|\n|t:|1699370658\n|-activate|p1a: Regieleki|move: Struggle\n|move|p1a: Regieleki|Struggle|p2a: Slowpoke\n|-crit|p2a: Slowpoke\n|-damage|p2a: Slowpoke|0 fnt\n|faint|p2a: Slowpoke\n|-damage|p1a: Regieleki|50\/100|[from] recoil\n|\n|-end|p1a: Regieleki|move: Yawn|[silent]\n|-status|p1a: Regieleki|slp\n|upkeep\n|\n|t:|1699370666\n|switch|p2a: Slowking|Slowking, F|100\/100\n|turn|11\n|\n|t:|1699370674\n|switch|p1a: Calyrex|Calyrex-Ice|100\/100\n|-ability|p1a: Calyrex|As One\n|-ability|p1a: Calyrex|Unnerve\n|move|p2a: Slowking|Light Screen|p2a: Slowking\n|-sidestart|p2: jerry_g13|move: Light Screen\n|\n|upkeep\n|turn|12\n|\n|t:|1699370691\n|move|p1a: Calyrex|Body Slam|p2a: Slowking\n|-damage|p2a: Slowking|69\/100\n|-status|p2a: Slowking|par\n|move|p2a: Slowking|Reflect|p2a: Slowking\n|-sidestart|p2: jerry_g13|Reflect\n|\n|upkeep\n|turn|13\n|\n|t:|1699370701\n|move|p1a: Calyrex|Blizzard|p2a: Slowking\n|-resisted|p2a: Slowking\n|-damage|p2a: Slowking|64\/100 par\n|move|p2a: Slowking|Trick Room|p2a: Slowking\n|-fieldstart|move: Trick Room|[of] p2a: Slowking\n|\n|upkeep\n|turn|14\n|\n|t:|1699370709\n|switch|p2a: Slowbro|Slowbro, F|100\/100\n|move|p1a: Calyrex|High Horsepower|p2a: Slowbro\n|-damage|p2a: Slowbro|86\/100\n|\n|upkeep\n|turn|15\n|\n|t:|1699370717\n|move|p2a: Slowbro|Flamethrower|p1a: Calyrex\n|-supereffective|p1a: Calyrex\n|-damage|p1a: Calyrex|71\/100\n|move|p1a: Calyrex|Glacial Lance|p2a: Slowbro\n|-resisted|p2a: Slowbro\n|-damage|p2a: Slowbro|73\/100\n|\n|upkeep\n|turn|16\n|\n|t:|1699370729\n|-terastallize|p2a: Slowbro|Water\n|move|p2a: Slowbro|Scald|p1a: Calyrex\n|-damage|p1a: Calyrex|48\/100\n|move|p1a: Calyrex|High Horsepower|p2a: Slowbro\n|-damage|p2a: Slowbro|59\/100\n|\n|upkeep\n|turn|17\n|\n|t:|1699370740\n|move|p2a: Slowbro|Scald|p1a: Calyrex\n|-crit|p1a: Calyrex\n|-damage|p1a: Calyrex|10\/100\n|move|p1a: Calyrex|Glacial Lance|p2a: Slowbro\n|-resisted|p2a: Slowbro\n|-damage|p2a: Slowbro|44\/100\n|\n|-fieldend|move: Trick Room\n|upkeep\n|turn|18\n|\n|t:|1699370749\n|move|p1a: Calyrex|Blizzard|p2a: Slowbro|[miss]\n|-miss|p1a: Calyrex|p2a: Slowbro\n|move|p2a: Slowbro|Scald|p1a: Calyrex\n|-damage|p1a: Calyrex|0 fnt\n|faint|p1a: Calyrex\n|\n|-sideend|p2: jerry_g13|move: Light Screen\n|upkeep\n|\n|t:|1699370758\n|switch|p1a: Regieleki|Regieleki|50\/100 slp\n|turn|19\n|\n|t:|1699370764\n|cant|p1a: Regieleki|slp\n|move|p2a: Slowbro|Psychic|p1a: Regieleki\n|-damage|p1a: Regieleki|0 fnt\n|faint|p1a: Regieleki\n|\n|-sideend|p2: jerry_g13|Reflect\n|upkeep\n|\n|t:|1699370772\n|switch|p1a: Arceus|Arceus, shiny|100\/100\n|turn|20\n|\n|t:|1699370779\n|move|p1a: Arceus|Future Sight|p2a: Slowbro\n|-start|p1a: Arceus|move: Future Sight\n|move|p2a: Slowbro|Scald|p1a: Arceus\n|-damage|p1a: Arceus|69\/100\n|\n|upkeep\n|turn|21\n|\n|t:|1699370785\n|move|p1a: Arceus|Stone Edge|p2a: Slowbro\n|-crit|p2a: Slowbro\n|-damage|p2a: Slowbro|9\/100\n|move|p2a: Slowbro|Future Sight|p1a: Arceus\n|-start|p2a: Slowbro|move: Future Sight\n|\n|upkeep\n|turn|22\n|\n|t:|1699370792\n|move|p1a: Arceus|Stone Edge|p2a: Slowbro|[miss]\n|-miss|p1a: Arceus|p2a: Slowbro\n|move|p2a: Slowbro|Scald|p1a: Arceus\n|-damage|p1a: Arceus|33\/100\n|-status|p1a: Arceus|brn\n|\n|-end|p2a: Slowbro|move: Future Sight\n|-damage|p2a: Slowbro|0 fnt\n|faint|p2a: Slowbro\n|-damage|p1a: Arceus|27\/100 brn|[from] brn\n|upkeep\n|\n|t:|1699370807\n|switch|p2a: Slowbro|Slowbro-Galar, F|100\/100\n|turn|23\n|-activate|p2a: Slowbro|ability: Quick Draw\n|\n|t:|1699370814\n|move|p2a: Slowbro|Drain Punch|p1a: Arceus\n|-supereffective|p1a: Arceus\n|-damage|p1a: Arceus|0 fnt\n|faint|p1a: Arceus\n|\n|win|jerry_g13\n|raw|PunchyWolf's rating: 1000 &rarr; <strong>1000<\/strong><br \/>(+0 for losing)\n|raw|jerry_g13's rating: 1039 &rarr; <strong>1069<\/strong><br \/>(+30 for winning)\n|l|\u2606PunchyWolf\n","uploadtime":1699370822,"views":5,"p1id":"punchywolf","p2id":"jerryg13","formatid":"gen9anythinggoes","rating":1000,"private":0,"password":""}