{"id":"gen9anythinggoes-1990968112","p1":"Zero zelttk","p2":"Kayleb1718","format":"[Gen 9] Anything Goes","log":"|j|\u2606Zero zelttk\n|j|\u2606Kayleb1718\n|t:|1700021092\n|gametype|singles\n|player|p1|Zero zelttk|hilda|\n|player|p2|Kayleb1718|lucas-gen4pt|\n|teamsize|p1|6\n|teamsize|p2|6\n|gen|9\n|tier|[Gen 9] Anything Goes\n|rule|HP Percentage Mod: HP is shown in percentages\n|rule|Endless Battle Clause: Forcing endless battles is banned\n|clearpoke\n|poke|p1|Ogerpon, F|\n|poke|p1|Ogerpon-Cornerstone, F|\n|poke|p1|Ogerpon, F|\n|poke|p1|Ogerpon-Hearthflame, F|\n|poke|p1|Ogerpon, F|\n|poke|p1|Ogerpon-Wellspring, F|\n|poke|p2|Zacian-*|\n|poke|p2|Calyrex-Shadow|\n|poke|p2|Urshifu-*, F|\n|poke|p2|Kingambit, F|\n|poke|p2|Miraidon|\n|poke|p2|Arceus-Fire|\n|teampreview\n|inactive|Battle timer is ON: inactive players will automatically lose when time's up. (requested by Kayleb1718)\n|\n|t:|1700021101\n|start\n|switch|p1a: Perogi|Ogerpon, F|100\/100\n|switch|p2a: Arceus|Arceus-Fire|100\/100\n|turn|1\n|\n|t:|1700021112\n|move|p1a: Perogi|Substitute|p1a: Perogi\n|-start|p1a: Perogi|Substitute\n|-damage|p1a: Perogi|76\/100\n|move|p2a: Arceus|Flamethrower|p1a: Perogi\n|-supereffective|p1a: Perogi\n|-end|p1a: Perogi|Substitute\n|\n|-heal|p1a: Perogi|82\/100|[from] item: Leftovers\n|upkeep\n|turn|2\n|\n|t:|1700021122\n|move|p1a: Perogi|Taunt|p2a: Arceus\n|-start|p2a: Arceus|move: Taunt\n|move|p2a: Arceus|Flamethrower|p1a: Perogi\n|-supereffective|p1a: Perogi\n|-damage|p1a: Perogi|0 fnt\n|faint|p1a: Perogi\n|\n|upkeep\n|\n|t:|1700021134\n|switch|p1a: Wogi|Ogerpon-Wellspring, F|100\/100\n|turn|3\n|\n|t:|1700021139\n|move|p2a: Arceus|Extreme Speed|p1a: Wogi\n|-damage|p1a: Wogi|74\/100\n|move|p1a: Wogi|Ivy Cudgel|p2a: Arceus|[anim] Ivy Cudgel Water\n|-supereffective|p2a: Arceus\n|-damage|p2a: Arceus|8\/100\n|\n|upkeep\n|turn|4\n|\n|t:|1700021152\n|move|p1a: Wogi|Spiky Shield|p1a: Wogi\n|-singleturn|p1a: Wogi|move: Protect\n|move|p2a: Arceus|Extreme Speed|p1a: Wogi\n|-activate|p1a: Wogi|move: Protect\n|-damage|p2a: Arceus|0 fnt|[from] Spiky Shield|[of] p1a: Wogi\n|faint|p2a: Arceus\n|\n|upkeep\n|\n|t:|1700021169\n|switch|p2a: Zacian|Zacian-Crowned, shiny|100\/100\n|-ability|p2a: Zacian|Intrepid Sword|boost\n|-boost|p2a: Zacian|atk|1\n|turn|5\n|\n|t:|1700021177\n|move|p1a: Wogi|Spiky Shield|p1a: Wogi\n|-singleturn|p1a: Wogi|move: Protect\n|move|p2a: Zacian|Behemoth Blade|p1a: Wogi\n|-activate|p1a: Wogi|move: Protect\n|-damage|p2a: Zacian|88\/100|[from] Spiky Shield|[of] p1a: Wogi\n|\n|upkeep\n|turn|6\n|\n|t:|1700021186\n|switch|p1a: Gogi|Ogerpon, F|100\/100\n|move|p2a: Zacian|Behemoth Blade|p1a: Gogi\n|-damage|p1a: Gogi|0 fnt\n|faint|p1a: Gogi\n|\n|upkeep\n|inactiveoff|Battle timer is now OFF.\n|\n|t:|1700021195\n|switch|p1a: Rogi|Ogerpon-Cornerstone, F|100\/100\n|turn|7\n|\n|t:|1700021200\n|move|p2a: Zacian|Behemoth Blade|p1a: Rogi\n|-supereffective|p1a: Rogi\n|-ability|p1a: Rogi|Sturdy\n|-damage|p1a: Rogi|1\/100\n|move|p1a: Rogi|Counter|p2a: Zacian\n|-damage|p2a: Zacian|0 fnt\n|faint|p2a: Zacian\n|\n|upkeep\n|\n|t:|1700021210\n|switch|p2a: Urshifu|Urshifu-Rapid-Strike, F|100\/100\n|turn|8\n|\n|t:|1700021214\n|move|p2a: Urshifu|Trailblaze|p1a: Rogi\n|-damage|p1a: Rogi|0 fnt\n|-boost|p2a: Urshifu|spe|1\n|faint|p1a: Rogi\n|\n|upkeep\n|\n|t:|1700021220\n|switch|p1a: Wogi|Ogerpon-Wellspring, F|74\/100\n|turn|9\n|\n|t:|1700021225\n|move|p2a: Urshifu|Thunder Punch|p1a: Wogi\n|-damage|p1a: Wogi|39\/100\n|move|p1a: Wogi|Horn Leech|p2a: Urshifu\n|-supereffective|p2a: Urshifu\n|-damage|p2a: Urshifu|5\/100\n|-heal|p1a: Wogi|93\/100|[from] drain|[of] p2a: Urshifu\n|\n|-heal|p2a: Urshifu|12\/100|[from] item: Leftovers\n|upkeep\n|turn|10\n|\n|t:|1700021236\n|move|p1a: Wogi|Spiky Shield|p1a: Wogi\n|-singleturn|p1a: Wogi|move: Protect\n|move|p2a: Urshifu|Drain Punch|p1a: Wogi\n|-damage|p1a: Wogi|43\/100\n|-heal|p2a: Urshifu|34\/100|[from] drain|[of] p1a: Wogi\n|\n|-heal|p2a: Urshifu|40\/100|[from] item: Leftovers\n|upkeep\n|turn|11\n|\n|t:|1700021248\n|move|p2a: Urshifu|Drain Punch|p1a: Wogi\n|-crit|p1a: Wogi\n|-damage|p1a: Wogi|0 fnt\n|-heal|p2a: Urshifu|59\/100|[from] drain|[of] p1a: Wogi\n|faint|p1a: Wogi\n|\n|-heal|p2a: Urshifu|65\/100|[from] item: Leftovers\n|upkeep\n|\n|t:|1700021256\n|switch|p1a: Ogi|Ogerpon, F|100\/100\n|turn|12\n|\n|t:|1700021270\n|-terastallize|p1a: Ogi|Grass\n|detailschange|p1a: Ogi|Ogerpon-Teal-Tera, F, tera:Grass\n|-ability|p1a: Ogi|Embody Aspect (Teal)|boost\n|-boost|p1a: Ogi|spe|1\n|move|p1a: Ogi|Ivy Cudgel|p2a: Urshifu\n|-supereffective|p2a: Urshifu\n|-damage|p2a: Urshifu|0 fnt\n|faint|p2a: Urshifu\n|\n|upkeep\n|\n|t:|1700021279\n|switch|p2a: Miraidon|Miraidon|100\/100\n|-fieldstart|move: Electric Terrain|[from] ability: Hadron Engine|[of] p2a: Miraidon\n|turn|13\n|\n|t:|1700021287\n|switch|p1a: Fogi|Ogerpon-Hearthflame, F|100\/100\n|-ability|p1a: Fogi|Mold Breaker\n|move|p2a: Miraidon|Dragon Pulse|p1a: Fogi\n|-damage|p1a: Fogi|31\/100\n|\n|upkeep\n|turn|14\n|\n|t:|1700021297\n|move|p2a: Miraidon|Dragon Pulse|p1a: Fogi\n|-damage|p1a: Fogi|0 fnt\n|faint|p1a: Fogi\n|\n|upkeep\n|\n|t:|1700021302\n|switch|p1a: Ogi|Ogerpon-Teal-Tera, F, tera:Grass|100\/100\n|-ability|p1a: Ogi|Embody Aspect (Teal)|boost\n|-boost|p1a: Ogi|spe|1\n|turn|15\n|\n|t:|1700021316\n|move|p1a: Ogi|Low Kick|p2a: Miraidon\n|-damage|p2a: Miraidon|38\/100\n|move|p2a: Miraidon|Dragon Pulse|p1a: Ogi\n|-damage|p1a: Ogi|27\/100\n|\n|-heal|p2a: Miraidon|44\/100|[from] item: Leftovers\n|upkeep\n|turn|16\n|\n|t:|1700021325\n|move|p1a: Ogi|Low Kick|p2a: Miraidon\n|-damage|p2a: Miraidon|0 fnt\n|faint|p2a: Miraidon\n|\n|upkeep\n|\n|t:|1700021328\n|switch|p2a: Calyrex|Calyrex-Shadow|100\/100\n|-ability|p2a: Calyrex|As One\n|-ability|p2a: Calyrex|Unnerve\n|turn|17\n|-message|Zero zelttk forfeited.\n|\n|win|Kayleb1718\n|l|\u2606Zero zelttk\n|l|\u2606Kayleb1718\n|j|\u2606Kayleb1718\n|player|p2|Kayleb1718|lucas-gen4pt\n","uploadtime":1700021376,"views":3,"p1id":"zerozelttk","p2id":"kayleb1718","formatid":"gen9anythinggoes","rating":0,"private":0,"password":""}