{"id":"gen9anythinggoes-1978867294","p1":"ErieSimpe","p2":"uvuvy6f6x6x6","format":"[Gen 9] Anything Goes","log":"|j|\u2606ErieSimpe\n|j|\u2606uvuvy6f6x6x6\n|t:|1698604469\n|gametype|singles\n|player|p1|ErieSimpe|265|1053\n|player|p2|uvuvy6f6x6x6|170|1145\n|teamsize|p1|6\n|teamsize|p2|1\n|gen|9\n|tier|[Gen 9] Anything Goes\n|rated|\n|rule|HP Percentage Mod: HP is shown in percentages\n|rule|Endless Battle Clause: Forcing endless battles is banned\n|clearpoke\n|poke|p1|Annihilape, F|\n|poke|p1|Arceus-Fairy|\n|poke|p1|Mamoswine, F|\n|poke|p1|Magearna|\n|poke|p1|Palafin, F|\n|poke|p1|Ursaluna-Bloodmoon, M|\n|poke|p2|Arceus|\n|teampreview\n|inactive|Battle timer is ON: inactive players will automatically lose when time's up. (requested by uvuvy6f6x6x6)\n|\n|t:|1698604474\n|start\n|switch|p1a: Palafin|Palafin, F|100\/100\n|switch|p2a: Arceus|Arceus, shiny|100\/100\n|turn|1\n|\n|t:|1698604483\n|move|p1a: Palafin|Flip Turn|p2a: Arceus\n|-damage|p2a: Arceus|79\/100\n|\n|t:|1698604487\n|detailschange|p1a: Palafin|Palafin-Hero, F\n|switch|p1a: Annihilape|Annihilape, F|100\/100|[from] Flip Turn\n|move|p2a: Arceus|Cosmic Power|p2a: Arceus\n|-boost|p2a: Arceus|def|1\n|-boost|p2a: Arceus|spd|1\n|\n|-heal|p2a: Arceus|85\/100|[from] item: Leftovers\n|upkeep\n|turn|2\n|\n|t:|1698604498\n|-terastallize|p2a: Arceus|Psychic\n|move|p2a: Arceus|Future Sight|p1a: Annihilape\n|-start|p2a: Arceus|move: Future Sight\n|move|p1a: Annihilape|Drain Punch|p2a: Arceus\n|-resisted|p2a: Arceus\n|-damage|p2a: Arceus|79\/100\n|\n|-heal|p2a: Arceus|85\/100|[from] item: Leftovers\n|upkeep\n|turn|3\n|\n|t:|1698604509\n|switch|p1a: Backshots|Magearna|100\/100\n|move|p2a: Arceus|Cosmic Power|p2a: Arceus\n|-boost|p2a: Arceus|def|1\n|-boost|p2a: Arceus|spd|1\n|\n|-heal|p2a: Arceus|91\/100|[from] item: Leftovers\n|upkeep\n|turn|4\n|\n|t:|1698604518\n|move|p2a: Arceus|Cosmic Power|p2a: Arceus\n|-boost|p2a: Arceus|def|1\n|-boost|p2a: Arceus|spd|1\n|move|p1a: Backshots|Shift Gear|p1a: Backshots\n|-boost|p1a: Backshots|spe|2\n|-boost|p1a: Backshots|atk|1\n|\n|-end|p1a: Backshots|move: Future Sight\n|-resisted|p1a: Backshots\n|-damage|p1a: Backshots|78\/100\n|-heal|p1a: Backshots|84\/100|[from] item: Leftovers\n|-heal|p2a: Arceus|97\/100|[from] item: Leftovers\n|upkeep\n|turn|5\n|\n|t:|1698604530\n|move|p1a: Backshots|Shift Gear|p1a: Backshots\n|-boost|p1a: Backshots|spe|2\n|-boost|p1a: Backshots|atk|1\n|move|p2a: Arceus|Future Sight|p1a: Backshots\n|-start|p2a: Arceus|move: Future Sight\n|\n|-heal|p1a: Backshots|90\/100|[from] item: Leftovers\n|-heal|p2a: Arceus|100\/100|[from] item: Leftovers\n|upkeep\n|turn|6\n|\n|t:|1698604538\n|move|p1a: Backshots|Baton Pass|p1a: Backshots\n|\n|t:|1698604547\n|switch|p1a: Ursaluna|Ursaluna-Bloodmoon, M|100\/100|[from] Baton Pass\n|move|p2a: Arceus|Cosmic Power|p2a: Arceus\n|-boost|p2a: Arceus|def|1\n|-boost|p2a: Arceus|spd|1\n|\n|upkeep\n|turn|7\n|\n|t:|1698604556\n|move|p1a: Ursaluna|Blood Moon|p2a: Arceus\n|-damage|p2a: Arceus|84\/100\n|move|p2a: Arceus|Body Press|p1a: Ursaluna\n|-supereffective|p1a: Ursaluna\n|-damage|p1a: Ursaluna|0 fnt\n|faint|p1a: Ursaluna\n|\n|-hint|Future Sight did not hit because the target is fainted.\n|-heal|p2a: Arceus|90\/100|[from] item: Leftovers\n|upkeep\n|\n|t:|1698604564\n|switch|p1a: Annihilape|Annihilape, F|100\/100\n|turn|8\n|\n|t:|1698604572\n|move|p2a: Arceus|Future Sight|p1a: Annihilape\n|-start|p2a: Arceus|move: Future Sight\n|move|p1a: Annihilape|Rage Fist|p2a: Arceus\n|-supereffective|p2a: Arceus\n|-damage|p2a: Arceus|82\/100\n|\n|-heal|p2a: Arceus|88\/100|[from] item: Leftovers\n|upkeep\n|turn|9\n|\n|t:|1698604583\n|switch|p1a: Backshots|Magearna|90\/100\n|move|p2a: Arceus|Cosmic Power|p2a: Arceus\n|-boost|p2a: Arceus|def|1\n|-boost|p2a: Arceus|spd|1\n|\n|-heal|p2a: Arceus|94\/100|[from] item: Leftovers\n|-heal|p1a: Backshots|96\/100|[from] item: Leftovers\n|upkeep\n|turn|10\n|\n|t:|1698604593\n|move|p2a: Arceus|Body Press|p1a: Backshots\n|-damage|p1a: Backshots|48\/100\n|move|p1a: Backshots|Calm Mind|p1a: Backshots\n|-boost|p1a: Backshots|spa|1\n|-boost|p1a: Backshots|spd|1\n|\n|-end|p1a: Backshots|move: Future Sight\n|-resisted|p1a: Backshots\n|-damage|p1a: Backshots|33\/100\n|-heal|p2a: Arceus|99\/100|[from] item: Leftovers\n|-heal|p1a: Backshots|39\/100|[from] item: Leftovers\n|upkeep\n|turn|11\n|\n|t:|1698604605\n|move|p2a: Arceus|Body Press|p1a: Backshots\n|-damage|p1a: Backshots|0 fnt\n|faint|p1a: Backshots\n|\n|-heal|p2a: Arceus|100\/100|[from] item: Leftovers\n|upkeep\n|\n|t:|1698604622\n|switch|p1a: Arceus|Arceus-Fairy|100\/100\n|turn|12\n|\n|t:|1698604639\n|move|p1a: Arceus|Will-O-Wisp|p2a: Arceus\n|-status|p2a: Arceus|brn\n|move|p2a: Arceus|Future Sight|p1a: Arceus\n|-start|p2a: Arceus|move: Future Sight\n|\n|-damage|p2a: Arceus|94\/100 brn|[from] brn\n|upkeep\n|turn|13\n|\n|t:|1698604646\n|move|p1a: Arceus|Judgment|p2a: Arceus\n|-damage|p2a: Arceus|86\/100 brn\n|move|p2a: Arceus|Cosmic Power|p2a: Arceus\n|-boost|p2a: Arceus|def|1\n|-boost|p2a: Arceus|spd|1\n|\n|-heal|p2a: Arceus|92\/100 brn|[from] item: Leftovers\n|-damage|p2a: Arceus|86\/100 brn|[from] brn\n|upkeep\n|turn|14\n|\n|t:|1698604658\n|move|p1a: Arceus|Judgment|p2a: Arceus\n|-crit|p2a: Arceus\n|-damage|p2a: Arceus|44\/100 brn\n|move|p2a: Arceus|Body Press|p1a: Arceus\n|-resisted|p1a: Arceus\n|-crit|p1a: Arceus\n|-damage|p1a: Arceus|81\/100\n|\n|-end|p1a: Arceus|move: Future Sight\n|-damage|p1a: Arceus|42\/100\n|-heal|p2a: Arceus|50\/100 brn|[from] item: Leftovers\n|-damage|p2a: Arceus|44\/100 brn|[from] brn\n|upkeep\n|turn|15\n|\n|t:|1698604670\n|-terastallize|p1a: Arceus|Psychic\n|move|p1a: Arceus|Judgment|p2a: Arceus\n|-damage|p2a: Arceus|36\/100 brn\n|move|p2a: Arceus|Recover|p2a: Arceus\n|-heal|p2a: Arceus|86\/100 brn\n|\n|-heal|p2a: Arceus|92\/100 brn|[from] item: Leftovers\n|-damage|p2a: Arceus|86\/100 brn|[from] brn\n|upkeep\n|turn|16\n|\n|t:|1698604682\n|move|p1a: Arceus|Recover|p1a: Arceus\n|-heal|p1a: Arceus|93\/100\n|move|p2a: Arceus|Future Sight|p1a: Arceus\n|-start|p2a: Arceus|move: Future Sight\n|\n|-heal|p2a: Arceus|92\/100 brn|[from] item: Leftovers\n|-damage|p2a: Arceus|86\/100 brn|[from] brn\n|upkeep\n|turn|17\n|\n|t:|1698604690\n|move|p1a: Arceus|Judgment|p2a: Arceus\n|-damage|p2a: Arceus|78\/100 brn\n|move|p2a: Arceus|Body Press|p1a: Arceus\n|-resisted|p1a: Arceus\n|-damage|p1a: Arceus|80\/100\n|\n|-heal|p2a: Arceus|84\/100 brn|[from] item: Leftovers\n|-damage|p2a: Arceus|78\/100 brn|[from] brn\n|upkeep\n|turn|18\n|\n|t:|1698604704\n|move|p1a: Arceus|Judgment|p2a: Arceus\n|-damage|p2a: Arceus|71\/100 brn\n|move|p2a: Arceus|Body Press|p1a: Arceus\n|-resisted|p1a: Arceus\n|-damage|p1a: Arceus|67\/100\n|\n|-end|p1a: Arceus|move: Future Sight\n|-resisted|p1a: Arceus\n|-damage|p1a: Arceus|50\/100\n|-heal|p2a: Arceus|77\/100 brn|[from] item: Leftovers\n|-damage|p2a: Arceus|71\/100 brn|[from] brn\n|upkeep\n|turn|19\n|\n|t:|1698604719\n|move|p1a: Arceus|Judgment|p2a: Arceus\n|-damage|p2a: Arceus|64\/100 brn\n|move|p2a: Arceus|Future Sight|p1a: Arceus\n|-start|p2a: Arceus|move: Future Sight\n|\n|-heal|p2a: Arceus|70\/100 brn|[from] item: Leftovers\n|-damage|p2a: Arceus|64\/100 brn|[from] brn\n|upkeep\n|turn|20\n|\n|t:|1698604735\n|move|p1a: Arceus|Judgment|p2a: Arceus\n|-damage|p2a: Arceus|57\/100 brn\n|move|p2a: Arceus|Body Press|p1a: Arceus\n|-resisted|p1a: Arceus\n|-damage|p1a: Arceus|36\/100\n|\n|-heal|p2a: Arceus|63\/100 brn|[from] item: Leftovers\n|-damage|p2a: Arceus|57\/100 brn|[from] brn\n|upkeep\n|turn|21\n|\n|t:|1698604745\n|move|p1a: Arceus|Judgment|p2a: Arceus\n|-damage|p2a: Arceus|50\/100 brn\n|move|p2a: Arceus|Body Press|p1a: Arceus\n|-resisted|p1a: Arceus\n|-crit|p1a: Arceus\n|-damage|p1a: Arceus|14\/100\n|\n|-end|p1a: Arceus|move: Future Sight\n|-resisted|p1a: Arceus\n|-damage|p1a: Arceus|0 fnt\n|faint|p1a: Arceus\n|-heal|p2a: Arceus|56\/100 brn|[from] item: Leftovers\n|-damage|p2a: Arceus|50\/100 brn|[from] brn\n|upkeep\n|\n|t:|1698604758\n|switch|p1a: Palafin|Palafin-Hero, F|100\/100\n|-activate|p1a: Palafin|ability: Zero to Hero\n|turn|22\n|\n|t:|1698604765\n|move|p1a: Palafin|Wave Crash|p2a: Arceus\n|-damage|p2a: Arceus|32\/100 brn\n|-damage|p1a: Palafin|93\/100|[from] Recoil\n|move|p2a: Arceus|Recover|p2a: Arceus\n|-heal|p2a: Arceus|82\/100 brn\n|\n|-heal|p2a: Arceus|88\/100 brn|[from] item: Leftovers\n|-damage|p2a: Arceus|82\/100 brn|[from] brn\n|upkeep\n|turn|23\n|\n|t:|1698604775\n|move|p1a: Palafin|Wave Crash|p2a: Arceus\n|-damage|p2a: Arceus|63\/100 brn\n|-damage|p1a: Palafin|85\/100|[from] Recoil\n|move|p2a: Arceus|Future Sight|p1a: Palafin\n|-start|p2a: Arceus|move: Future Sight\n|\n|-heal|p2a: Arceus|69\/100 brn|[from] item: Leftovers\n|-damage|p2a: Arceus|63\/100 brn|[from] brn\n|upkeep\n|turn|24\n|\n|t:|1698604784\n|move|p1a: Palafin|Wave Crash|p2a: Arceus\n|-damage|p2a: Arceus|43\/100 brn\n|-damage|p1a: Palafin|76\/100|[from] Recoil\n|move|p2a: Arceus|Body Press|p1a: Palafin\n|-damage|p1a: Palafin|28\/100\n|\n|-heal|p2a: Arceus|49\/100 brn|[from] item: Leftovers\n|-damage|p2a: Arceus|43\/100 brn|[from] brn\n|upkeep\n|turn|25\n|\n|t:|1698604795\n|move|p1a: Palafin|Wave Crash|p2a: Arceus\n|-damage|p2a: Arceus|25\/100 brn\n|-damage|p1a: Palafin|20\/100|[from] Recoil\n|move|p2a: Arceus|Recover|p2a: Arceus\n|-heal|p2a: Arceus|75\/100 brn\n|\n|-end|p1a: Palafin|move: Future Sight\n|-damage|p1a: Palafin|0 fnt\n|faint|p1a: Palafin\n|-heal|p2a: Arceus|81\/100 brn|[from] item: Leftovers\n|-damage|p2a: Arceus|75\/100 brn|[from] brn\n|upkeep\n|\n|t:|1698604806\n|switch|p1a: Roblox|Mamoswine, F|100\/100\n|turn|26\n|\n|t:|1698604815\n|move|p1a: Roblox|Trailblaze|p2a: Arceus\n|-damage|p2a: Arceus|71\/100 brn\n|-boost|p1a: Roblox|spe|1\n|-damage|p1a: Roblox|91\/100|[from] item: Life Orb\n|move|p2a: Arceus|Future Sight|p1a: Roblox\n|-start|p2a: Arceus|move: Future Sight\n|\n|-heal|p2a: Arceus|77\/100 brn|[from] item: Leftovers\n|-damage|p2a: Arceus|71\/100 brn|[from] brn\n|upkeep\n|turn|27\n|\n|t:|1698604827\n|move|p1a: Roblox|Earthquake|p2a: Arceus\n|-damage|p2a: Arceus|61\/100 brn\n|-damage|p1a: Roblox|81\/100|[from] item: Life Orb\n|move|p2a: Arceus|Body Press|p1a: Roblox\n|-supereffective|p1a: Roblox\n|-damage|p1a: Roblox|0 fnt\n|faint|p1a: Roblox\n|\n|-heal|p2a: Arceus|67\/100 brn|[from] item: Leftovers\n|-damage|p2a: Arceus|61\/100 brn|[from] brn\n|upkeep\n|\n|t:|1698604837\n|switch|p1a: Annihilape|Annihilape, F|100\/100\n|turn|28\n|\n|t:|1698604843\n|move|p2a: Arceus|Recover|p2a: Arceus\n|-heal|p2a: Arceus|100\/100 brn\n|move|p1a: Annihilape|Bulk Up|p1a: Annihilape\n|-boost|p1a: Annihilape|atk|1\n|-boost|p1a: Annihilape|def|1\n|\n|-end|p1a: Annihilape|move: Future Sight\n|-supereffective|p1a: Annihilape\n|-damage|p1a: Annihilape|24\/100\n|-damage|p2a: Arceus|94\/100 brn|[from] brn\n|upkeep\n|turn|29\n|\n|t:|1698604854\n|move|p2a: Arceus|Future Sight|p1a: Annihilape\n|-start|p2a: Arceus|move: Future Sight\n|move|p1a: Annihilape|Rage Fist|p2a: Arceus\n|-supereffective|p2a: Arceus\n|-damage|p2a: Arceus|75\/100 brn\n|\n|-heal|p2a: Arceus|82\/100 brn|[from] item: Leftovers\n|-damage|p2a: Arceus|75\/100 brn|[from] brn\n|upkeep\n|turn|30\n|\n|t:|1698604863\n|move|p2a: Arceus|Recover|p2a: Arceus\n|-heal|p2a: Arceus|100\/100 brn\n|move|p1a: Annihilape|Rage Fist|p2a: Arceus\n|-supereffective|p2a: Arceus\n|-damage|p2a: Arceus|84\/100 brn\n|\n|-heal|p2a: Arceus|90\/100 brn|[from] item: Leftovers\n|-damage|p2a: Arceus|84\/100 brn|[from] brn\n|upkeep\n|turn|31\n|\n|t:|1698604872\n|move|p2a: Arceus|Recover|p2a: Arceus\n|-heal|p2a: Arceus|100\/100 brn\n|move|p1a: Annihilape|Rest|p1a: Annihilape\n|-status|p1a: Annihilape|slp|[from] move: Rest\n|-heal|p1a: Annihilape|100\/100 slp|[silent]\n|-enditem|p1a: Annihilape|Chesto Berry|[eat]\n|-curestatus|p1a: Annihilape|slp|[msg]\n|\n|-end|p1a: Annihilape|move: Future Sight\n|-supereffective|p1a: Annihilape\n|-damage|p1a: Annihilape|26\/100\n|-damage|p2a: Arceus|94\/100 brn|[from] brn\n|upkeep\n|turn|32\n|\n|t:|1698604888\n|move|p2a: Arceus|Future Sight|p1a: Annihilape\n|-start|p2a: Arceus|move: Future Sight\n|move|p1a: Annihilape|Rage Fist|p2a: Arceus\n|-supereffective|p2a: Arceus\n|-damage|p2a: Arceus|70\/100 brn\n|\n|-heal|p2a: Arceus|76\/100 brn|[from] item: Leftovers\n|-damage|p2a: Arceus|70\/100 brn|[from] brn\n|upkeep\n|turn|33\n|\n|t:|1698604897\n|move|p2a: Arceus|Recover|p2a: Arceus\n|-heal|p2a: Arceus|100\/100 brn\n|move|p1a: Annihilape|Rage Fist|p2a: Arceus\n|-supereffective|p2a: Arceus\n|-damage|p2a: Arceus|72\/100 brn\n|\n|-heal|p2a: Arceus|78\/100 brn|[from] item: Leftovers\n|-damage|p2a: Arceus|72\/100 brn|[from] brn\n|upkeep\n|turn|34\n|\n|t:|1698604907\n|move|p2a: Arceus|Recover|p2a: Arceus\n|-heal|p2a: Arceus|100\/100 brn\n|move|p1a: Annihilape|Rage Fist|p2a: Arceus\n|-supereffective|p2a: Arceus\n|-damage|p2a: Arceus|75\/100 brn\n|\n|-end|p1a: Annihilape|move: Future Sight\n|-supereffective|p1a: Annihilape\n|-crit|p1a: Annihilape\n|-damage|p1a: Annihilape|0 fnt\n|faint|p1a: Annihilape\n|\n|win|uvuvy6f6x6x6\n|upkeep\n|raw|ErieSimpe's rating: 1053 &rarr; <strong>1040<\/strong><br \/>(-13 for losing)\n|raw|uvuvy6f6x6x6's rating: 1145 &rarr; <strong>1164<\/strong><br \/>(+19 for winning)\n","uploadtime":1698604923,"views":10,"p1id":"eriesimpe","p2id":"uvuvy6f6x6x6","formatid":"gen9anythinggoes","rating":1040,"private":0,"password":""}