{"id":"gen9anythinggoes-1974825637","p1":"Dumbfudge","p2":"BeginnerForReal","format":"[Gen 9] Anything Goes","log":"|j|\u2606Dumbfudge\n|j|\u2606BeginnerForReal\n|t:|1698130728\n|gametype|singles\n|player|p1|Dumbfudge|blackbelt-gen4dp|1298\n|player|p2|BeginnerForReal|266|1244\n|teamsize|p1|6\n|teamsize|p2|6\n|gen|9\n|tier|[Gen 9] Anything Goes\n|rated|\n|rule|HP Percentage Mod: HP is shown in percentages\n|rule|Endless Battle Clause: Forcing endless battles is banned\n|clearpoke\n|poke|p1|Grimmsnarl, M|\n|poke|p1|Dudunsparce-*, F|\n|poke|p1|Zacian-*|\n|poke|p1|Calyrex-Shadow|\n|poke|p1|Drifblim, M|\n|poke|p1|Darkrai|\n|poke|p2|Maushold-Four|\n|poke|p2|Maushold-Four|\n|poke|p2|Houndstone, M|\n|poke|p2|Forretress, M|\n|poke|p2|Arbok, M|\n|poke|p2|Golduck, F|\n|teampreview\n|\n|t:|1698130735\n|start\n|switch|p1a: Grimmsnarl|Grimmsnarl, M|100\/100\n|switch|p2a: Forretress|Forretress, M|100\/100\n|turn|1\n|c|\u2606BeginnerForReal|Hi\n|\n|t:|1698130741\n|move|p1a: Grimmsnarl|Taunt|p2a: Forretress\n|-start|p2a: Forretress|move: Taunt\n|cant|p2a: Forretress|move: Taunt|Stealth Rock\n|\n|upkeep\n|turn|2\n|\n|t:|1698130750\n|switch|p2a: Maushold|Maushold-Four|100\/100\n|move|p1a: Grimmsnarl|Reflect|p1a: Grimmsnarl\n|-sidestart|p1: Dumbfudge|Reflect\n|\n|upkeep\n|turn|3\n|\n|t:|1698130758\n|move|p1a: Grimmsnarl|Light Screen|p1a: Grimmsnarl\n|-sidestart|p1: Dumbfudge|move: Light Screen\n|move|p2a: Maushold|Population Bomb|p1a: Grimmsnarl\n|-damage|p1a: Grimmsnarl|95\/100\n|-damage|p1a: Grimmsnarl|90\/100\n|-damage|p1a: Grimmsnarl|85\/100\n|-damage|p1a: Grimmsnarl|80\/100\n|-damage|p1a: Grimmsnarl|75\/100\n|-damage|p1a: Grimmsnarl|69\/100\n|-damage|p1a: Grimmsnarl|64\/100\n|-damage|p1a: Grimmsnarl|59\/100\n|-damage|p1a: Grimmsnarl|54\/100\n|-damage|p1a: Grimmsnarl|49\/100\n|-hitcount|p1a: Grimmsnarl|10\n|\n|upkeep\n|turn|4\n|\n|t:|1698130776\n|move|p1a: Grimmsnarl|Sucker Punch|p2a: Maushold\n|-damage|p2a: Maushold|56\/100\n|move|p2a: Maushold|Population Bomb|p1a: Grimmsnarl\n|-damage|p1a: Grimmsnarl|44\/100\n|-damage|p1a: Grimmsnarl|38\/100\n|-damage|p1a: Grimmsnarl|33\/100\n|-crit|p1a: Grimmsnarl\n|-damage|p1a: Grimmsnarl|19\/100\n|-damage|p1a: Grimmsnarl|13\/100\n|-crit|p1a: Grimmsnarl\n|-damage|p1a: Grimmsnarl|0 fnt\n|faint|p1a: Grimmsnarl\n|-hitcount|p1: Grimmsnarl|6\n|\n|upkeep\n|\n|t:|1698130791\n|switch|p1a: Dudunsparce|Dudunsparce, F|100\/100\n|turn|5\n|\n|t:|1698130795\n|switch|p2a: Golduck|Golduck, F|100\/100\n|move|p1a: Dudunsparce|Coil|p1a: Dudunsparce\n|-boost|p1a: Dudunsparce|atk|1\n|-boost|p1a: Dudunsparce|def|1\n|-boost|p1a: Dudunsparce|accuracy|1\n|\n|upkeep\n|turn|6\n|\n|t:|1698130803\n|move|p2a: Golduck|Haze|p2a: Golduck\n|-clearallboost\n|move|p1a: Dudunsparce|Baton Pass|p1a: Dudunsparce\n|\n|t:|1698130812\n|switch|p1a: Zacian|Zacian-Crowned|100\/100|[from] Baton Pass\n|-ability|p1a: Zacian|Intrepid Sword|boost\n|-boost|p1a: Zacian|atk|1\n|\n|upkeep\n|turn|7\n|c|\u2606BeginnerForReal|You pass nothing\n|c|\u2606BeginnerForReal|Lmao\n|\n|t:|1698130820\n|-terastallize|p1a: Zacian|Steel\n|move|p1a: Zacian|Behemoth Blade|p2a: Golduck\n|-resisted|p2a: Golduck\n|-damage|p2a: Golduck|18\/100\n|move|p2a: Golduck|Haze|p2a: Golduck\n|-clearallboost\n|\n|upkeep\n|turn|8\n|\n|t:|1698130830\n|move|p1a: Zacian|Behemoth Blade|p2a: Golduck\n|-resisted|p2a: Golduck\n|-damage|p2a: Golduck|0 fnt\n|faint|p2a: Golduck\n|\n|upkeep\n|\n|t:|1698130838\n|switch|p2a: Maushold|Maushold-Four|56\/100\n|turn|9\n|\n|t:|1698130841\n|move|p1a: Zacian|Behemoth Blade|p2a: Maushold\n|-damage|p2a: Maushold|0 fnt\n|faint|p2a: Maushold\n|\n|-sideend|p1: Dumbfudge|Reflect\n|upkeep\n|\n|t:|1698130848\n|switch|p2a: Maushold|Maushold-Four|100\/100\n|turn|10\n|\n|t:|1698130851\n|move|p1a: Zacian|Behemoth Blade|p2a: Maushold\n|-damage|p2a: Maushold|0 fnt\n|faint|p2a: Maushold\n|\n|-sideend|p1: Dumbfudge|move: Light Screen\n|upkeep\n|\n|t:|1698130859\n|switch|p2a: Forretress|Forretress, M|100\/100\n|turn|11\n|\n|t:|1698130863\n|move|p1a: Zacian|Behemoth Blade|p2a: Forretress\n|-resisted|p2a: Forretress\n|-damage|p2a: Forretress|67\/100\n|move|p2a: Forretress|Stealth Rock|p1a: Zacian\n|-sidestart|p1: Dumbfudge|move: Stealth Rock\n|\n|upkeep\n|turn|12\n|\n|t:|1698130870\n|move|p1a: Zacian|Play Rough|p2a: Forretress\n|-resisted|p2a: Forretress\n|-damage|p2a: Forretress|42\/100\n|move|p2a: Forretress|Thunder Wave|p1a: Zacian\n|-status|p1a: Zacian|par\n|\n|upkeep\n|turn|13\n|\n|t:|1698130878\n|move|p1a: Zacian|Sacred Sword|p2a: Forretress\n|-damage|p2a: Forretress|11\/100\n|move|p2a: Forretress|Giga Drain|p1a: Zacian\n|-resisted|p1a: Zacian\n|-damage|p1a: Zacian|94\/100 par\n|-heal|p2a: Forretress|15\/100|[from] drain|[of] p1a: Zacian\n|\n|upkeep\n|turn|14\n|\n|t:|1698130887\n|move|p1a: Zacian|Behemoth Blade|p2a: Forretress\n|-resisted|p2a: Forretress\n|-damage|p2a: Forretress|0 fnt\n|faint|p2a: Forretress\n|\n|upkeep\n|\n|t:|1698130893\n|switch|p2a: Houndstone|Houndstone, M|100\/100\n|turn|15\n|\n|t:|1698130910\n|switch|p1a: Dudunsparce|Dudunsparce, F|100\/100\n|-damage|p1a: Dudunsparce|88\/100|[from] Stealth Rock\n|-terastallize|p2a: Houndstone|Ghost\n|move|p2a: Houndstone|Last Respects|p1a: Dudunsparce\n|-immune|p1a: Dudunsparce\n|\n|upkeep\n|turn|16\n|\n|t:|1698130920\n|switch|p2a: Arbok|Arbok, M|100\/100\n|-ability|p2a: Arbok|Intimidate|boost\n|-unboost|p1a: Dudunsparce|atk|1\n|move|p1a: Dudunsparce|Yawn|p2a: Arbok\n|-start|p2a: Arbok|move: Yawn|[of] p1a: Dudunsparce\n|\n|upkeep\n|turn|17\n|\n|t:|1698130934\n|move|p2a: Arbok|Sucker Punch||[still]\n|-fail|p2a: Arbok\n|move|p1a: Dudunsparce|Calm Mind|p1a: Dudunsparce\n|-boost|p1a: Dudunsparce|spa|1\n|-boost|p1a: Dudunsparce|spd|1\n|\n|-end|p2a: Arbok|move: Yawn|[silent]\n|-status|p2a: Arbok|slp\n|upkeep\n|turn|18\n|\n|t:|1698130943\n|cant|p2a: Arbok|slp\n|move|p1a: Dudunsparce|Baton Pass|p1a: Dudunsparce\n|\n|t:|1698130946\n|switch|p1a: Calyrex|Calyrex-Shadow|100\/100|[from] Baton Pass\n|-ability|p1a: Calyrex|As One\n|-ability|p1a: Calyrex|Unnerve\n|-damage|p1a: Calyrex|88\/100|[from] Stealth Rock\n|\n|-heal|p1a: Calyrex|94\/100|[from] item: Leftovers\n|upkeep\n|turn|19\n|\n|t:|1698130956\n|move|p1a: Calyrex|Agility|p1a: Calyrex\n|-boost|p1a: Calyrex|spe|2\n|cant|p2a: Arbok|slp\n|\n|-heal|p1a: Calyrex|100\/100|[from] item: Leftovers\n|upkeep\n|turn|20\n|c|\u2606BeginnerForReal|Gg\n|\n|t:|1698130966\n|move|p1a: Calyrex|Astral Barrage|p2a: Arbok\n|-enditem|p2a: Arbok|Focus Sash\n|-damage|p2a: Arbok|1\/100 slp\n|-curestatus|p2a: Arbok|slp|[msg]\n|move|p2a: Arbok|Haze|p2a: Arbok\n|-clearallboost\n|\n|upkeep\n|turn|21\n|inactive|Battle timer is ON: inactive players will automatically lose when time's up. (requested by Dumbfudge)\n|\n|t:|1698130976\n|move|p2a: Arbok|Sucker Punch|p1a: Calyrex\n|-supereffective|p1a: Calyrex\n|-damage|p1a: Calyrex|28\/100\n|move|p1a: Calyrex|Astral Barrage|p2a: Arbok\n|-damage|p2a: Arbok|0 fnt\n|faint|p2a: Arbok\n|-ability|p1a: Calyrex|Grim Neigh|boost\n|-boost|p1a: Calyrex|spa|1\n|\n|-heal|p1a: Calyrex|34\/100|[from] item: Leftovers\n|upkeep\n|\n|t:|1698130988\n|switch|p2a: Houndstone|Houndstone, M, tera:Ghost|100\/100\n|turn|22\n|\n|t:|1698130992\n|switch|p1a: Dudunsparce|Dudunsparce, F|88\/100\n|-damage|p1a: Dudunsparce|75\/100|[from] Stealth Rock\n|move|p2a: Houndstone|Play Rough|p1a: Dudunsparce\n|-damage|p1a: Dudunsparce|57\/100\n|-damage|p2a: Houndstone|84\/100|[from] item: Rocky Helmet|[of] p1a: Dudunsparce\n|\n|upkeep\n|turn|23\n|\n|t:|1698131002\n|move|p2a: Houndstone|Play Rough|p1a: Dudunsparce\n|-damage|p1a: Dudunsparce|38\/100\n|-damage|p2a: Houndstone|68\/100|[from] item: Rocky Helmet|[of] p1a: Dudunsparce\n|move|p1a: Dudunsparce|Yawn|p2a: Houndstone\n|-start|p2a: Houndstone|move: Yawn|[of] p1a: Dudunsparce\n|\n|upkeep\n|turn|24\n|\n|t:|1698131011\n|move|p2a: Houndstone|Play Rough|p1a: Dudunsparce\n|-damage|p1a: Dudunsparce|21\/100\n|-damage|p2a: Houndstone|51\/100|[from] item: Rocky Helmet|[of] p1a: Dudunsparce\n|move|p1a: Dudunsparce|Coil|p1a: Dudunsparce\n|-boost|p1a: Dudunsparce|atk|1\n|-boost|p1a: Dudunsparce|def|1\n|-boost|p1a: Dudunsparce|accuracy|1\n|\n|-end|p2a: Houndstone|move: Yawn|[silent]\n|-status|p2a: Houndstone|slp\n|upkeep\n|turn|25\n|\n|t:|1698131022\n|cant|p2a: Houndstone|slp\n|move|p1a: Dudunsparce|Baton Pass|p1a: Dudunsparce\n|\n|t:|1698131025\n|switch|p1a: Darkrai|Darkrai|100\/100|[from] Baton Pass\n|-damage|p1a: Darkrai|88\/100|[from] Stealth Rock\n|\n|-damage|p2a: Houndstone|39\/100 slp|[from] ability: Bad Dreams|[of] p1a: Darkrai\n|upkeep\n|turn|26\n|c|\u2606BeginnerForReal|Baton pass is a good move. But it takes too long.\n|\n|t:|1698131042\n|move|p1a: Darkrai|Dark Pulse|p2a: Houndstone\n|-supereffective|p2a: Houndstone\n|-damage|p2a: Houndstone|0 fnt\n|faint|p2a: Houndstone\n|\n|win|Dumbfudge\n|raw|Dumbfudge's rating: 1298 &rarr; <strong>1319<\/strong><br \/>(+21 for winning)\n|raw|BeginnerForReal's rating: 1244 &rarr; <strong>1223<\/strong><br \/>(-21 for losing)\n|c|\u2606BeginnerForReal|Gg\n|l|\u2606BeginnerForReal\n|c|\u2606Dumbfudge|True\n","uploadtime":1698131064,"views":10,"p1id":"dumbfudge","p2id":"beginnerforreal","formatid":"gen9anythinggoes","rating":1223,"private":0,"password":""}