{"id":"gen9anythinggoes-1977831349","p1":"Ryno5311","p2":"dancingnightmare","format":"[Gen 9] Anything Goes","log":"|j|\u2606Ryno5311\n|j|\u2606dancingnightmare\n|t:|1698454978\n|gametype|singles\n|player|p1|Ryno5311|jasmine-masters2|\n|player|p2|dancingnightmare|caitlin|\n|teamsize|p1|6\n|teamsize|p2|6\n|gen|9\n|tier|[Gen 9] Anything Goes\n|rule|HP Percentage Mod: HP is shown in percentages\n|rule|Endless Battle Clause: Forcing endless battles is banned\n|clearpoke\n|poke|p1|Ogerpon-Wellspring, F|\n|poke|p1|Jirachi|\n|poke|p1|Scream Tail|\n|poke|p1|Quaquaval, F|\n|poke|p1|Tyranitar, M|\n|poke|p1|Appletun, F|\n|poke|p2|Iron Moth|\n|poke|p2|Decidueye, F|\n|poke|p2|Meloetta|\n|poke|p2|Ninetales, M|\n|poke|p2|Roaring Moon|\n|poke|p2|Tinkaton, F|\n|teampreview\n|\n|t:|1698454981\n|start\n|switch|p1a: Arcturus|Jirachi|100\/100\n|switch|p2a: Nobara|Tinkaton, F|100\/100\n|-ability|p2a: Nobara|Mold Breaker\n|turn|1\n|c|\u2606dancingnightmare|glhf\n|j| FLOOR IT\n|c|\u2606Ryno5311|oh you wont\n|j| sonicskatergirl\n|\n|t:|1698455000\n|move|p2a: Nobara|Stealth Rock|p1a: Arcturus\n|-sidestart|p1: Ryno5311|move: Stealth Rock\n|move|p1a: Arcturus|Cosmic Power|p1a: Arcturus\n|-boost|p1a: Arcturus|def|1\n|-boost|p1a: Arcturus|spd|1\n|\n|upkeep\n|turn|2\n|\n|t:|1698455014\n|switch|p2a: Momo|Ninetales, M|100\/100\n|-weather|SunnyDay|[from] ability: Drought|[of] p2a: Momo\n|move|p1a: Arcturus|Cosmic Power|p1a: Arcturus\n|-boost|p1a: Arcturus|def|1\n|-boost|p1a: Arcturus|spd|1\n|\n|-weather|SunnyDay|[upkeep]\n|upkeep\n|turn|3\n|j| Nuwyrm\n|\n|t:|1698455025\n|move|p2a: Momo|Weather Ball|p1a: Arcturus\n|-supereffective|p1a: Arcturus\n|-damage|p1a: Arcturus|60\/100\n|move|p1a: Arcturus|Metronome|p1a: Arcturus\n|move|p1a: Arcturus|Flare Blitz|p2a: Momo|[from]move: Metronome\n|-resisted|p2a: Momo\n|-damage|p2a: Momo|72\/100\n|-damage|p1a: Arcturus|53\/100|[from] Recoil\n|\n|-weather|SunnyDay|[upkeep]\n|upkeep\n|turn|4\n|\n|t:|1698455036\n|move|p2a: Momo|Weather Ball|p1a: Arcturus\n|-supereffective|p1a: Arcturus\n|-damage|p1a: Arcturus|15\/100\n|move|p1a: Arcturus|Metronome|p1a: Arcturus\n|move|p1a: Arcturus|Pay Day|p2a: Momo|[from]move: Metronome\n|-damage|p2a: Momo|57\/100\n|\n|-weather|SunnyDay|[upkeep]\n|upkeep\n|turn|5\n|j| TheJoeyGuy\n|\n|t:|1698455044\n|move|p2a: Momo|Weather Ball|p1a: Arcturus\n|-supereffective|p1a: Arcturus\n|-damage|p1a: Arcturus|0 fnt\n|faint|p1a: Arcturus\n|\n|-weather|SunnyDay|[upkeep]\n|upkeep\n|\n|t:|1698455049\n|switch|p1a: Crota|Tyranitar, M|100\/100\n|-damage|p1a: Crota|88\/100|[from] Stealth Rock\n|-weather|Sandstorm|[from] ability: Sand Stream|[of] p1a: Crota\n|turn|6\n|j| CertifiedDumbass1\n|\n|t:|1698455067\n|switch|p2a: Gojo|Roaring Moon|100\/100\n|-singleturn|p1a: Crota|move: Focus Punch\n|move|p1a: Crota|Focus Punch|p2a: Gojo\n|-supereffective|p2a: Gojo\n|-damage|p2a: Gojo|0 fnt\n|faint|p2a: Gojo\n|-end|p2a: Gojo|Protosynthesis|[silent]\n|\n|-weather|Sandstorm|[upkeep]\n|upkeep\n|\n|t:|1698455076\n|switch|p2a: Momo|Ninetales, M|57\/100\n|-weather|SunnyDay|[from] ability: Drought|[of] p2a: Momo\n|turn|7\n|\n|t:|1698455104\n|switch|p1a: Crab Apple|Appletun, F|100\/100\n|-damage|p1a: Crab Apple|88\/100|[from] Stealth Rock\n|move|p2a: Momo|Energy Ball|p1a: Crab Apple\n|-resisted|p1a: Crab Apple\n|-damage|p1a: Crab Apple|82\/100\n|\n|-weather|SunnyDay|[upkeep]\n|upkeep\n|turn|8\n|\n|t:|1698455116\n|move|p2a: Momo|Weather Ball|p1a: Crab Apple\n|-damage|p1a: Crab Apple|54\/100\n|move|p1a: Crab Apple|Earthquake|p2a: Momo\n|-supereffective|p2a: Momo\n|-damage|p2a: Momo|0 fnt\n|faint|p2a: Momo\n|\n|-weather|SunnyDay|[upkeep]\n|upkeep\n|\n|t:|1698455124\n|switch|p2a: Shoko|Iron Moth|100\/100\n|-enditem|p2a: Shoko|Booster Energy\n|-activate|p2a: Shoko|ability: Quark Drive|[fromitem]\n|-start|p2a: Shoko|quarkdrivespe\n|turn|9\n|\n|t:|1698455134\n|switch|p1a: Crota|Tyranitar, M|88\/100\n|-damage|p1a: Crota|76\/100|[from] Stealth Rock\n|-weather|Sandstorm|[from] ability: Sand Stream|[of] p1a: Crota\n|move|p2a: Shoko|Sludge Wave|p1a: Crota\n|-resisted|p1a: Crota\n|-damage|p1a: Crota|68\/100\n|\n|-weather|Sandstorm|[upkeep]\n|-damage|p2a: Shoko|94\/100|[from] Sandstorm\n|upkeep\n|turn|10\n|\n|t:|1698455151\n|-singleturn|p1a: Crota|move: Focus Punch\n|move|p2a: Shoko|Energy Ball|p1a: Crota\n|-supereffective|p1a: Crota\n|-damage|p1a: Crota|47\/100\n|cant|p1a: Crota|Focus Punch|Focus Punch\n|\n|-weather|Sandstorm|[upkeep]\n|-damage|p2a: Shoko|88\/100|[from] Sandstorm\n|upkeep\n|turn|11\n|\n|t:|1698455164\n|-singleturn|p1a: Crota|move: Focus Punch\n|move|p2a: Shoko|Fiery Dance|p1a: Crota\n|-resisted|p1a: Crota\n|-damage|p1a: Crota|41\/100\n|cant|p1a: Crota|Focus Punch|Focus Punch\n|\n|-weather|Sandstorm|[upkeep]\n|-damage|p2a: Shoko|82\/100|[from] Sandstorm\n|upkeep\n|turn|12\n|\n|t:|1698455178\n|-singleturn|p1a: Crota|move: Focus Punch\n|move|p2a: Shoko|Fiery Dance|p1a: Crota\n|-resisted|p1a: Crota\n|-damage|p1a: Crota|34\/100\n|cant|p1a: Crota|Focus Punch|Focus Punch\n|\n|-weather|Sandstorm|[upkeep]\n|-damage|p2a: Shoko|76\/100|[from] Sandstorm\n|upkeep\n|turn|13\n|\n|t:|1698455193\n|move|p2a: Shoko|Fiery Dance|p1a: Crota\n|-resisted|p1a: Crota\n|-damage|p1a: Crota|26\/100\n|-boost|p2a: Shoko|spa|1\n|move|p1a: Crota|Facade|p2a: Shoko\n|-damage|p2a: Shoko|35\/100\n|\n|-weather|none\n|upkeep\n|turn|14\n|\n|t:|1698455204\n|move|p2a: Shoko|Energy Ball|p1a: Crota\n|-supereffective|p1a: Crota\n|-damage|p1a: Crota|0 fnt\n|faint|p1a: Crota\n|\n|upkeep\n|\n|t:|1698455221\n|switch|p1a: Goofy Goober|Scream Tail|100\/100\n|-damage|p1a: Goofy Goober|88\/100|[from] Stealth Rock\n|turn|15\n|\n|t:|1698455229\n|move|p1a: Goofy Goober|Protect|p1a: Goofy Goober\n|-singleturn|p1a: Goofy Goober|Protect\n|move|p2a: Shoko|Sludge Wave|p1a: Goofy Goober\n|-activate|p1a: Goofy Goober|move: Protect\n|\n|upkeep\n|turn|16\n|\n|t:|1698455234\n|move|p2a: Shoko|Sludge Wave|p1a: Goofy Goober\n|-supereffective|p1a: Goofy Goober\n|-damage|p1a: Goofy Goober|0 fnt\n|faint|p1a: Goofy Goober\n|-end|p1a: Goofy Goober|Protosynthesis|[silent]\n|\n|upkeep\n|\n|t:|1698455238\n|switch|p1a: Crab Apple|Appletun, F|54\/100\n|-damage|p1a: Crab Apple|41\/100|[from] Stealth Rock\n|turn|17\n|j| AlexWave55\n|\n|t:|1698455245\n|-terastallize|p1a: Crab Apple|Water\n|move|p2a: Shoko|Sludge Wave|p1a: Crab Apple\n|-damage|p1a: Crab Apple|0 fnt\n|faint|p1a: Crab Apple\n|\n|upkeep\n|\n|t:|1698455250\n|switch|p1a: Duck You|Quaquaval, F|100\/100\n|-damage|p1a: Duck You|94\/100|[from] Stealth Rock\n|turn|18\n|c| AlexWave55|Yeahhh go Alexis\n|\n|t:|1698455256\n|move|p2a: Shoko|Energy Ball|p1a: Duck You\n|-supereffective|p1a: Duck You\n|-damage|p1a: Duck You|5\/100\n|move|p1a: Duck You|Aqua Step|p2a: Shoko\n|-supereffective|p2a: Shoko\n|-damage|p2a: Shoko|0 fnt\n|-boost|p1a: Duck You|spe|1\n|faint|p2a: Shoko\n|-end|p2a: Shoko|Quark Drive|[silent]\n|-ability|p1a: Duck You|Moxie|boost\n|-boost|p1a: Duck You|atk|1\n|\n|-heal|p1a: Duck You|11\/100|[from] item: Leftovers\n|upkeep\n|\n|t:|1698455267\n|switch|p2a: Megumi|Decidueye, F|100\/100\n|turn|19\n|\n|t:|1698455271\n|move|p1a: Duck You|Aqua Step|p2a: Megumi\n|-resisted|p2a: Megumi\n|-damage|p2a: Megumi|75\/100\n|-boost|p1a: Duck You|spe|1\n|move|p2a: Megumi|Leaf Blade|p1a: Duck You\n|-supereffective|p1a: Duck You\n|-damage|p1a: Duck You|0 fnt\n|faint|p1a: Duck You\n|\n|upkeep\n|\n|t:|1698455280\n|switch|p1a: Lucina|Ogerpon-Wellspring, F|100\/100\n|-damage|p1a: Lucina|88\/100|[from] Stealth Rock\n|turn|20\n|c| FLOOR IT|WAVE\n|\n|t:|1698455287\n|move|p1a: Lucina|Ivy Cudgel|p2a: Megumi\n|-resisted|p2a: Megumi\n|-damage|p2a: Megumi|47\/100\n|move|p2a: Megumi|Knock Off|p1a: Lucina\n|-damage|p1a: Lucina|69\/100\n|\n|upkeep\n|turn|21\n|\n|t:|1698455293\n|move|p1a: Lucina|Encore|p2a: Megumi\n|-start|p2a: Megumi|Encore\n|move|p2a: Megumi|Knock Off|p1a: Lucina\n|-damage|p1a: Lucina|47\/100\n|\n|upkeep\n|turn|22\n|\n|t:|1698455297\n|move|p1a: Lucina|Ivy Cudgel|p2a: Megumi\n|-resisted|p2a: Megumi\n|-damage|p2a: Megumi|21\/100\n|move|p2a: Megumi|Knock Off|p1a: Lucina\n|-damage|p1a: Lucina|27\/100\n|\n|upkeep\n|turn|23\n|\n|t:|1698455303\n|move|p1a: Lucina|Ivy Cudgel|p2a: Megumi\n|-resisted|p2a: Megumi\n|-damage|p2a: Megumi|0 fnt\n|faint|p2a: Megumi\n|\n|upkeep\n|c| FLOOR IT|you threw up in the bathroom Wave?\n|\n|t:|1698455312\n|switch|p2a: Toge|Meloetta|100\/100\n|turn|24\n|c| TheJoeyGuy|he frew up\n|\n|t:|1698455322\n|move|p1a: Lucina|Ivy Cudgel|p2a: Toge\n|-damage|p2a: Toge|31\/100\n|move|p2a: Toge|Psyshock|p1a: Lucina\n|-damage|p1a: Lucina|0 fnt\n|faint|p1a: Lucina\n|\n|win|dancingnightmare\n|c|\u2606Ryno5311|man\n|c|\u2606dancingnightmare|gg\n|c|\u2606Ryno5311|gg\n|l| sonicskatergirl\n","uploadtime":1698455344,"views":13,"p1id":"ryno5311","p2id":"dancingnightmare","formatid":"gen9anythinggoes","rating":0,"private":0,"password":""}