{"id":"gen9anythinggoes-1999142176","p1":"kai2805","p2":"Batikan17","format":"[Gen 9] Anything Goes","log":"|j|\u2606kai2805\n|j|\u2606Batikan17\n|t:|1701037748\n|gametype|singles\n|player|p1|kai2805|102|\n|player|p2|Batikan17|169|\n|teamsize|p1|6\n|teamsize|p2|6\n|gen|9\n|tier|[Gen 9] Anything Goes\n|rule|HP Percentage Mod: HP is shown in percentages\n|rule|Endless Battle Clause: Forcing endless battles is banned\n|clearpoke\n|poke|p1|Ogerpon-Cornerstone, F|\n|poke|p1|Vigoroth, M|\n|poke|p1|Copperajah, F|\n|poke|p1|Roaring Moon|\n|poke|p1|Alomomola, F|\n|poke|p1|Slither Wing|\n|poke|p2|Mandibuzz, F|\n|poke|p2|Avalugg-Hisui, M|\n|poke|p2|Munkidori, M|\n|poke|p2|Garchomp, M|\n|poke|p2|Quaquaval, M|\n|poke|p2|Magearna|\n|teampreview\n|j| KreativerNamee\n|l| KreativerNamee\n|j| KreativerNamee\n|c|\u2606Batikan17|gl hf\n|j| Horuskoria\n|j| michpanta\n|j| Dave1200\n|j| xxxlaniusxxx\n|j| dennis wa\n|l| xxxlaniusxxx\n|c| dennis wa|\ud83d\udc49\ud83d\udc4c\n|c| michpanta|Der Calc ist drinnen :D\n|\n|t:|1701038072\n|start\n|switch|p1a: Slither Wing|Slither Wing|100\/100\n|switch|p2a: Sukuna|Garchomp, M|100\/100\n|turn|1\n|\n|t:|1701038142\n|move|p2a: Sukuna|Substitute|p2a: Sukuna\n|-start|p2a: Sukuna|Substitute\n|-damage|p2a: Sukuna|76\/100\n|move|p1a: Slither Wing|Close Combat|p2a: Sukuna\n|-end|p2a: Sukuna|Substitute\n|-unboost|p1a: Slither Wing|def|1\n|-unboost|p1a: Slither Wing|spd|1\n|\n|upkeep\n|turn|2\n|\n|t:|1701038203\n|-end|p1a: Slither Wing|Protosynthesis|[silent]\n|switch|p1a: Alomomola|Alomomola, F|100\/100\n|move|p2a: Sukuna|Substitute|p2a: Sukuna\n|-start|p2a: Sukuna|Substitute\n|-damage|p2a: Sukuna|51\/100\n|\n|upkeep\n|turn|3\n|\n|t:|1701038239\n|move|p2a: Sukuna|Swords Dance|p2a: Sukuna\n|-boost|p2a: Sukuna|atk|2\n|move|p1a: Alomomola|Flip Turn|p2a: Sukuna\n|-activate|p2a: Sukuna|move: Substitute|[damage]\n|\n|t:|1701038264\n|switch|p1a: Slither Wing|Slither Wing|100\/100|[from] Flip Turn\n|\n|upkeep\n|turn|4\n|\n|t:|1701038289\n|move|p2a: Sukuna|Scale Shot|p1a: Slither Wing\n|-damage|p1a: Slither Wing|70\/100\n|-damage|p1a: Slither Wing|38\/100\n|-damage|p1a: Slither Wing|10\/100\n|-damage|p1a: Slither Wing|0 fnt\n|faint|p1a: Slither Wing\n|-end|p1a: Slither Wing|Protosynthesis|[silent]\n|-hitcount|p1: Slither Wing|4\n|-unboost|p2a: Sukuna|def|1\n|-boost|p2a: Sukuna|spe|1\n|\n|upkeep\n|\n|t:|1701038314\n|switch|p1a: Alomomola|Alomomola, F|100\/100\n|turn|5\n|\n|t:|1701038348\n|move|p2a: Sukuna|Earthquake|p1a: Alomomola\n|-damage|p1a: Alomomola|19\/100\n|move|p1a: Alomomola|Flip Turn|p2a: Sukuna\n|-end|p2a: Sukuna|Substitute\n|\n|t:|1701038358\n|switch|p1a: Vigoroth|Vigoroth, M|100\/100|[from] Flip Turn\n|\n|upkeep\n|turn|6\n|\n|t:|1701038420\n|move|p2a: Sukuna|Earthquake|p1a: Vigoroth\n|-damage|p1a: Vigoroth|26\/100\n|move|p1a: Vigoroth|Facade|p2a: Sukuna\n|-damage|p2a: Sukuna|23\/100\n|-damage|p1a: Vigoroth|14\/100|[from] ability: Rough Skin|[of] p2a: Sukuna\n|\n|upkeep\n|turn|7\n|\n|t:|1701038437\n|move|p2a: Sukuna|Earthquake|p1a: Vigoroth\n|-damage|p1a: Vigoroth|0 fnt\n|faint|p1a: Vigoroth\n|\n|upkeep\n|\n|t:|1701038440\n|switch|p1a: Alomomola|Alomomola, F|53\/100\n|turn|8\n|\n|t:|1701038455\n|switch|p1a: Copperajah|Copperajah, F|100\/100\n|move|p2a: Sukuna|Earthquake|p1a: Copperajah\n|-supereffective|p1a: Copperajah\n|-damage|p1a: Copperajah|0 fnt\n|faint|p1a: Copperajah\n|\n|upkeep\n|\n|t:|1701038466\n|switch|p1a: Alomomola|Alomomola, F|86\/100\n|turn|9\n|\n|t:|1701038476\n|move|p2a: Sukuna|Earthquake|p1a: Alomomola\n|-damage|p1a: Alomomola|11\/100\n|move|p1a: Alomomola|Flip Turn|p2a: Sukuna\n|-damage|p2a: Sukuna|3\/100\n|-damage|p1a: Alomomola|0 fnt|[from] ability: Rough Skin|[of] p2a: Sukuna\n|faint|p1a: Alomomola\n|\n|upkeep\n|\n|t:|1701038484\n|switch|p1a: Ogerpon|Ogerpon-Cornerstone, F|100\/100\n|turn|10\n|\n|t:|1701038504\n|move|p2a: Sukuna|Scale Shot|p1a: Ogerpon\n|-damage|p1a: Ogerpon|60\/100\n|-damage|p1a: Ogerpon|22\/100\n|-damage|p1a: Ogerpon|0 fnt\n|faint|p1a: Ogerpon\n|-hitcount|p1: Ogerpon|3\n|-unboost|p2a: Sukuna|def|1\n|-boost|p2a: Sukuna|spe|1\n|\n|upkeep\n|\n|t:|1701038509\n|switch|p1a: Roaring Moon|Roaring Moon|100\/100\n|turn|11\n|\n|t:|1701038539\n|move|p2a: Sukuna|Earthquake|p1a: Roaring Moon\n|-damage|p1a: Roaring Moon|0 fnt\n|faint|p1a: Roaring Moon\n|-end|p1a: Roaring Moon|Protosynthesis|[silent]\n|\n|win|Batikan17\n|c| michpanta|gg\n|l| KreativerNamee\n|l| Horuskoria\n|c|\u2606Batikan17|gg\n","uploadtime":1701038556,"views":23,"p1id":"kai2805","p2id":"batikan17","formatid":"gen9anythinggoes","rating":0,"private":0,"password":""}