{"id":"gen9anythinggoes-1973568582","p1":"cyan is cool","p2":"Nepuchyuunu","format":"[Gen 9] Anything Goes","log":"|j|\u2606cyan is cool\n|j|\u2606Nepuchyuunu\n|t:|1697991693\n|gametype|singles\n|player|p1|cyan is cool|alec-anime|1080\n|player|p2|Nepuchyuunu|cilan|1236\n|teamsize|p1|6\n|teamsize|p2|6\n|gen|9\n|tier|[Gen 9] Anything Goes\n|rated|\n|rule|HP Percentage Mod: HP is shown in percentages\n|rule|Endless Battle Clause: Forcing endless battles is banned\n|clearpoke\n|poke|p1|Kyogre|\n|poke|p1|Politoed, F|\n|poke|p1|Arceus-Water|\n|poke|p1|Toxicroak, M|\n|poke|p1|Cloyster, M|\n|poke|p1|Basculegion, M|\n|poke|p2|Miraidon|\n|poke|p2|Iron Bundle|\n|poke|p2|Ribombee, F|\n|poke|p2|Toxapex, M|\n|poke|p2|Koraidon|\n|poke|p2|Flutter Mane|\n|teampreview\n|inactive|Battle timer is ON: inactive players will automatically lose when time's up. (requested by Nepuchyuunu)\n|inactive|cyan is cool has 120 seconds left.\n|\n|t:|1697991736\n|start\n|switch|p1a: Whale|Kyogre, shiny|100\/100\n|switch|p2a: Ribombee|Ribombee, F|100\/100\n|-weather|RainDance|[from] ability: Drizzle|[of] p1a: Whale\n|turn|1\n|c|\u2606cyan is cool|ruh roh\n|\n|t:|1697991746\n|move|p2a: Ribombee|Sticky Web|p1a: Whale\n|-sidestart|p1: cyan is cool|move: Sticky Web\n|move|p1a: Whale|Thunder|p2a: Ribombee\n|-enditem|p2a: Ribombee|Focus Sash\n|-damage|p2a: Ribombee|1\/100\n|\n|-weather|RainDance|[upkeep]\n|upkeep\n|turn|2\n|\n|t:|1697991751\n|move|p2a: Ribombee|Moonblast|p1a: Whale\n|-damage|p1a: Whale|72\/100\n|move|p1a: Whale|Thunder|p2a: Ribombee\n|-damage|p2a: Ribombee|0 fnt\n|faint|p2a: Ribombee\n|\n|-weather|RainDance|[upkeep]\n|upkeep\n|\n|t:|1697991761\n|switch|p2a: Iron Bundle|Iron Bundle|100\/100\n|turn|3\n|\n|t:|1697991764\n|-terastallize|p2a: Iron Bundle|Ice\n|move|p2a: Iron Bundle|Freeze-Dry|p1a: Whale\n|-supereffective|p1a: Whale\n|-damage|p1a: Whale|0 fnt\n|faint|p1a: Whale\n|-damage|p2a: Iron Bundle|91\/100|[from] item: Life Orb\n|\n|-weather|RainDance|[upkeep]\n|upkeep\n|c|\u2606cyan is cool|RUH ROH\n|\n|t:|1697991787\n|switch|p1a: Splish Splash|Arceus-Water|100\/100\n|-activate|p1a: Splish Splash|move: Sticky Web\n|-unboost|p1a: Splish Splash|spe|1\n|turn|4\n|\n|t:|1697991791\n|move|p2a: Iron Bundle|Freeze-Dry|p1a: Splish Splash\n|-supereffective|p1a: Splish Splash\n|-damage|p1a: Splish Splash|17\/100\n|-status|p1a: Splish Splash|frz\n|-damage|p2a: Iron Bundle|81\/100|[from] item: Life Orb\n|cant|p1a: Splish Splash|frz\n|\n|-weather|RainDance|[upkeep]\n|upkeep\n|turn|5\n|c|\u2606Nepuchyuunu|omgomgomg\n|\n|t:|1697991799\n|move|p2a: Iron Bundle|Freeze-Dry|p1a: Splish Splash\n|-supereffective|p1a: Splish Splash\n|-damage|p1a: Splish Splash|0 fnt\n|faint|p1a: Splish Splash\n|-damage|p2a: Iron Bundle|71\/100|[from] item: Life Orb\n|\n|-weather|none\n|upkeep\n|\n|t:|1697991808\n|switch|p1a: Oyster|Cloyster, M, shiny|100\/100\n|-activate|p1a: Oyster|move: Sticky Web\n|-unboost|p1a: Oyster|spe|1\n|turn|6\n|\n|t:|1697991812\n|move|p2a: Iron Bundle|Freeze-Dry|p1a: Oyster\n|-damage|p1a: Oyster|0 fnt\n|faint|p1a: Oyster\n|-damage|p2a: Iron Bundle|61\/100|[from] item: Life Orb\n|\n|upkeep\n|\n|t:|1697991822\n|switch|p1a: Lolipop|Politoed, F, shiny|100\/100\n|-activate|p1a: Lolipop|move: Sticky Web\n|-unboost|p1a: Lolipop|spe|1\n|-weather|RainDance|[from] ability: Drizzle|[of] p1a: Lolipop\n|turn|7\n|\n|t:|1697991824\n|move|p2a: Iron Bundle|Freeze-Dry|p1a: Lolipop\n|-supereffective|p1a: Lolipop\n|-damage|p1a: Lolipop|0 fnt\n|faint|p1a: Lolipop\n|-damage|p2a: Iron Bundle|51\/100|[from] item: Life Orb\n|\n|-weather|RainDance|[upkeep]\n|upkeep\n|\n|t:|1697991827\n|switch|p1a: Ribbit|Toxicroak, M, shiny|100\/100\n|-activate|p1a: Ribbit|move: Sticky Web\n|-unboost|p1a: Ribbit|spe|1\n|turn|8\n|\n|t:|1697991829\n|move|p1a: Ribbit|Fake Out|p2a: Iron Bundle\n|-crit|p2a: Iron Bundle\n|-damage|p2a: Iron Bundle|30\/100\n|cant|p2a: Iron Bundle|flinch\n|\n|-weather|RainDance|[upkeep]\n|upkeep\n|turn|9\n|\n|t:|1697991836\n|move|p2a: Iron Bundle|Hydro Pump|p1a: Ribbit\n|-immune|p1a: Ribbit|[from] ability: Dry Skin\n|move|p1a: Ribbit|Brick Break|p2a: Iron Bundle\n|-supereffective|p2a: Iron Bundle\n|-damage|p2a: Iron Bundle|0 fnt\n|faint|p2a: Iron Bundle\n|-end|p2a: Iron Bundle|Quark Drive|[silent]\n|\n|-weather|RainDance|[upkeep]\n|upkeep\n|\n|t:|1697991839\n|switch|p2a: Miraidon|Miraidon|100\/100\n|-fieldstart|move: Electric Terrain|[from] ability: Hadron Engine|[of] p2a: Miraidon\n|turn|10\n|c|\u2606cyan is cool|:)\n|\n|t:|1697991848\n|move|p2a: Miraidon|Volt Switch|p1a: Ribbit\n|-damage|p1a: Ribbit|0 fnt\n|faint|p1a: Ribbit\n|-damage|p2a: Miraidon|91\/100|[from] item: Life Orb\n|\n|t:|1697991850\n|switch|p2a: Koraidon|Koraidon|100\/100|[from] Volt Switch\n|-weather|SunnyDay|[from] ability: Orichalcum Pulse|[of] p2a: Koraidon\n|-activate|p2a: Koraidon|Orichalcum Pulse|[source]\n|\n|-weather|SunnyDay|[upkeep]\n|upkeep\n|\n|t:|1697991855\n|switch|p1a: fishy|Basculegion, M|100\/100\n|-activate|p1a: fishy|move: Sticky Web\n|-unboost|p1a: fishy|spe|1\n|turn|11\n|c|\u2606cyan is cool|:)\n|\n|t:|1697991863\n|move|p2a: Koraidon|Stomping Tantrum|p1a: fishy\n|-damage|p1a: fishy|39\/100\n|-damage|p2a: Koraidon|91\/100|[from] item: Life Orb\n|move|p1a: fishy|Last Respects|p2a: Koraidon\n|-damage|p2a: Koraidon|0 fnt\n|faint|p2a: Koraidon\n|-damage|p1a: fishy|29\/100|[from] item: Life Orb\n|\n|-weather|SunnyDay|[upkeep]\n|upkeep\n|\n|t:|1697991866\n|switch|p2a: Miraidon|Miraidon|91\/100\n|-activate|p2a: Miraidon|ability: Hadron Engine\n|turn|12\n|\n|t:|1697991869\n|move|p2a: Miraidon|Volt Switch|p1a: fishy\n|-supereffective|p1a: fishy\n|-damage|p1a: fishy|0 fnt\n|faint|p1a: fishy\n|-damage|p2a: Miraidon|81\/100|[from] item: Life Orb\n|\n|win|Nepuchyuunu\n|raw|cyan is cool's rating: 1080 &rarr; <strong>1067<\/strong><br \/>(-13 for losing)\n|raw|Nepuchyuunu's rating: 1236 &rarr; <strong>1250<\/strong><br \/>(+14 for winning)\n|c|\u2606Nepuchyuunu|ggwp\n|c|\u2606cyan is cool|gg have a good day\n|c|\u2606cyan is cool|:)\n|l|\u2606Nepuchyuunu\n|l|\u2606cyan is cool\n|j|\u2606Nepuchyuunu\n|player|p2|Nepuchyuunu|cilan\n","uploadtime":1697991913,"views":15,"p1id":"cyaniscool","p2id":"nepuchyuunu","formatid":"gen9anythinggoes","rating":1067,"private":0,"password":""}