{"id":"gen9anythinggoes-1983430505","p1":"David_Vegeta","p2":"Pollito9999","format":"[Gen 9] Anything Goes","log":"|j|\u2606David_Vegeta\n|j|\u2606Pollito9999\n|t:|1699129346\n|gametype|singles\n|player|p1|David_Vegeta|roughneck|\n|player|p2|Pollito9999|gardenia|\n|teamsize|p1|6\n|teamsize|p2|6\n|gen|9\n|tier|[Gen 9] Anything Goes\n|rule|HP Percentage Mod: HP is shown in percentages\n|rule|Endless Battle Clause: Forcing endless battles is banned\n|clearpoke\n|poke|p1|Ceruledge, F|\n|poke|p1|Arceus|\n|poke|p1|Arceus-Fire|\n|poke|p1|Arceus-Ground|\n|poke|p1|Arceus-Water|\n|poke|p1|Arceus-Dragon|\n|poke|p2|Kommo-o, M|\n|poke|p2|Armarouge, M|\n|poke|p2|Regidrago|\n|poke|p2|Iron Valiant|\n|poke|p2|Ogerpon, F|\n|poke|p2|Ogerpon-Wellspring, F|\n|teampreview\n|\n|t:|1699129364\n|start\n|switch|p1a: Ceruledge|Ceruledge, F|100\/100\n|switch|p2a: The guy itself|Iron Valiant|100\/100\n|-enditem|p2a: The guy itself|Booster Energy\n|-activate|p2a: The guy itself|ability: Quark Drive|[fromitem]\n|-start|p2a: The guy itself|quarkdrivespe\n|turn|1\n|\n|t:|1699129373\n|move|p2a: The guy itself|Trick|p1a: Ceruledge\n|-activate|p2a: The guy itself|move: Trick|[of] p1a: Ceruledge\n|-enditem|p1a: Ceruledge|Rocky Helmet|[silent]|[from] move: Trick\n|-item|p2a: The guy itself|Rocky Helmet|[from] move: Trick\n|move|p1a: Ceruledge|Flamethrower|p2a: The guy itself\n|-damage|p2a: The guy itself|66\/100\n|-status|p2a: The guy itself|brn\n|\n|-damage|p2a: The guy itself|60\/100 brn|[from] brn\n|upkeep\n|turn|2\n|\n|t:|1699129384\n|move|p2a: The guy itself|Thunderbolt|p1a: Ceruledge\n|-damage|p1a: Ceruledge|67\/100\n|move|p1a: Ceruledge|Bulk Up|p1a: Ceruledge\n|-boost|p1a: Ceruledge|atk|1\n|-boost|p1a: Ceruledge|def|1\n|\n|-damage|p2a: The guy itself|53\/100 brn|[from] brn\n|upkeep\n|turn|3\n|\n|t:|1699129389\n|move|p2a: The guy itself|Moonblast|p1a: Ceruledge\n|-resisted|p1a: Ceruledge\n|-damage|p1a: Ceruledge|42\/100\n|-unboost|p1a: Ceruledge|spa|1\n|move|p1a: Ceruledge|Flamethrower|p2a: The guy itself\n|-damage|p2a: The guy itself|27\/100 brn\n|\n|-damage|p2a: The guy itself|21\/100 brn|[from] brn\n|upkeep\n|turn|4\n|\n|t:|1699129392\n|move|p2a: The guy itself|Thunderbolt|p1a: Ceruledge\n|-damage|p1a: Ceruledge|10\/100\n|move|p1a: Ceruledge|Flamethrower|p2a: The guy itself\n|-damage|p2a: The guy itself|0 fnt\n|faint|p2a: The guy itself\n|-end|p2a: The guy itself|Quark Drive|[silent]\n|\n|upkeep\n|\n|t:|1699129402\n|switch|p2a: QTP|Ogerpon-Wellspring, F|100\/100\n|turn|5\n|\n|t:|1699129407\n|-terastallize|p2a: QTP|Water\n|detailschange|p2a: QTP|Ogerpon-Wellspring-Tera, F, tera:Water\n|-ability|p2a: QTP|Embody Aspect (Wellspring)|boost\n|-boost|p2a: QTP|spd|1\n|move|p2a: QTP|Swords Dance|p2a: QTP\n|-boost|p2a: QTP|atk|2\n|move|p1a: Ceruledge|Flame Charge|p2a: QTP\n|-resisted|p2a: QTP\n|-damage|p2a: QTP|77\/100\n|-boost|p1a: Ceruledge|spe|1\n|\n|upkeep\n|turn|6\n|\n|t:|1699129416\n|move|p1a: Ceruledge|Psycho Cut|p2a: QTP\n|-damage|p2a: QTP|27\/100\n|move|p2a: QTP|Ivy Cudgel|p1a: Ceruledge\n|-supereffective|p1a: Ceruledge\n|-damage|p1a: Ceruledge|0 fnt\n|faint|p1a: Ceruledge\n|\n|upkeep\n|\n|t:|1699129423\n|switch|p1a: Jesus|Arceus, shiny|100\/100\n|turn|7\n|\n|t:|1699129432\n|move|p2a: QTP|Synthesis|p2a: QTP\n|-heal|p2a: QTP|77\/100\n|move|p1a: Jesus|Judgment|p2a: QTP\n|-damage|p2a: QTP|35\/100\n|\n|upkeep\n|turn|8\n|\n|t:|1699129454\n|move|p2a: QTP|Synthesis|p2a: QTP\n|-heal|p2a: QTP|85\/100\n|move|p1a: Jesus|Judgment|p2a: QTP\n|-damage|p2a: QTP|45\/100\n|\n|upkeep\n|turn|9\n|\n|t:|1699129467\n|move|p2a: QTP|Synthesis|p2a: QTP\n|-heal|p2a: QTP|95\/100\n|move|p1a: Jesus|Bulk Up|p1a: Jesus\n|-boost|p1a: Jesus|atk|1\n|-boost|p1a: Jesus|def|1\n|\n|upkeep\n|turn|10\n|\n|t:|1699129472\n|move|p2a: QTP|Ivy Cudgel|p1a: Jesus\n|-crit|p1a: Jesus\n|-damage|p1a: Jesus|0 fnt\n|faint|p1a: Jesus\n|\n|upkeep\n|\n|t:|1699129480\n|switch|p1a: Arceus|Arceus-Dragon|100\/100\n|turn|11\n|\n|t:|1699129485\n|move|p2a: QTP|Swords Dance|p2a: QTP\n|-boost|p2a: QTP|atk|2\n|move|p1a: Arceus|Gunk Shot|p2a: QTP|[miss]\n|-miss|p1a: Arceus|p2a: QTP\n|\n|upkeep\n|turn|12\n|\n|t:|1699129491\n|move|p2a: QTP|Swords Dance|p2a: QTP\n|-boost|p2a: QTP|atk|2\n|move|p1a: Arceus|Gunk Shot|p2a: QTP\n|-damage|p2a: QTP|47\/100\n|\n|upkeep\n|turn|13\n|\n|t:|1699129495\n|move|p2a: QTP|Ivy Cudgel|p1a: Arceus\n|-resisted|p1a: Arceus\n|-damage|p1a: Arceus|0 fnt\n|faint|p1a: Arceus\n|\n|upkeep\n|\n|t:|1699129498\n|switch|p1a: Arceus|Arceus-Fire|100\/100\n|turn|14\n|\n|t:|1699129502\n|switch|p1a: Arceus|Arceus-Water|100\/100\n|move|p2a: QTP|Ivy Cudgel|p1a: Arceus\n|-resisted|p1a: Arceus\n|-damage|p1a: Arceus|0 fnt\n|faint|p1a: Arceus\n|\n|upkeep\n|\n|t:|1699129504\n|switch|p1a: Arceus|Arceus-Ground|100\/100\n|turn|15\n|\n|t:|1699129508\n|move|p1a: Arceus|Protect|p1a: Arceus\n|-singleturn|p1a: Arceus|Protect\n|move|p2a: QTP|Horn Leech|p1a: Arceus\n|-activate|p1a: Arceus|move: Protect\n|\n|upkeep\n|turn|16\n|\n|t:|1699129511\n|move|p2a: QTP|Horn Leech|p1a: Arceus\n|-supereffective|p1a: Arceus\n|-damage|p1a: Arceus|0 fnt\n|-heal|p2a: QTP|100\/100|[from] drain|[of] p1a: Arceus\n|faint|p1a: Arceus\n|\n|upkeep\n|\n|t:|1699129515\n|switch|p1a: Arceus|Arceus-Fire|100\/100\n|turn|17\n|\n|t:|1699129522\n|move|p2a: QTP|Ivy Cudgel|p1a: Arceus\n|-supereffective|p1a: Arceus\n|-crit|p1a: Arceus\n|-damage|p1a: Arceus|0 fnt\n|faint|p1a: Arceus\n|\n|win|Pollito9999\n|c|\u2606Pollito9999|Oger sweep\n|l|\u2606David_Vegeta\n","uploadtime":1699129802,"views":12,"p1id":"davidvegeta","p2id":"pollito9999","formatid":"gen9anythinggoes","rating":0,"private":0,"password":""}