{"id":"gen9anythinggoes-1990953421","p1":"Fightguy2654","p2":"lone2dawrld","format":"[Gen 9] Anything Goes","log":"|j|\u2606Fightguy2654\n|j|\u2606lone2dawrld\n|t:|1700019182\n|gametype|singles\n|player|p1|Fightguy2654|cyclist|\n|player|p2|lone2dawrld|102|\n|teamsize|p1|4\n|teamsize|p2|6\n|gen|9\n|tier|[Gen 9] Anything Goes\n|rule|HP Percentage Mod: HP is shown in percentages\n|rule|Endless Battle Clause: Forcing endless battles is banned\n|clearpoke\n|poke|p1|Chien-Pao|\n|poke|p1|Ting-Lu|\n|poke|p1|Chi-Yu|\n|poke|p1|Wo-Chien|\n|poke|p2|Giratina-Origin|\n|poke|p2|Dragapult, F|\n|poke|p2|Kingambit, F|\n|poke|p2|Annihilape, F|\n|poke|p2|Armarouge, M|\n|poke|p2|Kyogre|\n|teampreview\n|\n|t:|1700019189\n|start\n|switch|p1a: Chien-Pao|Chien-Pao|100\/100\n|switch|p2a: Kyogre|Kyogre, shiny|100\/100\n|-ability|p1a: Chien-Pao|Sword of Ruin\n|-weather|RainDance|[from] ability: Drizzle|[of] p2a: Kyogre\n|turn|1\n|\n|t:|1700019203\n|switch|p1a: Wo-Chien|Wo-Chien|100\/100\n|-ability|p1a: Wo-Chien|Tablets of Ruin\n|move|p2a: Kyogre|Ice Beam|p1a: Wo-Chien\n|-supereffective|p1a: Wo-Chien\n|-damage|p1a: Wo-Chien|67\/100\n|\n|-weather|RainDance|[upkeep]\n|-heal|p1a: Wo-Chien|73\/100|[from] item: Leftovers\n|upkeep\n|turn|2\n|\n|t:|1700019222\n|move|p2a: Kyogre|Ice Beam|p1a: Wo-Chien\n|-supereffective|p1a: Wo-Chien\n|-damage|p1a: Wo-Chien|41\/100\n|move|p1a: Wo-Chien|Knock Off|p2a: Kyogre\n|-damage|p2a: Kyogre|80\/100\n|-enditem|p2a: Kyogre|Leftovers|[from] move: Knock Off|[of] p1a: Wo-Chien\n|\n|-weather|RainDance|[upkeep]\n|-heal|p1a: Wo-Chien|48\/100|[from] item: Leftovers\n|upkeep\n|turn|3\n|\n|t:|1700019233\n|-terastallize|p1a: Wo-Chien|Water\n|move|p2a: Kyogre|Ice Beam|p1a: Wo-Chien\n|-resisted|p1a: Wo-Chien\n|-damage|p1a: Wo-Chien|40\/100\n|move|p1a: Wo-Chien|Leech Seed|p2a: Kyogre\n|-start|p2a: Kyogre|move: Leech Seed\n|\n|-weather|RainDance|[upkeep]\n|-heal|p1a: Wo-Chien|46\/100|[from] item: Leftovers\n|-damage|p2a: Kyogre|67\/100|[from] Leech Seed|[of] p1a: Wo-Chien\n|-heal|p1a: Wo-Chien|59\/100|[silent]\n|upkeep\n|turn|4\n|\n|t:|1700019254\n|switch|p2a: Dragapult|Dragapult, F, shiny|100\/100\n|move|p1a: Wo-Chien|Leech Seed|p2a: Dragapult|[miss]\n|-miss|p1a: Wo-Chien|p2a: Dragapult\n|\n|-weather|RainDance|[upkeep]\n|-heal|p1a: Wo-Chien|65\/100|[from] item: Leftovers\n|upkeep\n|turn|5\n|\n|t:|1700019265\n|switch|p1a: Ting-Lu|Ting-Lu|100\/100\n|-ability|p1a: Ting-Lu|Vessel of Ruin\n|move|p2a: Dragapult|Hex|p1a: Ting-Lu\n|-resisted|p1a: Ting-Lu\n|-damage|p1a: Ting-Lu|91\/100\n|\n|-weather|none\n|-heal|p1a: Ting-Lu|97\/100|[from] item: Leftovers\n|upkeep\n|turn|6\n|\n|t:|1700019275\n|move|p2a: Dragapult|Thunder Wave|p1a: Ting-Lu\n|-immune|p1a: Ting-Lu\n|move|p1a: Ting-Lu|Stealth Rock|p2a: Dragapult\n|-sidestart|p2: lone2dawrld|move: Stealth Rock\n|\n|-heal|p1a: Ting-Lu|100\/100|[from] item: Leftovers\n|upkeep\n|turn|7\n|\n|t:|1700019282\n|move|p2a: Dragapult|Draco Meteor|p1a: Ting-Lu\n|-damage|p1a: Ting-Lu|68\/100\n|-unboost|p2a: Dragapult|spa|2\n|move|p1a: Ting-Lu|Spikes|p2a: Dragapult\n|-sidestart|p2: lone2dawrld|Spikes\n|\n|-heal|p1a: Ting-Lu|75\/100|[from] item: Leftovers\n|upkeep\n|turn|8\n|\n|t:|1700019291\n|move|p2a: Dragapult|U-turn|p1a: Ting-Lu\n|-supereffective|p1a: Ting-Lu\n|-damage|p1a: Ting-Lu|61\/100\n|\n|t:|1700019296\n|switch|p2a: Armarouge|Armarouge, M, shiny|100\/100|[from] U-turn\n|-damage|p2a: Armarouge|76\/100|[from] Stealth Rock\n|-damage|p2a: Armarouge|64\/100|[from] Spikes\n|move|p1a: Ting-Lu|Spikes|p2a: Armarouge\n|-sidestart|p2: lone2dawrld|Spikes\n|\n|-heal|p1a: Ting-Lu|67\/100|[from] item: Leftovers\n|upkeep\n|turn|9\n|\n|t:|1700019307\n|move|p2a: Armarouge|Armor Cannon|p1a: Ting-Lu\n|-damage|p1a: Ting-Lu|7\/100\n|-unboost|p2a: Armarouge|def|1\n|-unboost|p2a: Armarouge|spd|1\n|move|p1a: Ting-Lu|Earthquake|p2a: Armarouge\n|-supereffective|p2a: Armarouge\n|-damage|p2a: Armarouge|0 fnt\n|faint|p2a: Armarouge\n|\n|-heal|p1a: Ting-Lu|14\/100|[from] item: Leftovers\n|upkeep\n|\n|t:|1700019319\n|switch|p2a: Dragapult|Dragapult, F, shiny|100\/100\n|turn|10\n|\n|t:|1700019325\n|switch|p1a: Wo-Chien|Wo-Chien, tera:Water|65\/100\n|-ability|p1a: Wo-Chien|Tablets of Ruin\n|move|p2a: Dragapult|Hex|p1a: Wo-Chien\n|-damage|p1a: Wo-Chien|49\/100\n|\n|-heal|p1a: Wo-Chien|55\/100|[from] item: Leftovers\n|upkeep\n|turn|11\n|\n|t:|1700019337\n|switch|p1a: Ting-Lu|Ting-Lu|14\/100\n|-ability|p1a: Ting-Lu|Vessel of Ruin\n|move|p2a: Dragapult|U-turn|p1a: Ting-Lu\n|-supereffective|p1a: Ting-Lu\n|-damage|p1a: Ting-Lu|0 fnt\n|faint|p1a: Ting-Lu\n|\n|t:|1700019349\n|switch|p2a: Giratina|Giratina-Origin, shiny|100\/100|[from] U-turn\n|-damage|p2a: Giratina|88\/100|[from] Stealth Rock\n|\n|upkeep\n|\n|t:|1700019351\n|switch|p1a: Chi-Yu|Chi-Yu|100\/100\n|-ability|p1a: Chi-Yu|Beads of Ruin\n|turn|12\n|\n|t:|1700019359\n|move|p1a: Chi-Yu|Dark Pulse|p2a: Giratina\n|-supereffective|p2a: Giratina\n|-damage|p2a: Giratina|9\/100\n|move|p2a: Giratina|Thunder Wave|p1a: Chi-Yu\n|-status|p1a: Chi-Yu|par\n|\n|upkeep\n|turn|13\n|c|\u2606Fightguy2654|Omg\n|\n|t:|1700019371\n|-terastallize|p2a: Giratina|Ghost\n|move|p1a: Chi-Yu|Dark Pulse|p2a: Giratina\n|-supereffective|p2a: Giratina\n|-damage|p2a: Giratina|0 fnt\n|faint|p2a: Giratina\n|\n|upkeep\n|c|\u2606lone2dawrld|Rip\n|\n|t:|1700019381\n|switch|p2a: Kyogre|Kyogre, shiny|67\/100\n|-damage|p2a: Kyogre|55\/100|[from] Stealth Rock\n|-damage|p2a: Kyogre|38\/100|[from] Spikes\n|-weather|RainDance|[from] ability: Drizzle|[of] p2a: Kyogre\n|turn|14\n|c|\u2606Fightguy2654|No clue why bro terad ghost\n|\n|t:|1700019394\n|switch|p1a: Wo-Chien|Wo-Chien, tera:Water|55\/100\n|-ability|p1a: Wo-Chien|Tablets of Ruin\n|move|p2a: Kyogre|Surf|p1a: Wo-Chien\n|-resisted|p1a: Wo-Chien\n|-damage|p1a: Wo-Chien|37\/100\n|\n|-weather|RainDance|[upkeep]\n|-heal|p1a: Wo-Chien|44\/100|[from] item: Leftovers\n|upkeep\n|turn|15\n|\n|t:|1700019412\n|switch|p2a: Annihilape|Annihilape, F, shiny|100\/100\n|-damage|p2a: Annihilape|94\/100|[from] Stealth Rock\n|-damage|p2a: Annihilape|78\/100|[from] Spikes\n|move|p1a: Wo-Chien|Leech Seed|p2a: Annihilape\n|-start|p2a: Annihilape|move: Leech Seed\n|\n|-weather|RainDance|[upkeep]\n|-heal|p2a: Annihilape|84\/100|[from] item: Leftovers\n|-heal|p1a: Wo-Chien|50\/100|[from] item: Leftovers\n|-damage|p2a: Annihilape|72\/100|[from] Leech Seed|[of] p1a: Wo-Chien\n|-heal|p1a: Wo-Chien|64\/100|[silent]\n|upkeep\n|turn|16\n|\n|t:|1700019424\n|move|p2a: Annihilape|Bulk Up|p2a: Annihilape\n|-boost|p2a: Annihilape|atk|1\n|-boost|p2a: Annihilape|def|1\n|move|p1a: Wo-Chien|Power Whip|p2a: Annihilape|[miss]\n|-miss|p1a: Wo-Chien|p2a: Annihilape\n|\n|-weather|RainDance|[upkeep]\n|-heal|p2a: Annihilape|78\/100|[from] item: Leftovers\n|-heal|p1a: Wo-Chien|70\/100|[from] item: Leftovers\n|-damage|p2a: Annihilape|65\/100|[from] Leech Seed|[of] p1a: Wo-Chien\n|-heal|p1a: Wo-Chien|84\/100|[silent]\n|upkeep\n|turn|17\n|\n|t:|1700019436\n|move|p2a: Annihilape|Drain Punch|p1a: Wo-Chien\n|-damage|p1a: Wo-Chien|54\/100\n|-heal|p2a: Annihilape|79\/100|[from] drain|[of] p1a: Wo-Chien\n|move|p1a: Wo-Chien|Knock Off|p2a: Annihilape\n|-damage|p2a: Annihilape|59\/100\n|-enditem|p2a: Annihilape|Leftovers|[from] move: Knock Off|[of] p1a: Wo-Chien\n|\n|-weather|RainDance|[upkeep]\n|-heal|p1a: Wo-Chien|60\/100|[from] item: Leftovers\n|-damage|p2a: Annihilape|47\/100|[from] Leech Seed|[of] p1a: Wo-Chien\n|-heal|p1a: Wo-Chien|74\/100|[silent]\n|upkeep\n|turn|18\n|\n|t:|1700019448\n|move|p1a: Wo-Chien|Protect|p1a: Wo-Chien\n|-singleturn|p1a: Wo-Chien|Protect\n|move|p2a: Annihilape|Rage Fist|p1a: Wo-Chien\n|-activate|p1a: Wo-Chien|move: Protect\n|\n|-weather|none\n|-heal|p1a: Wo-Chien|80\/100|[from] item: Leftovers\n|-damage|p2a: Annihilape|35\/100|[from] Leech Seed|[of] p1a: Wo-Chien\n|-heal|p1a: Wo-Chien|94\/100|[silent]\n|upkeep\n|turn|19\n|\n|t:|1700019458\n|move|p2a: Annihilape|Taunt|p1a: Wo-Chien\n|-start|p1a: Wo-Chien|move: Taunt\n|move|p1a: Wo-Chien|Power Whip|p2a: Annihilape\n|-crit|p2a: Annihilape\n|-damage|p2a: Annihilape|0 fnt\n|faint|p2a: Annihilape\n|\n|-heal|p1a: Wo-Chien|99\/100|[from] item: Leftovers\n|upkeep\n|c|\u2606lone2dawrld|Bruh\n|c|\u2606Fightguy2654|Lesgo\n|c|\u2606lone2dawrld|i did not want to sue taint\n|\n|t:|1700019473\n|switch|p2a: Dragapult|Dragapult, F, shiny|100\/100\n|turn|20\n|\n|t:|1700019480\n|switch|p1a: Chi-Yu|Chi-Yu|100\/100 par\n|-ability|p1a: Chi-Yu|Beads of Ruin\n|move|p2a: Dragapult|Thunder Wave|p1a: Chi-Yu\n|-fail|p1a: Chi-Yu|par\n|\n|upkeep\n|turn|21\n|\n|t:|1700019488\n|move|p2a: Dragapult|Draco Meteor|p1a: Chi-Yu\n|-damage|p1a: Chi-Yu|36\/100 par\n|-unboost|p2a: Dragapult|spa|2\n|move|p1a: Chi-Yu|Dark Pulse|p2a: Dragapult\n|-supereffective|p2a: Dragapult\n|-damage|p2a: Dragapult|0 fnt\n|faint|p2a: Dragapult\n|\n|upkeep\n|\n|t:|1700019498\n|switch|p2a: Kyogre|Kyogre, shiny|38\/100\n|-damage|p2a: Kyogre|26\/100|[from] Stealth Rock\n|-damage|p2a: Kyogre|9\/100|[from] Spikes\n|-weather|RainDance|[from] ability: Drizzle|[of] p2a: Kyogre\n|turn|22\n|\n|t:|1700019507\n|switch|p1a: Wo-Chien|Wo-Chien, tera:Water|99\/100\n|-ability|p1a: Wo-Chien|Tablets of Ruin\n|move|p2a: Kyogre|Surf|p1a: Wo-Chien\n|-resisted|p1a: Wo-Chien\n|-damage|p1a: Wo-Chien|83\/100\n|\n|-weather|RainDance|[upkeep]\n|-heal|p1a: Wo-Chien|89\/100|[from] item: Leftovers\n|upkeep\n|turn|23\n|c|\u2606lone2dawrld|omg\n|c|\u2606Fightguy2654|Wo chien too op\n|c|\u2606Fightguy2654|Ching chong\n|c|\u2606lone2dawrld|omg\n|c|\u2606lone2dawrld|theybstopping me from saying bad words\n|c|\u2606lone2dawrld|in the chat\n|n|\u203dlone2dawrld|lone2dawrld\n|\n|t:|1700019556\n|move|p1a: Wo-Chien|Protect|p1a: Wo-Chien\n|-singleturn|p1a: Wo-Chien|Protect\n|move|p2a: Kyogre|Ice Beam|p1a: Wo-Chien\n|-activate|p1a: Wo-Chien|move: Protect\n|\n|-weather|RainDance|[upkeep]\n|-heal|p1a: Wo-Chien|95\/100|[from] item: Leftovers\n|upkeep\n|turn|24\n|\n|t:|1700019579\n|move|p2a: Kyogre|Ice Beam|p1a: Wo-Chien\n|-resisted|p1a: Wo-Chien\n|-damage|p1a: Wo-Chien|87\/100\n|move|p1a: Wo-Chien|Power Whip|p2a: Kyogre|[miss]\n|-miss|p1a: Wo-Chien|p2a: Kyogre\n|\n|-weather|RainDance|[upkeep]\n|-heal|p1a: Wo-Chien|93\/100|[from] item: Leftovers\n|upkeep\n|turn|25\n|\n|t:|1700019589\n|move|p2a: Kyogre|Surf|p1a: Wo-Chien\n|-resisted|p1a: Wo-Chien\n|-damage|p1a: Wo-Chien|75\/100\n|move|p1a: Wo-Chien|Knock Off|p2a: Kyogre\n|-crit|p2a: Kyogre\n|-damage|p2a: Kyogre|0 fnt\n|faint|p2a: Kyogre\n|\n|-weather|RainDance|[upkeep]\n|-heal|p1a: Wo-Chien|81\/100|[from] item: Leftovers\n|upkeep\n|\n|t:|1700019599\n|switch|p2a: Kingambit|Kingambit, F, shiny|100\/100\n|-activate|p2a: Kingambit|ability: Supreme Overlord\n|-start|p2a: Kingambit|fallen5|[silent]\n|turn|26\n|c|\u2606Fightguy2654|This is it chat\n|\n|t:|1700019641\n|move|p1a: Wo-Chien|Leech Seed|p2a: Kingambit\n|-start|p2a: Kingambit|move: Leech Seed\n|move|p2a: Kingambit|Iron Head|p1a: Wo-Chien\n|-resisted|p1a: Wo-Chien\n|-damage|p1a: Wo-Chien|56\/100\n|\n|-weather|none\n|-heal|p1a: Wo-Chien|62\/100|[from] item: Leftovers\n|-damage|p2a: Kingambit|88\/100|[from] Leech Seed|[of] p1a: Wo-Chien\n|-heal|p1a: Wo-Chien|74\/100|[silent]\n|upkeep\n|turn|27\n|\n|t:|1700019654\n|switch|p1a: Chi-Yu|Chi-Yu|36\/100 par\n|-ability|p1a: Chi-Yu|Beads of Ruin\n|move|p2a: Kingambit|Sucker Punch||[still]\n|-fail|p2a: Kingambit\n|\n|-damage|p2a: Kingambit|76\/100|[from] Leech Seed|[of] p1a: Chi-Yu\n|-heal|p1a: Chi-Yu|54\/100 par|[silent]\n|upkeep\n|turn|28\n|\n|t:|1700019666\n|move|p2a: Kingambit|Sucker Punch|p1a: Chi-Yu\n|-resisted|p1a: Chi-Yu\n|-damage|p1a: Chi-Yu|5\/100 par\n|cant|p1a: Chi-Yu|par\n|\n|-damage|p2a: Kingambit|63\/100|[from] Leech Seed|[of] p1a: Chi-Yu\n|-heal|p1a: Chi-Yu|24\/100 par|[silent]\n|upkeep\n|turn|29\n|\n|t:|1700019674\n|move|p2a: Kingambit|Sucker Punch|p1a: Chi-Yu\n|-resisted|p1a: Chi-Yu\n|-damage|p1a: Chi-Yu|0 fnt\n|faint|p1a: Chi-Yu\n|\n|upkeep\n|\n|t:|1700019676\n|switch|p1a: Chien-Pao|Chien-Pao|100\/100\n|-ability|p1a: Chien-Pao|Sword of Ruin\n|turn|30\n|\n|t:|1700019684\n|move|p1a: Chien-Pao|Icicle Crash|p2a: Kingambit\n|-resisted|p2a: Kingambit\n|-damage|p2a: Kingambit|25\/100\n|move|p2a: Kingambit|Swords Dance|p2a: Kingambit\n|-boost|p2a: Kingambit|atk|2\n|\n|-damage|p2a: Kingambit|12\/100|[from] Leech Seed|[of] p1a: Chien-Pao\n|upkeep\n|turn|31\n|\n|t:|1700019698\n|move|p1a: Chien-Pao|Icicle Crash|p2a: Kingambit\n|-resisted|p2a: Kingambit\n|-damage|p2a: Kingambit|0 fnt\n|faint|p2a: Kingambit\n|-end|p2a: Kingambit|fallen5|[silent]\n|\n|win|Fightguy2654\n","uploadtime":1700019549,"views":4,"p1id":"fightguy2654","p2id":"lone2dawrld","formatid":"gen9anythinggoes","rating":0,"private":0,"password":""}