{"id":"gen9anythinggoes-1982159874","p1":"homelander6875","p2":"meloprince","format":"[Gen 9] Anything Goes","log":"|j|\u2606homelander6875\n|j|\u2606meloprince\n|t:|1698974057\n|gametype|singles\n|player|p1|homelander6875|swimmerf|1083\n|player|p2|meloprince|266|1045\n|teamsize|p1|6\n|teamsize|p2|3\n|gen|9\n|tier|[Gen 9] Anything Goes\n|rated|\n|rule|HP Percentage Mod: HP is shown in percentages\n|rule|Endless Battle Clause: Forcing endless battles is banned\n|clearpoke\n|poke|p1|Oranguru, F|\n|poke|p1|Dragonite, F|\n|poke|p1|Sandy Shocks|\n|poke|p1|Breloom, M|\n|poke|p1|Kyogre|\n|poke|p1|Eternatus|\n|poke|p2|Poliwrath, M|\n|poke|p2|Ambipom, F|\n|poke|p2|Greedent, M|\n|teampreview\n|\n|t:|1698974061\n|start\n|switch|p1a: amigos|Sandy Shocks|100\/100\n|switch|p2a: Greedent|Greedent, M, shiny|100\/100\n|turn|1\n|\n|t:|1698974067\n|move|p1a: amigos|Stealth Rock|p2a: Greedent\n|-sidestart|p2: meloprince|move: Stealth Rock\n|move|p2a: Greedent|Belly Drum|p2a: Greedent\n|-damage|p2a: Greedent|51\/100\n|-setboost|p2a: Greedent|atk|6|[from] move: Belly Drum\n|\n|upkeep\n|turn|2\n|\n|t:|1698974073\n|move|p1a: amigos|Spikes|p2a: Greedent\n|-sidestart|p2: meloprince|Spikes\n|move|p2a: Greedent|Last Resort|p1a: amigos\n|-enditem|p1a: amigos|Focus Sash\n|-damage|p1a: amigos|1\/100\n|\n|upkeep\n|turn|3\n|\n|t:|1698974079\n|move|p1a: amigos|Spikes|p2a: Greedent\n|-sidestart|p2: meloprince|Spikes\n|move|p2a: Greedent|Last Resort|p1a: amigos\n|-damage|p1a: amigos|0 fnt\n|faint|p1a: amigos\n|-end|p1a: amigos|Protosynthesis|[silent]\n|\n|upkeep\n|\n|t:|1698974089\n|switch|p1a: goomba|Breloom, M|100\/100\n|turn|4\n|\n|t:|1698974093\n|move|p1a: goomba|Drain Punch|p2a: Greedent\n|-supereffective|p2a: Greedent\n|-damage|p2a: Greedent|2\/100\n|-enditem|p2a: Greedent|Sitrus Berry|[eat]\n|-heal|p2a: Greedent|27\/100|[from] item: Sitrus Berry\n|-heal|p2a: Greedent|60\/100|[from] ability: Cheek Pouch\n|move|p2a: Greedent|Last Resort|p1a: goomba\n|-damage|p1a: goomba|0 fnt\n|faint|p1a: goomba\n|\n|upkeep\n|\n|t:|1698974124\n|switch|p1a: brendan fraser|Kyogre|100\/100\n|-weather|RainDance|[from] ability: Drizzle|[of] p1a: brendan fraser\n|turn|5\n|\n|t:|1698974129\n|move|p1a: brendan fraser|Thunder|p2a: Greedent\n|-damage|p2a: Greedent|28\/100\n|move|p2a: Greedent|Last Resort|p1a: brendan fraser\n|-damage|p1a: brendan fraser|0 fnt\n|faint|p1a: brendan fraser\n|\n|-weather|RainDance|[upkeep]\n|upkeep\n|\n|t:|1698974143\n|switch|p1a: ape|Oranguru, F|100\/100\n|turn|6\n|\n|t:|1698974149\n|move|p1a: ape|Yawn|p2a: Greedent\n|-start|p2a: Greedent|move: Yawn|[of] p1a: ape\n|move|p2a: Greedent|Last Resort|p1a: ape\n|-damage|p1a: ape|0 fnt\n|faint|p1a: ape\n|\n|-weather|RainDance|[upkeep]\n|upkeep\n|\n|t:|1698974161\n|switch|p1a: dad got milk|Dragonite, F|100\/100\n|turn|7\n|\n|t:|1698974166\n|-terastallize|p2a: Greedent|Ghost\n|move|p1a: dad got milk|Earthquake|p2a: Greedent\n|-damage|p2a: Greedent|0 fnt\n|faint|p2a: Greedent\n|\n|-weather|RainDance|[upkeep]\n|upkeep\n|\n|t:|1698974174\n|switch|p2a: Ambipom|Ambipom, F|100\/100\n|-damage|p2a: Ambipom|88\/100|[from] Stealth Rock\n|-damage|p2a: Ambipom|72\/100|[from] Spikes\n|turn|8\n|\n|t:|1698974186\n|move|p2a: Ambipom|Fake Out|p1a: dad got milk\n|-damage|p1a: dad got milk|65\/100\n|-damage|p2a: Ambipom|55\/100|[from] item: Rocky Helmet|[of] p1a: dad got milk\n|move|p1a: dad got milk|Earthquake|p2a: Ambipom\n|-damage|p2a: Ambipom|0 fnt\n|faint|p2a: Ambipom\n|\n|-weather|RainDance|[upkeep]\n|upkeep\n|\n|t:|1698974200\n|switch|p2a: Poliwrath|Poliwrath, M, shiny|100\/100\n|-damage|p2a: Poliwrath|94\/100|[from] Stealth Rock\n|-damage|p2a: Poliwrath|78\/100|[from] Spikes\n|turn|9\n|\n|t:|1698974206\n|move|p2a: Poliwrath|Ice Punch|p1a: dad got milk\n|-supereffective|p1a: dad got milk\n|-damage|p1a: dad got milk|0 fnt\n|-damage|p2a: Poliwrath|62\/100|[from] item: Rocky Helmet|[of] p1a: dad got milk\n|faint|p1a: dad got milk\n|-damage|p2a: Poliwrath|52\/100|[from] item: Life Orb\n|\n|-weather|none\n|upkeep\n|\n|t:|1698974213\n|switch|p1a: emo|Eternatus|100\/100\n|-ability|p1a: emo|Pressure\n|turn|10\n|\n|t:|1698974222\n|move|p1a: emo|Flamethrower|p2a: Poliwrath\n|-resisted|p2a: Poliwrath\n|-damage|p2a: Poliwrath|35\/100\n|move|p2a: Poliwrath|Earthquake|p1a: emo\n|-supereffective|p1a: emo\n|-damage|p1a: emo|38\/100\n|-damage|p2a: Poliwrath|25\/100|[from] item: Life Orb\n|\n|-heal|p1a: emo|44\/100|[from] item: Leftovers\n|upkeep\n|turn|11\n|\n|t:|1698974230\n|move|p1a: emo|Flash Cannon|p2a: Poliwrath\n|-resisted|p2a: Poliwrath\n|-damage|p2a: Poliwrath|10\/100\n|-unboost|p2a: Poliwrath|spd|1\n|move|p2a: Poliwrath|Earthquake|p1a: emo\n|-supereffective|p1a: emo\n|-damage|p1a: emo|0 fnt\n|faint|p1a: emo\n|-damage|p2a: Poliwrath|0 fnt|[from] item: Life Orb\n|faint|p2a: Poliwrath\n|\n|win|meloprince\n|raw|homelander6875's rating: 1083 &rarr; <strong>1058<\/strong><br \/>(-25 for losing)\n|raw|meloprince's rating: 1045 &rarr; <strong>1082<\/strong><br \/>(+37 for winning)\n","uploadtime":1698974245,"views":7,"p1id":"homelander6875","p2id":"meloprince","formatid":"gen9anythinggoes","rating":1058,"private":0,"password":""}