{"id":"gen9anythinggoes-1999282156","p1":"JoJoFan756","p2":"TheyKnoDavo","format":"[Gen 9] Anything Goes","log":"|j|\u2606JoJoFan756\n|j|\u2606TheyKnoDavo\n|t:|1701054688\n|gametype|singles\n|player|p1|JoJoFan756|hiker|1122\n|player|p2|TheyKnoDavo|ninjaboy|1202\n|teamsize|p1|6\n|teamsize|p2|6\n|gen|9\n|tier|[Gen 9] Anything Goes\n|rated|\n|rule|HP Percentage Mod: HP is shown in percentages\n|rule|Endless Battle Clause: Forcing endless battles is banned\n|clearpoke\n|poke|p1|Kingambit, M|\n|poke|p1|Kingambit, M|\n|poke|p1|Kingambit, M|\n|poke|p1|Kingambit, M|\n|poke|p1|Kingambit, M|\n|poke|p1|Kingambit, M|\n|poke|p2|Drifblim, M|\n|poke|p2|Furret, M|\n|poke|p2|Tyranitar, M|\n|poke|p2|Palkia-Origin|\n|poke|p2|Gengar, M|\n|poke|p2|Flutter Mane|\n|teampreview\n|inactive|Battle timer is ON: inactive players will automatically lose when time's up. (requested by JoJoFan756)\n|\n|t:|1701054691\n|start\n|switch|p1a: Miyamoto Musashi|Kingambit, M|100\/100\n|switch|p2a: Drifblim|Drifblim, M, shiny|100\/100\n|turn|1\n|\n|t:|1701054699\n|move|p2a: Drifblim|Minimize|p2a: Drifblim\n|-boost|p2a: Drifblim|evasion|2\n|move|p1a: Miyamoto Musashi|Kowtow Cleave|p2a: Drifblim\n|-supereffective|p2a: Drifblim\n|-damage|p2a: Drifblim|12\/100\n|\n|upkeep\n|turn|2\n|\n|t:|1701054706\n|move|p2a: Drifblim|Minimize|p2a: Drifblim\n|-boost|p2a: Drifblim|evasion|2\n|move|p1a: Miyamoto Musashi|Kowtow Cleave|p2a: Drifblim\n|-supereffective|p2a: Drifblim\n|-damage|p2a: Drifblim|0 fnt\n|faint|p2a: Drifblim\n|\n|upkeep\n|c|\u2606JoJoFan756|Kowtow Cleave cant miss\n|\n|t:|1701054715\n|switch|p2a: Furret|Furret, M, shiny|100\/100\n|turn|3\n|\n|t:|1701054721\n|move|p2a: Furret|Coil|p2a: Furret\n|-boost|p2a: Furret|atk|1\n|-boost|p2a: Furret|def|1\n|-boost|p2a: Furret|accuracy|1\n|move|p1a: Miyamoto Musashi|Brick Break|p2a: Furret\n|-supereffective|p2a: Furret\n|-damage|p2a: Furret|65\/100\n|\n|upkeep\n|turn|4\n|\n|t:|1701054733\n|-terastallize|p2a: Furret|Steel\n|move|p2a: Furret|Coil|p2a: Furret\n|-boost|p2a: Furret|atk|1\n|-boost|p2a: Furret|def|1\n|-boost|p2a: Furret|accuracy|1\n|move|p1a: Miyamoto Musashi|Brick Break|p2a: Furret\n|-supereffective|p2a: Furret\n|-damage|p2a: Furret|38\/100\n|\n|upkeep\n|turn|5\n|\n|t:|1701054743\n|move|p2a: Furret|Coil|p2a: Furret\n|-boost|p2a: Furret|atk|1\n|-boost|p2a: Furret|def|1\n|-boost|p2a: Furret|accuracy|1\n|move|p1a: Miyamoto Musashi|Swords Dance|p1a: Miyamoto Musashi\n|-boost|p1a: Miyamoto Musashi|atk|2\n|\n|upkeep\n|turn|6\n|\n|t:|1701054755\n|move|p2a: Furret|Play Rough|p1a: Miyamoto Musashi\n|-damage|p1a: Miyamoto Musashi|73\/100\n|move|p1a: Miyamoto Musashi|Swords Dance|p1a: Miyamoto Musashi\n|-boost|p1a: Miyamoto Musashi|atk|2\n|\n|-heal|p1a: Miyamoto Musashi|79\/100|[from] item: Leftovers\n|upkeep\n|turn|7\n|\n|t:|1701054764\n|move|p2a: Furret|Baton Pass|p2a: Furret\n|\n|t:|1701054769\n|switch|p2a: Palkia|Palkia-Origin, shiny|100\/100|[from] Baton Pass\n|-ability|p2a: Palkia|Pressure\n|move|p1a: Miyamoto Musashi|Brick Break|p2a: Palkia\n|-damage|p2a: Palkia|70\/100\n|\n|-heal|p1a: Miyamoto Musashi|85\/100|[from] item: Leftovers\n|upkeep\n|turn|8\n|\n|t:|1701054783\n|move|p2a: Palkia|Earthquake|p1a: Miyamoto Musashi\n|-supereffective|p1a: Miyamoto Musashi\n|-damage|p1a: Miyamoto Musashi|0 fnt\n|faint|p1a: Miyamoto Musashi\n|\n|upkeep\n|\n|t:|1701054786\n|switch|p1a: Takeda Shingen|Kingambit, M|100\/100\n|turn|9\n|\n|t:|1701054791\n|move|p1a: Takeda Shingen|Sucker Punch|p2a: Palkia\n|-damage|p2a: Palkia|55\/100\n|move|p2a: Palkia|Earthquake|p1a: Takeda Shingen\n|-supereffective|p1a: Takeda Shingen\n|-damage|p1a: Takeda Shingen|6\/100\n|\n|-heal|p1a: Takeda Shingen|13\/100|[from] item: Leftovers\n|upkeep\n|turn|10\n|\n|t:|1701054800\n|move|p1a: Takeda Shingen|Sucker Punch|p2a: Palkia\n|-damage|p2a: Palkia|41\/100\n|move|p2a: Palkia|Earthquake|p1a: Takeda Shingen\n|-supereffective|p1a: Takeda Shingen\n|-damage|p1a: Takeda Shingen|0 fnt\n|faint|p1a: Takeda Shingen\n|\n|upkeep\n|\n|t:|1701054803\n|switch|p1a: Date Masamune|Kingambit, M|100\/100\n|turn|11\n|\n|t:|1701054811\n|move|p2a: Palkia|Earthquake|p1a: Date Masamune\n|-supereffective|p1a: Date Masamune\n|-damage|p1a: Date Masamune|0 fnt\n|faint|p1a: Date Masamune\n|\n|upkeep\n|\n|t:|1701054814\n|switch|p1a: Toyotomi Hideyoshi|Kingambit, M|100\/100\n|-activate|p1a: Toyotomi Hideyoshi|ability: Supreme Overlord\n|-start|p1a: Toyotomi Hideyoshi|fallen3|[silent]\n|turn|12\n|\n|t:|1701054820\n|move|p2a: Palkia|Earthquake|p1a: Toyotomi Hideyoshi\n|-supereffective|p1a: Toyotomi Hideyoshi\n|-damage|p1a: Toyotomi Hideyoshi|0 fnt\n|faint|p1a: Toyotomi Hideyoshi\n|-end|p1a: Toyotomi Hideyoshi|fallen3|[silent]\n|\n|upkeep\n|\n|t:|1701054824\n|switch|p1a: Tokugawa Ieyasu|Kingambit, M, shiny|100\/100\n|-activate|p1a: Tokugawa Ieyasu|ability: Supreme Overlord\n|-start|p1a: Tokugawa Ieyasu|fallen4|[silent]\n|turn|13\n|\n|t:|1701054831\n|move|p1a: Tokugawa Ieyasu|Sucker Punch|p2a: Palkia\n|-damage|p2a: Palkia|21\/100\n|move|p2a: Palkia|Earthquake|p1a: Tokugawa Ieyasu\n|-supereffective|p1a: Tokugawa Ieyasu\n|-damage|p1a: Tokugawa Ieyasu|0 fnt\n|faint|p1a: Tokugawa Ieyasu\n|-end|p1a: Tokugawa Ieyasu|fallen4|[silent]\n|\n|upkeep\n|\n|t:|1701054835\n|switch|p1a: Oda Nobunaga|Kingambit, M, shiny|100\/100\n|-activate|p1a: Oda Nobunaga|ability: Supreme Overlord\n|-start|p1a: Oda Nobunaga|fallen5|[silent]\n|turn|14\n|\n|t:|1701054843\n|move|p1a: Oda Nobunaga|Sucker Punch|p2a: Palkia\n|-damage|p2a: Palkia|0 fnt\n|faint|p2a: Palkia\n|\n|upkeep\n|\n|t:|1701054848\n|switch|p2a: Tyranitar|Tyranitar, M, shiny|100\/100\n|-weather|Sandstorm|[from] ability: Sand Stream|[of] p2a: Tyranitar\n|turn|15\n|\n|t:|1701054855\n|move|p2a: Tyranitar|Earthquake|p1a: Oda Nobunaga\n|-supereffective|p1a: Oda Nobunaga\n|-damage|p1a: Oda Nobunaga|59\/100\n|move|p1a: Oda Nobunaga|Brick Break|p2a: Tyranitar\n|-supereffective|p2a: Tyranitar\n|-damage|p2a: Tyranitar|0 fnt\n|faint|p2a: Tyranitar\n|\n|-weather|Sandstorm|[upkeep]\n|-heal|p1a: Oda Nobunaga|66\/100|[from] item: Leftovers\n|upkeep\n|\n|t:|1701054865\n|switch|p2a: Gengar|Gengar, M, shiny|100\/100\n|turn|16\n|\n|t:|1701054870\n|move|p2a: Gengar|Destiny Bond|p2a: Gengar\n|-singlemove|p2a: Gengar|Destiny Bond\n|move|p1a: Oda Nobunaga|Kowtow Cleave|p2a: Gengar\n|-supereffective|p2a: Gengar\n|-enditem|p2a: Gengar|Focus Sash\n|-damage|p2a: Gengar|1\/100\n|\n|-weather|Sandstorm|[upkeep]\n|-damage|p2a: Gengar|0 fnt|[from] Sandstorm\n|faint|p2a: Gengar\n|-heal|p1a: Oda Nobunaga|72\/100|[from] item: Leftovers\n|upkeep\n|\n|t:|1701054883\n|switch|p2a: Furret|Furret, M, shiny, tera:Steel|38\/100\n|turn|17\n|\n|t:|1701054887\n|move|p2a: Furret|Coil|p2a: Furret\n|-boost|p2a: Furret|atk|1\n|-boost|p2a: Furret|def|1\n|-boost|p2a: Furret|accuracy|1\n|move|p1a: Oda Nobunaga|Kowtow Cleave|p2a: Furret\n|-damage|p2a: Furret|0 fnt\n|faint|p2a: Furret\n|\n|-weather|Sandstorm|[upkeep]\n|-heal|p1a: Oda Nobunaga|78\/100|[from] item: Leftovers\n|upkeep\n|\n|t:|1701054897\n|switch|p2a: Flutter Mane|Flutter Mane, shiny|100\/100\n|-enditem|p2a: Flutter Mane|Booster Energy\n|-activate|p2a: Flutter Mane|ability: Protosynthesis|[fromitem]\n|-start|p2a: Flutter Mane|protosynthesisspe\n|turn|18\n|\n|t:|1701054911\n|move|p2a: Flutter Mane|Moonblast|p1a: Oda Nobunaga\n|-damage|p1a: Oda Nobunaga|37\/100\n|move|p1a: Oda Nobunaga|Kowtow Cleave|p2a: Flutter Mane\n|-damage|p2a: Flutter Mane|0 fnt\n|faint|p2a: Flutter Mane\n|-end|p2a: Flutter Mane|Protosynthesis|[silent]\n|\n|win|JoJoFan756\n|raw|JoJoFan756's rating: 1122 &rarr; <strong>1153<\/strong><br \/>(+31 for winning)\n|raw|TheyKnoDavo's rating: 1202 &rarr; <strong>1171<\/strong><br \/>(-31 for losing)\n|l|\u2606JoJoFan756\n|j|\u2606JoJoFan756\n|player|p1|JoJoFan756|hiker\n|l|\u2606TheyKnoDavo\n","uploadtime":1701054929,"views":7,"p1id":"jojofan756","p2id":"theyknodavo","formatid":"gen9anythinggoes","rating":1153,"private":0,"password":""}