{"id":"gen9anythinggoes-1986577335","p1":"The King Dorko","p2":"LordRevan22","format":"[Gen 9] Anything Goes","log":"|j|\u2606The King Dorko\n|j|\u2606LordRevan22\n|t:|1699493931\n|gametype|singles\n|player|p1|The King Dorko|giovanni|\n|player|p2|LordRevan22|1|\n|teamsize|p1|6\n|teamsize|p2|6\n|gen|9\n|tier|[Gen 9] Anything Goes\n|rule|HP Percentage Mod: HP is shown in percentages\n|rule|Endless Battle Clause: Forcing endless battles is banned\n|clearpoke\n|poke|p1|Fezandipiti, M|\n|poke|p1|Mamoswine, M|\n|poke|p1|Spidops, F|\n|poke|p1|Skeledirge, M|\n|poke|p1|Pawmot, F|\n|poke|p1|Decidueye, M|\n|poke|p2|Urshifu-*, M|\n|poke|p2|Gliscor, F|\n|poke|p2|Quagsire, M|\n|poke|p2|Clodsire, M|\n|poke|p2|Baxcalibur, F|\n|poke|p2|Masquerain, M|\n|teampreview\n|inactive|Battle timer is ON: inactive players will automatically lose when time's up. (requested by The King Dorko)\n|\n|t:|1699493942\n|start\n|switch|p1a: Spidops|Spidops, F, shiny|100\/100\n|switch|p2a: Baxcalibur|Baxcalibur, F|100\/100\n|turn|1\n|\n|t:|1699493953\n|move|p2a: Baxcalibur|Substitute|p2a: Baxcalibur\n|-start|p2a: Baxcalibur|Substitute\n|-damage|p2a: Baxcalibur|75\/100\n|move|p1a: Spidops|Circle Throw|p2a: Baxcalibur\n|-supereffective|p2a: Baxcalibur\n|-activate|p2a: Baxcalibur|move: Substitute|[damage]\n|\n|-heal|p2a: Baxcalibur|82\/100|[from] item: Leftovers\n|upkeep\n|turn|2\n|\n|t:|1699493962\n|move|p2a: Baxcalibur|Dragon Dance|p2a: Baxcalibur\n|-boost|p2a: Baxcalibur|atk|1\n|-boost|p2a: Baxcalibur|spe|1\n|move|p1a: Spidops|Circle Throw|p2a: Baxcalibur\n|-supereffective|p2a: Baxcalibur\n|-end|p2a: Baxcalibur|Substitute\n|\n|-heal|p2a: Baxcalibur|88\/100|[from] item: Leftovers\n|upkeep\n|turn|3\n|\n|t:|1699493976\n|move|p2a: Baxcalibur|Substitute|p2a: Baxcalibur\n|-start|p2a: Baxcalibur|Substitute\n|-damage|p2a: Baxcalibur|63\/100\n|move|p1a: Spidops|Circle Throw|p2a: Baxcalibur\n|-supereffective|p2a: Baxcalibur\n|-activate|p2a: Baxcalibur|move: Substitute|[damage]\n|\n|-heal|p2a: Baxcalibur|69\/100|[from] item: Leftovers\n|upkeep\n|turn|4\n|\n|t:|1699493985\n|move|p2a: Baxcalibur|Icicle Crash|p1a: Spidops\n|-damage|p1a: Spidops|36\/100\n|move|p1a: Spidops|Circle Throw|p2a: Baxcalibur\n|-supereffective|p2a: Baxcalibur\n|-end|p2a: Baxcalibur|Substitute\n|\n|-heal|p2a: Baxcalibur|75\/100|[from] item: Leftovers\n|upkeep\n|turn|5\n|\n|t:|1699493995\n|move|p2a: Baxcalibur|Substitute|p2a: Baxcalibur\n|-start|p2a: Baxcalibur|Substitute\n|-damage|p2a: Baxcalibur|50\/100\n|move|p1a: Spidops|Circle Throw|p2a: Baxcalibur\n|-supereffective|p2a: Baxcalibur\n|-activate|p2a: Baxcalibur|move: Substitute|[damage]\n|\n|-heal|p2a: Baxcalibur|56\/100|[from] item: Leftovers\n|upkeep\n|turn|6\n|\n|t:|1699494004\n|move|p2a: Baxcalibur|Icicle Crash|p1a: Spidops\n|-damage|p1a: Spidops|0 fnt\n|faint|p1a: Spidops\n|\n|-heal|p2a: Baxcalibur|63\/100|[from] item: Leftovers\n|upkeep\n|\n|t:|1699494023\n|switch|p1a: Skeledirge|Skeledirge, M, shiny|100\/100\n|turn|7\n|\n|t:|1699494029\n|move|p2a: Baxcalibur|Earthquake|p1a: Skeledirge\n|-supereffective|p1a: Skeledirge\n|-damage|p1a: Skeledirge|55\/100\n|move|p1a: Skeledirge|Torch Song|p2a: Baxcalibur\n|-damage|p2a: Baxcalibur|28\/100\n|-boost|p1a: Skeledirge|spa|1\n|-ability|p2a: Baxcalibur|Thermal Exchange|boost\n|-boost|p2a: Baxcalibur|atk|1\n|\n|-heal|p2a: Baxcalibur|35\/100|[from] item: Leftovers\n|-heal|p1a: Skeledirge|61\/100|[from] item: Leftovers\n|upkeep\n|turn|8\n|\n|t:|1699494060\n|move|p2a: Baxcalibur|Earthquake|p1a: Skeledirge\n|-supereffective|p1a: Skeledirge\n|-damage|p1a: Skeledirge|9\/100\n|move|p1a: Skeledirge|Torch Song|p2a: Baxcalibur\n|-damage|p2a: Baxcalibur|0 fnt\n|-boost|p1a: Skeledirge|spa|1\n|faint|p2a: Baxcalibur\n|\n|-heal|p1a: Skeledirge|15\/100|[from] item: Leftovers\n|upkeep\n|inactive|LordRevan22 has 270 seconds left.\n|\n|t:|1699494075\n|switch|p2a: Urshifu|Urshifu, M|100\/100\n|turn|9\n|inactive|LordRevan22 has 270 seconds left.\n|\n|t:|1699494083\n|switch|p1a: Fezandipiti|Fezandipiti, M|100\/100\n|move|p2a: Urshifu|Wicked Blow|p1a: Fezandipiti\n|-resisted|p1a: Fezandipiti\n|-crit|p1a: Fezandipiti\n|-damage|p1a: Fezandipiti|65\/100\n|\n|-heal|p1a: Fezandipiti|71\/100|[from] item: Black Sludge\n|upkeep\n|turn|10\n|inactive|LordRevan22 has 270 seconds left.\n|\n|t:|1699494097\n|switch|p2a: Masquerain|Masquerain, M, shiny|100\/100\n|-ability|p2a: Masquerain|Intimidate|boost\n|-unboost|p1a: Fezandipiti|atk|1\n|move|p1a: Fezandipiti|Tailwind|p1a: Fezandipiti\n|-sidestart|p1: The King Dorko|move: Tailwind\n|\n|-heal|p1a: Fezandipiti|77\/100|[from] item: Black Sludge\n|upkeep\n|turn|11\n|inactive|LordRevan22 has 270 seconds left.\n|\n|t:|1699494116\n|move|p1a: Fezandipiti|Tailwind||[still]\n|-fail|p1a: Fezandipiti\n|move|p2a: Masquerain|Sticky Web|p1a: Fezandipiti\n|-sidestart|p1: The King Dorko|move: Sticky Web\n|\n|-heal|p1a: Fezandipiti|83\/100|[from] item: Black Sludge\n|upkeep\n|turn|12\n|inactive|LordRevan22 has 270 seconds left.\n|c|\u2606The King Dorko|lol misclick\n|\n|t:|1699494133\n|move|p1a: Fezandipiti|Dual Wingbeat|p2a: Masquerain\n|-supereffective|p2a: Masquerain\n|-damage|p2a: Masquerain|84\/100\n|-status|p2a: Masquerain|tox|[from] ability: Toxic Chain|[of] p1a: Fezandipiti\n|-supereffective|p2a: Masquerain\n|-crit|p2a: Masquerain\n|-damage|p2a: Masquerain|47\/100 tox\n|-hitcount|p2a: Masquerain|2\n|move|p2a: Masquerain|Whirlwind|p1a: Fezandipiti\n|drag|p1a: Pawmot|Pawmot, F, shiny|100\/100\n|-activate|p1a: Pawmot|move: Sticky Web\n|-unboost|p1a: Pawmot|spe|1\n|\n|-damage|p2a: Masquerain|41\/100 tox|[from] psn\n|upkeep\n|turn|13\n|inactive|LordRevan22 has 270 seconds left.\n|\n|t:|1699494154\n|move|p1a: Pawmot|Ice Punch|p2a: Masquerain\n|-supereffective|p2a: Masquerain\n|-damage|p2a: Masquerain|0 fnt\n|faint|p2a: Masquerain\n|\n|-sideend|p1: The King Dorko|move: Tailwind\n|upkeep\n|\n|t:|1699494166\n|switch|p2a: Gliscor|Gliscor, F, shiny|100\/100\n|turn|14\n|\n|t:|1699494170\n|switch|p2a: Quagsire|Quagsire, M, shiny|100\/100\n|move|p1a: Pawmot|Ice Punch|p2a: Quagsire\n|-damage|p2a: Quagsire|81\/100\n|\n|-heal|p2a: Quagsire|87\/100|[from] item: Leftovers\n|upkeep\n|turn|15\n|inactive|LordRevan22 has 270 seconds left.\n|\n|t:|1699494180\n|switch|p1a: Fezandipiti|Fezandipiti, M|83\/100\n|-activate|p1a: Fezandipiti|move: Sticky Web\n|-unboost|p1a: Fezandipiti|spe|1\n|move|p2a: Quagsire|Toxic|p1a: Fezandipiti\n|-immune|p1a: Fezandipiti\n|\n|-heal|p1a: Fezandipiti|89\/100|[from] item: Black Sludge\n|-heal|p2a: Quagsire|93\/100|[from] item: Leftovers\n|upkeep\n|turn|16\n|inactive|LordRevan22 has 270 seconds left.\n|\n|t:|1699494191\n|switch|p2a: Gliscor|Gliscor, F, shiny|100\/100\n|move|p1a: Fezandipiti|Tailwind|p1a: Fezandipiti\n|-sidestart|p1: The King Dorko|move: Tailwind\n|\n|-heal|p1a: Fezandipiti|95\/100|[from] item: Black Sludge\n|-status|p2a: Gliscor|tox|[from] item: Toxic Orb\n|upkeep\n|turn|17\n|\n|t:|1699494202\n|move|p1a: Fezandipiti|U-turn|p2a: Gliscor\n|-resisted|p2a: Gliscor\n|-damage|p2a: Gliscor|96\/100 tox\n|\n|t:|1699494205\n|switch|p1a: Decidueye|Decidueye, M, shiny|100\/100|[from] U-turn\n|move|p2a: Gliscor|Knock Off|p1a: Decidueye\n|-supereffective|p1a: Decidueye\n|-damage|p1a: Decidueye|52\/100\n|-enditem|p1a: Decidueye|Heavy-Duty Boots|[from] move: Knock Off|[of] p2a: Gliscor\n|\n|-heal|p2a: Gliscor|100\/100 tox|[from] ability: Poison Heal\n|upkeep\n|turn|18\n|\n|t:|1699494217\n|move|p1a: Decidueye|Defog|p2a: Gliscor\n|-unboost|p2a: Gliscor|evasion|1\n|-sideend|p1: The King Dorko|Sticky Web|[from] move: Defog|[of] p1a: Decidueye\n|move|p2a: Gliscor|Spikes|p1a: Decidueye\n|-sidestart|p1: The King Dorko|Spikes\n|\n|upkeep\n|turn|19\n|\n|t:|1699494227\n|move|p1a: Decidueye|Defog|p2a: Gliscor\n|-unboost|p2a: Gliscor|evasion|1\n|-sideend|p1: The King Dorko|Spikes|[from] move: Defog|[of] p1a: Decidueye\n|move|p2a: Gliscor|Knock Off|p1a: Decidueye\n|-supereffective|p1a: Decidueye\n|-damage|p1a: Decidueye|17\/100\n|\n|-sideend|p1: The King Dorko|move: Tailwind\n|upkeep\n|turn|20\n|\n|t:|1699494235\n|move|p2a: Gliscor|Knock Off|p1a: Decidueye\n|-supereffective|p1a: Decidueye\n|-damage|p1a: Decidueye|0 fnt\n|faint|p1a: Decidueye\n|\n|upkeep\n|\n|t:|1699494240\n|switch|p1a: Mamoswine|Mamoswine, M, shiny|100\/100\n|turn|21\n|\n|t:|1699494252\n|switch|p2a: Quagsire|Quagsire, M, shiny|93\/100\n|move|p1a: Mamoswine|Trailblaze|p2a: Quagsire\n|-supereffective|p2a: Quagsire\n|-crit|p2a: Quagsire\n|-damage|p2a: Quagsire|0 fnt\n|-boost|p1a: Mamoswine|spe|1\n|faint|p2a: Quagsire\n|-damage|p1a: Mamoswine|91\/100|[from] item: Life Orb\n|\n|upkeep\n|\n|t:|1699494264\n|switch|p2a: Urshifu|Urshifu, M|100\/100\n|turn|22\n|\n|t:|1699494281\n|switch|p1a: Skeledirge|Skeledirge, M, shiny|15\/100\n|move|p2a: Urshifu|Close Combat|p1a: Skeledirge\n|-immune|p1a: Skeledirge\n|\n|-heal|p1a: Skeledirge|21\/100|[from] item: Leftovers\n|upkeep\n|turn|23\n|\n|t:|1699494291\n|switch|p2a: Clodsire|Clodsire, M, shiny|100\/100\n|move|p1a: Skeledirge|Slack Off|p1a: Skeledirge\n|-heal|p1a: Skeledirge|71\/100\n|\n|-heal|p1a: Skeledirge|77\/100|[from] item: Leftovers\n|upkeep\n|turn|24\n|\n|t:|1699494302\n|move|p1a: Skeledirge|Yawn|p2a: Clodsire\n|-start|p2a: Clodsire|move: Yawn|[of] p1a: Skeledirge\n|move|p2a: Clodsire|Toxic|p1a: Skeledirge\n|-status|p1a: Skeledirge|tox\n|\n|-heal|p1a: Skeledirge|83\/100 tox|[from] item: Leftovers\n|-damage|p1a: Skeledirge|77\/100 tox|[from] psn\n|upkeep\n|turn|25\n|\n|t:|1699494319\n|-terastallize|p2a: Clodsire|Water\n|move|p1a: Skeledirge|Torch Song|p2a: Clodsire\n|-resisted|p2a: Clodsire\n|-crit|p2a: Clodsire\n|-damage|p2a: Clodsire|89\/100\n|-boost|p1a: Skeledirge|spa|1\n|move|p2a: Clodsire|Rock Slide|p1a: Skeledirge\n|-supereffective|p1a: Skeledirge\n|-damage|p1a: Skeledirge|60\/100 tox\n|\n|-heal|p1a: Skeledirge|66\/100 tox|[from] item: Leftovers\n|-heal|p2a: Clodsire|96\/100|[from] item: Leftovers\n|-damage|p1a: Skeledirge|54\/100 tox|[from] psn\n|-end|p2a: Clodsire|move: Yawn|[silent]\n|-status|p2a: Clodsire|slp\n|upkeep\n|turn|26\n|\n|t:|1699494338\n|switch|p1a: Mamoswine|Mamoswine, M, shiny|91\/100\n|cant|p2a: Clodsire|slp\n|\n|-heal|p2a: Clodsire|100\/100 slp|[from] item: Leftovers\n|upkeep\n|turn|27\n|\n|t:|1699494351\n|move|p1a: Mamoswine|Trailblaze|p2a: Clodsire\n|-supereffective|p2a: Clodsire\n|-damage|p2a: Clodsire|47\/100 slp\n|-boost|p1a: Mamoswine|spe|1\n|-damage|p1a: Mamoswine|81\/100|[from] item: Life Orb\n|cant|p2a: Clodsire|slp\n|\n|-heal|p2a: Clodsire|53\/100 slp|[from] item: Leftovers\n|upkeep\n|turn|28\n|-message|LordRevan22 forfeited.\n|\n|win|The King Dorko\n|l|\u2606LordRevan22\n|l|\u2606The King Dorko\n|j|\u2606The King Dorko\n|player|p1|The King Dorko|giovanni\n|l|\u2606The King Dorko\n|player|p1|\n|j|\u2606The King Dorko\n|player|p1|The King Dorko|giovanni\n","uploadtime":1699494486,"views":6,"p1id":"thekingdorko","p2id":"lordrevan22","formatid":"gen9anythinggoes","rating":0,"private":0,"password":""}