{"id":"gen9anythinggoes-1994284384","p1":"flurpdafish","p2":"daasdasdsadsad","format":"[Gen 9] Anything Goes","log":"|j|\u2606flurpdafish\n|j|\u2606daasdasdsadsad\n|t:|1700426964\n|gametype|singles\n|player|p1|flurpdafish|101|1107\n|player|p2|daasdasdsadsad|acetrainer|1026\n|teamsize|p1|6\n|teamsize|p2|6\n|gen|9\n|tier|[Gen 9] Anything Goes\n|rated|\n|rule|HP Percentage Mod: HP is shown in percentages\n|rule|Endless Battle Clause: Forcing endless battles is banned\n|clearpoke\n|poke|p1|Calyrex-Shadow|\n|poke|p1|Annihilape, M|\n|poke|p1|Mewtwo|\n|poke|p1|Ribombee, F|\n|poke|p1|Maushold-Four|\n|poke|p1|Chien-Pao|\n|poke|p2|Ducklett, L1, M|\n|poke|p2|Ducklett, L1, M|\n|poke|p2|Ducklett, L1, F|\n|poke|p2|Ducklett, L1, M|\n|poke|p2|Ducklett, L1, F|\n|poke|p2|Kingambit, F|\n|teampreview\n|c|\u2606daasdasdsadsad|glhf!\n|\n|t:|1700426980\n|start\n|switch|p1a: Calyrex|Calyrex-Shadow|100\/100\n|switch|p2a: Ducklett|Ducklett, L1, M|100\/100\n|-ability|p1a: Calyrex|As One\n|-ability|p1a: Calyrex|Unnerve\n|turn|1\n|c|\u2606flurpdafish|Lol\n|c|\u2606flurpdafish|Nice Team\n|\n|t:|1700427003\n|-terastallize|p1a: Calyrex|Psychic\n|move|p2a: Ducklett|Aqua Jet|p1a: Calyrex\n|-crit|p1a: Calyrex\n|-damage|p1a: Calyrex|99\/100\n|move|p1a: Calyrex|Astral Barrage|p2a: Ducklett\n|-enditem|p2a: Ducklett|Focus Sash\n|-damage|p2a: Ducklett|9\/100\n|\n|upkeep\n|turn|2\n|\n|t:|1700427014\n|move|p2a: Ducklett|Aqua Jet|p1a: Calyrex\n|-damage|p1a: Calyrex|99\/100\n|move|p1a: Calyrex|Astral Barrage|p2a: Ducklett\n|-crit|p2a: Ducklett\n|-damage|p2a: Ducklett|0 fnt\n|faint|p2a: Ducklett\n|-ability|p1a: Calyrex|Grim Neigh|boost\n|-boost|p1a: Calyrex|spa|1\n|\n|upkeep\n|c|\u2606daasdasdsadsad|why thank you!\n|\n|t:|1700427020\n|switch|p2a: Ducklett|Ducklett, L1, M|100\/100\n|turn|3\n|\n|t:|1700427030\n|switch|p1a: Ribombee|Ribombee, F|100\/100\n|move|p2a: Ducklett|Aqua Jet|p1a: Ribombee\n|-damage|p1a: Ribombee|99\/100\n|\n|upkeep\n|turn|4\n|\n|t:|1700427037\n|move|p1a: Ribombee|Substitute|p1a: Ribombee\n|-start|p1a: Ribombee|Substitute\n|-damage|p1a: Ribombee|75\/100\n|move|p2a: Ducklett|Endeavor|p1a: Ribombee\n|-end|p1a: Ribombee|Substitute\n|\n|upkeep\n|turn|5\n|\n|t:|1700427045\n|move|p1a: Ribombee|Calm Mind|p1a: Ribombee\n|-boost|p1a: Ribombee|spa|1\n|-boost|p1a: Ribombee|spd|1\n|move|p2a: Ducklett|Endeavor|p1a: Ribombee\n|-damage|p1a: Ribombee|4\/100\n|\n|upkeep\n|turn|6\n|\n|t:|1700427055\n|move|p1a: Ribombee|Baton Pass|p1a: Ribombee\n|\n|t:|1700427057\n|switch|p1a: Maushold|Maushold-Four|100\/100|[from] Baton Pass\n|move|p2a: Ducklett|Endeavor|p1a: Maushold\n|-damage|p1a: Maushold|5\/100\n|\n|upkeep\n|turn|7\n|\n|t:|1700427071\n|move|p1a: Maushold|Population Bomb|p2a: Ducklett\n|-enditem|p2a: Ducklett|Focus Sash\n|-damage|p2a: Ducklett|9\/100\n|-damage|p2a: Ducklett|0 fnt\n|faint|p2a: Ducklett\n|-hitcount|p2: Ducklett|2\n|\n|upkeep\n|\n|t:|1700427073\n|switch|p2a: Ducklett|Ducklett, L1, F|100\/100\n|turn|8\n|\n|t:|1700427082\n|move|p2a: Ducklett|Aqua Jet|p1a: Maushold\n|-damage|p1a: Maushold|4\/100\n|move|p1a: Maushold|Baton Pass|p1a: Maushold\n|\n|t:|1700427088\n|switch|p1a: Mewtwo|Mewtwo|100\/100|[from] Baton Pass\n|-ability|p1a: Mewtwo|Unnerve\n|\n|upkeep\n|turn|9\n|\n|t:|1700427096\n|move|p1a: Mewtwo|Aura Sphere|p2a: Ducklett\n|-resisted|p2a: Ducklett\n|-enditem|p2a: Ducklett|Focus Sash\n|-damage|p2a: Ducklett|9\/100\n|move|p2a: Ducklett|Endeavor|p1a: Mewtwo\n|-damage|p1a: Mewtwo|1\/100\n|\n|upkeep\n|turn|10\n|\n|t:|1700427106\n|move|p2a: Ducklett|Aqua Jet|p1a: Mewtwo\n|-damage|p1a: Mewtwo|0 fnt\n|faint|p1a: Mewtwo\n|\n|upkeep\n|\n|t:|1700427112\n|switch|p1a: Chien-Pao|Chien-Pao|100\/100\n|-ability|p1a: Chien-Pao|Sword of Ruin\n|-item|p1a: Chien-Pao|Air Balloon\n|turn|11\n|\n|t:|1700427118\n|move|p1a: Chien-Pao|Sucker Punch|p2a: Ducklett\n|-crit|p2a: Ducklett\n|-damage|p2a: Ducklett|0 fnt\n|faint|p2a: Ducklett\n|\n|upkeep\n|\n|t:|1700427121\n|switch|p2a: Ducklett|Ducklett, L1, M|100\/100\n|turn|12\n|\n|t:|1700427127\n|move|p1a: Chien-Pao|Sucker Punch|p2a: Ducklett\n|-crit|p2a: Ducklett\n|-enditem|p2a: Ducklett|Focus Sash\n|-damage|p2a: Ducklett|9\/100\n|move|p2a: Ducklett|Endeavor|p1a: Chien-Pao\n|-damage|p1a: Chien-Pao|1\/100\n|-enditem|p1a: Chien-Pao|Air Balloon\n|\n|upkeep\n|turn|13\n|\n|t:|1700427139\n|move|p1a: Chien-Pao|Sucker Punch|p2a: Ducklett\n|-damage|p2a: Ducklett|0 fnt\n|faint|p2a: Ducklett\n|\n|upkeep\n|\n|t:|1700427144\n|switch|p2a: Ducklett|Ducklett, L1, F|100\/100\n|turn|14\n|\n|t:|1700427154\n|move|p1a: Chien-Pao|Sucker Punch||[still]\n|-fail|p1a: Chien-Pao\n|move|p2a: Ducklett|Tailwind|p2a: Ducklett\n|-sidestart|p2: daasdasdsadsad|move: Tailwind\n|\n|upkeep\n|turn|15\n|\n|t:|1700427162\n|move|p2a: Ducklett|Aqua Jet|p1a: Chien-Pao\n|-damage|p1a: Chien-Pao|0 fnt\n|faint|p1a: Chien-Pao\n|\n|upkeep\n|\n|t:|1700427168\n|switch|p1a: Annihilape|Annihilape, M|100\/100\n|turn|16\n|\n|t:|1700427177\n|move|p2a: Ducklett|Protect|p2a: Ducklett\n|-singleturn|p2a: Ducklett|Protect\n|move|p1a: Annihilape|Drain Punch|p2a: Ducklett\n|-activate|p2a: Ducklett|move: Protect\n|\n|upkeep\n|turn|17\n|\n|t:|1700427185\n|move|p2a: Ducklett|Protect|p2a: Ducklett\n|-singleturn|p2a: Ducklett|Protect\n|move|p1a: Annihilape|Drain Punch|p2a: Ducklett\n|-activate|p2a: Ducklett|move: Protect\n|\n|-sideend|p2: daasdasdsadsad|move: Tailwind\n|upkeep\n|turn|18\n|\n|t:|1700427193\n|move|p1a: Annihilape|Drain Punch|p2a: Ducklett\n|-resisted|p2a: Ducklett\n|-enditem|p2a: Ducklett|Focus Sash\n|-damage|p2a: Ducklett|9\/100\n|move|p2a: Ducklett|Tailwind|p2a: Ducklett\n|-sidestart|p2: daasdasdsadsad|move: Tailwind\n|\n|upkeep\n|turn|19\n|\n|t:|1700427206\n|move|p2a: Ducklett|Aqua Jet|p1a: Annihilape\n|-damage|p1a: Annihilape|99\/100\n|move|p1a: Annihilape|Bulk Up|p1a: Annihilape\n|-boost|p1a: Annihilape|atk|1\n|-boost|p1a: Annihilape|def|1\n|\n|upkeep\n|turn|20\n|\n|t:|1700427215\n|move|p2a: Ducklett|Aqua Jet|p1a: Annihilape\n|-damage|p1a: Annihilape|99\/100\n|move|p1a: Annihilape|Bulk Up|p1a: Annihilape\n|-boost|p1a: Annihilape|atk|1\n|-boost|p1a: Annihilape|def|1\n|\n|upkeep\n|turn|21\n|\n|t:|1700427225\n|move|p2a: Ducklett|Protect|p2a: Ducklett\n|-singleturn|p2a: Ducklett|Protect\n|move|p1a: Annihilape|Drain Punch|p2a: Ducklett\n|-activate|p2a: Ducklett|move: Protect\n|\n|-sideend|p2: daasdasdsadsad|move: Tailwind\n|upkeep\n|turn|22\n|\n|t:|1700427233\n|move|p1a: Annihilape|Drain Punch|p2a: Ducklett\n|-resisted|p2a: Ducklett\n|-damage|p2a: Ducklett|0 fnt\n|-heal|p1a: Annihilape|99\/100|[from] drain|[of] p2a: Ducklett\n|faint|p2a: Ducklett\n|\n|upkeep\n|\n|t:|1700427236\n|switch|p2a: Kingambit|Kingambit, F|100\/100\n|-activate|p2a: Kingambit|ability: Supreme Overlord\n|-start|p2a: Kingambit|fallen5|[silent]\n|turn|23\n|\n|t:|1700427251\n|-terastallize|p2a: Kingambit|Dark\n|move|p1a: Annihilape|Drain Punch|p2a: Kingambit\n|-supereffective|p2a: Kingambit\n|-damage|p2a: Kingambit|0 fnt\n|-heal|p1a: Annihilape|100\/100|[from] drain|[of] p2a: Kingambit\n|faint|p2a: Kingambit\n|-end|p2a: Kingambit|fallen5|[silent]\n|\n|win|flurpdafish\n|raw|flurpdafish's rating: 1107 &rarr; <strong>1126<\/strong><br \/>(+19 for winning)\n|raw|daasdasdsadsad's rating: 1026 &rarr; <strong>1015<\/strong><br \/>(-11 for losing)\n|l|\u2606daasdasdsadsad\n|c|\u2606flurpdafish|Gg\n","uploadtime":1700427281,"views":3,"p1id":"flurpdafish","p2id":"daasdasdsadsad","formatid":"gen9anythinggoes","rating":1015,"private":0,"password":""}