{"id":"gen9anythinggoes-1976977859","p1":"Vonrien","p2":"raihanxleon","format":"[Gen 9] Anything Goes","log":"|j|\u2606Vonrien\n|j|\u2606raihanxleon\n|t:|1698358084\n|gametype|singles\n|player|p1|Vonrien|hilbert|1186\n|player|p2|raihanxleon|101|1217\n|teamsize|p1|6\n|teamsize|p2|6\n|gen|9\n|tier|[Gen 9] Anything Goes\n|rated|\n|rule|HP Percentage Mod: HP is shown in percentages\n|rule|Endless Battle Clause: Forcing endless battles is banned\n|clearpoke\n|poke|p1|Darkrai|\n|poke|p1|Gastrodon, F|\n|poke|p1|Dragonite, F|\n|poke|p1|Chandelure, F|\n|poke|p1|Sneasler, M|\n|poke|p1|Decidueye, M|\n|poke|p2|Cloyster, M|\n|poke|p2|Cloyster, F|\n|poke|p2|Cloyster, M|\n|poke|p2|Palafin, F|\n|poke|p2|Calyrex-Shadow|\n|poke|p2|Ribombee, M|\n|teampreview\n|inactive|Battle timer is ON: inactive players will automatically lose when time's up. (requested by raihanxleon)\n|\n|t:|1698358110\n|start\n|switch|p1a: Nilo|Sneasler, M|100\/100\n|switch|p2a: Cloyster|Cloyster, M, shiny|100\/100\n|turn|1\n|\n|t:|1698358120\n|move|p1a: Nilo|Close Combat|p2a: Cloyster\n|-supereffective|p2a: Cloyster\n|-damage|p2a: Cloyster|0 fnt\n|-unboost|p1a: Nilo|def|1\n|-unboost|p1a: Nilo|spd|1\n|-enditem|p1a: Nilo|White Herb\n|-clearnegativeboost|p1a: Nilo|[silent]\n|faint|p2a: Cloyster\n|\n|upkeep\n|\n|t:|1698358126\n|switch|p2a: Palafin|Palafin, F, shiny|100\/100\n|turn|2\n|\n|t:|1698358131\n|move|p1a: Nilo|Close Combat|p2a: Palafin\n|-damage|p2a: Palafin|25\/100\n|-unboost|p1a: Nilo|def|1\n|-unboost|p1a: Nilo|spd|1\n|move|p2a: Palafin|Flip Turn|p1a: Nilo\n|-damage|p1a: Nilo|50\/100\n|\n|t:|1698358135\n|detailschange|p2a: Palafin|Palafin-Hero, F, shiny\n|switch|p2a: Calyrex|Calyrex-Shadow|100\/100|[from] Flip Turn\n|-ability|p2a: Calyrex|As One\n|-ability|p2a: Calyrex|Unnerve\n|\n|upkeep\n|turn|3\n|\n|t:|1698358153\n|-terastallize|p1a: Nilo|Fighting\n|move|p1a: Nilo|Dire Claw|p2a: Calyrex\n|-resisted|p2a: Calyrex\n|-damage|p2a: Calyrex|76\/100\n|-status|p2a: Calyrex|slp\n|cant|p2a: Calyrex|slp\n|\n|upkeep\n|turn|4\n|\n|t:|1698358161\n|move|p1a: Nilo|Dire Claw|p2a: Calyrex\n|-resisted|p2a: Calyrex\n|-damage|p2a: Calyrex|53\/100 slp\n|cant|p2a: Calyrex|slp\n|\n|upkeep\n|turn|5\n|\n|t:|1698358166\n|move|p1a: Nilo|Dire Claw|p2a: Calyrex\n|-resisted|p2a: Calyrex\n|-damage|p2a: Calyrex|26\/100 slp\n|-curestatus|p2a: Calyrex|slp|[msg]\n|move|p2a: Calyrex|Nasty Plot|p2a: Calyrex\n|-boost|p2a: Calyrex|spa|2\n|\n|upkeep\n|turn|6\n|\n|t:|1698358174\n|move|p1a: Nilo|Dire Claw|p2a: Calyrex\n|-resisted|p2a: Calyrex\n|-damage|p2a: Calyrex|1\/100\n|move|p2a: Calyrex|Draining Kiss|p1a: Nilo\n|-supereffective|p1a: Nilo\n|-damage|p1a: Nilo|0 fnt\n|-heal|p2a: Calyrex|34\/100|[from] drain|[of] p1a: Nilo\n|faint|p1a: Nilo\n|-ability|p2a: Calyrex|Grim Neigh|boost\n|-boost|p2a: Calyrex|spa|1\n|\n|upkeep\n|\n|t:|1698358186\n|switch|p1a: Fin|Decidueye, M|100\/100\n|turn|7\n|\n|t:|1698358191\n|move|p1a: Fin|Sucker Punch|p2a: Calyrex\n|-supereffective|p2a: Calyrex\n|-damage|p2a: Calyrex|0 fnt\n|faint|p2a: Calyrex\n|\n|upkeep\n|\n|t:|1698358195\n|switch|p2a: Palafin|Palafin-Hero, F, shiny|25\/100\n|-activate|p2a: Palafin|ability: Zero to Hero\n|turn|8\n|\n|t:|1698358199\n|move|p2a: Palafin|Jet Punch|p1a: Fin\n|-resisted|p1a: Fin\n|-crit|p1a: Fin\n|-damage|p1a: Fin|64\/100\n|move|p1a: Fin|Leaf Blade|p2a: Palafin\n|-supereffective|p2a: Palafin\n|-crit|p2a: Palafin\n|-damage|p2a: Palafin|0 fnt\n|faint|p2a: Palafin\n|\n|upkeep\n|\n|t:|1698358204\n|switch|p2a: Ribombee|Ribombee, M, shiny|100\/100\n|turn|9\n|\n|t:|1698358221\n|switch|p1a: Lala|Gastrodon, F|100\/100\n|move|p2a: Ribombee|Quiver Dance|p2a: Ribombee\n|-boost|p2a: Ribombee|spa|1\n|-boost|p2a: Ribombee|spd|1\n|-boost|p2a: Ribombee|spe|1\n|\n|upkeep\n|turn|10\n|\n|t:|1698358231\n|move|p2a: Ribombee|Quiver Dance|p2a: Ribombee\n|-boost|p2a: Ribombee|spa|1\n|-boost|p2a: Ribombee|spd|1\n|-boost|p2a: Ribombee|spe|1\n|move|p1a: Lala|Sludge Bomb|p2a: Ribombee\n|-supereffective|p2a: Ribombee\n|-damage|p2a: Ribombee|55\/100\n|\n|upkeep\n|turn|11\n|\n|t:|1698358239\n|move|p2a: Ribombee|Quiver Dance|p2a: Ribombee\n|-boost|p2a: Ribombee|spa|1\n|-boost|p2a: Ribombee|spd|1\n|-boost|p2a: Ribombee|spe|1\n|move|p1a: Lala|Sludge Bomb|p2a: Ribombee\n|-supereffective|p2a: Ribombee\n|-crit|p2a: Ribombee\n|-damage|p2a: Ribombee|0 fnt\n|faint|p2a: Ribombee\n|\n|upkeep\n|\n|t:|1698358242\n|switch|p2a: Cloyster|Cloyster, M, shiny|100\/100\n|turn|12\n|\n|t:|1698358248\n|move|p2a: Cloyster|Shell Smash|p2a: Cloyster\n|-unboost|p2a: Cloyster|def|1\n|-unboost|p2a: Cloyster|spd|1\n|-boost|p2a: Cloyster|atk|2\n|-boost|p2a: Cloyster|spa|2\n|-boost|p2a: Cloyster|spe|2\n|-enditem|p2a: Cloyster|White Herb\n|-clearnegativeboost|p2a: Cloyster|[silent]\n|move|p1a: Lala|Earth Power|p2a: Cloyster\n|-damage|p2a: Cloyster|0 fnt\n|faint|p2a: Cloyster\n|\n|upkeep\n|\n|t:|1698358250\n|switch|p2a: Cloyster|Cloyster, F, shiny|100\/100\n|turn|13\n|\n|t:|1698358263\n|move|p2a: Cloyster|Shell Smash|p2a: Cloyster\n|-unboost|p2a: Cloyster|def|1\n|-unboost|p2a: Cloyster|spd|1\n|-boost|p2a: Cloyster|atk|2\n|-boost|p2a: Cloyster|spa|2\n|-boost|p2a: Cloyster|spe|2\n|-enditem|p2a: Cloyster|White Herb\n|-clearnegativeboost|p2a: Cloyster|[silent]\n|move|p1a: Lala|Earth Power|p2a: Cloyster\n|-damage|p2a: Cloyster|0 fnt\n|faint|p2a: Cloyster\n|\n|win|Vonrien\n|raw|Vonrien's rating: 1186 &rarr; <strong>1213<\/strong><br \/>(+27 for winning)\n|raw|raihanxleon's rating: 1217 &rarr; <strong>1190<\/strong><br \/>(-27 for losing)\n|l|\u2606raihanxleon\n","uploadtime":1698358274,"views":7,"p1id":"vonrien","p2id":"raihanxleon","formatid":"gen9anythinggoes","rating":1190,"private":0,"password":""}