{"id":"gen9anythinggoes-1991543623","p1":"The_Spu","p2":"geesegoose","format":"[Gen 9] Anything Goes","log":"|j|\u2606The_Spu\n|j|\u2606geesegoose\n|t:|1700086754\n|gametype|singles\n|player|p1|The_Spu|pokekid|1078\n|player|p2|geesegoose|101|1000\n|teamsize|p1|6\n|teamsize|p2|6\n|gen|9\n|tier|[Gen 9] Anything Goes\n|rated|\n|rule|HP Percentage Mod: HP is shown in percentages\n|rule|Endless Battle Clause: Forcing endless battles is banned\n|clearpoke\n|poke|p1|Forretress, L1, M|\n|poke|p1|Klefki, F|\n|poke|p1|Chandelure, M|\n|poke|p1|Polteageist-Antique|\n|poke|p1|Ditto|\n|poke|p1|Lechonk, M|\n|poke|p2|Baxcalibur, M|\n|poke|p2|Ninetales-Alola, M|\n|poke|p2|Jirachi|\n|poke|p2|Skeledirge, M|\n|poke|p2|Iron Jugulis|\n|poke|p2|Dondozo, F|\n|teampreview\n|\n|t:|1700086773\n|start\n|switch|p1a: Sheldon|Forretress, L1, M|100\/100\n|switch|p2a: Jirachi|Jirachi|100\/100\n|turn|1\n|inactive|Battle timer is ON: inactive players will automatically lose when time's up. (requested by The_Spu)\n|\n|t:|1700086784\n|move|p2a: Jirachi|Trick|p1a: Sheldon\n|-activate|p2a: Jirachi|move: Trick|[of] p1a: Sheldon\n|-item|p1a: Sheldon|Choice Scarf|[from] move: Trick\n|-item|p2a: Jirachi|Red Card|[from] move: Trick\n|move|p1a: Sheldon|Toxic Spikes|p2a: Jirachi\n|-sidestart|p2: geesegoose|move: Toxic Spikes\n|\n|upkeep\n|turn|2\n|\n|t:|1700086799\n|move|p2a: Jirachi|U-turn|p1a: Sheldon\n|-resisted|p1a: Sheldon\n|-ability|p1a: Sheldon|Sturdy\n|-damage|p1a: Sheldon|9\/100\n|\n|t:|1700086807\n|switch|p2a: Skeledirge|Skeledirge, M|100\/100|[from] U-turn\n|move|p1a: Sheldon|Toxic Spikes|p2a: Skeledirge\n|-sidestart|p2: geesegoose|move: Toxic Spikes\n|\n|upkeep\n|turn|3\n|\n|t:|1700086814\n|switch|p1a: Jangle|Chandelure, M|100\/100\n|move|p2a: Skeledirge|Torch Song|p1a: Jangle\n|-start|p1a: Jangle|ability: Flash Fire\n|\n|upkeep\n|turn|4\n|\n|t:|1700086820\n|move|p1a: Jangle|Substitute|p1a: Jangle\n|-start|p1a: Jangle|Substitute\n|-damage|p1a: Jangle|76\/100\n|move|p2a: Skeledirge|Earth Power|p1a: Jangle\n|-supereffective|p1a: Jangle\n|-end|p1a: Jangle|Substitute\n|\n|-heal|p1a: Jangle|82\/100|[from] item: Leftovers\n|upkeep\n|turn|5\n|\n|t:|1700086828\n|-end|p1a: Jangle|ability: Flash Fire|[silent]\n|switch|p1a: Sussy Baka|Ditto, shiny|100\/100\n|-transform|p1a: Sussy Baka|p2a: Skeledirge|[from] ability: Imposter\n|move|p2a: Skeledirge|Shadow Ball|p1a: Sussy Baka\n|-supereffective|p1a: Sussy Baka\n|-damage|p1a: Sussy Baka|36\/100\n|-unboost|p1a: Sussy Baka|spd|1\n|\n|upkeep\n|turn|6\n|\n|t:|1700086847\n|move|p1a: Sussy Baka|Earth Power|p2a: Skeledirge\n|-supereffective|p2a: Skeledirge\n|-damage|p2a: Skeledirge|66\/100\n|move|p2a: Skeledirge|Shadow Ball|p1a: Sussy Baka\n|-supereffective|p1a: Sussy Baka\n|-damage|p1a: Sussy Baka|0 fnt\n|faint|p1a: Sussy Baka\n|\n|upkeep\n|-message|The_Spu forfeited.\n|\n|win|geesegoose\n|raw|The_Spu's rating: 1078 &rarr; <strong>1052<\/strong><br \/>(-26 for losing)\n|raw|geesegoose's rating: 1000 &rarr; <strong>1049<\/strong><br \/>(+49 for winning)\n|l|\u2606The_Spu\n","uploadtime":1700086859,"views":13,"p1id":"thespu","p2id":"geesegoose","formatid":"gen9anythinggoes","rating":1049,"private":0,"password":""}