{"id":"gen9anythinggoes-1980311152","p1":"Shockishi","p2":"Kalos Baroness","format":"[Gen 9] Anything Goes","log":"|j|\u2606Shockishi\n|j|\u2606Kalos Baroness\n|t:|1698774358\n|gametype|singles\n|player|p1|Shockishi|265|1415\n|player|p2|Kalos Baroness|evelyn|1502\n|teamsize|p1|6\n|teamsize|p2|6\n|gen|9\n|tier|[Gen 9] Anything Goes\n|rated|\n|rule|HP Percentage Mod: HP is shown in percentages\n|rule|Endless Battle Clause: Forcing endless battles is banned\n|clearpoke\n|poke|p1|Dragapult, F|\n|poke|p1|Calyrex-Shadow|\n|poke|p1|Koraidon|\n|poke|p1|Kingambit, F|\n|poke|p1|Ceruledge, F|\n|poke|p1|Maushold-Four|\n|poke|p2|Ditto|\n|poke|p2|Wooper-Paldea, M|\n|poke|p2|Clodsire, M|\n|poke|p2|Arceus|\n|poke|p2|Eternatus|\n|poke|p2|Calyrex-Shadow|\n|teampreview\n|inactive|Battle timer is ON: inactive players will automatically lose when time's up. (requested by Kalos Baroness)\n|\n|t:|1698774376\n|start\n|switch|p1a: Maushold|Maushold-Four|100\/100\n|switch|p2a: Gooper|Wooper-Paldea, M, shiny|100\/100\n|turn|1\n|\n|t:|1698774394\n|move|p1a: Maushold|Population Bomb|p2a: Gooper\n|-damage|p2a: Gooper|88\/100\n|-damage|p2a: Gooper|75\/100\n|-damage|p2a: Gooper|62\/100\n|-damage|p2a: Gooper|49\/100\n|-hitcount|p2a: Gooper|4\n|move|p2a: Gooper|Yawn|p1a: Maushold\n|-start|p1a: Maushold|move: Yawn|[of] p2a: Gooper\n|\n|upkeep\n|turn|2\n|\n|t:|1698774407\n|move|p1a: Maushold|Population Bomb|p2a: Gooper\n|-damage|p2a: Gooper|35\/100\n|-damage|p2a: Gooper|21\/100\n|-damage|p2a: Gooper|8\/100\n|-damage|p2a: Gooper|0 fnt\n|faint|p2a: Gooper\n|-hitcount|p2: Gooper|4\n|\n|-end|p1a: Maushold|move: Yawn|[silent]\n|-status|p1a: Maushold|slp\n|upkeep\n|\n|t:|1698774416\n|switch|p2a: Clod|Clodsire, M, shiny|100\/100\n|turn|3\n|\n|t:|1698774434\n|cant|p1a: Maushold|slp\n|move|p2a: Clod|Stealth Rock|p1a: Maushold\n|-sidestart|p1: Shockishi|move: Stealth Rock\n|\n|upkeep\n|turn|4\n|\n|t:|1698774440\n|switch|p1a: The Horseman|Calyrex-Shadow|100\/100\n|-ability|p1a: The Horseman|As One\n|-ability|p1a: The Horseman|Unnerve\n|-damage|p1a: The Horseman|88\/100|[from] Stealth Rock\n|move|p2a: Clod|Earthquake|p1a: The Horseman\n|-damage|p1a: The Horseman|56\/100\n|\n|upkeep\n|turn|5\n|\n|t:|1698774449\n|move|p1a: The Horseman|Astral Barrage|p2a: Clod\n|-damage|p2a: Clod|35\/100\n|move|p2a: Clod|Yawn|p1a: The Horseman\n|-start|p1a: The Horseman|move: Yawn|[of] p2a: Clod\n|\n|-heal|p2a: Clod|41\/100|[from] item: Leftovers\n|upkeep\n|turn|6\n|\n|t:|1698774458\n|switch|p2a: God|Arceus, shiny|100\/100\n|move|p1a: The Horseman|Astral Barrage|p2a: God\n|-immune|p2a: God\n|\n|-end|p1a: The Horseman|move: Yawn|[silent]\n|-status|p1a: The Horseman|slp\n|upkeep\n|turn|7\n|\n|t:|1698774484\n|-terastallize|p1a: The Horseman|Normal\n|cant|p1a: The Horseman|slp\n|move|p2a: God|Roar|p1a: The Horseman\n|drag|p1a: The Chess Master|Kingambit, F, shiny|100\/100\n|-damage|p1a: The Chess Master|94\/100|[from] Stealth Rock\n|\n|upkeep\n|turn|8\n|\n|t:|1698774496\n|move|p2a: God|Perish Song|p2a: God\n|-start|p1a: The Chess Master|perish3|[silent]\n|-start|p2a: God|perish3|[silent]\n|-fieldactivate|move: Perish Song\n|move|p1a: The Chess Master|Kowtow Cleave|p2a: God\n|-damage|p2a: God|71\/100\n|\n|-heal|p2a: God|78\/100|[from] item: Leftovers\n|-start|p2a: God|perish3\n|-start|p1a: The Chess Master|perish3\n|upkeep\n|turn|9\n|\n|t:|1698774507\n|switch|p2a: Blue|Ditto, shiny|100\/100\n|-transform|p2a: Blue|p1a: The Chess Master|[from] ability: Imposter\n|-activate|p2a: Blue|ability: Supreme Overlord\n|-start|p2a: Blue|fallen1|[silent]\n|-end|p1a: The Chess Master|fallenundefined|[silent]\n|switch|p1a: Maushold|Maushold-Four|100\/100 slp\n|-damage|p1a: Maushold|88\/100 slp|[from] Stealth Rock\n|\n|upkeep\n|turn|10\n|\n|t:|1698774533\n|cant|p1a: Maushold|slp\n|move|p2a: Blue|Kowtow Cleave|p1a: Maushold\n|-damage|p1a: Maushold|0 fnt\n|faint|p1a: Maushold\n|\n|upkeep\n|\n|t:|1698774542\n|switch|p1a: The Origin|Koraidon|100\/100\n|-damage|p1a: The Origin|94\/100|[from] Stealth Rock\n|-weather|SunnyDay|[from] ability: Orichalcum Pulse|[of] p1a: The Origin\n|-activate|p1a: The Origin|Orichalcum Pulse|[source]\n|turn|11\n|\n|t:|1698774552\n|-end|p2a: Blue|fallen1|[silent]\n|switch|p2a: Clod|Clodsire, M, shiny|41\/100\n|move|p1a: The Origin|Scale Shot|p2a: Clod|[miss]\n|-miss|p1a: The Origin|p2a: Clod\n|\n|-weather|SunnyDay|[upkeep]\n|-heal|p2a: Clod|47\/100|[from] item: Leftovers\n|upkeep\n|turn|12\n|\n|t:|1698774561\n|move|p1a: The Origin|Collision Course|p2a: Clod\n|-resisted|p2a: Clod\n|-damage|p2a: Clod|20\/100\n|move|p2a: Clod|Recover|p2a: Clod\n|-heal|p2a: Clod|70\/100\n|\n|-weather|SunnyDay|[upkeep]\n|-heal|p2a: Clod|76\/100|[from] item: Leftovers\n|upkeep\n|turn|13\n|\n|t:|1698774575\n|move|p1a: The Origin|Scale Shot|p2a: Clod\n|-damage|p2a: Clod|64\/100\n|-damage|p2a: Clod|52\/100\n|-damage|p2a: Clod|39\/100\n|-damage|p2a: Clod|26\/100\n|-damage|p2a: Clod|13\/100\n|-hitcount|p2a: Clod|5\n|-unboost|p1a: The Origin|def|1\n|-boost|p1a: The Origin|spe|1\n|move|p2a: Clod|Yawn|p1a: The Origin\n|-start|p1a: The Origin|move: Yawn|[of] p2a: Clod\n|\n|-weather|SunnyDay|[upkeep]\n|-heal|p2a: Clod|20\/100|[from] item: Leftovers\n|upkeep\n|turn|14\n|\n|t:|1698774589\n|move|p1a: The Origin|Iron Head|p2a: Clod\n|-damage|p2a: Clod|0 fnt\n|faint|p2a: Clod\n|\n|-weather|SunnyDay|[upkeep]\n|-end|p1a: The Origin|move: Yawn|[silent]\n|-status|p1a: The Origin|slp\n|upkeep\n|\n|t:|1698774597\n|switch|p2a: Le Grapin|Eternatus, shiny|100\/100\n|-ability|p2a: Le Grapin|Pressure\n|turn|15\n|\n|t:|1698774603\n|cant|p1a: The Origin|slp\n|move|p2a: Le Grapin|Dynamax Cannon|p1a: The Origin\n|-supereffective|p1a: The Origin\n|-damage|p1a: The Origin|0 fnt\n|faint|p1a: The Origin\n|\n|-weather|none\n|upkeep\n|inactive|Shockishi has 120 seconds left.\n|\n|t:|1698774663\n|switch|p1a: The Warrior|Ceruledge, F, shiny|100\/100\n|-damage|p1a: The Warrior|76\/100|[from] Stealth Rock\n|turn|16\n|\n|t:|1698774688\n|move|p1a: The Warrior|Shadow Sneak|p2a: Le Grapin\n|-damage|p2a: Le Grapin|85\/100\n|move|p2a: Le Grapin|Dynamax Cannon|p1a: The Warrior\n|-damage|p1a: The Warrior|7\/100\n|\n|-heal|p2a: Le Grapin|91\/100|[from] item: Leftovers\n|upkeep\n|turn|17\n|\n|t:|1698774697\n|move|p2a: Le Grapin|Sludge Bomb|p1a: The Warrior\n|-resisted|p1a: The Warrior\n|-damage|p1a: The Warrior|0 fnt\n|faint|p1a: The Warrior\n|\n|-heal|p2a: Le Grapin|97\/100|[from] item: Leftovers\n|upkeep\n|\n|t:|1698774705\n|switch|p1a: The Horseman|Calyrex-Shadow, tera:Normal|56\/100 slp\n|-ability|p1a: The Horseman|As One\n|-ability|p1a: The Horseman|Unnerve\n|-damage|p1a: The Horseman|44\/100 slp|[from] Stealth Rock\n|turn|18\n|\n|t:|1698774716\n|cant|p1a: The Horseman|slp\n|move|p2a: Le Grapin|Dynamax Cannon|p1a: The Horseman\n|-damage|p1a: The Horseman|0 fnt\n|faint|p1a: The Horseman\n|\n|-heal|p2a: Le Grapin|100\/100|[from] item: Leftovers\n|upkeep\n|\n|t:|1698774719\n|switch|p1a: The Wanderer|Dragapult, F, shiny|100\/100\n|-damage|p1a: The Wanderer|88\/100|[from] Stealth Rock\n|turn|19\n|\n|t:|1698774731\n|move|p2a: Le Grapin|Dynamax Cannon|p1a: The Wanderer\n|-supereffective|p1a: The Wanderer\n|-damage|p1a: The Wanderer|0 fnt\n|faint|p1a: The Wanderer\n|\n|upkeep\n|inactive|Shockishi has 120 seconds left.\n|\n|t:|1698774741\n|switch|p1a: The Chess Master|Kingambit, F, shiny|94\/100\n|-damage|p1a: The Chess Master|88\/100|[from] Stealth Rock\n|-activate|p1a: The Chess Master|ability: Supreme Overlord\n|-start|p1a: The Chess Master|fallen5|[silent]\n|turn|20\n|\n|t:|1698774747\n|-terastallize|p2a: Le Grapin|Fairy\n|move|p2a: Le Grapin|Flamethrower|p1a: The Chess Master\n|-supereffective|p1a: The Chess Master\n|-damage|p1a: The Chess Master|24\/100\n|-status|p1a: The Chess Master|brn\n|move|p1a: The Chess Master|Swords Dance|p1a: The Chess Master\n|-boost|p1a: The Chess Master|atk|2\n|\n|-damage|p1a: The Chess Master|18\/100 brn|[from] brn\n|upkeep\n|turn|21\n|\n|t:|1698774757\n|move|p1a: The Chess Master|Sucker Punch|p2a: Le Grapin\n|-resisted|p2a: Le Grapin\n|-damage|p2a: Le Grapin|73\/100\n|move|p2a: Le Grapin|Flamethrower|p1a: The Chess Master\n|-supereffective|p1a: The Chess Master\n|-damage|p1a: The Chess Master|0 fnt\n|faint|p1a: The Chess Master\n|-end|p1a: The Chess Master|fallen5|[silent]\n|\n|win|Kalos Baroness\n|raw|Shockishi's rating: 1415 &rarr; <strong>1400<\/strong><br \/>(-15 for losing)\n|raw|Kalos Baroness's rating: 1502 &rarr; <strong>1517<\/strong><br \/>(+15 for winning)\n|l|\u2606Shockishi\n","uploadtime":1698774768,"views":9,"p1id":"shockishi","p2id":"kalosbaroness","formatid":"gen9anythinggoes","rating":1400,"private":0,"password":""}