{"id":"gen9anythinggoes-1979035205","p1":"sadnipple27","p2":"smith1234","format":"[Gen 9] Anything Goes","log":"|j|\u2606sadnipple27\n|j|\u2606smith1234\n|t:|1698623901\n|gametype|singles\n|player|p1|sadnipple27|169|1000\n|player|p2|smith1234|marshal|1009\n|teamsize|p1|6\n|teamsize|p2|6\n|gen|9\n|tier|[Gen 9] Anything Goes\n|rated|\n|rule|HP Percentage Mod: HP is shown in percentages\n|rule|Endless Battle Clause: Forcing endless battles is banned\n|clearpoke\n|poke|p1|Gulpin, M|\n|poke|p1|Gulpin, F|\n|poke|p1|Gulpin, F|\n|poke|p1|Gulpin, F|\n|poke|p1|Gulpin, M|\n|poke|p1|Gulpin, M|\n|poke|p2|Politoed, M|\n|poke|p2|Arcanine, M|\n|poke|p2|Orthworm, M|\n|poke|p2|Gogoat, M|\n|poke|p2|Kilowattrel, M|\n|poke|p2|Weezing-Galar, M|\n|teampreview\n|inactive|Battle timer is ON: inactive players will automatically lose when time's up. (requested by smith1234)\n|\n|t:|1698623906\n|start\n|switch|p1a: insert joke here|Gulpin, M|100\/100\n|switch|p2a: Orthworm|Orthworm, M|100\/100\n|turn|1\n|c|\u2606sadnipple27|great\n|c|\u2606sadnipple27|you picked the worm\n|\n|t:|1698623922\n|move|p2a: Orthworm|Earthquake|p1a: insert joke here\n|-supereffective|p1a: insert joke here\n|-crit|p1a: insert joke here\n|-damage|p1a: insert joke here|0 fnt\n|faint|p1a: insert joke here\n|\n|upkeep\n|\n|t:|1698623927\n|switch|p1a: insert joke here|Gulpin, F|100\/100\n|turn|2\n|\n|t:|1698623933\n|move|p2a: Orthworm|Earthquake|p1a: insert joke here\n|-supereffective|p1a: insert joke here\n|-damage|p1a: insert joke here|9\/100\n|move|p1a: insert joke here|Swallow||[still]\n|-fail|p1a: insert joke here\n|\n|upkeep\n|turn|3\n|c|\u2606sadnipple27|use swallow!1!\n|c|\u2606sadnipple27|oh\n|\n|t:|1698623940\n|move|p2a: Orthworm|Earthquake|p1a: insert joke here\n|-supereffective|p1a: insert joke here\n|-damage|p1a: insert joke here|0 fnt\n|faint|p1a: insert joke here\n|\n|upkeep\n|c|\u2606sadnipple27|yeahhh you really swallowed that worm\n|\n|t:|1698623948\n|switch|p1a: insert joke here|Gulpin, F|100\/100\n|turn|4\n|\n|t:|1698623958\n|move|p2a: Orthworm|Earthquake|p1a: insert joke here\n|-supereffective|p1a: insert joke here\n|-damage|p1a: insert joke here|17\/100\n|move|p1a: insert joke here|Swallow||[still]\n|-fail|p1a: insert joke here\n|\n|upkeep\n|turn|5\n|-activate|p2a: Orthworm|item: Quick Claw\n|\n|t:|1698623965\n|move|p2a: Orthworm|Earthquake|p1a: insert joke here\n|-supereffective|p1a: insert joke here\n|-damage|p1a: insert joke here|0 fnt\n|faint|p1a: insert joke here\n|\n|upkeep\n|c|\u2606sadnipple27|yeahhhhh\n|\n|t:|1698623971\n|switch|p1a: insert joke here|Gulpin, F|100\/100\n|turn|6\n|\n|t:|1698623984\n|move|p2a: Orthworm|Earthquake|p1a: insert joke here\n|-supereffective|p1a: insert joke here\n|-damage|p1a: insert joke here|15\/100\n|move|p1a: insert joke here|Swallow||[still]\n|-fail|p1a: insert joke here\n|\n|upkeep\n|turn|7\n|\n|t:|1698623992\n|move|p2a: Orthworm|Earthquake|p1a: insert joke here\n|-supereffective|p1a: insert joke here\n|-damage|p1a: insert joke here|0 fnt\n|faint|p1a: insert joke here\n|\n|upkeep\n|c|\u2606sadnipple27|im gonna shoot your worm with my gunk\n|\n|t:|1698624002\n|switch|p1a: insert joke here|Gulpin, M|100\/100\n|turn|8\n|\n|t:|1698624006\n|move|p2a: Orthworm|Earthquake|p1a: insert joke here\n|-supereffective|p1a: insert joke here\n|-damage|p1a: insert joke here|7\/100\n|move|p1a: insert joke here|Gunk Shot|p2a: Orthworm\n|-immune|p2a: Orthworm\n|\n|upkeep\n|turn|9\n|c|\u2606sadnipple27|haha\n|\n|t:|1698624014\n|move|p2a: Orthworm|Earthquake|p1a: insert joke here\n|-supereffective|p1a: insert joke here\n|-damage|p1a: insert joke here|0 fnt\n|faint|p1a: insert joke here\n|\n|upkeep\n|c|\u2606sadnipple27|get gunk'd\n|\n|t:|1698624020\n|switch|p1a: insert joke here|Gulpin, M|100\/100\n|turn|10\n|\n|t:|1698624028\n|move|p2a: Orthworm|Earthquake|p1a: insert joke here\n|-supereffective|p1a: insert joke here\n|-damage|p1a: insert joke here|14\/100\n|move|p1a: insert joke here|Seed Bomb|p2a: Orthworm\n|-resisted|p2a: Orthworm\n|-damage|p2a: Orthworm|96\/100\n|\n|upkeep\n|turn|11\n|c|\u2606sadnipple27|get seed'd\n|\n|t:|1698624036\n|move|p2a: Orthworm|Earthquake|p1a: insert joke here\n|-supereffective|p1a: insert joke here\n|-damage|p1a: insert joke here|0 fnt\n|faint|p1a: insert joke here\n|\n|win|smith1234\n|raw|sadnipple27's rating: 1000 &rarr; <strong>1000<\/strong><br \/>(+0 for losing)\n|raw|smith1234's rating: 1009 &rarr; <strong>1047<\/strong><br \/>(+38 for winning)\n","uploadtime":1698624001,"views":8,"p1id":"sadnipple27","p2id":"smith1234","formatid":"gen9anythinggoes","rating":1000,"private":0,"password":""}