{"id":"gen9anythinggoes-1984310330","p1":"XChuckle762","p2":"ValidJohnSmith","format":"[Gen 9] Anything Goes","log":"|j|\u2606XChuckle762\n|j|\u2606ValidJohnSmith\n|t:|1699242033\n|gametype|singles\n|player|p1|XChuckle762|koga|\n|player|p2|ValidJohnSmith|n|\n|teamsize|p1|6\n|teamsize|p2|6\n|gen|9\n|tier|[Gen 9] Anything Goes\n|rule|HP Percentage Mod: HP is shown in percentages\n|rule|Endless Battle Clause: Forcing endless battles is banned\n|clearpoke\n|poke|p1|Roaring Moon|\n|poke|p1|Goodra-Hisui, M|\n|poke|p1|Zangoose, F|\n|poke|p1|Gardevoir, F|\n|poke|p1|Dragonite, F|\n|poke|p1|Sneasler, M|\n|poke|p2|Great Tusk|\n|poke|p2|Gholdengo|\n|poke|p2|Samurott-Hisui, F|\n|poke|p2|Slowbro-Galar, M|\n|poke|p2|Dudunsparce-*, F|\n|poke|p2|Quagsire, M|\n|teampreview\n|inactive|Battle timer is ON: inactive players will automatically lose when time's up. (requested by XChuckle762)\n|\n|t:|1699242049\n|start\n|switch|p1a: Sneasler|Sneasler, M|100\/100\n|switch|p2a: Samurott|Samurott-Hisui, F|100\/100\n|turn|1\n|\n|t:|1699242062\n|switch|p2a: Slowbro|Slowbro-Galar, M|100\/100\n|move|p1a: Sneasler|Close Combat|p2a: Slowbro\n|-resisted|p2a: Slowbro\n|-damage|p2a: Slowbro|86\/100\n|-unboost|p1a: Sneasler|def|1\n|-unboost|p1a: Sneasler|spd|1\n|\n|upkeep\n|turn|2\n|-activate|p2a: Slowbro|item: Quick Claw\n|\n|t:|1699242071\n|switch|p1a: Goodra|Goodra-Hisui, M|100\/100\n|move|p2a: Slowbro|Psychic|p1a: Goodra\n|-resisted|p1a: Goodra\n|-damage|p1a: Goodra|90\/100\n|\n|upkeep\n|turn|3\n|\n|t:|1699242095\n|switch|p2a: Dudunsparce|Dudunsparce-Three-Segment, F|100\/100\n|move|p1a: Goodra|Dragon Tail|p2a: Dudunsparce\n|-damage|p2a: Dudunsparce|84\/100\n|drag|p2a: Quagsire|Quagsire, M|100\/100\n|\n|upkeep\n|turn|4\n|\n|t:|1699242101\n|move|p2a: Quagsire|Yawn|p1a: Goodra\n|-start|p1a: Goodra|move: Yawn|[of] p2a: Quagsire\n|move|p1a: Goodra|Dragon Tail|p2a: Quagsire\n|-damage|p2a: Quagsire|86\/100\n|-damage|p1a: Goodra|74\/100|[from] item: Rocky Helmet|[of] p2a: Quagsire\n|drag|p2a: Gholdengo|Gholdengo|100\/100\n|\n|upkeep\n|turn|5\n|inactive|ValidJohnSmith has 270 seconds left.\n|\n|t:|1699242138\n|switch|p2a: Samurott|Samurott-Hisui, F|100\/100\n|move|p1a: Goodra|Dragon Tail|p2a: Samurott\n|-damage|p2a: Samurott|75\/100\n|drag|p2a: Slowbro|Slowbro-Galar, M|86\/100\n|\n|-end|p1a: Goodra|move: Yawn|[silent]\n|-status|p1a: Goodra|slp\n|upkeep\n|turn|6\n|inactive|XChuckle762 has 270 seconds left.\n|-activate|p2a: Slowbro|ability: Quick Draw\n|\n|t:|1699242163\n|switch|p1a: Gardevoir|Gardevoir, F|100\/100\n|-ability|p1a: Gardevoir|Quick Draw|[from] ability: Trace|[of] p2a: Slowbro\n|move|p2a: Slowbro|Psychic|p1a: Gardevoir\n|-resisted|p1a: Gardevoir\n|-damage|p1a: Gardevoir|77\/100\n|\n|upkeep\n|turn|7\n|inactive|XChuckle762 has 270 seconds left.\n|\n|t:|1699242175\n|move|p1a: Gardevoir|Trick|p2a: Slowbro\n|-activate|p1a: Gardevoir|move: Trick|[of] p2a: Slowbro\n|-item|p2a: Slowbro|Choice Scarf|[from] move: Trick\n|-item|p1a: Gardevoir|Quick Claw|[from] move: Trick\n|move|p2a: Slowbro|Shell Side Arm|p1a: Gardevoir|[anim] Shell Side Arm Physical\n|-supereffective|p1a: Gardevoir\n|-damage|p1a: Gardevoir|0 fnt\n|-hint|Physical Shell Side Arm\n|faint|p1a: Gardevoir\n|\n|upkeep\n|inactive|XChuckle762 has 270 seconds left.\n|\n|t:|1699242187\n|switch|p1a: Sneasler|Sneasler, M|100\/100\n|turn|8\n|inactive|ValidJohnSmith has 270 seconds left.\n|\n|t:|1699242194\n|move|p1a: Sneasler|Swords Dance|p1a: Sneasler\n|-boost|p1a: Sneasler|atk|2\n|move|p2a: Slowbro|Shell Side Arm|p1a: Sneasler|[anim] Shell Side Arm Special\n|-resisted|p1a: Sneasler\n|-damage|p1a: Sneasler|69\/100\n|-hint|Special Shell Side Arm\n|\n|upkeep\n|turn|9\n|inactive|ValidJohnSmith has 270 seconds left.\n|\n|t:|1699242208\n|move|p1a: Sneasler|Dire Claw|p2a: Slowbro\n|-resisted|p2a: Slowbro\n|-damage|p2a: Slowbro|42\/100\n|move|p2a: Slowbro|Shell Side Arm|p1a: Sneasler|[anim] Shell Side Arm Special\n|-resisted|p1a: Sneasler\n|-damage|p1a: Sneasler|39\/100\n|-hint|Special Shell Side Arm\n|\n|upkeep\n|turn|10\n|\n|t:|1699242215\n|move|p1a: Sneasler|Dire Claw|p2a: Slowbro\n|-resisted|p2a: Slowbro\n|-damage|p2a: Slowbro|4\/100\n|move|p2a: Slowbro|Shell Side Arm|p1a: Sneasler|[anim] Shell Side Arm Special\n|-resisted|p1a: Sneasler\n|-damage|p1a: Sneasler|10\/100\n|-hint|Special Shell Side Arm\n|\n|upkeep\n|turn|11\n|\n|t:|1699242222\n|move|p1a: Sneasler|Dire Claw|p2a: Slowbro\n|-resisted|p2a: Slowbro\n|-damage|p2a: Slowbro|0 fnt\n|faint|p2a: Slowbro\n|\n|upkeep\n|\n|t:|1699242236\n|switch|p2a: Samurott|Samurott-Hisui, F|75\/100\n|turn|12\n|\n|t:|1699242252\n|move|p2a: Samurott|Sucker Punch|p1a: Sneasler\n|-resisted|p1a: Sneasler\n|-damage|p1a: Sneasler|0 fnt\n|faint|p1a: Sneasler\n|\n|upkeep\n|\n|t:|1699242256\n|switch|p1a: Zangoose|Zangoose, F, shiny|100\/100\n|turn|13\n|\n|t:|1699242267\n|move|p1a: Zangoose|Substitute|p1a: Zangoose\n|-start|p1a: Zangoose|Substitute\n|-damage|p1a: Zangoose|75\/100\n|move|p2a: Samurott|Ceaseless Edge|p1a: Zangoose\n|-end|p1a: Zangoose|Substitute\n|-sidestart|p1: XChuckle762|Spikes\n|\n|upkeep\n|turn|14\n|\n|t:|1699242276\n|move|p1a: Zangoose|Substitute|p1a: Zangoose\n|-start|p1a: Zangoose|Substitute\n|-damage|p1a: Zangoose|50\/100\n|move|p2a: Samurott|Ceaseless Edge|p1a: Zangoose|[miss]\n|-miss|p2a: Samurott|p1a: Zangoose\n|\n|upkeep\n|turn|15\n|\n|t:|1699242284\n|move|p1a: Zangoose|Facade|p2a: Samurott\n|-damage|p2a: Samurott|34\/100\n|move|p2a: Samurott|Aqua Cutter|p1a: Zangoose\n|-end|p1a: Zangoose|Substitute\n|\n|upkeep\n|turn|16\n|\n|t:|1699242291\n|move|p1a: Zangoose|Facade|p2a: Samurott\n|-damage|p2a: Samurott|0 fnt\n|faint|p2a: Samurott\n|\n|upkeep\n|\n|t:|1699242317\n|switch|p2a: Gholdengo|Gholdengo|100\/100\n|turn|17\n|\n|t:|1699242337\n|move|p1a: Zangoose|Substitute|p1a: Zangoose\n|-start|p1a: Zangoose|Substitute\n|-damage|p1a: Zangoose|25\/100\n|-enditem|p1a: Zangoose|Salac Berry|[eat]\n|-boost|p1a: Zangoose|spe|1|[from] item: Salac Berry\n|move|p2a: Gholdengo|Trick||[still]\n|-fail|p2a: Gholdengo\n|\n|upkeep\n|turn|18\n|inactive|ValidJohnSmith has 270 seconds left.\n|\n|t:|1699242355\n|switch|p2a: Dudunsparce|Dudunsparce-Three-Segment, F|84\/100\n|move|p1a: Zangoose|Power Trip|p2a: Dudunsparce\n|-damage|p2a: Dudunsparce|73\/100\n|\n|-heal|p2a: Dudunsparce|80\/100|[from] item: Leftovers\n|upkeep\n|turn|19\n|\n|t:|1699242364\n|move|p1a: Zangoose|Facade|p2a: Dudunsparce\n|-damage|p2a: Dudunsparce|53\/100\n|move|p2a: Dudunsparce|Coil|p2a: Dudunsparce\n|-boost|p2a: Dudunsparce|atk|1\n|-boost|p2a: Dudunsparce|def|1\n|-boost|p2a: Dudunsparce|accuracy|1\n|\n|-heal|p2a: Dudunsparce|59\/100|[from] item: Leftovers\n|upkeep\n|turn|20\n|\n|t:|1699242372\n|switch|p1a: Goodra|Goodra-Hisui, M|74\/100 slp\n|-damage|p1a: Goodra|61\/100 slp|[from] Spikes\n|move|p2a: Dudunsparce|Coil|p2a: Dudunsparce\n|-boost|p2a: Dudunsparce|atk|1\n|-boost|p2a: Dudunsparce|def|1\n|-boost|p2a: Dudunsparce|accuracy|1\n|\n|-heal|p2a: Dudunsparce|65\/100|[from] item: Leftovers\n|upkeep\n|turn|21\n|\n|t:|1699242380\n|move|p2a: Dudunsparce|Coil|p2a: Dudunsparce\n|-boost|p2a: Dudunsparce|atk|1\n|-boost|p2a: Dudunsparce|def|1\n|-boost|p2a: Dudunsparce|accuracy|1\n|cant|p1a: Goodra|slp\n|\n|-heal|p2a: Dudunsparce|72\/100|[from] item: Leftovers\n|upkeep\n|turn|22\n|\n|t:|1699242387\n|move|p2a: Dudunsparce|Coil|p2a: Dudunsparce\n|-boost|p2a: Dudunsparce|atk|1\n|-boost|p2a: Dudunsparce|def|1\n|-boost|p2a: Dudunsparce|accuracy|1\n|cant|p1a: Goodra|slp\n|\n|-heal|p2a: Dudunsparce|78\/100|[from] item: Leftovers\n|upkeep\n|turn|23\n|\n|t:|1699242396\n|move|p2a: Dudunsparce|Headbutt|p1a: Goodra\n|-resisted|p1a: Goodra\n|-damage|p1a: Goodra|21\/100 slp\n|-ability|p1a: Goodra|Gooey\n|-unboost|p2a: Dudunsparce|spe|1\n|cant|p1a: Goodra|slp\n|\n|-heal|p2a: Dudunsparce|84\/100|[from] item: Leftovers\n|upkeep\n|turn|24\n|\n|t:|1699242405\n|move|p2a: Dudunsparce|Headbutt|p1a: Goodra\n|-resisted|p1a: Goodra\n|-damage|p1a: Goodra|0 fnt\n|-ability|p1a: Goodra|Gooey\n|-unboost|p2a: Dudunsparce|spe|1\n|faint|p1a: Goodra\n|\n|-heal|p2a: Dudunsparce|90\/100|[from] item: Leftovers\n|upkeep\n|\n|t:|1699242410\n|switch|p1a: Zangoose|Zangoose, F, shiny|25\/100\n|-damage|p1a: Zangoose|13\/100|[from] Spikes\n|turn|25\n|\n|t:|1699242415\n|move|p1a: Zangoose|Facade|p2a: Dudunsparce\n|-damage|p2a: Dudunsparce|81\/100\n|move|p2a: Dudunsparce|Headbutt|p1a: Zangoose\n|-damage|p1a: Zangoose|0 fnt\n|faint|p1a: Zangoose\n|\n|-heal|p2a: Dudunsparce|88\/100|[from] item: Leftovers\n|upkeep\n|\n|t:|1699242419\n|switch|p1a: Dragonite|Dragonite, F|100\/100\n|turn|26\n|\n|t:|1699242444\n|move|p1a: Dragonite|Outrage|p2a: Dudunsparce\n|-damage|p2a: Dudunsparce|68\/100\n|move|p2a: Dudunsparce|Glare|p1a: Dragonite\n|-status|p1a: Dragonite|par\n|\n|-heal|p2a: Dudunsparce|74\/100|[from] item: Leftovers\n|upkeep\n|turn|27\n|j| BillTheThrill42\n|\n|t:|1699242455\n|move|p1a: Dragonite|Outrage|p2a: Dudunsparce|[from]lockedmove\n|-damage|p2a: Dudunsparce|56\/100\n|move|p2a: Dudunsparce|Headbutt|p1a: Dragonite\n|-damage|p1a: Dragonite|52\/100 par\n|\n|-heal|p2a: Dudunsparce|62\/100|[from] item: Leftovers\n|upkeep\n|turn|28\n|\n|t:|1699242466\n|move|p1a: Dragonite|Outrage|p2a: Dudunsparce|[from]lockedmove\n|-damage|p2a: Dudunsparce|44\/100\n|-start|p1a: Dragonite|confusion|[fatigue]\n|move|p2a: Dudunsparce|Headbutt|p1a: Dragonite\n|-damage|p1a: Dragonite|0 fnt\n|faint|p1a: Dragonite\n|\n|-heal|p2a: Dudunsparce|50\/100|[from] item: Leftovers\n|upkeep\n|\n|t:|1699242473\n|switch|p1a: Roaring Moon|Roaring Moon|100\/100\n|-damage|p1a: Roaring Moon|88\/100|[from] Spikes\n|-enditem|p1a: Roaring Moon|Booster Energy\n|-activate|p1a: Roaring Moon|ability: Protosynthesis|[fromitem]\n|-start|p1a: Roaring Moon|protosynthesisspe\n|turn|29\n|\n|t:|1699242482\n|move|p1a: Roaring Moon|Crunch|p2a: Dudunsparce\n|-damage|p2a: Dudunsparce|38\/100\n|move|p2a: Dudunsparce|Glare|p1a: Roaring Moon\n|-status|p1a: Roaring Moon|par\n|\n|-heal|p2a: Dudunsparce|44\/100|[from] item: Leftovers\n|upkeep\n|turn|30\n|\n|t:|1699242489\n|move|p1a: Roaring Moon|Crunch|p2a: Dudunsparce\n|-damage|p2a: Dudunsparce|33\/100\n|move|p2a: Dudunsparce|Headbutt|p1a: Roaring Moon\n|-damage|p1a: Roaring Moon|0 fnt\n|faint|p1a: Roaring Moon\n|-end|p1a: Roaring Moon|Protosynthesis|[silent]\n|\n|win|ValidJohnSmith\n","uploadtime":1699242497,"views":15,"p1id":"xchuckle762","p2id":"validjohnsmith","formatid":"gen9anythinggoes","rating":0,"private":0,"password":""}