{"id":"gen9anythinggoes-1980166600","p1":"Ghall u","p2":"Lucasoduncu","format":"[Gen 9] Anything Goes","log":"|j|\u2606Ghall u\n|j|\u2606Lucasoduncu\n|t:|1698763080\n|gametype|singles\n|player|p1|Ghall u|265|1135\n|player|p2|Lucasoduncu|cameraman|1099\n|teamsize|p1|6\n|teamsize|p2|6\n|gen|9\n|tier|[Gen 9] Anything Goes\n|rated|\n|rule|HP Percentage Mod: HP is shown in percentages\n|rule|Endless Battle Clause: Forcing endless battles is banned\n|clearpoke\n|poke|p1|Rillaboom, F|\n|poke|p1|Iron Treads|\n|poke|p1|Annihilape, M|\n|poke|p1|Garchomp, M|\n|poke|p1|Palafin, M|\n|poke|p1|Flutter Mane|\n|poke|p2|Lucario, M|\n|poke|p2|Tinkaton, F|\n|poke|p2|Copperajah, F|\n|poke|p2|Corviknight, M|\n|poke|p2|Sandslash-Alola, F|\n|poke|p2|Orthworm, M|\n|teampreview\n|c|\u2606Ghall u|Hi\n|\n|t:|1698763090\n|start\n|switch|p1a: Iron Treads|Iron Treads|100\/100\n|switch|p2a: Sandslash|Sandslash-Alola, F, shiny|100\/100\n|turn|1\n|\n|t:|1698763099\n|move|p1a: Iron Treads|Earthquake|p2a: Sandslash\n|-supereffective|p2a: Sandslash\n|-damage|p2a: Sandslash|2\/100\n|-enditem|p2a: Sandslash|Petaya Berry|[eat]\n|-boost|p2a: Sandslash|spa|1|[from] item: Petaya Berry\n|move|p2a: Sandslash|Snowscape|p2a: Sandslash\n|-weather|Snow\n|\n|-weather|Snow|[upkeep]\n|upkeep\n|turn|2\n|\n|t:|1698763111\n|move|p2a: Sandslash|Steel Beam|p1a: Iron Treads\n|-resisted|p1a: Iron Treads\n|-damage|p1a: Iron Treads|71\/100\n|-damage|p2a: Sandslash|0 fnt|[from] steelbeam\n|faint|p2a: Sandslash\n|move|p1a: Iron Treads|Ice Spinner|p2: Sandslash|[notarget]\n|-fail|p1a: Iron Treads\n|\n|-weather|Snow|[upkeep]\n|upkeep\n|\n|t:|1698763119\n|switch|p2a: Tinkaton|Tinkaton, F, shiny|100\/100\n|-ability|p2a: Tinkaton|Mold Breaker\n|turn|3\n|\n|t:|1698763122\n|move|p2a: Tinkaton|Stealth Rock|p1a: Iron Treads\n|-sidestart|p1: Ghall u|move: Stealth Rock\n|move|p1a: Iron Treads|Earthquake|p2a: Tinkaton\n|-supereffective|p2a: Tinkaton\n|-damage|p2a: Tinkaton|0 fnt\n|faint|p2a: Tinkaton\n|\n|-weather|Snow|[upkeep]\n|upkeep\n|\n|t:|1698763131\n|switch|p2a: Lucario|Lucario, M, shiny|100\/100\n|turn|4\n|\n|t:|1698763138\n|move|p2a: Lucario|Stone Edge|p1a: Iron Treads\n|-resisted|p1a: Iron Treads\n|-damage|p1a: Iron Treads|63\/100\n|move|p1a: Iron Treads|Earthquake|p2a: Lucario\n|-supereffective|p2a: Lucario\n|-damage|p2a: Lucario|0 fnt\n|faint|p2a: Lucario\n|\n|-weather|Snow|[upkeep]\n|upkeep\n|\n|t:|1698763141\n|switch|p2a: Orthworm|Orthworm, M, shiny|100\/100\n|turn|5\n|\n|t:|1698763150\n|move|p1a: Iron Treads|Earthquake|p2a: Orthworm\n|-immune|p2a: Orthworm|[from] ability: Earth Eater\n|move|p2a: Orthworm|Shed Tail|p2a: Orthworm\n|-start|p2a: Orthworm|Substitute|[from] move: Shed Tail\n|-damage|p2a: Orthworm|50\/100\n|\n|t:|1698763155\n|switch|p2a: Saltynight|Corviknight, M, shiny|100\/100|[from] Shed Tail\n|-ability|p2a: Saltynight|Pressure\n|\n|-weather|none\n|upkeep\n|turn|6\n|inactive|Battle timer is ON: inactive players will automatically lose when time's up. (requested by Lucasoduncu)\n|\n|t:|1698763159\n|move|p1a: Iron Treads|Ice Spinner|p2a: Saltynight\n|-end|p2a: Saltynight|Substitute\n|move|p2a: Saltynight|Bulk Up|p2a: Saltynight\n|-boost|p2a: Saltynight|atk|1\n|-boost|p2a: Saltynight|def|1\n|\n|upkeep\n|turn|7\n|\n|t:|1698763165\n|move|p1a: Iron Treads|Ice Spinner|p2a: Saltynight\n|-damage|p2a: Saltynight|86\/100\n|move|p2a: Saltynight|Peck|p1a: Iron Treads\n|-resisted|p1a: Iron Treads\n|-damage|p1a: Iron Treads|57\/100\n|\n|-heal|p2a: Saltynight|92\/100|[from] item: Leftovers\n|upkeep\n|turn|8\n|\n|t:|1698763171\n|move|p1a: Iron Treads|Volt Switch|p2a: Saltynight\n|-supereffective|p2a: Saltynight\n|-damage|p2a: Saltynight|76\/100\n|\n|t:|1698763183\n|-end|p1a: Iron Treads|Quark Drive|[silent]\n|switch|p1a: Garchomp|Garchomp, M|100\/100|[from] Volt Switch\n|-damage|p1a: Garchomp|94\/100|[from] Stealth Rock\n|move|p2a: Saltynight|Bulk Up|p2a: Saltynight\n|-boost|p2a: Saltynight|atk|1\n|-boost|p2a: Saltynight|def|1\n|\n|-heal|p2a: Saltynight|82\/100|[from] item: Leftovers\n|upkeep\n|turn|9\n|\n|t:|1698763188\n|move|p1a: Garchomp|Flamethrower|p2a: Saltynight\n|-supereffective|p2a: Saltynight\n|-damage|p2a: Saltynight|59\/100\n|move|p2a: Saltynight|Peck|p1a: Garchomp\n|-damage|p1a: Garchomp|72\/100\n|-damage|p2a: Saltynight|46\/100|[from] ability: Rough Skin|[of] p1a: Garchomp\n|\n|-heal|p2a: Saltynight|53\/100|[from] item: Leftovers\n|upkeep\n|turn|10\n|\n|t:|1698763193\n|move|p1a: Garchomp|Flamethrower|p2a: Saltynight\n|-supereffective|p2a: Saltynight\n|-damage|p2a: Saltynight|30\/100\n|move|p2a: Saltynight|Bulk Up|p2a: Saltynight\n|-boost|p2a: Saltynight|atk|1\n|-boost|p2a: Saltynight|def|1\n|\n|-heal|p2a: Saltynight|36\/100|[from] item: Leftovers\n|upkeep\n|turn|11\n|\n|t:|1698763198\n|move|p1a: Garchomp|Flamethrower|p2a: Saltynight\n|-supereffective|p2a: Saltynight\n|-damage|p2a: Saltynight|11\/100\n|move|p2a: Saltynight|Roost|p2a: Saltynight\n|-heal|p2a: Saltynight|61\/100\n|-singleturn|p2a: Saltynight|move: Roost\n|\n|-heal|p2a: Saltynight|68\/100|[from] item: Leftovers\n|upkeep\n|turn|12\n|\n|t:|1698763203\n|move|p1a: Garchomp|Flamethrower|p2a: Saltynight\n|-supereffective|p2a: Saltynight\n|-damage|p2a: Saltynight|46\/100\n|-status|p2a: Saltynight|brn\n|move|p2a: Saltynight|Bulk Up|p2a: Saltynight\n|-boost|p2a: Saltynight|atk|1\n|-boost|p2a: Saltynight|def|1\n|\n|-heal|p2a: Saltynight|52\/100 brn|[from] item: Leftovers\n|-damage|p2a: Saltynight|46\/100 brn|[from] brn\n|upkeep\n|turn|13\n|\n|t:|1698763206\n|move|p1a: Garchomp|Flamethrower|p2a: Saltynight\n|-supereffective|p2a: Saltynight\n|-damage|p2a: Saltynight|20\/100 brn\n|move|p2a: Saltynight|Roost|p2a: Saltynight\n|-heal|p2a: Saltynight|70\/100 brn\n|-singleturn|p2a: Saltynight|move: Roost\n|\n|-heal|p2a: Saltynight|76\/100 brn|[from] item: Leftovers\n|-damage|p2a: Saltynight|70\/100 brn|[from] brn\n|upkeep\n|turn|14\n|\n|t:|1698763209\n|move|p1a: Garchomp|Flamethrower|p2a: Saltynight\n|-supereffective|p2a: Saltynight\n|-damage|p2a: Saltynight|44\/100 brn\n|move|p2a: Saltynight|Roost|p2a: Saltynight\n|-heal|p2a: Saltynight|94\/100 brn\n|-singleturn|p2a: Saltynight|move: Roost\n|\n|-heal|p2a: Saltynight|100\/100 brn|[from] item: Leftovers\n|-damage|p2a: Saltynight|94\/100 brn|[from] brn\n|upkeep\n|turn|15\n|\n|t:|1698763216\n|-terastallize|p2a: Saltynight|Flying\n|move|p1a: Garchomp|Flamethrower|p2a: Saltynight\n|-damage|p2a: Saltynight|82\/100 brn\n|move|p2a: Saltynight|Bulk Up|p2a: Saltynight\n|-boost|p2a: Saltynight|atk|1\n|-boost|p2a: Saltynight|def|1\n|\n|-heal|p2a: Saltynight|88\/100 brn|[from] item: Leftovers\n|-damage|p2a: Saltynight|82\/100 brn|[from] brn\n|upkeep\n|turn|16\n|\n|t:|1698763226\n|switch|p1a: Iron Treads|Iron Treads|57\/100\n|-damage|p1a: Iron Treads|54\/100|[from] Stealth Rock\n|move|p2a: Saltynight|Peck|p1a: Iron Treads\n|-resisted|p1a: Iron Treads\n|-damage|p1a: Iron Treads|38\/100\n|-enditem|p1a: Iron Treads|Sitrus Berry|[eat]\n|-heal|p1a: Iron Treads|63\/100|[from] item: Sitrus Berry\n|\n|-heal|p2a: Saltynight|88\/100 brn|[from] item: Leftovers\n|-damage|p2a: Saltynight|82\/100 brn|[from] brn\n|upkeep\n|turn|17\n|\n|t:|1698763232\n|move|p1a: Iron Treads|Ice Spinner|p2a: Saltynight\n|-supereffective|p2a: Saltynight\n|-damage|p2a: Saltynight|69\/100 brn\n|move|p2a: Saltynight|Peck|p1a: Iron Treads\n|-resisted|p1a: Iron Treads\n|-damage|p1a: Iron Treads|47\/100\n|\n|-heal|p2a: Saltynight|75\/100 brn|[from] item: Leftovers\n|-damage|p2a: Saltynight|69\/100 brn|[from] brn\n|upkeep\n|turn|18\n|\n|t:|1698763239\n|move|p1a: Iron Treads|Ice Spinner|p2a: Saltynight\n|-supereffective|p2a: Saltynight\n|-damage|p2a: Saltynight|57\/100 brn\n|move|p2a: Saltynight|Peck|p1a: Iron Treads\n|-resisted|p1a: Iron Treads\n|-damage|p1a: Iron Treads|32\/100\n|\n|-heal|p2a: Saltynight|63\/100 brn|[from] item: Leftovers\n|-damage|p2a: Saltynight|57\/100 brn|[from] brn\n|upkeep\n|turn|19\n|\n|t:|1698763242\n|move|p1a: Iron Treads|Volt Switch|p2a: Saltynight\n|-supereffective|p2a: Saltynight\n|-damage|p2a: Saltynight|42\/100 brn\n|\n|t:|1698763249\n|-end|p1a: Iron Treads|Quark Drive|[silent]\n|switch|p1a: Annihilape|Annihilape, M|100\/100|[from] Volt Switch\n|-damage|p1a: Annihilape|94\/100|[from] Stealth Rock\n|move|p2a: Saltynight|Peck|p1a: Annihilape\n|-supereffective|p1a: Annihilape\n|-damage|p1a: Annihilape|2\/100\n|\n|-heal|p2a: Saltynight|48\/100 brn|[from] item: Leftovers\n|-damage|p2a: Saltynight|42\/100 brn|[from] brn\n|upkeep\n|turn|20\n|\n|t:|1698763257\n|move|p1a: Annihilape|Shadow Ball|p2a: Saltynight\n|-damage|p2a: Saltynight|32\/100 brn\n|move|p2a: Saltynight|Roost|p2a: Saltynight\n|-heal|p2a: Saltynight|82\/100 brn\n|-hint|If a Flying Terastallized Pokemon uses Roost, it remains Flying-type.\n|\n|-heal|p2a: Saltynight|88\/100 brn|[from] item: Leftovers\n|-damage|p2a: Saltynight|82\/100 brn|[from] brn\n|upkeep\n|turn|21\n|\n|t:|1698763263\n|move|p1a: Annihilape|Close Combat|p2a: Saltynight\n|-resisted|p2a: Saltynight\n|-damage|p2a: Saltynight|75\/100 brn\n|-unboost|p1a: Annihilape|def|1\n|-unboost|p1a: Annihilape|spd|1\n|move|p2a: Saltynight|Peck|p1a: Annihilape\n|-supereffective|p1a: Annihilape\n|-damage|p1a: Annihilape|0 fnt\n|faint|p1a: Annihilape\n|\n|-heal|p2a: Saltynight|82\/100 brn|[from] item: Leftovers\n|-damage|p2a: Saltynight|75\/100 brn|[from] brn\n|upkeep\n|\n|t:|1698763277\n|switch|p1a: Flutter Mane|Flutter Mane|100\/100\n|-damage|p1a: Flutter Mane|88\/100|[from] Stealth Rock\n|turn|22\n|\n|t:|1698763281\n|move|p1a: Flutter Mane|Moonblast|p2a: Saltynight\n|-damage|p2a: Saltynight|41\/100 brn\n|move|p2a: Saltynight|Peck|p1a: Flutter Mane\n|-damage|p1a: Flutter Mane|0 fnt\n|faint|p1a: Flutter Mane\n|-end|p1a: Flutter Mane|Protosynthesis|[silent]\n|\n|-heal|p2a: Saltynight|48\/100 brn|[from] item: Leftovers\n|-damage|p2a: Saltynight|41\/100 brn|[from] brn\n|upkeep\n|\n|t:|1698763285\n|switch|p1a: Palafin|Palafin, M|100\/100\n|turn|23\n|\n|t:|1698763289\n|detailschange|p1a: Palafin|Palafin-Hero, M\n|switch|p1a: Rillaboom|Rillaboom, F, shiny|100\/100\n|-damage|p1a: Rillaboom|88\/100|[from] Stealth Rock\n|-fieldstart|move: Grassy Terrain|[from] ability: Grassy Surge|[of] p1a: Rillaboom\n|move|p2a: Saltynight|Roost|p2a: Saltynight\n|-heal|p2a: Saltynight|91\/100 brn\n|-hint|If a Flying Terastallized Pokemon uses Roost, it remains Flying-type.\n|\n|-heal|p1a: Rillaboom|94\/100|[from] Grassy Terrain\n|-heal|p2a: Saltynight|98\/100 brn|[from] item: Leftovers\n|-damage|p2a: Saltynight|91\/100 brn|[from] brn\n|upkeep\n|turn|24\n|\n|t:|1698763292\n|move|p1a: Rillaboom|Grassy Glide|p2a: Saltynight\n|-resisted|p2a: Saltynight\n|-damage|p2a: Saltynight|88\/100 brn\n|move|p2a: Saltynight|Bulk Up|p2a: Saltynight\n|-boost|p2a: Saltynight|atk|1\n|-boost|p2a: Saltynight|def|1\n|\n|-heal|p1a: Rillaboom|100\/100|[from] Grassy Terrain\n|-heal|p2a: Saltynight|94\/100 brn|[from] item: Leftovers\n|-damage|p2a: Saltynight|88\/100 brn|[from] brn\n|upkeep\n|turn|25\n|\n|t:|1698763299\n|move|p1a: Rillaboom|Boomburst|p2a: Saltynight\n|-crit|p2a: Saltynight\n|-damage|p2a: Saltynight|68\/100 brn\n|move|p2a: Saltynight|Peck|p1a: Rillaboom\n|-supereffective|p1a: Rillaboom\n|-damage|p1a: Rillaboom|4\/100\n|\n|-heal|p1a: Rillaboom|10\/100|[from] Grassy Terrain\n|-heal|p2a: Saltynight|74\/100 brn|[from] item: Leftovers\n|-damage|p2a: Saltynight|68\/100 brn|[from] brn\n|upkeep\n|turn|26\n|\n|t:|1698763305\n|move|p1a: Rillaboom|Drum Beating|p2a: Saltynight\n|-resisted|p2a: Saltynight\n|-damage|p2a: Saltynight|63\/100 brn\n|-unboost|p2a: Saltynight|spe|1\n|move|p2a: Saltynight|Peck|p1a: Rillaboom\n|-supereffective|p1a: Rillaboom\n|-damage|p1a: Rillaboom|0 fnt\n|faint|p1a: Rillaboom\n|\n|-heal|p2a: Saltynight|69\/100 brn|[from] item: Leftovers\n|-damage|p2a: Saltynight|63\/100 brn|[from] brn\n|upkeep\n|\n|t:|1698763310\n|switch|p1a: Palafin|Palafin-Hero, M|100\/100\n|-activate|p1a: Palafin|ability: Zero to Hero\n|turn|27\n|\n|t:|1698763314\n|move|p1a: Palafin|Jet Punch|p2a: Saltynight\n|-damage|p2a: Saltynight|56\/100 brn\n|move|p2a: Saltynight|Roost|p2a: Saltynight\n|-heal|p2a: Saltynight|100\/100 brn\n|-hint|If a Flying Terastallized Pokemon uses Roost, it remains Flying-type.\n|\n|-damage|p2a: Saltynight|94\/100 brn|[from] brn\n|-fieldend|move: Grassy Terrain\n|upkeep\n|turn|28\n|\n|t:|1698763318\n|move|p1a: Palafin|Liquidation|p2a: Saltynight\n|-damage|p2a: Saltynight|83\/100 brn\n|move|p2a: Saltynight|Peck|p1a: Palafin\n|-damage|p1a: Palafin|48\/100\n|\n|-heal|p2a: Saltynight|89\/100 brn|[from] item: Leftovers\n|-damage|p2a: Saltynight|83\/100 brn|[from] brn\n|upkeep\n|turn|29\n|\n|t:|1698763322\n|move|p1a: Palafin|Boomburst|p2a: Saltynight\n|-damage|p2a: Saltynight|61\/100 brn\n|move|p2a: Saltynight|Peck|p1a: Palafin\n|-damage|p1a: Palafin|1\/100\n|\n|-heal|p2a: Saltynight|68\/100 brn|[from] item: Leftovers\n|-damage|p2a: Saltynight|61\/100 brn|[from] brn\n|upkeep\n|turn|30\n|\n|t:|1698763329\n|move|p1a: Palafin|Boomburst|p2a: Saltynight\n|-damage|p2a: Saltynight|39\/100 brn\n|move|p2a: Saltynight|Peck|p1a: Palafin\n|-damage|p1a: Palafin|0 fnt\n|faint|p1a: Palafin\n|\n|-heal|p2a: Saltynight|46\/100 brn|[from] item: Leftovers\n|-damage|p2a: Saltynight|39\/100 brn|[from] brn\n|upkeep\n|\n|t:|1698763332\n|switch|p1a: Garchomp|Garchomp, M|72\/100\n|-damage|p1a: Garchomp|65\/100|[from] Stealth Rock\n|turn|31\n|\n|t:|1698763339\n|move|p1a: Garchomp|Poison Jab|p2a: Saltynight\n|-damage|p2a: Saltynight|33\/100 brn\n|move|p2a: Saltynight|Roost|p2a: Saltynight\n|-heal|p2a: Saltynight|83\/100 brn\n|-hint|If a Flying Terastallized Pokemon uses Roost, it remains Flying-type.\n|\n|-heal|p2a: Saltynight|90\/100 brn|[from] item: Leftovers\n|-damage|p2a: Saltynight|83\/100 brn|[from] brn\n|upkeep\n|turn|32\n|\n|t:|1698763343\n|move|p1a: Garchomp|Poison Jab|p2a: Saltynight\n|-damage|p2a: Saltynight|77\/100 brn\n|move|p2a: Saltynight|Peck|p1a: Garchomp\n|-damage|p1a: Garchomp|20\/100\n|-damage|p2a: Saltynight|65\/100 brn|[from] ability: Rough Skin|[of] p1a: Garchomp\n|\n|-heal|p2a: Saltynight|71\/100 brn|[from] item: Leftovers\n|-damage|p2a: Saltynight|65\/100 brn|[from] brn\n|upkeep\n|turn|33\n|\n|t:|1698763348\n|-terastallize|p1a: Garchomp|Ghost\n|move|p1a: Garchomp|Poison Jab|p2a: Saltynight\n|-damage|p2a: Saltynight|58\/100 brn\n|move|p2a: Saltynight|Peck|p1a: Garchomp\n|-damage|p1a: Garchomp|0 fnt\n|-damage|p2a: Saltynight|46\/100 brn|[from] ability: Rough Skin|[of] p1a: Garchomp\n|faint|p1a: Garchomp\n|\n|-heal|p2a: Saltynight|52\/100 brn|[from] item: Leftovers\n|-damage|p2a: Saltynight|46\/100 brn|[from] brn\n|upkeep\n|\n|t:|1698763356\n|switch|p1a: Iron Treads|Iron Treads|32\/100\n|-damage|p1a: Iron Treads|29\/100|[from] Stealth Rock\n|turn|34\n|\n|t:|1698763361\n|move|p1a: Iron Treads|Ice Spinner|p2a: Saltynight\n|-supereffective|p2a: Saltynight\n|-damage|p2a: Saltynight|36\/100 brn\n|move|p2a: Saltynight|Roost|p2a: Saltynight\n|-heal|p2a: Saltynight|86\/100 brn\n|-hint|If a Flying Terastallized Pokemon uses Roost, it remains Flying-type.\n|\n|-heal|p2a: Saltynight|92\/100 brn|[from] item: Leftovers\n|-damage|p2a: Saltynight|86\/100 brn|[from] brn\n|upkeep\n|turn|35\n|\n|t:|1698763364\n|move|p1a: Iron Treads|Volt Switch|p2a: Saltynight\n|-supereffective|p2a: Saltynight\n|-damage|p2a: Saltynight|71\/100 brn\n|move|p2a: Saltynight|Peck|p1a: Iron Treads\n|-resisted|p1a: Iron Treads\n|-damage|p1a: Iron Treads|11\/100\n|\n|-heal|p2a: Saltynight|77\/100 brn|[from] item: Leftovers\n|-damage|p2a: Saltynight|71\/100 brn|[from] brn\n|upkeep\n|turn|36\n|c|\u2606Ghall u|Rematch?\n|\n|t:|1698763381\n|move|p1a: Iron Treads|Iron Defense|p1a: Iron Treads\n|-boost|p1a: Iron Treads|def|2\n|move|p2a: Saltynight|Peck|p1a: Iron Treads\n|-resisted|p1a: Iron Treads\n|-damage|p1a: Iron Treads|1\/100\n|\n|-heal|p2a: Saltynight|77\/100 brn|[from] item: Leftovers\n|-damage|p2a: Saltynight|71\/100 brn|[from] brn\n|upkeep\n|turn|37\n|\n|t:|1698763389\n|move|p1a: Iron Treads|Iron Defense|p1a: Iron Treads\n|-boost|p1a: Iron Treads|def|2\n|move|p2a: Saltynight|Peck|p1a: Iron Treads\n|-resisted|p1a: Iron Treads\n|-damage|p1a: Iron Treads|0 fnt\n|faint|p1a: Iron Treads\n|-end|p1a: Iron Treads|Quark Drive|[silent]\n|\n|win|Lucasoduncu\n|raw|Ghall u's rating: 1135 &rarr; <strong>1107<\/strong><br \/>(-28 for losing)\n|raw|Lucasoduncu's rating: 1099 &rarr; <strong>1127<\/strong><br \/>(+28 for winning)\n|c|\u2606Ghall u|Gg\n","uploadtime":1698763397,"views":14,"p1id":"ghallu","p2id":"lucasoduncu","formatid":"gen9anythinggoes","rating":1107,"private":0,"password":""}