{"id":"gen9anythinggoes-1975368757","p1":"Mitschi","p2":"SophiaMagica<3","format":"[Gen 9] Anything Goes","log":"|j|\u2606Mitschi\n|j|\u2606SophiaMagica<3\n|t:|1698184007\n|gametype|singles\n|player|p1|Mitschi|hilda-masters2|\n|player|p2|SophiaMagica<3|hilda-masters3|\n|teamsize|p1|6\n|teamsize|p2|6\n|gen|9\n|tier|[Gen 9] Anything Goes\n|rule|HP Percentage Mod: HP is shown in percentages\n|rule|Endless Battle Clause: Forcing endless battles is banned\n|clearpoke\n|poke|p1|Palafin, F|\n|poke|p1|Dachsbun, M|\n|poke|p1|Masquerain, F|\n|poke|p1|Houndstone, F|\n|poke|p1|Tauros-Paldea-Blaze, M|\n|poke|p1|Iron Treads|\n|poke|p2|Dragapult, M|\n|poke|p2|Umbreon, F|\n|poke|p2|Braviary-Hisui, M|\n|poke|p2|Thwackey, F|\n|poke|p2|Avalugg, F|\n|poke|p2|Arcanine, F|\n|teampreview\n|c|\u2606Mitschi|Dann hf hf :3\n|c|\u2606SophiaMagica<3|Viel Erfolg ^^\n|\n|t:|1698184077\n|start\n|switch|p1a: Tordelfina|Palafin, F|100\/100\n|switch|p2a: Lasarkti|Avalugg, F|100\/100\n|turn|1\n|\n|t:|1698184103\n|detailschange|p1a: Tordelfina|Palafin-Hero, F\n|switch|p1a: Elback|Dachsbun, M|100\/100\n|move|p2a: Lasarkti|Snowscape|p2a: Lasarkti\n|-weather|Snow\n|\n|-weather|Snow|[upkeep]\n|upkeep\n|turn|2\n|\n|t:|1698184137\n|move|p1a: Elback|Yawn|p2a: Lasarkti\n|-start|p2a: Lasarkti|move: Yawn|[of] p1a: Elback\n|move|p2a: Lasarkti|Aurora Veil|p2a: Lasarkti\n|-sidestart|p2: SophiaMagica<3|move: Aurora Veil\n|\n|-weather|Snow|[upkeep]\n|upkeep\n|turn|3\n|\n|t:|1698184266\n|switch|p2a: Stixchim|Thwackey, F|100\/100\n|-fieldstart|move: Grassy Terrain|[from] ability: Grassy Surge|[of] p2a: Stixchim\n|move|p1a: Elback|Baton Pass|p1a: Elback\n|\n|t:|1698184282\n|switch|p1a: Regenmaske|Masquerain, F|100\/100|[from] Baton Pass\n|-ability|p1a: Regenmaske|Intimidate|boost\n|-unboost|p2a: Stixchim|atk|1\n|\n|-weather|Snow|[upkeep]\n|upkeep\n|turn|4\n|\n|t:|1698184366\n|switch|p2a: Aranacht|Umbreon, F|100\/100\n|move|p1a: Regenmaske|Sticky Web|p2a: Aranacht\n|-sidestart|p2: SophiaMagica<3|move: Sticky Web\n|\n|-weather|Snow|[upkeep]\n|upkeep\n|turn|5\n|\n|t:|1698184430\n|switch|p1a: Rostau|Tauros-Paldea-Blaze, M|100\/100\n|-ability|p1a: Rostau|Intimidate|boost\n|-unboost|p2a: Aranacht|atk|1\n|move|p2a: Aranacht|Confuse Ray|p1a: Rostau\n|-start|p1a: Rostau|confusion\n|\n|-weather|none\n|upkeep\n|turn|6\n|\n|t:|1698184584\n|switch|p1a: Elback|Dachsbun, M|100\/100\n|switch|p2a: Kwilwasha|Braviary-Hisui, M|100\/100\n|\n|-sideend|p2: SophiaMagica<3|move: Aurora Veil\n|upkeep\n|turn|7\n|\n|t:|1698184637\n|move|p2a: Kwilwasha|Agility|p2a: Kwilwasha\n|-boost|p2a: Kwilwasha|spe|2\n|move|p1a: Elback|Yawn|p2a: Kwilwasha\n|-start|p2a: Kwilwasha|move: Yawn|[of] p1a: Elback\n|\n|-fieldend|move: Grassy Terrain\n|upkeep\n|turn|8\n|\n|t:|1698184709\n|switch|p2a: Stixchim|Thwackey, F|100\/100\n|-activate|p2a: Stixchim|move: Sticky Web\n|-unboost|p2a: Stixchim|spe|1\n|-fieldstart|move: Grassy Terrain|[from] ability: Grassy Surge|[of] p2a: Stixchim\n|move|p1a: Elback|Baton Pass|p1a: Elback\n|\n|t:|1698184729\n|switch|p1a: Regenmaske|Masquerain, F|100\/100|[from] Baton Pass\n|-ability|p1a: Regenmaske|Intimidate|boost\n|-unboost|p2a: Stixchim|atk|1\n|\n|upkeep\n|turn|9\n|\n|t:|1698184861\n|switch|p2a: Aniark|Arcanine, F|100\/100\n|-activate|p2a: Aniark|move: Sticky Web\n|-unboost|p2a: Aniark|spe|1\n|-ability|p2a: Aniark|Intimidate|boost\n|-unboost|p1a: Regenmaske|atk|1\n|move|p1a: Regenmaske|Air Slash|p2a: Aniark|[miss]\n|-miss|p1a: Regenmaske|p2a: Aniark\n|\n|upkeep\n|turn|10\n|\n|t:|1698184903\n|switch|p1a: Rostau|Tauros-Paldea-Blaze, M|100\/100\n|-ability|p1a: Rostau|Intimidate|boost\n|-unboost|p2a: Aniark|atk|1\n|move|p2a: Aniark|Hyper Voice|p1a: Rostau\n|-damage|p1a: Rostau|42\/100\n|\n|-heal|p1a: Rostau|49\/100|[from] Grassy Terrain\n|upkeep\n|turn|11\n|\n|t:|1698184984\n|move|p1a: Rostau|Close Combat|p2a: Aniark\n|-damage|p2a: Aniark|0 fnt\n|-unboost|p1a: Rostau|def|1\n|-unboost|p1a: Rostau|spd|1\n|faint|p2a: Aniark\n|\n|-heal|p1a: Rostau|55\/100|[from] Grassy Terrain\n|upkeep\n|\n|t:|1698185006\n|switch|p2a: Puldrakata|Dragapult, M|100\/100\n|-activate|p2a: Puldrakata|move: Sticky Web\n|-unboost|p2a: Puldrakata|spe|1\n|turn|12\n|\n|t:|1698185053\n|switch|p1a: Elback|Dachsbun, M|100\/100\n|move|p2a: Puldrakata|U-turn|p1a: Elback\n|-resisted|p1a: Elback\n|-damage|p1a: Elback|92\/100\n|\n|t:|1698185074\n|switch|p2a: Lasarkti|Avalugg, F|100\/100|[from] U-turn\n|\n|-heal|p1a: Elback|98\/100|[from] Grassy Terrain\n|-heal|p1a: Elback|100\/100|[from] item: Leftovers\n|-fieldend|move: Grassy Terrain\n|upkeep\n|turn|13\n|\n|t:|1698185095\n|move|p1a: Elback|Baton Pass|p1a: Elback\n|\n|t:|1698185124\n|switch|p1a: Tordelfina|Palafin-Hero, F|100\/100|[from] Baton Pass\n|-activate|p1a: Tordelfina|ability: Zero to Hero\n|move|p2a: Lasarkti|Rapid Spin|p1a: Tordelfina\n|-crit|p1a: Tordelfina\n|-damage|p1a: Tordelfina|82\/100\n|-boost|p2a: Lasarkti|spe|1\n|-sideend|p2: SophiaMagica<3|Sticky Web|[from] move: Rapid Spin|[of] p2a: Lasarkti\n|\n|upkeep\n|turn|14\n|\n|t:|1698185144\n|move|p1a: Tordelfina|Hydro Pump|p2a: Lasarkti\n|-ability|p2a: Lasarkti|Sturdy\n|-damage|p2a: Lasarkti|1\/100\n|move|p2a: Lasarkti|Snowscape|p2a: Lasarkti\n|-weather|Snow\n|\n|-weather|Snow|[upkeep]\n|upkeep\n|turn|15\n|\n|t:|1698185204\n|switch|p1a: Regenmaske|Masquerain, F|100\/100\n|-ability|p1a: Regenmaske|Intimidate|boost\n|-unboost|p2a: Lasarkti|atk|1\n|switch|p2a: Aranacht|Umbreon, F|100\/100\n|\n|-weather|Snow|[upkeep]\n|upkeep\n|turn|16\n|\n|t:|1698185249\n|move|p1a: Regenmaske|Sticky Web|p2a: Aranacht\n|-sidestart|p2: SophiaMagica<3|move: Sticky Web\n|move|p2a: Aranacht|Yawn|p1a: Regenmaske\n|-start|p1a: Regenmaske|move: Yawn|[of] p2a: Aranacht\n|\n|-weather|Snow|[upkeep]\n|upkeep\n|turn|17\n|\n|t:|1698185281\n|switch|p1a: Rostau|Tauros-Paldea-Blaze, M|55\/100\n|-ability|p1a: Rostau|Intimidate|boost\n|-unboost|p2a: Aranacht|atk|1\n|move|p2a: Aranacht|Wish|p2a: Aranacht\n|\n|-weather|Snow|[upkeep]\n|upkeep\n|turn|18\n|\n|t:|1698185293\n|switch|p2a: Puldrakata|Dragapult, M|100\/100\n|-activate|p2a: Puldrakata|move: Sticky Web\n|-unboost|p2a: Puldrakata|spe|1\n|move|p1a: Rostau|Raging Bull|p2a: Puldrakata\n|-resisted|p2a: Puldrakata\n|-damage|p2a: Puldrakata|52\/100\n|\n|-weather|none\n|-heal|p2a: Puldrakata|100\/100|[from] move: Wish|[wisher] Aranacht\n|upkeep\n|turn|19\n|\n|t:|1698185332\n|move|p1a: Rostau|Raging Bull|p2a: Puldrakata\n|-resisted|p2a: Puldrakata\n|-damage|p2a: Puldrakata|57\/100\n|move|p2a: Puldrakata|Phantom Force||[still]\n|-prepare|p2a: Puldrakata|Phantom Force\n|-enditem|p2a: Puldrakata|Power Herb\n|-anim|p2a: Puldrakata|Phantom Force|p1a: Rostau\n|-damage|p1a: Rostau|1\/100\n|\n|upkeep\n|turn|20\n|c|\u2606SophiaMagica<3|Rly xD\n|c|\u2606Mitschi|2 KP xD\n|\n|t:|1698185397\n|switch|p1a: Elback|Dachsbun, M|100\/100\n|move|p2a: Puldrakata|U-turn|p1a: Elback\n|-resisted|p1a: Elback\n|-damage|p1a: Elback|93\/100\n|\n|t:|1698185421\n|switch|p2a: Kwilwasha|Braviary-Hisui, M|100\/100|[from] U-turn\n|\n|-heal|p1a: Elback|99\/100|[from] item: Leftovers\n|upkeep\n|turn|21\n|\n|t:|1698185435\n|move|p2a: Kwilwasha|Esper Wing|p1a: Elback\n|-damage|p1a: Elback|16\/100\n|move|p1a: Elback|Yawn|p2a: Kwilwasha\n|-start|p2a: Kwilwasha|move: Yawn|[of] p1a: Elback\n|\n|-heal|p1a: Elback|22\/100|[from] item: Leftovers\n|upkeep\n|turn|22\n|\n|t:|1698185535\n|switch|p2a: Stixchim|Thwackey, F|100\/100\n|-activate|p2a: Stixchim|move: Sticky Web\n|-unboost|p2a: Stixchim|spe|1\n|-fieldstart|move: Grassy Terrain|[from] ability: Grassy Surge|[of] p2a: Stixchim\n|switch|p1a: Radeisen|Iron Treads|100\/100\n|-enditem|p1a: Radeisen|Booster Energy\n|-activate|p1a: Radeisen|ability: Quark Drive|[fromitem]\n|-start|p1a: Radeisen|quarkdrivedef\n|\n|upkeep\n|turn|23\n|\n|t:|1698185569\n|move|p1a: Radeisen|Knock Off|p2a: Stixchim\n|-damage|p2a: Stixchim|72\/100\n|-enditem|p2a: Stixchim|Eviolite|[from] move: Knock Off|[of] p1a: Radeisen\n|move|p2a: Stixchim|Leech Seed|p1a: Radeisen\n|-start|p1a: Radeisen|move: Leech Seed\n|\n|-heal|p2a: Stixchim|78\/100|[from] Grassy Terrain\n|-damage|p1a: Radeisen|88\/100|[from] Leech Seed|[of] p2a: Stixchim\n|-heal|p2a: Stixchim|95\/100|[silent]\n|upkeep\n|turn|24\n|\n|t:|1698185590\n|switch|p2a: Kwilwasha|Braviary-Hisui, M|100\/100\n|move|p1a: Radeisen|Stealth Rock|p2a: Kwilwasha\n|-sidestart|p2: SophiaMagica<3|move: Stealth Rock\n|\n|-heal|p1a: Radeisen|94\/100|[from] Grassy Terrain\n|-damage|p1a: Radeisen|82\/100|[from] Leech Seed|[of] p2a: Kwilwasha\n|upkeep\n|turn|25\n|\n|t:|1698185598\n|move|p1a: Radeisen|Knock Off|p2a: Kwilwasha\n|-supereffective|p2a: Kwilwasha\n|-damage|p2a: Kwilwasha|41\/100\n|-enditem|p2a: Kwilwasha|Life Orb|[from] move: Knock Off|[of] p1a: Radeisen\n|move|p2a: Kwilwasha|Esper Wing|p1a: Radeisen\n|-resisted|p1a: Radeisen\n|-crit|p1a: Radeisen\n|-damage|p1a: Radeisen|31\/100\n|\n|-heal|p1a: Radeisen|37\/100|[from] Grassy Terrain\n|-damage|p1a: Radeisen|25\/100|[from] Leech Seed|[of] p2a: Kwilwasha\n|-heal|p2a: Kwilwasha|54\/100|[silent]\n|upkeep\n|turn|26\n|c|\u2606SophiaMagica<3|H\u00f6 wo ist mein Boost? Dx\n|c|\u2606Mitschi|Ich glaube, du hast Sheer Force als F\u00e4higkeit :o\n|c|\u2606Mitschi|!dt Sheer Force\n|raw|<ul class=\"utilichart\"><li class=\"result\"><span class=\"col namecol\"><a href=\"https:\/\/dex.pokemonshowdown.com\/abilities\/sheerforce\">Sheer Force<\/a><\/span> <span class=\"col abilitydesccol\">This Pokemon's attacks with secondary effects have 1.3x power; nullifies the effects.<\/span> <\/li><li style=\"clear:both\"><\/li><\/ul>\n|raw|<font size=\"1\"><font color=\"#686868\">Gen:<\/font> 5<\/font>\n\n|c|\u2606SophiaMagica<3|F*cking h*ll Kasu ich verfluch dich\n|c|\u2606Mitschi|xD\n|\n|t:|1698185740\n|switch|p2a: Stixchim|Thwackey, F|95\/100\n|-activate|p2a: Stixchim|move: Sticky Web\n|-unboost|p2a: Stixchim|spe|1\n|-damage|p2a: Stixchim|83\/100|[from] Stealth Rock\n|move|p1a: Radeisen|Knock Off|p2a: Stixchim\n|-damage|p2a: Stixchim|58\/100\n|\n|-heal|p1a: Radeisen|31\/100|[from] Grassy Terrain\n|-heal|p2a: Stixchim|64\/100|[from] Grassy Terrain\n|-damage|p1a: Radeisen|18\/100|[from] Leech Seed|[of] p2a: Stixchim\n|-heal|p2a: Stixchim|81\/100|[silent]\n|-fieldend|move: Grassy Terrain\n|upkeep\n|turn|27\n|\n|t:|1698185761\n|-end|p1a: Radeisen|Quark Drive|[silent]\n|switch|p1a: Regenmaske|Masquerain, F|100\/100\n|-ability|p1a: Regenmaske|Intimidate|boost\n|-unboost|p2a: Stixchim|atk|1\n|move|p2a: Stixchim|Growth|p2a: Stixchim\n|-boost|p2a: Stixchim|atk|1\n|-boost|p2a: Stixchim|spa|1\n|\n|upkeep\n|turn|28\n|\n|t:|1698185785\n|switch|p2a: Aranacht|Umbreon, F|100\/100\n|-activate|p2a: Aranacht|move: Sticky Web\n|-unboost|p2a: Aranacht|spe|1\n|-damage|p2a: Aranacht|88\/100|[from] Stealth Rock\n|move|p1a: Regenmaske|Quiver Dance|p1a: Regenmaske\n|-boost|p1a: Regenmaske|spa|1\n|-boost|p1a: Regenmaske|spd|1\n|-boost|p1a: Regenmaske|spe|1\n|\n|-heal|p2a: Aranacht|94\/100|[from] item: Leftovers\n|upkeep\n|turn|29\n|\n|t:|1698185884\n|-terastallize|p1a: Regenmaske|Bug\n|move|p1a: Regenmaske|Bug Buzz|p2a: Aranacht\n|-supereffective|p2a: Aranacht\n|-damage|p2a: Aranacht|0 fnt\n|faint|p2a: Aranacht\n|-damage|p1a: Regenmaske|91\/100|[from] item: Life Orb\n|\n|upkeep\n|\n|t:|1698185902\n|switch|p2a: Stixchim|Thwackey, F|81\/100\n|-activate|p2a: Stixchim|move: Sticky Web\n|-unboost|p2a: Stixchim|spe|1\n|-damage|p2a: Stixchim|69\/100|[from] Stealth Rock\n|-fieldstart|move: Grassy Terrain|[from] ability: Grassy Surge|[of] p2a: Stixchim\n|turn|30\n|\n|t:|1698185918\n|-terastallize|p2a: Stixchim|Bug\n|move|p1a: Regenmaske|Bug Buzz|p2a: Stixchim\n|-damage|p2a: Stixchim|0 fnt\n|faint|p2a: Stixchim\n|-damage|p1a: Regenmaske|81\/100|[from] item: Life Orb\n|\n|-heal|p1a: Regenmaske|87\/100|[from] Grassy Terrain\n|upkeep\n|\n|t:|1698185931\n|switch|p2a: Kwilwasha|Braviary-Hisui, M|54\/100\n|-damage|p2a: Kwilwasha|29\/100|[from] Stealth Rock\n|turn|31\n|\n|t:|1698185938\n|move|p1a: Regenmaske|Bug Buzz|p2a: Kwilwasha\n|-crit|p2a: Kwilwasha\n|-damage|p2a: Kwilwasha|0 fnt\n|faint|p2a: Kwilwasha\n|-damage|p1a: Regenmaske|77\/100|[from] item: Life Orb\n|\n|-heal|p1a: Regenmaske|83\/100|[from] Grassy Terrain\n|upkeep\n|\n|t:|1698185945\n|switch|p2a: Puldrakata|Dragapult, M|57\/100\n|-activate|p2a: Puldrakata|move: Sticky Web\n|-unboost|p2a: Puldrakata|spe|1\n|-damage|p2a: Puldrakata|45\/100|[from] Stealth Rock\n|turn|32\n|\n|t:|1698185952\n|move|p1a: Regenmaske|Bug Buzz|p2a: Puldrakata\n|-resisted|p2a: Puldrakata\n|-damage|p2a: Puldrakata|0 fnt\n|faint|p2a: Puldrakata\n|-damage|p1a: Regenmaske|73\/100|[from] item: Life Orb\n|\n|-heal|p1a: Regenmaske|79\/100|[from] Grassy Terrain\n|upkeep\n|\n|t:|1698185959\n|switch|p2a: Lasarkti|Avalugg, F|1\/100\n|turn|33\n|\n|t:|1698185970\n|move|p1a: Regenmaske|Bug Buzz|p2a: Lasarkti\n|-damage|p2a: Lasarkti|0 fnt\n|faint|p2a: Lasarkti\n|-damage|p1a: Regenmaske|69\/100|[from] item: Life Orb\n|\n|win|Mitschi\n|c|\u2606Mitschi|gg\n|c|\u2606SophiaMagica<3|GG\n|c|\u2606SophiaMagica<3|War fun der Kampf\n|c|\u2606SophiaMagica<3|War btw kein Sarkasmus xD\n|c|\u2606Mitschi|Ich find's sch\u00f6n, wie ich gesagt habe, dass ich mit Palafin nur Boomburst dr\u00fccken werde, am Ende aber nicht Boomburst gedr\u00fcckt habe xD\n|c|\u2606Mitschi|Ich fand den Air Slash Miss lustig xD\n","uploadtime":1698185983,"views":12,"p1id":"mitschi","p2id":"sophiamagica3","formatid":"gen9anythinggoes","rating":0,"private":0,"password":""}