{"id":"gen9anythinggoes-1976743590","p1":"dragos10","p2":"dade4321","format":"[Gen 9] Anything Goes","log":"|j|\u2606dragos10\n|j|\u2606dade4321\n|t:|1698337887\n|gametype|singles\n|player|p1|dragos10|red|1024\n|player|p2|dade4321|aromalady|1033\n|teamsize|p1|6\n|teamsize|p2|6\n|gen|9\n|tier|[Gen 9] Anything Goes\n|rated|\n|rule|HP Percentage Mod: HP is shown in percentages\n|rule|Endless Battle Clause: Forcing endless battles is banned\n|clearpoke\n|poke|p1|Arceus|\n|poke|p1|Calyrex-Shadow|\n|poke|p1|Urshifu-*, M|\n|poke|p1|Grimmsnarl, M|\n|poke|p1|Zacian-*|\n|poke|p1|Kyogre|\n|poke|p2|Kleavor, M|\n|poke|p2|Glimmora, F|\n|poke|p2|Skeledirge, F|\n|poke|p2|Scizor, F|\n|poke|p2|Dragapult, F|\n|poke|p2|Walking Wake|\n|teampreview\n|inactive|Battle timer is ON: inactive players will automatically lose when time's up. (requested by dragos10)\n|\n|t:|1698337897\n|start\n|switch|p1a: Calyrex|Calyrex-Shadow|100\/100\n|switch|p2a: Glimmora|Glimmora, F|100\/100\n|-ability|p1a: Calyrex|As One\n|-ability|p1a: Calyrex|Unnerve\n|turn|1\n|\n|t:|1698337906\n|-terastallize|p1a: Calyrex|Water\n|move|p1a: Calyrex|Psyshock|p2a: Glimmora\n|-supereffective|p2a: Glimmora\n|-damage|p2a: Glimmora|0 fnt\n|faint|p2a: Glimmora\n|-ability|p1a: Calyrex|Grim Neigh|boost\n|-boost|p1a: Calyrex|spa|1\n|\n|upkeep\n|\n|t:|1698337921\n|switch|p2a: Dragapult|Dragapult, F|100\/100\n|turn|2\n|\n|t:|1698337925\n|move|p1a: Calyrex|Psyshock|p2a: Dragapult\n|-damage|p2a: Dragapult|10\/100\n|move|p2a: Dragapult|Dragon Darts|p1a: Calyrex\n|-damage|p1a: Calyrex|75\/100\n|-anim|p2a: Dragapult|Dragon Darts|p1a: Calyrex\n|-damage|p1a: Calyrex|49\/100\n|\n|-heal|p2a: Dragapult|16\/100|[from] item: Leftovers\n|upkeep\n|turn|3\n|\n|t:|1698337934\n|move|p1a: Calyrex|Psyshock|p2a: Dragapult\n|-damage|p2a: Dragapult|0 fnt\n|faint|p2a: Dragapult\n|-ability|p1a: Calyrex|Grim Neigh|boost\n|-boost|p1a: Calyrex|spa|1\n|\n|upkeep\n|\n|t:|1698337940\n|switch|p2a: Scizor|Scizor, F, shiny|100\/100\n|turn|4\n|\n|t:|1698337943\n|move|p2a: Scizor|Bullet Punch|p1a: Calyrex\n|-resisted|p1a: Calyrex\n|-damage|p1a: Calyrex|25\/100\n|move|p1a: Calyrex|Astral Barrage|p2a: Scizor\n|-damage|p2a: Scizor|0 fnt\n|faint|p2a: Scizor\n|-ability|p1a: Calyrex|Grim Neigh|boost\n|-boost|p1a: Calyrex|spa|1\n|\n|upkeep\n|\n|t:|1698337952\n|switch|p2a: Walking Wake|Walking Wake|100\/100\n|turn|5\n|\n|t:|1698337955\n|move|p1a: Calyrex|Astral Barrage|p2a: Walking Wake\n|-enditem|p2a: Walking Wake|Focus Sash\n|-damage|p2a: Walking Wake|1\/100\n|move|p2a: Walking Wake|Draco Meteor|p1a: Calyrex|[miss]\n|-miss|p2a: Walking Wake|p1a: Calyrex\n|\n|upkeep\n|turn|6\n|\n|t:|1698337964\n|move|p1a: Calyrex|Astral Barrage|p2a: Walking Wake\n|-damage|p2a: Walking Wake|0 fnt\n|faint|p2a: Walking Wake\n|-end|p2a: Walking Wake|Protosynthesis|[silent]\n|-ability|p1a: Calyrex|Grim Neigh|boost\n|-boost|p1a: Calyrex|spa|1\n|\n|upkeep\n|\n|t:|1698337970\n|switch|p2a: Skeledirge|Skeledirge, F|100\/100\n|turn|7\n|\n|t:|1698337975\n|move|p1a: Calyrex|Astral Barrage|p2a: Skeledirge\n|-supereffective|p2a: Skeledirge\n|-damage|p2a: Skeledirge|0 fnt\n|faint|p2a: Skeledirge\n|-ability|p1a: Calyrex|Grim Neigh|boost\n|-boost|p1a: Calyrex|spa|1\n|\n|upkeep\n|\n|t:|1698337981\n|switch|p2a: Kleavor|Kleavor, M|100\/100\n|turn|8\n|\n|t:|1698337985\n|move|p1a: Calyrex|Astral Barrage|p2a: Kleavor\n|-damage|p2a: Kleavor|0 fnt\n|faint|p2a: Kleavor\n|\n|win|dragos10\n|raw|dragos10's rating: 1024 &rarr; <strong>1061<\/strong><br \/>(+37 for winning)\n|raw|dade4321's rating: 1033 &rarr; <strong>1018<\/strong><br \/>(-15 for losing)\n|l|\u2606dade4321\n","uploadtime":1698337993,"views":6,"p1id":"dragos10","p2id":"dade4321","formatid":"gen9anythinggoes","rating":1018,"private":0,"password":""}