{"id":"gen9anythinggoes-1976669922","p1":"Khan a video","p2":"Miror_B_leave it","format":"[Gen 9] Anything Goes","log":"|j|\u2606Khan a video\n|j|\u2606Miror_B_leave it\n|t:|1698332076\n|gametype|singles\n|player|p1|Khan a video|102|1207\n|player|p2|Miror_B_leave it|musician-gen9|1286\n|teamsize|p1|6\n|teamsize|p2|5\n|gen|9\n|tier|[Gen 9] Anything Goes\n|rated|\n|rule|HP Percentage Mod: HP is shown in percentages\n|rule|Endless Battle Clause: Forcing endless battles is banned\n|clearpoke\n|poke|p1|Dragonite, F|\n|poke|p1|Gengar, M|\n|poke|p1|Dragapult, F|\n|poke|p1|Greninja-*, F|\n|poke|p1|Garchomp, F|\n|poke|p1|Calyrex-Shadow|\n|poke|p2|Ludicolo, M|\n|poke|p2|Ludicolo, M|\n|poke|p2|Ludicolo, M|\n|poke|p2|Ludicolo, M|\n|poke|p2|Sudowoodo, M|\n|teampreview\n|\n|t:|1698332093\n|start\n|switch|p1a: Greninja|Greninja, F|100\/100\n|switch|p2a: Dancer #1|Ludicolo, M|100\/100\n|turn|1\n|\n|t:|1698332098\n|move|p1a: Greninja|Ice Beam|p2a: Dancer #1\n|-start|p1a: Greninja|typechange|Ice|[from] ability: Protean\n|-damage|p2a: Dancer #1|55\/100\n|move|p2a: Dancer #1|Rain Dance|p2a: Dancer #1\n|-weather|RainDance\n|\n|-weather|RainDance|[upkeep]\n|upkeep\n|turn|2\n|\n|t:|1698332105\n|move|p2a: Dancer #1|Weather Ball|p1a: Greninja\n|-damage|p1a: Greninja|0 fnt\n|faint|p1a: Greninja\n|\n|-weather|RainDance|[upkeep]\n|upkeep\n|\n|t:|1698332110\n|switch|p1a: Gengar|Gengar, M|100\/100\n|turn|3\n|\n|t:|1698332113\n|move|p2a: Dancer #1|Weather Ball|p1a: Gengar\n|-damage|p1a: Gengar|0 fnt\n|-start|p2a: Dancer #1|Disable|Weather Ball|[from] ability: Cursed Body|[of] p1a: Gengar\n|faint|p1a: Gengar\n|\n|-weather|RainDance|[upkeep]\n|upkeep\n|\n|t:|1698332120\n|switch|p1a: Dragapult|Dragapult, F|100\/100\n|turn|4\n|\n|t:|1698332123\n|move|p1a: Dragapult|Sucker Punch|p2a: Dancer #1\n|-damage|p2a: Dancer #1|21\/100\n|move|p2a: Dancer #1|Ice Beam|p1a: Dragapult\n|-supereffective|p1a: Dragapult\n|-damage|p1a: Dragapult|54\/100\n|\n|-weather|RainDance|[upkeep]\n|upkeep\n|turn|5\n|\n|t:|1698332129\n|move|p1a: Dragapult|Sucker Punch|p2a: Dancer #1\n|-damage|p2a: Dancer #1|0 fnt\n|faint|p2a: Dancer #1\n|\n|-weather|RainDance|[upkeep]\n|upkeep\n|\n|t:|1698332132\n|switch|p2a: Dancer #4|Ludicolo, M|100\/100\n|turn|6\n|\n|t:|1698332140\n|move|p2a: Dancer #4|Ice Beam|p1a: Dragapult\n|-supereffective|p1a: Dragapult\n|-crit|p1a: Dragapult\n|-damage|p1a: Dragapult|0 fnt\n|faint|p1a: Dragapult\n|-damage|p2a: Dancer #4|91\/100|[from] item: Life Orb\n|\n|-weather|RainDance|[upkeep]\n|upkeep\n|\n|t:|1698332147\n|switch|p1a: Dragonite|Dragonite, F|100\/100\n|turn|7\n|\n|t:|1698332150\n|move|p1a: Dragonite|Extreme Speed|p2a: Dancer #4\n|-damage|p2a: Dancer #4|43\/100\n|move|p2a: Dancer #4|Weather Ball|p1a: Dragonite\n|-resisted|p1a: Dragonite\n|-damage|p1a: Dragonite|76\/100\n|-damage|p2a: Dancer #4|33\/100|[from] item: Life Orb\n|\n|-weather|RainDance|[upkeep]\n|upkeep\n|turn|8\n|\n|t:|1698332160\n|-terastallize|p1a: Dragonite|Normal\n|move|p2a: Dancer #4|Ice Beam|p1a: Dragonite\n|-damage|p1a: Dragonite|38\/100\n|-damage|p2a: Dancer #4|23\/100|[from] item: Life Orb\n|move|p1a: Dragonite|Dragon Dance|p1a: Dragonite\n|-boost|p1a: Dragonite|atk|1\n|-boost|p1a: Dragonite|spe|1\n|\n|-weather|none\n|upkeep\n|turn|9\n|\n|t:|1698332169\n|move|p1a: Dragonite|Extreme Speed|p2a: Dancer #4\n|-damage|p2a: Dancer #4|0 fnt\n|faint|p2a: Dancer #4\n|\n|upkeep\n|\n|t:|1698332172\n|switch|p2a: The Bouncer|Sudowoodo, M|100\/100\n|turn|10\n|\n|t:|1698332176\n|move|p1a: Dragonite|Blizzard|p2a: The Bouncer|[miss]\n|-miss|p1a: Dragonite|p2a: The Bouncer\n|move|p2a: The Bouncer|Body Press|p1a: Dragonite\n|-supereffective|p1a: Dragonite\n|-damage|p1a: Dragonite|0 fnt\n|faint|p1a: Dragonite\n|\n|upkeep\n|\n|t:|1698332183\n|switch|p1a: Garchomp|Garchomp, F|100\/100\n|turn|11\n|\n|t:|1698332189\n|move|p1a: Garchomp|Swords Dance|p1a: Garchomp\n|-boost|p1a: Garchomp|atk|2\n|move|p2a: The Bouncer|Counter||[still]\n|-fail|p2a: The Bouncer\n|\n|upkeep\n|turn|12\n|\n|t:|1698332194\n|move|p1a: Garchomp|Brick Break|p2a: The Bouncer\n|-supereffective|p2a: The Bouncer\n|-damage|p2a: The Bouncer|23\/100\n|move|p2a: The Bouncer|Counter|p1a: Garchomp\n|-damage|p1a: Garchomp|0 fnt\n|-damage|p2a: The Bouncer|10\/100|[from] ability: Rough Skin|[of] p1a: Garchomp\n|-damage|p2a: The Bouncer|0 fnt|[from] item: Rocky Helmet|[of] p1a: Garchomp\n|faint|p1a: Garchomp\n|faint|p2a: The Bouncer\n|\n|upkeep\n|\n|t:|1698332207\n|switch|p1a: Calyrex|Calyrex-Shadow|100\/100\n|switch|p2a: Dancer #2|Ludicolo, M|100\/100\n|-ability|p1a: Calyrex|As One\n|-ability|p1a: Calyrex|Unnerve\n|turn|13\n|\n|t:|1698332214\n|move|p1a: Calyrex|Calm Mind|p1a: Calyrex\n|-boost|p1a: Calyrex|spa|1\n|-boost|p1a: Calyrex|spd|1\n|move|p2a: Dancer #2|Rain Dance|p2a: Dancer #2\n|-weather|RainDance\n|\n|-weather|RainDance|[upkeep]\n|upkeep\n|turn|14\n|\n|t:|1698332221\n|move|p2a: Dancer #2|Weather Ball|p1a: Calyrex\n|-damage|p1a: Calyrex|57\/100\n|move|p1a: Calyrex|Astral Barrage|p2a: Dancer #2\n|-damage|p2a: Dancer #2|0 fnt\n|faint|p2a: Dancer #2\n|-ability|p1a: Calyrex|Grim Neigh|boost\n|-boost|p1a: Calyrex|spa|1\n|\n|-weather|RainDance|[upkeep]\n|upkeep\n|\n|t:|1698332225\n|switch|p2a: Dancer #3|Ludicolo, M|100\/100\n|turn|15\n|c|\u2606Miror_B_leave it|ggs\n|\n|t:|1698332232\n|-terastallize|p2a: Dancer #3|Water\n|move|p2a: Dancer #3|Weather Ball|p1a: Calyrex\n|-damage|p1a: Calyrex|0 fnt\n|faint|p1a: Calyrex\n|-damage|p2a: Dancer #3|91\/100|[from] item: Life Orb\n|\n|win|Miror_B_leave it\n|raw|Khan a video's rating: 1207 &rarr; <strong>1188<\/strong><br \/>(-19 for losing)\n|raw|Miror_B_leave it's rating: 1286 &rarr; <strong>1305<\/strong><br \/>(+19 for winning)\n|l|\u2606Khan a video\n","uploadtime":1698332242,"views":12,"p1id":"khanavideo","p2id":"mirorbleaveit","formatid":"gen9anythinggoes","rating":1188,"private":0,"password":""}