{"id":"gen9anythinggoes-1992057311","p1":"C123456747eh","p2":"SnappisPappis","format":"[Gen 9] Anything Goes","log":"|j|\u2606C123456747eh\n|j|\u2606SnappisPappis\n|t:|1700151498\n|gametype|singles\n|player|p1|C123456747eh|ghetsis|1169\n|player|p2|SnappisPappis|riley|1173\n|teamsize|p1|6\n|teamsize|p2|6\n|gen|9\n|tier|[Gen 9] Anything Goes\n|rated|\n|rule|HP Percentage Mod: HP is shown in percentages\n|rule|Endless Battle Clause: Forcing endless battles is banned\n|clearpoke\n|poke|p1|Flutter Mane|\n|poke|p1|Zacian-*|\n|poke|p1|Arceus-Fire|\n|poke|p1|Calyrex-Shadow|\n|poke|p1|Arceus-Grass|\n|poke|p1|Gliscor, F|\n|poke|p2|Maushold-Four|\n|poke|p2|Flutter Mane|\n|poke|p2|Miraidon|\n|poke|p2|Rabsca, M|\n|poke|p2|Garganacl, F|\n|poke|p2|Houndstone, M|\n|teampreview\n|\n|t:|1700151527\n|start\n|switch|p1a: Zacian|Zacian-Crowned, shiny|100\/100\n|switch|p2a: SSSReplacement|Garganacl, F, shiny|100\/100\n|-ability|p1a: Zacian|Intrepid Sword|boost\n|-boost|p1a: Zacian|atk|1\n|turn|1\n|\n|t:|1700151538\n|move|p1a: Zacian|Behemoth Blade|p2a: SSSReplacement\n|-supereffective|p2a: SSSReplacement\n|-damage|p2a: SSSReplacement|0 fnt\n|faint|p2a: SSSReplacement\n|\n|upkeep\n|\n|t:|1700151542\n|switch|p2a: DeMarco|Miraidon|100\/100\n|-fieldstart|move: Electric Terrain|[from] ability: Hadron Engine|[of] p2a: DeMarco\n|turn|2\n|\n|t:|1700151546\n|-terastallize|p2a: DeMarco|Electric\n|move|p2a: DeMarco|Electro Drift|p1a: Zacian\n|-damage|p1a: Zacian|13\/100\n|move|p1a: Zacian|Behemoth Blade|p2a: DeMarco\n|-resisted|p2a: DeMarco\n|-damage|p2a: DeMarco|58\/100\n|\n|upkeep\n|turn|3\n|\n|t:|1700151555\n|switch|p1a: Gliscor|Gliscor, F, shiny|100\/100\n|move|p2a: DeMarco|Electro Drift|p1a: Gliscor\n|-immune|p1a: Gliscor\n|\n|-status|p1a: Gliscor|tox|[from] item: Toxic Orb\n|upkeep\n|turn|4\n|\n|t:|1700151560\n|switch|p2a: Maushold|Maushold-Four|100\/100\n|move|p1a: Gliscor|Poison Jab|p2a: Maushold\n|-damage|p2a: Maushold|65\/100\n|-status|p2a: Maushold|psn\n|\n|-damage|p2a: Maushold|53\/100 psn|[from] psn\n|upkeep\n|turn|5\n|\n|t:|1700151565\n|move|p1a: Gliscor|Protect|p1a: Gliscor\n|-singleturn|p1a: Gliscor|Protect\n|move|p2a: Maushold|Population Bomb|p1a: Gliscor\n|-activate|p1a: Gliscor|move: Protect\n|\n|-damage|p2a: Maushold|40\/100 psn|[from] psn\n|upkeep\n|turn|6\n|\n|t:|1700151571\n|move|p2a: Maushold|Encore|p1a: Gliscor\n|-start|p1a: Gliscor|Encore\n|move|p1a: Gliscor|Protect||[still]\n|-fail|p1a: Gliscor\n|\n|-damage|p2a: Maushold|28\/100 psn|[from] psn\n|-fieldend|move: Electric Terrain\n|upkeep\n|turn|7\n|\n|t:|1700151576\n|switch|p2a: Rabsca|Rabsca, M, shiny|100\/100\n|move|p1a: Gliscor|Protect||[still]\n|-fail|p1a: Gliscor\n|\n|upkeep\n|turn|8\n|\n|t:|1700151583\n|switch|p1a: Calyrex|Calyrex-Shadow|100\/100\n|-ability|p1a: Calyrex|As One\n|-ability|p1a: Calyrex|Unnerve\n|move|p2a: Rabsca|Trick Room|p2a: Rabsca\n|-fieldstart|move: Trick Room|[of] p2a: Rabsca\n|\n|upkeep\n|turn|9\n|\n|t:|1700151589\n|move|p2a: Rabsca|Revival Blessing|p2a: Rabsca\n|\n|t:|1700151591\n|-heal|p2: SSSReplacement|50\/100|[from] move: Revival Blessing\n|move|p1a: Calyrex|Astral Barrage|p2a: Rabsca\n|-supereffective|p2a: Rabsca\n|-damage|p2a: Rabsca|0 fnt\n|faint|p2a: Rabsca\n|-ability|p1a: Calyrex|Grim Neigh|boost\n|-boost|p1a: Calyrex|spa|1\n|\n|upkeep\n|\n|t:|1700151607\n|switch|p2a: Flutter Mane|Flutter Mane, shiny|100\/100\n|turn|10\n|\n|t:|1700151610\n|move|p1a: Calyrex|Astral Barrage|p2a: Flutter Mane\n|-supereffective|p2a: Flutter Mane\n|-damage|p2a: Flutter Mane|0 fnt\n|faint|p2a: Flutter Mane\n|-end|p2a: Flutter Mane|Protosynthesis|[silent]\n|-ability|p1a: Calyrex|Grim Neigh|boost\n|-boost|p1a: Calyrex|spa|1\n|\n|upkeep\n|\n|t:|1700151615\n|switch|p2a: Houndstone|Houndstone, M|100\/100\n|turn|11\n|\n|t:|1700151621\n|move|p2a: Houndstone|Last Respects|p1a: Calyrex\n|-supereffective|p1a: Calyrex\n|-enditem|p1a: Calyrex|Focus Sash\n|-damage|p1a: Calyrex|1\/100\n|move|p1a: Calyrex|Astral Barrage|p2a: Houndstone\n|-supereffective|p2a: Houndstone\n|-damage|p2a: Houndstone|0 fnt\n|faint|p2a: Houndstone\n|-ability|p1a: Calyrex|Grim Neigh|boost\n|-boost|p1a: Calyrex|spa|1\n|\n|upkeep\n|\n|t:|1700151634\n|switch|p2a: DeMarco|Miraidon, tera:Electric|58\/100\n|-fieldstart|move: Electric Terrain|[from] ability: Hadron Engine|[of] p2a: DeMarco\n|turn|12\n|\n|t:|1700151639\n|move|p1a: Calyrex|Astral Barrage|p2a: DeMarco\n|-damage|p2a: DeMarco|0 fnt\n|faint|p2a: DeMarco\n|-ability|p1a: Calyrex|Grim Neigh|boost\n|-boost|p1a: Calyrex|spa|1\n|\n|-fieldend|move: Trick Room\n|upkeep\n|\n|t:|1700151642\n|switch|p2a: SSSReplacement|Garganacl, F, shiny|50\/100\n|turn|13\n|\n|t:|1700151648\n|move|p1a: Calyrex|Giga Drain|p2a: SSSReplacement\n|-supereffective|p2a: SSSReplacement\n|-damage|p2a: SSSReplacement|0 fnt\n|-heal|p1a: Calyrex|30\/100|[from] drain|[of] p2a: SSSReplacement\n|faint|p2a: SSSReplacement\n|-ability|p1a: Calyrex|Grim Neigh|boost\n|-boost|p1a: Calyrex|spa|1\n|\n|upkeep\n|\n|t:|1700151649\n|switch|p2a: Maushold|Maushold-Four|28\/100 psn\n|turn|14\n|\n|t:|1700151652\n|move|p1a: Calyrex|Giga Drain|p2a: Maushold\n|-damage|p2a: Maushold|0 fnt\n|-heal|p1a: Calyrex|42\/100|[from] drain|[of] p2a: Maushold\n|faint|p2a: Maushold\n|\n|win|C123456747eh\n|raw|C123456747eh's rating: 1169 &rarr; <strong>1196<\/strong><br \/>(+27 for winning)\n|raw|SnappisPappis's rating: 1195 &rarr; <strong>1168<\/strong><br \/>(-27 for losing)\n","uploadtime":1700151657,"views":5,"p1id":"c123456747eh","p2id":"snappispappis","formatid":"gen9anythinggoes","rating":1168,"private":0,"password":""}