{"id":"gen9anythinggoes-1992219292","p1":"Shadowkipz13","p2":"Outdated Puppet","format":"[Gen 9] Anything Goes","log":"|j|\u2606Shadowkipz13\n|j|\u2606Outdated Puppet\n|t:|1700164932\n|gametype|singles\n|player|p1|Shadowkipz13|petrel|1290\n|player|p2|Outdated Puppet|265|1397\n|teamsize|p1|6\n|teamsize|p2|6\n|gen|9\n|tier|[Gen 9] Anything Goes\n|rated|\n|rule|HP Percentage Mod: HP is shown in percentages\n|rule|Endless Battle Clause: Forcing endless battles is banned\n|clearpoke\n|poke|p1|Skeledirge, M|\n|poke|p1|Ogerpon-Wellspring, F|\n|poke|p1|Gliscor, M|\n|poke|p1|Ribombee, F|\n|poke|p1|Tyranitar, M|\n|poke|p1|Ursaluna-Bloodmoon, M|\n|poke|p2|Clefable, F|\n|poke|p2|Toxapex, F|\n|poke|p2|Tyranitar, M|\n|poke|p2|Scovillain, M|\n|poke|p2|Quagsire, M|\n|poke|p2|Blissey, F|\n|teampreview\n|\n|t:|1700164957\n|start\n|switch|p1a: Fazbear|Ursaluna-Bloodmoon, M|100\/100\n|switch|p2a: Scovillain|Scovillain, M|100\/100\n|turn|1\n|\n|t:|1700164986\n|move|p2a: Scovillain|Leech Seed|p1a: Fazbear\n|-start|p1a: Fazbear|move: Leech Seed\n|move|p1a: Fazbear|Blood Moon|p2a: Scovillain\n|-crit|p2a: Scovillain\n|-damage|p2a: Scovillain|0 fnt\n|faint|p2a: Scovillain\n|-damage|p1a: Fazbear|91\/100|[from] item: Life Orb\n|\n|upkeep\n|\n|t:|1700165004\n|switch|p2a: Toxapex|Toxapex, F|100\/100\n|turn|2\n|\n|t:|1700165007\n|move|p1a: Fazbear|Earth Power|p2a: Toxapex\n|-supereffective|p2a: Toxapex\n|-damage|p2a: Toxapex|0 fnt\n|faint|p2a: Toxapex\n|-damage|p1a: Fazbear|81\/100|[from] item: Life Orb\n|\n|upkeep\n|\n|t:|1700165010\n|switch|p2a: Clefable|Clefable, F|100\/100\n|turn|3\n|\n|t:|1700165016\n|move|p2a: Clefable|Calm Mind|p2a: Clefable\n|-boost|p2a: Clefable|spa|1\n|-boost|p2a: Clefable|spd|1\n|move|p1a: Fazbear|Blood Moon|p2a: Clefable\n|-damage|p2a: Clefable|33\/100\n|-damage|p1a: Fazbear|71\/100|[from] item: Life Orb\n|\n|-heal|p2a: Clefable|39\/100|[from] item: Leftovers\n|-damage|p1a: Fazbear|58\/100|[from] Leech Seed|[of] p2a: Clefable\n|-heal|p2a: Clefable|52\/100|[silent]\n|upkeep\n|turn|4\n|\n|t:|1700165022\n|move|p2a: Clefable|Protect|p2a: Clefable\n|-singleturn|p2a: Clefable|Protect\n|move|p1a: Fazbear|Earth Power|p2a: Clefable\n|-activate|p2a: Clefable|move: Protect\n|\n|-heal|p2a: Clefable|58\/100|[from] item: Leftovers\n|-damage|p1a: Fazbear|46\/100|[from] Leech Seed|[of] p2a: Clefable\n|-heal|p2a: Clefable|71\/100|[silent]\n|upkeep\n|turn|5\n|\n|t:|1700165028\n|move|p2a: Clefable|Wish|p2a: Clefable\n|move|p1a: Fazbear|Moonlight|p1a: Fazbear\n|-heal|p1a: Fazbear|96\/100\n|\n|-heal|p2a: Clefable|77\/100|[from] item: Leftovers\n|-damage|p1a: Fazbear|83\/100|[from] Leech Seed|[of] p2a: Clefable\n|-heal|p2a: Clefable|89\/100|[silent]\n|upkeep\n|turn|6\n|\n|t:|1700165033\n|move|p2a: Clefable|Calm Mind|p2a: Clefable\n|-boost|p2a: Clefable|spa|1\n|-boost|p2a: Clefable|spd|1\n|move|p1a: Fazbear|Blood Moon|p2a: Clefable\n|-damage|p2a: Clefable|39\/100\n|-damage|p1a: Fazbear|73\/100|[from] item: Life Orb\n|\n|-heal|p2a: Clefable|89\/100|[from] move: Wish|[wisher] Clefable\n|-heal|p2a: Clefable|95\/100|[from] item: Leftovers\n|-damage|p1a: Fazbear|61\/100|[from] Leech Seed|[of] p2a: Clefable\n|-heal|p2a: Clefable|100\/100|[silent]\n|upkeep\n|turn|7\n|\n|t:|1700165038\n|move|p2a: Clefable|Calm Mind|p2a: Clefable\n|-boost|p2a: Clefable|spa|1\n|-boost|p2a: Clefable|spd|1\n|move|p1a: Fazbear|Moonlight|p1a: Fazbear\n|-heal|p1a: Fazbear|100\/100\n|\n|-damage|p1a: Fazbear|88\/100|[from] Leech Seed|[of] p2a: Clefable\n|upkeep\n|turn|8\n|\n|t:|1700165040\n|move|p2a: Clefable|Calm Mind|p2a: Clefable\n|-boost|p2a: Clefable|spa|1\n|-boost|p2a: Clefable|spd|1\n|move|p1a: Fazbear|Blood Moon|p2a: Clefable\n|-damage|p2a: Clefable|67\/100\n|-damage|p1a: Fazbear|78\/100|[from] item: Life Orb\n|\n|-heal|p2a: Clefable|73\/100|[from] item: Leftovers\n|-damage|p1a: Fazbear|66\/100|[from] Leech Seed|[of] p2a: Clefable\n|-heal|p2a: Clefable|86\/100|[silent]\n|upkeep\n|turn|9\n|\n|t:|1700165045\n|switch|p1a: Kha'zix|Gliscor, M|100\/100\n|move|p2a: Clefable|Calm Mind|p2a: Clefable\n|-boost|p2a: Clefable|spa|1\n|-boost|p2a: Clefable|spd|1\n|\n|-heal|p2a: Clefable|92\/100|[from] item: Leftovers\n|-status|p1a: Kha'zix|tox|[from] item: Toxic Orb\n|upkeep\n|turn|10\n|\n|t:|1700165048\n|move|p1a: Kha'zix|Toxic|p2a: Clefable\n|-status|p2a: Clefable|tox\n|move|p2a: Clefable|Draining Kiss|p1a: Kha'zix\n|-damage|p1a: Kha'zix|7\/100 tox\n|-heal|p2a: Clefable|100\/100 tox|[from] drain|[of] p1a: Kha'zix\n|\n|-heal|p1a: Kha'zix|20\/100 tox|[from] ability: Poison Heal\n|-damage|p2a: Clefable|94\/100 tox|[from] psn\n|upkeep\n|turn|11\n|\n|t:|1700165060\n|move|p1a: Kha'zix|Earthquake|p2a: Clefable\n|-damage|p2a: Clefable|71\/100 tox\n|move|p2a: Clefable|Draining Kiss|p1a: Kha'zix\n|-damage|p1a: Kha'zix|0 fnt\n|-heal|p2a: Clefable|82\/100 tox|[from] drain|[of] p1a: Kha'zix\n|faint|p1a: Kha'zix\n|\n|-heal|p2a: Clefable|88\/100 tox|[from] item: Leftovers\n|-damage|p2a: Clefable|76\/100 tox|[from] psn\n|upkeep\n|\n|t:|1700165079\n|switch|p1a: King K.Rool|Skeledirge, M, shiny|100\/100\n|turn|12\n|\n|t:|1700165082\n|move|p1a: King K.Rool|Torch Song|p2a: Clefable\n|-damage|p2a: Clefable|41\/100 tox\n|-boost|p1a: King K.Rool|spa|1\n|move|p2a: Clefable|Draining Kiss|p1a: King K.Rool\n|-resisted|p1a: King K.Rool\n|-damage|p1a: King K.Rool|92\/100\n|-heal|p2a: Clefable|48\/100 tox|[from] drain|[of] p1a: King K.Rool\n|\n|-heal|p2a: Clefable|54\/100 tox|[from] item: Leftovers\n|-damage|p2a: Clefable|36\/100 tox|[from] psn\n|upkeep\n|turn|13\n|\n|t:|1700165091\n|switch|p2a: Blissey|Blissey, F|100\/100\n|move|p1a: King K.Rool|Torch Song|p2a: Blissey\n|-damage|p2a: Blissey|83\/100\n|-boost|p1a: King K.Rool|spa|1\n|\n|upkeep\n|turn|14\n|\n|t:|1700165094\n|move|p1a: King K.Rool|Torch Song|p2a: Blissey\n|-crit|p2a: Blissey\n|-damage|p2a: Blissey|43\/100\n|-boost|p1a: King K.Rool|spa|1\n|move|p2a: Blissey|Heal Bell|p2a: Blissey\n|-activate|p2a: Blissey|move: Heal Bell\n|-curestatus|p2: Clefable|tox|[msg]\n|\n|upkeep\n|turn|15\n|\n|t:|1700165098\n|move|p1a: King K.Rool|Torch Song|p2a: Blissey\n|-damage|p2a: Blissey|9\/100\n|-boost|p1a: King K.Rool|spa|1\n|move|p2a: Blissey|Soft-Boiled|p2a: Blissey\n|-heal|p2a: Blissey|59\/100\n|\n|upkeep\n|turn|16\n|\n|t:|1700165101\n|move|p1a: King K.Rool|Torch Song|p2a: Blissey\n|-damage|p2a: Blissey|18\/100\n|-boost|p1a: King K.Rool|spa|1\n|move|p2a: Blissey|Soft-Boiled|p2a: Blissey\n|-heal|p2a: Blissey|68\/100\n|\n|upkeep\n|turn|17\n|\n|t:|1700165107\n|move|p2a: Blissey|Protect|p2a: Blissey\n|-singleturn|p2a: Blissey|Protect\n|move|p1a: King K.Rool|Torch Song|p2a: Blissey\n|-activate|p2a: Blissey|move: Protect\n|\n|upkeep\n|turn|18\n|\n|t:|1700165111\n|move|p1a: King K.Rool|Torch Song|p2a: Blissey\n|-damage|p2a: Blissey|22\/100\n|-boost|p1a: King K.Rool|spa|1\n|move|p2a: Blissey|Seismic Toss|p1a: King K.Rool\n|-immune|p1a: King K.Rool\n|\n|upkeep\n|turn|19\n|\n|t:|1700165118\n|move|p2a: Blissey|Protect|p2a: Blissey\n|-singleturn|p2a: Blissey|Protect\n|move|p1a: King K.Rool|Torch Song|p2a: Blissey\n|-activate|p2a: Blissey|move: Protect\n|\n|upkeep\n|turn|20\n|\n|t:|1700165123\n|switch|p2a: Quagsire|Quagsire, M|100\/100\n|move|p1a: King K.Rool|Torch Song|p2a: Quagsire\n|-resisted|p2a: Quagsire\n|-damage|p2a: Quagsire|87\/100\n|\n|upkeep\n|turn|21\n|\n|t:|1700165134\n|-terastallize|p1a: King K.Rool|Fairy\n|move|p1a: King K.Rool|Tera Blast|p2a: Quagsire|[anim] Tera Blast Fairy\n|-damage|p2a: Quagsire|60\/100\n|move|p2a: Quagsire|Liquidation|p1a: King K.Rool\n|-damage|p1a: King K.Rool|67\/100\n|\n|upkeep\n|turn|22\n|\n|t:|1700165140\n|move|p1a: King K.Rool|Tera Blast|p2a: Quagsire|[anim] Tera Blast Fairy\n|-damage|p2a: Quagsire|29\/100\n|move|p2a: Quagsire|Earthquake|p1a: King K.Rool\n|-damage|p1a: King K.Rool|39\/100\n|\n|upkeep\n|turn|23\n|\n|t:|1700165148\n|move|p1a: King K.Rool|Tera Blast|p2a: Quagsire|[anim] Tera Blast Fairy\n|-damage|p2a: Quagsire|0 fnt\n|faint|p2a: Quagsire\n|\n|upkeep\n|\n|t:|1700165155\n|switch|p2a: Clefable|Clefable, F|36\/100\n|turn|24\n|\n|t:|1700165159\n|move|p1a: King K.Rool|Slack Off|p1a: King K.Rool\n|-heal|p1a: King K.Rool|90\/100\n|move|p2a: Clefable|Wish|p2a: Clefable\n|\n|-heal|p2a: Clefable|42\/100|[from] item: Leftovers\n|upkeep\n|turn|25\n|\n|t:|1700165164\n|move|p2a: Clefable|Protect|p2a: Clefable\n|-singleturn|p2a: Clefable|Protect\n|move|p1a: King K.Rool|Torch Song|p2a: Clefable\n|-activate|p2a: Clefable|move: Protect\n|\n|-heal|p2a: Clefable|92\/100|[from] move: Wish|[wisher] Clefable\n|-heal|p2a: Clefable|98\/100|[from] item: Leftovers\n|upkeep\n|turn|26\n|\n|t:|1700165167\n|move|p1a: King K.Rool|Torch Song|p2a: Clefable\n|-damage|p2a: Clefable|63\/100\n|move|p2a: Clefable|Wish|p2a: Clefable\n|\n|-heal|p2a: Clefable|69\/100|[from] item: Leftovers\n|upkeep\n|turn|27\n|\n|t:|1700165174\n|move|p1a: King K.Rool|Shadow Ball|p2a: Clefable\n|-damage|p2a: Clefable|39\/100\n|move|p2a: Clefable|Calm Mind|p2a: Clefable\n|-boost|p2a: Clefable|spa|1\n|-boost|p2a: Clefable|spd|1\n|\n|-heal|p2a: Clefable|89\/100|[from] move: Wish|[wisher] Clefable\n|-heal|p2a: Clefable|95\/100|[from] item: Leftovers\n|upkeep\n|turn|28\n|\n|t:|1700165178\n|move|p1a: King K.Rool|Shadow Ball|p2a: Clefable\n|-damage|p2a: Clefable|59\/100\n|move|p2a: Clefable|Calm Mind|p2a: Clefable\n|-boost|p2a: Clefable|spa|1\n|-boost|p2a: Clefable|spd|1\n|\n|-heal|p2a: Clefable|65\/100|[from] item: Leftovers\n|upkeep\n|turn|29\n|\n|t:|1700165181\n|move|p1a: King K.Rool|Shadow Ball|p2a: Clefable\n|-damage|p2a: Clefable|33\/100\n|-unboost|p2a: Clefable|spd|1\n|move|p2a: Clefable|Wish|p2a: Clefable\n|\n|-heal|p2a: Clefable|39\/100|[from] item: Leftovers\n|upkeep\n|turn|30\n|\n|t:|1700165184\n|move|p1a: King K.Rool|Shadow Ball|p2a: Clefable\n|-damage|p2a: Clefable|5\/100\n|-unboost|p2a: Clefable|spd|1\n|move|p2a: Clefable|Calm Mind|p2a: Clefable\n|-boost|p2a: Clefable|spa|1\n|-boost|p2a: Clefable|spd|1\n|\n|-heal|p2a: Clefable|55\/100|[from] move: Wish|[wisher] Clefable\n|-heal|p2a: Clefable|61\/100|[from] item: Leftovers\n|upkeep\n|turn|31\n|\n|t:|1700165187\n|move|p1a: King K.Rool|Shadow Ball|p2a: Clefable\n|-damage|p2a: Clefable|26\/100\n|-unboost|p2a: Clefable|spd|1\n|move|p2a: Clefable|Wish|p2a: Clefable\n|\n|-heal|p2a: Clefable|32\/100|[from] item: Leftovers\n|upkeep\n|turn|32\n|\n|t:|1700165190\n|move|p2a: Clefable|Protect|p2a: Clefable\n|-singleturn|p2a: Clefable|Protect\n|move|p1a: King K.Rool|Shadow Ball|p2a: Clefable\n|-activate|p2a: Clefable|move: Protect\n|\n|-heal|p2a: Clefable|82\/100|[from] move: Wish|[wisher] Clefable\n|-heal|p2a: Clefable|89\/100|[from] item: Leftovers\n|upkeep\n|turn|33\n|\n|t:|1700165193\n|move|p1a: King K.Rool|Shadow Ball|p2a: Clefable\n|-damage|p2a: Clefable|57\/100\n|move|p2a: Clefable|Wish|p2a: Clefable\n|\n|-heal|p2a: Clefable|63\/100|[from] item: Leftovers\n|upkeep\n|turn|34\n|\n|t:|1700165205\n|move|p1a: King K.Rool|Shadow Ball|p2a: Clefable\n|-damage|p2a: Clefable|31\/100\n|move|p2a: Clefable|Calm Mind|p2a: Clefable\n|-boost|p2a: Clefable|spa|1\n|-boost|p2a: Clefable|spd|1\n|\n|-heal|p2a: Clefable|81\/100|[from] move: Wish|[wisher] Clefable\n|-heal|p2a: Clefable|87\/100|[from] item: Leftovers\n|upkeep\n|turn|35\n|\n|t:|1700165209\n|move|p1a: King K.Rool|Shadow Ball|p2a: Clefable\n|-damage|p2a: Clefable|53\/100\n|move|p2a: Clefable|Calm Mind|p2a: Clefable\n|-boost|p2a: Clefable|spa|1\n|-boost|p2a: Clefable|spd|1\n|\n|-heal|p2a: Clefable|59\/100|[from] item: Leftovers\n|upkeep\n|turn|36\n|\n|t:|1700165217\n|move|p1a: King K.Rool|Tera Blast|p2a: Clefable|[anim] Tera Blast Fairy\n|-damage|p2a: Clefable|25\/100\n|move|p2a: Clefable|Draining Kiss|p1a: King K.Rool\n|-damage|p1a: King K.Rool|71\/100\n|-heal|p2a: Clefable|39\/100|[from] drain|[of] p1a: King K.Rool\n|\n|-heal|p2a: Clefable|45\/100|[from] item: Leftovers\n|upkeep\n|turn|37\n|\n|t:|1700165222\n|move|p2a: Clefable|Protect|p2a: Clefable\n|-singleturn|p2a: Clefable|Protect\n|move|p1a: King K.Rool|Tera Blast|p2a: Clefable|[anim] Tera Blast Fairy\n|-activate|p2a: Clefable|move: Protect\n|\n|-heal|p2a: Clefable|51\/100|[from] item: Leftovers\n|upkeep\n|turn|38\n|\n|t:|1700165225\n|move|p1a: King K.Rool|Tera Blast|p2a: Clefable|[anim] Tera Blast Fairy\n|-damage|p2a: Clefable|16\/100\n|move|p2a: Clefable|Wish|p2a: Clefable\n|\n|-heal|p2a: Clefable|23\/100|[from] item: Leftovers\n|upkeep\n|turn|39\n|\n|t:|1700165235\n|move|p2a: Clefable|Protect|p2a: Clefable\n|-singleturn|p2a: Clefable|Protect\n|move|p1a: King K.Rool|Tera Blast|p2a: Clefable|[anim] Tera Blast Fairy\n|-activate|p2a: Clefable|move: Protect\n|\n|-heal|p2a: Clefable|73\/100|[from] move: Wish|[wisher] Clefable\n|-heal|p2a: Clefable|79\/100|[from] item: Leftovers\n|upkeep\n|turn|40\n|\n|t:|1700165239\n|move|p1a: King K.Rool|Tera Blast|p2a: Clefable|[anim] Tera Blast Fairy\n|-damage|p2a: Clefable|45\/100\n|move|p2a: Clefable|Calm Mind|p2a: Clefable\n|-boost|p2a: Clefable|spa|1\n|-boost|p2a: Clefable|spd|1\n|\n|-heal|p2a: Clefable|51\/100|[from] item: Leftovers\n|upkeep\n|turn|41\n|\n|t:|1700165244\n|move|p2a: Clefable|Protect|p2a: Clefable\n|-singleturn|p2a: Clefable|Protect\n|move|p1a: King K.Rool|Shadow Ball|p2a: Clefable\n|-activate|p2a: Clefable|move: Protect\n|\n|-heal|p2a: Clefable|57\/100|[from] item: Leftovers\n|upkeep\n|turn|42\n|\n|t:|1700165246\n|move|p1a: King K.Rool|Shadow Ball|p2a: Clefable\n|-damage|p2a: Clefable|22\/100\n|move|p2a: Clefable|Wish|p2a: Clefable\n|\n|-heal|p2a: Clefable|28\/100|[from] item: Leftovers\n|upkeep\n|turn|43\n|\n|t:|1700165251\n|move|p2a: Clefable|Protect|p2a: Clefable\n|-singleturn|p2a: Clefable|Protect\n|move|p1a: King K.Rool|Shadow Ball|p2a: Clefable\n|-activate|p2a: Clefable|move: Protect\n|\n|-heal|p2a: Clefable|78\/100|[from] move: Wish|[wisher] Clefable\n|-heal|p2a: Clefable|84\/100|[from] item: Leftovers\n|upkeep\n|turn|44\n|\n|t:|1700165253\n|move|p1a: King K.Rool|Shadow Ball|p2a: Clefable\n|-damage|p2a: Clefable|48\/100\n|move|p2a: Clefable|Draining Kiss|p1a: King K.Rool\n|-damage|p1a: King K.Rool|53\/100\n|-heal|p2a: Clefable|62\/100|[from] drain|[of] p1a: King K.Rool\n|\n|-heal|p2a: Clefable|68\/100|[from] item: Leftovers\n|upkeep\n|turn|45\n|\n|t:|1700165259\n|move|p1a: King K.Rool|Shadow Ball|p2a: Clefable\n|-damage|p2a: Clefable|37\/100\n|move|p2a: Clefable|Draining Kiss|p1a: King K.Rool\n|-damage|p1a: King K.Rool|34\/100\n|-heal|p2a: Clefable|51\/100|[from] drain|[of] p1a: King K.Rool\n|\n|-heal|p2a: Clefable|57\/100|[from] item: Leftovers\n|upkeep\n|turn|46\n|\n|t:|1700165264\n|move|p1a: King K.Rool|Slack Off|p1a: King K.Rool\n|-heal|p1a: King K.Rool|85\/100\n|move|p2a: Clefable|Draining Kiss|p1a: King K.Rool\n|-damage|p1a: King K.Rool|67\/100\n|-heal|p2a: Clefable|71\/100|[from] drain|[of] p1a: King K.Rool\n|\n|-heal|p2a: Clefable|77\/100|[from] item: Leftovers\n|upkeep\n|turn|47\n|\n|t:|1700165268\n|move|p1a: King K.Rool|Slack Off|p1a: King K.Rool\n|-heal|p1a: King K.Rool|100\/100\n|move|p2a: Clefable|Draining Kiss|p1a: King K.Rool\n|-damage|p1a: King K.Rool|82\/100\n|-heal|p2a: Clefable|91\/100|[from] drain|[of] p1a: King K.Rool\n|\n|-heal|p2a: Clefable|97\/100|[from] item: Leftovers\n|upkeep\n|turn|48\n|\n|t:|1700165272\n|move|p1a: King K.Rool|Shadow Ball|p2a: Clefable\n|-damage|p2a: Clefable|61\/100\n|move|p2a: Clefable|Draining Kiss|p1a: King K.Rool\n|-damage|p1a: King K.Rool|62\/100\n|-heal|p2a: Clefable|76\/100|[from] drain|[of] p1a: King K.Rool\n|\n|-heal|p2a: Clefable|82\/100|[from] item: Leftovers\n|upkeep\n|turn|49\n|\n|t:|1700165276\n|move|p1a: King K.Rool|Shadow Ball|p2a: Clefable\n|-damage|p2a: Clefable|51\/100\n|move|p2a: Clefable|Draining Kiss|p1a: King K.Rool\n|-damage|p1a: King K.Rool|43\/100\n|-heal|p2a: Clefable|66\/100|[from] drain|[of] p1a: King K.Rool\n|\n|-heal|p2a: Clefable|72\/100|[from] item: Leftovers\n|upkeep\n|turn|50\n|\n|t:|1700165283\n|move|p1a: King K.Rool|Shadow Ball|p2a: Clefable\n|-damage|p2a: Clefable|40\/100\n|move|p2a: Clefable|Calm Mind|p2a: Clefable\n|-boost|p2a: Clefable|spa|0\n|-boost|p2a: Clefable|spd|1\n|\n|-heal|p2a: Clefable|46\/100|[from] item: Leftovers\n|upkeep\n|turn|51\n|\n|t:|1700165287\n|move|p1a: King K.Rool|Slack Off|p1a: King K.Rool\n|-heal|p1a: King K.Rool|93\/100\n|move|p2a: Clefable|Wish|p2a: Clefable\n|\n|-heal|p2a: Clefable|52\/100|[from] item: Leftovers\n|upkeep\n|turn|52\n|\n|t:|1700165301\n|move|p1a: King K.Rool|Tera Blast|p2a: Clefable|[anim] Tera Blast Fairy\n|-damage|p2a: Clefable|16\/100\n|move|p2a: Clefable|Draining Kiss|p1a: King K.Rool\n|-damage|p1a: King K.Rool|75\/100\n|-heal|p2a: Clefable|30\/100|[from] drain|[of] p1a: King K.Rool\n|\n|-heal|p2a: Clefable|80\/100|[from] move: Wish|[wisher] Clefable\n|-heal|p2a: Clefable|86\/100|[from] item: Leftovers\n|upkeep\n|turn|53\n|\n|t:|1700165308\n|move|p1a: King K.Rool|Shadow Ball|p2a: Clefable\n|-damage|p2a: Clefable|55\/100\n|move|p2a: Clefable|Draining Kiss|p1a: King K.Rool\n|-damage|p1a: King K.Rool|56\/100\n|-heal|p2a: Clefable|69\/100|[from] drain|[of] p1a: King K.Rool\n|\n|-heal|p2a: Clefable|75\/100|[from] item: Leftovers\n|upkeep\n|turn|54\n|\n|t:|1700165321\n|move|p1a: King K.Rool|Shadow Ball|p2a: Clefable\n|-damage|p2a: Clefable|41\/100\n|move|p2a: Clefable|Draining Kiss|p1a: King K.Rool\n|-damage|p1a: King K.Rool|39\/100\n|-heal|p2a: Clefable|54\/100|[from] drain|[of] p1a: King K.Rool\n|\n|-heal|p2a: Clefable|60\/100|[from] item: Leftovers\n|upkeep\n|turn|55\n|\n|t:|1700165327\n|move|p1a: King K.Rool|Slack Off|p1a: King K.Rool\n|-heal|p1a: King K.Rool|90\/100\n|move|p2a: Clefable|Draining Kiss|p1a: King K.Rool\n|-damage|p1a: King K.Rool|71\/100\n|-heal|p2a: Clefable|74\/100|[from] drain|[of] p1a: King K.Rool\n|\n|-heal|p2a: Clefable|80\/100|[from] item: Leftovers\n|upkeep\n|turn|56\n|\n|t:|1700165332\n|move|p1a: King K.Rool|Shadow Ball|p2a: Clefable\n|-damage|p2a: Clefable|48\/100\n|move|p2a: Clefable|Calm Mind|p2a: Clefable\n|-boost|p2a: Clefable|spa|0\n|-boost|p2a: Clefable|spd|1\n|\n|-heal|p2a: Clefable|55\/100|[from] item: Leftovers\n|upkeep\n|turn|57\n|\n|t:|1700165337\n|move|p1a: King K.Rool|Tera Blast|p2a: Clefable|[anim] Tera Blast Fairy\n|-damage|p2a: Clefable|21\/100\n|move|p2a: Clefable|Wish|p2a: Clefable\n|\n|-heal|p2a: Clefable|27\/100|[from] item: Leftovers\n|upkeep\n|turn|58\n|\n|t:|1700165343\n|move|p2a: Clefable|Protect|p2a: Clefable\n|-singleturn|p2a: Clefable|Protect\n|move|p1a: King K.Rool|Shadow Ball|p2a: Clefable\n|-activate|p2a: Clefable|move: Protect\n|\n|-heal|p2a: Clefable|77\/100|[from] move: Wish|[wisher] Clefable\n|-heal|p2a: Clefable|83\/100|[from] item: Leftovers\n|upkeep\n|turn|59\n|\n|t:|1700165359\n|switch|p2a: Tyranitar|Tyranitar, M|100\/100\n|-weather|Sandstorm|[from] ability: Sand Stream|[of] p2a: Tyranitar\n|move|p1a: King K.Rool|Shadow Ball|p2a: Tyranitar\n|-resisted|p2a: Tyranitar\n|-damage|p2a: Tyranitar|75\/100\n|\n|-weather|Sandstorm|[upkeep]\n|-damage|p1a: King K.Rool|65\/100|[from] Sandstorm\n|upkeep\n|turn|60\n|\n|t:|1700165366\n|-terastallize|p2a: Tyranitar|Rock\n|move|p1a: King K.Rool|Tera Blast|p2a: Tyranitar|[anim] Tera Blast Fairy\n|-damage|p2a: Tyranitar|26\/100\n|move|p2a: Tyranitar|Earthquake|p1a: King K.Rool\n|-damage|p1a: King K.Rool|39\/100\n|\n|-weather|Sandstorm|[upkeep]\n|-damage|p1a: King K.Rool|33\/100|[from] Sandstorm\n|upkeep\n|turn|61\n|\n|t:|1700165375\n|move|p1a: King K.Rool|Tera Blast|p2a: Tyranitar|[anim] Tera Blast Fairy\n|-damage|p2a: Tyranitar|0 fnt\n|faint|p2a: Tyranitar\n|\n|-weather|Sandstorm|[upkeep]\n|-damage|p1a: King K.Rool|27\/100|[from] Sandstorm\n|upkeep\n|\n|t:|1700165378\n|switch|p2a: Blissey|Blissey, F|22\/100\n|turn|62\n|\n|t:|1700165383\n|move|p1a: King K.Rool|Torch Song|p2a: Blissey\n|-damage|p2a: Blissey|0 fnt\n|faint|p2a: Blissey\n|\n|-weather|Sandstorm|[upkeep]\n|-damage|p1a: King K.Rool|21\/100|[from] Sandstorm\n|upkeep\n|\n|t:|1700165386\n|switch|p2a: Clefable|Clefable, F|83\/100\n|turn|63\n|\n|t:|1700165391\n|move|p1a: King K.Rool|Slack Off|p1a: King K.Rool\n|-heal|p1a: King K.Rool|71\/100\n|move|p2a: Clefable|Draining Kiss|p1a: King K.Rool\n|-damage|p1a: King K.Rool|53\/100\n|-heal|p2a: Clefable|97\/100|[from] drain|[of] p1a: King K.Rool\n|\n|-weather|none\n|-heal|p2a: Clefable|100\/100|[from] item: Leftovers\n|upkeep\n|turn|64\n|\n|t:|1700165394\n|move|p1a: King K.Rool|Tera Blast|p2a: Clefable|[anim] Tera Blast Fairy\n|-damage|p2a: Clefable|65\/100\n|move|p2a: Clefable|Calm Mind|p2a: Clefable\n|-boost|p2a: Clefable|spa|1\n|-boost|p2a: Clefable|spd|1\n|\n|-heal|p2a: Clefable|71\/100|[from] item: Leftovers\n|upkeep\n|turn|65\n|\n|t:|1700165399\n|move|p1a: King K.Rool|Tera Blast|p2a: Clefable|[anim] Tera Blast Fairy\n|-damage|p2a: Clefable|40\/100\n|move|p2a: Clefable|Draining Kiss|p1a: King K.Rool\n|-damage|p1a: King K.Rool|36\/100\n|-heal|p2a: Clefable|53\/100|[from] drain|[of] p1a: King K.Rool\n|\n|-heal|p2a: Clefable|59\/100|[from] item: Leftovers\n|upkeep\n|turn|66\n|-message|Outdated Puppet forfeited.\n|\n|win|Shadowkipz13\n|raw|Shadowkipz13's rating: 1290 &rarr; <strong>1322<\/strong><br \/>(+32 for winning)\n|raw|Outdated Puppet's rating: 1397 &rarr; <strong>1371<\/strong><br \/>(-26 for losing)\n|l|\u2606Outdated Puppet\n","uploadtime":1700165416,"views":4,"p1id":"shadowkipz13","p2id":"outdatedpuppet","formatid":"gen9anythinggoes","rating":1322,"private":0,"password":""}