{"id":"gen9anythinggoes-1972225996","p1":"SpaceTemmie","p2":"Aymanmc","format":"[Gen 9] Anything Goes","log":"|j|\u2606SpaceTemmie\n|j|\u2606Aymanmc\n|t:|1697823053\n|gametype|singles\n|player|p1|SpaceTemmie|proton|1568\n|player|p2|Aymanmc|101|1433\n|teamsize|p1|6\n|teamsize|p2|6\n|gen|9\n|tier|[Gen 9] Anything Goes\n|rated|\n|rule|HP Percentage Mod: HP is shown in percentages\n|rule|Endless Battle Clause: Forcing endless battles is banned\n|clearpoke\n|poke|p1|Calyrex-Shadow|\n|poke|p1|Giratina|\n|poke|p1|Gothitelle, M|\n|poke|p1|Arceus|\n|poke|p1|Arceus-Ground|\n|poke|p1|Arceus-Fairy|\n|poke|p2|Miraidon|\n|poke|p2|Koraidon|\n|poke|p2|Espathra, F|\n|poke|p2|Calyrex-Shadow|\n|poke|p2|Palafin, F|\n|poke|p2|Volcarona, M|\n|teampreview\n|inactive|Battle timer is ON: inactive players will automatically lose when time's up. (requested by SpaceTemmie)\n|\n|t:|1697823055\n|start\n|switch|p1a: Stop setting up|Gothitelle, M|100\/100\n|switch|p2a: Palafin|Palafin, F|100\/100\n|turn|1\n|\n|t:|1697823061\n|move|p1a: Stop setting up|Trick|p2a: Palafin\n|-activate|p1a: Stop setting up|move: Trick|[of] p2a: Palafin\n|-item|p2a: Palafin|Choice Scarf|[from] move: Trick\n|-item|p1a: Stop setting up|Choice Band|[from] move: Trick\n|move|p2a: Palafin|Flip Turn|p1a: Stop setting up\n|-damage|p1a: Stop setting up|74\/100\n|\n|t:|1697823070\n|detailschange|p2a: Palafin|Palafin-Hero, F\n|switch|p2a: Espathra|Espathra, F|100\/100|[from] Flip Turn\n|\n|upkeep\n|turn|2\n|\n|t:|1697823074\n|move|p2a: Espathra|Calm Mind|p2a: Espathra\n|-boost|p2a: Espathra|spa|1\n|-boost|p2a: Espathra|spd|1\n|move|p1a: Stop setting up|Trick|p2a: Espathra\n|-activate|p1a: Stop setting up|move: Trick|[of] p2a: Espathra\n|-item|p2a: Espathra|Choice Band|[from] move: Trick\n|-item|p1a: Stop setting up|Focus Sash|[from] move: Trick\n|\n|-ability|p2a: Espathra|Speed Boost|boost\n|-boost|p2a: Espathra|spe|1\n|upkeep\n|turn|3\n|\n|t:|1697823083\n|move|p2a: Espathra|Protect|p2a: Espathra\n|-singleturn|p2a: Espathra|Protect\n|move|p1a: Stop setting up|Shadow Ball|p2a: Espathra\n|-activate|p2a: Espathra|move: Protect\n|\n|-ability|p2a: Espathra|Speed Boost|boost\n|-boost|p2a: Espathra|spe|1\n|upkeep\n|turn|4\n|\n|t:|1697823093\n|move|p2a: Espathra|Protect|p2a: Espathra\n|-singleturn|p2a: Espathra|Protect\n|move|p1a: Stop setting up|Calm Mind|p1a: Stop setting up\n|-boost|p1a: Stop setting up|spa|1\n|-boost|p1a: Stop setting up|spd|1\n|\n|-ability|p2a: Espathra|Speed Boost|boost\n|-boost|p2a: Espathra|spe|1\n|upkeep\n|turn|5\n|\n|t:|1697823104\n|move|p2a: Espathra|Protect|p2a: Espathra\n|-singleturn|p2a: Espathra|Protect\n|move|p1a: Stop setting up|Calm Mind|p1a: Stop setting up\n|-boost|p1a: Stop setting up|spa|1\n|-boost|p1a: Stop setting up|spd|1\n|\n|-ability|p2a: Espathra|Speed Boost|boost\n|-boost|p2a: Espathra|spe|1\n|upkeep\n|turn|6\n|\n|t:|1697823111\n|move|p2a: Espathra|Protect||[still]\n|-fail|p2a: Espathra\n|move|p1a: Stop setting up|Calm Mind|p1a: Stop setting up\n|-boost|p1a: Stop setting up|spa|1\n|-boost|p1a: Stop setting up|spd|1\n|\n|-ability|p2a: Espathra|Speed Boost|boost\n|-boost|p2a: Espathra|spe|1\n|upkeep\n|turn|7\n|\n|t:|1697823121\n|move|p2a: Espathra|Protect|p2a: Espathra\n|-singleturn|p2a: Espathra|Protect\n|move|p1a: Stop setting up|Calm Mind|p1a: Stop setting up\n|-boost|p1a: Stop setting up|spa|1\n|-boost|p1a: Stop setting up|spd|1\n|\n|-ability|p2a: Espathra|Speed Boost|boost\n|-boost|p2a: Espathra|spe|1\n|upkeep\n|turn|8\n|\n|t:|1697823130\n|move|p2a: Espathra|Protect|p2a: Espathra\n|-singleturn|p2a: Espathra|Protect\n|move|p1a: Stop setting up|Shadow Ball|p2a: Espathra\n|-activate|p2a: Espathra|move: Protect\n|\n|upkeep\n|turn|9\n|\n|t:|1697823138\n|move|p2a: Espathra|Protect||[still]\n|-fail|p2a: Espathra\n|move|p1a: Stop setting up|Calm Mind|p1a: Stop setting up\n|-boost|p1a: Stop setting up|spa|1\n|-boost|p1a: Stop setting up|spd|1\n|\n|upkeep\n|turn|10\n|\n|t:|1697823147\n|move|p2a: Espathra|Protect|p2a: Espathra\n|-singleturn|p2a: Espathra|Protect\n|move|p1a: Stop setting up|Calm Mind|p1a: Stop setting up\n|-boost|p1a: Stop setting up|spa|1\n|-boost|p1a: Stop setting up|spd|1\n|\n|upkeep\n|turn|11\n|\n|t:|1697823153\n|move|p2a: Espathra|Protect||[still]\n|-fail|p2a: Espathra\n|move|p1a: Stop setting up|Shadow Ball|p2a: Espathra\n|-supereffective|p2a: Espathra\n|-damage|p2a: Espathra|0 fnt\n|faint|p2a: Espathra\n|\n|upkeep\n|\n|t:|1697823160\n|switch|p2a: Calyrex|Calyrex-Shadow|100\/100\n|-ability|p2a: Calyrex|As One\n|-ability|p2a: Calyrex|Unnerve\n|turn|12\n|\n|t:|1697823165\n|move|p2a: Calyrex|Astral Barrage|p1a: Stop setting up\n|-supereffective|p1a: Stop setting up\n|-damage|p1a: Stop setting up|37\/100\n|move|p1a: Stop setting up|Shadow Ball|p2a: Calyrex\n|-supereffective|p2a: Calyrex\n|-enditem|p2a: Calyrex|Focus Sash\n|-damage|p2a: Calyrex|1\/100\n|\n|upkeep\n|turn|13\n|\n|t:|1697823175\n|move|p2a: Calyrex|Astral Barrage|p1a: Stop setting up\n|-supereffective|p1a: Stop setting up\n|-damage|p1a: Stop setting up|2\/100\n|move|p1a: Stop setting up|Shadow Ball|p2a: Calyrex\n|-supereffective|p2a: Calyrex\n|-damage|p2a: Calyrex|0 fnt\n|faint|p2a: Calyrex\n|\n|upkeep\n|\n|t:|1697823183\n|switch|p2a: Palafin|Palafin-Hero, F|100\/100\n|-activate|p2a: Palafin|ability: Zero to Hero\n|turn|14\n|\n|t:|1697823188\n|-terastallize|p2a: Palafin|Water\n|move|p2a: Palafin|Jet Punch|p1a: Stop setting up\n|-damage|p1a: Stop setting up|0 fnt\n|faint|p1a: Stop setting up\n|\n|upkeep\n|\n|t:|1697823190\n|switch|p1a: Giratina|Giratina, shiny|100\/100\n|-ability|p1a: Giratina|Pressure\n|turn|15\n|\n|t:|1697823197\n|move|p2a: Palafin|Jet Punch|p1a: Giratina\n|-resisted|p1a: Giratina\n|-damage|p1a: Giratina|89\/100\n|move|p1a: Giratina|Will-O-Wisp|p2a: Palafin\n|-status|p2a: Palafin|brn\n|\n|-heal|p1a: Giratina|95\/100|[from] item: Leftovers\n|-damage|p2a: Palafin|94\/100 brn|[from] brn\n|upkeep\n|turn|16\n|\n|t:|1697823206\n|switch|p2a: Miraidon|Miraidon|100\/100\n|-fieldstart|move: Electric Terrain|[from] ability: Hadron Engine|[of] p2a: Miraidon\n|move|p1a: Giratina|Will-O-Wisp|p2a: Miraidon\n|-status|p2a: Miraidon|brn\n|\n|-heal|p1a: Giratina|100\/100|[from] item: Leftovers\n|-damage|p2a: Miraidon|94\/100 brn|[from] brn\n|upkeep\n|turn|17\n|\n|t:|1697823216\n|switch|p1a: For Overall|Arceus-Fairy|100\/100\n|move|p2a: Miraidon|Electro Drift|p1a: For Overall\n|-damage|p1a: For Overall|33\/100\n|-damage|p2a: Miraidon|84\/100 brn|[from] item: Life Orb\n|\n|-damage|p2a: Miraidon|78\/100 brn|[from] brn\n|upkeep\n|turn|18\n|\n|t:|1697823225\n|switch|p1a: For Miradon|Arceus-Ground|100\/100\n|move|p2a: Miraidon|Electro Drift|p1a: For Miradon\n|-immune|p1a: For Miradon\n|\n|-damage|p2a: Miraidon|72\/100 brn|[from] brn\n|upkeep\n|turn|19\n|\n|t:|1697823237\n|switch|p1a: For Overall|Arceus-Fairy|33\/100\n|move|p2a: Miraidon|Draco Meteor|p1a: For Overall\n|-immune|p1a: For Overall\n|\n|-damage|p2a: Miraidon|66\/100 brn|[from] brn\n|upkeep\n|turn|20\n|\n|t:|1697823248\n|switch|p1a: Giratina|Giratina, shiny|100\/100\n|-ability|p1a: Giratina|Pressure\n|move|p2a: Miraidon|Overheat|p1a: Giratina\n|-resisted|p1a: Giratina\n|-damage|p1a: Giratina|78\/100\n|-unboost|p2a: Miraidon|spa|2\n|-damage|p2a: Miraidon|56\/100 brn|[from] item: Life Orb\n|\n|-heal|p1a: Giratina|84\/100|[from] item: Leftovers\n|-damage|p2a: Miraidon|50\/100 brn|[from] brn\n|-fieldend|move: Electric Terrain\n|upkeep\n|turn|21\n|\n|t:|1697823260\n|move|p2a: Miraidon|Calm Mind|p2a: Miraidon\n|-boost|p2a: Miraidon|spa|1\n|-boost|p2a: Miraidon|spd|1\n|move|p1a: Giratina|Hex|p2a: Miraidon\n|-damage|p2a: Miraidon|25\/100 brn\n|\n|-heal|p1a: Giratina|90\/100|[from] item: Leftovers\n|-damage|p2a: Miraidon|19\/100 brn|[from] brn\n|upkeep\n|turn|22\n|\n|t:|1697823270\n|switch|p1a: For Overall|Arceus-Fairy|33\/100\n|move|p2a: Miraidon|Draco Meteor|p1a: For Overall\n|-immune|p1a: For Overall\n|\n|-damage|p2a: Miraidon|13\/100 brn|[from] brn\n|upkeep\n|turn|23\n|\n|t:|1697823279\n|move|p2a: Miraidon|Overheat|p1a: For Overall|[miss]\n|-miss|p2a: Miraidon|p1a: For Overall\n|move|p1a: For Overall|Recover|p1a: For Overall\n|-heal|p1a: For Overall|83\/100\n|\n|-damage|p2a: Miraidon|6\/100 brn|[from] brn\n|upkeep\n|turn|24\n|-message|Aymanmc forfeited.\n|\n|win|SpaceTemmie\n|raw|SpaceTemmie's rating: 1568 &rarr; <strong>1581<\/strong><br \/>(+13 for winning)\n|raw|Aymanmc's rating: 1433 &rarr; <strong>1420<\/strong><br \/>(-13 for losing)\n|l|\u2606Aymanmc\n","uploadtime":1697823302,"views":7,"p1id":"spacetemmie","p2id":"aymanmc","formatid":"gen9anythinggoes","rating":1420,"private":0,"password":""}