{"id":"gen9anythinggoes-1972323916","p1":"kingokp","p2":"Mr.WTM","format":"[Gen 9] Anything Goes","log":"|j|\u2606kingokp\n|j|\u2606Mr.WTM\n|t:|1697831407\n|gametype|singles\n|player|p1|kingokp|aetherfoundation|1168\n|player|p2|Mr.WTM|norman|1214\n|teamsize|p1|6\n|teamsize|p2|6\n|gen|9\n|tier|[Gen 9] Anything Goes\n|rated|\n|rule|HP Percentage Mod: HP is shown in percentages\n|rule|Endless Battle Clause: Forcing endless battles is banned\n|clearpoke\n|poke|p1|Krookodile, M|\n|poke|p1|Krookodile, M|\n|poke|p1|Orthworm, F|\n|poke|p1|Zapdos|\n|poke|p1|Iron Bundle|\n|poke|p1|Azumarill, M|\n|poke|p2|Blissey, F|\n|poke|p2|Rillaboom, M|\n|poke|p2|Lycanroc-Midnight, F|\n|poke|p2|Chien-Pao|\n|poke|p2|Glimmora, F|\n|poke|p2|Arceus-Fire|\n|teampreview\n|inactive|Battle timer is ON: inactive players will automatically lose when time's up. (requested by kingokp)\n|\n|t:|1697831428\n|start\n|switch|p1a: Orthworm|Orthworm, F|100\/100\n|switch|p2a: Blissey|Blissey, F|100\/100\n|turn|1\n|\n|t:|1697831430\n|move|p1a: Orthworm|Shed Tail|p1a: Orthworm\n|-start|p1a: Orthworm|Substitute|[from] move: Shed Tail\n|-damage|p1a: Orthworm|50\/100\n|-enditem|p1a: Orthworm|Sitrus Berry|[eat]\n|-heal|p1a: Orthworm|75\/100|[from] item: Sitrus Berry\n|\n|t:|1697831436\n|switch|p1a: one punch|Azumarill, M, shiny|100\/100|[from] Shed Tail\n|move|p2a: Blissey|Thunder Wave||[still]\n|-fail|p2a: Blissey\n|\n|upkeep\n|turn|2\n|\n|t:|1697831442\n|switch|p2a: Glimmora|Glimmora, F|100\/100\n|move|p1a: one punch|Belly Drum|p1a: one punch\n|-damage|p1a: one punch|50\/100\n|-setboost|p1a: one punch|atk|6|[from] move: Belly Drum\n|-enditem|p1a: one punch|Sitrus Berry|[eat]\n|-heal|p1a: one punch|75\/100|[from] item: Sitrus Berry\n|\n|upkeep\n|turn|3\n|\n|t:|1697831456\n|move|p1a: one punch|Aqua Jet|p2a: Glimmora\n|-supereffective|p2a: Glimmora\n|-crit|p2a: Glimmora\n|-damage|p2a: Glimmora|0 fnt\n|-activate|p2a: Glimmora|ability: Toxic Debris\n|-sidestart|p1: kingokp|move: Toxic Spikes\n|faint|p2a: Glimmora\n|\n|upkeep\n|\n|t:|1697831463\n|switch|p2a: Rillaboom|Rillaboom, M|100\/100\n|-fieldstart|move: Grassy Terrain|[from] ability: Grassy Surge|[of] p2a: Rillaboom\n|-enditem|p2a: Rillaboom|Grassy Seed\n|-boost|p2a: Rillaboom|def|1|[from] item: Grassy Seed\n|turn|4\n|\n|t:|1697831466\n|move|p2a: Rillaboom|Grassy Glide|p1a: one punch\n|-supereffective|p1a: one punch\n|-end|p1a: one punch|Substitute\n|move|p1a: one punch|Ice Spinner|p2a: Rillaboom\n|-supereffective|p2a: Rillaboom\n|-damage|p2a: Rillaboom|0 fnt\n|-fieldend|move: Grassy Terrain\n|faint|p2a: Rillaboom\n|\n|upkeep\n|\n|t:|1697831479\n|switch|p2a: Arceus|Arceus-Fire|100\/100\n|turn|5\n|-message|Mr.WTM forfeited.\n|\n|win|kingokp\n|raw|kingokp's rating: 1168 &rarr; <strong>1196<\/strong><br \/>(+28 for winning)\n|raw|Mr.WTM's rating: 1214 &rarr; <strong>1186<\/strong><br \/>(-28 for losing)\n|l|\u2606Mr.WTM\n","uploadtime":1697831494,"views":10,"p1id":"kingokp","p2id":"mrwtm","formatid":"gen9anythinggoes","rating":1186,"private":0,"password":""}