{"id":"gen9anythinggoes-1985863585","p1":"moneygetter69","p2":"its a gambit trust","format":"[Gen 9] Anything Goes","log":"|j|\u2606moneygetter69\n|j|\u2606its a gambit trust\n|t:|1699414672\n|gametype|singles\n|player|p1|moneygetter69|1|1159\n|player|p2|its a gambit trust|acerola-masters|1222\n|teamsize|p1|6\n|teamsize|p2|6\n|gen|9\n|tier|[Gen 9] Anything Goes\n|rated|\n|rule|HP Percentage Mod: HP is shown in percentages\n|rule|Endless Battle Clause: Forcing endless battles is banned\n|clearpoke\n|poke|p1|Toxapex, M|\n|poke|p1|Goodra-Hisui, M|\n|poke|p1|Cloyster, F|\n|poke|p1|Dragapult, M|\n|poke|p1|Palafin, M|\n|poke|p1|Gliscor, M|\n|poke|p2|Calyrex-Shadow|\n|poke|p2|Koraidon|\n|poke|p2|Palkia-Origin|\n|poke|p2|Arceus-Flying|\n|poke|p2|Miraidon|\n|poke|p2|Groudon|\n|teampreview\n|inactive|Battle timer is ON: inactive players will automatically lose when time's up. (requested by its a gambit trust)\n|c|\u2606moneygetter69|wow\n|c|\u2606moneygetter69|all legends!\n|inactive|its a gambit trust has 120 seconds left.\n|\n|t:|1699414725\n|start\n|switch|p1a: spikey pink thing|Toxapex, M, shiny|100\/100\n|switch|p2a: Arceus|Arceus-Flying|100\/100\n|turn|1\n|\n|t:|1699414733\n|-terastallize|p2a: Arceus|Steel\n|move|p2a: Arceus|Stealth Rock|p1a: spikey pink thing\n|-sidestart|p1: moneygetter69|move: Stealth Rock\n|move|p1a: spikey pink thing|Toxic Spikes|p2a: Arceus\n|-sidestart|p2: its a gambit trust|move: Toxic Spikes\n|\n|upkeep\n|turn|2\n|\n|t:|1699414738\n|move|p2a: Arceus|Earth Power|p1a: spikey pink thing\n|-supereffective|p1a: spikey pink thing\n|-crit|p1a: spikey pink thing\n|-damage|p1a: spikey pink thing|40\/100\n|move|p1a: spikey pink thing|Toxic Spikes|p2a: Arceus\n|-sidestart|p2: its a gambit trust|move: Toxic Spikes\n|\n|upkeep\n|turn|3\n|\n|t:|1699414750\n|switch|p1a: flying coat|Gliscor, M|100\/100\n|-damage|p1a: flying coat|88\/100|[from] Stealth Rock\n|move|p2a: Arceus|Earth Power|p1a: flying coat\n|-immune|p1a: flying coat\n|\n|-status|p1a: flying coat|tox|[from] item: Toxic Orb\n|upkeep\n|turn|4\n|\n|t:|1699414761\n|move|p2a: Arceus|Judgment|p1a: flying coat\n|-damage|p1a: flying coat|0 fnt\n|faint|p1a: flying coat\n|\n|upkeep\n|\n|t:|1699414767\n|switch|p1a: my hero|Palafin, M|100\/100\n|-damage|p1a: my hero|88\/100|[from] Stealth Rock\n|turn|5\n|\n|t:|1699414772\n|move|p2a: Arceus|Judgment|p1a: my hero\n|-damage|p1a: my hero|0 fnt\n|faint|p1a: my hero\n|\n|upkeep\n|\n|t:|1699414780\n|switch|p1a: purple thing|Cloyster, F|100\/100\n|-damage|p1a: purple thing|76\/100|[from] Stealth Rock\n|turn|6\n|\n|t:|1699414782\n|move|p2a: Arceus|Judgment|p1a: purple thing\n|-damage|p1a: purple thing|0 fnt\n|faint|p1a: purple thing\n|\n|upkeep\n|\n|t:|1699414786\n|switch|p1a: spikey pink thing|Toxapex, M, shiny|73\/100\n|-damage|p1a: spikey pink thing|61\/100|[from] Stealth Rock\n|turn|7\n|\n|t:|1699414794\n|move|p1a: spikey pink thing|Baneful Bunker|p1a: spikey pink thing\n|-singleturn|p1a: spikey pink thing|move: Protect\n|move|p2a: Arceus|Earth Power|p1a: spikey pink thing\n|-activate|p1a: spikey pink thing|move: Protect\n|\n|upkeep\n|turn|8\n|\n|t:|1699414801\n|switch|p1a: slimey pink thing|Goodra-Hisui, M|100\/100\n|-damage|p1a: slimey pink thing|94\/100|[from] Stealth Rock\n|move|p2a: Arceus|Earth Power|p1a: slimey pink thing\n|-supereffective|p1a: slimey pink thing\n|-damage|p1a: slimey pink thing|50\/100\n|\n|-heal|p1a: slimey pink thing|57\/100|[from] item: Leftovers\n|upkeep\n|turn|9\n|\n|t:|1699414808\n|move|p2a: Arceus|Earth Power|p1a: slimey pink thing\n|-supereffective|p1a: slimey pink thing\n|-damage|p1a: slimey pink thing|13\/100\n|move|p1a: slimey pink thing|Body Press|p2a: Arceus\n|-supereffective|p2a: Arceus\n|-damage|p2a: Arceus|72\/100\n|\n|-heal|p1a: slimey pink thing|19\/100|[from] item: Leftovers\n|upkeep\n|turn|10\n|\n|t:|1699414817\n|move|p2a: Arceus|Earth Power|p1a: slimey pink thing\n|-supereffective|p1a: slimey pink thing\n|-damage|p1a: slimey pink thing|0 fnt\n|faint|p1a: slimey pink thing\n|\n|upkeep\n|\n|t:|1699414822\n|switch|p1a: red thing|Dragapult, M|100\/100\n|-damage|p1a: red thing|88\/100|[from] Stealth Rock\n|turn|11\n|\n|t:|1699414832\n|move|p1a: red thing|Phantom Force||[still]\n|-prepare|p1a: red thing|Phantom Force\n|move|p2a: Arceus|Recover|p2a: Arceus\n|-heal|p2a: Arceus|100\/100\n|\n|-heal|p1a: red thing|94\/100|[from] item: Leftovers\n|upkeep\n|turn|12\n|\n|t:|1699414838\n|move|p1a: red thing|Phantom Force|p2a: Arceus|[from]lockedmove\n|-damage|p2a: Arceus|67\/100\n|move|p2a: Arceus|Judgment|p1a: red thing\n|-damage|p1a: red thing|10\/100\n|\n|-heal|p1a: red thing|16\/100|[from] item: Leftovers\n|upkeep\n|turn|13\n|\n|t:|1699414845\n|move|p1a: red thing|Phantom Force||[still]\n|-prepare|p1a: red thing|Phantom Force\n|move|p2a: Arceus|Judgment|p1a: red thing|[miss]\n|-miss|p2a: Arceus|p1a: red thing\n|\n|-heal|p1a: red thing|22\/100|[from] item: Leftovers\n|upkeep\n|turn|14\n|\n|t:|1699414848\n|move|p1a: red thing|Phantom Force|p2a: Arceus|[from]lockedmove\n|-damage|p2a: Arceus|33\/100\n|move|p2a: Arceus|Judgment|p1a: red thing\n|-damage|p1a: red thing|0 fnt\n|faint|p1a: red thing\n|\n|upkeep\n|\n|t:|1699414851\n|switch|p1a: spikey pink thing|Toxapex, M, shiny|94\/100\n|-damage|p1a: spikey pink thing|82\/100|[from] Stealth Rock\n|turn|15\n|\n|t:|1699414857\n|move|p1a: spikey pink thing|Baneful Bunker|p1a: spikey pink thing\n|-singleturn|p1a: spikey pink thing|move: Protect\n|move|p2a: Arceus|Earth Power|p1a: spikey pink thing\n|-activate|p1a: spikey pink thing|move: Protect\n|\n|upkeep\n|turn|16\n|\n|t:|1699414860\n|move|p2a: Arceus|Earth Power|p1a: spikey pink thing\n|-supereffective|p1a: spikey pink thing\n|-damage|p1a: spikey pink thing|41\/100\n|-unboost|p1a: spikey pink thing|spd|1\n|move|p1a: spikey pink thing|Chilling Water|p2a: Arceus\n|-damage|p2a: Arceus|25\/100\n|-unboost|p2a: Arceus|atk|1\n|\n|upkeep\n|turn|17\n|\n|t:|1699414864\n|move|p1a: spikey pink thing|Baneful Bunker|p1a: spikey pink thing\n|-singleturn|p1a: spikey pink thing|move: Protect\n|move|p2a: Arceus|Earth Power|p1a: spikey pink thing\n|-activate|p1a: spikey pink thing|move: Protect\n|\n|upkeep\n|turn|18\n|\n|t:|1699414871\n|move|p2a: Arceus|Earth Power|p1a: spikey pink thing\n|-supereffective|p1a: spikey pink thing\n|-crit|p1a: spikey pink thing\n|-damage|p1a: spikey pink thing|0 fnt\n|faint|p1a: spikey pink thing\n|\n|win|its a gambit trust\n|raw|moneygetter69's rating: 1159 &rarr; <strong>1138<\/strong><br \/>(-21 for losing)\n|raw|its a gambit trust's rating: 1222 &rarr; <strong>1243<\/strong><br \/>(+21 for winning)\n|l|\u2606moneygetter69\n","uploadtime":1699415079,"views":5,"p1id":"moneygetter69","p2id":"itsagambittrust","formatid":"gen9anythinggoes","rating":1138,"private":0,"password":""}