{"id":"gen9anythinggoes-1990509664","p1":"Eriski","p2":"Jeremy647","format":"[Gen 9] Anything Goes","log":"|j|\u2606Eriski\n|j|\u2606Jeremy647\n|t:|1699977332\n|gametype|singles\n|player|p1|Eriski|giovanni|1300\n|player|p2|Jeremy647|ruinmaniac|1368\n|teamsize|p1|6\n|teamsize|p2|3\n|gen|9\n|tier|[Gen 9] Anything Goes\n|rated|\n|rule|HP Percentage Mod: HP is shown in percentages\n|rule|Endless Battle Clause: Forcing endless battles is banned\n|clearpoke\n|poke|p1|Garchomp, M|\n|poke|p1|Milotic, M|\n|poke|p1|Dragonite, M|\n|poke|p1|Grimmsnarl, M|\n|poke|p1|Dragapult, M|\n|poke|p1|Darkrai|\n|poke|p2|Calyrex-Shadow|\n|poke|p2|Miraidon|\n|poke|p2|Iron Bundle|\n|teampreview\n|inactive|Battle timer is ON: inactive players will automatically lose when time's up. (requested by Jeremy647)\n|c|\u2606Eriski|oh.\n|\n|t:|1699977351\n|start\n|switch|p1a: Grimmsnarl|Grimmsnarl, M|100\/100\n|switch|p2a: Miraidon|Miraidon|100\/100\n|-fieldstart|move: Electric Terrain|[from] ability: Hadron Engine|[of] p2a: Miraidon\n|turn|1\n|\n|t:|1699977361\n|move|p1a: Grimmsnarl|Reflect|p1a: Grimmsnarl\n|-sidestart|p1: Eriski|Reflect\n|move|p2a: Miraidon|Volt Switch|p1a: Grimmsnarl\n|-damage|p1a: Grimmsnarl|5\/100\n|\n|t:|1699977363\n|switch|p2a: Iron Bundle|Iron Bundle, shiny|100\/100|[from] Volt Switch\n|-activate|p2a: Iron Bundle|ability: Quark Drive\n|-start|p2a: Iron Bundle|quarkdrivespe\n|\n|upkeep\n|turn|2\n|\n|t:|1699977369\n|move|p1a: Grimmsnarl|Thunder Wave|p2a: Iron Bundle\n|-status|p2a: Iron Bundle|par\n|move|p2a: Iron Bundle|Flip Turn|p1a: Grimmsnarl\n|-damage|p1a: Grimmsnarl|0 fnt\n|faint|p1a: Grimmsnarl\n|\n|t:|1699977377\n|-end|p2a: Iron Bundle|Quark Drive|[silent]\n|switch|p2a: Miraidon|Miraidon|100\/100|[from] Flip Turn\n|-activate|p2a: Miraidon|ability: Hadron Engine\n|\n|upkeep\n|\n|t:|1699977385\n|switch|p1a: Dragapult|Dragapult, M|100\/100\n|turn|3\n|\n|t:|1699977387\n|move|p1a: Dragapult|Dragon Darts|p2a: Miraidon\n|-supereffective|p2a: Miraidon\n|-damage|p2a: Miraidon|40\/100\n|-anim|p1a: Dragapult|Dragon Darts|p2a: Miraidon\n|-supereffective|p2a: Miraidon\n|-damage|p2a: Miraidon|0 fnt\n|faint|p2a: Miraidon\n|\n|upkeep\n|\n|t:|1699977391\n|switch|p2a: Calyrex|Calyrex-Shadow|100\/100\n|-ability|p2a: Calyrex|As One\n|-ability|p2a: Calyrex|Unnerve\n|turn|4\n|\n|t:|1699977397\n|-terastallize|p2a: Calyrex|Dark\n|move|p2a: Calyrex|Dark Pulse|p1a: Dragapult\n|-supereffective|p1a: Dragapult\n|-enditem|p1a: Dragapult|Focus Sash\n|-damage|p1a: Dragapult|1\/100\n|move|p1a: Dragapult|Phantom Force||[still]\n|-prepare|p1a: Dragapult|Phantom Force\n|\n|upkeep\n|turn|5\n|\n|t:|1699977406\n|move|p2a: Calyrex|Nasty Plot|p2a: Calyrex\n|-boost|p2a: Calyrex|spa|2\n|move|p1a: Dragapult|Phantom Force|p2a: Calyrex|[from]lockedmove\n|-resisted|p2a: Calyrex\n|-damage|p2a: Calyrex|69\/100\n|\n|-fieldend|move: Electric Terrain\n|upkeep\n|turn|6\n|\n|t:|1699977417\n|-terastallize|p1a: Dragapult|Normal\n|move|p2a: Calyrex|Dark Pulse|p1a: Dragapult\n|-damage|p1a: Dragapult|0 fnt\n|faint|p1a: Dragapult\n|-ability|p2a: Calyrex|Grim Neigh|boost\n|-boost|p2a: Calyrex|spa|1\n|-heal|p2a: Calyrex|69\/100|[from] item: Shell Bell|[of] p1: Dragapult\n|\n|upkeep\n|c|\u2606Eriski|forgor\n|\n|t:|1699977427\n|switch|p1a: Dragonite|Dragonite, M|100\/100\n|turn|7\n|\n|t:|1699977431\n|move|p2a: Calyrex|Dark Pulse|p1a: Dragonite\n|-damage|p1a: Dragonite|64\/100\n|-heal|p2a: Calyrex|74\/100|[from] item: Shell Bell|[of] p1a: Dragonite\n|cant|p1a: Dragonite|flinch\n|\n|upkeep\n|turn|8\n|\n|t:|1699977437\n|move|p2a: Calyrex|Astral Barrage|p1a: Dragonite\n|-damage|p1a: Dragonite|0 fnt\n|faint|p1a: Dragonite\n|-ability|p2a: Calyrex|Grim Neigh|boost\n|-boost|p2a: Calyrex|spa|1\n|-heal|p2a: Calyrex|83\/100|[from] item: Shell Bell|[of] p1: Dragonite\n|\n|-sideend|p1: Eriski|Reflect\n|upkeep\n|\n|t:|1699977446\n|switch|p1a: Milotic|Milotic, M|100\/100\n|turn|9\n|c|\u2606Eriski|cmon milo\n|\n|t:|1699977451\n|move|p2a: Calyrex|Astral Barrage|p1a: Milotic\n|-damage|p1a: Milotic|0 fnt\n|faint|p1a: Milotic\n|-ability|p2a: Calyrex|Grim Neigh|boost\n|-boost|p2a: Calyrex|spa|1\n|-heal|p2a: Calyrex|97\/100|[from] item: Shell Bell|[of] p1: Milotic\n|\n|upkeep\n|c|\u2606Eriski|sad\n|-message|Eriski forfeited.\n|\n|win|Jeremy647\n|raw|Eriski's rating: 1300 &rarr; <strong>1280<\/strong><br \/>(-20 for losing)\n|raw|Jeremy647's rating: 1368 &rarr; <strong>1384<\/strong><br \/>(+16 for winning)\n|l|\u2606Eriski\n","uploadtime":1699977473,"views":4,"p1id":"eriski","p2id":"jeremy647","formatid":"gen9anythinggoes","rating":1280,"private":0,"password":""}