{"id":"gen9anythinggoes-1988643429","p1":"GuriaN oF AurA","p2":"LingLing007","format":"[Gen 9] Anything Goes","log":"|j|\u2606GuriaN oF AurA\n|j|\u2606LingLing007\n|t:|1699745454\n|gametype|singles\n|player|p1|GuriaN oF AurA|riley|1235\n|player|p2|LingLing007|cynthia-masters2|1350\n|teamsize|p1|6\n|teamsize|p2|6\n|gen|9\n|tier|[Gen 9] Anything Goes\n|rated|\n|rule|HP Percentage Mod: HP is shown in percentages\n|rule|Endless Battle Clause: Forcing endless battles is banned\n|clearpoke\n|poke|p1|Blissey, F|\n|poke|p1|Houndstone, M|\n|poke|p1|Tyranitar, M|\n|poke|p1|Espathra, M|\n|poke|p1|Gliscor, M|\n|poke|p1|Eternatus|\n|poke|p2|Gholdengo|\n|poke|p2|Gengar, M|\n|poke|p2|Skeledirge, M|\n|poke|p2|Sinistcha-Masterpiece|\n|poke|p2|Annihilape, M|\n|poke|p2|Roaring Moon|\n|teampreview\n|inactive|Battle timer is ON: inactive players will automatically lose when time's up. (requested by GuriaN oF AurA)\n|c|\u2606GuriaN oF AurA|Hi\n|\n|t:|1699745468\n|start\n|switch|p1a: Espathra|Espathra, M, shiny|100\/100\n|switch|p2a: Gengar|Gengar, M|100\/100\n|turn|1\n|\n|t:|1699745480\n|move|p1a: Espathra|Protect|p1a: Espathra\n|-singleturn|p1a: Espathra|Protect\n|move|p2a: Gengar|Mean Look|p1a: Espathra\n|-activate|p1a: Espathra|trapped\n|\n|-ability|p1a: Espathra|Speed Boost|boost\n|-boost|p1a: Espathra|spe|1\n|upkeep\n|turn|2\n|\n|t:|1699745494\n|move|p1a: Espathra|Baton Pass|p1a: Espathra\n|\n|t:|1699745496\n|switch|p1a: Blissey|Blissey, F, shiny|100\/100|[from] Baton Pass\n|move|p2a: Gengar|Encore||[still]\n|-fail|p2a: Gengar\n|\n|upkeep\n|turn|3\n|\n|t:|1699745505\n|move|p2a: Gengar|Mean Look|p1a: Blissey\n|-activate|p1a: Blissey|trapped\n|move|p1a: Blissey|Substitute|p1a: Blissey\n|-start|p1a: Blissey|Substitute\n|-damage|p1a: Blissey|76\/100\n|\n|-heal|p1a: Blissey|82\/100|[from] item: Leftovers\n|upkeep\n|turn|4\n|\n|t:|1699745513\n|move|p2a: Gengar|Encore|p1a: Blissey\n|-start|p1a: Blissey|Encore\n|move|p1a: Blissey|Substitute|p1a: Blissey\n|-fail|p1a: Blissey|move: Substitute\n|\n|-heal|p1a: Blissey|88\/100|[from] item: Leftovers\n|upkeep\n|turn|5\n|\n|t:|1699745519\n|move|p2a: Gengar|Perish Song|p2a: Gengar\n|-start|p1a: Blissey|perish3|[silent]\n|-start|p2a: Gengar|perish3|[silent]\n|-fieldactivate|move: Perish Song\n|move|p1a: Blissey|Substitute|p1a: Blissey\n|-fail|p1a: Blissey|move: Substitute\n|\n|-heal|p1a: Blissey|94\/100|[from] item: Leftovers\n|-start|p2a: Gengar|perish3\n|-start|p1a: Blissey|perish3\n|upkeep\n|turn|6\n|\n|t:|1699745522\n|move|p2a: Gengar|Destiny Bond|p2a: Gengar\n|-singlemove|p2a: Gengar|Destiny Bond\n|move|p1a: Blissey|Substitute|p1a: Blissey\n|-fail|p1a: Blissey|move: Substitute\n|\n|-heal|p1a: Blissey|99\/100|[from] item: Leftovers\n|-end|p1a: Blissey|Encore\n|-start|p2a: Gengar|perish2\n|-start|p1a: Blissey|perish2\n|upkeep\n|turn|7\n|\n|t:|1699745535\n|move|p2a: Gengar|Encore|p1a: Blissey\n|-start|p1a: Blissey|Encore\n|move|p1a: Blissey|Substitute|p1a: Blissey\n|-fail|p1a: Blissey|move: Substitute\n|\n|-heal|p1a: Blissey|100\/100|[from] item: Leftovers\n|-start|p2a: Gengar|perish1\n|-start|p1a: Blissey|perish1\n|upkeep\n|turn|8\n|\n|t:|1699745539\n|switch|p2a: Gholdengo|Gholdengo|100\/100\n|move|p1a: Blissey|Substitute|p1a: Blissey\n|-fail|p1a: Blissey|move: Substitute\n|\n|-start|p1a: Blissey|perish0\n|upkeep\n|faint|p1a: Blissey\n|\n|t:|1699745548\n|switch|p1a: Espathra|Espathra, M, shiny|100\/100\n|turn|9\n|\n|t:|1699745559\n|move|p1a: Espathra|Calm Mind|p1a: Espathra\n|-boost|p1a: Espathra|spa|1\n|-boost|p1a: Espathra|spd|1\n|move|p2a: Gholdengo|Trick|p1a: Espathra\n|-activate|p2a: Gholdengo|move: Trick|[of] p1a: Espathra\n|-item|p1a: Espathra|Choice Specs|[from] move: Trick\n|-item|p2a: Gholdengo|Leftovers|[from] move: Trick\n|\n|-ability|p1a: Espathra|Speed Boost|boost\n|-boost|p1a: Espathra|spe|1\n|upkeep\n|turn|10\n|\n|t:|1699745574\n|move|p1a: Espathra|Baton Pass|p1a: Espathra\n|\n|t:|1699745576\n|switch|p1a: Eternatus|Eternatus, shiny|100\/100|[from] Baton Pass\n|-ability|p1a: Eternatus|Pressure\n|move|p2a: Gholdengo|Make It Rain|p1a: Eternatus\n|-damage|p1a: Eternatus|67\/100\n|-unboost|p2a: Gholdengo|spa|1\n|\n|-heal|p1a: Eternatus|74\/100|[from] item: Leftovers\n|upkeep\n|turn|11\n|\n|t:|1699745603\n|switch|p2a: Sinistcha|Sinistcha-Masterpiece|100\/100\n|move|p1a: Eternatus|Flamethrower|p2a: Sinistcha\n|-supereffective|p2a: Sinistcha\n|-damage|p2a: Sinistcha|50\/100\n|\n|-heal|p1a: Eternatus|80\/100|[from] item: Leftovers\n|-status|p2a: Sinistcha|brn|[from] item: Flame Orb\n|upkeep\n|turn|12\n|\n|t:|1699745614\n|move|p1a: Eternatus|Flamethrower|p2a: Sinistcha\n|-supereffective|p2a: Sinistcha\n|-damage|p2a: Sinistcha|0 fnt\n|faint|p2a: Sinistcha\n|\n|-heal|p1a: Eternatus|86\/100|[from] item: Leftovers\n|upkeep\n|\n|t:|1699745618\n|switch|p2a: Gengar|Gengar, M|100\/100\n|turn|13\n|\n|t:|1699745625\n|move|p1a: Eternatus|Dynamax Cannon|p2a: Gengar\n|-enditem|p2a: Gengar|Focus Sash\n|-damage|p2a: Gengar|1\/100\n|move|p2a: Gengar|Destiny Bond|p2a: Gengar\n|-singlemove|p2a: Gengar|Destiny Bond\n|\n|-heal|p1a: Eternatus|92\/100|[from] item: Leftovers\n|upkeep\n|turn|14\n|\n|t:|1699745636\n|move|p1a: Eternatus|Recover|p1a: Eternatus\n|-heal|p1a: Eternatus|100\/100\n|move|p2a: Gengar|Perish Song|p2a: Gengar\n|-start|p1a: Eternatus|perish3|[silent]\n|-start|p2a: Gengar|perish3|[silent]\n|-fieldactivate|move: Perish Song\n|\n|-start|p1a: Eternatus|perish3\n|-start|p2a: Gengar|perish3\n|upkeep\n|turn|15\n|\n|t:|1699745647\n|move|p1a: Eternatus|Flamethrower|p2a: Gengar\n|-damage|p2a: Gengar|0 fnt\n|-start|p1a: Eternatus|Disable|Flamethrower|[from] ability: Cursed Body|[of] p2a: Gengar\n|faint|p2a: Gengar\n|\n|-start|p1a: Eternatus|perish2\n|upkeep\n|\n|t:|1699745658\n|switch|p2a: Annihilape|Annihilape, M|100\/100\n|turn|16\n|\n|t:|1699745664\n|move|p1a: Eternatus|Toxic|p2a: Annihilape\n|-status|p2a: Annihilape|tox\n|move|p2a: Annihilape|Bulk Up|p2a: Annihilape\n|-boost|p2a: Annihilape|atk|1\n|-boost|p2a: Annihilape|def|1\n|\n|-damage|p2a: Annihilape|94\/100 tox|[from] psn\n|-start|p1a: Eternatus|perish1\n|upkeep\n|turn|17\n|\n|t:|1699745673\n|move|p1a: Eternatus|Dynamax Cannon|p2a: Annihilape\n|-damage|p2a: Annihilape|4\/100 tox\n|move|p2a: Annihilape|Bulk Up|p2a: Annihilape\n|-boost|p2a: Annihilape|atk|1\n|-boost|p2a: Annihilape|def|1\n|\n|-damage|p2a: Annihilape|0 fnt|[from] psn\n|faint|p2a: Annihilape\n|-start|p1a: Eternatus|perish0\n|upkeep\n|faint|p1a: Eternatus\n|\n|t:|1699745686\n|switch|p1a: Espathra|Espathra, M, shiny|100\/100\n|switch|p2a: Skeledirge|Skeledirge, M|100\/100\n|turn|18\n|\n|t:|1699745697\n|move|p1a: Espathra|Lumina Crash|p2a: Skeledirge\n|-damage|p2a: Skeledirge|65\/100\n|-unboost|p2a: Skeledirge|spd|2\n|move|p2a: Skeledirge|Will-O-Wisp|p1a: Espathra\n|-status|p1a: Espathra|brn\n|\n|-heal|p2a: Skeledirge|71\/100|[from] item: Leftovers\n|-damage|p1a: Espathra|94\/100 brn|[from] brn\n|-ability|p1a: Espathra|Speed Boost|boost\n|-boost|p1a: Espathra|spe|1\n|upkeep\n|turn|19\n|\n|t:|1699745704\n|switch|p2a: Roaring Moon|Roaring Moon|100\/100\n|-enditem|p2a: Roaring Moon|Booster Energy\n|-activate|p2a: Roaring Moon|ability: Protosynthesis|[fromitem]\n|-start|p2a: Roaring Moon|protosynthesisspe\n|move|p1a: Espathra|Lumina Crash|p2a: Roaring Moon\n|-immune|p2a: Roaring Moon\n|\n|-damage|p1a: Espathra|88\/100 brn|[from] brn\n|-ability|p1a: Espathra|Speed Boost|boost\n|-boost|p1a: Espathra|spe|1\n|upkeep\n|turn|20\n|\n|t:|1699745713\n|switch|p1a: Gliscor|Gliscor, M, shiny|100\/100\n|move|p2a: Roaring Moon|Dragon Dance|p2a: Roaring Moon\n|-boost|p2a: Roaring Moon|atk|1\n|-boost|p2a: Roaring Moon|spe|1\n|\n|-status|p1a: Gliscor|tox|[from] item: Toxic Orb\n|upkeep\n|turn|21\n|\n|t:|1699745727\n|move|p2a: Roaring Moon|Knock Off|p1a: Gliscor\n|-damage|p1a: Gliscor|27\/100 tox\n|-enditem|p1a: Gliscor|Toxic Orb|[from] move: Knock Off|[of] p2a: Roaring Moon\n|move|p1a: Gliscor|Substitute|p1a: Gliscor\n|-start|p1a: Gliscor|Substitute\n|-damage|p1a: Gliscor|3\/100 tox\n|\n|-heal|p1a: Gliscor|15\/100 tox|[from] ability: Poison Heal\n|upkeep\n|turn|22\n|\n|t:|1699745739\n|move|p1a: Gliscor|Protect|p1a: Gliscor\n|-singleturn|p1a: Gliscor|Protect\n|move|p2a: Roaring Moon|Earthquake|p1a: Gliscor\n|-activate|p1a: Gliscor|move: Protect\n|\n|-heal|p1a: Gliscor|27\/100 tox|[from] ability: Poison Heal\n|upkeep\n|turn|23\n|\n|t:|1699745749\n|move|p2a: Roaring Moon|Knock Off|p1a: Gliscor\n|-end|p1a: Gliscor|Substitute\n|move|p1a: Gliscor|Swords Dance|p1a: Gliscor\n|-boost|p1a: Gliscor|atk|2\n|\n|-heal|p1a: Gliscor|40\/100 tox|[from] ability: Poison Heal\n|upkeep\n|turn|24\n|\n|t:|1699745757\n|move|p1a: Gliscor|Protect|p1a: Gliscor\n|-singleturn|p1a: Gliscor|Protect\n|move|p2a: Roaring Moon|Knock Off|p1a: Gliscor\n|-activate|p1a: Gliscor|move: Protect\n|\n|-heal|p1a: Gliscor|52\/100 tox|[from] ability: Poison Heal\n|upkeep\n|turn|25\n|\n|t:|1699745766\n|move|p2a: Roaring Moon|Acrobatics|p1a: Gliscor\n|-damage|p1a: Gliscor|3\/100 tox\n|move|p1a: Gliscor|Dual Wingbeat|p2a: Roaring Moon\n|-damage|p2a: Roaring Moon|62\/100\n|-damage|p2a: Roaring Moon|24\/100\n|-hitcount|p2a: Roaring Moon|2\n|\n|-heal|p1a: Gliscor|15\/100 tox|[from] ability: Poison Heal\n|upkeep\n|turn|26\n|\n|t:|1699745778\n|move|p1a: Gliscor|Protect|p1a: Gliscor\n|-singleturn|p1a: Gliscor|Protect\n|move|p2a: Roaring Moon|Dragon Dance|p2a: Roaring Moon\n|-boost|p2a: Roaring Moon|atk|1\n|-boost|p2a: Roaring Moon|spe|1\n|\n|-heal|p1a: Gliscor|27\/100 tox|[from] ability: Poison Heal\n|upkeep\n|turn|27\n|\n|t:|1699745785\n|move|p1a: Gliscor|Protect||[still]\n|-fail|p1a: Gliscor\n|move|p2a: Roaring Moon|Acrobatics|p1a: Gliscor\n|-damage|p1a: Gliscor|0 fnt\n|faint|p1a: Gliscor\n|\n|upkeep\n|\n|t:|1699745790\n|switch|p1a: Espathra|Espathra, M, shiny|88\/100 brn\n|turn|28\n|\n|t:|1699745807\n|move|p1a: Espathra|Protect|p1a: Espathra\n|-singleturn|p1a: Espathra|Protect\n|move|p2a: Roaring Moon|Knock Off|p1a: Espathra\n|-activate|p1a: Espathra|move: Protect\n|\n|-damage|p1a: Espathra|82\/100 brn|[from] brn\n|-ability|p1a: Espathra|Speed Boost|boost\n|-boost|p1a: Espathra|spe|1\n|upkeep\n|turn|29\n|\n|t:|1699745812\n|move|p1a: Espathra|Protect|p1a: Espathra\n|-singleturn|p1a: Espathra|Protect\n|move|p2a: Roaring Moon|Dragon Dance|p2a: Roaring Moon\n|-boost|p2a: Roaring Moon|atk|1\n|-boost|p2a: Roaring Moon|spe|1\n|\n|-damage|p1a: Espathra|76\/100 brn|[from] brn\n|-ability|p1a: Espathra|Speed Boost|boost\n|-boost|p1a: Espathra|spe|1\n|upkeep\n|turn|30\n|\n|t:|1699745820\n|move|p1a: Espathra|Protect||[still]\n|-fail|p1a: Espathra\n|move|p2a: Roaring Moon|Acrobatics|p1a: Espathra\n|-damage|p1a: Espathra|0 fnt\n|faint|p1a: Espathra\n|\n|upkeep\n|\n|t:|1699745826\n|switch|p1a: Tyranitar|Tyranitar, M, shiny|100\/100\n|-weather|Sandstorm|[from] ability: Sand Stream|[of] p1a: Tyranitar\n|turn|31\n|\n|t:|1699745831\n|move|p2a: Roaring Moon|Earthquake|p1a: Tyranitar\n|-supereffective|p1a: Tyranitar\n|-damage|p1a: Tyranitar|0 fnt\n|faint|p1a: Tyranitar\n|\n|-weather|Sandstorm|[upkeep]\n|-damage|p2a: Roaring Moon|18\/100|[from] Sandstorm\n|upkeep\n|\n|t:|1699745835\n|switch|p1a: Houndstone|Houndstone, M, shiny|100\/100\n|turn|32\n|\n|t:|1699745842\n|-terastallize|p1a: Houndstone|Ghost\n|move|p2a: Roaring Moon|Knock Off|p1a: Houndstone\n|-supereffective|p1a: Houndstone\n|-damage|p1a: Houndstone|0 fnt\n|-enditem|p1a: Houndstone|Choice Scarf|[from] move: Knock Off|[of] p2a: Roaring Moon\n|faint|p1a: Houndstone\n|\n|win|LingLing007\n|raw|GuriaN oF AurA's rating: 1235 &rarr; <strong>1218<\/strong><br \/>(-17 for losing)\n|raw|LingLing007's rating: 1350 &rarr; <strong>1364<\/strong><br \/>(+14 for winning)\n|c|\u2606LingLing007|gg\n|c|\u2606GuriaN oF AurA|Gg\n|c|\u2606GuriaN oF AurA|Roring moon was faster than houndstone i am suprise\n|c|\u2606GuriaN oF AurA|Even with choice scarf and sand rush ability\n|l|\u2606GuriaN oF AurA\n","uploadtime":1699745852,"views":28,"p1id":"gurianofaura","p2id":"lingling007","formatid":"gen9anythinggoes","rating":1218,"private":0,"password":""}