{"id":"gen9anythinggoes-1995922237","p1":"Troop2518","p2":"NoHopeNoJoy","format":"[Gen 9] Anything Goes","log":"|j|\u2606Troop2518\n|j|\u2606NoHopeNoJoy\n|t:|1700617749\n|gametype|singles\n|player|p1|Troop2518|102|1044\n|player|p2|NoHopeNoJoy|102|1010\n|teamsize|p1|6\n|teamsize|p2|6\n|gen|9\n|tier|[Gen 9] Anything Goes\n|rated|\n|rule|HP Percentage Mod: HP is shown in percentages\n|rule|Endless Battle Clause: Forcing endless battles is banned\n|clearpoke\n|poke|p1|Yanmega, M|\n|poke|p1|Espathra, M|\n|poke|p1|Torkoal, F|\n|poke|p1|Arboliva, M|\n|poke|p1|Mew|\n|poke|p1|Barraskewda, F|\n|poke|p2|Annihilape, M|\n|poke|p2|Snorlax, M|\n|poke|p2|Brambleghast, F|\n|poke|p2|Clefable, M|\n|poke|p2|Clefable, M|\n|poke|p2|Kleavor, M|\n|teampreview\n|\n|t:|1700617758\n|start\n|switch|p1a: Espathra|Espathra, M|100\/100\n|switch|p2a: Kleavor|Kleavor, M|100\/100\n|turn|1\n|\n|t:|1700617770\n|move|p2a: Kleavor|X-Scissor|p1a: Espathra\n|-supereffective|p1a: Espathra\n|-enditem|p1a: Espathra|Focus Sash\n|-damage|p1a: Espathra|1\/100\n|move|p1a: Espathra|Agility|p1a: Espathra\n|-boost|p1a: Espathra|spe|2\n|\n|-ability|p1a: Espathra|Speed Boost|boost\n|-boost|p1a: Espathra|spe|1\n|upkeep\n|turn|2\n|\n|t:|1700617792\n|move|p1a: Espathra|Baton Pass|p1a: Espathra\n|\n|t:|1700617795\n|switch|p1a: Torkoal|Torkoal, F|100\/100|[from] Baton Pass\n|-weather|SunnyDay|[from] ability: Drought|[of] p1a: Torkoal\n|move|p2a: Kleavor|X-Scissor|p1a: Torkoal\n|-resisted|p1a: Torkoal\n|-damage|p1a: Torkoal|79\/100\n|\n|-weather|SunnyDay|[upkeep]\n|-heal|p1a: Torkoal|85\/100|[from] item: Leftovers\n|upkeep\n|turn|3\n|\n|t:|1700617805\n|switch|p2a: Snorlax|Snorlax, M|100\/100\n|move|p1a: Torkoal|Solar Beam||[still]\n|-prepare|p1a: Torkoal|Solar Beam\n|-anim|p1a: Torkoal|Solar Beam|p2a: Snorlax\n|-damage|p2a: Snorlax|79\/100\n|\n|-weather|SunnyDay|[upkeep]\n|-heal|p1a: Torkoal|91\/100|[from] item: Leftovers\n|-heal|p2a: Snorlax|85\/100|[from] item: Leftovers\n|upkeep\n|turn|4\n|\n|t:|1700617829\n|move|p1a: Torkoal|Sludge Bomb|p2a: Snorlax\n|-damage|p2a: Snorlax|69\/100\n|move|p2a: Snorlax|Body Slam|p1a: Torkoal\n|-damage|p1a: Torkoal|61\/100\n|\n|-weather|SunnyDay|[upkeep]\n|-heal|p1a: Torkoal|67\/100|[from] item: Leftovers\n|-heal|p2a: Snorlax|75\/100|[from] item: Leftovers\n|upkeep\n|turn|5\n|\n|t:|1700617837\n|move|p1a: Torkoal|Sludge Bomb|p2a: Snorlax\n|-damage|p2a: Snorlax|61\/100\n|move|p2a: Snorlax|Body Slam|p1a: Torkoal\n|-damage|p1a: Torkoal|36\/100\n|\n|-weather|SunnyDay|[upkeep]\n|-heal|p1a: Torkoal|42\/100|[from] item: Leftovers\n|-heal|p2a: Snorlax|67\/100|[from] item: Leftovers\n|upkeep\n|turn|6\n|\n|t:|1700617845\n|move|p1a: Torkoal|Sludge Bomb|p2a: Snorlax\n|-damage|p2a: Snorlax|52\/100\n|move|p2a: Snorlax|Body Slam|p1a: Torkoal\n|-damage|p1a: Torkoal|10\/100\n|\n|-weather|none\n|-heal|p1a: Torkoal|16\/100|[from] item: Leftovers\n|-heal|p2a: Snorlax|58\/100|[from] item: Leftovers\n|upkeep\n|turn|7\n|\n|t:|1700617853\n|move|p1a: Torkoal|Sludge Bomb|p2a: Snorlax\n|-damage|p2a: Snorlax|43\/100\n|move|p2a: Snorlax|Body Slam|p1a: Torkoal\n|-damage|p1a: Torkoal|0 fnt\n|faint|p1a: Torkoal\n|\n|-heal|p2a: Snorlax|49\/100|[from] item: Leftovers\n|upkeep\n|\n|t:|1700617861\n|switch|p1a: Mew|Mew|100\/100\n|turn|8\n|\n|t:|1700617864\n|move|p1a: Mew|Thunder Wave|p2a: Snorlax\n|-status|p2a: Snorlax|par\n|move|p2a: Snorlax|Rest|p2a: Snorlax\n|-status|p2a: Snorlax|slp|[from] move: Rest\n|-heal|p2a: Snorlax|100\/100 slp|[silent]\n|\n|upkeep\n|turn|9\n|\n|t:|1700617875\n|move|p1a: Mew|Dragon Dance|p1a: Mew\n|-boost|p1a: Mew|atk|1\n|-boost|p1a: Mew|spe|1\n|cant|p2a: Snorlax|slp\n|move|p2a: Snorlax|Sleep Talk|p2a: Snorlax\n|move|p2a: Snorlax|Crunch|p1a: Mew|[from]move: Sleep Talk\n|-supereffective|p1a: Mew\n|-damage|p1a: Mew|55\/100\n|-damage|p2a: Snorlax|84\/100 slp|[from] item: Rocky Helmet|[of] p1a: Mew\n|\n|-heal|p2a: Snorlax|90\/100 slp|[from] item: Leftovers\n|upkeep\n|turn|10\n|\n|t:|1700617885\n|move|p1a: Mew|Calm Mind|p1a: Mew\n|-boost|p1a: Mew|spa|1\n|-boost|p1a: Mew|spd|1\n|cant|p2a: Snorlax|slp\n|move|p2a: Snorlax|Sleep Talk|p2a: Snorlax\n|move|p2a: Snorlax|Crunch|p1a: Mew|[from]move: Sleep Talk\n|-supereffective|p1a: Mew\n|-damage|p1a: Mew|14\/100\n|-damage|p2a: Snorlax|73\/100 slp|[from] item: Rocky Helmet|[of] p1a: Mew\n|\n|-heal|p2a: Snorlax|80\/100 slp|[from] item: Leftovers\n|upkeep\n|turn|11\n|\n|t:|1700617895\n|move|p1a: Mew|Baton Pass|p1a: Mew\n|\n|t:|1700617898\n|switch|p1a: Arboliva|Arboliva, M|100\/100|[from] Baton Pass\n|-curestatus|p2a: Snorlax|slp|[msg]\n|move|p2a: Snorlax|Sleep Talk||[still]\n|-fail|p2a: Snorlax\n|\n|-heal|p2a: Snorlax|86\/100|[from] item: Leftovers\n|upkeep\n|turn|12\n|\n|t:|1700617914\n|move|p1a: Arboliva|Earth Power|p2a: Snorlax\n|-damage|p2a: Snorlax|56\/100\n|move|p2a: Snorlax|Body Slam|p1a: Arboliva\n|-damage|p1a: Arboliva|52\/100\n|-status|p1a: Arboliva|par\n|\n|-heal|p2a: Snorlax|63\/100|[from] item: Leftovers\n|upkeep\n|turn|13\n|\n|t:|1700617922\n|move|p2a: Snorlax|Body Slam|p1a: Arboliva\n|-damage|p1a: Arboliva|9\/100 par\n|-enditem|p1a: Arboliva|Aguav Berry|[eat]\n|-heal|p1a: Arboliva|42\/100 par|[from] item: Aguav Berry\n|cant|p1a: Arboliva|par\n|\n|-heal|p2a: Snorlax|69\/100|[from] item: Leftovers\n|-item|p1a: Arboliva|Aguav Berry|[from] ability: Harvest\n|upkeep\n|turn|14\n|\n|t:|1700617932\n|move|p2a: Snorlax|Body Slam|p1a: Arboliva\n|-damage|p1a: Arboliva|0 fnt\n|faint|p1a: Arboliva\n|\n|-heal|p2a: Snorlax|75\/100|[from] item: Leftovers\n|upkeep\n|-message|Troop2518 forfeited.\n|\n|win|NoHopeNoJoy\n|raw|Troop2518's rating: 1044 &rarr; <strong>1026<\/strong><br \/>(-18 for losing)\n|raw|NoHopeNoJoy's rating: 1010 &rarr; <strong>1052<\/strong><br \/>(+42 for winning)\n|l|\u2606Troop2518\n","uploadtime":1700618068,"views":0,"p1id":"troop2518","p2id":"nohopenojoy","formatid":"gen9anythinggoes","rating":1026,"private":0,"password":""}