{"id":"gen9anythinggoes-1994535183","p1":"Cerecedo","p2":"Bakitaladelbarrio","format":"[Gen 9] Anything Goes","log":"|j|\u2606Cerecedo\n|j|\u2606Bakitaladelbarrio\n|t:|1700455966\n|gametype|singles\n|player|p1|Cerecedo|alder|1704\n|player|p2|Bakitaladelbarrio|colress|1634\n|teamsize|p1|6\n|teamsize|p2|6\n|gen|9\n|tier|[Gen 9] Anything Goes\n|rated|\n|rule|HP Percentage Mod: HP is shown in percentages\n|rule|Endless Battle Clause: Forcing endless battles is banned\n|clearpoke\n|poke|p1|Arceus-Ground|\n|poke|p1|Weezing-Galar, F|\n|poke|p1|Ditto|\n|poke|p1|Arceus|\n|poke|p1|Miraidon|\n|poke|p1|Calyrex-Shadow|\n|poke|p2|Calyrex-Shadow|\n|poke|p2|Darkrai|\n|poke|p2|Ditto|\n|poke|p2|Zacian-*|\n|poke|p2|Miraidon|\n|poke|p2|Glimmora, F|\n|teampreview\n|inactive|Battle timer is ON: inactive players will automatically lose when time's up. (requested by Bakitaladelbarrio)\n|\n|t:|1700455978\n|start\n|switch|p1a: Arceus|Arceus-Ground|100\/100\n|switch|p2a: Darkrai|Darkrai|100\/100\n|turn|1\n|\n|t:|1700455984\n|move|p2a: Darkrai|Hypnosis|p1a: Arceus\n|-status|p1a: Arceus|slp|[from] move: Hypnosis\n|cant|p1a: Arceus|slp\n|\n|-damage|p1a: Arceus|88\/100 slp|[from] ability: Bad Dreams|[of] p2a: Darkrai\n|upkeep\n|turn|2\n|\n|t:|1700456000\n|move|p2a: Darkrai|Nasty Plot|p2a: Darkrai\n|-boost|p2a: Darkrai|spa|2\n|cant|p1a: Arceus|slp\n|\n|-damage|p1a: Arceus|76\/100 slp|[from] ability: Bad Dreams|[of] p2a: Darkrai\n|upkeep\n|turn|3\n|\n|t:|1700456008\n|move|p2a: Darkrai|Hex|p1a: Arceus\n|-damage|p1a: Arceus|23\/100 slp\n|cant|p1a: Arceus|slp\n|\n|-damage|p1a: Arceus|11\/100 slp|[from] ability: Bad Dreams|[of] p2a: Darkrai\n|upkeep\n|turn|4\n|\n|t:|1700456016\n|move|p2a: Darkrai|Dark Pulse|p1a: Arceus\n|-crit|p1a: Arceus\n|-damage|p1a: Arceus|0 fnt\n|faint|p1a: Arceus\n|\n|upkeep\n|\n|t:|1700456021\n|switch|p1a: Ditto|Ditto|100\/100\n|-transform|p1a: Ditto|p2a: Darkrai|[from] ability: Imposter\n|turn|5\n|\n|t:|1700456033\n|switch|p2a: Miraidon|Miraidon|100\/100\n|-fieldstart|move: Electric Terrain|[from] ability: Hadron Engine|[of] p2a: Miraidon\n|move|p1a: Ditto|Hypnosis|p2a: Miraidon|[miss]\n|-miss|p1a: Ditto|p2a: Miraidon\n|\n|upkeep\n|turn|6\n|j| nnyyy\n|\n|t:|1700456043\n|switch|p1a: Miraidon|Miraidon|100\/100\n|-activate|p1a: Miraidon|ability: Hadron Engine\n|-terastallize|p2a: Miraidon|Electric\n|move|p2a: Miraidon|Volt Switch|p1a: Miraidon\n|-resisted|p1a: Miraidon\n|-damage|p1a: Miraidon|80\/100\n|\n|t:|1700456054\n|switch|p2a: Calyrex|Calyrex-Shadow|100\/100|[from] Volt Switch\n|-ability|p2a: Calyrex|As One\n|-ability|p2a: Calyrex|Unnerve\n|\n|upkeep\n|turn|7\n|\n|t:|1700456061\n|move|p1a: Miraidon|Electro Drift|p2a: Calyrex\n|-damage|p2a: Calyrex|8\/100\n|move|p2a: Calyrex|Astral Barrage|p1a: Miraidon\n|-damage|p1a: Miraidon|15\/100\n|\n|upkeep\n|turn|8\n|\n|t:|1700456070\n|switch|p2a: Miraidon|Miraidon, tera:Electric|100\/100\n|-activate|p2a: Miraidon|ability: Hadron Engine\n|move|p1a: Miraidon|Electro Drift|p2a: Miraidon\n|-resisted|p2a: Miraidon\n|-damage|p2a: Miraidon|60\/100\n|\n|upkeep\n|turn|9\n|\n|t:|1700456082\n|switch|p1a: Arceus|Arceus|100\/100\n|move|p2a: Miraidon|Volt Switch|p1a: Arceus\n|-damage|p1a: Arceus|33\/100\n|\n|t:|1700456090\n|switch|p2a: Zacian|Zacian-Crowned|100\/100|[from] Volt Switch\n|-ability|p2a: Zacian|Intrepid Sword|boost\n|-boost|p2a: Zacian|atk|1\n|\n|-heal|p1a: Arceus|39\/100|[from] item: Leftovers\n|-fieldend|move: Electric Terrain\n|upkeep\n|turn|10\n|\n|t:|1700456099\n|move|p2a: Zacian|Behemoth Blade|p1a: Arceus\n|-crit|p1a: Arceus\n|-damage|p1a: Arceus|0 fnt\n|faint|p1a: Arceus\n|\n|upkeep\n|\n|t:|1700456104\n|switch|p1a: Ditto|Ditto|100\/100\n|-transform|p1a: Ditto|p2a: Zacian|[from] ability: Imposter\n|-ability|p1a: Ditto|Intrepid Sword|boost\n|-boost|p1a: Ditto|atk|1\n|turn|11\n|\n|t:|1700456112\n|switch|p2a: Glimmora|Glimmora, F|100\/100\n|move|p1a: Ditto|Behemoth Blade|p2a: Glimmora\n|-supereffective|p2a: Glimmora\n|-enditem|p2a: Glimmora|Focus Sash\n|-damage|p2a: Glimmora|1\/100\n|-activate|p2a: Glimmora|ability: Toxic Debris\n|-sidestart|p1: Cerecedo|move: Toxic Spikes\n|\n|upkeep\n|turn|12\n|\n|t:|1700456121\n|move|p1a: Ditto|Behemoth Blade|p2a: Glimmora\n|-supereffective|p2a: Glimmora\n|-damage|p2a: Glimmora|0 fnt\n|-activate|p2a: Glimmora|ability: Toxic Debris\n|-sidestart|p1: Cerecedo|move: Toxic Spikes\n|faint|p2a: Glimmora\n|\n|upkeep\n|\n|t:|1700456132\n|switch|p2a: Miraidon|Miraidon, tera:Electric|60\/100\n|-fieldstart|move: Electric Terrain|[from] ability: Hadron Engine|[of] p2a: Miraidon\n|turn|13\n|\n|t:|1700456138\n|move|p1a: Ditto|Behemoth Blade|p2a: Miraidon\n|-resisted|p2a: Miraidon\n|-damage|p2a: Miraidon|3\/100\n|move|p2a: Miraidon|Overheat|p1a: Ditto\n|-supereffective|p1a: Ditto\n|-damage|p1a: Ditto|0 fnt\n|-unboost|p2a: Miraidon|spa|2\n|faint|p1a: Ditto\n|\n|upkeep\n|\n|t:|1700456148\n|switch|p1a: Weezing|Weezing-Galar, F, shiny|100\/100\n|turn|14\n|\n|t:|1700456157\n|switch|p2a: Zacian|Zacian-Crowned|100\/100\n|move|p1a: Weezing|Defog|p2a: Zacian\n|-unboost|p2a: Zacian|evasion|1\n|-sideend|p1: Cerecedo|Toxic Spikes|[from] move: Defog|[of] p1a: Weezing\n|-fieldend|move: Electric Terrain\n|\n|upkeep\n|turn|15\n|\n|t:|1700456169\n|move|p2a: Zacian|Behemoth Blade|p1a: Weezing\n|-supereffective|p1a: Weezing\n|-damage|p1a: Weezing|21\/100\n|-damage|p2a: Zacian|84\/100|[from] item: Rocky Helmet|[of] p1a: Weezing\n|move|p1a: Weezing|Strange Steam|p2a: Zacian\n|-resisted|p2a: Zacian\n|-damage|p2a: Zacian|71\/100\n|-start|p2a: Zacian|confusion\n|\n|upkeep\n|turn|16\n|\n|t:|1700456180\n|-activate|p2a: Zacian|confusion\n|move|p2a: Zacian|Behemoth Blade|p1a: Weezing\n|-supereffective|p1a: Weezing\n|-damage|p1a: Weezing|0 fnt\n|-damage|p2a: Zacian|55\/100|[from] item: Rocky Helmet|[of] p1a: Weezing\n|faint|p1a: Weezing\n|\n|upkeep\n|\n|t:|1700456188\n|switch|p1a: Calyrex|Calyrex-Shadow|100\/100\n|-ability|p1a: Calyrex|As One\n|-ability|p1a: Calyrex|Unnerve\n|turn|17\n|\n|t:|1700456194\n|move|p1a: Calyrex|Astral Barrage|p2a: Zacian\n|-damage|p2a: Zacian|0 fnt\n|faint|p2a: Zacian\n|-ability|p1a: Calyrex|Grim Neigh|boost\n|-boost|p1a: Calyrex|spa|1\n|\n|upkeep\n|\n|t:|1700456201\n|switch|p2a: Miraidon|Miraidon, tera:Electric|3\/100\n|-fieldstart|move: Electric Terrain|[from] ability: Hadron Engine|[of] p2a: Miraidon\n|turn|18\n|\n|t:|1700456211\n|move|p2a: Miraidon|Volt Switch|p1a: Calyrex\n|-damage|p1a: Calyrex|18\/100\n|\n|t:|1700456216\n|switch|p2a: Darkrai|Darkrai|100\/100|[from] Volt Switch\n|move|p1a: Calyrex|Astral Barrage|p2a: Darkrai\n|-resisted|p2a: Darkrai\n|-damage|p2a: Darkrai|29\/100\n|\n|upkeep\n|turn|19\n|\n|t:|1700456225\n|move|p1a: Calyrex|Draining Kiss|p2a: Darkrai\n|-supereffective|p2a: Darkrai\n|-damage|p2a: Darkrai|0 fnt\n|-heal|p1a: Calyrex|36\/100|[from] drain|[of] p2a: Darkrai\n|faint|p2a: Darkrai\n|-ability|p1a: Calyrex|Grim Neigh|boost\n|-boost|p1a: Calyrex|spa|1\n|\n|upkeep\n|\n|t:|1700456232\n|switch|p2a: Ditto|Ditto|100\/100\n|-transform|p2a: Ditto|p1a: Calyrex|[from] ability: Imposter\n|turn|20\n|\n|t:|1700456242\n|-terastallize|p1a: Calyrex|Grass\n|move|p2a: Ditto|Draining Kiss|p1a: Calyrex\n|-damage|p1a: Calyrex|0 fnt\n|faint|p1a: Calyrex\n|-ability|p2a: Ditto|Grim Neigh|boost\n|-boost|p2a: Ditto|spa|1\n|\n|upkeep\n|\n|t:|1700456249\n|switch|p1a: Miraidon|Miraidon|15\/100\n|-activate|p1a: Miraidon|ability: Hadron Engine\n|turn|21\n|\n|t:|1700456254\n|move|p2a: Ditto|Draining Kiss|p1a: Miraidon\n|-supereffective|p1a: Miraidon\n|-damage|p1a: Miraidon|0 fnt\n|faint|p1a: Miraidon\n|\n|win|Bakitaladelbarrio\n|raw|Cerecedo's rating: 1704 &rarr; <strong>1680<\/strong><br \/>(-24 for losing)\n|raw|Bakitaladelbarrio's rating: 1634 &rarr; <strong>1658<\/strong><br \/>(+24 for winning)\n","uploadtime":1700456260,"views":1,"p1id":"cerecedo","p2id":"bakitaladelbarrio","formatid":"gen9anythinggoes","rating":1658,"private":0,"password":""}