{"id":"gen9anythinggoes-1975650755","p1":"YablinButBETTAH","p2":"Oinonino","format":"[Gen 9] Anything Goes","log":"|j|\u2606YablinButBETTAH\n|j|\u2606Oinonino\n|t:|1698219446\n|gametype|singles\n|player|p1|YablinButBETTAH|silver|1133\n|player|p2|Oinonino|veteran|1096\n|teamsize|p1|6\n|teamsize|p2|6\n|gen|9\n|tier|[Gen 9] Anything Goes\n|rated|\n|rule|HP Percentage Mod: HP is shown in percentages\n|rule|Endless Battle Clause: Forcing endless battles is banned\n|clearpoke\n|poke|p1|Glimmora, F|\n|poke|p1|Groudon|\n|poke|p1|Cinderace, F|\n|poke|p1|Zacian-*|\n|poke|p1|Arceus-Dark|\n|poke|p1|Miraidon|\n|poke|p2|Dragapult, M|\n|poke|p2|Calyrex-Shadow|\n|poke|p2|Vaporeon, M|\n|poke|p2|Koraidon|\n|poke|p2|Dialga-Origin|\n|poke|p2|Gholdengo|\n|teampreview\n|\n|t:|1698219454\n|start\n|switch|p1a: Grenade|Glimmora, F, shiny|100\/100\n|switch|p2a: Vaporeon|Vaporeon, M|100\/100\n|turn|1\n|\n|t:|1698219460\n|move|p1a: Grenade|Substitute|p1a: Grenade\n|-start|p1a: Grenade|Substitute\n|-damage|p1a: Grenade|76\/100\n|move|p2a: Vaporeon|Calm Mind|p2a: Vaporeon\n|-boost|p2a: Vaporeon|spa|1\n|-boost|p2a: Vaporeon|spd|1\n|\n|upkeep\n|turn|2\n|\n|t:|1698219466\n|move|p1a: Grenade|Stealth Rock|p2a: Vaporeon\n|-sidestart|p2: Oinonino|move: Stealth Rock\n|move|p2a: Vaporeon|Calm Mind|p2a: Vaporeon\n|-boost|p2a: Vaporeon|spa|1\n|-boost|p2a: Vaporeon|spd|1\n|\n|upkeep\n|turn|3\n|\n|t:|1698219472\n|move|p1a: Grenade|Spikes|p2a: Vaporeon\n|-sidestart|p2: Oinonino|Spikes\n|move|p2a: Vaporeon|Calm Mind|p2a: Vaporeon\n|-boost|p2a: Vaporeon|spa|1\n|-boost|p2a: Vaporeon|spd|1\n|\n|upkeep\n|turn|4\n|\n|t:|1698219477\n|move|p1a: Grenade|Spikes|p2a: Vaporeon\n|-sidestart|p2: Oinonino|Spikes\n|move|p2a: Vaporeon|Calm Mind|p2a: Vaporeon\n|-boost|p2a: Vaporeon|spa|1\n|-boost|p2a: Vaporeon|spd|1\n|\n|upkeep\n|turn|5\n|\n|t:|1698219482\n|move|p1a: Grenade|Spikes|p2a: Vaporeon\n|-sidestart|p2: Oinonino|Spikes\n|move|p2a: Vaporeon|Calm Mind|p2a: Vaporeon\n|-boost|p2a: Vaporeon|spa|1\n|-boost|p2a: Vaporeon|spd|1\n|\n|upkeep\n|turn|6\n|\n|t:|1698219488\n|move|p1a: Grenade|Spikes||[still]\n|-fail|p1a: Grenade\n|move|p2a: Vaporeon|Calm Mind|p2a: Vaporeon\n|-boost|p2a: Vaporeon|spa|1\n|-boost|p2a: Vaporeon|spd|1\n|\n|upkeep\n|turn|7\n|\n|t:|1698219501\n|move|p1a: Grenade|Spikes||[still]\n|-fail|p1a: Grenade\n|move|p2a: Vaporeon|Wish|p2a: Vaporeon\n|\n|upkeep\n|turn|8\n|\n|t:|1698219506\n|move|p1a: Grenade|Spikes||[still]\n|-fail|p1a: Grenade\n|move|p2a: Vaporeon|Substitute|p2a: Vaporeon\n|-start|p2a: Vaporeon|Substitute\n|-damage|p2a: Vaporeon|75\/100\n|\n|-heal|p2a: Vaporeon|100\/100|[from] move: Wish|[wisher] Vaporeon\n|upkeep\n|turn|9\n|\n|t:|1698219515\n|move|p1a: Grenade|Spikes||[still]\n|-fail|p1a: Grenade\n|move|p2a: Vaporeon|Baton Pass|p2a: Vaporeon\n|\n|t:|1698219526\n|switch|p2a: Koraidon|Koraidon|100\/100|[from] Baton Pass\n|-damage|p2a: Koraidon|94\/100|[from] Stealth Rock\n|-damage|p2a: Koraidon|69\/100|[from] Spikes\n|-weather|SunnyDay|[from] ability: Orichalcum Pulse|[of] p2a: Koraidon\n|-activate|p2a: Koraidon|Orichalcum Pulse|[source]\n|\n|-weather|SunnyDay|[upkeep]\n|upkeep\n|turn|10\n|\n|t:|1698219538\n|move|p2a: Koraidon|Swords Dance|p2a: Koraidon\n|-boost|p2a: Koraidon|atk|2\n|move|p1a: Grenade|Spikes||[still]\n|-fail|p1a: Grenade\n|\n|-weather|SunnyDay|[upkeep]\n|upkeep\n|turn|11\n|c|\u2606YablinButBETTAH|fuck this. kaboom bitch\n|\n|t:|1698219551\n|move|p2a: Koraidon|Swords Dance|p2a: Koraidon\n|-boost|p2a: Koraidon|atk|2\n|move|p1a: Grenade|Explosion|p2a: Koraidon\n|-activate|p2a: Koraidon|move: Substitute|[damage]\n|faint|p1a: Grenade\n|\n|-weather|SunnyDay|[upkeep]\n|upkeep\n|\n|t:|1698219562\n|switch|p1a: Schmitar|Zacian-Crowned|100\/100\n|-ability|p1a: Schmitar|Intrepid Sword|boost\n|-boost|p1a: Schmitar|atk|1\n|turn|12\n|\n|t:|1698219589\n|move|p1a: Schmitar|Swords Dance|p1a: Schmitar\n|-boost|p1a: Schmitar|atk|2\n|move|p2a: Koraidon|Collision Course|p1a: Schmitar\n|-damage|p1a: Schmitar|0 fnt\n|faint|p1a: Schmitar\n|\n|-weather|SunnyDay|[upkeep]\n|upkeep\n|\n|t:|1698219602\n|switch|p1a: tesla motorcycle|Miraidon|100\/100\n|-fieldstart|move: Electric Terrain|[from] ability: Hadron Engine|[of] p1a: tesla motorcycle\n|-enditem|p1a: tesla motorcycle|Electric Seed\n|-boost|p1a: tesla motorcycle|def|1|[from] item: Electric Seed\n|turn|13\n|\n|t:|1698219612\n|move|p1a: tesla motorcycle|Draco Meteor|p2a: Koraidon|[miss]\n|-miss|p1a: tesla motorcycle|p2a: Koraidon\n|move|p2a: Koraidon|Outrage|p1a: tesla motorcycle\n|-supereffective|p1a: tesla motorcycle\n|-damage|p1a: tesla motorcycle|0 fnt\n|faint|p1a: tesla motorcycle\n|\n|-weather|none\n|upkeep\n|c|\u2606Oinonino|bruh\n|c|\u2606Oinonino|your not that good\n|\n|t:|1698219624\n|switch|p1a: GOLDEN JESUS|Arceus-Dark, shiny|100\/100\n|turn|14\n|\n|t:|1698219633\n|move|p1a: GOLDEN JESUS|Extreme Speed|p2a: Koraidon\n|-end|p2a: Koraidon|Substitute\n|move|p2a: Koraidon|Outrage|p1a: GOLDEN JESUS|[from]lockedmove\n|-damage|p1a: GOLDEN JESUS|0 fnt\n|faint|p1a: GOLDEN JESUS\n|-start|p2a: Koraidon|confusion|[fatigue]\n|\n|upkeep\n|c|\u2606YablinButBETTAH|meteor missed bruh\n|c|\u2606Oinonino|yeah lol\n|c|\u2606YablinButBETTAH|and my fairy is ded\n|\n|t:|1698219654\n|switch|p1a: Chucklenuts|Cinderace, F|100\/100\n|turn|15\n|c|\u2606YablinButBETTAH|this rabbit\n|c|\u2606Oinonino|but im confused\n|c|\u2606YablinButBETTAH|is a tf2 refference\n|c|\u2606Oinonino|ill prob hurt myself\n|c|\u2606YablinButBETTAH|THINK FAST CHUCKLENUTS\n|\n|t:|1698219692\n|-activate|p2a: Koraidon|confusion\n|move|p2a: Koraidon|Protect|p2a: Koraidon\n|-singleturn|p2a: Koraidon|Protect\n|move|p1a: Chucklenuts|Gunk Shot|p2a: Koraidon\n|-start|p1a: Chucklenuts|typechange|Poison|[from] ability: Libero\n|-activate|p2a: Koraidon|move: Protect\n|\n|upkeep\n|turn|16\n|c|\u2606YablinButBETTAH|oh shit he thought fast\n|\n|t:|1698219720\n|-activate|p2a: Koraidon|confusion\n|move|p2a: Koraidon|Outrage|p1a: Chucklenuts\n|-damage|p1a: Chucklenuts|0 fnt\n|faint|p1a: Chucklenuts\n|\n|upkeep\n|\n|t:|1698219727\n|switch|p1a: Blaze|Groudon, shiny|100\/100\n|-weather|SunnyDay|[from] ability: Drought|[of] p1a: Blaze\n|turn|17\n|c|\u2606Oinonino|blazee\n|\n|t:|1698219737\n|-terastallize|p1a: Blaze|Fire\n|-end|p2a: Koraidon|confusion\n|move|p2a: Koraidon|Outrage|p1a: Blaze|[from]lockedmove\n|-damage|p1a: Blaze|0 fnt\n|faint|p1a: Blaze\n|-start|p2a: Koraidon|confusion|[fatigue]\n|\n|win|Oinonino\n|raw|YablinButBETTAH's rating: 1133 &rarr; <strong>1105<\/strong><br \/>(-28 for losing)\n|raw|Oinonino's rating: 1096 &rarr; <strong>1124<\/strong><br \/>(+28 for winning)\n","uploadtime":1698219550,"views":13,"p1id":"yablinbutbettah","p2id":"oinonino","formatid":"gen9anythinggoes","rating":1105,"private":0,"password":""}