{"id":"gen9anythinggoes-1971869637","p1":"spark-bubble-22","p2":"Chacho23","format":"[Gen 9] Anything Goes","log":"|j|\u2606spark-bubble-22\n|j|\u2606Chacho23\n|t:|1697784427\n|gametype|singles\n|player|p1|spark-bubble-22|alec-anime|1047\n|player|p2|Chacho23|burglar|1001\n|teamsize|p1|6\n|teamsize|p2|6\n|gen|9\n|tier|[Gen 9] Anything Goes\n|rated|\n|rule|HP Percentage Mod: HP is shown in percentages\n|rule|Endless Battle Clause: Forcing endless battles is banned\n|clearpoke\n|poke|p1|Garchomp, M|\n|poke|p1|Garchomp, F|\n|poke|p1|Garchomp, F|\n|poke|p1|Garchomp, M|\n|poke|p1|Garchomp, F|\n|poke|p1|Kingambit, F|\n|poke|p2|Arboliva, F|\n|poke|p2|Staraptor, M|\n|poke|p2|Gengar, M|\n|poke|p2|Darkrai|\n|poke|p2|Calyrex-Ice|\n|poke|p2|Garchomp, M|\n|teampreview\n|inactive|Battle timer is ON: inactive players will automatically lose when time's up. (requested by spark-bubble-22)\n|\n|t:|1697784450\n|start\n|switch|p1a: Garchomp|Garchomp, M, shiny|100\/100\n|switch|p2a: Staraptor|Staraptor, M|100\/100\n|-ability|p2a: Staraptor|Intimidate|boost\n|-unboost|p1a: Garchomp|atk|1\n|turn|1\n|\n|t:|1697784461\n|move|p1a: Garchomp|Crunch|p2a: Staraptor\n|-damage|p2a: Staraptor|78\/100\n|move|p2a: Staraptor|Sand Attack|p1a: Garchomp\n|-unboost|p1a: Garchomp|accuracy|1\n|\n|upkeep\n|turn|2\n|\n|t:|1697784468\n|move|p1a: Garchomp|Body Slam|p2a: Staraptor\n|-damage|p2a: Staraptor|52\/100\n|move|p2a: Staraptor|Sand Attack|p1a: Garchomp\n|-unboost|p1a: Garchomp|accuracy|1\n|\n|upkeep\n|turn|3\n|\n|t:|1697784476\n|move|p1a: Garchomp|Body Slam|p2a: Staraptor\n|-damage|p2a: Staraptor|26\/100\n|-status|p2a: Staraptor|par\n|move|p2a: Staraptor|Double Team|p2a: Staraptor\n|-boost|p2a: Staraptor|evasion|1\n|\n|upkeep\n|turn|4\n|\n|t:|1697784483\n|move|p1a: Garchomp|Body Slam|p2a: Staraptor|[miss]\n|-miss|p1a: Garchomp|p2a: Staraptor\n|move|p2a: Staraptor|Double Team|p2a: Staraptor\n|-boost|p2a: Staraptor|evasion|1\n|\n|upkeep\n|turn|5\n|\n|t:|1697784490\n|move|p1a: Garchomp|Body Slam|p2a: Staraptor|[miss]\n|-miss|p1a: Garchomp|p2a: Staraptor\n|move|p2a: Staraptor|Double Team|p2a: Staraptor\n|-boost|p2a: Staraptor|evasion|1\n|\n|upkeep\n|turn|6\n|\n|t:|1697784500\n|move|p1a: Garchomp|Iron Head|p2a: Staraptor|[miss]\n|-miss|p1a: Garchomp|p2a: Staraptor\n|move|p2a: Staraptor|Double Team|p2a: Staraptor\n|-boost|p2a: Staraptor|evasion|1\n|\n|upkeep\n|turn|7\n|\n|t:|1697784507\n|move|p1a: Garchomp|Flamethrower|p2a: Staraptor|[miss]\n|-miss|p1a: Garchomp|p2a: Staraptor\n|cant|p2a: Staraptor|par\n|\n|upkeep\n|turn|8\n|\n|t:|1697784513\n|move|p1a: Garchomp|Body Slam|p2a: Staraptor|[miss]\n|-miss|p1a: Garchomp|p2a: Staraptor\n|move|p2a: Staraptor|Double Team|p2a: Staraptor\n|-boost|p2a: Staraptor|evasion|1\n|\n|upkeep\n|turn|9\n|\n|t:|1697784523\n|move|p1a: Garchomp|Flamethrower|p2a: Staraptor|[miss]\n|-miss|p1a: Garchomp|p2a: Staraptor\n|move|p2a: Staraptor|Double Team|p2a: Staraptor\n|-boost|p2a: Staraptor|evasion|1\n|\n|upkeep\n|turn|10\n|\n|t:|1697784531\n|move|p1a: Garchomp|Body Slam|p2a: Staraptor\n|-damage|p2a: Staraptor|0 fnt\n|faint|p2a: Staraptor\n|\n|upkeep\n|c|\u2606spark-bubble-22|heh\n|\n|t:|1697784538\n|switch|p2a: Darkrai|Darkrai|100\/100\n|turn|11\n|\n|t:|1697784542\n|move|p1a: Garchomp|Iron Head|p2a: Darkrai\n|-damage|p2a: Darkrai|79\/100\n|cant|p2a: Darkrai|flinch\n|\n|upkeep\n|turn|12\n|\n|t:|1697784548\n|move|p1a: Garchomp|Body Slam|p2a: Darkrai\n|-damage|p2a: Darkrai|55\/100\n|-status|p2a: Darkrai|par\n|move|p2a: Darkrai|Hypnosis|p1a: Garchomp\n|-status|p1a: Garchomp|slp|[from] move: Hypnosis\n|\n|-damage|p1a: Garchomp|88\/100 slp|[from] ability: Bad Dreams|[of] p2a: Darkrai\n|upkeep\n|turn|13\n|\n|t:|1697784559\n|cant|p1a: Garchomp|slp\n|move|p2a: Darkrai|Calm Mind|p2a: Darkrai\n|-boost|p2a: Darkrai|spa|1\n|-boost|p2a: Darkrai|spd|1\n|\n|-damage|p1a: Garchomp|76\/100 slp|[from] ability: Bad Dreams|[of] p2a: Darkrai\n|upkeep\n|turn|14\n|\n|t:|1697784567\n|cant|p1a: Garchomp|slp\n|move|p2a: Darkrai|Calm Mind|p2a: Darkrai\n|-boost|p2a: Darkrai|spa|1\n|-boost|p2a: Darkrai|spd|1\n|\n|-damage|p1a: Garchomp|64\/100 slp|[from] ability: Bad Dreams|[of] p2a: Darkrai\n|upkeep\n|turn|15\n|\n|t:|1697784575\n|cant|p1a: Garchomp|slp\n|cant|p2a: Darkrai|par\n|\n|-damage|p1a: Garchomp|51\/100 slp|[from] ability: Bad Dreams|[of] p2a: Darkrai\n|upkeep\n|turn|16\n|\n|t:|1697784583\n|-curestatus|p1a: Garchomp|slp|[msg]\n|move|p1a: Garchomp|Flamethrower|p2a: Darkrai|[miss]\n|-miss|p1a: Garchomp|p2a: Darkrai\n|cant|p2a: Darkrai|par\n|\n|upkeep\n|turn|17\n|\n|t:|1697784591\n|move|p1a: Garchomp|Flamethrower|p2a: Darkrai|[miss]\n|-miss|p1a: Garchomp|p2a: Darkrai\n|move|p2a: Darkrai|Hypnosis|p1a: Garchomp|[miss]\n|-miss|p2a: Darkrai|p1a: Garchomp\n|\n|upkeep\n|turn|18\n|\n|t:|1697784598\n|move|p1a: Garchomp|Body Slam|p2a: Darkrai\n|-damage|p2a: Darkrai|33\/100 par\n|move|p2a: Darkrai|Hypnosis|p1a: Garchomp\n|-status|p1a: Garchomp|slp|[from] move: Hypnosis\n|\n|-damage|p1a: Garchomp|39\/100 slp|[from] ability: Bad Dreams|[of] p2a: Darkrai\n|upkeep\n|turn|19\n|\n|t:|1697784607\n|cant|p1a: Garchomp|slp\n|cant|p2a: Darkrai|par\n|\n|-damage|p1a: Garchomp|27\/100 slp|[from] ability: Bad Dreams|[of] p2a: Darkrai\n|upkeep\n|turn|20\n|\n|t:|1697784616\n|cant|p1a: Garchomp|slp\n|move|p2a: Darkrai|Calm Mind|p2a: Darkrai\n|-boost|p2a: Darkrai|spa|1\n|-boost|p2a: Darkrai|spd|1\n|\n|-damage|p1a: Garchomp|14\/100 slp|[from] ability: Bad Dreams|[of] p2a: Darkrai\n|upkeep\n|turn|21\n|\n|t:|1697784625\n|-curestatus|p1a: Garchomp|slp|[msg]\n|move|p1a: Garchomp|Flamethrower|p2a: Darkrai|[miss]\n|-miss|p1a: Garchomp|p2a: Darkrai\n|move|p2a: Darkrai|Calm Mind|p2a: Darkrai\n|-boost|p2a: Darkrai|spa|1\n|-boost|p2a: Darkrai|spd|1\n|\n|upkeep\n|turn|22\n|\n|t:|1697784634\n|move|p1a: Garchomp|Flamethrower|p2a: Darkrai|[miss]\n|-miss|p1a: Garchomp|p2a: Darkrai\n|move|p2a: Darkrai|Dark Pulse|p1a: Garchomp\n|-damage|p1a: Garchomp|0 fnt\n|faint|p1a: Garchomp\n|\n|upkeep\n|\n|t:|1697784648\n|switch|p1a: Garchomp|Garchomp, F, shiny|100\/100\n|turn|23\n|\n|t:|1697784653\n|move|p1a: Garchomp|Body Slam|p2a: Darkrai\n|-damage|p2a: Darkrai|0 fnt\n|faint|p2a: Darkrai\n|\n|upkeep\n|\n|t:|1697784670\n|switch|p2a: Gengar|Gengar, M|100\/100\n|turn|24\n|\n|t:|1697784678\n|move|p1a: Garchomp|Iron Head|p2a: Gengar\n|-damage|p2a: Gengar|53\/100\n|move|p2a: Gengar|Toxic|p1a: Garchomp\n|-status|p1a: Garchomp|tox\n|\n|-damage|p1a: Garchomp|94\/100 tox|[from] psn\n|upkeep\n|turn|25\n|\n|t:|1697784687\n|move|p1a: Garchomp|Iron Head|p2a: Gengar\n|-damage|p2a: Gengar|3\/100\n|cant|p2a: Gengar|flinch\n|\n|-damage|p1a: Garchomp|82\/100 tox|[from] psn\n|upkeep\n|turn|26\n|\n|t:|1697784695\n|move|p1a: Garchomp|Crunch|p2a: Gengar\n|-supereffective|p2a: Gengar\n|-damage|p2a: Gengar|0 fnt\n|faint|p2a: Gengar\n|\n|-damage|p1a: Garchomp|64\/100 tox|[from] psn\n|upkeep\n|\n|t:|1697784708\n|switch|p2a: Garchomp|Garchomp, M|100\/100\n|turn|27\n|\n|t:|1697784712\n|move|p2a: Garchomp|Swords Dance|p2a: Garchomp\n|-boost|p2a: Garchomp|atk|2\n|move|p1a: Garchomp|Dragon Tail|p2a: Garchomp\n|-supereffective|p2a: Garchomp\n|-damage|p2a: Garchomp|46\/100\n|-damage|p1a: Garchomp|51\/100 tox|[from] ability: Rough Skin|[of] p2a: Garchomp\n|drag|p2a: Calyrex|Calyrex-Ice|100\/100\n|-ability|p2a: Calyrex|As One\n|-ability|p2a: Calyrex|Unnerve\n|\n|-damage|p1a: Garchomp|27\/100 tox|[from] psn\n|upkeep\n|turn|28\n|\n|t:|1697784727\n|move|p1a: Garchomp|Crunch|p2a: Calyrex\n|-supereffective|p2a: Calyrex\n|-damage|p2a: Calyrex|62\/100\n|move|p2a: Calyrex|Calm Mind|p2a: Calyrex\n|-boost|p2a: Calyrex|spa|1\n|-boost|p2a: Calyrex|spd|1\n|\n|-heal|p2a: Calyrex|68\/100|[from] item: Leftovers\n|-damage|p1a: Garchomp|0 fnt|[from] psn\n|faint|p1a: Garchomp\n|upkeep\n|\n|t:|1697784740\n|switch|p1a: Garchomp|Garchomp, F, shiny|100\/100\n|turn|29\n|\n|t:|1697784744\n|move|p1a: Garchomp|Crunch|p2a: Calyrex\n|-supereffective|p2a: Calyrex\n|-damage|p2a: Calyrex|30\/100\n|move|p2a: Calyrex|Draining Kiss|p1a: Garchomp\n|-supereffective|p1a: Garchomp\n|-damage|p1a: Garchomp|61\/100\n|-heal|p2a: Calyrex|59\/100|[from] drain|[of] p1a: Garchomp\n|-damage|p2a: Calyrex|47\/100|[from] ability: Rough Skin|[of] p1a: Garchomp\n|-damage|p2a: Calyrex|31\/100|[from] item: Rocky Helmet|[of] p1a: Garchomp\n|\n|-heal|p2a: Calyrex|37\/100|[from] item: Leftovers\n|upkeep\n|turn|30\n|\n|t:|1697784757\n|move|p1a: Garchomp|Crunch|p2a: Calyrex\n|-supereffective|p2a: Calyrex\n|-damage|p2a: Calyrex|2\/100\n|-unboost|p2a: Calyrex|def|1\n|move|p2a: Calyrex|Calm Mind|p2a: Calyrex\n|-boost|p2a: Calyrex|spa|1\n|-boost|p2a: Calyrex|spd|1\n|\n|-heal|p2a: Calyrex|8\/100|[from] item: Leftovers\n|upkeep\n|turn|31\n|\n|t:|1697784767\n|move|p1a: Garchomp|Crunch|p2a: Calyrex\n|-supereffective|p2a: Calyrex\n|-damage|p2a: Calyrex|0 fnt\n|faint|p2a: Calyrex\n|\n|upkeep\n|\n|t:|1697784776\n|switch|p2a: Garchomp|Garchomp, M|46\/100\n|turn|32\n|\n|t:|1697784781\n|move|p1a: Garchomp|Dragon Claw|p2a: Garchomp\n|-supereffective|p2a: Garchomp\n|-damage|p2a: Garchomp|0 fnt\n|-damage|p1a: Garchomp|49\/100|[from] ability: Rough Skin|[of] p2a: Garchomp\n|faint|p2a: Garchomp\n|\n|upkeep\n|\n|t:|1697784788\n|switch|p2a: Arboliva|Arboliva, F|100\/100\n|turn|33\n|\n|t:|1697784796\n|move|p1a: Garchomp|Iron Head|p2a: Arboliva\n|-damage|p2a: Arboliva|68\/100\n|-fieldstart|move: Grassy Terrain|[from] ability: Seed Sower|[of] p2a: Arboliva\n|move|p2a: Arboliva|Substitute|p2a: Arboliva\n|-start|p2a: Arboliva|Substitute\n|-damage|p2a: Arboliva|43\/100\n|\n|-heal|p1a: Garchomp|55\/100|[from] Grassy Terrain\n|-heal|p2a: Arboliva|49\/100|[from] Grassy Terrain\n|-heal|p2a: Arboliva|55\/100|[from] item: Leftovers\n|upkeep\n|turn|34\n|\n|t:|1697784811\n|move|p1a: Garchomp|Crunch|p2a: Arboliva\n|-end|p2a: Arboliva|Substitute\n|move|p2a: Arboliva|Leech Seed|p1a: Garchomp\n|-start|p1a: Garchomp|move: Leech Seed\n|\n|-heal|p1a: Garchomp|61\/100|[from] Grassy Terrain\n|-heal|p2a: Arboliva|61\/100|[from] Grassy Terrain\n|-heal|p2a: Arboliva|67\/100|[from] item: Leftovers\n|-damage|p1a: Garchomp|49\/100|[from] Leech Seed|[of] p2a: Arboliva\n|-heal|p2a: Arboliva|82\/100|[silent]\n|upkeep\n|turn|35\n|\n|t:|1697784825\n|move|p1a: Garchomp|Crunch|p2a: Arboliva\n|-damage|p2a: Arboliva|48\/100\n|move|p2a: Arboliva|Substitute|p2a: Arboliva\n|-start|p2a: Arboliva|Substitute\n|-damage|p2a: Arboliva|23\/100\n|\n|-heal|p1a: Garchomp|55\/100|[from] Grassy Terrain\n|-heal|p2a: Arboliva|29\/100|[from] Grassy Terrain\n|-heal|p2a: Arboliva|35\/100|[from] item: Leftovers\n|-damage|p1a: Garchomp|43\/100|[from] Leech Seed|[of] p2a: Arboliva\n|-heal|p2a: Arboliva|50\/100|[silent]\n|upkeep\n|turn|36\n|\n|t:|1697784838\n|move|p2a: Arboliva|Protect|p2a: Arboliva\n|-singleturn|p2a: Arboliva|Protect\n|move|p1a: Garchomp|Crunch|p2a: Arboliva\n|-activate|p2a: Arboliva|move: Protect\n|\n|-heal|p1a: Garchomp|49\/100|[from] Grassy Terrain\n|-heal|p2a: Arboliva|56\/100|[from] Grassy Terrain\n|-heal|p2a: Arboliva|62\/100|[from] item: Leftovers\n|-damage|p1a: Garchomp|37\/100|[from] Leech Seed|[of] p2a: Arboliva\n|-heal|p2a: Arboliva|76\/100|[silent]\n|upkeep\n|turn|37\n|\n|t:|1697784851\n|move|p1a: Garchomp|Iron Head|p2a: Arboliva\n|-end|p2a: Arboliva|Substitute\n|move|p2a: Arboliva|Giga Drain|p1a: Garchomp\n|-damage|p1a: Garchomp|0 fnt\n|-heal|p2a: Arboliva|97\/100|[from] drain|[of] p1a: Garchomp\n|faint|p1a: Garchomp\n|\n|-heal|p2a: Arboliva|100\/100|[from] Grassy Terrain\n|-fieldend|move: Grassy Terrain\n|upkeep\n|\n|t:|1697784864\n|switch|p1a: Garchomp|Garchomp, F, shiny|100\/100\n|turn|38\n|\n|t:|1697784868\n|move|p1a: Garchomp|Fire Fang|p2a: Arboliva\n|-supereffective|p2a: Arboliva\n|-damage|p2a: Arboliva|48\/100\n|-fieldstart|move: Grassy Terrain|[from] ability: Seed Sower|[of] p2a: Arboliva\n|move|p2a: Arboliva|Leech Seed|p1a: Garchomp\n|-start|p1a: Garchomp|move: Leech Seed\n|\n|-heal|p2a: Arboliva|54\/100|[from] Grassy Terrain\n|-heal|p2a: Arboliva|60\/100|[from] item: Leftovers\n|-damage|p1a: Garchomp|88\/100|[from] Leech Seed|[of] p2a: Arboliva\n|-heal|p2a: Arboliva|75\/100|[silent]\n|upkeep\n|turn|39\n|\n|t:|1697784880\n|move|p2a: Arboliva|Protect|p2a: Arboliva\n|-singleturn|p2a: Arboliva|Protect\n|move|p1a: Garchomp|Fire Fang|p2a: Arboliva\n|-activate|p2a: Arboliva|move: Protect\n|\n|-heal|p1a: Garchomp|94\/100|[from] Grassy Terrain\n|-heal|p2a: Arboliva|81\/100|[from] Grassy Terrain\n|-heal|p2a: Arboliva|87\/100|[from] item: Leftovers\n|-damage|p1a: Garchomp|82\/100|[from] Leech Seed|[of] p2a: Arboliva\n|-heal|p2a: Arboliva|100\/100|[silent]\n|upkeep\n|turn|40\n|\n|t:|1697784893\n|move|p1a: Garchomp|Fire Fang|p2a: Arboliva\n|-supereffective|p2a: Arboliva\n|-damage|p2a: Arboliva|49\/100\n|move|p2a: Arboliva|Substitute|p2a: Arboliva\n|-start|p2a: Arboliva|Substitute\n|-damage|p2a: Arboliva|24\/100\n|\n|-heal|p1a: Garchomp|88\/100|[from] Grassy Terrain\n|-heal|p2a: Arboliva|30\/100|[from] Grassy Terrain\n|-heal|p2a: Arboliva|36\/100|[from] item: Leftovers\n|-damage|p1a: Garchomp|76\/100|[from] Leech Seed|[of] p2a: Arboliva\n|-heal|p2a: Arboliva|50\/100|[silent]\n|upkeep\n|turn|41\n|\n|t:|1697784906\n|move|p2a: Arboliva|Protect|p2a: Arboliva\n|-singleturn|p2a: Arboliva|Protect\n|move|p1a: Garchomp|Fire Fang|p2a: Arboliva\n|-activate|p2a: Arboliva|move: Protect\n|\n|-heal|p1a: Garchomp|82\/100|[from] Grassy Terrain\n|-heal|p2a: Arboliva|56\/100|[from] Grassy Terrain\n|-heal|p2a: Arboliva|63\/100|[from] item: Leftovers\n|-damage|p1a: Garchomp|70\/100|[from] Leech Seed|[of] p2a: Arboliva\n|-heal|p2a: Arboliva|77\/100|[silent]\n|upkeep\n|turn|42\n|\n|t:|1697784929\n|move|p1a: Garchomp|Fire Fang|p2a: Arboliva\n|-supereffective|p2a: Arboliva\n|-end|p2a: Arboliva|Substitute\n|move|p2a: Arboliva|Giga Drain|p1a: Garchomp\n|-damage|p1a: Garchomp|14\/100\n|-heal|p2a: Arboliva|100\/100|[from] drain|[of] p1a: Garchomp\n|\n|-heal|p1a: Garchomp|20\/100|[from] Grassy Terrain\n|-damage|p1a: Garchomp|8\/100|[from] Leech Seed|[of] p2a: Arboliva\n|-fieldend|move: Grassy Terrain\n|upkeep\n|turn|43\n|\n|t:|1697784949\n|move|p2a: Arboliva|Protect|p2a: Arboliva\n|-singleturn|p2a: Arboliva|Protect\n|move|p1a: Garchomp|Fire Fang|p2a: Arboliva\n|-activate|p2a: Arboliva|move: Protect\n|\n|-damage|p1a: Garchomp|0 fnt|[from] Leech Seed|[of] p2a: Arboliva\n|faint|p1a: Garchomp\n|upkeep\n|inactive|spark-bubble-22 has 120 seconds left.\n|\n|t:|1697784962\n|switch|p1a: Garchomp|Garchomp, M, shiny|100\/100\n|turn|44\n|\n|t:|1697784970\n|move|p1a: Garchomp|Outrage|p2a: Arboliva\n|-damage|p2a: Arboliva|28\/100\n|-fieldstart|move: Grassy Terrain|[from] ability: Seed Sower|[of] p2a: Arboliva\n|move|p2a: Arboliva|Leech Seed|p1a: Garchomp\n|-start|p1a: Garchomp|move: Leech Seed\n|\n|-heal|p2a: Arboliva|34\/100|[from] Grassy Terrain\n|-heal|p2a: Arboliva|40\/100|[from] item: Leftovers\n|-damage|p1a: Garchomp|88\/100|[from] Leech Seed|[of] p2a: Arboliva\n|-heal|p2a: Arboliva|54\/100|[silent]\n|upkeep\n|turn|45\n|\n|t:|1697784982\n|move|p2a: Arboliva|Protect|p2a: Arboliva\n|-singleturn|p2a: Arboliva|Protect\n|move|p1a: Garchomp|Outrage|p2a: Arboliva|[from]lockedmove\n|-activate|p2a: Arboliva|move: Protect\n|\n|-heal|p1a: Garchomp|94\/100|[from] Grassy Terrain\n|-heal|p2a: Arboliva|60\/100|[from] Grassy Terrain\n|-heal|p2a: Arboliva|67\/100|[from] item: Leftovers\n|-damage|p1a: Garchomp|82\/100|[from] Leech Seed|[of] p2a: Arboliva\n|-heal|p2a: Arboliva|81\/100|[silent]\n|upkeep\n|turn|46\n|\n|t:|1697784996\n|move|p1a: Garchomp|Outrage|p2a: Arboliva\n|-damage|p2a: Arboliva|11\/100\n|move|p2a: Arboliva|Substitute|p2a: Arboliva\n|-fail|p2a: Arboliva|move: Substitute|[weak]\n|\n|-heal|p1a: Garchomp|88\/100|[from] Grassy Terrain\n|-heal|p2a: Arboliva|17\/100|[from] Grassy Terrain\n|-heal|p2a: Arboliva|23\/100|[from] item: Leftovers\n|-damage|p1a: Garchomp|76\/100|[from] Leech Seed|[of] p2a: Arboliva\n|-heal|p2a: Arboliva|37\/100|[silent]\n|upkeep\n|turn|47\n|\n|t:|1697785009\n|move|p2a: Arboliva|Protect|p2a: Arboliva\n|-singleturn|p2a: Arboliva|Protect\n|move|p1a: Garchomp|Outrage|p2a: Arboliva|[from]lockedmove\n|-activate|p2a: Arboliva|move: Protect\n|\n|-heal|p1a: Garchomp|82\/100|[from] Grassy Terrain\n|-heal|p2a: Arboliva|44\/100|[from] Grassy Terrain\n|-heal|p2a: Arboliva|50\/100|[from] item: Leftovers\n|-damage|p1a: Garchomp|70\/100|[from] Leech Seed|[of] p2a: Arboliva\n|-heal|p2a: Arboliva|64\/100|[silent]\n|upkeep\n|turn|48\n|\n|t:|1697785021\n|move|p1a: Garchomp|Outrage|p2a: Arboliva\n|-damage|p2a: Arboliva|0 fnt\n|faint|p2a: Arboliva\n|\n|win|spark-bubble-22\n|raw|spark-bubble-22's rating: 1047 &rarr; <strong>1076<\/strong><br \/>(+29 for winning)\n|raw|Chacho23's rating: 1001 &rarr; <strong>1000<\/strong><br \/>(-1 for losing)\n|c|\u2606spark-bubble-22|gg\n|c|\u2606spark-bubble-22|48 turns xD\n|l|\u2606Chacho23\n","uploadtime":1697785039,"views":9,"p1id":"sparkbubble22","p2id":"chacho23","formatid":"gen9anythinggoes","rating":1000,"private":0,"password":""}