{"id":"gen9anythinggoes-1983425033","p1":"Eriski","p2":"indie_10","format":"[Gen 9] Anything Goes","log":"|j|\u2606Eriski\n|j|\u2606indie_10\n|t:|1699128766\n|gametype|singles\n|player|p1|Eriski|giovanni|1133\n|player|p2|indie_10|nate|1092\n|teamsize|p1|6\n|teamsize|p2|6\n|gen|9\n|tier|[Gen 9] Anything Goes\n|rated|\n|rule|HP Percentage Mod: HP is shown in percentages\n|rule|Endless Battle Clause: Forcing endless battles is banned\n|clearpoke\n|poke|p1|Garchomp, M|\n|poke|p1|Spiritomb, F|\n|poke|p1|Milotic, F|\n|poke|p1|Thundurus-Therian, M|\n|poke|p1|Dragonite, F|\n|poke|p1|Quagsire, M|\n|poke|p2|Calyrex-Shadow|\n|poke|p2|Cinderace, F|\n|poke|p2|Urshifu-*, F|\n|poke|p2|Dragapult, F|\n|poke|p2|Zacian-*|\n|poke|p2|Pincurchin, F|\n|teampreview\n|\n|t:|1699128772\n|start\n|switch|p1a: Quag|Quagsire, M|100\/100\n|switch|p2a: Spike thunder|Pincurchin, F|100\/100\n|turn|1\n|\n|t:|1699128781\n|move|p2a: Spike thunder|Spikes|p1a: Quag\n|-sidestart|p1: Eriski|Spikes\n|move|p1a: Quag|Avalanche|p2a: Spike thunder\n|-damage|p2a: Spike thunder|87\/100\n|\n|upkeep\n|turn|2\n|\n|t:|1699128788\n|switch|p1a: Dragonite|Dragonite, F|100\/100\n|move|p2a: Spike thunder|Spikes|p1a: Dragonite\n|-sidestart|p1: Eriski|Spikes\n|\n|upkeep\n|turn|3\n|\n|t:|1699128795\n|move|p1a: Dragonite|Earthquake|p2a: Spike thunder\n|-supereffective|p2a: Spike thunder\n|-damage|p2a: Spike thunder|11\/100\n|move|p2a: Spike thunder|Spikes|p1a: Dragonite\n|-sidestart|p1: Eriski|Spikes\n|\n|upkeep\n|turn|4\n|\n|t:|1699128802\n|move|p1a: Dragonite|Earthquake|p2a: Spike thunder\n|-supereffective|p2a: Spike thunder\n|-damage|p2a: Spike thunder|0 fnt\n|faint|p2a: Spike thunder\n|\n|upkeep\n|\n|t:|1699128807\n|switch|p2a: Piscou morreu|Urshifu-Rapid-Strike, F|100\/100\n|turn|5\n|\n|t:|1699128812\n|move|p2a: Piscou morreu|Ice Spinner|p1a: Dragonite\n|-supereffective|p1a: Dragonite\n|-damage|p1a: Dragonite|45\/100\n|move|p1a: Dragonite|Hurricane|p2a: Piscou morreu|[miss]\n|-miss|p1a: Dragonite|p2a: Piscou morreu\n|\n|upkeep\n|turn|6\n|\n|t:|1699128820\n|move|p2a: Piscou morreu|Ice Spinner|p1a: Dragonite\n|-supereffective|p1a: Dragonite\n|-damage|p1a: Dragonite|0 fnt\n|faint|p1a: Dragonite\n|\n|upkeep\n|c|\u2606Eriski|i have missed that 70% chance a lot of times\n|\n|t:|1699128834\n|switch|p1a: Thundurus|Thundurus-Therian, M|100\/100\n|turn|7\n|\n|t:|1699128845\n|move|p1a: Thundurus|Wildbolt Storm|p2a: Piscou morreu\n|-supereffective|p2a: Piscou morreu\n|-damage|p2a: Piscou morreu|0 fnt\n|faint|p2a: Piscou morreu\n|\n|upkeep\n|\n|t:|1699128854\n|switch|p2a: Dragapulta|Dragapult, F|100\/100\n|turn|8\n|\n|t:|1699128858\n|-terastallize|p2a: Dragapulta|Dragon\n|move|p1a: Thundurus|Wildbolt Storm|p2a: Dragapulta\n|-resisted|p2a: Dragapulta\n|-damage|p2a: Dragapulta|61\/100\n|move|p2a: Dragapulta|Dragon Darts|p1a: Thundurus\n|-damage|p1a: Thundurus|48\/100\n|-anim|p2a: Dragapulta|Dragon Darts|p1a: Thundurus\n|-damage|p1a: Thundurus|0 fnt\n|faint|p1a: Thundurus\n|\n|upkeep\n|\n|t:|1699128869\n|switch|p1a: Milotic|Milotic, F|100\/100\n|-damage|p1a: Milotic|76\/100|[from] Spikes\n|turn|9\n|\n|t:|1699128875\n|move|p2a: Dragapulta|Dragon Darts|p1a: Milotic\n|-damage|p1a: Milotic|51\/100\n|-anim|p2a: Dragapulta|Dragon Darts|p1a: Milotic\n|-damage|p1a: Milotic|29\/100\n|move|p1a: Milotic|Mirror Coat||[still]\n|-fail|p1a: Milotic\n|\n|-status|p1a: Milotic|brn|[from] item: Flame Orb\n|upkeep\n|turn|10\n|\n|t:|1699128887\n|move|p2a: Dragapulta|Dragon Darts|p1a: Milotic\n|-damage|p1a: Milotic|14\/100 brn\n|-anim|p2a: Dragapulta|Dragon Darts|p1a: Milotic\n|-damage|p1a: Milotic|0 fnt\n|faint|p1a: Milotic\n|\n|upkeep\n|\n|t:|1699128894\n|switch|p1a: Spiritomb|Spiritomb, F, shiny|100\/100\n|-damage|p1a: Spiritomb|75\/100|[from] Spikes\n|turn|11\n|\n|t:|1699128900\n|move|p2a: Dragapulta|Night Shade|p1a: Spiritomb\n|-damage|p1a: Spiritomb|43\/100\n|move|p1a: Spiritomb|Toxic|p2a: Dragapulta|[miss]\n|-miss|p1a: Spiritomb|p2a: Dragapulta\n|\n|-heal|p1a: Spiritomb|49\/100|[from] item: Leftovers\n|upkeep\n|turn|12\n|\n|t:|1699128908\n|move|p2a: Dragapulta|Dragon Dance|p2a: Dragapulta\n|-boost|p2a: Dragapulta|atk|1\n|-boost|p2a: Dragapulta|spe|1\n|move|p1a: Spiritomb|Toxic|p2a: Dragapulta\n|-status|p2a: Dragapulta|tox\n|\n|-heal|p1a: Spiritomb|55\/100|[from] item: Leftovers\n|-damage|p2a: Dragapulta|55\/100 tox|[from] psn\n|upkeep\n|turn|13\n|c|\u2606Eriski|yeah this is my sign to forfeit\n|\n|t:|1699128922\n|move|p2a: Dragapulta|Dragon Darts|p1a: Spiritomb\n|-damage|p1a: Spiritomb|16\/100\n|-anim|p2a: Dragapulta|Dragon Darts|p1a: Spiritomb\n|-damage|p1a: Spiritomb|0 fnt\n|faint|p1a: Spiritomb\n|\n|-damage|p2a: Dragapulta|43\/100 tox|[from] psn\n|upkeep\n|-message|Eriski forfeited.\n|\n|win|indie_10\n|raw|Eriski's rating: 1133 &rarr; <strong>1105<\/strong><br \/>(-28 for losing)\n|raw|indie_10's rating: 1092 &rarr; <strong>1121<\/strong><br \/>(+29 for winning)\n|l|\u2606Eriski\n","uploadtime":1699128934,"views":14,"p1id":"eriski","p2id":"indie10","formatid":"gen9anythinggoes","rating":1105,"private":0,"password":""}