{"id":"gen9anythinggoes-1979899216","p1":"peak lag \u2764","p2":"Dumbfudge","format":"[Gen 9] Anything Goes","log":"|j|\u2606peak lag \u2764\n|j|\u2606Dumbfudge\n|t:|1698726201\n|gametype|singles\n|player|p1|peak lag \u2764|arezu|1314\n|player|p2|Dumbfudge|blackbelt-gen4dp|1302\n|teamsize|p1|6\n|teamsize|p2|6\n|gen|9\n|tier|[Gen 9] Anything Goes\n|rated|\n|rule|HP Percentage Mod: HP is shown in percentages\n|rule|Endless Battle Clause: Forcing endless battles is banned\n|clearpoke\n|poke|p1|Gholdengo|\n|poke|p1|Calyrex-Shadow|\n|poke|p1|Ribombee, F|\n|poke|p1|Ting-Lu|\n|poke|p1|Alomomola, F|\n|poke|p1|Regieleki|\n|poke|p2|Zacian-*|\n|poke|p2|Calyrex-Shadow|\n|poke|p2|Breloom, M|\n|poke|p2|Espathra, M|\n|poke|p2|Regieleki|\n|poke|p2|Dudunsparce-*, M|\n|teampreview\n|inactive|Battle timer is ON: inactive players will automatically lose when time's up. (requested by peak lag \u2764)\n|\n|t:|1698726207\n|start\n|switch|p1a: rib on my bee|Ribombee, F|100\/100\n|switch|p2a: Espathra|Espathra, M|100\/100\n|turn|1\n|\n|t:|1698726221\n|move|p1a: rib on my bee|Sticky Web|p2a: Espathra\n|-sidestart|p2: Dumbfudge|move: Sticky Web\n|move|p2a: Espathra|Substitute|p2a: Espathra\n|-start|p2a: Espathra|Substitute\n|-damage|p2a: Espathra|76\/100\n|\n|-ability|p2a: Espathra|Speed Boost|boost\n|-boost|p2a: Espathra|spe|1\n|upkeep\n|turn|2\n|inactive|peak lag \u2764 has 120 seconds left.\n|\n|t:|1698726256\n|switch|p1a: Lu-Ting your home|Ting-Lu|100\/100\n|-ability|p1a: Lu-Ting your home|Vessel of Ruin\n|move|p2a: Espathra|Hypnosis|p1a: Lu-Ting your home\n|-status|p1a: Lu-Ting your home|slp|[from] move: Hypnosis\n|\n|-ability|p2a: Espathra|Speed Boost|boost\n|-boost|p2a: Espathra|spe|1\n|upkeep\n|turn|3\n|\n|t:|1698726266\n|move|p2a: Espathra|Baton Pass|p2a: Espathra\n|\n|t:|1698726268\n|switch|p2a: Calyrex|Calyrex-Shadow|100\/100|[from] Baton Pass\n|-ability|p2a: Calyrex|As One\n|-ability|p2a: Calyrex|Unnerve\n|-activate|p2a: Calyrex|move: Sticky Web\n|-unboost|p2a: Calyrex|spe|1\n|cant|p1a: Lu-Ting your home|slp\n|\n|upkeep\n|turn|4\n|c|\u2606peak lag \u2764|bitch\n|\n|t:|1698726281\n|move|p2a: Calyrex|Taunt|p1a: Lu-Ting your home\n|-start|p1a: Lu-Ting your home|move: Taunt\n|cant|p1a: Lu-Ting your home|slp\n|\n|upkeep\n|turn|5\n|\n|t:|1698726290\n|switch|p1a: amomlomaloma|Alomomola, F|100\/100\n|move|p2a: Calyrex|Giga Drain|p1a: amomlomaloma\n|-supereffective|p1a: amomlomaloma\n|-damage|p1a: amomlomaloma|14\/100\n|-enditem|p1a: amomlomaloma|Red Card|[of] p2a: Calyrex\n|drag|p2a: Breloom|Breloom, M|100\/100\n|-activate|p2a: Breloom|move: Sticky Web\n|-unboost|p2a: Breloom|spe|1\n|\n|upkeep\n|turn|6\n|\n|t:|1698726303\n|switch|p1a: king dededengo|Gholdengo|100\/100\n|-item|p1a: king dededengo|Air Balloon\n|move|p2a: Breloom|Spore|p1a: king dededengo\n|-immune|p1a: king dededengo|[from] ability: Good as Gold\n|\n|upkeep\n|turn|7\n|\n|t:|1698726311\n|switch|p2a: Dudunsparce|Dudunsparce, M|100\/100\n|-activate|p2a: Dudunsparce|move: Sticky Web\n|-unboost|p2a: Dudunsparce|spe|1\n|move|p1a: king dededengo|Make It Rain|p2a: Dudunsparce\n|-damage|p2a: Dudunsparce|47\/100\n|-unboost|p1a: king dededengo|spa|1\n|\n|upkeep\n|turn|8\n|\n|t:|1698726326\n|move|p1a: king dededengo|Make It Rain|p2a: Dudunsparce\n|-damage|p2a: Dudunsparce|12\/100\n|-unboost|p1a: king dededengo|spa|1\n|move|p2a: Dudunsparce|Roost|p2a: Dudunsparce\n|-heal|p2a: Dudunsparce|62\/100\n|-singleturn|p2a: Dudunsparce|move: Roost\n|\n|upkeep\n|turn|9\n|\n|t:|1698726336\n|move|p1a: king dededengo|Thunder Wave|p2a: Dudunsparce\n|-status|p2a: Dudunsparce|par\n|move|p2a: Dudunsparce|Roost|p2a: Dudunsparce\n|-heal|p2a: Dudunsparce|100\/100 par\n|-singleturn|p2a: Dudunsparce|move: Roost\n|\n|upkeep\n|turn|10\n|\n|t:|1698726345\n|switch|p1a: Lu-Ting your home|Ting-Lu|100\/100 slp\n|-ability|p1a: Lu-Ting your home|Vessel of Ruin\n|move|p2a: Dudunsparce|Air Slash|p1a: Lu-Ting your home\n|-damage|p1a: Lu-Ting your home|92\/100 slp\n|\n|-heal|p1a: Lu-Ting your home|98\/100 slp|[from] item: Leftovers\n|upkeep\n|turn|11\n|\n|t:|1698726358\n|-curestatus|p1a: Lu-Ting your home|slp|[msg]\n|move|p1a: Lu-Ting your home|Spikes|p2a: Dudunsparce\n|-sidestart|p2: Dumbfudge|Spikes\n|move|p2a: Dudunsparce|Headbutt|p1a: Lu-Ting your home\n|-crit|p1a: Lu-Ting your home\n|-damage|p1a: Lu-Ting your home|84\/100\n|\n|-heal|p1a: Lu-Ting your home|90\/100|[from] item: Leftovers\n|upkeep\n|turn|12\n|\n|t:|1698726368\n|move|p1a: Lu-Ting your home|Spikes|p2a: Dudunsparce\n|-sidestart|p2: Dumbfudge|Spikes\n|move|p2a: Dudunsparce|Headbutt|p1a: Lu-Ting your home\n|-damage|p1a: Lu-Ting your home|80\/100\n|\n|-heal|p1a: Lu-Ting your home|87\/100|[from] item: Leftovers\n|upkeep\n|turn|13\n|\n|t:|1698726376\n|move|p1a: Lu-Ting your home|Spikes|p2a: Dudunsparce\n|-sidestart|p2: Dumbfudge|Spikes\n|move|p2a: Dudunsparce|Headbutt|p1a: Lu-Ting your home\n|-damage|p1a: Lu-Ting your home|77\/100\n|\n|-heal|p1a: Lu-Ting your home|83\/100|[from] item: Leftovers\n|upkeep\n|turn|14\n|\n|t:|1698726384\n|move|p1a: Lu-Ting your home|Stealth Rock|p2a: Dudunsparce\n|-sidestart|p2: Dumbfudge|move: Stealth Rock\n|move|p2a: Dudunsparce|Blizzard|p1a: Lu-Ting your home|[miss]\n|-miss|p2a: Dudunsparce|p1a: Lu-Ting your home\n|\n|-heal|p1a: Lu-Ting your home|90\/100|[from] item: Leftovers\n|upkeep\n|turn|15\n|\n|t:|1698726399\n|cant|p2a: Dudunsparce|par\n|move|p1a: Lu-Ting your home|Whirlwind|p2a: Dudunsparce\n|drag|p2a: Whooping cough|Zacian-Crowned|100\/100\n|-activate|p2a: Whooping cough|move: Sticky Web\n|-unboost|p2a: Whooping cough|spe|1\n|-damage|p2a: Whooping cough|76\/100|[from] Spikes\n|-damage|p2a: Whooping cough|70\/100|[from] Stealth Rock\n|-ability|p2a: Whooping cough|Intrepid Sword|boost\n|-boost|p2a: Whooping cough|atk|1\n|\n|-heal|p1a: Lu-Ting your home|96\/100|[from] item: Leftovers\n|upkeep\n|turn|16\n|\n|t:|1698726416\n|move|p2a: Whooping cough|Behemoth Blade|p1a: Lu-Ting your home\n|-damage|p1a: Lu-Ting your home|58\/100\n|move|p1a: Lu-Ting your home|Whirlwind|p2a: Whooping cough\n|drag|p2a: Regieleki|Regieleki|100\/100\n|-activate|p2a: Regieleki|move: Sticky Web\n|-unboost|p2a: Regieleki|spe|1\n|-damage|p2a: Regieleki|76\/100|[from] Spikes\n|-damage|p2a: Regieleki|63\/100|[from] Stealth Rock\n|\n|-heal|p1a: Lu-Ting your home|64\/100|[from] item: Leftovers\n|upkeep\n|turn|17\n|\n|t:|1698726429\n|switch|p1a: king dededengo|Gholdengo|100\/100\n|-item|p1a: king dededengo|Air Balloon\n|move|p2a: Regieleki|Rapid Spin|p1a: king dededengo\n|-immune|p1a: king dededengo\n|\n|upkeep\n|turn|18\n|\n|t:|1698726443\n|switch|p2a: Dudunsparce|Dudunsparce, M|100\/100 par\n|-activate|p2a: Dudunsparce|move: Sticky Web\n|-unboost|p2a: Dudunsparce|spe|1\n|-damage|p2a: Dudunsparce|75\/100 par|[from] Spikes\n|-damage|p2a: Dudunsparce|63\/100 par|[from] Stealth Rock\n|move|p1a: king dededengo|Shadow Ball|p2a: Dudunsparce\n|-immune|p2a: Dudunsparce\n|\n|upkeep\n|turn|19\n|\n|t:|1698726459\n|move|p1a: king dededengo|Make It Rain|p2a: Dudunsparce\n|-damage|p2a: Dudunsparce|7\/100 par\n|-unboost|p1a: king dededengo|spa|1\n|move|p2a: Dudunsparce|Roost|p2a: Dudunsparce\n|-heal|p2a: Dudunsparce|57\/100 par\n|-singleturn|p2a: Dudunsparce|move: Roost\n|\n|upkeep\n|turn|20\n|\n|t:|1698726483\n|switch|p1a: Lu-Ting your home|Ting-Lu|64\/100\n|-ability|p1a: Lu-Ting your home|Vessel of Ruin\n|cant|p2a: Dudunsparce|par\n|\n|-heal|p1a: Lu-Ting your home|70\/100|[from] item: Leftovers\n|upkeep\n|turn|21\n|\n|t:|1698726492\n|cant|p2a: Dudunsparce|par\n|move|p1a: Lu-Ting your home|Whirlwind|p2a: Dudunsparce\n|drag|p2a: Breloom|Breloom, M|100\/100\n|-activate|p2a: Breloom|move: Sticky Web\n|-unboost|p2a: Breloom|spe|1\n|-damage|p2a: Breloom|76\/100|[from] Spikes\n|-damage|p2a: Breloom|69\/100|[from] Stealth Rock\n|\n|-heal|p1a: Lu-Ting your home|76\/100|[from] item: Leftovers\n|upkeep\n|turn|22\n|\n|t:|1698726504\n|switch|p1a: king dededengo|Gholdengo|100\/100\n|-item|p1a: king dededengo|Air Balloon\n|move|p2a: Breloom|Spore|p1a: king dededengo\n|-immune|p1a: king dededengo|[from] ability: Good as Gold\n|\n|upkeep\n|turn|23\n|\n|t:|1698726513\n|switch|p2a: Whooping cough|Zacian-Crowned|70\/100\n|-activate|p2a: Whooping cough|move: Sticky Web\n|-unboost|p2a: Whooping cough|spe|1\n|-damage|p2a: Whooping cough|45\/100|[from] Spikes\n|-damage|p2a: Whooping cough|39\/100|[from] Stealth Rock\n|move|p1a: king dededengo|Make It Rain|p2a: Whooping cough\n|-damage|p2a: Whooping cough|0 fnt\n|-unboost|p1a: king dededengo|spa|1\n|faint|p2a: Whooping cough\n|\n|upkeep\n|\n|t:|1698726529\n|switch|p2a: Calyrex|Calyrex-Shadow|100\/100\n|-ability|p2a: Calyrex|As One\n|-ability|p2a: Calyrex|Unnerve\n|-activate|p2a: Calyrex|move: Sticky Web\n|-unboost|p2a: Calyrex|spe|1\n|-damage|p2a: Calyrex|76\/100|[from] Spikes\n|-damage|p2a: Calyrex|63\/100|[from] Stealth Rock\n|turn|24\n|\n|t:|1698726538\n|-terastallize|p1a: king dededengo|Normal\n|move|p1a: king dededengo|Shadow Ball|p2a: Calyrex\n|-supereffective|p2a: Calyrex\n|-damage|p2a: Calyrex|0 fnt\n|faint|p2a: Calyrex\n|\n|upkeep\n|\n|t:|1698726552\n|switch|p2a: Espathra|Espathra, M|76\/100\n|-activate|p2a: Espathra|move: Sticky Web\n|-unboost|p2a: Espathra|spe|1\n|-damage|p2a: Espathra|51\/100|[from] Spikes\n|-damage|p2a: Espathra|39\/100|[from] Stealth Rock\n|turn|25\n|c|\u2606peak lag \u2764|damn that bitch slow\n|\n|t:|1698726559\n|switch|p1a: amomlomaloma|Alomomola, F|48\/100\n|move|p2a: Espathra|Protect||[still]\n|-fail|p2a: Espathra\n|\n|-ability|p2a: Espathra|Speed Boost|boost\n|-boost|p2a: Espathra|spe|1\n|upkeep\n|turn|26\n|\n|t:|1698726570\n|switch|p1a: regipiss|Regieleki|100\/100\n|move|p2a: Espathra|Hypnosis|p1a: regipiss\n|-status|p1a: regipiss|slp|[from] move: Hypnosis\n|\n|-ability|p2a: Espathra|Speed Boost|boost\n|-boost|p2a: Espathra|spe|1\n|upkeep\n|turn|27\n|\n|t:|1698726579\n|cant|p1a: regipiss|slp\n|move|p2a: Espathra|Baton Pass|p2a: Espathra\n|\n|t:|1698726583\n|switch|p2a: Regieleki|Regieleki|63\/100|[from] Baton Pass\n|-activate|p2a: Regieleki|move: Sticky Web\n|-unboost|p2a: Regieleki|spe|1\n|-damage|p2a: Regieleki|38\/100|[from] Spikes\n|-damage|p2a: Regieleki|26\/100|[from] Stealth Rock\n|\n|upkeep\n|turn|28\n|\n|t:|1698726591\n|switch|p1a: straw nuke|Calyrex-Shadow|100\/100\n|-ability|p1a: straw nuke|As One\n|-ability|p1a: straw nuke|Unnerve\n|move|p2a: Regieleki|Rapid Spin|p1a: straw nuke\n|-immune|p1a: straw nuke\n|\n|upkeep\n|turn|29\n|\n|t:|1698726606\n|move|p2a: Regieleki|Thunder Cage|p1a: straw nuke\n|-damage|p1a: straw nuke|44\/100\n|-activate|p1a: straw nuke|move: Thunder Cage|[of] p2a: Regieleki\n|move|p1a: straw nuke|Psyshock|p2a: Regieleki\n|-damage|p2a: Regieleki|0 fnt\n|faint|p2a: Regieleki\n|-ability|p1a: straw nuke|Grim Neigh|boost\n|-boost|p1a: straw nuke|spa|1\n|\n|-end|p1a: straw nuke|Thunder Cage|[partiallytrapped]|[silent]\n|upkeep\n|\n|t:|1698726616\n|switch|p2a: Dudunsparce|Dudunsparce, M|57\/100 par\n|-activate|p2a: Dudunsparce|move: Sticky Web\n|-unboost|p2a: Dudunsparce|spe|1\n|-damage|p2a: Dudunsparce|32\/100 par|[from] Spikes\n|-damage|p2a: Dudunsparce|19\/100 par|[from] Stealth Rock\n|turn|30\n|\n|t:|1698726622\n|move|p1a: straw nuke|Psyshock|p2a: Dudunsparce\n|-damage|p2a: Dudunsparce|0 fnt\n|faint|p2a: Dudunsparce\n|-ability|p1a: straw nuke|Grim Neigh|boost\n|-boost|p1a: straw nuke|spa|1\n|\n|upkeep\n|-message|Dumbfudge forfeited.\n|\n|win|peak lag \u2764\n|raw|peak lag \u2764's rating: 1314 &rarr; <strong>1333<\/strong><br \/>(+19 for winning)\n|raw|Dumbfudge's rating: 1302 &rarr; <strong>1283<\/strong><br \/>(-19 for losing)\n|l|\u2606Dumbfudge\n","uploadtime":1698726555,"views":14,"p1id":"peaklag","p2id":"dumbfudge","formatid":"gen9anythinggoes","rating":1283,"private":0,"password":""}