{"id":"gen9anythinggoes-1981743400","p1":"Glaire","p2":"penusc","format":"[Gen 9] Anything Goes","log":"|j|\u2606Glaire\n|j|\u2606penusc\n|t:|1698938262\n|gametype|singles\n|player|p1|Glaire|backersf|1137\n|player|p2|penusc|170|1109\n|teamsize|p1|6\n|teamsize|p2|6\n|gen|9\n|tier|[Gen 9] Anything Goes\n|rated|\n|rule|HP Percentage Mod: HP is shown in percentages\n|rule|Endless Battle Clause: Forcing endless battles is banned\n|clearpoke\n|poke|p1|Jirachi|\n|poke|p1|Dudunsparce-*, F|\n|poke|p1|Pawmot, F|\n|poke|p1|Landorus, M|\n|poke|p1|Brute Bonnet|\n|poke|p1|Heatran, M|\n|poke|p2|Mudsdale, M|\n|poke|p2|Weezing, F|\n|poke|p2|Tauros, M|\n|poke|p2|Chien-Pao|\n|poke|p2|Infernape, M|\n|poke|p2|Flapple, F|\n|teampreview\n|\n|t:|1698938291\n|start\n|switch|p1a: Landorus|Landorus, M|100\/100\n|switch|p2a: Chien-Pao|Chien-Pao|100\/100\n|-ability|p2a: Chien-Pao|Sword of Ruin\n|turn|1\n|inactive|Battle timer is ON: inactive players will automatically lose when time's up. (requested by penusc)\n|\n|t:|1698938304\n|switch|p1a: Heatran|Heatran, M|100\/100\n|move|p2a: Chien-Pao|Ice Spinner|p1a: Heatran\n|-resisted|p1a: Heatran\n|-damage|p1a: Heatran|83\/100\n|\n|-heal|p1a: Heatran|90\/100|[from] item: Leftovers\n|upkeep\n|turn|2\n|\n|t:|1698938316\n|switch|p2a: Mudsdale|Mudsdale, M|100\/100\n|move|p1a: Heatran|Flash Cannon|p2a: Mudsdale\n|-damage|p2a: Mudsdale|79\/100\n|-ability|p2a: Mudsdale|Stamina|boost\n|-boost|p2a: Mudsdale|def|1\n|\n|-heal|p1a: Heatran|96\/100|[from] item: Leftovers\n|upkeep\n|turn|3\n|\n|t:|1698938328\n|switch|p1a: Landorus|Landorus, M|100\/100\n|switch|p2a: Chien-Pao|Chien-Pao|100\/100\n|-ability|p2a: Chien-Pao|Sword of Ruin\n|\n|upkeep\n|turn|4\n|\n|t:|1698938337\n|switch|p1a: Heatran|Heatran, M|96\/100\n|move|p2a: Chien-Pao|Sacred Sword|p1a: Heatran\n|-supereffective|p1a: Heatran\n|-damage|p1a: Heatran|0 fnt\n|faint|p1a: Heatran\n|\n|upkeep\n|\n|t:|1698938347\n|switch|p1a: Dudunsparce|Dudunsparce, F|100\/100\n|turn|5\n|\n|t:|1698938375\n|-terastallize|p1a: Dudunsparce|Ghost\n|move|p2a: Chien-Pao|Sacred Sword|p1a: Dudunsparce\n|-immune|p1a: Dudunsparce\n|move|p1a: Dudunsparce|Boomburst|p2a: Chien-Pao\n|-damage|p2a: Chien-Pao|23\/100\n|\n|upkeep\n|turn|6\n|\n|t:|1698938387\n|switch|p2a: Mudsdale|Mudsdale, M|79\/100\n|move|p1a: Dudunsparce|Boomburst|p2a: Mudsdale\n|-damage|p2a: Mudsdale|56\/100\n|-ability|p2a: Mudsdale|Stamina|boost\n|-boost|p2a: Mudsdale|def|1\n|\n|upkeep\n|turn|7\n|\n|t:|1698938401\n|switch|p1a: Brute Bonnet|Brute Bonnet|100\/100\n|move|p2a: Mudsdale|Lash Out|p1a: Brute Bonnet\n|-resisted|p1a: Brute Bonnet\n|-damage|p1a: Brute Bonnet|91\/100\n|\n|-heal|p1a: Brute Bonnet|97\/100|[from] item: Leftovers\n|upkeep\n|turn|8\n|\n|t:|1698938411\n|switch|p2a: Flapple|Flapple, F|100\/100\n|move|p1a: Brute Bonnet|Spore|p2a: Flapple\n|-immune|p2a: Flapple\n|\n|-heal|p1a: Brute Bonnet|100\/100|[from] item: Leftovers\n|upkeep\n|turn|9\n|inactive|Glaire has 120 seconds left.\n|\n|t:|1698938442\n|-end|p1a: Brute Bonnet|Protosynthesis|[silent]\n|switch|p1a: Dudunsparce|Dudunsparce, F, tera:Ghost|100\/100\n|move|p2a: Flapple|Dragon Dance|p2a: Flapple\n|-boost|p2a: Flapple|atk|1\n|-boost|p2a: Flapple|spe|1\n|\n|upkeep\n|turn|10\n|\n|t:|1698938453\n|move|p2a: Flapple|Grav Apple|p1a: Dudunsparce\n|-damage|p1a: Dudunsparce|47\/100\n|-unboost|p1a: Dudunsparce|def|1\n|move|p1a: Dudunsparce|Boomburst|p2a: Flapple\n|-damage|p2a: Flapple|19\/100\n|-enditem|p2a: Flapple|Salac Berry|[eat]\n|-boost|p2a: Flapple|spe|1|[from] item: Salac Berry\n|\n|upkeep\n|turn|11\n|inactive|Glaire has 120 seconds left.\n|\n|t:|1698938476\n|move|p2a: Flapple|Grav Apple|p1a: Dudunsparce\n|-damage|p1a: Dudunsparce|0 fnt\n|faint|p1a: Dudunsparce\n|\n|upkeep\n|inactive|Glaire has 120 seconds left.\n|\n|t:|1698938483\n|switch|p1a: Brute Bonnet|Brute Bonnet|100\/100\n|turn|12\n|\n|t:|1698938494\n|-terastallize|p2a: Flapple|Flying\n|move|p1a: Brute Bonnet|Sucker Punch|p2a: Flapple\n|-damage|p2a: Flapple|0 fnt\n|faint|p2a: Flapple\n|\n|upkeep\n|\n|t:|1698938500\n|switch|p2a: Infernape|Infernape, M|100\/100\n|turn|13\n|\n|t:|1698938517\n|move|p2a: Infernape|Overheat|p1a: Brute Bonnet|[miss]\n|-miss|p2a: Infernape|p1a: Brute Bonnet\n|move|p1a: Brute Bonnet|Close Combat|p2a: Infernape\n|-crit|p2a: Infernape\n|-damage|p2a: Infernape|0 fnt\n|-unboost|p1a: Brute Bonnet|def|1\n|-unboost|p1a: Brute Bonnet|spd|1\n|faint|p2a: Infernape\n|\n|upkeep\n|\n|t:|1698938540\n|switch|p2a: Chien-Pao|Chien-Pao|23\/100\n|-ability|p2a: Chien-Pao|Sword of Ruin\n|turn|14\n|\n|t:|1698938559\n|move|p1a: Brute Bonnet|Sucker Punch|p2a: Chien-Pao\n|-resisted|p2a: Chien-Pao\n|-damage|p2a: Chien-Pao|0 fnt\n|faint|p2a: Chien-Pao\n|\n|upkeep\n|\n|t:|1698938566\n|switch|p2a: Tauros|Tauros, M|100\/100\n|turn|15\n|\n|t:|1698938576\n|move|p1a: Brute Bonnet|Sucker Punch|p2a: Tauros\n|-damage|p2a: Tauros|56\/100\n|move|p2a: Tauros|Raging Bull|p1a: Brute Bonnet\n|-damage|p1a: Brute Bonnet|37\/100\n|-damage|p2a: Tauros|46\/100|[from] item: Life Orb\n|\n|-heal|p1a: Brute Bonnet|43\/100|[from] item: Leftovers\n|upkeep\n|turn|16\n|\n|t:|1698938586\n|move|p1a: Brute Bonnet|Sucker Punch|p2a: Tauros\n|-damage|p2a: Tauros|0 fnt\n|faint|p2a: Tauros\n|\n|-heal|p1a: Brute Bonnet|49\/100|[from] item: Leftovers\n|upkeep\n|\n|t:|1698938593\n|switch|p2a: Mudsdale|Mudsdale, M|56\/100\n|turn|17\n|\n|t:|1698938602\n|move|p1a: Brute Bonnet|Spore|p2a: Mudsdale\n|-status|p2a: Mudsdale|slp|[from] move: Spore\n|cant|p2a: Mudsdale|slp\n|\n|-heal|p1a: Brute Bonnet|55\/100|[from] item: Leftovers\n|upkeep\n|turn|18\n|-message|penusc forfeited.\n|\n|win|Glaire\n|raw|Glaire's rating: 1137 &rarr; <strong>1160<\/strong><br \/>(+23 for winning)\n|raw|penusc's rating: 1109 &rarr; <strong>1086<\/strong><br \/>(-23 for losing)\n|l|\u2606penusc\n|c|\u2606Glaire|gg\n","uploadtime":1698938613,"views":10,"p1id":"glaire","p2id":"penusc","formatid":"gen9anythinggoes","rating":1086,"private":0,"password":""}