{"id":"gen9anythinggoes-1971703614","p1":"Lechonk is Love","p2":"MarcusW","format":"[Gen 9] Anything Goes","log":"|j|\u2606Lechonk is Love\n|j|\u2606MarcusW\n|inactive|Battle timer is ON: inactive players will automatically lose when time's up.\n|t:|1697762928\n|gametype|singles\n|player|p1|Lechonk is Love|volo|\n|player|p2|MarcusW|1|\n|teamsize|p1|6\n|teamsize|p2|6\n|gen|9\n|tier|[Gen 9] Anything Goes\n|rated|Tournament battle\n|rule|HP Percentage Mod: HP is shown in percentages\n|rule|Endless Battle Clause: Forcing endless battles is banned\n|rule|Re-Evolution Mod: Pok\u00e9mon gain the boosts they would gain from evolving again\n|rule|Sleep Moves Clause: Sleep-inducing moves are banned\n|rule|Species Clause: Limit one of each Pok\u00e9mon\n|rule|OHKO Clause: OHKO moves are banned\n|rule|Evasion Moves Clause: Evasion moves are banned\n|rule|Terastal Clause: You cannot Terastallize\n|clearpoke\n|poke|p1|Grimmsnarl, M|\n|poke|p1|Ditto|\n|poke|p1|Gallade, M|\n|poke|p1|Samurott-Hisui, M|\n|poke|p1|Garchomp, F|\n|poke|p1|Slowking-Galar, M|\n|poke|p2|Ceruledge, M|\n|poke|p2|Bellibolt, F|\n|poke|p2|Lilligant-Hisui, F|\n|poke|p2|Hydreigon, F|\n|poke|p2|Avalugg-Hisui, F|\n|poke|p2|Espeon, M|\n|teampreview\n|c|\u2606Lechonk is Love|glhf\n|\n|t:|1697762954\n|start\n|switch|p1a: Samurott|Samurott-Hisui, M|100\/100\n|switch|p2a: Avalugg|Avalugg-Hisui, F|100\/100\n|turn|1\n|inactive|Lechonk is Love has 120 seconds left.\n|\n|t:|1697762999\n|move|p1a: Samurott|Ceaseless Edge|p2a: Avalugg|[miss]\n|-miss|p1a: Samurott|p2a: Avalugg\n|move|p2a: Avalugg|Stealth Rock|p1a: Samurott\n|-sidestart|p1: Lechonk is Love|move: Stealth Rock\n|\n|upkeep\n|turn|2\n|\n|t:|1697763004\n|move|p1a: Samurott|Ceaseless Edge|p2a: Avalugg\n|-damage|p2a: Avalugg|79\/100\n|-sidestart|p2: MarcusW|Spikes\n|-damage|p1a: Samurott|91\/100|[from] item: Life Orb\n|move|p2a: Avalugg|Mountain Gale|p1a: Samurott\n|-resisted|p1a: Samurott\n|-damage|p1a: Samurott|55\/100\n|\n|upkeep\n|turn|3\n|inactive|Lechonk is Love has 120 seconds left.\n|\n|t:|1697763012\n|move|p1a: Samurott|Ceaseless Edge|p2a: Avalugg\n|-damage|p2a: Avalugg|59\/100\n|-sidestart|p2: MarcusW|Spikes\n|-damage|p1a: Samurott|45\/100|[from] item: Life Orb\n|move|p2a: Avalugg|Rapid Spin|p1a: Samurott\n|-damage|p1a: Samurott|22\/100\n|-boost|p2a: Avalugg|spe|1\n|-sideend|p2: MarcusW|Spikes|[from] move: Rapid Spin|[of] p2a: Avalugg\n|\n|upkeep\n|turn|4\n|inactive|Lechonk is Love has 120 seconds left.\n|\n|t:|1697763024\n|move|p1a: Samurott|Ceaseless Edge|p2a: Avalugg\n|-damage|p2a: Avalugg|37\/100\n|-sidestart|p2: MarcusW|Spikes\n|-damage|p1a: Samurott|12\/100|[from] item: Life Orb\n|move|p2a: Avalugg|Rapid Spin|p1a: Samurott\n|-damage|p1a: Samurott|0 fnt\n|-boost|p2a: Avalugg|spe|1\n|-sideend|p2: MarcusW|Spikes|[from] move: Rapid Spin|[of] p2a: Avalugg\n|faint|p1a: Samurott\n|\n|upkeep\n|inactive|Lechonk is Love has 120 seconds left.\n|\n|t:|1697763035\n|switch|p1a: Slowking|Slowking-Galar, M|100\/100\n|turn|5\n|\n|t:|1697763041\n|move|p2a: Avalugg|Mountain Gale|p1a: Slowking\n|-damage|p1a: Slowking|50\/100\n|move|p1a: Slowking|Flamethrower|p2a: Avalugg\n|-damage|p2a: Avalugg|0 fnt\n|faint|p2a: Avalugg\n|\n|upkeep\n|\n|t:|1697763069\n|switch|p2a: Ceruledge|Ceruledge, M|100\/100\n|turn|6\n|\n|t:|1697763077\n|switch|p1a: Grimmsnarl|Grimmsnarl, M|100\/100\n|-damage|p1a: Grimmsnarl|88\/100|[from] Stealth Rock\n|move|p2a: Ceruledge|Bitter Blade|p1a: Grimmsnarl\n|-damage|p1a: Grimmsnarl|7\/100\n|\n|upkeep\n|turn|7\n|\n|t:|1697763085\n|move|p1a: Grimmsnarl|Reflect|p1a: Grimmsnarl\n|-sidestart|p1: Lechonk is Love|Reflect\n|move|p2a: Ceruledge|Bitter Blade|p1a: Grimmsnarl\n|-damage|p1a: Grimmsnarl|0 fnt\n|faint|p1a: Grimmsnarl\n|\n|upkeep\n|\n|t:|1697763089\n|switch|p1a: Garchomp|Garchomp, F|100\/100\n|-damage|p1a: Garchomp|94\/100|[from] Stealth Rock\n|turn|8\n|\n|t:|1697763098\n|switch|p2a: Espeon|Espeon, M|100\/100\n|move|p1a: Garchomp|Substitute|p1a: Garchomp\n|-start|p1a: Garchomp|Substitute\n|-damage|p1a: Garchomp|69\/100\n|\n|-heal|p1a: Garchomp|76\/100|[from] item: Leftovers\n|upkeep\n|turn|9\n|\n|t:|1697763103\n|move|p2a: Espeon|Psychic|p1a: Garchomp\n|-end|p1a: Garchomp|Substitute\n|move|p1a: Garchomp|Earthquake|p2a: Espeon\n|-damage|p2a: Espeon|0 fnt\n|faint|p2a: Espeon\n|\n|-heal|p1a: Garchomp|82\/100|[from] item: Leftovers\n|upkeep\n|\n|t:|1697763106\n|switch|p2a: Hydreigon|Hydreigon, F|100\/100\n|turn|10\n|\n|t:|1697763116\n|move|p2a: Hydreigon|Draco Meteor|p1a: Garchomp\n|-supereffective|p1a: Garchomp\n|-damage|p1a: Garchomp|0 fnt\n|-unboost|p2a: Hydreigon|spa|2\n|faint|p1a: Garchomp\n|\n|upkeep\n|\n|t:|1697763133\n|switch|p1a: Gallade|Gallade, M|100\/100\n|-damage|p1a: Gallade|94\/100|[from] Stealth Rock\n|turn|11\n|\n|t:|1697763142\n|switch|p2a: Ceruledge|Ceruledge, M|100\/100\n|move|p1a: Gallade|Psycho Cut|p2a: Ceruledge\n|-damage|p2a: Ceruledge|0 fnt\n|faint|p2a: Ceruledge\n|\n|upkeep\n|\n|t:|1697763149\n|switch|p2a: Bellibolt|Bellibolt, F|100\/100\n|turn|12\n|\n|t:|1697763153\n|move|p1a: Gallade|Psycho Cut|p2a: Bellibolt\n|-damage|p2a: Bellibolt|42\/100\n|-start|p2a: Bellibolt|Charge|Psycho Cut|[from] ability: Electromorphosis\n|move|p2a: Bellibolt|Parabolic Charge|p1a: Gallade\n|-damage|p1a: Gallade|46\/100\n|-heal|p2a: Bellibolt|57\/100|[from] drain|[of] p1a: Gallade\n|-end|p2a: Bellibolt|Charge|[silent]\n|\n|upkeep\n|turn|13\n|\n|t:|1697763159\n|move|p1a: Gallade|Psycho Cut|p2a: Bellibolt\n|-crit|p2a: Bellibolt\n|-damage|p2a: Bellibolt|0 fnt\n|faint|p2a: Bellibolt\n|\n|upkeep\n|j|@KaenSoul\n|\n|t:|1697763170\n|switch|p2a: Hydreigon|Hydreigon, F|100\/100\n|turn|14\n|\n|t:|1697763173\n|switch|p1a: Slowking|Slowking-Galar, M|84\/100\n|move|p2a: Hydreigon|Dark Pulse|p1a: Slowking\n|-supereffective|p1a: Slowking\n|-damage|p1a: Slowking|28\/100\n|\n|-sideend|p1: Lechonk is Love|Reflect\n|upkeep\n|turn|15\n|\n|t:|1697763183\n|switch|p2a: Lilligant|Lilligant-Hisui, F|100\/100\n|move|p1a: Slowking|Sludge Bomb|p2a: Lilligant\n|-supereffective|p2a: Lilligant\n|-damage|p2a: Lilligant|0 fnt\n|faint|p2a: Lilligant\n|\n|upkeep\n|\n|t:|1697763186\n|switch|p2a: Hydreigon|Hydreigon, F|100\/100\n|turn|16\n|\n|t:|1697763191\n|move|p2a: Hydreigon|Dark Pulse|p1a: Slowking\n|-supereffective|p1a: Slowking\n|-damage|p1a: Slowking|0 fnt\n|faint|p1a: Slowking\n|\n|upkeep\n|\n|t:|1697763193\n|switch|p1a: Ditto|Ditto|100\/100\n|-damage|p1a: Ditto|88\/100|[from] Stealth Rock\n|-transform|p1a: Ditto|p2a: Hydreigon|[from] ability: Imposter\n|turn|17\n|\n|t:|1697763196\n|move|p2a: Hydreigon|Dark Pulse|p1a: Ditto\n|-resisted|p1a: Ditto\n|-damage|p1a: Ditto|57\/100\n|move|p1a: Ditto|Draco Meteor|p2a: Hydreigon\n|-supereffective|p2a: Hydreigon\n|-damage|p2a: Hydreigon|0 fnt\n|-unboost|p1a: Ditto|spa|2\n|faint|p2a: Hydreigon\n|\n|win|Lechonk is Love\n|n|\u2606Lechonk is Love|lechonkislove\n|n|\u2606MarcusW|marcusw\n|n|+KaenSoul|kaensoul\n","uploadtime":1697763197,"views":6,"p1id":"lechonkislove","p2id":"marcusw","formatid":"gen9anythinggoes","rating":0,"private":0,"password":""}