{"id":"gen9anythinggoes-1983877345","p1":"djhagens","p2":"ka27","format":"[Gen 9] Anything Goes","log":"|j|\u2606djhagens\n|j|\u2606ka27\n|t:|1699195107\n|gametype|singles\n|player|p1|djhagens|veteran|1376\n|player|p2|ka27|skierf|1307\n|teamsize|p1|6\n|teamsize|p2|6\n|gen|9\n|tier|[Gen 9] Anything Goes\n|rated|\n|rule|HP Percentage Mod: HP is shown in percentages\n|rule|Endless Battle Clause: Forcing endless battles is banned\n|clearpoke\n|poke|p1|Ludicolo, F|\n|poke|p1|Hatterene, F|\n|poke|p1|Krookodile, F|\n|poke|p1|Flamigo, F|\n|poke|p1|Chandelure, M|\n|poke|p1|Mimikyu, M|\n|poke|p2|Samurott-Hisui, M|\n|poke|p2|Toxapex, M|\n|poke|p2|Ludicolo, M|\n|poke|p2|Pelipper, M|\n|poke|p2|Samurott, M|\n|poke|p2|Samurott-Hisui, M|\n|teampreview\n|\n|t:|1699195118\n|start\n|switch|p1a: Hatterene|Hatterene, F|100\/100\n|switch|p2a: Pelipper|Pelipper, M|100\/100\n|-weather|RainDance|[from] ability: Drizzle|[of] p2a: Pelipper\n|turn|1\n|\n|t:|1699195128\n|move|p2a: Pelipper|U-turn|p1a: Hatterene\n|-damage|p1a: Hatterene|92\/100\n|\n|t:|1699195138\n|switch|p2a: Ludicolo|Ludicolo, M|100\/100|[from] U-turn\n|move|p1a: Hatterene|Calm Mind|p1a: Hatterene\n|-boost|p1a: Hatterene|spa|1\n|-boost|p1a: Hatterene|spd|1\n|\n|-weather|RainDance|[upkeep]\n|-heal|p1a: Hatterene|98\/100|[from] item: Leftovers\n|upkeep\n|turn|2\n|\n|t:|1699195145\n|move|p2a: Ludicolo|Hydro Pump|p1a: Hatterene|[miss]\n|-miss|p2a: Ludicolo|p1a: Hatterene\n|move|p1a: Hatterene|Calm Mind|p1a: Hatterene\n|-boost|p1a: Hatterene|spa|1\n|-boost|p1a: Hatterene|spd|1\n|\n|-weather|RainDance|[upkeep]\n|-heal|p1a: Hatterene|100\/100|[from] item: Leftovers\n|upkeep\n|turn|3\n|\n|t:|1699195168\n|move|p2a: Ludicolo|Hydro Pump|p1a: Hatterene|[miss]\n|-miss|p2a: Ludicolo|p1a: Hatterene\n|move|p1a: Hatterene|Calm Mind|p1a: Hatterene\n|-boost|p1a: Hatterene|spa|1\n|-boost|p1a: Hatterene|spd|1\n|\n|-weather|RainDance|[upkeep]\n|upkeep\n|turn|4\n|\n|t:|1699195181\n|switch|p2a: Samurott|Samurott-Hisui, M|100\/100\n|move|p1a: Hatterene|Psychic|p2a: Samurott\n|-immune|p2a: Samurott\n|\n|-weather|RainDance|[upkeep]\n|upkeep\n|turn|5\n|\n|t:|1699195190\n|move|p2a: Samurott|Razor Shell|p1a: Hatterene\n|-damage|p1a: Hatterene|37\/100\n|-unboost|p1a: Hatterene|def|1\n|move|p1a: Hatterene|Dazzling Gleam|p2a: Samurott\n|-supereffective|p2a: Samurott\n|-damage|p2a: Samurott|0 fnt\n|faint|p2a: Samurott\n|\n|-weather|none\n|-heal|p1a: Hatterene|43\/100|[from] item: Leftovers\n|upkeep\n|\n|t:|1699195195\n|switch|p2a: Samurott|Samurott-Hisui, M|100\/100\n|turn|6\n|\n|t:|1699195207\n|switch|p1a: Ludicolo|Ludicolo, F|100\/100\n|move|p2a: Samurott|Ceaseless Edge|p1a: Ludicolo\n|-damage|p1a: Ludicolo|21\/100\n|-sidestart|p1: djhagens|Spikes\n|\n|upkeep\n|turn|7\n|\n|t:|1699195215\n|move|p2a: Samurott|Sucker Punch|p1a: Ludicolo\n|-damage|p1a: Ludicolo|0 fnt\n|faint|p1a: Ludicolo\n|\n|upkeep\n|\n|t:|1699195220\n|switch|p1a: Flamigo|Flamigo, F|100\/100\n|turn|8\n|\n|t:|1699195224\n|switch|p2a: Pelipper|Pelipper, M|100\/100\n|-weather|RainDance|[from] ability: Drizzle|[of] p2a: Pelipper\n|move|p1a: Flamigo|U-turn|p2a: Pelipper\n|-resisted|p2a: Pelipper\n|-damage|p2a: Pelipper|92\/100\n|-damage|p1a: Flamigo|84\/100|[from] item: Rocky Helmet|[of] p2a: Pelipper\n|\n|t:|1699195252\n|switch|p1a: Hatterene|Hatterene, F|43\/100|[from] U-turn\n|-damage|p1a: Hatterene|31\/100|[from] Spikes\n|\n|-weather|RainDance|[upkeep]\n|-heal|p1a: Hatterene|37\/100|[from] item: Leftovers\n|upkeep\n|turn|9\n|\n|t:|1699195261\n|move|p2a: Pelipper|Hydro Pump|p1a: Hatterene|[miss]\n|-miss|p2a: Pelipper|p1a: Hatterene\n|move|p1a: Hatterene|Psychic|p2a: Pelipper\n|-damage|p2a: Pelipper|27\/100\n|\n|-weather|RainDance|[upkeep]\n|-heal|p1a: Hatterene|43\/100|[from] item: Leftovers\n|upkeep\n|turn|10\n|c|\u2606ka27|\u3002\u3002\u3002\n|c|\u2606djhagens|im so sorry\n|c|\u2606djhagens|hatterene is immune to hydro pump\n|\n|t:|1699195290\n|move|p2a: Pelipper|U-turn|p1a: Hatterene\n|-damage|p1a: Hatterene|35\/100\n|\n|t:|1699195294\n|switch|p2a: Ludicolo|Ludicolo, M|100\/100|[from] U-turn\n|move|p1a: Hatterene|Dazzling Gleam|p2a: Ludicolo\n|-damage|p2a: Ludicolo|58\/100\n|\n|-weather|RainDance|[upkeep]\n|-heal|p1a: Hatterene|41\/100|[from] item: Leftovers\n|upkeep\n|turn|11\n|\n|t:|1699195303\n|move|p2a: Ludicolo|Hydro Pump|p1a: Hatterene|[miss]\n|-miss|p2a: Ludicolo|p1a: Hatterene\n|move|p1a: Hatterene|Psychic|p2a: Ludicolo\n|-damage|p2a: Ludicolo|14\/100\n|\n|-weather|RainDance|[upkeep]\n|-heal|p1a: Hatterene|47\/100|[from] item: Leftovers\n|upkeep\n|turn|12\n|c|\u2606djhagens|no way\n|\n|t:|1699195312\n|move|p2a: Ludicolo|Hydro Pump|p1a: Hatterene\n|-damage|p1a: Hatterene|0 fnt\n|faint|p1a: Hatterene\n|\n|-weather|none\n|upkeep\n|\n|t:|1699195321\n|switch|p1a: Krookodile|Krookodile, F|100\/100\n|-damage|p1a: Krookodile|88\/100|[from] Spikes\n|turn|13\n|c|\u2606ka27|\u3002\n|inactive|Battle timer is ON: inactive players will automatically lose when time's up. (requested by ka27)\n|inactive|djhagens has 120 seconds left.\n|inactive|djhagens has 90 seconds left.\n|inactive|djhagens has 60 seconds left.\n|inactive|djhagens has 30 seconds left.\n|inactive|djhagens has 20 seconds left.\n|inactive|djhagens has 15 seconds left.\n|inactive|djhagens has 10 seconds left.\n|inactive|djhagens has 5 seconds left.\n|-message|djhagens lost due to inactivity.\n|\n|win|ka27\n|raw|djhagens's rating: 1376 &rarr; <strong>1352<\/strong><br \/>(-24 for losing)\n|raw|ka27's rating: 1307 &rarr; <strong>1331<\/strong><br \/>(+24 for winning)\n|l|\u2606djhagens\n","uploadtime":1699195649,"views":5,"p1id":"djhagens","p2id":"ka27","formatid":"gen9anythinggoes","rating":1331,"private":0,"password":""}