{"id":"gen9anythinggoes-1992994020","p1":"Wooper187","p2":"Leuco9","format":"[Gen 9] Anything Goes","log":"|j|\u2606Wooper187\n|j|\u2606Leuco9\n|inactive|Battle timer is ON: inactive players will automatically lose when time's up.\n|t:|1700253633\n|gametype|singles\n|player|p1|Wooper187|alec-anime|\n|player|p2|Leuco9|acetrainer|\n|teamsize|p1|6\n|teamsize|p2|6\n|gen|9\n|tier|[Gen 9] Anything Goes\n|rated|Tournament battle\n|rule|HP Percentage Mod: HP is shown in percentages\n|rule|Endless Battle Clause: Forcing endless battles is banned\n|clearpoke\n|poke|p1|Rotom-Fan|\n|poke|p1|Rotom-Heat|\n|poke|p1|Rotom-Frost|\n|poke|p1|Rotom-Mow|\n|poke|p1|Rotom-Wash|\n|poke|p1|Rotom|\n|poke|p2|Ditto|\n|poke|p2|Ditto|\n|poke|p2|Ditto|\n|poke|p2|Ditto|\n|poke|p2|Ditto|\n|poke|p2|Ditto|\n|teampreview\n|j|*Lady Monita \u2746\n|c|\u2606Wooper187|umm\n|\n|t:|1700253645\n|start\n|switch|p1a: Fridge|Rotom-Frost, shiny|100\/100\n|switch|p2a: Ditto|Ditto|100\/100\n|-transform|p2a: Ditto|p1a: Fridge|[from] ability: Imposter\n|turn|1\n|\n|t:|1700253664\n|move|p1a: Fridge|Substitute|p1a: Fridge\n|-start|p1a: Fridge|Substitute\n|-damage|p1a: Fridge|76\/100\n|move|p2a: Ditto|Nasty Plot|p2a: Ditto\n|-boost|p2a: Ditto|spa|2\n|\n|-heal|p1a: Fridge|82\/100|[from] item: Leftovers\n|upkeep\n|turn|2\n|inactive|Wooper187 has 120 seconds left.\n|\n|t:|1700253690\n|move|p2a: Ditto|Thunderbolt|p1a: Fridge\n|-resisted|p1a: Fridge\n|-crit|p1a: Fridge\n|-end|p1a: Fridge|Substitute\n|move|p1a: Fridge|Nasty Plot|p1a: Fridge\n|-boost|p1a: Fridge|spa|2\n|\n|-heal|p1a: Fridge|88\/100|[from] item: Leftovers\n|upkeep\n|turn|3\n|inactive|Wooper187 has 120 seconds left.\n|\n|t:|1700253713\n|switch|p2a: Ditto|Ditto|100\/100\n|-transform|p2a: Ditto|p1a: Fridge|[from] ability: Imposter\n|move|p1a: Fridge|Nasty Plot|p1a: Fridge\n|-boost|p1a: Fridge|spa|2\n|\n|-heal|p1a: Fridge|94\/100|[from] item: Leftovers\n|upkeep\n|turn|4\n|\n|t:|1700253724\n|switch|p2a: Ditto|Ditto|100\/100\n|-transform|p2a: Ditto|p1a: Fridge|[from] ability: Imposter\n|move|p1a: Fridge|Thunderbolt|p2a: Ditto\n|-resisted|p2a: Ditto\n|-damage|p2a: Ditto|37\/100\n|\n|-heal|p1a: Fridge|100\/100|[from] item: Leftovers\n|-heal|p2a: Ditto|43\/100|[from] item: Leftovers\n|upkeep\n|turn|5\n|\n|t:|1700253745\n|move|p2a: Ditto|Thunderbolt|p1a: Fridge\n|-resisted|p1a: Fridge\n|-damage|p1a: Fridge|20\/100\n|move|p1a: Fridge|Thunderbolt|p2a: Ditto\n|-resisted|p2a: Ditto\n|-damage|p2a: Ditto|0 fnt\n|faint|p2a: Ditto\n|\n|-heal|p1a: Fridge|27\/100|[from] item: Leftovers\n|upkeep\n|\n|t:|1700253755\n|switch|p2a: Ditto|Ditto|100\/100\n|-transform|p2a: Ditto|p1a: Fridge|[from] ability: Imposter\n|turn|6\n|\n|t:|1700253768\n|move|p2a: Ditto|Thunderbolt|p1a: Fridge\n|-resisted|p1a: Fridge\n|-damage|p1a: Fridge|0 fnt\n|faint|p1a: Fridge\n|\n|upkeep\n|\n|t:|1700253783\n|switch|p1a: LightBulb|Rotom, shiny|100\/100\n|turn|7\n|\n|t:|1700253790\n|move|p1a: LightBulb|Shadow Ball|p2a: Ditto\n|-damage|p2a: Ditto|76\/100\n|move|p2a: Ditto|Thunderbolt|p1a: LightBulb\n|-resisted|p1a: LightBulb\n|-damage|p1a: LightBulb|3\/100\n|\n|upkeep\n|turn|8\n|\n|t:|1700253795\n|move|p1a: LightBulb|Shadow Ball|p2a: Ditto\n|-damage|p2a: Ditto|51\/100\n|move|p2a: Ditto|Thunderbolt|p1a: LightBulb\n|-resisted|p1a: LightBulb\n|-damage|p1a: LightBulb|0 fnt\n|faint|p1a: LightBulb\n|\n|upkeep\n|\n|t:|1700253802\n|switch|p1a: Fan|Rotom-Fan, shiny|100\/100\n|turn|9\n|inactive|Wooper187 has 120 seconds left.\n|\n|t:|1700253808\n|-terastallize|p1a: Fan|Electric\n|move|p1a: Fan|Air Slash|p2a: Ditto\n|-resisted|p2a: Ditto\n|-damage|p2a: Ditto|39\/100\n|cant|p2a: Ditto|flinch\n|\n|upkeep\n|turn|10\n|inactive|Wooper187 has 120 seconds left.\n|\n|t:|1700253821\n|move|p1a: Fan|Air Slash|p2a: Ditto\n|-resisted|p2a: Ditto\n|-damage|p2a: Ditto|27\/100\n|cant|p2a: Ditto|flinch\n|\n|upkeep\n|turn|11\n|\n|t:|1700253831\n|move|p1a: Fan|Air Slash|p2a: Ditto\n|-resisted|p2a: Ditto\n|-damage|p2a: Ditto|16\/100\n|cant|p2a: Ditto|flinch\n|\n|upkeep\n|turn|12\n|c|\u2606Wooper187|umm\n|inactive|Wooper187 has 120 seconds left.\n|\n|t:|1700253848\n|move|p1a: Fan|Air Slash|p2a: Ditto\n|-resisted|p2a: Ditto\n|-damage|p2a: Ditto|4\/100\n|move|p2a: Ditto|Blizzard|p1a: Fan\n|-damage|p1a: Fan|0 fnt\n|faint|p1a: Fan\n|\n|upkeep\n|inactive|Wooper187 has 120 seconds left.\n|\n|t:|1700253857\n|switch|p1a: Washing machine|Rotom-Wash, shiny|100\/100\n|turn|13\n|\n|t:|1700253860\n|move|p2a: Ditto|Thunderbolt|p1a: Washing machine\n|-damage|p1a: Washing machine|0 fnt\n|faint|p1a: Washing machine\n|\n|upkeep\n|\n|t:|1700253863\n|switch|p1a: Oven|Rotom-Heat, shiny|100\/100\n|turn|14\n|\n|t:|1700253866\n|move|p2a: Ditto|Thunderbolt|p1a: Oven\n|-resisted|p1a: Oven\n|-damage|p1a: Oven|55\/100\n|move|p1a: Oven|Volt Switch|p2a: Ditto\n|-resisted|p2a: Ditto\n|-damage|p2a: Ditto|0 fnt\n|faint|p2a: Ditto\n|\n|t:|1700253869\n|switch|p1a: mower|Rotom-Mow, shiny|100\/100|[from] Volt Switch\n|\n|upkeep\n|\n|t:|1700253875\n|switch|p2a: Ditto|Ditto|100\/100\n|-transform|p2a: Ditto|p1a: mower|[from] ability: Imposter\n|turn|15\n|\n|t:|1700253885\n|move|p2a: Ditto|Volt Switch|p1a: mower\n|-resisted|p1a: mower\n|-damage|p1a: mower|94\/100\n|\n|t:|1700253890\n|switch|p2a: Ditto|Ditto|100\/100|[from] Volt Switch\n|-transform|p2a: Ditto|p1a: mower|[from] ability: Imposter\n|move|p1a: mower|Nasty Plot|p1a: mower\n|-boost|p1a: mower|spa|2\n|\n|-heal|p1a: mower|99\/100|[from] item: Leftovers\n|upkeep\n|turn|16\n|\n|t:|1700253893\n|move|p2a: Ditto|Volt Switch|p1a: mower\n|-resisted|p1a: mower\n|-damage|p1a: mower|90\/100\n|\n|t:|1700253896\n|switch|p2a: Ditto|Ditto|100\/100|[from] Volt Switch\n|-transform|p2a: Ditto|p1a: mower|[from] ability: Imposter\n|move|p1a: mower|Nasty Plot|p1a: mower\n|-boost|p1a: mower|spa|2\n|\n|-heal|p1a: mower|96\/100|[from] item: Leftovers\n|upkeep\n|turn|17\n|\n|t:|1700253901\n|move|p1a: mower|Nasty Plot|p1a: mower\n|-boost|p1a: mower|spa|2\n|move|p2a: Ditto|Volt Switch|p1a: mower\n|-resisted|p1a: mower\n|-damage|p1a: mower|82\/100\n|\n|t:|1700253907\n|switch|p2a: Ditto|Ditto|100\/100|[from] Volt Switch\n|-transform|p2a: Ditto|p1a: mower|[from] ability: Imposter\n|\n|-heal|p1a: mower|88\/100|[from] item: Leftovers\n|upkeep\n|turn|18\n|\n|t:|1700253919\n|move|p2a: Ditto|Leaf Storm|p1a: mower\n|-resisted|p1a: mower\n|-damage|p1a: mower|0 fnt\n|-unboost|p2a: Ditto|spa|2\n|faint|p1a: mower\n|\n|upkeep\n|\n|t:|1700253922\n|switch|p1a: Oven|Rotom-Heat, shiny|55\/100\n|turn|19\n|\n|t:|1700253926\n|move|p2a: Ditto|Leaf Storm|p1a: Oven\n|-resisted|p1a: Oven\n|-damage|p1a: Oven|4\/100\n|-unboost|p2a: Ditto|spa|2\n|move|p1a: Oven|Overheat|p2a: Ditto\n|-supereffective|p2a: Ditto\n|-damage|p2a: Ditto|0 fnt\n|-unboost|p1a: Oven|spa|2\n|faint|p2a: Ditto\n|\n|upkeep\n|\n|t:|1700253929\n|switch|p2a: Ditto|Ditto|100\/100\n|-transform|p2a: Ditto|p1a: Oven|[from] ability: Imposter\n|turn|20\n|-message|Wooper187 forfeited.\n|\n|win|Leuco9\n|n|\u2606Wooper187|wooper187\n|n|\u2606Leuco9|leuco9\n|n|*Lady Monita \u2746|ladymonita\n|l|*Lady Monita \u2746\n|l|\u2606Wooper187\n","uploadtime":1700253935,"views":3,"p1id":"wooper187","p2id":"leuco9","formatid":"gen9anythinggoes","rating":0,"private":0,"password":""}