{"id":"gen9anythinggoes-1996631545","p1":"YIPPEEEEEEEE","p2":"Vonrien","format":"[Gen 9] Anything Goes","log":"|j|\u2606YIPPEEEEEEEE\n|j|\u2606Vonrien\n|t:|1700702877\n|gametype|singles\n|player|p1|YIPPEEEEEEEE|cynthia|1186\n|player|p2|Vonrien|hilbert|1297\n|teamsize|p1|6\n|teamsize|p2|6\n|gen|9\n|tier|[Gen 9] Anything Goes\n|rated|\n|rule|HP Percentage Mod: HP is shown in percentages\n|rule|Endless Battle Clause: Forcing endless battles is banned\n|clearpoke\n|poke|p1|Eternatus|\n|poke|p1|Arcanine-Hisui, M|\n|poke|p1|Walking Wake|\n|poke|p1|Zarude-Dada|\n|poke|p1|Sneasler, M|\n|poke|p1|Miraidon|\n|poke|p2|Darkrai|\n|poke|p2|Gastrodon, F|\n|poke|p2|Dragonite, F|\n|poke|p2|Chandelure, F|\n|poke|p2|Sneasler, M|\n|poke|p2|Decidueye, M|\n|teampreview\n|\n|t:|1700702889\n|start\n|switch|p1a: Miraidon|Miraidon|100\/100\n|switch|p2a: Lala|Gastrodon, F|100\/100\n|-fieldstart|move: Electric Terrain|[from] ability: Hadron Engine|[of] p1a: Miraidon\n|turn|1\n|\n|t:|1700702898\n|move|p1a: Miraidon|U-turn|p2a: Lala\n|-damage|p2a: Lala|87\/100\n|\n|t:|1700702901\n|switch|p1a: Pls:(|Sneasler, M, shiny|100\/100|[from] U-turn\n|-enditem|p1a: Pls:(|Electric Seed\n|-boost|p1a: Pls:(|def|1|[from] item: Electric Seed\n|move|p2a: Lala|Earth Power|p1a: Pls:(\n|-supereffective|p1a: Pls:(\n|-damage|p1a: Pls:(|0 fnt\n|faint|p1a: Pls:(\n|\n|-heal|p2a: Lala|93\/100|[from] item: Leftovers\n|upkeep\n|\n|t:|1700702915\n|switch|p1a: Miraidon|Miraidon|100\/100\n|-activate|p1a: Miraidon|ability: Hadron Engine\n|turn|2\n|\n|t:|1700702927\n|-terastallize|p1a: Miraidon|Ice\n|move|p1a: Miraidon|Electro Drift|p2a: Lala\n|-immune|p2a: Lala\n|move|p2a: Lala|Earth Power|p1a: Miraidon\n|-damage|p1a: Miraidon|61\/100\n|\n|-heal|p2a: Lala|99\/100|[from] item: Leftovers\n|upkeep\n|turn|3\n|\n|t:|1700702947\n|switch|p1a: Skeledirge|Eternatus|100\/100\n|-ability|p1a: Skeledirge|Pressure\n|move|p2a: Lala|Earth Power|p1a: Skeledirge\n|-supereffective|p1a: Skeledirge\n|-damage|p1a: Skeledirge|35\/100\n|\n|-heal|p2a: Lala|100\/100|[from] item: Leftovers\n|upkeep\n|turn|4\n|\n|t:|1700702960\n|move|p1a: Skeledirge|Dynamax Cannon|p2a: Lala\n|-damage|p2a: Lala|16\/100\n|move|p2a: Lala|Earth Power|p1a: Skeledirge\n|-supereffective|p1a: Skeledirge\n|-damage|p1a: Skeledirge|0 fnt\n|faint|p1a: Skeledirge\n|\n|-heal|p2a: Lala|22\/100|[from] item: Leftovers\n|upkeep\n|\n|t:|1700702974\n|switch|p1a: Zarude|Zarude-Dada|100\/100\n|turn|5\n|\n|t:|1700702978\n|move|p1a: Zarude|Crunch|p2a: Lala\n|-damage|p2a: Lala|0 fnt\n|faint|p2a: Lala\n|\n|-fieldend|move: Electric Terrain\n|upkeep\n|\n|t:|1700702989\n|switch|p2a: Rai|Darkrai|100\/100\n|turn|6\n|\n|t:|1700702993\n|move|p2a: Rai|Blizzard|p1a: Zarude|[miss]\n|-miss|p2a: Rai|p1a: Zarude\n|move|p1a: Zarude|U-turn|p2a: Rai\n|-supereffective|p2a: Rai\n|-damage|p2a: Rai|33\/100\n|\n|t:|1700703001\n|switch|p1a: ITS A TREX|Walking Wake|100\/100|[from] U-turn\n|-enditem|p1a: ITS A TREX|Booster Energy\n|-activate|p1a: ITS A TREX|ability: Protosynthesis|[fromitem]\n|-start|p1a: ITS A TREX|protosynthesisspa\n|\n|upkeep\n|turn|7\n|\n|t:|1700703008\n|move|p2a: Rai|Thunder|p1a: ITS A TREX|[miss]\n|-miss|p2a: Rai|p1a: ITS A TREX\n|move|p1a: ITS A TREX|Hydro Steam|p2a: Rai\n|-damage|p2a: Rai|0 fnt\n|faint|p2a: Rai\n|\n|upkeep\n|\n|t:|1700703015\n|switch|p2a: Fin|Decidueye, M|100\/100\n|turn|8\n|\n|t:|1700703028\n|move|p1a: ITS A TREX|Flip Turn|p2a: Fin\n|-resisted|p2a: Fin\n|-damage|p2a: Fin|87\/100\n|\n|t:|1700703031\n|-end|p1a: ITS A TREX|Protosynthesis|[silent]\n|switch|p1a: Miraidon|Miraidon, tera:Ice|61\/100|[from] Flip Turn\n|-fieldstart|move: Electric Terrain|[from] ability: Hadron Engine|[of] p1a: Miraidon\n|move|p2a: Fin|Brave Bird|p1a: Miraidon\n|-damage|p1a: Miraidon|22\/100\n|-damage|p2a: Fin|73\/100|[from] Recoil\n|\n|upkeep\n|turn|9\n|\n|t:|1700703056\n|move|p2a: Fin|Sucker Punch|p1a: Miraidon\n|-crit|p1a: Miraidon\n|-damage|p1a: Miraidon|0 fnt\n|faint|p1a: Miraidon\n|\n|upkeep\n|\n|t:|1700703062\n|switch|p1a: Zarude|Zarude-Dada|100\/100\n|turn|10\n|\n|t:|1700703067\n|move|p1a: Zarude|Crunch|p2a: Fin\n|-supereffective|p2a: Fin\n|-damage|p2a: Fin|0 fnt\n|faint|p2a: Fin\n|\n|upkeep\n|\n|t:|1700703076\n|switch|p2a: Nilo|Sneasler, M|100\/100\n|turn|11\n|\n|t:|1700703082\n|move|p2a: Nilo|Close Combat|p1a: Zarude\n|-supereffective|p1a: Zarude\n|-damage|p1a: Zarude|0 fnt\n|-unboost|p2a: Nilo|def|1\n|-unboost|p2a: Nilo|spd|1\n|-enditem|p2a: Nilo|White Herb\n|-clearnegativeboost|p2a: Nilo|[silent]\n|faint|p1a: Zarude\n|\n|upkeep\n|\n|t:|1700703090\n|switch|p1a: ITS A TREX|Walking Wake|100\/100\n|turn|12\n|\n|t:|1700703111\n|move|p2a: Nilo|Close Combat|p1a: ITS A TREX\n|-damage|p1a: ITS A TREX|28\/100\n|-unboost|p2a: Nilo|def|1\n|-unboost|p2a: Nilo|spd|1\n|move|p1a: ITS A TREX|Hydro Steam|p2a: Nilo\n|-damage|p2a: Nilo|21\/100\n|\n|-fieldend|move: Electric Terrain\n|upkeep\n|turn|13\n|\n|t:|1700703123\n|move|p1a: ITS A TREX|Aqua Jet|p2a: Nilo\n|-damage|p2a: Nilo|0 fnt\n|faint|p2a: Nilo\n|\n|upkeep\n|\n|t:|1700703129\n|switch|p2a: Rita|Dragonite, F|100\/100\n|turn|14\n|-message|YIPPEEEEEEEE forfeited.\n|\n|win|Vonrien\n|raw|YIPPEEEEEEEE's rating: 1186 &rarr; <strong>1169<\/strong><br \/>(-17 for losing)\n|raw|Vonrien's rating: 1297 &rarr; <strong>1314<\/strong><br \/>(+17 for winning)\n|l|\u2606YIPPEEEEEEEE\n","uploadtime":1700703144,"views":14,"p1id":"yippeeeeeeee","p2id":"vonrien","formatid":"gen9anythinggoes","rating":1169,"private":0,"password":""}