{"id":"gen9anythinggoes-1992843359","p1":"Wintersxs","p2":"Enderian67","format":"[Gen 9] Anything Goes","log":"|j|\u2606Wintersxs\n|j|\u2606Enderian67\n|t:|1700240247\n|gametype|singles\n|player|p1|Wintersxs|harlequin|1268\n|player|p2|Enderian67|steven|1283\n|teamsize|p1|6\n|teamsize|p2|6\n|gen|9\n|tier|[Gen 9] Anything Goes\n|rated|\n|rule|HP Percentage Mod: HP is shown in percentages\n|rule|Endless Battle Clause: Forcing endless battles is banned\n|clearpoke\n|poke|p1|Garchomp, M|\n|poke|p1|Ditto|\n|poke|p1|Dudunsparce-*, M|\n|poke|p1|Calyrex-Shadow|\n|poke|p1|Mewtwo|\n|poke|p1|Regieleki|\n|poke|p2|Pawmot, M|\n|poke|p2|Brambleghast, F|\n|poke|p2|Milotic, F|\n|poke|p2|Talonflame, F|\n|poke|p2|Mudsdale, M|\n|poke|p2|Lycanroc-Dusk, M|\n|teampreview\n|inactive|Battle timer is ON: inactive players will automatically lose when time's up. (requested by Wintersxs)\n|j| isrrael120\n|inactive|Wintersxs has 120 seconds left.\n|\n|t:|1700240278\n|start\n|switch|p1a: Dudunsparce|Dudunsparce-Three-Segment, M|100\/100\n|switch|p2a: Brambleghast|Brambleghast, F, shiny|100\/100\n|turn|1\n|\n|t:|1700240290\n|move|p2a: Brambleghast|Shadow Sneak|p1a: Dudunsparce\n|-immune|p1a: Dudunsparce\n|move|p1a: Dudunsparce|Calm Mind|p1a: Dudunsparce\n|-boost|p1a: Dudunsparce|spa|1\n|-boost|p1a: Dudunsparce|spd|1\n|\n|upkeep\n|turn|2\n|\n|t:|1700240295\n|move|p2a: Brambleghast|Power Whip|p1a: Dudunsparce\n|-damage|p1a: Dudunsparce|55\/100\n|move|p1a: Dudunsparce|Coil|p1a: Dudunsparce\n|-boost|p1a: Dudunsparce|atk|1\n|-boost|p1a: Dudunsparce|def|1\n|-boost|p1a: Dudunsparce|accuracy|1\n|\n|-heal|p1a: Dudunsparce|61\/100|[from] item: Leftovers\n|upkeep\n|turn|3\n|\n|t:|1700240304\n|move|p2a: Brambleghast|Power Whip|p1a: Dudunsparce\n|-damage|p1a: Dudunsparce|30\/100\n|move|p1a: Dudunsparce|Coil|p1a: Dudunsparce\n|-boost|p1a: Dudunsparce|atk|1\n|-boost|p1a: Dudunsparce|def|1\n|-boost|p1a: Dudunsparce|accuracy|1\n|\n|-heal|p1a: Dudunsparce|37\/100|[from] item: Leftovers\n|upkeep\n|turn|4\n|\n|t:|1700240309\n|move|p2a: Brambleghast|Power Whip|p1a: Dudunsparce|[miss]\n|-miss|p2a: Brambleghast|p1a: Dudunsparce\n|move|p1a: Dudunsparce|Agility|p1a: Dudunsparce\n|-boost|p1a: Dudunsparce|spe|2\n|\n|-heal|p1a: Dudunsparce|43\/100|[from] item: Leftovers\n|upkeep\n|turn|5\n|\n|t:|1700240314\n|move|p1a: Dudunsparce|Calm Mind|p1a: Dudunsparce\n|-boost|p1a: Dudunsparce|spa|1\n|-boost|p1a: Dudunsparce|spd|1\n|move|p2a: Brambleghast|Power Whip|p1a: Dudunsparce|[miss]\n|-miss|p2a: Brambleghast|p1a: Dudunsparce\n|\n|-heal|p1a: Dudunsparce|49\/100|[from] item: Leftovers\n|upkeep\n|turn|6\n|\n|t:|1700240319\n|move|p1a: Dudunsparce|Calm Mind|p1a: Dudunsparce\n|-boost|p1a: Dudunsparce|spa|1\n|-boost|p1a: Dudunsparce|spd|1\n|move|p2a: Brambleghast|Power Whip|p1a: Dudunsparce\n|-damage|p1a: Dudunsparce|28\/100\n|\n|-heal|p1a: Dudunsparce|34\/100|[from] item: Leftovers\n|upkeep\n|turn|7\n|\n|t:|1700240328\n|move|p1a: Dudunsparce|Calm Mind|p1a: Dudunsparce\n|-boost|p1a: Dudunsparce|spa|1\n|-boost|p1a: Dudunsparce|spd|1\n|move|p2a: Brambleghast|Power Whip|p1a: Dudunsparce\n|-damage|p1a: Dudunsparce|14\/100\n|\n|-heal|p1a: Dudunsparce|21\/100|[from] item: Leftovers\n|upkeep\n|turn|8\n|\n|t:|1700240334\n|move|p1a: Dudunsparce|Baton Pass|p1a: Dudunsparce\n|\n|t:|1700240336\n|switch|p1a: Mewtwo|Mewtwo|100\/100|[from] Baton Pass\n|-ability|p1a: Mewtwo|Unnerve\n|move|p2a: Brambleghast|Power Whip|p1a: Mewtwo|[miss]\n|-miss|p2a: Brambleghast|p1a: Mewtwo\n|\n|upkeep\n|turn|9\n|\n|t:|1700240343\n|-terastallize|p2a: Brambleghast|Ghost\n|move|p2a: Brambleghast|Shadow Sneak|p1a: Mewtwo\n|-supereffective|p1a: Mewtwo\n|-damage|p1a: Mewtwo|68\/100\n|move|p1a: Mewtwo|Fire Blast|p2a: Brambleghast\n|-damage|p2a: Brambleghast|0 fnt\n|faint|p2a: Brambleghast\n|\n|-heal|p1a: Mewtwo|74\/100|[from] item: Leftovers\n|upkeep\n|\n|t:|1700240354\n|switch|p2a: Pawmot|Pawmot, M, shiny|100\/100\n|turn|10\n|\n|t:|1700240357\n|move|p1a: Mewtwo|Stored Power|p2a: Pawmot\n|-supereffective|p2a: Pawmot\n|-damage|p2a: Pawmot|0 fnt\n|faint|p2a: Pawmot\n|\n|-heal|p1a: Mewtwo|80\/100|[from] item: Leftovers\n|upkeep\n|\n|t:|1700240360\n|switch|p2a: Talonflame|Talonflame, F, shiny|100\/100\n|turn|11\n|\n|t:|1700240367\n|move|p1a: Mewtwo|Thunderbolt|p2a: Talonflame\n|-supereffective|p2a: Talonflame\n|-damage|p2a: Talonflame|0 fnt\n|faint|p2a: Talonflame\n|\n|-heal|p1a: Mewtwo|86\/100|[from] item: Leftovers\n|upkeep\n|\n|t:|1700240370\n|switch|p2a: Mudsdale|Mudsdale, M, shiny|100\/100\n|turn|12\n|\n|t:|1700240376\n|move|p1a: Mewtwo|Stored Power|p2a: Mudsdale\n|-damage|p2a: Mudsdale|0 fnt\n|faint|p2a: Mudsdale\n|\n|-heal|p1a: Mewtwo|93\/100|[from] item: Leftovers\n|upkeep\n|\n|t:|1700240382\n|switch|p2a: Lycanroc|Lycanroc-Dusk, M, shiny|100\/100\n|turn|13\n|\n|t:|1700240386\n|move|p2a: Lycanroc|Accelerock|p1a: Mewtwo\n|-damage|p1a: Mewtwo|71\/100\n|move|p1a: Mewtwo|Stored Power|p2a: Lycanroc\n|-damage|p2a: Lycanroc|0 fnt\n|faint|p2a: Lycanroc\n|\n|-heal|p1a: Mewtwo|77\/100|[from] item: Leftovers\n|upkeep\n|-message|Enderian67 forfeited.\n|\n|win|Wintersxs\n|raw|Wintersxs's rating: 1268 &rarr; <strong>1294<\/strong><br \/>(+26 for winning)\n|raw|Enderian67's rating: 1283 &rarr; <strong>1257<\/strong><br \/>(-26 for losing)\n|l|\u2606Enderian67\n","uploadtime":1700240399,"views":5,"p1id":"wintersxs","p2id":"enderian67","formatid":"gen9anythinggoes","rating":1257,"private":0,"password":""}