{"id":"gen9anythinggoes-1979737361","p1":"losttyrant","p2":"MinisterNickname","format":"[Gen 9] Anything Goes","log":"|j|\u2606losttyrant\n|j|\u2606MinisterNickname\n|t:|1698708074\n|gametype|singles\n|player|p1|losttyrant|1|1144\n|player|p2|MinisterNickname|169|1041\n|teamsize|p1|6\n|teamsize|p2|6\n|gen|9\n|tier|[Gen 9] Anything Goes\n|rated|\n|rule|HP Percentage Mod: HP is shown in percentages\n|rule|Endless Battle Clause: Forcing endless battles is banned\n|clearpoke\n|poke|p1|Groudon|\n|poke|p1|Walking Wake|\n|poke|p1|Typhlosion, F|\n|poke|p1|Palossand, M|\n|poke|p1|Perrserker, F|\n|poke|p1|Dachsbun, M|\n|poke|p2|Ceruledge, F|\n|poke|p2|Greninja-*, M|\n|poke|p2|Lilligant-Hisui, F|\n|poke|p2|Groudon|\n|poke|p2|Heracross, M|\n|poke|p2|Weezing-Galar, M|\n|teampreview\n|\n|t:|1698708080\n|start\n|switch|p1a: Palossand|Palossand, M|100\/100\n|switch|p2a: Lilligant|Lilligant-Hisui, F|100\/100\n|turn|1\n|inactive|Battle timer is ON: inactive players will automatically lose when time's up. (requested by MinisterNickname)\n|\n|t:|1698708100\n|switch|p1a: Dachsbun|Dachsbun, M|100\/100\n|move|p2a: Lilligant|Leech Seed|p1a: Dachsbun\n|-start|p1a: Dachsbun|move: Leech Seed\n|\n|-damage|p1a: Dachsbun|88\/100|[from] Leech Seed|[of] p2a: Lilligant\n|upkeep\n|turn|2\n|\n|t:|1698708108\n|move|p2a: Lilligant|Substitute|p2a: Lilligant\n|-start|p2a: Lilligant|Substitute\n|-damage|p2a: Lilligant|76\/100\n|move|p1a: Dachsbun|Play Rough|p2a: Lilligant\n|-supereffective|p2a: Lilligant\n|-crit|p2a: Lilligant\n|-end|p2a: Lilligant|Substitute\n|\n|-damage|p1a: Dachsbun|76\/100|[from] Leech Seed|[of] p2a: Lilligant\n|-heal|p2a: Lilligant|89\/100|[silent]\n|upkeep\n|turn|3\n|\n|t:|1698708116\n|move|p2a: Lilligant|Protect|p2a: Lilligant\n|-singleturn|p2a: Lilligant|Protect\n|move|p1a: Dachsbun|Play Rough|p2a: Lilligant\n|-activate|p2a: Lilligant|move: Protect\n|\n|-damage|p1a: Dachsbun|64\/100|[from] Leech Seed|[of] p2a: Lilligant\n|-heal|p2a: Lilligant|100\/100|[silent]\n|upkeep\n|turn|4\n|\n|t:|1698708124\n|move|p2a: Lilligant|Substitute|p2a: Lilligant\n|-start|p2a: Lilligant|Substitute\n|-damage|p2a: Lilligant|76\/100\n|move|p1a: Dachsbun|Play Rough|p2a: Lilligant\n|-supereffective|p2a: Lilligant\n|-end|p2a: Lilligant|Substitute\n|\n|-damage|p1a: Dachsbun|51\/100|[from] Leech Seed|[of] p2a: Lilligant\n|-heal|p2a: Lilligant|89\/100|[silent]\n|upkeep\n|turn|5\n|c|\u2606losttyrant|alrighty\n|c|\u2606MinisterNickname|this is the only one\n|\n|t:|1698708144\n|move|p2a: Lilligant|Protect|p2a: Lilligant\n|-singleturn|p2a: Lilligant|Protect\n|move|p1a: Dachsbun|Sunny Day|p1a: Dachsbun\n|-weather|SunnyDay\n|\n|-weather|SunnyDay|[upkeep]\n|-damage|p1a: Dachsbun|39\/100|[from] Leech Seed|[of] p2a: Lilligant\n|-heal|p2a: Lilligant|100\/100|[silent]\n|upkeep\n|turn|6\n|\n|t:|1698708153\n|switch|p1a: Typhlosion|Typhlosion, F|100\/100\n|move|p2a: Lilligant|Tera Blast|p1a: Typhlosion\n|-damage|p1a: Typhlosion|89\/100\n|\n|-weather|SunnyDay|[upkeep]\n|upkeep\n|turn|7\n|\n|t:|1698708160\n|move|p2a: Lilligant|Tera Blast|p1a: Typhlosion\n|-damage|p1a: Typhlosion|76\/100\n|move|p1a: Typhlosion|Eruption|p2a: Lilligant\n|-supereffective|p2a: Lilligant\n|-damage|p2a: Lilligant|0 fnt\n|faint|p2a: Lilligant\n|\n|-weather|SunnyDay|[upkeep]\n|upkeep\n|c|\u2606losttyrant|fuck outta here\n|\n|t:|1698708170\n|switch|p2a: Greninja|Greninja, M|100\/100\n|turn|8\n|c|\u2606losttyrant|(Boston accent)\n|\n|t:|1698708186\n|switch|p1a: Palossand|Palossand, M|100\/100\n|move|p2a: Greninja|Water Shuriken|p1a: Palossand\n|-start|p2a: Greninja|typechange|Water|[from] ability: Protean\n|-supereffective|p1a: Palossand\n|-damage|p1a: Palossand|94\/100\n|-ability|p1a: Palossand|Water Compaction|boost\n|-boost|p1a: Palossand|def|2\n|-supereffective|p1a: Palossand\n|-damage|p1a: Palossand|89\/100\n|-ability|p1a: Palossand|Water Compaction|boost\n|-boost|p1a: Palossand|def|2\n|-hitcount|p1a: Palossand|2\n|\n|-weather|SunnyDay|[upkeep]\n|upkeep\n|turn|9\n|\n|t:|1698708201\n|move|p2a: Greninja|Dark Pulse|p1a: Palossand\n|-supereffective|p1a: Palossand\n|-damage|p1a: Palossand|43\/100\n|move|p1a: Palossand|Stealth Rock|p2a: Greninja\n|-sidestart|p2: MinisterNickname|move: Stealth Rock\n|\n|-weather|none\n|upkeep\n|turn|10\n|\n|t:|1698708210\n|move|p2a: Greninja|Dark Pulse|p1a: Palossand\n|-supereffective|p1a: Palossand\n|-damage|p1a: Palossand|0 fnt\n|faint|p1a: Palossand\n|\n|upkeep\n|c|\u2606losttyrant|rip\n|\n|t:|1698708227\n|switch|p1a: Perrserker|Perrserker, F|100\/100\n|turn|11\n|\n|t:|1698708242\n|switch|p2a: Ceruledge|Ceruledge, F|100\/100\n|-damage|p2a: Ceruledge|76\/100|[from] Stealth Rock\n|move|p1a: Perrserker|Seed Bomb|p2a: Ceruledge\n|-resisted|p2a: Ceruledge\n|-damage|p2a: Ceruledge|59\/100\n|\n|upkeep\n|turn|12\n|\n|t:|1698708256\n|move|p2a: Ceruledge|Bitter Blade|p1a: Perrserker\n|-supereffective|p1a: Perrserker\n|-damage|p1a: Perrserker|0 fnt\n|-heal|p2a: Ceruledge|100\/100|[from] drain|[of] p1a: Perrserker\n|faint|p1a: Perrserker\n|\n|upkeep\n|c|\u2606losttyrant|well\n|\n|t:|1698708264\n|switch|p1a: Groudon|Groudon|100\/100\n|-weather|SunnyDay|[from] ability: Drought|[of] p1a: Groudon\n|turn|13\n|\n|t:|1698708279\n|switch|p2a: Groudon|Groudon|100\/100\n|-damage|p2a: Groudon|94\/100|[from] Stealth Rock\n|move|p1a: Groudon|Earthquake|p2a: Groudon\n|-damage|p2a: Groudon|52\/100\n|\n|-weather|SunnyDay|[upkeep]\n|upkeep\n|turn|14\n|\n|t:|1698708289\n|move|p2a: Groudon|Spikes|p1a: Groudon\n|-sidestart|p1: losttyrant|Spikes\n|move|p1a: Groudon|Earthquake|p2a: Groudon\n|-damage|p2a: Groudon|10\/100\n|-enditem|p2a: Groudon|Aguav Berry|[eat]\n|-heal|p2a: Groudon|43\/100|[from] item: Aguav Berry\n|\n|-weather|SunnyDay|[upkeep]\n|upkeep\n|turn|15\n|\n|t:|1698708298\n|move|p2a: Groudon|Stealth Rock|p1a: Groudon\n|-sidestart|p1: losttyrant|move: Stealth Rock\n|move|p1a: Groudon|Earthquake|p2a: Groudon\n|-damage|p2a: Groudon|2\/100\n|\n|-weather|SunnyDay|[upkeep]\n|upkeep\n|turn|16\n|\n|t:|1698708310\n|move|p2a: Groudon|Earthquake|p1a: Groudon\n|-damage|p1a: Groudon|66\/100\n|move|p1a: Groudon|Earthquake|p2a: Groudon\n|-damage|p2a: Groudon|0 fnt\n|faint|p2a: Groudon\n|\n|-weather|SunnyDay|[upkeep]\n|-heal|p1a: Groudon|72\/100|[from] item: Leftovers\n|upkeep\n|\n|t:|1698708321\n|switch|p2a: Greninja|Greninja, M|100\/100\n|-damage|p2a: Greninja|88\/100|[from] Stealth Rock\n|turn|17\n|\n|t:|1698708330\n|move|p2a: Greninja|Hydro Pump|p1a: Groudon\n|-start|p2a: Greninja|typechange|Water|[from] ability: Protean\n|-supereffective|p1a: Groudon\n|-damage|p1a: Groudon|31\/100\n|move|p1a: Groudon|Thunder Wave|p2a: Greninja\n|-status|p2a: Greninja|par\n|\n|-weather|none\n|-heal|p1a: Groudon|37\/100|[from] item: Leftovers\n|upkeep\n|turn|18\n|inactive|MinisterNickname has 120 seconds left.\n|\n|t:|1698708365\n|switch|p1a: Walking Wake|Walking Wake|100\/100\n|-damage|p1a: Walking Wake|88\/100|[from] Spikes\n|-damage|p1a: Walking Wake|76\/100|[from] Stealth Rock\n|move|p2a: Greninja|Water Shuriken|p1a: Walking Wake\n|-resisted|p1a: Walking Wake\n|-damage|p1a: Walking Wake|74\/100\n|-resisted|p1a: Walking Wake\n|-damage|p1a: Walking Wake|72\/100\n|-resisted|p1a: Walking Wake\n|-damage|p1a: Walking Wake|70\/100\n|-hitcount|p1a: Walking Wake|3\n|\n|upkeep\n|turn|19\n|inactive|MinisterNickname has 120 seconds left.\n|\n|t:|1698708383\n|switch|p2a: Weezing|Weezing-Galar, M|100\/100\n|-ability|p2a: Weezing|Neutralizing Gas\n|-damage|p2a: Weezing|88\/100|[from] Stealth Rock\n|move|p1a: Walking Wake|Knock Off|p2a: Weezing\n|-resisted|p2a: Weezing\n|-damage|p2a: Weezing|81\/100\n|-enditem|p2a: Weezing|Aguav Berry|[from] move: Knock Off|[of] p1a: Walking Wake\n|\n|upkeep\n|turn|20\n|\n|t:|1698708393\n|-end|p1a: Walking Wake|Protosynthesis|[silent]\n|switch|p1a: Groudon|Groudon|37\/100\n|-damage|p1a: Groudon|24\/100|[from] Spikes\n|-damage|p1a: Groudon|18\/100|[from] Stealth Rock\n|move|p2a: Weezing|Dazzling Gleam|p1a: Groudon\n|-damage|p1a: Groudon|0 fnt\n|faint|p1a: Groudon\n|\n|upkeep\n|\n|t:|1698708404\n|switch|p1a: Dachsbun|Dachsbun, M|39\/100\n|-damage|p1a: Dachsbun|27\/100|[from] Spikes\n|-damage|p1a: Dachsbun|15\/100|[from] Stealth Rock\n|turn|21\n|\n|t:|1698708417\n|move|p1a: Dachsbun|Sunny Day|p1a: Dachsbun\n|-weather|SunnyDay\n|move|p2a: Weezing|Dazzling Gleam|p1a: Dachsbun\n|-damage|p1a: Dachsbun|0 fnt\n|faint|p1a: Dachsbun\n|\n|-weather|SunnyDay|[upkeep]\n|upkeep\n|\n|t:|1698708426\n|switch|p1a: Walking Wake|Walking Wake|70\/100\n|-damage|p1a: Walking Wake|58\/100|[from] Spikes\n|-damage|p1a: Walking Wake|46\/100|[from] Stealth Rock\n|-activate|p1a: Walking Wake|ability: Protosynthesis\n|-start|p1a: Walking Wake|protosynthesisspa\n|turn|22\n|\n|t:|1698708434\n|move|p1a: Walking Wake|Hydro Steam|p2a: Weezing\n|-damage|p2a: Weezing|0 fnt\n|faint|p2a: Weezing\n|-end|p2a: Weezing|ability: Neutralizing Gas\n|\n|-weather|SunnyDay|[upkeep]\n|upkeep\n|\n|t:|1698708454\n|switch|p2a: Heracross|Heracross, M|100\/100\n|-damage|p2a: Heracross|88\/100|[from] Stealth Rock\n|turn|23\n|\n|t:|1698708463\n|move|p1a: Walking Wake|Hydro Steam|p2a: Heracross\n|-damage|p2a: Heracross|0 fnt\n|faint|p2a: Heracross\n|\n|-weather|SunnyDay|[upkeep]\n|upkeep\n|\n|t:|1698708473\n|switch|p2a: Greninja|Greninja, M|88\/100 par\n|-damage|p2a: Greninja|76\/100 par|[from] Stealth Rock\n|turn|24\n|\n|t:|1698708479\n|move|p1a: Walking Wake|Hydro Steam|p2a: Greninja\n|-resisted|p2a: Greninja\n|-damage|p2a: Greninja|8\/100 par\n|cant|p2a: Greninja|par\n|\n|-weather|SunnyDay|[upkeep]\n|upkeep\n|turn|25\n|\n|t:|1698708486\n|move|p1a: Walking Wake|Hydro Steam|p2a: Greninja\n|-resisted|p2a: Greninja\n|-damage|p2a: Greninja|0 fnt\n|faint|p2a: Greninja\n|\n|-weather|none\n|-end|p1a: Walking Wake|Protosynthesis\n|upkeep\n|\n|t:|1698708491\n|switch|p2a: Ceruledge|Ceruledge, F|100\/100\n|-damage|p2a: Ceruledge|76\/100|[from] Stealth Rock\n|turn|26\n|c|\u2606losttyrant|the parahaxx\n|\n|t:|1698708510\n|-terastallize|p2a: Ceruledge|Dark\n|move|p1a: Walking Wake|Hydro Steam|p2a: Ceruledge\n|-damage|p2a: Ceruledge|19\/100\n|-enditem|p2a: Ceruledge|Aguav Berry|[eat]\n|-heal|p2a: Ceruledge|52\/100|[from] item: Aguav Berry\n|move|p2a: Ceruledge|Shadow Ball|p1a: Walking Wake\n|-damage|p1a: Walking Wake|27\/100\n|\n|upkeep\n|turn|27\n|\n|t:|1698708523\n|move|p1a: Walking Wake|Hydro Steam|p2a: Ceruledge\n|-damage|p2a: Ceruledge|5\/100\n|move|p2a: Ceruledge|Psycho Cut|p1a: Walking Wake\n|-damage|p1a: Walking Wake|0 fnt\n|faint|p1a: Walking Wake\n|-end|p1a: Walking Wake|Protosynthesis|[silent]\n|\n|upkeep\n|\n|t:|1698708529\n|switch|p1a: Typhlosion|Typhlosion, F|76\/100\n|-damage|p1a: Typhlosion|63\/100|[from] Spikes\n|-damage|p1a: Typhlosion|38\/100|[from] Stealth Rock\n|turn|28\n|c|\u2606losttyrant|so this is how it ends\n|inactive|losttyrant has 120 seconds left.\n|c|\u2606MinisterNickname|it is\n|c|\u2606losttyrant|it was a good battle\n|\n|t:|1698708579\n|move|p1a: Typhlosion|Shadow Ball|p2a: Ceruledge\n|-resisted|p2a: Ceruledge\n|-damage|p2a: Ceruledge|0 fnt\n|faint|p2a: Ceruledge\n|\n|win|losttyrant\n|raw|losttyrant's rating: 1144 &rarr; <strong>1162<\/strong><br \/>(+18 for winning)\n|raw|MinisterNickname's rating: 1041 &rarr; <strong>1030<\/strong><br \/>(-11 for losing)\n","uploadtime":1698708173,"views":5,"p1id":"losttyrant","p2id":"ministernickname","formatid":"gen9anythinggoes","rating":1030,"private":0,"password":""}