{"id":"gen9anythinggoes-1999620861","p1":"Red_Ice_Games","p2":"911localstuf","format":"[Gen 9] Anything Goes","log":"|j|\u2606Red_Ice_Games\n|j|\u2606911localstuf\n|t:|1701101924\n|gametype|singles\n|player|p1|Red_Ice_Games|psychic|1311\n|player|p2|911localstuf|ethan|1246\n|teamsize|p1|6\n|teamsize|p2|6\n|gen|9\n|tier|[Gen 9] Anything Goes\n|rated|\n|rule|HP Percentage Mod: HP is shown in percentages\n|rule|Endless Battle Clause: Forcing endless battles is banned\n|clearpoke\n|poke|p1|Hariyama, M|\n|poke|p1|Espeon, F|\n|poke|p1|Ceruledge, M|\n|poke|p1|Bisharp, F|\n|poke|p1|Iron Valiant|\n|poke|p1|Oricorio-Sensu, F|\n|poke|p2|Ditto|\n|poke|p2|Ditto|\n|poke|p2|Ditto|\n|poke|p2|Ditto|\n|poke|p2|Ditto|\n|poke|p2|Ditto|\n|teampreview\n|inactive|Battle timer is ON: inactive players will automatically lose when time's up. (requested by Red_Ice_Games)\n|\n|t:|1701101947\n|start\n|switch|p1a: Bisharp|Bisharp, F|100\/100\n|switch|p2a: Ditto|Ditto|100\/100\n|-transform|p2a: Ditto|p1a: Bisharp|[from] ability: Imposter\n|turn|1\n|\n|t:|1701101955\n|switch|p1a: Oricorio|Oricorio-Sensu, F|100\/100\n|move|p2a: Ditto|Brick Break|p1a: Oricorio\n|-immune|p1a: Oricorio\n|\n|upkeep\n|turn|2\n|\n|t:|1701101965\n|move|p2a: Ditto|Sucker Punch|p1a: Oricorio\n|-supereffective|p1a: Oricorio\n|-enditem|p1a: Oricorio|Focus Sash\n|-damage|p1a: Oricorio|1\/100\n|move|p1a: Oricorio|Revelation Dance|p2a: Ditto\n|-resisted|p2a: Ditto\n|-damage|p2a: Ditto|73\/100\n|\n|upkeep\n|turn|3\n|\n|t:|1701101976\n|move|p2a: Ditto|Sucker Punch||[still]\n|-fail|p2a: Ditto\n|move|p1a: Oricorio|Baton Pass|p1a: Oricorio\n|\n|t:|1701101982\n|switch|p1a: Ceruledge|Ceruledge, M, shiny|100\/100|[from] Baton Pass\n|\n|upkeep\n|turn|4\n|\n|t:|1701101986\n|move|p2a: Ditto|Sucker Punch||[still]\n|-fail|p2a: Ditto\n|move|p1a: Ceruledge|Swords Dance|p1a: Ceruledge\n|-boost|p1a: Ceruledge|atk|2\n|\n|upkeep\n|turn|5\n|\n|t:|1701101991\n|move|p1a: Ceruledge|Swords Dance|p1a: Ceruledge\n|-boost|p1a: Ceruledge|atk|2\n|move|p2a: Ditto|Swords Dance|p2a: Ditto\n|-boost|p2a: Ditto|atk|2\n|\n|upkeep\n|turn|6\n|\n|t:|1701101997\n|move|p2a: Ditto|Sucker Punch||[still]\n|-fail|p2a: Ditto\n|move|p1a: Ceruledge|Swords Dance|p1a: Ceruledge\n|-boost|p1a: Ceruledge|atk|2\n|\n|upkeep\n|turn|7\n|\n|t:|1701102002\n|move|p1a: Ceruledge|Shadow Sneak|p2a: Ditto\n|-resisted|p2a: Ditto\n|-damage|p2a: Ditto|12\/100\n|move|p2a: Ditto|Sucker Punch||[still]\n|-fail|p2a: Ditto\n|\n|upkeep\n|turn|8\n|\n|t:|1701102015\n|move|p1a: Ceruledge|Bitter Blade|p2a: Ditto\n|-supereffective|p2a: Ditto\n|-damage|p2a: Ditto|0 fnt\n|faint|p2a: Ditto\n|\n|upkeep\n|\n|t:|1701102020\n|switch|p2a: Ditto|Ditto|100\/100\n|-transform|p2a: Ditto|p1a: Ceruledge|[from] ability: Imposter\n|turn|9\n|\n|t:|1701102032\n|move|p1a: Ceruledge|Shadow Sneak|p2a: Ditto\n|-supereffective|p2a: Ditto\n|-enditem|p2a: Ditto|Focus Sash\n|-damage|p2a: Ditto|1\/100\n|-ability|p2a: Ditto|Weak Armor|boost\n|-unboost|p2a: Ditto|def|1\n|-boost|p2a: Ditto|spe|2\n|move|p2a: Ditto|Phantom Force||[still]\n|-prepare|p2a: Ditto|Phantom Force\n|\n|upkeep\n|turn|10\n|inactive|Red_Ice_Games has 120 seconds left.\n|\n|t:|1701102067\n|move|p2a: Ditto|Phantom Force|p1a: Ceruledge|[from]lockedmove\n|-supereffective|p1a: Ceruledge\n|-enditem|p1a: Ceruledge|Focus Sash\n|-damage|p1a: Ceruledge|1\/100\n|-ability|p1a: Ceruledge|Weak Armor|boost\n|-unboost|p1a: Ceruledge|def|1\n|-boost|p1a: Ceruledge|spe|2\n|move|p1a: Ceruledge|Bitter Blade|p2a: Ditto\n|-resisted|p2a: Ditto\n|-damage|p2a: Ditto|0 fnt\n|-heal|p1a: Ceruledge|1\/100|[from] drain|[of] p2a: Ditto\n|faint|p2a: Ditto\n|\n|upkeep\n|\n|t:|1701102079\n|switch|p2a: Ditto|Ditto|100\/100\n|-transform|p2a: Ditto|p1a: Ceruledge|[from] ability: Imposter\n|turn|11\n|\n|t:|1701102084\n|move|p2a: Ditto|Shadow Sneak|p1a: Ceruledge\n|-supereffective|p1a: Ceruledge\n|-damage|p1a: Ceruledge|0 fnt\n|faint|p1a: Ceruledge\n|\n|upkeep\n|\n|t:|1701102094\n|switch|p1a: Espeon|Espeon, F|100\/100\n|turn|12\n|\n|t:|1701102097\n|move|p2a: Ditto|Shadow Sneak|p1a: Espeon\n|-supereffective|p1a: Espeon\n|-enditem|p1a: Espeon|Focus Sash\n|-damage|p1a: Espeon|1\/100\n|move|p1a: Espeon|Yawn|p2a: Ditto\n|-start|p2a: Ditto|move: Yawn|[of] p1a: Espeon\n|\n|upkeep\n|turn|13\n|\n|t:|1701102107\n|move|p2a: Ditto|Shadow Sneak|p1a: Espeon\n|-supereffective|p1a: Espeon\n|-damage|p1a: Espeon|0 fnt\n|faint|p1a: Espeon\n|\n|-end|p2a: Ditto|move: Yawn|[silent]\n|-status|p2a: Ditto|slp\n|upkeep\n|\n|t:|1701102117\n|switch|p1a: Hariyama|Hariyama, M|100\/100\n|turn|14\n|inactive|911localstuf has 120 seconds left.\n|\n|t:|1701102148\n|-terastallize|p2a: Ditto|Normal\n|cant|p2a: Ditto|slp\n|move|p1a: Hariyama|Belly Drum|p1a: Hariyama\n|-damage|p1a: Hariyama|50\/100\n|-setboost|p1a: Hariyama|atk|6|[from] move: Belly Drum\n|\n|upkeep\n|turn|15\n|inactive|911localstuf has 120 seconds left.\n|\n|t:|1701102159\n|cant|p2a: Ditto|slp\n|move|p1a: Hariyama|Drain Punch|p2a: Ditto\n|-supereffective|p2a: Ditto\n|-enditem|p2a: Ditto|Focus Sash\n|-damage|p2a: Ditto|1\/100 slp\n|-heal|p1a: Hariyama|80\/100|[from] drain|[of] p2a: Ditto\n|-ability|p2a: Ditto|Weak Armor|boost\n|-unboost|p2a: Ditto|def|1\n|-boost|p2a: Ditto|spe|2\n|\n|upkeep\n|turn|16\n|inactive|911localstuf has 120 seconds left.\n|\n|t:|1701102176\n|cant|p2a: Ditto|slp\n|move|p1a: Hariyama|Bullet Punch|p2a: Ditto\n|-damage|p2a: Ditto|0 fnt\n|faint|p2a: Ditto\n|\n|upkeep\n|\n|t:|1701102182\n|switch|p2a: Ditto|Ditto|100\/100\n|-transform|p2a: Ditto|p1a: Hariyama|[from] ability: Imposter\n|turn|17\n|inactive|911localstuf has 120 seconds left.\n|\n|t:|1701102191\n|move|p2a: Ditto|Drain Punch|p1a: Hariyama\n|-damage|p1a: Hariyama|0 fnt\n|faint|p1a: Hariyama\n|\n|upkeep\n|\n|t:|1701102196\n|switch|p1a: Oricorio|Oricorio-Sensu, F|1\/100\n|turn|18\n|\n|t:|1701102201\n|move|p2a: Ditto|Bullet Punch|p1a: Oricorio\n|-damage|p1a: Oricorio|0 fnt\n|faint|p1a: Oricorio\n|\n|upkeep\n|\n|t:|1701102204\n|switch|p1a: Iron Valiant|Iron Valiant, shiny|100\/100\n|turn|19\n|\n|t:|1701102217\n|-terastallize|p1a: Iron Valiant|Ground\n|move|p1a: Iron Valiant|Spirit Break|p2a: Ditto\n|-supereffective|p2a: Ditto\n|-enditem|p2a: Ditto|Focus Sash\n|-damage|p2a: Ditto|1\/100\n|-unboost|p2a: Ditto|spa|1\n|move|p2a: Ditto|Heavy Slam|p1a: Iron Valiant\n|-enditem|p1a: Iron Valiant|Focus Sash\n|-damage|p1a: Iron Valiant|1\/100\n|\n|upkeep\n|turn|20\n|\n|t:|1701102233\n|move|p1a: Iron Valiant|Drain Punch|p2a: Ditto\n|-damage|p2a: Ditto|0 fnt\n|-heal|p1a: Iron Valiant|1\/100|[from] drain|[of] p2a: Ditto\n|faint|p2a: Ditto\n|\n|upkeep\n|\n|t:|1701102239\n|switch|p2a: Ditto|Ditto|100\/100\n|-transform|p2a: Ditto|p1a: Iron Valiant|[from] ability: Imposter\n|-start|p2a: Ditto|typechange|Fairy\/Fighting|[silent]\n|turn|21\n|\n|t:|1701102245\n|move|p1a: Iron Valiant|Spirit Break|p2a: Ditto\n|-supereffective|p2a: Ditto\n|-enditem|p2a: Ditto|Focus Sash\n|-damage|p2a: Ditto|1\/100\n|-unboost|p2a: Ditto|spa|1\n|move|p2a: Ditto|Drain Punch|p1a: Iron Valiant\n|-damage|p1a: Iron Valiant|0 fnt\n|-heal|p2a: Ditto|1\/100|[from] drain|[of] p1a: Iron Valiant\n|faint|p1a: Iron Valiant\n|-end|p1a: Iron Valiant|Quark Drive|[silent]\n|\n|upkeep\n|\n|t:|1701102248\n|switch|p1a: Bisharp|Bisharp, F|100\/100\n|turn|22\n|\n|t:|1701102258\n|move|p1a: Bisharp|Sucker Punch|p2a: Ditto\n|-resisted|p2a: Ditto\n|-damage|p2a: Ditto|0 fnt\n|faint|p2a: Ditto\n|-end|p2a: Ditto|Quark Drive|[silent]\n|\n|upkeep\n|\n|t:|1701102263\n|switch|p2a: Ditto|Ditto|100\/100\n|-transform|p2a: Ditto|p1a: Bisharp|[from] ability: Imposter\n|turn|23\n|\n|t:|1701102268\n|move|p1a: Bisharp|Brick Break|p2a: Ditto\n|-supereffective|p2a: Ditto\n|-enditem|p2a: Ditto|Focus Sash\n|-damage|p2a: Ditto|1\/100\n|move|p2a: Ditto|Brick Break|p1a: Bisharp\n|-supereffective|p1a: Bisharp\n|-damage|p1a: Bisharp|9\/100\n|\n|upkeep\n|turn|24\n|\n|t:|1701102279\n|move|p2a: Ditto|Sucker Punch|p1a: Bisharp\n|-resisted|p1a: Bisharp\n|-damage|p1a: Bisharp|0 fnt\n|faint|p1a: Bisharp\n|\n|win|911localstuf\n|raw|Red_Ice_Games's rating: 1311 &rarr; <strong>1287<\/strong><br \/>(-24 for losing)\n|raw|911localstuf's rating: 1246 &rarr; <strong>1276<\/strong><br \/>(+30 for winning)\n|l|\u2606Red_Ice_Games\n|c|\u2606911localstuf|Wow\n","uploadtime":1701102320,"views":18,"p1id":"redicegames","p2id":"911localstuf","formatid":"gen9anythinggoes","rating":1276,"private":0,"password":""}