{"id":"gen9anythinggoes-1992130495","p1":"Beat10up YouTube","p2":"Midniel","format":"[Gen 9] Anything Goes","log":"|j|\u203dBeat10up YouTube\n|j|\u203dMidniel\n|t:|1700157563\n|gametype|singles\n|player|p1|Beat10up YouTube|riley|\n|player|p2|Midniel|red|\n|teamsize|p1|6\n|teamsize|p2|6\n|gen|9\n|tier|[Gen 9] Anything Goes\n|rule|HP Percentage Mod: HP is shown in percentages\n|rule|Endless Battle Clause: Forcing endless battles is banned\n|clearpoke\n|poke|p1|Mewtwo|\n|poke|p1|Mewtwo|\n|poke|p1|Mewtwo|\n|poke|p1|Mewtwo|\n|poke|p1|Mewtwo|\n|poke|p1|Mewtwo|\n|poke|p2|Garchomp, F|\n|poke|p2|Armarouge, F|\n|poke|p2|Chien-Pao|\n|poke|p2|Glimmora, M|\n|poke|p2|Houndstone, F|\n|poke|p2|Palafin, M|\n|teampreview\n|inactive|Battle timer is ON: inactive players will automatically lose when time's up. (requested by Beat10up YouTube)\n|\n|t:|1700157582\n|start\n|switch|p1a: Mewtwo|Mewtwo|100\/100\n|switch|p2a: Glimmora|Glimmora, M, shiny|100\/100\n|-ability|p1a: Mewtwo|Pressure\n|turn|1\n|l|\u203dBeat10up YouTube\n|inactive|Beat10up YouTube disconnected and has 300 seconds to reconnect!\n|player|p1|\n|j|\u203dBeat10up YouTube\n|inactive|Beat10up YouTube reconnected and has 300 seconds left.\n|player|p1|Beat10up YouTube|riley\n|n|\u203dBeat10up YouTube|beat10upyoutube\n|\n|t:|1700157598\n|move|p1a: Mewtwo|Earth Power|p2a: Glimmora\n|-supereffective|p2a: Glimmora\n|-enditem|p2a: Glimmora|Focus Sash\n|-damage|p2a: Glimmora|1\/100\n|move|p2a: Glimmora|Stealth Rock|p1a: Mewtwo\n|-sidestart|p1: Beat10up YouTube|move: Stealth Rock\n|\n|upkeep\n|turn|2\n|\n|t:|1700157606\n|move|p2a: Glimmora|Spiky Shield|p2a: Glimmora\n|-singleturn|p2a: Glimmora|move: Protect\n|move|p1a: Mewtwo|Earth Power|p2a: Glimmora\n|-activate|p2a: Glimmora|move: Protect\n|\n|upkeep\n|turn|3\n|\n|t:|1700157613\n|move|p1a: Mewtwo|Earth Power|p2a: Glimmora\n|-supereffective|p2a: Glimmora\n|-damage|p2a: Glimmora|0 fnt\n|faint|p2a: Glimmora\n|\n|upkeep\n|\n|t:|1700157629\n|switch|p2a: Palafin|Palafin, M|100\/100\n|turn|4\n|\n|t:|1700157646\n|detailschange|p2a: Palafin|Palafin-Hero, M\n|switch|p2a: Chien-Pao|Chien-Pao|100\/100\n|-ability|p2a: Chien-Pao|Sword of Ruin\n|move|p1a: Mewtwo|Tera Blast|p2a: Chien-Pao\n|-damage|p2a: Chien-Pao|45\/100\n|\n|upkeep\n|turn|5\n|\n|t:|1700157660\n|move|p2a: Chien-Pao|Ice Spinner|p1a: Mewtwo\n|-damage|p1a: Mewtwo|41\/100\n|move|p1a: Mewtwo|Tera Blast|p2a: Chien-Pao\n|-damage|p2a: Chien-Pao|0 fnt\n|faint|p2a: Chien-Pao\n|\n|upkeep\n|\n|t:|1700157668\n|switch|p2a: Palafin|Palafin-Hero, M|100\/100\n|-activate|p2a: Palafin|ability: Zero to Hero\n|turn|6\n|\n|t:|1700157675\n|move|p1a: Mewtwo|Tera Blast|p2a: Palafin\n|-damage|p2a: Palafin|58\/100\n|move|p2a: Palafin|Bulk Up|p2a: Palafin\n|-boost|p2a: Palafin|atk|1\n|-boost|p2a: Palafin|def|1\n|\n|-heal|p2a: Palafin|64\/100|[from] item: Leftovers\n|upkeep\n|turn|7\n|\n|t:|1700157684\n|move|p1a: Mewtwo|Tera Blast|p2a: Palafin\n|-damage|p2a: Palafin|25\/100\n|move|p2a: Palafin|Drain Punch|p1a: Mewtwo\n|-resisted|p1a: Mewtwo\n|-damage|p1a: Mewtwo|14\/100\n|-heal|p2a: Palafin|39\/100|[from] drain|[of] p1a: Mewtwo\n|\n|-heal|p2a: Palafin|45\/100|[from] item: Leftovers\n|upkeep\n|turn|8\n|\n|t:|1700157694\n|move|p1a: Mewtwo|Tera Blast|p2a: Palafin\n|-damage|p2a: Palafin|6\/100\n|move|p2a: Palafin|Drain Punch|p1a: Mewtwo\n|-resisted|p1a: Mewtwo\n|-damage|p1a: Mewtwo|0 fnt\n|-heal|p2a: Palafin|13\/100|[from] drain|[of] p1a: Mewtwo\n|faint|p1a: Mewtwo\n|\n|-heal|p2a: Palafin|20\/100|[from] item: Leftovers\n|upkeep\n|\n|t:|1700157700\n|switch|p1a: Mewtwo|Mewtwo|100\/100\n|-damage|p1a: Mewtwo|88\/100|[from] Stealth Rock\n|-ability|p1a: Mewtwo|Pressure\n|turn|9\n|\n|t:|1700157711\n|move|p1a: Mewtwo|Tera Blast|p2a: Palafin\n|-damage|p2a: Palafin|0 fnt\n|faint|p2a: Palafin\n|\n|upkeep\n|\n|t:|1700157717\n|switch|p2a: Armarouge|Armarouge, F, shiny|100\/100\n|turn|10\n|\n|t:|1700157727\n|move|p1a: Mewtwo|Earth Power|p2a: Armarouge\n|-supereffective|p2a: Armarouge\n|-damage|p2a: Armarouge|0 fnt\n|faint|p2a: Armarouge\n|\n|upkeep\n|\n|t:|1700157732\n|switch|p2a: Garchomp|Garchomp, F|100\/100\n|turn|11\n|\n|t:|1700157738\n|move|p1a: Mewtwo|Ice Beam|p2a: Garchomp\n|-supereffective|p2a: Garchomp\n|-enditem|p2a: Garchomp|Focus Sash\n|-damage|p2a: Garchomp|1\/100\n|move|p2a: Garchomp|Sandstorm|p2a: Garchomp\n|-weather|Sandstorm\n|\n|-weather|Sandstorm|[upkeep]\n|-damage|p1a: Mewtwo|82\/100|[from] Sandstorm\n|upkeep\n|turn|12\n|\n|t:|1700157747\n|switch|p2a: Houndstone|Houndstone, F, shiny|100\/100\n|move|p1a: Mewtwo|Ice Beam|p2a: Houndstone\n|-damage|p2a: Houndstone|53\/100\n|\n|-weather|Sandstorm|[upkeep]\n|-damage|p1a: Mewtwo|76\/100|[from] Sandstorm\n|upkeep\n|turn|13\n|\n|t:|1700157760\n|move|p2a: Houndstone|Last Respects|p1a: Mewtwo\n|-supereffective|p1a: Mewtwo\n|-damage|p1a: Mewtwo|0 fnt\n|faint|p1a: Mewtwo\n|\n|-weather|Sandstorm|[upkeep]\n|upkeep\n|\n|t:|1700157764\n|switch|p1a: Mewtwo|Mewtwo|100\/100\n|-damage|p1a: Mewtwo|88\/100|[from] Stealth Rock\n|-ability|p1a: Mewtwo|Pressure\n|turn|14\n|\n|t:|1700157772\n|-terastallize|p1a: Mewtwo|Dark\n|move|p2a: Houndstone|Protect|p2a: Houndstone\n|-singleturn|p2a: Houndstone|Protect\n|move|p1a: Mewtwo|Tera Blast|p2a: Houndstone|[anim] Tera Blast Dark\n|-activate|p2a: Houndstone|move: Protect\n|\n|-weather|Sandstorm|[upkeep]\n|-damage|p1a: Mewtwo|82\/100|[from] Sandstorm\n|upkeep\n|turn|15\n|\n|t:|1700157780\n|move|p2a: Houndstone|Body Press|p1a: Mewtwo\n|-supereffective|p1a: Mewtwo\n|-damage|p1a: Mewtwo|43\/100\n|move|p1a: Mewtwo|Tera Blast|p2a: Houndstone|[anim] Tera Blast Dark\n|-supereffective|p2a: Houndstone\n|-damage|p2a: Houndstone|0 fnt\n|faint|p2a: Houndstone\n|\n|-weather|none\n|upkeep\n|\n|t:|1700157788\n|switch|p2a: Garchomp|Garchomp, F|1\/100\n|turn|16\n|\n|t:|1700157794\n|move|p1a: Mewtwo|Ice Beam|p2a: Garchomp\n|-supereffective|p2a: Garchomp\n|-damage|p2a: Garchomp|0 fnt\n|faint|p2a: Garchomp\n|\n|win|Beat10up YouTube\n|l|\u203dMidniel\n|l|\u203dBeat10up YouTube\n|j|\u203dMidniel\n|player|p2|Midniel|red\n","uploadtime":1700158402,"views":4,"p1id":"beat10upyoutube","p2id":"midniel","formatid":"gen9anythinggoes","rating":0,"private":0,"password":""}