{"id":"gen9anythinggoes-1999207109","p1":"diogo332","p2":"Splatonthefloor","format":"[Gen 9] Anything Goes","log":"|j|\u2606diogo332\n|j|\u2606Splatonthefloor\n|t:|1701045437\n|gametype|singles\n|player|p1|diogo332|102|1000\n|player|p2|Splatonthefloor|preschooler|1077\n|teamsize|p1|6\n|teamsize|p2|6\n|gen|9\n|tier|[Gen 9] Anything Goes\n|rated|\n|rule|HP Percentage Mod: HP is shown in percentages\n|rule|Endless Battle Clause: Forcing endless battles is banned\n|clearpoke\n|poke|p1|Annihilape, F|\n|poke|p1|Great Tusk|\n|poke|p1|Skeledirge, M|\n|poke|p1|Ceruledge, M|\n|poke|p1|Urshifu-*, F|\n|poke|p1|Iron Bundle|\n|poke|p2|Persian-Alola, F|\n|poke|p2|Raichu-Alola, M|\n|poke|p2|Arceus|\n|poke|p2|Cinderace, M|\n|poke|p2|Clefable, M|\n|poke|p2|Ninetales-Alola, F|\n|teampreview\n|\n|t:|1701045453\n|start\n|switch|p1a: Urshifu|Urshifu-Rapid-Strike, F|100\/100\n|switch|p2a: Raichu|Raichu-Alola, M|100\/100\n|turn|1\n|\n|t:|1701045467\n|move|p2a: Raichu|Fake Out|p1a: Urshifu\n|-damage|p1a: Urshifu|92\/100\n|cant|p1a: Urshifu|flinch\n|\n|upkeep\n|turn|2\n|\n|t:|1701045477\n|move|p1a: Urshifu|Poison Jab|p2a: Raichu\n|-damage|p2a: Raichu|54\/100\n|-status|p2a: Raichu|psn\n|move|p2a: Raichu|Thunder Shock|p1a: Urshifu\n|-supereffective|p1a: Urshifu\n|-damage|p1a: Urshifu|64\/100\n|\n|-damage|p2a: Raichu|42\/100 psn|[from] psn\n|upkeep\n|turn|3\n|\n|t:|1701045488\n|move|p1a: Urshifu|Stone Edge|p2a: Raichu\n|-crit|p2a: Raichu\n|-damage|p2a: Raichu|0 fnt\n|faint|p2a: Raichu\n|\n|upkeep\n|\n|t:|1701045497\n|switch|p2a: Persian|Persian-Alola, F|100\/100\n|turn|4\n|\n|t:|1701045500\n|move|p1a: Urshifu|Drain Punch|p2a: Persian\n|-supereffective|p2a: Persian\n|-damage|p2a: Persian|46\/100\n|-heal|p1a: Urshifu|88\/100|[from] drain|[of] p2a: Persian\n|move|p2a: Persian|Thunderbolt|p1a: Urshifu\n|-supereffective|p1a: Urshifu\n|-damage|p1a: Urshifu|44\/100\n|-status|p1a: Urshifu|par\n|\n|upkeep\n|turn|5\n|\n|t:|1701045509\n|move|p2a: Persian|Thunderbolt|p1a: Urshifu\n|-supereffective|p1a: Urshifu\n|-damage|p1a: Urshifu|2\/100 par\n|cant|p1a: Urshifu|par\n|\n|upkeep\n|turn|6\n|\n|t:|1701045518\n|move|p2a: Persian|Thunderbolt|p1a: Urshifu\n|-supereffective|p1a: Urshifu\n|-damage|p1a: Urshifu|0 fnt\n|faint|p1a: Urshifu\n|\n|upkeep\n|\n|t:|1701045539\n|switch|p1a: Iron Bundle|Iron Bundle, shiny|100\/100\n|-enditem|p1a: Iron Bundle|Booster Energy\n|-activate|p1a: Iron Bundle|ability: Quark Drive|[fromitem]\n|-start|p1a: Iron Bundle|quarkdrivespe\n|turn|7\n|\n|t:|1701045551\n|move|p1a: Iron Bundle|Chilling Water|p2a: Persian\n|-damage|p2a: Persian|11\/100\n|-unboost|p2a: Persian|atk|1\n|move|p2a: Persian|Gunk Shot|p1a: Iron Bundle\n|-damage|p1a: Iron Bundle|84\/100\n|\n|upkeep\n|turn|8\n|\n|t:|1701045560\n|move|p1a: Iron Bundle|Chilling Water|p2a: Persian\n|-damage|p2a: Persian|0 fnt\n|faint|p2a: Persian\n|\n|upkeep\n|\n|t:|1701045567\n|switch|p2a: Arceus|Arceus|100\/100\n|turn|9\n|\n|t:|1701045579\n|move|p1a: Iron Bundle|Freeze-Dry|p2a: Arceus\n|-damage|p2a: Arceus|74\/100\n|move|p2a: Arceus|Waterfall|p1a: Iron Bundle\n|-resisted|p1a: Iron Bundle\n|-crit|p1a: Iron Bundle\n|-damage|p1a: Iron Bundle|56\/100\n|\n|upkeep\n|turn|10\n|\n|t:|1701045588\n|move|p1a: Iron Bundle|Freeze-Dry|p2a: Arceus\n|-damage|p2a: Arceus|52\/100\n|move|p2a: Arceus|Giga Drain|p1a: Iron Bundle\n|-supereffective|p1a: Iron Bundle\n|-damage|p1a: Iron Bundle|0 fnt\n|-heal|p2a: Arceus|68\/100|[from] drain|[of] p1a: Iron Bundle\n|faint|p1a: Iron Bundle\n|-end|p1a: Iron Bundle|Quark Drive|[silent]\n|\n|upkeep\n|\n|t:|1701045603\n|switch|p1a: Skeledirge|Skeledirge, M|100\/100\n|turn|11\n|\n|t:|1701045607\n|move|p2a: Arceus|Waterfall|p1a: Skeledirge\n|-supereffective|p1a: Skeledirge\n|-damage|p1a: Skeledirge|53\/100\n|cant|p1a: Skeledirge|flinch\n|\n|upkeep\n|turn|12\n|\n|t:|1701045613\n|move|p2a: Arceus|Waterfall|p1a: Skeledirge\n|-supereffective|p1a: Skeledirge\n|-damage|p1a: Skeledirge|2\/100\n|move|p1a: Skeledirge|Torch Song|p2a: Arceus\n|-crit|p2a: Arceus\n|-damage|p2a: Arceus|28\/100\n|-boost|p1a: Skeledirge|spa|1\n|\n|upkeep\n|turn|13\n|\n|t:|1701045628\n|move|p2a: Arceus|Giga Drain|p1a: Skeledirge\n|-resisted|p1a: Skeledirge\n|-damage|p1a: Skeledirge|0 fnt\n|-heal|p2a: Arceus|29\/100|[from] drain|[of] p1a: Skeledirge\n|faint|p1a: Skeledirge\n|\n|upkeep\n|\n|t:|1701045633\n|switch|p1a: Ceruledge|Ceruledge, M|100\/100\n|turn|14\n|\n|t:|1701045641\n|move|p1a: Ceruledge|Bitter Blade|p2a: Arceus\n|-damage|p2a: Arceus|5\/100\n|move|p2a: Arceus|Giga Drain|p1a: Ceruledge\n|-resisted|p1a: Ceruledge\n|-crit|p1a: Ceruledge\n|-damage|p1a: Ceruledge|86\/100\n|-heal|p2a: Arceus|12\/100|[from] drain|[of] p1a: Ceruledge\n|\n|upkeep\n|turn|15\n|\n|t:|1701045650\n|move|p1a: Ceruledge|Flame Charge|p2a: Arceus\n|-damage|p2a: Arceus|0 fnt\n|-boost|p1a: Ceruledge|spe|1\n|faint|p2a: Arceus\n|\n|upkeep\n|\n|t:|1701045657\n|switch|p2a: Cinderace|Cinderace, M|100\/100\n|turn|16\n|\n|t:|1701045663\n|move|p1a: Ceruledge|Shadow Sneak|p2a: Cinderace\n|-damage|p2a: Cinderace|86\/100\n|move|p2a: Cinderace|Double Kick|p1a: Ceruledge\n|-immune|p1a: Ceruledge\n|\n|upkeep\n|turn|17\n|\n|t:|1701045676\n|move|p1a: Ceruledge|Bitter Blade|p2a: Cinderace\n|-resisted|p2a: Cinderace\n|-damage|p2a: Cinderace|68\/100\n|-heal|p1a: Ceruledge|95\/100|[from] drain|[of] p2a: Cinderace\n|move|p2a: Cinderace|Flamethrower|p1a: Ceruledge\n|-resisted|p1a: Ceruledge\n|-damage|p1a: Ceruledge|82\/100\n|\n|upkeep\n|turn|18\n|\n|t:|1701045685\n|move|p2a: Cinderace|Quick Attack|p1a: Ceruledge\n|-immune|p1a: Ceruledge\n|move|p1a: Ceruledge|Bitter Blade|p2a: Cinderace\n|-resisted|p2a: Cinderace\n|-crit|p2a: Cinderace\n|-damage|p2a: Cinderace|36\/100\n|-heal|p1a: Ceruledge|98\/100|[from] drain|[of] p2a: Cinderace\n|\n|upkeep\n|turn|19\n|\n|t:|1701045693\n|move|p1a: Ceruledge|Bitter Blade|p2a: Cinderace\n|-resisted|p2a: Cinderace\n|-crit|p2a: Cinderace\n|-damage|p2a: Cinderace|0 fnt\n|-heal|p1a: Ceruledge|100\/100|[from] drain|[of] p2a: Cinderace\n|faint|p2a: Cinderace\n|\n|upkeep\n|\n|t:|1701045701\n|switch|p2a: Clefable|Clefable, M|100\/100\n|turn|20\n|\n|t:|1701045716\n|move|p1a: Ceruledge|Swords Dance|p1a: Ceruledge\n|-boost|p1a: Ceruledge|atk|2\n|move|p2a: Clefable|Draining Kiss|p1a: Ceruledge\n|-resisted|p1a: Ceruledge\n|-damage|p1a: Ceruledge|91\/100\n|\n|upkeep\n|turn|21\n|\n|t:|1701045726\n|move|p1a: Ceruledge|Bitter Blade|p2a: Clefable\n|-damage|p2a: Clefable|12\/100\n|-heal|p1a: Ceruledge|100\/100|[from] drain|[of] p2a: Clefable\n|move|p2a: Clefable|Dual Wingbeat|p1a: Ceruledge\n|-damage|p1a: Ceruledge|92\/100\n|-ability|p1a: Ceruledge|Weak Armor|boost\n|-unboost|p1a: Ceruledge|def|1\n|-boost|p1a: Ceruledge|spe|2\n|-damage|p1a: Ceruledge|77\/100\n|-ability|p1a: Ceruledge|Weak Armor|boost\n|-unboost|p1a: Ceruledge|def|1\n|-boost|p1a: Ceruledge|spe|2\n|-hitcount|p1a: Ceruledge|2\n|\n|upkeep\n|turn|22\n|\n|t:|1701045749\n|move|p1a: Ceruledge|Bitter Blade|p2a: Clefable\n|-damage|p2a: Clefable|0 fnt\n|-heal|p1a: Ceruledge|83\/100|[from] drain|[of] p2a: Clefable\n|faint|p2a: Clefable\n|\n|upkeep\n|\n|t:|1701045774\n|switch|p2a: Ninetales|Ninetales-Alola, F|100\/100\n|turn|23\n|\n|t:|1701045783\n|move|p1a: Ceruledge|Bitter Blade|p2a: Ninetales\n|-supereffective|p2a: Ninetales\n|-damage|p2a: Ninetales|0 fnt\n|-heal|p1a: Ceruledge|100\/100|[from] drain|[of] p2a: Ninetales\n|faint|p2a: Ninetales\n|\n|win|diogo332\n|raw|diogo332's rating: 1000 &rarr; <strong>1049<\/strong><br \/>(+49 for winning)\n|raw|Splatonthefloor's rating: 1077 &rarr; <strong>1051<\/strong><br \/>(-26 for losing)\n|l|\u2606Splatonthefloor\n","uploadtime":1701045807,"views":1,"p1id":"diogo332","p2id":"splatonthefloor","formatid":"gen9anythinggoes","rating":1049,"private":0,"password":""}