{"id":"gen9anythinggoes-1993076174","p1":"Vonrien","p2":"Iggitzy","format":"[Gen 9] Anything Goes","log":"|j|\u2606Vonrien\n|j|\u2606Iggitzy\n|t:|1700262020\n|gametype|singles\n|player|p1|Vonrien|hilbert|1284\n|player|p2|Iggitzy|doctor|1307\n|teamsize|p1|6\n|teamsize|p2|6\n|gen|9\n|tier|[Gen 9] Anything Goes\n|rated|\n|rule|HP Percentage Mod: HP is shown in percentages\n|rule|Endless Battle Clause: Forcing endless battles is banned\n|clearpoke\n|poke|p1|Darkrai|\n|poke|p1|Gastrodon, F|\n|poke|p1|Dragonite, F|\n|poke|p1|Chandelure, F|\n|poke|p1|Sneasler, M|\n|poke|p1|Decidueye, M|\n|poke|p2|Torkoal, M|\n|poke|p2|Koraidon|\n|poke|p2|Slither Wing|\n|poke|p2|Arboliva, F|\n|poke|p2|Walking Wake|\n|poke|p2|Lilligant-Hisui, F|\n|teampreview\n|inactive|Battle timer is ON: inactive players will automatically lose when time's up. (requested by Iggitzy)\n|\n|t:|1700262035\n|start\n|switch|p1a: Lala|Gastrodon, F|100\/100\n|switch|p2a: Torkoal|Torkoal, M|100\/100\n|-weather|SunnyDay|[from] ability: Drought|[of] p2a: Torkoal\n|turn|1\n|\n|t:|1700262042\n|move|p1a: Lala|Earth Power|p2a: Torkoal\n|-supereffective|p2a: Torkoal\n|-damage|p2a: Torkoal|0 fnt\n|faint|p2a: Torkoal\n|\n|-weather|SunnyDay|[upkeep]\n|upkeep\n|\n|t:|1700262048\n|switch|p2a: Lilligant|Lilligant-Hisui, F|100\/100\n|turn|2\n|\n|t:|1700262052\n|switch|p1a: Fin|Decidueye, M|100\/100\n|move|p2a: Lilligant|Solar Blade||[still]\n|-prepare|p2a: Lilligant|Solar Blade\n|-anim|p2a: Lilligant|Solar Blade|p1a: Fin\n|-resisted|p1a: Fin\n|-damage|p1a: Fin|52\/100\n|\n|-weather|SunnyDay|[upkeep]\n|upkeep\n|turn|3\n|\n|t:|1700262060\n|move|p2a: Lilligant|Ice Spinner|p1a: Fin\n|-supereffective|p1a: Fin\n|-damage|p1a: Fin|0 fnt\n|faint|p1a: Fin\n|\n|-weather|SunnyDay|[upkeep]\n|upkeep\n|\n|t:|1700262078\n|switch|p1a: Rita|Dragonite, F|100\/100\n|turn|4\n|\n|t:|1700262080\n|move|p2a: Lilligant|Ice Spinner|p1a: Rita\n|-supereffective|p1a: Rita\n|-damage|p1a: Rita|43\/100\n|move|p1a: Rita|Dragon Dance|p1a: Rita\n|-boost|p1a: Rita|atk|1\n|-boost|p1a: Rita|spe|1\n|\n|-weather|SunnyDay|[upkeep]\n|upkeep\n|turn|5\n|\n|t:|1700262087\n|move|p2a: Lilligant|Ice Spinner|p1a: Rita\n|-supereffective|p1a: Rita\n|-damage|p1a: Rita|0 fnt\n|faint|p1a: Rita\n|\n|-weather|SunnyDay|[upkeep]\n|upkeep\n|\n|t:|1700262093\n|switch|p1a: Shin|Chandelure, F, shiny|100\/100\n|turn|6\n|\n|t:|1700262097\n|switch|p2a: Walking Wake|Walking Wake|100\/100\n|-activate|p2a: Walking Wake|ability: Protosynthesis\n|-start|p2a: Walking Wake|protosynthesisspe\n|move|p1a: Shin|Fire Blast|p2a: Walking Wake\n|-resisted|p2a: Walking Wake\n|-damage|p2a: Walking Wake|73\/100\n|\n|-weather|SunnyDay|[upkeep]\n|upkeep\n|turn|7\n|\n|t:|1700262107\n|switch|p1a: Lala|Gastrodon, F|100\/100\n|move|p2a: Walking Wake|Hydro Steam|p1a: Lala\n|-ability|p1a: Lala|Storm Drain|boost\n|-boost|p1a: Lala|spa|1\n|\n|-weather|SunnyDay|[upkeep]\n|upkeep\n|turn|8\n|\n|t:|1700262118\n|-end|p2a: Walking Wake|Protosynthesis|[silent]\n|switch|p2a: Lilligant|Lilligant-Hisui, F|100\/100\n|move|p1a: Lala|Sludge Bomb|p2a: Lilligant\n|-supereffective|p2a: Lilligant\n|-damage|p2a: Lilligant|2\/100\n|\n|-weather|none\n|-heal|p2a: Lilligant|8\/100|[from] item: Leftovers\n|upkeep\n|turn|9\n|\n|t:|1700262129\n|switch|p2a: Koraidon|Koraidon|100\/100\n|-weather|SunnyDay|[from] ability: Orichalcum Pulse|[of] p2a: Koraidon\n|-activate|p2a: Koraidon|Orichalcum Pulse|[source]\n|move|p1a: Lala|Sludge Bomb|p2a: Koraidon\n|-damage|p2a: Koraidon|57\/100\n|-status|p2a: Koraidon|psn\n|\n|-weather|SunnyDay|[upkeep]\n|-damage|p2a: Koraidon|44\/100 psn|[from] psn\n|upkeep\n|turn|10\n|\n|t:|1700262140\n|move|p2a: Koraidon|Dragon Claw|p1a: Lala\n|-damage|p1a: Lala|25\/100\n|-damage|p2a: Koraidon|34\/100 psn|[from] item: Life Orb\n|move|p1a: Lala|Ice Beam|p2a: Koraidon\n|-supereffective|p2a: Koraidon\n|-damage|p2a: Koraidon|0 fnt\n|faint|p2a: Koraidon\n|\n|-weather|SunnyDay|[upkeep]\n|-heal|p1a: Lala|31\/100|[from] item: Leftovers\n|upkeep\n|\n|t:|1700262152\n|switch|p2a: Lilligant|Lilligant-Hisui, F|8\/100\n|turn|11\n|\n|t:|1700262157\n|move|p2a: Lilligant|Solar Blade||[still]\n|-prepare|p2a: Lilligant|Solar Blade\n|-anim|p2a: Lilligant|Solar Blade|p1a: Lala\n|-supereffective|p1a: Lala\n|-damage|p1a: Lala|0 fnt\n|faint|p1a: Lala\n|\n|-weather|SunnyDay|[upkeep]\n|-heal|p2a: Lilligant|14\/100|[from] item: Leftovers\n|upkeep\n|\n|t:|1700262164\n|switch|p1a: Shin|Chandelure, F, shiny|100\/100\n|turn|12\n|\n|t:|1700262175\n|move|p2a: Lilligant|Ice Spinner|p1a: Shin\n|-resisted|p1a: Shin\n|-damage|p1a: Shin|82\/100\n|move|p1a: Shin|Energy Ball|p2a: Lilligant\n|-resisted|p2a: Lilligant\n|-damage|p2a: Lilligant|0 fnt\n|faint|p2a: Lilligant\n|\n|-weather|SunnyDay|[upkeep]\n|upkeep\n|\n|t:|1700262183\n|switch|p2a: Walking Wake|Walking Wake|73\/100\n|-activate|p2a: Walking Wake|ability: Protosynthesis\n|-start|p2a: Walking Wake|protosynthesisspe\n|turn|13\n|\n|t:|1700262187\n|move|p2a: Walking Wake|Hydro Steam|p1a: Shin\n|-supereffective|p1a: Shin\n|-damage|p1a: Shin|0 fnt\n|faint|p1a: Shin\n|-damage|p2a: Walking Wake|63\/100|[from] item: Life Orb\n|\n|-weather|none\n|-end|p2a: Walking Wake|Protosynthesis\n|upkeep\n|\n|t:|1700262199\n|switch|p1a: Nilo|Sneasler, M|100\/100\n|turn|14\n|\n|t:|1700262204\n|-terastallize|p2a: Walking Wake|Steel\n|move|p1a: Nilo|Close Combat|p2a: Walking Wake\n|-supereffective|p2a: Walking Wake\n|-damage|p2a: Walking Wake|0 fnt\n|-unboost|p1a: Nilo|def|1\n|-unboost|p1a: Nilo|spd|1\n|-enditem|p1a: Nilo|White Herb\n|-clearnegativeboost|p1a: Nilo|[silent]\n|faint|p2a: Walking Wake\n|-end|p2a: Walking Wake|Protosynthesis|[silent]\n|\n|upkeep\n|-message|Iggitzy forfeited.\n|\n|win|Vonrien\n|raw|Vonrien's rating: 1284 &rarr; <strong>1311<\/strong><br \/>(+27 for winning)\n|raw|Iggitzy's rating: 1307 &rarr; <strong>1286<\/strong><br \/>(-21 for losing)\n|l|\u2606Iggitzy\n","uploadtime":1700262214,"views":11,"p1id":"vonrien","p2id":"iggitzy","formatid":"gen9anythinggoes","rating":1286,"private":0,"password":""}