{"id":"gen9anythinggoes-1999528778","p1":"Fred64303","p2":"fishingmage","format":"[Gen 9] Anything Goes","log":"|j|\u2606Fred64303\n|j|\u2606fishingmage\n|t:|1701092883\n|gametype|singles\n|player|p1|Fred64303|lucas|1248\n|player|p2|fishingmage|fisherman-gen4|1297\n|teamsize|p1|6\n|teamsize|p2|6\n|gen|9\n|tier|[Gen 9] Anything Goes\n|rated|\n|rule|HP Percentage Mod: HP is shown in percentages\n|rule|Endless Battle Clause: Forcing endless battles is banned\n|clearpoke\n|poke|p1|Talonflame, M|\n|poke|p1|Scizor, M|\n|poke|p1|Calyrex-Shadow|\n|poke|p1|Empoleon, M|\n|poke|p1|Miraidon|\n|poke|p1|Heracross, M|\n|poke|p2|Cramorant, M|\n|poke|p2|Chesnaught, F|\n|poke|p2|Dondozo, F|\n|poke|p2|Sandslash, M|\n|poke|p2|Enamorus, F|\n|poke|p2|Salamence, F|\n|teampreview\n|inactive|Battle timer is ON: inactive players will automatically lose when time's up. (requested by Fred64303)\n|\n|t:|1701092888\n|start\n|switch|p1a: Talonflame|Talonflame, M, shiny|100\/100\n|switch|p2a: OH GOD PUT EM DOWN|Cramorant, M, shiny|100\/100\n|turn|1\n|\n|t:|1701092918\n|switch|p1a: Heracross|Heracross, M|100\/100\n|move|p2a: OH GOD PUT EM DOWN|Surf|p1a: Heracross\n|-formechange|p2a: OH GOD PUT EM DOWN|Cramorant-Gulping|\n|-damage|p1a: Heracross|67\/100\n|\n|-status|p1a: Heracross|brn|[from] item: Flame Orb\n|upkeep\n|turn|2\n|\n|t:|1701092927\n|move|p2a: OH GOD PUT EM DOWN|Hurricane|p1a: Heracross\n|-supereffective|p1a: Heracross\n|-damage|p1a: Heracross|0 fnt\n|faint|p1a: Heracross\n|\n|upkeep\n|\n|t:|1701092933\n|switch|p1a: Calyrex|Calyrex-Shadow|100\/100\n|-ability|p1a: Calyrex|As One\n|-ability|p1a: Calyrex|Unnerve\n|turn|3\n|\n|t:|1701092939\n|move|p1a: Calyrex|Astral Barrage|p2a: OH GOD PUT EM DOWN\n|-damage|p2a: OH GOD PUT EM DOWN|5\/100\n|-damage|p1a: Calyrex|76\/100|[from] ability: Gulp Missile|[of] p2a: OH GOD PUT EM DOWN\n|-unboost|p1a: Calyrex|def|1\n|-formechange|p2a: OH GOD PUT EM DOWN|Cramorant|\n|move|p2a: OH GOD PUT EM DOWN|Surf|p1a: Calyrex\n|-formechange|p2a: OH GOD PUT EM DOWN|Cramorant-Gorging|\n|-damage|p1a: Calyrex|40\/100\n|\n|upkeep\n|turn|4\n|\n|t:|1701092950\n|move|p1a: Calyrex|Astral Barrage|p2a: OH GOD PUT EM DOWN\n|-damage|p2a: OH GOD PUT EM DOWN|0 fnt\n|-damage|p1a: Calyrex|15\/100|[from] ability: Gulp Missile|[of] p2a: OH GOD PUT EM DOWN\n|-status|p1a: Calyrex|par\n|-formechange|p2a: OH GOD PUT EM DOWN|Cramorant|\n|faint|p2a: OH GOD PUT EM DOWN\n|-ability|p1a: Calyrex|Grim Neigh|boost\n|-boost|p1a: Calyrex|spa|1\n|\n|upkeep\n|l|\u2606Fred64303\n|inactive|Fred64303 disconnected and has a minute to reconnect!\n|player|p1|\n|\n|t:|1701092969\n|switch|p2a: Beeg feesh|Dondozo, F|100\/100\n|turn|5\n|j|\u2606Fred64303\n|inactive|Fred64303 reconnected and has 150 seconds left.\n|player|p1|Fred64303|lucas\n|\n|t:|1701092973\n|move|p1a: Calyrex|Astral Barrage|p2a: Beeg feesh\n|-damage|p2a: Beeg feesh|20\/100\n|move|p2a: Beeg feesh|Waterfall|p1a: Calyrex\n|-damage|p1a: Calyrex|0 fnt\n|faint|p1a: Calyrex\n|\n|upkeep\n|\n|t:|1701092982\n|switch|p1a: Scizor|Scizor, M|100\/100\n|turn|6\n|\n|t:|1701092988\n|move|p1a: Scizor|Knock Off|p2a: Beeg feesh\n|-damage|p2a: Beeg feesh|0 fnt\n|-enditem|p2a: Beeg feesh|Heavy-Duty Boots|[from] move: Knock Off|[of] p1a: Scizor\n|faint|p2a: Beeg feesh\n|\n|upkeep\n|\n|t:|1701092993\n|switch|p2a: Juggernaut|Chesnaught, F|100\/100\n|turn|7\n|\n|t:|1701093003\n|move|p1a: Scizor|U-turn|p2a: Juggernaut\n|-damage|p2a: Juggernaut|71\/100\n|\n|t:|1701093008\n|switch|p1a: Talonflame|Talonflame, M, shiny|100\/100|[from] U-turn\n|move|p2a: Juggernaut|Body Press|p1a: Talonflame\n|-resisted|p1a: Talonflame\n|-damage|p1a: Talonflame|68\/100\n|\n|upkeep\n|turn|8\n|\n|t:|1701093017\n|move|p1a: Talonflame|Fly||[still]\n|-prepare|p1a: Talonflame|Fly\n|move|p2a: Juggernaut|Body Press|p1a: Talonflame|[miss]\n|-miss|p2a: Juggernaut|p1a: Talonflame\n|\n|upkeep\n|turn|9\n|\n|t:|1701093022\n|move|p1a: Talonflame|Fly|p2a: Juggernaut|[from]lockedmove\n|-supereffective|p2a: Juggernaut\n|-damage|p2a: Juggernaut|0 fnt\n|faint|p2a: Juggernaut\n|\n|upkeep\n|\n|t:|1701093028\n|switch|p2a: Dragoon|Salamence, F|100\/100\n|turn|10\n|\n|t:|1701093031\n|move|p1a: Talonflame|Fly||[still]\n|-prepare|p1a: Talonflame|Fly\n|move|p2a: Dragoon|Dual Wingbeat|p1a: Talonflame|[miss]\n|-miss|p2a: Dragoon|p1a: Talonflame\n|\n|upkeep\n|turn|11\n|\n|t:|1701093037\n|move|p1a: Talonflame|Fly|p2a: Dragoon|[from]lockedmove\n|-damage|p2a: Dragoon|23\/100\n|move|p2a: Dragoon|Dual Wingbeat|p1a: Talonflame\n|-damage|p1a: Talonflame|35\/100\n|-damage|p1a: Talonflame|1\/100\n|-hitcount|p1a: Talonflame|2\n|\n|upkeep\n|turn|12\n|\n|t:|1701093045\n|move|p1a: Talonflame|Fly||[still]\n|-prepare|p1a: Talonflame|Fly\n|move|p2a: Dragoon|Dual Wingbeat|p1a: Talonflame|[miss]\n|-miss|p2a: Dragoon|p1a: Talonflame\n|\n|upkeep\n|turn|13\n|\n|t:|1701093051\n|move|p1a: Talonflame|Fly|p2a: Dragoon|[from]lockedmove\n|-damage|p2a: Dragoon|0 fnt\n|faint|p2a: Dragoon\n|\n|upkeep\n|\n|t:|1701093061\n|switch|p2a: This is cute idk|Enamorus, F|100\/100\n|turn|14\n|\n|t:|1701093067\n|move|p1a: Talonflame|Fly||[still]\n|-prepare|p1a: Talonflame|Fly\n|move|p2a: This is cute idk|Superpower|p1a: Talonflame|[miss]\n|-miss|p2a: This is cute idk|p1a: Talonflame\n|\n|upkeep\n|turn|15\n|\n|t:|1701093074\n|move|p1a: Talonflame|Fly|p2a: This is cute idk|[from]lockedmove\n|-damage|p2a: This is cute idk|18\/100\n|move|p2a: This is cute idk|Superpower|p1a: Talonflame\n|-resisted|p1a: Talonflame\n|-damage|p1a: Talonflame|0 fnt\n|-boost|p2a: This is cute idk|atk|1\n|-boost|p2a: This is cute idk|def|1\n|faint|p1a: Talonflame\n|\n|upkeep\n|\n|t:|1701093084\n|switch|p1a: Scizor|Scizor, M|100\/100\n|turn|16\n|\n|t:|1701093091\n|move|p1a: Scizor|Bullet Punch|p2a: This is cute idk\n|-supereffective|p2a: This is cute idk\n|-damage|p2a: This is cute idk|0 fnt\n|faint|p2a: This is cute idk\n|\n|upkeep\n|\n|t:|1701093093\n|switch|p2a: Hedgehog|Sandslash, M|100\/100\n|turn|17\n|\n|t:|1701093101\n|-terastallize|p1a: Scizor|Water\n|move|p1a: Scizor|Swords Dance|p1a: Scizor\n|-boost|p1a: Scizor|atk|2\n|move|p2a: Hedgehog|Earthquake|p1a: Scizor\n|-damage|p1a: Scizor|45\/100\n|\n|upkeep\n|turn|18\n|\n|t:|1701093109\n|move|p1a: Scizor|Bullet Punch|p2a: Hedgehog\n|-damage|p2a: Hedgehog|10\/100\n|move|p2a: Hedgehog|Gunk Shot|p1a: Scizor\n|-damage|p1a: Scizor|0 fnt\n|faint|p1a: Scizor\n|\n|upkeep\n|\n|t:|1701093116\n|switch|p1a: Empoleon|Empoleon, M|100\/100\n|turn|19\n|l|\u2606Fred64303\n|inactive|Fred64303 disconnected and has a minute to reconnect!\n|player|p1|\n|j|\u2606Fred64303\n|inactive|Fred64303 reconnected.\n|player|p1|Fred64303|lucas\n|\n|t:|1701093142\n|move|p2a: Hedgehog|Earthquake|p1a: Empoleon\n|-supereffective|p1a: Empoleon\n|-crit|p1a: Empoleon\n|-damage|p1a: Empoleon|0 fnt\n|faint|p1a: Empoleon\n|\n|upkeep\n|\n|t:|1701093147\n|switch|p1a: Miraidon|Miraidon|100\/100\n|-fieldstart|move: Electric Terrain|[from] ability: Hadron Engine|[of] p1a: Miraidon\n|turn|20\n|\n|t:|1701093153\n|move|p1a: Miraidon|Dragon Pulse|p2a: Hedgehog\n|-damage|p2a: Hedgehog|0 fnt\n|faint|p2a: Hedgehog\n|\n|win|Fred64303\n|raw|Fred64303's rating: 1248 &rarr; <strong>1277<\/strong><br \/>(+29 for winning)\n|raw|fishingmage's rating: 1297 &rarr; <strong>1268<\/strong><br \/>(-29 for losing)\n|l|\u2606fishingmage\n","uploadtime":1701093161,"views":10,"p1id":"fred64303","p2id":"fishingmage","formatid":"gen9anythinggoes","rating":1268,"private":0,"password":""}