{"id":"gen9anythinggoes-1976581555","p1":"watabolt","p2":"HoffbauerA","format":"[Gen 9] Anything Goes","log":"|j|\u2606watabolt\n|j|\u2606HoffbauerA\n|t:|1698324162\n|gametype|singles\n|player|p1|watabolt|depotagent|1169\n|player|p2|HoffbauerA|ethan|1116\n|teamsize|p1|6\n|teamsize|p2|6\n|gen|9\n|tier|[Gen 9] Anything Goes\n|rated|\n|rule|HP Percentage Mod: HP is shown in percentages\n|rule|Endless Battle Clause: Forcing endless battles is banned\n|clearpoke\n|poke|p1|Glalie, M|\n|poke|p1|Rayquaza|\n|poke|p1|Baxcalibur, M|\n|poke|p1|Chien-Pao|\n|poke|p1|Calyrex-Ice|\n|poke|p1|Arceus-Ice|\n|poke|p2|Volbeat, M|\n|poke|p2|Gardevoir, F|\n|poke|p2|Ninetales-Alola, F|\n|poke|p2|Ribombee, F|\n|poke|p2|Skeledirge, M|\n|poke|p2|Rotom-Wash|\n|teampreview\n|\n|t:|1698324175\n|start\n|switch|p1a: Rayquaza|Rayquaza|100\/100\n|switch|p2a: Volbeat|Volbeat, M, shiny|100\/100\n|-ability|p1a: Rayquaza|Air Lock\n|turn|1\n|\n|t:|1698324192\n|move|p2a: Volbeat|Tail Glow|p2a: Volbeat\n|-boost|p2a: Volbeat|spa|3\n|move|p1a: Rayquaza|Dragon Ascent|p2a: Volbeat\n|-supereffective|p2a: Volbeat\n|-enditem|p2a: Volbeat|Focus Sash\n|-damage|p2a: Volbeat|1\/100\n|-unboost|p1a: Rayquaza|def|1\n|-unboost|p1a: Rayquaza|spd|1\n|-damage|p1a: Rayquaza|91\/100|[from] item: Life Orb\n|\n|upkeep\n|turn|2\n|\n|t:|1698324206\n|move|p2a: Volbeat|Baton Pass|p2a: Volbeat\n|\n|t:|1698324209\n|switch|p2a: Ninetales|Ninetales-Alola, F, shiny|100\/100|[from] Baton Pass\n|-weather|Snow|[from] ability: Snow Warning|[of] p2a: Ninetales\n|move|p1a: Rayquaza|Dragon Ascent|p2a: Ninetales\n|-damage|p2a: Ninetales|0 fnt\n|-unboost|p1a: Rayquaza|def|1\n|-unboost|p1a: Rayquaza|spd|1\n|faint|p2a: Ninetales\n|-damage|p1a: Rayquaza|81\/100|[from] item: Life Orb\n|\n|-weather|Snow|[upkeep]\n|upkeep\n|c|\u2606watabolt|fuck outta here with BP\n|c|\u2606HoffbauerA|Watch ur language little guy\n|inactive|Battle timer is ON: inactive players will automatically lose when time's up. (requested by watabolt)\n|\n|t:|1698324250\n|switch|p2a: Skeledirge|Skeledirge, M, shiny|100\/100\n|turn|3\n|\n|t:|1698324257\n|move|p1a: Rayquaza|Earthquake|p2a: Skeledirge\n|-supereffective|p2a: Skeledirge\n|-damage|p2a: Skeledirge|18\/100\n|-damage|p1a: Rayquaza|71\/100|[from] item: Life Orb\n|move|p2a: Skeledirge|Shadow Ball|p1a: Rayquaza\n|-damage|p1a: Rayquaza|40\/100\n|\n|-weather|Snow|[upkeep]\n|-heal|p2a: Skeledirge|24\/100|[from] item: Leftovers\n|upkeep\n|turn|4\n|\n|t:|1698324270\n|move|p1a: Rayquaza|Earthquake|p2a: Skeledirge\n|-supereffective|p2a: Skeledirge\n|-damage|p2a: Skeledirge|0 fnt\n|faint|p2a: Skeledirge\n|-damage|p1a: Rayquaza|30\/100|[from] item: Life Orb\n|\n|-weather|Snow|[upkeep]\n|upkeep\n|\n|t:|1698324273\n|switch|p2a: Ribombee|Ribombee, F, shiny|100\/100\n|turn|5\n|c|\u2606watabolt|just not a bp fan\n|c|\u2606watabolt|i say as i play in anything goes lmfao\n|\n|t:|1698324299\n|move|p2a: Ribombee|Moonblast|p1a: Rayquaza\n|-supereffective|p1a: Rayquaza\n|-damage|p1a: Rayquaza|0 fnt\n|faint|p1a: Rayquaza\n|-damage|p2a: Ribombee|91\/100|[from] item: Life Orb\n|\n|-weather|Snow|[upkeep]\n|upkeep\n|\n|t:|1698324327\n|switch|p1a: Glalie|Glalie, M|100\/100\n|turn|6\n|\n|t:|1698324332\n|move|p2a: Ribombee|Quiver Dance|p2a: Ribombee\n|-boost|p2a: Ribombee|spa|1\n|-boost|p2a: Ribombee|spd|1\n|-boost|p2a: Ribombee|spe|1\n|move|p1a: Glalie|Substitute|p1a: Glalie\n|-start|p1a: Glalie|Substitute\n|-damage|p1a: Glalie|75\/100\n|\n|-weather|none\n|-heal|p1a: Glalie|82\/100|[from] item: Leftovers\n|-ability|p1a: Glalie|Moody|boost\n|-boost|p1a: Glalie|spe|2\n|-unboost|p1a: Glalie|spa|1\n|upkeep\n|turn|7\n|\n|t:|1698324343\n|move|p1a: Glalie|Protect|p1a: Glalie\n|-singleturn|p1a: Glalie|Protect\n|move|p2a: Ribombee|Bug Buzz|p1a: Glalie\n|-activate|p1a: Glalie|move: Protect\n|\n|-heal|p1a: Glalie|88\/100|[from] item: Leftovers\n|-ability|p1a: Glalie|Moody|boost\n|-boost|p1a: Glalie|atk|2\n|-unboost|p1a: Glalie|spa|1\n|upkeep\n|turn|8\n|\n|t:|1698324356\n|move|p2a: Ribombee|Bug Buzz|p1a: Glalie\n|-damage|p1a: Glalie|11\/100\n|-damage|p2a: Ribombee|81\/100|[from] item: Life Orb\n|move|p1a: Glalie|Frost Breath|p2a: Ribombee\n|-crit|p2a: Ribombee\n|-damage|p2a: Ribombee|33\/100\n|\n|-heal|p1a: Glalie|17\/100|[from] item: Leftovers\n|-ability|p1a: Glalie|Moody|boost\n|-boost|p1a: Glalie|spd|2\n|-unboost|p1a: Glalie|spa|1\n|upkeep\n|turn|9\n|\n|t:|1698324366\n|move|p1a: Glalie|Protect|p1a: Glalie\n|-singleturn|p1a: Glalie|Protect\n|move|p2a: Ribombee|Quiver Dance|p2a: Ribombee\n|-boost|p2a: Ribombee|spa|1\n|-boost|p2a: Ribombee|spd|1\n|-boost|p2a: Ribombee|spe|1\n|\n|-heal|p1a: Glalie|23\/100|[from] item: Leftovers\n|-ability|p1a: Glalie|Moody|boost\n|-boost|p1a: Glalie|spa|2\n|-unboost|p1a: Glalie|atk|1\n|upkeep\n|turn|10\n|\n|t:|1698324377\n|move|p2a: Ribombee|Bug Buzz|p1a: Glalie\n|-damage|p1a: Glalie|0 fnt\n|faint|p1a: Glalie\n|-damage|p2a: Ribombee|23\/100|[from] item: Life Orb\n|\n|upkeep\n|c|\u2606watabolt|pain\n|\n|t:|1698324387\n|switch|p1a: Chien-Pao|Chien-Pao|100\/100\n|-ability|p1a: Chien-Pao|Sword of Ruin\n|turn|11\n|\n|t:|1698324393\n|move|p1a: Chien-Pao|Ice Shard|p2a: Ribombee\n|-damage|p2a: Ribombee|0 fnt\n|faint|p2a: Ribombee\n|\n|upkeep\n|\n|t:|1698324397\n|switch|p2a: Rotom|Rotom-Wash, shiny|100\/100\n|turn|12\n|\n|t:|1698324407\n|move|p1a: Chien-Pao|Icicle Crash|p2a: Rotom\n|-resisted|p2a: Rotom\n|-crit|p2a: Rotom\n|-damage|p2a: Rotom|70\/100\n|move|p2a: Rotom|Will-O-Wisp|p1a: Chien-Pao\n|-status|p1a: Chien-Pao|brn\n|\n|-damage|p1a: Chien-Pao|95\/100 brn|[from] brn\n|upkeep\n|turn|13\n|\n|t:|1698324432\n|move|p1a: Chien-Pao|Crunch|p2a: Rotom\n|-damage|p2a: Rotom|50\/100\n|-unboost|p2a: Rotom|def|1\n|move|p2a: Rotom|Shadow Ball|p1a: Chien-Pao\n|-resisted|p1a: Chien-Pao\n|-damage|p1a: Chien-Pao|78\/100 brn\n|\n|-damage|p1a: Chien-Pao|72\/100 brn|[from] brn\n|upkeep\n|turn|14\n|\n|t:|1698324443\n|move|p1a: Chien-Pao|Crunch|p2a: Rotom\n|-damage|p2a: Rotom|21\/100\n|-enditem|p2a: Rotom|Iapapa Berry|[eat]\n|-heal|p2a: Rotom|54\/100|[from] item: Iapapa Berry\n|move|p2a: Rotom|Hydro Pump|p1a: Chien-Pao\n|-damage|p1a: Chien-Pao|5\/100 brn\n|\n|-damage|p1a: Chien-Pao|0 fnt|[from] brn\n|faint|p1a: Chien-Pao\n|upkeep\n|\n|t:|1698324456\n|switch|p1a: Arceus|Arceus-Ice|100\/100\n|turn|15\n|\n|t:|1698324462\n|move|p1a: Arceus|Calm Mind|p1a: Arceus\n|-boost|p1a: Arceus|spa|1\n|-boost|p1a: Arceus|spd|1\n|move|p2a: Rotom|Will-O-Wisp|p1a: Arceus\n|-status|p1a: Arceus|brn\n|\n|-damage|p1a: Arceus|94\/100 brn|[from] brn\n|upkeep\n|turn|16\n|\n|t:|1698324470\n|switch|p2a: Gardevoir|Gardevoir, F|100\/100\n|move|p1a: Arceus|Calm Mind|p1a: Arceus\n|-boost|p1a: Arceus|spa|1\n|-boost|p1a: Arceus|spd|1\n|\n|-damage|p1a: Arceus|88\/100 brn|[from] brn\n|upkeep\n|turn|17\n|\n|t:|1698324485\n|-terastallize|p1a: Arceus|Water\n|move|p2a: Gardevoir|Aura Sphere|p1a: Arceus\n|-damage|p1a: Arceus|80\/100 brn\n|move|p1a: Arceus|Surf|p2a: Gardevoir\n|-damage|p2a: Gardevoir|27\/100\n|\n|-damage|p1a: Arceus|73\/100 brn|[from] brn\n|upkeep\n|turn|18\n|\n|t:|1698324494\n|switch|p2a: Volbeat|Volbeat, M, shiny|1\/100\n|move|p1a: Arceus|Surf|p2a: Volbeat\n|-crit|p2a: Volbeat\n|-damage|p2a: Volbeat|0 fnt\n|faint|p2a: Volbeat\n|\n|-damage|p1a: Arceus|67\/100 brn|[from] brn\n|upkeep\n|\n|t:|1698324498\n|switch|p2a: Rotom|Rotom-Wash, shiny|54\/100\n|turn|19\n|\n|t:|1698324504\n|move|p1a: Arceus|Surf|p2a: Rotom\n|-resisted|p2a: Rotom\n|-damage|p2a: Rotom|14\/100\n|move|p2a: Rotom|Thunderbolt|p1a: Arceus\n|-supereffective|p1a: Arceus\n|-damage|p1a: Arceus|46\/100 brn\n|\n|-damage|p1a: Arceus|40\/100 brn|[from] brn\n|upkeep\n|turn|20\n|\n|t:|1698324513\n|move|p1a: Arceus|Surf|p2a: Rotom\n|-resisted|p2a: Rotom\n|-damage|p2a: Rotom|0 fnt\n|faint|p2a: Rotom\n|\n|-damage|p1a: Arceus|33\/100 brn|[from] brn\n|upkeep\n|\n|t:|1698324516\n|switch|p2a: Gardevoir|Gardevoir, F|27\/100\n|turn|21\n|\n|t:|1698324521\n|move|p2a: Gardevoir|Aura Sphere|p1a: Arceus\n|-damage|p1a: Arceus|24\/100 brn\n|move|p1a: Arceus|Recover|p1a: Arceus\n|-heal|p1a: Arceus|74\/100 brn\n|\n|-damage|p1a: Arceus|68\/100 brn|[from] brn\n|upkeep\n|turn|22\n|-message|HoffbauerA forfeited.\n|\n|win|watabolt\n|raw|watabolt's rating: 1169 &rarr; <strong>1190<\/strong><br \/>(+21 for winning)\n|raw|HoffbauerA's rating: 1116 &rarr; <strong>1095<\/strong><br \/>(-21 for losing)\n","uploadtime":1698324224,"views":7,"p1id":"watabolt","p2id":"hoffbauera","formatid":"gen9anythinggoes","rating":1095,"private":0,"password":""}