{"id":"gen9anythinggoes-1987216586","p1":"Imissmywife12","p2":"Bob1239","format":"[Gen 9] Anything Goes","log":"|j|\u2606Imissmywife12\n|j|\u2606Bob1239\n|t:|1699566170\n|gametype|singles\n|player|p1|Imissmywife12|2|\n|player|p2|Bob1239|265|\n|teamsize|p1|6\n|teamsize|p2|6\n|gen|9\n|tier|[Gen 9] Anything Goes\n|rule|HP Percentage Mod: HP is shown in percentages\n|rule|Endless Battle Clause: Forcing endless battles is banned\n|clearpoke\n|poke|p1|Gliscor, M|\n|poke|p1|Torterra, F|\n|poke|p1|Gastrodon-East, F|\n|poke|p1|Hippowdon, F|\n|poke|p1|Palossand, F|\n|poke|p1|Golem, M|\n|poke|p2|Dragalge, M|\n|poke|p2|Clodsire, M|\n|poke|p2|Gengar, F|\n|poke|p2|Slowbro-Galar, F|\n|poke|p2|Croagunk, F|\n|poke|p2|Toxicroak, F|\n|teampreview\n|\n|t:|1699566179\n|start\n|switch|p1a: Hippowdon|Hippowdon, F|100\/100\n|switch|p2a: Toxicroak|Toxicroak, F|100\/100\n|-weather|Sandstorm|[from] ability: Sand Stream|[of] p1a: Hippowdon\n|turn|1\n|\n|t:|1699566187\n|move|p2a: Toxicroak|Chilling Water|p1a: Hippowdon\n|-supereffective|p1a: Hippowdon\n|-damage|p1a: Hippowdon|79\/100\n|-unboost|p1a: Hippowdon|atk|1\n|move|p1a: Hippowdon|Stealth Rock|p2a: Toxicroak\n|-sidestart|p2: Bob1239|move: Stealth Rock\n|\n|-weather|Sandstorm|[upkeep]\n|-damage|p2a: Toxicroak|94\/100|[from] Sandstorm\n|upkeep\n|turn|2\n|\n|t:|1699566201\n|move|p2a: Toxicroak|Chilling Water|p1a: Hippowdon\n|-supereffective|p1a: Hippowdon\n|-damage|p1a: Hippowdon|54\/100\n|-unboost|p1a: Hippowdon|atk|1\n|move|p1a: Hippowdon|Ice Fang|p2a: Toxicroak\n|-damage|p2a: Toxicroak|80\/100\n|\n|-weather|Sandstorm|[upkeep]\n|-damage|p2a: Toxicroak|74\/100|[from] Sandstorm\n|upkeep\n|turn|3\n|\n|t:|1699566210\n|move|p2a: Toxicroak|Chilling Water|p1a: Hippowdon\n|-supereffective|p1a: Hippowdon\n|-damage|p1a: Hippowdon|32\/100\n|-unboost|p1a: Hippowdon|atk|1\n|move|p1a: Hippowdon|Earthquake|p2a: Toxicroak\n|-supereffective|p2a: Toxicroak\n|-damage|p2a: Toxicroak|17\/100\n|\n|-weather|Sandstorm|[upkeep]\n|-damage|p2a: Toxicroak|11\/100|[from] Sandstorm\n|upkeep\n|turn|4\n|\n|t:|1699566227\n|-terastallize|p2a: Toxicroak|Poison\n|move|p2a: Toxicroak|Cross Chop|p1a: Hippowdon|[miss]\n|-miss|p2a: Toxicroak|p1a: Hippowdon\n|move|p1a: Hippowdon|Earthquake|p2a: Toxicroak\n|-supereffective|p2a: Toxicroak\n|-damage|p2a: Toxicroak|0 fnt\n|faint|p2a: Toxicroak\n|\n|-weather|Sandstorm|[upkeep]\n|upkeep\n|\n|t:|1699566237\n|switch|p2a: Clodsire|Clodsire, M, shiny|100\/100\n|-damage|p2a: Clodsire|94\/100|[from] Stealth Rock\n|turn|5\n|\n|t:|1699566245\n|move|p1a: Hippowdon|Crunch|p2a: Clodsire\n|-damage|p2a: Clodsire|81\/100\n|move|p2a: Clodsire|Liquidation|p1a: Hippowdon\n|-supereffective|p1a: Hippowdon\n|-damage|p1a: Hippowdon|7\/100\n|-damage|p2a: Clodsire|65\/100|[from] item: Rocky Helmet|[of] p1a: Hippowdon\n|\n|-weather|none\n|-heal|p2a: Clodsire|71\/100|[from] item: Leftovers\n|upkeep\n|turn|6\n|\n|t:|1699566254\n|move|p1a: Hippowdon|Ice Fang|p2a: Clodsire\n|-supereffective|p2a: Clodsire\n|-damage|p2a: Clodsire|50\/100\n|move|p2a: Clodsire|Surf|p1a: Hippowdon\n|-supereffective|p1a: Hippowdon\n|-damage|p1a: Hippowdon|0 fnt\n|faint|p1a: Hippowdon\n|\n|-heal|p2a: Clodsire|56\/100|[from] item: Leftovers\n|upkeep\n|\n|t:|1699566265\n|switch|p1a: Palossand|Palossand, F, shiny|100\/100\n|turn|7\n|\n|t:|1699566277\n|move|p2a: Clodsire|Liquidation|p1a: Palossand\n|-supereffective|p1a: Palossand\n|-damage|p1a: Palossand|69\/100\n|move|p1a: Palossand|Chilling Water|p2a: Clodsire\n|-supereffective|p2a: Clodsire\n|-damage|p2a: Clodsire|38\/100\n|-unboost|p2a: Clodsire|atk|1\n|\n|-heal|p2a: Clodsire|44\/100|[from] item: Leftovers\n|upkeep\n|turn|8\n|\n|t:|1699566292\n|-terastallize|p1a: Palossand|Ghost\n|move|p2a: Clodsire|Gunk Shot|p1a: Palossand\n|-resisted|p1a: Palossand\n|-damage|p1a: Palossand|59\/100\n|move|p1a: Palossand|Chilling Water|p2a: Clodsire\n|-supereffective|p2a: Clodsire\n|-crit|p2a: Clodsire\n|-damage|p2a: Clodsire|18\/100\n|-unboost|p2a: Clodsire|atk|1\n|\n|-heal|p2a: Clodsire|24\/100|[from] item: Leftovers\n|upkeep\n|turn|9\n|\n|t:|1699566302\n|move|p2a: Clodsire|Liquidation|p1a: Palossand\n|-damage|p1a: Palossand|52\/100\n|move|p1a: Palossand|Chilling Water|p2a: Clodsire\n|-supereffective|p2a: Clodsire\n|-damage|p2a: Clodsire|5\/100\n|-unboost|p2a: Clodsire|atk|1\n|\n|-heal|p2a: Clodsire|11\/100|[from] item: Leftovers\n|upkeep\n|turn|10\n|\n|t:|1699566313\n|move|p2a: Clodsire|Surf|p1a: Palossand\n|-damage|p1a: Palossand|39\/100\n|move|p1a: Palossand|Chilling Water|p2a: Clodsire\n|-supereffective|p2a: Clodsire\n|-damage|p2a: Clodsire|0 fnt\n|faint|p2a: Clodsire\n|\n|upkeep\n|\n|t:|1699566324\n|switch|p2a: Slowbro|Slowbro-Galar, F, shiny|100\/100\n|-damage|p2a: Slowbro|88\/100|[from] Stealth Rock\n|turn|11\n|\n|t:|1699566329\n|move|p2a: Slowbro|Hydro Pump|p1a: Palossand|[miss]\n|-miss|p2a: Slowbro|p1a: Palossand\n|move|p1a: Palossand|Shore Up|p1a: Palossand\n|-heal|p1a: Palossand|89\/100\n|\n|upkeep\n|turn|12\n|\n|t:|1699566342\n|move|p2a: Slowbro|Hydro Pump|p1a: Palossand|[miss]\n|-miss|p2a: Slowbro|p1a: Palossand\n|move|p1a: Palossand|Poltergeist|p2a: Slowbro\n|-activate|p2a: Slowbro|move: Poltergeist|Aguav Berry\n|-supereffective|p2a: Slowbro\n|-damage|p2a: Slowbro|0 fnt\n|faint|p2a: Slowbro\n|\n|upkeep\n|\n|t:|1699566354\n|switch|p2a: Gengar|Gengar, F|100\/100\n|-damage|p2a: Gengar|88\/100|[from] Stealth Rock\n|turn|13\n|\n|t:|1699566363\n|switch|p1a: Ben 10 ahhh|Gliscor, M, shiny|100\/100\n|move|p2a: Gengar|Destiny Bond|p2a: Gengar\n|-singlemove|p2a: Gengar|Destiny Bond\n|\n|upkeep\n|turn|14\n|\n|t:|1699566381\n|switch|p1a: Bitter|Torterra, F|100\/100\n|move|p2a: Gengar|Dazzling Gleam|p1a: Bitter\n|-damage|p1a: Bitter|78\/100\n|\n|upkeep\n|turn|15\n|\n|t:|1699566388\n|move|p2a: Gengar|Destiny Bond|p2a: Gengar\n|-singlemove|p2a: Gengar|Destiny Bond\n|move|p1a: Bitter|Roar|p2a: Gengar\n|drag|p2a: Dragalge|Dragalge, M, shiny|100\/100\n|-damage|p2a: Dragalge|88\/100|[from] Stealth Rock\n|\n|upkeep\n|turn|16\n|\n|t:|1699566407\n|move|p1a: Bitter|Earthquake|p2a: Dragalge\n|-supereffective|p2a: Dragalge\n|-damage|p2a: Dragalge|0 fnt\n|faint|p2a: Dragalge\n|\n|upkeep\n|\n|t:|1699566413\n|switch|p2a: Croagunk|Croagunk, F|100\/100\n|-damage|p2a: Croagunk|94\/100|[from] Stealth Rock\n|turn|17\n|\n|t:|1699566421\n|move|p2a: Croagunk|Poison Jab|p1a: Bitter\n|-damage|p1a: Bitter|59\/100\n|-damage|p2a: Croagunk|78\/100|[from] item: Rocky Helmet|[of] p1a: Bitter\n|-status|p1a: Bitter|psn|[from] ability: Poison Touch|[of] p2a: Croagunk\n|move|p1a: Bitter|Roar|p2a: Croagunk\n|drag|p2a: Gengar|Gengar, F|88\/100\n|-damage|p2a: Gengar|76\/100|[from] Stealth Rock\n|\n|-damage|p1a: Bitter|47\/100 psn|[from] psn\n|upkeep\n|turn|18\n|\n|t:|1699566433\n|move|p2a: Gengar|Phantom Force||[still]\n|-prepare|p2a: Gengar|Phantom Force\n|move|p1a: Bitter|Crunch|p2a: Gengar|[miss]\n|-miss|p1a: Bitter|p2a: Gengar\n|\n|-damage|p1a: Bitter|35\/100 psn|[from] psn\n|upkeep\n|turn|19\n|\n|t:|1699566440\n|move|p2a: Gengar|Phantom Force|p1a: Bitter|[from]lockedmove\n|-damage|p1a: Bitter|12\/100 psn\n|-damage|p2a: Gengar|60\/100|[from] item: Rocky Helmet|[of] p1a: Bitter\n|move|p1a: Bitter|Crunch|p2a: Gengar\n|-supereffective|p2a: Gengar\n|-damage|p2a: Gengar|0 fnt\n|-damage|p1a: Bitter|0 fnt|[from] item: Rocky Helmet|[of] p2a: Gengar\n|faint|p2a: Gengar\n|faint|p1a: Bitter\n|\n|upkeep\n|\n|t:|1699566451\n|switch|p2a: Croagunk|Croagunk, F|78\/100\n|switch|p1a: The goat|Golem, M, shiny|100\/100\n|-damage|p2a: Croagunk|71\/100|[from] Stealth Rock\n|turn|20\n|\n|t:|1699566460\n|move|p2a: Croagunk|Chilling Water|p1a: The goat\n|-supereffective|p1a: The goat\n|-damage|p1a: The goat|69\/100\n|-unboost|p1a: The goat|atk|1\n|move|p1a: The goat|Double-Edge|p2a: Croagunk\n|-damage|p2a: Croagunk|4\/100\n|\n|upkeep\n|turn|21\n|\n|t:|1699566469\n|move|p2a: Croagunk|Chilling Water|p1a: The goat\n|-supereffective|p1a: The goat\n|-damage|p1a: The goat|40\/100\n|-unboost|p1a: The goat|atk|1\n|move|p1a: The goat|Heavy Slam|p2a: Croagunk\n|-damage|p2a: Croagunk|0 fnt\n|faint|p2a: Croagunk\n|\n|win|Imissmywife12\n","uploadtime":1699566487,"views":8,"p1id":"imissmywife12","p2id":"bob1239","formatid":"gen9anythinggoes","rating":0,"private":0,"password":""}