{"id":"gen9anythinggoes-1994750707","p1":"J_tabe","p2":"randompredicaments","format":"[Gen 9] Anything Goes","log":"|j|\u2606J_tabe\n|j|\u2606randompredicaments\n|t:|1700489009\n|gametype|singles\n|player|p1|J_tabe|petrel|1027\n|player|p2|randompredicaments|dawn|1064\n|teamsize|p1|6\n|teamsize|p2|6\n|gen|9\n|tier|[Gen 9] Anything Goes\n|rated|\n|rule|HP Percentage Mod: HP is shown in percentages\n|rule|Endless Battle Clause: Forcing endless battles is banned\n|clearpoke\n|poke|p1|Ambipom, M|\n|poke|p1|Empoleon, M|\n|poke|p1|Grafaiai, M|\n|poke|p1|Sableye, F|\n|poke|p1|Eelektross, M|\n|poke|p1|Venomoth, F|\n|poke|p2|Zacian-*|\n|poke|p2|Zacian-*|\n|poke|p2|Zacian-*|\n|poke|p2|Zacian-*|\n|poke|p2|Zacian-*|\n|poke|p2|Zacian-*|\n|teampreview\n|inactive|Battle timer is ON: inactive players will automatically lose when time's up. (requested by randompredicaments)\n|\n|t:|1700489037\n|start\n|switch|p1a: Ambipom|Ambipom, M|100\/100\n|switch|p2a: Zacian|Zacian-Crowned|100\/100\n|-ability|p2a: Zacian|Intrepid Sword|boost\n|-boost|p2a: Zacian|atk|1\n|turn|1\n|\n|t:|1700489043\n|move|p1a: Ambipom|Fake Out|p2a: Zacian\n|-enditem|p1a: Ambipom|Normal Gem|[from] gem\n|-resisted|p2a: Zacian\n|-damage|p2a: Zacian|86\/100\n|cant|p2a: Zacian|flinch\n|\n|upkeep\n|turn|2\n|\n|t:|1700489051\n|move|p2a: Zacian|Behemoth Blade|p1a: Ambipom\n|-damage|p1a: Ambipom|0 fnt\n|faint|p1a: Ambipom\n|\n|upkeep\n|\n|t:|1700489056\n|switch|p1a: Empoleon|Empoleon, M|100\/100\n|turn|3\n|c|\u2606randompredicaments|Don't mess with me bitch\n|\n|t:|1700489064\n|move|p2a: Zacian|Crunch|p1a: Empoleon\n|-crit|p1a: Empoleon\n|-damage|p1a: Empoleon|36\/100\n|move|p1a: Empoleon|Stealth Rock|p2a: Zacian\n|-sidestart|p2: randompredicaments|move: Stealth Rock\n|\n|-heal|p1a: Empoleon|42\/100|[from] item: Leftovers\n|upkeep\n|turn|4\n|\n|t:|1700489072\n|move|p2a: Zacian|Crunch|p1a: Empoleon\n|-damage|p1a: Empoleon|1\/100\n|move|p1a: Empoleon|Yawn|p2a: Zacian\n|-start|p2a: Zacian|move: Yawn|[of] p1a: Empoleon\n|\n|-heal|p1a: Empoleon|7\/100|[from] item: Leftovers\n|upkeep\n|turn|5\n|\n|t:|1700489081\n|switch|p2a: Zacian|Zacian-Crowned|100\/100\n|-damage|p2a: Zacian|94\/100|[from] Stealth Rock\n|-ability|p2a: Zacian|Intrepid Sword|boost\n|-boost|p2a: Zacian|atk|1\n|move|p1a: Empoleon|Surf|p2a: Zacian\n|-damage|p2a: Zacian|64\/100\n|\n|-heal|p1a: Empoleon|13\/100|[from] item: Leftovers\n|upkeep\n|turn|6\n|\n|t:|1700489094\n|move|p2a: Zacian|Quick Attack|p1a: Empoleon\n|-resisted|p1a: Empoleon\n|-damage|p1a: Empoleon|3\/100\n|move|p1a: Empoleon|Roost|p1a: Empoleon\n|-heal|p1a: Empoleon|53\/100\n|-singleturn|p1a: Empoleon|move: Roost\n|\n|-heal|p1a: Empoleon|59\/100|[from] item: Leftovers\n|upkeep\n|turn|7\n|\n|t:|1700489100\n|move|p2a: Zacian|Crunch|p1a: Empoleon\n|-damage|p1a: Empoleon|20\/100\n|move|p1a: Empoleon|Surf|p2a: Zacian\n|-crit|p2a: Zacian\n|-damage|p2a: Zacian|20\/100\n|\n|-heal|p1a: Empoleon|26\/100|[from] item: Leftovers\n|upkeep\n|turn|8\n|\n|t:|1700489113\n|move|p2a: Zacian|Crunch|p1a: Empoleon\n|-damage|p1a: Empoleon|0 fnt\n|faint|p1a: Empoleon\n|\n|upkeep\n|\n|t:|1700489120\n|switch|p1a: Sableye|Sableye, F, shiny|100\/100\n|turn|9\n|\n|t:|1700489130\n|move|p1a: Sableye|Will-O-Wisp|p2a: Zacian\n|-status|p2a: Zacian|brn\n|move|p2a: Zacian|Play Rough|p1a: Sableye\n|-supereffective|p1a: Sableye\n|-damage|p1a: Sableye|19\/100\n|\n|-damage|p2a: Zacian|14\/100 brn|[from] brn\n|upkeep\n|turn|10\n|\n|t:|1700489144\n|-terastallize|p1a: Sableye|Steel\n|move|p1a: Sableye|Recover|p1a: Sableye\n|-heal|p1a: Sableye|69\/100\n|move|p2a: Zacian|Behemoth Blade|p1a: Sableye\n|-resisted|p1a: Sableye\n|-damage|p1a: Sableye|48\/100\n|\n|-damage|p2a: Zacian|8\/100 brn|[from] brn\n|upkeep\n|turn|11\n|\n|t:|1700489153\n|move|p1a: Sableye|Recover|p1a: Sableye\n|-heal|p1a: Sableye|98\/100\n|move|p2a: Zacian|Crunch|p1a: Sableye\n|-damage|p1a: Sableye|73\/100\n|\n|-damage|p2a: Zacian|2\/100 brn|[from] brn\n|upkeep\n|turn|12\n|\n|t:|1700489175\n|move|p1a: Sableye|Recover|p1a: Sableye\n|-heal|p1a: Sableye|100\/100\n|move|p2a: Zacian|Crunch|p1a: Sableye\n|-damage|p1a: Sableye|76\/100\n|\n|-damage|p2a: Zacian|0 fnt|[from] brn\n|faint|p2a: Zacian\n|upkeep\n|\n|t:|1700489181\n|switch|p2a: Zacian|Zacian-Crowned|86\/100\n|-damage|p2a: Zacian|80\/100|[from] Stealth Rock\n|turn|13\n|\n|t:|1700489196\n|move|p1a: Sableye|Will-O-Wisp|p2a: Zacian\n|-status|p2a: Zacian|brn\n|move|p2a: Zacian|Crunch|p1a: Sableye\n|-damage|p1a: Sableye|61\/100\n|\n|-damage|p2a: Zacian|73\/100 brn|[from] brn\n|upkeep\n|turn|14\n|\n|t:|1700489203\n|switch|p2a: Zacian|Zacian-Crowned|100\/100\n|-damage|p2a: Zacian|94\/100|[from] Stealth Rock\n|-ability|p2a: Zacian|Intrepid Sword|boost\n|-boost|p2a: Zacian|atk|1\n|move|p1a: Sableye|Foul Play|p2a: Zacian\n|-resisted|p2a: Zacian\n|-crit|p2a: Zacian\n|-damage|p2a: Zacian|37\/100\n|\n|upkeep\n|turn|15\n|\n|t:|1700489211\n|switch|p2a: Zacian|Zacian-Crowned|73\/100 brn\n|-damage|p2a: Zacian|67\/100 brn|[from] Stealth Rock\n|move|p1a: Sableye|Will-O-Wisp|p2a: Zacian\n|-fail|p2a: Zacian|brn\n|\n|-damage|p2a: Zacian|61\/100 brn|[from] brn\n|upkeep\n|turn|16\n|\n|t:|1700489224\n|move|p2a: Zacian|Crunch|p1a: Sableye\n|-damage|p1a: Sableye|47\/100\n|move|p1a: Sableye|Foul Play|p2a: Zacian\n|-resisted|p2a: Zacian\n|-damage|p2a: Zacian|35\/100 brn\n|\n|-damage|p2a: Zacian|29\/100 brn|[from] brn\n|upkeep\n|turn|17\n|\n|t:|1700489244\n|move|p1a: Sableye|Recover|p1a: Sableye\n|-heal|p1a: Sableye|97\/100\n|move|p2a: Zacian|Crunch|p1a: Sableye\n|-damage|p1a: Sableye|81\/100\n|\n|-damage|p2a: Zacian|23\/100 brn|[from] brn\n|upkeep\n|turn|18\n|\n|t:|1700489257\n|switch|p2a: Zacian|Zacian-Crowned|100\/100\n|-damage|p2a: Zacian|94\/100|[from] Stealth Rock\n|-ability|p2a: Zacian|Intrepid Sword|boost\n|-boost|p2a: Zacian|atk|1\n|move|p1a: Sableye|Foul Play|p2a: Zacian\n|-resisted|p2a: Zacian\n|-damage|p2a: Zacian|59\/100\n|\n|upkeep\n|turn|19\n|c|\u2606J_tabe|what's the goal of your team ?\n|inactive|randompredicaments has 120 seconds left.\n|c|\u2606randompredicaments|To fucking kill you\n|\n|t:|1700489283\n|move|p1a: Sableye|Will-O-Wisp|p2a: Zacian\n|-status|p2a: Zacian|brn\n|move|p2a: Zacian|Wild Charge|p1a: Sableye\n|-damage|p1a: Sableye|54\/100\n|-damage|p2a: Zacian|53\/100 brn|[from] Recoil\n|\n|-damage|p2a: Zacian|47\/100 brn|[from] brn\n|upkeep\n|turn|20\n|c|\u2606J_tabe|ok\n|\n|t:|1700489293\n|move|p2a: Zacian|Wild Charge|p1a: Sableye\n|-damage|p1a: Sableye|28\/100\n|-damage|p2a: Zacian|41\/100 brn|[from] Recoil\n|move|p1a: Sableye|Foul Play|p2a: Zacian\n|-resisted|p2a: Zacian\n|-damage|p2a: Zacian|2\/100 brn\n|\n|-damage|p2a: Zacian|0 fnt|[from] brn\n|faint|p2a: Zacian\n|upkeep\n|\n|t:|1700489300\n|switch|p2a: Zacian|Zacian-Crowned|37\/100\n|-damage|p2a: Zacian|31\/100|[from] Stealth Rock\n|turn|21\n|\n|t:|1700489308\n|move|p1a: Sableye|Will-O-Wisp|p2a: Zacian\n|-status|p2a: Zacian|brn\n|move|p2a: Zacian|Sacred Sword|p1a: Sableye\n|-supereffective|p1a: Sableye\n|-damage|p1a: Sableye|0 fnt\n|faint|p1a: Sableye\n|\n|-damage|p2a: Zacian|25\/100 brn|[from] brn\n|upkeep\n|\n|t:|1700489319\n|switch|p1a: Eelektross|Eelektross, M|100\/100\n|turn|22\n|\n|t:|1700489332\n|move|p2a: Zacian|Sacred Sword|p1a: Eelektross\n|-damage|p1a: Eelektross|80\/100\n|move|p1a: Eelektross|Bulldoze|p2a: Zacian\n|-supereffective|p2a: Zacian\n|-damage|p2a: Zacian|0 fnt\n|faint|p2a: Zacian\n|\n|upkeep\n|\n|t:|1700489339\n|switch|p2a: Zacian|Zacian-Crowned|23\/100 brn\n|-damage|p2a: Zacian|16\/100 brn|[from] Stealth Rock\n|turn|23\n|\n|t:|1700489347\n|move|p2a: Zacian|Crunch|p1a: Eelektross\n|-damage|p1a: Eelektross|64\/100\n|move|p1a: Eelektross|Flamethrower|p2a: Zacian\n|-supereffective|p2a: Zacian\n|-damage|p2a: Zacian|0 fnt\n|faint|p2a: Zacian\n|\n|upkeep\n|\n|t:|1700489354\n|switch|p2a: Zacian|Zacian-Crowned|100\/100\n|-damage|p2a: Zacian|94\/100|[from] Stealth Rock\n|-ability|p2a: Zacian|Intrepid Sword|boost\n|-boost|p2a: Zacian|atk|1\n|turn|24\n|\n|t:|1700489360\n|move|p2a: Zacian|Play Rough|p1a: Eelektross\n|-damage|p1a: Eelektross|0 fnt\n|faint|p1a: Eelektross\n|\n|upkeep\n|\n|t:|1700489366\n|switch|p1a: Venomoth|Venomoth, F, shiny|100\/100\n|turn|25\n|\n|t:|1700489375\n|move|p2a: Zacian|Behemoth Blade|p1a: Venomoth\n|-damage|p1a: Venomoth|0 fnt\n|faint|p1a: Venomoth\n|\n|upkeep\n|\n|t:|1700489379\n|switch|p1a: Grafaiai|Grafaiai, M|100\/100\n|turn|26\n|\n|t:|1700489383\n|move|p2a: Zacian|Behemoth Blade|p1a: Grafaiai\n|-damage|p1a: Grafaiai|0 fnt\n|faint|p1a: Grafaiai\n|\n|win|randompredicaments\n|raw|J_tabe's rating: 1027 &rarr; <strong>1014<\/strong><br \/>(-13 for losing)\n|raw|randompredicaments's rating: 1064 &rarr; <strong>1091<\/strong><br \/>(+27 for winning)\n","uploadtime":1700489283,"views":0,"p1id":"jtabe","p2id":"randompredicaments","formatid":"gen9anythinggoes","rating":1014,"private":0,"password":""}