{"id":"gen9anythinggoes-1979985652","p1":"AshGreninja7X","p2":"Kanha Greninja","format":"[Gen 9] Anything Goes","log":"|j|\u2606AshGreninja7X\n|j|\u2606Kanha Greninja\n|t:|1698742036\n|gametype|singles\n|player|p1|AshGreninja7X|1|1683\n|player|p2|Kanha Greninja|doubleteam|1687\n|teamsize|p1|6\n|teamsize|p2|6\n|gen|9\n|tier|[Gen 9] Anything Goes\n|rated|\n|rule|HP Percentage Mod: HP is shown in percentages\n|rule|Endless Battle Clause: Forcing endless battles is banned\n|clearpoke\n|poke|p1|Grimmsnarl, M|\n|poke|p1|Mewtwo|\n|poke|p1|Arceus-Ground|\n|poke|p1|Koraidon|\n|poke|p1|Miraidon|\n|poke|p1|Arceus|\n|poke|p2|Arceus|\n|poke|p2|Koraidon|\n|poke|p2|Ribombee, M|\n|poke|p2|Ditto|\n|poke|p2|Koraidon|\n|poke|p2|Calyrex-Shadow|\n|teampreview\n|inactive|Battle timer is ON: inactive players will automatically lose when time's up. (requested by AshGreninja7X)\n|\n|t:|1698742049\n|start\n|switch|p1a: Miraidon|Miraidon|100\/100\n|switch|p2a: Ribombee|Ribombee, M|100\/100\n|-fieldstart|move: Electric Terrain|[from] ability: Hadron Engine|[of] p1a: Miraidon\n|turn|1\n|\n|t:|1698742057\n|move|p2a: Ribombee|Sticky Web|p1a: Miraidon\n|-sidestart|p1: AshGreninja7X|move: Sticky Web\n|move|p1a: Miraidon|Agility|p1a: Miraidon\n|-boost|p1a: Miraidon|spe|2\n|\n|upkeep\n|turn|2\n|\n|t:|1698742062\n|move|p1a: Miraidon|Parabolic Charge|p2a: Ribombee\n|-enditem|p2a: Ribombee|Focus Sash\n|-damage|p2a: Ribombee|1\/100\n|move|p2a: Ribombee|Moonblast|p1a: Miraidon\n|-supereffective|p1a: Miraidon\n|-damage|p1a: Miraidon|39\/100\n|-unboost|p1a: Miraidon|spa|1\n|\n|-heal|p1a: Miraidon|45\/100|[from] item: Leftovers\n|upkeep\n|turn|3\n|\n|t:|1698742072\n|move|p1a: Miraidon|Parabolic Charge|p2a: Ribombee\n|-damage|p2a: Ribombee|0 fnt\n|-heal|p1a: Miraidon|45\/100|[from] drain|[of] p2a: Ribombee\n|faint|p2a: Ribombee\n|\n|-heal|p1a: Miraidon|52\/100|[from] item: Leftovers\n|upkeep\n|j| GUESSWHOTPRADO\n|\n|t:|1698742087\n|switch|p2a: Ditto|Ditto|100\/100\n|-transform|p2a: Ditto|p1a: Miraidon|[from] ability: Imposter\n|-activate|p2a: Ditto|ability: Hadron Engine\n|turn|4\n|\n|t:|1698742094\n|-terastallize|p2a: Ditto|Fairy\n|move|p2a: Ditto|Tera Blast|p1a: Miraidon|[anim] Tera Blast Fairy\n|-supereffective|p1a: Miraidon\n|-damage|p1a: Miraidon|0 fnt\n|faint|p1a: Miraidon\n|\n|upkeep\n|\n|t:|1698742099\n|switch|p1a: Grimmsnarl|Grimmsnarl, M|100\/100\n|-activate|p1a: Grimmsnarl|move: Sticky Web\n|-unboost|p1a: Grimmsnarl|spe|1\n|turn|5\n|\n|t:|1698742102\n|move|p1a: Grimmsnarl|Light Screen|p1a: Grimmsnarl\n|-sidestart|p1: AshGreninja7X|move: Light Screen\n|move|p2a: Ditto|Tera Blast|p1a: Grimmsnarl|[anim] Tera Blast Fairy\n|-supereffective|p1a: Grimmsnarl\n|-damage|p1a: Grimmsnarl|63\/100\n|\n|-fieldend|move: Electric Terrain\n|upkeep\n|turn|6\n|\n|t:|1698742107\n|move|p1a: Grimmsnarl|Thunder Wave|p2a: Ditto\n|-status|p2a: Ditto|par\n|move|p2a: Ditto|Tera Blast|p1a: Grimmsnarl|[anim] Tera Blast Fairy\n|-supereffective|p1a: Grimmsnarl\n|-damage|p1a: Grimmsnarl|35\/100\n|\n|upkeep\n|turn|7\n|\n|t:|1698742111\n|move|p1a: Grimmsnarl|Reflect|p1a: Grimmsnarl\n|-sidestart|p1: AshGreninja7X|Reflect\n|cant|p2a: Ditto|par\n|\n|upkeep\n|turn|8\n|\n|t:|1698742114\n|switch|p1a: Mewtwo|Mewtwo|100\/100\n|-activate|p1a: Mewtwo|move: Sticky Web\n|-unboost|p1a: Mewtwo|spe|1\n|-ability|p1a: Mewtwo|Pressure\n|move|p2a: Ditto|Tera Blast|p1a: Mewtwo|[anim] Tera Blast Fairy\n|-damage|p1a: Mewtwo|85\/100\n|\n|-heal|p1a: Mewtwo|91\/100|[from] item: Leftovers\n|upkeep\n|turn|9\n|\n|t:|1698742120\n|switch|p2a: Arceus|Arceus|100\/100\n|move|p1a: Mewtwo|Agility|p1a: Mewtwo\n|-boost|p1a: Mewtwo|spe|2\n|\n|-heal|p1a: Mewtwo|97\/100|[from] item: Leftovers\n|upkeep\n|turn|10\n|\n|t:|1698742125\n|move|p1a: Mewtwo|Nasty Plot|p1a: Mewtwo\n|-boost|p1a: Mewtwo|spa|2\n|move|p2a: Arceus|Shadow Claw|p1a: Mewtwo\n|-supereffective|p1a: Mewtwo\n|-damage|p1a: Mewtwo|67\/100\n|-damage|p2a: Arceus|91\/100|[from] item: Life Orb\n|\n|-heal|p1a: Mewtwo|73\/100|[from] item: Leftovers\n|upkeep\n|turn|11\n|\n|t:|1698742129\n|move|p2a: Arceus|Extreme Speed|p1a: Mewtwo\n|-damage|p1a: Mewtwo|48\/100\n|-damage|p2a: Arceus|81\/100|[from] item: Life Orb\n|move|p1a: Mewtwo|Focus Blast|p2a: Arceus\n|-supereffective|p2a: Arceus\n|-damage|p2a: Arceus|0 fnt\n|faint|p2a: Arceus\n|\n|-heal|p1a: Mewtwo|54\/100|[from] item: Leftovers\n|upkeep\n|\n|t:|1698742153\n|switch|p2a: Koraidon|Koraidon|100\/100\n|-weather|SunnyDay|[from] ability: Orichalcum Pulse|[of] p2a: Koraidon\n|-activate|p2a: Koraidon|Orichalcum Pulse|[source]\n|turn|12\n|\n|t:|1698742165\n|move|p2a: Koraidon|U-turn|p1a: Mewtwo\n|-supereffective|p1a: Mewtwo\n|-damage|p1a: Mewtwo|23\/100\n|\n|t:|1698742168\n|switch|p2a: Ditto|Ditto, tera:Fairy|100\/100 par|[from] U-turn\n|-transform|p2a: Ditto|p1a: Mewtwo|[from] ability: Imposter\n|-ability|p2a: Ditto|Pressure\n|move|p1a: Mewtwo|Psyshock|p2a: Ditto\n|-damage|p2a: Ditto|0 fnt\n|faint|p2a: Ditto\n|\n|-weather|SunnyDay|[upkeep]\n|-heal|p1a: Mewtwo|29\/100|[from] item: Leftovers\n|-sideend|p1: AshGreninja7X|move: Light Screen\n|upkeep\n|l| GUESSWHOTPRADO\n|\n|t:|1698742172\n|switch|p2a: Calyrex|Calyrex-Shadow|100\/100\n|-ability|p2a: Calyrex|As One\n|-ability|p2a: Calyrex|Unnerve\n|turn|13\n|\n|t:|1698742177\n|move|p2a: Calyrex|Psyshock|p1a: Mewtwo\n|-resisted|p1a: Mewtwo\n|-damage|p1a: Mewtwo|6\/100\n|move|p1a: Mewtwo|Psyshock|p2a: Calyrex\n|-resisted|p2a: Calyrex\n|-damage|p2a: Calyrex|40\/100\n|\n|-weather|SunnyDay|[upkeep]\n|-heal|p1a: Mewtwo|12\/100|[from] item: Leftovers\n|upkeep\n|turn|14\n|\n|t:|1698742190\n|-terastallize|p1a: Mewtwo|Dark\n|move|p2a: Calyrex|Psyshock|p1a: Mewtwo\n|-immune|p1a: Mewtwo\n|move|p1a: Mewtwo|Agility|p1a: Mewtwo\n|-boost|p1a: Mewtwo|spe|2\n|\n|-weather|SunnyDay|[upkeep]\n|-heal|p1a: Mewtwo|18\/100|[from] item: Leftovers\n|-sideend|p1: AshGreninja7X|Reflect\n|upkeep\n|turn|15\n|\n|t:|1698742198\n|switch|p2a: Koraidon|Koraidon|100\/100\n|-activate|p2a: Koraidon|ability: Orichalcum Pulse\n|move|p1a: Mewtwo|Psyshock|p2a: Koraidon\n|-supereffective|p2a: Koraidon\n|-crit|p2a: Koraidon\n|-damage|p2a: Koraidon|0 fnt\n|faint|p2a: Koraidon\n|\n|-weather|SunnyDay|[upkeep]\n|-heal|p1a: Mewtwo|24\/100|[from] item: Leftovers\n|upkeep\n|\n|t:|1698742203\n|switch|p2a: Calyrex|Calyrex-Shadow|40\/100\n|-ability|p2a: Calyrex|As One\n|-ability|p2a: Calyrex|Unnerve\n|turn|16\n|\n|t:|1698742206\n|move|p1a: Mewtwo|Psyshock|p2a: Calyrex\n|-resisted|p2a: Calyrex\n|-damage|p2a: Calyrex|0 fnt\n|faint|p2a: Calyrex\n|\n|-weather|none\n|-heal|p1a: Mewtwo|30\/100|[from] item: Leftovers\n|upkeep\n|-message|Kanha Greninja forfeited.\n|\n|win|AshGreninja7X\n|raw|AshGreninja7X's rating: 1683 &rarr; <strong>1703<\/strong><br \/>(+20 for winning)\n|raw|Kanha Greninja's rating: 1687 &rarr; <strong>1667<\/strong><br \/>(-20 for losing)\n|l|\u2606Kanha Greninja\n","uploadtime":1698742221,"views":12,"p1id":"ashgreninja7x","p2id":"kanhagreninja","formatid":"gen9anythinggoes","rating":1667,"private":0,"password":""}