{"id":"gen9anythinggoes-1979435365","p1":"Dan_Voyager","p2":"LingLing007","format":"[Gen 9] Anything Goes","log":"|j|\u2606Dan_Voyager\n|j|\u2606LingLing007\n|t:|1698682480\n|gametype|singles\n|player|p1|Dan_Voyager|pokemonranger-gen4|1280\n|player|p2|LingLing007|hilbert-masters2|1361\n|teamsize|p1|6\n|teamsize|p2|6\n|gen|9\n|tier|[Gen 9] Anything Goes\n|rated|\n|rule|HP Percentage Mod: HP is shown in percentages\n|rule|Endless Battle Clause: Forcing endless battles is banned\n|clearpoke\n|poke|p1|Miraidon|\n|poke|p1|Zacian-*|\n|poke|p1|Calyrex-Shadow|\n|poke|p1|Koraidon|\n|poke|p1|Pawmot, M|\n|poke|p1|Urshifu-*, F|\n|poke|p2|Roaring Moon|\n|poke|p2|Toxapex, F|\n|poke|p2|Gliscor, M|\n|poke|p2|Polteageist-Antique|\n|poke|p2|Tinkaton, F|\n|poke|p2|Gengar, M|\n|teampreview\n|\n|t:|1698682491\n|start\n|switch|p1a: Uri|Urshifu-Rapid-Strike, F|100\/100\n|switch|p2a: Polteageist|Polteageist-Antique|100\/100\n|turn|1\n|inactive|Battle timer is ON: inactive players will automatically lose when time's up. (requested by LingLing007)\n|\n|t:|1698682499\n|-terastallize|p1a: Uri|Normal\n|move|p1a: Uri|Surging Strikes|p2a: Polteageist\n|-crit|p2a: Polteageist\n|-damage|p2a: Polteageist|63\/100\n|-start|p1a: Uri|Disable|Surging Strikes|[from] ability: Cursed Body|[of] p2a: Polteageist\n|-crit|p2a: Polteageist\n|-damage|p2a: Polteageist|24\/100\n|-crit|p2a: Polteageist\n|-damage|p2a: Polteageist|0 fnt\n|faint|p2a: Polteageist\n|-hitcount|p2: Polteageist|3\n|\n|upkeep\n|\n|t:|1698682508\n|switch|p2a: Tinkaton|Tinkaton, F|100\/100\n|-ability|p2a: Tinkaton|Mold Breaker\n|turn|2\n|\n|t:|1698682517\n|move|p1a: Uri|Aura Sphere|p2a: Tinkaton\n|-damage|p2a: Tinkaton|84\/100\n|move|p2a: Tinkaton|Thunder Wave|p1a: Uri\n|-status|p1a: Uri|par\n|\n|-heal|p2a: Tinkaton|90\/100|[from] item: Leftovers\n|upkeep\n|turn|3\n|\n|t:|1698682524\n|move|p2a: Tinkaton|Knock Off|p1a: Uri\n|-damage|p1a: Uri|83\/100 par\n|-enditem|p1a: Uri|Focus Sash|[from] move: Knock Off|[of] p2a: Tinkaton\n|move|p1a: Uri|Reversal|p2a: Tinkaton\n|-damage|p2a: Tinkaton|83\/100\n|\n|-heal|p2a: Tinkaton|89\/100|[from] item: Leftovers\n|upkeep\n|turn|4\n|\n|t:|1698682533\n|move|p1a: Uri|Aqua Jet|p2a: Tinkaton\n|-damage|p2a: Tinkaton|73\/100\n|move|p2a: Tinkaton|Encore|p1a: Uri\n|-start|p1a: Uri|Encore\n|\n|-heal|p2a: Tinkaton|80\/100|[from] item: Leftovers\n|-end|p1a: Uri|Disable\n|upkeep\n|turn|5\n|\n|t:|1698682543\n|switch|p2a: Toxapex|Toxapex, F|100\/100\n|switch|p1a: Kori|Koraidon|100\/100\n|-weather|SunnyDay|[from] ability: Orichalcum Pulse|[of] p1a: Kori\n|-activate|p1a: Kori|Orichalcum Pulse|[source]\n|\n|-weather|SunnyDay|[upkeep]\n|upkeep\n|turn|6\n|\n|t:|1698682555\n|move|p1a: Kori|Bulldoze|p2a: Toxapex\n|-supereffective|p2a: Toxapex\n|-damage|p2a: Toxapex|58\/100\n|-unboost|p2a: Toxapex|spe|1\n|move|p2a: Toxapex|Toxic|p1a: Kori\n|-status|p1a: Kori|tox\n|\n|-weather|SunnyDay|[upkeep]\n|-damage|p1a: Kori|94\/100 tox|[from] psn\n|upkeep\n|turn|7\n|\n|t:|1698682559\n|switch|p2a: Gliscor|Gliscor, M|100\/100\n|move|p1a: Kori|Flame Charge|p2a: Gliscor\n|-damage|p2a: Gliscor|65\/100\n|-boost|p1a: Kori|spe|1\n|\n|-weather|SunnyDay|[upkeep]\n|-damage|p1a: Kori|82\/100 tox|[from] psn\n|-status|p2a: Gliscor|tox|[from] item: Toxic Orb\n|upkeep\n|turn|8\n|\n|t:|1698682569\n|move|p2a: Gliscor|Protect|p2a: Gliscor\n|-singleturn|p2a: Gliscor|Protect\n|move|p1a: Kori|Collision Course|p2a: Gliscor\n|-activate|p2a: Gliscor|move: Protect\n|\n|-weather|SunnyDay|[upkeep]\n|-damage|p1a: Kori|64\/100 tox|[from] psn\n|-heal|p2a: Gliscor|77\/100 tox|[from] ability: Poison Heal\n|upkeep\n|turn|9\n|\n|t:|1698682573\n|move|p1a: Kori|Collision Course|p2a: Gliscor\n|-resisted|p2a: Gliscor\n|-damage|p2a: Gliscor|40\/100 tox\n|move|p2a: Gliscor|Facade|p1a: Kori\n|-damage|p1a: Kori|26\/100 tox\n|\n|-weather|none\n|-damage|p1a: Kori|1\/100 tox|[from] psn\n|-heal|p2a: Gliscor|52\/100 tox|[from] ability: Poison Heal\n|upkeep\n|turn|10\n|\n|t:|1698682580\n|move|p2a: Gliscor|Protect|p2a: Gliscor\n|-singleturn|p2a: Gliscor|Protect\n|move|p1a: Kori|Outrage|p2a: Gliscor\n|-activate|p2a: Gliscor|move: Protect\n|\n|-damage|p1a: Kori|0 fnt|[from] psn\n|faint|p1a: Kori\n|-heal|p2a: Gliscor|64\/100 tox|[from] ability: Poison Heal\n|upkeep\n|\n|t:|1698682583\n|switch|p1a: Ridy|Miraidon|100\/100\n|-fieldstart|move: Electric Terrain|[from] ability: Hadron Engine|[of] p1a: Ridy\n|-enditem|p1a: Ridy|Electric Seed\n|-boost|p1a: Ridy|def|1|[from] item: Electric Seed\n|turn|11\n|\n|t:|1698682589\n|move|p1a: Ridy|Electro Drift|p2a: Gliscor\n|-immune|p2a: Gliscor\n|move|p2a: Gliscor|Toxic|p1a: Ridy|[miss]\n|-miss|p2a: Gliscor|p1a: Ridy\n|\n|-heal|p2a: Gliscor|77\/100 tox|[from] ability: Poison Heal\n|upkeep\n|turn|12\n|\n|t:|1698682603\n|move|p1a: Ridy|Outrage|p2a: Gliscor\n|-damage|p2a: Gliscor|43\/100 tox\n|move|p2a: Gliscor|Earthquake|p1a: Ridy\n|-supereffective|p1a: Ridy\n|-damage|p1a: Ridy|35\/100\n|\n|-heal|p2a: Gliscor|55\/100 tox|[from] ability: Poison Heal\n|upkeep\n|turn|13\n|\n|t:|1698682606\n|move|p2a: Gliscor|Protect|p2a: Gliscor\n|-singleturn|p2a: Gliscor|Protect\n|move|p1a: Ridy|Outrage|p2a: Gliscor|[from]lockedmove\n|-activate|p2a: Gliscor|move: Protect\n|-start|p1a: Ridy|confusion|[fatigue]\n|\n|-heal|p2a: Gliscor|68\/100 tox|[from] ability: Poison Heal\n|upkeep\n|turn|14\n|\n|t:|1698682611\n|-activate|p1a: Ridy|confusion\n|move|p1a: Ridy|Zen Headbutt|p2a: Gliscor\n|-damage|p2a: Gliscor|51\/100 tox\n|cant|p2a: Gliscor|flinch\n|\n|-heal|p2a: Gliscor|64\/100 tox|[from] ability: Poison Heal\n|upkeep\n|turn|15\n|\n|t:|1698682618\n|move|p2a: Gliscor|Protect|p2a: Gliscor\n|-singleturn|p2a: Gliscor|Protect\n|-activate|p1a: Ridy|confusion\n|-damage|p1a: Ridy|29\/100|[from] confusion\n|\n|-heal|p2a: Gliscor|76\/100 tox|[from] ability: Poison Heal\n|-fieldend|move: Electric Terrain\n|upkeep\n|turn|16\n|\n|t:|1698682621\n|-activate|p1a: Ridy|confusion\n|-damage|p1a: Ridy|23\/100|[from] confusion\n|move|p2a: Gliscor|Earthquake|p1a: Ridy\n|-supereffective|p1a: Ridy\n|-damage|p1a: Ridy|0 fnt\n|faint|p1a: Ridy\n|\n|-heal|p2a: Gliscor|88\/100 tox|[from] ability: Poison Heal\n|upkeep\n|\n|t:|1698682644\n|switch|p1a: BOW.|Calyrex-Shadow|100\/100\n|-ability|p1a: BOW.|As One\n|-ability|p1a: BOW.|Unnerve\n|turn|17\n|\n|t:|1698682649\n|move|p2a: Gliscor|Protect|p2a: Gliscor\n|-singleturn|p2a: Gliscor|Protect\n|move|p1a: BOW.|Astral Barrage|p2a: Gliscor\n|-activate|p2a: Gliscor|move: Protect\n|\n|-heal|p2a: Gliscor|100\/100 tox|[from] ability: Poison Heal\n|upkeep\n|turn|18\n|\n|t:|1698682658\n|move|p1a: BOW.|Astral Barrage|p2a: Gliscor\n|-damage|p2a: Gliscor|0 fnt\n|faint|p2a: Gliscor\n|-ability|p1a: BOW.|Grim Neigh|boost\n|-boost|p1a: BOW.|spa|1\n|\n|upkeep\n|\n|t:|1698682663\n|switch|p2a: Gengar|Gengar, M|100\/100\n|turn|19\n|\n|t:|1698682669\n|move|p1a: BOW.|Astral Barrage|p2a: Gengar\n|-supereffective|p2a: Gengar\n|-enditem|p2a: Gengar|Focus Sash\n|-damage|p2a: Gengar|1\/100\n|-start|p1a: BOW.|Disable|Astral Barrage|[from] ability: Cursed Body|[of] p2a: Gengar\n|move|p2a: Gengar|Destiny Bond|p2a: Gengar\n|-singlemove|p2a: Gengar|Destiny Bond\n|\n|upkeep\n|turn|20\n|\n|t:|1698682688\n|switch|p1a: Uri|Urshifu-Rapid-Strike, F, tera:Normal|83\/100 par\n|move|p2a: Gengar|Thunder|p1a: Uri|[miss]\n|-miss|p2a: Gengar|p1a: Uri\n|\n|upkeep\n|turn|21\n|\n|t:|1698682695\n|cant|p1a: Uri|par\n|move|p2a: Gengar|Destiny Bond|p2a: Gengar\n|-singlemove|p2a: Gengar|Destiny Bond\n|\n|upkeep\n|turn|22\n|\n|t:|1698682703\n|move|p2a: Gengar|Thunder|p1a: Uri\n|-damage|p1a: Uri|24\/100 par\n|move|p1a: Uri|Surging Strikes|p2a: Gengar\n|-crit|p2a: Gengar\n|-damage|p2a: Gengar|0 fnt\n|faint|p2a: Gengar\n|-hitcount|p2: Gengar|1\n|\n|upkeep\n|\n|t:|1698682713\n|switch|p2a: Roaring Moon|Roaring Moon|100\/100\n|-enditem|p2a: Roaring Moon|Booster Energy\n|-activate|p2a: Roaring Moon|ability: Protosynthesis|[fromitem]\n|-start|p2a: Roaring Moon|protosynthesisspe\n|turn|23\n|\n|t:|1698682720\n|move|p1a: Uri|Aqua Jet|p2a: Roaring Moon\n|-resisted|p2a: Roaring Moon\n|-damage|p2a: Roaring Moon|87\/100\n|move|p2a: Roaring Moon|Dragon Dance|p2a: Roaring Moon\n|-boost|p2a: Roaring Moon|atk|1\n|-boost|p2a: Roaring Moon|spe|1\n|\n|upkeep\n|turn|24\n|\n|t:|1698682725\n|move|p2a: Roaring Moon|Dragon Dance|p2a: Roaring Moon\n|-boost|p2a: Roaring Moon|atk|1\n|-boost|p2a: Roaring Moon|spe|1\n|move|p1a: Uri|Aura Sphere|p2a: Roaring Moon\n|-supereffective|p2a: Roaring Moon\n|-damage|p2a: Roaring Moon|51\/100\n|\n|upkeep\n|turn|25\n|\n|t:|1698682733\n|-terastallize|p2a: Roaring Moon|Flying\n|move|p2a: Roaring Moon|Acrobatics|p1a: Uri\n|-damage|p1a: Uri|0 fnt\n|faint|p1a: Uri\n|\n|upkeep\n|\n|t:|1698682738\n|switch|p1a: BOW.|Calyrex-Shadow|100\/100\n|-ability|p1a: BOW.|As One\n|-ability|p1a: BOW.|Unnerve\n|turn|26\n|\n|t:|1698682742\n|move|p2a: Roaring Moon|Knock Off|p1a: BOW.\n|-supereffective|p1a: BOW.\n|-damage|p1a: BOW.|0 fnt\n|-enditem|p1a: BOW.|Spooky Plate|[from] move: Knock Off|[of] p2a: Roaring Moon\n|faint|p1a: BOW.\n|\n|upkeep\n|\n|t:|1698682749\n|switch|p1a: Zach|Zacian-Crowned, shiny|100\/100\n|-ability|p1a: Zach|Intrepid Sword|boost\n|-boost|p1a: Zach|atk|1\n|turn|27\n|\n|t:|1698682753\n|move|p2a: Roaring Moon|Earthquake|p1a: Zach\n|-supereffective|p1a: Zach\n|-damage|p1a: Zach|0 fnt\n|faint|p1a: Zach\n|\n|upkeep\n|\n|t:|1698682756\n|switch|p1a: Buddy|Pawmot, M|100\/100\n|turn|28\n|\n|t:|1698682759\n|move|p2a: Roaring Moon|Acrobatics|p1a: Buddy\n|-damage|p1a: Buddy|0 fnt\n|faint|p1a: Buddy\n|\n|win|LingLing007\n|raw|Dan_Voyager's rating: 1280 &rarr; <strong>1261<\/strong><br \/>(-19 for losing)\n|raw|LingLing007's rating: 1361 &rarr; <strong>1376<\/strong><br \/>(+15 for winning)\n|c|\u2606LingLing007|gg\n","uploadtime":1698682765,"views":11,"p1id":"danvoyager","p2id":"lingling007","formatid":"gen9anythinggoes","rating":1261,"private":0,"password":""}