{"id":"gen9anythinggoes-1975728013","p1":"sabp","p2":"Dumbfudge","format":"[Gen 9] Anything Goes","log":"|j|\u2606sabp\n|j|\u2606Dumbfudge\n|t:|1698231035\n|gametype|singles\n|player|p1|sabp|marshal|1474\n|player|p2|Dumbfudge|blackbelt-gen4dp|1338\n|teamsize|p1|6\n|teamsize|p2|6\n|gen|9\n|tier|[Gen 9] Anything Goes\n|rated|\n|rule|HP Percentage Mod: HP is shown in percentages\n|rule|Endless Battle Clause: Forcing endless battles is banned\n|clearpoke\n|poke|p1|Arceus|\n|poke|p1|Magearna|\n|poke|p1|Calyrex-Shadow|\n|poke|p1|Ninetales-Alola, F|\n|poke|p1|Urshifu-*, M|\n|poke|p1|Amoonguss, M|\n|poke|p2|Grimmsnarl, M|\n|poke|p2|Dudunsparce-*, M|\n|poke|p2|Zacian-*|\n|poke|p2|Drifblim, M|\n|poke|p2|Calyrex-Shadow|\n|poke|p2|Darkrai|\n|teampreview\n|c|\u2606Dumbfudge|glhf\n|\n|t:|1698231052\n|start\n|switch|p1a: Magearna|Magearna|100\/100\n|switch|p2a: Grimmsnarl|Grimmsnarl, M|100\/100\n|turn|1\n|\n|t:|1698231058\n|move|p2a: Grimmsnarl|Taunt|p1a: Magearna\n|-start|p1a: Magearna|move: Taunt\n|cant|p1a: Magearna|move: Taunt|Substitute\n|\n|upkeep\n|turn|2\n|\n|t:|1698231066\n|switch|p1a: Urshifu|Urshifu-Rapid-Strike, M|100\/100\n|move|p2a: Grimmsnarl|Sucker Punch||[still]\n|-fail|p2a: Grimmsnarl\n|\n|upkeep\n|turn|3\n|\n|t:|1698231074\n|move|p2a: Grimmsnarl|Reflect|p2a: Grimmsnarl\n|-sidestart|p2: Dumbfudge|Reflect\n|move|p1a: Urshifu|Surging Strikes|p2a: Grimmsnarl\n|-crit|p2a: Grimmsnarl\n|-damage|p2a: Grimmsnarl|72\/100\n|-crit|p2a: Grimmsnarl\n|-damage|p2a: Grimmsnarl|44\/100\n|-crit|p2a: Grimmsnarl\n|-damage|p2a: Grimmsnarl|13\/100\n|-hitcount|p2a: Grimmsnarl|3\n|\n|upkeep\n|turn|4\n|inactive|Battle timer is ON: inactive players will automatically lose when time's up. (requested by Dumbfudge)\n|\n|t:|1698231082\n|move|p2a: Grimmsnarl|Light Screen|p2a: Grimmsnarl\n|-sidestart|p2: Dumbfudge|move: Light Screen\n|move|p1a: Urshifu|Surging Strikes|p2a: Grimmsnarl\n|-crit|p2a: Grimmsnarl\n|-damage|p2a: Grimmsnarl|0 fnt\n|faint|p2a: Grimmsnarl\n|-hitcount|p2: Grimmsnarl|1\n|\n|upkeep\n|\n|t:|1698231088\n|switch|p2a: Dudunsparce|Dudunsparce, M|100\/100\n|turn|5\n|\n|t:|1698231091\n|move|p1a: Urshifu|Surging Strikes|p2a: Dudunsparce\n|-crit|p2a: Dudunsparce\n|-damage|p2a: Dudunsparce|77\/100\n|-damage|p1a: Urshifu|84\/100|[from] item: Rocky Helmet|[of] p2a: Dudunsparce\n|-crit|p2a: Dudunsparce\n|-damage|p2a: Dudunsparce|52\/100\n|-damage|p1a: Urshifu|67\/100|[from] item: Rocky Helmet|[of] p2a: Dudunsparce\n|-crit|p2a: Dudunsparce\n|-damage|p2a: Dudunsparce|29\/100\n|-damage|p1a: Urshifu|50\/100|[from] item: Rocky Helmet|[of] p2a: Dudunsparce\n|-hitcount|p2a: Dudunsparce|3\n|move|p2a: Dudunsparce|Roost|p2a: Dudunsparce\n|-heal|p2a: Dudunsparce|79\/100\n|-singleturn|p2a: Dudunsparce|move: Roost\n|\n|upkeep\n|turn|6\n|\n|t:|1698231112\n|move|p1a: Urshifu|Surging Strikes|p2a: Dudunsparce\n|-crit|p2a: Dudunsparce\n|-damage|p2a: Dudunsparce|53\/100\n|-damage|p1a: Urshifu|34\/100|[from] item: Rocky Helmet|[of] p2a: Dudunsparce\n|-crit|p2a: Dudunsparce\n|-damage|p2a: Dudunsparce|29\/100\n|-damage|p1a: Urshifu|17\/100|[from] item: Rocky Helmet|[of] p2a: Dudunsparce\n|-crit|p2a: Dudunsparce\n|-damage|p2a: Dudunsparce|7\/100\n|-damage|p1a: Urshifu|0 fnt|[from] item: Rocky Helmet|[of] p2a: Dudunsparce\n|faint|p1a: Urshifu\n|-hitcount|p2a: Dudunsparce|3\n|move|p2a: Dudunsparce|Yawn|p1: Urshifu|[notarget]\n|-fail|p2a: Dudunsparce\n|\n|upkeep\n|\n|t:|1698231123\n|switch|p1a: Arceus|Arceus|100\/100\n|turn|7\n|\n|t:|1698231130\n|move|p1a: Arceus|Extreme Speed|p2a: Dudunsparce\n|-damage|p2a: Dudunsparce|0 fnt\n|-damage|p1a: Arceus|84\/100|[from] item: Rocky Helmet|[of] p2a: Dudunsparce\n|faint|p2a: Dudunsparce\n|\n|upkeep\n|\n|t:|1698231140\n|switch|p2a: Zacian|Zacian-Crowned|100\/100\n|-ability|p2a: Zacian|Intrepid Sword|boost\n|-boost|p2a: Zacian|atk|1\n|turn|8\n|\n|t:|1698231151\n|switch|p1a: Amoonguss|Amoonguss, M|100\/100\n|-terastallize|p2a: Zacian|Steel\n|move|p2a: Zacian|Behemoth Blade|p1a: Amoonguss\n|-damage|p1a: Amoonguss|2\/100\n|\n|-heal|p1a: Amoonguss|9\/100|[from] item: Black Sludge\n|upkeep\n|turn|9\n|\n|t:|1698231162\n|move|p2a: Zacian|Quick Attack|p1a: Amoonguss\n|-damage|p1a: Amoonguss|0 fnt\n|faint|p1a: Amoonguss\n|\n|upkeep\n|\n|t:|1698231170\n|switch|p1a: Calyrex|Calyrex-Shadow|100\/100\n|-ability|p1a: Calyrex|As One\n|-ability|p1a: Calyrex|Unnerve\n|turn|10\n|\n|t:|1698231181\n|move|p1a: Calyrex|Calm Mind|p1a: Calyrex\n|-boost|p1a: Calyrex|spa|1\n|-boost|p1a: Calyrex|spd|1\n|move|p2a: Zacian|Behemoth Blade|p1a: Calyrex\n|-enditem|p1a: Calyrex|Focus Sash\n|-damage|p1a: Calyrex|1\/100\n|\n|-sideend|p2: Dumbfudge|Reflect\n|upkeep\n|turn|11\n|\n|t:|1698231190\n|move|p2a: Zacian|Quick Attack|p1a: Calyrex\n|-immune|p1a: Calyrex\n|move|p1a: Calyrex|Astral Barrage|p2a: Zacian\n|-damage|p2a: Zacian|48\/100\n|\n|-sideend|p2: Dumbfudge|move: Light Screen\n|upkeep\n|turn|12\n|\n|t:|1698231200\n|move|p1a: Calyrex|Astral Barrage|p2a: Zacian\n|-damage|p2a: Zacian|0 fnt\n|faint|p2a: Zacian\n|-ability|p1a: Calyrex|Grim Neigh|boost\n|-boost|p1a: Calyrex|spa|1\n|\n|upkeep\n|\n|t:|1698231209\n|switch|p2a: Calyrex|Calyrex-Shadow|100\/100\n|-ability|p2a: Calyrex|As One\n|-ability|p2a: Calyrex|Unnerve\n|turn|13\n|\n|t:|1698231219\n|move|p1a: Calyrex|Baton Pass|p1a: Calyrex\n|\n|t:|1698231222\n|switch|p1a: Arceus|Arceus|84\/100|[from] Baton Pass\n|move|p2a: Calyrex|Giga Drain|p1a: Arceus\n|-damage|p1a: Arceus|70\/100\n|\n|upkeep\n|turn|14\n|\n|t:|1698231234\n|move|p2a: Calyrex|Astral Barrage|p1a: Arceus\n|-immune|p1a: Arceus\n|move|p1a: Arceus|Cosmic Power|p1a: Arceus\n|-boost|p1a: Arceus|def|1\n|-boost|p1a: Arceus|spd|1\n|\n|upkeep\n|turn|15\n|\n|t:|1698231264\n|move|p2a: Calyrex|Agility|p2a: Calyrex\n|-boost|p2a: Calyrex|spe|2\n|move|p1a: Arceus|Cosmic Power|p1a: Arceus\n|-boost|p1a: Arceus|def|1\n|-boost|p1a: Arceus|spd|1\n|\n|upkeep\n|turn|16\n|\n|t:|1698231273\n|move|p2a: Calyrex|Baton Pass|p2a: Calyrex\n|\n|t:|1698231281\n|switch|p2a: Drifblim|Drifblim, M|100\/100|[from] Baton Pass\n|move|p1a: Arceus|Stored Power|p2a: Drifblim\n|-damage|p2a: Drifblim|10\/100\n|\n|upkeep\n|turn|17\n|\n|t:|1698231288\n|move|p2a: Drifblim|Haze|p2a: Drifblim\n|-clearallboost\n|move|p1a: Arceus|Stored Power|p2a: Drifblim\n|-damage|p2a: Drifblim|5\/100\n|\n|upkeep\n|turn|18\n|\n|t:|1698231310\n|move|p1a: Arceus|Stored Power|p2a: Drifblim\n|-damage|p2a: Drifblim|0 fnt\n|faint|p2a: Drifblim\n|\n|upkeep\n|\n|t:|1698231315\n|switch|p2a: Calyrex|Calyrex-Shadow|100\/100\n|-ability|p2a: Calyrex|As One\n|-ability|p2a: Calyrex|Unnerve\n|turn|19\n|\n|t:|1698231325\n|move|p2a: Calyrex|Agility|p2a: Calyrex\n|-boost|p2a: Calyrex|spe|2\n|move|p1a: Arceus|Cosmic Power|p1a: Arceus\n|-boost|p1a: Arceus|def|1\n|-boost|p1a: Arceus|spd|1\n|\n|upkeep\n|turn|20\n|\n|t:|1698231334\n|move|p2a: Calyrex|Baton Pass|p2a: Calyrex\n|\n|t:|1698231335\n|switch|p2a: Darkrai|Darkrai|100\/100|[from] Baton Pass\n|move|p1a: Arceus|Cosmic Power|p1a: Arceus\n|-boost|p1a: Arceus|def|1\n|-boost|p1a: Arceus|spd|1\n|\n|upkeep\n|turn|21\n|\n|t:|1698231342\n|move|p1a: Arceus|Extreme Speed|p2a: Darkrai\n|-damage|p2a: Darkrai|57\/100\n|move|p2a: Darkrai|Hypnosis|p1a: Arceus|[miss]\n|-miss|p2a: Darkrai|p1a: Arceus\n|\n|upkeep\n|turn|22\n|\n|t:|1698231359\n|move|p1a: Arceus|Extreme Speed|p2a: Darkrai\n|-damage|p2a: Darkrai|13\/100\n|move|p2a: Darkrai|Hypnosis|p1a: Arceus\n|-status|p1a: Arceus|slp|[from] move: Hypnosis\n|\n|-damage|p1a: Arceus|57\/100 slp|[from] ability: Bad Dreams|[of] p2a: Darkrai\n|upkeep\n|turn|23\n|\n|t:|1698231367\n|move|p2a: Darkrai|Drain Punch|p1a: Arceus\n|-supereffective|p1a: Arceus\n|-damage|p1a: Arceus|47\/100 slp\n|-heal|p2a: Darkrai|21\/100|[from] drain|[of] p1a: Arceus\n|cant|p1a: Arceus|slp\n|\n|-damage|p1a: Arceus|34\/100 slp|[from] ability: Bad Dreams|[of] p2a: Darkrai\n|upkeep\n|turn|24\n|\n|t:|1698231377\n|cant|p1a: Arceus|slp\n|move|p2a: Darkrai|Dark Pulse|p1a: Arceus\n|-damage|p1a: Arceus|21\/100 slp\n|\n|-damage|p1a: Arceus|9\/100 slp|[from] ability: Bad Dreams|[of] p2a: Darkrai\n|upkeep\n|turn|25\n|\n|t:|1698231392\n|switch|p1a: Magearna|Magearna|100\/100\n|move|p2a: Darkrai|Sucker Punch||[still]\n|-fail|p2a: Darkrai\n|\n|upkeep\n|turn|26\n|\n|t:|1698231400\n|move|p2a: Darkrai|Hypnosis|p1a: Magearna|[miss]\n|-miss|p2a: Darkrai|p1a: Magearna\n|move|p1a: Magearna|Substitute|p1a: Magearna\n|-start|p1a: Magearna|Substitute\n|-damage|p1a: Magearna|75\/100\n|\n|upkeep\n|turn|27\n|\n|t:|1698231409\n|move|p2a: Darkrai|Dark Pulse|p1a: Magearna\n|-resisted|p1a: Magearna\n|-activate|p1a: Magearna|move: Substitute|[damage]\n|move|p1a: Magearna|Thunder Wave|p2a: Darkrai\n|-status|p2a: Darkrai|par\n|\n|upkeep\n|turn|28\n|\n|t:|1698231417\n|move|p2a: Darkrai|Dark Pulse|p1a: Magearna\n|-resisted|p1a: Magearna\n|-end|p1a: Magearna|Substitute\n|move|p1a: Magearna|Shift Gear|p1a: Magearna\n|-boost|p1a: Magearna|spe|2\n|-boost|p1a: Magearna|atk|1\n|\n|upkeep\n|turn|29\n|\n|t:|1698231433\n|move|p2a: Darkrai|Dark Pulse|p1a: Magearna\n|-resisted|p1a: Magearna\n|-damage|p1a: Magearna|61\/100\n|move|p1a: Magearna|Substitute|p1a: Magearna\n|-start|p1a: Magearna|Substitute\n|-damage|p1a: Magearna|36\/100\n|\n|upkeep\n|turn|30\n|\n|t:|1698231441\n|move|p2a: Darkrai|Dark Pulse|p1a: Magearna\n|-resisted|p1a: Magearna\n|-activate|p1a: Magearna|move: Substitute|[damage]\n|move|p1a: Magearna|Baton Pass|p1a: Magearna\n|\n|t:|1698231451\n|switch|p1a: Calyrex|Calyrex-Shadow|1\/100|[from] Baton Pass\n|-ability|p1a: Calyrex|As One\n|-ability|p1a: Calyrex|Unnerve\n|\n|upkeep\n|turn|31\n|\n|t:|1698231463\n|move|p2a: Darkrai|Sucker Punch|p1a: Calyrex\n|-supereffective|p1a: Calyrex\n|-end|p1a: Calyrex|Substitute\n|move|p1a: Calyrex|Astral Barrage|p2a: Darkrai\n|-resisted|p2a: Darkrai\n|-damage|p2a: Darkrai|0 fnt\n|faint|p2a: Darkrai\n|-ability|p1a: Calyrex|Grim Neigh|boost\n|-boost|p1a: Calyrex|spa|1\n|\n|upkeep\n|\n|t:|1698231473\n|switch|p2a: Calyrex|Calyrex-Shadow|100\/100\n|-ability|p2a: Calyrex|As One\n|-ability|p2a: Calyrex|Unnerve\n|turn|32\n|\n|t:|1698231482\n|move|p1a: Calyrex|Astral Barrage|p2a: Calyrex\n|-supereffective|p2a: Calyrex\n|-enditem|p2a: Calyrex|Focus Sash\n|-damage|p2a: Calyrex|1\/100\n|move|p2a: Calyrex|Astral Barrage|p1a: Calyrex\n|-supereffective|p1a: Calyrex\n|-damage|p1a: Calyrex|0 fnt\n|faint|p1a: Calyrex\n|-ability|p2a: Calyrex|Grim Neigh|boost\n|-boost|p2a: Calyrex|spa|1\n|\n|upkeep\n|\n|t:|1698231491\n|switch|p1a: Arceus|Arceus|9\/100 slp\n|turn|33\n|\n|t:|1698231498\n|move|p2a: Calyrex|Giga Drain|p1a: Arceus\n|-damage|p1a: Arceus|0 fnt\n|-heal|p2a: Calyrex|6\/100|[from] drain|[of] p1a: Arceus\n|faint|p1a: Arceus\n|-ability|p2a: Calyrex|Grim Neigh|boost\n|-boost|p2a: Calyrex|spa|1\n|\n|upkeep\n|\n|t:|1698231508\n|switch|p1a: Ninetales|Ninetales-Alola, F|100\/100\n|-weather|Snow|[from] ability: Snow Warning|[of] p1a: Ninetales\n|turn|34\n|\n|t:|1698231517\n|move|p2a: Calyrex|Astral Barrage|p1a: Ninetales\n|-damage|p1a: Ninetales|0 fnt\n|faint|p1a: Ninetales\n|-ability|p2a: Calyrex|Grim Neigh|boost\n|-boost|p2a: Calyrex|spa|1\n|\n|-weather|Snow|[upkeep]\n|upkeep\n|c|\u2606Dumbfudge|gg\n|\n|t:|1698231523\n|switch|p1a: Magearna|Magearna|36\/100\n|turn|35\n|\n|t:|1698231528\n|move|p2a: Calyrex|Astral Barrage|p1a: Magearna\n|-damage|p1a: Magearna|0 fnt\n|faint|p1a: Magearna\n|\n|win|Dumbfudge\n|raw|sabp's rating: 1474 &rarr; <strong>1447<\/strong><br \/>(-27 for losing)\n|raw|Dumbfudge's rating: 1338 &rarr; <strong>1365<\/strong><br \/>(+27 for winning)\n","uploadtime":1698231535,"views":12,"p1id":"sabp","p2id":"dumbfudge","formatid":"gen9anythinggoes","rating":1365,"private":0,"password":""}