{"id":"gen9anythinggoes-1985112608","p1":"Saltine NACLS","p2":"Dumbfudge","format":"[Gen 9] Anything Goes","log":"|j|\u2606Saltine NACLS\n|j|\u2606Dumbfudge\n|t:|1699332576\n|gametype|singles\n|player|p1|Saltine NACLS|swimmer-gen4dp|\n|player|p2|Dumbfudge|blackbelt-gen4dp|\n|teamsize|p1|6\n|teamsize|p2|6\n|gen|9\n|tier|[Gen 9] Anything Goes\n|rule|HP Percentage Mod: HP is shown in percentages\n|rule|Endless Battle Clause: Forcing endless battles is banned\n|clearpoke\n|poke|p1|Glimmora, F|\n|poke|p1|Spidops, F|\n|poke|p1|Zacian-*|\n|poke|p1|Copperajah, M|\n|poke|p1|Annihilape, M|\n|poke|p1|Mew|\n|poke|p2|Espathra, M|\n|poke|p2|Giratina|\n|poke|p2|Shaymin-Sky|\n|poke|p2|Zacian-*|\n|poke|p2|Ditto|\n|poke|p2|Breloom, M|\n|teampreview\n|c|\u2606Dumbfudge|Glhf\n|\n|t:|1699332600\n|start\n|switch|p1a: Glimmora|Glimmora, F|100\/100\n|switch|p2a: Cancer|Shaymin-Sky|100\/100\n|turn|1\n|inactive|Battle timer is ON: inactive players will automatically lose when time's up. (requested by Dumbfudge)\n|\n|t:|1699332608\n|move|p2a: Cancer|Air Slash|p1a: Glimmora\n|-resisted|p1a: Glimmora\n|-damage|p1a: Glimmora|75\/100\n|move|p1a: Glimmora|Stealth Rock|p2a: Cancer\n|-sidestart|p2: Dumbfudge|move: Stealth Rock\n|\n|upkeep\n|turn|2\n|\n|t:|1699332614\n|move|p2a: Cancer|Air Slash|p1a: Glimmora\n|-resisted|p1a: Glimmora\n|-damage|p1a: Glimmora|49\/100\n|cant|p1a: Glimmora|flinch\n|\n|upkeep\n|turn|3\n|\n|t:|1699332619\n|move|p2a: Cancer|Air Slash|p1a: Glimmora|[miss]\n|-miss|p2a: Cancer|p1a: Glimmora\n|move|p1a: Glimmora|Spikes|p2a: Cancer\n|-sidestart|p2: Dumbfudge|Spikes\n|\n|upkeep\n|turn|4\n|\n|t:|1699332626\n|move|p2a: Cancer|Air Slash|p1a: Glimmora\n|-resisted|p1a: Glimmora\n|-damage|p1a: Glimmora|26\/100\n|cant|p1a: Glimmora|flinch\n|\n|upkeep\n|turn|5\n|\n|t:|1699332632\n|move|p2a: Cancer|Air Slash|p1a: Glimmora\n|-resisted|p1a: Glimmora\n|-damage|p1a: Glimmora|1\/100\n|move|p1a: Glimmora|Gunk Shot|p2a: Cancer\n|-supereffective|p2a: Cancer\n|-damage|p2a: Cancer|46\/100\n|\n|upkeep\n|turn|6\n|\n|t:|1699332640\n|move|p2a: Cancer|Air Slash|p1a: Glimmora\n|-resisted|p1a: Glimmora\n|-damage|p1a: Glimmora|0 fnt\n|faint|p1a: Glimmora\n|\n|upkeep\n|\n|t:|1699332646\n|switch|p1a: Spidops|Spidops, F|100\/100\n|turn|7\n|\n|t:|1699332649\n|move|p2a: Cancer|Air Slash|p1a: Spidops\n|-supereffective|p1a: Spidops\n|-enditem|p1a: Spidops|Focus Sash\n|-damage|p1a: Spidops|1\/100\n|cant|p1a: Spidops|flinch\n|\n|upkeep\n|turn|8\n|\n|t:|1699332656\n|move|p2a: Cancer|Air Slash|p1a: Spidops\n|-supereffective|p1a: Spidops\n|-damage|p1a: Spidops|0 fnt\n|faint|p1a: Spidops\n|\n|upkeep\n|\n|t:|1699332663\n|switch|p1a: Mew|Mew, shiny|100\/100\n|turn|9\n|\n|t:|1699332667\n|move|p2a: Cancer|Air Slash|p1a: Mew\n|-damage|p1a: Mew|67\/100\n|cant|p1a: Mew|flinch\n|\n|upkeep\n|turn|10\n|\n|t:|1699332672\n|move|p2a: Cancer|Air Slash|p1a: Mew\n|-damage|p1a: Mew|32\/100\n|cant|p1a: Mew|flinch\n|\n|upkeep\n|turn|11\n|\n|t:|1699332684\n|move|p2a: Cancer|Air Slash|p1a: Mew\n|-damage|p1a: Mew|0 fnt\n|faint|p1a: Mew\n|\n|upkeep\n|\n|t:|1699332690\n|switch|p1a: Copperajah|Copperajah, M|100\/100\n|turn|12\n|\n|t:|1699332703\n|move|p2a: Cancer|Air Slash|p1a: Copperajah|[miss]\n|-miss|p2a: Cancer|p1a: Copperajah\n|move|p1a: Copperajah|Iron Head|p2a: Cancer\n|-damage|p2a: Cancer|0 fnt\n|faint|p2a: Cancer\n|\n|upkeep\n|c|\u2606Dumbfudge|Look at that u just beat cancer\n|c|\u2606Dumbfudge|congratulations\n|\n|t:|1699332730\n|switch|p2a: Lice|Giratina|100\/100\n|-damage|p2a: Lice|88\/100|[from] Stealth Rock\n|-damage|p2a: Lice|76\/100|[from] Spikes\n|-ability|p2a: Lice|Pressure\n|turn|13\n|c|\u2606Saltine NACLS|I should win a nobel prize\n|\n|t:|1699332743\n|move|p2a: Lice|Defog|p1a: Copperajah\n|-unboost|p1a: Copperajah|evasion|1\n|-sideend|p2: Dumbfudge|Spikes|[from] move: Defog|[of] p2a: Lice\n|-sideend|p2: Dumbfudge|Stealth Rock|[from] move: Defog|[of] p2a: Lice\n|move|p1a: Copperajah|Whirlwind|p2a: Lice\n|drag|p2a: Schizoid|Ditto|100\/100\n|-transform|p2a: Schizoid|p1a: Copperajah|[from] ability: Imposter\n|\n|upkeep\n|turn|14\n|c|\u2606Dumbfudge|But can u beat lice\n|inactive|Dumbfudge has 270 seconds left.\n|c|\u2606Dumbfudge|Wait wtf\n|c|\u2606Saltine NACLS|bye\n|\n|t:|1699332779\n|move|p2a: Schizoid|High Horsepower|p1a: Copperajah\n|-supereffective|p1a: Copperajah\n|-damage|p1a: Copperajah|33\/100\n|move|p1a: Copperajah|Whirlwind|p2a: Schizoid\n|drag|p2a: Lice|Giratina|76\/100\n|-ability|p2a: Lice|Pressure\n|\n|upkeep\n|turn|15\n|\n|t:|1699332794\n|move|p2a: Lice|Outrage|p1a: Copperajah\n|-resisted|p1a: Copperajah\n|-damage|p1a: Copperajah|4\/100\n|move|p1a: Copperajah|High Horsepower|p2a: Lice\n|-damage|p2a: Lice|54\/100\n|\n|upkeep\n|turn|16\n|\n|t:|1699332805\n|move|p2a: Lice|Outrage|p1a: Copperajah|[from]lockedmove\n|-resisted|p1a: Copperajah\n|-damage|p1a: Copperajah|0 fnt\n|faint|p1a: Copperajah\n|\n|upkeep\n|c|\u2606Dumbfudge|Wait why\n|\n|t:|1699332812\n|switch|p1a: Zacian|Zacian-Crowned|100\/100\n|-ability|p1a: Zacian|Intrepid Sword|boost\n|-boost|p1a: Zacian|atk|1\n|turn|17\n|\n|t:|1699332820\n|move|p1a: Zacian|Behemoth Blade|p2a: Lice\n|-damage|p2a: Lice|0 fnt\n|faint|p2a: Lice\n|\n|upkeep\n|\n|t:|1699332827\n|switch|p2a: Whooping cough|Zacian-Crowned|100\/100\n|-ability|p2a: Whooping cough|Intrepid Sword|boost\n|-boost|p2a: Whooping cough|atk|1\n|turn|18\n|inactive|Dumbfudge has 270 seconds left.\n|\n|t:|1699332839\n|-terastallize|p2a: Whooping cough|Steel\n|move|p2a: Whooping cough|Behemoth Blade|p1a: Zacian\n|-damage|p1a: Zacian|0 fnt\n|faint|p1a: Zacian\n|\n|upkeep\n|\n|t:|1699332844\n|switch|p1a: Annihilape|Annihilape, M|100\/100\n|turn|19\n|\n|t:|1699332852\n|move|p2a: Whooping cough|Play Rough|p1a: Annihilape\n|-supereffective|p1a: Annihilape\n|-damage|p1a: Annihilape|0 fnt\n|faint|p1a: Annihilape\n|\n|win|Dumbfudge\n|c|\u2606Saltine NACLS|lmao gg\n|c|\u2606Dumbfudge|Gg\n|c|\u2606Saltine NACLS|you're good\n|l|\u2606Saltine NACLS\n|c|\u2606Dumbfudge|im new and still learning\n","uploadtime":1699332897,"views":3,"p1id":"saltinenacls","p2id":"dumbfudge","formatid":"gen9anythinggoes","rating":0,"private":0,"password":""}