{"id":"gen9anythinggoes-1989248909","p1":"BruhMyNameIsDylan","p2":"SnorlaxMaBoi","format":"[Gen 9] Anything Goes","log":"|j|\u2606BruhMyNameIsDylan\n|j|\u2606SnorlaxMaBoi\n|t:|1699827872\n|gametype|singles\n|player|p1|BruhMyNameIsDylan|hugh|1142\n|player|p2|SnorlaxMaBoi|101|1135\n|teamsize|p1|6\n|teamsize|p2|6\n|gen|9\n|tier|[Gen 9] Anything Goes\n|rated|\n|rule|HP Percentage Mod: HP is shown in percentages\n|rule|Endless Battle Clause: Forcing endless battles is banned\n|clearpoke\n|poke|p1|Sandshrew, M|\n|poke|p1|Garchomp, M|\n|poke|p1|Hippowdon, M|\n|poke|p1|Sandaconda, M|\n|poke|p1|Dugtrio, F|\n|poke|p1|Great Tusk|\n|poke|p2|Snorlax, F|\n|poke|p2|Volcanion|\n|poke|p2|Greninja-*, M|\n|poke|p2|Toxapex, M|\n|poke|p2|Gengar, F|\n|poke|p2|Pawmot, F|\n|teampreview\n|\n|t:|1699827880\n|start\n|switch|p1a: Garchomp|Garchomp, M, shiny|100\/100\n|switch|p2a: Greninja|Greninja, M|100\/100\n|turn|1\n|inactive|Battle timer is ON: inactive players will automatically lose when time's up. (requested by SnorlaxMaBoi)\n|inactive|BruhMyNameIsDylan also wants the timer to be on.\n|inactive|SnorlaxMaBoi no longer wants the timer on, but the timer is staying on because bruhmynameisdylan still does.\n|\n|t:|1699827891\n|move|p2a: Greninja|Water Shuriken|p1a: Garchomp\n|-start|p2a: Greninja|typechange|Water|[from] ability: Protean\n|-damage|p1a: Garchomp|91\/100\n|-damage|p1a: Garchomp|82\/100\n|-damage|p1a: Garchomp|73\/100\n|-damage|p1a: Garchomp|63\/100\n|-hitcount|p1a: Garchomp|4\n|move|p1a: Garchomp|Swords Dance|p1a: Garchomp\n|-boost|p1a: Garchomp|atk|2\n|\n|upkeep\n|turn|2\n|\n|t:|1699827913\n|move|p2a: Greninja|Blizzard|p1a: Garchomp\n|-supereffective|p1a: Garchomp\n|-damage|p1a: Garchomp|0 fnt\n|faint|p1a: Garchomp\n|\n|upkeep\n|\n|t:|1699827919\n|switch|p1a: Sandshrew|Sandshrew, M, shiny|100\/100\n|turn|3\n|\n|t:|1699827924\n|move|p2a: Greninja|Hydro Pump|p1a: Sandshrew|[miss]\n|-miss|p2a: Greninja|p1a: Sandshrew\n|move|p1a: Sandshrew|Sandstorm|p1a: Sandshrew\n|-weather|Sandstorm\n|\n|-weather|Sandstorm|[upkeep]\n|-damage|p2a: Greninja|95\/100|[from] Sandstorm\n|upkeep\n|turn|4\n|\n|t:|1699827933\n|move|p2a: Greninja|Hydro Pump|p1a: Sandshrew\n|-supereffective|p1a: Sandshrew\n|-enditem|p1a: Sandshrew|Focus Sash\n|-damage|p1a: Sandshrew|1\/100\n|move|p1a: Sandshrew|Leech Life|p2a: Greninja\n|-damage|p2a: Greninja|70\/100\n|-heal|p1a: Sandshrew|13\/100|[from] drain|[of] p2a: Greninja\n|\n|-weather|Sandstorm|[upkeep]\n|-damage|p2a: Greninja|64\/100|[from] Sandstorm\n|upkeep\n|turn|5\n|\n|t:|1699827946\n|move|p2a: Greninja|Water Shuriken|p1a: Sandshrew\n|-supereffective|p1a: Sandshrew\n|-damage|p1a: Sandshrew|0 fnt\n|faint|p1a: Sandshrew\n|-hitcount|p1: Sandshrew|1\n|\n|-weather|Sandstorm|[upkeep]\n|-damage|p2a: Greninja|58\/100|[from] Sandstorm\n|upkeep\n|\n|t:|1699827952\n|switch|p1a: Sandaconda|Sandaconda, M|100\/100\n|turn|6\n|\n|t:|1699827958\n|move|p2a: Greninja|Water Shuriken|p1a: Sandaconda\n|-supereffective|p1a: Sandaconda\n|-damage|p1a: Sandaconda|78\/100\n|-supereffective|p1a: Sandaconda\n|-damage|p1a: Sandaconda|57\/100\n|-supereffective|p1a: Sandaconda\n|-damage|p1a: Sandaconda|36\/100\n|-supereffective|p1a: Sandaconda\n|-damage|p1a: Sandaconda|14\/100\n|-hitcount|p1a: Sandaconda|4\n|move|p1a: Sandaconda|Body Press|p2a: Greninja\n|-damage|p2a: Greninja|21\/100\n|\n|-weather|Sandstorm|[upkeep]\n|-damage|p2a: Greninja|15\/100|[from] Sandstorm\n|-heal|p1a: Sandaconda|20\/100|[from] item: Leftovers\n|upkeep\n|turn|7\n|\n|t:|1699827976\n|move|p2a: Greninja|Dark Pulse|p1a: Sandaconda\n|-damage|p1a: Sandaconda|0 fnt\n|faint|p1a: Sandaconda\n|\n|-weather|none\n|upkeep\n|\n|t:|1699827980\n|switch|p1a: Hippowdon|Hippowdon, M, shiny|100\/100\n|-weather|Sandstorm|[from] ability: Sand Stream|[of] p1a: Hippowdon\n|turn|8\n|\n|t:|1699827991\n|move|p2a: Greninja|Hydro Pump|p1a: Hippowdon\n|-supereffective|p1a: Hippowdon\n|-damage|p1a: Hippowdon|0 fnt\n|faint|p1a: Hippowdon\n|\n|-weather|Sandstorm|[upkeep]\n|-damage|p2a: Greninja|9\/100|[from] Sandstorm\n|upkeep\n|\n|t:|1699827994\n|switch|p1a: Dugtrio|Dugtrio, F|100\/100\n|turn|9\n|c|\u2606BruhMyNameIsDylan|Dude\n|c|\u2606BruhMyNameIsDylan|How The hell this stupid thing is so fast\n|c|\u2606BruhMyNameIsDylan|God i hate greninja\n|\n|t:|1699828023\n|move|p2a: Greninja|Water Shuriken|p1a: Dugtrio\n|-supereffective|p1a: Dugtrio\n|-damage|p1a: Dugtrio|74\/100\n|-supereffective|p1a: Dugtrio\n|-damage|p1a: Dugtrio|51\/100\n|-supereffective|p1a: Dugtrio\n|-crit|p1a: Dugtrio\n|-damage|p1a: Dugtrio|17\/100\n|-hitcount|p1a: Dugtrio|3\n|move|p1a: Dugtrio|Tri Attack|p2a: Greninja\n|-damage|p2a: Greninja|0 fnt\n|faint|p2a: Greninja\n|\n|-weather|Sandstorm|[upkeep]\n|upkeep\n|\n|t:|1699828044\n|switch|p2a: Gengar|Gengar, F|100\/100\n|turn|10\n|\n|t:|1699828051\n|move|p1a: Dugtrio|Earthquake|p2a: Gengar\n|-supereffective|p2a: Gengar\n|-damage|p2a: Gengar|0 fnt\n|faint|p2a: Gengar\n|\n|-weather|Sandstorm|[upkeep]\n|upkeep\n|\n|t:|1699828059\n|switch|p2a: Ibai|Snorlax, F, shiny|100\/100\n|turn|11\n|\n|t:|1699828064\n|move|p1a: Dugtrio|Tri Attack|p2a: Ibai\n|-damage|p2a: Ibai|94\/100\n|-status|p2a: Ibai|brn\n|move|p2a: Ibai|Body Slam|p1a: Dugtrio\n|-damage|p1a: Dugtrio|0 fnt\n|faint|p1a: Dugtrio\n|\n|-weather|Sandstorm|[upkeep]\n|-damage|p2a: Ibai|88\/100 brn|[from] Sandstorm\n|-heal|p2a: Ibai|94\/100 brn|[from] item: Leftovers\n|-damage|p2a: Ibai|88\/100 brn|[from] brn\n|upkeep\n|\n|t:|1699828070\n|switch|p1a: Great Tusk|Great Tusk, shiny|100\/100\n|turn|12\n|\n|t:|1699828082\n|-terastallize|p2a: Ibai|Ghost\n|move|p1a: Great Tusk|Rapid Spin|p2a: Ibai\n|-immune|p2a: Ibai\n|move|p2a: Ibai|Body Slam|p1a: Great Tusk\n|-damage|p1a: Great Tusk|86\/100\n|\n|-weather|Sandstorm|[upkeep]\n|-damage|p2a: Ibai|82\/100 brn|[from] Sandstorm\n|-heal|p2a: Ibai|88\/100 brn|[from] item: Leftovers\n|-damage|p2a: Ibai|82\/100 brn|[from] brn\n|upkeep\n|turn|13\n|\n|t:|1699828100\n|switch|p2a: Pawmot|Pawmot, F|100\/100\n|-terastallize|p1a: Great Tusk|Steel\n|move|p1a: Great Tusk|Iron Head|p2a: Pawmot\n|-resisted|p2a: Pawmot\n|-damage|p2a: Pawmot|75\/100\n|\n|-weather|Sandstorm|[upkeep]\n|-damage|p2a: Pawmot|69\/100|[from] Sandstorm\n|-heal|p2a: Pawmot|75\/100|[from] item: Leftovers\n|upkeep\n|turn|14\n|c|\u2606SnorlaxMaBoi|Wanna see a magic trick?\n|inactive|SnorlaxMaBoi has 120 seconds left.\n|\n|t:|1699828133\n|move|p2a: Pawmot|Revival Blessing|p2a: Pawmot\n|\n|t:|1699828134\n|-heal|p2: Greninja|50\/100|[from] move: Revival Blessing\n|move|p1a: Great Tusk|Rapid Spin|p2a: Pawmot\n|-damage|p2a: Pawmot|52\/100\n|-boost|p1a: Great Tusk|spe|1\n|\n|-weather|Sandstorm|[upkeep]\n|-damage|p2a: Pawmot|46\/100|[from] Sandstorm\n|-heal|p2a: Pawmot|52\/100|[from] item: Leftovers\n|upkeep\n|turn|15\n|inactive|SnorlaxMaBoi has 120 seconds left.\n|\n|t:|1699828148\n|move|p1a: Great Tusk|Head Smash|p2a: Pawmot|[miss]\n|-miss|p1a: Great Tusk|p2a: Pawmot\n|move|p2a: Pawmot|Agility|p2a: Pawmot\n|-boost|p2a: Pawmot|spe|2\n|\n|-weather|none\n|-heal|p2a: Pawmot|58\/100|[from] item: Leftovers\n|upkeep\n|turn|16\n|inactive|SnorlaxMaBoi has 120 seconds left.\n|\n|t:|1699828160\n|move|p2a: Pawmot|Bulk Up|p2a: Pawmot\n|-boost|p2a: Pawmot|atk|1\n|-boost|p2a: Pawmot|def|1\n|move|p1a: Great Tusk|Rapid Spin|p2a: Pawmot\n|-damage|p2a: Pawmot|42\/100\n|-boost|p1a: Great Tusk|spe|1\n|\n|-heal|p2a: Pawmot|49\/100|[from] item: Leftovers\n|upkeep\n|turn|17\n|c|\u2606BruhMyNameIsDylan|I want to see you getting destroyed\n|inactive|SnorlaxMaBoi has 120 seconds left.\n|c|\u2606BruhMyNameIsDylan|And going to hell with your stupid greninja\n|c|\u2606BruhMyNameIsDylan|God\n|inactive|BruhMyNameIsDylan has 120 seconds left.\n|c|\u2606BruhMyNameIsDylan|How The hell this stupid frog outspeed my garchomp\n|\n|t:|1699828209\n|move|p2a: Pawmot|Baton Pass|p2a: Pawmot\n|inactive|SnorlaxMaBoi has 120 seconds left.\n|c|\u2606SnorlaxMaBoi|Water shuriken has +1 priority\n|\n|t:|1699828233\n|switch|p2a: Greninja|Greninja, M|50\/100|[from] Baton Pass\n|move|p1a: Great Tusk|Iron Head|p2a: Greninja\n|-resisted|p2a: Greninja\n|-damage|p2a: Greninja|28\/100\n|\n|upkeep\n|turn|18\n|c|\u2606BruhMyNameIsDylan|I am not talking about water shuriken\n|inactive|BruhMyNameIsDylan has 90 seconds left.\n|c|\u2606BruhMyNameIsDylan|Im talking about speed not a stupid move\n|\n|t:|1699828281\n|move|p2a: Greninja|Hydro Pump|p1a: Great Tusk|[miss]\n|-start|p2a: Greninja|typechange|Water|[from] ability: Protean\n|-miss|p2a: Greninja|p1a: Great Tusk\n|move|p1a: Great Tusk|Rapid Spin|p2a: Greninja\n|-damage|p2a: Greninja|9\/100\n|-boost|p1a: Great Tusk|spe|1\n|\n|upkeep\n|turn|19\n|\n|t:|1699828293\n|move|p2a: Greninja|Hydro Pump|p1a: Great Tusk\n|-damage|p1a: Great Tusk|0 fnt\n|faint|p1a: Great Tusk\n|-end|p1a: Great Tusk|Protosynthesis|[silent]\n|\n|win|SnorlaxMaBoi\n|raw|BruhMyNameIsDylan's rating: 1142 &rarr; <strong>1116<\/strong><br \/>(-26 for losing)\n|raw|SnorlaxMaBoi's rating: 1135 &rarr; <strong>1161<\/strong><br \/>(+26 for winning)\n","uploadtime":1699828180,"views":5,"p1id":"bruhmynameisdylan","p2id":"snorlaxmaboi","formatid":"gen9anythinggoes","rating":1116,"private":0,"password":""}