{"id":"gen9anythinggoes-1983990313","p1":"zutterman","p2":"6Roggenrolas","format":"[Gen 9] Anything Goes","log":"|j|\u2606zutterman\n|j|\u26066Roggenrolas\n|t:|1699207455\n|gametype|singles\n|player|p1|zutterman|hoopster|\n|player|p2|6Roggenrolas|blaine|\n|teamsize|p1|6\n|teamsize|p2|6\n|gen|9\n|tier|[Gen 9] Anything Goes\n|rule|HP Percentage Mod: HP is shown in percentages\n|rule|Endless Battle Clause: Forcing endless battles is banned\n|clearpoke\n|poke|p1|Cryogonal|\n|poke|p1|Baxcalibur, F|\n|poke|p1|Torterra, F|\n|poke|p1|Rotom-Wash|\n|poke|p1|Alomomola, F|\n|poke|p1|Hatterene, F|\n|poke|p2|Annihilape, F|\n|poke|p2|Samurott-Hisui, F|\n|poke|p2|Tsareena, F|\n|poke|p2|Munkidori, M|\n|poke|p2|Blissey, F|\n|poke|p2|Lycanroc, F|\n|teampreview\n|c|\u26066Roggenrolas|gl hf\n|j| Nathanore5450\n|c| Nathanore5450|YOOOOOOOOOOOOOOOOOOOOOOOO\n|c| Nathanore5450|GAME TIME\n|\n|t:|1699207516\n|start\n|switch|p1a: Zutter Machine|Rotom-Wash, shiny|100\/100\n|switch|p2a: Mr. Breathing|Samurott-Hisui, F|100\/100\n|turn|1\n|\n|t:|1699207558\n|move|p1a: Zutter Machine|Volt Switch|p2a: Mr. Breathing\n|-supereffective|p2a: Mr. Breathing\n|-damage|p2a: Mr. Breathing|6\/100\n|\n|t:|1699207563\n|switch|p1a: im in danger|Alomomola, F|100\/100|[from] Volt Switch\n|move|p2a: Mr. Breathing|Ceaseless Edge|p1a: im in danger\n|-damage|p1a: im in danger|70\/100\n|-sidestart|p1: zutterman|Spikes\n|\n|-heal|p1a: im in danger|76\/100|[from] item: Leftovers\n|upkeep\n|turn|2\n|j| Bigpappi6969\n|c| Nathanore5450|bigpappi in da house\n|\n|t:|1699207623\n|move|p2a: Mr. Breathing|Ceaseless Edge|p1a: im in danger\n|-damage|p1a: im in danger|45\/100\n|-sidestart|p1: zutterman|Spikes\n|move|p1a: im in danger|Flip Turn|p2a: Mr. Breathing\n|-resisted|p2a: Mr. Breathing\n|-damage|p2a: Mr. Breathing|0 fnt\n|faint|p2a: Mr. Breathing\n|\n|t:|1699207680\n|switch|p1a: Zutter Machine|Rotom-Wash, shiny|100\/100|[from] Flip Turn\n|\n|upkeep\n|\n|t:|1699207740\n|switch|p2a: God's Favorite|Tsareena, F|100\/100\n|turn|3\n|\n|t:|1699207753\n|move|p1a: Zutter Machine|Discharge|p2a: God's Favorite\n|-resisted|p2a: God's Favorite\n|-damage|p2a: God's Favorite|81\/100\n|-status|p2a: God's Favorite|par\n|-enditem|p2a: God's Favorite|Lum Berry|[eat]\n|-curestatus|p2a: God's Favorite|par|[msg]\n|move|p2a: God's Favorite|Power Whip|p1a: Zutter Machine|[miss]\n|-miss|p2a: God's Favorite|p1a: Zutter Machine\n|\n|upkeep\n|turn|4\n|c|\u26066Roggenrolas|g\n|n| Bigpappi6969|bigpappi6969\n|c| Bigpappi6969|Damn\n|c| Bigpappi6969|Crazy hax\n|\n|t:|1699207821\n|switch|p1a: Cry More|Cryogonal, shiny|100\/100\n|move|p2a: God's Favorite|High Jump Kick|p1a: Cry More\n|-supereffective|p1a: Cry More\n|-damage|p1a: Cry More|0 fnt\n|faint|p1a: Cry More\n|\n|upkeep\n|c| Bigpappi6969|;\n|\n|t:|1699207869\n|switch|p1a: GYATTERENE|Hatterene, F|100\/100\n|-damage|p1a: GYATTERENE|84\/100|[from] Spikes\n|turn|5\n|\n|t:|1699207883\n|move|p2a: God's Favorite|Power Whip|p1a: GYATTERENE\n|-damage|p1a: GYATTERENE|36\/100\n|move|p1a: GYATTERENE|Nuzzle|p2a: God's Favorite\n|-resisted|p2a: God's Favorite\n|-damage|p2a: God's Favorite|80\/100\n|-status|p2a: God's Favorite|par\n|\n|upkeep\n|turn|6\n|\n|t:|1699207977\n|switch|p1a: BaxCADEibur|Baxcalibur, F|100\/100\n|-damage|p1a: BaxCADEibur|84\/100|[from] Spikes\n|move|p2a: God's Favorite|U-turn|p1a: BaxCADEibur\n|-damage|p1a: BaxCADEibur|66\/100\n|j| Icywindrolex\n|\n|t:|1699208009\n|switch|p2a: Lycanroc|Lycanroc, F|100\/100|[from] U-turn\n|\n|upkeep\n|turn|7\n|c|\u26066Roggenrolas|i guess i didnt nickname this one\n|c| Icywindrolex|Im back, on a different account\n|l| Icywindrolex\n|j| Icywindrolex\n|c| Nathanore5450|bro got the rolly\n|c| Icywindrolex|Ofcourse Ofcourse\n|\n|t:|1699208072\n|-terastallize|p2a: Lycanroc|Rock\n|move|p2a: Lycanroc|Rock Slide|p1a: BaxCADEibur\n|-supereffective|p1a: BaxCADEibur\n|-damage|p1a: BaxCADEibur|0 fnt\n|faint|p1a: BaxCADEibur\n|\n|upkeep\n|\n|t:|1699208084\n|switch|p1a: im in danger|Alomomola, F|79\/100\n|-damage|p1a: im in danger|62\/100|[from] Spikes\n|turn|8\n|c| Icywindrolex|: |\n|j| MiniMan5450\n|n| MiniMan5450|miniman5450\n|\n|t:|1699208111\n|switch|p2a: Ape Stealer|Munkidori, M|100\/100\n|move|p1a: im in danger|Wish|p1a: im in danger\n|\n|-heal|p1a: im in danger|68\/100|[from] item: Leftovers\n|upkeep\n|turn|9\n|\n|t:|1699208130\n|switch|p1a: Zutter Machine|Rotom-Wash, shiny|100\/100\n|move|p2a: Ape Stealer|Substitute|p2a: Ape Stealer\n|-start|p2a: Ape Stealer|Substitute\n|-damage|p2a: Ape Stealer|76\/100\n|\n|-heal|p2a: Ape Stealer|82\/100|[from] item: Black Sludge\n|upkeep\n|turn|10\n|\n|t:|1699208138\n|move|p1a: Zutter Machine|Discharge|p2a: Ape Stealer\n|-crit|p2a: Ape Stealer\n|-end|p2a: Ape Stealer|Substitute\n|move|p2a: Ape Stealer|Sludge Bomb|p1a: Zutter Machine\n|-damage|p1a: Zutter Machine|32\/100\n|\n|-heal|p2a: Ape Stealer|88\/100|[from] item: Black Sludge\n|upkeep\n|turn|11\n|c| Icywindrolex|Is it joever?\n|c| Nathanore5450|chat is it joever?\n|c| MiniMan5450|Jowari da?\n|\n|t:|1699208159\n|switch|p2a: God's Favorite|Tsareena, F|80\/100 par\n|move|p1a: Zutter Machine|Discharge|p2a: God's Favorite\n|-resisted|p2a: God's Favorite\n|-damage|p2a: God's Favorite|61\/100 par\n|\n|upkeep\n|turn|12\n|\n|t:|1699208203\n|move|p1a: Zutter Machine|Discharge|p2a: God's Favorite\n|-resisted|p2a: God's Favorite\n|-damage|p2a: God's Favorite|41\/100 par\n|move|p2a: God's Favorite|U-turn|p1a: Zutter Machine\n|-damage|p1a: Zutter Machine|6\/100\n|\n|t:|1699208219\n|switch|p2a: 'v'|Blissey, F|100\/100|[from] U-turn\n|\n|upkeep\n|turn|13\n|\n|t:|1699208243\n|switch|p1a: Quinnurtle|Torterra, F|100\/100\n|-damage|p1a: Quinnurtle|84\/100|[from] Spikes\n|move|p2a: 'v'|Healing Wish|p2a: 'v'\n|faint|p2a: 'v'\n|\n|-heal|p1a: Quinnurtle|90\/100|[from] item: Leftovers\n|upkeep\n|\n|t:|1699208249\n|switch|p2a: God's Favorite|Tsareena, F|41\/100 par\n|-heal|p2a: God's Favorite|100\/100|[from] move: Healing Wish\n|turn|14\n|\n|t:|1699208327\n|-terastallize|p1a: Quinnurtle|Fire\n|move|p1a: Quinnurtle|Shell Smash|p1a: Quinnurtle\n|-unboost|p1a: Quinnurtle|def|1\n|-unboost|p1a: Quinnurtle|spd|1\n|-boost|p1a: Quinnurtle|atk|2\n|-boost|p1a: Quinnurtle|spa|2\n|-boost|p1a: Quinnurtle|spe|2\n|move|p2a: God's Favorite|Power Whip|p1a: Quinnurtle\n|-resisted|p1a: Quinnurtle\n|-damage|p1a: Quinnurtle|53\/100\n|\n|-heal|p1a: Quinnurtle|59\/100|[from] item: Leftovers\n|upkeep\n|turn|15\n|c| Icywindrolex|The reverse joever?\n|\n|t:|1699208411\n|move|p1a: Quinnurtle|Rock Slide|p2a: God's Favorite\n|-damage|p2a: God's Favorite|66\/100\n|move|p2a: God's Favorite|High Jump Kick|p1a: Quinnurtle\n|-damage|p1a: Quinnurtle|7\/100\n|\n|-heal|p1a: Quinnurtle|13\/100|[from] item: Leftovers\n|upkeep\n|turn|16\n|c| Icywindrolex|wut\n|\n|t:|1699208423\n|move|p1a: Quinnurtle|Headlong Rush|p2a: God's Favorite\n|-resisted|p2a: God's Favorite\n|-damage|p2a: God's Favorite|24\/100\n|-unboost|p1a: Quinnurtle|def|1\n|-unboost|p1a: Quinnurtle|spd|1\n|move|p2a: God's Favorite|U-turn|p1a: Quinnurtle\n|-resisted|p1a: Quinnurtle\n|-damage|p1a: Quinnurtle|0 fnt\n|faint|p1a: Quinnurtle\n|\n|t:|1699208470\n|switch|p2a: Lycanroc|Lycanroc, F, tera:Rock|100\/100|[from] U-turn\n|\n|upkeep\n|\n|t:|1699208482\n|switch|p1a: im in danger|Alomomola, F|100\/100\n|-damage|p1a: im in danger|84\/100|[from] Spikes\n|turn|17\n|\n|t:|1699208501\n|switch|p2a: Ape Stealer|Munkidori, M|88\/100\n|move|p1a: im in danger|Wish|p1a: im in danger\n|\n|-heal|p2a: Ape Stealer|94\/100|[from] item: Black Sludge\n|-heal|p1a: im in danger|90\/100|[from] item: Leftovers\n|upkeep\n|turn|18\n|\n|t:|1699208513\n|move|p2a: Ape Stealer|Substitute|p2a: Ape Stealer\n|-start|p2a: Ape Stealer|Substitute\n|-damage|p2a: Ape Stealer|69\/100\n|move|p1a: im in danger|Flip Turn|p2a: Ape Stealer\n|-activate|p2a: Ape Stealer|move: Substitute|[damage]\n|l| Bigpappi6969\n|l| Icywindrolex\n|\n|t:|1699208521\n|switch|p1a: Zutter Machine|Rotom-Wash, shiny|6\/100|[from] Flip Turn\n|\n|-heal|p1a: Zutter Machine|100\/100|[from] move: Wish|[wisher] im in danger\n|-heal|p2a: Ape Stealer|75\/100|[from] item: Black Sludge\n|upkeep\n|turn|19\n|\n|t:|1699208531\n|move|p1a: Zutter Machine|Discharge|p2a: Ape Stealer\n|-end|p2a: Ape Stealer|Substitute\n|move|p2a: Ape Stealer|Sludge Bomb|p1a: Zutter Machine\n|-damage|p1a: Zutter Machine|35\/100\n|-status|p1a: Zutter Machine|psn\n|\n|-heal|p2a: Ape Stealer|81\/100|[from] item: Black Sludge\n|-damage|p1a: Zutter Machine|23\/100 psn|[from] psn\n|upkeep\n|turn|20\n|\n|t:|1699208542\n|move|p1a: Zutter Machine|Discharge|p2a: Ape Stealer\n|-damage|p2a: Ape Stealer|44\/100\n|move|p2a: Ape Stealer|Sludge Bomb|p1a: Zutter Machine\n|-damage|p1a: Zutter Machine|0 fnt\n|faint|p1a: Zutter Machine\n|\n|-heal|p2a: Ape Stealer|50\/100|[from] item: Black Sludge\n|upkeep\n|\n|t:|1699208550\n|switch|p1a: im in danger|Alomomola, F|100\/100\n|-damage|p1a: im in danger|84\/100|[from] Spikes\n|turn|21\n|\n|t:|1699208557\n|move|p2a: Ape Stealer|Substitute|p2a: Ape Stealer\n|-start|p2a: Ape Stealer|Substitute\n|-damage|p2a: Ape Stealer|25\/100\n|move|p1a: im in danger|Scald|p2a: Ape Stealer\n|-activate|p2a: Ape Stealer|move: Substitute|[damage]\n|\n|-heal|p2a: Ape Stealer|31\/100|[from] item: Black Sludge\n|-heal|p1a: im in danger|90\/100|[from] item: Leftovers\n|upkeep\n|turn|22\n|\n|t:|1699208573\n|move|p2a: Ape Stealer|Sludge Bomb|p1a: im in danger\n|-damage|p1a: im in danger|55\/100\n|-status|p1a: im in danger|psn\n|move|p1a: im in danger|Scald|p2a: Ape Stealer\n|-end|p2a: Ape Stealer|Substitute\n|\n|-heal|p2a: Ape Stealer|37\/100|[from] item: Black Sludge\n|-heal|p1a: im in danger|61\/100 psn|[from] item: Leftovers\n|-damage|p1a: im in danger|48\/100 psn|[from] psn\n|upkeep\n|turn|23\n|\n|t:|1699208583\n|move|p2a: Ape Stealer|Substitute|p2a: Ape Stealer\n|-start|p2a: Ape Stealer|Substitute\n|-damage|p2a: Ape Stealer|13\/100\n|move|p1a: im in danger|Flip Turn|p2a: Ape Stealer\n|-activate|p2a: Ape Stealer|move: Substitute|[damage]\n|\n|t:|1699208588\n|switch|p1a: GYATTERENE|Hatterene, F|36\/100|[from] Flip Turn\n|-damage|p1a: GYATTERENE|20\/100|[from] Spikes\n|\n|-heal|p2a: Ape Stealer|19\/100|[from] item: Black Sludge\n|upkeep\n|turn|24\n|\n|t:|1699208594\n|move|p2a: Ape Stealer|Sludge Bomb|p1a: GYATTERENE\n|-supereffective|p1a: GYATTERENE\n|-damage|p1a: GYATTERENE|0 fnt\n|faint|p1a: GYATTERENE\n|\n|-heal|p2a: Ape Stealer|25\/100|[from] item: Black Sludge\n|upkeep\n|\n|t:|1699208600\n|switch|p1a: im in danger|Alomomola, F|82\/100 psn\n|-damage|p1a: im in danger|65\/100 psn|[from] Spikes\n|turn|25\n|\n|t:|1699208605\n|move|p2a: Ape Stealer|Psychic|p1a: im in danger\n|-damage|p1a: im in danger|30\/100 psn\n|move|p1a: im in danger|Scald|p2a: Ape Stealer\n|-end|p2a: Ape Stealer|Substitute\n|\n|-heal|p2a: Ape Stealer|31\/100|[from] item: Black Sludge\n|-heal|p1a: im in danger|36\/100 psn|[from] item: Leftovers\n|-damage|p1a: im in danger|24\/100 psn|[from] psn\n|upkeep\n|turn|26\n|\n|t:|1699208626\n|move|p2a: Ape Stealer|Psychic|p1a: im in danger\n|-damage|p1a: im in danger|0 fnt\n|faint|p1a: im in danger\n|\n|win|6Roggenrolas\n|c|\u26066Roggenrolas|gg\n|j| Icywindrolex\n|l|\u2606zutterman\n|l| MiniMan5450\n|l| Icywindrolex\n","uploadtime":1699208640,"views":7,"p1id":"zutterman","p2id":"6roggenrolas","formatid":"gen9anythinggoes","rating":0,"private":0,"password":""}