{"id":"gen9anythinggoes-1977828670","p1":"StellarMudkip","p2":"Blade Z Knights","format":"[Gen 9] Anything Goes","log":"|j|\u2606StellarMudkip\n|j|\u2606Blade Z Knights\n|t:|1698454646\n|gametype|singles\n|player|p1|StellarMudkip|roark|1107\n|player|p2|Blade Z Knights|giovanni|1170\n|teamsize|p1|6\n|teamsize|p2|6\n|gen|9\n|tier|[Gen 9] Anything Goes\n|rated|\n|rule|HP Percentage Mod: HP is shown in percentages\n|rule|Endless Battle Clause: Forcing endless battles is banned\n|clearpoke\n|poke|p1|Electrode|\n|poke|p1|Electrode|\n|poke|p1|Electrode|\n|poke|p1|Electrode|\n|poke|p1|Electrode|\n|poke|p1|Kingambit, M|\n|poke|p2|Polteageist-Antique|\n|poke|p2|Indeedee-F, F|\n|poke|p2|Torterra, M|\n|poke|p2|Glimmora, F|\n|poke|p2|Iron Valiant|\n|poke|p2|Orthworm, M|\n|teampreview\n|inactive|Battle timer is ON: inactive players will automatically lose when time's up. (requested by Blade Z Knights)\n|\n|t:|1698454668\n|start\n|switch|p1a: Kamikazi|Electrode, shiny|100\/100\n|switch|p2a: Glimmora|Glimmora, F|100\/100\n|turn|1\n|\n|t:|1698454679\n|move|p1a: Kamikazi|Explosion|p2a: Glimmora\n|-resisted|p2a: Glimmora\n|-damage|p2a: Glimmora|65\/100\n|faint|p1a: Kamikazi\n|move|p2a: Glimmora|Stealth Rock|p1: Kamikazi\n|-sidestart|p1: StellarMudkip|move: Stealth Rock\n|\n|upkeep\n|\n|t:|1698454684\n|switch|p1a: Kamikazi|Electrode, shiny|100\/100\n|-damage|p1a: Kamikazi|88\/100|[from] Stealth Rock\n|turn|2\n|\n|t:|1698454690\n|move|p1a: Kamikazi|Explosion|p2a: Glimmora\n|-resisted|p2a: Glimmora\n|-damage|p2a: Glimmora|24\/100\n|faint|p1a: Kamikazi\n|move|p2a: Glimmora|Earth Power|p1: Kamikazi|[notarget]\n|-fail|p2a: Glimmora\n|\n|upkeep\n|\n|t:|1698454695\n|switch|p1a: Kamikazi|Electrode, shiny|100\/100\n|-damage|p1a: Kamikazi|88\/100|[from] Stealth Rock\n|turn|3\n|\n|t:|1698454717\n|move|p1a: Kamikazi|Taunt|p2a: Glimmora\n|-start|p2a: Glimmora|move: Taunt\n|move|p2a: Glimmora|Sludge Wave|p1a: Kamikazi\n|-damage|p1a: Kamikazi|16\/100\n|\n|upkeep\n|turn|4\n|\n|t:|1698454724\n|move|p1a: Kamikazi|Explosion|p2a: Glimmora\n|-resisted|p2a: Glimmora\n|-damage|p2a: Glimmora|0 fnt\n|faint|p1a: Kamikazi\n|faint|p2a: Glimmora\n|\n|upkeep\n|\n|t:|1698454731\n|switch|p1a: Kamikazi|Electrode, shiny|100\/100\n|switch|p2a: Orthworm|Orthworm, M|100\/100\n|-damage|p1a: Kamikazi|88\/100|[from] Stealth Rock\n|turn|5\n|\n|t:|1698454741\n|move|p1a: Kamikazi|Explosion|p2a: Orthworm\n|-resisted|p2a: Orthworm\n|-damage|p2a: Orthworm|84\/100\n|faint|p1a: Kamikazi\n|move|p2a: Orthworm|Shed Tail|p2a: Orthworm\n|-start|p2a: Orthworm|Substitute|[from] move: Shed Tail\n|-damage|p2a: Orthworm|34\/100\n|-enditem|p2a: Orthworm|Sitrus Berry|[eat]\n|-heal|p2a: Orthworm|59\/100|[from] item: Sitrus Berry\n|inactive|Blade Z Knights has 120 seconds left.\n|\n|t:|1698454775\n|switch|p2a: Indeedee|Indeedee-F, F|100\/100|[from] Shed Tail\n|-fieldstart|move: Psychic Terrain|[from] ability: Psychic Surge|[of] p2a: Indeedee\n|\n|upkeep\n|\n|t:|1698454780\n|switch|p1a: Kamikazi|Electrode, shiny|100\/100\n|-damage|p1a: Kamikazi|88\/100|[from] Stealth Rock\n|turn|6\n|\n|t:|1698454785\n|move|p1a: Kamikazi|Taunt|p2a: Indeedee\n|-start|p2a: Indeedee|move: Taunt\n|cant|p2a: Indeedee|move: Taunt|Reflect\n|\n|upkeep\n|turn|7\n|\n|t:|1698454792\n|move|p2a: Indeedee|Fake Out||[still]\n|-hint|Fake Out only works on your first turn out.\n|-fail|p2a: Indeedee\n|move|p1a: Kamikazi|Foul Play|p2a: Indeedee\n|-supereffective|p2a: Indeedee\n|-end|p2a: Indeedee|Substitute\n|\n|upkeep\n|turn|8\n|\n|t:|1698454802\n|move|p2a: Indeedee|Fake Out||[still]\n|-hint|Fake Out only works on your first turn out.\n|-fail|p2a: Indeedee\n|move|p1a: Kamikazi|Foul Play|p2a: Indeedee\n|-supereffective|p2a: Indeedee\n|-damage|p2a: Indeedee|63\/100\n|\n|-end|p2a: Indeedee|move: Taunt\n|upkeep\n|turn|9\n|\n|t:|1698454811\n|move|p1a: Kamikazi|Taunt|p2a: Indeedee\n|-start|p2a: Indeedee|move: Taunt\n|cant|p2a: Indeedee|move: Taunt|Healing Wish\n|\n|upkeep\n|turn|10\n|\n|t:|1698454819\n|switch|p2a: Orthworm|Orthworm, M|59\/100\n|move|p1a: Kamikazi|Foul Play|p2a: Orthworm\n|-damage|p2a: Orthworm|48\/100\n|\n|upkeep\n|turn|11\n|\n|t:|1698454829\n|move|p1a: Kamikazi|Taunt|p2a: Orthworm\n|-start|p2a: Orthworm|move: Taunt\n|move|p2a: Orthworm|Body Press|p1a: Kamikazi\n|-damage|p1a: Kamikazi|29\/100\n|\n|upkeep\n|turn|12\n|\n|t:|1698454836\n|move|p1a: Kamikazi|Explosion|p2a: Orthworm\n|-resisted|p2a: Orthworm\n|-damage|p2a: Orthworm|30\/100\n|faint|p1a: Kamikazi\n|move|p2a: Orthworm|Body Press|p1: Kamikazi|[notarget]\n|-fail|p2a: Orthworm\n|\n|-fieldend|move: Psychic Terrain\n|upkeep\n|\n|t:|1698454843\n|switch|p1a: Kingambit|Kingambit, M|100\/100\n|-damage|p1a: Kingambit|94\/100|[from] Stealth Rock\n|-activate|p1a: Kingambit|ability: Supreme Overlord\n|-start|p1a: Kingambit|fallen5|[silent]\n|turn|13\n|\n|t:|1698454850\n|-terastallize|p1a: Kingambit|Electric\n|move|p1a: Kingambit|Sucker Punch|p2a: Orthworm\n|-damage|p2a: Orthworm|0 fnt\n|faint|p2a: Orthworm\n|\n|upkeep\n|\n|t:|1698454857\n|switch|p2a: Indeedee|Indeedee-F, F|63\/100\n|-fieldstart|move: Psychic Terrain|[from] ability: Psychic Surge|[of] p2a: Indeedee\n|turn|14\n|\n|t:|1698454862\n|move|p2a: Indeedee|Healing Wish|p2a: Indeedee\n|faint|p2a: Indeedee\n|move|p1a: Kingambit|Kowtow Cleave|p2: Indeedee|[notarget]\n|-fail|p1a: Kingambit\n|\n|upkeep\n|\n|t:|1698454873\n|switch|p2a: Torterra|Torterra, M, shiny|100\/100\n|turn|15\n|\n|t:|1698454878\n|move|p2a: Torterra|Shell Smash|p2a: Torterra\n|-unboost|p2a: Torterra|def|1\n|-unboost|p2a: Torterra|spd|1\n|-boost|p2a: Torterra|atk|2\n|-boost|p2a: Torterra|spa|2\n|-boost|p2a: Torterra|spe|2\n|-enditem|p2a: Torterra|White Herb\n|-clearnegativeboost|p2a: Torterra|[silent]\n|move|p1a: Kingambit|Kowtow Cleave|p2a: Torterra\n|-damage|p2a: Torterra|26\/100\n|\n|upkeep\n|turn|16\n|\n|t:|1698454889\n|move|p1a: Kingambit|Sucker Punch|p2a: Torterra\n|-activate|p2a: Torterra|move: Psychic Terrain\n|move|p2a: Torterra|Headlong Rush|p1a: Kingambit\n|-supereffective|p1a: Kingambit\n|-damage|p1a: Kingambit|0 fnt\n|-unboost|p2a: Torterra|def|1\n|-unboost|p2a: Torterra|spd|1\n|faint|p1a: Kingambit\n|-end|p1a: Kingambit|fallen5|[silent]\n|\n|win|Blade Z Knights\n|raw|StellarMudkip's rating: 1107 &rarr; <strong>1086<\/strong><br \/>(-21 for losing)\n|raw|Blade Z Knights's rating: 1170 &rarr; <strong>1191<\/strong><br \/>(+21 for winning)\n|c|\u2606Blade Z Knights|Gg\n|c|\u2606StellarMudkip|gg\n|c|\u2606Blade Z Knights|Had a feeling that what you was aiming for\n|c|\u2606StellarMudkip|yeah i have dark moves to deal with ghost types\n|c|\u2606Blade Z Knights|But didn't expect my mon to survive\n|c|\u2606StellarMudkip|me too nice job\n|c|\u2606StellarMudkip|i gtg have a good day\n|l|\u2606StellarMudkip\n|c|\u2606Blade Z Knights|Same\n","uploadtime":1698454928,"views":9,"p1id":"stellarmudkip","p2id":"bladezknights","formatid":"gen9anythinggoes","rating":1086,"private":0,"password":""}