{"id":"gen9anythinggoes-1995766802","p1":"sonoco123","p2":"Calim_TBS","format":"[Gen 9] Anything Goes","log":"|j|\u2606sonoco123\n|j|\u2606Calim_TBS\n|t:|1700601188\n|gametype|singles\n|player|p1|sonoco123|steven|1120\n|player|p2|Calim_TBS|red|1171\n|teamsize|p1|6\n|teamsize|p2|6\n|gen|9\n|tier|[Gen 9] Anything Goes\n|rated|\n|rule|HP Percentage Mod: HP is shown in percentages\n|rule|Endless Battle Clause: Forcing endless battles is banned\n|clearpoke\n|poke|p1|Skeledirge, F|\n|poke|p1|Grimmsnarl, M|\n|poke|p1|Corviknight, F|\n|poke|p1|Garchomp, F|\n|poke|p1|Polteageist-Antique|\n|poke|p1|Golem-Alola, M|\n|poke|p2|Chien-Pao|\n|poke|p2|Sneasler, M|\n|poke|p2|Ogerpon-Hearthflame, F|\n|poke|p2|Gardevoir, F|\n|poke|p2|Dondozo, F|\n|poke|p2|Gliscor, M|\n|teampreview\n|\n|t:|1700601224\n|start\n|switch|p1a: Golem|Golem-Alola, M|100\/100\n|switch|p2a: Sneasler|Sneasler, M, shiny|100\/100\n|-ability|p2a: Sneasler|Pressure\n|-item|p1a: Golem|Air Balloon\n|turn|1\n|inactive|Battle timer is ON: inactive players will automatically lose when time's up. (requested by sonoco123)\n|\n|t:|1700601236\n|move|p2a: Sneasler|Close Combat|p1a: Golem\n|-supereffective|p1a: Golem\n|-damage|p1a: Golem|11\/100\n|-unboost|p2a: Sneasler|def|1\n|-unboost|p2a: Sneasler|spd|1\n|-enditem|p1a: Golem|Air Balloon\n|move|p1a: Golem|Rock Polish|p1a: Golem\n|-boost|p1a: Golem|spe|2\n|\n|upkeep\n|turn|2\n|\n|t:|1700601247\n|move|p2a: Sneasler|Close Combat|p1a: Golem\n|-supereffective|p1a: Golem\n|-damage|p1a: Golem|0 fnt\n|-unboost|p2a: Sneasler|def|1\n|-unboost|p2a: Sneasler|spd|1\n|faint|p1a: Golem\n|\n|upkeep\n|\n|t:|1700601259\n|switch|p1a: Grimmsnarl|Grimmsnarl, M|100\/100\n|turn|3\n|\n|t:|1700601264\n|-terastallize|p2a: Sneasler|Flying\n|move|p1a: Grimmsnarl|Reflect|p1a: Grimmsnarl\n|-sidestart|p1: sonoco123|Reflect\n|move|p2a: Sneasler|Acrobatics|p1a: Grimmsnarl\n|-damage|p1a: Grimmsnarl|64\/100\n|\n|upkeep\n|turn|4\n|\n|t:|1700601273\n|move|p2a: Sneasler|Dire Claw|p1a: Grimmsnarl\n|-supereffective|p1a: Grimmsnarl\n|-damage|p1a: Grimmsnarl|15\/100\n|-status|p1a: Grimmsnarl|par\n|move|p1a: Grimmsnarl|Spirit Break|p2a: Sneasler\n|-damage|p2a: Sneasler|0 fnt\n|faint|p2a: Sneasler\n|\n|upkeep\n|\n|t:|1700601283\n|switch|p2a: Chien-Pao|Chien-Pao|100\/100\n|-ability|p2a: Chien-Pao|Sword of Ruin\n|turn|5\n|\n|t:|1700601291\n|cant|p1a: Grimmsnarl|par\n|move|p2a: Chien-Pao|Ice Spinner|p1a: Grimmsnarl\n|-damage|p1a: Grimmsnarl|0 fnt\n|faint|p1a: Grimmsnarl\n|\n|upkeep\n|\n|t:|1700601298\n|switch|p1a: Skeledirge|Skeledirge, F|100\/100\n|turn|6\n|\n|t:|1700601309\n|move|p2a: Chien-Pao|Sheer Cold|p1a: Skeledirge\n|-damage|p1a: Skeledirge|0 fnt\n|faint|p1a: Skeledirge\n|-ohko\n|\n|upkeep\n|n|!sonoco123|sonoco123\n|\n|t:|1700601323\n|switch|p1a: Corviknight|Corviknight, F|100\/100\n|turn|7\n|\n|t:|1700601328\n|move|p2a: Chien-Pao|Sheer Cold|p1a: Corviknight\n|-damage|p1a: Corviknight|0 fnt\n|faint|p1a: Corviknight\n|-ohko\n|\n|upkeep\n|-message|sonoco123 forfeited.\n|\n|win|Calim_TBS\n|raw|sonoco123's rating: 1120 &rarr; <strong>1099<\/strong><br \/>(-21 for losing)\n|raw|Calim_TBS's rating: 1171 &rarr; <strong>1192<\/strong><br \/>(+21 for winning)\n|l|!sonoco123\n","uploadtime":1700601316,"views":0,"p1id":"sonoco123","p2id":"calimtbs","formatid":"gen9anythinggoes","rating":1099,"private":0,"password":""}