{"id":"gen9anythinggoes-1973941104","p1":"ShenF","p2":"RealVoidex","format":"[Gen 9] Anything Goes","log":"|j|\u2606ShenF\n|j|\u2606RealVoidex\n|t:|1698030736\n|gametype|singles\n|player|p1|ShenF|169|1012\n|player|p2|RealVoidex|lucas|1041\n|teamsize|p1|6\n|teamsize|p2|6\n|gen|9\n|tier|[Gen 9] Anything Goes\n|rated|\n|rule|HP Percentage Mod: HP is shown in percentages\n|rule|Endless Battle Clause: Forcing endless battles is banned\n|clearpoke\n|poke|p1|Drifloon, F|\n|poke|p1|Chandelure, F|\n|poke|p1|Rotom-Frost|\n|poke|p1|Azumarill, M|\n|poke|p1|Crawdaunt, F|\n|poke|p1|Eelektross, M|\n|poke|p2|Glimmora, M|\n|poke|p2|Grafaiai, M|\n|poke|p2|Miraidon|\n|poke|p2|Dudunsparce-*, F|\n|poke|p2|Cyclizar, F|\n|poke|p2|Klawf, F|\n|teampreview\n|\n|t:|1698030746\n|start\n|switch|p1a: Drifloon|Drifloon, F|100\/100\n|switch|p2a: Glimmora|Glimmora, M|100\/100\n|turn|1\n|j| phul jhadee\n|c| phul jhadee|glhf\n|\n|t:|1698030760\n|move|p2a: Glimmora|Stealth Rock|p1a: Drifloon\n|-sidestart|p1: ShenF|move: Stealth Rock\n|move|p1a: Drifloon|Substitute|p1a: Drifloon\n|-start|p1a: Drifloon|Substitute\n|-damage|p1a: Drifloon|76\/100\n|\n|-heal|p1a: Drifloon|82\/100|[from] item: Leftovers\n|upkeep\n|turn|2\n|c| phul jhadee|i thought that drifloon is eviolite\n|c|\u2606RealVoidex|lol\n|\n|t:|1698030792\n|move|p2a: Glimmora|Mortal Spin|p1a: Drifloon\n|-resisted|p1a: Drifloon\n|-activate|p1a: Drifloon|move: Substitute|[damage]\n|move|p1a: Drifloon|Minimize|p1a: Drifloon\n|-boost|p1a: Drifloon|evasion|2\n|\n|-heal|p1a: Drifloon|88\/100|[from] item: Leftovers\n|upkeep\n|turn|3\n|c|\u2606ShenF|im dont know to play\n|c|\u2606RealVoidex|same\n|c| phul jhadee|either use a drifblim or use eviolite drifloon\n|c|\u2606ShenF|just using a random strategy i saw last match\n|\n|t:|1698030831\n|move|p2a: Glimmora|Memento||[still]\n|-fail|p2a: Glimmora\n|move|p1a: Drifloon|Minimize|p1a: Drifloon\n|-boost|p1a: Drifloon|evasion|2\n|\n|-heal|p1a: Drifloon|94\/100|[from] item: Leftovers\n|upkeep\n|turn|4\n|\n|t:|1698030840\n|move|p2a: Glimmora|Dazzling Gleam|p1a: Drifloon|[miss]\n|-miss|p2a: Glimmora|p1a: Drifloon\n|move|p1a: Drifloon|Minimize|p1a: Drifloon\n|-boost|p1a: Drifloon|evasion|2\n|\n|-heal|p1a: Drifloon|99\/100|[from] item: Leftovers\n|upkeep\n|turn|5\n|\n|t:|1698030849\n|move|p2a: Glimmora|Memento||[still]\n|-fail|p2a: Glimmora\n|move|p1a: Drifloon|Baton Pass|p1a: Drifloon\n|\n|t:|1698030854\n|switch|p1a: Bola|Azumarill, M, shiny|100\/100|[from] Baton Pass\n|-damage|p1a: Bola|88\/100|[from] Stealth Rock\n|\n|-status|p1a: Bola|brn|[from] item: Flame Orb\n|upkeep\n|turn|6\n|\n|t:|1698030863\n|move|p2a: Glimmora|Mortal Spin|p1a: Bola\n|-supereffective|p1a: Bola\n|-activate|p1a: Bola|move: Substitute|[damage]\n|move|p1a: Bola|Liquidation|p2a: Glimmora\n|-supereffective|p2a: Glimmora\n|-damage|p2a: Glimmora|44\/100\n|-activate|p2a: Glimmora|ability: Toxic Debris\n|-sidestart|p1: ShenF|move: Toxic Spikes\n|\n|-damage|p1a: Bola|82\/100 brn|[from] brn\n|upkeep\n|turn|7\n|c| phul jhadee|why burn?\n|c| phul jhadee|it does not have guts not facade\n|c|\u2606ShenF|ability from drifloon\n|\n|t:|1698030898\n|move|p2a: Glimmora|Mortal Spin|p1a: Bola|[miss]\n|-miss|p2a: Glimmora|p1a: Bola\n|move|p1a: Bola|Liquidation|p2a: Glimmora\n|-supereffective|p2a: Glimmora\n|-damage|p2a: Glimmora|0 fnt\n|-activate|p2a: Glimmora|ability: Toxic Debris\n|-sidestart|p1: ShenF|move: Toxic Spikes\n|faint|p2a: Glimmora\n|\n|-damage|p1a: Bola|76\/100 brn|[from] brn\n|upkeep\n|c|\u2606ShenF|i think come with baton pass\n|c| phul jhadee|flare boost?\n|c|\u2606ShenF|yes\n|c| phul jhadee|no it does not come with baton pass\n|c|\u2606RealVoidex|what should i do idk\n|c|\u2606ShenF|oh...\n|\n|t:|1698030949\n|switch|p2a: Miraidon|Miraidon|100\/100\n|-fieldstart|move: Electric Terrain|[from] ability: Hadron Engine|[of] p2a: Miraidon\n|turn|8\n|c|\u2606ShenF|so im just burning for nothing\n|\n|t:|1698030967\n|move|p2a: Miraidon|Electro Drift|p1a: Bola|[miss]\n|-miss|p2a: Miraidon|p1a: Bola\n|move|p1a: Bola|Dig||[still]\n|-prepare|p1a: Bola|Dig\n|\n|-damage|p1a: Bola|70\/100 brn|[from] brn\n|upkeep\n|turn|9\n|c| phul jhadee|even the abilities swapped in battle with skill swap will get returned to normal when switched the pokemon\n|\n|t:|1698030982\n|move|p2a: Miraidon|U-turn|p1a: Bola|[miss]\n|-miss|p2a: Miraidon|p1a: Bola\n|move|p1a: Bola|Dig|p2a: Miraidon|[from]lockedmove\n|-supereffective|p2a: Miraidon\n|-damage|p2a: Miraidon|64\/100\n|\n|-damage|p1a: Bola|63\/100 brn|[from] brn\n|upkeep\n|turn|10\n|\n|t:|1698031009\n|-terastallize|p1a: Bola|Electric\n|move|p2a: Miraidon|Draco Meteor|p1a: Bola|[miss]\n|-miss|p2a: Miraidon|p1a: Bola\n|move|p1a: Bola|Body Slam|p2a: Miraidon\n|-damage|p2a: Miraidon|46\/100\n|\n|-damage|p1a: Bola|57\/100 brn|[from] brn\n|upkeep\n|turn|11\n|c|\u2606ShenF|0.5 from burning...\n|c| phul jhadee|yes\n|c| phul jhadee|why choose electric tera type?\n|\n|t:|1698031063\n|switch|p2a: Dudunsparce|Dudunsparce, F|100\/100\n|-enditem|p2a: Dudunsparce|Electric Seed\n|-boost|p2a: Dudunsparce|def|1|[from] item: Electric Seed\n|move|p1a: Bola|Draining Kiss|p2a: Dudunsparce\n|-damage|p2a: Dudunsparce|89\/100\n|-heal|p1a: Bola|67\/100 brn|[from] drain|[of] p2a: Dudunsparce\n|\n|-damage|p1a: Bola|61\/100 brn|[from] brn\n|upkeep\n|turn|12\n|c|\u2606ShenF|idk\n|c|\u2606ShenF|i just like eletric\n|c| phul jhadee|i would go poison tera type with azumarill\n|\n|t:|1698031076\n|move|p2a: Dudunsparce|Boomburst|p1a: Bola\n|-damage|p1a: Bola|17\/100 brn\n|move|p1a: Bola|Liquidation|p2a: Dudunsparce\n|-damage|p2a: Dudunsparce|78\/100\n|\n|-damage|p1a: Bola|11\/100 brn|[from] brn\n|-fieldend|move: Electric Terrain\n|upkeep\n|turn|13\n|c|\u2606ShenF|why\n|\n|t:|1698031084\n|move|p2a: Dudunsparce|Boomburst|p1a: Bola|[miss]\n|-miss|p2a: Dudunsparce|p1a: Bola\n|move|p1a: Bola|Liquidation|p2a: Dudunsparce\n|-damage|p2a: Dudunsparce|67\/100\n|\n|-damage|p1a: Bola|4\/100 brn|[from] brn\n|upkeep\n|turn|14\n|\n|t:|1698031097\n|move|p2a: Dudunsparce|Boomburst|p1a: Bola|[miss]\n|-miss|p2a: Dudunsparce|p1a: Bola\n|move|p1a: Bola|Draining Kiss|p2a: Dudunsparce\n|-damage|p2a: Dudunsparce|56\/100\n|-heal|p1a: Bola|14\/100 brn|[from] drain|[of] p2a: Dudunsparce\n|\n|-damage|p1a: Bola|7\/100 brn|[from] brn\n|upkeep\n|turn|15\n|c| phul jhadee|it will resist super effective poison and grass moves\n|\n|t:|1698031106\n|move|p2a: Dudunsparce|Roost|p2a: Dudunsparce\n|-heal|p2a: Dudunsparce|100\/100\n|-singleturn|p2a: Dudunsparce|move: Roost\n|move|p1a: Bola|Draining Kiss|p2a: Dudunsparce\n|-damage|p2a: Dudunsparce|89\/100\n|-heal|p1a: Bola|17\/100 brn|[from] drain|[of] p2a: Dudunsparce\n|\n|-damage|p1a: Bola|11\/100 brn|[from] brn\n|upkeep\n|turn|16\n|c| phul jhadee|understood?\n|\n|t:|1698031117\n|move|p2a: Dudunsparce|Calm Mind|p2a: Dudunsparce\n|-boost|p2a: Dudunsparce|spa|1\n|-boost|p2a: Dudunsparce|spd|1\n|move|p1a: Bola|Draining Kiss|p2a: Dudunsparce\n|-damage|p2a: Dudunsparce|82\/100\n|-heal|p1a: Bola|16\/100 brn|[from] drain|[of] p2a: Dudunsparce\n|\n|-damage|p1a: Bola|10\/100 brn|[from] brn\n|upkeep\n|turn|17\n|c|\u2606ShenF|yeas\n|\n|t:|1698031131\n|switch|p1a: Boketero|Eelektross, M|100\/100\n|-damage|p1a: Boketero|88\/100|[from] Stealth Rock\n|move|p2a: Dudunsparce|Boomburst|p1a: Boketero\n|-damage|p1a: Boketero|24\/100\n|\n|-heal|p1a: Boketero|30\/100|[from] item: Leftovers\n|upkeep\n|turn|18\n|\n|t:|1698031146\n|move|p2a: Dudunsparce|Boomburst|p1a: Boketero\n|-damage|p1a: Boketero|0 fnt\n|faint|p1a: Boketero\n|\n|upkeep\n|\n|t:|1698031158\n|switch|p1a: Eletro lux|Rotom-Frost|100\/100\n|-damage|p1a: Eletro lux|76\/100|[from] Stealth Rock\n|turn|19\n|inactive|Battle timer is ON: inactive players will automatically lose when time's up. (requested by RealVoidex)\n|\n|t:|1698031172\n|move|p1a: Eletro lux|Thunderbolt|p2a: Dudunsparce\n|-damage|p2a: Dudunsparce|62\/100\n|move|p2a: Dudunsparce|Earth Power|p1a: Eletro lux\n|-immune|p1a: Eletro lux|[from] ability: Levitate\n|\n|-heal|p1a: Eletro lux|82\/100|[from] item: Leftovers\n|upkeep\n|turn|20\n|\n|t:|1698031181\n|move|p1a: Eletro lux|Will-O-Wisp|p2a: Dudunsparce\n|-status|p2a: Dudunsparce|brn\n|move|p2a: Dudunsparce|Roost|p2a: Dudunsparce\n|-heal|p2a: Dudunsparce|100\/100 brn\n|-singleturn|p2a: Dudunsparce|move: Roost\n|\n|-heal|p1a: Eletro lux|88\/100|[from] item: Leftovers\n|-damage|p2a: Dudunsparce|94\/100 brn|[from] brn\n|upkeep\n|turn|21\n|c| phul jhadee|u forgot about levitate\n|\n|t:|1698031192\n|move|p1a: Eletro lux|Thunderbolt|p2a: Dudunsparce\n|-damage|p2a: Dudunsparce|74\/100 brn\n|move|p2a: Dudunsparce|Boomburst|p1a: Eletro lux\n|-damage|p1a: Eletro lux|36\/100\n|\n|-heal|p1a: Eletro lux|42\/100|[from] item: Leftovers\n|-damage|p2a: Dudunsparce|68\/100 brn|[from] brn\n|upkeep\n|turn|22\n|\n|t:|1698031200\n|move|p1a: Eletro lux|Thunderbolt|p2a: Dudunsparce\n|-damage|p2a: Dudunsparce|49\/100 brn\n|move|p2a: Dudunsparce|Boomburst|p1a: Eletro lux\n|-damage|p1a: Eletro lux|0 fnt\n|faint|p1a: Eletro lux\n|\n|-damage|p2a: Dudunsparce|43\/100 brn|[from] brn\n|upkeep\n|\n|t:|1698031212\n|switch|p1a: Siriguejo|Crawdaunt, F|100\/100\n|-damage|p1a: Siriguejo|88\/100|[from] Stealth Rock\n|-status|p1a: Siriguejo|tox\n|turn|23\n|\n|t:|1698031223\n|move|p1a: Siriguejo|Knock Off|p2a: Dudunsparce\n|-damage|p2a: Dudunsparce|19\/100 brn\n|move|p2a: Dudunsparce|Roost|p2a: Dudunsparce\n|-heal|p2a: Dudunsparce|69\/100 brn\n|-singleturn|p2a: Dudunsparce|move: Roost\n|\n|-damage|p1a: Siriguejo|82\/100 tox|[from] psn\n|-damage|p2a: Dudunsparce|63\/100 brn|[from] brn\n|upkeep\n|turn|24\n|\n|t:|1698031243\n|move|p2a: Dudunsparce|Boomburst|p1a: Siriguejo\n|-crit|p1a: Siriguejo\n|-damage|p1a: Siriguejo|0 fnt\n|faint|p1a: Siriguejo\n|\n|-damage|p2a: Dudunsparce|57\/100 brn|[from] brn\n|upkeep\n|\n|t:|1698031249\n|switch|p1a: Lustre|Chandelure, F, shiny|100\/100\n|-damage|p1a: Lustre|76\/100|[from] Stealth Rock\n|-status|p1a: Lustre|tox\n|turn|25\n|\n|t:|1698031259\n|move|p1a: Lustre|Shadow Ball|p2a: Dudunsparce\n|-immune|p2a: Dudunsparce\n|move|p2a: Dudunsparce|Roost|p2a: Dudunsparce\n|-heal|p2a: Dudunsparce|100\/100 brn\n|-singleturn|p2a: Dudunsparce|move: Roost\n|\n|-heal|p1a: Lustre|82\/100 tox|[from] item: Leftovers\n|-damage|p1a: Lustre|76\/100 tox|[from] psn\n|-damage|p2a: Dudunsparce|94\/100 brn|[from] brn\n|upkeep\n|turn|26\n|\n|t:|1698031269\n|move|p1a: Lustre|Calm Mind|p1a: Lustre\n|-boost|p1a: Lustre|spa|1\n|-boost|p1a: Lustre|spd|1\n|move|p2a: Dudunsparce|Boomburst|p1a: Lustre\n|-immune|p1a: Lustre\n|\n|-heal|p1a: Lustre|82\/100 tox|[from] item: Leftovers\n|-damage|p1a: Lustre|69\/100 tox|[from] psn\n|-damage|p2a: Dudunsparce|88\/100 brn|[from] brn\n|upkeep\n|turn|27\n|c| phul jhadee|use fire move\n|c| phul jhadee|and u use earth power\n|\n|t:|1698031284\n|move|p1a: Lustre|Calm Mind|p1a: Lustre\n|-boost|p1a: Lustre|spa|1\n|-boost|p1a: Lustre|spd|1\n|move|p2a: Dudunsparce|Earth Power|p1a: Lustre\n|-supereffective|p1a: Lustre\n|-damage|p1a: Lustre|33\/100 tox\n|\n|-heal|p1a: Lustre|39\/100 tox|[from] item: Leftovers\n|-damage|p1a: Lustre|20\/100 tox|[from] psn\n|-damage|p2a: Dudunsparce|82\/100 brn|[from] brn\n|upkeep\n|turn|28\n|\n|t:|1698031293\n|move|p1a: Lustre|Flamethrower|p2a: Dudunsparce\n|-damage|p2a: Dudunsparce|14\/100 brn\n|move|p2a: Dudunsparce|Earth Power|p1a: Lustre\n|-supereffective|p1a: Lustre\n|-damage|p1a: Lustre|0 fnt\n|faint|p1a: Lustre\n|\n|-damage|p2a: Dudunsparce|8\/100 brn|[from] brn\n|upkeep\n|\n|t:|1698031302\n|switch|p1a: Bola|Azumarill, M, shiny, tera:Electric|10\/100 brn\n|-damage|p1a: Bola|0 fnt|[from] Stealth Rock\n|faint|p1a: Bola\n|\n|t:|1698031306\n|switch|p1a: Drifloon|Drifloon, F|99\/100\n|-damage|p1a: Drifloon|75\/100|[from] Stealth Rock\n|turn|29\n|\n|t:|1698031312\n|move|p1a: Drifloon|Explosion|p2a: Dudunsparce\n|-damage|p2a: Dudunsparce|0 fnt\n|faint|p1a: Drifloon\n|faint|p2a: Dudunsparce\n|\n|win|RealVoidex\n|raw|ShenF's rating: 1012 &rarr; <strong>1001<\/strong><br \/>(-11 for losing)\n|raw|RealVoidex's rating: 1041 &rarr; <strong>1072<\/strong><br \/>(+31 for winning)\n|c|\u2606ShenF|gg\n|c| phul jhadee|nice\n|c|\u2606RealVoidex|gg\n|c| phul jhadee|u two need practice\n|c|\u2606ShenF|yeah\n|c|\u2606RealVoidex|yeah i just started this game\n|c|\u2606RealVoidex|lmao\n|c|\u2606ShenF|me too\n","uploadtime":1698031328,"views":14,"p1id":"shenf","p2id":"realvoidex","formatid":"gen9anythinggoes","rating":1001,"private":0,"password":""}