{"id":"gen9anythinggoes-1976615639","p1":"ubbbber","p2":"GenericName23","format":"[Gen 9] Anything Goes","log":"|j|\u2606ubbbber\n|j|\u2606GenericName23\n|t:|1698327483\n|gametype|singles\n|player|p1|ubbbber|ingo|1121\n|player|p2|GenericName23|giovanni|1118\n|teamsize|p1|6\n|teamsize|p2|6\n|gen|9\n|tier|[Gen 9] Anything Goes\n|rated|\n|rule|HP Percentage Mod: HP is shown in percentages\n|rule|Endless Battle Clause: Forcing endless battles is banned\n|clearpoke\n|poke|p1|Orthworm, M|\n|poke|p1|Kommo-o, F|\n|poke|p1|Corviknight, F|\n|poke|p1|Landorus-Therian, M|\n|poke|p1|Salamence, F|\n|poke|p1|Arcanine-Hisui, F|\n|poke|p2|Amoonguss, M|\n|poke|p2|Armarouge, M|\n|poke|p2|Chien-Pao|\n|poke|p2|Iron Hands|\n|poke|p2|Gholdengo|\n|poke|p2|Kyogre|\n|teampreview\n|\n|t:|1698327493\n|start\n|switch|p1a: Orthworm|Orthworm, M|100\/100\n|switch|p2a: Chien-Pao|Chien-Pao|100\/100\n|-ability|p2a: Chien-Pao|Sword of Ruin\n|turn|1\n|\n|t:|1698327501\n|move|p2a: Chien-Pao|Crunch|p1a: Orthworm\n|-damage|p1a: Orthworm|63\/100\n|move|p1a: Orthworm|Shed Tail|p1a: Orthworm\n|-start|p1a: Orthworm|Substitute|[from] move: Shed Tail\n|-damage|p1a: Orthworm|13\/100\n|-enditem|p1a: Orthworm|Sitrus Berry|[eat]\n|-heal|p1a: Orthworm|38\/100|[from] item: Sitrus Berry\n|\n|t:|1698327511\n|switch|p1a: Salamence|Salamence, F|100\/100|[from] Shed Tail\n|\n|upkeep\n|turn|2\n|\n|t:|1698327522\n|move|p2a: Chien-Pao|Blizzard|p1a: Salamence\n|-supereffective|p1a: Salamence\n|-end|p1a: Salamence|Substitute\n|move|p1a: Salamence|Dragon Dance|p1a: Salamence\n|-boost|p1a: Salamence|atk|1\n|-boost|p1a: Salamence|spe|1\n|\n|upkeep\n|turn|3\n|\n|t:|1698327529\n|move|p1a: Salamence|Dual Wingbeat|p2a: Chien-Pao\n|-damage|p2a: Chien-Pao|48\/100\n|-damage|p2a: Chien-Pao|0 fnt\n|faint|p2a: Chien-Pao\n|-ability|p1a: Salamence|Moxie|boost\n|-boost|p1a: Salamence|atk|1\n|-hitcount|p2: Chien-Pao|2\n|\n|upkeep\n|\n|t:|1698327536\n|switch|p2a: Kyogre|Kyogre, shiny|100\/100\n|-weather|RainDance|[from] ability: Drizzle|[of] p2a: Kyogre\n|turn|4\n|\n|t:|1698327541\n|-terastallize|p1a: Salamence|Dragon\n|move|p1a: Salamence|Dual Wingbeat|p2a: Kyogre\n|-damage|p2a: Kyogre|52\/100\n|-damage|p2a: Kyogre|5\/100\n|-hitcount|p2a: Kyogre|2\n|move|p2a: Kyogre|Blizzard|p1a: Salamence\n|-supereffective|p1a: Salamence\n|-damage|p1a: Salamence|10\/100\n|\n|-weather|RainDance|[upkeep]\n|upkeep\n|turn|5\n|\n|t:|1698327554\n|move|p1a: Salamence|Earthquake|p2a: Kyogre\n|-damage|p2a: Kyogre|0 fnt\n|faint|p2a: Kyogre\n|-ability|p1a: Salamence|Moxie|boost\n|-boost|p1a: Salamence|atk|1\n|\n|-weather|RainDance|[upkeep]\n|upkeep\n|\n|t:|1698327564\n|switch|p2a: Armarouge|Armarouge, M|100\/100\n|turn|6\n|\n|t:|1698327568\n|move|p1a: Salamence|Earthquake|p2a: Armarouge\n|-supereffective|p2a: Armarouge\n|-damage|p2a: Armarouge|0 fnt\n|faint|p2a: Armarouge\n|-ability|p1a: Salamence|Moxie|boost\n|-boost|p1a: Salamence|atk|1\n|\n|-weather|RainDance|[upkeep]\n|upkeep\n|\n|t:|1698327574\n|switch|p2a: Gholdengo|Gholdengo|100\/100\n|turn|7\n|\n|t:|1698327591\n|move|p1a: Salamence|Earthquake|p2a: Gholdengo\n|-supereffective|p2a: Gholdengo\n|-damage|p2a: Gholdengo|0 fnt\n|faint|p2a: Gholdengo\n|-ability|p1a: Salamence|Moxie|boost\n|-boost|p1a: Salamence|atk|1\n|\n|-weather|RainDance|[upkeep]\n|upkeep\n|\n|t:|1698327598\n|switch|p2a: Iron Hands|Iron Hands|100\/100\n|turn|8\n|\n|t:|1698327602\n|move|p1a: Salamence|Earthquake|p2a: Iron Hands\n|-supereffective|p2a: Iron Hands\n|-damage|p2a: Iron Hands|0 fnt\n|faint|p2a: Iron Hands\n|-end|p2a: Iron Hands|Quark Drive|[silent]\n|-ability|p1a: Salamence|Moxie|boost\n|-boost|p1a: Salamence|atk|1\n|\n|-weather|none\n|upkeep\n|\n|t:|1698327615\n|switch|p2a: Amoonguss|Amoonguss, M, shiny|100\/100\n|turn|9\n|\n|t:|1698327619\n|move|p1a: Salamence|Dual Wingbeat|p2a: Amoonguss\n|-supereffective|p2a: Amoonguss\n|-damage|p2a: Amoonguss|0 fnt\n|faint|p2a: Amoonguss\n|-hitcount|p2: Amoonguss|1\n|\n|win|ubbbber\n|raw|ubbbber's rating: 1121 &rarr; <strong>1146<\/strong><br \/>(+25 for winning)\n|raw|GenericName23's rating: 1118 &rarr; <strong>1093<\/strong><br \/>(-25 for losing)\n","uploadtime":1698327626,"views":16,"p1id":"ubbbber","p2id":"genericname23","formatid":"gen9anythinggoes","rating":1093,"private":0,"password":""}