{"id":"gen9anythinggoes-1997699993","p1":"Aaronfresh85","p2":"CapnTophat","format":"[Gen 9] Anything Goes","log":"|j|\u2606Aaronfresh85\n|j|\u2606CapnTophat\n|t:|1700843235\n|gametype|singles\n|player|p1|Aaronfresh85|101|1300\n|player|p2|CapnTophat|wallace|1444\n|teamsize|p1|6\n|teamsize|p2|6\n|gen|9\n|tier|[Gen 9] Anything Goes\n|rated|\n|rule|HP Percentage Mod: HP is shown in percentages\n|rule|Endless Battle Clause: Forcing endless battles is banned\n|clearpoke\n|poke|p1|Ditto|\n|poke|p1|Zoroark-Hisui, M|\n|poke|p1|Zoroark, M|\n|poke|p1|Mimikyu, F|\n|poke|p1|Cyclizar, M|\n|poke|p1|Lycanroc-Midnight, F|\n|poke|p2|Ursaluna-Bloodmoon, M|\n|poke|p2|Urshifu-*, F|\n|poke|p2|Ting-Lu|\n|poke|p2|Urshifu-*, M|\n|poke|p2|Calyrex-Shadow|\n|poke|p2|Magearna|\n|teampreview\n|inactive|Battle timer is ON: inactive players will automatically lose when time's up. (requested by CapnTophat)\n|\n|t:|1700843241\n|start\n|switch|p1a: Cyclizar|Cyclizar, M|100\/100\n|switch|p2a: Mr. Hippo|Ting-Lu|100\/100\n|-ability|p2a: Mr. Hippo|Vessel of Ruin\n|turn|1\n|\n|t:|1700843252\n|move|p1a: Cyclizar|Shed Tail|p1a: Cyclizar\n|-start|p1a: Cyclizar|Substitute|[from] move: Shed Tail\n|-damage|p1a: Cyclizar|50\/100\n|\n|t:|1700843255\n|switch|p1a: Mimikyu|Mimikyu, F|100\/100|[from] Shed Tail\n|move|p2a: Mr. Hippo|Stealth Rock|p1a: Mimikyu\n|-sidestart|p1: Aaronfresh85|move: Stealth Rock\n|\n|upkeep\n|turn|2\n|\n|t:|1700843260\n|move|p1a: Mimikyu|Swords Dance|p1a: Mimikyu\n|-boost|p1a: Mimikyu|atk|2\n|move|p2a: Mr. Hippo|Earthquake|p1a: Mimikyu\n|-end|p1a: Mimikyu|Substitute\n|\n|upkeep\n|turn|3\n|\n|t:|1700843269\n|move|p1a: Mimikyu|Play Rough|p2a: Mr. Hippo\n|-supereffective|p2a: Mr. Hippo\n|-damage|p2a: Mr. Hippo|35\/100\n|move|p2a: Mr. Hippo|Earthquake|p1a: Mimikyu\n|-activate|p1a: Mimikyu|ability: Disguise\n|-damage|p1a: Mimikyu|100\/100\n|detailschange|p1a: Mimikyu|Mimikyu-Busted, F\n|-damage|p1a: Mimikyu|88\/100|[from] pokemon: Mimikyu-Busted\n|\n|-heal|p2a: Mr. Hippo|41\/100|[from] item: Leftovers\n|upkeep\n|turn|4\n|\n|t:|1700843275\n|move|p1a: Mimikyu|Play Rough|p2a: Mr. Hippo\n|-supereffective|p2a: Mr. Hippo\n|-damage|p2a: Mr. Hippo|0 fnt\n|faint|p2a: Mr. Hippo\n|\n|upkeep\n|\n|t:|1700843278\n|switch|p2a: Fitzgerald|Urshifu-Rapid-Strike, M|100\/100\n|turn|5\n|\n|t:|1700843288\n|move|p2a: Fitzgerald|Surging Strikes|p1a: Mimikyu\n|-crit|p1a: Mimikyu\n|-damage|p1a: Mimikyu|41\/100\n|-damage|p2a: Fitzgerald|84\/100|[from] item: Rocky Helmet|[of] p1a: Mimikyu\n|-crit|p1a: Mimikyu\n|-damage|p1a: Mimikyu|0 fnt\n|-damage|p2a: Fitzgerald|68\/100|[from] item: Rocky Helmet|[of] p1a: Mimikyu\n|faint|p1a: Mimikyu\n|-hitcount|p1: Mimikyu|2\n|\n|upkeep\n|\n|t:|1700843293\n|switch|p1a: Cyclizar|Cyclizar, M|50\/100\n|-damage|p1a: Cyclizar|38\/100|[from] Stealth Rock\n|turn|6\n|\n|t:|1700843296\n|move|p1a: Cyclizar|Body Slam|p2a: Fitzgerald\n|-damage|p2a: Fitzgerald|33\/100\n|move|p2a: Fitzgerald|Surging Strikes|p1a: Cyclizar\n|-resisted|p1a: Cyclizar\n|-crit|p1a: Cyclizar\n|-damage|p1a: Cyclizar|14\/100\n|-resisted|p1a: Cyclizar\n|-crit|p1a: Cyclizar\n|-damage|p1a: Cyclizar|0 fnt\n|faint|p1a: Cyclizar\n|-hitcount|p1: Cyclizar|2\n|\n|upkeep\n|\n|t:|1700843309\n|switch|p1a: Ditto|Ditto|100\/100\n|-damage|p1a: Ditto|88\/100|[from] Stealth Rock\n|-transform|p1a: Ditto|p2a: Fitzgerald|[from] ability: Imposter\n|turn|7\n|\n|t:|1700843316\n|move|p1a: Ditto|Surging Strikes|p2a: Fitzgerald\n|-resisted|p2a: Fitzgerald\n|-crit|p2a: Fitzgerald\n|-damage|p2a: Fitzgerald|23\/100\n|-resisted|p2a: Fitzgerald\n|-crit|p2a: Fitzgerald\n|-damage|p2a: Fitzgerald|13\/100\n|-resisted|p2a: Fitzgerald\n|-crit|p2a: Fitzgerald\n|-damage|p2a: Fitzgerald|3\/100\n|-hitcount|p2a: Fitzgerald|3\n|move|p2a: Fitzgerald|Surging Strikes|p1a: Ditto\n|-resisted|p1a: Ditto\n|-crit|p1a: Ditto\n|-damage|p1a: Ditto|72\/100\n|-resisted|p1a: Ditto\n|-crit|p1a: Ditto\n|-damage|p1a: Ditto|56\/100\n|-resisted|p1a: Ditto\n|-crit|p1a: Ditto\n|-damage|p1a: Ditto|41\/100\n|-hitcount|p1a: Ditto|3\n|\n|upkeep\n|turn|8\n|\n|t:|1700843319\n|move|p1a: Ditto|Surging Strikes|p2a: Fitzgerald\n|-resisted|p2a: Fitzgerald\n|-crit|p2a: Fitzgerald\n|-damage|p2a: Fitzgerald|0 fnt\n|faint|p2a: Fitzgerald\n|-hitcount|p2: Fitzgerald|1\n|\n|upkeep\n|\n|t:|1700843329\n|switch|p2a: Nightmare Fredbear|Ursaluna-Bloodmoon, M|100\/100\n|turn|9\n|\n|t:|1700843334\n|-terastallize|p2a: Nightmare Fredbear|Ghost\n|move|p1a: Ditto|Surging Strikes|p2a: Nightmare Fredbear\n|-crit|p2a: Nightmare Fredbear\n|-damage|p2a: Nightmare Fredbear|90\/100\n|-crit|p2a: Nightmare Fredbear\n|-damage|p2a: Nightmare Fredbear|79\/100\n|-crit|p2a: Nightmare Fredbear\n|-damage|p2a: Nightmare Fredbear|69\/100\n|-hitcount|p2a: Nightmare Fredbear|3\n|move|p2a: Nightmare Fredbear|Earth Power|p1a: Ditto\n|-damage|p1a: Ditto|0 fnt\n|faint|p1a: Ditto\n|\n|-heal|p2a: Nightmare Fredbear|75\/100|[from] item: Leftovers\n|upkeep\n|\n|t:|1700843340\n|switch|p1a: Lycanroc|Lycanroc-Midnight, F|100\/100\n|-damage|p1a: Lycanroc|88\/100|[from] Stealth Rock\n|turn|10\n|\n|t:|1700843344\n|switch|p2a: Balls|Magearna|100\/100\n|move|p1a: Lycanroc|Bitter Malice|p2a: Balls\n|-damage|p2a: Balls|77\/100\n|-unboost|p2a: Balls|atk|1\n|\n|upkeep\n|turn|11\n|\n|t:|1700843350\n|switch|p1a: Lycanroc|Lycanroc-Midnight, F|100\/100\n|-damage|p1a: Lycanroc|88\/100|[from] Stealth Rock\n|move|p2a: Balls|Iron Head|p1a: Lycanroc\n|-supereffective|p1a: Lycanroc\n|-damage|p1a: Lycanroc|34\/100\n|\n|upkeep\n|turn|12\n|\n|t:|1700843364\n|switch|p2a: Nightmare Fredbear|Ursaluna-Bloodmoon, M, tera:Ghost|75\/100\n|move|p1a: Lycanroc|Close Combat|p2a: Nightmare Fredbear\n|-immune|p2a: Nightmare Fredbear\n|\n|-heal|p2a: Nightmare Fredbear|81\/100|[from] item: Leftovers\n|upkeep\n|turn|13\n|\n|t:|1700843369\n|move|p1a: Lycanroc|Sucker Punch||[still]\n|-fail|p1a: Lycanroc\n|move|p2a: Nightmare Fredbear|Calm Mind|p2a: Nightmare Fredbear\n|-boost|p2a: Nightmare Fredbear|spa|1\n|-boost|p2a: Nightmare Fredbear|spd|1\n|\n|-heal|p2a: Nightmare Fredbear|87\/100|[from] item: Leftovers\n|upkeep\n|turn|14\n|\n|t:|1700843371\n|move|p2a: Nightmare Fredbear|Calm Mind|p2a: Nightmare Fredbear\n|-boost|p2a: Nightmare Fredbear|spa|1\n|-boost|p2a: Nightmare Fredbear|spd|1\n|move|p1a: Lycanroc|Roar|p2a: Nightmare Fredbear\n|drag|p2a: Balls|Magearna|77\/100\n|\n|upkeep\n|turn|15\n|\n|t:|1700843376\n|switch|p2a: Nightmare Fredbear|Ursaluna-Bloodmoon, M, tera:Ghost|87\/100\n|move|p1a: Lycanroc|Roar|p2a: Nightmare Fredbear\n|drag|p2a: Scott Cawthon|Calyrex-Shadow|100\/100\n|-ability|p2a: Scott Cawthon|As One\n|-ability|p2a: Scott Cawthon|Unnerve\n|\n|upkeep\n|turn|16\n|\n|t:|1700843381\n|move|p1a: Lycanroc|Sucker Punch||[still]\n|-fail|p1a: Lycanroc\n|move|p2a: Scott Cawthon|Trick|p1a: Lycanroc\n|-activate|p2a: Scott Cawthon|move: Trick|[of] p1a: Lycanroc\n|-item|p1a: Lycanroc|Choice Scarf|[from] move: Trick\n|-item|p2a: Scott Cawthon|Focus Sash|[from] move: Trick\n|\n|upkeep\n|turn|17\n|\n|t:|1700843391\n|switch|p2a: Nightmare Fredbear|Ursaluna-Bloodmoon, M, tera:Ghost|87\/100\n|move|p1a: Lycanroc|Stone Edge|p2a: Nightmare Fredbear\n|-damage|p2a: Nightmare Fredbear|63\/100\n|\n|-heal|p2a: Nightmare Fredbear|69\/100|[from] item: Leftovers\n|upkeep\n|turn|18\n|\n|t:|1700843394\n|move|p1a: Lycanroc|Stone Edge|p2a: Nightmare Fredbear\n|-damage|p2a: Nightmare Fredbear|46\/100\n|move|p2a: Nightmare Fredbear|Calm Mind|p2a: Nightmare Fredbear\n|-boost|p2a: Nightmare Fredbear|spa|1\n|-boost|p2a: Nightmare Fredbear|spd|1\n|\n|-heal|p2a: Nightmare Fredbear|52\/100|[from] item: Leftovers\n|upkeep\n|turn|19\n|\n|t:|1700843398\n|move|p1a: Lycanroc|Stone Edge|p2a: Nightmare Fredbear\n|-damage|p2a: Nightmare Fredbear|29\/100\n|move|p2a: Nightmare Fredbear|Calm Mind|p2a: Nightmare Fredbear\n|-boost|p2a: Nightmare Fredbear|spa|1\n|-boost|p2a: Nightmare Fredbear|spd|1\n|\n|-heal|p2a: Nightmare Fredbear|35\/100|[from] item: Leftovers\n|upkeep\n|turn|20\n|\n|t:|1700843403\n|-terastallize|p1a: Lycanroc|Rock\n|move|p2a: Nightmare Fredbear|Vacuum Wave|p1a: Lycanroc\n|-supereffective|p1a: Lycanroc\n|-damage|p1a: Lycanroc|0 fnt\n|faint|p1a: Lycanroc\n|\n|-heal|p2a: Nightmare Fredbear|41\/100|[from] item: Leftovers\n|upkeep\n|\n|t:|1700843408\n|switch|p1a: Zoroark|Zoroark, M|88\/100\n|-damage|p1a: Zoroark|76\/100|[from] Stealth Rock\n|turn|21\n|\n|t:|1700843410\n|move|p2a: Nightmare Fredbear|Vacuum Wave|p1a: Zoroark\n|-supereffective|p1a: Zoroark\n|-damage|p1a: Zoroark|0 fnt\n|replace|p1a: Zoroark|Zoroark-Hisui, M\n|-end|p1a: Zoroark|Illusion\n|faint|p1a: Zoroark\n|\n|-heal|p2a: Nightmare Fredbear|47\/100|[from] item: Leftovers\n|upkeep\n|\n|t:|1700843412\n|switch|p1a: Zoroark|Zoroark, M|100\/100\n|-damage|p1a: Zoroark|88\/100|[from] Stealth Rock\n|turn|22\n|\n|t:|1700843416\n|move|p2a: Nightmare Fredbear|Vacuum Wave|p1a: Zoroark\n|-supereffective|p1a: Zoroark\n|-damage|p1a: Zoroark|27\/100\n|move|p1a: Zoroark|Shadow Ball|p2a: Nightmare Fredbear\n|-supereffective|p2a: Nightmare Fredbear\n|-damage|p2a: Nightmare Fredbear|16\/100\n|\n|-heal|p2a: Nightmare Fredbear|22\/100|[from] item: Leftovers\n|upkeep\n|turn|23\n|\n|t:|1700843422\n|move|p2a: Nightmare Fredbear|Vacuum Wave|p1a: Zoroark\n|-supereffective|p1a: Zoroark\n|-damage|p1a: Zoroark|0 fnt\n|faint|p1a: Zoroark\n|\n|win|CapnTophat\n|raw|Aaronfresh85's rating: 1300 &rarr; <strong>1285<\/strong><br \/>(-15 for losing)\n|raw|CapnTophat's rating: 1444 &rarr; <strong>1456<\/strong><br \/>(+12 for winning)\n","uploadtime":1700843440,"views":1,"p1id":"aaronfresh85","p2id":"capntophat","formatid":"gen9anythinggoes","rating":1285,"private":0,"password":""}