{"id":"gen9anythinggoes-1977672211","p1":"LingLing007","p2":"Tumzy87","format":"[Gen 9] Anything Goes","log":"|j|\u2606LingLing007\n|j|\u2606Tumzy87\n|t:|1698437290\n|gametype|singles\n|player|p1|LingLing007|proton|1372\n|player|p2|Tumzy87|colress|1303\n|teamsize|p1|6\n|teamsize|p2|6\n|gen|9\n|tier|[Gen 9] Anything Goes\n|rated|\n|rule|HP Percentage Mod: HP is shown in percentages\n|rule|Endless Battle Clause: Forcing endless battles is banned\n|clearpoke\n|poke|p1|Roaring Moon|\n|poke|p1|Toxapex, F|\n|poke|p1|Gliscor, M|\n|poke|p1|Tinkaton, F|\n|poke|p1|Zoroark-Hisui, M|\n|poke|p1|Polteageist-Antique|\n|poke|p2|Scizor, M|\n|poke|p2|Dragapult, M|\n|poke|p2|Lycanroc-Dusk, M|\n|poke|p2|Toxapex, F|\n|poke|p2|Greninja-*, F|\n|poke|p2|Eelektross, M|\n|teampreview\n|\n|t:|1698437305\n|start\n|switch|p1a: Tinkaton|Tinkaton, F|100\/100\n|switch|p2a: Dragapult|Dragapult, M|100\/100\n|-ability|p1a: Tinkaton|Mold Breaker\n|turn|1\n|inactive|Battle timer is ON: inactive players will automatically lose when time's up. (requested by LingLing007)\n|\n|t:|1698437315\n|switch|p2a: Eelektross|Eelektross, M|100\/100\n|move|p1a: Tinkaton|Thunder Wave|p2a: Eelektross\n|-immune|p2a: Eelektross\n|\n|upkeep\n|turn|2\n|\n|t:|1698437319\n|move|p1a: Tinkaton|Knock Off|p2a: Eelektross\n|-damage|p2a: Eelektross|82\/100\n|-enditem|p2a: Eelektross|Assault Vest|[from] move: Knock Off|[of] p1a: Tinkaton\n|move|p2a: Eelektross|Flamethrower|p1a: Tinkaton\n|-supereffective|p1a: Tinkaton\n|-damage|p1a: Tinkaton|63\/100\n|\n|-heal|p1a: Tinkaton|69\/100|[from] item: Leftovers\n|upkeep\n|turn|3\n|\n|t:|1698437329\n|switch|p1a: Toxapex|Toxapex, F|100\/100\n|move|p2a: Eelektross|Flamethrower|p1a: Toxapex\n|-resisted|p1a: Toxapex\n|-damage|p1a: Toxapex|94\/100\n|\n|upkeep\n|turn|4\n|\n|t:|1698437332\n|move|p2a: Eelektross|Thunderbolt|p1a: Toxapex\n|-supereffective|p1a: Toxapex\n|-damage|p1a: Toxapex|50\/100\n|-status|p1a: Toxapex|par\n|move|p1a: Toxapex|Toxic|p2a: Eelektross\n|-status|p2a: Eelektross|tox\n|\n|-damage|p2a: Eelektross|76\/100 tox|[from] psn\n|upkeep\n|turn|5\n|\n|t:|1698437337\n|switch|p1a: Gliscor|Gliscor, M|100\/100\n|move|p2a: Eelektross|Volt Switch|p1a: Gliscor\n|-immune|p1a: Gliscor\n|\n|-damage|p2a: Eelektross|64\/100 tox|[from] psn\n|-status|p1a: Gliscor|tox|[from] item: Toxic Orb\n|upkeep\n|turn|6\n|\n|t:|1698437350\n|move|p1a: Gliscor|Facade|p2a: Eelektross\n|-crit|p2a: Eelektross\n|-damage|p2a: Eelektross|2\/100 tox\n|move|p2a: Eelektross|Giga Drain|p1a: Gliscor\n|-damage|p1a: Gliscor|73\/100 tox\n|-heal|p2a: Eelektross|15\/100 tox|[from] drain|[of] p1a: Gliscor\n|\n|-heal|p1a: Gliscor|86\/100 tox|[from] ability: Poison Heal\n|-damage|p2a: Eelektross|0 fnt|[from] psn\n|faint|p2a: Eelektross\n|upkeep\n|\n|t:|1698437360\n|switch|p2a: Greninja|Greninja, F|100\/100\n|turn|7\n|\n|t:|1698437369\n|switch|p1a: Toxapex|Toxapex, F|84\/100 par\n|move|p2a: Greninja|Ice Beam|p1a: Toxapex\n|-resisted|p1a: Toxapex\n|-damage|p1a: Toxapex|75\/100 par\n|\n|upkeep\n|turn|8\n|\n|t:|1698437374\n|switch|p2a: Scizor|Scizor, M, shiny|100\/100\n|move|p1a: Toxapex|Toxic|p2a: Scizor\n|-immune|p2a: Scizor\n|\n|upkeep\n|turn|9\n|\n|t:|1698437377\n|move|p2a: Scizor|Swords Dance|p2a: Scizor\n|-boost|p2a: Scizor|atk|2\n|cant|p1a: Toxapex|par\n|\n|upkeep\n|turn|10\n|\n|t:|1698437385\n|move|p2a: Scizor|Aerial Ace|p1a: Toxapex\n|-damage|p1a: Toxapex|28\/100 par\n|-damage|p2a: Scizor|84\/100|[from] item: Rocky Helmet|[of] p1a: Toxapex\n|move|p1a: Toxapex|Haze|p1a: Toxapex\n|-clearallboost\n|\n|upkeep\n|turn|11\n|\n|t:|1698437398\n|move|p2a: Scizor|Swords Dance|p2a: Scizor\n|-boost|p2a: Scizor|atk|2\n|move|p1a: Toxapex|Recover|p1a: Toxapex\n|-heal|p1a: Toxapex|78\/100 par\n|\n|upkeep\n|turn|12\n|\n|t:|1698437401\n|move|p2a: Scizor|Aerial Ace|p1a: Toxapex\n|-damage|p1a: Toxapex|30\/100 par\n|-damage|p2a: Scizor|68\/100|[from] item: Rocky Helmet|[of] p1a: Toxapex\n|move|p1a: Toxapex|Haze|p1a: Toxapex\n|-clearallboost\n|\n|upkeep\n|turn|13\n|\n|t:|1698437410\n|switch|p1a: Roaring Moon|Roaring Moon|100\/100\n|move|p2a: Scizor|Swords Dance|p2a: Scizor\n|-boost|p2a: Scizor|atk|2\n|\n|upkeep\n|turn|14\n|\n|t:|1698437416\n|move|p2a: Scizor|Bullet Punch|p1a: Roaring Moon\n|-enditem|p1a: Roaring Moon|Focus Sash\n|-damage|p1a: Roaring Moon|1\/100\n|replace|p1a: Zoroark|Zoroark-Hisui, M, shiny\n|-end|p1a: Zoroark|Illusion\n|move|p1a: Zoroark|Flamethrower|p2a: Scizor\n|-supereffective|p2a: Scizor\n|-damage|p2a: Scizor|0 fnt\n|faint|p2a: Scizor\n|\n|upkeep\n|\n|t:|1698437422\n|switch|p2a: Lycanroc|Lycanroc-Dusk, M|100\/100\n|turn|15\n|\n|t:|1698437427\n|switch|p1a: Gliscor|Gliscor, M|86\/100 tox\n|move|p2a: Lycanroc|Accelerock|p1a: Gliscor\n|-damage|p1a: Gliscor|63\/100 tox\n|\n|-heal|p1a: Gliscor|75\/100 tox|[from] ability: Poison Heal\n|upkeep\n|turn|16\n|\n|t:|1698437432\n|move|p2a: Lycanroc|Stone Edge|p1a: Gliscor\n|-damage|p1a: Gliscor|27\/100 tox\n|move|p1a: Gliscor|Toxic|p2a: Lycanroc\n|-status|p2a: Lycanroc|tox\n|\n|-damage|p2a: Lycanroc|94\/100 tox|[from] psn\n|-heal|p1a: Gliscor|39\/100 tox|[from] ability: Poison Heal\n|upkeep\n|turn|17\n|\n|t:|1698437437\n|move|p1a: Gliscor|Protect|p1a: Gliscor\n|-singleturn|p1a: Gliscor|Protect\n|move|p2a: Lycanroc|Stone Edge|p1a: Gliscor\n|-activate|p1a: Gliscor|move: Protect\n|\n|-damage|p2a: Lycanroc|82\/100 tox|[from] psn\n|-heal|p1a: Gliscor|51\/100 tox|[from] ability: Poison Heal\n|upkeep\n|turn|18\n|\n|t:|1698437444\n|move|p2a: Lycanroc|Stone Edge|p1a: Gliscor\n|-damage|p1a: Gliscor|6\/100 tox\n|move|p1a: Gliscor|Facade|p2a: Lycanroc\n|-resisted|p2a: Lycanroc\n|-damage|p2a: Lycanroc|48\/100 tox\n|\n|-damage|p2a: Lycanroc|30\/100 tox|[from] psn\n|-heal|p1a: Gliscor|18\/100 tox|[from] ability: Poison Heal\n|upkeep\n|turn|19\n|\n|t:|1698437447\n|move|p1a: Gliscor|Protect|p1a: Gliscor\n|-singleturn|p1a: Gliscor|Protect\n|move|p2a: Lycanroc|Accelerock|p1a: Gliscor\n|-activate|p1a: Gliscor|move: Protect\n|\n|-damage|p2a: Lycanroc|5\/100 tox|[from] psn\n|-heal|p1a: Gliscor|30\/100 tox|[from] ability: Poison Heal\n|upkeep\n|turn|20\n|\n|t:|1698437451\n|switch|p1a: Toxapex|Toxapex, F|63\/100 par\n|move|p2a: Lycanroc|Stone Edge|p1a: Toxapex\n|-damage|p1a: Toxapex|27\/100 par\n|\n|-damage|p2a: Lycanroc|0 fnt|[from] psn\n|faint|p2a: Lycanroc\n|upkeep\n|\n|t:|1698437458\n|switch|p2a: Dragapult|Dragapult, M|100\/100\n|turn|21\n|\n|t:|1698437461\n|move|p2a: Dragapult|Dragon Darts|p1a: Toxapex\n|-damage|p1a: Toxapex|5\/100 par\n|-anim|p2a: Dragapult|Dragon Darts|p1a: Toxapex\n|-damage|p1a: Toxapex|0 fnt\n|faint|p1a: Toxapex\n|\n|upkeep\n|\n|t:|1698437470\n|switch|p1a: Tinkaton|Tinkaton, F|69\/100\n|-ability|p1a: Tinkaton|Mold Breaker\n|turn|22\n|\n|t:|1698437474\n|-terastallize|p2a: Dragapult|Fairy\n|move|p2a: Dragapult|Dragon Dance|p2a: Dragapult\n|-boost|p2a: Dragapult|atk|1\n|-boost|p2a: Dragapult|spe|1\n|move|p1a: Tinkaton|Thunder Wave|p2a: Dragapult\n|-status|p2a: Dragapult|par\n|\n|-heal|p1a: Tinkaton|75\/100|[from] item: Leftovers\n|upkeep\n|turn|23\n|\n|t:|1698437488\n|cant|p2a: Dragapult|par\n|move|p1a: Tinkaton|Encore|p2a: Dragapult\n|-start|p2a: Dragapult|Encore\n|\n|-heal|p1a: Tinkaton|81\/100|[from] item: Leftovers\n|upkeep\n|turn|24\n|\n|t:|1698437498\n|switch|p1a: Polteageist|Polteageist-Antique|100\/100\n|move|p2a: Dragapult|Dragon Dance|p2a: Dragapult\n|-boost|p2a: Dragapult|atk|1\n|-boost|p2a: Dragapult|spe|1\n|\n|upkeep\n|turn|25\n|\n|t:|1698437502\n|move|p2a: Dragapult|Dragon Dance|p2a: Dragapult\n|-boost|p2a: Dragapult|atk|1\n|-boost|p2a: Dragapult|spe|1\n|move|p1a: Polteageist|Shell Smash|p1a: Polteageist\n|-unboost|p1a: Polteageist|def|1\n|-unboost|p1a: Polteageist|spd|1\n|-boost|p1a: Polteageist|atk|2\n|-boost|p1a: Polteageist|spa|2\n|-boost|p1a: Polteageist|spe|2\n|-enditem|p1a: Polteageist|White Herb\n|-clearnegativeboost|p1a: Polteageist|[silent]\n|\n|upkeep\n|turn|26\n|\n|t:|1698437505\n|cant|p2a: Dragapult|par\n|move|p1a: Polteageist|Shell Smash|p1a: Polteageist\n|-unboost|p1a: Polteageist|def|1\n|-unboost|p1a: Polteageist|spd|1\n|-boost|p1a: Polteageist|atk|2\n|-boost|p1a: Polteageist|spa|2\n|-boost|p1a: Polteageist|spe|2\n|\n|-end|p2a: Dragapult|Encore\n|upkeep\n|turn|27\n|\n|t:|1698437510\n|move|p1a: Polteageist|Stored Power|p2a: Dragapult\n|-damage|p2a: Dragapult|0 fnt\n|faint|p2a: Dragapult\n|\n|upkeep\n|\n|t:|1698437514\n|switch|p2a: Greninja|Greninja, F|100\/100\n|turn|28\n|\n|t:|1698437518\n|-terastallize|p1a: Polteageist|Fairy\n|move|p2a: Greninja|Water Shuriken|p1a: Polteageist\n|-damage|p1a: Polteageist|87\/100\n|-start|p2a: Greninja|Disable|Water Shuriken|[from] ability: Cursed Body|[of] p1a: Polteageist\n|-damage|p1a: Polteageist|76\/100\n|-crit|p1a: Polteageist\n|-damage|p1a: Polteageist|56\/100\n|-damage|p1a: Polteageist|45\/100\n|-hitcount|p1a: Polteageist|4\n|move|p1a: Polteageist|Giga Drain|p2a: Greninja\n|-supereffective|p2a: Greninja\n|-crit|p2a: Greninja\n|-damage|p2a: Greninja|0 fnt\n|-heal|p1a: Polteageist|99\/100|[from] drain|[of] p2a: Greninja\n|faint|p2a: Greninja\n|\n|upkeep\n|\n|t:|1698437529\n|switch|p2a: Toxapex|Toxapex, F|100\/100\n|turn|29\n|\n|t:|1698437532\n|move|p1a: Polteageist|Stored Power|p2a: Toxapex\n|-supereffective|p2a: Toxapex\n|-damage|p2a: Toxapex|0 fnt\n|faint|p2a: Toxapex\n|\n|win|LingLing007\n|raw|LingLing007's rating: 1372 &rarr; <strong>1388<\/strong><br \/>(+16 for winning)\n|raw|Tumzy87's rating: 1303 &rarr; <strong>1287<\/strong><br \/>(-16 for losing)\n|c|\u2606LingLing007|gg\n|l|\u2606Tumzy87\n","uploadtime":1698437541,"views":13,"p1id":"lingling007","p2id":"tumzy87","formatid":"gen9anythinggoes","rating":1287,"private":0,"password":""}