{"id":"gen9anythinggoes-1979034643","p1":"VoidOverl0rd","p2":"StormTurtle500","format":"[Gen 9] Anything Goes","log":"|j|\u2606VoidOverl0rd\n|j|\u2606StormTurtle500\n|t:|1698623828\n|gametype|singles\n|player|p1|VoidOverl0rd|steven|\n|player|p2|StormTurtle500|pokemonbreeder-gen4|\n|teamsize|p1|6\n|teamsize|p2|6\n|gen|9\n|tier|[Gen 9] Anything Goes\n|rule|HP Percentage Mod: HP is shown in percentages\n|rule|Endless Battle Clause: Forcing endless battles is banned\n|clearpoke\n|poke|p1|Haxorus, F|\n|poke|p1|Kingambit, F|\n|poke|p1|Iron Valiant|\n|poke|p1|Hawlucha, F|\n|poke|p1|Indeedee-F, F|\n|poke|p1|Dragapult, F|\n|poke|p2|Tyranitar, M|\n|poke|p2|Dachsbun, M|\n|poke|p2|Cacturne, F|\n|poke|p2|Appletun, M|\n|poke|p2|Iron Moth|\n|poke|p2|Great Tusk|\n|teampreview\n|\n|t:|1698624035\n|start\n|switch|p1a: Soraka|Indeedee-F, F, shiny|100\/100\n|switch|p2a: Inflatable T-rex|Tyranitar, M|100\/100\n|-fieldstart|move: Psychic Terrain|[from] ability: Psychic Surge|[of] p1a: Soraka\n|-weather|Sandstorm|[from] ability: Sand Stream|[of] p2a: Inflatable T-rex\n|turn|1\n|\n|t:|1698624044\n|move|p1a: Soraka|Reflect|p1a: Soraka\n|-sidestart|p1: VoidOverl0rd|Reflect\n|move|p2a: Inflatable T-rex|Stealth Rock|p1a: Soraka\n|-sidestart|p1: VoidOverl0rd|move: Stealth Rock\n|\n|-weather|Sandstorm|[upkeep]\n|-damage|p1a: Soraka|94\/100|[from] Sandstorm\n|upkeep\n|turn|2\n|\n|t:|1698624053\n|switch|p2a: Doggo|Dachsbun, M|100\/100\n|move|p1a: Soraka|Light Screen|p1a: Soraka\n|-sidestart|p1: VoidOverl0rd|move: Light Screen\n|\n|-weather|Sandstorm|[upkeep]\n|-damage|p1a: Soraka|88\/100|[from] Sandstorm\n|-damage|p2a: Doggo|95\/100|[from] Sandstorm\n|upkeep\n|turn|3\n|j| ForReasons\n|\n|t:|1698624072\n|switch|p1a: Azir|Hawlucha, F, shiny|100\/100\n|move|p2a: Doggo|Psychic Fangs|p1a: Azir\n|-sideend|p1: VoidOverl0rd|Reflect\n|-sideend|p1: VoidOverl0rd|move: Light Screen\n|-supereffective|p1a: Azir\n|-damage|p1a: Azir|52\/100\n|\n|-weather|Sandstorm|[upkeep]\n|-damage|p1a: Azir|45\/100|[from] Sandstorm\n|-damage|p2a: Doggo|89\/100|[from] Sandstorm\n|upkeep\n|turn|4\n|\n|t:|1698624094\n|move|p1a: Azir|U-turn|p2a: Doggo\n|-resisted|p2a: Doggo\n|-damage|p2a: Doggo|82\/100\n|-damage|p1a: Azir|29\/100|[from] item: Rocky Helmet|[of] p2a: Doggo\n|\n|t:|1698624102\n|switch|p1a: Sett|Kingambit, F|100\/100|[from] U-turn\n|-damage|p1a: Sett|94\/100|[from] Stealth Rock\n|move|p2a: Doggo|Psychic Fangs|p1a: Sett\n|-immune|p1a: Sett\n|\n|-weather|Sandstorm|[upkeep]\n|-damage|p2a: Doggo|76\/100|[from] Sandstorm\n|upkeep\n|turn|5\n|l| ForReasons\n|j| ForReasons\n|\n|t:|1698624165\n|-end|p1a: Sett|fallenundefined|[silent]\n|switch|p1a: Soraka|Indeedee-F, F, shiny|88\/100\n|-damage|p1a: Soraka|76\/100|[from] Stealth Rock\n|move|p2a: Doggo|Body Press|p1a: Soraka\n|-damage|p1a: Soraka|46\/100\n|\n|-weather|none\n|-fieldend|move: Psychic Terrain\n|upkeep\n|turn|6\n|\n|t:|1698624179\n|move|p1a: Soraka|Energy Ball|p2a: Doggo\n|-damage|p2a: Doggo|51\/100\n|move|p2a: Doggo|Play Rough|p1a: Soraka\n|-damage|p1a: Soraka|15\/100\n|-unboost|p1a: Soraka|atk|1\n|\n|upkeep\n|turn|7\n|\n|t:|1698624192\n|move|p1a: Soraka|Reflect|p1a: Soraka\n|-sidestart|p1: VoidOverl0rd|Reflect\n|move|p2a: Doggo|Play Rough|p1a: Soraka\n|-damage|p1a: Soraka|1\/100\n|\n|upkeep\n|turn|8\n|\n|t:|1698624207\n|switch|p1a: Sett|Kingambit, F|94\/100\n|-damage|p1a: Sett|88\/100|[from] Stealth Rock\n|move|p2a: Doggo|Psychic Fangs|p1a: Sett\n|-immune|p1a: Sett\n|\n|upkeep\n|turn|9\n|\n|t:|1698624258\n|switch|p2a: Angy Elephant|Great Tusk|100\/100\n|-terastallize|p1a: Sett|Dark\n|move|p1a: Sett|Swords Dance|p1a: Sett\n|-boost|p1a: Sett|atk|2\n|\n|upkeep\n|turn|10\n|\n|t:|1698624286\n|move|p2a: Angy Elephant|Close Combat|p1a: Sett\n|-supereffective|p1a: Sett\n|-damage|p1a: Sett|41\/100\n|-unboost|p2a: Angy Elephant|def|1\n|-unboost|p2a: Angy Elephant|spd|1\n|move|p1a: Sett|Kowtow Cleave|p2a: Angy Elephant\n|-resisted|p2a: Angy Elephant\n|-damage|p2a: Angy Elephant|28\/100\n|-damage|p1a: Sett|31\/100|[from] item: Life Orb\n|\n|upkeep\n|turn|11\n|\n|t:|1698624299\n|-end|p2a: Angy Elephant|Protosynthesis|[silent]\n|switch|p2a: Doggo|Dachsbun, M|51\/100\n|move|p1a: Sett|Sucker Punch||[still]\n|-fail|p1a: Sett\n|\n|upkeep\n|turn|12\n|\n|t:|1698624315\n|move|p1a: Sett|Sucker Punch|p2a: Doggo\n|-resisted|p2a: Doggo\n|-damage|p2a: Doggo|1\/100\n|-damage|p1a: Sett|15\/100|[from] item: Rocky Helmet|[of] p2a: Doggo\n|-damage|p1a: Sett|5\/100|[from] item: Life Orb\n|move|p2a: Doggo|Play Rough|p1a: Sett\n|-supereffective|p1a: Sett\n|-damage|p1a: Sett|0 fnt\n|faint|p1a: Sett\n|-end|p1a: Sett|fallenundefined|[silent]\n|\n|upkeep\n|\n|t:|1698624392\n|switch|p1a: Renekton|Haxorus, F, shiny|100\/100\n|-damage|p1a: Renekton|88\/100|[from] Stealth Rock\n|-ability|p1a: Renekton|Mold Breaker\n|turn|13\n|\n|t:|1698624399\n|move|p1a: Renekton|Dragon Dance|p1a: Renekton\n|-boost|p1a: Renekton|atk|1\n|-boost|p1a: Renekton|spe|1\n|move|p2a: Doggo|Yawn|p1a: Renekton\n|-start|p1a: Renekton|move: Yawn|[of] p2a: Doggo\n|\n|upkeep\n|turn|14\n|\n|t:|1698624422\n|switch|p1a: Soraka|Indeedee-F, F, shiny|1\/100\n|-damage|p1a: Soraka|0 fnt|[from] Stealth Rock\n|faint|p1a: Soraka\n|move|p2a: Doggo|Play Rough|p1: Soraka|[notarget]\n|-fail|p2a: Doggo\n|\n|-sideend|p1: VoidOverl0rd|Reflect\n|upkeep\n|\n|t:|1698624439\n|switch|p1a: Zed|Iron Valiant|100\/100\n|-damage|p1a: Zed|94\/100|[from] Stealth Rock\n|turn|15\n|\n|t:|1698624455\n|move|p1a: Zed|Close Combat|p2a: Doggo\n|-resisted|p2a: Doggo\n|-damage|p2a: Doggo|0 fnt\n|-unboost|p1a: Zed|def|1\n|-unboost|p1a: Zed|spd|1\n|-damage|p1a: Zed|78\/100|[from] item: Rocky Helmet|[of] p2a: Doggo\n|faint|p2a: Doggo\n|\n|upkeep\n|\n|t:|1698624462\n|switch|p2a: Spooky Cactus|Cacturne, F|100\/100\n|turn|16\n|\n|t:|1698624483\n|move|p2a: Spooky Cactus|Spiky Shield|p2a: Spooky Cactus\n|-singleturn|p2a: Spooky Cactus|move: Protect\n|move|p1a: Zed|Close Combat|p2a: Spooky Cactus\n|-activate|p2a: Spooky Cactus|move: Protect\n|-damage|p1a: Zed|65\/100|[from] Spiky Shield|[of] p2a: Spooky Cactus\n|\n|upkeep\n|turn|17\n|\n|t:|1698624526\n|-terastallize|p2a: Spooky Cactus|Poison\n|move|p1a: Zed|Close Combat|p2a: Spooky Cactus\n|-resisted|p2a: Spooky Cactus\n|-damage|p2a: Spooky Cactus|44\/100\n|-unboost|p1a: Zed|def|1\n|-unboost|p1a: Zed|spd|1\n|move|p2a: Spooky Cactus|Tera Blast|p1a: Zed|[anim] Tera Blast Poison\n|-supereffective|p1a: Zed\n|-damage|p1a: Zed|0 fnt\n|faint|p1a: Zed\n|-end|p1a: Zed|Quark Drive|[silent]\n|\n|upkeep\n|\n|t:|1698624537\n|switch|p1a: Azir|Hawlucha, F, shiny|29\/100\n|turn|18\n|\n|t:|1698624582\n|move|p2a: Spooky Cactus|Spiky Shield|p2a: Spooky Cactus\n|-singleturn|p2a: Spooky Cactus|move: Protect\n|move|p1a: Azir|Defog|p2a: Spooky Cactus\n|-activate|p2a: Spooky Cactus|move: Protect\n|\n|upkeep\n|turn|19\n|\n|t:|1698624624\n|move|p1a: Azir|Defog|p2a: Spooky Cactus\n|-unboost|p2a: Spooky Cactus|evasion|1\n|-sideend|p1: VoidOverl0rd|Stealth Rock|[from] move: Defog|[of] p1a: Azir\n|move|p2a: Spooky Cactus|Tera Blast|p1a: Azir|[anim] Tera Blast Poison\n|-damage|p1a: Azir|0 fnt\n|faint|p1a: Azir\n|\n|upkeep\n|\n|t:|1698624636\n|switch|p1a: Aurelion Sol|Dragapult, F, shiny|100\/100\n|turn|20\n|\n|t:|1698624655\n|switch|p2a: Inflatable T-rex|Tyranitar, M|100\/100\n|-weather|Sandstorm|[from] ability: Sand Stream|[of] p2a: Inflatable T-rex\n|move|p1a: Aurelion Sol|Substitute|p1a: Aurelion Sol\n|-start|p1a: Aurelion Sol|Substitute\n|-damage|p1a: Aurelion Sol|75\/100\n|\n|-weather|Sandstorm|[upkeep]\n|-damage|p1a: Aurelion Sol|69\/100|[from] Sandstorm\n|-heal|p1a: Aurelion Sol|75\/100|[from] item: Leftovers\n|upkeep\n|turn|21\n|\n|t:|1698624669\n|move|p1a: Aurelion Sol|Dragon Dance|p1a: Aurelion Sol\n|-boost|p1a: Aurelion Sol|atk|1\n|-boost|p1a: Aurelion Sol|spe|1\n|move|p2a: Inflatable T-rex|Iron Head|p1a: Aurelion Sol\n|-end|p1a: Aurelion Sol|Substitute\n|\n|-weather|Sandstorm|[upkeep]\n|-damage|p1a: Aurelion Sol|69\/100|[from] Sandstorm\n|-heal|p1a: Aurelion Sol|75\/100|[from] item: Leftovers\n|upkeep\n|turn|22\n|\n|t:|1698624768\n|move|p1a: Aurelion Sol|Dragon Darts|p2a: Inflatable T-rex\n|-damage|p2a: Inflatable T-rex|83\/100\n|-anim|p1a: Aurelion Sol|Dragon Darts|p2a: Inflatable T-rex\n|-damage|p2a: Inflatable T-rex|63\/100\n|move|p2a: Inflatable T-rex|Iron Head|p1a: Aurelion Sol\n|-damage|p1a: Aurelion Sol|49\/100\n|\n|-weather|Sandstorm|[upkeep]\n|-damage|p1a: Aurelion Sol|43\/100|[from] Sandstorm\n|-heal|p1a: Aurelion Sol|49\/100|[from] item: Leftovers\n|-heal|p2a: Inflatable T-rex|70\/100|[from] item: Leftovers\n|upkeep\n|turn|23\n|\n|t:|1698624786\n|move|p1a: Aurelion Sol|Dragon Dance|p1a: Aurelion Sol\n|-boost|p1a: Aurelion Sol|atk|1\n|-boost|p1a: Aurelion Sol|spe|1\n|move|p2a: Inflatable T-rex|Earthquake|p1a: Aurelion Sol\n|-damage|p1a: Aurelion Sol|19\/100\n|\n|-weather|Sandstorm|[upkeep]\n|-damage|p1a: Aurelion Sol|13\/100|[from] Sandstorm\n|-heal|p1a: Aurelion Sol|19\/100|[from] item: Leftovers\n|-heal|p2a: Inflatable T-rex|76\/100|[from] item: Leftovers\n|upkeep\n|turn|24\n|\n|t:|1698624796\n|move|p1a: Aurelion Sol|Baton Pass|p1a: Aurelion Sol\n|\n|t:|1698624798\n|switch|p1a: Renekton|Haxorus, F, shiny|88\/100|[from] Baton Pass\n|-ability|p1a: Renekton|Mold Breaker\n|move|p2a: Inflatable T-rex|Earthquake|p1a: Renekton\n|-damage|p1a: Renekton|47\/100\n|\n|-weather|none\n|-heal|p2a: Inflatable T-rex|82\/100|[from] item: Leftovers\n|upkeep\n|turn|25\n|\n|t:|1698624810\n|move|p1a: Renekton|Earthquake|p2a: Inflatable T-rex\n|-supereffective|p2a: Inflatable T-rex\n|-damage|p2a: Inflatable T-rex|0 fnt\n|faint|p2a: Inflatable T-rex\n|\n|upkeep\n|\n|t:|1698624814\n|switch|p2a: Dargin|Appletun, M|100\/100\n|turn|26\n|\n|t:|1698624827\n|move|p1a: Renekton|Poison Jab|p2a: Dargin\n|-supereffective|p2a: Dargin\n|-damage|p2a: Dargin|0 fnt\n|faint|p2a: Dargin\n|\n|upkeep\n|\n|t:|1698624837\n|switch|p2a: Spooky Cactus|Cacturne, F, tera:Poison|44\/100\n|turn|27\n|\n|t:|1698624845\n|move|p1a: Renekton|Earthquake|p2a: Spooky Cactus\n|-supereffective|p2a: Spooky Cactus\n|-damage|p2a: Spooky Cactus|0 fnt\n|faint|p2a: Spooky Cactus\n|\n|upkeep\n|\n|t:|1698624851\n|switch|p2a: Moth-person|Iron Moth|100\/100\n|-enditem|p2a: Moth-person|Booster Energy\n|-activate|p2a: Moth-person|ability: Quark Drive|[fromitem]\n|-start|p2a: Moth-person|quarkdrivespe\n|turn|28\n|\n|t:|1698624858\n|move|p1a: Renekton|Earthquake|p2a: Moth-person\n|-supereffective|p2a: Moth-person\n|-damage|p2a: Moth-person|0 fnt\n|faint|p2a: Moth-person\n|-end|p2a: Moth-person|Quark Drive|[silent]\n|\n|upkeep\n|\n|t:|1698624862\n|switch|p2a: Angy Elephant|Great Tusk|28\/100\n|turn|29\n|\n|t:|1698624867\n|move|p1a: Renekton|Earthquake|p2a: Angy Elephant\n|-damage|p2a: Angy Elephant|0 fnt\n|faint|p2a: Angy Elephant\n|-end|p2a: Angy Elephant|Protosynthesis|[silent]\n|\n|win|VoidOverl0rd\n","uploadtime":1698624889,"views":11,"p1id":"voidoverl0rd","p2id":"stormturtle500","formatid":"gen9anythinggoes","rating":0,"private":0,"password":""}