{"id":"gen9anythinggoes-1972924404","p1":"Lil_bryce","p2":"diobrando7","format":"[Gen 9] Anything Goes","log":"|j|\u2606Lil_bryce\n|j|\u2606diobrando7\n|t:|1697909397\n|gametype|singles\n|player|p1|Lil_bryce|2|1412\n|player|p2|diobrando7|red|1399\n|teamsize|p1|6\n|teamsize|p2|6\n|gen|9\n|tier|[Gen 9] Anything Goes\n|rated|\n|rule|HP Percentage Mod: HP is shown in percentages\n|rule|Endless Battle Clause: Forcing endless battles is banned\n|clearpoke\n|poke|p1|Calyrex-Shadow|\n|poke|p1|Arceus|\n|poke|p1|Chien-Pao|\n|poke|p1|Espathra, M|\n|poke|p1|Zacian-*|\n|poke|p1|Giratina|\n|poke|p2|Greninja-*, F|\n|poke|p2|Tinkaton, F|\n|poke|p2|Dragapult, F|\n|poke|p2|Garganacl, M|\n|poke|p2|Meowscarada, F|\n|poke|p2|Ceruledge, F|\n|teampreview\n|inactive|Battle timer is ON: inactive players will automatically lose when time's up. (requested by diobrando7)\n|c|\u2606diobrando7|omg\n|\n|t:|1697909412\n|start\n|switch|p1a: Dogecoin|Zacian-Crowned|100\/100\n|switch|p2a: Garganacl|Garganacl, M|100\/100\n|-ability|p1a: Dogecoin|Intrepid Sword|boost\n|-boost|p1a: Dogecoin|atk|1\n|turn|1\n|\n|t:|1697909421\n|-terastallize|p2a: Garganacl|Flying\n|move|p1a: Dogecoin|Behemoth Blade|p2a: Garganacl\n|-damage|p2a: Garganacl|44\/100\n|move|p2a: Garganacl|Salt Cure|p1a: Dogecoin\n|-resisted|p1a: Dogecoin\n|-damage|p1a: Dogecoin|94\/100\n|-start|p1a: Dogecoin|Salt Cure\n|\n|-heal|p2a: Garganacl|50\/100|[from] item: Leftovers\n|-damage|p1a: Dogecoin|69\/100|[from] Salt Cure\n|upkeep\n|turn|2\n|\n|t:|1697909431\n|switch|p2a: Ceruledge|Ceruledge, F|100\/100\n|move|p1a: Dogecoin|Behemoth Blade|p2a: Ceruledge\n|-resisted|p2a: Ceruledge\n|-damage|p2a: Ceruledge|38\/100\n|\n|-damage|p1a: Dogecoin|44\/100|[from] Salt Cure\n|upkeep\n|turn|3\n|\n|t:|1697909439\n|move|p1a: Dogecoin|Crunch|p2a: Ceruledge\n|-supereffective|p2a: Ceruledge\n|-damage|p2a: Ceruledge|0 fnt\n|faint|p2a: Ceruledge\n|\n|-damage|p1a: Dogecoin|19\/100|[from] Salt Cure\n|upkeep\n|\n|t:|1697909445\n|switch|p2a: Tinkaton|Tinkaton, F|100\/100\n|-ability|p2a: Tinkaton|Mold Breaker\n|turn|4\n|\n|t:|1697909451\n|move|p2a: Tinkaton|Fake Out|p1a: Dogecoin\n|-resisted|p1a: Dogecoin\n|-damage|p1a: Dogecoin|15\/100\n|cant|p1a: Dogecoin|flinch\n|\n|-damage|p1a: Dogecoin|0 fnt|[from] Salt Cure\n|faint|p1a: Dogecoin\n|upkeep\n|\n|t:|1697909462\n|switch|p1a: stat boost machine|Espathra, M|100\/100\n|turn|5\n|\n|t:|1697909466\n|move|p1a: stat boost machine|Calm Mind|p1a: stat boost machine\n|-boost|p1a: stat boost machine|spa|1\n|-boost|p1a: stat boost machine|spd|1\n|move|p2a: Tinkaton|Gigaton Hammer|p1a: stat boost machine\n|-damage|p1a: stat boost machine|33\/100\n|\n|-heal|p1a: stat boost machine|40\/100|[from] item: Leftovers\n|-ability|p1a: stat boost machine|Speed Boost|boost\n|-boost|p1a: stat boost machine|spe|1\n|upkeep\n|turn|6\n|\n|t:|1697909477\n|-terastallize|p1a: stat boost machine|Steel\n|move|p1a: stat boost machine|Calm Mind|p1a: stat boost machine\n|-boost|p1a: stat boost machine|spa|1\n|-boost|p1a: stat boost machine|spd|1\n|move|p2a: Tinkaton|Play Rough|p1a: stat boost machine\n|-resisted|p1a: stat boost machine\n|-crit|p1a: stat boost machine\n|-damage|p1a: stat boost machine|12\/100\n|\n|-heal|p1a: stat boost machine|18\/100|[from] item: Leftovers\n|-ability|p1a: stat boost machine|Speed Boost|boost\n|-boost|p1a: stat boost machine|spe|1\n|upkeep\n|turn|7\n|\n|t:|1697909490\n|move|p1a: stat boost machine|Baton Pass|p1a: stat boost machine\n|\n|t:|1697909492\n|switch|p1a: Speedrun.com|Calyrex-Shadow|100\/100|[from] Baton Pass\n|-ability|p1a: Speedrun.com|As One\n|-ability|p1a: Speedrun.com|Unnerve\n|move|p2a: Tinkaton|Gigaton Hammer|p1a: Speedrun.com\n|-damage|p1a: Speedrun.com|37\/100\n|\n|upkeep\n|turn|8\n|\n|t:|1697909504\n|switch|p2a: Greninja|Greninja, F|100\/100\n|move|p1a: Speedrun.com|Astral Barrage|p2a: Greninja\n|-resisted|p2a: Greninja\n|-damage|p2a: Greninja|0 fnt\n|faint|p2a: Greninja\n|-ability|p1a: Speedrun.com|Grim Neigh|boost\n|-boost|p1a: Speedrun.com|spa|1\n|\n|upkeep\n|\n|t:|1697909512\n|switch|p2a: Dragapult|Dragapult, F|100\/100\n|turn|9\n|\n|t:|1697909517\n|move|p2a: Dragapult|Sucker Punch|p1a: Speedrun.com\n|-supereffective|p1a: Speedrun.com\n|-damage|p1a: Speedrun.com|0 fnt\n|faint|p1a: Speedrun.com\n|\n|upkeep\n|\n|t:|1697909522\n|switch|p1a: E-40|Arceus|100\/100\n|turn|10\n|\n|t:|1697909525\n|switch|p2a: Garganacl|Garganacl, M, tera:Flying|50\/100\n|move|p1a: E-40|Shadow Claw|p2a: Garganacl\n|-damage|p2a: Garganacl|43\/100\n|\n|-heal|p2a: Garganacl|49\/100|[from] item: Leftovers\n|upkeep\n|turn|11\n|\n|t:|1697909535\n|move|p1a: E-40|Swords Dance|p1a: E-40\n|-boost|p1a: E-40|atk|2\n|move|p2a: Garganacl|Recover|p2a: Garganacl\n|-heal|p2a: Garganacl|99\/100\n|\n|-heal|p2a: Garganacl|100\/100|[from] item: Leftovers\n|upkeep\n|turn|12\n|\n|t:|1697909541\n|move|p1a: E-40|Swords Dance|p1a: E-40\n|-boost|p1a: E-40|atk|2\n|move|p2a: Garganacl|Salt Cure|p1a: E-40\n|-damage|p1a: E-40|91\/100\n|-start|p1a: E-40|Salt Cure\n|\n|-damage|p1a: E-40|79\/100|[from] Salt Cure\n|upkeep\n|turn|13\n|\n|t:|1697909550\n|move|p1a: E-40|Swords Dance|p1a: E-40\n|-boost|p1a: E-40|atk|2\n|move|p2a: Garganacl|Body Press|p1a: E-40\n|-supereffective|p1a: E-40\n|-damage|p1a: E-40|35\/100\n|\n|-damage|p1a: E-40|23\/100|[from] Salt Cure\n|upkeep\n|turn|14\n|\n|t:|1697909558\n|move|p1a: E-40|Extreme Speed|p2a: Garganacl\n|-damage|p2a: Garganacl|0 fnt\n|faint|p2a: Garganacl\n|\n|-damage|p1a: E-40|10\/100|[from] Salt Cure\n|upkeep\n|\n|t:|1697909564\n|switch|p2a: Tinkaton|Tinkaton, F|100\/100\n|-ability|p2a: Tinkaton|Mold Breaker\n|turn|15\n|\n|t:|1697909568\n|move|p2a: Tinkaton|Fake Out|p1a: E-40\n|-damage|p1a: E-40|5\/100\n|cant|p1a: E-40|flinch\n|\n|-damage|p1a: E-40|0 fnt|[from] Salt Cure\n|faint|p1a: E-40\n|upkeep\n|\n|t:|1697909576\n|switch|p1a: Bulk bat|Giratina|100\/100\n|-ability|p1a: Bulk bat|Pressure\n|turn|16\n|\n|t:|1697909584\n|move|p2a: Tinkaton|Play Rough|p1a: Bulk bat\n|-supereffective|p1a: Bulk bat\n|-crit|p1a: Bulk bat\n|-damage|p1a: Bulk bat|62\/100\n|move|p1a: Bulk bat|Confuse Ray|p2a: Tinkaton\n|-start|p2a: Tinkaton|confusion\n|\n|-heal|p1a: Bulk bat|69\/100|[from] item: Leftovers\n|upkeep\n|turn|17\n|\n|t:|1697909592\n|-activate|p2a: Tinkaton|confusion\n|move|p2a: Tinkaton|Play Rough|p1a: Bulk bat\n|-supereffective|p1a: Bulk bat\n|-damage|p1a: Bulk bat|42\/100\n|move|p1a: Bulk bat|Will-O-Wisp|p2a: Tinkaton|[miss]\n|-miss|p1a: Bulk bat|p2a: Tinkaton\n|\n|-heal|p1a: Bulk bat|48\/100|[from] item: Leftovers\n|upkeep\n|turn|18\n|\n|t:|1697909606\n|-activate|p2a: Tinkaton|confusion\n|move|p2a: Tinkaton|Play Rough|p1a: Bulk bat\n|-supereffective|p1a: Bulk bat\n|-damage|p1a: Bulk bat|18\/100\n|move|p1a: Bulk bat|Will-O-Wisp|p2a: Tinkaton\n|-status|p2a: Tinkaton|brn\n|\n|-heal|p1a: Bulk bat|25\/100|[from] item: Leftovers\n|-damage|p2a: Tinkaton|94\/100 brn|[from] brn\n|upkeep\n|turn|19\n|\n|t:|1697909618\n|-activate|p2a: Tinkaton|confusion\n|move|p2a: Tinkaton|Play Rough|p1a: Bulk bat\n|-supereffective|p1a: Bulk bat\n|-damage|p1a: Bulk bat|11\/100\n|move|p1a: Bulk bat|Shadow Force||[still]\n|-prepare|p1a: Bulk bat|Shadow Force\n|\n|-heal|p1a: Bulk bat|17\/100|[from] item: Leftovers\n|-damage|p2a: Tinkaton|88\/100 brn|[from] brn\n|upkeep\n|turn|20\n|\n|t:|1697909629\n|-end|p2a: Tinkaton|confusion\n|move|p2a: Tinkaton|Gigaton Hammer|p1a: Bulk bat|[miss]\n|-miss|p2a: Tinkaton|p1a: Bulk bat\n|move|p1a: Bulk bat|Shadow Force|p2a: Tinkaton|[from]lockedmove\n|-damage|p2a: Tinkaton|47\/100 brn\n|\n|-heal|p1a: Bulk bat|24\/100|[from] item: Leftovers\n|-damage|p2a: Tinkaton|41\/100 brn|[from] brn\n|upkeep\n|turn|21\n|\n|t:|1697909648\n|move|p2a: Tinkaton|Play Rough|p1a: Bulk bat\n|-supereffective|p1a: Bulk bat\n|-damage|p1a: Bulk bat|10\/100\n|move|p1a: Bulk bat|Shadow Force||[still]\n|-prepare|p1a: Bulk bat|Shadow Force\n|\n|-heal|p1a: Bulk bat|16\/100|[from] item: Leftovers\n|-damage|p2a: Tinkaton|35\/100 brn|[from] brn\n|upkeep\n|turn|22\n|\n|t:|1697909664\n|switch|p2a: Meowscarada|Meowscarada, F|100\/100\n|move|p1a: Bulk bat|Shadow Force|p2a: Meowscarada|[from]lockedmove\n|-resisted|p2a: Meowscarada\n|-damage|p2a: Meowscarada|68\/100\n|\n|-heal|p1a: Bulk bat|23\/100|[from] item: Leftovers\n|upkeep\n|turn|23\n|\n|t:|1697909675\n|switch|p1a: wish.com zacian|Chien-Pao|100\/100\n|-ability|p1a: wish.com zacian|Sword of Ruin\n|move|p2a: Meowscarada|Play Rough|p1a: wish.com zacian\n|-supereffective|p1a: wish.com zacian\n|-damage|p1a: wish.com zacian|18\/100\n|\n|upkeep\n|turn|24\n|\n|t:|1697909685\n|move|p2a: Meowscarada|Play Rough|p1a: wish.com zacian\n|-supereffective|p1a: wish.com zacian\n|-damage|p1a: wish.com zacian|0 fnt\n|faint|p1a: wish.com zacian\n|\n|upkeep\n|-message|Lil_bryce forfeited.\n|\n|win|diobrando7\n|raw|Lil_bryce's rating: 1412 &rarr; <strong>1391<\/strong><br \/>(-21 for losing)\n|raw|diobrando7's rating: 1399 &rarr; <strong>1420<\/strong><br \/>(+21 for winning)\n|l|\u2606Lil_bryce\n|c|\u2606diobrando7|ezzzzz\n|c|\u2606diobrando7|ezzzzzzzzzz\n","uploadtime":1697909703,"views":6,"p1id":"lilbryce","p2id":"diobrando7","formatid":"gen9anythinggoes","rating":1391,"private":0,"password":""}