{"id":"gen9anythinggoes-1984405460","p1":"15Luap09","p2":"Munchlax Snorlax","format":"[Gen 9] Anything Goes","log":"|j|\u260615Luap09\n|j|\u2606Munchlax Snorlax\n|t:|1699257850\n|gametype|singles\n|player|p1|15Luap09|1|1204\n|player|p2|Munchlax Snorlax|hilbert|1071\n|teamsize|p1|6\n|teamsize|p2|6\n|gen|9\n|tier|[Gen 9] Anything Goes\n|rated|\n|rule|HP Percentage Mod: HP is shown in percentages\n|rule|Endless Battle Clause: Forcing endless battles is banned\n|clearpoke\n|poke|p1|Espathra, M|\n|poke|p1|Grimmsnarl, M|\n|poke|p1|Nacli, F|\n|poke|p1|Dudunsparce-*, F|\n|poke|p1|Scream Tail|\n|poke|p1|Chansey, F|\n|poke|p2|Arceus|\n|poke|p2|Arceus|\n|poke|p2|Arceus|\n|poke|p2|Arceus|\n|poke|p2|Arceus|\n|poke|p2|Arceus|\n|teampreview\n|\n|t:|1699257867\n|start\n|switch|p1a: Grimsley|Grimmsnarl, M, shiny|100\/100\n|switch|p2a: Arceus|Arceus, shiny|100\/100\n|turn|1\n|inactive|Battle timer is ON: inactive players will automatically lose when time's up. (requested by 15Luap09)\n|\n|t:|1699257908\n|move|p1a: Grimsley|Reflect|p1a: Grimsley\n|-sidestart|p1: 15Luap09|Reflect\n|move|p2a: Arceus|Calm Mind|p2a: Arceus\n|-boost|p2a: Arceus|spa|1\n|-boost|p2a: Arceus|spd|1\n|\n|upkeep\n|turn|2\n|c|\u260615Luap09|Six Arceus? Lol\n|\n|t:|1699257917\n|move|p1a: Grimsley|Fling|p2a: Arceus\n|-damage|p2a: Arceus|91\/100\n|-status|p2a: Arceus|par\n|-enditem|p1a: Grimsley|Light Ball|[from] move: Fling\n|move|p2a: Arceus|Calm Mind|p2a: Arceus\n|-boost|p2a: Arceus|spa|1\n|-boost|p2a: Arceus|spd|1\n|\n|upkeep\n|turn|3\n|\n|t:|1699257927\n|move|p1a: Grimsley|Light Screen|p1a: Grimsley\n|-sidestart|p1: 15Luap09|move: Light Screen\n|move|p2a: Arceus|Aura Sphere|p1a: Grimsley\n|-crit|p1a: Grimsley\n|-damage|p1a: Grimsley|39\/100\n|\n|upkeep\n|turn|4\n|\n|t:|1699257933\n|move|p1a: Grimsley|Thief|p2a: Arceus\n|-damage|p2a: Arceus|74\/100 par\n|-enditem|p2a: Arceus|Power Band|[silent]|[from] move: Thief|[of] p1a: Grimsley\n|-item|p1a: Grimsley|Power Band|[from] move: Thief|[of] p2a: Arceus\n|move|p2a: Arceus|Aura Sphere|p1a: Grimsley\n|-damage|p1a: Grimsley|21\/100\n|\n|upkeep\n|turn|5\n|\n|t:|1699257949\n|move|p2a: Arceus|Judgment|p1a: Grimsley\n|-damage|p1a: Grimsley|0 fnt\n|faint|p1a: Grimsley\n|\n|-sideend|p1: 15Luap09|Reflect\n|upkeep\n|\n|t:|1699257959\n|switch|p1a: Espartame|Espathra, M|100\/100\n|turn|6\n|\n|t:|1699257966\n|switch|p2a: Arceus|Arceus, shiny|100\/100\n|move|p1a: Espartame|Substitute|p1a: Espartame\n|-start|p1a: Espartame|Substitute\n|-damage|p1a: Espartame|76\/100\n|\n|-heal|p1a: Espartame|82\/100|[from] item: Leftovers\n|-ability|p1a: Espartame|Speed Boost|boost\n|-boost|p1a: Espartame|spe|1\n|upkeep\n|turn|7\n|\n|t:|1699257975\n|move|p1a: Espartame|Calm Mind|p1a: Espartame\n|-boost|p1a: Espartame|spa|1\n|-boost|p1a: Espartame|spd|1\n|move|p2a: Arceus|Calm Mind|p2a: Arceus\n|-boost|p2a: Arceus|spa|1\n|-boost|p2a: Arceus|spd|1\n|\n|-heal|p1a: Espartame|88\/100|[from] item: Leftovers\n|-sideend|p1: 15Luap09|move: Light Screen\n|-ability|p1a: Espartame|Speed Boost|boost\n|-boost|p1a: Espartame|spe|1\n|upkeep\n|turn|8\n|\n|t:|1699257988\n|move|p1a: Espartame|Calm Mind|p1a: Espartame\n|-boost|p1a: Espartame|spa|1\n|-boost|p1a: Espartame|spd|1\n|move|p2a: Arceus|Calm Mind|p2a: Arceus\n|-boost|p2a: Arceus|spa|1\n|-boost|p2a: Arceus|spd|1\n|\n|-heal|p1a: Espartame|94\/100|[from] item: Leftovers\n|-ability|p1a: Espartame|Speed Boost|boost\n|-boost|p1a: Espartame|spe|1\n|upkeep\n|turn|9\n|\n|t:|1699257998\n|move|p1a: Espartame|Calm Mind|p1a: Espartame\n|-boost|p1a: Espartame|spa|1\n|-boost|p1a: Espartame|spd|1\n|move|p2a: Arceus|Light Screen|p2a: Arceus\n|-sidestart|p2: Munchlax Snorlax|move: Light Screen\n|\n|-heal|p1a: Espartame|99\/100|[from] item: Leftovers\n|-ability|p1a: Espartame|Speed Boost|boost\n|-boost|p1a: Espartame|spe|1\n|upkeep\n|turn|10\n|\n|t:|1699258007\n|move|p1a: Espartame|Calm Mind|p1a: Espartame\n|-boost|p1a: Espartame|spa|1\n|-boost|p1a: Espartame|spd|1\n|move|p2a: Arceus|Aura Sphere|p1a: Espartame\n|-resisted|p1a: Espartame\n|-activate|p1a: Espartame|move: Substitute|[damage]\n|\n|-heal|p1a: Espartame|100\/100|[from] item: Leftovers\n|-ability|p1a: Espartame|Speed Boost|boost\n|-boost|p1a: Espartame|spe|1\n|upkeep\n|turn|11\n|\n|t:|1699258018\n|move|p1a: Espartame|Calm Mind|p1a: Espartame\n|-boost|p1a: Espartame|spa|1\n|-boost|p1a: Espartame|spd|1\n|move|p2a: Arceus|Aura Sphere|p1a: Espartame\n|-resisted|p1a: Espartame\n|-activate|p1a: Espartame|move: Substitute|[damage]\n|\n|-ability|p1a: Espartame|Speed Boost|boost\n|-boost|p1a: Espartame|spe|1\n|upkeep\n|turn|12\n|\n|t:|1699258028\n|move|p1a: Espartame|Calm Mind|p1a: Espartame\n|-boost|p1a: Espartame|spa|1\n|-boost|p1a: Espartame|spd|1\n|move|p2a: Arceus|Judgment|p1a: Espartame\n|-end|p1a: Espartame|Substitute\n|\n|upkeep\n|turn|13\n|\n|t:|1699258036\n|move|p1a: Espartame|Substitute|p1a: Espartame\n|-start|p1a: Espartame|Substitute\n|-damage|p1a: Espartame|76\/100\n|move|p2a: Arceus|Judgment|p1a: Espartame\n|-activate|p1a: Espartame|move: Substitute|[damage]\n|\n|-heal|p1a: Espartame|82\/100|[from] item: Leftovers\n|-sideend|p2: Munchlax Snorlax|move: Light Screen\n|upkeep\n|turn|14\n|\n|t:|1699258046\n|move|p1a: Espartame|Lumina Crash|p2a: Arceus\n|-damage|p2a: Arceus|66\/100\n|-unboost|p2a: Arceus|spd|2\n|move|p2a: Arceus|Light Screen|p2a: Arceus\n|-sidestart|p2: Munchlax Snorlax|move: Light Screen\n|\n|-heal|p1a: Espartame|88\/100|[from] item: Leftovers\n|upkeep\n|turn|15\n|\n|t:|1699258059\n|move|p1a: Espartame|Lumina Crash|p2a: Arceus\n|-damage|p2a: Arceus|33\/100\n|-unboost|p2a: Arceus|spd|2\n|move|p2a: Arceus|Judgment|p1a: Espartame\n|-end|p1a: Espartame|Substitute\n|\n|-heal|p1a: Espartame|94\/100|[from] item: Leftovers\n|upkeep\n|turn|16\n|\n|t:|1699258069\n|move|p1a: Espartame|Substitute|p1a: Espartame\n|-start|p1a: Espartame|Substitute\n|-damage|p1a: Espartame|69\/100\n|move|p2a: Arceus|Judgment|p1a: Espartame\n|-activate|p1a: Espartame|move: Substitute|[damage]\n|\n|-heal|p1a: Espartame|75\/100|[from] item: Leftovers\n|upkeep\n|turn|17\n|\n|t:|1699258079\n|move|p1a: Espartame|Baton Pass|p1a: Espartame\n|\n|t:|1699258081\n|switch|p1a: Salty DC?|Nacli, F, shiny|100\/100|[from] Baton Pass\n|move|p2a: Arceus|Light Screen||[still]\n|-fail|p2a: Arceus\n|\n|upkeep\n|turn|18\n|\n|t:|1699258092\n|switch|p2a: Arceus|Arceus, shiny|74\/100 par\n|move|p1a: Salty DC?|Ancient Power|p2a: Arceus\n|-damage|p2a: Arceus|55\/100 par\n|\n|-sideend|p2: Munchlax Snorlax|move: Light Screen\n|upkeep\n|turn|19\n|\n|t:|1699258100\n|move|p1a: Salty DC?|Ancient Power|p2a: Arceus\n|-damage|p2a: Arceus|19\/100 par\n|move|p2a: Arceus|Judgment|p1a: Salty DC?\n|-resisted|p1a: Salty DC?\n|-end|p1a: Salty DC?|Substitute\n|\n|upkeep\n|turn|20\n|\n|t:|1699258108\n|switch|p2a: Arceus|Arceus, shiny|100\/100\n|move|p1a: Salty DC?|Ancient Power|p2a: Arceus\n|-damage|p2a: Arceus|59\/100\n|\n|upkeep\n|turn|21\n|\n|t:|1699258115\n|move|p1a: Salty DC?|Ancient Power|p2a: Arceus\n|-damage|p2a: Arceus|18\/100\n|move|p2a: Arceus|Judgment|p1a: Salty DC?\n|-resisted|p1a: Salty DC?\n|-damage|p1a: Salty DC?|88\/100\n|\n|upkeep\n|turn|22\n|\n|t:|1699258123\n|move|p1a: Salty DC?|Earth Power|p2a: Arceus\n|-damage|p2a: Arceus|0 fnt\n|faint|p2a: Arceus\n|\n|upkeep\n|\n|t:|1699258127\n|switch|p2a: Arceus|Arceus, shiny|100\/100\n|turn|23\n|\n|t:|1699258138\n|move|p1a: Salty DC?|Ancient Power|p2a: Arceus\n|-damage|p2a: Arceus|59\/100\n|move|p2a: Arceus|Aura Sphere|p1a: Salty DC?\n|-supereffective|p1a: Salty DC?\n|-damage|p1a: Salty DC?|59\/100\n|\n|upkeep\n|turn|24\n|\n|t:|1699258148\n|move|p1a: Salty DC?|Ancient Power|p2a: Arceus\n|-damage|p2a: Arceus|23\/100\n|move|p2a: Arceus|Calm Mind|p2a: Arceus\n|-boost|p2a: Arceus|spa|1\n|-boost|p2a: Arceus|spd|1\n|\n|upkeep\n|turn|25\n|\n|t:|1699258154\n|move|p1a: Salty DC?|Ancient Power|p2a: Arceus\n|-damage|p2a: Arceus|0 fnt\n|faint|p2a: Arceus\n|\n|upkeep\n|\n|t:|1699258159\n|switch|p2a: Arceus|Arceus, shiny|100\/100\n|turn|26\n|\n|t:|1699258163\n|move|p1a: Salty DC?|Ancient Power|p2a: Arceus\n|-damage|p2a: Arceus|58\/100\n|move|p2a: Arceus|Calm Mind|p2a: Arceus\n|-boost|p2a: Arceus|spa|1\n|-boost|p2a: Arceus|spd|1\n|\n|upkeep\n|turn|27\n|\n|t:|1699258172\n|move|p1a: Salty DC?|Earth Power|p2a: Arceus\n|-damage|p2a: Arceus|29\/100\n|move|p2a: Arceus|Judgment|p1a: Salty DC?\n|-resisted|p1a: Salty DC?\n|-damage|p1a: Salty DC?|39\/100\n|\n|upkeep\n|turn|28\n|\n|t:|1699258180\n|move|p1a: Salty DC?|Earth Power|p2a: Arceus\n|-damage|p2a: Arceus|2\/100\n|move|p2a: Arceus|Aura Sphere|p1a: Salty DC?\n|-supereffective|p1a: Salty DC?\n|-damage|p1a: Salty DC?|0 fnt\n|faint|p1a: Salty DC?\n|\n|upkeep\n|\n|t:|1699258190\n|switch|p1a: Punch Bag|Chansey, F, shiny|100\/100\n|turn|29\n|\n|t:|1699258195\n|switch|p2a: Arceus|Arceus, shiny|100\/100\n|move|p1a: Punch Bag|Body Slam|p2a: Arceus\n|-damage|p2a: Arceus|90\/100\n|\n|upkeep\n|turn|30\n|\n|t:|1699258205\n|move|p2a: Arceus|Calm Mind|p2a: Arceus\n|-boost|p2a: Arceus|spa|1\n|-boost|p2a: Arceus|spd|1\n|move|p1a: Punch Bag|Body Slam|p2a: Arceus\n|-damage|p2a: Arceus|79\/100\n|-status|p2a: Arceus|par\n|\n|upkeep\n|turn|31\n|\n|t:|1699258215\n|move|p1a: Punch Bag|Body Slam|p2a: Arceus\n|-damage|p2a: Arceus|69\/100 par\n|move|p2a: Arceus|Aura Sphere|p1a: Punch Bag\n|-supereffective|p1a: Punch Bag\n|-damage|p1a: Punch Bag|65\/100\n|\n|upkeep\n|turn|32\n|\n|t:|1699258222\n|move|p1a: Punch Bag|Drain Punch|p2a: Arceus\n|-supereffective|p2a: Arceus\n|-damage|p2a: Arceus|56\/100 par\n|-heal|p1a: Punch Bag|69\/100|[from] drain|[of] p2a: Arceus\n|move|p2a: Arceus|Judgment|p1a: Punch Bag\n|-damage|p1a: Punch Bag|39\/100\n|\n|upkeep\n|turn|33\n|\n|t:|1699258231\n|move|p1a: Punch Bag|Drain Punch|p2a: Arceus\n|-supereffective|p2a: Arceus\n|-damage|p2a: Arceus|42\/100 par\n|-heal|p1a: Punch Bag|43\/100|[from] drain|[of] p2a: Arceus\n|move|p2a: Arceus|Light Screen|p2a: Arceus\n|-sidestart|p2: Munchlax Snorlax|move: Light Screen\n|\n|upkeep\n|turn|34\n|\n|t:|1699258238\n|move|p1a: Punch Bag|Drain Punch|p2a: Arceus\n|-supereffective|p2a: Arceus\n|-damage|p2a: Arceus|28\/100 par\n|-heal|p1a: Punch Bag|47\/100|[from] drain|[of] p2a: Arceus\n|cant|p2a: Arceus|par\n|\n|upkeep\n|turn|35\n|\n|t:|1699258247\n|switch|p2a: Arceus|Arceus, shiny|33\/100\n|move|p1a: Punch Bag|Drain Punch|p2a: Arceus\n|-supereffective|p2a: Arceus\n|-damage|p2a: Arceus|20\/100\n|-heal|p1a: Punch Bag|51\/100|[from] drain|[of] p2a: Arceus\n|\n|upkeep\n|turn|36\n|\n|t:|1699258258\n|-terastallize|p2a: Arceus|Psychic\n|move|p2a: Arceus|Judgment|p1a: Punch Bag\n|-damage|p1a: Punch Bag|30\/100\n|move|p1a: Punch Bag|Drain Punch|p2a: Arceus\n|-resisted|p2a: Arceus\n|-damage|p2a: Arceus|17\/100\n|-heal|p1a: Punch Bag|31\/100|[from] drain|[of] p2a: Arceus\n|\n|upkeep\n|turn|37\n|\n|t:|1699258268\n|move|p2a: Arceus|Aura Sphere|p1a: Punch Bag\n|-supereffective|p1a: Punch Bag\n|-damage|p1a: Punch Bag|10\/100\n|move|p1a: Punch Bag|Body Slam|p2a: Arceus\n|-damage|p2a: Arceus|6\/100\n|-status|p2a: Arceus|par\n|\n|-sideend|p2: Munchlax Snorlax|move: Light Screen\n|upkeep\n|turn|38\n|\n|t:|1699258279\n|-terastallize|p1a: Punch Bag|Ghost\n|move|p1a: Punch Bag|Body Slam|p2a: Arceus\n|-crit|p2a: Arceus\n|-damage|p2a: Arceus|0 fnt\n|faint|p2a: Arceus\n|\n|upkeep\n|\n|t:|1699258286\n|switch|p2a: Arceus|Arceus, shiny|28\/100 par\n|turn|39\n|\n|t:|1699258292\n|move|p1a: Punch Bag|Drain Punch|p2a: Arceus\n|-supereffective|p2a: Arceus\n|-damage|p2a: Arceus|17\/100 par\n|-heal|p1a: Punch Bag|13\/100|[from] drain|[of] p2a: Arceus\n|move|p2a: Arceus|Aura Sphere|p1a: Punch Bag\n|-immune|p1a: Punch Bag\n|\n|upkeep\n|turn|40\n|\n|t:|1699258300\n|move|p1a: Punch Bag|Drain Punch|p2a: Arceus\n|-supereffective|p2a: Arceus\n|-damage|p2a: Arceus|5\/100 par\n|-heal|p1a: Punch Bag|17\/100|[from] drain|[of] p2a: Arceus\n|move|p2a: Arceus|Judgment|p1a: Punch Bag\n|-immune|p1a: Punch Bag\n|\n|upkeep\n|turn|41\n|c|\u260615Luap09|Tera ghost lol\n|\n|t:|1699258316\n|switch|p2a: Arceus|Arceus, shiny|19\/100 par\n|move|p1a: Punch Bag|Drain Punch|p2a: Arceus\n|-supereffective|p2a: Arceus\n|-damage|p2a: Arceus|6\/100 par\n|-heal|p1a: Punch Bag|21\/100|[from] drain|[of] p2a: Arceus\n|\n|upkeep\n|turn|42\n|\n|t:|1699258324\n|cant|p2a: Arceus|par\n|move|p1a: Punch Bag|Body Slam|p2a: Arceus\n|-damage|p2a: Arceus|0 fnt\n|faint|p2a: Arceus\n|\n|upkeep\n|\n|t:|1699258330\n|switch|p2a: Arceus|Arceus, shiny|5\/100 par\n|turn|43\n|c|\u260615Luap09|Was that going to be extreme speed?\n|\n|t:|1699258344\n|move|p1a: Punch Bag|Body Slam|p2a: Arceus\n|-damage|p2a: Arceus|0 fnt\n|faint|p2a: Arceus\n|\n|upkeep\n|\n|t:|1699258350\n|switch|p2a: Arceus|Arceus, shiny|2\/100\n|turn|44\n|\n|t:|1699258353\n|move|p2a: Arceus|Judgment|p1a: Punch Bag\n|-immune|p1a: Punch Bag\n|move|p1a: Punch Bag|Giga Impact|p2a: Arceus\n|-crit|p2a: Arceus\n|-damage|p2a: Arceus|0 fnt\n|-mustrecharge|p1a: Punch Bag\n|faint|p2a: Arceus\n|\n|win|15Luap09\n|raw|15Luap09's rating: 1204 &rarr; <strong>1220<\/strong><br \/>(+16 for winning)\n|raw|Munchlax Snorlax's rating: 1071 &rarr; <strong>1058<\/strong><br \/>(-13 for losing)\n|c|\u260615Luap09|GG\n|l|\u2606Munchlax Snorlax\n|c|\u260615Luap09|Imagine being swamped by a special Nacli and physical Chansey \ud83e\udd23\n","uploadtime":1699258400,"views":3,"p1id":"15luap09","p2id":"munchlaxsnorlax","formatid":"gen9anythinggoes","rating":1058,"private":0,"password":""}