{"id":"gen9anythinggoes-1992379645","p1":"DR4N","p2":"nuhuhbro69696969","format":"[Gen 9] Anything Goes","log":"|j|\u2606DR4N\n|j|\u2606nuhuhbro69696969\n|t:|1700180815\n|gametype|singles\n|player|p1|DR4N|lucas-gen4pt|1078\n|player|p2|nuhuhbro69696969|1|1098\n|teamsize|p1|6\n|teamsize|p2|6\n|gen|9\n|tier|[Gen 9] Anything Goes\n|rated|\n|rule|HP Percentage Mod: HP is shown in percentages\n|rule|Endless Battle Clause: Forcing endless battles is banned\n|clearpoke\n|poke|p1|Umbreon, M|\n|poke|p1|Lycanroc-Dusk, M|\n|poke|p1|Pawmot, F|\n|poke|p1|Clodsire, M|\n|poke|p1|Gogoat, M|\n|poke|p1|Arcanine, M|\n|poke|p2|Trevenant, F|\n|poke|p2|Forretress, M|\n|poke|p2|Forretress, F|\n|poke|p2|Forretress, M|\n|poke|p2|Gardevoir, F|\n|poke|p2|Houndstone, F|\n|teampreview\n|inactive|Battle timer is ON: inactive players will automatically lose when time's up. (requested by nuhuhbro69696969)\n|\n|t:|1700180844\n|start\n|switch|p1a: Bobby|Clodsire, M, shiny|100\/100\n|switch|p2a: Trevenant|Trevenant, F, shiny|100\/100\n|turn|1\n|\n|t:|1700180850\n|move|p2a: Trevenant|Leech Seed|p1a: Bobby\n|-start|p1a: Bobby|move: Leech Seed\n|move|p1a: Bobby|Stealth Rock|p2a: Trevenant\n|-sidestart|p2: nuhuhbro69696969|move: Stealth Rock\n|\n|-damage|p1a: Bobby|88\/100|[from] Leech Seed|[of] p2a: Trevenant\n|upkeep\n|turn|2\n|\n|t:|1700180856\n|move|p2a: Trevenant|Calm Mind|p2a: Trevenant\n|-boost|p2a: Trevenant|spa|1\n|-boost|p2a: Trevenant|spd|1\n|move|p1a: Bobby|Toxic Spikes|p2a: Trevenant\n|-sidestart|p2: nuhuhbro69696969|move: Toxic Spikes\n|\n|-heal|p1a: Bobby|94\/100|[from] item: Leftovers\n|-damage|p1a: Bobby|82\/100|[from] Leech Seed|[of] p2a: Trevenant\n|upkeep\n|turn|3\n|\n|t:|1700180863\n|move|p2a: Trevenant|Calm Mind|p2a: Trevenant\n|-boost|p2a: Trevenant|spa|1\n|-boost|p2a: Trevenant|spd|1\n|move|p1a: Bobby|Toxic Spikes|p2a: Trevenant\n|-sidestart|p2: nuhuhbro69696969|move: Toxic Spikes\n|\n|-heal|p1a: Bobby|88\/100|[from] item: Leftovers\n|-damage|p1a: Bobby|75\/100|[from] Leech Seed|[of] p2a: Trevenant\n|upkeep\n|turn|4\n|\n|t:|1700180873\n|move|p2a: Trevenant|Calm Mind|p2a: Trevenant\n|-boost|p2a: Trevenant|spa|1\n|-boost|p2a: Trevenant|spd|1\n|move|p1a: Bobby|Recover|p1a: Bobby\n|-heal|p1a: Bobby|100\/100\n|\n|-damage|p1a: Bobby|88\/100|[from] Leech Seed|[of] p2a: Trevenant\n|upkeep\n|turn|5\n|\n|t:|1700180895\n|switch|p1a: Billy|Gogoat, M, shiny|100\/100\n|move|p2a: Trevenant|Calm Mind|p2a: Trevenant\n|-boost|p2a: Trevenant|spa|1\n|-boost|p2a: Trevenant|spd|1\n|\n|upkeep\n|turn|6\n|\n|t:|1700180901\n|move|p2a: Trevenant|Focus Blast|p1a: Billy\n|-damage|p1a: Billy|49\/100\n|move|p1a: Billy|Play Rough|p2a: Trevenant|[miss]\n|-miss|p1a: Billy|p2a: Trevenant\n|\n|upkeep\n|turn|7\n|c|\u2606DR4N|Man.\n|\n|t:|1700180912\n|move|p2a: Trevenant|Focus Blast|p1a: Billy|[miss]\n|-miss|p2a: Trevenant|p1a: Billy\n|move|p1a: Billy|Play Rough|p2a: Trevenant\n|-damage|p2a: Trevenant|66\/100\n|\n|upkeep\n|turn|8\n|\n|t:|1700180920\n|move|p2a: Trevenant|Focus Blast|p1a: Billy|[miss]\n|-miss|p2a: Trevenant|p1a: Billy\n|move|p1a: Billy|Play Rough|p2a: Trevenant\n|-damage|p2a: Trevenant|32\/100\n|\n|upkeep\n|turn|9\n|\n|t:|1700180931\n|-terastallize|p1a: Billy|Fairy\n|move|p2a: Trevenant|Disable|p1a: Billy\n|-start|p1a: Billy|Disable|Play Rough\n|cant|p1a: Billy|Disable|Play Rough\n|\n|upkeep\n|turn|10\n|\n|t:|1700180938\n|move|p2a: Trevenant|Focus Blast|p1a: Billy\n|-resisted|p1a: Billy\n|-damage|p1a: Billy|24\/100\n|move|p1a: Billy|Milk Drink|p1a: Billy\n|-heal|p1a: Billy|74\/100\n|\n|upkeep\n|turn|11\n|\n|t:|1700180948\n|switch|p1a: Bobby|Clodsire, M, shiny|88\/100\n|move|p2a: Trevenant|Leech Seed|p1a: Bobby\n|-start|p1a: Bobby|move: Leech Seed\n|\n|-heal|p1a: Bobby|94\/100|[from] item: Leftovers\n|-damage|p1a: Bobby|82\/100|[from] Leech Seed|[of] p2a: Trevenant\n|-heal|p2a: Trevenant|49\/100|[silent]\n|upkeep\n|turn|12\n|\n|t:|1700180956\n|move|p2a: Trevenant|Calm Mind|p2a: Trevenant\n|-boost|p2a: Trevenant|spa|1\n|-boost|p2a: Trevenant|spd|1\n|move|p1a: Bobby|Earthquake|p2a: Trevenant\n|-resisted|p2a: Trevenant\n|-damage|p2a: Trevenant|33\/100\n|\n|-heal|p1a: Bobby|88\/100|[from] item: Leftovers\n|-damage|p1a: Bobby|75\/100|[from] Leech Seed|[of] p2a: Trevenant\n|-heal|p2a: Trevenant|50\/100|[silent]\n|upkeep\n|turn|13\n|\n|t:|1700180967\n|switch|p1a: Billy|Gogoat, M, shiny, tera:Fairy|74\/100\n|move|p2a: Trevenant|Disable||[still]\n|-fail|p2a: Trevenant\n|\n|upkeep\n|turn|14\n|\n|t:|1700180973\n|move|p2a: Trevenant|Disable||[still]\n|-fail|p2a: Trevenant\n|move|p1a: Billy|Milk Drink|p1a: Billy\n|-heal|p1a: Billy|100\/100\n|\n|upkeep\n|turn|15\n|\n|t:|1700180980\n|move|p2a: Trevenant|Calm Mind|p2a: Trevenant\n|-boost|p2a: Trevenant|spa|1\n|-boost|p2a: Trevenant|spd|1\n|move|p1a: Billy|Play Rough|p2a: Trevenant\n|-damage|p2a: Trevenant|5\/100\n|\n|upkeep\n|turn|16\n|\n|t:|1700180987\n|switch|p1a: Sonic|Lycanroc-Dusk, M, shiny|100\/100\n|move|p2a: Trevenant|Disable||[still]\n|-fail|p2a: Trevenant\n|\n|upkeep\n|turn|17\n|\n|t:|1700180996\n|switch|p2a: Forretress|Forretress, M|100\/100\n|-damage|p2a: Forretress|88\/100|[from] Stealth Rock\n|move|p1a: Sonic|Accelerock|p2a: Forretress\n|-damage|p2a: Forretress|61\/100\n|-damage|p1a: Sonic|91\/100|[from] item: Life Orb\n|\n|upkeep\n|turn|18\n|\n|t:|1700181019\n|switch|p1a: Billy|Gogoat, M, shiny, tera:Fairy|100\/100\n|move|p2a: Forretress|Earthquake|p1a: Billy\n|-damage|p1a: Billy|62\/100\n|-damage|p2a: Forretress|51\/100|[from] item: Life Orb\n|\n|upkeep\n|turn|19\n|\n|t:|1700181029\n|move|p1a: Billy|Milk Drink|p1a: Billy\n|-heal|p1a: Billy|100\/100\n|move|p2a: Forretress|Counter||[still]\n|-fail|p2a: Forretress\n|\n|upkeep\n|turn|20\n|\n|t:|1700181036\n|move|p2a: Forretress|Stealth Rock|p1a: Billy\n|-sidestart|p1: DR4N|move: Stealth Rock\n|move|p1a: Billy|Leech Seed|p2a: Forretress\n|-start|p2a: Forretress|move: Leech Seed\n|\n|-damage|p2a: Forretress|39\/100|[from] Leech Seed|[of] p1a: Billy\n|upkeep\n|turn|21\n|\n|t:|1700181043\n|move|p2a: Forretress|Earthquake|p1a: Billy\n|-damage|p1a: Billy|61\/100\n|-damage|p2a: Forretress|29\/100|[from] item: Life Orb\n|move|p1a: Billy|Horn Leech|p2a: Forretress\n|-resisted|p2a: Forretress\n|-damage|p2a: Forretress|21\/100\n|-heal|p1a: Billy|64\/100|[from] drain|[of] p2a: Forretress\n|\n|-damage|p2a: Forretress|8\/100|[from] Leech Seed|[of] p1a: Billy\n|-heal|p1a: Billy|72\/100|[silent]\n|upkeep\n|turn|22\n|\n|t:|1700181054\n|move|p2a: Forretress|Earthquake|p1a: Billy\n|-damage|p1a: Billy|35\/100\n|-damage|p2a: Forretress|0 fnt|[from] item: Life Orb\n|faint|p2a: Forretress\n|move|p1a: Billy|Milk Drink|p1a: Billy\n|-heal|p1a: Billy|85\/100\n|\n|upkeep\n|\n|t:|1700181063\n|switch|p2a: Forretress|Forretress, F|100\/100\n|-damage|p2a: Forretress|88\/100|[from] Stealth Rock\n|turn|23\n|\n|t:|1700181067\n|move|p2a: Forretress|Earthquake|p1a: Billy\n|-damage|p1a: Billy|46\/100\n|-damage|p2a: Forretress|78\/100|[from] item: Life Orb\n|move|p1a: Billy|Leech Seed|p2a: Forretress\n|-start|p2a: Forretress|move: Leech Seed\n|\n|-damage|p2a: Forretress|66\/100|[from] Leech Seed|[of] p1a: Billy\n|-heal|p1a: Billy|54\/100|[silent]\n|upkeep\n|turn|24\n|\n|t:|1700181075\n|move|p2a: Forretress|Explosion|p1a: Billy\n|-damage|p1a: Billy|0 fnt\n|faint|p2a: Forretress\n|faint|p1a: Billy\n|\n|upkeep\n|\n|t:|1700181083\n|switch|p2a: Forretress|Forretress, M|100\/100\n|switch|p1a: Bobby|Clodsire, M, shiny|75\/100\n|-damage|p2a: Forretress|88\/100|[from] Stealth Rock\n|-damage|p1a: Bobby|69\/100|[from] Stealth Rock\n|turn|25\n|\n|t:|1700181090\n|move|p2a: Forretress|Earthquake|p1a: Bobby\n|-supereffective|p1a: Bobby\n|-damage|p1a: Bobby|0 fnt\n|faint|p1a: Bobby\n|-damage|p2a: Forretress|78\/100|[from] item: Life Orb\n|\n|upkeep\n|\n|t:|1700181094\n|switch|p1a: Hilal|Umbreon, M, shiny|100\/100\n|-damage|p1a: Hilal|88\/100|[from] Stealth Rock\n|turn|26\n|\n|t:|1700181098\n|move|p2a: Forretress|Earthquake|p1a: Hilal\n|-damage|p1a: Hilal|67\/100\n|-damage|p2a: Forretress|68\/100|[from] item: Life Orb\n|move|p1a: Hilal|Reflect|p1a: Hilal\n|-sidestart|p1: DR4N|Reflect\n|\n|upkeep\n|turn|27\n|\n|t:|1700181118\n|move|p2a: Forretress|Stealth Rock||[still]\n|-fail|p2a: Forretress\n|move|p1a: Hilal|Foul Play|p2a: Forretress\n|-damage|p2a: Forretress|35\/100\n|\n|upkeep\n|turn|28\n|\n|t:|1700181125\n|move|p1a: Hilal|Protect|p1a: Hilal\n|-singleturn|p1a: Hilal|Protect\n|move|p2a: Forretress|Counter||[still]\n|-fail|p2a: Forretress\n|\n|upkeep\n|turn|29\n|\n|t:|1700181130\n|move|p1a: Hilal|Wish|p1a: Hilal\n|move|p2a: Forretress|Counter||[still]\n|-fail|p2a: Forretress\n|\n|upkeep\n|turn|30\n|\n|t:|1700181135\n|move|p1a: Hilal|Foul Play|p2a: Forretress\n|-damage|p2a: Forretress|0 fnt\n|faint|p2a: Forretress\n|\n|-heal|p1a: Hilal|100\/100|[from] move: Wish|[wisher] Hilal\n|-sideend|p1: DR4N|Reflect\n|upkeep\n|\n|t:|1700181142\n|switch|p2a: Gardevoir|Gardevoir, F, shiny|100\/100\n|-damage|p2a: Gardevoir|88\/100|[from] Stealth Rock\n|-status|p2a: Gardevoir|tox\n|turn|31\n|\n|t:|1700181149\n|move|p2a: Gardevoir|Hypnosis|p1a: Hilal\n|-status|p1a: Hilal|slp|[from] move: Hypnosis\n|cant|p1a: Hilal|slp\n|\n|-damage|p2a: Gardevoir|82\/100 tox|[from] psn\n|upkeep\n|turn|32\n|\n|t:|1700181155\n|move|p2a: Gardevoir|Dream Eater|p1a: Hilal\n|-immune|p1a: Hilal\n|-curestatus|p1a: Hilal|slp|[msg]\n|move|p1a: Hilal|Wish|p1a: Hilal\n|\n|-damage|p2a: Gardevoir|70\/100 tox|[from] psn\n|upkeep\n|turn|33\n|\n|t:|1700181171\n|move|p2a: Gardevoir|Healing Wish|p2a: Gardevoir\n|faint|p2a: Gardevoir\n|move|p1a: Hilal|Foul Play|p2: Gardevoir|[notarget]\n|-fail|p1a: Hilal\n|\n|upkeep\n|\n|t:|1700181175\n|switch|p2a: Trevenant|Trevenant, F, shiny|5\/100\n|-heal|p2a: Trevenant|100\/100|[from] move: Healing Wish\n|-damage|p2a: Trevenant|88\/100|[from] Stealth Rock\n|-status|p2a: Trevenant|tox\n|turn|34\n|\n|t:|1700181182\n|move|p2a: Trevenant|Leech Seed|p1a: Hilal\n|-start|p1a: Hilal|move: Leech Seed\n|move|p1a: Hilal|Foul Play|p2a: Trevenant\n|-supereffective|p2a: Trevenant\n|-damage|p2a: Trevenant|25\/100 tox\n|\n|-damage|p1a: Hilal|88\/100|[from] Leech Seed|[of] p2a: Trevenant\n|-heal|p2a: Trevenant|39\/100 tox|[silent]\n|-damage|p2a: Trevenant|33\/100 tox|[from] psn\n|upkeep\n|turn|35\n|\n|t:|1700181192\n|move|p2a: Trevenant|Focus Blast|p1a: Hilal\n|-supereffective|p1a: Hilal\n|-damage|p1a: Hilal|61\/100\n|-unboost|p1a: Hilal|spd|1\n|move|p1a: Hilal|Foul Play|p2a: Trevenant\n|-supereffective|p2a: Trevenant\n|-damage|p2a: Trevenant|0 fnt\n|faint|p2a: Trevenant\n|\n|upkeep\n|\n|t:|1700181201\n|switch|p2a: Houndstone|Houndstone, F, shiny|100\/100\n|-damage|p2a: Houndstone|88\/100|[from] Stealth Rock\n|-status|p2a: Houndstone|tox\n|turn|36\n|\n|t:|1700181208\n|move|p1a: Hilal|Protect|p1a: Hilal\n|-singleturn|p1a: Hilal|Protect\n|move|p2a: Houndstone|Last Respects|p1a: Hilal\n|-activate|p1a: Hilal|move: Protect\n|\n|-damage|p1a: Hilal|48\/100|[from] Leech Seed|[of] p2a: Houndstone\n|-heal|p2a: Houndstone|100\/100 tox|[silent]\n|-damage|p2a: Houndstone|94\/100 tox|[from] psn\n|upkeep\n|turn|37\n|\n|t:|1700181216\n|move|p2a: Houndstone|Last Respects|p1a: Hilal\n|-resisted|p1a: Hilal\n|-damage|p1a: Hilal|19\/100\n|move|p1a: Hilal|Wish|p1a: Hilal\n|\n|-damage|p1a: Hilal|7\/100|[from] Leech Seed|[of] p2a: Houndstone\n|-heal|p2a: Houndstone|100\/100 tox|[silent]\n|-damage|p2a: Houndstone|88\/100 tox|[from] psn\n|upkeep\n|turn|38\n|\n|t:|1700181225\n|move|p1a: Hilal|Protect|p1a: Hilal\n|-singleturn|p1a: Hilal|Protect\n|move|p2a: Houndstone|Last Respects|p1a: Hilal\n|-activate|p1a: Hilal|move: Protect\n|\n|-heal|p1a: Hilal|57\/100|[from] move: Wish|[wisher] Hilal\n|-damage|p1a: Hilal|44\/100|[from] Leech Seed|[of] p2a: Houndstone\n|-heal|p2a: Houndstone|100\/100 tox|[silent]\n|-damage|p2a: Houndstone|82\/100 tox|[from] psn\n|upkeep\n|turn|39\n|\n|t:|1700181235\n|move|p2a: Houndstone|Last Respects|p1a: Hilal\n|-resisted|p1a: Hilal\n|-damage|p1a: Hilal|12\/100\n|move|p1a: Hilal|Wish|p1a: Hilal\n|\n|-damage|p1a: Hilal|0 fnt|[from] Leech Seed|[of] p2a: Houndstone\n|-heal|p2a: Houndstone|97\/100 tox|[silent]\n|faint|p1a: Hilal\n|-damage|p2a: Houndstone|73\/100 tox|[from] psn\n|upkeep\n|\n|t:|1700181243\n|switch|p1a: Mallow|Pawmot, F, shiny|100\/100\n|-damage|p1a: Mallow|94\/100|[from] Stealth Rock\n|turn|40\n|\n|t:|1700181248\n|move|p1a: Mallow|Nuzzle|p2a: Houndstone\n|-damage|p2a: Houndstone|69\/100 tox\n|move|p2a: Houndstone|Last Respects|p1a: Mallow\n|-damage|p1a: Mallow|0 fnt\n|faint|p1a: Mallow\n|\n|-damage|p2a: Houndstone|39\/100 tox|[from] psn\n|upkeep\n|\n|t:|1700181256\n|switch|p1a: Mick|Arcanine, M, shiny|100\/100\n|-damage|p1a: Mick|76\/100|[from] Stealth Rock\n|turn|41\n|\n|t:|1700181260\n|move|p1a: Mick|Flamethrower|p2a: Houndstone\n|-damage|p2a: Houndstone|0 fnt\n|faint|p2a: Houndstone\n|\n|win|DR4N\n|raw|DR4N's rating: 1078 &rarr; <strong>1108<\/strong><br \/>(+30 for winning)\n|raw|nuhuhbro69696969's rating: 1098 &rarr; <strong>1072<\/strong><br \/>(-26 for losing)\n","uploadtime":1700181267,"views":5,"p1id":"dr4n","p2id":"nuhuhbro69696969","formatid":"gen9anythinggoes","rating":1072,"private":0,"password":""}