{"id":"gen9anythinggoes-1983330250","p1":"ZackaryFuckary","p2":"ggggytyyyyyyy","format":"[Gen 9] Anything Goes","log":"|j|\u2606ZackaryFuckary\n|j|\u2606ggggytyyyyyyy\n|t:|1699118886\n|gametype|singles\n|player|p1|ZackaryFuckary|barry|1073\n|player|p2|ggggytyyyyyyy|266|1056\n|teamsize|p1|6\n|teamsize|p2|6\n|gen|9\n|tier|[Gen 9] Anything Goes\n|rated|\n|rule|HP Percentage Mod: HP is shown in percentages\n|rule|Endless Battle Clause: Forcing endless battles is banned\n|clearpoke\n|poke|p1|Brute Bonnet|\n|poke|p1|Chi-Yu|\n|poke|p1|Gogoat, M|\n|poke|p1|Garchomp, M|\n|poke|p1|Dachsbun, F|\n|poke|p1|Gyarados, F|\n|poke|p2|Giratina-Origin|\n|poke|p2|Darkrai|\n|poke|p2|Groudon|\n|poke|p2|Eternatus|\n|poke|p2|Zacian-*|\n|poke|p2|Koraidon|\n|teampreview\n|\n|t:|1699118892\n|start\n|switch|p1a: Brute Bonnet|Brute Bonnet|100\/100\n|switch|p2a: Koraidon|Koraidon|100\/100\n|-weather|SunnyDay|[from] ability: Orichalcum Pulse|[of] p2a: Koraidon\n|-activate|p1a: Brute Bonnet|ability: Protosynthesis\n|-start|p1a: Brute Bonnet|protosynthesisatk\n|-activate|p2a: Koraidon|Orichalcum Pulse|[source]\n|turn|1\n|\n|t:|1699118905\n|move|p2a: Koraidon|Overheat|p1a: Brute Bonnet\n|-supereffective|p1a: Brute Bonnet\n|-damage|p1a: Brute Bonnet|12\/100\n|-unboost|p2a: Koraidon|spa|2\n|move|p1a: Brute Bonnet|Spore|p2a: Koraidon\n|-status|p2a: Koraidon|slp|[from] move: Spore\n|\n|-weather|SunnyDay|[upkeep]\n|upkeep\n|turn|2\n|\n|t:|1699118915\n|cant|p2a: Koraidon|slp\n|move|p1a: Brute Bonnet|Bullet Seed|p2a: Koraidon\n|-resisted|p2a: Koraidon\n|-damage|p2a: Koraidon|94\/100 slp\n|-resisted|p2a: Koraidon\n|-damage|p2a: Koraidon|87\/100 slp\n|-resisted|p2a: Koraidon\n|-crit|p2a: Koraidon\n|-damage|p2a: Koraidon|75\/100 slp\n|-resisted|p2a: Koraidon\n|-crit|p2a: Koraidon\n|-damage|p2a: Koraidon|64\/100 slp\n|-resisted|p2a: Koraidon\n|-damage|p2a: Koraidon|57\/100 slp\n|-hitcount|p2a: Koraidon|5\n|\n|-weather|SunnyDay|[upkeep]\n|upkeep\n|turn|3\n|\n|t:|1699118936\n|cant|p2a: Koraidon|slp\n|move|p1a: Brute Bonnet|Bullet Seed|p2a: Koraidon\n|-resisted|p2a: Koraidon\n|-damage|p2a: Koraidon|50\/100 slp\n|-resisted|p2a: Koraidon\n|-damage|p2a: Koraidon|43\/100 slp\n|-resisted|p2a: Koraidon\n|-damage|p2a: Koraidon|36\/100 slp\n|-resisted|p2a: Koraidon\n|-damage|p2a: Koraidon|28\/100 slp\n|-hitcount|p2a: Koraidon|4\n|\n|-weather|SunnyDay|[upkeep]\n|upkeep\n|turn|4\n|\n|t:|1699118948\n|cant|p2a: Koraidon|slp\n|move|p1a: Brute Bonnet|Bullet Seed|p2a: Koraidon\n|-resisted|p2a: Koraidon\n|-damage|p2a: Koraidon|20\/100 slp\n|-enditem|p2a: Koraidon|Wiki Berry|[eat]\n|-heal|p2a: Koraidon|53\/100 slp|[from] item: Wiki Berry\n|-resisted|p2a: Koraidon\n|-damage|p2a: Koraidon|46\/100 slp\n|-resisted|p2a: Koraidon\n|-damage|p2a: Koraidon|39\/100 slp\n|-resisted|p2a: Koraidon\n|-damage|p2a: Koraidon|31\/100 slp\n|-hitcount|p2a: Koraidon|4\n|\n|-weather|SunnyDay|[upkeep]\n|upkeep\n|turn|5\n|\n|t:|1699118966\n|switch|p2a: Eternatus|Eternatus|100\/100\n|-ability|p2a: Eternatus|Pressure\n|move|p1a: Brute Bonnet|Bullet Seed|p2a: Eternatus\n|-resisted|p2a: Eternatus\n|-damage|p2a: Eternatus|97\/100\n|-resisted|p2a: Eternatus\n|-crit|p2a: Eternatus\n|-damage|p2a: Eternatus|91\/100\n|-resisted|p2a: Eternatus\n|-damage|p2a: Eternatus|88\/100\n|-resisted|p2a: Eternatus\n|-crit|p2a: Eternatus\n|-damage|p2a: Eternatus|83\/100\n|-hitcount|p2a: Eternatus|4\n|\n|-weather|none\n|-end|p1a: Brute Bonnet|Protosynthesis\n|upkeep\n|turn|6\n|\n|t:|1699118980\n|move|p2a: Eternatus|Dynamax Cannon|p1a: Brute Bonnet\n|-damage|p1a: Brute Bonnet|0 fnt\n|faint|p1a: Brute Bonnet\n|-end|p1a: Brute Bonnet|Protosynthesis|[silent]\n|\n|upkeep\n|\n|t:|1699118994\n|switch|p1a: Dachsbun|Dachsbun, F|100\/100\n|turn|7\n|\n|t:|1699119009\n|-terastallize|p2a: Eternatus|Poison\n|move|p1a: Dachsbun|Protect|p1a: Dachsbun\n|-singleturn|p1a: Dachsbun|Protect\n|move|p2a: Eternatus|Fire Blast|p1a: Dachsbun\n|-activate|p1a: Dachsbun|move: Protect\n|\n|upkeep\n|turn|8\n|\n|t:|1699119022\n|move|p2a: Eternatus|Fire Blast|p1a: Dachsbun\n|-ability|p1a: Dachsbun|Well-Baked Body|boost\n|-boost|p1a: Dachsbun|def|2\n|move|p1a: Dachsbun|Wish|p1a: Dachsbun\n|\n|upkeep\n|turn|9\n|\n|t:|1699119029\n|move|p1a: Dachsbun|Protect|p1a: Dachsbun\n|-singleturn|p1a: Dachsbun|Protect\n|move|p2a: Eternatus|Fire Blast|p1a: Dachsbun\n|-activate|p1a: Dachsbun|move: Protect\n|\n|upkeep\n|turn|10\n|\n|t:|1699119043\n|move|p2a: Eternatus|Fire Blast|p1a: Dachsbun\n|-ability|p1a: Dachsbun|Well-Baked Body|boost\n|-boost|p1a: Dachsbun|def|2\n|move|p1a: Dachsbun|Wish|p1a: Dachsbun\n|\n|upkeep\n|turn|11\n|\n|t:|1699119052\n|move|p1a: Dachsbun|Protect|p1a: Dachsbun\n|-singleturn|p1a: Dachsbun|Protect\n|move|p2a: Eternatus|Dragon Dance|p2a: Eternatus\n|-boost|p2a: Eternatus|atk|1\n|-boost|p2a: Eternatus|spe|1\n|\n|upkeep\n|turn|12\n|\n|t:|1699119061\n|move|p2a: Eternatus|Dragon Dance|p2a: Eternatus\n|-boost|p2a: Eternatus|atk|1\n|-boost|p2a: Eternatus|spe|1\n|move|p1a: Dachsbun|Wish|p1a: Dachsbun\n|\n|upkeep\n|turn|13\n|\n|t:|1699119067\n|move|p1a: Dachsbun|Protect|p1a: Dachsbun\n|-singleturn|p1a: Dachsbun|Protect\n|move|p2a: Eternatus|Dragon Dance|p2a: Eternatus\n|-boost|p2a: Eternatus|atk|1\n|-boost|p2a: Eternatus|spe|1\n|\n|upkeep\n|turn|14\n|\n|t:|1699119076\n|move|p1a: Dachsbun|Protect||[still]\n|-fail|p1a: Dachsbun\n|move|p2a: Eternatus|Dragon Dance|p2a: Eternatus\n|-boost|p2a: Eternatus|atk|1\n|-boost|p2a: Eternatus|spe|1\n|\n|upkeep\n|turn|15\n|\n|t:|1699119083\n|move|p2a: Eternatus|Dragon Dance|p2a: Eternatus\n|-boost|p2a: Eternatus|atk|1\n|-boost|p2a: Eternatus|spe|1\n|move|p1a: Dachsbun|Wish|p1a: Dachsbun\n|\n|upkeep\n|turn|16\n|\n|t:|1699119097\n|move|p2a: Eternatus|Dragon Dance|p2a: Eternatus\n|-boost|p2a: Eternatus|atk|1\n|-boost|p2a: Eternatus|spe|1\n|move|p1a: Dachsbun|Play Rough|p2a: Eternatus\n|-resisted|p2a: Eternatus\n|-damage|p2a: Eternatus|73\/100\n|\n|upkeep\n|turn|17\n|\n|t:|1699119107\n|move|p1a: Dachsbun|Protect|p1a: Dachsbun\n|-singleturn|p1a: Dachsbun|Protect\n|move|p2a: Eternatus|Dragon Dance|p2a: Eternatus\n|-boost|p2a: Eternatus|atk|0\n|-boost|p2a: Eternatus|spe|0\n|\n|upkeep\n|turn|18\n|\n|t:|1699119115\n|move|p2a: Eternatus|Dragon Dance|p2a: Eternatus\n|-boost|p2a: Eternatus|atk|0\n|-boost|p2a: Eternatus|spe|0\n|move|p1a: Dachsbun|Wish|p1a: Dachsbun\n|\n|upkeep\n|turn|19\n|\n|t:|1699119123\n|move|p1a: Dachsbun|Protect|p1a: Dachsbun\n|-singleturn|p1a: Dachsbun|Protect\n|move|p2a: Eternatus|Fire Blast|p1a: Dachsbun\n|-activate|p1a: Dachsbun|move: Protect\n|\n|upkeep\n|turn|20\n|\n|t:|1699119133\n|move|p2a: Eternatus|Dragon Dance|p2a: Eternatus\n|-boost|p2a: Eternatus|atk|0\n|-boost|p2a: Eternatus|spe|0\n|move|p1a: Dachsbun|Wish|p1a: Dachsbun\n|\n|upkeep\n|turn|21\n|\n|t:|1699119139\n|move|p2a: Eternatus|Fire Blast|p1a: Dachsbun\n|-ability|p1a: Dachsbun|Well-Baked Body|boost\n|-boost|p1a: Dachsbun|def|2\n|move|p1a: Dachsbun|Wish||[still]\n|-fail|p1a: Dachsbun\n|\n|upkeep\n|turn|22\n|\n|t:|1699119149\n|move|p2a: Eternatus|Dynamax Cannon|p1a: Dachsbun\n|-immune|p1a: Dachsbun\n|move|p1a: Dachsbun|Body Press|p2a: Eternatus\n|-resisted|p2a: Eternatus\n|-damage|p2a: Eternatus|33\/100\n|\n|upkeep\n|turn|23\n|\n|t:|1699119161\n|switch|p2a: Zacian|Zacian-Crowned|100\/100\n|-ability|p2a: Zacian|Intrepid Sword|boost\n|-boost|p2a: Zacian|atk|1\n|move|p1a: Dachsbun|Wish|p1a: Dachsbun\n|\n|upkeep\n|turn|24\n|\n|t:|1699119175\n|move|p2a: Zacian|Behemoth Blade|p1a: Dachsbun\n|-supereffective|p1a: Dachsbun\n|-damage|p1a: Dachsbun|74\/100\n|-damage|p2a: Zacian|84\/100|[from] item: Rocky Helmet|[of] p1a: Dachsbun\n|move|p1a: Dachsbun|Body Press|p2a: Zacian\n|-damage|p2a: Zacian|0 fnt\n|faint|p2a: Zacian\n|\n|-heal|p1a: Dachsbun|100\/100|[from] move: Wish|[wisher] Dachsbun\n|upkeep\n|\n|t:|1699119182\n|switch|p2a: Groudon|Groudon|100\/100\n|-weather|SunnyDay|[from] ability: Drought|[of] p2a: Groudon\n|turn|25\n|\n|t:|1699119195\n|move|p1a: Dachsbun|Wish|p1a: Dachsbun\n|move|p2a: Groudon|Eruption|p1a: Dachsbun\n|-immune|p1a: Dachsbun|[from] ability: Well-Baked Body\n|\n|-weather|SunnyDay|[upkeep]\n|upkeep\n|turn|26\n|\n|t:|1699119206\n|move|p1a: Dachsbun|Play Rough|p2a: Groudon\n|-damage|p2a: Groudon|85\/100\n|move|p2a: Groudon|Earthquake|p1a: Dachsbun\n|-damage|p1a: Dachsbun|92\/100\n|\n|-weather|SunnyDay|[upkeep]\n|-heal|p1a: Dachsbun|100\/100|[from] move: Wish|[wisher] Dachsbun\n|upkeep\n|turn|27\n|\n|t:|1699119218\n|move|p1a: Dachsbun|Body Press|p2a: Groudon\n|-damage|p2a: Groudon|17\/100\n|move|p2a: Groudon|Earthquake|p1a: Dachsbun\n|-damage|p1a: Dachsbun|92\/100\n|\n|-weather|SunnyDay|[upkeep]\n|upkeep\n|turn|28\n|\n|t:|1699119228\n|move|p1a: Dachsbun|Body Press|p2a: Groudon\n|-damage|p2a: Groudon|0 fnt\n|faint|p2a: Groudon\n|\n|-weather|SunnyDay|[upkeep]\n|upkeep\n|\n|t:|1699119246\n|switch|p2a: Giratina|Giratina-Origin|100\/100\n|turn|29\n|\n|t:|1699119256\n|move|p2a: Giratina|Shadow Ball|p1a: Dachsbun\n|-damage|p1a: Dachsbun|39\/100\n|move|p1a: Dachsbun|Wish|p1a: Dachsbun\n|\n|-weather|none\n|upkeep\n|turn|30\n|\n|t:|1699119263\n|move|p1a: Dachsbun|Protect|p1a: Dachsbun\n|-singleturn|p1a: Dachsbun|Protect\n|move|p2a: Giratina|Shadow Ball|p1a: Dachsbun\n|-activate|p1a: Dachsbun|move: Protect\n|\n|-heal|p1a: Dachsbun|89\/100|[from] move: Wish|[wisher] Dachsbun\n|upkeep\n|turn|31\n|\n|t:|1699119275\n|move|p2a: Giratina|Shadow Ball|p1a: Dachsbun\n|-damage|p1a: Dachsbun|39\/100\n|move|p1a: Dachsbun|Play Rough|p2a: Giratina|[miss]\n|-miss|p1a: Dachsbun|p2a: Giratina\n|\n|upkeep\n|turn|32\n|\n|t:|1699119283\n|move|p1a: Dachsbun|Protect|p1a: Dachsbun\n|-singleturn|p1a: Dachsbun|Protect\n|move|p2a: Giratina|Shadow Ball|p1a: Dachsbun\n|-activate|p1a: Dachsbun|move: Protect\n|\n|upkeep\n|turn|33\n|\n|t:|1699119291\n|move|p2a: Giratina|Earth Power|p1a: Dachsbun\n|-damage|p1a: Dachsbun|8\/100\n|move|p1a: Dachsbun|Wish|p1a: Dachsbun\n|\n|upkeep\n|turn|34\n|\n|t:|1699119297\n|move|p1a: Dachsbun|Protect|p1a: Dachsbun\n|-singleturn|p1a: Dachsbun|Protect\n|move|p2a: Giratina|Earth Power|p1a: Dachsbun\n|-activate|p1a: Dachsbun|move: Protect\n|\n|-heal|p1a: Dachsbun|58\/100|[from] move: Wish|[wisher] Dachsbun\n|upkeep\n|turn|35\n|\n|t:|1699119306\n|move|p2a: Giratina|Shadow Ball|p1a: Dachsbun\n|-damage|p1a: Dachsbun|4\/100\n|-unboost|p1a: Dachsbun|spd|1\n|move|p1a: Dachsbun|Wish|p1a: Dachsbun\n|\n|upkeep\n|turn|36\n|\n|t:|1699119313\n|move|p1a: Dachsbun|Protect|p1a: Dachsbun\n|-singleturn|p1a: Dachsbun|Protect\n|move|p2a: Giratina|Shadow Ball|p1a: Dachsbun\n|-activate|p1a: Dachsbun|move: Protect\n|\n|-heal|p1a: Dachsbun|54\/100|[from] move: Wish|[wisher] Dachsbun\n|upkeep\n|turn|37\n|\n|t:|1699119325\n|move|p2a: Giratina|Shadow Ball|p1a: Dachsbun\n|-damage|p1a: Dachsbun|0 fnt\n|faint|p1a: Dachsbun\n|\n|upkeep\n|\n|t:|1699119336\n|switch|p1a: Chi-Yu|Chi-Yu|100\/100\n|-ability|p1a: Chi-Yu|Beads of Ruin\n|turn|38\n|\n|t:|1699119361\n|move|p1a: Chi-Yu|Dark Pulse|p2a: Giratina\n|-supereffective|p2a: Giratina\n|-damage|p2a: Giratina|0 fnt\n|faint|p2a: Giratina\n|\n|upkeep\n|\n|t:|1699119368\n|switch|p2a: Darkrai|Darkrai|100\/100\n|turn|39\n|\n|t:|1699119388\n|-singleturn|p2a: Darkrai|move: Focus Punch\n|move|p1a: Chi-Yu|Dark Pulse|p2a: Darkrai\n|-resisted|p2a: Darkrai\n|-damage|p2a: Darkrai|50\/100\n|cant|p2a: Darkrai|Focus Punch|Focus Punch\n|\n|upkeep\n|turn|40\n|\n|t:|1699119396\n|-singleturn|p2a: Darkrai|move: Focus Punch\n|move|p1a: Chi-Yu|Dark Pulse|p2a: Darkrai\n|-resisted|p2a: Darkrai\n|-damage|p2a: Darkrai|0 fnt\n|faint|p2a: Darkrai\n|\n|upkeep\n|\n|t:|1699119402\n|switch|p2a: Koraidon|Koraidon|31\/100 slp\n|-weather|SunnyDay|[from] ability: Orichalcum Pulse|[of] p2a: Koraidon\n|-activate|p2a: Koraidon|Orichalcum Pulse|[source]\n|turn|41\n|\n|t:|1699119427\n|-curestatus|p2a: Koraidon|slp|[msg]\n|move|p2a: Koraidon|Collision Course|p1a: Chi-Yu\n|-supereffective|p1a: Chi-Yu\n|-damage|p1a: Chi-Yu|0 fnt\n|faint|p1a: Chi-Yu\n|\n|-weather|SunnyDay|[upkeep]\n|upkeep\n|\n|t:|1699119438\n|switch|p1a: Gogoat|Gogoat, M|100\/100\n|turn|42\n|\n|t:|1699119451\n|move|p2a: Koraidon|Overheat|p1a: Gogoat\n|-supereffective|p1a: Gogoat\n|-damage|p1a: Gogoat|43\/100\n|-unboost|p2a: Koraidon|spa|2\n|move|p1a: Gogoat|Rock Slide|p2a: Koraidon\n|-resisted|p2a: Koraidon\n|-damage|p2a: Koraidon|24\/100\n|\n|-weather|SunnyDay|[upkeep]\n|-heal|p1a: Gogoat|49\/100|[from] item: Leftovers\n|upkeep\n|turn|43\n|\n|t:|1699119463\n|switch|p1a: Gyarados|Gyarados, F|100\/100\n|move|p2a: Koraidon|Dragon Claw|p1a: Gyarados\n|-damage|p1a: Gyarados|39\/100\n|\n|-weather|SunnyDay|[upkeep]\n|upkeep\n|turn|44\n|\n|t:|1699119478\n|move|p2a: Koraidon|Dragon Claw|p1a: Gyarados\n|-damage|p1a: Gyarados|0 fnt\n|faint|p1a: Gyarados\n|\n|-weather|SunnyDay|[upkeep]\n|upkeep\n|\n|t:|1699119486\n|switch|p1a: Gogoat|Gogoat, M|49\/100\n|turn|45\n|\n|t:|1699119492\n|move|p2a: Koraidon|Overheat|p1a: Gogoat\n|-supereffective|p1a: Gogoat\n|-damage|p1a: Gogoat|23\/100\n|-unboost|p2a: Koraidon|spa|2\n|move|p1a: Gogoat|Horn Leech|p2a: Koraidon\n|-resisted|p2a: Koraidon\n|-damage|p2a: Koraidon|14\/100\n|-heal|p1a: Gogoat|27\/100|[from] drain|[of] p2a: Koraidon\n|\n|-weather|none\n|-heal|p1a: Gogoat|33\/100|[from] item: Leftovers\n|upkeep\n|turn|46\n|\n|t:|1699119504\n|move|p2a: Koraidon|Dragon Claw|p1a: Gogoat\n|-damage|p1a: Gogoat|0 fnt\n|faint|p1a: Gogoat\n|\n|upkeep\n|\n|t:|1699119509\n|switch|p1a: Garchomp|Garchomp, M|100\/100\n|turn|47\n|\n|t:|1699119516\n|move|p1a: Garchomp|Earthquake|p2a: Koraidon\n|-damage|p2a: Koraidon|0 fnt\n|faint|p2a: Koraidon\n|\n|upkeep\n|\n|t:|1699119522\n|switch|p2a: Eternatus|Eternatus, tera:Poison|33\/100\n|-ability|p2a: Eternatus|Pressure\n|turn|48\n|\n|t:|1699119530\n|-terastallize|p1a: Garchomp|Flying\n|move|p2a: Eternatus|Dynamax Cannon|p1a: Garchomp\n|-damage|p1a: Garchomp|44\/100\n|move|p1a: Garchomp|Stealth Rock|p2a: Eternatus\n|-sidestart|p2: ggggytyyyyyyy|move: Stealth Rock\n|\n|-heal|p1a: Garchomp|50\/100|[from] item: Leftovers\n|upkeep\n|turn|49\n|\n|t:|1699119540\n|move|p2a: Eternatus|Rest|p2a: Eternatus\n|-status|p2a: Eternatus|slp|[from] move: Rest\n|-heal|p2a: Eternatus|100\/100 slp|[silent]\n|move|p1a: Garchomp|Outrage|p2a: Eternatus\n|-damage|p2a: Eternatus|51\/100 slp\n|\n|-heal|p1a: Garchomp|57\/100|[from] item: Leftovers\n|upkeep\n|turn|50\n|\n|t:|1699119551\n|cant|p2a: Eternatus|slp\n|move|p1a: Garchomp|Outrage|p2a: Eternatus|[from]lockedmove\n|-damage|p2a: Eternatus|0 fnt\n|faint|p2a: Eternatus\n|-start|p1a: Garchomp|confusion|[fatigue]\n|\n|win|ZackaryFuckary\n|raw|ZackaryFuckary's rating: 1073 &rarr; <strong>1101<\/strong><br \/>(+28 for winning)\n|raw|ggggytyyyyyyy's rating: 1056 &rarr; <strong>1038<\/strong><br \/>(-18 for losing)\n|l|\u2606ggggytyyyyyyy\n|c|\u2606ZackaryFuckary|Gg bro\n","uploadtime":1699119576,"views":9,"p1id":"zackaryfuckary","p2id":"ggggytyyyyyyy","formatid":"gen9anythinggoes","rating":1038,"private":0,"password":""}