{"id":"gen9anythinggoes-1994322329","p1":"Oranj_Juce","p2":"jgjvg","format":"[Gen 9] Anything Goes","log":"|j|\u2606Oranj_Juce\n|j|\u2606jgjvg\n|t:|1700430965\n|gametype|singles\n|player|p1|Oranj_Juce|buck|1037\n|player|p2|jgjvg|veteran|1132\n|teamsize|p1|6\n|teamsize|p2|6\n|gen|9\n|tier|[Gen 9] Anything Goes\n|rated|\n|rule|HP Percentage Mod: HP is shown in percentages\n|rule|Endless Battle Clause: Forcing endless battles is banned\n|clearpoke\n|poke|p1|Lucario, F|\n|poke|p1|Maushold-Four|\n|poke|p1|Chien-Pao|\n|poke|p1|Drifblim, F|\n|poke|p1|Arcanine, F|\n|poke|p1|Oricorio-Pom-Pom, F|\n|poke|p2|Vivillon-Pokeball, F|\n|poke|p2|Manaphy|\n|poke|p2|Pikachu, M|\n|poke|p2|Donphan, L1, F|\n|poke|p2|Uxie|\n|poke|p2|Jumpluff, M|\n|teampreview\n|\n|t:|1700430972\n|start\n|switch|p1a: Silly joke\ud83d\ude01|Drifblim, F, shiny|100\/100\n|switch|p2a: Jumpluff|Jumpluff, M|100\/100\n|turn|1\n|\n|t:|1700430977\n|move|p2a: Jumpluff|Tailwind|p2a: Jumpluff\n|-sidestart|p2: jgjvg|move: Tailwind\n|move|p1a: Silly joke\ud83d\ude01|Minimize|p1a: Silly joke\ud83d\ude01\n|-boost|p1a: Silly joke\ud83d\ude01|evasion|2\n|\n|upkeep\n|turn|2\n|\n|t:|1700430981\n|move|p2a: Jumpluff|Memento|p1a: Silly joke\ud83d\ude01\n|-unboost|p1a: Silly joke\ud83d\ude01|atk|2\n|-unboost|p1a: Silly joke\ud83d\ude01|spa|2\n|faint|p2a: Jumpluff\n|move|p1a: Silly joke\ud83d\ude01|Minimize|p1a: Silly joke\ud83d\ude01\n|-boost|p1a: Silly joke\ud83d\ude01|evasion|2\n|\n|upkeep\n|\n|t:|1700430988\n|switch|p2a: Pikachu|Pikachu, M|100\/100\n|turn|3\n|\n|t:|1700430997\n|move|p2a: Pikachu|Substitute|p2a: Pikachu\n|-start|p2a: Pikachu|Substitute\n|-damage|p2a: Pikachu|76\/100\n|move|p1a: Silly joke\ud83d\ude01|Minimize|p1a: Silly joke\ud83d\ude01\n|-boost|p1a: Silly joke\ud83d\ude01|evasion|2\n|\n|upkeep\n|turn|4\n|\n|t:|1700431002\n|move|p2a: Pikachu|Nasty Plot|p2a: Pikachu\n|-boost|p2a: Pikachu|spa|2\n|move|p1a: Silly joke\ud83d\ude01|Calm Mind|p1a: Silly joke\ud83d\ude01\n|-boost|p1a: Silly joke\ud83d\ude01|spa|1\n|-boost|p1a: Silly joke\ud83d\ude01|spd|1\n|\n|-sideend|p2: jgjvg|move: Tailwind\n|upkeep\n|turn|5\n|\n|t:|1700431006\n|move|p2a: Pikachu|Nasty Plot|p2a: Pikachu\n|-boost|p2a: Pikachu|spa|2\n|move|p1a: Silly joke\ud83d\ude01|Calm Mind|p1a: Silly joke\ud83d\ude01\n|-boost|p1a: Silly joke\ud83d\ude01|spa|1\n|-boost|p1a: Silly joke\ud83d\ude01|spd|1\n|\n|upkeep\n|turn|6\n|\n|t:|1700431010\n|move|p2a: Pikachu|Nasty Plot|p2a: Pikachu\n|-boost|p2a: Pikachu|spa|2\n|move|p1a: Silly joke\ud83d\ude01|Calm Mind|p1a: Silly joke\ud83d\ude01\n|-boost|p1a: Silly joke\ud83d\ude01|spa|1\n|-boost|p1a: Silly joke\ud83d\ude01|spd|1\n|\n|upkeep\n|turn|7\n|\n|t:|1700431014\n|move|p2a: Pikachu|Thunderbolt|p1a: Silly joke\ud83d\ude01\n|-supereffective|p1a: Silly joke\ud83d\ude01\n|-damage|p1a: Silly joke\ud83d\ude01|0 fnt\n|faint|p1a: Silly joke\ud83d\ude01\n|\n|upkeep\n|\n|t:|1700431016\n|switch|p1a: Mickey fam|Maushold-Four, shiny|100\/100\n|turn|8\n|\n|t:|1700431026\n|move|p1a: Mickey fam|Tidy Up|p1a: Mickey fam\n|-end|p2a: Pikachu|Substitute\n|-activate|p1a: Mickey fam|move: Tidy Up\n|-boost|p1a: Mickey fam|atk|1\n|-boost|p1a: Mickey fam|spe|1\n|move|p2a: Pikachu|Thunderbolt|p1a: Mickey fam\n|-damage|p1a: Mickey fam|0 fnt\n|faint|p1a: Mickey fam\n|\n|upkeep\n|\n|t:|1700431029\n|switch|p1a: Arcanine|Arcanine, F|100\/100\n|turn|9\n|-message|Oranj_Juce forfeited.\n|\n|win|jgjvg\n|raw|Oranj_Juce's rating: 1037 &rarr; <strong>1026<\/strong><br \/>(-11 for losing)\n|raw|jgjvg's rating: 1132 &rarr; <strong>1150<\/strong><br \/>(+18 for winning)\n|l|\u2606Oranj_Juce\n","uploadtime":1700431047,"views":1,"p1id":"oranjjuce","p2id":"jgjvg","formatid":"gen9anythinggoes","rating":1026,"private":0,"password":""}