{"id":"gen9anythinggoes-1983354298","p1":"Tu_beibiuwu01","p2":"RegretfulMoss","format":"[Gen 9] Anything Goes","log":"|j|\u2606Tu_beibiuwu01\n|j|\u2606RegretfulMoss\n|t:|1699121345\n|gametype|singles\n|player|p1|Tu_beibiuwu01|ninjaboy|1000\n|player|p2|RegretfulMoss|fisherman-gen4|1124\n|teamsize|p1|6\n|teamsize|p2|6\n|gen|9\n|tier|[Gen 9] Anything Goes\n|rated|\n|rule|HP Percentage Mod: HP is shown in percentages\n|rule|Endless Battle Clause: Forcing endless battles is banned\n|clearpoke\n|poke|p1|Cresselia, F|\n|poke|p1|Flutter Mane|\n|poke|p1|Decidueye, F|\n|poke|p1|Palafin, F|\n|poke|p1|Volcarona, F|\n|poke|p1|Pikachu, F|\n|poke|p2|Maushold|\n|poke|p2|Maushold|\n|poke|p2|Maushold|\n|poke|p2|Crawdaunt, F|\n|poke|p2|Infernape, M|\n|poke|p2|Urshifu-*, M|\n|teampreview\n|inactive|Battle timer is ON: inactive players will automatically lose when time's up. (requested by RegretfulMoss)\n|\n|t:|1699121351\n|start\n|switch|p1a: Flutter Mane|Flutter Mane|100\/100\n|switch|p2a: Michael|Urshifu-Rapid-Strike, M|100\/100\n|turn|1\n|\n|t:|1699121361\n|move|p2a: Michael|Surging Strikes|p1a: Flutter Mane\n|-crit|p1a: Flutter Mane\n|-damage|p1a: Flutter Mane|73\/100\n|-crit|p1a: Flutter Mane\n|-damage|p1a: Flutter Mane|45\/100\n|-crit|p1a: Flutter Mane\n|-damage|p1a: Flutter Mane|15\/100\n|-hitcount|p1a: Flutter Mane|3\n|move|p1a: Flutter Mane|Draining Kiss|p2a: Michael\n|-supereffective|p2a: Michael\n|-damage|p2a: Michael|28\/100\n|-heal|p1a: Flutter Mane|85\/100|[from] drain|[of] p2a: Michael\n|\n|-heal|p1a: Flutter Mane|91\/100|[from] item: Leftovers\n|upkeep\n|turn|2\n|\n|t:|1699121374\n|move|p2a: Michael|Surging Strikes|p1a: Flutter Mane\n|-crit|p1a: Flutter Mane\n|-damage|p1a: Flutter Mane|59\/100\n|-crit|p1a: Flutter Mane\n|-damage|p1a: Flutter Mane|29\/100\n|-crit|p1a: Flutter Mane\n|-damage|p1a: Flutter Mane|0 fnt\n|faint|p1a: Flutter Mane\n|-end|p1a: Flutter Mane|Protosynthesis|[silent]\n|-hitcount|p1: Flutter Mane|3\n|\n|upkeep\n|\n|t:|1699121381\n|switch|p1a: Palafin|Palafin, F, shiny|100\/100\n|turn|3\n|\n|t:|1699121386\n|detailschange|p1a: Palafin|Palafin-Hero, F, shiny\n|switch|p1a: Cresselia|Cresselia, F, shiny|100\/100\n|move|p2a: Michael|Detect||[still]\n|-fail|p2a: Michael\n|\n|upkeep\n|turn|4\n|\n|t:|1699121395\n|move|p2a: Michael|Surging Strikes|p1a: Cresselia\n|-crit|p1a: Cresselia\n|-damage|p1a: Cresselia|84\/100\n|-crit|p1a: Cresselia\n|-damage|p1a: Cresselia|69\/100\n|-crit|p1a: Cresselia\n|-damage|p1a: Cresselia|55\/100\n|-hitcount|p1a: Cresselia|3\n|move|p1a: Cresselia|Energy Ball|p2a: Michael\n|-supereffective|p2a: Michael\n|-damage|p2a: Michael|0 fnt\n|faint|p2a: Michael\n|\n|-heal|p1a: Cresselia|61\/100|[from] item: Leftovers\n|upkeep\n|\n|t:|1699121409\n|switch|p2a: Yummy|Crawdaunt, F, shiny|100\/100\n|turn|5\n|\n|t:|1699121413\n|move|p1a: Cresselia|Thunder|p2a: Yummy|[miss]\n|-miss|p1a: Cresselia|p2a: Yummy\n|move|p2a: Yummy|Swords Dance|p2a: Yummy\n|-boost|p2a: Yummy|atk|2\n|\n|-heal|p1a: Cresselia|67\/100|[from] item: Leftovers\n|upkeep\n|turn|6\n|\n|t:|1699121424\n|move|p1a: Cresselia|Dazzling Gleam|p2a: Yummy\n|-supereffective|p2a: Yummy\n|-crit|p2a: Yummy\n|-damage|p2a: Yummy|24\/100\n|move|p2a: Yummy|Knock Off|p1a: Cresselia\n|-supereffective|p1a: Cresselia\n|-crit|p1a: Cresselia\n|-damage|p1a: Cresselia|0 fnt\n|-enditem|p1a: Cresselia|Leftovers|[from] move: Knock Off|[of] p2a: Yummy\n|faint|p1a: Cresselia\n|-heal|p2a: Yummy|34\/100|[from] item: Shell Bell|[of] p1: Cresselia\n|\n|upkeep\n|\n|t:|1699121430\n|switch|p1a: Pikachu|Pikachu, F, shiny|100\/100\n|turn|7\n|\n|t:|1699121438\n|move|p2a: Yummy|Aqua Jet|p1a: Pikachu\n|-damage|p1a: Pikachu|0 fnt\n|faint|p1a: Pikachu\n|-heal|p2a: Yummy|44\/100|[from] item: Shell Bell|[of] p1: Pikachu\n|\n|upkeep\n|\n|t:|1699121440\n|switch|p1a: Decidueye|Decidueye, F, shiny|100\/100\n|turn|8\n|\n|t:|1699121447\n|move|p1a: Decidueye|U-turn|p2a: Yummy\n|-supereffective|p2a: Yummy\n|-damage|p2a: Yummy|0 fnt\n|faint|p2a: Yummy\n|\n|t:|1699121450\n|switch|p1a: Volcarona|Volcarona, F, shiny|100\/100|[from] U-turn\n|\n|upkeep\n|\n|t:|1699121455\n|switch|p2a: Mause 1|Maushold|100\/100\n|turn|9\n|\n|t:|1699121465\n|move|p2a: Mause 1|Tidy Up|p2a: Mause 1\n|-boost|p2a: Mause 1|atk|1\n|-boost|p2a: Mause 1|spe|1\n|move|p1a: Volcarona|Fire Blast|p2a: Mause 1\n|-crit|p2a: Mause 1\n|-enditem|p2a: Mause 1|Focus Sash\n|-damage|p2a: Mause 1|1\/100\n|\n|upkeep\n|turn|10\n|\n|t:|1699121474\n|move|p2a: Mause 1|Aerial Ace|p1a: Volcarona\n|-supereffective|p1a: Volcarona\n|-crit|p1a: Volcarona\n|-damage|p1a: Volcarona|0 fnt\n|faint|p1a: Volcarona\n|\n|upkeep\n|\n|t:|1699121476\n|switch|p1a: Decidueye|Decidueye, F, shiny|100\/100\n|turn|11\n|\n|t:|1699121482\n|move|p2a: Mause 1|Aerial Ace|p1a: Decidueye\n|-supereffective|p1a: Decidueye\n|-damage|p1a: Decidueye|12\/100\n|move|p1a: Decidueye|U-turn|p2a: Mause 1\n|-damage|p2a: Mause 1|0 fnt\n|faint|p2a: Mause 1\n|\n|t:|1699121487\n|switch|p1a: Palafin|Palafin-Hero, F, shiny|100\/100|[from] U-turn\n|-activate|p1a: Palafin|ability: Zero to Hero\n|\n|upkeep\n|\n|t:|1699121505\n|switch|p2a: Nephew|Infernape, M|100\/100\n|turn|12\n|c|\u2606RegretfulMoss|Oops\n|c|\u2606RegretfulMoss|Misclick\n|c|\u2606Tu_beibiuwu01|:V\n|\n|t:|1699121522\n|move|p2a: Nephew|Thunder Punch|p1a: Palafin\n|-supereffective|p1a: Palafin\n|-damage|p1a: Palafin|48\/100\n|-damage|p2a: Nephew|91\/100|[from] item: Life Orb\n|move|p1a: Palafin|Agility|p1a: Palafin\n|-boost|p1a: Palafin|spe|2\n|\n|-heal|p1a: Palafin|54\/100|[from] item: Leftovers\n|upkeep\n|turn|13\n|c|\u2606RegretfulMoss|Or?\n|c|\u2606RegretfulMoss|I lied\n|\n|t:|1699121534\n|move|p1a: Palafin|Hydro Pump|p2a: Nephew|[miss]\n|-miss|p1a: Palafin|p2a: Nephew\n|move|p2a: Nephew|Swords Dance|p2a: Nephew\n|-boost|p2a: Nephew|atk|2\n|\n|-heal|p1a: Palafin|60\/100|[from] item: Leftovers\n|upkeep\n|turn|14\n|\n|t:|1699121542\n|move|p1a: Palafin|Draining Kiss|p2a: Nephew\n|-damage|p2a: Nephew|69\/100\n|-heal|p1a: Palafin|72\/100|[from] drain|[of] p2a: Nephew\n|move|p2a: Nephew|Thunder Punch|p1a: Palafin\n|-supereffective|p1a: Palafin\n|-damage|p1a: Palafin|0 fnt\n|faint|p1a: Palafin\n|-damage|p2a: Nephew|60\/100|[from] item: Life Orb\n|\n|upkeep\n|\n|t:|1699121547\n|switch|p1a: Decidueye|Decidueye, F, shiny|12\/100\n|turn|15\n|c|\u2606Tu_beibiuwu01|ojala que te muera\n|-message|Tu_beibiuwu01 forfeited.\n|\n|win|RegretfulMoss\n|raw|Tu_beibiuwu01's rating: 1000 &rarr; <strong>1000<\/strong><br \/>(+0 for losing)\n|raw|RegretfulMoss's rating: 1124 &rarr; <strong>1140<\/strong><br \/>(+16 for winning)\n|l|\u2606Tu_beibiuwu01\n","uploadtime":1699121562,"views":4,"p1id":"tubeibiuwu01","p2id":"regretfulmoss","formatid":"gen9anythinggoes","rating":1000,"private":0,"password":""}