{"id":"gen9anythinggoes-1980094130","p1":"Mario Flare","p2":"ItsCapman","format":"[Gen 9] Anything Goes","log":"|j|\u2606Mario Flare\n|j|\u2606ItsCapman\n|t:|1698756619\n|gametype|singles\n|player|p1|Mario Flare|170|\n|player|p2|ItsCapman|palmer|\n|teamsize|p1|6\n|teamsize|p2|6\n|gen|9\n|tier|[Gen 9] Anything Goes\n|rule|HP Percentage Mod: HP is shown in percentages\n|rule|Endless Battle Clause: Forcing endless battles is banned\n|clearpoke\n|poke|p1|Ogerpon-Cornerstone, F|\n|poke|p1|Weavile, M|\n|poke|p1|Clodsire, M|\n|poke|p1|Braviary-Hisui, M|\n|poke|p1|Sylveon, M|\n|poke|p1|Klefki, F|\n|poke|p2|Iron Bundle|\n|poke|p2|Okidogi, M|\n|poke|p2|Skeledirge, F|\n|poke|p2|Ting-Lu|\n|poke|p2|Goodra-Hisui, M|\n|poke|p2|Cresselia, F|\n|teampreview\n|inactive|Battle timer is ON: inactive players will automatically lose when time's up. (requested by Mario Flare)\n|inactive|ItsCapman also wants the timer to be on.\n|inactive|ItsCapman no longer wants the timer on, but the timer is staying on because marioflare still does.\n|inactiveoff|Battle timer is now OFF.\n|c|\u2606ItsCapman|gl hf\n|c|\u2606Mario Flare|Danke dir auch\n|c|\u2606ItsCapman|Link teilen?\n|c|\u2606Mario Flare|Ja w\u00e4re denke ich gut\n|\n|t:|1698756720\n|start\n|switch|p1a: Clodsire|Clodsire, M|100\/100\n|switch|p2a: Ting-Lu|Ting-Lu|100\/100\n|-ability|p2a: Ting-Lu|Vessel of Ruin\n|turn|1\n|\n|t:|1698756747\n|switch|p2a: Goodra|Goodra-Hisui, M|100\/100\n|switch|p1a: Braviary|Braviary-Hisui, M|100\/100\n|\n|upkeep\n|turn|2\n|\n|t:|1698756765\n|switch|p1a: Klefki|Klefki, F|100\/100\n|move|p2a: Goodra|Knock Off|p1a: Klefki\n|-resisted|p1a: Klefki\n|-damage|p1a: Klefki|91\/100\n|-enditem|p1a: Klefki|Choice Band|[from] move: Knock Off|[of] p2a: Goodra\n|\n|upkeep\n|turn|3\n|c|\u2606Mario Flare|RIP meine ganze Taktik ist futsch xd\n|\n|t:|1698756808\n|move|p1a: Klefki|Switcheroo|p2a: Goodra\n|-activate|p1a: Klefki|move: Trick|[of] p2a: Goodra\n|-enditem|p2a: Goodra|Assault Vest|[silent]|[from] move: Switcheroo\n|-item|p1a: Klefki|Assault Vest|[from] move: Switcheroo\n|move|p2a: Goodra|Earthquake|p1a: Klefki\n|-supereffective|p1a: Klefki\n|-damage|p1a: Klefki|45\/100\n|\n|upkeep\n|turn|4\n|\n|t:|1698756818\n|switch|p1a: Sylveon|Sylveon, M|100\/100\n|move|p2a: Goodra|Earthquake|p1a: Sylveon\n|-damage|p1a: Sylveon|80\/100\n|\n|-heal|p1a: Sylveon|87\/100|[from] item: Leftovers\n|upkeep\n|turn|5\n|\n|t:|1698756825\n|move|p1a: Sylveon|Calm Mind|p1a: Sylveon\n|-boost|p1a: Sylveon|spa|1\n|-boost|p1a: Sylveon|spd|1\n|move|p2a: Goodra|Heavy Slam|p1a: Sylveon\n|-supereffective|p1a: Sylveon\n|-crit|p1a: Sylveon\n|-damage|p1a: Sylveon|0 fnt\n|faint|p1a: Sylveon\n|\n|upkeep\n|\n|t:|1698756832\n|switch|p1a: Ogerpon|Ogerpon-Cornerstone, F|100\/100\n|turn|6\n|j| Flaggx\n|\n|t:|1698756848\n|switch|p2a: Okidogi|Okidogi, M|100\/100\n|move|p1a: Ogerpon|Swords Dance|p1a: Ogerpon\n|-boost|p1a: Ogerpon|atk|2\n|\n|upkeep\n|turn|7\n|\n|t:|1698756854\n|move|p1a: Ogerpon|Stomping Tantrum|p2a: Okidogi\n|-supereffective|p2a: Okidogi\n|-damage|p2a: Okidogi|30\/100\n|move|p2a: Okidogi|Bulk Up|p2a: Okidogi\n|-boost|p2a: Okidogi|atk|1\n|-boost|p2a: Okidogi|def|1\n|\n|-heal|p2a: Okidogi|36\/100|[from] item: Black Sludge\n|upkeep\n|turn|8\n|\n|t:|1698756866\n|switch|p2a: Cresselia|Cresselia, F|100\/100\n|move|p1a: Ogerpon|Stomping Tantrum|p2a: Cresselia\n|-immune|p2a: Cresselia|[from] ability: Levitate\n|\n|upkeep\n|turn|9\n|\n|t:|1698756932\n|-terastallize|p2a: Cresselia|Electric\n|move|p1a: Ogerpon|Horn Leech|p2a: Cresselia\n|-damage|p2a: Cresselia|46\/100\n|move|p2a: Cresselia|Tera Blast|p1a: Ogerpon|[anim] Tera Blast Electric\n|-resisted|p1a: Ogerpon\n|-damage|p1a: Ogerpon|89\/100\n|\n|-heal|p2a: Cresselia|52\/100|[from] item: Leftovers\n|upkeep\n|turn|10\n|\n|t:|1698756945\n|move|p1a: Ogerpon|Horn Leech|p2a: Cresselia\n|-damage|p2a: Cresselia|0 fnt\n|-heal|p1a: Ogerpon|100\/100|[from] drain|[of] p2a: Cresselia\n|faint|p2a: Cresselia\n|\n|upkeep\n|\n|t:|1698756958\n|switch|p2a: Ting-Lu|Ting-Lu|100\/100\n|-ability|p2a: Ting-Lu|Vessel of Ruin\n|turn|11\n|\n|t:|1698756988\n|move|p1a: Ogerpon|Horn Leech|p2a: Ting-Lu\n|-supereffective|p2a: Ting-Lu\n|-damage|p2a: Ting-Lu|14\/100\n|-damage|p1a: Ogerpon|84\/100|[from] item: Rocky Helmet|[of] p2a: Ting-Lu\n|move|p2a: Ting-Lu|Heavy Slam|p1a: Ogerpon\n|-supereffective|p1a: Ogerpon\n|-damage|p1a: Ogerpon|5\/100\n|\n|upkeep\n|turn|12\n|\n|t:|1698757003\n|move|p1a: Ogerpon|Stomping Tantrum|p2a: Ting-Lu\n|-damage|p2a: Ting-Lu|0 fnt\n|-damage|p1a: Ogerpon|0 fnt|[from] item: Rocky Helmet|[of] p2a: Ting-Lu\n|faint|p2a: Ting-Lu\n|faint|p1a: Ogerpon\n|\n|upkeep\n|\n|t:|1698757016\n|switch|p1a: Weavile|Weavile, M|100\/100\n|switch|p2a: Goodra|Goodra-Hisui, M|100\/100\n|turn|13\n|\n|t:|1698757029\n|switch|p1a: Klefki|Klefki, F|45\/100\n|move|p2a: Goodra|Heavy Slam|p1a: Klefki\n|-damage|p1a: Klefki|5\/100\n|\n|upkeep\n|turn|14\n|\n|t:|1698757038\n|-activate|p1a: Klefki|move: Struggle\n|move|p1a: Klefki|Struggle|p2a: Goodra\n|-damage|p2a: Goodra|93\/100\n|-damage|p1a: Klefki|0 fnt|[from] recoil\n|faint|p1a: Klefki\n|move|p2a: Goodra|Heavy Slam|p1: Klefki|[notarget]\n|-fail|p2a: Goodra\n|\n|upkeep\n|\n|t:|1698757103\n|switch|p1a: Braviary|Braviary-Hisui, M|100\/100\n|turn|15\n|\n|t:|1698757109\n|move|p1a: Braviary|Esper Wing|p2a: Goodra\n|-resisted|p2a: Goodra\n|-damage|p2a: Goodra|76\/100\n|-boost|p1a: Braviary|spe|1\n|move|p2a: Goodra|Knock Off|p1a: Braviary\n|-supereffective|p1a: Braviary\n|-damage|p1a: Braviary|60\/100\n|-enditem|p1a: Braviary|Heavy-Duty Boots|[from] move: Knock Off|[of] p2a: Goodra\n|\n|upkeep\n|turn|16\n|\n|t:|1698757119\n|move|p1a: Braviary|Roost|p1a: Braviary\n|-heal|p1a: Braviary|100\/100\n|-singleturn|p1a: Braviary|move: Roost\n|move|p2a: Goodra|Heavy Slam|p1a: Braviary\n|-damage|p1a: Braviary|64\/100\n|\n|upkeep\n|turn|17\n|\n|t:|1698757127\n|move|p1a: Braviary|Esper Wing|p2a: Goodra\n|-resisted|p2a: Goodra\n|-damage|p2a: Goodra|61\/100\n|-boost|p1a: Braviary|spe|1\n|move|p2a: Goodra|Draco Meteor|p1a: Braviary\n|-damage|p1a: Braviary|21\/100\n|-unboost|p2a: Goodra|spa|2\n|\n|upkeep\n|turn|18\n|\n|t:|1698757136\n|move|p1a: Braviary|Roost|p1a: Braviary\n|-heal|p1a: Braviary|71\/100\n|-singleturn|p1a: Braviary|move: Roost\n|move|p2a: Goodra|Heavy Slam|p1a: Braviary\n|-damage|p1a: Braviary|32\/100\n|\n|upkeep\n|turn|19\n|\n|t:|1698757142\n|move|p1a: Braviary|Roost|p1a: Braviary\n|-heal|p1a: Braviary|82\/100\n|-singleturn|p1a: Braviary|move: Roost\n|move|p2a: Goodra|Heavy Slam|p1a: Braviary\n|-damage|p1a: Braviary|45\/100\n|\n|upkeep\n|turn|20\n|\n|t:|1698757149\n|move|p1a: Braviary|Esper Wing|p2a: Goodra\n|-resisted|p2a: Goodra\n|-damage|p2a: Goodra|45\/100\n|-boost|p1a: Braviary|spe|1\n|move|p2a: Goodra|Heavy Slam|p1a: Braviary\n|-damage|p1a: Braviary|8\/100\n|\n|upkeep\n|turn|21\n|\n|t:|1698757157\n|switch|p2a: Iron Bundle|Iron Bundle|100\/100\n|move|p1a: Braviary|Roost|p1a: Braviary\n|-heal|p1a: Braviary|58\/100\n|-singleturn|p1a: Braviary|move: Roost\n|\n|upkeep\n|turn|22\n|\n|t:|1698757172\n|move|p1a: Braviary|Esper Wing|p2a: Iron Bundle\n|-damage|p2a: Iron Bundle|38\/100\n|-boost|p1a: Braviary|spe|1\n|move|p2a: Iron Bundle|Flip Turn|p1a: Braviary\n|-damage|p1a: Braviary|44\/100\n|\n|t:|1698757183\n|-end|p2a: Iron Bundle|Quark Drive|[silent]\n|switch|p2a: Skeledirge|Skeledirge, F|100\/100|[from] Flip Turn\n|\n|upkeep\n|turn|23\n|\n|t:|1698757187\n|switch|p1a: Clodsire|Clodsire, M|100\/100\n|move|p2a: Skeledirge|Shadow Ball|p1a: Clodsire\n|-damage|p1a: Clodsire|84\/100\n|\n|-heal|p1a: Clodsire|90\/100|[from] item: Black Sludge\n|upkeep\n|turn|24\n|\n|t:|1698757195\n|move|p2a: Skeledirge|Will-O-Wisp|p1a: Clodsire\n|-status|p1a: Clodsire|brn\n|move|p1a: Clodsire|Earthquake|p2a: Skeledirge\n|-supereffective|p2a: Skeledirge\n|-damage|p2a: Skeledirge|78\/100\n|\n|-heal|p1a: Clodsire|96\/100 brn|[from] item: Black Sludge\n|-damage|p1a: Clodsire|90\/100 brn|[from] brn\n|upkeep\n|turn|25\n|\n|t:|1698757204\n|switch|p2a: Goodra|Goodra-Hisui, M|45\/100\n|move|p1a: Clodsire|Toxic|p2a: Goodra\n|-immune|p2a: Goodra\n|\n|-heal|p1a: Clodsire|96\/100 brn|[from] item: Black Sludge\n|-damage|p1a: Clodsire|90\/100 brn|[from] brn\n|upkeep\n|turn|26\n|\n|t:|1698757212\n|move|p2a: Goodra|Knock Off|p1a: Clodsire\n|-damage|p1a: Clodsire|66\/100 brn\n|-enditem|p1a: Clodsire|Black Sludge|[from] move: Knock Off|[of] p2a: Goodra\n|move|p1a: Clodsire|Stealth Rock|p2a: Goodra\n|-sidestart|p2: ItsCapman|move: Stealth Rock\n|\n|-damage|p1a: Clodsire|59\/100 brn|[from] brn\n|upkeep\n|turn|27\n|\n|t:|1698757218\n|move|p2a: Goodra|Earthquake|p1a: Clodsire\n|-supereffective|p1a: Clodsire\n|-damage|p1a: Clodsire|10\/100 brn\n|move|p1a: Clodsire|Earthquake|p2a: Goodra\n|-supereffective|p2a: Goodra\n|-damage|p2a: Goodra|22\/100\n|\n|-damage|p1a: Clodsire|4\/100 brn|[from] brn\n|upkeep\n|turn|28\n|l| Flaggx\n|\n|t:|1698757226\n|move|p2a: Goodra|Heavy Slam|p1a: Clodsire\n|-damage|p1a: Clodsire|0 fnt\n|faint|p1a: Clodsire\n|\n|upkeep\n|\n|t:|1698757238\n|switch|p1a: Braviary|Braviary-Hisui, M|44\/100\n|turn|29\n|\n|t:|1698757243\n|move|p1a: Braviary|Esper Wing|p2a: Goodra\n|-resisted|p2a: Goodra\n|-damage|p2a: Goodra|5\/100\n|-boost|p1a: Braviary|spe|1\n|move|p2a: Goodra|Heavy Slam|p1a: Braviary\n|-damage|p1a: Braviary|7\/100\n|\n|upkeep\n|turn|30\n|\n|t:|1698757254\n|move|p1a: Braviary|Roost|p1a: Braviary\n|-heal|p1a: Braviary|57\/100\n|-singleturn|p1a: Braviary|move: Roost\n|move|p2a: Goodra|Heavy Slam|p1a: Braviary\n|-damage|p1a: Braviary|20\/100\n|\n|upkeep\n|turn|31\n|\n|t:|1698757261\n|move|p1a: Braviary|Roost|p1a: Braviary\n|-heal|p1a: Braviary|70\/100\n|-singleturn|p1a: Braviary|move: Roost\n|move|p2a: Goodra|Heavy Slam|p1a: Braviary\n|-crit|p1a: Braviary\n|-damage|p1a: Braviary|17\/100\n|\n|upkeep\n|turn|32\n|\n|t:|1698757268\n|move|p1a: Braviary|Roost|p1a: Braviary\n|-heal|p1a: Braviary|67\/100\n|-singleturn|p1a: Braviary|move: Roost\n|move|p2a: Goodra|Heavy Slam|p1a: Braviary\n|-damage|p1a: Braviary|31\/100\n|\n|upkeep\n|turn|33\n|\n|t:|1698757274\n|move|p1a: Braviary|Roost|p1a: Braviary\n|-heal|p1a: Braviary|81\/100\n|-singleturn|p1a: Braviary|move: Roost\n|move|p2a: Goodra|Heavy Slam|p1a: Braviary\n|-damage|p1a: Braviary|42\/100\n|\n|upkeep\n|turn|34\n|\n|t:|1698757281\n|move|p1a: Braviary|Esper Wing|p2a: Goodra\n|-resisted|p2a: Goodra\n|-damage|p2a: Goodra|0 fnt\n|-boost|p1a: Braviary|spe|1\n|faint|p2a: Goodra\n|\n|upkeep\n|\n|t:|1698757287\n|switch|p2a: Skeledirge|Skeledirge, F|78\/100\n|turn|35\n|\n|t:|1698757302\n|move|p1a: Braviary|Esper Wing|p2a: Skeledirge\n|-damage|p2a: Skeledirge|56\/100\n|-boost|p1a: Braviary|spe|1\n|move|p2a: Skeledirge|Torch Song|p1a: Braviary\n|-crit|p1a: Braviary\n|-damage|p1a: Braviary|6\/100\n|-boost|p2a: Skeledirge|spa|1\n|\n|upkeep\n|turn|36\n|\n|t:|1698757311\n|move|p1a: Braviary|Esper Wing|p2a: Skeledirge\n|-damage|p2a: Skeledirge|34\/100\n|-boost|p1a: Braviary|spe|1\n|move|p2a: Skeledirge|Slack Off|p2a: Skeledirge\n|-heal|p2a: Skeledirge|84\/100\n|\n|upkeep\n|turn|37\n|\n|t:|1698757320\n|move|p1a: Braviary|Esper Wing|p2a: Skeledirge\n|-damage|p2a: Skeledirge|63\/100\n|-boost|p1a: Braviary|spe|1\n|move|p2a: Skeledirge|Will-O-Wisp|p1a: Braviary\n|-status|p1a: Braviary|brn\n|\n|-damage|p1a: Braviary|0 fnt|[from] brn\n|faint|p1a: Braviary\n|upkeep\n|\n|t:|1698757323\n|switch|p1a: Weavile|Weavile, M|100\/100\n|turn|38\n|\n|t:|1698757333\n|move|p1a: Weavile|Knock Off|p2a: Skeledirge\n|-supereffective|p2a: Skeledirge\n|-damage|p2a: Skeledirge|0 fnt\n|-enditem|p2a: Skeledirge|Heavy-Duty Boots|[from] move: Knock Off|[of] p1a: Weavile\n|faint|p2a: Skeledirge\n|\n|upkeep\n|\n|t:|1698757341\n|switch|p2a: Iron Bundle|Iron Bundle|38\/100\n|-damage|p2a: Iron Bundle|13\/100|[from] Stealth Rock\n|turn|39\n|\n|t:|1698757344\n|move|p1a: Weavile|Knock Off|p2a: Iron Bundle\n|-damage|p2a: Iron Bundle|0 fnt\n|-enditem|p2a: Iron Bundle|Choice Specs|[from] move: Knock Off|[of] p1a: Weavile\n|faint|p2a: Iron Bundle\n|-end|p2a: Iron Bundle|Quark Drive|[silent]\n|\n|upkeep\n|\n|t:|1698757349\n|switch|p2a: Okidogi|Okidogi, M|36\/100\n|-damage|p2a: Okidogi|30\/100|[from] Stealth Rock\n|turn|40\n|\n|t:|1698757353\n|move|p1a: Weavile|Knock Off|p2a: Okidogi\n|-resisted|p2a: Okidogi\n|-damage|p2a: Okidogi|16\/100\n|-enditem|p2a: Okidogi|Black Sludge|[from] move: Knock Off|[of] p1a: Weavile\n|move|p2a: Okidogi|Drain Punch|p1a: Weavile\n|-supereffective|p1a: Weavile\n|-damage|p1a: Weavile|0 fnt\n|-heal|p2a: Okidogi|57\/100|[from] drain|[of] p1a: Weavile\n|faint|p1a: Weavile\n|\n|win|ItsCapman\n|c|\u2606ItsCapman|gg\n|c|\u2606Mario Flare|gg knappe kiste\n","uploadtime":1698757365,"views":28,"p1id":"marioflare","p2id":"itscapman","formatid":"gen9anythinggoes","rating":0,"private":0,"password":""}