{"id":"gen9anythinggoes-1982691069","p1":"ResurrectedDragon","p2":"Ranvijay","format":"[Gen 9] Anything Goes","log":"|j|\u2606ResurrectedDragon\n|j|\u2606Ranvijay\n|t:|1699036154\n|gametype|singles\n|player|p1|ResurrectedDragon|unknown|1122\n|player|p2|Ranvijay|1|1000\n|teamsize|p1|6\n|teamsize|p2|6\n|gen|9\n|tier|[Gen 9] Anything Goes\n|rated|\n|rule|HP Percentage Mod: HP is shown in percentages\n|rule|Endless Battle Clause: Forcing endless battles is banned\n|clearpoke\n|poke|p1|Scizor, F|\n|poke|p1|Chi-Yu|\n|poke|p1|Pelipper, M|\n|poke|p1|Garganacl, F|\n|poke|p1|Zacian-*|\n|poke|p1|Toxapex, M|\n|poke|p2|Rayquaza|\n|poke|p2|Arceus|\n|poke|p2|Zacian-*|\n|poke|p2|Calyrex-Shadow|\n|poke|p2|Eternatus|\n|poke|p2|Mewtwo|\n|teampreview\n|\n|t:|1699036159\n|start\n|switch|p1a: Scizor|Scizor, F|100\/100\n|switch|p2a: Arceus|Arceus|100\/100\n|turn|1\n|\n|t:|1699036165\n|move|p2a: Arceus|Dragon Dance|p2a: Arceus\n|-boost|p2a: Arceus|atk|1\n|-boost|p2a: Arceus|spe|1\n|move|p1a: Scizor|Swords Dance|p1a: Scizor\n|-boost|p1a: Scizor|atk|2\n|\n|upkeep\n|turn|2\n|\n|t:|1699036172\n|move|p2a: Arceus|Dragon Dance|p2a: Arceus\n|-boost|p2a: Arceus|atk|1\n|-boost|p2a: Arceus|spe|1\n|move|p1a: Scizor|Swords Dance|p1a: Scizor\n|-boost|p1a: Scizor|atk|2\n|\n|upkeep\n|turn|3\n|\n|t:|1699036179\n|move|p2a: Arceus|Outrage|p1a: Scizor\n|-resisted|p1a: Scizor\n|-damage|p1a: Scizor|62\/100\n|move|p1a: Scizor|Baton Pass|p1a: Scizor\n|\n|t:|1699036184\n|switch|p1a: Zacian|Zacian-Crowned|100\/100|[from] Baton Pass\n|-ability|p1a: Zacian|Intrepid Sword|boost\n|-boost|p1a: Zacian|atk|1\n|\n|upkeep\n|turn|4\n|\n|t:|1699036192\n|move|p2a: Arceus|Outrage|p1a: Zacian|[from]lockedmove\n|-immune|p1a: Zacian\n|-start|p2a: Arceus|confusion|[fatigue]\n|move|p1a: Zacian|Sacred Sword|p2a: Arceus\n|-supereffective|p2a: Arceus\n|-enditem|p2a: Arceus|Focus Sash\n|-damage|p2a: Arceus|1\/100\n|\n|upkeep\n|turn|5\n|\n|t:|1699036203\n|-terastallize|p2a: Arceus|Normal\n|-activate|p2a: Arceus|confusion\n|-damage|p2a: Arceus|0 fnt|[from] confusion\n|faint|p2a: Arceus\n|move|p1a: Zacian|Sacred Sword|p2: Arceus|[notarget]\n|-fail|p1a: Zacian\n|\n|upkeep\n|\n|t:|1699036210\n|switch|p2a: Rayquaza|Rayquaza|100\/100\n|-ability|p2a: Rayquaza|Air Lock\n|turn|6\n|\n|t:|1699036217\n|move|p1a: Zacian|Play Rough|p2a: Rayquaza\n|-supereffective|p2a: Rayquaza\n|-enditem|p2a: Rayquaza|Focus Sash\n|-damage|p2a: Rayquaza|1\/100\n|move|p2a: Rayquaza|Draco Meteor|p1a: Zacian\n|-immune|p1a: Zacian\n|\n|upkeep\n|turn|7\n|\n|t:|1699036226\n|move|p1a: Zacian|Play Rough|p2a: Rayquaza\n|-supereffective|p2a: Rayquaza\n|-damage|p2a: Rayquaza|0 fnt\n|faint|p2a: Rayquaza\n|\n|upkeep\n|\n|t:|1699036232\n|switch|p2a: Zacian|Zacian-Crowned|100\/100\n|-ability|p2a: Zacian|Intrepid Sword|boost\n|-boost|p2a: Zacian|atk|1\n|turn|8\n|\n|t:|1699036238\n|move|p1a: Zacian|Behemoth Blade|p2a: Zacian\n|-damage|p2a: Zacian|0 fnt\n|faint|p2a: Zacian\n|\n|upkeep\n|\n|t:|1699036243\n|switch|p2a: Eternatus|Eternatus|100\/100\n|-ability|p2a: Eternatus|Pressure\n|turn|9\n|\n|t:|1699036248\n|move|p1a: Zacian|Play Rough|p2a: Eternatus\n|-enditem|p2a: Eternatus|Focus Sash\n|-damage|p2a: Eternatus|1\/100\n|move|p2a: Eternatus|Outrage|p1a: Zacian\n|-immune|p1a: Zacian\n|\n|upkeep\n|turn|10\n|\n|t:|1699036260\n|move|p2a: Eternatus|Protect|p2a: Eternatus\n|-singleturn|p2a: Eternatus|Protect\n|move|p1a: Zacian|Trailblaze|p2a: Eternatus\n|-activate|p2a: Eternatus|move: Protect\n|\n|upkeep\n|turn|11\n|\n|t:|1699036275\n|move|p1a: Zacian|Trailblaze|p2a: Eternatus\n|-resisted|p2a: Eternatus\n|-damage|p2a: Eternatus|0 fnt\n|-boost|p1a: Zacian|spe|1\n|faint|p2a: Eternatus\n|\n|upkeep\n|\n|t:|1699036281\n|switch|p2a: Mewtwo|Mewtwo|100\/100\n|-ability|p2a: Mewtwo|Pressure\n|turn|12\n|\n|t:|1699036288\n|move|p1a: Zacian|Behemoth Blade|p2a: Mewtwo\n|-enditem|p2a: Mewtwo|Focus Sash\n|-damage|p2a: Mewtwo|1\/100\n|move|p2a: Mewtwo|Hex|p1a: Zacian\n|-damage|p1a: Zacian|79\/100\n|\n|upkeep\n|turn|13\n|-message|Ranvijay forfeited.\n|\n|win|ResurrectedDragon\n|raw|ResurrectedDragon's rating: 1122 &rarr; <strong>1139<\/strong><br \/>(+17 for winning)\n|raw|Ranvijay's rating: 1000 &rarr; <strong>1000<\/strong><br \/>(+0 for losing)\n|l|\u2606Ranvijay\n","uploadtime":1699036311,"views":5,"p1id":"resurrecteddragon","p2id":"ranvijay","formatid":"gen9anythinggoes","rating":1000,"private":0,"password":""}