{"id":"gen9anythinggoes-1973766315","p1":"MelloBello","p2":"propaganda0-0","format":"[Gen 9] Anything Goes","log":"|j|\u2606MelloBello\n|j|\u2606propaganda0-0\n|t:|1698011247\n|gametype|singles\n|player|p1|MelloBello|265|1185\n|player|p2|propaganda0-0|byron|1157\n|teamsize|p1|6\n|teamsize|p2|6\n|gen|9\n|tier|[Gen 9] Anything Goes\n|rated|\n|rule|HP Percentage Mod: HP is shown in percentages\n|rule|Endless Battle Clause: Forcing endless battles is banned\n|clearpoke\n|poke|p1|Alomomola, M|\n|poke|p1|Calyrex-Shadow|\n|poke|p1|Volcarona, M|\n|poke|p1|Forretress, F|\n|poke|p1|Masquerain, M|\n|poke|p1|Iron Valiant|\n|poke|p2|Iron Moth|\n|poke|p2|Ninetales-Alola, F|\n|poke|p2|Ribombee, M|\n|poke|p2|Urshifu-*, F|\n|poke|p2|Eternatus|\n|poke|p2|Kingambit, M|\n|teampreview\n|\n|t:|1698011250\n|start\n|switch|p1a: Forretress|Forretress, F|100\/100\n|switch|p2a: Nuh Uh|Ninetales-Alola, F|100\/100\n|-weather|Snow|[from] ability: Snow Warning|[of] p2a: Nuh Uh\n|turn|1\n|\n|t:|1698011260\n|move|p2a: Nuh Uh|Substitute|p2a: Nuh Uh\n|-start|p2a: Nuh Uh|Substitute\n|-damage|p2a: Nuh Uh|76\/100\n|move|p1a: Forretress|Spikes|p2a: Nuh Uh\n|-sidestart|p2: propaganda0-0|Spikes\n|\n|-weather|Snow|[upkeep]\n|-heal|p2a: Nuh Uh|82\/100|[from] item: Leftovers\n|upkeep\n|turn|2\n|\n|t:|1698011269\n|move|p2a: Nuh Uh|Nasty Plot|p2a: Nuh Uh\n|-boost|p2a: Nuh Uh|spa|2\n|move|p1a: Forretress|Spikes|p2a: Nuh Uh\n|-sidestart|p2: propaganda0-0|Spikes\n|\n|-weather|Snow|[upkeep]\n|-heal|p2a: Nuh Uh|88\/100|[from] item: Leftovers\n|upkeep\n|turn|3\n|\n|t:|1698011278\n|move|p2a: Nuh Uh|Baton Pass|p2a: Nuh Uh\n|\n|t:|1698011280\n|switch|p2a: The Big Cheese|Iron Moth|100\/100|[from] Baton Pass\n|-damage|p2a: The Big Cheese|84\/100|[from] Spikes\n|-enditem|p2a: The Big Cheese|Booster Energy\n|-activate|p2a: The Big Cheese|ability: Quark Drive|[fromitem]\n|-start|p2a: The Big Cheese|quarkdrivespa\n|move|p1a: Forretress|Spikes|p2a: The Big Cheese\n|-sidestart|p2: propaganda0-0|Spikes\n|\n|-weather|Snow|[upkeep]\n|upkeep\n|turn|4\n|\n|t:|1698011293\n|move|p2a: The Big Cheese|Fiery Dance|p1a: Forretress\n|-supereffective|p1a: Forretress\n|-ability|p1a: Forretress|Sturdy\n|-damage|p1a: Forretress|1\/100\n|move|p1a: Forretress|Stealth Rock|p2a: The Big Cheese\n|-sidestart|p2: propaganda0-0|move: Stealth Rock\n|\n|-weather|Snow|[upkeep]\n|upkeep\n|turn|5\n|\n|t:|1698011302\n|move|p2a: The Big Cheese|Fiery Dance|p1a: Forretress\n|-supereffective|p1a: Forretress\n|-damage|p1a: Forretress|0 fnt\n|faint|p1a: Forretress\n|\n|-weather|none\n|upkeep\n|\n|t:|1698011308\n|switch|p1a: Masquerain|Masquerain, M|100\/100\n|-ability|p1a: Masquerain|Intimidate|boost\n|-immune|p2a: The Big Cheese\n|turn|6\n|\n|t:|1698011313\n|move|p2a: The Big Cheese|Fiery Dance|p1a: Masquerain\n|-supereffective|p1a: Masquerain\n|-enditem|p1a: Masquerain|Focus Sash\n|-damage|p1a: Masquerain|1\/100\n|-boost|p2a: The Big Cheese|spa|1\n|move|p1a: Masquerain|Whirlwind|p2a: The Big Cheese\n|-end|p2a: The Big Cheese|Quark Drive|[silent]\n|drag|p2a: Nuh Uh|Ninetales-Alola, F|88\/100\n|-damage|p2a: Nuh Uh|63\/100|[from] Spikes\n|-damage|p2a: Nuh Uh|38\/100|[from] Stealth Rock\n|-weather|Snow|[from] ability: Snow Warning|[of] p2a: Nuh Uh\n|\n|-weather|Snow|[upkeep]\n|-heal|p2a: Nuh Uh|44\/100|[from] item: Leftovers\n|upkeep\n|turn|7\n|\n|t:|1698011329\n|move|p2a: Nuh Uh|Dazzling Gleam|p1a: Masquerain\n|-damage|p1a: Masquerain|0 fnt\n|faint|p1a: Masquerain\n|\n|-weather|Snow|[upkeep]\n|-heal|p2a: Nuh Uh|50\/100|[from] item: Leftovers\n|upkeep\n|\n|t:|1698011336\n|switch|p1a: Volcarona|Volcarona, M, shiny|100\/100\n|turn|8\n|\n|t:|1698011341\n|move|p2a: Nuh Uh|Nasty Plot|p2a: Nuh Uh\n|-boost|p2a: Nuh Uh|spa|2\n|move|p1a: Volcarona|Quiver Dance|p1a: Volcarona\n|-boost|p1a: Volcarona|spa|1\n|-boost|p1a: Volcarona|spd|1\n|-boost|p1a: Volcarona|spe|1\n|\n|-weather|Snow|[upkeep]\n|-heal|p2a: Nuh Uh|56\/100|[from] item: Leftovers\n|upkeep\n|turn|9\n|\n|t:|1698011352\n|move|p1a: Volcarona|Fiery Dance|p2a: Nuh Uh\n|-supereffective|p2a: Nuh Uh\n|-damage|p2a: Nuh Uh|0 fnt\n|-boost|p1a: Volcarona|spa|1\n|faint|p2a: Nuh Uh\n|\n|-weather|Snow|[upkeep]\n|upkeep\n|\n|t:|1698011362\n|switch|p2a: One PUNMCH!|Urshifu, F|100\/100\n|-damage|p2a: One PUNMCH!|76\/100|[from] Spikes\n|-damage|p2a: One PUNMCH!|69\/100|[from] Stealth Rock\n|turn|10\n|\n|t:|1698011377\n|move|p1a: Volcarona|Bug Buzz|p2a: One PUNMCH!\n|-damage|p2a: One PUNMCH!|0 fnt\n|faint|p2a: One PUNMCH!\n|\n|-weather|none\n|upkeep\n|\n|t:|1698011384\n|switch|p2a: Sacrifice|Ribombee, M|100\/100\n|-damage|p2a: Sacrifice|76\/100|[from] Spikes\n|-damage|p2a: Sacrifice|51\/100|[from] Stealth Rock\n|turn|11\n|\n|t:|1698011393\n|move|p1a: Volcarona|Fiery Dance|p2a: Sacrifice\n|-supereffective|p2a: Sacrifice\n|-damage|p2a: Sacrifice|0 fnt\n|faint|p2a: Sacrifice\n|\n|upkeep\n|\n|t:|1698011404\n|switch|p2a: The Big Cheese|Iron Moth|84\/100\n|-damage|p2a: The Big Cheese|59\/100|[from] Spikes\n|-damage|p2a: The Big Cheese|34\/100|[from] Stealth Rock\n|turn|12\n|c|\u2606MelloBello|NOOO WHY IS IT NAMED SACRIFICE??\n|\n|t:|1698011418\n|-terastallize|p2a: The Big Cheese|Fire\n|move|p1a: Volcarona|Bug Buzz|p2a: The Big Cheese\n|-resisted|p2a: The Big Cheese\n|-crit|p2a: The Big Cheese\n|-damage|p2a: The Big Cheese|0 fnt\n|faint|p2a: The Big Cheese\n|-end|p2a: The Big Cheese|Quark Drive|[silent]\n|\n|upkeep\n|-message|propaganda0-0 forfeited.\n|\n|win|MelloBello\n|raw|MelloBello's rating: 1185 &rarr; <strong>1208<\/strong><br \/>(+23 for winning)\n|raw|propaganda0-0's rating: 1157 &rarr; <strong>1134<\/strong><br \/>(-23 for losing)\n|l|\u2606propaganda0-0\n","uploadtime":1698011435,"views":13,"p1id":"mellobello","p2id":"propaganda00","formatid":"gen9anythinggoes","rating":1134,"private":0,"password":""}