{"id":"gen9anythinggoes-1972793590","p1":"madermen","p2":"rocket function","format":"[Gen 9] Anything Goes","log":"|j|\u2606madermen\n|j|\u2606rocket function\n|t:|1697895804\n|gametype|singles\n|player|p1|madermen|waiter|1270\n|player|p2|rocket function|artist-gen4|1217\n|teamsize|p1|6\n|teamsize|p2|6\n|gen|9\n|tier|[Gen 9] Anything Goes\n|rated|\n|rule|HP Percentage Mod: HP is shown in percentages\n|rule|Endless Battle Clause: Forcing endless battles is banned\n|clearpoke\n|poke|p1|Mamoswine, M|\n|poke|p1|Mamoswine, F|\n|poke|p1|Mamoswine, M|\n|poke|p1|Mamoswine, M|\n|poke|p1|Mamoswine, M|\n|poke|p1|Mamoswine, M|\n|poke|p2|Arceus-Poison|\n|poke|p2|Arceus-Flying|\n|poke|p2|Arceus-Ground|\n|poke|p2|Arceus-Fairy|\n|poke|p2|Arceus-Water|\n|poke|p2|Arceus-Steel|\n|teampreview\n|inactive|Battle timer is ON: inactive players will automatically lose when time's up. (requested by madermen)\n|\n|t:|1697895809\n|start\n|switch|p1a: pb|Mamoswine, M|100\/100\n|switch|p2a: \u0391rceus-Flying|Arceus-Steel|100\/100\n|turn|1\n|\n|t:|1697895816\n|move|p2a: \u0391rceus-Flying|Calm Mind|p2a: \u0391rceus-Flying\n|-boost|p2a: \u0391rceus-Flying|spa|1\n|-boost|p2a: \u0391rceus-Flying|spd|1\n|move|p1a: pb|Earthquake|p2a: \u0391rceus-Flying\n|-supereffective|p2a: \u0391rceus-Flying\n|-damage|p2a: \u0391rceus-Flying|32\/100\n|\n|upkeep\n|turn|2\n|\n|t:|1697895821\n|move|p2a: \u0391rceus-Flying|Judgment|p1a: pb\n|-supereffective|p1a: pb\n|-enditem|p1a: pb|Focus Sash\n|-damage|p1a: pb|1\/100\n|move|p1a: pb|Earthquake|p2a: \u0391rceus-Flying\n|-supereffective|p2a: \u0391rceus-Flying\n|-damage|p2a: \u0391rceus-Flying|0 fnt\n|faint|p2a: \u0391rceus-Flying\n|\n|upkeep\n|\n|t:|1697895829\n|switch|p2a: \u0391rceus-Fairy|Arceus-Fairy|100\/100\n|turn|3\n|\n|t:|1697895837\n|move|p2a: \u0391rceus-Fairy|Stealth Rock|p1a: pb\n|-sidestart|p1: madermen|move: Stealth Rock\n|move|p1a: pb|Stealth Rock|p2a: \u0391rceus-Fairy\n|-sidestart|p2: rocket function|move: Stealth Rock\n|\n|upkeep\n|turn|4\n|\n|t:|1697895841\n|move|p1a: pb|Ice Shard|p2a: \u0391rceus-Fairy\n|-damage|p2a: \u0391rceus-Fairy|88\/100\n|move|p2a: \u0391rceus-Fairy|Judgment|p1a: pb\n|-damage|p1a: pb|0 fnt\n|faint|p1a: pb\n|\n|upkeep\n|\n|t:|1697895854\n|switch|p1a: borb|Mamoswine, M|100\/100\n|-damage|p1a: borb|88\/100|[from] Stealth Rock\n|turn|5\n|\n|t:|1697895863\n|move|p1a: borb|Icicle Crash|p2a: \u0391rceus-Fairy\n|-damage|p2a: \u0391rceus-Fairy|60\/100\n|cant|p2a: \u0391rceus-Fairy|flinch\n|\n|upkeep\n|turn|6\n|\n|t:|1697895867\n|move|p1a: borb|Icicle Crash|p2a: \u0391rceus-Fairy\n|-damage|p2a: \u0391rceus-Fairy|34\/100\n|move|p2a: \u0391rceus-Fairy|Recover|p2a: \u0391rceus-Fairy\n|-heal|p2a: \u0391rceus-Fairy|84\/100\n|\n|upkeep\n|turn|7\n|\n|t:|1697895871\n|move|p1a: borb|Icicle Crash|p2a: \u0391rceus-Fairy\n|-damage|p2a: \u0391rceus-Fairy|58\/100\n|move|p2a: \u0391rceus-Fairy|Judgment|p1a: borb\n|-damage|p1a: borb|18\/100\n|\n|upkeep\n|turn|8\n|\n|t:|1697895900\n|move|p1a: borb|Icicle Crash|p2a: \u0391rceus-Fairy\n|-damage|p2a: \u0391rceus-Fairy|29\/100\n|move|p2a: \u0391rceus-Fairy|Judgment|p1a: borb\n|-damage|p1a: borb|0 fnt\n|faint|p1a: borb\n|\n|upkeep\n|\n|t:|1697895911\n|switch|p1a: illegal|Mamoswine, M|100\/100\n|-damage|p1a: illegal|88\/100|[from] Stealth Rock\n|turn|9\n|\n|t:|1697895915\n|move|p1a: illegal|Ice Shard|p2a: \u0391rceus-Fairy\n|-damage|p2a: \u0391rceus-Fairy|7\/100\n|move|p2a: \u0391rceus-Fairy|Judgment|p1a: illegal\n|-damage|p1a: illegal|22\/100\n|\n|upkeep\n|turn|10\n|\n|t:|1697895918\n|move|p1a: illegal|Ice Shard|p2a: \u0391rceus-Fairy\n|-damage|p2a: \u0391rceus-Fairy|0 fnt\n|faint|p2a: \u0391rceus-Fairy\n|\n|upkeep\n|\n|t:|1697895923\n|switch|p2a: \u0391rceus-Psychic|Arceus-Poison|100\/100\n|-damage|p2a: \u0391rceus-Psychic|88\/100|[from] Stealth Rock\n|turn|11\n|\n|t:|1697895929\n|move|p1a: illegal|Ice Shard|p2a: \u0391rceus-Psychic\n|-damage|p2a: \u0391rceus-Psychic|65\/100\n|move|p2a: \u0391rceus-Psychic|Iron Defense|p2a: \u0391rceus-Psychic\n|-boost|p2a: \u0391rceus-Psychic|def|2\n|\n|upkeep\n|turn|12\n|\n|t:|1697895933\n|move|p1a: illegal|Ice Shard|p2a: \u0391rceus-Psychic\n|-damage|p2a: \u0391rceus-Psychic|54\/100\n|move|p2a: \u0391rceus-Psychic|Recover|p2a: \u0391rceus-Psychic\n|-heal|p2a: \u0391rceus-Psychic|100\/100\n|\n|upkeep\n|turn|13\n|\n|t:|1697895935\n|move|p1a: illegal|Ice Shard|p2a: \u0391rceus-Psychic\n|-damage|p2a: \u0391rceus-Psychic|90\/100\n|move|p2a: \u0391rceus-Psychic|Iron Defense|p2a: \u0391rceus-Psychic\n|-boost|p2a: \u0391rceus-Psychic|def|2\n|\n|upkeep\n|turn|14\n|\n|t:|1697895938\n|move|p1a: illegal|Ice Shard|p2a: \u0391rceus-Psychic\n|-damage|p2a: \u0391rceus-Psychic|83\/100\n|move|p2a: \u0391rceus-Psychic|Iron Defense|p2a: \u0391rceus-Psychic\n|-boost|p2a: \u0391rceus-Psychic|def|2\n|\n|upkeep\n|turn|15\n|\n|t:|1697895940\n|move|p1a: illegal|Ice Shard|p2a: \u0391rceus-Psychic\n|-damage|p2a: \u0391rceus-Psychic|77\/100\n|move|p2a: \u0391rceus-Psychic|Body Press|p1a: illegal\n|-supereffective|p1a: illegal\n|-damage|p1a: illegal|0 fnt\n|faint|p1a: illegal\n|\n|upkeep\n|\n|t:|1697895944\n|switch|p1a: huh?|Mamoswine, M|100\/100\n|-damage|p1a: huh?|88\/100|[from] Stealth Rock\n|turn|16\n|\n|t:|1697895957\n|-terastallize|p1a: huh?|Ghost\n|move|p2a: \u0391rceus-Psychic|Iron Defense|p2a: \u0391rceus-Psychic\n|-boost|p2a: \u0391rceus-Psychic|def|0\n|move|p1a: huh?|Earth Power|p2a: \u0391rceus-Psychic\n|-supereffective|p2a: \u0391rceus-Psychic\n|-crit|p2a: \u0391rceus-Psychic\n|-damage|p2a: \u0391rceus-Psychic|2\/100\n|\n|upkeep\n|turn|17\n|\n|t:|1697895962\n|move|p2a: \u0391rceus-Psychic|Will-O-Wisp|p1a: huh?\n|-status|p1a: huh?|brn\n|move|p1a: huh?|Earth Power|p2a: \u0391rceus-Psychic\n|-supereffective|p2a: \u0391rceus-Psychic\n|-damage|p2a: \u0391rceus-Psychic|0 fnt\n|faint|p2a: \u0391rceus-Psychic\n|\n|-damage|p1a: huh?|82\/100 brn|[from] brn\n|upkeep\n|-message|rocket function forfeited.\n|\n|win|madermen\n|raw|madermen's rating: 1270 &rarr; <strong>1292<\/strong><br \/>(+22 for winning)\n|raw|rocket function's rating: 1233 &rarr; <strong>1211<\/strong><br \/>(-22 for losing)\n|l|\u2606rocket function\n","uploadtime":1697895976,"views":6,"p1id":"madermen","p2id":"rocketfunction","formatid":"gen9anythinggoes","rating":1211,"private":0,"password":""}