{"id":"gen9anythinggoes-1993169203","p1":"soradexzy12","p2":"LingLing007","format":"[Gen 9] Anything Goes","log":"|j|\u2606soradexzy12\n|j|\u2606LingLing007\n|t:|1700273211\n|gametype|singles\n|player|p1|soradexzy12|2|1040\n|player|p2|LingLing007|proton|1158\n|teamsize|p1|6\n|teamsize|p2|6\n|gen|9\n|tier|[Gen 9] Anything Goes\n|rated|\n|rule|HP Percentage Mod: HP is shown in percentages\n|rule|Endless Battle Clause: Forcing endless battles is banned\n|clearpoke\n|poke|p1|Cinderace, M|\n|poke|p1|Corviknight, M|\n|poke|p1|Raichu, M|\n|poke|p1|Umbreon, M|\n|poke|p1|Lucario, F|\n|poke|p1|Sylveon, M|\n|poke|p2|Toxapex, M|\n|poke|p2|Slowking-Galar, M|\n|poke|p2|Amoonguss, F|\n|poke|p2|Slowbro-Galar, M|\n|poke|p2|Weezing-Galar, M|\n|poke|p2|Sneasler, F|\n|teampreview\n|inactive|Battle timer is ON: inactive players will automatically lose when time's up. (requested by LingLing007)\n|\n|t:|1700273219\n|start\n|switch|p1a: Lucario|Lucario, F|100\/100\n|switch|p2a: Toxapex|Toxapex, M|100\/100\n|turn|1\n|\n|t:|1700273225\n|move|p1a: Lucario|Extreme Speed|p2a: Toxapex\n|-damage|p2a: Toxapex|88\/100\n|move|p2a: Toxapex|Infestation|p1a: Lucario\n|-resisted|p1a: Lucario\n|-damage|p1a: Lucario|99\/100\n|-activate|p1a: Lucario|move: Infestation|[of] p2a: Toxapex\n|\n|-heal|p2a: Toxapex|95\/100|[from] item: Black Sludge\n|-damage|p1a: Lucario|87\/100|[from] move: Infestation|[partiallytrapped]\n|upkeep\n|turn|2\n|\n|t:|1700273235\n|move|p1a: Lucario|Bulk Up|p1a: Lucario\n|-boost|p1a: Lucario|atk|1\n|-boost|p1a: Lucario|def|1\n|move|p2a: Toxapex|Infestation|p1a: Lucario\n|-resisted|p1a: Lucario\n|-damage|p1a: Lucario|86\/100\n|\n|-heal|p2a: Toxapex|100\/100|[from] item: Black Sludge\n|-damage|p1a: Lucario|74\/100|[from] move: Infestation|[partiallytrapped]\n|upkeep\n|turn|3\n|\n|t:|1700273245\n|move|p1a: Lucario|Dragon Pulse|p2a: Toxapex\n|-damage|p2a: Toxapex|82\/100\n|move|p2a: Toxapex|Haze|p2a: Toxapex\n|-clearallboost\n|\n|-heal|p2a: Toxapex|88\/100|[from] item: Black Sludge\n|-damage|p1a: Lucario|61\/100|[from] move: Infestation|[partiallytrapped]\n|upkeep\n|turn|4\n|\n|t:|1700273254\n|move|p1a: Lucario|Dragon Pulse|p2a: Toxapex\n|-damage|p2a: Toxapex|68\/100\n|move|p2a: Toxapex|Infestation|p1a: Lucario\n|-resisted|p1a: Lucario\n|-crit|p1a: Lucario\n|-damage|p1a: Lucario|60\/100\n|\n|-heal|p2a: Toxapex|75\/100|[from] item: Black Sludge\n|-damage|p1a: Lucario|48\/100|[from] move: Infestation|[partiallytrapped]\n|upkeep\n|turn|5\n|\n|t:|1700273262\n|move|p1a: Lucario|Aura Sphere|p2a: Toxapex\n|-resisted|p2a: Toxapex\n|-damage|p2a: Toxapex|61\/100\n|move|p2a: Toxapex|Infestation|p1a: Lucario\n|-resisted|p1a: Lucario\n|-damage|p1a: Lucario|47\/100\n|\n|-heal|p2a: Toxapex|67\/100|[from] item: Black Sludge\n|-end|p1a: Lucario|Infestation|[partiallytrapped]\n|upkeep\n|turn|6\n|\n|t:|1700273270\n|move|p1a: Lucario|Dragon Pulse|p2a: Toxapex\n|-damage|p2a: Toxapex|48\/100\n|move|p2a: Toxapex|Infestation|p1a: Lucario\n|-resisted|p1a: Lucario\n|-damage|p1a: Lucario|46\/100\n|-activate|p1a: Lucario|move: Infestation|[of] p2a: Toxapex\n|\n|-heal|p2a: Toxapex|54\/100|[from] item: Black Sludge\n|-damage|p1a: Lucario|33\/100|[from] move: Infestation|[partiallytrapped]\n|upkeep\n|turn|7\n|\n|t:|1700273283\n|switch|p2a: Slowking|Slowking-Galar, M|100\/100\n|move|p1a: Lucario|Dragon Pulse|p2a: Slowking\n|-damage|p2a: Slowking|91\/100\n|\n|-end|p1a: Lucario|Infestation|[partiallytrapped]|[silent]\n|upkeep\n|turn|8\n|\n|t:|1700273289\n|move|p1a: Lucario|Extreme Speed|p2a: Slowking\n|-damage|p2a: Slowking|67\/100\n|move|p2a: Slowking|Future Sight|p1a: Lucario\n|-start|p2a: Slowking|move: Future Sight\n|\n|upkeep\n|turn|9\n|\n|t:|1700273293\n|switch|p2a: Toxapex|Toxapex, M|87\/100\n|move|p1a: Lucario|Extreme Speed|p2a: Toxapex\n|-damage|p2a: Toxapex|75\/100\n|\n|-heal|p2a: Toxapex|81\/100|[from] item: Black Sludge\n|upkeep\n|turn|10\n|\n|t:|1700273300\n|move|p1a: Lucario|Extreme Speed|p2a: Toxapex\n|-damage|p2a: Toxapex|68\/100\n|move|p2a: Toxapex|Infestation|p1a: Lucario\n|-resisted|p1a: Lucario\n|-damage|p1a: Lucario|33\/100\n|-activate|p1a: Lucario|move: Infestation|[of] p2a: Toxapex\n|\n|-end|p1a: Lucario|move: Future Sight\n|-damage|p1a: Lucario|0 fnt\n|faint|p1a: Lucario\n|-heal|p2a: Toxapex|74\/100|[from] item: Black Sludge\n|upkeep\n|\n|t:|1700273310\n|switch|p1a: Raichu|Raichu, M|100\/100\n|turn|11\n|\n|t:|1700273320\n|-terastallize|p1a: Raichu|Steel\n|-terastallize|p2a: Toxapex|Poison\n|move|p1a: Raichu|Electric Terrain|p1a: Raichu\n|-fieldstart|move: Electric Terrain\n|-enditem|p1a: Raichu|Electric Seed\n|-boost|p1a: Raichu|def|1|[from] item: Electric Seed\n|move|p2a: Toxapex|Toxic|p1a: Raichu\n|-immune|p1a: Raichu\n|\n|-heal|p2a: Toxapex|80\/100|[from] item: Black Sludge\n|upkeep\n|turn|12\n|\n|t:|1700273330\n|move|p1a: Raichu|Focus Blast|p2a: Toxapex|[miss]\n|-miss|p1a: Raichu|p2a: Toxapex\n|move|p2a: Toxapex|Infestation|p1a: Raichu\n|-resisted|p1a: Raichu\n|-damage|p1a: Raichu|99\/100\n|-activate|p1a: Raichu|move: Infestation|[of] p2a: Toxapex\n|-status|p2a: Toxapex|par|[from] ability: Static|[of] p1a: Raichu\n|\n|-heal|p2a: Toxapex|87\/100 par|[from] item: Black Sludge\n|-damage|p1a: Raichu|87\/100|[from] move: Infestation|[partiallytrapped]\n|upkeep\n|turn|13\n|\n|t:|1700273340\n|switch|p2a: Slowking|Slowking-Galar, M|99\/100\n|move|p1a: Raichu|Dig||[still]\n|-prepare|p1a: Raichu|Dig\n|\n|-end|p1a: Raichu|Infestation|[partiallytrapped]|[silent]\n|upkeep\n|turn|14\n|\n|t:|1700273345\n|move|p1a: Raichu|Dig|p2a: Slowking|[from]lockedmove\n|-supereffective|p2a: Slowking\n|-damage|p2a: Slowking|60\/100\n|move|p2a: Slowking|Future Sight|p1a: Raichu\n|-start|p2a: Slowking|move: Future Sight\n|\n|upkeep\n|turn|15\n|\n|t:|1700273349\n|switch|p2a: Toxapex|Toxapex, M, tera:Poison|100\/100 par\n|move|p1a: Raichu|Dig||[still]\n|-prepare|p1a: Raichu|Dig\n|\n|-fieldend|move: Electric Terrain\n|upkeep\n|turn|16\n|\n|t:|1700273358\n|move|p1a: Raichu|Dig|p2a: Toxapex|[from]lockedmove\n|-supereffective|p2a: Toxapex\n|-damage|p2a: Toxapex|79\/100 par\n|move|p2a: Toxapex|Infestation|p1a: Raichu\n|-resisted|p1a: Raichu\n|-damage|p1a: Raichu|85\/100\n|-activate|p1a: Raichu|move: Infestation|[of] p2a: Toxapex\n|\n|-end|p1a: Raichu|move: Future Sight\n|-resisted|p1a: Raichu\n|-damage|p1a: Raichu|57\/100\n|-heal|p2a: Toxapex|85\/100 par|[from] item: Black Sludge\n|-damage|p1a: Raichu|45\/100|[from] move: Infestation|[partiallytrapped]\n|upkeep\n|turn|17\n|\n|t:|1700273370\n|move|p1a: Raichu|Focus Blast|p2a: Toxapex\n|-resisted|p2a: Toxapex\n|-damage|p2a: Toxapex|74\/100 par\n|move|p2a: Toxapex|Infestation|p1a: Raichu\n|-resisted|p1a: Raichu\n|-damage|p1a: Raichu|43\/100\n|\n|-heal|p2a: Toxapex|80\/100 par|[from] item: Black Sludge\n|-damage|p1a: Raichu|30\/100|[from] move: Infestation|[partiallytrapped]\n|upkeep\n|turn|18\n|\n|t:|1700273378\n|switch|p2a: Slowking|Slowking-Galar, M|93\/100\n|move|p1a: Raichu|Thunderbolt|p2a: Slowking\n|-damage|p2a: Slowking|82\/100\n|\n|-end|p1a: Raichu|Infestation|[partiallytrapped]|[silent]\n|upkeep\n|turn|19\n|\n|t:|1700273384\n|move|p1a: Raichu|Focus Blast|p2a: Slowking\n|-resisted|p2a: Slowking\n|-damage|p2a: Slowking|79\/100\n|-unboost|p2a: Slowking|spd|1\n|move|p2a: Slowking|Earthquake|p1a: Raichu\n|-supereffective|p1a: Raichu\n|-damage|p1a: Raichu|0 fnt\n|faint|p1a: Raichu\n|\n|upkeep\n|\n|t:|1700273397\n|switch|p1a: Corviknight|Corviknight, M|100\/100\n|-ability|p1a: Corviknight|Pressure\n|turn|20\n|\n|t:|1700273401\n|move|p1a: Corviknight|Power Trip|p2a: Slowking\n|-supereffective|p2a: Slowking\n|-damage|p2a: Slowking|69\/100\n|move|p2a: Slowking|Flamethrower|p1a: Corviknight\n|-supereffective|p1a: Corviknight\n|-damage|p1a: Corviknight|58\/100\n|\n|-heal|p1a: Corviknight|64\/100|[from] item: Leftovers\n|upkeep\n|turn|21\n|\n|t:|1700273410\n|move|p1a: Corviknight|Steel Wing|p2a: Slowking\n|-damage|p2a: Slowking|44\/100\n|move|p2a: Slowking|Flamethrower|p1a: Corviknight\n|-supereffective|p1a: Corviknight\n|-damage|p1a: Corviknight|20\/100\n|\n|-heal|p1a: Corviknight|26\/100|[from] item: Leftovers\n|upkeep\n|turn|22\n|\n|t:|1700273418\n|switch|p2a: Toxapex|Toxapex, M, tera:Poison|100\/100 par\n|move|p1a: Corviknight|Brave Bird|p2a: Toxapex\n|-damage|p2a: Toxapex|76\/100 par\n|-damage|p1a: Corviknight|20\/100|[from] Recoil\n|\n|-heal|p1a: Corviknight|26\/100|[from] item: Leftovers\n|-heal|p2a: Toxapex|83\/100 par|[from] item: Black Sludge\n|upkeep\n|turn|23\n|\n|t:|1700273427\n|move|p1a: Corviknight|Steel Wing|p2a: Toxapex\n|-damage|p2a: Toxapex|67\/100 par\n|move|p2a: Toxapex|Infestation|p1a: Corviknight\n|-resisted|p1a: Corviknight\n|-damage|p1a: Corviknight|25\/100\n|-activate|p1a: Corviknight|move: Infestation|[of] p2a: Toxapex\n|\n|-heal|p1a: Corviknight|32\/100|[from] item: Leftovers\n|-heal|p2a: Toxapex|73\/100 par|[from] item: Black Sludge\n|-damage|p1a: Corviknight|19\/100|[from] move: Infestation|[partiallytrapped]\n|upkeep\n|turn|24\n|\n|t:|1700273436\n|switch|p2a: Slowking|Slowking-Galar, M|77\/100\n|move|p1a: Corviknight|Steel Wing|p2a: Slowking\n|-damage|p2a: Slowking|54\/100\n|\n|-heal|p1a: Corviknight|25\/100|[from] item: Leftovers\n|-end|p1a: Corviknight|Infestation|[partiallytrapped]|[silent]\n|upkeep\n|turn|25\n|\n|t:|1700273449\n|move|p1a: Corviknight|Power Trip|p2a: Slowking\n|-supereffective|p2a: Slowking\n|-damage|p2a: Slowking|44\/100\n|move|p2a: Slowking|Flamethrower|p1a: Corviknight\n|-supereffective|p1a: Corviknight\n|-damage|p1a: Corviknight|0 fnt\n|faint|p1a: Corviknight\n|\n|upkeep\n|\n|t:|1700273460\n|switch|p1a: Cinderace|Cinderace, M|100\/100\n|turn|26\n|\n|t:|1700273464\n|switch|p2a: Toxapex|Toxapex, M, tera:Poison|100\/100 par\n|move|p1a: Cinderace|Flare Blitz|p2a: Toxapex\n|-damage|p2a: Toxapex|69\/100 par\n|-damage|p1a: Cinderace|91\/100|[from] Recoil\n|\n|-heal|p2a: Toxapex|75\/100 par|[from] item: Black Sludge\n|upkeep\n|turn|27\n|\n|t:|1700273472\n|move|p1a: Cinderace|Flame Charge|p2a: Toxapex\n|-damage|p2a: Toxapex|61\/100 par\n|-boost|p1a: Cinderace|spe|1\n|move|p2a: Toxapex|Toxic|p1a: Cinderace\n|-status|p1a: Cinderace|tox\n|\n|-heal|p2a: Toxapex|68\/100 par|[from] item: Black Sludge\n|-damage|p1a: Cinderace|85\/100 tox|[from] psn\n|upkeep\n|turn|28\n|\n|t:|1700273482\n|switch|p2a: Slowking|Slowking-Galar, M|77\/100\n|move|p1a: Cinderace|Gunk Shot|p2a: Slowking\n|-start|p1a: Cinderace|typechange|Poison|[from] ability: Libero\n|-resisted|p2a: Slowking\n|-damage|p2a: Slowking|51\/100\n|\n|-damage|p1a: Cinderace|73\/100 tox|[from] psn\n|upkeep\n|turn|29\n|\n|t:|1700273490\n|move|p1a: Cinderace|Flame Charge|p2a: Slowking\n|-damage|p2a: Slowking|35\/100\n|-boost|p1a: Cinderace|spe|1\n|move|p2a: Slowking|Future Sight|p1a: Cinderace\n|-start|p2a: Slowking|move: Future Sight\n|\n|-damage|p1a: Cinderace|54\/100 tox|[from] psn\n|upkeep\n|turn|30\n|\n|t:|1700273497\n|switch|p2a: Toxapex|Toxapex, M, tera:Poison|100\/100 par\n|move|p1a: Cinderace|Flame Charge|p2a: Toxapex\n|-damage|p2a: Toxapex|91\/100 par\n|-boost|p1a: Cinderace|spe|1\n|\n|-heal|p2a: Toxapex|97\/100 par|[from] item: Black Sludge\n|-damage|p1a: Cinderace|29\/100 tox|[from] psn\n|upkeep\n|turn|31\n|\n|t:|1700273506\n|move|p1a: Cinderace|Flame Charge|p2a: Toxapex\n|-damage|p2a: Toxapex|89\/100 par\n|-boost|p1a: Cinderace|spe|1\n|move|p2a: Toxapex|Infestation|p1a: Cinderace\n|-resisted|p1a: Cinderace\n|-damage|p1a: Cinderace|28\/100 tox\n|-activate|p1a: Cinderace|move: Infestation|[of] p2a: Toxapex\n|\n|-end|p1a: Cinderace|move: Future Sight\n|-supereffective|p1a: Cinderace\n|-damage|p1a: Cinderace|0 fnt\n|faint|p1a: Cinderace\n|-heal|p2a: Toxapex|95\/100 par|[from] item: Black Sludge\n|upkeep\n|\n|t:|1700273520\n|switch|p1a: Umbreon|Umbreon, M|100\/100\n|turn|32\n|\n|t:|1700273526\n|move|p1a: Umbreon|Psychic|p2a: Toxapex\n|-supereffective|p2a: Toxapex\n|-damage|p2a: Toxapex|71\/100 par\n|move|p2a: Toxapex|Infestation|p1a: Umbreon\n|-supereffective|p1a: Umbreon\n|-damage|p1a: Umbreon|96\/100\n|-activate|p1a: Umbreon|move: Infestation|[of] p2a: Toxapex\n|\n|-heal|p2a: Toxapex|77\/100 par|[from] item: Black Sludge\n|-damage|p1a: Umbreon|83\/100|[from] move: Infestation|[partiallytrapped]\n|upkeep\n|turn|33\n|\n|t:|1700273534\n|move|p1a: Umbreon|Psychic|p2a: Toxapex\n|-supereffective|p2a: Toxapex\n|-damage|p2a: Toxapex|52\/100 par\n|move|p2a: Toxapex|Toxic||[still]\n|-status|p1a: Umbreon|tox\n|-activate|p1a: Umbreon|ability: Synchronize\n|-fail|p1a: Umbreon\n|\n|-heal|p2a: Toxapex|59\/100 par|[from] item: Black Sludge\n|-damage|p1a: Umbreon|77\/100 tox|[from] psn\n|-damage|p1a: Umbreon|65\/100 tox|[from] move: Infestation|[partiallytrapped]\n|upkeep\n|turn|34\n|\n|t:|1700273544\n|switch|p2a: Slowking|Slowking-Galar, M|68\/100\n|move|p1a: Umbreon|Psychic|p2a: Slowking\n|-damage|p2a: Slowking|61\/100\n|\n|-damage|p1a: Umbreon|52\/100 tox|[from] psn\n|-end|p1a: Umbreon|Infestation|[partiallytrapped]|[silent]\n|upkeep\n|turn|35\n|\n|t:|1700273554\n|move|p1a: Umbreon|Dark Pulse|p2a: Slowking\n|-supereffective|p2a: Slowking\n|-damage|p2a: Slowking|46\/100\n|move|p2a: Slowking|Earthquake|p1a: Umbreon\n|-damage|p1a: Umbreon|39\/100 tox\n|\n|-damage|p1a: Umbreon|20\/100 tox|[from] psn\n|upkeep\n|turn|36\n|\n|t:|1700273561\n|switch|p2a: Toxapex|Toxapex, M, tera:Poison|92\/100 par\n|move|p1a: Umbreon|Dark Pulse|p2a: Toxapex\n|-damage|p2a: Toxapex|76\/100 par\n|\n|-heal|p2a: Toxapex|82\/100 par|[from] item: Black Sludge\n|-damage|p1a: Umbreon|0 fnt|[from] psn\n|faint|p1a: Umbreon\n|upkeep\n|-message|soradexzy12 forfeited.\n|\n|win|LingLing007\n|raw|soradexzy12's rating: 1040 &rarr; <strong>1029<\/strong><br \/>(-11 for losing)\n|raw|LingLing007's rating: 1158 &rarr; <strong>1175<\/strong><br \/>(+17 for winning)\n|l|\u2606soradexzy12\n|c|\u2606LingLing007|:)\n","uploadtime":1700273575,"views":19,"p1id":"soradexzy12","p2id":"lingling007","formatid":"gen9anythinggoes","rating":1029,"private":0,"password":""}