{"id":"gen9anythinggoes-1976988320","p1":"plug-up","p2":"DiduiyE","format":"[Gen 9] Anything Goes","log":"|j|\u2606plug-up\n|j|\u2606DiduiyE\n|t:|1698359160\n|gametype|singles\n|player|p1|plug-up|plasmagrunt-gen5bw|1290\n|player|p2|DiduiyE|cynthia|1396\n|teamsize|p1|6\n|teamsize|p2|6\n|gen|9\n|tier|[Gen 9] Anything Goes\n|rated|\n|rule|HP Percentage Mod: HP is shown in percentages\n|rule|Endless Battle Clause: Forcing endless battles is banned\n|clearpoke\n|poke|p1|Calyrex-Shadow|\n|poke|p1|Arceus|\n|poke|p1|Arceus|\n|poke|p1|Zacian-*|\n|poke|p1|Ribombee, F|\n|poke|p1|Kingambit, M|\n|poke|p2|Urshifu-*, M|\n|poke|p2|Greninja-*, M|\n|poke|p2|Hoopa-Unbound|\n|poke|p2|Ditto|\n|poke|p2|Toxapex, M|\n|poke|p2|Groudon|\n|teampreview\n|inactive|Battle timer is ON: inactive players will automatically lose when time's up. (requested by plug-up)\n|\n|t:|1698359184\n|start\n|switch|p1a: Ribombee|Ribombee, F, shiny|100\/100\n|switch|p2a: Sukuna|Hoopa-Unbound|100\/100\n|turn|1\n|\n|t:|1698359198\n|move|p1a: Ribombee|Sticky Web|p2a: Sukuna\n|-sidestart|p2: DiduiyE|move: Sticky Web\n|move|p2a: Sukuna|Fire Punch|p1a: Ribombee\n|-supereffective|p1a: Ribombee\n|-enditem|p1a: Ribombee|Focus Sash\n|-damage|p1a: Ribombee|1\/100\n|\n|upkeep\n|turn|2\n|j| Hockaj\n|\n|t:|1698359210\n|move|p1a: Ribombee|Moonblast|p2a: Sukuna\n|-supereffective|p2a: Sukuna\n|-damage|p2a: Sukuna|26\/100\n|move|p2a: Sukuna|Fire Punch|p1a: Ribombee\n|-supereffective|p1a: Ribombee\n|-damage|p1a: Ribombee|0 fnt\n|faint|p1a: Ribombee\n|\n|upkeep\n|\n|t:|1698359231\n|switch|p1a: Calyrex|Calyrex-Shadow|100\/100\n|-ability|p1a: Calyrex|As One\n|-ability|p1a: Calyrex|Unnerve\n|turn|3\n|\n|t:|1698359240\n|move|p1a: Calyrex|Astral Barrage|p2a: Sukuna\n|-damage|p2a: Sukuna|0 fnt\n|faint|p2a: Sukuna\n|-ability|p1a: Calyrex|Grim Neigh|boost\n|-boost|p1a: Calyrex|spa|1\n|-damage|p1a: Calyrex|91\/100|[from] item: Life Orb\n|\n|upkeep\n|\n|t:|1698359247\n|switch|p2a: Ditto|Ditto|100\/100\n|-activate|p2a: Ditto|move: Sticky Web\n|-unboost|p2a: Ditto|spe|1\n|-transform|p2a: Ditto|p1a: Calyrex|[from] ability: Imposter\n|turn|4\n|\n|t:|1698359272\n|switch|p1a: Arceus|Arceus|100\/100\n|move|p2a: Ditto|Astral Barrage|p1a: Arceus\n|-immune|p1a: Arceus\n|\n|upkeep\n|turn|5\n|\n|t:|1698359285\n|switch|p2a: Plague|Toxapex, M|100\/100\n|-activate|p2a: Plague|move: Sticky Web\n|-unboost|p2a: Plague|spe|1\n|move|p1a: Arceus|Bulk Up|p1a: Arceus\n|-boost|p1a: Arceus|atk|1\n|-boost|p1a: Arceus|def|1\n|\n|upkeep\n|turn|6\n|\n|t:|1698359304\n|move|p1a: Arceus|Bulk Up|p1a: Arceus\n|-boost|p1a: Arceus|atk|1\n|-boost|p1a: Arceus|def|1\n|move|p2a: Plague|Haze|p2a: Plague\n|-clearallboost\n|\n|upkeep\n|turn|7\n|\n|t:|1698359318\n|move|p1a: Arceus|Extreme Speed|p2a: Plague\n|-damage|p2a: Plague|73\/100\n|move|p2a: Plague|Infestation|p1a: Arceus\n|-damage|p1a: Arceus|99\/100\n|-activate|p1a: Arceus|move: Infestation|[of] p2a: Plague\n|\n|-heal|p1a: Arceus|100\/100|[from] item: Leftovers\n|-heal|p2a: Plague|79\/100|[from] item: Black Sludge\n|-damage|p1a: Arceus|88\/100|[from] move: Infestation|[partiallytrapped]\n|upkeep\n|turn|8\n|\n|t:|1698359334\n|move|p1a: Arceus|Extreme Speed|p2a: Plague\n|-damage|p2a: Plague|53\/100\n|move|p2a: Plague|Stockpile|p2a: Plague\n|-start|p2a: Plague|stockpile1\n|-boost|p2a: Plague|def|1\n|-boost|p2a: Plague|spd|1\n|\n|-heal|p1a: Arceus|94\/100|[from] item: Leftovers\n|-heal|p2a: Plague|59\/100|[from] item: Black Sludge\n|-damage|p1a: Arceus|82\/100|[from] move: Infestation|[partiallytrapped]\n|upkeep\n|turn|9\n|inactive|plug-up has 120 seconds left.\n|\n|t:|1698359357\n|move|p1a: Arceus|Shadow Claw|p2a: Plague\n|-crit|p2a: Plague\n|-damage|p2a: Plague|34\/100\n|move|p2a: Plague|Stockpile|p2a: Plague\n|-start|p2a: Plague|stockpile2\n|-boost|p2a: Plague|def|1\n|-boost|p2a: Plague|spd|1\n|\n|-heal|p1a: Arceus|88\/100|[from] item: Leftovers\n|-heal|p2a: Plague|40\/100|[from] item: Black Sludge\n|-damage|p1a: Arceus|75\/100|[from] move: Infestation|[partiallytrapped]\n|upkeep\n|turn|10\n|inactive|plug-up has 120 seconds left.\n|\n|t:|1698359368\n|move|p1a: Arceus|Shadow Claw|p2a: Plague\n|-damage|p2a: Plague|32\/100\n|move|p2a: Plague|Recover|p2a: Plague\n|-heal|p2a: Plague|82\/100\n|\n|-heal|p1a: Arceus|81\/100|[from] item: Leftovers\n|-heal|p2a: Plague|88\/100|[from] item: Black Sludge\n|-damage|p1a: Arceus|69\/100|[from] move: Infestation|[partiallytrapped]\n|upkeep\n|turn|11\n|inactive|plug-up has 120 seconds left.\n|\n|t:|1698359383\n|move|p1a: Arceus|Bulk Up|p1a: Arceus\n|-boost|p1a: Arceus|atk|1\n|-boost|p1a: Arceus|def|1\n|move|p2a: Plague|Infestation|p1a: Arceus\n|-damage|p1a: Arceus|67\/100\n|\n|-heal|p1a: Arceus|73\/100|[from] item: Leftovers\n|-heal|p2a: Plague|95\/100|[from] item: Black Sludge\n|-damage|p1a: Arceus|61\/100|[from] move: Infestation|[partiallytrapped]\n|upkeep\n|turn|12\n|\n|t:|1698359397\n|move|p1a: Arceus|Shadow Claw|p2a: Plague\n|-damage|p2a: Plague|82\/100\n|move|p2a: Plague|Infestation|p1a: Arceus\n|-damage|p1a: Arceus|59\/100\n|\n|-heal|p1a: Arceus|65\/100|[from] item: Leftovers\n|-heal|p2a: Plague|89\/100|[from] item: Black Sludge\n|-end|p1a: Arceus|Infestation|[partiallytrapped]\n|upkeep\n|turn|13\n|inactive|plug-up has 120 seconds left.\n|\n|t:|1698359414\n|move|p1a: Arceus|Shadow Claw|p2a: Plague\n|-damage|p2a: Plague|76\/100\n|move|p2a: Plague|Infestation|p1a: Arceus\n|-damage|p1a: Arceus|63\/100\n|-activate|p1a: Arceus|move: Infestation|[of] p2a: Plague\n|\n|-heal|p1a: Arceus|69\/100|[from] item: Leftovers\n|-heal|p2a: Plague|83\/100|[from] item: Black Sludge\n|-damage|p1a: Arceus|56\/100|[from] move: Infestation|[partiallytrapped]\n|upkeep\n|turn|14\n|inactive|plug-up has 120 seconds left.\n|\n|t:|1698359426\n|move|p1a: Arceus|Shadow Claw|p2a: Plague\n|-damage|p2a: Plague|70\/100\n|move|p2a: Plague|Infestation|p1a: Arceus\n|-damage|p1a: Arceus|54\/100\n|\n|-heal|p1a: Arceus|60\/100|[from] item: Leftovers\n|-heal|p2a: Plague|76\/100|[from] item: Black Sludge\n|-damage|p1a: Arceus|48\/100|[from] move: Infestation|[partiallytrapped]\n|upkeep\n|turn|15\n|inactive|plug-up has 120 seconds left.\n|\n|t:|1698359439\n|move|p1a: Arceus|Recover|p1a: Arceus\n|-heal|p1a: Arceus|98\/100\n|move|p2a: Plague|Infestation|p1a: Arceus\n|-damage|p1a: Arceus|96\/100\n|\n|-heal|p1a: Arceus|100\/100|[from] item: Leftovers\n|-heal|p2a: Plague|83\/100|[from] item: Black Sludge\n|-damage|p1a: Arceus|88\/100|[from] move: Infestation|[partiallytrapped]\n|upkeep\n|turn|16\n|inactive|plug-up has 120 seconds left.\n|\n|t:|1698359450\n|move|p1a: Arceus|Shadow Claw|p2a: Plague\n|-crit|p2a: Plague\n|-damage|p2a: Plague|50\/100\n|move|p2a: Plague|Infestation|p1a: Arceus\n|-damage|p1a: Arceus|86\/100\n|\n|-heal|p1a: Arceus|92\/100|[from] item: Leftovers\n|-heal|p2a: Plague|56\/100|[from] item: Black Sludge\n|-damage|p1a: Arceus|80\/100|[from] move: Infestation|[partiallytrapped]\n|upkeep\n|turn|17\n|inactive|plug-up has 120 seconds left.\n|\n|t:|1698359466\n|move|p1a: Arceus|Bulk Up|p1a: Arceus\n|-boost|p1a: Arceus|atk|1\n|-boost|p1a: Arceus|def|1\n|move|p2a: Plague|Stockpile|p2a: Plague\n|-start|p2a: Plague|stockpile3\n|-boost|p2a: Plague|def|1\n|-boost|p2a: Plague|spd|1\n|\n|-heal|p1a: Arceus|86\/100|[from] item: Leftovers\n|-heal|p2a: Plague|63\/100|[from] item: Black Sludge\n|-end|p1a: Arceus|Infestation|[partiallytrapped]\n|upkeep\n|turn|18\n|inactive|plug-up has 120 seconds left.\n|\n|t:|1698359477\n|move|p1a: Arceus|Shadow Claw|p2a: Plague\n|-damage|p2a: Plague|50\/100\n|move|p2a: Plague|Infestation|p1a: Arceus\n|-damage|p1a: Arceus|84\/100\n|-activate|p1a: Arceus|move: Infestation|[of] p2a: Plague\n|\n|-heal|p1a: Arceus|90\/100|[from] item: Leftovers\n|-heal|p2a: Plague|56\/100|[from] item: Black Sludge\n|-damage|p1a: Arceus|78\/100|[from] move: Infestation|[partiallytrapped]\n|upkeep\n|turn|19\n|inactive|plug-up has 120 seconds left.\n|\n|t:|1698359491\n|move|p1a: Arceus|Shadow Claw|p2a: Plague\n|-crit|p2a: Plague\n|-damage|p2a: Plague|13\/100\n|move|p2a: Plague|Infestation|p1a: Arceus\n|-damage|p1a: Arceus|76\/100\n|\n|-heal|p1a: Arceus|82\/100|[from] item: Leftovers\n|-heal|p2a: Plague|19\/100|[from] item: Black Sludge\n|-damage|p1a: Arceus|70\/100|[from] move: Infestation|[partiallytrapped]\n|upkeep\n|turn|20\n|inactive|plug-up has 120 seconds left.\n|\n|t:|1698359504\n|move|p1a: Arceus|Shadow Claw|p2a: Plague\n|-damage|p2a: Plague|6\/100\n|move|p2a: Plague|Recover|p2a: Plague\n|-heal|p2a: Plague|56\/100\n|\n|-heal|p1a: Arceus|76\/100|[from] item: Leftovers\n|-heal|p2a: Plague|62\/100|[from] item: Black Sludge\n|-damage|p1a: Arceus|63\/100|[from] move: Infestation|[partiallytrapped]\n|upkeep\n|turn|21\n|inactive|plug-up has 120 seconds left.\n|\n|t:|1698359514\n|move|p1a: Arceus|Shadow Claw|p2a: Plague\n|-damage|p2a: Plague|50\/100\n|move|p2a: Plague|Infestation|p1a: Arceus\n|-damage|p1a: Arceus|61\/100\n|\n|-heal|p1a: Arceus|67\/100|[from] item: Leftovers\n|-heal|p2a: Plague|56\/100|[from] item: Black Sludge\n|-damage|p1a: Arceus|55\/100|[from] move: Infestation|[partiallytrapped]\n|upkeep\n|turn|22\n|\n|t:|1698359524\n|move|p1a: Arceus|Shadow Claw|p2a: Plague\n|-damage|p2a: Plague|44\/100\n|move|p2a: Plague|Infestation|p1a: Arceus\n|-damage|p1a: Arceus|53\/100\n|\n|-heal|p1a: Arceus|59\/100|[from] item: Leftovers\n|-heal|p2a: Plague|50\/100|[from] item: Black Sludge\n|-end|p1a: Arceus|Infestation|[partiallytrapped]\n|upkeep\n|turn|23\n|l|\u2606DiduiyE\n|inactive|DiduiyE disconnected and has a minute to reconnect!\n|player|p2|\n|j|\u2606DiduiyE\n|inactive|DiduiyE reconnected and has 125 seconds left.\n|player|p2|DiduiyE|cynthia\n|inactive|DiduiyE has 120 seconds left.\n|\n|t:|1698359558\n|move|p1a: Arceus|Shadow Claw|p2a: Plague\n|-crit|p2a: Plague\n|-damage|p2a: Plague|3\/100\n|move|p2a: Plague|Recover|p2a: Plague\n|-heal|p2a: Plague|53\/100\n|\n|-heal|p1a: Arceus|65\/100|[from] item: Leftovers\n|-heal|p2a: Plague|59\/100|[from] item: Black Sludge\n|upkeep\n|turn|24\n|\n|t:|1698359569\n|move|p1a: Arceus|Shadow Claw|p2a: Plague\n|-damage|p2a: Plague|46\/100\n|move|p2a: Plague|Infestation|p1a: Arceus\n|-damage|p1a: Arceus|63\/100\n|-activate|p1a: Arceus|move: Infestation|[of] p2a: Plague\n|\n|-heal|p1a: Arceus|69\/100|[from] item: Leftovers\n|-heal|p2a: Plague|52\/100|[from] item: Black Sludge\n|-damage|p1a: Arceus|57\/100|[from] move: Infestation|[partiallytrapped]\n|upkeep\n|turn|25\n|\n|t:|1698359583\n|move|p1a: Arceus|Shadow Claw|p2a: Plague\n|-damage|p2a: Plague|39\/100\n|move|p2a: Plague|Recover|p2a: Plague\n|-heal|p2a: Plague|89\/100\n|\n|-heal|p1a: Arceus|63\/100|[from] item: Leftovers\n|-heal|p2a: Plague|96\/100|[from] item: Black Sludge\n|-damage|p1a: Arceus|50\/100|[from] move: Infestation|[partiallytrapped]\n|upkeep\n|turn|26\n|\n|t:|1698359593\n|move|p1a: Arceus|Recover|p1a: Arceus\n|-heal|p1a: Arceus|99\/100\n|move|p2a: Plague|Haze|p2a: Plague\n|-clearallboost\n|\n|-heal|p1a: Arceus|100\/100|[from] item: Leftovers\n|-heal|p2a: Plague|100\/100|[from] item: Black Sludge\n|-damage|p1a: Arceus|88\/100|[from] move: Infestation|[partiallytrapped]\n|upkeep\n|turn|27\n|\n|t:|1698359606\n|switch|p2a: Groudon|Groudon|100\/100\n|-activate|p2a: Groudon|move: Sticky Web\n|-unboost|p2a: Groudon|spe|1\n|-weather|SunnyDay|[from] ability: Drought|[of] p2a: Groudon\n|move|p1a: Arceus|Shadow Claw|p2a: Groudon\n|-damage|p2a: Groudon|86\/100\n|\n|-weather|SunnyDay|[upkeep]\n|-heal|p1a: Arceus|94\/100|[from] item: Leftovers\n|-end|p1a: Arceus|Infestation|[partiallytrapped]|[silent]\n|upkeep\n|turn|28\n|\n|t:|1698359618\n|move|p1a: Arceus|Bulk Up|p1a: Arceus\n|-boost|p1a: Arceus|atk|1\n|-boost|p1a: Arceus|def|1\n|move|p2a: Groudon|Hammer Arm|p1a: Arceus\n|-supereffective|p1a: Arceus\n|-damage|p1a: Arceus|58\/100\n|-unboost|p2a: Groudon|spe|1\n|\n|-weather|SunnyDay|[upkeep]\n|-heal|p1a: Arceus|64\/100|[from] item: Leftovers\n|upkeep\n|turn|29\n|\n|t:|1698359630\n|switch|p2a: Plague|Toxapex, M|100\/100\n|-activate|p2a: Plague|move: Sticky Web\n|-unboost|p2a: Plague|spe|1\n|move|p1a: Arceus|Recover|p1a: Arceus\n|-heal|p1a: Arceus|100\/100\n|\n|-weather|SunnyDay|[upkeep]\n|upkeep\n|turn|30\n|\n|t:|1698359639\n|move|p1a: Arceus|Shadow Claw|p2a: Plague\n|-damage|p2a: Plague|78\/100\n|move|p2a: Plague|Haze|p2a: Plague\n|-clearallboost\n|\n|-weather|SunnyDay|[upkeep]\n|-heal|p2a: Plague|84\/100|[from] item: Black Sludge\n|upkeep\n|turn|31\n|\n|t:|1698359659\n|switch|p1a: Zacian|Zacian-Crowned|100\/100\n|-ability|p1a: Zacian|Intrepid Sword|boost\n|-boost|p1a: Zacian|atk|1\n|move|p2a: Plague|Infestation|p1a: Zacian\n|-resisted|p1a: Zacian\n|-damage|p1a: Zacian|99\/100\n|-activate|p1a: Zacian|move: Infestation|[of] p2a: Plague\n|\n|-weather|none\n|-heal|p2a: Plague|91\/100|[from] item: Black Sludge\n|-damage|p1a: Zacian|88\/100|[from] move: Infestation|[partiallytrapped]\n|upkeep\n|turn|32\n|inactive|DiduiyE has 120 seconds left.\n|\n|t:|1698359699\n|switch|p2a: LeftRightGoodnight|Urshifu-Rapid-Strike, M|100\/100\n|-activate|p2a: LeftRightGoodnight|move: Sticky Web\n|-unboost|p2a: LeftRightGoodnight|spe|1\n|move|p1a: Zacian|Swords Dance|p1a: Zacian\n|-boost|p1a: Zacian|atk|2\n|\n|-end|p1a: Zacian|Infestation|[partiallytrapped]|[silent]\n|upkeep\n|turn|33\n|\n|t:|1698359711\n|move|p2a: LeftRightGoodnight|Aqua Jet|p1a: Zacian\n|-damage|p1a: Zacian|68\/100\n|move|p1a: Zacian|Play Rough|p2a: LeftRightGoodnight\n|-supereffective|p2a: LeftRightGoodnight\n|-enditem|p2a: LeftRightGoodnight|Focus Sash\n|-damage|p2a: LeftRightGoodnight|1\/100\n|\n|upkeep\n|turn|34\n|inactive|DiduiyE has 120 seconds left.\n|\n|t:|1698359720\n|move|p2a: LeftRightGoodnight|Aqua Jet|p1a: Zacian\n|-damage|p1a: Zacian|47\/100\n|move|p1a: Zacian|Behemoth Blade|p2a: LeftRightGoodnight\n|-resisted|p2a: LeftRightGoodnight\n|-damage|p2a: LeftRightGoodnight|0 fnt\n|faint|p2a: LeftRightGoodnight\n|\n|upkeep\n|inactive|DiduiyE has 120 seconds left.\n|\n|t:|1698359727\n|switch|p2a: Ditto|Ditto|100\/100\n|-activate|p2a: Ditto|move: Sticky Web\n|-unboost|p2a: Ditto|spe|1\n|-transform|p2a: Ditto|p1a: Zacian|[from] ability: Imposter\n|-ability|p2a: Ditto|Intrepid Sword|boost\n|-boost|p2a: Ditto|atk|1\n|turn|35\n|inactive|DiduiyE has 120 seconds left.\n|\n|t:|1698359747\n|move|p2a: Ditto|Behemoth Blade|p1a: Zacian\n|-damage|p1a: Zacian|0 fnt\n|faint|p1a: Zacian\n|\n|upkeep\n|\n|t:|1698359767\n|switch|p1a: Arceus|Arceus|100\/100\n|turn|36\n|\n|t:|1698359775\n|move|p2a: Ditto|Behemoth Blade|p1a: Arceus\n|-damage|p1a: Arceus|0 fnt\n|faint|p1a: Arceus\n|\n|upkeep\n|c|\u2606DiduiyE|f u\n|c|\u2606DiduiyE|all that monke\n|inactive|plug-up has 120 seconds left.\n|c|\u2606plug-up|ur the one playing stall\n|c|\u2606DiduiyE|spam more legendarys\n|c|\u2606plug-up|go to ou cry baby\n|c|\u2606DiduiyE|says the one playing only legendarys\n|c|\u2606DiduiyE|wa\n|c|\u2606DiduiyE|wa\n|c|\u2606plug-up|ag\n|c|\u2606DiduiyE|say the one losing\n|inactive|plug-up has 90 seconds left.\n|c|\u2606plug-up|do you know what that means\n|c|\u2606DiduiyE|get good\n|c|\u2606DiduiyE|play normaly\n|\n|t:|1698359833\n|switch|p1a: Arceus|Arceus|100\/100\n|turn|37\n|\n|t:|1698359844\n|move|p1a: Arceus|Extreme Speed|p2a: Ditto\n|-resisted|p2a: Ditto\n|-damage|p2a: Ditto|84\/100\n|move|p2a: Ditto|Behemoth Blade|p1a: Arceus\n|-damage|p1a: Arceus|0 fnt\n|faint|p1a: Arceus\n|\n|upkeep\n|\n|t:|1698359853\n|switch|p1a: Kingambit|Kingambit, M|100\/100\n|-activate|p1a: Kingambit|ability: Supreme Overlord\n|-start|p1a: Kingambit|fallen4|[silent]\n|turn|38\n|c|\u2606DiduiyE|i think you need another arceus\n|c|\u2606DiduiyE|or miradon\n|c|\u2606DiduiyE|or kyraidon\n|c|\u2606DiduiyE|or maybe both\n|\n|t:|1698359881\n|move|p2a: Ditto|Behemoth Blade|p1a: Kingambit\n|-resisted|p1a: Kingambit\n|-damage|p1a: Kingambit|36\/100\n|move|p1a: Kingambit|Iron Head|p2a: Ditto\n|-crit|p2a: Ditto\n|-damage|p2a: Ditto|0 fnt\n|faint|p2a: Ditto\n|\n|-heal|p1a: Kingambit|42\/100|[from] item: Leftovers\n|upkeep\n|inactive|DiduiyE has 120 seconds left.\n|\n|t:|1698359891\n|switch|p2a: Greninja|Greninja, M|100\/100\n|-activate|p2a: Greninja|move: Sticky Web\n|-unboost|p2a: Greninja|spe|1\n|turn|39\n|c|\u2606plug-up|maybe you do tho\n|inactive|plug-up has 90 seconds left.\n|c|\u2606DiduiyE|nha not a shiter\n|\n|t:|1698359907\n|-terastallize|p2a: Greninja|Water\n|move|p2a: Greninja|Water Shuriken|p1a: Kingambit\n|-damage|p1a: Kingambit|32\/100\n|-damage|p1a: Kingambit|23\/100\n|-damage|p1a: Kingambit|14\/100\n|-damage|p1a: Kingambit|4\/100\n|-damage|p1a: Kingambit|0 fnt\n|faint|p1a: Kingambit\n|-end|p1a: Kingambit|fallen4|[silent]\n|-ability|p2a: Greninja|Battle Bond|boost\n|-boost|p2a: Greninja|atk|1\n|-boost|p2a: Greninja|spa|1\n|-boost|p2a: Greninja|spe|1\n|-activate|p2a: Greninja|ability: Battle Bond\n|-hitcount|p1: Kingambit|5\n|\n|upkeep\n|\n|t:|1698359920\n|switch|p1a: Calyrex|Calyrex-Shadow|91\/100\n|-ability|p1a: Calyrex|As One\n|-ability|p1a: Calyrex|Unnerve\n|turn|40\n|\n|t:|1698359932\n|move|p2a: Greninja|Water Shuriken|p1a: Calyrex\n|-damage|p1a: Calyrex|76\/100\n|-damage|p1a: Calyrex|63\/100\n|-damage|p1a: Calyrex|49\/100\n|-crit|p1a: Calyrex\n|-damage|p1a: Calyrex|27\/100\n|-hitcount|p1a: Calyrex|4\n|move|p1a: Calyrex|Astral Barrage|p2a: Greninja\n|-damage|p2a: Greninja|0 fnt\n|faint|p2a: Greninja\n|-ability|p1a: Calyrex|Grim Neigh|boost\n|-boost|p1a: Calyrex|spa|1\n|-damage|p1a: Calyrex|17\/100|[from] item: Life Orb\n|\n|upkeep\n|inactive|DiduiyE has 120 seconds left.\n|\n|t:|1698359949\n|switch|p2a: Groudon|Groudon|86\/100\n|-activate|p2a: Groudon|move: Sticky Web\n|-unboost|p2a: Groudon|spe|1\n|-weather|SunnyDay|[from] ability: Drought|[of] p2a: Groudon\n|turn|41\n|inactive|plug-up has 90 seconds left.\n|inactive|DiduiyE has 120 seconds left.\n|\n|t:|1698359974\n|move|p1a: Calyrex|Astral Barrage|p2a: Groudon\n|-damage|p2a: Groudon|0 fnt\n|faint|p2a: Groudon\n|-ability|p1a: Calyrex|Grim Neigh|boost\n|-boost|p1a: Calyrex|spa|1\n|-damage|p1a: Calyrex|7\/100|[from] item: Life Orb\n|\n|-weather|SunnyDay|[upkeep]\n|upkeep\n|\n|t:|1698359982\n|switch|p2a: Plague|Toxapex, M|91\/100\n|-activate|p2a: Plague|move: Sticky Web\n|-unboost|p2a: Plague|spe|1\n|turn|42\n|\n|t:|1698359990\n|move|p1a: Calyrex|Astral Barrage|p2a: Plague\n|-damage|p2a: Plague|0 fnt\n|faint|p2a: Plague\n|-damage|p1a: Calyrex|0 fnt|[from] item: Life Orb\n|faint|p1a: Calyrex\n|\n|win|plug-up\n|raw|plug-up's rating: 1290 &rarr; <strong>1322<\/strong><br \/>(+32 for winning)\n|raw|DiduiyE's rating: 1396 &rarr; <strong>1370<\/strong><br \/>(-26 for losing)\n|l|\u2606DiduiyE\n|c|\u2606plug-up|ez\n|l| Hockaj\n","uploadtime":1698360595,"views":8,"p1id":"plugup","p2id":"diduiye","formatid":"gen9anythinggoes","rating":1322,"private":0,"password":""}