{"id":"gen9anythinggoes-2000457247","p1":"TheLegendofGroose","p2":"Brenzino","format":"[Gen 9] Anything Goes","log":"|j|\u2606TheLegendofGroose\n|j|\u2606Brenzino\n|t:|1701196429\n|gametype|singles\n|player|p1|TheLegendofGroose|265|\n|player|p2|Brenzino|pokemaniac|\n|teamsize|p1|6\n|teamsize|p2|6\n|gen|9\n|tier|[Gen 9] Anything Goes\n|rule|HP Percentage Mod: HP is shown in percentages\n|rule|Endless Battle Clause: Forcing endless battles is banned\n|clearpoke\n|poke|p1|Volcarona, M|\n|poke|p1|Walking Wake|\n|poke|p1|Brute Bonnet|\n|poke|p1|Ninetales, M|\n|poke|p1|Glimmora, M|\n|poke|p1|Ogerpon-Wellspring, F|\n|poke|p2|Landorus-Therian, M|\n|poke|p2|Mamoswine, M|\n|poke|p2|Iron Jugulis|\n|poke|p2|Samurott-Hisui, M|\n|poke|p2|Clodsire, F|\n|poke|p2|Cloyster, F|\n|teampreview\n|\n|t:|1701196445\n|start\n|switch|p1a: Ninetales|Ninetales, M|100\/100\n|switch|p2a: Samurott|Samurott-Hisui, M|100\/100\n|-weather|SunnyDay|[from] ability: Drought|[of] p1a: Ninetales\n|turn|1\n|\n|t:|1701196457\n|switch|p1a: Ogerpon|Ogerpon-Wellspring, F|100\/100\n|move|p2a: Samurott|Aqua Cutter|p1a: Ogerpon\n|-immune|p1a: Ogerpon|[from] ability: Water Absorb\n|\n|-weather|SunnyDay|[upkeep]\n|upkeep\n|turn|2\n|\n|t:|1701196471\n|switch|p2a: Clodsire|Clodsire, F|100\/100\n|move|p1a: Ogerpon|Swords Dance|p1a: Ogerpon\n|-boost|p1a: Ogerpon|atk|2\n|\n|-weather|SunnyDay|[upkeep]\n|upkeep\n|turn|3\n|\n|t:|1701196477\n|move|p1a: Ogerpon|Zen Headbutt|p2a: Clodsire\n|-supereffective|p2a: Clodsire\n|-damage|p2a: Clodsire|26\/100\n|move|p2a: Clodsire|Gunk Shot|p1a: Ogerpon\n|-supereffective|p1a: Ogerpon\n|-damage|p1a: Ogerpon|11\/100\n|\n|-weather|SunnyDay|[upkeep]\n|-heal|p2a: Clodsire|32\/100|[from] item: Leftovers\n|upkeep\n|turn|4\n|\n|t:|1701196495\n|move|p1a: Ogerpon|Horn Leech|p2a: Clodsire\n|-damage|p2a: Clodsire|0 fnt\n|-heal|p1a: Ogerpon|35\/100|[from] drain|[of] p2a: Clodsire\n|faint|p2a: Clodsire\n|\n|-weather|SunnyDay|[upkeep]\n|upkeep\n|\n|t:|1701196503\n|switch|p2a: Mamoswine|Mamoswine, M|100\/100\n|turn|5\n|\n|t:|1701196508\n|move|p2a: Mamoswine|Ice Shard|p1a: Ogerpon\n|-damage|p1a: Ogerpon|9\/100\n|move|p1a: Ogerpon|Horn Leech|p2a: Mamoswine\n|-supereffective|p2a: Mamoswine\n|-damage|p2a: Mamoswine|0 fnt\n|-heal|p1a: Ogerpon|69\/100|[from] drain|[of] p2a: Mamoswine\n|faint|p2a: Mamoswine\n|\n|-weather|SunnyDay|[upkeep]\n|upkeep\n|\n|t:|1701196528\n|switch|p2a: Cloyster|Cloyster, F|100\/100\n|turn|6\n|\n|t:|1701196537\n|move|p1a: Ogerpon|Horn Leech|p2a: Cloyster\n|-supereffective|p2a: Cloyster\n|-damage|p2a: Cloyster|0 fnt\n|-heal|p1a: Ogerpon|100\/100|[from] drain|[of] p2a: Cloyster\n|faint|p2a: Cloyster\n|\n|-weather|SunnyDay|[upkeep]\n|upkeep\n|\n|t:|1701196541\n|switch|p2a: Iron Jugulis|Iron Jugulis|100\/100\n|turn|7\n|\n|t:|1701196567\n|move|p1a: Ogerpon|Ivy Cudgel|p2a: Iron Jugulis|[anim] Ivy Cudgel Water\n|-damage|p2a: Iron Jugulis|25\/100\n|move|p2a: Iron Jugulis|Fire Blast|p1a: Ogerpon\n|-damage|p1a: Ogerpon|37\/100\n|\n|-weather|SunnyDay|[upkeep]\n|upkeep\n|turn|8\n|\n|t:|1701196574\n|move|p1a: Ogerpon|Ivy Cudgel|p2a: Iron Jugulis|[anim] Ivy Cudgel Water\n|-damage|p2a: Iron Jugulis|0 fnt\n|faint|p2a: Iron Jugulis\n|-end|p2a: Iron Jugulis|Quark Drive|[silent]\n|\n|-weather|none\n|upkeep\n|\n|t:|1701196577\n|switch|p2a: Landorus|Landorus-Therian, M|100\/100\n|-ability|p2a: Landorus|Intimidate|boost\n|-unboost|p1a: Ogerpon|atk|1\n|turn|9\n|\n|t:|1701196596\n|move|p1a: Ogerpon|Ivy Cudgel|p2a: Landorus|[anim] Ivy Cudgel Water\n|-supereffective|p2a: Landorus\n|-damage|p2a: Landorus|0 fnt\n|faint|p2a: Landorus\n|\n|upkeep\n|\n|t:|1701196599\n|switch|p2a: Samurott|Samurott-Hisui, M|100\/100\n|turn|10\n|\n|t:|1701196610\n|move|p1a: Ogerpon|Zen Headbutt|p2a: Samurott\n|-immune|p2a: Samurott\n|move|p2a: Samurott|Ceaseless Edge|p1a: Ogerpon\n|-crit|p1a: Ogerpon\n|-damage|p1a: Ogerpon|0 fnt\n|-sidestart|p1: TheLegendofGroose|Spikes\n|faint|p1a: Ogerpon\n|\n|upkeep\n|\n|t:|1701196622\n|switch|p1a: Ninetales|Ninetales, M|100\/100\n|-damage|p1a: Ninetales|88\/100|[from] Spikes\n|-weather|SunnyDay|[from] ability: Drought|[of] p1a: Ninetales\n|turn|11\n|\n|t:|1701196642\n|move|p1a: Ninetales|Solar Beam||[still]\n|-prepare|p1a: Ninetales|Solar Beam\n|-anim|p1a: Ninetales|Solar Beam|p2a: Samurott\n|-supereffective|p2a: Samurott\n|-damage|p2a: Samurott|8\/100\n|move|p2a: Samurott|Aqua Cutter|p1a: Ninetales\n|-supereffective|p1a: Ninetales\n|-damage|p1a: Ninetales|12\/100\n|\n|-weather|SunnyDay|[upkeep]\n|-heal|p2a: Samurott|14\/100|[from] item: Leftovers\n|upkeep\n|turn|12\n|\n|t:|1701196656\n|move|p1a: Ninetales|Memento|p2a: Samurott\n|-unboost|p2a: Samurott|atk|2\n|-unboost|p2a: Samurott|spa|2\n|faint|p1a: Ninetales\n|move|p2a: Samurott|Aqua Cutter|p1: Ninetales|[notarget]\n|-fail|p2a: Samurott\n|\n|-weather|SunnyDay|[upkeep]\n|-heal|p2a: Samurott|20\/100|[from] item: Leftovers\n|upkeep\n|\n|t:|1701196664\n|switch|p1a: Brute Bonnet|Brute Bonnet|100\/100\n|-damage|p1a: Brute Bonnet|88\/100|[from] Spikes\n|-activate|p1a: Brute Bonnet|ability: Protosynthesis\n|-start|p1a: Brute Bonnet|protosynthesisatk\n|turn|13\n|\n|t:|1701196673\n|move|p2a: Samurott|Sacred Sword|p1a: Brute Bonnet\n|-supereffective|p1a: Brute Bonnet\n|-damage|p1a: Brute Bonnet|53\/100\n|move|p1a: Brute Bonnet|Crunch|p2a: Samurott\n|-resisted|p2a: Samurott\n|-damage|p2a: Samurott|0 fnt\n|faint|p2a: Samurott\n|\n|win|TheLegendofGroose\n","uploadtime":1701196679,"views":3,"p1id":"thelegendofgroose","p2id":"brenzino","formatid":"gen9anythinggoes","rating":0,"private":0,"password":""}