{"id":"gen9anythinggoes-1991855064","p1":"BlueMidgetJMC","p2":"pan1535","format":"[Gen 9] Anything Goes","log":"|j|\u2606BlueMidgetJMC\n|j|\u2606pan1535\n|t:|1700129000\n|gametype|singles\n|player|p1|BlueMidgetJMC|brycen|1178\n|player|p2|pan1535|265|1129\n|teamsize|p1|6\n|teamsize|p2|6\n|gen|9\n|tier|[Gen 9] Anything Goes\n|rated|\n|rule|HP Percentage Mod: HP is shown in percentages\n|rule|Endless Battle Clause: Forcing endless battles is banned\n|clearpoke\n|poke|p1|Kyogre|\n|poke|p1|Kyogre|\n|poke|p1|Kyogre|\n|poke|p1|Kyogre|\n|poke|p1|Kyogre|\n|poke|p1|Kyogre|\n|poke|p2|Grafaiai, F|\n|poke|p2|Zacian-*|\n|poke|p2|Roaring Moon|\n|poke|p2|Ribombee, M|\n|poke|p2|Alomomola, M|\n|poke|p2|Weezing-Galar, F|\n|teampreview\n|inactive|Battle timer is ON: inactive players will automatically lose when time's up. (requested by pan1535)\n|\n|t:|1700129007\n|start\n|switch|p1a: Kyogre|Kyogre|100\/100\n|switch|p2a: Ribombee|Ribombee, M|100\/100\n|-weather|RainDance|[from] ability: Drizzle|[of] p1a: Kyogre\n|turn|1\n|\n|t:|1700129013\n|move|p2a: Ribombee|Sticky Web|p1a: Kyogre\n|-sidestart|p1: BlueMidgetJMC|move: Sticky Web\n|move|p1a: Kyogre|Water Spout|p2a: Ribombee\n|-enditem|p2a: Ribombee|Focus Sash\n|-damage|p2a: Ribombee|1\/100\n|\n|-weather|RainDance|[upkeep]\n|upkeep\n|turn|2\n|\n|t:|1700129025\n|move|p2a: Ribombee|Dazzling Gleam|p1a: Kyogre\n|-damage|p1a: Kyogre|75\/100\n|move|p1a: Kyogre|Surf|p2a: Ribombee\n|-damage|p2a: Ribombee|0 fnt\n|faint|p2a: Ribombee\n|\n|-weather|RainDance|[upkeep]\n|-heal|p1a: Kyogre|81\/100|[from] item: Leftovers\n|upkeep\n|\n|t:|1700129031\n|switch|p2a: Alomomola|Alomomola, M|100\/100\n|turn|3\n|\n|t:|1700129034\n|move|p1a: Kyogre|Thunder|p2a: Alomomola\n|-supereffective|p2a: Alomomola\n|-damage|p2a: Alomomola|62\/100\n|move|p2a: Alomomola|Mirror Coat|p1a: Kyogre\n|-damage|p1a: Kyogre|0 fnt\n|faint|p1a: Kyogre\n|\n|-weather|RainDance|[upkeep]\n|upkeep\n|\n|t:|1700129041\n|switch|p1a: Kyogre|Kyogre|100\/100\n|-activate|p1a: Kyogre|move: Sticky Web\n|-unboost|p1a: Kyogre|spe|1\n|turn|4\n|\n|t:|1700129046\n|move|p1a: Kyogre|Thunder|p2a: Alomomola\n|-supereffective|p2a: Alomomola\n|-damage|p2a: Alomomola|24\/100\n|move|p2a: Alomomola|Mirror Coat|p1a: Kyogre\n|-damage|p1a: Kyogre|0 fnt\n|faint|p1a: Kyogre\n|\n|-weather|RainDance|[upkeep]\n|upkeep\n|\n|t:|1700129053\n|switch|p1a: Kyogre|Kyogre|100\/100\n|-activate|p1a: Kyogre|move: Sticky Web\n|-unboost|p1a: Kyogre|spe|1\n|turn|5\n|\n|t:|1700129064\n|switch|p2a: Weezing|Weezing-Galar, F|100\/100\n|-ability|p2a: Weezing|Neutralizing Gas\n|move|p1a: Kyogre|Thunder|p2a: Weezing\n|-damage|p2a: Weezing|40\/100\n|\n|-weather|none\n|-heal|p2a: Weezing|46\/100|[from] item: Leftovers\n|upkeep\n|turn|6\n|\n|t:|1700129078\n|move|p2a: Weezing|Strange Steam|p1a: Kyogre\n|-damage|p1a: Kyogre|79\/100\n|move|p1a: Kyogre|Surf|p2a: Weezing\n|-damage|p2a: Weezing|0 fnt\n|faint|p2a: Weezing\n|-end|p2a: Weezing|ability: Neutralizing Gas\n|-weather|RainDance|[from] ability: Drizzle|[of] p1a: Kyogre\n|\n|-weather|RainDance|[upkeep]\n|-heal|p1a: Kyogre|85\/100|[from] item: Leftovers\n|upkeep\n|\n|t:|1700129084\n|switch|p2a: Alomomola|Alomomola, M|57\/100\n|turn|7\n|\n|t:|1700129095\n|switch|p2a: Grafaiai|Grafaiai, F|100\/100\n|move|p1a: Kyogre|Thunder|p2a: Grafaiai\n|-damage|p2a: Grafaiai|23\/100\n|\n|-weather|RainDance|[upkeep]\n|-heal|p1a: Kyogre|91\/100|[from] item: Leftovers\n|upkeep\n|turn|8\n|\n|t:|1700129103\n|move|p2a: Grafaiai|Gunk Shot|p1a: Kyogre\n|-damage|p1a: Kyogre|38\/100\n|-status|p1a: Kyogre|psn\n|move|p1a: Kyogre|Surf|p2a: Grafaiai\n|-damage|p2a: Grafaiai|0 fnt\n|faint|p2a: Grafaiai\n|\n|-weather|RainDance|[upkeep]\n|-heal|p1a: Kyogre|44\/100 psn|[from] item: Leftovers\n|-damage|p1a: Kyogre|32\/100 psn|[from] psn\n|upkeep\n|\n|t:|1700129116\n|switch|p2a: Roaring Moon|Roaring Moon|100\/100\n|-enditem|p2a: Roaring Moon|Booster Energy\n|-activate|p2a: Roaring Moon|ability: Protosynthesis|[fromitem]\n|-start|p2a: Roaring Moon|protosynthesisatk\n|turn|9\n|\n|t:|1700129123\n|move|p2a: Roaring Moon|Acrobatics|p1a: Kyogre\n|-damage|p1a: Kyogre|0 fnt\n|faint|p1a: Kyogre\n|\n|-weather|RainDance|[upkeep]\n|upkeep\n|\n|t:|1700129128\n|switch|p1a: Kyogre|Kyogre|100\/100\n|-activate|p1a: Kyogre|move: Sticky Web\n|-unboost|p1a: Kyogre|spe|1\n|turn|10\n|\n|t:|1700129136\n|move|p2a: Roaring Moon|Acrobatics|p1a: Kyogre\n|-damage|p1a: Kyogre|42\/100\n|move|p1a: Kyogre|Ice Beam|p2a: Roaring Moon\n|-supereffective|p2a: Roaring Moon\n|-damage|p2a: Roaring Moon|32\/100\n|\n|-weather|none\n|-heal|p1a: Kyogre|48\/100|[from] item: Leftovers\n|upkeep\n|turn|11\n|\n|t:|1700129145\n|move|p2a: Roaring Moon|Acrobatics|p1a: Kyogre\n|-damage|p1a: Kyogre|0 fnt\n|faint|p1a: Kyogre\n|\n|upkeep\n|\n|t:|1700129149\n|switch|p1a: Kyogre|Kyogre|100\/100\n|-activate|p1a: Kyogre|move: Sticky Web\n|-unboost|p1a: Kyogre|spe|1\n|-weather|RainDance|[from] ability: Drizzle|[of] p1a: Kyogre\n|turn|12\n|\n|t:|1700129154\n|move|p2a: Roaring Moon|Acrobatics|p1a: Kyogre\n|-damage|p1a: Kyogre|35\/100\n|move|p1a: Kyogre|Ice Beam|p2a: Roaring Moon\n|-supereffective|p2a: Roaring Moon\n|-damage|p2a: Roaring Moon|0 fnt\n|faint|p2a: Roaring Moon\n|-end|p2a: Roaring Moon|Protosynthesis|[silent]\n|\n|-weather|RainDance|[upkeep]\n|-heal|p1a: Kyogre|42\/100|[from] item: Leftovers\n|upkeep\n|\n|t:|1700129160\n|switch|p2a: Alomomola|Alomomola, M|91\/100\n|turn|13\n|\n|t:|1700129169\n|move|p1a: Kyogre|Thunder|p2a: Alomomola\n|-supereffective|p2a: Alomomola\n|-damage|p2a: Alomomola|51\/100\n|move|p2a: Alomomola|Mirror Coat|p1a: Kyogre\n|-damage|p1a: Kyogre|0 fnt\n|faint|p1a: Kyogre\n|\n|-weather|RainDance|[upkeep]\n|upkeep\n|\n|t:|1700129176\n|switch|p1a: Kyogre|Kyogre|100\/100\n|-activate|p1a: Kyogre|move: Sticky Web\n|-unboost|p1a: Kyogre|spe|1\n|turn|14\n|\n|t:|1700129180\n|move|p1a: Kyogre|Water Spout|p2a: Alomomola\n|-resisted|p2a: Alomomola\n|-crit|p2a: Alomomola\n|-damage|p2a: Alomomola|1\/100\n|move|p2a: Alomomola|Mirror Coat|p1a: Kyogre\n|-damage|p1a: Kyogre|0 fnt\n|faint|p1a: Kyogre\n|\n|win|pan1535\n|raw|BlueMidgetJMC's rating: 1178 &rarr; <strong>1149<\/strong><br \/>(-29 for losing)\n|raw|pan1535's rating: 1129 &rarr; <strong>1158<\/strong><br \/>(+29 for winning)\n|l|\u2606BlueMidgetJMC\n","uploadtime":1700129194,"views":11,"p1id":"bluemidgetjmc","p2id":"pan1535","formatid":"gen9anythinggoes","rating":1149,"private":0,"password":""}