{"id":"gen9anythinggoes-1992752891","p1":"SuperJabroniBros","p2":"digdugdoug","format":"[Gen 9] Anything Goes","log":"|j|\u2606SuperJabroniBros\n|j|\u2606digdugdoug\n|t:|1700232284\n|gametype|singles\n|player|p1|SuperJabroniBros|plasmagrunt|1541\n|player|p2|digdugdoug|benga|1516\n|teamsize|p1|6\n|teamsize|p2|6\n|gen|9\n|tier|[Gen 9] Anything Goes\n|rated|\n|rule|HP Percentage Mod: HP is shown in percentages\n|rule|Endless Battle Clause: Forcing endless battles is banned\n|clearpoke\n|poke|p1|Calyrex-Shadow|\n|poke|p1|Koraidon|\n|poke|p1|Zamazenta-*|\n|poke|p1|Hawlucha, M|\n|poke|p1|Grimmsnarl, M|\n|poke|p1|Kyogre|\n|poke|p2|Mandibuzz, F|\n|poke|p2|Snorlax, F|\n|poke|p2|Clodsire, M|\n|poke|p2|Slowbro, F|\n|poke|p2|Sinistcha|\n|poke|p2|Great Tusk|\n|teampreview\n|inactive|Battle timer is ON: inactive players will automatically lose when time's up. (requested by SuperJabroniBros)\n|\n|t:|1700232305\n|start\n|switch|p1a: Kyogre|Kyogre|100\/100\n|switch|p2a: Snorlax|Snorlax, F|100\/100\n|-weather|RainDance|[from] ability: Drizzle|[of] p1a: Kyogre\n|turn|1\n|\n|t:|1700232328\n|move|p1a: Kyogre|Water Spout|p2a: Snorlax\n|-crit|p2a: Snorlax\n|-damage|p2a: Snorlax|21\/100\n|move|p2a: Snorlax|Rest|p2a: Snorlax\n|-status|p2a: Snorlax|slp|[from] move: Rest\n|-heal|p2a: Snorlax|100\/100 slp|[silent]\n|\n|-weather|RainDance|[upkeep]\n|upkeep\n|turn|2\n|inactive|digdugdoug has 120 seconds left.\n|\n|t:|1700232358\n|switch|p1a: Hawlucha|Hawlucha, M|100\/100\n|cant|p2a: Snorlax|slp\n|move|p2a: Snorlax|Sleep Talk|p2a: Snorlax\n|move|p2a: Snorlax|Fissure|p1a: Hawlucha|[from]move: Sleep Talk\n|-immune|p1a: Hawlucha\n|\n|-weather|RainDance|[upkeep]\n|upkeep\n|turn|3\n|\n|t:|1700232367\n|switch|p2a: Sinistcha|Sinistcha|100\/100\n|move|p1a: Hawlucha|Hone Claws|p1a: Hawlucha\n|-boost|p1a: Hawlucha|atk|1\n|-boost|p1a: Hawlucha|accuracy|1\n|\n|-weather|RainDance|[upkeep]\n|upkeep\n|turn|4\n|\n|t:|1700232375\n|move|p1a: Hawlucha|Stone Edge|p2a: Sinistcha\n|-damage|p2a: Sinistcha|68\/100\n|move|p2a: Sinistcha|Strength Sap|p1a: Hawlucha\n|-unboost|p1a: Hawlucha|atk|1\n|-heal|p2a: Sinistcha|100\/100\n|\n|-weather|RainDance|[upkeep]\n|upkeep\n|turn|5\n|\n|t:|1700232384\n|switch|p1a: Grimmsnarl|Grimmsnarl, M|100\/100\n|move|p2a: Sinistcha|Matcha Gotcha|p1a: Grimmsnarl\n|-damage|p1a: Grimmsnarl|77\/100\n|\n|-weather|none\n|-heal|p1a: Grimmsnarl|83\/100|[from] item: Leftovers\n|upkeep\n|turn|6\n|\n|t:|1700232408\n|switch|p2a: Clodsire|Clodsire, M|100\/100\n|move|p1a: Grimmsnarl|Taunt|p2a: Clodsire\n|-start|p2a: Clodsire|move: Taunt\n|\n|-heal|p1a: Grimmsnarl|89\/100|[from] item: Leftovers\n|upkeep\n|turn|7\n|\n|t:|1700232413\n|switch|p2a: Snorlax|Snorlax, F|100\/100 slp\n|move|p1a: Grimmsnarl|Parting Shot|p2a: Snorlax\n|-unboost|p2a: Snorlax|atk|1\n|-unboost|p2a: Snorlax|spa|1\n|\n|t:|1700232426\n|switch|p1a: Koraidon|Koraidon|100\/100|[from] Parting Shot\n|-weather|SunnyDay|[from] ability: Orichalcum Pulse|[of] p1a: Koraidon\n|-activate|p1a: Koraidon|Orichalcum Pulse|[source]\n|\n|-weather|SunnyDay|[upkeep]\n|upkeep\n|turn|8\n|inactive|digdugdoug has 120 seconds left.\n|\n|t:|1700232473\n|switch|p2a: Great Tusk|Great Tusk|100\/100\n|-activate|p2a: Great Tusk|ability: Protosynthesis\n|-start|p2a: Great Tusk|protosynthesisatk\n|move|p1a: Koraidon|U-turn|p2a: Great Tusk\n|-resisted|p2a: Great Tusk\n|-damage|p2a: Great Tusk|87\/100\n|\n|t:|1700232482\n|switch|p1a: Calyrex|Calyrex-Shadow|100\/100|[from] U-turn\n|-ability|p1a: Calyrex|As One\n|-ability|p1a: Calyrex|Unnerve\n|\n|-weather|SunnyDay|[upkeep]\n|upkeep\n|turn|9\n|\n|t:|1700232487\n|-terastallize|p2a: Great Tusk|Ground\n|move|p2a: Great Tusk|Headlong Rush|p1a: Calyrex\n|-enditem|p1a: Calyrex|Focus Sash\n|-damage|p1a: Calyrex|1\/100\n|-unboost|p2a: Great Tusk|def|1\n|-unboost|p2a: Great Tusk|spd|1\n|move|p1a: Calyrex|Psychic|p2a: Great Tusk\n|-damage|p2a: Great Tusk|0 fnt\n|faint|p2a: Great Tusk\n|-end|p2a: Great Tusk|Protosynthesis|[silent]\n|-ability|p1a: Calyrex|Grim Neigh|boost\n|-boost|p1a: Calyrex|spa|1\n|\n|-weather|SunnyDay|[upkeep]\n|upkeep\n|inactive|digdugdoug has 120 seconds left.\n|\n|t:|1700232501\n|switch|p2a: Mandibuzz|Mandibuzz, F|100\/100\n|turn|10\n|\n|t:|1700232506\n|move|p1a: Calyrex|Astral Barrage|p2a: Mandibuzz\n|-resisted|p2a: Mandibuzz\n|-damage|p2a: Mandibuzz|69\/100\n|move|p2a: Mandibuzz|U-turn|p1a: Calyrex\n|-damage|p1a: Calyrex|0 fnt\n|faint|p1a: Calyrex\n|\n|t:|1700232512\n|switch|p2a: Clodsire|Clodsire, M|100\/100|[from] U-turn\n|\n|-weather|SunnyDay|[upkeep]\n|upkeep\n|\n|t:|1700232531\n|switch|p1a: Kyogre|Kyogre|100\/100\n|-weather|RainDance|[from] ability: Drizzle|[of] p1a: Kyogre\n|turn|11\n|\n|t:|1700232540\n|switch|p2a: Snorlax|Snorlax, F|100\/100 slp\n|move|p1a: Kyogre|Ice Beam|p2a: Snorlax\n|-damage|p2a: Snorlax|84\/100 slp\n|\n|-weather|RainDance|[upkeep]\n|-heal|p2a: Snorlax|90\/100 slp|[from] item: Leftovers\n|upkeep\n|turn|12\n|\n|t:|1700232547\n|switch|p1a: Hawlucha|Hawlucha, M|100\/100\n|cant|p2a: Snorlax|slp\n|move|p2a: Snorlax|Sleep Talk|p2a: Snorlax\n|move|p2a: Snorlax|Rest||[from]move: Sleep Talk|[still]\n|-fail|p2a: Snorlax\n|\n|-weather|RainDance|[upkeep]\n|-heal|p2a: Snorlax|96\/100 slp|[from] item: Leftovers\n|upkeep\n|turn|13\n|\n|t:|1700232555\n|switch|p2a: Sinistcha|Sinistcha|100\/100\n|move|p1a: Hawlucha|Hone Claws|p1a: Hawlucha\n|-boost|p1a: Hawlucha|atk|1\n|-boost|p1a: Hawlucha|accuracy|1\n|\n|-weather|RainDance|[upkeep]\n|upkeep\n|turn|14\n|\n|t:|1700232559\n|move|p1a: Hawlucha|Stone Edge|p2a: Sinistcha\n|-crit|p2a: Sinistcha\n|-damage|p2a: Sinistcha|53\/100\n|move|p2a: Sinistcha|Matcha Gotcha|p1a: Hawlucha|[miss]\n|-miss|p2a: Sinistcha|p1a: Hawlucha\n|\n|-weather|RainDance|[upkeep]\n|-heal|p2a: Sinistcha|59\/100|[from] item: Leftovers\n|upkeep\n|turn|15\n|inactive|digdugdoug has 120 seconds left.\n|\n|t:|1700232591\n|move|p1a: Hawlucha|Stone Edge|p2a: Sinistcha\n|-damage|p2a: Sinistcha|26\/100\n|move|p2a: Sinistcha|Strength Sap|p1a: Hawlucha\n|-unboost|p1a: Hawlucha|atk|1\n|-heal|p2a: Sinistcha|100\/100\n|\n|-weather|none\n|upkeep\n|turn|16\n|\n|t:|1700232598\n|switch|p1a: Koraidon|Koraidon|100\/100\n|-weather|SunnyDay|[from] ability: Orichalcum Pulse|[of] p1a: Koraidon\n|-activate|p1a: Koraidon|Orichalcum Pulse|[source]\n|move|p2a: Sinistcha|Shadow Ball|p1a: Koraidon\n|-damage|p1a: Koraidon|65\/100\n|\n|-weather|SunnyDay|[upkeep]\n|upkeep\n|turn|17\n|\n|t:|1700232601\n|move|p1a: Koraidon|Flare Blitz|p2a: Sinistcha\n|-supereffective|p2a: Sinistcha\n|-damage|p2a: Sinistcha|42\/100\n|-damage|p1a: Koraidon|45\/100|[from] Recoil\n|move|p2a: Sinistcha|Strength Sap|p1a: Koraidon\n|-unboost|p1a: Koraidon|atk|1\n|-heal|p2a: Sinistcha|100\/100\n|\n|-weather|SunnyDay|[upkeep]\n|upkeep\n|turn|18\n|\n|t:|1700232606\n|switch|p1a: Grimmsnarl|Grimmsnarl, M|89\/100\n|move|p2a: Sinistcha|Calm Mind|p2a: Sinistcha\n|-boost|p2a: Sinistcha|spa|1\n|-boost|p2a: Sinistcha|spd|1\n|\n|-weather|SunnyDay|[upkeep]\n|-heal|p1a: Grimmsnarl|95\/100|[from] item: Leftovers\n|upkeep\n|turn|19\n|\n|t:|1700232612\n|move|p1a: Grimmsnarl|Thunder Wave|p2a: Sinistcha|[miss]\n|-miss|p1a: Grimmsnarl|p2a: Sinistcha\n|move|p2a: Sinistcha|Calm Mind|p2a: Sinistcha\n|-boost|p2a: Sinistcha|spa|1\n|-boost|p2a: Sinistcha|spd|1\n|\n|-weather|SunnyDay|[upkeep]\n|-heal|p1a: Grimmsnarl|100\/100|[from] item: Leftovers\n|upkeep\n|turn|20\n|\n|t:|1700232615\n|move|p1a: Grimmsnarl|Taunt|p2a: Sinistcha\n|-start|p2a: Sinistcha|move: Taunt\n|move|p2a: Sinistcha|Matcha Gotcha|p1a: Grimmsnarl\n|-damage|p1a: Grimmsnarl|52\/100\n|\n|-weather|none\n|-heal|p1a: Grimmsnarl|58\/100|[from] item: Leftovers\n|upkeep\n|turn|21\n|\n|t:|1700232623\n|move|p1a: Grimmsnarl|Parting Shot|p2a: Sinistcha\n|-unboost|p2a: Sinistcha|atk|1\n|-unboost|p2a: Sinistcha|spa|1\n|\n|t:|1700232626\n|switch|p1a: Zamazenta|Zamazenta-Crowned|100\/100|[from] Parting Shot\n|-ability|p1a: Zamazenta|Dauntless Shield|boost\n|-boost|p1a: Zamazenta|def|1\n|move|p2a: Sinistcha|Matcha Gotcha|p1a: Zamazenta\n|-resisted|p1a: Zamazenta\n|-damage|p1a: Zamazenta|85\/100\n|\n|upkeep\n|turn|22\n|inactive|digdugdoug has 120 seconds left.\n|\n|t:|1700232662\n|move|p1a: Zamazenta|Behemoth Bash|p2a: Sinistcha\n|-crit|p2a: Sinistcha\n|-damage|p2a: Sinistcha|41\/100\n|move|p2a: Sinistcha|Matcha Gotcha|p1a: Zamazenta\n|-resisted|p1a: Zamazenta\n|-damage|p1a: Zamazenta|68\/100\n|-heal|p2a: Sinistcha|50\/100|[from] drain|[of] p1a: Zamazenta\n|\n|-heal|p2a: Sinistcha|57\/100|[from] item: Leftovers\n|-end|p2a: Sinistcha|move: Taunt\n|upkeep\n|turn|23\n|\n|t:|1700232670\n|move|p1a: Zamazenta|Behemoth Bash|p2a: Sinistcha\n|-damage|p2a: Sinistcha|18\/100\n|move|p2a: Sinistcha|Strength Sap|p1a: Zamazenta\n|-unboost|p1a: Zamazenta|atk|1\n|-heal|p2a: Sinistcha|100\/100\n|\n|upkeep\n|turn|24\n|\n|t:|1700232674\n|move|p2a: Sinistcha|Shadow Ball|p1a: Zamazenta\n|-damage|p1a: Zamazenta|34\/100\n|-unboost|p1a: Zamazenta|spd|1\n|move|p1a: Zamazenta|Roar|p2a: Sinistcha\n|drag|p2a: Slowbro|Slowbro, F|100\/100\n|\n|upkeep\n|turn|25\n|\n|t:|1700232684\n|move|p1a: Zamazenta|Behemoth Bash|p2a: Slowbro\n|-resisted|p2a: Slowbro\n|-damage|p2a: Slowbro|90\/100\n|move|p2a: Slowbro|Psychic|p1a: Zamazenta\n|-crit|p1a: Zamazenta\n|-damage|p1a: Zamazenta|0 fnt\n|faint|p1a: Zamazenta\n|\n|-heal|p2a: Slowbro|96\/100|[from] item: Leftovers\n|upkeep\n|\n|t:|1700232692\n|switch|p1a: Kyogre|Kyogre|100\/100\n|-weather|RainDance|[from] ability: Drizzle|[of] p1a: Kyogre\n|turn|26\n|\n|t:|1700232702\n|move|p1a: Kyogre|Thunder|p2a: Slowbro\n|-supereffective|p2a: Slowbro\n|-damage|p2a: Slowbro|10\/100\n|move|p2a: Slowbro|Psychic|p1a: Kyogre\n|-damage|p1a: Kyogre|75\/100\n|\n|-weather|RainDance|[upkeep]\n|-heal|p2a: Slowbro|16\/100|[from] item: Leftovers\n|upkeep\n|turn|27\n|\n|t:|1700232711\n|switch|p1a: Grimmsnarl|Grimmsnarl, M|58\/100\n|switch|p2a: Clodsire|Clodsire, M|100\/100\n|\n|-weather|RainDance|[upkeep]\n|-heal|p1a: Grimmsnarl|64\/100|[from] item: Leftovers\n|upkeep\n|turn|28\n|\n|t:|1700232716\n|move|p1a: Grimmsnarl|Parting Shot|p2a: Clodsire\n|-unboost|p2a: Clodsire|atk|1\n|-unboost|p2a: Clodsire|spa|1\n|\n|t:|1700232721\n|switch|p1a: Kyogre|Kyogre|75\/100|[from] Parting Shot\n|move|p2a: Clodsire|Earthquake|p1a: Kyogre\n|-damage|p1a: Kyogre|55\/100\n|\n|-weather|RainDance|[upkeep]\n|upkeep\n|turn|29\n|\n|t:|1700232729\n|move|p1a: Kyogre|Ice Beam|p2a: Clodsire\n|-supereffective|p2a: Clodsire\n|-damage|p2a: Clodsire|64\/100\n|-status|p2a: Clodsire|frz\n|cant|p2a: Clodsire|frz\n|\n|-weather|RainDance|[upkeep]\n|-heal|p2a: Clodsire|70\/100 frz|[from] item: Leftovers\n|upkeep\n|turn|30\n|c|\u2606digdugdoug|ah hell no\n|c|\u2606digdugdoug|come on\n|\n|t:|1700232740\n|switch|p1a: Hawlucha|Hawlucha, M|100\/100\n|switch|p2a: Slowbro|Slowbro, F|49\/100\n|\n|-weather|none\n|-heal|p2a: Slowbro|55\/100|[from] item: Leftovers\n|upkeep\n|turn|31\n|\n|t:|1700232745\n|move|p1a: Hawlucha|Hone Claws|p1a: Hawlucha\n|-boost|p1a: Hawlucha|atk|1\n|-boost|p1a: Hawlucha|accuracy|1\n|move|p2a: Slowbro|Psychic|p1a: Hawlucha\n|-supereffective|p1a: Hawlucha\n|-damage|p1a: Hawlucha|6\/100\n|\n|-heal|p2a: Slowbro|61\/100|[from] item: Leftovers\n|upkeep\n|turn|32\n|\n|t:|1700232748\n|move|p1a: Hawlucha|Stone Edge|p2a: Slowbro\n|-crit|p2a: Slowbro\n|-damage|p2a: Slowbro|19\/100\n|move|p2a: Slowbro|Surf|p1a: Hawlucha\n|-damage|p1a: Hawlucha|0 fnt\n|faint|p1a: Hawlucha\n|\n|-heal|p2a: Slowbro|25\/100|[from] item: Leftovers\n|upkeep\n|\n|t:|1700232752\n|switch|p1a: Koraidon|Koraidon|45\/100\n|-weather|SunnyDay|[from] ability: Orichalcum Pulse|[of] p1a: Koraidon\n|-activate|p1a: Koraidon|Orichalcum Pulse|[source]\n|turn|33\n|\n|t:|1700232756\n|switch|p2a: Sinistcha|Sinistcha|100\/100\n|move|p1a: Koraidon|U-turn|p2a: Sinistcha\n|-damage|p2a: Sinistcha|78\/100\n|\n|t:|1700232762\n|switch|p1a: Grimmsnarl|Grimmsnarl, M|64\/100|[from] U-turn\n|\n|-weather|SunnyDay|[upkeep]\n|-heal|p2a: Sinistcha|84\/100|[from] item: Leftovers\n|-heal|p1a: Grimmsnarl|71\/100|[from] item: Leftovers\n|upkeep\n|turn|34\n|\n|t:|1700232767\n|move|p1a: Grimmsnarl|Thunder Wave|p2a: Sinistcha\n|-status|p2a: Sinistcha|par\n|cant|p2a: Sinistcha|par\n|\n|-weather|SunnyDay|[upkeep]\n|-heal|p1a: Grimmsnarl|77\/100|[from] item: Leftovers\n|-heal|p2a: Sinistcha|90\/100 par|[from] item: Leftovers\n|upkeep\n|turn|35\n|\n|t:|1700232775\n|move|p1a: Grimmsnarl|Taunt|p2a: Sinistcha\n|-start|p2a: Sinistcha|move: Taunt\n|cant|p2a: Sinistcha|move: Taunt|Calm Mind\n|\n|-weather|SunnyDay|[upkeep]\n|-heal|p1a: Grimmsnarl|83\/100|[from] item: Leftovers\n|-heal|p2a: Sinistcha|96\/100 par|[from] item: Leftovers\n|upkeep\n|turn|36\n|\n|t:|1700232780\n|switch|p2a: Snorlax|Snorlax, F|96\/100 slp\n|move|p1a: Grimmsnarl|Parting Shot|p2a: Snorlax\n|-unboost|p2a: Snorlax|atk|1\n|-unboost|p2a: Snorlax|spa|1\n|\n|t:|1700232783\n|switch|p1a: Koraidon|Koraidon|45\/100|[from] Parting Shot\n|-activate|p1a: Koraidon|ability: Orichalcum Pulse\n|\n|-weather|SunnyDay|[upkeep]\n|-heal|p2a: Snorlax|100\/100 slp|[from] item: Leftovers\n|upkeep\n|turn|37\n|\n|t:|1700232805\n|move|p1a: Koraidon|Collision Course|p2a: Snorlax\n|-supereffective|p2a: Snorlax\n|-damage|p2a: Snorlax|0 fnt\n|faint|p2a: Snorlax\n|\n|-weather|none\n|upkeep\n|\n|t:|1700232811\n|switch|p2a: Slowbro|Slowbro, F|59\/100\n|turn|38\n|\n|t:|1700232818\n|switch|p1a: Grimmsnarl|Grimmsnarl, M|83\/100\n|switch|p2a: Clodsire|Clodsire, M|70\/100 frz\n|\n|-heal|p1a: Grimmsnarl|89\/100|[from] item: Leftovers\n|-heal|p2a: Clodsire|76\/100 frz|[from] item: Leftovers\n|upkeep\n|turn|39\n|\n|t:|1700232826\n|move|p1a: Grimmsnarl|Taunt|p2a: Clodsire\n|-start|p2a: Clodsire|move: Taunt\n|cant|p2a: Clodsire|frz\n|\n|-heal|p1a: Grimmsnarl|95\/100|[from] item: Leftovers\n|-heal|p2a: Clodsire|83\/100 frz|[from] item: Leftovers\n|upkeep\n|turn|40\n|\n|t:|1700232829\n|move|p1a: Grimmsnarl|Parting Shot|p2a: Clodsire\n|-unboost|p2a: Clodsire|atk|1\n|-unboost|p2a: Clodsire|spa|1\n|\n|t:|1700232831\n|switch|p1a: Kyogre|Kyogre|55\/100|[from] Parting Shot\n|-weather|RainDance|[from] ability: Drizzle|[of] p1a: Kyogre\n|cant|p2a: Clodsire|frz\n|\n|-weather|RainDance|[upkeep]\n|-heal|p2a: Clodsire|89\/100 frz|[from] item: Leftovers\n|upkeep\n|turn|41\n|\n|t:|1700232834\n|move|p1a: Kyogre|Ice Beam|p2a: Clodsire\n|-supereffective|p2a: Clodsire\n|-damage|p2a: Clodsire|50\/100 frz\n|cant|p2a: Clodsire|frz\n|\n|-weather|RainDance|[upkeep]\n|-heal|p2a: Clodsire|56\/100 frz|[from] item: Leftovers\n|-end|p2a: Clodsire|move: Taunt\n|upkeep\n|turn|42\n|\n|t:|1700232846\n|switch|p2a: Slowbro|Slowbro, F|92\/100\n|move|p1a: Kyogre|Ice Beam|p2a: Slowbro\n|-resisted|p2a: Slowbro\n|-crit|p2a: Slowbro\n|-damage|p2a: Slowbro|64\/100\n|\n|-weather|RainDance|[upkeep]\n|-heal|p2a: Slowbro|70\/100|[from] item: Leftovers\n|upkeep\n|turn|43\n|\n|t:|1700232860\n|switch|p1a: Grimmsnarl|Grimmsnarl, M|95\/100\n|move|p2a: Slowbro|Calm Mind|p2a: Slowbro\n|-boost|p2a: Slowbro|spa|1\n|-boost|p2a: Slowbro|spd|1\n|\n|-weather|RainDance|[upkeep]\n|-heal|p1a: Grimmsnarl|100\/100|[from] item: Leftovers\n|-heal|p2a: Slowbro|76\/100|[from] item: Leftovers\n|upkeep\n|turn|44\n|\n|t:|1700232867\n|move|p1a: Grimmsnarl|Taunt|p2a: Slowbro\n|-start|p2a: Slowbro|move: Taunt\n|move|p2a: Slowbro|Surf|p1a: Grimmsnarl\n|-damage|p1a: Grimmsnarl|45\/100\n|\n|-weather|none\n|-heal|p1a: Grimmsnarl|52\/100|[from] item: Leftovers\n|-heal|p2a: Slowbro|82\/100|[from] item: Leftovers\n|upkeep\n|turn|45\n|\n|t:|1700232878\n|move|p1a: Grimmsnarl|Thunder Wave|p2a: Slowbro\n|-status|p2a: Slowbro|par\n|move|p2a: Slowbro|Surf|p1a: Grimmsnarl\n|-damage|p1a: Grimmsnarl|16\/100\n|\n|-heal|p1a: Grimmsnarl|22\/100|[from] item: Leftovers\n|-heal|p2a: Slowbro|88\/100 par|[from] item: Leftovers\n|upkeep\n|turn|46\n|\n|t:|1700232885\n|move|p1a: Grimmsnarl|Parting Shot|p2a: Slowbro\n|-unboost|p2a: Slowbro|atk|1\n|-unboost|p2a: Slowbro|spa|1\n|\n|t:|1700232889\n|switch|p1a: Kyogre|Kyogre|55\/100|[from] Parting Shot\n|-weather|RainDance|[from] ability: Drizzle|[of] p1a: Kyogre\n|move|p2a: Slowbro|Surf|p1a: Kyogre\n|-resisted|p1a: Kyogre\n|-damage|p1a: Kyogre|39\/100\n|\n|-weather|RainDance|[upkeep]\n|-heal|p2a: Slowbro|94\/100 par|[from] item: Leftovers\n|-end|p2a: Slowbro|move: Taunt\n|upkeep\n|turn|47\n|\n|t:|1700232906\n|move|p1a: Kyogre|Ice Beam|p2a: Slowbro\n|-resisted|p2a: Slowbro\n|-damage|p2a: Slowbro|82\/100 par\n|move|p2a: Slowbro|Psychic|p1a: Kyogre\n|-damage|p1a: Kyogre|16\/100\n|\n|-weather|RainDance|[upkeep]\n|-heal|p2a: Slowbro|88\/100 par|[from] item: Leftovers\n|upkeep\n|turn|48\n|\n|t:|1700232913\n|switch|p1a: Grimmsnarl|Grimmsnarl, M|22\/100\n|move|p2a: Slowbro|Psychic|p1a: Grimmsnarl\n|-immune|p1a: Grimmsnarl\n|\n|-weather|RainDance|[upkeep]\n|-heal|p1a: Grimmsnarl|28\/100|[from] item: Leftovers\n|-heal|p2a: Slowbro|94\/100 par|[from] item: Leftovers\n|upkeep\n|turn|49\n|\n|t:|1700232919\n|switch|p1a: Kyogre|Kyogre|16\/100\n|move|p2a: Slowbro|Surf|p1a: Kyogre\n|-resisted|p1a: Kyogre\n|-damage|p1a: Kyogre|0 fnt\n|faint|p1a: Kyogre\n|\n|-weather|RainDance|[upkeep]\n|-heal|p2a: Slowbro|99\/100 par|[from] item: Leftovers\n|upkeep\n|\n|t:|1700232921\n|switch|p1a: Grimmsnarl|Grimmsnarl, M|28\/100\n|turn|50\n|\n|t:|1700232924\n|move|p1a: Grimmsnarl|Parting Shot|p2a: Slowbro\n|-unboost|p2a: Slowbro|atk|1\n|-unboost|p2a: Slowbro|spa|1\n|\n|t:|1700232926\n|switch|p1a: Koraidon|Koraidon|45\/100|[from] Parting Shot\n|-weather|SunnyDay|[from] ability: Orichalcum Pulse|[of] p1a: Koraidon\n|-activate|p1a: Koraidon|Orichalcum Pulse|[source]\n|move|p2a: Slowbro|Calm Mind|p2a: Slowbro\n|-boost|p2a: Slowbro|spa|1\n|-boost|p2a: Slowbro|spd|1\n|\n|-weather|SunnyDay|[upkeep]\n|-heal|p2a: Slowbro|100\/100 par|[from] item: Leftovers\n|upkeep\n|turn|51\n|\n|t:|1700232933\n|move|p1a: Koraidon|Dragon Claw|p2a: Slowbro\n|-damage|p2a: Slowbro|67\/100 par\n|move|p2a: Slowbro|Calm Mind|p2a: Slowbro\n|-boost|p2a: Slowbro|spa|1\n|-boost|p2a: Slowbro|spd|1\n|\n|-weather|SunnyDay|[upkeep]\n|-heal|p2a: Slowbro|73\/100 par|[from] item: Leftovers\n|upkeep\n|turn|52\n|\n|t:|1700232937\n|move|p1a: Koraidon|Dragon Claw|p2a: Slowbro\n|-damage|p2a: Slowbro|37\/100 par\n|move|p2a: Slowbro|Psychic|p1a: Koraidon\n|-supereffective|p1a: Koraidon\n|-damage|p1a: Koraidon|0 fnt\n|faint|p1a: Koraidon\n|\n|-weather|SunnyDay|[upkeep]\n|-heal|p2a: Slowbro|43\/100 par|[from] item: Leftovers\n|upkeep\n|c|\u2606digdugdoug|gg\n|\n|t:|1700232942\n|switch|p1a: Grimmsnarl|Grimmsnarl, M|28\/100\n|turn|53\n|\n|t:|1700232946\n|move|p1a: Grimmsnarl|Spirit Break|p2a: Slowbro\n|-damage|p2a: Slowbro|25\/100 par\n|-unboost|p2a: Slowbro|spa|1\n|move|p2a: Slowbro|Surf|p1a: Grimmsnarl\n|-damage|p1a: Grimmsnarl|17\/100\n|\n|-weather|SunnyDay|[upkeep]\n|-heal|p1a: Grimmsnarl|23\/100|[from] item: Leftovers\n|-heal|p2a: Slowbro|31\/100 par|[from] item: Leftovers\n|upkeep\n|turn|54\n|\n|t:|1700232952\n|switch|p2a: Clodsire|Clodsire, M|56\/100 frz\n|move|p1a: Grimmsnarl|Spirit Break|p2a: Clodsire\n|-resisted|p2a: Clodsire\n|-damage|p2a: Clodsire|41\/100 frz\n|-unboost|p2a: Clodsire|spa|1\n|\n|-weather|none\n|-heal|p1a: Grimmsnarl|29\/100|[from] item: Leftovers\n|-heal|p2a: Clodsire|47\/100 frz|[from] item: Leftovers\n|upkeep\n|turn|55\n|\n|t:|1700232956\n|move|p1a: Grimmsnarl|Spirit Break|p2a: Clodsire\n|-resisted|p2a: Clodsire\n|-damage|p2a: Clodsire|31\/100 frz\n|-unboost|p2a: Clodsire|spa|1\n|cant|p2a: Clodsire|frz\n|\n|-heal|p1a: Grimmsnarl|35\/100|[from] item: Leftovers\n|-heal|p2a: Clodsire|37\/100 frz|[from] item: Leftovers\n|upkeep\n|turn|56\n|\n|t:|1700232959\n|move|p1a: Grimmsnarl|Spirit Break|p2a: Clodsire\n|-resisted|p2a: Clodsire\n|-damage|p2a: Clodsire|21\/100 frz\n|-unboost|p2a: Clodsire|spa|1\n|cant|p2a: Clodsire|frz\n|\n|-heal|p1a: Grimmsnarl|41\/100|[from] item: Leftovers\n|-heal|p2a: Clodsire|27\/100 frz|[from] item: Leftovers\n|upkeep\n|turn|57\n|\n|t:|1700232964\n|move|p1a: Grimmsnarl|Spirit Break|p2a: Clodsire\n|-resisted|p2a: Clodsire\n|-damage|p2a: Clodsire|10\/100 frz\n|-unboost|p2a: Clodsire|spa|1\n|cant|p2a: Clodsire|frz\n|\n|-heal|p1a: Grimmsnarl|47\/100|[from] item: Leftovers\n|-heal|p2a: Clodsire|16\/100 frz|[from] item: Leftovers\n|upkeep\n|turn|58\n|\n|t:|1700232967\n|move|p1a: Grimmsnarl|Spirit Break|p2a: Clodsire\n|-resisted|p2a: Clodsire\n|-damage|p2a: Clodsire|0 fnt\n|faint|p2a: Clodsire\n|\n|-heal|p1a: Grimmsnarl|54\/100|[from] item: Leftovers\n|upkeep\n|\n|t:|1700232975\n|switch|p2a: Mandibuzz|Mandibuzz, F|69\/100\n|turn|59\n|\n|t:|1700232980\n|move|p2a: Mandibuzz|Toxic|p1a: Grimmsnarl\n|-status|p1a: Grimmsnarl|tox\n|move|p1a: Grimmsnarl|Spirit Break|p2a: Mandibuzz\n|-supereffective|p2a: Mandibuzz\n|-damage|p2a: Mandibuzz|20\/100\n|-unboost|p2a: Mandibuzz|spa|1\n|\n|-heal|p1a: Grimmsnarl|60\/100 tox|[from] item: Leftovers\n|-damage|p1a: Grimmsnarl|54\/100 tox|[from] psn\n|upkeep\n|turn|60\n|\n|t:|1700232986\n|move|p2a: Mandibuzz|Knock Off|p1a: Grimmsnarl\n|-resisted|p1a: Grimmsnarl\n|-damage|p1a: Grimmsnarl|47\/100 tox\n|-enditem|p1a: Grimmsnarl|Leftovers|[from] move: Knock Off|[of] p2a: Mandibuzz\n|move|p1a: Grimmsnarl|Spirit Break|p2a: Mandibuzz\n|-supereffective|p2a: Mandibuzz\n|-crit|p2a: Mandibuzz\n|-damage|p2a: Mandibuzz|0 fnt\n|faint|p2a: Mandibuzz\n|\n|-damage|p1a: Grimmsnarl|35\/100 tox|[from] psn\n|upkeep\n|\n|t:|1700232991\n|switch|p2a: Sinistcha|Sinistcha|96\/100 par\n|turn|61\n|\n|t:|1700232994\n|-terastallize|p1a: Grimmsnarl|Steel\n|move|p1a: Grimmsnarl|Spirit Break|p2a: Sinistcha\n|-damage|p2a: Sinistcha|74\/100 par\n|-unboost|p2a: Sinistcha|spa|1\n|move|p2a: Sinistcha|Matcha Gotcha|p1a: Grimmsnarl|[miss]\n|-miss|p2a: Sinistcha|p1a: Grimmsnarl\n|\n|-heal|p2a: Sinistcha|81\/100 par|[from] item: Leftovers\n|-damage|p1a: Grimmsnarl|16\/100 tox|[from] psn\n|upkeep\n|turn|62\n|\n|t:|1700232999\n|move|p1a: Grimmsnarl|Spirit Break|p2a: Sinistcha\n|-damage|p2a: Sinistcha|60\/100 par\n|-unboost|p2a: Sinistcha|spa|1\n|move|p2a: Sinistcha|Shadow Ball|p1a: Grimmsnarl\n|-damage|p1a: Grimmsnarl|5\/100 tox\n|\n|-heal|p2a: Sinistcha|66\/100 par|[from] item: Leftovers\n|-damage|p1a: Grimmsnarl|0 fnt|[from] psn\n|faint|p1a: Grimmsnarl\n|\n|win|digdugdoug\n|upkeep\n|raw|SuperJabroniBros's rating: 1558 &rarr; <strong>1536<\/strong><br \/>(-22 for losing)\n|raw|digdugdoug's rating: 1516 &rarr; <strong>1538<\/strong><br \/>(+22 for winning)\n|l|\u2606SuperJabroniBros\n|l|\u2606digdugdoug\n","uploadtime":1700233038,"views":3,"p1id":"superjabronibros","p2id":"digdugdoug","formatid":"gen9anythinggoes","rating":1536,"private":0,"password":""}