{"id":"gen9anythinggoes-1990237685","p1":"sociallydolo","p2":"gtassd","format":"[Gen 9] Anything Goes","log":"|j|\u2606sociallydolo\n|j|\u2606gtassd\n|t:|1699942316\n|gametype|singles\n|player|p1|sociallydolo|101|1205\n|player|p2|gtassd|caitlin|1088\n|teamsize|p1|6\n|teamsize|p2|6\n|gen|9\n|tier|[Gen 9] Anything Goes\n|rated|\n|rule|HP Percentage Mod: HP is shown in percentages\n|rule|Endless Battle Clause: Forcing endless battles is banned\n|clearpoke\n|poke|p1|Blissey, F|\n|poke|p1|Ursaluna-Bloodmoon, M|\n|poke|p1|Empoleon, M|\n|poke|p1|Kingambit, M|\n|poke|p1|Iron Valiant|\n|poke|p1|Ribombee, F|\n|poke|p2|Dipplin, F|\n|poke|p2|Samurott-Hisui, F|\n|poke|p2|Landorus-Therian, M|\n|poke|p2|Ribombee, M|\n|poke|p2|Talonflame, M|\n|poke|p2|Garchomp, F|\n|teampreview\n|\n|t:|1699942320\n|start\n|switch|p1a: Ribombee|Ribombee, F|100\/100\n|switch|p2a: Talonflame|Talonflame, M, shiny|100\/100\n|turn|1\n|inactive|Battle timer is ON: inactive players will automatically lose when time's up. (requested by gtassd)\n|\n|t:|1699942335\n|move|p1a: Ribombee|Stun Spore|p2a: Talonflame\n|-status|p2a: Talonflame|par\n|move|p2a: Talonflame|Dual Wingbeat|p1a: Ribombee\n|-supereffective|p1a: Ribombee\n|-damage|p1a: Ribombee|36\/100\n|-supereffective|p1a: Ribombee\n|-damage|p1a: Ribombee|0 fnt\n|faint|p1a: Ribombee\n|-hitcount|p1: Ribombee|2\n|\n|upkeep\n|\n|t:|1699942352\n|switch|p1a: Aquaman|Empoleon, M|100\/100\n|turn|2\n|\n|t:|1699942356\n|move|p1a: Aquaman|Surf|p2a: Talonflame\n|-supereffective|p2a: Talonflame\n|-damage|p2a: Talonflame|19\/100 par\n|move|p2a: Talonflame|Tailwind|p2a: Talonflame\n|-sidestart|p2: gtassd|move: Tailwind\n|\n|-heal|p2a: Talonflame|25\/100 par|[from] item: Leftovers\n|upkeep\n|turn|3\n|\n|t:|1699942363\n|move|p2a: Talonflame|Dual Wingbeat|p1a: Aquaman\n|-resisted|p1a: Aquaman\n|-damage|p1a: Aquaman|92\/100\n|-resisted|p1a: Aquaman\n|-damage|p1a: Aquaman|84\/100\n|-hitcount|p1a: Aquaman|2\n|move|p1a: Aquaman|Surf|p2a: Talonflame\n|-supereffective|p2a: Talonflame\n|-damage|p2a: Talonflame|0 fnt\n|faint|p2a: Talonflame\n|\n|-heal|p1a: Aquaman|90\/100|[from] item: Leftovers\n|upkeep\n|\n|t:|1699942371\n|switch|p2a: Ribombee|Ribombee, M, shiny|100\/100\n|turn|4\n|\n|t:|1699942375\n|move|p2a: Ribombee|Sticky Web|p1a: Aquaman\n|-sidestart|p1: sociallydolo|move: Sticky Web\n|move|p1a: Aquaman|Stealth Rock|p2a: Ribombee\n|-sidestart|p2: gtassd|move: Stealth Rock\n|\n|-heal|p1a: Aquaman|96\/100|[from] item: Leftovers\n|upkeep\n|turn|5\n|\n|t:|1699942380\n|move|p2a: Ribombee|Agility|p2a: Ribombee\n|-boost|p2a: Ribombee|spe|2\n|move|p1a: Aquaman|Surf|p2a: Ribombee\n|-damage|p2a: Ribombee|54\/100\n|\n|-heal|p1a: Aquaman|100\/100|[from] item: Leftovers\n|-sideend|p2: gtassd|move: Tailwind\n|upkeep\n|turn|6\n|\n|t:|1699942387\n|move|p2a: Ribombee|Agility|p2a: Ribombee\n|-boost|p2a: Ribombee|spe|2\n|move|p1a: Aquaman|Surf|p2a: Ribombee\n|-damage|p2a: Ribombee|3\/100\n|\n|upkeep\n|turn|7\n|c|\u2606sociallydolo|baton pass?\n|\n|t:|1699942397\n|move|p2a: Ribombee|Baton Pass|p2a: Ribombee\n|c|\u2606gtassd|yep\n|c|\u2606sociallydolo|called it\n|\n|t:|1699942403\n|switch|p2a: Dipplin|Dipplin, F|100\/100|[from] Baton Pass\n|-damage|p2a: Dipplin|88\/100|[from] Stealth Rock\n|-ability|p2a: Dipplin|Supersweet Syrup\n|-ability|p2a: Dipplin|Supersweet Syrup|boost\n|-unboost|p1a: Aquaman|evasion|1\n|-ability|p1a: Aquaman|Competitive|boost\n|-boost|p1a: Aquaman|spa|2\n|move|p1a: Aquaman|Surf|p2a: Dipplin\n|-resisted|p2a: Dipplin\n|-damage|p2a: Dipplin|76\/100\n|\n|upkeep\n|turn|8\n|\n|t:|1699942426\n|-terastallize|p1a: Aquaman|Electric\n|move|p2a: Dipplin|Giga Drain|p1a: Aquaman\n|-crit|p1a: Aquaman\n|-damage|p1a: Aquaman|69\/100\n|-heal|p2a: Dipplin|94\/100|[from] drain|[of] p1a: Aquaman\n|move|p1a: Aquaman|Surf|p2a: Dipplin\n|-resisted|p2a: Dipplin\n|-damage|p2a: Dipplin|82\/100\n|\n|-heal|p1a: Aquaman|75\/100|[from] item: Leftovers\n|upkeep\n|turn|9\n|\n|t:|1699942437\n|move|p2a: Dipplin|Growth|p2a: Dipplin\n|-boost|p2a: Dipplin|atk|1\n|-boost|p2a: Dipplin|spa|1\n|move|p1a: Aquaman|Surf|p2a: Dipplin\n|-resisted|p2a: Dipplin\n|-damage|p2a: Dipplin|70\/100\n|\n|-heal|p1a: Aquaman|81\/100|[from] item: Leftovers\n|upkeep\n|turn|10\n|\n|t:|1699942444\n|move|p2a: Dipplin|Growth|p2a: Dipplin\n|-boost|p2a: Dipplin|atk|1\n|-boost|p2a: Dipplin|spa|1\n|move|p1a: Aquaman|Surf|p2a: Dipplin\n|-resisted|p2a: Dipplin\n|-damage|p2a: Dipplin|57\/100\n|\n|-heal|p1a: Aquaman|88\/100|[from] item: Leftovers\n|upkeep\n|turn|11\n|c|\u2606gtassd|sucks that dipplin cant learn baton oass\n|\n|t:|1699942459\n|move|p2a: Dipplin|Energy Ball|p1a: Aquaman\n|-damage|p1a: Aquaman|39\/100\n|move|p1a: Aquaman|Surf|p2a: Dipplin\n|-resisted|p2a: Dipplin\n|-damage|p2a: Dipplin|45\/100\n|\n|-heal|p1a: Aquaman|45\/100|[from] item: Leftovers\n|upkeep\n|turn|12\n|\n|t:|1699942470\n|move|p2a: Dipplin|Giga Drain|p1a: Aquaman\n|-damage|p1a: Aquaman|4\/100\n|-heal|p2a: Dipplin|68\/100|[from] drain|[of] p1a: Aquaman\n|move|p1a: Aquaman|Surf|p2a: Dipplin\n|-resisted|p2a: Dipplin\n|-damage|p2a: Dipplin|55\/100\n|\n|-heal|p1a: Aquaman|10\/100|[from] item: Leftovers\n|upkeep\n|turn|13\n|c|\u2606sociallydolo|sucks that I don't have haze\n|\n|t:|1699942485\n|move|p2a: Dipplin|Energy Ball|p1a: Aquaman\n|-damage|p1a: Aquaman|0 fnt\n|faint|p1a: Aquaman\n|\n|upkeep\n|c|\u2606gtassd|eat dipplins balls\n|inactive|sociallydolo has 120 seconds left.\n|c|\u2606gtassd|really thinking huh\n|\n|t:|1699942530\n|switch|p1a: Iron Valiant|Iron Valiant|100\/100\n|-activate|p1a: Iron Valiant|move: Sticky Web\n|-unboost|p1a: Iron Valiant|spe|1\n|-enditem|p1a: Iron Valiant|Booster Energy\n|-activate|p1a: Iron Valiant|ability: Quark Drive|[fromitem]\n|-start|p1a: Iron Valiant|quarkdriveatk\n|turn|14\n|c|\u2606sociallydolo|no was texrting\n|\n|t:|1699942542\n|-terastallize|p2a: Dipplin|Grass\n|move|p2a: Dipplin|Giga Drain|p1a: Iron Valiant\n|-damage|p1a: Iron Valiant|0 fnt\n|-heal|p2a: Dipplin|99\/100|[from] drain|[of] p1a: Iron Valiant\n|faint|p1a: Iron Valiant\n|-end|p1a: Iron Valiant|Quark Drive|[silent]\n|\n|upkeep\n|c|\u2606gtassd|ight\n|\n|t:|1699942548\n|switch|p1a: Blood Demon|Ursaluna-Bloodmoon, M|100\/100\n|-activate|p1a: Blood Demon|move: Sticky Web\n|-unboost|p1a: Blood Demon|spe|1\n|turn|15\n|\n|t:|1699942559\n|move|p2a: Dipplin|Energy Ball|p1a: Blood Demon\n|-supereffective|p1a: Blood Demon\n|-damage|p1a: Blood Demon|0 fnt\n|faint|p1a: Blood Demon\n|\n|upkeep\n|\n|t:|1699942565\n|switch|p1a: Blissey|Blissey, F, shiny|100\/100\n|turn|16\n|\n|t:|1699942570\n|move|p2a: Dipplin|Energy Ball|p1a: Blissey\n|-damage|p1a: Blissey|68\/100\n|move|p1a: Blissey|Calm Mind|p1a: Blissey\n|-boost|p1a: Blissey|spa|1\n|-boost|p1a: Blissey|spd|1\n|\n|upkeep\n|turn|17\n|\n|t:|1699942577\n|move|p2a: Dipplin|Growth|p2a: Dipplin\n|-boost|p2a: Dipplin|atk|1\n|-boost|p2a: Dipplin|spa|1\n|move|p1a: Blissey|Calm Mind|p1a: Blissey\n|-boost|p1a: Blissey|spa|1\n|-boost|p1a: Blissey|spd|1\n|\n|upkeep\n|turn|18\n|\n|t:|1699942583\n|move|p2a: Dipplin|Growth|p2a: Dipplin\n|-boost|p2a: Dipplin|atk|1\n|-boost|p2a: Dipplin|spa|1\n|move|p1a: Blissey|Seismic Toss|p2a: Dipplin\n|-damage|p2a: Dipplin|69\/100\n|\n|upkeep\n|turn|19\n|inactive|sociallydolo has 120 seconds left.\n|\n|t:|1699942590\n|move|p2a: Dipplin|Giga Drain|p1a: Blissey\n|-damage|p1a: Blissey|48\/100\n|-heal|p2a: Dipplin|91\/100|[from] drain|[of] p1a: Blissey\n|move|p1a: Blissey|Seismic Toss|p2a: Dipplin\n|-damage|p2a: Dipplin|61\/100\n|\n|upkeep\n|turn|20\n|\n|t:|1699942598\n|move|p2a: Dipplin|Giga Drain|p1a: Blissey\n|-damage|p1a: Blissey|27\/100\n|-heal|p2a: Dipplin|83\/100|[from] drain|[of] p1a: Blissey\n|move|p1a: Blissey|Soft-Boiled|p1a: Blissey\n|-heal|p1a: Blissey|77\/100\n|\n|upkeep\n|turn|21\n|c|\u2606gtassd|ngl i imagine dipplin being like\n|c|\u2606gtassd|NYTHING YOU CAN DO I CAN DO BETTER\n|\n|t:|1699942617\n|move|p2a: Dipplin|Giga Drain|p1a: Blissey\n|-damage|p1a: Blissey|56\/100\n|-heal|p2a: Dipplin|100\/100|[from] drain|[of] p1a: Blissey\n|move|p1a: Blissey|Calm Mind|p1a: Blissey\n|-boost|p1a: Blissey|spa|1\n|-boost|p1a: Blissey|spd|1\n|\n|upkeep\n|turn|22\n|c|\u2606sociallydolo|lol\n|\n|t:|1699942626\n|move|p2a: Dipplin|Growth|p2a: Dipplin\n|-boost|p2a: Dipplin|atk|1\n|-boost|p2a: Dipplin|spa|1\n|move|p1a: Blissey|Calm Mind|p1a: Blissey\n|-boost|p1a: Blissey|spa|1\n|-boost|p1a: Blissey|spd|1\n|\n|upkeep\n|turn|23\n|\n|t:|1699942632\n|move|p2a: Dipplin|Growth|p2a: Dipplin\n|-boost|p2a: Dipplin|atk|1\n|-boost|p2a: Dipplin|spa|1\n|move|p1a: Blissey|Calm Mind|p1a: Blissey\n|-boost|p1a: Blissey|spa|1\n|-boost|p1a: Blissey|spd|1\n|\n|upkeep\n|turn|24\n|\n|t:|1699942637\n|move|p2a: Dipplin|Energy Ball|p1a: Blissey\n|-damage|p1a: Blissey|37\/100\n|move|p1a: Blissey|Calm Mind|p1a: Blissey\n|-boost|p1a: Blissey|spa|1\n|-boost|p1a: Blissey|spd|1\n|\n|upkeep\n|turn|25\n|\n|t:|1699942643\n|move|p2a: Dipplin|Energy Ball|p1a: Blissey\n|-damage|p1a: Blissey|18\/100\n|move|p1a: Blissey|Soft-Boiled|p1a: Blissey\n|-heal|p1a: Blissey|68\/100\n|\n|upkeep\n|turn|26\n|c|\u2606gtassd|we gon be here a wile\n|\n|t:|1699942651\n|move|p2a: Dipplin|Energy Ball|p1a: Blissey\n|-damage|p1a: Blissey|50\/100\n|move|p1a: Blissey|Soft-Boiled|p1a: Blissey\n|-heal|p1a: Blissey|99\/100\n|\n|upkeep\n|turn|27\n|c|\u2606sociallydolo|yep\n|\n|t:|1699942659\n|move|p2a: Dipplin|Dragon Pulse|p1a: Blissey\n|-damage|p1a: Blissey|87\/100\n|move|p1a: Blissey|Seismic Toss|p2a: Dipplin\n|-damage|p2a: Dipplin|70\/100\n|\n|upkeep\n|turn|28\n|\n|t:|1699942666\n|move|p2a: Dipplin|Giga Drain|p1a: Blissey\n|-damage|p1a: Blissey|72\/100\n|-heal|p2a: Dipplin|86\/100|[from] drain|[of] p1a: Blissey\n|move|p1a: Blissey|Seismic Toss|p2a: Dipplin\n|-damage|p2a: Dipplin|56\/100\n|\n|upkeep\n|turn|29\n|\n|t:|1699942673\n|move|p2a: Dipplin|Energy Ball|p1a: Blissey\n|-damage|p1a: Blissey|53\/100\n|move|p1a: Blissey|Seismic Toss|p2a: Dipplin\n|-damage|p2a: Dipplin|26\/100\n|\n|upkeep\n|turn|30\n|\n|t:|1699942679\n|move|p2a: Dipplin|Energy Ball|p1a: Blissey\n|-damage|p1a: Blissey|36\/100\n|-unboost|p1a: Blissey|spd|1\n|move|p1a: Blissey|Soft-Boiled|p1a: Blissey\n|-heal|p1a: Blissey|86\/100\n|\n|upkeep\n|turn|31\n|c|\u2606gtassd|nice\n|\n|t:|1699942687\n|move|p2a: Dipplin|Giga Drain|p1a: Blissey\n|-damage|p1a: Blissey|71\/100\n|-heal|p2a: Dipplin|43\/100|[from] drain|[of] p1a: Blissey\n|move|p1a: Blissey|Seismic Toss|p2a: Dipplin\n|-damage|p2a: Dipplin|13\/100\n|\n|upkeep\n|turn|32\n|\n|t:|1699942695\n|move|p2a: Dipplin|Giga Drain|p1a: Blissey\n|-damage|p1a: Blissey|54\/100\n|-heal|p2a: Dipplin|30\/100|[from] drain|[of] p1a: Blissey\n|move|p1a: Blissey|Seismic Toss|p2a: Dipplin\n|-damage|p2a: Dipplin|0 fnt\n|faint|p2a: Dipplin\n|\n|upkeep\n|\n|t:|1699942701\n|switch|p2a: Ribombee|Ribombee, M, shiny|3\/100\n|-damage|p2a: Ribombee|0 fnt|[from] Stealth Rock\n|faint|p2a: Ribombee\n|\n|t:|1699942706\n|switch|p2a: Landorus|Landorus-Therian, M|100\/100\n|-damage|p2a: Landorus|88\/100|[from] Stealth Rock\n|-ability|p2a: Landorus|Intimidate|boost\n|-unboost|p1a: Blissey|atk|1\n|turn|33\n|\n|t:|1699942711\n|move|p2a: Landorus|Bulk Up|p2a: Landorus\n|-boost|p2a: Landorus|atk|1\n|-boost|p2a: Landorus|def|1\n|move|p1a: Blissey|Soft-Boiled|p1a: Blissey\n|-heal|p1a: Blissey|100\/100\n|\n|upkeep\n|turn|34\n|\n|t:|1699942717\n|move|p2a: Landorus|Bulk Up|p2a: Landorus\n|-boost|p2a: Landorus|atk|1\n|-boost|p2a: Landorus|def|1\n|move|p1a: Blissey|Seismic Toss|p2a: Landorus\n|-damage|p2a: Landorus|59\/100\n|\n|upkeep\n|turn|35\n|\n|t:|1699942723\n|move|p2a: Landorus|Bulk Up|p2a: Landorus\n|-boost|p2a: Landorus|atk|1\n|-boost|p2a: Landorus|def|1\n|move|p1a: Blissey|Seismic Toss|p2a: Landorus\n|-damage|p2a: Landorus|31\/100\n|\n|upkeep\n|turn|36\n|\n|t:|1699942730\n|move|p2a: Landorus|Stealth Rock|p1a: Blissey\n|-sidestart|p1: sociallydolo|move: Stealth Rock\n|move|p1a: Blissey|Seismic Toss|p2a: Landorus\n|-damage|p2a: Landorus|2\/100\n|\n|upkeep\n|turn|37\n|\n|t:|1699942737\n|move|p2a: Landorus|Earthquake|p1a: Blissey\n|-damage|p1a: Blissey|0 fnt\n|faint|p1a: Blissey\n|-damage|p2a: Landorus|0 fnt|[from] item: Life Orb\n|faint|p2a: Landorus\n|\n|upkeep\n|\n|t:|1699942744\n|switch|p2a: Samurott|Samurott-Hisui, F, shiny|100\/100\n|switch|p1a: Black Death|Kingambit, M|100\/100\n|-damage|p2a: Samurott|88\/100|[from] Stealth Rock\n|-activate|p1a: Black Death|move: Sticky Web\n|-unboost|p1a: Black Death|spe|1\n|-damage|p1a: Black Death|94\/100|[from] Stealth Rock\n|-activate|p1a: Black Death|ability: Supreme Overlord\n|-start|p1a: Black Death|fallen5|[silent]\n|turn|38\n|n|!gtassd|gtassd\n|\n|t:|1699942763\n|move|p2a: Samurott|Swords Dance|p2a: Samurott\n|-boost|p2a: Samurott|atk|2\n|move|p1a: Black Death|Swords Dance|p1a: Black Death\n|-boost|p1a: Black Death|atk|2\n|\n|upkeep\n|turn|39\n|\n|t:|1699942770\n|move|p2a: Samurott|Megahorn|p1a: Black Death|[miss]\n|-miss|p2a: Samurott|p1a: Black Death\n|move|p1a: Black Death|Iron Head|p2a: Samurott\n|-resisted|p2a: Samurott\n|-damage|p2a: Samurott|10\/100\n|-damage|p1a: Black Death|78\/100|[from] item: Rocky Helmet|[of] p2a: Samurott\n|\n|upkeep\n|turn|40\n|c|\u2606sociallydolo|oooooo\n|c|\u2606sociallydolo|that sucks\n|\n|t:|1699942781\n|move|p1a: Black Death|Sucker Punch|p2a: Samurott\n|-resisted|p2a: Samurott\n|-damage|p2a: Samurott|0 fnt\n|-damage|p1a: Black Death|61\/100|[from] item: Rocky Helmet|[of] p2a: Samurott\n|faint|p2a: Samurott\n|\n|upkeep\n|\n|t:|1699942787\n|switch|p2a: Garchomp|Garchomp, F|100\/100\n|-damage|p2a: Garchomp|94\/100|[from] Stealth Rock\n|turn|41\n|\n|t:|1699942801\n|move|p2a: Garchomp|Body Slam|p1a: Black Death\n|-resisted|p1a: Black Death\n|-damage|p1a: Black Death|50\/100\n|move|p1a: Black Death|Kowtow Cleave|p2a: Garchomp\n|-damage|p2a: Garchomp|0 fnt\n|-damage|p1a: Black Death|37\/100|[from] ability: Rough Skin|[of] p2a: Garchomp\n|faint|p2a: Garchomp\n|\n|win|sociallydolo\n|raw|sociallydolo's rating: 1205 &rarr; <strong>1223<\/strong><br \/>(+18 for winning)\n|raw|gtassd's rating: 1112 &rarr; <strong>1094<\/strong><br \/>(-18 for losing)\n","uploadtime":1699942753,"views":9,"p1id":"sociallydolo","p2id":"gtassd","formatid":"gen9anythinggoes","rating":1094,"private":0,"password":""}