{"id":"gen9anythinggoes-1971512933","p1":"MemeMimicks","p2":"iamanub22","format":"[Gen 9] Anything Goes","log":"|j|\u2606MemeMimicks\n|j|\u2606iamanub22\n|t:|1697744422\n|gametype|singles\n|player|p1|MemeMimicks|emmet|1222\n|player|p2|iamanub22|gambler|1164\n|teamsize|p1|6\n|teamsize|p2|6\n|gen|9\n|tier|[Gen 9] Anything Goes\n|rated|\n|rule|HP Percentage Mod: HP is shown in percentages\n|rule|Endless Battle Clause: Forcing endless battles is banned\n|clearpoke\n|poke|p1|Glimmora, M|\n|poke|p1|Cyclizar, M|\n|poke|p1|Landorus-Therian, M|\n|poke|p1|Fezandipiti, M|\n|poke|p1|Ursaluna-Bloodmoon, M|\n|poke|p1|Ogerpon-Wellspring, F|\n|poke|p2|Volcarona, F|\n|poke|p2|Gholdengo|\n|poke|p2|Garganacl, F|\n|poke|p2|Ting-Lu|\n|poke|p2|Amoonguss, M|\n|poke|p2|Cyclizar, F|\n|teampreview\n|\n|t:|1697744438\n|start\n|switch|p1a: Glimmora|Glimmora, M|100\/100\n|switch|p2a: Ting my lu?|Ting-Lu|100\/100\n|-ability|p2a: Ting my lu?|Vessel of Ruin\n|turn|1\n|\n|t:|1697744462\n|move|p1a: Glimmora|Stealth Rock|p2a: Ting my lu?\n|-sidestart|p2: iamanub22|move: Stealth Rock\n|move|p2a: Ting my lu?|Earthquake|p1a: Glimmora\n|-supereffective|p1a: Glimmora\n|-enditem|p1a: Glimmora|Focus Sash\n|-damage|p1a: Glimmora|1\/100\n|-activate|p1a: Glimmora|ability: Toxic Debris\n|-sidestart|p2: iamanub22|move: Toxic Spikes\n|\n|upkeep\n|turn|2\n|\n|t:|1697744470\n|move|p1a: Glimmora|Mortal Spin|p2a: Ting my lu?\n|-resisted|p2a: Ting my lu?\n|-damage|p2a: Ting my lu?|98\/100\n|-status|p2a: Ting my lu?|psn\n|move|p2a: Ting my lu?|Earthquake|p1a: Glimmora\n|-supereffective|p1a: Glimmora\n|-crit|p1a: Glimmora\n|-damage|p1a: Glimmora|0 fnt\n|-activate|p1a: Glimmora|ability: Toxic Debris\n|-sidestart|p2: iamanub22|move: Toxic Spikes\n|faint|p1a: Glimmora\n|\n|-heal|p2a: Ting my lu?|100\/100 psn|[from] item: Leftovers\n|-damage|p2a: Ting my lu?|88\/100 psn|[from] psn\n|upkeep\n|c|\u2606iamanub22|glimmora is actually so op\n|c|\u2606MemeMimicks|Not really\n|c|\u2606iamanub22|if u play that well, yeah\n|\n|t:|1697744515\n|switch|p1a: Landorus|Landorus-Therian, M|100\/100\n|-ability|p1a: Landorus|Intimidate|boost\n|-unboost|p2a: Ting my lu?|atk|1\n|turn|3\n|\n|t:|1697744569\n|move|p1a: Landorus|U-turn|p2a: Ting my lu?\n|-supereffective|p2a: Ting my lu?\n|-damage|p2a: Ting my lu?|61\/100 psn\n|c|\u2606MemeMimicks|I wanted to test something with Fezandipiti\n|\n|t:|1697744584\n|switch|p1a: Fezandipiti|Fezandipiti, M|100\/100|[from] U-turn\n|move|p2a: Ting my lu?|Ruination|p1a: Fezandipiti\n|-damage|p1a: Fezandipiti|51\/100\n|\n|-heal|p2a: Ting my lu?|67\/100 psn|[from] item: Leftovers\n|-damage|p2a: Ting my lu?|55\/100 psn|[from] psn\n|upkeep\n|turn|4\n|c|\u2606iamanub22|alr sure\n|\n|t:|1697744603\n|move|p1a: Fezandipiti|Roost|p1a: Fezandipiti\n|-heal|p1a: Fezandipiti|100\/100\n|-singleturn|p1a: Fezandipiti|move: Roost\n|move|p2a: Ting my lu?|Spikes|p1a: Fezandipiti\n|-sidestart|p1: MemeMimicks|Spikes\n|\n|-heal|p2a: Ting my lu?|61\/100 psn|[from] item: Leftovers\n|-damage|p2a: Ting my lu?|48\/100 psn|[from] psn\n|upkeep\n|turn|5\n|c|\u2606MemeMimicks|Ruination is actually a good move on Ting-Lu\n|\n|t:|1697744616\n|move|p1a: Fezandipiti|Beat Up|p2a: Ting my lu?\n|-resisted|p2a: Ting my lu?\n|-damage|p2a: Ting my lu?|47\/100 psn\n|-resisted|p2a: Ting my lu?\n|-damage|p2a: Ting my lu?|46\/100 psn\n|-resisted|p2a: Ting my lu?\n|-damage|p2a: Ting my lu?|44\/100 psn\n|-resisted|p2a: Ting my lu?\n|-damage|p2a: Ting my lu?|43\/100 psn\n|-resisted|p2a: Ting my lu?\n|-damage|p2a: Ting my lu?|42\/100 psn\n|-hitcount|p2a: Ting my lu?|5\n|move|p2a: Ting my lu?|Earthquake|p1a: Fezandipiti\n|-supereffective|p1a: Fezandipiti\n|-damage|p1a: Fezandipiti|40\/100\n|\n|-heal|p2a: Ting my lu?|48\/100 psn|[from] item: Leftovers\n|-damage|p2a: Ting my lu?|36\/100 psn|[from] psn\n|upkeep\n|turn|6\n|c|\u2606iamanub22|yeah\n|c|\u2606iamanub22|WHAT\n|c|\u2606iamanub22|dang thats cool\n|\n|t:|1697744639\n|move|p1a: Fezandipiti|Roost|p1a: Fezandipiti\n|-heal|p1a: Fezandipiti|90\/100\n|-singleturn|p1a: Fezandipiti|move: Roost\n|move|p2a: Ting my lu?|Earthquake|p1a: Fezandipiti\n|-supereffective|p1a: Fezandipiti\n|-damage|p1a: Fezandipiti|27\/100\n|\n|-heal|p2a: Ting my lu?|42\/100 psn|[from] item: Leftovers\n|-damage|p2a: Ting my lu?|30\/100 psn|[from] psn\n|upkeep\n|turn|7\n|\n|t:|1697744650\n|move|p1a: Fezandipiti|Tail Slap|p2a: Ting my lu?\n|-damage|p2a: Ting my lu?|26\/100 psn\n|-damage|p2a: Ting my lu?|22\/100 psn\n|-damage|p2a: Ting my lu?|17\/100 psn\n|-damage|p2a: Ting my lu?|13\/100 psn\n|-hitcount|p2a: Ting my lu?|4\n|move|p2a: Ting my lu?|Earthquake|p1a: Fezandipiti\n|-supereffective|p1a: Fezandipiti\n|-damage|p1a: Fezandipiti|0 fnt\n|faint|p1a: Fezandipiti\n|\n|-heal|p2a: Ting my lu?|20\/100 psn|[from] item: Leftovers\n|-damage|p2a: Ting my lu?|7\/100 psn|[from] psn\n|upkeep\n|c|\u2606iamanub22|alr fair trade\n|\n|t:|1697744666\n|switch|p1a: Cyclizar|Cyclizar, M|100\/100\n|-damage|p1a: Cyclizar|88\/100|[from] Spikes\n|turn|8\n|\n|t:|1697744693\n|move|p1a: Cyclizar|Rapid Spin|p2a: Ting my lu?\n|-damage|p2a: Ting my lu?|0 fnt\n|-boost|p1a: Cyclizar|spe|1\n|-sideend|p1: MemeMimicks|Spikes|[from] move: Rapid Spin|[of] p1a: Cyclizar\n|faint|p2a: Ting my lu?\n|\n|upkeep\n|\n|t:|1697744705\n|switch|p2a: sugar rock|Garganacl, F|100\/100\n|-damage|p2a: sugar rock|88\/100|[from] Stealth Rock\n|turn|9\n|\n|t:|1697744732\n|switch|p1a: Landorus|Landorus-Therian, M|100\/100\n|-ability|p1a: Landorus|Intimidate|boost\n|-unboost|p2a: sugar rock|atk|1\n|move|p2a: sugar rock|Stealth Rock|p1a: Landorus\n|-sidestart|p1: MemeMimicks|move: Stealth Rock\n|\n|-heal|p2a: sugar rock|94\/100|[from] item: Leftovers\n|upkeep\n|turn|10\n|\n|t:|1697744751\n|move|p1a: Landorus|Sandsear Storm|p2a: sugar rock\n|-supereffective|p2a: sugar rock\n|-damage|p2a: sugar rock|36\/100\n|move|p2a: sugar rock|Curse|p2a: sugar rock\n|-unboost|p2a: sugar rock|spe|1\n|-boost|p2a: sugar rock|atk|1\n|-boost|p2a: sugar rock|def|1\n|\n|-heal|p2a: sugar rock|43\/100|[from] item: Leftovers\n|upkeep\n|turn|11\n|\n|t:|1697744760\n|move|p1a: Landorus|Sandsear Storm|p2a: sugar rock\n|-supereffective|p2a: sugar rock\n|-damage|p2a: sugar rock|0 fnt\n|faint|p2a: sugar rock\n|\n|upkeep\n|c|\u2606MemeMimicks|no salt cure?\n|\n|t:|1697744774\n|switch|p2a: FIRE|Volcarona, F|100\/100\n|turn|12\n|c|\u2606iamanub22|yeah\n|c|\u2606iamanub22|first time using this team\n|c|\u2606iamanub22|my friend sent me it\n|c|\u2606MemeMimicks|oh I just made this team\n|\n|t:|1697744819\n|-terastallize|p2a: FIRE|Ground\n|move|p1a: Landorus|Rock Tomb|p2a: FIRE\n|-resisted|p2a: FIRE\n|-damage|p2a: FIRE|91\/100\n|-unboost|p2a: FIRE|spe|1\n|move|p2a: FIRE|Tera Blast|p1a: Landorus|[anim] Tera Blast Ground\n|-immune|p1a: Landorus\n|\n|upkeep\n|turn|13\n|c|\u2606MemeMimicks|I wanted to test Fezandipiti\n|\n|t:|1697744839\n|switch|p1a: Ogerpon|Ogerpon-Wellspring, F|100\/100\n|-damage|p1a: Ogerpon|88\/100|[from] Stealth Rock\n|move|p2a: FIRE|Fiery Dance|p1a: Ogerpon\n|-damage|p1a: Ogerpon|48\/100\n|\n|upkeep\n|turn|14\n|c|\u2606iamanub22|Ogerpon-Wellspring\n|c|\u2606iamanub22|funni mod\n|c|\u2606iamanub22|name\n|\n|t:|1697744878\n|-terastallize|p1a: Ogerpon|Water\n|detailschange|p1a: Ogerpon|Ogerpon-Wellspring-Tera, F, tera:Water\n|-ability|p1a: Ogerpon|Embody Aspect (Wellspring)|boost\n|-boost|p1a: Ogerpon|spd|1\n|move|p1a: Ogerpon|Trailblaze|p2a: FIRE\n|-supereffective|p2a: FIRE\n|-damage|p2a: FIRE|38\/100\n|-boost|p1a: Ogerpon|spe|1\n|move|p2a: FIRE|Tera Blast|p1a: Ogerpon|[anim] Tera Blast Ground\n|-damage|p1a: Ogerpon|22\/100\n|\n|upkeep\n|turn|15\n|c|\u2606MemeMimicks|Yep\n|\n|t:|1697744890\n|move|p1a: Ogerpon|Horn Leech|p2a: FIRE\n|-supereffective|p2a: FIRE\n|-damage|p2a: FIRE|0 fnt\n|-heal|p1a: Ogerpon|45\/100|[from] drain|[of] p2a: FIRE\n|faint|p2a: FIRE\n|\n|upkeep\n|\n|t:|1697744899\n|switch|p2a: Amoonguss|Amoonguss, M|100\/100\n|-damage|p2a: Amoonguss|88\/100|[from] Stealth Rock\n|-sideend|p2: iamanub22|move: Toxic Spikes|[of] p2a: Amoonguss\n|turn|16\n|c|\u2606MemeMimicks|Special Defense came in clutch\n|\n|t:|1697744913\n|move|p1a: Ogerpon|Ivy Cudgel|p2a: Amoonguss\n|-resisted|p2a: Amoonguss\n|-damage|p2a: Amoonguss|60\/100\n|move|p2a: Amoonguss|Sludge Bomb|p1a: Ogerpon\n|-damage|p1a: Ogerpon|22\/100\n|-status|p1a: Ogerpon|psn\n|\n|-damage|p1a: Ogerpon|10\/100 psn|[from] psn\n|upkeep\n|turn|17\n|c|\u2606iamanub22|it is\n|\n|t:|1697744927\n|move|p1a: Ogerpon|Ivy Cudgel|p2a: Amoonguss\n|-resisted|p2a: Amoonguss\n|-damage|p2a: Amoonguss|30\/100\n|move|p2a: Amoonguss|Foul Play|p1a: Ogerpon\n|-damage|p1a: Ogerpon|0 fnt\n|faint|p1a: Ogerpon\n|\n|upkeep\n|\n|t:|1697744937\n|switch|p1a: Landorus|Landorus-Therian, M|100\/100\n|-damage|p1a: Landorus|88\/100|[from] Stealth Rock\n|-ability|p1a: Landorus|Intimidate|boost\n|-unboost|p2a: Amoonguss|atk|1\n|turn|18\n|\n|t:|1697744955\n|move|p1a: Landorus|Sandsear Storm|p2a: Amoonguss\n|-damage|p2a: Amoonguss|0 fnt\n|faint|p2a: Amoonguss\n|\n|upkeep\n|\n|t:|1697744966\n|switch|p2a: Gold|Gholdengo|100\/100\n|-damage|p2a: Gold|94\/100|[from] Stealth Rock\n|turn|19\n|\n|t:|1697744983\n|move|p2a: Gold|Make It Rain|p1a: Landorus\n|-damage|p1a: Landorus|22\/100\n|-unboost|p2a: Gold|spa|1\n|move|p1a: Landorus|Sandsear Storm|p2a: Gold\n|-supereffective|p2a: Gold\n|-damage|p2a: Gold|11\/100\n|-status|p2a: Gold|brn\n|\n|-damage|p2a: Gold|5\/100 brn|[from] brn\n|upkeep\n|turn|20\n|c|\u2606iamanub22|SHOOT\n|\n|t:|1697744999\n|move|p2a: Gold|Make It Rain|p1a: Landorus\n|-damage|p1a: Landorus|0 fnt\n|-unboost|p2a: Gold|spa|1\n|faint|p1a: Landorus\n|\n|-damage|p2a: Gold|0 fnt|[from] brn\n|faint|p2a: Gold\n|upkeep\n|c|\u2606MemeMimicks|No way\n|\n|t:|1697745010\n|switch|p1a: Cyclizar|Cyclizar, M|100\/100\n|switch|p2a: Tornadus-C|Cyclizar, F|100\/100\n|-damage|p1a: Cyclizar|88\/100|[from] Stealth Rock\n|turn|21\n|c|\u2606iamanub22|ditto\n|\n|t:|1697745050\n|move|p1a: Cyclizar|Shed Tail|p1a: Cyclizar\n|-start|p1a: Cyclizar|Substitute|[from] move: Shed Tail\n|-damage|p1a: Cyclizar|38\/100\n|\n|t:|1697745053\n|switch|p1a: Ursaluna|Ursaluna-Bloodmoon, M|100\/100|[from] Shed Tail\n|move|p2a: Tornadus-C|Knock Off|p1a: Ursaluna\n|-activate|p1a: Ursaluna|move: Substitute|[damage]\n|\n|upkeep\n|turn|22\n|c|\u2606iamanub22|Shed tail??\n|c|\u2606MemeMimicks|yep\n|c|\u2606iamanub22|whats that do\n|\n|t:|1697745072\n|move|p2a: Tornadus-C|U-turn|p1a: Ursaluna\n|-end|p1a: Ursaluna|Substitute\n|move|p1a: Ursaluna|Calm Mind|p1a: Ursaluna\n|-boost|p1a: Ursaluna|spa|1\n|-boost|p1a: Ursaluna|spd|1\n|\n|upkeep\n|turn|23\n|c|\u2606MemeMimicks|It basically passes a Substitute to a mon for free\n|\n|t:|1697745097\n|move|p2a: Tornadus-C|Knock Off|p1a: Ursaluna\n|-damage|p1a: Ursaluna|87\/100\n|-enditem|p1a: Ursaluna|Heavy-Duty Boots|[from] move: Knock Off|[of] p2a: Tornadus-C\n|move|p1a: Ursaluna|Blood Moon|p2a: Tornadus-C\n|-damage|p2a: Tornadus-C|0 fnt\n|faint|p2a: Tornadus-C\n|\n|win|MemeMimicks\n|raw|MemeMimicks's rating: 1222 &rarr; <strong>1243<\/strong><br \/>(+21 for winning)\n|raw|iamanub22's rating: 1164 &rarr; <strong>1143<\/strong><br \/>(-21 for losing)\n|c|\u2606iamanub22|thats op\n|c|\u2606iamanub22|i need that\n|c|\u2606iamanub22|gg\n|c|\u2606MemeMimicks|It is\n|c|\u2606MemeMimicks|gg\n","uploadtime":1697745134,"views":7,"p1id":"mememimicks","p2id":"iamanub22","formatid":"gen9anythinggoes","rating":1143,"private":0,"password":""}