{"id":"gen9anythinggoes-1973922059","p1":"Mommy Kamina","p2":"DexEntries","format":"[Gen 9] Anything Goes","log":"|j|\u2606Mommy Kamina\n|j|\u2606DexEntries\n|t:|1698028429\n|gametype|singles\n|player|p1|Mommy Kamina|bellelba|1194\n|player|p2|DexEntries|steven|1267\n|teamsize|p1|6\n|teamsize|p2|6\n|gen|9\n|tier|[Gen 9] Anything Goes\n|rated|\n|rule|HP Percentage Mod: HP is shown in percentages\n|rule|Endless Battle Clause: Forcing endless battles is banned\n|clearpoke\n|poke|p1|Dragonite, M|\n|poke|p1|Kingambit, M|\n|poke|p1|Garchomp, M|\n|poke|p1|Chi-Yu|\n|poke|p1|Espathra, F|\n|poke|p1|Gholdengo|\n|poke|p2|Quaquaval, F|\n|poke|p2|Meowscarada, F|\n|poke|p2|Clodsire, F|\n|poke|p2|Baxcalibur, M|\n|poke|p2|Annihilape, F|\n|poke|p2|Espathra, F|\n|teampreview\n|\n|t:|1698028450\n|start\n|switch|p1a: Ala|Garchomp, M|100\/100\n|switch|p2a: Quaquaval|Quaquaval, F|100\/100\n|turn|1\n|\n|t:|1698028466\n|move|p2a: Quaquaval|Aqua Step|p1a: Ala\n|-damage|p1a: Ala|59\/100\n|-boost|p2a: Quaquaval|spe|1\n|-damage|p2a: Quaquaval|88\/100|[from] ability: Rough Skin|[of] p1a: Ala\n|-damage|p2a: Quaquaval|72\/100|[from] item: Rocky Helmet|[of] p1a: Ala\n|move|p1a: Ala|Dragon Tail|p2a: Quaquaval\n|-damage|p2a: Quaquaval|35\/100\n|drag|p2a: Annihilape|Annihilape, F|100\/100\n|\n|upkeep\n|turn|2\n|\n|t:|1698028498\n|move|p1a: Ala|Stealth Rock|p2a: Annihilape\n|-sidestart|p2: DexEntries|move: Stealth Rock\n|move|p2a: Annihilape|Drain Punch|p1a: Ala\n|-damage|p1a: Ala|28\/100\n|-damage|p2a: Annihilape|88\/100|[from] ability: Rough Skin|[of] p1a: Ala\n|-damage|p2a: Annihilape|71\/100|[from] item: Rocky Helmet|[of] p1a: Ala\n|\n|upkeep\n|turn|3\n|\n|t:|1698028507\n|move|p2a: Annihilape|Drain Punch|p1a: Ala\n|-damage|p1a: Ala|0 fnt\n|-heal|p2a: Annihilape|87\/100|[from] drain|[of] p1a: Ala\n|-damage|p2a: Annihilape|75\/100|[from] ability: Rough Skin|[of] p1a: Ala\n|-damage|p2a: Annihilape|58\/100|[from] item: Rocky Helmet|[of] p1a: Ala\n|faint|p1a: Ala\n|\n|upkeep\n|\n|t:|1698028521\n|switch|p1a: Pure gold bro|Gholdengo|100\/100\n|-item|p1a: Pure gold bro|Air Balloon\n|turn|4\n|\n|t:|1698028562\n|move|p2a: Annihilape|Rage Fist|p1a: Pure gold bro\n|-supereffective|p1a: Pure gold bro\n|-damage|p1a: Pure gold bro|48\/100\n|-enditem|p1a: Pure gold bro|Air Balloon\n|move|p1a: Pure gold bro|Shadow Ball|p2a: Annihilape\n|-supereffective|p2a: Annihilape\n|-damage|p2a: Annihilape|0 fnt\n|faint|p2a: Annihilape\n|\n|upkeep\n|\n|t:|1698028569\n|switch|p2a: Meowscarada|Meowscarada, F|100\/100\n|-damage|p2a: Meowscarada|88\/100|[from] Stealth Rock\n|turn|5\n|\n|t:|1698028577\n|move|p2a: Meowscarada|Sucker Punch|p1a: Pure gold bro\n|-supereffective|p1a: Pure gold bro\n|-crit|p1a: Pure gold bro\n|-damage|p1a: Pure gold bro|0 fnt\n|faint|p1a: Pure gold bro\n|\n|-heal|p2a: Meowscarada|94\/100|[from] item: Leftovers\n|upkeep\n|\n|t:|1698028585\n|switch|p1a: Nemo|Chi-Yu|100\/100\n|-ability|p1a: Nemo|Beads of Ruin\n|turn|6\n|\n|t:|1698028605\n|switch|p2a: Clodsire|Clodsire, F|100\/100\n|-damage|p2a: Clodsire|94\/100|[from] Stealth Rock\n|move|p1a: Nemo|Flamethrower|p2a: Clodsire\n|-damage|p2a: Clodsire|58\/100\n|\n|-heal|p2a: Clodsire|64\/100|[from] item: Leftovers\n|upkeep\n|turn|7\n|\n|t:|1698028616\n|switch|p1a: Marquinhos|Espathra, F|100\/100\n|move|p2a: Clodsire|Toxic|p1a: Marquinhos\n|-status|p1a: Marquinhos|tox\n|\n|-heal|p2a: Clodsire|70\/100|[from] item: Leftovers\n|-damage|p1a: Marquinhos|94\/100 tox|[from] psn\n|upkeep\n|turn|8\n|\n|t:|1698028657\n|switch|p2a: Meowscarada|Meowscarada, F|94\/100\n|-damage|p2a: Meowscarada|82\/100|[from] Stealth Rock\n|move|p1a: Marquinhos|Calm Mind|p1a: Marquinhos\n|-boost|p1a: Marquinhos|spa|1\n|-boost|p1a: Marquinhos|spd|1\n|\n|-heal|p2a: Meowscarada|88\/100|[from] item: Leftovers\n|-damage|p1a: Marquinhos|82\/100 tox|[from] psn\n|-ability|p1a: Marquinhos|Speed Boost|boost\n|-boost|p1a: Marquinhos|spe|1\n|upkeep\n|turn|9\n|\n|t:|1698028670\n|move|p2a: Meowscarada|Sucker Punch|p1a: Marquinhos\n|-supereffective|p1a: Marquinhos\n|-damage|p1a: Marquinhos|21\/100 tox\n|move|p1a: Marquinhos|Dazzling Gleam|p2a: Meowscarada\n|-supereffective|p2a: Meowscarada\n|-damage|p2a: Meowscarada|0 fnt\n|faint|p2a: Meowscarada\n|\n|-damage|p1a: Marquinhos|3\/100 tox|[from] psn\n|-ability|p1a: Marquinhos|Speed Boost|boost\n|-boost|p1a: Marquinhos|spe|1\n|upkeep\n|\n|t:|1698028696\n|switch|p2a: Clodsire|Clodsire, F|70\/100\n|-damage|p2a: Clodsire|64\/100|[from] Stealth Rock\n|turn|10\n|\n|t:|1698028740\n|move|p1a: Marquinhos|Stored Power|p2a: Clodsire\n|-supereffective|p2a: Clodsire\n|-damage|p2a: Clodsire|29\/100\n|move|p2a: Clodsire|Earthquake|p1a: Marquinhos\n|-damage|p1a: Marquinhos|0 fnt\n|faint|p1a: Marquinhos\n|\n|-heal|p2a: Clodsire|35\/100|[from] item: Leftovers\n|upkeep\n|\n|t:|1698028751\n|switch|p1a: F|Kingambit, M|100\/100\n|turn|11\n|\n|t:|1698028758\n|move|p1a: F|Sucker Punch|p2a: Clodsire\n|-damage|p2a: Clodsire|0 fnt\n|faint|p2a: Clodsire\n|\n|upkeep\n|\n|t:|1698028762\n|switch|p2a: Quaquaval|Quaquaval, F|35\/100\n|-damage|p2a: Quaquaval|29\/100|[from] Stealth Rock\n|turn|12\n|\n|t:|1698028767\n|move|p1a: F|Sucker Punch|p2a: Quaquaval\n|-resisted|p2a: Quaquaval\n|-damage|p2a: Quaquaval|0 fnt\n|faint|p2a: Quaquaval\n|\n|upkeep\n|\n|t:|1698028772\n|switch|p2a: Baxcalibur|Baxcalibur, M|100\/100\n|turn|13\n|\n|t:|1698028782\n|move|p2a: Baxcalibur|Dragon Dance|p2a: Baxcalibur\n|-boost|p2a: Baxcalibur|atk|1\n|-boost|p2a: Baxcalibur|spe|1\n|move|p1a: F|Iron Head|p2a: Baxcalibur\n|-supereffective|p2a: Baxcalibur\n|-damage|p2a: Baxcalibur|7\/100\n|\n|upkeep\n|turn|14\n|\n|t:|1698028794\n|move|p1a: F|Sucker Punch|p2a: Baxcalibur\n|-damage|p2a: Baxcalibur|0 fnt\n|faint|p2a: Baxcalibur\n|\n|upkeep\n|\n|t:|1698028797\n|switch|p2a: Espathra|Espathra, F|100\/100\n|-damage|p2a: Espathra|88\/100|[from] Stealth Rock\n|turn|15\n|n|!DexEntries|dexentries\n|\n|t:|1698028806\n|move|p2a: Espathra|Dazzling Gleam|p1a: F\n|-damage|p1a: F|75\/100\n|move|p1a: F|Kowtow Cleave|p2a: Espathra\n|-supereffective|p2a: Espathra\n|-damage|p2a: Espathra|0 fnt\n|faint|p2a: Espathra\n|\n|win|Mommy Kamina\n|raw|Mommy Kamina's rating: 1194 &rarr; <strong>1224<\/strong><br \/>(+30 for winning)\n|raw|DexEntries's rating: 1267 &rarr; <strong>1237<\/strong><br \/>(-30 for losing)\n","uploadtime":1698028805,"views":12,"p1id":"mommykamina","p2id":"dexentries","formatid":"gen9anythinggoes","rating":1224,"private":0,"password":""}