{"id":"gen9anythinggoes-1988811432","p1":"therealrealrat","p2":"Zersturer23","format":"[Gen 9] Anything Goes","log":"|j|\u2606therealrealrat\n|j|\u2606Zersturer23\n|t:|1699766640\n|gametype|singles\n|player|p1|therealrealrat|chuck|1148\n|player|p2|Zersturer23|2|1078\n|teamsize|p1|6\n|teamsize|p2|6\n|gen|9\n|tier|[Gen 9] Anything Goes\n|rated|\n|rule|HP Percentage Mod: HP is shown in percentages\n|rule|Endless Battle Clause: Forcing endless battles is banned\n|clearpoke\n|poke|p1|Basculegion-F, F|\n|poke|p1|Gliscor, F|\n|poke|p1|Scovillain, F|\n|poke|p1|Sunkern, L1, F|\n|poke|p1|Maushold-Four|\n|poke|p1|Polteageist-Antique|\n|poke|p2|Annihilape, F|\n|poke|p2|Annihilape, M|\n|poke|p2|Annihilape, M|\n|poke|p2|Annihilape, M|\n|poke|p2|Dragapult, F|\n|poke|p2|Rayquaza|\n|teampreview\n|\n|t:|1699766662\n|start\n|switch|p1a: Gliscor|Gliscor, F|100\/100\n|switch|p2a: Annihilape|Annihilape, F|100\/100\n|turn|1\n|\n|t:|1699766665\n|move|p1a: Gliscor|Protect|p1a: Gliscor\n|-singleturn|p1a: Gliscor|Protect\n|move|p2a: Annihilape|Final Gambit|p1a: Gliscor\n|-activate|p1a: Gliscor|move: Protect\n|\n|-status|p1a: Gliscor|tox|[from] item: Toxic Orb\n|upkeep\n|turn|2\n|\n|t:|1699766673\n|move|p2a: Annihilape|Final Gambit|p1a: Gliscor\n|-damage|p1a: Gliscor|0 fnt\n|faint|p2a: Annihilape\n|faint|p1a: Gliscor\n|\n|upkeep\n|\n|t:|1699766693\n|switch|p2a: Annihilape|Annihilape, M|100\/100\n|switch|p1a: TEA|Polteageist-Antique|100\/100\n|turn|3\n|\n|t:|1699766697\n|move|p2a: Annihilape|Shadow Claw|p1a: TEA\n|-supereffective|p1a: TEA\n|-crit|p1a: TEA\n|-damage|p1a: TEA|0 fnt\n|faint|p1a: TEA\n|\n|upkeep\n|\n|t:|1699766712\n|switch|p1a: my mantel health|Scovillain, F, shiny|100\/100\n|turn|4\n|\n|t:|1699766716\n|move|p2a: Annihilape|Shadow Claw|p1a: my mantel health\n|-damage|p1a: my mantel health|61\/100\n|move|p1a: my mantel health|Leech Seed|p2a: Annihilape\n|-start|p2a: Annihilape|move: Leech Seed\n|\n|-heal|p1a: my mantel health|67\/100|[from] item: Leftovers\n|-damage|p2a: Annihilape|88\/100|[from] Leech Seed|[of] p1a: my mantel health\n|-heal|p1a: my mantel health|85\/100|[silent]\n|-ability|p1a: my mantel health|Moody|boost\n|-boost|p1a: my mantel health|atk|2\n|-unboost|p1a: my mantel health|spa|1\n|upkeep\n|turn|5\n|\n|t:|1699766740\n|move|p1a: my mantel health|Protect|p1a: my mantel health\n|-singleturn|p1a: my mantel health|Protect\n|move|p2a: Annihilape|Shadow Claw|p1a: my mantel health\n|-activate|p1a: my mantel health|move: Protect\n|\n|-heal|p1a: my mantel health|91\/100|[from] item: Leftovers\n|-damage|p2a: Annihilape|75\/100|[from] Leech Seed|[of] p1a: my mantel health\n|-heal|p1a: my mantel health|100\/100|[silent]\n|-ability|p1a: my mantel health|Moody|boost\n|-boost|p1a: my mantel health|spa|2\n|-unboost|p1a: my mantel health|spd|1\n|upkeep\n|turn|6\n|\n|t:|1699766755\n|switch|p2a: Dragapult|Dragapult, F|100\/100\n|move|p1a: my mantel health|Substitute|p1a: my mantel health\n|-start|p1a: my mantel health|Substitute\n|-damage|p1a: my mantel health|76\/100\n|\n|-heal|p1a: my mantel health|82\/100|[from] item: Leftovers\n|-ability|p1a: my mantel health|Moody|boost\n|-boost|p1a: my mantel health|def|2\n|-unboost|p1a: my mantel health|spd|1\n|upkeep\n|turn|7\n|\n|t:|1699766768\n|move|p1a: my mantel health|Protect|p1a: my mantel health\n|-singleturn|p1a: my mantel health|Protect\n|move|p2a: Dragapult|Hydro Pump|p1a: my mantel health\n|-activate|p1a: my mantel health|move: Protect\n|\n|-heal|p1a: my mantel health|88\/100|[from] item: Leftovers\n|-ability|p1a: my mantel health|Moody|boost\n|-boost|p1a: my mantel health|atk|2\n|-unboost|p1a: my mantel health|spa|1\n|upkeep\n|turn|8\n|\n|t:|1699766782\n|move|p2a: Dragapult|Hydro Pump|p1a: my mantel health\n|-damage|p1a: my mantel health|0 fnt\n|faint|p1a: my mantel health\n|\n|upkeep\n|\n|t:|1699766789\n|switch|p1a: Sunkern|Sunkern, L1, F|100\/100\n|turn|9\n|\n|t:|1699766795\n|switch|p2a: Annihilape|Annihilape, M|75\/100\n|move|p1a: Sunkern|Leech Seed|p2a: Annihilape\n|-start|p2a: Annihilape|move: Leech Seed\n|\n|-damage|p2a: Annihilape|63\/100|[from] Leech Seed|[of] p1a: Sunkern\n|upkeep\n|turn|10\n|\n|t:|1699766802\n|move|p2a: Annihilape|U-turn|p1a: Sunkern\n|-supereffective|p1a: Sunkern\n|-enditem|p1a: Sunkern|Focus Sash\n|-damage|p1a: Sunkern|10\/100\n|\n|t:|1699766808\n|switch|p2a: Annihilape|Annihilape, M|100\/100|[from] U-turn\n|move|p1a: Sunkern|Encore||[still]\n|-fail|p1a: Sunkern\n|\n|upkeep\n|turn|11\n|\n|t:|1699766816\n|move|p1a: Sunkern|Protect|p1a: Sunkern\n|-singleturn|p1a: Sunkern|Protect\n|move|p2a: Annihilape|U-turn|p1a: Sunkern\n|-activate|p1a: Sunkern|move: Protect\n|\n|upkeep\n|turn|12\n|\n|t:|1699766820\n|move|p2a: Annihilape|U-turn|p1a: Sunkern\n|-supereffective|p1a: Sunkern\n|-damage|p1a: Sunkern|0 fnt\n|faint|p1a: Sunkern\n|\n|t:|1699766828\n|switch|p2a: Dragapult|Dragapult, F|100\/100|[from] U-turn\n|\n|upkeep\n|\n|t:|1699766872\n|switch|p1a: Basculegion|Basculegion-F, F|100\/100\n|turn|13\n|\n|t:|1699766887\n|move|p2a: Dragapult|Night Shade|p1a: Basculegion\n|-damage|p1a: Basculegion|74\/100\n|move|p1a: Basculegion|Last Respects|p2a: Dragapult\n|-supereffective|p2a: Dragapult\n|-damage|p2a: Dragapult|0 fnt\n|faint|p2a: Dragapult\n|\n|upkeep\n|\n|t:|1699766915\n|switch|p2a: Annihilape|Annihilape, M|63\/100\n|turn|14\n|\n|t:|1699766947\n|move|p2a: Annihilape|Shadow Claw|p1a: Basculegion\n|-supereffective|p1a: Basculegion\n|-damage|p1a: Basculegion|4\/100\n|move|p1a: Basculegion|Last Respects|p2a: Annihilape\n|-supereffective|p2a: Annihilape\n|-damage|p2a: Annihilape|0 fnt\n|faint|p2a: Annihilape\n|\n|upkeep\n|\n|t:|1699766959\n|switch|p2a: Annihilape|Annihilape, M|100\/100\n|turn|15\n|\n|t:|1699766963\n|move|p2a: Annihilape|Shadow Claw|p1a: Basculegion\n|-supereffective|p1a: Basculegion\n|-damage|p1a: Basculegion|0 fnt\n|faint|p1a: Basculegion\n|\n|upkeep\n|\n|t:|1699766967\n|switch|p1a: RAT|Maushold-Four|100\/100\n|turn|16\n|\n|t:|1699766974\n|move|p2a: Annihilape|Shadow Claw|p1a: RAT\n|-immune|p1a: RAT\n|move|p1a: RAT|Tidy Up|p1a: RAT\n|-boost|p1a: RAT|atk|1\n|-boost|p1a: RAT|spe|1\n|\n|upkeep\n|turn|17\n|\n|t:|1699766978\n|switch|p2a: Annihilape|Annihilape, M|100\/100\n|move|p1a: RAT|Tidy Up|p1a: RAT\n|-boost|p1a: RAT|atk|1\n|-boost|p1a: RAT|spe|1\n|\n|upkeep\n|turn|18\n|\n|t:|1699766987\n|move|p1a: RAT|Crunch|p2a: Annihilape\n|-damage|p2a: Annihilape|62\/100\n|move|p2a: Annihilape|Final Gambit|p1a: RAT\n|-damage|p1a: RAT|17\/100\n|faint|p2a: Annihilape\n|\n|upkeep\n|\n|t:|1699766990\n|switch|p2a: Annihilape|Annihilape, M|100\/100\n|turn|19\n|\n|t:|1699766996\n|move|p1a: RAT|Crunch|p2a: Annihilape\n|-damage|p2a: Annihilape|65\/100\n|move|p2a: Annihilape|Final Gambit|p1a: RAT\n|-damage|p1a: RAT|0 fnt\n|faint|p2a: Annihilape\n|faint|p1a: RAT\n|\n|win|Zersturer23\n|raw|therealrealrat's rating: 1148 &rarr; <strong>1118<\/strong><br \/>(-30 for losing)\n|raw|Zersturer23's rating: 1078 &rarr; <strong>1112<\/strong><br \/>(+34 for winning)\n","uploadtime":1699767001,"views":8,"p1id":"therealrealrat","p2id":"zersturer23","formatid":"gen9anythinggoes","rating":1112,"private":0,"password":""}