{"id":"gen9anythinggoes-1988602289","p1":"tienlay","p2":"dominus domini","format":"[Gen 9] Anything Goes","log":"|j|\u2606tienlay\n|j|\u2606dominus domini\n|t:|1699740790\n|gametype|singles\n|player|p1|tienlay|nessa-masters|1339\n|player|p2|dominus domini|ghetsis|1302\n|teamsize|p1|6\n|teamsize|p2|6\n|gen|9\n|tier|[Gen 9] Anything Goes\n|rated|\n|rule|HP Percentage Mod: HP is shown in percentages\n|rule|Endless Battle Clause: Forcing endless battles is banned\n|clearpoke\n|poke|p1|Calyrex-Shadow|\n|poke|p1|Arceus|\n|poke|p1|Zacian-*|\n|poke|p1|Clodsire, M|\n|poke|p1|Chansey, F|\n|poke|p1|Gliscor, F|\n|poke|p2|Arceus|\n|poke|p2|Gliscor, M|\n|poke|p2|Glimmora, F|\n|poke|p2|Magearna|\n|poke|p2|Manaphy|\n|poke|p2|Volcarona, F|\n|teampreview\n|inactive|Battle timer is ON: inactive players will automatically lose when time's up. (requested by tienlay)\n|\n|t:|1699740807\n|start\n|switch|p1a: Clodsire|Clodsire, M|100\/100\n|switch|p2a: Glimmora|Glimmora, F|100\/100\n|turn|1\n|\n|t:|1699740815\n|move|p2a: Glimmora|Earth Power|p1a: Clodsire\n|-supereffective|p1a: Clodsire\n|-crit|p1a: Clodsire\n|-damage|p1a: Clodsire|33\/100\n|move|p1a: Clodsire|Earthquake|p2a: Glimmora\n|-supereffective|p2a: Glimmora\n|-enditem|p2a: Glimmora|Focus Sash\n|-damage|p2a: Glimmora|1\/100\n|-activate|p2a: Glimmora|ability: Toxic Debris\n|-sidestart|p1: tienlay|move: Toxic Spikes\n|\n|upkeep\n|turn|2\n|\n|t:|1699740824\n|switch|p1a: Gliscor|Gliscor, F|100\/100\n|move|p2a: Glimmora|Earth Power|p1a: Gliscor\n|-immune|p1a: Gliscor\n|\n|-status|p1a: Gliscor|tox|[from] item: Toxic Orb\n|upkeep\n|turn|3\n|\n|t:|1699740831\n|move|p1a: Gliscor|Earthquake|p2a: Glimmora\n|-supereffective|p2a: Glimmora\n|-damage|p2a: Glimmora|0 fnt\n|-activate|p2a: Glimmora|ability: Toxic Debris\n|-sidestart|p1: tienlay|move: Toxic Spikes\n|faint|p2a: Glimmora\n|\n|upkeep\n|\n|t:|1699740850\n|switch|p2a: Manaphy|Manaphy|100\/100\n|turn|4\n|\n|t:|1699740853\n|switch|p1a: Clodsire|Clodsire, M|33\/100\n|-sideend|p1: tienlay|move: Toxic Spikes|[of] p1a: Clodsire\n|move|p2a: Manaphy|Acid Armor|p2a: Manaphy\n|-boost|p2a: Manaphy|def|2\n|\n|upkeep\n|turn|5\n|\n|t:|1699740863\n|move|p2a: Manaphy|Tail Glow|p2a: Manaphy\n|-boost|p2a: Manaphy|spa|3\n|move|p1a: Clodsire|Toxic Spikes|p2a: Manaphy\n|-sidestart|p2: dominus domini|move: Toxic Spikes\n|\n|upkeep\n|turn|6\n|\n|t:|1699740869\n|move|p2a: Manaphy|Acid Armor|p2a: Manaphy\n|-boost|p2a: Manaphy|def|2\n|move|p1a: Clodsire|Recover|p1a: Clodsire\n|-heal|p1a: Clodsire|83\/100\n|\n|upkeep\n|turn|7\n|\n|t:|1699740875\n|move|p2a: Manaphy|Baton Pass|p2a: Manaphy\n|\n|t:|1699740877\n|switch|p2a: Magearna|Magearna|100\/100|[from] Baton Pass\n|move|p1a: Clodsire|Poison Jab|p2a: Magearna\n|-immune|p2a: Magearna\n|\n|upkeep\n|turn|8\n|\n|t:|1699740888\n|move|p2a: Magearna|Shift Gear|p2a: Magearna\n|-boost|p2a: Magearna|spe|2\n|-boost|p2a: Magearna|atk|1\n|move|p1a: Clodsire|Earthquake|p2a: Magearna\n|-supereffective|p2a: Magearna\n|-damage|p2a: Magearna|82\/100\n|\n|upkeep\n|turn|9\n|\n|t:|1699740894\n|move|p2a: Magearna|Shift Gear|p2a: Magearna\n|-boost|p2a: Magearna|spe|2\n|-boost|p2a: Magearna|atk|1\n|move|p1a: Clodsire|Earthquake|p2a: Magearna\n|-supereffective|p2a: Magearna\n|-damage|p2a: Magearna|64\/100\n|\n|upkeep\n|turn|10\n|\n|t:|1699740900\n|move|p2a: Magearna|Draining Kiss|p1a: Clodsire\n|-resisted|p1a: Clodsire\n|-damage|p1a: Clodsire|53\/100\n|-heal|p2a: Magearna|98\/100|[from] drain|[of] p1a: Clodsire\n|-damage|p2a: Magearna|88\/100|[from] item: Life Orb\n|move|p1a: Clodsire|Earthquake|p2a: Magearna\n|-supereffective|p2a: Magearna\n|-damage|p2a: Magearna|70\/100\n|\n|upkeep\n|turn|11\n|\n|t:|1699740911\n|switch|p1a: Zacian|Zacian-Crowned|100\/100\n|-ability|p1a: Zacian|Intrepid Sword|boost\n|-boost|p1a: Zacian|atk|1\n|move|p2a: Magearna|Draining Kiss|p1a: Zacian\n|-resisted|p1a: Zacian\n|-damage|p1a: Zacian|55\/100\n|-heal|p2a: Magearna|100\/100|[from] drain|[of] p1a: Zacian\n|-damage|p2a: Magearna|91\/100|[from] item: Life Orb\n|\n|upkeep\n|turn|12\n|\n|t:|1699740925\n|move|p2a: Magearna|Stored Power|p1a: Zacian\n|-resisted|p1a: Zacian\n|-damage|p1a: Zacian|0 fnt\n|faint|p1a: Zacian\n|-ability|p2a: Magearna|Soul-Heart|boost\n|-boost|p2a: Magearna|spa|1\n|-damage|p2a: Magearna|81\/100|[from] item: Life Orb\n|\n|upkeep\n|\n|t:|1699740933\n|switch|p1a: Clodsire|Clodsire, M|53\/100\n|turn|13\n|\n|t:|1699740939\n|move|p2a: Magearna|Stored Power|p1a: Clodsire\n|-supereffective|p1a: Clodsire\n|-damage|p1a: Clodsire|0 fnt\n|faint|p1a: Clodsire\n|-ability|p2a: Magearna|Soul-Heart|boost\n|-boost|p2a: Magearna|spa|1\n|-damage|p2a: Magearna|71\/100|[from] item: Life Orb\n|\n|upkeep\n|\n|t:|1699740943\n|switch|p1a: Chansey|Chansey, F|100\/100\n|turn|14\n|\n|t:|1699740949\n|move|p2a: Magearna|Draining Kiss|p1a: Chansey\n|-damage|p1a: Chansey|62\/100\n|-heal|p2a: Magearna|100\/100|[from] drain|[of] p1a: Chansey\n|-damage|p2a: Magearna|91\/100|[from] item: Life Orb\n|move|p1a: Chansey|Thunder Wave|p2a: Magearna\n|-status|p2a: Magearna|par\n|\n|upkeep\n|turn|15\n|\n|t:|1699740956\n|move|p2a: Magearna|Stored Power|p1a: Chansey\n|-damage|p1a: Chansey|0 fnt\n|faint|p1a: Chansey\n|-ability|p2a: Magearna|Soul-Heart|boost\n|-boost|p2a: Magearna|spa|1\n|-damage|p2a: Magearna|81\/100 par|[from] item: Life Orb\n|\n|upkeep\n|\n|t:|1699740959\n|switch|p1a: Gliscor|Gliscor, F|100\/100 tox\n|turn|16\n|\n|t:|1699740967\n|move|p1a: Gliscor|Substitute|p1a: Gliscor\n|-start|p1a: Gliscor|Substitute\n|-damage|p1a: Gliscor|76\/100 tox\n|move|p2a: Magearna|Stored Power|p1a: Gliscor\n|-end|p1a: Gliscor|Substitute\n|-damage|p2a: Magearna|71\/100 par|[from] item: Life Orb\n|\n|-heal|p1a: Gliscor|88\/100 tox|[from] ability: Poison Heal\n|upkeep\n|turn|17\n|\n|t:|1699740977\n|move|p1a: Gliscor|Substitute|p1a: Gliscor\n|-start|p1a: Gliscor|Substitute\n|-damage|p1a: Gliscor|63\/100 tox\n|move|p2a: Magearna|Draining Kiss|p1a: Gliscor\n|-end|p1a: Gliscor|Substitute\n|-heal|p2a: Magearna|93\/100 par|[from] drain|[of] p1a: Gliscor\n|-damage|p2a: Magearna|83\/100 par|[from] item: Life Orb\n|\n|-heal|p1a: Gliscor|76\/100 tox|[from] ability: Poison Heal\n|upkeep\n|turn|18\n|\n|t:|1699740986\n|move|p1a: Gliscor|Protect|p1a: Gliscor\n|-singleturn|p1a: Gliscor|Protect\n|cant|p2a: Magearna|par\n|\n|-heal|p1a: Gliscor|88\/100 tox|[from] ability: Poison Heal\n|upkeep\n|turn|19\n|\n|t:|1699740993\n|move|p1a: Gliscor|Substitute|p1a: Gliscor\n|-start|p1a: Gliscor|Substitute\n|-damage|p1a: Gliscor|63\/100 tox\n|move|p2a: Magearna|Draining Kiss|p1a: Gliscor\n|-end|p1a: Gliscor|Substitute\n|-heal|p2a: Magearna|100\/100 par|[from] drain|[of] p1a: Gliscor\n|-damage|p2a: Magearna|91\/100 par|[from] item: Life Orb\n|\n|-heal|p1a: Gliscor|76\/100 tox|[from] ability: Poison Heal\n|upkeep\n|turn|20\n|\n|t:|1699741002\n|move|p1a: Gliscor|Protect|p1a: Gliscor\n|-singleturn|p1a: Gliscor|Protect\n|move|p2a: Magearna|Draining Kiss|p1a: Gliscor\n|-activate|p1a: Gliscor|move: Protect\n|\n|-heal|p1a: Gliscor|88\/100 tox|[from] ability: Poison Heal\n|upkeep\n|turn|21\n|\n|t:|1699741012\n|move|p1a: Gliscor|Substitute|p1a: Gliscor\n|-start|p1a: Gliscor|Substitute\n|-damage|p1a: Gliscor|63\/100 tox\n|move|p2a: Magearna|Draining Kiss|p1a: Gliscor\n|-end|p1a: Gliscor|Substitute\n|-heal|p2a: Magearna|100\/100 par|[from] drain|[of] p1a: Gliscor\n|-damage|p2a: Magearna|91\/100 par|[from] item: Life Orb\n|\n|-heal|p1a: Gliscor|76\/100 tox|[from] ability: Poison Heal\n|upkeep\n|turn|22\n|\n|t:|1699741022\n|move|p1a: Gliscor|Protect|p1a: Gliscor\n|-singleturn|p1a: Gliscor|Protect\n|cant|p2a: Magearna|par\n|\n|-heal|p1a: Gliscor|88\/100 tox|[from] ability: Poison Heal\n|upkeep\n|turn|23\n|\n|t:|1699741029\n|move|p1a: Gliscor|Substitute|p1a: Gliscor\n|-start|p1a: Gliscor|Substitute\n|-damage|p1a: Gliscor|63\/100 tox\n|move|p2a: Magearna|Draining Kiss|p1a: Gliscor\n|-end|p1a: Gliscor|Substitute\n|-heal|p2a: Magearna|100\/100 par|[from] drain|[of] p1a: Gliscor\n|-damage|p2a: Magearna|91\/100 par|[from] item: Life Orb\n|\n|-heal|p1a: Gliscor|76\/100 tox|[from] ability: Poison Heal\n|upkeep\n|turn|24\n|\n|t:|1699741039\n|move|p1a: Gliscor|Substitute|p1a: Gliscor\n|-start|p1a: Gliscor|Substitute\n|-damage|p1a: Gliscor|51\/100 tox\n|move|p2a: Magearna|Draining Kiss|p1a: Gliscor\n|-end|p1a: Gliscor|Substitute\n|-heal|p2a: Magearna|100\/100 par|[from] drain|[of] p1a: Gliscor\n|-damage|p2a: Magearna|91\/100 par|[from] item: Life Orb\n|\n|-heal|p1a: Gliscor|63\/100 tox|[from] ability: Poison Heal\n|upkeep\n|turn|25\n|\n|t:|1699741048\n|move|p1a: Gliscor|Protect|p1a: Gliscor\n|-singleturn|p1a: Gliscor|Protect\n|move|p2a: Magearna|Aura Sphere|p1a: Gliscor\n|-activate|p1a: Gliscor|move: Protect\n|\n|-heal|p1a: Gliscor|76\/100 tox|[from] ability: Poison Heal\n|upkeep\n|turn|26\n|\n|t:|1699741056\n|move|p1a: Gliscor|Substitute|p1a: Gliscor\n|-start|p1a: Gliscor|Substitute\n|-damage|p1a: Gliscor|51\/100 tox\n|move|p2a: Magearna|Aura Sphere|p1a: Gliscor\n|-resisted|p1a: Gliscor\n|-end|p1a: Gliscor|Substitute\n|-damage|p2a: Magearna|81\/100 par|[from] item: Life Orb\n|\n|-heal|p1a: Gliscor|63\/100 tox|[from] ability: Poison Heal\n|upkeep\n|turn|27\n|\n|t:|1699741065\n|move|p1a: Gliscor|Protect|p1a: Gliscor\n|-singleturn|p1a: Gliscor|Protect\n|move|p2a: Magearna|Aura Sphere|p1a: Gliscor\n|-activate|p1a: Gliscor|move: Protect\n|\n|-heal|p1a: Gliscor|76\/100 tox|[from] ability: Poison Heal\n|upkeep\n|turn|28\n|\n|t:|1699741077\n|move|p1a: Gliscor|Substitute|p1a: Gliscor\n|-start|p1a: Gliscor|Substitute\n|-damage|p1a: Gliscor|51\/100 tox\n|cant|p2a: Magearna|par\n|\n|-heal|p1a: Gliscor|63\/100 tox|[from] ability: Poison Heal\n|upkeep\n|turn|29\n|\n|t:|1699741083\n|move|p1a: Gliscor|Protect|p1a: Gliscor\n|-singleturn|p1a: Gliscor|Protect\n|move|p2a: Magearna|Aura Sphere|p1a: Gliscor\n|-activate|p1a: Gliscor|move: Protect\n|\n|-heal|p1a: Gliscor|76\/100 tox|[from] ability: Poison Heal\n|upkeep\n|turn|30\n|\n|t:|1699741092\n|move|p1a: Gliscor|Earthquake|p2a: Magearna\n|-supereffective|p2a: Magearna\n|-damage|p2a: Magearna|57\/100 par\n|move|p2a: Magearna|Aura Sphere|p1a: Gliscor\n|-resisted|p1a: Gliscor\n|-end|p1a: Gliscor|Substitute\n|-damage|p2a: Magearna|47\/100 par|[from] item: Life Orb\n|\n|-heal|p1a: Gliscor|88\/100 tox|[from] ability: Poison Heal\n|upkeep\n|turn|31\n|\n|t:|1699741102\n|move|p1a: Gliscor|Substitute|p1a: Gliscor\n|-start|p1a: Gliscor|Substitute\n|-damage|p1a: Gliscor|63\/100 tox\n|move|p2a: Magearna|Draining Kiss|p1a: Gliscor\n|-end|p1a: Gliscor|Substitute\n|-heal|p2a: Magearna|69\/100 par|[from] drain|[of] p1a: Gliscor\n|-damage|p2a: Magearna|59\/100 par|[from] item: Life Orb\n|\n|-heal|p1a: Gliscor|76\/100 tox|[from] ability: Poison Heal\n|upkeep\n|turn|32\n|\n|t:|1699741110\n|move|p1a: Gliscor|Protect|p1a: Gliscor\n|-singleturn|p1a: Gliscor|Protect\n|move|p2a: Magearna|Draining Kiss|p1a: Gliscor\n|-activate|p1a: Gliscor|move: Protect\n|\n|-heal|p1a: Gliscor|88\/100 tox|[from] ability: Poison Heal\n|upkeep\n|turn|33\n|\n|t:|1699741117\n|move|p1a: Gliscor|Substitute|p1a: Gliscor\n|-start|p1a: Gliscor|Substitute\n|-damage|p1a: Gliscor|63\/100 tox\n|move|p2a: Magearna|Draining Kiss|p1a: Gliscor\n|-end|p1a: Gliscor|Substitute\n|-heal|p2a: Magearna|81\/100 par|[from] drain|[of] p1a: Gliscor\n|-damage|p2a: Magearna|71\/100 par|[from] item: Life Orb\n|\n|-heal|p1a: Gliscor|76\/100 tox|[from] ability: Poison Heal\n|upkeep\n|turn|34\n|\n|t:|1699741129\n|move|p1a: Gliscor|Substitute|p1a: Gliscor\n|-start|p1a: Gliscor|Substitute\n|-damage|p1a: Gliscor|51\/100 tox\n|move|p2a: Magearna|Draining Kiss|p1a: Gliscor\n|-end|p1a: Gliscor|Substitute\n|-heal|p2a: Magearna|93\/100 par|[from] drain|[of] p1a: Gliscor\n|-damage|p2a: Magearna|83\/100 par|[from] item: Life Orb\n|\n|-heal|p1a: Gliscor|63\/100 tox|[from] ability: Poison Heal\n|upkeep\n|turn|35\n|\n|t:|1699741137\n|move|p1a: Gliscor|Protect|p1a: Gliscor\n|-singleturn|p1a: Gliscor|Protect\n|move|p2a: Magearna|Aura Sphere|p1a: Gliscor\n|-activate|p1a: Gliscor|move: Protect\n|\n|-heal|p1a: Gliscor|76\/100 tox|[from] ability: Poison Heal\n|upkeep\n|turn|36\n|\n|t:|1699741148\n|move|p1a: Gliscor|Substitute|p1a: Gliscor\n|-start|p1a: Gliscor|Substitute\n|-damage|p1a: Gliscor|51\/100 tox\n|move|p2a: Magearna|Aura Sphere|p1a: Gliscor\n|-resisted|p1a: Gliscor\n|-end|p1a: Gliscor|Substitute\n|-damage|p2a: Magearna|73\/100 par|[from] item: Life Orb\n|\n|-heal|p1a: Gliscor|63\/100 tox|[from] ability: Poison Heal\n|upkeep\n|turn|37\n|\n|t:|1699741157\n|move|p1a: Gliscor|Protect|p1a: Gliscor\n|-singleturn|p1a: Gliscor|Protect\n|cant|p2a: Magearna|par\n|\n|-heal|p1a: Gliscor|76\/100 tox|[from] ability: Poison Heal\n|upkeep\n|turn|38\n|\n|t:|1699741163\n|move|p1a: Gliscor|Substitute|p1a: Gliscor\n|-start|p1a: Gliscor|Substitute\n|-damage|p1a: Gliscor|51\/100 tox\n|move|p2a: Magearna|Aura Sphere|p1a: Gliscor\n|-resisted|p1a: Gliscor\n|-end|p1a: Gliscor|Substitute\n|-damage|p2a: Magearna|63\/100 par|[from] item: Life Orb\n|\n|-heal|p1a: Gliscor|63\/100 tox|[from] ability: Poison Heal\n|upkeep\n|turn|39\n|\n|t:|1699741173\n|move|p1a: Gliscor|Protect|p1a: Gliscor\n|-singleturn|p1a: Gliscor|Protect\n|move|p2a: Magearna|Shift Gear|p2a: Magearna\n|-boost|p2a: Magearna|spe|2\n|-boost|p2a: Magearna|atk|1\n|\n|-heal|p1a: Gliscor|76\/100 tox|[from] ability: Poison Heal\n|upkeep\n|turn|40\n|\n|t:|1699741181\n|move|p2a: Magearna|Draining Kiss|p1a: Gliscor\n|-damage|p1a: Gliscor|0 fnt\n|-heal|p2a: Magearna|100\/100 par|[from] drain|[of] p1a: Gliscor\n|faint|p1a: Gliscor\n|-damage|p2a: Magearna|91\/100 par|[from] item: Life Orb\n|\n|upkeep\n|\n|t:|1699741185\n|switch|p1a: Calyrex|Calyrex-Shadow|100\/100\n|-ability|p1a: Calyrex|As One\n|-ability|p1a: Calyrex|Unnerve\n|turn|41\n|\n|t:|1699741194\n|move|p1a: Calyrex|Astral Barrage|p2a: Magearna\n|-damage|p2a: Magearna|27\/100 par\n|cant|p2a: Magearna|par\n|\n|upkeep\n|turn|42\n|\n|t:|1699741203\n|move|p1a: Calyrex|Astral Barrage|p2a: Magearna\n|-damage|p2a: Magearna|0 fnt\n|faint|p2a: Magearna\n|-ability|p1a: Calyrex|Grim Neigh|boost\n|-boost|p1a: Calyrex|spa|1\n|\n|upkeep\n|\n|t:|1699741222\n|switch|p2a: Volcarona|Volcarona, F|100\/100\n|-status|p2a: Volcarona|psn\n|turn|43\n|\n|t:|1699741229\n|-terastallize|p1a: Calyrex|Normal\n|move|p1a: Calyrex|Astral Barrage|p2a: Volcarona\n|-damage|p2a: Volcarona|11\/100 psn\n|move|p2a: Volcarona|Psychic|p1a: Calyrex\n|-damage|p1a: Calyrex|64\/100\n|\n|-heal|p1a: Calyrex|70\/100|[from] item: Leftovers\n|-damage|p2a: Volcarona|0 fnt|[from] psn\n|faint|p2a: Volcarona\n|upkeep\n|\n|t:|1699741240\n|switch|p2a: Gliscor|Gliscor, M, shiny|100\/100\n|turn|44\n|\n|t:|1699741245\n|move|p1a: Calyrex|Astral Barrage|p2a: Gliscor\n|-damage|p2a: Gliscor|0 fnt\n|faint|p2a: Gliscor\n|-ability|p1a: Calyrex|Grim Neigh|boost\n|-boost|p1a: Calyrex|spa|1\n|\n|-heal|p1a: Calyrex|76\/100|[from] item: Leftovers\n|upkeep\n|\n|t:|1699741252\n|switch|p2a: Arceus|Arceus|100\/100\n|-status|p2a: Arceus|psn\n|turn|45\n|n|!dominus domini|dominusdomini\n|inactive|dominus domini has 120 seconds left.\n|\n|t:|1699741283\n|-terastallize|p2a: Arceus|Normal\n|move|p2a: Arceus|Extreme Speed|p1a: Calyrex\n|-damage|p1a: Calyrex|0 fnt\n|faint|p1a: Calyrex\n|\n|-damage|p2a: Arceus|88\/100 psn|[from] psn\n|upkeep\n|\n|t:|1699741288\n|switch|p1a: Arceus|Arceus|100\/100\n|turn|46\n|\n|t:|1699741292\n|move|p1a: Arceus|Extreme Speed|p2a: Arceus\n|-damage|p2a: Arceus|64\/100 psn\n|move|p2a: Arceus|Extreme Speed|p1a: Arceus\n|-damage|p1a: Arceus|51\/100\n|\n|-heal|p1a: Arceus|57\/100|[from] item: Leftovers\n|-damage|p2a: Arceus|51\/100 psn|[from] psn\n|upkeep\n|turn|47\n|\n|t:|1699741314\n|switch|p2a: Manaphy|Manaphy|100\/100\n|-status|p2a: Manaphy|psn\n|move|p1a: Arceus|Recover|p1a: Arceus\n|-heal|p1a: Arceus|100\/100\n|\n|-damage|p2a: Manaphy|88\/100 psn|[from] psn\n|upkeep\n|turn|48\n|\n|t:|1699741323\n|move|p1a: Arceus|Swords Dance|p1a: Arceus\n|-boost|p1a: Arceus|atk|2\n|move|p2a: Manaphy|Acid Armor|p2a: Manaphy\n|-boost|p2a: Manaphy|def|2\n|\n|-damage|p2a: Manaphy|76\/100 psn|[from] psn\n|upkeep\n|turn|49\n|\n|t:|1699741331\n|move|p1a: Arceus|Extreme Speed|p2a: Manaphy\n|-damage|p2a: Manaphy|54\/100 psn\n|move|p2a: Manaphy|Heart Swap|p1a: Arceus\n|-swapboost|p2a: Manaphy|p1a: Arceus|[from] move: Heart Swap\n|\n|-damage|p2a: Manaphy|42\/100 psn|[from] psn\n|upkeep\n|turn|50\n|\n|t:|1699741345\n|move|p1a: Arceus|Swords Dance|p1a: Arceus\n|-boost|p1a: Arceus|atk|2\n|move|p2a: Manaphy|Heart Swap|p1a: Arceus\n|-swapboost|p2a: Manaphy|p1a: Arceus|[from] move: Heart Swap\n|\n|-damage|p2a: Manaphy|30\/100 psn|[from] psn\n|upkeep\n|turn|51\n|\n|t:|1699741352\n|move|p1a: Arceus|Swords Dance|p1a: Arceus\n|-boost|p1a: Arceus|atk|2\n|move|p2a: Manaphy|Baton Pass|p2a: Manaphy\n|\n|t:|1699741355\n|switch|p2a: Arceus|Arceus, tera:Normal|51\/100 psn|[from] Baton Pass\n|\n|-damage|p2a: Arceus|39\/100 psn|[from] psn\n|upkeep\n|turn|52\n|\n|t:|1699741360\n|move|p1a: Arceus|Extreme Speed|p2a: Arceus\n|-damage|p2a: Arceus|2\/100 psn\n|move|p2a: Arceus|Extreme Speed|p1a: Arceus\n|-damage|p1a: Arceus|11\/100\n|\n|-heal|p1a: Arceus|17\/100|[from] item: Leftovers\n|-damage|p2a: Arceus|0 fnt|[from] psn\n|faint|p2a: Arceus\n|upkeep\n|-message|dominus domini forfeited.\n|\n|win|tienlay\n|raw|tienlay's rating: 1339 &rarr; <strong>1357<\/strong><br \/>(+18 for winning)\n|raw|dominus domini's rating: 1302 &rarr; <strong>1284<\/strong><br \/>(-18 for losing)\n|l|!dominus domini\n","uploadtime":1699741258,"views":5,"p1id":"tienlay","p2id":"dominusdomini","formatid":"gen9anythinggoes","rating":1284,"private":0,"password":""}