{"id":"gen9anythinggoes-2000116085","p1":"Slow3","p2":"Koibitio","format":"[Gen 9] Anything Goes","log":"|j|\u2606Slow3\n|j|\u203dKoibitio\n|t:|1701157719\n|gametype|singles\n|player|p1|Slow3|170|1533\n|player|p2|Koibitio|buck|1481\n|teamsize|p1|6\n|teamsize|p2|6\n|gen|9\n|tier|[Gen 9] Anything Goes\n|rated|\n|rule|HP Percentage Mod: HP is shown in percentages\n|rule|Endless Battle Clause: Forcing endless battles is banned\n|clearpoke\n|poke|p1|Calyrex-Shadow|\n|poke|p1|Koraidon|\n|poke|p1|Arceus-Steel|\n|poke|p1|Arceus|\n|poke|p1|Flutter Mane|\n|poke|p1|Shaymin-Sky|\n|poke|p2|Urshifu-*, M|\n|poke|p2|Garganacl, F|\n|poke|p2|Regieleki|\n|poke|p2|Chi-Yu|\n|poke|p2|Maushold-Four|\n|poke|p2|Ditto|\n|teampreview\n|inactive|Battle timer is ON: inactive players will automatically lose when time's up. (requested by Slow3)\n|\n|t:|1701157734\n|start\n|switch|p1a: Flutter Mane|Flutter Mane|100\/100\n|switch|p2a: Urshifu|Urshifu-Rapid-Strike, M|100\/100\n|turn|1\n|\n|t:|1701157742\n|move|p2a: Urshifu|Surging Strikes|p1a: Flutter Mane\n|-crit|p1a: Flutter Mane\n|-damage|p1a: Flutter Mane|59\/100\n|-crit|p1a: Flutter Mane\n|-damage|p1a: Flutter Mane|17\/100\n|-crit|p1a: Flutter Mane\n|-damage|p1a: Flutter Mane|0 fnt\n|faint|p1a: Flutter Mane\n|-end|p1a: Flutter Mane|Protosynthesis|[silent]\n|-hitcount|p1: Flutter Mane|3\n|\n|upkeep\n|\n|t:|1701157746\n|switch|p1a: Shaymin|Shaymin-Sky|100\/100\n|turn|2\n|\n|t:|1701157754\n|switch|p2a: Chi-Yu|Chi-Yu|100\/100\n|-ability|p2a: Chi-Yu|Beads of Ruin\n|move|p1a: Shaymin|Air Slash|p2a: Chi-Yu|[miss]\n|-miss|p1a: Shaymin|p2a: Chi-Yu\n|\n|upkeep\n|turn|3\n|\n|t:|1701157760\n|move|p1a: Shaymin|Air Slash|p2a: Chi-Yu\n|-damage|p2a: Chi-Yu|53\/100\n|move|p2a: Chi-Yu|Heat Wave|p1a: Shaymin\n|-supereffective|p1a: Shaymin\n|-damage|p1a: Shaymin|0 fnt\n|faint|p1a: Shaymin\n|\n|upkeep\n|\n|t:|1701157763\n|switch|p1a: Koraidon|Koraidon|100\/100\n|-weather|SunnyDay|[from] ability: Orichalcum Pulse|[of] p1a: Koraidon\n|-activate|p1a: Koraidon|Orichalcum Pulse|[source]\n|turn|4\n|\n|t:|1701157770\n|switch|p2a: Ditto|Ditto|100\/100\n|-transform|p2a: Ditto|p1a: Koraidon|[from] ability: Imposter\n|-activate|p2a: Ditto|ability: Orichalcum Pulse\n|move|p1a: Koraidon|Swords Dance|p1a: Koraidon\n|-boost|p1a: Koraidon|atk|2\n|\n|-weather|SunnyDay|[upkeep]\n|upkeep\n|turn|5\n|\n|t:|1701157783\n|switch|p2a: Chi-Yu|Chi-Yu|53\/100\n|-ability|p2a: Chi-Yu|Beads of Ruin\n|-terastallize|p1a: Koraidon|Fire\n|move|p1a: Koraidon|Scale Shot|p2a: Chi-Yu\n|-damage|p2a: Chi-Yu|0 fnt\n|faint|p2a: Chi-Yu\n|-hitcount|p2: Chi-Yu|1\n|-unboost|p1a: Koraidon|def|1\n|-boost|p1a: Koraidon|spe|1\n|\n|-weather|SunnyDay|[upkeep]\n|upkeep\n|\n|t:|1701157795\n|switch|p2a: Ditto|Ditto|100\/100\n|-transform|p2a: Ditto|p1a: Koraidon|[from] ability: Imposter\n|-activate|p2a: Ditto|ability: Orichalcum Pulse\n|-start|p2a: Ditto|typechange|Fighting\/Dragon|[silent]\n|turn|6\n|\n|t:|1701157814\n|move|p2a: Ditto|Collision Course|p1a: Koraidon\n|-damage|p1a: Koraidon|0 fnt\n|faint|p1a: Koraidon\n|\n|-weather|SunnyDay|[upkeep]\n|upkeep\n|\n|t:|1701157819\n|switch|p1a: Arceus|Arceus|100\/100\n|turn|7\n|\n|t:|1701157826\n|move|p1a: Arceus|Extreme Speed|p2a: Ditto\n|-damage|p2a: Ditto|5\/100\n|move|p2a: Ditto|Collision Course|p1a: Arceus\n|-supereffective|p1a: Arceus\n|-damage|p1a: Arceus|0 fnt\n|faint|p1a: Arceus\n|\n|-weather|SunnyDay|[upkeep]\n|upkeep\n|\n|t:|1701157831\n|switch|p1a: Arceus|Arceus-Steel|100\/100\n|turn|8\n|\n|t:|1701157834\n|move|p1a: Arceus|Extreme Speed|p2a: Ditto\n|-damage|p2a: Ditto|0 fnt\n|faint|p2a: Ditto\n|\n|-weather|none\n|upkeep\n|\n|t:|1701157842\n|switch|p2a: Garganacl|Garganacl, F|100\/100\n|turn|9\n|\n|t:|1701157849\n|move|p1a: Arceus|Judgment|p2a: Garganacl\n|-supereffective|p2a: Garganacl\n|-damage|p2a: Garganacl|14\/100\n|move|p2a: Garganacl|Salt Cure|p1a: Arceus\n|-resisted|p1a: Arceus\n|-damage|p1a: Arceus|96\/100\n|-start|p1a: Arceus|Salt Cure\n|\n|-heal|p2a: Garganacl|21\/100|[from] item: Leftovers\n|-damage|p1a: Arceus|71\/100|[from] Salt Cure\n|upkeep\n|turn|10\n|\n|t:|1701157855\n|move|p1a: Arceus|Judgment|p2a: Garganacl\n|-supereffective|p2a: Garganacl\n|-damage|p2a: Garganacl|0 fnt\n|faint|p2a: Garganacl\n|\n|-damage|p1a: Arceus|46\/100|[from] Salt Cure\n|upkeep\n|\n|t:|1701157860\n|switch|p2a: Urshifu|Urshifu-Rapid-Strike, M|100\/100\n|turn|11\n|\n|t:|1701157870\n|move|p2a: Urshifu|Surging Strikes|p1a: Arceus\n|-crit|p1a: Arceus\n|-damage|p1a: Arceus|30\/100\n|-crit|p1a: Arceus\n|-damage|p1a: Arceus|15\/100\n|-crit|p1a: Arceus\n|-damage|p1a: Arceus|0 fnt\n|faint|p1a: Arceus\n|-hitcount|p1: Arceus|3\n|\n|upkeep\n|\n|t:|1701157873\n|switch|p1a: Calyrex|Calyrex-Shadow|100\/100\n|-ability|p1a: Calyrex|As One\n|-ability|p1a: Calyrex|Unnerve\n|turn|12\n|\n|t:|1701157880\n|-terastallize|p2a: Urshifu|Poison\n|move|p1a: Calyrex|Trick|p2a: Urshifu\n|-activate|p1a: Calyrex|move: Trick|[of] p2a: Urshifu\n|-item|p2a: Urshifu|Choice Scarf|[from] move: Trick\n|-item|p1a: Calyrex|Choice Scarf|[from] move: Trick\n|move|p2a: Urshifu|Surging Strikes|p1a: Calyrex\n|-crit|p1a: Calyrex\n|-damage|p1a: Calyrex|80\/100\n|-crit|p1a: Calyrex\n|-damage|p1a: Calyrex|57\/100\n|-crit|p1a: Calyrex\n|-damage|p1a: Calyrex|35\/100\n|-hitcount|p1a: Calyrex|3\n|\n|upkeep\n|turn|13\n|\n|t:|1701157889\n|move|p1a: Calyrex|Psyshock|p2a: Urshifu\n|-supereffective|p2a: Urshifu\n|-damage|p2a: Urshifu|0 fnt\n|faint|p2a: Urshifu\n|-ability|p1a: Calyrex|Grim Neigh|boost\n|-boost|p1a: Calyrex|spa|1\n|\n|upkeep\n|\n|t:|1701157894\n|switch|p2a: Regieleki|Regieleki|100\/100\n|turn|14\n|\n|t:|1701157898\n|move|p1a: Calyrex|Psyshock|p2a: Regieleki\n|-damage|p2a: Regieleki|0 fnt\n|faint|p2a: Regieleki\n|-ability|p1a: Calyrex|Grim Neigh|boost\n|-boost|p1a: Calyrex|spa|1\n|\n|upkeep\n|\n|t:|1701157901\n|switch|p2a: Maushold|Maushold-Four|100\/100\n|turn|15\n|\n|t:|1701157904\n|move|p1a: Calyrex|Psyshock|p2a: Maushold\n|-damage|p2a: Maushold|0 fnt\n|faint|p2a: Maushold\n|\n|win|Slow3\n|raw|Slow3's rating: 1533 &rarr; <strong>1550<\/strong><br \/>(+17 for winning)\n|raw|Koibitio's rating: 1481 &rarr; <strong>1464<\/strong><br \/>(-17 for losing)\n","uploadtime":1701157913,"views":0,"p1id":"slow3","p2id":"koibitio","formatid":"gen9anythinggoes","rating":1464,"private":0,"password":""}