{"id":"gen9anythinggoes-1985291693","p1":"WeThErEpOrT","p2":"BrooklynSavage","format":"[Gen 9] Anything Goes","log":"|j|\u2606WeThErEpOrT\n|j|\u2606BrooklynSavage\n|t:|1699360880\n|gametype|singles\n|player|p1|WeThErEpOrT|ingo|1125\n|player|p2|BrooklynSavage|169|1291\n|teamsize|p1|6\n|teamsize|p2|6\n|gen|9\n|tier|[Gen 9] Anything Goes\n|rated|\n|rule|HP Percentage Mod: HP is shown in percentages\n|rule|Endless Battle Clause: Forcing endless battles is banned\n|clearpoke\n|poke|p1|Baxcalibur, F|\n|poke|p1|Dipplin, M|\n|poke|p1|Iron Moth|\n|poke|p1|Kingambit, F|\n|poke|p1|Great Tusk|\n|poke|p1|Gliscor, M|\n|poke|p2|Samurott-Hisui, M|\n|poke|p2|Pawmot, M|\n|poke|p2|Iron Bundle|\n|poke|p2|Alomomola, F|\n|poke|p2|Miraidon|\n|poke|p2|Iron Valiant|\n|teampreview\n|inactive|Battle timer is ON: inactive players will automatically lose when time's up. (requested by WeThErEpOrT)\n|inactive|BrooklynSavage has 120 seconds left.\n|\n|t:|1699360940\n|start\n|switch|p1a: water lover|Dipplin, M, shiny|100\/100\n|switch|p2a: Alomomola|Alomomola, F|100\/100\n|-ability|p1a: water lover|Supersweet Syrup\n|-ability|p1a: water lover|Supersweet Syrup|boost\n|-unboost|p2a: Alomomola|evasion|1\n|turn|1\n|\n|t:|1699360954\n|move|p2a: Alomomola|Flip Turn|p1a: water lover\n|-resisted|p1a: water lover\n|-damage|p1a: water lover|98\/100\n|inactive|BrooklynSavage has 120 seconds left.\n|inactive|BrooklynSavage has 90 seconds left.\n|\n|t:|1699361020\n|switch|p2a: Iron Bundle|Iron Bundle|100\/100|[from] Flip Turn\n|move|p1a: water lover|Seed Bomb|p2a: Iron Bundle\n|-supereffective|p2a: Iron Bundle\n|-damage|p2a: Iron Bundle|43\/100\n|\n|upkeep\n|turn|2\n|inactive|BrooklynSavage has 90 seconds left.\n|\n|t:|1699361040\n|move|p2a: Iron Bundle|Freeze-Dry|p1a: water lover\n|-supereffective|p1a: water lover\n|-damage|p1a: water lover|0 fnt\n|faint|p1a: water lover\n|\n|upkeep\n|inactive|WeThErEpOrT has 120 seconds left.\n|\n|t:|1699361062\n|switch|p1a: def a steel type|Iron Moth|100\/100\n|turn|3\n|inactive|WeThErEpOrT has 120 seconds left.\n|\n|t:|1699361071\n|move|p2a: Iron Bundle|Flip Turn|p1a: def a steel type\n|-supereffective|p1a: def a steel type\n|-damage|p1a: def a steel type|46\/100\n|\n|t:|1699361078\n|-end|p2a: Iron Bundle|Quark Drive|[silent]\n|switch|p2a: Alomomola|Alomomola, F|100\/100|[from] Flip Turn\n|move|p1a: def a steel type|Flamethrower|p2a: Alomomola\n|-resisted|p2a: Alomomola\n|-damage|p2a: Alomomola|72\/100\n|\n|upkeep\n|turn|4\n|\n|t:|1699361085\n|move|p2a: Alomomola|Protect|p2a: Alomomola\n|-singleturn|p2a: Alomomola|Protect\n|move|p1a: def a steel type|Energy Ball|p2a: Alomomola\n|-activate|p2a: Alomomola|move: Protect\n|\n|upkeep\n|turn|5\n|\n|t:|1699361106\n|-terastallize|p2a: Alomomola|Poison\n|move|p1a: def a steel type|Energy Ball|p2a: Alomomola\n|-resisted|p2a: Alomomola\n|-damage|p2a: Alomomola|50\/100\n|-unboost|p2a: Alomomola|spd|1\n|move|p2a: Alomomola|Wish|p2a: Alomomola\n|\n|upkeep\n|turn|6\n|\n|t:|1699361122\n|-end|p1a: def a steel type|Quark Drive|[silent]\n|switch|p1a: Nyx|Baxcalibur, F|100\/100\n|move|p2a: Alomomola|Flip Turn|p1a: Nyx\n|-resisted|p1a: Nyx\n|-damage|p1a: Nyx|93\/100\n|\n|t:|1699361128\n|switch|p2a: Iron Bundle|Iron Bundle|43\/100|[from] Flip Turn\n|\n|-heal|p2a: Iron Bundle|100\/100|[from] move: Wish|[wisher] Alomomola\n|upkeep\n|turn|7\n|\n|t:|1699361143\n|-terastallize|p1a: Nyx|Steel\n|move|p2a: Iron Bundle|Flip Turn|p1a: Nyx\n|-crit|p1a: Nyx\n|-damage|p1a: Nyx|69\/100\n|\n|t:|1699361154\n|-end|p2a: Iron Bundle|Quark Drive|[silent]\n|switch|p2a: Iron Valiant|Iron Valiant|100\/100|[from] Flip Turn\n|move|p1a: Nyx|Glaive Rush|p2a: Iron Valiant\n|-immune|p2a: Iron Valiant\n|\n|upkeep\n|turn|8\n|\n|t:|1699361173\n|move|p2a: Iron Valiant|Encore|p1a: Nyx\n|-start|p1a: Nyx|Encore\n|move|p1a: Nyx|Glaive Rush|p2a: Iron Valiant\n|-immune|p2a: Iron Valiant\n|\n|upkeep\n|turn|9\n|c|\u2606WeThErEpOrT|that was just plain rude\n|inactive|WeThErEpOrT has 120 seconds left.\n|\n|t:|1699361205\n|switch|p1a: TuskAct4|Great Tusk|100\/100\n|move|p2a: Iron Valiant|Swords Dance|p2a: Iron Valiant\n|-boost|p2a: Iron Valiant|atk|2\n|\n|upkeep\n|turn|10\n|inactive|WeThErEpOrT has 120 seconds left.\n|\n|t:|1699361214\n|move|p2a: Iron Valiant|Spirit Break|p1a: TuskAct4\n|-supereffective|p1a: TuskAct4\n|-damage|p1a: TuskAct4|0 fnt\n|-damage|p2a: Iron Valiant|84\/100|[from] item: Rocky Helmet|[of] p1a: TuskAct4\n|faint|p1a: TuskAct4\n|-end|p1a: TuskAct4|Protosynthesis|[silent]\n|\n|upkeep\n|inactive|WeThErEpOrT has 120 seconds left.\n|\n|t:|1699361221\n|switch|p1a: scorpio|Gliscor, M|100\/100\n|turn|11\n|inactive|WeThErEpOrT has 120 seconds left.\n|c|\u2606BrooklynSavage|What was rude? I have you an encore lol\n|c|\u2606BrooklynSavage|Gave*\n|inactive|BrooklynSavage has 120 seconds left.\n|c|\u2606WeThErEpOrT|ik i was just joking\n|\n|t:|1699361265\n|move|p2a: Iron Valiant|Spirit Break|p1a: scorpio\n|-damage|p1a: scorpio|22\/100\n|-unboost|p1a: scorpio|spa|1\n|move|p1a: scorpio|Acrobatics|p2a: Iron Valiant\n|-supereffective|p2a: Iron Valiant\n|-damage|p2a: Iron Valiant|0 fnt\n|faint|p2a: Iron Valiant\n|-end|p2a: Iron Valiant|Quark Drive|[silent]\n|\n|upkeep\n|\n|t:|1699361273\n|switch|p2a: Iron Bundle|Iron Bundle|100\/100\n|turn|12\n|inactive|WeThErEpOrT has 120 seconds left.\n|\n|t:|1699361299\n|move|p2a: Iron Bundle|Freeze-Dry|p1a: scorpio\n|-supereffective|p1a: scorpio\n|-damage|p1a: scorpio|0 fnt\n|faint|p1a: scorpio\n|\n|upkeep\n|\n|t:|1699361316\n|switch|p1a: Nyx|Baxcalibur, F, tera:Steel|69\/100\n|turn|13\n|\n|t:|1699361323\n|move|p2a: Iron Bundle|Flip Turn|p1a: Nyx\n|-damage|p1a: Nyx|54\/100\n|c|\u2606BrooklynSavage|I know lol\n|c|\u2606WeThErEpOrT|flip turn is annoying lol\n|\n|t:|1699361342\n|-end|p2a: Iron Bundle|Quark Drive|[silent]\n|switch|p2a: Alomomola|Alomomola, F, tera:Poison|84\/100|[from] Flip Turn\n|move|p1a: Nyx|Glaive Rush|p2a: Alomomola\n|-damage|p2a: Alomomola|48\/100\n|-singlemove|p1a: Nyx|Glaive Rush|[silent]\n|-damage|p1a: Nyx|37\/100|[from] item: Rocky Helmet|[of] p2a: Alomomola\n|\n|upkeep\n|turn|14\n|\n|t:|1699361363\n|move|p1a: Nyx|Glaive Rush|p2a: Alomomola\n|-damage|p2a: Alomomola|11\/100\n|-singlemove|p1a: Nyx|Glaive Rush|[silent]\n|-damage|p1a: Nyx|21\/100|[from] item: Rocky Helmet|[of] p2a: Alomomola\n|move|p2a: Alomomola|Wish|p2a: Alomomola\n|\n|upkeep\n|turn|15\n|\n|t:|1699361374\n|move|p2a: Alomomola|Protect|p2a: Alomomola\n|-singleturn|p2a: Alomomola|Protect\n|move|p1a: Nyx|Icicle Spear|p2a: Alomomola\n|-activate|p2a: Alomomola|move: Protect\n|\n|-heal|p2a: Alomomola|61\/100|[from] move: Wish|[wisher] Alomomola\n|upkeep\n|turn|16\n|inactive|BrooklynSavage has 120 seconds left.\n|c|\u2606BrooklynSavage|I 100% agree with you lol\n|\n|t:|1699361398\n|move|p1a: Nyx|Glaive Rush|p2a: Alomomola\n|-damage|p2a: Alomomola|27\/100\n|-singlemove|p1a: Nyx|Glaive Rush|[silent]\n|-damage|p1a: Nyx|5\/100|[from] item: Rocky Helmet|[of] p2a: Alomomola\n|move|p2a: Alomomola|Wish|p2a: Alomomola\n|\n|upkeep\n|turn|17\n|\n|t:|1699361409\n|move|p2a: Alomomola|Protect|p2a: Alomomola\n|-singleturn|p2a: Alomomola|Protect\n|move|p1a: Nyx|Earthquake|p2a: Alomomola\n|-activate|p2a: Alomomola|move: Protect\n|\n|-heal|p2a: Alomomola|77\/100|[from] move: Wish|[wisher] Alomomola\n|upkeep\n|turn|18\n|inactive|BrooklynSavage has 120 seconds left.\n|\n|t:|1699361418\n|move|p1a: Nyx|Earthquake|p2a: Alomomola\n|-supereffective|p2a: Alomomola\n|-damage|p2a: Alomomola|40\/100\n|move|p2a: Alomomola|Wish|p2a: Alomomola\n|\n|upkeep\n|turn|19\n|inactive|WeThErEpOrT has 90 seconds left.\n|\n|t:|1699361461\n|move|p2a: Alomomola|Protect|p2a: Alomomola\n|-singleturn|p2a: Alomomola|Protect\n|move|p1a: Nyx|Earthquake|p2a: Alomomola\n|-activate|p2a: Alomomola|move: Protect\n|\n|-heal|p2a: Alomomola|90\/100|[from] move: Wish|[wisher] Alomomola\n|upkeep\n|turn|20\n|c|\u2606WeThErEpOrT|ggs you won\n|\n|t:|1699361476\n|move|p1a: Nyx|Glaive Rush|p2a: Alomomola\n|-damage|p2a: Alomomola|51\/100\n|-singlemove|p1a: Nyx|Glaive Rush|[silent]\n|-damage|p1a: Nyx|0 fnt|[from] item: Rocky Helmet|[of] p2a: Alomomola\n|faint|p1a: Nyx\n|move|p2a: Alomomola|Wish|p2a: Alomomola\n|\n|upkeep\n|\n|t:|1699361483\n|switch|p1a: def a steel type|Iron Moth|46\/100\n|turn|21\n|\n|t:|1699361493\n|move|p1a: def a steel type|Flamethrower|p2a: Alomomola\n|-damage|p2a: Alomomola|0 fnt\n|faint|p2a: Alomomola\n|\n|upkeep\n|\n|t:|1699361506\n|switch|p2a: Iron Bundle|Iron Bundle|100\/100\n|turn|22\n|\n|t:|1699361513\n|move|p2a: Iron Bundle|Hydro Pump|p1a: def a steel type\n|-supereffective|p1a: def a steel type\n|-damage|p1a: def a steel type|0 fnt\n|faint|p1a: def a steel type\n|-end|p1a: def a steel type|Quark Drive|[silent]\n|\n|upkeep\n|\n|t:|1699361518\n|switch|p1a: GamblingAddict|Kingambit, F|100\/100\n|-activate|p1a: GamblingAddict|ability: Supreme Overlord\n|-start|p1a: GamblingAddict|fallen5|[silent]\n|turn|23\n|c|\u2606BrooklynSavage|GG indeed my friend. You're a worthy adversary\n|\n|t:|1699361531\n|move|p1a: GamblingAddict|Sucker Punch|p2a: Iron Bundle\n|-damage|p2a: Iron Bundle|28\/100\n|move|p2a: Iron Bundle|Hydro Pump|p1a: GamblingAddict\n|-damage|p1a: GamblingAddict|48\/100\n|\n|upkeep\n|turn|24\n|\n|t:|1699361537\n|move|p2a: Iron Bundle|Encore|p1a: GamblingAddict\n|-start|p1a: GamblingAddict|Encore\n|move|p1a: GamblingAddict|Sucker Punch||[still]\n|-fail|p1a: GamblingAddict\n|\n|upkeep\n|turn|25\n|\n|t:|1699361542\n|-end|p2a: Iron Bundle|Quark Drive|[silent]\n|switch|p2a: Pawmot|Pawmot, M|100\/100\n|move|p1a: GamblingAddict|Sucker Punch||[still]\n|-fail|p1a: GamblingAddict\n|\n|upkeep\n|turn|26\n|inactive|WeThErEpOrT has 120 seconds left.\n|\n|t:|1699361547\n|move|p1a: GamblingAddict|Sucker Punch||[still]\n|-fail|p1a: GamblingAddict\n|move|p2a: Pawmot|Revival Blessing|p2a: Pawmot\n|-enditem|p2a: Pawmot|Leppa Berry|[eat]\n|-activate|p2a: Pawmot|item: Leppa Berry|Revival Blessing|[consumed]\n|\n|t:|1699361550\n|-heal|p2: Iron Valiant|50\/100|[from] move: Revival Blessing\n|\n|-end|p1a: GamblingAddict|Encore\n|upkeep\n|turn|27\n|\n|t:|1699361557\n|move|p1a: GamblingAddict|Sucker Punch||[still]\n|-fail|p1a: GamblingAddict\n|move|p2a: Pawmot|Encore|p1a: GamblingAddict\n|-start|p1a: GamblingAddict|Encore\n|\n|upkeep\n|turn|28\n|c|\u2606WeThErEpOrT|NOT THE IRON THING\n|\n|t:|1699361568\n|move|p1a: GamblingAddict|Sucker Punch||[still]\n|-fail|p1a: GamblingAddict\n|move|p2a: Pawmot|Revival Blessing|p2a: Pawmot\n|c|\u2606BrooklynSavage|Had to revive the squad before we take the win lol\n|\n|t:|1699361587\n|-heal|p2: Alomomola|50\/100|[from] move: Revival Blessing\n|\n|upkeep\n|turn|29\n|\n|t:|1699361596\n|move|p2a: Pawmot|Mach Punch|p1a: GamblingAddict\n|-supereffective|p1a: GamblingAddict\n|-damage|p1a: GamblingAddict|0 fnt\n|faint|p1a: GamblingAddict\n|-end|p1a: GamblingAddict|fallen5|[silent]\n|\n|win|BrooklynSavage\n|raw|WeThErEpOrT's rating: 1125 &rarr; <strong>1111<\/strong><br \/>(-14 for losing)\n|raw|BrooklynSavage's rating: 1291 &rarr; <strong>1305<\/strong><br \/>(+14 for winning)\n|c|\u2606WeThErEpOrT|GGS GANGY\n|c|\u2606WeThErEpOrT|srry cps\n|l|\u2606WeThErEpOrT\n|c|\u2606BrooklynSavage|Lol thanks man\n","uploadtime":1699361618,"views":5,"p1id":"wethereport","p2id":"brooklynsavage","formatid":"gen9anythinggoes","rating":1111,"private":0,"password":""}