{"id":"gen9anythinggoes-1999369514","p1":"Khryce","p2":"willitos2003","format":"[Gen 9] Anything Goes","log":"|j|\u2606Khryce\n|j|\u2606willitos2003\n|t:|1701068359\n|gametype|singles\n|player|p1|Khryce|preschooler|1116\n|player|p2|willitos2003|265|1193\n|teamsize|p1|6\n|teamsize|p2|6\n|gen|9\n|tier|[Gen 9] Anything Goes\n|rated|\n|rule|HP Percentage Mod: HP is shown in percentages\n|rule|Endless Battle Clause: Forcing endless battles is banned\n|clearpoke\n|poke|p1|Grafaiai, F|\n|poke|p1|Ursaluna, M|\n|poke|p1|Blissey, F|\n|poke|p1|Ambipom, F|\n|poke|p1|Zoroark-Hisui, F|\n|poke|p1|Ursaluna-Bloodmoon, M|\n|poke|p2|Delphox, F|\n|poke|p2|Torterra, F|\n|poke|p2|Haunter, M|\n|poke|p2|Snorlax, F|\n|poke|p2|Regieleki|\n|poke|p2|Regidrago|\n|teampreview\n|inactive|Battle timer is ON: inactive players will automatically lose when time's up. (requested by Khryce)\n|\n|t:|1701068368\n|start\n|switch|p1a: Grafaiai|Grafaiai, F|100\/100\n|switch|p2a: Haunter|Haunter, M, shiny|100\/100\n|turn|1\n|\n|t:|1701068374\n|move|p2a: Haunter|Toxic Spikes|p1a: Grafaiai\n|-sidestart|p1: Khryce|move: Toxic Spikes\n|move|p1a: Grafaiai|Knock Off|p2a: Haunter\n|-supereffective|p2a: Haunter\n|-damage|p2a: Haunter|19\/100\n|-enditem|p2a: Haunter|Eviolite|[from] move: Knock Off|[of] p1a: Grafaiai\n|\n|upkeep\n|turn|2\n|\n|t:|1701068382\n|move|p2a: Haunter|Will-O-Wisp|p1a: Grafaiai\n|-status|p1a: Grafaiai|brn\n|move|p1a: Grafaiai|Knock Off|p2a: Haunter\n|-supereffective|p2a: Haunter\n|-damage|p2a: Haunter|0 fnt\n|faint|p2a: Haunter\n|\n|-damage|p1a: Grafaiai|94\/100 brn|[from] brn\n|upkeep\n|\n|t:|1701068396\n|switch|p2a: Delphox|Delphox, F, shiny|100\/100\n|turn|3\n|\n|t:|1701068404\n|move|p1a: Grafaiai|Parting Shot|p2a: Delphox\n|-unboost|p2a: Delphox|atk|1\n|-unboost|p2a: Delphox|spa|1\n|\n|t:|1701068407\n|switch|p1a: Blissey|Blissey, F|100\/100|[from] Parting Shot\n|-status|p1a: Blissey|psn\n|move|p2a: Delphox|Overheat|p1a: Blissey|[miss]\n|-miss|p2a: Delphox|p1a: Blissey\n|\n|-damage|p1a: Blissey|88\/100 psn|[from] psn\n|upkeep\n|turn|4\n|\n|t:|1701068417\n|move|p2a: Delphox|Overheat|p1a: Blissey\n|-damage|p1a: Blissey|76\/100 psn\n|-unboost|p2a: Delphox|spa|2\n|-enditem|p2a: Delphox|Eject Pack\n|\n|t:|1701068424\n|switch|p2a: Snorlax|Snorlax, F, shiny|100\/100\n|move|p1a: Blissey|Thunder Wave|p2a: Snorlax\n|-status|p2a: Snorlax|par\n|\n|-heal|p1a: Blissey|82\/100 psn|[from] item: Leftovers\n|-damage|p1a: Blissey|70\/100 psn|[from] psn\n|upkeep\n|turn|5\n|-activate|p2a: Snorlax|item: Quick Claw\n|\n|t:|1701068434\n|-curestatus|p1a: Blissey|psn|[from] ability: Natural Cure\n|switch|p1a: Grafaiai|Grafaiai, F|94\/100 brn\n|-sideend|p1: Khryce|move: Toxic Spikes|[of] p1a: Grafaiai\n|move|p2a: Snorlax|Curse|p2a: Snorlax\n|-unboost|p2a: Snorlax|spe|1\n|-boost|p2a: Snorlax|atk|1\n|-boost|p2a: Snorlax|def|1\n|\n|-damage|p1a: Grafaiai|88\/100 brn|[from] brn\n|upkeep\n|turn|6\n|\n|t:|1701068446\n|move|p1a: Grafaiai|Knock Off|p2a: Snorlax\n|-crit|p2a: Snorlax\n|-damage|p2a: Snorlax|89\/100 par\n|-enditem|p2a: Snorlax|Quick Claw|[from] move: Knock Off|[of] p1a: Grafaiai\n|cant|p2a: Snorlax|par\n|\n|-damage|p1a: Grafaiai|82\/100 brn|[from] brn\n|upkeep\n|turn|7\n|\n|t:|1701068454\n|move|p1a: Grafaiai|Parting Shot|p2a: Snorlax\n|-unboost|p2a: Snorlax|atk|1\n|-unboost|p2a: Snorlax|spa|1\n|\n|t:|1701068458\n|switch|p1a: Ursaluna|Ursaluna-Bloodmoon, M|100\/100|[from] Parting Shot\n|cant|p2a: Snorlax|par\n|\n|upkeep\n|turn|8\n|\n|t:|1701068471\n|move|p1a: Ursaluna|Calm Mind|p1a: Ursaluna\n|-boost|p1a: Ursaluna|spa|1\n|-boost|p1a: Ursaluna|spd|1\n|cant|p2a: Snorlax|par\n|\n|upkeep\n|turn|9\n|-message|willitos2003 forfeited.\n|\n|win|Khryce\n|raw|Khryce's rating: 1116 &rarr; <strong>1146<\/strong><br \/>(+30 for winning)\n|raw|willitos2003's rating: 1193 &rarr; <strong>1163<\/strong><br \/>(-30 for losing)\n|l|\u2606willitos2003\n","uploadtime":1701068480,"views":2,"p1id":"khryce","p2id":"willitos2003","formatid":"gen9anythinggoes","rating":1146,"private":0,"password":""}