{"id":"gen9anythinggoes-1983322363","p1":"AnIronicKiwi","p2":"sp1918","format":"[Gen 9] Anything Goes","log":"|j|\u2606AnIronicKiwi\n|j|\u2606sp1918\n|t:|1699118082\n|gametype|singles\n|player|p1|AnIronicKiwi|265|1486\n|player|p2|sp1918|iris|1412\n|teamsize|p1|6\n|teamsize|p2|6\n|gen|9\n|tier|[Gen 9] Anything Goes\n|rated|\n|rule|HP Percentage Mod: HP is shown in percentages\n|rule|Endless Battle Clause: Forcing endless battles is banned\n|clearpoke\n|poke|p1|Koraidon|\n|poke|p1|Skeledirge, F|\n|poke|p1|Toxapex, F|\n|poke|p1|Flutter Mane|\n|poke|p1|Clodsire, M|\n|poke|p1|Great Tusk|\n|poke|p2|Zacian-*|\n|poke|p2|Zacian-*|\n|poke|p2|Zacian-*|\n|poke|p2|Zacian-*|\n|poke|p2|Zoroark-Hisui, F|\n|poke|p2|Zacian-*|\n|teampreview\n|inactive|Battle timer is ON: inactive players will automatically lose when time's up. (requested by sp1918)\n|inactive|AnIronicKiwi has 120 seconds left.\n|\n|t:|1699118117\n|start\n|switch|p1a: Skeledirge|Skeledirge, F|100\/100\n|switch|p2a: Sixth|Zacian-Crowned|100\/100\n|-ability|p2a: Sixth|Intrepid Sword|boost\n|-boost|p2a: Sixth|atk|1\n|turn|1\n|\n|t:|1699118123\n|move|p2a: Sixth|Crunch|p1a: Skeledirge\n|-supereffective|p1a: Skeledirge\n|-damage|p1a: Skeledirge|63\/100\n|move|p1a: Skeledirge|Will-O-Wisp|p2a: Sixth\n|-status|p2a: Sixth|brn\n|\n|-damage|p2a: Sixth|94\/100 brn|[from] brn\n|upkeep\n|turn|2\n|\n|t:|1699118140\n|move|p2a: Sixth|Crunch|p1a: Skeledirge\n|-supereffective|p1a: Skeledirge\n|-damage|p1a: Skeledirge|44\/100\n|move|p1a: Skeledirge|Slack Off|p1a: Skeledirge\n|-heal|p1a: Skeledirge|94\/100\n|\n|-damage|p2a: Sixth|88\/100 brn|[from] brn\n|upkeep\n|turn|3\n|\n|t:|1699118167\n|switch|p2a: Fourth|Zacian-Crowned|100\/100\n|move|p1a: Skeledirge|Torch Song|p2a: Fourth\n|-damage|p2a: Fourth|43\/100\n|-boost|p1a: Skeledirge|spa|1\n|replace|p2a: V|Zoroark-Hisui, F, shiny\n|-end|p2a: V|Illusion\n|\n|upkeep\n|turn|4\n|\n|t:|1699118179\n|-terastallize|p1a: Skeledirge|Normal\n|move|p2a: V|Shadow Ball|p1a: Skeledirge\n|-immune|p1a: Skeledirge\n|move|p1a: Skeledirge|Torch Song|p2a: V\n|-damage|p2a: V|0 fnt\n|-boost|p1a: Skeledirge|spa|1\n|faint|p2a: V\n|\n|upkeep\n|\n|t:|1699118188\n|switch|p2a: Fourth|Zacian-Crowned|100\/100\n|-ability|p2a: Fourth|Intrepid Sword|boost\n|-boost|p2a: Fourth|atk|1\n|turn|5\n|\n|t:|1699118207\n|switch|p2a: Sixth|Zacian-Crowned|88\/100 brn\n|move|p1a: Skeledirge|Will-O-Wisp|p2a: Sixth\n|-fail|p2a: Sixth|brn\n|\n|-damage|p2a: Sixth|82\/100 brn|[from] brn\n|upkeep\n|turn|6\n|\n|t:|1699118218\n|move|p2a: Sixth|Close Combat|p1a: Skeledirge\n|-supereffective|p1a: Skeledirge\n|-damage|p1a: Skeledirge|67\/100\n|-unboost|p2a: Sixth|def|1\n|-unboost|p2a: Sixth|spd|1\n|move|p1a: Skeledirge|Torch Song|p2a: Sixth\n|-supereffective|p2a: Sixth\n|-damage|p2a: Sixth|0 fnt\n|-boost|p1a: Skeledirge|spa|1\n|faint|p2a: Sixth\n|\n|upkeep\n|\n|t:|1699118231\n|switch|p2a: Third|Zacian-Crowned|100\/100\n|-ability|p2a: Third|Intrepid Sword|boost\n|-boost|p2a: Third|atk|1\n|turn|7\n|\n|t:|1699118234\n|move|p2a: Third|Behemoth Blade|p1a: Skeledirge\n|-damage|p1a: Skeledirge|33\/100\n|move|p1a: Skeledirge|Will-O-Wisp|p2a: Third\n|-status|p2a: Third|brn\n|\n|-damage|p2a: Third|94\/100 brn|[from] brn\n|upkeep\n|turn|8\n|\n|t:|1699118239\n|switch|p2a: Fourth|Zacian-Crowned|100\/100\n|move|p1a: Skeledirge|Slack Off|p1a: Skeledirge\n|-heal|p1a: Skeledirge|83\/100\n|\n|upkeep\n|turn|9\n|\n|t:|1699118253\n|move|p2a: Fourth|Close Combat|p1a: Skeledirge\n|-supereffective|p1a: Skeledirge\n|-damage|p1a: Skeledirge|24\/100\n|-unboost|p2a: Fourth|def|1\n|-unboost|p2a: Fourth|spd|1\n|move|p1a: Skeledirge|Will-O-Wisp|p2a: Fourth\n|-status|p2a: Fourth|brn\n|\n|-damage|p2a: Fourth|94\/100 brn|[from] brn\n|upkeep\n|turn|10\n|\n|t:|1699118260\n|move|p2a: Fourth|Behemoth Blade|p1a: Skeledirge\n|-damage|p1a: Skeledirge|5\/100\n|move|p1a: Skeledirge|Slack Off|p1a: Skeledirge\n|-heal|p1a: Skeledirge|55\/100\n|\n|-damage|p2a: Fourth|88\/100 brn|[from] brn\n|upkeep\n|turn|11\n|c|\u2606sp1918|annoying ass team\n|-message|sp1918 forfeited.\n|\n|win|AnIronicKiwi\n|raw|AnIronicKiwi's rating: 1486 &rarr; <strong>1502<\/strong><br \/>(+16 for winning)\n|raw|sp1918's rating: 1412 &rarr; <strong>1396<\/strong><br \/>(-16 for losing)\n|l|\u2606sp1918\n","uploadtime":1699118412,"views":5,"p1id":"anironickiwi","p2id":"sp1918","formatid":"gen9anythinggoes","rating":1396,"private":0,"password":""}