{"id":"gen9anythinggoes-1996532633","p1":"Spix on YT","p2":"BruhMyNameIsDylan","format":"[Gen 9] Anything Goes","log":"|j|\u2606Spix on YT\n|j|\u2606BruhMyNameIsDylan\n|t:|1700691371\n|gametype|singles\n|player|p1|Spix on YT|burnet|1228\n|player|p2|BruhMyNameIsDylan|hugh|1132\n|teamsize|p1|6\n|teamsize|p2|6\n|gen|9\n|tier|[Gen 9] Anything Goes\n|rated|\n|rule|HP Percentage Mod: HP is shown in percentages\n|rule|Endless Battle Clause: Forcing endless battles is banned\n|clearpoke\n|poke|p1|Greninja-*, M|\n|poke|p1|Corviknight, M|\n|poke|p1|Great Tusk|\n|poke|p1|Iron Valiant|\n|poke|p1|Shaymin-Sky|\n|poke|p1|Meowscarada, M|\n|poke|p2|Rillaboom, M|\n|poke|p2|Flutter Mane|\n|poke|p2|Ceruledge, M|\n|poke|p2|Chandelure, M|\n|poke|p2|Altaria, F|\n|poke|p2|Chien-Pao|\n|teampreview\n|j| Toukakiri\n|inactive|Battle timer is ON: inactive players will automatically lose when time's up. (requested by BruhMyNameIsDylan)\n|\n|t:|1700691395\n|start\n|switch|p1a: Great Tusk|Great Tusk|100\/100\n|switch|p2a: Ceruledge|Ceruledge, M|100\/100\n|turn|1\n|c| Toukakiri|Glhf\n|\n|t:|1700691412\n|move|p1a: Great Tusk|Headlong Rush|p2a: Ceruledge\n|-supereffective|p2a: Ceruledge\n|-damage|p2a: Ceruledge|0 fnt\n|-unboost|p1a: Great Tusk|def|1\n|-unboost|p1a: Great Tusk|spd|1\n|faint|p2a: Ceruledge\n|\n|upkeep\n|l| Toukakiri\n|\n|t:|1700691430\n|switch|p2a: Chien-Pao|Chien-Pao|100\/100\n|-ability|p2a: Chien-Pao|Sword of Ruin\n|turn|2\n|\n|t:|1700691437\n|-end|p1a: Great Tusk|Protosynthesis|[silent]\n|switch|p1a: Corviknight|Corviknight, M, shiny|100\/100\n|-terastallize|p2a: Chien-Pao|Fairy\n|move|p2a: Chien-Pao|Ice Spinner|p1a: Corviknight\n|-damage|p1a: Corviknight|46\/100\n|\n|-heal|p1a: Corviknight|53\/100|[from] item: Leftovers\n|upkeep\n|turn|3\n|\n|t:|1700691452\n|switch|p1a: Iron Valiant|Iron Valiant|100\/100\n|-enditem|p1a: Iron Valiant|Booster Energy\n|-activate|p1a: Iron Valiant|ability: Quark Drive|[fromitem]\n|-start|p1a: Iron Valiant|quarkdrivespe\n|move|p2a: Chien-Pao|Ice Spinner|p1a: Iron Valiant\n|-damage|p1a: Iron Valiant|5\/100\n|\n|upkeep\n|turn|4\n|\n|t:|1700691461\n|move|p1a: Iron Valiant|Thunderbolt|p2a: Chien-Pao\n|-damage|p2a: Chien-Pao|56\/100\n|move|p2a: Chien-Pao|Ice Spinner|p1a: Iron Valiant\n|-damage|p1a: Iron Valiant|0 fnt\n|faint|p1a: Iron Valiant\n|-end|p1a: Iron Valiant|Quark Drive|[silent]\n|\n|upkeep\n|j| Toukakiri\n|\n|t:|1700691475\n|switch|p1a: Greninja|Greninja, M|100\/100\n|turn|5\n|\n|t:|1700691487\n|move|p1a: Greninja|Water Shuriken|p2a: Chien-Pao\n|-damage|p2a: Chien-Pao|46\/100\n|-damage|p2a: Chien-Pao|35\/100\n|-damage|p2a: Chien-Pao|24\/100\n|-damage|p2a: Chien-Pao|13\/100\n|-damage|p2a: Chien-Pao|1\/100\n|-hitcount|p2a: Chien-Pao|5\n|move|p2a: Chien-Pao|Ice Spinner|p1a: Greninja\n|-resisted|p1a: Greninja\n|-damage|p1a: Greninja|40\/100\n|\n|upkeep\n|turn|6\n|\n|t:|1700691498\n|move|p1a: Greninja|Water Shuriken|p2a: Chien-Pao\n|-damage|p2a: Chien-Pao|0 fnt\n|faint|p2a: Chien-Pao\n|-ability|p1a: Greninja|Battle Bond|boost\n|-boost|p1a: Greninja|atk|1\n|-boost|p1a: Greninja|spa|1\n|-boost|p1a: Greninja|spe|1\n|-activate|p1a: Greninja|ability: Battle Bond\n|-hitcount|p2: Chien-Pao|1\n|\n|upkeep\n|\n|t:|1700691504\n|switch|p2a: Rillaboom|Rillaboom, M, shiny|100\/100\n|-fieldstart|move: Grassy Terrain|[from] ability: Grassy Surge|[of] p2a: Rillaboom\n|turn|7\n|\n|t:|1700691508\n|switch|p1a: Shaymin|Shaymin-Sky|100\/100\n|move|p2a: Rillaboom|Grassy Glide|p1a: Shaymin\n|-resisted|p1a: Shaymin\n|-damage|p1a: Shaymin|88\/100\n|\n|upkeep\n|turn|8\n|\n|t:|1700691517\n|switch|p2a: Chandelure|Chandelure, M|100\/100\n|move|p1a: Shaymin|Air Slash|p2a: Chandelure\n|-damage|p2a: Chandelure|50\/100\n|\n|-heal|p2a: Chandelure|56\/100|[from] Grassy Terrain\n|upkeep\n|turn|9\n|\n|t:|1700691525\n|switch|p1a: Great Tusk|Great Tusk|100\/100\n|move|p2a: Chandelure|Trick|p1a: Great Tusk\n|-activate|p2a: Chandelure|move: Trick|[of] p1a: Great Tusk\n|-item|p1a: Great Tusk|Choice Scarf|[from] move: Trick\n|-item|p2a: Chandelure|Choice Scarf|[from] move: Trick\n|\n|-heal|p2a: Chandelure|62\/100|[from] Grassy Terrain\n|upkeep\n|turn|10\n|c| Toukakiri|Lmaooo\n|\n|t:|1700691539\n|switch|p2a: Altaria|Altaria, F, shiny|100\/100\n|move|p1a: Great Tusk|Ice Spinner|p2a: Altaria\n|-supereffective|p2a: Altaria\n|-damage|p2a: Altaria|0 fnt\n|-fieldend|move: Grassy Terrain\n|faint|p2a: Altaria\n|\n|upkeep\n|c| Toukakiri|nice\n|c|\u2606BruhMyNameIsDylan|Man\n|c|\u2606Spix on YT|ty\n|c|\u2606BruhMyNameIsDylan|I hate switch spammers\n|inactive|BruhMyNameIsDylan has 120 seconds left.\n|c|\u2606BruhMyNameIsDylan|So fucking annoying\n|\n|t:|1700691578\n|switch|p2a: Flutter Mane|Flutter Mane, shiny|100\/100\n|turn|11\n|c|\u2606Spix on YT|good players? \ud83e\udd76\ud83e\udd76\n|\n|t:|1700691584\n|-end|p1a: Great Tusk|Protosynthesis|[silent]\n|switch|p1a: Corviknight|Corviknight, M, shiny|53\/100\n|-end|p2a: Flutter Mane|Protosynthesis|[silent]\n|switch|p2a: Rillaboom|Rillaboom, M, shiny|100\/100\n|-fieldstart|move: Grassy Terrain|[from] ability: Grassy Surge|[of] p2a: Rillaboom\n|\n|-heal|p1a: Corviknight|59\/100|[from] item: Leftovers\n|upkeep\n|turn|12\n|inactive|BruhMyNameIsDylan has 120 seconds left.\n|\n|t:|1700691592\n|move|p2a: Rillaboom|Knock Off|p1a: Corviknight\n|-damage|p1a: Corviknight|37\/100\n|-enditem|p1a: Corviknight|Leftovers|[from] move: Knock Off|[of] p2a: Rillaboom\n|move|p1a: Corviknight|U-turn|p2a: Rillaboom\n|-supereffective|p2a: Rillaboom\n|-damage|p2a: Rillaboom|71\/100\n|c| Toukakiri|Lmao\n|\n|t:|1700691596\n|switch|p1a: Shaymin|Shaymin-Sky|88\/100|[from] U-turn\n|\n|-heal|p2a: Rillaboom|77\/100|[from] Grassy Terrain\n|upkeep\n|turn|13\n|\n|t:|1700691603\n|move|p1a: Shaymin|Substitute|p1a: Shaymin\n|-start|p1a: Shaymin|Substitute\n|-damage|p1a: Shaymin|63\/100\n|move|p2a: Rillaboom|Knock Off|p1a: Shaymin\n|-end|p1a: Shaymin|Substitute\n|\n|-heal|p2a: Rillaboom|83\/100|[from] Grassy Terrain\n|upkeep\n|turn|14\n|\n|t:|1700691608\n|move|p1a: Shaymin|Air Slash|p2a: Rillaboom\n|-supereffective|p2a: Rillaboom\n|-damage|p2a: Rillaboom|0 fnt\n|faint|p2a: Rillaboom\n|\n|upkeep\n|\n|t:|1700691613\n|switch|p2a: Flutter Mane|Flutter Mane, shiny|100\/100\n|-enditem|p2a: Flutter Mane|Grassy Seed\n|-boost|p2a: Flutter Mane|def|1|[from] item: Grassy Seed\n|turn|15\n|\n|t:|1700691620\n|move|p2a: Flutter Mane|Memento|p1a: Shaymin\n|-unboost|p1a: Shaymin|atk|2\n|-unboost|p1a: Shaymin|spa|2\n|faint|p2a: Flutter Mane\n|-end|p2a: Flutter Mane|Protosynthesis|[silent]\n|move|p1a: Shaymin|Seed Flare|p2: Flutter Mane|[notarget]\n|-fail|p1a: Shaymin\n|\n|upkeep\n|\n|t:|1700691627\n|switch|p2a: Chandelure|Chandelure, M|62\/100\n|turn|16\n|\n|t:|1700691636\n|switch|p1a: Corviknight|Corviknight, M, shiny|37\/100\n|move|p2a: Chandelure|Shadow Ball|p1a: Corviknight\n|-damage|p1a: Corviknight|2\/100\n|-ability|p1a: Corviknight|Mirror Armor\n|-unboost|p2a: Chandelure|spd|1\n|\n|-heal|p2a: Chandelure|68\/100|[from] Grassy Terrain\n|upkeep\n|turn|17\n|\n|t:|1700691643\n|switch|p1a: Meowscarada|Meowscarada, M|100\/100\n|move|p2a: Chandelure|Shadow Ball|p1a: Meowscarada\n|-resisted|p1a: Meowscarada\n|-damage|p1a: Meowscarada|68\/100\n|\n|-heal|p2a: Chandelure|74\/100|[from] Grassy Terrain\n|-heal|p1a: Meowscarada|74\/100|[from] Grassy Terrain\n|upkeep\n|turn|18\n|c|\u2606Spix on YT|gg!\n|c|\u2606BruhMyNameIsDylan|Sorry for The salt\n|c|\u2606BruhMyNameIsDylan|But with ALL honestly\n|c|\u2606BruhMyNameIsDylan|Die in hell DUDE\n|inactive|BruhMyNameIsDylan has 120 seconds left.\n|c|\u2606Spix on YT|no problem tho we all feel that way\ud83d\ude0c\n|c|\u2606BruhMyNameIsDylan|Like what The fuck playing with switch spammers\n|c|\u2606Spix on YT|BRO WHAT THE FUCK IS A SWITCH SPAMMER?\n|c| Toukakiri|Loll\n|c|\u2606BruhMyNameIsDylan|How The hell do you expect me to say gg playing with a fucking switch spammer\n|inactive|BruhMyNameIsDylan has 90 seconds left.\n|c|\u2606BruhMyNameIsDylan|People who spam switch button\n|c|\u2606Spix on YT|ONG IM LAUGHING MY ASS OF RN\n|c|\u2606BruhMyNameIsDylan|And i hate those type of people\n|c|\u2606BruhMyNameIsDylan|Yeah\n|c|\u2606Spix on YT|its not that serious\n|c|\u2606Spix on YT|bro\n|c|\u2606BruhMyNameIsDylan|It is so funny\n|c|\u2606BruhMyNameIsDylan|HAHAHAHAHA\n|inactive|BruhMyNameIsDylan has 60 seconds left.\n|c|\u2606Spix on YT|honest\n|inactive|BruhMyNameIsDylan has 30 seconds left.\n|inactive|BruhMyNameIsDylan has 20 seconds left.\n|c|\u2606BruhMyNameIsDylan|If i were with Hazard i would sweep your entire fucking team\n|inactive|BruhMyNameIsDylan has 15 seconds left.\n|inactive|BruhMyNameIsDylan has 10 seconds left.\n|inactive|BruhMyNameIsDylan has 5 seconds left.\n|c|\u2606Spix on YT|guess u should add hazards?\n|c|\u2606BruhMyNameIsDylan|But your really lucky today\n|-message|BruhMyNameIsDylan lost due to inactivity.\n|\n|win|Spix on YT\n|raw|Spix on YT's rating: 1228 &rarr; <strong>1246<\/strong><br \/>(+18 for winning)\n|raw|BruhMyNameIsDylan's rating: 1132 &rarr; <strong>1114<\/strong><br \/>(-18 for losing)\n|c|\u2606BruhMyNameIsDylan|Anyways goodbye\n|c|\u2606Spix on YT|best of luck bro\n|c|\u2606BruhMyNameIsDylan|Fucking loser\n|c| Toukakiri|Lol\n|l|\u2606BruhMyNameIsDylan\n|l| Toukakiri\n|c|\u2606Spix on YT|im crying'\n","uploadtime":1700691673,"views":6,"p1id":"spixonyt","p2id":"bruhmynameisdylan","formatid":"gen9anythinggoes","rating":1114,"private":0,"password":""}