{"id":"gen9anythinggoes-1999109766","p1":"ankoromoti125","p2":"SonicSpeedKaleb","format":"[Gen 9] Anything Goes","log":"|j|\u2606ankoromoti125\n|j|\u2606SonicSpeedKaleb\n|t:|1701034167\n|gametype|singles\n|player|p1|ankoromoti125|lyra|1208\n|player|p2|SonicSpeedKaleb|170|1369\n|teamsize|p1|6\n|teamsize|p2|6\n|gen|9\n|tier|[Gen 9] Anything Goes\n|rated|\n|rule|HP Percentage Mod: HP is shown in percentages\n|rule|Endless Battle Clause: Forcing endless battles is banned\n|clearpoke\n|poke|p1|Calyrex-Shadow|\n|poke|p1|Landorus-Therian, M|\n|poke|p1|Eternatus|\n|poke|p1|Dialga|\n|poke|p1|Baxcalibur, F|\n|poke|p1|Scizor, F|\n|poke|p2|Skeledirge, M|\n|poke|p2|Pawmot, M|\n|poke|p2|Weavile, M|\n|poke|p2|Gliscor, F|\n|poke|p2|Lycanroc, M|\n|poke|p2|Koraidon|\n|teampreview\n|inactive|Battle timer is ON: inactive players will automatically lose when time's up. (requested by ankoromoti125)\n|c|\u2606SonicSpeedKaleb|Let's rock with FAIR strats!\n|\n|t:|1701034183\n|start\n|switch|p1a: Scizor|Scizor, F|100\/100\n|switch|p2a: Pawmot|Pawmot, M|100\/100\n|turn|1\n|\n|t:|1701034200\n|move|p2a: Pawmot|Agility|p2a: Pawmot\n|-boost|p2a: Pawmot|spe|2\n|move|p1a: Scizor|U-turn|p2a: Pawmot\n|-resisted|p2a: Pawmot\n|-damage|p2a: Pawmot|69\/100\n|\n|t:|1701034206\n|switch|p1a: Landorus|Landorus-Therian, M, shiny|100\/100|[from] U-turn\n|-ability|p1a: Landorus|Intimidate|boost\n|-unboost|p2a: Pawmot|atk|1\n|\n|upkeep\n|turn|2\n|\n|t:|1701034214\n|move|p2a: Pawmot|Baton Pass|p2a: Pawmot\n|\n|t:|1701034217\n|switch|p2a: Gliscor|Gliscor, F|100\/100|[from] Baton Pass\n|move|p1a: Landorus|U-turn|p2a: Gliscor\n|-resisted|p2a: Gliscor\n|-damage|p2a: Gliscor|78\/100\n|\n|t:|1701034224\n|switch|p1a: Baxcalibur|Baxcalibur, F, shiny|100\/100|[from] U-turn\n|\n|upkeep\n|turn|3\n|\n|t:|1701034233\n|move|p2a: Gliscor|Earthquake|p1a: Baxcalibur\n|-damage|p1a: Baxcalibur|74\/100\n|move|p1a: Baxcalibur|Dragon Dance|p1a: Baxcalibur\n|-boost|p1a: Baxcalibur|atk|1\n|-boost|p1a: Baxcalibur|spe|1\n|\n|upkeep\n|turn|4\n|c|\u2606SonicSpeedKaleb|U-Turn spammer.\n|\n|t:|1701034244\n|move|p2a: Gliscor|Swords Dance|p2a: Gliscor\n|-boost|p2a: Gliscor|atk|2\n|move|p1a: Baxcalibur|Scale Shot|p2a: Gliscor\n|-damage|p2a: Gliscor|56\/100\n|-damage|p2a: Gliscor|33\/100\n|-damage|p2a: Gliscor|10\/100\n|-damage|p2a: Gliscor|0 fnt\n|faint|p2a: Gliscor\n|-hitcount|p2: Gliscor|4\n|-unboost|p1a: Baxcalibur|def|1\n|-boost|p1a: Baxcalibur|spe|1\n|\n|upkeep\n|\n|t:|1701034250\n|switch|p2a: Lycanroc|Lycanroc, M|100\/100\n|turn|5\n|\n|t:|1701034263\n|move|p1a: Baxcalibur|Scale Shot|p2a: Lycanroc\n|-damage|p2a: Lycanroc|65\/100\n|-damage|p2a: Lycanroc|26\/100\n|-damage|p2a: Lycanroc|0 fnt\n|faint|p2a: Lycanroc\n|-hitcount|p2: Lycanroc|3\n|-unboost|p1a: Baxcalibur|def|1\n|-boost|p1a: Baxcalibur|spe|1\n|\n|upkeep\n|c|\u2606SonicSpeedKaleb|I hope you die.\n|-message|SonicSpeedKaleb forfeited.\n|\n|win|ankoromoti125\n|raw|ankoromoti125's rating: 1208 &rarr; <strong>1244<\/strong><br \/>(+36 for winning)\n|raw|SonicSpeedKaleb's rating: 1369 &rarr; <strong>1340<\/strong><br \/>(-29 for losing)\n|l|\u2606SonicSpeedKaleb\n","uploadtime":1701034273,"views":0,"p1id":"ankoromoti125","p2id":"sonicspeedkaleb","formatid":"gen9anythinggoes","rating":1244,"private":0,"password":""}