{"id":"gen9anythinggoes-1993144606","p1":"WomboBombo","p2":"Rinumaki","format":"[Gen 9] Anything Goes","log":"|j|\u2606WomboBombo\n|j|\u2606Rinumaki\n|t:|1700270120\n|gametype|singles\n|player|p1|WomboBombo|n|\n|player|p2|Rinumaki|n|\n|teamsize|p1|6\n|teamsize|p2|6\n|gen|9\n|tier|[Gen 9] Anything Goes\n|rule|HP Percentage Mod: HP is shown in percentages\n|rule|Endless Battle Clause: Forcing endless battles is banned\n|clearpoke\n|poke|p1|Clefable, F|\n|poke|p1|Manaphy|\n|poke|p1|Corviknight, M|\n|poke|p1|Landorus-Therian, M|\n|poke|p1|Dragapult, M|\n|poke|p1|Torterra, M|\n|poke|p2|Milotic, F|\n|poke|p2|Garchomp, M|\n|poke|p2|Hawlucha, M|\n|poke|p2|Lucario, F|\n|poke|p2|Ogerpon-Wellspring, F|\n|poke|p2|Typhlosion-Hisui, M|\n|teampreview\n|j| caligulahar\n|\n|t:|1700270157\n|start\n|switch|p1a: Terra|Landorus-Therian, M|100\/100\n|switch|p2a: Rey Mysterio|Hawlucha, M, shiny|100\/100\n|-ability|p1a: Terra|Intimidate|boost\n|-unboost|p2a: Rey Mysterio|atk|1\n|turn|1\n|\n|t:|1700270197\n|move|p2a: Rey Mysterio|Sky Attack||[still]\n|-prepare|p2a: Rey Mysterio|Sky Attack\n|-enditem|p2a: Rey Mysterio|Power Herb\n|-anim|p2a: Rey Mysterio|Sky Attack|p1a: Terra\n|-crit|p1a: Terra\n|-damage|p1a: Terra|0 fnt\n|faint|p1a: Terra\n|\n|upkeep\n|\n|t:|1700270208\n|switch|p1a: Clefamo|Clefable, F|100\/100\n|turn|2\n|\n|t:|1700270223\n|move|p2a: Rey Mysterio|Acrobatics|p1a: Clefamo\n|-damage|p1a: Clefamo|77\/100\n|move|p1a: Clefamo|Moonblast|p2a: Rey Mysterio\n|-supereffective|p2a: Rey Mysterio\n|-damage|p2a: Rey Mysterio|0 fnt\n|faint|p2a: Rey Mysterio\n|\n|-heal|p1a: Clefamo|83\/100|[from] item: Leftovers\n|upkeep\n|\n|t:|1700270246\n|switch|p2a: Luke|Lucario, F|100\/100\n|turn|3\n|\n|t:|1700270251\n|move|p2a: Luke|Meteor Mash|p1a: Clefamo\n|-supereffective|p1a: Clefamo\n|-damage|p1a: Clefamo|14\/100\n|move|p1a: Clefamo|Knock Off|p2a: Luke\n|-resisted|p2a: Luke\n|-damage|p2a: Luke|89\/100\n|-enditem|p2a: Luke|Focus Sash|[from] move: Knock Off|[of] p1a: Clefamo\n|\n|-heal|p1a: Clefamo|20\/100|[from] item: Leftovers\n|upkeep\n|turn|4\n|\n|t:|1700270269\n|switch|p1a: Aegon|Dragapult, M|100\/100\n|move|p2a: Luke|Meteor Mash|p1a: Aegon\n|-damage|p1a: Aegon|40\/100\n|\n|upkeep\n|turn|5\n|\n|t:|1700270314\n|switch|p2a: Fading Bomb|Typhlosion-Hisui, M, shiny|100\/100\n|move|p1a: Aegon|Flamethrower|p2a: Fading Bomb\n|-resisted|p2a: Fading Bomb\n|-damage|p2a: Fading Bomb|73\/100\n|\n|upkeep\n|turn|6\n|\n|t:|1700270325\n|switch|p1a: Manamo|Manaphy|100\/100\n|move|p2a: Fading Bomb|Infernal Parade|p1a: Manamo\n|-crit|p1a: Manamo\n|-damage|p1a: Manamo|55\/100\n|\n|-heal|p1a: Manamo|61\/100|[from] item: Leftovers\n|upkeep\n|turn|7\n|\n|t:|1700270350\n|switch|p2a: Believe Da Hype|Ogerpon-Wellspring, F|100\/100\n|move|p1a: Manamo|Tail Glow|p1a: Manamo\n|-boost|p1a: Manamo|spa|3\n|\n|-heal|p1a: Manamo|67\/100|[from] item: Leftovers\n|upkeep\n|turn|8\n|\n|t:|1700270369\n|move|p1a: Manamo|Energy Ball|p2a: Believe Da Hype\n|-damage|p2a: Believe Da Hype|47\/100\n|-unboost|p2a: Believe Da Hype|spd|1\n|move|p2a: Believe Da Hype|Horn Leech|p1a: Manamo\n|-supereffective|p1a: Manamo\n|-damage|p1a: Manamo|0 fnt\n|-heal|p2a: Believe Da Hype|78\/100|[from] drain|[of] p1a: Manamo\n|faint|p1a: Manamo\n|\n|upkeep\n|\n|t:|1700270376\n|switch|p1a: Grasser|Torterra, M|100\/100\n|turn|9\n|\n|t:|1700270389\n|switch|p2a: Fading Bomb|Typhlosion-Hisui, M, shiny|73\/100\n|move|p1a: Grasser|Shell Smash|p1a: Grasser\n|-unboost|p1a: Grasser|def|1\n|-unboost|p1a: Grasser|spd|1\n|-boost|p1a: Grasser|atk|2\n|-boost|p1a: Grasser|spa|2\n|-boost|p1a: Grasser|spe|2\n|\n|upkeep\n|turn|10\n|\n|t:|1700270403\n|-terastallize|p1a: Grasser|Rock\n|move|p1a: Grasser|Rock Blast|p2a: Fading Bomb\n|-supereffective|p2a: Fading Bomb\n|-damage|p2a: Fading Bomb|4\/100\n|-supereffective|p2a: Fading Bomb\n|-damage|p2a: Fading Bomb|0 fnt\n|faint|p2a: Fading Bomb\n|-hitcount|p2: Fading Bomb|2\n|\n|upkeep\n|\n|t:|1700270426\n|switch|p2a: Vergil|Garchomp, M, shiny|100\/100\n|turn|11\n|\n|t:|1700270437\n|move|p1a: Grasser|Headlong Rush|p2a: Vergil\n|-damage|p2a: Vergil|0 fnt\n|-unboost|p1a: Grasser|def|1\n|-unboost|p1a: Grasser|spd|1\n|faint|p2a: Vergil\n|\n|upkeep\n|\n|t:|1700270449\n|switch|p2a: It Don't Go Down|Milotic, F|100\/100\n|turn|12\n|\n|t:|1700270453\n|move|p1a: Grasser|Bullet Seed|p2a: It Don't Go Down\n|-supereffective|p2a: It Don't Go Down\n|-damage|p2a: It Don't Go Down|65\/100\n|-supereffective|p2a: It Don't Go Down\n|-damage|p2a: It Don't Go Down|30\/100\n|-supereffective|p2a: It Don't Go Down\n|-damage|p2a: It Don't Go Down|0 fnt\n|faint|p2a: It Don't Go Down\n|-hitcount|p2: It Don't Go Down|3\n|\n|upkeep\n|\n|t:|1700270461\n|switch|p2a: Believe Da Hype|Ogerpon-Wellspring, F|78\/100\n|turn|13\n|\n|t:|1700270467\n|move|p2a: Believe Da Hype|Spiky Shield|p2a: Believe Da Hype\n|-singleturn|p2a: Believe Da Hype|move: Protect\n|move|p1a: Grasser|Bullet Seed|p2a: Believe Da Hype\n|-activate|p2a: Believe Da Hype|move: Protect\n|\n|upkeep\n|turn|14\n|\n|t:|1700270477\n|move|p1a: Grasser|Bullet Seed|p2a: Believe Da Hype\n|-damage|p2a: Believe Da Hype|51\/100\n|-damage|p2a: Believe Da Hype|26\/100\n|-damage|p2a: Believe Da Hype|0 fnt\n|faint|p2a: Believe Da Hype\n|-hitcount|p2: Believe Da Hype|3\n|\n|upkeep\n|\n|t:|1700270484\n|switch|p2a: Luke|Lucario, F|89\/100\n|turn|15\n|\n|t:|1700270488\n|move|p2a: Luke|Extreme Speed|p1a: Grasser\n|-resisted|p1a: Grasser\n|-damage|p1a: Grasser|75\/100\n|move|p1a: Grasser|Rock Blast|p2a: Luke\n|-resisted|p2a: Luke\n|-damage|p2a: Luke|79\/100\n|-resisted|p2a: Luke\n|-damage|p2a: Luke|69\/100\n|-resisted|p2a: Luke\n|-damage|p2a: Luke|60\/100\n|-resisted|p2a: Luke\n|-damage|p2a: Luke|50\/100\n|-hitcount|p2a: Luke|4\n|\n|upkeep\n|turn|16\n|\n|t:|1700270509\n|move|p1a: Grasser|Headlong Rush|p2a: Luke\n|-supereffective|p2a: Luke\n|-damage|p2a: Luke|0 fnt\n|-unboost|p1a: Grasser|def|1\n|-unboost|p1a: Grasser|spd|1\n|faint|p2a: Luke\n|\n|win|WomboBombo\n","uploadtime":1700270517,"views":7,"p1id":"wombobombo","p2id":"rinumaki","formatid":"gen9anythinggoes","rating":0,"private":0,"password":""}