{"id":"gen9anythinggoes-1977840496","p1":"darumakotauros","p2":"Gallade Maid","format":"[Gen 9] Anything Goes","log":"|j|\u2606darumakotauros\n|j|\u2606Gallade Maid\n|t:|1698456103\n|gametype|singles\n|player|p1|darumakotauros|volkner|1052\n|player|p2|Gallade Maid|1|1000\n|teamsize|p1|6\n|teamsize|p2|1\n|gen|9\n|tier|[Gen 9] Anything Goes\n|rated|\n|rule|HP Percentage Mod: HP is shown in percentages\n|rule|Endless Battle Clause: Forcing endless battles is banned\n|clearpoke\n|poke|p1|Lokix, M|\n|poke|p1|Rayquaza|\n|poke|p1|Azumarill, F|\n|poke|p1|Zoroark-Hisui, M|\n|poke|p1|Chi-Yu|\n|poke|p1|Regieleki|\n|poke|p2|Vivillon, F|\n|teampreview\n|inactive|Battle timer is ON: inactive players will automatically lose when time's up. (requested by darumakotauros)\n|\n|t:|1698456113\n|start\n|switch|p1a: Lokix|Lokix, M, shiny|100\/100\n|switch|p2a: Vivillon|Vivillon, F|100\/100\n|turn|1\n|\n|t:|1698456126\n|move|p1a: Lokix|U-turn|p2a: Vivillon\n|-resisted|p2a: Vivillon\n|-damage|p2a: Vivillon|10\/100\n|\n|t:|1698456134\n|switch|p1a: Chi-Yu|Chi-Yu|100\/100|[from] U-turn\n|-ability|p1a: Chi-Yu|Beads of Ruin\n|move|p2a: Vivillon|Sleep Powder|p1a: Chi-Yu\n|-status|p1a: Chi-Yu|slp|[from] move: Sleep Powder\n|\n|-heal|p2a: Vivillon|16\/100|[from] item: Leftovers\n|upkeep\n|turn|2\n|\n|t:|1698456147\n|switch|p1a: Azumarill|Azumarill, F, shiny|100\/100\n|move|p2a: Vivillon|Sleep Powder|p1a: Azumarill\n|-status|p1a: Azumarill|slp|[from] move: Sleep Powder\n|\n|-heal|p2a: Vivillon|22\/100|[from] item: Leftovers\n|upkeep\n|turn|3\n|\n|t:|1698456156\n|move|p2a: Vivillon|Quiver Dance|p2a: Vivillon\n|-boost|p2a: Vivillon|spa|1\n|-boost|p2a: Vivillon|spd|1\n|-boost|p2a: Vivillon|spe|1\n|cant|p1a: Azumarill|slp\n|\n|-heal|p2a: Vivillon|28\/100|[from] item: Leftovers\n|upkeep\n|turn|4\n|\n|t:|1698456166\n|move|p2a: Vivillon|Substitute|p2a: Vivillon\n|-start|p2a: Vivillon|Substitute\n|-damage|p2a: Vivillon|3\/100\n|-curestatus|p1a: Azumarill|slp|[msg]\n|move|p1a: Azumarill|Belly Drum|p1a: Azumarill\n|-damage|p1a: Azumarill|51\/100\n|-setboost|p1a: Azumarill|atk|6|[from] move: Belly Drum\n|\n|-heal|p2a: Vivillon|9\/100|[from] item: Leftovers\n|upkeep\n|turn|5\n|\n|t:|1698456180\n|move|p2a: Vivillon|Hurricane|p1a: Azumarill\n|-damage|p1a: Azumarill|0 fnt\n|faint|p1a: Azumarill\n|\n|-heal|p2a: Vivillon|15\/100|[from] item: Leftovers\n|upkeep\n|\n|t:|1698456189\n|switch|p1a: Regieleki|Regieleki, shiny|100\/100\n|turn|6\n|\n|t:|1698456196\n|-terastallize|p2a: Vivillon|Steel\n|move|p2a: Vivillon|Sleep Powder|p1a: Regieleki\n|-status|p1a: Regieleki|slp|[from] move: Sleep Powder\n|cant|p1a: Regieleki|slp\n|\n|-heal|p2a: Vivillon|21\/100|[from] item: Leftovers\n|upkeep\n|turn|7\n|\n|t:|1698456209\n|move|p2a: Vivillon|Quiver Dance|p2a: Vivillon\n|-boost|p2a: Vivillon|spa|1\n|-boost|p2a: Vivillon|spd|1\n|-boost|p2a: Vivillon|spe|1\n|-curestatus|p1a: Regieleki|slp|[msg]\n|move|p1a: Regieleki|Brick Break|p2a: Vivillon\n|-supereffective|p2a: Vivillon\n|-end|p2a: Vivillon|Substitute\n|\n|-heal|p2a: Vivillon|27\/100|[from] item: Leftovers\n|upkeep\n|turn|8\n|\n|t:|1698456220\n|move|p2a: Vivillon|Sleep Powder|p1a: Regieleki\n|-status|p1a: Regieleki|slp|[from] move: Sleep Powder\n|cant|p1a: Regieleki|slp\n|\n|-heal|p2a: Vivillon|33\/100|[from] item: Leftovers\n|upkeep\n|turn|9\n|\n|t:|1698456229\n|move|p2a: Vivillon|Substitute|p2a: Vivillon\n|-start|p2a: Vivillon|Substitute\n|-damage|p2a: Vivillon|8\/100\n|cant|p1a: Regieleki|slp\n|\n|-heal|p2a: Vivillon|14\/100|[from] item: Leftovers\n|upkeep\n|turn|10\n|\n|t:|1698456236\n|move|p2a: Vivillon|Quiver Dance|p2a: Vivillon\n|-boost|p2a: Vivillon|spa|1\n|-boost|p2a: Vivillon|spd|1\n|-boost|p2a: Vivillon|spe|1\n|cant|p1a: Regieleki|slp\n|\n|-heal|p2a: Vivillon|20\/100|[from] item: Leftovers\n|upkeep\n|turn|11\n|\n|t:|1698456246\n|move|p2a: Vivillon|Quiver Dance|p2a: Vivillon\n|-boost|p2a: Vivillon|spa|1\n|-boost|p2a: Vivillon|spd|1\n|-boost|p2a: Vivillon|spe|1\n|-curestatus|p1a: Regieleki|slp|[msg]\n|move|p1a: Regieleki|Brick Break|p2a: Vivillon\n|-supereffective|p2a: Vivillon\n|-end|p2a: Vivillon|Substitute\n|\n|-heal|p2a: Vivillon|26\/100|[from] item: Leftovers\n|upkeep\n|turn|12\n|\n|t:|1698456258\n|move|p2a: Vivillon|Sleep Powder|p1a: Regieleki\n|-status|p1a: Regieleki|slp|[from] move: Sleep Powder\n|cant|p1a: Regieleki|slp\n|\n|-heal|p2a: Vivillon|32\/100|[from] item: Leftovers\n|upkeep\n|turn|13\n|\n|t:|1698456266\n|move|p2a: Vivillon|Substitute|p2a: Vivillon\n|-start|p2a: Vivillon|Substitute\n|-damage|p2a: Vivillon|7\/100\n|cant|p1a: Regieleki|slp\n|\n|-heal|p2a: Vivillon|13\/100|[from] item: Leftovers\n|upkeep\n|turn|14\n|\n|t:|1698456275\n|move|p2a: Vivillon|Hurricane|p1a: Regieleki|[miss]\n|-miss|p2a: Vivillon|p1a: Regieleki\n|cant|p1a: Regieleki|slp\n|\n|-heal|p2a: Vivillon|19\/100|[from] item: Leftovers\n|upkeep\n|turn|15\n|\n|t:|1698456283\n|move|p2a: Vivillon|Hurricane|p1a: Regieleki\n|-damage|p1a: Regieleki|0 fnt\n|replace|p1a: Zoroark|Zoroark-Hisui, M, shiny\n|-end|p1a: Zoroark|Illusion\n|faint|p1a: Zoroark\n|\n|-heal|p2a: Vivillon|25\/100|[from] item: Leftovers\n|upkeep\n|\n|t:|1698456292\n|switch|p1a: Regieleki|Regieleki, shiny|100\/100\n|turn|16\n|\n|t:|1698456297\n|move|p1a: Regieleki|Extreme Speed|p2a: Vivillon\n|-resisted|p2a: Vivillon\n|-activate|p2a: Vivillon|move: Substitute|[damage]\n|move|p2a: Vivillon|Sleep Powder|p1a: Regieleki\n|-status|p1a: Regieleki|slp|[from] move: Sleep Powder\n|\n|-heal|p2a: Vivillon|31\/100|[from] item: Leftovers\n|upkeep\n|turn|17\n|\n|t:|1698456308\n|cant|p1a: Regieleki|slp\n|move|p2a: Vivillon|Quiver Dance|p2a: Vivillon\n|-boost|p2a: Vivillon|spa|1\n|-boost|p2a: Vivillon|spd|1\n|-boost|p2a: Vivillon|spe|1\n|\n|-heal|p2a: Vivillon|37\/100|[from] item: Leftovers\n|upkeep\n|turn|18\n|\n|t:|1698456317\n|cant|p1a: Regieleki|slp\n|move|p2a: Vivillon|Quiver Dance|p2a: Vivillon\n|-boost|p2a: Vivillon|spa|1\n|-boost|p2a: Vivillon|spd|1\n|-boost|p2a: Vivillon|spe|1\n|\n|-heal|p2a: Vivillon|43\/100|[from] item: Leftovers\n|upkeep\n|turn|19\n|\n|t:|1698456328\n|-terastallize|p1a: Regieleki|Electric\n|-curestatus|p1a: Regieleki|slp|[msg]\n|move|p1a: Regieleki|Extreme Speed|p2a: Vivillon\n|-resisted|p2a: Vivillon\n|-end|p2a: Vivillon|Substitute\n|move|p2a: Vivillon|Hurricane|p1a: Regieleki\n|-resisted|p1a: Regieleki\n|-damage|p1a: Regieleki|0 fnt\n|faint|p1a: Regieleki\n|\n|-heal|p2a: Vivillon|49\/100|[from] item: Leftovers\n|upkeep\n|\n|t:|1698456342\n|switch|p1a: Rayquaza|Rayquaza, shiny|100\/100\n|-ability|p1a: Rayquaza|Air Lock\n|turn|20\n|\n|t:|1698456348\n|move|p2a: Vivillon|Sleep Powder|p1a: Rayquaza\n|-status|p1a: Rayquaza|slp|[from] move: Sleep Powder\n|cant|p1a: Rayquaza|slp\n|\n|-heal|p2a: Vivillon|55\/100|[from] item: Leftovers\n|upkeep\n|turn|21\n|\n|t:|1698456358\n|move|p2a: Vivillon|Substitute|p2a: Vivillon\n|-start|p2a: Vivillon|Substitute\n|-damage|p2a: Vivillon|30\/100\n|cant|p1a: Rayquaza|slp\n|\n|-heal|p2a: Vivillon|36\/100|[from] item: Leftovers\n|upkeep\n|turn|22\n|\n|t:|1698456366\n|move|p2a: Vivillon|Hurricane|p1a: Rayquaza\n|-damage|p1a: Rayquaza|0 fnt\n|faint|p1a: Rayquaza\n|\n|-heal|p2a: Vivillon|42\/100|[from] item: Leftovers\n|upkeep\n|\n|t:|1698456374\n|switch|p1a: Chi-Yu|Chi-Yu|100\/100 slp\n|-ability|p1a: Chi-Yu|Beads of Ruin\n|turn|23\n|\n|t:|1698456380\n|move|p2a: Vivillon|Hurricane|p1a: Chi-Yu\n|-crit|p1a: Chi-Yu\n|-damage|p1a: Chi-Yu|0 fnt\n|faint|p1a: Chi-Yu\n|\n|-heal|p2a: Vivillon|48\/100|[from] item: Leftovers\n|upkeep\n|\n|t:|1698456389\n|switch|p1a: Lokix|Lokix, M, shiny|100\/100\n|turn|24\n|\n|t:|1698456405\n|move|p2a: Vivillon|Hurricane|p1a: Lokix\n|-supereffective|p1a: Lokix\n|-damage|p1a: Lokix|0 fnt\n|faint|p1a: Lokix\n|\n|win|Gallade Maid\n|raw|darumakotauros's rating: 1052 &rarr; <strong>1032<\/strong><br \/>(-20 for losing)\n|raw|Gallade Maid's rating: 1000 &rarr; <strong>1046<\/strong><br \/>(+46 for winning)\n|player|p2|Gallade Maid|1\n","uploadtime":1698456407,"views":10,"p1id":"darumakotauros","p2id":"gallademaid","formatid":"gen9anythinggoes","rating":1032,"private":0,"password":""}