{"id":"gen9anythinggoes-1975238459","p1":"mlgpokeballer","p2":"ymmwina","format":"[Gen 9] Anything Goes","log":"|j|\u2606mlgpokeballer\n|j|\u2606ymmwina\n|inactive|Battle timer is ON: inactive players will automatically lose when time's up.\n|t:|1698172678\n|gametype|singles\n|player|p1|mlgpokeballer|crasherwake|\n|player|p2|ymmwina|jogger|\n|teamsize|p1|6\n|teamsize|p2|6\n|gen|9\n|tier|[Gen 9] Anything Goes\n|rated|Tournament battle\n|rule|HP Percentage Mod: HP is shown in percentages\n|rule|Endless Battle Clause: Forcing endless battles is banned\n|clearpoke\n|poke|p1|Arceus-Poison|\n|poke|p1|Grimmsnarl, M|\n|poke|p1|Kyogre|\n|poke|p1|Calyrex-Shadow|\n|poke|p1|Arceus|\n|poke|p1|Koraidon|\n|poke|p2|Arceus-Fairy|\n|poke|p2|Ting-Lu|\n|poke|p2|Vivillon-Tundra, M|\n|poke|p2|Arceus|\n|poke|p2|Calyrex-Shadow|\n|poke|p2|Toxapex, F|\n|teampreview\n|\n|t:|1698172687\n|start\n|switch|p1a: Grimmsnarl|Grimmsnarl, M, shiny|100\/100\n|switch|p2a: Calyrex|Calyrex-Shadow|100\/100\n|-ability|p2a: Calyrex|As One\n|-ability|p2a: Calyrex|Unnerve\n|turn|1\n|\n|t:|1698172691\n|move|p1a: Grimmsnarl|Light Screen|p1a: Grimmsnarl\n|-sidestart|p1: mlgpokeballer|move: Light Screen\n|move|p2a: Calyrex|Trick|p1a: Grimmsnarl\n|-activate|p2a: Calyrex|move: Trick|[of] p1a: Grimmsnarl\n|-item|p1a: Grimmsnarl|Choice Specs|[from] move: Trick\n|-item|p2a: Calyrex|Light Clay|[from] move: Trick\n|\n|upkeep\n|turn|2\n|\n|t:|1698172709\n|switch|p2a: Arceus|Arceus-Fairy|100\/100\n|move|p1a: Grimmsnarl|Play Rough|p2a: Arceus\n|-damage|p2a: Arceus|79\/100\n|\n|upkeep\n|turn|3\n|\n|t:|1698172721\n|switch|p1a: Arceus|Arceus-Poison, shiny|100\/100\n|move|p2a: Arceus|Calm Mind|p2a: Arceus\n|-boost|p2a: Arceus|spa|1\n|-boost|p2a: Arceus|spd|1\n|\n|upkeep\n|turn|4\n|\n|t:|1698172727\n|switch|p2a: Toxapex|Toxapex, F|100\/100\n|move|p1a: Arceus|Dragon Dance|p1a: Arceus\n|-boost|p1a: Arceus|atk|1\n|-boost|p1a: Arceus|spe|1\n|\n|upkeep\n|turn|5\n|\n|t:|1698172738\n|move|p1a: Arceus|Earthquake|p2a: Toxapex\n|-supereffective|p2a: Toxapex\n|-damage|p2a: Toxapex|37\/100\n|move|p2a: Toxapex|Haze|p2a: Toxapex\n|-clearallboost\n|\n|upkeep\n|turn|6\n|\n|t:|1698172749\n|switch|p2a: Ting-Lu|Ting-Lu|100\/100\n|-ability|p2a: Ting-Lu|Vessel of Ruin\n|move|p1a: Arceus|Earthquake|p2a: Ting-Lu\n|-damage|p2a: Ting-Lu|81\/100\n|\n|-heal|p2a: Ting-Lu|87\/100|[from] item: Leftovers\n|upkeep\n|turn|7\n|\n|t:|1698172753\n|switch|p1a: Koraidon|Koraidon|100\/100\n|-weather|SunnyDay|[from] ability: Orichalcum Pulse|[of] p1a: Koraidon\n|-activate|p1a: Koraidon|Orichalcum Pulse|[source]\n|move|p2a: Ting-Lu|Whirlwind|p1a: Koraidon\n|drag|p1a: Arceus|Arceus, shiny|100\/100\n|\n|-weather|SunnyDay|[upkeep]\n|-heal|p2a: Ting-Lu|93\/100|[from] item: Leftovers\n|upkeep\n|turn|8\n|\n|t:|1698172758\n|move|p1a: Arceus|Bulk Up|p1a: Arceus\n|-boost|p1a: Arceus|atk|1\n|-boost|p1a: Arceus|def|1\n|move|p2a: Ting-Lu|Whirlwind|p1a: Arceus\n|drag|p1a: Grimmsnarl|Grimmsnarl, M, shiny|100\/100\n|\n|-weather|SunnyDay|[upkeep]\n|-heal|p2a: Ting-Lu|99\/100|[from] item: Leftovers\n|-sideend|p1: mlgpokeballer|move: Light Screen\n|upkeep\n|turn|9\n|\n|t:|1698172774\n|switch|p2a: Toxapex|Toxapex, F|70\/100\n|move|p1a: Grimmsnarl|Play Rough|p2a: Toxapex\n|-resisted|p2a: Toxapex\n|-damage|p2a: Toxapex|56\/100\n|-damage|p1a: Grimmsnarl|84\/100|[from] item: Rocky Helmet|[of] p2a: Toxapex\n|\n|-weather|SunnyDay|[upkeep]\n|upkeep\n|turn|10\n|\n|t:|1698172784\n|switch|p1a: Arceus|Arceus-Poison, shiny|100\/100\n|switch|p2a: Calyrex|Calyrex-Shadow|100\/100\n|-ability|p2a: Calyrex|As One\n|-ability|p2a: Calyrex|Unnerve\n|\n|-weather|SunnyDay|[upkeep]\n|upkeep\n|turn|11\n|\n|t:|1698172797\n|move|p2a: Calyrex|Psyshock|p1a: Arceus\n|-supereffective|p1a: Arceus\n|-damage|p1a: Arceus|29\/100\n|move|p1a: Arceus|Shadow Claw|p2a: Calyrex\n|-supereffective|p2a: Calyrex\n|-damage|p2a: Calyrex|0 fnt\n|faint|p2a: Calyrex\n|\n|-weather|none\n|upkeep\n|inactive|ymmwina has 120 seconds left.\n|\n|t:|1698172834\n|switch|p2a: Vivillon|Vivillon-Tundra, M|100\/100\n|turn|12\n|\n|t:|1698172843\n|move|p1a: Arceus|Dragon Dance|p1a: Arceus\n|-boost|p1a: Arceus|atk|1\n|-boost|p1a: Arceus|spe|1\n|move|p2a: Vivillon|Sleep Powder|p1a: Arceus\n|-status|p1a: Arceus|slp|[from] move: Sleep Powder\n|\n|upkeep\n|turn|13\n|\n|t:|1698172852\n|cant|p1a: Arceus|slp\n|move|p2a: Vivillon|Hurricane|p1a: Arceus\n|-damage|p1a: Arceus|0 fnt\n|faint|p1a: Arceus\n|\n|upkeep\n|\n|t:|1698172863\n|switch|p1a: Koraidon|Koraidon|100\/100\n|-weather|SunnyDay|[from] ability: Orichalcum Pulse|[of] p1a: Koraidon\n|-activate|p1a: Koraidon|Orichalcum Pulse|[source]\n|turn|14\n|\n|t:|1698172870\n|switch|p2a: Toxapex|Toxapex, F|89\/100\n|move|p1a: Koraidon|Taunt|p2a: Toxapex\n|-start|p2a: Toxapex|move: Taunt\n|\n|-weather|SunnyDay|[upkeep]\n|upkeep\n|turn|15\n|\n|t:|1698172876\n|switch|p2a: Arceus|Arceus-Fairy|79\/100\n|move|p1a: Koraidon|Swords Dance|p1a: Koraidon\n|-boost|p1a: Koraidon|atk|2\n|\n|-weather|SunnyDay|[upkeep]\n|upkeep\n|turn|16\n|\n|t:|1698172885\n|switch|p1a: Arceus|Arceus, shiny|100\/100\n|move|p2a: Arceus|Judgment|p1a: Arceus\n|-damage|p1a: Arceus|69\/100\n|\n|-weather|SunnyDay|[upkeep]\n|-heal|p1a: Arceus|75\/100|[from] item: Leftovers\n|upkeep\n|turn|17\n|\n|t:|1698172889\n|move|p1a: Arceus|Bulk Up|p1a: Arceus\n|-boost|p1a: Arceus|atk|1\n|-boost|p1a: Arceus|def|1\n|move|p2a: Arceus|Will-O-Wisp|p1a: Arceus\n|-status|p1a: Arceus|brn\n|\n|-weather|SunnyDay|[upkeep]\n|-heal|p1a: Arceus|81\/100 brn|[from] item: Leftovers\n|-damage|p1a: Arceus|75\/100 brn|[from] brn\n|upkeep\n|turn|18\n|\n|t:|1698172895\n|switch|p2a: Ting-Lu|Ting-Lu|99\/100\n|-ability|p2a: Ting-Lu|Vessel of Ruin\n|move|p1a: Arceus|Extreme Speed|p2a: Ting-Lu\n|-damage|p2a: Ting-Lu|81\/100\n|\n|-weather|none\n|-heal|p1a: Arceus|81\/100 brn|[from] item: Leftovers\n|-heal|p2a: Ting-Lu|87\/100|[from] item: Leftovers\n|-damage|p1a: Arceus|75\/100 brn|[from] brn\n|upkeep\n|turn|19\n|\n|t:|1698172902\n|move|p1a: Arceus|Extreme Speed|p2a: Ting-Lu\n|-damage|p2a: Ting-Lu|69\/100\n|move|p2a: Ting-Lu|Whirlwind|p1a: Arceus\n|drag|p1a: Kyogre|Kyogre, shiny|100\/100\n|-weather|RainDance|[from] ability: Drizzle|[of] p1a: Kyogre\n|\n|-weather|RainDance|[upkeep]\n|-heal|p2a: Ting-Lu|75\/100|[from] item: Leftovers\n|upkeep\n|turn|20\n|\n|t:|1698172921\n|-terastallize|p2a: Ting-Lu|Grass\n|move|p1a: Kyogre|Origin Pulse|p2a: Ting-Lu\n|-resisted|p2a: Ting-Lu\n|-damage|p2a: Ting-Lu|47\/100\n|move|p2a: Ting-Lu|Payback|p1a: Kyogre\n|-damage|p1a: Kyogre|67\/100\n|\n|-weather|RainDance|[upkeep]\n|-heal|p2a: Ting-Lu|53\/100|[from] item: Leftovers\n|upkeep\n|turn|21\n|\n|t:|1698172926\n|move|p1a: Kyogre|Ice Beam|p2a: Ting-Lu\n|-supereffective|p2a: Ting-Lu\n|-damage|p2a: Ting-Lu|19\/100\n|move|p2a: Ting-Lu|Taunt|p1a: Kyogre\n|-start|p1a: Kyogre|move: Taunt\n|\n|-weather|RainDance|[upkeep]\n|-heal|p2a: Ting-Lu|25\/100|[from] item: Leftovers\n|upkeep\n|turn|22\n|\n|t:|1698172940\n|switch|p2a: Toxapex|Toxapex, F|100\/100\n|move|p1a: Kyogre|Ice Beam|p2a: Toxapex\n|-resisted|p2a: Toxapex\n|-damage|p2a: Toxapex|83\/100\n|-status|p2a: Toxapex|frz\n|\n|-weather|RainDance|[upkeep]\n|upkeep\n|turn|23\n|\n|t:|1698172949\n|move|p1a: Kyogre|Thunder|p2a: Toxapex\n|-supereffective|p2a: Toxapex\n|-damage|p2a: Toxapex|7\/100 frz\n|cant|p2a: Toxapex|frz\n|\n|-weather|none\n|upkeep\n|turn|24\n|\n|t:|1698172960\n|move|p1a: Kyogre|Origin Pulse|p2a: Toxapex|[miss]\n|-miss|p1a: Kyogre|p2a: Toxapex\n|cant|p2a: Toxapex|frz\n|\n|-end|p1a: Kyogre|move: Taunt\n|upkeep\n|turn|25\n|\n|t:|1698172965\n|move|p1a: Kyogre|Ice Beam|p2a: Toxapex\n|-resisted|p2a: Toxapex\n|-damage|p2a: Toxapex|0 fnt\n|faint|p2a: Toxapex\n|\n|upkeep\n|\n|t:|1698172976\n|switch|p2a: Arceus|Arceus-Fairy|79\/100\n|turn|26\n|\n|t:|1698172996\n|switch|p1a: Grimmsnarl|Grimmsnarl, M, shiny|84\/100\n|move|p2a: Arceus|Recover|p2a: Arceus\n|-heal|p2a: Arceus|100\/100\n|\n|upkeep\n|turn|27\n|\n|t:|1698173003\n|move|p1a: Grimmsnarl|Taunt|p2a: Arceus\n|-start|p2a: Arceus|move: Taunt\n|cant|p2a: Arceus|move: Taunt|Calm Mind\n|\n|upkeep\n|turn|28\n|\n|t:|1698173012\n|switch|p1a: Arceus|Arceus, shiny|75\/100 brn\n|move|p2a: Arceus|Judgment|p1a: Arceus\n|-damage|p1a: Arceus|42\/100 brn\n|\n|-heal|p1a: Arceus|48\/100 brn|[from] item: Leftovers\n|-damage|p1a: Arceus|42\/100 brn|[from] brn\n|upkeep\n|turn|29\n|\n|t:|1698173021\n|move|p1a: Arceus|Extreme Speed|p2a: Arceus\n|-damage|p2a: Arceus|90\/100\n|move|p2a: Arceus|Judgment|p1a: Arceus\n|-damage|p1a: Arceus|12\/100 brn\n|\n|-heal|p1a: Arceus|18\/100 brn|[from] item: Leftovers\n|-damage|p1a: Arceus|12\/100 brn|[from] brn\n|-end|p2a: Arceus|move: Taunt\n|upkeep\n|turn|30\n|\n|t:|1698173034\n|switch|p1a: Grimmsnarl|Grimmsnarl, M, shiny|84\/100\n|move|p2a: Arceus|Calm Mind|p2a: Arceus\n|-boost|p2a: Arceus|spa|1\n|-boost|p2a: Arceus|spd|1\n|\n|upkeep\n|turn|31\n|\n|t:|1698173045\n|move|p1a: Grimmsnarl|Taunt|p2a: Arceus\n|-start|p2a: Arceus|move: Taunt\n|move|p2a: Arceus|Judgment|p1a: Grimmsnarl\n|-supereffective|p1a: Grimmsnarl\n|-damage|p1a: Grimmsnarl|0 fnt\n|faint|p1a: Grimmsnarl\n|\n|upkeep\n|\n|t:|1698173052\n|switch|p1a: Calyrex|Calyrex-Shadow|100\/100\n|-ability|p1a: Calyrex|As One\n|-ability|p1a: Calyrex|Unnerve\n|turn|32\n|\n|t:|1698173056\n|move|p1a: Calyrex|Nasty Plot|p1a: Calyrex\n|-boost|p1a: Calyrex|spa|2\n|move|p2a: Arceus|Judgment|p1a: Calyrex\n|-damage|p1a: Calyrex|28\/100\n|\n|upkeep\n|turn|33\n|\n|t:|1698173058\n|move|p1a: Calyrex|Astral Barrage|p2a: Arceus\n|-damage|p2a: Arceus|22\/100\n|move|p2a: Arceus|Judgment|p1a: Calyrex\n|-damage|p1a: Calyrex|0 fnt\n|faint|p1a: Calyrex\n|\n|-end|p2a: Arceus|move: Taunt\n|upkeep\n|\n|t:|1698173064\n|switch|p1a: Kyogre|Kyogre, shiny|67\/100\n|-weather|RainDance|[from] ability: Drizzle|[of] p1a: Kyogre\n|turn|34\n|\n|t:|1698173066\n|-terastallize|p1a: Kyogre|Water\n|move|p2a: Arceus|Recover|p2a: Arceus\n|-heal|p2a: Arceus|72\/100\n|move|p1a: Kyogre|Origin Pulse|p2a: Arceus\n|-damage|p2a: Arceus|0 fnt\n|faint|p2a: Arceus\n|\n|-weather|RainDance|[upkeep]\n|upkeep\n|\n|t:|1698173076\n|switch|p2a: Vivillon|Vivillon-Tundra, M|100\/100\n|turn|35\n|\n|t:|1698173081\n|move|p2a: Vivillon|Sleep Powder|p1a: Kyogre\n|-status|p1a: Kyogre|slp|[from] move: Sleep Powder\n|cant|p1a: Kyogre|slp\n|\n|-weather|RainDance|[upkeep]\n|upkeep\n|turn|36\n|\n|t:|1698173083\n|switch|p1a: Koraidon|Koraidon|100\/100\n|-weather|SunnyDay|[from] ability: Orichalcum Pulse|[of] p1a: Koraidon\n|-activate|p1a: Koraidon|Orichalcum Pulse|[source]\n|move|p2a: Vivillon|Substitute|p2a: Vivillon\n|-start|p2a: Vivillon|Substitute\n|-damage|p2a: Vivillon|76\/100\n|\n|-weather|SunnyDay|[upkeep]\n|upkeep\n|turn|37\n|\n|t:|1698173086\n|move|p1a: Koraidon|Scale Shot|p2a: Vivillon\n|-end|p2a: Vivillon|Substitute\n|-damage|p2a: Vivillon|41\/100\n|-damage|p2a: Vivillon|6\/100\n|-damage|p2a: Vivillon|0 fnt\n|faint|p2a: Vivillon\n|-hitcount|p2: Vivillon|4\n|-unboost|p1a: Koraidon|def|1\n|-boost|p1a: Koraidon|spe|1\n|\n|-weather|SunnyDay|[upkeep]\n|upkeep\n|c|\u2606ymmwina|i so misplayed this\n|c|\u2606mlgpokeballer|happens sometimes\n|inactive|ymmwina has 120 seconds left.\n|\n|t:|1698173118\n|switch|p2a: Arceus|Arceus|100\/100\n|turn|38\n|c|\u2606mlgpokeballer|i've thrown about 4 tournament games today lol\n|\n|t:|1698173125\n|move|p1a: Koraidon|Collision Course|p2a: Arceus\n|-supereffective|p2a: Arceus\n|-damage|p2a: Arceus|0 fnt\n|faint|p2a: Arceus\n|\n|-weather|SunnyDay|[upkeep]\n|upkeep\n|\n|t:|1698173128\n|switch|p2a: Ting-Lu|Ting-Lu, tera:Grass|25\/100\n|-ability|p2a: Ting-Lu|Vessel of Ruin\n|turn|39\n|\n|t:|1698173130\n|move|p1a: Koraidon|Collision Course|p2a: Ting-Lu\n|-damage|p2a: Ting-Lu|0 fnt\n|faint|p2a: Ting-Lu\n|\n|win|mlgpokeballer\n|n|\u2606mlgpokeballer|mlgpokeballer\n|n|\u2606ymmwina|ymmwina\n","uploadtime":1698173131,"views":7,"p1id":"mlgpokeballer","p2id":"ymmwina","formatid":"gen9anythinggoes","rating":0,"private":0,"password":""}