{"id":"gen9anythinggoes-1972800661","p1":"shunrencuh","p2":"BooperDooper15","format":"[Gen 9] Anything Goes","log":"|j|\u2606shunrencuh\n|j|\u2606BooperDooper15\n|t:|1697896692\n|gametype|singles\n|player|p1|shunrencuh|265|1083\n|player|p2|BooperDooper15|102|1040\n|teamsize|p1|6\n|teamsize|p2|6\n|gen|9\n|tier|[Gen 9] Anything Goes\n|rated|\n|rule|HP Percentage Mod: HP is shown in percentages\n|rule|Endless Battle Clause: Forcing endless battles is banned\n|clearpoke\n|poke|p1|Gallade, M|\n|poke|p1|Meowscarada, F|\n|poke|p1|Dragapult, M|\n|poke|p1|Volcarona, M|\n|poke|p1|Mimikyu, F|\n|poke|p1|Sneasler, M|\n|poke|p2|Gogoat, M|\n|poke|p2|Annihilape, F|\n|poke|p2|Scizor, M|\n|poke|p2|Flutter Mane|\n|poke|p2|Dialga|\n|poke|p2|Greninja-*, M|\n|teampreview\n|\n|t:|1697896703\n|start\n|switch|p1a: Meowscarada|Meowscarada, F|100\/100\n|switch|p2a: Scizor|Scizor, M, shiny|100\/100\n|turn|1\n|\n|t:|1697896712\n|move|p1a: Meowscarada|Aura Sphere|p2a: Scizor\n|-start|p1a: Meowscarada|typechange|Fighting|[from] ability: Protean\n|-damage|p2a: Scizor|67\/100\n|move|p2a: Scizor|X-Scissor|p1a: Meowscarada\n|-resisted|p1a: Meowscarada\n|-damage|p1a: Meowscarada|72\/100\n|\n|upkeep\n|turn|2\n|\n|t:|1697896724\n|move|p1a: Meowscarada|Aura Sphere|p2a: Scizor\n|-damage|p2a: Scizor|32\/100\n|move|p2a: Scizor|Swords Dance|p2a: Scizor\n|-boost|p2a: Scizor|atk|2\n|\n|upkeep\n|turn|3\n|\n|t:|1697896731\n|move|p2a: Scizor|Bullet Punch|p1a: Meowscarada\n|-damage|p1a: Meowscarada|0 fnt\n|faint|p1a: Meowscarada\n|\n|upkeep\n|\n|t:|1697896744\n|switch|p1a: Gallade|Gallade, M|100\/100\n|turn|4\n|\n|t:|1697896748\n|move|p2a: Scizor|Bullet Punch|p1a: Gallade\n|-damage|p1a: Gallade|0 fnt\n|faint|p1a: Gallade\n|\n|upkeep\n|\n|t:|1697896753\n|switch|p1a: Dragapult|Dragapult, M|100\/100\n|turn|5\n|\n|t:|1697896757\n|move|p2a: Scizor|Bullet Punch|p1a: Dragapult\n|-damage|p1a: Dragapult|0 fnt\n|faint|p1a: Dragapult\n|\n|upkeep\n|\n|t:|1697896762\n|switch|p1a: Volcarona|Volcarona, M|100\/100\n|turn|6\n|\n|t:|1697896783\n|move|p2a: Scizor|Bullet Punch|p1a: Volcarona\n|-resisted|p1a: Volcarona\n|-damage|p1a: Volcarona|47\/100\n|move|p1a: Volcarona|Bug Buzz|p2a: Scizor\n|-resisted|p2a: Scizor\n|-damage|p2a: Scizor|1\/100\n|\n|upkeep\n|turn|7\n|\n|t:|1697896806\n|move|p2a: Scizor|Bullet Punch|p1a: Volcarona\n|-resisted|p1a: Volcarona\n|-damage|p1a: Volcarona|0 fnt\n|faint|p1a: Volcarona\n|\n|upkeep\n|\n|t:|1697896813\n|switch|p1a: Mimikyu|Mimikyu, F|100\/100\n|turn|8\n|\n|t:|1697896832\n|switch|p2a: Dialga|Dialga, shiny|100\/100\n|move|p1a: Mimikyu|Shadow Sneak|p2a: Dialga\n|-damage|p2a: Dialga|89\/100\n|\n|upkeep\n|turn|9\n|\n|t:|1697896845\n|move|p2a: Dialga|Earth Power|p1a: Mimikyu\n|-activate|p1a: Mimikyu|ability: Disguise\n|-damage|p1a: Mimikyu|100\/100\n|detailschange|p1a: Mimikyu|Mimikyu-Busted, F\n|-damage|p1a: Mimikyu|88\/100|[from] pokemon: Mimikyu-Busted\n|move|p1a: Mimikyu|Play Rough|p2a: Dialga|[miss]\n|-miss|p1a: Mimikyu|p2a: Dialga\n|\n|upkeep\n|turn|10\n|\n|t:|1697896855\n|move|p2a: Dialga|Flash Cannon|p1a: Mimikyu\n|-supereffective|p1a: Mimikyu\n|-damage|p1a: Mimikyu|19\/100\n|move|p1a: Mimikyu|Play Rough|p2a: Dialga\n|-damage|p2a: Dialga|60\/100\n|\n|upkeep\n|turn|11\n|\n|t:|1697896864\n|move|p1a: Mimikyu|Shadow Sneak|p2a: Dialga\n|-damage|p2a: Dialga|47\/100\n|move|p2a: Dialga|Flash Cannon|p1a: Mimikyu\n|-supereffective|p1a: Mimikyu\n|-damage|p1a: Mimikyu|0 fnt\n|faint|p1a: Mimikyu\n|\n|upkeep\n|\n|t:|1697896870\n|switch|p1a: Sneasler|Sneasler, M|100\/100\n|turn|12\n|\n|t:|1697896892\n|-terastallize|p1a: Sneasler|Fighting\n|move|p1a: Sneasler|Dire Claw|p2a: Dialga\n|-immune|p2a: Dialga\n|move|p2a: Dialga|Earth Power|p1a: Sneasler\n|-damage|p1a: Sneasler|57\/100\n|\n|upkeep\n|turn|13\n|c|\u2606shunrencuh|im scarfed gg\n|\n|t:|1697896913\n|move|p1a: Sneasler|Dire Claw|p2a: Dialga\n|-immune|p2a: Dialga\n|move|p2a: Dialga|Roar of Time|p1a: Sneasler\n|-damage|p1a: Sneasler|0 fnt\n|-mustrecharge|p2a: Dialga\n|faint|p1a: Sneasler\n|\n|win|BooperDooper15\n|raw|shunrencuh's rating: 1083 &rarr; <strong>1058<\/strong><br \/>(-25 for losing)\n|raw|BooperDooper15's rating: 1040 &rarr; <strong>1078<\/strong><br \/>(+38 for winning)\n","uploadtime":1697896928,"views":48,"p1id":"shunrencuh","p2id":"booperdooper15","formatid":"gen9anythinggoes","rating":1058,"private":0,"password":""}