{"id":"gen9anythinggoes-1983783526","p1":"Absolitary37","p2":"Arjun9767u","format":"[Gen 9] Anything Goes","log":"|j|\u2606Absolitary37\n|j|\u2606Arjun9767u\n|t:|1699180291\n|gametype|singles\n|player|p1|Absolitary37|ghetsis-gen5bw|1107\n|player|p2|Arjun9767u|1|1000\n|teamsize|p1|6\n|teamsize|p2|6\n|gen|9\n|tier|[Gen 9] Anything Goes\n|rated|\n|rule|HP Percentage Mod: HP is shown in percentages\n|rule|Endless Battle Clause: Forcing endless battles is banned\n|clearpoke\n|poke|p1|Medicham, F|\n|poke|p1|Medicham, F|\n|poke|p1|Medicham, F|\n|poke|p1|Tinkaton, F|\n|poke|p1|Tinkaton, F|\n|poke|p1|Tinkaton, F|\n|poke|p2|Empoleon, M|\n|poke|p2|Corviknight, M|\n|poke|p2|Arcanine, M|\n|poke|p2|Tyranitar, F|\n|poke|p2|Dragapult, M|\n|poke|p2|Jolteon, M|\n|teampreview\n|c|\u2606Absolitary37|Glhf\n|\n|t:|1699180299\n|start\n|switch|p1a: GO|Medicham, F|100\/100\n|switch|p2a: Dragapult|Dragapult, M|100\/100\n|turn|1\n|\n|t:|1699180312\n|move|p2a: Dragapult|Draco Meteor|p1a: GO\n|-damage|p1a: GO|27\/100\n|-unboost|p2a: Dragapult|spa|2\n|move|p1a: GO|Trick|p2a: Dragapult\n|-activate|p1a: GO|move: Trick|[of] p2a: Dragapult\n|-item|p2a: Dragapult|Choice Scarf|[from] move: Trick\n|-item|p1a: GO|Choice Scarf|[from] move: Trick\n|\n|upkeep\n|turn|2\n|c|\u2606Absolitary37|...oh\n|\n|t:|1699180322\n|move|p2a: Dragapult|Dragon Rush|p1a: GO\n|-damage|p1a: GO|0 fnt\n|faint|p1a: GO\n|\n|upkeep\n|\n|t:|1699180324\n|switch|p1a: GO|Medicham, F|100\/100\n|turn|3\n|\n|t:|1699180330\n|move|p2a: Dragapult|Dragon Rush|p1a: GO\n|-damage|p1a: GO|36\/100\n|cant|p1a: GO|flinch\n|\n|upkeep\n|turn|4\n|\n|t:|1699180337\n|move|p2a: Dragapult|Dragon Rush|p1a: GO|[miss]\n|-miss|p2a: Dragapult|p1a: GO\n|move|p1a: GO|Skill Swap|p2a: Dragapult\n|-activate|p1a: GO|move: Skill Swap|Infiltrator|Pure Power|[of] p2a: Dragapult\n|\n|upkeep\n|turn|5\n|\n|t:|1699180344\n|switch|p1a: BONK|Tinkaton, F|100\/100\n|move|p2a: Dragapult|Dragon Rush|p1a: BONK\n|-immune|p1a: BONK\n|\n|upkeep\n|turn|6\n|\n|t:|1699180353\n|move|p2a: Dragapult|Dragon Rush|p1a: BONK\n|-immune|p1a: BONK\n|move|p1a: BONK|Skill Swap|p2a: Dragapult\n|-activate|p1a: BONK|move: Skill Swap|Pure Power|Own Tempo|[of] p2a: Dragapult\n|\n|upkeep\n|turn|7\n|\n|t:|1699180369\n|switch|p2a: Tyranitar|Tyranitar, F|100\/100\n|-weather|Sandstorm|[from] ability: Sand Stream|[of] p2a: Tyranitar\n|move|p1a: BONK|Play Rough|p2a: Tyranitar\n|-supereffective|p2a: Tyranitar\n|-damage|p2a: Tyranitar|0 fnt\n|-damage|p1a: BONK|84\/100|[from] item: Rocky Helmet|[of] p2a: Tyranitar\n|faint|p2a: Tyranitar\n|\n|-weather|Sandstorm|[upkeep]\n|upkeep\n|\n|t:|1699180382\n|switch|p2a: Arcanine|Arcanine, M|100\/100\n|-ability|p2a: Arcanine|Intimidate|boost\n|-unboost|p1a: BONK|atk|1\n|turn|8\n|\n|t:|1699180391\n|move|p1a: BONK|Brick Break|p2a: Arcanine\n|-damage|p2a: Arcanine|74\/100\n|move|p2a: Arcanine|Fire Blast|p1a: BONK\n|-supereffective|p1a: BONK\n|-damage|p1a: BONK|0 fnt\n|faint|p1a: BONK\n|\n|-weather|Sandstorm|[upkeep]\n|-damage|p2a: Arcanine|67\/100|[from] Sandstorm\n|upkeep\n|\n|t:|1699180396\n|switch|p1a: GO|Medicham, F|36\/100\n|turn|9\n|\n|t:|1699180406\n|move|p1a: GO|Skill Swap|p2a: Arcanine\n|-activate|p1a: GO|move: Skill Swap|Intimidate|Pure Power|[of] p2a: Arcanine\n|-ability|p1a: GO|Intimidate|boost\n|-unboost|p2a: Arcanine|atk|1\n|move|p2a: Arcanine|Fire Blast|p1a: GO\n|-damage|p1a: GO|0 fnt\n|faint|p1a: GO\n|\n|-weather|Sandstorm|[upkeep]\n|-damage|p2a: Arcanine|61\/100|[from] Sandstorm\n|upkeep\n|\n|t:|1699180408\n|switch|p1a: BONK|Tinkaton, F|100\/100\n|turn|10\n|\n|t:|1699180423\n|-terastallize|p1a: BONK|Fighting\n|move|p1a: BONK|Skill Swap|p2a: Arcanine\n|-activate|p1a: BONK|move: Skill Swap|Pure Power|Own Tempo|[of] p2a: Arcanine\n|move|p2a: Arcanine|Fire Blast|p1a: BONK\n|-damage|p1a: BONK|54\/100\n|\n|-weather|Sandstorm|[upkeep]\n|-damage|p1a: BONK|48\/100|[from] Sandstorm\n|-damage|p2a: Arcanine|55\/100|[from] Sandstorm\n|upkeep\n|turn|11\n|\n|t:|1699180444\n|move|p1a: BONK|Gigaton Hammer|p2a: Arcanine\n|-resisted|p2a: Arcanine\n|-damage|p2a: Arcanine|0 fnt\n|faint|p2a: Arcanine\n|\n|-weather|none\n|upkeep\n|\n|t:|1699180473\n|switch|p2a: Empoleon|Empoleon, M|100\/100\n|turn|12\n|\n|t:|1699180479\n|move|p1a: BONK|Brick Break|p2a: Empoleon\n|-supereffective|p2a: Empoleon\n|-damage|p2a: Empoleon|0 fnt\n|faint|p2a: Empoleon\n|\n|upkeep\n|\n|t:|1699180485\n|switch|p2a: Corviknight|Corviknight, M|100\/100\n|-ability|p2a: Corviknight|Unnerve\n|turn|13\n|c|\u2606Absolitary37|Funny how pokemon lore says tinkaton hunts corviknight\n|\n|t:|1699180512\n|move|p1a: BONK|Brick Break|p2a: Corviknight\n|-damage|p2a: Corviknight|59\/100\n|move|p2a: Corviknight|Steel Beam|p1a: BONK\n|-damage|p1a: BONK|15\/100\n|-damage|p2a: Corviknight|9\/100|[from] steelbeam\n|\n|-heal|p2a: Corviknight|15\/100|[from] item: Leftovers\n|upkeep\n|turn|14\n|c|\u2606Absolitary37|Despite tinktaton losing to corviknight\n|\n|t:|1699180530\n|move|p1a: BONK|Brick Break|p2a: Corviknight\n|-damage|p2a: Corviknight|0 fnt\n|faint|p2a: Corviknight\n|\n|upkeep\n|\n|t:|1699180538\n|switch|p2a: Jolteon|Jolteon, M|100\/100\n|turn|15\n|\n|t:|1699180552\n|move|p1a: BONK|Gigaton Hammer|p2a: Jolteon\n|-resisted|p2a: Jolteon\n|-damage|p2a: Jolteon|0 fnt\n|faint|p2a: Jolteon\n|\n|upkeep\n|\n|t:|1699180558\n|switch|p2a: Dragapult|Dragapult, M|100\/100\n|turn|16\n|c|\u2606Absolitary37|Gg\n|\n|t:|1699180565\n|move|p2a: Dragapult|Draco Meteor|p1a: BONK\n|-damage|p1a: BONK|0 fnt\n|-unboost|p2a: Dragapult|spa|2\n|faint|p1a: BONK\n|\n|upkeep\n|\n|t:|1699180568\n|switch|p1a: GO|Medicham, F|100\/100\n|turn|17\n|\n|t:|1699180573\n|move|p2a: Dragapult|Draco Meteor|p1a: GO\n|-damage|p1a: GO|59\/100\n|-unboost|p2a: Dragapult|spa|2\n|move|p1a: GO|Skill Swap|p2a: Dragapult\n|-activate|p1a: GO|move: Skill Swap|Infiltrator|Pure Power|[of] p2a: Dragapult\n|\n|upkeep\n|turn|18\n|\n|t:|1699180582\n|switch|p1a: BONK|Tinkaton, F|100\/100\n|move|p2a: Dragapult|Draco Meteor|p1a: BONK\n|-immune|p1a: BONK\n|\n|upkeep\n|turn|19\n|\n|t:|1699180591\n|-terastallize|p2a: Dragapult|Dragon\n|move|p2a: Dragapult|Draco Meteor|p1a: BONK\n|-immune|p1a: BONK\n|move|p1a: BONK|Skill Swap|p2a: Dragapult\n|-activate|p1a: BONK|move: Skill Swap|Pure Power|Own Tempo|[of] p2a: Dragapult\n|\n|upkeep\n|turn|20\n|\n|t:|1699180609\n|move|p2a: Dragapult|Draco Meteor|p1a: BONK\n|-immune|p1a: BONK\n|move|p1a: BONK|Play Rough|p2a: Dragapult\n|-supereffective|p2a: Dragapult\n|-damage|p2a: Dragapult|0 fnt\n|faint|p2a: Dragapult\n|\n|win|Absolitary37\n|raw|Absolitary37's rating: 1126 &rarr; <strong>1142<\/strong><br \/>(+16 for winning)\n|raw|Arjun9767u's rating: 1000 &rarr; <strong>1000<\/strong><br \/>(+0 for losing)\n","uploadtime":1699180614,"views":3,"p1id":"absolitary37","p2id":"arjun9767u","formatid":"gen9anythinggoes","rating":1000,"private":0,"password":""}