{"id":"gen9anythinggoes-1998986070","p1":"kingripoff","p2":"thedusksea","format":"[Gen 9] Anything Goes","log":"|j|\u2606kingripoff\n|j|\u2606thedusksea\n|t:|1701020927\n|gametype|singles\n|player|p1|kingripoff|102|\n|player|p2|thedusksea|cheren|\n|teamsize|p1|6\n|teamsize|p2|6\n|gen|9\n|tier|[Gen 9] Anything Goes\n|rule|HP Percentage Mod: HP is shown in percentages\n|rule|Endless Battle Clause: Forcing endless battles is banned\n|clearpoke\n|poke|p1|Manaphy|\n|poke|p1|Torterra, F|\n|poke|p1|Infernape, F|\n|poke|p1|Corviknight, F|\n|poke|p1|Tyranitar, F|\n|poke|p1|Cyclizar, M|\n|poke|p2|Ninetales-Alola, F|\n|poke|p2|Kommo-o, F|\n|poke|p2|Armarouge, M|\n|poke|p2|Ogerpon, F|\n|poke|p2|Zapdos|\n|poke|p2|Sandslash-Alola, F|\n|teampreview\n|\n|t:|1701020937\n|start\n|switch|p1a: Torterra|Torterra, F|100\/100\n|switch|p2a: Kommo-o|Kommo-o, F|100\/100\n|turn|1\n|\n|t:|1701020945\n|-terastallize|p1a: Torterra|Rock\n|move|p1a: Torterra|Shell Smash|p1a: Torterra\n|-unboost|p1a: Torterra|def|1\n|-unboost|p1a: Torterra|spd|1\n|-boost|p1a: Torterra|atk|2\n|-boost|p1a: Torterra|spa|2\n|-boost|p1a: Torterra|spe|2\n|move|p2a: Kommo-o|Iron Defense|p2a: Kommo-o\n|-boost|p2a: Kommo-o|def|2\n|\n|upkeep\n|turn|2\n|\n|t:|1701020987\n|switch|p1a: Manaphy|Manaphy|100\/100\n|move|p2a: Kommo-o|Body Press|p1a: Manaphy\n|-damage|p1a: Manaphy|29\/100\n|\n|-heal|p1a: Manaphy|35\/100|[from] item: Leftovers\n|upkeep\n|turn|3\n|\n|t:|1701020995\n|switch|p2a: Ogerpon|Ogerpon, F|100\/100\n|move|p1a: Manaphy|Dazzling Gleam|p2a: Ogerpon\n|-crit|p2a: Ogerpon\n|-damage|p2a: Ogerpon|61\/100\n|\n|-heal|p2a: Ogerpon|67\/100|[from] item: Leftovers\n|-heal|p1a: Manaphy|41\/100|[from] item: Leftovers\n|upkeep\n|turn|4\n|\n|t:|1701021011\n|move|p2a: Ogerpon|Spikes|p1a: Manaphy\n|-sidestart|p1: kingripoff|Spikes\n|move|p1a: Manaphy|Ice Beam|p2a: Ogerpon\n|-supereffective|p2a: Ogerpon\n|-damage|p2a: Ogerpon|8\/100\n|-status|p2a: Ogerpon|frz\n|\n|-heal|p2a: Ogerpon|14\/100 frz|[from] item: Leftovers\n|-heal|p1a: Manaphy|47\/100|[from] item: Leftovers\n|upkeep\n|turn|5\n|\n|t:|1701021025\n|switch|p2a: Ninetales|Ninetales-Alola, F|100\/100\n|-weather|Snow|[from] ability: Snow Warning|[of] p2a: Ninetales\n|move|p1a: Manaphy|Tail Glow|p1a: Manaphy\n|-boost|p1a: Manaphy|spa|3\n|\n|-weather|Snow|[upkeep]\n|-heal|p1a: Manaphy|54\/100|[from] item: Leftovers\n|upkeep\n|turn|6\n|\n|t:|1701021047\n|move|p2a: Ninetales|Aurora Veil|p2a: Ninetales\n|-sidestart|p2: thedusksea|move: Aurora Veil\n|move|p1a: Manaphy|Scald|p2a: Ninetales\n|-damage|p2a: Ninetales|58\/100\n|\n|-weather|Snow|[upkeep]\n|-heal|p1a: Manaphy|60\/100|[from] item: Leftovers\n|upkeep\n|turn|7\n|\n|t:|1701021066\n|move|p2a: Ninetales|Moonblast|p1a: Manaphy\n|-damage|p1a: Manaphy|32\/100\n|-unboost|p1a: Manaphy|spa|1\n|move|p1a: Manaphy|Scald|p2a: Ninetales\n|-damage|p2a: Ninetales|22\/100\n|\n|-weather|Snow|[upkeep]\n|-heal|p1a: Manaphy|38\/100|[from] item: Leftovers\n|upkeep\n|turn|8\n|\n|t:|1701021076\n|move|p2a: Ninetales|Moonblast|p1a: Manaphy\n|-damage|p1a: Manaphy|8\/100\n|-unboost|p1a: Manaphy|spa|1\n|move|p1a: Manaphy|Scald|p2a: Ninetales\n|-crit|p2a: Ninetales\n|-damage|p2a: Ninetales|0 fnt\n|faint|p2a: Ninetales\n|\n|-weather|Snow|[upkeep]\n|-heal|p1a: Manaphy|15\/100|[from] item: Leftovers\n|upkeep\n|\n|t:|1701021087\n|switch|p2a: Sandslash|Sandslash-Alola, F|100\/100\n|turn|9\n|\n|t:|1701021092\n|-terastallize|p2a: Sandslash|Water\n|move|p2a: Sandslash|Rapid Spin|p1a: Manaphy\n|-damage|p1a: Manaphy|0 fnt\n|-boost|p2a: Sandslash|spe|1\n|faint|p1a: Manaphy\n|\n|-weather|none\n|upkeep\n|\n|t:|1701021101\n|switch|p1a: Infernape|Infernape, F|100\/100\n|-damage|p1a: Infernape|88\/100|[from] Spikes\n|turn|10\n|\n|t:|1701021111\n|move|p1a: Infernape|Nasty Plot|p1a: Infernape\n|-boost|p1a: Infernape|spa|2\n|move|p2a: Sandslash|Earthquake|p1a: Infernape\n|-supereffective|p1a: Infernape\n|-damage|p1a: Infernape|0 fnt\n|faint|p1a: Infernape\n|\n|upkeep\n|\n|t:|1701021123\n|switch|p1a: Tyranitar|Tyranitar, F|100\/100\n|-damage|p1a: Tyranitar|88\/100|[from] Spikes\n|-weather|Sandstorm|[from] ability: Sand Stream|[of] p1a: Tyranitar\n|turn|11\n|\n|t:|1701021138\n|move|p2a: Sandslash|Swords Dance|p2a: Sandslash\n|-boost|p2a: Sandslash|atk|2\n|move|p1a: Tyranitar|Stone Edge|p2a: Sandslash\n|-damage|p2a: Sandslash|71\/100\n|\n|-weather|Sandstorm|[upkeep]\n|-damage|p2a: Sandslash|65\/100|[from] Sandstorm\n|upkeep\n|turn|12\n|\n|t:|1701021146\n|move|p2a: Sandslash|Rapid Spin|p1a: Tyranitar\n|-resisted|p1a: Tyranitar\n|-damage|p1a: Tyranitar|75\/100\n|-boost|p2a: Sandslash|spe|1\n|move|p1a: Tyranitar|Knock Off|p2a: Sandslash\n|-damage|p2a: Sandslash|39\/100\n|-enditem|p2a: Sandslash|Icicle Plate|[from] move: Knock Off|[of] p1a: Tyranitar\n|\n|-weather|Sandstorm|[upkeep]\n|-damage|p2a: Sandslash|33\/100|[from] Sandstorm\n|upkeep\n|turn|13\n|\n|t:|1701021155\n|move|p2a: Sandslash|Earthquake|p1a: Tyranitar\n|-supereffective|p1a: Tyranitar\n|-crit|p1a: Tyranitar\n|-damage|p1a: Tyranitar|0 fnt\n|faint|p1a: Tyranitar\n|\n|-weather|Sandstorm|[upkeep]\n|-damage|p2a: Sandslash|27\/100|[from] Sandstorm\n|-sideend|p2: thedusksea|move: Aurora Veil\n|upkeep\n|\n|t:|1701021165\n|switch|p1a: Corviknight|Corviknight, F|100\/100\n|turn|14\n|\n|t:|1701021172\n|move|p2a: Sandslash|Ice Spinner|p1a: Corviknight\n|-damage|p1a: Corviknight|56\/100\n|-damage|p2a: Sandslash|10\/100|[from] item: Rocky Helmet|[of] p1a: Corviknight\n|move|p1a: Corviknight|Brave Bird|p2a: Sandslash\n|-damage|p2a: Sandslash|0 fnt\n|faint|p2a: Sandslash\n|-damage|p1a: Corviknight|54\/100|[from] Recoil\n|\n|-weather|Sandstorm|[upkeep]\n|upkeep\n|\n|t:|1701021181\n|switch|p2a: Armarouge|Armarouge, M|100\/100\n|turn|15\n|\n|t:|1701021201\n|move|p2a: Armarouge|Psychic|p1a: Corviknight\n|-resisted|p1a: Corviknight\n|-damage|p1a: Corviknight|30\/100\n|move|p1a: Corviknight|Roost|p1a: Corviknight\n|-heal|p1a: Corviknight|80\/100\n|-singleturn|p1a: Corviknight|move: Roost\n|\n|-weather|none\n|upkeep\n|turn|16\n|\n|t:|1701021219\n|move|p2a: Armarouge|Psychic|p1a: Corviknight\n|-resisted|p1a: Corviknight\n|-damage|p1a: Corviknight|56\/100\n|move|p1a: Corviknight|Brave Bird|p2a: Armarouge\n|-damage|p2a: Armarouge|62\/100\n|-damage|p1a: Corviknight|46\/100|[from] Recoil\n|\n|upkeep\n|turn|17\n|\n|t:|1701021227\n|move|p2a: Armarouge|Armor Cannon|p1a: Corviknight\n|-supereffective|p1a: Corviknight\n|-damage|p1a: Corviknight|0 fnt\n|-unboost|p2a: Armarouge|def|1\n|-unboost|p2a: Armarouge|spd|1\n|faint|p1a: Corviknight\n|\n|upkeep\n|\n|t:|1701021233\n|switch|p1a: Torterra|Torterra, F, tera:Rock|100\/100\n|-damage|p1a: Torterra|88\/100|[from] Spikes\n|turn|18\n|\n|t:|1701021241\n|move|p2a: Armarouge|Destiny Bond|p2a: Armarouge\n|-singlemove|p2a: Armarouge|Destiny Bond\n|move|p1a: Torterra|Shell Smash|p1a: Torterra\n|-unboost|p1a: Torterra|def|1\n|-unboost|p1a: Torterra|spd|1\n|-boost|p1a: Torterra|atk|2\n|-boost|p1a: Torterra|spa|2\n|-boost|p1a: Torterra|spe|2\n|\n|upkeep\n|turn|19\n|\n|t:|1701021261\n|switch|p1a: Cyclizar|Cyclizar, M|100\/100\n|move|p2a: Armarouge|Psychic|p1a: Cyclizar\n|-damage|p1a: Cyclizar|39\/100\n|\n|upkeep\n|turn|20\n|\n|t:|1701021271\n|move|p1a: Cyclizar|Rapid Spin|p2a: Armarouge\n|-damage|p2a: Armarouge|36\/100\n|-boost|p1a: Cyclizar|spe|1\n|-sideend|p1: kingripoff|Spikes|[from] move: Rapid Spin|[of] p1a: Cyclizar\n|move|p2a: Armarouge|Psychic|p1a: Cyclizar\n|-damage|p1a: Cyclizar|0 fnt\n|faint|p1a: Cyclizar\n|\n|upkeep\n|\n|t:|1701021279\n|switch|p1a: Torterra|Torterra, F, tera:Rock|88\/100\n|turn|21\n|\n|t:|1701021283\n|move|p2a: Armarouge|Destiny Bond|p2a: Armarouge\n|-singlemove|p2a: Armarouge|Destiny Bond\n|move|p1a: Torterra|Rock Blast|p2a: Armarouge\n|-supereffective|p2a: Armarouge\n|-damage|p2a: Armarouge|0 fnt\n|faint|p2a: Armarouge\n|-activate|p2a: Armarouge|move: Destiny Bond\n|faint|p1a: Torterra\n|\n|win|thedusksea\n|-hitcount|p2: Armarouge|1\n|c|\u2606thedusksea|ggs\n|c|\u2606kingripoff|gg was not expecting destiny bond\n","uploadtime":1701021295,"views":17,"p1id":"kingripoff","p2id":"thedusksea","formatid":"gen9anythinggoes","rating":0,"private":0,"password":""}