{"id":"gen9anythinggoes-1994531821","p1":"Bakitaladelbarrio","p2":"cjrohandj","format":"[Gen 9] Anything Goes","log":"|j|\u2606Bakitaladelbarrio\n|j|\u2606cjrohandj\n|t:|1700455483\n|gametype|singles\n|player|p1|Bakitaladelbarrio|colress|1601\n|player|p2|cjrohandj|2|1573\n|teamsize|p1|6\n|teamsize|p2|6\n|gen|9\n|tier|[Gen 9] Anything Goes\n|rated|\n|rule|HP Percentage Mod: HP is shown in percentages\n|rule|Endless Battle Clause: Forcing endless battles is banned\n|clearpoke\n|poke|p1|Calyrex-Shadow|\n|poke|p1|Darkrai|\n|poke|p1|Ditto|\n|poke|p1|Zacian-*|\n|poke|p1|Miraidon|\n|poke|p1|Glimmora, F|\n|poke|p2|Cloyster, F|\n|poke|p2|Breloom, F|\n|poke|p2|Chien-Pao|\n|poke|p2|Koraidon|\n|poke|p2|Miraidon|\n|poke|p2|Ditto|\n|teampreview\n|inactive|Battle timer is ON: inactive players will automatically lose when time's up. (requested by cjrohandj)\n|\n|t:|1700455497\n|start\n|switch|p1a: Darkrai|Darkrai|100\/100\n|switch|p2a: Miraidon|Miraidon|100\/100\n|-fieldstart|move: Electric Terrain|[from] ability: Hadron Engine|[of] p2a: Miraidon\n|turn|1\n|\n|t:|1700455506\n|move|p1a: Darkrai|Dark Pulse|p2a: Miraidon\n|-damage|p2a: Miraidon|67\/100\n|move|p2a: Miraidon|Dazzling Gleam|p1a: Darkrai\n|-supereffective|p1a: Darkrai\n|-damage|p1a: Darkrai|0 fnt\n|faint|p1a: Darkrai\n|\n|-heal|p2a: Miraidon|73\/100|[from] item: Leftovers\n|upkeep\n|\n|t:|1700455516\n|switch|p1a: Glimmora|Glimmora, F|100\/100\n|turn|2\n|\n|t:|1700455522\n|move|p2a: Miraidon|Calm Mind|p2a: Miraidon\n|-boost|p2a: Miraidon|spa|1\n|-boost|p2a: Miraidon|spd|1\n|move|p1a: Glimmora|Stealth Rock|p2a: Miraidon\n|-sidestart|p2: cjrohandj|move: Stealth Rock\n|\n|-heal|p2a: Miraidon|79\/100|[from] item: Leftovers\n|upkeep\n|turn|3\n|\n|t:|1700455530\n|move|p2a: Miraidon|Dazzling Gleam|p1a: Glimmora\n|-resisted|p1a: Glimmora\n|-damage|p1a: Glimmora|60\/100\n|move|p1a: Glimmora|Mortal Spin|p2a: Miraidon\n|-damage|p2a: Miraidon|74\/100\n|-status|p2a: Miraidon|psn\n|\n|-heal|p2a: Miraidon|80\/100 psn|[from] item: Leftovers\n|-damage|p2a: Miraidon|67\/100 psn|[from] psn\n|upkeep\n|turn|4\n|\n|t:|1700455543\n|move|p2a: Miraidon|Dazzling Gleam|p1a: Glimmora\n|-resisted|p1a: Glimmora\n|-damage|p1a: Glimmora|20\/100\n|move|p1a: Glimmora|Earth Power|p2a: Miraidon\n|-supereffective|p2a: Miraidon\n|-damage|p2a: Miraidon|36\/100 psn\n|-unboost|p2a: Miraidon|spd|1\n|\n|-heal|p2a: Miraidon|42\/100 psn|[from] item: Leftovers\n|-damage|p2a: Miraidon|29\/100 psn|[from] psn\n|upkeep\n|turn|5\n|\n|t:|1700455560\n|switch|p1a: Zacian|Zacian-Crowned|100\/100\n|-ability|p1a: Zacian|Intrepid Sword|boost\n|-boost|p1a: Zacian|atk|1\n|move|p2a: Miraidon|Dazzling Gleam|p1a: Zacian\n|-resisted|p1a: Zacian\n|-damage|p1a: Zacian|71\/100\n|\n|-heal|p2a: Miraidon|36\/100 psn|[from] item: Leftovers\n|-damage|p2a: Miraidon|23\/100 psn|[from] psn\n|-fieldend|move: Electric Terrain\n|upkeep\n|turn|6\n|\n|t:|1700455571\n|switch|p2a: Breloom|Breloom, F|100\/100\n|-damage|p2a: Breloom|94\/100|[from] Stealth Rock\n|move|p1a: Zacian|Behemoth Blade|p2a: Breloom\n|-damage|p2a: Breloom|0 fnt\n|faint|p2a: Breloom\n|\n|upkeep\n|\n|t:|1700455580\n|switch|p2a: Ditto|Ditto|100\/100\n|-damage|p2a: Ditto|88\/100|[from] Stealth Rock\n|-transform|p2a: Ditto|p1a: Zacian|[from] ability: Imposter\n|-ability|p2a: Ditto|Intrepid Sword|boost\n|-boost|p2a: Ditto|atk|1\n|turn|7\n|\n|t:|1700455587\n|switch|p1a: Glimmora|Glimmora, F|20\/100\n|move|p2a: Ditto|Behemoth Blade|p1a: Glimmora\n|-supereffective|p1a: Glimmora\n|-damage|p1a: Glimmora|0 fnt\n|-activate|p1a: Glimmora|ability: Toxic Debris\n|-sidestart|p2: cjrohandj|move: Toxic Spikes\n|faint|p1a: Glimmora\n|\n|upkeep\n|\n|t:|1700455598\n|switch|p1a: Miraidon|Miraidon|100\/100\n|-fieldstart|move: Electric Terrain|[from] ability: Hadron Engine|[of] p1a: Miraidon\n|turn|8\n|\n|t:|1700455603\n|move|p2a: Ditto|Behemoth Blade|p1a: Miraidon\n|-resisted|p1a: Miraidon\n|-damage|p1a: Miraidon|43\/100\n|move|p1a: Miraidon|Overheat|p2a: Ditto|[miss]\n|-miss|p1a: Miraidon|p2a: Ditto\n|\n|upkeep\n|turn|9\n|\n|t:|1700455610\n|move|p2a: Ditto|Behemoth Blade|p1a: Miraidon\n|-resisted|p1a: Miraidon\n|-damage|p1a: Miraidon|0 fnt\n|faint|p1a: Miraidon\n|\n|upkeep\n|\n|t:|1700455618\n|switch|p1a: Calyrex|Calyrex-Shadow|100\/100\n|-ability|p1a: Calyrex|As One\n|-ability|p1a: Calyrex|Unnerve\n|turn|10\n|\n|t:|1700455624\n|switch|p2a: Miraidon|Miraidon|23\/100 psn\n|-damage|p2a: Miraidon|11\/100 psn|[from] Stealth Rock\n|-activate|p2a: Miraidon|ability: Hadron Engine\n|move|p1a: Calyrex|Astral Barrage|p2a: Miraidon\n|-damage|p2a: Miraidon|0 fnt\n|faint|p2a: Miraidon\n|-ability|p1a: Calyrex|Grim Neigh|boost\n|-boost|p1a: Calyrex|spa|1\n|\n|upkeep\n|\n|t:|1700455627\n|switch|p2a: Ditto|Ditto|88\/100\n|-damage|p2a: Ditto|76\/100|[from] Stealth Rock\n|-status|p2a: Ditto|psn\n|-transform|p2a: Ditto|p1a: Calyrex|[from] ability: Imposter\n|turn|11\n|\n|t:|1700455642\n|move|p2a: Ditto|Dark Pulse|p1a: Calyrex\n|-supereffective|p1a: Calyrex\n|-enditem|p1a: Calyrex|Focus Sash\n|-damage|p1a: Calyrex|1\/100\n|move|p1a: Calyrex|Astral Barrage|p2a: Ditto\n|-supereffective|p2a: Ditto\n|-damage|p2a: Ditto|0 fnt\n|faint|p2a: Ditto\n|-ability|p1a: Calyrex|Grim Neigh|boost\n|-boost|p1a: Calyrex|spa|1\n|\n|upkeep\n|\n|t:|1700455645\n|switch|p2a: Chien-Pao|Chien-Pao|100\/100\n|-damage|p2a: Chien-Pao|76\/100|[from] Stealth Rock\n|-status|p2a: Chien-Pao|psn\n|-ability|p2a: Chien-Pao|Sword of Ruin\n|turn|12\n|\n|t:|1700455659\n|switch|p1a: Zacian|Zacian-Crowned|71\/100\n|move|p2a: Chien-Pao|Ice Shard|p1a: Zacian\n|-resisted|p1a: Zacian\n|-damage|p1a: Zacian|59\/100\n|\n|-damage|p2a: Chien-Pao|63\/100 psn|[from] psn\n|-fieldend|move: Electric Terrain\n|upkeep\n|turn|13\n|\n|t:|1700455668\n|move|p2a: Chien-Pao|Ice Shard|p1a: Zacian\n|-resisted|p1a: Zacian\n|-damage|p1a: Zacian|45\/100\n|move|p1a: Zacian|Behemoth Blade|p2a: Chien-Pao\n|-supereffective|p2a: Chien-Pao\n|-damage|p2a: Chien-Pao|0 fnt\n|faint|p2a: Chien-Pao\n|\n|upkeep\n|\n|t:|1700455670\n|switch|p2a: Cloyster|Cloyster, F|100\/100\n|-damage|p2a: Cloyster|76\/100|[from] Stealth Rock\n|-status|p2a: Cloyster|psn\n|turn|14\n|\n|t:|1700455682\n|move|p1a: Zacian|Close Combat|p2a: Cloyster\n|-supereffective|p2a: Cloyster\n|-damage|p2a: Cloyster|0 fnt\n|-unboost|p1a: Zacian|def|1\n|-unboost|p1a: Zacian|spd|1\n|faint|p2a: Cloyster\n|\n|upkeep\n|\n|t:|1700455687\n|switch|p2a: Koraidon|Koraidon|100\/100\n|-damage|p2a: Koraidon|94\/100|[from] Stealth Rock\n|-status|p2a: Koraidon|psn\n|-enditem|p2a: Koraidon|Lum Berry|[eat]\n|-curestatus|p2a: Koraidon|psn|[msg]\n|-weather|SunnyDay|[from] ability: Orichalcum Pulse|[of] p2a: Koraidon\n|-activate|p2a: Koraidon|Orichalcum Pulse|[source]\n|turn|15\n|\n|t:|1700455696\n|-terastallize|p2a: Koraidon|Fire\n|move|p1a: Zacian|Play Rough|p2a: Koraidon\n|-resisted|p2a: Koraidon\n|-damage|p2a: Koraidon|70\/100\n|move|p2a: Koraidon|Swords Dance|p2a: Koraidon\n|-boost|p2a: Koraidon|atk|2\n|\n|-weather|SunnyDay|[upkeep]\n|upkeep\n|turn|16\n|\n|t:|1700455723\n|move|p1a: Zacian|Close Combat|p2a: Koraidon\n|-damage|p2a: Koraidon|29\/100\n|-unboost|p1a: Zacian|def|1\n|-unboost|p1a: Zacian|spd|1\n|move|p2a: Koraidon|Flame Charge|p1a: Zacian\n|-supereffective|p1a: Zacian\n|-damage|p1a: Zacian|0 fnt\n|-boost|p2a: Koraidon|spe|1\n|faint|p1a: Zacian\n|\n|-weather|SunnyDay|[upkeep]\n|upkeep\n|\n|t:|1700455736\n|switch|p1a: Ditto|Ditto|100\/100\n|-transform|p1a: Ditto|p2a: Koraidon|[from] ability: Imposter\n|-activate|p1a: Ditto|ability: Orichalcum Pulse\n|-start|p1a: Ditto|typechange|Fighting\/Dragon|[silent]\n|turn|17\n|\n|t:|1700455744\n|move|p1a: Ditto|Stomping Tantrum|p2a: Koraidon\n|-supereffective|p2a: Koraidon\n|-damage|p2a: Koraidon|0 fnt\n|faint|p2a: Koraidon\n|\n|win|Bakitaladelbarrio\n|raw|Bakitaladelbarrio's rating: 1601 &rarr; <strong>1619<\/strong><br \/>(+18 for winning)\n|raw|cjrohandj's rating: 1573 &rarr; <strong>1555<\/strong><br \/>(-18 for losing)\n|l|\u2606cjrohandj\n","uploadtime":1700455751,"views":1,"p1id":"bakitaladelbarrio","p2id":"cjrohandj","formatid":"gen9anythinggoes","rating":1555,"private":0,"password":""}