{"id":"gen9anythinggoes-1979927049","p1":"Everyone (bob)","p2":"Bakitaladelbarrio","format":"[Gen 9] Anything Goes","log":"|j|\u2606Everyone (bob)\n|j|\u2606Bakitaladelbarrio\n|t:|1698730831\n|gametype|singles\n|player|p1|Everyone (bob)|266|1217\n|player|p2|Bakitaladelbarrio|colress|1269\n|teamsize|p1|6\n|teamsize|p2|6\n|gen|9\n|tier|[Gen 9] Anything Goes\n|rated|\n|rule|HP Percentage Mod: HP is shown in percentages\n|rule|Endless Battle Clause: Forcing endless battles is banned\n|clearpoke\n|poke|p1|Dragapult, F|\n|poke|p1|Iron Valiant|\n|poke|p1|Regieleki|\n|poke|p1|Glimmora, M|\n|poke|p1|Kingambit, M|\n|poke|p1|Dragonite, M|\n|poke|p2|Espathra, F|\n|poke|p2|Drifblim, M|\n|poke|p2|Espeon, M|\n|poke|p2|Manaphy|\n|poke|p2|Clefable, M|\n|poke|p2|Basculegion, M|\n|teampreview\n|inactive|Battle timer is ON: inactive players will automatically lose when time's up. (requested by Bakitaladelbarrio)\n|\n|t:|1698730838\n|start\n|switch|p1a: Glimmora|Glimmora, M, shiny|100\/100\n|switch|p2a: Espathra|Espathra, F|100\/100\n|turn|1\n|\n|t:|1698730850\n|move|p2a: Espathra|Baton Pass|p2a: Espathra\n|\n|t:|1698730855\n|switch|p2a: Espeon|Espeon, M|100\/100|[from] Baton Pass\n|move|p1a: Glimmora|Stealth Rock|p2a: Espeon\n|move|p2a: Espeon|Stealth Rock|p1a: Glimmora|[from]ability: Magic Bounce\n|-sidestart|p1: Everyone (bob)|move: Stealth Rock\n|\n|upkeep\n|turn|2\n|\n|t:|1698730863\n|move|p2a: Espeon|Calm Mind|p2a: Espeon\n|-boost|p2a: Espeon|spa|1\n|-boost|p2a: Espeon|spd|1\n|move|p1a: Glimmora|Mortal Spin|p2a: Espeon\n|-damage|p2a: Espeon|88\/100\n|-status|p2a: Espeon|psn\n|-sideend|p1: Everyone (bob)|Stealth Rock|[from] move: Mortal Spin|[of] p1a: Glimmora\n|\n|-damage|p2a: Espeon|76\/100 psn|[from] psn\n|upkeep\n|turn|3\n|\n|t:|1698730883\n|switch|p1a: Dragonite|Dragonite, M|100\/100\n|move|p2a: Espeon|Baton Pass|p2a: Espeon\n|\n|t:|1698730887\n|switch|p2a: Drifblim|Drifblim, M|100\/100|[from] Baton Pass\n|\n|upkeep\n|turn|4\n|\n|t:|1698730892\n|move|p2a: Drifblim|Minimize|p2a: Drifblim\n|-boost|p2a: Drifblim|evasion|2\n|move|p1a: Dragonite|Dragon Dance|p1a: Dragonite\n|-boost|p1a: Dragonite|atk|1\n|-boost|p1a: Dragonite|spe|1\n|\n|upkeep\n|turn|5\n|\n|t:|1698730909\n|switch|p1a: Dragapult|Dragapult, F, shiny|100\/100\n|move|p2a: Drifblim|Minimize|p2a: Drifblim\n|-boost|p2a: Drifblim|evasion|2\n|\n|upkeep\n|turn|6\n|\n|t:|1698730919\n|-terastallize|p2a: Drifblim|Normal\n|move|p1a: Dragapult|Dragon Darts|p2a: Drifblim|[miss]\n|-miss|p1a: Dragapult|p2a: Drifblim\n|move|p2a: Drifblim|Minimize|p2a: Drifblim\n|-boost|p2a: Drifblim|evasion|2\n|\n|upkeep\n|turn|7\n|\n|t:|1698730930\n|move|p1a: Dragapult|Dragon Darts|p2a: Drifblim|[miss]\n|-miss|p1a: Dragapult|p2a: Drifblim\n|move|p2a: Drifblim|Baton Pass|p2a: Drifblim\n|\n|t:|1698730935\n|switch|p2a: Espathra|Espathra, F|100\/100|[from] Baton Pass\n|\n|upkeep\n|turn|8\n|\n|t:|1698730942\n|move|p2a: Espathra|Protect|p2a: Espathra\n|-singleturn|p2a: Espathra|Protect\n|move|p1a: Dragapult|Dragon Darts|p2a: Espathra\n|-activate|p2a: Espathra|move: Protect\n|\n|-ability|p2a: Espathra|Speed Boost|boost\n|-boost|p2a: Espathra|spe|1\n|upkeep\n|turn|9\n|\n|t:|1698730958\n|move|p2a: Espathra|Stored Power|p1a: Dragapult\n|-enditem|p1a: Dragapult|Focus Sash\n|-damage|p1a: Dragapult|1\/100\n|move|p1a: Dragapult|Dragon Darts|p2a: Espathra\n|-damage|p2a: Espathra|57\/100\n|-anim|p1a: Dragapult|Dragon Darts|p2a: Espathra\n|-damage|p2a: Espathra|18\/100\n|\n|-ability|p2a: Espathra|Speed Boost|boost\n|-boost|p2a: Espathra|spe|1\n|upkeep\n|turn|10\n|\n|t:|1698730970\n|move|p1a: Dragapult|Sucker Punch|p2a: Espathra|[miss]\n|-miss|p1a: Dragapult|p2a: Espathra\n|move|p2a: Espathra|Stored Power|p1a: Dragapult\n|-damage|p1a: Dragapult|0 fnt\n|faint|p1a: Dragapult\n|\n|-ability|p2a: Espathra|Speed Boost|boost\n|-boost|p2a: Espathra|spe|1\n|upkeep\n|\n|t:|1698730988\n|switch|p1a: Regieleki|Regieleki, shiny|100\/100\n|turn|11\n|l|\u2606Bakitaladelbarrio\n|inactive|Bakitaladelbarrio disconnected and has a minute to reconnect!\n|player|p2|\n|inactive|Bakitaladelbarrio has 30 seconds to reconnect!\n|j|\u2606Bakitaladelbarrio\n|inactive|Bakitaladelbarrio reconnected and has 115 seconds left.\n|player|p2|Bakitaladelbarrio|colress\n|\n|t:|1698731028\n|move|p2a: Espathra|Protect|p2a: Espathra\n|-singleturn|p2a: Espathra|Protect\n|move|p1a: Regieleki|Thunderbolt|p2a: Espathra\n|-activate|p2a: Espathra|move: Protect\n|\n|-ability|p2a: Espathra|Speed Boost|boost\n|-boost|p2a: Espathra|spe|1\n|upkeep\n|turn|12\n|inactive|Bakitaladelbarrio has 120 seconds left.\n|\n|t:|1698731042\n|move|p2a: Espathra|Baton Pass|p2a: Espathra\n|\n|t:|1698731055\n|switch|p2a: Manaphy|Manaphy|100\/100|[from] Baton Pass\n|move|p1a: Regieleki|Thunderbolt|p2a: Manaphy|[miss]\n|-miss|p1a: Regieleki|p2a: Manaphy\n|\n|upkeep\n|turn|13\n|\n|t:|1698731070\n|move|p1a: Regieleki|Thunderbolt|p2a: Manaphy\n|-supereffective|p2a: Manaphy\n|-damage|p2a: Manaphy|43\/100\n|move|p2a: Manaphy|Stored Power|p1a: Regieleki\n|-damage|p1a: Regieleki|0 fnt\n|faint|p1a: Regieleki\n|\n|-heal|p2a: Manaphy|49\/100|[from] item: Leftovers\n|upkeep\n|\n|t:|1698731089\n|switch|p1a: Iron Valiant|Iron Valiant, shiny|100\/100\n|-enditem|p1a: Iron Valiant|Booster Energy\n|-activate|p1a: Iron Valiant|ability: Quark Drive|[fromitem]\n|-start|p1a: Iron Valiant|quarkdrivespe\n|turn|14\n|inactive|Bakitaladelbarrio has 120 seconds left.\n|\n|t:|1698731101\n|move|p2a: Manaphy|Acid Armor|p2a: Manaphy\n|-boost|p2a: Manaphy|def|2\n|move|p1a: Iron Valiant|Thunderbolt|p2a: Manaphy|[miss]\n|-miss|p1a: Iron Valiant|p2a: Manaphy\n|\n|-heal|p2a: Manaphy|55\/100|[from] item: Leftovers\n|upkeep\n|turn|15\n|\n|t:|1698731111\n|move|p2a: Manaphy|Stored Power|p1a: Iron Valiant\n|-supereffective|p1a: Iron Valiant\n|-crit|p1a: Iron Valiant\n|-damage|p1a: Iron Valiant|0 fnt\n|faint|p1a: Iron Valiant\n|-end|p1a: Iron Valiant|Quark Drive|[silent]\n|\n|-heal|p2a: Manaphy|61\/100|[from] item: Leftovers\n|upkeep\n|-message|Everyone (bob) forfeited.\n|\n|win|Bakitaladelbarrio\n|raw|Everyone (bob)'s rating: 1217 &rarr; <strong>1196<\/strong><br \/>(-21 for losing)\n|raw|Bakitaladelbarrio's rating: 1269 &rarr; <strong>1290<\/strong><br \/>(+21 for winning)\n|l|\u2606Everyone (bob)\n","uploadtime":1698731126,"views":6,"p1id":"everyonebob","p2id":"bakitaladelbarrio","formatid":"gen9anythinggoes","rating":1196,"private":0,"password":""}