{"id":"gen9anythinggoes-1997694795","p1":"OjdOlive","p2":"GildedSapphire","format":"[Gen 9] Anything Goes","log":"|j|\u2606OjdOlive\n|j|\u2606GildedSapphire\n|t:|1700842657\n|gametype|singles\n|player|p1|OjdOlive|workerice|1154\n|player|p2|GildedSapphire|wallace|1140\n|teamsize|p1|6\n|teamsize|p2|6\n|gen|9\n|tier|[Gen 9] Anything Goes\n|rated|\n|rule|HP Percentage Mod: HP is shown in percentages\n|rule|Endless Battle Clause: Forcing endless battles is banned\n|clearpoke\n|poke|p1|Meowscarada, M|\n|poke|p1|Iron Moth|\n|poke|p1|Kingambit, M|\n|poke|p1|Ting-Lu|\n|poke|p1|Annihilape, M|\n|poke|p1|Palafin, M|\n|poke|p2|Espathra, F|\n|poke|p2|Koraidon|\n|poke|p2|Ogerpon-Hearthflame, F|\n|poke|p2|Miraidon|\n|poke|p2|Iron Bundle|\n|poke|p2|Drifblim, M|\n|teampreview\n|\n|t:|1700842665\n|start\n|switch|p1a: Ting-Lu|Ting-Lu|100\/100\n|switch|p2a: Iron Bundle|Iron Bundle|100\/100\n|-ability|p1a: Ting-Lu|Vessel of Ruin\n|-enditem|p2a: Iron Bundle|Booster Energy\n|-activate|p2a: Iron Bundle|ability: Quark Drive|[fromitem]\n|-start|p2a: Iron Bundle|quarkdrivespa\n|turn|1\n|\n|t:|1700842675\n|move|p2a: Iron Bundle|Ice Beam|p1a: Ting-Lu\n|-supereffective|p1a: Ting-Lu\n|-damage|p1a: Ting-Lu|58\/100\n|move|p1a: Ting-Lu|Fissure|p2a: Iron Bundle|[miss]\n|-miss|p1a: Ting-Lu|p2a: Iron Bundle\n|\n|upkeep\n|turn|2\n|\n|t:|1700842681\n|-terastallize|p2a: Iron Bundle|Ice\n|move|p2a: Iron Bundle|Ice Beam|p1a: Ting-Lu\n|-supereffective|p1a: Ting-Lu\n|-damage|p1a: Ting-Lu|4\/100\n|move|p1a: Ting-Lu|Fissure|p2a: Iron Bundle\n|-damage|p2a: Iron Bundle|0 fnt\n|faint|p2a: Iron Bundle\n|-end|p2a: Iron Bundle|Quark Drive|[silent]\n|-ohko\n|\n|upkeep\n|\n|t:|1700842689\n|switch|p2a: Espathra|Espathra, F|100\/100\n|turn|3\n|\n|t:|1700842692\n|move|p2a: Espathra|Protect|p2a: Espathra\n|-singleturn|p2a: Espathra|Protect\n|move|p1a: Ting-Lu|Fissure|p2a: Espathra\n|-activate|p2a: Espathra|move: Protect\n|\n|-ability|p2a: Espathra|Speed Boost|boost\n|-boost|p2a: Espathra|spe|1\n|upkeep\n|turn|4\n|\n|t:|1700842706\n|move|p2a: Espathra|Agility|p2a: Espathra\n|-boost|p2a: Espathra|spe|2\n|move|p1a: Ting-Lu|Fissure|p2a: Espathra|[miss]\n|-miss|p1a: Ting-Lu|p2a: Espathra\n|\n|-ability|p2a: Espathra|Speed Boost|boost\n|-boost|p2a: Espathra|spe|1\n|upkeep\n|turn|5\n|\n|t:|1700842714\n|move|p2a: Espathra|Protect|p2a: Espathra\n|-singleturn|p2a: Espathra|Protect\n|move|p1a: Ting-Lu|Fissure|p2a: Espathra\n|-activate|p2a: Espathra|move: Protect\n|\n|-ability|p2a: Espathra|Speed Boost|boost\n|-boost|p2a: Espathra|spe|1\n|upkeep\n|turn|6\n|\n|t:|1700842722\n|move|p2a: Espathra|Baton Pass|p2a: Espathra\n|\n|t:|1700842724\n|switch|p2a: Koraidon|Koraidon|100\/100|[from] Baton Pass\n|-weather|SunnyDay|[from] ability: Orichalcum Pulse|[of] p2a: Koraidon\n|-activate|p2a: Koraidon|Orichalcum Pulse|[source]\n|move|p1a: Ting-Lu|Fissure|p2a: Koraidon|[miss]\n|-miss|p1a: Ting-Lu|p2a: Koraidon\n|\n|-weather|SunnyDay|[upkeep]\n|upkeep\n|turn|7\n|\n|t:|1700842733\n|move|p2a: Koraidon|Dual Wingbeat|p1a: Ting-Lu\n|-damage|p1a: Ting-Lu|0 fnt\n|faint|p1a: Ting-Lu\n|-hitcount|p1: Ting-Lu|1\n|\n|-weather|SunnyDay|[upkeep]\n|upkeep\n|\n|t:|1700842744\n|switch|p1a: Kingambit|Kingambit, M, shiny|100\/100\n|-activate|p1a: Kingambit|ability: Supreme Overlord\n|-start|p1a: Kingambit|fallen1|[silent]\n|turn|8\n|\n|t:|1700842748\n|move|p2a: Koraidon|Collision Course|p1a: Kingambit\n|-supereffective|p1a: Kingambit\n|-damage|p1a: Kingambit|0 fnt\n|faint|p1a: Kingambit\n|-end|p1a: Kingambit|fallen1|[silent]\n|\n|-weather|SunnyDay|[upkeep]\n|upkeep\n|\n|t:|1700842759\n|switch|p1a: Palafin|Palafin, M, shiny|100\/100\n|turn|9\n|\n|t:|1700842764\n|move|p2a: Koraidon|Dual Wingbeat|p1a: Palafin\n|-damage|p1a: Palafin|77\/100\n|-damage|p1a: Palafin|54\/100\n|-hitcount|p1a: Palafin|2\n|move|p1a: Palafin|Flip Turn|p2a: Koraidon\n|-resisted|p2a: Koraidon\n|-damage|p2a: Koraidon|96\/100\n|\n|t:|1700842772\n|detailschange|p1a: Palafin|Palafin-Hero, M, shiny\n|switch|p1a: Annihilape|Annihilape, M, shiny|100\/100|[from] Flip Turn\n|\n|-weather|SunnyDay|[upkeep]\n|upkeep\n|turn|10\n|\n|t:|1700842792\n|move|p2a: Koraidon|Flame Charge|p1a: Annihilape\n|-damage|p1a: Annihilape|66\/100\n|-boost|p2a: Koraidon|spe|1\n|move|p1a: Annihilape|Stealth Rock|p2a: Koraidon\n|-sidestart|p2: GildedSapphire|move: Stealth Rock\n|\n|-weather|SunnyDay|[upkeep]\n|upkeep\n|turn|11\n|\n|t:|1700842800\n|-terastallize|p1a: Annihilape|Poison\n|move|p2a: Koraidon|Dragon Claw|p1a: Annihilape\n|-damage|p1a: Annihilape|8\/100\n|-enditem|p1a: Annihilape|Sitrus Berry|[eat]\n|-heal|p1a: Annihilape|33\/100|[from] item: Sitrus Berry\n|move|p1a: Annihilape|Drain Punch|p2a: Koraidon\n|-damage|p2a: Koraidon|71\/100\n|-heal|p1a: Annihilape|43\/100|[from] drain|[of] p2a: Koraidon\n|\n|-weather|SunnyDay|[upkeep]\n|upkeep\n|turn|12\n|\n|t:|1700842814\n|move|p2a: Koraidon|Flame Charge|p1a: Annihilape\n|-damage|p1a: Annihilape|8\/100\n|move|p1a: Annihilape|Drain Punch|p2a: Koraidon\n|-damage|p2a: Koraidon|47\/100\n|-heal|p1a: Annihilape|18\/100|[from] drain|[of] p2a: Koraidon\n|\n|-weather|SunnyDay|[upkeep]\n|upkeep\n|turn|13\n|\n|t:|1700842823\n|switch|p1a: Meowscarada|Meowscarada, M, shiny|100\/100\n|move|p2a: Koraidon|Flame Charge|p1a: Meowscarada\n|-supereffective|p1a: Meowscarada\n|-damage|p1a: Meowscarada|0 fnt\n|faint|p1a: Meowscarada\n|\n|-weather|none\n|upkeep\n|\n|t:|1700842830\n|switch|p1a: Iron Moth|Iron Moth, shiny|100\/100\n|-enditem|p1a: Iron Moth|Booster Energy\n|-activate|p1a: Iron Moth|ability: Quark Drive|[fromitem]\n|-start|p1a: Iron Moth|quarkdrivespa\n|turn|14\n|\n|t:|1700842835\n|move|p2a: Koraidon|Flame Charge|p1a: Iron Moth\n|-resisted|p1a: Iron Moth\n|-damage|p1a: Iron Moth|85\/100\n|move|p1a: Iron Moth|Sludge Wave|p2a: Koraidon\n|-crit|p2a: Koraidon\n|-damage|p2a: Koraidon|0 fnt\n|faint|p2a: Koraidon\n|\n|upkeep\n|\n|t:|1700842843\n|switch|p2a: Drifblim|Drifblim, M|100\/100\n|-damage|p2a: Drifblim|75\/100|[from] Stealth Rock\n|turn|15\n|\n|t:|1700842849\n|move|p1a: Iron Moth|Fiery Dance|p2a: Drifblim\n|-damage|p2a: Drifblim|38\/100\n|move|p2a: Drifblim|Defog|p1a: Iron Moth\n|-unboost|p1a: Iron Moth|evasion|1\n|-sideend|p2: GildedSapphire|Stealth Rock|[from] move: Defog|[of] p2a: Drifblim\n|\n|-heal|p2a: Drifblim|44\/100|[from] item: Leftovers\n|upkeep\n|turn|16\n|\n|t:|1700842858\n|move|p1a: Iron Moth|Fiery Dance|p2a: Drifblim\n|-damage|p2a: Drifblim|1\/100\n|move|p2a: Drifblim|Minimize|p2a: Drifblim\n|-boost|p2a: Drifblim|evasion|2\n|\n|-heal|p2a: Drifblim|7\/100|[from] item: Leftovers\n|upkeep\n|turn|17\n|\n|t:|1700842865\n|move|p1a: Iron Moth|Fiery Dance|p2a: Drifblim|[miss]\n|-miss|p1a: Iron Moth|p2a: Drifblim\n|move|p2a: Drifblim|Baton Pass|p2a: Drifblim\n|\n|t:|1700842870\n|switch|p2a: Miraidon|Miraidon|100\/100|[from] Baton Pass\n|-fieldstart|move: Electric Terrain|[from] ability: Hadron Engine|[of] p2a: Miraidon\n|\n|upkeep\n|turn|18\n|\n|t:|1700842876\n|move|p2a: Miraidon|Electro Drift|p1a: Iron Moth\n|-damage|p1a: Iron Moth|0 fnt\n|faint|p1a: Iron Moth\n|-end|p1a: Iron Moth|Quark Drive|[silent]\n|\n|upkeep\n|\n|t:|1700842883\n|switch|p1a: Annihilape|Annihilape, M, shiny, tera:Poison|18\/100\n|turn|19\n|\n|t:|1700842887\n|move|p2a: Miraidon|Discharge|p1a: Annihilape\n|-crit|p1a: Annihilape\n|-damage|p1a: Annihilape|0 fnt\n|faint|p1a: Annihilape\n|\n|upkeep\n|\n|t:|1700842892\n|switch|p1a: Palafin|Palafin-Hero, M, shiny|54\/100\n|-activate|p1a: Palafin|ability: Zero to Hero\n|turn|20\n|c|\u2606GildedSapphire|gg\n|\n|t:|1700842902\n|move|p1a: Palafin|Wave Crash|p2a: Miraidon|[miss]\n|-miss|p1a: Palafin|p2a: Miraidon\n|move|p2a: Miraidon|Electro Drift|p1a: Palafin\n|-supereffective|p1a: Palafin\n|-damage|p1a: Palafin|0 fnt\n|faint|p1a: Palafin\n|\n|win|GildedSapphire\n|raw|OjdOlive's rating: 1154 &rarr; <strong>1128<\/strong><br \/>(-26 for losing)\n|raw|GildedSapphire's rating: 1140 &rarr; <strong>1166<\/strong><br \/>(+26 for winning)\n","uploadtime":1700842912,"views":2,"p1id":"ojdolive","p2id":"gildedsapphire","formatid":"gen9anythinggoes","rating":1128,"private":0,"password":""}