{"id":"gen9anythinggoes-1998034408","p1":"nuttyohio96","p2":"Diwu the ditto","format":"[Gen 9] Anything Goes","log":"|j|\u2606nuttyohio96\n|j|\u2606Diwu the ditto\n|t:|1700881679\n|gametype|singles\n|player|p1|nuttyohio96|1|1000\n|player|p2|Diwu the ditto|liza|1048\n|teamsize|p1|6\n|teamsize|p2|6\n|gen|9\n|tier|[Gen 9] Anything Goes\n|rated|\n|rule|HP Percentage Mod: HP is shown in percentages\n|rule|Endless Battle Clause: Forcing endless battles is banned\n|clearpoke\n|poke|p1|Greninja-*, F|\n|poke|p1|Eternatus|\n|poke|p1|Mewtwo|\n|poke|p1|Lucario, F|\n|poke|p1|Hoopa|\n|poke|p1|Groudon|\n|poke|p2|Iron Valiant|\n|poke|p2|Garganacl, M|\n|poke|p2|Ogerpon-Hearthflame, F|\n|poke|p2|Annihilape, M|\n|poke|p2|Glimmora, F|\n|poke|p2|Masquerain, M|\n|teampreview\n|\n|t:|1700881688\n|start\n|switch|p1a: Groudon|Groudon, shiny|100\/100\n|switch|p2a: 1|Glimmora, F|100\/100\n|-weather|SunnyDay|[from] ability: Drought|[of] p1a: Groudon\n|turn|1\n|\n|t:|1700881698\n|move|p2a: 1|Spikes|p1a: Groudon\n|-sidestart|p1: nuttyohio96|Spikes\n|move|p1a: Groudon|Body Slam|p2a: 1\n|-resisted|p2a: 1\n|-damage|p2a: 1|85\/100\n|-activate|p2a: 1|ability: Toxic Debris\n|-sidestart|p1: nuttyohio96|move: Toxic Spikes\n|\n|-weather|SunnyDay|[upkeep]\n|upkeep\n|turn|2\n|\n|t:|1700881708\n|move|p2a: 1|Spikes|p1a: Groudon\n|-sidestart|p1: nuttyohio96|Spikes\n|move|p1a: Groudon|Flamethrower|p2a: 1\n|-resisted|p2a: 1\n|-damage|p2a: 1|63\/100\n|\n|-weather|SunnyDay|[upkeep]\n|upkeep\n|turn|3\n|\n|t:|1700881716\n|move|p2a: 1|Spikes|p1a: Groudon\n|-sidestart|p1: nuttyohio96|Spikes\n|move|p1a: Groudon|Eruption|p2a: 1\n|-resisted|p2a: 1\n|-damage|p2a: 1|29\/100\n|\n|-weather|SunnyDay|[upkeep]\n|upkeep\n|turn|4\n|\n|t:|1700881730\n|move|p2a: 1|Stealth Rock|p1a: Groudon\n|-sidestart|p1: nuttyohio96|move: Stealth Rock\n|move|p1a: Groudon|Flamethrower|p2a: 1\n|-resisted|p2a: 1\n|-damage|p2a: 1|7\/100\n|\n|-weather|SunnyDay|[upkeep]\n|upkeep\n|turn|5\n|\n|t:|1700881738\n|move|p2a: 1|Toxic Spikes|p1a: Groudon\n|-sidestart|p1: nuttyohio96|move: Toxic Spikes\n|move|p1a: Groudon|Body Slam|p2a: 1\n|-resisted|p2a: 1\n|-damage|p2a: 1|0 fnt\n|faint|p2a: 1\n|\n|-weather|none\n|upkeep\n|\n|t:|1700881745\n|switch|p2a: 2|Garganacl, M|100\/100\n|turn|6\n|\n|t:|1700881749\n|move|p1a: Groudon|Eruption|p2a: 2\n|-resisted|p2a: 2\n|-damage|p2a: 2|79\/100\n|-enditem|p2a: 2|Red Card|[of] p1a: Groudon\n|drag|p1a: Eternatus|Eternatus, shiny|100\/100\n|-damage|p1a: Eternatus|76\/100|[from] Spikes\n|-sideend|p1: nuttyohio96|move: Toxic Spikes|[of] p1a: Eternatus\n|-damage|p1a: Eternatus|63\/100|[from] Stealth Rock\n|-ability|p1a: Eternatus|Pressure\n|move|p2a: 2|Salt Cure|p1a: Eternatus\n|-damage|p1a: Eternatus|51\/100\n|-start|p1a: Eternatus|Salt Cure\n|\n|-damage|p1a: Eternatus|39\/100|[from] Salt Cure\n|upkeep\n|turn|7\n|\n|t:|1700881770\n|-terastallize|p1a: Eternatus|Poison\n|move|p1a: Eternatus|Gunk Shot|p2a: 2\n|-resisted|p2a: 2\n|-damage|p2a: 2|54\/100\n|-status|p2a: 2|psn\n|move|p2a: 2|Explosion|p1a: Eternatus\n|-damage|p1a: Eternatus|0 fnt\n|faint|p2a: 2\n|faint|p1a: Eternatus\n|\n|upkeep\n|\n|t:|1700881784\n|switch|p1a: Lucario|Lucario, F, shiny|100\/100\n|switch|p2a: 3|Masquerain, M|100\/100\n|-damage|p1a: Lucario|76\/100|[from] Spikes\n|-damage|p1a: Lucario|73\/100|[from] Stealth Rock\n|-ability|p2a: 3|Intimidate|boost\n|-unboost|p1a: Lucario|atk|1\n|turn|8\n|\n|t:|1700881792\n|move|p1a: Lucario|Close Combat|p2a: 3\n|-resisted|p2a: 3\n|-damage|p2a: 3|90\/100\n|-unboost|p1a: Lucario|def|1\n|-unboost|p1a: Lucario|spd|1\n|move|p2a: 3|Tailwind|p2a: 3\n|-sidestart|p2: Diwu the ditto|move: Tailwind\n|\n|upkeep\n|turn|9\n|\n|t:|1700881807\n|move|p2a: 3|Sticky Web|p1a: Lucario\n|-sidestart|p1: nuttyohio96|move: Sticky Web\n|move|p1a: Lucario|Close Combat|p2a: 3\n|-resisted|p2a: 3\n|-damage|p2a: 3|80\/100\n|-unboost|p1a: Lucario|def|1\n|-unboost|p1a: Lucario|spd|1\n|\n|upkeep\n|turn|10\n|\n|t:|1700881818\n|move|p2a: 3|Stun Spore|p1a: Lucario|[miss]\n|-miss|p2a: 3|p1a: Lucario\n|move|p1a: Lucario|Close Combat|p2a: 3\n|-resisted|p2a: 3\n|-damage|p2a: 3|70\/100\n|-unboost|p1a: Lucario|def|1\n|-unboost|p1a: Lucario|spd|1\n|\n|upkeep\n|turn|11\n|\n|t:|1700881842\n|switch|p1a: Greninja|Greninja, F, shiny|100\/100\n|-damage|p1a: Greninja|75\/100|[from] Spikes\n|-damage|p1a: Greninja|63\/100|[from] Stealth Rock\n|-activate|p1a: Greninja|move: Sticky Web\n|-unboost|p1a: Greninja|spe|1\n|move|p2a: 3|Stun Spore|p1a: Greninja\n|-status|p1a: Greninja|par\n|\n|-sideend|p2: Diwu the ditto|move: Tailwind\n|upkeep\n|turn|12\n|\n|t:|1700881854\n|move|p2a: 3|Sticky Web||[still]\n|-fail|p2a: 3\n|move|p1a: Greninja|Liquidation|p2a: 3\n|-start|p1a: Greninja|typechange|Water|[from] ability: Protean\n|-damage|p2a: 3|26\/100\n|\n|upkeep\n|turn|13\n|\n|t:|1700881863\n|move|p2a: 3|Tailwind|p2a: 3\n|-sidestart|p2: Diwu the ditto|move: Tailwind\n|move|p1a: Greninja|Gunk Shot|p2a: 3\n|-damage|p2a: 3|0 fnt\n|faint|p2a: 3\n|\n|upkeep\n|\n|t:|1700881869\n|switch|p2a: 4|Ogerpon-Hearthflame, F|100\/100\n|-ability|p2a: 4|Mold Breaker\n|turn|14\n|\n|t:|1700881879\n|move|p2a: 4|Horn Leech|p1a: Greninja\n|-supereffective|p1a: Greninja\n|-damage|p1a: Greninja|0 fnt\n|faint|p1a: Greninja\n|\n|upkeep\n|\n|t:|1700881885\n|switch|p1a: Mewtwo|Mewtwo, shiny|100\/100\n|-ability|p1a: Mewtwo|Unnerve\n|-damage|p1a: Mewtwo|76\/100|[from] Spikes\n|-damage|p1a: Mewtwo|63\/100|[from] Stealth Rock\n|-activate|p1a: Mewtwo|move: Sticky Web\n|-unboost|p1a: Mewtwo|spe|1\n|turn|15\n|\n|t:|1700881898\n|move|p2a: 4|Leech Seed|p1a: Mewtwo\n|-start|p1a: Mewtwo|move: Leech Seed\n|move|p1a: Mewtwo|Earthquake|p2a: 4\n|-damage|p2a: 4|37\/100\n|\n|-damage|p1a: Mewtwo|51\/100|[from] Leech Seed|[of] p2a: 4\n|-heal|p2a: 4|54\/100|[silent]\n|upkeep\n|turn|16\n|\n|t:|1700881914\n|move|p2a: 4|Lash Out|p1a: Mewtwo\n|-supereffective|p1a: Mewtwo\n|-damage|p1a: Mewtwo|0 fnt\n|faint|p1a: Mewtwo\n|\n|-sideend|p2: Diwu the ditto|move: Tailwind\n|upkeep\n|\n|t:|1700881922\n|switch|p1a: Hoopa|Hoopa|100\/100\n|-damage|p1a: Hoopa|75\/100|[from] Spikes\n|-damage|p1a: Hoopa|63\/100|[from] Stealth Rock\n|-activate|p1a: Hoopa|move: Sticky Web\n|-unboost|p1a: Hoopa|spe|1\n|turn|17\n|\n|t:|1700881931\n|-singleturn|p1a: Hoopa|move: Focus Punch\n|move|p2a: 4|Lash Out|p1a: Hoopa\n|-supereffective|p1a: Hoopa\n|-damage|p1a: Hoopa|0 fnt\n|-damage|p2a: 4|37\/100|[from] item: Rocky Helmet|[of] p1a: Hoopa\n|faint|p1a: Hoopa\n|\n|upkeep\n|\n|t:|1700881939\n|switch|p1a: Groudon|Groudon, shiny|100\/100\n|-damage|p1a: Groudon|76\/100|[from] Spikes\n|-damage|p1a: Groudon|70\/100|[from] Stealth Rock\n|-activate|p1a: Groudon|move: Sticky Web\n|-unboost|p1a: Groudon|spe|1\n|-weather|SunnyDay|[from] ability: Drought|[of] p1a: Groudon\n|turn|18\n|\n|t:|1700881954\n|move|p2a: 4|Horn Leech|p1a: Groudon\n|-supereffective|p1a: Groudon\n|-damage|p1a: Groudon|13\/100\n|-heal|p2a: 4|74\/100|[from] drain|[of] p1a: Groudon\n|move|p1a: Groudon|Eruption|p2a: 4\n|-damage|p2a: 4|65\/100\n|\n|-weather|SunnyDay|[upkeep]\n|upkeep\n|turn|19\n|c|\u2606Diwu the ditto|what does focusing do\n|\n|t:|1700881964\n|move|p2a: 4|Horn Leech|p1a: Groudon\n|-supereffective|p1a: Groudon\n|-damage|p1a: Groudon|0 fnt\n|-heal|p2a: 4|73\/100|[from] drain|[of] p1a: Groudon\n|faint|p1a: Groudon\n|\n|-weather|SunnyDay|[upkeep]\n|upkeep\n|\n|t:|1700881971\n|switch|p1a: Lucario|Lucario, F, shiny|73\/100\n|-damage|p1a: Lucario|48\/100|[from] Spikes\n|-damage|p1a: Lucario|45\/100|[from] Stealth Rock\n|-activate|p1a: Lucario|move: Sticky Web\n|-unboost|p1a: Lucario|spe|1\n|turn|20\n|\n|t:|1700881988\n|move|p2a: 4|Leech Seed|p1a: Lucario\n|-start|p1a: Lucario|move: Leech Seed\n|move|p1a: Lucario|Flash Cannon|p2a: 4\n|-resisted|p2a: 4\n|-damage|p2a: 4|52\/100\n|\n|-weather|SunnyDay|[upkeep]\n|-damage|p1a: Lucario|33\/100|[from] Leech Seed|[of] p2a: 4\n|-heal|p2a: 4|65\/100|[silent]\n|upkeep\n|turn|21\n|c|\u2606Diwu the ditto|ima just play around\n|\n|t:|1700882011\n|move|p2a: 4|Leech Seed||[still]\n|-fail|p2a: 4\n|move|p1a: Lucario|Flash Cannon|p2a: 4\n|-resisted|p2a: 4\n|-damage|p2a: 4|42\/100\n|\n|-weather|SunnyDay|[upkeep]\n|-damage|p1a: Lucario|20\/100|[from] Leech Seed|[of] p2a: 4\n|-heal|p2a: 4|55\/100|[silent]\n|upkeep\n|turn|22\n|c|\u2606Diwu the ditto|ur pretty much dead\n|\n|t:|1700882024\n|move|p2a: 4|Leech Seed||[still]\n|-fail|p2a: 4\n|move|p1a: Lucario|Flash Cannon|p2a: 4\n|-resisted|p2a: 4\n|-damage|p2a: 4|32\/100\n|\n|-weather|none\n|-damage|p1a: Lucario|8\/100|[from] Leech Seed|[of] p2a: 4\n|-heal|p2a: 4|45\/100|[silent]\n|upkeep\n|turn|23\n|c|\u2606Diwu the ditto|final turn\n|c|\u2606Diwu the ditto|o7\n|\n|t:|1700882042\n|move|p2a: 4|Leech Seed||[still]\n|-fail|p2a: 4\n|move|p1a: Lucario|Flash Cannon|p2a: 4\n|-resisted|p2a: 4\n|-damage|p2a: 4|24\/100\n|\n|-damage|p1a: Lucario|0 fnt|[from] Leech Seed|[of] p2a: 4\n|-heal|p2a: 4|32\/100|[silent]\n|faint|p1a: Lucario\n|\n|win|Diwu the ditto\n|upkeep\n|raw|nuttyohio96's rating: 1000 &rarr; <strong>1000<\/strong><br \/>(+0 for losing)\n|raw|Diwu the ditto's rating: 1048 &rarr; <strong>1076<\/strong><br \/>(+28 for winning)\n","uploadtime":1700882062,"views":1,"p1id":"nuttyohio96","p2id":"diwutheditto","formatid":"gen9anythinggoes","rating":1000,"private":0,"password":""}