{"id":"gen9anythinggoes-1977712459","p1":"TheJesterJames","p2":"Pwimpler","format":"[Gen 9] Anything Goes","log":"|j|\u2606TheJesterJames\n|j|\u2606Pwimpler\n|t:|1698441208\n|gametype|singles\n|player|p1|TheJesterJames|clown|1135\n|player|p2|Pwimpler|veteran|1169\n|teamsize|p1|6\n|teamsize|p2|6\n|gen|9\n|tier|[Gen 9] Anything Goes\n|rated|\n|rule|HP Percentage Mod: HP is shown in percentages\n|rule|Endless Battle Clause: Forcing endless battles is banned\n|clearpoke\n|poke|p1|Infernape, M|\n|poke|p1|Munkidori, M|\n|poke|p1|Rillaboom, M|\n|poke|p1|Zarude-Dada|\n|poke|p1|Annihilape, M|\n|poke|p1|Ambipom, M|\n|poke|p2|Kingambit, M|\n|poke|p2|Manaphy|\n|poke|p2|Roaring Moon|\n|poke|p2|Cinderace, F|\n|poke|p2|Gengar, F|\n|poke|p2|Drifblim, F|\n|teampreview\n|inactive|Battle timer is ON: inactive players will automatically lose when time's up. (requested by Pwimpler)\n|\n|t:|1698441217\n|start\n|switch|p1a: Ambipom|Ambipom, M|100\/100\n|switch|p2a: HAPPINESS OF DEATH|Manaphy|100\/100\n|turn|1\n|c|\u2606Pwimpler|ayo\n|c|\u2606Pwimpler|ur hot yk\n|\n|t:|1698441231\n|switch|p2a: POISON OF DEATH|Gengar, F|100\/100\n|move|p1a: Ambipom|Fake Out|p2a: POISON OF DEATH\n|-immune|p2a: POISON OF DEATH\n|\n|upkeep\n|turn|2\n|\n|t:|1698441237\n|-terastallize|p1a: Ambipom|Ghost\n|move|p1a: Ambipom|Tera Blast|p2a: POISON OF DEATH|[anim] Tera Blast Ghost\n|-supereffective|p2a: POISON OF DEATH\n|-enditem|p2a: POISON OF DEATH|Focus Sash\n|-damage|p2a: POISON OF DEATH|1\/100\n|move|p2a: POISON OF DEATH|Toxic Spikes|p1a: Ambipom\n|-sidestart|p1: TheJesterJames|move: Toxic Spikes\n|\n|upkeep\n|turn|3\n|\n|t:|1698441247\n|move|p1a: Ambipom|Tera Blast|p2a: POISON OF DEATH|[anim] Tera Blast Ghost\n|-supereffective|p2a: POISON OF DEATH\n|-damage|p2a: POISON OF DEATH|0 fnt\n|faint|p2a: POISON OF DEATH\n|\n|upkeep\n|\n|t:|1698441258\n|switch|p2a: RAGE OF DEATH|Roaring Moon|100\/100\n|-enditem|p2a: RAGE OF DEATH|Booster Energy\n|-activate|p2a: RAGE OF DEATH|ability: Protosynthesis|[fromitem]\n|-start|p2a: RAGE OF DEATH|protosynthesisatk\n|turn|4\n|\n|t:|1698441265\n|move|p1a: Ambipom|U-turn|p2a: RAGE OF DEATH\n|-supereffective|p2a: RAGE OF DEATH\n|-damage|p2a: RAGE OF DEATH|49\/100\n|\n|t:|1698441272\n|switch|p1a: Munkidori|Munkidori, M|100\/100|[from] U-turn\n|-sideend|p1: TheJesterJames|move: Toxic Spikes|[of] p1a: Munkidori\n|move|p2a: RAGE OF DEATH|Knock Off|p1a: Munkidori\n|-supereffective|p1a: Munkidori\n|-enditem|p1a: Munkidori|Focus Sash\n|-damage|p1a: Munkidori|1\/100\n|\n|upkeep\n|turn|5\n|\n|t:|1698441282\n|move|p1a: Munkidori|Sludge Wave|p2a: RAGE OF DEATH\n|-damage|p2a: RAGE OF DEATH|0 fnt\n|faint|p2a: RAGE OF DEATH\n|-end|p2a: RAGE OF DEATH|Protosynthesis|[silent]\n|\n|upkeep\n|\n|t:|1698441289\n|switch|p2a: HAPPINESS OF DEATH|Manaphy|100\/100\n|turn|6\n|\n|t:|1698441295\n|move|p1a: Munkidori|Psychic|p2a: HAPPINESS OF DEATH\n|-damage|p2a: HAPPINESS OF DEATH|62\/100\n|move|p2a: HAPPINESS OF DEATH|Dazzling Gleam|p1a: Munkidori\n|-resisted|p1a: Munkidori\n|-damage|p1a: Munkidori|0 fnt\n|faint|p1a: Munkidori\n|\n|upkeep\n|\n|t:|1698441304\n|switch|p1a: Infernape|Infernape, M|100\/100\n|turn|7\n|c|\u2606Pwimpler|you dont know how to use monkidori\n|\n|t:|1698441309\n|move|p1a: Infernape|Swords Dance|p1a: Infernape\n|-boost|p1a: Infernape|atk|2\n|move|p2a: HAPPINESS OF DEATH|Hydro Pump|p1a: Infernape\n|-supereffective|p1a: Infernape\n|-enditem|p1a: Infernape|Focus Sash\n|-damage|p1a: Infernape|1\/100\n|\n|upkeep\n|turn|8\n|c|\u2606TheJesterJames|Sure man\n|\n|t:|1698441336\n|move|p1a: Infernape|Knock Off|p2a: HAPPINESS OF DEATH\n|-damage|p2a: HAPPINESS OF DEATH|14\/100\n|-enditem|p2a: HAPPINESS OF DEATH|Focus Sash|[from] move: Knock Off|[of] p1a: Infernape\n|move|p2a: HAPPINESS OF DEATH|Hydro Pump|p1a: Infernape|[miss]\n|-miss|p2a: HAPPINESS OF DEATH|p1a: Infernape\n|\n|upkeep\n|turn|9\n|\n|t:|1698441344\n|move|p1a: Infernape|Fire Punch|p2a: HAPPINESS OF DEATH\n|-resisted|p2a: HAPPINESS OF DEATH\n|-damage|p2a: HAPPINESS OF DEATH|0 fnt\n|faint|p2a: HAPPINESS OF DEATH\n|\n|upkeep\n|\n|t:|1698441350\n|switch|p2a: REVENGE OF DEATH|Kingambit, M|100\/100\n|-activate|p2a: REVENGE OF DEATH|ability: Supreme Overlord\n|-start|p2a: REVENGE OF DEATH|fallen3|[silent]\n|turn|10\n|\n|t:|1698441359\n|switch|p1a: Zarude|Zarude-Dada|100\/100\n|move|p2a: REVENGE OF DEATH|Sucker Punch||[still]\n|-fail|p2a: REVENGE OF DEATH\n|\n|upkeep\n|turn|11\n|\n|t:|1698441365\n|-end|p2a: REVENGE OF DEATH|fallen3|[silent]\n|switch|p2a: FEAR OF DEATH|Drifblim, F|100\/100\n|move|p1a: Zarude|Swords Dance|p1a: Zarude\n|-boost|p1a: Zarude|atk|2\n|\n|upkeep\n|turn|12\n|\n|t:|1698441370\n|move|p1a: Zarude|Knock Off|p2a: FEAR OF DEATH\n|-supereffective|p2a: FEAR OF DEATH\n|-damage|p2a: FEAR OF DEATH|0 fnt\n|-damage|p1a: Zarude|76\/100|[from] ability: Aftermath|[of] p2a: FEAR OF DEATH\n|-enditem|p2a: FEAR OF DEATH|Bright Powder|[from] move: Knock Off|[of] p1a: Zarude\n|faint|p2a: FEAR OF DEATH\n|\n|upkeep\n|\n|t:|1698441377\n|switch|p2a: FIRE OF DEATH|Cinderace, F|100\/100\n|turn|13\n|\n|t:|1698441381\n|move|p1a: Zarude|Drain Punch|p2a: FIRE OF DEATH\n|-damage|p2a: FIRE OF DEATH|43\/100\n|-heal|p1a: Zarude|100\/100|[from] drain|[of] p2a: FIRE OF DEATH\n|move|p2a: FIRE OF DEATH|Swords Dance|p2a: FIRE OF DEATH\n|-boost|p2a: FIRE OF DEATH|atk|2\n|\n|-heal|p2a: FIRE OF DEATH|49\/100|[from] item: Leftovers\n|upkeep\n|turn|14\n|\n|t:|1698441392\n|move|p1a: Zarude|Drain Punch|p2a: FIRE OF DEATH\n|-damage|p2a: FIRE OF DEATH|0 fnt\n|faint|p2a: FIRE OF DEATH\n|\n|upkeep\n|\n|t:|1698441396\n|switch|p2a: REVENGE OF DEATH|Kingambit, M|100\/100\n|-activate|p2a: REVENGE OF DEATH|ability: Supreme Overlord\n|-start|p2a: REVENGE OF DEATH|fallen5|[silent]\n|turn|15\n|inactive|TheJesterJames has 120 seconds left.\n|c|\u2606TheJesterJames|You seem to not know how to use Cinderace\n|\n|t:|1698441433\n|-terastallize|p2a: REVENGE OF DEATH|Flying\n|move|p1a: Zarude|Drain Punch|p2a: REVENGE OF DEATH\n|-resisted|p2a: REVENGE OF DEATH\n|-damage|p2a: REVENGE OF DEATH|80\/100\n|move|p2a: REVENGE OF DEATH|Swords Dance|p2a: REVENGE OF DEATH\n|-boost|p2a: REVENGE OF DEATH|atk|2\n|\n|upkeep\n|turn|16\n|inactive|TheJesterJames has 120 seconds left.\n|\n|t:|1698441442\n|move|p2a: REVENGE OF DEATH|Sucker Punch|p1a: Zarude\n|-resisted|p1a: Zarude\n|-damage|p1a: Zarude|52\/100\n|move|p1a: Zarude|Power Whip|p2a: REVENGE OF DEATH\n|-resisted|p2a: REVENGE OF DEATH\n|-damage|p2a: REVENGE OF DEATH|25\/100\n|\n|upkeep\n|turn|17\n|\n|t:|1698441452\n|move|p2a: REVENGE OF DEATH|Sucker Punch|p1a: Zarude\n|-resisted|p1a: Zarude\n|-damage|p1a: Zarude|0 fnt\n|faint|p1a: Zarude\n|\n|upkeep\n|\n|t:|1698441460\n|switch|p1a: Ambipom|Ambipom, M, tera:Ghost|100\/100\n|turn|18\n|\n|t:|1698441464\n|move|p1a: Ambipom|Fake Out|p2a: REVENGE OF DEATH\n|-damage|p2a: REVENGE OF DEATH|2\/100\n|cant|p2a: REVENGE OF DEATH|flinch\n|\n|upkeep\n|turn|19\n|\n|t:|1698441471\n|move|p2a: REVENGE OF DEATH|Sucker Punch|p1a: Ambipom\n|-supereffective|p1a: Ambipom\n|-damage|p1a: Ambipom|0 fnt\n|faint|p1a: Ambipom\n|\n|upkeep\n|\n|t:|1698441475\n|switch|p1a: Rillaboom|Rillaboom, M|100\/100\n|-fieldstart|move: Grassy Terrain|[from] ability: Grassy Surge|[of] p1a: Rillaboom\n|turn|20\n|c|\u2606Pwimpler|that was close\n|\n|t:|1698441480\n|move|p1a: Rillaboom|Grassy Glide|p2a: REVENGE OF DEATH\n|-resisted|p2a: REVENGE OF DEATH\n|-damage|p2a: REVENGE OF DEATH|0 fnt\n|faint|p2a: REVENGE OF DEATH\n|-end|p2a: REVENGE OF DEATH|fallen5|[silent]\n|\n|win|TheJesterJames\n|raw|TheJesterJames's rating: 1135 &rarr; <strong>1162<\/strong><br \/>(+27 for winning)\n|raw|Pwimpler's rating: 1169 &rarr; <strong>1142<\/strong><br \/>(-27 for losing)\n|l|\u2606Pwimpler\n","uploadtime":1698441507,"views":9,"p1id":"thejesterjames","p2id":"pwimpler","formatid":"gen9anythinggoes","rating":1142,"private":0,"password":""}