{"id":"gen9anythinggoes-1976319026","p1":"Tic-Tac-Toe Guru","p2":"SuperJabroniBros","format":"[Gen 9] Anything Goes","log":"|j|\u2606Tic-Tac-Toe Guru\n|j|\u2606SuperJabroniBros\n|inactive|Battle timer is ON: inactive players will automatically lose when time's up.\n|t:|1698286090\n|gametype|singles\n|player|p1|Tic-Tac-Toe Guru|rood|\n|player|p2|SuperJabroniBros|plasmagrunt|\n|teamsize|p1|6\n|teamsize|p2|6\n|gen|9\n|tier|[Gen 9] Anything Goes\n|rated|Tournament battle\n|rule|HP Percentage Mod: HP is shown in percentages\n|rule|Endless Battle Clause: Forcing endless battles is banned\n|rule|Tier Shift Mod: Pok\u00e9mon get stat buffs depending on their tier, excluding HP.\n|clearpoke\n|poke|p1|Ribombee, M|\n|poke|p1|Toedscruel, M|\n|poke|p1|Koraidon|\n|poke|p1|Miraidon|\n|poke|p1|Arceus|\n|poke|p1|Calyrex-Shadow|\n|poke|p2|Calyrex-Shadow|\n|poke|p2|Koraidon|\n|poke|p2|Zamazenta-*|\n|poke|p2|Landorus, M|\n|poke|p2|Arceus|\n|poke|p2|Great Tusk|\n|teampreview\n|inactive|SuperJabroniBros also wants the timer to be on.\n|j|@cromagnet\n|j| ZowwyCafe\u2764\n|inactive|Tic-Tac-Toe Guru has 120 seconds left.\n|inactive|Tic-Tac-Toe Guru has 90 seconds left.\n|inactive|Tic-Tac-Toe Guru has 60 seconds left.\n|\n|t:|1698286193\n|start\n|switch|p1a: Ribombee|Ribombee, M|100\/100\n|switch|p2a: Arceus|Arceus|100\/100\n|turn|1\n|\n|t:|1698286208\n|move|p2a: Arceus|Extreme Speed|p1a: Ribombee\n|-crit|p1a: Ribombee\n|-enditem|p1a: Ribombee|Focus Sash\n|-damage|p1a: Ribombee|1\/100\n|move|p1a: Ribombee|Sticky Web|p2a: Arceus\n|-sidestart|p2: SuperJabroniBros|move: Sticky Web\n|\n|upkeep\n|turn|2\n|inactive|Tic-Tac-Toe Guru has 120 seconds left.\n|inactive|Tic-Tac-Toe Guru has 90 seconds left.\n|\n|t:|1698286276\n|move|p1a: Ribombee|Moonblast|p2a: Arceus\n|-damage|p2a: Arceus|74\/100\n|-unboost|p2a: Arceus|spa|1\n|move|p2a: Arceus|Shadow Claw|p1a: Ribombee\n|-crit|p1a: Ribombee\n|-damage|p1a: Ribombee|0 fnt\n|faint|p1a: Ribombee\n|\n|upkeep\n|\n|t:|1698286280\n|switch|p1a: Koraidon|Koraidon|100\/100\n|-weather|SunnyDay|[from] ability: Orichalcum Pulse|[of] p1a: Koraidon\n|-activate|p1a: Koraidon|Orichalcum Pulse|[source]\n|turn|3\n|\n|t:|1698286286\n|move|p2a: Arceus|Extreme Speed|p1a: Koraidon\n|-damage|p1a: Koraidon|53\/100\n|move|p1a: Koraidon|Flare Blitz|p2a: Arceus\n|-damage|p2a: Arceus|3\/100\n|-damage|p1a: Koraidon|27\/100|[from] Recoil\n|\n|-weather|SunnyDay|[upkeep]\n|upkeep\n|turn|4\n|inactive|Tic-Tac-Toe Guru has 60 seconds left.\n|j|%Pure Hackmons@!\n|\n|t:|1698286345\n|switch|p1a: Arceus|Arceus|100\/100\n|move|p2a: Arceus|Extreme Speed|p1a: Arceus\n|-damage|p1a: Arceus|64\/100\n|\n|-weather|SunnyDay|[upkeep]\n|-heal|p1a: Arceus|70\/100|[from] item: Leftovers\n|upkeep\n|turn|5\n|\n|t:|1698286352\n|move|p2a: Arceus|Extreme Speed|p1a: Arceus\n|-damage|p1a: Arceus|34\/100\n|move|p1a: Arceus|Extreme Speed|p2a: Arceus\n|-damage|p2a: Arceus|0 fnt\n|faint|p2a: Arceus\n|\n|-weather|SunnyDay|[upkeep]\n|-heal|p1a: Arceus|40\/100|[from] item: Leftovers\n|upkeep\n|\n|t:|1698286358\n|switch|p2a: Great Tusk|Great Tusk|100\/100\n|-activate|p2a: Great Tusk|move: Sticky Web\n|-unboost|p2a: Great Tusk|spe|1\n|-activate|p2a: Great Tusk|ability: Protosynthesis\n|-start|p2a: Great Tusk|protosynthesisatk\n|turn|6\n|\n|t:|1698286363\n|switch|p1a: Calyrex|Calyrex-Shadow|100\/100\n|-ability|p1a: Calyrex|As One\n|-ability|p1a: Calyrex|Unnerve\n|move|p2a: Great Tusk|Rapid Spin|p1a: Calyrex\n|-immune|p1a: Calyrex\n|\n|-weather|SunnyDay|[upkeep]\n|upkeep\n|turn|7\n|\n|t:|1698286368\n|-terastallize|p2a: Great Tusk|Ground\n|move|p1a: Calyrex|Astral Barrage|p2a: Great Tusk\n|-damage|p2a: Great Tusk|0 fnt\n|faint|p2a: Great Tusk\n|-end|p2a: Great Tusk|Protosynthesis|[silent]\n|-ability|p1a: Calyrex|Grim Neigh|boost\n|-boost|p1a: Calyrex|spa|1\n|\n|-weather|none\n|upkeep\n|\n|t:|1698286377\n|switch|p2a: Calyrex|Calyrex-Shadow|100\/100\n|-ability|p2a: Calyrex|As One\n|-ability|p2a: Calyrex|Unnerve\n|-activate|p2a: Calyrex|move: Sticky Web\n|-unboost|p2a: Calyrex|spe|1\n|turn|8\n|\n|t:|1698286382\n|move|p1a: Calyrex|Astral Barrage|p2a: Calyrex\n|-supereffective|p2a: Calyrex\n|-enditem|p2a: Calyrex|Focus Sash\n|-damage|p2a: Calyrex|1\/100\n|move|p2a: Calyrex|Astral Barrage|p1a: Calyrex\n|-supereffective|p1a: Calyrex\n|-damage|p1a: Calyrex|0 fnt\n|faint|p1a: Calyrex\n|-ability|p2a: Calyrex|Grim Neigh|boost\n|-boost|p2a: Calyrex|spa|1\n|\n|upkeep\n|\n|t:|1698286385\n|switch|p1a: Koraidon|Koraidon|27\/100\n|-weather|SunnyDay|[from] ability: Orichalcum Pulse|[of] p1a: Koraidon\n|-activate|p1a: Koraidon|Orichalcum Pulse|[source]\n|turn|9\n|inactive|Tic-Tac-Toe Guru has 90 seconds left.\n|\n|t:|1698286394\n|move|p1a: Koraidon|Flare Blitz|p2a: Calyrex\n|-damage|p2a: Calyrex|0 fnt\n|faint|p2a: Calyrex\n|-damage|p1a: Koraidon|26\/100|[from] Recoil\n|\n|-weather|SunnyDay|[upkeep]\n|upkeep\n|l|@cromagnet\n|\n|t:|1698286400\n|switch|p2a: Landorus|Landorus, M|100\/100\n|turn|10\n|\n|t:|1698286402\n|move|p1a: Koraidon|Flare Blitz|p2a: Landorus\n|-damage|p2a: Landorus|0 fnt\n|faint|p2a: Landorus\n|-damage|p1a: Koraidon|0 fnt|[from] Recoil\n|faint|p1a: Koraidon\n|\n|-weather|SunnyDay|[upkeep]\n|upkeep\n|\n|t:|1698286408\n|switch|p1a: Miraidon|Miraidon|100\/100\n|switch|p2a: Koraidon|Koraidon|100\/100\n|-activate|p2a: Koraidon|move: Sticky Web\n|-unboost|p2a: Koraidon|spe|1\n|-activate|p2a: Koraidon|ability: Orichalcum Pulse\n|-fieldstart|move: Electric Terrain|[from] ability: Hadron Engine|[of] p1a: Miraidon\n|turn|11\n|\n|t:|1698286415\n|-terastallize|p1a: Miraidon|Grass\n|move|p1a: Miraidon|Draco Meteor|p2a: Koraidon|[miss]\n|-miss|p1a: Miraidon|p2a: Koraidon\n|move|p2a: Koraidon|Scale Shot|p1a: Miraidon\n|-damage|p1a: Miraidon|84\/100\n|-damage|p1a: Miraidon|67\/100\n|-damage|p1a: Miraidon|51\/100\n|-damage|p1a: Miraidon|36\/100\n|-damage|p1a: Miraidon|20\/100\n|-hitcount|p1a: Miraidon|5\n|-unboost|p2a: Koraidon|def|1\n|-boost|p2a: Koraidon|spe|1\n|\n|-weather|SunnyDay|[upkeep]\n|upkeep\n|turn|12\n|\n|t:|1698286421\n|move|p2a: Koraidon|Scale Shot|p1a: Miraidon\n|-damage|p1a: Miraidon|3\/100\n|-damage|p1a: Miraidon|0 fnt\n|faint|p1a: Miraidon\n|-hitcount|p1: Miraidon|2\n|-unboost|p2a: Koraidon|def|1\n|-boost|p2a: Koraidon|spe|1\n|\n|-weather|SunnyDay|[upkeep]\n|upkeep\n|inactive|Tic-Tac-Toe Guru has 120 seconds left.\n|\n|t:|1698286434\n|switch|p1a: Arceus|Arceus|40\/100\n|turn|13\n|\n|t:|1698286442\n|move|p1a: Arceus|Extreme Speed|p2a: Koraidon\n|-damage|p2a: Koraidon|25\/100\n|move|p2a: Koraidon|Collision Course|p1a: Arceus\n|-supereffective|p1a: Arceus\n|-damage|p1a: Arceus|0 fnt\n|faint|p1a: Arceus\n|\n|-weather|none\n|upkeep\n|\n|t:|1698286445\n|switch|p1a: Toedscruel|Toedscruel, M|100\/100\n|turn|14\n|\n|t:|1698286451\n|move|p2a: Koraidon|Flare Blitz|p1a: Toedscruel\n|-supereffective|p1a: Toedscruel\n|-damage|p1a: Toedscruel|11\/100\n|-damage|p2a: Koraidon|0 fnt|[from] Recoil\n|faint|p2a: Koraidon\n|move|p1a: Toedscruel|Earth Power|p2: Koraidon|[notarget]\n|-fail|p1a: Toedscruel\n|\n|upkeep\n|\n|t:|1698286455\n|switch|p2a: Zamazenta|Zamazenta-Crowned|100\/100\n|-activate|p2a: Zamazenta|move: Sticky Web\n|-unboost|p2a: Zamazenta|spe|1\n|-ability|p2a: Zamazenta|Dauntless Shield|boost\n|-boost|p2a: Zamazenta|def|1\n|turn|15\n|\n|t:|1698286458\n|move|p1a: Toedscruel|Earth Power|p2a: Zamazenta\n|-supereffective|p2a: Zamazenta\n|-damage|p2a: Zamazenta|60\/100\n|move|p2a: Zamazenta|Behemoth Bash|p1a: Toedscruel\n|-crit|p1a: Toedscruel\n|-damage|p1a: Toedscruel|0 fnt\n|faint|p1a: Toedscruel\n|\n|win|SuperJabroniBros\n|n|\u2606Tic-Tac-Toe Guru|tictactoeguru\n|n|\u2606SuperJabroniBros|superjabronibros\n|n| ZowwyCafe\u2764|zowwycafe\n|n| Pure Hackmons@!|purehackmons\n|c|\u2606Tic-Tac-Toe Guru|Draco miss ftw\n|l| Pure Hackmons\n|c|\u2606SuperJabroniBros|Gg\n|l|\u2606Tic-Tac-Toe Guru\n|l|\u2606SuperJabroniBros\n|l| ZowwyCafe\u2764\n","uploadtime":1698286664,"views":19,"p1id":"tictactoeguru","p2id":"superjabronibros","formatid":"gen9anythinggoes","rating":0,"private":0,"password":""}