{"id":"gen9anythinggoes-1990000755","p1":"z3ndor","p2":"ilyass drago","format":"[Gen 9] Anything Goes","log":"|j|\u2606z3ndor\n|j|\u2606ilyass drago\n|t:|1699914135\n|gametype|singles\n|player|p1|z3ndor|winona-gen6|1115\n|player|p2|ilyass drago|169|1042\n|teamsize|p1|6\n|teamsize|p2|6\n|gen|9\n|tier|[Gen 9] Anything Goes\n|rated|\n|rule|HP Percentage Mod: HP is shown in percentages\n|rule|Endless Battle Clause: Forcing endless battles is banned\n|clearpoke\n|poke|p1|Calyrex-Shadow|\n|poke|p1|Espeon, M|\n|poke|p1|Breloom, F|\n|poke|p1|Ditto|\n|poke|p1|Gliscor, F|\n|poke|p1|Giratina-Origin|\n|poke|p2|Sinistcha|\n|poke|p2|Urshifu-*, M|\n|poke|p2|Iron Hands|\n|poke|p2|Ursaluna, M|\n|poke|p2|Flutter Mane|\n|poke|p2|Sneasler, F|\n|teampreview\n|\n|t:|1699914140\n|start\n|switch|p1a: Breloom|Breloom, F, shiny|100\/100\n|switch|p2a: Urshifu|Urshifu-Rapid-Strike, M|100\/100\n|turn|1\n|inactive|Battle timer is ON: inactive players will automatically lose when time's up. (requested by ilyass drago)\n|\n|t:|1699914151\n|move|p2a: Urshifu|Drain Punch|p1a: Breloom\n|-damage|p1a: Breloom|39\/100\n|move|p1a: Breloom|Spore|p2a: Urshifu\n|-status|p2a: Urshifu|slp|[from] move: Spore\n|\n|-status|p1a: Breloom|tox|[from] item: Toxic Orb\n|upkeep\n|turn|2\n|inactive|z3ndor has 120 seconds left.\n|\n|t:|1699914194\n|switch|p2a: Sinistcha|Sinistcha|100\/100\n|move|p1a: Breloom|Substitute|p1a: Breloom\n|-start|p1a: Breloom|Substitute\n|-damage|p1a: Breloom|14\/100 tox\n|\n|-heal|p1a: Breloom|26\/100 tox|[from] ability: Poison Heal\n|upkeep\n|turn|3\n|\n|t:|1699914203\n|move|p1a: Breloom|Seed Bomb|p2a: Sinistcha\n|-resisted|p2a: Sinistcha\n|-damage|p2a: Sinistcha|79\/100\n|move|p2a: Sinistcha|Giga Drain|p1a: Breloom\n|-resisted|p1a: Breloom\n|-end|p1a: Breloom|Substitute\n|-heal|p2a: Sinistcha|88\/100|[from] drain|[of] p1a: Breloom\n|\n|-heal|p1a: Breloom|39\/100 tox|[from] ability: Poison Heal\n|upkeep\n|turn|4\n|inactive|z3ndor has 120 seconds left.\n|\n|t:|1699914212\n|move|p1a: Breloom|Seed Bomb|p2a: Sinistcha\n|-resisted|p2a: Sinistcha\n|-damage|p2a: Sinistcha|68\/100\n|move|p2a: Sinistcha|Matcha Gotcha|p1a: Breloom\n|-resisted|p1a: Breloom\n|-damage|p1a: Breloom|0 fnt\n|-heal|p2a: Sinistcha|83\/100|[from] drain|[of] p1a: Breloom\n|faint|p1a: Breloom\n|\n|upkeep\n|inactive|z3ndor has 120 seconds left.\n|\n|t:|1699914240\n|switch|p1a: Calyrex|Calyrex-Shadow|100\/100\n|-ability|p1a: Calyrex|As One\n|-ability|p1a: Calyrex|Unnerve\n|turn|5\n|\n|t:|1699914249\n|move|p1a: Calyrex|Astral Barrage|p2a: Sinistcha\n|-supereffective|p2a: Sinistcha\n|-damage|p2a: Sinistcha|0 fnt\n|faint|p2a: Sinistcha\n|-ability|p1a: Calyrex|Grim Neigh|boost\n|-boost|p1a: Calyrex|spa|1\n|\n|upkeep\n|\n|t:|1699914254\n|switch|p2a: Ursaluna|Ursaluna, M|100\/100\n|turn|6\n|\n|t:|1699914261\n|-terastallize|p1a: Calyrex|Fairy\n|move|p1a: Calyrex|Astral Barrage|p2a: Ursaluna\n|-immune|p2a: Ursaluna\n|move|p2a: Ursaluna|Earthquake|p1a: Calyrex\n|-damage|p1a: Calyrex|21\/100\n|\n|upkeep\n|turn|7\n|inactive|z3ndor has 120 seconds left.\n|\n|t:|1699914272\n|move|p1a: Calyrex|Astral Barrage|p2a: Ursaluna\n|-immune|p2a: Ursaluna\n|move|p2a: Ursaluna|Fire Punch|p1a: Calyrex\n|-damage|p1a: Calyrex|0 fnt\n|faint|p1a: Calyrex\n|\n|upkeep\n|\n|t:|1699914282\n|switch|p1a: Giratina|Giratina-Origin|100\/100\n|turn|8\n|inactive|z3ndor has 120 seconds left.\n|\n|t:|1699914289\n|move|p1a: Giratina|Thunder Wave|p2a: Ursaluna\n|-immune|p2a: Ursaluna\n|move|p2a: Ursaluna|Play Rough|p1a: Giratina\n|-supereffective|p1a: Giratina\n|-damage|p1a: Giratina|38\/100\n|\n|upkeep\n|turn|9\n|\n|t:|1699914296\n|move|p1a: Giratina|Draco Meteor|p2a: Ursaluna\n|-damage|p2a: Ursaluna|32\/100\n|-unboost|p1a: Giratina|spa|2\n|move|p2a: Ursaluna|Play Rough|p1a: Giratina|[miss]\n|-miss|p2a: Ursaluna|p1a: Giratina\n|\n|upkeep\n|turn|10\n|\n|t:|1699914310\n|switch|p2a: Flutter Mane|Flutter Mane|100\/100\n|move|p1a: Giratina|Draco Meteor|p2a: Flutter Mane\n|-immune|p2a: Flutter Mane\n|\n|upkeep\n|turn|11\n|\n|t:|1699914315\n|move|p2a: Flutter Mane|Moonblast|p1a: Giratina\n|-supereffective|p1a: Giratina\n|-damage|p1a: Giratina|0 fnt\n|faint|p1a: Giratina\n|\n|upkeep\n|-message|z3ndor forfeited.\n|\n|win|ilyass drago\n|raw|z3ndor's rating: 1115 &rarr; <strong>1085<\/strong><br \/>(-30 for losing)\n|raw|ilyass drago's rating: 1042 &rarr; <strong>1083<\/strong><br \/>(+41 for winning)\n|l|\u2606z3ndor\n","uploadtime":1699914343,"views":5,"p1id":"z3ndor","p2id":"ilyassdrago","formatid":"gen9anythinggoes","rating":1083,"private":0,"password":""}