{"id":"gen9anythinggoes-1980181014","p1":"maskebab$","p2":"teet4t44","format":"[Gen 9] Anything Goes","log":"|j|\u2606maskebab$\n|j|\u2606teet4t44\n|inactive|Battle timer is ON: inactive players will automatically lose when time's up.\n|t:|1698764245\n|gametype|singles\n|player|p1|maskebab$|102|\n|player|p2|teet4t44|2|\n|teamsize|p1|6\n|teamsize|p2|6\n|gen|9\n|tier|[Gen 9] Anything Goes\n|rated|Tournament battle\n|rule|HP Percentage Mod: HP is shown in percentages\n|rule|Endless Battle Clause: Forcing endless battles is banned\n|clearpoke\n|poke|p1|Arceus-Poison|\n|poke|p1|Grimmsnarl, M|\n|poke|p1|Kyogre|\n|poke|p1|Calyrex-Shadow|\n|poke|p1|Arceus|\n|poke|p1|Koraidon|\n|poke|p2|Grimmsnarl, M|\n|poke|p2|Kyogre|\n|poke|p2|Calyrex-Shadow|\n|poke|p2|Arceus|\n|poke|p2|Koraidon|\n|poke|p2|Zacian-*|\n|teampreview\n|\n|t:|1698764271\n|start\n|switch|p1a: Grimmsnarl|Grimmsnarl, M|100\/100\n|switch|p2a: Zacian|Zacian-Crowned|100\/100\n|-ability|p2a: Zacian|Intrepid Sword|boost\n|-boost|p2a: Zacian|atk|1\n|turn|1\n|j| GigaBytes7\n|l| GigaBytes7\n|j|#Frozoid\n|\n|t:|1698764290\n|move|p1a: Grimmsnarl|Reflect|p1a: Grimmsnarl\n|-sidestart|p1: maskebab$|Reflect\n|move|p2a: Zacian|Swords Dance|p2a: Zacian\n|-boost|p2a: Zacian|atk|2\n|\n|upkeep\n|turn|2\n|\n|t:|1698764293\n|move|p1a: Grimmsnarl|Taunt|p2a: Zacian\n|-start|p2a: Zacian|move: Taunt\n|move|p2a: Zacian|Behemoth Blade|p1a: Grimmsnarl\n|-supereffective|p1a: Grimmsnarl\n|-damage|p1a: Grimmsnarl|0 fnt\n|faint|p1a: Grimmsnarl\n|\n|upkeep\n|\n|t:|1698764299\n|switch|p1a: Arceus|Arceus-Poison|100\/100\n|turn|3\n|inactive|teet4t44 has 120 seconds left.\n|\n|t:|1698764330\n|switch|p2a: Calyrex|Calyrex-Shadow|100\/100\n|-ability|p2a: Calyrex|As One\n|-ability|p2a: Calyrex|Unnerve\n|move|p1a: Arceus|Dragon Dance|p1a: Arceus\n|-boost|p1a: Arceus|atk|1\n|-boost|p1a: Arceus|spe|1\n|\n|upkeep\n|turn|4\n|inactive|teet4t44 has 120 seconds left.\n|j|+PrimalKyogre555\n|l|+PrimalKyogre555\n|inactive|maskebab$ has 120 seconds left.\n|inactive|maskebab$ has 90 seconds left.\n|\n|t:|1698764403\n|move|p1a: Arceus|Shadow Claw|p2a: Calyrex\n|-supereffective|p2a: Calyrex\n|-enditem|p2a: Calyrex|Focus Sash\n|-damage|p2a: Calyrex|1\/100\n|move|p2a: Calyrex|Psychic|p1a: Arceus\n|-supereffective|p1a: Arceus\n|-damage|p1a: Arceus|9\/100\n|\n|upkeep\n|turn|5\n|j| Laprasplayer\n|inactive|teet4t44 has 90 seconds left.\n|\n|t:|1698764434\n|move|p1a: Arceus|Earthquake|p2a: Calyrex\n|-damage|p2a: Calyrex|0 fnt\n|faint|p2a: Calyrex\n|\n|upkeep\n|inactive|teet4t44 has 90 seconds left.\n|j| Arpitraj1\n|\n|t:|1698764451\n|switch|p2a: Arceus|Arceus|100\/100\n|turn|6\n|inactive|maskebab$ has 90 seconds left.\n|\n|t:|1698764468\n|move|p2a: Arceus|Extreme Speed|p1a: Arceus\n|-damage|p1a: Arceus|0 fnt\n|faint|p1a: Arceus\n|\n|upkeep\n|inactive|maskebab$ has 90 seconds left.\n|\n|t:|1698764475\n|switch|p1a: Kyogre|Kyogre|100\/100\n|-weather|RainDance|[from] ability: Drizzle|[of] p1a: Kyogre\n|turn|7\n|inactive|teet4t44 has 90 seconds left.\n|inactive|teet4t44 has 60 seconds left.\n|\n|t:|1698764543\n|switch|p2a: Kyogre|Kyogre|100\/100\n|move|p1a: Kyogre|Calm Mind|p1a: Kyogre\n|-boost|p1a: Kyogre|spa|1\n|-boost|p1a: Kyogre|spd|1\n|\n|-weather|RainDance|[upkeep]\n|upkeep\n|turn|8\n|inactive|teet4t44 has 30 seconds left.\n|inactive|teet4t44 has 20 seconds left.\n|\n|t:|1698764574\n|move|p1a: Kyogre|Thunder|p2a: Kyogre\n|-supereffective|p2a: Kyogre\n|-damage|p2a: Kyogre|11\/100\n|move|p2a: Kyogre|Thunder|p1a: Kyogre\n|-supereffective|p1a: Kyogre\n|-damage|p1a: Kyogre|60\/100\n|\n|-weather|RainDance|[upkeep]\n|-sideend|p1: maskebab$|Reflect\n|upkeep\n|turn|9\n|inactive|teet4t44 has 30 seconds left this turn.\n|\n|t:|1698764583\n|move|p2a: Kyogre|Thunder|p1a: Kyogre\n|-supereffective|p1a: Kyogre\n|-crit|p1a: Kyogre\n|-damage|p1a: Kyogre|0 fnt\n|faint|p1a: Kyogre\n|\n|-weather|RainDance|[upkeep]\n|upkeep\n|inactive|teet4t44 has 30 seconds left this turn.\n|c| Laprasplayer|pokemon moment\n|c|\u2606teet4t44|lol\n|\n|t:|1698764603\n|switch|p1a: Calyrex|Calyrex-Shadow|100\/100\n|-ability|p1a: Calyrex|As One\n|-ability|p1a: Calyrex|Unnerve\n|turn|10\n|inactive|teet4t44 has 30 seconds left.\n|\n|t:|1698764620\n|switch|p2a: Grimmsnarl|Grimmsnarl, M|100\/100\n|move|p1a: Calyrex|Astral Barrage|p2a: Grimmsnarl\n|-resisted|p2a: Grimmsnarl\n|-damage|p2a: Grimmsnarl|56\/100\n|\n|-weather|RainDance|[upkeep]\n|upkeep\n|turn|11\n|inactive|teet4t44 has 30 seconds left.\n|\n|t:|1698764630\n|move|p2a: Grimmsnarl|Thunder Wave|p1a: Calyrex\n|-status|p1a: Calyrex|par\n|move|p1a: Calyrex|Nasty Plot|p1a: Calyrex\n|-boost|p1a: Calyrex|spa|2\n|\n|-weather|none\n|upkeep\n|turn|12\n|\n|t:|1698764637\n|move|p2a: Grimmsnarl|Light Screen|p2a: Grimmsnarl\n|-sidestart|p2: teet4t44|move: Light Screen\n|move|p1a: Calyrex|Agility|p1a: Calyrex\n|-boost|p1a: Calyrex|spe|2\n|\n|upkeep\n|turn|13\n|\n|t:|1698764647\n|switch|p2a: Arceus|Arceus|100\/100\n|cant|p1a: Calyrex|par\n|\n|upkeep\n|turn|14\n|\n|t:|1698764659\n|-terastallize|p1a: Calyrex|Fighting\n|move|p1a: Calyrex|Tera Blast|p2a: Arceus|[anim] Tera Blast Fighting\n|-supereffective|p2a: Arceus\n|-damage|p2a: Arceus|33\/100\n|move|p2a: Arceus|Shadow Claw|p1a: Calyrex\n|-damage|p1a: Calyrex|69\/100 par\n|\n|-heal|p2a: Arceus|39\/100|[from] item: Leftovers\n|upkeep\n|turn|15\n|\n|t:|1698764672\n|move|p2a: Arceus|Extreme Speed|p1a: Calyrex\n|-damage|p1a: Calyrex|15\/100 par\n|cant|p1a: Calyrex|par\n|\n|-heal|p2a: Arceus|46\/100|[from] item: Leftovers\n|upkeep\n|turn|16\n|\n|t:|1698764678\n|move|p2a: Arceus|Extreme Speed|p1a: Calyrex\n|-damage|p1a: Calyrex|0 fnt\n|faint|p1a: Calyrex\n|\n|-heal|p2a: Arceus|52\/100|[from] item: Leftovers\n|upkeep\n|\n|t:|1698764682\n|switch|p1a: Arceus|Arceus|100\/100\n|turn|17\n|inactive|teet4t44 has 60 seconds left.\n|\n|t:|1698764695\n|move|p2a: Arceus|Extreme Speed|p1a: Arceus\n|-damage|p1a: Arceus|69\/100\n|move|p1a: Arceus|Bulk Up|p1a: Arceus\n|-boost|p1a: Arceus|atk|1\n|-boost|p1a: Arceus|def|1\n|\n|-heal|p2a: Arceus|58\/100|[from] item: Leftovers\n|-heal|p1a: Arceus|75\/100|[from] item: Leftovers\n|upkeep\n|turn|18\n|inactive|teet4t44 has 60 seconds left.\n|\n|t:|1698764717\n|move|p2a: Arceus|Extreme Speed|p1a: Arceus\n|-damage|p1a: Arceus|55\/100\n|move|p1a: Arceus|Bulk Up|p1a: Arceus\n|-boost|p1a: Arceus|atk|1\n|-boost|p1a: Arceus|def|1\n|\n|-heal|p1a: Arceus|61\/100|[from] item: Leftovers\n|-heal|p2a: Arceus|64\/100|[from] item: Leftovers\n|upkeep\n|turn|19\n|inactive|teet4t44 has 60 seconds left.\n|l| Arpitraj1\n|\n|t:|1698764729\n|switch|p2a: Grimmsnarl|Grimmsnarl, M|56\/100\n|move|p1a: Arceus|Bulk Up|p1a: Arceus\n|-boost|p1a: Arceus|atk|1\n|-boost|p1a: Arceus|def|1\n|\n|-heal|p1a: Arceus|67\/100|[from] item: Leftovers\n|-sideend|p2: teet4t44|move: Light Screen\n|upkeep\n|turn|20\n|\n|t:|1698764732\n|move|p1a: Arceus|Extreme Speed|p2a: Grimmsnarl\n|-damage|p2a: Grimmsnarl|0 fnt\n|faint|p2a: Grimmsnarl\n|\n|-heal|p1a: Arceus|74\/100|[from] item: Leftovers\n|upkeep\n|inactive|teet4t44 has 60 seconds left.\n|\n|t:|1698764743\n|switch|p2a: Kyogre|Kyogre|11\/100\n|-weather|RainDance|[from] ability: Drizzle|[of] p2a: Kyogre\n|turn|21\n|\n|t:|1698764760\n|move|p1a: Arceus|Extreme Speed|p2a: Kyogre\n|-damage|p2a: Kyogre|0 fnt\n|faint|p2a: Kyogre\n|\n|-weather|RainDance|[upkeep]\n|-heal|p1a: Arceus|80\/100|[from] item: Leftovers\n|upkeep\n|inactive|teet4t44 has 60 seconds left.\n|\n|t:|1698764786\n|switch|p2a: Koraidon|Koraidon|100\/100\n|-weather|SunnyDay|[from] ability: Orichalcum Pulse|[of] p2a: Koraidon\n|-activate|p2a: Koraidon|Orichalcum Pulse|[source]\n|turn|22\n|inactive|teet4t44 has 30 seconds left.\n|inactive|teet4t44 has 20 seconds left.\n|inactive|teet4t44 has 15 seconds left.\n|\n|t:|1698764827\n|move|p1a: Arceus|Extreme Speed|p2a: Koraidon\n|-damage|p2a: Koraidon|7\/100\n|move|p2a: Koraidon|Collision Course|p1a: Arceus\n|-supereffective|p1a: Arceus\n|-damage|p1a: Arceus|24\/100\n|\n|-weather|SunnyDay|[upkeep]\n|-heal|p1a: Arceus|31\/100|[from] item: Leftovers\n|upkeep\n|turn|23\n|inactive|teet4t44 has 25 seconds left this turn.\n|inactive|teet4t44 has 20 seconds left.\n|inactive|teet4t44 has 15 seconds left.\n|\n|t:|1698764839\n|-terastallize|p2a: Koraidon|Ghost\n|move|p1a: Arceus|Extreme Speed|p2a: Koraidon\n|-immune|p2a: Koraidon\n|move|p2a: Koraidon|Collision Course|p1a: Arceus\n|-supereffective|p1a: Arceus\n|-damage|p1a: Arceus|0 fnt\n|faint|p1a: Arceus\n|\n|-weather|SunnyDay|[upkeep]\n|upkeep\n|inactive|teet4t44 has 20 seconds left this turn.\n|\n|t:|1698764842\n|switch|p1a: Koraidon|Koraidon|100\/100\n|-activate|p1a: Koraidon|ability: Orichalcum Pulse\n|turn|24\n|inactive|teet4t44 has 30 seconds left this turn.\n|\n|t:|1698764849\n|move|p2a: Koraidon|Dragon Claw|p1a: Koraidon\n|-supereffective|p1a: Koraidon\n|-damage|p1a: Koraidon|0 fnt\n|faint|p1a: Koraidon\n|\n|win|teet4t44\n|inactive|teet4t44 has 30 seconds left this turn.\n|n|\u2606maskebab$|maskebab\n|n|\u2606teet4t44|teet4t44\n|n|+Frozoid|frozoid\n|n| Laprasplayer|laprasplayer\n|c|\u2606teet4t44|ggs\n|l|\u2606maskebab$\n|l|+Frozoid\n|l|\u2606teet4t44\n","uploadtime":1698764988,"views":8,"p1id":"maskebab","p2id":"teet4t44","formatid":"gen9anythinggoes","rating":0,"private":0,"password":""}