{"id":"gen9anythinggoes-1974052648","p1":"09-10a","p2":"Feraligators","format":"[Gen 9] Anything Goes","log":"|j|\u260609-10a\n|j|\u2606Feraligators\n|t:|1698048536\n|gametype|singles\n|player|p1|09-10a|schoolkid-gen4dp|1697\n|player|p2|Feraligators|hooligans|1584\n|teamsize|p1|6\n|teamsize|p2|6\n|gen|9\n|tier|[Gen 9] Anything Goes\n|rated|\n|rule|HP Percentage Mod: HP is shown in percentages\n|rule|Endless Battle Clause: Forcing endless battles is banned\n|clearpoke\n|poke|p1|Arceus-Ground|\n|poke|p1|Arceus|\n|poke|p1|Calyrex-Shadow|\n|poke|p1|Miraidon|\n|poke|p1|Grimmsnarl, M|\n|poke|p1|Arceus-Fairy|\n|poke|p2|Calyrex-Shadow|\n|poke|p2|Arceus-Fairy|\n|poke|p2|Arceus|\n|poke|p2|Koraidon|\n|poke|p2|Ditto|\n|poke|p2|Miraidon|\n|teampreview\n|inactive|Battle timer is ON: inactive players will automatically lose when time's up. (requested by 09-10a)\n|inactive|09-10a has 120 seconds left.\n|\n|t:|1698048577\n|start\n|switch|p1a: Arceus|Arceus-Fairy|100\/100\n|switch|p2a: Dreadful Destroyer|Koraidon|100\/100\n|-weather|SunnyDay|[from] ability: Orichalcum Pulse|[of] p2a: Dreadful Destroyer\n|-activate|p2a: Dreadful Destroyer|Orichalcum Pulse|[source]\n|turn|1\n|\n|t:|1698048588\n|-terastallize|p2a: Dreadful Destroyer|Fire\n|move|p1a: Arceus|Taunt|p2a: Dreadful Destroyer\n|-start|p2a: Dreadful Destroyer|move: Taunt\n|cant|p2a: Dreadful Destroyer|move: Taunt|Swords Dance\n|\n|-weather|SunnyDay|[upkeep]\n|upkeep\n|turn|2\n|\n|t:|1698048595\n|move|p1a: Arceus|Stealth Rock|p2a: Dreadful Destroyer\n|-sidestart|p2: Feraligators|move: Stealth Rock\n|move|p2a: Dreadful Destroyer|Flame Charge|p1a: Arceus\n|-damage|p1a: Arceus|52\/100\n|-boost|p2a: Dreadful Destroyer|spe|1\n|\n|-weather|SunnyDay|[upkeep]\n|upkeep\n|turn|3\n|\n|t:|1698048600\n|move|p2a: Dreadful Destroyer|Flame Charge|p1a: Arceus\n|-damage|p1a: Arceus|8\/100\n|-boost|p2a: Dreadful Destroyer|spe|1\n|move|p1a: Arceus|Healing Wish|p1a: Arceus\n|faint|p1a: Arceus\n|\n|-weather|SunnyDay|[upkeep]\n|-end|p2a: Dreadful Destroyer|move: Taunt\n|upkeep\n|\n|t:|1698048606\n|switch|p1a: Arceus|Arceus-Ground|100\/100\n|turn|4\n|\n|t:|1698048611\n|move|p2a: Dreadful Destroyer|Drain Punch|p1a: Arceus\n|-damage|p1a: Arceus|59\/100\n|move|p1a: Arceus|Earthquake|p2a: Dreadful Destroyer\n|-supereffective|p2a: Dreadful Destroyer\n|-damage|p2a: Dreadful Destroyer|4\/100\n|\n|-weather|SunnyDay|[upkeep]\n|-heal|p2a: Dreadful Destroyer|10\/100|[from] item: Leftovers\n|upkeep\n|turn|5\n|\n|t:|1698048617\n|move|p2a: Dreadful Destroyer|Dragon Claw|p1a: Arceus\n|-damage|p1a: Arceus|17\/100\n|move|p1a: Arceus|Earthquake|p2a: Dreadful Destroyer\n|-supereffective|p2a: Dreadful Destroyer\n|-damage|p2a: Dreadful Destroyer|0 fnt\n|faint|p2a: Dreadful Destroyer\n|\n|-weather|none\n|upkeep\n|\n|t:|1698048628\n|switch|p2a: Light of Hope|Arceus|100\/100\n|-damage|p2a: Light of Hope|88\/100|[from] Stealth Rock\n|turn|6\n|\n|t:|1698048634\n|move|p1a: Arceus|Earthquake|p2a: Light of Hope\n|-damage|p2a: Light of Hope|47\/100\n|move|p2a: Light of Hope|Swords Dance|p2a: Light of Hope\n|-boost|p2a: Light of Hope|atk|2\n|\n|-heal|p2a: Light of Hope|53\/100|[from] item: Leftovers\n|upkeep\n|turn|7\n|\n|t:|1698048642\n|move|p2a: Light of Hope|Extreme Speed|p1a: Arceus\n|-crit|p1a: Arceus\n|-damage|p1a: Arceus|0 fnt\n|faint|p1a: Arceus\n|\n|-heal|p2a: Light of Hope|59\/100|[from] item: Leftovers\n|upkeep\n|\n|t:|1698048658\n|switch|p1a: Calyrex|Calyrex-Shadow|100\/100\n|-ability|p1a: Calyrex|As One\n|-ability|p1a: Calyrex|Unnerve\n|turn|8\n|\n|t:|1698048663\n|-terastallize|p1a: Calyrex|Fighting\n|move|p1a: Calyrex|Tera Blast|p2a: Light of Hope|[anim] Tera Blast Fighting\n|-supereffective|p2a: Light of Hope\n|-damage|p2a: Light of Hope|0 fnt\n|faint|p2a: Light of Hope\n|-ability|p1a: Calyrex|Grim Neigh|boost\n|-boost|p1a: Calyrex|spa|1\n|\n|upkeep\n|\n|t:|1698048669\n|switch|p2a: Shadow Knight|Calyrex-Shadow|100\/100\n|-ability|p2a: Shadow Knight|As One\n|-ability|p2a: Shadow Knight|Unnerve\n|-damage|p2a: Shadow Knight|88\/100|[from] Stealth Rock\n|turn|9\n|\n|t:|1698048680\n|switch|p2a: Electrostatic Eel|Miraidon|100\/100\n|-damage|p2a: Electrostatic Eel|88\/100|[from] Stealth Rock\n|-fieldstart|move: Electric Terrain|[from] ability: Hadron Engine|[of] p2a: Electrostatic Eel\n|switch|p1a: Grimmsnarl|Grimmsnarl, M|100\/100\n|\n|upkeep\n|turn|10\n|\n|t:|1698048687\n|move|p1a: Grimmsnarl|Light Screen|p1a: Grimmsnarl\n|-sidestart|p1: 09-10a|move: Light Screen\n|move|p2a: Electrostatic Eel|Electro Drift|p1a: Grimmsnarl\n|-damage|p1a: Grimmsnarl|65\/100\n|\n|upkeep\n|turn|11\n|\n|t:|1698048708\n|move|p2a: Electrostatic Eel|Electro Drift|p1a: Grimmsnarl\n|-damage|p1a: Grimmsnarl|27\/100\n|move|p1a: Grimmsnarl|Spirit Break|p2a: Electrostatic Eel\n|-supereffective|p2a: Electrostatic Eel\n|-damage|p2a: Electrostatic Eel|31\/100\n|-unboost|p2a: Electrostatic Eel|spa|1\n|\n|upkeep\n|turn|12\n|\n|t:|1698048717\n|switch|p1a: Miraidon|Miraidon|100\/100\n|-activate|p1a: Miraidon|ability: Hadron Engine\n|move|p2a: Electrostatic Eel|Electro Drift|p1a: Miraidon\n|-resisted|p1a: Miraidon\n|-damage|p1a: Miraidon|94\/100\n|\n|upkeep\n|turn|13\n|\n|t:|1698048726\n|switch|p2a: Fallen Angel|Arceus-Fairy|100\/100\n|-damage|p2a: Fallen Angel|88\/100|[from] Stealth Rock\n|move|p1a: Miraidon|Agility|p1a: Miraidon\n|-boost|p1a: Miraidon|spe|2\n|\n|-fieldend|move: Electric Terrain\n|upkeep\n|turn|14\n|\n|t:|1698048729\n|move|p1a: Miraidon|Calm Mind|p1a: Miraidon\n|-boost|p1a: Miraidon|spa|1\n|-boost|p1a: Miraidon|spd|1\n|move|p2a: Fallen Angel|Thunder Wave|p1a: Miraidon\n|-immune|p1a: Miraidon\n|\n|upkeep\n|turn|15\n|\n|t:|1698048734\n|move|p1a: Miraidon|Parabolic Charge|p2a: Fallen Angel\n|-damage|p2a: Fallen Angel|40\/100\n|-heal|p1a: Miraidon|100\/100|[from] drain|[of] p2a: Fallen Angel\n|-damage|p1a: Miraidon|91\/100|[from] item: Life Orb\n|move|p2a: Fallen Angel|Judgment|p1a: Miraidon\n|-supereffective|p1a: Miraidon\n|-damage|p1a: Miraidon|63\/100\n|\n|upkeep\n|turn|16\n|\n|t:|1698048741\n|move|p1a: Miraidon|Parabolic Charge|p2a: Fallen Angel\n|-damage|p2a: Fallen Angel|0 fnt\n|-heal|p1a: Miraidon|89\/100|[from] drain|[of] p2a: Fallen Angel\n|faint|p2a: Fallen Angel\n|-damage|p1a: Miraidon|79\/100|[from] item: Life Orb\n|\n|upkeep\n|\n|t:|1698048750\n|switch|p2a: Electrostatic Eel|Miraidon|31\/100\n|-damage|p2a: Electrostatic Eel|19\/100|[from] Stealth Rock\n|-fieldstart|move: Electric Terrain|[from] ability: Hadron Engine|[of] p2a: Electrostatic Eel\n|turn|17\n|\n|t:|1698048759\n|move|p1a: Miraidon|Parabolic Charge|p2a: Electrostatic Eel\n|-resisted|p2a: Electrostatic Eel\n|-damage|p2a: Electrostatic Eel|0 fnt\n|-heal|p1a: Miraidon|89\/100|[from] drain|[of] p2a: Electrostatic Eel\n|faint|p2a: Electrostatic Eel\n|-damage|p1a: Miraidon|79\/100|[from] item: Life Orb\n|\n|-sideend|p1: 09-10a|move: Light Screen\n|upkeep\n|\n|t:|1698048764\n|switch|p2a: Disguise Da Limit|Ditto, shiny|100\/100\n|-damage|p2a: Disguise Da Limit|88\/100|[from] Stealth Rock\n|-transform|p2a: Disguise Da Limit|p1a: Miraidon|[from] ability: Imposter\n|-activate|p2a: Disguise Da Limit|ability: Hadron Engine\n|turn|18\n|\n|t:|1698048771\n|move|p2a: Disguise Da Limit|Dragon Pulse|p1a: Miraidon\n|-supereffective|p1a: Miraidon\n|-damage|p1a: Miraidon|0 fnt\n|faint|p1a: Miraidon\n|\n|upkeep\n|\n|t:|1698048773\n|switch|p1a: Grimmsnarl|Grimmsnarl, M|27\/100\n|-heal|p1a: Grimmsnarl|100\/100|[from] move: Healing Wish\n|turn|19\n|\n|t:|1698048777\n|switch|p2a: Shadow Knight|Calyrex-Shadow|88\/100\n|-ability|p2a: Shadow Knight|As One\n|-ability|p2a: Shadow Knight|Unnerve\n|-damage|p2a: Shadow Knight|76\/100|[from] Stealth Rock\n|move|p1a: Grimmsnarl|Spirit Break|p2a: Shadow Knight\n|-damage|p2a: Shadow Knight|40\/100\n|-unboost|p2a: Shadow Knight|spa|1\n|\n|upkeep\n|turn|20\n|\n|t:|1698048783\n|move|p1a: Grimmsnarl|Taunt|p2a: Shadow Knight\n|-start|p2a: Shadow Knight|move: Taunt\n|move|p2a: Shadow Knight|Draining Kiss|p1a: Grimmsnarl\n|-supereffective|p1a: Grimmsnarl\n|-damage|p1a: Grimmsnarl|78\/100\n|-heal|p2a: Shadow Knight|60\/100|[from] drain|[of] p1a: Grimmsnarl\n|\n|upkeep\n|turn|21\n|\n|t:|1698048795\n|move|p1a: Grimmsnarl|Light Screen|p1a: Grimmsnarl\n|-sidestart|p1: 09-10a|move: Light Screen\n|move|p2a: Shadow Knight|Draining Kiss|p1a: Grimmsnarl\n|-supereffective|p1a: Grimmsnarl\n|-damage|p1a: Grimmsnarl|67\/100\n|-heal|p2a: Shadow Knight|69\/100|[from] drain|[of] p1a: Grimmsnarl\n|\n|-fieldend|move: Electric Terrain\n|upkeep\n|turn|22\n|\n|t:|1698048800\n|move|p2a: Shadow Knight|Draining Kiss|p1a: Grimmsnarl\n|-supereffective|p1a: Grimmsnarl\n|-damage|p1a: Grimmsnarl|55\/100\n|-heal|p2a: Shadow Knight|79\/100|[from] drain|[of] p1a: Grimmsnarl\n|move|p1a: Grimmsnarl|Spirit Break|p2a: Shadow Knight\n|-damage|p2a: Shadow Knight|42\/100\n|-unboost|p2a: Shadow Knight|spa|1\n|\n|-end|p2a: Shadow Knight|move: Taunt\n|upkeep\n|turn|23\n|\n|t:|1698048811\n|move|p2a: Shadow Knight|Draining Kiss|p1a: Grimmsnarl\n|-supereffective|p1a: Grimmsnarl\n|-damage|p1a: Grimmsnarl|47\/100\n|-heal|p2a: Shadow Knight|49\/100|[from] drain|[of] p1a: Grimmsnarl\n|move|p1a: Grimmsnarl|Spirit Break|p2a: Shadow Knight\n|-damage|p2a: Shadow Knight|10\/100\n|-unboost|p2a: Shadow Knight|spa|1\n|\n|upkeep\n|turn|24\n|\n|t:|1698048831\n|move|p2a: Shadow Knight|Draining Kiss|p1a: Grimmsnarl\n|-supereffective|p1a: Grimmsnarl\n|-damage|p1a: Grimmsnarl|40\/100\n|-heal|p2a: Shadow Knight|15\/100|[from] drain|[of] p1a: Grimmsnarl\n|move|p1a: Grimmsnarl|Spirit Break|p2a: Shadow Knight\n|-damage|p2a: Shadow Knight|0 fnt\n|faint|p2a: Shadow Knight\n|\n|upkeep\n|\n|t:|1698048834\n|switch|p2a: Disguise Da Limit|Ditto, shiny|88\/100\n|-damage|p2a: Disguise Da Limit|76\/100|[from] Stealth Rock\n|-transform|p2a: Disguise Da Limit|p1a: Grimmsnarl|[from] ability: Imposter\n|turn|25\n|\n|t:|1698048860\n|move|p2a: Disguise Da Limit|Spirit Break|p1a: Grimmsnarl\n|-supereffective|p1a: Grimmsnarl\n|-damage|p1a: Grimmsnarl|0 fnt\n|faint|p1a: Grimmsnarl\n|\n|upkeep\n|\n|t:|1698048862\n|switch|p1a: Arceus|Arceus, shiny|100\/100\n|turn|26\n|\n|t:|1698048864\n|move|p1a: Arceus|Extreme Speed|p2a: Disguise Da Limit\n|-damage|p2a: Disguise Da Limit|3\/100\n|move|p2a: Disguise Da Limit|Spirit Break|p1a: Arceus\n|-damage|p1a: Arceus|80\/100\n|-unboost|p1a: Arceus|spa|1\n|\n|upkeep\n|turn|27\n|c|\u2606Feraligators|Gg\n|-message|Feraligators forfeited.\n|\n|win|09-10a\n|raw|09-10a's rating: 1672 &rarr; <strong>1687<\/strong><br \/>(+15 for winning)\n|raw|Feraligators's rating: 1584 &rarr; <strong>1569<\/strong><br \/>(-15 for losing)\n|l|\u2606Feraligators\n","uploadtime":1698048948,"views":11,"p1id":"0910a","p2id":"feraligators","formatid":"gen9anythinggoes","rating":1569,"private":0,"password":""}