{"id":"gen9anythinggoes-1995527741","p1":"Deathbylilkungfu","p2":"Koriganku_","format":"[Gen 9] Anything Goes","log":"|j|\u2606Deathbylilkungfu\n|j|\u2606Koriganku_\n|t:|1700580034\n|gametype|singles\n|player|p1|Deathbylilkungfu|lyra|1183\n|player|p2|Koriganku_|roxie|1366\n|teamsize|p1|6\n|teamsize|p2|6\n|gen|9\n|tier|[Gen 9] Anything Goes\n|rated|\n|rule|HP Percentage Mod: HP is shown in percentages\n|rule|Endless Battle Clause: Forcing endless battles is banned\n|clearpoke\n|poke|p1|Spidops, F|\n|poke|p1|Drifblim, F|\n|poke|p1|Scizor, F|\n|poke|p1|Ursaluna, F|\n|poke|p1|Volcarona, M|\n|poke|p1|Zangoose, F|\n|poke|p2|Urshifu-*, F|\n|poke|p2|Cloyster, M|\n|poke|p2|Volcarona, F|\n|poke|p2|Skeledirge, F|\n|poke|p2|Dragapult, M|\n|poke|p2|Maushold-Four|\n|teampreview\n|inactive|Battle timer is ON: inactive players will automatically lose when time's up. (requested by Koriganku_)\n|\n|t:|1700580045\n|start\n|switch|p1a: Drifblim|Drifblim, F|100\/100\n|switch|p2a: Blue label|Cloyster, M, shiny|100\/100\n|turn|1\n|\n|t:|1700580052\n|move|p1a: Drifblim|Minimize|p1a: Drifblim\n|-boost|p1a: Drifblim|evasion|2\n|move|p2a: Blue label|Shell Smash|p2a: Blue label\n|-unboost|p2a: Blue label|def|1\n|-unboost|p2a: Blue label|spd|1\n|-boost|p2a: Blue label|atk|2\n|-boost|p2a: Blue label|spa|2\n|-boost|p2a: Blue label|spe|2\n|-enditem|p2a: Blue label|White Herb\n|-clearnegativeboost|p2a: Blue label|[silent]\n|\n|upkeep\n|turn|2\n|\n|t:|1700580055\n|move|p2a: Blue label|Icicle Spear|p1a: Drifblim|[miss]\n|-miss|p2a: Blue label|p1a: Drifblim\n|move|p1a: Drifblim|Minimize|p1a: Drifblim\n|-boost|p1a: Drifblim|evasion|2\n|\n|upkeep\n|turn|3\n|\n|t:|1700580058\n|move|p2a: Blue label|Icicle Spear|p1a: Drifblim|[miss]\n|-miss|p2a: Blue label|p1a: Drifblim\n|move|p1a: Drifblim|Minimize|p1a: Drifblim\n|-boost|p1a: Drifblim|evasion|2\n|\n|upkeep\n|turn|4\n|\n|t:|1700580061\n|move|p2a: Blue label|Icicle Spear|p1a: Drifblim|[miss]\n|-miss|p2a: Blue label|p1a: Drifblim\n|move|p1a: Drifblim|Substitute|p1a: Drifblim\n|-start|p1a: Drifblim|Substitute\n|-damage|p1a: Drifblim|75\/100\n|\n|upkeep\n|turn|5\n|\n|t:|1700580064\n|move|p2a: Blue label|Icicle Spear|p1a: Drifblim|[miss]\n|-miss|p2a: Blue label|p1a: Drifblim\n|move|p1a: Drifblim|Baton Pass|p1a: Drifblim\n|\n|t:|1700580066\n|switch|p1a: Volcarona|Volcarona, M|100\/100|[from] Baton Pass\n|\n|upkeep\n|turn|6\n|\n|t:|1700580070\n|move|p2a: Blue label|Rock Blast|p1a: Volcarona|[miss]\n|-miss|p2a: Blue label|p1a: Volcarona\n|move|p1a: Volcarona|Quiver Dance|p1a: Volcarona\n|-boost|p1a: Volcarona|spa|1\n|-boost|p1a: Volcarona|spd|1\n|-boost|p1a: Volcarona|spe|1\n|\n|upkeep\n|turn|7\n|\n|t:|1700580072\n|move|p2a: Blue label|Rock Blast|p1a: Volcarona|[miss]\n|-miss|p2a: Blue label|p1a: Volcarona\n|move|p1a: Volcarona|Quiver Dance|p1a: Volcarona\n|-boost|p1a: Volcarona|spa|1\n|-boost|p1a: Volcarona|spd|1\n|-boost|p1a: Volcarona|spe|1\n|\n|upkeep\n|turn|8\n|\n|t:|1700580074\n|move|p1a: Volcarona|Quiver Dance|p1a: Volcarona\n|-boost|p1a: Volcarona|spa|1\n|-boost|p1a: Volcarona|spd|1\n|-boost|p1a: Volcarona|spe|1\n|move|p2a: Blue label|Rock Blast|p1a: Volcarona|[miss]\n|-miss|p2a: Blue label|p1a: Volcarona\n|\n|upkeep\n|turn|9\n|\n|t:|1700580078\n|move|p1a: Volcarona|Quiver Dance|p1a: Volcarona\n|-boost|p1a: Volcarona|spa|1\n|-boost|p1a: Volcarona|spd|1\n|-boost|p1a: Volcarona|spe|1\n|move|p2a: Blue label|Rock Blast|p1a: Volcarona\n|-supereffective|p1a: Volcarona\n|-end|p1a: Volcarona|Substitute\n|-supereffective|p1a: Volcarona\n|-damage|p1a: Volcarona|3\/100\n|-supereffective|p1a: Volcarona\n|-damage|p1a: Volcarona|0 fnt\n|faint|p1a: Volcarona\n|-hitcount|p1: Volcarona|3\n|\n|upkeep\n|\n|t:|1700580085\n|switch|p1a: Spidops|Spidops, F|100\/100\n|turn|10\n|\n|t:|1700580089\n|move|p1a: Spidops|Silk Trap|p1a: Spidops\n|-singleturn|p1a: Spidops|Protect\n|move|p2a: Blue label|Rock Blast|p1a: Spidops\n|-activate|p1a: Spidops|move: Protect\n|\n|upkeep\n|turn|11\n|\n|t:|1700580093\n|move|p2a: Blue label|Rock Blast|p1a: Spidops\n|-supereffective|p1a: Spidops\n|-damage|p1a: Spidops|67\/100\n|-supereffective|p1a: Spidops\n|-damage|p1a: Spidops|30\/100\n|-supereffective|p1a: Spidops\n|-damage|p1a: Spidops|0 fnt\n|faint|p1a: Spidops\n|-hitcount|p1: Spidops|3\n|\n|upkeep\n|\n|t:|1700580098\n|switch|p1a: Scizor|Scizor, F|100\/100\n|turn|12\n|c|\u2606Koriganku_|tu puta madre\n|\n|t:|1700580105\n|-terastallize|p1a: Scizor|Steel\n|move|p1a: Scizor|Bullet Punch|p2a: Blue label\n|-damage|p2a: Blue label|38\/100\n|move|p2a: Blue label|Rock Blast|p1a: Scizor\n|-resisted|p1a: Scizor\n|-damage|p1a: Scizor|93\/100\n|-resisted|p1a: Scizor\n|-damage|p1a: Scizor|86\/100\n|-resisted|p1a: Scizor\n|-damage|p1a: Scizor|79\/100\n|-resisted|p1a: Scizor\n|-damage|p1a: Scizor|72\/100\n|-resisted|p1a: Scizor\n|-damage|p1a: Scizor|65\/100\n|-hitcount|p1a: Scizor|5\n|\n|upkeep\n|turn|13\n|\n|t:|1700580111\n|move|p1a: Scizor|Bullet Punch|p2a: Blue label\n|-damage|p2a: Blue label|0 fnt\n|faint|p2a: Blue label\n|\n|upkeep\n|\n|t:|1700580116\n|switch|p2a: Maushold|Maushold-Four, shiny|100\/100\n|turn|14\n|\n|t:|1700580123\n|move|p1a: Scizor|Bullet Punch|p2a: Maushold\n|-damage|p2a: Maushold|0 fnt\n|faint|p2a: Maushold\n|\n|upkeep\n|\n|t:|1700580126\n|switch|p2a: Havik|Skeledirge, F, shiny|100\/100\n|turn|15\n|\n|t:|1700580133\n|switch|p1a: Drifblim|Drifblim, F|75\/100\n|move|p2a: Havik|Substitute|p2a: Havik\n|-start|p2a: Havik|Substitute\n|-damage|p2a: Havik|76\/100\n|\n|-heal|p2a: Havik|82\/100|[from] item: Leftovers\n|upkeep\n|turn|16\n|\n|t:|1700580137\n|move|p1a: Drifblim|Minimize|p1a: Drifblim\n|-boost|p1a: Drifblim|evasion|2\n|move|p2a: Havik|Torch Song|p1a: Drifblim\n|-damage|p1a: Drifblim|36\/100\n|-boost|p2a: Havik|spa|1\n|\n|-heal|p2a: Havik|88\/100|[from] item: Leftovers\n|upkeep\n|turn|17\n|\n|t:|1700580141\n|move|p1a: Drifblim|Minimize|p1a: Drifblim\n|-boost|p1a: Drifblim|evasion|2\n|move|p2a: Havik|Torch Song|p1a: Drifblim\n|-damage|p1a: Drifblim|0 fnt\n|-boost|p2a: Havik|spa|1\n|faint|p1a: Drifblim\n|\n|-heal|p2a: Havik|94\/100|[from] item: Leftovers\n|upkeep\n|\n|t:|1700580147\n|switch|p1a: Zangoose|Zangoose, F|100\/100\n|turn|18\n|\n|t:|1700580156\n|move|p1a: Zangoose|Seed Bomb|p2a: Havik\n|-resisted|p2a: Havik\n|-activate|p2a: Havik|move: Substitute|[damage]\n|move|p2a: Havik|Flame Charge|p1a: Zangoose\n|-damage|p1a: Zangoose|75\/100\n|-boost|p2a: Havik|spe|1\n|\n|-heal|p2a: Havik|99\/100|[from] item: Leftovers\n|upkeep\n|turn|19\n|\n|t:|1700580166\n|move|p1a: Zangoose|Endure|p1a: Zangoose\n|-singleturn|p1a: Zangoose|move: Endure\n|move|p2a: Havik|Flame Charge|p1a: Zangoose\n|-damage|p1a: Zangoose|52\/100\n|-boost|p2a: Havik|spe|1\n|\n|-heal|p2a: Havik|100\/100|[from] item: Leftovers\n|upkeep\n|turn|20\n|\n|t:|1700580172\n|move|p2a: Havik|Flame Charge|p1a: Zangoose\n|-damage|p1a: Zangoose|27\/100\n|-boost|p2a: Havik|spe|1\n|move|p1a: Zangoose|Seed Bomb|p2a: Havik\n|-resisted|p2a: Havik\n|-end|p2a: Havik|Substitute\n|\n|upkeep\n|turn|21\n|\n|t:|1700580176\n|move|p1a: Zangoose|Endure|p1a: Zangoose\n|-singleturn|p1a: Zangoose|move: Endure\n|move|p2a: Havik|Torch Song|p1a: Zangoose\n|-activate|p1a: Zangoose|move: Endure\n|-damage|p1a: Zangoose|1\/100\n|-boost|p2a: Havik|spa|1\n|-enditem|p1a: Zangoose|Salac Berry|[eat]\n|-boost|p1a: Zangoose|spe|1|[from] item: Salac Berry\n|\n|upkeep\n|turn|22\n|\n|t:|1700580181\n|move|p2a: Havik|Substitute|p2a: Havik\n|-start|p2a: Havik|Substitute\n|-damage|p2a: Havik|76\/100\n|move|p1a: Zangoose|Reversal|p2a: Havik\n|-immune|p2a: Havik\n|\n|-heal|p2a: Havik|82\/100|[from] item: Leftovers\n|upkeep\n|turn|23\n|\n|t:|1700580185\n|move|p2a: Havik|Torch Song|p1a: Zangoose\n|-damage|p1a: Zangoose|0 fnt\n|-boost|p2a: Havik|spa|1\n|faint|p1a: Zangoose\n|\n|-heal|p2a: Havik|88\/100|[from] item: Leftovers\n|upkeep\n|\n|t:|1700580188\n|switch|p1a: Ursaluna|Ursaluna, F|100\/100\n|turn|24\n|\n|t:|1700580193\n|move|p2a: Havik|Shadow Ball|p1a: Ursaluna\n|-immune|p1a: Ursaluna\n|move|p1a: Ursaluna|Trailblaze|p2a: Havik\n|-resisted|p2a: Havik\n|-activate|p2a: Havik|move: Substitute|[damage]\n|-boost|p1a: Ursaluna|spe|1\n|\n|-heal|p2a: Havik|94\/100|[from] item: Leftovers\n|-status|p1a: Ursaluna|brn|[from] item: Flame Orb\n|upkeep\n|turn|25\n|c|\u2606Koriganku_|I already won bro\n|\n|t:|1700580200\n|move|p2a: Havik|Torch Song|p1a: Ursaluna\n|-damage|p1a: Ursaluna|0 fnt\n|-boost|p2a: Havik|spa|1\n|faint|p1a: Ursaluna\n|\n|-heal|p2a: Havik|99\/100|[from] item: Leftovers\n|upkeep\n|\n|t:|1700580202\n|switch|p1a: Scizor|Scizor, F, tera:Steel|65\/100\n|turn|26\n|\n|t:|1700580206\n|move|p1a: Scizor|Quick Attack|p2a: Havik\n|-immune|p2a: Havik\n|move|p2a: Havik|Torch Song|p1a: Scizor\n|-supereffective|p1a: Scizor\n|-damage|p1a: Scizor|0 fnt\n|-boost|p2a: Havik|spa|1\n|faint|p1a: Scizor\n|\n|win|Koriganku_\n|raw|Deathbylilkungfu's rating: 1183 &rarr; <strong>1170<\/strong><br \/>(-13 for losing)\n|raw|Koriganku_'s rating: 1366 &rarr; <strong>1376<\/strong><br \/>(+10 for winning)\n","uploadtime":1700580101,"views":0,"p1id":"deathbylilkungfu","p2id":"koriganku","formatid":"gen9anythinggoes","rating":1170,"private":0,"password":""}