{"id":"gen9anythinggoes-1986304008","p1":"Kirbyg23","p2":"Kowtow kleabe","format":"[Gen 9] Anything Goes","log":"|j|\u2606Kirbyg23\n|j|\u2606Kowtow kleabe\n|t:|1699467699\n|gametype|singles\n|player|p1|Kirbyg23|2|\n|player|p2|Kowtow kleabe|steven|\n|teamsize|p1|6\n|teamsize|p2|6\n|gen|9\n|tier|[Gen 9] Anything Goes\n|rule|HP Percentage Mod: HP is shown in percentages\n|rule|Endless Battle Clause: Forcing endless battles is banned\n|clearpoke\n|poke|p1|Toxapex, F|\n|poke|p1|Ribombee, F|\n|poke|p1|Dragapult, M|\n|poke|p1|Thundurus-Therian, M|\n|poke|p1|Torterra, F|\n|poke|p1|Tyranitar, F|\n|poke|p2|Infernape, F|\n|poke|p2|Gliscor, M|\n|poke|p2|Ceruledge, M|\n|poke|p2|Inteleon, M|\n|poke|p2|Morpeko, F|\n|poke|p2|Hydreigon, M|\n|teampreview\n|\n|t:|1699467712\n|start\n|switch|p1a: Ribombee|Ribombee, F|100\/100\n|switch|p2a: Infernape|Infernape, F|100\/100\n|turn|1\n|\n|t:|1699467725\n|move|p2a: Infernape|Flare Blitz|p1a: Ribombee\n|-supereffective|p1a: Ribombee\n|-enditem|p1a: Ribombee|Focus Sash\n|-damage|p1a: Ribombee|1\/100\n|-damage|p2a: Infernape|74\/100|[from] Recoil\n|move|p1a: Ribombee|Sticky Web|p2a: Infernape\n|-sidestart|p2: Kowtow kleabe|move: Sticky Web\n|\n|upkeep\n|turn|2\n|\n|t:|1699467733\n|switch|p1a: Toxapex|Toxapex, F|100\/100\n|move|p2a: Infernape|Flare Blitz|p1a: Toxapex\n|-resisted|p1a: Toxapex\n|-damage|p1a: Toxapex|83\/100\n|-damage|p2a: Infernape|68\/100|[from] Recoil\n|\n|-heal|p1a: Toxapex|90\/100|[from] item: Black Sludge\n|upkeep\n|turn|3\n|\n|t:|1699467739\n|switch|p2a: Morpeko|Morpeko, F|100\/100\n|-activate|p2a: Morpeko|move: Sticky Web\n|-unboost|p2a: Morpeko|spe|1\n|move|p1a: Toxapex|Toxic|p2a: Morpeko\n|-status|p2a: Morpeko|tox\n|\n|-heal|p1a: Toxapex|96\/100|[from] item: Black Sludge\n|-damage|p2a: Morpeko|94\/100 tox|[from] psn\n|-formechange|p2a: Morpeko|Morpeko-Hangry||[from] ability: Hunger Switch\n|upkeep\n|turn|4\n|\n|t:|1699467753\n|switch|p1a: Thundurus|Thundurus-Therian, M|100\/100\n|move|p2a: Morpeko|Rapid Spin|p1a: Thundurus\n|-damage|p1a: Thundurus|79\/100\n|-boost|p2a: Morpeko|spe|1\n|-sideend|p2: Kowtow kleabe|Sticky Web|[from] move: Rapid Spin|[of] p2a: Morpeko\n|\n|-heal|p2a: Morpeko|100\/100 tox|[from] item: Leftovers\n|-damage|p2a: Morpeko|88\/100 tox|[from] psn\n|-formechange|p2a: Morpeko|Morpeko||[from] ability: Hunger Switch\n|upkeep\n|turn|5\n|\n|t:|1699467769\n|move|p2a: Morpeko|Protect|p2a: Morpeko\n|-singleturn|p2a: Morpeko|Protect\n|move|p1a: Thundurus|Focus Blast|p2a: Morpeko\n|-activate|p2a: Morpeko|move: Protect\n|\n|-heal|p2a: Morpeko|94\/100 tox|[from] item: Leftovers\n|-damage|p2a: Morpeko|76\/100 tox|[from] psn\n|-formechange|p2a: Morpeko|Morpeko-Hangry||[from] ability: Hunger Switch\n|upkeep\n|turn|6\n|\n|t:|1699467777\n|switch|p2a: Gliscor|Gliscor, M|100\/100\n|move|p1a: Thundurus|Focus Blast|p2a: Gliscor|[miss]\n|-miss|p1a: Thundurus|p2a: Gliscor\n|\n|-status|p2a: Gliscor|tox|[from] item: Toxic Orb\n|upkeep\n|turn|7\n|\n|t:|1699467787\n|switch|p1a: Toxapex|Toxapex, F|100\/100\n|move|p2a: Gliscor|Substitute|p2a: Gliscor\n|-start|p2a: Gliscor|Substitute\n|-damage|p2a: Gliscor|76\/100 tox\n|\n|-heal|p2a: Gliscor|88\/100 tox|[from] ability: Poison Heal\n|upkeep\n|turn|8\n|\n|t:|1699467798\n|move|p2a: Gliscor|Earthquake|p1a: Toxapex\n|-supereffective|p1a: Toxapex\n|-damage|p1a: Toxapex|58\/100\n|move|p1a: Toxapex|Ice Beam|p2a: Gliscor\n|-supereffective|p2a: Gliscor\n|-end|p2a: Gliscor|Substitute\n|\n|-heal|p1a: Toxapex|65\/100|[from] item: Black Sludge\n|-heal|p2a: Gliscor|100\/100 tox|[from] ability: Poison Heal\n|upkeep\n|turn|9\n|\n|t:|1699467806\n|switch|p2a: Morpeko|Morpeko, F|76\/100 tox\n|move|p1a: Toxapex|Ice Beam|p2a: Morpeko\n|-damage|p2a: Morpeko|52\/100 tox\n|\n|-heal|p2a: Morpeko|58\/100 tox|[from] item: Leftovers\n|-heal|p1a: Toxapex|71\/100|[from] item: Black Sludge\n|-damage|p2a: Morpeko|52\/100 tox|[from] psn\n|-formechange|p2a: Morpeko|Morpeko-Hangry||[from] ability: Hunger Switch\n|upkeep\n|turn|10\n|\n|t:|1699467854\n|move|p2a: Morpeko|Rapid Spin|p1a: Toxapex\n|-damage|p1a: Toxapex|60\/100\n|-boost|p2a: Morpeko|spe|1\n|move|p1a: Toxapex|Ice Beam|p2a: Morpeko\n|-damage|p2a: Morpeko|25\/100 tox\n|\n|-heal|p2a: Morpeko|31\/100 tox|[from] item: Leftovers\n|-heal|p1a: Toxapex|67\/100|[from] item: Black Sludge\n|-damage|p2a: Morpeko|19\/100 tox|[from] psn\n|-formechange|p2a: Morpeko|Morpeko||[from] ability: Hunger Switch\n|upkeep\n|turn|11\n|\n|t:|1699467874\n|switch|p1a: Thundurus|Thundurus-Therian, M|79\/100\n|move|p2a: Morpeko|Aura Wheel|p1a: Thundurus\n|-heal|p1a: Thundurus|100\/100|[from] ability: Volt Absorb|[of] p2a: Morpeko\n|\n|-heal|p2a: Morpeko|25\/100 tox|[from] item: Leftovers\n|-damage|p2a: Morpeko|6\/100 tox|[from] psn\n|-formechange|p2a: Morpeko|Morpeko-Hangry||[from] ability: Hunger Switch\n|upkeep\n|turn|12\n|\n|t:|1699467884\n|switch|p2a: Ceruledge|Ceruledge, M|100\/100\n|move|p1a: Thundurus|Volt Switch|p2a: Ceruledge\n|-damage|p2a: Ceruledge|51\/100\n|\n|t:|1699467915\n|switch|p1a: Toxapex|Toxapex, F|99\/100|[from] Volt Switch\n|\n|-heal|p1a: Toxapex|100\/100|[from] item: Black Sludge\n|upkeep\n|turn|13\n|\n|t:|1699467923\n|switch|p2a: Morpeko|Morpeko, F|6\/100 tox\n|move|p1a: Toxapex|Toxic Spikes|p2a: Morpeko\n|-sidestart|p2: Kowtow kleabe|move: Toxic Spikes\n|\n|-heal|p2a: Morpeko|13\/100 tox|[from] item: Leftovers\n|-damage|p2a: Morpeko|6\/100 tox|[from] psn\n|-formechange|p2a: Morpeko|Morpeko-Hangry||[from] ability: Hunger Switch\n|upkeep\n|turn|14\n|\n|t:|1699467928\n|move|p2a: Morpeko|Rapid Spin|p1a: Toxapex\n|-damage|p1a: Toxapex|91\/100\n|-boost|p2a: Morpeko|spe|1\n|-sideend|p2: Kowtow kleabe|Toxic Spikes|[from] move: Rapid Spin|[of] p2a: Morpeko\n|move|p1a: Toxapex|Toxic Spikes|p2a: Morpeko\n|-sidestart|p2: Kowtow kleabe|move: Toxic Spikes\n|\n|-heal|p2a: Morpeko|13\/100 tox|[from] item: Leftovers\n|-heal|p1a: Toxapex|97\/100|[from] item: Black Sludge\n|-damage|p2a: Morpeko|0 fnt|[from] psn\n|faint|p2a: Morpeko\n|upkeep\n|\n|t:|1699467940\n|switch|p2a: Gliscor|Gliscor, M|100\/100 tox\n|turn|15\n|\n|t:|1699467947\n|move|p2a: Gliscor|Protect|p2a: Gliscor\n|-singleturn|p2a: Gliscor|Protect\n|move|p1a: Toxapex|Ice Beam|p2a: Gliscor\n|-activate|p2a: Gliscor|move: Protect\n|\n|-heal|p1a: Toxapex|100\/100|[from] item: Black Sludge\n|upkeep\n|turn|16\n|\n|t:|1699467957\n|move|p2a: Gliscor|Substitute|p2a: Gliscor\n|-start|p2a: Gliscor|Substitute\n|-damage|p2a: Gliscor|76\/100 tox\n|move|p1a: Toxapex|Toxic Spikes|p2a: Gliscor\n|-sidestart|p2: Kowtow kleabe|move: Toxic Spikes\n|\n|-heal|p2a: Gliscor|88\/100 tox|[from] ability: Poison Heal\n|upkeep\n|turn|17\n|\n|t:|1699467962\n|move|p2a: Gliscor|Earthquake|p1a: Toxapex\n|-supereffective|p1a: Toxapex\n|-damage|p1a: Toxapex|57\/100\n|move|p1a: Toxapex|Ice Beam|p2a: Gliscor\n|-supereffective|p2a: Gliscor\n|-end|p2a: Gliscor|Substitute\n|\n|-heal|p1a: Toxapex|63\/100|[from] item: Black Sludge\n|-heal|p2a: Gliscor|100\/100 tox|[from] ability: Poison Heal\n|upkeep\n|turn|18\n|\n|t:|1699467969\n|move|p2a: Gliscor|Substitute|p2a: Gliscor\n|-start|p2a: Gliscor|Substitute\n|-damage|p2a: Gliscor|76\/100 tox\n|move|p1a: Toxapex|Ice Beam|p2a: Gliscor\n|-supereffective|p2a: Gliscor\n|-end|p2a: Gliscor|Substitute\n|\n|-heal|p1a: Toxapex|70\/100|[from] item: Black Sludge\n|-heal|p2a: Gliscor|88\/100 tox|[from] ability: Poison Heal\n|upkeep\n|turn|19\n|\n|t:|1699467991\n|switch|p1a: Thundurus|Thundurus-Therian, M|100\/100\n|move|p2a: Gliscor|Substitute|p2a: Gliscor\n|-start|p2a: Gliscor|Substitute\n|-damage|p2a: Gliscor|63\/100 tox\n|\n|-heal|p2a: Gliscor|76\/100 tox|[from] ability: Poison Heal\n|upkeep\n|turn|20\n|\n|t:|1699467996\n|move|p1a: Thundurus|Psychic|p2a: Gliscor\n|-end|p2a: Gliscor|Substitute\n|move|p2a: Gliscor|Toxic|p1a: Thundurus|[miss]\n|-miss|p2a: Gliscor|p1a: Thundurus\n|\n|-heal|p2a: Gliscor|88\/100 tox|[from] ability: Poison Heal\n|upkeep\n|turn|21\n|\n|t:|1699468003\n|move|p1a: Thundurus|Psychic|p2a: Gliscor\n|-damage|p2a: Gliscor|52\/100 tox\n|move|p2a: Gliscor|Toxic|p1a: Thundurus\n|-status|p1a: Thundurus|tox\n|\n|-damage|p1a: Thundurus|94\/100 tox|[from] psn\n|-heal|p2a: Gliscor|64\/100 tox|[from] ability: Poison Heal\n|upkeep\n|turn|22\n|\n|t:|1699468015\n|switch|p1a: Ribombee|Ribombee, F|1\/100\n|move|p2a: Gliscor|Protect||[still]\n|-fail|p2a: Gliscor\n|\n|-heal|p2a: Gliscor|76\/100 tox|[from] ability: Poison Heal\n|upkeep\n|turn|23\n|\n|t:|1699468021\n|move|p1a: Ribombee|Sticky Web|p2a: Gliscor\n|-sidestart|p2: Kowtow kleabe|move: Sticky Web\n|move|p2a: Gliscor|Earthquake|p1a: Ribombee\n|-resisted|p1a: Ribombee\n|-damage|p1a: Ribombee|0 fnt\n|faint|p1a: Ribombee\n|\n|-heal|p2a: Gliscor|89\/100 tox|[from] ability: Poison Heal\n|upkeep\n|\n|t:|1699468062\n|switch|p1a: Dragapult|Dragapult, M|100\/100\n|turn|24\n|\n|t:|1699468068\n|move|p2a: Gliscor|Protect|p2a: Gliscor\n|-singleturn|p2a: Gliscor|Protect\n|move|p1a: Dragapult|Draco Meteor|p2a: Gliscor\n|-activate|p2a: Gliscor|move: Protect\n|\n|-heal|p2a: Gliscor|100\/100 tox|[from] ability: Poison Heal\n|upkeep\n|turn|25\n|\n|t:|1699468073\n|move|p1a: Dragapult|Draco Meteor|p2a: Gliscor\n|-damage|p2a: Gliscor|13\/100 tox\n|-unboost|p1a: Dragapult|spa|2\n|move|p2a: Gliscor|Toxic|p1a: Dragapult\n|-status|p1a: Dragapult|tox\n|\n|-damage|p1a: Dragapult|95\/100 tox|[from] psn\n|-heal|p2a: Gliscor|25\/100 tox|[from] ability: Poison Heal\n|upkeep\n|turn|26\n|\n|t:|1699468082\n|move|p2a: Gliscor|Protect|p2a: Gliscor\n|-singleturn|p2a: Gliscor|Protect\n|move|p1a: Dragapult|Draco Meteor|p2a: Gliscor\n|-activate|p2a: Gliscor|move: Protect\n|\n|-damage|p1a: Dragapult|83\/100 tox|[from] psn\n|-heal|p2a: Gliscor|38\/100 tox|[from] ability: Poison Heal\n|upkeep\n|turn|27\n|\n|t:|1699468093\n|switch|p2a: Ceruledge|Ceruledge, M|51\/100\n|-status|p2a: Ceruledge|tox\n|-activate|p2a: Ceruledge|move: Sticky Web\n|-unboost|p2a: Ceruledge|spe|1\n|move|p1a: Dragapult|Draco Meteor|p2a: Ceruledge\n|-damage|p2a: Ceruledge|0 fnt\n|-unboost|p1a: Dragapult|spa|2\n|faint|p2a: Ceruledge\n|\n|-damage|p1a: Dragapult|65\/100 tox|[from] psn\n|upkeep\n|\n|t:|1699468097\n|switch|p2a: Hydreigon|Hydreigon, M|100\/100\n|turn|28\n|\n|t:|1699468114\n|switch|p1a: Thundurus|Thundurus-Therian, M|94\/100 tox\n|move|p2a: Hydreigon|Nasty Plot|p2a: Hydreigon\n|-boost|p2a: Hydreigon|spa|2\n|\n|-damage|p1a: Thundurus|88\/100 tox|[from] psn\n|upkeep\n|turn|29\n|\n|t:|1699468118\n|move|p1a: Thundurus|Focus Blast|p2a: Hydreigon\n|-supereffective|p2a: Hydreigon\n|-enditem|p2a: Hydreigon|Focus Sash\n|-damage|p2a: Hydreigon|1\/100\n|move|p2a: Hydreigon|Draco Meteor|p1a: Thundurus\n|-damage|p1a: Thundurus|0 fnt\n|-unboost|p2a: Hydreigon|spa|2\n|faint|p1a: Thundurus\n|\n|upkeep\n|\n|t:|1699468155\n|switch|p1a: Tyranitar|Tyranitar, F|100\/100\n|-weather|Sandstorm|[from] ability: Sand Stream|[of] p1a: Tyranitar\n|turn|30\n|\n|t:|1699468160\n|move|p2a: Hydreigon|Flash Cannon|p1a: Tyranitar\n|-supereffective|p1a: Tyranitar\n|-damage|p1a: Tyranitar|58\/100\n|move|p1a: Tyranitar|Dragon Dance|p1a: Tyranitar\n|-boost|p1a: Tyranitar|atk|1\n|-boost|p1a: Tyranitar|spe|1\n|\n|-weather|Sandstorm|[upkeep]\n|-damage|p2a: Hydreigon|0 fnt|[from] Sandstorm\n|faint|p2a: Hydreigon\n|upkeep\n|\n|t:|1699468167\n|switch|p2a: Inteleon|Inteleon, M|100\/100\n|-status|p2a: Inteleon|tox\n|-activate|p2a: Inteleon|move: Sticky Web\n|-unboost|p2a: Inteleon|spe|1\n|turn|31\n|\n|t:|1699468177\n|move|p1a: Tyranitar|Stone Edge|p2a: Inteleon\n|-damage|p2a: Inteleon|0 fnt\n|faint|p2a: Inteleon\n|\n|-weather|Sandstorm|[upkeep]\n|upkeep\n|\n|t:|1699468180\n|switch|p2a: Infernape|Infernape, F|68\/100\n|-status|p2a: Infernape|tox\n|-activate|p2a: Infernape|move: Sticky Web\n|-unboost|p2a: Infernape|spe|1\n|turn|32\n|\n|t:|1699468188\n|move|p1a: Tyranitar|Stone Edge|p2a: Infernape\n|-damage|p2a: Infernape|0 fnt\n|faint|p2a: Infernape\n|\n|-weather|Sandstorm|[upkeep]\n|upkeep\n|\n|t:|1699468190\n|switch|p2a: Gliscor|Gliscor, M|38\/100 tox\n|turn|33\n|\n|t:|1699468192\n|move|p2a: Gliscor|Protect|p2a: Gliscor\n|-singleturn|p2a: Gliscor|Protect\n|move|p1a: Tyranitar|Ice Beam|p2a: Gliscor\n|-activate|p2a: Gliscor|move: Protect\n|\n|-weather|Sandstorm|[upkeep]\n|-heal|p2a: Gliscor|50\/100 tox|[from] ability: Poison Heal\n|upkeep\n|turn|34\n|\n|t:|1699468196\n|move|p1a: Tyranitar|Ice Beam|p2a: Gliscor\n|-supereffective|p2a: Gliscor\n|-crit|p2a: Gliscor\n|-damage|p2a: Gliscor|0 fnt\n|faint|p2a: Gliscor\n|\n|win|Kirbyg23\n","uploadtime":1699468201,"views":12,"p1id":"kirbyg23","p2id":"kowtowkleabe","formatid":"gen9anythinggoes","rating":0,"private":0,"password":""}