{"id":"gen9anythinggoes-1982556346","p1":"PB_San172","p2":"Rowan_Rocket","format":"[Gen 9] Anything Goes","log":"|j|\u2606PB_San172\n|j|\u2606Rowan_Rocket\n|t:|1699025281\n|gametype|singles\n|player|p1|PB_San172|n|1082\n|player|p2|Rowan_Rocket|rocketgrunt|1125\n|teamsize|p1|6\n|teamsize|p2|6\n|gen|9\n|tier|[Gen 9] Anything Goes\n|rated|\n|rule|HP Percentage Mod: HP is shown in percentages\n|rule|Endless Battle Clause: Forcing endless battles is banned\n|clearpoke\n|poke|p1|Flareon, F|\n|poke|p1|Vaporeon, F|\n|poke|p1|Jolteon, M|\n|poke|p1|Espeon, M|\n|poke|p1|Leafeon, M|\n|poke|p1|Sylveon, F|\n|poke|p2|Farigiraf, M|\n|poke|p2|Wyrdeer, F|\n|poke|p2|Ursaluna, F|\n|poke|p2|Grafaiai, M|\n|poke|p2|Zoroark-Hisui, F|\n|poke|p2|Ambipom, F|\n|teampreview\n|\n|t:|1699025285\n|start\n|switch|p1a: Bobo|Espeon, M|100\/100\n|switch|p2a: Ambipom|Ambipom, F|100\/100\n|turn|1\n|\n|t:|1699025293\n|-terastallize|p2a: Ambipom|Normal\n|move|p2a: Ambipom|Fake Out|p1a: Bobo\n|-enditem|p2a: Ambipom|Normal Gem|[from] gem\n|-damage|p1a: Bobo|33\/100\n|cant|p1a: Bobo|flinch\n|\n|-status|p1a: Bobo|tox|[from] item: Toxic Orb\n|upkeep\n|turn|2\n|\n|t:|1699025310\n|move|p2a: Ambipom|U-turn|p1a: Bobo\n|-supereffective|p1a: Bobo\n|-damage|p1a: Bobo|0 fnt\n|faint|p1a: Bobo\n|\n|t:|1699025314\n|switch|p2a: Grafaiai|Grafaiai, M|100\/100|[from] U-turn\n|\n|upkeep\n|\n|t:|1699025319\n|switch|p1a: Bubu|Leafeon, M|100\/100\n|turn|3\n|\n|t:|1699025323\n|move|p2a: Grafaiai|Poison Jab|p1a: Bubu\n|-supereffective|p1a: Bubu\n|-damage|p1a: Bubu|34\/100\n|move|p1a: Bubu|Sunny Day|p1a: Bubu\n|-weather|SunnyDay\n|\n|-weather|SunnyDay|[upkeep]\n|-heal|p1a: Bubu|41\/100|[from] item: Leftovers\n|upkeep\n|turn|4\n|\n|t:|1699025333\n|move|p2a: Grafaiai|Encore|p1a: Bubu\n|-start|p1a: Bubu|Encore\n|move|p1a: Bubu|Sunny Day||[still]\n|-fail|p1a: Bubu\n|\n|-weather|SunnyDay|[upkeep]\n|-heal|p1a: Bubu|47\/100|[from] item: Leftovers\n|upkeep\n|turn|5\n|\n|t:|1699025341\n|switch|p1a: Bebe|Vaporeon, F|100\/100\n|move|p2a: Grafaiai|Poison Jab|p1a: Bebe\n|-damage|p1a: Bebe|74\/100\n|\n|-weather|SunnyDay|[upkeep]\n|-heal|p1a: Bebe|80\/100|[from] item: Leftovers\n|upkeep\n|turn|6\n|\n|t:|1699025350\n|move|p2a: Grafaiai|Switcheroo|p1a: Bebe\n|-activate|p2a: Grafaiai|move: Trick|[of] p1a: Bebe\n|-item|p1a: Bebe|Black Sludge|[from] move: Switcheroo\n|-item|p2a: Grafaiai|Leftovers|[from] move: Switcheroo\n|move|p1a: Bebe|Scald|p2a: Grafaiai\n|-damage|p2a: Grafaiai|75\/100\n|-status|p2a: Grafaiai|brn\n|\n|-weather|SunnyDay|[upkeep]\n|-heal|p2a: Grafaiai|81\/100 brn|[from] item: Leftovers\n|-damage|p1a: Bebe|68\/100|[from] item: Black Sludge\n|-damage|p2a: Grafaiai|75\/100 brn|[from] brn\n|upkeep\n|turn|7\n|\n|t:|1699025364\n|move|p2a: Grafaiai|Parting Shot|p1a: Bebe\n|-unboost|p1a: Bebe|atk|1\n|-unboost|p1a: Bebe|spa|1\n|\n|t:|1699025369\n|switch|p2a: Ursaluna|Ursaluna, F|100\/100|[from] Parting Shot\n|move|p1a: Bebe|Scald|p2a: Ursaluna\n|-supereffective|p2a: Ursaluna\n|-damage|p2a: Ursaluna|85\/100\n|\n|-weather|none\n|-damage|p1a: Bebe|55\/100|[from] item: Black Sludge\n|-status|p2a: Ursaluna|brn|[from] item: Flame Orb\n|upkeep\n|turn|8\n|\n|t:|1699025382\n|switch|p1a: Baba|Flareon, F|100\/100\n|move|p2a: Ursaluna|Trailblaze|p1a: Baba\n|-resisted|p1a: Baba\n|-damage|p1a: Baba|81\/100\n|-boost|p2a: Ursaluna|spe|1\n|\n|-damage|p2a: Ursaluna|79\/100 brn|[from] brn\n|-status|p1a: Baba|tox|[from] item: Toxic Orb\n|upkeep\n|turn|9\n|\n|t:|1699025395\n|move|p1a: Baba|Facade|p2a: Ursaluna\n|-damage|p2a: Ursaluna|28\/100 brn\n|move|p2a: Ursaluna|Facade|p1a: Baba\n|-damage|p1a: Baba|0 fnt\n|faint|p1a: Baba\n|\n|-damage|p2a: Ursaluna|21\/100 brn|[from] brn\n|upkeep\n|\n|t:|1699025405\n|switch|p1a: Bibi|Jolteon, M|100\/100\n|-item|p1a: Bibi|Air Balloon\n|turn|10\n|\n|t:|1699025410\n|move|p1a: Bibi|Shadow Ball|p2a: Ursaluna\n|-immune|p2a: Ursaluna\n|move|p2a: Ursaluna|Facade|p1a: Bibi\n|-damage|p1a: Bibi|0 fnt\n|-enditem|p1a: Bibi|Air Balloon\n|faint|p1a: Bibi\n|\n|-damage|p2a: Ursaluna|15\/100 brn|[from] brn\n|upkeep\n|-message|PB_San172 forfeited.\n|\n|win|Rowan_Rocket\n|raw|PB_San172's rating: 1082 &rarr; <strong>1062<\/strong><br \/>(-20 for losing)\n|raw|Rowan_Rocket's rating: 1125 &rarr; <strong>1147<\/strong><br \/>(+22 for winning)\n|l|\u2606PB_San172\n","uploadtime":1699025431,"views":3,"p1id":"pbsan172","p2id":"rowanrocket","formatid":"gen9anythinggoes","rating":1062,"private":0,"password":""}