{"id":"gen9anythinggoes-1989357110","p1":"Exploke","p2":"Miles545","format":"[Gen 9] Anything Goes","log":"|j|\u2606Exploke\n|j|\u2606Miles545\n|t:|1699840243\n|gametype|singles\n|player|p1|Exploke|rocketgrunt|\n|player|p2|Miles545|sailor|\n|teamsize|p1|6\n|teamsize|p2|6\n|gen|9\n|tier|[Gen 9] Anything Goes\n|rule|HP Percentage Mod: HP is shown in percentages\n|rule|Endless Battle Clause: Forcing endless battles is banned\n|clearpoke\n|poke|p1|Baxcalibur, F|\n|poke|p1|Gengar, F|\n|poke|p1|Slowking, F|\n|poke|p1|Gliscor, F|\n|poke|p1|Clefable, M|\n|poke|p1|Dipplin, M|\n|poke|p2|Iron Bundle|\n|poke|p2|Iron Moth|\n|poke|p2|Iron Hands|\n|poke|p2|Iron Jugulis|\n|poke|p2|Sandy Shocks|\n|poke|p2|Arcanine-Hisui, F|\n|teampreview\n|c|\u2606Exploke|Good Luck\n|c|\u2606Miles545|yeah glhf\n|\n|t:|1699840266\n|start\n|switch|p1a: Gengar|Gengar, F, shiny|100\/100\n|switch|p2a: Badneton|Sandy Shocks|100\/100\n|turn|1\n|\n|t:|1699840293\n|move|p1a: Gengar|Energy Ball|p2a: Badneton\n|-supereffective|p2a: Badneton\n|-damage|p2a: Badneton|37\/100\n|move|p2a: Badneton|Earth Power|p1a: Gengar\n|-supereffective|p1a: Gengar\n|-enditem|p1a: Gengar|Focus Sash\n|-damage|p1a: Gengar|1\/100\n|\n|upkeep\n|turn|2\n|\n|t:|1699840327\n|-end|p2a: Badneton|Protosynthesis|[silent]\n|switch|p2a: Delibot|Iron Bundle|100\/100\n|move|p1a: Gengar|Energy Ball|p2a: Delibot\n|-supereffective|p2a: Delibot\n|-damage|p2a: Delibot|0 fnt\n|faint|p2a: Delibot\n|-end|p2a: Delibot|Quark Drive|[silent]\n|\n|upkeep\n|c|\u2606Miles545|whoops\n|c|\u2606Miles545|forgot how that one worked\n|\n|t:|1699840348\n|switch|p2a: Hairy Yama|Iron Hands|100\/100\n|turn|3\n|c|\u2606Miles545|im officially throwing\n|\n|t:|1699840367\n|move|p1a: Gengar|Sludge Bomb|p2a: Hairy Yama\n|-damage|p2a: Hairy Yama|51\/100\n|move|p2a: Hairy Yama|Thunder Punch|p1a: Gengar\n|-damage|p1a: Gengar|0 fnt\n|faint|p1a: Gengar\n|\n|upkeep\n|\n|t:|1699840407\n|switch|p1a: Clefable|Clefable, M, shiny|100\/100\n|turn|4\n|\n|t:|1699840448\n|-end|p2a: Hairy Yama|Quark Drive|[silent]\n|switch|p2a: Bulkarona|Iron Moth|100\/100\n|move|p1a: Clefable|Moonblast|p2a: Bulkarona\n|-resisted|p2a: Bulkarona\n|-damage|p2a: Bulkarona|95\/100\n|\n|upkeep\n|turn|5\n|\n|t:|1699840490\n|switch|p1a: Gliscor|Gliscor, F, shiny|100\/100\n|move|p2a: Bulkarona|Sludge Wave|p1a: Gliscor\n|-resisted|p1a: Gliscor\n|-damage|p1a: Gliscor|65\/100\n|\n|-status|p1a: Gliscor|tox|[from] item: Toxic Orb\n|upkeep\n|turn|6\n|\n|t:|1699840534\n|-end|p2a: Bulkarona|Quark Drive|[silent]\n|switch|p2a: Diedreigon|Iron Jugulis|100\/100\n|move|p1a: Gliscor|Earthquake|p2a: Diedreigon\n|-immune|p2a: Diedreigon\n|\n|-heal|p1a: Gliscor|77\/100 tox|[from] ability: Poison Heal\n|upkeep\n|turn|7\n|\n|t:|1699840588\n|move|p2a: Diedreigon|Dark Pulse|p1a: Gliscor\n|-damage|p1a: Gliscor|25\/100 tox\n|move|p1a: Gliscor|Toxic|p2a: Diedreigon\n|-status|p2a: Diedreigon|tox\n|\n|-damage|p2a: Diedreigon|94\/100 tox|[from] psn\n|-heal|p1a: Gliscor|37\/100 tox|[from] ability: Poison Heal\n|upkeep\n|turn|8\n|\n|t:|1699840603\n|move|p1a: Gliscor|Protect|p1a: Gliscor\n|-singleturn|p1a: Gliscor|Protect\n|move|p2a: Diedreigon|Dark Pulse|p1a: Gliscor\n|-activate|p1a: Gliscor|move: Protect\n|\n|-damage|p2a: Diedreigon|82\/100 tox|[from] psn\n|-heal|p1a: Gliscor|50\/100 tox|[from] ability: Poison Heal\n|upkeep\n|turn|9\n|\n|t:|1699840649\n|-end|p2a: Diedreigon|Quark Drive|[silent]\n|switch|p2a: Toby Rox|Arcanine-Hisui, F|100\/100\n|switch|p1a: Clefable|Clefable, M, shiny|100\/100\n|\n|upkeep\n|turn|10\n|\n|t:|1699840700\n|move|p2a: Toby Rox|Head Smash|p1a: Clefable\n|-damage|p1a: Clefable|45\/100\n|move|p1a: Clefable|Moonblast|p2a: Toby Rox\n|-resisted|p2a: Toby Rox\n|-damage|p2a: Toby Rox|81\/100\n|\n|-heal|p1a: Clefable|51\/100|[from] item: Leftovers\n|upkeep\n|turn|11\n|\n|t:|1699840716\n|switch|p1a: Gliscor|Gliscor, F, shiny|50\/100 tox\n|move|p2a: Toby Rox|Head Smash|p1a: Gliscor\n|-damage|p1a: Gliscor|7\/100 tox\n|\n|-heal|p1a: Gliscor|20\/100 tox|[from] ability: Poison Heal\n|upkeep\n|turn|12\n|\n|t:|1699840730\n|move|p1a: Gliscor|Protect|p1a: Gliscor\n|-singleturn|p1a: Gliscor|Protect\n|move|p2a: Toby Rox|Extreme Speed|p1a: Gliscor\n|-activate|p1a: Gliscor|move: Protect\n|\n|-heal|p1a: Gliscor|32\/100 tox|[from] ability: Poison Heal\n|upkeep\n|turn|13\n|\n|t:|1699840767\n|move|p2a: Toby Rox|Extreme Speed|p1a: Gliscor\n|-damage|p1a: Gliscor|16\/100 tox\n|move|p1a: Gliscor|Earthquake|p2a: Toby Rox\n|-supereffective|p2a: Toby Rox\n|-damage|p2a: Toby Rox|0 fnt\n|faint|p2a: Toby Rox\n|\n|-heal|p1a: Gliscor|29\/100 tox|[from] ability: Poison Heal\n|upkeep\n|\n|t:|1699840796\n|switch|p2a: Bulkarona|Iron Moth|95\/100\n|turn|14\n|\n|t:|1699840810\n|move|p2a: Bulkarona|Bug Buzz|p1a: Gliscor\n|-resisted|p1a: Gliscor\n|-crit|p1a: Gliscor\n|-damage|p1a: Gliscor|0 fnt\n|faint|p1a: Gliscor\n|\n|upkeep\n|\n|t:|1699840831\n|switch|p1a: Slowking|Slowking, F, shiny|100\/100\n|turn|15\n|\n|t:|1699840895\n|move|p2a: Bulkarona|Bug Buzz|p1a: Slowking\n|-supereffective|p1a: Slowking\n|-damage|p1a: Slowking|63\/100\n|move|p1a: Slowking|Psyshock|p2a: Bulkarona\n|-supereffective|p2a: Bulkarona\n|-damage|p2a: Bulkarona|0 fnt\n|faint|p2a: Bulkarona\n|-end|p2a: Bulkarona|Quark Drive|[silent]\n|\n|upkeep\n|\n|t:|1699840941\n|switch|p2a: Badneton|Sandy Shocks|37\/100\n|turn|16\n|\n|t:|1699840980\n|move|p2a: Badneton|Volt Switch|p1a: Slowking\n|-supereffective|p1a: Slowking\n|-damage|p1a: Slowking|33\/100\n|\n|t:|1699840984\n|-end|p2a: Badneton|Protosynthesis|[silent]\n|switch|p2a: Diedreigon|Iron Jugulis|82\/100 tox|[from] Volt Switch\n|move|p1a: Slowking|Scald|p2a: Diedreigon\n|-damage|p2a: Diedreigon|50\/100 tox\n|\n|-damage|p2a: Diedreigon|44\/100 tox|[from] psn\n|upkeep\n|turn|17\n|\n|t:|1699841057\n|switch|p1a: Baxcalibur|Baxcalibur, F, shiny|100\/100\n|move|p2a: Diedreigon|Dark Pulse|p1a: Baxcalibur\n|-damage|p1a: Baxcalibur|58\/100\n|\n|-damage|p2a: Diedreigon|32\/100 tox|[from] psn\n|upkeep\n|turn|18\n|\n|t:|1699841110\n|move|p2a: Diedreigon|Hurricane|p1a: Baxcalibur|[miss]\n|-miss|p2a: Diedreigon|p1a: Baxcalibur\n|move|p1a: Baxcalibur|Icicle Spear|p2a: Diedreigon\n|-supereffective|p2a: Diedreigon\n|-crit|p2a: Diedreigon\n|-damage|p2a: Diedreigon|0 fnt\n|faint|p2a: Diedreigon\n|-end|p2a: Diedreigon|Quark Drive|[silent]\n|-hitcount|p2: Diedreigon|1\n|\n|upkeep\n|\n|t:|1699841116\n|switch|p2a: Hairy Yama|Iron Hands|51\/100\n|turn|19\n|\n|t:|1699841197\n|switch|p1a: Clefable|Clefable, M, shiny|51\/100\n|move|p2a: Hairy Yama|Drain Punch|p1a: Clefable\n|-resisted|p1a: Clefable\n|-damage|p1a: Clefable|32\/100\n|-heal|p2a: Hairy Yama|59\/100|[from] drain|[of] p1a: Clefable\n|\n|-heal|p1a: Clefable|38\/100|[from] item: Leftovers\n|upkeep\n|turn|20\n|\n|t:|1699841221\n|move|p2a: Hairy Yama|Thunder Punch|p1a: Clefable\n|-damage|p1a: Clefable|1\/100\n|move|p1a: Clefable|Moonblast|p2a: Hairy Yama\n|-supereffective|p2a: Hairy Yama\n|-damage|p2a: Hairy Yama|0 fnt\n|faint|p2a: Hairy Yama\n|-end|p2a: Hairy Yama|Quark Drive|[silent]\n|\n|-heal|p1a: Clefable|7\/100|[from] item: Leftovers\n|upkeep\n|\n|t:|1699841229\n|switch|p2a: Badneton|Sandy Shocks|37\/100\n|turn|21\n|\n|t:|1699841251\n|move|p2a: Badneton|Thunderbolt|p1a: Clefable\n|-damage|p1a: Clefable|0 fnt\n|faint|p1a: Clefable\n|\n|upkeep\n|\n|t:|1699841270\n|switch|p1a: Baxcalibur|Baxcalibur, F, shiny|58\/100\n|turn|22\n|\n|t:|1699841295\n|move|p2a: Badneton|Thunderbolt|p1a: Baxcalibur\n|-resisted|p1a: Baxcalibur\n|-damage|p1a: Baxcalibur|37\/100\n|move|p1a: Baxcalibur|Icicle Spear|p2a: Badneton\n|-supereffective|p2a: Badneton\n|-damage|p2a: Badneton|2\/100\n|-supereffective|p2a: Badneton\n|-damage|p2a: Badneton|0 fnt\n|faint|p2a: Badneton\n|-end|p2a: Badneton|Protosynthesis|[silent]\n|-hitcount|p2: Badneton|2\n|\n|win|Exploke\n|c|\u2606Miles545|gg\n|c|\u2606Exploke|GG\n","uploadtime":1699841315,"views":29,"p1id":"exploke","p2id":"miles545","formatid":"gen9anythinggoes","rating":0,"private":0,"password":""}