{"id":"gen9anythinggoes-1979187939","p1":"PyrosytheticBirb","p2":"Sohaibtheex0","format":"[Gen 9] Anything Goes","log":"|j|\u2606PyrosytheticBirb\n|j|\u2606Sohaibtheex0\n|t:|1698647201\n|gametype|singles\n|player|p1|PyrosytheticBirb|lady|\n|player|p2|Sohaibtheex0|170|\n|teamsize|p1|6\n|teamsize|p2|6\n|gen|9\n|tier|[Gen 9] Anything Goes\n|rule|HP Percentage Mod: HP is shown in percentages\n|rule|Endless Battle Clause: Forcing endless battles is banned\n|clearpoke\n|poke|p1|Sableye, F|\n|poke|p1|Basculegion, M|\n|poke|p1|Pelipper, M|\n|poke|p1|Espathra, M|\n|poke|p1|Pincurchin, F|\n|poke|p1|Cyclizar, F|\n|poke|p2|Mightyena, F|\n|poke|p2|Cacturne, M|\n|poke|p2|Gyarados, M|\n|poke|p2|Nosepass, F|\n|poke|p2|Garchomp, F|\n|poke|p2|Infernape, F|\n|teampreview\n|\n|t:|1698647213\n|start\n|switch|p1a: Puffball|Pincurchin, F|100\/100\n|switch|p2a: Garchomp|Garchomp, F|100\/100\n|-fieldstart|move: Electric Terrain|[from] ability: Electric Surge|[of] p1a: Puffball\n|turn|1\n|\n|t:|1698647224\n|move|p2a: Garchomp|Swords Dance|p2a: Garchomp\n|-boost|p2a: Garchomp|atk|2\n|move|p1a: Puffball|Toxic Spikes|p2a: Garchomp\n|-sidestart|p2: Sohaibtheex0|move: Toxic Spikes\n|\n|upkeep\n|turn|2\n|\n|t:|1698647237\n|move|p2a: Garchomp|Dragon Rush|p1a: Puffball|[miss]\n|-miss|p2a: Garchomp|p1a: Puffball\n|move|p1a: Puffball|Thunder Wave|p2a: Garchomp\n|-immune|p2a: Garchomp\n|\n|upkeep\n|turn|3\n|\n|t:|1698647245\n|move|p2a: Garchomp|Crunch|p1a: Puffball\n|-damage|p1a: Puffball|56\/100\n|move|p1a: Puffball|Memento|p2a: Garchomp\n|-unboost|p2a: Garchomp|atk|2\n|-unboost|p2a: Garchomp|spa|2\n|faint|p1a: Puffball\n|\n|upkeep\n|\n|t:|1698647252\n|switch|p1a: Riptire|Cyclizar, F, shiny|100\/100\n|turn|4\n|\n|t:|1698647261\n|switch|p2a: Infernape|Infernape, F|100\/100\n|-status|p2a: Infernape|psn\n|move|p1a: Riptire|Shed Tail|p1a: Riptire\n|-start|p1a: Riptire|Substitute|[from] move: Shed Tail\n|-damage|p1a: Riptire|50\/100\n|\n|t:|1698647268\n|switch|p1a: 10\/12\/1932|Espathra, M|100\/100|[from] Shed Tail\n|-enditem|p1a: 10\/12\/1932|Electric Seed\n|-boost|p1a: 10\/12\/1932|def|1|[from] item: Electric Seed\n|\n|-damage|p2a: Infernape|88\/100 psn|[from] psn\n|upkeep\n|turn|5\n|\n|t:|1698647282\n|move|p1a: 10\/12\/1932|Protect|p1a: 10\/12\/1932\n|-singleturn|p1a: 10\/12\/1932|Protect\n|move|p2a: Infernape|Double Kick|p1a: 10\/12\/1932\n|-activate|p1a: 10\/12\/1932|move: Protect\n|\n|-damage|p2a: Infernape|76\/100 psn|[from] psn\n|-ability|p1a: 10\/12\/1932|Speed Boost|boost\n|-boost|p1a: 10\/12\/1932|spe|1\n|upkeep\n|turn|6\n|\n|t:|1698647298\n|switch|p2a: Gyarados|Gyarados, M|100\/100\n|-ability|p2a: Gyarados|Intimidate|boost\n|-immune|p1a: 10\/12\/1932\n|move|p1a: 10\/12\/1932|Calm Mind|p1a: 10\/12\/1932\n|-boost|p1a: 10\/12\/1932|spa|1\n|-boost|p1a: 10\/12\/1932|spd|1\n|\n|-ability|p1a: 10\/12\/1932|Speed Boost|boost\n|-boost|p1a: 10\/12\/1932|spe|1\n|upkeep\n|turn|7\n|\n|t:|1698647311\n|move|p1a: 10\/12\/1932|Calm Mind|p1a: 10\/12\/1932\n|-boost|p1a: 10\/12\/1932|spa|1\n|-boost|p1a: 10\/12\/1932|spd|1\n|move|p2a: Gyarados|Surf|p1a: 10\/12\/1932\n|-activate|p1a: 10\/12\/1932|move: Substitute|[damage]\n|\n|-ability|p1a: 10\/12\/1932|Speed Boost|boost\n|-boost|p1a: 10\/12\/1932|spe|1\n|upkeep\n|turn|8\n|\n|t:|1698647319\n|move|p1a: 10\/12\/1932|Calm Mind|p1a: 10\/12\/1932\n|-boost|p1a: 10\/12\/1932|spa|1\n|-boost|p1a: 10\/12\/1932|spd|1\n|move|p2a: Gyarados|Blizzard|p1a: 10\/12\/1932\n|-end|p1a: 10\/12\/1932|Substitute\n|\n|-fieldend|move: Electric Terrain\n|-ability|p1a: 10\/12\/1932|Speed Boost|boost\n|-boost|p1a: 10\/12\/1932|spe|1\n|upkeep\n|turn|9\n|\n|t:|1698647328\n|move|p1a: 10\/12\/1932|Stored Power|p2a: Gyarados\n|-damage|p2a: Gyarados|0 fnt\n|faint|p2a: Gyarados\n|\n|-ability|p1a: 10\/12\/1932|Speed Boost|boost\n|-boost|p1a: 10\/12\/1932|spe|1\n|upkeep\n|\n|t:|1698647337\n|switch|p2a: Mightyena|Mightyena, F|100\/100\n|-status|p2a: Mightyena|psn\n|-ability|p2a: Mightyena|Intimidate|boost\n|-unboost|p1a: 10\/12\/1932|atk|1\n|turn|10\n|\n|t:|1698647344\n|-terastallize|p1a: 10\/12\/1932|Fairy\n|move|p2a: Mightyena|Protect|p2a: Mightyena\n|-singleturn|p2a: Mightyena|Protect\n|move|p1a: 10\/12\/1932|Dazzling Gleam|p2a: Mightyena\n|-activate|p2a: Mightyena|move: Protect\n|\n|-damage|p2a: Mightyena|88\/100 psn|[from] psn\n|-ability|p1a: 10\/12\/1932|Speed Boost|boost\n|-boost|p1a: 10\/12\/1932|spe|1\n|upkeep\n|turn|11\n|\n|t:|1698647357\n|move|p1a: 10\/12\/1932|Dazzling Gleam|p2a: Mightyena\n|-supereffective|p2a: Mightyena\n|-damage|p2a: Mightyena|0 fnt\n|faint|p2a: Mightyena\n|\n|upkeep\n|\n|t:|1698647361\n|switch|p2a: Cacturne|Cacturne, M|100\/100\n|-status|p2a: Cacturne|psn\n|turn|12\n|\n|t:|1698647366\n|move|p2a: Cacturne|Spiky Shield|p2a: Cacturne\n|-singleturn|p2a: Cacturne|move: Protect\n|move|p1a: 10\/12\/1932|Dazzling Gleam|p2a: Cacturne\n|-activate|p2a: Cacturne|move: Protect\n|\n|-damage|p2a: Cacturne|88\/100 psn|[from] psn\n|upkeep\n|turn|13\n|\n|t:|1698647375\n|move|p2a: Cacturne|Spiky Shield|p2a: Cacturne\n|-singleturn|p2a: Cacturne|move: Protect\n|move|p1a: 10\/12\/1932|Dazzling Gleam|p2a: Cacturne\n|-activate|p2a: Cacturne|move: Protect\n|\n|-damage|p2a: Cacturne|76\/100 psn|[from] psn\n|upkeep\n|turn|14\n|\n|t:|1698647382\n|move|p2a: Cacturne|Spiky Shield||[still]\n|-fail|p2a: Cacturne\n|move|p1a: 10\/12\/1932|Dazzling Gleam|p2a: Cacturne\n|-supereffective|p2a: Cacturne\n|-damage|p2a: Cacturne|0 fnt\n|faint|p2a: Cacturne\n|\n|upkeep\n|\n|t:|1698647390\n|switch|p2a: Infernape|Infernape, F|76\/100 psn\n|turn|15\n|\n|t:|1698647395\n|move|p1a: 10\/12\/1932|Stored Power|p2a: Infernape\n|-supereffective|p2a: Infernape\n|-damage|p2a: Infernape|0 fnt\n|faint|p2a: Infernape\n|\n|upkeep\n|\n|t:|1698647399\n|switch|p2a: Nosepass|Nosepass, F|100\/100\n|-status|p2a: Nosepass|psn\n|turn|16\n|\n|t:|1698647405\n|move|p1a: 10\/12\/1932|Stored Power|p2a: Nosepass\n|-ability|p2a: Nosepass|Sturdy\n|-damage|p2a: Nosepass|1\/100 psn\n|move|p2a: Nosepass|Stone Edge|p1a: 10\/12\/1932|[miss]\n|-miss|p2a: Nosepass|p1a: 10\/12\/1932\n|\n|-damage|p2a: Nosepass|0 fnt|[from] psn\n|faint|p2a: Nosepass\n|upkeep\n|\n|t:|1698647414\n|switch|p2a: Garchomp|Garchomp, F|100\/100\n|-status|p2a: Garchomp|psn\n|turn|17\n|\n|t:|1698647421\n|move|p1a: 10\/12\/1932|Stored Power|p2a: Garchomp\n|-damage|p2a: Garchomp|0 fnt\n|faint|p2a: Garchomp\n|\n|win|PyrosytheticBirb\n","uploadtime":1698647432,"views":16,"p1id":"pyrosytheticbirb","p2id":"sohaibtheex0","formatid":"gen9anythinggoes","rating":0,"private":0,"password":""}