{"id":"gen9anythinggoes-1989415722","p1":"DukeGoolies","p2":"Zman145","format":"[Gen 9] Anything Goes","log":"|j|\u2606DukeGoolies\n|j|\u2606Zman145\n|t:|1699847360\n|gametype|singles\n|player|p1|DukeGoolies|2|1000\n|player|p2|Zman145|pokekid|1000\n|teamsize|p1|6\n|teamsize|p2|6\n|gen|9\n|tier|[Gen 9] Anything Goes\n|rated|\n|rule|HP Percentage Mod: HP is shown in percentages\n|rule|Endless Battle Clause: Forcing endless battles is banned\n|clearpoke\n|poke|p1|Lucario, F|\n|poke|p1|Coalossal, M|\n|poke|p1|Hippowdon, F|\n|poke|p1|Clefable, F|\n|poke|p1|Iron Moth|\n|poke|p1|Dragapult, M|\n|poke|p2|Blissey, F|\n|poke|p2|Clefable, F|\n|poke|p2|Hatterene, F|\n|poke|p2|Gengar, F|\n|poke|p2|Grimmsnarl, M|\n|poke|p2|Muk-Alola, M|\n|teampreview\n|\n|t:|1699847367\n|start\n|switch|p1a: Coalossal|Coalossal, M|100\/100\n|switch|p2a: Gengar|Gengar, F|100\/100\n|turn|1\n|\n|t:|1699847395\n|switch|p1a: Clefable|Clefable, F|100\/100\n|move|p2a: Gengar|Toxic Spikes|p1a: Clefable\n|-sidestart|p1: DukeGoolies|move: Toxic Spikes\n|\n|upkeep\n|turn|2\n|\n|t:|1699847401\n|move|p2a: Gengar|Toxic Spikes|p1a: Clefable\n|-sidestart|p1: DukeGoolies|move: Toxic Spikes\n|move|p1a: Clefable|Psychic|p2a: Gengar\n|-supereffective|p2a: Gengar\n|-damage|p2a: Gengar|32\/100\n|-start|p1a: Clefable|Disable|Psychic|[from] ability: Cursed Body|[of] p2a: Gengar\n|-enditem|p2a: Gengar|Sitrus Berry|[eat]\n|-heal|p2a: Gengar|57\/100|[from] item: Sitrus Berry\n|\n|upkeep\n|turn|3\n|\n|t:|1699847421\n|switch|p2a: Hatterene|Hatterene, F|100\/100\n|move|p1a: Clefable|Wish|p1a: Clefable\n|\n|upkeep\n|turn|4\n|\n|t:|1699847448\n|switch|p1a: Lucario|Lucario, F|100\/100\n|move|p2a: Hatterene|Agility|p2a: Hatterene\n|-boost|p2a: Hatterene|spe|2\n|\n|upkeep\n|turn|5\n|\n|t:|1699847467\n|move|p1a: Lucario|Extreme Speed|p2a: Hatterene\n|-damage|p2a: Hatterene|68\/100\n|move|p2a: Hatterene|Psychic|p1a: Lucario\n|-crit|p1a: Lucario\n|-damage|p1a: Lucario|0 fnt\n|faint|p1a: Lucario\n|\n|-heal|p2a: Hatterene|74\/100|[from] item: Leftovers\n|upkeep\n|\n|t:|1699847476\n|switch|p1a: Iron Moth|Iron Moth|100\/100\n|-sideend|p1: DukeGoolies|move: Toxic Spikes|[of] p1a: Iron Moth\n|-enditem|p1a: Iron Moth|Booster Energy\n|-activate|p1a: Iron Moth|ability: Quark Drive|[fromitem]\n|-start|p1a: Iron Moth|quarkdrivespa\n|turn|6\n|\n|t:|1699847487\n|move|p1a: Iron Moth|Sludge Wave|p2a: Hatterene\n|-supereffective|p2a: Hatterene\n|-damage|p2a: Hatterene|0 fnt\n|faint|p2a: Hatterene\n|\n|upkeep\n|\n|t:|1699847491\n|switch|p2a: Gengar|Gengar, F|57\/100\n|turn|7\n|inactive|Battle timer is ON: inactive players will automatically lose when time's up. (requested by Zman145)\n|\n|t:|1699847532\n|-end|p1a: Iron Moth|Quark Drive|[silent]\n|switch|p1a: Clefable|Clefable, F|100\/100\n|move|p2a: Gengar|Metronome|p2a: Gengar\n|move|p2a: Gengar|Leech Life|p1a: Clefable|[from]move: Metronome\n|-resisted|p1a: Clefable\n|-damage|p1a: Clefable|96\/100\n|-heal|p2a: Gengar|61\/100|[from] drain|[of] p1a: Clefable\n|\n|-heal|p1a: Clefable|100\/100|[from] item: Leftovers\n|upkeep\n|turn|8\n|\n|t:|1699847545\n|move|p2a: Gengar|Metronome|p2a: Gengar\n|move|p2a: Gengar|Worry Seed|p1a: Clefable|[from]move: Metronome\n|-endability|p1a: Clefable|Unaware|[from] move: Worry Seed\n|-ability|p1a: Clefable|Insomnia|[from] move: Worry Seed\n|move|p1a: Clefable|Psychic|p2a: Gengar\n|-supereffective|p2a: Gengar\n|-damage|p2a: Gengar|0 fnt\n|-start|p1a: Clefable|Disable|Psychic|[from] ability: Cursed Body|[of] p2a: Gengar\n|faint|p2a: Gengar\n|\n|upkeep\n|\n|t:|1699847552\n|switch|p2a: Grimmsnarl|Grimmsnarl, M|100\/100\n|turn|9\n|\n|t:|1699847578\n|switch|p1a: Iron Moth|Iron Moth|100\/100\n|move|p2a: Grimmsnarl|Bulk Up|p2a: Grimmsnarl\n|-boost|p2a: Grimmsnarl|atk|1\n|-boost|p2a: Grimmsnarl|def|1\n|\n|upkeep\n|turn|10\n|\n|t:|1699847589\n|move|p2a: Grimmsnarl|Metronome|p2a: Grimmsnarl\n|move|p2a: Grimmsnarl|Thunder|p1a: Iron Moth|[from]move: Metronome|[miss]\n|-miss|p2a: Grimmsnarl|p1a: Iron Moth\n|move|p1a: Iron Moth|Sludge Wave|p2a: Grimmsnarl\n|-supereffective|p2a: Grimmsnarl\n|-damage|p2a: Grimmsnarl|0 fnt\n|faint|p2a: Grimmsnarl\n|\n|upkeep\n|\n|t:|1699847595\n|switch|p2a: Clefable|Clefable, F|100\/100\n|turn|11\n|\n|t:|1699847604\n|-end|p1a: Iron Moth|Quark Drive|[silent]\n|switch|p1a: Clefable|Clefable, F|100\/100\n|move|p2a: Clefable|Stealth Rock|p1a: Clefable\n|-sidestart|p1: DukeGoolies|move: Stealth Rock\n|\n|upkeep\n|turn|12\n|\n|t:|1699847629\n|move|p1a: Clefable|Moonblast|p2a: Clefable\n|-damage|p2a: Clefable|71\/100\n|-unboost|p2a: Clefable|spa|1\n|move|p2a: Clefable|Calm Mind|p2a: Clefable\n|-boost|p2a: Clefable|spa|1\n|-boost|p2a: Clefable|spd|1\n|\n|upkeep\n|turn|13\n|\n|t:|1699847642\n|move|p1a: Clefable|Psychic|p2a: Clefable\n|-damage|p2a: Clefable|52\/100\n|move|p2a: Clefable|Calm Mind|p2a: Clefable\n|-boost|p2a: Clefable|spa|1\n|-boost|p2a: Clefable|spd|1\n|\n|upkeep\n|turn|14\n|\n|t:|1699847658\n|move|p2a: Clefable|Calm Mind|p2a: Clefable\n|-boost|p2a: Clefable|spa|1\n|-boost|p2a: Clefable|spd|1\n|move|p1a: Clefable|Psychic|p2a: Clefable\n|-damage|p2a: Clefable|32\/100\n|\n|upkeep\n|turn|15\n|\n|t:|1699847666\n|move|p2a: Clefable|Metronome|p2a: Clefable\n|move|p2a: Clefable|Shift Gear|p2a: Clefable|[from]move: Metronome\n|-boost|p2a: Clefable|spe|2\n|-boost|p2a: Clefable|atk|1\n|move|p1a: Clefable|Moonblast|p2a: Clefable\n|-damage|p2a: Clefable|4\/100\n|-unboost|p2a: Clefable|spa|1\n|\n|upkeep\n|turn|16\n|\n|t:|1699847680\n|move|p1a: Clefable|Protect|p1a: Clefable\n|-singleturn|p1a: Clefable|Protect\n|move|p2a: Clefable|Flamethrower|p1a: Clefable\n|-activate|p1a: Clefable|move: Protect\n|\n|upkeep\n|turn|17\n|\n|t:|1699847704\n|switch|p1a: Coalossal|Coalossal, M|100\/100\n|move|p2a: Clefable|Metronome|p2a: Clefable\n|move|p2a: Clefable|Quiver Dance|p2a: Clefable|[from]move: Metronome\n|-boost|p2a: Clefable|spa|1\n|-boost|p2a: Clefable|spd|1\n|-boost|p2a: Clefable|spe|1\n|\n|upkeep\n|turn|18\n|\n|t:|1699847712\n|move|p2a: Clefable|Flamethrower|p1a: Coalossal\n|-resisted|p1a: Coalossal\n|-damage|p1a: Coalossal|92\/100\n|-ability|p1a: Coalossal|Steam Engine|boost\n|-boost|p1a: Coalossal|spe|6\n|move|p1a: Coalossal|Stealth Rock|p2a: Clefable\n|-sidestart|p2: Zman145|move: Stealth Rock\n|\n|upkeep\n|turn|19\n|\n|t:|1699847722\n|-terastallize|p1a: Coalossal|Water\n|move|p2a: Clefable|Metronome|p2a: Clefable\n|move|p2a: Clefable|Shock Wave|p1a: Coalossal|[from]move: Metronome\n|-supereffective|p1a: Coalossal\n|-damage|p1a: Coalossal|49\/100\n|move|p1a: Coalossal|Rapid Spin|p2a: Clefable\n|-damage|p2a: Clefable|0 fnt\n|-sideend|p1: DukeGoolies|Stealth Rock|[from] move: Rapid Spin|[of] p1a: Coalossal\n|faint|p2a: Clefable\n|\n|upkeep\n|\n|t:|1699847728\n|switch|p2a: Muk|Muk-Alola, M|100\/100\n|-damage|p2a: Muk|88\/100|[from] Stealth Rock\n|turn|20\n|\n|t:|1699847756\n|switch|p1a: Hippowdon|Hippowdon, F|100\/100\n|-weather|Sandstorm|[from] ability: Sand Stream|[of] p1a: Hippowdon\n|move|p2a: Muk|Toxic|p1a: Hippowdon\n|-status|p1a: Hippowdon|tox\n|\n|-weather|Sandstorm|[upkeep]\n|-damage|p2a: Muk|82\/100|[from] Sandstorm\n|-heal|p2a: Muk|88\/100|[from] item: Black Sludge\n|-damage|p1a: Hippowdon|94\/100 tox|[from] psn\n|upkeep\n|turn|21\n|\n|t:|1699847768\n|move|p2a: Muk|Acid Armor|p2a: Muk\n|-boost|p2a: Muk|def|2\n|move|p1a: Hippowdon|Yawn|p2a: Muk\n|-start|p2a: Muk|move: Yawn|[of] p1a: Hippowdon\n|\n|-weather|Sandstorm|[upkeep]\n|-damage|p2a: Muk|82\/100|[from] Sandstorm\n|-heal|p2a: Muk|88\/100|[from] item: Black Sludge\n|-damage|p1a: Hippowdon|82\/100 tox|[from] psn\n|upkeep\n|turn|22\n|inactive|DukeGoolies has 120 seconds left.\n|\n|t:|1699847784\n|move|p2a: Muk|Acid Armor|p2a: Muk\n|-boost|p2a: Muk|def|2\n|move|p1a: Hippowdon|Earthquake|p2a: Muk\n|-supereffective|p2a: Muk\n|-damage|p2a: Muk|62\/100\n|\n|-weather|Sandstorm|[upkeep]\n|-damage|p2a: Muk|56\/100|[from] Sandstorm\n|-heal|p2a: Muk|62\/100|[from] item: Black Sludge\n|-damage|p1a: Hippowdon|63\/100 tox|[from] psn\n|-end|p2a: Muk|move: Yawn|[silent]\n|-status|p2a: Muk|slp\n|upkeep\n|turn|23\n|inactive|DukeGoolies has 120 seconds left.\n|\n|t:|1699847800\n|cant|p2a: Muk|slp\n|move|p1a: Hippowdon|Earthquake|p2a: Muk\n|-supereffective|p2a: Muk\n|-damage|p2a: Muk|34\/100 slp\n|\n|-weather|Sandstorm|[upkeep]\n|-damage|p2a: Muk|28\/100 slp|[from] Sandstorm\n|-heal|p2a: Muk|34\/100 slp|[from] item: Black Sludge\n|-damage|p1a: Hippowdon|39\/100 tox|[from] psn\n|upkeep\n|turn|24\n|inactive|DukeGoolies has 120 seconds left.\n|\n|t:|1699847812\n|cant|p2a: Muk|slp\n|move|p1a: Hippowdon|Slack Off|p1a: Hippowdon\n|-heal|p1a: Hippowdon|89\/100 tox\n|\n|-weather|none\n|-heal|p2a: Muk|40\/100 slp|[from] item: Black Sludge\n|-damage|p1a: Hippowdon|58\/100 tox|[from] psn\n|upkeep\n|turn|25\n|\n|t:|1699847820\n|cant|p2a: Muk|slp\n|move|p1a: Hippowdon|Slack Off|p1a: Hippowdon\n|-heal|p1a: Hippowdon|100\/100 tox\n|\n|-heal|p2a: Muk|46\/100 slp|[from] item: Black Sludge\n|-damage|p1a: Hippowdon|63\/100 tox|[from] psn\n|upkeep\n|turn|26\n|\n|t:|1699847830\n|-curestatus|p2a: Muk|slp|[msg]\n|move|p2a: Muk|Poison Jab|p1a: Hippowdon\n|-resisted|p1a: Hippowdon\n|-damage|p1a: Hippowdon|54\/100 tox\n|-damage|p2a: Muk|29\/100|[from] item: Rocky Helmet|[of] p1a: Hippowdon\n|move|p1a: Hippowdon|Yawn|p2a: Muk\n|-start|p2a: Muk|move: Yawn|[of] p1a: Hippowdon\n|\n|-heal|p2a: Muk|36\/100|[from] item: Black Sludge\n|-damage|p1a: Hippowdon|10\/100 tox|[from] psn\n|upkeep\n|turn|27\n|inactive|DukeGoolies has 120 seconds left.\n|\n|t:|1699847860\n|switch|p1a: Dragapult|Dragapult, M|100\/100\n|move|p2a: Muk|Poison Jab|p1a: Dragapult\n|-resisted|p1a: Dragapult\n|-damage|p1a: Dragapult|79\/100\n|\n|-heal|p2a: Muk|42\/100|[from] item: Black Sludge\n|-end|p2a: Muk|move: Yawn|[silent]\n|-status|p2a: Muk|slp\n|upkeep\n|turn|28\n|\n|t:|1699847882\n|move|p1a: Dragapult|Dragon Darts|p2a: Muk\n|-damage|p2a: Muk|29\/100 slp\n|-anim|p1a: Dragapult|Dragon Darts|p2a: Muk\n|-damage|p2a: Muk|16\/100 slp\n|-damage|p1a: Dragapult|70\/100|[from] item: Life Orb\n|cant|p2a: Muk|slp\n|\n|-heal|p2a: Muk|22\/100 slp|[from] item: Black Sludge\n|upkeep\n|turn|29\n|\n|t:|1699847892\n|move|p1a: Dragapult|Phantom Force||[still]\n|-prepare|p1a: Dragapult|Phantom Force\n|cant|p2a: Muk|slp\n|\n|-heal|p2a: Muk|29\/100 slp|[from] item: Black Sludge\n|upkeep\n|turn|30\n|\n|t:|1699847897\n|move|p1a: Dragapult|Phantom Force|p2a: Muk|[from]lockedmove\n|-resisted|p2a: Muk\n|-damage|p2a: Muk|18\/100 slp\n|-damage|p1a: Dragapult|60\/100|[from] item: Life Orb\n|cant|p2a: Muk|slp\n|\n|-heal|p2a: Muk|24\/100 slp|[from] item: Black Sludge\n|upkeep\n|turn|31\n|\n|t:|1699847904\n|move|p1a: Dragapult|Dragon Darts|p2a: Muk\n|-crit|p2a: Muk\n|-damage|p2a: Muk|0 fnt\n|faint|p2a: Muk\n|-damage|p1a: Dragapult|50\/100|[from] item: Life Orb\n|\n|upkeep\n|\n|t:|1699847908\n|switch|p2a: Blissey|Blissey, F|100\/100\n|-damage|p2a: Blissey|88\/100|[from] Stealth Rock\n|turn|32\n|inactive|DukeGoolies has 120 seconds left.\n|\n|t:|1699847930\n|switch|p1a: Clefable|Clefable, F|100\/100\n|-terastallize|p2a: Blissey|Ghost\n|move|p2a: Blissey|Thunder Wave|p1a: Clefable\n|-status|p1a: Clefable|par\n|\n|upkeep\n|turn|33\n|\n|t:|1699847943\n|move|p2a: Blissey|Earthquake|p1a: Clefable\n|-damage|p1a: Clefable|96\/100 par\n|move|p1a: Clefable|Wish|p1a: Clefable\n|\n|-heal|p1a: Clefable|100\/100 par|[from] item: Leftovers\n|upkeep\n|turn|34\n|inactive|DukeGoolies has 90 seconds left.\n|\n|t:|1699847974\n|switch|p1a: Coalossal|Coalossal, M, tera:Water|49\/100\n|move|p2a: Blissey|Metronome|p2a: Blissey\n|move|p2a: Blissey|Wish|p2a: Blissey|[from]move: Metronome\n|\n|-heal|p1a: Coalossal|95\/100|[from] move: Wish|[wisher] Clefable\n|upkeep\n|turn|35\n|inactive|DukeGoolies has 90 seconds left.\n|\n|t:|1699847996\n|move|p2a: Blissey|Earthquake|p1a: Coalossal\n|-damage|p1a: Coalossal|92\/100\n|move|p1a: Coalossal|Earthquake|p2a: Blissey\n|-damage|p2a: Blissey|74\/100\n|\n|-heal|p2a: Blissey|100\/100|[from] move: Wish|[wisher] Blissey\n|upkeep\n|turn|36\n|\n|t:|1699848021\n|switch|p1a: Clefable|Clefable, F|100\/100 par\n|move|p2a: Blissey|Thunder Wave|p1a: Clefable\n|-fail|p1a: Clefable|par\n|\n|upkeep\n|turn|37\n|\n|t:|1699848030\n|move|p2a: Blissey|Metronome|p2a: Blissey\n|move|p2a: Blissey|Sky Attack||[from]move: Metronome|[still]\n|-prepare|p2a: Blissey|Sky Attack\n|move|p1a: Clefable|Wish|p1a: Clefable\n|\n|upkeep\n|turn|38\n|\n|t:|1699848039\n|switch|p1a: Dragapult|Dragapult, M|50\/100\n|move|p2a: Blissey|Sky Attack|p1a: Dragapult|[from]lockedmove\n|-damage|p1a: Dragapult|39\/100\n|\n|-heal|p1a: Dragapult|100\/100|[from] move: Wish|[wisher] Clefable\n|upkeep\n|turn|39\n|\n|t:|1699848052\n|move|p1a: Dragapult|Phantom Force||[still]\n|-prepare|p1a: Dragapult|Phantom Force\n|move|p2a: Blissey|Thunder Wave|p1a: Dragapult|[miss]\n|-miss|p2a: Blissey|p1a: Dragapult\n|\n|upkeep\n|turn|40\n|\n|t:|1699848057\n|move|p1a: Dragapult|Phantom Force|p2a: Blissey|[from]lockedmove\n|-supereffective|p2a: Blissey\n|-damage|p2a: Blissey|0 fnt\n|faint|p2a: Blissey\n|-damage|p1a: Dragapult|91\/100|[from] item: Life Orb\n|\n|win|DukeGoolies\n|raw|DukeGoolies's rating: 1000 &rarr; <strong>1040<\/strong><br \/>(+40 for winning)\n|raw|Zman145's rating: 1000 &rarr; <strong>1000<\/strong><br \/>(+0 for losing)\n|l|\u2606Zman145\n","uploadtime":1699848069,"views":12,"p1id":"dukegoolies","p2id":"zman145","formatid":"gen9anythinggoes","rating":1000,"private":0,"password":""}