{"id":"gen9anythinggoes-1993316176","p1":"drohohoho","p2":"Dave1200","format":"[Gen 9] Anything Goes","log":"|j|\u2606drohohoho\n|j|\u2606Dave1200\n|t:|1700296752\n|gametype|singles\n|player|p1|drohohoho|101|1253\n|player|p2|Dave1200|cyrus|1108\n|teamsize|p1|6\n|teamsize|p2|6\n|gen|9\n|tier|[Gen 9] Anything Goes\n|rated|\n|rule|HP Percentage Mod: HP is shown in percentages\n|rule|Endless Battle Clause: Forcing endless battles is banned\n|clearpoke\n|poke|p1|Arceus|\n|poke|p1|Blissey, F|\n|poke|p1|Ambipom, M|\n|poke|p1|Scovillain, M|\n|poke|p1|Maushold-Four|\n|poke|p1|Zoroark-Hisui, M|\n|poke|p2|Weezing, F|\n|poke|p2|Infernape, M|\n|poke|p2|Ogerpon, F|\n|poke|p2|Iron Treads|\n|poke|p2|Greninja-*, F|\n|poke|p2|Goodra, M|\n|teampreview\n|inactive|Battle timer is ON: inactive players will automatically lose when time's up. (requested by drohohoho)\n|\n|t:|1700296757\n|start\n|switch|p1a: Blissey|Blissey, F|100\/100\n|switch|p2a: Ogerpon|Ogerpon, F|100\/100\n|turn|1\n|\n|t:|1700296765\n|move|p2a: Ogerpon|Swords Dance|p2a: Ogerpon\n|-boost|p2a: Ogerpon|atk|2\n|move|p1a: Blissey|Thunder Wave|p2a: Ogerpon\n|-status|p2a: Ogerpon|par\n|\n|upkeep\n|turn|2\n|\n|t:|1700296771\n|move|p2a: Ogerpon|Ivy Cudgel|p1a: Blissey\n|-damage|p1a: Blissey|0 fnt\n|faint|p1a: Blissey\n|\n|upkeep\n|\n|t:|1700296777\n|switch|p1a: Maushold|Maushold-Four|100\/100\n|turn|3\n|\n|t:|1700296786\n|switch|p2a: Weezing|Weezing, F, shiny|100\/100\n|move|p1a: Maushold|Bitter Malice|p2a: Weezing\n|-damage|p2a: Weezing|23\/100\n|-unboost|p2a: Weezing|atk|1\n|-damage|p1a: Maushold|91\/100|[from] item: Life Orb\n|\n|-heal|p2a: Weezing|29\/100|[from] item: Black Sludge\n|upkeep\n|turn|4\n|\n|t:|1700296802\n|move|p1a: Maushold|Bitter Malice|p2a: Weezing\n|-damage|p2a: Weezing|0 fnt\n|faint|p2a: Weezing\n|-damage|p1a: Maushold|81\/100|[from] item: Life Orb\n|\n|upkeep\n|\n|t:|1700296809\n|switch|p2a: Greninja|Greninja, F|100\/100\n|turn|5\n|\n|t:|1700296817\n|move|p2a: Greninja|Surf|p1a: Maushold\n|-start|p2a: Greninja|typechange|Water|[from] ability: Protean\n|-damage|p1a: Maushold|0 fnt\n|replace|p1a: Zoroark|Zoroark-Hisui, M\n|-end|p1a: Zoroark|Illusion\n|faint|p1a: Zoroark\n|\n|upkeep\n|\n|t:|1700296824\n|switch|p1a: Scovillain|Scovillain, M, shiny|100\/100\n|turn|6\n|\n|t:|1700296832\n|switch|p2a: Goodra|Goodra, M|100\/100\n|move|p1a: Scovillain|Leech Seed|p2a: Goodra\n|-ability|p2a: Goodra|Sap Sipper|boost\n|-boost|p2a: Goodra|atk|1\n|\n|-ability|p1a: Scovillain|Moody|boost\n|-boost|p1a: Scovillain|spd|2\n|-unboost|p1a: Scovillain|spe|1\n|upkeep\n|turn|7\n|\n|t:|1700296845\n|-terastallize|p2a: Goodra|Water\n|move|p2a: Goodra|Scald|p1a: Scovillain\n|-damage|p1a: Scovillain|82\/100\n|move|p1a: Scovillain|Substitute|p1a: Scovillain\n|-start|p1a: Scovillain|Substitute\n|-damage|p1a: Scovillain|57\/100\n|\n|-heal|p1a: Scovillain|64\/100|[from] item: Leftovers\n|-ability|p1a: Scovillain|Moody|boost\n|-boost|p1a: Scovillain|spe|2\n|-unboost|p1a: Scovillain|atk|1\n|upkeep\n|turn|8\n|\n|t:|1700296858\n|move|p1a: Scovillain|Protect|p1a: Scovillain\n|-singleturn|p1a: Scovillain|Protect\n|move|p2a: Goodra|Scald|p1a: Scovillain\n|-activate|p1a: Scovillain|move: Protect\n|\n|-heal|p1a: Scovillain|70\/100|[from] item: Leftovers\n|-ability|p1a: Scovillain|Moody|boost\n|-boost|p1a: Scovillain|atk|2\n|-unboost|p1a: Scovillain|spe|1\n|upkeep\n|turn|9\n|\n|t:|1700296870\n|move|p2a: Goodra|Scald|p1a: Scovillain\n|-activate|p1a: Scovillain|move: Substitute|[damage]\n|move|p1a: Scovillain|Substitute|p1a: Scovillain\n|-fail|p1a: Scovillain|move: Substitute\n|\n|-heal|p1a: Scovillain|76\/100|[from] item: Leftovers\n|-ability|p1a: Scovillain|Moody|boost\n|-boost|p1a: Scovillain|def|2\n|-unboost|p1a: Scovillain|spe|1\n|upkeep\n|turn|10\n|\n|t:|1700296879\n|move|p1a: Scovillain|Protect|p1a: Scovillain\n|-singleturn|p1a: Scovillain|Protect\n|move|p2a: Goodra|Scald|p1a: Scovillain\n|-activate|p1a: Scovillain|move: Protect\n|\n|-heal|p1a: Scovillain|82\/100|[from] item: Leftovers\n|-ability|p1a: Scovillain|Moody|boost\n|-boost|p1a: Scovillain|spd|2\n|-unboost|p1a: Scovillain|spe|1\n|upkeep\n|turn|11\n|\n|t:|1700296892\n|move|p2a: Goodra|Scald|p1a: Scovillain\n|-crit|p1a: Scovillain\n|-end|p1a: Scovillain|Substitute\n|move|p1a: Scovillain|Substitute|p1a: Scovillain\n|-start|p1a: Scovillain|Substitute\n|-damage|p1a: Scovillain|57\/100\n|\n|-heal|p1a: Scovillain|64\/100|[from] item: Leftovers\n|-ability|p1a: Scovillain|Moody|boost\n|-boost|p1a: Scovillain|spd|2\n|-unboost|p1a: Scovillain|spe|1\n|upkeep\n|turn|12\n|\n|t:|1700296913\n|move|p1a: Scovillain|Protect|p1a: Scovillain\n|-singleturn|p1a: Scovillain|Protect\n|move|p2a: Goodra|Ice Beam|p1a: Scovillain\n|-activate|p1a: Scovillain|move: Protect\n|\n|-heal|p1a: Scovillain|70\/100|[from] item: Leftovers\n|-ability|p1a: Scovillain|Moody|boost\n|-boost|p1a: Scovillain|spa|2\n|-unboost|p1a: Scovillain|atk|1\n|upkeep\n|turn|13\n|\n|t:|1700296925\n|move|p2a: Goodra|Scald|p1a: Scovillain\n|-activate|p1a: Scovillain|move: Substitute|[damage]\n|move|p1a: Scovillain|Flamethrower|p2a: Goodra\n|-resisted|p2a: Goodra\n|-damage|p2a: Goodra|83\/100\n|\n|-heal|p2a: Goodra|89\/100|[from] item: Leftovers\n|-heal|p1a: Scovillain|76\/100|[from] item: Leftovers\n|-ability|p1a: Scovillain|Moody|boost\n|-boost|p1a: Scovillain|spa|2\n|-unboost|p1a: Scovillain|atk|1\n|upkeep\n|turn|14\n|-message|Dave1200 forfeited.\n|\n|win|drohohoho\n|raw|drohohoho's rating: 1253 &rarr; <strong>1268<\/strong><br \/>(+15 for winning)\n|raw|Dave1200's rating: 1108 &rarr; <strong>1093<\/strong><br \/>(-15 for losing)\n|l|\u2606Dave1200\n","uploadtime":1700296941,"views":8,"p1id":"drohohoho","p2id":"dave1200","formatid":"gen9anythinggoes","rating":1093,"private":0,"password":""}