{"id":"gen9anythinggoes-1978353494","p1":"ChickenBoy0909","p2":"Ceoofbeaners","format":"[Gen 9] Anything Goes","log":"|j|\u2606ChickenBoy0909\n|j|\u2606Ceoofbeaners\n|t:|1698528496\n|gametype|singles\n|player|p1|ChickenBoy0909|169|\n|player|p2|Ceoofbeaners|266|\n|teamsize|p1|6\n|teamsize|p2|6\n|gen|9\n|tier|[Gen 9] Anything Goes\n|rule|HP Percentage Mod: HP is shown in percentages\n|rule|Endless Battle Clause: Forcing endless battles is banned\n|clearpoke\n|poke|p1|Forretress, M|\n|poke|p1|Garchomp, F|\n|poke|p1|Iron Bundle|\n|poke|p1|Tornadus-Therian, M|\n|poke|p1|Snorlax, M|\n|poke|p1|Rotom-Heat|\n|poke|p2|Arboliva, F|\n|poke|p2|Ogerpon-Wellspring, F|\n|poke|p2|Landorus-Therian, M|\n|poke|p2|Glimmora, F|\n|poke|p2|Klefki, M|\n|poke|p2|Ceruledge, M|\n|teampreview\n|\n|t:|1698528516\n|start\n|switch|p1a: Forretress|Forretress, M, shiny|100\/100\n|switch|p2a: Landorus|Landorus-Therian, M|100\/100\n|-ability|p2a: Landorus|Intimidate|boost\n|-unboost|p1a: Forretress|atk|1\n|turn|1\n|\n|t:|1698528529\n|move|p2a: Landorus|U-turn|p1a: Forretress\n|-resisted|p1a: Forretress\n|-damage|p1a: Forretress|93\/100\n|c|\u2606Ceoofbeaners|Made a slight error\n|\n|t:|1698528544\n|switch|p2a: Klefki|Klefki, M|100\/100|[from] U-turn\n|move|p1a: Forretress|Stealth Rock|p2a: Klefki\n|-sidestart|p2: Ceoofbeaners|move: Stealth Rock\n|\n|-heal|p1a: Forretress|99\/100|[from] item: Leftovers\n|upkeep\n|turn|2\n|\n|t:|1698528555\n|move|p2a: Klefki|Light Screen|p2a: Klefki\n|-sidestart|p2: Ceoofbeaners|move: Light Screen\n|move|p1a: Forretress|Thunder Wave|p2a: Klefki|[miss]\n|-miss|p1a: Forretress|p2a: Klefki\n|\n|-heal|p1a: Forretress|100\/100|[from] item: Leftovers\n|upkeep\n|turn|3\n|\n|t:|1698528563\n|move|p2a: Klefki|Spikes|p1a: Forretress\n|-sidestart|p1: ChickenBoy0909|Spikes\n|move|p1a: Forretress|Thunder Wave|p2a: Klefki\n|-status|p2a: Klefki|par\n|\n|upkeep\n|turn|4\n|\n|t:|1698528569\n|move|p2a: Klefki|Spikes|p1a: Forretress\n|-sidestart|p1: ChickenBoy0909|Spikes\n|move|p1a: Forretress|Rapid Spin|p2a: Klefki\n|-resisted|p2a: Klefki\n|-damage|p2a: Klefki|98\/100 par\n|-boost|p1a: Forretress|spe|1\n|-sideend|p1: ChickenBoy0909|Spikes|[from] move: Rapid Spin|[of] p1a: Forretress\n|\n|upkeep\n|turn|5\n|\n|t:|1698528588\n|switch|p2a: Ceruledge|Ceruledge, M|100\/100\n|-damage|p2a: Ceruledge|76\/100|[from] Stealth Rock\n|move|p1a: Forretress|Earthquake|p2a: Ceruledge\n|-supereffective|p2a: Ceruledge\n|-damage|p2a: Ceruledge|35\/100\n|-ability|p2a: Ceruledge|Weak Armor|boost\n|-unboost|p2a: Ceruledge|def|1\n|-boost|p2a: Ceruledge|spe|2\n|\n|upkeep\n|turn|6\n|\n|t:|1698528601\n|switch|p1a: Rotom|Rotom-Heat|100\/100\n|move|p2a: Ceruledge|Close Combat|p1a: Rotom\n|-damage|p1a: Rotom|47\/100\n|-unboost|p2a: Ceruledge|def|1\n|-unboost|p2a: Ceruledge|spd|1\n|\n|upkeep\n|turn|7\n|\n|t:|1698528627\n|switch|p1a: Tornadus|Tornadus-Therian, M|100\/100\n|move|p2a: Ceruledge|Close Combat|p1a: Tornadus\n|-resisted|p1a: Tornadus\n|-damage|p1a: Tornadus|59\/100\n|-unboost|p2a: Ceruledge|def|1\n|-unboost|p2a: Ceruledge|spd|1\n|\n|upkeep\n|turn|8\n|\n|t:|1698528638\n|move|p2a: Ceruledge|Close Combat|p1a: Tornadus\n|-resisted|p1a: Tornadus\n|-damage|p1a: Tornadus|17\/100\n|-unboost|p2a: Ceruledge|def|1\n|-unboost|p2a: Ceruledge|spd|1\n|move|p1a: Tornadus|Knock Off|p2a: Ceruledge\n|-supereffective|p2a: Ceruledge\n|-damage|p2a: Ceruledge|0 fnt\n|-enditem|p2a: Ceruledge|Choice Band|[from] move: Knock Off|[of] p1a: Tornadus\n|faint|p2a: Ceruledge\n|\n|upkeep\n|\n|t:|1698528658\n|switch|p2a: Glimmora|Glimmora, F|100\/100\n|-damage|p2a: Glimmora|88\/100|[from] Stealth Rock\n|turn|9\n|\n|t:|1698528664\n|switch|p1a: Forretress|Forretress, M, shiny|100\/100\n|move|p2a: Glimmora|Power Gem|p1a: Forretress\n|-damage|p1a: Forretress|44\/100\n|\n|-heal|p1a: Forretress|50\/100|[from] item: Leftovers\n|-sideend|p2: Ceoofbeaners|move: Light Screen\n|upkeep\n|turn|10\n|\n|t:|1698528677\n|move|p2a: Glimmora|Earth Power|p1a: Forretress\n|-damage|p1a: Forretress|3\/100\n|move|p1a: Forretress|Thunder Wave|p2a: Glimmora\n|-status|p2a: Glimmora|par\n|\n|-heal|p1a: Forretress|9\/100|[from] item: Leftovers\n|upkeep\n|turn|11\n|\n|t:|1698528688\n|cant|p2a: Glimmora|par\n|move|p1a: Forretress|Earthquake|p2a: Glimmora\n|-supereffective|p2a: Glimmora\n|-damage|p2a: Glimmora|0 fnt\n|-activate|p2a: Glimmora|ability: Toxic Debris\n|-sidestart|p1: ChickenBoy0909|move: Toxic Spikes\n|faint|p2a: Glimmora\n|\n|-heal|p1a: Forretress|15\/100|[from] item: Leftovers\n|upkeep\n|\n|t:|1698528700\n|switch|p2a: Ogerpon|Ogerpon-Wellspring, F|100\/100\n|-damage|p2a: Ogerpon|88\/100|[from] Stealth Rock\n|turn|12\n|\n|t:|1698528720\n|move|p2a: Ogerpon|Trailblaze|p1a: Forretress\n|-resisted|p1a: Forretress\n|-damage|p1a: Forretress|12\/100\n|-boost|p2a: Ogerpon|spe|1\n|move|p1a: Forretress|Rapid Spin|p2a: Ogerpon\n|-damage|p2a: Ogerpon|74\/100\n|-boost|p1a: Forretress|spe|1\n|-sideend|p1: ChickenBoy0909|Toxic Spikes|[from] move: Rapid Spin|[of] p1a: Forretress\n|\n|-heal|p1a: Forretress|18\/100|[from] item: Leftovers\n|upkeep\n|turn|13\n|c|\u2606ChickenBoy0909|?\n|\n|t:|1698528732\n|move|p2a: Ogerpon|Ivy Cudgel|p1a: Forretress\n|-damage|p1a: Forretress|0 fnt\n|faint|p1a: Forretress\n|\n|upkeep\n|\n|t:|1698528752\n|switch|p1a: Snorlax|Snorlax, M|100\/100\n|turn|14\n|\n|t:|1698528759\n|move|p2a: Ogerpon|Ivy Cudgel|p1a: Snorlax\n|-crit|p1a: Snorlax\n|-damage|p1a: Snorlax|24\/100\n|move|p1a: Snorlax|Curse|p1a: Snorlax\n|-unboost|p1a: Snorlax|spe|1\n|-boost|p1a: Snorlax|atk|1\n|-boost|p1a: Snorlax|def|1\n|\n|-heal|p1a: Snorlax|30\/100|[from] item: Leftovers\n|upkeep\n|turn|15\n|\n|t:|1698528771\n|move|p2a: Ogerpon|Substitute|p2a: Ogerpon\n|-start|p2a: Ogerpon|Substitute\n|-damage|p2a: Ogerpon|49\/100\n|move|p1a: Snorlax|Body Slam|p2a: Ogerpon\n|-end|p2a: Ogerpon|Substitute\n|\n|-heal|p1a: Snorlax|37\/100|[from] item: Leftovers\n|upkeep\n|turn|16\n|\n|t:|1698528781\n|move|p2a: Ogerpon|Ivy Cudgel|p1a: Snorlax\n|-crit|p1a: Snorlax\n|-damage|p1a: Snorlax|0 fnt\n|faint|p1a: Snorlax\n|\n|upkeep\n|\n|t:|1698528801\n|switch|p1a: Tornadus|Tornadus-Therian, M|50\/100\n|turn|17\n|\n|t:|1698528808\n|move|p2a: Ogerpon|Ivy Cudgel|p1a: Tornadus\n|-damage|p1a: Tornadus|0 fnt\n|faint|p1a: Tornadus\n|\n|upkeep\n|\n|t:|1698528811\n|switch|p1a: Rotom|Rotom-Heat|47\/100\n|turn|18\n|\n|t:|1698528827\n|move|p2a: Ogerpon|Ivy Cudgel|p1a: Rotom\n|-supereffective|p1a: Rotom\n|-damage|p1a: Rotom|0 fnt\n|faint|p1a: Rotom\n|\n|upkeep\n|\n|t:|1698528830\n|switch|p1a: Iron Bundle|Iron Bundle|100\/100\n|turn|19\n|\n|t:|1698528845\n|move|p2a: Ogerpon|Play Rough|p1a: Iron Bundle\n|-damage|p1a: Iron Bundle|59\/100\n|-unboost|p1a: Iron Bundle|atk|1\n|move|p1a: Iron Bundle|Freeze-Dry|p2a: Ogerpon\n|-supereffective|p2a: Ogerpon\n|-damage|p2a: Ogerpon|0 fnt\n|faint|p2a: Ogerpon\n|\n|upkeep\n|\n|t:|1698528855\n|switch|p2a: Klefki|Klefki, M|98\/100 par\n|-damage|p2a: Klefki|92\/100 par|[from] Stealth Rock\n|turn|20\n|\n|t:|1698528861\n|-end|p1a: Iron Bundle|Quark Drive|[silent]\n|switch|p1a: Garchomp|Garchomp, F|100\/100\n|move|p2a: Klefki|Light Screen|p2a: Klefki\n|-sidestart|p2: Ceoofbeaners|move: Light Screen\n|\n|upkeep\n|turn|21\n|\n|t:|1698528874\n|move|p2a: Klefki|Spikes|p1a: Garchomp\n|-sidestart|p1: ChickenBoy0909|Spikes\n|move|p1a: Garchomp|Spikes|p2a: Klefki\n|-sidestart|p2: Ceoofbeaners|Spikes\n|\n|upkeep\n|turn|22\n|\n|t:|1698528879\n|move|p2a: Klefki|Spikes|p1a: Garchomp\n|-sidestart|p1: ChickenBoy0909|Spikes\n|move|p1a: Garchomp|Dragon Tail|p2a: Klefki\n|-immune|p2a: Klefki\n|\n|upkeep\n|turn|23\n|\n|t:|1698528891\n|move|p2a: Klefki|Spikes|p1a: Garchomp\n|-sidestart|p1: ChickenBoy0909|Spikes\n|move|p1a: Garchomp|Earthquake|p2a: Klefki\n|-supereffective|p2a: Klefki\n|-damage|p2a: Klefki|14\/100 par\n|\n|upkeep\n|turn|24\n|\n|t:|1698528897\n|move|p1a: Garchomp|Earthquake|p2a: Klefki\n|-supereffective|p2a: Klefki\n|-damage|p2a: Klefki|0 fnt\n|faint|p2a: Klefki\n|\n|upkeep\n|\n|t:|1698528903\n|switch|p2a: Arboliva|Arboliva, F|100\/100\n|-damage|p2a: Arboliva|88\/100|[from] Stealth Rock\n|-damage|p2a: Arboliva|75\/100|[from] Spikes\n|turn|25\n|\n|t:|1698528915\n|move|p2a: Arboliva|Giga Drain|p1a: Garchomp\n|-damage|p1a: Garchomp|72\/100\n|-heal|p2a: Arboliva|92\/100|[from] drain|[of] p1a: Garchomp\n|move|p1a: Garchomp|Dragon Tail|p2a: Arboliva\n|-damage|p2a: Arboliva|65\/100\n|-fieldstart|move: Grassy Terrain|[from] ability: Seed Sower|[of] p2a: Arboliva\n|drag|p2a: Landorus|Landorus-Therian, M|100\/100\n|-damage|p2a: Landorus|88\/100|[from] Stealth Rock\n|-ability|p2a: Landorus|Intimidate|boost\n|-unboost|p1a: Garchomp|atk|1\n|\n|-heal|p1a: Garchomp|78\/100|[from] Grassy Terrain\n|upkeep\n|turn|26\n|\n|t:|1698528931\n|move|p1a: Garchomp|Spikes|p2a: Landorus\n|-sidestart|p2: Ceoofbeaners|Spikes\n|move|p2a: Landorus|Earthquake|p1a: Garchomp\n|-damage|p1a: Garchomp|54\/100\n|\n|-heal|p1a: Garchomp|60\/100|[from] Grassy Terrain\n|upkeep\n|turn|27\n|\n|t:|1698528939\n|move|p1a: Garchomp|Spikes|p2a: Landorus\n|-sidestart|p2: Ceoofbeaners|Spikes\n|move|p2a: Landorus|Earthquake|p1a: Garchomp\n|-damage|p1a: Garchomp|37\/100\n|\n|-heal|p1a: Garchomp|43\/100|[from] Grassy Terrain\n|-sideend|p2: Ceoofbeaners|move: Light Screen\n|upkeep\n|turn|28\n|\n|t:|1698528952\n|move|p2a: Landorus|Rock Slide|p1a: Garchomp\n|-resisted|p1a: Garchomp\n|-damage|p1a: Garchomp|31\/100\n|move|p1a: Garchomp|Dragon Tail|p2a: Landorus\n|-damage|p2a: Landorus|68\/100\n|drag|p2a: Arboliva|Arboliva, F|65\/100\n|-damage|p2a: Arboliva|53\/100|[from] Stealth Rock\n|-damage|p2a: Arboliva|28\/100|[from] Spikes\n|\n|-heal|p1a: Garchomp|37\/100|[from] Grassy Terrain\n|-heal|p2a: Arboliva|34\/100|[from] Grassy Terrain\n|upkeep\n|turn|29\n|\n|t:|1698528969\n|move|p1a: Garchomp|Poison Jab|p2a: Arboliva\n|-supereffective|p2a: Arboliva\n|-damage|p2a: Arboliva|1\/100\n|-status|p2a: Arboliva|psn\n|move|p2a: Arboliva|Giga Drain|p1a: Garchomp\n|-damage|p1a: Garchomp|0 fnt\n|-heal|p2a: Arboliva|23\/100 psn|[from] drain|[of] p1a: Garchomp\n|faint|p1a: Garchomp\n|\n|-heal|p2a: Arboliva|29\/100 psn|[from] Grassy Terrain\n|-damage|p2a: Arboliva|16\/100 psn|[from] psn\n|-fieldend|move: Grassy Terrain\n|upkeep\n|\n|t:|1698528980\n|switch|p1a: Iron Bundle|Iron Bundle|59\/100\n|-damage|p1a: Iron Bundle|34\/100|[from] Spikes\n|turn|30\n|\n|t:|1698528988\n|move|p1a: Iron Bundle|Ice Beam|p2a: Arboliva\n|-supereffective|p2a: Arboliva\n|-enditem|p2a: Arboliva|Yache Berry|[eat]\n|-enditem|p2a: Arboliva|Yache Berry|[weaken]\n|-damage|p2a: Arboliva|0 fnt\n|-fieldstart|move: Grassy Terrain|[from] ability: Seed Sower|[of] p2a: Arboliva\n|faint|p2a: Arboliva\n|\n|-heal|p1a: Iron Bundle|40\/100|[from] Grassy Terrain\n|upkeep\n|\n|t:|1698528998\n|switch|p2a: Landorus|Landorus-Therian, M|68\/100\n|-damage|p2a: Landorus|55\/100|[from] Stealth Rock\n|-ability|p2a: Landorus|Intimidate|boost\n|-unboost|p1a: Iron Bundle|atk|1\n|turn|31\n|\n|t:|1698529005\n|move|p1a: Iron Bundle|Ice Beam|p2a: Landorus\n|-supereffective|p2a: Landorus\n|-damage|p2a: Landorus|0 fnt\n|faint|p2a: Landorus\n|\n|win|ChickenBoy0909\n","uploadtime":1698529011,"views":14,"p1id":"chickenboy0909","p2id":"ceoofbeaners","formatid":"gen9anythinggoes","rating":0,"private":0,"password":""}