{"id":"gen9anythinggoes-1982762943","p1":"Wixu","p2":"NiszczycielJaj1","format":"[Gen 9] Anything Goes","log":"|j|\u2606Wixu\n|j|\u2606NiszczycielJaj1\n|t:|1699042543\n|gametype|singles\n|player|p1|Wixu|265|\n|player|p2|NiszczycielJaj1|gentleman-gen4|\n|teamsize|p1|6\n|teamsize|p2|6\n|gen|9\n|tier|[Gen 9] Anything Goes\n|rule|HP Percentage Mod: HP is shown in percentages\n|rule|Endless Battle Clause: Forcing endless battles is banned\n|clearpoke\n|poke|p1|Moltres-Galar|\n|poke|p1|Grimmsnarl, M|\n|poke|p1|Gyarados, M|\n|poke|p1|Ceruledge, M|\n|poke|p1|Coalossal, M|\n|poke|p1|Goodra-Hisui, F|\n|poke|p2|Zapdos|\n|poke|p2|Slowbro-Galar, F|\n|poke|p2|Heracross, F|\n|poke|p2|Sylveon, F|\n|poke|p2|Kingambit, F|\n|poke|p2|Garchomp, M|\n|teampreview\n|j| TanPadeusz\n|\n|t:|1699042564\n|start\n|switch|p1a: Goodra|Goodra-Hisui, F|100\/100\n|switch|p2a: Moxr34|Heracross, F|100\/100\n|turn|1\n|\n|t:|1699042578\n|move|p2a: Moxr34|Earthquake|p1a: Goodra\n|-supereffective|p1a: Goodra\n|-damage|p1a: Goodra|18\/100\n|-enditem|p1a: Goodra|Aguav Berry|[eat]\n|-heal|p1a: Goodra|51\/100|[from] item: Aguav Berry\n|-start|p1a: Goodra|confusion\n|-activate|p1a: Goodra|confusion\n|-damage|p1a: Goodra|38\/100|[from] confusion\n|\n|upkeep\n|turn|2\n|\n|t:|1699042589\n|move|p2a: Moxr34|Close Combat|p1a: Goodra\n|-supereffective|p1a: Goodra\n|-damage|p1a: Goodra|0 fnt\n|-unboost|p2a: Moxr34|def|1\n|-unboost|p2a: Moxr34|spd|1\n|faint|p1a: Goodra\n|-ability|p2a: Moxr34|Moxie|boost\n|-boost|p2a: Moxr34|atk|1\n|\n|upkeep\n|\n|t:|1699042600\n|switch|p1a: Grimmsnarl|Grimmsnarl, M|100\/100\n|turn|3\n|\n|t:|1699042607\n|move|p2a: Moxr34|Earthquake|p1a: Grimmsnarl\n|-damage|p1a: Grimmsnarl|22\/100\n|move|p1a: Grimmsnarl|Leech Life|p2a: Moxr34\n|-resisted|p2a: Moxr34\n|-damage|p2a: Moxr34|69\/100\n|-heal|p1a: Grimmsnarl|37\/100|[from] drain|[of] p2a: Moxr34\n|\n|-heal|p2a: Moxr34|75\/100|[from] item: Leftovers\n|upkeep\n|turn|4\n|\n|t:|1699042618\n|-terastallize|p1a: Grimmsnarl|Dark\n|move|p2a: Moxr34|Close Combat|p1a: Grimmsnarl\n|-supereffective|p1a: Grimmsnarl\n|-crit|p1a: Grimmsnarl\n|-damage|p1a: Grimmsnarl|0 fnt\n|-unboost|p2a: Moxr34|def|1\n|-unboost|p2a: Moxr34|spd|1\n|faint|p1a: Grimmsnarl\n|-ability|p2a: Moxr34|Moxie|boost\n|-boost|p2a: Moxr34|atk|1\n|\n|-heal|p2a: Moxr34|81\/100|[from] item: Leftovers\n|upkeep\n|\n|t:|1699042634\n|switch|p1a: Coalossal|Coalossal, M|100\/100\n|turn|5\n|\n|t:|1699042641\n|move|p2a: Moxr34|Close Combat|p1a: Coalossal\n|-supereffective|p1a: Coalossal\n|-damage|p1a: Coalossal|0 fnt\n|-unboost|p2a: Moxr34|def|1\n|-unboost|p2a: Moxr34|spd|1\n|faint|p1a: Coalossal\n|-ability|p2a: Moxr34|Moxie|boost\n|-boost|p2a: Moxr34|atk|1\n|\n|-heal|p2a: Moxr34|87\/100|[from] item: Leftovers\n|upkeep\n|\n|t:|1699042661\n|switch|p1a: Ceruledge|Ceruledge, M|100\/100\n|turn|6\n|\n|t:|1699042670\n|move|p1a: Ceruledge|Flare Blitz|p2a: Moxr34\n|-supereffective|p2a: Moxr34\n|-damage|p2a: Moxr34|0 fnt\n|faint|p2a: Moxr34\n|-damage|p1a: Ceruledge|71\/100|[from] Recoil\n|\n|upkeep\n|\n|t:|1699042680\n|switch|p2a: Miko\u0142aj|Sylveon, F|100\/100\n|turn|7\n|\n|t:|1699042687\n|move|p1a: Ceruledge|Flare Blitz|p2a: Miko\u0142aj\n|-damage|p2a: Miko\u0142aj|25\/100\n|-start|p1a: Ceruledge|Attract|[from] ability: Cute Charm|[of] p2a: Miko\u0142aj\n|-damage|p1a: Ceruledge|40\/100|[from] Recoil\n|move|p2a: Miko\u0142aj|Psychic|p1a: Ceruledge\n|-damage|p1a: Ceruledge|2\/100\n|\n|upkeep\n|turn|8\n|\n|t:|1699042697\n|-activate|p1a: Ceruledge|move: Attract|[of] p2a: Miko\u0142aj\n|cant|p1a: Ceruledge|Attract\n|move|p2a: Miko\u0142aj|Draining Kiss|p1a: Ceruledge\n|-resisted|p1a: Ceruledge\n|-crit|p1a: Ceruledge\n|-damage|p1a: Ceruledge|0 fnt\n|-heal|p2a: Miko\u0142aj|26\/100|[from] drain|[of] p1a: Ceruledge\n|faint|p1a: Ceruledge\n|\n|upkeep\n|\n|t:|1699042705\n|switch|p1a: Gyarados|Gyarados, M|100\/100\n|turn|9\n|\n|t:|1699042715\n|move|p1a: Gyarados|Water Pulse|p2a: Miko\u0142aj\n|-damage|p2a: Miko\u0142aj|17\/100\n|-start|p2a: Miko\u0142aj|confusion\n|-activate|p2a: Miko\u0142aj|confusion\n|move|p2a: Miko\u0142aj|Draining Kiss|p1a: Gyarados\n|-damage|p1a: Gyarados|76\/100\n|-heal|p2a: Miko\u0142aj|34\/100|[from] drain|[of] p1a: Gyarados\n|\n|upkeep\n|turn|10\n|c| TanPadeusz|fr\n|\n|t:|1699042725\n|switch|p2a: Zapdos|Zapdos|100\/100\n|move|p1a: Gyarados|Earthquake|p2a: Zapdos\n|-immune|p2a: Zapdos\n|\n|upkeep\n|turn|11\n|\n|t:|1699042732\n|move|p2a: Zapdos|Wild Charge|p1a: Gyarados\n|-supereffective|p1a: Gyarados\n|-damage|p1a: Gyarados|0 fnt\n|faint|p1a: Gyarados\n|-damage|p2a: Zapdos|81\/100|[from] Recoil\n|-damage|p2a: Zapdos|71\/100|[from] item: Life Orb\n|\n|upkeep\n|\n|t:|1699042741\n|switch|p1a: Moltres|Moltres-Galar|100\/100\n|turn|12\n|\n|t:|1699042751\n|move|p2a: Zapdos|Wild Charge|p1a: Moltres\n|-supereffective|p1a: Moltres\n|-damage|p1a: Moltres|0 fnt\n|faint|p1a: Moltres\n|-damage|p2a: Zapdos|46\/100|[from] Recoil\n|-damage|p2a: Zapdos|36\/100|[from] item: Life Orb\n|\n|win|NiszczycielJaj1\n","uploadtime":1699042761,"views":6,"p1id":"wixu","p2id":"niszczycieljaj1","formatid":"gen9anythinggoes","rating":0,"private":0,"password":""}