{"id":"gen9anythinggoes-1994661172","p1":"MrBoxhill","p2":"tftff","format":"[Gen 9] Anything Goes","log":"|j|\u2606MrBoxhill\n|j|\u2606tftff\n|t:|1700477209\n|gametype|singles\n|player|p1|MrBoxhill|riley|1110\n|player|p2|tftff|265|1000\n|teamsize|p1|6\n|teamsize|p2|6\n|gen|9\n|tier|[Gen 9] Anything Goes\n|rated|\n|rule|HP Percentage Mod: HP is shown in percentages\n|rule|Endless Battle Clause: Forcing endless battles is banned\n|clearpoke\n|poke|p1|Maushold-Four|\n|poke|p1|Flutter Mane|\n|poke|p1|Miraidon|\n|poke|p1|Rabsca, M|\n|poke|p1|Garganacl, F|\n|poke|p1|Houndstone, M|\n|poke|p2|Glimmora, F|\n|poke|p2|Ceruledge, F|\n|poke|p2|Kingambit, M|\n|poke|p2|Breloom, M|\n|poke|p2|Greninja-*, M|\n|poke|p2|Maushold-Four|\n|teampreview\n|\n|t:|1700477212\n|start\n|switch|p1a: Maushold|Maushold-Four|100\/100\n|switch|p2a: Glimmora|Glimmora, F|100\/100\n|turn|1\n|inactive|Battle timer is ON: inactive players will automatically lose when time's up. (requested by MrBoxhill)\n|\n|t:|1700477227\n|move|p1a: Maushold|Tidy Up|p1a: Maushold\n|-boost|p1a: Maushold|atk|1\n|-boost|p1a: Maushold|spe|1\n|move|p2a: Glimmora|Power Gem|p1a: Maushold\n|-damage|p1a: Maushold|29\/100\n|-damage|p2a: Glimmora|91\/100|[from] item: Life Orb\n|\n|upkeep\n|turn|2\n|\n|t:|1700477242\n|move|p1a: Maushold|Baton Pass|p1a: Maushold\n|\n|t:|1700477244\n|switch|p1a: SSSReplacement|Garganacl, F, shiny|100\/100|[from] Baton Pass\n|move|p2a: Glimmora|Power Gem|p1a: SSSReplacement\n|-damage|p1a: SSSReplacement|69\/100\n|-damage|p2a: Glimmora|81\/100|[from] item: Life Orb\n|\n|-heal|p1a: SSSReplacement|75\/100|[from] item: Leftovers\n|upkeep\n|turn|3\n|\n|t:|1700477254\n|move|p2a: Glimmora|Earth Power|p1a: SSSReplacement\n|-supereffective|p1a: SSSReplacement\n|-damage|p1a: SSSReplacement|32\/100\n|-damage|p2a: Glimmora|71\/100|[from] item: Life Orb\n|move|p1a: SSSReplacement|Iron Defense|p1a: SSSReplacement\n|-boost|p1a: SSSReplacement|def|2\n|\n|-heal|p1a: SSSReplacement|38\/100|[from] item: Leftovers\n|upkeep\n|turn|4\n|\n|t:|1700477264\n|move|p2a: Glimmora|Earth Power|p1a: SSSReplacement\n|-supereffective|p1a: SSSReplacement\n|-damage|p1a: SSSReplacement|0 fnt\n|faint|p1a: SSSReplacement\n|-damage|p2a: Glimmora|61\/100|[from] item: Life Orb\n|\n|upkeep\n|\n|t:|1700477268\n|switch|p1a: Flutter Mane|Flutter Mane, shiny|100\/100\n|turn|5\n|\n|t:|1700477280\n|move|p1a: Flutter Mane|Psyshock|p2a: Glimmora\n|-supereffective|p2a: Glimmora\n|-damage|p2a: Glimmora|0 fnt\n|faint|p2a: Glimmora\n|-damage|p1a: Flutter Mane|91\/100|[from] item: Life Orb\n|\n|upkeep\n|\n|t:|1700477295\n|switch|p2a: Greninja|Greninja, M|100\/100\n|turn|6\n|\n|t:|1700477302\n|move|p1a: Flutter Mane|Moonblast|p2a: Greninja\n|-supereffective|p2a: Greninja\n|-damage|p2a: Greninja|0 fnt\n|faint|p2a: Greninja\n|-damage|p1a: Flutter Mane|81\/100|[from] item: Life Orb\n|\n|upkeep\n|\n|t:|1700477313\n|switch|p2a: Ceruledge|Ceruledge, F|100\/100\n|turn|7\n|\n|t:|1700477320\n|-terastallize|p2a: Ceruledge|Fire\n|move|p1a: Flutter Mane|Shadow Ball|p2a: Ceruledge\n|-damage|p2a: Ceruledge|33\/100\n|-damage|p1a: Flutter Mane|71\/100|[from] item: Life Orb\n|move|p2a: Ceruledge|Bitter Blade|p1a: Flutter Mane\n|-damage|p1a: Flutter Mane|0 fnt\n|-heal|p2a: Ceruledge|71\/100|[from] drain|[of] p1a: Flutter Mane\n|faint|p1a: Flutter Mane\n|-end|p1a: Flutter Mane|Protosynthesis|[silent]\n|\n|upkeep\n|\n|t:|1700477325\n|switch|p1a: DeMarco|Miraidon|100\/100\n|-fieldstart|move: Electric Terrain|[from] ability: Hadron Engine|[of] p1a: DeMarco\n|turn|8\n|\n|t:|1700477339\n|move|p1a: DeMarco|Electro Drift|p2a: Ceruledge\n|-damage|p2a: Ceruledge|0 fnt\n|faint|p2a: Ceruledge\n|\n|upkeep\n|\n|t:|1700477347\n|switch|p2a: Breloom|Breloom, M|100\/100\n|turn|9\n|\n|t:|1700477352\n|move|p1a: DeMarco|Electro Drift|p2a: Breloom\n|-resisted|p2a: Breloom\n|-damage|p2a: Breloom|21\/100\n|move|p2a: Breloom|Toxic|p1a: DeMarco\n|-status|p1a: DeMarco|tox\n|\n|-damage|p1a: DeMarco|94\/100 tox|[from] psn\n|upkeep\n|turn|10\n|\n|t:|1700477363\n|move|p1a: DeMarco|Electro Drift|p2a: Breloom\n|-resisted|p2a: Breloom\n|-damage|p2a: Breloom|0 fnt\n|faint|p2a: Breloom\n|\n|-damage|p1a: DeMarco|82\/100 tox|[from] psn\n|upkeep\n|\n|t:|1700477373\n|switch|p2a: Maushold|Maushold-Four|100\/100\n|turn|11\n|\n|t:|1700477381\n|move|p1a: DeMarco|Electro Drift|p2a: Maushold\n|-damage|p2a: Maushold|0 fnt\n|faint|p2a: Maushold\n|\n|-damage|p1a: DeMarco|64\/100 tox|[from] psn\n|upkeep\n|\n|t:|1700477389\n|switch|p2a: Kingambit|Kingambit, M, shiny|100\/100\n|-activate|p2a: Kingambit|ability: Supreme Overlord\n|-start|p2a: Kingambit|fallen5|[silent]\n|turn|12\n|\n|t:|1700477396\n|move|p1a: DeMarco|Electro Drift|p2a: Kingambit\n|-damage|p2a: Kingambit|8\/100\n|move|p2a: Kingambit|Substitute|p2a: Kingambit\n|-fail|p2a: Kingambit|move: Substitute|[weak]\n|\n|-heal|p2a: Kingambit|14\/100|[from] item: Leftovers\n|-damage|p1a: DeMarco|39\/100 tox|[from] psn\n|-fieldend|move: Electric Terrain\n|upkeep\n|turn|13\n|\n|t:|1700477406\n|move|p1a: DeMarco|Electro Drift|p2a: Kingambit\n|-damage|p2a: Kingambit|0 fnt\n|faint|p2a: Kingambit\n|-end|p2a: Kingambit|fallen5|[silent]\n|\n|win|MrBoxhill\n|raw|MrBoxhill's rating: 1136 &rarr; <strong>1152<\/strong><br \/>(+16 for winning)\n|raw|tftff's rating: 1000 &rarr; <strong>1000<\/strong><br \/>(+0 for losing)\n","uploadtime":1700477411,"views":1,"p1id":"mrboxhill","p2id":"tftff","formatid":"gen9anythinggoes","rating":1000,"private":0,"password":""}