{"id":"gen9anythinggoes-1986541063","p1":"Kempachi_Sama","p2":"kefrlijfidj","format":"[Gen 9] Anything Goes","log":"|j|\u2606Kempachi_Sama\n|j|\u2606kefrlijfidj\n|t:|1699489880\n|gametype|singles\n|player|p1|Kempachi_Sama|boarder|1237\n|player|p2|kefrlijfidj|2|1164\n|teamsize|p1|6\n|teamsize|p2|6\n|gen|9\n|tier|[Gen 9] Anything Goes\n|rated|\n|rule|HP Percentage Mod: HP is shown in percentages\n|rule|Endless Battle Clause: Forcing endless battles is banned\n|clearpoke\n|poke|p1|Clefable, M|\n|poke|p1|Dragapult, F|\n|poke|p1|Scizor, M|\n|poke|p1|Cinderace, M|\n|poke|p1|Corviknight, M|\n|poke|p1|Blissey, F|\n|poke|p2|Palafin, F|\n|poke|p2|Ogerpon-Hearthflame, F|\n|poke|p2|Roaring Moon|\n|poke|p2|Gholdengo|\n|poke|p2|Miraidon|\n|poke|p2|Kingambit, F|\n|teampreview\n|inactive|Battle timer is ON: inactive players will automatically lose when time's up. (requested by Kempachi_Sama)\n|\n|t:|1699489884\n|start\n|switch|p1a: Clefable|Clefable, M|100\/100\n|switch|p2a: Palafin|Palafin, F, shiny|100\/100\n|turn|1\n|\n|t:|1699489888\n|move|p2a: Palafin|Flip Turn|p1a: Clefable\n|-damage|p1a: Clefable|82\/100\n|\n|t:|1699489892\n|detailschange|p2a: Palafin|Palafin-Hero, F, shiny\n|switch|p2a: Miraidon|Miraidon|100\/100|[from] Flip Turn\n|-fieldstart|move: Electric Terrain|[from] ability: Hadron Engine|[of] p2a: Miraidon\n|move|p1a: Clefable|Cosmic Power|p1a: Clefable\n|-boost|p1a: Clefable|def|1\n|-boost|p1a: Clefable|spd|1\n|\n|upkeep\n|turn|2\n|\n|t:|1699489901\n|move|p2a: Miraidon|Electro Drift|p1a: Clefable\n|-damage|p1a: Clefable|0 fnt\n|faint|p1a: Clefable\n|\n|upkeep\n|\n|t:|1699489909\n|switch|p1a: Dragapult|Dragapult, F|100\/100\n|turn|3\n|\n|t:|1699489912\n|-terastallize|p1a: Dragapult|Dark\n|move|p1a: Dragapult|Dragon Darts|p2a: Miraidon\n|-supereffective|p2a: Miraidon\n|-crit|p2a: Miraidon\n|-damage|p2a: Miraidon|13\/100\n|-anim|p1a: Dragapult|Dragon Darts|p2a: Miraidon\n|-supereffective|p2a: Miraidon\n|-damage|p2a: Miraidon|0 fnt\n|faint|p2a: Miraidon\n|\n|upkeep\n|\n|t:|1699489921\n|switch|p2a: Roaring Moon|Roaring Moon, shiny|100\/100\n|-enditem|p2a: Roaring Moon|Booster Energy\n|-activate|p2a: Roaring Moon|ability: Protosynthesis|[fromitem]\n|-start|p2a: Roaring Moon|protosynthesisspe\n|turn|4\n|\n|t:|1699489936\n|switch|p1a: Blissey|Blissey, F|100\/100\n|-terastallize|p2a: Roaring Moon|Flying\n|move|p2a: Roaring Moon|Acrobatics|p1a: Blissey\n|-damage|p1a: Blissey|0 fnt\n|-damage|p2a: Roaring Moon|84\/100|[from] item: Rocky Helmet|[of] p1a: Blissey\n|faint|p1a: Blissey\n|\n|upkeep\n|\n|t:|1699489947\n|switch|p1a: Cinderace|Cinderace, M|100\/100\n|turn|5\n|\n|t:|1699489951\n|move|p2a: Roaring Moon|Acrobatics|p1a: Cinderace\n|-damage|p1a: Cinderace|15\/100\n|move|p1a: Cinderace|Trailblaze|p2a: Roaring Moon\n|-start|p1a: Cinderace|typechange|Grass|[from] ability: Libero\n|-resisted|p2a: Roaring Moon\n|-damage|p2a: Roaring Moon|67\/100\n|-boost|p1a: Cinderace|spe|1\n|\n|-fieldend|move: Electric Terrain\n|upkeep\n|turn|6\n|\n|t:|1699489961\n|move|p2a: Roaring Moon|Acrobatics|p1a: Cinderace\n|-supereffective|p1a: Cinderace\n|-damage|p1a: Cinderace|0 fnt\n|faint|p1a: Cinderace\n|\n|upkeep\n|\n|t:|1699489971\n|switch|p1a: Corviknight|Corviknight, M|100\/100\n|turn|7\n|\n|t:|1699489978\n|move|p2a: Roaring Moon|Dragon Dance|p2a: Roaring Moon\n|-boost|p2a: Roaring Moon|atk|1\n|-boost|p2a: Roaring Moon|spe|1\n|move|p1a: Corviknight|Iron Defense|p1a: Corviknight\n|-boost|p1a: Corviknight|def|2\n|\n|upkeep\n|turn|8\n|\n|t:|1699489984\n|move|p2a: Roaring Moon|Dragon Dance|p2a: Roaring Moon\n|-boost|p2a: Roaring Moon|atk|1\n|-boost|p2a: Roaring Moon|spe|1\n|move|p1a: Corviknight|Iron Defense|p1a: Corviknight\n|-boost|p1a: Corviknight|def|2\n|\n|upkeep\n|turn|9\n|\n|t:|1699489991\n|move|p2a: Roaring Moon|Earthquake|p1a: Corviknight\n|-immune|p1a: Corviknight\n|move|p1a: Corviknight|Iron Defense|p1a: Corviknight\n|-boost|p1a: Corviknight|def|2\n|\n|upkeep\n|turn|10\n|\n|t:|1699489996\n|move|p2a: Roaring Moon|Knock Off|p1a: Corviknight\n|-damage|p1a: Corviknight|81\/100\n|-damage|p2a: Roaring Moon|51\/100|[from] item: Rocky Helmet|[of] p1a: Corviknight\n|-enditem|p1a: Corviknight|Rocky Helmet|[from] move: Knock Off|[of] p2a: Roaring Moon\n|move|p1a: Corviknight|Body Press|p2a: Roaring Moon\n|-resisted|p2a: Roaring Moon\n|-damage|p2a: Roaring Moon|0 fnt\n|faint|p2a: Roaring Moon\n|-end|p2a: Roaring Moon|Protosynthesis|[silent]\n|\n|upkeep\n|\n|t:|1699490007\n|switch|p2a: Gholdengo|Gholdengo, shiny|100\/100\n|turn|11\n|\n|t:|1699490027\n|switch|p1a: Scizor|Scizor, M|100\/100\n|move|p2a: Gholdengo|Trick|p1a: Scizor\n|-activate|p2a: Gholdengo|move: Trick|[of] p1a: Scizor\n|-item|p1a: Scizor|Choice Scarf|[from] move: Trick\n|-item|p2a: Gholdengo|Focus Sash|[from] move: Trick\n|\n|upkeep\n|turn|12\n|\n|t:|1699490040\n|move|p1a: Scizor|Bullet Punch|p2a: Gholdengo\n|-resisted|p2a: Gholdengo\n|-damage|p2a: Gholdengo|82\/100\n|move|p2a: Gholdengo|Focus Blast|p1a: Scizor|[miss]\n|-miss|p2a: Gholdengo|p1a: Scizor\n|\n|upkeep\n|turn|13\n|\n|t:|1699490046\n|move|p1a: Scizor|Bullet Punch|p2a: Gholdengo\n|-resisted|p2a: Gholdengo\n|-damage|p2a: Gholdengo|64\/100\n|move|p2a: Gholdengo|Focus Blast|p1a: Scizor|[miss]\n|-miss|p2a: Gholdengo|p1a: Scizor\n|\n|upkeep\n|turn|14\n|\n|t:|1699490051\n|move|p1a: Scizor|Bullet Punch|p2a: Gholdengo\n|-resisted|p2a: Gholdengo\n|-damage|p2a: Gholdengo|48\/100\n|move|p2a: Gholdengo|Focus Blast|p1a: Scizor\n|-damage|p1a: Scizor|43\/100\n|-unboost|p1a: Scizor|spd|1\n|\n|upkeep\n|turn|15\n|\n|t:|1699490058\n|move|p1a: Scizor|Bullet Punch|p2a: Gholdengo\n|-resisted|p2a: Gholdengo\n|-damage|p2a: Gholdengo|31\/100\n|move|p2a: Gholdengo|Focus Blast|p1a: Scizor|[miss]\n|-miss|p2a: Gholdengo|p1a: Scizor\n|\n|upkeep\n|turn|16\n|\n|t:|1699490064\n|move|p1a: Scizor|Bullet Punch|p2a: Gholdengo\n|-resisted|p2a: Gholdengo\n|-damage|p2a: Gholdengo|13\/100\n|move|p2a: Gholdengo|Focus Blast|p1a: Scizor|[miss]\n|-miss|p2a: Gholdengo|p1a: Scizor\n|\n|upkeep\n|turn|17\n|c|\u2606Kempachi_Sama|bro lol\n|\n|t:|1699490072\n|move|p1a: Scizor|Bullet Punch|p2a: Gholdengo\n|-resisted|p2a: Gholdengo\n|-damage|p2a: Gholdengo|0 fnt\n|faint|p2a: Gholdengo\n|\n|upkeep\n|inactive|kefrlijfidj has 120 seconds left.\n|\n|t:|1699490118\n|switch|p2a: Kingambit|Kingambit, F, shiny|100\/100\n|-activate|p2a: Kingambit|ability: Supreme Overlord\n|-start|p2a: Kingambit|fallen3|[silent]\n|turn|18\n|\n|t:|1699490138\n|move|p1a: Scizor|Bullet Punch|p2a: Kingambit\n|-resisted|p2a: Kingambit\n|-damage|p2a: Kingambit|89\/100\n|move|p2a: Kingambit|Kowtow Cleave|p1a: Scizor\n|-damage|p1a: Scizor|0 fnt\n|faint|p1a: Scizor\n|\n|upkeep\n|\n|t:|1699490144\n|switch|p1a: Corviknight|Corviknight, M|81\/100\n|turn|19\n|\n|t:|1699490146\n|move|p1a: Corviknight|Iron Defense|p1a: Corviknight\n|-boost|p1a: Corviknight|def|2\n|move|p2a: Kingambit|Kowtow Cleave|p1a: Corviknight\n|-damage|p1a: Corviknight|61\/100\n|\n|upkeep\n|turn|20\n|inactive|kefrlijfidj has 120 seconds left.\n|\n|t:|1699490156\n|-end|p2a: Kingambit|fallen3|[silent]\n|switch|p2a: Ditt0|Ogerpon-Hearthflame, F|100\/100\n|-ability|p2a: Ditt0|Mold Breaker\n|move|p1a: Corviknight|Iron Defense|p1a: Corviknight\n|-boost|p1a: Corviknight|def|2\n|\n|upkeep\n|turn|21\n|\n|t:|1699490163\n|switch|p2a: Palafin|Palafin-Hero, F, shiny|100\/100\n|-activate|p2a: Palafin|ability: Zero to Hero\n|move|p1a: Corviknight|Body Press|p2a: Palafin\n|-damage|p2a: Palafin|14\/100\n|\n|upkeep\n|turn|22\n|\n|t:|1699490177\n|move|p2a: Palafin|Close Combat|p1a: Corviknight\n|-damage|p1a: Corviknight|50\/100\n|-unboost|p2a: Palafin|def|1\n|-unboost|p2a: Palafin|spd|1\n|move|p1a: Corviknight|Body Press|p2a: Palafin\n|-damage|p2a: Palafin|0 fnt\n|faint|p2a: Palafin\n|\n|upkeep\n|\n|t:|1699490186\n|switch|p2a: Kingambit|Kingambit, F, shiny|89\/100\n|-activate|p2a: Kingambit|ability: Supreme Overlord\n|-start|p2a: Kingambit|fallen4|[silent]\n|turn|23\n|\n|t:|1699490191\n|move|p1a: Corviknight|Roost|p1a: Corviknight\n|-heal|p1a: Corviknight|99\/100\n|-singleturn|p1a: Corviknight|move: Roost\n|move|p2a: Kingambit|Kowtow Cleave|p1a: Corviknight\n|-damage|p1a: Corviknight|85\/100\n|\n|upkeep\n|turn|24\n|\n|t:|1699490201\n|move|p1a: Corviknight|Body Press|p2a: Kingambit\n|-supereffective|p2a: Kingambit\n|-damage|p2a: Kingambit|0 fnt\n|faint|p2a: Kingambit\n|-end|p2a: Kingambit|fallen4|[silent]\n|\n|upkeep\n|\n|t:|1699490206\n|switch|p2a: Ditt0|Ogerpon-Hearthflame, F|100\/100\n|-ability|p2a: Ditt0|Mold Breaker\n|turn|25\n|\n|t:|1699490211\n|move|p2a: Ditt0|Ivy Cudgel|p1a: Corviknight\n|-supereffective|p1a: Corviknight\n|-damage|p1a: Corviknight|53\/100\n|move|p1a: Corviknight|Body Press|p2a: Ditt0\n|-damage|p2a: Ditt0|0 fnt\n|faint|p2a: Ditt0\n|\n|win|Kempachi_Sama\n|raw|Kempachi_Sama's rating: 1237 &rarr; <strong>1257<\/strong><br \/>(+20 for winning)\n|raw|kefrlijfidj's rating: 1164 &rarr; <strong>1144<\/strong><br \/>(-20 for losing)\n","uploadtime":1699490387,"views":4,"p1id":"kempachisama","p2id":"kefrlijfidj","formatid":"gen9anythinggoes","rating":1144,"private":0,"password":""}