{"id":"gen9anythinggoes-1986089230","p1":"ken321","p2":"Wirecyte","format":"[Gen 9] Anything Goes","log":"|j|\u2606ken321\n|j|\u2606Wirecyte\n|t:|1699448871\n|gametype|singles\n|player|p1|ken321|steven|1000\n|player|p2|Wirecyte|roxie|1029\n|teamsize|p1|6\n|teamsize|p2|6\n|gen|9\n|tier|[Gen 9] Anything Goes\n|rated|\n|rule|HP Percentage Mod: HP is shown in percentages\n|rule|Endless Battle Clause: Forcing endless battles is banned\n|clearpoke\n|poke|p1|Ceruledge, F|\n|poke|p1|Greninja-*, M|\n|poke|p1|Dragapult, F|\n|poke|p1|Enamorus, F|\n|poke|p1|Walking Wake|\n|poke|p1|Zoroark-Hisui, M|\n|poke|p2|Clawitzer, M|\n|poke|p2|Clawitzer, M|\n|poke|p2|Clawitzer, M|\n|poke|p2|Clawitzer, M|\n|poke|p2|Clawitzer, M|\n|poke|p2|Clawitzer, M|\n|teampreview\n|\n|t:|1699448897\n|start\n|switch|p1a: Walking Wake|Walking Wake|100\/100\n|switch|p2a: ClawLeader|Clawitzer, M, shiny|100\/100\n|turn|1\n|\n|t:|1699448914\n|-terastallize|p2a: ClawLeader|Dragon\n|move|p1a: Walking Wake|Brick Break|p2a: ClawLeader\n|-damage|p2a: ClawLeader|80\/100\n|move|p2a: ClawLeader|Dragon Pulse|p1a: Walking Wake\n|-damage|p1a: Walking Wake|0 fnt\n|replace|p1a: Zoroark|Zoroark-Hisui, M\n|-end|p1a: Zoroark|Illusion\n|faint|p1a: Zoroark\n|\n|upkeep\n|\n|t:|1699448930\n|switch|p1a: pedang hitam|Ceruledge, F|100\/100\n|turn|2\n|\n|t:|1699448941\n|switch|p2a: Clawater|Clawitzer, M|100\/100\n|move|p1a: pedang hitam|Clear Smog|p2a: Clawater\n|-damage|p2a: Clawater|91\/100\n|-clearboost|p2a: Clawater\n|\n|upkeep\n|turn|3\n|c|\u2606ken321|hmmmmm\n|\n|t:|1699448953\n|move|p1a: pedang hitam|Clear Smog|p2a: Clawater\n|-damage|p2a: Clawater|81\/100\n|-clearboost|p2a: Clawater\n|move|p2a: Clawater|Water Pulse|p1a: pedang hitam\n|-supereffective|p1a: pedang hitam\n|-damage|p1a: pedang hitam|0 fnt\n|faint|p1a: pedang hitam\n|\n|upkeep\n|\n|t:|1699448962\n|switch|p1a: katak biru|Greninja, M|100\/100\n|turn|4\n|\n|t:|1699448976\n|switch|p2a: ClawBrawler|Clawitzer, M|100\/100\n|move|p1a: katak biru|Blizzard|p2a: ClawBrawler\n|-resisted|p2a: ClawBrawler\n|-damage|p2a: ClawBrawler|86\/100\n|\n|upkeep\n|turn|5\n|\n|t:|1699448989\n|move|p1a: katak biru|Ice Punch|p2a: ClawBrawler\n|-resisted|p2a: ClawBrawler\n|-damage|p2a: ClawBrawler|76\/100\n|-damage|p1a: katak biru|84\/100|[from] item: Rocky Helmet|[of] p2a: ClawBrawler\n|move|p2a: ClawBrawler|Aura Sphere|p1a: katak biru\n|-supereffective|p1a: katak biru\n|-damage|p1a: katak biru|0 fnt\n|faint|p1a: katak biru\n|\n|upkeep\n|c|\u2606Wirecyte|Clawitzer\n|\n|t:|1699449004\n|switch|p1a: Walking Wake|Walking Wake|100\/100\n|turn|6\n|c|\u2606ken321|heheheheheh\n|\n|t:|1699449039\n|move|p1a: Walking Wake|Draco Meteor|p2a: ClawBrawler\n|-damage|p2a: ClawBrawler|15\/100\n|-unboost|p1a: Walking Wake|spa|2\n|move|p2a: ClawBrawler|Dark Pulse|p1a: Walking Wake\n|-damage|p1a: Walking Wake|63\/100\n|\n|upkeep\n|turn|7\n|c|\u2606ken321|heaah\n|\n|t:|1699449059\n|move|p1a: Walking Wake|Draco Meteor|p2a: ClawBrawler\n|-damage|p2a: ClawBrawler|0 fnt\n|-unboost|p1a: Walking Wake|spa|2\n|faint|p2a: ClawBrawler\n|\n|upkeep\n|\n|t:|1699449065\n|switch|p2a: ClawSpeeder|Clawitzer, M|100\/100\n|turn|8\n|c|\u2606ken321|wait\n|c|\u2606Wirecyte|ok\n|-activate|p2a: ClawSpeeder|item: Quick Claw\n|\n|t:|1699449117\n|move|p2a: ClawSpeeder|Dragon Pulse|p1a: Walking Wake\n|-supereffective|p1a: Walking Wake\n|-damage|p1a: Walking Wake|0 fnt\n|faint|p1a: Walking Wake\n|-end|p1a: Walking Wake|Protosynthesis|[silent]\n|\n|upkeep\n|c|\u2606ken321|wait again\n|\n|t:|1699449129\n|switch|p1a: naga|Dragapult, F|100\/100\n|turn|9\n|c|\u2606Wirecyte|ok\n|\n|t:|1699449162\n|switch|p2a: ClawIcer|Clawitzer, M|100\/100\n|move|p1a: naga|Body Slam|p2a: ClawIcer\n|-damage|p2a: ClawIcer|73\/100\n|-status|p2a: ClawIcer|par\n|-damage|p1a: naga|84\/100|[from] item: Rocky Helmet|[of] p2a: ClawIcer\n|\n|upkeep\n|turn|10\n|\n|t:|1699449175\n|move|p1a: naga|Acrobatics|p2a: ClawIcer\n|-crit|p2a: ClawIcer\n|-damage|p2a: ClawIcer|48\/100 par\n|-damage|p1a: naga|67\/100|[from] item: Rocky Helmet|[of] p2a: ClawIcer\n|move|p2a: ClawIcer|Ice Beam|p1a: naga\n|-supereffective|p1a: naga\n|-damage|p1a: naga|17\/100\n|\n|upkeep\n|turn|11\n|c|\u2606ken321|woah\n|\n|t:|1699449187\n|move|p1a: naga|Double-Edge|p2a: ClawIcer\n|-damage|p2a: ClawIcer|10\/100 par\n|-damage|p1a: naga|1\/100|[from] item: Rocky Helmet|[of] p2a: ClawIcer\n|-damage|p1a: naga|0 fnt|[from] Recoil\n|faint|p1a: naga\n|move|p2a: ClawIcer|Ice Beam|p1: naga|[notarget]\n|-fail|p2a: ClawIcer\n|\n|upkeep\n|c|\u2606ken321|ok im end\n|\n|t:|1699449209\n|switch|p1a: Enamorus|Enamorus, F|100\/100\n|turn|12\n|\n|t:|1699449220\n|move|p1a: Enamorus|Iron Head|p2a: ClawIcer\n|-resisted|p2a: ClawIcer\n|-damage|p2a: ClawIcer|0 fnt\n|-damage|p1a: Enamorus|84\/100|[from] item: Rocky Helmet|[of] p2a: ClawIcer\n|faint|p2a: ClawIcer\n|\n|upkeep\n|\n|t:|1699449239\n|switch|p2a: Clawater|Clawitzer, M|81\/100\n|turn|13\n|\n|t:|1699449249\n|move|p1a: Enamorus|Sludge Bomb|p2a: Clawater\n|-damage|p2a: Clawater|50\/100\n|move|p2a: Clawater|Rain Dance|p2a: Clawater\n|-weather|RainDance\n|\n|-weather|RainDance|[upkeep]\n|upkeep\n|turn|14\n|\n|t:|1699449261\n|move|p1a: Enamorus|Sludge Bomb|p2a: Clawater\n|-damage|p2a: Clawater|20\/100\n|move|p2a: Clawater|Water Pulse|p1a: Enamorus\n|-damage|p1a: Enamorus|0 fnt\n|faint|p1a: Enamorus\n|\n|win|Wirecyte\n|raw|ken321's rating: 1000 &rarr; <strong>1000<\/strong><br \/>(+0 for losing)\n|raw|Wirecyte's rating: 1029 &rarr; <strong>1062<\/strong><br \/>(+33 for winning)\n|c|\u2606Wirecyte|gg\n|c|\u2606ken321|hmmmmmmmm\n","uploadtime":1699449275,"views":4,"p1id":"ken321","p2id":"wirecyte","formatid":"gen9anythinggoes","rating":1000,"private":0,"password":""}