{"id":"gen9anythinggoes-1998024015","p1":"Mr Pinehurst","p2":"Dumbfudge","format":"[Gen 9] Anything Goes","log":"|j|\u2606Mr Pinehurst\n|j|\u2606Dumbfudge\n|t:|1700880329\n|gametype|singles\n|player|p1|Mr Pinehurst|266|1161\n|player|p2|Dumbfudge|blackbelt-gen4dp|1355\n|teamsize|p1|6\n|teamsize|p2|6\n|gen|9\n|tier|[Gen 9] Anything Goes\n|rated|\n|rule|HP Percentage Mod: HP is shown in percentages\n|rule|Endless Battle Clause: Forcing endless battles is banned\n|clearpoke\n|poke|p1|Maushold-Four|\n|poke|p1|Flutter Mane|\n|poke|p1|Miraidon|\n|poke|p1|Rabsca, M|\n|poke|p1|Garganacl, F|\n|poke|p1|Houndstone, M|\n|poke|p2|Shaymin-Sky|\n|poke|p2|Zacian-*|\n|poke|p2|Espathra, F|\n|poke|p2|Garchomp, M|\n|poke|p2|Breloom, M|\n|poke|p2|Ribombee, F|\n|teampreview\n|\n|t:|1700880343\n|start\n|switch|p1a: Maushold|Maushold-Four|100\/100\n|switch|p2a: Furuncle|Ribombee, F|100\/100\n|turn|1\n|inactive|Battle timer is ON: inactive players will automatically lose when time's up. (requested by Dumbfudge)\n|\n|t:|1700880356\n|switch|p2a: Psoriasis|Garchomp, M|100\/100\n|move|p1a: Maushold|Population Bomb|p2a: Psoriasis\n|-damage|p2a: Psoriasis|93\/100\n|-damage|p1a: Maushold|88\/100|[from] ability: Rough Skin|[of] p2a: Psoriasis\n|-damage|p1a: Maushold|72\/100|[from] item: Rocky Helmet|[of] p2a: Psoriasis\n|-damage|p2a: Psoriasis|85\/100\n|-damage|p1a: Maushold|59\/100|[from] ability: Rough Skin|[of] p2a: Psoriasis\n|-damage|p1a: Maushold|43\/100|[from] item: Rocky Helmet|[of] p2a: Psoriasis\n|-damage|p2a: Psoriasis|77\/100\n|-damage|p1a: Maushold|30\/100|[from] ability: Rough Skin|[of] p2a: Psoriasis\n|-damage|p1a: Maushold|14\/100|[from] item: Rocky Helmet|[of] p2a: Psoriasis\n|-damage|p2a: Psoriasis|70\/100\n|-damage|p1a: Maushold|1\/100|[from] ability: Rough Skin|[of] p2a: Psoriasis\n|-damage|p1a: Maushold|0 fnt|[from] item: Rocky Helmet|[of] p2a: Psoriasis\n|faint|p1a: Maushold\n|-hitcount|p2a: Psoriasis|4\n|\n|upkeep\n|\n|t:|1700880363\n|switch|p1a: Flutter Mane|Flutter Mane, shiny|100\/100\n|turn|2\n|\n|t:|1700880383\n|move|p1a: Flutter Mane|Moonblast|p2a: Psoriasis\n|-supereffective|p2a: Psoriasis\n|-damage|p2a: Psoriasis|0 fnt\n|faint|p2a: Psoriasis\n|-damage|p1a: Flutter Mane|91\/100|[from] item: Life Orb\n|\n|upkeep\n|\n|t:|1700880391\n|switch|p2a: Furuncle|Ribombee, F|100\/100\n|turn|3\n|\n|t:|1700880395\n|move|p1a: Flutter Mane|Mystical Fire|p2a: Furuncle\n|-supereffective|p2a: Furuncle\n|-enditem|p2a: Furuncle|Focus Sash\n|-damage|p2a: Furuncle|1\/100\n|-damage|p1a: Flutter Mane|81\/100|[from] item: Life Orb\n|move|p2a: Furuncle|Sticky Web|p1a: Flutter Mane\n|-sidestart|p1: Mr Pinehurst|move: Sticky Web\n|\n|upkeep\n|turn|4\n|\n|t:|1700880404\n|move|p1a: Flutter Mane|Mystical Fire|p2a: Furuncle\n|-supereffective|p2a: Furuncle\n|-damage|p2a: Furuncle|0 fnt\n|faint|p2a: Furuncle\n|-damage|p1a: Flutter Mane|71\/100|[from] item: Life Orb\n|\n|upkeep\n|\n|t:|1700880411\n|switch|p2a: Whooping cough|Zacian-Crowned|100\/100\n|-ability|p2a: Whooping cough|Intrepid Sword|boost\n|-boost|p2a: Whooping cough|atk|1\n|turn|5\n|\n|t:|1700880420\n|-terastallize|p2a: Whooping cough|Steel\n|move|p2a: Whooping cough|Behemoth Blade|p1a: Flutter Mane\n|-supereffective|p1a: Flutter Mane\n|-damage|p1a: Flutter Mane|0 fnt\n|faint|p1a: Flutter Mane\n|-end|p1a: Flutter Mane|Protosynthesis|[silent]\n|\n|upkeep\n|\n|t:|1700880433\n|switch|p1a: DeMarco|Miraidon|100\/100\n|-activate|p1a: DeMarco|move: Sticky Web\n|-unboost|p1a: DeMarco|spe|1\n|-fieldstart|move: Electric Terrain|[from] ability: Hadron Engine|[of] p1a: DeMarco\n|turn|6\n|\n|t:|1700880456\n|-terastallize|p1a: DeMarco|Electric\n|move|p2a: Whooping cough|Play Rough|p1a: DeMarco\n|-damage|p1a: DeMarco|20\/100\n|move|p1a: DeMarco|Electro Drift|p2a: Whooping cough\n|-damage|p2a: Whooping cough|0 fnt\n|faint|p2a: Whooping cough\n|\n|upkeep\n|\n|t:|1700880468\n|switch|p2a: Cancer|Shaymin-Sky|100\/100\n|turn|7\n|\n|t:|1700880473\n|move|p2a: Cancer|Air Slash|p1a: DeMarco|[miss]\n|-miss|p2a: Cancer|p1a: DeMarco\n|move|p1a: DeMarco|Electro Drift|p2a: Cancer\n|-damage|p2a: Cancer|0 fnt\n|faint|p2a: Cancer\n|\n|upkeep\n|\n|t:|1700880481\n|switch|p2a: Chickenpox|Espathra, F|100\/100\n|turn|8\n|\n|t:|1700880487\n|switch|p1a: Rabsca|Rabsca, M, shiny|100\/100\n|-activate|p1a: Rabsca|move: Sticky Web\n|-unboost|p1a: Rabsca|spe|1\n|move|p2a: Chickenpox|Protect||[still]\n|-fail|p2a: Chickenpox\n|\n|-ability|p2a: Chickenpox|Speed Boost|boost\n|-boost|p2a: Chickenpox|spe|1\n|upkeep\n|turn|9\n|\n|t:|1700880497\n|move|p2a: Chickenpox|Substitute|p2a: Chickenpox\n|-start|p2a: Chickenpox|Substitute\n|-damage|p2a: Chickenpox|76\/100\n|move|p1a: Rabsca|Trick Room|p1a: Rabsca\n|-fieldstart|move: Trick Room|[of] p1a: Rabsca\n|\n|-ability|p2a: Chickenpox|Speed Boost|boost\n|-boost|p2a: Chickenpox|spe|1\n|upkeep\n|turn|10\n|\n|t:|1700880505\n|move|p2a: Chickenpox|Protect|p2a: Chickenpox\n|-singleturn|p2a: Chickenpox|Protect\n|move|p1a: Rabsca|Revival Blessing|p1a: Rabsca\n|-enditem|p1a: Rabsca|Leppa Berry|[eat]\n|-activate|p1a: Rabsca|item: Leppa Berry|Revival Blessing|[consumed]\n|\n|t:|1700880509\n|-heal|p1: Maushold|50\/100|[from] move: Revival Blessing\n|\n|-fieldend|move: Electric Terrain\n|-ability|p2a: Chickenpox|Speed Boost|boost\n|-boost|p2a: Chickenpox|spe|1\n|upkeep\n|turn|11\n|\n|t:|1700880517\n|move|p1a: Rabsca|Revival Blessing|p1a: Rabsca\n|\n|t:|1700880518\n|-heal|p1: Flutter Mane|50\/100|[from] move: Revival Blessing\n|move|p2a: Chickenpox|Hypnosis|p1a: Rabsca\n|-status|p1a: Rabsca|slp|[from] move: Hypnosis\n|\n|-ability|p2a: Chickenpox|Speed Boost|boost\n|-boost|p2a: Chickenpox|spe|1\n|upkeep\n|turn|12\n|inactive|Mr Pinehurst has 120 seconds left.\n|c|\u2606Dumbfudge|Well that sucks lol\n|inactive|Mr Pinehurst has 90 seconds left.\n|\n|t:|1700880579\n|cant|p1a: Rabsca|slp\n|move|p2a: Chickenpox|Baton Pass|p2a: Chickenpox\n|\n|t:|1700880583\n|switch|p2a: Flat out AIDS|Breloom, M|100\/100|[from] Baton Pass\n|\n|-status|p2a: Flat out AIDS|tox|[from] item: Toxic Orb\n|upkeep\n|turn|13\n|\n|t:|1700880592\n|cant|p1a: Rabsca|slp\n|move|p2a: Flat out AIDS|Facade|p1a: Rabsca\n|-damage|p1a: Rabsca|67\/100 slp\n|\n|-fieldend|move: Trick Room\n|upkeep\n|turn|14\n|\n|t:|1700880608\n|move|p2a: Flat out AIDS|Leech Seed|p1a: Rabsca\n|-start|p1a: Rabsca|move: Leech Seed\n|cant|p1a: Rabsca|slp\n|\n|-damage|p1a: Rabsca|55\/100 slp|[from] Leech Seed|[of] p2a: Flat out AIDS\n|upkeep\n|turn|15\n|\n|t:|1700880616\n|move|p2a: Flat out AIDS|Facade|p1a: Rabsca\n|-damage|p1a: Rabsca|23\/100 slp\n|-curestatus|p1a: Rabsca|slp|[msg]\n|move|p1a: Rabsca|Trick Room|p1a: Rabsca\n|-fieldstart|move: Trick Room|[of] p1a: Rabsca\n|\n|-damage|p1a: Rabsca|11\/100|[from] Leech Seed|[of] p2a: Flat out AIDS\n|upkeep\n|turn|16\n|\n|t:|1700880626\n|move|p1a: Rabsca|Recover|p1a: Rabsca\n|-heal|p1a: Rabsca|61\/100\n|move|p2a: Flat out AIDS|Spore|p1a: Rabsca\n|-status|p1a: Rabsca|slp|[from] move: Spore\n|\n|-damage|p1a: Rabsca|48\/100 slp|[from] Leech Seed|[of] p2a: Flat out AIDS\n|upkeep\n|turn|17\n|inactive|Mr Pinehurst has 120 seconds left.\n|\n|t:|1700880653\n|switch|p1a: DeMarco|Miraidon, tera:Electric|20\/100\n|-activate|p1a: DeMarco|move: Sticky Web\n|-unboost|p1a: DeMarco|spe|1\n|-fieldstart|move: Electric Terrain|[from] ability: Hadron Engine|[of] p1a: DeMarco\n|move|p2a: Flat out AIDS|Facade|p1a: DeMarco\n|-damage|p1a: DeMarco|0 fnt\n|faint|p1a: DeMarco\n|\n|upkeep\n|\n|t:|1700880667\n|switch|p1a: Flutter Mane|Flutter Mane, shiny|50\/100\n|-activate|p1a: Flutter Mane|move: Sticky Web\n|-unboost|p1a: Flutter Mane|spe|1\n|turn|18\n|\n|t:|1700880677\n|move|p1a: Flutter Mane|Moonblast|p2a: Flat out AIDS\n|-supereffective|p2a: Flat out AIDS\n|-end|p2a: Flat out AIDS|Substitute\n|-damage|p1a: Flutter Mane|41\/100|[from] item: Life Orb\n|move|p2a: Flat out AIDS|Leech Seed|p1a: Flutter Mane\n|-start|p1a: Flutter Mane|move: Leech Seed\n|\n|-damage|p1a: Flutter Mane|28\/100|[from] Leech Seed|[of] p2a: Flat out AIDS\n|upkeep\n|turn|19\n|\n|t:|1700880692\n|move|p1a: Flutter Mane|Moonblast|p2a: Flat out AIDS\n|-supereffective|p2a: Flat out AIDS\n|-damage|p2a: Flat out AIDS|0 fnt\n|faint|p2a: Flat out AIDS\n|-damage|p1a: Flutter Mane|18\/100|[from] item: Life Orb\n|\n|-fieldend|move: Trick Room\n|upkeep\n|c|\u2606Dumbfudge|How are you faster\n|inactive|Dumbfudge has 120 seconds left.\n|\n|t:|1700880716\n|switch|p2a: Chickenpox|Espathra, F|76\/100\n|turn|20\n|inactive|Mr Pinehurst has 120 seconds left.\n|j| RicoLightning\n|c| RicoLightning|trick room\n|-message|Dumbfudge forfeited.\n|\n|win|Mr Pinehurst\n|raw|Mr Pinehurst's rating: 1161 &rarr; <strong>1199<\/strong><br \/>(+38 for winning)\n|raw|Dumbfudge's rating: 1355 &rarr; <strong>1325<\/strong><br \/>(-30 for losing)\n|l|\u2606Dumbfudge\n","uploadtime":1700880743,"views":13,"p1id":"mrpinehurst","p2id":"dumbfudge","formatid":"gen9anythinggoes","rating":1199,"private":0,"password":""}