{"id":"gen9anythinggoes-1980287998","p1":"KING12345678","p2":"Bakitaladelbarrio","format":"[Gen 9] Anything Goes","log":"|j|\u2606KING12345678\n|j|\u2606Bakitaladelbarrio\n|t:|1698772565\n|gametype|singles\n|player|p1|KING12345678|1|1383\n|player|p2|Bakitaladelbarrio|colress|1455\n|teamsize|p1|6\n|teamsize|p2|6\n|gen|9\n|tier|[Gen 9] Anything Goes\n|rated|\n|rule|HP Percentage Mod: HP is shown in percentages\n|rule|Endless Battle Clause: Forcing endless battles is banned\n|clearpoke\n|poke|p1|Zacian-*|\n|poke|p1|Calyrex-Shadow|\n|poke|p1|Cloyster, F|\n|poke|p1|Basculegion, M|\n|poke|p1|Pelipper, F|\n|poke|p1|Forretress, M|\n|poke|p2|Calyrex-Shadow|\n|poke|p2|Darkrai|\n|poke|p2|Ditto|\n|poke|p2|Zacian-*|\n|poke|p2|Miraidon|\n|poke|p2|Glimmora, M|\n|teampreview\n|inactive|Battle timer is ON: inactive players will automatically lose when time's up. (requested by Bakitaladelbarrio)\n|\n|t:|1698772582\n|start\n|switch|p1a: Zacian|Zacian-Crowned|100\/100\n|switch|p2a: Darkrai|Darkrai|100\/100\n|-ability|p1a: Zacian|Intrepid Sword|boost\n|-boost|p1a: Zacian|atk|1\n|turn|1\n|\n|t:|1698772590\n|switch|p2a: Glimmora|Glimmora, M|100\/100\n|move|p1a: Zacian|Play Rough|p2a: Glimmora\n|-resisted|p2a: Glimmora\n|-damage|p2a: Glimmora|51\/100\n|-activate|p2a: Glimmora|ability: Toxic Debris\n|-sidestart|p1: KING12345678|move: Toxic Spikes\n|\n|upkeep\n|turn|2\n|\n|t:|1698772601\n|move|p1a: Zacian|Play Rough|p2a: Glimmora\n|-resisted|p2a: Glimmora\n|-damage|p2a: Glimmora|0 fnt\n|-activate|p2a: Glimmora|ability: Toxic Debris\n|-sidestart|p1: KING12345678|move: Toxic Spikes\n|faint|p2a: Glimmora\n|\n|upkeep\n|\n|t:|1698772610\n|switch|p2a: Zacian|Zacian-Crowned|100\/100\n|-ability|p2a: Zacian|Intrepid Sword|boost\n|-boost|p2a: Zacian|atk|1\n|turn|3\n|\n|t:|1698772615\n|move|p1a: Zacian|Behemoth Blade|p2a: Zacian\n|-damage|p2a: Zacian|16\/100\n|move|p2a: Zacian|Behemoth Blade|p1a: Zacian\n|-damage|p1a: Zacian|13\/100\n|\n|upkeep\n|turn|4\n|\n|t:|1698772625\n|move|p1a: Zacian|Behemoth Blade|p2a: Zacian\n|-damage|p2a: Zacian|0 fnt\n|faint|p2a: Zacian\n|\n|upkeep\n|\n|t:|1698772631\n|switch|p2a: Miraidon|Miraidon|100\/100\n|-fieldstart|move: Electric Terrain|[from] ability: Hadron Engine|[of] p2a: Miraidon\n|turn|5\n|\n|t:|1698772644\n|move|p2a: Miraidon|Volt Switch|p1a: Zacian\n|-damage|p1a: Zacian|0 fnt\n|faint|p1a: Zacian\n|\n|t:|1698772653\n|switch|p2a: Darkrai|Darkrai|100\/100|[from] Volt Switch\n|\n|upkeep\n|\n|t:|1698772657\n|switch|p1a: Forretress|Forretress, M|100\/100\n|turn|6\n|\n|t:|1698772660\n|move|p2a: Darkrai|Hypnosis|p1a: Forretress|[miss]\n|-miss|p2a: Darkrai|p1a: Forretress\n|move|p1a: Forretress|Rapid Spin|p2a: Darkrai\n|-damage|p2a: Darkrai|85\/100\n|-boost|p1a: Forretress|spe|1\n|-sideend|p1: KING12345678|Toxic Spikes|[from] move: Rapid Spin|[of] p1a: Forretress\n|\n|upkeep\n|turn|7\n|\n|t:|1698772672\n|move|p2a: Darkrai|Dark Pulse|p1a: Forretress\n|-damage|p1a: Forretress|40\/100\n|move|p1a: Forretress|Body Press|p2a: Darkrai\n|-supereffective|p2a: Darkrai\n|-crit|p2a: Darkrai\n|-damage|p2a: Darkrai|0 fnt\n|faint|p2a: Darkrai\n|\n|upkeep\n|\n|t:|1698772681\n|switch|p2a: Calyrex|Calyrex-Shadow|100\/100\n|-ability|p2a: Calyrex|As One\n|-ability|p2a: Calyrex|Unnerve\n|turn|8\n|\n|t:|1698772694\n|move|p2a: Calyrex|Astral Barrage|p1a: Forretress\n|-damage|p1a: Forretress|0 fnt\n|faint|p1a: Forretress\n|-ability|p2a: Calyrex|Grim Neigh|boost\n|-boost|p2a: Calyrex|spa|1\n|\n|upkeep\n|\n|t:|1698772701\n|switch|p1a: Calyrex|Calyrex-Shadow|100\/100\n|-ability|p1a: Calyrex|As One\n|-ability|p1a: Calyrex|Unnerve\n|turn|9\n|\n|t:|1698772707\n|-terastallize|p1a: Calyrex|Normal\n|move|p2a: Calyrex|Dark Pulse|p1a: Calyrex\n|-damage|p1a: Calyrex|54\/100\n|cant|p1a: Calyrex|flinch\n|\n|-fieldend|move: Electric Terrain\n|upkeep\n|turn|10\n|\n|t:|1698772720\n|move|p2a: Calyrex|Psyshock|p1a: Calyrex\n|-damage|p1a: Calyrex|0 fnt\n|faint|p1a: Calyrex\n|-ability|p2a: Calyrex|Grim Neigh|boost\n|-boost|p2a: Calyrex|spa|1\n|\n|upkeep\n|\n|t:|1698772732\n|switch|p1a: Cloyster|Cloyster, F|100\/100\n|turn|11\n|\n|t:|1698772736\n|move|p1a: Cloyster|Ice Shard|p2a: Calyrex\n|-damage|p2a: Calyrex|79\/100\n|move|p2a: Calyrex|Dark Pulse|p1a: Cloyster\n|-damage|p1a: Cloyster|0 fnt\n|faint|p1a: Cloyster\n|-ability|p2a: Calyrex|Grim Neigh|boost\n|-boost|p2a: Calyrex|spa|1\n|\n|upkeep\n|\n|t:|1698772742\n|switch|p1a: Pelipper|Pelipper, F|100\/100\n|-weather|RainDance|[from] ability: Drizzle|[of] p1a: Pelipper\n|turn|12\n|\n|t:|1698772754\n|move|p2a: Calyrex|Astral Barrage|p1a: Pelipper\n|-enditem|p1a: Pelipper|Focus Sash\n|-damage|p1a: Pelipper|1\/100\n|move|p1a: Pelipper|Tailwind|p1a: Pelipper\n|-sidestart|p1: KING12345678|move: Tailwind\n|\n|-weather|RainDance|[upkeep]\n|upkeep\n|turn|13\n|\n|t:|1698772765\n|move|p2a: Calyrex|Dark Pulse|p1a: Pelipper\n|-damage|p1a: Pelipper|0 fnt\n|faint|p1a: Pelipper\n|-ability|p2a: Calyrex|Grim Neigh|boost\n|-boost|p2a: Calyrex|spa|1\n|\n|-weather|RainDance|[upkeep]\n|upkeep\n|\n|t:|1698772767\n|switch|p1a: Basculegion|Basculegion, M|100\/100\n|turn|14\n|\n|t:|1698772778\n|move|p1a: Basculegion|Last Respects|p2a: Calyrex\n|-supereffective|p2a: Calyrex\n|-damage|p2a: Calyrex|0 fnt\n|faint|p2a: Calyrex\n|\n|-weather|RainDance|[upkeep]\n|upkeep\n|\n|t:|1698772785\n|switch|p2a: Miraidon|Miraidon|100\/100\n|-fieldstart|move: Electric Terrain|[from] ability: Hadron Engine|[of] p2a: Miraidon\n|turn|15\n|\n|t:|1698772789\n|move|p1a: Basculegion|Last Respects|p2a: Miraidon\n|-damage|p2a: Miraidon|0 fnt\n|faint|p2a: Miraidon\n|\n|-weather|RainDance|[upkeep]\n|-sideend|p1: KING12345678|move: Tailwind\n|upkeep\n|\n|t:|1698772796\n|switch|p2a: Ditto|Ditto|100\/100\n|-transform|p2a: Ditto|p1a: Basculegion|[from] ability: Imposter\n|turn|16\n|\n|t:|1698772801\n|move|p2a: Ditto|Last Respects|p1a: Basculegion\n|-supereffective|p1a: Basculegion\n|-enditem|p1a: Basculegion|Focus Sash\n|-damage|p1a: Basculegion|1\/100\n|move|p1a: Basculegion|Last Respects|p2a: Ditto\n|-supereffective|p2a: Ditto\n|-damage|p2a: Ditto|0 fnt\n|faint|p2a: Ditto\n|\n|win|KING12345678\n|raw|KING12345678's rating: 1383 &rarr; <strong>1407<\/strong><br \/>(+24 for winning)\n|raw|Bakitaladelbarrio's rating: 1455 &rarr; <strong>1431<\/strong><br \/>(-24 for losing)\n","uploadtime":1698772812,"views":3,"p1id":"king12345678","p2id":"bakitaladelbarrio","formatid":"gen9anythinggoes","rating":1407,"private":0,"password":""}