{"id":"gen9anythinggoes-1980139074","p1":"jb291","p2":"Apprenti buck","format":"[Gen 9] Anything Goes","log":"|j|\u2606jb291\n|j|\u203dApprenti buck\n|inactive|Battle timer is ON: inactive players will automatically lose when time's up.\n|t:|1698760765\n|gametype|singles\n|player|p1|jb291|korrina-masters|\n|player|p2|Apprenti buck|rye|\n|teamsize|p1|6\n|teamsize|p2|6\n|gen|9\n|tier|[Gen 9] Anything Goes\n|rated|Tournament battle\n|rule|Tera Type Preview: Tera Types are shown at Team Preview\n|rule|HP Percentage Mod: HP is shown in percentages\n|rule|Endless Battle Clause: Forcing endless battles is banned\n|rule|Bonus Type Mod: Pok\u00e9mon have their Tera Type added onto their current ones.\n|rule|Species Clause: Limit one of each Pok\u00e9mon\n|rule|OHKO Clause: OHKO moves are banned\n|rule|Evasion Moves Clause: Evasion moves are banned\n|rule|Sleep Moves Clause: Sleep-inducing moves are banned\n|rule|Evasion Clause: Evasion abilities, items, and moves are banned\n|rule|Evasion Abilities Clause: Evasion abilities are banned\n|rule|Evasion Items Clause: Evasion items are banned\n|rule|Terastal Clause: You cannot Terastallize\n|clearpoke\n|poke|p1|Dondozo, M|\n|poke|p1|Blissey, F|\n|poke|p1|Great Tusk|\n|poke|p1|Alomomola, F|\n|poke|p1|Clodsire, F|\n|poke|p1|Toxapex, F|\n|poke|p2|Dondozo, M|\n|poke|p2|Blissey, F|\n|poke|p2|Great Tusk|\n|poke|p2|Alomomola, M|\n|poke|p2|Clodsire, F|\n|poke|p2|Toxapex, F|\n|teampreview\n|raw|jb291's Tera Types:<br \/><psicon pokemon=\"dondozo\" \/><psicon type=\"Fairy\" \/> \/ <psicon pokemon=\"blissey\" \/><psicon type=\"Ghost\" \/> \/ <psicon pokemon=\"greattusk\" \/><psicon type=\"Water\" \/> \/ <psicon pokemon=\"alomomola\" \/><psicon type=\"Flying\" \/> \/ <psicon pokemon=\"clodsire\" \/><psicon type=\"Dark\" \/> \/ <psicon pokemon=\"toxapex\" \/><psicon type=\"Dark\" \/>\n|raw|Apprenti buck's Tera Types:<br \/><psicon pokemon=\"dondozo\" \/><psicon type=\"Fairy\" \/> \/ <psicon pokemon=\"blissey\" \/><psicon type=\"Ghost\" \/> \/ <psicon pokemon=\"greattusk\" \/><psicon type=\"Water\" \/> \/ <psicon pokemon=\"alomomola\" \/><psicon type=\"Flying\" \/> \/ <psicon pokemon=\"clodsire\" \/><psicon type=\"Dark\" \/> \/ <psicon pokemon=\"toxapex\" \/><psicon type=\"Dark\" \/>\n|inactive|jb291 also wants the timer to be on.\n|inactive|Apprenti buck also wants the timer to be on.\n|\n|t:|1698760782\n|start\n|switch|p1a: Great Tusk|Great Tusk|100\/100\n|switch|p2a: Alomomola|Alomomola, M|100\/100\n|-start|p1a: Great Tusk|typechange|Ground\/Fighting\/Water|[silent]\n|-start|p2a: Alomomola|typechange|Water\/Flying|[silent]\n|-start|p1a: Great Tusk|typechange|Ground\/Fighting\/Water|[silent]\n|-start|p2a: Alomomola|typechange|Water\/Flying|[silent]\n|turn|1\n|\n|t:|1698760792\n|move|p1a: Great Tusk|Knock Off|p2a: Alomomola\n|-damage|p2a: Alomomola|85\/100\n|-enditem|p2a: Alomomola|Heavy-Duty Boots|[from] move: Knock Off|[of] p1a: Great Tusk\n|move|p2a: Alomomola|Whirlpool|p1a: Great Tusk\n|-damage|p1a: Great Tusk|93\/100\n|-activate|p1a: Great Tusk|move: Whirlpool|[of] p2a: Alomomola\n|\n|-damage|p1a: Great Tusk|80\/100|[from] move: Whirlpool|[partiallytrapped]\n|upkeep\n|turn|2\n|\n|t:|1698760803\n|move|p1a: Great Tusk|Knock Off|p2a: Alomomola\n|-damage|p2a: Alomomola|75\/100\n|move|p2a: Alomomola|Chilling Water|p1a: Great Tusk\n|-damage|p1a: Great Tusk|69\/100\n|-unboost|p1a: Great Tusk|atk|1\n|\n|-damage|p1a: Great Tusk|56\/100|[from] move: Whirlpool|[partiallytrapped]\n|upkeep\n|turn|3\n|\n|t:|1698760813\n|move|p1a: Great Tusk|Knock Off|p2a: Alomomola\n|-damage|p2a: Alomomola|68\/100\n|move|p2a: Alomomola|Chilling Water|p1a: Great Tusk\n|-damage|p1a: Great Tusk|46\/100\n|-unboost|p1a: Great Tusk|atk|1\n|\n|-damage|p1a: Great Tusk|33\/100|[from] move: Whirlpool|[partiallytrapped]\n|upkeep\n|turn|4\n|\n|t:|1698760816\n|move|p1a: Great Tusk|Knock Off|p2a: Alomomola\n|-damage|p2a: Alomomola|63\/100\n|move|p2a: Alomomola|Chilling Water|p1a: Great Tusk\n|-damage|p1a: Great Tusk|22\/100\n|-unboost|p1a: Great Tusk|atk|1\n|\n|-damage|p1a: Great Tusk|9\/100|[from] move: Whirlpool|[partiallytrapped]\n|upkeep\n|turn|5\n|\n|t:|1698760818\n|move|p1a: Great Tusk|Rest|p1a: Great Tusk\n|-status|p1a: Great Tusk|slp|[from] move: Rest\n|-heal|p1a: Great Tusk|100\/100 slp|[silent]\n|move|p2a: Alomomola|Chilling Water|p1a: Great Tusk\n|-damage|p1a: Great Tusk|90\/100 slp\n|-unboost|p1a: Great Tusk|atk|1\n|\n|-end|p1a: Great Tusk|Whirlpool|[partiallytrapped]\n|upkeep\n|turn|6\n|\n|t:|1698760824\n|-end|p1a: Great Tusk|Protosynthesis|[silent]\n|switch|p1a: Alomomola|Alomomola, F|100\/100\n|-start|p1a: Alomomola|typechange|Water\/Flying|[silent]\n|switch|p2a: Great Tusk|Great Tusk|100\/100\n|-start|p2a: Great Tusk|typechange|Ground\/Fighting\/Water|[silent]\n|\n|upkeep\n|-start|p1a: Alomomola|typechange|Water\/Flying|[silent]\n|-start|p2a: Great Tusk|typechange|Ground\/Fighting\/Water|[silent]\n|turn|7\n|\n|t:|1698760831\n|move|p2a: Great Tusk|Knock Off|p1a: Alomomola\n|-damage|p1a: Alomomola|87\/100\n|-enditem|p1a: Alomomola|Heavy-Duty Boots|[from] move: Knock Off|[of] p2a: Great Tusk\n|move|p1a: Alomomola|Whirlpool|p2a: Great Tusk\n|-damage|p2a: Great Tusk|93\/100\n|-activate|p2a: Great Tusk|move: Whirlpool|[of] p1a: Alomomola\n|\n|-damage|p2a: Great Tusk|80\/100|[from] move: Whirlpool|[partiallytrapped]\n|upkeep\n|turn|8\n|\n|t:|1698760839\n|move|p2a: Great Tusk|Knock Off|p1a: Alomomola\n|-damage|p1a: Alomomola|77\/100\n|move|p1a: Alomomola|Chilling Water|p2a: Great Tusk\n|-damage|p2a: Great Tusk|70\/100\n|-unboost|p2a: Great Tusk|atk|1\n|\n|-damage|p2a: Great Tusk|57\/100|[from] move: Whirlpool|[partiallytrapped]\n|upkeep\n|turn|9\n|\n|t:|1698760844\n|move|p2a: Great Tusk|Knock Off|p1a: Alomomola\n|-damage|p1a: Alomomola|70\/100\n|move|p1a: Alomomola|Chilling Water|p2a: Great Tusk\n|-damage|p2a: Great Tusk|46\/100\n|-unboost|p2a: Great Tusk|atk|1\n|\n|-damage|p2a: Great Tusk|33\/100|[from] move: Whirlpool|[partiallytrapped]\n|upkeep\n|turn|10\n|\n|t:|1698760846\n|move|p2a: Great Tusk|Knock Off|p1a: Alomomola\n|-damage|p1a: Alomomola|65\/100\n|move|p1a: Alomomola|Chilling Water|p2a: Great Tusk\n|-damage|p2a: Great Tusk|22\/100\n|-unboost|p2a: Great Tusk|atk|1\n|\n|-damage|p2a: Great Tusk|9\/100|[from] move: Whirlpool|[partiallytrapped]\n|upkeep\n|turn|11\n|\n|t:|1698760849\n|switch|p1a: Blissey|Blissey, F|100\/100\n|-start|p1a: Blissey|typechange|Normal\/Ghost|[silent]\n|move|p2a: Great Tusk|Rest|p2a: Great Tusk\n|-status|p2a: Great Tusk|slp|[from] move: Rest\n|-heal|p2a: Great Tusk|100\/100 slp|[silent]\n|\n|-end|p2a: Great Tusk|Whirlpool|[partiallytrapped]\n|upkeep\n|-start|p1a: Blissey|typechange|Normal\/Ghost|[silent]\n|turn|12\n|\n|t:|1698760856\n|-end|p2a: Great Tusk|Protosynthesis|[silent]\n|switch|p2a: Blissey|Blissey, F|100\/100\n|-start|p2a: Blissey|typechange|Normal\/Ghost|[silent]\n|move|p1a: Blissey|Stealth Rock|p2a: Blissey\n|-sidestart|p2: Apprenti buck|move: Stealth Rock\n|\n|upkeep\n|-start|p2a: Blissey|typechange|Normal\/Ghost|[silent]\n|turn|13\n|\n|t:|1698760864\n|switch|p1a: Clodsire|Clodsire, F|100\/100\n|-start|p1a: Clodsire|typechange|Poison\/Ground\/Dark|[silent]\n|move|p2a: Blissey|Stealth Rock|p1a: Clodsire\n|-sidestart|p1: jb291|move: Stealth Rock\n|\n|upkeep\n|-start|p1a: Clodsire|typechange|Poison\/Ground\/Dark|[silent]\n|turn|14\n|\n|t:|1698760881\n|switch|p2a: Clodsire|Clodsire, F|100\/100\n|-start|p2a: Clodsire|typechange|Poison\/Ground\/Dark|[silent]\n|move|p1a: Clodsire|Spikes|p2a: Clodsire\n|-sidestart|p2: Apprenti buck|Spikes\n|\n|upkeep\n|-start|p2a: Clodsire|typechange|Poison\/Ground\/Dark|[silent]\n|turn|15\n|\n|t:|1698760889\n|move|p2a: Clodsire|Spikes|p1a: Clodsire\n|-sidestart|p1: jb291|Spikes\n|move|p1a: Clodsire|Spikes|p2a: Clodsire\n|-sidestart|p2: Apprenti buck|Spikes\n|\n|upkeep\n|turn|16\n|\n|t:|1698760892\n|move|p2a: Clodsire|Spikes|p1a: Clodsire\n|-sidestart|p1: jb291|Spikes\n|move|p1a: Clodsire|Spikes|p2a: Clodsire\n|-sidestart|p2: Apprenti buck|Spikes\n|\n|upkeep\n|turn|17\n|\n|t:|1698760896\n|switch|p1a: Great Tusk|Great Tusk|90\/100 slp\n|-start|p1a: Great Tusk|typechange|Ground\/Fighting\/Water|[silent]\n|move|p2a: Clodsire|Spikes|p1a: Great Tusk\n|-sidestart|p1: jb291|Spikes\n|\n|upkeep\n|-start|p1a: Great Tusk|typechange|Ground\/Fighting\/Water|[silent]\n|turn|18\n|\n|t:|1698760906\n|switch|p2a: Blissey|Blissey, F|100\/100\n|-start|p2a: Blissey|typechange|Normal\/Ghost|[silent]\n|cant|p1a: Great Tusk|slp\n|\n|upkeep\n|-start|p2a: Blissey|typechange|Normal\/Ghost|[silent]\n|turn|19\n|\n|t:|1698760911\n|cant|p1a: Great Tusk|slp\n|move|p2a: Blissey|Heal Bell|p2a: Blissey\n|-activate|p2a: Blissey|move: Heal Bell\n|-curestatus|p2: Great Tusk|slp|[msg]\n|\n|upkeep\n|turn|20\n|\n|t:|1698760916\n|switch|p2a: Alomomola|Alomomola, M|97\/100\n|-start|p2a: Alomomola|typechange|Water\/Flying|[silent]\n|-damage|p2a: Alomomola|72\/100|[from] Stealth Rock\n|-curestatus|p1a: Great Tusk|slp|[msg]\n|move|p1a: Great Tusk|Knock Off|p2a: Alomomola\n|-damage|p2a: Alomomola|61\/100\n|\n|upkeep\n|-start|p2a: Alomomola|typechange|Water\/Flying|[silent]\n|turn|21\n|\n|t:|1698760924\n|-end|p1a: Great Tusk|Protosynthesis|[silent]\n|switch|p1a: Toxapex|Toxapex, F|100\/100\n|-start|p1a: Toxapex|typechange|Poison\/Water\/Dark|[silent]\n|move|p2a: Alomomola|Wish|p2a: Alomomola\n|\n|upkeep\n|-start|p1a: Toxapex|typechange|Poison\/Water\/Dark|[silent]\n|turn|22\n|j|+Frozoid\n|\n|t:|1698760939\n|switch|p2a: Great Tusk|Great Tusk|100\/100\n|-start|p2a: Great Tusk|typechange|Ground\/Fighting\/Water|[silent]\n|move|p1a: Toxapex|Infestation|p2a: Great Tusk\n|-resisted|p2a: Great Tusk\n|-damage|p2a: Great Tusk|99\/100\n|-activate|p2a: Great Tusk|move: Infestation|[of] p1a: Toxapex\n|\n|-heal|p2a: Great Tusk|100\/100|[from] move: Wish|[wisher] Alomomola\n|-damage|p2a: Great Tusk|88\/100|[from] move: Infestation|[partiallytrapped]\n|upkeep\n|-start|p2a: Great Tusk|typechange|Ground\/Fighting\/Water|[silent]\n|turn|23\n|\n|t:|1698760942\n|switch|p1a: Alomomola|Alomomola, F|98\/100\n|-start|p1a: Alomomola|typechange|Water\/Flying|[silent]\n|-damage|p1a: Alomomola|73\/100|[from] Stealth Rock\n|move|p2a: Great Tusk|Knock Off|p1a: Alomomola\n|-damage|p1a: Alomomola|63\/100\n|\n|-end|p2a: Great Tusk|Infestation|[partiallytrapped]|[silent]\n|upkeep\n|-start|p1a: Alomomola|typechange|Water\/Flying|[silent]\n|turn|24\n|\n|t:|1698760955\n|-end|p2a: Great Tusk|Protosynthesis|[silent]\n|switch|p2a: Blissey|Blissey, F|100\/100\n|-start|p2a: Blissey|typechange|Normal\/Ghost|[silent]\n|move|p1a: Alomomola|Wish|p1a: Alomomola\n|\n|upkeep\n|-start|p2a: Blissey|typechange|Normal\/Ghost|[silent]\n|turn|25\n|\n|t:|1698760964\n|switch|p1a: Great Tusk|Great Tusk|90\/100\n|-start|p1a: Great Tusk|typechange|Ground\/Fighting\/Water|[silent]\n|switch|p2a: Great Tusk|Great Tusk|88\/100\n|-start|p2a: Great Tusk|typechange|Ground\/Fighting\/Water|[silent]\n|\n|-heal|p1a: Great Tusk|100\/100|[from] move: Wish|[wisher] Alomomola\n|upkeep\n|-start|p1a: Great Tusk|typechange|Ground\/Fighting\/Water|[silent]\n|-start|p2a: Great Tusk|typechange|Ground\/Fighting\/Water|[silent]\n|turn|26\n|l|+Frozoid\n|\n|t:|1698760969\n|move|p2a: Great Tusk|Knock Off|p1a: Great Tusk\n|-resisted|p1a: Great Tusk\n|-damage|p1a: Great Tusk|93\/100\n|-enditem|p1a: Great Tusk|Heavy-Duty Boots|[from] move: Knock Off|[of] p2a: Great Tusk\n|move|p1a: Great Tusk|Knock Off|p2a: Great Tusk\n|-resisted|p2a: Great Tusk\n|-damage|p2a: Great Tusk|81\/100\n|-enditem|p2a: Great Tusk|Heavy-Duty Boots|[from] move: Knock Off|[of] p1a: Great Tusk\n|\n|upkeep\n|turn|27\n|\n|t:|1698760975\n|move|p2a: Great Tusk|Earthquake|p1a: Great Tusk\n|-damage|p1a: Great Tusk|71\/100\n|move|p1a: Great Tusk|Body Press|p2a: Great Tusk\n|-damage|p2a: Great Tusk|57\/100\n|\n|upkeep\n|turn|28\n|\n|t:|1698760982\n|move|p1a: Great Tusk|Body Press|p2a: Great Tusk\n|-damage|p2a: Great Tusk|36\/100\n|move|p2a: Great Tusk|Earthquake|p1a: Great Tusk\n|-crit|p1a: Great Tusk\n|-damage|p1a: Great Tusk|41\/100\n|\n|upkeep\n|turn|29\n|\n|t:|1698760991\n|move|p2a: Great Tusk|Body Press|p1a: Great Tusk\n|-damage|p1a: Great Tusk|19\/100\n|move|p1a: Great Tusk|Body Press|p2a: Great Tusk\n|-damage|p2a: Great Tusk|16\/100\n|\n|upkeep\n|turn|30\n|\n|t:|1698760995\n|move|p1a: Great Tusk|Body Press|p2a: Great Tusk\n|-damage|p2a: Great Tusk|0 fnt\n|faint|p2a: Great Tusk\n|-end|p2a: Great Tusk|Protosynthesis|[silent]\n|\n|upkeep\n|\n|t:|1698761000\n|switch|p2a: Alomomola|Alomomola, M|94\/100\n|-start|p2a: Alomomola|typechange|Water\/Flying|[silent]\n|-damage|p2a: Alomomola|69\/100|[from] Stealth Rock\n|-start|p2a: Alomomola|typechange|Water\/Flying|[silent]\n|turn|31\n|\n|t:|1698761003\n|move|p1a: Great Tusk|Rest|p1a: Great Tusk\n|-status|p1a: Great Tusk|slp|[from] move: Rest\n|-heal|p1a: Great Tusk|100\/100 slp|[silent]\n|move|p2a: Alomomola|Whirlpool|p1a: Great Tusk\n|-damage|p1a: Great Tusk|93\/100 slp\n|-activate|p1a: Great Tusk|move: Whirlpool|[of] p2a: Alomomola\n|\n|-damage|p1a: Great Tusk|80\/100 slp|[from] move: Whirlpool|[partiallytrapped]\n|upkeep\n|turn|32\n|\n|t:|1698761008\n|cant|p1a: Great Tusk|slp\n|move|p2a: Alomomola|Chilling Water|p1a: Great Tusk\n|-damage|p1a: Great Tusk|68\/100 slp\n|-unboost|p1a: Great Tusk|atk|1\n|\n|-damage|p1a: Great Tusk|56\/100 slp|[from] move: Whirlpool|[partiallytrapped]\n|upkeep\n|turn|33\n|\n|t:|1698761010\n|cant|p1a: Great Tusk|slp\n|move|p2a: Alomomola|Chilling Water|p1a: Great Tusk\n|-damage|p1a: Great Tusk|45\/100 slp\n|-unboost|p1a: Great Tusk|atk|1\n|\n|-damage|p1a: Great Tusk|32\/100 slp|[from] move: Whirlpool|[partiallytrapped]\n|upkeep\n|turn|34\n|\n|t:|1698761014\n|-curestatus|p1a: Great Tusk|slp|[msg]\n|move|p1a: Great Tusk|Rest|p1a: Great Tusk\n|-status|p1a: Great Tusk|slp|[from] move: Rest\n|-heal|p1a: Great Tusk|100\/100 slp|[silent]\n|move|p2a: Alomomola|Chilling Water|p1a: Great Tusk\n|-damage|p1a: Great Tusk|89\/100 slp\n|-unboost|p1a: Great Tusk|atk|1\n|\n|-damage|p1a: Great Tusk|76\/100 slp|[from] move: Whirlpool|[partiallytrapped]\n|upkeep\n|turn|35\n|\n|t:|1698761018\n|cant|p1a: Great Tusk|slp\n|move|p2a: Alomomola|Chilling Water|p1a: Great Tusk\n|-damage|p1a: Great Tusk|64\/100 slp\n|-unboost|p1a: Great Tusk|atk|1\n|\n|-end|p1a: Great Tusk|Whirlpool|[partiallytrapped]\n|upkeep\n|turn|36\n|\n|t:|1698761021\n|cant|p1a: Great Tusk|slp\n|move|p2a: Alomomola|Whirlpool|p1a: Great Tusk\n|-damage|p1a: Great Tusk|57\/100 slp\n|-activate|p1a: Great Tusk|move: Whirlpool|[of] p2a: Alomomola\n|\n|-damage|p1a: Great Tusk|44\/100 slp|[from] move: Whirlpool|[partiallytrapped]\n|upkeep\n|turn|37\n|\n|t:|1698761023\n|-curestatus|p1a: Great Tusk|slp|[msg]\n|move|p1a: Great Tusk|Body Press|p2a: Alomomola\n|-resisted|p2a: Alomomola\n|-damage|p2a: Alomomola|58\/100\n|move|p2a: Alomomola|Chilling Water|p1a: Great Tusk\n|-damage|p1a: Great Tusk|33\/100\n|-unboost|p1a: Great Tusk|atk|1\n|\n|-damage|p1a: Great Tusk|21\/100|[from] move: Whirlpool|[partiallytrapped]\n|upkeep\n|turn|38\n|\n|t:|1698761026\n|move|p1a: Great Tusk|Rest|p1a: Great Tusk\n|-status|p1a: Great Tusk|slp|[from] move: Rest\n|-heal|p1a: Great Tusk|100\/100 slp|[silent]\n|move|p2a: Alomomola|Wish|p2a: Alomomola\n|\n|-damage|p1a: Great Tusk|88\/100 slp|[from] move: Whirlpool|[partiallytrapped]\n|upkeep\n|turn|39\n|\n|t:|1698761028\n|cant|p1a: Great Tusk|slp\n|move|p2a: Alomomola|Chilling Water|p1a: Great Tusk\n|-crit|p1a: Great Tusk\n|-damage|p1a: Great Tusk|71\/100 slp\n|-unboost|p1a: Great Tusk|atk|1\n|\n|-heal|p2a: Alomomola|100\/100|[from] move: Wish|[wisher] Alomomola\n|-damage|p1a: Great Tusk|58\/100 slp|[from] move: Whirlpool|[partiallytrapped]\n|upkeep\n|turn|40\n|\n|t:|1698761030\n|cant|p1a: Great Tusk|slp\n|move|p2a: Alomomola|Chilling Water|p1a: Great Tusk\n|-damage|p1a: Great Tusk|46\/100 slp\n|\n|-end|p1a: Great Tusk|Whirlpool|[partiallytrapped]\n|upkeep\n|turn|41\n|\n|t:|1698761034\n|-end|p1a: Great Tusk|Protosynthesis|[silent]\n|switch|p1a: Toxapex|Toxapex, F|100\/100\n|-start|p1a: Toxapex|typechange|Poison\/Water\/Dark|[silent]\n|move|p2a: Alomomola|Whirlpool|p1a: Toxapex\n|-resisted|p1a: Toxapex\n|-damage|p1a: Toxapex|98\/100\n|-activate|p1a: Toxapex|move: Whirlpool|[of] p2a: Alomomola\n|\n|-damage|p1a: Toxapex|86\/100|[from] move: Whirlpool|[partiallytrapped]\n|upkeep\n|-start|p1a: Toxapex|typechange|Poison\/Water\/Dark|[silent]\n|turn|42\n|\n|t:|1698761043\n|move|p2a: Alomomola|Protect|p2a: Alomomola\n|-singleturn|p2a: Alomomola|Protect\n|move|p1a: Toxapex|Infestation|p2a: Alomomola\n|-activate|p2a: Alomomola|move: Protect\n|\n|-damage|p1a: Toxapex|74\/100|[from] move: Whirlpool|[partiallytrapped]\n|upkeep\n|turn|43\n|\n|t:|1698761050\n|switch|p2a: Clodsire|Clodsire, F|100\/100\n|-start|p2a: Clodsire|typechange|Poison\/Ground\/Dark|[silent]\n|move|p1a: Toxapex|Toxic Spikes|p2a: Clodsire\n|-sidestart|p2: Apprenti buck|move: Toxic Spikes\n|\n|-end|p1a: Toxapex|Whirlpool|[partiallytrapped]|[silent]\n|upkeep\n|-start|p2a: Clodsire|typechange|Poison\/Ground\/Dark|[silent]\n|turn|44\n|\n|t:|1698761061\n|switch|p1a: Dondozo|Dondozo, M|100\/100\n|-start|p1a: Dondozo|typechange|Water\/Fairy|[silent]\n|switch|p2a: Toxapex|Toxapex, F|100\/100\n|-start|p2a: Toxapex|typechange|Poison\/Water\/Dark|[silent]\n|-sideend|p2: Apprenti buck|move: Toxic Spikes|[of] p2a: Toxapex\n|\n|upkeep\n|-start|p1a: Dondozo|typechange|Water\/Fairy|[silent]\n|-start|p2a: Toxapex|typechange|Poison\/Water\/Dark|[silent]\n|turn|45\n|\n|t:|1698761071\n|switch|p1a: Blissey|Blissey, F|100\/100\n|-start|p1a: Blissey|typechange|Normal\/Ghost|[silent]\n|move|p2a: Toxapex|Infestation|p1a: Blissey\n|-resisted|p1a: Blissey\n|-damage|p1a: Blissey|99\/100\n|-activate|p1a: Blissey|move: Infestation|[of] p2a: Toxapex\n|\n|-damage|p1a: Blissey|88\/100|[from] move: Infestation|[partiallytrapped]\n|upkeep\n|-start|p1a: Blissey|typechange|Normal\/Ghost|[silent]\n|turn|46\n|j|@kenn\n|\n|t:|1698761083\n|switch|p1a: Toxapex|Toxapex, F|100\/100\n|-start|p1a: Toxapex|typechange|Poison\/Water\/Dark|[silent]\n|move|p2a: Toxapex|Chilling Water|p1a: Toxapex\n|-resisted|p1a: Toxapex\n|-damage|p1a: Toxapex|97\/100\n|-unboost|p1a: Toxapex|atk|1\n|\n|upkeep\n|-start|p1a: Toxapex|typechange|Poison\/Water\/Dark|[silent]\n|turn|47\n|\n|t:|1698761087\n|switch|p1a: Blissey|Blissey, F|88\/100\n|-start|p1a: Blissey|typechange|Normal\/Ghost|[silent]\n|move|p2a: Toxapex|Infestation|p1a: Blissey\n|-resisted|p1a: Blissey\n|-damage|p1a: Blissey|87\/100\n|-activate|p1a: Blissey|move: Infestation|[of] p2a: Toxapex\n|\n|-damage|p1a: Blissey|75\/100|[from] move: Infestation|[partiallytrapped]\n|upkeep\n|-start|p1a: Blissey|typechange|Normal\/Ghost|[silent]\n|turn|48\n|\n|t:|1698761090\n|switch|p1a: Toxapex|Toxapex, F|100\/100\n|-start|p1a: Toxapex|typechange|Poison\/Water\/Dark|[silent]\n|move|p2a: Toxapex|Infestation|p1a: Toxapex\n|-damage|p1a: Toxapex|98\/100\n|-activate|p1a: Toxapex|move: Infestation|[of] p2a: Toxapex\n|\n|-damage|p1a: Toxapex|86\/100|[from] move: Infestation|[partiallytrapped]\n|upkeep\n|-start|p1a: Toxapex|typechange|Poison\/Water\/Dark|[silent]\n|turn|49\n|\n|t:|1698761095\n|move|p1a: Toxapex|Infestation|p2a: Toxapex\n|-damage|p2a: Toxapex|98\/100\n|-activate|p2a: Toxapex|move: Infestation|[of] p1a: Toxapex\n|move|p2a: Toxapex|Chilling Water|p1a: Toxapex\n|-resisted|p1a: Toxapex\n|-damage|p1a: Toxapex|82\/100\n|-unboost|p1a: Toxapex|atk|1\n|\n|-damage|p2a: Toxapex|86\/100|[from] move: Infestation|[partiallytrapped]\n|-damage|p1a: Toxapex|69\/100|[from] move: Infestation|[partiallytrapped]\n|upkeep\n|turn|50\n|\n|t:|1698761098\n|move|p2a: Toxapex|Chilling Water|p1a: Toxapex\n|-resisted|p1a: Toxapex\n|-damage|p1a: Toxapex|66\/100\n|-unboost|p1a: Toxapex|atk|1\n|move|p1a: Toxapex|Infestation|p2a: Toxapex\n|-damage|p2a: Toxapex|84\/100\n|\n|-damage|p1a: Toxapex|53\/100|[from] move: Infestation|[partiallytrapped]\n|-damage|p2a: Toxapex|72\/100|[from] move: Infestation|[partiallytrapped]\n|upkeep\n|turn|51\n|\n|t:|1698761101\n|move|p2a: Toxapex|Chilling Water|p1a: Toxapex\n|-resisted|p1a: Toxapex\n|-damage|p1a: Toxapex|49\/100\n|-unboost|p1a: Toxapex|atk|1\n|move|p1a: Toxapex|Infestation|p2a: Toxapex\n|-damage|p2a: Toxapex|69\/100\n|\n|-damage|p1a: Toxapex|37\/100|[from] move: Infestation|[partiallytrapped]\n|-damage|p2a: Toxapex|57\/100|[from] move: Infestation|[partiallytrapped]\n|upkeep\n|turn|52\n|\n|t:|1698761106\n|move|p2a: Toxapex|Chilling Water|p1a: Toxapex\n|-resisted|p1a: Toxapex\n|-damage|p1a: Toxapex|33\/100\n|-unboost|p1a: Toxapex|atk|1\n|move|p1a: Toxapex|Chilling Water|p2a: Toxapex\n|-resisted|p2a: Toxapex\n|-damage|p2a: Toxapex|53\/100\n|-unboost|p2a: Toxapex|atk|1\n|\n|-end|p1a: Toxapex|Infestation|[partiallytrapped]\n|-damage|p2a: Toxapex|41\/100|[from] move: Infestation|[partiallytrapped]\n|upkeep\n|turn|53\n|\n|t:|1698761112\n|switch|p1a: Blissey|Blissey, F|75\/100\n|-start|p1a: Blissey|typechange|Normal\/Ghost|[silent]\n|move|p2a: Toxapex|Infestation|p1a: Blissey\n|-resisted|p1a: Blissey\n|-damage|p1a: Blissey|74\/100\n|-activate|p1a: Blissey|move: Infestation|[of] p2a: Toxapex\n|\n|-damage|p1a: Blissey|62\/100|[from] move: Infestation|[partiallytrapped]\n|-end|p2a: Toxapex|Infestation|[partiallytrapped]\n|upkeep\n|-start|p1a: Blissey|typechange|Normal\/Ghost|[silent]\n|turn|54\n|\n|t:|1698761115\n|switch|p2a: Blissey|Blissey, F|100\/100\n|-start|p2a: Blissey|typechange|Normal\/Ghost|[silent]\n|move|p1a: Blissey|Seismic Toss|p2a: Blissey\n|-immune|p2a: Blissey\n|\n|-end|p1a: Blissey|Infestation|[partiallytrapped]|[silent]\n|upkeep\n|-start|p2a: Blissey|typechange|Normal\/Ghost|[silent]\n|turn|55\n|\n|t:|1698761122\n|switch|p1a: Alomomola|Alomomola, F|96\/100\n|-start|p1a: Alomomola|typechange|Water\/Flying|[silent]\n|-damage|p1a: Alomomola|71\/100|[from] Stealth Rock\n|move|p2a: Blissey|Seismic Toss|p1a: Alomomola\n|-damage|p1a: Alomomola|52\/100\n|\n|upkeep\n|-start|p1a: Alomomola|typechange|Water\/Flying|[silent]\n|turn|56\n|\n|t:|1698761131\n|switch|p1a: Toxapex|Toxapex, F|66\/100\n|-start|p1a: Toxapex|typechange|Poison\/Water\/Dark|[silent]\n|move|p2a: Blissey|Seismic Toss|p1a: Toxapex\n|-damage|p1a: Toxapex|33\/100\n|\n|upkeep\n|-start|p1a: Toxapex|typechange|Poison\/Water\/Dark|[silent]\n|turn|57\n|\n|t:|1698761136\n|switch|p1a: Blissey|Blissey, F|62\/100\n|-start|p1a: Blissey|typechange|Normal\/Ghost|[silent]\n|move|p2a: Blissey|Seismic Toss|p1a: Blissey\n|-immune|p1a: Blissey\n|\n|upkeep\n|-start|p1a: Blissey|typechange|Normal\/Ghost|[silent]\n|turn|58\n|\n|t:|1698761138\n|switch|p1a: Toxapex|Toxapex, F|66\/100\n|-start|p1a: Toxapex|typechange|Poison\/Water\/Dark|[silent]\n|move|p2a: Blissey|Seismic Toss|p1a: Toxapex\n|-damage|p1a: Toxapex|33\/100\n|\n|upkeep\n|-start|p1a: Toxapex|typechange|Poison\/Water\/Dark|[silent]\n|turn|59\n|\n|t:|1698761143\n|switch|p2a: Dondozo|Dondozo, M|100\/100\n|-start|p2a: Dondozo|typechange|Water\/Fairy|[silent]\n|switch|p1a: Blissey|Blissey, F|62\/100\n|-start|p1a: Blissey|typechange|Normal\/Ghost|[silent]\n|\n|upkeep\n|-start|p1a: Blissey|typechange|Normal\/Ghost|[silent]\n|-start|p2a: Dondozo|typechange|Water\/Fairy|[silent]\n|turn|60\n|\n|t:|1698761149\n|switch|p1a: Toxapex|Toxapex, F|67\/100\n|-start|p1a: Toxapex|typechange|Poison\/Water\/Dark|[silent]\n|move|p2a: Dondozo|Earthquake|p1a: Toxapex\n|-supereffective|p1a: Toxapex\n|-damage|p1a: Toxapex|39\/100\n|\n|upkeep\n|-start|p1a: Toxapex|typechange|Poison\/Water\/Dark|[silent]\n|turn|61\n|\n|t:|1698761156\n|switch|p1a: Alomomola|Alomomola, F|85\/100\n|-start|p1a: Alomomola|typechange|Water\/Flying|[silent]\n|-damage|p1a: Alomomola|60\/100|[from] Stealth Rock\n|switch|p2a: Toxapex|Toxapex, F|74\/100\n|-start|p2a: Toxapex|typechange|Poison\/Water\/Dark|[silent]\n|\n|upkeep\n|-start|p1a: Alomomola|typechange|Water\/Flying|[silent]\n|-start|p2a: Toxapex|typechange|Poison\/Water\/Dark|[silent]\n|turn|62\n|\n|t:|1698761161\n|switch|p1a: Blissey|Blissey, F|62\/100\n|-start|p1a: Blissey|typechange|Normal\/Ghost|[silent]\n|switch|p2a: Alomomola|Alomomola, M|100\/100\n|-start|p2a: Alomomola|typechange|Water\/Flying|[silent]\n|-damage|p2a: Alomomola|76\/100|[from] Stealth Rock\n|\n|upkeep\n|-start|p1a: Blissey|typechange|Normal\/Ghost|[silent]\n|-start|p2a: Alomomola|typechange|Water\/Flying|[silent]\n|turn|63\n|\n|t:|1698761169\n|switch|p1a: Clodsire|Clodsire, F|100\/100\n|-start|p1a: Clodsire|typechange|Poison\/Ground\/Dark|[silent]\n|move|p2a: Alomomola|Whirlpool|p1a: Clodsire\n|-supereffective|p1a: Clodsire\n|-damage|p1a: Clodsire|94\/100\n|-activate|p1a: Clodsire|move: Whirlpool|[of] p2a: Alomomola\n|\n|-damage|p1a: Clodsire|81\/100|[from] move: Whirlpool|[partiallytrapped]\n|upkeep\n|-start|p1a: Clodsire|typechange|Poison\/Ground\/Dark|[silent]\n|turn|64\n|\n|t:|1698761176\n|move|p2a: Alomomola|Protect|p2a: Alomomola\n|-singleturn|p2a: Alomomola|Protect\n|move|p1a: Clodsire|Poison Jab|p2a: Alomomola\n|-activate|p2a: Alomomola|move: Protect\n|\n|-damage|p1a: Clodsire|69\/100|[from] move: Whirlpool|[partiallytrapped]\n|upkeep\n|turn|65\n|\n|t:|1698761179\n|switch|p2a: Toxapex|Toxapex, F|100\/100\n|-start|p2a: Toxapex|typechange|Poison\/Water\/Dark|[silent]\n|move|p1a: Clodsire|Poison Jab|p2a: Toxapex\n|-resisted|p2a: Toxapex\n|-damage|p2a: Toxapex|93\/100\n|\n|-end|p1a: Clodsire|Whirlpool|[partiallytrapped]|[silent]\n|upkeep\n|-start|p2a: Toxapex|typechange|Poison\/Water\/Dark|[silent]\n|turn|66\n|\n|t:|1698761187\n|switch|p1a: Toxapex|Toxapex, F|72\/100\n|-start|p1a: Toxapex|typechange|Poison\/Water\/Dark|[silent]\n|move|p2a: Toxapex|Infestation|p1a: Toxapex\n|-damage|p1a: Toxapex|70\/100\n|-activate|p1a: Toxapex|move: Infestation|[of] p2a: Toxapex\n|\n|-damage|p1a: Toxapex|58\/100|[from] move: Infestation|[partiallytrapped]\n|upkeep\n|-start|p1a: Toxapex|typechange|Poison\/Water\/Dark|[silent]\n|turn|67\n|c|\u2606jb291|kenn can you force tie here\n|\n|t:|1698761203\n|move|p2a: Toxapex|Chilling Water|p1a: Toxapex\n|-resisted|p1a: Toxapex\n|-damage|p1a: Toxapex|54\/100\n|-unboost|p1a: Toxapex|atk|1\n|move|p1a: Toxapex|Infestation|p2a: Toxapex\n|-damage|p2a: Toxapex|91\/100\n|-activate|p2a: Toxapex|move: Infestation|[of] p1a: Toxapex\n|\n|-damage|p2a: Toxapex|79\/100|[from] move: Infestation|[partiallytrapped]\n|-damage|p1a: Toxapex|41\/100|[from] move: Infestation|[partiallytrapped]\n|upkeep\n|turn|68\n|\n|t:|1698761217\n|move|p2a: Toxapex|Chilling Water|p1a: Toxapex\n|-resisted|p1a: Toxapex\n|-damage|p1a: Toxapex|37\/100\n|-unboost|p1a: Toxapex|atk|1\n|move|p1a: Toxapex|Chilling Water|p2a: Toxapex\n|-resisted|p2a: Toxapex\n|-damage|p2a: Toxapex|75\/100\n|-unboost|p2a: Toxapex|atk|1\n|\n|-damage|p1a: Toxapex|25\/100|[from] move: Infestation|[partiallytrapped]\n|-damage|p2a: Toxapex|63\/100|[from] move: Infestation|[partiallytrapped]\n|upkeep\n|turn|69\n|\n|t:|1698761221\n|move|p1a: Toxapex|Chilling Water|p2a: Toxapex\n|-resisted|p2a: Toxapex\n|-damage|p2a: Toxapex|58\/100\n|-unboost|p2a: Toxapex|atk|1\n|move|p2a: Toxapex|Chilling Water|p1a: Toxapex\n|-resisted|p1a: Toxapex\n|-damage|p1a: Toxapex|21\/100\n|-unboost|p1a: Toxapex|atk|1\n|\n|-damage|p2a: Toxapex|46\/100|[from] move: Infestation|[partiallytrapped]\n|-damage|p1a: Toxapex|9\/100|[from] move: Infestation|[partiallytrapped]\n|upkeep\n|turn|70\n|\n|t:|1698761224\n|move|p1a: Toxapex|Recover|p1a: Toxapex\n|-heal|p1a: Toxapex|59\/100\n|move|p2a: Toxapex|Recover|p2a: Toxapex\n|-heal|p2a: Toxapex|96\/100\n|\n|-end|p1a: Toxapex|Infestation|[partiallytrapped]\n|-damage|p2a: Toxapex|84\/100|[from] move: Infestation|[partiallytrapped]\n|upkeep\n|turn|71\n|\n|t:|1698761228\n|switch|p1a: Blissey|Blissey, F|62\/100\n|-start|p1a: Blissey|typechange|Normal\/Ghost|[silent]\n|move|p2a: Toxapex|Infestation|p1a: Blissey\n|-resisted|p1a: Blissey\n|-damage|p1a: Blissey|61\/100\n|-activate|p1a: Blissey|move: Infestation|[of] p2a: Toxapex\n|\n|-damage|p1a: Blissey|49\/100|[from] move: Infestation|[partiallytrapped]\n|-end|p2a: Toxapex|Infestation|[partiallytrapped]\n|upkeep\n|-start|p1a: Blissey|typechange|Normal\/Ghost|[silent]\n|turn|72\n|\n|t:|1698761233\n|switch|p1a: Toxapex|Toxapex, F|92\/100\n|-start|p1a: Toxapex|typechange|Poison\/Water\/Dark|[silent]\n|move|p2a: Toxapex|Infestation|p1a: Toxapex\n|-damage|p1a: Toxapex|90\/100\n|-activate|p1a: Toxapex|move: Infestation|[of] p2a: Toxapex\n|\n|-damage|p1a: Toxapex|78\/100|[from] move: Infestation|[partiallytrapped]\n|upkeep\n|-start|p1a: Toxapex|typechange|Poison\/Water\/Dark|[silent]\n|turn|73\n|\n|t:|1698761237\n|switch|p2a: Blissey|Blissey, F|100\/100\n|-start|p2a: Blissey|typechange|Normal\/Ghost|[silent]\n|move|p1a: Toxapex|Toxic Spikes|p2a: Blissey\n|-sidestart|p2: Apprenti buck|move: Toxic Spikes\n|\n|-end|p1a: Toxapex|Infestation|[partiallytrapped]|[silent]\n|upkeep\n|-start|p2a: Blissey|typechange|Normal\/Ghost|[silent]\n|turn|74\n|\n|t:|1698761241\n|switch|p2a: Toxapex|Toxapex, F|100\/100\n|-start|p2a: Toxapex|typechange|Poison\/Water\/Dark|[silent]\n|-sideend|p2: Apprenti buck|move: Toxic Spikes|[of] p2a: Toxapex\n|switch|p1a: Blissey|Blissey, F|49\/100\n|-start|p1a: Blissey|typechange|Normal\/Ghost|[silent]\n|\n|upkeep\n|-start|p1a: Blissey|typechange|Normal\/Ghost|[silent]\n|-start|p2a: Toxapex|typechange|Poison\/Water\/Dark|[silent]\n|turn|75\n|\n|t:|1698761243\n|switch|p1a: Toxapex|Toxapex, F|100\/100\n|-start|p1a: Toxapex|typechange|Poison\/Water\/Dark|[silent]\n|switch|p2a: Blissey|Blissey, F|100\/100\n|-start|p2a: Blissey|typechange|Normal\/Ghost|[silent]\n|\n|upkeep\n|-start|p1a: Toxapex|typechange|Poison\/Water\/Dark|[silent]\n|-start|p2a: Blissey|typechange|Normal\/Ghost|[silent]\n|turn|76\n|\n|t:|1698761253\n|switch|p2a: Toxapex|Toxapex, F|100\/100\n|-start|p2a: Toxapex|typechange|Poison\/Water\/Dark|[silent]\n|switch|p1a: Alomomola|Alomomola, F|94\/100\n|-start|p1a: Alomomola|typechange|Water\/Flying|[silent]\n|-damage|p1a: Alomomola|69\/100|[from] Stealth Rock\n|\n|upkeep\n|-start|p1a: Alomomola|typechange|Water\/Flying|[silent]\n|-start|p2a: Toxapex|typechange|Poison\/Water\/Dark|[silent]\n|turn|77\n|\n|t:|1698761258\n|switch|p1a: Blissey|Blissey, F|49\/100\n|-start|p1a: Blissey|typechange|Normal\/Ghost|[silent]\n|switch|p2a: Blissey|Blissey, F|100\/100\n|-start|p2a: Blissey|typechange|Normal\/Ghost|[silent]\n|\n|upkeep\n|-start|p1a: Blissey|typechange|Normal\/Ghost|[silent]\n|-start|p2a: Blissey|typechange|Normal\/Ghost|[silent]\n|turn|78\n|\n|t:|1698761260\n|switch|p1a: Toxapex|Toxapex, F|100\/100\n|-start|p1a: Toxapex|typechange|Poison\/Water\/Dark|[silent]\n|switch|p2a: Toxapex|Toxapex, F|100\/100\n|-start|p2a: Toxapex|typechange|Poison\/Water\/Dark|[silent]\n|\n|upkeep\n|-start|p1a: Toxapex|typechange|Poison\/Water\/Dark|[silent]\n|-start|p2a: Toxapex|typechange|Poison\/Water\/Dark|[silent]\n|turn|79\n|\n|t:|1698761265\n|switch|p1a: Blissey|Blissey, F|49\/100\n|-start|p1a: Blissey|typechange|Normal\/Ghost|[silent]\n|switch|p2a: Blissey|Blissey, F|100\/100\n|-start|p2a: Blissey|typechange|Normal\/Ghost|[silent]\n|\n|upkeep\n|-start|p1a: Blissey|typechange|Normal\/Ghost|[silent]\n|-start|p2a: Blissey|typechange|Normal\/Ghost|[silent]\n|turn|80\n|\n|t:|1698761267\n|switch|p2a: Toxapex|Toxapex, F|100\/100\n|-start|p2a: Toxapex|typechange|Poison\/Water\/Dark|[silent]\n|switch|p1a: Toxapex|Toxapex, F|100\/100\n|-start|p1a: Toxapex|typechange|Poison\/Water\/Dark|[silent]\n|\n|upkeep\n|-start|p1a: Toxapex|typechange|Poison\/Water\/Dark|[silent]\n|-start|p2a: Toxapex|typechange|Poison\/Water\/Dark|[silent]\n|turn|81\n|\n|t:|1698761279\n|switch|p2a: Blissey|Blissey, F|100\/100\n|-start|p2a: Blissey|typechange|Normal\/Ghost|[silent]\n|switch|p1a: Blissey|Blissey, F|49\/100\n|-start|p1a: Blissey|typechange|Normal\/Ghost|[silent]\n|\n|upkeep\n|-start|p1a: Blissey|typechange|Normal\/Ghost|[silent]\n|-start|p2a: Blissey|typechange|Normal\/Ghost|[silent]\n|turn|82\n|\n|t:|1698761284\n|switch|p2a: Toxapex|Toxapex, F|100\/100\n|-start|p2a: Toxapex|typechange|Poison\/Water\/Dark|[silent]\n|switch|p1a: Alomomola|Alomomola, F|100\/100\n|-start|p1a: Alomomola|typechange|Water\/Flying|[silent]\n|-damage|p1a: Alomomola|76\/100|[from] Stealth Rock\n|\n|upkeep\n|-start|p1a: Alomomola|typechange|Water\/Flying|[silent]\n|-start|p2a: Toxapex|typechange|Poison\/Water\/Dark|[silent]\n|turn|83\n|\n|t:|1698761288\n|switch|p1a: Blissey|Blissey, F|49\/100\n|-start|p1a: Blissey|typechange|Normal\/Ghost|[silent]\n|switch|p2a: Blissey|Blissey, F|100\/100\n|-start|p2a: Blissey|typechange|Normal\/Ghost|[silent]\n|\n|upkeep\n|-start|p1a: Blissey|typechange|Normal\/Ghost|[silent]\n|-start|p2a: Blissey|typechange|Normal\/Ghost|[silent]\n|turn|84\n|\n|t:|1698761290\n|switch|p1a: Toxapex|Toxapex, F|100\/100\n|-start|p1a: Toxapex|typechange|Poison\/Water\/Dark|[silent]\n|switch|p2a: Toxapex|Toxapex, F|100\/100\n|-start|p2a: Toxapex|typechange|Poison\/Water\/Dark|[silent]\n|\n|upkeep\n|-start|p1a: Toxapex|typechange|Poison\/Water\/Dark|[silent]\n|-start|p2a: Toxapex|typechange|Poison\/Water\/Dark|[silent]\n|turn|85\n|\n|t:|1698761297\n|switch|p1a: Alomomola|Alomomola, F|100\/100\n|-start|p1a: Alomomola|typechange|Water\/Flying|[silent]\n|-damage|p1a: Alomomola|76\/100|[from] Stealth Rock\n|switch|p2a: Blissey|Blissey, F|100\/100\n|-start|p2a: Blissey|typechange|Normal\/Ghost|[silent]\n|\n|upkeep\n|-start|p1a: Alomomola|typechange|Water\/Flying|[silent]\n|-start|p2a: Blissey|typechange|Normal\/Ghost|[silent]\n|turn|86\n|\n|t:|1698761302\n|switch|p2a: Toxapex|Toxapex, F|100\/100\n|-start|p2a: Toxapex|typechange|Poison\/Water\/Dark|[silent]\n|move|p1a: Alomomola|Wish|p1a: Alomomola\n|\n|upkeep\n|-start|p2a: Toxapex|typechange|Poison\/Water\/Dark|[silent]\n|turn|87\n|\n|t:|1698761307\n|switch|p1a: Great Tusk|Great Tusk|46\/100 slp\n|-start|p1a: Great Tusk|typechange|Ground\/Fighting\/Water|[silent]\n|-damage|p1a: Great Tusk|43\/100 slp|[from] Stealth Rock\n|-damage|p1a: Great Tusk|18\/100 slp|[from] Spikes\n|move|p2a: Toxapex|Chilling Water|p1a: Great Tusk\n|-damage|p1a: Great Tusk|3\/100 slp\n|-unboost|p1a: Great Tusk|atk|1\n|\n|-heal|p1a: Great Tusk|64\/100 slp|[from] move: Wish|[wisher] Alomomola\n|upkeep\n|-start|p1a: Great Tusk|typechange|Ground\/Fighting\/Water|[silent]\n|turn|88\n|\n|t:|1698761321\n|-end|p1a: Great Tusk|Protosynthesis|[silent]\n|switch|p1a: Toxapex|Toxapex, F|100\/100\n|-start|p1a: Toxapex|typechange|Poison\/Water\/Dark|[silent]\n|switch|p2a: Alomomola|Alomomola, M|100\/100\n|-start|p2a: Alomomola|typechange|Water\/Flying|[silent]\n|-damage|p2a: Alomomola|76\/100|[from] Stealth Rock\n|\n|upkeep\n|-start|p1a: Toxapex|typechange|Poison\/Water\/Dark|[silent]\n|-start|p2a: Alomomola|typechange|Water\/Flying|[silent]\n|turn|89\n|\n|t:|1698761328\n|switch|p2a: Blissey|Blissey, F|100\/100\n|-start|p2a: Blissey|typechange|Normal\/Ghost|[silent]\n|switch|p1a: Blissey|Blissey, F|49\/100\n|-start|p1a: Blissey|typechange|Normal\/Ghost|[silent]\n|\n|upkeep\n|-start|p1a: Blissey|typechange|Normal\/Ghost|[silent]\n|-start|p2a: Blissey|typechange|Normal\/Ghost|[silent]\n|turn|90\n|\n|t:|1698761333\n|switch|p2a: Alomomola|Alomomola, M|100\/100\n|-start|p2a: Alomomola|typechange|Water\/Flying|[silent]\n|-damage|p2a: Alomomola|76\/100|[from] Stealth Rock\n|switch|p1a: Alomomola|Alomomola, F|100\/100\n|-start|p1a: Alomomola|typechange|Water\/Flying|[silent]\n|-damage|p1a: Alomomola|76\/100|[from] Stealth Rock\n|\n|upkeep\n|-start|p1a: Alomomola|typechange|Water\/Flying|[silent]\n|-start|p2a: Alomomola|typechange|Water\/Flying|[silent]\n|turn|91\n|\n|t:|1698761347\n|switch|p2a: Toxapex|Toxapex, F|100\/100\n|-start|p2a: Toxapex|typechange|Poison\/Water\/Dark|[silent]\n|switch|p1a: Blissey|Blissey, F|49\/100\n|-start|p1a: Blissey|typechange|Normal\/Ghost|[silent]\n|\n|upkeep\n|-start|p1a: Blissey|typechange|Normal\/Ghost|[silent]\n|-start|p2a: Toxapex|typechange|Poison\/Water\/Dark|[silent]\n|turn|92\n|\n|t:|1698761355\n|switch|p1a: Toxapex|Toxapex, F|100\/100\n|-start|p1a: Toxapex|typechange|Poison\/Water\/Dark|[silent]\n|switch|p2a: Clodsire|Clodsire, F|100\/100\n|-start|p2a: Clodsire|typechange|Poison\/Ground\/Dark|[silent]\n|\n|upkeep\n|-start|p1a: Toxapex|typechange|Poison\/Water\/Dark|[silent]\n|-start|p2a: Clodsire|typechange|Poison\/Ground\/Dark|[silent]\n|turn|93\n|j| MnMJO vibes\n|\n|t:|1698761372\n|switch|p1a: Blissey|Blissey, F|49\/100\n|-start|p1a: Blissey|typechange|Normal\/Ghost|[silent]\n|switch|p2a: Blissey|Blissey, F|100\/100\n|-start|p2a: Blissey|typechange|Normal\/Ghost|[silent]\n|\n|upkeep\n|-start|p1a: Blissey|typechange|Normal\/Ghost|[silent]\n|-start|p2a: Blissey|typechange|Normal\/Ghost|[silent]\n|turn|94\n|j| Cerberuspraxis\n|\n|t:|1698761386\n|switch|p2a: Clodsire|Clodsire, F|100\/100\n|-start|p2a: Clodsire|typechange|Poison\/Ground\/Dark|[silent]\n|switch|p1a: Toxapex|Toxapex, F|100\/100\n|-start|p1a: Toxapex|typechange|Poison\/Water\/Dark|[silent]\n|\n|upkeep\n|-start|p1a: Toxapex|typechange|Poison\/Water\/Dark|[silent]\n|-start|p2a: Clodsire|typechange|Poison\/Ground\/Dark|[silent]\n|turn|95\n|l| MnMJO vibes\n|\n|t:|1698761391\n|switch|p1a: Dondozo|Dondozo, M|100\/100\n|-start|p1a: Dondozo|typechange|Water\/Fairy|[silent]\n|switch|p2a: Blissey|Blissey, F|100\/100\n|-start|p2a: Blissey|typechange|Normal\/Ghost|[silent]\n|\n|upkeep\n|-start|p1a: Dondozo|typechange|Water\/Fairy|[silent]\n|-start|p2a: Blissey|typechange|Normal\/Ghost|[silent]\n|turn|96\n|j| FakeFantump0\n|j|#KaenSoul\n|j|@longhiep341\n|l| FakeFantump0\n|j| deoxeon the Noob\n|c| deoxeon the Noob|deserved\n|inactive|Apprenti buck has 120 seconds left.\n|\n|t:|1698761431\n|switch|p2a: Alomomola|Alomomola, M|100\/100\n|-start|p2a: Alomomola|typechange|Water\/Flying|[silent]\n|-damage|p2a: Alomomola|76\/100|[from] Stealth Rock\n|switch|p1a: Toxapex|Toxapex, F|100\/100\n|-start|p1a: Toxapex|typechange|Poison\/Water\/Dark|[silent]\n|\n|upkeep\n|-start|p1a: Toxapex|typechange|Poison\/Water\/Dark|[silent]\n|-start|p2a: Alomomola|typechange|Water\/Flying|[silent]\n|turn|97\n|inactive|Apprenti buck has 120 seconds left.\n|\n|t:|1698761439\n|switch|p2a: Blissey|Blissey, F|100\/100\n|-start|p2a: Blissey|typechange|Normal\/Ghost|[silent]\n|switch|p1a: Blissey|Blissey, F|49\/100\n|-start|p1a: Blissey|typechange|Normal\/Ghost|[silent]\n|\n|upkeep\n|-start|p1a: Blissey|typechange|Normal\/Ghost|[silent]\n|-start|p2a: Blissey|typechange|Normal\/Ghost|[silent]\n|turn|98\n|\n|t:|1698761442\n|switch|p2a: Alomomola|Alomomola, M|100\/100\n|-start|p2a: Alomomola|typechange|Water\/Flying|[silent]\n|-damage|p2a: Alomomola|76\/100|[from] Stealth Rock\n|switch|p1a: Toxapex|Toxapex, F|100\/100\n|-start|p1a: Toxapex|typechange|Poison\/Water\/Dark|[silent]\n|\n|upkeep\n|-start|p1a: Toxapex|typechange|Poison\/Water\/Dark|[silent]\n|-start|p2a: Alomomola|typechange|Water\/Flying|[silent]\n|turn|99\n|\n|t:|1698761445\n|switch|p2a: Blissey|Blissey, F|100\/100\n|-start|p2a: Blissey|typechange|Normal\/Ghost|[silent]\n|switch|p1a: Blissey|Blissey, F|49\/100\n|-start|p1a: Blissey|typechange|Normal\/Ghost|[silent]\n|\n|upkeep\n|-start|p1a: Blissey|typechange|Normal\/Ghost|[silent]\n|-start|p2a: Blissey|typechange|Normal\/Ghost|[silent]\n|turn|100\n|\n|t:|1698761448\n|switch|p2a: Dondozo|Dondozo, M|100\/100\n|-start|p2a: Dondozo|typechange|Water\/Fairy|[silent]\n|switch|p1a: Toxapex|Toxapex, F|100\/100\n|-start|p1a: Toxapex|typechange|Poison\/Water\/Dark|[silent]\n|\n|upkeep\n|-start|p1a: Toxapex|typechange|Poison\/Water\/Dark|[silent]\n|-start|p2a: Dondozo|typechange|Water\/Fairy|[silent]\n|turn|101\n|\n|t:|1698761454\n|switch|p2a: Blissey|Blissey, F|100\/100\n|-start|p2a: Blissey|typechange|Normal\/Ghost|[silent]\n|switch|p1a: Alomomola|Alomomola, F|100\/100\n|-start|p1a: Alomomola|typechange|Water\/Flying|[silent]\n|-damage|p1a: Alomomola|76\/100|[from] Stealth Rock\n|\n|upkeep\n|-start|p1a: Alomomola|typechange|Water\/Flying|[silent]\n|-start|p2a: Blissey|typechange|Normal\/Ghost|[silent]\n|turn|102\n|\n|t:|1698761460\n|switch|p1a: Blissey|Blissey, F|49\/100\n|-start|p1a: Blissey|typechange|Normal\/Ghost|[silent]\n|switch|p2a: Alomomola|Alomomola, M|100\/100\n|-start|p2a: Alomomola|typechange|Water\/Flying|[silent]\n|-damage|p2a: Alomomola|76\/100|[from] Stealth Rock\n|\n|upkeep\n|-start|p1a: Blissey|typechange|Normal\/Ghost|[silent]\n|-start|p2a: Alomomola|typechange|Water\/Flying|[silent]\n|turn|103\n|c| deoxeon the Noob|anyway this 'endless battle' setup stinks mine was way cooler\n|l| deoxeon the Noob\n|\n|t:|1698761472\n|switch|p2a: Blissey|Blissey, F|100\/100\n|-start|p2a: Blissey|typechange|Normal\/Ghost|[silent]\n|switch|p1a: Alomomola|Alomomola, F|100\/100\n|-start|p1a: Alomomola|typechange|Water\/Flying|[silent]\n|-damage|p1a: Alomomola|76\/100|[from] Stealth Rock\n|\n|upkeep\n|-start|p1a: Alomomola|typechange|Water\/Flying|[silent]\n|-start|p2a: Blissey|typechange|Normal\/Ghost|[silent]\n|turn|104\n|\n|t:|1698761481\n|switch|p1a: Toxapex|Toxapex, F|100\/100\n|-start|p1a: Toxapex|typechange|Poison\/Water\/Dark|[silent]\n|switch|p2a: Alomomola|Alomomola, M|100\/100\n|-start|p2a: Alomomola|typechange|Water\/Flying|[silent]\n|-damage|p2a: Alomomola|76\/100|[from] Stealth Rock\n|\n|upkeep\n|-start|p1a: Toxapex|typechange|Poison\/Water\/Dark|[silent]\n|-start|p2a: Alomomola|typechange|Water\/Flying|[silent]\n|turn|105\n|l| Cerberuspraxis\n|\n|t:|1698761486\n|switch|p2a: Blissey|Blissey, F|100\/100\n|-start|p2a: Blissey|typechange|Normal\/Ghost|[silent]\n|switch|p1a: Alomomola|Alomomola, F|100\/100\n|-start|p1a: Alomomola|typechange|Water\/Flying|[silent]\n|-damage|p1a: Alomomola|76\/100|[from] Stealth Rock\n|\n|upkeep\n|-start|p1a: Alomomola|typechange|Water\/Flying|[silent]\n|-start|p2a: Blissey|typechange|Normal\/Ghost|[silent]\n|turn|106\n|j| zombeas\n|j|%Gimlaf\n|inactive|Apprenti buck has 120 seconds left.\n|\n|t:|1698761518\n|switch|p1a: Toxapex|Toxapex, F|100\/100\n|-start|p1a: Toxapex|typechange|Poison\/Water\/Dark|[silent]\n|switch|p2a: Alomomola|Alomomola, M|100\/100\n|-start|p2a: Alomomola|typechange|Water\/Flying|[silent]\n|-damage|p2a: Alomomola|76\/100|[from] Stealth Rock\n|\n|upkeep\n|-start|p1a: Toxapex|typechange|Poison\/Water\/Dark|[silent]\n|-start|p2a: Alomomola|typechange|Water\/Flying|[silent]\n|turn|107\n|j| Cerberuspraxis\n|\n|t:|1698761524\n|switch|p2a: Blissey|Blissey, F|100\/100\n|-start|p2a: Blissey|typechange|Normal\/Ghost|[silent]\n|switch|p1a: Alomomola|Alomomola, F|100\/100\n|-start|p1a: Alomomola|typechange|Water\/Flying|[silent]\n|-damage|p1a: Alomomola|76\/100|[from] Stealth Rock\n|\n|upkeep\n|-start|p1a: Alomomola|typechange|Water\/Flying|[silent]\n|-start|p2a: Blissey|typechange|Normal\/Ghost|[silent]\n|turn|108\n|\n|t:|1698761539\n|switch|p1a: Blissey|Blissey, F|49\/100\n|-start|p1a: Blissey|typechange|Normal\/Ghost|[silent]\n|switch|p2a: Alomomola|Alomomola, M|100\/100\n|-start|p2a: Alomomola|typechange|Water\/Flying|[silent]\n|-damage|p2a: Alomomola|76\/100|[from] Stealth Rock\n|\n|upkeep\n|-start|p1a: Blissey|typechange|Normal\/Ghost|[silent]\n|-start|p2a: Alomomola|typechange|Water\/Flying|[silent]\n|turn|109\n|inactive|Apprenti buck has 120 seconds left.\n|\n|t:|1698761546\n|switch|p2a: Blissey|Blissey, F|100\/100\n|-start|p2a: Blissey|typechange|Normal\/Ghost|[silent]\n|switch|p1a: Toxapex|Toxapex, F|100\/100\n|-start|p1a: Toxapex|typechange|Poison\/Water\/Dark|[silent]\n|\n|upkeep\n|-start|p1a: Toxapex|typechange|Poison\/Water\/Dark|[silent]\n|-start|p2a: Blissey|typechange|Normal\/Ghost|[silent]\n|turn|110\n|\n|t:|1698761550\n|switch|p2a: Toxapex|Toxapex, F|100\/100\n|-start|p2a: Toxapex|typechange|Poison\/Water\/Dark|[silent]\n|switch|p1a: Blissey|Blissey, F|49\/100\n|-start|p1a: Blissey|typechange|Normal\/Ghost|[silent]\n|\n|upkeep\n|-start|p1a: Blissey|typechange|Normal\/Ghost|[silent]\n|-start|p2a: Toxapex|typechange|Poison\/Water\/Dark|[silent]\n|turn|111\n|\n|t:|1698761553\n|switch|p1a: Alomomola|Alomomola, F|100\/100\n|-start|p1a: Alomomola|typechange|Water\/Flying|[silent]\n|-damage|p1a: Alomomola|76\/100|[from] Stealth Rock\n|switch|p2a: Clodsire|Clodsire, F|100\/100\n|-start|p2a: Clodsire|typechange|Poison\/Ground\/Dark|[silent]\n|\n|upkeep\n|-start|p1a: Alomomola|typechange|Water\/Flying|[silent]\n|-start|p2a: Clodsire|typechange|Poison\/Ground\/Dark|[silent]\n|turn|112\n|\n|t:|1698761556\n|switch|p1a: Toxapex|Toxapex, F|100\/100\n|-start|p1a: Toxapex|typechange|Poison\/Water\/Dark|[silent]\n|switch|p2a: Alomomola|Alomomola, M|100\/100\n|-start|p2a: Alomomola|typechange|Water\/Flying|[silent]\n|-damage|p2a: Alomomola|76\/100|[from] Stealth Rock\n|\n|upkeep\n|-start|p1a: Toxapex|typechange|Poison\/Water\/Dark|[silent]\n|-start|p2a: Alomomola|typechange|Water\/Flying|[silent]\n|turn|113\n|\n|t:|1698761560\n|switch|p2a: Blissey|Blissey, F|100\/100\n|-start|p2a: Blissey|typechange|Normal\/Ghost|[silent]\n|switch|p1a: Alomomola|Alomomola, F|100\/100\n|-start|p1a: Alomomola|typechange|Water\/Flying|[silent]\n|-damage|p1a: Alomomola|76\/100|[from] Stealth Rock\n|\n|upkeep\n|-start|p1a: Alomomola|typechange|Water\/Flying|[silent]\n|-start|p2a: Blissey|typechange|Normal\/Ghost|[silent]\n|turn|114\n|\n|t:|1698761562\n|switch|p1a: Blissey|Blissey, F|49\/100\n|-start|p1a: Blissey|typechange|Normal\/Ghost|[silent]\n|switch|p2a: Clodsire|Clodsire, F|100\/100\n|-start|p2a: Clodsire|typechange|Poison\/Ground\/Dark|[silent]\n|\n|upkeep\n|-start|p1a: Blissey|typechange|Normal\/Ghost|[silent]\n|-start|p2a: Clodsire|typechange|Poison\/Ground\/Dark|[silent]\n|turn|115\n|\n|t:|1698761566\n|switch|p1a: Clodsire|Clodsire, F|69\/100\n|-start|p1a: Clodsire|typechange|Poison\/Ground\/Dark|[silent]\n|switch|p2a: Dondozo|Dondozo, M|100\/100\n|-start|p2a: Dondozo|typechange|Water\/Fairy|[silent]\n|\n|upkeep\n|-start|p1a: Clodsire|typechange|Poison\/Ground\/Dark|[silent]\n|-start|p2a: Dondozo|typechange|Water\/Fairy|[silent]\n|turn|116\n|\n|t:|1698761569\n|switch|p2a: Toxapex|Toxapex, F|100\/100\n|-start|p2a: Toxapex|typechange|Poison\/Water\/Dark|[silent]\n|switch|p1a: Toxapex|Toxapex, F|100\/100\n|-start|p1a: Toxapex|typechange|Poison\/Water\/Dark|[silent]\n|\n|upkeep\n|-start|p1a: Toxapex|typechange|Poison\/Water\/Dark|[silent]\n|-start|p2a: Toxapex|typechange|Poison\/Water\/Dark|[silent]\n|turn|117\n|\n|t:|1698761577\n|switch|p1a: Alomomola|Alomomola, F|100\/100\n|-start|p1a: Alomomola|typechange|Water\/Flying|[silent]\n|-damage|p1a: Alomomola|76\/100|[from] Stealth Rock\n|switch|p2a: Alomomola|Alomomola, M|100\/100\n|-start|p2a: Alomomola|typechange|Water\/Flying|[silent]\n|-damage|p2a: Alomomola|76\/100|[from] Stealth Rock\n|\n|upkeep\n|-start|p1a: Alomomola|typechange|Water\/Flying|[silent]\n|-start|p2a: Alomomola|typechange|Water\/Flying|[silent]\n|turn|118\n|\n|t:|1698761585\n|switch|p2a: Toxapex|Toxapex, F|100\/100\n|-start|p2a: Toxapex|typechange|Poison\/Water\/Dark|[silent]\n|switch|p1a: Toxapex|Toxapex, F|100\/100\n|-start|p1a: Toxapex|typechange|Poison\/Water\/Dark|[silent]\n|\n|upkeep\n|-start|p1a: Toxapex|typechange|Poison\/Water\/Dark|[silent]\n|-start|p2a: Toxapex|typechange|Poison\/Water\/Dark|[silent]\n|turn|119\n|\n|t:|1698761591\n|switch|p1a: Alomomola|Alomomola, F|100\/100\n|-start|p1a: Alomomola|typechange|Water\/Flying|[silent]\n|-damage|p1a: Alomomola|76\/100|[from] Stealth Rock\n|switch|p2a: Blissey|Blissey, F|100\/100\n|-start|p2a: Blissey|typechange|Normal\/Ghost|[silent]\n|\n|upkeep\n|-start|p1a: Alomomola|typechange|Water\/Flying|[silent]\n|-start|p2a: Blissey|typechange|Normal\/Ghost|[silent]\n|turn|120\n|\n|t:|1698761595\n|switch|p1a: Toxapex|Toxapex, F|100\/100\n|-start|p1a: Toxapex|typechange|Poison\/Water\/Dark|[silent]\n|switch|p2a: Toxapex|Toxapex, F|100\/100\n|-start|p2a: Toxapex|typechange|Poison\/Water\/Dark|[silent]\n|\n|upkeep\n|-start|p1a: Toxapex|typechange|Poison\/Water\/Dark|[silent]\n|-start|p2a: Toxapex|typechange|Poison\/Water\/Dark|[silent]\n|turn|121\n|\n|t:|1698761598\n|switch|p1a: Alomomola|Alomomola, F|100\/100\n|-start|p1a: Alomomola|typechange|Water\/Flying|[silent]\n|-damage|p1a: Alomomola|76\/100|[from] Stealth Rock\n|switch|p2a: Alomomola|Alomomola, M|100\/100\n|-start|p2a: Alomomola|typechange|Water\/Flying|[silent]\n|-damage|p2a: Alomomola|76\/100|[from] Stealth Rock\n|\n|upkeep\n|-start|p1a: Alomomola|typechange|Water\/Flying|[silent]\n|-start|p2a: Alomomola|typechange|Water\/Flying|[silent]\n|turn|122\n|\n|t:|1698761601\n|switch|p2a: Toxapex|Toxapex, F|100\/100\n|-start|p2a: Toxapex|typechange|Poison\/Water\/Dark|[silent]\n|switch|p1a: Clodsire|Clodsire, F|69\/100\n|-start|p1a: Clodsire|typechange|Poison\/Ground\/Dark|[silent]\n|\n|upkeep\n|-start|p1a: Clodsire|typechange|Poison\/Ground\/Dark|[silent]\n|-start|p2a: Toxapex|typechange|Poison\/Water\/Dark|[silent]\n|turn|123\n|\n|t:|1698761606\n|switch|p2a: Dondozo|Dondozo, M|100\/100\n|-start|p2a: Dondozo|typechange|Water\/Fairy|[silent]\n|switch|p1a: Toxapex|Toxapex, F|100\/100\n|-start|p1a: Toxapex|typechange|Poison\/Water\/Dark|[silent]\n|\n|upkeep\n|-start|p1a: Toxapex|typechange|Poison\/Water\/Dark|[silent]\n|-start|p2a: Dondozo|typechange|Water\/Fairy|[silent]\n|turn|124\n|n|\u2606jb291|jb291\n|n|\u203dApprenti buck|apprentibuck\n|n|@kenn|kenn\n|n|+KaenSoul|kaensoul\n|n|+longhiep341|longhiep341\n|n| zombeas|zombeas\n|n| Gimlaf|gimlaf\n|n| Cerberuspraxis|cerberuspraxis\n|-message|jb291 forfeited.\n|\n|win|Apprenti buck\n|l|\u203dApprenti buck\n|l| Cerberuspraxis\n|l|@kenn\n|l| Gimlaf\n|l|+longhiep341\n|l| zombeas\n|l|+KaenSoul\n","uploadtime":1698761795,"views":16,"p1id":"jb291","p2id":"apprentibuck","formatid":"gen9anythinggoes","rating":0,"private":0,"password":""}