{"id":"gen9anythinggoes-1991999023","p1":"Mattattac","p2":"TXEBXXGEYMXN","format":"[Gen 9] Anything Goes","log":"|j|\u203dMattattac\n|j|\u2606TXEBXXGEYMXN\n|t:|1700146447\n|gametype|singles\n|player|p1|Mattattac|nate|1260\n|player|p2|TXEBXXGEYMXN|2|1237\n|teamsize|p1|6\n|teamsize|p2|6\n|gen|9\n|tier|[Gen 9] Anything Goes\n|rated|\n|rule|HP Percentage Mod: HP is shown in percentages\n|rule|Endless Battle Clause: Forcing endless battles is banned\n|clearpoke\n|poke|p1|Calyrex-Shadow|\n|poke|p1|Great Tusk|\n|poke|p1|Volcarona, M|\n|poke|p1|Darkrai|\n|poke|p1|Ogerpon-Hearthflame, F|\n|poke|p1|Greninja-*, M|\n|poke|p2|Flutter Mane|\n|poke|p2|Darkrai|\n|poke|p2|Ogerpon-Hearthflame, F|\n|poke|p2|Glimmora, M|\n|poke|p2|Baxcalibur, M|\n|poke|p2|Zacian-*|\n|teampreview\n|inactive|Battle timer is ON: inactive players will automatically lose when time's up. (requested by Mattattac)\n|\n|t:|1700146462\n|start\n|switch|p1a: Darkrai|Darkrai, shiny|100\/100\n|switch|p2a: Glimmora|Glimmora, M, shiny|100\/100\n|turn|1\n|\n|t:|1700146471\n|move|p1a: Darkrai|Hypnosis|p2a: Glimmora|[miss]\n|-miss|p1a: Darkrai|p2a: Glimmora\n|move|p2a: Glimmora|Toxic Spikes|p1a: Darkrai\n|-sidestart|p1: Mattattac|move: Toxic Spikes\n|\n|upkeep\n|turn|2\n|\n|t:|1700146475\n|move|p1a: Darkrai|Hypnosis|p2a: Glimmora|[miss]\n|-miss|p1a: Darkrai|p2a: Glimmora\n|move|p2a: Glimmora|Spikes|p1a: Darkrai\n|-sidestart|p1: Mattattac|Spikes\n|\n|upkeep\n|turn|3\n|\n|t:|1700146482\n|move|p1a: Darkrai|Hypnosis|p2a: Glimmora\n|-status|p2a: Glimmora|slp|[from] move: Hypnosis\n|cant|p2a: Glimmora|slp\n|\n|-damage|p2a: Glimmora|88\/100 slp|[from] ability: Bad Dreams|[of] p1a: Darkrai\n|upkeep\n|turn|4\n|\n|t:|1700146489\n|move|p1a: Darkrai|Nasty Plot|p1a: Darkrai\n|-boost|p1a: Darkrai|spa|2\n|-curestatus|p2a: Glimmora|slp|[msg]\n|move|p2a: Glimmora|Acid Armor|p2a: Glimmora\n|-boost|p2a: Glimmora|def|2\n|\n|upkeep\n|turn|5\n|\n|t:|1700146498\n|move|p1a: Darkrai|Dark Pulse|p2a: Glimmora\n|-damage|p2a: Glimmora|27\/100\n|move|p2a: Glimmora|Toxic Spikes|p1a: Darkrai\n|-sidestart|p1: Mattattac|move: Toxic Spikes\n|\n|upkeep\n|turn|6\n|\n|t:|1700146503\n|move|p1a: Darkrai|Dark Pulse|p2a: Glimmora\n|-damage|p2a: Glimmora|0 fnt\n|faint|p2a: Glimmora\n|\n|upkeep\n|\n|t:|1700146509\n|switch|p2a: Flutter Mane|Flutter Mane, shiny|100\/100\n|-enditem|p2a: Flutter Mane|Booster Energy\n|-activate|p2a: Flutter Mane|ability: Protosynthesis|[fromitem]\n|-start|p2a: Flutter Mane|protosynthesisspe\n|turn|7\n|\n|t:|1700146517\n|move|p2a: Flutter Mane|Moonblast|p1a: Darkrai\n|-supereffective|p1a: Darkrai\n|-damage|p1a: Darkrai|0 fnt\n|faint|p1a: Darkrai\n|\n|upkeep\n|\n|t:|1700146525\n|switch|p1a: Greninja|Greninja, M, shiny|100\/100\n|-status|p1a: Greninja|tox\n|-damage|p1a: Greninja|88\/100 tox|[from] Spikes\n|turn|8\n|\n|t:|1700146532\n|-terastallize|p1a: Greninja|Poison\n|move|p2a: Flutter Mane|Moonblast|p1a: Greninja\n|-resisted|p1a: Greninja\n|-damage|p1a: Greninja|46\/100 tox\n|move|p1a: Greninja|Tera Blast|p2a: Flutter Mane|[anim] Tera Blast Poison\n|-damage|p2a: Flutter Mane|57\/100\n|\n|-damage|p1a: Greninja|40\/100 tox|[from] psn\n|upkeep\n|turn|9\n|\n|t:|1700146549\n|switch|p1a: Great Tusk|Great Tusk, shiny|100\/100\n|-status|p1a: Great Tusk|tox\n|-damage|p1a: Great Tusk|88\/100 tox|[from] Spikes\n|move|p2a: Flutter Mane|Thunderbolt|p1a: Great Tusk\n|-immune|p1a: Great Tusk\n|\n|-damage|p1a: Great Tusk|82\/100 tox|[from] psn\n|upkeep\n|turn|10\n|\n|t:|1700146559\n|move|p2a: Flutter Mane|Calm Mind|p2a: Flutter Mane\n|-boost|p2a: Flutter Mane|spa|1\n|-boost|p2a: Flutter Mane|spd|1\n|move|p1a: Great Tusk|Headlong Rush|p2a: Flutter Mane\n|-damage|p2a: Flutter Mane|0 fnt\n|-unboost|p1a: Great Tusk|def|1\n|-unboost|p1a: Great Tusk|spd|1\n|faint|p2a: Flutter Mane\n|-end|p2a: Flutter Mane|Protosynthesis|[silent]\n|\n|-damage|p1a: Great Tusk|69\/100 tox|[from] psn\n|upkeep\n|\n|t:|1700146570\n|switch|p2a: Baxcalibur|Baxcalibur, M, shiny|100\/100\n|turn|11\n|\n|t:|1700146574\n|move|p2a: Baxcalibur|Icicle Spear|p1a: Great Tusk\n|-supereffective|p1a: Great Tusk\n|-damage|p1a: Great Tusk|39\/100 tox\n|-supereffective|p1a: Great Tusk\n|-damage|p1a: Great Tusk|12\/100 tox\n|-enditem|p1a: Great Tusk|Salac Berry|[eat]\n|-boost|p1a: Great Tusk|spe|1|[from] item: Salac Berry\n|-supereffective|p1a: Great Tusk\n|-damage|p1a: Great Tusk|0 fnt\n|faint|p1a: Great Tusk\n|-end|p1a: Great Tusk|Protosynthesis|[silent]\n|-hitcount|p1: Great Tusk|3\n|\n|upkeep\n|\n|t:|1700146582\n|switch|p1a: Greninja|Greninja, M, shiny, tera:Poison|40\/100 tox\n|-sideend|p1: Mattattac|move: Toxic Spikes|[of] p1a: Greninja\n|-damage|p1a: Greninja|28\/100 tox|[from] Spikes\n|turn|12\n|\n|t:|1700146593\n|move|p1a: Greninja|Dark Pulse|p2a: Baxcalibur\n|-damage|p2a: Baxcalibur|63\/100\n|move|p2a: Baxcalibur|Icicle Spear|p1a: Greninja\n|-damage|p1a: Greninja|3\/100 tox\n|-damage|p1a: Greninja|0 fnt\n|faint|p1a: Greninja\n|-hitcount|p1: Greninja|2\n|\n|upkeep\n|\n|t:|1700146597\n|switch|p1a: Ogerpon|Ogerpon-Hearthflame, F|100\/100\n|-damage|p1a: Ogerpon|88\/100|[from] Spikes\n|-ability|p1a: Ogerpon|Mold Breaker\n|turn|13\n|\n|t:|1700146605\n|move|p1a: Ogerpon|Trailblaze|p2a: Baxcalibur\n|-resisted|p2a: Baxcalibur\n|-damage|p2a: Baxcalibur|48\/100\n|-boost|p1a: Ogerpon|spe|1\n|move|p2a: Baxcalibur|Icicle Spear|p1a: Ogerpon\n|-damage|p1a: Ogerpon|68\/100\n|-damage|p1a: Ogerpon|49\/100\n|-damage|p1a: Ogerpon|27\/100\n|-damage|p1a: Ogerpon|6\/100\n|-hitcount|p1a: Ogerpon|4\n|\n|upkeep\n|turn|14\n|\n|t:|1700146617\n|move|p1a: Ogerpon|Ivy Cudgel|p2a: Baxcalibur|[anim] Ivy Cudgel Fire\n|-damage|p2a: Baxcalibur|0 fnt\n|faint|p2a: Baxcalibur\n|\n|upkeep\n|\n|t:|1700146621\n|switch|p2a: Ogerpon|Ogerpon-Hearthflame, F|100\/100\n|-ability|p2a: Ogerpon|Mold Breaker\n|turn|15\n|\n|t:|1700146625\n|move|p1a: Ogerpon|Ivy Cudgel|p2a: Ogerpon|[anim] Ivy Cudgel Fire\n|-damage|p2a: Ogerpon|24\/100\n|move|p2a: Ogerpon|Horn Leech|p1a: Ogerpon\n|-resisted|p1a: Ogerpon\n|-damage|p1a: Ogerpon|0 fnt\n|-heal|p2a: Ogerpon|27\/100|[from] drain|[of] p1a: Ogerpon\n|faint|p1a: Ogerpon\n|\n|upkeep\n|\n|t:|1700146630\n|switch|p1a: Volcarona|Volcarona, M, shiny|100\/100\n|turn|16\n|\n|t:|1700146636\n|move|p2a: Ogerpon|Ivy Cudgel|p1a: Volcarona|[anim] Ivy Cudgel Fire\n|-crit|p1a: Volcarona\n|-damage|p1a: Volcarona|0 fnt\n|faint|p1a: Volcarona\n|\n|upkeep\n|\n|t:|1700146639\n|switch|p1a: Calyrex|Calyrex-Shadow|100\/100\n|-ability|p1a: Calyrex|As One\n|-ability|p1a: Calyrex|Unnerve\n|-damage|p1a: Calyrex|88\/100|[from] Spikes\n|turn|17\n|\n|t:|1700146655\n|move|p1a: Calyrex|Astral Barrage|p2a: Ogerpon\n|-damage|p2a: Ogerpon|0 fnt\n|faint|p2a: Ogerpon\n|-ability|p1a: Calyrex|Grim Neigh|boost\n|-boost|p1a: Calyrex|spa|1\n|\n|upkeep\n|\n|t:|1700146662\n|switch|p2a: Zacian|Zacian-Crowned|100\/100\n|-ability|p2a: Zacian|Intrepid Sword|boost\n|-boost|p2a: Zacian|atk|1\n|turn|18\n|inactive|TXEBXXGEYMXN has 120 seconds left.\n|\n|t:|1700146699\n|move|p1a: Calyrex|Astral Barrage|p2a: Zacian\n|-damage|p2a: Zacian|0 fnt\n|faint|p2a: Zacian\n|-ability|p1a: Calyrex|Grim Neigh|boost\n|-boost|p1a: Calyrex|spa|1\n|\n|upkeep\n|l|\u2606TXEBXXGEYMXN\n|inactive|TXEBXXGEYMXN disconnected and has a minute to reconnect!\n|player|p2|\n|inactive|TXEBXXGEYMXN has 30 seconds to reconnect!\n|inactive|TXEBXXGEYMXN has 20 seconds to reconnect!\n|inactive|TXEBXXGEYMXN has 15 seconds to reconnect!\n|inactive|TXEBXXGEYMXN has 10 seconds to reconnect!\n|inactive|TXEBXXGEYMXN has 5 seconds to reconnect!\n|-message|TXEBXXGEYMXN lost due to inactivity.\n|\n|win|Mattattac\n|raw|Mattattac's rating: 1260 &rarr; <strong>1283<\/strong><br \/>(+23 for winning)\n|raw|TXEBXXGEYMXN's rating: 1237 &rarr; <strong>1214<\/strong><br \/>(-23 for losing)\n","uploadtime":1700146767,"views":6,"p1id":"mattattac","p2id":"txebxxgeymxn","formatid":"gen9anythinggoes","rating":1214,"private":0,"password":""}