{"id":"gen9anythinggoes-1981244325","p1":"Vonrien","p2":"Luis324p","format":"[Gen 9] Anything Goes","log":"|j|\u2606Vonrien\n|j|\u2606Luis324p\n|t:|1698875814\n|gametype|singles\n|player|p1|Vonrien|hilbert|1183\n|player|p2|Luis324p|unknown|1206\n|teamsize|p1|6\n|teamsize|p2|6\n|gen|9\n|tier|[Gen 9] Anything Goes\n|rated|\n|rule|HP Percentage Mod: HP is shown in percentages\n|rule|Endless Battle Clause: Forcing endless battles is banned\n|clearpoke\n|poke|p1|Darkrai|\n|poke|p1|Gastrodon, F|\n|poke|p1|Dragonite, F|\n|poke|p1|Chandelure, F|\n|poke|p1|Sneasler, M|\n|poke|p1|Decidueye, M|\n|poke|p2|Shaymin-Sky|\n|poke|p2|Clefable, M|\n|poke|p2|Zamazenta-*|\n|poke|p2|Koraidon|\n|poke|p2|Gliscor, M|\n|poke|p2|Shiftry, F|\n|teampreview\n|inactive|Battle timer is ON: inactive players will automatically lose when time's up. (requested by Vonrien)\n|\n|t:|1698875855\n|start\n|switch|p1a: Lala|Gastrodon, F|100\/100\n|switch|p2a: Bled|Zamazenta|100\/100\n|-ability|p2a: Bled|Dauntless Shield|boost\n|-boost|p2a: Bled|def|1\n|turn|1\n|\n|t:|1698875881\n|move|p2a: Bled|Iron Defense|p2a: Bled\n|-boost|p2a: Bled|def|2\n|move|p1a: Lala|Earth Power|p2a: Bled\n|-damage|p2a: Bled|71\/100\n|\n|upkeep\n|turn|2\n|\n|t:|1698875895\n|move|p2a: Bled|Iron Defense|p2a: Bled\n|-boost|p2a: Bled|def|2\n|move|p1a: Lala|Earth Power|p2a: Bled\n|-damage|p2a: Bled|41\/100\n|\n|upkeep\n|turn|3\n|\n|t:|1698875900\n|move|p2a: Bled|Body Press|p1a: Lala\n|-damage|p1a: Lala|0 fnt\n|faint|p1a: Lala\n|\n|upkeep\n|\n|t:|1698875904\n|switch|p1a: Shin|Chandelure, F, shiny|100\/100\n|turn|4\n|\n|t:|1698875922\n|move|p1a: Shin|Fire Blast|p2a: Bled\n|-damage|p2a: Bled|0 fnt\n|faint|p2a: Bled\n|\n|upkeep\n|\n|t:|1698875929\n|switch|p2a: Pinzas|Gliscor, M|100\/100\n|turn|5\n|\n|t:|1698875942\n|switch|p1a: Fin|Decidueye, M|100\/100\n|move|p2a: Pinzas|Swords Dance|p2a: Pinzas\n|-boost|p2a: Pinzas|atk|2\n|\n|-status|p2a: Pinzas|tox|[from] item: Toxic Orb\n|upkeep\n|turn|6\n|\n|t:|1698875962\n|move|p2a: Pinzas|Dual Wingbeat|p1a: Fin\n|-supereffective|p1a: Fin\n|-damage|p1a: Fin|10\/100\n|-supereffective|p1a: Fin\n|-damage|p1a: Fin|0 fnt\n|faint|p1a: Fin\n|-hitcount|p1: Fin|2\n|\n|upkeep\n|inactive|Vonrien has 120 seconds left.\n|\n|t:|1698875983\n|switch|p1a: Rai|Darkrai|100\/100\n|turn|7\n|inactive|Vonrien has 120 seconds left.\n|\n|t:|1698876002\n|move|p1a: Rai|Blizzard|p2a: Pinzas\n|-supereffective|p2a: Pinzas\n|-damage|p2a: Pinzas|0 fnt\n|faint|p2a: Pinzas\n|\n|upkeep\n|\n|t:|1698876010\n|switch|p2a: Gosh|Koraidon|100\/100\n|-weather|SunnyDay|[from] ability: Orichalcum Pulse|[of] p2a: Gosh\n|-activate|p2a: Gosh|Orichalcum Pulse|[source]\n|turn|8\n|\n|t:|1698876018\n|switch|p1a: Shin|Chandelure, F, shiny|100\/100\n|move|p2a: Gosh|Flame Charge|p1a: Shin\n|-start|p1a: Shin|ability: Flash Fire\n|\n|-weather|SunnyDay|[upkeep]\n|upkeep\n|turn|9\n|\n|t:|1698876027\n|move|p1a: Shin|Fire Blast|p2a: Gosh\n|-resisted|p2a: Gosh\n|-damage|p2a: Gosh|25\/100\n|move|p2a: Gosh|Swords Dance|p2a: Gosh\n|-boost|p2a: Gosh|atk|2\n|\n|-weather|SunnyDay|[upkeep]\n|upkeep\n|turn|10\n|\n|t:|1698876038\n|move|p1a: Shin|Fire Blast|p2a: Gosh\n|-resisted|p2a: Gosh\n|-damage|p2a: Gosh|0 fnt\n|faint|p2a: Gosh\n|\n|-weather|SunnyDay|[upkeep]\n|upkeep\n|\n|t:|1698876053\n|switch|p2a: Star|Clefable, M|100\/100\n|turn|11\n|\n|t:|1698876067\n|-end|p1a: Shin|ability: Flash Fire|[silent]\n|switch|p1a: Rai|Darkrai|100\/100\n|move|p2a: Star|Cosmic Power|p2a: Star\n|-boost|p2a: Star|def|1\n|-boost|p2a: Star|spd|1\n|\n|-weather|SunnyDay|[upkeep]\n|upkeep\n|turn|12\n|\n|t:|1698876081\n|move|p1a: Rai|Thunder|p2a: Star\n|-damage|p2a: Star|72\/100\n|move|p2a: Star|Cosmic Power|p2a: Star\n|-boost|p2a: Star|def|1\n|-boost|p2a: Star|spd|1\n|\n|-weather|none\n|-heal|p2a: Star|78\/100|[from] item: Leftovers\n|upkeep\n|turn|13\n|\n|t:|1698876108\n|switch|p1a: Nilo|Sneasler, M|100\/100\n|move|p2a: Star|Dazzling Gleam|p1a: Nilo\n|-crit|p1a: Nilo\n|-damage|p1a: Nilo|31\/100\n|\n|-heal|p2a: Star|84\/100|[from] item: Leftovers\n|upkeep\n|turn|14\n|\n|t:|1698876119\n|move|p1a: Nilo|Dire Claw|p2a: Star\n|-supereffective|p2a: Star\n|-damage|p2a: Star|39\/100\n|-status|p2a: Star|par\n|move|p2a: Star|Moonlight|p2a: Star\n|-heal|p2a: Star|89\/100 par\n|\n|-heal|p2a: Star|95\/100 par|[from] item: Leftovers\n|upkeep\n|turn|15\n|\n|t:|1698876133\n|move|p1a: Nilo|Swords Dance|p1a: Nilo\n|-boost|p1a: Nilo|atk|2\n|move|p2a: Star|Dazzling Gleam|p1a: Nilo\n|-damage|p1a: Nilo|0 fnt\n|faint|p1a: Nilo\n|\n|-heal|p2a: Star|100\/100 par|[from] item: Leftovers\n|upkeep\n|\n|t:|1698876149\n|switch|p1a: Rita|Dragonite, F|100\/100\n|turn|16\n|\n|t:|1698876160\n|-terastallize|p1a: Rita|Steel\n|move|p1a: Rita|Dragon Dance|p1a: Rita\n|-boost|p1a: Rita|atk|1\n|-boost|p1a: Rita|spe|1\n|move|p2a: Star|Cosmic Power|p2a: Star\n|-boost|p2a: Star|def|1\n|-boost|p2a: Star|spd|1\n|\n|upkeep\n|turn|17\n|\n|t:|1698876180\n|move|p1a: Rita|Iron Head|p2a: Star\n|-supereffective|p2a: Star\n|-damage|p2a: Star|11\/100 par\n|-damage|p1a: Rita|91\/100|[from] item: Life Orb\n|cant|p2a: Star|par\n|\n|-heal|p2a: Star|18\/100 par|[from] item: Leftovers\n|upkeep\n|turn|18\n|\n|t:|1698876188\n|move|p1a: Rita|Iron Head|p2a: Star\n|-supereffective|p2a: Star\n|-damage|p2a: Star|0 fnt\n|faint|p2a: Star\n|-damage|p1a: Rita|81\/100|[from] item: Life Orb\n|\n|upkeep\n|inactive|Luis324p has 120 seconds left.\n|\n|t:|1698876213\n|switch|p2a: Mactros|Shiftry, F|100\/100\n|turn|19\n|\n|t:|1698876217\n|move|p1a: Rita|Dragon Dance|p1a: Rita\n|-boost|p1a: Rita|atk|1\n|-boost|p1a: Rita|spe|1\n|move|p2a: Mactros|Tailwind|p2a: Mactros\n|-sidestart|p2: Luis324p|move: Tailwind\n|-ability|p2a: Mactros|Wind Rider|boost\n|-boost|p2a: Mactros|atk|1\n|\n|upkeep\n|turn|20\n|\n|t:|1698876223\n|move|p2a: Mactros|Sucker Punch|p1a: Rita\n|-damage|p1a: Rita|32\/100\n|move|p1a: Rita|Iron Head|p2a: Mactros\n|-enditem|p2a: Mactros|Focus Sash\n|-damage|p2a: Mactros|1\/100\n|-damage|p1a: Rita|22\/100|[from] item: Life Orb\n|\n|upkeep\n|turn|21\n|\n|t:|1698876230\n|move|p1a: Rita|Extreme Speed|p2a: Mactros\n|-damage|p2a: Mactros|0 fnt\n|faint|p2a: Mactros\n|-damage|p1a: Rita|12\/100|[from] item: Life Orb\n|\n|upkeep\n|\n|t:|1698876233\n|switch|p2a: Cream|Shaymin-Sky|100\/100\n|turn|22\n|\n|t:|1698876240\n|move|p1a: Rita|Extreme Speed|p2a: Cream\n|-enditem|p2a: Cream|Focus Sash\n|-damage|p2a: Cream|1\/100\n|-damage|p1a: Rita|2\/100|[from] item: Life Orb\n|move|p2a: Cream|Psychic|p1a: Rita\n|-resisted|p1a: Rita\n|-damage|p1a: Rita|0 fnt\n|faint|p1a: Rita\n|\n|-sideend|p2: Luis324p|move: Tailwind\n|upkeep\n|\n|t:|1698876252\n|switch|p1a: Shin|Chandelure, F, shiny|100\/100\n|turn|23\n|\n|t:|1698876257\n|move|p1a: Shin|Shadow Ball|p2a: Cream\n|-damage|p2a: Cream|0 fnt\n|faint|p2a: Cream\n|\n|win|Vonrien\n|raw|Vonrien's rating: 1183 &rarr; <strong>1210<\/strong><br \/>(+27 for winning)\n|raw|Luis324p's rating: 1206 &rarr; <strong>1179<\/strong><br \/>(-27 for losing)\n|l|\u2606Luis324p\n","uploadtime":1698876263,"views":6,"p1id":"vonrien","p2id":"luis324p","formatid":"gen9anythinggoes","rating":1179,"private":0,"password":""}