{"id":"gen9anythinggoes-1986886735","p1":"StellarMudkip","p2":"DiffusionDiff","format":"[Gen 9] Anything Goes","log":"|j|\u2606StellarMudkip\n|j|\u2606DiffusionDiff\n|t:|1699537885\n|gametype|singles\n|player|p1|StellarMudkip|roark|1243\n|player|p2|DiffusionDiff|riley|1280\n|teamsize|p1|6\n|teamsize|p2|6\n|gen|9\n|tier|[Gen 9] Anything Goes\n|rated|\n|rule|HP Percentage Mod: HP is shown in percentages\n|rule|Endless Battle Clause: Forcing endless battles is banned\n|clearpoke\n|poke|p1|Azumarill, F|\n|poke|p1|Maushold-Four|\n|poke|p1|Pawmot, M|\n|poke|p1|Lurantis, F|\n|poke|p1|Iron Bundle|\n|poke|p1|Gliscor, M|\n|poke|p2|Maushold-Four|\n|poke|p2|Flutter Mane|\n|poke|p2|Miraidon|\n|poke|p2|Rabsca, M|\n|poke|p2|Garganacl, F|\n|poke|p2|Houndstone, M|\n|teampreview\n|inactive|Battle timer is ON: inactive players will automatically lose when time's up. (requested by StellarMudkip)\n|\n|t:|1699537894\n|start\n|switch|p1a: Volt|Pawmot, M|100\/100\n|switch|p2a: DeMarco|Miraidon|100\/100\n|-fieldstart|move: Electric Terrain|[from] ability: Hadron Engine|[of] p2a: DeMarco\n|turn|1\n|\n|t:|1699537901\n|move|p2a: DeMarco|Dragon Pulse|p1a: Volt\n|-damage|p1a: Volt|0 fnt\n|faint|p1a: Volt\n|\n|upkeep\n|\n|t:|1699537905\n|switch|p1a: Bubbles|Azumarill, F|100\/100\n|turn|2\n|\n|t:|1699537908\n|-terastallize|p2a: DeMarco|Electric\n|move|p2a: DeMarco|Electro Drift|p1a: Bubbles\n|-supereffective|p1a: Bubbles\n|-damage|p1a: Bubbles|0 fnt\n|faint|p1a: Bubbles\n|\n|upkeep\n|\n|t:|1699537914\n|switch|p1a: Scorp|Gliscor, M|100\/100\n|turn|3\n|\n|t:|1699537918\n|move|p2a: DeMarco|Dragon Pulse|p1a: Scorp\n|-damage|p1a: Scorp|12\/100\n|move|p1a: Scorp|Earthquake|p2a: DeMarco\n|-supereffective|p2a: DeMarco\n|-damage|p2a: DeMarco|30\/100\n|\n|-status|p1a: Scorp|tox|[from] item: Toxic Orb\n|upkeep\n|turn|4\n|\n|t:|1699537926\n|move|p2a: DeMarco|Dragon Pulse|p1a: Scorp\n|-damage|p1a: Scorp|0 fnt\n|faint|p1a: Scorp\n|\n|upkeep\n|\n|t:|1699537929\n|switch|p1a: D3l1b1rd|Iron Bundle|100\/100\n|-activate|p1a: D3l1b1rd|ability: Quark Drive\n|-start|p1a: D3l1b1rd|quarkdrivespe\n|turn|5\n|\n|t:|1699537936\n|move|p1a: D3l1b1rd|Ice Beam|p2a: DeMarco\n|-damage|p2a: DeMarco|2\/100\n|-status|p2a: DeMarco|frz\n|cant|p2a: DeMarco|frz\n|\n|-fieldend|move: Electric Terrain\n|-end|p1a: D3l1b1rd|Quark Drive\n|upkeep\n|-enditem|p1a: D3l1b1rd|Booster Energy\n|-activate|p1a: D3l1b1rd|ability: Quark Drive|[fromitem]\n|-start|p1a: D3l1b1rd|quarkdrivespe\n|turn|6\n|\n|t:|1699537950\n|move|p1a: D3l1b1rd|Chilling Water|p2a: DeMarco\n|-damage|p2a: DeMarco|0 fnt\n|faint|p2a: DeMarco\n|\n|upkeep\n|\n|t:|1699537952\n|switch|p2a: Flutter Mane|Flutter Mane, shiny|100\/100\n|turn|7\n|\n|t:|1699537959\n|-terastallize|p1a: D3l1b1rd|Ice\n|move|p1a: D3l1b1rd|Ice Beam|p2a: Flutter Mane\n|-damage|p2a: Flutter Mane|37\/100\n|move|p2a: Flutter Mane|Moonblast|p1a: D3l1b1rd\n|-damage|p1a: D3l1b1rd|0 fnt\n|faint|p1a: D3l1b1rd\n|-end|p1a: D3l1b1rd|Quark Drive|[silent]\n|-damage|p2a: Flutter Mane|27\/100|[from] item: Life Orb\n|\n|upkeep\n|\n|t:|1699537967\n|switch|p1a: Smoll Family|Maushold-Four|100\/100\n|turn|8\n|\n|t:|1699537972\n|move|p2a: Flutter Mane|Moonblast|p1a: Smoll Family\n|-damage|p1a: Smoll Family|2\/100\n|-unboost|p1a: Smoll Family|spa|1\n|-damage|p2a: Flutter Mane|17\/100|[from] item: Life Orb\n|move|p1a: Smoll Family|Crunch|p2a: Flutter Mane\n|-damage|p2a: Flutter Mane|0 fnt\n|faint|p2a: Flutter Mane\n|-end|p2a: Flutter Mane|Protosynthesis|[silent]\n|\n|upkeep\n|\n|t:|1699537978\n|switch|p2a: Maushold|Maushold-Four|100\/100\n|turn|9\n|\n|t:|1699537985\n|move|p2a: Maushold|Population Bomb|p1a: Smoll Family\n|-damage|p1a: Smoll Family|0 fnt\n|faint|p1a: Smoll Family\n|-hitcount|p1: Smoll Family|1\n|\n|upkeep\n|\n|t:|1699537990\n|switch|p1a: Sakura|Lurantis, F|100\/100\n|turn|10\n|\n|t:|1699537993\n|move|p2a: Maushold|Population Bomb|p1a: Sakura\n|-damage|p1a: Sakura|85\/100\n|-damage|p1a: Sakura|70\/100\n|-damage|p1a: Sakura|55\/100\n|-damage|p1a: Sakura|41\/100\n|-damage|p1a: Sakura|25\/100\n|-enditem|p1a: Sakura|Iapapa Berry|[eat]\n|-heal|p1a: Sakura|58\/100|[from] item: Iapapa Berry\n|-damage|p1a: Sakura|42\/100\n|-hitcount|p1a: Sakura|6\n|move|p1a: Sakura|Superpower|p2a: Maushold\n|-supereffective|p2a: Maushold\n|-damage|p2a: Maushold|0 fnt\n|-boost|p1a: Sakura|atk|1\n|-boost|p1a: Sakura|def|1\n|faint|p2a: Maushold\n|\n|upkeep\n|\n|t:|1699538001\n|switch|p2a: Houndstone|Houndstone, M|100\/100\n|turn|11\n|\n|t:|1699538010\n|move|p1a: Sakura|Knock Off|p2a: Houndstone\n|-supereffective|p2a: Houndstone\n|-damage|p2a: Houndstone|51\/100\n|-enditem|p2a: Houndstone|Assault Vest|[from] move: Knock Off|[of] p1a: Sakura\n|move|p2a: Houndstone|Last Respects|p1a: Sakura\n|-damage|p1a: Sakura|0 fnt\n|faint|p1a: Sakura\n|\n|win|DiffusionDiff\n|raw|StellarMudkip's rating: 1243 &rarr; <strong>1221<\/strong><br \/>(-22 for losing)\n|raw|DiffusionDiff's rating: 1280 &rarr; <strong>1302<\/strong><br \/>(+22 for winning)\n","uploadtime":1699538013,"views":6,"p1id":"stellarmudkip","p2id":"diffusiondiff","formatid":"gen9anythinggoes","rating":1221,"private":0,"password":""}