{"id":"gen9anythinggoes-1996650914","p1":"GildedSapphire","p2":"Belibolt&Iono","format":"[Gen 9] Anything Goes","log":"|j|\u2606GildedSapphire\n|j|\u2606Belibolt&Iono\n|t:|1700705261\n|gametype|singles\n|player|p1|GildedSapphire|wallace|1199\n|player|p2|Belibolt&Iono|iono|1211\n|teamsize|p1|6\n|teamsize|p2|6\n|gen|9\n|tier|[Gen 9] Anything Goes\n|rated|\n|rule|HP Percentage Mod: HP is shown in percentages\n|rule|Endless Battle Clause: Forcing endless battles is banned\n|clearpoke\n|poke|p1|Gliscor, M|\n|poke|p1|Drifblim, M|\n|poke|p1|Clodsire, M|\n|poke|p1|Toxapex, M|\n|poke|p1|Skeledirge, M|\n|poke|p1|Calyrex-Shadow|\n|poke|p2|Miraidon|\n|poke|p2|Iron Bundle|\n|poke|p2|Iron Leaves|\n|poke|p2|Iron Moth|\n|poke|p2|Iron Valiant|\n|poke|p2|Iron Hands|\n|teampreview\n|inactive|Battle timer is ON: inactive players will automatically lose when time's up. (requested by Belibolt&Iono)\n|\n|t:|1700705265\n|start\n|switch|p1a: Clodsire|Clodsire, M, shiny|100\/100\n|switch|p2a: Miraidon|Miraidon|100\/100\n|-fieldstart|move: Electric Terrain|[from] ability: Hadron Engine|[of] p2a: Miraidon\n|turn|1\n|\n|t:|1700705274\n|switch|p2a: Iron Bundle|Iron Bundle|100\/100\n|-activate|p2a: Iron Bundle|ability: Quark Drive\n|-start|p2a: Iron Bundle|quarkdrivespe\n|move|p1a: Clodsire|Toxic|p2a: Iron Bundle\n|-status|p2a: Iron Bundle|tox\n|\n|-damage|p2a: Iron Bundle|95\/100 tox|[from] psn\n|upkeep\n|turn|2\n|\n|t:|1700705284\n|move|p2a: Iron Bundle|Freeze-Dry|p1a: Clodsire\n|-supereffective|p1a: Clodsire\n|-damage|p1a: Clodsire|26\/100\n|-status|p1a: Clodsire|frz\n|cant|p1a: Clodsire|frz\n|\n|-heal|p1a: Clodsire|33\/100 frz|[from] item: Leftovers\n|-damage|p2a: Iron Bundle|83\/100 tox|[from] psn\n|upkeep\n|turn|3\n|\n|t:|1700705295\n|move|p2a: Iron Bundle|Freeze-Dry|p1a: Clodsire\n|-supereffective|p1a: Clodsire\n|-damage|p1a: Clodsire|0 fnt\n|faint|p1a: Clodsire\n|\n|-damage|p2a: Iron Bundle|65\/100 tox|[from] psn\n|upkeep\n|\n|t:|1700705303\n|switch|p1a: Drifblim|Drifblim, M, shiny|100\/100\n|turn|4\n|\n|t:|1700705306\n|move|p2a: Iron Bundle|Freeze-Dry|p1a: Drifblim\n|-supereffective|p1a: Drifblim\n|-damage|p1a: Drifblim|23\/100\n|move|p1a: Drifblim|Minimize|p1a: Drifblim\n|-boost|p1a: Drifblim|evasion|2\n|\n|-heal|p1a: Drifblim|29\/100|[from] item: Leftovers\n|-damage|p2a: Iron Bundle|41\/100 tox|[from] psn\n|upkeep\n|turn|5\n|\n|t:|1700705318\n|move|p2a: Iron Bundle|Freeze-Dry|p1a: Drifblim\n|-supereffective|p1a: Drifblim\n|-damage|p1a: Drifblim|0 fnt\n|faint|p1a: Drifblim\n|\n|-damage|p2a: Iron Bundle|12\/100 tox|[from] psn\n|-fieldend|move: Electric Terrain\n|-end|p2a: Iron Bundle|Quark Drive\n|upkeep\n|\n|t:|1700705326\n|switch|p1a: Skeledirge|Skeledirge, M|100\/100\n|turn|6\n|\n|t:|1700705332\n|move|p2a: Iron Bundle|Freeze-Dry|p1a: Skeledirge\n|-resisted|p1a: Skeledirge\n|-damage|p1a: Skeledirge|74\/100\n|move|p1a: Skeledirge|Torch Song|p2a: Iron Bundle\n|-damage|p2a: Iron Bundle|0 fnt\n|-boost|p1a: Skeledirge|spa|1\n|faint|p2a: Iron Bundle\n|-end|p2a: Iron Bundle|Quark Drive|[silent]\n|\n|upkeep\n|\n|t:|1700705335\n|switch|p2a: Miraidon|Miraidon|100\/100\n|-fieldstart|move: Electric Terrain|[from] ability: Hadron Engine|[of] p2a: Miraidon\n|turn|7\n|\n|t:|1700705344\n|-terastallize|p2a: Miraidon|Electric\n|move|p2a: Miraidon|Volt Switch|p1a: Skeledirge\n|-damage|p1a: Skeledirge|0 fnt\n|faint|p1a: Skeledirge\n|\n|t:|1700705349\n|switch|p2a: Iron Hands|Iron Hands|100\/100|[from] Volt Switch\n|-activate|p2a: Iron Hands|ability: Quark Drive\n|-start|p2a: Iron Hands|quarkdriveatk\n|\n|upkeep\n|\n|t:|1700705355\n|switch|p1a: Gliscor|Gliscor, M, shiny|100\/100\n|turn|8\n|\n|t:|1700705371\n|move|p2a: Iron Hands|Fake Out|p1a: Gliscor\n|-damage|p1a: Gliscor|88\/100\n|cant|p1a: Gliscor|flinch\n|\n|-status|p1a: Gliscor|tox|[from] item: Toxic Orb\n|upkeep\n|turn|9\n|\n|t:|1700705378\n|move|p1a: Gliscor|Earthquake|p2a: Iron Hands\n|-supereffective|p2a: Iron Hands\n|-damage|p2a: Iron Hands|55\/100\n|move|p2a: Iron Hands|Ice Punch|p1a: Gliscor\n|-supereffective|p1a: Gliscor\n|-damage|p1a: Gliscor|2\/100 tox\n|\n|-heal|p1a: Gliscor|14\/100 tox|[from] ability: Poison Heal\n|upkeep\n|turn|10\n|\n|t:|1700705388\n|move|p1a: Gliscor|Protect|p1a: Gliscor\n|-singleturn|p1a: Gliscor|Protect\n|move|p2a: Iron Hands|Ice Punch|p1a: Gliscor\n|-activate|p1a: Gliscor|move: Protect\n|\n|-heal|p1a: Gliscor|26\/100 tox|[from] ability: Poison Heal\n|upkeep\n|turn|11\n|\n|t:|1700705397\n|move|p1a: Gliscor|Toxic|p2a: Iron Hands\n|-status|p2a: Iron Hands|tox\n|move|p2a: Iron Hands|Ice Punch|p1a: Gliscor\n|-supereffective|p1a: Gliscor\n|-damage|p1a: Gliscor|0 fnt\n|faint|p1a: Gliscor\n|\n|-damage|p2a: Iron Hands|49\/100 tox|[from] psn\n|-fieldend|move: Electric Terrain\n|-end|p2a: Iron Hands|Quark Drive\n|upkeep\n|\n|t:|1700705406\n|switch|p1a: Toxapex|Toxapex, M, shiny|100\/100\n|turn|12\n|\n|t:|1700705414\n|-terastallize|p1a: Toxapex|Fairy\n|move|p1a: Toxapex|Baneful Bunker|p1a: Toxapex\n|-singleturn|p1a: Toxapex|move: Protect\n|move|p2a: Iron Hands|Wild Charge|p1a: Toxapex\n|-activate|p1a: Toxapex|move: Protect\n|\n|-damage|p2a: Iron Hands|36\/100 tox|[from] psn\n|upkeep\n|turn|13\n|\n|t:|1700705426\n|move|p2a: Iron Hands|Wild Charge|p1a: Toxapex\n|-damage|p1a: Toxapex|71\/100\n|-damage|p2a: Iron Hands|20\/100 tox|[from] item: Rocky Helmet|[of] p1a: Toxapex\n|-damage|p2a: Iron Hands|15\/100 tox|[from] Recoil\n|move|p1a: Toxapex|Haze|p1a: Toxapex\n|-clearallboost\n|\n|-damage|p2a: Iron Hands|0 fnt|[from] psn\n|faint|p2a: Iron Hands\n|-end|p2a: Iron Hands|Quark Drive|[silent]\n|upkeep\n|\n|t:|1700705430\n|switch|p2a: Miraidon|Miraidon, tera:Electric|100\/100\n|-fieldstart|move: Electric Terrain|[from] ability: Hadron Engine|[of] p2a: Miraidon\n|turn|14\n|\n|t:|1700705441\n|move|p1a: Toxapex|Baneful Bunker|p1a: Toxapex\n|-singleturn|p1a: Toxapex|move: Protect\n|move|p2a: Miraidon|Volt Switch|p1a: Toxapex\n|-activate|p1a: Toxapex|move: Protect\n|\n|upkeep\n|turn|15\n|\n|t:|1700705448\n|move|p2a: Miraidon|Volt Switch|p1a: Toxapex\n|-damage|p1a: Toxapex|0 fnt\n|faint|p1a: Toxapex\n|\n|t:|1700705451\n|switch|p2a: Iron Valiant|Iron Valiant|100\/100|[from] Volt Switch\n|-activate|p2a: Iron Valiant|ability: Quark Drive\n|-start|p2a: Iron Valiant|quarkdrivespe\n|\n|upkeep\n|\n|t:|1700705457\n|switch|p1a: Calyrex|Calyrex-Shadow|100\/100\n|-ability|p1a: Calyrex|As One\n|-ability|p1a: Calyrex|Unnerve\n|turn|16\n|\n|t:|1700705463\n|move|p1a: Calyrex|Astral Barrage|p2a: Iron Valiant\n|-damage|p2a: Iron Valiant|0 fnt\n|faint|p2a: Iron Valiant\n|-end|p2a: Iron Valiant|Quark Drive|[silent]\n|-ability|p1a: Calyrex|Grim Neigh|boost\n|-boost|p1a: Calyrex|spa|1\n|\n|upkeep\n|\n|t:|1700705469\n|switch|p2a: Iron Moth|Iron Moth|100\/100\n|-activate|p2a: Iron Moth|ability: Quark Drive\n|-start|p2a: Iron Moth|quarkdrivespa\n|turn|17\n|\n|t:|1700705473\n|move|p1a: Calyrex|Astral Barrage|p2a: Iron Moth\n|-damage|p2a: Iron Moth|0 fnt\n|faint|p2a: Iron Moth\n|-end|p2a: Iron Moth|Quark Drive|[silent]\n|-ability|p1a: Calyrex|Grim Neigh|boost\n|-boost|p1a: Calyrex|spa|1\n|\n|upkeep\n|-message|Belibolt&Iono forfeited.\n|\n|win|GildedSapphire\n|raw|GildedSapphire's rating: 1199 &rarr; <strong>1225<\/strong><br \/>(+26 for winning)\n|raw|Belibolt&amp;Iono's rating: 1211 &rarr; <strong>1185<\/strong><br \/>(-26 for losing)\n|l|\u2606Belibolt&Iono\n","uploadtime":1700705497,"views":1,"p1id":"gildedsapphire","p2id":"beliboltiono","formatid":"gen9anythinggoes","rating":1185,"private":0,"password":""}