{"id":"gen9anythinggoes-1979313092","p1":"zaxvier","p2":"Catsu7","format":"[Gen 9] Anything Goes","log":"|j|\u2606zaxvier\n|j|\u2606Catsu7\n|t:|1698670030\n|gametype|singles\n|player|p1|zaxvier|unknown|1279\n|player|p2|Catsu7|cynthia-gen4|1374\n|teamsize|p1|6\n|teamsize|p2|6\n|gen|9\n|tier|[Gen 9] Anything Goes\n|rated|\n|rule|HP Percentage Mod: HP is shown in percentages\n|rule|Endless Battle Clause: Forcing endless battles is banned\n|clearpoke\n|poke|p1|Palafin, M|\n|poke|p1|Gholdengo|\n|poke|p1|Roaring Moon|\n|poke|p1|Tinkaton, F|\n|poke|p1|Ting-Lu|\n|poke|p1|Meowscarada, F|\n|poke|p2|Ditto|\n|poke|p2|Kyogre|\n|poke|p2|Landorus, M|\n|poke|p2|Chi-Yu|\n|poke|p2|Zacian-*|\n|poke|p2|Arceus|\n|teampreview\n|inactive|Battle timer is ON: inactive players will automatically lose when time's up. (requested by Catsu7)\n|inactive|Catsu7 has 120 seconds left.\n|\n|t:|1698670068\n|start\n|switch|p1a: Ting-Lu|Ting-Lu|100\/100\n|switch|p2a: Arceus|Arceus|100\/100\n|-ability|p1a: Ting-Lu|Vessel of Ruin\n|turn|1\n|\n|t:|1698670074\n|move|p2a: Arceus|Swords Dance|p2a: Arceus\n|-boost|p2a: Arceus|atk|2\n|move|p1a: Ting-Lu|Stealth Rock|p2a: Arceus\n|-sidestart|p2: Catsu7|move: Stealth Rock\n|\n|upkeep\n|turn|2\n|\n|t:|1698670080\n|move|p2a: Arceus|Brick Break|p1a: Ting-Lu\n|-supereffective|p1a: Ting-Lu\n|-damage|p1a: Ting-Lu|56\/100\n|move|p1a: Ting-Lu|Ruination|p2a: Arceus\n|-damage|p2a: Arceus|51\/100\n|\n|-heal|p1a: Ting-Lu|62\/100|[from] item: Leftovers\n|upkeep\n|turn|3\n|\n|t:|1698670088\n|move|p2a: Arceus|Extreme Speed|p1a: Ting-Lu\n|-damage|p1a: Ting-Lu|18\/100\n|move|p1a: Ting-Lu|Fissure|p2a: Arceus|[miss]\n|-miss|p1a: Ting-Lu|p2a: Arceus\n|\n|-heal|p1a: Ting-Lu|25\/100|[from] item: Leftovers\n|upkeep\n|turn|4\n|\n|t:|1698670095\n|move|p2a: Arceus|Extreme Speed|p1a: Ting-Lu\n|-damage|p1a: Ting-Lu|0 fnt\n|faint|p1a: Ting-Lu\n|\n|upkeep\n|\n|t:|1698670099\n|switch|p1a: Palafin|Palafin, M, shiny|100\/100\n|turn|5\n|\n|t:|1698670104\n|move|p2a: Arceus|Extreme Speed|p1a: Palafin\n|-damage|p1a: Palafin|0 fnt\n|faint|p1a: Palafin\n|\n|upkeep\n|\n|t:|1698670111\n|switch|p1a: Gholdengo|Gholdengo, shiny|100\/100\n|turn|6\n|\n|t:|1698670115\n|move|p2a: Arceus|Shadow Claw|p1a: Gholdengo\n|-supereffective|p1a: Gholdengo\n|-damage|p1a: Gholdengo|0 fnt\n|faint|p1a: Gholdengo\n|\n|upkeep\n|\n|t:|1698670119\n|switch|p1a: Tinkaton|Tinkaton, F, shiny|100\/100\n|-ability|p1a: Tinkaton|Mold Breaker\n|turn|7\n|\n|t:|1698670126\n|move|p1a: Tinkaton|Fake Out|p2a: Arceus\n|-damage|p2a: Arceus|43\/100\n|cant|p2a: Arceus|flinch\n|\n|upkeep\n|turn|8\n|\n|t:|1698670136\n|move|p2a: Arceus|Shadow Claw|p1a: Tinkaton\n|-crit|p1a: Tinkaton\n|-damage|p1a: Tinkaton|0 fnt\n|faint|p1a: Tinkaton\n|\n|upkeep\n|\n|t:|1698670141\n|switch|p1a: Meowscarada|Meowscarada, F, shiny|100\/100\n|turn|9\n|\n|t:|1698670144\n|move|p1a: Meowscarada|Sucker Punch|p2a: Arceus\n|-start|p1a: Meowscarada|typechange|Dark|[from] ability: Protean\n|-damage|p2a: Arceus|9\/100\n|-damage|p1a: Meowscarada|91\/100|[from] item: Life Orb\n|move|p2a: Arceus|Brick Break|p1a: Meowscarada\n|-supereffective|p1a: Meowscarada\n|-damage|p1a: Meowscarada|0 fnt\n|faint|p1a: Meowscarada\n|\n|upkeep\n|\n|t:|1698670150\n|switch|p1a: Roaring Moon|Roaring Moon, shiny|100\/100\n|-enditem|p1a: Roaring Moon|Booster Energy\n|-activate|p1a: Roaring Moon|ability: Protosynthesis|[fromitem]\n|-start|p1a: Roaring Moon|protosynthesisatk\n|turn|10\n|\n|t:|1698670158\n|move|p2a: Arceus|Extreme Speed|p1a: Roaring Moon\n|-damage|p1a: Roaring Moon|0 fnt\n|faint|p1a: Roaring Moon\n|-end|p1a: Roaring Moon|Protosynthesis|[silent]\n|\n|win|Catsu7\n|raw|zaxvier's rating: 1279 &rarr; <strong>1261<\/strong><br \/>(-18 for losing)\n|raw|Catsu7's rating: 1374 &rarr; <strong>1389<\/strong><br \/>(+15 for winning)\n|l|\u2606zaxvier\n","uploadtime":1698670166,"views":11,"p1id":"zaxvier","p2id":"catsu7","formatid":"gen9anythinggoes","rating":1261,"private":0,"password":""}