{"id":"gen9anythinggoes-1998885723","p1":"Emily Bodoo","p2":"Everphilix","format":"[Gen 9] Anything Goes","log":"|j|\u2606Emily Bodoo\n|j|\u2606Everphilix\n|t:|1701008574\n|gametype|singles\n|player|p1|Emily Bodoo|iris|1270\n|player|p2|Everphilix|wallace|1373\n|teamsize|p1|6\n|teamsize|p2|6\n|gen|9\n|tier|[Gen 9] Anything Goes\n|rated|\n|rule|HP Percentage Mod: HP is shown in percentages\n|rule|Endless Battle Clause: Forcing endless battles is banned\n|clearpoke\n|poke|p1|Weezing, M|\n|poke|p1|Arceus|\n|poke|p1|Snorlax, M|\n|poke|p1|Mudsdale, M|\n|poke|p1|Mismagius, M|\n|poke|p1|Dusknoir, M|\n|poke|p2|Kingambit, M|\n|poke|p2|Dondozo, F|\n|poke|p2|Trevenant, F|\n|poke|p2|Espeon, M|\n|poke|p2|Roaring Moon|\n|poke|p2|Chansey, F|\n|teampreview\n|inactive|Battle timer is ON: inactive players will automatically lose when time's up. (requested by Everphilix)\n|\n|t:|1701008596\n|start\n|switch|p1a: Dusknoir|Dusknoir, M|100\/100\n|switch|p2a: Trevenant|Trevenant, F|100\/100\n|-item|p2a: Trevenant|Sitrus Berry|[from] ability: Frisk|[of] p1a: Dusknoir|[identify]\n|turn|1\n|\n|t:|1701008612\n|switch|p2a: Dondozo|Dondozo, F|100\/100\n|move|p1a: Dusknoir|Trick Room|p1a: Dusknoir\n|-fieldstart|move: Trick Room|[of] p1a: Dusknoir\n|\n|upkeep\n|turn|2\n|\n|t:|1701008619\n|move|p2a: Dondozo|Wave Crash|p1a: Dusknoir\n|-damage|p1a: Dusknoir|64\/100\n|-damage|p2a: Dondozo|94\/100|[from] Recoil\n|move|p1a: Dusknoir|Poltergeist|p2a: Dondozo\n|-activate|p2a: Dondozo|move: Poltergeist|Rocky Helmet\n|-damage|p2a: Dondozo|71\/100\n|\n|upkeep\n|turn|3\n|\n|t:|1701008628\n|move|p2a: Dondozo|Wave Crash|p1a: Dusknoir\n|-crit|p1a: Dusknoir\n|-damage|p1a: Dusknoir|5\/100\n|-enditem|p1a: Dusknoir|Aguav Berry|[eat]\n|-heal|p1a: Dusknoir|39\/100|[from] item: Aguav Berry\n|-damage|p2a: Dondozo|60\/100|[from] Recoil\n|move|p1a: Dusknoir|Leech Life|p2a: Dondozo\n|-damage|p2a: Dondozo|48\/100\n|-heal|p1a: Dusknoir|49\/100|[from] drain|[of] p2a: Dondozo\n|-damage|p1a: Dusknoir|32\/100|[from] item: Rocky Helmet|[of] p2a: Dondozo\n|\n|upkeep\n|turn|4\n|\n|t:|1701008644\n|switch|p1a: Snorlax|Snorlax, M|100\/100\n|move|p2a: Dondozo|Wave Crash|p1a: Snorlax\n|-damage|p1a: Snorlax|69\/100\n|-damage|p2a: Dondozo|38\/100|[from] Recoil\n|\n|-heal|p1a: Snorlax|75\/100|[from] item: Leftovers\n|upkeep\n|turn|5\n|\n|t:|1701008654\n|move|p1a: Snorlax|Curse|p1a: Snorlax\n|-unboost|p1a: Snorlax|spe|1\n|-boost|p1a: Snorlax|atk|1\n|-boost|p1a: Snorlax|def|1\n|move|p2a: Dondozo|Fissure|p1a: Snorlax|[miss]\n|-miss|p2a: Dondozo|p1a: Snorlax\n|\n|-heal|p1a: Snorlax|81\/100|[from] item: Leftovers\n|-fieldend|move: Trick Room\n|upkeep\n|turn|6\n|\n|t:|1701008664\n|move|p2a: Dondozo|Rest|p2a: Dondozo\n|-status|p2a: Dondozo|slp|[from] move: Rest\n|-heal|p2a: Dondozo|100\/100 slp|[silent]\n|move|p1a: Snorlax|Body Slam|p2a: Dondozo\n|-damage|p2a: Dondozo|87\/100 slp\n|-damage|p1a: Snorlax|65\/100|[from] item: Rocky Helmet|[of] p2a: Dondozo\n|\n|-heal|p1a: Snorlax|71\/100|[from] item: Leftovers\n|upkeep\n|turn|7\n|\n|t:|1701008680\n|switch|p1a: Weezing|Weezing, M, shiny|100\/100\n|cant|p2a: Dondozo|slp\n|move|p2a: Dondozo|Sleep Talk|p2a: Dondozo\n|move|p2a: Dondozo|Rest||[from]move: Sleep Talk|[still]\n|-fail|p2a: Dondozo\n|\n|upkeep\n|turn|8\n|\n|t:|1701008690\n|move|p1a: Weezing|Curse|p1a: Weezing\n|-unboost|p1a: Weezing|spe|1\n|-boost|p1a: Weezing|atk|1\n|-boost|p1a: Weezing|def|1\n|cant|p2a: Dondozo|slp\n|move|p2a: Dondozo|Sleep Talk|p2a: Dondozo\n|move|p2a: Dondozo|Wave Crash|p1a: Weezing|[from]move: Sleep Talk\n|-damage|p1a: Weezing|55\/100\n|-damage|p2a: Dondozo|79\/100 slp|[from] Recoil\n|\n|upkeep\n|turn|9\n|\n|t:|1701008702\n|switch|p2a: Espeon|Espeon, M|100\/100\n|move|p1a: Weezing|Curse|p1a: Weezing\n|-unboost|p1a: Weezing|spe|1\n|-boost|p1a: Weezing|atk|1\n|-boost|p1a: Weezing|def|1\n|\n|upkeep\n|turn|10\n|\n|t:|1701008718\n|switch|p1a: Snorlax|Snorlax, M|71\/100\n|move|p2a: Espeon|Trick|p1a: Snorlax\n|-activate|p2a: Espeon|move: Trick|[of] p1a: Snorlax\n|-item|p1a: Snorlax|Choice Scarf|[from] move: Trick\n|-item|p2a: Espeon|Leftovers|[from] move: Trick\n|\n|upkeep\n|turn|11\n|\n|t:|1701008728\n|move|p2a: Espeon|Psyshock|p1a: Snorlax\n|-damage|p1a: Snorlax|43\/100\n|move|p1a: Snorlax|Body Slam|p2a: Espeon\n|-damage|p2a: Espeon|44\/100\n|-status|p2a: Espeon|par\n|\n|-heal|p2a: Espeon|50\/100 par|[from] item: Leftovers\n|upkeep\n|turn|12\n|\n|t:|1701008739\n|cant|p2a: Espeon|par\n|move|p1a: Snorlax|Body Slam|p2a: Espeon\n|-damage|p2a: Espeon|0 fnt\n|faint|p2a: Espeon\n|\n|upkeep\n|\n|t:|1701008749\n|switch|p2a: Trevenant|Trevenant, F|100\/100\n|turn|13\n|\n|t:|1701008755\n|switch|p1a: Weezing|Weezing, M, shiny|55\/100\n|move|p2a: Trevenant|Curse|p1a: Weezing\n|-start|p1a: Weezing|Curse|[of] p2a: Trevenant\n|-damage|p2a: Trevenant|50\/100\n|-enditem|p2a: Trevenant|Sitrus Berry|[eat]\n|-heal|p2a: Trevenant|75\/100|[from] item: Sitrus Berry\n|\n|-damage|p1a: Weezing|30\/100|[from] Curse\n|-item|p2a: Trevenant|Sitrus Berry|[from] ability: Harvest\n|upkeep\n|turn|14\n|\n|t:|1701008770\n|move|p2a: Trevenant|Substitute|p2a: Trevenant\n|-start|p2a: Trevenant|Substitute\n|-damage|p2a: Trevenant|50\/100\n|-enditem|p2a: Trevenant|Sitrus Berry|[eat]\n|-heal|p2a: Trevenant|75\/100|[from] item: Sitrus Berry\n|move|p1a: Weezing|Toxic||[still]\n|-fail|p1a: Weezing\n|\n|-damage|p1a: Weezing|5\/100|[from] Curse\n|-item|p2a: Trevenant|Sitrus Berry|[from] ability: Harvest\n|upkeep\n|turn|15\n|\n|t:|1701008782\n|switch|p1a: Arceus|Arceus|100\/100\n|move|p2a: Trevenant|Phantom Force||[still]\n|-prepare|p2a: Trevenant|Phantom Force\n|\n|upkeep\n|turn|16\n|\n|t:|1701008789\n|move|p1a: Arceus|Perish Song|p1a: Arceus\n|-start|p1a: Arceus|perish3|[silent]\n|-miss|p1a: Arceus|p2a: Trevenant\n|-fieldactivate|move: Perish Song\n|move|p2a: Trevenant|Phantom Force|p1a: Arceus|[from]lockedmove\n|-immune|p1a: Arceus\n|\n|-start|p1a: Arceus|perish3\n|upkeep\n|turn|17\n|\n|t:|1701008799\n|move|p2a: Trevenant|Protect|p2a: Trevenant\n|-singleturn|p2a: Trevenant|Protect\n|move|p1a: Arceus|Perish Song|p1a: Arceus\n|-start|p2a: Trevenant|perish3|[silent]\n|-fieldactivate|move: Perish Song\n|\n|-start|p1a: Arceus|perish2\n|-start|p2a: Trevenant|perish3\n|upkeep\n|turn|18\n|\n|t:|1701008809\n|switch|p1a: Snorlax|Snorlax, M|43\/100\n|move|p2a: Trevenant|Phantom Force||[still]\n|-prepare|p2a: Trevenant|Phantom Force\n|\n|-start|p2a: Trevenant|perish2\n|upkeep\n|turn|19\n|\n|t:|1701008816\n|move|p2a: Trevenant|Phantom Force|p1a: Snorlax|[from]lockedmove\n|-immune|p1a: Snorlax\n|move|p1a: Snorlax|Rest|p1a: Snorlax\n|-status|p1a: Snorlax|slp|[from] move: Rest\n|-heal|p1a: Snorlax|100\/100 slp|[silent]\n|\n|-start|p2a: Trevenant|perish1\n|upkeep\n|turn|20\n|\n|t:|1701008828\n|switch|p2a: Dondozo|Dondozo, F|79\/100 slp\n|switch|p1a: Weezing|Weezing, M, shiny|5\/100\n|\n|upkeep\n|turn|21\n|\n|t:|1701008836\n|move|p1a: Weezing|Explosion|p2a: Dondozo\n|-enditem|p1a: Weezing|Normal Gem|[from] gem\n|-damage|p2a: Dondozo|40\/100 slp\n|faint|p1a: Weezing\n|-curestatus|p2a: Dondozo|slp|[msg]\n|move|p2a: Dondozo|Wave Crash|p1: Weezing|[notarget]\n|-fail|p2a: Dondozo\n|\n|upkeep\n|\n|t:|1701008846\n|switch|p1a: Arceus|Arceus|100\/100\n|turn|22\n|\n|t:|1701008852\n|move|p1a: Arceus|Judgment|p2a: Dondozo\n|-damage|p2a: Dondozo|0 fnt\n|faint|p2a: Dondozo\n|\n|upkeep\n|\n|t:|1701008858\n|switch|p2a: Chansey|Chansey, F|100\/100\n|turn|23\n|\n|t:|1701008867\n|move|p1a: Arceus|Judgment|p2a: Chansey\n|-damage|p2a: Chansey|82\/100\n|move|p2a: Chansey|Thunderbolt|p1a: Arceus\n|-damage|p1a: Arceus|93\/100\n|-status|p1a: Arceus|par\n|\n|upkeep\n|turn|24\n|\n|t:|1701008878\n|switch|p1a: Mudsdale|Mudsdale, M|100\/100\n|move|p2a: Chansey|Seismic Toss|p1a: Mudsdale\n|-damage|p1a: Mudsdale|71\/100\n|-ability|p1a: Mudsdale|Stamina|boost\n|-boost|p1a: Mudsdale|def|1\n|\n|-heal|p1a: Mudsdale|77\/100|[from] item: Leftovers\n|upkeep\n|turn|25\n|\n|t:|1701008890\n|switch|p2a: Trevenant|Trevenant, F|75\/100\n|move|p1a: Mudsdale|Fissure|p2a: Trevenant|[miss]\n|-miss|p1a: Mudsdale|p2a: Trevenant\n|\n|-heal|p1a: Mudsdale|84\/100|[from] item: Leftovers\n|upkeep\n|turn|26\n|\n|t:|1701008900\n|switch|p1a: Arceus|Arceus|93\/100 par\n|move|p2a: Trevenant|Substitute|p2a: Trevenant\n|-start|p2a: Trevenant|Substitute\n|-damage|p2a: Trevenant|50\/100\n|-enditem|p2a: Trevenant|Sitrus Berry|[eat]\n|-heal|p2a: Trevenant|75\/100|[from] item: Sitrus Berry\n|\n|upkeep\n|turn|27\n|\n|t:|1701008911\n|move|p1a: Arceus|Perish Song|p1a: Arceus\n|-start|p1a: Arceus|perish3|[silent]\n|-start|p2a: Trevenant|perish3|[silent]\n|-fieldactivate|move: Perish Song\n|move|p2a: Trevenant|Phantom Force||[still]\n|-prepare|p2a: Trevenant|Phantom Force\n|\n|-start|p1a: Arceus|perish3\n|-start|p2a: Trevenant|perish3\n|upkeep\n|turn|28\n|\n|t:|1701008919\n|switch|p1a: Mudsdale|Mudsdale, M|84\/100\n|move|p2a: Trevenant|Phantom Force|p1a: Mudsdale|[from]lockedmove\n|-damage|p1a: Mudsdale|58\/100\n|-ability|p1a: Mudsdale|Stamina|boost\n|-boost|p1a: Mudsdale|def|1\n|\n|-heal|p1a: Mudsdale|64\/100|[from] item: Leftovers\n|-start|p2a: Trevenant|perish2\n|upkeep\n|turn|29\n|\n|t:|1701008931\n|move|p2a: Trevenant|Curse|p1a: Mudsdale\n|-start|p1a: Mudsdale|Curse|[of] p2a: Trevenant\n|-damage|p2a: Trevenant|25\/100\n|move|p1a: Mudsdale|Earthquake|p2a: Trevenant\n|-resisted|p2a: Trevenant\n|-activate|p2a: Trevenant|move: Substitute|[damage]\n|\n|-heal|p1a: Mudsdale|70\/100|[from] item: Leftovers\n|-damage|p1a: Mudsdale|45\/100|[from] Curse\n|-start|p2a: Trevenant|perish1\n|upkeep\n|turn|30\n|\n|t:|1701008950\n|switch|p2a: Roaring Moon|Roaring Moon|100\/100\n|-enditem|p2a: Roaring Moon|Booster Energy\n|-activate|p2a: Roaring Moon|ability: Protosynthesis|[fromitem]\n|-start|p2a: Roaring Moon|protosynthesisspe\n|move|p1a: Mudsdale|Fissure|p2a: Roaring Moon\n|-damage|p2a: Roaring Moon|0 fnt\n|faint|p2a: Roaring Moon\n|-end|p2a: Roaring Moon|Protosynthesis|[silent]\n|-ohko\n|\n|-heal|p1a: Mudsdale|51\/100|[from] item: Leftovers\n|-damage|p1a: Mudsdale|27\/100|[from] Curse\n|upkeep\n|\n|t:|1701008964\n|switch|p2a: Trevenant|Trevenant, F|25\/100\n|turn|31\n|\n|t:|1701008971\n|move|p2a: Trevenant|Protect|p2a: Trevenant\n|-singleturn|p2a: Trevenant|Protect\n|move|p1a: Mudsdale|Rest|p1a: Mudsdale\n|-status|p1a: Mudsdale|slp|[from] move: Rest\n|-heal|p1a: Mudsdale|100\/100 slp|[silent]\n|\n|-damage|p1a: Mudsdale|76\/100 slp|[from] Curse\n|upkeep\n|turn|32\n|\n|t:|1701008986\n|switch|p1a: Mismagius|Mismagius, M|100\/100\n|move|p2a: Trevenant|Phantom Force||[still]\n|-prepare|p2a: Trevenant|Phantom Force\n|\n|-item|p2a: Trevenant|Sitrus Berry|[from] ability: Harvest\n|upkeep\n|-enditem|p2a: Trevenant|Sitrus Berry|[eat]\n|-heal|p2a: Trevenant|50\/100|[from] item: Sitrus Berry\n|turn|33\n|\n|t:|1701008998\n|switch|p1a: Arceus|Arceus|93\/100 par\n|move|p2a: Trevenant|Phantom Force|p1a: Arceus|[from]lockedmove\n|-immune|p1a: Arceus\n|\n|-item|p2a: Trevenant|Sitrus Berry|[from] ability: Harvest\n|upkeep\n|-enditem|p2a: Trevenant|Sitrus Berry|[eat]\n|-heal|p2a: Trevenant|75\/100|[from] item: Sitrus Berry\n|turn|34\n|\n|t:|1701009010\n|move|p1a: Arceus|Perish Song|p1a: Arceus\n|-start|p1a: Arceus|perish3|[silent]\n|-start|p2a: Trevenant|perish3|[silent]\n|-fieldactivate|move: Perish Song\n|move|p2a: Trevenant|Curse|p1a: Arceus\n|-start|p1a: Arceus|Curse|[of] p2a: Trevenant\n|-damage|p2a: Trevenant|25\/100\n|\n|-damage|p1a: Arceus|69\/100 par|[from] Curse\n|-start|p1a: Arceus|perish3\n|-start|p2a: Trevenant|perish3\n|upkeep\n|turn|35\n|\n|t:|1701009022\n|switch|p1a: Snorlax|Snorlax, M|100\/100 slp\n|move|p2a: Trevenant|Phantom Force||[still]\n|-prepare|p2a: Trevenant|Phantom Force\n|\n|-start|p2a: Trevenant|perish2\n|upkeep\n|turn|36\n|inactive|Everphilix has 120 seconds left.\n|\n|t:|1701009058\n|move|p2a: Trevenant|Phantom Force|p1a: Snorlax|[from]lockedmove\n|-immune|p1a: Snorlax\n|cant|p1a: Snorlax|slp\n|move|p1a: Snorlax|Sleep Talk|p1a: Snorlax\n|move|p1a: Snorlax|Body Slam|p2a: Trevenant|[from]move: Sleep Talk\n|-immune|p2a: Trevenant\n|\n|-start|p2a: Trevenant|perish1\n|-item|p2a: Trevenant|Sitrus Berry|[from] ability: Harvest\n|upkeep\n|-enditem|p2a: Trevenant|Sitrus Berry|[eat]\n|-heal|p2a: Trevenant|50\/100|[from] item: Sitrus Berry\n|turn|37\n|\n|t:|1701009074\n|switch|p2a: Chansey|Chansey, F|82\/100\n|cant|p1a: Snorlax|slp\n|move|p1a: Snorlax|Sleep Talk|p1a: Snorlax\n|move|p1a: Snorlax|Curse|p1a: Snorlax|[from]move: Sleep Talk\n|-unboost|p1a: Snorlax|spe|1\n|-boost|p1a: Snorlax|atk|1\n|-boost|p1a: Snorlax|def|1\n|\n|upkeep\n|turn|38\n|\n|t:|1701009089\n|switch|p1a: Mudsdale|Mudsdale, M|76\/100 slp\n|move|p2a: Chansey|Seismic Toss|p1a: Mudsdale\n|-damage|p1a: Mudsdale|46\/100 slp\n|-ability|p1a: Mudsdale|Stamina|boost\n|-boost|p1a: Mudsdale|def|1\n|\n|-heal|p1a: Mudsdale|53\/100 slp|[from] item: Leftovers\n|upkeep\n|turn|39\n|\n|t:|1701009098\n|move|p2a: Chansey|Ice Beam|p1a: Mudsdale\n|-supereffective|p1a: Mudsdale\n|-damage|p1a: Mudsdale|34\/100 slp\n|-ability|p1a: Mudsdale|Stamina|boost\n|-boost|p1a: Mudsdale|def|1\n|cant|p1a: Mudsdale|slp\n|move|p1a: Mudsdale|Sleep Talk|p1a: Mudsdale\n|move|p1a: Mudsdale|Rest||[from]move: Sleep Talk|[still]\n|-fail|p1a: Mudsdale\n|\n|-heal|p1a: Mudsdale|41\/100 slp|[from] item: Leftovers\n|upkeep\n|turn|40\n|\n|t:|1701009117\n|move|p2a: Chansey|Seismic Toss|p1a: Mudsdale\n|-damage|p1a: Mudsdale|11\/100 slp\n|-ability|p1a: Mudsdale|Stamina|boost\n|-boost|p1a: Mudsdale|def|1\n|cant|p1a: Mudsdale|slp\n|move|p1a: Mudsdale|Sleep Talk|p1a: Mudsdale\n|move|p1a: Mudsdale|Earthquake|p2a: Chansey|[from]move: Sleep Talk\n|-damage|p2a: Chansey|18\/100\n|\n|-heal|p1a: Mudsdale|17\/100 slp|[from] item: Leftovers\n|upkeep\n|turn|41\n|\n|t:|1701009132\n|move|p2a: Chansey|Seismic Toss|p1a: Mudsdale\n|-damage|p1a: Mudsdale|0 fnt\n|faint|p1a: Mudsdale\n|\n|upkeep\n|\n|t:|1701009140\n|switch|p1a: Mismagius|Mismagius, M|100\/100\n|turn|42\n|\n|t:|1701009163\n|-terastallize|p1a: Mismagius|Fighting\n|move|p1a: Mismagius|Tera Blast|p2a: Chansey|[anim] Tera Blast Fighting\n|-supereffective|p2a: Chansey\n|-damage|p2a: Chansey|0 fnt\n|faint|p2a: Chansey\n|\n|upkeep\n|\n|t:|1701009171\n|switch|p2a: Kingambit|Kingambit, M|100\/100\n|turn|43\n|\n|t:|1701009178\n|move|p2a: Kingambit|Sucker Punch|p1a: Mismagius\n|-resisted|p1a: Mismagius\n|-damage|p1a: Mismagius|59\/100\n|move|p1a: Mismagius|Tera Blast|p2a: Kingambit|[anim] Tera Blast Fighting\n|-supereffective|p2a: Kingambit\n|-damage|p2a: Kingambit|11\/100\n|\n|upkeep\n|turn|44\n|-message|Everphilix forfeited.\n|\n|win|Emily Bodoo\n|raw|Emily Bodoo's rating: 1270 &rarr; <strong>1302<\/strong><br \/>(+32 for winning)\n|raw|Everphilix's rating: 1373 &rarr; <strong>1347<\/strong><br \/>(-26 for losing)\n|l|\u2606Everphilix\n","uploadtime":1701009208,"views":1,"p1id":"emilybodoo","p2id":"everphilix","formatid":"gen9anythinggoes","rating":1302,"private":0,"password":""}