{"id":"gen9anythinggoes-1985166018","p1":"quaxli","p2":"LordeQuazzy","format":"[Gen 9] Anything Goes","log":"|j|\u203dquaxli\n|j|\u2606LordeQuazzy\n|t:|1699341694\n|gametype|singles\n|player|p1|quaxli|brawly|1526\n|player|p2|LordeQuazzy|blackbelt-gen4dp|1635\n|teamsize|p1|6\n|teamsize|p2|6\n|gen|9\n|tier|[Gen 9] Anything Goes\n|rated|\n|rule|HP Percentage Mod: HP is shown in percentages\n|rule|Endless Battle Clause: Forcing endless battles is banned\n|clearpoke\n|poke|p1|Koraidon|\n|poke|p1|Miraidon|\n|poke|p1|Cloyster, F|\n|poke|p1|Zacian-*|\n|poke|p1|Ditto|\n|poke|p1|Shaymin-Sky|\n|poke|p2|Groudon|\n|poke|p2|Calyrex-Shadow|\n|poke|p2|Koraidon|\n|poke|p2|Great Tusk|\n|poke|p2|Flutter Mane|\n|poke|p2|Chi-Yu|\n|teampreview\n|inactive|Battle timer is ON: inactive players will automatically lose when time's up. (requested by LordeQuazzy)\n|inactive|quaxli also wants the timer to be on.\n|c|\u2606LordeQuazzy|gl hf!\n|\n|t:|1699341706\n|start\n|switch|p1a: Cloyster|Cloyster, F|100\/100\n|switch|p2a: Kyogre|Groudon|100\/100\n|-weather|SunnyDay|[from] ability: Drought|[of] p2a: Kyogre\n|turn|1\n|\n|t:|1699341723\n|-terastallize|p2a: Kyogre|Fire\n|move|p2a: Kyogre|Fire Punch|p1a: Cloyster\n|-damage|p1a: Cloyster|47\/100\n|move|p1a: Cloyster|Shell Smash|p1a: Cloyster\n|-unboost|p1a: Cloyster|def|1\n|-unboost|p1a: Cloyster|spd|1\n|-boost|p1a: Cloyster|atk|2\n|-boost|p1a: Cloyster|spa|2\n|-boost|p1a: Cloyster|spe|2\n|\n|-weather|SunnyDay|[upkeep]\n|upkeep\n|turn|2\n|c|\u2606LordeQuazzy|oh what?\n|c|\u2606LordeQuazzy|I outspeed?\n|c|\u2606LordeQuazzy|wack!\n|\n|t:|1699341735\n|move|p1a: Cloyster|Rock Blast|p2a: Kyogre\n|-supereffective|p2a: Kyogre\n|-damage|p2a: Kyogre|76\/100\n|-supereffective|p2a: Kyogre\n|-damage|p2a: Kyogre|54\/100\n|-supereffective|p2a: Kyogre\n|-damage|p2a: Kyogre|30\/100\n|-supereffective|p2a: Kyogre\n|-damage|p2a: Kyogre|7\/100\n|-supereffective|p2a: Kyogre\n|-damage|p2a: Kyogre|0 fnt\n|faint|p2a: Kyogre\n|-hitcount|p2: Kyogre|5\n|\n|-weather|SunnyDay|[upkeep]\n|upkeep\n|c|\u2606LordeQuazzy|rock blast hella hurts tho\n|c|\u2606LordeQuazzy|and now I distinctly *don't* outspeed\n|inactive|LordeQuazzy has 120 seconds left.\n|c|\u2606LordeQuazzy|hmm... what's my counter to a multihit sweeper?\n|c|\u2606LordeQuazzy|esp. with skill link...\n|\n|t:|1699341776\n|switch|p2a: Mudsdale|Calyrex-Shadow|100\/100\n|-ability|p2a: Mudsdale|As One\n|-ability|p2a: Mudsdale|Unnerve\n|turn|3\n|\n|t:|1699341786\n|move|p2a: Mudsdale|Astral Barrage|p1a: Cloyster\n|-damage|p1a: Cloyster|0 fnt\n|faint|p1a: Cloyster\n|-ability|p2a: Mudsdale|Grim Neigh|boost\n|-boost|p2a: Mudsdale|spa|1\n|\n|-weather|SunnyDay|[upkeep]\n|upkeep\n|c|\u2606LordeQuazzy|outspeeding it!\n|\n|t:|1699341795\n|switch|p1a: Ditto|Ditto|100\/100\n|-transform|p1a: Ditto|p2a: Mudsdale|[from] ability: Imposter\n|turn|4\n|c|\u2606LordeQuazzy|oh boy\n|\n|t:|1699341807\n|-terastallize|p1a: Ditto|Normal\n|move|p2a: Mudsdale|Astral Barrage|p1a: Ditto\n|-immune|p1a: Ditto\n|move|p1a: Ditto|Astral Barrage|p2a: Mudsdale\n|-supereffective|p2a: Mudsdale\n|-damage|p2a: Mudsdale|0 fnt\n|faint|p2a: Mudsdale\n|-ability|p1a: Ditto|Grim Neigh|boost\n|-boost|p1a: Ditto|spa|1\n|\n|-weather|SunnyDay|[upkeep]\n|upkeep\n|c|\u2606LordeQuazzy|figures\n|\n|t:|1699341817\n|switch|p2a: Misdreavus|Flutter Mane|100\/100\n|-activate|p2a: Misdreavus|ability: Protosynthesis\n|-start|p2a: Misdreavus|protosynthesisspa\n|turn|5\n|c|\u2606LordeQuazzy|ah wait misclick\n|c|\u2606LordeQuazzy|shit\n|\n|t:|1699341834\n|move|p1a: Ditto|Astral Barrage|p2a: Misdreavus\n|-supereffective|p2a: Misdreavus\n|-enditem|p2a: Misdreavus|Focus Sash\n|-damage|p2a: Misdreavus|1\/100\n|move|p2a: Misdreavus|Moonblast|p1a: Ditto\n|-damage|p1a: Ditto|24\/100\n|\n|-weather|SunnyDay|[upkeep]\n|upkeep\n|turn|6\n|c|\u2606LordeQuazzy|damnit\n|c|\u2606LordeQuazzy|waste of a good poke for no reason\n|\n|t:|1699341850\n|move|p1a: Ditto|Energy Ball|p2a: Misdreavus\n|-damage|p2a: Misdreavus|0 fnt\n|faint|p2a: Misdreavus\n|-end|p2a: Misdreavus|Protosynthesis|[silent]\n|-ability|p1a: Ditto|Grim Neigh|boost\n|-boost|p1a: Ditto|spa|1\n|\n|-weather|SunnyDay|[upkeep]\n|upkeep\n|\n|t:|1699341856\n|switch|p2a: Iron Treads|Great Tusk|100\/100\n|-activate|p2a: Iron Treads|ability: Protosynthesis\n|-start|p2a: Iron Treads|protosynthesisatk\n|turn|7\n|\n|t:|1699341866\n|move|p1a: Ditto|Psychic|p2a: Iron Treads\n|-supereffective|p2a: Iron Treads\n|-enditem|p2a: Iron Treads|Focus Sash\n|-damage|p2a: Iron Treads|1\/100\n|move|p2a: Iron Treads|Rapid Spin|p1a: Ditto\n|-damage|p1a: Ditto|0 fnt\n|-boost|p2a: Iron Treads|spe|1\n|faint|p1a: Ditto\n|\n|-weather|SunnyDay|[upkeep]\n|upkeep\n|\n|t:|1699341871\n|switch|p1a: Shaymin|Shaymin-Sky|100\/100\n|turn|8\n|inactive|LordeQuazzy has 120 seconds left.\n|\n|t:|1699341886\n|move|p1a: Shaymin|Air Slash|p2a: Iron Treads\n|-supereffective|p2a: Iron Treads\n|-damage|p2a: Iron Treads|0 fnt\n|faint|p2a: Iron Treads\n|-end|p2a: Iron Treads|Protosynthesis|[silent]\n|\n|-weather|none\n|upkeep\n|c|\u2606LordeQuazzy|so fast!\n|\n|t:|1699341895\n|switch|p2a: Chi-Yu|Chi-Yu|100\/100\n|-ability|p2a: Chi-Yu|Beads of Ruin\n|turn|9\n|\n|t:|1699341899\n|move|p1a: Shaymin|Air Slash|p2a: Chi-Yu\n|-damage|p2a: Chi-Yu|67\/100\n|cant|p2a: Chi-Yu|flinch\n|\n|upkeep\n|turn|10\n|c|\u2606LordeQuazzy|the game is yours, I'm afraid\n|\n|t:|1699341905\n|move|p1a: Shaymin|Air Slash|p2a: Chi-Yu\n|-damage|p2a: Chi-Yu|34\/100\n|move|p2a: Chi-Yu|Flamethrower|p1a: Shaymin\n|-supereffective|p1a: Shaymin\n|-damage|p1a: Shaymin|0 fnt\n|faint|p1a: Shaymin\n|-damage|p2a: Chi-Yu|24\/100|[from] item: Life Orb\n|\n|upkeep\n|\n|t:|1699341919\n|switch|p1a: Miraidon|Miraidon|100\/100\n|-fieldstart|move: Electric Terrain|[from] ability: Hadron Engine|[of] p1a: Miraidon\n|turn|11\n|c|\u2606LordeQuazzy|decent rng on that, at least\n|\n|t:|1699341927\n|move|p1a: Miraidon|Parabolic Charge|p2a: Chi-Yu\n|-damage|p2a: Chi-Yu|0 fnt\n|faint|p2a: Chi-Yu\n|\n|upkeep\n|\n|t:|1699341930\n|switch|p2a: Miraidon|Koraidon|100\/100\n|-weather|SunnyDay|[from] ability: Orichalcum Pulse|[of] p2a: Miraidon\n|-activate|p2a: Miraidon|Orichalcum Pulse|[source]\n|turn|12\n|\n|t:|1699341936\n|move|p1a: Miraidon|Dragon Pulse|p2a: Miraidon\n|-supereffective|p2a: Miraidon\n|-damage|p2a: Miraidon|0 fnt\n|faint|p2a: Miraidon\n|\n|win|quaxli\n|raw|quaxli's rating: 1526 &rarr; <strong>1552<\/strong><br \/>(+26 for winning)\n|raw|LordeQuazzy's rating: 1635 &rarr; <strong>1609<\/strong><br \/>(-26 for losing)\n|c|\u2606LordeQuazzy|gg\n|l|\u2606LordeQuazzy\n","uploadtime":1699341954,"views":5,"p1id":"quaxli","p2id":"lordequazzy","formatid":"gen9anythinggoes","rating":1552,"private":0,"password":""}