{"id":"gen9anythinggoes-1994297351","p1":"CostOrpheus2459","p2":"Ghid","format":"[Gen 9] Anything Goes","log":"|j|\u2606CostOrpheus2459\n|j|\u2606Ghid\n|t:|1700428325\n|gametype|singles\n|player|p1|CostOrpheus2459|medium|1315\n|player|p2|Ghid|red|1394\n|teamsize|p1|6\n|teamsize|p2|6\n|gen|9\n|tier|[Gen 9] Anything Goes\n|rated|\n|rule|HP Percentage Mod: HP is shown in percentages\n|rule|Endless Battle Clause: Forcing endless battles is banned\n|clearpoke\n|poke|p1|Iron Bundle|\n|poke|p1|Bisharp, F|\n|poke|p1|Wo-Chien|\n|poke|p1|Noivern, M|\n|poke|p1|Garchomp, M|\n|poke|p1|Haxorus, F|\n|poke|p2|Great Tusk|\n|poke|p2|Rotom-Wash|\n|poke|p2|Meowscarada, F|\n|poke|p2|Grimmsnarl, M|\n|poke|p2|Gliscor, M|\n|poke|p2|Arcanine-Hisui, F|\n|teampreview\n|\n|t:|1700428343\n|start\n|switch|p1a: Haxorus|Haxorus, F|100\/100\n|switch|p2a: Meowscarada|Meowscarada, F|100\/100\n|-ability|p1a: Haxorus|Mold Breaker\n|turn|1\n|inactive|Battle timer is ON: inactive players will automatically lose when time's up. (requested by CostOrpheus2459)\n|\n|t:|1700428370\n|move|p1a: Haxorus|First Impression|p2a: Meowscarada\n|-supereffective|p2a: Meowscarada\n|-damage|p2a: Meowscarada|0 fnt\n|faint|p2a: Meowscarada\n|-damage|p1a: Haxorus|91\/100|[from] item: Life Orb\n|\n|upkeep\n|\n|t:|1700428379\n|switch|p2a: Grimmsnarl|Grimmsnarl, M|100\/100\n|turn|2\n|\n|t:|1700428390\n|move|p2a: Grimmsnarl|Reflect|p2a: Grimmsnarl\n|-sidestart|p2: Ghid|Reflect\n|move|p1a: Haxorus|Dragon Dance|p1a: Haxorus\n|-boost|p1a: Haxorus|atk|1\n|-boost|p1a: Haxorus|spe|1\n|\n|upkeep\n|turn|3\n|\n|t:|1700428395\n|move|p2a: Grimmsnarl|Taunt|p1a: Haxorus\n|-start|p1a: Haxorus|move: Taunt\n|cant|p1a: Haxorus|move: Taunt|Dragon Dance\n|\n|upkeep\n|turn|4\n|\n|t:|1700428403\n|move|p2a: Grimmsnarl|Parting Shot|p1a: Haxorus\n|-unboost|p1a: Haxorus|atk|1\n|-unboost|p1a: Haxorus|spa|1\n|\n|t:|1700428407\n|switch|p2a: Arcanine|Arcanine-Hisui, F|100\/100|[from] Parting Shot\n|-ability|p2a: Arcanine|Intimidate|boost\n|-unboost|p1a: Haxorus|atk|1\n|move|p1a: Haxorus|Earthquake|p2a: Arcanine\n|-supereffective|p2a: Arcanine\n|-damage|p2a: Arcanine|5\/100\n|-damage|p1a: Haxorus|81\/100|[from] item: Life Orb\n|\n|upkeep\n|turn|5\n|\n|t:|1700428423\n|switch|p2a: Gliscor|Gliscor, M, shiny|100\/100\n|move|p1a: Haxorus|Dragon Claw|p2a: Gliscor\n|-damage|p2a: Gliscor|82\/100\n|-damage|p1a: Haxorus|71\/100|[from] item: Life Orb\n|\n|-end|p1a: Haxorus|move: Taunt\n|-status|p2a: Gliscor|tox|[from] item: Toxic Orb\n|upkeep\n|turn|6\n|\n|t:|1700428438\n|switch|p1a: Iron Bundle|Iron Bundle|100\/100\n|-enditem|p1a: Iron Bundle|Booster Energy\n|-activate|p1a: Iron Bundle|ability: Quark Drive|[fromitem]\n|-start|p1a: Iron Bundle|quarkdrivespe\n|move|p2a: Gliscor|Toxic|p1a: Iron Bundle\n|-status|p1a: Iron Bundle|tox\n|\n|-damage|p1a: Iron Bundle|95\/100 tox|[from] psn\n|-heal|p2a: Gliscor|94\/100 tox|[from] ability: Poison Heal\n|upkeep\n|turn|7\n|\n|t:|1700428449\n|move|p2a: Gliscor|Protect|p2a: Gliscor\n|-singleturn|p2a: Gliscor|Protect\n|move|p1a: Iron Bundle|Ice Beam|p2a: Gliscor\n|-activate|p2a: Gliscor|move: Protect\n|\n|-damage|p1a: Iron Bundle|83\/100 tox|[from] psn\n|-heal|p2a: Gliscor|100\/100 tox|[from] ability: Poison Heal\n|upkeep\n|turn|8\n|\n|t:|1700428472\n|switch|p2a: Arcanine|Arcanine-Hisui, F|5\/100\n|-ability|p2a: Arcanine|Intimidate|boost\n|-unboost|p1a: Iron Bundle|atk|1\n|move|p1a: Iron Bundle|Ice Beam|p2a: Arcanine\n|-resisted|p2a: Arcanine\n|-damage|p2a: Arcanine|0 fnt\n|faint|p2a: Arcanine\n|\n|-damage|p1a: Iron Bundle|65\/100 tox|[from] psn\n|upkeep\n|\n|t:|1700428478\n|switch|p2a: Grimmsnarl|Grimmsnarl, M|100\/100\n|turn|9\n|\n|t:|1700428490\n|-end|p1a: Iron Bundle|Quark Drive|[silent]\n|switch|p1a: Wo-Chien|Wo-Chien|100\/100\n|-ability|p1a: Wo-Chien|Tablets of Ruin\n|move|p2a: Grimmsnarl|Light Screen|p2a: Grimmsnarl\n|-sidestart|p2: Ghid|move: Light Screen\n|\n|-sideend|p2: Ghid|Reflect\n|upkeep\n|turn|10\n|\n|t:|1700428501\n|move|p2a: Grimmsnarl|Reflect|p2a: Grimmsnarl\n|-sidestart|p2: Ghid|Reflect\n|move|p1a: Wo-Chien|Knock Off|p2a: Grimmsnarl\n|-resisted|p2a: Grimmsnarl\n|-damage|p2a: Grimmsnarl|97\/100\n|-enditem|p2a: Grimmsnarl|Light Clay|[from] move: Knock Off|[of] p1a: Wo-Chien\n|\n|upkeep\n|turn|11\n|\n|t:|1700428508\n|switch|p2a: Gliscor|Gliscor, M, shiny|100\/100 tox\n|move|p1a: Wo-Chien|Leech Seed|p2a: Gliscor\n|-start|p2a: Gliscor|move: Leech Seed\n|\n|-damage|p2a: Gliscor|88\/100 tox|[from] Leech Seed|[of] p1a: Wo-Chien\n|-heal|p2a: Gliscor|100\/100 tox|[from] ability: Poison Heal\n|upkeep\n|turn|12\n|\n|t:|1700428515\n|move|p1a: Wo-Chien|Protect|p1a: Wo-Chien\n|-singleturn|p1a: Wo-Chien|Protect\n|move|p2a: Gliscor|Toxic|p1a: Wo-Chien\n|-activate|p1a: Wo-Chien|move: Protect\n|\n|-damage|p2a: Gliscor|88\/100 tox|[from] Leech Seed|[of] p1a: Wo-Chien\n|-heal|p2a: Gliscor|100\/100 tox|[from] ability: Poison Heal\n|upkeep\n|turn|13\n|\n|t:|1700428531\n|switch|p1a: Bisharp|Bisharp, F|100\/100\n|move|p2a: Gliscor|Toxic|p1a: Bisharp\n|-immune|p1a: Bisharp\n|\n|-damage|p2a: Gliscor|88\/100 tox|[from] Leech Seed|[of] p1a: Bisharp\n|-heal|p2a: Gliscor|100\/100 tox|[from] ability: Poison Heal\n|upkeep\n|turn|14\n|\n|t:|1700428549\n|switch|p1a: Noivern|Noivern, M|100\/100\n|move|p2a: Gliscor|Spikes|p1a: Noivern\n|-sidestart|p1: CostOrpheus2459|Spikes\n|\n|-damage|p2a: Gliscor|88\/100 tox|[from] Leech Seed|[of] p1a: Noivern\n|-heal|p2a: Gliscor|100\/100 tox|[from] ability: Poison Heal\n|upkeep\n|turn|15\n|inactive|CostOrpheus2459 has 120 seconds left.\n|\n|t:|1700428572\n|move|p2a: Gliscor|Protect|p2a: Gliscor\n|-singleturn|p2a: Gliscor|Protect\n|move|p1a: Noivern|Defog|p2a: Gliscor\n|-activate|p2a: Gliscor|move: Protect\n|\n|-damage|p2a: Gliscor|88\/100 tox|[from] Leech Seed|[of] p1a: Noivern\n|-heal|p2a: Gliscor|100\/100 tox|[from] ability: Poison Heal\n|upkeep\n|turn|16\n|inactive|CostOrpheus2459 has 120 seconds left.\n|\n|t:|1700428589\n|switch|p1a: Bisharp|Bisharp, F|100\/100\n|-damage|p1a: Bisharp|88\/100|[from] Spikes\n|move|p2a: Gliscor|Toxic|p1a: Bisharp\n|-immune|p1a: Bisharp\n|\n|-damage|p2a: Gliscor|88\/100 tox|[from] Leech Seed|[of] p1a: Bisharp\n|-heal|p1a: Bisharp|100\/100|[silent]\n|-heal|p2a: Gliscor|100\/100 tox|[from] ability: Poison Heal\n|-sideend|p2: Ghid|move: Light Screen\n|upkeep\n|turn|17\n|inactive|CostOrpheus2459 has 120 seconds left.\n|\n|t:|1700428601\n|move|p2a: Gliscor|Earthquake|p1a: Bisharp\n|-supereffective|p1a: Bisharp\n|-damage|p1a: Bisharp|59\/100\n|move|p1a: Bisharp|Swords Dance|p1a: Bisharp\n|-boost|p1a: Bisharp|atk|2\n|\n|-damage|p2a: Gliscor|88\/100 tox|[from] Leech Seed|[of] p1a: Bisharp\n|-heal|p1a: Bisharp|72\/100|[silent]\n|-heal|p2a: Gliscor|100\/100 tox|[from] ability: Poison Heal\n|-sideend|p2: Ghid|Reflect\n|upkeep\n|turn|18\n|inactive|CostOrpheus2459 has 120 seconds left.\n|\n|t:|1700428611\n|move|p1a: Bisharp|Sucker Punch|p2a: Gliscor\n|-damage|p2a: Gliscor|36\/100 tox\n|move|p2a: Gliscor|Earthquake|p1a: Bisharp\n|-supereffective|p1a: Bisharp\n|-damage|p1a: Bisharp|29\/100\n|\n|-damage|p2a: Gliscor|23\/100 tox|[from] Leech Seed|[of] p1a: Bisharp\n|-heal|p1a: Bisharp|42\/100|[silent]\n|-heal|p2a: Gliscor|36\/100 tox|[from] ability: Poison Heal\n|upkeep\n|turn|19\n|inactive|CostOrpheus2459 has 120 seconds left.\n|\n|t:|1700428629\n|switch|p1a: Noivern|Noivern, M|100\/100\n|move|p2a: Gliscor|Protect||[still]\n|-fail|p2a: Gliscor\n|\n|-damage|p2a: Gliscor|23\/100 tox|[from] Leech Seed|[of] p1a: Noivern\n|-heal|p2a: Gliscor|36\/100 tox|[from] ability: Poison Heal\n|upkeep\n|turn|20\n|inactive|CostOrpheus2459 has 120 seconds left.\n|\n|t:|1700428637\n|switch|p2a: Rotom|Rotom-Wash|100\/100\n|move|p1a: Noivern|Boomburst|p2a: Rotom\n|-damage|p2a: Rotom|47\/100\n|-enditem|p1a: Noivern|Throat Spray\n|-boost|p1a: Noivern|spa|1|[from] item: Throat Spray\n|\n|-heal|p2a: Rotom|53\/100|[from] item: Leftovers\n|upkeep\n|turn|21\n|\n|t:|1700428654\n|switch|p2a: Grimmsnarl|Grimmsnarl, M|97\/100\n|move|p1a: Noivern|Boomburst|p2a: Grimmsnarl\n|-damage|p2a: Grimmsnarl|39\/100\n|\n|upkeep\n|turn|22\n|\n|t:|1700428663\n|move|p2a: Grimmsnarl|Light Screen|p2a: Grimmsnarl\n|-sidestart|p2: Ghid|move: Light Screen\n|move|p1a: Noivern|Boomburst|p2a: Grimmsnarl\n|-crit|p2a: Grimmsnarl\n|-damage|p2a: Grimmsnarl|0 fnt\n|faint|p2a: Grimmsnarl\n|\n|upkeep\n|\n|t:|1700428675\n|switch|p2a: Great Tusk|Great Tusk|100\/100\n|turn|23\n|\n|t:|1700428686\n|-terastallize|p2a: Great Tusk|Ground\n|move|p1a: Noivern|Hurricane|p2a: Great Tusk|[miss]\n|-miss|p1a: Noivern|p2a: Great Tusk\n|move|p2a: Great Tusk|Rapid Spin|p1a: Noivern\n|-damage|p1a: Noivern|77\/100\n|-boost|p2a: Great Tusk|spe|1\n|\n|upkeep\n|turn|24\n|\n|t:|1700428711\n|move|p2a: Great Tusk|Ice Spinner|p1a: Noivern\n|-supereffective|p1a: Noivern\n|-damage|p1a: Noivern|0 fnt\n|faint|p1a: Noivern\n|\n|upkeep\n|inactive|CostOrpheus2459 has 120 seconds left.\n|\n|t:|1700428721\n|switch|p1a: Wo-Chien|Wo-Chien|100\/100\n|-damage|p1a: Wo-Chien|88\/100|[from] Spikes\n|-ability|p1a: Wo-Chien|Tablets of Ruin\n|turn|25\n|\n|t:|1700428743\n|-end|p2a: Great Tusk|Protosynthesis|[silent]\n|switch|p2a: Gliscor|Gliscor, M, shiny|36\/100 tox\n|move|p1a: Wo-Chien|Protect||[still]\n|-fail|p1a: Wo-Chien\n|\n|-heal|p1a: Wo-Chien|94\/100|[from] item: Leftovers\n|-heal|p2a: Gliscor|48\/100 tox|[from] ability: Poison Heal\n|upkeep\n|turn|26\n|\n|t:|1700428753\n|switch|p1a: Bisharp|Bisharp, F|42\/100\n|-damage|p1a: Bisharp|30\/100|[from] Spikes\n|move|p2a: Gliscor|Toxic|p1a: Bisharp\n|-immune|p1a: Bisharp\n|\n|-heal|p2a: Gliscor|61\/100 tox|[from] ability: Poison Heal\n|-sideend|p2: Ghid|move: Light Screen\n|upkeep\n|turn|27\n|\n|t:|1700428767\n|move|p1a: Bisharp|Sucker Punch|p2a: Gliscor\n|-damage|p2a: Gliscor|29\/100 tox\n|move|p2a: Gliscor|Earthquake|p1a: Bisharp\n|-supereffective|p1a: Bisharp\n|-damage|p1a: Bisharp|0 fnt\n|faint|p1a: Bisharp\n|\n|-heal|p2a: Gliscor|42\/100 tox|[from] ability: Poison Heal\n|upkeep\n|inactive|CostOrpheus2459 has 120 seconds left.\n|\n|t:|1700428781\n|switch|p1a: Iron Bundle|Iron Bundle|65\/100 tox\n|-damage|p1a: Iron Bundle|53\/100 tox|[from] Spikes\n|turn|28\n|\n|t:|1700428786\n|move|p2a: Gliscor|Protect|p2a: Gliscor\n|-singleturn|p2a: Gliscor|Protect\n|move|p1a: Iron Bundle|Ice Beam|p2a: Gliscor\n|-activate|p2a: Gliscor|move: Protect\n|\n|-damage|p1a: Iron Bundle|47\/100 tox|[from] psn\n|-heal|p2a: Gliscor|54\/100 tox|[from] ability: Poison Heal\n|upkeep\n|turn|29\n|\n|t:|1700428799\n|switch|p2a: Rotom|Rotom-Wash|53\/100\n|move|p1a: Iron Bundle|Ice Beam|p2a: Rotom\n|-resisted|p2a: Rotom\n|-damage|p2a: Rotom|22\/100\n|\n|-heal|p2a: Rotom|28\/100|[from] item: Leftovers\n|-damage|p1a: Iron Bundle|35\/100 tox|[from] psn\n|upkeep\n|turn|30\n|\n|t:|1700428808\n|move|p1a: Iron Bundle|Ice Beam|p2a: Rotom\n|-resisted|p2a: Rotom\n|-damage|p2a: Rotom|0 fnt\n|faint|p2a: Rotom\n|\n|-damage|p1a: Iron Bundle|17\/100 tox|[from] psn\n|upkeep\n|\n|t:|1700428814\n|switch|p2a: Gliscor|Gliscor, M, shiny|54\/100 tox\n|turn|31\n|\n|t:|1700428823\n|-end|p1a: Iron Bundle|Quark Drive|[silent]\n|switch|p1a: Haxorus|Haxorus, F|71\/100\n|-damage|p1a: Haxorus|59\/100|[from] Spikes\n|-ability|p1a: Haxorus|Mold Breaker\n|move|p2a: Gliscor|Protect||[still]\n|-fail|p2a: Gliscor\n|\n|-heal|p2a: Gliscor|67\/100 tox|[from] ability: Poison Heal\n|upkeep\n|turn|32\n|\n|t:|1700428838\n|move|p1a: Haxorus|Dragon Claw|p2a: Gliscor\n|-damage|p2a: Gliscor|19\/100 tox\n|-damage|p1a: Haxorus|49\/100|[from] item: Life Orb\n|move|p2a: Gliscor|Toxic|p1a: Haxorus\n|-status|p1a: Haxorus|tox\n|\n|-damage|p1a: Haxorus|42\/100 tox|[from] psn\n|-heal|p2a: Gliscor|31\/100 tox|[from] ability: Poison Heal\n|upkeep\n|turn|33\n|\n|t:|1700428847\n|move|p2a: Gliscor|Protect|p2a: Gliscor\n|-singleturn|p2a: Gliscor|Protect\n|move|p1a: Haxorus|Dragon Claw|p2a: Gliscor\n|-activate|p2a: Gliscor|move: Protect\n|\n|-damage|p1a: Haxorus|30\/100 tox|[from] psn\n|-heal|p2a: Gliscor|44\/100 tox|[from] ability: Poison Heal\n|upkeep\n|turn|34\n|inactive|Ghid has 120 seconds left.\n|\n|t:|1700428882\n|switch|p2a: Great Tusk|Great Tusk, tera:Ground|100\/100\n|move|p1a: Haxorus|Dragon Claw|p2a: Great Tusk\n|-damage|p2a: Great Tusk|55\/100\n|-damage|p1a: Haxorus|20\/100 tox|[from] item: Life Orb\n|\n|-damage|p1a: Haxorus|2\/100 tox|[from] psn\n|upkeep\n|turn|35\n|inactive|Ghid has 120 seconds left.\n|\n|t:|1700428901\n|move|p2a: Great Tusk|Rapid Spin|p1a: Haxorus\n|-damage|p1a: Haxorus|0 fnt\n|-boost|p2a: Great Tusk|spe|1\n|faint|p1a: Haxorus\n|\n|upkeep\n|\n|t:|1700428908\n|switch|p1a: Iron Bundle|Iron Bundle|17\/100 tox\n|-damage|p1a: Iron Bundle|5\/100 tox|[from] Spikes\n|turn|36\n|\n|t:|1700428918\n|move|p2a: Great Tusk|Rapid Spin|p1a: Iron Bundle\n|-damage|p1a: Iron Bundle|0 fnt\n|-boost|p2a: Great Tusk|spe|1\n|faint|p1a: Iron Bundle\n|-end|p1a: Iron Bundle|Quark Drive|[silent]\n|\n|upkeep\n|\n|t:|1700428924\n|switch|p1a: Wo-Chien|Wo-Chien|94\/100\n|-damage|p1a: Wo-Chien|82\/100|[from] Spikes\n|-ability|p1a: Wo-Chien|Tablets of Ruin\n|turn|37\n|\n|t:|1700428939\n|-terastallize|p1a: Wo-Chien|Dark\n|move|p2a: Great Tusk|Ice Spinner|p1a: Wo-Chien\n|-damage|p1a: Wo-Chien|63\/100\n|move|p1a: Wo-Chien|Power Whip|p2a: Great Tusk\n|-supereffective|p2a: Great Tusk\n|-damage|p2a: Great Tusk|6\/100\n|\n|-heal|p1a: Wo-Chien|69\/100|[from] item: Leftovers\n|upkeep\n|turn|38\n|\n|t:|1700428950\n|move|p2a: Great Tusk|Close Combat|p1a: Wo-Chien\n|-supereffective|p1a: Wo-Chien\n|-damage|p1a: Wo-Chien|0 fnt\n|-unboost|p2a: Great Tusk|def|1\n|-unboost|p2a: Great Tusk|spd|1\n|faint|p1a: Wo-Chien\n|\n|upkeep\n|\n|t:|1700428957\n|switch|p1a: Garchomp|Garchomp, M|100\/100\n|-damage|p1a: Garchomp|88\/100|[from] Spikes\n|turn|39\n|\n|t:|1700428961\n|move|p2a: Great Tusk|Ice Spinner|p1a: Garchomp\n|-supereffective|p1a: Garchomp\n|-damage|p1a: Garchomp|0 fnt\n|-damage|p2a: Great Tusk|0 fnt|[from] ability: Rough Skin|[of] p1a: Garchomp\n|faint|p1a: Garchomp\n|faint|p2a: Great Tusk\n|-end|p2a: Great Tusk|Protosynthesis|[silent]\n|\n|win|Ghid\n|raw|CostOrpheus2459's rating: 1315 &rarr; <strong>1299<\/strong><br \/>(-16 for losing)\n|raw|Ghid's rating: 1394 &rarr; <strong>1410<\/strong><br \/>(+16 for winning)\n|l|\u2606CostOrpheus2459\n","uploadtime":1700428970,"views":7,"p1id":"costorpheus2459","p2id":"ghid","formatid":"gen9anythinggoes","rating":1299,"private":0,"password":""}