{"id":"gen9anythinggoes-1984688764","p1":"E737","p2":"babyball","format":"[Gen 9] Anything Goes","log":"|j|\u2606E737\n|j|\u2606babyball\n|t:|1699291013\n|gametype|singles\n|player|p1|E737|2|\n|player|p2|babyball|265|\n|teamsize|p1|6\n|teamsize|p2|6\n|gen|9\n|tier|[Gen 9] Anything Goes\n|rule|HP Percentage Mod: HP is shown in percentages\n|rule|Endless Battle Clause: Forcing endless battles is banned\n|clearpoke\n|poke|p1|Conkeldurr, F|\n|poke|p1|Orthworm, M|\n|poke|p1|Gengar, M|\n|poke|p1|Great Tusk|\n|poke|p1|Roaring Moon|\n|poke|p1|Typhlosion-Hisui, F|\n|poke|p2|Chi-Yu|\n|poke|p2|Wyrdeer, F|\n|poke|p2|Ogerpon, F|\n|poke|p2|Scream Tail|\n|poke|p2|Haxorus, M|\n|poke|p2|Quaquaval, M|\n|teampreview\n|\n|t:|1699291049\n|start\n|switch|p1a: Weed Wizard|Typhlosion-Hisui, F|100\/100\n|switch|p2a: Quaquaval|Quaquaval, M|100\/100\n|-item|p2a: Quaquaval|Life Orb|[from] ability: Frisk|[of] p1a: Weed Wizard|[identify]\n|turn|1\n|\n|t:|1699291061\n|move|p1a: Weed Wizard|Will-O-Wisp|p2a: Quaquaval\n|-status|p2a: Quaquaval|brn\n|move|p2a: Quaquaval|Aqua Step|p1a: Weed Wizard\n|-supereffective|p1a: Weed Wizard\n|-damage|p1a: Weed Wizard|23\/100\n|-boost|p2a: Quaquaval|spe|1\n|-damage|p2a: Quaquaval|91\/100 brn|[from] item: Life Orb\n|\n|-damage|p2a: Quaquaval|84\/100 brn|[from] brn\n|upkeep\n|turn|2\n|\n|t:|1699291065\n|switch|p1a: Ron|Conkeldurr, F|100\/100\n|move|p2a: Quaquaval|Swords Dance|p2a: Quaquaval\n|-boost|p2a: Quaquaval|atk|2\n|\n|-damage|p2a: Quaquaval|78\/100 brn|[from] brn\n|-status|p1a: Ron|brn|[from] item: Flame Orb\n|upkeep\n|turn|3\n|\n|t:|1699291072\n|move|p2a: Quaquaval|Close Combat|p1a: Ron\n|-damage|p1a: Ron|38\/100 brn\n|-unboost|p2a: Quaquaval|def|1\n|-unboost|p2a: Quaquaval|spd|1\n|-damage|p2a: Quaquaval|68\/100 brn|[from] item: Life Orb\n|move|p1a: Ron|Facade|p2a: Quaquaval\n|-damage|p2a: Quaquaval|0 fnt\n|faint|p2a: Quaquaval\n|\n|-damage|p1a: Ron|32\/100 brn|[from] brn\n|upkeep\n|\n|t:|1699291088\n|switch|p2a: Chi-Yu|Chi-Yu|100\/100\n|-ability|p2a: Chi-Yu|Beads of Ruin\n|turn|4\n|\n|t:|1699291093\n|move|p1a: Ron|Mach Punch|p2a: Chi-Yu\n|-supereffective|p2a: Chi-Yu\n|-damage|p2a: Chi-Yu|0 fnt\n|faint|p2a: Chi-Yu\n|\n|-damage|p1a: Ron|26\/100 brn|[from] brn\n|upkeep\n|\n|t:|1699291098\n|switch|p2a: Ogerpon|Ogerpon, F|100\/100\n|turn|5\n|\n|t:|1699291101\n|move|p1a: Ron|Mach Punch|p2a: Ogerpon\n|-damage|p2a: Ogerpon|55\/100\n|move|p2a: Ogerpon|Ivy Cudgel|p1a: Ron\n|-damage|p1a: Ron|0 fnt\n|faint|p1a: Ron\n|\n|upkeep\n|\n|t:|1699291105\n|switch|p1a: Nathan Wallace|Orthworm, M|100\/100\n|turn|6\n|\n|t:|1699291108\n|move|p2a: Ogerpon|Ivy Cudgel|p1a: Nathan Wallace\n|-resisted|p1a: Nathan Wallace\n|-crit|p1a: Nathan Wallace\n|-damage|p1a: Nathan Wallace|70\/100\n|move|p1a: Nathan Wallace|Iron Tail|p2a: Ogerpon\n|-damage|p2a: Ogerpon|19\/100\n|\n|-heal|p1a: Nathan Wallace|76\/100|[from] item: Leftovers\n|upkeep\n|turn|7\n|\n|t:|1699291113\n|move|p2a: Ogerpon|Ivy Cudgel|p1a: Nathan Wallace\n|-resisted|p1a: Nathan Wallace\n|-damage|p1a: Nathan Wallace|56\/100\n|move|p1a: Nathan Wallace|Coil|p1a: Nathan Wallace\n|-boost|p1a: Nathan Wallace|atk|1\n|-boost|p1a: Nathan Wallace|def|1\n|-boost|p1a: Nathan Wallace|accuracy|1\n|\n|-heal|p1a: Nathan Wallace|62\/100|[from] item: Leftovers\n|upkeep\n|turn|8\n|\n|t:|1699291117\n|switch|p2a: Scream Tail|Scream Tail|100\/100\n|move|p1a: Nathan Wallace|Coil|p1a: Nathan Wallace\n|-boost|p1a: Nathan Wallace|atk|1\n|-boost|p1a: Nathan Wallace|def|1\n|-boost|p1a: Nathan Wallace|accuracy|1\n|\n|-heal|p1a: Nathan Wallace|68\/100|[from] item: Leftovers\n|upkeep\n|turn|9\n|\n|t:|1699291120\n|move|p2a: Scream Tail|Encore|p1a: Nathan Wallace\n|-start|p1a: Nathan Wallace|Encore\n|move|p1a: Nathan Wallace|Coil|p1a: Nathan Wallace\n|-boost|p1a: Nathan Wallace|atk|1\n|-boost|p1a: Nathan Wallace|def|1\n|-boost|p1a: Nathan Wallace|accuracy|1\n|\n|-heal|p1a: Nathan Wallace|74\/100|[from] item: Leftovers\n|upkeep\n|turn|10\n|\n|t:|1699291141\n|switch|p1a: The Professional|Gengar, M|100\/100\n|move|p2a: Scream Tail|Wish|p2a: Scream Tail\n|\n|upkeep\n|turn|11\n|\n|t:|1699291153\n|move|p1a: The Professional|Sludge Bomb|p2a: Scream Tail\n|-supereffective|p2a: Scream Tail\n|-damage|p2a: Scream Tail|31\/100\n|move|p2a: Scream Tail|Play Rough|p1a: The Professional\n|-resisted|p1a: The Professional\n|-damage|p1a: The Professional|79\/100\n|\n|-heal|p2a: Scream Tail|81\/100|[from] move: Wish|[wisher] Scream Tail\n|-heal|p2a: Scream Tail|88\/100|[from] item: Leftovers\n|upkeep\n|turn|12\n|\n|t:|1699291175\n|-end|p2a: Scream Tail|Protosynthesis|[silent]\n|switch|p2a: Ogerpon|Ogerpon, F|19\/100\n|move|p1a: The Professional|Sludge Bomb|p2a: Ogerpon\n|-supereffective|p2a: Ogerpon\n|-damage|p2a: Ogerpon|0 fnt\n|faint|p2a: Ogerpon\n|\n|upkeep\n|\n|t:|1699291178\n|switch|p2a: Wyrdeer|Wyrdeer, F|100\/100\n|-ability|p2a: Wyrdeer|Intimidate|boost\n|-unboost|p1a: The Professional|atk|1\n|turn|13\n|\n|t:|1699291187\n|switch|p1a: Roaring Moon|Roaring Moon|100\/100\n|move|p2a: Wyrdeer|Thunder Wave|p1a: Roaring Moon\n|-status|p1a: Roaring Moon|par\n|\n|upkeep\n|turn|14\n|\n|t:|1699291193\n|-terastallize|p2a: Wyrdeer|Normal\n|move|p1a: Roaring Moon|U-turn|p2a: Wyrdeer\n|-damage|p2a: Wyrdeer|56\/100\n|\n|t:|1699291200\n|-end|p1a: Roaring Moon|Protosynthesis|[silent]\n|switch|p1a: Weed Wizard|Typhlosion-Hisui, F|23\/100|[from] U-turn\n|-item|p2a: Wyrdeer|Leftovers|[from] ability: Frisk|[of] p1a: Weed Wizard|[identify]\n|move|p2a: Wyrdeer|Body Slam|p1a: Weed Wizard\n|-immune|p1a: Weed Wizard\n|\n|-heal|p2a: Wyrdeer|62\/100|[from] item: Leftovers\n|upkeep\n|turn|15\n|\n|t:|1699291204\n|move|p1a: Weed Wizard|Fire Blast|p2a: Wyrdeer\n|-damage|p2a: Wyrdeer|4\/100\n|move|p2a: Wyrdeer|Earthquake|p1a: Weed Wizard\n|-supereffective|p1a: Weed Wizard\n|-damage|p1a: Weed Wizard|0 fnt\n|faint|p1a: Weed Wizard\n|\n|-heal|p2a: Wyrdeer|10\/100|[from] item: Leftovers\n|upkeep\n|\n|t:|1699291218\n|switch|p1a: Goat Tusk|Great Tusk|100\/100\n|-enditem|p1a: Goat Tusk|Booster Energy\n|-activate|p1a: Goat Tusk|ability: Protosynthesis|[fromitem]\n|-start|p1a: Goat Tusk|protosynthesisspe\n|turn|16\n|\n|t:|1699291223\n|move|p1a: Goat Tusk|Bulk Up|p1a: Goat Tusk\n|-boost|p1a: Goat Tusk|atk|1\n|-boost|p1a: Goat Tusk|def|1\n|move|p2a: Wyrdeer|Psychic|p1a: Goat Tusk\n|-supereffective|p1a: Goat Tusk\n|-crit|p1a: Goat Tusk\n|-damage|p1a: Goat Tusk|0 fnt\n|faint|p1a: Goat Tusk\n|-end|p1a: Goat Tusk|Protosynthesis|[silent]\n|\n|-heal|p2a: Wyrdeer|16\/100|[from] item: Leftovers\n|upkeep\n|c|\u2606E737|I swear to god I cancelled that move\n|\n|t:|1699291246\n|switch|p1a: The Professional|Gengar, M|79\/100\n|turn|17\n|c|\u2606babyball|my b dawg\n|\n|t:|1699291253\n|move|p1a: The Professional|Dazzling Gleam|p2a: Wyrdeer\n|-damage|p2a: Wyrdeer|0 fnt\n|faint|p2a: Wyrdeer\n|\n|upkeep\n|\n|t:|1699291259\n|switch|p2a: Scream Tail|Scream Tail|88\/100\n|turn|18\n|\n|t:|1699291267\n|switch|p1a: Nathan Wallace|Orthworm, M|74\/100\n|-end|p2a: Scream Tail|Protosynthesis|[silent]\n|switch|p2a: Haxorus|Haxorus, M|100\/100\n|-ability|p2a: Haxorus|Mold Breaker\n|\n|-heal|p1a: Nathan Wallace|80\/100|[from] item: Leftovers\n|upkeep\n|turn|19\n|\n|t:|1699291275\n|move|p2a: Haxorus|Swords Dance|p2a: Haxorus\n|-boost|p2a: Haxorus|atk|2\n|move|p1a: Nathan Wallace|Coil|p1a: Nathan Wallace\n|-boost|p1a: Nathan Wallace|atk|1\n|-boost|p1a: Nathan Wallace|def|1\n|-boost|p1a: Nathan Wallace|accuracy|1\n|\n|-heal|p1a: Nathan Wallace|86\/100|[from] item: Leftovers\n|upkeep\n|turn|20\n|\n|t:|1699291336\n|-terastallize|p1a: Nathan Wallace|Water\n|move|p2a: Haxorus|Scale Shot|p1a: Nathan Wallace\n|-damage|p1a: Nathan Wallace|75\/100\n|-damage|p1a: Nathan Wallace|64\/100\n|-damage|p1a: Nathan Wallace|53\/100\n|-damage|p1a: Nathan Wallace|41\/100\n|-damage|p1a: Nathan Wallace|30\/100\n|-hitcount|p1a: Nathan Wallace|5\n|-unboost|p2a: Haxorus|def|1\n|-boost|p2a: Haxorus|spe|1\n|move|p1a: Nathan Wallace|Body Press|p2a: Haxorus\n|-damage|p2a: Haxorus|2\/100\n|\n|-heal|p1a: Nathan Wallace|36\/100|[from] item: Leftovers\n|upkeep\n|turn|21\n|\n|t:|1699291354\n|move|p2a: Haxorus|Close Combat|p1a: Nathan Wallace\n|-damage|p1a: Nathan Wallace|3\/100\n|-unboost|p2a: Haxorus|def|1\n|-unboost|p2a: Haxorus|spd|1\n|move|p1a: Nathan Wallace|Body Press|p2a: Haxorus\n|-damage|p2a: Haxorus|0 fnt\n|faint|p2a: Haxorus\n|\n|-heal|p1a: Nathan Wallace|10\/100|[from] item: Leftovers\n|upkeep\n|\n|t:|1699291360\n|switch|p2a: Scream Tail|Scream Tail|88\/100\n|turn|22\n|\n|t:|1699291363\n|move|p2a: Scream Tail|Play Rough|p1a: Nathan Wallace\n|-damage|p1a: Nathan Wallace|2\/100\n|move|p1a: Nathan Wallace|Iron Tail|p2a: Scream Tail\n|-supereffective|p2a: Scream Tail\n|-damage|p2a: Scream Tail|18\/100\n|\n|-heal|p2a: Scream Tail|24\/100|[from] item: Leftovers\n|-heal|p1a: Nathan Wallace|8\/100|[from] item: Leftovers\n|upkeep\n|turn|23\n|\n|t:|1699291366\n|move|p2a: Scream Tail|Play Rough|p1a: Nathan Wallace\n|-damage|p1a: Nathan Wallace|0 fnt\n|faint|p1a: Nathan Wallace\n|\n|-heal|p2a: Scream Tail|30\/100|[from] item: Leftovers\n|upkeep\n|\n|t:|1699291369\n|switch|p1a: The Professional|Gengar, M|79\/100\n|turn|24\n|\n|t:|1699291373\n|move|p2a: Scream Tail|Protect|p2a: Scream Tail\n|-singleturn|p2a: Scream Tail|Protect\n|move|p1a: The Professional|Sludge Bomb|p2a: Scream Tail\n|-activate|p2a: Scream Tail|move: Protect\n|\n|-heal|p2a: Scream Tail|37\/100|[from] item: Leftovers\n|upkeep\n|turn|25\n|\n|t:|1699291380\n|move|p1a: The Professional|Sludge Bomb|p2a: Scream Tail\n|-supereffective|p2a: Scream Tail\n|-damage|p2a: Scream Tail|0 fnt\n|faint|p2a: Scream Tail\n|-end|p2a: Scream Tail|Protosynthesis|[silent]\n|\n|win|E737\n|c|\u2606babyball|gg!!\n|c|\u2606E737|Gg\n","uploadtime":1699291389,"views":10,"p1id":"e737","p2id":"babyball","formatid":"gen9anythinggoes","rating":0,"private":0,"password":""}