{"id":"gen9anythinggoes-1990150185","p1":"uyt5t6y7","p2":"Genwunfun","format":"[Gen 9] Anything Goes","log":"|j|\u2606uyt5t6y7\n|j|\u2606Genwunfun\n|t:|1699930055\n|gametype|singles\n|player|p1|uyt5t6y7|pokekid|1156\n|player|p2|Genwunfun|red|1213\n|teamsize|p1|6\n|teamsize|p2|6\n|gen|9\n|tier|[Gen 9] Anything Goes\n|rated|\n|rule|HP Percentage Mod: HP is shown in percentages\n|rule|Endless Battle Clause: Forcing endless battles is banned\n|clearpoke\n|poke|p1|Calyrex-Shadow|\n|poke|p1|Annihilape, F|\n|poke|p1|Espathra, M|\n|poke|p1|Chien-Pao|\n|poke|p1|Miraidon|\n|poke|p1|Corviknight, F|\n|poke|p2|Palafin, F|\n|poke|p2|Klefki, F|\n|poke|p2|Ursaluna, M|\n|poke|p2|Dragapult, M|\n|poke|p2|Rotom-Heat|\n|poke|p2|Sneasler, F|\n|teampreview\n|\n|t:|1699930079\n|start\n|switch|p1a: Miraidon|Miraidon|100\/100\n|switch|p2a: Palafin|Palafin, F, shiny|100\/100\n|-fieldstart|move: Electric Terrain|[from] ability: Hadron Engine|[of] p1a: Miraidon\n|turn|1\n|\n|t:|1699930089\n|detailschange|p2a: Palafin|Palafin-Hero, F, shiny\n|switch|p2a: Klefki|Klefki, F|100\/100\n|move|p1a: Miraidon|Draco Meteor|p2a: Klefki\n|-immune|p2a: Klefki\n|\n|upkeep\n|turn|2\n|inactive|Battle timer is ON: inactive players will automatically lose when time's up. (requested by uyt5t6y7)\n|\n|t:|1699930099\n|switch|p1a: Corviknight|Corviknight, F|100\/100\n|-ability|p1a: Corviknight|Pressure\n|switch|p2a: Ursaluna|Ursaluna, M|100\/100\n|\n|-status|p2a: Ursaluna|brn|[from] item: Flame Orb\n|upkeep\n|turn|3\n|\n|t:|1699930108\n|move|p1a: Corviknight|Body Press|p2a: Ursaluna\n|-supereffective|p2a: Ursaluna\n|-damage|p2a: Ursaluna|65\/100 brn\n|move|p2a: Ursaluna|Smack Down|p1a: Corviknight\n|-damage|p1a: Corviknight|83\/100\n|-start|p1a: Corviknight|Smack Down\n|\n|-damage|p2a: Ursaluna|59\/100 brn|[from] brn\n|upkeep\n|turn|4\n|\n|t:|1699930125\n|switch|p1a: Annihilape|Annihilape, F|100\/100\n|move|p2a: Ursaluna|Earthquake|p1a: Annihilape\n|-damage|p1a: Annihilape|14\/100\n|\n|-heal|p1a: Annihilape|20\/100|[from] item: Leftovers\n|-damage|p2a: Ursaluna|53\/100 brn|[from] brn\n|upkeep\n|turn|5\n|\n|t:|1699930136\n|switch|p2a: Dragapult|Dragapult, M|100\/100\n|move|p1a: Annihilape|Drain Punch|p2a: Dragapult\n|-immune|p2a: Dragapult\n|\n|-heal|p1a: Annihilape|26\/100|[from] item: Leftovers\n|-fieldend|move: Electric Terrain\n|upkeep\n|turn|6\n|\n|t:|1699930152\n|-terastallize|p1a: Annihilape|Normal\n|move|p2a: Dragapult|Will-O-Wisp|p1a: Annihilape\n|-status|p1a: Annihilape|brn\n|move|p1a: Annihilape|Rage Fist|p2a: Dragapult\n|-supereffective|p2a: Dragapult\n|-damage|p2a: Dragapult|25\/100\n|\n|-heal|p1a: Annihilape|33\/100 brn|[from] item: Leftovers\n|-damage|p1a: Annihilape|26\/100 brn|[from] brn\n|upkeep\n|turn|7\n|\n|t:|1699930171\n|switch|p2a: Palafin|Palafin-Hero, F, shiny|100\/100\n|-activate|p2a: Palafin|ability: Zero to Hero\n|move|p1a: Annihilape|Rage Fist|p2a: Palafin\n|-damage|p2a: Palafin|73\/100\n|\n|-heal|p2a: Palafin|79\/100|[from] item: Leftovers\n|-heal|p1a: Annihilape|33\/100 brn|[from] item: Leftovers\n|-damage|p1a: Annihilape|26\/100 brn|[from] brn\n|upkeep\n|turn|8\n|\n|t:|1699930184\n|move|p2a: Palafin|Bulk Up|p2a: Palafin\n|-boost|p2a: Palafin|atk|1\n|-boost|p2a: Palafin|def|1\n|move|p1a: Annihilape|Taunt|p2a: Palafin\n|-start|p2a: Palafin|move: Taunt\n|\n|-heal|p2a: Palafin|85\/100|[from] item: Leftovers\n|-heal|p1a: Annihilape|33\/100 brn|[from] item: Leftovers\n|-damage|p1a: Annihilape|26\/100 brn|[from] brn\n|upkeep\n|turn|9\n|\n|t:|1699930197\n|move|p2a: Palafin|Drain Punch|p1a: Annihilape\n|-supereffective|p1a: Annihilape\n|-damage|p1a: Annihilape|0 fnt\n|-heal|p2a: Palafin|100\/100|[from] drain|[of] p1a: Annihilape\n|faint|p1a: Annihilape\n|\n|upkeep\n|\n|t:|1699930212\n|switch|p1a: Calyrex|Calyrex-Shadow|100\/100\n|-ability|p1a: Calyrex|As One\n|-ability|p1a: Calyrex|Unnerve\n|turn|10\n|\n|t:|1699930220\n|move|p2a: Palafin|Jet Punch|p1a: Calyrex\n|-damage|p1a: Calyrex|34\/100\n|move|p1a: Calyrex|Astral Barrage|p2a: Palafin\n|-damage|p2a: Palafin|39\/100\n|\n|-heal|p1a: Calyrex|40\/100|[from] item: Leftovers\n|-heal|p2a: Palafin|45\/100|[from] item: Leftovers\n|upkeep\n|turn|11\n|l|\u2606uyt5t6y7\n|inactive|uyt5t6y7 disconnected and has a minute to reconnect!\n|player|p1|\n|inactive|uyt5t6y7 has 30 seconds to reconnect!\n|inactive|uyt5t6y7 has 20 seconds to reconnect!\n|inactive|uyt5t6y7 has 15 seconds to reconnect!\n|inactive|uyt5t6y7 has 10 seconds to reconnect!\n|inactive|uyt5t6y7 has 5 seconds to reconnect!\n|-message|uyt5t6y7 lost due to inactivity.\n|\n|win|Genwunfun\n|raw|uyt5t6y7's rating: 1156 &rarr; <strong>1135<\/strong><br \/>(-21 for losing)\n|raw|Genwunfun's rating: 1213 &rarr; <strong>1234<\/strong><br \/>(+21 for winning)\n","uploadtime":1699930385,"views":32,"p1id":"uyt5t6y7","p2id":"genwunfun","formatid":"gen9anythinggoes","rating":1135,"private":0,"password":""}