{"id":"gen9anythinggoes-1980164682","p1":"Itisbehindyou","p2":"diliam2048","format":"[Gen 9] Anything Goes","log":"|j|\u2606Itisbehindyou\n|j|\u2606diliam2048\n|t:|1698762925\n|gametype|singles\n|player|p1|Itisbehindyou|backpacker|1000\n|player|p2|diliam2048|lucas|1027\n|teamsize|p1|6\n|teamsize|p2|6\n|gen|9\n|tier|[Gen 9] Anything Goes\n|rated|\n|rule|HP Percentage Mod: HP is shown in percentages\n|rule|Endless Battle Clause: Forcing endless battles is banned\n|clearpoke\n|poke|p1|Orthworm, M|\n|poke|p1|Clodsire, M|\n|poke|p1|Glimmora, F|\n|poke|p1|Garganacl, M|\n|poke|p1|Kingambit, M|\n|poke|p1|Ceruledge, M|\n|poke|p2|Torterra, M|\n|poke|p2|Great Tusk|\n|poke|p2|Iron Valiant|\n|poke|p2|Miraidon|\n|poke|p2|Gengar, F|\n|poke|p2|Calyrex-Shadow|\n|teampreview\n|\n|t:|1698762938\n|start\n|switch|p1a: Ceruledge|Ceruledge, M, shiny|100\/100\n|switch|p2a: Gengar|Gengar, F|100\/100\n|turn|1\n|\n|t:|1698762948\n|switch|p2a: Great Tusk|Great Tusk|100\/100\n|move|p1a: Ceruledge|Shadow Sneak|p2a: Great Tusk\n|-damage|p2a: Great Tusk|87\/100\n|\n|upkeep\n|turn|2\n|\n|t:|1698762955\n|switch|p1a: Orthworm|Orthworm, M, shiny|100\/100\n|move|p2a: Great Tusk|Earthquake|p1a: Orthworm\n|-immune|p1a: Orthworm|[from] ability: Earth Eater\n|\n|upkeep\n|turn|3\n|\n|t:|1698762968\n|-end|p2a: Great Tusk|Protosynthesis|[silent]\n|switch|p2a: Gengar|Gengar, F|100\/100\n|-terastallize|p1a: Orthworm|Fairy\n|move|p1a: Orthworm|Coil|p1a: Orthworm\n|-boost|p1a: Orthworm|atk|1\n|-boost|p1a: Orthworm|def|1\n|-boost|p1a: Orthworm|accuracy|1\n|\n|upkeep\n|turn|4\n|\n|t:|1698762981\n|switch|p1a: Clodsire|Clodsire, M, shiny|100\/100\n|move|p2a: Gengar|Poltergeist|p1a: Clodsire\n|-activate|p1a: Clodsire|move: Poltergeist|Rocky Helmet\n|-damage|p1a: Clodsire|63\/100\n|\n|upkeep\n|turn|5\n|\n|t:|1698762993\n|switch|p2a: Torterra|Torterra, M|100\/100\n|move|p1a: Clodsire|Earthquake|p2a: Torterra\n|-resisted|p2a: Torterra\n|-damage|p2a: Torterra|87\/100\n|\n|upkeep\n|turn|6\n|\n|t:|1698763004\n|switch|p1a: Orthworm|Orthworm, M, shiny, tera:Fairy|100\/100\n|move|p2a: Torterra|Frenzy Plant|p1a: Orthworm\n|-damage|p1a: Orthworm|14\/100\n|-mustrecharge|p2a: Torterra\n|\n|-heal|p1a: Orthworm|20\/100|[from] item: Leftovers\n|upkeep\n|turn|7\n|\n|t:|1698763016\n|move|p1a: Orthworm|Wrap|p2a: Torterra\n|-crit|p2a: Torterra\n|-damage|p2a: Torterra|82\/100\n|-activate|p2a: Torterra|move: Wrap|[of] p1a: Orthworm\n|cant|p2a: Torterra|recharge\n|\n|-heal|p1a: Orthworm|26\/100|[from] item: Leftovers\n|-damage|p2a: Torterra|69\/100|[from] move: Wrap|[partiallytrapped]\n|upkeep\n|turn|8\n|\n|t:|1698763029\n|move|p1a: Orthworm|Protect|p1a: Orthworm\n|-singleturn|p1a: Orthworm|Protect\n|move|p2a: Torterra|Leaf Storm|p1a: Orthworm\n|-activate|p1a: Orthworm|move: Protect\n|\n|-heal|p1a: Orthworm|32\/100|[from] item: Leftovers\n|-damage|p2a: Torterra|57\/100|[from] move: Wrap|[partiallytrapped]\n|upkeep\n|turn|9\n|\n|t:|1698763048\n|switch|p1a: Ceruledge|Ceruledge, M, shiny|100\/100\n|move|p2a: Torterra|Wood Hammer|p1a: Ceruledge\n|-resisted|p1a: Ceruledge\n|-damage|p1a: Ceruledge|63\/100\n|-ability|p1a: Ceruledge|Weak Armor|boost\n|-unboost|p1a: Ceruledge|def|1\n|-boost|p1a: Ceruledge|spe|2\n|-damage|p2a: Torterra|47\/100|[from] Recoil\n|\n|-end|p2a: Torterra|Wrap|[partiallytrapped]|[silent]\n|upkeep\n|turn|10\n|\n|t:|1698763061\n|move|p1a: Ceruledge|Bitter Blade|p2a: Torterra\n|-supereffective|p2a: Torterra\n|-damage|p2a: Torterra|0 fnt\n|-heal|p1a: Ceruledge|93\/100|[from] drain|[of] p2a: Torterra\n|faint|p2a: Torterra\n|\n|upkeep\n|\n|t:|1698763065\n|switch|p2a: Great Tusk|Great Tusk|87\/100\n|turn|11\n|\n|t:|1698763072\n|switch|p1a: Orthworm|Orthworm, M, shiny, tera:Fairy|32\/100\n|move|p2a: Great Tusk|Earth Power|p1a: Orthworm\n|-heal|p1a: Orthworm|57\/100|[from] ability: Earth Eater|[of] p2a: Great Tusk\n|\n|-heal|p1a: Orthworm|63\/100|[from] item: Leftovers\n|upkeep\n|turn|12\n|\n|t:|1698763081\n|move|p1a: Orthworm|Protect|p1a: Orthworm\n|-singleturn|p1a: Orthworm|Protect\n|move|p2a: Great Tusk|Close Combat|p1a: Orthworm\n|-activate|p1a: Orthworm|move: Protect\n|\n|-heal|p1a: Orthworm|69\/100|[from] item: Leftovers\n|upkeep\n|turn|13\n|\n|t:|1698763088\n|-end|p2a: Great Tusk|Protosynthesis|[silent]\n|switch|p2a: Iron Valiant|Iron Valiant|100\/100\n|move|p1a: Orthworm|Coil|p1a: Orthworm\n|-boost|p1a: Orthworm|atk|1\n|-boost|p1a: Orthworm|def|1\n|-boost|p1a: Orthworm|accuracy|1\n|\n|-heal|p1a: Orthworm|75\/100|[from] item: Leftovers\n|upkeep\n|turn|14\n|\n|t:|1698763099\n|move|p2a: Iron Valiant|Dazzling Gleam|p1a: Orthworm\n|-damage|p1a: Orthworm|9\/100\n|move|p1a: Orthworm|Iron Tail|p2a: Iron Valiant\n|-supereffective|p2a: Iron Valiant\n|-damage|p2a: Iron Valiant|0 fnt\n|faint|p2a: Iron Valiant\n|-end|p2a: Iron Valiant|Quark Drive|[silent]\n|\n|-heal|p1a: Orthworm|15\/100|[from] item: Leftovers\n|upkeep\n|inactive|Battle timer is ON: inactive players will automatically lose when time's up. (requested by Itisbehindyou)\n|\n|t:|1698763106\n|switch|p2a: Gengar|Gengar, F|100\/100\n|turn|15\n|\n|t:|1698763111\n|move|p1a: Orthworm|Protect|p1a: Orthworm\n|-singleturn|p1a: Orthworm|Protect\n|move|p2a: Gengar|Poltergeist|p1a: Orthworm\n|-activate|p1a: Orthworm|move: Protect\n|\n|-heal|p1a: Orthworm|21\/100|[from] item: Leftovers\n|upkeep\n|turn|16\n|\n|t:|1698763125\n|switch|p1a: Kingambit|Kingambit, M, shiny|100\/100\n|move|p2a: Gengar|Shadow Ball|p1a: Kingambit\n|-resisted|p1a: Kingambit\n|-damage|p1a: Kingambit|91\/100\n|\n|upkeep\n|turn|17\n|\n|t:|1698763136\n|switch|p2a: Great Tusk|Great Tusk|87\/100\n|move|p1a: Kingambit|Kowtow Cleave|p2a: Great Tusk\n|-resisted|p2a: Great Tusk\n|-damage|p2a: Great Tusk|73\/100\n|\n|upkeep\n|turn|18\n|\n|t:|1698763145\n|-end|p1a: Kingambit|fallenundefined|[silent]\n|switch|p1a: Ceruledge|Ceruledge, M, shiny|93\/100\n|move|p2a: Great Tusk|Earthquake|p1a: Ceruledge\n|-supereffective|p1a: Ceruledge\n|-damage|p1a: Ceruledge|0 fnt\n|faint|p1a: Ceruledge\n|\n|upkeep\n|\n|t:|1698763155\n|switch|p1a: Orthworm|Orthworm, M, shiny, tera:Fairy|21\/100\n|turn|19\n|\n|t:|1698763161\n|move|p1a: Orthworm|Protect|p1a: Orthworm\n|-singleturn|p1a: Orthworm|Protect\n|move|p2a: Great Tusk|Close Combat|p1a: Orthworm\n|-activate|p1a: Orthworm|move: Protect\n|\n|-heal|p1a: Orthworm|27\/100|[from] item: Leftovers\n|upkeep\n|turn|20\n|\n|t:|1698763168\n|move|p2a: Great Tusk|Body Press|p1a: Orthworm\n|-resisted|p1a: Orthworm\n|-damage|p1a: Orthworm|15\/100\n|move|p1a: Orthworm|Coil|p1a: Orthworm\n|-boost|p1a: Orthworm|atk|1\n|-boost|p1a: Orthworm|def|1\n|-boost|p1a: Orthworm|accuracy|1\n|\n|-heal|p1a: Orthworm|21\/100|[from] item: Leftovers\n|upkeep\n|turn|21\n|\n|t:|1698763179\n|move|p2a: Great Tusk|Close Combat|p1a: Orthworm\n|-resisted|p1a: Orthworm\n|-damage|p1a: Orthworm|10\/100\n|-unboost|p2a: Great Tusk|def|1\n|-unboost|p2a: Great Tusk|spd|1\n|move|p1a: Orthworm|Wrap|p2a: Great Tusk\n|-damage|p2a: Great Tusk|67\/100\n|-activate|p2a: Great Tusk|move: Wrap|[of] p1a: Orthworm\n|\n|-heal|p1a: Orthworm|16\/100|[from] item: Leftovers\n|-damage|p2a: Great Tusk|55\/100|[from] move: Wrap|[partiallytrapped]\n|upkeep\n|turn|22\n|\n|t:|1698763188\n|-terastallize|p2a: Great Tusk|Ground\n|move|p1a: Orthworm|Protect|p1a: Orthworm\n|-singleturn|p1a: Orthworm|Protect\n|move|p2a: Great Tusk|Close Combat|p1a: Orthworm\n|-activate|p1a: Orthworm|move: Protect\n|\n|-heal|p1a: Orthworm|22\/100|[from] item: Leftovers\n|-damage|p2a: Great Tusk|43\/100|[from] move: Wrap|[partiallytrapped]\n|upkeep\n|turn|23\n|\n|t:|1698763201\n|move|p2a: Great Tusk|Close Combat|p1a: Orthworm\n|-resisted|p1a: Orthworm\n|-damage|p1a: Orthworm|9\/100\n|-unboost|p2a: Great Tusk|def|1\n|-unboost|p2a: Great Tusk|spd|1\n|move|p1a: Orthworm|Coil|p1a: Orthworm\n|-boost|p1a: Orthworm|atk|1\n|-boost|p1a: Orthworm|def|1\n|-boost|p1a: Orthworm|accuracy|1\n|\n|-heal|p1a: Orthworm|15\/100|[from] item: Leftovers\n|-damage|p2a: Great Tusk|31\/100|[from] move: Wrap|[partiallytrapped]\n|upkeep\n|turn|24\n|\n|t:|1698763219\n|move|p1a: Orthworm|Protect|p1a: Orthworm\n|-singleturn|p1a: Orthworm|Protect\n|move|p2a: Great Tusk|Body Press|p1a: Orthworm\n|-activate|p1a: Orthworm|move: Protect\n|\n|-heal|p1a: Orthworm|21\/100|[from] item: Leftovers\n|-damage|p2a: Great Tusk|18\/100|[from] move: Wrap|[partiallytrapped]\n|upkeep\n|turn|25\n|\n|t:|1698763232\n|move|p2a: Great Tusk|Close Combat|p1a: Orthworm\n|-resisted|p1a: Orthworm\n|-damage|p1a: Orthworm|12\/100\n|-unboost|p2a: Great Tusk|def|1\n|-unboost|p2a: Great Tusk|spd|1\n|move|p1a: Orthworm|Coil|p1a: Orthworm\n|-boost|p1a: Orthworm|atk|1\n|-boost|p1a: Orthworm|def|1\n|-boost|p1a: Orthworm|accuracy|1\n|\n|-heal|p1a: Orthworm|18\/100|[from] item: Leftovers\n|-end|p2a: Great Tusk|Wrap|[partiallytrapped]\n|upkeep\n|turn|26\n|\n|t:|1698763241\n|-end|p2a: Great Tusk|Protosynthesis|[silent]\n|switch|p2a: Gengar|Gengar, F|100\/100\n|move|p1a: Orthworm|Iron Tail|p2a: Gengar\n|-crit|p2a: Gengar\n|-damage|p2a: Gengar|0 fnt\n|faint|p2a: Gengar\n|\n|-heal|p1a: Orthworm|24\/100|[from] item: Leftovers\n|upkeep\n|\n|t:|1698763252\n|switch|p2a: Calyrex|Calyrex-Shadow|100\/100\n|-ability|p2a: Calyrex|As One\n|-ability|p2a: Calyrex|Unnerve\n|turn|27\n|\n|t:|1698763260\n|move|p1a: Orthworm|Protect|p1a: Orthworm\n|-singleturn|p1a: Orthworm|Protect\n|move|p2a: Calyrex|Astral Barrage|p1a: Orthworm\n|-activate|p1a: Orthworm|move: Protect\n|\n|-heal|p1a: Orthworm|30\/100|[from] item: Leftovers\n|upkeep\n|turn|28\n|\n|t:|1698763273\n|switch|p1a: Clodsire|Clodsire, M, shiny|63\/100\n|move|p2a: Calyrex|Shadow Ball|p1a: Clodsire\n|-damage|p1a: Clodsire|37\/100\n|\n|upkeep\n|turn|29\n|\n|t:|1698763282\n|move|p2a: Calyrex|Psychic|p1a: Clodsire\n|-supereffective|p1a: Clodsire\n|-damage|p1a: Clodsire|0 fnt\n|faint|p1a: Clodsire\n|-ability|p2a: Calyrex|Grim Neigh|boost\n|-boost|p2a: Calyrex|spa|1\n|\n|upkeep\n|inactive|Itisbehindyou has 120 seconds left.\n|\n|t:|1698763316\n|switch|p1a: Garganacl|Garganacl, M, shiny|100\/100\n|turn|30\n|\n|t:|1698763322\n|move|p2a: Calyrex|Astral Barrage|p1a: Garganacl\n|-damage|p1a: Garganacl|63\/100\n|move|p1a: Garganacl|Salt Cure|p2a: Calyrex\n|-damage|p2a: Calyrex|85\/100\n|-start|p2a: Calyrex|Salt Cure\n|\n|-heal|p2a: Calyrex|91\/100|[from] item: Leftovers\n|-damage|p2a: Calyrex|79\/100|[from] Salt Cure\n|upkeep\n|turn|31\n|inactive|Itisbehindyou has 120 seconds left.\n|\n|t:|1698763343\n|switch|p2a: Great Tusk|Great Tusk, tera:Ground|18\/100\n|move|p1a: Garganacl|Recover|p1a: Garganacl\n|-heal|p1a: Garganacl|100\/100\n|\n|upkeep\n|turn|32\n|\n|t:|1698763352\n|switch|p1a: Orthworm|Orthworm, M, shiny, tera:Fairy|30\/100\n|move|p2a: Great Tusk|Earthquake|p1a: Orthworm\n|-heal|p1a: Orthworm|55\/100|[from] ability: Earth Eater|[of] p2a: Great Tusk\n|\n|-heal|p1a: Orthworm|61\/100|[from] item: Leftovers\n|upkeep\n|turn|33\n|\n|t:|1698763360\n|-end|p2a: Great Tusk|Protosynthesis|[silent]\n|switch|p2a: Calyrex|Calyrex-Shadow|79\/100\n|-ability|p2a: Calyrex|As One\n|-ability|p2a: Calyrex|Unnerve\n|move|p1a: Orthworm|Coil|p1a: Orthworm\n|-boost|p1a: Orthworm|atk|1\n|-boost|p1a: Orthworm|def|1\n|-boost|p1a: Orthworm|accuracy|1\n|\n|-heal|p2a: Calyrex|85\/100|[from] item: Leftovers\n|-heal|p1a: Orthworm|67\/100|[from] item: Leftovers\n|upkeep\n|turn|34\n|\n|t:|1698763377\n|move|p1a: Orthworm|Protect|p1a: Orthworm\n|-singleturn|p1a: Orthworm|Protect\n|move|p2a: Calyrex|Psychic|p1a: Orthworm\n|-activate|p1a: Orthworm|move: Protect\n|\n|-heal|p2a: Calyrex|91\/100|[from] item: Leftovers\n|-heal|p1a: Orthworm|73\/100|[from] item: Leftovers\n|upkeep\n|turn|35\n|\n|t:|1698763386\n|switch|p1a: Kingambit|Kingambit, M, shiny|91\/100\n|-activate|p1a: Kingambit|ability: Supreme Overlord\n|-start|p1a: Kingambit|fallen2|[silent]\n|move|p2a: Calyrex|Psychic|p1a: Kingambit\n|-immune|p1a: Kingambit\n|\n|-heal|p2a: Calyrex|97\/100|[from] item: Leftovers\n|upkeep\n|turn|36\n|\n|t:|1698763399\n|switch|p2a: Great Tusk|Great Tusk, tera:Ground|18\/100\n|move|p1a: Kingambit|Kowtow Cleave|p2a: Great Tusk\n|-crit|p2a: Great Tusk\n|-damage|p2a: Great Tusk|0 fnt\n|faint|p2a: Great Tusk\n|-end|p2a: Great Tusk|Protosynthesis|[silent]\n|\n|upkeep\n|\n|t:|1698763410\n|switch|p2a: Miraidon|Miraidon|100\/100\n|-fieldstart|move: Electric Terrain|[from] ability: Hadron Engine|[of] p2a: Miraidon\n|turn|37\n|\n|t:|1698763417\n|move|p2a: Miraidon|Electro Drift|p1a: Kingambit\n|-damage|p1a: Kingambit|45\/100\n|move|p1a: Kingambit|Metal Burst|p2a: Miraidon\n|-damage|p2a: Miraidon|35\/100\n|\n|upkeep\n|turn|38\n|\n|t:|1698763424\n|move|p1a: Kingambit|Sucker Punch|p2a: Miraidon\n|-damage|p2a: Miraidon|0 fnt\n|faint|p2a: Miraidon\n|\n|upkeep\n|\n|t:|1698763431\n|switch|p2a: Calyrex|Calyrex-Shadow|97\/100\n|-ability|p2a: Calyrex|As One\n|-ability|p2a: Calyrex|Unnerve\n|turn|39\n|\n|t:|1698763438\n|move|p1a: Kingambit|Sucker Punch|p2a: Calyrex\n|-supereffective|p2a: Calyrex\n|-damage|p2a: Calyrex|0 fnt\n|faint|p2a: Calyrex\n|\n|win|Itisbehindyou\n|raw|Itisbehindyou's rating: 1000 &rarr; <strong>1043<\/strong><br \/>(+43 for winning)\n|raw|diliam2048's rating: 1027 &rarr; <strong>1012<\/strong><br \/>(-15 for losing)\n","uploadtime":1698763447,"views":9,"p1id":"itisbehindyou","p2id":"diliam2048","formatid":"gen9anythinggoes","rating":1012,"private":0,"password":""}