{"id":"gen9anythinggoes-1973793496","p1":"Creating an Sweep","p2":"DGZinn","format":"[Gen 9] Anything Goes","log":"|j|\u2606Creating an Sweep\n|j|\u2606DGZinn\n|t:|1698014069\n|gametype|singles\n|player|p1|Creating an Sweep|kieran-festival|1485\n|player|p2|DGZinn|shadowtriad|1351\n|teamsize|p1|6\n|teamsize|p2|6\n|gen|9\n|tier|[Gen 9] Anything Goes\n|rated|\n|rule|HP Percentage Mod: HP is shown in percentages\n|rule|Endless Battle Clause: Forcing endless battles is banned\n|clearpoke\n|poke|p1|Grimmsnarl, M|\n|poke|p1|Calyrex-Ice|\n|poke|p1|Giratina|\n|poke|p1|Arceus-Electric|\n|poke|p1|Zacian-*|\n|poke|p1|Ditto|\n|poke|p2|Toedscruel, M|\n|poke|p2|Garganacl, M|\n|poke|p2|Gholdengo|\n|poke|p2|Rotom-Wash|\n|poke|p2|Chien-Pao|\n|poke|p2|Volcarona, F|\n|teampreview\n|\n|t:|1698014086\n|start\n|switch|p1a: Grimmsnarl|Grimmsnarl, M|100\/100\n|switch|p2a: Rotom|Rotom-Wash|100\/100\n|turn|1\n|j| Mystoooo\n|\n|t:|1698014093\n|move|p1a: Grimmsnarl|Light Screen|p1a: Grimmsnarl\n|-sidestart|p1: Creating an Sweep|move: Light Screen\n|move|p2a: Rotom|Will-O-Wisp|p1a: Grimmsnarl\n|-status|p1a: Grimmsnarl|brn\n|\n|-damage|p1a: Grimmsnarl|94\/100 brn|[from] brn\n|upkeep\n|turn|2\n|\n|t:|1698014113\n|move|p1a: Grimmsnarl|Reflect|p1a: Grimmsnarl\n|-sidestart|p1: Creating an Sweep|Reflect\n|move|p2a: Rotom|Volt Switch|p1a: Grimmsnarl\n|-damage|p1a: Grimmsnarl|82\/100 brn\n|\n|t:|1698014132\n|switch|p2a: Toedscruel|Toedscruel, M, shiny|100\/100|[from] Volt Switch\n|\n|-damage|p1a: Grimmsnarl|76\/100 brn|[from] brn\n|upkeep\n|turn|3\n|\n|t:|1698014139\n|move|p1a: Grimmsnarl|Taunt|p2a: Toedscruel\n|-start|p2a: Toedscruel|move: Taunt\n|cant|p2a: Toedscruel|move: Taunt|Spikes\n|\n|-damage|p1a: Grimmsnarl|70\/100 brn|[from] brn\n|upkeep\n|turn|4\n|\n|t:|1698014149\n|move|p1a: Grimmsnarl|Parting Shot|p2a: Toedscruel\n|-unboost|p2a: Toedscruel|atk|1\n|-unboost|p2a: Toedscruel|spa|1\n|\n|t:|1698014152\n|switch|p1a: Calyrex|Calyrex-Ice|100\/100|[from] Parting Shot\n|-ability|p1a: Calyrex|As One\n|-ability|p1a: Calyrex|Unnerve\n|move|p2a: Toedscruel|Giga Drain|p1a: Calyrex\n|-damage|p1a: Calyrex|96\/100\n|\n|-heal|p1a: Calyrex|100\/100|[from] item: Leftovers\n|upkeep\n|turn|5\n|\n|t:|1698014168\n|switch|p2a: Rotom|Rotom-Wash|100\/100\n|move|p1a: Calyrex|Iron Defense|p1a: Calyrex\n|-boost|p1a: Calyrex|def|2\n|\n|upkeep\n|turn|6\n|\n|t:|1698014182\n|switch|p1a: Giratina|Giratina|100\/100\n|-ability|p1a: Giratina|Pressure\n|move|p2a: Rotom|Will-O-Wisp|p1a: Giratina\n|-status|p1a: Giratina|brn\n|\n|-damage|p1a: Giratina|94\/100 brn|[from] brn\n|upkeep\n|turn|7\n|\n|t:|1698014195\n|move|p1a: Giratina|Will-O-Wisp|p2a: Rotom\n|-status|p2a: Rotom|brn\n|move|p2a: Rotom|Volt Switch|p1a: Giratina\n|-resisted|p1a: Giratina\n|-damage|p1a: Giratina|91\/100 brn\n|\n|t:|1698014203\n|switch|p2a: Gholdengo|Gholdengo|100\/100|[from] Volt Switch\n|-item|p2a: Gholdengo|Air Balloon\n|\n|-heal|p1a: Giratina|97\/100 brn|[from] item: Leftovers\n|-damage|p1a: Giratina|91\/100 brn|[from] brn\n|upkeep\n|turn|8\n|\n|t:|1698014209\n|switch|p2a: Rotom|Rotom-Wash|100\/100 brn\n|move|p1a: Giratina|Hex|p2a: Rotom\n|-damage|p2a: Rotom|49\/100 brn\n|\n|-heal|p1a: Giratina|97\/100 brn|[from] item: Leftovers\n|-heal|p2a: Rotom|55\/100 brn|[from] item: Leftovers\n|-damage|p1a: Giratina|91\/100 brn|[from] brn\n|-damage|p2a: Rotom|49\/100 brn|[from] brn\n|-sideend|p1: Creating an Sweep|move: Light Screen\n|upkeep\n|turn|9\n|\n|t:|1698014211\n|move|p1a: Giratina|Hex|p2a: Rotom\n|-damage|p2a: Rotom|0 fnt\n|faint|p2a: Rotom\n|\n|-heal|p1a: Giratina|97\/100 brn|[from] item: Leftovers\n|-damage|p1a: Giratina|91\/100 brn|[from] brn\n|-sideend|p1: Creating an Sweep|Reflect\n|upkeep\n|\n|t:|1698014220\n|switch|p2a: Gholdengo|Gholdengo|100\/100\n|-item|p2a: Gholdengo|Air Balloon\n|turn|10\n|\n|t:|1698014225\n|switch|p1a: Grimmsnarl|Grimmsnarl, M|70\/100 brn\n|move|p2a: Gholdengo|Shadow Ball|p1a: Grimmsnarl\n|-resisted|p1a: Grimmsnarl\n|-damage|p1a: Grimmsnarl|49\/100 brn\n|\n|-damage|p1a: Grimmsnarl|43\/100 brn|[from] brn\n|upkeep\n|turn|11\n|\n|t:|1698014232\n|move|p1a: Grimmsnarl|Light Screen|p1a: Grimmsnarl\n|-sidestart|p1: Creating an Sweep|move: Light Screen\n|move|p2a: Gholdengo|Nasty Plot|p2a: Gholdengo\n|-boost|p2a: Gholdengo|spa|2\n|\n|-damage|p1a: Grimmsnarl|37\/100 brn|[from] brn\n|upkeep\n|turn|12\n|l| Mystoooo\n|\n|t:|1698014237\n|move|p1a: Grimmsnarl|Taunt|p2a: Gholdengo\n|-immune|p2a: Gholdengo|[from] ability: Good as Gold\n|move|p2a: Gholdengo|Make It Rain|p1a: Grimmsnarl\n|-supereffective|p1a: Grimmsnarl\n|-damage|p1a: Grimmsnarl|0 fnt\n|-unboost|p2a: Gholdengo|spa|1\n|faint|p1a: Grimmsnarl\n|\n|upkeep\n|\n|t:|1698014253\n|switch|p1a: Ditto|Ditto|100\/100\n|-transform|p1a: Ditto|p2a: Gholdengo|[from] ability: Imposter\n|turn|13\n|\n|t:|1698014261\n|-terastallize|p2a: Gholdengo|Flying\n|move|p1a: Ditto|Shadow Ball|p2a: Gholdengo\n|-damage|p2a: Gholdengo|32\/100\n|-unboost|p2a: Gholdengo|spd|1\n|-enditem|p2a: Gholdengo|Air Balloon\n|move|p2a: Gholdengo|Shadow Ball|p1a: Ditto\n|-supereffective|p1a: Ditto\n|-damage|p1a: Ditto|24\/100\n|\n|upkeep\n|turn|14\n|\n|t:|1698014272\n|switch|p2a: Garganacl|Garganacl, M|100\/100\n|move|p1a: Ditto|Shadow Ball|p2a: Garganacl\n|-damage|p2a: Garganacl|80\/100\n|\n|-heal|p2a: Garganacl|86\/100|[from] item: Leftovers\n|upkeep\n|turn|15\n|\n|t:|1698014283\n|switch|p1a: Zacian|Zacian-Crowned|100\/100\n|-ability|p1a: Zacian|Intrepid Sword|boost\n|-boost|p1a: Zacian|atk|1\n|move|p2a: Garganacl|Stealth Rock|p1a: Zacian\n|-sidestart|p1: Creating an Sweep|move: Stealth Rock\n|\n|-heal|p2a: Garganacl|92\/100|[from] item: Leftovers\n|upkeep\n|turn|16\n|\n|t:|1698014290\n|move|p1a: Zacian|Behemoth Blade|p2a: Garganacl\n|-supereffective|p2a: Garganacl\n|-damage|p2a: Garganacl|0 fnt\n|faint|p2a: Garganacl\n|\n|upkeep\n|\n|t:|1698014293\n|switch|p2a: Volcarona|Volcarona, F|100\/100\n|turn|17\n|\n|t:|1698014298\n|move|p1a: Zacian|Fire Fang|p2a: Volcarona\n|-damage|p2a: Volcarona|64\/100\n|move|p2a: Volcarona|Quiver Dance|p2a: Volcarona\n|-boost|p2a: Volcarona|spa|1\n|-boost|p2a: Volcarona|spd|1\n|-boost|p2a: Volcarona|spe|1\n|\n|upkeep\n|turn|18\n|\n|t:|1698014305\n|-terastallize|p1a: Zacian|Fairy\n|move|p1a: Zacian|Behemoth Blade|p2a: Volcarona\n|-resisted|p2a: Volcarona\n|-damage|p2a: Volcarona|24\/100\n|move|p2a: Volcarona|Morning Sun|p2a: Volcarona\n|-heal|p2a: Volcarona|74\/100\n|\n|-sideend|p1: Creating an Sweep|move: Light Screen\n|upkeep\n|turn|19\n|\n|t:|1698014311\n|switch|p1a: Giratina|Giratina|91\/100 brn\n|-damage|p1a: Giratina|78\/100 brn|[from] Stealth Rock\n|-ability|p1a: Giratina|Pressure\n|move|p2a: Volcarona|Will-O-Wisp|p1a: Giratina\n|-fail|p1a: Giratina|brn\n|\n|-heal|p1a: Giratina|84\/100 brn|[from] item: Leftovers\n|-damage|p1a: Giratina|78\/100 brn|[from] brn\n|upkeep\n|turn|20\n|\n|t:|1698014317\n|move|p2a: Volcarona|Fiery Dance|p1a: Giratina\n|-resisted|p1a: Giratina\n|-damage|p1a: Giratina|65\/100 brn\n|move|p1a: Giratina|Roar|p2a: Volcarona\n|drag|p2a: Toedscruel|Toedscruel, M, shiny|100\/100\n|\n|-heal|p1a: Giratina|71\/100 brn|[from] item: Leftovers\n|-damage|p1a: Giratina|65\/100 brn|[from] brn\n|upkeep\n|turn|21\n|\n|t:|1698014322\n|move|p1a: Giratina|Will-O-Wisp|p2a: Toedscruel|[miss]\n|-miss|p1a: Giratina|p2a: Toedscruel\n|move|p2a: Toedscruel|Spore||[still]\n|-fail|p2a: Toedscruel\n|\n|-heal|p1a: Giratina|71\/100 brn|[from] item: Leftovers\n|-damage|p1a: Giratina|65\/100 brn|[from] brn\n|upkeep\n|turn|22\n|\n|t:|1698014325\n|move|p1a: Giratina|Will-O-Wisp|p2a: Toedscruel|[miss]\n|-miss|p1a: Giratina|p2a: Toedscruel\n|move|p2a: Toedscruel|Spikes|p1a: Giratina\n|-sidestart|p1: Creating an Sweep|Spikes\n|\n|-heal|p1a: Giratina|71\/100 brn|[from] item: Leftovers\n|-damage|p1a: Giratina|65\/100 brn|[from] brn\n|upkeep\n|turn|23\n|\n|t:|1698014328\n|move|p1a: Giratina|Will-O-Wisp|p2a: Toedscruel\n|-status|p2a: Toedscruel|brn\n|move|p2a: Toedscruel|Spikes|p1a: Giratina\n|-sidestart|p1: Creating an Sweep|Spikes\n|\n|-heal|p1a: Giratina|71\/100 brn|[from] item: Leftovers\n|-damage|p2a: Toedscruel|94\/100 brn|[from] brn\n|-damage|p1a: Giratina|65\/100 brn|[from] brn\n|upkeep\n|turn|24\n|\n|t:|1698014333\n|switch|p2a: Chien-Pao|Chien-Pao|100\/100\n|-ability|p2a: Chien-Pao|Sword of Ruin\n|move|p1a: Giratina|Hex|p2a: Chien-Pao\n|-resisted|p2a: Chien-Pao\n|-damage|p2a: Chien-Pao|80\/100\n|\n|-heal|p1a: Giratina|71\/100 brn|[from] item: Leftovers\n|-damage|p1a: Giratina|65\/100 brn|[from] brn\n|upkeep\n|turn|25\n|\n|t:|1698014346\n|move|p2a: Chien-Pao|Ice Spinner|p1a: Giratina\n|-supereffective|p1a: Giratina\n|-damage|p1a: Giratina|0 fnt\n|faint|p1a: Giratina\n|\n|upkeep\n|\n|t:|1698014365\n|switch|p1a: Zacian|Zacian-Crowned, tera:Fairy|100\/100\n|-damage|p1a: Zacian|88\/100|[from] Stealth Rock\n|-damage|p1a: Zacian|72\/100|[from] Spikes\n|turn|26\n|\n|t:|1698014371\n|switch|p2a: Volcarona|Volcarona, F|74\/100\n|move|p1a: Zacian|Behemoth Blade|p2a: Volcarona\n|-resisted|p2a: Volcarona\n|-crit|p2a: Volcarona\n|-damage|p2a: Volcarona|32\/100\n|-status|p1a: Zacian|brn|[from] ability: Flame Body|[of] p2a: Volcarona\n|\n|-damage|p1a: Zacian|66\/100 brn|[from] brn\n|upkeep\n|turn|27\n|\n|t:|1698014380\n|move|p1a: Zacian|Wild Charge|p2a: Volcarona\n|-damage|p2a: Volcarona|17\/100\n|-damage|p1a: Zacian|61\/100 brn|[from] Recoil\n|move|p2a: Volcarona|Morning Sun|p2a: Volcarona\n|-heal|p2a: Volcarona|67\/100\n|\n|-damage|p1a: Zacian|55\/100 brn|[from] brn\n|upkeep\n|turn|28\n|\n|t:|1698014388\n|move|p1a: Zacian|Wild Charge|p2a: Volcarona\n|-damage|p2a: Volcarona|53\/100\n|-damage|p1a: Zacian|51\/100 brn|[from] Recoil\n|move|p2a: Volcarona|Quiver Dance|p2a: Volcarona\n|-boost|p2a: Volcarona|spa|1\n|-boost|p2a: Volcarona|spd|1\n|-boost|p2a: Volcarona|spe|1\n|\n|-damage|p1a: Zacian|45\/100 brn|[from] brn\n|upkeep\n|turn|29\n|\n|t:|1698014391\n|move|p1a: Zacian|Wild Charge|p2a: Volcarona\n|-damage|p2a: Volcarona|36\/100\n|-damage|p1a: Zacian|40\/100 brn|[from] Recoil\n|move|p2a: Volcarona|Morning Sun|p2a: Volcarona\n|-heal|p2a: Volcarona|86\/100\n|\n|-damage|p1a: Zacian|34\/100 brn|[from] brn\n|upkeep\n|turn|30\n|\n|t:|1698014395\n|move|p1a: Zacian|Wild Charge|p2a: Volcarona\n|-damage|p2a: Volcarona|69\/100\n|-damage|p1a: Zacian|29\/100 brn|[from] Recoil\n|move|p2a: Volcarona|Quiver Dance|p2a: Volcarona\n|-boost|p2a: Volcarona|spa|1\n|-boost|p2a: Volcarona|spd|1\n|-boost|p2a: Volcarona|spe|1\n|\n|-damage|p1a: Zacian|23\/100 brn|[from] brn\n|upkeep\n|turn|31\n|\n|t:|1698014400\n|move|p2a: Volcarona|Quiver Dance|p2a: Volcarona\n|-boost|p2a: Volcarona|spa|1\n|-boost|p2a: Volcarona|spd|1\n|-boost|p2a: Volcarona|spe|1\n|move|p1a: Zacian|Wild Charge|p2a: Volcarona\n|-damage|p2a: Volcarona|53\/100\n|-damage|p1a: Zacian|18\/100 brn|[from] Recoil\n|\n|-damage|p1a: Zacian|12\/100 brn|[from] brn\n|upkeep\n|turn|32\n|\n|t:|1698014403\n|move|p2a: Volcarona|Morning Sun|p2a: Volcarona\n|-heal|p2a: Volcarona|100\/100\n|move|p1a: Zacian|Wild Charge|p2a: Volcarona\n|-damage|p2a: Volcarona|84\/100\n|-damage|p1a: Zacian|7\/100 brn|[from] Recoil\n|\n|-damage|p1a: Zacian|1\/100 brn|[from] brn\n|upkeep\n|turn|33\n|\n|t:|1698014407\n|move|p2a: Volcarona|Fiery Dance|p1a: Zacian\n|-damage|p1a: Zacian|0 fnt\n|faint|p1a: Zacian\n|\n|upkeep\n|\n|t:|1698014412\n|switch|p1a: Ditto|Ditto|24\/100\n|-damage|p1a: Ditto|12\/100|[from] Stealth Rock\n|-damage|p1a: Ditto|0 fnt|[from] Spikes\n|faint|p1a: Ditto\n|\n|t:|1698014420\n|switch|p1a: Arceus|Arceus-Electric|100\/100\n|-damage|p1a: Arceus|88\/100|[from] Stealth Rock\n|-damage|p1a: Arceus|72\/100|[from] Spikes\n|turn|34\n|\n|t:|1698014424\n|move|p2a: Volcarona|Fiery Dance|p1a: Arceus\n|-damage|p1a: Arceus|0 fnt\n|-boost|p2a: Volcarona|spa|1\n|faint|p1a: Arceus\n|\n|upkeep\n|-message|Creating an Sweep forfeited.\n|\n|win|DGZinn\n|raw|Creating an Sweep's rating: 1485 &rarr; <strong>1458<\/strong><br \/>(-27 for losing)\n|raw|DGZinn's rating: 1351 &rarr; <strong>1378<\/strong><br \/>(+27 for winning)\n|l|\u2606Creating an Sweep\n","uploadtime":1698014440,"views":10,"p1id":"creatingansweep","p2id":"dgzinn","formatid":"gen9anythinggoes","rating":1378,"private":0,"password":""}