{"id":"gen9anythinggoes-1992854480","p1":"CertifiedDumbass1","p2":"Javivipo03","format":"[Gen 9] Anything Goes","log":"|j|\u2606CertifiedDumbass1\n|j|\u2606Javivipo03\n|t:|1700241217\n|gametype|singles\n|player|p1|CertifiedDumbass1|102|1221\n|player|p2|Javivipo03|benga|1222\n|teamsize|p1|6\n|teamsize|p2|6\n|gen|9\n|tier|[Gen 9] Anything Goes\n|rated|\n|rule|HP Percentage Mod: HP is shown in percentages\n|rule|Endless Battle Clause: Forcing endless battles is banned\n|clearpoke\n|poke|p1|Urshifu-*, F|\n|poke|p1|Sliggoo-Hisui, F|\n|poke|p1|Ting-Lu|\n|poke|p1|Torterra, F|\n|poke|p1|Munkidori, M|\n|poke|p1|Chandelure, F|\n|poke|p2|Enamorus, F|\n|poke|p2|Gholdengo|\n|poke|p2|Kingambit, M|\n|poke|p2|Baxcalibur, M|\n|poke|p2|Zoroark-Hisui, F|\n|poke|p2|Armarouge, F|\n|teampreview\n|l|\u2606Javivipo03\n|player|p2|\n|inactive|Battle timer is ON: inactive players will automatically lose when time's up. (requested by CertifiedDumbass1)\n|j|\u2606Javivipo03\n|inactive|Javivipo03 reconnected and has 150 seconds left.\n|player|p2|Javivipo03|benga\n|\n|t:|1700241252\n|start\n|switch|p1a: Lou|Ting-Lu|100\/100\n|switch|p2a: Gholdengo|Gholdengo|100\/100\n|-ability|p1a: Lou|Vessel of Ruin\n|turn|1\n|\n|t:|1700241276\n|switch|p2a: Enamorus|Enamorus, F|100\/100\n|move|p1a: Lou|Fissure|p2a: Enamorus\n|-immune|p2a: Enamorus\n|\n|upkeep\n|turn|2\n|\n|t:|1700241283\n|move|p2a: Enamorus|Moonblast|p1a: Lou\n|-supereffective|p1a: Lou\n|-damage|p1a: Lou|55\/100\n|move|p1a: Lou|Heavy Slam|p2a: Enamorus\n|-supereffective|p2a: Enamorus\n|-damage|p2a: Enamorus|0 fnt\n|faint|p2a: Enamorus\n|\n|upkeep\n|\n|t:|1700241293\n|switch|p2a: Gholdengo|Gholdengo|100\/100\n|turn|3\n|\n|t:|1700241301\n|move|p2a: Gholdengo|Hyper Beam|p1a: Lou\n|-damage|p1a: Lou|23\/100\n|-mustrecharge|p2a: Gholdengo\n|move|p1a: Lou|Payback|p2a: Gholdengo\n|-supereffective|p2a: Gholdengo\n|-damage|p2a: Gholdengo|0 fnt\n|replace|p2a: Zoroark|Zoroark-Hisui, F\n|-end|p2a: Zoroark|Illusion\n|faint|p2a: Zoroark\n|\n|upkeep\n|\n|t:|1700241310\n|switch|p2a: Baxcalibur|Baxcalibur, M|100\/100\n|turn|4\n|\n|t:|1700241313\n|move|p2a: Baxcalibur|Ice Shard|p1a: Lou\n|-supereffective|p1a: Lou\n|-damage|p1a: Lou|0 fnt\n|faint|p1a: Lou\n|\n|upkeep\n|\n|t:|1700241318\n|switch|p1a: Sliggoo|Sliggoo-Hisui, F|100\/100\n|turn|5\n|\n|t:|1700241325\n|move|p2a: Baxcalibur|Earthquake|p1a: Sliggoo\n|-supereffective|p1a: Sliggoo\n|-damage|p1a: Sliggoo|36\/100\n|move|p1a: Sliggoo|Flash Cannon|p2a: Baxcalibur\n|-supereffective|p2a: Baxcalibur\n|-damage|p2a: Baxcalibur|42\/100\n|\n|-heal|p2a: Baxcalibur|48\/100|[from] item: Leftovers\n|upkeep\n|turn|6\n|\n|t:|1700241333\n|move|p2a: Baxcalibur|Earthquake|p1a: Sliggoo\n|-supereffective|p1a: Sliggoo\n|-damage|p1a: Sliggoo|0 fnt\n|faint|p1a: Sliggoo\n|\n|-heal|p2a: Baxcalibur|54\/100|[from] item: Leftovers\n|upkeep\n|\n|t:|1700241337\n|switch|p1a: Mast-Ur Shifu|Urshifu-Rapid-Strike, F|100\/100\n|turn|7\n|\n|t:|1700241345\n|switch|p2a: Gholdengo|Gholdengo|100\/100\n|move|p1a: Mast-Ur Shifu|Drain Punch|p2a: Gholdengo\n|-immune|p2a: Gholdengo\n|\n|upkeep\n|turn|8\n|\n|t:|1700241354\n|move|p1a: Mast-Ur Shifu|Swords Dance|p1a: Mast-Ur Shifu\n|-boost|p1a: Mast-Ur Shifu|atk|2\n|move|p2a: Gholdengo|Shadow Ball|p1a: Mast-Ur Shifu\n|-damage|p1a: Mast-Ur Shifu|17\/100\n|-damage|p2a: Gholdengo|91\/100|[from] item: Life Orb\n|\n|upkeep\n|turn|9\n|\n|t:|1700241361\n|move|p1a: Mast-Ur Shifu|Surging Strikes|p2a: Gholdengo\n|-crit|p2a: Gholdengo\n|-damage|p2a: Gholdengo|43\/100\n|-crit|p2a: Gholdengo\n|-damage|p2a: Gholdengo|0 fnt\n|faint|p2a: Gholdengo\n|-hitcount|p2: Gholdengo|2\n|\n|upkeep\n|\n|t:|1700241370\n|switch|p2a: Baxcalibur|Baxcalibur, M|54\/100\n|turn|10\n|\n|t:|1700241373\n|move|p2a: Baxcalibur|Ice Shard|p1a: Mast-Ur Shifu\n|-resisted|p1a: Mast-Ur Shifu\n|-damage|p1a: Mast-Ur Shifu|3\/100\n|move|p1a: Mast-Ur Shifu|Drain Punch|p2a: Baxcalibur\n|-supereffective|p2a: Baxcalibur\n|-damage|p2a: Baxcalibur|0 fnt\n|-heal|p1a: Mast-Ur Shifu|38\/100|[from] drain|[of] p2a: Baxcalibur\n|faint|p2a: Baxcalibur\n|\n|upkeep\n|\n|t:|1700241382\n|switch|p2a: Armarouge|Armarouge, F|100\/100\n|turn|11\n|\n|t:|1700241386\n|move|p1a: Mast-Ur Shifu|Surging Strikes|p2a: Armarouge\n|-supereffective|p2a: Armarouge\n|-crit|p2a: Armarouge\n|-damage|p2a: Armarouge|14\/100\n|-supereffective|p2a: Armarouge\n|-crit|p2a: Armarouge\n|-damage|p2a: Armarouge|0 fnt\n|faint|p2a: Armarouge\n|-hitcount|p2: Armarouge|2\n|\n|upkeep\n|\n|t:|1700241395\n|switch|p2a: Kingambit|Kingambit, M|100\/100\n|-activate|p2a: Kingambit|ability: Supreme Overlord\n|-start|p2a: Kingambit|fallen5|[silent]\n|turn|12\n|\n|t:|1700241420\n|move|p2a: Kingambit|Sucker Punch||[still]\n|-fail|p2a: Kingambit\n|move|p1a: Mast-Ur Shifu|Swords Dance|p1a: Mast-Ur Shifu\n|-boost|p1a: Mast-Ur Shifu|atk|2\n|\n|upkeep\n|turn|13\n|-message|Javivipo03 forfeited.\n|\n|win|CertifiedDumbass1\n|raw|CertifiedDumbass1's rating: 1221 &rarr; <strong>1246<\/strong><br \/>(+25 for winning)\n|raw|Javivipo03's rating: 1222 &rarr; <strong>1197<\/strong><br \/>(-25 for losing)\n|l|\u2606Javivipo03\n|c|\u2606CertifiedDumbass1|gg shake my hand\n","uploadtime":1700241440,"views":12,"p1id":"certifieddumbass1","p2id":"javivipo03","formatid":"gen9anythinggoes","rating":1197,"private":0,"password":""}