{"id":"gen9anythinggoes-1993676130","p1":"Kobe Airlines","p2":"Miles545","format":"[Gen 9] Anything Goes","log":"|j|\u2606Kobe Airlines\n|j|\u2606Miles545\n|t:|1700344381\n|gametype|singles\n|player|p1|Kobe Airlines|pokekid|\n|player|p2|Miles545|sailor|\n|teamsize|p1|6\n|teamsize|p2|6\n|gen|9\n|tier|[Gen 9] Anything Goes\n|rule|HP Percentage Mod: HP is shown in percentages\n|rule|Endless Battle Clause: Forcing endless battles is banned\n|clearpoke\n|poke|p1|Dragapult, M|\n|poke|p1|Ribombee, M|\n|poke|p1|Ninetales-Alola, M|\n|poke|p1|Hoopa-Unbound|\n|poke|p1|Tauros, M|\n|poke|p1|Scream Tail|\n|poke|p2|Iron Bundle|\n|poke|p2|Iron Moth|\n|poke|p2|Iron Hands|\n|poke|p2|Iron Jugulis|\n|poke|p2|Sandy Shocks|\n|poke|p2|Arcanine-Hisui, F|\n|teampreview\n|c|\u2606Kobe Airlines|glhf\n|\n|t:|1700344420\n|start\n|switch|p1a: Megan Bee Stallion|Ribombee, M|100\/100\n|switch|p2a: Sandy Shocks|Sandy Shocks|100\/100\n|-enditem|p2a: Sandy Shocks|Booster Energy\n|-activate|p2a: Sandy Shocks|ability: Protosynthesis|[fromitem]\n|-start|p2a: Sandy Shocks|protosynthesisspe\n|turn|1\n|c|\u2606Miles545|gfhl\n|\n|t:|1700344439\n|move|p2a: Sandy Shocks|Electric Terrain|p2a: Sandy Shocks\n|-fieldstart|move: Electric Terrain\n|move|p1a: Megan Bee Stallion|Sticky Web|p2a: Sandy Shocks\n|-sidestart|p2: Miles545|move: Sticky Web\n|\n|upkeep\n|turn|2\n|\n|t:|1700344460\n|switch|p1a: Vishnu|Hoopa-Unbound|100\/100\n|move|p2a: Sandy Shocks|Volt Switch|p1a: Vishnu\n|-damage|p1a: Vishnu|82\/100\n|c|\u2606Kobe Airlines|:)\n|\n|t:|1700344487\n|-end|p2a: Sandy Shocks|Protosynthesis|[silent]\n|switch|p2a: Iron Jugulis|Iron Jugulis|100\/100|[from] Volt Switch\n|-activate|p2a: Iron Jugulis|ability: Quark Drive\n|-start|p2a: Iron Jugulis|quarkdrivespe\n|\n|upkeep\n|turn|3\n|\n|t:|1700344517\n|move|p2a: Iron Jugulis|Dark Pulse|p1a: Vishnu\n|-damage|p1a: Vishnu|62\/100\n|move|p1a: Vishnu|Thunderbolt|p2a: Iron Jugulis\n|-supereffective|p2a: Iron Jugulis\n|-damage|p2a: Iron Jugulis|17\/100\n|\n|upkeep\n|turn|4\n|c|\u2606Miles545|oh I didnt see his types change in this form\n|c|\u2606Miles545|whoops\n|c|\u2606Kobe Airlines|lol\n|\n|t:|1700344588\n|-end|p2a: Iron Jugulis|Quark Drive|[silent]\n|switch|p2a: Iron Moth|Iron Moth|100\/100\n|-activate|p2a: Iron Moth|move: Sticky Web\n|-unboost|p2a: Iron Moth|spe|1\n|-activate|p2a: Iron Moth|ability: Quark Drive\n|-start|p2a: Iron Moth|quarkdrivespa\n|move|p1a: Vishnu|Thunderbolt|p2a: Iron Moth\n|-damage|p2a: Iron Moth|59\/100\n|\n|upkeep\n|turn|5\n|\n|t:|1700344605\n|move|p2a: Iron Moth|Bug Buzz|p1a: Vishnu\n|-supereffective|p1a: Vishnu\n|-damage|p1a: Vishnu|0 fnt\n|faint|p1a: Vishnu\n|\n|-fieldend|move: Electric Terrain\n|-end|p2a: Iron Moth|Quark Drive\n|upkeep\n|\n|t:|1700344661\n|switch|p1a: B-Dubs|Tauros, M|100\/100\n|turn|6\n|\n|t:|1700344694\n|-end|p2a: Iron Moth|Quark Drive|[silent]\n|switch|p2a: Iron Hands|Iron Hands|100\/100\n|-activate|p2a: Iron Hands|move: Sticky Web\n|-unboost|p2a: Iron Hands|spe|1\n|-terastallize|p1a: B-Dubs|Normal\n|move|p1a: B-Dubs|Body Slam|p2a: Iron Hands\n|-damage|p2a: Iron Hands|34\/100\n|\n|upkeep\n|turn|7\n|\n|t:|1700344705\n|move|p1a: B-Dubs|Body Slam|p2a: Iron Hands\n|-damage|p2a: Iron Hands|0 fnt\n|faint|p2a: Iron Hands\n|-end|p2a: Iron Hands|Quark Drive|[silent]\n|\n|upkeep\n|c|\u2606Miles545|damn that thing was strong\n|\n|t:|1700344753\n|switch|p2a: Arcanine|Arcanine-Hisui, F|100\/100\n|turn|8\n|c|\u2606Kobe Airlines|Team mascot has to be :)\n|\n|t:|1700344786\n|move|p2a: Arcanine|Head Smash|p1a: B-Dubs|[miss]\n|-miss|p2a: Arcanine|p1a: B-Dubs\n|move|p1a: B-Dubs|Earthquake|p2a: Arcanine\n|-supereffective|p2a: Arcanine\n|-crit|p2a: Arcanine\n|-damage|p2a: Arcanine|0 fnt\n|faint|p2a: Arcanine\n|-damage|p1a: B-Dubs|91\/100|[from] item: Life Orb\n|\n|upkeep\n|c|\u2606Kobe Airlines|o...\n|c|\u2606Miles545|miss vs critical, common tauros w\n|\n|t:|1700344827\n|switch|p2a: Iron Jugulis|Iron Jugulis|17\/100\n|turn|9\n|c|\u2606Kobe Airlines|crit dont matter, tauros wins without XD\n|\n|t:|1700344860\n|move|p2a: Iron Jugulis|Hurricane|p1a: B-Dubs|[miss]\n|-miss|p2a: Iron Jugulis|p1a: B-Dubs\n|move|p1a: B-Dubs|Body Slam|p2a: Iron Jugulis\n|-damage|p2a: Iron Jugulis|0 fnt\n|faint|p2a: Iron Jugulis\n|-end|p2a: Iron Jugulis|Quark Drive|[silent]\n|\n|upkeep\n|c|\u2606Kobe Airlines|LOL\n|c|\u2606Miles545|did I miss the part where tauros is literally intangible for some reason\n|\n|t:|1700344896\n|switch|p2a: Sandy Shocks|Sandy Shocks|100\/100\n|-activate|p2a: Sandy Shocks|move: Sticky Web\n|-unboost|p2a: Sandy Shocks|spe|1\n|turn|10\n|\n|t:|1700344904\n|switch|p1a: Perm|Scream Tail|100\/100\n|move|p2a: Sandy Shocks|Electric Terrain|p2a: Sandy Shocks\n|-fieldstart|move: Electric Terrain\n|\n|upkeep\n|turn|11\n|\n|t:|1700344918\n|move|p2a: Sandy Shocks|Volt Switch|p1a: Perm\n|-damage|p1a: Perm|79\/100\n|\n|t:|1700344921\n|-end|p2a: Sandy Shocks|Protosynthesis|[silent]\n|switch|p2a: Iron Moth|Iron Moth|59\/100|[from] Volt Switch\n|-activate|p2a: Iron Moth|move: Sticky Web\n|-unboost|p2a: Iron Moth|spe|1\n|-activate|p2a: Iron Moth|ability: Quark Drive\n|-start|p2a: Iron Moth|quarkdrivespa\n|move|p1a: Perm|Stealth Rock|p2a: Iron Moth\n|-sidestart|p2: Miles545|move: Stealth Rock\n|\n|upkeep\n|turn|12\n|\n|t:|1700344969\n|-end|p1a: Perm|Protosynthesis|[silent]\n|switch|p1a: Megan Bee Stallion|Ribombee, M|100\/100\n|move|p2a: Iron Moth|Sludge Wave|p1a: Megan Bee Stallion\n|-supereffective|p1a: Megan Bee Stallion\n|-enditem|p1a: Megan Bee Stallion|Focus Sash\n|-damage|p1a: Megan Bee Stallion|1\/100\n|\n|upkeep\n|turn|13\n|\n|t:|1700344983\n|move|p1a: Megan Bee Stallion|Psychic|p2a: Iron Moth\n|-supereffective|p2a: Iron Moth\n|-damage|p2a: Iron Moth|22\/100\n|move|p2a: Iron Moth|Sludge Wave|p1a: Megan Bee Stallion\n|-supereffective|p1a: Megan Bee Stallion\n|-damage|p1a: Megan Bee Stallion|0 fnt\n|faint|p1a: Megan Bee Stallion\n|\n|upkeep\n|\n|t:|1700344997\n|switch|p1a: Skrillex|Dragapult, M|100\/100\n|turn|14\n|\n|t:|1700345013\n|move|p1a: Skrillex|Dragon Darts|p2a: Iron Moth\n|-crit|p2a: Iron Moth\n|-damage|p2a: Iron Moth|0 fnt\n|faint|p2a: Iron Moth\n|-end|p2a: Iron Moth|Quark Drive|[silent]\n|-damage|p1a: Skrillex|91\/100|[from] item: Life Orb\n|\n|-fieldend|move: Electric Terrain\n|upkeep\n|\n|t:|1700345024\n|switch|p2a: Iron Bundle|Iron Bundle|100\/100\n|turn|15\n|\n|t:|1700345034\n|switch|p1a: Naruto|Ninetales-Alola, M|100\/100\n|-weather|Snow|[from] ability: Snow Warning|[of] p1a: Naruto\n|move|p2a: Iron Bundle|Ice Beam|p1a: Naruto\n|-resisted|p1a: Naruto\n|-crit|p1a: Naruto\n|-damage|p1a: Naruto|60\/100\n|\n|-weather|Snow|[upkeep]\n|upkeep\n|turn|16\n|\n|t:|1700345101\n|move|p2a: Iron Bundle|Flip Turn|p1a: Naruto\n|-damage|p1a: Naruto|44\/100\n|\n|t:|1700345103\n|-end|p2a: Iron Bundle|Quark Drive|[silent]\n|switch|p2a: Sandy Shocks|Sandy Shocks|100\/100|[from] Flip Turn\n|-activate|p2a: Sandy Shocks|move: Sticky Web\n|-unboost|p2a: Sandy Shocks|spe|1\n|-damage|p2a: Sandy Shocks|94\/100|[from] Stealth Rock\n|move|p1a: Naruto|Aurora Veil|p1a: Naruto\n|-sidestart|p1: Kobe Airlines|move: Aurora Veil\n|\n|-weather|Snow|[upkeep]\n|upkeep\n|turn|17\n|\n|t:|1700345113\n|move|p1a: Naruto|Blizzard|p2a: Sandy Shocks\n|-supereffective|p2a: Sandy Shocks\n|-damage|p2a: Sandy Shocks|4\/100\n|move|p2a: Sandy Shocks|Electric Terrain|p2a: Sandy Shocks\n|-fieldstart|move: Electric Terrain\n|\n|-weather|Snow|[upkeep]\n|upkeep\n|turn|18\n|\n|t:|1700345123\n|move|p1a: Naruto|Blizzard|p2a: Sandy Shocks\n|-supereffective|p2a: Sandy Shocks\n|-damage|p2a: Sandy Shocks|0 fnt\n|faint|p2a: Sandy Shocks\n|-end|p2a: Sandy Shocks|Protosynthesis|[silent]\n|\n|-weather|Snow|[upkeep]\n|upkeep\n|\n|t:|1700345128\n|switch|p2a: Iron Bundle|Iron Bundle|100\/100\n|-activate|p2a: Iron Bundle|ability: Quark Drive\n|-start|p2a: Iron Bundle|quarkdrivespe\n|turn|19\n|\n|t:|1700345138\n|move|p2a: Iron Bundle|Hydro Pump|p1a: Naruto\n|-damage|p1a: Naruto|10\/100\n|move|p1a: Naruto|Encore|p2a: Iron Bundle\n|-start|p2a: Iron Bundle|Encore\n|\n|-weather|none\n|upkeep\n|turn|20\n|\n|t:|1700345145\n|move|p2a: Iron Bundle|Hydro Pump|p1a: Naruto\n|-damage|p1a: Naruto|0 fnt\n|faint|p1a: Naruto\n|\n|upkeep\n|\n|t:|1700345151\n|switch|p1a: Perm|Scream Tail|79\/100\n|turn|21\n|\n|t:|1700345154\n|move|p2a: Iron Bundle|Hydro Pump|p1a: Perm\n|-damage|p1a: Perm|64\/100\n|move|p1a: Perm|Trick|p2a: Iron Bundle\n|-activate|p1a: Perm|move: Trick|[of] p2a: Iron Bundle\n|-item|p2a: Iron Bundle|Lagging Tail|[from] move: Trick\n|-item|p1a: Perm|Heavy-Duty Boots|[from] move: Trick\n|\n|-fieldend|move: Electric Terrain\n|-end|p2a: Iron Bundle|Quark Drive\n|upkeep\n|turn|22\n|\n|t:|1700345166\n|move|p1a: Perm|Wish|p1a: Perm\n|move|p2a: Iron Bundle|Hydro Pump|p1a: Perm\n|-damage|p1a: Perm|48\/100\n|\n|-end|p2a: Iron Bundle|Encore\n|upkeep\n|turn|23\n|\n|t:|1700345179\n|-end|p1a: Perm|Protosynthesis|[silent]\n|switch|p1a: B-Dubs|Tauros, M, tera:Normal|91\/100\n|move|p2a: Iron Bundle|Ice Beam|p1a: B-Dubs\n|-damage|p1a: B-Dubs|54\/100\n|\n|-heal|p1a: B-Dubs|100\/100|[from] move: Wish|[wisher] Perm\n|-sideend|p1: Kobe Airlines|move: Aurora Veil\n|upkeep\n|turn|24\n|\n|t:|1700345194\n|move|p1a: B-Dubs|Body Slam|p2a: Iron Bundle\n|-damage|p2a: Iron Bundle|0 fnt\n|faint|p2a: Iron Bundle\n|-end|p2a: Iron Bundle|Quark Drive|[silent]\n|\n|win|Kobe Airlines\n|c|\u2606Kobe Airlines|gg\n|c|\u2606Miles545|gg\n","uploadtime":1700345306,"views":25,"p1id":"kobeairlines","p2id":"miles545","formatid":"gen9anythinggoes","rating":0,"private":0,"password":""}