{"id":"gen9anythinggoes-1994347859","p1":"trotman","p2":"AriTheDutchie","format":"[Gen 9] Anything Goes","log":"|j|\u2606trotman\n|j|\u2606AriTheDutchie\n|t:|1700433705\n|gametype|singles\n|player|p1|trotman|brycenman|1121\n|player|p2|AriTheDutchie|265|1203\n|teamsize|p1|6\n|teamsize|p2|6\n|gen|9\n|tier|[Gen 9] Anything Goes\n|rated|\n|rule|HP Percentage Mod: HP is shown in percentages\n|rule|Endless Battle Clause: Forcing endless battles is banned\n|clearpoke\n|poke|p1|Ogerpon-Cornerstone, F|\n|poke|p1|Scream Tail|\n|poke|p1|Flutter Mane|\n|poke|p1|Amoonguss, M|\n|poke|p1|Cinderace, F|\n|poke|p1|Iron Bundle|\n|poke|p2|Sylveon, F|\n|poke|p2|Ogerpon-Hearthflame, F|\n|poke|p2|Garchomp, M|\n|poke|p2|Dragonite, M|\n|poke|p2|Chien-Pao|\n|poke|p2|Kingambit, F|\n|teampreview\n|\n|t:|1700433713\n|start\n|switch|p1a: Amoonguss|Amoonguss, M, shiny|100\/100\n|switch|p2a: Ivory|Sylveon, F, shiny|100\/100\n|turn|1\n|\n|t:|1700433729\n|move|p2a: Ivory|Hyper Voice|p1a: Amoonguss\n|-resisted|p1a: Amoonguss\n|-damage|p1a: Amoonguss|84\/100\n|move|p1a: Amoonguss|Spore|p2a: Ivory\n|-status|p2a: Ivory|slp|[from] move: Spore\n|\n|-heal|p1a: Amoonguss|90\/100|[from] item: Black Sludge\n|upkeep\n|turn|2\n|\n|t:|1700433738\n|switch|p2a: Can't touch this|Garchomp, M|100\/100\n|move|p1a: Amoonguss|Clear Smog|p2a: Can't touch this\n|-resisted|p2a: Can't touch this\n|-damage|p2a: Can't touch this|94\/100\n|-clearboost|p2a: Can't touch this\n|\n|-heal|p1a: Amoonguss|96\/100|[from] item: Black Sludge\n|upkeep\n|turn|3\n|\n|t:|1700433747\n|-terastallize|p2a: Can't touch this|Steel\n|move|p2a: Can't touch this|Earthquake|p1a: Amoonguss\n|-damage|p1a: Amoonguss|41\/100\n|move|p1a: Amoonguss|Spore|p2a: Can't touch this\n|-status|p2a: Can't touch this|slp|[from] move: Spore\n|\n|-heal|p1a: Amoonguss|47\/100|[from] item: Black Sludge\n|upkeep\n|turn|4\n|\n|t:|1700433757\n|switch|p1a: Cinderace|Cinderace, F, shiny|100\/100\n|cant|p2a: Can't touch this|slp\n|\n|upkeep\n|turn|5\n|\n|t:|1700433767\n|switch|p2a: PonPon|Ogerpon-Hearthflame, F|100\/100\n|-ability|p2a: PonPon|Mold Breaker\n|move|p1a: Cinderace|Pyro Ball|p2a: PonPon\n|-damage|p2a: PonPon|29\/100\n|\n|upkeep\n|turn|6\n|\n|t:|1700433780\n|switch|p2a: Dragonite|Dragonite, M|100\/100\n|move|p1a: Cinderace|U-turn|p2a: Dragonite\n|-start|p1a: Cinderace|typechange|Bug|[from] ability: Libero\n|-resisted|p2a: Dragonite\n|-damage|p2a: Dragonite|86\/100\n|\n|t:|1700433787\n|switch|p1a: Iron Bundle|Iron Bundle, shiny|100\/100|[from] U-turn\n|\n|-heal|p2a: Dragonite|92\/100|[from] item: Leftovers\n|upkeep\n|turn|7\n|\n|t:|1700433801\n|switch|p2a: Chien-Pao|Chien-Pao|100\/100\n|-ability|p2a: Chien-Pao|Sword of Ruin\n|move|p1a: Iron Bundle|Ice Beam|p2a: Chien-Pao\n|-resisted|p2a: Chien-Pao\n|-damage|p2a: Chien-Pao|49\/100\n|-damage|p1a: Iron Bundle|91\/100|[from] item: Life Orb\n|\n|upkeep\n|turn|8\n|\n|t:|1700433813\n|move|p1a: Iron Bundle|Ice Beam|p2a: Chien-Pao\n|-resisted|p2a: Chien-Pao\n|-damage|p2a: Chien-Pao|0 fnt\n|faint|p2a: Chien-Pao\n|-damage|p1a: Iron Bundle|81\/100|[from] item: Life Orb\n|\n|upkeep\n|\n|t:|1700433822\n|switch|p2a: Ivory|Sylveon, F, shiny|100\/100 slp\n|turn|9\n|\n|t:|1700433832\n|move|p1a: Iron Bundle|Flip Turn|p2a: Ivory\n|-damage|p2a: Ivory|73\/100 slp\n|-damage|p1a: Iron Bundle|71\/100|[from] item: Life Orb\n|\n|t:|1700433838\n|-end|p1a: Iron Bundle|Quark Drive|[silent]\n|switch|p1a: Cinderace|Cinderace, F, shiny|100\/100|[from] Flip Turn\n|cant|p2a: Ivory|slp\n|\n|upkeep\n|turn|10\n|\n|t:|1700433844\n|move|p1a: Cinderace|Pyro Ball|p2a: Ivory\n|-damage|p2a: Ivory|0 fnt\n|faint|p2a: Ivory\n|\n|upkeep\n|\n|t:|1700433850\n|switch|p2a: Dragonite|Dragonite, M|92\/100\n|turn|11\n|\n|t:|1700433857\n|move|p1a: Cinderace|U-turn|p2a: Dragonite\n|-start|p1a: Cinderace|typechange|Bug|[from] ability: Libero\n|-resisted|p2a: Dragonite\n|-damage|p2a: Dragonite|76\/100\n|\n|t:|1700433861\n|switch|p1a: Iron Bundle|Iron Bundle, shiny|71\/100|[from] U-turn\n|move|p2a: Dragonite|Aqua Tail|p1a: Iron Bundle\n|-resisted|p1a: Iron Bundle\n|-damage|p1a: Iron Bundle|56\/100\n|\n|-heal|p2a: Dragonite|82\/100|[from] item: Leftovers\n|upkeep\n|turn|12\n|\n|t:|1700433870\n|switch|p2a: Can't touch this|Garchomp, M, tera:Steel|94\/100 slp\n|move|p1a: Iron Bundle|Ice Beam|p2a: Can't touch this\n|-resisted|p2a: Can't touch this\n|-damage|p2a: Can't touch this|68\/100 slp\n|-damage|p1a: Iron Bundle|46\/100|[from] item: Life Orb\n|\n|upkeep\n|turn|13\n|\n|t:|1700433878\n|move|p1a: Iron Bundle|Hydro Pump|p2a: Can't touch this\n|-damage|p2a: Can't touch this|4\/100 slp\n|-damage|p1a: Iron Bundle|36\/100|[from] item: Life Orb\n|-curestatus|p2a: Can't touch this|slp|[msg]\n|move|p2a: Can't touch this|Earthquake|p1a: Iron Bundle\n|-damage|p1a: Iron Bundle|0 fnt\n|faint|p1a: Iron Bundle\n|-end|p1a: Iron Bundle|Quark Drive|[silent]\n|\n|upkeep\n|\n|t:|1700433897\n|switch|p1a: Cinderace|Cinderace, F, shiny|100\/100\n|turn|14\n|\n|t:|1700433901\n|move|p1a: Cinderace|U-turn|p2a: Can't touch this\n|-start|p1a: Cinderace|typechange|Bug|[from] ability: Libero\n|-resisted|p2a: Can't touch this\n|-damage|p2a: Can't touch this|0 fnt\n|-damage|p1a: Cinderace|88\/100|[from] ability: Rough Skin|[of] p2a: Can't touch this\n|-damage|p1a: Cinderace|72\/100|[from] item: Rocky Helmet|[of] p2a: Can't touch this\n|faint|p2a: Can't touch this\n|\n|t:|1700433909\n|switch|p1a: Flutter Mane|Flutter Mane, shiny|100\/100|[from] U-turn\n|-enditem|p1a: Flutter Mane|Booster Energy\n|-activate|p1a: Flutter Mane|ability: Protosynthesis|[fromitem]\n|-start|p1a: Flutter Mane|protosynthesisspe\n|\n|upkeep\n|\n|t:|1700433915\n|switch|p2a: PonPon|Ogerpon-Hearthflame, F|29\/100\n|-ability|p2a: PonPon|Mold Breaker\n|turn|15\n|\n|t:|1700433925\n|move|p1a: Flutter Mane|Shadow Ball|p2a: PonPon\n|-damage|p2a: PonPon|0 fnt\n|faint|p2a: PonPon\n|\n|upkeep\n|\n|t:|1700433930\n|switch|p2a: Dragonite|Dragonite, M|82\/100\n|turn|16\n|\n|t:|1700433933\n|move|p1a: Flutter Mane|Moonblast|p2a: Dragonite\n|-supereffective|p2a: Dragonite\n|-damage|p2a: Dragonite|0 fnt\n|faint|p2a: Dragonite\n|\n|upkeep\n|\n|t:|1700433937\n|switch|p2a: I am the KING|Kingambit, F|100\/100\n|-activate|p2a: I am the KING|ability: Supreme Overlord\n|-start|p2a: I am the KING|fallen5|[silent]\n|turn|17\n|\n|t:|1700433942\n|-terastallize|p1a: Flutter Mane|Fire\n|move|p1a: Flutter Mane|Mystical Fire|p2a: I am the KING\n|-supereffective|p2a: I am the KING\n|-damage|p2a: I am the KING|53\/100\n|-unboost|p2a: I am the KING|spa|1\n|move|p2a: I am the KING|Iron Head|p1a: Flutter Mane\n|-resisted|p1a: Flutter Mane\n|-damage|p1a: Flutter Mane|27\/100\n|\n|upkeep\n|turn|18\n|\n|t:|1700433951\n|move|p1a: Flutter Mane|Mystical Fire|p2a: I am the KING\n|-supereffective|p2a: I am the KING\n|-damage|p2a: I am the KING|0 fnt\n|faint|p2a: I am the KING\n|-end|p2a: I am the KING|fallen5|[silent]\n|\n|win|trotman\n|raw|trotman's rating: 1121 &rarr; <strong>1152<\/strong><br \/>(+31 for winning)\n|raw|AriTheDutchie's rating: 1203 &rarr; <strong>1172<\/strong><br \/>(-31 for losing)\n|c|\u2606trotman|gg\n|l|\u2606AriTheDutchie\n","uploadtime":1700433961,"views":1,"p1id":"trotman","p2id":"arithedutchie","formatid":"gen9anythinggoes","rating":1152,"private":0,"password":""}