{"id":"gen9anythinggoes-1980782437","p1":"Ozzyeager","p2":"conizi","format":"[Gen 9] Anything Goes","log":"|j|\u2606Ozzyeager\n|j|\u2606conizi\n|t:|1698832189\n|gametype|singles\n|player|p1|Ozzyeager|nate|1064\n|player|p2|conizi|n|1145\n|teamsize|p1|6\n|teamsize|p2|6\n|gen|9\n|tier|[Gen 9] Anything Goes\n|rated|\n|rule|HP Percentage Mod: HP is shown in percentages\n|rule|Endless Battle Clause: Forcing endless battles is banned\n|clearpoke\n|poke|p1|Gengar, M|\n|poke|p1|Salamence, F|\n|poke|p1|Lucario, M|\n|poke|p1|Greninja-*, M|\n|poke|p1|Noivern, M|\n|poke|p1|Gardevoir, M|\n|poke|p2|Weavile, F|\n|poke|p2|Cinderace, F|\n|poke|p2|Garchomp, M|\n|poke|p2|Sneasler, M|\n|poke|p2|Greninja-*, M|\n|poke|p2|Flutter Mane|\n|teampreview\n|\n|t:|1698832212\n|start\n|switch|p1a: Gengar|Gengar, M|100\/100\n|switch|p2a: Weavile|Weavile, F|100\/100\n|-ability|p2a: Weavile|Pressure\n|turn|1\n|\n|t:|1698832221\n|-terastallize|p2a: Weavile|Dark\n|move|p2a: Weavile|Beat Up|p1a: Gengar\n|-supereffective|p1a: Gengar\n|-damage|p1a: Gengar|61\/100\n|-supereffective|p1a: Gengar\n|-damage|p1a: Gengar|22\/100\n|-supereffective|p1a: Gengar\n|-damage|p1a: Gengar|0 fnt\n|faint|p1a: Gengar\n|-hitcount|p1: Gengar|3\n|\n|upkeep\n|\n|t:|1698832234\n|switch|p1a: Gardevoir|Gardevoir, M|100\/100\n|turn|2\n|\n|t:|1698832241\n|move|p2a: Weavile|Beat Up|p1a: Gardevoir\n|-damage|p1a: Gardevoir|84\/100\n|-damage|p1a: Gardevoir|69\/100\n|-damage|p1a: Gardevoir|50\/100\n|-damage|p1a: Gardevoir|33\/100\n|-damage|p1a: Gardevoir|19\/100\n|-damage|p1a: Gardevoir|9\/100\n|-hitcount|p1a: Gardevoir|6\n|cant|p1a: Gardevoir|flinch\n|\n|upkeep\n|turn|3\n|\n|t:|1698832252\n|move|p2a: Weavile|Beat Up|p1a: Gardevoir\n|-damage|p1a: Gardevoir|0 fnt\n|faint|p1a: Gardevoir\n|-hitcount|p1: Gardevoir|1\n|\n|upkeep\n|\n|t:|1698832290\n|switch|p1a: Noivern|Noivern, M|100\/100\n|-item|p2a: Weavile|King's Rock|[from] ability: Frisk|[of] p1a: Noivern|[identify]\n|turn|4\n|\n|t:|1698832300\n|move|p2a: Weavile|Icicle Spear|p1a: Noivern\n|-supereffective|p1a: Noivern\n|-damage|p1a: Noivern|40\/100\n|-supereffective|p1a: Noivern\n|-damage|p1a: Noivern|0 fnt\n|faint|p1a: Noivern\n|-hitcount|p1: Noivern|2\n|\n|upkeep\n|\n|t:|1698832310\n|switch|p1a: Lucario|Lucario, M|100\/100\n|turn|5\n|\n|t:|1698832315\n|switch|p2a: Sneasler|Sneasler, M|100\/100\n|-ability|p2a: Sneasler|Pressure\n|move|p1a: Lucario|Close Combat|p2a: Sneasler\n|-resisted|p2a: Sneasler\n|-damage|p2a: Sneasler|58\/100\n|-unboost|p1a: Lucario|def|1\n|-unboost|p1a: Lucario|spd|1\n|\n|upkeep\n|turn|6\n|\n|t:|1698832326\n|move|p2a: Sneasler|Close Combat|p1a: Lucario\n|-supereffective|p1a: Lucario\n|-enditem|p1a: Lucario|Focus Sash\n|-damage|p1a: Lucario|1\/100\n|-unboost|p2a: Sneasler|def|1\n|-unboost|p2a: Sneasler|spd|1\n|move|p1a: Lucario|Bone Rush|p2a: Sneasler\n|-supereffective|p2a: Sneasler\n|-damage|p2a: Sneasler|23\/100\n|-supereffective|p2a: Sneasler\n|-damage|p2a: Sneasler|0 fnt\n|faint|p2a: Sneasler\n|-hitcount|p2: Sneasler|2\n|\n|upkeep\n|\n|t:|1698832339\n|switch|p2a: Weavile|Weavile, F, tera:Dark|100\/100\n|-ability|p2a: Weavile|Pressure\n|turn|7\n|\n|t:|1698832345\n|move|p2a: Weavile|Beat Up|p1a: Lucario\n|-resisted|p1a: Lucario\n|-damage|p1a: Lucario|0 fnt\n|faint|p1a: Lucario\n|-hitcount|p1: Lucario|1\n|\n|upkeep\n|\n|t:|1698832351\n|switch|p1a: Salamence|Salamence, F|100\/100\n|turn|8\n|\n|t:|1698832357\n|move|p2a: Weavile|Icicle Spear|p1a: Salamence\n|-supereffective|p1a: Salamence\n|-damage|p1a: Salamence|50\/100\n|-supereffective|p1a: Salamence\n|-damage|p1a: Salamence|0 fnt\n|faint|p1a: Salamence\n|-hitcount|p1: Salamence|2\n|\n|upkeep\n|\n|t:|1698832367\n|switch|p1a: Greninja|Greninja, M|100\/100\n|turn|9\n|\n|t:|1698832372\n|move|p2a: Weavile|Beat Up|p1a: Greninja\n|-resisted|p1a: Greninja\n|-damage|p1a: Greninja|92\/100\n|-resisted|p1a: Greninja\n|-damage|p1a: Greninja|85\/100\n|-resisted|p1a: Greninja\n|-damage|p1a: Greninja|77\/100\n|-resisted|p1a: Greninja\n|-damage|p1a: Greninja|70\/100\n|-resisted|p1a: Greninja\n|-damage|p1a: Greninja|65\/100\n|-hitcount|p1a: Greninja|5\n|move|p1a: Greninja|Acrobatics|p2a: Weavile\n|-damage|p2a: Weavile|54\/100\n|\n|upkeep\n|turn|10\n|\n|t:|1698832386\n|move|p2a: Weavile|Beat Up|p1a: Greninja\n|-resisted|p1a: Greninja\n|-damage|p1a: Greninja|57\/100\n|-resisted|p1a: Greninja\n|-damage|p1a: Greninja|49\/100\n|-resisted|p1a: Greninja\n|-damage|p1a: Greninja|40\/100\n|-resisted|p1a: Greninja\n|-damage|p1a: Greninja|32\/100\n|-resisted|p1a: Greninja\n|-damage|p1a: Greninja|27\/100\n|-hitcount|p1a: Greninja|5\n|cant|p1a: Greninja|flinch\n|\n|upkeep\n|turn|11\n|\n|t:|1698832398\n|move|p2a: Weavile|Beat Up|p1a: Greninja\n|-resisted|p1a: Greninja\n|-damage|p1a: Greninja|19\/100\n|-resisted|p1a: Greninja\n|-damage|p1a: Greninja|12\/100\n|-resisted|p1a: Greninja\n|-damage|p1a: Greninja|3\/100\n|-resisted|p1a: Greninja\n|-damage|p1a: Greninja|0 fnt\n|faint|p1a: Greninja\n|-hitcount|p1: Greninja|4\n|\n|win|conizi\n|raw|Ozzyeager's rating: 1064 &rarr; <strong>1049<\/strong><br \/>(-15 for losing)\n|raw|conizi's rating: 1145 &rarr; <strong>1164<\/strong><br \/>(+19 for winning)\n|l|\u2606Ozzyeager\n","uploadtime":1698832586,"views":23,"p1id":"ozzyeager","p2id":"conizi","formatid":"gen9anythinggoes","rating":1049,"private":0,"password":""}