{"id":"gen9anythinggoes-1976631714","p1":"Frank the Tree","p2":"Spooky Tepig","format":"[Gen 9] Anything Goes","log":"|j|\u2606Frank the Tree\n|j|\u2606Spooky Tepig\n|t:|1698328904\n|gametype|singles\n|player|p1|Frank the Tree|colress|1112\n|player|p2|Spooky Tepig|shauntal|1157\n|teamsize|p1|6\n|teamsize|p2|6\n|gen|9\n|tier|[Gen 9] Anything Goes\n|rated|\n|rule|HP Percentage Mod: HP is shown in percentages\n|rule|Endless Battle Clause: Forcing endless battles is banned\n|clearpoke\n|poke|p1|Gliscor, M|\n|poke|p1|Cyclizar, M|\n|poke|p1|Okidogi, M|\n|poke|p1|Oricorio-Sensu, F|\n|poke|p1|Gardevoir, F|\n|poke|p1|Tinkaton, F|\n|poke|p2|Palafin, M|\n|poke|p2|Garganacl, M|\n|poke|p2|Meowscarada, F|\n|poke|p2|Ursaluna-Bloodmoon, M|\n|poke|p2|Espathra, M|\n|poke|p2|Flutter Mane|\n|teampreview\n|inactive|Battle timer is ON: inactive players will automatically lose when time's up. (requested by Spooky Tepig)\n|\n|t:|1698328965\n|start\n|switch|p1a: Toby|Gliscor, M, shiny|100\/100\n|switch|p2a: Clark|Palafin, M|100\/100\n|turn|1\n|\n|t:|1698328974\n|move|p1a: Toby|Toxic Spikes|p2a: Clark\n|-sidestart|p2: Spooky Tepig|move: Toxic Spikes\n|move|p2a: Clark|Flip Turn|p1a: Toby\n|-supereffective|p1a: Toby\n|-damage|p1a: Toby|67\/100\n|\n|t:|1698328982\n|detailschange|p2a: Clark|Palafin-Hero, M\n|switch|p2a: The Rock|Garganacl, M|100\/100|[from] Flip Turn\n|\n|-status|p1a: Toby|tox|[from] item: Toxic Orb\n|upkeep\n|turn|2\n|\n|t:|1698328994\n|move|p1a: Toby|Earthquake|p2a: The Rock\n|-supereffective|p2a: The Rock\n|-damage|p2a: The Rock|30\/100\n|move|p2a: The Rock|Salt Cure|p1a: Toby\n|-damage|p1a: Toby|54\/100 tox\n|-start|p1a: Toby|Salt Cure\n|\n|-heal|p2a: The Rock|36\/100|[from] item: Leftovers\n|-heal|p1a: Toby|67\/100 tox|[from] ability: Poison Heal\n|-damage|p1a: Toby|54\/100 tox|[from] Salt Cure\n|upkeep\n|turn|3\n|\n|t:|1698329006\n|move|p2a: The Rock|Protect|p2a: The Rock\n|-singleturn|p2a: The Rock|Protect\n|move|p1a: Toby|Earthquake|p2a: The Rock\n|-activate|p2a: The Rock|move: Protect\n|\n|-heal|p2a: The Rock|42\/100|[from] item: Leftovers\n|-heal|p1a: Toby|67\/100 tox|[from] ability: Poison Heal\n|-damage|p1a: Toby|54\/100 tox|[from] Salt Cure\n|upkeep\n|turn|4\n|\n|t:|1698329017\n|move|p1a: Toby|Earthquake|p2a: The Rock\n|-supereffective|p2a: The Rock\n|-damage|p2a: The Rock|0 fnt\n|faint|p2a: The Rock\n|\n|-heal|p1a: Toby|67\/100 tox|[from] ability: Poison Heal\n|-damage|p1a: Toby|54\/100 tox|[from] Salt Cure\n|upkeep\n|\n|t:|1698329027\n|switch|p2a: Clark|Palafin-Hero, M|100\/100\n|-status|p2a: Clark|psn\n|-activate|p2a: Clark|ability: Zero to Hero\n|turn|5\n|\n|t:|1698329033\n|move|p1a: Toby|Stealth Rock|p2a: Clark\n|-sidestart|p2: Spooky Tepig|move: Stealth Rock\n|move|p2a: Clark|Ice Punch|p1a: Toby\n|-supereffective|p1a: Toby\n|-damage|p1a: Toby|0 fnt\n|faint|p1a: Toby\n|\n|-damage|p2a: Clark|88\/100 psn|[from] psn\n|upkeep\n|inactive|Frank the Tree has 120 seconds left.\n|\n|t:|1698329065\n|switch|p1a: Guardian|Gardevoir, F|100\/100\n|turn|6\n|inactive|Frank the Tree has 120 seconds left.\n|\n|t:|1698329076\n|move|p2a: Clark|Flip Turn|p1a: Guardian\n|-damage|p1a: Guardian|38\/100\n|\n|t:|1698329084\n|switch|p2a: Harlequin|Meowscarada, F|100\/100|[from] Flip Turn\n|-ability|p1a: Guardian|Protean|[from] ability: Trace|[of] p2a: Harlequin\n|-status|p2a: Harlequin|psn\n|-damage|p2a: Harlequin|88\/100 psn|[from] Stealth Rock\n|move|p1a: Guardian|Confuse Ray|p2a: Harlequin\n|-start|p1a: Guardian|typechange|Ghost|[from] ability: Protean\n|-start|p2a: Harlequin|confusion\n|\n|-damage|p2a: Harlequin|76\/100 psn|[from] psn\n|upkeep\n|turn|7\n|inactive|Frank the Tree has 120 seconds left.\n|\n|t:|1698329104\n|switch|p2a: Gannon|Ursaluna-Bloodmoon, M|100\/100\n|-status|p2a: Gannon|psn\n|-damage|p2a: Gannon|95\/100 psn|[from] Stealth Rock\n|move|p1a: Guardian|Dazzling Gleam|p2a: Gannon\n|-damage|p2a: Gannon|69\/100 psn\n|\n|-damage|p2a: Gannon|57\/100 psn|[from] psn\n|upkeep\n|turn|8\n|inactive|Frank the Tree has 120 seconds left.\n|\n|t:|1698329117\n|move|p1a: Guardian|Psychic|p2a: Gannon\n|-damage|p2a: Gannon|23\/100 psn\n|move|p2a: Gannon|Blood Moon|p1a: Guardian\n|-damage|p1a: Guardian|0 fnt\n|faint|p1a: Guardian\n|-damage|p2a: Gannon|13\/100 psn|[from] item: Life Orb\n|\n|-damage|p2a: Gannon|1\/100 psn|[from] psn\n|upkeep\n|inactive|Frank the Tree has 120 seconds left.\n|\n|t:|1698329127\n|switch|p1a: Rawr|Cyclizar, M|100\/100\n|turn|9\n|\n|t:|1698329131\n|move|p1a: Rawr|Shed Tail|p1a: Rawr\n|-start|p1a: Rawr|Substitute|[from] move: Shed Tail\n|-damage|p1a: Rawr|50\/100\n|\n|t:|1698329134\n|switch|p1a: Roo|Oricorio-Sensu, F, shiny|100\/100|[from] Shed Tail\n|move|p2a: Gannon|Moonlight|p2a: Gannon\n|-heal|p2a: Gannon|51\/100 psn\n|\n|-damage|p2a: Gannon|39\/100 psn|[from] psn\n|upkeep\n|turn|10\n|\n|t:|1698329150\n|move|p1a: Roo|Acrobatics|p2a: Gannon\n|-damage|p2a: Gannon|29\/100 psn\n|move|p2a: Gannon|Moonlight|p2a: Gannon\n|-heal|p2a: Gannon|79\/100 psn\n|\n|-damage|p2a: Gannon|66\/100 psn|[from] psn\n|upkeep\n|turn|11\n|inactive|Frank the Tree has 120 seconds left.\n|\n|t:|1698329184\n|move|p1a: Roo|Defog|p2a: Gannon\n|-unboost|p2a: Gannon|evasion|1\n|-sideend|p2: Spooky Tepig|Toxic Spikes|[from] move: Defog|[of] p1a: Roo\n|-sideend|p2: Spooky Tepig|Stealth Rock|[from] move: Defog|[of] p1a: Roo\n|move|p2a: Gannon|Moonlight|p2a: Gannon\n|-heal|p2a: Gannon|100\/100 psn\n|\n|-damage|p2a: Gannon|88\/100 psn|[from] psn\n|upkeep\n|turn|12\n|\n|t:|1698329195\n|move|p1a: Roo|Defog|p2a: Gannon\n|-unboost|p2a: Gannon|evasion|1\n|move|p2a: Gannon|Stone Edge|p1a: Roo|[miss]\n|-miss|p2a: Gannon|p1a: Roo\n|\n|-damage|p2a: Gannon|76\/100 psn|[from] psn\n|upkeep\n|turn|13\n|inactive|Frank the Tree has 120 seconds left.\n|\n|t:|1698329204\n|move|p1a: Roo|Baton Pass|p1a: Roo\n|\n|t:|1698329206\n|switch|p1a: Dogy|Okidogi, M|100\/100|[from] Baton Pass\n|move|p2a: Gannon|Stone Edge|p1a: Dogy\n|-resisted|p1a: Dogy\n|-crit|p1a: Dogy\n|-activate|p1a: Dogy|move: Substitute|[damage]\n|-damage|p2a: Gannon|66\/100 psn|[from] item: Life Orb\n|\n|-damage|p2a: Gannon|54\/100 psn|[from] psn\n|upkeep\n|turn|14\n|\n|t:|1698329217\n|move|p1a: Dogy|Ice Punch|p2a: Gannon\n|-supereffective|p2a: Gannon\n|-damage|p2a: Gannon|16\/100 psn\n|move|p2a: Gannon|Earth Power|p1a: Dogy\n|-supereffective|p1a: Dogy\n|-end|p1a: Dogy|Substitute\n|-damage|p2a: Gannon|6\/100 psn|[from] item: Life Orb\n|\n|-damage|p2a: Gannon|0 fnt|[from] psn\n|faint|p2a: Gannon\n|upkeep\n|\n|t:|1698329230\n|switch|p2a: Lady Gaga|Espathra, M|100\/100\n|turn|15\n|\n|t:|1698329244\n|move|p2a: Lady Gaga|Protect|p2a: Lady Gaga\n|-singleturn|p2a: Lady Gaga|Protect\n|move|p1a: Dogy|Knock Off|p2a: Lady Gaga\n|-activate|p2a: Lady Gaga|move: Protect\n|\n|-ability|p2a: Lady Gaga|Speed Boost|boost\n|-boost|p2a: Lady Gaga|spe|1\n|upkeep\n|turn|16\n|\n|t:|1698329260\n|switch|p1a: Rawr|Cyclizar, M|84\/100\n|move|p2a: Lady Gaga|Lumina Crash|p1a: Rawr\n|-damage|p1a: Rawr|40\/100\n|-unboost|p1a: Rawr|spd|2\n|\n|-ability|p2a: Lady Gaga|Speed Boost|boost\n|-boost|p2a: Lady Gaga|spe|1\n|upkeep\n|turn|17\n|\n|t:|1698329276\n|move|p2a: Lady Gaga|Lumina Crash|p1a: Rawr\n|-damage|p1a: Rawr|0 fnt\n|faint|p1a: Rawr\n|\n|-ability|p2a: Lady Gaga|Speed Boost|boost\n|-boost|p2a: Lady Gaga|spe|1\n|upkeep\n|\n|t:|1698329281\n|switch|p1a: The Ham|Tinkaton, F|100\/100\n|turn|18\n|\n|t:|1698329299\n|move|p2a: Lady Gaga|Baton Pass|p2a: Lady Gaga\n|\n|t:|1698329301\n|switch|p2a: Fluttershy|Flutter Mane|100\/100|[from] Baton Pass\n|-enditem|p2a: Fluttershy|Booster Energy\n|-activate|p2a: Fluttershy|ability: Protosynthesis|[fromitem]\n|-start|p2a: Fluttershy|protosynthesisspe\n|move|p1a: The Ham|Swords Dance|p1a: The Ham\n|-boost|p1a: The Ham|atk|2\n|\n|upkeep\n|turn|19\n|\n|t:|1698329313\n|-terastallize|p1a: The Ham|Fairy\n|move|p2a: Fluttershy|Mystical Fire|p1a: The Ham\n|-damage|p1a: The Ham|76\/100\n|-unboost|p1a: The Ham|spa|1\n|move|p1a: The Ham|Gigaton Hammer|p2a: Fluttershy\n|-supereffective|p2a: Fluttershy\n|-damage|p2a: Fluttershy|0 fnt\n|faint|p2a: Fluttershy\n|-end|p2a: Fluttershy|Protosynthesis|[silent]\n|\n|upkeep\n|\n|t:|1698329324\n|switch|p2a: Harlequin|Meowscarada, F|76\/100 psn\n|turn|20\n|\n|t:|1698329329\n|move|p1a: The Ham|Play Rough|p2a: Harlequin\n|-supereffective|p2a: Harlequin\n|-damage|p2a: Harlequin|0 fnt\n|faint|p2a: Harlequin\n|\n|upkeep\n|\n|t:|1698329337\n|switch|p2a: Clark|Palafin-Hero, M|88\/100 psn\n|turn|21\n|\n|t:|1698329348\n|move|p2a: Clark|Jet Punch|p1a: The Ham\n|-damage|p1a: The Ham|29\/100\n|-enditem|p2a: Clark|Assault Vest|[silent]|[from] ability: Pickpocket|[of] p2a: Clark\n|-item|p1a: The Ham|Assault Vest|[from] ability: Pickpocket|[of] p2a: Clark\n|move|p1a: The Ham|Gigaton Hammer|p2a: Clark\n|-resisted|p2a: Clark\n|-damage|p2a: Clark|42\/100 psn\n|\n|-damage|p2a: Clark|29\/100 psn|[from] psn\n|upkeep\n|turn|22\n|\n|t:|1698329362\n|switch|p1a: Dogy|Okidogi, M|100\/100\n|move|p2a: Clark|Jet Punch|p1a: Dogy\n|-damage|p1a: Dogy|73\/100\n|\n|-damage|p2a: Clark|17\/100 psn|[from] psn\n|upkeep\n|turn|23\n|\n|t:|1698329371\n|switch|p1a: Roo|Oricorio-Sensu, F, shiny|100\/100\n|move|p2a: Clark|Jet Punch|p1a: Roo\n|-damage|p1a: Roo|52\/100\n|\n|-damage|p2a: Clark|5\/100 psn|[from] psn\n|upkeep\n|turn|24\n|\n|t:|1698329382\n|move|p2a: Clark|Jet Punch|p1a: Roo\n|-damage|p1a: Roo|0 fnt\n|faint|p1a: Roo\n|\n|-damage|p2a: Clark|0 fnt|[from] psn\n|faint|p2a: Clark\n|upkeep\n|\n|t:|1698329389\n|switch|p2a: Lady Gaga|Espathra, M|100\/100\n|switch|p1a: Dogy|Okidogi, M|73\/100\n|turn|25\n|\n|t:|1698329395\n|move|p2a: Lady Gaga|Protect|p2a: Lady Gaga\n|-singleturn|p2a: Lady Gaga|Protect\n|move|p1a: Dogy|Knock Off|p2a: Lady Gaga\n|-activate|p2a: Lady Gaga|move: Protect\n|\n|-ability|p2a: Lady Gaga|Speed Boost|boost\n|-boost|p2a: Lady Gaga|spe|1\n|upkeep\n|turn|26\n|\n|t:|1698329404\n|move|p2a: Lady Gaga|Light Screen|p2a: Lady Gaga\n|-sidestart|p2: Spooky Tepig|move: Light Screen\n|move|p1a: Dogy|Knock Off|p2a: Lady Gaga\n|-supereffective|p2a: Lady Gaga\n|-damage|p2a: Lady Gaga|29\/100\n|-enditem|p2a: Lady Gaga|Aguav Berry|[from] move: Knock Off|[of] p1a: Dogy\n|-heal|p1a: Dogy|81\/100|[from] item: Shell Bell|[of] p2a: Lady Gaga\n|\n|-ability|p2a: Lady Gaga|Speed Boost|boost\n|-boost|p2a: Lady Gaga|spe|1\n|upkeep\n|turn|27\n|\n|t:|1698329414\n|move|p2a: Lady Gaga|Lumina Crash|p1a: Dogy\n|-supereffective|p1a: Dogy\n|-damage|p1a: Dogy|0 fnt\n|faint|p1a: Dogy\n|\n|-ability|p2a: Lady Gaga|Speed Boost|boost\n|-boost|p2a: Lady Gaga|spe|1\n|upkeep\n|\n|t:|1698329417\n|switch|p1a: The Ham|Tinkaton, F, tera:Fairy|29\/100\n|turn|28\n|\n|t:|1698329424\n|move|p1a: The Ham|Fake Out|p2a: Lady Gaga\n|-damage|p2a: Lady Gaga|18\/100\n|cant|p2a: Lady Gaga|flinch\n|\n|-ability|p2a: Lady Gaga|Speed Boost|boost\n|-boost|p2a: Lady Gaga|spe|1\n|upkeep\n|turn|29\n|\n|t:|1698329434\n|move|p2a: Lady Gaga|Lumina Crash|p1a: The Ham\n|-damage|p1a: The Ham|9\/100\n|-unboost|p1a: The Ham|spd|2\n|move|p1a: The Ham|Gigaton Hammer|p2a: Lady Gaga\n|-damage|p2a: Lady Gaga|0 fnt\n|faint|p2a: Lady Gaga\n|\n|win|Frank the Tree\n|raw|Frank the Tree's rating: 1112 &rarr; <strong>1140<\/strong><br \/>(+28 for winning)\n|raw|Spooky Tepig's rating: 1157 &rarr; <strong>1129<\/strong><br \/>(-28 for losing)\n|c|\u2606Frank the Tree|gg\n|l|\u2606Spooky Tepig\n","uploadtime":1698329688,"views":8,"p1id":"frankthetree","p2id":"spookytepig","formatid":"gen9anythinggoes","rating":1129,"private":0,"password":""}