{"id":"gen9anythinggoes-1983552372","p1":"LiquidSteelJ","p2":"G0dTier","format":"[Gen 9] Anything Goes","log":"|j|\u2606LiquidSteelJ\n|j|\u2606G0dTier\n|t:|1699142587\n|gametype|singles\n|player|p1|LiquidSteelJ|riley|\n|player|p2|G0dTier|170|\n|teamsize|p1|6\n|teamsize|p2|6\n|gen|9\n|tier|[Gen 9] Anything Goes\n|rule|HP Percentage Mod: HP is shown in percentages\n|rule|Endless Battle Clause: Forcing endless battles is banned\n|clearpoke\n|poke|p1|Clefable, F|\n|poke|p1|Glimmora, F|\n|poke|p1|Meowscarada, F|\n|poke|p1|Iron Moth|\n|poke|p1|Kommo-o, M|\n|poke|p1|Zapdos|\n|poke|p2|Dragapult, F|\n|poke|p2|Infernape, M|\n|poke|p2|Corviknight, F|\n|poke|p2|Ting-Lu|\n|poke|p2|Garganacl, F|\n|poke|p2|Torterra, F|\n|teampreview\n|\n|t:|1699142597\n|start\n|switch|p1a: W Boson|Meowscarada, F, shiny|100\/100\n|switch|p2a: Dragapult|Dragapult, F, shiny|100\/100\n|turn|1\n|\n|t:|1699142626\n|switch|p1a: Higgs|Clefable, F, shiny|100\/100\n|move|p2a: Dragapult|Flamethrower|p1a: Higgs\n|-damage|p1a: Higgs|61\/100\n|\n|upkeep\n|turn|2\n|\n|t:|1699142639\n|switch|p2a: Garganacl|Garganacl, F|100\/100\n|move|p1a: Higgs|Moonblast|p2a: Garganacl\n|-damage|p2a: Garganacl|69\/100\n|\n|-heal|p2a: Garganacl|75\/100|[from] item: Leftovers\n|upkeep\n|turn|3\n|\n|t:|1699142649\n|switch|p1a: W Boson|Meowscarada, F, shiny|100\/100\n|move|p2a: Garganacl|Salt Cure|p1a: W Boson\n|-crit|p1a: W Boson\n|-damage|p1a: W Boson|76\/100\n|-start|p1a: W Boson|Salt Cure\n|\n|-heal|p2a: Garganacl|82\/100|[from] item: Leftovers\n|-damage|p1a: W Boson|63\/100|[from] Salt Cure\n|upkeep\n|turn|4\n|\n|t:|1699142678\n|switch|p2a: Dragapult|Dragapult, F, shiny|100\/100\n|move|p1a: W Boson|Flower Trick|p2a: Dragapult\n|-start|p1a: W Boson|typechange|Grass|[from] ability: Protean\n|-resisted|p2a: Dragapult\n|-crit|p2a: Dragapult\n|-damage|p2a: Dragapult|70\/100\n|\n|-damage|p1a: W Boson|51\/100|[from] Salt Cure\n|upkeep\n|turn|5\n|\n|t:|1699142697\n|switch|p1a: Gluon|Glimmora, F, shiny|100\/100\n|-item|p1a: Gluon|Air Balloon\n|move|p2a: Dragapult|Flamethrower|p1a: Gluon\n|-resisted|p1a: Gluon\n|-damage|p1a: Gluon|75\/100\n|-enditem|p1a: Gluon|Air Balloon\n|\n|upkeep\n|turn|6\n|\n|t:|1699142712\n|switch|p2a: Corviknight|Corviknight, F, shiny|100\/100\n|-ability|p2a: Corviknight|Pressure\n|move|p1a: Gluon|Spikes|p2a: Corviknight\n|-sidestart|p2: G0dTier|Spikes\n|\n|upkeep\n|turn|7\n|\n|t:|1699142743\n|switch|p1a: Photon|Zapdos, shiny|100\/100\n|move|p2a: Corviknight|Iron Head|p1a: Photon\n|-resisted|p1a: Photon\n|-damage|p1a: Photon|85\/100\n|\n|upkeep\n|turn|8\n|\n|t:|1699142766\n|switch|p2a: Garganacl|Garganacl, F|82\/100\n|-damage|p2a: Garganacl|69\/100|[from] Spikes\n|move|p1a: Photon|Volt Switch|p2a: Garganacl\n|-damage|p2a: Garganacl|35\/100\n|\n|t:|1699142777\n|switch|p1a: W Boson|Meowscarada, F, shiny|51\/100|[from] Volt Switch\n|\n|-heal|p2a: Garganacl|41\/100|[from] item: Leftovers\n|upkeep\n|turn|9\n|\n|t:|1699142809\n|switch|p2a: Corviknight|Corviknight, F, shiny|100\/100\n|-ability|p2a: Corviknight|Pressure\n|move|p1a: W Boson|Flower Trick|p2a: Corviknight\n|-start|p1a: W Boson|typechange|Grass|[from] ability: Protean\n|-resisted|p2a: Corviknight\n|-crit|p2a: Corviknight\n|-damage|p2a: Corviknight|92\/100\n|\n|-heal|p2a: Corviknight|98\/100|[from] item: Leftovers\n|upkeep\n|turn|10\n|\n|t:|1699142827\n|switch|p1a: Photon|Zapdos, shiny|85\/100\n|move|p2a: Corviknight|Defog|p1a: Photon\n|-unboost|p1a: Photon|evasion|1\n|-sideend|p2: G0dTier|Spikes|[from] move: Defog|[of] p2a: Corviknight\n|\n|-heal|p2a: Corviknight|100\/100|[from] item: Leftovers\n|upkeep\n|turn|11\n|\n|t:|1699142851\n|switch|p2a: Dragapult|Dragapult, F, shiny|70\/100\n|move|p1a: Photon|Volt Switch|p2a: Dragapult\n|-resisted|p2a: Dragapult\n|-damage|p2a: Dragapult|43\/100\n|\n|t:|1699142862\n|switch|p1a: Higgs|Clefable, F, shiny|61\/100|[from] Volt Switch\n|\n|upkeep\n|turn|12\n|\n|t:|1699142874\n|move|p1a: Higgs|Protect|p1a: Higgs\n|-singleturn|p1a: Higgs|Protect\n|move|p2a: Dragapult|U-turn|p1a: Higgs\n|-activate|p1a: Higgs|move: Protect\n|\n|upkeep\n|turn|13\n|\n|t:|1699142890\n|move|p2a: Dragapult|U-turn|p1a: Higgs\n|-resisted|p1a: Higgs\n|-damage|p1a: Higgs|55\/100\n|\n|t:|1699142899\n|switch|p2a: Corviknight|Corviknight, F, shiny|100\/100|[from] U-turn\n|-ability|p2a: Corviknight|Pressure\n|move|p1a: Higgs|Baton Pass|p1a: Higgs\n|\n|t:|1699142905\n|switch|p1a: Photon|Zapdos, shiny|85\/100|[from] Baton Pass\n|\n|upkeep\n|turn|14\n|\n|t:|1699142925\n|switch|p2a: Torterra|Torterra, F|100\/100\n|move|p1a: Photon|Thunder Wave|p2a: Torterra\n|-immune|p2a: Torterra\n|\n|upkeep\n|turn|15\n|\n|t:|1699142970\n|move|p1a: Photon|Hurricane|p2a: Torterra|[miss]\n|-miss|p1a: Photon|p2a: Torterra\n|move|p2a: Torterra|Shell Smash|p2a: Torterra\n|-unboost|p2a: Torterra|def|1\n|-unboost|p2a: Torterra|spd|1\n|-boost|p2a: Torterra|atk|2\n|-boost|p2a: Torterra|spa|2\n|-boost|p2a: Torterra|spe|2\n|\n|upkeep\n|turn|16\n|\n|t:|1699142982\n|move|p2a: Torterra|Rock Blast|p1a: Photon\n|-supereffective|p1a: Photon\n|-damage|p1a: Photon|47\/100\n|-supereffective|p1a: Photon\n|-damage|p1a: Photon|9\/100\n|-supereffective|p1a: Photon\n|-damage|p1a: Photon|0 fnt\n|faint|p1a: Photon\n|-hitcount|p1: Photon|3\n|\n|upkeep\n|\n|t:|1699143218\n|switch|p1a: Graviton|Kommo-o, M, shiny|100\/100\n|turn|17\n|\n|t:|1699143249\n|move|p2a: Torterra|Headlong Rush|p1a: Graviton\n|-damage|p1a: Graviton|0 fnt\n|-unboost|p2a: Torterra|def|1\n|-unboost|p2a: Torterra|spd|1\n|faint|p1a: Graviton\n|\n|upkeep\n|\n|t:|1699143284\n|switch|p1a: Gluon|Glimmora, F, shiny|75\/100\n|turn|18\n|\n|t:|1699143319\n|move|p2a: Torterra|Headlong Rush|p1a: Gluon\n|-supereffective|p1a: Gluon\n|-damage|p1a: Gluon|0 fnt\n|-unboost|p2a: Torterra|def|1\n|-unboost|p2a: Torterra|spd|1\n|-activate|p1a: Gluon|ability: Toxic Debris\n|-sidestart|p2: G0dTier|move: Toxic Spikes\n|faint|p1a: Gluon\n|\n|upkeep\n|\n|t:|1699143338\n|switch|p1a: Higgs|Clefable, F, shiny|55\/100\n|turn|19\n|\n|t:|1699143352\n|move|p1a: Higgs|Protect|p1a: Higgs\n|-singleturn|p1a: Higgs|Protect\n|move|p2a: Torterra|Headlong Rush|p1a: Higgs\n|-activate|p1a: Higgs|move: Protect\n|\n|upkeep\n|turn|20\n|\n|t:|1699143366\n|move|p2a: Torterra|Headlong Rush|p1a: Higgs\n|-damage|p1a: Higgs|6\/100\n|-unboost|p2a: Torterra|def|1\n|-unboost|p2a: Torterra|spd|1\n|move|p1a: Higgs|Moonblast|p2a: Torterra\n|-damage|p2a: Torterra|63\/100\n|\n|upkeep\n|turn|21\n|\n|t:|1699143383\n|move|p1a: Higgs|Protect|p1a: Higgs\n|-singleturn|p1a: Higgs|Protect\n|move|p2a: Torterra|Rock Blast|p1a: Higgs\n|-activate|p1a: Higgs|move: Protect\n|\n|upkeep\n|turn|22\n|\n|t:|1699143391\n|move|p2a: Torterra|Rock Blast|p1a: Higgs\n|-damage|p1a: Higgs|0 fnt\n|faint|p1a: Higgs\n|-hitcount|p1: Higgs|1\n|\n|upkeep\n|\n|t:|1699143397\n|switch|p1a: W Boson|Meowscarada, F, shiny|51\/100\n|turn|23\n|\n|t:|1699143435\n|move|p1a: W Boson|U-turn|p2a: Torterra\n|-start|p1a: W Boson|typechange|Bug|[from] ability: Protean\n|-supereffective|p2a: Torterra\n|-damage|p2a: Torterra|0 fnt\n|faint|p2a: Torterra\n|\n|t:|1699143446\n|switch|p1a: Z Boson|Iron Moth, shiny|100\/100|[from] U-turn\n|\n|upkeep\n|\n|t:|1699143455\n|switch|p2a: Ting-Lu|Ting-Lu|100\/100\n|-status|p2a: Ting-Lu|psn\n|-ability|p2a: Ting-Lu|Vessel of Ruin\n|turn|24\n|\n|t:|1699143469\n|move|p1a: Z Boson|Energy Ball|p2a: Ting-Lu\n|-supereffective|p2a: Ting-Lu\n|-damage|p2a: Ting-Lu|67\/100 psn\n|move|p2a: Ting-Lu|Earthquake|p1a: Z Boson\n|-supereffective|p1a: Z Boson\n|-damage|p1a: Z Boson|0 fnt\n|faint|p1a: Z Boson\n|-end|p1a: Z Boson|Quark Drive|[silent]\n|\n|-heal|p2a: Ting-Lu|74\/100 psn|[from] item: Leftovers\n|-damage|p2a: Ting-Lu|61\/100 psn|[from] psn\n|upkeep\n|\n|t:|1699143481\n|switch|p1a: W Boson|Meowscarada, F, shiny|51\/100\n|turn|25\n|\n|t:|1699143491\n|move|p1a: W Boson|Flower Trick|p2a: Ting-Lu\n|-start|p1a: W Boson|typechange|Grass|[from] ability: Protean\n|-supereffective|p2a: Ting-Lu\n|-crit|p2a: Ting-Lu\n|-damage|p2a: Ting-Lu|9\/100 psn\n|move|p2a: Ting-Lu|Ruination|p1a: W Boson\n|-damage|p1a: W Boson|26\/100\n|\n|-heal|p2a: Ting-Lu|16\/100 psn|[from] item: Leftovers\n|-damage|p2a: Ting-Lu|3\/100 psn|[from] psn\n|upkeep\n|turn|26\n|\n|t:|1699143505\n|move|p1a: W Boson|Flower Trick|p2a: Ting-Lu\n|-supereffective|p2a: Ting-Lu\n|-crit|p2a: Ting-Lu\n|-damage|p2a: Ting-Lu|0 fnt\n|faint|p2a: Ting-Lu\n|\n|upkeep\n|\n|t:|1699143511\n|switch|p2a: Infernape|Infernape, M|100\/100\n|-status|p2a: Infernape|psn\n|turn|27\n|\n|t:|1699143522\n|move|p2a: Infernape|Mach Punch|p1a: W Boson\n|-damage|p1a: W Boson|0 fnt\n|faint|p1a: W Boson\n|\n|win|G0dTier\n","uploadtime":1699143558,"views":16,"p1id":"liquidsteelj","p2id":"g0dtier","formatid":"gen9anythinggoes","rating":0,"private":0,"password":""}