{"id":"gen9anythinggoes-1982767988","p1":"Xzhs","p2":"JustaRandomdud3","format":"[Gen 9] Anything Goes","log":"|j|\u2606Xzhs\n|j|\u2606JustaRandomdud3\n|t:|1699043016\n|gametype|singles\n|player|p1|Xzhs|koga|1000\n|player|p2|JustaRandomdud3|hilbert|1063\n|teamsize|p1|2\n|teamsize|p2|6\n|gen|9\n|tier|[Gen 9] Anything Goes\n|rated|\n|rule|HP Percentage Mod: HP is shown in percentages\n|rule|Endless Battle Clause: Forcing endless battles is banned\n|clearpoke\n|poke|p1|Zangoose, M|\n|poke|p1|Calyrex-Ice|\n|poke|p2|Clefairy, M|\n|poke|p2|Jirachi|\n|poke|p2|Diancie|\n|poke|p2|Manaphy|\n|poke|p2|Zoroark-Hisui, F|\n|poke|p2|Kingambit, M|\n|teampreview\n|\n|t:|1699043025\n|start\n|switch|p1a: Zangoose|Zangoose, M|100\/100\n|switch|p2a: Clefairy|Clefairy, M|100\/100\n|turn|1\n|\n|t:|1699043031\n|move|p1a: Zangoose|Agility|p1a: Zangoose\n|-boost|p1a: Zangoose|spe|2\n|move|p2a: Clefairy|Calm Mind|p2a: Clefairy\n|-boost|p2a: Clefairy|spa|1\n|-boost|p2a: Clefairy|spd|1\n|\n|upkeep\n|turn|2\n|\n|t:|1699043039\n|move|p1a: Zangoose|Belly Drum|p1a: Zangoose\n|-damage|p1a: Zangoose|51\/100\n|-setboost|p1a: Zangoose|atk|6|[from] move: Belly Drum\n|move|p2a: Clefairy|Wish|p2a: Clefairy\n|\n|upkeep\n|turn|3\n|\n|t:|1699043046\n|move|p1a: Zangoose|Baton Pass|p1a: Zangoose\n|\n|t:|1699043048\n|switch|p1a: Calyrex|Calyrex-Ice|100\/100|[from] Baton Pass\n|-ability|p1a: Calyrex|As One\n|-ability|p1a: Calyrex|Unnerve\n|move|p2a: Clefairy|Baton Pass|p2a: Clefairy\n|\n|t:|1699043056\n|switch|p2a: Kingambit|Kingambit, M|100\/100|[from] Baton Pass\n|-ability|p2a: Kingambit|Pressure\n|\n|upkeep\n|turn|4\n|\n|t:|1699043065\n|move|p2a: Kingambit|Protect|p2a: Kingambit\n|-singleturn|p2a: Kingambit|Protect\n|move|p1a: Calyrex|High Horsepower|p2a: Kingambit\n|-activate|p2a: Kingambit|move: Protect\n|\n|upkeep\n|turn|5\n|\n|t:|1699043073\n|move|p1a: Calyrex|High Horsepower|p2a: Kingambit\n|-supereffective|p2a: Kingambit\n|-damage|p2a: Kingambit|0 fnt\n|faint|p2a: Kingambit\n|\n|upkeep\n|\n|t:|1699043081\n|switch|p2a: Manaphy|Manaphy|100\/100\n|turn|6\n|\n|t:|1699043088\n|move|p1a: Calyrex|High Horsepower|p2a: Manaphy\n|-damage|p2a: Manaphy|0 fnt\n|faint|p2a: Manaphy\n|\n|upkeep\n|\n|t:|1699043094\n|switch|p2a: Clefairy|Clefairy, M|100\/100\n|turn|7\n|\n|t:|1699043098\n|move|p2a: Clefairy|Protect|p2a: Clefairy\n|-singleturn|p2a: Clefairy|Protect\n|move|p1a: Calyrex|Glacial Lance|p2a: Clefairy\n|-activate|p2a: Clefairy|move: Protect\n|\n|upkeep\n|turn|8\n|\n|t:|1699043105\n|move|p1a: Calyrex|Glacial Lance|p2a: Clefairy\n|-damage|p2a: Clefairy|0 fnt\n|faint|p2a: Clefairy\n|\n|upkeep\n|\n|t:|1699043120\n|switch|p2a: Jirachi|Jirachi|100\/100\n|turn|9\n|\n|t:|1699043127\n|move|p1a: Calyrex|High Horsepower|p2a: Jirachi\n|-supereffective|p2a: Jirachi\n|-damage|p2a: Jirachi|0 fnt\n|faint|p2a: Jirachi\n|\n|upkeep\n|\n|t:|1699043132\n|switch|p2a: Diancie|Diancie|100\/100\n|turn|10\n|\n|t:|1699043136\n|move|p1a: Calyrex|High Horsepower|p2a: Diancie\n|-damage|p2a: Diancie|0 fnt\n|replace|p2a: Zoroark|Zoroark-Hisui, F\n|-end|p2a: Zoroark|Illusion\n|faint|p2a: Zoroark\n|\n|upkeep\n|\n|t:|1699043138\n|switch|p2a: Diancie|Diancie|100\/100\n|turn|11\n|\n|t:|1699043142\n|move|p1a: Calyrex|High Horsepower|p2a: Diancie\n|-supereffective|p2a: Diancie\n|-damage|p2a: Diancie|0 fnt\n|faint|p2a: Diancie\n|\n|win|Xzhs\n|raw|Xzhs's rating: 1000 &rarr; <strong>1047<\/strong><br \/>(+47 for winning)\n|raw|JustaRandomdud3's rating: 1063 &rarr; <strong>1040<\/strong><br \/>(-23 for losing)\n","uploadtime":1699043153,"views":12,"p1id":"xzhs","p2id":"justarandomdud3","formatid":"gen9anythinggoes","rating":1040,"private":0,"password":""}