{"id":"gen9anythinggoes-1974669328","p1":"DaAsomeGgengar","p2":"IamrandomElement","format":"[Gen 9] Anything Goes","log":"|j|\u2606DaAsomeGgengar\n|j|\u2606IamrandomElement\n|t:|1698108639\n|gametype|singles\n|player|p1|DaAsomeGgengar|ingo|1132\n|player|p2|IamrandomElement|101|1074\n|teamsize|p1|6\n|teamsize|p2|6\n|gen|9\n|tier|[Gen 9] Anything Goes\n|rated|\n|rule|HP Percentage Mod: HP is shown in percentages\n|rule|Endless Battle Clause: Forcing endless battles is banned\n|clearpoke\n|poke|p1|Groudon|\n|poke|p1|Toxapex, F|\n|poke|p1|Ogerpon-Cornerstone, F|\n|poke|p1|Ogerpon-Wellspring, F|\n|poke|p1|Ogerpon, F|\n|poke|p1|Palafin, F|\n|poke|p2|Charizard, M|\n|poke|p2|Zamazenta-*|\n|poke|p2|Maushold-Four|\n|poke|p2|Garchomp, M|\n|poke|p2|Zacian-*|\n|poke|p2|Annihilape, M|\n|teampreview\n|c|\u2606DaAsomeGgengar|ogre team\n|c|\u2606IamrandomElement|glhf\n|\n|t:|1698108657\n|start\n|switch|p1a: fin|Palafin, F, shiny|100\/100\n|switch|p2a: Annihigape|Annihilape, M, shiny|100\/100\n|turn|1\n|\n|t:|1698108665\n|move|p1a: fin|Flip Turn|p2a: Annihigape\n|-damage|p2a: Annihigape|78\/100\n|\n|t:|1698108668\n|detailschange|p1a: fin|Palafin-Hero, F, shiny\n|switch|p1a: don creege|Groudon|100\/100|[from] Flip Turn\n|-weather|SunnyDay|[from] ability: Drought|[of] p1a: don creege\n|move|p2a: Annihigape|Bulk Up|p2a: Annihigape\n|-boost|p2a: Annihigape|atk|1\n|-boost|p2a: Annihigape|def|1\n|\n|-weather|SunnyDay|[upkeep]\n|-heal|p2a: Annihigape|84\/100|[from] item: Leftovers\n|upkeep\n|turn|2\n|j| Beabadoobees\n|l| Beabadoobees\n|\n|t:|1698108679\n|move|p2a: Annihigape|Rage Fist|p1a: don creege\n|-damage|p1a: don creege|63\/100\n|move|p1a: don creege|Stealth Rock|p2a: Annihigape\n|-sidestart|p2: IamrandomElement|move: Stealth Rock\n|\n|-weather|SunnyDay|[upkeep]\n|-heal|p2a: Annihigape|90\/100|[from] item: Leftovers\n|upkeep\n|turn|3\n|\n|t:|1698108691\n|switch|p1a: ogre|Ogerpon, F|100\/100\n|move|p2a: Annihigape|Drain Punch|p1a: ogre\n|-damage|p1a: ogre|34\/100\n|-heal|p2a: Annihigape|100\/100|[from] drain|[of] p1a: ogre\n|\n|-weather|SunnyDay|[upkeep]\n|-heal|p1a: ogre|40\/100|[from] item: Leftovers\n|upkeep\n|turn|4\n|\n|t:|1698108699\n|move|p1a: ogre|Spikes|p2a: Annihigape\n|-sidestart|p2: IamrandomElement|Spikes\n|move|p2a: Annihigape|Bulk Up|p2a: Annihigape\n|-boost|p2a: Annihigape|atk|1\n|-boost|p2a: Annihigape|def|1\n|\n|-weather|SunnyDay|[upkeep]\n|-heal|p1a: ogre|46\/100|[from] item: Leftovers\n|upkeep\n|turn|5\n|\n|t:|1698108709\n|move|p1a: ogre|Solar Blade||[still]\n|-prepare|p1a: ogre|Solar Blade\n|-anim|p1a: ogre|Solar Blade|p2a: Annihigape\n|-damage|p2a: Annihigape|69\/100\n|move|p2a: Annihigape|Bulk Up|p2a: Annihigape\n|-boost|p2a: Annihigape|atk|1\n|-boost|p2a: Annihigape|def|1\n|\n|-weather|none\n|-heal|p1a: ogre|52\/100|[from] item: Leftovers\n|-heal|p2a: Annihigape|75\/100|[from] item: Leftovers\n|upkeep\n|turn|6\n|\n|t:|1698108720\n|move|p1a: ogre|Play Rough|p2a: Annihigape\n|-supereffective|p2a: Annihigape\n|-damage|p2a: Annihigape|52\/100\n|move|p2a: Annihigape|Drain Punch|p1a: ogre\n|-damage|p1a: ogre|0 fnt\n|-heal|p2a: Annihigape|70\/100|[from] drain|[of] p1a: ogre\n|faint|p1a: ogre\n|\n|-heal|p2a: Annihigape|77\/100|[from] item: Leftovers\n|upkeep\n|\n|t:|1698108729\n|switch|p1a: Toxapex|Toxapex, F|100\/100\n|turn|7\n|\n|t:|1698108735\n|move|p2a: Annihigape|Bulk Up|p2a: Annihigape\n|-boost|p2a: Annihigape|atk|1\n|-boost|p2a: Annihigape|def|1\n|move|p1a: Toxapex|Toxic Spikes|p2a: Annihigape\n|-sidestart|p2: IamrandomElement|move: Toxic Spikes\n|\n|-heal|p2a: Annihigape|83\/100|[from] item: Leftovers\n|upkeep\n|turn|8\n|\n|t:|1698108742\n|move|p2a: Annihigape|Bulk Up|p2a: Annihigape\n|-boost|p2a: Annihigape|atk|1\n|-boost|p2a: Annihigape|def|1\n|move|p1a: Toxapex|Toxic Spikes|p2a: Annihigape\n|-sidestart|p2: IamrandomElement|move: Toxic Spikes\n|\n|-heal|p2a: Annihigape|89\/100|[from] item: Leftovers\n|upkeep\n|turn|9\n|\n|t:|1698108750\n|switch|p1a: fin|Palafin-Hero, F, shiny|100\/100\n|-activate|p1a: fin|ability: Zero to Hero\n|move|p2a: Annihigape|Drain Punch|p1a: fin\n|-damage|p1a: fin|0 fnt\n|-heal|p2a: Annihigape|100\/100|[from] drain|[of] p1a: fin\n|faint|p1a: fin\n|\n|upkeep\n|\n|t:|1698108761\n|switch|p1a: ogre|Ogerpon-Wellspring, F|100\/100\n|turn|10\n|\n|t:|1698108764\n|move|p1a: ogre|Knock Off|p2a: Annihigape\n|-damage|p2a: Annihigape|89\/100\n|-enditem|p2a: Annihigape|Leftovers|[from] move: Knock Off|[of] p1a: ogre\n|move|p2a: Annihigape|Bulk Up|p2a: Annihigape\n|-boost|p2a: Annihigape|atk|1\n|-boost|p2a: Annihigape|def|1\n|\n|upkeep\n|turn|11\n|\n|t:|1698108773\n|move|p1a: ogre|Knock Off|p2a: Annihigape\n|-damage|p2a: Annihigape|82\/100\n|move|p2a: Annihigape|Drain Punch|p1a: ogre\n|-damage|p1a: ogre|0 fnt\n|-heal|p2a: Annihigape|100\/100|[from] drain|[of] p1a: ogre\n|faint|p1a: ogre\n|\n|upkeep\n|\n|t:|1698108782\n|switch|p1a: don creege|Groudon|63\/100\n|-weather|SunnyDay|[from] ability: Drought|[of] p1a: don creege\n|turn|12\n|\n|t:|1698108787\n|move|p2a: Annihigape|Rage Fist|p1a: don creege\n|-damage|p1a: don creege|0 fnt\n|faint|p1a: don creege\n|\n|-weather|SunnyDay|[upkeep]\n|upkeep\n|\n|t:|1698108791\n|switch|p1a: ogre|Ogerpon-Cornerstone, F|100\/100\n|turn|13\n|\n|t:|1698108801\n|move|p1a: ogre|Energy Ball|p2a: Annihigape\n|-damage|p2a: Annihigape|85\/100\n|move|p2a: Annihigape|Rage Fist|p1a: ogre\n|-ability|p1a: ogre|Sturdy\n|-damage|p1a: ogre|1\/100\n|\n|-weather|SunnyDay|[upkeep]\n|upkeep\n|turn|14\n|\n|t:|1698108811\n|move|p1a: ogre|Energy Ball|p2a: Annihigape\n|-damage|p2a: Annihigape|69\/100\n|move|p2a: Annihigape|Drain Punch|p1a: ogre\n|-supereffective|p1a: ogre\n|-damage|p1a: ogre|0 fnt\n|-heal|p2a: Annihigape|69\/100|[from] drain|[of] p1a: ogre\n|faint|p1a: ogre\n|\n|-weather|SunnyDay|[upkeep]\n|upkeep\n|c|\u2606DaAsomeGgengar|anialape the goat\n|\n|t:|1698108830\n|switch|p1a: Toxapex|Toxapex, F|100\/100\n|turn|15\n|c|\u2606IamrandomElement|indeed\n|\n|t:|1698108840\n|move|p1a: Toxapex|Baneful Bunker|p1a: Toxapex\n|-singleturn|p1a: Toxapex|move: Protect\n|move|p2a: Annihigape|Rage Fist|p1a: Toxapex\n|-activate|p1a: Toxapex|move: Protect\n|-status|p2a: Annihigape|psn\n|\n|-weather|SunnyDay|[upkeep]\n|-damage|p2a: Annihigape|56\/100 psn|[from] psn\n|upkeep\n|turn|16\n|\n|t:|1698108854\n|move|p2a: Annihigape|Rage Fist|p1a: Toxapex\n|-damage|p1a: Toxapex|0 fnt\n|faint|p1a: Toxapex\n|\n|win|IamrandomElement\n|raw|DaAsomeGgengar's rating: 1132 &rarr; <strong>1103<\/strong><br \/>(-29 for losing)\n|raw|IamrandomElement's rating: 1074 &rarr; <strong>1108<\/strong><br \/>(+34 for winning)\n|l|\u2606DaAsomeGgengar\n|c|\u2606IamrandomElement|gg\n","uploadtime":1698108897,"views":10,"p1id":"daasomeggengar","p2id":"iamrandomelement","formatid":"gen9anythinggoes","rating":1103,"private":0,"password":""}