{"id":"gen9anythinggoes-2000109948","p1":"baby keeem","p2":"Cyberwolf77","format":"[Gen 9] Anything Goes","log":"|j|\u2606baby keeem\n|j|\u2606Cyberwolf77\n|t:|1701156613\n|gametype|singles\n|player|p1|baby keeem|dawn|1382\n|player|p2|Cyberwolf77|101|1293\n|teamsize|p1|6\n|teamsize|p2|6\n|gen|9\n|tier|[Gen 9] Anything Goes\n|rated|\n|rule|HP Percentage Mod: HP is shown in percentages\n|rule|Endless Battle Clause: Forcing endless battles is banned\n|clearpoke\n|poke|p1|Zacian-*|\n|poke|p1|Zacian-*|\n|poke|p1|Zacian-*|\n|poke|p1|Zacian-*|\n|poke|p1|Zacian-*|\n|poke|p1|Calyrex-Shadow|\n|poke|p2|Glimmora, M|\n|poke|p2|Ribombee, M|\n|poke|p2|Calyrex-Shadow|\n|poke|p2|Arceus|\n|poke|p2|Shaymin-Sky|\n|poke|p2|Zacian-*|\n|teampreview\n|inactive|Battle timer is ON: inactive players will automatically lose when time's up. (requested by baby keeem)\n|c|\u2606baby keeem|ur fucking dead \ud83d\ude2d\n|\n|t:|1701156627\n|start\n|switch|p1a: Zacian|Zacian-Crowned|100\/100\n|switch|p2a: Ribombee|Ribombee, M|100\/100\n|-ability|p1a: Zacian|Intrepid Sword|boost\n|-boost|p1a: Zacian|atk|1\n|turn|1\n|\n|t:|1701156635\n|move|p1a: Zacian|Behemoth Blade|p2a: Ribombee\n|-supereffective|p2a: Ribombee\n|-enditem|p2a: Ribombee|Focus Sash\n|-damage|p2a: Ribombee|1\/100\n|move|p2a: Ribombee|Quiver Dance|p2a: Ribombee\n|-boost|p2a: Ribombee|spa|1\n|-boost|p2a: Ribombee|spd|1\n|-boost|p2a: Ribombee|spe|1\n|\n|upkeep\n|turn|2\n|c|\u2606baby keeem|no web?\n|\n|t:|1701156646\n|move|p1a: Zacian|Quick Attack|p2a: Ribombee\n|-damage|p2a: Ribombee|0 fnt\n|faint|p2a: Ribombee\n|\n|upkeep\n|\n|t:|1701156659\n|switch|p2a: Calyrex|Calyrex-Shadow|100\/100\n|-ability|p2a: Calyrex|As One\n|-ability|p2a: Calyrex|Unnerve\n|turn|3\n|\n|t:|1701156668\n|move|p2a: Calyrex|Astral Barrage|p1a: Zacian\n|-damage|p1a: Zacian|28\/100\n|move|p1a: Zacian|Crunch|p2a: Calyrex\n|-supereffective|p2a: Calyrex\n|-damage|p2a: Calyrex|0 fnt\n|faint|p2a: Calyrex\n|\n|upkeep\n|c|\u2606baby keeem|lmao\n|c|\u2606baby keeem|was that a scarf caly?\n|\n|t:|1701156684\n|switch|p2a: Arceus|Arceus|100\/100\n|turn|4\n|\n|t:|1701156689\n|move|p1a: Zacian|Behemoth Blade|p2a: Arceus\n|-damage|p2a: Arceus|38\/100\n|move|p2a: Arceus|Swords Dance|p2a: Arceus\n|-boost|p2a: Arceus|atk|2\n|\n|upkeep\n|turn|5\n|\n|t:|1701156697\n|switch|p1a: Ye (Berserker)|Calyrex-Shadow|100\/100\n|-ability|p1a: Ye (Berserker)|As One\n|-ability|p1a: Ye (Berserker)|Unnerve\n|move|p2a: Arceus|Extreme Speed|p1a: Ye (Berserker)\n|-immune|p1a: Ye (Berserker)\n|\n|upkeep\n|turn|6\n|\n|t:|1701156707\n|move|p1a: Ye (Berserker)|Psyshock|p2a: Arceus\n|-damage|p2a: Arceus|0 fnt\n|faint|p2a: Arceus\n|-ability|p1a: Ye (Berserker)|Grim Neigh|boost\n|-boost|p1a: Ye (Berserker)|spa|1\n|\n|upkeep\n|-message|Cyberwolf77 forfeited.\n|\n|win|baby keeem\n|raw|baby keeem's rating: 1382 &rarr; <strong>1397<\/strong><br \/>(+15 for winning)\n|raw|Cyberwolf77's rating: 1293 &rarr; <strong>1274<\/strong><br \/>(-19 for losing)\n|l|\u2606Cyberwolf77\n","uploadtime":1701156626,"views":7,"p1id":"babykeeem","p2id":"cyberwolf77","formatid":"gen9anythinggoes","rating":1274,"private":0,"password":""}