{"id":"gen9anythinggoes-1975890842","p1":"2937sentia.in","p2":"BillyHerringtonOwO","format":"[Gen 9] Anything Goes","log":"|j|\u26062937sentia.in\n|j|\u2606BillyHerringtonOwO\n|t:|1698246957\n|gametype|singles\n|player|p1|2937sentia.in|youngster-gen4dp|1456\n|player|p2|BillyHerringtonOwO|crasherwake|1434\n|teamsize|p1|6\n|teamsize|p2|6\n|gen|9\n|tier|[Gen 9] Anything Goes\n|rated|\n|rule|HP Percentage Mod: HP is shown in percentages\n|rule|Endless Battle Clause: Forcing endless battles is banned\n|clearpoke\n|poke|p1|Zacian-*|\n|poke|p1|Zacian-*|\n|poke|p1|Calyrex-Shadow|\n|poke|p1|Miraidon|\n|poke|p1|Arceus|\n|poke|p1|Kyogre|\n|poke|p2|Espeon, F|\n|poke|p2|Gliscor, F|\n|poke|p2|Dialga|\n|poke|p2|Tyranitar, M|\n|poke|p2|Regieleki|\n|poke|p2|Quagsire, F|\n|teampreview\n|inactive|Battle timer is ON: inactive players will automatically lose when time's up. (requested by 2937sentia.in)\n|\n|t:|1698246969\n|start\n|switch|p1a: Zacian|Zacian-Crowned|100\/100\n|switch|p2a: Quagsire|Quagsire, F|100\/100\n|-ability|p1a: Zacian|Intrepid Sword|boost\n|-boost|p1a: Zacian|atk|1\n|turn|1\n|\n|t:|1698246977\n|move|p1a: Zacian|Behemoth Blade|p2a: Quagsire\n|-resisted|p2a: Quagsire\n|-damage|p2a: Quagsire|73\/100\n|move|p2a: Quagsire|Yawn|p1a: Zacian\n|-start|p1a: Zacian|move: Yawn|[of] p2a: Quagsire\n|\n|-heal|p2a: Quagsire|79\/100|[from] item: Leftovers\n|upkeep\n|turn|2\n|\n|t:|1698246986\n|move|p1a: Zacian|Behemoth Blade|p2a: Quagsire\n|-resisted|p2a: Quagsire\n|-damage|p2a: Quagsire|48\/100\n|move|p2a: Quagsire|Toxic Spikes|p1a: Zacian\n|-sidestart|p1: 2937sentia.in|move: Toxic Spikes\n|\n|-heal|p2a: Quagsire|55\/100|[from] item: Leftovers\n|-end|p1a: Zacian|move: Yawn|[silent]\n|-status|p1a: Zacian|slp\n|upkeep\n|turn|3\n|\n|t:|1698246995\n|switch|p1a: Arceus|Arceus|100\/100\n|-status|p1a: Arceus|psn\n|move|p2a: Quagsire|Toxic Spikes|p1a: Arceus\n|-sidestart|p1: 2937sentia.in|move: Toxic Spikes\n|\n|-heal|p2a: Quagsire|61\/100|[from] item: Leftovers\n|-damage|p1a: Arceus|88\/100 psn|[from] psn\n|upkeep\n|turn|4\n|\n|t:|1698247007\n|move|p1a: Arceus|Draco Meteor|p2a: Quagsire|[miss]\n|-miss|p1a: Arceus|p2a: Quagsire\n|move|p2a: Quagsire|Drain Punch|p1a: Arceus\n|-supereffective|p1a: Arceus\n|-damage|p1a: Arceus|68\/100 psn\n|-heal|p2a: Quagsire|72\/100|[from] drain|[of] p1a: Arceus\n|\n|-heal|p1a: Arceus|74\/100 psn|[from] item: Leftovers\n|-heal|p2a: Quagsire|78\/100|[from] item: Leftovers\n|-damage|p1a: Arceus|62\/100 psn|[from] psn\n|upkeep\n|turn|5\n|\n|t:|1698247019\n|move|p1a: Arceus|Draco Meteor|p2a: Quagsire\n|-damage|p2a: Quagsire|49\/100\n|-unboost|p1a: Arceus|spa|2\n|move|p2a: Quagsire|Drain Punch|p1a: Arceus\n|-supereffective|p1a: Arceus\n|-damage|p1a: Arceus|42\/100 psn\n|-heal|p2a: Quagsire|60\/100|[from] drain|[of] p1a: Arceus\n|\n|-heal|p1a: Arceus|48\/100 psn|[from] item: Leftovers\n|-heal|p2a: Quagsire|66\/100|[from] item: Leftovers\n|-damage|p1a: Arceus|36\/100 psn|[from] psn\n|upkeep\n|turn|6\n|\n|t:|1698247030\n|move|p1a: Arceus|Judgment|p2a: Quagsire\n|-damage|p2a: Quagsire|28\/100\n|move|p2a: Quagsire|Drain Punch|p1a: Arceus\n|-supereffective|p1a: Arceus\n|-damage|p1a: Arceus|16\/100 psn\n|-heal|p2a: Quagsire|39\/100|[from] drain|[of] p1a: Arceus\n|\n|-heal|p1a: Arceus|23\/100 psn|[from] item: Leftovers\n|-heal|p2a: Quagsire|45\/100|[from] item: Leftovers\n|-damage|p1a: Arceus|10\/100 psn|[from] psn\n|upkeep\n|turn|7\n|\n|t:|1698247042\n|switch|p2a: Dialga|Dialga|100\/100\n|-ability|p2a: Dialga|Pressure\n|move|p1a: Arceus|Judgment|p2a: Dialga\n|-resisted|p2a: Dialga\n|-damage|p2a: Dialga|92\/100\n|\n|-heal|p1a: Arceus|16\/100 psn|[from] item: Leftovers\n|-damage|p1a: Arceus|4\/100 psn|[from] psn\n|upkeep\n|turn|8\n|\n|t:|1698247052\n|move|p2a: Dialga|Protect|p2a: Dialga\n|-singleturn|p2a: Dialga|Protect\n|move|p1a: Arceus|Draco Meteor|p2a: Dialga\n|-activate|p2a: Dialga|move: Protect\n|\n|-heal|p1a: Arceus|10\/100 psn|[from] item: Leftovers\n|-damage|p1a: Arceus|0 fnt|[from] psn\n|faint|p1a: Arceus\n|upkeep\n|\n|t:|1698247063\n|switch|p1a: Miraidon|Miraidon|100\/100\n|-status|p1a: Miraidon|tox\n|-fieldstart|move: Electric Terrain|[from] ability: Hadron Engine|[of] p1a: Miraidon\n|turn|9\n|\n|t:|1698247069\n|move|p1a: Miraidon|Draco Meteor|p2a: Dialga\n|-damage|p2a: Dialga|11\/100\n|-unboost|p1a: Miraidon|spa|2\n|move|p2a: Dialga|Draco Meteor|p1a: Miraidon\n|-supereffective|p1a: Miraidon\n|-enditem|p1a: Miraidon|Focus Sash\n|-damage|p1a: Miraidon|1\/100 tox\n|-unboost|p2a: Dialga|spa|2\n|\n|-damage|p1a: Miraidon|0 fnt|[from] psn\n|faint|p1a: Miraidon\n|upkeep\n|\n|t:|1698247087\n|switch|p1a: Zacian|Zacian-Crowned|100\/100 slp\n|turn|10\n|\n|t:|1698247095\n|switch|p2a: Espeon|Espeon, F|100\/100\n|cant|p1a: Zacian|slp\n|\n|upkeep\n|turn|11\n|\n|t:|1698247113\n|switch|p2a: Gliscor|Gliscor, F|100\/100\n|cant|p1a: Zacian|slp\n|\n|-status|p2a: Gliscor|tox|[from] item: Toxic Orb\n|upkeep\n|turn|12\n|\n|t:|1698247122\n|cant|p1a: Zacian|slp\n|move|p2a: Gliscor|Earthquake|p1a: Zacian\n|-supereffective|p1a: Zacian\n|-damage|p1a: Zacian|34\/100 slp\n|\n|upkeep\n|turn|13\n|\n|t:|1698247128\n|-curestatus|p1a: Zacian|slp|[msg]\n|move|p1a: Zacian|Behemoth Blade|p2a: Gliscor\n|-damage|p2a: Gliscor|68\/100 tox\n|move|p2a: Gliscor|Earthquake|p1a: Zacian\n|-supereffective|p1a: Zacian\n|-damage|p1a: Zacian|0 fnt\n|faint|p1a: Zacian\n|\n|-heal|p2a: Gliscor|81\/100 tox|[from] ability: Poison Heal\n|-fieldend|move: Electric Terrain\n|upkeep\n|\n|t:|1698247138\n|switch|p1a: Kyogre|Kyogre|100\/100\n|-status|p1a: Kyogre|tox\n|-weather|RainDance|[from] ability: Drizzle|[of] p1a: Kyogre\n|turn|14\n|\n|t:|1698247148\n|switch|p2a: Tyranitar|Tyranitar, M|100\/100\n|-weather|Sandstorm|[from] ability: Sand Stream|[of] p2a: Tyranitar\n|move|p1a: Kyogre|Ice Beam|p2a: Tyranitar\n|-damage|p2a: Tyranitar|87\/100\n|\n|-weather|Sandstorm|[upkeep]\n|-damage|p1a: Kyogre|94\/100 tox|[from] Sandstorm\n|-heal|p1a: Kyogre|100\/100 tox|[from] item: Leftovers\n|-heal|p2a: Tyranitar|93\/100|[from] item: Leftovers\n|-damage|p1a: Kyogre|94\/100 tox|[from] psn\n|upkeep\n|turn|15\n|\n|t:|1698247161\n|move|p1a: Kyogre|Water Spout|p2a: Tyranitar\n|-supereffective|p2a: Tyranitar\n|-damage|p2a: Tyranitar|29\/100\n|move|p2a: Tyranitar|Knock Off|p1a: Kyogre\n|-damage|p1a: Kyogre|49\/100 tox\n|-enditem|p1a: Kyogre|Leftovers|[from] move: Knock Off|[of] p2a: Tyranitar\n|\n|-weather|Sandstorm|[upkeep]\n|-damage|p1a: Kyogre|43\/100 tox|[from] Sandstorm\n|-heal|p2a: Tyranitar|35\/100|[from] item: Leftovers\n|-damage|p1a: Kyogre|31\/100 tox|[from] psn\n|upkeep\n|turn|16\n|\n|t:|1698247173\n|move|p1a: Kyogre|Origin Pulse|p2a: Tyranitar\n|-supereffective|p2a: Tyranitar\n|-damage|p2a: Tyranitar|0 fnt\n|faint|p2a: Tyranitar\n|\n|-weather|Sandstorm|[upkeep]\n|-damage|p1a: Kyogre|25\/100 tox|[from] Sandstorm\n|-damage|p1a: Kyogre|6\/100 tox|[from] psn\n|upkeep\n|\n|t:|1698247180\n|switch|p2a: Espeon|Espeon, F|100\/100\n|turn|17\n|\n|t:|1698247186\n|move|p2a: Espeon|Trick|p1a: Kyogre\n|-activate|p2a: Espeon|move: Trick|[of] p1a: Kyogre\n|-item|p1a: Kyogre|Choice Scarf|[from] move: Trick\n|-enditem|p2a: Espeon|Choice Scarf|[silent]|[from] move: Trick\n|move|p1a: Kyogre|Origin Pulse|p2a: Espeon\n|-damage|p2a: Espeon|23\/100\n|\n|-weather|Sandstorm|[upkeep]\n|-damage|p1a: Kyogre|0 fnt|[from] Sandstorm\n|-damage|p2a: Espeon|17\/100|[from] Sandstorm\n|faint|p1a: Kyogre\n|upkeep\n|\n|t:|1698247196\n|switch|p1a: Calyrex|Calyrex-Shadow|100\/100\n|-ability|p1a: Calyrex|As One\n|-ability|p1a: Calyrex|Unnerve\n|-status|p1a: Calyrex|tox\n|turn|18\n|\n|t:|1698247218\n|move|p1a: Calyrex|Astral Barrage|p2a: Espeon\n|-supereffective|p2a: Espeon\n|-crit|p2a: Espeon\n|-damage|p2a: Espeon|0 fnt\n|faint|p2a: Espeon\n|-ability|p1a: Calyrex|Grim Neigh|boost\n|-boost|p1a: Calyrex|spa|1\n|\n|-weather|none\n|-damage|p1a: Calyrex|94\/100 tox|[from] psn\n|upkeep\n|\n|t:|1698247222\n|switch|p2a: Quagsire|Quagsire, F|45\/100\n|turn|19\n|\n|t:|1698247229\n|move|p1a: Calyrex|Astral Barrage|p2a: Quagsire\n|-damage|p2a: Quagsire|0 fnt\n|faint|p2a: Quagsire\n|-ability|p1a: Calyrex|Grim Neigh|boost\n|-boost|p1a: Calyrex|spa|1\n|\n|-damage|p1a: Calyrex|82\/100 tox|[from] psn\n|upkeep\n|\n|t:|1698247235\n|switch|p2a: Regieleki|Regieleki|100\/100\n|turn|20\n|\n|t:|1698247241\n|move|p1a: Calyrex|Astral Barrage|p2a: Regieleki\n|-enditem|p2a: Regieleki|Focus Sash\n|-damage|p2a: Regieleki|1\/100\n|move|p2a: Regieleki|Volt Switch|p1a: Calyrex\n|-damage|p1a: Calyrex|41\/100 tox\n|\n|t:|1698247249\n|switch|p2a: Gliscor|Gliscor, F|81\/100 tox|[from] Volt Switch\n|\n|-damage|p1a: Calyrex|22\/100 tox|[from] psn\n|-heal|p2a: Gliscor|93\/100 tox|[from] ability: Poison Heal\n|upkeep\n|turn|21\n|\n|t:|1698247258\n|-terastallize|p2a: Gliscor|Water\n|move|p1a: Calyrex|Astral Barrage|p2a: Gliscor\n|-damage|p2a: Gliscor|0 fnt\n|faint|p2a: Gliscor\n|-ability|p1a: Calyrex|Grim Neigh|boost\n|-boost|p1a: Calyrex|spa|1\n|\n|-damage|p1a: Calyrex|0 fnt|[from] psn\n|faint|p1a: Calyrex\n|upkeep\n|\n|t:|1698247268\n|switch|p1a: Zacian|Zacian-Crowned|100\/100\n|switch|p2a: Regieleki|Regieleki|1\/100\n|-ability|p1a: Zacian|Intrepid Sword|boost\n|-boost|p1a: Zacian|atk|1\n|turn|22\n|\n|t:|1698247274\n|move|p2a: Regieleki|Explosion|p1a: Zacian\n|-resisted|p1a: Zacian\n|-damage|p1a: Zacian|65\/100\n|faint|p2a: Regieleki\n|move|p1a: Zacian|Air Slash|p2: Regieleki|[notarget]\n|-fail|p1a: Zacian\n|\n|upkeep\n|\n|t:|1698247277\n|switch|p2a: Dialga|Dialga|11\/100\n|-ability|p2a: Dialga|Pressure\n|turn|23\n|\n|t:|1698247285\n|move|p1a: Zacian|Sacred Sword|p2a: Dialga\n|-supereffective|p2a: Dialga\n|-damage|p2a: Dialga|0 fnt\n|faint|p2a: Dialga\n|\n|win|2937sentia.in\n|raw|2937sentia.in's rating: 1456 &rarr; <strong>1475<\/strong><br \/>(+19 for winning)\n|raw|BillyHerringtonOwO's rating: 1434 &rarr; <strong>1415<\/strong><br \/>(-19 for losing)\n|l|\u2606BillyHerringtonOwO\n","uploadtime":1698247296,"views":5,"p1id":"2937sentiain","p2id":"billyherringtonowo","formatid":"gen9anythinggoes","rating":1415,"private":0,"password":""}