{"id":"gen9anythinggoes-1987458140","p1":"goalkeeper001","p2":"Kayleb1718","format":"[Gen 9] Anything Goes","log":"|j|\u2606goalkeeper001\n|j|\u2606Kayleb1718\n|t:|1699594688\n|gametype|singles\n|player|p1|goalkeeper001|firebreather|1297\n|player|p2|Kayleb1718|lucas-gen4pt|1437\n|teamsize|p1|6\n|teamsize|p2|6\n|gen|9\n|tier|[Gen 9] Anything Goes\n|rated|\n|rule|HP Percentage Mod: HP is shown in percentages\n|rule|Endless Battle Clause: Forcing endless battles is banned\n|clearpoke\n|poke|p1|Zacian-*|\n|poke|p1|Fezandipiti, M|\n|poke|p1|Baxcalibur, M|\n|poke|p1|Maushold-Four|\n|poke|p1|Calyrex-Shadow|\n|poke|p1|Groudon|\n|poke|p2|Zacian-*|\n|poke|p2|Calyrex-Shadow|\n|poke|p2|Urshifu-*, M|\n|poke|p2|Kingambit, F|\n|poke|p2|Miraidon|\n|poke|p2|Arceus-Fire|\n|teampreview\n|inactive|Battle timer is ON: inactive players will automatically lose when time's up. (requested by goalkeeper001)\n|\n|t:|1699594697\n|start\n|switch|p1a: Fezandipiti|Fezandipiti, M|100\/100\n|switch|p2a: Arceus|Arceus-Fire|100\/100\n|turn|1\n|\n|t:|1699594702\n|move|p2a: Arceus|Stealth Rock|p1a: Fezandipiti\n|-sidestart|p1: goalkeeper001|move: Stealth Rock\n|move|p1a: Fezandipiti|Beat Up|p2a: Arceus\n|-damage|p2a: Arceus|98\/100\n|-status|p2a: Arceus|tox|[from] ability: Toxic Chain|[of] p1a: Fezandipiti\n|-damage|p2a: Arceus|93\/100 tox\n|-damage|p2a: Arceus|89\/100 tox\n|-damage|p2a: Arceus|86\/100 tox\n|-damage|p2a: Arceus|83\/100 tox\n|-damage|p2a: Arceus|78\/100 tox\n|-hitcount|p2a: Arceus|6\n|\n|-damage|p2a: Arceus|72\/100 tox|[from] psn\n|upkeep\n|turn|2\n|\n|t:|1699594718\n|move|p2a: Arceus|Extreme Speed|p1a: Fezandipiti\n|-damage|p1a: Fezandipiti|72\/100\n|move|p1a: Fezandipiti|Beat Up|p2a: Arceus\n|-damage|p2a: Arceus|69\/100 tox\n|-damage|p2a: Arceus|65\/100 tox\n|-damage|p2a: Arceus|61\/100 tox\n|-damage|p2a: Arceus|58\/100 tox\n|-damage|p2a: Arceus|55\/100 tox\n|-damage|p2a: Arceus|50\/100 tox\n|-hitcount|p2a: Arceus|6\n|\n|-damage|p2a: Arceus|38\/100 tox|[from] psn\n|upkeep\n|turn|3\n|\n|t:|1699594734\n|switch|p1a: Calyrex|Calyrex-Shadow|100\/100\n|-ability|p1a: Calyrex|As One\n|-ability|p1a: Calyrex|Unnerve\n|-damage|p1a: Calyrex|88\/100|[from] Stealth Rock\n|move|p2a: Arceus|Extreme Speed|p1a: Calyrex\n|-immune|p1a: Calyrex\n|\n|-damage|p2a: Arceus|20\/100 tox|[from] psn\n|upkeep\n|turn|4\n|\n|t:|1699594743\n|move|p1a: Calyrex|Astral Barrage|p2a: Arceus\n|-damage|p2a: Arceus|0 fnt\n|faint|p2a: Arceus\n|-ability|p1a: Calyrex|Grim Neigh|boost\n|-boost|p1a: Calyrex|spa|1\n|\n|upkeep\n|\n|t:|1699594747\n|switch|p2a: Calyrex|Calyrex-Shadow|100\/100\n|-ability|p2a: Calyrex|As One\n|-ability|p2a: Calyrex|Unnerve\n|turn|5\n|l|\u2606goalkeeper001\n|inactive|goalkeeper001 disconnected and has a minute to reconnect!\n|player|p1|\n|inactive|goalkeeper001 has 30 seconds to reconnect!\n|j|\u2606goalkeeper001\n|inactive|goalkeeper001 reconnected and has 115 seconds left.\n|player|p1|goalkeeper001|firebreather\n|\n|t:|1699594785\n|move|p2a: Calyrex|Astral Barrage|p1a: Calyrex\n|-supereffective|p1a: Calyrex\n|-crit|p1a: Calyrex\n|-damage|p1a: Calyrex|0 fnt\n|faint|p1a: Calyrex\n|-ability|p2a: Calyrex|Grim Neigh|boost\n|-boost|p2a: Calyrex|spa|1\n|\n|upkeep\n|\n|t:|1699594788\n|switch|p1a: Groudon|Groudon|100\/100\n|-damage|p1a: Groudon|94\/100|[from] Stealth Rock\n|-weather|SunnyDay|[from] ability: Drought|[of] p1a: Groudon\n|turn|6\n|inactive|goalkeeper001 has 120 seconds left.\n|-message|goalkeeper001 forfeited.\n|\n|win|Kayleb1718\n|raw|goalkeeper001's rating: 1297 &rarr; <strong>1282<\/strong><br \/>(-15 for losing)\n|raw|Kayleb1718's rating: 1437 &rarr; <strong>1449<\/strong><br \/>(+12 for winning)\n|l|\u2606goalkeeper001\n","uploadtime":1699594814,"views":11,"p1id":"goalkeeper001","p2id":"kayleb1718","formatid":"gen9anythinggoes","rating":1282,"private":0,"password":""}