{"id":"gen9anythinggoes-1987591725","p1":"PrettyMan","p2":"ejorange","format":"[Gen 9] Anything Goes","log":"|j|\u2606PrettyMan\n|j|\u2606ejorange\n|t:|1699616729\n|gametype|singles\n|player|p1|PrettyMan|170|\n|player|p2|ejorange|scientist-gen4dp|\n|teamsize|p1|6\n|teamsize|p2|6\n|gen|9\n|tier|[Gen 9] Anything Goes\n|rule|HP Percentage Mod: HP is shown in percentages\n|rule|Endless Battle Clause: Forcing endless battles is banned\n|clearpoke\n|poke|p1|Dondozo, M|\n|poke|p1|Sandy Shocks|\n|poke|p1|Torkoal, M|\n|poke|p1|Slaking, F|\n|poke|p1|Dragapult, M|\n|poke|p1|Slither Wing|\n|poke|p2|Slowking-Galar, F|\n|poke|p2|Cryogonal|\n|poke|p2|Skeledirge, F|\n|poke|p2|Tauros-Paldea-Combat, M|\n|poke|p2|Lumineon, F|\n|poke|p2|Kleavor, F|\n|teampreview\n|\n|t:|1699616779\n|start\n|switch|p1a: SR-71|Dragapult, M|100\/100\n|switch|p2a: Paper|Kleavor, F|100\/100\n|turn|1\n|\n|t:|1699616794\n|move|p1a: SR-71|Reflect|p1a: SR-71\n|-sidestart|p1: PrettyMan|Reflect\n|move|p2a: Paper|Stone Axe|p1a: SR-71\n|-damage|p1a: SR-71|73\/100\n|-sidestart|p1: PrettyMan|move: Stealth Rock\n|\n|upkeep\n|turn|2\n|\n|t:|1699616809\n|move|p1a: SR-71|U-turn|p2a: Paper\n|-crit|p2a: Paper\n|-damage|p2a: Paper|67\/100\n|\n|t:|1699616852\n|switch|p1a: Funky Kong|Slaking, F|100\/100|[from] U-turn\n|-damage|p1a: Funky Kong|88\/100|[from] Stealth Rock\n|move|p2a: Paper|Night Slash|p1a: Funky Kong\n|-damage|p1a: Funky Kong|73\/100\n|\n|upkeep\n|turn|3\n|\n|t:|1699616912\n|move|p1a: Funky Kong|Earthquake|p2a: Paper\n|-damage|p2a: Paper|14\/100\n|move|p2a: Paper|U-turn|p1a: Funky Kong\n|-damage|p1a: Funky Kong|58\/100\n|\n|t:|1699616933\n|switch|p2a: Luminous Sign|Lumineon, F|100\/100|[from] U-turn\n|\n|upkeep\n|turn|4\n|\n|t:|1699616973\n|switch|p1a: SR-71|Dragapult, M|73\/100\n|-damage|p1a: SR-71|60\/100|[from] Stealth Rock\n|move|p2a: Luminous Sign|Dazzling Gleam|p1a: SR-71\n|-supereffective|p1a: SR-71\n|-damage|p1a: SR-71|20\/100\n|\n|upkeep\n|turn|5\n|\n|t:|1699616989\n|move|p1a: SR-71|Light Screen|p1a: SR-71\n|-sidestart|p1: PrettyMan|move: Light Screen\n|move|p2a: Luminous Sign|Dazzling Gleam|p1a: SR-71\n|-supereffective|p1a: SR-71\n|-damage|p1a: SR-71|0 fnt\n|faint|p1a: SR-71\n|\n|upkeep\n|\n|t:|1699617057\n|switch|p1a: Mothra|Slither Wing|100\/100\n|-damage|p1a: Mothra|88\/100|[from] Stealth Rock\n|turn|6\n|\n|t:|1699617108\n|move|p2a: Luminous Sign|Protect|p2a: Luminous Sign\n|-singleturn|p2a: Luminous Sign|Protect\n|move|p1a: Mothra|Flame Charge|p2a: Luminous Sign\n|-activate|p2a: Luminous Sign|move: Protect\n|\n|upkeep\n|turn|7\n|\n|t:|1699617145\n|move|p2a: Luminous Sign|Flip Turn|p1a: Mothra\n|-damage|p1a: Mothra|80\/100\n|\n|t:|1699617148\n|switch|p2a: Charlie|Skeledirge, F|100\/100|[from] Flip Turn\n|move|p1a: Mothra|Flame Charge|p2a: Charlie\n|-resisted|p2a: Charlie\n|-damage|p2a: Charlie|94\/100\n|-boost|p1a: Mothra|spe|1\n|\n|upkeep\n|turn|8\n|\n|t:|1699617160\n|move|p1a: Mothra|Earthquake|p2a: Charlie\n|-supereffective|p2a: Charlie\n|-damage|p2a: Charlie|38\/100\n|move|p2a: Charlie|Torch Song|p1a: Mothra\n|-supereffective|p1a: Mothra\n|-damage|p1a: Mothra|55\/100\n|-boost|p2a: Charlie|spa|1\n|\n|-sideend|p1: PrettyMan|Reflect\n|upkeep\n|turn|9\n|\n|t:|1699617215\n|switch|p2a: Gemini|Tauros-Paldea-Combat, M|100\/100\n|-ability|p2a: Gemini|Intimidate|boost\n|-unboost|p1a: Mothra|atk|1\n|move|p1a: Mothra|Flame Charge|p2a: Gemini\n|-damage|p2a: Gemini|85\/100\n|-boost|p1a: Mothra|spe|1\n|\n|upkeep\n|turn|10\n|\n|t:|1699617292\n|move|p1a: Mothra|Bulk Up|p1a: Mothra\n|-boost|p1a: Mothra|atk|1\n|-boost|p1a: Mothra|def|1\n|move|p2a: Gemini|Wild Charge|p1a: Mothra\n|-damage|p1a: Mothra|26\/100\n|-damage|p2a: Gemini|76\/100|[from] Recoil\n|\n|upkeep\n|turn|11\n|\n|t:|1699617323\n|move|p1a: Mothra|Leech Life|p2a: Gemini\n|-resisted|p2a: Gemini\n|-damage|p2a: Gemini|50\/100\n|-heal|p1a: Mothra|36\/100|[from] drain|[of] p2a: Gemini\n|move|p2a: Gemini|Wild Charge|p1a: Mothra\n|-damage|p1a: Mothra|5\/100\n|-damage|p2a: Gemini|40\/100|[from] Recoil\n|\n|upkeep\n|turn|12\n|\n|t:|1699617346\n|move|p1a: Mothra|Earthquake|p2a: Gemini\n|-crit|p2a: Gemini\n|-damage|p2a: Gemini|0 fnt\n|faint|p2a: Gemini\n|\n|-sideend|p1: PrettyMan|move: Light Screen\n|upkeep\n|\n|t:|1699617357\n|switch|p2a: Luminous Sign|Lumineon, F|100\/100\n|turn|13\n|\n|t:|1699617388\n|move|p1a: Mothra|Leech Life|p2a: Luminous Sign\n|-crit|p2a: Luminous Sign\n|-damage|p2a: Luminous Sign|0 fnt\n|-heal|p1a: Mothra|45\/100|[from] drain|[of] p2a: Luminous Sign\n|faint|p2a: Luminous Sign\n|\n|upkeep\n|\n|t:|1699617398\n|switch|p2a: MegaMind|Slowking-Galar, F|100\/100\n|turn|14\n|\n|t:|1699617411\n|move|p1a: Mothra|Earthquake|p2a: MegaMind\n|-supereffective|p2a: MegaMind\n|-damage|p2a: MegaMind|34\/100\n|move|p2a: MegaMind|Sludge Bomb|p1a: Mothra\n|-damage|p1a: Mothra|18\/100\n|-status|p1a: Mothra|psn\n|\n|-heal|p2a: MegaMind|40\/100|[from] item: Black Sludge\n|-damage|p1a: Mothra|6\/100 psn|[from] psn\n|upkeep\n|turn|15\n|\n|t:|1699617460\n|switch|p2a: Charlie|Skeledirge, F|38\/100\n|move|p1a: Mothra|Earthquake|p2a: Charlie\n|-supereffective|p2a: Charlie\n|-damage|p2a: Charlie|0 fnt\n|faint|p2a: Charlie\n|\n|-damage|p1a: Mothra|0 fnt|[from] psn\n|faint|p1a: Mothra\n|-end|p1a: Mothra|Protosynthesis|[silent]\n|upkeep\n|\n|t:|1699617476\n|switch|p1a: Funky Kong|Slaking, F|58\/100\n|switch|p2a: MegaMind|Slowking-Galar, F|73\/100\n|-damage|p1a: Funky Kong|45\/100|[from] Stealth Rock\n|turn|16\n|\n|t:|1699617492\n|move|p1a: Funky Kong|Giga Impact|p2a: MegaMind|[miss]\n|-miss|p1a: Funky Kong|p2a: MegaMind\n|move|p2a: MegaMind|Chilly Reception|p2a: MegaMind\n|-weather|Snow\n|c|\u2606ejorange|!dt Giga Impact\n|raw|<ul class=\"utilichart\"><li class=\"result\"><span class=\"col movenamecol\"><a href=\"https:\/\/dex.pokemonshowdown.com\/moves\/gigaimpact\">Giga Impact<\/a><\/span> <span class=\"col typecol\"><img src=\"\/\/play.pokemonshowdown.com\/sprites\/types\/Normal.png\" alt=\"Normal\" width=\"32\" height=\"14\"><img src=\"\/\/play.pokemonshowdown.com\/sprites\/categories\/Physical.png\" alt=\"Physical\" width=\"32\" height=\"14\"><\/span> <span class=\"col labelcol\"><em>Power<\/em><br>150<\/span> <span class=\"col widelabelcol\"><em>Accuracy<\/em><br>90%<\/span> <span class=\"col pplabelcol\"><em>PP<\/em><br>8<\/span> <span class=\"col movedesccol\">User cannot move next turn.<\/span> <\/li><li style=\"clear:both\"><\/li><\/ul>\n|raw|<font size=\"1\"><font color=\"#686868\">Priority:<\/font> 0&nbsp;|&ThickSpace;<font color=\"#686868\">Gen:<\/font> 4&nbsp;|&ThickSpace;&#10003; Contact&nbsp;|&ThickSpace;&#10003; Has recharge turn&nbsp;|&ThickSpace;<font color=\"#686868\">Z-Power:<\/font> 200&nbsp;|&ThickSpace;<font color=\"#686868\">Dynamax Power:<\/font> 150&nbsp;|&ThickSpace;<font color=\"#686868\">Target:<\/font> One Adjacent Pok\u00e9mon<\/font>\n\n|\n|t:|1699617507\n|switch|p2a: Ghetsis|Cryogonal|100\/100|[from] Chilly Reception\n|\n|-weather|Snow|[upkeep]\n|upkeep\n|turn|17\n|\n|t:|1699617514\n|switch|p1a: Toulpe|Torkoal, M|100\/100\n|-damage|p1a: Toulpe|76\/100|[from] Stealth Rock\n|-weather|SunnyDay|[from] ability: Drought|[of] p1a: Toulpe\n|move|p2a: Ghetsis|Aurora Veil||[still]\n|-fail|p2a: Ghetsis\n|\n|-weather|SunnyDay|[upkeep]\n|upkeep\n|turn|18\n|\n|t:|1699617535\n|switch|p2a: MegaMind|Slowking-Galar, F|100\/100\n|move|p1a: Toulpe|Rapid Spin|p2a: MegaMind\n|-damage|p2a: MegaMind|94\/100\n|-boost|p1a: Toulpe|spe|1\n|-sideend|p1: PrettyMan|Stealth Rock|[from] move: Rapid Spin|[of] p1a: Toulpe\n|\n|-weather|SunnyDay|[upkeep]\n|-heal|p2a: MegaMind|99\/100|[from] item: Black Sludge\n|upkeep\n|turn|19\n|\n|t:|1699617547\n|switch|p1a: Funky Kong|Slaking, F|45\/100\n|move|p2a: MegaMind|Chilly Reception|p2a: MegaMind\n|-weather|Snow\n|\n|t:|1699617554\n|switch|p2a: Ghetsis|Cryogonal|100\/100|[from] Chilly Reception\n|\n|-weather|Snow|[upkeep]\n|upkeep\n|turn|20\n|\n|t:|1699617565\n|switch|p1a: Toulpe|Torkoal, M|76\/100\n|-weather|SunnyDay|[from] ability: Drought|[of] p1a: Toulpe\n|move|p2a: Ghetsis|Aurora Veil||[still]\n|-fail|p2a: Ghetsis\n|\n|-weather|SunnyDay|[upkeep]\n|upkeep\n|turn|21\n|\n|t:|1699617578\n|switch|p2a: MegaMind|Slowking-Galar, F|100\/100\n|move|p1a: Toulpe|Lava Plume|p2a: MegaMind\n|-damage|p2a: MegaMind|59\/100\n|-status|p2a: MegaMind|brn\n|\n|-weather|SunnyDay|[upkeep]\n|-heal|p2a: MegaMind|65\/100 brn|[from] item: Black Sludge\n|-damage|p2a: MegaMind|59\/100 brn|[from] brn\n|upkeep\n|turn|22\n|\n|t:|1699617590\n|switch|p1a: Funky Kong|Slaking, F|45\/100\n|move|p2a: MegaMind|Sludge Bomb|p1a: Funky Kong\n|-crit|p1a: Funky Kong\n|-damage|p1a: Funky Kong|0 fnt\n|faint|p1a: Funky Kong\n|\n|-weather|SunnyDay|[upkeep]\n|-heal|p2a: MegaMind|65\/100 brn|[from] item: Black Sludge\n|-damage|p2a: MegaMind|59\/100 brn|[from] brn\n|upkeep\n|\n|t:|1699617602\n|switch|p1a: Anakin|Sandy Shocks|100\/100\n|-activate|p1a: Anakin|ability: Protosynthesis\n|-start|p1a: Anakin|protosynthesisspa\n|turn|23\n|\n|t:|1699617633\n|switch|p2a: Ghetsis|Cryogonal|100\/100\n|move|p1a: Anakin|Volt Switch|p2a: Ghetsis\n|-damage|p2a: Ghetsis|54\/100\n|\n|t:|1699617640\n|-end|p1a: Anakin|Protosynthesis|[silent]\n|switch|p1a: Toulpe|Torkoal, M|76\/100|[from] Volt Switch\n|\n|-weather|SunnyDay|[upkeep]\n|-heal|p2a: Ghetsis|60\/100|[from] item: Leftovers\n|upkeep\n|turn|24\n|\n|t:|1699617660\n|-terastallize|p2a: Ghetsis|Water\n|move|p2a: Ghetsis|Chilling Water|p1a: Toulpe\n|-supereffective|p1a: Toulpe\n|-damage|p1a: Toulpe|48\/100\n|-unboost|p1a: Toulpe|atk|1\n|move|p1a: Toulpe|Lava Plume|p2a: Ghetsis\n|-resisted|p2a: Ghetsis\n|-damage|p2a: Ghetsis|38\/100\n|-status|p2a: Ghetsis|brn\n|\n|-weather|SunnyDay|[upkeep]\n|-heal|p2a: Ghetsis|44\/100 brn|[from] item: Leftovers\n|-damage|p2a: Ghetsis|38\/100 brn|[from] brn\n|upkeep\n|turn|25\n|\n|t:|1699617673\n|switch|p1a: Wailmer|Dondozo, M|100\/100\n|move|p2a: Ghetsis|Recover|p2a: Ghetsis\n|-heal|p2a: Ghetsis|88\/100 brn\n|\n|-weather|SunnyDay|[upkeep]\n|-heal|p2a: Ghetsis|94\/100 brn|[from] item: Leftovers\n|-damage|p2a: Ghetsis|88\/100 brn|[from] brn\n|upkeep\n|turn|26\n|\n|t:|1699617684\n|switch|p1a: Anakin|Sandy Shocks|100\/100\n|-activate|p1a: Anakin|ability: Protosynthesis\n|-start|p1a: Anakin|protosynthesisspa\n|move|p2a: Ghetsis|Freeze-Dry|p1a: Anakin\n|-supereffective|p1a: Anakin\n|-damage|p1a: Anakin|42\/100\n|\n|-weather|SunnyDay|[upkeep]\n|-heal|p2a: Ghetsis|94\/100 brn|[from] item: Leftovers\n|-damage|p2a: Ghetsis|88\/100 brn|[from] brn\n|upkeep\n|turn|27\n|\n|t:|1699617775\n|switch|p2a: Paper|Kleavor, F|14\/100\n|-end|p1a: Anakin|Protosynthesis|[silent]\n|switch|p1a: Toulpe|Torkoal, M|48\/100\n|\n|-weather|none\n|upkeep\n|turn|28\n|\n|t:|1699617793\n|switch|p1a: Wailmer|Dondozo, M|100\/100\n|move|p2a: Paper|Stone Axe|p1a: Wailmer\n|-damage|p1a: Wailmer|77\/100\n|-sidestart|p1: PrettyMan|move: Stealth Rock\n|\n|-heal|p1a: Wailmer|83\/100|[from] item: Leftovers\n|upkeep\n|turn|29\n|\n|t:|1699617807\n|switch|p2a: MegaMind|Slowking-Galar, F|93\/100 brn\n|move|p1a: Wailmer|Body Press|p2a: MegaMind\n|-resisted|p2a: MegaMind\n|-damage|p2a: MegaMind|88\/100 brn\n|\n|-heal|p1a: Wailmer|89\/100|[from] item: Leftovers\n|-heal|p2a: MegaMind|94\/100 brn|[from] item: Black Sludge\n|-damage|p2a: MegaMind|88\/100 brn|[from] brn\n|upkeep\n|turn|30\n|\n|t:|1699617820\n|move|p1a: Wailmer|Liquidation|p2a: MegaMind\n|-damage|p2a: MegaMind|66\/100 brn\n|move|p2a: MegaMind|Grass Knot|p1a: Wailmer\n|-supereffective|p1a: Wailmer\n|-damage|p1a: Wailmer|28\/100\n|\n|-heal|p1a: Wailmer|34\/100|[from] item: Leftovers\n|-heal|p2a: MegaMind|73\/100 brn|[from] item: Black Sludge\n|-damage|p2a: MegaMind|66\/100 brn|[from] brn\n|upkeep\n|turn|31\n|\n|t:|1699617960\n|move|p1a: Wailmer|Rest|p1a: Wailmer\n|-status|p1a: Wailmer|slp|[from] move: Rest\n|-heal|p1a: Wailmer|100\/100 slp|[silent]\n|move|p2a: MegaMind|Grass Knot|p1a: Wailmer\n|-supereffective|p1a: Wailmer\n|-damage|p1a: Wailmer|44\/100 slp\n|\n|-heal|p1a: Wailmer|50\/100 slp|[from] item: Leftovers\n|-heal|p2a: MegaMind|73\/100 brn|[from] item: Black Sludge\n|-damage|p2a: MegaMind|66\/100 brn|[from] brn\n|upkeep\n|turn|32\n|\n|t:|1699617981\n|cant|p1a: Wailmer|slp\n|move|p1a: Wailmer|Sleep Talk|p1a: Wailmer\n|move|p1a: Wailmer|Body Press|p2a: MegaMind|[from]move: Sleep Talk\n|-resisted|p2a: MegaMind\n|-damage|p2a: MegaMind|61\/100 brn\n|move|p2a: MegaMind|Grass Knot|p1a: Wailmer\n|-supereffective|p1a: Wailmer\n|-damage|p1a: Wailmer|0 fnt\n|faint|p1a: Wailmer\n|\n|-heal|p2a: MegaMind|67\/100 brn|[from] item: Black Sludge\n|-damage|p2a: MegaMind|61\/100 brn|[from] brn\n|upkeep\n|\n|t:|1699617987\n|switch|p1a: Toulpe|Torkoal, M|48\/100\n|-damage|p1a: Toulpe|23\/100|[from] Stealth Rock\n|-weather|SunnyDay|[from] ability: Drought|[of] p1a: Toulpe\n|turn|33\n|\n|t:|1699618020\n|move|p2a: MegaMind|Sludge Bomb|p1a: Toulpe\n|-damage|p1a: Toulpe|0 fnt\n|faint|p1a: Toulpe\n|\n|-weather|SunnyDay|[upkeep]\n|-heal|p2a: MegaMind|67\/100 brn|[from] item: Black Sludge\n|-damage|p2a: MegaMind|61\/100 brn|[from] brn\n|upkeep\n|\n|t:|1699618026\n|switch|p1a: Anakin|Sandy Shocks|42\/100\n|-damage|p1a: Anakin|36\/100|[from] Stealth Rock\n|-activate|p1a: Anakin|ability: Protosynthesis\n|-start|p1a: Anakin|protosynthesisspa\n|turn|34\n|\n|t:|1699618044\n|move|p1a: Anakin|Volt Switch|p2a: MegaMind\n|-damage|p2a: MegaMind|22\/100 brn\n|move|p2a: MegaMind|Grass Knot|p1a: Anakin\n|-supereffective|p1a: Anakin\n|-damage|p1a: Anakin|0 fnt\n|faint|p1a: Anakin\n|-end|p1a: Anakin|Protosynthesis|[silent]\n|\n|win|ejorange\n|c|\u2606PrettyMan|gg\n","uploadtime":1699618061,"views":24,"p1id":"prettyman","p2id":"ejorange","formatid":"gen9anythinggoes","rating":0,"private":0,"password":""}