{"id":"gen9anythinggoes-1976919086","p1":"FLaming Nugget","p2":"Lucasoduncu","format":"[Gen 9] Anything Goes","log":"|j|\u2606FLaming Nugget\n|j|\u2606Lucasoduncu\n|t:|1698352411\n|gametype|singles\n|player|p1|FLaming Nugget|170|\n|player|p2|Lucasoduncu|cameraman|\n|teamsize|p1|6\n|teamsize|p2|5\n|gen|9\n|tier|[Gen 9] Anything Goes\n|rule|HP Percentage Mod: HP is shown in percentages\n|rule|Endless Battle Clause: Forcing endless battles is banned\n|clearpoke\n|poke|p1|Sinistcha-Masterpiece|\n|poke|p1|Gholdengo|\n|poke|p1|Calyrex-Shadow|\n|poke|p1|Sneasler, M|\n|poke|p1|Roaring Moon|\n|poke|p1|Abomasnow, M|\n|poke|p2|Cyndaquil, M|\n|poke|p2|Quilava, F|\n|poke|p2|Typhlosion, M|\n|poke|p2|Typhlosion-Hisui, M|\n|poke|p2|Orthworm, F|\n|teampreview\n|\n|t:|1698352416\n|start\n|switch|p1a: Gholdengo|Gholdengo, shiny|100\/100\n|switch|p2a: Quilava|Quilava, F, shiny|100\/100\n|turn|1\n|\n|t:|1698352421\n|move|p2a: Quilava|Smokescreen|p1a: Gholdengo\n|-immune|p1a: Gholdengo|[from] ability: Good as Gold\n|move|p1a: Gholdengo|Make It Rain|p2a: Quilava\n|-resisted|p2a: Quilava\n|-damage|p2a: Quilava|66\/100\n|-unboost|p1a: Gholdengo|spa|1\n|\n|upkeep\n|turn|2\n|\n|t:|1698352426\n|move|p2a: Quilava|Rollout|p1a: Gholdengo\n|-resisted|p1a: Gholdengo\n|-damage|p1a: Gholdengo|98\/100\n|move|p1a: Gholdengo|Make It Rain|p2a: Quilava\n|-resisted|p2a: Quilava\n|-damage|p2a: Quilava|42\/100\n|-unboost|p1a: Gholdengo|spa|1\n|\n|upkeep\n|turn|3\n|\n|t:|1698352429\n|move|p2a: Quilava|Rollout|p1a: Gholdengo|[from]lockedmove\n|-resisted|p1a: Gholdengo\n|-damage|p1a: Gholdengo|93\/100\n|move|p1a: Gholdengo|Make It Rain|p2a: Quilava\n|-resisted|p2a: Quilava\n|-damage|p2a: Quilava|25\/100\n|-unboost|p1a: Gholdengo|spa|1\n|\n|upkeep\n|turn|4\n|\n|t:|1698352433\n|move|p2a: Quilava|Rollout|p1a: Gholdengo|[from]lockedmove\n|-resisted|p1a: Gholdengo\n|-damage|p1a: Gholdengo|83\/100\n|move|p1a: Gholdengo|Make It Rain|p2a: Quilava\n|-resisted|p2a: Quilava\n|-damage|p2a: Quilava|12\/100\n|-unboost|p1a: Gholdengo|spa|1\n|\n|upkeep\n|turn|5\n|\n|t:|1698352435\n|move|p2a: Quilava|Rollout|p1a: Gholdengo|[from]lockedmove|[miss]\n|-miss|p2a: Quilava|p1a: Gholdengo\n|move|p1a: Gholdengo|Make It Rain|p2a: Quilava\n|-resisted|p2a: Quilava\n|-damage|p2a: Quilava|0 fnt\n|-unboost|p1a: Gholdengo|spa|1\n|faint|p2a: Quilava\n|\n|upkeep\n|\n|t:|1698352439\n|switch|p2a: Youtube Video:>|Orthworm, F|100\/100\n|turn|6\n|\n|t:|1698352446\n|switch|p1a: Sinistcha|Sinistcha-Masterpiece, shiny|100\/100\n|move|p2a: Youtube Video:>|Shed Tail|p2a: Youtube Video:>\n|-start|p2a: Youtube Video:>|Substitute|[from] move: Shed Tail\n|-damage|p2a: Youtube Video:>|50\/100\n|\n|t:|1698352449\n|switch|p2a: Typhlosion|Typhlosion-Hisui, M, shiny|100\/100|[from] Shed Tail\n|-item|p1a: Sinistcha|Aguav Berry|[from] ability: Frisk|[of] p2a: Typhlosion|[identify]\n|\n|upkeep\n|turn|7\n|\n|t:|1698352453\n|move|p2a: Typhlosion|Calm Mind|p2a: Typhlosion\n|-boost|p2a: Typhlosion|spa|1\n|-boost|p2a: Typhlosion|spd|1\n|move|p1a: Sinistcha|Energy Ball|p2a: Typhlosion\n|-resisted|p2a: Typhlosion\n|-activate|p2a: Typhlosion|move: Substitute|[damage]\n|\n|upkeep\n|turn|8\n|\n|t:|1698352457\n|move|p2a: Typhlosion|Calm Mind|p2a: Typhlosion\n|-boost|p2a: Typhlosion|spa|1\n|-boost|p2a: Typhlosion|spd|1\n|move|p1a: Sinistcha|Energy Ball|p2a: Typhlosion\n|-resisted|p2a: Typhlosion\n|-activate|p2a: Typhlosion|move: Substitute|[damage]\n|\n|upkeep\n|turn|9\n|\n|t:|1698352461\n|move|p2a: Typhlosion|Infernal Parade|p1a: Sinistcha\n|-supereffective|p1a: Sinistcha\n|-damage|p1a: Sinistcha|0 fnt\n|faint|p1a: Sinistcha\n|\n|upkeep\n|\n|t:|1698352466\n|switch|p1a: Gholdengo|Gholdengo, shiny|83\/100\n|turn|10\n|\n|t:|1698352469\n|move|p2a: Typhlosion|Lava Plume|p1a: Gholdengo\n|-supereffective|p1a: Gholdengo\n|-damage|p1a: Gholdengo|0 fnt\n|faint|p1a: Gholdengo\n|\n|upkeep\n|\n|t:|1698352472\n|switch|p1a: Roaring Moon|Roaring Moon|100\/100\n|turn|11\n|\n|t:|1698352478\n|move|p2a: Typhlosion|Lava Plume|p1a: Roaring Moon\n|-resisted|p1a: Roaring Moon\n|-damage|p1a: Roaring Moon|61\/100\n|move|p1a: Roaring Moon|Body Press|p2a: Typhlosion\n|-immune|p2a: Typhlosion\n|\n|upkeep\n|turn|12\n|\n|t:|1698352483\n|move|p2a: Typhlosion|Infernal Parade|p1a: Roaring Moon\n|-resisted|p1a: Roaring Moon\n|-damage|p1a: Roaring Moon|30\/100\n|move|p1a: Roaring Moon|Body Press|p2a: Typhlosion\n|-immune|p2a: Typhlosion\n|\n|upkeep\n|turn|13\n|\n|t:|1698352489\n|move|p2a: Typhlosion|Infernal Parade|p1a: Roaring Moon\n|-resisted|p1a: Roaring Moon\n|-damage|p1a: Roaring Moon|4\/100\n|move|p1a: Roaring Moon|Body Press|p2a: Typhlosion\n|-immune|p2a: Typhlosion\n|\n|upkeep\n|turn|14\n|\n|t:|1698352494\n|move|p2a: Typhlosion|Infernal Parade|p1a: Roaring Moon\n|-resisted|p1a: Roaring Moon\n|-damage|p1a: Roaring Moon|0 fnt\n|faint|p1a: Roaring Moon\n|-end|p1a: Roaring Moon|Protosynthesis|[silent]\n|\n|upkeep\n|\n|t:|1698352498\n|switch|p1a: Sneasler|Sneasler, M|100\/100\n|-ability|p1a: Sneasler|Pressure\n|turn|15\n|\n|t:|1698352502\n|move|p2a: Typhlosion|Infernal Parade|p1a: Sneasler\n|-damage|p1a: Sneasler|22\/100\n|-enditem|p1a: Sneasler|Liechi Berry|[eat]\n|-boost|p1a: Sneasler|atk|1|[from] item: Liechi Berry\n|move|p1a: Sneasler|Dire Claw|p2a: Typhlosion\n|-resisted|p2a: Typhlosion\n|-end|p2a: Typhlosion|Substitute\n|\n|upkeep\n|turn|16\n|\n|t:|1698352508\n|move|p2a: Typhlosion|Infernal Parade|p1a: Sneasler\n|-damage|p1a: Sneasler|0 fnt\n|faint|p1a: Sneasler\n|\n|upkeep\n|\n|t:|1698352511\n|switch|p1a: Abomasnow|Abomasnow, M|100\/100\n|-weather|Snow|[from] ability: Snow Warning|[of] p1a: Abomasnow\n|turn|17\n|\n|t:|1698352516\n|move|p2a: Typhlosion|Lava Plume|p1a: Abomasnow\n|-supereffective|p1a: Abomasnow\n|-damage|p1a: Abomasnow|0 fnt\n|faint|p1a: Abomasnow\n|\n|-weather|Snow|[upkeep]\n|upkeep\n|\n|t:|1698352520\n|switch|p1a: Calyrex|Calyrex-Shadow|100\/100\n|-ability|p1a: Calyrex|As One\n|-ability|p1a: Calyrex|Unnerve\n|turn|18\n|\n|t:|1698352526\n|-terastallize|p2a: Typhlosion|Normal\n|move|p1a: Calyrex|Astral Barrage|p2a: Typhlosion\n|-immune|p2a: Typhlosion\n|move|p2a: Typhlosion|Infernal Parade|p1a: Calyrex\n|-supereffective|p1a: Calyrex\n|-damage|p1a: Calyrex|0 fnt\n|faint|p1a: Calyrex\n|\n|win|Lucasoduncu\n|l|\u2606FLaming Nugget\n","uploadtime":1698352534,"views":8,"p1id":"flamingnugget","p2id":"lucasoduncu","formatid":"gen9anythinggoes","rating":0,"private":0,"password":""}