{"id":"gen9anythinggoes-1977720023","p1":"Rogu-chan","p2":"Voila Ouija","format":"[Gen 9] Anything Goes","log":"|j|\u2606Rogu-chan\n|j|\u2606Voila Ouija\n|t:|1698441974\n|gametype|singles\n|player|p1|Rogu-chan|turo-ai|1296\n|player|p2|Voila Ouija|101|1373\n|teamsize|p1|6\n|teamsize|p2|6\n|gen|9\n|tier|[Gen 9] Anything Goes\n|rated|\n|rule|HP Percentage Mod: HP is shown in percentages\n|rule|Endless Battle Clause: Forcing endless battles is banned\n|clearpoke\n|poke|p1|Ogerpon-Hearthflame, F|\n|poke|p1|Diancie|\n|poke|p1|Ursaluna-Bloodmoon, M|\n|poke|p1|Torterra, F|\n|poke|p1|Kingambit, M|\n|poke|p1|Chimecho, M|\n|poke|p2|Landorus, M|\n|poke|p2|Giratina|\n|poke|p2|Kyogre|\n|poke|p2|Zacian-*|\n|poke|p2|Miraidon|\n|poke|p2|Regieleki|\n|teampreview\n|\n|t:|1698441988\n|start\n|switch|p1a: MASKED ONE|Ogerpon-Hearthflame, F|100\/100\n|switch|p2a: Regieleki|Regieleki|100\/100\n|-ability|p1a: MASKED ONE|Mold Breaker\n|turn|1\n|inactive|Battle timer is ON: inactive players will automatically lose when time's up. (requested by Voila Ouija)\n|\n|t:|1698442008\n|move|p2a: Regieleki|Thunderbolt|p1a: MASKED ONE\n|-resisted|p1a: MASKED ONE\n|-damage|p1a: MASKED ONE|69\/100\n|move|p1a: MASKED ONE|Swords Dance|p1a: MASKED ONE\n|-boost|p1a: MASKED ONE|atk|2\n|\n|upkeep\n|turn|2\n|\n|t:|1698442014\n|move|p2a: Regieleki|Thunderbolt|p1a: MASKED ONE\n|-resisted|p1a: MASKED ONE\n|-damage|p1a: MASKED ONE|40\/100\n|move|p1a: MASKED ONE|Horn Leech|p2a: Regieleki\n|-damage|p2a: Regieleki|0 fnt\n|-heal|p1a: MASKED ONE|90\/100|[from] drain|[of] p2a: Regieleki\n|faint|p2a: Regieleki\n|\n|upkeep\n|\n|t:|1698442026\n|switch|p2a: Landorus|Landorus, M|100\/100\n|turn|3\n|\n|t:|1698442033\n|move|p2a: Landorus|Earthquake|p1a: MASKED ONE\n|-damage|p1a: MASKED ONE|44\/100\n|move|p1a: MASKED ONE|Trailblaze|p2a: Landorus\n|-damage|p2a: Landorus|40\/100\n|-boost|p1a: MASKED ONE|spe|1\n|\n|upkeep\n|turn|4\n|\n|t:|1698442041\n|move|p1a: MASKED ONE|Horn Leech|p2a: Landorus\n|-damage|p2a: Landorus|0 fnt\n|-heal|p1a: MASKED ONE|67\/100|[from] drain|[of] p2a: Landorus\n|faint|p2a: Landorus\n|\n|upkeep\n|\n|t:|1698442049\n|switch|p2a: Kyogre|Kyogre|100\/100\n|-weather|RainDance|[from] ability: Drizzle|[of] p2a: Kyogre\n|turn|5\n|\n|t:|1698442062\n|move|p1a: MASKED ONE|Horn Leech|p2a: Kyogre\n|-supereffective|p2a: Kyogre\n|-damage|p2a: Kyogre|0 fnt\n|-heal|p1a: MASKED ONE|100\/100|[from] drain|[of] p2a: Kyogre\n|faint|p2a: Kyogre\n|\n|-weather|RainDance|[upkeep]\n|upkeep\n|\n|t:|1698442071\n|switch|p2a: Zacian|Zacian-Crowned|100\/100\n|-ability|p2a: Zacian|Intrepid Sword|boost\n|-boost|p2a: Zacian|atk|1\n|turn|6\n|\n|t:|1698442080\n|move|p1a: MASKED ONE|Ivy Cudgel|p2a: Zacian\n|-supereffective|p2a: Zacian\n|-crit|p2a: Zacian\n|-damage|p2a: Zacian|0 fnt\n|faint|p2a: Zacian\n|\n|-weather|RainDance|[upkeep]\n|upkeep\n|\n|t:|1698442086\n|switch|p2a: Miraidon|Miraidon|100\/100\n|-fieldstart|move: Electric Terrain|[from] ability: Hadron Engine|[of] p2a: Miraidon\n|turn|7\n|\n|t:|1698442099\n|move|p1a: MASKED ONE|Ivy Cudgel|p2a: Miraidon\n|-resisted|p2a: Miraidon\n|-crit|p2a: Miraidon\n|-damage|p2a: Miraidon|57\/100\n|move|p2a: Miraidon|Dragon Pulse|p1a: MASKED ONE\n|-damage|p1a: MASKED ONE|30\/100\n|\n|-weather|RainDance|[upkeep]\n|upkeep\n|turn|8\n|\n|t:|1698442107\n|move|p1a: MASKED ONE|Ivy Cudgel|p2a: Miraidon\n|-resisted|p2a: Miraidon\n|-damage|p2a: Miraidon|27\/100\n|move|p2a: Miraidon|Dragon Pulse|p1a: MASKED ONE\n|-crit|p1a: MASKED ONE\n|-damage|p1a: MASKED ONE|0 fnt\n|faint|p1a: MASKED ONE\n|\n|-weather|RainDance|[upkeep]\n|upkeep\n|\n|t:|1698442118\n|switch|p1a: WORLD TREE|Torterra, F|100\/100\n|turn|9\n|\n|t:|1698442127\n|-terastallize|p2a: Miraidon|Fire\n|move|p2a: Miraidon|Overheat|p1a: WORLD TREE\n|-supereffective|p1a: WORLD TREE\n|-damage|p1a: WORLD TREE|31\/100\n|-unboost|p2a: Miraidon|spa|2\n|move|p1a: WORLD TREE|Earthquake|p2a: Miraidon\n|-supereffective|p2a: Miraidon\n|-damage|p2a: Miraidon|0 fnt\n|faint|p2a: Miraidon\n|\n|-weather|none\n|-heal|p1a: WORLD TREE|37\/100|[from] item: Leftovers\n|upkeep\n|\n|t:|1698442140\n|switch|p2a: Giratina|Giratina|100\/100\n|-ability|p2a: Giratina|Pressure\n|turn|10\n|\n|t:|1698442149\n|move|p2a: Giratina|Shadow Ball|p1a: WORLD TREE\n|-damage|p1a: WORLD TREE|16\/100\n|move|p1a: WORLD TREE|Leech Seed|p2a: Giratina\n|-start|p2a: Giratina|move: Leech Seed\n|\n|-heal|p1a: WORLD TREE|22\/100|[from] item: Leftovers\n|-damage|p2a: Giratina|88\/100|[from] Leech Seed|[of] p1a: WORLD TREE\n|-heal|p1a: WORLD TREE|37\/100|[silent]\n|upkeep\n|turn|11\n|\n|t:|1698442158\n|move|p2a: Giratina|Shadow Ball|p1a: WORLD TREE\n|-damage|p1a: WORLD TREE|18\/100\n|move|p1a: WORLD TREE|Worry Seed|p2a: Giratina\n|-endability|p2a: Giratina|Pressure|[from] move: Worry Seed\n|-ability|p2a: Giratina|Insomnia|[from] move: Worry Seed\n|\n|-heal|p2a: Giratina|94\/100|[from] item: Leftovers\n|-heal|p1a: WORLD TREE|25\/100|[from] item: Leftovers\n|-damage|p2a: Giratina|82\/100|[from] Leech Seed|[of] p1a: WORLD TREE\n|-heal|p1a: WORLD TREE|39\/100|[silent]\n|-fieldend|move: Electric Terrain\n|upkeep\n|turn|12\n|\n|t:|1698442170\n|switch|p1a: BLOOD MOON|Ursaluna-Bloodmoon, M|100\/100\n|move|p2a: Giratina|Calm Mind|p2a: Giratina\n|-boost|p2a: Giratina|spa|1\n|-boost|p2a: Giratina|spd|1\n|\n|-heal|p2a: Giratina|88\/100|[from] item: Leftovers\n|-damage|p2a: Giratina|75\/100|[from] Leech Seed|[of] p1a: BLOOD MOON\n|upkeep\n|turn|13\n|\n|t:|1698442184\n|move|p2a: Giratina|Shadow Ball|p1a: BLOOD MOON\n|-immune|p1a: BLOOD MOON\n|move|p1a: BLOOD MOON|Calm Mind|p1a: BLOOD MOON\n|-boost|p1a: BLOOD MOON|spa|1\n|-boost|p1a: BLOOD MOON|spd|1\n|\n|-heal|p2a: Giratina|81\/100|[from] item: Leftovers\n|-damage|p2a: Giratina|69\/100|[from] Leech Seed|[of] p1a: BLOOD MOON\n|upkeep\n|turn|14\n|\n|t:|1698442198\n|move|p2a: Giratina|Earth Power|p1a: BLOOD MOON\n|-damage|p1a: BLOOD MOON|76\/100\n|move|p1a: BLOOD MOON|Calm Mind|p1a: BLOOD MOON\n|-boost|p1a: BLOOD MOON|spa|1\n|-boost|p1a: BLOOD MOON|spd|1\n|\n|-heal|p2a: Giratina|75\/100|[from] item: Leftovers\n|-heal|p1a: BLOOD MOON|83\/100|[from] item: Leftovers\n|-damage|p2a: Giratina|63\/100|[from] Leech Seed|[of] p1a: BLOOD MOON\n|-heal|p1a: BLOOD MOON|96\/100|[silent]\n|upkeep\n|turn|15\n|\n|t:|1698442209\n|move|p2a: Giratina|Calm Mind|p2a: Giratina\n|-boost|p2a: Giratina|spa|1\n|-boost|p2a: Giratina|spd|1\n|move|p1a: BLOOD MOON|Calm Mind|p1a: BLOOD MOON\n|-boost|p1a: BLOOD MOON|spa|1\n|-boost|p1a: BLOOD MOON|spd|1\n|\n|-heal|p2a: Giratina|69\/100|[from] item: Leftovers\n|-heal|p1a: BLOOD MOON|100\/100|[from] item: Leftovers\n|-damage|p2a: Giratina|56\/100|[from] Leech Seed|[of] p1a: BLOOD MOON\n|upkeep\n|turn|16\n|\n|t:|1698442219\n|move|p2a: Giratina|Earth Power|p1a: BLOOD MOON\n|-damage|p1a: BLOOD MOON|82\/100\n|move|p1a: BLOOD MOON|Blood Moon|p2a: Giratina\n|-crit|p2a: Giratina\n|-damage|p2a: Giratina|0 fnt\n|faint|p2a: Giratina\n|\n|win|Rogu-chan\n|raw|Rogu-chan's rating: 1296 &rarr; <strong>1326<\/strong><br \/>(+30 for winning)\n|raw|Voila Ouija's rating: 1373 &rarr; <strong>1349<\/strong><br \/>(-24 for losing)\n","uploadtime":1698442227,"views":11,"p1id":"roguchan","p2id":"voilaouija","formatid":"gen9anythinggoes","rating":1326,"private":0,"password":""}