{"id":"gen9anythinggoes-1999015018","p1":"MasterHaxorus4","p2":"banana superior","format":"[Gen 9] Anything Goes","log":"|j|\u2606MasterHaxorus4\n|j|\u2606banana superior\n|t:|1701024055\n|gametype|singles\n|player|p1|MasterHaxorus4|n|1162\n|player|p2|banana superior|smasher|1034\n|teamsize|p1|6\n|teamsize|p2|6\n|gen|9\n|tier|[Gen 9] Anything Goes\n|rated|\n|rule|HP Percentage Mod: HP is shown in percentages\n|rule|Endless Battle Clause: Forcing endless battles is banned\n|clearpoke\n|poke|p1|Zacian-*|\n|poke|p1|Zacian-*|\n|poke|p1|Miraidon|\n|poke|p1|Mimikyu, M|\n|poke|p1|Urshifu-*, F|\n|poke|p1|Zacian-*|\n|poke|p2|Grafaiai, M|\n|poke|p2|Pineco, L1, F|\n|poke|p2|Vivillon-Garden, M|\n|poke|p2|Spidops, M|\n|poke|p2|Cyclizar, F|\n|poke|p2|Palafin, F|\n|teampreview\n|\n|t:|1701024062\n|start\n|switch|p1a: Zacian|Zacian-Crowned|100\/100\n|switch|p2a: Pineco|Pineco, L1, F|100\/100\n|-ability|p1a: Zacian|Intrepid Sword|boost\n|-boost|p1a: Zacian|atk|1\n|turn|1\n|\n|t:|1701024069\n|move|p1a: Zacian|Play Rough|p2a: Pineco\n|-ability|p2a: Pineco|Sturdy\n|-damage|p2a: Pineco|9\/100\n|move|p2a: Pineco|Dig||[still]\n|-prepare|p2a: Pineco|Dig\n|\n|upkeep\n|turn|2\n|\n|t:|1701024080\n|switch|p1a: Mimikyu|Mimikyu, M, shiny|100\/100\n|move|p2a: Pineco|Dig|p1a: Mimikyu|[from]lockedmove\n|-activate|p1a: Mimikyu|ability: Disguise\n|-damage|p1a: Mimikyu|100\/100\n|detailschange|p1a: Mimikyu|Mimikyu-Busted, M, shiny\n|-damage|p1a: Mimikyu|88\/100|[from] pokemon: Mimikyu-Busted\n|-damage|p2a: Pineco|0 fnt|[from] item: Life Orb\n|faint|p2a: Pineco\n|\n|upkeep\n|\n|t:|1701024094\n|switch|p2a: Grafaiai|Grafaiai, M|100\/100\n|turn|3\n|\n|t:|1701024104\n|switch|p1a: Zacian|Zacian-Crowned|100\/100\n|-terastallize|p2a: Grafaiai|Ground\n|move|p2a: Grafaiai|Copycat|p2a: Grafaiai\n|move|p2a: Grafaiai|Dig||[from]move: Copycat|[still]\n|-prepare|p2a: Grafaiai|Dig\n|\n|upkeep\n|turn|4\n|\n|t:|1701024114\n|switch|p1a: Urshifu|Urshifu-Rapid-Strike, F|100\/100\n|move|p2a: Grafaiai|Dig|p1a: Urshifu|[from]lockedmove\n|-damage|p1a: Urshifu|64\/100\n|\n|upkeep\n|turn|5\n|\n|t:|1701024121\n|move|p2a: Grafaiai|Copycat|p2a: Grafaiai\n|move|p2a: Grafaiai|Dig||[from]move: Copycat|[still]\n|-prepare|p2a: Grafaiai|Dig\n|move|p1a: Urshifu|Rock Slide|p2a: Grafaiai|[miss]\n|-miss|p1a: Urshifu|p2a: Grafaiai\n|\n|upkeep\n|turn|6\n|\n|t:|1701024128\n|move|p1a: Urshifu|Close Combat|p2a: Grafaiai|[miss]\n|-miss|p1a: Urshifu|p2a: Grafaiai\n|move|p2a: Grafaiai|Dig|p1a: Urshifu|[from]lockedmove\n|-damage|p1a: Urshifu|28\/100\n|\n|upkeep\n|turn|7\n|\n|t:|1701024135\n|move|p2a: Grafaiai|Copycat|p2a: Grafaiai\n|move|p2a: Grafaiai|Dig||[from]move: Copycat|[still]\n|-prepare|p2a: Grafaiai|Dig\n|move|p1a: Urshifu|Body Press|p2a: Grafaiai|[miss]\n|-miss|p1a: Urshifu|p2a: Grafaiai\n|\n|upkeep\n|turn|8\n|inactive|Battle timer is ON: inactive players will automatically lose when time's up. (requested by banana superior)\n|\n|t:|1701024143\n|switch|p1a: Zacian|Zacian-Crowned, shiny|100\/100\n|-ability|p1a: Zacian|Intrepid Sword|boost\n|-boost|p1a: Zacian|atk|1\n|move|p2a: Grafaiai|Dig|p1a: Zacian|[from]lockedmove\n|-supereffective|p1a: Zacian\n|-damage|p1a: Zacian|32\/100\n|\n|upkeep\n|turn|9\n|\n|t:|1701024153\n|move|p2a: Grafaiai|Copycat|p2a: Grafaiai\n|move|p2a: Grafaiai|Dig||[from]move: Copycat|[still]\n|-prepare|p2a: Grafaiai|Dig\n|move|p1a: Zacian|Behemoth Blade|p2a: Grafaiai|[miss]\n|-miss|p1a: Zacian|p2a: Grafaiai\n|\n|upkeep\n|turn|10\n|\n|t:|1701024161\n|switch|p1a: Mimikyu|Mimikyu-Busted, M, shiny|88\/100\n|move|p2a: Grafaiai|Dig|p1a: Mimikyu|[from]lockedmove\n|-damage|p1a: Mimikyu|20\/100\n|\n|upkeep\n|turn|11\n|\n|t:|1701024167\n|move|p2a: Grafaiai|Copycat|p2a: Grafaiai\n|move|p2a: Grafaiai|Dig||[from]move: Copycat|[still]\n|-prepare|p2a: Grafaiai|Dig\n|move|p1a: Mimikyu|Copycat|p1a: Mimikyu\n|move|p1a: Mimikyu|Dig||[from]move: Copycat|[still]\n|-prepare|p1a: Mimikyu|Dig\n|\n|upkeep\n|turn|12\n|\n|t:|1701024173\n|move|p1a: Mimikyu|Dig|p2a: Grafaiai|[from]lockedmove|[miss]\n|-miss|p1a: Mimikyu|p2a: Grafaiai\n|move|p2a: Grafaiai|Dig|p1a: Mimikyu|[from]lockedmove\n|-damage|p1a: Mimikyu|0 fnt\n|faint|p1a: Mimikyu\n|\n|upkeep\n|\n|t:|1701024179\n|switch|p1a: Miraidon|Miraidon|100\/100\n|-fieldstart|move: Electric Terrain|[from] ability: Hadron Engine|[of] p1a: Miraidon\n|turn|13\n|\n|t:|1701024184\n|move|p2a: Grafaiai|Copycat|p2a: Grafaiai\n|move|p2a: Grafaiai|Dig||[from]move: Copycat|[still]\n|-prepare|p2a: Grafaiai|Dig\n|move|p1a: Miraidon|Draco Meteor|p2a: Grafaiai|[miss]\n|-miss|p1a: Miraidon|p2a: Grafaiai\n|\n|upkeep\n|turn|14\n|\n|t:|1701024191\n|move|p1a: Miraidon|Dazzling Gleam|p2a: Grafaiai|[miss]\n|-miss|p1a: Miraidon|p2a: Grafaiai\n|move|p2a: Grafaiai|Dig|p1a: Miraidon|[from]lockedmove\n|-supereffective|p1a: Miraidon\n|-damage|p1a: Miraidon|16\/100\n|\n|upkeep\n|turn|15\n|\n|t:|1701024199\n|move|p2a: Grafaiai|Copycat|p2a: Grafaiai\n|move|p2a: Grafaiai|Dig||[from]move: Copycat|[still]\n|-prepare|p2a: Grafaiai|Dig\n|move|p1a: Miraidon|Thunderbolt|p2a: Grafaiai|[miss]\n|-miss|p1a: Miraidon|p2a: Grafaiai\n|\n|upkeep\n|turn|16\n|\n|t:|1701024206\n|move|p1a: Miraidon|Draco Meteor|p2a: Grafaiai|[miss]\n|-miss|p1a: Miraidon|p2a: Grafaiai\n|move|p2a: Grafaiai|Dig|p1a: Miraidon|[from]lockedmove\n|-supereffective|p1a: Miraidon\n|-damage|p1a: Miraidon|0 fnt\n|faint|p1a: Miraidon\n|\n|upkeep\n|\n|t:|1701024213\n|switch|p1a: Zacian|Zacian-Crowned|100\/100\n|turn|17\n|\n|t:|1701024218\n|move|p2a: Grafaiai|Copycat|p2a: Grafaiai\n|move|p2a: Grafaiai|Dig||[from]move: Copycat|[still]\n|-prepare|p2a: Grafaiai|Dig\n|move|p1a: Zacian|Play Rough|p2a: Grafaiai|[miss]\n|-miss|p1a: Zacian|p2a: Grafaiai\n|\n|-fieldend|move: Electric Terrain\n|upkeep\n|turn|18\n|\n|t:|1701024227\n|switch|p1a: Zacian|Zacian-Crowned|100\/100\n|-ability|p1a: Zacian|Intrepid Sword|boost\n|-boost|p1a: Zacian|atk|1\n|move|p2a: Grafaiai|Dig|p1a: Zacian|[from]lockedmove\n|-supereffective|p1a: Zacian\n|-damage|p1a: Zacian|26\/100\n|\n|upkeep\n|turn|19\n|\n|t:|1701024238\n|move|p2a: Grafaiai|Copycat|p2a: Grafaiai\n|move|p2a: Grafaiai|Dig||[from]move: Copycat|[still]\n|-prepare|p2a: Grafaiai|Dig\n|move|p1a: Zacian|Close Combat|p2a: Grafaiai|[miss]\n|-miss|p1a: Zacian|p2a: Grafaiai\n|\n|upkeep\n|turn|20\n|\n|t:|1701024246\n|move|p1a: Zacian|Play Rough|p2a: Grafaiai|[miss]\n|-miss|p1a: Zacian|p2a: Grafaiai\n|move|p2a: Grafaiai|Dig|p1a: Zacian|[from]lockedmove\n|-supereffective|p1a: Zacian\n|-damage|p1a: Zacian|0 fnt\n|faint|p1a: Zacian\n|\n|upkeep\n|-message|MasterHaxorus4 forfeited.\n|\n|win|banana superior\n|raw|MasterHaxorus4's rating: 1162 &rarr; <strong>1128<\/strong><br \/>(-34 for losing)\n|raw|banana superior's rating: 1034 &rarr; <strong>1081<\/strong><br \/>(+47 for winning)\n|l|\u2606MasterHaxorus4\n","uploadtime":1701024257,"views":7,"p1id":"masterhaxorus4","p2id":"bananasuperior","formatid":"gen9anythinggoes","rating":1081,"private":0,"password":""}