{"id":"gen9anythinggoes-1976917320","p1":"Power echo","p2":"EndominusRex430","format":"[Gen 9] Anything Goes","log":"|j|\u2606Power echo\n|j|\u2606EndominusRex430\n|t:|1698352250\n|gametype|singles\n|player|p1|Power echo|policeman-gen4|1059\n|player|p2|EndominusRex430|102|1057\n|teamsize|p1|6\n|teamsize|p2|6\n|gen|9\n|tier|[Gen 9] Anything Goes\n|rated|\n|rule|HP Percentage Mod: HP is shown in percentages\n|rule|Endless Battle Clause: Forcing endless battles is banned\n|clearpoke\n|poke|p1|Sableye, F|\n|poke|p1|Poliwrath, F|\n|poke|p1|Flaaffy, F|\n|poke|p1|Revavroom, F|\n|poke|p1|Urshifu-*, F|\n|poke|p1|Raichu-Alola, M|\n|poke|p2|Baxcalibur, M|\n|poke|p2|Miraidon|\n|poke|p2|Koraidon|\n|poke|p2|Dragapult, M|\n|poke|p2|Roaring Moon|\n|poke|p2|Eternatus|\n|teampreview\n|\n|t:|1698352269\n|start\n|switch|p1a: Flaaffy|Flaaffy, F, shiny|100\/100\n|switch|p2a: Baxcalibur|Baxcalibur, M|100\/100\n|turn|1\n|\n|t:|1698352277\n|-terastallize|p2a: Baxcalibur|Fairy\n|move|p2a: Baxcalibur|Swords Dance|p2a: Baxcalibur\n|-boost|p2a: Baxcalibur|atk|2\n|move|p1a: Flaaffy|Confuse Ray|p2a: Baxcalibur\n|-start|p2a: Baxcalibur|confusion\n|\n|upkeep\n|turn|2\n|\n|t:|1698352295\n|-activate|p2a: Baxcalibur|confusion\n|move|p2a: Baxcalibur|Scale Shot|p1a: Flaaffy\n|-damage|p1a: Flaaffy|69\/100\n|-damage|p1a: Flaaffy|40\/100\n|-damage|p1a: Flaaffy|7\/100\n|-damage|p1a: Flaaffy|0 fnt\n|faint|p1a: Flaaffy\n|-hitcount|p1: Flaaffy|4\n|-unboost|p2a: Baxcalibur|def|1\n|-boost|p2a: Baxcalibur|spe|1\n|\n|upkeep\n|\n|t:|1698352300\n|switch|p1a: Sableye|Sableye, F, shiny|100\/100\n|turn|3\n|\n|t:|1698352309\n|move|p1a: Sableye|Will-O-Wisp|p2a: Baxcalibur\n|-immune|p2a: Baxcalibur|[from] ability: Thermal Exchange\n|-activate|p2a: Baxcalibur|confusion\n|-damage|p2a: Baxcalibur|56\/100|[from] confusion\n|\n|upkeep\n|turn|4\n|\n|t:|1698352315\n|-end|p2a: Baxcalibur|confusion\n|move|p2a: Baxcalibur|Scale Shot|p1a: Sableye\n|-damage|p1a: Sableye|58\/100\n|-damage|p1a: Sableye|18\/100\n|-damage|p1a: Sableye|0 fnt\n|faint|p1a: Sableye\n|-hitcount|p1: Sableye|3\n|-unboost|p2a: Baxcalibur|def|1\n|-boost|p2a: Baxcalibur|spe|1\n|\n|upkeep\n|\n|t:|1698352318\n|switch|p1a: Revavroom|Revavroom, F, shiny|100\/100\n|turn|5\n|\n|t:|1698352343\n|move|p2a: Baxcalibur|Earthquake|p1a: Revavroom\n|-supereffective|p1a: Revavroom\n|-damage|p1a: Revavroom|0 fnt\n|faint|p1a: Revavroom\n|\n|upkeep\n|\n|t:|1698352346\n|switch|p1a: Urshifu|Urshifu-Rapid-Strike, F|100\/100\n|turn|6\n|\n|t:|1698352355\n|-terastallize|p1a: Urshifu|Grass\n|move|p2a: Baxcalibur|Scale Shot|p1a: Urshifu\n|-damage|p1a: Urshifu|72\/100\n|-damage|p1a: Urshifu|46\/100\n|-damage|p1a: Urshifu|17\/100\n|-damage|p1a: Urshifu|0 fnt\n|faint|p1a: Urshifu\n|-hitcount|p1: Urshifu|4\n|-unboost|p2a: Baxcalibur|def|1\n|-boost|p2a: Baxcalibur|spe|1\n|\n|upkeep\n|\n|t:|1698352362\n|switch|p1a: Poliwrath|Poliwrath, F, shiny|100\/100\n|turn|7\n|\n|t:|1698352369\n|move|p2a: Baxcalibur|Scale Shot|p1a: Poliwrath\n|-damage|p1a: Poliwrath|70\/100\n|-damage|p1a: Poliwrath|43\/100\n|-damage|p1a: Poliwrath|12\/100\n|-damage|p1a: Poliwrath|0 fnt\n|faint|p1a: Poliwrath\n|-hitcount|p1: Poliwrath|4\n|-unboost|p2a: Baxcalibur|def|1\n|-boost|p2a: Baxcalibur|spe|1\n|\n|upkeep\n|\n|t:|1698352373\n|switch|p1a: Raichu|Raichu-Alola, M, shiny|100\/100\n|-item|p1a: Raichu|Air Balloon\n|turn|8\n|\n|t:|1698352384\n|move|p2a: Baxcalibur|Scale Shot|p1a: Raichu\n|-damage|p1a: Raichu|44\/100\n|-enditem|p1a: Raichu|Air Balloon\n|-damage|p1a: Raichu|0 fnt\n|faint|p1a: Raichu\n|-hitcount|p1: Raichu|2\n|\n|win|EndominusRex430\n|raw|Power echo's rating: 1059 &rarr; <strong>1040<\/strong><br \/>(-19 for losing)\n|raw|EndominusRex430's rating: 1057 &rarr; <strong>1089<\/strong><br \/>(+32 for winning)\n|l|\u2606Power echo\n","uploadtime":1698352402,"views":11,"p1id":"powerecho","p2id":"endominusrex430","formatid":"gen9anythinggoes","rating":1040,"private":0,"password":""}