{"id":"gen9anythinggoes-1981123154","p1":"trotman","p2":"bino42","format":"[Gen 9] Anything Goes","log":"|j|\u2606trotman\n|j|\u2606bino42\n|t:|1698865380\n|gametype|singles\n|player|p1|trotman|brycenman|1219\n|player|p2|bino42|170|1218\n|teamsize|p1|6\n|teamsize|p2|6\n|gen|9\n|tier|[Gen 9] Anything Goes\n|rated|\n|rule|HP Percentage Mod: HP is shown in percentages\n|rule|Endless Battle Clause: Forcing endless battles is banned\n|clearpoke\n|poke|p1|Ogerpon, F|\n|poke|p1|Okidogi, M|\n|poke|p1|Regieleki|\n|poke|p1|Kingambit, F|\n|poke|p1|Palafin, M|\n|poke|p1|Chi-Yu|\n|poke|p2|Urshifu-*, M|\n|poke|p2|Dragonite, M|\n|poke|p2|Gholdengo|\n|poke|p2|Landorus, M|\n|poke|p2|Ninetales-Alola, M|\n|poke|p2|Empoleon, F|\n|teampreview\n|\n|t:|1698865386\n|start\n|switch|p1a: Palafin|Palafin, M, shiny|100\/100\n|switch|p2a: Landorus|Landorus, M|100\/100\n|turn|1\n|\n|t:|1698865394\n|move|p2a: Landorus|Earthquake|p1a: Palafin\n|-damage|p1a: Palafin|37\/100\n|move|p1a: Palafin|Flip Turn|p2a: Landorus\n|-supereffective|p2a: Landorus\n|-damage|p2a: Landorus|27\/100\n|\n|t:|1698865412\n|detailschange|p1a: Palafin|Palafin-Hero, M, shiny\n|switch|p1a: Regieleki|Regieleki, shiny|100\/100|[from] Flip Turn\n|\n|upkeep\n|turn|2\n|\n|t:|1698865419\n|move|p1a: Regieleki|Tera Blast|p2a: Landorus\n|-damage|p2a: Landorus|0 fnt\n|faint|p2a: Landorus\n|-damage|p1a: Regieleki|91\/100|[from] item: Life Orb\n|\n|upkeep\n|\n|t:|1698865439\n|switch|p2a: Dragonite|Dragonite, M|100\/100\n|turn|3\n|\n|t:|1698865445\n|move|p1a: Regieleki|Volt Switch|p2a: Dragonite\n|-damage|p2a: Dragonite|48\/100\n|-damage|p1a: Regieleki|81\/100|[from] item: Life Orb\n|\n|t:|1698865449\n|switch|p1a: Kingambit|Kingambit, F, shiny|100\/100|[from] Volt Switch\n|move|p2a: Dragonite|Earthquake|p1a: Kingambit\n|-supereffective|p1a: Kingambit\n|-damage|p1a: Kingambit|61\/100\n|\n|-heal|p1a: Kingambit|68\/100|[from] item: Leftovers\n|upkeep\n|turn|4\n|\n|t:|1698865460\n|move|p2a: Dragonite|Earthquake|p1a: Kingambit\n|-supereffective|p1a: Kingambit\n|-damage|p1a: Kingambit|26\/100\n|move|p1a: Kingambit|Thunder Wave|p2a: Dragonite\n|-status|p2a: Dragonite|par\n|\n|-heal|p1a: Kingambit|33\/100|[from] item: Leftovers\n|upkeep\n|turn|5\n|\n|t:|1698865471\n|move|p1a: Kingambit|Stealth Rock|p2a: Dragonite\n|-sidestart|p2: bino42|move: Stealth Rock\n|move|p2a: Dragonite|Earthquake|p1a: Kingambit\n|-supereffective|p1a: Kingambit\n|-damage|p1a: Kingambit|0 fnt\n|faint|p1a: Kingambit\n|\n|upkeep\n|\n|t:|1698865485\n|switch|p1a: Regieleki|Regieleki, shiny|81\/100\n|turn|6\n|\n|t:|1698865493\n|move|p1a: Regieleki|Thunderbolt|p2a: Dragonite\n|-damage|p2a: Dragonite|0 fnt\n|faint|p2a: Dragonite\n|-damage|p1a: Regieleki|71\/100|[from] item: Life Orb\n|\n|upkeep\n|\n|t:|1698865515\n|switch|p2a: Gholdengo|Gholdengo|100\/100\n|-damage|p2a: Gholdengo|94\/100|[from] Stealth Rock\n|turn|7\n|\n|t:|1698865525\n|-terastallize|p2a: Gholdengo|Fairy\n|move|p1a: Regieleki|Volt Switch|p2a: Gholdengo\n|-damage|p2a: Gholdengo|51\/100\n|-damage|p1a: Regieleki|61\/100|[from] item: Life Orb\n|\n|t:|1698865532\n|switch|p1a: Okidogi|Okidogi, M|100\/100|[from] Volt Switch\n|move|p2a: Gholdengo|Dazzling Gleam|p1a: Okidogi\n|-damage|p1a: Okidogi|47\/100\n|\n|upkeep\n|turn|8\n|\n|t:|1698865545\n|move|p2a: Gholdengo|Dazzling Gleam|p1a: Okidogi\n|-damage|p1a: Okidogi|0 fnt\n|faint|p1a: Okidogi\n|\n|upkeep\n|\n|t:|1698865552\n|switch|p1a: Palafin|Palafin-Hero, M, shiny|37\/100\n|-activate|p1a: Palafin|ability: Zero to Hero\n|turn|9\n|\n|t:|1698865561\n|move|p1a: Palafin|Jet Punch|p2a: Gholdengo\n|-damage|p2a: Gholdengo|0 fnt\n|faint|p2a: Gholdengo\n|\n|upkeep\n|\n|t:|1698865569\n|switch|p2a: Empoleon|Empoleon, F|100\/100\n|-damage|p2a: Empoleon|94\/100|[from] Stealth Rock\n|turn|10\n|\n|t:|1698865587\n|switch|p1a: Chi-Yu|Chi-Yu|100\/100\n|-ability|p1a: Chi-Yu|Beads of Ruin\n|move|p2a: Empoleon|Flash Cannon|p1a: Chi-Yu\n|-resisted|p1a: Chi-Yu\n|-crit|p1a: Chi-Yu\n|-damage|p1a: Chi-Yu|66\/100\n|\n|upkeep\n|turn|11\n|\n|t:|1698865596\n|move|p1a: Chi-Yu|Flamethrower|p2a: Empoleon\n|-damage|p2a: Empoleon|54\/100\n|move|p2a: Empoleon|Hydro Pump|p1a: Chi-Yu\n|-supereffective|p1a: Chi-Yu\n|-damage|p1a: Chi-Yu|0 fnt\n|faint|p1a: Chi-Yu\n|\n|upkeep\n|\n|t:|1698865608\n|switch|p1a: Regieleki|Regieleki, shiny|61\/100\n|turn|12\n|\n|t:|1698865645\n|move|p1a: Regieleki|Volt Switch|p2a: Empoleon\n|-supereffective|p2a: Empoleon\n|-damage|p2a: Empoleon|0 fnt\n|faint|p2a: Empoleon\n|-damage|p1a: Regieleki|51\/100|[from] item: Life Orb\n|\n|t:|1698865659\n|switch|p1a: Palafin|Palafin-Hero, M, shiny|37\/100|[from] Volt Switch\n|\n|upkeep\n|\n|t:|1698865672\n|switch|p2a: Urshifu|Urshifu, M|100\/100\n|-damage|p2a: Urshifu|94\/100|[from] Stealth Rock\n|turn|13\n|\n|t:|1698865694\n|-terastallize|p1a: Palafin|Water\n|move|p1a: Palafin|Jet Punch|p2a: Urshifu\n|-damage|p2a: Urshifu|25\/100\n|move|p2a: Urshifu|Wicked Blow|p1a: Palafin\n|-crit|p1a: Palafin\n|-damage|p1a: Palafin|0 fnt\n|faint|p1a: Palafin\n|\n|upkeep\n|\n|t:|1698865702\n|switch|p1a: Regieleki|Regieleki, shiny|51\/100\n|turn|14\n|\n|t:|1698865710\n|move|p1a: Regieleki|Volt Switch|p2a: Urshifu\n|-damage|p2a: Urshifu|0 fnt\n|faint|p2a: Urshifu\n|-damage|p1a: Regieleki|41\/100|[from] item: Life Orb\n|\n|t:|1698865718\n|switch|p1a: Ogerpon|Ogerpon, F|100\/100|[from] Volt Switch\n|\n|upkeep\n|\n|t:|1698865723\n|switch|p2a: Ninetales|Ninetales-Alola, M|100\/100\n|-damage|p2a: Ninetales|76\/100|[from] Stealth Rock\n|turn|15\n|\n|t:|1698865728\n|move|p1a: Ogerpon|Ivy Cudgel|p2a: Ninetales\n|-damage|p2a: Ninetales|0 fnt\n|faint|p2a: Ninetales\n|-damage|p1a: Ogerpon|91\/100|[from] item: Life Orb\n|\n|win|trotman\n|raw|trotman's rating: 1219 &rarr; <strong>1244<\/strong><br \/>(+25 for winning)\n|raw|bino42's rating: 1218 &rarr; <strong>1193<\/strong><br \/>(-25 for losing)\n|l|\u2606bino42\n","uploadtime":1698865737,"views":8,"p1id":"trotman","p2id":"bino42","formatid":"gen9anythinggoes","rating":1193,"private":0,"password":""}