{"id":"gen9anythinggoes-1973246866","p1":"XChuckle762","p2":"BillTheThrill42","format":"[Gen 9] Anything Goes","log":"|j|\u2606XChuckle762\n|j|\u2606BillTheThrill42\n|t:|1697943994\n|gametype|singles\n|player|p1|XChuckle762|koga|\n|player|p2|BillTheThrill42|red|\n|teamsize|p1|6\n|teamsize|p2|6\n|gen|9\n|tier|[Gen 9] Anything Goes\n|rule|HP Percentage Mod: HP is shown in percentages\n|rule|Endless Battle Clause: Forcing endless battles is banned\n|clearpoke\n|poke|p1|Roaring Moon|\n|poke|p1|Goodra-Hisui, M|\n|poke|p1|Zangoose, M|\n|poke|p1|Gardevoir, F|\n|poke|p1|Dragonite, F|\n|poke|p1|Sneasler, F|\n|poke|p2|Iron Valiant|\n|poke|p2|Palafin, M|\n|poke|p2|Pelipper, F|\n|poke|p2|Overqwil, M|\n|poke|p2|Donphan, M|\n|poke|p2|Noivern, M|\n|teampreview\n|inactive|Battle timer is ON: inactive players will automatically lose when time's up. (requested by XChuckle762)\n|inactiveoff|Battle timer is now OFF.\n|\n|t:|1697944017\n|start\n|switch|p1a: Zangoose|Zangoose, M, shiny|100\/100\n|switch|p2a: Phyllis|Pelipper, F|100\/100\n|-weather|RainDance|[from] ability: Drizzle|[of] p2a: Phyllis\n|turn|1\n|\n|t:|1697944025\n|move|p1a: Zangoose|Substitute|p1a: Zangoose\n|-start|p1a: Zangoose|Substitute\n|-damage|p1a: Zangoose|75\/100\n|move|p2a: Phyllis|Surf|p1a: Zangoose\n|-end|p1a: Zangoose|Substitute\n|\n|-weather|RainDance|[upkeep]\n|upkeep\n|turn|2\n|\n|t:|1697944033\n|switch|p1a: Goodra|Goodra-Hisui, M|100\/100\n|move|p2a: Phyllis|Surf|p1a: Goodra\n|-resisted|p1a: Goodra\n|-damage|p1a: Goodra|91\/100\n|\n|-weather|RainDance|[upkeep]\n|upkeep\n|turn|3\n|\n|t:|1697944039\n|move|p2a: Phyllis|U-turn|p1a: Goodra\n|-resisted|p1a: Goodra\n|-damage|p1a: Goodra|86\/100\n|-ability|p1a: Goodra|Gooey\n|-unboost|p2a: Phyllis|spe|1\n|\n|t:|1697944055\n|switch|p2a: Radobaan|Donphan, M, shiny|100\/100|[from] U-turn\n|move|p1a: Goodra|Dragon Tail|p2a: Radobaan\n|-damage|p2a: Radobaan|83\/100\n|drag|p2a: Hetrz|Overqwil, M|100\/100\n|\n|-weather|RainDance|[upkeep]\n|upkeep\n|turn|4\n|\n|t:|1697944067\n|switch|p2a: Radobaan|Donphan, M, shiny|83\/100\n|move|p1a: Goodra|Thunderbolt|p2a: Radobaan\n|-immune|p2a: Radobaan\n|\n|-weather|RainDance|[upkeep]\n|upkeep\n|turn|5\n|\n|t:|1697944076\n|move|p1a: Goodra|Chilling Water|p2a: Radobaan\n|-supereffective|p2a: Radobaan\n|-damage|p2a: Radobaan|15\/100\n|-unboost|p2a: Radobaan|atk|1\n|move|p2a: Radobaan|Earthquake|p1a: Goodra\n|-supereffective|p1a: Goodra\n|-damage|p1a: Goodra|16\/100\n|\n|-weather|RainDance|[upkeep]\n|upkeep\n|turn|6\n|\n|t:|1697944087\n|switch|p2a: Delfender|Palafin, M|100\/100\n|move|p1a: Goodra|Flash Cannon|p2a: Delfender\n|-resisted|p2a: Delfender\n|-damage|p2a: Delfender|76\/100\n|\n|-weather|RainDance|[upkeep]\n|upkeep\n|turn|7\n|\n|t:|1697944093\n|move|p2a: Delfender|Drain Punch|p1a: Goodra\n|-supereffective|p1a: Goodra\n|-damage|p1a: Goodra|0 fnt\n|-heal|p2a: Delfender|83\/100|[from] drain|[of] p1a: Goodra\n|faint|p1a: Goodra\n|\n|-weather|RainDance|[upkeep]\n|upkeep\n|\n|t:|1697944106\n|switch|p1a: Dragonite|Dragonite, F|100\/100\n|turn|8\n|\n|t:|1697944110\n|move|p1a: Dragonite|Extreme Speed|p2a: Delfender\n|-damage|p2a: Delfender|34\/100\n|move|p2a: Delfender|Ice Punch|p1a: Dragonite\n|-supereffective|p1a: Dragonite\n|-crit|p1a: Dragonite\n|-damage|p1a: Dragonite|37\/100\n|\n|-weather|none\n|upkeep\n|turn|9\n|\n|t:|1697944118\n|detailschange|p2a: Delfender|Palafin-Hero, M\n|switch|p2a: Phyllis|Pelipper, F|100\/100\n|-weather|RainDance|[from] ability: Drizzle|[of] p2a: Phyllis\n|move|p1a: Dragonite|Extreme Speed|p2a: Phyllis\n|-damage|p2a: Phyllis|67\/100\n|\n|-weather|RainDance|[upkeep]\n|upkeep\n|turn|10\n|\n|t:|1697944126\n|move|p1a: Dragonite|Extreme Speed|p2a: Phyllis\n|-damage|p2a: Phyllis|33\/100\n|move|p2a: Phyllis|Hurricane|p1a: Dragonite\n|-damage|p1a: Dragonite|0 fnt\n|faint|p1a: Dragonite\n|\n|-weather|RainDance|[upkeep]\n|upkeep\n|\n|t:|1697944133\n|switch|p1a: Zangoose|Zangoose, M, shiny|75\/100\n|turn|11\n|\n|t:|1697944137\n|move|p1a: Zangoose|Facade|p2a: Phyllis\n|-damage|p2a: Phyllis|8\/100\n|move|p2a: Phyllis|Roost|p2a: Phyllis\n|-heal|p2a: Phyllis|58\/100\n|-singleturn|p2a: Phyllis|move: Roost\n|\n|-weather|RainDance|[upkeep]\n|upkeep\n|turn|12\n|\n|t:|1697944144\n|move|p1a: Zangoose|Substitute|p1a: Zangoose\n|-start|p1a: Zangoose|Substitute\n|-damage|p1a: Zangoose|50\/100\n|move|p2a: Phyllis|Surf|p1a: Zangoose\n|-end|p1a: Zangoose|Substitute\n|\n|-weather|RainDance|[upkeep]\n|upkeep\n|turn|13\n|\n|t:|1697944153\n|move|p1a: Zangoose|Substitute|p1a: Zangoose\n|-start|p1a: Zangoose|Substitute\n|-damage|p1a: Zangoose|25\/100\n|-enditem|p1a: Zangoose|Salac Berry|[eat]\n|-boost|p1a: Zangoose|spe|1|[from] item: Salac Berry\n|move|p2a: Phyllis|Roost|p2a: Phyllis\n|-heal|p2a: Phyllis|100\/100\n|-singleturn|p2a: Phyllis|move: Roost\n|\n|-weather|RainDance|[upkeep]\n|upkeep\n|turn|14\n|\n|t:|1697944164\n|move|p1a: Zangoose|Facade|p2a: Phyllis\n|-damage|p2a: Phyllis|74\/100\n|move|p2a: Phyllis|Surf|p1a: Zangoose\n|-end|p1a: Zangoose|Substitute\n|\n|-weather|RainDance|[upkeep]\n|upkeep\n|turn|15\n|\n|t:|1697944174\n|move|p1a: Zangoose|Facade|p2a: Phyllis\n|-damage|p2a: Phyllis|48\/100\n|move|p2a: Phyllis|Hurricane|p1a: Zangoose\n|-damage|p1a: Zangoose|0 fnt\n|faint|p1a: Zangoose\n|\n|-weather|RainDance|[upkeep]\n|upkeep\n|\n|t:|1697944179\n|switch|p1a: Gardevoir|Gardevoir, F|100\/100\n|-ability|p1a: Gardevoir|Drizzle|[from] ability: Trace|[of] p2a: Phyllis\n|turn|16\n|\n|t:|1697944193\n|switch|p2a: Hetrz|Overqwil, M|100\/100\n|move|p1a: Gardevoir|Moonblast|p2a: Hetrz\n|-damage|p2a: Hetrz|21\/100\n|-unboost|p2a: Hetrz|spa|1\n|\n|-weather|none\n|upkeep\n|turn|17\n|\n|t:|1697944209\n|switch|p2a: Phyllis|Pelipper, F|48\/100\n|-weather|RainDance|[from] ability: Drizzle|[of] p2a: Phyllis\n|move|p1a: Gardevoir|Moonblast|p2a: Phyllis\n|-damage|p2a: Phyllis|0 fnt\n|faint|p2a: Phyllis\n|\n|-weather|RainDance|[upkeep]\n|upkeep\n|\n|t:|1697944218\n|switch|p2a: Hetrz|Overqwil, M|21\/100\n|turn|18\n|\n|t:|1697944223\n|switch|p1a: Sneasler|Sneasler, F|100\/100\n|move|p2a: Hetrz|Gunk Shot|p1a: Sneasler\n|-resisted|p1a: Sneasler\n|-damage|p1a: Sneasler|28\/100\n|-damage|p2a: Hetrz|11\/100|[from] item: Life Orb\n|\n|-weather|RainDance|[upkeep]\n|upkeep\n|turn|19\n|\n|t:|1697944233\n|move|p2a: Hetrz|Aqua Jet|p1a: Sneasler\n|-damage|p1a: Sneasler|0 fnt\n|faint|p1a: Sneasler\n|-damage|p2a: Hetrz|1\/100|[from] item: Life Orb\n|\n|-weather|RainDance|[upkeep]\n|upkeep\n|\n|t:|1697944238\n|switch|p1a: Roaring Moon|Roaring Moon|100\/100\n|-enditem|p1a: Roaring Moon|Booster Energy\n|-activate|p1a: Roaring Moon|ability: Protosynthesis|[fromitem]\n|-start|p1a: Roaring Moon|protosynthesisatk\n|turn|20\n|\n|t:|1697944254\n|move|p2a: Hetrz|Gunk Shot|p1a: Roaring Moon\n|-damage|p1a: Roaring Moon|0 fnt\n|faint|p1a: Roaring Moon\n|-end|p1a: Roaring Moon|Protosynthesis|[silent]\n|-damage|p2a: Hetrz|0 fnt|[from] item: Life Orb\n|faint|p2a: Hetrz\n|\n|-weather|RainDance|[upkeep]\n|upkeep\n|\n|t:|1697944261\n|switch|p1a: Gardevoir|Gardevoir, F|100\/100\n|switch|p2a: Delfender|Palafin-Hero, M|34\/100\n|-activate|p2a: Delfender|ability: Zero to Hero\n|turn|21\n|\n|t:|1697944266\n|move|p2a: Delfender|Jet Punch|p1a: Gardevoir\n|-damage|p1a: Gardevoir|0 fnt\n|faint|p1a: Gardevoir\n|\n|win|BillTheThrill42\n|l|\u2606XChuckle762\n|c|\u2606BillTheThrill42|Gg\n","uploadtime":1697944291,"views":5,"p1id":"xchuckle762","p2id":"billthethrill42","formatid":"gen9anythinggoes","rating":0,"private":0,"password":""}