{"id":"gen9anythinggoes-1973450193","p1":"Mr.Lakeland","p2":"Hzozv","format":"[Gen 9] Anything Goes","log":"|j|\u2606Mr.Lakeland\n|j|\u2606Hzozv\n|t:|1697977503\n|gametype|singles\n|player|p1|Mr.Lakeland|gambler|1314\n|player|p2|Hzozv|lusamine-nihilego|1300\n|teamsize|p1|6\n|teamsize|p2|6\n|gen|9\n|tier|[Gen 9] Anything Goes\n|rated|\n|rule|HP Percentage Mod: HP is shown in percentages\n|rule|Endless Battle Clause: Forcing endless battles is banned\n|clearpoke\n|poke|p1|Gliscor, F|\n|poke|p1|Drifblim, F|\n|poke|p1|Ursaluna, M|\n|poke|p1|Vivillon, F|\n|poke|p1|Basculegion, M|\n|poke|p1|Gholdengo|\n|poke|p2|Glimmora, M|\n|poke|p2|Miraidon|\n|poke|p2|Koraidon|\n|poke|p2|Iron Bundle|\n|poke|p2|Great Tusk|\n|poke|p2|Ditto|\n|teampreview\n|inactive|Battle timer is ON: inactive players will automatically lose when time's up. (requested by Hzozv)\n|inactive|Hzozv has 120 seconds left.\n|\n|t:|1697977538\n|start\n|switch|p1a: Bancho|Basculegion, M, shiny|100\/100\n|switch|p2a: Miraidon|Miraidon|100\/100\n|-fieldstart|move: Electric Terrain|[from] ability: Hadron Engine|[of] p2a: Miraidon\n|turn|1\n|\n|t:|1697977550\n|switch|p2a: Glimmora|Glimmora, M|100\/100\n|-terastallize|p1a: Bancho|Normal\n|move|p1a: Bancho|Outrage|p2a: Glimmora\n|-damage|p2a: Glimmora|53\/100\n|-activate|p2a: Glimmora|ability: Toxic Debris\n|-sidestart|p1: Mr.Lakeland|move: Toxic Spikes\n|-enditem|p2a: Glimmora|Red Card|[of] p1a: Bancho\n|drag|p1a: Shmover|Gholdengo|100\/100\n|\n|upkeep\n|turn|2\n|\n|t:|1697977569\n|move|p2a: Glimmora|Stealth Rock|p1a: Shmover\n|-sidestart|p1: Mr.Lakeland|move: Stealth Rock\n|move|p1a: Shmover|Reflect|p1a: Shmover\n|-sidestart|p1: Mr.Lakeland|Reflect\n|\n|upkeep\n|turn|3\n|\n|t:|1697977573\n|move|p2a: Glimmora|Earth Power|p1a: Shmover\n|-supereffective|p1a: Shmover\n|-damage|p1a: Shmover|36\/100\n|move|p1a: Shmover|Light Screen|p1a: Shmover\n|-sidestart|p1: Mr.Lakeland|move: Light Screen\n|\n|upkeep\n|turn|4\n|\n|t:|1697977586\n|move|p2a: Glimmora|Earth Power|p1a: Shmover\n|-supereffective|p1a: Shmover\n|-damage|p1a: Shmover|5\/100\n|move|p1a: Shmover|Make It Rain|p2a: Glimmora\n|-supereffective|p2a: Glimmora\n|-damage|p2a: Glimmora|0 fnt\n|-unboost|p1a: Shmover|spa|1\n|faint|p2a: Glimmora\n|\n|upkeep\n|inactive|Hzozv has 120 seconds left.\n|\n|t:|1697977613\n|switch|p2a: Miraidon|Miraidon|100\/100\n|-activate|p2a: Miraidon|ability: Hadron Engine\n|turn|5\n|\n|t:|1697977618\n|move|p2a: Miraidon|Volt Switch|p1a: Shmover\n|-damage|p1a: Shmover|0 fnt\n|faint|p1a: Shmover\n|\n|t:|1697977622\n|switch|p2a: Koraidon|Koraidon|100\/100|[from] Volt Switch\n|-weather|SunnyDay|[from] ability: Orichalcum Pulse|[of] p2a: Koraidon\n|-activate|p2a: Koraidon|Orichalcum Pulse|[source]\n|\n|-weather|SunnyDay|[upkeep]\n|-fieldend|move: Electric Terrain\n|upkeep\n|\n|t:|1697977649\n|switch|p1a: Spoop|Gliscor, F|100\/100\n|-damage|p1a: Spoop|88\/100|[from] Stealth Rock\n|turn|6\n|\n|t:|1697977658\n|move|p2a: Koraidon|U-turn|p1a: Spoop\n|-resisted|p1a: Spoop\n|-damage|p1a: Spoop|81\/100\n|\n|t:|1697977661\n|switch|p2a: Iron Bundle|Iron Bundle|100\/100|[from] U-turn\n|move|p1a: Spoop|Toxic|p2a: Iron Bundle\n|-status|p2a: Iron Bundle|tox\n|\n|-weather|SunnyDay|[upkeep]\n|-damage|p2a: Iron Bundle|95\/100 tox|[from] psn\n|-status|p1a: Spoop|tox|[from] item: Toxic Orb\n|upkeep\n|turn|7\n|\n|t:|1697977681\n|move|p2a: Iron Bundle|Ice Beam|p1a: Spoop\n|-supereffective|p1a: Spoop\n|-damage|p1a: Spoop|0 fnt\n|faint|p1a: Spoop\n|-damage|p2a: Iron Bundle|85\/100 tox|[from] item: Life Orb\n|\n|-weather|SunnyDay|[upkeep]\n|-damage|p2a: Iron Bundle|73\/100 tox|[from] psn\n|upkeep\n|inactive|Mr.Lakeland has 120 seconds left.\n|\n|t:|1697977706\n|switch|p1a: Berto|Ursaluna, M|100\/100\n|-status|p1a: Berto|psn\n|-damage|p1a: Berto|94\/100 psn|[from] Stealth Rock\n|turn|8\n|\n|t:|1697977713\n|move|p2a: Iron Bundle|Ice Beam|p1a: Berto\n|-supereffective|p1a: Berto\n|-damage|p1a: Berto|40\/100 psn\n|-damage|p2a: Iron Bundle|63\/100 tox|[from] item: Life Orb\n|move|p1a: Berto|Facade|p2a: Iron Bundle\n|-damage|p2a: Iron Bundle|0 fnt\n|faint|p2a: Iron Bundle\n|-end|p2a: Iron Bundle|Quark Drive|[silent]\n|\n|-weather|SunnyDay|[upkeep]\n|-damage|p1a: Berto|28\/100 psn|[from] psn\n|upkeep\n|\n|t:|1697977737\n|switch|p2a: Great Tusk|Great Tusk|100\/100\n|-activate|p2a: Great Tusk|ability: Protosynthesis\n|-start|p2a: Great Tusk|protosynthesisatk\n|turn|9\n|\n|t:|1697977745\n|move|p2a: Great Tusk|Ice Spinner|p1a: Berto\n|-supereffective|p1a: Berto\n|-damage|p1a: Berto|4\/100 psn\n|move|p1a: Berto|Facade|p2a: Great Tusk\n|-damage|p2a: Great Tusk|2\/100\n|\n|-weather|none\n|-end|p2a: Great Tusk|Protosynthesis\n|-damage|p1a: Berto|0 fnt|[from] psn\n|faint|p1a: Berto\n|-sideend|p1: Mr.Lakeland|Reflect\n|upkeep\n|inactive|Mr.Lakeland has 120 seconds left.\n|\n|t:|1697977757\n|switch|p1a: Gust|Vivillon, F|100\/100\n|-damage|p1a: Gust|50\/100|[from] Stealth Rock\n|turn|10\n|\n|t:|1697977762\n|-end|p2a: Great Tusk|Protosynthesis|[silent]\n|switch|p2a: Miraidon|Miraidon|100\/100\n|-fieldstart|move: Electric Terrain|[from] ability: Hadron Engine|[of] p2a: Miraidon\n|move|p1a: Gust|Sleep Powder|p2a: Miraidon\n|-activate|p2a: Miraidon|move: Electric Terrain\n|\n|-heal|p1a: Gust|56\/100|[from] item: Leftovers\n|-sideend|p1: Mr.Lakeland|move: Light Screen\n|upkeep\n|turn|11\n|\n|t:|1697977775\n|-terastallize|p2a: Miraidon|Electric\n|move|p2a: Miraidon|Electro Drift|p1a: Gust\n|-supereffective|p1a: Gust\n|-damage|p1a: Gust|0 fnt\n|faint|p1a: Gust\n|\n|upkeep\n|\n|t:|1697977783\n|switch|p1a: Bloon|Drifblim, F|100\/100\n|-damage|p1a: Bloon|76\/100|[from] Stealth Rock\n|turn|12\n|\n|t:|1697977789\n|move|p2a: Miraidon|Electro Drift|p1a: Bloon\n|-supereffective|p1a: Bloon\n|-damage|p1a: Bloon|0 fnt\n|-damage|p2a: Miraidon|76\/100|[from] ability: Aftermath|[of] p1a: Bloon\n|faint|p1a: Bloon\n|\n|upkeep\n|\n|t:|1697977796\n|switch|p1a: Bancho|Basculegion, M, shiny, tera:Normal|100\/100\n|-status|p1a: Bancho|psn\n|-damage|p1a: Bancho|88\/100 psn|[from] Stealth Rock\n|turn|13\n|\n|t:|1697977801\n|switch|p2a: Great Tusk|Great Tusk|2\/100\n|move|p1a: Bancho|Last Respects|p2a: Great Tusk\n|-damage|p2a: Great Tusk|0 fnt\n|faint|p2a: Great Tusk\n|-end|p2a: Great Tusk|Protosynthesis|[silent]\n|\n|-damage|p1a: Bancho|76\/100 psn|[from] psn\n|upkeep\n|\n|t:|1697977808\n|switch|p2a: Koraidon|Koraidon|100\/100\n|-weather|SunnyDay|[from] ability: Orichalcum Pulse|[of] p2a: Koraidon\n|-activate|p2a: Koraidon|Orichalcum Pulse|[source]\n|turn|14\n|\n|t:|1697977813\n|move|p2a: Koraidon|Collision Course|p1a: Bancho\n|-supereffective|p1a: Bancho\n|-damage|p1a: Bancho|0 fnt\n|faint|p1a: Bancho\n|\n|win|Hzozv\n|raw|Mr.Lakeland's rating: 1314 &rarr; <strong>1293<\/strong><br \/>(-21 for losing)\n|raw|Hzozv's rating: 1300 &rarr; <strong>1326<\/strong><br \/>(+26 for winning)\n|l|\u2606Mr.Lakeland\n","uploadtime":1697977820,"views":14,"p1id":"mrlakeland","p2id":"hzozv","formatid":"gen9anythinggoes","rating":1293,"private":0,"password":""}