{"id":"gen9anythinggoes-1983959213","p1":"Xionicdemon","p2":"Reesecup2006","format":"[Gen 9] Anything Goes","log":"|j|\u2606Xionicdemon\n|j|\u2606Reesecup2006\n|t:|1699204243\n|gametype|singles\n|player|p1|Xionicdemon|hugh|1133\n|player|p2|Reesecup2006|marley|1075\n|teamsize|p1|6\n|teamsize|p2|6\n|gen|9\n|tier|[Gen 9] Anything Goes\n|rated|\n|rule|HP Percentage Mod: HP is shown in percentages\n|rule|Endless Battle Clause: Forcing endless battles is banned\n|clearpoke\n|poke|p1|Urshifu-*, F|\n|poke|p1|Mewtwo|\n|poke|p1|Zapdos|\n|poke|p1|Annihilape, M|\n|poke|p1|Cyclizar, M|\n|poke|p1|Gyarados, F|\n|poke|p2|Urshifu-*, F|\n|poke|p2|Charizard, M|\n|poke|p2|Raichu-Alola, M|\n|poke|p2|Decidueye, M|\n|poke|p2|Manaphy|\n|poke|p2|Garchomp, F|\n|teampreview\n|\n|t:|1699204255\n|start\n|switch|p1a: Zapdos|Zapdos|100\/100\n|switch|p2a: Raichu|Raichu-Alola, M|100\/100\n|turn|1\n|\n|t:|1699204265\n|move|p2a: Raichu|Psychic|p1a: Zapdos\n|-damage|p1a: Zapdos|58\/100\n|move|p1a: Zapdos|Ancient Power|p2a: Raichu\n|-damage|p2a: Raichu|58\/100\n|\n|-heal|p2a: Raichu|64\/100|[from] item: Leftovers\n|upkeep\n|turn|2\n|\n|t:|1699204273\n|move|p2a: Raichu|Psychic|p1a: Zapdos\n|-damage|p1a: Zapdos|14\/100\n|-unboost|p1a: Zapdos|spd|1\n|move|p1a: Zapdos|Ancient Power|p2a: Raichu\n|-damage|p2a: Raichu|19\/100\n|\n|-heal|p2a: Raichu|25\/100|[from] item: Leftovers\n|upkeep\n|turn|3\n|\n|t:|1699204283\n|move|p2a: Raichu|Psychic|p1a: Zapdos\n|-damage|p1a: Zapdos|0 fnt\n|faint|p1a: Zapdos\n|\n|-heal|p2a: Raichu|31\/100|[from] item: Leftovers\n|upkeep\n|inactive|Battle timer is ON: inactive players will automatically lose when time's up. (requested by Reesecup2006)\n|inactiveoff|Battle timer is now OFF.\n|\n|t:|1699204317\n|switch|p1a: Cyclizar|Cyclizar, M|100\/100\n|turn|4\n|\n|t:|1699204322\n|move|p1a: Cyclizar|Shed Tail|p1a: Cyclizar\n|-start|p1a: Cyclizar|Substitute|[from] move: Shed Tail\n|-damage|p1a: Cyclizar|50\/100\n|\n|t:|1699204328\n|switch|p1a: Urshifu|Urshifu, F|100\/100|[from] Shed Tail\n|move|p2a: Raichu|Play Rough|p1a: Urshifu\n|-supereffective|p1a: Urshifu\n|-end|p1a: Urshifu|Substitute\n|\n|-heal|p2a: Raichu|37\/100|[from] item: Leftovers\n|upkeep\n|turn|5\n|\n|t:|1699204339\n|move|p2a: Raichu|Thunderbolt|p1a: Urshifu\n|-damage|p1a: Urshifu|49\/100\n|-status|p1a: Urshifu|par\n|cant|p1a: Urshifu|par\n|\n|-heal|p2a: Raichu|43\/100|[from] item: Leftovers\n|upkeep\n|turn|6\n|\n|t:|1699204348\n|move|p2a: Raichu|Electric Terrain|p2a: Raichu\n|-fieldstart|move: Electric Terrain\n|move|p1a: Urshifu|Wicked Blow|p2a: Raichu\n|-supereffective|p2a: Raichu\n|-crit|p2a: Raichu\n|-damage|p2a: Raichu|0 fnt\n|faint|p2a: Raichu\n|\n|upkeep\n|\n|t:|1699204355\n|switch|p2a: Decidueye|Decidueye, M|100\/100\n|turn|7\n|\n|t:|1699204359\n|move|p2a: Decidueye|Leaf Blade|p1a: Urshifu\n|-damage|p1a: Urshifu|8\/100 par\n|move|p1a: Urshifu|Wicked Blow|p2a: Decidueye\n|-supereffective|p2a: Decidueye\n|-crit|p2a: Decidueye\n|-damage|p2a: Decidueye|0 fnt\n|faint|p2a: Decidueye\n|\n|upkeep\n|\n|t:|1699204374\n|switch|p2a: Manaphy|Manaphy|100\/100\n|turn|8\n|\n|t:|1699204380\n|move|p2a: Manaphy|Psychic|p1a: Urshifu\n|-immune|p1a: Urshifu\n|cant|p1a: Urshifu|par\n|\n|upkeep\n|turn|9\n|\n|t:|1699204387\n|move|p2a: Manaphy|Psychic|p1a: Urshifu\n|-immune|p1a: Urshifu\n|cant|p1a: Urshifu|par\n|\n|upkeep\n|turn|10\n|\n|t:|1699204393\n|move|p2a: Manaphy|Ice Beam|p1a: Urshifu\n|-damage|p1a: Urshifu|0 fnt\n|faint|p1a: Urshifu\n|\n|-fieldend|move: Electric Terrain\n|upkeep\n|\n|t:|1699204407\n|switch|p1a: Annihilape|Annihilape, M|100\/100\n|turn|11\n|\n|t:|1699204418\n|move|p2a: Manaphy|Psychic|p1a: Annihilape\n|-supereffective|p1a: Annihilape\n|-damage|p1a: Annihilape|68\/100\n|move|p1a: Annihilape|Drain Punch|p2a: Manaphy\n|-damage|p2a: Manaphy|61\/100\n|-heal|p1a: Annihilape|84\/100|[from] drain|[of] p2a: Manaphy\n|\n|upkeep\n|turn|12\n|\n|t:|1699204431\n|move|p2a: Manaphy|Tail Glow|p2a: Manaphy\n|-boost|p2a: Manaphy|spa|3\n|move|p1a: Annihilape|Drain Punch|p2a: Manaphy\n|-damage|p2a: Manaphy|21\/100\n|-heal|p1a: Annihilape|99\/100|[from] drain|[of] p2a: Manaphy\n|\n|upkeep\n|turn|13\n|\n|t:|1699204439\n|move|p2a: Manaphy|Psychic|p1a: Annihilape\n|-supereffective|p1a: Annihilape\n|-damage|p1a: Annihilape|25\/100\n|move|p1a: Annihilape|Rage Fist|p2a: Manaphy\n|-damage|p2a: Manaphy|0 fnt\n|faint|p2a: Manaphy\n|\n|upkeep\n|\n|t:|1699204453\n|switch|p2a: Charizard|Charizard, M, shiny|100\/100\n|turn|14\n|\n|t:|1699204458\n|move|p2a: Charizard|Earthquake|p1a: Annihilape\n|-damage|p1a: Annihilape|5\/100\n|move|p1a: Annihilape|Rage Fist|p2a: Charizard\n|-damage|p2a: Charizard|0 fnt\n|faint|p2a: Charizard\n|\n|upkeep\n|\n|t:|1699204472\n|switch|p2a: Garchomp|Garchomp, F|100\/100\n|turn|15\n|\n|t:|1699204478\n|move|p2a: Garchomp|Swords Dance|p2a: Garchomp\n|-boost|p2a: Garchomp|atk|2\n|move|p1a: Annihilape|Rage Fist|p2a: Garchomp\n|-damage|p2a: Garchomp|0 fnt\n|faint|p2a: Garchomp\n|\n|upkeep\n|\n|t:|1699204486\n|switch|p2a: Urshifu|Urshifu-Rapid-Strike, F|100\/100\n|turn|16\n|\n|t:|1699204493\n|move|p2a: Urshifu|Ice Punch|p1a: Annihilape\n|-damage|p1a: Annihilape|0 fnt\n|faint|p1a: Annihilape\n|\n|upkeep\n|\n|t:|1699204498\n|switch|p1a: Gyarados|Gyarados, F|100\/100\n|turn|17\n|\n|t:|1699204508\n|-terastallize|p2a: Urshifu|Water\n|move|p2a: Urshifu|Ice Punch|p1a: Gyarados\n|-damage|p1a: Gyarados|70\/100\n|move|p1a: Gyarados|Waterfall|p2a: Urshifu\n|-resisted|p2a: Urshifu\n|-damage|p2a: Urshifu|80\/100\n|\n|upkeep\n|turn|18\n|\n|t:|1699204517\n|move|p2a: Urshifu|Ice Punch|p1a: Gyarados\n|-damage|p1a: Gyarados|37\/100\n|move|p1a: Gyarados|Crunch|p2a: Urshifu\n|-damage|p2a: Urshifu|52\/100\n|\n|upkeep\n|turn|19\n|\n|t:|1699204527\n|move|p2a: Urshifu|Stone Edge|p1a: Gyarados\n|-supereffective|p1a: Gyarados\n|-damage|p1a: Gyarados|0 fnt\n|faint|p1a: Gyarados\n|\n|upkeep\n|\n|t:|1699204536\n|switch|p1a: Mewtwo|Mewtwo|100\/100\n|-ability|p1a: Mewtwo|Unnerve\n|turn|20\n|\n|t:|1699204545\n|move|p1a: Mewtwo|Thunderbolt|p2a: Urshifu\n|-supereffective|p2a: Urshifu\n|-damage|p2a: Urshifu|0 fnt\n|faint|p2a: Urshifu\n|-damage|p1a: Mewtwo|91\/100|[from] item: Life Orb\n|\n|win|Xionicdemon\n|raw|Xionicdemon's rating: 1133 &rarr; <strong>1154<\/strong><br \/>(+21 for winning)\n|raw|Reesecup2006's rating: 1075 &rarr; <strong>1057<\/strong><br \/>(-18 for losing)\n|l|\u2606Reesecup2006\n","uploadtime":1699204576,"views":3,"p1id":"xionicdemon","p2id":"reesecup2006","formatid":"gen9anythinggoes","rating":1057,"private":0,"password":""}