{"id":"gen9anythinggoes-1971924658","p1":"puissance du feu","p2":"Main Ubers","format":"[Gen 9] Anything Goes","log":"|j|\u2606puissance du feu\n|j|\u2606Main Ubers\n|t:|1697792931\n|gametype|singles\n|player|p1|puissance du feu|blackbelt|1605\n|player|p2|Main Ubers|peonia|1786\n|teamsize|p1|6\n|teamsize|p2|6\n|gen|9\n|tier|[Gen 9] Anything Goes\n|rated|\n|rule|HP Percentage Mod: HP is shown in percentages\n|rule|Endless Battle Clause: Forcing endless battles is banned\n|clearpoke\n|poke|p1|Arceus|\n|poke|p1|Koraidon|\n|poke|p1|Giratina-Origin|\n|poke|p1|Arceus|\n|poke|p1|Zacian-*|\n|poke|p1|Calyrex-Shadow|\n|poke|p2|Grimmsnarl, M|\n|poke|p2|Glimmora, M|\n|poke|p2|Arceus|\n|poke|p2|Arceus-Ground|\n|poke|p2|Koraidon|\n|poke|p2|Calyrex-Shadow|\n|teampreview\n|inactive|Battle timer is ON: inactive players will automatically lose when time's up. (requested by Main Ubers)\n|inactive|puissance du feu also wants the timer to be on.\n|\n|t:|1697792945\n|start\n|switch|p1a: Zacian|Zacian-Crowned|100\/100\n|switch|p2a: Glimmora|Glimmora, M|100\/100\n|-ability|p1a: Zacian|Intrepid Sword|boost\n|-boost|p1a: Zacian|atk|1\n|turn|1\n|\n|t:|1697792950\n|move|p1a: Zacian|Agility|p1a: Zacian\n|-boost|p1a: Zacian|spe|2\n|move|p2a: Glimmora|Mud Shot|p1a: Zacian|[miss]\n|-miss|p2a: Glimmora|p1a: Zacian\n|\n|upkeep\n|turn|2\n|\n|t:|1697792958\n|move|p1a: Zacian|Wild Charge|p2a: Glimmora\n|-damage|p2a: Glimmora|42\/100\n|-activate|p2a: Glimmora|ability: Toxic Debris\n|-sidestart|p1: puissance du feu|move: Toxic Spikes\n|-damage|p1a: Zacian|87\/100|[from] Recoil\n|move|p2a: Glimmora|Mud Shot|p1a: Zacian\n|-supereffective|p1a: Zacian\n|-damage|p1a: Zacian|50\/100\n|-unboost|p1a: Zacian|spe|1\n|\n|upkeep\n|turn|3\n|\n|t:|1697792971\n|move|p1a: Zacian|Wild Charge|p2a: Glimmora\n|-damage|p2a: Glimmora|0 fnt\n|-activate|p2a: Glimmora|ability: Toxic Debris\n|-sidestart|p1: puissance du feu|move: Toxic Spikes\n|faint|p2a: Glimmora\n|-damage|p1a: Zacian|40\/100|[from] Recoil\n|\n|upkeep\n|\n|t:|1697792984\n|switch|p2a: Arceus|Arceus-Ground|100\/100\n|turn|4\n|\n|t:|1697792991\n|move|p1a: Zacian|Play Rough|p2a: Arceus\n|-damage|p2a: Arceus|44\/100\n|move|p2a: Arceus|Earthquake|p1a: Zacian\n|-supereffective|p1a: Zacian\n|-damage|p1a: Zacian|0 fnt\n|faint|p1a: Zacian\n|\n|upkeep\n|\n|t:|1697792997\n|switch|p1a: Calyrex|Calyrex-Shadow|100\/100\n|-ability|p1a: Calyrex|As One\n|-ability|p1a: Calyrex|Unnerve\n|-status|p1a: Calyrex|tox\n|turn|5\n|\n|t:|1697793003\n|switch|p2a: Grimmsnarl|Grimmsnarl, M|100\/100\n|move|p1a: Calyrex|Trick|p2a: Grimmsnarl\n|-activate|p1a: Calyrex|move: Trick|[of] p2a: Grimmsnarl\n|-item|p2a: Grimmsnarl|Choice Specs|[from] move: Trick\n|-item|p1a: Calyrex|Light Clay|[from] move: Trick\n|\n|-damage|p1a: Calyrex|94\/100 tox|[from] psn\n|upkeep\n|turn|6\n|\n|t:|1697793013\n|switch|p1a: Giratina|Giratina-Origin|100\/100\n|switch|p2a: Arceus|Arceus-Ground|44\/100\n|\n|upkeep\n|turn|7\n|\n|t:|1697793018\n|move|p2a: Arceus|Taunt|p1a: Giratina\n|-start|p1a: Giratina|move: Taunt\n|move|p1a: Giratina|Dragon Tail|p2a: Arceus|[miss]\n|-miss|p1a: Giratina|p2a: Arceus\n|\n|upkeep\n|turn|8\n|\n|t:|1697793023\n|switch|p2a: Grimmsnarl|Grimmsnarl, M|100\/100\n|move|p1a: Giratina|Dragon Tail|p2a: Grimmsnarl\n|-immune|p2a: Grimmsnarl\n|\n|upkeep\n|turn|9\n|\n|t:|1697793029\n|switch|p1a: Calyrex|Calyrex-Shadow|94\/100 tox\n|-ability|p1a: Calyrex|As One\n|-ability|p1a: Calyrex|Unnerve\n|move|p2a: Grimmsnarl|Spirit Break|p1a: Calyrex\n|-damage|p1a: Calyrex|57\/100 tox\n|-unboost|p1a: Calyrex|spa|1\n|\n|-damage|p1a: Calyrex|51\/100 tox|[from] psn\n|upkeep\n|turn|10\n|\n|t:|1697793036\n|switch|p1a: Giratina|Giratina-Origin|100\/100\n|switch|p2a: Arceus|Arceus-Ground|44\/100\n|\n|upkeep\n|turn|11\n|\n|t:|1697793043\n|move|p2a: Arceus|Taunt|p1a: Giratina\n|-start|p1a: Giratina|move: Taunt\n|move|p1a: Giratina|Shadow Ball|p2a: Arceus\n|-damage|p2a: Arceus|15\/100\n|\n|upkeep\n|turn|12\n|\n|t:|1697793053\n|move|p2a: Arceus|Dragon Dance|p2a: Arceus\n|-boost|p2a: Arceus|atk|1\n|-boost|p2a: Arceus|spe|1\n|move|p1a: Giratina|Shadow Ball|p2a: Arceus\n|-damage|p2a: Arceus|0 fnt\n|faint|p2a: Arceus\n|\n|upkeep\n|\n|t:|1697793074\n|switch|p2a: Koraidon|Koraidon|100\/100\n|-weather|SunnyDay|[from] ability: Orichalcum Pulse|[of] p2a: Koraidon\n|-activate|p2a: Koraidon|Orichalcum Pulse|[source]\n|turn|13\n|inactive|puissance du feu has 120 seconds left.\n|inactive|puissance du feu has 90 seconds left.\n|\n|t:|1697793160\n|switch|p1a: Calyrex|Calyrex-Shadow|51\/100 tox\n|-ability|p1a: Calyrex|As One\n|-ability|p1a: Calyrex|Unnerve\n|move|p2a: Koraidon|Scale Shot|p1a: Calyrex\n|-damage|p1a: Calyrex|30\/100 tox\n|-damage|p1a: Calyrex|8\/100 tox\n|-damage|p1a: Calyrex|0 fnt\n|faint|p1a: Calyrex\n|-hitcount|p1: Calyrex|3\n|-unboost|p2a: Koraidon|def|1\n|-boost|p2a: Koraidon|spe|1\n|\n|-weather|SunnyDay|[upkeep]\n|upkeep\n|inactive|puissance du feu has 60 seconds left.\n|\n|t:|1697793171\n|switch|p1a: Giratina|Giratina-Origin|100\/100\n|turn|14\n|\n|t:|1697793183\n|-terastallize|p1a: Giratina|Steel\n|move|p2a: Koraidon|Swords Dance|p2a: Koraidon\n|-boost|p2a: Koraidon|atk|2\n|move|p1a: Giratina|Dragon Tail|p2a: Koraidon\n|-supereffective|p2a: Koraidon\n|-damage|p2a: Koraidon|0 fnt\n|faint|p2a: Koraidon\n|\n|-weather|SunnyDay|[upkeep]\n|upkeep\n|\n|t:|1697793200\n|switch|p2a: Grimmsnarl|Grimmsnarl, M|100\/100\n|turn|15\n|inactive|puissance du feu has 60 seconds left.\n|\n|t:|1697793233\n|move|p2a: Grimmsnarl|Taunt|p1a: Giratina\n|-start|p1a: Giratina|move: Taunt\n|cant|p1a: Giratina|move: Taunt|Defog\n|\n|-weather|SunnyDay|[upkeep]\n|upkeep\n|turn|16\n|\n|t:|1697793242\n|switch|p2a: Arceus|Arceus|100\/100\n|move|p1a: Giratina|Dragon Tail|p2a: Arceus\n|-damage|p2a: Arceus|73\/100\n|drag|p2a: Calyrex|Calyrex-Shadow|100\/100\n|-ability|p2a: Calyrex|As One\n|-ability|p2a: Calyrex|Unnerve\n|\n|-weather|SunnyDay|[upkeep]\n|upkeep\n|turn|17\n|inactive|puissance du feu has 60 seconds left.\n|\n|t:|1697793265\n|-terastallize|p2a: Calyrex|Fairy\n|move|p1a: Giratina|Shadow Sneak|p2a: Calyrex\n|-damage|p2a: Calyrex|76\/100\n|move|p2a: Calyrex|Nasty Plot|p2a: Calyrex\n|-boost|p2a: Calyrex|spa|2\n|\n|-weather|none\n|-heal|p2a: Calyrex|82\/100|[from] item: Leftovers\n|-end|p1a: Giratina|move: Taunt\n|upkeep\n|turn|18\n|inactive|puissance du feu has 60 seconds left.\n|\n|t:|1697793280\n|move|p2a: Calyrex|Astral Barrage|p1a: Giratina\n|-damage|p1a: Giratina|20\/100\n|move|p1a: Giratina|Defog|p2a: Calyrex\n|-unboost|p2a: Calyrex|evasion|1\n|-sideend|p1: puissance du feu|Toxic Spikes|[from] move: Defog|[of] p1a: Giratina\n|\n|-heal|p2a: Calyrex|88\/100|[from] item: Leftovers\n|upkeep\n|turn|19\n|\n|t:|1697793286\n|move|p1a: Giratina|Shadow Sneak|p2a: Calyrex\n|-damage|p2a: Calyrex|61\/100\n|move|p2a: Calyrex|Draining Kiss|p1a: Giratina\n|-resisted|p1a: Giratina\n|-damage|p1a: Giratina|0 fnt\n|-heal|p2a: Calyrex|80\/100|[from] drain|[of] p1a: Giratina\n|faint|p1a: Giratina\n|-ability|p2a: Calyrex|Grim Neigh|boost\n|-boost|p2a: Calyrex|spa|1\n|\n|-heal|p2a: Calyrex|86\/100|[from] item: Leftovers\n|upkeep\n|\n|t:|1697793293\n|switch|p1a: Koraidon|Koraidon|100\/100\n|-weather|SunnyDay|[from] ability: Orichalcum Pulse|[of] p1a: Koraidon\n|-activate|p1a: Koraidon|Orichalcum Pulse|[source]\n|turn|20\n|\n|t:|1697793305\n|move|p1a: Koraidon|Flare Blitz|p2a: Calyrex\n|-damage|p2a: Calyrex|9\/100\n|-damage|p1a: Koraidon|72\/100|[from] Recoil\n|move|p2a: Calyrex|Draining Kiss|p1a: Koraidon\n|-supereffective|p1a: Koraidon\n|-damage|p1a: Koraidon|0 fnt\n|-heal|p2a: Calyrex|57\/100|[from] drain|[of] p1a: Koraidon\n|faint|p1a: Koraidon\n|-ability|p2a: Calyrex|Grim Neigh|boost\n|-boost|p2a: Calyrex|spa|1\n|\n|-weather|SunnyDay|[upkeep]\n|-heal|p2a: Calyrex|63\/100|[from] item: Leftovers\n|upkeep\n|inactive|puissance du feu has 60 seconds left.\n|\n|t:|1697793354\n|switch|p1a: Arceus|Arceus|100\/100\n|turn|21\n|\n|t:|1697793359\n|move|p1a: Arceus|Extreme Speed|p2a: Calyrex\n|-damage|p2a: Calyrex|7\/100\n|-damage|p1a: Arceus|91\/100|[from] item: Life Orb\n|move|p2a: Calyrex|Draining Kiss|p1a: Arceus\n|-damage|p1a: Arceus|24\/100\n|-heal|p2a: Calyrex|64\/100|[from] drain|[of] p1a: Arceus\n|\n|-weather|SunnyDay|[upkeep]\n|-heal|p2a: Calyrex|70\/100|[from] item: Leftovers\n|upkeep\n|turn|22\n|\n|t:|1697793368\n|move|p1a: Arceus|Extreme Speed|p2a: Calyrex\n|-damage|p2a: Calyrex|13\/100\n|-damage|p1a: Arceus|14\/100|[from] item: Life Orb\n|move|p2a: Calyrex|Draining Kiss|p1a: Arceus\n|-damage|p1a: Arceus|0 fnt\n|-heal|p2a: Calyrex|25\/100|[from] drain|[of] p1a: Arceus\n|faint|p1a: Arceus\n|-ability|p2a: Calyrex|Grim Neigh|boost\n|-boost|p2a: Calyrex|spa|1\n|\n|-weather|SunnyDay|[upkeep]\n|-heal|p2a: Calyrex|31\/100|[from] item: Leftovers\n|upkeep\n|\n|t:|1697793370\n|switch|p1a: Arceus|Arceus|100\/100\n|turn|23\n|\n|t:|1697793380\n|move|p1a: Arceus|Extreme Speed|p2a: Calyrex\n|-damage|p2a: Calyrex|0 fnt\n|faint|p2a: Calyrex\n|\n|-weather|SunnyDay|[upkeep]\n|upkeep\n|\n|t:|1697793394\n|switch|p2a: Grimmsnarl|Grimmsnarl, M|100\/100\n|turn|24\n|\n|t:|1697793401\n|move|p2a: Grimmsnarl|Taunt|p1a: Arceus\n|-start|p1a: Arceus|move: Taunt\n|cant|p1a: Arceus|move: Taunt|Swords Dance\n|\n|-weather|none\n|upkeep\n|turn|25\n|\n|t:|1697793408\n|move|p1a: Arceus|Extreme Speed|p2a: Grimmsnarl\n|-damage|p2a: Grimmsnarl|42\/100\n|move|p2a: Grimmsnarl|Taunt||[still]\n|-fail|p2a: Grimmsnarl\n|\n|upkeep\n|turn|26\n|\n|t:|1697793413\n|move|p2a: Grimmsnarl|Taunt||[still]\n|-fail|p2a: Grimmsnarl\n|move|p1a: Arceus|Shadow Claw|p2a: Grimmsnarl\n|-resisted|p2a: Grimmsnarl\n|-crit|p2a: Grimmsnarl\n|-damage|p2a: Grimmsnarl|17\/100\n|\n|-end|p1a: Arceus|move: Taunt\n|upkeep\n|turn|27\n|\n|t:|1697793417\n|move|p1a: Arceus|Extreme Speed|p2a: Grimmsnarl\n|-damage|p2a: Grimmsnarl|0 fnt\n|faint|p2a: Grimmsnarl\n|\n|upkeep\n|\n|t:|1697793421\n|switch|p2a: Arceus|Arceus|73\/100\n|turn|28\n|\n|t:|1697793427\n|move|p2a: Arceus|Bulk Up|p2a: Arceus\n|-boost|p2a: Arceus|atk|1\n|-boost|p2a: Arceus|def|1\n|move|p1a: Arceus|Swords Dance|p1a: Arceus\n|-boost|p1a: Arceus|atk|2\n|\n|-heal|p2a: Arceus|79\/100|[from] item: Leftovers\n|upkeep\n|turn|29\n|\n|t:|1697793434\n|move|p2a: Arceus|Bulk Up|p2a: Arceus\n|-boost|p2a: Arceus|atk|1\n|-boost|p2a: Arceus|def|1\n|move|p1a: Arceus|Swords Dance|p1a: Arceus\n|-boost|p1a: Arceus|atk|2\n|\n|-heal|p2a: Arceus|86\/100|[from] item: Leftovers\n|upkeep\n|turn|30\n|\n|t:|1697793440\n|move|p2a: Arceus|Extreme Speed|p1a: Arceus\n|-damage|p1a: Arceus|41\/100\n|move|p1a: Arceus|Extreme Speed|p2a: Arceus\n|-damage|p2a: Arceus|33\/100\n|\n|-heal|p2a: Arceus|40\/100|[from] item: Leftovers\n|upkeep\n|turn|31\n|\n|t:|1697793447\n|move|p2a: Arceus|Extreme Speed|p1a: Arceus\n|-damage|p1a: Arceus|0 fnt\n|faint|p1a: Arceus\n|\n|win|Main Ubers\n|raw|puissance du feu's rating: 1605 &rarr; <strong>1595<\/strong><br \/>(-10 for losing)\n|raw|Main Ubers's rating: 1786 &rarr; <strong>1796<\/strong><br \/>(+10 for winning)\n|l|\u2606puissance du feu\n","uploadtime":1697793456,"views":35,"p1id":"puissancedufeu","p2id":"mainubers","formatid":"gen9anythinggoes","rating":1595,"private":0,"password":""}