{"id":"gen9anythinggoes-1981627104","p1":"daddyshometonight","p2":"AyuKe","format":"[Gen 9] Anything Goes","log":"|j|\u2606daddyshometonight\n|j|\u2606AyuKe\n|t:|1698927714\n|gametype|singles\n|player|p1|daddyshometonight|firebreather|1393\n|player|p2|AyuKe|101|1404\n|teamsize|p1|6\n|teamsize|p2|6\n|gen|9\n|tier|[Gen 9] Anything Goes\n|rated|\n|rule|HP Percentage Mod: HP is shown in percentages\n|rule|Endless Battle Clause: Forcing endless battles is banned\n|clearpoke\n|poke|p1|Zacian-*|\n|poke|p1|Calyrex-Shadow|\n|poke|p1|Blissey, F|\n|poke|p1|Miraidon|\n|poke|p1|Giratina-Origin|\n|poke|p1|Arceus-Ice|\n|poke|p2|Calyrex-Shadow|\n|poke|p2|Arceus|\n|poke|p2|Koraidon|\n|poke|p2|Garganacl, M|\n|poke|p2|Chi-Yu|\n|poke|p2|Zacian-*|\n|teampreview\n|\n|t:|1698927723\n|start\n|switch|p1a: zacianed on|Zacian-Crowned|100\/100\n|switch|p2a: Garganacl|Garganacl, M|100\/100\n|-ability|p1a: zacianed on|Intrepid Sword|boost\n|-boost|p1a: zacianed on|atk|1\n|-item|p2a: Garganacl|Air Balloon\n|turn|1\n|\n|t:|1698927730\n|move|p1a: zacianed on|Behemoth Blade|p2a: Garganacl\n|-supereffective|p2a: Garganacl\n|-damage|p2a: Garganacl|17\/100\n|-enditem|p2a: Garganacl|Air Balloon\n|move|p2a: Garganacl|Salt Cure|p1a: zacianed on\n|-resisted|p1a: zacianed on\n|-damage|p1a: zacianed on|94\/100\n|-start|p1a: zacianed on|Salt Cure\n|\n|-damage|p1a: zacianed on|69\/100|[from] Salt Cure\n|upkeep\n|turn|2\n|\n|t:|1698927741\n|move|p1a: zacianed on|Behemoth Blade|p2a: Garganacl\n|-supereffective|p2a: Garganacl\n|-damage|p2a: Garganacl|0 fnt\n|faint|p2a: Garganacl\n|\n|-damage|p1a: zacianed on|44\/100|[from] Salt Cure\n|upkeep\n|\n|t:|1698927752\n|switch|p2a: Calyrex|Calyrex-Shadow|100\/100\n|-ability|p2a: Calyrex|As One\n|-ability|p2a: Calyrex|Unnerve\n|turn|3\n|\n|t:|1698927759\n|move|p2a: Calyrex|Draining Kiss|p1a: zacianed on\n|-resisted|p1a: zacianed on\n|-crit|p1a: zacianed on\n|-damage|p1a: zacianed on|31\/100\n|move|p1a: zacianed on|Crunch|p2a: Calyrex\n|-supereffective|p2a: Calyrex\n|-damage|p2a: Calyrex|0 fnt\n|faint|p2a: Calyrex\n|\n|-damage|p1a: zacianed on|6\/100|[from] Salt Cure\n|upkeep\n|c|\u2606daddyshometonight|?\n|\n|t:|1698927769\n|switch|p2a: Chi-Yu|Chi-Yu|100\/100\n|-ability|p2a: Chi-Yu|Beads of Ruin\n|turn|4\n|inactive|Battle timer is ON: inactive players will automatically lose when time's up. (requested by AyuKe)\n|l|\u2606AyuKe\n|inactive|AyuKe disconnected and has a minute to reconnect!\n|player|p2|\n|inactive|daddyshometonight has 120 seconds left.\n|j|\u2606AyuKe\n|inactive|AyuKe reconnected.\n|player|p2|AyuKe|101\n|inactive|daddyshometonight has 90 seconds left.\n|c|\u2606AyuKe|quick nger\n|inactive|daddyshometonight has 60 seconds left.\n|\n|t:|1698927883\n|move|p1a: zacianed on|Play Rough|p2a: Chi-Yu\n|-damage|p2a: Chi-Yu|0 fnt\n|faint|p2a: Chi-Yu\n|\n|-damage|p1a: zacianed on|0 fnt|[from] Salt Cure\n|faint|p1a: zacianed on\n|upkeep\n|inactive|daddyshometonight has 120 seconds left.\n|\n|t:|1698927891\n|switch|p1a: miraidone|Miraidon|100\/100\n|switch|p2a: Zacian|Zacian-Crowned|100\/100\n|-ability|p2a: Zacian|Intrepid Sword|boost\n|-boost|p2a: Zacian|atk|1\n|-fieldstart|move: Electric Terrain|[from] ability: Hadron Engine|[of] p1a: miraidone\n|turn|5\n|inactive|daddyshometonight has 120 seconds left.\n|\n|t:|1698927920\n|move|p2a: Zacian|Play Rough|p1a: miraidone\n|-supereffective|p1a: miraidone\n|-damage|p1a: miraidone|0 fnt\n|faint|p1a: miraidone\n|\n|upkeep\n|\n|t:|1698927926\n|switch|p1a: Blissey|Blissey, F|100\/100\n|turn|6\n|\n|t:|1698927930\n|move|p2a: Zacian|Brick Break|p1a: Blissey\n|-supereffective|p1a: Blissey\n|-damage|p1a: Blissey|24\/100\n|move|p1a: Blissey|Flamethrower|p2a: Zacian\n|-supereffective|p2a: Zacian\n|-damage|p2a: Zacian|72\/100\n|\n|-heal|p1a: Blissey|30\/100|[from] item: Leftovers\n|upkeep\n|turn|7\n|c|\u2606daddyshometonight|get muted little bro\n|inactive|daddyshometonight has 120 seconds left.\n|\n|t:|1698927939\n|-terastallize|p1a: Blissey|Ghost\n|move|p2a: Zacian|Brick Break|p1a: Blissey\n|-immune|p1a: Blissey\n|move|p1a: Blissey|Flamethrower|p2a: Zacian\n|-supereffective|p2a: Zacian\n|-damage|p2a: Zacian|41\/100\n|-status|p2a: Zacian|brn\n|\n|-heal|p1a: Blissey|36\/100|[from] item: Leftovers\n|-damage|p2a: Zacian|35\/100 brn|[from] brn\n|upkeep\n|turn|8\n|\n|t:|1698927955\n|move|p2a: Zacian|Behemoth Blade|p1a: Blissey\n|-damage|p1a: Blissey|0 fnt\n|faint|p1a: Blissey\n|\n|-damage|p2a: Zacian|29\/100 brn|[from] brn\n|upkeep\n|\n|t:|1698927959\n|switch|p1a: calurmommy|Calyrex-Shadow|100\/100\n|-ability|p1a: calurmommy|As One\n|-ability|p1a: calurmommy|Unnerve\n|turn|9\n|\n|t:|1698927972\n|move|p1a: calurmommy|Astral Barrage|p2a: Zacian\n|-damage|p2a: Zacian|0 fnt\n|faint|p2a: Zacian\n|-ability|p1a: calurmommy|Grim Neigh|boost\n|-boost|p1a: calurmommy|spa|1\n|\n|-fieldend|move: Electric Terrain\n|upkeep\n|\n|t:|1698927982\n|switch|p2a: Arceus|Arceus|100\/100\n|turn|10\n|\n|t:|1698928003\n|-terastallize|p2a: Arceus|Normal\n|move|p2a: Arceus|Extreme Speed|p1a: calurmommy\n|-immune|p1a: calurmommy\n|move|p1a: calurmommy|Psychic|p2a: Arceus\n|-damage|p2a: Arceus|46\/100\n|\n|upkeep\n|turn|11\n|c|\u2606daddyshometonight|r u acoustic?\n|\n|t:|1698928015\n|move|p1a: calurmommy|Psychic|p2a: Arceus\n|-damage|p2a: Arceus|0 fnt\n|faint|p2a: Arceus\n|-ability|p1a: calurmommy|Grim Neigh|boost\n|-boost|p1a: calurmommy|spa|1\n|\n|upkeep\n|c|\u2606AyuKe|nah its just funny lol\n|\n|t:|1698928039\n|switch|p2a: Koraidon|Koraidon|100\/100\n|-weather|SunnyDay|[from] ability: Orichalcum Pulse|[of] p2a: Koraidon\n|-activate|p2a: Koraidon|Orichalcum Pulse|[source]\n|turn|12\n|\n|t:|1698928048\n|move|p1a: calurmommy|Astral Barrage|p2a: Koraidon\n|-damage|p2a: Koraidon|0 fnt\n|faint|p2a: Koraidon\n|\n|win|daddyshometonight\n|raw|daddyshometonight's rating: 1393 &rarr; <strong>1414<\/strong><br \/>(+21 for winning)\n|raw|AyuKe's rating: 1404 &rarr; <strong>1383<\/strong><br \/>(-21 for losing)\n","uploadtime":1698927916,"views":7,"p1id":"daddyshometonight","p2id":"ayuke","formatid":"gen9anythinggoes","rating":1383,"private":0,"password":""}