{"id":"gen9anythinggoes-1996507771","p1":"BooperDooper16","p2":"ziboyfamiy","format":"[Gen 9] Anything Goes","log":"|j|\u2606BooperDooper16\n|j|\u2606ziboyfamiy\n|t:|1700688826\n|gametype|singles\n|player|p1|BooperDooper16|grimsley|1067\n|player|p2|ziboyfamiy|265|1000\n|teamsize|p1|4\n|teamsize|p2|6\n|gen|9\n|tier|[Gen 9] Anything Goes\n|rated|\n|rule|HP Percentage Mod: HP is shown in percentages\n|rule|Endless Battle Clause: Forcing endless battles is banned\n|clearpoke\n|poke|p1|Charizard, M|\n|poke|p1|Rillaboom, M|\n|poke|p1|Sneasler, F|\n|poke|p1|Dragapult, M|\n|poke|p2|Quaquaval, M|\n|poke|p2|Jumpluff, F|\n|poke|p2|Ampharos, M|\n|poke|p2|Volcarona, M|\n|poke|p2|Cloyster, M|\n|poke|p2|Lycanroc, F|\n|teampreview\n|\n|t:|1700688832\n|start\n|switch|p1a: Firework|Charizard, M, shiny|100\/100\n|switch|p2a: Cloyster|Cloyster, M|100\/100\n|turn|1\n|\n|t:|1700688846\n|switch|p2a: Quaquaval|Quaquaval, M|100\/100\n|move|p1a: Firework|Belly Drum|p1a: Firework\n|-damage|p1a: Firework|51\/100\n|-setboost|p1a: Firework|atk|6|[from] move: Belly Drum\n|\n|upkeep\n|turn|2\n|\n|t:|1700688855\n|-terastallize|p1a: Firework|Flying\n|move|p1a: Firework|Acrobatics|p2a: Quaquaval\n|-supereffective|p2a: Quaquaval\n|-damage|p2a: Quaquaval|0 fnt\n|faint|p2a: Quaquaval\n|\n|upkeep\n|\n|t:|1700688863\n|switch|p2a: Ampharos|Ampharos, M|100\/100\n|turn|3\n|\n|t:|1700688869\n|move|p1a: Firework|Acrobatics|p2a: Ampharos\n|-resisted|p2a: Ampharos\n|-damage|p2a: Ampharos|0 fnt\n|faint|p2a: Ampharos\n|\n|upkeep\n|\n|t:|1700688878\n|switch|p2a: Jumpluff|Jumpluff, F|100\/100\n|turn|4\n|\n|t:|1700688881\n|move|p1a: Firework|Acrobatics|p2a: Jumpluff\n|-supereffective|p2a: Jumpluff\n|-damage|p2a: Jumpluff|0 fnt\n|faint|p2a: Jumpluff\n|\n|upkeep\n|\n|t:|1700688888\n|switch|p2a: Volcarona|Volcarona, M|100\/100\n|turn|5\n|\n|t:|1700688896\n|move|p1a: Firework|Acrobatics|p2a: Volcarona\n|-supereffective|p2a: Volcarona\n|-damage|p2a: Volcarona|0 fnt\n|faint|p2a: Volcarona\n|\n|upkeep\n|\n|t:|1700688900\n|switch|p2a: Lycanroc|Lycanroc, F|100\/100\n|turn|6\n|\n|t:|1700688912\n|-terastallize|p2a: Lycanroc|Rock\n|move|p1a: Firework|Acrobatics|p2a: Lycanroc\n|-resisted|p2a: Lycanroc\n|-damage|p2a: Lycanroc|0 fnt\n|faint|p2a: Lycanroc\n|\n|upkeep\n|\n|t:|1700688928\n|switch|p2a: Cloyster|Cloyster, M|100\/100\n|turn|7\n|\n|t:|1700688933\n|move|p1a: Firework|Acrobatics|p2a: Cloyster\n|-damage|p2a: Cloyster|0 fnt\n|faint|p2a: Cloyster\n|\n|win|BooperDooper16\n|raw|BooperDooper16's rating: 1067 &rarr; <strong>1091<\/strong><br \/>(+24 for winning)\n|raw|ziboyfamiy's rating: 1000 &rarr; <strong>1000<\/strong><br \/>(+0 for losing)\n|l|\u2606ziboyfamiy\n","uploadtime":1700688958,"views":0,"p1id":"booperdooper16","p2id":"ziboyfamiy","formatid":"gen9anythinggoes","rating":1000,"private":0,"password":""}