{"id":"gen9anythinggoes-1974676659","p1":"IamrandomElement","p2":"Jayzilla_09","format":"[Gen 9] Anything Goes","log":"|j|\u2606IamrandomElement\n|j|\u2606Jayzilla_09\n|t:|1698109429\n|gametype|singles\n|player|p1|IamrandomElement|preschoolerf|1102\n|player|p2|Jayzilla_09|palmer|1123\n|teamsize|p1|6\n|teamsize|p2|6\n|gen|9\n|tier|[Gen 9] Anything Goes\n|rated|\n|rule|HP Percentage Mod: HP is shown in percentages\n|rule|Endless Battle Clause: Forcing endless battles is banned\n|clearpoke\n|poke|p1|Charizard, M|\n|poke|p1|Zamazenta-*|\n|poke|p1|Maushold-Four|\n|poke|p1|Garchomp, M|\n|poke|p1|Zacian-*|\n|poke|p1|Annihilape, M|\n|poke|p2|Rotom|\n|poke|p2|Rotom-Fan|\n|poke|p2|Rotom-Frost|\n|poke|p2|Rotom-Heat|\n|poke|p2|Rotom-Mow|\n|poke|p2|Rotom-Wash|\n|teampreview\n|c|\u2606IamrandomElement|W team\n|\n|t:|1698109450\n|start\n|switch|p1a: Minority Hunter|Garchomp, M, shiny|100\/100\n|switch|p2a: Bzzz|Rotom|100\/100\n|turn|1\n|c|\u2606IamrandomElement|glhf\n|\n|t:|1698109455\n|move|p1a: Minority Hunter|Sandstorm|p1a: Minority Hunter\n|-weather|Sandstorm\n|move|p2a: Bzzz|Trick|p1a: Minority Hunter\n|-activate|p2a: Bzzz|move: Trick|[of] p1a: Minority Hunter\n|-item|p1a: Minority Hunter|Lagging Tail|[from] move: Trick\n|-item|p2a: Bzzz|Rocky Helmet|[from] move: Trick\n|\n|-weather|Sandstorm|[upkeep]\n|-damage|p2a: Bzzz|94\/100|[from] Sandstorm\n|upkeep\n|turn|2\n|c|\u2606Jayzilla_09|thx you too\n|\n|t:|1698109472\n|move|p2a: Bzzz|Will-O-Wisp|p1a: Minority Hunter\n|-status|p1a: Minority Hunter|brn\n|move|p1a: Minority Hunter|Iron Head|p2a: Bzzz\n|-resisted|p2a: Bzzz\n|-damage|p2a: Bzzz|84\/100\n|-damage|p1a: Minority Hunter|84\/100 brn|[from] item: Rocky Helmet|[of] p2a: Bzzz\n|\n|-weather|Sandstorm|[upkeep]\n|-damage|p2a: Bzzz|78\/100|[from] Sandstorm\n|-damage|p1a: Minority Hunter|78\/100 brn|[from] brn\n|upkeep\n|turn|3\n|\n|t:|1698109478\n|move|p2a: Bzzz|Shadow Ball|p1a: Minority Hunter\n|-damage|p1a: Minority Hunter|38\/100 brn\n|move|p1a: Minority Hunter|Earthquake|p2a: Bzzz\n|-immune|p2a: Bzzz|[from] ability: Levitate\n|\n|-weather|Sandstorm|[upkeep]\n|-damage|p2a: Bzzz|72\/100|[from] Sandstorm\n|-damage|p1a: Minority Hunter|32\/100 brn|[from] brn\n|upkeep\n|turn|4\n|\n|t:|1698109485\n|switch|p2a: jugajuga|Rotom-Wash|100\/100\n|move|p1a: Minority Hunter|Outrage|p2a: jugajuga\n|-damage|p2a: jugajuga|64\/100\n|\n|-weather|Sandstorm|[upkeep]\n|-damage|p2a: jugajuga|58\/100|[from] Sandstorm\n|-heal|p2a: jugajuga|64\/100|[from] item: Leftovers\n|-damage|p1a: Minority Hunter|26\/100 brn|[from] brn\n|upkeep\n|turn|5\n|\n|t:|1698109492\n|move|p2a: jugajuga|Nasty Plot|p2a: jugajuga\n|-boost|p2a: jugajuga|spa|2\n|move|p1a: Minority Hunter|Outrage|p2a: jugajuga|[from]lockedmove\n|-damage|p2a: jugajuga|31\/100\n|\n|-weather|none\n|-heal|p2a: jugajuga|37\/100|[from] item: Leftovers\n|-damage|p1a: Minority Hunter|20\/100 brn|[from] brn\n|upkeep\n|turn|6\n|\n|t:|1698109501\n|move|p2a: jugajuga|Hydro Pump|p1a: Minority Hunter\n|-damage|p1a: Minority Hunter|0 fnt\n|faint|p1a: Minority Hunter\n|\n|-heal|p2a: jugajuga|43\/100|[from] item: Leftovers\n|upkeep\n|\n|t:|1698109511\n|switch|p1a: Tax Collector|Zacian-Crowned, shiny|100\/100\n|-ability|p1a: Tax Collector|Intrepid Sword|boost\n|-boost|p1a: Tax Collector|atk|1\n|turn|7\n|\n|t:|1698109516\n|move|p1a: Tax Collector|Swords Dance|p1a: Tax Collector\n|-boost|p1a: Tax Collector|atk|2\n|move|p2a: jugajuga|Hydro Pump|p1a: Tax Collector\n|-damage|p1a: Tax Collector|16\/100\n|\n|-heal|p2a: jugajuga|49\/100|[from] item: Leftovers\n|upkeep\n|turn|8\n|\n|t:|1698109523\n|move|p1a: Tax Collector|Behemoth Blade|p2a: jugajuga\n|-resisted|p2a: jugajuga\n|-crit|p2a: jugajuga\n|-damage|p2a: jugajuga|0 fnt\n|faint|p2a: jugajuga\n|\n|upkeep\n|\n|t:|1698109533\n|switch|p2a: vwummmm|Rotom-Fan|100\/100\n|turn|9\n|\n|t:|1698109543\n|move|p1a: Tax Collector|Behemoth Blade|p2a: vwummmm\n|-resisted|p2a: vwummmm\n|-damage|p2a: vwummmm|8\/100\n|move|p2a: vwummmm|Thunderbolt|p1a: Tax Collector\n|-damage|p1a: Tax Collector|0 fnt\n|faint|p1a: Tax Collector\n|\n|upkeep\n|\n|t:|1698109552\n|switch|p1a: Mexican Family|Maushold-Four|100\/100\n|turn|10\n|\n|t:|1698109570\n|move|p1a: Mexican Family|Bullet Seed|p2a: vwummmm\n|-resisted|p2a: vwummmm\n|-damage|p2a: vwummmm|0 fnt\n|faint|p2a: vwummmm\n|-hitcount|p2: vwummmm|1\n|\n|upkeep\n|\n|t:|1698109574\n|switch|p2a: Bzzz|Rotom|72\/100\n|turn|11\n|\n|t:|1698109578\n|move|p1a: Mexican Family|Bullet Seed|p2a: Bzzz\n|-damage|p2a: Bzzz|54\/100\n|-damage|p2a: Bzzz|36\/100\n|-damage|p2a: Bzzz|19\/100\n|-hitcount|p2a: Bzzz|3\n|move|p2a: Bzzz|Will-O-Wisp|p1a: Mexican Family\n|-status|p1a: Mexican Family|brn\n|\n|-damage|p1a: Mexican Family|94\/100 brn|[from] brn\n|upkeep\n|turn|12\n|\n|t:|1698109597\n|move|p1a: Mexican Family|Bullet Seed|p2a: Bzzz\n|-damage|p2a: Bzzz|10\/100\n|-damage|p2a: Bzzz|0 fnt\n|faint|p2a: Bzzz\n|-hitcount|p2: Bzzz|2\n|\n|-damage|p1a: Mexican Family|88\/100 brn|[from] brn\n|upkeep\n|\n|t:|1698109636\n|switch|p2a: TOAST|Rotom-Heat|100\/100\n|turn|13\n|\n|t:|1698109640\n|move|p1a: Mexican Family|Population Bomb|p2a: TOAST\n|-damage|p2a: TOAST|92\/100\n|-damage|p2a: TOAST|84\/100\n|-damage|p2a: TOAST|75\/100\n|-damage|p2a: TOAST|68\/100\n|-damage|p2a: TOAST|60\/100\n|-damage|p2a: TOAST|52\/100\n|-damage|p2a: TOAST|44\/100\n|-damage|p2a: TOAST|35\/100\n|-damage|p2a: TOAST|27\/100\n|-crit|p2a: TOAST\n|-damage|p2a: TOAST|14\/100\n|-hitcount|p2a: TOAST|10\n|move|p2a: TOAST|Nasty Plot|p2a: TOAST\n|-boost|p2a: TOAST|spa|2\n|\n|-damage|p1a: Mexican Family|82\/100 brn|[from] brn\n|upkeep\n|turn|14\n|\n|t:|1698109657\n|move|p1a: Mexican Family|Bullet Seed|p2a: TOAST\n|-resisted|p2a: TOAST\n|-damage|p2a: TOAST|10\/100\n|-resisted|p2a: TOAST\n|-damage|p2a: TOAST|7\/100\n|-resisted|p2a: TOAST\n|-damage|p2a: TOAST|4\/100\n|-hitcount|p2a: TOAST|3\n|move|p2a: TOAST|Thunderbolt|p1a: Mexican Family\n|-damage|p1a: Mexican Family|0 fnt\n|faint|p1a: Mexican Family\n|\n|upkeep\n|\n|t:|1698109670\n|switch|p1a: Annihigape|Annihilape, M, shiny|100\/100\n|turn|15\n|\n|t:|1698109679\n|move|p2a: TOAST|Overheat|p1a: Annihigape\n|-damage|p1a: Annihigape|31\/100\n|-unboost|p2a: TOAST|spa|2\n|move|p1a: Annihigape|Bulk Up|p1a: Annihigape\n|-boost|p1a: Annihigape|atk|1\n|-boost|p1a: Annihigape|def|1\n|\n|-heal|p1a: Annihigape|38\/100|[from] item: Leftovers\n|upkeep\n|turn|16\n|\n|t:|1698109685\n|move|p2a: TOAST|Thunderbolt|p1a: Annihigape\n|-damage|p1a: Annihigape|12\/100\n|move|p1a: Annihigape|Drain Punch|p2a: TOAST\n|-damage|p2a: TOAST|0 fnt\n|-heal|p1a: Annihigape|13\/100|[from] drain|[of] p2a: TOAST\n|faint|p2a: TOAST\n|\n|-heal|p1a: Annihigape|19\/100|[from] item: Leftovers\n|upkeep\n|\n|t:|1698109690\n|switch|p2a: Saturday morning|Rotom-Mow|100\/100\n|turn|17\n|\n|t:|1698109699\n|move|p2a: Saturday morning|Thunderbolt|p1a: Annihigape\n|-damage|p1a: Annihigape|0 fnt\n|faint|p1a: Annihigape\n|\n|upkeep\n|\n|t:|1698109704\n|switch|p1a: Charizard with BBC|Charizard, M, shiny|100\/100\n|turn|18\n|\n|t:|1698109711\n|move|p1a: Charizard with BBC|Flamethrower|p2a: Saturday morning\n|-supereffective|p2a: Saturday morning\n|-damage|p2a: Saturday morning|0 fnt\n|faint|p2a: Saturday morning\n|\n|upkeep\n|\n|t:|1698109714\n|switch|p2a: Big Chill|Rotom-Frost|100\/100\n|turn|19\n|\n|t:|1698109721\n|-terastallize|p1a: Charizard with BBC|Normal\n|-terastallize|p2a: Big Chill|Electric\n|move|p1a: Charizard with BBC|Flamethrower|p2a: Big Chill\n|-damage|p2a: Big Chill|44\/100\n|move|p2a: Big Chill|Thunder|p1a: Charizard with BBC\n|-damage|p1a: Charizard with BBC|11\/100\n|-status|p1a: Charizard with BBC|par\n|\n|upkeep\n|turn|20\n|\n|t:|1698109736\n|move|p2a: Big Chill|Volt Switch|p1a: Charizard with BBC\n|-damage|p1a: Charizard with BBC|0 fnt\n|faint|p1a: Charizard with BBC\n|\n|upkeep\n|\n|t:|1698109741\n|switch|p1a: Tax Evader|Zamazenta-Crowned, shiny|100\/100\n|-ability|p1a: Tax Evader|Dauntless Shield|boost\n|-boost|p1a: Tax Evader|def|1\n|turn|21\n|\n|t:|1698109747\n|move|p1a: Tax Evader|Iron Defense|p1a: Tax Evader\n|-boost|p1a: Tax Evader|def|2\n|move|p2a: Big Chill|Blizzard|p1a: Tax Evader\n|-resisted|p1a: Tax Evader\n|-damage|p1a: Tax Evader|82\/100\n|\n|upkeep\n|turn|22\n|\n|t:|1698109750\n|move|p1a: Tax Evader|Body Press|p2a: Big Chill\n|-damage|p2a: Big Chill|0 fnt\n|faint|p2a: Big Chill\n|\n|win|IamrandomElement\n|raw|IamrandomElement's rating: 1102 &rarr; <strong>1129<\/strong><br \/>(+27 for winning)\n|raw|Jayzilla_09's rating: 1123 &rarr; <strong>1096<\/strong><br \/>(-27 for losing)\n|l|\u2606Jayzilla_09\n|c|\u2606IamrandomElement|gg\n","uploadtime":1698109759,"views":9,"p1id":"iamrandomelement","p2id":"jayzilla09","formatid":"gen9anythinggoes","rating":1096,"private":0,"password":""}