{"id":"gen9anythinggoes-1987354342","p1":"DinglerThe3rd","p2":"Blade Z Knights","format":"[Gen 9] Anything Goes","log":"|j|\u2606DinglerThe3rd\n|j|\u2606Blade Z Knights\n|t:|1699580993\n|gametype|singles\n|player|p1|DinglerThe3rd|maid|1114\n|player|p2|Blade Z Knights|giovanni|1244\n|teamsize|p1|6\n|teamsize|p2|6\n|gen|9\n|tier|[Gen 9] Anything Goes\n|rated|\n|rule|HP Percentage Mod: HP is shown in percentages\n|rule|Endless Battle Clause: Forcing endless battles is banned\n|clearpoke\n|poke|p1|Salazzle, F|\n|poke|p1|Dragapult, M|\n|poke|p1|Iron Bundle|\n|poke|p1|Quaquaval, F|\n|poke|p1|Baxcalibur, M|\n|poke|p1|Koraidon|\n|poke|p2|Torterra, M|\n|poke|p2|Glimmora, F|\n|poke|p2|Ting-Lu|\n|poke|p2|Tyranitar, F|\n|poke|p2|Landorus, M|\n|poke|p2|Hippowdon, F|\n|teampreview\n|inactive|Battle timer is ON: inactive players will automatically lose when time's up. (requested by Blade Z Knights)\n|\n|t:|1699581004\n|start\n|switch|p1a: Koraidon|Koraidon|100\/100\n|switch|p2a: Glimmora|Glimmora, F, shiny|100\/100\n|-weather|SunnyDay|[from] ability: Orichalcum Pulse|[of] p1a: Koraidon\n|-activate|p1a: Koraidon|Orichalcum Pulse|[source]\n|turn|1\n|\n|t:|1699581018\n|move|p1a: Koraidon|Collision Course|p2a: Glimmora\n|-damage|p2a: Glimmora|5\/100\n|-activate|p2a: Glimmora|ability: Toxic Debris\n|-sidestart|p1: DinglerThe3rd|move: Toxic Spikes\n|move|p2a: Glimmora|Mortal Spin|p1a: Koraidon\n|-damage|p1a: Koraidon|95\/100\n|-status|p1a: Koraidon|psn\n|\n|-weather|SunnyDay|[upkeep]\n|-damage|p1a: Koraidon|83\/100 psn|[from] psn\n|upkeep\n|turn|2\n|\n|t:|1699581033\n|move|p1a: Koraidon|Flame Charge|p2a: Glimmora\n|-resisted|p2a: Glimmora\n|-damage|p2a: Glimmora|0 fnt\n|-boost|p1a: Koraidon|spe|1\n|-activate|p2a: Glimmora|ability: Toxic Debris\n|-sidestart|p1: DinglerThe3rd|move: Toxic Spikes\n|faint|p2a: Glimmora\n|\n|-weather|SunnyDay|[upkeep]\n|-damage|p1a: Koraidon|70\/100 psn|[from] psn\n|upkeep\n|\n|t:|1699581049\n|switch|p2a: Hippowdon|Hippowdon, F|100\/100\n|-weather|Sandstorm|[from] ability: Sand Stream|[of] p2a: Hippowdon\n|turn|3\n|\n|t:|1699581057\n|-terastallize|p1a: Koraidon|Fighting\n|move|p1a: Koraidon|Collision Course|p2a: Hippowdon\n|-damage|p2a: Hippowdon|54\/100\n|move|p2a: Hippowdon|Yawn||[still]\n|-fail|p2a: Hippowdon\n|\n|-weather|Sandstorm|[upkeep]\n|-damage|p1a: Koraidon|64\/100 psn|[from] Sandstorm\n|-damage|p1a: Koraidon|52\/100 psn|[from] psn\n|upkeep\n|turn|4\n|\n|t:|1699581073\n|move|p1a: Koraidon|Collision Course|p2a: Hippowdon\n|-damage|p2a: Hippowdon|12\/100\n|move|p2a: Hippowdon|Slack Off|p2a: Hippowdon\n|-heal|p2a: Hippowdon|62\/100\n|\n|-weather|Sandstorm|[upkeep]\n|-damage|p1a: Koraidon|46\/100 psn|[from] Sandstorm\n|-damage|p1a: Koraidon|33\/100 psn|[from] psn\n|upkeep\n|turn|5\n|\n|t:|1699581084\n|move|p1a: Koraidon|Drain Punch|p2a: Hippowdon\n|-damage|p2a: Hippowdon|30\/100\n|-heal|p1a: Koraidon|50\/100 psn|[from] drain|[of] p2a: Hippowdon\n|move|p2a: Hippowdon|Slack Off|p2a: Hippowdon\n|-heal|p2a: Hippowdon|80\/100\n|\n|-weather|Sandstorm|[upkeep]\n|-damage|p1a: Koraidon|44\/100 psn|[from] Sandstorm\n|-damage|p1a: Koraidon|31\/100 psn|[from] psn\n|upkeep\n|turn|6\n|\n|t:|1699581097\n|switch|p1a: Salazzle|Salazzle, F|100\/100\n|-sideend|p1: DinglerThe3rd|move: Toxic Spikes|[of] p1a: Salazzle\n|move|p2a: Hippowdon|Ice Fang|p1a: Salazzle\n|-resisted|p1a: Salazzle\n|-damage|p1a: Salazzle|89\/100\n|\n|-weather|Sandstorm|[upkeep]\n|-damage|p1a: Salazzle|83\/100|[from] Sandstorm\n|-heal|p1a: Salazzle|89\/100|[from] item: Black Sludge\n|upkeep\n|turn|7\n|\n|t:|1699581122\n|move|p1a: Salazzle|Toxic Spikes|p2a: Hippowdon\n|-sidestart|p2: Blade Z Knights|move: Toxic Spikes\n|move|p2a: Hippowdon|Earthquake|p1a: Salazzle\n|-supereffective|p1a: Salazzle\n|-damage|p1a: Salazzle|0 fnt\n|faint|p1a: Salazzle\n|\n|-weather|Sandstorm|[upkeep]\n|upkeep\n|inactive|DinglerThe3rd has 120 seconds left.\n|inactive|DinglerThe3rd has 90 seconds left.\n|l|\u2606DinglerThe3rd\n|inactive|DinglerThe3rd disconnected and has a minute to reconnect!\n|player|p1|\n|inactive|DinglerThe3rd has 30 seconds to reconnect!\n|inactive|DinglerThe3rd has 20 seconds to reconnect!\n|inactive|DinglerThe3rd has 15 seconds to reconnect!\n|inactive|DinglerThe3rd has 10 seconds to reconnect!\n|inactive|DinglerThe3rd has 5 seconds to reconnect!\n|-message|DinglerThe3rd lost due to inactivity.\n|\n|win|Blade Z Knights\n|raw|DinglerThe3rd's rating: 1114 &rarr; <strong>1098<\/strong><br \/>(-16 for losing)\n|raw|Blade Z Knights's rating: 1244 &rarr; <strong>1260<\/strong><br \/>(+16 for winning)\n","uploadtime":1699581226,"views":12,"p1id":"dinglerthe3rd","p2id":"bladezknights","formatid":"gen9anythinggoes","rating":1098,"private":0,"password":""}