{"id":"gen9anythinggoes-1988190533","p1":"cattya","p2":"Soniaa134","format":"[Gen 9] Anything Goes","log":"|j|\u203dcattya\n|j|\u2606Soniaa134\n|t:|1699682223\n|gametype|singles\n|player|p1|cattya|265|1040\n|player|p2|Soniaa134|sonia|1025\n|teamsize|p1|6\n|teamsize|p2|6\n|gen|9\n|tier|[Gen 9] Anything Goes\n|rated|\n|rule|HP Percentage Mod: HP is shown in percentages\n|rule|Endless Battle Clause: Forcing endless battles is banned\n|clearpoke\n|poke|p1|Glimmora, M|\n|poke|p1|Spiritomb, F|\n|poke|p1|Zoroark-Hisui, F|\n|poke|p1|Iron Hands|\n|poke|p1|Samurott-Hisui, F|\n|poke|p1|Rayquaza|\n|poke|p2|Drifblim, F|\n|poke|p2|Rillaboom, M|\n|poke|p2|Grimmsnarl, M|\n|poke|p2|Meowscarada, M|\n|poke|p2|Rillaboom, F|\n|poke|p2|Drifblim, F|\n|teampreview\n|inactive|Battle timer is ON: inactive players will automatically lose when time's up. (requested by Soniaa134)\n|\n|t:|1699682236\n|start\n|switch|p1a: Glimmora|Glimmora, M|100\/100\n|switch|p2a: Meowscarada|Meowscarada, M|100\/100\n|-item|p1a: Glimmora|Air Balloon\n|turn|1\n|\n|t:|1699682246\n|move|p2a: Meowscarada|Taunt|p1a: Glimmora\n|-start|p1a: Glimmora|move: Taunt\n|cant|p1a: Glimmora|move: Taunt|Stealth Rock\n|\n|upkeep\n|turn|2\n|\n|t:|1699682253\n|move|p2a: Meowscarada|Knock Off|p1a: Glimmora\n|-damage|p1a: Glimmora|68\/100\n|-activate|p1a: Glimmora|ability: Toxic Debris\n|-sidestart|p2: Soniaa134|move: Toxic Spikes\n|-enditem|p1a: Glimmora|Air Balloon\n|move|p1a: Glimmora|Rock Slide|p2a: Meowscarada\n|-damage|p2a: Meowscarada|82\/100\n|\n|upkeep\n|turn|3\n|\n|t:|1699682263\n|move|p2a: Meowscarada|Mud-Slap|p1a: Glimmora\n|-supereffective|p1a: Glimmora\n|-damage|p1a: Glimmora|54\/100\n|-unboost|p1a: Glimmora|accuracy|1\n|move|p1a: Glimmora|Rock Slide|p2a: Meowscarada\n|-damage|p2a: Meowscarada|63\/100\n|\n|-end|p1a: Glimmora|move: Taunt\n|upkeep\n|turn|4\n|\n|t:|1699682275\n|move|p2a: Meowscarada|Taunt|p1a: Glimmora\n|-start|p1a: Glimmora|move: Taunt\n|cant|p1a: Glimmora|move: Taunt|Stealth Rock\n|\n|upkeep\n|turn|5\n|\n|t:|1699682281\n|move|p2a: Meowscarada|Mud-Slap|p1a: Glimmora\n|-supereffective|p1a: Glimmora\n|-damage|p1a: Glimmora|39\/100\n|-unboost|p1a: Glimmora|accuracy|1\n|move|p1a: Glimmora|Rock Slide|p2a: Meowscarada|[miss]\n|-miss|p1a: Glimmora|p2a: Meowscarada\n|\n|upkeep\n|turn|6\n|\n|t:|1699682299\n|move|p2a: Meowscarada|Spikes|p1a: Glimmora\n|-sidestart|p1: cattya|Spikes\n|move|p1a: Glimmora|Rock Slide|p2a: Meowscarada|[miss]\n|-miss|p1a: Glimmora|p2a: Meowscarada\n|\n|-end|p1a: Glimmora|move: Taunt\n|upkeep\n|turn|7\n|\n|t:|1699682309\n|move|p2a: Meowscarada|Taunt|p1a: Glimmora\n|-start|p1a: Glimmora|move: Taunt\n|cant|p1a: Glimmora|move: Taunt|Stealth Rock\n|\n|upkeep\n|turn|8\n|\n|t:|1699682317\n|switch|p1a: Rayquaza|Rayquaza|100\/100\n|-damage|p1a: Rayquaza|88\/100|[from] Spikes\n|move|p2a: Meowscarada|Spikes|p1a: Rayquaza\n|-sidestart|p1: cattya|Spikes\n|\n|upkeep\n|turn|9\n|\n|t:|1699682326\n|-singleturn|p1a: Rayquaza|move: Focus Punch\n|move|p2a: Meowscarada|Knock Off|p1a: Rayquaza\n|-supereffective|p1a: Rayquaza\n|-damage|p1a: Rayquaza|0 fnt\n|replace|p1a: Zoroark|Zoroark-Hisui, F, shiny\n|-end|p1a: Zoroark|Illusion\n|-enditem|p1a: Zoroark|Assault Vest|[from] move: Knock Off|[of] p2a: Meowscarada\n|faint|p1a: Zoroark\n|\n|upkeep\n|\n|t:|1699682341\n|switch|p1a: Glimmora|Glimmora, M|39\/100\n|-damage|p1a: Glimmora|23\/100|[from] Spikes\n|turn|10\n|\n|t:|1699682346\n|move|p2a: Meowscarada|Taunt|p1a: Glimmora\n|-start|p1a: Glimmora|move: Taunt\n|cant|p1a: Glimmora|move: Taunt|Stealth Rock\n|\n|upkeep\n|turn|11\n|\n|t:|1699682351\n|switch|p1a: Rayquaza|Rayquaza|100\/100\n|-ability|p1a: Rayquaza|Air Lock\n|move|p2a: Meowscarada|Mud-Slap|p1a: Rayquaza\n|-immune|p1a: Rayquaza\n|\n|upkeep\n|turn|12\n|\n|t:|1699682362\n|move|p2a: Meowscarada|Knock Off|p1a: Rayquaza\n|-damage|p1a: Rayquaza|61\/100\n|-enditem|p1a: Rayquaza|Life Orb|[from] move: Knock Off|[of] p2a: Meowscarada\n|move|p1a: Rayquaza|Flamethrower|p2a: Meowscarada\n|-supereffective|p2a: Meowscarada\n|-damage|p2a: Meowscarada|0 fnt\n|faint|p2a: Meowscarada\n|\n|upkeep\n|\n|t:|1699682372\n|switch|p2a: Grimmsnarl|Grimmsnarl, M|100\/100\n|-status|p2a: Grimmsnarl|psn\n|turn|13\n|\n|t:|1699682380\n|move|p2a: Grimmsnarl|Taunt|p1a: Rayquaza\n|-start|p1a: Rayquaza|move: Taunt\n|move|p1a: Rayquaza|Draco Meteor|p2a: Grimmsnarl\n|-immune|p2a: Grimmsnarl\n|\n|-damage|p2a: Grimmsnarl|88\/100 psn|[from] psn\n|upkeep\n|turn|14\n|\n|t:|1699682388\n|move|p2a: Grimmsnarl|Light Screen|p2a: Grimmsnarl\n|-sidestart|p2: Soniaa134|move: Light Screen\n|move|p1a: Rayquaza|Shadow Claw|p2a: Grimmsnarl\n|-resisted|p2a: Grimmsnarl\n|-damage|p2a: Grimmsnarl|72\/100 psn\n|\n|-damage|p2a: Grimmsnarl|59\/100 psn|[from] psn\n|upkeep\n|turn|15\n|\n|t:|1699682396\n|move|p2a: Grimmsnarl|Reflect|p2a: Grimmsnarl\n|-sidestart|p2: Soniaa134|Reflect\n|move|p1a: Rayquaza|Shadow Claw|p2a: Grimmsnarl\n|-resisted|p2a: Grimmsnarl\n|-crit|p2a: Grimmsnarl\n|-damage|p2a: Grimmsnarl|33\/100 psn\n|\n|-damage|p2a: Grimmsnarl|21\/100 psn|[from] psn\n|-end|p1a: Rayquaza|move: Taunt\n|upkeep\n|turn|16\n|\n|t:|1699682413\n|move|p2a: Grimmsnarl|Parting Shot|p1a: Rayquaza\n|-unboost|p1a: Rayquaza|atk|1\n|-unboost|p1a: Rayquaza|spa|1\n|\n|t:|1699682416\n|switch|p2a: Rillaboom|Rillaboom, M|100\/100|[from] Parting Shot\n|-status|p2a: Rillaboom|psn\n|-fieldstart|move: Grassy Terrain|[from] ability: Grassy Surge|[of] p2a: Rillaboom\n|move|p1a: Rayquaza|Shadow Claw|p2a: Rillaboom\n|-damage|p2a: Rillaboom|92\/100 psn\n|-enditem|p2a: Rillaboom|Eject Button\n|\n|t:|1699682426\n|switch|p2a: Drifblim|Drifblim, F|100\/100\n|-enditem|p2a: Drifblim|Grassy Seed\n|-boost|p2a: Drifblim|def|1|[from] item: Grassy Seed\n|\n|upkeep\n|turn|17\n|\n|t:|1699682442\n|-terastallize|p2a: Drifblim|Ground\n|move|p2a: Drifblim|Calm Mind|p2a: Drifblim\n|-boost|p2a: Drifblim|spa|1\n|-boost|p2a: Drifblim|spd|1\n|move|p1a: Rayquaza|Shadow Claw|p2a: Drifblim\n|-damage|p2a: Drifblim|91\/100\n|\n|-heal|p2a: Drifblim|97\/100|[from] Grassy Terrain\n|upkeep\n|turn|18\n|\n|t:|1699682456\n|switch|p1a: Samurott|Samurott-Hisui, F|100\/100\n|-damage|p1a: Samurott|84\/100|[from] Spikes\n|move|p2a: Drifblim|Calm Mind|p2a: Drifblim\n|-boost|p2a: Drifblim|spa|1\n|-boost|p2a: Drifblim|spd|1\n|\n|-heal|p2a: Drifblim|100\/100|[from] Grassy Terrain\n|-heal|p1a: Samurott|90\/100|[from] Grassy Terrain\n|upkeep\n|turn|19\n|\n|t:|1699682466\n|move|p2a: Drifblim|Tera Blast|p1a: Samurott|[anim] Tera Blast Ground\n|-damage|p1a: Samurott|0 fnt\n|faint|p1a: Samurott\n|\n|upkeep\n|\n|t:|1699682473\n|switch|p1a: Rayquaza|Rayquaza|61\/100\n|-ability|p1a: Rayquaza|Air Lock\n|turn|20\n|\n|t:|1699682482\n|move|p2a: Drifblim|Stored Power|p1a: Rayquaza\n|-damage|p1a: Rayquaza|0 fnt\n|faint|p1a: Rayquaza\n|\n|-fieldend|move: Grassy Terrain\n|upkeep\n|\n|t:|1699682491\n|switch|p1a: Spiritomb|Spiritomb, F, shiny|100\/100\n|-damage|p1a: Spiritomb|84\/100|[from] Spikes\n|turn|21\n|\n|t:|1699682498\n|move|p2a: Drifblim|Stored Power|p1a: Spiritomb\n|-immune|p1a: Spiritomb\n|move|p1a: Spiritomb|Destiny Bond|p1a: Spiritomb\n|-singlemove|p1a: Spiritomb|Destiny Bond\n|\n|-sideend|p2: Soniaa134|move: Light Screen\n|-status|p1a: Spiritomb|brn|[from] item: Flame Orb\n|upkeep\n|turn|22\n|\n|t:|1699682507\n|move|p2a: Drifblim|Strength Sap|p1a: Spiritomb\n|-unboost|p1a: Spiritomb|atk|1\n|move|p1a: Spiritomb|Facade|p2a: Drifblim\n|-damage|p2a: Drifblim|83\/100\n|\n|-damage|p1a: Spiritomb|78\/100 brn|[from] brn\n|-sideend|p2: Soniaa134|Reflect\n|upkeep\n|turn|23\n|\n|t:|1699682515\n|move|p2a: Drifblim|Strength Sap|p1a: Spiritomb\n|-unboost|p1a: Spiritomb|atk|1\n|-heal|p2a: Drifblim|100\/100\n|move|p1a: Spiritomb|Destiny Bond|p1a: Spiritomb\n|-singlemove|p1a: Spiritomb|Destiny Bond\n|\n|-damage|p1a: Spiritomb|72\/100 brn|[from] brn\n|upkeep\n|turn|24\n|\n|t:|1699682521\n|move|p2a: Drifblim|Strength Sap|p1a: Spiritomb\n|-unboost|p1a: Spiritomb|atk|1\n|move|p1a: Spiritomb|Will-O-Wisp|p2a: Drifblim\n|-status|p2a: Drifblim|brn\n|\n|-damage|p2a: Drifblim|94\/100 brn|[from] brn\n|-damage|p1a: Spiritomb|66\/100 brn|[from] brn\n|upkeep\n|turn|25\n|\n|t:|1699682529\n|move|p2a: Drifblim|Tera Blast|p1a: Spiritomb|[anim] Tera Blast Ground\n|-damage|p1a: Spiritomb|0 fnt\n|faint|p1a: Spiritomb\n|\n|-damage|p2a: Drifblim|88\/100 brn|[from] brn\n|upkeep\n|\n|t:|1699682534\n|switch|p1a: Glimmora|Glimmora, M|23\/100\n|-damage|p1a: Glimmora|6\/100|[from] Spikes\n|turn|26\n|\n|t:|1699682547\n|move|p2a: Drifblim|Stored Power|p1a: Glimmora\n|-supereffective|p1a: Glimmora\n|-damage|p1a: Glimmora|0 fnt\n|faint|p1a: Glimmora\n|\n|-damage|p2a: Drifblim|82\/100 brn|[from] brn\n|upkeep\n|\n|t:|1699682550\n|switch|p1a: Iron Hands|Iron Hands|100\/100\n|-damage|p1a: Iron Hands|84\/100|[from] Spikes\n|-enditem|p1a: Iron Hands|Booster Energy\n|-activate|p1a: Iron Hands|ability: Quark Drive|[fromitem]\n|-start|p1a: Iron Hands|quarkdriveatk\n|turn|27\n|\n|t:|1699682557\n|move|p1a: Iron Hands|Fake Out|p2a: Drifblim\n|-damage|p2a: Drifblim|64\/100 brn\n|cant|p2a: Drifblim|flinch\n|\n|-damage|p2a: Drifblim|58\/100 brn|[from] brn\n|upkeep\n|turn|28\n|\n|t:|1699682569\n|move|p2a: Drifblim|Stored Power|p1a: Iron Hands\n|-supereffective|p1a: Iron Hands\n|-damage|p1a: Iron Hands|0 fnt\n|faint|p1a: Iron Hands\n|-end|p1a: Iron Hands|Quark Drive|[silent]\n|\n|win|Soniaa134\n|raw|cattya's rating: 1040 &rarr; <strong>1023<\/strong><br \/>(-17 for losing)\n|raw|Soniaa134's rating: 1025 &rarr; <strong>1063<\/strong><br \/>(+38 for winning)\n","uploadtime":1699682575,"views":11,"p1id":"cattya","p2id":"soniaa134","formatid":"gen9anythinggoes","rating":1023,"private":0,"password":""}