{"id":"gen9anythinggoes-1997266221","p1":"Purplepuppy100","p2":"Hawkman100","format":"[Gen 9] Anything Goes","log":"|j|\u2606Purplepuppy100\n|j|\u2606Hawkman100\n|t:|1700782326\n|gametype|singles\n|player|p1|Purplepuppy100|265|1436\n|player|p2|Hawkman100|169|1371\n|teamsize|p1|6\n|teamsize|p2|6\n|gen|9\n|tier|[Gen 9] Anything Goes\n|rated|\n|rule|HP Percentage Mod: HP is shown in percentages\n|rule|Endless Battle Clause: Forcing endless battles is banned\n|clearpoke\n|poke|p1|Glimmora, F|\n|poke|p1|Garganacl, M|\n|poke|p1|Alomomola, M|\n|poke|p1|Hydreigon, M|\n|poke|p1|Veluza, M|\n|poke|p1|Kingambit, F|\n|poke|p2|Iron Bundle|\n|poke|p2|Corviknight, M|\n|poke|p2|Clodsire, M|\n|poke|p2|Calyrex-Shadow|\n|poke|p2|Arceus|\n|poke|p2|Eternatus|\n|teampreview\n|\n|t:|1700782336\n|start\n|switch|p1a: Glimmora|Glimmora, F|100\/100\n|switch|p2a: Iron Bundle|Iron Bundle|100\/100\n|-enditem|p2a: Iron Bundle|Booster Energy\n|-activate|p2a: Iron Bundle|ability: Quark Drive|[fromitem]\n|-start|p2a: Iron Bundle|quarkdrivespe\n|turn|1\n|inactive|Battle timer is ON: inactive players will automatically lose when time's up. (requested by Hawkman100)\n|\n|t:|1700782374\n|move|p2a: Iron Bundle|Hydro Pump|p1a: Glimmora\n|-supereffective|p1a: Glimmora\n|-enditem|p1a: Glimmora|Focus Sash\n|-damage|p1a: Glimmora|1\/100\n|move|p1a: Glimmora|Sludge Wave|p2a: Iron Bundle\n|-damage|p2a: Iron Bundle|19\/100\n|\n|upkeep\n|turn|2\n|\n|t:|1700782384\n|move|p2a: Iron Bundle|Ice Beam|p1a: Glimmora\n|-damage|p1a: Glimmora|0 fnt\n|faint|p1a: Glimmora\n|\n|upkeep\n|\n|t:|1700782412\n|switch|p1a: Veluza|Veluza, M|100\/100\n|turn|3\n|\n|t:|1700782421\n|-terastallize|p1a: Veluza|Steel\n|move|p2a: Iron Bundle|Freeze-Dry|p1a: Veluza\n|-resisted|p1a: Veluza\n|-damage|p1a: Veluza|75\/100\n|move|p1a: Veluza|Fillet Away|p1a: Veluza\n|-boost|p1a: Veluza|atk|2\n|-boost|p1a: Veluza|spa|2\n|-boost|p1a: Veluza|spe|2\n|-damage|p1a: Veluza|25\/100\n|-enditem|p1a: Veluza|Sitrus Berry|[eat]\n|-heal|p1a: Veluza|50\/100|[from] item: Sitrus Berry\n|\n|upkeep\n|turn|4\n|inactive|Purplepuppy100 has 120 seconds left.\n|\n|t:|1700782452\n|move|p1a: Veluza|Aqua Jet|p2a: Iron Bundle\n|-resisted|p2a: Iron Bundle\n|-damage|p2a: Iron Bundle|0 fnt\n|faint|p2a: Iron Bundle\n|-end|p2a: Iron Bundle|Quark Drive|[silent]\n|\n|upkeep\n|\n|t:|1700782458\n|switch|p2a: Clodsire|Clodsire, M|100\/100\n|turn|5\n|inactive|Purplepuppy100 has 120 seconds left.\n|\n|t:|1700782463\n|move|p1a: Veluza|Psycho Cut|p2a: Clodsire\n|-supereffective|p2a: Clodsire\n|-damage|p2a: Clodsire|0 fnt\n|faint|p2a: Clodsire\n|\n|upkeep\n|\n|t:|1700782472\n|switch|p2a: Calyrex|Calyrex-Shadow|100\/100\n|-ability|p2a: Calyrex|As One\n|-ability|p2a: Calyrex|Unnerve\n|turn|6\n|\n|t:|1700782485\n|move|p1a: Veluza|Aqua Cutter|p2a: Calyrex\n|-damage|p2a: Calyrex|0 fnt\n|faint|p2a: Calyrex\n|\n|upkeep\n|\n|t:|1700782492\n|switch|p2a: Arceus|Arceus|100\/100\n|turn|7\n|\n|t:|1700782498\n|move|p2a: Arceus|Extreme Speed|p1a: Veluza\n|-resisted|p1a: Veluza\n|-damage|p1a: Veluza|22\/100\n|move|p1a: Veluza|Aqua Cutter|p2a: Arceus\n|-crit|p2a: Arceus\n|-damage|p2a: Arceus|0 fnt\n|faint|p2a: Arceus\n|\n|upkeep\n|\n|t:|1700782507\n|switch|p2a: Corviknight|Corviknight, M|100\/100\n|-ability|p2a: Corviknight|Pressure\n|turn|8\n|\n|t:|1700782512\n|move|p1a: Veluza|Aqua Cutter|p2a: Corviknight\n|-damage|p2a: Corviknight|17\/100\n|move|p2a: Corviknight|Brave Bird|p1a: Veluza\n|-resisted|p1a: Veluza\n|-damage|p1a: Veluza|0 fnt\n|faint|p1a: Veluza\n|-damage|p2a: Corviknight|11\/100|[from] Recoil\n|\n|upkeep\n|\n|t:|1700782528\n|switch|p1a: Hydreigon|Hydreigon, M|100\/100\n|turn|9\n|\n|t:|1700782534\n|move|p1a: Hydreigon|Nasty Plot|p1a: Hydreigon\n|-boost|p1a: Hydreigon|spa|2\n|move|p2a: Corviknight|Roost|p2a: Corviknight\n|-heal|p2a: Corviknight|61\/100\n|-singleturn|p2a: Corviknight|move: Roost\n|\n|upkeep\n|turn|10\n|\n|t:|1700782543\n|move|p1a: Hydreigon|Dark Pulse|p2a: Corviknight\n|-damage|p2a: Corviknight|10\/100\n|move|p2a: Corviknight|Roost|p2a: Corviknight\n|-heal|p2a: Corviknight|60\/100\n|-singleturn|p2a: Corviknight|move: Roost\n|\n|upkeep\n|turn|11\n|\n|t:|1700782553\n|move|p1a: Hydreigon|Nasty Plot|p1a: Hydreigon\n|-boost|p1a: Hydreigon|spa|2\n|move|p2a: Corviknight|Roost|p2a: Corviknight\n|-heal|p2a: Corviknight|100\/100\n|-singleturn|p2a: Corviknight|move: Roost\n|\n|upkeep\n|turn|12\n|\n|t:|1700782560\n|move|p1a: Hydreigon|Dark Pulse|p2a: Corviknight\n|-damage|p2a: Corviknight|10\/100\n|cant|p2a: Corviknight|flinch\n|\n|upkeep\n|turn|13\n|\n|t:|1700782566\n|move|p1a: Hydreigon|Dark Pulse|p2a: Corviknight\n|-damage|p2a: Corviknight|0 fnt\n|faint|p2a: Corviknight\n|\n|upkeep\n|\n|t:|1700782572\n|switch|p2a: Eternatus|Eternatus|100\/100\n|-ability|p2a: Eternatus|Pressure\n|turn|14\n|\n|t:|1700782577\n|move|p2a: Eternatus|Cosmic Power|p2a: Eternatus\n|-boost|p2a: Eternatus|def|1\n|-boost|p2a: Eternatus|spd|1\n|move|p1a: Hydreigon|Draco Meteor|p2a: Eternatus\n|-supereffective|p2a: Eternatus\n|-damage|p2a: Eternatus|0 fnt\n|-unboost|p1a: Hydreigon|spa|2\n|faint|p2a: Eternatus\n|\n|win|Purplepuppy100\n|raw|Purplepuppy100's rating: 1436 &rarr; <strong>1452<\/strong><br \/>(+16 for winning)\n|raw|Hawkman100's rating: 1371 &rarr; <strong>1355<\/strong><br \/>(-16 for losing)\n","uploadtime":1700782589,"views":0,"p1id":"purplepuppy100","p2id":"hawkman100","formatid":"gen9anythinggoes","rating":1355,"private":0,"password":""}