{"id":"gen9anythinggoes-1982041034","p1":"Jirachiisnotop","p2":"Cerecedo","format":"[Gen 9] Anything Goes","log":"|j|\u2606Jirachiisnotop\n|j|\u2606Cerecedo\n|t:|1698962078\n|gametype|singles\n|player|p1|Jirachiisnotop|unknown|1531\n|player|p2|Cerecedo|alder|1794\n|teamsize|p1|6\n|teamsize|p2|6\n|gen|9\n|tier|[Gen 9] Anything Goes\n|rated|\n|rule|HP Percentage Mod: HP is shown in percentages\n|rule|Endless Battle Clause: Forcing endless battles is banned\n|clearpoke\n|poke|p1|Ditto|\n|poke|p1|Espeon, M|\n|poke|p1|Chien-Pao|\n|poke|p1|Maushold-Four|\n|poke|p1|Tyranitar, F|\n|poke|p1|Houndstone, M|\n|poke|p2|Arceus-Ground|\n|poke|p2|Weezing-Galar, M|\n|poke|p2|Ditto|\n|poke|p2|Arceus|\n|poke|p2|Miraidon|\n|poke|p2|Calyrex-Shadow|\n|teampreview\n|inactive|Battle timer is ON: inactive players will automatically lose when time's up. (requested by Jirachiisnotop)\n|j| EpicGamer069420\n|inactive|Cerecedo has 120 seconds left.\n|\n|t:|1698962130\n|start\n|switch|p1a: DeadMau5|Maushold-Four|100\/100\n|switch|p2a: Weezing|Weezing-Galar, M, shiny|100\/100\n|turn|1\n|\n|t:|1698962138\n|move|p1a: DeadMau5|Tidy Up|p1a: DeadMau5\n|-boost|p1a: DeadMau5|atk|1\n|-boost|p1a: DeadMau5|spe|1\n|move|p2a: Weezing|Toxic|p1a: DeadMau5\n|-status|p1a: DeadMau5|tox\n|\n|-damage|p1a: DeadMau5|94\/100 tox|[from] psn\n|upkeep\n|turn|2\n|\n|t:|1698962148\n|move|p1a: DeadMau5|Population Bomb|p2a: Weezing\n|-damage|p2a: Weezing|86\/100\n|-damage|p1a: DeadMau5|78\/100 tox|[from] item: Rocky Helmet|[of] p2a: Weezing\n|-damage|p2a: Weezing|72\/100\n|-damage|p1a: DeadMau5|61\/100 tox|[from] item: Rocky Helmet|[of] p2a: Weezing\n|-damage|p2a: Weezing|58\/100\n|-damage|p1a: DeadMau5|45\/100 tox|[from] item: Rocky Helmet|[of] p2a: Weezing\n|-damage|p2a: Weezing|44\/100\n|-damage|p1a: DeadMau5|28\/100 tox|[from] item: Rocky Helmet|[of] p2a: Weezing\n|-crit|p2a: Weezing\n|-damage|p2a: Weezing|21\/100\n|-damage|p1a: DeadMau5|12\/100 tox|[from] item: Rocky Helmet|[of] p2a: Weezing\n|-damage|p2a: Weezing|7\/100\n|-damage|p1a: DeadMau5|0 fnt|[from] item: Rocky Helmet|[of] p2a: Weezing\n|faint|p1a: DeadMau5\n|-hitcount|p2a: Weezing|6\n|move|p2a: Weezing|Clear Smog|p1: DeadMau5|[notarget]\n|-fail|p2a: Weezing\n|\n|upkeep\n|\n|t:|1698962154\n|switch|p1a: Chinesfaq|Chien-Pao|100\/100\n|-ability|p1a: Chinesfaq|Sword of Ruin\n|turn|3\n|\n|t:|1698962171\n|switch|p2a: Arceus|Arceus|100\/100\n|move|p1a: Chinesfaq|Swords Dance|p1a: Chinesfaq\n|-boost|p1a: Chinesfaq|atk|2\n|\n|upkeep\n|turn|4\n|\n|t:|1698962181\n|move|p2a: Arceus|Extreme Speed|p1a: Chinesfaq\n|-damage|p1a: Chinesfaq|43\/100\n|move|p1a: Chinesfaq|Ice Spinner|p2a: Arceus\n|-damage|p2a: Arceus|0 fnt\n|faint|p2a: Arceus\n|-damage|p1a: Chinesfaq|33\/100|[from] item: Life Orb\n|\n|upkeep\n|\n|t:|1698962205\n|switch|p2a: Miraidon|Miraidon|100\/100\n|-fieldstart|move: Electric Terrain|[from] ability: Hadron Engine|[of] p2a: Miraidon\n|turn|5\n|\n|t:|1698962210\n|-terastallize|p2a: Miraidon|Fairy\n|move|p1a: Chinesfaq|Ice Shard|p2a: Miraidon\n|-damage|p2a: Miraidon|23\/100\n|-damage|p1a: Chinesfaq|23\/100|[from] item: Life Orb\n|move|p2a: Miraidon|Dazzling Gleam|p1a: Chinesfaq\n|-supereffective|p1a: Chinesfaq\n|-damage|p1a: Chinesfaq|0 fnt\n|faint|p1a: Chinesfaq\n|\n|upkeep\n|\n|t:|1698962216\n|switch|p1a: Espeon|Espeon, M|100\/100\n|turn|6\n|\n|t:|1698962224\n|switch|p2a: Arceus|Arceus-Ground|100\/100\n|move|p1a: Espeon|Psyshock|p2a: Arceus\n|-damage|p2a: Arceus|77\/100\n|\n|upkeep\n|turn|7\n|\n|t:|1698962233\n|move|p1a: Espeon|Shadow Ball|p2a: Arceus\n|-damage|p2a: Arceus|63\/100\n|move|p2a: Arceus|Judgment|p1a: Espeon\n|-damage|p1a: Espeon|33\/100\n|\n|upkeep\n|turn|8\n|inactive|Cerecedo has 120 seconds left.\n|\n|t:|1698962265\n|move|p1a: Espeon|Psyshock|p2a: Arceus\n|-damage|p2a: Arceus|41\/100\n|move|p2a: Arceus|Judgment|p1a: Espeon\n|-damage|p1a: Espeon|0 fnt\n|faint|p1a: Espeon\n|\n|upkeep\n|\n|t:|1698962269\n|switch|p1a: Fast Boi|Ditto|100\/100\n|-transform|p1a: Fast Boi|p2a: Arceus|[from] ability: Imposter\n|turn|9\n|\n|t:|1698962278\n|switch|p2a: Weezing|Weezing-Galar, M, shiny|7\/100\n|move|p1a: Fast Boi|Judgment|p2a: Weezing\n|-damage|p2a: Weezing|0 fnt\n|faint|p2a: Weezing\n|\n|-fieldend|move: Electric Terrain\n|upkeep\n|inactive|Cerecedo has 120 seconds left.\n|\n|t:|1698962309\n|switch|p2a: Arceus|Arceus-Ground|41\/100\n|turn|10\n|\n|t:|1698962313\n|move|p1a: Fast Boi|Judgment|p2a: Arceus\n|-damage|p2a: Arceus|25\/100\n|move|p2a: Arceus|Recover|p2a: Arceus\n|-heal|p2a: Arceus|76\/100\n|\n|upkeep\n|turn|11\n|inactive|Cerecedo has 120 seconds left.\n|\n|t:|1698962320\n|switch|p1a: OG Godzilla|Tyranitar, F|100\/100\n|-weather|Sandstorm|[from] ability: Sand Stream|[of] p1a: OG Godzilla\n|move|p2a: Arceus|Judgment|p1a: OG Godzilla\n|-supereffective|p1a: OG Godzilla\n|-damage|p1a: OG Godzilla|33\/100\n|\n|-weather|Sandstorm|[upkeep]\n|upkeep\n|turn|12\n|\n|t:|1698962329\n|move|p2a: Arceus|Taunt|p1a: OG Godzilla\n|-start|p1a: OG Godzilla|move: Taunt\n|move|p1a: OG Godzilla|Brick Break|p2a: Arceus\n|-damage|p2a: Arceus|60\/100\n|\n|-weather|Sandstorm|[upkeep]\n|upkeep\n|turn|13\n|\n|t:|1698962336\n|move|p2a: Arceus|Recover|p2a: Arceus\n|-heal|p2a: Arceus|100\/100\n|move|p1a: OG Godzilla|Rock Tomb|p2a: Arceus\n|-resisted|p2a: Arceus\n|-damage|p2a: Arceus|89\/100\n|-unboost|p2a: Arceus|spe|1\n|\n|-weather|Sandstorm|[upkeep]\n|upkeep\n|turn|14\n|\n|t:|1698962351\n|move|p2a: Arceus|Judgment|p1a: OG Godzilla\n|-supereffective|p1a: OG Godzilla\n|-damage|p1a: OG Godzilla|0 fnt\n|faint|p1a: OG Godzilla\n|\n|-weather|Sandstorm|[upkeep]\n|upkeep\n|\n|t:|1698962362\n|switch|p1a: Fast Boi|Ditto|100\/100\n|-transform|p1a: Fast Boi|p2a: Arceus|[from] ability: Imposter\n|turn|15\n|\n|t:|1698962368\n|move|p1a: Fast Boi|Judgment|p2a: Arceus\n|-damage|p2a: Arceus|74\/100\n|move|p2a: Arceus|Judgment|p1a: Fast Boi\n|-damage|p1a: Fast Boi|66\/100\n|\n|-weather|Sandstorm|[upkeep]\n|upkeep\n|turn|16\n|\n|t:|1698962376\n|move|p1a: Fast Boi|Judgment|p2a: Arceus\n|-damage|p2a: Arceus|57\/100\n|move|p2a: Arceus|Judgment|p1a: Fast Boi\n|-damage|p1a: Fast Boi|34\/100\n|\n|-weather|Sandstorm|[upkeep]\n|upkeep\n|turn|17\n|\n|t:|1698962383\n|move|p1a: Fast Boi|Judgment|p2a: Arceus\n|-damage|p2a: Arceus|43\/100\n|move|p2a: Arceus|Recover|p2a: Arceus\n|-heal|p2a: Arceus|93\/100\n|\n|-weather|Sandstorm|[upkeep]\n|upkeep\n|turn|18\n|\n|t:|1698962390\n|move|p1a: Fast Boi|Judgment|p2a: Arceus\n|-damage|p2a: Arceus|78\/100\n|move|p2a: Arceus|Judgment|p1a: Fast Boi\n|-damage|p1a: Fast Boi|0 fnt\n|faint|p1a: Fast Boi\n|\n|-weather|none\n|upkeep\n|\n|t:|1698962401\n|switch|p1a: Houndstone|Houndstone, M|100\/100\n|turn|19\n|\n|t:|1698962405\n|move|p1a: Houndstone|Play Rough|p2a: Arceus\n|-damage|p2a: Arceus|61\/100\n|move|p2a: Arceus|Judgment|p1a: Houndstone\n|-damage|p1a: Houndstone|36\/100\n|\n|upkeep\n|turn|20\n|\n|t:|1698962412\n|move|p1a: Houndstone|Play Rough|p2a: Arceus\n|-damage|p2a: Arceus|45\/100\n|move|p2a: Arceus|Judgment|p1a: Houndstone\n|-damage|p1a: Houndstone|0 fnt\n|faint|p1a: Houndstone\n|\n|win|Cerecedo\n|raw|Jirachiisnotop's rating: 1531 &rarr; <strong>1524<\/strong><br \/>(-7 for losing)\n|raw|Cerecedo's rating: 1794 &rarr; <strong>1801<\/strong><br \/>(+7 for winning)\n|c| EpicGamer069420|wait\n|l|\u2606Jirachiisnotop\n|c| EpicGamer069420|how did the judgment hit turn 9 wasnt it levitate\n","uploadtime":1698962567,"views":7,"p1id":"jirachiisnotop","p2id":"cerecedo","formatid":"gen9anythinggoes","rating":1524,"private":0,"password":""}