{"id":"gen9anythinggoes-1972878644","p1":"100%OHKO","p2":"Haxxhatred","format":"[Gen 9] Anything Goes","log":"|j|\u2606100%OHKO\n|j|\u2606Haxxhatred\n|t:|1697904875\n|gametype|singles\n|player|p1|100%OHKO|acetrainer-gen4dp|1114\n|player|p2|Haxxhatred|102|1128\n|teamsize|p1|6\n|teamsize|p2|6\n|gen|9\n|tier|[Gen 9] Anything Goes\n|rated|\n|rule|HP Percentage Mod: HP is shown in percentages\n|rule|Endless Battle Clause: Forcing endless battles is banned\n|clearpoke\n|poke|p1|Groudon|\n|poke|p1|Landorus, M|\n|poke|p1|Articuno|\n|poke|p1|Cryogonal|\n|poke|p1|Kingambit, F|\n|poke|p1|Haxorus, F|\n|poke|p2|Basculegion, M|\n|poke|p2|Arceus|\n|poke|p2|Iron Valiant|\n|poke|p2|Koraidon|\n|poke|p2|Arceus-Dark|\n|poke|p2|Kleavor, F|\n|teampreview\n|inactive|Battle timer is ON: inactive players will automatically lose when time's up. (requested by 100%OHKO)\n|inactive|Haxxhatred has 120 seconds left.\n|inactive|Haxxhatred has 90 seconds left.\n|\n|t:|1697904952\n|start\n|switch|p1a: Articuno|Articuno|100\/100\n|switch|p2a: Kleavor|Kleavor, F|100\/100\n|-ability|p1a: Articuno|Pressure\n|turn|1\n|\n|t:|1697904962\n|move|p2a: Kleavor|Stone Axe|p1a: Articuno\n|-supereffective|p1a: Articuno\n|-damage|p1a: Articuno|0 fnt\n|-sidestart|p1: 100%OHKO|move: Stealth Rock\n|faint|p1a: Articuno\n|\n|upkeep\n|\n|t:|1697904972\n|switch|p1a: Groudon|Groudon|100\/100\n|-damage|p1a: Groudon|94\/100|[from] Stealth Rock\n|-weather|SunnyDay|[from] ability: Drought|[of] p1a: Groudon\n|turn|2\n|\n|t:|1697904987\n|move|p2a: Kleavor|U-turn|p1a: Groudon\n|-damage|p1a: Groudon|66\/100\n|\n|t:|1697904997\n|switch|p2a: Arceus|Arceus-Dark|100\/100|[from] U-turn\n|move|p1a: Groudon|Stealth Rock|p2a: Arceus\n|-sidestart|p2: Haxxhatred|move: Stealth Rock\n|\n|-weather|SunnyDay|[upkeep]\n|-heal|p1a: Groudon|72\/100|[from] item: Leftovers\n|upkeep\n|turn|3\n|\n|t:|1697905007\n|move|p2a: Arceus|Judgment|p1a: Groudon\n|-damage|p1a: Groudon|29\/100\n|move|p1a: Groudon|Thunder Wave|p2a: Arceus\n|-status|p2a: Arceus|par\n|\n|-weather|SunnyDay|[upkeep]\n|-heal|p1a: Groudon|35\/100|[from] item: Leftovers\n|upkeep\n|turn|4\n|\n|t:|1697905016\n|move|p1a: Groudon|Fissure|p2a: Arceus|[miss]\n|-miss|p1a: Groudon|p2a: Arceus\n|move|p2a: Arceus|Judgment|p1a: Groudon\n|-damage|p1a: Groudon|0 fnt\n|faint|p1a: Groudon\n|\n|-weather|SunnyDay|[upkeep]\n|upkeep\n|\n|t:|1697905022\n|switch|p1a: Kingambit|Kingambit, F|100\/100\n|-damage|p1a: Kingambit|94\/100|[from] Stealth Rock\n|-ability|p1a: Kingambit|Pressure\n|turn|5\n|\n|t:|1697905037\n|move|p1a: Kingambit|Substitute|p1a: Kingambit\n|-start|p1a: Kingambit|Substitute\n|-damage|p1a: Kingambit|69\/100\n|move|p2a: Arceus|Brick Break|p1a: Kingambit\n|-supereffective|p1a: Kingambit\n|-end|p1a: Kingambit|Substitute\n|\n|-weather|SunnyDay|[upkeep]\n|upkeep\n|turn|6\n|\n|t:|1697905046\n|switch|p1a: Landorus|Landorus, M|100\/100\n|-damage|p1a: Landorus|88\/100|[from] Stealth Rock\n|move|p2a: Arceus|Perish Song|p2a: Arceus\n|-start|p1a: Landorus|perish3|[silent]\n|-start|p2a: Arceus|perish3|[silent]\n|-fieldactivate|move: Perish Song\n|\n|-weather|none\n|-heal|p1a: Landorus|94\/100|[from] item: Leftovers\n|-start|p1a: Landorus|perish3\n|-start|p2a: Arceus|perish3\n|upkeep\n|turn|7\n|\n|t:|1697905061\n|move|p1a: Landorus|Protect|p1a: Landorus\n|-singleturn|p1a: Landorus|Protect\n|move|p2a: Arceus|Judgment|p1a: Landorus\n|-activate|p1a: Landorus|move: Protect\n|\n|-heal|p1a: Landorus|100\/100|[from] item: Leftovers\n|-start|p1a: Landorus|perish2\n|-start|p2a: Arceus|perish2\n|upkeep\n|turn|8\n|\n|t:|1697905085\n|switch|p2a: Arceus|Arceus|100\/100\n|-damage|p2a: Arceus|88\/100|[from] Stealth Rock\n|move|p1a: Landorus|Protect||[still]\n|-fail|p1a: Landorus\n|\n|-start|p1a: Landorus|perish1\n|upkeep\n|turn|9\n|\n|t:|1697905096\n|switch|p1a: Haxorus|Haxorus, F|100\/100\n|-damage|p1a: Haxorus|88\/100|[from] Stealth Rock\n|-ability|p1a: Haxorus|Mold Breaker\n|move|p2a: Arceus|Fire Blast|p1a: Haxorus\n|-resisted|p1a: Haxorus\n|-damage|p1a: Haxorus|60\/100\n|-damage|p2a: Arceus|78\/100|[from] item: Life Orb\n|\n|upkeep\n|turn|10\n|\n|t:|1697905107\n|move|p2a: Arceus|Extreme Speed|p1a: Haxorus\n|-damage|p1a: Haxorus|0 fnt\n|faint|p1a: Haxorus\n|-damage|p2a: Arceus|68\/100|[from] item: Life Orb\n|\n|upkeep\n|\n|t:|1697905110\n|switch|p1a: Cryogonal|Cryogonal|100\/100\n|-damage|p1a: Cryogonal|76\/100|[from] Stealth Rock\n|turn|11\n|\n|t:|1697905117\n|move|p1a: Cryogonal|Protect|p1a: Cryogonal\n|-singleturn|p1a: Cryogonal|Protect\n|move|p2a: Arceus|Extreme Speed|p1a: Cryogonal\n|-activate|p1a: Cryogonal|move: Protect\n|\n|upkeep\n|turn|12\n|\n|t:|1697905124\n|move|p2a: Arceus|Extreme Speed|p1a: Cryogonal\n|-damage|p1a: Cryogonal|0 fnt\n|faint|p1a: Cryogonal\n|-damage|p2a: Arceus|58\/100|[from] item: Life Orb\n|\n|upkeep\n|-message|100%OHKO forfeited.\n|\n|win|Haxxhatred\n|raw|100%OHKO's rating: 1114 &rarr; <strong>1090<\/strong><br \/>(-24 for losing)\n|raw|Haxxhatred's rating: 1128 &rarr; <strong>1152<\/strong><br \/>(+24 for winning)\n|l|\u2606100%OHKO\n","uploadtime":1697905132,"views":5,"p1id":"100ohko","p2id":"haxxhatred","formatid":"gen9anythinggoes","rating":1090,"private":0,"password":""}