{"id":"gen9anythinggoes-1992878640","p1":"Violeteyelights","p2":"deedeeking","format":"[Gen 9] Anything Goes","log":"|j|\u2606Violeteyelights\n|j|\u2606deedeeking\n|t:|1700243280\n|gametype|singles\n|player|p1|Violeteyelights|flannery|1378\n|player|p2|deedeeking|2|1334\n|teamsize|p1|6\n|teamsize|p2|6\n|gen|9\n|tier|[Gen 9] Anything Goes\n|rated|\n|rule|HP Percentage Mod: HP is shown in percentages\n|rule|Endless Battle Clause: Forcing endless battles is banned\n|clearpoke\n|poke|p1|Espathra, M|\n|poke|p1|Garchomp, F|\n|poke|p1|Arceus|\n|poke|p1|Shaymin-Sky|\n|poke|p1|Golem-Alola, M|\n|poke|p1|Eternatus|\n|poke|p2|Skeledirge, M|\n|poke|p2|Arboliva, F|\n|poke|p2|Gliscor, M|\n|poke|p2|Inteleon, F|\n|poke|p2|Grimmsnarl, M|\n|poke|p2|Koraidon|\n|teampreview\n|inactive|Battle timer is ON: inactive players will automatically lose when time's up. (requested by Violeteyelights)\n|j| Wolverine556698\n|\n|t:|1700243285\n|start\n|switch|p1a: Shaymin|Shaymin-Sky|100\/100\n|switch|p2a: Titan|Grimmsnarl, M|100\/100\n|-item|p1a: Shaymin|Choice Scarf|[from] ability: Frisk|[of] p2a: Titan|[identify]\n|turn|1\n|\n|t:|1700243292\n|switch|p1a: Eternatus|Eternatus|100\/100\n|-ability|p1a: Eternatus|Pressure\n|move|p2a: Titan|Play Rough|p1a: Eternatus\n|-damage|p1a: Eternatus|74\/100\n|\n|-heal|p1a: Eternatus|80\/100|[from] item: Leftovers\n|upkeep\n|turn|2\n|\n|t:|1700243301\n|switch|p2a: Batman|Gliscor, M, shiny|100\/100\n|move|p1a: Eternatus|Fire Spin|p2a: Batman\n|-damage|p2a: Batman|83\/100\n|-activate|p2a: Batman|move: Fire Spin|[of] p1a: Eternatus\n|\n|-heal|p1a: Eternatus|86\/100|[from] item: Leftovers\n|-damage|p2a: Batman|71\/100|[from] move: Fire Spin|[partiallytrapped]\n|-status|p2a: Batman|tox|[from] item: Toxic Orb\n|upkeep\n|turn|3\n|\n|t:|1700243310\n|switch|p1a: Shaymin|Shaymin-Sky|100\/100\n|move|p2a: Batman|Earthquake|p1a: Shaymin\n|-immune|p1a: Shaymin\n|\n|-heal|p2a: Batman|83\/100 tox|[from] ability: Poison Heal\n|-end|p2a: Batman|Fire Spin|[partiallytrapped]|[silent]\n|upkeep\n|turn|4\n|\n|t:|1700243318\n|-terastallize|p1a: Shaymin|Ice\n|move|p1a: Shaymin|Tera Blast|p2a: Batman|[anim] Tera Blast Ice\n|-supereffective|p2a: Batman\n|-damage|p2a: Batman|0 fnt\n|faint|p2a: Batman\n|\n|upkeep\n|\n|t:|1700243326\n|switch|p2a: Poco|Skeledirge, M|100\/100\n|turn|5\n|\n|t:|1700243329\n|switch|p1a: Eternatus|Eternatus|86\/100\n|-ability|p1a: Eternatus|Pressure\n|move|p2a: Poco|Torch Song|p1a: Eternatus\n|-resisted|p1a: Eternatus\n|-damage|p1a: Eternatus|71\/100\n|-boost|p2a: Poco|spa|1\n|\n|-heal|p1a: Eternatus|77\/100|[from] item: Leftovers\n|upkeep\n|turn|6\n|\n|t:|1700243339\n|move|p1a: Eternatus|Cosmic Power|p1a: Eternatus\n|-boost|p1a: Eternatus|def|1\n|-boost|p1a: Eternatus|spd|1\n|move|p2a: Poco|Earth Power|p1a: Eternatus\n|-supereffective|p1a: Eternatus\n|-damage|p1a: Eternatus|8\/100\n|\n|-heal|p1a: Eternatus|14\/100|[from] item: Leftovers\n|upkeep\n|turn|7\n|\n|t:|1700243347\n|move|p1a: Eternatus|Recover|p1a: Eternatus\n|-heal|p1a: Eternatus|64\/100\n|move|p2a: Poco|Torch Song|p1a: Eternatus\n|-resisted|p1a: Eternatus\n|-damage|p1a: Eternatus|44\/100\n|-boost|p2a: Poco|spa|1\n|\n|-heal|p1a: Eternatus|50\/100|[from] item: Leftovers\n|upkeep\n|turn|8\n|\n|t:|1700243366\n|move|p1a: Eternatus|Recover|p1a: Eternatus\n|-heal|p1a: Eternatus|99\/100\n|move|p2a: Poco|Earth Power|p1a: Eternatus\n|-supereffective|p1a: Eternatus\n|-crit|p1a: Eternatus\n|-damage|p1a: Eternatus|0 fnt\n|faint|p1a: Eternatus\n|\n|upkeep\n|\n|t:|1700243371\n|switch|p1a: Golem|Golem-Alola, M, shiny|100\/100\n|turn|9\n|\n|t:|1700243375\n|move|p2a: Poco|Earth Power|p1a: Golem\n|-supereffective|p1a: Golem\n|-crit|p1a: Golem\n|-enditem|p1a: Golem|Focus Sash\n|-damage|p1a: Golem|1\/100\n|move|p1a: Golem|Explosion|p2a: Poco\n|-damage|p2a: Poco|0 fnt\n|faint|p1a: Golem\n|faint|p2a: Poco\n|\n|upkeep\n|\n|t:|1700243390\n|switch|p2a: Titan|Grimmsnarl, M|100\/100\n|switch|p1a: Espathra|Espathra, M|100\/100\n|-item|p1a: Espathra|Safety Goggles|[from] ability: Frisk|[of] p2a: Titan|[identify]\n|turn|10\n|\n|t:|1700243395\n|move|p1a: Espathra|Substitute|p1a: Espathra\n|-start|p1a: Espathra|Substitute\n|-damage|p1a: Espathra|76\/100\n|move|p2a: Titan|Crunch|p1a: Espathra\n|-supereffective|p1a: Espathra\n|-end|p1a: Espathra|Substitute\n|\n|-ability|p1a: Espathra|Speed Boost|boost\n|-boost|p1a: Espathra|spe|1\n|upkeep\n|turn|11\n|\n|t:|1700243402\n|move|p1a: Espathra|Hypnosis|p2a: Titan|[miss]\n|-miss|p1a: Espathra|p2a: Titan\n|move|p2a: Titan|Crunch|p1a: Espathra\n|-supereffective|p1a: Espathra\n|-damage|p1a: Espathra|0 fnt\n|faint|p1a: Espathra\n|\n|upkeep\n|\n|t:|1700243408\n|switch|p1a: Arceus|Arceus, shiny|100\/100\n|turn|12\n|\n|t:|1700243410\n|move|p1a: Arceus|Swords Dance|p1a: Arceus\n|-boost|p1a: Arceus|atk|2\n|move|p2a: Titan|Brick Break|p1a: Arceus\n|-supereffective|p1a: Arceus\n|-damage|p1a: Arceus|60\/100\n|\n|upkeep\n|turn|13\n|\n|t:|1700243416\n|move|p1a: Arceus|Swords Dance|p1a: Arceus\n|-boost|p1a: Arceus|atk|2\n|move|p2a: Titan|Play Rough|p1a: Arceus\n|-damage|p1a: Arceus|20\/100\n|\n|upkeep\n|turn|14\n|\n|t:|1700243422\n|move|p1a: Arceus|Extreme Speed|p2a: Titan\n|-damage|p2a: Titan|0 fnt\n|faint|p2a: Titan\n|\n|upkeep\n|\n|t:|1700243427\n|switch|p2a: The Sniper|Inteleon, F|100\/100\n|turn|15\n|\n|t:|1700243431\n|move|p1a: Arceus|Extreme Speed|p2a: The Sniper\n|-damage|p2a: The Sniper|0 fnt\n|faint|p2a: The Sniper\n|\n|upkeep\n|\n|t:|1700243435\n|switch|p2a: Olive Oil|Arboliva, F|100\/100\n|turn|16\n|\n|t:|1700243442\n|-terastallize|p2a: Olive Oil|Ghost\n|move|p1a: Arceus|Extreme Speed|p2a: Olive Oil\n|-immune|p2a: Olive Oil\n|move|p2a: Olive Oil|Giga Drain|p1a: Arceus\n|-damage|p1a: Arceus|0 fnt\n|faint|p1a: Arceus\n|\n|upkeep\n|\n|t:|1700243446\n|switch|p1a: Shaymin|Shaymin-Sky, tera:Ice|100\/100\n|turn|17\n|\n|t:|1700243452\n|move|p1a: Shaymin|Air Slash|p2a: Olive Oil\n|-damage|p2a: Olive Oil|54\/100\n|cant|p2a: Olive Oil|flinch\n|\n|upkeep\n|turn|18\n|\n|t:|1700243459\n|switch|p1a: Garchomp|Garchomp, F|100\/100\n|move|p2a: Olive Oil|Leech Seed|p1a: Garchomp\n|-start|p1a: Garchomp|move: Leech Seed\n|\n|-damage|p1a: Garchomp|88\/100|[from] Leech Seed|[of] p2a: Olive Oil\n|-heal|p2a: Olive Oil|69\/100|[silent]\n|upkeep\n|turn|19\n|\n|t:|1700243465\n|move|p1a: Garchomp|Swords Dance|p1a: Garchomp\n|-boost|p1a: Garchomp|atk|2\n|move|p2a: Olive Oil|Strength Sap|p1a: Garchomp\n|-unboost|p1a: Garchomp|atk|1\n|-heal|p2a: Olive Oil|100\/100\n|\n|-damage|p1a: Garchomp|76\/100|[from] Leech Seed|[of] p2a: Olive Oil\n|upkeep\n|turn|20\n|\n|t:|1700243472\n|move|p1a: Garchomp|Earthquake|p2a: Olive Oil\n|-damage|p2a: Olive Oil|11\/100\n|-enditem|p2a: Olive Oil|Sitrus Berry|[eat]\n|-heal|p2a: Olive Oil|35\/100|[from] item: Sitrus Berry\n|move|p2a: Olive Oil|Strength Sap|p1a: Garchomp\n|-unboost|p1a: Garchomp|atk|1\n|-heal|p2a: Olive Oil|100\/100\n|\n|-damage|p1a: Garchomp|64\/100|[from] Leech Seed|[of] p2a: Olive Oil\n|-item|p2a: Olive Oil|Sitrus Berry|[from] ability: Harvest\n|upkeep\n|turn|21\n|\n|t:|1700243483\n|move|p1a: Garchomp|Swords Dance|p1a: Garchomp\n|-boost|p1a: Garchomp|atk|2\n|move|p2a: Olive Oil|Strength Sap|p1a: Garchomp\n|-unboost|p1a: Garchomp|atk|1\n|\n|-damage|p1a: Garchomp|51\/100|[from] Leech Seed|[of] p2a: Olive Oil\n|upkeep\n|turn|22\n|\n|t:|1700243489\n|move|p1a: Garchomp|Swords Dance|p1a: Garchomp\n|-boost|p1a: Garchomp|atk|2\n|move|p2a: Olive Oil|Strength Sap|p1a: Garchomp\n|-unboost|p1a: Garchomp|atk|1\n|\n|-damage|p1a: Garchomp|39\/100|[from] Leech Seed|[of] p2a: Olive Oil\n|upkeep\n|turn|23\n|\n|t:|1700243497\n|move|p2a: Olive Oil|Protect|p2a: Olive Oil\n|-singleturn|p2a: Olive Oil|Protect\n|move|p1a: Garchomp|Poison Jab|p2a: Olive Oil\n|-activate|p2a: Olive Oil|move: Protect\n|\n|-damage|p1a: Garchomp|27\/100|[from] Leech Seed|[of] p2a: Olive Oil\n|upkeep\n|turn|24\n|\n|t:|1700243504\n|move|p1a: Garchomp|Poison Jab|p2a: Olive Oil\n|-resisted|p2a: Olive Oil\n|-damage|p2a: Olive Oil|66\/100\n|move|p2a: Olive Oil|Strength Sap|p1a: Garchomp\n|-unboost|p1a: Garchomp|atk|1\n|-heal|p2a: Olive Oil|100\/100\n|\n|-damage|p1a: Garchomp|14\/100|[from] Leech Seed|[of] p2a: Olive Oil\n|upkeep\n|turn|25\n|\n|t:|1700243512\n|move|p1a: Garchomp|Swords Dance|p1a: Garchomp\n|-boost|p1a: Garchomp|atk|2\n|move|p2a: Olive Oil|Strength Sap|p1a: Garchomp\n|-unboost|p1a: Garchomp|atk|1\n|\n|-damage|p1a: Garchomp|2\/100|[from] Leech Seed|[of] p2a: Olive Oil\n|upkeep\n|turn|26\n|\n|t:|1700243520\n|move|p2a: Olive Oil|Protect|p2a: Olive Oil\n|-singleturn|p2a: Olive Oil|Protect\n|move|p1a: Garchomp|Earthquake|p2a: Olive Oil\n|-activate|p2a: Olive Oil|move: Protect\n|\n|-damage|p1a: Garchomp|0 fnt|[from] Leech Seed|[of] p2a: Olive Oil\n|faint|p1a: Garchomp\n|upkeep\n|\n|t:|1700243522\n|switch|p1a: Shaymin|Shaymin-Sky, tera:Ice|100\/100\n|turn|27\n|\n|t:|1700243529\n|move|p1a: Shaymin|Air Slash|p2a: Olive Oil\n|-damage|p2a: Olive Oil|59\/100\n|cant|p2a: Olive Oil|flinch\n|\n|upkeep\n|turn|28\n|\n|t:|1700243533\n|move|p1a: Shaymin|Air Slash|p2a: Olive Oil\n|-damage|p2a: Olive Oil|14\/100\n|-enditem|p2a: Olive Oil|Sitrus Berry|[eat]\n|-heal|p2a: Olive Oil|39\/100|[from] item: Sitrus Berry\n|cant|p2a: Olive Oil|flinch\n|\n|-item|p2a: Olive Oil|Sitrus Berry|[from] ability: Harvest\n|upkeep\n|-enditem|p2a: Olive Oil|Sitrus Berry|[eat]\n|-heal|p2a: Olive Oil|64\/100|[from] item: Sitrus Berry\n|turn|29\n|\n|t:|1700243543\n|move|p1a: Shaymin|Air Slash|p2a: Olive Oil\n|-damage|p2a: Olive Oil|22\/100\n|cant|p2a: Olive Oil|flinch\n|\n|upkeep\n|turn|30\n|\n|t:|1700243549\n|move|p2a: Olive Oil|Protect|p2a: Olive Oil\n|-singleturn|p2a: Olive Oil|Protect\n|move|p1a: Shaymin|Air Slash|p2a: Olive Oil\n|-activate|p2a: Olive Oil|move: Protect\n|\n|-item|p2a: Olive Oil|Sitrus Berry|[from] ability: Harvest\n|upkeep\n|-enditem|p2a: Olive Oil|Sitrus Berry|[eat]\n|-heal|p2a: Olive Oil|47\/100|[from] item: Sitrus Berry\n|turn|31\n|\n|t:|1700243558\n|move|p1a: Shaymin|Air Slash|p2a: Olive Oil\n|-damage|p2a: Olive Oil|4\/100\n|cant|p2a: Olive Oil|flinch\n|\n|-item|p2a: Olive Oil|Sitrus Berry|[from] ability: Harvest\n|upkeep\n|-enditem|p2a: Olive Oil|Sitrus Berry|[eat]\n|-heal|p2a: Olive Oil|29\/100|[from] item: Sitrus Berry\n|turn|32\n|\n|t:|1700243566\n|move|p2a: Olive Oil|Protect|p2a: Olive Oil\n|-singleturn|p2a: Olive Oil|Protect\n|move|p1a: Shaymin|Air Slash|p2a: Olive Oil\n|-activate|p2a: Olive Oil|move: Protect\n|\n|-item|p2a: Olive Oil|Sitrus Berry|[from] ability: Harvest\n|upkeep\n|-enditem|p2a: Olive Oil|Sitrus Berry|[eat]\n|-heal|p2a: Olive Oil|54\/100|[from] item: Sitrus Berry\n|turn|33\n|c|\u2606deedeeking|screw you flinching\n|\n|t:|1700243579\n|move|p1a: Shaymin|Air Slash|p2a: Olive Oil\n|-damage|p2a: Olive Oil|13\/100\n|cant|p2a: Olive Oil|flinch\n|\n|-item|p2a: Olive Oil|Sitrus Berry|[from] ability: Harvest\n|upkeep\n|-enditem|p2a: Olive Oil|Sitrus Berry|[eat]\n|-heal|p2a: Olive Oil|38\/100|[from] item: Sitrus Berry\n|turn|34\n|\n|t:|1700243588\n|move|p2a: Olive Oil|Protect|p2a: Olive Oil\n|-singleturn|p2a: Olive Oil|Protect\n|move|p1a: Shaymin|Air Slash|p2a: Olive Oil\n|-activate|p2a: Olive Oil|move: Protect\n|\n|-item|p2a: Olive Oil|Sitrus Berry|[from] ability: Harvest\n|upkeep\n|-enditem|p2a: Olive Oil|Sitrus Berry|[eat]\n|-heal|p2a: Olive Oil|63\/100|[from] item: Sitrus Berry\n|turn|35\n|\n|t:|1700243598\n|move|p1a: Shaymin|Air Slash|p2a: Olive Oil\n|-damage|p2a: Olive Oil|19\/100\n|cant|p2a: Olive Oil|flinch\n|\n|upkeep\n|turn|36\n|\n|t:|1700243603\n|move|p2a: Olive Oil|Protect|p2a: Olive Oil\n|-singleturn|p2a: Olive Oil|Protect\n|move|p1a: Shaymin|Air Slash|p2a: Olive Oil\n|-activate|p2a: Olive Oil|move: Protect\n|\n|upkeep\n|turn|37\n|\n|t:|1700243611\n|switch|p2a: Sandvitch|Koraidon|100\/100\n|-weather|SunnyDay|[from] ability: Orichalcum Pulse|[of] p2a: Sandvitch\n|-activate|p2a: Sandvitch|Orichalcum Pulse|[source]\n|move|p1a: Shaymin|Air Slash|p2a: Sandvitch\n|-supereffective|p2a: Sandvitch\n|-damage|p2a: Sandvitch|47\/100\n|\n|-weather|SunnyDay|[upkeep]\n|upkeep\n|turn|38\n|\n|t:|1700243619\n|move|p1a: Shaymin|Air Slash|p2a: Sandvitch\n|-supereffective|p2a: Sandvitch\n|-damage|p2a: Sandvitch|0 fnt\n|faint|p2a: Sandvitch\n|\n|-weather|SunnyDay|[upkeep]\n|upkeep\n|\n|t:|1700243623\n|switch|p2a: Olive Oil|Arboliva, F, tera:Ghost|19\/100\n|turn|39\n|\n|t:|1700243627\n|move|p2a: Olive Oil|Protect|p2a: Olive Oil\n|-singleturn|p2a: Olive Oil|Protect\n|move|p1a: Shaymin|Air Slash|p2a: Olive Oil\n|-activate|p2a: Olive Oil|move: Protect\n|\n|-weather|SunnyDay|[upkeep]\n|-item|p2a: Olive Oil|Sitrus Berry|[from] ability: Harvest\n|upkeep\n|-enditem|p2a: Olive Oil|Sitrus Berry|[eat]\n|-heal|p2a: Olive Oil|44\/100|[from] item: Sitrus Berry\n|turn|40\n|\n|t:|1700243635\n|move|p1a: Shaymin|Air Slash|p2a: Olive Oil\n|-damage|p2a: Olive Oil|4\/100\n|cant|p2a: Olive Oil|flinch\n|\n|-weather|SunnyDay|[upkeep]\n|-item|p2a: Olive Oil|Sitrus Berry|[from] ability: Harvest\n|upkeep\n|-enditem|p2a: Olive Oil|Sitrus Berry|[eat]\n|-heal|p2a: Olive Oil|29\/100|[from] item: Sitrus Berry\n|turn|41\n|c|\u2606deedeeking|ggs\n|\n|t:|1700243644\n|move|p2a: Olive Oil|Protect|p2a: Olive Oil\n|-singleturn|p2a: Olive Oil|Protect\n|move|p1a: Shaymin|Air Slash|p2a: Olive Oil\n|-activate|p2a: Olive Oil|move: Protect\n|\n|-weather|none\n|-item|p2a: Olive Oil|Sitrus Berry|[from] ability: Harvest\n|upkeep\n|-enditem|p2a: Olive Oil|Sitrus Berry|[eat]\n|-heal|p2a: Olive Oil|54\/100|[from] item: Sitrus Berry\n|turn|42\n|\n|t:|1700243653\n|move|p1a: Shaymin|Air Slash|p2a: Olive Oil\n|-damage|p2a: Olive Oil|13\/100\n|move|p2a: Olive Oil|Leech Seed|p1a: Shaymin\n|-start|p1a: Shaymin|move: Leech Seed\n|\n|-damage|p1a: Shaymin|88\/100|[from] Leech Seed|[of] p2a: Olive Oil\n|-heal|p2a: Olive Oil|27\/100|[silent]\n|upkeep\n|turn|43\n|c|\u2606deedeeking|FINALLY\n|\n|t:|1700243661\n|move|p2a: Olive Oil|Protect|p2a: Olive Oil\n|-singleturn|p2a: Olive Oil|Protect\n|move|p1a: Shaymin|Air Slash|p2a: Olive Oil\n|-activate|p2a: Olive Oil|move: Protect\n|\n|-damage|p1a: Shaymin|76\/100|[from] Leech Seed|[of] p2a: Olive Oil\n|-heal|p2a: Olive Oil|41\/100|[silent]\n|upkeep\n|turn|44\n|\n|t:|1700243668\n|move|p1a: Shaymin|Air Slash|p2a: Olive Oil\n|-damage|p2a: Olive Oil|0 fnt\n|faint|p2a: Olive Oil\n|\n|win|Violeteyelights\n|raw|Violeteyelights's rating: 1378 &rarr; <strong>1395<\/strong><br \/>(+17 for winning)\n|raw|deedeeking's rating: 1334 &rarr; <strong>1317<\/strong><br \/>(-17 for losing)\n|c|\u2606Violeteyelights|Gg\n|c| Wolverine556698|lol\n|l|\u2606deedeeking\n|c|\u2606Violeteyelights|lol\n","uploadtime":1700243681,"views":20,"p1id":"violeteyelights","p2id":"deedeeking","formatid":"gen9anythinggoes","rating":1317,"private":0,"password":""}