{"id":"gen9anythinggoes-1989157393","p1":"Lakaki","p2":"CRZ Magnet","format":"[Gen 9] Anything Goes","log":"|j|\u2606Lakaki\n|j|\u2606CRZ Magnet\n|t:|1699818319\n|gametype|singles\n|player|p1|Lakaki|harlequin|1000\n|player|p2|CRZ Magnet|2|1123\n|teamsize|p1|6\n|teamsize|p2|6\n|gen|9\n|tier|[Gen 9] Anything Goes\n|rated|\n|rule|HP Percentage Mod: HP is shown in percentages\n|rule|Endless Battle Clause: Forcing endless battles is banned\n|clearpoke\n|poke|p1|Enamorus-Therian, F|\n|poke|p1|Enamorus-Therian, F|\n|poke|p1|Enamorus-Therian, F|\n|poke|p1|Enamorus-Therian, F|\n|poke|p1|Enamorus-Therian, F|\n|poke|p1|Enamorus-Therian, F|\n|poke|p2|Calyrex-Shadow|\n|poke|p2|Eternatus|\n|poke|p2|Regieleki|\n|poke|p2|Kyogre|\n|poke|p2|Zacian-*|\n|poke|p2|Palkia|\n|teampreview\n|c|\u2606CRZ Magnet|bro\n|\n|t:|1699818332\n|start\n|switch|p1a: \ud83d\udc22Michelangelo \ud83c\udfdd\ufe0f|Enamorus-Therian, F|100\/100\n|switch|p2a: Kyogre|Kyogre, shiny|100\/100\n|-weather|RainDance|[from] ability: Drizzle|[of] p2a: Kyogre\n|turn|1\n|c|\u2606Lakaki|what\n|\n|t:|1699818347\n|move|p2a: Kyogre|Iron Head|p1a: \ud83d\udc22Michelangelo \ud83c\udfdd\ufe0f\n|-supereffective|p1a: \ud83d\udc22Michelangelo \ud83c\udfdd\ufe0f\n|-damage|p1a: \ud83d\udc22Michelangelo \ud83c\udfdd\ufe0f|68\/100\n|move|p1a: \ud83d\udc22Michelangelo \ud83c\udfdd\ufe0f|Sludge Bomb|p2a: Kyogre\n|-damage|p2a: Kyogre|72\/100\n|-status|p2a: Kyogre|psn\n|-damage|p1a: \ud83d\udc22Michelangelo \ud83c\udfdd\ufe0f|58\/100|[from] item: Life Orb\n|\n|-weather|RainDance|[upkeep]\n|-damage|p2a: Kyogre|60\/100 psn|[from] psn\n|upkeep\n|turn|2\n|c|\u2606CRZ Magnet|whats the plan here man\n|c|\u2606Lakaki|turtle\n|\n|t:|1699818381\n|switch|p2a: Regieleki|Regieleki|100\/100\n|-item|p2a: Regieleki|Air Balloon\n|move|p1a: \ud83d\udc22Michelangelo \ud83c\udfdd\ufe0f|Sludge Bomb|p2a: Regieleki\n|-damage|p2a: Regieleki|36\/100\n|-status|p2a: Regieleki|psn\n|-enditem|p2a: Regieleki|Air Balloon\n|-damage|p1a: \ud83d\udc22Michelangelo \ud83c\udfdd\ufe0f|49\/100|[from] item: Life Orb\n|\n|-weather|RainDance|[upkeep]\n|-damage|p2a: Regieleki|24\/100 psn|[from] psn\n|upkeep\n|turn|3\n|\n|t:|1699818395\n|move|p2a: Regieleki|Thunder|p1a: \ud83d\udc22Michelangelo \ud83c\udfdd\ufe0f\n|-supereffective|p1a: \ud83d\udc22Michelangelo \ud83c\udfdd\ufe0f\n|-damage|p1a: \ud83d\udc22Michelangelo \ud83c\udfdd\ufe0f|0 fnt\n|faint|p1a: \ud83d\udc22Michelangelo \ud83c\udfdd\ufe0f\n|\n|-weather|RainDance|[upkeep]\n|-damage|p2a: Regieleki|11\/100 psn|[from] psn\n|upkeep\n|\n|t:|1699818403\n|switch|p1a: \ud83d\udc22Michelangelo \ud83c\udfdd\ufe0f|Enamorus-Therian, F|100\/100\n|turn|4\n|\n|t:|1699818410\n|move|p2a: Regieleki|Thunder|p1a: \ud83d\udc22Michelangelo \ud83c\udfdd\ufe0f\n|-supereffective|p1a: \ud83d\udc22Michelangelo \ud83c\udfdd\ufe0f\n|-damage|p1a: \ud83d\udc22Michelangelo \ud83c\udfdd\ufe0f|0 fnt\n|faint|p1a: \ud83d\udc22Michelangelo \ud83c\udfdd\ufe0f\n|\n|-weather|RainDance|[upkeep]\n|-damage|p2a: Regieleki|0 fnt|[from] psn\n|faint|p2a: Regieleki\n|upkeep\n|\n|t:|1699818425\n|switch|p2a: Palkia|Palkia|100\/100\n|switch|p1a: \ud83d\udc22Michelangelo \ud83c\udfdd\ufe0f|Enamorus-Therian, F|100\/100\n|-ability|p2a: Palkia|Pressure\n|turn|5\n|\n|t:|1699818438\n|move|p2a: Palkia|Draco Meteor|p1a: \ud83d\udc22Michelangelo \ud83c\udfdd\ufe0f\n|-immune|p1a: \ud83d\udc22Michelangelo \ud83c\udfdd\ufe0f\n|move|p1a: \ud83d\udc22Michelangelo \ud83c\udfdd\ufe0f|Draining Kiss|p2a: Palkia\n|-supereffective|p2a: Palkia\n|-damage|p2a: Palkia|34\/100\n|-damage|p1a: \ud83d\udc22Michelangelo \ud83c\udfdd\ufe0f|91\/100|[from] item: Life Orb\n|\n|-weather|RainDance|[upkeep]\n|upkeep\n|turn|6\n|\n|t:|1699818455\n|move|p2a: Palkia|Stone Edge|p1a: \ud83d\udc22Michelangelo \ud83c\udfdd\ufe0f\n|-supereffective|p1a: \ud83d\udc22Michelangelo \ud83c\udfdd\ufe0f\n|-crit|p1a: \ud83d\udc22Michelangelo \ud83c\udfdd\ufe0f\n|-damage|p1a: \ud83d\udc22Michelangelo \ud83c\udfdd\ufe0f|12\/100\n|move|p1a: \ud83d\udc22Michelangelo \ud83c\udfdd\ufe0f|Draining Kiss|p2a: Palkia\n|-supereffective|p2a: Palkia\n|-damage|p2a: Palkia|0 fnt\n|-heal|p1a: \ud83d\udc22Michelangelo \ud83c\udfdd\ufe0f|42\/100|[from] drain|[of] p2a: Palkia\n|faint|p2a: Palkia\n|-damage|p1a: \ud83d\udc22Michelangelo \ud83c\udfdd\ufe0f|32\/100|[from] item: Life Orb\n|\n|-weather|RainDance|[upkeep]\n|upkeep\n|c|\u2606CRZ Magnet|youre so lucky\n|\n|t:|1699818466\n|switch|p2a: Zacian|Zacian-Crowned, shiny|100\/100\n|-ability|p2a: Zacian|Intrepid Sword|boost\n|-boost|p2a: Zacian|atk|1\n|turn|7\n|\n|t:|1699818496\n|move|p2a: Zacian|Behemoth Blade|p1a: \ud83d\udc22Michelangelo \ud83c\udfdd\ufe0f\n|-supereffective|p1a: \ud83d\udc22Michelangelo \ud83c\udfdd\ufe0f\n|-damage|p1a: \ud83d\udc22Michelangelo \ud83c\udfdd\ufe0f|0 fnt\n|faint|p1a: \ud83d\udc22Michelangelo \ud83c\udfdd\ufe0f\n|\n|-weather|RainDance|[upkeep]\n|upkeep\n|\n|t:|1699818501\n|switch|p1a: \ud83d\udc22Michelangelo \ud83c\udfdd\ufe0f|Enamorus-Therian, F|100\/100\n|turn|8\n|\n|t:|1699818507\n|move|p2a: Zacian|Behemoth Blade|p1a: \ud83d\udc22Michelangelo \ud83c\udfdd\ufe0f\n|-supereffective|p1a: \ud83d\udc22Michelangelo \ud83c\udfdd\ufe0f\n|-damage|p1a: \ud83d\udc22Michelangelo \ud83c\udfdd\ufe0f|0 fnt\n|faint|p1a: \ud83d\udc22Michelangelo \ud83c\udfdd\ufe0f\n|\n|-weather|none\n|upkeep\n|n|!Lakaki|lakaki\n|-message|Lakaki forfeited.\n|\n|win|CRZ Magnet\n|raw|Lakaki's rating: 1000 &rarr; <strong>1000<\/strong><br \/>(+0 for losing)\n|raw|CRZ Magnet's rating: 1123 &rarr; <strong>1140<\/strong><br \/>(+17 for winning)\n|l|!Lakaki\n","uploadtime":1699818515,"views":4,"p1id":"lakaki","p2id":"crzmagnet","formatid":"gen9anythinggoes","rating":1000,"private":0,"password":""}