{"id":"gen9anythinggoes-1989438838","p1":"coolguyagrim","p2":"Smurfcatrocks","format":"[Gen 9] Anything Goes","log":"|j|\u2606coolguyagrim\n|j|\u2606Smurfcatrocks\n|t:|1699850564\n|gametype|singles\n|player|p1|coolguyagrim|leon|1138\n|player|p2|Smurfcatrocks|n|1008\n|teamsize|p1|6\n|teamsize|p2|6\n|gen|9\n|tier|[Gen 9] Anything Goes\n|rated|\n|rule|HP Percentage Mod: HP is shown in percentages\n|rule|Endless Battle Clause: Forcing endless battles is banned\n|clearpoke\n|poke|p1|Rayquaza|\n|poke|p1|Zacian-*|\n|poke|p1|Kommo-o, F|\n|poke|p1|Urshifu-*, M|\n|poke|p1|Groudon|\n|poke|p1|Calyrex-Shadow|\n|poke|p2|Lilligant-Hisui, F|\n|poke|p2|Scream Tail|\n|poke|p2|Kyogre|\n|poke|p2|Typhlosion, F|\n|poke|p2|Brute Bonnet|\n|poke|p2|Gliscor, F|\n|teampreview\n|inactive|Battle timer is ON: inactive players will automatically lose when time's up. (requested by coolguyagrim)\n|\n|t:|1699850573\n|start\n|switch|p1a: Commander|Calyrex-Shadow|100\/100\n|switch|p2a: Gliscor|Gliscor, F, shiny|100\/100\n|-ability|p1a: Commander|As One\n|-ability|p1a: Commander|Unnerve\n|turn|1\n|\n|t:|1699850584\n|move|p1a: Commander|Dark Pulse|p2a: Gliscor\n|-damage|p2a: Gliscor|50\/100\n|move|p2a: Gliscor|Agility|p2a: Gliscor\n|-boost|p2a: Gliscor|spe|2\n|\n|-status|p2a: Gliscor|tox|[from] item: Toxic Orb\n|upkeep\n|turn|2\n|\n|t:|1699850598\n|move|p2a: Gliscor|Baton Pass|p2a: Gliscor\n|\n|t:|1699850612\n|switch|p2a: Brute Bonnet|Brute Bonnet, shiny|100\/100|[from] Baton Pass\n|move|p1a: Commander|Dark Pulse|p2a: Brute Bonnet\n|-resisted|p2a: Brute Bonnet\n|-damage|p2a: Brute Bonnet|90\/100\n|\n|upkeep\n|turn|3\n|inactive|Smurfcatrocks has 120 seconds left.\n|\n|t:|1699850643\n|move|p1a: Commander|Astral Barrage|p2a: Brute Bonnet\n|-resisted|p2a: Brute Bonnet\n|-damage|p2a: Brute Bonnet|71\/100\n|move|p2a: Brute Bonnet|Energy Ball|p1a: Commander\n|-damage|p1a: Commander|69\/100\n|-damage|p2a: Brute Bonnet|61\/100|[from] item: Life Orb\n|\n|upkeep\n|turn|4\n|inactive|Smurfcatrocks has 120 seconds left.\n|\n|t:|1699850655\n|move|p1a: Commander|Energy Ball|p2a: Brute Bonnet\n|-resisted|p2a: Brute Bonnet\n|-damage|p2a: Brute Bonnet|50\/100\n|move|p2a: Brute Bonnet|Synthesis|p2a: Brute Bonnet\n|-heal|p2a: Brute Bonnet|99\/100\n|\n|upkeep\n|turn|5\n|inactive|Smurfcatrocks has 120 seconds left.\n|\n|t:|1699850667\n|switch|p1a: Soilder|Kommo-o, F|100\/100\n|move|p2a: Brute Bonnet|Energy Ball|p1a: Soilder\n|-immune|p1a: Soilder|[from] ability: Bulletproof\n|\n|upkeep\n|turn|6\n|inactive|Smurfcatrocks has 120 seconds left.\n|\n|t:|1699850680\n|move|p1a: Soilder|Clangorous Soul|p1a: Soilder\n|-boost|p1a: Soilder|atk|1\n|-boost|p1a: Soilder|def|1\n|-boost|p1a: Soilder|spa|1\n|-boost|p1a: Soilder|spd|1\n|-boost|p1a: Soilder|spe|1\n|-damage|p1a: Soilder|68\/100\n|move|p2a: Brute Bonnet|Close Combat|p1a: Soilder\n|-damage|p1a: Soilder|36\/100\n|-unboost|p2a: Brute Bonnet|def|1\n|-unboost|p2a: Brute Bonnet|spd|1\n|-damage|p2a: Brute Bonnet|90\/100|[from] item: Life Orb\n|\n|upkeep\n|turn|7\n|inactive|Smurfcatrocks has 120 seconds left.\n|\n|t:|1699850694\n|move|p1a: Soilder|Drain Punch|p2a: Brute Bonnet\n|-supereffective|p2a: Brute Bonnet\n|-damage|p2a: Brute Bonnet|0 fnt\n|-heal|p1a: Soilder|100\/100|[from] drain|[of] p2a: Brute Bonnet\n|faint|p2a: Brute Bonnet\n|-end|p2a: Brute Bonnet|Protosynthesis|[silent]\n|\n|upkeep\n|\n|t:|1699850715\n|switch|p2a: Scream Tail|Scream Tail|100\/100\n|turn|8\n|\n|t:|1699850727\n|move|p1a: Soilder|Clanging Scales|p2a: Scream Tail\n|-immune|p2a: Scream Tail\n|move|p2a: Scream Tail|Sunny Day|p2a: Scream Tail\n|-weather|SunnyDay\n|-activate|p2a: Scream Tail|ability: Protosynthesis\n|-start|p2a: Scream Tail|protosynthesisdef\n|\n|-weather|SunnyDay|[upkeep]\n|upkeep\n|turn|9\n|\n|t:|1699850736\n|move|p1a: Soilder|Hyper Voice|p2a: Scream Tail\n|-damage|p2a: Scream Tail|75\/100\n|move|p2a: Scream Tail|Calm Mind|p2a: Scream Tail\n|-boost|p2a: Scream Tail|spa|1\n|-boost|p2a: Scream Tail|spd|1\n|\n|-weather|SunnyDay|[upkeep]\n|upkeep\n|turn|10\n|\n|t:|1699850748\n|move|p1a: Soilder|Drain Punch|p2a: Scream Tail\n|-resisted|p2a: Scream Tail\n|-crit|p2a: Scream Tail\n|-damage|p2a: Scream Tail|68\/100\n|move|p2a: Scream Tail|Trick Room|p2a: Scream Tail\n|-fieldstart|move: Trick Room|[of] p2a: Scream Tail\n|\n|-weather|SunnyDay|[upkeep]\n|upkeep\n|turn|11\n|\n|t:|1699850758\n|move|p2a: Scream Tail|Calm Mind|p2a: Scream Tail\n|-boost|p2a: Scream Tail|spa|1\n|-boost|p2a: Scream Tail|spd|1\n|move|p1a: Soilder|Hyper Voice|p2a: Scream Tail\n|-damage|p2a: Scream Tail|53\/100\n|\n|-weather|SunnyDay|[upkeep]\n|upkeep\n|turn|12\n|\n|t:|1699850770\n|switch|p1a: Swordsman|Zacian-Crowned|100\/100\n|-ability|p1a: Swordsman|Intrepid Sword|boost\n|-boost|p1a: Swordsman|atk|1\n|move|p2a: Scream Tail|Baton Pass|p2a: Scream Tail\n|\n|t:|1699850777\n|-end|p2a: Scream Tail|Protosynthesis|[silent]\n|switch|p2a: Typhlosion|Typhlosion, F, shiny|100\/100|[from] Baton Pass\n|\n|-weather|none\n|upkeep\n|turn|13\n|inactive|Smurfcatrocks has 120 seconds left.\n|\n|t:|1699850789\n|switch|p1a: Tanker|Groudon|100\/100\n|-weather|SunnyDay|[from] ability: Drought|[of] p1a: Tanker\n|move|p2a: Typhlosion|Flamethrower|p1a: Tanker\n|-damage|p1a: Tanker|0 fnt\n|faint|p1a: Tanker\n|\n|-weather|SunnyDay|[upkeep]\n|upkeep\n|\n|t:|1699850796\n|switch|p1a: Commander|Calyrex-Shadow|69\/100\n|-ability|p1a: Commander|As One\n|-ability|p1a: Commander|Unnerve\n|turn|14\n|\n|t:|1699850805\n|move|p2a: Typhlosion|Extrasensory|p1a: Commander\n|-resisted|p1a: Commander\n|-damage|p1a: Commander|46\/100\n|move|p1a: Commander|Astral Barrage|p2a: Typhlosion\n|-damage|p2a: Typhlosion|50\/100\n|\n|-weather|SunnyDay|[upkeep]\n|-fieldend|move: Trick Room\n|upkeep\n|turn|15\n|\n|t:|1699850814\n|move|p1a: Commander|Astral Barrage|p2a: Typhlosion\n|-damage|p2a: Typhlosion|0 fnt\n|faint|p2a: Typhlosion\n|-ability|p1a: Commander|Grim Neigh|boost\n|-boost|p1a: Commander|spa|1\n|\n|-weather|SunnyDay|[upkeep]\n|upkeep\n|\n|t:|1699850824\n|switch|p2a: Lilligant|Lilligant-Hisui, F, shiny|100\/100\n|turn|16\n|inactive|coolguyagrim has 120 seconds left.\n|\n|t:|1699850861\n|move|p2a: Lilligant|Leaf Blade|p1a: Commander\n|-damage|p1a: Commander|0 fnt\n|faint|p1a: Commander\n|\n|-weather|SunnyDay|[upkeep]\n|upkeep\n|inactive|coolguyagrim has 120 seconds left.\n|\n|t:|1699850886\n|switch|p1a: Soilder|Kommo-o, F|100\/100\n|turn|17\n|\n|t:|1699850892\n|move|p2a: Lilligant|Victory Dance|p2a: Lilligant\n|-boost|p2a: Lilligant|atk|1\n|-boost|p2a: Lilligant|def|1\n|-boost|p2a: Lilligant|spe|1\n|move|p1a: Soilder|Clangorous Soul|p1a: Soilder\n|-boost|p1a: Soilder|atk|1\n|-boost|p1a: Soilder|def|1\n|-boost|p1a: Soilder|spa|1\n|-boost|p1a: Soilder|spd|1\n|-boost|p1a: Soilder|spe|1\n|-damage|p1a: Soilder|68\/100\n|\n|-weather|none\n|upkeep\n|turn|18\n|\n|t:|1699850916\n|-terastallize|p2a: Lilligant|Fairy\n|move|p2a: Lilligant|Leaf Blade|p1a: Soilder\n|-resisted|p1a: Soilder\n|-damage|p1a: Soilder|47\/100\n|move|p1a: Soilder|Drain Punch|p2a: Lilligant\n|-resisted|p2a: Lilligant\n|-damage|p2a: Lilligant|75\/100\n|-heal|p1a: Soilder|59\/100|[from] drain|[of] p2a: Lilligant\n|\n|upkeep\n|turn|19\n|\n|t:|1699850928\n|move|p2a: Lilligant|Air Slash|p1a: Soilder\n|-supereffective|p1a: Soilder\n|-damage|p1a: Soilder|44\/100\n|-heal|p2a: Lilligant|77\/100|[from] item: Shell Bell|[of] p1a: Soilder\n|cant|p1a: Soilder|flinch\n|\n|upkeep\n|turn|20\n|\n|t:|1699850935\n|move|p2a: Lilligant|Victory Dance|p2a: Lilligant\n|-boost|p2a: Lilligant|atk|1\n|-boost|p2a: Lilligant|def|1\n|-boost|p2a: Lilligant|spe|1\n|move|p1a: Soilder|Clanging Scales|p2a: Lilligant\n|-immune|p2a: Lilligant\n|\n|upkeep\n|turn|21\n|\n|t:|1699850942\n|move|p2a: Lilligant|Air Slash|p1a: Soilder\n|-supereffective|p1a: Soilder\n|-damage|p1a: Soilder|28\/100\n|-heal|p2a: Lilligant|79\/100|[from] item: Shell Bell|[of] p1a: Soilder\n|move|p1a: Soilder|Drain Punch|p2a: Lilligant\n|-resisted|p2a: Lilligant\n|-damage|p2a: Lilligant|62\/100\n|-heal|p1a: Soilder|36\/100|[from] drain|[of] p2a: Lilligant\n|\n|upkeep\n|turn|22\n|-message|coolguyagrim forfeited.\n|\n|win|Smurfcatrocks\n|raw|coolguyagrim's rating: 1138 &rarr; <strong>1104<\/strong><br \/>(-34 for losing)\n|raw|Smurfcatrocks's rating: 1008 &rarr; <strong>1061<\/strong><br \/>(+53 for winning)\n","uploadtime":1699850965,"views":3,"p1id":"coolguyagrim","p2id":"smurfcatrocks","formatid":"gen9anythinggoes","rating":1061,"private":0,"password":""}