{"id":"gen9anythinggoes-1974692533","p1":"Spontalo123","p2":"OnyxGoBrr","format":"[Gen 9] Anything Goes","log":"|j|\u203dSpontalo123\n|j|\u203dOnyxGoBrr\n|t:|1698111096\n|gametype|singles\n|player|p1|Spontalo123|170|\n|player|p2|OnyxGoBrr|101|\n|teamsize|p1|6\n|teamsize|p2|6\n|gen|9\n|tier|[Gen 9] Anything Goes\n|rule|HP Percentage Mod: HP is shown in percentages\n|rule|Endless Battle Clause: Forcing endless battles is banned\n|clearpoke\n|poke|p1|Garchomp, M|\n|poke|p1|Houndoom, F|\n|poke|p1|Mimikyu, M|\n|poke|p1|Chandelure, F|\n|poke|p1|Lucario, F|\n|poke|p1|Charizard, F|\n|poke|p2|Houndoom, F|\n|poke|p2|Umbreon, M|\n|poke|p2|Rayquaza|\n|poke|p2|Vaporeon, M|\n|poke|p2|Arbok, M|\n|poke|p2|Flareon, F|\n|teampreview\n|\n|t:|1698111104\n|start\n|switch|p1a: Mimikyu|Mimikyu, M|100\/100\n|switch|p2a: Flareon|Flareon, F|100\/100\n|turn|1\n|\n|t:|1698111119\n|-terastallize|p2a: Flareon|Fire\n|move|p1a: Mimikyu|Substitute|p1a: Mimikyu\n|-start|p1a: Mimikyu|Substitute\n|-damage|p1a: Mimikyu|75\/100\n|move|p2a: Flareon|Flare Blitz|p1a: Mimikyu\n|-crit|p1a: Mimikyu\n|-end|p1a: Mimikyu|Substitute\n|-damage|p2a: Flareon|94\/100|[from] Recoil|[of] p1a: Mimikyu\n|\n|upkeep\n|turn|2\n|\n|t:|1698111133\n|switch|p2a: Umbreon|Umbreon, M, shiny|100\/100\n|move|p1a: Mimikyu|Hex|p2a: Umbreon\n|-resisted|p2a: Umbreon\n|-damage|p2a: Umbreon|93\/100\n|-heal|p1a: Mimikyu|77\/100|[from] item: Shell Bell|[of] p2a: Umbreon\n|\n|upkeep\n|turn|3\n|\n|t:|1698111145\n|move|p1a: Mimikyu|Draining Kiss|p2a: Umbreon\n|-supereffective|p2a: Umbreon\n|-damage|p2a: Umbreon|69\/100\n|-heal|p1a: Mimikyu|98\/100|[from] drain|[of] p2a: Umbreon\n|-heal|p1a: Mimikyu|100\/100|[from] item: Shell Bell|[of] p2a: Umbreon\n|move|p2a: Umbreon|Foul Play|p1a: Mimikyu\n|-activate|p1a: Mimikyu|ability: Disguise\n|-damage|p1a: Mimikyu|100\/100\n|detailschange|p1a: Mimikyu|Mimikyu-Busted, M\n|-damage|p1a: Mimikyu|88\/100|[from] pokemon: Mimikyu-Busted\n|\n|upkeep\n|turn|4\n|\n|t:|1698111163\n|switch|p1a: Lucario|Lucario, F|100\/100\n|move|p2a: Umbreon|Bite|p1a: Lucario\n|-resisted|p1a: Lucario\n|-damage|p1a: Lucario|87\/100\n|\n|upkeep\n|turn|5\n|\n|t:|1698111179\n|switch|p2a: Arbok|Arbok, M, shiny|100\/100\n|-ability|p2a: Arbok|Intimidate|boost\n|-fail|p1a: Lucario|unboost|[from] item: Clear Amulet|[of] p1a: Lucario\n|move|p1a: Lucario|Aura Sphere|p2a: Arbok\n|-resisted|p2a: Arbok\n|-damage|p2a: Arbok|77\/100\n|\n|upkeep\n|turn|6\n|\n|t:|1698111191\n|move|p1a: Lucario|Flash Cannon|p2a: Arbok\n|-damage|p2a: Arbok|29\/100\n|-unboost|p2a: Arbok|spd|1\n|move|p2a: Arbok|Toxic Spikes|p1a: Lucario\n|-sidestart|p1: Spontalo123|move: Toxic Spikes\n|\n|upkeep\n|turn|7\n|\n|t:|1698111202\n|move|p1a: Lucario|Iron Defense|p1a: Lucario\n|-boost|p1a: Lucario|def|2\n|move|p2a: Arbok|Toxic|p1a: Lucario\n|-immune|p1a: Lucario\n|\n|upkeep\n|turn|8\n|\n|t:|1698111213\n|move|p1a: Lucario|Bulk Up|p1a: Lucario\n|-boost|p1a: Lucario|atk|1\n|-boost|p1a: Lucario|def|1\n|move|p2a: Arbok|Toxic Spikes|p1a: Lucario\n|-sidestart|p1: Spontalo123|move: Toxic Spikes\n|\n|upkeep\n|turn|9\n|\n|t:|1698111220\n|move|p1a: Lucario|Aura Sphere|p2a: Arbok\n|-resisted|p2a: Arbok\n|-damage|p2a: Arbok|0 fnt\n|faint|p2a: Arbok\n|\n|upkeep\n|\n|t:|1698111229\n|switch|p2a: Flareon|Flareon, F, tera:Fire|94\/100\n|turn|10\n|\n|t:|1698111237\n|switch|p1a: Garchomp|Garchomp, M|100\/100\n|-status|p1a: Garchomp|tox\n|move|p2a: Flareon|Flare Blitz|p1a: Garchomp\n|-resisted|p1a: Garchomp\n|-crit|p1a: Garchomp\n|-damage|p1a: Garchomp|47\/100 tox\n|-damage|p2a: Flareon|81\/100|[from] ability: Rough Skin|[of] p1a: Garchomp\n|-damage|p2a: Flareon|62\/100|[from] Recoil\n|\n|-damage|p1a: Garchomp|41\/100 tox|[from] psn\n|upkeep\n|turn|11\n|\n|t:|1698111268\n|move|p1a: Garchomp|Earthquake|p2a: Flareon\n|-supereffective|p2a: Flareon\n|-damage|p2a: Flareon|0 fnt\n|faint|p2a: Flareon\n|\n|-damage|p1a: Garchomp|29\/100 tox|[from] psn\n|upkeep\n|\n|t:|1698111277\n|switch|p2a: Umbreon|Umbreon, M, shiny|69\/100\n|turn|12\n|\n|t:|1698111283\n|move|p1a: Garchomp|Swords Dance|p1a: Garchomp\n|-boost|p1a: Garchomp|atk|2\n|move|p2a: Umbreon|Foul Play|p1a: Garchomp\n|-damage|p1a: Garchomp|0 fnt\n|-damage|p2a: Umbreon|56\/100|[from] ability: Rough Skin|[of] p1a: Garchomp\n|faint|p1a: Garchomp\n|\n|upkeep\n|\n|t:|1698111297\n|switch|p1a: Mimikyu|Mimikyu-Busted, M|88\/100\n|-status|p1a: Mimikyu|tox\n|turn|13\n|\n|t:|1698111309\n|move|p1a: Mimikyu|Play Rough|p2a: Umbreon\n|-supereffective|p2a: Umbreon\n|-damage|p2a: Umbreon|3\/100\n|-heal|p1a: Mimikyu|96\/100 tox|[from] item: Shell Bell|[of] p2a: Umbreon\n|move|p2a: Umbreon|Foul Play|p1a: Mimikyu\n|-damage|p1a: Mimikyu|56\/100 tox\n|\n|-damage|p1a: Mimikyu|50\/100 tox|[from] psn\n|upkeep\n|turn|14\n|\n|t:|1698111326\n|move|p1a: Mimikyu|Hex|p2a: Umbreon\n|-resisted|p2a: Umbreon\n|-damage|p2a: Umbreon|0 fnt\n|faint|p2a: Umbreon\n|-heal|p1a: Mimikyu|50\/100 tox|[from] item: Shell Bell|[of] p2: Umbreon\n|\n|-damage|p1a: Mimikyu|38\/100 tox|[from] psn\n|upkeep\n|\n|t:|1698111338\n|switch|p2a: Houndoom|Houndoom, F|100\/100\n|turn|15\n|\n|t:|1698111348\n|move|p2a: Houndoom|Flare Blitz|p1a: Mimikyu\n|-damage|p1a: Mimikyu|0 fnt\n|faint|p1a: Mimikyu\n|-damage|p2a: Houndoom|89\/100|[from] Recoil\n|\n|upkeep\n|\n|t:|1698111354\n|switch|p1a: Lucario|Lucario, F|87\/100\n|turn|16\n|\n|t:|1698111373\n|move|p2a: Houndoom|Flare Blitz|p1a: Lucario\n|-supereffective|p1a: Lucario\n|-damage|p1a: Lucario|0 fnt\n|faint|p1a: Lucario\n|-damage|p2a: Houndoom|61\/100|[from] Recoil\n|\n|upkeep\n|\n|t:|1698111390\n|switch|p1a: Charizard|Charizard, F|100\/100\n|turn|17\n|\n|t:|1698111396\n|switch|p2a: Vaporeon|Vaporeon, M|100\/100\n|move|p1a: Charizard|Dragon Dance|p1a: Charizard\n|-boost|p1a: Charizard|atk|1\n|-boost|p1a: Charizard|spe|1\n|\n|upkeep\n|turn|18\n|\n|t:|1698111405\n|move|p1a: Charizard|Dragon Dance|p1a: Charizard\n|-boost|p1a: Charizard|atk|1\n|-boost|p1a: Charizard|spe|1\n|move|p2a: Vaporeon|Hydro Pump|p1a: Charizard\n|-supereffective|p1a: Charizard\n|-damage|p1a: Charizard|16\/100\n|\n|upkeep\n|turn|19\n|\n|t:|1698111415\n|move|p1a: Charizard|Air Slash|p2a: Vaporeon\n|-crit|p2a: Vaporeon\n|-damage|p2a: Vaporeon|71\/100\n|move|p2a: Vaporeon|Surf|p1a: Charizard\n|-supereffective|p1a: Charizard\n|-damage|p1a: Charizard|0 fnt\n|faint|p1a: Charizard\n|\n|upkeep\n|\n|t:|1698111425\n|switch|p1a: Chandelure|Chandelure, F|100\/100\n|-status|p1a: Chandelure|tox\n|turn|20\n|\n|t:|1698111436\n|move|p2a: Vaporeon|Hydro Pump|p1a: Chandelure|[miss]\n|-miss|p2a: Vaporeon|p1a: Chandelure\n|move|p1a: Chandelure|Dark Pulse|p2a: Vaporeon\n|-damage|p2a: Vaporeon|49\/100\n|\n|-damage|p1a: Chandelure|94\/100 tox|[from] psn\n|upkeep\n|turn|21\n|\n|t:|1698111449\n|move|p2a: Vaporeon|Hydro Pump|p1a: Chandelure\n|-supereffective|p1a: Chandelure\n|-damage|p1a: Chandelure|0 fnt\n|faint|p1a: Chandelure\n|\n|upkeep\n|\n|t:|1698111454\n|switch|p1a: Houndoom|Houndoom, F|100\/100\n|-ability|p1a: Houndoom|Unnerve\n|-status|p1a: Houndoom|tox\n|turn|22\n|\n|t:|1698111461\n|move|p1a: Houndoom|Will-O-Wisp|p2a: Vaporeon\n|-status|p2a: Vaporeon|brn\n|move|p2a: Vaporeon|Hydro Pump|p1a: Houndoom\n|-supereffective|p1a: Houndoom\n|-damage|p1a: Houndoom|0 fnt\n|faint|p1a: Houndoom\n|\n|win|OnyxGoBrr\n|l|\u203dSpontalo123\n","uploadtime":1698111479,"views":6,"p1id":"spontalo123","p2id":"onyxgobrr","formatid":"gen9anythinggoes","rating":0,"private":0,"password":""}