{"id":"gen9anythinggoes-1981876772","p1":"Aannan","p2":"amonggussb","format":"[Gen 9] Anything Goes","log":"|j|\u2606Aannan\n|j|\u2606amonggussb\n|t:|1698948361\n|gametype|singles\n|player|p1|Aannan|iris|\n|player|p2|amonggussb|266|\n|teamsize|p1|6\n|teamsize|p2|6\n|gen|9\n|tier|[Gen 9] Anything Goes\n|rule|HP Percentage Mod: HP is shown in percentages\n|rule|Endless Battle Clause: Forcing endless battles is banned\n|clearpoke\n|poke|p1|Hatterene, F|\n|poke|p1|Cinderace, M|\n|poke|p1|Glaceon, M|\n|poke|p1|Dachsbun, M|\n|poke|p1|Gardevoir, M|\n|poke|p1|Cinderace, F|\n|poke|p2|Annihilape, F|\n|poke|p2|Zoroark-Hisui, M|\n|poke|p2|Greninja-*, M|\n|poke|p2|Calyrex-Shadow|\n|poke|p2|Meowscarada, F|\n|poke|p2|Gholdengo|\n|teampreview\n|\n|t:|1698948378\n|start\n|switch|p1a: Cinderace|Cinderace, M|100\/100\n|switch|p2a: Meowscarada|Meowscarada, F, shiny|100\/100\n|turn|1\n|\n|t:|1698948395\n|switch|p2a: Greninja|Greninja, M|100\/100\n|move|p1a: Cinderace|Pyro Ball|p2a: Greninja\n|-resisted|p2a: Greninja\n|-crit|p2a: Greninja\n|-damage|p2a: Greninja|53\/100\n|\n|upkeep\n|turn|2\n|\n|t:|1698948409\n|move|p1a: Cinderace|Trailblaze|p2a: Greninja\n|-supereffective|p2a: Greninja\n|-damage|p2a: Greninja|23\/100\n|-boost|p1a: Cinderace|spe|1\n|move|p2a: Greninja|Substitute|p2a: Greninja\n|-fail|p2a: Greninja|move: Substitute|[weak]\n|\n|upkeep\n|turn|3\n|\n|t:|1698948421\n|move|p1a: Cinderace|Trailblaze|p2a: Greninja\n|-supereffective|p2a: Greninja\n|-damage|p2a: Greninja|0 fnt\n|-boost|p1a: Cinderace|spe|1\n|faint|p2a: Greninja\n|\n|upkeep\n|\n|t:|1698948461\n|switch|p2a: Calyrex|Calyrex-Shadow|100\/100\n|-ability|p2a: Calyrex|As One\n|-ability|p2a: Calyrex|Unnerve\n|turn|4\n|\n|t:|1698948474\n|move|p1a: Cinderace|Pyro Ball|p2a: Calyrex\n|-damage|p2a: Calyrex|58\/100\n|move|p2a: Calyrex|Astral Barrage|p1a: Cinderace\n|-damage|p1a: Cinderace|25\/100\n|\n|upkeep\n|turn|5\n|\n|t:|1698948490\n|move|p1a: Cinderace|Pyro Ball|p2a: Calyrex\n|-damage|p2a: Calyrex|0 fnt\n|faint|p2a: Calyrex\n|\n|upkeep\n|\n|t:|1698948495\n|switch|p2a: Annihilape|Annihilape, F, shiny|100\/100\n|turn|6\n|\n|t:|1698948506\n|move|p1a: Cinderace|Pyro Ball|p2a: Annihilape\n|-damage|p2a: Annihilape|33\/100\n|move|p2a: Annihilape|Drain Punch|p1a: Cinderace\n|-damage|p1a: Cinderace|0 fnt\n|-heal|p2a: Annihilape|44\/100|[from] drain|[of] p1a: Cinderace\n|-damage|p2a: Annihilape|28\/100|[from] item: Rocky Helmet|[of] p1a: Cinderace\n|faint|p1a: Cinderace\n|\n|-heal|p2a: Annihilape|34\/100|[from] item: Leftovers\n|upkeep\n|\n|t:|1698948525\n|switch|p1a: Gardevoir|Gardevoir, M|100\/100\n|turn|7\n|\n|t:|1698948538\n|move|p1a: Gardevoir|Psychic|p2a: Annihilape\n|-supereffective|p2a: Annihilape\n|-damage|p2a: Annihilape|0 fnt\n|faint|p2a: Annihilape\n|\n|upkeep\n|\n|t:|1698948553\n|switch|p2a: Meowscarada|Meowscarada, F, shiny|100\/100\n|turn|8\n|\n|t:|1698948569\n|-terastallize|p2a: Meowscarada|Grass\n|move|p2a: Meowscarada|Giga Drain|p1a: Gardevoir\n|-damage|p1a: Gardevoir|62\/100\n|move|p1a: Gardevoir|Future Sight|p2a: Meowscarada\n|-start|p1a: Gardevoir|move: Future Sight\n|\n|-heal|p1a: Gardevoir|68\/100|[from] item: Leftovers\n|upkeep\n|turn|9\n|\n|t:|1698948585\n|move|p2a: Meowscarada|Giga Drain|p1a: Gardevoir\n|-damage|p1a: Gardevoir|34\/100\n|move|p1a: Gardevoir|Psychic|p2a: Meowscarada\n|-damage|p2a: Meowscarada|56\/100\n|-unboost|p2a: Meowscarada|spd|1\n|\n|-heal|p1a: Gardevoir|40\/100|[from] item: Leftovers\n|upkeep\n|turn|10\n|\n|t:|1698948596\n|move|p2a: Meowscarada|Giga Drain|p1a: Gardevoir\n|-damage|p1a: Gardevoir|6\/100\n|-heal|p2a: Meowscarada|71\/100|[from] drain|[of] p1a: Gardevoir\n|move|p1a: Gardevoir|Body Slam|p2a: Meowscarada\n|-damage|p2a: Meowscarada|49\/100\n|\n|-end|p2a: Meowscarada|move: Future Sight\n|-damage|p2a: Meowscarada|0 fnt\n|faint|p2a: Meowscarada\n|-heal|p1a: Gardevoir|12\/100|[from] item: Leftovers\n|upkeep\n|\n|t:|1698948613\n|switch|p2a: Gholdengo|Gholdengo, shiny|100\/100\n|turn|11\n|\n|t:|1698948624\n|-singleturn|p2a: Gholdengo|move: Focus Punch\n|move|p1a: Gardevoir|Destiny Bond|p1a: Gardevoir\n|-singlemove|p1a: Gardevoir|Destiny Bond\n|move|p2a: Gholdengo|Focus Punch|p1a: Gardevoir\n|-resisted|p1a: Gardevoir\n|-damage|p1a: Gardevoir|0 fnt\n|faint|p1a: Gardevoir\n|-activate|p1a: Gardevoir|move: Destiny Bond\n|faint|p2a: Gholdengo\n|\n|upkeep\n|\n|t:|1698948638\n|switch|p2a: Gholdengo|Gholdengo, shiny|100\/100\n|switch|p1a: Bomboclat Dawg|Dachsbun, M|100\/100\n|turn|12\n|\n|t:|1698948670\n|move|p1a: Bomboclat Dawg|Play Rough|p2a: Gholdengo\n|-resisted|p2a: Gholdengo\n|-damage|p2a: Gholdengo|89\/100\n|move|p2a: Gholdengo|Focus Blast|p1a: Bomboclat Dawg\n|-resisted|p1a: Bomboclat Dawg\n|-damage|p1a: Bomboclat Dawg|72\/100\n|-unboost|p1a: Bomboclat Dawg|spd|1\n|\n|-heal|p1a: Bomboclat Dawg|78\/100|[from] item: Leftovers\n|upkeep\n|turn|13\n|\n|t:|1698948686\n|move|p1a: Bomboclat Dawg|Draining Kiss|p2a: Gholdengo\n|-resisted|p2a: Gholdengo\n|-damage|p2a: Gholdengo|83\/100\n|-heal|p1a: Bomboclat Dawg|84\/100|[from] drain|[of] p2a: Gholdengo\n|move|p2a: Gholdengo|Psychic|p1a: Bomboclat Dawg\n|-damage|p1a: Bomboclat Dawg|21\/100\n|-unboost|p1a: Bomboclat Dawg|spd|1\n|\n|-heal|p1a: Bomboclat Dawg|27\/100|[from] item: Leftovers\n|upkeep\n|turn|14\n|\n|t:|1698948697\n|move|p1a: Bomboclat Dawg|Stomping Tantrum|p2a: Gholdengo\n|-supereffective|p2a: Gholdengo\n|-damage|p2a: Gholdengo|56\/100\n|move|p2a: Gholdengo|Psychic|p1a: Bomboclat Dawg\n|-damage|p1a: Bomboclat Dawg|0 fnt\n|faint|p1a: Bomboclat Dawg\n|\n|upkeep\n|\n|t:|1698948703\n|switch|p1a: Cinderace|Cinderace, F, shiny|100\/100\n|turn|15\n|\n|t:|1698948718\n|move|p1a: Cinderace|Pyro Ball|p2a: Gholdengo\n|-supereffective|p2a: Gholdengo\n|-damage|p2a: Gholdengo|0 fnt\n|faint|p2a: Gholdengo\n|\n|win|Aannan\n|l|\u2606Aannan\n|j|\u2606Aannan\n|player|p1|Aannan|dawn-gen4pt\n|l|\u2606Aannan\n|player|p1|\n|j|\u2606Aannan\n|player|p1|Aannan|dawn-gen4pt\n","uploadtime":1698950084,"views":12,"p1id":"aannan","p2id":"amonggussb","formatid":"gen9anythinggoes","rating":0,"private":0,"password":""}