{"id":"gen9anythinggoes-1972892217","p1":"Haxxhatred","p2":"Nubbleslabob","format":"[Gen 9] Anything Goes","log":"|j|\u2606Haxxhatred\n|j|\u2606Nubbleslabob\n|t:|1697906184\n|gametype|singles\n|player|p1|Haxxhatred|102|1222\n|player|p2|Nubbleslabob|1|1238\n|teamsize|p1|6\n|teamsize|p2|6\n|gen|9\n|tier|[Gen 9] Anything Goes\n|rated|\n|rule|HP Percentage Mod: HP is shown in percentages\n|rule|Endless Battle Clause: Forcing endless battles is banned\n|clearpoke\n|poke|p1|Basculegion, M|\n|poke|p1|Arceus|\n|poke|p1|Iron Valiant|\n|poke|p1|Koraidon|\n|poke|p1|Arceus-Dark|\n|poke|p1|Kleavor, M|\n|poke|p2|Cloyster, M|\n|poke|p2|Cloyster, M|\n|poke|p2|Cloyster, F|\n|poke|p2|Cloyster, M|\n|poke|p2|Cloyster, M|\n|poke|p2|Gholdengo|\n|teampreview\n|\n|t:|1697906224\n|start\n|switch|p1a: Koraidon|Koraidon|100\/100\n|switch|p2a: John wick|Cloyster, M, shiny|100\/100\n|-weather|SunnyDay|[from] ability: Orichalcum Pulse|[of] p1a: Koraidon\n|-activate|p1a: Koraidon|Orichalcum Pulse|[source]\n|turn|1\n|\n|t:|1697906234\n|-terastallize|p2a: John wick|Steel\n|move|p1a: Koraidon|Collision Course|p2a: John wick\n|-supereffective|p2a: John wick\n|-enditem|p2a: John wick|Focus Sash\n|-damage|p2a: John wick|1\/100\n|move|p2a: John wick|Shell Smash|p2a: John wick\n|-unboost|p2a: John wick|def|1\n|-unboost|p2a: John wick|spd|1\n|-boost|p2a: John wick|atk|2\n|-boost|p2a: John wick|spa|2\n|-boost|p2a: John wick|spe|2\n|\n|-weather|SunnyDay|[upkeep]\n|upkeep\n|turn|2\n|\n|t:|1697906252\n|move|p2a: John wick|Icicle Spear|p1a: Koraidon\n|-supereffective|p1a: Koraidon\n|-crit|p1a: Koraidon\n|-damage|p1a: Koraidon|57\/100\n|-supereffective|p1a: Koraidon\n|-damage|p1a: Koraidon|25\/100\n|-supereffective|p1a: Koraidon\n|-damage|p1a: Koraidon|0 fnt\n|faint|p1a: Koraidon\n|-hitcount|p1: Koraidon|3\n|\n|-weather|SunnyDay|[upkeep]\n|upkeep\n|c|\u2606Nubbleslabob|Bye bye\n|\n|t:|1697906274\n|switch|p1a: Arceus|Arceus|100\/100\n|turn|3\n|\n|t:|1697906289\n|move|p1a: Arceus|Extreme Speed|p2a: John wick\n|-resisted|p2a: John wick\n|-damage|p2a: John wick|0 fnt\n|faint|p2a: John wick\n|-damage|p1a: Arceus|91\/100|[from] item: Life Orb\n|\n|-weather|SunnyDay|[upkeep]\n|upkeep\n|\n|t:|1697906299\n|switch|p2a: John wick|Gholdengo, shiny|100\/100\n|-item|p2a: John wick|Air Balloon\n|turn|4\n|\n|t:|1697906306\n|move|p1a: Arceus|Fire Blast|p2a: John wick\n|-supereffective|p2a: John wick\n|-damage|p2a: John wick|0 fnt\n|-enditem|p2a: John wick|Air Balloon\n|faint|p2a: John wick\n|-damage|p1a: Arceus|81\/100|[from] item: Life Orb\n|\n|-weather|SunnyDay|[upkeep]\n|upkeep\n|\n|t:|1697906315\n|switch|p2a: John wick|Cloyster, M, shiny|100\/100\n|turn|5\n|\n|t:|1697906324\n|move|p2a: John wick|Icicle Spear|p1a: Arceus\n|-damage|p1a: Arceus|72\/100\n|-damage|p1a: Arceus|64\/100\n|-damage|p1a: Arceus|56\/100\n|-damage|p1a: Arceus|48\/100\n|-damage|p1a: Arceus|40\/100\n|-hitcount|p1a: Arceus|5\n|move|p1a: Arceus|Fire Blast|p2a: John wick\n|-enditem|p2a: John wick|Focus Sash\n|-damage|p2a: John wick|1\/100\n|-damage|p1a: Arceus|30\/100|[from] item: Life Orb\n|\n|-weather|none\n|upkeep\n|turn|6\n|\n|t:|1697906342\n|move|p1a: Arceus|Extreme Speed|p2a: John wick\n|-damage|p2a: John wick|0 fnt\n|faint|p2a: John wick\n|-damage|p1a: Arceus|20\/100|[from] item: Life Orb\n|\n|upkeep\n|\n|t:|1697906349\n|switch|p2a: John wick|Cloyster, F, shiny|100\/100\n|turn|7\n|\n|t:|1697906362\n|switch|p1a: Kleavor|Kleavor, M|100\/100\n|move|p2a: John wick|Icicle Spear|p1a: Kleavor\n|-damage|p1a: Kleavor|87\/100\n|-damage|p1a: Kleavor|75\/100\n|-damage|p1a: Kleavor|62\/100\n|-damage|p1a: Kleavor|50\/100\n|-damage|p1a: Kleavor|37\/100\n|-hitcount|p1a: Kleavor|5\n|\n|upkeep\n|turn|8\n|\n|t:|1697906374\n|move|p2a: John wick|Icicle Spear|p1a: Kleavor\n|-damage|p1a: Kleavor|24\/100\n|-damage|p1a: Kleavor|12\/100\n|-damage|p1a: Kleavor|0 fnt\n|faint|p1a: Kleavor\n|-hitcount|p1: Kleavor|3\n|\n|upkeep\n|\n|t:|1697906394\n|switch|p1a: Iron Valiant|Iron Valiant, shiny|100\/100\n|turn|9\n|\n|t:|1697906400\n|move|p1a: Iron Valiant|Thunderbolt|p2a: John wick\n|-supereffective|p2a: John wick\n|-enditem|p2a: John wick|Focus Sash\n|-damage|p2a: John wick|1\/100\n|move|p2a: John wick|Icicle Spear|p1a: Iron Valiant\n|-damage|p1a: Iron Valiant|87\/100\n|-damage|p1a: Iron Valiant|73\/100\n|-damage|p1a: Iron Valiant|58\/100\n|-damage|p1a: Iron Valiant|43\/100\n|-damage|p1a: Iron Valiant|29\/100\n|-hitcount|p1a: Iron Valiant|5\n|\n|upkeep\n|turn|10\n|\n|t:|1697906416\n|move|p1a: Iron Valiant|Thunderbolt|p2a: John wick\n|-supereffective|p2a: John wick\n|-damage|p2a: John wick|0 fnt\n|faint|p2a: John wick\n|\n|upkeep\n|\n|t:|1697906422\n|switch|p2a: John wick|Cloyster, M, shiny|100\/100\n|turn|11\n|\n|t:|1697906426\n|move|p1a: Iron Valiant|Thunderbolt|p2a: John wick\n|-supereffective|p2a: John wick\n|-enditem|p2a: John wick|Focus Sash\n|-damage|p2a: John wick|1\/100\n|-status|p2a: John wick|par\n|move|p2a: John wick|Icicle Spear|p1a: Iron Valiant\n|-damage|p1a: Iron Valiant|14\/100\n|-crit|p1a: Iron Valiant\n|-damage|p1a: Iron Valiant|0 fnt\n|faint|p1a: Iron Valiant\n|-end|p1a: Iron Valiant|Quark Drive|[silent]\n|-hitcount|p1: Iron Valiant|2\n|\n|upkeep\n|inactive|Battle timer is ON: inactive players will automatically lose when time's up. (requested by Nubbleslabob)\n|\n|t:|1697906462\n|switch|p1a: Arceus|Arceus-Dark|100\/100\n|turn|12\n|\n|t:|1697906469\n|move|p1a: Arceus|Judgment|p2a: John wick\n|-damage|p2a: John wick|0 fnt\n|faint|p2a: John wick\n|\n|upkeep\n|\n|t:|1697906474\n|switch|p2a: John wick|Cloyster, M, shiny|100\/100\n|turn|13\n|\n|t:|1697906480\n|move|p2a: John wick|Icicle Spear|p1a: Arceus\n|-damage|p1a: Arceus|93\/100\n|-damage|p1a: Arceus|86\/100\n|-damage|p1a: Arceus|77\/100\n|-damage|p1a: Arceus|70\/100\n|-damage|p1a: Arceus|62\/100\n|-hitcount|p1a: Arceus|5\n|move|p1a: Arceus|Judgment|p2a: John wick\n|-enditem|p2a: John wick|Focus Sash\n|-damage|p2a: John wick|1\/100\n|\n|upkeep\n|turn|14\n|\n|t:|1697906494\n|move|p2a: John wick|Poison Jab|p1a: Arceus\n|-damage|p1a: Arceus|44\/100\n|move|p1a: Arceus|Judgment|p2a: John wick\n|-damage|p2a: John wick|0 fnt\n|faint|p2a: John wick\n|\n|win|Haxxhatred\n|raw|Haxxhatred's rating: 1222 &rarr; <strong>1248<\/strong><br \/>(+26 for winning)\n|raw|Nubbleslabob's rating: 1238 &rarr; <strong>1212<\/strong><br \/>(-26 for losing)\n|l|\u2606Nubbleslabob\n","uploadtime":1697906506,"views":7,"p1id":"haxxhatred","p2id":"nubbleslabob","formatid":"gen9anythinggoes","rating":1212,"private":0,"password":""}