{"id":"gen9anythinggoes-1980538476","p1":"Rowan_Rocket","p2":"NormalU?","format":"[Gen 9] Anything Goes","log":"|j|\u2606Rowan_Rocket\n|j|\u2606NormalU?\n|t:|1698794966\n|gametype|singles\n|player|p1|Rowan_Rocket|rocketgrunt|1233\n|player|p2|NormalU?|courtney|1247\n|teamsize|p1|6\n|teamsize|p2|6\n|gen|9\n|tier|[Gen 9] Anything Goes\n|rated|\n|rule|HP Percentage Mod: HP is shown in percentages\n|rule|Endless Battle Clause: Forcing endless battles is banned\n|clearpoke\n|poke|p1|Farigiraf, F|\n|poke|p1|Wyrdeer, F|\n|poke|p1|Ursaluna, F|\n|poke|p1|Grafaiai, F|\n|poke|p1|Zoroark-Hisui, F|\n|poke|p1|Ambipom, F|\n|poke|p2|Basculin, M|\n|poke|p2|Basculin-White-Striped, M|\n|poke|p2|Basculin, M|\n|poke|p2|Basculin, M|\n|poke|p2|Basculin, M|\n|poke|p2|Conkeldurr, M|\n|teampreview\n|inactive|Battle timer is ON: inactive players will automatically lose when time's up. (requested by NormalU?)\n|inactive|Rowan_Rocket has 120 seconds left.\n|\n|t:|1698795007\n|start\n|switch|p1a: Ambipom|Ambipom, F|100\/100\n|switch|p2a: Fish 1|Basculin, M|100\/100\n|turn|1\n|\n|t:|1698795018\n|-terastallize|p1a: Ambipom|Normal\n|move|p1a: Ambipom|Fake Out|p2a: Fish 1\n|-enditem|p1a: Ambipom|Normal Gem|[from] gem\n|-damage|p2a: Fish 1|21\/100\n|cant|p2a: Fish 1|flinch\n|\n|upkeep\n|turn|2\n|\n|t:|1698795026\n|move|p2a: Fish 1|Wave Crash|p1a: Ambipom\n|-damage|p1a: Ambipom|0 fnt\n|faint|p1a: Ambipom\n|-damage|p2a: Fish 1|0 fnt|[from] Recoil\n|faint|p2a: Fish 1\n|\n|upkeep\n|\n|t:|1698795041\n|switch|p1a: Farigiraf|Farigiraf, F|100\/100\n|switch|p2a: Fish 5|Basculin, M|100\/100\n|turn|3\n|\n|t:|1698795048\n|-terastallize|p2a: Fish 5|Dark\n|move|p2a: Fish 5|Crunch|p1a: Farigiraf\n|-supereffective|p1a: Farigiraf\n|-damage|p1a: Farigiraf|37\/100\n|move|p1a: Farigiraf|Wish|p1a: Farigiraf\n|\n|upkeep\n|turn|4\n|\n|t:|1698795060\n|switch|p1a: Ursaluna|Ursaluna, F|100\/100\n|move|p2a: Fish 5|Crunch|p1a: Ursaluna\n|-damage|p1a: Ursaluna|65\/100\n|-unboost|p1a: Ursaluna|def|1\n|\n|-heal|p1a: Ursaluna|100\/100|[from] move: Wish|[wisher] Farigiraf\n|-status|p1a: Ursaluna|brn|[from] item: Flame Orb\n|upkeep\n|turn|5\n|\n|t:|1698795075\n|switch|p2a: Fish.|Conkeldurr, M|100\/100\n|move|p1a: Ursaluna|Drain Punch|p2a: Fish.\n|-damage|p2a: Fish.|60\/100\n|\n|-heal|p2a: Fish.|66\/100|[from] item: Leftovers\n|-damage|p1a: Ursaluna|94\/100 brn|[from] brn\n|upkeep\n|turn|6\n|\n|t:|1698795085\n|switch|p1a: Farigiraf|Farigiraf, F|37\/100\n|move|p2a: Fish.|Mach Punch||[still]\n|cant|p1a: Farigiraf|ability: Armor Tail|Mach Punch|[of] p2a: Fish.\n|\n|-heal|p2a: Fish.|72\/100|[from] item: Leftovers\n|upkeep\n|turn|7\n|\n|t:|1698795093\n|move|p1a: Farigiraf|Wish|p1a: Farigiraf\n|move|p2a: Fish.|Knock Off|p1a: Farigiraf\n|-supereffective|p1a: Farigiraf\n|-damage|p1a: Farigiraf|0 fnt\n|-enditem|p1a: Farigiraf|Bright Powder|[from] move: Knock Off|[of] p2a: Fish.\n|faint|p1a: Farigiraf\n|\n|-heal|p2a: Fish.|78\/100|[from] item: Leftovers\n|upkeep\n|\n|t:|1698795110\n|switch|p1a: Grafaiai|Grafaiai, F|100\/100\n|turn|8\n|\n|t:|1698795116\n|move|p1a: Grafaiai|Switcheroo|p2a: Fish.\n|-activate|p1a: Grafaiai|move: Trick|[of] p2a: Fish.\n|-item|p2a: Fish.|Black Sludge|[from] move: Switcheroo\n|-item|p1a: Grafaiai|Leftovers|[from] move: Switcheroo\n|move|p2a: Fish.|Knock Off|p1a: Grafaiai\n|-damage|p1a: Grafaiai|45\/100\n|-enditem|p1a: Grafaiai|Leftovers|[from] move: Knock Off|[of] p2a: Fish.\n|\n|-heal|p1a: Grafaiai|100\/100|[from] move: Wish|[wisher] Farigiraf\n|-damage|p2a: Fish.|65\/100|[from] item: Black Sludge\n|upkeep\n|turn|9\n|\n|t:|1698795139\n|move|p1a: Grafaiai|Encore|p2a: Fish.\n|-start|p2a: Fish.|Encore\n|move|p2a: Fish.|Knock Off|p1a: Grafaiai\n|-damage|p1a: Grafaiai|64\/100\n|\n|-damage|p2a: Fish.|53\/100|[from] item: Black Sludge\n|upkeep\n|turn|10\n|\n|t:|1698795147\n|move|p1a: Grafaiai|Poison Jab|p2a: Fish.\n|-damage|p2a: Fish.|22\/100\n|move|p2a: Fish.|Knock Off|p1a: Grafaiai\n|-damage|p1a: Grafaiai|22\/100\n|\n|-damage|p2a: Fish.|9\/100|[from] item: Black Sludge\n|upkeep\n|turn|11\n|\n|t:|1698795161\n|move|p1a: Grafaiai|Poison Jab|p2a: Fish.\n|-damage|p2a: Fish.|0 fnt\n|faint|p2a: Fish.\n|\n|upkeep\n|\n|t:|1698795167\n|switch|p2a: Fish|Basculin, M|100\/100\n|-ability|p2a: Fish|Mold Breaker\n|turn|12\n|\n|t:|1698795173\n|move|p1a: Grafaiai|Parting Shot|p2a: Fish\n|-unboost|p2a: Fish|atk|1\n|-unboost|p2a: Fish|spa|1\n|\n|t:|1698795177\n|switch|p1a: Wyrdeer|Wyrdeer, F|100\/100|[from] Parting Shot\n|move|p2a: Fish|Aqua Jet|p1a: Wyrdeer\n|-damage|p1a: Wyrdeer|85\/100\n|\n|-heal|p1a: Wyrdeer|91\/100|[from] item: Leftovers\n|upkeep\n|turn|13\n|\n|t:|1698795192\n|switch|p2a: Fish 2|Basculin-White-Striped, M|100\/100\n|move|p1a: Wyrdeer|Lunge|p2a: Fish 2\n|-damage|p2a: Fish 2|67\/100\n|-unboost|p2a: Fish 2|atk|1\n|\n|-heal|p1a: Wyrdeer|97\/100|[from] item: Leftovers\n|upkeep\n|turn|14\n|\n|t:|1698795201\n|move|p2a: Fish 2|Flip Turn|p1a: Wyrdeer\n|-damage|p1a: Wyrdeer|77\/100\n|\n|t:|1698795204\n|switch|p2a: Fish 4|Basculin, M|100\/100|[from] Flip Turn\n|move|p1a: Wyrdeer|Psyshield Bash|p2a: Fish 4\n|-crit|p2a: Fish 4\n|-damage|p2a: Fish 4|33\/100\n|-boost|p1a: Wyrdeer|def|1\n|\n|-heal|p1a: Wyrdeer|83\/100|[from] item: Leftovers\n|upkeep\n|turn|15\n|\n|t:|1698795215\n|move|p2a: Fish 4|Hydro Pump|p1a: Wyrdeer\n|-damage|p1a: Wyrdeer|29\/100\n|move|p1a: Wyrdeer|Trailblaze|p2a: Fish 4\n|-supereffective|p2a: Fish 4\n|-damage|p2a: Fish 4|0 fnt\n|-boost|p1a: Wyrdeer|spe|1\n|faint|p2a: Fish 4\n|\n|-heal|p1a: Wyrdeer|35\/100|[from] item: Leftovers\n|upkeep\n|\n|t:|1698795224\n|switch|p2a: Fish 5|Basculin, M, tera:Dark|100\/100\n|turn|16\n|\n|t:|1698795232\n|move|p2a: Fish 5|Crunch|p1a: Wyrdeer\n|-supereffective|p1a: Wyrdeer\n|-damage|p1a: Wyrdeer|0 fnt\n|faint|p1a: Wyrdeer\n|\n|upkeep\n|\n|t:|1698795239\n|switch|p1a: Ursaluna|Ursaluna, F|94\/100 brn\n|turn|17\n|\n|t:|1698795252\n|switch|p2a: Fish|Basculin, M|100\/100\n|-ability|p2a: Fish|Mold Breaker\n|move|p1a: Ursaluna|Drain Punch|p2a: Fish\n|-damage|p2a: Fish|27\/100\n|-heal|p1a: Ursaluna|100\/100 brn|[from] drain|[of] p2a: Fish\n|\n|-damage|p1a: Ursaluna|94\/100 brn|[from] brn\n|upkeep\n|turn|18\n|\n|t:|1698795268\n|switch|p1a: Grafaiai|Grafaiai, F|22\/100\n|move|p2a: Fish|Flip Turn|p1a: Grafaiai\n|-damage|p1a: Grafaiai|0 fnt\n|faint|p1a: Grafaiai\n|\n|t:|1698795270\n|switch|p2a: Fish 2|Basculin-White-Striped, M|67\/100|[from] Flip Turn\n|\n|upkeep\n|\n|t:|1698795287\n|switch|p1a: Ursaluna|Ursaluna, F|94\/100 brn\n|turn|19\n|\n|t:|1698795291\n|move|p2a: Fish 2|Wave Crash|p1a: Ursaluna\n|-supereffective|p1a: Ursaluna\n|-damage|p1a: Ursaluna|0 fnt\n|faint|p1a: Ursaluna\n|-damage|p2a: Fish 2|23\/100|[from] Recoil\n|\n|upkeep\n|\n|t:|1698795297\n|switch|p1a: Zoroark|Zoroark-Hisui, F|100\/100\n|turn|20\n|\n|t:|1698795302\n|move|p2a: Fish 2|Wave Crash|p1a: Zoroark\n|-enditem|p1a: Zoroark|Focus Sash\n|-damage|p1a: Zoroark|1\/100\n|-damage|p2a: Fish 2|0 fnt|[from] Recoil\n|faint|p2a: Fish 2\n|move|p1a: Zoroark|Hyper Voice|p2: Fish 2|[notarget]\n|-fail|p1a: Zoroark\n|\n|upkeep\n|\n|t:|1698795305\n|switch|p2a: Fish 5|Basculin, M, tera:Dark|100\/100\n|turn|21\n|-message|Rowan_Rocket forfeited.\n|\n|win|NormalU?\n|raw|Rowan_Rocket's rating: 1233 &rarr; <strong>1209<\/strong><br \/>(-24 for losing)\n|raw|NormalU?'s rating: 1247 &rarr; <strong>1271<\/strong><br \/>(+24 for winning)\n|l|\u2606Rowan_Rocket\n","uploadtime":1698795311,"views":8,"p1id":"rowanrocket","p2id":"normalu","formatid":"gen9anythinggoes","rating":1209,"private":0,"password":""}