{"id":"gen9anythinggoes-1994823349","p1":"S3uM1n1n0","p2":"i love ericdoa","format":"[Gen 9] Anything Goes","log":"|j|\u2606S3uM1n1n0\n|j|\u2606i love ericdoa\n|t:|1700496107\n|gametype|singles\n|player|p1|S3uM1n1n0|wattson|1120\n|player|p2|i love ericdoa|cynthia-gen4|1145\n|teamsize|p1|6\n|teamsize|p2|6\n|gen|9\n|tier|[Gen 9] Anything Goes\n|rated|\n|rule|HP Percentage Mod: HP is shown in percentages\n|rule|Endless Battle Clause: Forcing endless battles is banned\n|clearpoke\n|poke|p1|Zoroark-Hisui, F|\n|poke|p1|Eelektross, M|\n|poke|p1|Ninetales-Alola, F|\n|poke|p1|Gallade, M|\n|poke|p1|Tyranitar, M|\n|poke|p1|Quagsire, F|\n|poke|p2|Calyrex-Shadow|\n|poke|p2|Garchomp, F|\n|poke|p2|Armarouge, M|\n|poke|p2|Urshifu-*, F|\n|poke|p2|Rayquaza|\n|poke|p2|Chien-Pao|\n|teampreview\n|inactive|Battle timer is ON: inactive players will automatically lose when time's up. (requested by S3uM1n1n0)\n|\n|t:|1700496129\n|start\n|switch|p1a: Bah!|Quagsire, F, shiny|100\/100\n|switch|p2a: Calyrex|Calyrex-Shadow|100\/100\n|-ability|p2a: Calyrex|As One\n|-ability|p2a: Calyrex|Unnerve\n|turn|1\n|\n|t:|1700496152\n|move|p2a: Calyrex|Astral Barrage|p1a: Bah!\n|-immune|p1a: Bah!\n|move|p1a: Bah!|Crunch|p2a: Calyrex\n|-supereffective|p2a: Calyrex\n|-damage|p2a: Calyrex|0 fnt\n|faint|p2a: Calyrex\n|\n|-status|p1a: Bah!|tox|[from] item: Toxic Orb\n|upkeep\n|c|\u2606i love ericdoa|..huh?\n|c|\u2606S3uM1n1n0|zoroark\n|inactive|i love ericdoa has 120 seconds left.\n|c|\u2606i love ericdoa|GODDAMNIT\n|c|\u2606S3uM1n1n0|LOL\n|c|\u2606i love ericdoa|I DIDNT NOTICE IT\n|\n|t:|1700496185\n|switch|p2a: Urshifu|Urshifu-Rapid-Strike, F|100\/100\n|turn|2\n|\n|t:|1700496199\n|switch|p2a: Chien-Pao|Chien-Pao|100\/100\n|-ability|p2a: Chien-Pao|Sword of Ruin\n|move|p1a: Bah!|Facade|p2a: Chien-Pao\n|-damage|p2a: Chien-Pao|24\/100\n|\n|-damage|p1a: Bah!|95\/100 tox|[from] psn\n|upkeep\n|turn|3\n|\n|t:|1700496207\n|move|p2a: Chien-Pao|Crunch|p1a: Bah!\n|-supereffective|p1a: Bah!\n|-crit|p1a: Bah!\n|-damage|p1a: Bah!|0 fnt\n|replace|p1a: E-Grilo|Zoroark-Hisui, F, shiny\n|-end|p1a: E-Grilo|Illusion\n|faint|p1a: E-Grilo\n|\n|upkeep\n|\n|t:|1700496217\n|switch|p1a: Caballero Azul|Gallade, M, shiny|100\/100\n|turn|4\n|\n|t:|1700496230\n|move|p2a: Chien-Pao|Ice Shard|p1a: Caballero Azul\n|-damage|p1a: Caballero Azul|45\/100\n|move|p1a: Caballero Azul|Drain Punch|p2a: Chien-Pao\n|-supereffective|p2a: Chien-Pao\n|-crit|p2a: Chien-Pao\n|-damage|p2a: Chien-Pao|0 fnt\n|-heal|p1a: Caballero Azul|58\/100|[from] drain|[of] p2a: Chien-Pao\n|faint|p2a: Chien-Pao\n|\n|-heal|p1a: Caballero Azul|64\/100|[from] item: Leftovers\n|upkeep\n|\n|t:|1700496237\n|switch|p2a: Rayquaza|Rayquaza|100\/100\n|-ability|p2a: Rayquaza|Air Lock\n|turn|5\n|\n|t:|1700496252\n|-terastallize|p1a: Caballero Azul|Fairy\n|move|p2a: Rayquaza|Dragon Ascent|p1a: Caballero Azul\n|-damage|p1a: Caballero Azul|0 fnt\n|-unboost|p2a: Rayquaza|def|1\n|-unboost|p2a: Rayquaza|spd|1\n|faint|p1a: Caballero Azul\n|\n|upkeep\n|c|\u2606S3uM1n1n0|WHAT\n|inactive|S3uM1n1n0 has 120 seconds left.\n|c|\u2606i love ericdoa|IM COMING BACK\n|c|\u2606S3uM1n1n0|IT IS A FLYING MOVE WTFF\n|c|\u2606i love ericdoa|YEAH\n|inactive|S3uM1n1n0 has 90 seconds left.\n|\n|t:|1700496308\n|switch|p1a: Lolla|Ninetales-Alola, F, shiny|100\/100\n|-weather|Snow|[from] ability: Snow Warning|[of] p1a: Lolla\n|turn|6\n|\n|t:|1700496324\n|move|p1a: Lolla|Moonblast|p2a: Rayquaza\n|-supereffective|p2a: Rayquaza\n|-damage|p2a: Rayquaza|0 fnt\n|faint|p2a: Rayquaza\n|\n|-weather|Snow|[upkeep]\n|upkeep\n|inactive|i love ericdoa has 120 seconds left.\n|\n|t:|1700496340\n|switch|p2a: Armarouge|Armarouge, M|100\/100\n|turn|7\n|inactive|i love ericdoa has 120 seconds left.\n|\n|t:|1700496352\n|switch|p1a: Bananilson Farofa|Tyranitar, M, shiny|100\/100\n|-weather|Sandstorm|[from] ability: Sand Stream|[of] p1a: Bananilson Farofa\n|move|p2a: Armarouge|Energy Ball|p1a: Bananilson Farofa\n|-supereffective|p1a: Bananilson Farofa\n|-damage|p1a: Bananilson Farofa|63\/100\n|\n|-weather|Sandstorm|[upkeep]\n|-damage|p2a: Armarouge|94\/100|[from] Sandstorm\n|-heal|p1a: Bananilson Farofa|69\/100|[from] item: Leftovers\n|upkeep\n|turn|8\n|inactive|i love ericdoa has 120 seconds left.\n|\n|t:|1700496371\n|move|p2a: Armarouge|Energy Ball|p1a: Bananilson Farofa\n|-supereffective|p1a: Bananilson Farofa\n|-damage|p1a: Bananilson Farofa|30\/100\n|-unboost|p1a: Bananilson Farofa|spd|1\n|move|p1a: Bananilson Farofa|Power Gem|p2a: Armarouge\n|-supereffective|p2a: Armarouge\n|-damage|p2a: Armarouge|34\/100\n|\n|-weather|Sandstorm|[upkeep]\n|-damage|p2a: Armarouge|28\/100|[from] Sandstorm\n|-heal|p1a: Bananilson Farofa|37\/100|[from] item: Leftovers\n|upkeep\n|turn|9\n|inactive|i love ericdoa has 120 seconds left.\n|\n|t:|1700496383\n|move|p2a: Armarouge|Energy Ball|p1a: Bananilson Farofa\n|-supereffective|p1a: Bananilson Farofa\n|-damage|p1a: Bananilson Farofa|0 fnt\n|faint|p1a: Bananilson Farofa\n|\n|-weather|Sandstorm|[upkeep]\n|-damage|p2a: Armarouge|22\/100|[from] Sandstorm\n|upkeep\n|\n|t:|1700496393\n|switch|p1a: Bah!|Quagsire, F, shiny|100\/100\n|turn|10\n|\n|t:|1700496398\n|move|p2a: Armarouge|Energy Ball|p1a: Bah!\n|-supereffective|p1a: Bah!\n|-damage|p1a: Bah!|0 fnt\n|faint|p1a: Bah!\n|\n|-weather|Sandstorm|[upkeep]\n|-damage|p2a: Armarouge|16\/100|[from] Sandstorm\n|upkeep\n|\n|t:|1700496406\n|switch|p1a: Bolsonaro|Eelektross, M, shiny|100\/100\n|turn|11\n|\n|t:|1700496416\n|move|p2a: Armarouge|Psyshock|p1a: Bolsonaro\n|-damage|p1a: Bolsonaro|53\/100\n|move|p1a: Bolsonaro|Discharge|p2a: Armarouge\n|-damage|p2a: Armarouge|0 fnt\n|faint|p2a: Armarouge\n|\n|-weather|none\n|-heal|p1a: Bolsonaro|59\/100|[from] item: Leftovers\n|upkeep\n|\n|t:|1700496422\n|switch|p2a: Garchomp|Garchomp, F|100\/100\n|turn|12\n|inactive|S3uM1n1n0 has 120 seconds left.\n|\n|t:|1700496429\n|move|p1a: Bolsonaro|Volt Switch|p2a: Garchomp\n|-immune|p2a: Garchomp\n|move|p2a: Garchomp|Dragon Tail|p1a: Bolsonaro\n|-damage|p1a: Bolsonaro|32\/100\n|drag|p1a: Lolla|Ninetales-Alola, F, shiny|100\/100\n|-weather|Snow|[from] ability: Snow Warning|[of] p1a: Lolla\n|\n|-weather|Snow|[upkeep]\n|upkeep\n|turn|13\n|inactive|S3uM1n1n0 has 120 seconds left.\n|\n|t:|1700496448\n|move|p1a: Lolla|Blizzard|p2a: Garchomp\n|-supereffective|p2a: Garchomp\n|-damage|p2a: Garchomp|0 fnt\n|faint|p2a: Garchomp\n|\n|-weather|Snow|[upkeep]\n|upkeep\n|\n|t:|1700496451\n|switch|p2a: Urshifu|Urshifu-Rapid-Strike, F|100\/100\n|turn|14\n|c|\u2606i love ericdoa|this is where i lose huh\n|\n|t:|1700496461\n|move|p1a: Lolla|Moonblast|p2a: Urshifu\n|-supereffective|p2a: Urshifu\n|-damage|p2a: Urshifu|0 fnt\n|faint|p2a: Urshifu\n|\n|win|S3uM1n1n0\n|raw|S3uM1n1n0's rating: 1120 &rarr; <strong>1147<\/strong><br \/>(+27 for winning)\n|raw|i love ericdoa's rating: 1145 &rarr; <strong>1118<\/strong><br \/>(-27 for losing)\n|c|\u2606S3uM1n1n0|GG\n|c|\u2606i love ericdoa|damnit\n|c|\u2606i love ericdoa|gg\n|l|\u2606S3uM1n1n0\n|c|\u2606i love ericdoa|ts was actually fun\n","uploadtime":1700496477,"views":0,"p1id":"s3um1n1n0","p2id":"iloveericdoa","formatid":"gen9anythinggoes","rating":1118,"private":0,"password":""}