{"id":"gen9anythinggoes-1973415579","p1":"Raymond R3ddington","p2":"iloveyouIris","format":"[Gen 9] Anything Goes","log":"|j|\u2606Raymond R3ddington\n|j|\u2606iloveyouIris\n|t:|1697971684\n|gametype|singles\n|player|p1|Raymond R3ddington|giovanni|1303\n|player|p2|iloveyouIris|caitlin|1265\n|teamsize|p1|6\n|teamsize|p2|6\n|gen|9\n|tier|[Gen 9] Anything Goes\n|rated|\n|rule|HP Percentage Mod: HP is shown in percentages\n|rule|Endless Battle Clause: Forcing endless battles is banned\n|clearpoke\n|poke|p1|Greninja-*, M|\n|poke|p1|Dragapult, M|\n|poke|p1|Baxcalibur, M|\n|poke|p1|Chandelure, F|\n|poke|p1|Drifblim, M|\n|poke|p1|Miraidon|\n|poke|p2|Shaymin-Sky|\n|poke|p2|Hatterene, F|\n|poke|p2|Dialga|\n|poke|p2|Iron Bundle|\n|poke|p2|Calyrex-Shadow|\n|poke|p2|Arceus-Fire|\n|teampreview\n|inactive|Battle timer is ON: inactive players will automatically lose when time's up. (requested by iloveyouIris)\n|inactive|Raymond R3ddington also wants the timer to be on.\n|inactive|iloveyouIris has 120 seconds left.\n|\n|t:|1697971729\n|start\n|switch|p1a: Chandelure|Chandelure, F|100\/100\n|switch|p2a: unfair damage|Iron Bundle|100\/100\n|turn|1\n|\n|t:|1697971744\n|move|p2a: unfair damage|Hydro Pump|p1a: Chandelure\n|-supereffective|p1a: Chandelure\n|-damage|p1a: Chandelure|0 fnt\n|faint|p1a: Chandelure\n|\n|upkeep\n|\n|t:|1697971759\n|switch|p1a: Miraidon|Miraidon|100\/100\n|-fieldstart|move: Electric Terrain|[from] ability: Hadron Engine|[of] p1a: Miraidon\n|-activate|p2a: unfair damage|ability: Quark Drive\n|-start|p2a: unfair damage|quarkdrivespa\n|turn|2\n|\n|t:|1697971764\n|move|p1a: Miraidon|Electro Drift|p2a: unfair damage\n|-supereffective|p2a: unfair damage\n|-damage|p2a: unfair damage|0 fnt\n|faint|p2a: unfair damage\n|-end|p2a: unfair damage|Quark Drive|[silent]\n|\n|upkeep\n|\n|t:|1697971769\n|switch|p2a: heal to full|Hatterene, F|100\/100\n|turn|3\n|\n|t:|1697971775\n|move|p1a: Miraidon|Flash Cannon|p2a: heal to full\n|-supereffective|p2a: heal to full\n|-damage|p2a: heal to full|13\/100\n|move|p2a: heal to full|Draining Kiss|p1a: Miraidon\n|-supereffective|p1a: Miraidon\n|-damage|p1a: Miraidon|46\/100\n|-heal|p2a: heal to full|68\/100|[from] drain|[of] p1a: Miraidon\n|\n|-heal|p2a: heal to full|74\/100|[from] item: Leftovers\n|upkeep\n|turn|4\n|\n|t:|1697971783\n|-terastallize|p2a: heal to full|Psychic\n|move|p1a: Miraidon|Parabolic Charge|p2a: heal to full\n|-damage|p2a: heal to full|0 fnt\n|-heal|p1a: Miraidon|74\/100|[from] drain|[of] p2a: heal to full\n|faint|p2a: heal to full\n|\n|upkeep\n|\n|t:|1697971792\n|switch|p2a: my tank|Dialga|100\/100\n|-ability|p2a: my tank|Pressure\n|turn|5\n|\n|t:|1697971796\n|move|p1a: Miraidon|Dazzling Gleam|p2a: my tank\n|-damage|p2a: my tank|66\/100\n|move|p2a: my tank|Thunder Wave|p1a: Miraidon\n|-immune|p1a: Miraidon\n|\n|-heal|p2a: my tank|72\/100|[from] item: Leftovers\n|upkeep\n|turn|6\n|\n|t:|1697971804\n|move|p1a: Miraidon|Parabolic Charge|p2a: my tank\n|-resisted|p2a: my tank\n|-damage|p2a: my tank|42\/100\n|-heal|p1a: Miraidon|91\/100|[from] drain|[of] p2a: my tank\n|move|p2a: my tank|Dragon Pulse|p1a: Miraidon\n|-supereffective|p1a: Miraidon\n|-damage|p1a: Miraidon|3\/100\n|\n|-heal|p2a: my tank|48\/100|[from] item: Leftovers\n|-fieldend|move: Electric Terrain\n|upkeep\n|turn|7\n|\n|t:|1697971811\n|move|p1a: Miraidon|Parabolic Charge|p2a: my tank\n|-resisted|p2a: my tank\n|-damage|p2a: my tank|30\/100\n|-heal|p1a: Miraidon|14\/100|[from] drain|[of] p2a: my tank\n|move|p2a: my tank|Dragon Pulse|p1a: Miraidon\n|-supereffective|p1a: Miraidon\n|-damage|p1a: Miraidon|0 fnt\n|faint|p1a: Miraidon\n|\n|-heal|p2a: my tank|36\/100|[from] item: Leftovers\n|upkeep\n|\n|t:|1697971814\n|switch|p1a: Greninja|Greninja, M|100\/100\n|turn|8\n|\n|t:|1697971819\n|-terastallize|p1a: Greninja|Water\n|move|p1a: Greninja|Water Shuriken|p2a: my tank\n|-resisted|p2a: my tank\n|-damage|p2a: my tank|32\/100\n|-resisted|p2a: my tank\n|-damage|p2a: my tank|28\/100\n|-resisted|p2a: my tank\n|-damage|p2a: my tank|24\/100\n|-resisted|p2a: my tank\n|-damage|p2a: my tank|20\/100\n|-resisted|p2a: my tank\n|-damage|p2a: my tank|16\/100\n|-hitcount|p2a: my tank|5\n|move|p2a: my tank|Thunder Wave|p1a: Greninja\n|-status|p1a: Greninja|par\n|\n|-heal|p2a: my tank|22\/100|[from] item: Leftovers\n|upkeep\n|turn|9\n|\n|t:|1697971828\n|switch|p1a: Baxcalibur|Baxcalibur, M|100\/100\n|move|p2a: my tank|Dragon Pulse|p1a: Baxcalibur\n|-supereffective|p1a: Baxcalibur\n|-damage|p1a: Baxcalibur|0 fnt\n|faint|p1a: Baxcalibur\n|\n|-heal|p2a: my tank|28\/100|[from] item: Leftovers\n|upkeep\n|\n|t:|1697971832\n|switch|p1a: Drifblim|Drifblim, M|100\/100\n|turn|10\n|\n|t:|1697971837\n|move|p1a: Drifblim|Minimize|p1a: Drifblim\n|-boost|p1a: Drifblim|evasion|2\n|move|p2a: my tank|Thunder Wave|p1a: Drifblim|[miss]\n|-miss|p2a: my tank|p1a: Drifblim\n|\n|-heal|p2a: my tank|35\/100|[from] item: Leftovers\n|upkeep\n|turn|11\n|\n|t:|1697971845\n|move|p1a: Drifblim|Minimize|p1a: Drifblim\n|-boost|p1a: Drifblim|evasion|2\n|move|p2a: my tank|Dragon Pulse|p1a: Drifblim|[miss]\n|-miss|p2a: my tank|p1a: Drifblim\n|\n|-heal|p2a: my tank|41\/100|[from] item: Leftovers\n|upkeep\n|turn|12\n|\n|t:|1697971849\n|switch|p2a: recovery|Arceus-Fire|100\/100\n|move|p1a: Drifblim|Minimize|p1a: Drifblim\n|-boost|p1a: Drifblim|evasion|2\n|\n|upkeep\n|turn|13\n|\n|t:|1697971852\n|move|p1a: Drifblim|Focus Energy|p1a: Drifblim\n|-start|p1a: Drifblim|move: Focus Energy\n|move|p2a: recovery|Dragon Tail|p1a: Drifblim|[miss]\n|-miss|p2a: recovery|p1a: Drifblim\n|\n|upkeep\n|turn|14\n|\n|t:|1697971856\n|move|p1a: Drifblim|Baton Pass|p1a: Drifblim\n|\n|t:|1697971858\n|switch|p1a: Greninja|Greninja, M, tera:Water|100\/100 par|[from] Baton Pass\n|move|p2a: recovery|Dragon Tail|p1a: Greninja\n|-damage|p1a: Greninja|63\/100 par\n|drag|p1a: Drifblim|Drifblim, M|100\/100\n|\n|upkeep\n|turn|15\n|c|\u2606iloveyouIris|ur cheese wont work on a good team\n|\n|t:|1697971873\n|move|p2a: recovery|Flare Blitz|p1a: Drifblim\n|-damage|p1a: Drifblim|4\/100\n|-enditem|p1a: Drifblim|Sitrus Berry|[eat]\n|-heal|p1a: Drifblim|29\/100|[from] item: Sitrus Berry\n|-damage|p2a: recovery|59\/100|[from] Recoil\n|move|p1a: Drifblim|Minimize|p1a: Drifblim\n|-boost|p1a: Drifblim|evasion|2\n|\n|upkeep\n|turn|16\n|c|\u2606Raymond R3ddington|Cheese\n|c|\u2606Raymond R3ddington|You literally have calyrex\n|\n|t:|1697971898\n|move|p1a: Drifblim|Minimize|p1a: Drifblim\n|-boost|p1a: Drifblim|evasion|2\n|move|p2a: recovery|Dragon Tail|p1a: Drifblim\n|-damage|p1a: Drifblim|0 fnt\n|faint|p1a: Drifblim\n|\n|upkeep\n|\n|t:|1697971900\n|switch|p1a: Greninja|Greninja, M, tera:Water|63\/100 par\n|turn|17\n|c|\u2606iloveyouIris|its called having a good team\n|c|\u2606iloveyouIris|xd\n|c|\u2606iloveyouIris|i dont use some shitty tactics that wont work against any player with a functioning brain\n|\n|t:|1697971914\n|move|p1a: Greninja|Water Shuriken|p2a: recovery\n|-supereffective|p2a: recovery\n|-damage|p2a: recovery|45\/100\n|-supereffective|p2a: recovery\n|-damage|p2a: recovery|31\/100\n|-supereffective|p2a: recovery\n|-damage|p2a: recovery|19\/100\n|-supereffective|p2a: recovery\n|-damage|p2a: recovery|5\/100\n|-supereffective|p2a: recovery\n|-damage|p2a: recovery|0 fnt\n|faint|p2a: recovery\n|-ability|p1a: Greninja|Battle Bond|boost\n|-boost|p1a: Greninja|atk|1\n|-boost|p1a: Greninja|spa|1\n|-boost|p1a: Greninja|spe|1\n|-activate|p1a: Greninja|ability: Battle Bond\n|-hitcount|p2: recovery|5\n|\n|upkeep\n|c|\u2606Raymond R3ddington|Its being fruity\n|\n|t:|1697971920\n|switch|p2a: troll a bit|Shaymin-Sky|100\/100\n|turn|18\n|c|\u2606Raymond R3ddington|Im trying some out u lucky\n|\n|t:|1697971935\n|cant|p1a: Greninja|par\n|move|p2a: troll a bit|Seed Flare|p1a: Greninja\n|-supereffective|p1a: Greninja\n|-damage|p1a: Greninja|0 fnt\n|faint|p1a: Greninja\n|\n|upkeep\n|\n|t:|1697971936\n|switch|p1a: Dragapult|Dragapult, M, shiny|100\/100\n|turn|19\n|\n|t:|1697971940\n|move|p1a: Dragapult|Dragon Darts|p2a: troll a bit\n|-damage|p2a: troll a bit|70\/100\n|-anim|p1a: Dragapult|Dragon Darts|p2a: troll a bit\n|-damage|p2a: troll a bit|38\/100\n|move|p2a: troll a bit|Leech Seed|p1a: Dragapult\n|-start|p1a: Dragapult|move: Leech Seed\n|\n|-heal|p2a: troll a bit|44\/100|[from] item: Leftovers\n|-damage|p1a: Dragapult|88\/100|[from] Leech Seed|[of] p2a: troll a bit\n|-heal|p2a: troll a bit|56\/100|[silent]\n|upkeep\n|turn|20\n|inactive|Raymond R3ddington has 120 seconds left.\n|\n|t:|1697971981\n|move|p1a: Dragapult|Dragon Darts|p2a: troll a bit\n|-damage|p2a: troll a bit|21\/100\n|-anim|p1a: Dragapult|Dragon Darts|p2a: troll a bit\n|-damage|p2a: troll a bit|0 fnt\n|faint|p2a: troll a bit\n|\n|-heal|p1a: Dragapult|94\/100|[from] item: Leftovers\n|upkeep\n|\n|t:|1697971987\n|switch|p2a: my tank|Dialga|41\/100\n|-ability|p2a: my tank|Pressure\n|turn|21\n|\n|t:|1697971989\n|move|p1a: Dragapult|Dragon Darts|p2a: my tank\n|-damage|p2a: my tank|23\/100\n|-anim|p1a: Dragapult|Dragon Darts|p2a: my tank\n|-damage|p2a: my tank|5\/100\n|move|p2a: my tank|Thunder Wave|p1a: Dragapult|[miss]\n|-miss|p2a: my tank|p1a: Dragapult\n|\n|-heal|p1a: Dragapult|99\/100|[from] item: Leftovers\n|-heal|p2a: my tank|11\/100|[from] item: Leftovers\n|-damage|p1a: Dragapult|88\/100|[from] Leech Seed|[of] p2a: my tank\n|-heal|p2a: my tank|21\/100|[silent]\n|upkeep\n|turn|22\n|\n|t:|1697971996\n|move|p1a: Dragapult|Dragon Darts|p2a: my tank\n|-damage|p2a: my tank|2\/100\n|-anim|p1a: Dragapult|Dragon Darts|p2a: my tank\n|-crit|p2a: my tank\n|-damage|p2a: my tank|0 fnt\n|faint|p2a: my tank\n|\n|-heal|p1a: Dragapult|94\/100|[from] item: Leftovers\n|upkeep\n|c|\u2606iloveyouIris|lmfao luck harder\n|\n|t:|1697972003\n|switch|p2a: 1v6 Carry|Calyrex-Shadow|100\/100\n|-ability|p2a: 1v6 Carry|As One\n|-ability|p2a: 1v6 Carry|Unnerve\n|turn|23\n|\n|t:|1697972007\n|move|p1a: Dragapult|Sucker Punch|p2a: 1v6 Carry\n|-supereffective|p2a: 1v6 Carry\n|-damage|p2a: 1v6 Carry|0 fnt\n|faint|p2a: 1v6 Carry\n|\n|win|Raymond R3ddington\n|raw|Raymond R3ddington's rating: 1303 &rarr; <strong>1321<\/strong><br \/>(+18 for winning)\n|raw|iloveyouIris's rating: 1265 &rarr; <strong>1243<\/strong><br \/>(-22 for losing)\n","uploadtime":1697971978,"views":24,"p1id":"raymondr3ddington","p2id":"iloveyouiris","formatid":"gen9anythinggoes","rating":1243,"private":0,"password":""}