{"id":"gen9anythinggoes-1993810048","p1":"BeatMidlers","p2":"Crabbrawlers","format":"[Gen 9] Anything Goes","log":"|j|\u2606BeatMidlers\n|j|\u2606Crabbrawlers\n|t:|1700360037\n|gametype|singles\n|player|p1|BeatMidlers|rancher|\n|player|p2|Crabbrawlers|linebacker|\n|teamsize|p1|6\n|teamsize|p2|6\n|gen|9\n|tier|[Gen 9] Anything Goes\n|rule|HP Percentage Mod: HP is shown in percentages\n|rule|Endless Battle Clause: Forcing endless battles is banned\n|clearpoke\n|poke|p1|Annihilape, M|\n|poke|p1|Toxtricity, F|\n|poke|p1|Chandelure, F|\n|poke|p1|Dragalge, F|\n|poke|p1|Quagsire, M|\n|poke|p1|Decidueye, F|\n|poke|p2|Slaking, F|\n|poke|p2|Drifblim, M|\n|poke|p2|Barraskewda, M|\n|poke|p2|Salamence, F|\n|poke|p2|Maushold-Four|\n|poke|p2|Ogerpon-Hearthflame, F|\n|teampreview\n|j| Talonflameredwings\n|j| FerrothornFembots\n|c| Talonflameredwings|good luck have fun!\n|c| FerrothornFembots|GLHF Boys!\n|c|\u2606Crabbrawlers|you keep quiet ketie\n|c| FerrothornFembots|LOL\n|\n|t:|1700360111\n|start\n|switch|p1a: Dragalge|Dragalge, F|100\/100\n|switch|p2a: Maushold|Maushold-Four|100\/100\n|turn|1\n|\n|t:|1700360120\n|move|p2a: Maushold|Tidy Up|p2a: Maushold\n|-boost|p2a: Maushold|atk|1\n|-boost|p2a: Maushold|spe|1\n|move|p1a: Dragalge|Toxic Spikes|p2a: Maushold\n|-sidestart|p2: Crabbrawlers|move: Toxic Spikes\n|\n|upkeep\n|turn|2\n|\n|t:|1700360126\n|move|p2a: Maushold|Tidy Up|p2a: Maushold\n|-sideend|p2: Crabbrawlers|Toxic Spikes\n|-activate|p2a: Maushold|move: Tidy Up\n|-boost|p2a: Maushold|atk|1\n|-boost|p2a: Maushold|spe|1\n|move|p1a: Dragalge|Toxic Spikes|p2a: Maushold\n|-sidestart|p2: Crabbrawlers|move: Toxic Spikes\n|\n|upkeep\n|turn|3\n|j| Snorlaxsleepers\n|\n|t:|1700360165\n|switch|p1a: Annihilape|Annihilape, M|100\/100\n|move|p2a: Maushold|Population Bomb|p1a: Annihilape\n|-immune|p1a: Annihilape\n|\n|upkeep\n|turn|4\n|\n|t:|1700360177\n|move|p2a: Maushold|Baton Pass|p2a: Maushold\n|\n|t:|1700360189\n|switch|p2a: Barraskewda|Barraskewda, M|100\/100|[from] Baton Pass\n|-status|p2a: Barraskewda|psn\n|move|p1a: Annihilape|Bulk Up|p1a: Annihilape\n|-boost|p1a: Annihilape|atk|1\n|-boost|p1a: Annihilape|def|1\n|\n|-damage|p2a: Barraskewda|88\/100 psn|[from] psn\n|upkeep\n|turn|5\n|\n|t:|1700360207\n|move|p2a: Barraskewda|Crunch|p1a: Annihilape\n|-damage|p1a: Annihilape|45\/100\n|move|p1a: Annihilape|Drain Punch|p2a: Barraskewda\n|-damage|p2a: Barraskewda|6\/100 psn\n|-heal|p1a: Annihilape|70\/100|[from] drain|[of] p2a: Barraskewda\n|\n|-heal|p1a: Annihilape|76\/100|[from] item: Leftovers\n|-damage|p2a: Barraskewda|0 fnt|[from] psn\n|faint|p2a: Barraskewda\n|upkeep\n|\n|t:|1700360221\n|switch|p2a: Maushold|Maushold-Four|100\/100\n|-status|p2a: Maushold|psn\n|turn|6\n|\n|t:|1700360232\n|move|p2a: Maushold|Tidy Up|p2a: Maushold\n|-sideend|p2: Crabbrawlers|Toxic Spikes\n|-activate|p2a: Maushold|move: Tidy Up\n|-boost|p2a: Maushold|atk|1\n|-boost|p2a: Maushold|spe|1\n|move|p1a: Annihilape|Drain Punch|p2a: Maushold\n|-supereffective|p2a: Maushold\n|-damage|p2a: Maushold|0 fnt\n|-heal|p1a: Annihilape|100\/100|[from] drain|[of] p2a: Maushold\n|faint|p2a: Maushold\n|\n|upkeep\n|\n|t:|1700360242\n|switch|p2a: Ogerpon|Ogerpon-Hearthflame, F|100\/100\n|-ability|p2a: Ogerpon|Mold Breaker\n|turn|7\n|\n|t:|1700360255\n|move|p2a: Ogerpon|Swords Dance|p2a: Ogerpon\n|-boost|p2a: Ogerpon|atk|2\n|move|p1a: Annihilape|Taunt|p2a: Ogerpon\n|-start|p2a: Ogerpon|move: Taunt\n|\n|upkeep\n|turn|8\n|\n|t:|1700360265\n|switch|p1a: Chandelure|Chandelure, F|100\/100\n|move|p2a: Ogerpon|Ivy Cudgel|p1a: Chandelure|[anim] Ivy Cudgel Fire\n|-resisted|p1a: Chandelure\n|-damage|p1a: Chandelure|0 fnt\n|faint|p1a: Chandelure\n|\n|upkeep\n|\n|t:|1700360274\n|switch|p1a: Quagsire|Quagsire, M|100\/100\n|turn|9\n|\n|t:|1700360282\n|move|p2a: Ogerpon|Horn Leech|p1a: Quagsire\n|-supereffective|p1a: Quagsire\n|-damage|p1a: Quagsire|0 fnt\n|-damage|p2a: Ogerpon|84\/100|[from] item: Rocky Helmet|[of] p1a: Quagsire\n|faint|p1a: Quagsire\n|\n|upkeep\n|j| Skeetlesquad\n|\n|t:|1700360304\n|switch|p1a: Decidueye|Decidueye, F|100\/100\n|turn|10\n|\n|t:|1700360317\n|move|p2a: Ogerpon|Ivy Cudgel|p1a: Decidueye|[anim] Ivy Cudgel Fire\n|-supereffective|p1a: Decidueye\n|-damage|p1a: Decidueye|0 fnt\n|faint|p1a: Decidueye\n|\n|-end|p2a: Ogerpon|move: Taunt\n|upkeep\n|\n|t:|1700360328\n|switch|p1a: Toxtricity|Toxtricity, F|100\/100\n|turn|11\n|\n|t:|1700360339\n|move|p2a: Ogerpon|Ivy Cudgel|p1a: Toxtricity|[anim] Ivy Cudgel Fire\n|-damage|p1a: Toxtricity|0 fnt\n|faint|p1a: Toxtricity\n|\n|upkeep\n|\n|t:|1700360347\n|switch|p1a: Dragalge|Dragalge, F|100\/100\n|turn|12\n|\n|t:|1700360358\n|move|p2a: Ogerpon|Ivy Cudgel|p1a: Dragalge|[anim] Ivy Cudgel Fire\n|-resisted|p1a: Dragalge\n|-damage|p1a: Dragalge|23\/100\n|move|p1a: Dragalge|Sludge Bomb|p2a: Ogerpon\n|-supereffective|p2a: Ogerpon\n|-damage|p2a: Ogerpon|0 fnt\n|faint|p2a: Ogerpon\n|\n|-heal|p1a: Dragalge|29\/100|[from] item: Black Sludge\n|upkeep\n|\n|t:|1700360366\n|switch|p2a: Slaking|Slaking, F|100\/100\n|turn|13\n|\n|t:|1700360374\n|switch|p1a: Annihilape|Annihilape, M|100\/100\n|move|p2a: Slaking|Ice Punch|p1a: Annihilape\n|-damage|p1a: Annihilape|67\/100\n|\n|-heal|p1a: Annihilape|73\/100|[from] item: Leftovers\n|upkeep\n|turn|14\n|\n|t:|1700360393\n|switch|p2a: Drifblim|Drifblim, M|100\/100\n|move|p1a: Annihilape|Drain Punch|p2a: Drifblim\n|-immune|p2a: Drifblim\n|\n|-heal|p1a: Annihilape|79\/100|[from] item: Leftovers\n|-status|p2a: Drifblim|brn|[from] item: Flame Orb\n|upkeep\n|turn|15\n|\n|t:|1700360412\n|move|p2a: Drifblim|Thunder Wave|p1a: Annihilape\n|-status|p1a: Annihilape|par\n|move|p1a: Annihilape|Rage Fist|p2a: Drifblim\n|-supereffective|p2a: Drifblim\n|-damage|p2a: Drifblim|0 fnt\n|faint|p2a: Drifblim\n|\n|-heal|p1a: Annihilape|85\/100 par|[from] item: Leftovers\n|upkeep\n|\n|t:|1700360422\n|switch|p2a: Salamence|Salamence, F|100\/100\n|turn|16\n|\n|t:|1700360454\n|move|p2a: Salamence|Dragon Dance|p2a: Salamence\n|-boost|p2a: Salamence|atk|1\n|-boost|p2a: Salamence|spe|1\n|move|p1a: Annihilape|Drain Punch|p2a: Salamence\n|-resisted|p2a: Salamence\n|-damage|p2a: Salamence|83\/100\n|-heal|p1a: Annihilape|92\/100 par|[from] drain|[of] p2a: Salamence\n|\n|-heal|p1a: Annihilape|98\/100 par|[from] item: Leftovers\n|upkeep\n|turn|17\n|\n|t:|1700360467\n|move|p2a: Salamence|Dragon Dance|p2a: Salamence\n|-boost|p2a: Salamence|atk|1\n|-boost|p2a: Salamence|spe|1\n|cant|p1a: Annihilape|par\n|\n|-heal|p1a: Annihilape|100\/100 par|[from] item: Leftovers\n|upkeep\n|turn|18\n|\n|t:|1700360474\n|move|p2a: Salamence|Outrage|p1a: Annihilape\n|-damage|p1a: Annihilape|0 fnt\n|faint|p1a: Annihilape\n|-ability|p2a: Salamence|Moxie|boost\n|-boost|p2a: Salamence|atk|1\n|\n|upkeep\n|\n|t:|1700360480\n|switch|p1a: Dragalge|Dragalge, F|29\/100\n|turn|19\n|\n|t:|1700360485\n|move|p2a: Salamence|Outrage|p1a: Dragalge|[from]lockedmove\n|-supereffective|p1a: Dragalge\n|-damage|p1a: Dragalge|0 fnt\n|faint|p1a: Dragalge\n|\n|win|Crabbrawlers\n|c| Talonflameredwings|GG!!\n|l| Snorlaxsleepers\n|c| FerrothornFembots|GG BOYS\n|c| FerrothornFembots|!!!\n|l|\u2606Crabbrawlers\n|l| Skeetlesquad\n|l|\u2606BeatMidlers\n","uploadtime":1700360601,"views":19,"p1id":"beatmidlers","p2id":"crabbrawlers","formatid":"gen9anythinggoes","rating":0,"private":0,"password":""}