{"id":"gen9anythinggoes-1975544609","p1":"TheJesterJames","p2":"BTT2023","format":"[Gen 9] Anything Goes","log":"|j|\u2606TheJesterJames\n|j|\u2606BTT2023\n|t:|1698203032\n|gametype|singles\n|player|p1|TheJesterJames|clown|1168\n|player|p2|BTT2023|red|1165\n|teamsize|p1|6\n|teamsize|p2|6\n|gen|9\n|tier|[Gen 9] Anything Goes\n|rated|\n|rule|HP Percentage Mod: HP is shown in percentages\n|rule|Endless Battle Clause: Forcing endless battles is banned\n|clearpoke\n|poke|p1|Annihilape, M|\n|poke|p1|Palafin, M|\n|poke|p1|Zacian-*|\n|poke|p1|Flutter Mane|\n|poke|p1|Calyrex-Shadow|\n|poke|p1|Ogerpon-Hearthflame, F|\n|poke|p2|Charizard, M|\n|poke|p2|Pikachu, M|\n|poke|p2|Quaquaval, M|\n|poke|p2|Meowscarada, F|\n|poke|p2|Koraidon|\n|poke|p2|Gholdengo|\n|teampreview\n|\n|t:|1698203043\n|start\n|switch|p1a: Hotstuff|Ogerpon-Hearthflame, F|100\/100\n|switch|p2a: Pikachu|Pikachu, M|100\/100\n|-ability|p1a: Hotstuff|Mold Breaker\n|turn|1\n|\n|t:|1698203052\n|move|p1a: Hotstuff|Swords Dance|p1a: Hotstuff\n|-boost|p1a: Hotstuff|atk|2\n|move|p2a: Pikachu|Trailblaze|p1a: Hotstuff\n|-resisted|p1a: Hotstuff\n|-damage|p1a: Hotstuff|98\/100\n|-boost|p2a: Pikachu|spe|1\n|\n|upkeep\n|turn|2\n|\n|t:|1698203064\n|-terastallize|p1a: Hotstuff|Fire\n|detailschange|p1a: Hotstuff|Ogerpon-Hearthflame-Tera, F, tera:Fire\n|-ability|p1a: Hotstuff|Embody Aspect (Hearthflame)|boost\n|-boost|p1a: Hotstuff|atk|1\n|move|p2a: Pikachu|Surf|p1a: Hotstuff\n|-supereffective|p1a: Hotstuff\n|-damage|p1a: Hotstuff|58\/100\n|move|p1a: Hotstuff|Ivy Cudgel|p2a: Pikachu\n|-enditem|p2a: Pikachu|Focus Sash\n|-damage|p2a: Pikachu|1\/100\n|\n|upkeep\n|turn|3\n|\n|t:|1698203077\n|move|p2a: Pikachu|Surf|p1a: Hotstuff\n|-supereffective|p1a: Hotstuff\n|-damage|p1a: Hotstuff|16\/100\n|move|p1a: Hotstuff|Horn Leech|p2a: Pikachu\n|-damage|p2a: Pikachu|0 fnt\n|-heal|p1a: Hotstuff|16\/100|[from] drain|[of] p2a: Pikachu\n|faint|p2a: Pikachu\n|\n|upkeep\n|\n|t:|1698203095\n|switch|p2a: Koraidon|Koraidon|100\/100\n|-weather|SunnyDay|[from] ability: Orichalcum Pulse|[of] p2a: Koraidon\n|-activate|p2a: Koraidon|Orichalcum Pulse|[source]\n|turn|4\n|\n|t:|1698203106\n|move|p2a: Koraidon|Flame Charge|p1a: Hotstuff\n|-resisted|p1a: Hotstuff\n|-damage|p1a: Hotstuff|0 fnt\n|-boost|p2a: Koraidon|spe|1\n|faint|p1a: Hotstuff\n|\n|-weather|SunnyDay|[upkeep]\n|upkeep\n|\n|t:|1698203114\n|switch|p1a: Shazam|Palafin, M, shiny|100\/100\n|turn|5\n|\n|t:|1698203123\n|detailschange|p1a: Shazam|Palafin-Hero, M, shiny\n|switch|p1a: Skill|Flutter Mane|100\/100\n|-activate|p1a: Skill|ability: Protosynthesis\n|-start|p1a: Skill|protosynthesisspe\n|move|p2a: Koraidon|Flame Charge|p1a: Skill\n|-damage|p1a: Skill|15\/100\n|-boost|p2a: Koraidon|spe|1\n|\n|-weather|SunnyDay|[upkeep]\n|upkeep\n|turn|6\n|\n|t:|1698203134\n|move|p2a: Koraidon|Flame Charge|p1a: Skill\n|-damage|p1a: Skill|0 fnt\n|-boost|p2a: Koraidon|spe|1\n|faint|p1a: Skill\n|-end|p1a: Skill|Protosynthesis|[silent]\n|\n|-weather|SunnyDay|[upkeep]\n|upkeep\n|\n|t:|1698203140\n|switch|p1a: Shazam|Palafin-Hero, M, shiny|100\/100\n|-activate|p1a: Shazam|ability: Zero to Hero\n|turn|7\n|\n|t:|1698203148\n|move|p2a: Koraidon|Flame Charge|p1a: Shazam\n|-resisted|p1a: Shazam\n|-damage|p1a: Shazam|83\/100\n|-boost|p2a: Koraidon|spe|1\n|move|p1a: Shazam|Liquidation|p2a: Koraidon\n|-resisted|p2a: Koraidon\n|-damage|p2a: Koraidon|88\/100\n|\n|-weather|SunnyDay|[upkeep]\n|upkeep\n|turn|8\n|\n|t:|1698203165\n|switch|p2a: Meowscarada|Meowscarada, F|100\/100\n|move|p1a: Shazam|Liquidation|p2a: Meowscarada\n|-resisted|p2a: Meowscarada\n|-damage|p2a: Meowscarada|78\/100\n|-unboost|p2a: Meowscarada|def|1\n|\n|-weather|none\n|upkeep\n|turn|9\n|\n|t:|1698203180\n|switch|p1a: Doggo|Zacian-Crowned|100\/100\n|-ability|p1a: Doggo|Intrepid Sword|boost\n|-boost|p1a: Doggo|atk|1\n|move|p2a: Meowscarada|Thunder Punch|p1a: Doggo\n|-start|p2a: Meowscarada|typechange|Electric|[from] ability: Protean\n|-damage|p1a: Doggo|52\/100\n|\n|upkeep\n|turn|10\n|\n|t:|1698203192\n|move|p1a: Doggo|Swords Dance|p1a: Doggo\n|-boost|p1a: Doggo|atk|2\n|move|p2a: Meowscarada|Thunder Punch|p1a: Doggo\n|-damage|p1a: Doggo|2\/100\n|\n|upkeep\n|turn|11\n|\n|t:|1698203199\n|move|p1a: Doggo|Behemoth Blade|p2a: Meowscarada\n|-resisted|p2a: Meowscarada\n|-damage|p2a: Meowscarada|0 fnt\n|faint|p2a: Meowscarada\n|\n|upkeep\n|\n|t:|1698203223\n|switch|p2a: Koraidon|Koraidon|88\/100\n|-weather|SunnyDay|[from] ability: Orichalcum Pulse|[of] p2a: Koraidon\n|-activate|p2a: Koraidon|Orichalcum Pulse|[source]\n|turn|12\n|\n|t:|1698203232\n|move|p2a: Koraidon|Collision Course|p1a: Doggo\n|-damage|p1a: Doggo|0 fnt\n|faint|p1a: Doggo\n|\n|-weather|SunnyDay|[upkeep]\n|upkeep\n|\n|t:|1698203239\n|switch|p1a: Hax|Calyrex-Shadow|100\/100\n|-ability|p1a: Hax|As One\n|-ability|p1a: Hax|Unnerve\n|turn|13\n|\n|t:|1698203261\n|switch|p2a: Gholdengo|Gholdengo|100\/100\n|-item|p2a: Gholdengo|Air Balloon\n|move|p1a: Hax|Astral Barrage|p2a: Gholdengo\n|-supereffective|p2a: Gholdengo\n|-damage|p2a: Gholdengo|0 fnt\n|-enditem|p2a: Gholdengo|Air Balloon\n|faint|p2a: Gholdengo\n|-ability|p1a: Hax|Grim Neigh|boost\n|-boost|p1a: Hax|spa|1\n|\n|-weather|SunnyDay|[upkeep]\n|upkeep\n|\n|t:|1698203273\n|switch|p2a: Koraidon|Koraidon|88\/100\n|-activate|p2a: Koraidon|ability: Orichalcum Pulse\n|turn|14\n|\n|t:|1698203278\n|move|p2a: Koraidon|Outrage|p1a: Hax\n|-damage|p1a: Hax|4\/100\n|move|p1a: Hax|Astral Barrage|p2a: Koraidon\n|-damage|p2a: Koraidon|0 fnt\n|faint|p2a: Koraidon\n|-ability|p1a: Hax|Grim Neigh|boost\n|-boost|p1a: Hax|spa|1\n|\n|-weather|SunnyDay|[upkeep]\n|upkeep\n|\n|t:|1698203290\n|switch|p2a: Charizard|Charizard, M|100\/100\n|turn|15\n|\n|t:|1698203295\n|-terastallize|p2a: Charizard|Dark\n|move|p1a: Hax|Astral Barrage|p2a: Charizard\n|-resisted|p2a: Charizard\n|-damage|p2a: Charizard|10\/100\n|move|p2a: Charizard|Crunch|p1a: Hax\n|-supereffective|p1a: Hax\n|-damage|p1a: Hax|0 fnt\n|-enditem|p2a: Charizard|Aguav Berry|[eat]\n|-heal|p2a: Charizard|43\/100|[from] item: Aguav Berry\n|faint|p1a: Hax\n|\n|-weather|SunnyDay|[upkeep]\n|upkeep\n|\n|t:|1698203307\n|switch|p1a: Shazam|Palafin-Hero, M, shiny|83\/100\n|turn|16\n|\n|t:|1698203314\n|move|p1a: Shazam|Ice Punch|p2a: Charizard\n|-damage|p2a: Charizard|0 fnt\n|faint|p2a: Charizard\n|\n|-weather|none\n|upkeep\n|\n|t:|1698203320\n|switch|p2a: Quaquaval|Quaquaval, M|100\/100\n|turn|17\n|\n|t:|1698203326\n|switch|p1a: Malice|Annihilape, M, shiny|100\/100\n|move|p2a: Quaquaval|Swords Dance|p2a: Quaquaval\n|-boost|p2a: Quaquaval|atk|2\n|\n|upkeep\n|turn|18\n|\n|t:|1698203333\n|move|p2a: Quaquaval|Aqua Step|p1a: Malice\n|-damage|p1a: Malice|5\/100\n|-boost|p2a: Quaquaval|spe|1\n|move|p1a: Malice|Bulk Up|p1a: Malice\n|-boost|p1a: Malice|atk|1\n|-boost|p1a: Malice|def|1\n|\n|upkeep\n|turn|19\n|inactive|Battle timer is ON: inactive players will automatically lose when time's up. (requested by BTT2023)\n|\n|t:|1698203348\n|move|p2a: Quaquaval|Aqua Step|p1a: Malice\n|-damage|p1a: Malice|0 fnt\n|-boost|p2a: Quaquaval|spe|1\n|faint|p1a: Malice\n|-ability|p2a: Quaquaval|Moxie|boost\n|-boost|p2a: Quaquaval|atk|1\n|\n|upkeep\n|\n|t:|1698203354\n|switch|p1a: Shazam|Palafin-Hero, M, shiny|83\/100\n|turn|20\n|\n|t:|1698203361\n|move|p2a: Quaquaval|Close Combat|p1a: Shazam\n|-damage|p1a: Shazam|0 fnt\n|-unboost|p2a: Quaquaval|def|1\n|-unboost|p2a: Quaquaval|spd|1\n|faint|p1a: Shazam\n|\n|win|BTT2023\n|raw|TheJesterJames's rating: 1168 &rarr; <strong>1143<\/strong><br \/>(-25 for losing)\n|raw|BTT2023's rating: 1165 &rarr; <strong>1190<\/strong><br \/>(+25 for winning)\n|c|\u2606BTT2023|GG :)\n|l|\u2606TheJesterJames\n|c|\u2606BTT2023|That was an awesome battle :)\n|c|\u2606BTT2023|GG :)\n","uploadtime":1698203369,"views":11,"p1id":"thejesterjames","p2id":"btt2023","formatid":"gen9anythinggoes","rating":1143,"private":0,"password":""}