{"id":"gen9anythinggoes-1981385295","p1":"Tvrtko420","p2":"Eriririririririric","format":"[Gen 9] Anything Goes","log":"|j|\u2606Tvrtko420\n|j|\u203dEriririririririric\n|t:|1698890019\n|gametype|singles\n|player|p1|Tvrtko420|red-masters2|1710\n|player|p2|Eriririririririric|2|1561\n|teamsize|p1|6\n|teamsize|p2|6\n|gen|9\n|tier|[Gen 9] Anything Goes\n|rated|\n|rule|HP Percentage Mod: HP is shown in percentages\n|rule|Endless Battle Clause: Forcing endless battles is banned\n|clearpoke\n|poke|p1|Calyrex-Shadow|\n|poke|p1|Arceus|\n|poke|p1|Zacian-*|\n|poke|p1|Koraidon|\n|poke|p1|Leavanny, F|\n|poke|p1|Chien-Pao|\n|poke|p2|Koraidon|\n|poke|p2|Miraidon|\n|poke|p2|Cloyster, F|\n|poke|p2|Zacian-*|\n|poke|p2|Toxapex, F|\n|poke|p2|Chien-Pao|\n|teampreview\n|\n|t:|1698890030\n|start\n|switch|p1a: Koraidon|Koraidon|100\/100\n|switch|p2a: Cloyster|Cloyster, F|100\/100\n|-weather|SunnyDay|[from] ability: Orichalcum Pulse|[of] p1a: Koraidon\n|-activate|p1a: Koraidon|Orichalcum Pulse|[source]\n|turn|1\n|\n|t:|1698890052\n|move|p1a: Koraidon|Taunt|p2a: Cloyster\n|-start|p2a: Cloyster|move: Taunt\n|cant|p2a: Cloyster|move: Taunt|Shell Smash\n|\n|-weather|SunnyDay|[upkeep]\n|upkeep\n|turn|2\n|\n|t:|1698890058\n|move|p1a: Koraidon|Close Combat|p2a: Cloyster\n|-supereffective|p2a: Cloyster\n|-enditem|p2a: Cloyster|Focus Sash\n|-damage|p2a: Cloyster|1\/100\n|-unboost|p1a: Koraidon|def|1\n|-unboost|p1a: Koraidon|spd|1\n|move|p2a: Cloyster|Icicle Spear|p1a: Koraidon\n|-supereffective|p1a: Koraidon\n|-damage|p1a: Koraidon|69\/100\n|-supereffective|p1a: Koraidon\n|-damage|p1a: Koraidon|40\/100\n|-supereffective|p1a: Koraidon\n|-damage|p1a: Koraidon|6\/100\n|-supereffective|p1a: Koraidon\n|-damage|p1a: Koraidon|0 fnt\n|faint|p1a: Koraidon\n|-hitcount|p1: Koraidon|4\n|\n|-weather|SunnyDay|[upkeep]\n|upkeep\n|\n|t:|1698890062\n|switch|p1a: Leavanny|Leavanny, F, shiny|100\/100\n|turn|3\n|\n|t:|1698890070\n|move|p1a: Leavanny|Sticky Web|p2a: Cloyster\n|-sidestart|p2: Eriririririririric|move: Sticky Web\n|move|p2a: Cloyster|Icicle Spear|p1a: Leavanny\n|-supereffective|p1a: Leavanny\n|-damage|p1a: Leavanny|70\/100\n|-supereffective|p1a: Leavanny\n|-damage|p1a: Leavanny|34\/100\n|-supereffective|p1a: Leavanny\n|-damage|p1a: Leavanny|1\/100\n|-supereffective|p1a: Leavanny\n|-damage|p1a: Leavanny|0 fnt\n|faint|p1a: Leavanny\n|-hitcount|p1: Leavanny|4\n|\n|-weather|SunnyDay|[upkeep]\n|-end|p2a: Cloyster|move: Taunt\n|upkeep\n|inactive|Battle timer is ON: inactive players will automatically lose when time's up. (requested by Eriririririririric)\n|\n|t:|1698890104\n|switch|p1a: Calyrex|Calyrex-Shadow|100\/100\n|-ability|p1a: Calyrex|As One\n|-ability|p1a: Calyrex|Unnerve\n|turn|4\n|l|\u203dEriririririririric\n|inactive|Eriririririririric disconnected and has a minute to reconnect!\n|player|p2|\n|j|\u203dEriririririririric\n|inactive|Eriririririririric reconnected and has 115 seconds left.\n|player|p2|Eriririririririric|2\n|n|\u203dEriririririririric|eriririririririric\n|\n|t:|1698890146\n|move|p1a: Calyrex|Astral Barrage|p2a: Cloyster\n|-damage|p2a: Cloyster|0 fnt\n|faint|p2a: Cloyster\n|-ability|p1a: Calyrex|Grim Neigh|boost\n|-boost|p1a: Calyrex|spa|1\n|\n|-weather|SunnyDay|[upkeep]\n|upkeep\n|\n|t:|1698890155\n|switch|p2a: Chien-Pao|Chien-Pao|100\/100\n|-activate|p2a: Chien-Pao|move: Sticky Web\n|-unboost|p2a: Chien-Pao|spe|1\n|-ability|p2a: Chien-Pao|Sword of Ruin\n|turn|5\n|\n|t:|1698890164\n|-terastallize|p1a: Calyrex|Grass\n|move|p2a: Chien-Pao|Sucker Punch||[still]\n|-fail|p2a: Chien-Pao\n|move|p1a: Calyrex|Nasty Plot|p1a: Calyrex\n|-boost|p1a: Calyrex|spa|2\n|\n|-weather|none\n|upkeep\n|turn|6\n|\n|t:|1698890173\n|move|p1a: Calyrex|Giga Drain|p2a: Chien-Pao\n|-enditem|p2a: Chien-Pao|Focus Sash\n|-damage|p2a: Chien-Pao|1\/100\n|move|p2a: Chien-Pao|Ice Spinner|p1a: Calyrex\n|-supereffective|p1a: Calyrex\n|-damage|p1a: Calyrex|0 fnt\n|faint|p1a: Calyrex\n|\n|upkeep\n|\n|t:|1698890200\n|switch|p1a: Chien-Pao|Chien-Pao|100\/100\n|-ability|p1a: Chien-Pao|Sword of Ruin\n|turn|7\n|\n|t:|1698890219\n|move|p1a: Chien-Pao|Swords Dance|p1a: Chien-Pao\n|-boost|p1a: Chien-Pao|atk|2\n|move|p2a: Chien-Pao|Sacred Sword|p1a: Chien-Pao\n|-supereffective|p1a: Chien-Pao\n|-damage|p1a: Chien-Pao|0 fnt\n|faint|p1a: Chien-Pao\n|\n|upkeep\n|\n|t:|1698890232\n|switch|p1a: Zacian|Zacian-Crowned|100\/100\n|-ability|p1a: Zacian|Intrepid Sword|boost\n|-boost|p1a: Zacian|atk|1\n|turn|8\n|\n|t:|1698890240\n|move|p1a: Zacian|Behemoth Blade|p2a: Chien-Pao\n|-supereffective|p2a: Chien-Pao\n|-damage|p2a: Chien-Pao|0 fnt\n|faint|p2a: Chien-Pao\n|\n|upkeep\n|\n|t:|1698890252\n|switch|p2a: Koraidon|Koraidon|100\/100\n|-activate|p2a: Koraidon|move: Sticky Web\n|-unboost|p2a: Koraidon|spe|1\n|-weather|SunnyDay|[from] ability: Orichalcum Pulse|[of] p2a: Koraidon\n|-activate|p2a: Koraidon|Orichalcum Pulse|[source]\n|turn|9\n|\n|t:|1698890261\n|-terastallize|p2a: Koraidon|Fire\n|move|p1a: Zacian|Play Rough|p2a: Koraidon|[miss]\n|-miss|p1a: Zacian|p2a: Koraidon\n|move|p2a: Koraidon|Flare Blitz|p1a: Zacian\n|-supereffective|p1a: Zacian\n|-damage|p1a: Zacian|0 fnt\n|faint|p1a: Zacian\n|-damage|p2a: Koraidon|66\/100|[from] Recoil\n|\n|-weather|SunnyDay|[upkeep]\n|upkeep\n|\n|t:|1698890264\n|switch|p1a: Arceus|Arceus|100\/100\n|turn|10\n|\n|t:|1698890282\n|move|p2a: Koraidon|Flare Blitz|p1a: Arceus\n|-damage|p1a: Arceus|6\/100\n|-damage|p2a: Koraidon|27\/100|[from] Recoil\n|move|p1a: Arceus|Swords Dance|p1a: Arceus\n|-boost|p1a: Arceus|atk|2\n|\n|-weather|SunnyDay|[upkeep]\n|-heal|p1a: Arceus|12\/100|[from] item: Leftovers\n|upkeep\n|turn|11\n|\n|t:|1698890289\n|move|p1a: Arceus|Extreme Speed|p2a: Koraidon\n|-damage|p2a: Koraidon|0 fnt\n|faint|p2a: Koraidon\n|\n|-weather|SunnyDay|[upkeep]\n|-heal|p1a: Arceus|18\/100|[from] item: Leftovers\n|upkeep\n|\n|t:|1698890293\n|switch|p2a: Zacian|Zacian-Crowned|100\/100\n|-activate|p2a: Zacian|move: Sticky Web\n|-unboost|p2a: Zacian|spe|1\n|-ability|p2a: Zacian|Intrepid Sword|boost\n|-boost|p2a: Zacian|atk|1\n|turn|12\n|\n|t:|1698890298\n|move|p1a: Arceus|Extreme Speed|p2a: Zacian\n|-resisted|p2a: Zacian\n|-damage|p2a: Zacian|61\/100\n|move|p2a: Zacian|Behemoth Blade|p1a: Arceus\n|-damage|p1a: Arceus|0 fnt\n|faint|p1a: Arceus\n|\n|win|Eriririririririric\n|raw|Tvrtko420's rating: 1710 &rarr; <strong>1682<\/strong><br \/>(-28 for losing)\n|raw|Eriririririririric's rating: 1561 &rarr; <strong>1589<\/strong><br \/>(+28 for winning)\n|l|\u2606Tvrtko420\n|l|\u203dEriririririririric\n","uploadtime":1698890366,"views":14,"p1id":"tvrtko420","p2id":"eriririririririric","formatid":"gen9anythinggoes","rating":1589,"private":0,"password":""}