{"id":"gen9anythinggoes-1998060263","p1":"4stepstomakeumad","p2":"TwoPercent57","format":"[Gen 9] Anything Goes","log":"|j|\u26064stepstomakeumad\n|j|\u2606TwoPercent57\n|t:|1700885193\n|gametype|singles\n|player|p1|4stepstomakeumad|1|1429\n|player|p2|TwoPercent57|shauntal|1321\n|teamsize|p1|6\n|teamsize|p2|6\n|gen|9\n|tier|[Gen 9] Anything Goes\n|rated|\n|rule|HP Percentage Mod: HP is shown in percentages\n|rule|Endless Battle Clause: Forcing endless battles is banned\n|clearpoke\n|poke|p1|Calyrex-Shadow|\n|poke|p1|Eternatus|\n|poke|p1|Arceus|\n|poke|p1|Lilligant-Hisui, F|\n|poke|p1|Drifblim, M|\n|poke|p1|Furret, F|\n|poke|p2|Toxapex, F|\n|poke|p2|Annihilape, M|\n|poke|p2|Landorus-Therian, M|\n|poke|p2|Ribombee, F|\n|poke|p2|Magearna|\n|poke|p2|Iron Moth|\n|teampreview\n|\n|t:|1700885210\n|start\n|switch|p1a: Drifblim|Drifblim, M|100\/100\n|switch|p2a: Toxapex|Toxapex, F|100\/100\n|turn|1\n|\n|t:|1700885218\n|move|p1a: Drifblim|Minimize|p1a: Drifblim\n|-boost|p1a: Drifblim|evasion|2\n|move|p2a: Toxapex|Toxic Spikes|p1a: Drifblim\n|-sidestart|p1: 4stepstomakeumad|move: Toxic Spikes\n|\n|upkeep\n|turn|2\n|\n|t:|1700885235\n|switch|p2a: Machamps.com|Landorus-Therian, M, shiny|100\/100\n|-ability|p2a: Machamps.com|Intimidate|boost\n|-unboost|p1a: Drifblim|atk|1\n|move|p1a: Drifblim|Minimize|p1a: Drifblim\n|-boost|p1a: Drifblim|evasion|2\n|\n|upkeep\n|turn|3\n|inactive|Battle timer is ON: inactive players will automatically lose when time's up. (requested by 4stepstomakeumad)\n|c|\u2606TwoPercent57|Everyone loathes you.\n|\n|t:|1700885254\n|move|p2a: Machamps.com|Stone Edge|p1a: Drifblim|[miss]\n|-miss|p2a: Machamps.com|p1a: Drifblim\n|move|p1a: Drifblim|Minimize|p1a: Drifblim\n|-boost|p1a: Drifblim|evasion|2\n|\n|upkeep\n|turn|4\n|\n|t:|1700885271\n|switch|p2a: Magearna|Magearna|100\/100\n|move|p1a: Drifblim|Calm Mind|p1a: Drifblim\n|-boost|p1a: Drifblim|spa|1\n|-boost|p1a: Drifblim|spd|1\n|\n|upkeep\n|turn|5\n|c|\u26064stepstomakeumad|GOOOD MORNING USAAAA I GOT FEELING THAT ITS GONNA BE A WONDERFUL DAY\n|\n|t:|1700885290\n|switch|p2a: Toxapex|Toxapex, F|100\/100\n|move|p1a: Drifblim|Minimize|p1a: Drifblim\n|-boost|p1a: Drifblim|evasion|0\n|\n|upkeep\n|turn|6\n|\n|t:|1700885299\n|move|p1a: Drifblim|Shadow Ball|p2a: Toxapex\n|-damage|p2a: Toxapex|66\/100\n|move|p2a: Toxapex|Haze|p2a: Toxapex\n|-clearallboost\n|\n|upkeep\n|turn|7\n|c|\u2606TwoPercent57|Do you still feel that?\n|inactive|TwoPercent57 has 120 seconds left.\n|\n|t:|1700885332\n|switch|p1a: Eternatus|Eternatus|100\/100\n|-sideend|p1: 4stepstomakeumad|move: Toxic Spikes|[of] p1a: Eternatus\n|-ability|p1a: Eternatus|Pressure\n|move|p2a: Toxapex|Toxic Spikes|p1a: Eternatus\n|-sidestart|p1: 4stepstomakeumad|move: Toxic Spikes\n|\n|upkeep\n|turn|8\n|inactive|TwoPercent57 has 120 seconds left.\n|\n|t:|1700885355\n|switch|p2a: Machamps.com|Landorus-Therian, M, shiny|100\/100\n|-ability|p2a: Machamps.com|Intimidate|boost\n|-unboost|p1a: Eternatus|atk|1\n|move|p1a: Eternatus|Cosmic Power|p1a: Eternatus\n|-boost|p1a: Eternatus|def|1\n|-boost|p1a: Eternatus|spd|1\n|\n|upkeep\n|turn|9\n|\n|t:|1700885363\n|move|p2a: Machamps.com|Earthquake|p1a: Eternatus\n|-supereffective|p1a: Eternatus\n|-damage|p1a: Eternatus|48\/100\n|move|p1a: Eternatus|Cosmic Power|p1a: Eternatus\n|-boost|p1a: Eternatus|def|1\n|-boost|p1a: Eternatus|spd|1\n|\n|-heal|p1a: Eternatus|54\/100|[from] item: Black Sludge\n|upkeep\n|turn|10\n|\n|t:|1700885372\n|move|p2a: Machamps.com|Earthquake|p1a: Eternatus\n|-supereffective|p1a: Eternatus\n|-damage|p1a: Eternatus|16\/100\n|move|p1a: Eternatus|Recover|p1a: Eternatus\n|-heal|p1a: Eternatus|67\/100\n|\n|-heal|p1a: Eternatus|73\/100|[from] item: Black Sludge\n|upkeep\n|turn|11\n|inactive|TwoPercent57 has 120 seconds left.\n|\n|t:|1700885382\n|switch|p2a: Toxapex|Toxapex, F|99\/100\n|move|p1a: Eternatus|Cosmic Power|p1a: Eternatus\n|-boost|p1a: Eternatus|def|1\n|-boost|p1a: Eternatus|spd|1\n|\n|-heal|p1a: Eternatus|79\/100|[from] item: Black Sludge\n|upkeep\n|turn|12\n|\n|t:|1700885390\n|move|p1a: Eternatus|Toxic Spikes|p2a: Toxapex\n|-sidestart|p2: TwoPercent57|move: Toxic Spikes\n|move|p2a: Toxapex|Haze|p2a: Toxapex\n|-clearallboost\n|\n|-heal|p1a: Eternatus|85\/100|[from] item: Black Sludge\n|upkeep\n|turn|13\n|\n|t:|1700885400\n|move|p1a: Eternatus|Toxic Spikes|p2a: Toxapex\n|-sidestart|p2: TwoPercent57|move: Toxic Spikes\n|move|p2a: Toxapex|Liquidation|p1a: Eternatus\n|-resisted|p1a: Eternatus\n|-damage|p1a: Eternatus|78\/100\n|-unboost|p1a: Eternatus|def|1\n|\n|-heal|p1a: Eternatus|84\/100|[from] item: Black Sludge\n|upkeep\n|turn|14\n|inactive|TwoPercent57 has 120 seconds left.\n|\n|t:|1700885423\n|switch|p1a: Furret|Furret, F|100\/100\n|-status|p1a: Furret|psn\n|switch|p2a: Annihilape|Annihilape, M|100\/100\n|-status|p2a: Annihilape|tox\n|\n|-damage|p1a: Furret|88\/100 psn|[from] psn\n|-damage|p2a: Annihilape|94\/100 tox|[from] psn\n|upkeep\n|turn|15\n|inactive|TwoPercent57 has 120 seconds left.\n|\n|t:|1700885433\n|move|p1a: Furret|Coil|p1a: Furret\n|-boost|p1a: Furret|atk|1\n|-boost|p1a: Furret|def|1\n|-boost|p1a: Furret|accuracy|1\n|move|p2a: Annihilape|Drain Punch|p1a: Furret\n|-supereffective|p1a: Furret\n|-damage|p1a: Furret|9\/100 psn\n|-heal|p2a: Annihilape|100\/100 tox|[from] drain|[of] p1a: Furret\n|\n|-damage|p1a: Furret|0 fnt|[from] psn\n|faint|p1a: Furret\n|-damage|p2a: Annihilape|88\/100 tox|[from] psn\n|upkeep\n|\n|t:|1700885440\n|switch|p1a: Eternatus|Eternatus|84\/100\n|-sideend|p1: 4stepstomakeumad|move: Toxic Spikes|[of] p1a: Eternatus\n|-ability|p1a: Eternatus|Pressure\n|turn|16\n|inactive|TwoPercent57 has 120 seconds left.\n|\n|t:|1700885454\n|switch|p1a: Drifblim|Drifblim, M|100\/100\n|move|p2a: Annihilape|Drain Punch|p1a: Drifblim\n|-immune|p1a: Drifblim\n|\n|-heal|p2a: Annihilape|94\/100 tox|[from] item: Leftovers\n|-damage|p2a: Annihilape|76\/100 tox|[from] psn\n|upkeep\n|turn|17\n|inactive|TwoPercent57 has 120 seconds left.\n|\n|t:|1700885465\n|move|p1a: Drifblim|Minimize|p1a: Drifblim\n|-boost|p1a: Drifblim|evasion|2\n|move|p2a: Annihilape|Rage Fist|p1a: Drifblim\n|-supereffective|p1a: Drifblim\n|-damage|p1a: Drifblim|18\/100\n|\n|-heal|p2a: Annihilape|82\/100 tox|[from] item: Leftovers\n|-damage|p2a: Annihilape|58\/100 tox|[from] psn\n|upkeep\n|turn|18\n|inactive|TwoPercent57 has 120 seconds left.\n|\n|t:|1700885484\n|switch|p2a: Toxapex|Toxapex, F|100\/100\n|-sideend|p2: TwoPercent57|move: Toxic Spikes|[of] p2a: Toxapex\n|move|p1a: Drifblim|Minimize|p1a: Drifblim\n|-boost|p1a: Drifblim|evasion|2\n|\n|upkeep\n|turn|19\n|inactive|TwoPercent57 has 120 seconds left.\n|\n|t:|1700885489\n|move|p1a: Drifblim|Baton Pass|p1a: Drifblim\n|\n|t:|1700885492\n|switch|p1a: Calyrex|Calyrex-Shadow|100\/100|[from] Baton Pass\n|-ability|p1a: Calyrex|As One\n|-ability|p1a: Calyrex|Unnerve\n|move|p2a: Toxapex|Haze|p2a: Toxapex\n|-clearallboost\n|\n|upkeep\n|turn|20\n|\n|t:|1700885502\n|move|p1a: Calyrex|Psychic|p2a: Toxapex\n|-supereffective|p2a: Toxapex\n|-damage|p2a: Toxapex|13\/100\n|move|p2a: Toxapex|Liquidation|p1a: Calyrex\n|-damage|p1a: Calyrex|77\/100\n|\n|upkeep\n|turn|21\n|inactive|TwoPercent57 has 120 seconds left.\n|\n|t:|1700885523\n|switch|p2a: Machamps.com|Landorus-Therian, M, shiny|100\/100\n|-ability|p2a: Machamps.com|Intimidate|boost\n|-unboost|p1a: Calyrex|atk|1\n|move|p1a: Calyrex|Psychic|p2a: Machamps.com\n|-damage|p2a: Machamps.com|46\/100\n|\n|upkeep\n|turn|22\n|inactive|TwoPercent57 has 120 seconds left.\n|inactive|TwoPercent57 has 90 seconds left.\n|\n|t:|1700885563\n|-terastallize|p2a: Machamps.com|Steel\n|move|p1a: Calyrex|Psychic|p2a: Machamps.com\n|-resisted|p2a: Machamps.com\n|-damage|p2a: Machamps.com|21\/100\n|move|p2a: Machamps.com|Earthquake|p1a: Calyrex\n|-damage|p1a: Calyrex|9\/100\n|\n|upkeep\n|turn|23\n|inactive|TwoPercent57 has 90 seconds left.\n|\n|t:|1700885587\n|move|p1a: Calyrex|Astral Barrage|p2a: Machamps.com\n|-damage|p2a: Machamps.com|0 fnt\n|faint|p2a: Machamps.com\n|-ability|p1a: Calyrex|Grim Neigh|boost\n|-boost|p1a: Calyrex|spa|1\n|\n|upkeep\n|\n|t:|1700885598\n|switch|p2a: Ribombee|Ribombee, F, shiny|100\/100\n|turn|24\n|\n|t:|1700885604\n|move|p1a: Calyrex|Astral Barrage|p2a: Ribombee\n|-enditem|p2a: Ribombee|Focus Sash\n|-damage|p2a: Ribombee|1\/100\n|move|p2a: Ribombee|Moonblast|p1a: Calyrex\n|-damage|p1a: Calyrex|0 fnt\n|faint|p1a: Calyrex\n|\n|upkeep\n|\n|t:|1700885611\n|switch|p1a: Arceus|Arceus|100\/100\n|turn|25\n|\n|t:|1700885618\n|move|p1a: Arceus|Extreme Speed|p2a: Ribombee\n|-damage|p2a: Ribombee|0 fnt\n|faint|p2a: Ribombee\n|\n|upkeep\n|inactive|TwoPercent57 has 90 seconds left.\n|\n|t:|1700885631\n|switch|p2a: Annihilape|Annihilape, M|58\/100 tox\n|turn|26\n|\n|t:|1700885634\n|move|p1a: Arceus|Shadow Claw|p2a: Annihilape\n|-supereffective|p2a: Annihilape\n|-damage|p2a: Annihilape|4\/100 tox\n|move|p2a: Annihilape|Drain Punch|p1a: Arceus\n|-supereffective|p1a: Arceus\n|-damage|p1a: Arceus|42\/100\n|-heal|p2a: Annihilape|31\/100 tox|[from] drain|[of] p1a: Arceus\n|\n|-heal|p2a: Annihilape|37\/100 tox|[from] item: Leftovers\n|-damage|p2a: Annihilape|31\/100 tox|[from] psn\n|upkeep\n|turn|27\n|\n|t:|1700885649\n|move|p1a: Arceus|Shadow Claw|p2a: Annihilape\n|-supereffective|p2a: Annihilape\n|-crit|p2a: Annihilape\n|-damage|p2a: Annihilape|0 fnt\n|faint|p2a: Annihilape\n|\n|upkeep\n|inactive|TwoPercent57 has 90 seconds left.\n|\n|t:|1700885675\n|switch|p2a: Magearna|Magearna|100\/100\n|turn|28\n|\n|t:|1700885680\n|move|p1a: Arceus|Swords Dance|p1a: Arceus\n|-boost|p1a: Arceus|atk|2\n|move|p2a: Magearna|Shift Gear|p2a: Magearna\n|-boost|p2a: Magearna|spe|2\n|-boost|p2a: Magearna|atk|1\n|\n|upkeep\n|turn|29\n|inactive|TwoPercent57 has 90 seconds left.\n|\n|t:|1700885697\n|-terastallize|p1a: Arceus|Normal\n|move|p1a: Arceus|Extreme Speed|p2a: Magearna\n|-resisted|p2a: Magearna\n|-damage|p2a: Magearna|48\/100\n|move|p2a: Magearna|Flash Cannon|p1a: Arceus\n|-damage|p1a: Arceus|7\/100\n|\n|upkeep\n|turn|30\n|inactive|TwoPercent57 has 60 seconds left.\n|\n|t:|1700885728\n|switch|p2a: Toxapex|Toxapex, F|46\/100\n|move|p1a: Arceus|Extreme Speed|p2a: Toxapex\n|-damage|p2a: Toxapex|0 fnt\n|-damage|p1a: Arceus|0 fnt|[from] item: Rocky Helmet|[of] p2a: Toxapex\n|faint|p2a: Toxapex\n|faint|p1a: Arceus\n|\n|upkeep\n|inactive|TwoPercent57 has 60 seconds left.\n|\n|t:|1700885745\n|switch|p1a: Lilligant|Lilligant-Hisui, F|100\/100\n|switch|p2a: Magearna|Magearna|48\/100\n|turn|31\n|inactive|TwoPercent57 has 60 seconds left.\n|\n|t:|1700885754\n|move|p1a: Lilligant|Sleep Powder|p2a: Magearna|[miss]\n|-miss|p1a: Lilligant|p2a: Magearna\n|move|p2a: Magearna|Shift Gear|p2a: Magearna\n|-boost|p2a: Magearna|spe|2\n|-boost|p2a: Magearna|atk|1\n|\n|upkeep\n|turn|32\n|inactive|TwoPercent57 has 60 seconds left.\n|\n|t:|1700885765\n|move|p2a: Magearna|Stored Power|p1a: Lilligant\n|-supereffective|p1a: Lilligant\n|-damage|p1a: Lilligant|7\/100\n|move|p1a: Lilligant|Sleep Powder|p2a: Magearna|[miss]\n|-miss|p1a: Lilligant|p2a: Magearna\n|\n|upkeep\n|turn|33\n|\n|t:|1700885773\n|move|p2a: Magearna|Stored Power|p1a: Lilligant\n|-supereffective|p1a: Lilligant\n|-damage|p1a: Lilligant|0 fnt\n|faint|p1a: Lilligant\n|-ability|p2a: Magearna|Soul-Heart|boost\n|-boost|p2a: Magearna|spa|1\n|\n|upkeep\n|\n|t:|1700885776\n|switch|p1a: Eternatus|Eternatus|84\/100\n|-ability|p1a: Eternatus|Pressure\n|turn|34\n|\n|t:|1700885789\n|move|p2a: Magearna|Stored Power|p1a: Eternatus\n|-supereffective|p1a: Eternatus\n|-damage|p1a: Eternatus|18\/100\n|move|p1a: Eternatus|Cosmic Power|p1a: Eternatus\n|-boost|p1a: Eternatus|def|1\n|-boost|p1a: Eternatus|spd|1\n|\n|-heal|p1a: Eternatus|24\/100|[from] item: Black Sludge\n|upkeep\n|turn|35\n|l|\u26064stepstomakeumad\n|inactive|4stepstomakeumad disconnected and has a minute to reconnect!\n|player|p1|\n|\n|t:|1700885797\n|move|p2a: Magearna|Stored Power|p1a: Eternatus\n|-supereffective|p1a: Eternatus\n|-damage|p1a: Eternatus|0 fnt\n|faint|p1a: Eternatus\n|-ability|p2a: Magearna|Soul-Heart|boost\n|-boost|p2a: Magearna|spa|1\n|\n|upkeep\n|c|\u2606TwoPercent57|Well?\n|inactive|4stepstomakeumad has 30 seconds to reconnect!\n|inactive|4stepstomakeumad has 20 seconds to reconnect!\n|inactive|4stepstomakeumad has 15 seconds to reconnect!\n|inactive|4stepstomakeumad has 10 seconds to reconnect!\n|c|\u2606TwoPercent57|You are laughable. Are you too stupid to rely on strategy, or too afraid? I built my team myself.\n|inactive|4stepstomakeumad has 5 seconds to reconnect!\n|-message|4stepstomakeumad lost due to inactivity.\n|\n|win|TwoPercent57\n|raw|4stepstomakeumad's rating: 1429 &rarr; <strong>1403<\/strong><br \/>(-26 for losing)\n|raw|TwoPercent57's rating: 1321 &rarr; <strong>1347<\/strong><br \/>(+26 for winning)\n","uploadtime":1700885865,"views":0,"p1id":"4stepstomakeumad","p2id":"twopercent57","formatid":"gen9anythinggoes","rating":1347,"private":0,"password":""}