{"id":"gen9anythinggoes-1978449556","p1":"Einzbern640","p2":"pandigaymer","format":"[Gen 9] Anything Goes","log":"|j|\u2606Einzbern640\n|j|\u2606pandigaymer\n|t:|1698540457\n|gametype|singles\n|player|p1|Einzbern640|waiter|1111\n|player|p2|pandigaymer|265|1154\n|teamsize|p1|6\n|teamsize|p2|6\n|gen|9\n|tier|[Gen 9] Anything Goes\n|rated|\n|rule|HP Percentage Mod: HP is shown in percentages\n|rule|Endless Battle Clause: Forcing endless battles is banned\n|clearpoke\n|poke|p1|Empoleon, F|\n|poke|p1|Empoleon, M|\n|poke|p1|Empoleon, M|\n|poke|p1|Empoleon, M|\n|poke|p1|Empoleon, F|\n|poke|p1|Empoleon, F|\n|poke|p2|Pelipper, M|\n|poke|p2|Poliwrath, M|\n|poke|p2|Zacian-*|\n|poke|p2|Zacian-*|\n|poke|p2|Urshifu-*, M|\n|poke|p2|Wo-Chien|\n|teampreview\n|\n|t:|1698540475\n|start\n|switch|p1a: Tuxedo|Empoleon, F|100\/100\n|switch|p2a: Pelipper|Pelipper, M|100\/100\n|-weather|RainDance|[from] ability: Drizzle|[of] p2a: Pelipper\n|-item|p1a: Tuxedo|Air Balloon\n|turn|1\n|inactive|Battle timer is ON: inactive players will automatically lose when time's up. (requested by Einzbern640)\n|\n|t:|1698540483\n|move|p2a: Pelipper|Hurricane|p1a: Tuxedo\n|-resisted|p1a: Tuxedo\n|-damage|p1a: Tuxedo|82\/100\n|-enditem|p1a: Tuxedo|Air Balloon\n|move|p1a: Tuxedo|Stealth Rock|p2a: Pelipper\n|-sidestart|p2: pandigaymer|move: Stealth Rock\n|\n|-weather|RainDance|[upkeep]\n|upkeep\n|turn|2\n|\n|t:|1698540490\n|move|p2a: Pelipper|Hurricane|p1a: Tuxedo\n|-resisted|p1a: Tuxedo\n|-damage|p1a: Tuxedo|64\/100\n|move|p1a: Tuxedo|Knock Off|p2a: Pelipper\n|-damage|p2a: Pelipper|81\/100\n|-enditem|p2a: Pelipper|Eject Button|[from] move: Knock Off|[of] p1a: Tuxedo\n|\n|-weather|RainDance|[upkeep]\n|upkeep\n|turn|3\n|\n|t:|1698540498\n|switch|p2a: Poliwrath|Poliwrath, M|100\/100\n|-damage|p2a: Poliwrath|94\/100|[from] Stealth Rock\n|move|p1a: Tuxedo|Roar|p2a: Poliwrath\n|drag|p2a: Zacian|Zacian-Crowned|100\/100\n|-damage|p2a: Zacian|94\/100|[from] Stealth Rock\n|-ability|p2a: Zacian|Intrepid Sword|boost\n|-boost|p2a: Zacian|atk|1\n|\n|-weather|RainDance|[upkeep]\n|upkeep\n|turn|4\n|\n|t:|1698540509\n|move|p2a: Zacian|Trailblaze|p1a: Tuxedo\n|-damage|p1a: Tuxedo|42\/100\n|-boost|p2a: Zacian|spe|1\n|move|p1a: Tuxedo|Roar|p2a: Zacian\n|drag|p2a: Zacian|Zacian-Crowned|100\/100\n|-damage|p2a: Zacian|94\/100|[from] Stealth Rock\n|-ability|p2a: Zacian|Intrepid Sword|boost\n|-boost|p2a: Zacian|atk|1\n|\n|-weather|RainDance|[upkeep]\n|upkeep\n|turn|5\n|\n|t:|1698540519\n|move|p1a: Tuxedo|Aqua Jet|p2a: Zacian\n|-damage|p2a: Zacian|76\/100\n|move|p2a: Zacian|Sacred Sword|p1a: Tuxedo\n|-supereffective|p1a: Tuxedo\n|-damage|p1a: Tuxedo|0 fnt\n|faint|p1a: Tuxedo\n|\n|-weather|none\n|upkeep\n|\n|t:|1698540536\n|switch|p1a: Empress|Empoleon, F|100\/100\n|turn|6\n|\n|t:|1698540541\n|-terastallize|p1a: Empress|Fairy\n|move|p2a: Zacian|Sacred Sword|p1a: Empress\n|-resisted|p1a: Empress\n|-damage|p1a: Empress|80\/100\n|move|p1a: Empress|Substitute|p1a: Empress\n|-start|p1a: Empress|Substitute\n|-damage|p1a: Empress|55\/100\n|\n|-heal|p1a: Empress|61\/100|[from] item: Leftovers\n|upkeep\n|turn|7\n|\n|t:|1698540550\n|move|p2a: Zacian|Behemoth Blade|p1a: Empress\n|-supereffective|p1a: Empress\n|-end|p1a: Empress|Substitute\n|move|p1a: Empress|Roar|p2a: Zacian\n|drag|p2a: Wo-Chien|Wo-Chien|100\/100\n|-damage|p2a: Wo-Chien|88\/100|[from] Stealth Rock\n|-ability|p2a: Wo-Chien|Tablets of Ruin\n|\n|-heal|p2a: Wo-Chien|94\/100|[from] item: Leftovers\n|-heal|p1a: Empress|67\/100|[from] item: Leftovers\n|upkeep\n|turn|8\n|\n|t:|1698540567\n|move|p2a: Wo-Chien|Ingrain|p2a: Wo-Chien\n|-start|p2a: Wo-Chien|move: Ingrain\n|move|p1a: Empress|Roost|p1a: Empress\n|-heal|p1a: Empress|100\/100\n|\n|-heal|p2a: Wo-Chien|100\/100|[from] item: Leftovers\n|upkeep\n|turn|9\n|\n|t:|1698540575\n|move|p2a: Wo-Chien|Seed Bomb|p1a: Empress\n|-damage|p1a: Empress|70\/100\n|move|p1a: Empress|Substitute|p1a: Empress\n|-start|p1a: Empress|Substitute\n|-damage|p1a: Empress|46\/100\n|\n|-heal|p1a: Empress|52\/100|[from] item: Leftovers\n|upkeep\n|turn|10\n|\n|t:|1698540584\n|move|p2a: Wo-Chien|Seed Bomb|p1a: Empress\n|-end|p1a: Empress|Substitute\n|move|p1a: Empress|Roar|p2a: Wo-Chien\n|-activate|p2a: Wo-Chien|move: Ingrain\n|\n|-heal|p1a: Empress|58\/100|[from] item: Leftovers\n|upkeep\n|turn|11\n|\n|t:|1698540594\n|switch|p1a: Winter|Empoleon, F, shiny|100\/100\n|move|p2a: Wo-Chien|Seed Bomb|p1a: Winter\n|-damage|p1a: Winter|63\/100\n|\n|upkeep\n|turn|12\n|\n|t:|1698540601\n|move|p2a: Wo-Chien|Seed Bomb|p1a: Winter\n|-damage|p1a: Winter|26\/100\n|move|p1a: Winter|Snowscape|p1a: Winter\n|-weather|Snow\n|\n|-weather|Snow|[upkeep]\n|upkeep\n|turn|13\n|\n|t:|1698540607\n|move|p2a: Wo-Chien|Seed Bomb|p1a: Winter\n|-damage|p1a: Winter|0 fnt\n|faint|p1a: Winter\n|\n|-weather|Snow|[upkeep]\n|upkeep\n|\n|t:|1698540620\n|switch|p1a: Emperor|Empoleon, M, shiny|100\/100\n|turn|14\n|\n|t:|1698540623\n|move|p1a: Emperor|Vacuum Wave|p2a: Wo-Chien\n|-supereffective|p2a: Wo-Chien\n|-damage|p2a: Wo-Chien|75\/100\n|move|p2a: Wo-Chien|Seed Bomb|p1a: Emperor\n|-damage|p1a: Emperor|56\/100\n|\n|-weather|Snow|[upkeep]\n|-heal|p2a: Wo-Chien|81\/100|[from] item: Leftovers\n|-heal|p2a: Wo-Chien|87\/100|[from] Ingrain\n|upkeep\n|turn|15\n|\n|t:|1698540632\n|move|p1a: Emperor|Vacuum Wave|p2a: Wo-Chien\n|-supereffective|p2a: Wo-Chien\n|-damage|p2a: Wo-Chien|61\/100\n|move|p2a: Wo-Chien|Seed Bomb|p1a: Emperor\n|-damage|p1a: Emperor|12\/100\n|\n|-weather|Snow|[upkeep]\n|-heal|p2a: Wo-Chien|68\/100|[from] item: Leftovers\n|-heal|p2a: Wo-Chien|74\/100|[from] Ingrain\n|upkeep\n|turn|16\n|\n|t:|1698540640\n|move|p1a: Emperor|Vacuum Wave|p2a: Wo-Chien\n|-supereffective|p2a: Wo-Chien\n|-damage|p2a: Wo-Chien|46\/100\n|move|p2a: Wo-Chien|Seed Bomb|p1a: Emperor\n|-damage|p1a: Emperor|0 fnt\n|faint|p1a: Emperor\n|\n|-weather|none\n|-heal|p2a: Wo-Chien|53\/100|[from] item: Leftovers\n|-heal|p2a: Wo-Chien|59\/100|[from] Ingrain\n|upkeep\n|\n|t:|1698540655\n|switch|p1a: Poseidon|Empoleon, M|100\/100\n|turn|17\n|\n|t:|1698540665\n|move|p1a: Poseidon|Yawn|p2a: Wo-Chien\n|-start|p2a: Wo-Chien|move: Yawn|[of] p1a: Poseidon\n|move|p2a: Wo-Chien|Zen Headbutt|p1a: Poseidon\n|-resisted|p1a: Poseidon\n|-damage|p1a: Poseidon|90\/100\n|\n|-heal|p2a: Wo-Chien|65\/100|[from] item: Leftovers\n|-heal|p2a: Wo-Chien|71\/100|[from] Ingrain\n|upkeep\n|turn|18\n|\n|t:|1698540680\n|move|p1a: Poseidon|Rain Dance|p1a: Poseidon\n|-weather|RainDance\n|move|p2a: Wo-Chien|Seed Bomb|p1a: Poseidon\n|-damage|p1a: Poseidon|56\/100\n|\n|-weather|RainDance|[upkeep]\n|-heal|p2a: Wo-Chien|77\/100|[from] item: Leftovers\n|-heal|p2a: Wo-Chien|83\/100|[from] Ingrain\n|-end|p2a: Wo-Chien|move: Yawn|[silent]\n|-status|p2a: Wo-Chien|slp\n|upkeep\n|turn|19\n|\n|t:|1698540699\n|move|p1a: Poseidon|Surf|p2a: Wo-Chien\n|-resisted|p2a: Wo-Chien\n|-damage|p2a: Wo-Chien|64\/100 slp\n|cant|p2a: Wo-Chien|slp\n|\n|-weather|RainDance|[upkeep]\n|-heal|p2a: Wo-Chien|71\/100 slp|[from] item: Leftovers\n|-heal|p2a: Wo-Chien|77\/100 slp|[from] Ingrain\n|upkeep\n|turn|20\n|inactive|pandigaymer has 120 seconds left.\n|\n|t:|1698540743\n|move|p1a: Poseidon|Surf|p2a: Wo-Chien\n|-resisted|p2a: Wo-Chien\n|-damage|p2a: Wo-Chien|58\/100 slp\n|cant|p2a: Wo-Chien|slp\n|\n|-weather|RainDance|[upkeep]\n|-heal|p2a: Wo-Chien|64\/100 slp|[from] item: Leftovers\n|-heal|p2a: Wo-Chien|70\/100 slp|[from] Ingrain\n|upkeep\n|turn|21\n|\n|t:|1698540752\n|move|p1a: Poseidon|Surf|p2a: Wo-Chien\n|-resisted|p2a: Wo-Chien\n|-damage|p2a: Wo-Chien|54\/100 slp\n|cant|p2a: Wo-Chien|slp\n|\n|-weather|RainDance|[upkeep]\n|-heal|p2a: Wo-Chien|60\/100 slp|[from] item: Leftovers\n|-heal|p2a: Wo-Chien|66\/100 slp|[from] Ingrain\n|upkeep\n|turn|22\n|inactive|pandigaymer has 120 seconds left.\n|\n|t:|1698540766\n|move|p1a: Poseidon|Surf|p2a: Wo-Chien\n|-resisted|p2a: Wo-Chien\n|-damage|p2a: Wo-Chien|48\/100 slp\n|-curestatus|p2a: Wo-Chien|slp|[msg]\n|move|p2a: Wo-Chien|Seed Bomb|p1a: Poseidon\n|-damage|p1a: Poseidon|27\/100\n|\n|-weather|RainDance|[upkeep]\n|-heal|p2a: Wo-Chien|54\/100|[from] item: Leftovers\n|-heal|p2a: Wo-Chien|60\/100|[from] Ingrain\n|upkeep\n|turn|23\n|inactive|pandigaymer has 120 seconds left.\n|\n|t:|1698540776\n|move|p1a: Poseidon|Yawn|p2a: Wo-Chien\n|-start|p2a: Wo-Chien|move: Yawn|[of] p1a: Poseidon\n|move|p2a: Wo-Chien|Seed Bomb|p1a: Poseidon\n|-damage|p1a: Poseidon|0 fnt\n|faint|p1a: Poseidon\n|\n|-weather|RainDance|[upkeep]\n|-heal|p2a: Wo-Chien|66\/100|[from] item: Leftovers\n|-heal|p2a: Wo-Chien|72\/100|[from] Ingrain\n|upkeep\n|\n|t:|1698540788\n|switch|p1a: Napoleon|Empoleon, M|100\/100\n|turn|24\n|inactive|pandigaymer has 120 seconds left.\n|\n|t:|1698540827\n|move|p1a: Napoleon|Metal Claw|p2a: Wo-Chien\n|-damage|p2a: Wo-Chien|54\/100\n|-damage|p1a: Napoleon|90\/100|[from] item: Life Orb\n|move|p2a: Wo-Chien|Seed Bomb|p1a: Napoleon\n|-damage|p1a: Napoleon|47\/100\n|\n|-weather|RainDance|[upkeep]\n|-heal|p2a: Wo-Chien|60\/100|[from] item: Leftovers\n|-heal|p2a: Wo-Chien|66\/100|[from] Ingrain\n|-end|p2a: Wo-Chien|move: Yawn|[silent]\n|-status|p2a: Wo-Chien|slp\n|upkeep\n|turn|25\n|inactive|pandigaymer has 90 seconds left.\n|\n|t:|1698540870\n|move|p1a: Napoleon|Metal Claw|p2a: Wo-Chien\n|-damage|p2a: Wo-Chien|49\/100 slp\n|-damage|p1a: Napoleon|37\/100|[from] item: Life Orb\n|cant|p2a: Wo-Chien|slp\n|\n|-weather|none\n|-heal|p2a: Wo-Chien|55\/100 slp|[from] item: Leftovers\n|-heal|p2a: Wo-Chien|61\/100 slp|[from] Ingrain\n|upkeep\n|turn|26\n|\n|t:|1698540882\n|move|p1a: Napoleon|Metal Claw|p2a: Wo-Chien\n|-damage|p2a: Wo-Chien|42\/100 slp\n|-damage|p1a: Napoleon|27\/100|[from] item: Life Orb\n|cant|p2a: Wo-Chien|slp\n|\n|-heal|p2a: Wo-Chien|49\/100 slp|[from] item: Leftovers\n|-heal|p2a: Wo-Chien|55\/100 slp|[from] Ingrain\n|upkeep\n|turn|27\n|inactive|pandigaymer has 60 seconds left.\n|inactive|pandigaymer has 30 seconds left.\n|\n|t:|1698540944\n|move|p1a: Napoleon|Metal Claw|p2a: Wo-Chien\n|-damage|p2a: Wo-Chien|38\/100 slp\n|-damage|p1a: Napoleon|17\/100|[from] item: Life Orb\n|cant|p2a: Wo-Chien|slp\n|\n|-heal|p2a: Wo-Chien|44\/100 slp|[from] item: Leftovers\n|-heal|p2a: Wo-Chien|50\/100 slp|[from] Ingrain\n|upkeep\n|turn|28\n|inactive|pandigaymer has 30 seconds left.\n|inactive|pandigaymer has 20 seconds left.\n|inactive|pandigaymer has 15 seconds left.\n|\n|t:|1698540966\n|move|p1a: Napoleon|Liquidation|p2a: Wo-Chien\n|-resisted|p2a: Wo-Chien\n|-damage|p2a: Wo-Chien|26\/100 slp\n|-unboost|p2a: Wo-Chien|def|1\n|-damage|p1a: Napoleon|7\/100|[from] item: Life Orb\n|-curestatus|p2a: Wo-Chien|slp|[msg]\n|move|p2a: Wo-Chien|Ingrain||[still]\n|-fail|p2a: Wo-Chien\n|\n|-heal|p2a: Wo-Chien|33\/100|[from] item: Leftovers\n|-heal|p2a: Wo-Chien|39\/100|[from] Ingrain\n|upkeep\n|turn|29\n|inactive|pandigaymer has 25 seconds left this turn.\n|inactive|pandigaymer has 20 seconds left.\n|inactive|pandigaymer has 15 seconds left.\n|\n|t:|1698540980\n|move|p1a: Napoleon|Liquidation|p2a: Wo-Chien\n|-resisted|p2a: Wo-Chien\n|-damage|p2a: Wo-Chien|4\/100\n|-damage|p1a: Napoleon|0 fnt|[from] item: Life Orb\n|faint|p1a: Napoleon\n|move|p2a: Wo-Chien|Seed Bomb|p1: Napoleon|[notarget]\n|-fail|p2a: Wo-Chien\n|\n|-heal|p2a: Wo-Chien|10\/100|[from] item: Leftovers\n|-heal|p2a: Wo-Chien|16\/100|[from] Ingrain\n|upkeep\n|inactive|pandigaymer has 20 seconds left this turn.\n|\n|t:|1698540986\n|switch|p1a: Empress|Empoleon, F, tera:Fairy|58\/100\n|turn|30\n|inactive|pandigaymer has 30 seconds left this turn.\n|\n|t:|1698540992\n|move|p2a: Wo-Chien|Knock Off|p1a: Empress\n|-resisted|p1a: Empress\n|-damage|p1a: Empress|40\/100\n|-enditem|p1a: Empress|Leftovers|[from] move: Knock Off|[of] p2a: Wo-Chien\n|move|p1a: Empress|Roost|p1a: Empress\n|-heal|p1a: Empress|90\/100\n|\n|-heal|p2a: Wo-Chien|22\/100|[from] item: Leftovers\n|-heal|p2a: Wo-Chien|29\/100|[from] Ingrain\n|upkeep\n|turn|31\n|inactive|pandigaymer has 30 seconds left.\n|\n|t:|1698541003\n|move|p1a: Empress|Protect|p1a: Empress\n|-singleturn|p1a: Empress|Protect\n|move|p2a: Wo-Chien|Seed Bomb|p1a: Empress\n|-activate|p1a: Empress|move: Protect\n|\n|-heal|p2a: Wo-Chien|35\/100|[from] item: Leftovers\n|-heal|p2a: Wo-Chien|41\/100|[from] Ingrain\n|upkeep\n|turn|32\n|inactive|pandigaymer has 30 seconds left.\n|\n|t:|1698541010\n|move|p2a: Wo-Chien|Seed Bomb|p1a: Empress\n|-damage|p1a: Empress|59\/100\n|move|p1a: Empress|Roar|p2a: Wo-Chien\n|-activate|p2a: Wo-Chien|move: Ingrain\n|\n|-heal|p2a: Wo-Chien|47\/100|[from] item: Leftovers\n|-heal|p2a: Wo-Chien|53\/100|[from] Ingrain\n|upkeep\n|turn|33\n|\n|t:|1698541019\n|move|p2a: Wo-Chien|Seed Bomb|p1a: Empress\n|-damage|p1a: Empress|29\/100\n|move|p1a: Empress|Roost|p1a: Empress\n|-heal|p1a: Empress|79\/100\n|\n|-heal|p2a: Wo-Chien|59\/100|[from] item: Leftovers\n|-heal|p2a: Wo-Chien|65\/100|[from] Ingrain\n|upkeep\n|turn|34\n|inactive|pandigaymer has 30 seconds left.\n|\n|t:|1698541042\n|move|p2a: Wo-Chien|Ingrain||[still]\n|-fail|p2a: Wo-Chien\n|move|p1a: Empress|Roar|p2a: Wo-Chien\n|-activate|p2a: Wo-Chien|move: Ingrain\n|\n|-heal|p2a: Wo-Chien|72\/100|[from] item: Leftovers\n|-heal|p2a: Wo-Chien|78\/100|[from] Ingrain\n|upkeep\n|turn|35\n|inactive|pandigaymer has 30 seconds left.\n|inactive|pandigaymer has 20 seconds left.\n|inactive|pandigaymer has 15 seconds left.\n|inactive|pandigaymer has 10 seconds left.\n|\n|t:|1698541071\n|move|p1a: Empress|Protect|p1a: Empress\n|-singleturn|p1a: Empress|Protect\n|move|p2a: Wo-Chien|Seed Bomb|p1a: Empress\n|-activate|p1a: Empress|move: Protect\n|\n|-heal|p2a: Wo-Chien|84\/100|[from] item: Leftovers\n|-heal|p2a: Wo-Chien|90\/100|[from] Ingrain\n|upkeep\n|turn|36\n|inactive|pandigaymer has 20 seconds left this turn.\n|inactive|pandigaymer has 15 seconds left.\n|inactive|pandigaymer has 10 seconds left.\n|\n|t:|1698541084\n|move|p2a: Wo-Chien|Ingrain||[still]\n|-fail|p2a: Wo-Chien\n|move|p1a: Empress|Roost|p1a: Empress\n|-heal|p1a: Empress|100\/100\n|\n|-heal|p2a: Wo-Chien|96\/100|[from] item: Leftovers\n|-heal|p2a: Wo-Chien|100\/100|[from] Ingrain\n|upkeep\n|turn|37\n|inactive|pandigaymer has 20 seconds left this turn.\n|inactive|pandigaymer has 15 seconds left.\n|\n|t:|1698541092\n|move|p1a: Empress|Protect|p1a: Empress\n|-singleturn|p1a: Empress|Protect\n|move|p2a: Wo-Chien|Seed Bomb|p1a: Empress\n|-activate|p1a: Empress|move: Protect\n|\n|upkeep\n|turn|38\n|inactive|pandigaymer has 25 seconds left this turn.\n|\n|t:|1698541099\n|move|p2a: Wo-Chien|Seed Bomb|p1a: Empress\n|-damage|p1a: Empress|69\/100\n|move|p1a: Empress|Substitute|p1a: Empress\n|-start|p1a: Empress|Substitute\n|-damage|p1a: Empress|44\/100\n|\n|upkeep\n|turn|39\n|c|\u2606pandigaymer|piece of shit\n|inactive|pandigaymer has 30 seconds left.\n|\n|t:|1698541105\n|move|p2a: Wo-Chien|Seed Bomb|p1a: Empress\n|-end|p1a: Empress|Substitute\n|move|p1a: Empress|Roost|p1a: Empress\n|-heal|p1a: Empress|94\/100\n|\n|upkeep\n|turn|40\n|\n|t:|1698541111\n|move|p2a: Wo-Chien|Seed Bomb|p1a: Empress\n|-damage|p1a: Empress|64\/100\n|move|p1a: Empress|Roost|p1a: Empress\n|-heal|p1a: Empress|100\/100\n|\n|upkeep\n|turn|41\n|\n|t:|1698541117\n|move|p1a: Empress|Protect|p1a: Empress\n|-singleturn|p1a: Empress|Protect\n|move|p2a: Wo-Chien|Seed Bomb|p1a: Empress\n|-activate|p1a: Empress|move: Protect\n|\n|upkeep\n|turn|42\n|\n|t:|1698541127\n|move|p2a: Wo-Chien|Seed Bomb|p1a: Empress\n|-damage|p1a: Empress|71\/100\n|move|p1a: Empress|Substitute|p1a: Empress\n|-start|p1a: Empress|Substitute\n|-damage|p1a: Empress|47\/100\n|\n|upkeep\n|turn|43\n|\n|t:|1698541133\n|move|p2a: Wo-Chien|Seed Bomb|p1a: Empress\n|-end|p1a: Empress|Substitute\n|move|p1a: Empress|Roost|p1a: Empress\n|-heal|p1a: Empress|97\/100\n|\n|upkeep\n|turn|44\n|\n|t:|1698541139\n|move|p1a: Empress|Protect|p1a: Empress\n|-singleturn|p1a: Empress|Protect\n|move|p2a: Wo-Chien|Knock Off|p1a: Empress\n|-activate|p1a: Empress|move: Protect\n|\n|upkeep\n|turn|45\n|inactive|pandigaymer has 60 seconds left.\n|\n|t:|1698541145\n|move|p2a: Wo-Chien|Knock Off|p1a: Empress\n|-resisted|p1a: Empress\n|-damage|p1a: Empress|84\/100\n|move|p1a: Empress|Substitute|p1a: Empress\n|-start|p1a: Empress|Substitute\n|-damage|p1a: Empress|59\/100\n|\n|upkeep\n|turn|46\n|\n|t:|1698541152\n|move|p2a: Wo-Chien|Knock Off|p1a: Empress\n|-resisted|p1a: Empress\n|-activate|p1a: Empress|move: Substitute|[damage]\n|move|p1a: Empress|Roost|p1a: Empress\n|-heal|p1a: Empress|100\/100\n|\n|upkeep\n|turn|47\n|\n|t:|1698541162\n|move|p2a: Wo-Chien|Ingrain||[still]\n|-fail|p2a: Wo-Chien\n|move|p1a: Empress|Roar|p2a: Wo-Chien\n|-activate|p2a: Wo-Chien|move: Ingrain\n|\n|upkeep\n|turn|48\n|\n|t:|1698541167\n|move|p2a: Wo-Chien|Zen Headbutt|p1a: Empress\n|-end|p1a: Empress|Substitute\n|move|p1a: Empress|Roar|p2a: Wo-Chien\n|-activate|p2a: Wo-Chien|move: Ingrain\n|\n|upkeep\n|turn|49\n|\n|t:|1698541174\n|move|p1a: Empress|Protect|p1a: Empress\n|-singleturn|p1a: Empress|Protect\n|move|p2a: Wo-Chien|Zen Headbutt|p1a: Empress\n|-activate|p1a: Empress|move: Protect\n|\n|upkeep\n|turn|50\n|\n|t:|1698541183\n|move|p2a: Wo-Chien|Zen Headbutt|p1a: Empress\n|-damage|p1a: Empress|80\/100\n|move|p1a: Empress|Roar|p2a: Wo-Chien\n|-activate|p2a: Wo-Chien|move: Ingrain\n|\n|upkeep\n|turn|51\n|\n|t:|1698541193\n|move|p1a: Empress|Protect|p1a: Empress\n|-singleturn|p1a: Empress|Protect\n|move|p2a: Wo-Chien|Zen Headbutt|p1a: Empress\n|-activate|p1a: Empress|move: Protect\n|\n|upkeep\n|turn|52\n|\n|t:|1698541200\n|move|p2a: Wo-Chien|Zen Headbutt|p1a: Empress\n|-damage|p1a: Empress|59\/100\n|cant|p1a: Empress|flinch\n|\n|upkeep\n|turn|53\n|\n|t:|1698541210\n|move|p1a: Empress|Protect|p1a: Empress\n|-singleturn|p1a: Empress|Protect\n|move|p2a: Wo-Chien|Zen Headbutt|p1a: Empress\n|-activate|p1a: Empress|move: Protect\n|\n|upkeep\n|turn|54\n|inactive|pandigaymer has 120 seconds left.\n|\n|t:|1698541219\n|move|p2a: Wo-Chien|Ingrain||[still]\n|-fail|p2a: Wo-Chien\n|move|p1a: Empress|Roar|p2a: Wo-Chien\n|-activate|p2a: Wo-Chien|move: Ingrain\n|\n|upkeep\n|turn|55\n|\n|t:|1698541227\n|move|p1a: Empress|Protect|p1a: Empress\n|-singleturn|p1a: Empress|Protect\n|move|p2a: Wo-Chien|Zen Headbutt|p1a: Empress\n|-activate|p1a: Empress|move: Protect\n|\n|upkeep\n|turn|56\n|inactive|pandigaymer has 120 seconds left.\n|\n|t:|1698541252\n|move|p2a: Wo-Chien|Knock Off|p1a: Empress\n|-resisted|p1a: Empress\n|-damage|p1a: Empress|46\/100\n|move|p1a: Empress|Roar|p2a: Wo-Chien\n|-activate|p2a: Wo-Chien|move: Ingrain\n|\n|upkeep\n|turn|57\n|\n|t:|1698541262\n|move|p1a: Empress|Protect|p1a: Empress\n|-singleturn|p1a: Empress|Protect\n|move|p2a: Wo-Chien|Zen Headbutt|p1a: Empress\n|-activate|p1a: Empress|move: Protect\n|\n|upkeep\n|turn|58\n|inactive|pandigaymer has 120 seconds left.\n|\n|t:|1698541290\n|move|p1a: Empress|Protect||[still]\n|-fail|p1a: Empress\n|move|p2a: Wo-Chien|Knock Off|p1a: Empress\n|-resisted|p1a: Empress\n|-damage|p1a: Empress|34\/100\n|\n|upkeep\n|turn|59\n|\n|t:|1698541296\n|move|p1a: Empress|Protect|p1a: Empress\n|-singleturn|p1a: Empress|Protect\n|move|p2a: Wo-Chien|Zen Headbutt|p1a: Empress\n|-activate|p1a: Empress|move: Protect\n|\n|upkeep\n|turn|60\n|\n|t:|1698541302\n|move|p1a: Empress|Protect||[still]\n|-fail|p1a: Empress\n|move|p2a: Wo-Chien|Zen Headbutt|p1a: Empress\n|-damage|p1a: Empress|13\/100\n|\n|upkeep\n|turn|61\n|\n|t:|1698541307\n|move|p1a: Empress|Protect|p1a: Empress\n|-singleturn|p1a: Empress|Protect\n|move|p2a: Wo-Chien|Zen Headbutt|p1a: Empress\n|-activate|p1a: Empress|move: Protect\n|\n|upkeep\n|turn|62\n|inactive|pandigaymer has 120 seconds left.\n|\n|t:|1698541326\n|move|p1a: Empress|Protect||[still]\n|-fail|p1a: Empress\n|move|p2a: Wo-Chien|Zen Headbutt|p1a: Empress\n|-damage|p1a: Empress|0 fnt\n|faint|p1a: Empress\n|\n|win|pandigaymer\n|raw|Einzbern640's rating: 1111 &rarr; <strong>1086<\/strong><br \/>(-25 for losing)\n|raw|pandigaymer's rating: 1112 &rarr; <strong>1137<\/strong><br \/>(+25 for winning)\n","uploadtime":1698541102,"views":6,"p1id":"einzbern640","p2id":"pandigaymer","formatid":"gen9anythinggoes","rating":1086,"private":0,"password":""}