{"id":"gen9anythinggoes-1997825308","p1":"Guest 3107088","p2":"zmhorange1","format":"[Gen 9] Anything Goes","log":"|j|\u203dGuest 3107088\n|j|\u2606zmhorange1\n|t:|1700856770\n|gametype|singles\n|player|p1|Guest 3107088|266|1234\n|player|p2|zmhorange1|steven|1409\n|teamsize|p1|6\n|teamsize|p2|6\n|gen|9\n|tier|[Gen 9] Anything Goes\n|rated|\n|rule|HP Percentage Mod: HP is shown in percentages\n|rule|Endless Battle Clause: Forcing endless battles is banned\n|clearpoke\n|poke|p1|Annihilape, M|\n|poke|p1|Annihilape, M|\n|poke|p1|Kingambit, F|\n|poke|p1|Annihilape, F|\n|poke|p1|Annihilape, M|\n|poke|p1|Calyrex-Shadow|\n|poke|p2|Garganacl, F|\n|poke|p2|Kingambit, F|\n|poke|p2|Decidueye-Hisui, M|\n|poke|p2|Calyrex-Shadow|\n|poke|p2|Roaring Moon|\n|poke|p2|Miraidon|\n|teampreview\n|\n|t:|1700856777\n|start\n|switch|p1a: Annihilape|Annihilape, F|100\/100\n|switch|p2a: Calyrex|Calyrex-Shadow|100\/100\n|-ability|p2a: Calyrex|As One\n|-ability|p2a: Calyrex|Unnerve\n|turn|1\n|inactive|Battle timer is ON: inactive players will automatically lose when time's up. (requested by zmhorange1)\n|\n|t:|1700856786\n|move|p2a: Calyrex|Astral Barrage|p1a: Annihilape\n|-supereffective|p1a: Annihilape\n|-enditem|p1a: Annihilape|Focus Sash\n|-damage|p1a: Annihilape|1\/100\n|move|p1a: Annihilape|Rage Fist|p2a: Calyrex\n|-supereffective|p2a: Calyrex\n|-enditem|p2a: Calyrex|Focus Sash\n|-damage|p2a: Calyrex|1\/100\n|\n|upkeep\n|turn|2\n|\n|t:|1700856797\n|move|p2a: Calyrex|Astral Barrage|p1a: Annihilape\n|-supereffective|p1a: Annihilape\n|-damage|p1a: Annihilape|0 fnt\n|faint|p1a: Annihilape\n|-ability|p2a: Calyrex|Grim Neigh|boost\n|-boost|p2a: Calyrex|spa|1\n|\n|upkeep\n|\n|t:|1700856823\n|switch|p1a: Annihilape|Annihilape, M|100\/100\n|turn|3\n|\n|t:|1700856828\n|move|p1a: Annihilape|U-turn|p2a: Calyrex\n|-damage|p2a: Calyrex|0 fnt\n|faint|p2a: Calyrex\n|\n|t:|1700856838\n|switch|p1a: Annihilape|Annihilape, M|100\/100|[from] U-turn\n|\n|upkeep\n|\n|t:|1700856846\n|switch|p2a: Garganacl|Garganacl, F, shiny|100\/100\n|turn|4\n|\n|t:|1700856870\n|move|p1a: Annihilape|Final Gambit|p2a: Garganacl\n|-damage|p2a: Garganacl|0 fnt\n|faint|p1a: Annihilape\n|faint|p2a: Garganacl\n|\n|upkeep\n|\n|t:|1700856885\n|switch|p1a: Annihilape|Annihilape, M|100\/100\n|switch|p2a: Decidueye|Decidueye-Hisui, M, shiny|100\/100\n|turn|5\n|-activate|p2a: Decidueye|item: Quick Claw\n|\n|t:|1700856889\n|move|p2a: Decidueye|Triple Arrows|p1a: Annihilape\n|-damage|p1a: Annihilape|57\/100\n|cant|p1a: Annihilape|flinch\n|\n|upkeep\n|turn|6\n|\n|t:|1700856895\n|move|p1a: Annihilape|Rage Fist|p2a: Decidueye\n|-damage|p2a: Decidueye|46\/100\n|move|p2a: Decidueye|Triple Arrows|p1a: Annihilape\n|-damage|p1a: Annihilape|14\/100\n|\n|upkeep\n|turn|7\n|\n|t:|1700856901\n|move|p1a: Annihilape|Rage Fist|p2a: Decidueye\n|-damage|p2a: Decidueye|0 fnt\n|faint|p2a: Decidueye\n|\n|upkeep\n|\n|t:|1700856906\n|switch|p2a: Kingambit|Kingambit, F, shiny|100\/100\n|-activate|p2a: Kingambit|ability: Supreme Overlord\n|-start|p2a: Kingambit|fallen3|[silent]\n|turn|8\n|inactive|Guest 3107088 has 120 seconds left.\n|\n|t:|1700856954\n|move|p2a: Kingambit|Sucker Punch|p1a: Annihilape\n|-damage|p1a: Annihilape|0 fnt\n|faint|p1a: Annihilape\n|-damage|p2a: Kingambit|91\/100|[from] item: Life Orb\n|\n|upkeep\n|\n|t:|1700856956\n|switch|p1a: Annihilape|Annihilape, M|100\/100\n|turn|9\n|\n|t:|1700856961\n|-end|p2a: Kingambit|fallen3|[silent]\n|switch|p2a: Miraidon|Miraidon|100\/100\n|-fieldstart|move: Electric Terrain|[from] ability: Hadron Engine|[of] p2a: Miraidon\n|-enditem|p2a: Miraidon|Electric Seed\n|-boost|p2a: Miraidon|def|1|[from] item: Electric Seed\n|move|p1a: Annihilape|Close Combat|p2a: Miraidon\n|-damage|p2a: Miraidon|70\/100\n|-unboost|p1a: Annihilape|def|1\n|-unboost|p1a: Annihilape|spd|1\n|\n|upkeep\n|turn|10\n|inactive|Guest 3107088 has 120 seconds left.\n|\n|t:|1700856981\n|move|p1a: Annihilape|Close Combat|p2a: Miraidon\n|-damage|p2a: Miraidon|38\/100\n|-unboost|p1a: Annihilape|def|1\n|-unboost|p1a: Annihilape|spd|1\n|move|p2a: Miraidon|Thunderbolt|p1a: Annihilape\n|-damage|p1a: Annihilape|0 fnt\n|faint|p1a: Annihilape\n|\n|upkeep\n|\n|t:|1700856988\n|switch|p1a: Calyrex|Calyrex-Shadow|100\/100\n|-ability|p1a: Calyrex|As One\n|-ability|p1a: Calyrex|Unnerve\n|turn|11\n|inactive|Guest 3107088 has 120 seconds left.\n|\n|t:|1700857003\n|move|p1a: Calyrex|Astral Barrage|p2a: Miraidon\n|-damage|p2a: Miraidon|0 fnt\n|faint|p2a: Miraidon\n|-ability|p1a: Calyrex|Grim Neigh|boost\n|-boost|p1a: Calyrex|spa|1\n|\n|upkeep\n|\n|t:|1700857011\n|switch|p2a: Kingambit|Kingambit, F, shiny|91\/100\n|-activate|p2a: Kingambit|ability: Supreme Overlord\n|-start|p2a: Kingambit|fallen4|[silent]\n|turn|12\n|inactive|Guest 3107088 has 120 seconds left.\n|\n|t:|1700857028\n|-terastallize|p1a: Calyrex|Fighting\n|move|p2a: Kingambit|Sucker Punch|p1a: Calyrex\n|-resisted|p1a: Calyrex\n|-damage|p1a: Calyrex|59\/100\n|-damage|p2a: Kingambit|81\/100|[from] item: Life Orb\n|move|p1a: Calyrex|Tera Blast|p2a: Kingambit|[anim] Tera Blast Fighting\n|-supereffective|p2a: Kingambit\n|-damage|p2a: Kingambit|0 fnt\n|faint|p2a: Kingambit\n|-end|p2a: Kingambit|fallen4|[silent]\n|-ability|p1a: Calyrex|Grim Neigh|boost\n|-boost|p1a: Calyrex|spa|1\n|\n|upkeep\n|\n|t:|1700857039\n|switch|p2a: Roaring Moon|Roaring Moon, shiny|100\/100\n|-enditem|p2a: Roaring Moon|Booster Energy\n|-activate|p2a: Roaring Moon|ability: Protosynthesis|[fromitem]\n|-start|p2a: Roaring Moon|protosynthesisatk\n|turn|13\n|\n|t:|1700857050\n|-terastallize|p2a: Roaring Moon|Steel\n|move|p1a: Calyrex|Tera Blast|p2a: Roaring Moon|[anim] Tera Blast Fighting\n|-supereffective|p2a: Roaring Moon\n|-damage|p2a: Roaring Moon|0 fnt\n|faint|p2a: Roaring Moon\n|-end|p2a: Roaring Moon|Protosynthesis|[silent]\n|\n|win|Guest 3107088\n|raw|Guest 3107088's rating: 1214 &rarr; <strong>1252<\/strong><br \/>(+38 for winning)\n|raw|zmhorange1's rating: 1409 &rarr; <strong>1379<\/strong><br \/>(-30 for losing)\n|l|\u2606zmhorange1\n","uploadtime":1700857061,"views":0,"p1id":"guest3107088","p2id":"zmhorange1","formatid":"gen9anythinggoes","rating":1252,"private":0,"password":""}