{"id":"gen9anythinggoes-1982558378","p1":"DinkyCat","p2":"hoenn militian","format":"[Gen 9] Anything Goes","log":"|j|\u2606DinkyCat\n|j|\u2606hoenn militian\n|t:|1699025444\n|gametype|singles\n|player|p1|DinkyCat|preschooler|1697\n|player|p2|hoenn militian|2|1799\n|teamsize|p1|6\n|teamsize|p2|6\n|gen|9\n|tier|[Gen 9] Anything Goes\n|rated|\n|rule|HP Percentage Mod: HP is shown in percentages\n|rule|Endless Battle Clause: Forcing endless battles is banned\n|clearpoke\n|poke|p1|Okidogi, M|\n|poke|p1|Polteageist|\n|poke|p1|Koraidon|\n|poke|p1|Calyrex-Shadow|\n|poke|p1|Krookodile, F|\n|poke|p1|Arceus|\n|poke|p2|Miraidon|\n|poke|p2|Grimmsnarl, M|\n|poke|p2|Skeledirge, M|\n|poke|p2|Blissey, F|\n|poke|p2|Moltres|\n|poke|p2|Calyrex-Ice|\n|teampreview\n|\n|t:|1699025458\n|start\n|switch|p1a: Arceus|Arceus|100\/100\n|switch|p2a: Calyrex|Calyrex-Ice|100\/100\n|-ability|p2a: Calyrex|As One\n|-ability|p2a: Calyrex|Unnerve\n|turn|1\n|\n|t:|1699025467\n|move|p1a: Arceus|Taunt|p2a: Calyrex\n|-start|p2a: Calyrex|move: Taunt\n|move|p2a: Calyrex|Glacial Lance|p1a: Arceus\n|-damage|p1a: Arceus|60\/100\n|\n|upkeep\n|turn|2\n|\n|t:|1699025474\n|move|p1a: Arceus|Stealth Rock|p2a: Calyrex\n|-sidestart|p2: hoenn militian|move: Stealth Rock\n|move|p2a: Calyrex|Glacial Lance|p1a: Arceus\n|-damage|p1a: Arceus|15\/100\n|\n|upkeep\n|turn|3\n|\n|t:|1699025481\n|move|p1a: Arceus|Thunder Wave|p2a: Calyrex\n|-status|p2a: Calyrex|par\n|cant|p2a: Calyrex|par\n|\n|-end|p2a: Calyrex|move: Taunt\n|upkeep\n|turn|4\n|\n|t:|1699025487\n|move|p1a: Arceus|Healing Wish|p1a: Arceus\n|faint|p1a: Arceus\n|cant|p2a: Calyrex|par\n|\n|upkeep\n|inactive|Battle timer is ON: inactive players will automatically lose when time's up. (requested by hoenn militian)\n|\n|t:|1699025508\n|switch|p1a: one-trick pony|Calyrex-Shadow|100\/100\n|-ability|p1a: one-trick pony|As One\n|-ability|p1a: one-trick pony|Unnerve\n|turn|5\n|\n|t:|1699025514\n|switch|p2a: Grimmsnarl|Grimmsnarl, M|100\/100\n|move|p1a: one-trick pony|Astral Barrage|p2a: Grimmsnarl\n|-resisted|p2a: Grimmsnarl\n|-damage|p2a: Grimmsnarl|72\/100\n|\n|upkeep\n|turn|6\n|\n|t:|1699025520\n|switch|p1a: Krookodile|Krookodile, F|100\/100\n|move|p2a: Grimmsnarl|Spirit Break|p1a: Krookodile\n|-supereffective|p1a: Krookodile\n|-damage|p1a: Krookodile|33\/100\n|-unboost|p1a: Krookodile|spa|1\n|\n|upkeep\n|turn|7\n|\n|t:|1699025528\n|switch|p2a: Moltres|Moltres|100\/100\n|move|p1a: Krookodile|Gunk Shot|p2a: Moltres\n|-damage|p2a: Moltres|74\/100\n|\n|upkeep\n|turn|8\n|\n|t:|1699025536\n|move|p1a: Krookodile|Gunk Shot|p2a: Moltres\n|-damage|p2a: Moltres|45\/100\n|move|p2a: Moltres|U-turn|p1a: Krookodile\n|-supereffective|p1a: Krookodile\n|-damage|p1a: Krookodile|0 fnt\n|faint|p1a: Krookodile\n|\n|t:|1699025544\n|switch|p2a: Grimmsnarl|Grimmsnarl, M|72\/100|[from] U-turn\n|\n|upkeep\n|\n|t:|1699025556\n|switch|p1a: doge|Okidogi, M|100\/100\n|turn|9\n|\n|t:|1699025559\n|move|p2a: Grimmsnarl|Parting Shot|p1a: doge\n|-unboost|p1a: doge|atk|1\n|-unboost|p1a: doge|spa|1\n|\n|t:|1699025575\n|switch|p2a: Miraidon|Miraidon|100\/100|[from] Parting Shot\n|-fieldstart|move: Electric Terrain|[from] ability: Hadron Engine|[of] p2a: Miraidon\n|move|p1a: doge|Gunk Shot|p2a: Miraidon\n|-damage|p2a: Miraidon|62\/100\n|\n|upkeep\n|turn|10\n|\n|t:|1699025601\n|move|p2a: Miraidon|Dragon Pulse|p1a: doge\n|-damage|p1a: doge|28\/100\n|move|p1a: doge|Taunt|p2a: Miraidon\n|-start|p2a: Miraidon|move: Taunt\n|\n|upkeep\n|turn|11\n|\n|t:|1699025609\n|move|p2a: Miraidon|Dragon Pulse|p1a: doge\n|-damage|p1a: doge|0 fnt\n|faint|p1a: doge\n|\n|upkeep\n|inactive|DinkyCat has 120 seconds left.\n|\n|t:|1699025649\n|switch|p1a: one-trick pony|Calyrex-Shadow|100\/100\n|-ability|p1a: one-trick pony|As One\n|-ability|p1a: one-trick pony|Unnerve\n|turn|12\n|\n|t:|1699025659\n|switch|p2a: Grimmsnarl|Grimmsnarl, M|72\/100\n|move|p1a: one-trick pony|Baton Pass|p1a: one-trick pony\n|\n|t:|1699025663\n|switch|p1a: Polteageist|Polteageist|100\/100|[from] Baton Pass\n|\n|upkeep\n|turn|13\n|\n|t:|1699025674\n|-terastallize|p1a: Polteageist|Dark\n|move|p1a: Polteageist|Shell Smash|p1a: Polteageist\n|-unboost|p1a: Polteageist|def|1\n|-unboost|p1a: Polteageist|spd|1\n|-boost|p1a: Polteageist|atk|2\n|-boost|p1a: Polteageist|spa|2\n|-boost|p1a: Polteageist|spe|2\n|-enditem|p1a: Polteageist|White Herb\n|-clearnegativeboost|p1a: Polteageist|[silent]\n|move|p2a: Grimmsnarl|Spirit Break|p1a: Polteageist\n|-supereffective|p1a: Polteageist\n|-damage|p1a: Polteageist|20\/100\n|-unboost|p1a: Polteageist|spa|1\n|\n|-fieldend|move: Electric Terrain\n|upkeep\n|turn|14\n|\n|t:|1699025695\n|move|p1a: Polteageist|Strength Sap|p2a: Grimmsnarl\n|-unboost|p2a: Grimmsnarl|atk|1\n|-heal|p1a: Polteageist|100\/100\n|move|p2a: Grimmsnarl|Spirit Break|p1a: Polteageist\n|-supereffective|p1a: Polteageist\n|-damage|p1a: Polteageist|52\/100\n|-unboost|p1a: Polteageist|spa|1\n|\n|upkeep\n|turn|15\n|\n|t:|1699025707\n|move|p1a: Polteageist|Substitute|p1a: Polteageist\n|-start|p1a: Polteageist|Substitute\n|-damage|p1a: Polteageist|27\/100\n|move|p2a: Grimmsnarl|Spirit Break|p1a: Polteageist\n|-supereffective|p1a: Polteageist\n|-end|p1a: Polteageist|Substitute\n|\n|upkeep\n|turn|16\n|\n|t:|1699025716\n|move|p1a: Polteageist|Strength Sap|p2a: Grimmsnarl\n|-unboost|p2a: Grimmsnarl|atk|1\n|-heal|p1a: Polteageist|84\/100\n|move|p2a: Grimmsnarl|Spirit Break|p1a: Polteageist\n|-supereffective|p1a: Polteageist\n|-damage|p1a: Polteageist|50\/100\n|-unboost|p1a: Polteageist|spa|1\n|\n|upkeep\n|turn|17\n|\n|t:|1699025726\n|move|p1a: Polteageist|Substitute|p1a: Polteageist\n|-start|p1a: Polteageist|Substitute\n|-damage|p1a: Polteageist|25\/100\n|move|p2a: Grimmsnarl|Spirit Break|p1a: Polteageist\n|-supereffective|p1a: Polteageist\n|-end|p1a: Polteageist|Substitute\n|\n|upkeep\n|turn|18\n|\n|t:|1699025731\n|move|p1a: Polteageist|Strength Sap|p2a: Grimmsnarl\n|-unboost|p2a: Grimmsnarl|atk|1\n|-heal|p1a: Polteageist|68\/100\n|move|p2a: Grimmsnarl|Spirit Break|p1a: Polteageist\n|-supereffective|p1a: Polteageist\n|-crit|p1a: Polteageist\n|-damage|p1a: Polteageist|0 fnt\n|-start|p2a: Grimmsnarl|Disable|Spirit Break|[from] ability: Cursed Body|[of] p1a: Polteageist\n|faint|p1a: Polteageist\n|\n|upkeep\n|inactive|DinkyCat has 120 seconds left.\n|\n|t:|1699025745\n|switch|p1a: one-trick pony|Calyrex-Shadow|100\/100\n|-ability|p1a: one-trick pony|As One\n|-ability|p1a: one-trick pony|Unnerve\n|turn|19\n|inactive|DinkyCat has 120 seconds left.\n|\n|t:|1699025758\n|move|p2a: Grimmsnarl|Parting Shot|p1a: one-trick pony\n|-unboost|p1a: one-trick pony|atk|1\n|-unboost|p1a: one-trick pony|spa|1\n|\n|t:|1699025762\n|switch|p2a: Blissey|Blissey, F|100\/100|[from] Parting Shot\n|move|p1a: one-trick pony|Astral Barrage|p2a: Blissey\n|-immune|p2a: Blissey\n|\n|upkeep\n|turn|20\n|\n|t:|1699025776\n|switch|p1a: Koraidon|Koraidon|100\/100\n|-weather|SunnyDay|[from] ability: Orichalcum Pulse|[of] p1a: Koraidon\n|-activate|p1a: Koraidon|Orichalcum Pulse|[source]\n|switch|p2a: Grimmsnarl|Grimmsnarl, M|72\/100\n|\n|-weather|SunnyDay|[upkeep]\n|upkeep\n|turn|21\n|\n|t:|1699025788\n|switch|p1a: one-trick pony|Calyrex-Shadow|100\/100\n|-ability|p1a: one-trick pony|As One\n|-ability|p1a: one-trick pony|Unnerve\n|move|p2a: Grimmsnarl|Parting Shot|p1a: one-trick pony\n|-unboost|p1a: one-trick pony|atk|1\n|-unboost|p1a: one-trick pony|spa|1\n|\n|t:|1699025799\n|switch|p2a: Blissey|Blissey, F|100\/100|[from] Parting Shot\n|\n|-weather|SunnyDay|[upkeep]\n|upkeep\n|turn|22\n|\n|t:|1699025804\n|move|p1a: one-trick pony|Baton Pass|p1a: one-trick pony\n|\n|t:|1699025805\n|switch|p1a: Koraidon|Koraidon|100\/100|[from] Baton Pass\n|-activate|p1a: Koraidon|ability: Orichalcum Pulse\n|move|p2a: Blissey|Stealth Rock|p1a: Koraidon\n|-sidestart|p1: DinkyCat|move: Stealth Rock\n|\n|-weather|SunnyDay|[upkeep]\n|upkeep\n|turn|23\n|\n|t:|1699025814\n|switch|p2a: Moltres|Moltres|45\/100\n|move|p1a: Koraidon|Taunt|p2a: Moltres\n|-start|p2a: Moltres|move: Taunt\n|\n|-weather|SunnyDay|[upkeep]\n|upkeep\n|turn|24\n|\n|t:|1699025820\n|switch|p1a: one-trick pony|Calyrex-Shadow|100\/100\n|-ability|p1a: one-trick pony|As One\n|-ability|p1a: one-trick pony|Unnerve\n|-damage|p1a: one-trick pony|88\/100|[from] Stealth Rock\n|move|p2a: Moltres|U-turn|p1a: one-trick pony\n|-damage|p1a: one-trick pony|71\/100\n|\n|t:|1699025829\n|switch|p2a: Grimmsnarl|Grimmsnarl, M|72\/100|[from] U-turn\n|\n|-weather|none\n|upkeep\n|turn|25\n|\n|t:|1699025833\n|move|p1a: one-trick pony|Astral Barrage|p2a: Grimmsnarl\n|-resisted|p2a: Grimmsnarl\n|-crit|p2a: Grimmsnarl\n|-damage|p2a: Grimmsnarl|28\/100\n|move|p2a: Grimmsnarl|Spirit Break|p1a: one-trick pony\n|-damage|p1a: one-trick pony|33\/100\n|-unboost|p1a: one-trick pony|spa|1\n|\n|upkeep\n|turn|26\n|\n|t:|1699025844\n|move|p2a: Grimmsnarl|Sucker Punch|p1a: one-trick pony\n|-supereffective|p1a: one-trick pony\n|-damage|p1a: one-trick pony|0 fnt\n|faint|p1a: one-trick pony\n|\n|upkeep\n|\n|t:|1699025846\n|switch|p1a: Koraidon|Koraidon|100\/100\n|-damage|p1a: Koraidon|94\/100|[from] Stealth Rock\n|-weather|SunnyDay|[from] ability: Orichalcum Pulse|[of] p1a: Koraidon\n|-activate|p1a: Koraidon|Orichalcum Pulse|[source]\n|turn|27\n|\n|t:|1699025856\n|move|p2a: Grimmsnarl|Parting Shot|p1a: Koraidon\n|-unboost|p1a: Koraidon|atk|1\n|-unboost|p1a: Koraidon|spa|1\n|\n|t:|1699025860\n|switch|p2a: Moltres|Moltres|45\/100|[from] Parting Shot\n|move|p1a: Koraidon|Low Kick|p2a: Moltres\n|-resisted|p2a: Moltres\n|-damage|p2a: Moltres|29\/100\n|\n|-weather|SunnyDay|[upkeep]\n|upkeep\n|turn|28\n|\n|t:|1699025867\n|move|p1a: Koraidon|Scale Shot|p2a: Moltres\n|-damage|p2a: Moltres|20\/100\n|-damage|p2a: Moltres|11\/100\n|-damage|p2a: Moltres|2\/100\n|-damage|p2a: Moltres|0 fnt\n|faint|p2a: Moltres\n|-hitcount|p2: Moltres|4\n|-unboost|p1a: Koraidon|def|1\n|-boost|p1a: Koraidon|spe|1\n|\n|-weather|SunnyDay|[upkeep]\n|upkeep\n|\n|t:|1699025879\n|switch|p2a: Skeledirge|Skeledirge, M|100\/100\n|turn|29\n|\n|t:|1699025889\n|move|p1a: Koraidon|Taunt|p2a: Skeledirge\n|-start|p2a: Skeledirge|move: Taunt\n|move|p2a: Skeledirge|Torch Song|p1a: Koraidon\n|-resisted|p1a: Koraidon\n|-damage|p1a: Koraidon|76\/100\n|-boost|p2a: Skeledirge|spa|1\n|\n|-weather|SunnyDay|[upkeep]\n|upkeep\n|turn|30\n|inactive|hoenn militian has 120 seconds left.\n|inactive|hoenn militian has 90 seconds left.\n|inactive|hoenn militian has 60 seconds left.\n|\n|t:|1699025981\n|move|p1a: Koraidon|Scale Shot|p2a: Skeledirge\n|-damage|p2a: Skeledirge|89\/100\n|-damage|p2a: Skeledirge|77\/100\n|-damage|p2a: Skeledirge|66\/100\n|-damage|p2a: Skeledirge|54\/100\n|-hitcount|p2a: Skeledirge|4\n|-unboost|p1a: Koraidon|def|1\n|-boost|p1a: Koraidon|spe|1\n|move|p2a: Skeledirge|Torch Song|p1a: Koraidon\n|-resisted|p1a: Koraidon\n|-damage|p1a: Koraidon|48\/100\n|-boost|p2a: Skeledirge|spa|1\n|\n|-weather|SunnyDay|[upkeep]\n|upkeep\n|turn|31\n|inactive|hoenn militian has 60 seconds left.\n|\n|t:|1699025999\n|move|p1a: Koraidon|Scale Shot|p2a: Skeledirge\n|-damage|p2a: Skeledirge|41\/100\n|-damage|p2a: Skeledirge|29\/100\n|-damage|p2a: Skeledirge|18\/100\n|-damage|p2a: Skeledirge|7\/100\n|-damage|p2a: Skeledirge|0 fnt\n|faint|p2a: Skeledirge\n|-hitcount|p2: Skeledirge|5\n|-unboost|p1a: Koraidon|def|1\n|-boost|p1a: Koraidon|spe|1\n|\n|-weather|none\n|upkeep\n|\n|t:|1699026015\n|switch|p2a: Calyrex|Calyrex-Ice|100\/100 par\n|-ability|p2a: Calyrex|As One\n|-ability|p2a: Calyrex|Unnerve\n|turn|32\n|\n|t:|1699026037\n|move|p1a: Koraidon|Flare Blitz|p2a: Calyrex\n|-supereffective|p2a: Calyrex\n|-damage|p2a: Calyrex|64\/100 par\n|-damage|p1a: Koraidon|36\/100|[from] Recoil\n|move|p2a: Calyrex|Glacial Lance|p1a: Koraidon\n|-supereffective|p1a: Koraidon\n|-damage|p1a: Koraidon|0 fnt\n|faint|p1a: Koraidon\n|\n|win|hoenn militian\n|raw|DinkyCat's rating: 1697 &rarr; <strong>1683<\/strong><br \/>(-14 for losing)\n|raw|hoenn militian's rating: 1799 &rarr; <strong>1813<\/strong><br \/>(+14 for winning)\n|l|\u2606DinkyCat\n","uploadtime":1699026086,"views":8,"p1id":"dinkycat","p2id":"hoennmilitian","formatid":"gen9anythinggoes","rating":1683,"private":0,"password":""}