{"id":"gen9anythinggoes-1989949541","p1":"draquest","p2":"Red Krow","format":"[Gen 9] Anything Goes","log":"|j|\u2606draquest\n|j|\u2606Red Krow\n|t:|1699909394\n|gametype|singles\n|player|p1|draquest|170|\n|player|p2|Red Krow|elesa|\n|teamsize|p1|6\n|teamsize|p2|6\n|gen|9\n|tier|[Gen 9] Anything Goes\n|rule|HP Percentage Mod: HP is shown in percentages\n|rule|Endless Battle Clause: Forcing endless battles is banned\n|clearpoke\n|poke|p1|Roaring Moon|\n|poke|p1|Vikavolt, M|\n|poke|p1|Jirachi|\n|poke|p1|Infernape, M|\n|poke|p1|Fezandipiti, M|\n|poke|p1|Furret, M|\n|poke|p2|Ursaluna-Bloodmoon, M|\n|poke|p2|Avalugg, F|\n|poke|p2|Ribombee, M|\n|poke|p2|Iron Moth|\n|poke|p2|Empoleon, F|\n|poke|p2|Gallade, M|\n|teampreview\n|c|\u2606Red Krow|GL HF\n|c|\u2606draquest|igualmete\n|j| MrMachaca\n|\n|t:|1699909501\n|start\n|switch|p1a: Milanesa|Fezandipiti, M|100\/100\n|switch|p2a: Webos|Ribombee, M, shiny|100\/100\n|turn|1\n|j| umbreonluna\n|\n|t:|1699909520\n|move|p1a: Milanesa|Dual Wingbeat|p2a: Webos\n|-supereffective|p2a: Webos\n|-crit|p2a: Webos\n|-damage|p2a: Webos|10\/100\n|-supereffective|p2a: Webos\n|-crit|p2a: Webos\n|-damage|p2a: Webos|0 fnt\n|faint|p2a: Webos\n|-hitcount|p2: Webos|2\n|\n|upkeep\n|c|\u2606draquest|daba igual el crit a no ser que fueras max bulk\n|c|\u2606Red Krow|Que no lo era\n|\n|t:|1699909574\n|switch|p2a: Ay las cervicales|Ursaluna-Bloodmoon, M|100\/100\n|turn|2\n|c| umbreonluna|le has metido 90\n|c| umbreonluna|vamos sin crit 60\n|c| umbreonluna|60+60 mata siempre\n|\n|t:|1699909609\n|switch|p1a: Fu et|Furret, M, shiny|100\/100\n|-item|p2a: Ay las cervicales|Leftovers|[from] ability: Frisk|[of] p1a: Fu et|[identify]\n|move|p2a: Ay las cervicales|Blood Moon|p1a: Fu et\n|-damage|p1a: Fu et|0 fnt\n|faint|p1a: Fu et\n|\n|upkeep\n|c| MrMachaca|el mote jajajjaja\n|c| MrMachaca|soy yo\n|\n|t:|1699909638\n|switch|p1a: Remp\u00e1lago|Vikavolt, M|100\/100\n|turn|3\n|\n|t:|1699909658\n|-terastallize|p1a: Remp\u00e1lago|Electric\n|move|p1a: Remp\u00e1lago|Energy Ball|p2a: Ay las cervicales\n|-supereffective|p2a: Ay las cervicales\n|-damage|p2a: Ay las cervicales|0 fnt\n|faint|p2a: Ay las cervicales\n|\n|upkeep\n|\n|t:|1699909684\n|switch|p2a: Transmasc rep|Gallade, M, shiny|100\/100\n|turn|4\n|\n|t:|1699909730\n|switch|p1a: Cabesa|Jirachi|100\/100\n|move|p2a: Transmasc rep|Psycho Cut|p1a: Cabesa\n|-resisted|p1a: Cabesa\n|-damage|p1a: Cabesa|84\/100\n|-damage|p2a: Transmasc rep|91\/100|[from] item: Life Orb\n|\n|upkeep\n|turn|5\n|\n|t:|1699909746\n|switch|p2a: Claramente un le\u00f3n|Empoleon, F|100\/100\n|move|p1a: Cabesa|U-turn|p2a: Claramente un le\u00f3n\n|-resisted|p2a: Claramente un le\u00f3n\n|-damage|p2a: Claramente un le\u00f3n|90\/100\n|\n|t:|1699909752\n|switch|p1a: Remp\u00e1lago|Vikavolt, M, tera:Electric|100\/100|[from] U-turn\n|\n|-heal|p2a: Claramente un le\u00f3n|96\/100|[from] item: Leftovers\n|upkeep\n|turn|6\n|\n|t:|1699909770\n|move|p1a: Remp\u00e1lago|Thunderbolt|p2a: Claramente un le\u00f3n\n|-supereffective|p2a: Claramente un le\u00f3n\n|-damage|p2a: Claramente un le\u00f3n|0 fnt\n|faint|p2a: Claramente un le\u00f3n\n|\n|upkeep\n|\n|t:|1699909788\n|switch|p2a: Transmasc rep|Gallade, M, shiny|91\/100\n|turn|7\n|\n|t:|1699909816\n|switch|p1a: Cabesa|Jirachi|84\/100\n|move|p2a: Transmasc rep|Knock Off|p1a: Cabesa\n|-supereffective|p1a: Cabesa\n|-damage|p1a: Cabesa|0 fnt\n|-enditem|p1a: Cabesa|Choice Scarf|[from] move: Knock Off|[of] p2a: Transmasc rep\n|faint|p1a: Cabesa\n|-damage|p2a: Transmasc rep|81\/100|[from] item: Life Orb\n|\n|upkeep\n|\n|t:|1699909832\n|switch|p1a: Simio|Infernape, M|100\/100\n|turn|8\n|\n|t:|1699909851\n|move|p1a: Simio|Flare Blitz|p2a: Transmasc rep\n|-damage|p2a: Transmasc rep|0 fnt\n|faint|p2a: Transmasc rep\n|-damage|p1a: Simio|77\/100|[from] Recoil\n|\n|upkeep\n|\n|t:|1699909891\n|switch|p2a: Iros mozas|Iron Moth|100\/100\n|-enditem|p2a: Iros mozas|Booster Energy\n|-activate|p2a: Iros mozas|ability: Quark Drive|[fromitem]\n|-start|p2a: Iros mozas|quarkdrivespe\n|turn|9\n|\n|t:|1699909948\n|switch|p1a: Milanesa|Fezandipiti, M|100\/100\n|move|p2a: Iros mozas|Fiery Dance|p1a: Milanesa\n|-damage|p1a: Milanesa|66\/100\n|\n|upkeep\n|turn|10\n|\n|t:|1699909983\n|move|p2a: Iros mozas|Fiery Dance|p1a: Milanesa\n|-damage|p1a: Milanesa|30\/100\n|move|p1a: Milanesa|U-turn|p2a: Iros mozas\n|-resisted|p2a: Iros mozas\n|-damage|p2a: Iros mozas|93\/100\n|\n|t:|1699909991\n|switch|p1a: Desdentao|Roaring Moon|100\/100|[from] U-turn\n|\n|upkeep\n|turn|11\n|\n|t:|1699909997\n|move|p1a: Desdentao|Earthquake|p2a: Iros mozas\n|-supereffective|p2a: Iros mozas\n|-damage|p2a: Iros mozas|0 fnt\n|faint|p2a: Iros mozas\n|-end|p2a: Iros mozas|Quark Drive|[silent]\n|\n|upkeep\n|\n|t:|1699909999\n|switch|p2a: {(X Y Z)\u2208D: Z<0}|Avalugg, F|100\/100\n|turn|12\n|c|\u2606Red Krow|gg\n|\n|t:|1699910019\n|-end|p1a: Desdentao|Protosynthesis|[silent]\n|switch|p1a: Milanesa|Fezandipiti, M|30\/100\n|-terastallize|p2a: {(X Y Z)\u2208D: Z<0}|Fighting\n|move|p2a: {(X Y Z)\u2208D: Z<0}|Body Press|p1a: Milanesa\n|-resisted|p1a: Milanesa\n|-damage|p1a: Milanesa|13\/100\n|\n|upkeep\n|turn|13\n|\n|t:|1699910027\n|move|p1a: Milanesa|Acid Spray|p2a: {(X Y Z)\u2208D: Z<0}\n|-damage|p2a: {(X Y Z)\u2208D: Z<0}|85\/100\n|-unboost|p2a: {(X Y Z)\u2208D: Z<0}|spd|2\n|move|p2a: {(X Y Z)\u2208D: Z<0}|Body Press|p1a: Milanesa\n|-resisted|p1a: Milanesa\n|-damage|p1a: Milanesa|0 fnt\n|faint|p1a: Milanesa\n|\n|-heal|p2a: {(X Y Z)\u2208D: Z<0}|91\/100|[from] item: Leftovers\n|upkeep\n|\n|t:|1699910036\n|switch|p1a: Remp\u00e1lago|Vikavolt, M, tera:Electric|100\/100\n|turn|14\n|c|\u2606draquest|gg\n|\n|t:|1699910055\n|move|p1a: Remp\u00e1lago|Volt Switch|p2a: {(X Y Z)\u2208D: Z<0}\n|-damage|p2a: {(X Y Z)\u2208D: Z<0}|0 fnt\n|faint|p2a: {(X Y Z)\u2208D: Z<0}\n|\n|win|draquest\n","uploadtime":1699910062,"views":27,"p1id":"draquest","p2id":"redkrow","formatid":"gen9anythinggoes","rating":0,"private":0,"password":""}