{"id":"gen9anythinggoes-1997127606","p1":"Jomarionromain","p2":"MAMADEAL","format":"[Gen 9] Anything Goes","log":"|j|\u2606Jomarionromain\n|j|\u2606MAMADEAL\n|t:|1700767280\n|gametype|singles\n|player|p1|Jomarionromain|red|\n|player|p2|MAMADEAL|169|\n|teamsize|p1|6\n|teamsize|p2|6\n|gen|9\n|tier|[Gen 9] Anything Goes\n|rule|HP Percentage Mod: HP is shown in percentages\n|rule|Endless Battle Clause: Forcing endless battles is banned\n|clearpoke\n|poke|p1|Palafin, M|\n|poke|p1|Gengar, M|\n|poke|p1|Lilligant-Hisui, F|\n|poke|p1|Slowbro-Galar, F|\n|poke|p1|Ninetales-Alola, F|\n|poke|p1|Armarouge, F|\n|poke|p2|Baxcalibur, F|\n|poke|p2|Sinistcha|\n|poke|p2|Skeledirge, F|\n|poke|p2|Glimmora, F|\n|poke|p2|Garganacl, F|\n|poke|p2|Gliscor, M|\n|teampreview\n|\n|t:|1700767290\n|start\n|switch|p1a: Slowbro|Slowbro-Galar, F|100\/100\n|switch|p2a: Gliscor|Gliscor, M|100\/100\n|turn|1\n|\n|t:|1700767298\n|move|p2a: Gliscor|Earthquake|p1a: Slowbro\n|-supereffective|p1a: Slowbro\n|-damage|p1a: Slowbro|24\/100\n|move|p1a: Slowbro|Shadow Ball|p2a: Gliscor\n|-damage|p2a: Gliscor|56\/100\n|-unboost|p2a: Gliscor|spd|1\n|\n|-heal|p1a: Slowbro|30\/100|[from] item: Leftovers\n|-status|p2a: Gliscor|tox|[from] item: Toxic Orb\n|upkeep\n|turn|2\n|\n|t:|1700767324\n|switch|p2a: Garganacl|Garganacl, F|100\/100\n|switch|p1a: Ninetales|Ninetales-Alola, F|100\/100\n|-weather|Snow|[from] ability: Snow Warning|[of] p1a: Ninetales\n|\n|-weather|Snow|[upkeep]\n|upkeep\n|turn|3\n|\n|t:|1700767333\n|move|p1a: Ninetales|Aurora Veil|p1a: Ninetales\n|-sidestart|p1: Jomarionromain|move: Aurora Veil\n|move|p2a: Garganacl|Salt Cure|p1a: Ninetales\n|-supereffective|p1a: Ninetales\n|-damage|p1a: Ninetales|88\/100\n|-start|p1a: Ninetales|Salt Cure\n|\n|-weather|Snow|[upkeep]\n|-heal|p1a: Ninetales|94\/100|[from] item: Leftovers\n|-damage|p1a: Ninetales|81\/100|[from] Salt Cure\n|upkeep\n|turn|4\n|\n|t:|1700767362\n|move|p1a: Ninetales|Blizzard|p2a: Garganacl\n|-damage|p2a: Garganacl|74\/100\n|move|p2a: Garganacl|Salt Cure|p1a: Ninetales\n|-supereffective|p1a: Ninetales\n|-damage|p1a: Ninetales|66\/100\n|\n|-weather|Snow|[upkeep]\n|-heal|p1a: Ninetales|72\/100|[from] item: Leftovers\n|-heal|p2a: Garganacl|80\/100|[from] item: Leftovers\n|-damage|p1a: Ninetales|60\/100|[from] Salt Cure\n|upkeep\n|turn|5\n|\n|t:|1700767377\n|switch|p1a: Palafin|Palafin, M|100\/100\n|move|p2a: Garganacl|Iron Defense|p2a: Garganacl\n|-boost|p2a: Garganacl|def|2\n|\n|-weather|Snow|[upkeep]\n|-heal|p2a: Garganacl|86\/100|[from] item: Leftovers\n|upkeep\n|turn|6\n|\n|t:|1700767390\n|move|p1a: Palafin|Flip Turn|p2a: Garganacl\n|-supereffective|p2a: Garganacl\n|-damage|p2a: Garganacl|71\/100\n|\n|t:|1700767394\n|detailschange|p1a: Palafin|Palafin-Hero, M\n|switch|p1a: Lilligant|Lilligant-Hisui, F|100\/100|[from] Flip Turn\n|move|p2a: Garganacl|Salt Cure|p1a: Lilligant\n|-resisted|p1a: Lilligant\n|-crit|p1a: Lilligant\n|-damage|p1a: Lilligant|86\/100\n|-start|p1a: Lilligant|Salt Cure\n|\n|-weather|none\n|-heal|p2a: Garganacl|77\/100|[from] item: Leftovers\n|-damage|p1a: Lilligant|73\/100|[from] Salt Cure\n|upkeep\n|turn|7\n|\n|t:|1700767410\n|move|p1a: Lilligant|Victory Dance|p1a: Lilligant\n|-boost|p1a: Lilligant|atk|1\n|-boost|p1a: Lilligant|def|1\n|-boost|p1a: Lilligant|spe|1\n|move|p2a: Garganacl|Recover|p2a: Garganacl\n|-heal|p2a: Garganacl|100\/100\n|\n|-damage|p1a: Lilligant|61\/100|[from] Salt Cure\n|-sideend|p1: Jomarionromain|move: Aurora Veil\n|upkeep\n|turn|8\n|\n|t:|1700767422\n|move|p1a: Lilligant|Victory Dance|p1a: Lilligant\n|-boost|p1a: Lilligant|atk|1\n|-boost|p1a: Lilligant|def|1\n|-boost|p1a: Lilligant|spe|1\n|move|p2a: Garganacl|Iron Defense|p2a: Garganacl\n|-boost|p2a: Garganacl|def|2\n|\n|-damage|p1a: Lilligant|48\/100|[from] Salt Cure\n|upkeep\n|turn|9\n|\n|t:|1700767433\n|move|p1a: Lilligant|Victory Dance|p1a: Lilligant\n|-boost|p1a: Lilligant|atk|1\n|-boost|p1a: Lilligant|def|1\n|-boost|p1a: Lilligant|spe|1\n|move|p2a: Garganacl|Body Press|p1a: Lilligant\n|-damage|p1a: Lilligant|2\/100\n|\n|-damage|p1a: Lilligant|0 fnt|[from] Salt Cure\n|faint|p1a: Lilligant\n|upkeep\n|\n|t:|1700767442\n|switch|p1a: Palafin|Palafin-Hero, M|100\/100\n|-activate|p1a: Palafin|ability: Zero to Hero\n|turn|10\n|\n|t:|1700767449\n|move|p1a: Palafin|Jet Punch|p2a: Garganacl\n|-supereffective|p2a: Garganacl\n|-crit|p2a: Garganacl\n|-damage|p2a: Garganacl|29\/100\n|move|p2a: Garganacl|Body Press|p1a: Palafin\n|-damage|p1a: Palafin|32\/100\n|\n|-heal|p1a: Palafin|39\/100|[from] item: Leftovers\n|-heal|p2a: Garganacl|35\/100|[from] item: Leftovers\n|upkeep\n|turn|11\n|\n|t:|1700767507\n|move|p1a: Palafin|Drain Punch|p2a: Garganacl\n|-supereffective|p2a: Garganacl\n|-damage|p2a: Garganacl|21\/100\n|-heal|p1a: Palafin|47\/100|[from] drain|[of] p2a: Garganacl\n|move|p2a: Garganacl|Recover|p2a: Garganacl\n|-heal|p2a: Garganacl|71\/100\n|\n|-heal|p1a: Palafin|53\/100|[from] item: Leftovers\n|-heal|p2a: Garganacl|77\/100|[from] item: Leftovers\n|upkeep\n|turn|12\n|\n|t:|1700767517\n|move|p1a: Palafin|Jet Punch|p2a: Garganacl\n|-supereffective|p2a: Garganacl\n|-damage|p2a: Garganacl|60\/100\n|move|p2a: Garganacl|Body Press|p1a: Palafin\n|-damage|p1a: Palafin|0 fnt\n|faint|p1a: Palafin\n|\n|-heal|p2a: Garganacl|67\/100|[from] item: Leftovers\n|upkeep\n|\n|t:|1700767528\n|switch|p1a: Armarouge|Armarouge, F|100\/100\n|turn|13\n|\n|t:|1700767534\n|move|p1a: Armarouge|Substitute|p1a: Armarouge\n|-start|p1a: Armarouge|Substitute\n|-damage|p1a: Armarouge|76\/100\n|move|p2a: Garganacl|Salt Cure|p1a: Armarouge\n|-supereffective|p1a: Armarouge\n|-activate|p1a: Armarouge|move: Substitute|[damage]\n|\n|-heal|p1a: Armarouge|82\/100|[from] item: Leftovers\n|-heal|p2a: Garganacl|73\/100|[from] item: Leftovers\n|upkeep\n|turn|14\n|\n|t:|1700767544\n|move|p1a: Armarouge|Aura Sphere|p2a: Garganacl\n|-supereffective|p2a: Garganacl\n|-damage|p2a: Garganacl|37\/100\n|move|p2a: Garganacl|Salt Cure|p1a: Armarouge\n|-supereffective|p1a: Armarouge\n|-end|p1a: Armarouge|Substitute\n|\n|-heal|p1a: Armarouge|88\/100|[from] item: Leftovers\n|-heal|p2a: Garganacl|43\/100|[from] item: Leftovers\n|upkeep\n|turn|15\n|\n|t:|1700767555\n|move|p1a: Armarouge|Substitute|p1a: Armarouge\n|-start|p1a: Armarouge|Substitute\n|-damage|p1a: Armarouge|63\/100\n|move|p2a: Garganacl|Recover|p2a: Garganacl\n|-heal|p2a: Garganacl|93\/100\n|\n|-heal|p1a: Armarouge|69\/100|[from] item: Leftovers\n|-heal|p2a: Garganacl|99\/100|[from] item: Leftovers\n|upkeep\n|turn|16\n|-message|Jomarionromain forfeited.\n|\n|win|MAMADEAL\n|l|\u2606Jomarionromain\n","uploadtime":1700767592,"views":1,"p1id":"jomarionromain","p2id":"mamadeal","formatid":"gen9anythinggoes","rating":0,"private":0,"password":""}