{"id":"gen9anythinggoes-1980884100","p1":"premmalhotra","p2":"Gyattebayo","format":"[Gen 9] Anything Goes","log":"|j|\u2606premmalhotra\n|j|\u2606Gyattebayo\n|inactive|Battle timer is ON: inactive players will automatically lose when time's up.\n|t:|1698845763\n|gametype|singles\n|player|p1|premmalhotra|#hpliiiruiners|\n|player|p2|Gyattebayo|265|\n|teamsize|p1|6\n|teamsize|p2|6\n|gen|9\n|tier|[Gen 9] Anything Goes\n|rated|Tournament battle\n|rule|HP Percentage Mod: HP is shown in percentages\n|rule|Endless Battle Clause: Forcing endless battles is banned\n|rule|Camomons Mod: Pok\u00e9mon have their types set to match their first two moves.\n|clearpoke\n|poke|p1|Calyrex-Shadow|\n|poke|p1|Ditto|\n|poke|p1|Zacian-*|\n|poke|p1|Florges, F|\n|poke|p1|Avalugg, F|\n|poke|p1|Giratina|\n|poke|p2|Koraidon|\n|poke|p2|Miraidon|\n|poke|p2|Chien-Pao|\n|poke|p2|Clodsire, F|\n|poke|p2|Toxapex, M|\n|poke|p2|Corviknight, M|\n|teampreview\n|j|*Lady Monita \u263d\n|j| agate_XsoulY2k\n|\n|t:|1698845791\n|start\n|switch|p1a: Giratina|Giratina|100\/100\n|switch|p2a: Koraidon|Koraidon|100\/100\n|-start|p2a: Koraidon|typechange|Bug\/Fighting|[silent]\n|-weather|SunnyDay|[from] ability: Orichalcum Pulse|[of] p2a: Koraidon\n|-activate|p2a: Koraidon|Orichalcum Pulse|[source]\n|-start|p1a: Giratina|typechange|Normal\/Ghost|[silent]\n|-ability|p1a: Giratina|Pressure\n|-start|p1a: Giratina|typechange|Normal\/Ghost|[silent]\n|-start|p2a: Koraidon|typechange|Bug\/Fighting|[silent]\n|turn|1\n|\n|t:|1698845799\n|move|p2a: Koraidon|U-turn|p1a: Giratina\n|-resisted|p1a: Giratina\n|-damage|p1a: Giratina|89\/100\n|j| jerin123\n|c| agate_XsoulY2k|gyat\n|\n|t:|1698845807\n|switch|p2a: Toxapex|Toxapex, M|100\/100|[from] U-turn\n|-start|p2a: Toxapex|typechange|Ice\/Poison|[silent]\n|move|p1a: Giratina|Calm Mind|p1a: Giratina\n|-boost|p1a: Giratina|spa|1\n|-boost|p1a: Giratina|spd|1\n|\n|-weather|SunnyDay|[upkeep]\n|upkeep\n|-start|p2a: Toxapex|typechange|Ice\/Poison|[silent]\n|turn|2\n|c|\u2606Gyattebayo|ohio gyatt rizz\n|c| agate_XsoulY2k|ohhhhhhh\n|c|\u2606Gyattebayo|inhales boi\n|inactive|premmalhotra has 120 seconds left.\n|j| PikPika789\n|l| PikPika789\n|c| agate_XsoulY2k|dnt rizz me\n|c|\u2606Gyattebayo|baby gronk getting rizzy nah he getting livvy dattebayo\n|inactive|premmalhotra has 90 seconds left.\n|c| agate_XsoulY2k|xddd\n|\n|t:|1698845890\n|switch|p1a: Florges|Florges, F|100\/100\n|-start|p1a: Florges|typechange|Grass\/Water|[silent]\n|move|p2a: Toxapex|Toxic|p1a: Florges\n|-block|p1a: Florges|ability: Flower Veil|[of] p1a: Florges\n|\n|-weather|SunnyDay|[upkeep]\n|upkeep\n|-start|p1a: Florges|typechange|Grass\/Water|[silent]\n|turn|3\n|c|\u2606premmalhotra|get help\n|\n|t:|1698845912\n|switch|p2a: Corviknight|Corviknight, M|100\/100\n|-start|p2a: Corviknight|typechange|Bug\/Flying|[silent]\n|-ability|p2a: Corviknight|Pressure\n|move|p1a: Florges|Calm Mind|p1a: Florges\n|-boost|p1a: Florges|spa|1\n|-boost|p1a: Florges|spd|1\n|\n|-weather|SunnyDay|[upkeep]\n|upkeep\n|-start|p2a: Corviknight|typechange|Bug\/Flying|[silent]\n|turn|4\n|\n|t:|1698845941\n|switch|p1a: Avalugg|Avalugg, F|100\/100\n|-start|p1a: Avalugg|typechange|Fighting\/Normal|[silent]\n|move|p2a: Corviknight|Brave Bird|p1a: Avalugg\n|-supereffective|p1a: Avalugg\n|-crit|p1a: Avalugg\n|-damage|p1a: Avalugg|58\/100\n|-damage|p2a: Corviknight|84\/100|[from] item: Rocky Helmet|[of] p1a: Avalugg\n|-damage|p2a: Corviknight|70\/100|[from] Recoil\n|\n|-weather|SunnyDay|[upkeep]\n|-heal|p2a: Corviknight|76\/100|[from] item: Leftovers\n|upkeep\n|-start|p1a: Avalugg|typechange|Fighting\/Normal|[silent]\n|turn|5\n|\n|t:|1698845959\n|move|p2a: Corviknight|U-turn|p1a: Avalugg\n|-resisted|p1a: Avalugg\n|-damage|p1a: Avalugg|53\/100\n|-damage|p2a: Corviknight|60\/100|[from] item: Rocky Helmet|[of] p1a: Avalugg\n|inactive|Gyattebayo has 120 seconds left.\n|\n|t:|1698845976\n|switch|p2a: Koraidon|Koraidon|100\/100|[from] U-turn\n|-start|p2a: Koraidon|typechange|Bug\/Fighting|[silent]\n|-activate|p2a: Koraidon|ability: Orichalcum Pulse\n|move|p1a: Avalugg|Recover|p1a: Avalugg\n|-heal|p1a: Avalugg|100\/100\n|\n|-weather|none\n|upkeep\n|-start|p2a: Koraidon|typechange|Bug\/Fighting|[silent]\n|turn|6\n|c| agate_XsoulY2k|hw u got the avatar with poke\n|j| PikPika789\n|inactive|premmalhotra has 60 seconds left.\n|c|\u2606premmalhotra|Oh won a few wc tours\n|inactive|premmalhotra has 30 seconds left.\n|\n|t:|1698846038\n|switch|p1a: Calyrex|Calyrex-Shadow|100\/100\n|-ability|p1a: Calyrex|As One\n|-ability|p1a: Calyrex|Unnerve\n|-start|p1a: Calyrex|typechange|Ghost\/Fairy|[silent]\n|move|p2a: Koraidon|Close Combat|p1a: Calyrex\n|-immune|p1a: Calyrex\n|\n|upkeep\n|-start|p1a: Calyrex|typechange|Ghost\/Fairy|[silent]\n|turn|7\n|inactive|Gyattebayo has 120 seconds left.\n|\n|t:|1698846054\n|switch|p2a: Toxapex|Toxapex, M|100\/100\n|-start|p2a: Toxapex|typechange|Ice\/Poison|[silent]\n|move|p1a: Calyrex|Nasty Plot|p1a: Calyrex\n|-boost|p1a: Calyrex|spa|2\n|\n|upkeep\n|-start|p2a: Toxapex|typechange|Ice\/Poison|[silent]\n|turn|8\n|inactive|Gyattebayo has 120 seconds left.\n|\n|t:|1698846080\n|move|p1a: Calyrex|Astral Barrage|p2a: Toxapex\n|-damage|p2a: Toxapex|0 fnt\n|faint|p2a: Toxapex\n|-ability|p1a: Calyrex|Grim Neigh|boost\n|-boost|p1a: Calyrex|spa|1\n|\n|upkeep\n|inactive|Gyattebayo has 90 seconds left.\n|\n|t:|1698846105\n|switch|p2a: Chien-Pao|Chien-Pao|100\/100\n|-start|p2a: Chien-Pao|typechange|Normal\/Dark|[silent]\n|-ability|p2a: Chien-Pao|Sword of Ruin\n|-start|p2a: Chien-Pao|typechange|Normal\/Dark|[silent]\n|turn|9\n|\n|t:|1698846111\n|-terastallize|p2a: Chien-Pao|Dark\n|move|p2a: Chien-Pao|Sucker Punch|p1a: Calyrex\n|-damage|p1a: Calyrex|14\/100\n|move|p1a: Calyrex|Draining Kiss|p2a: Chien-Pao\n|-supereffective|p2a: Chien-Pao\n|-damage|p2a: Chien-Pao|0 fnt\n|-heal|p1a: Calyrex|80\/100|[from] drain|[of] p2a: Chien-Pao\n|faint|p2a: Chien-Pao\n|-ability|p1a: Calyrex|Grim Neigh|boost\n|-boost|p1a: Calyrex|spa|1\n|\n|-heal|p1a: Calyrex|86\/100|[from] item: Leftovers\n|upkeep\n|inactive|Gyattebayo has 90 seconds left.\n|\n|t:|1698846125\n|switch|p2a: Koraidon|Koraidon|100\/100\n|-start|p2a: Koraidon|typechange|Bug\/Fighting|[silent]\n|-weather|SunnyDay|[from] ability: Orichalcum Pulse|[of] p2a: Koraidon\n|-activate|p2a: Koraidon|Orichalcum Pulse|[source]\n|-start|p2a: Koraidon|typechange|Bug\/Fighting|[silent]\n|turn|10\n|\n|t:|1698846129\n|move|p2a: Koraidon|Flare Blitz|p1a: Calyrex\n|-damage|p1a: Calyrex|0 fnt\n|faint|p1a: Calyrex\n|-damage|p2a: Koraidon|72\/100|[from] Recoil\n|\n|-weather|SunnyDay|[upkeep]\n|upkeep\n|inactive|premmalhotra has 60 seconds left.\n|\n|t:|1698846137\n|switch|p1a: Giratina|Giratina|89\/100\n|-start|p1a: Giratina|typechange|Normal\/Ghost|[silent]\n|-ability|p1a: Giratina|Pressure\n|-start|p1a: Giratina|typechange|Normal\/Ghost|[silent]\n|turn|11\n|\n|t:|1698846151\n|move|p2a: Koraidon|Flare Blitz|p1a: Giratina\n|-damage|p1a: Giratina|53\/100\n|-damage|p2a: Koraidon|55\/100|[from] Recoil\n|move|p1a: Giratina|Hyper Voice|p2a: Koraidon\n|-damage|p2a: Koraidon|21\/100\n|\n|-weather|SunnyDay|[upkeep]\n|upkeep\n|turn|12\n|\n|t:|1698846161\n|switch|p2a: Clodsire|Clodsire, F|100\/100\n|-start|p2a: Clodsire|typechange|Ground|[silent]\n|move|p1a: Giratina|Rest|p1a: Giratina\n|-status|p1a: Giratina|slp|[from] move: Rest\n|-heal|p1a: Giratina|100\/100 slp|[silent]\n|-enditem|p1a: Giratina|Chesto Berry|[eat]\n|-curestatus|p1a: Giratina|slp|[msg]\n|\n|-weather|SunnyDay|[upkeep]\n|upkeep\n|-start|p2a: Clodsire|typechange|Ground|[silent]\n|turn|13\n|inactive|Gyattebayo has 90 seconds left.\n|\n|t:|1698846192\n|move|p1a: Giratina|Calm Mind|p1a: Giratina\n|-boost|p1a: Giratina|spa|1\n|-boost|p1a: Giratina|spd|1\n|move|p2a: Clodsire|Toxic|p1a: Giratina\n|-status|p1a: Giratina|tox\n|\n|-weather|SunnyDay|[upkeep]\n|-damage|p1a: Giratina|94\/100 tox|[from] psn\n|upkeep\n|turn|14\n|inactive|premmalhotra has 60 seconds left.\n|l| PikPika789\n|\n|t:|1698846244\n|move|p1a: Giratina|Calm Mind|p1a: Giratina\n|-boost|p1a: Giratina|spa|1\n|-boost|p1a: Giratina|spd|1\n|move|p2a: Clodsire|Earthquake|p1a: Giratina\n|-damage|p1a: Giratina|83\/100 tox\n|\n|-weather|none\n|-damage|p1a: Giratina|71\/100 tox|[from] psn\n|upkeep\n|turn|15\n|\n|t:|1698846250\n|move|p1a: Giratina|Calm Mind|p1a: Giratina\n|-boost|p1a: Giratina|spa|1\n|-boost|p1a: Giratina|spd|1\n|move|p2a: Clodsire|Spikes|p1a: Giratina\n|-sidestart|p1: premmalhotra|Spikes\n|\n|-damage|p1a: Giratina|52\/100 tox|[from] psn\n|upkeep\n|turn|16\n|\n|t:|1698846263\n|move|p1a: Giratina|Shadow Ball|p2a: Clodsire\n|-damage|p2a: Clodsire|67\/100\n|move|p2a: Clodsire|Earthquake|p1a: Giratina\n|-damage|p1a: Giratina|40\/100 tox\n|\n|-heal|p2a: Clodsire|74\/100|[from] item: Leftovers\n|-damage|p1a: Giratina|16\/100 tox|[from] psn\n|upkeep\n|turn|17\n|\n|t:|1698846273\n|switch|p2a: Koraidon|Koraidon|21\/100\n|-start|p2a: Koraidon|typechange|Bug\/Fighting|[silent]\n|-weather|SunnyDay|[from] ability: Orichalcum Pulse|[of] p2a: Koraidon\n|-activate|p2a: Koraidon|Orichalcum Pulse|[source]\n|move|p1a: Giratina|Rest|p1a: Giratina\n|-status|p1a: Giratina|slp|[from] move: Rest\n|-heal|p1a: Giratina|100\/100 slp|[silent]\n|\n|-weather|SunnyDay|[upkeep]\n|upkeep\n|-start|p2a: Koraidon|typechange|Bug\/Fighting|[silent]\n|turn|18\n|\n|t:|1698846278\n|move|p2a: Koraidon|Flare Blitz|p1a: Giratina\n|-damage|p1a: Giratina|66\/100 slp\n|-damage|p2a: Koraidon|4\/100|[from] Recoil\n|cant|p1a: Giratina|slp\n|\n|-weather|SunnyDay|[upkeep]\n|upkeep\n|turn|19\n|\n|t:|1698846283\n|move|p2a: Koraidon|Flare Blitz|p1a: Giratina\n|-damage|p1a: Giratina|27\/100 slp\n|-damage|p2a: Koraidon|0 fnt|[from] Recoil\n|faint|p2a: Koraidon\n|cant|p1a: Giratina|slp\n|\n|-weather|SunnyDay|[upkeep]\n|upkeep\n|\n|t:|1698846287\n|switch|p2a: Corviknight|Corviknight, M|60\/100\n|-start|p2a: Corviknight|typechange|Bug\/Flying|[silent]\n|-ability|p2a: Corviknight|Pressure\n|-start|p2a: Corviknight|typechange|Bug\/Flying|[silent]\n|turn|20\n|\n|t:|1698846291\n|-curestatus|p1a: Giratina|slp|[msg]\n|move|p1a: Giratina|Rest|p1a: Giratina\n|-status|p1a: Giratina|slp|[from] move: Rest\n|-heal|p1a: Giratina|100\/100 slp|[silent]\n|move|p2a: Corviknight|Brave Bird|p1a: Giratina\n|-damage|p1a: Giratina|84\/100 slp\n|-damage|p2a: Corviknight|53\/100|[from] Recoil\n|\n|-weather|SunnyDay|[upkeep]\n|-heal|p2a: Corviknight|59\/100|[from] item: Leftovers\n|upkeep\n|turn|21\n|inactive|Gyattebayo has 120 seconds left.\n|\n|t:|1698846325\n|cant|p1a: Giratina|slp\n|move|p2a: Corviknight|Roost|p2a: Corviknight\n|-heal|p2a: Corviknight|100\/100\n|-singleturn|p2a: Corviknight|move: Roost\n|\n|-weather|none\n|upkeep\n|turn|22\n|\n|t:|1698846331\n|switch|p2a: Miraidon|Miraidon|100\/100\n|-start|p2a: Miraidon|typechange|Electric|[silent]\n|-fieldstart|move: Electric Terrain|[from] ability: Hadron Engine|[of] p2a: Miraidon\n|cant|p1a: Giratina|slp\n|\n|upkeep\n|-start|p2a: Miraidon|typechange|Electric|[silent]\n|turn|23\n|\n|t:|1698846338\n|move|p2a: Miraidon|Electro Drift|p1a: Giratina\n|-damage|p1a: Giratina|51\/100 slp\n|-curestatus|p1a: Giratina|slp|[msg]\n|move|p1a: Giratina|Hyper Voice|p2a: Miraidon\n|-damage|p2a: Miraidon|29\/100\n|\n|upkeep\n|turn|24\n|\n|t:|1698846344\n|move|p2a: Miraidon|Electro Drift|p1a: Giratina\n|-damage|p1a: Giratina|17\/100\n|move|p1a: Giratina|Hyper Voice|p2a: Miraidon\n|-damage|p2a: Miraidon|0 fnt\n|faint|p2a: Miraidon\n|\n|upkeep\n|\n|t:|1698846351\n|switch|p2a: Clodsire|Clodsire, F|74\/100\n|-start|p2a: Clodsire|typechange|Ground|[silent]\n|-start|p2a: Clodsire|typechange|Ground|[silent]\n|turn|25\n|\n|t:|1698846361\n|switch|p1a: Avalugg|Avalugg, F|100\/100\n|-start|p1a: Avalugg|typechange|Fighting\/Normal|[silent]\n|-damage|p1a: Avalugg|88\/100|[from] Spikes\n|move|p2a: Clodsire|Toxic|p1a: Avalugg\n|-status|p1a: Avalugg|tox\n|\n|-heal|p2a: Clodsire|80\/100|[from] item: Leftovers\n|-damage|p1a: Avalugg|82\/100 tox|[from] psn\n|upkeep\n|-start|p1a: Avalugg|typechange|Fighting\/Normal|[silent]\n|turn|26\n|j| PikPika789\n|inactive|Gyattebayo has 120 seconds left.\n|\n|t:|1698846394\n|move|p1a: Avalugg|Rapid Spin|p2a: Clodsire\n|-damage|p2a: Clodsire|57\/100\n|-boost|p1a: Avalugg|spe|1\n|-sideend|p1: premmalhotra|Spikes|[from] move: Rapid Spin|[of] p1a: Avalugg\n|move|p2a: Clodsire|Earthquake|p1a: Avalugg\n|-damage|p1a: Avalugg|70\/100 tox\n|\n|-heal|p2a: Clodsire|63\/100|[from] item: Leftovers\n|-damage|p1a: Avalugg|58\/100 tox|[from] psn\n|-fieldend|move: Electric Terrain\n|upkeep\n|turn|27\n|j|^RUMYMOME\n|inactive|premmalhotra has 120 seconds left.\n|l| agate_XsoulY2k\n|inactive|premmalhotra has 90 seconds left.\n|\n|t:|1698846468\n|switch|p1a: Florges|Florges, F|100\/100\n|-start|p1a: Florges|typechange|Grass\/Water|[silent]\n|move|p2a: Clodsire|Recover|p2a: Clodsire\n|-heal|p2a: Clodsire|100\/100\n|\n|upkeep\n|-start|p1a: Florges|typechange|Grass\/Water|[silent]\n|turn|28\n|\n|t:|1698846477\n|move|p1a: Florges|Chilling Water|p2a: Clodsire\n|-immune|p2a: Clodsire|[from] ability: Water Absorb\n|move|p2a: Clodsire|Earthquake|p1a: Florges\n|-resisted|p1a: Florges\n|-damage|p1a: Florges|85\/100\n|\n|-heal|p1a: Florges|91\/100|[from] item: Leftovers\n|upkeep\n|turn|29\n|inactive|premmalhotra has 90 seconds left.\n|\n|t:|1698846483\n|switch|p2a: Corviknight|Corviknight, M|100\/100\n|-start|p2a: Corviknight|typechange|Bug\/Flying|[silent]\n|-ability|p2a: Corviknight|Pressure\n|move|p1a: Florges|Calm Mind|p1a: Florges\n|-boost|p1a: Florges|spa|1\n|-boost|p1a: Florges|spd|1\n|\n|-heal|p1a: Florges|97\/100|[from] item: Leftovers\n|upkeep\n|-start|p2a: Corviknight|typechange|Bug\/Flying|[silent]\n|turn|30\n|\n|t:|1698846489\n|switch|p1a: Zacian|Zacian-Crowned|100\/100\n|-start|p1a: Zacian|typechange|Steel\/Fighting|[silent]\n|-ability|p1a: Zacian|Intrepid Sword|boost\n|-boost|p1a: Zacian|atk|1\n|move|p2a: Corviknight|Brave Bird|p1a: Zacian\n|-damage|p1a: Zacian|67\/100\n|-damage|p2a: Corviknight|91\/100|[from] Recoil\n|\n|-heal|p2a: Corviknight|98\/100|[from] item: Leftovers\n|upkeep\n|-start|p1a: Zacian|typechange|Steel\/Fighting|[silent]\n|turn|31\n|\n|t:|1698846517\n|move|p1a: Zacian|Swords Dance|p1a: Zacian\n|-boost|p1a: Zacian|atk|2\n|move|p2a: Corviknight|U-turn|p1a: Zacian\n|-resisted|p1a: Zacian\n|-damage|p1a: Zacian|62\/100\n|\n|t:|1698846520\n|switch|p2a: Clodsire|Clodsire, F|100\/100|[from] U-turn\n|-start|p2a: Clodsire|typechange|Ground|[silent]\n|\n|upkeep\n|-start|p2a: Clodsire|typechange|Ground|[silent]\n|turn|32\n|inactive|premmalhotra has 90 seconds left.\n|\n|t:|1698846565\n|-terastallize|p1a: Zacian|Steel\n|move|p1a: Zacian|Behemoth Blade|p2a: Clodsire\n|-damage|p2a: Clodsire|0 fnt\n|faint|p2a: Clodsire\n|\n|upkeep\n|\n|t:|1698846572\n|switch|p2a: Corviknight|Corviknight, M|98\/100\n|-start|p2a: Corviknight|typechange|Bug\/Flying|[silent]\n|-ability|p2a: Corviknight|Pressure\n|-start|p2a: Corviknight|typechange|Bug\/Flying|[silent]\n|turn|33\n|-message|Gyattebayo forfeited.\n|\n|win|premmalhotra\n|n|\u2606premmalhotra|premmalhotra\n|n|\u2606Gyattebayo|gyattebayo\n|n|*Lady Monita \u263d|ladymonita\n|n| jerin123|jerin123\n|n| PikPika789|pikpika789\n|n| RUMYMOME|rumymome\n","uploadtime":1698846579,"views":11,"p1id":"premmalhotra","p2id":"gyattebayo","formatid":"gen9anythinggoes","rating":0,"private":0,"password":""}