{"id":"gen9anythinggoes-1989620441","p1":"Kanha Greninja","p2":"CafeLeBlegh","format":"[Gen 9] Anything Goes","log":"|j|\u2606Kanha Greninja\n|j|\u2606CafeLeBlegh\n|t:|1699879779\n|gametype|singles\n|player|p1|Kanha Greninja|doubleteam|1584\n|player|p2|CafeLeBlegh|169|1672\n|teamsize|p1|6\n|teamsize|p2|6\n|gen|9\n|tier|[Gen 9] Anything Goes\n|rated|\n|rule|HP Percentage Mod: HP is shown in percentages\n|rule|Endless Battle Clause: Forcing endless battles is banned\n|clearpoke\n|poke|p1|Calyrex-Shadow|\n|poke|p1|Arceus|\n|poke|p1|Koraidon|\n|poke|p1|Koraidon|\n|poke|p1|Arceus-Ground|\n|poke|p1|Skeledirge, M|\n|poke|p2|Magearna|\n|poke|p2|Skeledirge, F|\n|poke|p2|Giratina-Origin|\n|poke|p2|Arceus|\n|poke|p2|Arceus-Ground|\n|poke|p2|Baxcalibur, F|\n|teampreview\n|\n|t:|1699879800\n|start\n|switch|p1a: Skeledirge|Skeledirge, M|100\/100\n|switch|p2a: Skeledirge|Skeledirge, F|100\/100\n|turn|1\n|\n|t:|1699879813\n|switch|p2a: Giratina|Giratina-Origin|100\/100\n|switch|p1a: Arceus|Arceus|100\/100\n|\n|upkeep\n|turn|2\n|\n|t:|1699879821\n|switch|p1a: Arceus|Arceus-Ground|100\/100\n|switch|p2a: Skeledirge|Skeledirge, F|100\/100\n|\n|upkeep\n|turn|3\n|\n|t:|1699879828\n|switch|p2a: Giratina|Giratina-Origin|100\/100\n|move|p1a: Arceus|Taunt|p2a: Giratina\n|-start|p2a: Giratina|move: Taunt\n|\n|upkeep\n|turn|4\n|\n|t:|1699879831\n|move|p1a: Arceus|Calm Mind|p1a: Arceus\n|-boost|p1a: Arceus|spa|1\n|-boost|p1a: Arceus|spd|1\n|move|p2a: Giratina|Dragon Claw|p1a: Arceus\n|-damage|p1a: Arceus|64\/100\n|\n|upkeep\n|turn|5\n|\n|t:|1699879837\n|move|p1a: Arceus|Ice Beam|p2a: Giratina\n|-supereffective|p2a: Giratina\n|-damage|p2a: Giratina|41\/100\n|move|p2a: Giratina|Poltergeist|p1a: Arceus\n|-activate|p1a: Arceus|move: Poltergeist|Earth Plate\n|-damage|p1a: Arceus|13\/100\n|\n|-end|p2a: Giratina|move: Taunt\n|upkeep\n|turn|6\n|\n|t:|1699879841\n|move|p2a: Giratina|Shadow Sneak|p1a: Arceus\n|-damage|p1a: Arceus|0 fnt\n|faint|p1a: Arceus\n|\n|upkeep\n|\n|t:|1699879849\n|switch|p1a: Koraidon|Koraidon|100\/100\n|-weather|SunnyDay|[from] ability: Orichalcum Pulse|[of] p1a: Koraidon\n|-activate|p1a: Koraidon|Orichalcum Pulse|[source]\n|turn|7\n|\n|t:|1699879851\n|switch|p2a: Skeledirge|Skeledirge, F|100\/100\n|move|p1a: Koraidon|Scale Shot|p2a: Skeledirge\n|-damage|p2a: Skeledirge|89\/100\n|-damage|p2a: Skeledirge|78\/100\n|-damage|p2a: Skeledirge|68\/100\n|-damage|p2a: Skeledirge|57\/100\n|-hitcount|p2a: Skeledirge|4\n|-unboost|p1a: Koraidon|def|1\n|-boost|p1a: Koraidon|spe|1\n|\n|-weather|SunnyDay|[upkeep]\n|-heal|p2a: Skeledirge|63\/100|[from] item: Leftovers\n|upkeep\n|turn|8\n|\n|t:|1699879874\n|switch|p1a: Arceus|Arceus|100\/100\n|move|p2a: Skeledirge|Slack Off|p2a: Skeledirge\n|-heal|p2a: Skeledirge|100\/100\n|\n|-weather|SunnyDay|[upkeep]\n|upkeep\n|turn|9\n|\n|t:|1699879881\n|switch|p1a: Skeledirge|Skeledirge, M|100\/100\n|move|p2a: Skeledirge|Will-O-Wisp|p1a: Skeledirge\n|-immune|p1a: Skeledirge\n|\n|-weather|SunnyDay|[upkeep]\n|upkeep\n|turn|10\n|\n|t:|1699879893\n|switch|p2a: Arceus|Arceus|100\/100\n|move|p1a: Skeledirge|Earth Power|p2a: Arceus\n|-damage|p2a: Arceus|89\/100\n|\n|-weather|SunnyDay|[upkeep]\n|-heal|p2a: Arceus|95\/100|[from] item: Leftovers\n|upkeep\n|turn|11\n|\n|t:|1699879898\n|switch|p2a: Baxcalibur|Baxcalibur, F|100\/100\n|move|p1a: Skeledirge|Will-O-Wisp|p2a: Baxcalibur\n|-immune|p2a: Baxcalibur|[from] ability: Thermal Exchange\n|\n|-weather|none\n|upkeep\n|turn|12\n|\n|t:|1699879905\n|move|p2a: Baxcalibur|Scale Shot|p1a: Skeledirge\n|-damage|p1a: Skeledirge|92\/100\n|-damage|p1a: Skeledirge|84\/100\n|-damage|p1a: Skeledirge|76\/100\n|-damage|p1a: Skeledirge|67\/100\n|-damage|p1a: Skeledirge|59\/100\n|-hitcount|p1a: Skeledirge|5\n|-unboost|p2a: Baxcalibur|def|1\n|-boost|p2a: Baxcalibur|spe|1\n|move|p1a: Skeledirge|Torch Song|p2a: Baxcalibur\n|-damage|p2a: Baxcalibur|71\/100\n|-boost|p1a: Skeledirge|spa|1\n|-ability|p2a: Baxcalibur|Thermal Exchange|boost\n|-boost|p2a: Baxcalibur|atk|1\n|\n|upkeep\n|turn|13\n|\n|t:|1699879912\n|move|p2a: Baxcalibur|Earthquake|p1a: Skeledirge\n|-supereffective|p1a: Skeledirge\n|-damage|p1a: Skeledirge|14\/100\n|move|p1a: Skeledirge|Slack Off|p1a: Skeledirge\n|-heal|p1a: Skeledirge|64\/100\n|\n|upkeep\n|turn|14\n|\n|t:|1699879918\n|move|p2a: Baxcalibur|Scale Shot|p1a: Skeledirge|[miss]\n|-miss|p2a: Baxcalibur|p1a: Skeledirge\n|move|p1a: Skeledirge|Slack Off|p1a: Skeledirge\n|-heal|p1a: Skeledirge|100\/100\n|\n|upkeep\n|turn|15\n|\n|t:|1699879923\n|move|p2a: Baxcalibur|Earthquake|p1a: Skeledirge\n|-supereffective|p1a: Skeledirge\n|-damage|p1a: Skeledirge|55\/100\n|move|p1a: Skeledirge|Torch Song|p2a: Baxcalibur\n|-damage|p2a: Baxcalibur|26\/100\n|-boost|p1a: Skeledirge|spa|1\n|-ability|p2a: Baxcalibur|Thermal Exchange|boost\n|-boost|p2a: Baxcalibur|atk|1\n|\n|upkeep\n|turn|16\n|\n|t:|1699879927\n|-terastallize|p2a: Baxcalibur|Dragon\n|move|p2a: Baxcalibur|Scale Shot|p1a: Skeledirge\n|-damage|p1a: Skeledirge|44\/100\n|-damage|p1a: Skeledirge|31\/100\n|-damage|p1a: Skeledirge|20\/100\n|-damage|p1a: Skeledirge|8\/100\n|-hitcount|p1a: Skeledirge|4\n|-unboost|p2a: Baxcalibur|def|1\n|-boost|p2a: Baxcalibur|spe|1\n|move|p1a: Skeledirge|Slack Off|p1a: Skeledirge\n|-heal|p1a: Skeledirge|58\/100\n|\n|upkeep\n|turn|17\n|\n|t:|1699879935\n|move|p2a: Baxcalibur|Scale Shot|p1a: Skeledirge\n|-damage|p1a: Skeledirge|46\/100\n|-damage|p1a: Skeledirge|35\/100\n|-damage|p1a: Skeledirge|24\/100\n|-damage|p1a: Skeledirge|13\/100\n|-damage|p1a: Skeledirge|2\/100\n|-hitcount|p1a: Skeledirge|5\n|-unboost|p2a: Baxcalibur|def|1\n|-boost|p2a: Baxcalibur|spe|1\n|move|p1a: Skeledirge|Slack Off|p1a: Skeledirge\n|-heal|p1a: Skeledirge|52\/100\n|\n|upkeep\n|turn|18\n|\n|t:|1699879938\n|move|p2a: Baxcalibur|Scale Shot|p1a: Skeledirge\n|-damage|p1a: Skeledirge|42\/100\n|-damage|p1a: Skeledirge|30\/100\n|-damage|p1a: Skeledirge|18\/100\n|-damage|p1a: Skeledirge|7\/100\n|-damage|p1a: Skeledirge|0 fnt\n|faint|p1a: Skeledirge\n|-hitcount|p1: Skeledirge|5\n|-unboost|p2a: Baxcalibur|def|1\n|-boost|p2a: Baxcalibur|spe|1\n|\n|upkeep\n|\n|t:|1699879944\n|switch|p1a: Arceus|Arceus|100\/100\n|turn|19\n|\n|t:|1699879946\n|switch|p2a: Skeledirge|Skeledirge, F|100\/100\n|move|p1a: Arceus|Extreme Speed|p2a: Skeledirge\n|-immune|p2a: Skeledirge\n|\n|upkeep\n|turn|20\n|\n|t:|1699879950\n|switch|p1a: Calyrex|Calyrex-Shadow|100\/100\n|-ability|p1a: Calyrex|As One\n|-ability|p1a: Calyrex|Unnerve\n|move|p2a: Skeledirge|Will-O-Wisp|p1a: Calyrex\n|-status|p1a: Calyrex|brn\n|\n|-damage|p1a: Calyrex|94\/100 brn|[from] brn\n|upkeep\n|turn|21\n|\n|t:|1699879959\n|switch|p2a: Arceus|Arceus|95\/100\n|move|p1a: Calyrex|Nasty Plot|p1a: Calyrex\n|-boost|p1a: Calyrex|spa|2\n|\n|-heal|p2a: Arceus|100\/100|[from] item: Leftovers\n|-damage|p1a: Calyrex|88\/100 brn|[from] brn\n|upkeep\n|turn|22\n|\n|t:|1699879964\n|-terastallize|p1a: Calyrex|Normal\n|move|p1a: Calyrex|Grass Knot|p2a: Arceus\n|-damage|p2a: Arceus|43\/100\n|move|p2a: Arceus|Shadow Claw|p1a: Calyrex\n|-immune|p1a: Calyrex\n|\n|-heal|p2a: Arceus|49\/100|[from] item: Leftovers\n|-damage|p1a: Calyrex|82\/100 brn|[from] brn\n|upkeep\n|turn|23\n|j| GUESSWHOTPRADO\n|\n|t:|1699879969\n|move|p2a: Arceus|Extreme Speed|p1a: Calyrex\n|-damage|p1a: Calyrex|40\/100 brn\n|move|p1a: Calyrex|Grass Knot|p2a: Arceus\n|-damage|p2a: Arceus|0 fnt\n|faint|p2a: Arceus\n|-ability|p1a: Calyrex|Grim Neigh|boost\n|-boost|p1a: Calyrex|spa|1\n|\n|-damage|p1a: Calyrex|34\/100 brn|[from] brn\n|upkeep\n|\n|t:|1699879981\n|switch|p2a: Arceus|Arceus-Ground|100\/100\n|turn|24\n|\n|t:|1699879986\n|move|p2a: Arceus|Extreme Speed|p1a: Calyrex\n|-damage|p1a: Calyrex|8\/100 brn\n|move|p1a: Calyrex|Astral Barrage|p2a: Arceus\n|-damage|p2a: Arceus|11\/100\n|\n|-damage|p1a: Calyrex|2\/100 brn|[from] brn\n|upkeep\n|turn|25\n|\n|t:|1699879990\n|move|p2a: Arceus|Extreme Speed|p1a: Calyrex\n|-damage|p1a: Calyrex|0 fnt\n|faint|p1a: Calyrex\n|\n|upkeep\n|\n|t:|1699880007\n|switch|p1a: Arceus|Arceus|100\/100\n|turn|26\n|\n|t:|1699880011\n|switch|p2a: Skeledirge|Skeledirge, F|100\/100\n|move|p1a: Arceus|Earthquake|p2a: Skeledirge\n|-supereffective|p2a: Skeledirge\n|-damage|p2a: Skeledirge|44\/100\n|-damage|p1a: Arceus|91\/100|[from] item: Life Orb\n|\n|-heal|p2a: Skeledirge|50\/100|[from] item: Leftovers\n|upkeep\n|turn|27\n|\n|t:|1699880017\n|switch|p2a: Arceus|Arceus-Ground|11\/100\n|move|p1a: Arceus|Earthquake|p2a: Arceus\n|-damage|p2a: Arceus|0 fnt\n|faint|p2a: Arceus\n|-damage|p1a: Arceus|81\/100|[from] item: Life Orb\n|\n|upkeep\n|\n|t:|1699880022\n|switch|p2a: Magearna|Magearna|100\/100\n|turn|28\n|\n|t:|1699880028\n|switch|p1a: Koraidon|Koraidon|100\/100\n|-weather|SunnyDay|[from] ability: Orichalcum Pulse|[of] p1a: Koraidon\n|-activate|p1a: Koraidon|Orichalcum Pulse|[source]\n|move|p2a: Magearna|Encore||[still]\n|-fail|p2a: Magearna\n|\n|-weather|SunnyDay|[upkeep]\n|upkeep\n|turn|29\n|\n|t:|1699880041\n|switch|p2a: Giratina|Giratina-Origin|41\/100\n|move|p1a: Koraidon|Flare Blitz|p2a: Giratina\n|-resisted|p2a: Giratina\n|-damage|p2a: Giratina|12\/100\n|-damage|p1a: Koraidon|86\/100|[from] Recoil\n|\n|-weather|SunnyDay|[upkeep]\n|upkeep\n|turn|30\n|\n|t:|1699880046\n|switch|p2a: Skeledirge|Skeledirge, F|50\/100\n|move|p1a: Koraidon|Scale Shot|p2a: Skeledirge|[miss]\n|-miss|p1a: Koraidon|p2a: Skeledirge\n|\n|-weather|SunnyDay|[upkeep]\n|-heal|p2a: Skeledirge|56\/100|[from] item: Leftovers\n|upkeep\n|turn|31\n|\n|t:|1699880053\n|move|p1a: Koraidon|Scale Shot|p2a: Skeledirge\n|-damage|p2a: Skeledirge|46\/100\n|-damage|p2a: Skeledirge|35\/100\n|-damage|p2a: Skeledirge|24\/100\n|-damage|p2a: Skeledirge|12\/100\n|-damage|p2a: Skeledirge|1\/100\n|-hitcount|p2a: Skeledirge|5\n|-unboost|p1a: Koraidon|def|1\n|-boost|p1a: Koraidon|spe|1\n|move|p2a: Skeledirge|Slack Off|p2a: Skeledirge\n|-heal|p2a: Skeledirge|51\/100\n|\n|-weather|SunnyDay|[upkeep]\n|-heal|p2a: Skeledirge|58\/100|[from] item: Leftovers\n|upkeep\n|turn|32\n|\n|t:|1699880057\n|move|p1a: Koraidon|Scale Shot|p2a: Skeledirge\n|-damage|p2a: Skeledirge|47\/100\n|-damage|p2a: Skeledirge|35\/100\n|-damage|p2a: Skeledirge|25\/100\n|-damage|p2a: Skeledirge|13\/100\n|-damage|p2a: Skeledirge|2\/100\n|-hitcount|p2a: Skeledirge|5\n|-unboost|p1a: Koraidon|def|1\n|-boost|p1a: Koraidon|spe|1\n|move|p2a: Skeledirge|Slack Off|p2a: Skeledirge\n|-heal|p2a: Skeledirge|52\/100\n|\n|-weather|none\n|-heal|p2a: Skeledirge|58\/100|[from] item: Leftovers\n|upkeep\n|turn|33\n|\n|t:|1699880060\n|move|p1a: Koraidon|Scale Shot|p2a: Skeledirge\n|-damage|p2a: Skeledirge|50\/100\n|-damage|p2a: Skeledirge|41\/100\n|-damage|p2a: Skeledirge|33\/100\n|-damage|p2a: Skeledirge|24\/100\n|-damage|p2a: Skeledirge|16\/100\n|-hitcount|p2a: Skeledirge|5\n|-unboost|p1a: Koraidon|def|1\n|-boost|p1a: Koraidon|spe|1\n|move|p2a: Skeledirge|Slack Off|p2a: Skeledirge\n|-heal|p2a: Skeledirge|66\/100\n|\n|-heal|p2a: Skeledirge|72\/100|[from] item: Leftovers\n|upkeep\n|turn|34\n|l| GUESSWHOTPRADO\n|\n|t:|1699880063\n|move|p1a: Koraidon|Scale Shot|p2a: Skeledirge\n|-damage|p2a: Skeledirge|64\/100\n|-damage|p2a: Skeledirge|56\/100\n|-damage|p2a: Skeledirge|48\/100\n|-damage|p2a: Skeledirge|40\/100\n|-damage|p2a: Skeledirge|32\/100\n|-hitcount|p2a: Skeledirge|5\n|-unboost|p1a: Koraidon|def|1\n|-boost|p1a: Koraidon|spe|1\n|move|p2a: Skeledirge|Slack Off|p2a: Skeledirge\n|-heal|p2a: Skeledirge|82\/100\n|\n|-heal|p2a: Skeledirge|88\/100|[from] item: Leftovers\n|upkeep\n|turn|35\n|\n|t:|1699880065\n|move|p1a: Koraidon|Scale Shot|p2a: Skeledirge\n|-damage|p2a: Skeledirge|81\/100\n|-damage|p2a: Skeledirge|73\/100\n|-damage|p2a: Skeledirge|64\/100\n|-damage|p2a: Skeledirge|56\/100\n|-damage|p2a: Skeledirge|48\/100\n|-hitcount|p2a: Skeledirge|5\n|-unboost|p1a: Koraidon|def|1\n|-boost|p1a: Koraidon|spe|1\n|move|p2a: Skeledirge|Will-O-Wisp|p1a: Koraidon\n|-status|p1a: Koraidon|brn\n|\n|-heal|p2a: Skeledirge|54\/100|[from] item: Leftovers\n|-damage|p1a: Koraidon|80\/100 brn|[from] brn\n|upkeep\n|turn|36\n|\n|t:|1699880070\n|move|p1a: Koraidon|Scale Shot|p2a: Skeledirge\n|-damage|p2a: Skeledirge|50\/100\n|-damage|p2a: Skeledirge|46\/100\n|-damage|p2a: Skeledirge|42\/100\n|-damage|p2a: Skeledirge|38\/100\n|-hitcount|p2a: Skeledirge|4\n|-unboost|p1a: Koraidon|def|1\n|-boost|p1a: Koraidon|spe|1\n|move|p2a: Skeledirge|Slack Off|p2a: Skeledirge\n|-heal|p2a: Skeledirge|88\/100\n|\n|-heal|p2a: Skeledirge|94\/100|[from] item: Leftovers\n|-damage|p1a: Koraidon|74\/100 brn|[from] brn\n|upkeep\n|turn|37\n|inactive|Battle timer is ON: inactive players will automatically lose when time's up. (requested by Kanha Greninja)\n|\n|t:|1699880086\n|move|p1a: Koraidon|Scale Shot|p2a: Skeledirge\n|-damage|p2a: Skeledirge|90\/100\n|-damage|p2a: Skeledirge|86\/100\n|-damage|p2a: Skeledirge|83\/100\n|-damage|p2a: Skeledirge|79\/100\n|-hitcount|p2a: Skeledirge|4\n|move|p2a: Skeledirge|Hex|p1a: Koraidon\n|-damage|p1a: Koraidon|25\/100 brn\n|\n|-heal|p2a: Skeledirge|85\/100|[from] item: Leftovers\n|-damage|p1a: Koraidon|19\/100 brn|[from] brn\n|upkeep\n|turn|38\n|\n|t:|1699880100\n|move|p1a: Koraidon|Scale Shot|p2a: Skeledirge|[miss]\n|-miss|p1a: Koraidon|p2a: Skeledirge\n|move|p2a: Skeledirge|Hex|p1a: Koraidon\n|-damage|p1a: Koraidon|0 fnt\n|faint|p1a: Koraidon\n|\n|-heal|p2a: Skeledirge|91\/100|[from] item: Leftovers\n|upkeep\n|\n|t:|1699880104\n|switch|p1a: Arceus|Arceus|81\/100\n|turn|39\n|\n|t:|1699880110\n|move|p1a: Arceus|Earthquake|p2a: Skeledirge\n|-supereffective|p2a: Skeledirge\n|-damage|p2a: Skeledirge|32\/100\n|-damage|p1a: Arceus|71\/100|[from] item: Life Orb\n|move|p2a: Skeledirge|Will-O-Wisp|p1a: Arceus|[miss]\n|-miss|p2a: Skeledirge|p1a: Arceus\n|\n|-heal|p2a: Skeledirge|38\/100|[from] item: Leftovers\n|upkeep\n|turn|40\n|\n|t:|1699880119\n|move|p1a: Arceus|Earthquake|p2a: Skeledirge\n|-supereffective|p2a: Skeledirge\n|-damage|p2a: Skeledirge|0 fnt\n|faint|p2a: Skeledirge\n|-damage|p1a: Arceus|61\/100|[from] item: Life Orb\n|\n|upkeep\n|\n|t:|1699880120\n|switch|p2a: Magearna|Magearna|100\/100\n|turn|41\n|\n|t:|1699880125\n|move|p1a: Arceus|Earthquake|p2a: Magearna\n|-supereffective|p2a: Magearna\n|-damage|p2a: Magearna|18\/100\n|-damage|p1a: Arceus|51\/100|[from] item: Life Orb\n|move|p2a: Magearna|Shift Gear|p2a: Magearna\n|-boost|p2a: Magearna|spe|2\n|-boost|p2a: Magearna|atk|1\n|\n|upkeep\n|turn|42\n|\n|t:|1699880136\n|move|p1a: Arceus|Extreme Speed|p2a: Magearna\n|-resisted|p2a: Magearna\n|-damage|p2a: Magearna|0 fnt\n|faint|p2a: Magearna\n|-damage|p1a: Arceus|41\/100|[from] item: Life Orb\n|\n|upkeep\n|\n|t:|1699880139\n|switch|p2a: Giratina|Giratina-Origin|12\/100\n|turn|43\n|\n|t:|1699880144\n|move|p1a: Arceus|Shadow Claw|p2a: Giratina\n|-supereffective|p2a: Giratina\n|-damage|p2a: Giratina|0 fnt\n|faint|p2a: Giratina\n|-damage|p1a: Arceus|31\/100|[from] item: Life Orb\n|\n|upkeep\n|\n|t:|1699880147\n|switch|p2a: Baxcalibur|Baxcalibur, F, tera:Dragon|26\/100\n|turn|44\n|\n|t:|1699880163\n|move|p1a: Arceus|Extreme Speed|p2a: Baxcalibur\n|-damage|p2a: Baxcalibur|0 fnt\n|faint|p2a: Baxcalibur\n|-damage|p1a: Arceus|21\/100|[from] item: Life Orb\n|\n|win|Kanha Greninja\n|raw|Kanha Greninja's rating: 1584 &rarr; <strong>1609<\/strong><br \/>(+25 for winning)\n|raw|CafeLeBlegh's rating: 1672 &rarr; <strong>1647<\/strong><br \/>(-25 for losing)\n|l|\u2606CafeLeBlegh\n","uploadtime":1699880168,"views":8,"p1id":"kanhagreninja","p2id":"cafeleblegh","formatid":"gen9anythinggoes","rating":1609,"private":0,"password":""}