{"id":"gen9anythinggoes-1980828859","p1":"I sometimes win","p2":"Glaceran","format":"[Gen 9] Anything Goes","log":"|j|\u2606I sometimes win\n|j|\u2606Glaceran\n|t:|1698839571\n|gametype|singles\n|player|p1|I sometimes win|alec-anime|1439\n|player|p2|Glaceran|wally-gen3|1507\n|teamsize|p1|6\n|teamsize|p2|6\n|gen|9\n|tier|[Gen 9] Anything Goes\n|rated|\n|rule|HP Percentage Mod: HP is shown in percentages\n|rule|Endless Battle Clause: Forcing endless battles is banned\n|clearpoke\n|poke|p1|Calyrex-Shadow|\n|poke|p1|Arceus|\n|poke|p1|Landorus, M|\n|poke|p1|Glimmora, M|\n|poke|p1|Dialga-Origin|\n|poke|p1|Zacian-*|\n|poke|p2|Ceruledge, M|\n|poke|p2|Calyrex-Shadow|\n|poke|p2|Baxcalibur, M|\n|poke|p2|Skeledirge, M|\n|poke|p2|Corviknight, M|\n|poke|p2|Cyclizar, F|\n|teampreview\n|inactive|Battle timer is ON: inactive players will automatically lose when time's up. (requested by I sometimes win)\n|c|\u2606I sometimes win|did i just play you?\n|c|\u2606Glaceran|yep\n|inactive|I sometimes win has 120 seconds left.\n|j| yahhhhhhhh\n|c|\u2606Glaceran|well we know eachothers mons so uh\n|\n|t:|1698839611\n|start\n|switch|p1a: Kronos|Dialga-Origin|100\/100\n|switch|p2a: Cyclizar|Cyclizar, F|100\/100\n|turn|1\n|\n|t:|1698839622\n|move|p2a: Cyclizar|Shed Tail|p2a: Cyclizar\n|-start|p2a: Cyclizar|Substitute|[from] move: Shed Tail\n|-damage|p2a: Cyclizar|50\/100\n|\n|t:|1698839625\n|switch|p2a: Corviknight|Corviknight, M|100\/100|[from] Shed Tail\n|-ability|p2a: Corviknight|Pressure\n|move|p1a: Kronos|Flash Cannon|p2a: Corviknight\n|-resisted|p2a: Corviknight\n|-end|p2a: Corviknight|Substitute\n|\n|upkeep\n|turn|2\n|\n|t:|1698839633\n|move|p1a: Kronos|Protect|p1a: Kronos\n|-singleturn|p1a: Kronos|Protect\n|move|p2a: Corviknight|U-turn|p1a: Kronos\n|-activate|p1a: Kronos|move: Protect\n|\n|upkeep\n|turn|3\n|\n|t:|1698839640\n|move|p1a: Kronos|Flash Cannon|p2a: Corviknight\n|-resisted|p2a: Corviknight\n|-damage|p2a: Corviknight|72\/100\n|-unboost|p2a: Corviknight|spd|1\n|move|p2a: Corviknight|Defog|p1a: Kronos\n|-unboost|p1a: Kronos|evasion|1\n|\n|-heal|p2a: Corviknight|78\/100|[from] item: Leftovers\n|upkeep\n|turn|4\n|\n|t:|1698839645\n|move|p1a: Kronos|Flash Cannon|p2a: Corviknight\n|-resisted|p2a: Corviknight\n|-damage|p2a: Corviknight|36\/100\n|move|p2a: Corviknight|Roost|p2a: Corviknight\n|-heal|p2a: Corviknight|86\/100\n|-singleturn|p2a: Corviknight|move: Roost\n|\n|-heal|p2a: Corviknight|92\/100|[from] item: Leftovers\n|upkeep\n|turn|5\n|\n|t:|1698839650\n|switch|p2a: Skeledirge|Skeledirge, M|100\/100\n|move|p1a: Kronos|Flash Cannon|p2a: Skeledirge\n|-resisted|p2a: Skeledirge\n|-damage|p2a: Skeledirge|63\/100\n|\n|upkeep\n|turn|6\n|\n|t:|1698839655\n|switch|p2a: Corviknight|Corviknight, M|92\/100\n|-ability|p2a: Corviknight|Pressure\n|move|p1a: Kronos|Protect||[still]\n|-fail|p1a: Kronos\n|\n|-heal|p2a: Corviknight|99\/100|[from] item: Leftovers\n|upkeep\n|turn|7\n|\n|t:|1698839660\n|move|p1a: Kronos|Flash Cannon|p2a: Corviknight\n|-resisted|p2a: Corviknight\n|-damage|p2a: Corviknight|74\/100\n|move|p2a: Corviknight|Brave Bird|p1a: Kronos\n|-resisted|p1a: Kronos\n|-damage|p1a: Kronos|84\/100\n|-damage|p2a: Corviknight|69\/100|[from] Recoil\n|\n|-heal|p2a: Corviknight|75\/100|[from] item: Leftovers\n|upkeep\n|turn|8\n|\n|t:|1698839664\n|move|p1a: Kronos|Flash Cannon|p2a: Corviknight\n|-resisted|p2a: Corviknight\n|-crit|p2a: Corviknight\n|-damage|p2a: Corviknight|37\/100\n|move|p2a: Corviknight|U-turn|p1a: Kronos\n|-resisted|p1a: Kronos\n|-damage|p1a: Kronos|78\/100\n|\n|t:|1698839669\n|switch|p2a: Ceruledge|Ceruledge, M|100\/100|[from] U-turn\n|\n|upkeep\n|turn|9\n|\n|t:|1698839673\n|move|p2a: Ceruledge|Swords Dance|p2a: Ceruledge\n|-boost|p2a: Ceruledge|atk|2\n|move|p1a: Kronos|Flash Cannon|p2a: Ceruledge\n|-resisted|p2a: Ceruledge\n|-damage|p2a: Ceruledge|68\/100\n|\n|upkeep\n|turn|10\n|\n|t:|1698839676\n|move|p2a: Ceruledge|Bitter Blade|p1a: Kronos\n|-damage|p1a: Kronos|4\/100\n|-heal|p2a: Ceruledge|100\/100|[from] drain|[of] p1a: Kronos\n|move|p1a: Kronos|Draco Meteor|p2a: Ceruledge\n|-enditem|p2a: Ceruledge|Focus Sash\n|-damage|p2a: Ceruledge|1\/100\n|-unboost|p1a: Kronos|spa|2\n|\n|upkeep\n|turn|11\n|\n|t:|1698839685\n|move|p1a: Kronos|Protect|p1a: Kronos\n|-singleturn|p1a: Kronos|Protect\n|move|p2a: Ceruledge|Bitter Blade|p1a: Kronos\n|-activate|p1a: Kronos|move: Protect\n|\n|upkeep\n|turn|12\n|\n|t:|1698839688\n|switch|p1a: Arceus|Arceus|100\/100\n|move|p2a: Ceruledge|Bitter Blade|p1a: Arceus\n|-damage|p1a: Arceus|45\/100\n|-heal|p2a: Ceruledge|43\/100|[from] drain|[of] p1a: Arceus\n|\n|-heal|p1a: Arceus|51\/100|[from] item: Leftovers\n|upkeep\n|turn|13\n|\n|t:|1698839693\n|-terastallize|p1a: Arceus|Ghost\n|move|p2a: Ceruledge|Bitter Blade|p1a: Arceus\n|-damage|p1a: Arceus|0 fnt\n|-heal|p2a: Ceruledge|82\/100|[from] drain|[of] p1a: Arceus\n|faint|p1a: Arceus\n|\n|upkeep\n|\n|t:|1698839705\n|switch|p1a: Fenrir|Zacian-Crowned|100\/100\n|-ability|p1a: Fenrir|Intrepid Sword|boost\n|-boost|p1a: Fenrir|atk|1\n|turn|14\n|\n|t:|1698839713\n|switch|p1a: Glimmora|Glimmora, M|100\/100\n|move|p2a: Ceruledge|Bitter Blade|p1a: Glimmora\n|-resisted|p1a: Glimmora\n|-damage|p1a: Glimmora|53\/100\n|-heal|p2a: Ceruledge|100\/100|[from] drain|[of] p1a: Glimmora\n|-activate|p1a: Glimmora|ability: Toxic Debris\n|-sidestart|p2: Glaceran|move: Toxic Spikes\n|\n|upkeep\n|turn|15\n|\n|t:|1698839720\n|move|p1a: Glimmora|Spiky Shield|p1a: Glimmora\n|-singleturn|p1a: Glimmora|move: Protect\n|move|p2a: Ceruledge|Swords Dance|p2a: Ceruledge\n|-boost|p2a: Ceruledge|atk|2\n|\n|upkeep\n|turn|16\n|\n|t:|1698839725\n|move|p1a: Glimmora|Stealth Rock|p2a: Ceruledge\n|-sidestart|p2: Glaceran|move: Stealth Rock\n|move|p2a: Ceruledge|Close Combat|p1a: Glimmora\n|-damage|p1a: Glimmora|0 fnt\n|-unboost|p2a: Ceruledge|def|1\n|-unboost|p2a: Ceruledge|spd|1\n|-activate|p1a: Glimmora|ability: Toxic Debris\n|-sidestart|p2: Glaceran|move: Toxic Spikes\n|faint|p1a: Glimmora\n|\n|upkeep\n|\n|t:|1698839731\n|switch|p1a: Djinn|Landorus, M|100\/100\n|turn|17\n|\n|t:|1698839736\n|move|p1a: Djinn|Earth Power|p2a: Ceruledge\n|-supereffective|p2a: Ceruledge\n|-damage|p2a: Ceruledge|0 fnt\n|faint|p2a: Ceruledge\n|\n|upkeep\n|\n|t:|1698839740\n|switch|p2a: Corviknight|Corviknight, M|37\/100\n|-damage|p2a: Corviknight|25\/100|[from] Stealth Rock\n|-ability|p2a: Corviknight|Pressure\n|turn|18\n|\n|t:|1698839746\n|move|p1a: Djinn|Psychic|p2a: Corviknight\n|-resisted|p2a: Corviknight\n|-damage|p2a: Corviknight|3\/100\n|move|p2a: Corviknight|Defog|p1a: Djinn\n|-unboost|p1a: Djinn|evasion|1\n|-sideend|p2: Glaceran|Toxic Spikes|[from] move: Defog|[of] p2a: Corviknight\n|-sideend|p2: Glaceran|Stealth Rock|[from] move: Defog|[of] p2a: Corviknight\n|\n|-heal|p2a: Corviknight|9\/100|[from] item: Leftovers\n|upkeep\n|turn|19\n|\n|t:|1698839753\n|move|p1a: Djinn|Psychic|p2a: Corviknight\n|-resisted|p2a: Corviknight\n|-damage|p2a: Corviknight|0 fnt\n|faint|p2a: Corviknight\n|\n|upkeep\n|\n|t:|1698839761\n|switch|p2a: Baxcalibur|Baxcalibur, M|100\/100\n|turn|20\n|\n|t:|1698839770\n|move|p1a: Djinn|Focus Blast|p2a: Baxcalibur|[miss]\n|-miss|p1a: Djinn|p2a: Baxcalibur\n|move|p2a: Baxcalibur|Icicle Spear|p1a: Djinn\n|-supereffective|p1a: Djinn\n|-damage|p1a: Djinn|35\/100\n|-supereffective|p1a: Djinn\n|-damage|p1a: Djinn|0 fnt\n|faint|p1a: Djinn\n|-hitcount|p1: Djinn|2\n|\n|upkeep\n|\n|t:|1698839776\n|switch|p1a: Kronos|Dialga-Origin|4\/100\n|turn|21\n|\n|t:|1698839781\n|move|p2a: Baxcalibur|Scale Shot|p1a: Kronos\n|-crit|p1a: Kronos\n|-damage|p1a: Kronos|0 fnt\n|faint|p1a: Kronos\n|-hitcount|p1: Kronos|1\n|-unboost|p2a: Baxcalibur|def|1\n|-boost|p2a: Baxcalibur|spe|1\n|\n|upkeep\n|\n|t:|1698839787\n|switch|p1a: Fenrir|Zacian-Crowned|100\/100\n|turn|22\n|\n|t:|1698839790\n|move|p2a: Baxcalibur|Brick Break|p1a: Fenrir\n|-damage|p1a: Fenrir|72\/100\n|move|p1a: Fenrir|Behemoth Blade|p2a: Baxcalibur\n|-supereffective|p2a: Baxcalibur\n|-damage|p2a: Baxcalibur|0 fnt\n|faint|p2a: Baxcalibur\n|\n|upkeep\n|\n|t:|1698839798\n|switch|p2a: Skeledirge|Skeledirge, M|63\/100\n|turn|23\n|\n|t:|1698839803\n|move|p1a: Fenrir|Swords Dance|p1a: Fenrir\n|-boost|p1a: Fenrir|atk|2\n|move|p2a: Skeledirge|Torch Song|p1a: Fenrir\n|-supereffective|p1a: Fenrir\n|-damage|p1a: Fenrir|17\/100\n|-boost|p2a: Skeledirge|spa|1\n|\n|upkeep\n|turn|24\n|\n|t:|1698839807\n|move|p1a: Fenrir|Behemoth Blade|p2a: Skeledirge\n|-resisted|p2a: Skeledirge\n|-damage|p2a: Skeledirge|42\/100\n|move|p2a: Skeledirge|Slack Off|p2a: Skeledirge\n|-heal|p2a: Skeledirge|93\/100\n|\n|upkeep\n|turn|25\n|\n|t:|1698839810\n|move|p1a: Fenrir|Behemoth Blade|p2a: Skeledirge\n|-resisted|p2a: Skeledirge\n|-damage|p2a: Skeledirge|73\/100\n|move|p2a: Skeledirge|Sing|p1a: Fenrir|[miss]\n|-miss|p2a: Skeledirge|p1a: Fenrir\n|-enditem|p2a: Skeledirge|Blunder Policy\n|-boost|p2a: Skeledirge|spe|2\n|\n|upkeep\n|turn|26\n|\n|t:|1698839815\n|move|p1a: Fenrir|Behemoth Blade|p2a: Skeledirge\n|-resisted|p2a: Skeledirge\n|-damage|p2a: Skeledirge|55\/100\n|move|p2a: Skeledirge|Slack Off|p2a: Skeledirge\n|-heal|p2a: Skeledirge|100\/100\n|\n|upkeep\n|turn|27\n|\n|t:|1698839821\n|move|p1a: Fenrir|Behemoth Blade|p2a: Skeledirge\n|-resisted|p2a: Skeledirge\n|-damage|p2a: Skeledirge|81\/100\n|move|p2a: Skeledirge|Torch Song|p1a: Fenrir\n|-supereffective|p1a: Fenrir\n|-damage|p1a: Fenrir|0 fnt\n|-boost|p2a: Skeledirge|spa|1\n|faint|p1a: Fenrir\n|\n|upkeep\n|\n|t:|1698839826\n|switch|p1a: ethereal|Calyrex-Shadow|100\/100\n|-ability|p1a: ethereal|As One\n|-ability|p1a: ethereal|Unnerve\n|turn|28\n|\n|t:|1698839829\n|move|p1a: ethereal|Astral Barrage|p2a: Skeledirge\n|-supereffective|p2a: Skeledirge\n|-damage|p2a: Skeledirge|0 fnt\n|faint|p2a: Skeledirge\n|-ability|p1a: ethereal|Grim Neigh|boost\n|-boost|p1a: ethereal|spa|1\n|\n|upkeep\n|\n|t:|1698839831\n|switch|p2a: Calyrex|Calyrex-Shadow|100\/100\n|-ability|p2a: Calyrex|As One\n|-ability|p2a: Calyrex|Unnerve\n|turn|29\n|\n|t:|1698839838\n|-terastallize|p2a: Calyrex|Normal\n|move|p1a: ethereal|Psychic|p2a: Calyrex\n|-damage|p2a: Calyrex|18\/100\n|move|p2a: Calyrex|Astral Barrage|p1a: ethereal\n|-supereffective|p1a: ethereal\n|-enditem|p1a: ethereal|Focus Sash\n|-damage|p1a: ethereal|1\/100\n|\n|upkeep\n|turn|30\n|\n|t:|1698839845\n|move|p2a: Calyrex|Draining Kiss|p1a: ethereal\n|-damage|p1a: ethereal|0 fnt\n|-heal|p2a: Calyrex|18\/100|[from] drain|[of] p1a: ethereal\n|faint|p1a: ethereal\n|\n|win|Glaceran\n|raw|I sometimes win's rating: 1439 &rarr; <strong>1423<\/strong><br \/>(-16 for losing)\n|raw|Glaceran's rating: 1517 &rarr; <strong>1533<\/strong><br \/>(+16 for winning)\n|c|\u2606I sometimes win|gg\n|c|\u2606Glaceran|gg\n|c|\u2606I sometimes win|close game\n|c|\u2606Glaceran|yeah, glad i got to play against ya\n|c|\u2606I sometimes win|cerulege is scary\n|c|\u2606I sometimes win|playing around him is difficult\n|c|\u2606Glaceran|you should see him when weak armor procs without sash break\n|c|\u2606I sometimes win|ik\n|l|\u2606Glaceran\n|c|\u2606I sometimes win|thats why i didnt hit him with glimmora\n|l|\u2606I sometimes win\n","uploadtime":1698839922,"views":12,"p1id":"isometimeswin","p2id":"glaceran","formatid":"gen9anythinggoes","rating":1423,"private":0,"password":""}