{"id":"gen9anythinggoes-1977785424","p1":"IMGONNAEXPLODEAHHH","p2":"ioFJIjhng","format":"[Gen 9] Anything Goes","log":"|j|\u2606IMGONNAEXPLODEAHHH\n|j|\u2606ioFJIjhng\n|t:|1698449335\n|gametype|singles\n|player|p1|IMGONNAEXPLODEAHHH|red|1073\n|player|p2|ioFJIjhng|lucas-gen4pt|1228\n|teamsize|p1|6\n|teamsize|p2|6\n|gen|9\n|tier|[Gen 9] Anything Goes\n|rated|\n|rule|HP Percentage Mod: HP is shown in percentages\n|rule|Endless Battle Clause: Forcing endless battles is banned\n|clearpoke\n|poke|p1|Tinkaton, F|\n|poke|p1|Pikachu-Alola, M|\n|poke|p1|Altaria, M|\n|poke|p1|Meowscarada, F|\n|poke|p1|Mew|\n|poke|p1|Azumarill, F|\n|poke|p2|Dialga|\n|poke|p2|Zacian-*|\n|poke|p2|Arceus-Ground|\n|poke|p2|Calyrex-Ice|\n|poke|p2|Slowbro-Galar, M|\n|poke|p2|Arceus-Ghost|\n|teampreview\n|\n|t:|1698449340\n|start\n|switch|p1a: Mew|Mew|100\/100\n|switch|p2a: Slowbro|Slowbro-Galar, M, shiny|100\/100\n|turn|1\n|\n|t:|1698449349\n|move|p1a: Mew|Iron Defense|p1a: Mew\n|-boost|p1a: Mew|def|2\n|move|p2a: Slowbro|Belly Drum|p2a: Slowbro\n|-damage|p2a: Slowbro|51\/100\n|-setboost|p2a: Slowbro|atk|6|[from] move: Belly Drum\n|\n|upkeep\n|turn|2\n|\n|t:|1698449359\n|move|p1a: Mew|Agility|p1a: Mew\n|-boost|p1a: Mew|spe|2\n|move|p2a: Slowbro|Poison Jab|p1a: Mew\n|-damage|p1a: Mew|34\/100\n|-status|p1a: Mew|psn\n|-activate|p1a: Mew|ability: Synchronize\n|-immune|p2a: Slowbro\n|\n|-damage|p1a: Mew|21\/100 psn|[from] psn\n|upkeep\n|turn|3\n|-activate|p2a: Slowbro|ability: Quick Draw\n|\n|t:|1698449372\n|move|p2a: Slowbro|Poison Jab|p1a: Mew\n|-damage|p1a: Mew|0 fnt\n|faint|p1a: Mew\n|\n|upkeep\n|\n|t:|1698449379\n|switch|p1a: Azumarill|Azumarill, F|100\/100\n|turn|4\n|\n|t:|1698449403\n|move|p1a: Azumarill|Belly Drum|p1a: Azumarill\n|-damage|p1a: Azumarill|51\/100\n|-setboost|p1a: Azumarill|atk|6|[from] move: Belly Drum\n|move|p2a: Slowbro|Poison Jab|p1a: Azumarill\n|-supereffective|p1a: Azumarill\n|-damage|p1a: Azumarill|0 fnt\n|faint|p1a: Azumarill\n|\n|upkeep\n|\n|t:|1698449414\n|switch|p1a: Pikachu|Pikachu-Alola, M|100\/100\n|turn|5\n|-activate|p2a: Slowbro|ability: Quick Draw\n|\n|t:|1698449419\n|move|p2a: Slowbro|Earthquake|p1a: Pikachu\n|-supereffective|p1a: Pikachu\n|-damage|p1a: Pikachu|0 fnt\n|faint|p1a: Pikachu\n|\n|upkeep\n|\n|t:|1698449427\n|switch|p1a: Tinkaton|Tinkaton, F|100\/100\n|turn|6\n|\n|t:|1698449431\n|move|p1a: Tinkaton|Fake Out|p2a: Slowbro\n|-damage|p2a: Slowbro|44\/100\n|cant|p2a: Slowbro|flinch\n|\n|upkeep\n|turn|7\n|-activate|p2a: Slowbro|ability: Quick Draw\n|\n|t:|1698449437\n|move|p2a: Slowbro|Earthquake|p1a: Tinkaton\n|-supereffective|p1a: Tinkaton\n|-damage|p1a: Tinkaton|0 fnt\n|faint|p1a: Tinkaton\n|\n|upkeep\n|\n|t:|1698449446\n|switch|p1a: Altaria|Altaria, M|100\/100\n|turn|8\n|-activate|p2a: Slowbro|ability: Quick Draw\n|\n|t:|1698449452\n|move|p2a: Slowbro|Poison Jab|p1a: Altaria\n|-damage|p1a: Altaria|0 fnt\n|faint|p1a: Altaria\n|\n|upkeep\n|\n|t:|1698449459\n|switch|p1a: M E A O W|Meowscarada, F|100\/100\n|turn|9\n|-activate|p2a: Slowbro|ability: Quick Draw\n|\n|t:|1698449463\n|move|p2a: Slowbro|Drain Punch|p1a: M E A O W\n|-supereffective|p1a: M E A O W\n|-damage|p1a: M E A O W|0 fnt\n|-heal|p2a: Slowbro|81\/100|[from] drain|[of] p1a: M E A O W\n|faint|p1a: M E A O W\n|\n|win|ioFJIjhng\n|raw|IMGONNAEXPLODEAHHH's rating: 1073 &rarr; <strong>1058<\/strong><br \/>(-15 for losing)\n|raw|ioFJIjhng's rating: 1176 &rarr; <strong>1194<\/strong><br \/>(+18 for winning)\n|l|\u2606IMGONNAEXPLODEAHHH\n","uploadtime":1698449488,"views":9,"p1id":"imgonnaexplodeahhh","p2id":"iofjijhng","formatid":"gen9anythinggoes","rating":1058,"private":0,"password":""}