{"id":"gen9anythinggoes-1976509040","p1":"JayoticNL","p2":"Ganpati111","format":"[Gen 9] Anything Goes","log":"|j|\u2606JayoticNL\n|j|\u2606Ganpati111\n|t:|1698314890\n|gametype|singles\n|player|p1|JayoticNL|emmet|1140\n|player|p2|Ganpati111|lance|1192\n|teamsize|p1|6\n|teamsize|p2|6\n|gen|9\n|tier|[Gen 9] Anything Goes\n|rated|\n|rule|HP Percentage Mod: HP is shown in percentages\n|rule|Endless Battle Clause: Forcing endless battles is banned\n|clearpoke\n|poke|p1|Ditto|\n|poke|p1|Ditto|\n|poke|p1|Ditto|\n|poke|p1|Ditto|\n|poke|p1|Ditto|\n|poke|p1|Ditto|\n|poke|p2|Maushold-Four|\n|poke|p2|Maushold-Four|\n|poke|p2|Maushold-Four|\n|poke|p2|Maushold-Four|\n|poke|p2|Maushold-Four|\n|poke|p2|Maushold-Four|\n|teampreview\n|inactive|Battle timer is ON: inactive players will automatically lose when time's up. (requested by Ganpati111)\n|c|\u2606JayoticNL|a match for the ages\n|\n|t:|1698314919\n|start\n|switch|p1a: Ditto|Ditto|100\/100\n|switch|p2a: Maushold|Maushold-Four|100\/100\n|-transform|p1a: Ditto|p2a: Maushold|[from] ability: Imposter\n|turn|1\n|\n|t:|1698314930\n|-terastallize|p1a: Ditto|Normal\n|move|p1a: Ditto|Population Bomb|p2a: Maushold\n|-damage|p2a: Maushold|77\/100\n|-damage|p2a: Maushold|53\/100\n|-damage|p2a: Maushold|29\/100\n|-damage|p2a: Maushold|5\/100\n|-hitcount|p2a: Maushold|4\n|move|p2a: Maushold|Population Bomb|p1a: Ditto\n|-damage|p1a: Ditto|84\/100\n|-damage|p1a: Ditto|68\/100\n|-crit|p1a: Ditto\n|-damage|p1a: Ditto|42\/100\n|-damage|p1a: Ditto|25\/100\n|-damage|p1a: Ditto|8\/100\n|-damage|p1a: Ditto|0 fnt\n|faint|p1a: Ditto\n|-hitcount|p1: Ditto|6\n|\n|upkeep\n|\n|t:|1698314940\n|switch|p1a: Ditto|Ditto|100\/100\n|-transform|p1a: Ditto|p2a: Maushold|[from] ability: Imposter\n|turn|2\n|\n|t:|1698314949\n|move|p1a: Ditto|Population Bomb|p2a: Maushold\n|-damage|p2a: Maushold|0 fnt\n|faint|p2a: Maushold\n|-hitcount|p2: Maushold|1\n|\n|upkeep\n|\n|t:|1698314951\n|switch|p2a: Maushold|Maushold-Four|100\/100\n|turn|3\n|\n|t:|1698314957\n|move|p1a: Ditto|Population Bomb|p2a: Maushold\n|-damage|p2a: Maushold|83\/100\n|-damage|p2a: Maushold|65\/100\n|-hitcount|p2a: Maushold|2\n|move|p2a: Maushold|Population Bomb|p1a: Ditto\n|-damage|p1a: Ditto|83\/100\n|-damage|p1a: Ditto|67\/100\n|-damage|p1a: Ditto|49\/100\n|-damage|p1a: Ditto|32\/100\n|-damage|p1a: Ditto|14\/100\n|-damage|p1a: Ditto|0 fnt\n|faint|p1a: Ditto\n|-hitcount|p1: Ditto|6\n|\n|upkeep\n|\n|t:|1698314969\n|switch|p1a: Ditto|Ditto|100\/100\n|-transform|p1a: Ditto|p2a: Maushold|[from] ability: Imposter\n|turn|4\n|\n|t:|1698314976\n|move|p1a: Ditto|Population Bomb|p2a: Maushold\n|-damage|p2a: Maushold|46\/100\n|-damage|p2a: Maushold|29\/100\n|-damage|p2a: Maushold|12\/100\n|-damage|p2a: Maushold|0 fnt\n|faint|p2a: Maushold\n|-hitcount|p2: Maushold|4\n|\n|upkeep\n|\n|t:|1698314980\n|switch|p2a: Maushold|Maushold-Four|100\/100\n|turn|5\n|\n|t:|1698314984\n|move|p1a: Ditto|Population Bomb|p2a: Maushold\n|-damage|p2a: Maushold|82\/100\n|-hitcount|p2a: Maushold|1\n|move|p2a: Maushold|Population Bomb|p1a: Ditto\n|-damage|p1a: Ditto|83\/100\n|-damage|p1a: Ditto|68\/100\n|-damage|p1a: Ditto|52\/100\n|-damage|p1a: Ditto|34\/100\n|-damage|p1a: Ditto|17\/100\n|-damage|p1a: Ditto|1\/100\n|-damage|p1a: Ditto|0 fnt\n|faint|p1a: Ditto\n|-hitcount|p1: Ditto|7\n|\n|upkeep\n|\n|t:|1698314992\n|switch|p1a: Ditto|Ditto|100\/100\n|-transform|p1a: Ditto|p2a: Maushold|[from] ability: Imposter\n|turn|6\n|\n|t:|1698314999\n|move|p1a: Ditto|Population Bomb|p2a: Maushold\n|-damage|p2a: Maushold|63\/100\n|-damage|p2a: Maushold|47\/100\n|-damage|p2a: Maushold|29\/100\n|-hitcount|p2a: Maushold|3\n|move|p2a: Maushold|Population Bomb|p1a: Ditto\n|-damage|p1a: Ditto|83\/100\n|-damage|p1a: Ditto|65\/100\n|-damage|p1a: Ditto|47\/100\n|-damage|p1a: Ditto|30\/100\n|-damage|p1a: Ditto|13\/100\n|-damage|p1a: Ditto|0 fnt\n|faint|p1a: Ditto\n|-hitcount|p1: Ditto|6\n|\n|upkeep\n|\n|t:|1698315008\n|switch|p1a: Ditto|Ditto|100\/100\n|-transform|p1a: Ditto|p2a: Maushold|[from] ability: Imposter\n|turn|7\n|inactive|Ganpati111 has 120 seconds left.\n|\n|t:|1698315053\n|move|p1a: Ditto|Population Bomb|p2a: Maushold\n|-damage|p2a: Maushold|12\/100\n|-hitcount|p2a: Maushold|1\n|move|p2a: Maushold|Population Bomb|p1a: Ditto\n|-damage|p1a: Ditto|84\/100\n|-damage|p1a: Ditto|66\/100\n|-damage|p1a: Ditto|48\/100\n|-hitcount|p1a: Ditto|3\n|\n|upkeep\n|turn|8\n|inactive|Ganpati111 has 90 seconds left.\n|\n|t:|1698315091\n|move|p1a: Ditto|Population Bomb|p2a: Maushold\n|-damage|p2a: Maushold|0 fnt\n|faint|p2a: Maushold\n|-hitcount|p2: Maushold|1\n|\n|upkeep\n|\n|t:|1698315095\n|switch|p2a: Maushold|Maushold-Four|100\/100\n|turn|9\n|\n|t:|1698315098\n|-terastallize|p2a: Maushold|Normal\n|move|p1a: Ditto|Population Bomb|p2a: Maushold\n|-damage|p2a: Maushold|84\/100\n|-damage|p2a: Maushold|67\/100\n|-damage|p2a: Maushold|50\/100\n|-hitcount|p2a: Maushold|3\n|move|p2a: Maushold|Population Bomb|p1a: Ditto|[miss]\n|-miss|p2a: Maushold|p1a: Ditto\n|\n|upkeep\n|turn|10\n|\n|t:|1698315109\n|move|p1a: Ditto|Population Bomb|p2a: Maushold\n|-damage|p2a: Maushold|33\/100\n|-damage|p2a: Maushold|15\/100\n|-damage|p2a: Maushold|0 fnt\n|faint|p2a: Maushold\n|-hitcount|p2: Maushold|3\n|\n|upkeep\n|inactive|Ganpati111 has 90 seconds left.\n|\n|t:|1698315128\n|switch|p2a: Maushold|Maushold-Four|100\/100\n|turn|11\n|\n|t:|1698315131\n|move|p1a: Ditto|Population Bomb|p2a: Maushold\n|-damage|p2a: Maushold|83\/100\n|-damage|p2a: Maushold|65\/100\n|-damage|p2a: Maushold|46\/100\n|-damage|p2a: Maushold|27\/100\n|-hitcount|p2a: Maushold|4\n|move|p2a: Maushold|Population Bomb|p1a: Ditto\n|-crit|p1a: Ditto\n|-damage|p1a: Ditto|23\/100\n|-crit|p1a: Ditto\n|-damage|p1a: Ditto|0 fnt\n|faint|p1a: Ditto\n|-hitcount|p1: Ditto|2\n|\n|upkeep\n|\n|t:|1698315140\n|switch|p1a: Ditto|Ditto|100\/100\n|-transform|p1a: Ditto|p2a: Maushold|[from] ability: Imposter\n|turn|12\n|\n|t:|1698315144\n|move|p1a: Ditto|Population Bomb|p2a: Maushold\n|-damage|p2a: Maushold|8\/100\n|-damage|p2a: Maushold|0 fnt\n|faint|p2a: Maushold\n|-hitcount|p2: Maushold|2\n|\n|upkeep\n|\n|t:|1698315147\n|switch|p2a: Maushold|Maushold-Four|100\/100\n|turn|13\n|\n|t:|1698315150\n|move|p1a: Ditto|Population Bomb|p2a: Maushold|[miss]\n|-miss|p1a: Ditto|p2a: Maushold\n|move|p2a: Maushold|Population Bomb|p1a: Ditto\n|-damage|p1a: Ditto|84\/100\n|-damage|p1a: Ditto|67\/100\n|-crit|p1a: Ditto\n|-damage|p1a: Ditto|41\/100\n|-damage|p1a: Ditto|23\/100\n|-damage|p1a: Ditto|8\/100\n|-damage|p1a: Ditto|0 fnt\n|faint|p1a: Ditto\n|-hitcount|p1: Ditto|6\n|\n|win|Ganpati111\n|raw|JayoticNL's rating: 1160 &rarr; <strong>1135<\/strong><br \/>(-25 for losing)\n|raw|Ganpati111's rating: 1157 &rarr; <strong>1182<\/strong><br \/>(+25 for winning)\n|c|\u2606Ganpati111|Gg\n|c|\u2606JayoticNL|gg\n","uploadtime":1698315166,"views":12,"p1id":"jayoticnl","p2id":"ganpati111","formatid":"gen9anythinggoes","rating":1135,"private":0,"password":""}