{"id":"gen9anythinggoes-1986258819","p1":"Annler_Regi","p2":"Dragonfriz9","format":"[Gen 9] Anything Goes","log":"|j|\u2606Annler_Regi\n|j|\u2606Dragonfriz9\n|t:|1699464067\n|gametype|singles\n|player|p1|Annler_Regi|selene|1141\n|player|p2|Dragonfriz9|aaron|1113\n|teamsize|p1|6\n|teamsize|p2|6\n|gen|9\n|tier|[Gen 9] Anything Goes\n|rated|\n|rule|HP Percentage Mod: HP is shown in percentages\n|rule|Endless Battle Clause: Forcing endless battles is banned\n|clearpoke\n|poke|p1|Toxapex, F|\n|poke|p1|Cyclizar, M|\n|poke|p1|Slowking, M|\n|poke|p1|Tornadus-Therian, M|\n|poke|p1|Mienshao, F|\n|poke|p1|Alomomola, F|\n|poke|p2|Maushold-Four|\n|poke|p2|Maushold-Four|\n|poke|p2|Maushold-Four|\n|poke|p2|Maushold-Four|\n|poke|p2|Mewtwo|\n|poke|p2|Miraidon|\n|teampreview\n|inactive|Battle timer is ON: inactive players will automatically lose when time's up. (requested by Dragonfriz9)\n|inactive|Annler_Regi also wants the timer to be on.\n|c|\u2606Dragonfriz9|hi\n|\n|t:|1699464075\n|start\n|switch|p1a: Toxapex|Toxapex, F, shiny|100\/100\n|switch|p2a: Happy-family|Maushold-Four|100\/100\n|turn|1\n|\n|t:|1699464081\n|move|p2a: Happy-family|Tidy Up|p2a: Happy-family\n|-boost|p2a: Happy-family|atk|1\n|-boost|p2a: Happy-family|spe|1\n|move|p1a: Toxapex|Toxic Spikes|p2a: Happy-family\n|-sidestart|p2: Dragonfriz9|move: Toxic Spikes\n|\n|upkeep\n|turn|2\n|c|\u2606Annler_Regi|Im scared.\n|\n|t:|1699464090\n|move|p2a: Happy-family|Thunder Wave|p1a: Toxapex\n|-status|p1a: Toxapex|par\n|move|p1a: Toxapex|Haze|p1a: Toxapex\n|-clearallboost\n|\n|upkeep\n|turn|3\n|c|\u2606Dragonfriz9|Don't be scared be happy :)\n|\n|t:|1699464106\n|move|p2a: Happy-family|Tidy Up|p2a: Happy-family\n|-sideend|p2: Dragonfriz9|Toxic Spikes\n|-activate|p2a: Happy-family|move: Tidy Up\n|-boost|p2a: Happy-family|atk|1\n|-boost|p2a: Happy-family|spe|1\n|move|p1a: Toxapex|Toxic Spikes|p2a: Happy-family\n|-sidestart|p2: Dragonfriz9|move: Toxic Spikes\n|\n|upkeep\n|turn|4\n|\n|t:|1699464117\n|move|p2a: Happy-family|Encore|p1a: Toxapex\n|-start|p1a: Toxapex|Encore\n|move|p1a: Toxapex|Toxic Spikes|p2a: Happy-family\n|-sidestart|p2: Dragonfriz9|move: Toxic Spikes\n|\n|upkeep\n|turn|5\n|\n|t:|1699464122\n|switch|p1a: Mienshao|Mienshao, F, shiny|100\/100\n|move|p2a: Happy-family|Tidy Up|p2a: Happy-family\n|-sideend|p2: Dragonfriz9|Toxic Spikes\n|-activate|p2a: Happy-family|move: Tidy Up\n|-boost|p2a: Happy-family|atk|1\n|-boost|p2a: Happy-family|spe|1\n|\n|upkeep\n|turn|6\n|\n|t:|1699464134\n|-terastallize|p1a: Mienshao|Steel\n|move|p2a: Happy-family|Population Bomb|p1a: Mienshao|[miss]\n|-miss|p2a: Happy-family|p1a: Mienshao\n|move|p1a: Mienshao|Close Combat|p2a: Happy-family\n|-supereffective|p2a: Happy-family\n|-damage|p2a: Happy-family|0 fnt\n|-unboost|p1a: Mienshao|def|1\n|-unboost|p1a: Mienshao|spd|1\n|faint|p2a: Happy-family\n|\n|upkeep\n|\n|t:|1699464143\n|switch|p2a: Mewtwo|Mewtwo|100\/100\n|-ability|p2a: Mewtwo|Pressure\n|turn|7\n|c|\u2606Annler_Regi|Oh my god.\n|\n|t:|1699464151\n|switch|p1a: Slowking|Slowking, M|100\/100\n|move|p2a: Mewtwo|Thunder Wave|p1a: Slowking\n|-status|p1a: Slowking|par\n|\n|upkeep\n|turn|8\n|c|\u2606Dragonfriz9|see you good :)\n|\n|t:|1699464162\n|move|p2a: Mewtwo|Agility|p2a: Mewtwo\n|-boost|p2a: Mewtwo|spe|2\n|move|p1a: Slowking|Yawn|p2a: Mewtwo\n|-start|p2a: Mewtwo|move: Yawn|[of] p1a: Slowking\n|\n|upkeep\n|turn|9\n|\n|t:|1699464172\n|switch|p2a: sad-family|Maushold-Four|100\/100\n|switch|p1a: Mienshao|Mienshao, F, shiny, tera:Steel|100\/100\n|\n|upkeep\n|turn|10\n|\n|t:|1699464178\n|move|p1a: Mienshao|Close Combat|p2a: sad-family\n|-supereffective|p2a: sad-family\n|-damage|p2a: sad-family|0 fnt\n|-unboost|p1a: Mienshao|def|1\n|-unboost|p1a: Mienshao|spd|1\n|faint|p2a: sad-family\n|\n|upkeep\n|\n|t:|1699464185\n|switch|p2a: angry-family|Maushold-Four|100\/100\n|turn|11\n|\n|t:|1699464201\n|switch|p1a: Toxapex|Toxapex, F, shiny|100\/100 par\n|move|p2a: angry-family|Population Bomb|p1a: Toxapex\n|-damage|p1a: Toxapex|96\/100 par\n|-damage|p1a: Toxapex|91\/100 par\n|-crit|p1a: Toxapex\n|-damage|p1a: Toxapex|83\/100 par\n|-damage|p1a: Toxapex|79\/100 par\n|-damage|p1a: Toxapex|75\/100 par\n|-hitcount|p1a: Toxapex|5\n|\n|upkeep\n|turn|12\n|inactive|Annler_Regi has 120 seconds left.\n|\n|t:|1699464230\n|move|p2a: angry-family|Tidy Up|p2a: angry-family\n|-boost|p2a: angry-family|atk|1\n|-boost|p2a: angry-family|spe|1\n|move|p1a: Toxapex|Toxic Spikes|p2a: angry-family\n|-sidestart|p2: Dragonfriz9|move: Toxic Spikes\n|\n|upkeep\n|turn|13\n|\n|t:|1699464235\n|move|p2a: angry-family|Population Bomb|p1a: Toxapex\n|-damage|p1a: Toxapex|68\/100 par\n|-damage|p1a: Toxapex|61\/100 par\n|-damage|p1a: Toxapex|53\/100 par\n|-damage|p1a: Toxapex|46\/100 par\n|-damage|p1a: Toxapex|39\/100 par\n|-damage|p1a: Toxapex|32\/100 par\n|-damage|p1a: Toxapex|25\/100 par\n|-damage|p1a: Toxapex|18\/100 par\n|-damage|p1a: Toxapex|11\/100 par\n|-damage|p1a: Toxapex|4\/100 par\n|-hitcount|p1a: Toxapex|10\n|move|p1a: Toxapex|Haze|p1a: Toxapex\n|-clearallboost\n|\n|upkeep\n|turn|14\n|\n|t:|1699464254\n|switch|p1a: Slowking|Slowking, M|100\/100 par\n|move|p2a: angry-family|Population Bomb|p1a: Slowking\n|-damage|p1a: Slowking|95\/100 par\n|-damage|p1a: Slowking|89\/100 par\n|-damage|p1a: Slowking|84\/100 par\n|-damage|p1a: Slowking|78\/100 par\n|-hitcount|p1a: Slowking|4\n|\n|upkeep\n|turn|15\n|\n|t:|1699464265\n|move|p2a: angry-family|Population Bomb|p1a: Slowking|[miss]\n|-miss|p2a: angry-family|p1a: Slowking\n|move|p1a: Slowking|Yawn|p2a: angry-family\n|-start|p2a: angry-family|move: Yawn|[of] p1a: Slowking\n|\n|upkeep\n|turn|16\n|\n|t:|1699464275\n|switch|p1a: Toxapex|Toxapex, F, shiny|37\/100 par\n|move|p2a: angry-family|Population Bomb|p1a: Toxapex|[miss]\n|-miss|p2a: angry-family|p1a: Toxapex\n|\n|-end|p2a: angry-family|move: Yawn|[silent]\n|-status|p2a: angry-family|slp\n|upkeep\n|turn|17\n|\n|t:|1699464283\n|switch|p1a: Mienshao|Mienshao, F, shiny, tera:Steel|100\/100\n|cant|p2a: angry-family|slp\n|\n|upkeep\n|turn|18\n|c|\u2606Dragonfriz9|sleepy time :\/\n|\n|t:|1699464293\n|move|p1a: Mienshao|Close Combat|p2a: angry-family\n|-supereffective|p2a: angry-family\n|-damage|p2a: angry-family|0 fnt\n|-unboost|p1a: Mienshao|def|1\n|-unboost|p1a: Mienshao|spd|1\n|faint|p2a: angry-family\n|\n|upkeep\n|\n|t:|1699464300\n|switch|p2a: Mewtwo|Mewtwo|100\/100\n|-status|p2a: Mewtwo|psn\n|-ability|p2a: Mewtwo|Pressure\n|turn|19\n|c|\u2606Annler_Regi|Gotta take the loss and switch there.\n|\n|t:|1699464314\n|switch|p1a: Slowking|Slowking, M|100\/100 par\n|move|p2a: Mewtwo|Psycho Cut|p1a: Slowking\n|-resisted|p1a: Slowking\n|-damage|p1a: Slowking|88\/100 par\n|\n|-damage|p2a: Mewtwo|88\/100 psn|[from] psn\n|upkeep\n|turn|20\n|\n|t:|1699464321\n|move|p1a: Slowking|Protect|p1a: Slowking\n|-singleturn|p1a: Slowking|Protect\n|move|p2a: Mewtwo|Knock Off|p1a: Slowking\n|-activate|p1a: Slowking|move: Protect\n|\n|-damage|p2a: Mewtwo|76\/100 psn|[from] psn\n|upkeep\n|turn|21\n|\n|t:|1699464329\n|switch|p1a: Alomomola|Alomomola, F|100\/100\n|move|p2a: Mewtwo|Knock Off|p1a: Alomomola\n|-damage|p1a: Alomomola|82\/100\n|-enditem|p1a: Alomomola|Heavy-Duty Boots|[from] move: Knock Off|[of] p2a: Mewtwo\n|\n|-damage|p2a: Mewtwo|63\/100 psn|[from] psn\n|upkeep\n|turn|22\n|\n|t:|1699464341\n|move|p1a: Alomomola|Protect|p1a: Alomomola\n|-singleturn|p1a: Alomomola|Protect\n|move|p2a: Mewtwo|Thunder Wave|p1a: Alomomola\n|-activate|p1a: Alomomola|move: Protect\n|\n|-damage|p2a: Mewtwo|51\/100 psn|[from] psn\n|upkeep\n|turn|23\n|\n|t:|1699464361\n|switch|p1a: Toxapex|Toxapex, F, shiny|71\/100 par\n|move|p2a: Mewtwo|Thunder Wave|p1a: Toxapex\n|-fail|p1a: Toxapex|par\n|\n|-damage|p2a: Mewtwo|38\/100 psn|[from] psn\n|upkeep\n|turn|24\n|\n|t:|1699464368\n|move|p1a: Toxapex|Baneful Bunker|p1a: Toxapex\n|-singleturn|p1a: Toxapex|move: Protect\n|move|p2a: Mewtwo|Knock Off|p1a: Toxapex\n|-activate|p1a: Toxapex|move: Protect\n|\n|-damage|p2a: Mewtwo|26\/100 psn|[from] psn\n|upkeep\n|turn|25\n|\n|t:|1699464378\n|switch|p1a: Alomomola|Alomomola, F|100\/100\n|move|p2a: Mewtwo|Knock Off|p1a: Alomomola\n|-damage|p1a: Alomomola|88\/100\n|\n|-damage|p2a: Mewtwo|13\/100 psn|[from] psn\n|upkeep\n|-enditem|p2a: Mewtwo|Aguav Berry|[eat]\n|-heal|p2a: Mewtwo|47\/100 psn|[from] item: Aguav Berry\n|turn|26\n|c|\u2606Dragonfriz9|RIP Mewtwo\n|\n|t:|1699464393\n|move|p1a: Alomomola|Protect|p1a: Alomomola\n|-singleturn|p1a: Alomomola|Protect\n|move|p2a: Mewtwo|Thunder Wave|p1a: Alomomola\n|-activate|p1a: Alomomola|move: Protect\n|\n|-damage|p2a: Mewtwo|34\/100 psn|[from] psn\n|upkeep\n|turn|27\n|c|\u2606Annler_Regi|SWITCH IT OUT\n|c|\u2606Annler_Regi|DONT SACRIFICE THE MAN\n|\n|t:|1699464413\n|switch|p1a: Toxapex|Toxapex, F, shiny|100\/100 par\n|move|p2a: Mewtwo|Psycho Cut|p1a: Toxapex\n|-supereffective|p1a: Toxapex\n|-damage|p1a: Toxapex|58\/100 par\n|\n|-damage|p2a: Mewtwo|22\/100 psn|[from] psn\n|upkeep\n|turn|28\n|\n|t:|1699464423\n|switch|p2a: your-family|Maushold-Four|100\/100\n|-status|p2a: your-family|psn\n|switch|p1a: Alomomola|Alomomola, F|100\/100\n|\n|-damage|p2a: your-family|88\/100 psn|[from] psn\n|upkeep\n|turn|29\n|\n|t:|1699464440\n|switch|p1a: Toxapex|Toxapex, F, shiny|92\/100 par\n|move|p2a: your-family|Population Bomb|p1a: Toxapex\n|-damage|p1a: Toxapex|87\/100 par\n|-crit|p1a: Toxapex\n|-damage|p1a: Toxapex|80\/100 par\n|-damage|p1a: Toxapex|75\/100 par\n|-damage|p1a: Toxapex|71\/100 par\n|-damage|p1a: Toxapex|66\/100 par\n|-hitcount|p1a: Toxapex|5\n|\n|-damage|p2a: your-family|76\/100 psn|[from] psn\n|upkeep\n|turn|30\n|\n|t:|1699464453\n|move|p2a: your-family|Population Bomb|p1a: Toxapex\n|-damage|p1a: Toxapex|62\/100 par\n|-damage|p1a: Toxapex|57\/100 par\n|-damage|p1a: Toxapex|52\/100 par\n|-damage|p1a: Toxapex|47\/100 par\n|-damage|p1a: Toxapex|42\/100 par\n|-damage|p1a: Toxapex|38\/100 par\n|-damage|p1a: Toxapex|33\/100 par\n|-damage|p1a: Toxapex|28\/100 par\n|-damage|p1a: Toxapex|23\/100 par\n|-damage|p1a: Toxapex|18\/100 par\n|-hitcount|p1a: Toxapex|10\n|move|p1a: Toxapex|Recover|p1a: Toxapex\n|-heal|p1a: Toxapex|68\/100 par\n|\n|-damage|p2a: your-family|63\/100 psn|[from] psn\n|upkeep\n|turn|31\n|\n|t:|1699464471\n|move|p2a: your-family|Population Bomb|p1a: Toxapex\n|-damage|p1a: Toxapex|63\/100 par\n|-damage|p1a: Toxapex|59\/100 par\n|-damage|p1a: Toxapex|54\/100 par\n|-damage|p1a: Toxapex|49\/100 par\n|-crit|p1a: Toxapex\n|-damage|p1a: Toxapex|42\/100 par\n|-damage|p1a: Toxapex|37\/100 par\n|-damage|p1a: Toxapex|32\/100 par\n|-damage|p1a: Toxapex|27\/100 par\n|-damage|p1a: Toxapex|23\/100 par\n|-damage|p1a: Toxapex|18\/100 par\n|-hitcount|p1a: Toxapex|10\n|cant|p1a: Toxapex|par\n|\n|-damage|p2a: your-family|51\/100 psn|[from] psn\n|upkeep\n|turn|32\n|\n|t:|1699464488\n|switch|p1a: Slowking|Slowking, M|100\/100 par\n|move|p2a: your-family|Population Bomb|p1a: Slowking\n|-damage|p1a: Slowking|95\/100 par\n|-damage|p1a: Slowking|90\/100 par\n|-damage|p1a: Slowking|84\/100 par\n|-damage|p1a: Slowking|78\/100 par\n|-damage|p1a: Slowking|73\/100 par\n|-damage|p1a: Slowking|68\/100 par\n|-damage|p1a: Slowking|62\/100 par\n|-damage|p1a: Slowking|57\/100 par\n|-damage|p1a: Slowking|52\/100 par\n|-hitcount|p1a: Slowking|9\n|\n|-damage|p2a: your-family|38\/100 psn|[from] psn\n|upkeep\n|turn|33\n|\n|t:|1699464506\n|move|p2a: your-family|Population Bomb|p1a: Slowking\n|-damage|p1a: Slowking|46\/100 par\n|-damage|p1a: Slowking|41\/100 par\n|-damage|p1a: Slowking|37\/100 par\n|-damage|p1a: Slowking|31\/100 par\n|-damage|p1a: Slowking|25\/100 par\n|-damage|p1a: Slowking|20\/100 par\n|-damage|p1a: Slowking|14\/100 par\n|-damage|p1a: Slowking|8\/100 par\n|-damage|p1a: Slowking|3\/100 par\n|-damage|p1a: Slowking|0 fnt\n|faint|p1a: Slowking\n|-hitcount|p1: Slowking|10\n|\n|-damage|p2a: your-family|26\/100 psn|[from] psn\n|upkeep\n|\n|t:|1699464514\n|switch|p1a: Mienshao|Mienshao, F, shiny, tera:Steel|100\/100\n|turn|34\n|\n|t:|1699464524\n|move|p1a: Mienshao|U-turn|p2a: your-family\n|-damage|p2a: your-family|0 fnt\n|faint|p2a: your-family\n|\n|t:|1699464530\n|switch|p1a: Cyclizar|Cyclizar, M|100\/100|[from] U-turn\n|\n|upkeep\n|\n|t:|1699464533\n|switch|p2a: Miraidon|Miraidon|100\/100\n|-status|p2a: Miraidon|psn\n|-fieldstart|move: Electric Terrain|[from] ability: Hadron Engine|[of] p2a: Miraidon\n|turn|35\n|\n|t:|1699464540\n|move|p1a: Cyclizar|Substitute|p1a: Cyclizar\n|-start|p1a: Cyclizar|Substitute\n|-damage|p1a: Cyclizar|76\/100\n|move|p2a: Miraidon|Calm Mind|p2a: Miraidon\n|-boost|p2a: Miraidon|spa|1\n|-boost|p2a: Miraidon|spd|1\n|\n|-damage|p2a: Miraidon|88\/100 psn|[from] psn\n|upkeep\n|turn|36\n|\n|t:|1699464550\n|move|p1a: Cyclizar|Protect|p1a: Cyclizar\n|-singleturn|p1a: Cyclizar|Protect\n|move|p2a: Miraidon|Dazzling Gleam|p1a: Cyclizar\n|-activate|p1a: Cyclizar|move: Protect\n|\n|-damage|p2a: Miraidon|76\/100 psn|[from] psn\n|upkeep\n|turn|37\n|l|\u2606Dragonfriz9\n|inactive|Dragonfriz9 disconnected and has a minute to reconnect!\n|player|p2|\n|inactive|Dragonfriz9 has 30 seconds to reconnect!\n|inactive|Dragonfriz9 has 20 seconds to reconnect!\n|inactive|Dragonfriz9 has 15 seconds to reconnect!\n|inactive|Dragonfriz9 has 10 seconds to reconnect!\n|inactive|Dragonfriz9 has 5 seconds to reconnect!\n|-message|Dragonfriz9 lost due to inactivity.\n|\n|win|Annler_Regi\n|raw|Annler_Regi's rating: 1141 &rarr; <strong>1164<\/strong><br \/>(+23 for winning)\n|raw|Dragonfriz9's rating: 1113 &rarr; <strong>1090<\/strong><br \/>(-23 for losing)\n","uploadtime":1699464619,"views":8,"p1id":"annlerregi","p2id":"dragonfriz9","formatid":"gen9anythinggoes","rating":1090,"private":0,"password":""}