{"id":"gen9anythinggoes-1985697850","p1":"tbone5309","p2":"Deztroyed.exe","format":"[Gen 9] Anything Goes","log":"|j|\u2606tbone5309\n|j|\u2606Deztroyed.exe\n|t:|1699396838\n|gametype|singles\n|player|p1|tbone5309|cameraman|1041\n|player|p2|Deztroyed.exe|fisherman-gen4|1088\n|teamsize|p1|4\n|teamsize|p2|6\n|gen|9\n|tier|[Gen 9] Anything Goes\n|rated|\n|rule|HP Percentage Mod: HP is shown in percentages\n|rule|Endless Battle Clause: Forcing endless battles is banned\n|clearpoke\n|poke|p1|Ariados, F|\n|poke|p1|Jumpluff, M|\n|poke|p1|Torkoal, M|\n|poke|p1|Gholdengo|\n|poke|p2|Ogerpon-Hearthflame, F|\n|poke|p2|Toxapex, M|\n|poke|p2|Corviknight, F|\n|poke|p2|Blissey, F|\n|poke|p2|Sneasler, F|\n|poke|p2|Garchomp, M|\n|teampreview\n|inactive|Battle timer is ON: inactive players will automatically lose when time's up. (requested by Deztroyed.exe)\n|\n|t:|1699396852\n|start\n|switch|p1a: Ariados|Ariados, F|100\/100\n|switch|p2a: Toxapex|Toxapex, M|100\/100\n|turn|1\n|\n|t:|1699396872\n|move|p1a: Ariados|Sticky Web|p2a: Toxapex\n|-sidestart|p2: Deztroyed.exe|move: Sticky Web\n|move|p2a: Toxapex|Body Slam|p1a: Ariados\n|-damage|p1a: Ariados|83\/100\n|\n|upkeep\n|turn|2\n|\n|t:|1699396879\n|move|p1a: Ariados|Toxic Thread|p2a: Toxapex\n|-unboost|p2a: Toxapex|spe|1\n|-immune|p2a: Toxapex\n|move|p2a: Toxapex|Body Slam|p1a: Ariados\n|-damage|p1a: Ariados|65\/100\n|\n|upkeep\n|turn|3\n|\n|t:|1699396892\n|move|p1a: Ariados|Lunge|p2a: Toxapex\n|-resisted|p2a: Toxapex\n|-damage|p2a: Toxapex|91\/100\n|-unboost|p2a: Toxapex|atk|1\n|move|p2a: Toxapex|Body Slam|p1a: Ariados\n|-damage|p1a: Ariados|53\/100\n|\n|-heal|p2a: Toxapex|98\/100|[from] item: Leftovers\n|upkeep\n|turn|4\n|\n|t:|1699396902\n|move|p1a: Ariados|Lunge|p2a: Toxapex\n|-resisted|p2a: Toxapex\n|-damage|p2a: Toxapex|88\/100\n|-unboost|p2a: Toxapex|atk|1\n|move|p2a: Toxapex|Body Slam|p1a: Ariados\n|-damage|p1a: Ariados|45\/100\n|\n|-heal|p2a: Toxapex|94\/100|[from] item: Leftovers\n|upkeep\n|turn|5\n|\n|t:|1699396912\n|move|p1a: Ariados|Cross Poison|p2a: Toxapex\n|-resisted|p2a: Toxapex\n|-damage|p2a: Toxapex|86\/100\n|move|p2a: Toxapex|Body Slam|p1a: Ariados\n|-damage|p1a: Ariados|35\/100\n|\n|-heal|p2a: Toxapex|92\/100|[from] item: Leftovers\n|upkeep\n|turn|6\n|\n|t:|1699396923\n|switch|p2a: Blissey|Blissey, F|100\/100\n|-activate|p2a: Blissey|move: Sticky Web\n|-unboost|p2a: Blissey|spe|1\n|move|p1a: Ariados|Cross Poison|p2a: Blissey\n|-crit|p2a: Blissey\n|-damage|p2a: Blissey|43\/100\n|\n|-heal|p2a: Blissey|49\/100|[from] item: Leftovers\n|upkeep\n|turn|7\n|\n|t:|1699396933\n|switch|p2a: Toxapex|Toxapex, M|92\/100\n|-activate|p2a: Toxapex|move: Sticky Web\n|-unboost|p2a: Toxapex|spe|1\n|move|p1a: Ariados|Toxic Thread|p2a: Toxapex\n|-unboost|p2a: Toxapex|spe|1\n|-immune|p2a: Toxapex\n|\n|-heal|p2a: Toxapex|98\/100|[from] item: Leftovers\n|upkeep\n|turn|8\n|\n|t:|1699396943\n|move|p1a: Ariados|Lunge|p2a: Toxapex\n|-resisted|p2a: Toxapex\n|-crit|p2a: Toxapex\n|-damage|p2a: Toxapex|75\/100\n|-unboost|p2a: Toxapex|atk|1\n|move|p2a: Toxapex|Body Slam|p1a: Ariados\n|-damage|p1a: Ariados|23\/100\n|\n|-heal|p2a: Toxapex|81\/100|[from] item: Leftovers\n|upkeep\n|turn|9\n|\n|t:|1699396953\n|move|p1a: Ariados|Cross Poison|p2a: Toxapex\n|-resisted|p2a: Toxapex\n|-damage|p2a: Toxapex|73\/100\n|move|p2a: Toxapex|Body Slam|p1a: Ariados\n|-damage|p1a: Ariados|11\/100\n|\n|-heal|p2a: Toxapex|79\/100|[from] item: Leftovers\n|upkeep\n|turn|10\n|\n|t:|1699396962\n|switch|p1a: Gholdengo|Gholdengo|100\/100\n|move|p2a: Toxapex|Body Slam|p1a: Gholdengo\n|-immune|p1a: Gholdengo\n|\n|-heal|p2a: Toxapex|85\/100|[from] item: Leftovers\n|upkeep\n|turn|11\n|\n|t:|1699396971\n|move|p2a: Toxapex|Baneful Bunker|p2a: Toxapex\n|-singleturn|p2a: Toxapex|move: Protect\n|move|p1a: Gholdengo|Trick|p2a: Toxapex\n|-activate|p2a: Toxapex|move: Protect\n|\n|-heal|p2a: Toxapex|91\/100|[from] item: Leftovers\n|upkeep\n|turn|12\n|\n|t:|1699396990\n|switch|p2a: Corviknight|Corviknight, F|100\/100\n|-ability|p2a: Corviknight|Pressure\n|move|p1a: Gholdengo|Trick|p2a: Corviknight\n|-activate|p1a: Gholdengo|move: Trick|[of] p2a: Corviknight\n|-item|p2a: Corviknight|Choice Scarf|[from] move: Trick\n|-item|p1a: Gholdengo|Leftovers|[from] move: Trick\n|\n|upkeep\n|turn|13\n|\n|t:|1699397008\n|switch|p2a: Blissey|Blissey, F|49\/100\n|-activate|p2a: Blissey|move: Sticky Web\n|-unboost|p2a: Blissey|spe|1\n|move|p1a: Gholdengo|Nasty Plot|p1a: Gholdengo\n|-boost|p1a: Gholdengo|spa|2\n|\n|-heal|p2a: Blissey|55\/100|[from] item: Leftovers\n|upkeep\n|turn|14\n|\n|t:|1699397016\n|move|p1a: Gholdengo|Make It Rain|p2a: Blissey\n|-damage|p2a: Blissey|12\/100\n|-unboost|p1a: Gholdengo|spa|1\n|move|p2a: Blissey|Dazzling Gleam|p1a: Gholdengo\n|-resisted|p1a: Gholdengo\n|-damage|p1a: Gholdengo|94\/100\n|\n|-heal|p1a: Gholdengo|99\/100|[from] item: Leftovers\n|-heal|p2a: Blissey|18\/100|[from] item: Leftovers\n|upkeep\n|turn|15\n|\n|t:|1699397030\n|move|p1a: Gholdengo|Make It Rain|p2a: Blissey\n|-damage|p2a: Blissey|0 fnt\n|-unboost|p1a: Gholdengo|spa|1\n|faint|p2a: Blissey\n|\n|-heal|p1a: Gholdengo|100\/100|[from] item: Leftovers\n|upkeep\n|\n|t:|1699397044\n|switch|p2a: Sneasler|Sneasler, F|100\/100\n|-activate|p2a: Sneasler|move: Sticky Web\n|-unboost|p2a: Sneasler|spe|1\n|turn|16\n|\n|t:|1699397051\n|move|p2a: Sneasler|Fake Out|p1a: Gholdengo\n|-immune|p1a: Gholdengo\n|move|p1a: Gholdengo|Trick|p2a: Sneasler\n|-activate|p1a: Gholdengo|move: Trick|[of] p2a: Sneasler\n|-item|p2a: Sneasler|Leftovers|[from] move: Trick\n|-item|p1a: Gholdengo|Focus Sash|[from] move: Trick\n|\n|upkeep\n|turn|17\n|\n|t:|1699397059\n|move|p2a: Sneasler|Shadow Claw|p1a: Gholdengo\n|-supereffective|p1a: Gholdengo\n|-crit|p1a: Gholdengo\n|-damage|p1a: Gholdengo|28\/100\n|move|p1a: Gholdengo|Nasty Plot|p1a: Gholdengo\n|-boost|p1a: Gholdengo|spa|2\n|\n|upkeep\n|turn|18\n|\n|t:|1699397068\n|move|p2a: Sneasler|Shadow Claw|p1a: Gholdengo\n|-supereffective|p1a: Gholdengo\n|-damage|p1a: Gholdengo|0 fnt\n|faint|p1a: Gholdengo\n|\n|upkeep\n|\n|t:|1699397069\n|switch|p1a: Jumpluff|Jumpluff, M|100\/100\n|turn|19\n|\n|t:|1699397076\n|move|p1a: Jumpluff|Cotton Guard|p1a: Jumpluff\n|-boost|p1a: Jumpluff|def|3\n|move|p2a: Sneasler|Dire Claw|p1a: Jumpluff\n|-supereffective|p1a: Jumpluff\n|-damage|p1a: Jumpluff|55\/100\n|\n|-heal|p1a: Jumpluff|61\/100|[from] item: Leftovers\n|upkeep\n|turn|20\n|\n|t:|1699397090\n|move|p1a: Jumpluff|Sleep Powder|p2a: Sneasler\n|-status|p2a: Sneasler|slp|[from] move: Sleep Powder\n|cant|p2a: Sneasler|slp\n|\n|-heal|p1a: Jumpluff|67\/100|[from] item: Leftovers\n|upkeep\n|turn|21\n|\n|t:|1699397102\n|switch|p2a: Corviknight|Corviknight, F|100\/100\n|-ability|p2a: Corviknight|Pressure\n|move|p1a: Jumpluff|Cotton Guard|p1a: Jumpluff\n|-boost|p1a: Jumpluff|def|3\n|\n|-heal|p1a: Jumpluff|73\/100|[from] item: Leftovers\n|upkeep\n|turn|22\n|\n|t:|1699397112\n|move|p1a: Jumpluff|Baton Pass|p1a: Jumpluff\n|\n|t:|1699397113\n|switch|p1a: Torkoal|Torkoal, M|100\/100|[from] Baton Pass\n|move|p2a: Corviknight|Brave Bird|p1a: Torkoal\n|-damage|p1a: Torkoal|92\/100\n|-damage|p2a: Corviknight|98\/100|[from] Recoil\n|\n|upkeep\n|turn|23\n|\n|t:|1699397123\n|switch|p2a: Toxapex|Toxapex, M|91\/100\n|-activate|p2a: Toxapex|move: Sticky Web\n|-unboost|p2a: Toxapex|spe|1\n|-terastallize|p1a: Torkoal|Fire\n|move|p1a: Torkoal|Shell Smash|p1a: Torkoal\n|-unboost|p1a: Torkoal|def|1\n|-unboost|p1a: Torkoal|spd|1\n|-boost|p1a: Torkoal|atk|2\n|-boost|p1a: Torkoal|spa|2\n|-boost|p1a: Torkoal|spe|2\n|\n|-heal|p2a: Toxapex|98\/100|[from] item: Leftovers\n|upkeep\n|turn|24\n|\n|t:|1699397152\n|move|p1a: Torkoal|Shell Smash|p1a: Torkoal\n|-unboost|p1a: Torkoal|def|1\n|-unboost|p1a: Torkoal|spd|1\n|-boost|p1a: Torkoal|atk|2\n|-boost|p1a: Torkoal|spa|2\n|-boost|p1a: Torkoal|spe|2\n|move|p2a: Toxapex|Body Slam|p1a: Torkoal\n|-damage|p1a: Torkoal|88\/100\n|\n|-heal|p2a: Toxapex|100\/100|[from] item: Leftovers\n|upkeep\n|turn|25\n|\n|t:|1699397163\n|move|p1a: Torkoal|Earth Power|p2a: Toxapex\n|-supereffective|p2a: Toxapex\n|-damage|p2a: Toxapex|14\/100\n|move|p2a: Toxapex|Body Slam|p1a: Torkoal\n|-damage|p1a: Torkoal|84\/100\n|\n|-heal|p2a: Toxapex|21\/100|[from] item: Leftovers\n|upkeep\n|turn|26\n|\n|t:|1699397174\n|switch|p2a: Corviknight|Corviknight, F|98\/100\n|-ability|p2a: Corviknight|Pressure\n|move|p1a: Torkoal|Earth Power|p2a: Corviknight\n|-immune|p2a: Corviknight\n|\n|upkeep\n|turn|27\n|\n|t:|1699397186\n|switch|p2a: Garchomp|Garchomp, M|100\/100\n|-activate|p2a: Garchomp|move: Sticky Web\n|-unboost|p2a: Garchomp|spe|1\n|move|p1a: Torkoal|Eruption|p2a: Garchomp\n|-resisted|p2a: Garchomp\n|-damage|p2a: Garchomp|14\/100\n|\n|upkeep\n|turn|28\n|\n|t:|1699397199\n|-terastallize|p2a: Garchomp|Steel\n|move|p1a: Torkoal|Eruption|p2a: Garchomp\n|-supereffective|p2a: Garchomp\n|-damage|p2a: Garchomp|0 fnt\n|faint|p2a: Garchomp\n|\n|upkeep\n|-message|Deztroyed.exe forfeited.\n|\n|win|tbone5309\n|raw|tbone5309's rating: 1041 &rarr; <strong>1079<\/strong><br \/>(+38 for winning)\n|raw|Deztroyed.exe's rating: 1088 &rarr; <strong>1062<\/strong><br \/>(-26 for losing)\n|l|\u2606Deztroyed.exe\n","uploadtime":1699397217,"views":4,"p1id":"tbone5309","p2id":"deztroyedexe","formatid":"gen9anythinggoes","rating":1062,"private":0,"password":""}