{"id":"gen9anythinggoes-1987349850","p1":"Tacolovertesting","p2":"Natcrozma %\u25d5\u203f\u203f\u25d5%","format":"[Gen 9] Anything Goes","log":"|j|\u2606Tacolovertesting\n|j|\u2606Natcrozma %\u25d5\u203f\u203f\u25d5%\n|t:|1699580494\n|gametype|singles\n|player|p1|Tacolovertesting|pokemonranger|\n|player|p2|Natcrozma %\u25d5\u203f\u203f\u25d5%|penny|\n|teamsize|p1|6\n|teamsize|p2|6\n|gen|9\n|tier|[Gen 9] Anything Goes\n|rated|Tournament battle\n|rule|HP Percentage Mod: HP is shown in percentages\n|rule|Endless Battle Clause: Forcing endless battles is banned\n|rule|Species Clause: Limit one of each Pok\u00e9mon\n|rule|OHKO Clause: OHKO moves are banned\n|rule|Evasion Moves Clause: Evasion moves are banned\n|rule|Sleep Moves Clause: Sleep-inducing moves are banned\n|rule|1 Ability Clause: Limit 1 of each ability\n|rule|Terastal Clause: You cannot Terastallize\n|clearpoke\n|poke|p1|Flutter Mane|\n|poke|p1|Iron Hands|\n|poke|p1|Rayquaza|\n|poke|p1|Arceus|\n|poke|p1|Kyogre|\n|poke|p1|Ogerpon-Hearthflame, F|\n|poke|p2|Rayquaza|\n|poke|p2|Arceus-Fairy|\n|poke|p2|Iron Hands|\n|poke|p2|Miraidon|\n|poke|p2|Dragapult, F|\n|poke|p2|Mewtwo|\n|teampreview\n|j|%Iolanthe\n|inactive|Battle timer is ON: inactive players will automatically lose when time's up. (requested by Natcrozma %\u25d5\u203f\u203f\u25d5%)\n|\n|t:|1699580504\n|start\n|switch|p1a: Snek|Rayquaza, shiny|100\/100\n|switch|p2a: Dragapult|Dragapult, F|100\/100\n|turn|1\n|l|%Iolanthe\n|\n|t:|1699580515\n|move|p1a: Snek|Extreme Speed|p2a: Dragapult\n|-damage|p2a: Dragapult|5\/100\n|move|p2a: Dragapult|Reflect|p2a: Dragapult\n|-sidestart|p2: Natcrozma %\u25d5\u203f\u203f\u25d5%|Reflect\n|\n|upkeep\n|turn|2\n|\n|t:|1699580520\n|move|p1a: Snek|Extreme Speed|p2a: Dragapult\n|-damage|p2a: Dragapult|0 fnt\n|faint|p2a: Dragapult\n|\n|upkeep\n|\n|t:|1699580522\n|switch|p2a: Arceus|Arceus-Fairy|100\/100\n|turn|3\n|\n|t:|1699580531\n|switch|p1a: Whale|Kyogre|100\/100\n|-weather|PrimordialSea|[from] ability: Primordial Sea|[of] p1a: Whale\n|move|p2a: Arceus|Swords Dance|p2a: Arceus\n|-boost|p2a: Arceus|atk|2\n|\n|-weather|PrimordialSea|[upkeep]\n|upkeep\n|turn|4\n|\n|t:|1699580539\n|move|p2a: Arceus|Extreme Speed|p1a: Whale\n|-damage|p1a: Whale|0 fnt\n|faint|p1a: Whale\n|-weather|none\n|-damage|p2a: Arceus|91\/100|[from] item: Life Orb\n|\n|upkeep\n|\n|t:|1699580546\n|switch|p1a: Rag|Flutter Mane|100\/100\n|-ability|p1a: Rag|Beads of Ruin\n|turn|5\n|\n|t:|1699580553\n|move|p2a: Arceus|Extreme Speed|p1a: Rag\n|-damage|p1a: Rag|0 fnt\n|faint|p1a: Rag\n|-damage|p2a: Arceus|81\/100|[from] item: Life Orb\n|\n|upkeep\n|\n|t:|1699580567\n|switch|p1a: Gates|Arceus|100\/100\n|turn|6\n|\n|t:|1699580589\n|move|p2a: Arceus|Extreme Speed|p1a: Gates\n|-damage|p1a: Gates|55\/100\n|-damage|p2a: Arceus|71\/100|[from] item: Life Orb\n|move|p1a: Gates|Swords Dance|p1a: Gates\n|-boost|p1a: Gates|atk|2\n|\n|-heal|p1a: Gates|61\/100|[from] item: Leftovers\n|upkeep\n|turn|7\n|\n|t:|1699580595\n|move|p1a: Gates|Extreme Speed|p2a: Arceus\n|-damage|p2a: Arceus|39\/100\n|move|p2a: Arceus|Extreme Speed|p1a: Gates\n|-damage|p1a: Gates|10\/100\n|-damage|p2a: Arceus|29\/100|[from] item: Life Orb\n|\n|-heal|p1a: Gates|17\/100|[from] item: Leftovers\n|upkeep\n|turn|8\n|\n|t:|1699580601\n|move|p2a: Arceus|Extreme Speed|p1a: Gates\n|-damage|p1a: Gates|0 fnt\n|faint|p1a: Gates\n|-damage|p2a: Arceus|19\/100|[from] item: Life Orb\n|\n|-sideend|p2: Natcrozma %\u25d5\u203f\u203f\u25d5%|Reflect\n|upkeep\n|\n|t:|1699580605\n|switch|p1a: Slap|Iron Hands|100\/100\n|turn|9\n|\n|t:|1699580607\n|move|p1a: Slap|Drain Punch|p2a: Arceus\n|-resisted|p2a: Arceus\n|-damage|p2a: Arceus|1\/100\n|move|p2a: Arceus|Extreme Speed|p1a: Slap\n|-supereffective|p1a: Slap\n|-damage|p1a: Slap|0 fnt\n|faint|p1a: Slap\n|-damage|p2a: Arceus|0 fnt|[from] item: Life Orb\n|faint|p2a: Arceus\n|\n|upkeep\n|\n|t:|1699580619\n|switch|p2a: Miraidon|Miraidon|100\/100\n|switch|p1a: AHHHHHH|Ogerpon-Hearthflame, F|100\/100\n|turn|10\n|\n|t:|1699580624\n|move|p1a: AHHHHHH|Knock Off|p2a: Miraidon\n|-damage|p2a: Miraidon|78\/100\n|-enditem|p2a: Miraidon|Toxic Orb|[from] move: Knock Off|[of] p1a: AHHHHHH\n|move|p2a: Miraidon|Agility|p2a: Miraidon\n|-boost|p2a: Miraidon|spe|2\n|\n|upkeep\n|turn|11\n|c|\u2606Natcrozma %\u25d5\u203f\u203f\u25d5%|:c\n|\n|t:|1699580635\n|move|p2a: Miraidon|Calm Mind|p2a: Miraidon\n|-boost|p2a: Miraidon|spa|1\n|-boost|p2a: Miraidon|spd|1\n|move|p1a: AHHHHHH|Swords Dance|p1a: AHHHHHH\n|-boost|p1a: AHHHHHH|atk|2\n|\n|upkeep\n|turn|12\n|\n|t:|1699580641\n|move|p2a: Miraidon|Calm Mind|p2a: Miraidon\n|-boost|p2a: Miraidon|spa|1\n|-boost|p2a: Miraidon|spd|1\n|move|p1a: AHHHHHH|Ivy Cudgel|p2a: Miraidon\n|-resisted|p2a: Miraidon\n|-damage|p2a: Miraidon|44\/100\n|\n|upkeep\n|turn|13\n|c|\u2606Tacolovertesting|C:\n|\n|t:|1699580651\n|move|p2a: Miraidon|Parabolic Charge|p1a: AHHHHHH\n|-resisted|p1a: AHHHHHH\n|-damage|p1a: AHHHHHH|85\/100\n|-heal|p2a: Miraidon|49\/100|[from] drain|[of] p1a: AHHHHHH\n|move|p1a: AHHHHHH|Ivy Cudgel|p2a: Miraidon\n|-resisted|p2a: Miraidon\n|-damage|p2a: Miraidon|16\/100\n|\n|upkeep\n|turn|14\n|c|\u2606Natcrozma %\u25d5\u203f\u203f\u25d5%|0\n|\n|t:|1699580660\n|move|p2a: Miraidon|Parabolic Charge|p1a: AHHHHHH\n|-resisted|p1a: AHHHHHH\n|-damage|p1a: AHHHHHH|69\/100\n|-heal|p2a: Miraidon|22\/100|[from] drain|[of] p1a: AHHHHHH\n|move|p1a: AHHHHHH|Ivy Cudgel|p2a: Miraidon\n|-resisted|p2a: Miraidon\n|-damage|p2a: Miraidon|0 fnt\n|faint|p2a: Miraidon\n|\n|upkeep\n|\n|t:|1699580666\n|switch|p2a: Mewtwo|Mewtwo|100\/100\n|-fieldstart|move: Electric Terrain|[from] ability: Hadron Engine|[of] p2a: Mewtwo\n|turn|15\n|\n|t:|1699580671\n|move|p2a: Mewtwo|Psystrike|p1a: AHHHHHH\n|-damage|p1a: AHHHHHH|2\/100\n|-damage|p2a: Mewtwo|91\/100|[from] item: Life Orb\n|move|p1a: AHHHHHH|Knock Off|p2a: Mewtwo\n|-supereffective|p2a: Mewtwo\n|-damage|p2a: Mewtwo|0 fnt\n|-enditem|p2a: Mewtwo|Life Orb|[from] move: Knock Off|[of] p1a: AHHHHHH\n|faint|p2a: Mewtwo\n|\n|upkeep\n|\n|t:|1699580675\n|switch|p2a: Rayquaza|Rayquaza|100\/100\n|turn|16\n|\n|t:|1699580683\n|move|p2a: Rayquaza|Extreme Speed|p1a: AHHHHHH\n|-supereffective|p1a: AHHHHHH\n|-damage|p1a: AHHHHHH|0 fnt\n|faint|p1a: AHHHHHH\n|-damage|p2a: Rayquaza|91\/100|[from] item: Life Orb\n|\n|upkeep\n|\n|t:|1699580686\n|switch|p1a: Snek|Rayquaza, shiny|100\/100\n|turn|17\n|\n|t:|1699580698\n|move|p1a: Snek|Extreme Speed|p2a: Rayquaza\n|-damage|p2a: Rayquaza|8\/100\n|move|p2a: Rayquaza|Extreme Speed|p1a: Snek\n|-damage|p1a: Snek|24\/100\n|-damage|p2a: Rayquaza|0 fnt|[from] item: Life Orb\n|faint|p2a: Rayquaza\n|\n|upkeep\n|\n|t:|1699580703\n|switch|p2a: Iron Hands|Iron Hands|100\/100\n|turn|18\n|\n|t:|1699580710\n|move|p1a: Snek|Extreme Speed|p2a: Iron Hands\n|-damage|p2a: Iron Hands|37\/100\n|-enditem|p2a: Iron Hands|Sitrus Berry|[eat]\n|-heal|p2a: Iron Hands|62\/100|[from] item: Sitrus Berry\n|move|p2a: Iron Hands|Ice Punch|p1a: Snek\n|-supereffective|p1a: Snek\n|-damage|p1a: Snek|0 fnt\n|faint|p1a: Snek\n|\n|win|Natcrozma %\u25d5\u203f\u203f\u25d5%\n|n|\u2606Tacolovertesting|tacolovertesting\n|n|\u2606Natcrozma %\u25d5\u203f\u203f\u25d5%|natcrozma\n","uploadtime":1699580711,"views":4,"p1id":"tacolovertesting","p2id":"natcrozma","formatid":"gen9anythinggoes","rating":0,"private":0,"password":""}