{"id":"gen9anythinggoes-1992477851","p1":"jacklives","p2":"Aeziolu","format":"[Gen 9] Anything Goes","log":"|j|\u2606jacklives\n|j|\u2606Aeziolu\n|t:|1700192502\n|gametype|singles\n|player|p1|jacklives|eusine|\n|player|p2|Aeziolu|wally|\n|teamsize|p1|6\n|teamsize|p2|6\n|gen|9\n|tier|[Gen 9] Anything Goes\n|rule|HP Percentage Mod: HP is shown in percentages\n|rule|Endless Battle Clause: Forcing endless battles is banned\n|clearpoke\n|poke|p1|Moltres|\n|poke|p1|Donphan, M|\n|poke|p1|Bellibolt, M|\n|poke|p1|Articuno-Galar|\n|poke|p1|Electrode|\n|poke|p1|Snorunt, F|\n|poke|p2|Dragapult, M|\n|poke|p2|Scizor, M|\n|poke|p2|Armarouge, F|\n|poke|p2|Ditto|\n|poke|p2|Spidops, M|\n|poke|p2|Raboot, M|\n|teampreview\n|inactive|Battle timer is ON: inactive players will automatically lose when time's up. (requested by jacklives)\n|\n|t:|1700192510\n|start\n|switch|p1a: Electrode|Electrode|100\/100\n|switch|p2a: Spidops|Spidops, M|100\/100\n|turn|1\n|\n|t:|1700192514\n|move|p1a: Electrode|Taunt|p2a: Spidops\n|-start|p2a: Spidops|move: Taunt\n|cant|p2a: Spidops|move: Taunt|Sticky Web\n|\n|upkeep\n|turn|2\n|\n|t:|1700192544\n|switch|p2a: Ditto|Ditto|100\/100\n|-transform|p2a: Ditto|p1a: Electrode|[from] ability: Imposter\n|move|p1a: Electrode|Volt Switch|p2a: Ditto\n|-resisted|p2a: Ditto\n|-damage|p2a: Ditto|82\/100\n|\n|t:|1700192554\n|switch|p1a: Bellibolt|Bellibolt, M|100\/100|[from] Volt Switch\n|\n|upkeep\n|turn|3\n|\n|t:|1700192567\n|switch|p1a: Donphan|Donphan, M|100\/100\n|move|p2a: Ditto|Taunt|p1a: Donphan\n|-start|p1a: Donphan|move: Taunt\n|\n|upkeep\n|turn|4\n|\n|t:|1700192577\n|switch|p2a: Armarouge|Armarouge, F|100\/100\n|-item|p2a: Armarouge|Air Balloon\n|move|p1a: Donphan|Earthquake|p2a: Armarouge\n|-immune|p2a: Armarouge\n|\n|upkeep\n|turn|5\n|\n|t:|1700192600\n|switch|p1a: Bellibolt|Bellibolt, M|100\/100\n|move|p2a: Armarouge|Psychic|p1a: Bellibolt\n|-damage|p1a: Bellibolt|59\/100\n|-unboost|p1a: Bellibolt|spd|1\n|-start|p1a: Bellibolt|Charge|Psychic|[from] ability: Electromorphosis\n|\n|upkeep\n|turn|6\n|inactive|jacklives has 270 seconds left.\n|\n|t:|1700192642\n|switch|p1a: Electrode|Electrode|100\/100\n|move|p2a: Armarouge|Psychic|p1a: Electrode\n|-damage|p1a: Electrode|28\/100\n|\n|upkeep\n|turn|7\n|\n|t:|1700192651\n|switch|p2a: Ditto|Ditto|82\/100\n|-transform|p2a: Ditto|p1a: Electrode|[from] ability: Imposter\n|move|p1a: Electrode|Volt Switch|p2a: Ditto\n|-resisted|p2a: Ditto\n|-damage|p2a: Ditto|63\/100\n|\n|t:|1700192654\n|switch|p1a: Donphan|Donphan, M|100\/100|[from] Volt Switch\n|\n|upkeep\n|turn|8\n|\n|t:|1700192667\n|switch|p2a: Scizor|Scizor, M|100\/100\n|move|p1a: Donphan|Knock Off|p2a: Scizor\n|-damage|p2a: Scizor|67\/100\n|-enditem|p2a: Scizor|Protective Pads|[from] move: Knock Off|[of] p1a: Donphan\n|\n|upkeep\n|turn|9\n|inactive|jacklives has 270 seconds left.\n|\n|t:|1700192684\n|switch|p1a: Moltres|Moltres|100\/100\n|move|p2a: Scizor|Knock Off|p1a: Moltres\n|-damage|p1a: Moltres|65\/100\n|-status|p2a: Scizor|brn|[from] ability: Flame Body|[of] p1a: Moltres\n|-enditem|p1a: Moltres|Heavy-Duty Boots|[from] move: Knock Off|[of] p2a: Scizor\n|\n|-damage|p2a: Scizor|61\/100 brn|[from] brn\n|upkeep\n|turn|10\n|\n|t:|1700192696\n|switch|p2a: Dragapult|Dragapult, M|100\/100\n|move|p1a: Moltres|Flamethrower|p2a: Dragapult\n|-resisted|p2a: Dragapult\n|-damage|p2a: Dragapult|77\/100\n|\n|upkeep\n|turn|11\n|\n|t:|1700192706\n|move|p2a: Dragapult|Shadow Ball|p1a: Moltres\n|-crit|p1a: Moltres\n|-damage|p1a: Moltres|7\/100\n|move|p1a: Moltres|Will-O-Wisp|p2a: Dragapult|[miss]\n|-miss|p1a: Moltres|p2a: Dragapult\n|\n|upkeep\n|turn|12\n|\n|t:|1700192723\n|switch|p1a: Donphan|Donphan, M|100\/100\n|move|p2a: Dragapult|Shadow Ball|p1a: Donphan\n|-damage|p1a: Donphan|33\/100\n|\n|-heal|p1a: Donphan|39\/100|[from] item: Leftovers\n|upkeep\n|turn|13\n|\n|t:|1700192734\n|move|p2a: Dragapult|Shadow Ball|p1a: Donphan\n|-damage|p1a: Donphan|0 fnt\n|faint|p1a: Donphan\n|\n|upkeep\n|\n|t:|1700192752\n|switch|p1a: Snorunt|Snorunt, F|100\/100\n|turn|14\n|\n|t:|1700192763\n|switch|p2a: Raboot|Raboot, M|100\/100\n|move|p1a: Snorunt|Protect||[still]\n|-fail|p1a: Snorunt\n|\n|-ability|p1a: Snorunt|Moody|boost\n|-boost|p1a: Snorunt|def|2\n|-unboost|p1a: Snorunt|spe|1\n|upkeep\n|turn|15\n|\n|t:|1700192768\n|move|p1a: Snorunt|Protect|p1a: Snorunt\n|-singleturn|p1a: Snorunt|Protect\n|move|p2a: Raboot|Swords Dance|p2a: Raboot\n|-start|p2a: Raboot|typechange|Normal|[from] ability: Libero\n|-boost|p2a: Raboot|atk|2\n|\n|-ability|p1a: Snorunt|Moody|boost\n|-boost|p1a: Snorunt|spa|2\n|-unboost|p1a: Snorunt|spd|1\n|upkeep\n|turn|16\n|\n|t:|1700192780\n|move|p2a: Raboot|Double-Edge|p1a: Snorunt\n|-damage|p1a: Snorunt|11\/100\n|-damage|p2a: Raboot|67\/100|[from] Recoil\n|move|p1a: Snorunt|Frost Breath|p2a: Raboot\n|-crit|p2a: Raboot\n|-damage|p2a: Raboot|4\/100\n|\n|-heal|p1a: Snorunt|17\/100|[from] item: Leftovers\n|-ability|p1a: Snorunt|Moody|boost\n|-boost|p1a: Snorunt|atk|2\n|-unboost|p1a: Snorunt|spd|1\n|upkeep\n|turn|17\n|\n|t:|1700192791\n|move|p1a: Snorunt|Protect|p1a: Snorunt\n|-singleturn|p1a: Snorunt|Protect\n|move|p2a: Raboot|Quick Attack|p1a: Snorunt\n|-activate|p1a: Snorunt|move: Protect\n|\n|-heal|p1a: Snorunt|23\/100|[from] item: Leftovers\n|-ability|p1a: Snorunt|Moody|boost\n|-boost|p1a: Snorunt|spd|2\n|-unboost|p1a: Snorunt|spa|1\n|upkeep\n|turn|18\n|inactive|jacklives has 240 seconds left.\n|\n|t:|1700192815\n|switch|p1a: Moltres|Moltres|7\/100\n|move|p2a: Raboot|Quick Attack|p1a: Moltres\n|-damage|p1a: Moltres|0 fnt\n|-status|p2a: Raboot|brn|[from] ability: Flame Body|[of] p1a: Moltres\n|faint|p1a: Moltres\n|\n|-damage|p2a: Raboot|0 fnt|[from] brn\n|faint|p2a: Raboot\n|upkeep\n|inactive|jacklives has 240 seconds left.\n|\n|t:|1700192842\n|switch|p2a: Ditto|Ditto|63\/100\n|switch|p1a: Electrode|Electrode|28\/100\n|-transform|p2a: Ditto|p1a: Electrode|[from] ability: Imposter\n|turn|19\n|\n|t:|1700192853\n|move|p1a: Electrode|Volt Switch|p2a: Ditto\n|-resisted|p2a: Ditto\n|-damage|p2a: Ditto|44\/100\n|\n|t:|1700192863\n|switch|p1a: Bellibolt|Bellibolt, M|59\/100|[from] Volt Switch\n|move|p2a: Ditto|Tera Blast|p1a: Bellibolt\n|-damage|p1a: Bellibolt|39\/100\n|-start|p1a: Bellibolt|Charge|Tera Blast|[from] ability: Electromorphosis\n|\n|upkeep\n|turn|20\n|\n|t:|1700192868\n|move|p2a: Ditto|Taunt|p1a: Bellibolt\n|-start|p1a: Bellibolt|move: Taunt\n|cant|p1a: Bellibolt|move: Taunt|Slack Off\n|\n|upkeep\n|turn|21\n|\n|t:|1700192873\n|move|p2a: Ditto|Volt Switch|p1a: Bellibolt\n|-resisted|p1a: Bellibolt\n|-damage|p1a: Bellibolt|27\/100\n|-start|p1a: Bellibolt|Charge|Volt Switch|[from] ability: Electromorphosis\n|\n|t:|1700192877\n|switch|p2a: Spidops|Spidops, M|100\/100|[from] Volt Switch\n|move|p1a: Bellibolt|Volt Switch|p2a: Spidops\n|-damage|p2a: Spidops|39\/100\n|-end|p1a: Bellibolt|Charge|[silent]\n|inactive|jacklives has 240 seconds left.\n|\n|t:|1700192883\n|switch|p1a: Electrode|Electrode|28\/100|[from] Volt Switch\n|\n|upkeep\n|turn|22\n|\n|t:|1700192888\n|move|p2a: Spidops|Sucker Punch|p1a: Electrode\n|-damage|p1a: Electrode|5\/100\n|move|p1a: Electrode|Thunderbolt|p2a: Spidops\n|-damage|p2a: Spidops|1\/100\n|\n|upkeep\n|turn|23\n|\n|t:|1700192894\n|move|p2a: Spidops|Sucker Punch||[still]\n|-fail|p2a: Spidops\n|move|p1a: Electrode|Taunt|p2a: Spidops\n|-start|p2a: Spidops|move: Taunt\n|\n|upkeep\n|turn|24\n|\n|t:|1700192903\n|switch|p1a: Snorunt|Snorunt, F|23\/100\n|move|p2a: Spidops|Sucker Punch||[still]\n|-fail|p2a: Spidops\n|\n|-heal|p1a: Snorunt|29\/100|[from] item: Leftovers\n|-ability|p1a: Snorunt|Moody|boost\n|-boost|p1a: Snorunt|def|2\n|-unboost|p1a: Snorunt|atk|1\n|upkeep\n|turn|25\n|\n|t:|1700192912\n|switch|p2a: Armarouge|Armarouge, F|100\/100\n|-item|p2a: Armarouge|Air Balloon\n|move|p1a: Snorunt|Substitute|p1a: Snorunt\n|-start|p1a: Snorunt|Substitute\n|-damage|p1a: Snorunt|4\/100\n|\n|-heal|p1a: Snorunt|11\/100|[from] item: Leftovers\n|-ability|p1a: Snorunt|Moody|boost\n|-boost|p1a: Snorunt|spe|2\n|-unboost|p1a: Snorunt|spd|1\n|upkeep\n|turn|26\n|inactive|jacklives has 270 seconds left.\n|\n|t:|1700192923\n|move|p1a: Snorunt|Frost Breath|p2a: Armarouge\n|-resisted|p2a: Armarouge\n|-crit|p2a: Armarouge\n|-damage|p2a: Armarouge|89\/100\n|-enditem|p2a: Armarouge|Air Balloon\n|move|p2a: Armarouge|Psychic|p1a: Snorunt\n|-end|p1a: Snorunt|Substitute\n|\n|-heal|p1a: Snorunt|17\/100|[from] item: Leftovers\n|-ability|p1a: Snorunt|Moody|boost\n|-boost|p1a: Snorunt|spd|2\n|-unboost|p1a: Snorunt|spe|1\n|upkeep\n|turn|27\n|inactive|jacklives has 270 seconds left.\n|\n|t:|1700192941\n|move|p1a: Snorunt|Protect|p1a: Snorunt\n|-singleturn|p1a: Snorunt|Protect\n|move|p2a: Armarouge|Calm Mind|p2a: Armarouge\n|-boost|p2a: Armarouge|spa|1\n|-boost|p2a: Armarouge|spd|1\n|\n|-heal|p1a: Snorunt|23\/100|[from] item: Leftovers\n|-ability|p1a: Snorunt|Moody|boost\n|-boost|p1a: Snorunt|spd|2\n|-unboost|p1a: Snorunt|spe|1\n|upkeep\n|turn|28\n|\n|t:|1700192947\n|move|p2a: Armarouge|Psychic|p1a: Snorunt\n|-damage|p1a: Snorunt|0 fnt\n|faint|p1a: Snorunt\n|\n|upkeep\n|inactive|jacklives has 270 seconds left.\n|\n|t:|1700192957\n|switch|p1a: Electrode|Electrode|5\/100\n|turn|29\n|\n|t:|1700192962\n|move|p1a: Electrode|Thunderbolt|p2a: Armarouge\n|-damage|p2a: Armarouge|61\/100\n|move|p2a: Armarouge|Psychic|p1a: Electrode\n|-damage|p1a: Electrode|0 fnt\n|faint|p1a: Electrode\n|\n|upkeep\n|\n|t:|1700192968\n|switch|p1a: Articuno|Articuno-Galar|100\/100\n|turn|30\n|\n|t:|1700192976\n|move|p1a: Articuno|Agility|p1a: Articuno\n|-boost|p1a: Articuno|spe|2\n|move|p2a: Armarouge|Armor Cannon|p1a: Articuno\n|-damage|p1a: Articuno|23\/100\n|-unboost|p2a: Armarouge|def|1\n|-unboost|p2a: Armarouge|spd|1\n|\n|-heal|p1a: Articuno|29\/100|[from] item: Leftovers\n|upkeep\n|turn|31\n|\n|t:|1700192986\n|move|p1a: Articuno|Tera Blast|p2a: Armarouge\n|-damage|p2a: Armarouge|34\/100\n|move|p2a: Armarouge|Armor Cannon|p1a: Articuno\n|-damage|p1a: Articuno|0 fnt\n|-unboost|p2a: Armarouge|def|1\n|-unboost|p2a: Armarouge|spd|1\n|faint|p1a: Articuno\n|\n|upkeep\n|\n|t:|1700192993\n|switch|p1a: Bellibolt|Bellibolt, M|27\/100\n|turn|32\n|\n|t:|1700192996\n|move|p2a: Armarouge|Armor Cannon|p1a: Bellibolt\n|-damage|p1a: Bellibolt|0 fnt\n|-unboost|p2a: Armarouge|def|1\n|-unboost|p2a: Armarouge|spd|1\n|faint|p1a: Bellibolt\n|\n|win|Aeziolu\n|l|\u2606jacklives\n","uploadtime":1700193004,"views":7,"p1id":"jacklives","p2id":"aeziolu","formatid":"gen9anythinggoes","rating":0,"private":0,"password":""}