{"id":"gen9anythinggoes-1981483920","p1":"Eriririririririric","p2":"hbkmnw","format":"[Gen 9] Anything Goes","log":"|j|\u203dEriririririririric\n|j|\u2606hbkmnw\n|t:|1698904308\n|gametype|singles\n|player|p1|Eriririririririric|169|1558\n|player|p2|hbkmnw|guitarist|1733\n|teamsize|p1|6\n|teamsize|p2|6\n|gen|9\n|tier|[Gen 9] Anything Goes\n|rated|\n|rule|HP Percentage Mod: HP is shown in percentages\n|rule|Endless Battle Clause: Forcing endless battles is banned\n|clearpoke\n|poke|p1|Koraidon|\n|poke|p1|Miraidon|\n|poke|p1|Cloyster, M|\n|poke|p1|Zacian-*|\n|poke|p1|Toxapex, M|\n|poke|p1|Chien-Pao|\n|poke|p2|Calyrex-Ice|\n|poke|p2|Hatterene, F|\n|poke|p2|Ursaluna-Bloodmoon, M|\n|poke|p2|Toxapex, M|\n|poke|p2|Cresselia, F|\n|poke|p2|Dondozo, M|\n|teampreview\n|inactive|Battle timer is ON: inactive players will automatically lose when time's up. (requested by Eriririririririric)\n|\n|t:|1698904330\n|start\n|switch|p1a: Cloyster|Cloyster, M|100\/100\n|switch|p2a: Hatterene|Hatterene, F, shiny|100\/100\n|turn|1\n|\n|t:|1698904334\n|move|p1a: Cloyster|Shell Smash|p1a: Cloyster\n|-unboost|p1a: Cloyster|def|1\n|-unboost|p1a: Cloyster|spd|1\n|-boost|p1a: Cloyster|atk|2\n|-boost|p1a: Cloyster|spa|2\n|-boost|p1a: Cloyster|spe|2\n|move|p2a: Hatterene|Trick Room|p2a: Hatterene\n|-fieldstart|move: Trick Room|[of] p2a: Hatterene\n|\n|upkeep\n|turn|2\n|\n|t:|1698904338\n|move|p2a: Hatterene|Dazzling Gleam|p1a: Cloyster\n|-enditem|p1a: Cloyster|Focus Sash\n|-damage|p1a: Cloyster|1\/100\n|move|p1a: Cloyster|Icicle Spear|p2a: Hatterene\n|-damage|p2a: Hatterene|76\/100\n|-damage|p2a: Hatterene|50\/100\n|-damage|p2a: Hatterene|24\/100\n|-damage|p2a: Hatterene|0 fnt\n|faint|p2a: Hatterene\n|-hitcount|p2: Hatterene|4\n|\n|upkeep\n|\n|t:|1698904343\n|switch|p2a: Ursaluna|Ursaluna-Bloodmoon, M|100\/100\n|turn|3\n|\n|t:|1698904351\n|move|p2a: Ursaluna|Vacuum Wave|p1a: Cloyster\n|-supereffective|p1a: Cloyster\n|-damage|p1a: Cloyster|0 fnt\n|faint|p1a: Cloyster\n|\n|upkeep\n|\n|t:|1698904354\n|switch|p1a: Zacian|Zacian-Crowned|100\/100\n|-ability|p1a: Zacian|Intrepid Sword|boost\n|-boost|p1a: Zacian|atk|1\n|turn|4\n|\n|t:|1698904358\n|move|p2a: Ursaluna|Earth Power|p1a: Zacian\n|-supereffective|p1a: Zacian\n|-damage|p1a: Zacian|4\/100\n|move|p1a: Zacian|Close Combat|p2a: Ursaluna\n|-supereffective|p2a: Ursaluna\n|-damage|p2a: Ursaluna|10\/100\n|-unboost|p1a: Zacian|def|1\n|-unboost|p1a: Zacian|spd|1\n|\n|upkeep\n|turn|5\n|\n|t:|1698904366\n|move|p2a: Ursaluna|Vacuum Wave|p1a: Zacian\n|-damage|p1a: Zacian|0 fnt\n|faint|p1a: Zacian\n|\n|-fieldend|move: Trick Room\n|upkeep\n|\n|t:|1698904371\n|switch|p1a: Chien-Pao|Chien-Pao|100\/100\n|-ability|p1a: Chien-Pao|Sword of Ruin\n|turn|6\n|\n|t:|1698904376\n|move|p2a: Ursaluna|Vacuum Wave|p1a: Chien-Pao\n|-supereffective|p1a: Chien-Pao\n|-damage|p1a: Chien-Pao|6\/100\n|move|p1a: Chien-Pao|Sacred Sword|p2a: Ursaluna\n|-supereffective|p2a: Ursaluna\n|-damage|p2a: Ursaluna|0 fnt\n|faint|p2a: Ursaluna\n|\n|upkeep\n|\n|t:|1698904383\n|switch|p2a: Toxapex|Toxapex, M|100\/100\n|turn|7\n|\n|t:|1698904392\n|switch|p1a: Toxapex|Toxapex, M|100\/100\n|move|p2a: Toxapex|Baneful Bunker||[still]\n|-fail|p2a: Toxapex\n|\n|upkeep\n|turn|8\n|\n|t:|1698904417\n|move|p1a: Toxapex|Surf|p2a: Toxapex\n|-resisted|p2a: Toxapex\n|-damage|p2a: Toxapex|93\/100\n|move|p2a: Toxapex|Toxic Spikes|p1a: Toxapex\n|-sidestart|p1: Eriririririririric|move: Toxic Spikes\n|\n|upkeep\n|turn|9\n|\n|t:|1698904424\n|switch|p1a: Miraidon|Miraidon|100\/100\n|-status|p1a: Miraidon|psn\n|-fieldstart|move: Electric Terrain|[from] ability: Hadron Engine|[of] p1a: Miraidon\n|move|p2a: Toxapex|Toxic Spikes|p1a: Miraidon\n|-sidestart|p1: Eriririririririric|move: Toxic Spikes\n|\n|-damage|p1a: Miraidon|88\/100 psn|[from] psn\n|upkeep\n|turn|10\n|\n|t:|1698904429\n|move|p2a: Toxapex|Baneful Bunker|p2a: Toxapex\n|-singleturn|p2a: Toxapex|move: Protect\n|move|p1a: Miraidon|Parabolic Charge|p2a: Toxapex\n|-activate|p2a: Toxapex|move: Protect\n|\n|-damage|p1a: Miraidon|76\/100 psn|[from] psn\n|upkeep\n|turn|11\n|\n|t:|1698904445\n|move|p1a: Miraidon|Parabolic Charge|p2a: Toxapex\n|-supereffective|p2a: Toxapex\n|-damage|p2a: Toxapex|0 fnt\n|-heal|p1a: Miraidon|100\/100 psn|[from] drain|[of] p2a: Toxapex\n|faint|p2a: Toxapex\n|\n|-damage|p1a: Miraidon|88\/100 psn|[from] psn\n|upkeep\n|\n|t:|1698904454\n|switch|p2a: Calyrex|Calyrex-Ice|100\/100\n|-ability|p2a: Calyrex|As One\n|-ability|p2a: Calyrex|Unnerve\n|turn|12\n|\n|t:|1698904462\n|switch|p1a: Toxapex|Toxapex, M|100\/100\n|-sideend|p1: Eriririririririric|move: Toxic Spikes|[of] p1a: Toxapex\n|-terastallize|p2a: Calyrex|Fairy\n|move|p2a: Calyrex|Trick Room|p2a: Calyrex\n|-fieldstart|move: Trick Room|[of] p2a: Calyrex\n|\n|upkeep\n|turn|13\n|\n|t:|1698904468\n|move|p2a: Calyrex|High Horsepower|p1a: Toxapex\n|-supereffective|p1a: Toxapex\n|-damage|p1a: Toxapex|45\/100\n|move|p1a: Toxapex|Toxic|p2a: Calyrex\n|-status|p2a: Calyrex|tox\n|\n|-heal|p1a: Toxapex|51\/100|[from] item: Black Sludge\n|-damage|p2a: Calyrex|94\/100 tox|[from] psn\n|-fieldend|move: Electric Terrain\n|upkeep\n|turn|14\n|\n|t:|1698904474\n|move|p1a: Toxapex|Baneful Bunker|p1a: Toxapex\n|-singleturn|p1a: Toxapex|move: Protect\n|move|p2a: Calyrex|High Horsepower|p1a: Toxapex\n|-activate|p1a: Toxapex|move: Protect\n|\n|-heal|p2a: Calyrex|100\/100 tox|[from] item: Leftovers\n|-heal|p1a: Toxapex|57\/100|[from] item: Black Sludge\n|-damage|p2a: Calyrex|88\/100 tox|[from] psn\n|upkeep\n|turn|15\n|\n|t:|1698904480\n|switch|p1a: Koraidon|Koraidon|100\/100\n|-weather|SunnyDay|[from] ability: Orichalcum Pulse|[of] p1a: Koraidon\n|-activate|p1a: Koraidon|Orichalcum Pulse|[source]\n|move|p2a: Calyrex|High Horsepower|p1a: Koraidon\n|-damage|p1a: Koraidon|61\/100\n|\n|-weather|SunnyDay|[upkeep]\n|-heal|p2a: Calyrex|94\/100 tox|[from] item: Leftovers\n|-damage|p2a: Calyrex|76\/100 tox|[from] psn\n|upkeep\n|turn|16\n|\n|t:|1698904487\n|switch|p1a: Toxapex|Toxapex, M|90\/100\n|move|p2a: Calyrex|Glacial Lance|p1a: Toxapex\n|-resisted|p1a: Toxapex\n|-damage|p1a: Toxapex|64\/100\n|\n|-weather|SunnyDay|[upkeep]\n|-heal|p2a: Calyrex|82\/100 tox|[from] item: Leftovers\n|-heal|p1a: Toxapex|70\/100|[from] item: Black Sludge\n|-damage|p2a: Calyrex|57\/100 tox|[from] psn\n|-fieldend|move: Trick Room\n|upkeep\n|turn|17\n|\n|t:|1698904501\n|switch|p2a: Dondozo|Dondozo, M|100\/100\n|move|p1a: Toxapex|Baneful Bunker||[still]\n|-fail|p1a: Toxapex\n|\n|-weather|SunnyDay|[upkeep]\n|-heal|p1a: Toxapex|76\/100|[from] item: Black Sludge\n|upkeep\n|turn|18\n|\n|t:|1698904504\n|move|p1a: Toxapex|Toxic|p2a: Dondozo\n|-status|p2a: Dondozo|tox\n|move|p2a: Dondozo|Fissure|p1a: Toxapex|[miss]\n|-miss|p2a: Dondozo|p1a: Toxapex\n|\n|-weather|SunnyDay|[upkeep]\n|-heal|p1a: Toxapex|83\/100|[from] item: Black Sludge\n|-damage|p2a: Dondozo|94\/100 tox|[from] psn\n|upkeep\n|turn|19\n|\n|t:|1698904512\n|move|p1a: Toxapex|Baneful Bunker|p1a: Toxapex\n|-singleturn|p1a: Toxapex|move: Protect\n|move|p2a: Dondozo|Curse|p2a: Dondozo\n|-unboost|p2a: Dondozo|spe|1\n|-boost|p2a: Dondozo|atk|1\n|-boost|p2a: Dondozo|def|1\n|\n|-weather|none\n|-heal|p1a: Toxapex|89\/100|[from] item: Black Sludge\n|-heal|p2a: Dondozo|100\/100 tox|[from] item: Leftovers\n|-damage|p2a: Dondozo|88\/100 tox|[from] psn\n|upkeep\n|turn|20\n|\n|t:|1698904518\n|switch|p1a: Miraidon|Miraidon|88\/100 psn\n|-fieldstart|move: Electric Terrain|[from] ability: Hadron Engine|[of] p1a: Miraidon\n|move|p2a: Dondozo|Fissure|p1a: Miraidon|[miss]\n|-miss|p2a: Dondozo|p1a: Miraidon\n|\n|-heal|p2a: Dondozo|94\/100 tox|[from] item: Leftovers\n|-damage|p1a: Miraidon|76\/100 psn|[from] psn\n|-damage|p2a: Dondozo|76\/100 tox|[from] psn\n|upkeep\n|turn|21\n|inactive|hbkmnw has 120 seconds left.\n|\n|t:|1698904559\n|switch|p2a: Cresselia|Cresselia, F|100\/100\n|move|p1a: Miraidon|Parabolic Charge|p2a: Cresselia\n|-damage|p2a: Cresselia|72\/100\n|-heal|p1a: Miraidon|95\/100 psn|[from] drain|[of] p2a: Cresselia\n|\n|-damage|p1a: Miraidon|82\/100 psn|[from] psn\n|upkeep\n|turn|22\n|\n|t:|1698904567\n|switch|p1a: Chien-Pao|Chien-Pao|6\/100\n|-ability|p1a: Chien-Pao|Sword of Ruin\n|move|p2a: Cresselia|Trick Room|p2a: Cresselia\n|-fieldstart|move: Trick Room|[of] p2a: Cresselia\n|\n|upkeep\n|turn|23\n|inactive|hbkmnw has 120 seconds left.\n|\n|t:|1698904574\n|switch|p2a: Dondozo|Dondozo, M|76\/100 tox\n|move|p1a: Chien-Pao|Sucker Punch||[still]\n|-fail|p1a: Chien-Pao\n|\n|-heal|p2a: Dondozo|82\/100 tox|[from] item: Leftovers\n|-damage|p2a: Dondozo|76\/100 tox|[from] psn\n|upkeep\n|turn|24\n|\n|t:|1698904578\n|move|p2a: Dondozo|Liquidation|p1a: Chien-Pao\n|-damage|p1a: Chien-Pao|0 fnt\n|faint|p1a: Chien-Pao\n|\n|-heal|p2a: Dondozo|82\/100 tox|[from] item: Leftovers\n|-damage|p2a: Dondozo|70\/100 tox|[from] psn\n|-fieldend|move: Electric Terrain\n|upkeep\n|j| GUESSWHOTPRADO\n|\n|t:|1698904585\n|switch|p1a: Toxapex|Toxapex, M|100\/100\n|turn|25\n|\n|t:|1698904592\n|move|p1a: Toxapex|Baneful Bunker|p1a: Toxapex\n|-singleturn|p1a: Toxapex|move: Protect\n|move|p2a: Dondozo|Liquidation|p1a: Toxapex\n|-activate|p1a: Toxapex|move: Protect\n|\n|-heal|p2a: Dondozo|76\/100 tox|[from] item: Leftovers\n|-damage|p2a: Dondozo|57\/100 tox|[from] psn\n|upkeep\n|turn|26\n|\n|t:|1698904600\n|move|p2a: Dondozo|Fissure|p1a: Toxapex|[miss]\n|-miss|p2a: Dondozo|p1a: Toxapex\n|move|p1a: Toxapex|Surf|p2a: Dondozo\n|-resisted|p2a: Dondozo\n|-damage|p2a: Dondozo|49\/100 tox\n|\n|-heal|p2a: Dondozo|55\/100 tox|[from] item: Leftovers\n|-damage|p2a: Dondozo|30\/100 tox|[from] psn\n|-fieldend|move: Trick Room\n|upkeep\n|turn|27\n|\n|t:|1698904605\n|move|p1a: Toxapex|Baneful Bunker|p1a: Toxapex\n|-singleturn|p1a: Toxapex|move: Protect\n|move|p2a: Dondozo|Rest|p2a: Dondozo\n|-status|p2a: Dondozo|slp|[from] move: Rest\n|-heal|p2a: Dondozo|100\/100 slp|[silent]\n|\n|upkeep\n|turn|28\n|\n|t:|1698904611\n|switch|p1a: Miraidon|Miraidon|82\/100 psn\n|-fieldstart|move: Electric Terrain|[from] ability: Hadron Engine|[of] p1a: Miraidon\n|cant|p2a: Dondozo|slp\n|\n|-damage|p1a: Miraidon|70\/100 psn|[from] psn\n|upkeep\n|turn|29\n|\n|t:|1698904620\n|switch|p2a: Cresselia|Cresselia, F|72\/100\n|move|p1a: Miraidon|Parabolic Charge|p2a: Cresselia\n|-damage|p2a: Cresselia|44\/100\n|-heal|p1a: Miraidon|88\/100 psn|[from] drain|[of] p2a: Cresselia\n|\n|-damage|p1a: Miraidon|76\/100 psn|[from] psn\n|upkeep\n|turn|30\n|\n|t:|1698904632\n|-terastallize|p1a: Miraidon|Electric\n|move|p1a: Miraidon|Parabolic Charge|p2a: Cresselia\n|-crit|p2a: Cresselia\n|-damage|p2a: Cresselia|0 fnt\n|-heal|p1a: Miraidon|100\/100 psn|[from] drain|[of] p2a: Cresselia\n|faint|p2a: Cresselia\n|\n|-damage|p1a: Miraidon|88\/100 psn|[from] psn\n|upkeep\n|\n|t:|1698904640\n|switch|p2a: Calyrex|Calyrex-Ice, tera:Fairy|57\/100 tox\n|-ability|p2a: Calyrex|As One\n|-ability|p2a: Calyrex|Unnerve\n|turn|31\n|\n|t:|1698904650\n|switch|p1a: Toxapex|Toxapex, M|100\/100\n|move|p2a: Calyrex|Glacial Lance|p1a: Toxapex\n|-resisted|p1a: Toxapex\n|-damage|p1a: Toxapex|75\/100\n|\n|-heal|p1a: Toxapex|81\/100|[from] item: Black Sludge\n|-heal|p2a: Calyrex|63\/100 tox|[from] item: Leftovers\n|-damage|p2a: Calyrex|57\/100 tox|[from] psn\n|upkeep\n|turn|32\n|\n|t:|1698904665\n|move|p1a: Toxapex|Baneful Bunker|p1a: Toxapex\n|-singleturn|p1a: Toxapex|move: Protect\n|move|p2a: Calyrex|High Horsepower|p1a: Toxapex\n|-activate|p1a: Toxapex|move: Protect\n|\n|-heal|p1a: Toxapex|87\/100|[from] item: Black Sludge\n|-heal|p2a: Calyrex|63\/100 tox|[from] item: Leftovers\n|-damage|p2a: Calyrex|51\/100 tox|[from] psn\n|-fieldend|move: Electric Terrain\n|upkeep\n|turn|33\n|\n|t:|1698904671\n|move|p1a: Toxapex|Surf|p2a: Calyrex\n|-damage|p2a: Calyrex|37\/100 tox\n|move|p2a: Calyrex|High Horsepower|p1a: Toxapex\n|-supereffective|p1a: Toxapex\n|-damage|p1a: Toxapex|34\/100\n|\n|-heal|p1a: Toxapex|41\/100|[from] item: Black Sludge\n|-heal|p2a: Calyrex|43\/100 tox|[from] item: Leftovers\n|-damage|p2a: Calyrex|25\/100 tox|[from] psn\n|upkeep\n|turn|34\n|\n|t:|1698904677\n|move|p1a: Toxapex|Baneful Bunker|p1a: Toxapex\n|-singleturn|p1a: Toxapex|move: Protect\n|move|p2a: Calyrex|Trick Room|p2a: Calyrex\n|-fieldstart|move: Trick Room|[of] p2a: Calyrex\n|\n|-heal|p2a: Calyrex|31\/100 tox|[from] item: Leftovers\n|-heal|p1a: Toxapex|47\/100|[from] item: Black Sludge\n|-damage|p2a: Calyrex|6\/100 tox|[from] psn\n|upkeep\n|turn|35\n|\n|t:|1698904687\n|move|p2a: Calyrex|High Horsepower|p1a: Toxapex\n|-supereffective|p1a: Toxapex\n|-damage|p1a: Toxapex|0 fnt\n|faint|p1a: Toxapex\n|-ability|p2a: Calyrex|Chilling Neigh|boost\n|-boost|p2a: Calyrex|atk|1\n|\n|-heal|p2a: Calyrex|12\/100 tox|[from] item: Leftovers\n|-damage|p2a: Calyrex|0 fnt|[from] psn\n|faint|p2a: Calyrex\n|upkeep\n|\n|t:|1698904693\n|switch|p2a: Dondozo|Dondozo, M|100\/100 slp\n|switch|p1a: Miraidon|Miraidon, tera:Electric|88\/100 psn\n|-fieldstart|move: Electric Terrain|[from] ability: Hadron Engine|[of] p1a: Miraidon\n|turn|36\n|\n|t:|1698904697\n|cant|p2a: Dondozo|slp\n|move|p1a: Miraidon|Parabolic Charge|p2a: Dondozo\n|-supereffective|p2a: Dondozo\n|-damage|p2a: Dondozo|0 fnt\n|-heal|p1a: Miraidon|100\/100 psn|[from] drain|[of] p2a: Dondozo\n|faint|p2a: Dondozo\n|\n|win|Eriririririririric\n|raw|Eriririririririric's rating: 1558 &rarr; <strong>1587<\/strong><br \/>(+29 for winning)\n|raw|hbkmnw's rating: 1733 &rarr; <strong>1704<\/strong><br \/>(-29 for losing)\n|l|\u2606hbkmnw\n|l| GUESSWHOTPRADO\n","uploadtime":1698904704,"views":28,"p1id":"eriririririririric","p2id":"hbkmnw","formatid":"gen9anythinggoes","rating":1587,"private":0,"password":""}