{"id":"gen9anythinggoes-1998706453","p1":"Genderisfake","p2":"Khryce","format":"[Gen 9] Anything Goes","log":"|j|\u2606Genderisfake\n|j|\u2606Khryce\n|t:|1700975404\n|gametype|singles\n|player|p1|Genderisfake|pokekid|1087\n|player|p2|Khryce|preschooler|1084\n|teamsize|p1|6\n|teamsize|p2|6\n|gen|9\n|tier|[Gen 9] Anything Goes\n|rated|\n|rule|HP Percentage Mod: HP is shown in percentages\n|rule|Endless Battle Clause: Forcing endless battles is banned\n|clearpoke\n|poke|p1|Gyarados, F|\n|poke|p1|Breloom, F|\n|poke|p1|Ceruledge, F|\n|poke|p1|Altaria, M|\n|poke|p1|Farigiraf, F|\n|poke|p1|Forretress, M|\n|poke|p2|Sylveon, F|\n|poke|p2|Dudunsparce-*, F|\n|poke|p2|Dragapult, M|\n|poke|p2|Chandelure, M|\n|poke|p2|Seviper, F|\n|poke|p2|Skeledirge, F|\n|teampreview\n|inactive|Battle timer is ON: inactive players will automatically lose when time's up. (requested by Khryce)\n|\n|t:|1700975412\n|start\n|switch|p1a: Forretress|Forretress, M|100\/100\n|switch|p2a: Dudunsparce|Dudunsparce-Three-Segment, F|100\/100\n|turn|1\n|\n|t:|1700975426\n|move|p2a: Dudunsparce|Body Slam|p1a: Forretress\n|-resisted|p1a: Forretress\n|-damage|p1a: Forretress|84\/100\n|-status|p1a: Forretress|par\n|move|p1a: Forretress|Toxic Spikes|p2a: Dudunsparce\n|-sidestart|p2: Khryce|move: Toxic Spikes\n|\n|upkeep\n|turn|2\n|\n|t:|1700975435\n|move|p2a: Dudunsparce|Drill Run|p1a: Forretress\n|-damage|p1a: Forretress|66\/100 par\n|cant|p1a: Forretress|par\n|\n|upkeep\n|turn|3\n|\n|t:|1700975441\n|switch|p2a: Seviper|Seviper, F|100\/100\n|-sideend|p2: Khryce|move: Toxic Spikes|[of] p2a: Seviper\n|move|p1a: Forretress|Explosion|p2a: Seviper\n|-damage|p2a: Seviper|0 fnt\n|faint|p1a: Forretress\n|faint|p2a: Seviper\n|\n|upkeep\n|\n|t:|1700975454\n|switch|p2a: Dudunsparce|Dudunsparce-Three-Segment, F|100\/100\n|switch|p1a: Breloom|Breloom, F, shiny|100\/100\n|turn|4\n|\n|t:|1700975459\n|move|p1a: Breloom|Mach Punch|p2a: Dudunsparce\n|-supereffective|p2a: Dudunsparce\n|-crit|p2a: Dudunsparce\n|-damage|p2a: Dudunsparce|11\/100\n|move|p2a: Dudunsparce|Body Slam|p1a: Breloom\n|-damage|p1a: Breloom|33\/100\n|\n|-heal|p2a: Dudunsparce|17\/100|[from] item: Leftovers\n|upkeep\n|turn|5\n|\n|t:|1700975469\n|switch|p2a: Dragapult|Dragapult, M|100\/100\n|move|p1a: Breloom|Mach Punch|p2a: Dragapult\n|-immune|p2a: Dragapult\n|\n|upkeep\n|turn|6\n|\n|t:|1700975482\n|move|p2a: Dragapult|Flamethrower|p1a: Breloom\n|-supereffective|p1a: Breloom\n|-damage|p1a: Breloom|0 fnt\n|faint|p1a: Breloom\n|\n|upkeep\n|\n|t:|1700975487\n|switch|p1a: Gyarados|Gyarados, F, shiny|100\/100\n|turn|7\n|\n|t:|1700975505\n|move|p2a: Dragapult|Will-O-Wisp|p1a: Gyarados\n|-status|p1a: Gyarados|brn\n|move|p1a: Gyarados|Dragon Dance|p1a: Gyarados\n|-boost|p1a: Gyarados|atk|1\n|-boost|p1a: Gyarados|spe|1\n|\n|-damage|p1a: Gyarados|94\/100 brn|[from] brn\n|upkeep\n|turn|8\n|\n|t:|1700975512\n|move|p1a: Gyarados|Waterfall|p2a: Dragapult\n|-resisted|p2a: Dragapult\n|-damage|p2a: Dragapult|74\/100\n|move|p2a: Dragapult|Hex|p1a: Gyarados\n|-damage|p1a: Gyarados|38\/100 brn\n|\n|-heal|p2a: Dragapult|80\/100|[from] item: Leftovers\n|-damage|p1a: Gyarados|32\/100 brn|[from] brn\n|upkeep\n|turn|9\n|\n|t:|1700975520\n|move|p1a: Gyarados|Crunch|p2a: Dragapult\n|-supereffective|p2a: Dragapult\n|-damage|p2a: Dragapult|20\/100\n|-unboost|p2a: Dragapult|def|1\n|move|p2a: Dragapult|Hex|p1a: Gyarados\n|-damage|p1a: Gyarados|0 fnt\n|faint|p1a: Gyarados\n|\n|-heal|p2a: Dragapult|26\/100|[from] item: Leftovers\n|upkeep\n|\n|t:|1700975525\n|switch|p1a: Altaria|Altaria, M|100\/100\n|-ability|p1a: Altaria|Cloud Nine\n|turn|10\n|\n|t:|1700975533\n|move|p2a: Dragapult|Draco Meteor|p1a: Altaria\n|-supereffective|p1a: Altaria\n|-damage|p1a: Altaria|0 fnt\n|-unboost|p2a: Dragapult|spa|2\n|faint|p1a: Altaria\n|\n|-heal|p2a: Dragapult|32\/100|[from] item: Leftovers\n|upkeep\n|\n|t:|1700975545\n|switch|p1a: Farigiraf|Farigiraf, F|100\/100\n|turn|11\n|\n|t:|1700975551\n|switch|p2a: Dudunsparce|Dudunsparce-Three-Segment, F|17\/100\n|move|p1a: Farigiraf|Crunch|p2a: Dudunsparce\n|-damage|p2a: Dudunsparce|2\/100\n|\n|-heal|p2a: Dudunsparce|8\/100|[from] item: Leftovers\n|upkeep\n|turn|12\n|\n|t:|1700975561\n|move|p2a: Dudunsparce|Body Slam|p1a: Farigiraf\n|-damage|p1a: Farigiraf|61\/100\n|-status|p1a: Farigiraf|par\n|move|p1a: Farigiraf|Crunch|p2a: Dudunsparce\n|-crit|p2a: Dudunsparce\n|-damage|p2a: Dudunsparce|0 fnt\n|faint|p2a: Dudunsparce\n|\n|upkeep\n|-message|Genderisfake forfeited.\n|\n|win|Khryce\n|raw|Genderisfake's rating: 1087 &rarr; <strong>1064<\/strong><br \/>(-23 for losing)\n|raw|Khryce's rating: 1084 &rarr; <strong>1112<\/strong><br \/>(+28 for winning)\n|l|\u2606Genderisfake\n","uploadtime":1700975583,"views":4,"p1id":"genderisfake","p2id":"khryce","formatid":"gen9anythinggoes","rating":1064,"private":0,"password":""}