{"id":"gen9anythinggoes-1991722445","p1":"chugball","p2":"Jacknightdragon","format":"[Gen 9] Anything Goes","log":"|j|\u2606chugball\n|j|\u2606Jacknightdragon\n|t:|1700107009\n|gametype|singles\n|player|p1|chugball|clown|1080\n|player|p2|Jacknightdragon|hilbert-wonderlauncher|1178\n|teamsize|p1|6\n|teamsize|p2|6\n|gen|9\n|tier|[Gen 9] Anything Goes\n|rated|\n|rule|HP Percentage Mod: HP is shown in percentages\n|rule|Endless Battle Clause: Forcing endless battles is banned\n|clearpoke\n|poke|p1|Kyogre|\n|poke|p1|Crawdaunt, F|\n|poke|p1|Gliscor, M|\n|poke|p1|Pelipper, F|\n|poke|p1|Palafin, F|\n|poke|p1|Empoleon, F|\n|poke|p2|Haxorus, M|\n|poke|p2|Zoroark-Hisui, F|\n|poke|p2|Okidogi, M|\n|poke|p2|Rillaboom, M|\n|poke|p2|Roaring Moon|\n|poke|p2|Torkoal, M|\n|teampreview\n|\n|t:|1700107029\n|start\n|switch|p1a: Pelipper|Pelipper, F|100\/100\n|switch|p2a: Okidogi|Okidogi, M|100\/100\n|-weather|RainDance|[from] ability: Drizzle|[of] p1a: Pelipper\n|turn|1\n|\n|t:|1700107041\n|move|p2a: Okidogi|Knock Off|p1a: Pelipper\n|-damage|p1a: Pelipper|78\/100\n|-enditem|p1a: Pelipper|Assault Vest|[from] move: Knock Off|[of] p2a: Okidogi\n|move|p1a: Pelipper|U-turn|p2a: Okidogi\n|-resisted|p2a: Okidogi\n|-damage|p2a: Okidogi|99\/100\n|\n|t:|1700107050\n|switch|p1a: Gliscor|Gliscor, M|100\/100|[from] U-turn\n|\n|-weather|RainDance|[upkeep]\n|-heal|p2a: Okidogi|100\/100|[from] item: Black Sludge\n|-status|p1a: Gliscor|tox|[from] item: Toxic Orb\n|upkeep\n|turn|2\n|\n|t:|1700107063\n|move|p1a: Gliscor|Crabhammer|p2a: Okidogi\n|-damage|p2a: Okidogi|77\/100\n|move|p2a: Okidogi|Knock Off|p1a: Gliscor\n|-damage|p1a: Gliscor|81\/100 tox\n|-enditem|p1a: Gliscor|Toxic Orb|[from] move: Knock Off|[of] p2a: Okidogi\n|\n|-weather|RainDance|[upkeep]\n|-heal|p2a: Okidogi|83\/100|[from] item: Black Sludge\n|-heal|p1a: Gliscor|93\/100 tox|[from] ability: Poison Heal\n|upkeep\n|turn|3\n|\n|t:|1700107078\n|move|p1a: Gliscor|Protect|p1a: Gliscor\n|-singleturn|p1a: Gliscor|Protect\n|move|p2a: Okidogi|Close Combat|p1a: Gliscor\n|-activate|p1a: Gliscor|move: Protect\n|\n|-weather|RainDance|[upkeep]\n|-heal|p2a: Okidogi|89\/100|[from] item: Black Sludge\n|-heal|p1a: Gliscor|100\/100 tox|[from] ability: Poison Heal\n|upkeep\n|turn|4\n|\n|t:|1700107094\n|move|p1a: Gliscor|Crabhammer|p2a: Okidogi\n|-damage|p2a: Okidogi|64\/100\n|move|p2a: Okidogi|Taunt|p1a: Gliscor\n|-start|p1a: Gliscor|move: Taunt\n|\n|-weather|RainDance|[upkeep]\n|-heal|p2a: Okidogi|70\/100|[from] item: Black Sludge\n|upkeep\n|turn|5\n|\n|t:|1700107101\n|move|p1a: Gliscor|Crabhammer|p2a: Okidogi\n|-damage|p2a: Okidogi|44\/100\n|move|p2a: Okidogi|Close Combat|p1a: Gliscor\n|-resisted|p1a: Gliscor\n|-damage|p1a: Gliscor|83\/100 tox\n|-unboost|p2a: Okidogi|def|1\n|-unboost|p2a: Okidogi|spd|1\n|\n|-weather|none\n|-heal|p2a: Okidogi|50\/100|[from] item: Black Sludge\n|-heal|p1a: Gliscor|95\/100 tox|[from] ability: Poison Heal\n|upkeep\n|turn|6\n|\n|t:|1700107113\n|switch|p2a: Torkoal|Torkoal, M|100\/100\n|-weather|SunnyDay|[from] ability: Drought|[of] p2a: Torkoal\n|move|p1a: Gliscor|Crabhammer|p2a: Torkoal\n|-supereffective|p2a: Torkoal\n|-damage|p2a: Torkoal|84\/100\n|\n|-weather|SunnyDay|[upkeep]\n|-heal|p1a: Gliscor|100\/100 tox|[from] ability: Poison Heal\n|upkeep\n|turn|7\n|\n|t:|1700107125\n|switch|p1a: Palafin|Palafin, F|100\/100\n|move|p2a: Torkoal|Flamethrower|p1a: Palafin\n|-resisted|p1a: Palafin\n|-damage|p1a: Palafin|58\/100\n|-status|p1a: Palafin|brn\n|\n|-weather|SunnyDay|[upkeep]\n|-damage|p1a: Palafin|52\/100 brn|[from] brn\n|upkeep\n|turn|8\n|\n|t:|1700107134\n|move|p1a: Palafin|Flip Turn|p2a: Torkoal\n|-supereffective|p2a: Torkoal\n|-damage|p2a: Torkoal|69\/100\n|\n|t:|1700107140\n|detailschange|p1a: Palafin|Palafin-Hero, F\n|switch|p1a: Pelipper|Pelipper, F|78\/100|[from] Flip Turn\n|-weather|RainDance|[from] ability: Drizzle|[of] p1a: Pelipper\n|move|p2a: Torkoal|Flamethrower|p1a: Pelipper\n|-resisted|p1a: Pelipper\n|-damage|p1a: Pelipper|66\/100\n|\n|-weather|RainDance|[upkeep]\n|upkeep\n|turn|9\n|\n|t:|1700107155\n|switch|p2a: Haxorus|Haxorus, M, shiny|100\/100\n|-ability|p2a: Haxorus|Mold Breaker\n|move|p1a: Pelipper|Hurricane|p2a: Haxorus\n|-damage|p2a: Haxorus|46\/100\n|\n|-weather|RainDance|[upkeep]\n|upkeep\n|turn|10\n|\n|t:|1700107167\n|move|p2a: Haxorus|Dragon Claw|p1a: Pelipper\n|-damage|p1a: Pelipper|17\/100\n|-damage|p2a: Haxorus|37\/100|[from] item: Life Orb\n|move|p1a: Pelipper|Hurricane|p2a: Haxorus\n|-damage|p2a: Haxorus|0 fnt\n|faint|p2a: Haxorus\n|\n|-weather|RainDance|[upkeep]\n|upkeep\n|\n|t:|1700107177\n|switch|p2a: Roaring Moon|Roaring Moon|100\/100\n|turn|11\n|\n|t:|1700107184\n|move|p2a: Roaring Moon|Dragon Dance|p2a: Roaring Moon\n|-boost|p2a: Roaring Moon|atk|1\n|-boost|p2a: Roaring Moon|spe|1\n|move|p1a: Pelipper|U-turn|p2a: Roaring Moon\n|-supereffective|p2a: Roaring Moon\n|-damage|p2a: Roaring Moon|78\/100\n|\n|t:|1700107199\n|switch|p1a: Empoleon|Empoleon, F|100\/100|[from] U-turn\n|\n|-weather|RainDance|[upkeep]\n|upkeep\n|turn|12\n|\n|t:|1700107205\n|move|p2a: Roaring Moon|Earthquake|p1a: Empoleon\n|-supereffective|p1a: Empoleon\n|-enditem|p1a: Empoleon|Focus Sash\n|-damage|p1a: Empoleon|1\/100\n|move|p1a: Empoleon|Roar|p2a: Roaring Moon\n|-end|p2a: Roaring Moon|Protosynthesis|[silent]\n|drag|p2a: Rillaboom|Rillaboom, M|100\/100\n|-fieldstart|move: Grassy Terrain|[from] ability: Grassy Surge|[of] p2a: Rillaboom\n|\n|-weather|none\n|-heal|p1a: Empoleon|7\/100|[from] Grassy Terrain\n|upkeep\n|turn|13\n|\n|t:|1700107215\n|move|p2a: Rillaboom|Fake Out|p1a: Empoleon\n|-resisted|p1a: Empoleon\n|-damage|p1a: Empoleon|0 fnt\n|faint|p1a: Empoleon\n|\n|upkeep\n|\n|t:|1700107220\n|switch|p1a: Palafin|Palafin-Hero, F|52\/100 brn\n|-activate|p1a: Palafin|ability: Zero to Hero\n|turn|14\n|\n|t:|1700107230\n|move|p2a: Rillaboom|Grassy Glide|p1a: Palafin\n|-supereffective|p1a: Palafin\n|-crit|p1a: Palafin\n|-damage|p1a: Palafin|0 fnt\n|faint|p1a: Palafin\n|\n|upkeep\n|\n|t:|1700107239\n|switch|p1a: Pelipper|Pelipper, F|17\/100\n|-weather|RainDance|[from] ability: Drizzle|[of] p1a: Pelipper\n|turn|15\n|\n|t:|1700107243\n|move|p2a: Rillaboom|Drum Beating|p1a: Pelipper\n|-damage|p1a: Pelipper|0 fnt\n|faint|p1a: Pelipper\n|\n|-weather|RainDance|[upkeep]\n|upkeep\n|\n|t:|1700107254\n|switch|p1a: Gliscor|Gliscor, M|100\/100 tox\n|turn|16\n|\n|t:|1700107259\n|move|p1a: Gliscor|Crabhammer|p2a: Rillaboom\n|-resisted|p2a: Rillaboom\n|-crit|p2a: Rillaboom\n|-damage|p2a: Rillaboom|75\/100\n|move|p2a: Rillaboom|Drum Beating|p1a: Gliscor\n|-damage|p1a: Gliscor|70\/100 tox\n|-unboost|p1a: Gliscor|spe|1\n|\n|-weather|RainDance|[upkeep]\n|-heal|p2a: Rillaboom|81\/100|[from] Grassy Terrain\n|-heal|p2a: Rillaboom|87\/100|[from] item: Leftovers\n|-heal|p1a: Gliscor|82\/100 tox|[from] ability: Poison Heal\n|-fieldend|move: Grassy Terrain\n|upkeep\n|turn|17\n|\n|t:|1700107272\n|switch|p2a: Okidogi|Okidogi, M|50\/100\n|move|p1a: Gliscor|Protect||[still]\n|-fail|p1a: Gliscor\n|\n|-weather|RainDance|[upkeep]\n|-heal|p2a: Okidogi|57\/100|[from] item: Black Sludge\n|-heal|p1a: Gliscor|95\/100 tox|[from] ability: Poison Heal\n|upkeep\n|turn|18\n|\n|t:|1700107281\n|move|p2a: Okidogi|Poison Jab|p1a: Gliscor\n|-resisted|p1a: Gliscor\n|-damage|p1a: Gliscor|81\/100 tox\n|move|p1a: Gliscor|Crabhammer|p2a: Okidogi\n|-damage|p2a: Okidogi|31\/100\n|\n|-weather|RainDance|[upkeep]\n|-heal|p2a: Okidogi|37\/100|[from] item: Black Sludge\n|-heal|p1a: Gliscor|94\/100 tox|[from] ability: Poison Heal\n|upkeep\n|turn|19\n|\n|t:|1700107290\n|move|p2a: Okidogi|Close Combat|p1a: Gliscor\n|-resisted|p1a: Gliscor\n|-damage|p1a: Gliscor|76\/100 tox\n|-unboost|p2a: Okidogi|def|1\n|-unboost|p2a: Okidogi|spd|1\n|move|p1a: Gliscor|Crabhammer|p2a: Okidogi\n|-crit|p2a: Okidogi\n|-damage|p2a: Okidogi|0 fnt\n|faint|p2a: Okidogi\n|\n|-weather|none\n|-heal|p1a: Gliscor|89\/100 tox|[from] ability: Poison Heal\n|upkeep\n|\n|t:|1700107301\n|switch|p2a: Rillaboom|Rillaboom, M|100\/100\n|turn|20\n|\n|t:|1700107307\n|move|p2a: Rillaboom|Nasty Plot|p2a: Rillaboom\n|-boost|p2a: Rillaboom|spa|2\n|move|p1a: Gliscor|Rain Dance|p1a: Gliscor\n|-weather|RainDance\n|\n|-weather|RainDance|[upkeep]\n|-heal|p1a: Gliscor|100\/100 tox|[from] ability: Poison Heal\n|upkeep\n|turn|21\n|\n|t:|1700107316\n|switch|p1a: Kyogre|Kyogre|100\/100\n|move|p2a: Rillaboom|Bitter Malice|p1a: Kyogre\n|-damage|p1a: Kyogre|58\/100\n|-unboost|p1a: Kyogre|atk|1\n|\n|-weather|RainDance|[upkeep]\n|upkeep\n|turn|22\n|\n|t:|1700107325\n|switch|p1a: Crawdaunt|Crawdaunt, F|100\/100\n|move|p2a: Rillaboom|Bitter Malice|p1a: Crawdaunt\n|-resisted|p1a: Crawdaunt\n|-damage|p1a: Crawdaunt|26\/100\n|-unboost|p1a: Crawdaunt|atk|1\n|\n|-weather|RainDance|[upkeep]\n|upkeep\n|turn|23\n|c|\u2606chugball|Hg\n|\n|t:|1700107334\n|move|p2a: Rillaboom|Nasty Plot|p2a: Rillaboom\n|-boost|p2a: Rillaboom|spa|2\n|move|p1a: Crawdaunt|Knock Off|p2a: Rillaboom\n|-supereffective|p2a: Rillaboom\n|-enditem|p2a: Rillaboom|Focus Sash\n|-damage|p2a: Rillaboom|1\/100\n|replace|p2a: Zoroark|Zoroark-Hisui, F\n|-end|p2a: Zoroark|Illusion\n|-damage|p1a: Crawdaunt|17\/100|[from] item: Life Orb\n|\n|-weather|RainDance|[upkeep]\n|upkeep\n|turn|24\n|c|\u2606chugball|:^)\n|\n|t:|1700107344\n|move|p1a: Crawdaunt|Aqua Jet|p2a: Zoroark\n|-damage|p2a: Zoroark|0 fnt\n|faint|p2a: Zoroark\n|-damage|p1a: Crawdaunt|7\/100|[from] item: Life Orb\n|\n|-weather|none\n|upkeep\n|c|\u2606Jacknightdragon|rip that plan\n|\n|t:|1700107357\n|switch|p2a: Rillaboom|Rillaboom, M|87\/100\n|-fieldstart|move: Grassy Terrain|[from] ability: Grassy Surge|[of] p2a: Rillaboom\n|turn|25\n|\n|t:|1700107365\n|move|p2a: Rillaboom|Fake Out|p1a: Crawdaunt\n|-crit|p1a: Crawdaunt\n|-damage|p1a: Crawdaunt|0 fnt\n|faint|p1a: Crawdaunt\n|\n|-heal|p2a: Rillaboom|93\/100|[from] Grassy Terrain\n|-heal|p2a: Rillaboom|99\/100|[from] item: Leftovers\n|upkeep\n|\n|t:|1700107371\n|switch|p1a: Kyogre|Kyogre|58\/100\n|-weather|RainDance|[from] ability: Drizzle|[of] p1a: Kyogre\n|turn|26\n|\n|t:|1700107375\n|move|p2a: Rillaboom|Drum Beating|p1a: Kyogre\n|-supereffective|p1a: Kyogre\n|-crit|p1a: Kyogre\n|-damage|p1a: Kyogre|0 fnt\n|faint|p1a: Kyogre\n|\n|-weather|RainDance|[upkeep]\n|-heal|p2a: Rillaboom|100\/100|[from] Grassy Terrain\n|upkeep\n|\n|t:|1700107378\n|switch|p1a: Gliscor|Gliscor, M|100\/100 tox\n|turn|27\n|\n|t:|1700107383\n|move|p1a: Gliscor|Crabhammer|p2a: Rillaboom\n|-resisted|p2a: Rillaboom\n|-damage|p2a: Rillaboom|82\/100\n|move|p2a: Rillaboom|Drum Beating|p1a: Gliscor\n|-damage|p1a: Gliscor|69\/100 tox\n|-unboost|p1a: Gliscor|spe|1\n|\n|-weather|RainDance|[upkeep]\n|-heal|p2a: Rillaboom|89\/100|[from] Grassy Terrain\n|-heal|p2a: Rillaboom|95\/100|[from] item: Leftovers\n|-heal|p1a: Gliscor|82\/100 tox|[from] ability: Poison Heal\n|upkeep\n|turn|28\n|\n|t:|1700107395\n|move|p2a: Rillaboom|Drum Beating|p1a: Gliscor\n|-damage|p1a: Gliscor|51\/100 tox\n|-unboost|p1a: Gliscor|spe|1\n|move|p1a: Gliscor|Crabhammer|p2a: Rillaboom\n|-resisted|p2a: Rillaboom\n|-damage|p2a: Rillaboom|79\/100\n|\n|-weather|RainDance|[upkeep]\n|-heal|p2a: Rillaboom|85\/100|[from] Grassy Terrain\n|-heal|p2a: Rillaboom|91\/100|[from] item: Leftovers\n|-heal|p1a: Gliscor|63\/100 tox|[from] ability: Poison Heal\n|upkeep\n|turn|29\n|-message|chugball forfeited.\n|\n|win|Jacknightdragon\n|raw|chugball's rating: 1080 &rarr; <strong>1064<\/strong><br \/>(-16 for losing)\n|raw|Jacknightdragon's rating: 1178 &rarr; <strong>1196<\/strong><br \/>(+18 for winning)\n|l|\u2606chugball\n","uploadtime":1700107414,"views":10,"p1id":"chugball","p2id":"jacknightdragon","formatid":"gen9anythinggoes","rating":1064,"private":0,"password":""}