{"id":"gen9anythinggoes-1991140878","p1":"Sargenbob","p2":"Shadowing king","format":"[Gen 9] Anything Goes","log":"|j|\u2606Sargenbob\n|j|\u2606Shadowing king\n|t:|1700049103\n|gametype|singles\n|player|p1|Sargenbob|red|1175\n|player|p2|Shadowing king|benga|1075\n|teamsize|p1|6\n|teamsize|p2|6\n|gen|9\n|tier|[Gen 9] Anything Goes\n|rated|\n|rule|HP Percentage Mod: HP is shown in percentages\n|rule|Endless Battle Clause: Forcing endless battles is banned\n|clearpoke\n|poke|p1|Koraidon|\n|poke|p1|Flutter Mane|\n|poke|p1|Wo-Chien|\n|poke|p1|Calyrex-Shadow|\n|poke|p1|Zoroark-Hisui, M|\n|poke|p1|Skeledirge, F|\n|poke|p2|Mewtwo|\n|poke|p2|Hoopa-Unbound|\n|poke|p2|Eternatus|\n|poke|p2|Dialga-Origin|\n|poke|p2|Palkia-Origin|\n|poke|p2|Zacian-*|\n|teampreview\n|inactive|Battle timer is ON: inactive players will automatically lose when time's up. (requested by Sargenbob)\n|\n|t:|1700049111\n|start\n|switch|p1a: Matt|Skeledirge, F|100\/100\n|switch|p2a: drippy rings|Hoopa-Unbound|100\/100\n|turn|1\n|\n|t:|1700049122\n|switch|p1a: Jon|Wo-Chien|100\/100\n|-ability|p1a: Jon|Tablets of Ruin\n|-terastallize|p2a: drippy rings|Psychic\n|move|p2a: drippy rings|Hyperspace Fury|p1a: Jon\n|-resisted|p1a: Jon\n|-damage|p1a: Jon|83\/100\n|-unboost|p2a: drippy rings|def|1\n|\n|-heal|p1a: Jon|89\/100|[from] item: Leftovers\n|upkeep\n|turn|2\n|\n|t:|1700049136\n|move|p2a: drippy rings|Drain Punch|p1a: Jon\n|-supereffective|p1a: Jon\n|-damage|p1a: Jon|54\/100\n|move|p1a: Jon|Knock Off|p2a: drippy rings\n|-supereffective|p2a: drippy rings\n|-damage|p2a: drippy rings|0 fnt\n|-enditem|p2a: drippy rings|Leftovers|[from] move: Knock Off|[of] p1a: Jon\n|faint|p2a: drippy rings\n|\n|-heal|p1a: Jon|60\/100|[from] item: Leftovers\n|upkeep\n|\n|t:|1700049145\n|switch|p2a: Lime milk|Mewtwo, shiny|100\/100\n|-ability|p2a: Lime milk|Pressure\n|turn|3\n|\n|t:|1700049150\n|move|p2a: Lime milk|Calm Mind|p2a: Lime milk\n|-boost|p2a: Lime milk|spa|1\n|-boost|p2a: Lime milk|spd|1\n|move|p1a: Jon|Knock Off|p2a: Lime milk\n|-supereffective|p2a: Lime milk\n|-damage|p2a: Lime milk|48\/100\n|-enditem|p2a: Lime milk|Leftovers|[from] move: Knock Off|[of] p1a: Jon\n|\n|-heal|p1a: Jon|66\/100|[from] item: Leftovers\n|upkeep\n|turn|4\n|\n|t:|1700049160\n|move|p2a: Lime milk|Aura Sphere|p1a: Jon\n|-supereffective|p1a: Jon\n|-damage|p1a: Jon|4\/100\n|move|p1a: Jon|Leech Seed|p2a: Lime milk\n|-start|p2a: Lime milk|move: Leech Seed\n|\n|-heal|p1a: Jon|10\/100|[from] item: Leftovers\n|-damage|p2a: Lime milk|36\/100|[from] Leech Seed|[of] p1a: Jon\n|-heal|p1a: Jon|25\/100|[silent]\n|upkeep\n|turn|5\n|\n|t:|1700049168\n|move|p1a: Jon|Protect|p1a: Jon\n|-singleturn|p1a: Jon|Protect\n|move|p2a: Lime milk|Aura Sphere|p1a: Jon\n|-activate|p1a: Jon|move: Protect\n|\n|-heal|p1a: Jon|32\/100|[from] item: Leftovers\n|-damage|p2a: Lime milk|23\/100|[from] Leech Seed|[of] p1a: Jon\n|-heal|p1a: Jon|47\/100|[silent]\n|upkeep\n|turn|6\n|\n|t:|1700049176\n|switch|p1a: Matt|Skeledirge, F|100\/100\n|move|p2a: Lime milk|Aura Sphere|p1a: Matt\n|-immune|p1a: Matt\n|\n|-damage|p2a: Lime milk|11\/100|[from] Leech Seed|[of] p1a: Matt\n|upkeep\n|turn|7\n|\n|t:|1700049186\n|move|p2a: Lime milk|Calm Mind|p2a: Lime milk\n|-boost|p2a: Lime milk|spa|1\n|-boost|p2a: Lime milk|spd|1\n|move|p1a: Matt|Torch Song|p2a: Lime milk\n|-damage|p2a: Lime milk|0 fnt\n|-boost|p1a: Matt|spa|1\n|faint|p2a: Lime milk\n|\n|upkeep\n|\n|t:|1700049195\n|switch|p2a: Blade pixie|Zacian-Crowned|100\/100\n|-ability|p2a: Blade pixie|Intrepid Sword|boost\n|-boost|p2a: Blade pixie|atk|1\n|turn|8\n|\n|t:|1700049202\n|move|p2a: Blade pixie|Behemoth Blade|p1a: Matt\n|-resisted|p1a: Matt\n|-damage|p1a: Matt|78\/100\n|move|p1a: Matt|Torch Song|p2a: Blade pixie\n|-supereffective|p2a: Blade pixie\n|-damage|p2a: Blade pixie|6\/100\n|-boost|p1a: Matt|spa|1\n|\n|-heal|p1a: Matt|84\/100|[from] item: Leftovers\n|upkeep\n|turn|9\n|\n|t:|1700049213\n|move|p2a: Blade pixie|Dazzling Gleam|p1a: Matt\n|-resisted|p1a: Matt\n|-damage|p1a: Matt|72\/100\n|move|p1a: Matt|Torch Song|p2a: Blade pixie\n|-supereffective|p2a: Blade pixie\n|-damage|p2a: Blade pixie|0 fnt\n|-boost|p1a: Matt|spa|1\n|faint|p2a: Blade pixie\n|\n|-heal|p1a: Matt|78\/100|[from] item: Leftovers\n|upkeep\n|\n|t:|1700049223\n|switch|p2a: Pain in the neck|Dialga-Origin, shiny|100\/100\n|-ability|p2a: Pain in the neck|Pressure\n|turn|10\n|\n|t:|1700049229\n|move|p1a: Matt|Torch Song|p2a: Pain in the neck\n|-damage|p2a: Pain in the neck|41\/100\n|-boost|p1a: Matt|spa|1\n|move|p2a: Pain in the neck|Dragon Tail|p1a: Matt\n|-damage|p1a: Matt|56\/100\n|drag|p1a: Owen|Calyrex-Shadow|100\/100\n|\n|upkeep\n|turn|11\n|\n|t:|1700049240\n|move|p1a: Owen|Flamethrower|p2a: Pain in the neck\n|-crit|p2a: Pain in the neck\n|-damage|p2a: Pain in the neck|13\/100\n|move|p2a: Pain in the neck|Draco Meteor|p1a: Owen\n|-enditem|p1a: Owen|Focus Sash\n|-damage|p1a: Owen|1\/100\n|-unboost|p2a: Pain in the neck|spa|2\n|replace|p1a: Zoroark|Zoroark-Hisui, M, shiny\n|-end|p1a: Zoroark|Illusion\n|\n|upkeep\n|turn|12\n|\n|t:|1700049250\n|move|p1a: Zoroark|Flamethrower|p2a: Pain in the neck\n|-damage|p2a: Pain in the neck|0 fnt\n|faint|p2a: Pain in the neck\n|\n|upkeep\n|\n|t:|1700049255\n|switch|p2a: Valkyrie|Palkia-Origin, shiny|100\/100\n|-ability|p2a: Valkyrie|Pressure\n|turn|13\n|\n|t:|1700049260\n|move|p1a: Zoroark|Hyper Voice|p2a: Valkyrie\n|-damage|p2a: Valkyrie|70\/100\n|move|p2a: Valkyrie|Aqua Tail|p1a: Zoroark\n|-damage|p1a: Zoroark|0 fnt\n|faint|p1a: Zoroark\n|\n|upkeep\n|\n|t:|1700049263\n|switch|p1a: Jon|Wo-Chien|47\/100\n|-ability|p1a: Jon|Tablets of Ruin\n|turn|14\n|\n|t:|1700049271\n|move|p2a: Valkyrie|Aura Sphere|p1a: Jon\n|-supereffective|p1a: Jon\n|-damage|p1a: Jon|10\/100\n|move|p1a: Jon|Leech Seed|p2a: Valkyrie\n|-start|p2a: Valkyrie|move: Leech Seed\n|\n|-heal|p1a: Jon|16\/100|[from] item: Leftovers\n|-damage|p2a: Valkyrie|57\/100|[from] Leech Seed|[of] p1a: Jon\n|-heal|p1a: Jon|30\/100|[silent]\n|upkeep\n|turn|15\n|\n|t:|1700049279\n|move|p1a: Jon|Protect|p1a: Jon\n|-singleturn|p1a: Jon|Protect\n|move|p2a: Valkyrie|Body Press|p1a: Jon\n|-activate|p1a: Jon|move: Protect\n|\n|-heal|p1a: Jon|36\/100|[from] item: Leftovers\n|-damage|p2a: Valkyrie|45\/100|[from] Leech Seed|[of] p1a: Jon\n|-heal|p1a: Jon|51\/100|[silent]\n|upkeep\n|turn|16\n|\n|t:|1700049289\n|switch|p1a: Lucy|Flutter Mane|100\/100\n|move|p2a: Valkyrie|Body Press|p1a: Lucy\n|-immune|p1a: Lucy\n|\n|-damage|p2a: Valkyrie|32\/100|[from] Leech Seed|[of] p1a: Lucy\n|upkeep\n|turn|17\n|\n|t:|1700049296\n|move|p1a: Lucy|Moonblast|p2a: Valkyrie\n|-supereffective|p2a: Valkyrie\n|-damage|p2a: Valkyrie|0 fnt\n|faint|p2a: Valkyrie\n|-damage|p1a: Lucy|91\/100|[from] item: Life Orb\n|\n|upkeep\n|\n|t:|1700049301\n|switch|p2a: Skele dude|Eternatus|100\/100\n|-ability|p2a: Skele dude|Pressure\n|turn|18\n|\n|t:|1700049312\n|move|p1a: Lucy|Perish Song|p1a: Lucy\n|-start|p1a: Lucy|perish3|[silent]\n|-start|p2a: Skele dude|perish3|[silent]\n|-fieldactivate|move: Perish Song\n|move|p2a: Skele dude|Fire Blast|p1a: Lucy\n|-damage|p1a: Lucy|57\/100\n|\n|-start|p1a: Lucy|perish3\n|-start|p2a: Skele dude|perish3\n|upkeep\n|turn|19\n|\n|t:|1700049320\n|move|p1a: Lucy|Taunt|p2a: Skele dude\n|-start|p2a: Skele dude|move: Taunt\n|move|p2a: Skele dude|Fire Blast|p1a: Lucy\n|-damage|p1a: Lucy|23\/100\n|\n|-start|p1a: Lucy|perish2\n|-start|p2a: Skele dude|perish2\n|upkeep\n|turn|20\n|\n|t:|1700049329\n|move|p1a: Lucy|Moonblast|p2a: Skele dude\n|-damage|p2a: Skele dude|64\/100\n|-damage|p1a: Lucy|13\/100|[from] item: Life Orb\n|move|p2a: Skele dude|Fire Blast|p1a: Lucy\n|-damage|p1a: Lucy|0 fnt\n|faint|p1a: Lucy\n|-end|p1a: Lucy|Protosynthesis|[silent]\n|\n|-heal|p2a: Skele dude|70\/100|[from] item: Leftovers\n|-start|p2a: Skele dude|perish1\n|upkeep\n|\n|t:|1700049338\n|switch|p1a: Oliver|Koraidon|100\/100\n|-weather|SunnyDay|[from] ability: Orichalcum Pulse|[of] p1a: Oliver\n|-activate|p1a: Oliver|Orichalcum Pulse|[source]\n|turn|21\n|\n|t:|1700049343\n|move|p1a: Oliver|Dragon Claw|p2a: Skele dude\n|-supereffective|p2a: Skele dude\n|-damage|p2a: Skele dude|0 fnt\n|faint|p2a: Skele dude\n|\n|win|Sargenbob\n|raw|Sargenbob's rating: 1175 &rarr; <strong>1193<\/strong><br \/>(+18 for winning)\n|raw|Shadowing king's rating: 1075 &rarr; <strong>1060<\/strong><br \/>(-15 for losing)\n|c|\u2606Sargenbob|gg\n","uploadtime":1700049349,"views":6,"p1id":"sargenbob","p2id":"shadowingking","formatid":"gen9anythinggoes","rating":1060,"private":0,"password":""}