{"id":"gen9anythinggoes-1974337290","p1":"my3rdaccbruh","p2":"Quaily","format":"[Gen 9] Anything Goes","log":"|j|\u2606my3rdaccbruh\n|j|\u2606Quaily\n|t:|1698078973\n|gametype|singles\n|player|p1|my3rdaccbruh|marlon|1269\n|player|p2|Quaily|266|1196\n|teamsize|p1|6\n|teamsize|p2|6\n|gen|9\n|tier|[Gen 9] Anything Goes\n|rated|\n|rule|HP Percentage Mod: HP is shown in percentages\n|rule|Endless Battle Clause: Forcing endless battles is banned\n|clearpoke\n|poke|p1|Calyrex-Shadow|\n|poke|p1|Zacian-*|\n|poke|p1|Espathra, M|\n|poke|p1|Amoonguss, F|\n|poke|p1|Dragapult, M|\n|poke|p1|Drifblim, F|\n|poke|p2|Calyrex-Shadow|\n|poke|p2|Ogerpon-Hearthflame, F|\n|poke|p2|Dudunsparce-*, F|\n|poke|p2|Iron Moth|\n|poke|p2|Hippowdon, F|\n|poke|p2|Cloyster, M|\n|teampreview\n|inactive|Battle timer is ON: inactive players will automatically lose when time's up. (requested by my3rdaccbruh)\n|\n|t:|1698078986\n|start\n|switch|p1a: Drifblim|Drifblim, F|100\/100\n|switch|p2a: Iron Moth|Iron Moth, shiny|100\/100\n|turn|1\n|\n|t:|1698078992\n|move|p1a: Drifblim|Minimize|p1a: Drifblim\n|-boost|p1a: Drifblim|evasion|2\n|move|p2a: Iron Moth|Whirlwind|p1a: Drifblim\n|drag|p1a: Dragapult|Dragapult, M|100\/100\n|\n|upkeep\n|turn|2\n|\n|t:|1698079000\n|move|p1a: Dragapult|Thunder Wave|p2a: Iron Moth\n|-status|p2a: Iron Moth|par\n|move|p2a: Iron Moth|Fiery Dance|p1a: Dragapult\n|-resisted|p1a: Dragapult\n|-damage|p1a: Dragapult|72\/100\n|-boost|p2a: Iron Moth|spa|1\n|\n|-heal|p1a: Dragapult|78\/100|[from] item: Leftovers\n|upkeep\n|turn|3\n|\n|t:|1698079008\n|move|p1a: Dragapult|Dragon Dance|p1a: Dragapult\n|-boost|p1a: Dragapult|atk|1\n|-boost|p1a: Dragapult|spe|1\n|move|p2a: Iron Moth|Sludge Wave|p1a: Dragapult\n|-resisted|p1a: Dragapult\n|-damage|p1a: Dragapult|33\/100\n|\n|-heal|p1a: Dragapult|39\/100|[from] item: Leftovers\n|upkeep\n|turn|4\n|\n|t:|1698079016\n|move|p1a: Dragapult|Dragon Darts|p2a: Iron Moth\n|-damage|p2a: Iron Moth|28\/100 par\n|-anim|p1a: Dragapult|Dragon Darts|p2a: Iron Moth\n|-damage|p2a: Iron Moth|0 fnt\n|faint|p2a: Iron Moth\n|-end|p2a: Iron Moth|Quark Drive|[silent]\n|\n|-heal|p1a: Dragapult|45\/100|[from] item: Leftovers\n|upkeep\n|\n|t:|1698079021\n|switch|p2a: Calyrex|Calyrex-Shadow|100\/100\n|-ability|p2a: Calyrex|As One\n|-ability|p2a: Calyrex|Unnerve\n|turn|5\n|\n|t:|1698079027\n|-terastallize|p2a: Calyrex|Normal\n|move|p1a: Dragapult|Dragon Darts|p2a: Calyrex\n|-damage|p2a: Calyrex|58\/100\n|-anim|p1a: Dragapult|Dragon Darts|p2a: Calyrex\n|-damage|p2a: Calyrex|14\/100\n|move|p2a: Calyrex|Astral Barrage|p1a: Dragapult\n|-supereffective|p1a: Dragapult\n|-damage|p1a: Dragapult|0 fnt\n|faint|p1a: Dragapult\n|-ability|p2a: Calyrex|Grim Neigh|boost\n|-boost|p2a: Calyrex|spa|1\n|\n|upkeep\n|c|\u2606my3rdaccbruh|of man\n|inactive|my3rdaccbruh has 120 seconds left.\n|\n|t:|1698079061\n|switch|p1a: Drifblim|Drifblim, F|100\/100\n|turn|6\n|\n|t:|1698079065\n|move|p2a: Calyrex|Astral Barrage|p1a: Drifblim\n|-supereffective|p1a: Drifblim\n|-damage|p1a: Drifblim|0 fnt\n|faint|p1a: Drifblim\n|-ability|p2a: Calyrex|Grim Neigh|boost\n|-boost|p2a: Calyrex|spa|1\n|\n|upkeep\n|\n|t:|1698079072\n|switch|p1a: Zacian|Zacian-Crowned|100\/100\n|-ability|p1a: Zacian|Intrepid Sword|boost\n|-boost|p1a: Zacian|atk|1\n|turn|7\n|\n|t:|1698079077\n|move|p1a: Zacian|Behemoth Blade|p2a: Calyrex\n|-damage|p2a: Calyrex|0 fnt\n|faint|p2a: Calyrex\n|\n|upkeep\n|\n|t:|1698079081\n|switch|p2a: Ogerpon|Ogerpon-Hearthflame, F|100\/100\n|-ability|p2a: Ogerpon|Mold Breaker\n|turn|8\n|\n|t:|1698079086\n|-terastallize|p1a: Zacian|Ground\n|move|p1a: Zacian|Swords Dance|p1a: Zacian\n|-boost|p1a: Zacian|atk|2\n|move|p2a: Ogerpon|Ivy Cudgel|p1a: Zacian\n|-crit|p1a: Zacian\n|-damage|p1a: Zacian|28\/100\n|\n|upkeep\n|turn|9\n|\n|t:|1698079095\n|move|p1a: Zacian|Behemoth Blade|p2a: Ogerpon\n|-resisted|p2a: Ogerpon\n|-damage|p2a: Ogerpon|21\/100\n|move|p2a: Ogerpon|Knock Off|p1a: Zacian\n|-damage|p1a: Zacian|6\/100\n|\n|upkeep\n|turn|10\n|c|\u2606my3rdaccbruh|no wayyy\n|\n|t:|1698079103\n|move|p2a: Ogerpon|Protect|p2a: Ogerpon\n|-singleturn|p2a: Ogerpon|Protect\n|move|p1a: Zacian|Behemoth Blade|p2a: Ogerpon\n|-activate|p2a: Ogerpon|move: Protect\n|\n|upkeep\n|turn|11\n|\n|t:|1698079109\n|move|p1a: Zacian|Behemoth Blade|p2a: Ogerpon\n|-resisted|p2a: Ogerpon\n|-damage|p2a: Ogerpon|0 fnt\n|faint|p2a: Ogerpon\n|\n|upkeep\n|\n|t:|1698079115\n|switch|p2a: Dudunsparce|Dudunsparce-Three-Segment, F, shiny|100\/100\n|turn|12\n|\n|t:|1698079119\n|move|p1a: Zacian|Sacred Sword|p2a: Dudunsparce\n|-supereffective|p2a: Dudunsparce\n|-enditem|p2a: Dudunsparce|Focus Sash\n|-damage|p2a: Dudunsparce|1\/100\n|move|p2a: Dudunsparce|Ancient Power|p1a: Zacian\n|-resisted|p1a: Zacian\n|-damage|p1a: Zacian|1\/100\n|\n|upkeep\n|turn|13\n|c|\u2606my3rdaccbruh|NO WAY\n|c|\u2606Quaily|fuuuucck\n|\n|t:|1698079131\n|move|p1a: Zacian|Sacred Sword|p2a: Dudunsparce\n|-supereffective|p2a: Dudunsparce\n|-damage|p2a: Dudunsparce|0 fnt\n|faint|p2a: Dudunsparce\n|\n|upkeep\n|\n|t:|1698079136\n|switch|p2a: Hippowdon|Hippowdon, F, shiny|100\/100\n|-weather|Sandstorm|[from] ability: Sand Stream|[of] p2a: Hippowdon\n|turn|14\n|\n|t:|1698079145\n|move|p1a: Zacian|Behemoth Blade|p2a: Hippowdon\n|-damage|p2a: Hippowdon|10\/100\n|move|p2a: Hippowdon|Crunch|p1a: Zacian\n|-damage|p1a: Zacian|0 fnt\n|faint|p1a: Zacian\n|\n|-weather|Sandstorm|[upkeep]\n|-heal|p2a: Hippowdon|16\/100|[from] item: Leftovers\n|upkeep\n|\n|t:|1698079155\n|switch|p1a: Espathra|Espathra, M|100\/100\n|turn|15\n|\n|t:|1698079158\n|move|p1a: Espathra|Calm Mind|p1a: Espathra\n|-boost|p1a: Espathra|spa|1\n|-boost|p1a: Espathra|spd|1\n|move|p2a: Hippowdon|Stockpile|p2a: Hippowdon\n|-start|p2a: Hippowdon|stockpile1\n|-boost|p2a: Hippowdon|def|1\n|-boost|p2a: Hippowdon|spd|1\n|\n|-weather|Sandstorm|[upkeep]\n|-damage|p1a: Espathra|94\/100|[from] Sandstorm\n|-heal|p2a: Hippowdon|23\/100|[from] item: Leftovers\n|-ability|p1a: Espathra|Speed Boost|boost\n|-boost|p1a: Espathra|spe|1\n|upkeep\n|turn|16\n|\n|t:|1698079169\n|move|p1a: Espathra|Calm Mind|p1a: Espathra\n|-boost|p1a: Espathra|spa|1\n|-boost|p1a: Espathra|spd|1\n|move|p2a: Hippowdon|Slack Off|p2a: Hippowdon\n|-heal|p2a: Hippowdon|73\/100\n|\n|-weather|Sandstorm|[upkeep]\n|-damage|p1a: Espathra|88\/100|[from] Sandstorm\n|-heal|p2a: Hippowdon|79\/100|[from] item: Leftovers\n|-ability|p1a: Espathra|Speed Boost|boost\n|-boost|p1a: Espathra|spe|1\n|upkeep\n|turn|17\n|\n|t:|1698079179\n|move|p1a: Espathra|Calm Mind|p1a: Espathra\n|-boost|p1a: Espathra|spa|1\n|-boost|p1a: Espathra|spd|1\n|move|p2a: Hippowdon|Stockpile|p2a: Hippowdon\n|-start|p2a: Hippowdon|stockpile2\n|-boost|p2a: Hippowdon|def|1\n|-boost|p2a: Hippowdon|spd|1\n|\n|-weather|Sandstorm|[upkeep]\n|-damage|p1a: Espathra|82\/100|[from] Sandstorm\n|-heal|p2a: Hippowdon|85\/100|[from] item: Leftovers\n|-ability|p1a: Espathra|Speed Boost|boost\n|-boost|p1a: Espathra|spe|1\n|upkeep\n|turn|18\n|\n|t:|1698079190\n|move|p1a: Espathra|Stored Power|p2a: Hippowdon\n|-damage|p2a: Hippowdon|0 fnt\n|faint|p2a: Hippowdon\n|\n|-weather|none\n|-ability|p1a: Espathra|Speed Boost|boost\n|-boost|p1a: Espathra|spe|1\n|upkeep\n|-message|Quaily forfeited.\n|\n|win|my3rdaccbruh\n|raw|my3rdaccbruh's rating: 1269 &rarr; <strong>1289<\/strong><br \/>(+20 for winning)\n|raw|Quaily's rating: 1196 &rarr; <strong>1176<\/strong><br \/>(-20 for losing)\n|l|\u2606Quaily\n","uploadtime":1698079213,"views":14,"p1id":"my3rdaccbruh","p2id":"quaily","formatid":"gen9anythinggoes","rating":1176,"private":0,"password":""}