{"id":"gen9anythinggoes-1986642094","p1":"Brothybear","p2":"khuDDD","format":"[Gen 9] Anything Goes","log":"|j|\u2606Brothybear\n|j|\u2606khuDDD\n|t:|1699501421\n|gametype|singles\n|player|p1|Brothybear|eusine|1157\n|player|p2|khuDDD|265|1101\n|teamsize|p1|6\n|teamsize|p2|6\n|gen|9\n|tier|[Gen 9] Anything Goes\n|rated|\n|rule|HP Percentage Mod: HP is shown in percentages\n|rule|Endless Battle Clause: Forcing endless battles is banned\n|clearpoke\n|poke|p1|Ditto|\n|poke|p1|Ditto|\n|poke|p1|Ditto|\n|poke|p1|Ditto|\n|poke|p1|Ditto|\n|poke|p1|Ambipom, F|\n|poke|p2|Calyrex-Shadow|\n|poke|p2|Wattrel, L1, M|\n|poke|p2|Wattrel, L1, F|\n|poke|p2|Wattrel, L1, M|\n|poke|p2|Wattrel, L1, M|\n|poke|p2|Wattrel, L1, F|\n|teampreview\n|inactive|Battle timer is ON: inactive players will automatically lose when time's up. (requested by khuDDD)\n|inactive|Brothybear also wants the timer to be on.\n|c|\u2606Brothybear|May the best meme win\n|\n|t:|1699501441\n|start\n|switch|p1a: John Jones|Ditto, shiny|100\/100\n|switch|p2a: Wattrel|Wattrel, L1, M|100\/100\n|-transform|p1a: John Jones|p2a: Wattrel|[from] ability: Imposter\n|turn|1\n|c|\u2606khuDDD|\ud83d\udc80\n|\n|t:|1699501462\n|move|p1a: John Jones|Endeavor|p2a: Wattrel\n|-immune|p2a: Wattrel\n|move|p2a: Wattrel|Endeavor|p1a: John Jones\n|-damage|p1a: John Jones|5\/100\n|\n|upkeep\n|turn|2\n|c|\u2606Brothybear|hang on a minute\n|inactive|Brothybear has 120 seconds left.\n|c|\u2606khuDDD|idk too\n|c|\u2606Brothybear|uuuuh\n|c|\u2606khuDDD|dont ask me\n|\n|t:|1699501494\n|move|p1a: John Jones|Quick Attack|p2a: Wattrel\n|-enditem|p2a: Wattrel|Focus Sash\n|-damage|p2a: Wattrel|9\/100\n|move|p2a: Wattrel|Quick Attack|p1a: John Jones\n|-damage|p1a: John Jones|4\/100\n|\n|upkeep\n|turn|3\n|c|\u2606khuDDD|ask dev\n|\n|t:|1699501503\n|move|p2a: Wattrel|Endeavor|p1a: John Jones\n|-damage|p1a: John Jones|1\/100\n|move|p1a: John Jones|Dual Wingbeat|p2a: Wattrel\n|-resisted|p2a: Wattrel\n|-damage|p2a: Wattrel|0 fnt\n|faint|p2a: Wattrel\n|-hitcount|p2: Wattrel|1\n|\n|upkeep\n|\n|t:|1699501512\n|switch|p2a: Wattrel|Wattrel, L1, F|100\/100\n|turn|4\n|\n|t:|1699501516\n|move|p2a: Wattrel|Quick Attack|p1a: John Jones\n|-damage|p1a: John Jones|0 fnt\n|faint|p1a: John Jones\n|\n|upkeep\n|\n|t:|1699501523\n|switch|p1a: Guy Fawkes|Ditto|100\/100\n|-transform|p1a: Guy Fawkes|p2a: Wattrel|[from] ability: Imposter\n|turn|5\n|\n|t:|1699501536\n|move|p2a: Wattrel|Endeavor|p1a: Guy Fawkes\n|-damage|p1a: Guy Fawkes|5\/100\n|move|p1a: Guy Fawkes|Endeavor|p2a: Wattrel\n|-immune|p2a: Wattrel\n|\n|upkeep\n|turn|6\n|c|\u2606Brothybear|Huh?\n|c|\u2606Brothybear|ooooh\n|c|\u2606khuDDD|prob ditto problem\n|inactive|Brothybear has 120 seconds left.\n|c|\u2606Brothybear|i get whats happening\n|\n|t:|1699501564\n|move|p1a: Guy Fawkes|Quick Attack|p2a: Wattrel\n|-enditem|p2a: Wattrel|Focus Sash\n|-damage|p2a: Wattrel|9\/100\n|move|p2a: Wattrel|Endeavor|p1a: Guy Fawkes\n|-damage|p1a: Guy Fawkes|1\/100\n|\n|upkeep\n|turn|7\n|inactive|Brothybear has 120 seconds left.\n|\n|t:|1699501571\n|move|p1a: Guy Fawkes|Quick Attack|p2a: Wattrel\n|-damage|p2a: Wattrel|0 fnt\n|faint|p2a: Wattrel\n|\n|upkeep\n|\n|t:|1699501576\n|switch|p2a: Wattrel|Wattrel, L1, M|100\/100\n|turn|8\n|\n|t:|1699501579\n|move|p1a: Guy Fawkes|Quick Attack|p2a: Wattrel\n|-enditem|p2a: Wattrel|Focus Sash\n|-damage|p2a: Wattrel|9\/100\n|move|p2a: Wattrel|Quick Attack|p1a: Guy Fawkes\n|-damage|p1a: Guy Fawkes|0 fnt\n|faint|p1a: Guy Fawkes\n|\n|upkeep\n|\n|t:|1699501591\n|switch|p1a: Jesus|Ditto|100\/100\n|-transform|p1a: Jesus|p2a: Wattrel|[from] ability: Imposter\n|turn|9\n|c|\u2606khuDDD|what get\n|\n|t:|1699501600\n|move|p1a: Jesus|Quick Attack|p2a: Wattrel\n|-damage|p2a: Wattrel|0 fnt\n|faint|p2a: Wattrel\n|\n|upkeep\n|\n|t:|1699501605\n|switch|p2a: Wattrel|Wattrel, L1, M|100\/100\n|turn|10\n|c|\u2606Brothybear|the Endeavour didnt work cause i was at low health\n|c|\u2606khuDDD|oh\n|inactive|Brothybear has 120 seconds left.\n|\n|t:|1699501635\n|move|p1a: Jesus|Quick Attack|p2a: Wattrel\n|-enditem|p2a: Wattrel|Focus Sash\n|-damage|p2a: Wattrel|9\/100\n|move|p2a: Wattrel|Endeavor|p1a: Jesus\n|-damage|p1a: Jesus|1\/100\n|\n|upkeep\n|turn|11\n|\n|t:|1699501642\n|move|p1a: Jesus|Quick Attack|p2a: Wattrel\n|-damage|p2a: Wattrel|0 fnt\n|faint|p2a: Wattrel\n|\n|upkeep\n|\n|t:|1699501646\n|switch|p2a: counter|Calyrex-Shadow|100\/100\n|-ability|p2a: counter|As One\n|-ability|p2a: counter|Unnerve\n|turn|12\n|\n|t:|1699501653\n|move|p2a: counter|Dark Pulse|p1a: Jesus\n|-damage|p1a: Jesus|0 fnt\n|faint|p1a: Jesus\n|-ability|p2a: counter|Grim Neigh|boost\n|-boost|p2a: counter|spa|1\n|\n|upkeep\n|\n|t:|1699501666\n|switch|p1a: Bob Bobbington|Ditto|100\/100\n|-transform|p1a: Bob Bobbington|p2a: counter|[from] ability: Imposter\n|turn|13\n|c|\u2606khuDDD|u typin?\n|c|\u2606khuDDD|oh\n|\n|t:|1699501674\n|-terastallize|p1a: Bob Bobbington|Normal\n|move|p1a: Bob Bobbington|Astral Barrage|p2a: counter\n|-supereffective|p2a: counter\n|-damage|p2a: counter|0 fnt\n|faint|p2a: counter\n|-ability|p1a: Bob Bobbington|Grim Neigh|boost\n|-boost|p1a: Bob Bobbington|spa|1\n|\n|upkeep\n|c|\u2606khuDDD|am ded\n|c|\u2606khuDDD|gg\n|c|\u2606Brothybear|gg\n|-message|khuDDD forfeited.\n|\n|win|Brothybear\n|raw|Brothybear's rating: 1157 &rarr; <strong>1178<\/strong><br \/>(+21 for winning)\n|raw|khuDDD's rating: 1101 &rarr; <strong>1080<\/strong><br \/>(-21 for losing)\n","uploadtime":1699501699,"views":4,"p1id":"brothybear","p2id":"khuddd","formatid":"gen9anythinggoes","rating":1080,"private":0,"password":""}