{"id":"gen9anythinggoes-1994369144","p1":"minuyu","p2":"Soru87","format":"[Gen 9] Anything Goes","log":"|j|\u2606minuyu\n|j|\u2606Soru87\n|t:|1700436049\n|gametype|singles\n|player|p1|minuyu|fennel|\n|player|p2|Soru87|bellelba|\n|teamsize|p1|6\n|teamsize|p2|6\n|gen|9\n|tier|[Gen 9] Anything Goes\n|rule|HP Percentage Mod: HP is shown in percentages\n|rule|Endless Battle Clause: Forcing endless battles is banned\n|clearpoke\n|poke|p1|Iron Valiant|\n|poke|p1|Salamence, M|\n|poke|p1|Clodsire, F|\n|poke|p1|Quilladin, F|\n|poke|p1|Mew|\n|poke|p1|Ceruledge, M|\n|poke|p2|Ursaluna-Bloodmoon, M|\n|poke|p2|Zoroark-Hisui, F|\n|poke|p2|Iron Hands|\n|poke|p2|Cresselia, F|\n|poke|p2|Furret, F|\n|poke|p2|Slowbro-Galar, M|\n|teampreview\n|j| caligulahar\n|\n|t:|1700436076\n|start\n|switch|p1a: Ube Sago|Clodsire, F, shiny|100\/100\n|switch|p2a: Chikara|Slowbro-Galar, M|100\/100\n|turn|1\n|\n|t:|1700436089\n|move|p2a: Chikara|Ice Beam|p1a: Ube Sago\n|-supereffective|p1a: Ube Sago\n|-crit|p1a: Ube Sago\n|-damage|p1a: Ube Sago|53\/100\n|move|p1a: Ube Sago|Earthquake|p2a: Chikara\n|-supereffective|p2a: Chikara\n|-damage|p2a: Chikara|50\/100\n|\n|-heal|p1a: Ube Sago|59\/100|[from] item: Black Sludge\n|upkeep\n|turn|2\n|\n|t:|1700436099\n|move|p2a: Chikara|Slack Off|p2a: Chikara\n|-heal|p2a: Chikara|99\/100\n|move|p1a: Ube Sago|Earthquake|p2a: Chikara\n|-supereffective|p2a: Chikara\n|-damage|p2a: Chikara|46\/100\n|\n|-heal|p1a: Ube Sago|66\/100|[from] item: Black Sludge\n|upkeep\n|turn|3\n|\n|t:|1700436112\n|switch|p2a: Ichico|Cresselia, F, shiny|100\/100\n|move|p1a: Ube Sago|Earthquake|p2a: Ichico\n|-immune|p2a: Ichico|[from] ability: Levitate\n|\n|-heal|p1a: Ube Sago|72\/100|[from] item: Black Sludge\n|upkeep\n|turn|4\n|\n|t:|1700436127\n|switch|p1a: Ramune|Salamence, M|100\/100\n|move|p2a: Ichico|Reflect|p2a: Ichico\n|-sidestart|p2: Soru87|Reflect\n|\n|upkeep\n|turn|5\n|\n|t:|1700436153\n|switch|p2a: Andy|Ursaluna-Bloodmoon, M|100\/100\n|move|p1a: Ramune|Psychic Fangs|p2a: Andy\n|-sideend|p2: Soru87|Reflect\n|-damage|p2a: Andy|81\/100\n|\n|upkeep\n|turn|6\n|\n|t:|1700436170\n|switch|p1a: suck your mum|Quilladin, F|100\/100\n|move|p2a: Andy|Moonblast|p1a: suck your mum\n|-damage|p1a: suck your mum|74\/100\n|\n|upkeep\n|turn|7\n|\n|t:|1700436177\n|switch|p2a: Chikara|Slowbro-Galar, M|80\/100\n|move|p1a: suck your mum|Leech Seed|p2a: Chikara\n|-start|p2a: Chikara|move: Leech Seed\n|\n|-damage|p2a: Chikara|67\/100|[from] Leech Seed|[of] p1a: suck your mum\n|-heal|p1a: suck your mum|89\/100|[silent]\n|upkeep\n|turn|8\n|\n|t:|1700436185\n|move|p1a: suck your mum|Super Fang|p2a: Chikara\n|-damage|p2a: Chikara|34\/100\n|move|p2a: Chikara|Yawn|p1a: suck your mum\n|-start|p1a: suck your mum|move: Yawn|[of] p2a: Chikara\n|\n|-damage|p2a: Chikara|22\/100|[from] Leech Seed|[of] p1a: suck your mum\n|-heal|p1a: suck your mum|100\/100|[silent]\n|upkeep\n|turn|9\n|\n|t:|1700436213\n|switch|p1a: Ramune|Salamence, M|100\/100\n|move|p2a: Chikara|Slack Off|p2a: Chikara\n|-heal|p2a: Chikara|72\/100\n|\n|-damage|p2a: Chikara|59\/100|[from] Leech Seed|[of] p1a: Ramune\n|upkeep\n|turn|10\n|\n|t:|1700436222\n|move|p1a: Ramune|Crunch|p2a: Chikara\n|-supereffective|p2a: Chikara\n|-damage|p2a: Chikara|20\/100\n|-unboost|p2a: Chikara|def|1\n|move|p2a: Chikara|Slack Off|p2a: Chikara\n|-heal|p2a: Chikara|70\/100\n|\n|-damage|p2a: Chikara|57\/100|[from] Leech Seed|[of] p1a: Ramune\n|upkeep\n|turn|11\n|\n|t:|1700436238\n|switch|p2a: Fuuko|Furret, F, shiny|100\/100\n|-item|p1a: Ramune|Assault Vest|[from] ability: Frisk|[of] p2a: Fuuko|[identify]\n|move|p1a: Ramune|Crunch|p2a: Fuuko\n|-damage|p2a: Fuuko|58\/100\n|\n|upkeep\n|turn|12\n|\n|t:|1700436268\n|switch|p1a: suck your mum|Quilladin, F|100\/100\n|move|p2a: Fuuko|Play Rough|p1a: suck your mum|[miss]\n|-miss|p2a: Fuuko|p1a: suck your mum\n|\n|upkeep\n|turn|13\n|\n|t:|1700436292\n|switch|p2a: Void|Iron Hands, shiny|100\/100\n|move|p1a: suck your mum|Leech Seed|p2a: Void\n|-start|p2a: Void|move: Leech Seed\n|\n|-damage|p2a: Void|88\/100|[from] Leech Seed|[of] p1a: suck your mum\n|upkeep\n|turn|14\n|\n|t:|1700436300\n|move|p2a: Void|U-turn|p1a: suck your mum\n|-supereffective|p1a: suck your mum\n|-crit|p1a: suck your mum\n|-damage|p1a: suck your mum|58\/100\n|-damage|p2a: Void|78\/100|[from] item: Life Orb\n|\n|t:|1700436305\n|switch|p2a: Fuuko|Furret, F, shiny|58\/100|[from] U-turn\n|-item|p1a: suck your mum|Eviolite|[from] ability: Frisk|[of] p2a: Fuuko|[identify]\n|move|p1a: suck your mum|Super Fang|p2a: Fuuko\n|-damage|p2a: Fuuko|29\/100\n|\n|upkeep\n|turn|15\n|\n|t:|1700436314\n|move|p2a: Fuuko|Tidy Up|p2a: Fuuko\n|-boost|p2a: Fuuko|atk|1\n|-boost|p2a: Fuuko|spe|1\n|move|p1a: suck your mum|Leech Seed|p2a: Fuuko\n|-start|p2a: Fuuko|move: Leech Seed\n|\n|-damage|p2a: Fuuko|17\/100|[from] Leech Seed|[of] p1a: suck your mum\n|-heal|p1a: suck your mum|70\/100|[silent]\n|upkeep\n|turn|16\n|\n|t:|1700436321\n|move|p1a: suck your mum|Protect|p1a: suck your mum\n|-singleturn|p1a: suck your mum|Protect\n|move|p2a: Fuuko|Baton Pass|p2a: Fuuko\n|\n|t:|1700436336\n|switch|p2a: Chikara|Slowbro-Galar, M|90\/100|[from] Baton Pass\n|\n|-damage|p2a: Chikara|78\/100|[from] Leech Seed|[of] p1a: suck your mum\n|-heal|p1a: suck your mum|85\/100|[silent]\n|upkeep\n|turn|17\n|\n|t:|1700436348\n|move|p1a: suck your mum|Super Fang|p2a: Chikara\n|-damage|p2a: Chikara|39\/100\n|move|p2a: Chikara|Ice Beam|p1a: suck your mum\n|-supereffective|p1a: suck your mum\n|-damage|p1a: suck your mum|48\/100\n|\n|-damage|p2a: Chikara|27\/100|[from] Leech Seed|[of] p1a: suck your mum\n|-heal|p1a: suck your mum|63\/100|[silent]\n|upkeep\n|turn|18\n|\n|t:|1700436361\n|switch|p2a: Void|Iron Hands, shiny|100\/100\n|-enditem|p2a: Void|Booster Energy\n|-activate|p2a: Void|ability: Quark Drive|[fromitem]\n|-start|p2a: Void|quarkdriveatk\n|move|p1a: suck your mum|Super Fang|p2a: Void\n|-damage|p2a: Void|51\/100\n|\n|upkeep\n|turn|19\n|\n|t:|1700436369\n|move|p2a: Void|Fake Out|p1a: suck your mum\n|-damage|p1a: suck your mum|47\/100\n|cant|p1a: suck your mum|flinch\n|\n|upkeep\n|turn|20\n|\n|t:|1700436381\n|move|p1a: suck your mum|Synthesis|p1a: suck your mum\n|-heal|p1a: suck your mum|97\/100\n|move|p2a: Void|Drain Punch|p1a: suck your mum\n|-damage|p1a: suck your mum|55\/100\n|-heal|p2a: Void|66\/100|[from] drain|[of] p1a: suck your mum\n|\n|upkeep\n|turn|21\n|\n|t:|1700436390\n|move|p1a: suck your mum|Super Fang|p2a: Void\n|-damage|p2a: Void|33\/100\n|move|p2a: Void|Brick Break|p1a: suck your mum\n|-damage|p1a: suck your mum|10\/100\n|\n|upkeep\n|turn|22\n|\n|t:|1700436396\n|move|p1a: suck your mum|Synthesis|p1a: suck your mum\n|-heal|p1a: suck your mum|60\/100\n|move|p2a: Void|Drain Punch|p1a: suck your mum\n|-damage|p1a: suck your mum|14\/100\n|-heal|p2a: Void|50\/100|[from] drain|[of] p1a: suck your mum\n|\n|upkeep\n|turn|23\n|\n|t:|1700436414\n|move|p1a: suck your mum|Synthesis|p1a: suck your mum\n|-heal|p1a: suck your mum|64\/100\n|move|p2a: Void|Drain Punch|p1a: suck your mum\n|-damage|p1a: suck your mum|24\/100\n|-heal|p2a: Void|64\/100|[from] drain|[of] p1a: suck your mum\n|\n|upkeep\n|turn|24\n|\n|t:|1700436427\n|move|p1a: suck your mum|Synthesis|p1a: suck your mum\n|-heal|p1a: suck your mum|74\/100\n|move|p2a: Void|Drain Punch|p1a: suck your mum\n|-damage|p1a: suck your mum|34\/100\n|-heal|p2a: Void|79\/100|[from] drain|[of] p1a: suck your mum\n|\n|upkeep\n|turn|25\n|\n|t:|1700436437\n|move|p1a: suck your mum|Leech Seed|p2a: Void\n|-start|p2a: Void|move: Leech Seed\n|move|p2a: Void|Drain Punch|p1a: suck your mum\n|-damage|p1a: suck your mum|0 fnt\n|-heal|p2a: Void|91\/100|[from] drain|[of] p1a: suck your mum\n|faint|p1a: suck your mum\n|\n|upkeep\n|\n|t:|1700436465\n|switch|p1a: Ramune|Salamence, M|100\/100\n|turn|26\n|\n|t:|1700436482\n|-end|p2a: Void|Quark Drive|[silent]\n|switch|p2a: Chikara|Slowbro-Galar, M|60\/100\n|move|p1a: Ramune|Psychic Fangs|p2a: Chikara\n|-damage|p2a: Chikara|37\/100\n|\n|upkeep\n|turn|27\n|\n|t:|1700436501\n|move|p1a: Ramune|Crunch|p2a: Chikara\n|-supereffective|p2a: Chikara\n|-damage|p2a: Chikara|0 fnt\n|faint|p2a: Chikara\n|-ability|p1a: Ramune|Moxie|boost\n|-boost|p1a: Ramune|atk|1\n|\n|upkeep\n|\n|t:|1700436517\n|switch|p2a: Void|Iron Hands, shiny|78\/100\n|turn|28\n|\n|t:|1700436524\n|move|p2a: Void|Shadow Ball|p1a: Ramune\n|-damage|p1a: Ramune|55\/100\n|-unboost|p1a: Ramune|spd|1\n|-damage|p2a: Void|68\/100|[from] item: Life Orb\n|move|p1a: Ramune|Psychic Fangs|p2a: Void\n|-damage|p2a: Void|0 fnt\n|replace|p2a: Mui|Zoroark-Hisui, F, shiny\n|-end|p2a: Mui|Illusion\n|faint|p2a: Mui\n|-ability|p1a: Ramune|Moxie|boost\n|-boost|p1a: Ramune|atk|1\n|\n|upkeep\n|\n|t:|1700436536\n|switch|p2a: Ichico|Cresselia, F, shiny|100\/100\n|turn|29\n|\n|t:|1700436542\n|move|p1a: Ramune|Crunch|p2a: Ichico\n|-supereffective|p2a: Ichico\n|-damage|p2a: Ichico|34\/100\n|move|p2a: Ichico|Trick Room|p2a: Ichico\n|-fieldstart|move: Trick Room|[of] p2a: Ichico\n|\n|upkeep\n|turn|30\n|\n|t:|1700436554\n|switch|p2a: Andy|Ursaluna-Bloodmoon, M|81\/100\n|move|p1a: Ramune|Crunch|p2a: Andy\n|-damage|p2a: Andy|44\/100\n|\n|upkeep\n|turn|31\n|\n|t:|1700436578\n|move|p2a: Andy|Moonblast|p1a: Ramune\n|-supereffective|p1a: Ramune\n|-damage|p1a: Ramune|0 fnt\n|faint|p1a: Ramune\n|\n|upkeep\n|\n|t:|1700436586\n|switch|p1a: Ube Sago|Clodsire, F, shiny|72\/100\n|turn|32\n|\n|t:|1700436607\n|move|p1a: Ube Sago|Recover|p1a: Ube Sago\n|-heal|p1a: Ube Sago|100\/100\n|move|p2a: Andy|Blood Moon|p1a: Ube Sago\n|-crit|p1a: Ube Sago\n|-damage|p1a: Ube Sago|16\/100\n|\n|-heal|p1a: Ube Sago|22\/100|[from] item: Black Sludge\n|upkeep\n|turn|33\n|\n|t:|1700436627\n|move|p2a: Andy|Vacuum Wave|p1a: Ube Sago\n|-resisted|p1a: Ube Sago\n|-damage|p1a: Ube Sago|17\/100\n|move|p1a: Ube Sago|Recover|p1a: Ube Sago\n|-heal|p1a: Ube Sago|67\/100\n|\n|-heal|p1a: Ube Sago|73\/100|[from] item: Black Sludge\n|-fieldend|move: Trick Room\n|upkeep\n|turn|34\n|\n|t:|1700436639\n|move|p1a: Ube Sago|Protect|p1a: Ube Sago\n|-singleturn|p1a: Ube Sago|Protect\n|move|p2a: Andy|Blood Moon|p1a: Ube Sago\n|-activate|p1a: Ube Sago|move: Protect\n|\n|-heal|p1a: Ube Sago|79\/100|[from] item: Black Sludge\n|upkeep\n|turn|35\n|\n|t:|1700436648\n|move|p2a: Andy|Earth Power|p1a: Ube Sago\n|-supereffective|p1a: Ube Sago\n|-damage|p1a: Ube Sago|0 fnt\n|faint|p1a: Ube Sago\n|\n|upkeep\n|\n|t:|1700436656\n|switch|p1a: Wagashi|Iron Valiant|100\/100\n|-enditem|p1a: Wagashi|Booster Energy\n|-activate|p1a: Wagashi|ability: Quark Drive|[fromitem]\n|-start|p1a: Wagashi|quarkdrivespe\n|turn|36\n|\n|t:|1700436664\n|switch|p2a: Fuuko|Furret, F, shiny|17\/100\n|move|p1a: Wagashi|Aura Sphere|p2a: Fuuko\n|-supereffective|p2a: Fuuko\n|-damage|p2a: Fuuko|0 fnt\n|faint|p2a: Fuuko\n|\n|upkeep\n|\n|t:|1700436671\n|switch|p2a: Ichico|Cresselia, F, shiny|34\/100\n|turn|37\n|\n|t:|1700436682\n|move|p1a: Wagashi|Shadow Ball|p2a: Ichico\n|-supereffective|p2a: Ichico\n|-damage|p2a: Ichico|4\/100\n|move|p2a: Ichico|Lunar Dance|p2a: Ichico\n|faint|p2a: Ichico\n|\n|upkeep\n|\n|t:|1700436709\n|switch|p2a: Andy|Ursaluna-Bloodmoon, M|44\/100\n|-heal|p2a: Andy|100\/100|[from] move: Lunar Dance\n|turn|38\n|\n|t:|1700436718\n|move|p1a: Wagashi|Aura Sphere|p2a: Andy\n|-supereffective|p2a: Andy\n|-damage|p2a: Andy|46\/100\n|move|p2a: Andy|Moonblast|p1a: Wagashi\n|-supereffective|p1a: Wagashi\n|-damage|p1a: Wagashi|0 fnt\n|faint|p1a: Wagashi\n|-end|p1a: Wagashi|Quark Drive|[silent]\n|\n|upkeep\n|\n|t:|1700436728\n|switch|p1a: MIDBUS COMPANY|Ceruledge, M, shiny|100\/100\n|turn|39\n|\n|t:|1700436743\n|move|p1a: MIDBUS COMPANY|Close Combat|p2a: Andy\n|-supereffective|p2a: Andy\n|-damage|p2a: Andy|0 fnt\n|-unboost|p1a: MIDBUS COMPANY|def|1\n|-unboost|p1a: MIDBUS COMPANY|spd|1\n|faint|p2a: Andy\n|\n|upkeep\n|\n|t:|1700436750\n|switch|p2a: Void|Iron Hands, shiny|91\/100\n|turn|40\n|\n|t:|1700436764\n|move|p1a: MIDBUS COMPANY|Bitter Blade|p2a: Void\n|-damage|p2a: Void|66\/100\n|move|p2a: Void|Earthquake|p1a: MIDBUS COMPANY\n|-supereffective|p1a: MIDBUS COMPANY\n|-enditem|p1a: MIDBUS COMPANY|Focus Sash\n|-damage|p1a: MIDBUS COMPANY|1\/100\n|-ability|p1a: MIDBUS COMPANY|Weak Armor|boost\n|-unboost|p1a: MIDBUS COMPANY|def|1\n|-boost|p1a: MIDBUS COMPANY|spe|2\n|\n|upkeep\n|turn|41\n|\n|t:|1700436775\n|move|p1a: MIDBUS COMPANY|Close Combat|p2a: Void\n|-damage|p2a: Void|43\/100\n|-unboost|p1a: MIDBUS COMPANY|def|1\n|-unboost|p1a: MIDBUS COMPANY|spd|1\n|move|p2a: Void|Earthquake|p1a: MIDBUS COMPANY\n|-supereffective|p1a: MIDBUS COMPANY\n|-damage|p1a: MIDBUS COMPANY|0 fnt\n|faint|p1a: MIDBUS COMPANY\n|\n|upkeep\n|\n|t:|1700436783\n|switch|p1a: Rakugan|Mew|100\/100\n|turn|42\n|\n|t:|1700436808\n|move|p1a: Rakugan|Psychic|p2a: Void\n|-supereffective|p2a: Void\n|-damage|p2a: Void|0 fnt\n|faint|p2a: Void\n|-end|p2a: Void|Quark Drive|[silent]\n|\n|win|minuyu\n|l|\u2606Soru87\n|l|\u2606minuyu\n","uploadtime":1700436815,"views":5,"p1id":"minuyu","p2id":"soru87","formatid":"gen9anythinggoes","rating":0,"private":0,"password":""}