{"id":"gen9anythinggoes-1998178721","p1":"Alexanderfor3","p2":"Murota","format":"[Gen 9] Anything Goes","log":"|j|\u2606Alexanderfor3\n|j|\u2606Murota\n|t:|1700907190\n|gametype|singles\n|player|p1|Alexanderfor3|102|1025\n|player|p2|Murota|teamrocket|1033\n|teamsize|p1|6\n|teamsize|p2|1\n|gen|9\n|tier|[Gen 9] Anything Goes\n|rated|\n|rule|HP Percentage Mod: HP is shown in percentages\n|rule|Endless Battle Clause: Forcing endless battles is banned\n|clearpoke\n|poke|p1|Falinks|\n|poke|p1|Falinks|\n|poke|p1|Falinks|\n|poke|p1|Falinks|\n|poke|p1|Falinks|\n|poke|p1|Kingambit, F|\n|poke|p2|Lucario, M|\n|teampreview\n|inactive|Battle timer is ON: inactive players will automatically lose when time's up. (requested by Murota)\n|\n|t:|1700907214\n|start\n|switch|p1a: military|Falinks, shiny|100\/100\n|switch|p2a: Lulu<3|Lucario, M|100\/100\n|turn|1\n|c|\u2606Alexanderfor3|uh\n|\n|t:|1700907224\n|move|p2a: Lulu<3|Swords Dance|p2a: Lulu<3\n|-boost|p2a: Lulu<3|atk|2\n|move|p1a: military|No Retreat|p1a: military\n|-boost|p1a: military|atk|1\n|-boost|p1a: military|def|1\n|-boost|p1a: military|spa|1\n|-boost|p1a: military|spd|1\n|-boost|p1a: military|spe|1\n|-start|p1a: military|move: No Retreat\n|\n|upkeep\n|turn|2\n|\n|t:|1700907232\n|move|p1a: military|Bulk Up|p1a: military\n|-boost|p1a: military|atk|1\n|-boost|p1a: military|def|1\n|move|p2a: Lulu<3|Swords Dance|p2a: Lulu<3\n|-boost|p2a: Lulu<3|atk|2\n|\n|upkeep\n|turn|3\n|\n|t:|1700907238\n|move|p1a: military|Bulk Up|p1a: military\n|-boost|p1a: military|atk|1\n|-boost|p1a: military|def|1\n|move|p2a: Lulu<3|Swords Dance|p2a: Lulu<3\n|-boost|p2a: Lulu<3|atk|2\n|\n|upkeep\n|turn|4\n|\n|t:|1700907245\n|move|p1a: military|Bulk Up|p1a: military\n|-boost|p1a: military|atk|1\n|-boost|p1a: military|def|1\n|move|p2a: Lulu<3|Drain Punch|p1a: military\n|-damage|p1a: military|52\/100\n|\n|upkeep\n|turn|5\n|\n|t:|1700907253\n|move|p1a: military|Close Combat|p2a: Lulu<3\n|-supereffective|p2a: Lulu<3\n|-enditem|p2a: Lulu<3|Focus Sash\n|-damage|p2a: Lulu<3|1\/100\n|-unboost|p1a: military|def|1\n|-unboost|p1a: military|spd|1\n|move|p2a: Lulu<3|Drain Punch|p1a: military\n|-damage|p1a: military|0 fnt\n|-heal|p2a: Lulu<3|27\/100|[from] drain|[of] p1a: military\n|faint|p1a: military\n|\n|upkeep\n|\n|t:|1700907265\n|switch|p1a: military|Falinks, shiny|100\/100\n|turn|6\n|c|\u2606Murota|Suuuuu\n|\n|t:|1700907275\n|move|p2a: Lulu<3|Extreme Speed|p1a: military\n|-damage|p1a: military|0 fnt\n|faint|p1a: military\n|\n|upkeep\n|\n|t:|1700907280\n|switch|p1a: military|Falinks, shiny|100\/100\n|turn|7\n|\n|t:|1700907287\n|move|p2a: Lulu<3|Extreme Speed|p1a: military\n|-damage|p1a: military|0 fnt\n|faint|p1a: military\n|\n|upkeep\n|\n|t:|1700907294\n|switch|p1a: military|Falinks, shiny|100\/100\n|turn|8\n|\n|t:|1700907299\n|move|p2a: Lulu<3|Extreme Speed|p1a: military\n|-damage|p1a: military|0 fnt\n|faint|p1a: military\n|\n|upkeep\n|c|\u2606Alexanderfor3|i underestimated this team\n|c|\u2606Alexanderfor3|even though its not ;-;\n|\n|t:|1700907320\n|switch|p1a: military|Falinks, shiny|100\/100\n|turn|9\n|c|\u2606Murota|Lucario the goat\n|\n|t:|1700907337\n|move|p2a: Lulu<3|Extreme Speed|p1a: military\n|-damage|p1a: military|0 fnt\n|faint|p1a: military\n|\n|upkeep\n|c|\u2606Alexanderfor3|yes\n|c|\u2606Alexanderfor3|hes one of my favorite characters in the series\n|\n|t:|1700907359\n|switch|p1a: General|Kingambit, F|100\/100\n|-activate|p1a: General|ability: Supreme Overlord\n|-start|p1a: General|fallen5|[silent]\n|turn|10\n|\n|t:|1700907364\n|move|p2a: Lulu<3|Drain Punch|p1a: General\n|-supereffective|p1a: General\n|-damage|p1a: General|0 fnt\n|-heal|p2a: Lulu<3|92\/100|[from] drain|[of] p1a: General\n|faint|p1a: General\n|-end|p1a: General|fallen5|[silent]\n|\n|win|Murota\n|raw|Alexanderfor3's rating: 1025 &rarr; <strong>1012<\/strong><br \/>(-13 for losing)\n|raw|Murota's rating: 1033 &rarr; <strong>1067<\/strong><br \/>(+34 for winning)\n|c|\u2606Murota|Thank's\n|l|\u2606Alexanderfor3\n","uploadtime":1700907387,"views":0,"p1id":"alexanderfor3","p2id":"murota","formatid":"gen9anythinggoes","rating":1012,"private":0,"password":""}