{"id":"gen9anythinggoes-1989870232","p1":"iamtheman123","p2":"leanjosue0223","format":"[Gen 9] Anything Goes","log":"|j|\u203diamtheman123\n|j|\u2606leanjosue0223\n|t:|1699902597\n|gametype|singles\n|player|p1|iamtheman123|cyrus|1218\n|player|p2|leanjosue0223|102|1172\n|teamsize|p1|6\n|teamsize|p2|6\n|gen|9\n|tier|[Gen 9] Anything Goes\n|rated|\n|rule|HP Percentage Mod: HP is shown in percentages\n|rule|Endless Battle Clause: Forcing endless battles is banned\n|clearpoke\n|poke|p1|Chien-Pao|\n|poke|p1|Gholdengo|\n|poke|p1|Tyranitar, M|\n|poke|p1|Quaquaval, F|\n|poke|p1|Amoonguss, M|\n|poke|p1|Iron Treads|\n|poke|p2|Bisharp, M|\n|poke|p2|Scyther, F|\n|poke|p2|Garchomp, M|\n|poke|p2|Arceus-Ghost|\n|poke|p2|Espathra, M|\n|poke|p2|Mew|\n|teampreview\n|\n|t:|1699902602\n|start\n|switch|p1a: Chien-Pao|Chien-Pao|100\/100\n|switch|p2a: Mew|Mew, shiny|100\/100\n|-ability|p1a: Chien-Pao|Sword of Ruin\n|turn|1\n|c|\u2606leanjosue0223|ngl ur hot\n|\n|t:|1699902614\n|switch|p2a: Scyther|Scyther, F, shiny|100\/100\n|move|p1a: Chien-Pao|Crunch|p2a: Scyther\n|-damage|p2a: Scyther|34\/100\n|\n|upkeep\n|turn|2\n|\n|t:|1699902621\n|move|p1a: Chien-Pao|Ice Spinner|p2a: Scyther\n|-supereffective|p2a: Scyther\n|-damage|p2a: Scyther|0 fnt\n|faint|p2a: Scyther\n|\n|upkeep\n|\n|t:|1699902623\n|switch|p2a: Espathra|Espathra, M, shiny|100\/100\n|turn|3\n|inactive|Battle timer is ON: inactive players will automatically lose when time's up. (requested by iamtheman123)\n|inactive|iamtheman123 has 120 seconds left.\n|\n|t:|1699902658\n|move|p2a: Espathra|Protect|p2a: Espathra\n|-singleturn|p2a: Espathra|Protect\n|move|p1a: Chien-Pao|Crunch|p2a: Espathra\n|-activate|p2a: Espathra|move: Protect\n|\n|-ability|p2a: Espathra|Speed Boost|boost\n|-boost|p2a: Espathra|spe|1\n|upkeep\n|turn|4\n|\n|t:|1699902670\n|move|p2a: Espathra|Substitute|p2a: Espathra\n|-start|p2a: Espathra|Substitute\n|-damage|p2a: Espathra|76\/100\n|move|p1a: Chien-Pao|Crunch|p2a: Espathra\n|-supereffective|p2a: Espathra\n|-end|p2a: Espathra|Substitute\n|\n|-ability|p2a: Espathra|Speed Boost|boost\n|-boost|p2a: Espathra|spe|1\n|upkeep\n|turn|5\n|\n|t:|1699902679\n|move|p2a: Espathra|Protect|p2a: Espathra\n|-singleturn|p2a: Espathra|Protect\n|move|p1a: Chien-Pao|Crunch|p2a: Espathra\n|-activate|p2a: Espathra|move: Protect\n|\n|-ability|p2a: Espathra|Speed Boost|boost\n|-boost|p2a: Espathra|spe|1\n|upkeep\n|turn|6\n|\n|t:|1699902684\n|move|p2a: Espathra|Substitute|p2a: Espathra\n|-start|p2a: Espathra|Substitute\n|-damage|p2a: Espathra|51\/100\n|move|p1a: Chien-Pao|Crunch|p2a: Espathra\n|-supereffective|p2a: Espathra\n|-end|p2a: Espathra|Substitute\n|\n|-ability|p2a: Espathra|Speed Boost|boost\n|-boost|p2a: Espathra|spe|1\n|upkeep\n|turn|7\n|\n|t:|1699902693\n|move|p2a: Espathra|Protect|p2a: Espathra\n|-singleturn|p2a: Espathra|Protect\n|move|p1a: Chien-Pao|Crunch|p2a: Espathra\n|-activate|p2a: Espathra|move: Protect\n|\n|-ability|p2a: Espathra|Speed Boost|boost\n|-boost|p2a: Espathra|spe|1\n|upkeep\n|turn|8\n|\n|t:|1699902697\n|move|p2a: Espathra|Roost|p2a: Espathra\n|-heal|p2a: Espathra|100\/100\n|-singleturn|p2a: Espathra|move: Roost\n|move|p1a: Chien-Pao|Crunch|p2a: Espathra\n|-supereffective|p2a: Espathra\n|-enditem|p2a: Espathra|Focus Sash\n|-damage|p2a: Espathra|1\/100\n|\n|-ability|p2a: Espathra|Speed Boost|boost\n|-boost|p2a: Espathra|spe|1\n|upkeep\n|turn|9\n|\n|t:|1699902702\n|move|p2a: Espathra|Protect|p2a: Espathra\n|-singleturn|p2a: Espathra|Protect\n|move|p1a: Chien-Pao|Sucker Punch||[still]\n|-fail|p1a: Chien-Pao\n|\n|upkeep\n|turn|10\n|\n|t:|1699902706\n|move|p2a: Espathra|Baton Pass|p2a: Espathra\n|\n|t:|1699902711\n|switch|p2a: Bisharp|Bisharp, M, shiny|100\/100|[from] Baton Pass\n|move|p1a: Chien-Pao|Crunch|p2a: Bisharp\n|-resisted|p2a: Bisharp\n|-damage|p2a: Bisharp|77\/100\n|\n|upkeep\n|turn|11\n|\n|t:|1699902717\n|move|p2a: Bisharp|Swords Dance|p2a: Bisharp\n|-boost|p2a: Bisharp|atk|2\n|move|p1a: Chien-Pao|Sacred Sword|p2a: Bisharp\n|-supereffective|p2a: Bisharp\n|-damage|p2a: Bisharp|0 fnt\n|faint|p2a: Bisharp\n|\n|upkeep\n|c|\u2606leanjosue0223|LLLLLL\n|\n|t:|1699902727\n|switch|p2a: Mew|Mew, shiny|100\/100\n|turn|12\n|\n|t:|1699902732\n|move|p1a: Chien-Pao|Crunch|p2a: Mew\n|-supereffective|p2a: Mew\n|-damage|p2a: Mew|25\/100\n|move|p2a: Mew|Dragon Dance|p2a: Mew\n|-boost|p2a: Mew|atk|1\n|-boost|p2a: Mew|spe|1\n|\n|upkeep\n|turn|13\n|\n|t:|1699902738\n|move|p1a: Chien-Pao|Sucker Punch||[still]\n|-fail|p1a: Chien-Pao\n|move|p2a: Mew|Baton Pass|p2a: Mew\n|\n|t:|1699902746\n|switch|p2a: Garchomp|Garchomp, M|100\/100|[from] Baton Pass\n|\n|upkeep\n|turn|14\n|\n|t:|1699902752\n|move|p2a: Garchomp|Earthquake|p1a: Chien-Pao\n|-enditem|p1a: Chien-Pao|Focus Sash\n|-damage|p1a: Chien-Pao|1\/100\n|-damage|p2a: Garchomp|91\/100|[from] item: Life Orb\n|move|p1a: Chien-Pao|Ice Spinner|p2a: Garchomp\n|-supereffective|p2a: Garchomp\n|-damage|p2a: Garchomp|0 fnt\n|faint|p2a: Garchomp\n|\n|upkeep\n|\n|t:|1699902756\n|switch|p2a: Espathra|Espathra, M, shiny|1\/100\n|turn|15\n|\n|t:|1699902761\n|move|p2a: Espathra|Protect|p2a: Espathra\n|-singleturn|p2a: Espathra|Protect\n|move|p1a: Chien-Pao|Crunch|p2a: Espathra\n|-activate|p2a: Espathra|move: Protect\n|\n|-ability|p2a: Espathra|Speed Boost|boost\n|-boost|p2a: Espathra|spe|1\n|upkeep\n|turn|16\n|\n|t:|1699902770\n|move|p1a: Chien-Pao|Sucker Punch||[still]\n|-fail|p1a: Chien-Pao\n|move|p2a: Espathra|Baton Pass|p2a: Espathra\n|\n|t:|1699902772\n|switch|p2a: Arceus|Arceus-Ghost, shiny|100\/100|[from] Baton Pass\n|\n|upkeep\n|turn|17\n|\n|t:|1699902777\n|move|p2a: Arceus|Extreme Speed|p1a: Chien-Pao\n|-damage|p1a: Chien-Pao|0 fnt\n|faint|p1a: Chien-Pao\n|\n|upkeep\n|\n|t:|1699902781\n|switch|p1a: Gholdengo|Gholdengo|100\/100\n|turn|18\n|\n|t:|1699902787\n|-terastallize|p2a: Arceus|Normal\n|move|p2a: Arceus|Swords Dance|p2a: Arceus\n|-boost|p2a: Arceus|atk|2\n|move|p1a: Gholdengo|Nasty Plot|p1a: Gholdengo\n|-boost|p1a: Gholdengo|spa|2\n|\n|upkeep\n|turn|19\n|\n|t:|1699902792\n|move|p2a: Arceus|Judgment|p1a: Gholdengo\n|-supereffective|p1a: Gholdengo\n|-damage|p1a: Gholdengo|0 fnt\n|faint|p1a: Gholdengo\n|\n|upkeep\n|\n|t:|1699902799\n|switch|p1a: Quaquaval|Quaquaval, F|100\/100\n|turn|20\n|\n|t:|1699902808\n|move|p2a: Arceus|Swords Dance|p2a: Arceus\n|-boost|p2a: Arceus|atk|2\n|move|p1a: Quaquaval|Close Combat|p2a: Arceus\n|-supereffective|p2a: Arceus\n|-damage|p2a: Arceus|0 fnt\n|-unboost|p1a: Quaquaval|def|1\n|-unboost|p1a: Quaquaval|spd|1\n|faint|p2a: Arceus\n|-ability|p1a: Quaquaval|Moxie|boost\n|-boost|p1a: Quaquaval|atk|1\n|\n|upkeep\n|-message|leanjosue0223 forfeited.\n|\n|win|iamtheman123\n|raw|iamtheman123's rating: 1218 &rarr; <strong>1240<\/strong><br \/>(+22 for winning)\n|raw|leanjosue0223's rating: 1172 &rarr; <strong>1150<\/strong><br \/>(-22 for losing)\n|l|\u2606leanjosue0223\n","uploadtime":1699902653,"views":3,"p1id":"iamtheman123","p2id":"leanjosue0223","formatid":"gen9anythinggoes","rating":1150,"private":0,"password":""}