{"id":"gen9anythinggoes-1983424814","p1":"gobogoitkito5ot","p2":"lmmskncjdn","format":"[Gen 9] Anything Goes","log":"|j|\u2606gobogoitkito5ot\n|j|\u2606lmmskncjdn\n|t:|1699128745\n|gametype|singles\n|player|p1|gobogoitkito5ot|1|1143\n|player|p2|lmmskncjdn|102|1081\n|teamsize|p1|5\n|teamsize|p2|6\n|gen|9\n|tier|[Gen 9] Anything Goes\n|rated|\n|rule|HP Percentage Mod: HP is shown in percentages\n|rule|Endless Battle Clause: Forcing endless battles is banned\n|clearpoke\n|poke|p1|Calyrex-Shadow|\n|poke|p1|Polteageist-Antique|\n|poke|p1|Gallade, M|\n|poke|p1|Giratina-Origin|\n|poke|p1|Mienshao, F|\n|poke|p2|Gholdengo|\n|poke|p2|Samurott-Hisui, M|\n|poke|p2|Dondozo, M|\n|poke|p2|Brute Bonnet|\n|poke|p2|Tatsugiri-Stretchy, M|\n|poke|p2|Houndstone, F|\n|teampreview\n|\n|t:|1699128753\n|start\n|switch|p1a: Mienshao|Mienshao, F|100\/100\n|switch|p2a: Samurott|Samurott-Hisui, M, shiny|100\/100\n|turn|1\n|\n|t:|1699128759\n|move|p1a: Mienshao|Hone Claws|p1a: Mienshao\n|-boost|p1a: Mienshao|atk|1\n|-boost|p1a: Mienshao|accuracy|1\n|move|p2a: Samurott|Air Slash|p1a: Mienshao\n|-supereffective|p1a: Mienshao\n|-damage|p1a: Mienshao|29\/100\n|\n|upkeep\n|turn|2\n|\n|t:|1699128769\n|move|p1a: Mienshao|High Jump Kick|p2a: Samurott\n|-supereffective|p2a: Samurott\n|-damage|p2a: Samurott|0 fnt\n|faint|p2a: Samurott\n|\n|upkeep\n|\n|t:|1699128779\n|switch|p2a: Gholdengo|Gholdengo, shiny|100\/100\n|turn|3\n|\n|t:|1699128788\n|-terastallize|p2a: Gholdengo|Water\n|move|p1a: Mienshao|Stone Edge|p2a: Gholdengo\n|-damage|p2a: Gholdengo|42\/100\n|move|p2a: Gholdengo|Tera Blast|p1a: Mienshao|[anim] Tera Blast Water\n|-damage|p1a: Mienshao|0 fnt\n|faint|p1a: Mienshao\n|\n|upkeep\n|\n|t:|1699128797\n|switch|p1a: Polteageist|Polteageist-Antique|100\/100\n|turn|4\n|\n|t:|1699128807\n|move|p2a: Gholdengo|Flash Cannon|p1a: Polteageist\n|-crit|p1a: Polteageist\n|-damage|p1a: Polteageist|25\/100\n|move|p1a: Polteageist|Shell Smash|p1a: Polteageist\n|-unboost|p1a: Polteageist|def|1\n|-unboost|p1a: Polteageist|spd|1\n|-boost|p1a: Polteageist|atk|2\n|-boost|p1a: Polteageist|spa|2\n|-boost|p1a: Polteageist|spe|2\n|\n|upkeep\n|turn|5\n|\n|t:|1699128817\n|move|p1a: Polteageist|Baton Pass|p1a: Polteageist\n|\n|t:|1699128819\n|switch|p1a: Calyrex|Calyrex-Shadow|100\/100|[from] Baton Pass\n|-ability|p1a: Calyrex|As One\n|-ability|p1a: Calyrex|Unnerve\n|move|p2a: Gholdengo|Tera Blast|p1a: Calyrex|[anim] Tera Blast Water\n|-damage|p1a: Calyrex|35\/100\n|\n|upkeep\n|turn|6\n|\n|t:|1699128831\n|move|p1a: Calyrex|Dark Pulse|p2a: Gholdengo\n|-damage|p2a: Gholdengo|0 fnt\n|faint|p2a: Gholdengo\n|-ability|p1a: Calyrex|Grim Neigh|boost\n|-boost|p1a: Calyrex|spa|1\n|\n|upkeep\n|\n|t:|1699128839\n|switch|p2a: Tatsugiri|Tatsugiri-Stretchy, M, shiny|100\/100\n|turn|7\n|\n|t:|1699128847\n|move|p1a: Calyrex|Astral Barrage|p2a: Tatsugiri\n|-damage|p2a: Tatsugiri|0 fnt\n|faint|p2a: Tatsugiri\n|-ability|p1a: Calyrex|Grim Neigh|boost\n|-boost|p1a: Calyrex|spa|1\n|\n|upkeep\n|\n|t:|1699128854\n|switch|p2a: Dondozo|Dondozo, M, shiny|100\/100\n|turn|8\n|\n|t:|1699128864\n|move|p1a: Calyrex|Astral Barrage|p2a: Dondozo\n|-damage|p2a: Dondozo|24\/100\n|move|p2a: Dondozo|Dive||[still]\n|-prepare|p2a: Dondozo|Dive\n|\n|upkeep\n|turn|9\n|\n|t:|1699128876\n|move|p1a: Calyrex|Dark Pulse|p2a: Dondozo|[miss]\n|-miss|p1a: Calyrex|p2a: Dondozo\n|move|p2a: Dondozo|Dive|p1a: Calyrex|[from]lockedmove\n|-damage|p1a: Calyrex|0 fnt\n|-enditem|p2a: Dondozo|Aguav Berry|[eat]\n|-heal|p2a: Dondozo|57\/100|[from] item: Aguav Berry\n|faint|p1a: Calyrex\n|\n|upkeep\n|\n|t:|1699128887\n|switch|p1a: onion chopper|Gallade, M|100\/100\n|turn|10\n|\n|t:|1699128900\n|move|p1a: onion chopper|Leaf Blade|p2a: Dondozo\n|-supereffective|p2a: Dondozo\n|-damage|p2a: Dondozo|0 fnt\n|faint|p2a: Dondozo\n|-damage|p1a: onion chopper|91\/100|[from] item: Life Orb\n|\n|upkeep\n|\n|t:|1699128907\n|switch|p2a: Brute Bonnet|Brute Bonnet, shiny|100\/100\n|turn|11\n|\n|t:|1699128920\n|move|p1a: onion chopper|Leaf Blade|p2a: Brute Bonnet\n|-resisted|p2a: Brute Bonnet\n|-damage|p2a: Brute Bonnet|77\/100\n|-damage|p1a: onion chopper|81\/100|[from] item: Life Orb\n|move|p2a: Brute Bonnet|Giga Drain|p1a: onion chopper\n|-damage|p1a: onion chopper|46\/100\n|-heal|p2a: Brute Bonnet|89\/100|[from] drain|[of] p1a: onion chopper\n|\n|upkeep\n|turn|12\n|\n|t:|1699128930\n|switch|p1a: moon|Giratina-Origin, shiny|100\/100\n|move|p2a: Brute Bonnet|Spore|p1a: moon\n|-status|p1a: moon|slp|[from] move: Spore\n|\n|upkeep\n|turn|13\n|\n|t:|1699128939\n|-terastallize|p1a: moon|Steel\n|cant|p1a: moon|slp\n|move|p2a: Brute Bonnet|Giga Drain|p1a: moon\n|-resisted|p1a: moon\n|-damage|p1a: moon|90\/100 slp\n|-heal|p2a: Brute Bonnet|95\/100|[from] drain|[of] p1a: moon\n|\n|upkeep\n|turn|14\n|\n|t:|1699128948\n|-curestatus|p1a: moon|slp|[msg]\n|move|p1a: moon|Calm Mind|p1a: moon\n|-boost|p1a: moon|spa|1\n|-boost|p1a: moon|spd|1\n|move|p2a: Brute Bonnet|Dark Pulse|p1a: moon\n|-damage|p1a: moon|75\/100\n|\n|upkeep\n|turn|15\n|\n|t:|1699128960\n|move|p1a: moon|Dragon Pulse|p2a: Brute Bonnet\n|-damage|p2a: Brute Bonnet|27\/100\n|move|p2a: Brute Bonnet|Spore|p1a: moon\n|-status|p1a: moon|slp|[from] move: Spore\n|\n|upkeep\n|turn|16\n|\n|t:|1699128967\n|cant|p1a: moon|slp\n|move|p2a: Brute Bonnet|Giga Drain|p1a: moon\n|-resisted|p1a: moon\n|-damage|p1a: moon|68\/100 slp\n|-heal|p2a: Brute Bonnet|31\/100|[from] drain|[of] p1a: moon\n|\n|upkeep\n|turn|17\n|\n|t:|1699128973\n|cant|p1a: moon|slp\n|move|p2a: Brute Bonnet|Giga Drain|p1a: moon\n|-resisted|p1a: moon\n|-damage|p1a: moon|61\/100 slp\n|-heal|p2a: Brute Bonnet|35\/100|[from] drain|[of] p1a: moon\n|\n|upkeep\n|turn|18\n|\n|t:|1699128984\n|cant|p1a: moon|slp\n|move|p2a: Brute Bonnet|Sunny Day|p2a: Brute Bonnet\n|-weather|SunnyDay\n|-activate|p2a: Brute Bonnet|ability: Protosynthesis\n|-start|p2a: Brute Bonnet|protosynthesisspa\n|\n|-weather|SunnyDay|[upkeep]\n|upkeep\n|turn|19\n|\n|t:|1699128991\n|-curestatus|p1a: moon|slp|[msg]\n|move|p1a: moon|Dragon Pulse|p2a: Brute Bonnet\n|-damage|p2a: Brute Bonnet|0 fnt\n|faint|p2a: Brute Bonnet\n|-end|p2a: Brute Bonnet|Protosynthesis|[silent]\n|\n|-weather|SunnyDay|[upkeep]\n|upkeep\n|\n|t:|1699128997\n|switch|p2a: Houndstone|Houndstone, F, shiny|100\/100\n|turn|20\n|\n|t:|1699129004\n|move|p2a: Houndstone|Last Respects|p1a: moon\n|-damage|p1a: moon|0 fnt\n|faint|p1a: moon\n|\n|-weather|SunnyDay|[upkeep]\n|upkeep\n|\n|t:|1699129012\n|switch|p1a: onion chopper|Gallade, M|46\/100\n|turn|21\n|\n|t:|1699129015\n|move|p1a: onion chopper|Night Slash|p2a: Houndstone\n|-supereffective|p2a: Houndstone\n|-damage|p2a: Houndstone|48\/100\n|-damage|p1a: onion chopper|36\/100|[from] item: Life Orb\n|move|p2a: Houndstone|Last Respects|p1a: onion chopper\n|-supereffective|p1a: onion chopper\n|-damage|p1a: onion chopper|0 fnt\n|faint|p1a: onion chopper\n|\n|-weather|SunnyDay|[upkeep]\n|upkeep\n|\n|t:|1699129026\n|switch|p1a: Polteageist|Polteageist-Antique|25\/100\n|turn|22\n|\n|t:|1699129030\n|move|p1a: Polteageist|Dark Pulse|p2a: Houndstone\n|-supereffective|p2a: Houndstone\n|-damage|p2a: Houndstone|1\/100\n|move|p2a: Houndstone|Last Respects|p1a: Polteageist\n|-supereffective|p1a: Polteageist\n|-damage|p1a: Polteageist|0 fnt\n|faint|p1a: Polteageist\n|\n|win|lmmskncjdn\n|raw|gobogoitkito5ot's rating: 1143 &rarr; <strong>1114<\/strong><br \/>(-29 for losing)\n|raw|lmmskncjdn's rating: 1081 &rarr; <strong>1114<\/strong><br \/>(+33 for winning)\n|l|\u2606gobogoitkito5ot\n","uploadtime":1699129052,"views":9,"p1id":"gobogoitkito5ot","p2id":"lmmskncjdn","formatid":"gen9anythinggoes","rating":1114,"private":0,"password":""}