{"id":"gen9anythinggoes-1974355138","p1":"wuu489","p2":"hjvrejkq","format":"[Gen 9] Anything Goes","log":"|j|\u2606wuu489\n|j|\u2606hjvrejkq\n|t:|1698080401\n|gametype|singles\n|player|p1|wuu489|ghetsis-gen5bw|\n|player|p2|hjvrejkq|1|\n|teamsize|p1|6\n|teamsize|p2|6\n|gen|9\n|tier|[Gen 9] Anything Goes\n|rule|HP Percentage Mod: HP is shown in percentages\n|rule|Endless Battle Clause: Forcing endless battles is banned\n|clearpoke\n|poke|p1|Overqwil, M|\n|poke|p1|Ambipom, M|\n|poke|p1|Azelf|\n|poke|p1|Rotom-Heat|\n|poke|p1|Flamigo, M|\n|poke|p1|Toxtricity, M|\n|poke|p2|Dipplin, F|\n|poke|p2|Milotic, M|\n|poke|p2|Meowscarada, F|\n|poke|p2|Infernape, F|\n|poke|p2|Landorus-Therian, M|\n|poke|p2|Garchomp, F|\n|teampreview\n|\n|t:|1698080423\n|start\n|switch|p1a: Bicycle Race|Flamigo, M|100\/100\n|switch|p2a: kitty cat|Meowscarada, F, shiny|100\/100\n|turn|1\n|\n|t:|1698080544\n|switch|p2a: fire monkey|Infernape, F, shiny|100\/100\n|move|p1a: Bicycle Race|U-turn|p2a: fire monkey\n|-resisted|p2a: fire monkey\n|-damage|p2a: fire monkey|89\/100\n|\n|t:|1698080554\n|switch|p1a: FatBtm Girls|Overqwil, M, shiny|100\/100|[from] U-turn\n|-ability|p1a: FatBtm Girls|Intimidate|boost\n|-unboost|p2a: fire monkey|atk|1\n|\n|upkeep\n|turn|2\n|\n|t:|1698080563\n|move|p2a: fire monkey|Earthquake|p1a: FatBtm Girls\n|-supereffective|p1a: FatBtm Girls\n|-damage|p1a: FatBtm Girls|59\/100\n|move|p1a: FatBtm Girls|Toxic Spikes|p2a: fire monkey\n|-sidestart|p2: hjvrejkq|move: Toxic Spikes\n|\n|-heal|p1a: FatBtm Girls|65\/100|[from] item: Leftovers\n|upkeep\n|turn|3\n|\n|t:|1698080572\n|move|p2a: fire monkey|Close Combat|p1a: FatBtm Girls\n|-damage|p1a: FatBtm Girls|26\/100\n|-unboost|p2a: fire monkey|def|1\n|-unboost|p2a: fire monkey|spd|1\n|move|p1a: FatBtm Girls|Barb Barrage|p2a: fire monkey\n|-crit|p2a: fire monkey\n|-damage|p2a: fire monkey|0 fnt\n|faint|p2a: fire monkey\n|\n|-heal|p1a: FatBtm Girls|32\/100|[from] item: Leftovers\n|upkeep\n|\n|t:|1698080601\n|switch|p2a: flying doggy|Landorus-Therian, M, shiny|100\/100\n|-ability|p2a: flying doggy|Intimidate|boost\n|-unboost|p1a: FatBtm Girls|atk|1\n|turn|4\n|\n|t:|1698080608\n|move|p2a: flying doggy|Stone Edge|p1a: FatBtm Girls|[miss]\n|-miss|p2a: flying doggy|p1a: FatBtm Girls\n|move|p1a: FatBtm Girls|Crunch|p2a: flying doggy\n|-damage|p2a: flying doggy|68\/100\n|\n|-heal|p2a: flying doggy|74\/100|[from] item: Leftovers\n|-heal|p1a: FatBtm Girls|38\/100|[from] item: Leftovers\n|upkeep\n|turn|5\n|\n|t:|1698080617\n|move|p2a: flying doggy|Brick Break|p1a: FatBtm Girls\n|-damage|p1a: FatBtm Girls|5\/100\n|move|p1a: FatBtm Girls|Barb Barrage|p2a: flying doggy\n|-resisted|p2a: flying doggy\n|-damage|p2a: flying doggy|62\/100\n|-status|p2a: flying doggy|psn\n|\n|-heal|p2a: flying doggy|68\/100 psn|[from] item: Leftovers\n|-heal|p1a: FatBtm Girls|11\/100|[from] item: Leftovers\n|-damage|p2a: flying doggy|56\/100 psn|[from] psn\n|upkeep\n|turn|6\n|\n|t:|1698080629\n|move|p2a: flying doggy|Protect|p2a: flying doggy\n|-singleturn|p2a: flying doggy|Protect\n|move|p1a: FatBtm Girls|Barb Barrage|p2a: flying doggy\n|-activate|p2a: flying doggy|move: Protect\n|\n|-heal|p2a: flying doggy|62\/100 psn|[from] item: Leftovers\n|-heal|p1a: FatBtm Girls|18\/100|[from] item: Leftovers\n|-damage|p2a: flying doggy|50\/100 psn|[from] psn\n|upkeep\n|turn|7\n|\n|t:|1698080639\n|move|p2a: flying doggy|Stone Edge|p1a: FatBtm Girls|[miss]\n|-miss|p2a: flying doggy|p1a: FatBtm Girls\n|move|p1a: FatBtm Girls|Barb Barrage|p2a: flying doggy\n|-resisted|p2a: flying doggy\n|-damage|p2a: flying doggy|28\/100 psn\n|\n|-heal|p2a: flying doggy|34\/100 psn|[from] item: Leftovers\n|-heal|p1a: FatBtm Girls|24\/100|[from] item: Leftovers\n|-damage|p2a: flying doggy|22\/100 psn|[from] psn\n|upkeep\n|turn|8\n|\n|t:|1698080653\n|move|p2a: flying doggy|Brick Break|p1a: FatBtm Girls\n|-damage|p1a: FatBtm Girls|0 fnt\n|faint|p1a: FatBtm Girls\n|\n|-heal|p2a: flying doggy|28\/100 psn|[from] item: Leftovers\n|-damage|p2a: flying doggy|16\/100 psn|[from] psn\n|upkeep\n|\n|t:|1698080661\n|switch|p1a: Boh Rhapsody|Ambipom, M|100\/100\n|turn|9\n|\n|t:|1698080674\n|move|p1a: Boh Rhapsody|Fake Out|p2a: flying doggy\n|-damage|p2a: flying doggy|0 fnt\n|faint|p2a: flying doggy\n|\n|upkeep\n|\n|t:|1698080698\n|switch|p2a: Rhianna|Milotic, M, shiny|100\/100\n|-status|p2a: Rhianna|psn\n|turn|10\n|\n|t:|1698080705\n|move|p1a: Boh Rhapsody|Trailblaze|p2a: Rhianna\n|-supereffective|p2a: Rhianna\n|-damage|p2a: Rhianna|59\/100 psn\n|-boost|p1a: Boh Rhapsody|spe|1\n|move|p2a: Rhianna|Ice Beam|p1a: Boh Rhapsody\n|-damage|p1a: Boh Rhapsody|70\/100\n|-status|p1a: Boh Rhapsody|frz\n|\n|-heal|p2a: Rhianna|65\/100 psn|[from] item: Leftovers\n|-damage|p2a: Rhianna|53\/100 psn|[from] psn\n|upkeep\n|turn|11\n|\n|t:|1698080721\n|switch|p2a: big shork|Garchomp, F, shiny|100\/100\n|-status|p2a: big shork|psn\n|cant|p1a: Boh Rhapsody|frz\n|\n|-damage|p2a: big shork|88\/100 psn|[from] psn\n|upkeep\n|turn|12\n|\n|t:|1698080733\n|cant|p1a: Boh Rhapsody|frz\n|move|p2a: big shork|Earthquake|p1a: Boh Rhapsody\n|-damage|p1a: Boh Rhapsody|0 fnt\n|faint|p1a: Boh Rhapsody\n|\n|-damage|p2a: big shork|76\/100 psn|[from] psn\n|upkeep\n|l|\u2606wuu489\n|player|p1|\n|l|\u2606hjvrejkq\n|player|p2|\n|j|\u2606wuu489\n|player|p1|wuu489|ghetsis-gen5bw\n|j|\u2606hjvrejkq\n|player|p2|hjvrejkq|1\n|\n|t:|1698081323\n|switch|p1a: Killer Queen|Azelf|100\/100\n|turn|13\n|\n|t:|1698081328\n|move|p1a: Killer Queen|Draining Kiss|p2a: big shork\n|-supereffective|p2a: big shork\n|-crit|p2a: big shork\n|-damage|p2a: big shork|12\/100 psn\n|move|p2a: big shork|Draco Meteor|p1a: Killer Queen\n|-damage|p1a: Killer Queen|41\/100\n|-unboost|p2a: big shork|spa|2\n|\n|-damage|p2a: big shork|0 fnt|[from] psn\n|faint|p2a: big shork\n|upkeep\n|\n|t:|1698081343\n|switch|p2a: kitty cat|Meowscarada, F, shiny|100\/100\n|-status|p2a: kitty cat|psn\n|turn|14\n|\n|t:|1698081350\n|-terastallize|p1a: Killer Queen|Fairy\n|move|p2a: kitty cat|Dark Pulse|p1a: Killer Queen\n|-start|p2a: kitty cat|typechange|Dark|[from] ability: Protean\n|-resisted|p1a: Killer Queen\n|-damage|p1a: Killer Queen|17\/100\n|move|p1a: Killer Queen|Draining Kiss|p2a: kitty cat\n|-supereffective|p2a: kitty cat\n|-damage|p2a: kitty cat|14\/100 psn\n|-heal|p1a: Killer Queen|82\/100|[from] drain|[of] p2a: kitty cat\n|-enditem|p2a: kitty cat|Aguav Berry|[eat]\n|-heal|p2a: kitty cat|47\/100 psn|[from] item: Aguav Berry\n|\n|-damage|p2a: kitty cat|35\/100 psn|[from] psn\n|upkeep\n|turn|15\n|\n|t:|1698081364\n|-terastallize|p2a: kitty cat|Grass\n|move|p2a: kitty cat|Dark Pulse|p1a: Killer Queen\n|-resisted|p1a: Killer Queen\n|-damage|p1a: Killer Queen|59\/100\n|move|p1a: Killer Queen|Draining Kiss|p2a: kitty cat\n|-damage|p2a: kitty cat|0 fnt\n|-heal|p1a: Killer Queen|84\/100|[from] drain|[of] p2a: kitty cat\n|faint|p2a: kitty cat\n|\n|upkeep\n|\n|t:|1698081383\n|switch|p2a: Rhianna|Milotic, M, shiny|53\/100 psn\n|turn|16\n|\n|t:|1698081388\n|move|p1a: Killer Queen|Mystical Power|p2a: Rhianna\n|-damage|p2a: Rhianna|25\/100 psn\n|-boost|p1a: Killer Queen|spa|1\n|move|p2a: Rhianna|Ice Beam|p1a: Killer Queen\n|-damage|p1a: Killer Queen|45\/100\n|\n|-heal|p2a: Rhianna|31\/100 psn|[from] item: Leftovers\n|-damage|p2a: Rhianna|19\/100 psn|[from] psn\n|upkeep\n|turn|17\n|\n|t:|1698081405\n|move|p1a: Killer Queen|Mystical Power|p2a: Rhianna|[miss]\n|-miss|p1a: Killer Queen|p2a: Rhianna\n|move|p2a: Rhianna|Ice Beam|p1a: Killer Queen\n|-damage|p1a: Killer Queen|2\/100\n|\n|-heal|p2a: Rhianna|25\/100 psn|[from] item: Leftovers\n|-damage|p2a: Rhianna|12\/100 psn|[from] psn\n|upkeep\n|turn|18\n|\n|t:|1698081414\n|switch|p2a: Driping|Dipplin, F, shiny|100\/100\n|-status|p2a: Driping|psn\n|-ability|p2a: Driping|Supersweet Syrup\n|-ability|p2a: Driping|Supersweet Syrup|boost\n|-unboost|p1a: Killer Queen|evasion|1\n|move|p1a: Killer Queen|Mystical Power|p2a: Driping\n|-damage|p2a: Driping|40\/100 psn\n|-boost|p1a: Killer Queen|spa|1\n|\n|-heal|p2a: Driping|46\/100 psn|[from] item: Leftovers\n|-damage|p2a: Driping|33\/100 psn|[from] psn\n|upkeep\n|turn|19\n|\n|t:|1698081427\n|move|p2a: Driping|Sucker Punch|p1a: Killer Queen\n|-resisted|p1a: Killer Queen\n|-damage|p1a: Killer Queen|0 fnt\n|faint|p1a: Killer Queen\n|\n|-heal|p2a: Driping|39\/100 psn|[from] item: Leftovers\n|-damage|p2a: Driping|27\/100 psn|[from] psn\n|upkeep\n|\n|t:|1698081438\n|switch|p1a: Bicycle Race|Flamigo, M|100\/100\n|turn|20\n|\n|t:|1698081442\n|move|p1a: Bicycle Race|U-turn|p2a: Driping\n|-supereffective|p2a: Driping\n|-damage|p2a: Driping|0 fnt\n|faint|p2a: Driping\n|\n|t:|1698081446\n|switch|p1a: Freddie|Toxtricity, M|100\/100|[from] U-turn\n|\n|upkeep\n|\n|t:|1698081450\n|switch|p2a: Rhianna|Milotic, M, shiny|12\/100 psn\n|turn|21\n|\n|t:|1698081455\n|move|p2a: Rhianna|Ice Beam|p1a: Freddie\n|-damage|p1a: Freddie|65\/100\n|move|p1a: Freddie|Metronome|p1a: Freddie\n|move|p1a: Freddie|Crunch|p2a: Rhianna|[from]move: Metronome\n|-damage|p2a: Rhianna|0 fnt\n|faint|p2a: Rhianna\n|\n|win|wuu489\n","uploadtime":1698081468,"views":4,"p1id":"wuu489","p2id":"hjvrejkq","formatid":"gen9anythinggoes","rating":0,"private":0,"password":""}