{"id":"gen9anythinggoes-1982632851","p1":"joseiturribarria","p2":"Hbnick","format":"[Gen 9] Anything Goes","log":"|j|\u2606joseiturribarria\n|j|\u2606Hbnick\n|t:|1699031404\n|gametype|singles\n|player|p1|joseiturribarria|acetrainer-gen4dp|1253\n|player|p2|Hbnick|infielder|1175\n|teamsize|p1|6\n|teamsize|p2|6\n|gen|9\n|tier|[Gen 9] Anything Goes\n|rated|\n|rule|HP Percentage Mod: HP is shown in percentages\n|rule|Endless Battle Clause: Forcing endless battles is banned\n|clearpoke\n|poke|p1|Volcarona, F|\n|poke|p1|Garganacl, M|\n|poke|p1|Maushold-Four|\n|poke|p1|Cloyster, F|\n|poke|p1|Scovillain, M|\n|poke|p1|Espathra, F|\n|poke|p2|Tropius, F|\n|poke|p2|Spidops, F|\n|poke|p2|Gogoat, M|\n|poke|p2|Sandaconda, M|\n|poke|p2|Oinkologne, M|\n|poke|p2|Ditto|\n|teampreview\n|inactive|Battle timer is ON: inactive players will automatically lose when time's up. (requested by Hbnick)\n|\n|t:|1699031418\n|start\n|switch|p1a: Volcarona|Volcarona, F, shiny|100\/100\n|switch|p2a: Spidops|Spidops, F|100\/100\n|turn|1\n|\n|t:|1699031425\n|move|p1a: Volcarona|Fiery Dance|p2a: Spidops\n|-supereffective|p2a: Spidops\n|-damage|p2a: Spidops|16\/100\n|-enditem|p2a: Spidops|Red Card|[of] p1a: Volcarona\n|drag|p1a: Garganacl|Garganacl, M, shiny|100\/100\n|move|p2a: Spidops|Sticky Web|p1a: Garganacl\n|-sidestart|p1: joseiturribarria|move: Sticky Web\n|\n|upkeep\n|turn|2\n|\n|t:|1699031435\n|move|p1a: Garganacl|Salt Cure|p2a: Spidops\n|-supereffective|p2a: Spidops\n|-damage|p2a: Spidops|0 fnt\n|faint|p2a: Spidops\n|\n|upkeep\n|\n|t:|1699031440\n|switch|p2a: Gogoat|Gogoat, M|100\/100\n|turn|3\n|\n|t:|1699031445\n|-terastallize|p1a: Garganacl|Grass\n|move|p2a: Gogoat|Leech Seed|p1a: Garganacl\n|-immune|p1a: Garganacl\n|move|p1a: Garganacl|Curse|p1a: Garganacl\n|-unboost|p1a: Garganacl|spe|1\n|-boost|p1a: Garganacl|atk|1\n|-boost|p1a: Garganacl|def|1\n|\n|upkeep\n|turn|4\n|\n|t:|1699031458\n|switch|p2a: Oinkologne|Oinkologne, M|100\/100\n|move|p1a: Garganacl|Curse|p1a: Garganacl\n|-unboost|p1a: Garganacl|spe|1\n|-boost|p1a: Garganacl|atk|1\n|-boost|p1a: Garganacl|def|1\n|\n|upkeep\n|turn|5\n|\n|t:|1699031467\n|move|p2a: Oinkologne|Stuff Cheeks|p2a: Oinkologne\n|-boost|p2a: Oinkologne|def|2\n|-enditem|p2a: Oinkologne|Salac Berry|[eat]\n|-boost|p2a: Oinkologne|spe|1|[from] item: Salac Berry\n|move|p1a: Garganacl|Salt Cure|p2a: Oinkologne\n|-damage|p2a: Oinkologne|87\/100\n|-start|p2a: Oinkologne|Salt Cure\n|\n|-damage|p2a: Oinkologne|75\/100|[from] Salt Cure\n|upkeep\n|turn|6\n|\n|t:|1699031477\n|switch|p1a: Scovillain|Scovillain, M, shiny|100\/100\n|-activate|p1a: Scovillain|move: Sticky Web\n|-unboost|p1a: Scovillain|spe|1\n|move|p2a: Oinkologne|Thief|p1a: Scovillain\n|-damage|p1a: Scovillain|80\/100\n|-enditem|p1a: Scovillain|Leftovers|[silent]|[from] move: Thief|[of] p2a: Oinkologne\n|-item|p2a: Oinkologne|Leftovers|[from] move: Thief|[of] p1a: Scovillain\n|\n|-heal|p2a: Oinkologne|81\/100|[from] item: Leftovers\n|-damage|p2a: Oinkologne|68\/100|[from] Salt Cure\n|-ability|p1a: Scovillain|Moody|boost\n|-boost|p1a: Scovillain|spd|2\n|-unboost|p1a: Scovillain|spe|1\n|upkeep\n|turn|7\n|\n|t:|1699031491\n|move|p2a: Oinkologne|Body Press|p1a: Scovillain\n|-damage|p1a: Scovillain|19\/100\n|move|p1a: Scovillain|Burning Jealousy|p2a: Oinkologne\n|-damage|p2a: Oinkologne|53\/100\n|\n|-heal|p2a: Oinkologne|59\/100|[from] item: Leftovers\n|-damage|p2a: Oinkologne|46\/100|[from] Salt Cure\n|-ability|p1a: Scovillain|Moody|boost\n|-boost|p1a: Scovillain|spa|2\n|-unboost|p1a: Scovillain|spe|1\n|upkeep\n|turn|8\n|\n|t:|1699031503\n|move|p2a: Oinkologne|Body Press|p1a: Scovillain\n|-damage|p1a: Scovillain|0 fnt\n|faint|p1a: Scovillain\n|\n|-heal|p2a: Oinkologne|52\/100|[from] item: Leftovers\n|-damage|p2a: Oinkologne|40\/100|[from] Salt Cure\n|upkeep\n|\n|t:|1699031510\n|switch|p1a: Maushold|Maushold-Four, shiny|100\/100\n|-activate|p1a: Maushold|move: Sticky Web\n|-unboost|p1a: Maushold|spe|1\n|turn|9\n|\n|t:|1699031515\n|move|p2a: Oinkologne|Body Press|p1a: Maushold\n|-supereffective|p1a: Maushold\n|-damage|p1a: Maushold|0 fnt\n|faint|p1a: Maushold\n|\n|-heal|p2a: Oinkologne|46\/100|[from] item: Leftovers\n|-damage|p2a: Oinkologne|33\/100|[from] Salt Cure\n|upkeep\n|\n|t:|1699031524\n|switch|p1a: Espathra|Espathra, F, shiny|100\/100\n|-activate|p1a: Espathra|move: Sticky Web\n|-unboost|p1a: Espathra|spe|1\n|turn|10\n|\n|t:|1699031529\n|move|p1a: Espathra|Protect|p1a: Espathra\n|-singleturn|p1a: Espathra|Protect\n|move|p2a: Oinkologne|Thief|p1a: Espathra\n|-activate|p1a: Espathra|move: Protect\n|\n|-heal|p2a: Oinkologne|40\/100|[from] item: Leftovers\n|-damage|p2a: Oinkologne|27\/100|[from] Salt Cure\n|-ability|p1a: Espathra|Speed Boost|boost\n|-boost|p1a: Espathra|spe|1\n|upkeep\n|turn|11\n|\n|t:|1699031538\n|move|p2a: Oinkologne|Play Rough|p1a: Espathra\n|-damage|p1a: Espathra|81\/100\n|move|p1a: Espathra|Calm Mind|p1a: Espathra\n|-boost|p1a: Espathra|spa|1\n|-boost|p1a: Espathra|spd|1\n|\n|-heal|p2a: Oinkologne|33\/100|[from] item: Leftovers\n|-heal|p1a: Espathra|87\/100|[from] item: Leftovers\n|-damage|p2a: Oinkologne|21\/100|[from] Salt Cure\n|-ability|p1a: Espathra|Speed Boost|boost\n|-boost|p1a: Espathra|spe|1\n|upkeep\n|turn|12\n|\n|t:|1699031548\n|move|p2a: Oinkologne|Thief|p1a: Espathra\n|-supereffective|p1a: Espathra\n|-damage|p1a: Espathra|59\/100\n|move|p1a: Espathra|Calm Mind|p1a: Espathra\n|-boost|p1a: Espathra|spa|1\n|-boost|p1a: Espathra|spd|1\n|\n|-heal|p2a: Oinkologne|27\/100|[from] item: Leftovers\n|-heal|p1a: Espathra|65\/100|[from] item: Leftovers\n|-damage|p2a: Oinkologne|14\/100|[from] Salt Cure\n|-ability|p1a: Espathra|Speed Boost|boost\n|-boost|p1a: Espathra|spe|1\n|upkeep\n|turn|13\n|\n|t:|1699031558\n|move|p1a: Espathra|Protect|p1a: Espathra\n|-singleturn|p1a: Espathra|Protect\n|move|p2a: Oinkologne|Body Press|p1a: Espathra\n|-activate|p1a: Espathra|move: Protect\n|\n|-heal|p1a: Espathra|72\/100|[from] item: Leftovers\n|-heal|p2a: Oinkologne|20\/100|[from] item: Leftovers\n|-damage|p2a: Oinkologne|8\/100|[from] Salt Cure\n|-ability|p1a: Espathra|Speed Boost|boost\n|-boost|p1a: Espathra|spe|1\n|upkeep\n|turn|14\n|\n|t:|1699031568\n|move|p1a: Espathra|Calm Mind|p1a: Espathra\n|-boost|p1a: Espathra|spa|1\n|-boost|p1a: Espathra|spd|1\n|move|p2a: Oinkologne|Body Press|p1a: Espathra\n|-resisted|p1a: Espathra\n|-damage|p1a: Espathra|55\/100\n|\n|-heal|p1a: Espathra|61\/100|[from] item: Leftovers\n|-heal|p2a: Oinkologne|14\/100|[from] item: Leftovers\n|-damage|p2a: Oinkologne|2\/100|[from] Salt Cure\n|-ability|p1a: Espathra|Speed Boost|boost\n|-boost|p1a: Espathra|spe|1\n|upkeep\n|turn|15\n|\n|t:|1699031581\n|move|p1a: Espathra|Calm Mind|p1a: Espathra\n|-boost|p1a: Espathra|spa|1\n|-boost|p1a: Espathra|spd|1\n|move|p2a: Oinkologne|Thief|p1a: Espathra\n|-supereffective|p1a: Espathra\n|-damage|p1a: Espathra|36\/100\n|\n|-heal|p1a: Espathra|42\/100|[from] item: Leftovers\n|-heal|p2a: Oinkologne|8\/100|[from] item: Leftovers\n|-damage|p2a: Oinkologne|0 fnt|[from] Salt Cure\n|faint|p2a: Oinkologne\n|-ability|p1a: Espathra|Speed Boost|boost\n|-boost|p1a: Espathra|spe|1\n|upkeep\n|\n|t:|1699031585\n|switch|p2a: Gogoat|Gogoat, M|100\/100\n|turn|16\n|\n|t:|1699031593\n|move|p1a: Espathra|Protect|p1a: Espathra\n|-singleturn|p1a: Espathra|Protect\n|move|p2a: Gogoat|Leech Seed|p1a: Espathra\n|-activate|p1a: Espathra|move: Protect\n|\n|-heal|p1a: Espathra|48\/100|[from] item: Leftovers\n|-ability|p1a: Espathra|Speed Boost|boost\n|-boost|p1a: Espathra|spe|1\n|upkeep\n|turn|17\n|\n|t:|1699031601\n|move|p1a: Espathra|Stored Power|p2a: Gogoat\n|-damage|p2a: Gogoat|0 fnt\n|faint|p2a: Gogoat\n|\n|-heal|p1a: Espathra|55\/100|[from] item: Leftovers\n|upkeep\n|\n|t:|1699031605\n|switch|p2a: Ditto|Ditto|100\/100\n|-transform|p2a: Ditto|p1a: Espathra|[from] ability: Imposter\n|turn|18\n|\n|t:|1699031610\n|move|p2a: Ditto|Stored Power|p1a: Espathra\n|-resisted|p1a: Espathra\n|-damage|p1a: Espathra|0 fnt\n|faint|p1a: Espathra\n|\n|upkeep\n|\n|t:|1699031619\n|switch|p1a: Volcarona|Volcarona, F, shiny|100\/100\n|-activate|p1a: Volcarona|move: Sticky Web\n|-unboost|p1a: Volcarona|spe|1\n|turn|19\n|\n|t:|1699031628\n|move|p2a: Ditto|Stored Power|p1a: Volcarona\n|-damage|p1a: Volcarona|0 fnt\n|faint|p1a: Volcarona\n|\n|upkeep\n|c|\u2606joseiturribarria|THAT'S CHEATING\n|c|\u2606Hbnick|Be careful of ditto\n|n|!joseiturribarria|joseiturribarria\n|c|\u2606Hbnick|Your op Pok\u00e9mon is mine now\n|inactive|joseiturribarria has 120 seconds left.\n|-message|joseiturribarria forfeited.\n|\n|win|Hbnick\n|raw|joseiturribarria's rating: 1253 &rarr; <strong>1222<\/strong><br \/>(-31 for losing)\n|raw|Hbnick's rating: 1175 &rarr; <strong>1206<\/strong><br \/>(+31 for winning)\n|l|!joseiturribarria\n","uploadtime":1699031663,"views":9,"p1id":"joseiturribarria","p2id":"hbnick","formatid":"gen9anythinggoes","rating":1206,"private":0,"password":""}