{"id":"gen9anythinggoes-1990840525","p1":"the folley trolley","p2":"HansIsHere","format":"[Gen 9] Anything Goes","log":"|j|\u2606the folley trolley\n|j|\u2606HansIsHere\n|t:|1700006356\n|gametype|singles\n|player|p1|the folley trolley|2|1117\n|player|p2|HansIsHere|1|1203\n|teamsize|p1|6\n|teamsize|p2|6\n|gen|9\n|tier|[Gen 9] Anything Goes\n|rated|\n|rule|HP Percentage Mod: HP is shown in percentages\n|rule|Endless Battle Clause: Forcing endless battles is banned\n|clearpoke\n|poke|p1|Annihilape, F|\n|poke|p1|Jirachi|\n|poke|p1|Goodra, F|\n|poke|p1|Luvdisc, M|\n|poke|p1|Clefable, M|\n|poke|p1|Armarouge, M|\n|poke|p2|Baxcalibur, F|\n|poke|p2|Froslass, F|\n|poke|p2|Regieleki|\n|poke|p2|Eiscue, M|\n|poke|p2|Moltres|\n|poke|p2|Snorlax, F|\n|teampreview\n|\n|t:|1700006364\n|start\n|switch|p1a: Monday|Annihilape, F, shiny|100\/100\n|switch|p2a: Angujn|Eiscue, M|100\/100\n|turn|1\n|\n|t:|1700006377\n|-terastallize|p2a: Angujn|Ghost\n|move|p1a: Monday|Final Gambit|p2a: Angujn\n|-immune|p2a: Angujn\n|move|p2a: Angujn|Rain Dance|p2a: Angujn\n|-weather|RainDance\n|\n|-weather|RainDance|[upkeep]\n|upkeep\n|turn|2\n|\n|t:|1700006396\n|switch|p1a: Thursday|Luvdisc, M, shiny|100\/100\n|move|p2a: Angujn|Surf|p1a: Thursday\n|-resisted|p1a: Thursday\n|-damage|p1a: Thursday|84\/100\n|\n|-weather|RainDance|[upkeep]\n|-heal|p1a: Thursday|90\/100|[from] item: Leftovers\n|upkeep\n|turn|3\n|\n|t:|1700006420\n|switch|p2a: Fat boi|Snorlax, F|100\/100\n|move|p1a: Thursday|Surf|p2a: Fat boi\n|-damage|p2a: Fat boi|89\/100\n|\n|-weather|RainDance|[upkeep]\n|-heal|p1a: Thursday|96\/100|[from] item: Leftovers\n|upkeep\n|turn|4\n|\n|t:|1700006430\n|move|p1a: Thursday|Flip Turn|p2a: Fat boi\n|-damage|p2a: Fat boi|80\/100\n|\n|t:|1700006434\n|switch|p1a: Monday|Annihilape, F, shiny|100\/100|[from] Flip Turn\n|move|p2a: Fat boi|Thunder|p1a: Monday\n|-damage|p1a: Monday|84\/100\n|-status|p1a: Monday|par\n|\n|-weather|RainDance|[upkeep]\n|upkeep\n|turn|5\n|\n|t:|1700006450\n|move|p1a: Monday|Rage Fist|p2a: Fat boi\n|-immune|p2a: Fat boi\n|move|p2a: Fat boi|Gunk Shot|p1a: Monday\n|-resisted|p1a: Monday\n|-damage|p1a: Monday|63\/100 par\n|\n|-weather|none\n|upkeep\n|turn|6\n|c|\u2606the folley trolley|There goes my read\n|\n|t:|1700006465\n|switch|p1a: Tuesday|Jirachi, shiny|100\/100\n|move|p2a: Fat boi|Thunder|p1a: Tuesday\n|-damage|p1a: Tuesday|82\/100\n|\n|upkeep\n|turn|7\n|\n|t:|1700006473\n|move|p1a: Tuesday|Iron Head|p2a: Fat boi\n|-damage|p2a: Fat boi|55\/100\n|move|p2a: Fat boi|Blizzard|p1a: Tuesday\n|-resisted|p1a: Tuesday\n|-damage|p1a: Tuesday|72\/100\n|\n|upkeep\n|turn|8\n|\n|t:|1700006483\n|move|p1a: Tuesday|Iron Head|p2a: Fat boi\n|-damage|p2a: Fat boi|28\/100\n|cant|p2a: Fat boi|flinch\n|\n|upkeep\n|turn|9\n|\n|t:|1700006495\n|move|p1a: Tuesday|Iron Head|p2a: Fat boi\n|-damage|p2a: Fat boi|0 fnt\n|faint|p2a: Fat boi\n|\n|upkeep\n|\n|t:|1700006511\n|switch|p2a: Witch|Froslass, F|100\/100\n|turn|10\n|\n|t:|1700006518\n|move|p1a: Tuesday|Iron Head|p2a: Witch\n|-supereffective|p2a: Witch\n|-damage|p2a: Witch|19\/100\n|cant|p2a: Witch|flinch\n|\n|upkeep\n|turn|11\n|\n|t:|1700006527\n|move|p1a: Tuesday|Iron Head|p2a: Witch\n|-supereffective|p2a: Witch\n|-damage|p2a: Witch|0 fnt\n|faint|p2a: Witch\n|\n|upkeep\n|\n|t:|1700006533\n|switch|p2a: Godzilla|Baxcalibur, F|100\/100\n|turn|12\n|\n|t:|1700006541\n|move|p1a: Tuesday|Iron Head|p2a: Godzilla\n|-supereffective|p2a: Godzilla\n|-damage|p2a: Godzilla|34\/100\n|move|p2a: Godzilla|Crunch|p1a: Tuesday\n|-supereffective|p1a: Tuesday\n|-damage|p1a: Tuesday|9\/100\n|\n|upkeep\n|turn|13\n|\n|t:|1700006570\n|switch|p2a: Angujn|Eiscue, M, tera:Ghost|100\/100\n|move|p1a: Tuesday|Iron Head|p2a: Angujn\n|-activate|p2a: Angujn|ability: Ice Face\n|-damage|p2a: Angujn|100\/100\n|detailschange|p2a: Angujn|Eiscue-Noice, M, tera:Ghost\n|\n|upkeep\n|turn|14\n|\n|t:|1700006581\n|move|p1a: Tuesday|Iron Head|p2a: Angujn\n|-damage|p2a: Angujn|61\/100\n|cant|p2a: Angujn|flinch\n|\n|-heal|p2a: Angujn|68\/100|[from] item: Leftovers\n|upkeep\n|turn|15\n|\n|t:|1700006588\n|move|p1a: Tuesday|Iron Head|p2a: Angujn\n|-damage|p2a: Angujn|30\/100\n|cant|p2a: Angujn|flinch\n|\n|-heal|p2a: Angujn|36\/100|[from] item: Leftovers\n|upkeep\n|turn|16\n|\n|t:|1700006596\n|move|p1a: Tuesday|Iron Head|p2a: Angujn\n|-damage|p2a: Angujn|0 fnt\n|faint|p2a: Angujn\n|\n|upkeep\n|\n|t:|1700006600\n|switch|p2a: Boombastic|Regieleki|100\/100\n|-item|p2a: Boombastic|Air Balloon\n|turn|17\n|\n|t:|1700006606\n|switch|p1a: Wednesday|Goodra, F, shiny|100\/100\n|move|p2a: Boombastic|Extreme Speed|p1a: Wednesday\n|-damage|p1a: Wednesday|76\/100\n|-ability|p1a: Wednesday|Gooey\n|-unboost|p2a: Boombastic|spe|1\n|\n|upkeep\n|turn|18\n|\n|t:|1700006619\n|move|p2a: Boombastic|Thunder|p1a: Wednesday|[miss]\n|-miss|p2a: Boombastic|p1a: Wednesday\n|move|p1a: Wednesday|Dragon Pulse|p2a: Boombastic\n|-damage|p2a: Boombastic|8\/100\n|-enditem|p2a: Boombastic|Air Balloon\n|\n|upkeep\n|turn|19\n|\n|t:|1700006627\n|move|p2a: Boombastic|Explosion|p1a: Wednesday\n|-damage|p1a: Wednesday|0 fnt\n|faint|p2a: Boombastic\n|faint|p1a: Wednesday\n|\n|upkeep\n|\n|t:|1700006641\n|switch|p2a: Bird|Moltres|100\/100\n|switch|p1a: Friday|Clefable, M, shiny|100\/100\n|turn|20\n|\n|t:|1700006649\n|move|p2a: Bird|U-turn|p1a: Friday\n|-resisted|p1a: Friday\n|-damage|p1a: Friday|93\/100\n|\n|t:|1700006653\n|switch|p2a: Godzilla|Baxcalibur, F|34\/100|[from] U-turn\n|move|p1a: Friday|Cosmic Power|p1a: Friday\n|-boost|p1a: Friday|def|1\n|-boost|p1a: Friday|spd|1\n|\n|-heal|p1a: Friday|99\/100|[from] item: Leftovers\n|upkeep\n|turn|21\n|\n|t:|1700006666\n|move|p2a: Godzilla|Blizzard|p1a: Friday\n|-damage|p1a: Friday|82\/100\n|move|p1a: Friday|Cosmic Power|p1a: Friday\n|-boost|p1a: Friday|def|1\n|-boost|p1a: Friday|spd|1\n|\n|-heal|p1a: Friday|88\/100|[from] item: Leftovers\n|upkeep\n|turn|22\n|\n|t:|1700006672\n|move|p2a: Godzilla|Crunch|p1a: Friday\n|-resisted|p1a: Friday\n|-damage|p1a: Friday|82\/100\n|move|p1a: Friday|Baton Pass|p1a: Friday\n|\n|t:|1700006676\n|switch|p1a: Saturday|Armarouge, M, shiny|100\/100|[from] Baton Pass\n|\n|upkeep\n|turn|23\n|\n|t:|1700006687\n|move|p2a: Godzilla|Blizzard|p1a: Saturday\n|-resisted|p1a: Saturday\n|-damage|p1a: Saturday|90\/100\n|-status|p1a: Saturday|frz\n|cant|p1a: Saturday|frz\n|\n|upkeep\n|turn|24\n|c|\u2606the folley trolley|BRO\n|\n|t:|1700006702\n|move|p2a: Godzilla|Draco Meteor|p1a: Saturday\n|-damage|p1a: Saturday|64\/100 frz\n|-unboost|p2a: Godzilla|spa|2\n|cant|p1a: Saturday|frz\n|\n|upkeep\n|turn|25\n|\n|t:|1700006709\n|move|p2a: Godzilla|Draco Meteor|p1a: Saturday|[miss]\n|-miss|p2a: Godzilla|p1a: Saturday\n|cant|p1a: Saturday|frz\n|\n|upkeep\n|turn|26\n|\n|t:|1700006721\n|move|p2a: Godzilla|Aqua Tail|p1a: Saturday|[miss]\n|-miss|p2a: Godzilla|p1a: Saturday\n|cant|p1a: Saturday|frz\n|\n|upkeep\n|turn|27\n|\n|t:|1700006726\n|move|p2a: Godzilla|Aqua Tail|p1a: Saturday\n|-supereffective|p1a: Saturday\n|-damage|p1a: Saturday|29\/100 frz\n|-ability|p1a: Saturday|Weak Armor|boost\n|-unboost|p1a: Saturday|def|1\n|-boost|p1a: Saturday|spe|2\n|-enditem|p1a: Saturday|Weakness Policy\n|-boost|p1a: Saturday|atk|2|[from] item: Weakness Policy\n|-boost|p1a: Saturday|spa|2|[from] item: Weakness Policy\n|cant|p1a: Saturday|frz\n|\n|upkeep\n|turn|28\n|c|\u2606the folley trolley|THAW NOW\n|\n|t:|1700006741\n|cant|p1a: Saturday|frz\n|move|p2a: Godzilla|Aqua Tail|p1a: Saturday\n|-supereffective|p1a: Saturday\n|-damage|p1a: Saturday|0 fnt\n|faint|p1a: Saturday\n|\n|upkeep\n|c|\u2606the folley trolley|F*CKING STUPID ARMAROUGE\n|c|\u2606HansIsHere|Lol\n|c|\u2606the folley trolley|Lol\n|c|\u2606HansIsHere|Your still gonna win tho\n|c|\u2606the folley trolley|Went crazy\n|\n|t:|1700006781\n|switch|p1a: Tuesday|Jirachi, shiny|9\/100\n|turn|29\n|\n|t:|1700006792\n|move|p1a: Tuesday|Zen Headbutt|p2a: Godzilla\n|-damage|p2a: Godzilla|0 fnt\n|faint|p2a: Godzilla\n|\n|upkeep\n|\n|t:|1700006795\n|switch|p2a: Bird|Moltres|100\/100\n|turn|30\n|\n|t:|1700006798\n|move|p1a: Tuesday|Zen Headbutt|p2a: Bird\n|-damage|p2a: Bird|58\/100\n|move|p2a: Bird|Flame Charge|p1a: Tuesday\n|-supereffective|p1a: Tuesday\n|-damage|p1a: Tuesday|0 fnt\n|-boost|p2a: Bird|spe|1\n|faint|p1a: Tuesday\n|\n|upkeep\n|\n|t:|1700006805\n|switch|p1a: Thursday|Luvdisc, M, shiny|96\/100\n|turn|31\n|\n|t:|1700006817\n|move|p2a: Bird|Hurricane|p1a: Thursday\n|-damage|p1a: Thursday|18\/100\n|-start|p1a: Thursday|confusion\n|-activate|p1a: Thursday|confusion\n|move|p1a: Thursday|Surf|p2a: Bird\n|-supereffective|p2a: Bird\n|-damage|p2a: Bird|28\/100\n|\n|-heal|p1a: Thursday|24\/100|[from] item: Leftovers\n|upkeep\n|turn|32\n|\n|t:|1700006828\n|move|p2a: Bird|Facade|p1a: Thursday\n|-damage|p1a: Thursday|0 fnt\n|faint|p1a: Thursday\n|\n|upkeep\n|\n|t:|1700006832\n|switch|p1a: Monday|Annihilape, F, shiny|63\/100 par\n|turn|33\n|\n|t:|1700006837\n|move|p2a: Bird|Facade|p1a: Monday\n|-immune|p1a: Monday\n|cant|p1a: Monday|par\n|\n|upkeep\n|turn|34\n|\n|t:|1700006844\n|move|p2a: Bird|Hurricane|p1a: Monday|[miss]\n|-miss|p2a: Bird|p1a: Monday\n|move|p1a: Monday|Rage Fist|p2a: Bird\n|-damage|p2a: Bird|0 fnt\n|faint|p2a: Bird\n|\n|win|the folley trolley\n|raw|the folley trolley's rating: 1117 &rarr; <strong>1148<\/strong><br \/>(+31 for winning)\n|raw|HansIsHere's rating: 1203 &rarr; <strong>1172<\/strong><br \/>(-31 for losing)\n","uploadtime":1700006759,"views":4,"p1id":"thefolleytrolley","p2id":"hansishere","formatid":"gen9anythinggoes","rating":1148,"private":0,"password":""}