{"id":"gen9anythinggoes-1972291260","p1":"JPSylvy","p2":"firapla","format":"[Gen 9] Anything Goes","log":"|j|\u2606JPSylvy\n|j|\u2606firapla\n|t:|1697828523\n|gametype|singles\n|player|p1|JPSylvy|iris-gen5bw2|\n|player|p2|firapla|misty|\n|teamsize|p1|6\n|teamsize|p2|6\n|gen|9\n|tier|[Gen 9] Anything Goes\n|rule|HP Percentage Mod: HP is shown in percentages\n|rule|Endless Battle Clause: Forcing endless battles is banned\n|clearpoke\n|poke|p1|Ninetales-Alola, F|\n|poke|p1|Cetitan, F|\n|poke|p1|Azelf|\n|poke|p1|Tornadus-Therian, M|\n|poke|p1|Volcanion|\n|poke|p1|Iron Thorns|\n|poke|p2|Iron Moth|\n|poke|p2|Diancie|\n|poke|p2|Jolteon, F|\n|poke|p2|Heracross, M|\n|poke|p2|Forretress, M|\n|poke|p2|Thundurus-Therian, M|\n|teampreview\n|\n|t:|1697828545\n|start\n|switch|p1a: Azelf|Azelf|100\/100\n|switch|p2a: Diancie|Diancie|100\/100\n|turn|1\n|\n|t:|1697828552\n|move|p1a: Azelf|Taunt|p2a: Diancie\n|-start|p2a: Diancie|move: Taunt\n|cant|p2a: Diancie|move: Taunt|Stealth Rock\n|\n|upkeep\n|turn|2\n|\n|t:|1697828560\n|move|p1a: Azelf|Stealth Rock|p2a: Diancie\n|-sidestart|p2: firapla|move: Stealth Rock\n|move|p2a: Diancie|Diamond Storm|p1a: Azelf\n|-damage|p1a: Azelf|20\/100\n|-boost|p2a: Diancie|def|2\n|\n|upkeep\n|turn|3\n|\n|t:|1697828572\n|move|p1a: Azelf|Explosion|p2a: Diancie\n|-resisted|p2a: Diancie\n|-damage|p2a: Diancie|86\/100\n|faint|p1a: Azelf\n|move|p2a: Diancie|Diamond Storm|p1: Azelf|[notarget]\n|-fail|p2a: Diancie\n|\n|-heal|p2a: Diancie|93\/100|[from] item: Leftovers\n|-end|p2a: Diancie|move: Taunt\n|upkeep\n|\n|t:|1697828608\n|switch|p1a: Volcanion|Volcanion|100\/100\n|turn|4\n|\n|t:|1697828657\n|move|p1a: Volcanion|Steam Eruption|p2a: Diancie\n|-supereffective|p2a: Diancie\n|-damage|p2a: Diancie|0 fnt\n|faint|p2a: Diancie\n|\n|upkeep\n|\n|t:|1697828662\n|switch|p2a: Forretress|Forretress, M|100\/100\n|-damage|p2a: Forretress|88\/100|[from] Stealth Rock\n|turn|5\n|\n|t:|1697828671\n|move|p1a: Volcanion|Steam Eruption|p2a: Forretress\n|-damage|p2a: Forretress|0 fnt\n|faint|p2a: Forretress\n|\n|upkeep\n|\n|t:|1697828676\n|switch|p2a: Jolteon|Jolteon, F|100\/100\n|-damage|p2a: Jolteon|88\/100|[from] Stealth Rock\n|turn|6\n|\n|t:|1697828686\n|switch|p1a: Iron Thorns|Iron Thorns|100\/100\n|move|p2a: Jolteon|Thunderbolt|p1a: Iron Thorns\n|-resisted|p1a: Iron Thorns\n|-damage|p1a: Iron Thorns|69\/100\n|-damage|p2a: Jolteon|78\/100|[from] item: Life Orb\n|\n|-heal|p1a: Iron Thorns|75\/100|[from] item: Leftovers\n|upkeep\n|turn|7\n|\n|t:|1697828699\n|move|p2a: Jolteon|Volt Switch|p1a: Iron Thorns\n|-resisted|p1a: Iron Thorns\n|-damage|p1a: Iron Thorns|50\/100\n|-damage|p2a: Jolteon|68\/100|[from] item: Life Orb\n|\n|t:|1697828705\n|switch|p2a: Thundurus|Thundurus-Therian, M|100\/100|[from] Volt Switch\n|-damage|p2a: Thundurus|76\/100|[from] Stealth Rock\n|move|p1a: Iron Thorns|Dragon Dance|p1a: Iron Thorns\n|-boost|p1a: Iron Thorns|atk|1\n|-boost|p1a: Iron Thorns|spe|1\n|\n|-heal|p1a: Iron Thorns|56\/100|[from] item: Leftovers\n|upkeep\n|turn|8\n|\n|t:|1697828734\n|move|p2a: Thundurus|Flash Cannon|p1a: Iron Thorns\n|-damage|p1a: Iron Thorns|20\/100\n|move|p1a: Iron Thorns|Rock Blast|p2a: Thundurus\n|-supereffective|p2a: Thundurus\n|-damage|p2a: Thundurus|20\/100\n|-supereffective|p2a: Thundurus\n|-damage|p2a: Thundurus|0 fnt\n|faint|p2a: Thundurus\n|-hitcount|p2: Thundurus|2\n|\n|-heal|p1a: Iron Thorns|27\/100|[from] item: Leftovers\n|upkeep\n|\n|t:|1697828752\n|switch|p2a: Heracross|Heracross, M|100\/100\n|-damage|p2a: Heracross|88\/100|[from] Stealth Rock\n|turn|9\n|\n|t:|1697828774\n|move|p1a: Iron Thorns|Rock Blast|p2a: Heracross\n|-damage|p2a: Heracross|60\/100\n|-damage|p2a: Heracross|29\/100\n|-hitcount|p2a: Heracross|2\n|move|p2a: Heracross|Close Combat|p1a: Iron Thorns\n|-supereffective|p1a: Iron Thorns\n|-damage|p1a: Iron Thorns|0 fnt\n|-unboost|p2a: Heracross|def|1\n|-unboost|p2a: Heracross|spd|1\n|faint|p1a: Iron Thorns\n|-end|p1a: Iron Thorns|Quark Drive|[silent]\n|\n|-status|p2a: Heracross|brn|[from] item: Flame Orb\n|upkeep\n|\n|t:|1697828788\n|switch|p1a: Tornadus|Tornadus-Therian, M|100\/100\n|turn|10\n|\n|t:|1697828799\n|move|p1a: Tornadus|U-turn|p2a: Heracross\n|-resisted|p2a: Heracross\n|-damage|p2a: Heracross|13\/100 brn\n|\n|t:|1697828807\n|switch|p1a: Ninetales|Ninetales-Alola, F|100\/100|[from] U-turn\n|-weather|Snow|[from] ability: Snow Warning|[of] p1a: Ninetales\n|move|p2a: Heracross|Facade|p1a: Ninetales\n|-damage|p1a: Ninetales|43\/100\n|\n|-weather|Snow|[upkeep]\n|-damage|p2a: Heracross|7\/100 brn|[from] brn\n|upkeep\n|turn|11\n|\n|t:|1697828818\n|move|p1a: Ninetales|Aurora Veil|p1a: Ninetales\n|-sidestart|p1: JPSylvy|move: Aurora Veil\n|move|p2a: Heracross|Close Combat|p1a: Ninetales\n|-damage|p1a: Ninetales|4\/100\n|-unboost|p2a: Heracross|def|1\n|-unboost|p2a: Heracross|spd|1\n|\n|-weather|Snow|[upkeep]\n|-damage|p2a: Heracross|1\/100 brn|[from] brn\n|upkeep\n|turn|12\n|\n|t:|1697828828\n|move|p1a: Ninetales|Moonblast|p2a: Heracross\n|-supereffective|p2a: Heracross\n|-damage|p2a: Heracross|0 fnt\n|faint|p2a: Heracross\n|\n|-weather|Snow|[upkeep]\n|upkeep\n|\n|t:|1697828834\n|switch|p2a: Jolteon|Jolteon, F|68\/100\n|-damage|p2a: Jolteon|56\/100|[from] Stealth Rock\n|turn|13\n|\n|t:|1697828843\n|-terastallize|p2a: Jolteon|Ice\n|move|p2a: Jolteon|Calm Mind|p2a: Jolteon\n|-boost|p2a: Jolteon|spa|1\n|-boost|p2a: Jolteon|spd|1\n|move|p1a: Ninetales|Moonblast|p2a: Jolteon\n|-damage|p2a: Jolteon|31\/100\n|\n|-weather|Snow|[upkeep]\n|upkeep\n|turn|14\n|\n|t:|1697828853\n|move|p2a: Jolteon|Thunderbolt|p1a: Ninetales\n|-damage|p1a: Ninetales|0 fnt\n|faint|p1a: Ninetales\n|-damage|p2a: Jolteon|22\/100|[from] item: Life Orb\n|\n|-weather|none\n|upkeep\n|\n|t:|1697828865\n|switch|p1a: Cetitan|Cetitan, F|100\/100\n|turn|15\n|\n|t:|1697828880\n|move|p2a: Jolteon|Tera Blast|p1a: Cetitan|[anim] Tera Blast Ice\n|-resisted|p1a: Cetitan\n|-damage|p1a: Cetitan|81\/100\n|-damage|p2a: Jolteon|12\/100|[from] item: Life Orb\n|move|p1a: Cetitan|Earthquake|p2a: Jolteon\n|-damage|p2a: Jolteon|0 fnt\n|faint|p2a: Jolteon\n|\n|upkeep\n|\n|t:|1697828889\n|switch|p2a: Iron Moth|Iron Moth|100\/100\n|-damage|p2a: Iron Moth|76\/100|[from] Stealth Rock\n|turn|16\n|\n|t:|1697828906\n|-terastallize|p1a: Cetitan|Fairy\n|move|p2a: Iron Moth|Sludge Wave|p1a: Cetitan\n|-supereffective|p1a: Cetitan\n|-damage|p1a: Cetitan|0 fnt\n|faint|p1a: Cetitan\n|\n|upkeep\n|\n|t:|1697828918\n|switch|p1a: Tornadus|Tornadus-Therian, M|100\/100\n|turn|17\n|\n|t:|1697828922\n|move|p1a: Tornadus|Knock Off|p2a: Iron Moth\n|-damage|p2a: Iron Moth|41\/100\n|-enditem|p2a: Iron Moth|Choice Specs|[from] move: Knock Off|[of] p1a: Tornadus\n|move|p2a: Iron Moth|Sludge Wave|p1a: Tornadus\n|-damage|p1a: Tornadus|79\/100\n|\n|upkeep\n|turn|18\n|\n|t:|1697828929\n|move|p1a: Tornadus|Bleakwind Storm|p2a: Iron Moth\n|-damage|p2a: Iron Moth|0 fnt\n|faint|p2a: Iron Moth\n|-end|p2a: Iron Moth|Quark Drive|[silent]\n|\n|win|JPSylvy\n|l|\u2606firapla\n","uploadtime":1697828936,"views":17,"p1id":"jpsylvy","p2id":"firapla","formatid":"gen9anythinggoes","rating":0,"private":0,"password":""}