{"id":"gen9anythinggoes-1985911784","p1":"Trainer RJ","p2":"Ecco4502","format":"[Gen 9] Anything Goes","log":"|j|\u2606Trainer RJ\n|j|\u2606Ecco4502\n|t:|1699421452\n|gametype|singles\n|player|p1|Trainer RJ|pokemonranger-gen4|1152\n|player|p2|Ecco4502|hilbert|1142\n|teamsize|p1|6\n|teamsize|p2|6\n|gen|9\n|tier|[Gen 9] Anything Goes\n|rated|\n|rule|HP Percentage Mod: HP is shown in percentages\n|rule|Endless Battle Clause: Forcing endless battles is banned\n|clearpoke\n|poke|p1|Dragapult, M|\n|poke|p1|Corviknight, M|\n|poke|p1|Ceruledge, M|\n|poke|p1|Regieleki|\n|poke|p1|Iron Valiant|\n|poke|p1|Hatterene, F|\n|poke|p2|Noctowl, M|\n|poke|p2|Flareon, M|\n|poke|p2|Gogoat, M|\n|poke|p2|Milotic, F|\n|poke|p2|Furret, F|\n|poke|p2|Ninetales-Alola, M|\n|teampreview\n|\n|t:|1699421461\n|start\n|switch|p1a: Regieleki|Regieleki|100\/100\n|switch|p2a: Gaebora|Noctowl, M, shiny|100\/100\n|turn|1\n|\n|t:|1699421470\n|switch|p2a: Ziege|Gogoat, M, shiny|100\/100\n|move|p1a: Regieleki|Thunderbolt|p2a: Ziege\n|-resisted|p2a: Ziege\n|-damage|p2a: Ziege|77\/100\n|\n|upkeep\n|turn|2\n|\n|t:|1699421483\n|move|p1a: Regieleki|Thunderbolt|p2a: Ziege\n|-resisted|p2a: Ziege\n|-damage|p2a: Ziege|52\/100\n|move|p2a: Ziege|Bulk Up|p2a: Ziege\n|-boost|p2a: Ziege|atk|1\n|-boost|p2a: Ziege|def|1\n|\n|upkeep\n|turn|3\n|\n|t:|1699421493\n|move|p1a: Regieleki|Thunderbolt|p2a: Ziege\n|-resisted|p2a: Ziege\n|-damage|p2a: Ziege|30\/100\n|move|p2a: Ziege|Milk Drink|p2a: Ziege\n|-heal|p2a: Ziege|80\/100\n|\n|upkeep\n|turn|4\n|\n|t:|1699421500\n|move|p1a: Regieleki|Thunderbolt|p2a: Ziege\n|-resisted|p2a: Ziege\n|-damage|p2a: Ziege|58\/100\n|move|p2a: Ziege|Bulk Up|p2a: Ziege\n|-boost|p2a: Ziege|atk|1\n|-boost|p2a: Ziege|def|1\n|\n|upkeep\n|turn|5\n|\n|t:|1699421508\n|switch|p1a: Sir Galahad|Corviknight, M|100\/100\n|-ability|p1a: Sir Galahad|Pressure\n|move|p2a: Ziege|Milk Drink|p2a: Ziege\n|-heal|p2a: Ziege|100\/100\n|\n|upkeep\n|turn|6\n|\n|t:|1699421518\n|move|p2a: Ziege|Rock Slide|p1a: Sir Galahad\n|-damage|p1a: Sir Galahad|72\/100\n|cant|p1a: Sir Galahad|flinch\n|\n|upkeep\n|turn|7\n|\n|t:|1699421528\n|move|p2a: Ziege|Rock Slide|p1a: Sir Galahad\n|-damage|p1a: Sir Galahad|41\/100\n|move|p1a: Sir Galahad|Drill Peck|p2a: Ziege\n|-supereffective|p2a: Ziege\n|-damage|p2a: Ziege|60\/100\n|-enditem|p2a: Ziege|Weakness Policy\n|-boost|p2a: Ziege|atk|2|[from] item: Weakness Policy\n|-boost|p2a: Ziege|spa|2|[from] item: Weakness Policy\n|\n|upkeep\n|turn|8\n|\n|t:|1699421537\n|move|p2a: Ziege|Rock Slide|p1a: Sir Galahad\n|-damage|p1a: Sir Galahad|0 fnt\n|faint|p1a: Sir Galahad\n|\n|upkeep\n|\n|t:|1699421543\n|switch|p1a: Ceruledge|Ceruledge, M|100\/100\n|turn|9\n|\n|t:|1699421552\n|-terastallize|p2a: Ziege|Fire\n|move|p1a: Ceruledge|Swords Dance|p1a: Ceruledge\n|-boost|p1a: Ceruledge|atk|2\n|move|p2a: Ziege|Rock Slide|p1a: Ceruledge\n|-supereffective|p1a: Ceruledge\n|-damage|p1a: Ceruledge|0 fnt\n|faint|p1a: Ceruledge\n|\n|upkeep\n|\n|t:|1699421567\n|switch|p1a: Iron Valiant|Iron Valiant|100\/100\n|-enditem|p1a: Iron Valiant|Booster Energy\n|-activate|p1a: Iron Valiant|ability: Quark Drive|[fromitem]\n|-start|p1a: Iron Valiant|quarkdrivespe\n|turn|10\n|\n|t:|1699421576\n|move|p1a: Iron Valiant|Knock Off|p2a: Ziege\n|-damage|p2a: Ziege|46\/100\n|move|p2a: Ziege|Horn Leech|p1a: Iron Valiant\n|-damage|p1a: Iron Valiant|2\/100\n|-heal|p2a: Ziege|78\/100|[from] drain|[of] p1a: Iron Valiant\n|\n|upkeep\n|turn|11\n|\n|t:|1699421584\n|move|p1a: Iron Valiant|Drain Punch|p2a: Ziege\n|-damage|p2a: Ziege|55\/100\n|-heal|p1a: Iron Valiant|20\/100|[from] drain|[of] p2a: Ziege\n|move|p2a: Ziege|Horn Leech|p1a: Iron Valiant\n|-damage|p1a: Iron Valiant|0 fnt\n|-heal|p2a: Ziege|62\/100|[from] drain|[of] p1a: Iron Valiant\n|faint|p1a: Iron Valiant\n|-end|p1a: Iron Valiant|Quark Drive|[silent]\n|\n|upkeep\n|-message|Trainer RJ forfeited.\n|\n|win|Ecco4502\n|raw|Trainer RJ's rating: 1152 &rarr; <strong>1126<\/strong><br \/>(-26 for losing)\n|raw|Ecco4502's rating: 1142 &rarr; <strong>1168<\/strong><br \/>(+26 for winning)\n|l|\u2606Trainer RJ\n","uploadtime":1699421599,"views":6,"p1id":"trainerrj","p2id":"ecco4502","formatid":"gen9anythinggoes","rating":1126,"private":0,"password":""}