{"id":"gen9anythinggoes-1987651952","p1":"SilverSlime","p2":"ExplodingKirb","format":"[Gen 9] Anything Goes","log":"|j|\u2606SilverSlime\n|j|\u2606ExplodingKirb\n|t:|1699624161\n|gametype|singles\n|player|p1|SilverSlime|larry|\n|player|p2|ExplodingKirb|riley|\n|teamsize|p1|6\n|teamsize|p2|6\n|gen|9\n|tier|[Gen 9] Anything Goes\n|rule|HP Percentage Mod: HP is shown in percentages\n|rule|Endless Battle Clause: Forcing endless battles is banned\n|clearpoke\n|poke|p1|Orthworm, M|\n|poke|p1|Oricorio-Pom-Pom, F|\n|poke|p1|Ursaluna-Bloodmoon, M|\n|poke|p1|Grimmsnarl, M|\n|poke|p1|Kommo-o, F|\n|poke|p1|Annihilape, F|\n|poke|p2|Ogerpon-Hearthflame, F|\n|poke|p2|Staraptor, M|\n|poke|p2|Kommo-o, F|\n|poke|p2|Clefable, M|\n|poke|p2|Kingambit, M|\n|poke|p2|Mamoswine, M|\n|teampreview\n|inactive|Battle timer is ON: inactive players will automatically lose when time's up. (requested by SilverSlime)\n|\n|t:|1699624172\n|start\n|switch|p1a: Orthworm|Orthworm, M|100\/100\n|switch|p2a: Ogerpon|Ogerpon-Hearthflame, F|100\/100\n|-ability|p2a: Ogerpon|Mold Breaker\n|turn|1\n|\n|t:|1699624179\n|move|p2a: Ogerpon|Trailblaze|p1a: Orthworm\n|-resisted|p1a: Orthworm\n|-damage|p1a: Orthworm|92\/100\n|-boost|p2a: Ogerpon|spe|1\n|move|p1a: Orthworm|Shed Tail|p1a: Orthworm\n|-start|p1a: Orthworm|Substitute|[from] move: Shed Tail\n|-damage|p1a: Orthworm|42\/100\n|-enditem|p1a: Orthworm|Sitrus Berry|[eat]\n|-heal|p1a: Orthworm|67\/100|[from] item: Sitrus Berry\n|c|\u2606ExplodingKirb|wait im dumb\n|\n|t:|1699624202\n|switch|p1a: Ursaluna|Ursaluna-Bloodmoon, M|100\/100|[from] Shed Tail\n|\n|upkeep\n|turn|2\n|\n|t:|1699624209\n|-terastallize|p1a: Ursaluna|Normal\n|move|p2a: Ogerpon|Trailblaze|p1a: Ursaluna\n|-activate|p1a: Ursaluna|move: Substitute|[damage]\n|-boost|p2a: Ogerpon|spe|1\n|move|p1a: Ursaluna|Blood Moon|p2a: Ogerpon\n|-crit|p2a: Ogerpon\n|-damage|p2a: Ogerpon|0 fnt\n|faint|p2a: Ogerpon\n|\n|upkeep\n|\n|t:|1699624222\n|switch|p2a: Staraptor|Staraptor, M|100\/100\n|turn|3\n|c|\u2606SilverSlime|I have to admit that was quite dumb\n|c|\u2606ExplodingKirb|i had taunt\n|\n|t:|1699624239\n|move|p2a: Staraptor|Close Combat|p1a: Ursaluna\n|-supereffective|p1a: Ursaluna\n|-end|p1a: Ursaluna|Substitute\n|-unboost|p2a: Staraptor|def|1\n|-unboost|p2a: Staraptor|spd|1\n|move|p1a: Ursaluna|Hyper Voice|p2a: Staraptor\n|-damage|p2a: Staraptor|0 fnt\n|faint|p2a: Staraptor\n|\n|upkeep\n|c|\u2606SilverSlime|ouch\n|\n|t:|1699624255\n|switch|p2a: Kommo-o|Kommo-o, F|100\/100\n|turn|4\n|\n|t:|1699624260\n|-terastallize|p2a: Kommo-o|Steel\n|move|p1a: Ursaluna|Blood Moon|p2a: Kommo-o\n|-resisted|p2a: Kommo-o\n|-damage|p2a: Kommo-o|49\/100\n|move|p2a: Kommo-o|Iron Defense|p2a: Kommo-o\n|-boost|p2a: Kommo-o|def|2\n|\n|upkeep\n|turn|5\n|\n|t:|1699624265\n|move|p1a: Ursaluna|Earth Power|p2a: Kommo-o\n|-supereffective|p2a: Kommo-o\n|-damage|p2a: Kommo-o|0 fnt\n|faint|p2a: Kommo-o\n|\n|upkeep\n|\n|t:|1699624269\n|switch|p2a: Mamoswine|Mamoswine, M|100\/100\n|turn|6\n|c|\u2606SilverSlime|Timid let's goo\n|\n|t:|1699624278\n|move|p2a: Mamoswine|Earthquake|p1a: Ursaluna\n|-damage|p1a: Ursaluna|55\/100\n|move|p1a: Ursaluna|Blood Moon|p2a: Mamoswine\n|-damage|p2a: Mamoswine|13\/100\n|\n|-heal|p1a: Ursaluna|61\/100|[from] item: Leftovers\n|upkeep\n|turn|7\n|\n|t:|1699624282\n|move|p2a: Mamoswine|Earthquake|p1a: Ursaluna\n|-damage|p1a: Ursaluna|13\/100\n|move|p1a: Ursaluna|Moonlight|p1a: Ursaluna\n|-heal|p1a: Ursaluna|63\/100\n|\n|-heal|p1a: Ursaluna|69\/100|[from] item: Leftovers\n|upkeep\n|turn|8\n|\n|t:|1699624287\n|switch|p1a: Orthworm|Orthworm, M|67\/100\n|move|p2a: Mamoswine|Earthquake|p1a: Orthworm\n|-heal|p1a: Orthworm|92\/100|[from] ability: Earth Eater|[of] p2a: Mamoswine\n|\n|upkeep\n|turn|9\n|c|\u2606SilverSlime|Thanks\n|c|\u2606SilverSlime|:)\n|c|\u2606ExplodingKirb|can i just forfit\n|-message|ExplodingKirb forfeited.\n|\n|win|SilverSlime\n|c|\u2606SilverSlime|lol\n|c|\u2606SilverSlime|GG\n","uploadtime":1699624311,"views":34,"p1id":"silverslime","p2id":"explodingkirb","formatid":"gen9anythinggoes","rating":0,"private":0,"password":""}