{"id":"gen9anythinggoes-1993642251","p1":"Rowan_Rocket","p2":"Hulkfu","format":"[Gen 9] Anything Goes","log":"|j|\u2606Rowan_Rocket\n|j|\u2606Hulkfu\n|t:|1700340680\n|gametype|singles\n|player|p1|Rowan_Rocket|rocketgruntf|1072\n|player|p2|Hulkfu|2|1015\n|teamsize|p1|6\n|teamsize|p2|6\n|gen|9\n|tier|[Gen 9] Anything Goes\n|rated|\n|rule|HP Percentage Mod: HP is shown in percentages\n|rule|Endless Battle Clause: Forcing endless battles is banned\n|clearpoke\n|poke|p1|Ninetales-Alola, F|\n|poke|p1|Cetitan, M|\n|poke|p1|Avalugg-Hisui, F|\n|poke|p1|Eiscue, F|\n|poke|p1|Sandslash-Alola, M|\n|poke|p1|Frosmoth, M|\n|poke|p2|Toxapex, M|\n|poke|p2|Clefable, F|\n|poke|p2|Annihilape, M|\n|poke|p2|Garchomp, M|\n|poke|p2|Haxorus, F|\n|poke|p2|Walking Wake|\n|teampreview\n|\n|t:|1700340688\n|start\n|switch|p1a: Ninetales|Ninetales-Alola, F|100\/100\n|switch|p2a: Clefable|Clefable, F|100\/100\n|-weather|Snow|[from] ability: Snow Warning|[of] p1a: Ninetales\n|turn|1\n|inactive|Battle timer is ON: inactive players will automatically lose when time's up. (requested by Hulkfu)\n|\n|t:|1700340704\n|switch|p1a: Cetitan|Cetitan, M|100\/100\n|move|p2a: Clefable|Light Screen|p2a: Clefable\n|-sidestart|p2: Hulkfu|move: Light Screen\n|\n|-weather|Snow|[upkeep]\n|upkeep\n|turn|2\n|\n|t:|1700340711\n|move|p2a: Clefable|Reflect|p2a: Clefable\n|-sidestart|p2: Hulkfu|Reflect\n|move|p1a: Cetitan|Heavy Slam|p2a: Clefable\n|-supereffective|p2a: Clefable\n|-damage|p2a: Clefable|62\/100\n|\n|-weather|Snow|[upkeep]\n|-heal|p2a: Clefable|68\/100|[from] item: Leftovers\n|upkeep\n|turn|3\n|\n|t:|1700340723\n|move|p2a: Clefable|Draining Kiss|p1a: Cetitan\n|-damage|p1a: Cetitan|94\/100\n|-heal|p2a: Clefable|75\/100|[from] drain|[of] p1a: Cetitan\n|move|p1a: Cetitan|Knock Off|p2a: Clefable\n|-resisted|p2a: Clefable\n|-damage|p2a: Clefable|67\/100\n|-enditem|p2a: Clefable|Leftovers|[from] move: Knock Off|[of] p1a: Cetitan\n|\n|-weather|Snow|[upkeep]\n|upkeep\n|turn|4\n|\n|t:|1700340733\n|move|p2a: Clefable|Draining Kiss|p1a: Cetitan\n|-damage|p1a: Cetitan|86\/100\n|-heal|p2a: Clefable|75\/100|[from] drain|[of] p1a: Cetitan\n|move|p1a: Cetitan|Heavy Slam|p2a: Clefable\n|-supereffective|p2a: Clefable\n|-damage|p2a: Clefable|32\/100\n|\n|-weather|Snow|[upkeep]\n|upkeep\n|turn|5\n|\n|t:|1700340743\n|move|p2a: Clefable|Draining Kiss|p1a: Cetitan\n|-crit|p1a: Cetitan\n|-damage|p1a: Cetitan|76\/100\n|-heal|p2a: Clefable|43\/100|[from] drain|[of] p1a: Cetitan\n|move|p1a: Cetitan|Heavy Slam|p2a: Clefable\n|-supereffective|p2a: Clefable\n|-damage|p2a: Clefable|3\/100\n|\n|-weather|Snow|[upkeep]\n|-sideend|p2: Hulkfu|move: Light Screen\n|upkeep\n|turn|6\n|\n|t:|1700340754\n|move|p1a: Cetitan|Ice Shard|p2a: Clefable\n|-damage|p2a: Clefable|0 fnt\n|faint|p2a: Clefable\n|\n|-weather|Snow|[upkeep]\n|-sideend|p2: Hulkfu|Reflect\n|upkeep\n|\n|t:|1700340762\n|switch|p2a: Annihilape|Annihilape, M|100\/100\n|turn|7\n|\n|t:|1700340779\n|move|p2a: Annihilape|Cross Chop|p1a: Cetitan\n|-supereffective|p1a: Cetitan\n|-damage|p1a: Cetitan|0 fnt\n|faint|p1a: Cetitan\n|\n|-weather|Snow|[upkeep]\n|upkeep\n|\n|t:|1700340786\n|switch|p1a: Eiscue|Eiscue, F|100\/100\n|turn|8\n|\n|t:|1700340791\n|move|p2a: Annihilape|Rage Fist|p1a: Eiscue\n|-activate|p1a: Eiscue|ability: Ice Face\n|-damage|p1a: Eiscue|100\/100\n|detailschange|p1a: Eiscue|Eiscue-Noice, F\n|move|p1a: Eiscue|Belly Drum|p1a: Eiscue\n|-damage|p1a: Eiscue|51\/100\n|-setboost|p1a: Eiscue|atk|6|[from] move: Belly Drum\n|\n|-weather|none\n|upkeep\n|turn|9\n|\n|t:|1700340804\n|move|p1a: Eiscue|Icicle Spear|p2a: Annihilape\n|-damage|p2a: Annihilape|60\/100\n|-damage|p2a: Annihilape|22\/100\n|-damage|p2a: Annihilape|0 fnt\n|faint|p2a: Annihilape\n|-hitcount|p2: Annihilape|3\n|\n|upkeep\n|\n|t:|1700340816\n|switch|p2a: Garchomp|Garchomp, M|100\/100\n|turn|10\n|\n|t:|1700340820\n|move|p1a: Eiscue|Icicle Spear|p2a: Garchomp\n|-supereffective|p2a: Garchomp\n|-damage|p2a: Garchomp|0 fnt\n|faint|p2a: Garchomp\n|-hitcount|p2: Garchomp|1\n|\n|upkeep\n|\n|t:|1700340826\n|switch|p2a: Walking Wake|Walking Wake|100\/100\n|turn|11\n|\n|t:|1700340849\n|move|p1a: Eiscue|Icicle Spear|p2a: Walking Wake\n|-damage|p2a: Walking Wake|65\/100\n|-damage|p2a: Walking Wake|31\/100\n|-crit|p2a: Walking Wake\n|-damage|p2a: Walking Wake|0 fnt\n|faint|p2a: Walking Wake\n|-end|p2a: Walking Wake|Protosynthesis|[silent]\n|-hitcount|p2: Walking Wake|3\n|\n|upkeep\n|\n|t:|1700340857\n|switch|p2a: Toxapex|Toxapex, M|100\/100\n|turn|12\n|\n|t:|1700340868\n|move|p2a: Toxapex|Baneful Bunker|p2a: Toxapex\n|-singleturn|p2a: Toxapex|move: Protect\n|move|p1a: Eiscue|Icicle Spear|p2a: Toxapex\n|-activate|p2a: Toxapex|move: Protect\n|\n|upkeep\n|turn|13\n|\n|t:|1700340877\n|move|p1a: Eiscue|Flip Turn|p2a: Toxapex\n|-resisted|p2a: Toxapex\n|-damage|p2a: Toxapex|75\/100\n|-damage|p1a: Eiscue|34\/100|[from] item: Rocky Helmet|[of] p2a: Toxapex\n|\n|t:|1700340883\n|switch|p1a: Ninetales|Ninetales-Alola, F|100\/100|[from] Flip Turn\n|-weather|Snow|[from] ability: Snow Warning|[of] p1a: Ninetales\n|move|p2a: Toxapex|Iron Defense|p2a: Toxapex\n|-boost|p2a: Toxapex|def|2\n|\n|-weather|Snow|[upkeep]\n|upkeep\n|turn|14\n|\n|t:|1700340892\n|move|p1a: Ninetales|Freeze-Dry|p2a: Toxapex\n|-supereffective|p2a: Toxapex\n|-damage|p2a: Toxapex|20\/100\n|move|p2a: Toxapex|Toxic|p1a: Ninetales\n|-status|p1a: Ninetales|tox\n|\n|-weather|Snow|[upkeep]\n|-damage|p1a: Ninetales|95\/100 tox|[from] psn\n|upkeep\n|turn|15\n|\n|t:|1700340903\n|move|p2a: Toxapex|Baneful Bunker|p2a: Toxapex\n|-singleturn|p2a: Toxapex|move: Protect\n|move|p1a: Ninetales|Freeze-Dry|p2a: Toxapex\n|-activate|p2a: Toxapex|move: Protect\n|\n|-weather|Snow|[upkeep]\n|-damage|p1a: Ninetales|83\/100 tox|[from] psn\n|upkeep\n|turn|16\n|\n|t:|1700340915\n|switch|p2a: Haxorus|Haxorus, F|100\/100\n|-ability|p2a: Haxorus|Mold Breaker\n|move|p1a: Ninetales|Freeze-Dry|p2a: Haxorus\n|-supereffective|p2a: Haxorus\n|-crit|p2a: Haxorus\n|-damage|p2a: Haxorus|0 fnt\n|faint|p2a: Haxorus\n|\n|-weather|Snow|[upkeep]\n|-damage|p1a: Ninetales|65\/100 tox|[from] psn\n|upkeep\n|c|\u2606Hulkfu|Gg\n|inactive|Hulkfu has 120 seconds left.\n|\n|t:|1700340946\n|switch|p2a: Toxapex|Toxapex, M|20\/100\n|turn|17\n|\n|t:|1700340949\n|move|p2a: Toxapex|Baneful Bunker|p2a: Toxapex\n|-singleturn|p2a: Toxapex|move: Protect\n|move|p1a: Ninetales|Freeze-Dry|p2a: Toxapex\n|-activate|p2a: Toxapex|move: Protect\n|\n|-weather|Snow|[upkeep]\n|-damage|p1a: Ninetales|41\/100 tox|[from] psn\n|upkeep\n|turn|18\n|\n|t:|1700340961\n|move|p1a: Ninetales|Freeze-Dry|p2a: Toxapex\n|-supereffective|p2a: Toxapex\n|-damage|p2a: Toxapex|0 fnt\n|faint|p2a: Toxapex\n|\n|win|Rowan_Rocket\n|raw|Rowan_Rocket's rating: 1072 &rarr; <strong>1096<\/strong><br \/>(+24 for winning)\n|raw|Hulkfu's rating: 1015 &rarr; <strong>1005<\/strong><br \/>(-10 for losing)\n|c|\u2606Hulkfu|Gg\n","uploadtime":1700341014,"views":2,"p1id":"rowanrocket","p2id":"hulkfu","formatid":"gen9anythinggoes","rating":1005,"private":0,"password":""}