{"id":"gen9anythinggoes-1992097591","p1":"Mr.tagme","p2":"Pokemogo888777","format":"[Gen 9] Anything Goes","log":"|j|\u2606Mr.tagme\n|j|\u2606Pokemogo888777\n|t:|1700154874\n|gametype|singles\n|player|p1|Mr.tagme|101|1099\n|player|p2|Pokemogo888777|170|1054\n|teamsize|p1|6\n|teamsize|p2|6\n|gen|9\n|tier|[Gen 9] Anything Goes\n|rated|\n|rule|HP Percentage Mod: HP is shown in percentages\n|rule|Endless Battle Clause: Forcing endless battles is banned\n|clearpoke\n|poke|p1|Cinderace, M|\n|poke|p1|Calyrex-Ice|\n|poke|p1|Krookodile, M|\n|poke|p1|Snorlax, M|\n|poke|p1|Breloom, F|\n|poke|p1|Gliscor, F|\n|poke|p2|Rayquaza|\n|poke|p2|Giratina-Origin|\n|poke|p2|Calyrex-Shadow|\n|poke|p2|Kyogre|\n|poke|p2|Koraidon|\n|poke|p2|Mewtwo|\n|teampreview\n|\n|t:|1700154879\n|start\n|switch|p1a: Breloom|Breloom, F|100\/100\n|switch|p2a: Calyrex|Calyrex-Shadow|100\/100\n|-ability|p2a: Calyrex|As One\n|-ability|p2a: Calyrex|Unnerve\n|turn|1\n|\n|t:|1700154893\n|move|p2a: Calyrex|Astral Barrage|p1a: Breloom\n|-damage|p1a: Breloom|0 fnt\n|faint|p1a: Breloom\n|-ability|p2a: Calyrex|Grim Neigh|boost\n|-boost|p2a: Calyrex|spa|1\n|\n|upkeep\n|\n|t:|1700154908\n|switch|p1a: Krookodile|Krookodile, M|100\/100\n|turn|2\n|\n|t:|1700154914\n|switch|p2a: Koraidon|Koraidon|100\/100\n|-weather|SunnyDay|[from] ability: Orichalcum Pulse|[of] p2a: Koraidon\n|-activate|p2a: Koraidon|Orichalcum Pulse|[source]\n|move|p1a: Krookodile|Crunch|p2a: Koraidon\n|-resisted|p2a: Koraidon\n|-damage|p2a: Koraidon|84\/100\n|\n|-weather|SunnyDay|[upkeep]\n|-heal|p2a: Koraidon|90\/100|[from] item: Leftovers\n|upkeep\n|turn|3\n|\n|t:|1700154926\n|-terastallize|p2a: Koraidon|Fighting\n|move|p2a: Koraidon|Collision Course|p1a: Krookodile\n|-supereffective|p1a: Krookodile\n|-crit|p1a: Krookodile\n|-damage|p1a: Krookodile|0 fnt\n|-damage|p2a: Koraidon|74\/100|[from] item: Rocky Helmet|[of] p1a: Krookodile\n|faint|p1a: Krookodile\n|\n|-weather|SunnyDay|[upkeep]\n|-heal|p2a: Koraidon|80\/100|[from] item: Leftovers\n|upkeep\n|\n|t:|1700154932\n|switch|p1a: Gliscor|Gliscor, F|100\/100\n|turn|4\n|\n|t:|1700154938\n|move|p1a: Gliscor|Swords Dance|p1a: Gliscor\n|-boost|p1a: Gliscor|atk|2\n|move|p2a: Koraidon|Counter||[still]\n|-fail|p2a: Koraidon\n|\n|-weather|SunnyDay|[upkeep]\n|-heal|p2a: Koraidon|86\/100|[from] item: Leftovers\n|-status|p1a: Gliscor|tox|[from] item: Toxic Orb\n|upkeep\n|turn|5\n|\n|t:|1700154941\n|move|p1a: Gliscor|Knock Off|p2a: Koraidon\n|-resisted|p2a: Koraidon\n|-damage|p2a: Koraidon|70\/100\n|-enditem|p2a: Koraidon|Leftovers|[from] move: Knock Off|[of] p1a: Gliscor\n|move|p2a: Koraidon|Counter|p1a: Gliscor\n|-damage|p1a: Gliscor|63\/100 tox\n|\n|-weather|SunnyDay|[upkeep]\n|-heal|p1a: Gliscor|75\/100 tox|[from] ability: Poison Heal\n|upkeep\n|turn|6\n|\n|t:|1700154951\n|move|p1a: Gliscor|Swords Dance|p1a: Gliscor\n|-boost|p1a: Gliscor|atk|2\n|move|p2a: Koraidon|Counter||[still]\n|-fail|p2a: Koraidon\n|\n|-weather|none\n|-heal|p1a: Gliscor|88\/100 tox|[from] ability: Poison Heal\n|upkeep\n|turn|7\n|\n|t:|1700154954\n|move|p1a: Gliscor|Swords Dance|p1a: Gliscor\n|-boost|p1a: Gliscor|atk|2\n|move|p2a: Koraidon|Dragon Tail|p1a: Gliscor\n|-damage|p1a: Gliscor|63\/100 tox\n|drag|p1a: Calyrex|Calyrex-Ice|100\/100\n|-ability|p1a: Calyrex|As One\n|-ability|p1a: Calyrex|Unnerve\n|\n|upkeep\n|turn|8\n|\n|t:|1700154963\n|move|p1a: Calyrex|Future Sight|p2a: Koraidon\n|-start|p1a: Calyrex|move: Future Sight\n|move|p2a: Koraidon|Counter||[still]\n|-fail|p2a: Koraidon\n|\n|upkeep\n|turn|9\n|\n|t:|1700154969\n|move|p2a: Koraidon|Collision Course|p1a: Calyrex\n|-damage|p1a: Calyrex|63\/100\n|move|p1a: Calyrex|Snowscape|p1a: Calyrex\n|-weather|Snow\n|\n|-weather|Snow|[upkeep]\n|upkeep\n|turn|10\n|\n|t:|1700154978\n|-terastallize|p1a: Calyrex|Ice\n|move|p1a: Calyrex|Glacial Lance|p2a: Koraidon\n|-damage|p2a: Koraidon|0 fnt\n|faint|p2a: Koraidon\n|-ability|p1a: Calyrex|Chilling Neigh|boost\n|-boost|p1a: Calyrex|atk|1\n|\n|-weather|Snow|[upkeep]\n|-hint|Future Sight did not hit because the target is fainted.\n|upkeep\n|\n|t:|1700154980\n|switch|p2a: Rayquaza|Rayquaza|100\/100\n|-ability|p2a: Rayquaza|Air Lock\n|turn|11\n|\n|t:|1700154991\n|move|p2a: Rayquaza|Extreme Speed|p1a: Calyrex\n|-damage|p1a: Calyrex|38\/100\n|-damage|p2a: Rayquaza|91\/100|[from] item: Life Orb\n|move|p1a: Calyrex|Glacial Lance|p2a: Rayquaza\n|-supereffective|p2a: Rayquaza\n|-damage|p2a: Rayquaza|0 fnt\n|faint|p2a: Rayquaza\n|-ability|p1a: Calyrex|Chilling Neigh|boost\n|-boost|p1a: Calyrex|atk|1\n|\n|-weather|Snow|[upkeep]\n|upkeep\n|\n|t:|1700154995\n|switch|p2a: Calyrex|Calyrex-Shadow|100\/100\n|-ability|p2a: Calyrex|As One\n|-ability|p2a: Calyrex|Unnerve\n|turn|12\n|\n|t:|1700155007\n|move|p2a: Calyrex|Haze|p2a: Calyrex\n|-clearallboost\n|move|p1a: Calyrex|Glacial Lance|p2a: Calyrex\n|-crit|p2a: Calyrex\n|-damage|p2a: Calyrex|0 fnt\n|faint|p2a: Calyrex\n|-ability|p1a: Calyrex|Chilling Neigh|boost\n|-boost|p1a: Calyrex|atk|1\n|\n|-weather|Snow|[upkeep]\n|upkeep\n|\n|t:|1700155010\n|switch|p2a: Mewtwo|Mewtwo|100\/100\n|-ability|p2a: Mewtwo|Pressure\n|turn|13\n|\n|t:|1700155021\n|move|p2a: Mewtwo|Confuse Ray|p1a: Calyrex\n|-start|p1a: Calyrex|confusion\n|-activate|p1a: Calyrex|confusion\n|move|p1a: Calyrex|Glacial Lance|p2a: Mewtwo\n|-damage|p2a: Mewtwo|0 fnt\n|faint|p2a: Mewtwo\n|-ability|p1a: Calyrex|Chilling Neigh|boost\n|-boost|p1a: Calyrex|atk|1\n|\n|-weather|none\n|upkeep\n|\n|t:|1700155027\n|switch|p2a: Kyogre|Kyogre|100\/100\n|-weather|RainDance|[from] ability: Drizzle|[of] p2a: Kyogre\n|turn|14\n|\n|t:|1700155039\n|move|p2a: Kyogre|Hyper Beam|p1a: Calyrex\n|-damage|p1a: Calyrex|12\/100\n|-mustrecharge|p2a: Kyogre\n|-activate|p1a: Calyrex|confusion\n|move|p1a: Calyrex|Glacial Lance|p2a: Kyogre\n|-resisted|p2a: Kyogre\n|-damage|p2a: Kyogre|8\/100\n|\n|-weather|RainDance|[upkeep]\n|upkeep\n|turn|15\n|\n|t:|1700155049\n|cant|p2a: Kyogre|recharge\n|-end|p1a: Calyrex|confusion\n|move|p1a: Calyrex|Glacial Lance|p2a: Kyogre\n|-resisted|p2a: Kyogre\n|-damage|p2a: Kyogre|0 fnt\n|faint|p2a: Kyogre\n|-ability|p1a: Calyrex|Chilling Neigh|boost\n|-boost|p1a: Calyrex|atk|1\n|\n|-weather|RainDance|[upkeep]\n|upkeep\n|\n|t:|1700155051\n|switch|p2a: Giratina|Giratina-Origin|100\/100\n|turn|16\n|\n|t:|1700155063\n|move|p2a: Giratina|Dual Wingbeat|p1a: Calyrex\n|-damage|p1a: Calyrex|6\/100\n|-damage|p1a: Calyrex|1\/100\n|-hitcount|p1a: Calyrex|2\n|move|p1a: Calyrex|Glacial Lance|p2a: Giratina\n|-supereffective|p2a: Giratina\n|-damage|p2a: Giratina|0 fnt\n|faint|p2a: Giratina\n|\n|win|Mr.tagme\n|raw|Mr.tagme's rating: 1099 &rarr; <strong>1121<\/strong><br \/>(+22 for winning)\n|raw|Pokemogo888777's rating: 1054 &rarr; <strong>1038<\/strong><br \/>(-16 for losing)\n|l|\u2606Pokemogo888777\n","uploadtime":1700155077,"views":9,"p1id":"mrtagme","p2id":"pokemogo888777","formatid":"gen9anythinggoes","rating":1038,"private":0,"password":""}