{"id":"gen9anythinggoes-1976593703","p1":"yo_joni","p2":"JayoticNL","format":"[Gen 9] Anything Goes","log":"|j|\u2606yo_joni\n|j|\u2606JayoticNL\n|t:|1698325403\n|gametype|singles\n|player|p1|yo_joni|1|1182\n|player|p2|JayoticNL|emmet|1165\n|teamsize|p1|6\n|teamsize|p2|6\n|gen|9\n|tier|[Gen 9] Anything Goes\n|rated|\n|rule|HP Percentage Mod: HP is shown in percentages\n|rule|Endless Battle Clause: Forcing endless battles is banned\n|clearpoke\n|poke|p1|Toxapex, F|\n|poke|p1|Magearna|\n|poke|p1|Gardevoir, F|\n|poke|p1|Vaporeon, F|\n|poke|p1|Meowscarada, F|\n|poke|p1|Salazzle, F|\n|poke|p2|Ditto|\n|poke|p2|Ditto|\n|poke|p2|Ditto|\n|poke|p2|Ditto|\n|poke|p2|Ditto|\n|poke|p2|Ditto|\n|teampreview\n|c|\u2606yo_joni|you cant win\n|\n|t:|1698325412\n|start\n|switch|p1a: weed furry waifu|Meowscarada, F|100\/100\n|switch|p2a: Ditto|Ditto|100\/100\n|-transform|p2a: Ditto|p1a: weed furry waifu|[from] ability: Imposter\n|turn|1\n|c|\u2606yo_joni|i have no atacks\n|\n|t:|1698325422\n|move|p2a: Ditto|Toxic Spikes|p1a: weed furry waifu\n|-start|p2a: Ditto|typechange|Poison|[from] ability: Protean\n|-sidestart|p1: yo_joni|move: Toxic Spikes\n|move|p1a: weed furry waifu|Toxic Spikes|p2a: Ditto\n|-start|p1a: weed furry waifu|typechange|Poison|[from] ability: Protean\n|-sidestart|p2: JayoticNL|move: Toxic Spikes\n|\n|upkeep\n|turn|2\n|\n|t:|1698325430\n|move|p2a: Ditto|Toxic Spikes|p1a: weed furry waifu\n|-sidestart|p1: yo_joni|move: Toxic Spikes\n|move|p1a: weed furry waifu|Leech Seed|p2a: Ditto\n|-start|p2a: Ditto|move: Leech Seed\n|\n|-damage|p2a: Ditto|88\/100|[from] Leech Seed|[of] p1a: weed furry waifu\n|upkeep\n|turn|3\n|\n|t:|1698325435\n|move|p2a: Ditto|Toxic Spikes||[still]\n|-fail|p2a: Ditto\n|move|p1a: weed furry waifu|Double Team|p1a: weed furry waifu\n|-boost|p1a: weed furry waifu|evasion|1\n|\n|-damage|p2a: Ditto|76\/100|[from] Leech Seed|[of] p1a: weed furry waifu\n|upkeep\n|turn|4\n|\n|t:|1698325441\n|switch|p2a: Ditto|Ditto|100\/100\n|-status|p2a: Ditto|psn\n|-transform|p2a: Ditto|p1a: weed furry waifu|[from] ability: Imposter\n|move|p1a: weed furry waifu|Double Team|p1a: weed furry waifu\n|-boost|p1a: weed furry waifu|evasion|1\n|\n|-damage|p2a: Ditto|88\/100 psn|[from] psn\n|upkeep\n|turn|5\n|\n|t:|1698325450\n|move|p2a: Ditto|Giga Drain|p1a: weed furry waifu|[miss]\n|-start|p2a: Ditto|typechange|Grass|[from] ability: Protean\n|-miss|p2a: Ditto|p1a: weed furry waifu\n|move|p1a: weed furry waifu|Double Team|p1a: weed furry waifu\n|-boost|p1a: weed furry waifu|evasion|1\n|\n|-damage|p2a: Ditto|76\/100 psn|[from] psn\n|upkeep\n|turn|6\n|\n|t:|1698325457\n|move|p2a: Ditto|Giga Drain|p1a: weed furry waifu\n|-resisted|p1a: weed furry waifu\n|-damage|p1a: weed furry waifu|84\/100\n|-heal|p2a: Ditto|84\/100 psn|[from] drain|[of] p1a: weed furry waifu\n|move|p1a: weed furry waifu|Double Team|p1a: weed furry waifu\n|-boost|p1a: weed furry waifu|evasion|1\n|\n|-damage|p2a: Ditto|71\/100 psn|[from] psn\n|upkeep\n|turn|7\n|\n|t:|1698325465\n|move|p2a: Ditto|Giga Drain|p1a: weed furry waifu|[miss]\n|-miss|p2a: Ditto|p1a: weed furry waifu\n|move|p1a: weed furry waifu|Double Team|p1a: weed furry waifu\n|-boost|p1a: weed furry waifu|evasion|1\n|\n|-damage|p2a: Ditto|59\/100 psn|[from] psn\n|upkeep\n|turn|8\n|\n|t:|1698325472\n|move|p2a: Ditto|Giga Drain|p1a: weed furry waifu|[miss]\n|-miss|p2a: Ditto|p1a: weed furry waifu\n|move|p1a: weed furry waifu|Toxic Spikes|p2a: Ditto\n|-sidestart|p2: JayoticNL|move: Toxic Spikes\n|\n|-damage|p2a: Ditto|47\/100 psn|[from] psn\n|upkeep\n|turn|9\n|\n|t:|1698325477\n|move|p2a: Ditto|Giga Drain|p1a: weed furry waifu|[miss]\n|-miss|p2a: Ditto|p1a: weed furry waifu\n|move|p1a: weed furry waifu|Double Team|p1a: weed furry waifu\n|-boost|p1a: weed furry waifu|evasion|1\n|\n|-damage|p2a: Ditto|34\/100 psn|[from] psn\n|upkeep\n|turn|10\n|\n|t:|1698325486\n|-activate|p2a: Ditto|move: Struggle\n|move|p2a: Ditto|Struggle|p1a: weed furry waifu\n|-damage|p1a: weed furry waifu|67\/100\n|-damage|p2a: Ditto|9\/100 psn|[from] recoil\n|move|p1a: weed furry waifu|Giga Drain|p2a: Ditto|[miss]\n|-miss|p1a: weed furry waifu|p2a: Ditto\n|\n|-damage|p2a: Ditto|0 fnt|[from] psn\n|faint|p2a: Ditto\n|upkeep\n|\n|t:|1698325492\n|switch|p2a: Ditto|Ditto|100\/100\n|-status|p2a: Ditto|tox\n|-transform|p2a: Ditto|p1a: weed furry waifu|[from] ability: Imposter\n|turn|11\n|\n|t:|1698325500\n|move|p2a: Ditto|Giga Drain|p1a: weed furry waifu|[miss]\n|-start|p2a: Ditto|typechange|Grass|[from] ability: Protean\n|-miss|p2a: Ditto|p1a: weed furry waifu\n|move|p1a: weed furry waifu|Double Team|p1a: weed furry waifu\n|-boost|p1a: weed furry waifu|evasion|0\n|\n|-damage|p2a: Ditto|94\/100 tox|[from] psn\n|upkeep\n|turn|12\n|\n|t:|1698325508\n|move|p2a: Ditto|Giga Drain|p1a: weed furry waifu|[miss]\n|-miss|p2a: Ditto|p1a: weed furry waifu\n|move|p1a: weed furry waifu|Giga Drain|p2a: Ditto\n|-resisted|p2a: Ditto\n|-damage|p2a: Ditto|83\/100 tox\n|-heal|p1a: weed furry waifu|73\/100|[from] drain|[of] p2a: Ditto\n|\n|-damage|p2a: Ditto|71\/100 tox|[from] psn\n|upkeep\n|turn|13\n|\n|t:|1698325516\n|move|p2a: Ditto|Giga Drain|p1a: weed furry waifu\n|-resisted|p1a: weed furry waifu\n|-damage|p1a: weed furry waifu|55\/100\n|-heal|p2a: Ditto|80\/100 tox|[from] drain|[of] p1a: weed furry waifu\n|move|p1a: weed furry waifu|Giga Drain|p2a: Ditto|[miss]\n|-miss|p1a: weed furry waifu|p2a: Ditto\n|\n|-damage|p2a: Ditto|62\/100 tox|[from] psn\n|upkeep\n|turn|14\n|\n|t:|1698325523\n|move|p2a: Ditto|Giga Drain|p1a: weed furry waifu|[miss]\n|-miss|p2a: Ditto|p1a: weed furry waifu\n|move|p1a: weed furry waifu|Giga Drain|p2a: Ditto|[miss]\n|-miss|p1a: weed furry waifu|p2a: Ditto\n|\n|-damage|p2a: Ditto|38\/100 tox|[from] psn\n|upkeep\n|turn|15\n|\n|t:|1698325530\n|move|p2a: Ditto|Giga Drain|p1a: weed furry waifu\n|-resisted|p1a: weed furry waifu\n|-damage|p1a: weed furry waifu|37\/100\n|-heal|p2a: Ditto|47\/100 tox|[from] drain|[of] p1a: weed furry waifu\n|move|p1a: weed furry waifu|Giga Drain|p2a: Ditto|[miss]\n|-miss|p1a: weed furry waifu|p2a: Ditto\n|\n|-damage|p2a: Ditto|17\/100 tox|[from] psn\n|upkeep\n|turn|16\n|\n|t:|1698325537\n|-activate|p2a: Ditto|move: Struggle\n|move|p2a: Ditto|Struggle|p1a: weed furry waifu\n|-damage|p1a: weed furry waifu|22\/100\n|-damage|p2a: Ditto|0 fnt|[from] recoil\n|faint|p2a: Ditto\n|move|p1a: weed furry waifu|Giga Drain|p2: Ditto|[notarget]\n|-fail|p1a: weed furry waifu\n|\n|upkeep\n|\n|t:|1698325542\n|switch|p2a: Ditto|Ditto|76\/100\n|-status|p2a: Ditto|tox\n|-transform|p2a: Ditto|p1a: weed furry waifu|[from] ability: Imposter\n|turn|17\n|\n|t:|1698325549\n|move|p2a: Ditto|Leech Seed|p1a: weed furry waifu|[miss]\n|-start|p2a: Ditto|typechange|Grass|[from] ability: Protean\n|-miss|p2a: Ditto|p1a: weed furry waifu\n|move|p1a: weed furry waifu|Leech Seed|p2a: Ditto\n|-immune|p2a: Ditto\n|\n|-damage|p2a: Ditto|70\/100 tox|[from] psn\n|upkeep\n|turn|18\n|\n|t:|1698325558\n|move|p2a: Ditto|Leech Seed|p1a: weed furry waifu|[miss]\n|-miss|p2a: Ditto|p1a: weed furry waifu\n|move|p1a: weed furry waifu|Giga Drain|p2a: Ditto|[miss]\n|-miss|p1a: weed furry waifu|p2a: Ditto\n|\n|-damage|p2a: Ditto|58\/100 tox|[from] psn\n|upkeep\n|turn|19\n|\n|t:|1698325565\n|move|p2a: Ditto|Leech Seed|p1a: weed furry waifu\n|-start|p1a: weed furry waifu|move: Leech Seed\n|move|p1a: weed furry waifu|Giga Drain|p2a: Ditto\n|-resisted|p2a: Ditto\n|-damage|p2a: Ditto|47\/100 tox\n|-heal|p1a: weed furry waifu|27\/100|[from] drain|[of] p2a: Ditto\n|\n|-damage|p1a: weed furry waifu|15\/100|[from] Leech Seed|[of] p2a: Ditto\n|-heal|p2a: Ditto|59\/100 tox|[silent]\n|-damage|p2a: Ditto|41\/100 tox|[from] psn\n|upkeep\n|turn|20\n|\n|t:|1698325580\n|switch|p1a: coom-powered maid|Magearna|100\/100\n|move|p2a: Ditto|Leech Seed|p1a: coom-powered maid|[miss]\n|-miss|p2a: Ditto|p1a: coom-powered maid\n|\n|-damage|p2a: Ditto|17\/100 tox|[from] psn\n|upkeep\n|turn|21\n|\n|t:|1698325588\n|switch|p1a: i shouldn't but..|Toxapex, F|100\/100\n|-sideend|p1: yo_joni|move: Toxic Spikes|[of] p1a: i shouldn't but..\n|move|p2a: Ditto|Leech Seed|p1a: i shouldn't but..\n|-start|p1a: i shouldn't but..|move: Leech Seed\n|\n|-damage|p1a: i shouldn't but..|88\/100|[from] Leech Seed|[of] p2a: Ditto\n|-heal|p2a: Ditto|27\/100 tox|[silent]\n|-damage|p2a: Ditto|0 fnt|[from] psn\n|faint|p2a: Ditto\n|upkeep\n|\n|t:|1698325594\n|switch|p2a: Ditto|Ditto|100\/100\n|-status|p2a: Ditto|tox\n|-transform|p2a: Ditto|p1a: i shouldn't but..|[from] ability: Imposter\n|turn|22\n|\n|t:|1698325606\n|move|p2a: Ditto|Toxic|p1a: i shouldn't but..\n|-immune|p1a: i shouldn't but..\n|move|p1a: i shouldn't but..|Iron Defense|p1a: i shouldn't but..\n|-boost|p1a: i shouldn't but..|def|2\n|\n|-damage|p1a: i shouldn't but..|76\/100|[from] Leech Seed|[of] p2a: Ditto\n|-damage|p2a: Ditto|94\/100 tox|[from] psn\n|upkeep\n|turn|23\n|inactive|Battle timer is ON: inactive players will automatically lose when time's up. (requested by yo_joni)\n|\n|t:|1698325652\n|switch|p1a: weed furry waifu|Meowscarada, F|15\/100\n|move|p2a: Ditto|Toxic|p1a: weed furry waifu\n|-status|p1a: weed furry waifu|tox\n|\n|-damage|p1a: weed furry waifu|9\/100 tox|[from] psn\n|-damage|p2a: Ditto|82\/100 tox|[from] psn\n|upkeep\n|turn|24\n|\n|t:|1698325661\n|switch|p1a: i shouldn't but..|Toxapex, F|100\/100\n|move|p2a: Ditto|Toxic|p1a: i shouldn't but..\n|-immune|p1a: i shouldn't but..\n|\n|-damage|p2a: Ditto|64\/100 tox|[from] psn\n|upkeep\n|turn|25\n|\n|t:|1698325669\n|move|p2a: Ditto|Toxic|p1a: i shouldn't but..\n|-immune|p1a: i shouldn't but..\n|move|p1a: i shouldn't but..|Iron Defense|p1a: i shouldn't but..\n|-boost|p1a: i shouldn't but..|def|2\n|\n|-damage|p2a: Ditto|40\/100 tox|[from] psn\n|upkeep\n|turn|26\n|\n|t:|1698325684\n|move|p2a: Ditto|Toxic|p1a: i shouldn't but..\n|-immune|p1a: i shouldn't but..\n|move|p1a: i shouldn't but..|Iron Defense|p1a: i shouldn't but..\n|-boost|p1a: i shouldn't but..|def|2\n|\n|-damage|p2a: Ditto|10\/100 tox|[from] psn\n|upkeep\n|turn|27\n|\n|t:|1698325690\n|-activate|p2a: Ditto|move: Struggle\n|move|p2a: Ditto|Struggle|p1a: i shouldn't but..\n|-damage|p1a: i shouldn't but..|98\/100\n|-damage|p2a: Ditto|0 fnt|[from] item: Rocky Helmet|[of] p1a: i shouldn't but..\n|faint|p2a: Ditto\n|move|p1a: i shouldn't but..|Iron Defense|p1a: i shouldn't but..\n|-boost|p1a: i shouldn't but..|def|2\n|\n|upkeep\n|\n|t:|1698325694\n|switch|p2a: Ditto|Ditto|100\/100\n|-status|p2a: Ditto|tox\n|-transform|p2a: Ditto|p1a: i shouldn't but..|[from] ability: Imposter\n|turn|28\n|\n|t:|1698325701\n|move|p2a: Ditto|Recover||[still]\n|-fail|p2a: Ditto|heal\n|move|p1a: i shouldn't but..|Iron Defense|p1a: i shouldn't but..\n|-boost|p1a: i shouldn't but..|def|0\n|\n|-damage|p2a: Ditto|94\/100 tox|[from] psn\n|upkeep\n|turn|29\n|\n|t:|1698325706\n|move|p2a: Ditto|Recover|p2a: Ditto\n|-heal|p2a: Ditto|100\/100 tox\n|move|p1a: i shouldn't but..|Iron Defense|p1a: i shouldn't but..\n|-boost|p1a: i shouldn't but..|def|0\n|\n|-damage|p2a: Ditto|88\/100 tox|[from] psn\n|upkeep\n|turn|30\n|\n|t:|1698325713\n|move|p2a: Ditto|Recover|p2a: Ditto\n|-heal|p2a: Ditto|100\/100 tox\n|move|p1a: i shouldn't but..|Iron Defense|p1a: i shouldn't but..\n|-boost|p1a: i shouldn't but..|def|0\n|\n|-damage|p2a: Ditto|82\/100 tox|[from] psn\n|upkeep\n|turn|31\n|\n|t:|1698325721\n|move|p2a: Ditto|Recover|p2a: Ditto\n|-heal|p2a: Ditto|100\/100 tox\n|move|p1a: i shouldn't but..|Iron Defense|p1a: i shouldn't but..\n|-boost|p1a: i shouldn't but..|def|0\n|\n|-damage|p2a: Ditto|76\/100 tox|[from] psn\n|upkeep\n|turn|32\n|\n|t:|1698325727\n|move|p2a: Ditto|Recover|p2a: Ditto\n|-heal|p2a: Ditto|100\/100 tox\n|move|p1a: i shouldn't but..|Iron Defense|p1a: i shouldn't but..\n|-boost|p1a: i shouldn't but..|def|0\n|\n|-damage|p2a: Ditto|70\/100 tox|[from] psn\n|upkeep\n|turn|33\n|\n|t:|1698325733\n|-activate|p2a: Ditto|move: Struggle\n|move|p2a: Ditto|Struggle|p1a: i shouldn't but..\n|-damage|p1a: i shouldn't but..|97\/100\n|-damage|p2a: Ditto|54\/100 tox|[from] item: Rocky Helmet|[of] p1a: i shouldn't but..\n|-damage|p2a: Ditto|29\/100 tox|[from] recoil\n|move|p1a: i shouldn't but..|Iron Defense|p1a: i shouldn't but..\n|-boost|p1a: i shouldn't but..|def|0\n|\n|-damage|p2a: Ditto|0 fnt|[from] psn\n|faint|p2a: Ditto\n|upkeep\n|\n|t:|1698325738\n|switch|p2a: Ditto|Ditto|100\/100\n|-status|p2a: Ditto|tox\n|-transform|p2a: Ditto|p1a: i shouldn't but..|[from] ability: Imposter\n|turn|34\n|\n|t:|1698325746\n|move|p2a: Ditto|Recover||[still]\n|-fail|p2a: Ditto|heal\n|move|p1a: i shouldn't but..|Iron Defense|p1a: i shouldn't but..\n|-boost|p1a: i shouldn't but..|def|0\n|\n|-damage|p2a: Ditto|94\/100 tox|[from] psn\n|upkeep\n|turn|35\n|\n|t:|1698325772\n|move|p2a: Ditto|Recover|p2a: Ditto\n|-heal|p2a: Ditto|100\/100 tox\n|move|p1a: i shouldn't but..|Iron Defense|p1a: i shouldn't but..\n|-boost|p1a: i shouldn't but..|def|0\n|\n|-damage|p2a: Ditto|88\/100 tox|[from] psn\n|upkeep\n|turn|36\n|\n|t:|1698325778\n|move|p2a: Ditto|Recover|p2a: Ditto\n|-heal|p2a: Ditto|100\/100 tox\n|move|p1a: i shouldn't but..|Iron Defense|p1a: i shouldn't but..\n|-boost|p1a: i shouldn't but..|def|0\n|\n|-damage|p2a: Ditto|82\/100 tox|[from] psn\n|upkeep\n|turn|37\n|\n|t:|1698325785\n|move|p2a: Ditto|Recover|p2a: Ditto\n|-heal|p2a: Ditto|100\/100 tox\n|move|p1a: i shouldn't but..|Iron Defense|p1a: i shouldn't but..\n|-boost|p1a: i shouldn't but..|def|0\n|\n|-damage|p2a: Ditto|76\/100 tox|[from] psn\n|upkeep\n|turn|38\n|\n|t:|1698325791\n|move|p2a: Ditto|Recover|p2a: Ditto\n|-heal|p2a: Ditto|100\/100 tox\n|move|p1a: i shouldn't but..|Iron Defense|p1a: i shouldn't but..\n|-boost|p1a: i shouldn't but..|def|0\n|\n|-damage|p2a: Ditto|70\/100 tox|[from] psn\n|upkeep\n|turn|39\n|\n|t:|1698325797\n|-activate|p2a: Ditto|move: Struggle\n|move|p2a: Ditto|Struggle|p1a: i shouldn't but..\n|-damage|p1a: i shouldn't but..|95\/100\n|-damage|p2a: Ditto|54\/100 tox|[from] item: Rocky Helmet|[of] p1a: i shouldn't but..\n|-damage|p2a: Ditto|29\/100 tox|[from] recoil\n|move|p1a: i shouldn't but..|Iron Defense|p1a: i shouldn't but..\n|-boost|p1a: i shouldn't but..|def|0\n|\n|-damage|p2a: Ditto|0 fnt|[from] psn\n|faint|p2a: Ditto\n|\n|win|yo_joni\n|upkeep\n|raw|yo_joni's rating: 1182 &rarr; <strong>1206<\/strong><br \/>(+24 for winning)\n|raw|JayoticNL's rating: 1165 &rarr; <strong>1141<\/strong><br \/>(-24 for losing)\n|c|\u2606yo_joni|gg\n|l|\u2606yo_joni\n","uploadtime":1698325811,"views":11,"p1id":"yojoni","p2id":"jayoticnl","formatid":"gen9anythinggoes","rating":1141,"private":0,"password":""}