{"id":"gen9anythinggoes-1985868127","p1":"E-Series 1B","p2":"ssakcalbkciht","format":"[Gen 9] Anything Goes","log":"|j|\u2606E-Series 1B\n|j|\u2606ssakcalbkciht\n|t:|1699415243\n|gametype|singles\n|player|p1|E-Series 1B|blaine-lgpe|\n|player|p2|ssakcalbkciht|preschoolerf|\n|teamsize|p1|6\n|teamsize|p2|6\n|gen|9\n|tier|[Gen 9] Anything Goes\n|rule|HP Percentage Mod: HP is shown in percentages\n|rule|Endless Battle Clause: Forcing endless battles is banned\n|clearpoke\n|poke|p1|Manaphy|\n|poke|p1|Annihilape, F|\n|poke|p1|Landorus-Therian, M|\n|poke|p1|Overqwil, M|\n|poke|p1|Appletun, M|\n|poke|p1|Heatran, M|\n|poke|p2|Gliscor, F|\n|poke|p2|Maushold|\n|poke|p2|Hatterene, F|\n|poke|p2|Slowking, F|\n|poke|p2|Sneasler, F|\n|poke|p2|Rillaboom, M|\n|teampreview\n|inactive|Battle timer is ON: inactive players will automatically lose when time's up. (requested by E-Series 1B)\n|c|\u2606E-Series 1B|ty\n|c|\u2606E-Series 1B|gl\n|inactiveoff|Battle timer is now OFF.\n|c|\u2606ssakcalbkciht|gl\n|\n|t:|1699415283\n|start\n|switch|p1a: Landorus|Landorus-Therian, M|100\/100\n|switch|p2a: Sneasler|Sneasler, F|100\/100\n|-ability|p1a: Landorus|Intimidate|boost\n|-unboost|p2a: Sneasler|atk|1\n|turn|1\n|\n|t:|1699415289\n|move|p2a: Sneasler|U-turn|p1a: Landorus\n|-resisted|p1a: Landorus\n|-damage|p1a: Landorus|95\/100\n|-damage|p2a: Sneasler|84\/100|[from] item: Rocky Helmet|[of] p1a: Landorus\n|\n|t:|1699415294\n|switch|p2a: Hatterene|Hatterene, F|100\/100|[from] U-turn\n|move|p1a: Landorus|U-turn|p2a: Hatterene\n|-damage|p2a: Hatterene|82\/100\n|\n|t:|1699415302\n|switch|p1a: Overqwil|Overqwil, M|100\/100|[from] U-turn\n|\n|-heal|p2a: Hatterene|88\/100|[from] item: Leftovers\n|upkeep\n|turn|2\n|\n|t:|1699415309\n|move|p1a: Overqwil|Gunk Shot|p2a: Hatterene\n|-supereffective|p2a: Hatterene\n|-crit|p2a: Hatterene\n|-damage|p2a: Hatterene|0 fnt\n|faint|p2a: Hatterene\n|-damage|p1a: Overqwil|91\/100|[from] item: Life Orb\n|\n|upkeep\n|\n|t:|1699415320\n|switch|p2a: Gliscor|Gliscor, F|100\/100\n|turn|3\n|\n|t:|1699415336\n|-terastallize|p1a: Overqwil|Water\n|move|p1a: Overqwil|Liquidation|p2a: Gliscor\n|-supereffective|p2a: Gliscor\n|-damage|p2a: Gliscor|33\/100\n|-damage|p1a: Overqwil|81\/100|[from] item: Life Orb\n|move|p2a: Gliscor|Earthquake|p1a: Overqwil\n|-damage|p1a: Overqwil|45\/100\n|\n|-status|p2a: Gliscor|tox|[from] item: Toxic Orb\n|upkeep\n|turn|4\n|\n|t:|1699415343\n|move|p2a: Gliscor|Protect|p2a: Gliscor\n|-singleturn|p2a: Gliscor|Protect\n|move|p1a: Overqwil|Rain Dance|p1a: Overqwil\n|-weather|RainDance\n|\n|-weather|RainDance|[upkeep]\n|-heal|p2a: Gliscor|46\/100 tox|[from] ability: Poison Heal\n|upkeep\n|turn|5\n|\n|t:|1699415351\n|switch|p2a: haha|Slowking, F|100\/100\n|move|p1a: Overqwil|Liquidation|p2a: haha\n|-resisted|p2a: haha\n|-damage|p2a: haha|63\/100\n|-damage|p1a: Overqwil|35\/100|[from] item: Life Orb\n|\n|-weather|RainDance|[upkeep]\n|upkeep\n|turn|6\n|\n|t:|1699415355\n|switch|p2a: Gliscor|Gliscor, F|46\/100 tox\n|move|p1a: Overqwil|Crunch|p2a: Gliscor\n|-damage|p2a: Gliscor|12\/100 tox\n|-unboost|p2a: Gliscor|def|1\n|-damage|p1a: Overqwil|25\/100|[from] item: Life Orb\n|\n|-weather|RainDance|[upkeep]\n|-heal|p2a: Gliscor|25\/100 tox|[from] ability: Poison Heal\n|upkeep\n|turn|7\n|\n|t:|1699415359\n|switch|p2a: Rillaboom|Rillaboom, M|100\/100\n|-fieldstart|move: Grassy Terrain|[from] ability: Grassy Surge|[of] p2a: Rillaboom\n|move|p1a: Overqwil|Crunch|p2a: Rillaboom\n|-damage|p2a: Rillaboom|54\/100\n|-damage|p1a: Overqwil|15\/100|[from] item: Life Orb\n|\n|-weather|RainDance|[upkeep]\n|-heal|p1a: Overqwil|21\/100|[from] Grassy Terrain\n|-heal|p2a: Rillaboom|60\/100|[from] Grassy Terrain\n|upkeep\n|turn|8\n|\n|t:|1699415369\n|switch|p1a: Appletun|Appletun, M|100\/100\n|switch|p2a: haha|Slowking, F|96\/100\n|\n|-weather|none\n|-heal|p2a: haha|100\/100|[from] Grassy Terrain\n|upkeep\n|turn|9\n|\n|t:|1699415382\n|move|p2a: haha|Chilly Reception|p2a: haha\n|-weather|Snow\n|\n|t:|1699415387\n|switch|p2a: Rillaboom|Rillaboom, M|60\/100|[from] Chilly Reception\n|move|p1a: Appletun|Draco Meteor|p2a: Rillaboom\n|-damage|p2a: Rillaboom|2\/100\n|-unboost|p1a: Appletun|spa|2\n|-enditem|p1a: Appletun|Eject Pack\n|\n|t:|1699415395\n|switch|p1a: Landorus|Landorus-Therian, M|95\/100\n|-ability|p1a: Landorus|Intimidate|boost\n|-unboost|p2a: Rillaboom|atk|1\n|\n|-weather|Snow|[upkeep]\n|-heal|p2a: Rillaboom|8\/100|[from] Grassy Terrain\n|upkeep\n|turn|10\n|\n|t:|1699415404\n|move|p2a: Rillaboom|Leech Seed|p1a: Landorus\n|-start|p1a: Landorus|move: Leech Seed\n|move|p1a: Landorus|U-turn|p2a: Rillaboom\n|-supereffective|p2a: Rillaboom\n|-damage|p2a: Rillaboom|0 fnt\n|faint|p2a: Rillaboom\n|\n|t:|1699415426\n|switch|p1a: Heatran|Heatran, M|100\/100|[from] U-turn\n|\n|-weather|Snow|[upkeep]\n|upkeep\n|j| Skrumply\n|\n|t:|1699415432\n|switch|p2a: Gliscor|Gliscor, F|25\/100 tox\n|turn|11\n|c| Skrumply|Hey Jet that didn't matter because of the circumstances\n|l| Skrumply\n|\n|t:|1699415447\n|switch|p1a: Appletun|Appletun, M|100\/100\n|move|p2a: Gliscor|Spikes|p1a: Appletun\n|-sidestart|p1: E-Series 1B|Spikes\n|\n|-weather|Snow|[upkeep]\n|-heal|p2a: Gliscor|37\/100 tox|[from] ability: Poison Heal\n|upkeep\n|turn|12\n|j| Skrumply\n|c|\u2606ssakcalbkciht|i sacked it cuz of that\n|\n|t:|1699415462\n|move|p2a: Gliscor|Protect|p2a: Gliscor\n|-singleturn|p2a: Gliscor|Protect\n|move|p1a: Appletun|Recycle|p1a: Appletun\n|-item|p1a: Appletun|Eject Pack|[from] move: Recycle\n|\n|-weather|Snow|[upkeep]\n|-heal|p2a: Gliscor|50\/100 tox|[from] ability: Poison Heal\n|upkeep\n|turn|13\n|\n|t:|1699415470\n|switch|p2a: haha|Slowking, F|100\/100\n|move|p1a: Appletun|Apple Acid|p2a: haha\n|-supereffective|p2a: haha\n|-crit|p2a: haha\n|-damage|p2a: haha|0 fnt\n|faint|p2a: haha\n|\n|-weather|none\n|upkeep\n|\n|t:|1699415473\n|switch|p2a: Sneasler|Sneasler, F|84\/100\n|turn|14\n|\n|t:|1699415481\n|move|p2a: Sneasler|Switcheroo|p1a: Appletun\n|-activate|p2a: Sneasler|move: Trick|[of] p1a: Appletun\n|-item|p1a: Appletun|Choice Scarf|[from] move: Switcheroo\n|-item|p2a: Sneasler|Eject Pack|[from] move: Switcheroo\n|move|p1a: Appletun|Draco Meteor|p2a: Sneasler\n|-damage|p2a: Sneasler|6\/100\n|-unboost|p1a: Appletun|spa|2\n|\n|-heal|p2a: Sneasler|12\/100|[from] Grassy Terrain\n|-fieldend|move: Grassy Terrain\n|upkeep\n|turn|15\n|\n|t:|1699415489\n|move|p2a: Sneasler|Dire Claw|p1a: Appletun\n|-supereffective|p1a: Appletun\n|-damage|p1a: Appletun|16\/100\n|-status|p1a: Appletun|psn|[from] ability: Poison Touch|[of] p2a: Sneasler\n|move|p1a: Appletun|Draco Meteor|p2a: Sneasler\n|-damage|p2a: Sneasler|0 fnt\n|-unboost|p1a: Appletun|spa|2\n|faint|p2a: Sneasler\n|\n|-damage|p1a: Appletun|3\/100 psn|[from] psn\n|upkeep\n|\n|t:|1699415495\n|switch|p2a: Maushold|Maushold|100\/100\n|turn|16\n|\n|t:|1699415498\n|switch|p1a: Landorus|Landorus-Therian, M|95\/100\n|-ability|p1a: Landorus|Intimidate|boost\n|-unboost|p2a: Maushold|atk|1\n|move|p2a: Maushold|Tidy Up|p2a: Maushold\n|-sideend|p1: E-Series 1B|Spikes\n|-activate|p2a: Maushold|move: Tidy Up\n|-boost|p2a: Maushold|atk|1\n|-boost|p2a: Maushold|spe|1\n|\n|upkeep\n|turn|17\n|\n|t:|1699415502\n|move|p2a: Maushold|Tidy Up|p2a: Maushold\n|-boost|p2a: Maushold|atk|1\n|-boost|p2a: Maushold|spe|1\n|move|p1a: Landorus|Earthquake|p2a: Maushold\n|-damage|p2a: Maushold|23\/100\n|\n|upkeep\n|turn|18\n|\n|t:|1699415508\n|move|p2a: Maushold|Tidy Up|p2a: Maushold\n|-boost|p2a: Maushold|atk|1\n|-boost|p2a: Maushold|spe|1\n|move|p1a: Landorus|U-turn|p2a: Maushold\n|-damage|p2a: Maushold|0 fnt\n|faint|p2a: Maushold\n|\n|t:|1699415513\n|switch|p1a: Overqwil|Overqwil, M, tera:Water|21\/100|[from] U-turn\n|\n|upkeep\n|\n|t:|1699415515\n|switch|p2a: Gliscor|Gliscor, F|50\/100 tox\n|turn|19\n|\n|t:|1699415517\n|move|p1a: Overqwil|Liquidation|p2a: Gliscor\n|-supereffective|p2a: Gliscor\n|-damage|p2a: Gliscor|0 fnt\n|faint|p2a: Gliscor\n|-damage|p1a: Overqwil|11\/100|[from] item: Life Orb\n|\n|win|E-Series 1B\n|c| Skrumply|Goddamn\n|c|\u2606E-Series 1B|ggs\n|c|\u2606ssakcalbkciht|gg\n|l|\u2606E-Series 1B\n|l| Skrumply\n|l|\u2606ssakcalbkciht\n|j| Skrumply\n|j|\u2606ssakcalbkciht\n|player|p2|ssakcalbkciht|preschoolerf\n","uploadtime":1699415901,"views":26,"p1id":"eseries1b","p2id":"ssakcalbkciht","formatid":"gen9anythinggoes","rating":0,"private":0,"password":""}