{"id":"gen9anythinggoes-1997937442","p1":"Thatnoob1717","p2":"derpamerp","format":"[Gen 9] Anything Goes","log":"|j|\u2606Thatnoob1717\n|j|\u2606derpamerp\n|t:|1700869602\n|gametype|singles\n|player|p1|Thatnoob1717|hilbert|1025\n|player|p2|derpamerp|fisherman-gen4|1112\n|teamsize|p1|6\n|teamsize|p2|6\n|gen|9\n|tier|[Gen 9] Anything Goes\n|rated|\n|rule|HP Percentage Mod: HP is shown in percentages\n|rule|Endless Battle Clause: Forcing endless battles is banned\n|clearpoke\n|poke|p1|Moltres-Galar|\n|poke|p1|Zamazenta-*|\n|poke|p1|Zacian-*|\n|poke|p1|Hippowdon, M|\n|poke|p1|Sylveon, F|\n|poke|p1|Calyrex-Shadow|\n|poke|p2|Iron Moth|\n|poke|p2|Gallade, M|\n|poke|p2|Dragapult, M|\n|poke|p2|Garganacl, M|\n|poke|p2|Sneasler, M|\n|poke|p2|Tinkaton, F|\n|teampreview\n|c|\u2606derpamerp|Hi mr.legend spam\n|\n|t:|1700869624\n|start\n|switch|p1a: Hippowdon|Hippowdon, M|100\/100\n|switch|p2a: Gallade|Gallade, M|100\/100\n|turn|1\n|c|\u2606Thatnoob1717|Uh hi?\n|c|\u2606derpamerp|Hello\n|\n|t:|1700869637\n|move|p2a: Gallade|Aqua Cutter|p1a: Hippowdon\n|-supereffective|p1a: Hippowdon\n|-damage|p1a: Hippowdon|48\/100\n|move|p1a: Hippowdon|Substitute|p1a: Hippowdon\n|-start|p1a: Hippowdon|Substitute\n|-damage|p1a: Hippowdon|23\/100\n|\n|-heal|p1a: Hippowdon|29\/100|[from] item: Leftovers\n|upkeep\n|turn|2\n|\n|t:|1700869649\n|move|p2a: Gallade|Aqua Cutter|p1a: Hippowdon\n|-supereffective|p1a: Hippowdon\n|-end|p1a: Hippowdon|Substitute\n|move|p1a: Hippowdon|Slack Off|p1a: Hippowdon\n|-heal|p1a: Hippowdon|79\/100\n|\n|-heal|p1a: Hippowdon|85\/100|[from] item: Leftovers\n|upkeep\n|turn|3\n|-activate|p2a: Gallade|item: Quick Claw\n|\n|t:|1700869660\n|switch|p1a: Sylveon|Sylveon, F|100\/100\n|move|p2a: Gallade|Leaf Blade|p1a: Sylveon\n|-damage|p1a: Sylveon|35\/100\n|\n|-heal|p1a: Sylveon|41\/100|[from] item: Leftovers\n|upkeep\n|turn|4\n|\n|t:|1700869690\n|switch|p2a: Tinkaton|Tinkaton, F, shiny|100\/100\n|-ability|p2a: Tinkaton|Mold Breaker\n|switch|p1a: Calyrex|Calyrex-Shadow|100\/100\n|-ability|p1a: Calyrex|As One\n|-ability|p1a: Calyrex|Unnerve\n|\n|upkeep\n|turn|5\n|c|\u2606Thatnoob1717|I like ur team\n|c|\u2606derpamerp|Ty\n|c|\u2606Thatnoob1717|Np\n|\n|t:|1700869738\n|switch|p1a: Zacian|Zacian-Crowned|100\/100\n|-ability|p1a: Zacian|Intrepid Sword|boost\n|-boost|p1a: Zacian|atk|1\n|move|p2a: Tinkaton|Foul Play|p1a: Zacian\n|-resisted|p1a: Zacian\n|-damage|p1a: Zacian|84\/100\n|\n|upkeep\n|turn|6\n|\n|t:|1700869812\n|switch|p2a: Iron Moth|Iron Moth, shiny|100\/100\n|-item|p2a: Iron Moth|Air Balloon\n|move|p1a: Zacian|Behemoth Blade|p2a: Iron Moth\n|-resisted|p2a: Iron Moth\n|-damage|p2a: Iron Moth|43\/100\n|-enditem|p2a: Iron Moth|Air Balloon\n|\n|upkeep\n|turn|7\n|\n|t:|1700869832\n|switch|p1a: Hippowdon|Hippowdon, M|85\/100\n|move|p2a: Iron Moth|Fire Blast|p1a: Hippowdon\n|-damage|p1a: Hippowdon|19\/100\n|\n|-heal|p1a: Hippowdon|25\/100|[from] item: Leftovers\n|upkeep\n|turn|8\n|\n|t:|1700869843\n|move|p2a: Iron Moth|Substitute|p2a: Iron Moth\n|-start|p2a: Iron Moth|Substitute\n|-damage|p2a: Iron Moth|18\/100\n|move|p1a: Hippowdon|Stone Edge|p2a: Iron Moth|[miss]\n|-miss|p1a: Hippowdon|p2a: Iron Moth\n|\n|-heal|p1a: Hippowdon|32\/100|[from] item: Leftovers\n|upkeep\n|turn|9\n|\n|t:|1700869851\n|move|p2a: Iron Moth|Morning Sun|p2a: Iron Moth\n|-heal|p2a: Iron Moth|68\/100\n|move|p1a: Hippowdon|Sandstorm|p1a: Hippowdon\n|-weather|Sandstorm\n|\n|-weather|Sandstorm|[upkeep]\n|-damage|p2a: Iron Moth|62\/100|[from] Sandstorm\n|-heal|p1a: Hippowdon|38\/100|[from] item: Leftovers\n|upkeep\n|turn|10\n|\n|t:|1700869861\n|move|p2a: Iron Moth|Dazzling Gleam|p1a: Hippowdon\n|-damage|p1a: Hippowdon|9\/100\n|move|p1a: Hippowdon|Slack Off|p1a: Hippowdon\n|-heal|p1a: Hippowdon|59\/100\n|\n|-weather|Sandstorm|[upkeep]\n|-damage|p2a: Iron Moth|56\/100|[from] Sandstorm\n|-heal|p1a: Hippowdon|65\/100|[from] item: Leftovers\n|upkeep\n|turn|11\n|\n|t:|1700869870\n|move|p2a: Iron Moth|Morning Sun|p2a: Iron Moth\n|-heal|p2a: Iron Moth|81\/100\n|move|p1a: Hippowdon|Substitute|p1a: Hippowdon\n|-start|p1a: Hippowdon|Substitute\n|-damage|p1a: Hippowdon|40\/100\n|\n|-weather|Sandstorm|[upkeep]\n|-damage|p2a: Iron Moth|75\/100|[from] Sandstorm\n|-heal|p1a: Hippowdon|46\/100|[from] item: Leftovers\n|upkeep\n|turn|12\n|\n|t:|1700869880\n|move|p2a: Iron Moth|Fire Blast|p1a: Hippowdon|[miss]\n|-miss|p2a: Iron Moth|p1a: Hippowdon\n|move|p1a: Hippowdon|Slack Off|p1a: Hippowdon\n|-heal|p1a: Hippowdon|96\/100\n|\n|-weather|Sandstorm|[upkeep]\n|-damage|p2a: Iron Moth|69\/100|[from] Sandstorm\n|-heal|p1a: Hippowdon|100\/100|[from] item: Leftovers\n|upkeep\n|turn|13\n|\n|t:|1700869892\n|move|p2a: Iron Moth|Fire Blast|p1a: Hippowdon\n|-end|p1a: Hippowdon|Substitute\n|move|p1a: Hippowdon|Stone Edge|p2a: Iron Moth|[miss]\n|-miss|p1a: Hippowdon|p2a: Iron Moth\n|\n|-weather|none\n|upkeep\n|turn|14\n|\n|t:|1700869900\n|move|p2a: Iron Moth|Fire Blast|p1a: Hippowdon\n|-damage|p1a: Hippowdon|32\/100\n|move|p1a: Hippowdon|Substitute|p1a: Hippowdon\n|-start|p1a: Hippowdon|Substitute\n|-damage|p1a: Hippowdon|7\/100\n|\n|-heal|p1a: Hippowdon|13\/100|[from] item: Leftovers\n|upkeep\n|turn|15\n|\n|t:|1700869909\n|move|p2a: Iron Moth|Dazzling Gleam|p1a: Hippowdon\n|-end|p1a: Hippowdon|Substitute\n|move|p1a: Hippowdon|Slack Off|p1a: Hippowdon\n|-heal|p1a: Hippowdon|63\/100\n|\n|-heal|p1a: Hippowdon|69\/100|[from] item: Leftovers\n|upkeep\n|turn|16\n|\n|t:|1700869926\n|switch|p1a: Calyrex|Calyrex-Shadow|100\/100\n|-ability|p1a: Calyrex|As One\n|-ability|p1a: Calyrex|Unnerve\n|move|p2a: Iron Moth|Fire Blast|p1a: Calyrex|[miss]\n|-miss|p2a: Iron Moth|p1a: Calyrex\n|\n|upkeep\n|turn|17\n|c|\u2606derpamerp|Just die pls\n|\n|t:|1700869937\n|move|p1a: Calyrex|Draining Kiss|p2a: Iron Moth\n|-resisted|p2a: Iron Moth\n|-activate|p2a: Iron Moth|move: Substitute|[damage]\n|move|p2a: Iron Moth|Dazzling Gleam|p1a: Calyrex\n|-damage|p1a: Calyrex|70\/100\n|\n|-heal|p1a: Calyrex|76\/100|[from] item: Leftovers\n|upkeep\n|turn|18\n|\n|t:|1700869946\n|-end|p2a: Iron Moth|Quark Drive|[silent]\n|switch|p2a: Dragapult|Dragapult, M|100\/100\n|move|p1a: Calyrex|Draining Kiss|p2a: Dragapult\n|-supereffective|p2a: Dragapult\n|-damage|p2a: Dragapult|51\/100\n|-heal|p1a: Calyrex|100\/100|[from] drain|[of] p2a: Dragapult\n|\n|upkeep\n|turn|19\n|\n|t:|1700869958\n|switch|p1a: Sylveon|Sylveon, F|41\/100\n|move|p2a: Dragapult|Phantom Force||[still]\n|-prepare|p2a: Dragapult|Phantom Force\n|\n|-heal|p1a: Sylveon|47\/100|[from] item: Leftovers\n|upkeep\n|turn|20\n|\n|t:|1700869968\n|move|p2a: Dragapult|Phantom Force|p1a: Sylveon|[from]lockedmove\n|-damage|p1a: Sylveon|0 fnt\n|faint|p1a: Sylveon\n|\n|upkeep\n|c|\u2606derpamerp|...k\n|\n|t:|1700869975\n|switch|p1a: Zacian|Zacian-Crowned|84\/100\n|turn|21\n|\n|t:|1700869985\n|move|p2a: Dragapult|Phantom Force||[still]\n|-prepare|p2a: Dragapult|Phantom Force\n|move|p1a: Zacian|Behemoth Blade|p2a: Dragapult|[miss]\n|-miss|p1a: Zacian|p2a: Dragapult\n|\n|upkeep\n|turn|22\n|\n|t:|1700870003\n|move|p2a: Dragapult|Phantom Force|p1a: Zacian|[from]lockedmove\n|-damage|p1a: Zacian|53\/100\n|move|p1a: Zacian|Substitute|p1a: Zacian\n|-start|p1a: Zacian|Substitute\n|-damage|p1a: Zacian|28\/100\n|\n|upkeep\n|turn|23\n|\n|t:|1700870013\n|switch|p2a: Garganacl|Garganacl, M, shiny|100\/100\n|move|p1a: Zacian|Behemoth Blade|p2a: Garganacl\n|-supereffective|p2a: Garganacl\n|-crit|p2a: Garganacl\n|-damage|p2a: Garganacl|17\/100\n|\n|upkeep\n|turn|24\n|c|\u2606derpamerp|Ow\n|\n|t:|1700870024\n|move|p2a: Garganacl|Protect|p2a: Garganacl\n|-singleturn|p2a: Garganacl|Protect\n|move|p1a: Zacian|Behemoth Blade|p2a: Garganacl\n|-activate|p2a: Garganacl|move: Protect\n|\n|upkeep\n|turn|25\n|\n|t:|1700870034\n|switch|p2a: Tinkaton|Tinkaton, F, shiny|100\/100\n|-ability|p2a: Tinkaton|Mold Breaker\n|move|p1a: Zacian|Behemoth Blade|p2a: Tinkaton\n|-damage|p2a: Tinkaton|32\/100\n|\n|upkeep\n|turn|26\n|\n|t:|1700870044\n|move|p1a: Zacian|Body Slam|p2a: Tinkaton\n|-resisted|p2a: Tinkaton\n|-damage|p2a: Tinkaton|14\/100\n|move|p2a: Tinkaton|Gigaton Hammer|p1a: Zacian\n|-end|p1a: Zacian|Substitute\n|\n|upkeep\n|turn|27\n|\n|t:|1700870056\n|move|p1a: Zacian|Behemoth Blade|p2a: Tinkaton\n|-damage|p2a: Tinkaton|0 fnt\n|faint|p2a: Tinkaton\n|\n|upkeep\n|\n|t:|1700870062\n|switch|p2a: Gallade|Gallade, M|100\/100\n|turn|28\n|\n|t:|1700870076\n|move|p1a: Zacian|Behemoth Blade|p2a: Gallade\n|-damage|p2a: Gallade|9\/100\n|move|p2a: Gallade|Aqua Cutter|p1a: Zacian\n|-crit|p1a: Zacian\n|-damage|p1a: Zacian|0 fnt\n|faint|p1a: Zacian\n|\n|upkeep\n|\n|t:|1700870087\n|switch|p1a: Zamazenta|Zamazenta-Crowned|100\/100\n|-ability|p1a: Zamazenta|Dauntless Shield|boost\n|-boost|p1a: Zamazenta|def|1\n|turn|29\n|-activate|p2a: Gallade|item: Quick Claw\n|\n|t:|1700870096\n|move|p2a: Gallade|Leaf Blade|p1a: Zamazenta\n|-resisted|p1a: Zamazenta\n|-damage|p1a: Zamazenta|91\/100\n|move|p1a: Zamazenta|Behemoth Bash|p2a: Gallade\n|-damage|p2a: Gallade|0 fnt\n|faint|p2a: Gallade\n|\n|upkeep\n|c|\u2606derpamerp|....\n|\n|t:|1700870107\n|switch|p2a: Dragapult|Dragapult, M|51\/100\n|turn|30\n|\n|t:|1700870146\n|switch|p1a: Calyrex|Calyrex-Shadow|100\/100\n|-ability|p1a: Calyrex|As One\n|-ability|p1a: Calyrex|Unnerve\n|move|p2a: Dragapult|Phantom Force||[still]\n|-prepare|p2a: Dragapult|Phantom Force\n|\n|upkeep\n|turn|31\n|\n|t:|1700870155\n|move|p1a: Calyrex|Protect|p1a: Calyrex\n|-singleturn|p1a: Calyrex|Protect\n|move|p2a: Dragapult|Phantom Force|p1a: Calyrex|[from]lockedmove\n|-activate|p1a: Calyrex|move: Phantom Force|[broken]\n|-supereffective|p1a: Calyrex\n|-damage|p1a: Calyrex|0 fnt\n|faint|p1a: Calyrex\n|\n|upkeep\n|c|\u2606derpamerp|Lel\n|\n|t:|1700870165\n|switch|p1a: Moltres|Moltres-Galar|100\/100\n|turn|32\n|c|\u2606derpamerp|1 2 buckle my shoe\n|\n|t:|1700870191\n|switch|p2a: Sneasler|Sneasler, M|100\/100\n|move|p1a: Moltres|Acrobatics|p2a: Sneasler\n|-supereffective|p2a: Sneasler\n|-damage|p2a: Sneasler|30\/100\n|\n|-heal|p2a: Sneasler|36\/100|[from] item: Black Sludge\n|upkeep\n|turn|33\n|c|\u2606Thatnoob1717|3 4 buckle sum more\n|\n|t:|1700870203\n|move|p1a: Moltres|Fiery Wrath|p2a: Sneasler\n|-resisted|p2a: Sneasler\n|-damage|p2a: Sneasler|14\/100\n|move|p2a: Sneasler|Counter||[still]\n|-fail|p2a: Sneasler\n|\n|-heal|p2a: Sneasler|20\/100|[from] item: Black Sludge\n|upkeep\n|turn|34\n|c|\u2606derpamerp|5 6 then with sticks\n|\n|t:|1700870225\n|move|p2a: Sneasler|Gunk Shot|p1a: Moltres\n|-damage|p1a: Moltres|23\/100\n|-ability|p1a: Moltres|Berserk|boost\n|-boost|p1a: Moltres|spa|1\n|move|p1a: Moltres|Acrobatics|p2a: Sneasler\n|-supereffective|p2a: Sneasler\n|-damage|p2a: Sneasler|0 fnt\n|faint|p2a: Sneasler\n|\n|-heal|p1a: Moltres|29\/100|[from] item: Leftovers\n|upkeep\n|\n|t:|1700870235\n|switch|p2a: Garganacl|Garganacl, M, shiny|17\/100\n|turn|35\n|\n|t:|1700870246\n|move|p2a: Garganacl|Protect|p2a: Garganacl\n|-singleturn|p2a: Garganacl|Protect\n|move|p1a: Moltres|Fiery Wrath|p2a: Garganacl\n|-activate|p2a: Garganacl|move: Protect\n|\n|-heal|p1a: Moltres|35\/100|[from] item: Leftovers\n|upkeep\n|turn|36\n|\n|t:|1700870263\n|move|p1a: Moltres|Protect|p1a: Moltres\n|-singleturn|p1a: Moltres|Protect\n|move|p2a: Garganacl|Recover|p2a: Garganacl\n|-heal|p2a: Garganacl|67\/100\n|\n|-heal|p1a: Moltres|41\/100|[from] item: Leftovers\n|upkeep\n|turn|37\n|\n|t:|1700870272\n|move|p2a: Garganacl|Protect|p2a: Garganacl\n|-singleturn|p2a: Garganacl|Protect\n|move|p1a: Moltres|Acrobatics|p2a: Garganacl\n|-activate|p2a: Garganacl|move: Protect\n|\n|-heal|p1a: Moltres|48\/100|[from] item: Leftovers\n|upkeep\n|turn|38\n|\n|t:|1700870283\n|move|p1a: Moltres|Acrobatics|p2a: Garganacl\n|-resisted|p2a: Garganacl\n|-damage|p2a: Garganacl|61\/100\n|move|p2a: Garganacl|Recover|p2a: Garganacl\n|-heal|p2a: Garganacl|100\/100\n|\n|-heal|p1a: Moltres|54\/100|[from] item: Leftovers\n|upkeep\n|turn|39\n|\n|t:|1700870291\n|move|p1a: Moltres|Protect|p1a: Moltres\n|-singleturn|p1a: Moltres|Protect\n|move|p2a: Garganacl|Salt Cure|p1a: Moltres\n|-activate|p1a: Moltres|move: Protect\n|\n|-heal|p1a: Moltres|60\/100|[from] item: Leftovers\n|upkeep\n|turn|40\n|\n|t:|1700870299\n|move|p1a: Moltres|Fiery Wrath|p2a: Garganacl\n|-damage|p2a: Garganacl|63\/100\n|move|p2a: Garganacl|Stealth Rock|p1a: Moltres\n|-sidestart|p1: Thatnoob1717|move: Stealth Rock\n|\n|-heal|p1a: Moltres|66\/100|[from] item: Leftovers\n|upkeep\n|turn|41\n|\n|t:|1700870307\n|move|p1a: Moltres|Fiery Wrath|p2a: Garganacl\n|-damage|p2a: Garganacl|23\/100\n|move|p2a: Garganacl|Recover|p2a: Garganacl\n|-heal|p2a: Garganacl|73\/100\n|\n|-heal|p1a: Moltres|72\/100|[from] item: Leftovers\n|upkeep\n|turn|42\n|\n|t:|1700870318\n|move|p1a: Moltres|Fiery Wrath|p2a: Garganacl\n|-damage|p2a: Garganacl|33\/100\n|move|p2a: Garganacl|Recover|p2a: Garganacl\n|-heal|p2a: Garganacl|83\/100\n|\n|-heal|p1a: Moltres|79\/100|[from] item: Leftovers\n|upkeep\n|turn|43\n|\n|t:|1700870336\n|switch|p1a: Zamazenta|Zamazenta-Crowned|91\/100\n|-damage|p1a: Zamazenta|88\/100|[from] Stealth Rock\n|move|p2a: Garganacl|Recover|p2a: Garganacl\n|-heal|p2a: Garganacl|100\/100\n|\n|upkeep\n|turn|44\n|c|\u2606derpamerp|Wheres ur 0ressure?\n|c|\u2606derpamerp|Pressure?\n|\n|t:|1700870350\n|move|p1a: Zamazenta|Behemoth Bash|p2a: Garganacl\n|-supereffective|p2a: Garganacl\n|-damage|p2a: Garganacl|57\/100\n|move|p2a: Garganacl|Salt Cure|p1a: Zamazenta\n|-resisted|p1a: Zamazenta\n|-damage|p1a: Zamazenta|86\/100\n|-start|p1a: Zamazenta|Salt Cure\n|\n|-damage|p1a: Zamazenta|61\/100|[from] Salt Cure\n|upkeep\n|turn|45\n|c|\u2606Thatnoob1717|My what.\n|c|\u2606Thatnoob1717|?*\n|c|\u2606derpamerp|Ability\n|\n|t:|1700870370\n|move|p1a: Zamazenta|Behemoth Bash|p2a: Garganacl\n|-supereffective|p2a: Garganacl\n|-damage|p2a: Garganacl|11\/100\n|move|p2a: Garganacl|Recover|p2a: Garganacl\n|-heal|p2a: Garganacl|61\/100\n|\n|-damage|p1a: Zamazenta|36\/100|[from] Salt Cure\n|upkeep\n|turn|46\n|c|\u2606derpamerp|Pressure\n|c|\u2606Thatnoob1717|Ohhh\n|c|\u2606Thatnoob1717|idk\n|c|\u2606derpamerp|Makes me waste pp\n|c|\u2606derpamerp|I only hqve 8\n|\n|t:|1700870394\n|move|p1a: Zamazenta|Behemoth Bash|p2a: Garganacl\n|-supereffective|p2a: Garganacl\n|-damage|p2a: Garganacl|17\/100\n|move|p2a: Garganacl|Recover|p2a: Garganacl\n|-heal|p2a: Garganacl|67\/100\n|\n|-damage|p1a: Zamazenta|11\/100|[from] Salt Cure\n|upkeep\n|turn|47\n|\n|t:|1700870420\n|move|p2a: Garganacl|Protect|p2a: Garganacl\n|-singleturn|p2a: Garganacl|Protect\n|move|p1a: Zamazenta|Behemoth Bash|p2a: Garganacl\n|-activate|p2a: Garganacl|move: Protect\n|\n|-damage|p1a: Zamazenta|0 fnt|[from] Salt Cure\n|faint|p1a: Zamazenta\n|upkeep\n|\n|t:|1700870430\n|switch|p1a: Moltres|Moltres-Galar|79\/100\n|-damage|p1a: Moltres|54\/100|[from] Stealth Rock\n|turn|48\n|\n|t:|1700870438\n|move|p1a: Moltres|Fiery Wrath|p2a: Garganacl\n|-damage|p2a: Garganacl|40\/100\n|move|p2a: Garganacl|Salt Cure|p1a: Moltres\n|-supereffective|p1a: Moltres\n|-damage|p1a: Moltres|23\/100\n|-start|p1a: Moltres|Salt Cure\n|-ability|p1a: Moltres|Berserk|boost\n|-boost|p1a: Moltres|spa|1\n|\n|-heal|p1a: Moltres|29\/100|[from] item: Leftovers\n|-damage|p1a: Moltres|17\/100|[from] Salt Cure\n|upkeep\n|turn|49\n|c|\u2606derpamerp|Mhm\n|\n|t:|1700870449\n|move|p1a: Moltres|Acrobatics|p2a: Garganacl\n|-resisted|p2a: Garganacl\n|-damage|p2a: Garganacl|34\/100\n|move|p2a: Garganacl|Recover|p2a: Garganacl\n|-heal|p2a: Garganacl|84\/100\n|\n|-heal|p1a: Moltres|23\/100|[from] item: Leftovers\n|-damage|p1a: Moltres|11\/100|[from] Salt Cure\n|upkeep\n|turn|50\n|\n|t:|1700870465\n|move|p1a: Moltres|Fiery Wrath|p2a: Garganacl\n|-damage|p2a: Garganacl|42\/100\n|move|p2a: Garganacl|Salt Cure|p1a: Moltres\n|-supereffective|p1a: Moltres\n|-damage|p1a: Moltres|0 fnt\n|faint|p1a: Moltres\n|\n|upkeep\n|\n|t:|1700870472\n|switch|p1a: Hippowdon|Hippowdon, M|69\/100\n|-damage|p1a: Hippowdon|63\/100|[from] Stealth Rock\n|turn|51\n|c|\u2606derpamerp|Walled :)\n|\n|t:|1700870483\n|move|p1a: Hippowdon|Substitute|p1a: Hippowdon\n|-start|p1a: Hippowdon|Substitute\n|-damage|p1a: Hippowdon|38\/100\n|move|p2a: Garganacl|Salt Cure|p1a: Hippowdon\n|-resisted|p1a: Hippowdon\n|-activate|p1a: Hippowdon|move: Substitute|[damage]\n|\n|-heal|p1a: Hippowdon|44\/100|[from] item: Leftovers\n|upkeep\n|turn|52\n|\n|t:|1700870492\n|move|p1a: Hippowdon|Slack Off|p1a: Hippowdon\n|-heal|p1a: Hippowdon|94\/100\n|move|p2a: Garganacl|Salt Cure|p1a: Hippowdon\n|-resisted|p1a: Hippowdon\n|-activate|p1a: Hippowdon|move: Substitute|[damage]\n|\n|-heal|p1a: Hippowdon|100\/100|[from] item: Leftovers\n|upkeep\n|turn|53\n|c|\u2606derpamerp|3 more pp :)\n|\n|t:|1700870509\n|move|p2a: Garganacl|Protect|p2a: Garganacl\n|-singleturn|p2a: Garganacl|Protect\n|move|p1a: Hippowdon|Stone Edge|p2a: Garganacl\n|-activate|p2a: Garganacl|move: Protect\n|\n|upkeep\n|turn|54\n|c|\u2606Thatnoob1717|I'm screwed anyhow\n|c|\u2606derpamerp|Ye\n|c|\u2606Thatnoob1717|i only have one attack move and it's rock type\n|\n|t:|1700870530\n|move|p1a: Hippowdon|Stone Edge|p2a: Garganacl\n|-damage|p2a: Garganacl|25\/100\n|move|p2a: Garganacl|Salt Cure|p1a: Hippowdon\n|-resisted|p1a: Hippowdon\n|-activate|p1a: Hippowdon|move: Substitute|[damage]\n|\n|upkeep\n|turn|55\n|c|\u2606derpamerp|Yep\n|\n|t:|1700870538\n|move|p1a: Hippowdon|Stone Edge|p2a: Garganacl\n|-damage|p2a: Garganacl|9\/100\n|move|p2a: Garganacl|Salt Cure|p1a: Hippowdon\n|-resisted|p1a: Hippowdon\n|-activate|p1a: Hippowdon|move: Substitute|[damage]\n|\n|upkeep\n|turn|56\n|c|\u2606derpamerp|How does it keep hitting?\n|\n|t:|1700870554\n|move|p1a: Hippowdon|Sandstorm|p1a: Hippowdon\n|-weather|Sandstorm\n|move|p2a: Garganacl|Salt Cure|p1a: Hippowdon\n|-resisted|p1a: Hippowdon\n|-activate|p1a: Hippowdon|move: Substitute|[damage]\n|\n|-weather|Sandstorm|[upkeep]\n|upkeep\n|turn|57\n|c|\u2606Thatnoob1717|Idk\n|\n|t:|1700870562\n|move|p1a: Hippowdon|Stone Edge|p2a: Garganacl\n|-damage|p2a: Garganacl|0 fnt\n|faint|p2a: Garganacl\n|\n|-weather|Sandstorm|[upkeep]\n|upkeep\n|\n|t:|1700870568\n|switch|p2a: Dragapult|Dragapult, M|51\/100\n|turn|58\n|c|\u2606derpamerp|Ah well rip\n|\n|t:|1700870577\n|move|p2a: Dragapult|Phantom Force||[still]\n|-prepare|p2a: Dragapult|Phantom Force\n|move|p1a: Hippowdon|Stone Edge|p2a: Dragapult|[miss]\n|-miss|p1a: Hippowdon|p2a: Dragapult\n|\n|-weather|Sandstorm|[upkeep]\n|-damage|p2a: Dragapult|45\/100|[from] Sandstorm\n|upkeep\n|turn|59\n|\n|t:|1700870588\n|move|p2a: Dragapult|Phantom Force|p1a: Hippowdon|[from]lockedmove\n|-damage|p1a: Hippowdon|73\/100\n|move|p1a: Hippowdon|Slack Off|p1a: Hippowdon\n|-heal|p1a: Hippowdon|100\/100\n|\n|-weather|Sandstorm|[upkeep]\n|-damage|p2a: Dragapult|39\/100|[from] Sandstorm\n|upkeep\n|turn|60\n|\n|t:|1700870598\n|move|p2a: Dragapult|Night Shade|p1a: Hippowdon\n|-damage|p1a: Hippowdon|77\/100\n|move|p1a: Hippowdon|Stone Edge|p2a: Dragapult\n|-crit|p2a: Dragapult\n|-damage|p2a: Dragapult|0 fnt\n|faint|p2a: Dragapult\n|\n|-weather|none\n|-heal|p1a: Hippowdon|83\/100|[from] item: Leftovers\n|upkeep\n|c|\u2606Thatnoob1717|Ain't no way\n|c|\u2606derpamerp|BRO\n|\n|t:|1700870615\n|switch|p2a: Iron Moth|Iron Moth, shiny|69\/100\n|turn|61\n|\n|t:|1700870626\n|move|p2a: Iron Moth|Substitute|p2a: Iron Moth\n|-start|p2a: Iron Moth|Substitute\n|-damage|p2a: Iron Moth|44\/100\n|move|p1a: Hippowdon|Slack Off|p1a: Hippowdon\n|-heal|p1a: Hippowdon|100\/100\n|\n|upkeep\n|turn|62\n|c|\u2606Thatnoob1717|I'm outta moves bro\n|\n|t:|1700870643\n|move|p2a: Iron Moth|Morning Sun|p2a: Iron Moth\n|-heal|p2a: Iron Moth|94\/100\n|move|p1a: Hippowdon|Sandstorm|p1a: Hippowdon\n|-weather|Sandstorm\n|\n|-weather|Sandstorm|[upkeep]\n|-damage|p2a: Iron Moth|88\/100|[from] Sandstorm\n|upkeep\n|turn|63\n|c|\u2606derpamerp|Ah man :)\n|\n|t:|1700870664\n|-terastallize|p1a: Hippowdon|Ground\n|move|p2a: Iron Moth|Dazzling Gleam|p1a: Hippowdon\n|-end|p1a: Hippowdon|Substitute\n|move|p1a: Hippowdon|Substitute|p1a: Hippowdon\n|-start|p1a: Hippowdon|Substitute\n|-damage|p1a: Hippowdon|75\/100\n|\n|-weather|Sandstorm|[upkeep]\n|-damage|p2a: Iron Moth|82\/100|[from] Sandstorm\n|-heal|p1a: Hippowdon|82\/100|[from] item: Leftovers\n|upkeep\n|turn|64\n|c|\u2606derpamerp|That changes nothing\n|\n|t:|1700870680\n|move|p2a: Iron Moth|Dazzling Gleam|p1a: Hippowdon\n|-end|p1a: Hippowdon|Substitute\n|move|p1a: Hippowdon|Slack Off|p1a: Hippowdon\n|-heal|p1a: Hippowdon|100\/100\n|\n|-weather|Sandstorm|[upkeep]\n|-damage|p2a: Iron Moth|76\/100|[from] Sandstorm\n|upkeep\n|turn|65\n|\n|t:|1700870692\n|move|p2a: Iron Moth|Fire Blast|p1a: Hippowdon|[miss]\n|-miss|p2a: Iron Moth|p1a: Hippowdon\n|move|p1a: Hippowdon|Substitute|p1a: Hippowdon\n|-start|p1a: Hippowdon|Substitute\n|-damage|p1a: Hippowdon|75\/100\n|\n|-weather|Sandstorm|[upkeep]\n|-damage|p2a: Iron Moth|70\/100|[from] Sandstorm\n|-heal|p1a: Hippowdon|82\/100|[from] item: Leftovers\n|upkeep\n|turn|66\n|inactive|Battle timer is ON: inactive players will automatically lose when time's up. (requested by Thatnoob1717)\n|\n|t:|1700870710\n|move|p2a: Iron Moth|Dazzling Gleam|p1a: Hippowdon\n|-end|p1a: Hippowdon|Substitute\n|move|p1a: Hippowdon|Substitute|p1a: Hippowdon\n|-start|p1a: Hippowdon|Substitute\n|-damage|p1a: Hippowdon|57\/100\n|\n|-weather|none\n|-heal|p1a: Hippowdon|63\/100|[from] item: Leftovers\n|upkeep\n|turn|67\n|\n|t:|1700870719\n|move|p2a: Iron Moth|Dazzling Gleam|p1a: Hippowdon\n|-crit|p1a: Hippowdon\n|-end|p1a: Hippowdon|Substitute\n|move|p1a: Hippowdon|Sandstorm|p1a: Hippowdon\n|-weather|Sandstorm\n|\n|-weather|Sandstorm|[upkeep]\n|-damage|p2a: Iron Moth|64\/100|[from] Sandstorm\n|-heal|p1a: Hippowdon|69\/100|[from] item: Leftovers\n|upkeep\n|turn|68\n|\n|t:|1700870729\n|move|p2a: Iron Moth|Fire Blast|p1a: Hippowdon\n|-damage|p1a: Hippowdon|5\/100\n|move|p1a: Hippowdon|Substitute|p1a: Hippowdon\n|-fail|p1a: Hippowdon|move: Substitute|[weak]\n|\n|-weather|Sandstorm|[upkeep]\n|-damage|p2a: Iron Moth|58\/100|[from] Sandstorm\n|-heal|p1a: Hippowdon|11\/100|[from] item: Leftovers\n|upkeep\n|turn|69\n|c|\u2606Thatnoob1717|Gg bro\n|c|\u2606derpamerp|Gg\n|\n|t:|1700870749\n|move|p2a: Iron Moth|Dazzling Gleam|p1a: Hippowdon\n|-damage|p1a: Hippowdon|0 fnt\n|faint|p1a: Hippowdon\n|\n|win|derpamerp\n|raw|Thatnoob1717's rating: 1025 &rarr; <strong>1015<\/strong><br \/>(-10 for losing)\n|raw|derpamerp's rating: 1112 &rarr; <strong>1131<\/strong><br \/>(+19 for winning)\n","uploadtime":1700869931,"views":0,"p1id":"thatnoob1717","p2id":"derpamerp","formatid":"gen9anythinggoes","rating":1015,"private":0,"password":""}