{"id":"gen9anythinggoes-1989137641","p1":"Chigusta Aalinks","p2":"FLOOR IT","format":"[Gen 9] Anything Goes","log":"|j|\u2606Chigusta Aalinks\n|j|\u2606FLOOR IT\n|t:|1699816256\n|gametype|singles\n|player|p1|Chigusta Aalinks|flannery|\n|player|p2|FLOOR IT|cynthia-masters|\n|teamsize|p1|6\n|teamsize|p2|6\n|gen|9\n|tier|[Gen 9] Anything Goes\n|rule|HP Percentage Mod: HP is shown in percentages\n|rule|Endless Battle Clause: Forcing endless battles is banned\n|clearpoke\n|poke|p1|Greninja-*, M|\n|poke|p1|Gholdengo|\n|poke|p1|Mimikyu, F|\n|poke|p1|Zangoose, M|\n|poke|p1|Haxorus, F|\n|poke|p1|Masquerain, F|\n|poke|p2|Oricorio, F|\n|poke|p2|Garchomp, F|\n|poke|p2|Diancie|\n|poke|p2|Milotic, F|\n|poke|p2|Lycanroc-Dusk, M|\n|poke|p2|Sneasel-Hisui, M|\n|teampreview\n|c|\u2606Chigusta Aalinks|glhf\n|j| Ryno5311\n|c|\u2606FLOOR IT|You too\n|c|\u2606FLOOR IT|also to you too Ace\n|c|\u2606FLOOR IT|whichever one you are\n|c|\u2606Chigusta Aalinks|<3\n|c|\u2606Chigusta Aalinks|you will never know\n|c|\u2606Chigusta Aalinks|lol i'm just spectating this one\n|c|\u2606Chigusta Aalinks|or am i\n|c|\u2606FLOOR IT|well Id never know\n|c|\u2606Chigusta Aalinks|or am.. I?\n|\n|t:|1699816348\n|start\n|switch|p1a: Spud Webb|Masquerain, F|100\/100\n|switch|p2a: Velvet|Garchomp, F|100\/100\n|-ability|p1a: Spud Webb|Intimidate|boost\n|-unboost|p2a: Velvet|atk|1\n|turn|1\n|c| Ryno5311|oh wow leading webs\n|c|\u2606FLOOR IT|fell stinger me\n|c|\u2606FLOOR IT|I dare you\n|c| Ryno5311|who wouldve guessed\n|\n|t:|1699816366\n|move|p1a: Spud Webb|Sticky Web|p2a: Velvet\n|-sidestart|p2: FLOOR IT|move: Sticky Web\n|move|p2a: Velvet|Stealth Rock|p1a: Spud Webb\n|-sidestart|p1: Chigusta Aalinks|move: Stealth Rock\n|\n|upkeep\n|turn|2\n|c|\u2606Chigusta Aalinks|incredible\n|\n|t:|1699816381\n|switch|p2a: Elysia|Diancie|100\/100\n|-activate|p2a: Elysia|move: Sticky Web\n|-fail|p2a: Elysia|unboost|[from] ability: Clear Body|[of] p2a: Elysia\n|move|p1a: Spud Webb|Stun Spore|p2a: Elysia\n|-status|p2a: Elysia|par\n|\n|upkeep\n|turn|3\n|\n|t:|1699816407\n|switch|p1a: Frigo|Gholdengo|100\/100\n|-damage|p1a: Frigo|94\/100|[from] Stealth Rock\n|cant|p2a: Elysia|par\n|\n|upkeep\n|turn|4\n|c|\u2606Chigusta Aalinks|all skill\n|c|\u2606Chigusta Aalinks|all skiller no filler\n|\n|t:|1699816430\n|move|p1a: Frigo|Make It Rain|p2a: Elysia\n|-supereffective|p2a: Elysia\n|-damage|p2a: Elysia|0 fnt\n|-unboost|p1a: Frigo|spa|1\n|faint|p2a: Elysia\n|\n|upkeep\n|\n|t:|1699816453\n|switch|p2a: Kairi|Milotic, F, shiny|100\/100\n|-activate|p2a: Kairi|move: Sticky Web\n|-unboost|p2a: Kairi|spe|1\n|turn|5\n|c|\u2606Chigusta Aalinks|oh nb4 competitive milotic\n|c|\u2606Chigusta Aalinks|not even competitve smh\n|c|\u2606FLOOR IT|expect the unexpected\n|c|\u2606Chigusta Aalinks|:O\n|\n|t:|1699816501\n|switch|p1a: RagInTheCoroner|Mimikyu, F|100\/100\n|-damage|p1a: RagInTheCoroner|88\/100|[from] Stealth Rock\n|move|p2a: Kairi|Dragon Dance|p2a: Kairi\n|-boost|p2a: Kairi|atk|1\n|-boost|p2a: Kairi|spe|1\n|\n|-status|p2a: Kairi|brn|[from] item: Flame Orb\n|upkeep\n|turn|6\n|c|\u2606Chigusta Aalinks|oh\n|c|\u2606FLOOR IT|yes\n|c|\u2606FLOOR IT|the unexpected has cometh\n|c|\u2606Chigusta Aalinks|he's never hitting aqua tail\n|c|\u2606FLOOR IT|the dark pirate princess\n|\n|t:|1699816537\n|move|p1a: RagInTheCoroner|Swords Dance|p1a: RagInTheCoroner\n|-boost|p1a: RagInTheCoroner|atk|2\n|move|p2a: Kairi|Dragon Dance|p2a: Kairi\n|-boost|p2a: Kairi|atk|1\n|-boost|p2a: Kairi|spe|1\n|\n|-damage|p2a: Kairi|94\/100 brn|[from] brn\n|upkeep\n|turn|7\n|\n|t:|1699816560\n|move|p2a: Kairi|Aqua Tail|p1a: RagInTheCoroner\n|-activate|p1a: RagInTheCoroner|ability: Disguise\n|-damage|p1a: RagInTheCoroner|88\/100\n|detailschange|p1a: RagInTheCoroner|Mimikyu-Busted, F\n|-damage|p1a: RagInTheCoroner|76\/100|[from] pokemon: Mimikyu-Busted\n|move|p1a: RagInTheCoroner|Swords Dance|p1a: RagInTheCoroner\n|-boost|p1a: RagInTheCoroner|atk|2\n|\n|-damage|p2a: Kairi|88\/100 brn|[from] brn\n|upkeep\n|turn|8\n|\n|t:|1699816583\n|move|p2a: Kairi|Aqua Tail|p1a: RagInTheCoroner\n|-damage|p1a: RagInTheCoroner|20\/100\n|move|p1a: RagInTheCoroner|Wood Hammer|p2a: Kairi\n|-supereffective|p2a: Kairi\n|-damage|p2a: Kairi|0 fnt\n|faint|p2a: Kairi\n|-damage|p1a: RagInTheCoroner|0 fnt|[from] Recoil\n|faint|p1a: RagInTheCoroner\n|\n|upkeep\n|j| Frosty458\n|\n|t:|1699816606\n|switch|p1a: Spud Webb|Masquerain, F|100\/100\n|switch|p2a: Kosma|Sneasel-Hisui, M, shiny|100\/100\n|-activate|p2a: Kosma|move: Sticky Web\n|-unboost|p2a: Kosma|spe|1\n|-ability|p1a: Spud Webb|Intimidate|boost\n|-fail|p2a: Kosma|unboost|Attack|[from] ability: Inner Focus|[of] p2a: Kosma\n|turn|9\n|c|\u2606Chigusta Aalinks|ive been got\n|c|\u2606Chigusta Aalinks|ooooh that sprite is fire\n|\n|t:|1699816638\n|move|p2a: Kosma|Gunk Shot|p1a: Spud Webb\n|-damage|p1a: Spud Webb|30\/100\n|-status|p1a: Spud Webb|psn\n|move|p1a: Spud Webb|Hurricane|p2a: Kosma|[miss]\n|-miss|p1a: Spud Webb|p2a: Kosma\n|\n|-damage|p1a: Spud Webb|18\/100 psn|[from] psn\n|upkeep\n|turn|10\n|\n|t:|1699816647\n|switch|p1a: Frigo|Gholdengo|94\/100\n|-damage|p1a: Frigo|88\/100|[from] Stealth Rock\n|move|p2a: Kosma|Gunk Shot|p1a: Frigo\n|-immune|p1a: Frigo\n|\n|upkeep\n|turn|11\n|\n|t:|1699816661\n|switch|p2a: Velvet|Garchomp, F|100\/100\n|-activate|p2a: Velvet|move: Sticky Web\n|-unboost|p2a: Velvet|spe|1\n|move|p1a: Frigo|Shadow Ball|p2a: Velvet\n|-damage|p2a: Velvet|66\/100\n|\n|upkeep\n|turn|12\n|\n|t:|1699816703\n|switch|p1a: Spud Webb|Masquerain, F|18\/100 psn\n|-ability|p1a: Spud Webb|Intimidate|boost\n|-unboost|p2a: Velvet|atk|1\n|move|p2a: Velvet|Rest|p2a: Velvet\n|-status|p2a: Velvet|slp|[from] move: Rest\n|-heal|p2a: Velvet|100\/100 slp|[silent]\n|\n|-damage|p1a: Spud Webb|6\/100 psn|[from] psn\n|upkeep\n|turn|13\n|\n|t:|1699816716\n|move|p1a: Spud Webb|Hurricane|p2a: Velvet\n|-damage|p2a: Velvet|64\/100 slp\n|cant|p2a: Velvet|slp\n|\n|-damage|p1a: Spud Webb|0 fnt|[from] psn\n|faint|p1a: Spud Webb\n|upkeep\n|\n|t:|1699816723\n|switch|p1a: HaxGod|Haxorus, F|100\/100\n|-damage|p1a: HaxGod|88\/100|[from] Stealth Rock\n|-ability|p1a: HaxGod|Mold Breaker\n|turn|14\n|\n|t:|1699816729\n|switch|p2a: Nilou|Oricorio, F|100\/100\n|-terastallize|p1a: HaxGod|Fighting\n|move|p1a: HaxGod|Dragon Dance|p1a: HaxGod\n|-boost|p1a: HaxGod|atk|1\n|-boost|p1a: HaxGod|spe|1\n|-enditem|p2a: Nilou|Mirror Herb\n|-boost|p2a: Nilou|atk|1|[from] item: Mirror Herb\n|-boost|p2a: Nilou|spe|1|[from] item: Mirror Herb\n|-activate|p2a: Nilou|ability: Dancer\n|move|p2a: Nilou|Dragon Dance|p2a: Nilou|[from]ability: Dancer\n|-boost|p2a: Nilou|atk|1\n|-boost|p2a: Nilou|spe|1\n|\n|upkeep\n|turn|15\n|c| Ryno5311|welp\n|c|\u2606FLOOR IT|fear her\n|\n|t:|1699816790\n|move|p2a: Nilou|Acrobatics|p1a: HaxGod\n|-supereffective|p1a: HaxGod\n|-damage|p1a: HaxGod|0 fnt\n|faint|p1a: HaxGod\n|\n|upkeep\n|\n|t:|1699816851\n|switch|p1a: Frigo|Gholdengo|88\/100\n|-damage|p1a: Frigo|82\/100|[from] Stealth Rock\n|turn|16\n|\n|t:|1699816856\n|-terastallize|p2a: Nilou|Fire\n|move|p2a: Nilou|Tera Blast|p1a: Frigo|[anim] Tera Blast Fire\n|-supereffective|p1a: Frigo\n|-damage|p1a: Frigo|0 fnt\n|faint|p1a: Frigo\n|\n|upkeep\n|c|\u2606Chigusta Aalinks|lol rip\n|c|\u2606FLOOR IT|fear\n|c|\u2606FLOOR IT|her\n|c|\u2606Chigusta Aalinks|beeeg yikes\n|\n|t:|1699816894\n|switch|p1a: FrogTogg|Greninja, M|100\/100\n|-damage|p1a: FrogTogg|88\/100|[from] Stealth Rock\n|turn|17\n|\n|t:|1699816899\n|move|p1a: FrogTogg|Water Shuriken|p2a: Nilou\n|-start|p1a: FrogTogg|typechange|Water|[from] ability: Protean\n|-supereffective|p2a: Nilou\n|-damage|p2a: Nilou|70\/100\n|-supereffective|p2a: Nilou\n|-damage|p2a: Nilou|38\/100\n|-supereffective|p2a: Nilou\n|-damage|p2a: Nilou|6\/100\n|-hitcount|p2a: Nilou|3\n|-damage|p1a: FrogTogg|78\/100|[from] item: Life Orb\n|move|p2a: Nilou|Acrobatics|p1a: FrogTogg\n|-damage|p1a: FrogTogg|0 fnt\n|faint|p1a: FrogTogg\n|\n|upkeep\n|c| Ryno5311|this is a great nickname\n|\n|t:|1699816914\n|switch|p1a: Unloosed|Zangoose, M|100\/100\n|-damage|p1a: Unloosed|88\/100|[from] Stealth Rock\n|turn|18\n|l| Frosty458\n|\n|t:|1699816919\n|move|p2a: Nilou|Acrobatics|p1a: Unloosed\n|-damage|p1a: Unloosed|0 fnt\n|faint|p1a: Unloosed\n|\n|win|FLOOR IT\n|c|\u2606Chigusta Aalinks|ggs\n|c|\u2606FLOOR IT|ggs\n|j| Lickilicky7\n","uploadtime":1699816925,"views":28,"p1id":"chigustaaalinks","p2id":"floorit","formatid":"gen9anythinggoes","rating":0,"private":0,"password":""}