{"id":"gen9anythinggoes-1991862267","p1":"manpineapple","p2":"Ashclone3","format":"[Gen 9] Anything Goes","log":"|j|\u2606manpineapple\n|j|\u2606Ashclone3\n|t:|1700130119\n|gametype|singles\n|player|p1|manpineapple|lucas-gen4pt|1000\n|player|p2|Ashclone3|swimmer-gen4dp|1042\n|teamsize|p1|6\n|teamsize|p2|6\n|gen|9\n|tier|[Gen 9] Anything Goes\n|rated|\n|rule|HP Percentage Mod: HP is shown in percentages\n|rule|Endless Battle Clause: Forcing endless battles is banned\n|clearpoke\n|poke|p1|Ceruledge, F|\n|poke|p1|Meowscarada, M|\n|poke|p1|Eternatus|\n|poke|p1|Greninja-*, M|\n|poke|p1|Charizard, M|\n|poke|p1|Eelektross, M|\n|poke|p2|Ribombee, M|\n|poke|p2|Gliscor, M|\n|poke|p2|Arcanine-Hisui, F|\n|poke|p2|Clodsire, F|\n|poke|p2|Walking Wake|\n|poke|p2|Scizor, F|\n|teampreview\n|\n|t:|1700130125\n|start\n|switch|p1a: Meowscarada|Meowscarada, M|100\/100\n|switch|p2a: What the|Ribombee, M|100\/100\n|turn|1\n|\n|t:|1700130130\n|move|p2a: What the|Sticky Web|p1a: Meowscarada\n|-sidestart|p1: manpineapple|move: Sticky Web\n|move|p1a: Meowscarada|Knock Off|p2a: What the\n|-resisted|p2a: What the\n|-damage|p2a: What the|53\/100\n|-enditem|p2a: What the|Focus Sash|[from] move: Knock Off|[of] p1a: Meowscarada\n|-damage|p1a: Meowscarada|91\/100|[from] item: Life Orb\n|\n|upkeep\n|turn|2\n|\n|t:|1700130144\n|move|p2a: What the|Reflect|p2a: What the\n|-sidestart|p2: Ashclone3|Reflect\n|move|p1a: Meowscarada|Flower Trick|p2a: What the\n|-resisted|p2a: What the\n|-crit|p2a: What the\n|-damage|p2a: What the|3\/100\n|-damage|p1a: Meowscarada|81\/100|[from] item: Life Orb\n|\n|upkeep\n|turn|3\n|\n|t:|1700130170\n|move|p2a: What the|U-turn|p1a: Meowscarada\n|-supereffective|p1a: Meowscarada\n|-damage|p1a: Meowscarada|0 fnt\n|faint|p1a: Meowscarada\n|\n|t:|1700130179\n|switch|p2a: Claws mcgee 2|Scizor, F|100\/100|[from] U-turn\n|\n|upkeep\n|\n|t:|1700130183\n|switch|p1a: Charizard|Charizard, M|100\/100\n|turn|4\n|\n|t:|1700130190\n|move|p1a: Charizard|Flamethrower|p2a: Claws mcgee 2\n|-supereffective|p2a: Claws mcgee 2\n|-crit|p2a: Claws mcgee 2\n|-damage|p2a: Claws mcgee 2|0 fnt\n|faint|p2a: Claws mcgee 2\n|\n|upkeep\n|\n|t:|1700130195\n|switch|p2a: FISH!!!!|Walking Wake|100\/100\n|-enditem|p2a: FISH!!!!|Booster Energy\n|-activate|p2a: FISH!!!!|ability: Protosynthesis|[fromitem]\n|-start|p2a: FISH!!!!|protosynthesisspa\n|turn|5\n|\n|t:|1700130217\n|move|p2a: FISH!!!!|Hydro Steam|p1a: Charizard\n|-supereffective|p1a: Charizard\n|-damage|p1a: Charizard|0 fnt\n|faint|p1a: Charizard\n|\n|upkeep\n|\n|t:|1700130227\n|switch|p1a: Eternatus|Eternatus|100\/100\n|-activate|p1a: Eternatus|move: Sticky Web\n|-unboost|p1a: Eternatus|spe|1\n|-ability|p1a: Eternatus|Pressure\n|turn|6\n|\n|t:|1700130235\n|move|p2a: FISH!!!!|Hydro Steam|p1a: Eternatus\n|-resisted|p1a: Eternatus\n|-damage|p1a: Eternatus|80\/100\n|move|p1a: Eternatus|Dynamax Cannon|p2a: FISH!!!!\n|-supereffective|p2a: FISH!!!!\n|-damage|p2a: FISH!!!!|0 fnt\n|faint|p2a: FISH!!!!\n|-end|p2a: FISH!!!!|Protosynthesis|[silent]\n|\n|-heal|p1a: Eternatus|86\/100|[from] item: Leftovers\n|-sideend|p2: Ashclone3|Reflect\n|upkeep\n|\n|t:|1700130247\n|switch|p2a: Claws mcgee|Gliscor, M|100\/100\n|turn|7\n|\n|t:|1700130255\n|move|p2a: Claws mcgee|Swords Dance|p2a: Claws mcgee\n|-boost|p2a: Claws mcgee|atk|2\n|move|p1a: Eternatus|Gunk Shot|p2a: Claws mcgee\n|-resisted|p2a: Claws mcgee\n|-crit|p2a: Claws mcgee\n|-damage|p2a: Claws mcgee|73\/100\n|\n|-heal|p1a: Eternatus|92\/100|[from] item: Leftovers\n|-status|p2a: Claws mcgee|tox|[from] item: Toxic Orb\n|upkeep\n|turn|8\n|\n|t:|1700130267\n|move|p2a: Claws mcgee|Swords Dance|p2a: Claws mcgee\n|-boost|p2a: Claws mcgee|atk|2\n|move|p1a: Eternatus|Dynamax Cannon|p2a: Claws mcgee\n|-damage|p2a: Claws mcgee|8\/100 tox\n|\n|-heal|p1a: Eternatus|98\/100|[from] item: Leftovers\n|-heal|p2a: Claws mcgee|20\/100 tox|[from] ability: Poison Heal\n|upkeep\n|turn|9\n|\n|t:|1700130275\n|move|p2a: Claws mcgee|Facade|p1a: Eternatus\n|-damage|p1a: Eternatus|28\/100\n|move|p1a: Eternatus|Dynamax Cannon|p2a: Claws mcgee\n|-damage|p2a: Claws mcgee|0 fnt\n|faint|p2a: Claws mcgee\n|\n|-heal|p1a: Eternatus|34\/100|[from] item: Leftovers\n|upkeep\n|\n|t:|1700130283\n|switch|p2a: Dog!!!!|Arcanine-Hisui, F|100\/100\n|turn|10\n|\n|t:|1700130291\n|-terastallize|p1a: Eternatus|Poison\n|move|p2a: Dog!!!!|Extreme Speed|p1a: Eternatus\n|-damage|p1a: Eternatus|4\/100\n|move|p1a: Eternatus|Gunk Shot|p2a: Dog!!!!\n|-resisted|p2a: Dog!!!!\n|-damage|p2a: Dog!!!!|64\/100\n|-status|p2a: Dog!!!!|psn\n|\n|-heal|p1a: Eternatus|10\/100|[from] item: Leftovers\n|-damage|p2a: Dog!!!!|51\/100 psn|[from] psn\n|upkeep\n|turn|11\n|\n|t:|1700130303\n|move|p2a: Dog!!!!|Extreme Speed|p1a: Eternatus\n|-damage|p1a: Eternatus|0 fnt\n|faint|p1a: Eternatus\n|\n|-damage|p2a: Dog!!!!|39\/100 psn|[from] psn\n|upkeep\n|\n|t:|1700130310\n|switch|p1a: Greninja|Greninja, M|100\/100\n|-activate|p1a: Greninja|move: Sticky Web\n|-unboost|p1a: Greninja|spe|1\n|turn|12\n|\n|t:|1700130327\n|switch|p2a: Silly Guy|Clodsire, F|100\/100\n|move|p1a: Greninja|Hydro Pump|p2a: Silly Guy\n|-supereffective|p2a: Silly Guy\n|-damage|p2a: Silly Guy|56\/100\n|\n|-heal|p2a: Silly Guy|62\/100|[from] item: Leftovers\n|upkeep\n|turn|13\n|\n|t:|1700130336\n|move|p1a: Greninja|Rain Dance|p1a: Greninja\n|-weather|RainDance\n|move|p2a: Silly Guy|Toxic|p1a: Greninja\n|-status|p1a: Greninja|tox\n|\n|-weather|RainDance|[upkeep]\n|-heal|p2a: Silly Guy|69\/100|[from] item: Leftovers\n|-damage|p1a: Greninja|94\/100 tox|[from] psn\n|upkeep\n|turn|14\n|\n|t:|1700130344\n|move|p1a: Greninja|Hydro Pump|p2a: Silly Guy\n|-supereffective|p2a: Silly Guy\n|-damage|p2a: Silly Guy|1\/100\n|move|p2a: Silly Guy|Gunk Shot|p1a: Greninja|[miss]\n|-miss|p2a: Silly Guy|p1a: Greninja\n|\n|-weather|RainDance|[upkeep]\n|-heal|p1a: Greninja|100\/100 tox|[from] item: Leftovers\n|-heal|p2a: Silly Guy|8\/100|[from] item: Leftovers\n|-damage|p1a: Greninja|88\/100 tox|[from] psn\n|upkeep\n|turn|15\n|\n|t:|1700130356\n|switch|p2a: What the|Ribombee, M|3\/100\n|move|p1a: Greninja|Hydro Pump|p2a: What the\n|-damage|p2a: What the|0 fnt\n|faint|p2a: What the\n|-ability|p1a: Greninja|Battle Bond|boost\n|-boost|p1a: Greninja|atk|1\n|-boost|p1a: Greninja|spa|1\n|-boost|p1a: Greninja|spe|1\n|-activate|p1a: Greninja|ability: Battle Bond\n|\n|-weather|RainDance|[upkeep]\n|-heal|p1a: Greninja|94\/100 tox|[from] item: Leftovers\n|-damage|p1a: Greninja|76\/100 tox|[from] psn\n|upkeep\n|\n|t:|1700130369\n|switch|p2a: Dog!!!!|Arcanine-Hisui, F|39\/100 psn\n|turn|16\n|\n|t:|1700130377\n|move|p2a: Dog!!!!|Wild Charge|p1a: Greninja\n|-supereffective|p1a: Greninja\n|-damage|p1a: Greninja|0 fnt\n|faint|p1a: Greninja\n|\n|-weather|RainDance|[upkeep]\n|-damage|p2a: Dog!!!!|26\/100 psn|[from] psn\n|upkeep\n|\n|t:|1700130384\n|switch|p1a: Ceruledge|Ceruledge, F|100\/100\n|-activate|p1a: Ceruledge|move: Sticky Web\n|-unboost|p1a: Ceruledge|spe|1\n|turn|17\n|\n|t:|1700130391\n|switch|p2a: Silly Guy|Clodsire, F|8\/100\n|move|p1a: Ceruledge|Destiny Bond|p1a: Ceruledge\n|-singlemove|p1a: Ceruledge|Destiny Bond\n|\n|-weather|none\n|-heal|p2a: Silly Guy|14\/100|[from] item: Leftovers\n|upkeep\n|turn|18\n|\n|t:|1700130400\n|move|p1a: Ceruledge|Bitter Blade|p2a: Silly Guy\n|-damage|p2a: Silly Guy|0 fnt\n|faint|p2a: Silly Guy\n|\n|upkeep\n|\n|t:|1700130405\n|switch|p2a: Dog!!!!|Arcanine-Hisui, F|26\/100 psn\n|turn|19\n|\n|t:|1700130408\n|move|p2a: Dog!!!!|Head Smash|p1a: Ceruledge\n|-supereffective|p1a: Ceruledge\n|-damage|p1a: Ceruledge|0 fnt\n|faint|p1a: Ceruledge\n|\n|-damage|p2a: Dog!!!!|14\/100 psn|[from] psn\n|upkeep\n|\n|t:|1700130415\n|switch|p1a: Eelektross|Eelektross, M|100\/100\n|turn|20\n|\n|t:|1700130428\n|move|p2a: Dog!!!!|Head Smash|p1a: Eelektross\n|-damage|p1a: Eelektross|0 fnt\n|faint|p1a: Eelektross\n|\n|win|Ashclone3\n|raw|manpineapple's rating: 1000 &rarr; <strong>1000<\/strong><br \/>(+0 for losing)\n|raw|Ashclone3's rating: 1042 &rarr; <strong>1072<\/strong><br \/>(+30 for winning)\n|c|\u2606Ashclone3|gg\n|l|\u2606manpineapple\n","uploadtime":1700130441,"views":5,"p1id":"manpineapple","p2id":"ashclone3","formatid":"gen9anythinggoes","rating":1000,"private":0,"password":""}