{"id":"gen9anythinggoes-1997396440","p1":"Dilllll","p2":"cringelord19","format":"[Gen 9] Anything Goes","log":"|j|\u2606Dilllll\n|j|\u2606cringelord19\n|t:|1700798780\n|gametype|singles\n|player|p1|Dilllll|n|1268\n|player|p2|cringelord19|266|1338\n|teamsize|p1|6\n|teamsize|p2|6\n|gen|9\n|tier|[Gen 9] Anything Goes\n|rated|\n|rule|HP Percentage Mod: HP is shown in percentages\n|rule|Endless Battle Clause: Forcing endless battles is banned\n|clearpoke\n|poke|p1|Chi-Yu|\n|poke|p1|Garchomp, M|\n|poke|p1|Iron Treads|\n|poke|p1|Sinistcha-Masterpiece|\n|poke|p1|Mew|\n|poke|p1|Milotic, M|\n|poke|p2|Scovillain, M|\n|poke|p2|Tauros, M|\n|poke|p2|Orthworm, F|\n|poke|p2|Goodra-Hisui, M|\n|poke|p2|Farigiraf, F|\n|poke|p2|Palossand, M|\n|teampreview\n|\n|t:|1700798789\n|start\n|switch|p1a: Mew|Mew, shiny|100\/100\n|switch|p2a: Scovillain|Scovillain, M|100\/100\n|turn|1\n|\n|t:|1700798801\n|move|p1a: Mew|Dragon Dance|p1a: Mew\n|-boost|p1a: Mew|atk|1\n|-boost|p1a: Mew|spe|1\n|move|p2a: Scovillain|Sunny Day|p2a: Scovillain\n|-weather|SunnyDay\n|\n|-weather|SunnyDay|[upkeep]\n|upkeep\n|turn|2\n|\n|t:|1700798817\n|move|p2a: Scovillain|Growth|p2a: Scovillain\n|-boost|p2a: Scovillain|atk|2\n|-boost|p2a: Scovillain|spa|2\n|move|p1a: Mew|Psychic Fangs|p2a: Scovillain\n|-damage|p2a: Scovillain|0 fnt\n|faint|p2a: Scovillain\n|\n|-weather|SunnyDay|[upkeep]\n|upkeep\n|\n|t:|1700798825\n|switch|p2a: Tauros|Tauros, M|100\/100\n|-ability|p2a: Tauros|Intimidate|boost\n|-unboost|p1a: Mew|atk|1\n|turn|3\n|\n|t:|1700798831\n|move|p1a: Mew|Drain Punch|p2a: Tauros\n|-supereffective|p2a: Tauros\n|-damage|p2a: Tauros|46\/100\n|move|p2a: Tauros|Lash Out|p1a: Mew\n|-supereffective|p1a: Mew\n|-damage|p1a: Mew|43\/100\n|-enditem|p1a: Mew|Weakness Policy\n|-boost|p1a: Mew|atk|2|[from] item: Weakness Policy\n|-boost|p1a: Mew|spa|2|[from] item: Weakness Policy\n|-damage|p2a: Tauros|36\/100|[from] item: Life Orb\n|\n|-weather|SunnyDay|[upkeep]\n|upkeep\n|turn|4\n|\n|t:|1700798839\n|move|p1a: Mew|Drain Punch|p2a: Tauros\n|-supereffective|p2a: Tauros\n|-damage|p2a: Tauros|0 fnt\n|-heal|p1a: Mew|59\/100|[from] drain|[of] p2a: Tauros\n|faint|p2a: Tauros\n|\n|-weather|SunnyDay|[upkeep]\n|upkeep\n|\n|t:|1700798843\n|switch|p2a: Orthworm|Orthworm, F|100\/100\n|turn|5\n|\n|t:|1700798854\n|move|p1a: Mew|Drain Punch|p2a: Orthworm\n|-supereffective|p2a: Orthworm\n|-damage|p2a: Orthworm|32\/100\n|-heal|p1a: Mew|93\/100|[from] drain|[of] p2a: Orthworm\n|-damage|p1a: Mew|76\/100|[from] item: Rocky Helmet|[of] p2a: Orthworm\n|move|p2a: Orthworm|Coil|p2a: Orthworm\n|-boost|p2a: Orthworm|atk|1\n|-boost|p2a: Orthworm|def|1\n|-boost|p2a: Orthworm|accuracy|1\n|\n|-weather|none\n|upkeep\n|turn|6\n|\n|t:|1700798861\n|move|p1a: Mew|Drain Punch|p2a: Orthworm\n|-supereffective|p2a: Orthworm\n|-damage|p2a: Orthworm|0 fnt\n|-heal|p1a: Mew|93\/100|[from] drain|[of] p2a: Orthworm\n|-damage|p1a: Mew|76\/100|[from] item: Rocky Helmet|[of] p2a: Orthworm\n|faint|p2a: Orthworm\n|\n|upkeep\n|\n|t:|1700798866\n|switch|p2a: Farigiraf|Farigiraf, F|100\/100\n|turn|7\n|\n|t:|1700798878\n|move|p1a: Mew|Drain Punch|p2a: Farigiraf\n|-damage|p2a: Farigiraf|55\/100\n|-heal|p1a: Mew|100\/100|[from] drain|[of] p2a: Farigiraf\n|move|p2a: Farigiraf|Shadow Ball|p1a: Mew\n|-supereffective|p1a: Mew\n|-damage|p1a: Mew|50\/100\n|\n|-heal|p2a: Farigiraf|62\/100|[from] item: Leftovers\n|upkeep\n|turn|8\n|\n|t:|1700798892\n|move|p1a: Mew|Drain Punch|p2a: Farigiraf\n|-damage|p2a: Farigiraf|20\/100\n|-heal|p1a: Mew|77\/100|[from] drain|[of] p2a: Farigiraf\n|move|p2a: Farigiraf|Shadow Ball|p1a: Mew\n|-supereffective|p1a: Mew\n|-damage|p1a: Mew|24\/100\n|\n|-heal|p2a: Farigiraf|26\/100|[from] item: Leftovers\n|upkeep\n|turn|9\n|\n|t:|1700798901\n|switch|p2a: Palossand|Palossand, M, shiny|100\/100\n|move|p1a: Mew|Drain Punch|p2a: Palossand\n|-immune|p2a: Palossand\n|\n|upkeep\n|turn|10\n|\n|t:|1700798913\n|move|p1a: Mew|Poltergeist|p2a: Palossand\n|-activate|p2a: Palossand|move: Poltergeist|Passho Berry\n|-supereffective|p2a: Palossand\n|-damage|p2a: Palossand|0 fnt\n|faint|p2a: Palossand\n|\n|upkeep\n|\n|t:|1700798920\n|switch|p2a: Goodra|Goodra-Hisui, M, shiny|100\/100\n|turn|11\n|-message|cringelord19 forfeited.\n|\n|win|Dilllll\n|raw|Dilllll's rating: 1268 &rarr; <strong>1298<\/strong><br \/>(+30 for winning)\n|raw|cringelord19's rating: 1338 &rarr; <strong>1314<\/strong><br \/>(-24 for losing)\n|l|\u2606cringelord19\n","uploadtime":1700798925,"views":0,"p1id":"dilllll","p2id":"cringelord19","formatid":"gen9anythinggoes","rating":1298,"private":0,"password":""}