{"id":"gen9anythinggoes-1979135177","p1":"mattyplays10","p2":"gildstone","format":"[Gen 9] Anything Goes","log":"|j|\u2606mattyplays10\n|j|\u2606gildstone\n|t:|1698637055\n|gametype|singles\n|player|p1|mattyplays10|larry|1239\n|player|p2|gildstone|2|1170\n|teamsize|p1|6\n|teamsize|p2|6\n|gen|9\n|tier|[Gen 9] Anything Goes\n|rated|\n|rule|HP Percentage Mod: HP is shown in percentages\n|rule|Endless Battle Clause: Forcing endless battles is banned\n|clearpoke\n|poke|p1|Skeledirge, M|\n|poke|p1|Regieleki|\n|poke|p1|Tinkaton, F|\n|poke|p1|Koraidon|\n|poke|p1|Roaring Moon|\n|poke|p1|Blissey, F|\n|poke|p2|Clefable, F|\n|poke|p2|Glimmora, F|\n|poke|p2|Garganacl, F|\n|poke|p2|Drifblim, F|\n|poke|p2|Manaphy|\n|poke|p2|Vaporeon, F|\n|teampreview\n|\n|t:|1698637062\n|start\n|switch|p1a: Koraidon|Koraidon|100\/100\n|switch|p2a: Garganacl|Garganacl, F, shiny|100\/100\n|-weather|SunnyDay|[from] ability: Orichalcum Pulse|[of] p1a: Koraidon\n|-activate|p1a: Koraidon|Orichalcum Pulse|[source]\n|turn|1\n|\n|t:|1698637081\n|-terastallize|p2a: Garganacl|Ghost\n|move|p1a: Koraidon|Collision Course|p2a: Garganacl\n|-immune|p2a: Garganacl\n|move|p2a: Garganacl|Salt Cure|p1a: Koraidon\n|-resisted|p1a: Koraidon\n|-damage|p1a: Koraidon|94\/100\n|-start|p1a: Koraidon|Salt Cure\n|\n|-weather|SunnyDay|[upkeep]\n|-damage|p1a: Koraidon|82\/100|[from] Salt Cure\n|upkeep\n|turn|2\n|\n|t:|1698637095\n|move|p1a: Koraidon|Flame Charge|p2a: Garganacl\n|-damage|p2a: Garganacl|84\/100\n|-boost|p1a: Koraidon|spe|1\n|move|p2a: Garganacl|Curse|p1a: Koraidon\n|-start|p1a: Koraidon|Curse|[of] p2a: Garganacl\n|-damage|p2a: Garganacl|34\/100\n|\n|-weather|SunnyDay|[upkeep]\n|-heal|p2a: Garganacl|40\/100|[from] item: Leftovers\n|-damage|p1a: Koraidon|57\/100|[from] Curse\n|-damage|p1a: Koraidon|44\/100|[from] Salt Cure\n|upkeep\n|turn|3\n|\n|t:|1698637109\n|move|p1a: Koraidon|Flame Charge|p2a: Garganacl\n|-damage|p2a: Garganacl|20\/100\n|-boost|p1a: Koraidon|spe|1\n|move|p2a: Garganacl|Recover|p2a: Garganacl\n|-heal|p2a: Garganacl|70\/100\n|\n|-weather|SunnyDay|[upkeep]\n|-heal|p2a: Garganacl|76\/100|[from] item: Leftovers\n|-damage|p1a: Koraidon|20\/100|[from] Curse\n|-damage|p1a: Koraidon|7\/100|[from] Salt Cure\n|upkeep\n|turn|4\n|\n|t:|1698637123\n|move|p1a: Koraidon|Dragon Claw|p2a: Garganacl\n|-damage|p2a: Garganacl|46\/100\n|move|p2a: Garganacl|Recover|p2a: Garganacl\n|-heal|p2a: Garganacl|96\/100\n|\n|-weather|SunnyDay|[upkeep]\n|-heal|p2a: Garganacl|100\/100|[from] item: Leftovers\n|-damage|p1a: Koraidon|0 fnt|[from] Curse\n|faint|p1a: Koraidon\n|upkeep\n|\n|t:|1698637133\n|switch|p1a: Roaring Moon|Roaring Moon|100\/100\n|-activate|p1a: Roaring Moon|ability: Protosynthesis\n|-start|p1a: Roaring Moon|protosynthesisatk\n|turn|5\n|\n|t:|1698637143\n|-end|p1a: Roaring Moon|Protosynthesis|[silent]\n|switch|p1a: Skeledirge|Skeledirge, M|100\/100\n|move|p2a: Garganacl|Salt Cure|p1a: Skeledirge\n|-supereffective|p1a: Skeledirge\n|-damage|p1a: Skeledirge|72\/100\n|-start|p1a: Skeledirge|Salt Cure\n|\n|-weather|none\n|-damage|p1a: Skeledirge|60\/100|[from] Salt Cure\n|upkeep\n|turn|6\n|\n|t:|1698637162\n|move|p1a: Skeledirge|Overheat|p2a: Garganacl|[miss]\n|-miss|p1a: Skeledirge|p2a: Garganacl\n|move|p2a: Garganacl|Recover||[still]\n|-fail|p2a: Garganacl|heal\n|\n|-damage|p1a: Skeledirge|48\/100|[from] Salt Cure\n|upkeep\n|turn|7\n|\n|t:|1698637181\n|move|p1a: Skeledirge|Overheat|p2a: Garganacl\n|-damage|p2a: Garganacl|46\/100\n|-unboost|p1a: Skeledirge|spa|2\n|move|p2a: Garganacl|Salt Cure|p1a: Skeledirge\n|-supereffective|p1a: Skeledirge\n|-damage|p1a: Skeledirge|20\/100\n|\n|-heal|p2a: Garganacl|52\/100|[from] item: Leftovers\n|-damage|p1a: Skeledirge|8\/100|[from] Salt Cure\n|upkeep\n|turn|8\n|\n|t:|1698637192\n|move|p1a: Skeledirge|Overheat|p2a: Garganacl\n|-damage|p2a: Garganacl|11\/100\n|-unboost|p1a: Skeledirge|spa|2\n|move|p2a: Garganacl|Recover|p2a: Garganacl\n|-heal|p2a: Garganacl|61\/100\n|\n|-heal|p2a: Garganacl|68\/100|[from] item: Leftovers\n|-damage|p1a: Skeledirge|0 fnt|[from] Salt Cure\n|faint|p1a: Skeledirge\n|upkeep\n|\n|t:|1698637198\n|switch|p1a: Roaring Moon|Roaring Moon|100\/100\n|-enditem|p1a: Roaring Moon|Booster Energy\n|-activate|p1a: Roaring Moon|ability: Protosynthesis|[fromitem]\n|-start|p1a: Roaring Moon|protosynthesisatk\n|turn|9\n|\n|t:|1698637208\n|-terastallize|p1a: Roaring Moon|Flying\n|move|p1a: Roaring Moon|Throat Chop|p2a: Garganacl\n|-supereffective|p2a: Garganacl\n|-damage|p2a: Garganacl|5\/100\n|-start|p2a: Garganacl|Throat Chop|[silent]\n|move|p2a: Garganacl|Curse|p1a: Roaring Moon\n|-start|p1a: Roaring Moon|Curse|[of] p2a: Garganacl\n|-damage|p2a: Garganacl|0 fnt\n|faint|p2a: Garganacl\n|\n|-damage|p1a: Roaring Moon|76\/100|[from] Curse\n|upkeep\n|\n|t:|1698637225\n|switch|p2a: Clefable|Clefable, F, shiny|100\/100\n|turn|10\n|\n|t:|1698637233\n|move|p1a: Roaring Moon|Acrobatics|p2a: Clefable\n|-damage|p2a: Clefable|5\/100\n|move|p2a: Clefable|Icy Wind|p1a: Roaring Moon\n|-supereffective|p1a: Roaring Moon\n|-damage|p1a: Roaring Moon|40\/100\n|-unboost|p1a: Roaring Moon|spe|1\n|\n|-heal|p2a: Clefable|11\/100|[from] item: Leftovers\n|-damage|p1a: Roaring Moon|16\/100|[from] Curse\n|upkeep\n|turn|11\n|\n|t:|1698637244\n|move|p1a: Roaring Moon|Acrobatics|p2a: Clefable\n|-damage|p2a: Clefable|0 fnt\n|faint|p2a: Clefable\n|\n|-damage|p1a: Roaring Moon|0 fnt|[from] Curse\n|faint|p1a: Roaring Moon\n|-end|p1a: Roaring Moon|Protosynthesis|[silent]\n|upkeep\n|\n|t:|1698637253\n|switch|p1a: Regieleki|Regieleki|100\/100\n|switch|p2a: Glimmora|Glimmora, F|100\/100\n|turn|12\n|\n|t:|1698637259\n|move|p1a: Regieleki|Electroweb|p2a: Glimmora\n|-damage|p2a: Glimmora|66\/100\n|-unboost|p2a: Glimmora|spe|1\n|move|p2a: Glimmora|Mortal Spin|p1a: Regieleki\n|-damage|p1a: Regieleki|89\/100\n|-status|p1a: Regieleki|psn\n|\n|-heal|p2a: Glimmora|73\/100|[from] item: Black Sludge\n|-damage|p1a: Regieleki|77\/100 psn|[from] psn\n|upkeep\n|turn|13\n|\n|t:|1698637273\n|move|p1a: Regieleki|Thunder Wave|p2a: Glimmora\n|-status|p2a: Glimmora|par\n|move|p2a: Glimmora|Mud Shot|p1a: Regieleki\n|-supereffective|p1a: Regieleki\n|-damage|p1a: Regieleki|29\/100 psn\n|-unboost|p1a: Regieleki|spe|1\n|\n|-heal|p2a: Glimmora|79\/100 par|[from] item: Black Sludge\n|-damage|p1a: Regieleki|17\/100 psn|[from] psn\n|upkeep\n|turn|14\n|\n|t:|1698637284\n|move|p1a: Regieleki|Electroweb|p2a: Glimmora\n|-damage|p2a: Glimmora|40\/100 par\n|-unboost|p2a: Glimmora|spe|1\n|cant|p2a: Glimmora|par\n|\n|-heal|p2a: Glimmora|47\/100 par|[from] item: Black Sludge\n|-damage|p1a: Regieleki|5\/100 psn|[from] psn\n|upkeep\n|turn|15\n|\n|t:|1698637311\n|move|p1a: Regieleki|Electroweb|p2a: Glimmora\n|-damage|p2a: Glimmora|8\/100 par\n|-unboost|p2a: Glimmora|spe|1\n|move|p2a: Glimmora|Stealth Rock|p1a: Regieleki\n|-sidestart|p1: mattyplays10|move: Stealth Rock\n|\n|-heal|p2a: Glimmora|14\/100 par|[from] item: Black Sludge\n|-damage|p1a: Regieleki|0 fnt|[from] psn\n|faint|p1a: Regieleki\n|upkeep\n|\n|t:|1698637317\n|switch|p1a: Tinkaton|Tinkaton, F|100\/100\n|-damage|p1a: Tinkaton|94\/100|[from] Stealth Rock\n|-ability|p1a: Tinkaton|Mold Breaker\n|turn|16\n|\n|t:|1698637333\n|move|p1a: Tinkaton|Play Rough|p2a: Glimmora\n|-resisted|p2a: Glimmora\n|-damage|p2a: Glimmora|2\/100 par\n|-activate|p2a: Glimmora|ability: Toxic Debris\n|-sidestart|p1: mattyplays10|move: Toxic Spikes\n|cant|p2a: Glimmora|par\n|\n|-heal|p1a: Tinkaton|100\/100|[from] item: Leftovers\n|-heal|p2a: Glimmora|9\/100 par|[from] item: Black Sludge\n|upkeep\n|turn|17\n|\n|t:|1698637344\n|move|p1a: Tinkaton|Knock Off|p2a: Glimmora\n|-damage|p2a: Glimmora|0 fnt\n|-activate|p2a: Glimmora|ability: Toxic Debris\n|-sidestart|p1: mattyplays10|move: Toxic Spikes\n|-enditem|p2a: Glimmora|Black Sludge|[from] move: Knock Off|[of] p1a: Tinkaton\n|faint|p2a: Glimmora\n|\n|upkeep\n|\n|t:|1698637353\n|switch|p2a: Drifblim|Drifblim, F|100\/100\n|turn|18\n|\n|t:|1698637365\n|move|p1a: Tinkaton|Knock Off|p2a: Drifblim\n|-supereffective|p2a: Drifblim\n|-damage|p2a: Drifblim|30\/100\n|-enditem|p2a: Drifblim|Leftovers|[from] move: Knock Off|[of] p1a: Tinkaton\n|move|p2a: Drifblim|Baton Pass|p2a: Drifblim\n|\n|t:|1698637371\n|switch|p2a: Manaphy|Manaphy|100\/100|[from] Baton Pass\n|\n|upkeep\n|turn|19\n|\n|t:|1698637385\n|move|p1a: Tinkaton|Swords Dance|p1a: Tinkaton\n|-boost|p1a: Tinkaton|atk|2\n|move|p2a: Manaphy|Mud-Slap|p1a: Tinkaton\n|-supereffective|p1a: Tinkaton\n|-damage|p1a: Tinkaton|86\/100\n|-unboost|p1a: Tinkaton|accuracy|1\n|\n|-heal|p1a: Tinkaton|92\/100|[from] item: Leftovers\n|upkeep\n|turn|20\n|\n|t:|1698637396\n|move|p1a: Tinkaton|Knock Off|p2a: Manaphy|[miss]\n|-miss|p1a: Tinkaton|p2a: Manaphy\n|move|p2a: Manaphy|Mud-Slap|p1a: Tinkaton\n|-supereffective|p1a: Tinkaton\n|-damage|p1a: Tinkaton|78\/100\n|-unboost|p1a: Tinkaton|accuracy|1\n|\n|-heal|p1a: Tinkaton|84\/100|[from] item: Leftovers\n|upkeep\n|turn|21\n|\n|t:|1698637409\n|move|p1a: Tinkaton|Knock Off|p2a: Manaphy\n|-damage|p2a: Manaphy|58\/100\n|-enditem|p2a: Manaphy|Leftovers|[from] move: Knock Off|[of] p1a: Tinkaton\n|move|p2a: Manaphy|Tail Glow|p2a: Manaphy\n|-boost|p2a: Manaphy|spa|3\n|\n|-heal|p1a: Tinkaton|90\/100|[from] item: Leftovers\n|upkeep\n|turn|22\n|\n|t:|1698637418\n|move|p1a: Tinkaton|Play Rough|p2a: Manaphy\n|-damage|p2a: Manaphy|0 fnt\n|faint|p2a: Manaphy\n|\n|-heal|p1a: Tinkaton|96\/100|[from] item: Leftovers\n|upkeep\n|\n|t:|1698637428\n|switch|p2a: Drifblim|Drifblim, F|30\/100\n|turn|23\n|\n|t:|1698637431\n|move|p1a: Tinkaton|Knock Off|p2a: Drifblim\n|-supereffective|p2a: Drifblim\n|-crit|p2a: Drifblim\n|-damage|p2a: Drifblim|0 fnt\n|-damage|p1a: Tinkaton|71\/100|[from] ability: Aftermath|[of] p2a: Drifblim\n|faint|p2a: Drifblim\n|\n|-heal|p1a: Tinkaton|77\/100|[from] item: Leftovers\n|upkeep\n|\n|t:|1698637440\n|switch|p2a: Vaporeon|Vaporeon, F|100\/100\n|turn|24\n|\n|t:|1698637445\n|move|p1a: Tinkaton|Swords Dance|p1a: Tinkaton\n|-boost|p1a: Tinkaton|atk|2\n|move|p2a: Vaporeon|Scald|p1a: Tinkaton\n|-damage|p1a: Tinkaton|32\/100\n|\n|-heal|p1a: Tinkaton|38\/100|[from] item: Leftovers\n|upkeep\n|turn|25\n|\n|t:|1698637453\n|move|p1a: Tinkaton|Gigaton Hammer|p2a: Vaporeon\n|-resisted|p2a: Vaporeon\n|-damage|p2a: Vaporeon|0 fnt\n|faint|p2a: Vaporeon\n|\n|win|mattyplays10\n|raw|mattyplays10's rating: 1239 &rarr; <strong>1259<\/strong><br \/>(+20 for winning)\n|raw|gildstone's rating: 1170 &rarr; <strong>1150<\/strong><br \/>(-20 for losing)\n|c|\u2606mattyplays10|ggs\n|l|\u2606gildstone\n","uploadtime":1698637463,"views":15,"p1id":"mattyplays10","p2id":"gildstone","formatid":"gen9anythinggoes","rating":1150,"private":0,"password":""}