{"id":"gen9anythinggoes-1972858617","p1":"Haxxhatred","p2":"Mon2poke","format":"[Gen 9] Anything Goes","log":"|j|\u2606Haxxhatred\n|j|\u2606Mon2poke\n|t:|1697902917\n|gametype|singles\n|player|p1|Haxxhatred|102|1091\n|player|p2|Mon2poke|scientist-gen4|1198\n|teamsize|p1|6\n|teamsize|p2|6\n|gen|9\n|tier|[Gen 9] Anything Goes\n|rated|\n|rule|HP Percentage Mod: HP is shown in percentages\n|rule|Endless Battle Clause: Forcing endless battles is banned\n|clearpoke\n|poke|p1|Dragapult, F|\n|poke|p1|Iron Valiant|\n|poke|p1|Arceus|\n|poke|p1|Grimmsnarl, M|\n|poke|p1|Giratina-Origin|\n|poke|p1|Dialga|\n|poke|p2|Amoonguss, F|\n|poke|p2|Arcanine-Hisui, F|\n|poke|p2|Enamorus-Therian, F|\n|poke|p2|Roaring Moon|\n|poke|p2|Drifblim, F|\n|poke|p2|Grimmsnarl, M|\n|teampreview\n|c|\u2606Mon2poke|URGROSS\n|\n|t:|1697902943\n|start\n|switch|p1a: Dialga|Dialga|100\/100\n|switch|p2a: Enamorus|Enamorus-Therian, F|100\/100\n|-ability|p1a: Dialga|Pressure\n|turn|1\n|\n|t:|1697902952\n|move|p1a: Dialga|Iron Tail|p2a: Enamorus\n|-supereffective|p2a: Enamorus\n|-damage|p2a: Enamorus|0 fnt\n|faint|p2a: Enamorus\n|\n|upkeep\n|\n|t:|1697902962\n|switch|p2a: Arcanine|Arcanine-Hisui, F, shiny|100\/100\n|turn|2\n|\n|t:|1697902974\n|move|p2a: Arcanine|Flare Blitz|p1a: Dialga\n|-damage|p1a: Dialga|48\/100\n|move|p1a: Dialga|Stealth Rock|p2a: Arcanine\n|-sidestart|p2: Mon2poke|move: Stealth Rock\n|\n|upkeep\n|turn|3\n|\n|t:|1697902983\n|switch|p1a: Dragapult|Dragapult, F|100\/100\n|move|p2a: Arcanine|Flare Blitz|p1a: Dragapult\n|-resisted|p1a: Dragapult\n|-damage|p1a: Dragapult|55\/100\n|\n|upkeep\n|turn|4\n|\n|t:|1697902993\n|move|p1a: Dragapult|Dragon Dance|p1a: Dragapult\n|-boost|p1a: Dragapult|atk|1\n|-boost|p1a: Dragapult|spe|1\n|move|p2a: Arcanine|Roar|p1a: Dragapult\n|drag|p1a: Arceus|Arceus|100\/100\n|\n|upkeep\n|turn|5\n|\n|t:|1697903006\n|switch|p1a: Giratina|Giratina-Origin|100\/100\n|move|p2a: Arcanine|Head Smash|p1a: Giratina\n|-damage|p1a: Giratina|38\/100\n|\n|upkeep\n|turn|6\n|\n|t:|1697903023\n|switch|p1a: Iron Valiant|Iron Valiant, shiny|100\/100\n|move|p2a: Arcanine|Head Smash|p1a: Iron Valiant\n|-resisted|p1a: Iron Valiant\n|-damage|p1a: Iron Valiant|45\/100\n|\n|upkeep\n|turn|7\n|\n|t:|1697903034\n|move|p1a: Iron Valiant|Close Combat|p2a: Arcanine\n|-supereffective|p2a: Arcanine\n|-damage|p2a: Arcanine|0 fnt\n|-unboost|p1a: Iron Valiant|def|1\n|-unboost|p1a: Iron Valiant|spd|1\n|faint|p2a: Arcanine\n|\n|upkeep\n|\n|t:|1697903046\n|switch|p2a: Grimmsnarl|Grimmsnarl, M, shiny|100\/100\n|-damage|p2a: Grimmsnarl|88\/100|[from] Stealth Rock\n|turn|8\n|\n|t:|1697903069\n|-end|p1a: Iron Valiant|Quark Drive|[silent]\n|switch|p1a: Dialga|Dialga|48\/100\n|-ability|p1a: Dialga|Pressure\n|move|p2a: Grimmsnarl|Fake Out|p1a: Dialga\n|-resisted|p1a: Dialga\n|-damage|p1a: Dialga|43\/100\n|\n|upkeep\n|turn|9\n|\n|t:|1697903081\n|move|p2a: Grimmsnarl|Reflect|p2a: Grimmsnarl\n|-sidestart|p2: Mon2poke|Reflect\n|move|p1a: Dialga|Iron Tail|p2a: Grimmsnarl|[miss]\n|-miss|p1a: Dialga|p2a: Grimmsnarl\n|\n|upkeep\n|turn|10\n|\n|t:|1697903088\n|move|p2a: Grimmsnarl|Light Screen|p2a: Grimmsnarl\n|-sidestart|p2: Mon2poke|move: Light Screen\n|move|p1a: Dialga|Iron Tail|p2a: Grimmsnarl\n|-supereffective|p2a: Grimmsnarl\n|-damage|p2a: Grimmsnarl|35\/100\n|-damage|p1a: Dialga|27\/100|[from] item: Rocky Helmet|[of] p2a: Grimmsnarl\n|\n|upkeep\n|turn|11\n|\n|t:|1697903119\n|switch|p1a: Arceus|Arceus|100\/100\n|move|p2a: Grimmsnarl|Parting Shot|p1a: Arceus\n|-unboost|p1a: Arceus|atk|1\n|-unboost|p1a: Arceus|spa|1\n|\n|t:|1697903127\n|switch|p2a: Amoonguss|Amoonguss, F, shiny|100\/100|[from] Parting Shot\n|-damage|p2a: Amoonguss|88\/100|[from] Stealth Rock\n|\n|-heal|p2a: Amoonguss|94\/100|[from] item: Black Sludge\n|upkeep\n|turn|12\n|\n|t:|1697903137\n|switch|p1a: Dialga|Dialga|27\/100\n|-ability|p1a: Dialga|Pressure\n|move|p2a: Amoonguss|Toxic|p1a: Dialga\n|-immune|p1a: Dialga\n|\n|-heal|p2a: Amoonguss|100\/100|[from] item: Black Sludge\n|upkeep\n|turn|13\n|\n|t:|1697903148\n|switch|p1a: Grimmsnarl|Grimmsnarl, M|100\/100\n|move|p2a: Amoonguss|Giga Drain|p1a: Grimmsnarl\n|-damage|p1a: Grimmsnarl|62\/100\n|\n|-sideend|p2: Mon2poke|Reflect\n|upkeep\n|turn|14\n|\n|t:|1697903157\n|move|p1a: Grimmsnarl|Misty Terrain|p1a: Grimmsnarl\n|-fieldstart|move: Misty Terrain\n|move|p2a: Amoonguss|Spore|p1a: Grimmsnarl\n|-activate|p1a: Grimmsnarl|move: Misty Terrain\n|\n|-sideend|p2: Mon2poke|move: Light Screen\n|upkeep\n|turn|15\n|\n|t:|1697903169\n|switch|p1a: Dragapult|Dragapult, F|55\/100\n|move|p2a: Amoonguss|Giga Drain|p1a: Dragapult\n|-resisted|p1a: Dragapult\n|-damage|p1a: Dragapult|36\/100\n|\n|upkeep\n|turn|16\n|\n|t:|1697903177\n|move|p1a: Dragapult|Dragon Dance|p1a: Dragapult\n|-boost|p1a: Dragapult|atk|1\n|-boost|p1a: Dragapult|spe|1\n|move|p2a: Amoonguss|Toxic|p1a: Dragapult\n|-activate|p1a: Dragapult|move: Misty Terrain\n|\n|upkeep\n|turn|17\n|\n|t:|1697903198\n|switch|p2a: Grimmsnarl|Grimmsnarl, M, shiny|35\/100\n|-damage|p2a: Grimmsnarl|22\/100|[from] Stealth Rock\n|move|p1a: Dragapult|Baton Pass|p1a: Dragapult\n|\n|t:|1697903204\n|switch|p1a: Arceus|Arceus|100\/100|[from] Baton Pass\n|\n|upkeep\n|turn|18\n|\n|t:|1697903212\n|move|p2a: Grimmsnarl|Fake Out|p1a: Arceus\n|-damage|p1a: Arceus|92\/100\n|cant|p1a: Arceus|flinch\n|\n|-fieldend|Misty Terrain\n|upkeep\n|turn|19\n|\n|t:|1697903222\n|move|p1a: Arceus|Extreme Speed|p2a: Grimmsnarl\n|-damage|p2a: Grimmsnarl|0 fnt\n|-damage|p1a: Arceus|75\/100|[from] item: Rocky Helmet|[of] p2a: Grimmsnarl\n|faint|p2a: Grimmsnarl\n|-damage|p1a: Arceus|65\/100|[from] item: Life Orb\n|\n|upkeep\n|\n|t:|1697903232\n|switch|p2a: Amoonguss|Amoonguss, F, shiny|100\/100\n|-damage|p2a: Amoonguss|88\/100|[from] Stealth Rock\n|turn|20\n|\n|t:|1697903249\n|move|p1a: Arceus|Extreme Speed|p2a: Amoonguss\n|-damage|p2a: Amoonguss|7\/100\n|-damage|p1a: Arceus|55\/100|[from] item: Life Orb\n|move|p2a: Amoonguss|Spore|p1a: Arceus\n|-status|p1a: Arceus|slp|[from] move: Spore\n|\n|-heal|p2a: Amoonguss|13\/100|[from] item: Black Sludge\n|upkeep\n|turn|21\n|\n|t:|1697903259\n|switch|p2a: Drifblim|Drifblim, F, shiny|100\/100\n|-damage|p2a: Drifblim|75\/100|[from] Stealth Rock\n|cant|p1a: Arceus|slp\n|\n|upkeep\n|turn|22\n|\n|t:|1697903267\n|-curestatus|p1a: Arceus|slp|[msg]\n|move|p1a: Arceus|Perish Song|p1a: Arceus\n|-start|p1a: Arceus|perish3|[silent]\n|-start|p2a: Drifblim|perish3|[silent]\n|-fieldactivate|move: Perish Song\n|move|p2a: Drifblim|Minimize|p2a: Drifblim\n|-boost|p2a: Drifblim|evasion|2\n|\n|-start|p1a: Arceus|perish3\n|-start|p2a: Drifblim|perish3\n|upkeep\n|turn|23\n|\n|t:|1697903314\n|move|p1a: Arceus|Recover|p1a: Arceus\n|-heal|p1a: Arceus|100\/100\n|move|p2a: Drifblim|Minimize|p2a: Drifblim\n|-boost|p2a: Drifblim|evasion|2\n|\n|-start|p1a: Arceus|perish2\n|-start|p2a: Drifblim|perish2\n|upkeep\n|turn|24\n|\n|t:|1697903326\n|switch|p1a: Dragapult|Dragapult, F|36\/100\n|move|p2a: Drifblim|Minimize|p2a: Drifblim\n|-boost|p2a: Drifblim|evasion|2\n|\n|-start|p2a: Drifblim|perish1\n|upkeep\n|turn|25\n|\n|t:|1697903336\n|move|p1a: Dragapult|Dragon Dance|p1a: Dragapult\n|-boost|p1a: Dragapult|atk|1\n|-boost|p1a: Dragapult|spe|1\n|move|p2a: Drifblim|Baton Pass|p2a: Drifblim\n|\n|t:|1697903340\n|switch|p2a: Roaring Moon|Roaring Moon, shiny|100\/100|[from] Baton Pass\n|-damage|p2a: Roaring Moon|88\/100|[from] Stealth Rock\n|-enditem|p2a: Roaring Moon|Booster Energy\n|-activate|p2a: Roaring Moon|ability: Protosynthesis|[fromitem]\n|-start|p2a: Roaring Moon|protosynthesisatk\n|\n|-start|p2a: Roaring Moon|perish0\n|upkeep\n|faint|p2a: Roaring Moon\n|-end|p2a: Roaring Moon|Protosynthesis|[silent]\n|-message|Mon2poke forfeited.\n|\n|win|Haxxhatred\n|raw|Haxxhatred's rating: 1091 &rarr; <strong>1125<\/strong><br \/>(+34 for winning)\n|raw|Mon2poke's rating: 1198 &rarr; <strong>1166<\/strong><br \/>(-32 for losing)\n|l|\u2606Mon2poke\n|c|\u2606Haxxhatred|\ud83d\ude02\n","uploadtime":1697903397,"views":12,"p1id":"haxxhatred","p2id":"mon2poke","formatid":"gen9anythinggoes","rating":1125,"private":0,"password":""}