{"id":"gen9anythinggoes-1983563655","p1":"DingyDing","p2":"Bakitaladelbarrio","format":"[Gen 9] Anything Goes","log":"|j|\u2606DingyDing\n|j|\u2606Bakitaladelbarrio\n|t:|1699143839\n|gametype|singles\n|player|p1|DingyDing|swimmer-gen4dp|1365\n|player|p2|Bakitaladelbarrio|colress|1528\n|teamsize|p1|6\n|teamsize|p2|6\n|gen|9\n|tier|[Gen 9] Anything Goes\n|rated|\n|rule|HP Percentage Mod: HP is shown in percentages\n|rule|Endless Battle Clause: Forcing endless battles is banned\n|clearpoke\n|poke|p1|Koraidon|\n|poke|p1|Clodsire, M|\n|poke|p1|Calyrex-Shadow|\n|poke|p1|Giratina|\n|poke|p1|Ogerpon-Hearthflame, F|\n|poke|p1|Dondozo, F|\n|poke|p2|Calyrex-Shadow|\n|poke|p2|Darkrai|\n|poke|p2|Ditto|\n|poke|p2|Zacian-*|\n|poke|p2|Miraidon|\n|poke|p2|Glimmora, F|\n|teampreview\n|inactive|Battle timer is ON: inactive players will automatically lose when time's up. (requested by DingyDing)\n|\n|t:|1699143851\n|start\n|switch|p1a: Calyrex|Calyrex-Shadow|100\/100\n|switch|p2a: Glimmora|Glimmora, F|100\/100\n|-ability|p1a: Calyrex|As One\n|-ability|p1a: Calyrex|Unnerve\n|turn|1\n|\n|t:|1699143864\n|move|p1a: Calyrex|Astral Barrage|p2a: Glimmora\n|-damage|p2a: Glimmora|9\/100\n|move|p2a: Glimmora|Stealth Rock|p1a: Calyrex\n|-sidestart|p1: DingyDing|move: Stealth Rock\n|\n|upkeep\n|turn|2\n|\n|t:|1699143873\n|move|p1a: Calyrex|Astral Barrage|p2a: Glimmora\n|-damage|p2a: Glimmora|0 fnt\n|faint|p2a: Glimmora\n|-ability|p1a: Calyrex|Grim Neigh|boost\n|-boost|p1a: Calyrex|spa|1\n|\n|upkeep\n|\n|t:|1699143880\n|switch|p2a: Darkrai|Darkrai|100\/100\n|turn|3\n|\n|t:|1699143884\n|move|p1a: Calyrex|Draining Kiss|p2a: Darkrai\n|-supereffective|p2a: Darkrai\n|-damage|p2a: Darkrai|19\/100\n|move|p2a: Darkrai|Hypnosis|p1a: Calyrex\n|-status|p1a: Calyrex|slp|[from] move: Hypnosis\n|\n|-damage|p1a: Calyrex|88\/100 slp|[from] ability: Bad Dreams|[of] p2a: Darkrai\n|upkeep\n|turn|4\n|\n|t:|1699143894\n|cant|p1a: Calyrex|slp\n|move|p2a: Darkrai|Hypnosis|p1a: Calyrex\n|-fail|p1a: Calyrex|slp\n|\n|-damage|p1a: Calyrex|76\/100 slp|[from] ability: Bad Dreams|[of] p2a: Darkrai\n|upkeep\n|turn|5\n|c|\u2606DingyDing|lumao\n|\n|t:|1699143905\n|cant|p1a: Calyrex|slp\n|move|p2a: Darkrai|Hex|p1a: Calyrex\n|-supereffective|p1a: Calyrex\n|-damage|p1a: Calyrex|0 fnt\n|faint|p1a: Calyrex\n|\n|upkeep\n|\n|t:|1699143913\n|switch|p1a: Clodsire|Clodsire, M|100\/100\n|-damage|p1a: Clodsire|94\/100|[from] Stealth Rock\n|turn|6\n|\n|t:|1699143918\n|move|p2a: Darkrai|Hypnosis|p1a: Clodsire\n|-status|p1a: Clodsire|slp|[from] move: Hypnosis\n|cant|p1a: Clodsire|slp\n|\n|-damage|p1a: Clodsire|82\/100 slp|[from] ability: Bad Dreams|[of] p2a: Darkrai\n|upkeep\n|turn|7\n|\n|t:|1699143926\n|move|p2a: Darkrai|Nasty Plot|p2a: Darkrai\n|-boost|p2a: Darkrai|spa|2\n|cant|p1a: Clodsire|slp\n|\n|-damage|p1a: Clodsire|70\/100 slp|[from] ability: Bad Dreams|[of] p2a: Darkrai\n|upkeep\n|turn|8\n|\n|t:|1699143934\n|move|p2a: Darkrai|Hex|p1a: Clodsire\n|-damage|p1a: Clodsire|44\/100 slp\n|-curestatus|p1a: Clodsire|slp|[msg]\n|move|p1a: Clodsire|Stealth Rock|p2a: Darkrai\n|-sidestart|p2: Bakitaladelbarrio|move: Stealth Rock\n|\n|upkeep\n|turn|9\n|\n|t:|1699143941\n|move|p2a: Darkrai|Hypnosis|p1a: Clodsire\n|-status|p1a: Clodsire|slp|[from] move: Hypnosis\n|cant|p1a: Clodsire|slp\n|\n|-damage|p1a: Clodsire|31\/100 slp|[from] ability: Bad Dreams|[of] p2a: Darkrai\n|upkeep\n|turn|10\n|\n|t:|1699143949\n|move|p2a: Darkrai|Dark Pulse|p1a: Clodsire\n|-damage|p1a: Clodsire|7\/100 slp\n|cant|p1a: Clodsire|slp\n|\n|-damage|p1a: Clodsire|0 fnt|[from] ability: Bad Dreams|[of] p2a: Darkrai\n|faint|p1a: Clodsire\n|upkeep\n|\n|t:|1699143965\n|switch|p1a: Ogerpon|Ogerpon-Hearthflame, F|100\/100\n|-damage|p1a: Ogerpon|76\/100|[from] Stealth Rock\n|-ability|p1a: Ogerpon|Mold Breaker\n|turn|11\n|\n|t:|1699143972\n|-terastallize|p1a: Ogerpon|Fire\n|detailschange|p1a: Ogerpon|Ogerpon-Hearthflame-Tera, F, tera:Fire\n|-ability|p1a: Ogerpon|Embody Aspect (Hearthflame)|boost\n|-boost|p1a: Ogerpon|atk|1\n|move|p2a: Darkrai|Hypnosis|p1a: Ogerpon\n|-status|p1a: Ogerpon|slp|[from] move: Hypnosis\n|cant|p1a: Ogerpon|slp\n|\n|-damage|p1a: Ogerpon|63\/100 slp|[from] ability: Bad Dreams|[of] p2a: Darkrai\n|upkeep\n|turn|12\n|c|\u2606DingyDing|can you not\n|c|\u2606DingyDing|like plz\n|\n|t:|1699143983\n|move|p2a: Darkrai|Hex|p1a: Ogerpon\n|-damage|p1a: Ogerpon|0 fnt\n|faint|p1a: Ogerpon\n|\n|upkeep\n|\n|t:|1699143987\n|switch|p1a: Koraidon|Koraidon|100\/100\n|-damage|p1a: Koraidon|94\/100|[from] Stealth Rock\n|-weather|SunnyDay|[from] ability: Orichalcum Pulse|[of] p1a: Koraidon\n|-activate|p1a: Koraidon|Orichalcum Pulse|[source]\n|turn|13\n|\n|t:|1699143994\n|move|p1a: Koraidon|Outrage|p2a: Darkrai\n|-damage|p2a: Darkrai|0 fnt\n|faint|p2a: Darkrai\n|-damage|p1a: Koraidon|84\/100|[from] item: Life Orb\n|\n|-weather|SunnyDay|[upkeep]\n|upkeep\n|\n|t:|1699144005\n|switch|p2a: Zacian|Zacian-Crowned|100\/100\n|-damage|p2a: Zacian|94\/100|[from] Stealth Rock\n|-ability|p2a: Zacian|Intrepid Sword|boost\n|-boost|p2a: Zacian|atk|1\n|turn|14\n|\n|t:|1699144030\n|move|p2a: Zacian|Swords Dance|p2a: Zacian\n|-boost|p2a: Zacian|atk|2\n|move|p1a: Koraidon|Outrage|p2a: Zacian|[from]lockedmove\n|-immune|p2a: Zacian\n|-start|p1a: Koraidon|confusion|[fatigue]\n|\n|-weather|SunnyDay|[upkeep]\n|upkeep\n|turn|15\n|-message|DingyDing forfeited.\n|\n|win|Bakitaladelbarrio\n|raw|DingyDing's rating: 1365 &rarr; <strong>1354<\/strong><br \/>(-11 for losing)\n|raw|Bakitaladelbarrio's rating: 1528 &rarr; <strong>1539<\/strong><br \/>(+11 for winning)\n|l|\u2606DingyDing\n","uploadtime":1699144042,"views":8,"p1id":"dingyding","p2id":"bakitaladelbarrio","formatid":"gen9anythinggoes","rating":1354,"private":0,"password":""}