{"id":"gen9anythinggoes-1985097173","p1":"Dumbfudge","p2":"brianbass","format":"[Gen 9] Anything Goes","log":"|j|\u2606Dumbfudge\n|j|\u2606brianbass\n|t:|1699330424\n|gametype|singles\n|player|p1|Dumbfudge|blackbelt-gen4dp|1354\n|player|p2|brianbass|richboy|1289\n|teamsize|p1|6\n|teamsize|p2|6\n|gen|9\n|tier|[Gen 9] Anything Goes\n|rated|\n|rule|HP Percentage Mod: HP is shown in percentages\n|rule|Endless Battle Clause: Forcing endless battles is banned\n|clearpoke\n|poke|p1|Espathra, F|\n|poke|p1|Giratina|\n|poke|p1|Shaymin-Sky|\n|poke|p1|Zacian-*|\n|poke|p1|Ditto|\n|poke|p1|Breloom, M|\n|poke|p2|Pelipper, F|\n|poke|p2|Floatzel, F|\n|poke|p2|Golduck, F|\n|poke|p2|Donphan, F|\n|poke|p2|Basculegion, M|\n|poke|p2|Baxcalibur, M|\n|teampreview\n|inactive|Battle timer is ON: inactive players will automatically lose when time's up. (requested by Dumbfudge)\n|c|\u2606Dumbfudge|Glhf\n|inactive|brianbass has 120 seconds left.\n|\n|t:|1699330475\n|start\n|switch|p1a: Whooping cough|Zacian-Crowned|100\/100\n|switch|p2a: Baxcalibur|Baxcalibur, M|100\/100\n|-ability|p1a: Whooping cough|Intrepid Sword|boost\n|-boost|p1a: Whooping cough|atk|1\n|turn|1\n|\n|t:|1699330488\n|-terastallize|p1a: Whooping cough|Steel\n|move|p1a: Whooping cough|Behemoth Blade|p2a: Baxcalibur\n|-supereffective|p2a: Baxcalibur\n|-damage|p2a: Baxcalibur|0 fnt\n|faint|p2a: Baxcalibur\n|\n|upkeep\n|c|\u2606brianbass|dance\n|\n|t:|1699330495\n|switch|p2a: Floatzel|Floatzel, F|100\/100\n|turn|2\n|\n|t:|1699330498\n|move|p1a: Whooping cough|Behemoth Blade|p2a: Floatzel\n|-resisted|p2a: Floatzel\n|-damage|p2a: Floatzel|0 fnt\n|faint|p2a: Floatzel\n|\n|upkeep\n|\n|t:|1699330505\n|switch|p2a: Donphan|Donphan, F|100\/100\n|turn|3\n|\n|t:|1699330511\n|move|p1a: Whooping cough|Behemoth Blade|p2a: Donphan\n|-damage|p2a: Donphan|36\/100\n|-damage|p1a: Whooping cough|84\/100|[from] item: Rocky Helmet|[of] p2a: Donphan\n|move|p2a: Donphan|Earthquake|p1a: Whooping cough\n|-supereffective|p1a: Whooping cough\n|-damage|p1a: Whooping cough|10\/100\n|\n|upkeep\n|turn|4\n|\n|t:|1699330523\n|move|p1a: Whooping cough|Behemoth Blade|p2a: Donphan\n|-damage|p2a: Donphan|0 fnt\n|-damage|p1a: Whooping cough|0 fnt|[from] item: Rocky Helmet|[of] p2a: Donphan\n|faint|p2a: Donphan\n|faint|p1a: Whooping cough\n|\n|upkeep\n|\n|t:|1699330532\n|switch|p1a: Cancer|Shaymin-Sky|100\/100\n|switch|p2a: Pelipper|Pelipper, F|100\/100\n|-weather|RainDance|[from] ability: Drizzle|[of] p2a: Pelipper\n|turn|5\n|\n|t:|1699330539\n|move|p1a: Cancer|Air Slash|p2a: Pelipper\n|-damage|p2a: Pelipper|48\/100\n|cant|p2a: Pelipper|flinch\n|\n|-weather|RainDance|[upkeep]\n|upkeep\n|turn|6\n|\n|t:|1699330546\n|move|p1a: Cancer|Air Slash|p2a: Pelipper\n|-damage|p2a: Pelipper|0 fnt\n|faint|p2a: Pelipper\n|\n|-weather|RainDance|[upkeep]\n|upkeep\n|\n|t:|1699330549\n|switch|p2a: Golduck|Golduck, F|100\/100\n|turn|7\n|\n|t:|1699330557\n|move|p2a: Golduck|Hydro Pump|p1a: Cancer\n|-resisted|p1a: Cancer\n|-damage|p1a: Cancer|42\/100\n|-damage|p2a: Golduck|91\/100|[from] item: Life Orb\n|move|p1a: Cancer|Air Slash|p2a: Golduck\n|-damage|p2a: Golduck|37\/100\n|\n|-weather|RainDance|[upkeep]\n|upkeep\n|turn|8\n|\n|t:|1699330566\n|move|p2a: Golduck|Hydro Pump|p1a: Cancer|[miss]\n|-miss|p2a: Golduck|p1a: Cancer\n|move|p1a: Cancer|Air Slash|p2a: Golduck\n|-damage|p2a: Golduck|0 fnt\n|faint|p2a: Golduck\n|\n|-weather|RainDance|[upkeep]\n|upkeep\n|\n|t:|1699330570\n|switch|p2a: Basculegion|Basculegion, M|100\/100\n|turn|9\n|\n|t:|1699330581\n|-terastallize|p2a: Basculegion|Dark\n|move|p1a: Cancer|Air Slash|p2a: Basculegion|[miss]\n|-miss|p1a: Cancer|p2a: Basculegion\n|move|p2a: Basculegion|Last Respects|p1a: Cancer\n|-damage|p1a: Cancer|0 fnt\n|faint|p1a: Cancer\n|\n|-weather|RainDance|[upkeep]\n|upkeep\n|c|\u2606brianbass|nope\n|\n|t:|1699330598\n|switch|p1a: Schizoid|Ditto|100\/100\n|-transform|p1a: Schizoid|p2a: Basculegion|[from] ability: Imposter\n|-start|p1a: Schizoid|typechange|Water\/Ghost|[silent]\n|turn|10\n|\n|t:|1699330604\n|move|p1a: Schizoid|Last Respects|p2a: Basculegion\n|-resisted|p2a: Basculegion\n|-damage|p2a: Basculegion|42\/100\n|move|p2a: Basculegion|Last Respects|p1a: Schizoid\n|-supereffective|p1a: Schizoid\n|-damage|p1a: Schizoid|0 fnt\n|faint|p1a: Schizoid\n|\n|-weather|RainDance|[upkeep]\n|upkeep\n|c|\u2606brianbass|naaa\n|\n|t:|1699330615\n|switch|p1a: Lice|Giratina|100\/100\n|-ability|p1a: Lice|Pressure\n|turn|11\n|\n|t:|1699330621\n|move|p1a: Lice|Shadow Sneak|p2a: Basculegion\n|-resisted|p2a: Basculegion\n|-damage|p2a: Basculegion|30\/100\n|move|p2a: Basculegion|Last Respects|p1a: Lice\n|-supereffective|p1a: Lice\n|-damage|p1a: Lice|0 fnt\n|faint|p1a: Lice\n|\n|-weather|RainDance|[upkeep]\n|upkeep\n|\n|t:|1699330631\n|switch|p1a: Chickenpox|Espathra, F|100\/100\n|turn|12\n|\n|t:|1699330634\n|move|p1a: Chickenpox|Protect|p1a: Chickenpox\n|-singleturn|p1a: Chickenpox|Protect\n|move|p2a: Basculegion|Last Respects|p1a: Chickenpox\n|-activate|p1a: Chickenpox|move: Protect\n|\n|-weather|none\n|-ability|p1a: Chickenpox|Speed Boost|boost\n|-boost|p1a: Chickenpox|spe|1\n|upkeep\n|turn|13\n|c|\u2606brianbass|rlly\n|c|\u2606brianbass|stallin\n|c|\u2606brianbass|go brr\n|c|\u2606brianbass|..\n|\n|t:|1699330653\n|move|p1a: Chickenpox|Substitute|p1a: Chickenpox\n|-start|p1a: Chickenpox|Substitute\n|-damage|p1a: Chickenpox|76\/100\n|move|p2a: Basculegion|Last Respects|p1a: Chickenpox\n|-supereffective|p1a: Chickenpox\n|-end|p1a: Chickenpox|Substitute\n|\n|-ability|p1a: Chickenpox|Speed Boost|boost\n|-boost|p1a: Chickenpox|spe|1\n|upkeep\n|turn|14\n|c|\u2606brianbass|bru\n|c|\u2606brianbass|rlly dde\n|c|\u2606brianbass|dude\n|\n|t:|1699330663\n|move|p1a: Chickenpox|Protect|p1a: Chickenpox\n|-singleturn|p1a: Chickenpox|Protect\n|move|p2a: Basculegion|Last Respects|p1a: Chickenpox\n|-activate|p1a: Chickenpox|move: Protect\n|\n|-ability|p1a: Chickenpox|Speed Boost|boost\n|-boost|p1a: Chickenpox|spe|1\n|upkeep\n|turn|15\n|\n|t:|1699330672\n|move|p1a: Chickenpox|Substitute|p1a: Chickenpox\n|-start|p1a: Chickenpox|Substitute\n|-damage|p1a: Chickenpox|51\/100\n|move|p2a: Basculegion|Last Respects|p1a: Chickenpox\n|-supereffective|p1a: Chickenpox\n|-end|p1a: Chickenpox|Substitute\n|\n|-ability|p1a: Chickenpox|Speed Boost|boost\n|-boost|p1a: Chickenpox|spe|1\n|upkeep\n|turn|16\n|c|\u2606brianbass|..\\\n|c|\u2606brianbass|shits making me mad\n|c|\u2606Dumbfudge|Moment of truth here we go\n|\n|t:|1699330700\n|move|p1a: Chickenpox|Hypnosis|p2a: Basculegion\n|-status|p2a: Basculegion|slp|[from] move: Hypnosis\n|cant|p2a: Basculegion|slp\n|\n|-ability|p1a: Chickenpox|Speed Boost|boost\n|-boost|p1a: Chickenpox|spe|1\n|upkeep\n|turn|17\n|c|\u2606brianbass|fr\n|n|!brianbass|brianbass\n|\n|t:|1699330708\n|move|p1a: Chickenpox|Substitute|p1a: Chickenpox\n|-start|p1a: Chickenpox|Substitute\n|-damage|p1a: Chickenpox|26\/100\n|-curestatus|p2a: Basculegion|slp|[msg]\n|move|p2a: Basculegion|Last Respects|p1a: Chickenpox\n|-supereffective|p1a: Chickenpox\n|-end|p1a: Chickenpox|Substitute\n|\n|-ability|p1a: Chickenpox|Speed Boost|boost\n|-boost|p1a: Chickenpox|spe|1\n|upkeep\n|turn|18\n|c|\u2606Dumbfudge|Damn\n|\n|t:|1699330723\n|move|p1a: Chickenpox|Hypnosis|p2a: Basculegion|[miss]\n|-miss|p1a: Chickenpox|p2a: Basculegion\n|move|p2a: Basculegion|Last Respects|p1a: Chickenpox\n|-supereffective|p1a: Chickenpox\n|-damage|p1a: Chickenpox|0 fnt\n|faint|p1a: Chickenpox\n|\n|upkeep\n|-message|Dumbfudge forfeited.\n|\n|win|brianbass\n|raw|Dumbfudge's rating: 1354 &rarr; <strong>1330<\/strong><br \/>(-24 for losing)\n|raw|brianbass's rating: 1289 &rarr; <strong>1319<\/strong><br \/>(+30 for winning)\n|l|\u2606Dumbfudge\n","uploadtime":1699330704,"views":5,"p1id":"dumbfudge","p2id":"brianbass","formatid":"gen9anythinggoes","rating":1319,"private":0,"password":""}