{"id":"gen9anythinggoes-1984315230","p1":"XChuckle762","p2":"ValidJohnSmith","format":"[Gen 9] Anything Goes","log":"|j|\u2606XChuckle762\n|j|\u2606ValidJohnSmith\n|t:|1699242666\n|gametype|singles\n|player|p1|XChuckle762|koga|\n|player|p2|ValidJohnSmith|n|\n|teamsize|p1|6\n|teamsize|p2|6\n|gen|9\n|tier|[Gen 9] Anything Goes\n|rule|HP Percentage Mod: HP is shown in percentages\n|rule|Endless Battle Clause: Forcing endless battles is banned\n|clearpoke\n|poke|p1|Roaring Moon|\n|poke|p1|Goodra-Hisui, M|\n|poke|p1|Zangoose, M|\n|poke|p1|Gardevoir, M|\n|poke|p1|Dragonite, F|\n|poke|p1|Sneasler, F|\n|poke|p2|Great Tusk|\n|poke|p2|Gholdengo|\n|poke|p2|Samurott-Hisui, F|\n|poke|p2|Slowbro-Galar, M|\n|poke|p2|Dudunsparce-*, F|\n|poke|p2|Quagsire, M|\n|teampreview\n|inactive|Battle timer is ON: inactive players will automatically lose when time's up. (requested by XChuckle762)\n|inactiveoff|Battle timer is now OFF.\n|j| BillTheThrill42\n|\n|t:|1699242682\n|start\n|switch|p1a: Zangoose|Zangoose, M, shiny|100\/100\n|switch|p2a: Quagsire|Quagsire, M|100\/100\n|turn|1\n|\n|t:|1699242692\n|move|p1a: Zangoose|Knock Off|p2a: Quagsire\n|-damage|p2a: Quagsire|80\/100\n|-damage|p1a: Zangoose|84\/100|[from] item: Rocky Helmet|[of] p2a: Quagsire\n|-enditem|p2a: Quagsire|Rocky Helmet|[from] move: Knock Off|[of] p1a: Zangoose\n|move|p2a: Quagsire|Earthquake|p1a: Zangoose\n|-damage|p1a: Zangoose|32\/100\n|\n|-status|p1a: Zangoose|tox|[from] item: Toxic Orb\n|upkeep\n|turn|2\n|\n|t:|1699242701\n|move|p1a: Zangoose|Facade|p2a: Quagsire\n|-damage|p2a: Quagsire|11\/100\n|move|p2a: Quagsire|Earthquake|p1a: Zangoose\n|-damage|p1a: Zangoose|0 fnt\n|faint|p1a: Zangoose\n|\n|upkeep\n|\n|t:|1699242716\n|switch|p1a: Sneasler|Sneasler, F|100\/100\n|turn|3\n|\n|t:|1699242723\n|move|p1a: Sneasler|Dire Claw|p2a: Quagsire\n|-resisted|p2a: Quagsire\n|-damage|p2a: Quagsire|0 fnt\n|faint|p2a: Quagsire\n|\n|upkeep\n|\n|t:|1699242756\n|switch|p2a: Slowbro|Slowbro-Galar, M|100\/100\n|turn|4\n|\n|t:|1699242762\n|switch|p1a: Goodra|Goodra-Hisui, M|100\/100\n|move|p2a: Slowbro|Psychic|p1a: Goodra\n|-resisted|p1a: Goodra\n|-damage|p1a: Goodra|91\/100\n|-unboost|p1a: Goodra|spd|1\n|\n|upkeep\n|turn|5\n|\n|t:|1699242775\n|switch|p1a: Dragonite|Dragonite, F|100\/100\n|switch|p2a: Dudunsparce|Dudunsparce-Three-Segment, F|100\/100\n|\n|upkeep\n|turn|6\n|\n|t:|1699242785\n|switch|p1a: Goodra|Goodra-Hisui, M|91\/100\n|move|p2a: Dudunsparce|Glare|p1a: Goodra\n|-status|p1a: Goodra|par\n|\n|upkeep\n|turn|7\n|\n|t:|1699242790\n|move|p2a: Dudunsparce|Coil|p2a: Dudunsparce\n|-boost|p2a: Dudunsparce|atk|1\n|-boost|p2a: Dudunsparce|def|1\n|-boost|p2a: Dudunsparce|accuracy|1\n|move|p1a: Goodra|Flash Cannon|p2a: Dudunsparce\n|-damage|p2a: Dudunsparce|62\/100\n|\n|-heal|p2a: Dudunsparce|68\/100|[from] item: Leftovers\n|upkeep\n|turn|8\n|\n|t:|1699242797\n|move|p2a: Dudunsparce|Coil|p2a: Dudunsparce\n|-boost|p2a: Dudunsparce|atk|1\n|-boost|p2a: Dudunsparce|def|1\n|-boost|p2a: Dudunsparce|accuracy|1\n|move|p1a: Goodra|Dragon Tail|p2a: Dudunsparce|[miss]\n|-miss|p1a: Goodra|p2a: Dudunsparce\n|\n|-heal|p2a: Dudunsparce|74\/100|[from] item: Leftovers\n|upkeep\n|turn|9\n|\n|t:|1699242805\n|move|p2a: Dudunsparce|Headbutt|p1a: Goodra\n|-resisted|p1a: Goodra\n|-damage|p1a: Goodra|66\/100 par\n|-ability|p1a: Goodra|Gooey\n|-unboost|p2a: Dudunsparce|spe|1\n|cant|p1a: Goodra|flinch\n|\n|-heal|p2a: Dudunsparce|80\/100|[from] item: Leftovers\n|upkeep\n|turn|10\n|\n|t:|1699242814\n|move|p2a: Dudunsparce|Headbutt|p1a: Goodra\n|-resisted|p1a: Goodra\n|-damage|p1a: Goodra|38\/100 par\n|-ability|p1a: Goodra|Gooey\n|-unboost|p2a: Dudunsparce|spe|1\n|move|p1a: Goodra|Flash Cannon|p2a: Dudunsparce\n|-damage|p2a: Dudunsparce|44\/100\n|\n|-heal|p2a: Dudunsparce|50\/100|[from] item: Leftovers\n|upkeep\n|turn|11\n|\n|t:|1699242823\n|move|p2a: Dudunsparce|Headbutt|p1a: Goodra\n|-resisted|p1a: Goodra\n|-damage|p1a: Goodra|12\/100 par\n|-ability|p1a: Goodra|Gooey\n|-unboost|p2a: Dudunsparce|spe|1\n|cant|p1a: Goodra|flinch\n|\n|-heal|p2a: Dudunsparce|56\/100|[from] item: Leftovers\n|upkeep\n|turn|12\n|\n|t:|1699242832\n|move|p1a: Goodra|Flash Cannon|p2a: Dudunsparce\n|-damage|p2a: Dudunsparce|15\/100\n|move|p2a: Dudunsparce|Headbutt|p1a: Goodra\n|-resisted|p1a: Goodra\n|-damage|p1a: Goodra|0 fnt\n|-ability|p1a: Goodra|Gooey\n|-unboost|p2a: Dudunsparce|spe|1\n|faint|p1a: Goodra\n|\n|-heal|p2a: Dudunsparce|21\/100|[from] item: Leftovers\n|upkeep\n|\n|t:|1699242839\n|switch|p1a: Gardevoir|Gardevoir, M|100\/100\n|-ability|p1a: Gardevoir|Serene Grace|[from] ability: Trace|[of] p2a: Dudunsparce\n|turn|13\n|\n|t:|1699242852\n|move|p1a: Gardevoir|Moonblast|p2a: Dudunsparce\n|-damage|p2a: Dudunsparce|0 fnt\n|faint|p2a: Dudunsparce\n|\n|upkeep\n|\n|t:|1699242864\n|switch|p2a: Gholdengo|Gholdengo|100\/100\n|turn|14\n|\n|t:|1699242871\n|switch|p1a: Sneasler|Sneasler, F|100\/100\n|move|p2a: Gholdengo|Shadow Ball|p1a: Sneasler\n|-damage|p1a: Sneasler|15\/100\n|-unboost|p1a: Sneasler|spd|1\n|\n|upkeep\n|turn|15\n|\n|t:|1699242907\n|switch|p2a: Samurott|Samurott-Hisui, F|100\/100\n|move|p1a: Sneasler|Acrobatics|p2a: Samurott\n|-damage|p2a: Samurott|76\/100\n|\n|upkeep\n|turn|16\n|\n|t:|1699242917\n|move|p2a: Samurott|Sucker Punch||[still]\n|-fail|p2a: Samurott\n|move|p1a: Sneasler|Swords Dance|p1a: Sneasler\n|-boost|p1a: Sneasler|atk|2\n|\n|upkeep\n|turn|17\n|\n|t:|1699242922\n|move|p2a: Samurott|Sucker Punch|p1a: Sneasler\n|-resisted|p1a: Sneasler\n|-damage|p1a: Sneasler|0 fnt\n|faint|p1a: Sneasler\n|\n|upkeep\n|\n|t:|1699242934\n|switch|p1a: Dragonite|Dragonite, F|100\/100\n|turn|18\n|\n|t:|1699242941\n|move|p1a: Dragonite|Dragon Dance|p1a: Dragonite\n|-boost|p1a: Dragonite|atk|1\n|-boost|p1a: Dragonite|spe|1\n|move|p2a: Samurott|Avalanche|p1a: Dragonite\n|-supereffective|p1a: Dragonite\n|-damage|p1a: Dragonite|61\/100\n|\n|upkeep\n|turn|19\n|\n|t:|1699242951\n|move|p1a: Dragonite|Extreme Speed|p2a: Samurott\n|-crit|p2a: Samurott\n|-damage|p2a: Samurott|0 fnt\n|faint|p2a: Samurott\n|\n|upkeep\n|\n|t:|1699242976\n|switch|p2a: Gholdengo|Gholdengo|100\/100\n|turn|20\n|\n|t:|1699243001\n|move|p1a: Dragonite|Earthquake|p2a: Gholdengo\n|-supereffective|p2a: Gholdengo\n|-crit|p2a: Gholdengo\n|-damage|p2a: Gholdengo|0 fnt\n|faint|p2a: Gholdengo\n|\n|upkeep\n|\n|t:|1699243014\n|switch|p2a: Slowbro|Slowbro-Galar, M|100\/100\n|turn|21\n|-activate|p2a: Slowbro|item: Quick Claw\n|\n|t:|1699243019\n|move|p2a: Slowbro|Ice Beam|p1a: Dragonite\n|-supereffective|p1a: Dragonite\n|-damage|p1a: Dragonite|0 fnt\n|faint|p1a: Dragonite\n|\n|upkeep\n|\n|t:|1699243023\n|switch|p1a: Gardevoir|Gardevoir, M|100\/100\n|-ability|p1a: Gardevoir|Quick Draw|[from] ability: Trace|[of] p2a: Slowbro\n|turn|22\n|-activate|p1a: Gardevoir|ability: Quick Draw\n|-activate|p2a: Slowbro|ability: Quick Draw\n|\n|t:|1699243032\n|move|p1a: Gardevoir|Psychic|p2a: Slowbro\n|-damage|p2a: Slowbro|48\/100\n|move|p2a: Slowbro|Shell Side Arm|p1a: Gardevoir|[anim] Shell Side Arm Physical\n|-supereffective|p1a: Gardevoir\n|-damage|p1a: Gardevoir|7\/100\n|-hint|Physical Shell Side Arm\n|\n|upkeep\n|turn|23\n|-activate|p1a: Gardevoir|ability: Quick Draw\n|-activate|p2a: Slowbro|ability: Quick Draw\n|\n|t:|1699243042\n|move|p1a: Gardevoir|Psychic|p2a: Slowbro\n|-damage|p2a: Slowbro|0 fnt\n|faint|p2a: Slowbro\n|\n|upkeep\n|\n|t:|1699243053\n|switch|p2a: Great Tusk|Great Tusk|100\/100\n|-enditem|p2a: Great Tusk|Booster Energy\n|-activate|p2a: Great Tusk|ability: Protosynthesis|[fromitem]\n|-start|p2a: Great Tusk|protosynthesisatk\n|turn|24\n|\n|t:|1699243068\n|move|p1a: Gardevoir|Psychic|p2a: Great Tusk\n|-supereffective|p2a: Great Tusk\n|-damage|p2a: Great Tusk|0 fnt\n|faint|p2a: Great Tusk\n|-end|p2a: Great Tusk|Protosynthesis|[silent]\n|\n|win|XChuckle762\n","uploadtime":1699243077,"views":11,"p1id":"xchuckle762","p2id":"validjohnsmith","formatid":"gen9anythinggoes","rating":0,"private":0,"password":""}