{"id":"gen9anythinggoes-1990287425","p1":"Xandtronic","p2":"Winyos","format":"[Gen 9] Anything Goes","log":"|j|\u2606Xandtronic\n|j|\u2606Winyos\n|t:|1699951083\n|gametype|singles\n|player|p1|Xandtronic|hiker-gen4|\n|player|p2|Winyos|cynthia-gen4|\n|teamsize|p1|6\n|teamsize|p2|6\n|gen|9\n|tier|[Gen 9] Anything Goes\n|rule|HP Percentage Mod: HP is shown in percentages\n|rule|Endless Battle Clause: Forcing endless battles is banned\n|clearpoke\n|poke|p1|Calyrex-Shadow|\n|poke|p1|Urshifu-*, M|\n|poke|p1|Dialga-Origin|\n|poke|p1|Zapdos|\n|poke|p1|Snorlax, F|\n|poke|p1|Toxapex, F|\n|poke|p2|Eternatus|\n|poke|p2|Volcarona, M|\n|poke|p2|Vivillon, F|\n|poke|p2|Venomoth, F|\n|poke|p2|Slither Wing|\n|poke|p2|Iron Moth|\n|teampreview\n|\n|t:|1699951089\n|start\n|switch|p1a: Calyrex|Calyrex-Shadow|100\/100\n|switch|p2a: Goofy ah|Venomoth, F|100\/100\n|-ability|p1a: Calyrex|As One\n|-ability|p1a: Calyrex|Unnerve\n|turn|1\n|-activate|p2a: Goofy ah|item: Quick Claw\n|\n|t:|1699951097\n|move|p2a: Goofy ah|Sludge Bomb|p1a: Calyrex\n|-resisted|p1a: Calyrex\n|-damage|p1a: Calyrex|64\/100\n|-status|p1a: Calyrex|psn\n|move|p1a: Calyrex|Psychic|p2a: Goofy ah\n|-supereffective|p2a: Goofy ah\n|-damage|p2a: Goofy ah|0 fnt\n|faint|p2a: Goofy ah\n|-ability|p1a: Calyrex|Grim Neigh|boost\n|-boost|p1a: Calyrex|spa|1\n|\n|-damage|p1a: Calyrex|52\/100 psn|[from] psn\n|upkeep\n|\n|t:|1699951105\n|switch|p2a: Weakest moth|Eternatus|100\/100\n|-ability|p2a: Weakest moth|Pressure\n|turn|2\n|\n|t:|1699951110\n|move|p1a: Calyrex|Astral Barrage|p2a: Weakest moth\n|-damage|p2a: Weakest moth|28\/100\n|move|p2a: Weakest moth|Cosmic Power|p2a: Weakest moth\n|-boost|p2a: Weakest moth|def|1\n|-boost|p2a: Weakest moth|spd|1\n|\n|-heal|p2a: Weakest moth|34\/100|[from] item: Leftovers\n|-damage|p1a: Calyrex|40\/100 psn|[from] psn\n|upkeep\n|turn|3\n|\n|t:|1699951120\n|move|p1a: Calyrex|Astral Barrage|p2a: Weakest moth\n|-damage|p2a: Weakest moth|0 fnt\n|faint|p2a: Weakest moth\n|-ability|p1a: Calyrex|Grim Neigh|boost\n|-boost|p1a: Calyrex|spa|1\n|\n|-damage|p1a: Calyrex|27\/100 psn|[from] psn\n|upkeep\n|\n|t:|1699951127\n|switch|p2a: Real moth|Iron Moth|100\/100\n|turn|4\n|-activate|p2a: Real moth|item: Quick Claw\n|\n|t:|1699951137\n|move|p2a: Real moth|Flash Cannon|p1a: Calyrex\n|-damage|p1a: Calyrex|0 fnt\n|faint|p1a: Calyrex\n|\n|upkeep\n|\n|t:|1699951148\n|switch|p1a: Dialga|Dialga-Origin|100\/100\n|-ability|p1a: Dialga|Pressure\n|turn|5\n|-activate|p2a: Real moth|item: Quick Claw\n|\n|t:|1699951158\n|move|p2a: Real moth|Fiery Dance|p1a: Dialga\n|-damage|p1a: Dialga|63\/100\n|-boost|p2a: Real moth|spa|1\n|move|p1a: Dialga|Stealth Rock|p2a: Real moth\n|-sidestart|p2: Winyos|move: Stealth Rock\n|\n|upkeep\n|turn|6\n|-activate|p2a: Real moth|item: Quick Claw\n|\n|t:|1699951171\n|move|p2a: Real moth|Fiery Dance|p1a: Dialga\n|-crit|p1a: Dialga\n|-damage|p1a: Dialga|0 fnt\n|faint|p1a: Dialga\n|\n|upkeep\n|\n|t:|1699951177\n|switch|p1a: Zapdos|Zapdos|100\/100\n|turn|7\n|-activate|p2a: Real moth|item: Quick Claw\n|\n|t:|1699951189\n|move|p2a: Real moth|Fiery Dance|p1a: Zapdos\n|-damage|p1a: Zapdos|35\/100\n|move|p1a: Zapdos|Hurricane|p2a: Real moth\n|-damage|p2a: Real moth|38\/100\n|\n|upkeep\n|turn|8\n|-activate|p2a: Real moth|item: Quick Claw\n|\n|t:|1699951196\n|move|p2a: Real moth|Fiery Dance|p1a: Zapdos\n|-damage|p1a: Zapdos|0 fnt\n|-boost|p2a: Real moth|spa|1\n|faint|p1a: Zapdos\n|\n|upkeep\n|\n|t:|1699951199\n|switch|p1a: Urshifu|Urshifu, M|100\/100\n|turn|9\n|\n|t:|1699951210\n|move|p2a: Real moth|Psychic|p1a: Urshifu\n|-immune|p1a: Urshifu\n|move|p1a: Urshifu|Wicked Blow|p2a: Real moth\n|-crit|p2a: Real moth\n|-damage|p2a: Real moth|0 fnt\n|faint|p2a: Real moth\n|-end|p2a: Real moth|Quark Drive|[silent]\n|\n|upkeep\n|\n|t:|1699951230\n|switch|p2a: The anti-moth|Slither Wing|100\/100\n|-damage|p2a: The anti-moth|88\/100|[from] Stealth Rock\n|turn|10\n|\n|t:|1699951232\n|move|p1a: Urshifu|Wicked Blow|p2a: The anti-moth\n|-resisted|p2a: The anti-moth\n|-crit|p2a: The anti-moth\n|-damage|p2a: The anti-moth|49\/100\n|move|p2a: The anti-moth|Will-O-Wisp|p1a: Urshifu\n|-status|p1a: Urshifu|brn\n|\n|-heal|p2a: The anti-moth|55\/100|[from] item: Leftovers\n|-damage|p1a: Urshifu|94\/100 brn|[from] brn\n|upkeep\n|turn|11\n|\n|t:|1699951241\n|switch|p1a: Toxapex|Toxapex, F, shiny|100\/100\n|move|p2a: The anti-moth|Morning Sun|p2a: The anti-moth\n|-heal|p2a: The anti-moth|100\/100\n|\n|upkeep\n|turn|12\n|\n|t:|1699951245\n|move|p2a: The anti-moth|Will-O-Wisp|p1a: Toxapex\n|-status|p1a: Toxapex|brn\n|move|p1a: Toxapex|Toxic|p2a: The anti-moth\n|-status|p2a: The anti-moth|tox\n|\n|-damage|p2a: The anti-moth|94\/100 tox|[from] psn\n|-damage|p1a: Toxapex|94\/100 brn|[from] brn\n|upkeep\n|turn|13\n|\n|t:|1699951252\n|move|p2a: The anti-moth|Bug Buzz|p1a: Toxapex\n|-resisted|p1a: Toxapex\n|-damage|p1a: Toxapex|84\/100 brn\n|move|p1a: Toxapex|Chilling Water|p2a: The anti-moth\n|-damage|p2a: The anti-moth|83\/100 tox\n|-unboost|p2a: The anti-moth|atk|1\n|\n|-heal|p2a: The anti-moth|89\/100 tox|[from] item: Leftovers\n|-damage|p2a: The anti-moth|77\/100 tox|[from] psn\n|-damage|p1a: Toxapex|78\/100 brn|[from] brn\n|upkeep\n|turn|14\n|\n|t:|1699951258\n|-end|p2a: The anti-moth|Protosynthesis|[silent]\n|switch|p2a: Time for bed|Vivillon, F|100\/100\n|-damage|p2a: Time for bed|50\/100|[from] Stealth Rock\n|move|p1a: Toxapex|Chilling Water|p2a: Time for bed\n|-damage|p2a: Time for bed|25\/100\n|-unboost|p2a: Time for bed|atk|1\n|\n|-heal|p2a: Time for bed|31\/100|[from] item: Leftovers\n|-damage|p1a: Toxapex|72\/100 brn|[from] brn\n|upkeep\n|turn|15\n|\n|t:|1699951265\n|move|p2a: Time for bed|Substitute|p2a: Time for bed\n|-start|p2a: Time for bed|Substitute\n|-damage|p2a: Time for bed|6\/100\n|move|p1a: Toxapex|Chilling Water|p2a: Time for bed\n|-end|p2a: Time for bed|Substitute\n|\n|-heal|p2a: Time for bed|12\/100|[from] item: Leftovers\n|-damage|p1a: Toxapex|65\/100 brn|[from] brn\n|upkeep\n|turn|16\n|\n|t:|1699951270\n|switch|p1a: Snorlax|Snorlax, F|100\/100\n|move|p2a: Time for bed|Quiver Dance|p2a: Time for bed\n|-boost|p2a: Time for bed|spa|1\n|-boost|p2a: Time for bed|spd|1\n|-boost|p2a: Time for bed|spe|1\n|\n|-heal|p2a: Time for bed|18\/100|[from] item: Leftovers\n|upkeep\n|turn|17\n|\n|t:|1699951280\n|switch|p1a: Urshifu|Urshifu, M|94\/100 brn\n|move|p2a: Time for bed|Sleep Powder||[still]\n|-fail|p2a: Time for bed\n|\n|-heal|p2a: Time for bed|24\/100|[from] item: Leftovers\n|-damage|p1a: Urshifu|88\/100 brn|[from] brn\n|upkeep\n|turn|18\n|\n|t:|1699951286\n|move|p2a: Time for bed|Substitute|p2a: Time for bed\n|-fail|p2a: Time for bed|move: Substitute|[weak]\n|move|p1a: Urshifu|Fire Punch|p2a: Time for bed\n|-supereffective|p2a: Time for bed\n|-damage|p2a: Time for bed|0 fnt\n|faint|p2a: Time for bed\n|\n|-damage|p1a: Urshifu|82\/100 brn|[from] brn\n|upkeep\n|l|\u2606Winyos\n|player|p2|\n|l|\u2606Xandtronic\n|player|p1|\n|j|\u2606Winyos\n|player|p2|Winyos|cynthia-gen4\n|inactive|Battle timer is ON: inactive players will automatically lose when time's up. (requested by Winyos)\n|\n|t:|1699951420\n|switch|p2a: How wear shoes?|Volcarona, M|100\/100\n|turn|19\n|inactive|Xandtronic has 270 seconds to reconnect!\n|inactive|Xandtronic has 240 seconds to reconnect!\n|l|\u2606Winyos\n|inactive|Winyos disconnected and has 300 seconds to reconnect!\n|player|p2|\n|inactive|Xandtronic has 210 seconds to reconnect!\n|inactive|Xandtronic has 180 seconds to reconnect!\n|inactive|Xandtronic has 150 seconds to reconnect!\n|inactive|Xandtronic has 120 seconds to reconnect!\n|inactive|Xandtronic has 90 seconds to reconnect!\n|inactive|Xandtronic has 60 seconds to reconnect!\n|j|\u2606Winyos\n|inactive|Winyos reconnected.\n|player|p2|Winyos|cynthia-gen4\n|inactive|Xandtronic has 30 seconds to reconnect!\n|inactive|Xandtronic has 20 seconds to reconnect!\n|inactive|Xandtronic has 15 seconds to reconnect!\n|inactive|Xandtronic has 10 seconds to reconnect!\n|inactive|Xandtronic has 5 seconds to reconnect!\n|-message|Xandtronic lost due to inactivity.\n|\n|win|Winyos\n","uploadtime":1699951733,"views":12,"p1id":"xandtronic","p2id":"winyos","formatid":"gen9anythinggoes","rating":0,"private":0,"password":""}