{"id":"gen9anythinggoes-1978776366","p1":"StickmenSwampert","p2":"Not_Paint","format":"[Gen 9] Anything Goes","log":"|j|\u2606StickmenSwampert\n|j|\u2606Not_Paint\n|t:|1698593746\n|gametype|singles\n|player|p1|StickmenSwampert|unknown|\n|player|p2|Not_Paint|yellow|\n|teamsize|p1|6\n|teamsize|p2|5\n|gen|9\n|tier|[Gen 9] Anything Goes\n|rule|HP Percentage Mod: HP is shown in percentages\n|rule|Endless Battle Clause: Forcing endless battles is banned\n|clearpoke\n|poke|p1|Skeledirge, L45, M|\n|poke|p1|Donphan, L45, F|\n|poke|p1|Klawf, L45, M|\n|poke|p1|Kilowattrel, L45, F|\n|poke|p1|Cetitan, L45, F|\n|poke|p1|Veluza, L45, F|\n|poke|p2|Hatterene, L45, F|\n|poke|p2|Slowking-Galar, L45, F|\n|poke|p2|Rabsca, L45, F|\n|poke|p2|Bronzong, L45|\n|poke|p2|Florges, L45, F|\n|teampreview\n|c|\u2606StickmenSwampert|there we go\n|inactive|Battle timer is ON: inactive players will automatically lose when time's up. (requested by Not_Paint)\n|\n|t:|1698593801\n|start\n|switch|p1a: Bumper|Cetitan, L45, F|100\/100\n|switch|p2a: Hatterene|Hatterene, L45, F|100\/100\n|turn|1\n|inactiveoff|Battle timer is now OFF.\n|\n|t:|1698593815\n|move|p1a: Bumper|Heavy Slam|p2a: Hatterene\n|-supereffective|p2a: Hatterene\n|-damage|p2a: Hatterene|22\/100\n|move|p2a: Hatterene|Trick Room|p2a: Hatterene\n|-fieldstart|move: Trick Room|[of] p2a: Hatterene\n|\n|upkeep\n|turn|2\n|\n|t:|1698593826\n|move|p2a: Hatterene|Mystical Fire|p1a: Bumper\n|-supereffective|p1a: Bumper\n|-damage|p1a: Bumper|68\/100\n|-unboost|p1a: Bumper|spa|1\n|move|p1a: Bumper|Body Slam|p2a: Hatterene\n|-damage|p2a: Hatterene|0 fnt\n|faint|p2a: Hatterene\n|\n|upkeep\n|\n|t:|1698593829\n|switch|p2a: Bronzong|Bronzong, L45|100\/100\n|turn|3\n|\n|t:|1698593840\n|move|p2a: Bronzong|Flash Cannon|p1a: Bumper\n|-supereffective|p1a: Bumper\n|-damage|p1a: Bumper|0 fnt\n|faint|p1a: Bumper\n|\n|upkeep\n|\n|t:|1698593847\n|switch|p1a: Puff|Skeledirge, L45, M|100\/100\n|turn|4\n|\n|t:|1698593852\n|move|p2a: Bronzong|Earthquake|p1a: Puff\n|-supereffective|p1a: Puff\n|-damage|p1a: Puff|60\/100\n|move|p1a: Puff|Yawn|p2a: Bronzong\n|-start|p2a: Bronzong|move: Yawn|[of] p1a: Puff\n|\n|upkeep\n|turn|5\n|\n|t:|1698593860\n|move|p2a: Bronzong|Earthquake|p1a: Puff\n|-supereffective|p1a: Puff\n|-damage|p1a: Puff|17\/100\n|move|p1a: Puff|Torch Song|p2a: Bronzong\n|-supereffective|p2a: Bronzong\n|-enditem|p2a: Bronzong|Focus Sash\n|-damage|p2a: Bronzong|1\/100\n|-boost|p1a: Puff|spa|1\n|\n|-end|p2a: Bronzong|move: Yawn|[silent]\n|-status|p2a: Bronzong|slp\n|-fieldend|move: Trick Room\n|upkeep\n|turn|6\n|\n|t:|1698593870\n|move|p1a: Puff|Torch Song|p2a: Bronzong\n|-supereffective|p2a: Bronzong\n|-damage|p2a: Bronzong|0 fnt\n|-boost|p1a: Puff|spa|1\n|faint|p2a: Bronzong\n|\n|upkeep\n|\n|t:|1698593875\n|switch|p2a: Slowking|Slowking-Galar, L45, F|100\/100\n|turn|7\n|\n|t:|1698593878\n|move|p1a: Puff|Shadow Ball|p2a: Slowking\n|-supereffective|p2a: Slowking\n|-crit|p2a: Slowking\n|-damage|p2a: Slowking|0 fnt\n|faint|p2a: Slowking\n|\n|upkeep\n|\n|t:|1698593880\n|switch|p2a: Rabsca|Rabsca, L45, F|100\/100\n|turn|8\n|\n|t:|1698593885\n|move|p1a: Puff|Torch Song|p2a: Rabsca\n|-supereffective|p2a: Rabsca\n|-damage|p2a: Rabsca|0 fnt\n|-boost|p1a: Puff|spa|1\n|faint|p2a: Rabsca\n|\n|upkeep\n|\n|t:|1698593888\n|switch|p2a: Florges|Florges, L45, F|100\/100\n|turn|9\n|\n|t:|1698593894\n|-terastallize|p2a: Florges|Psychic\n|move|p1a: Puff|Shadow Ball|p2a: Florges\n|-supereffective|p2a: Florges\n|-damage|p2a: Florges|0 fnt\n|faint|p2a: Florges\n|\n|win|StickmenSwampert\n|c|\u2606StickmenSwampert|gg\n","uploadtime":1698593905,"views":13,"p1id":"stickmenswampert","p2id":"notpaint","formatid":"gen9anythinggoes","rating":0,"private":0,"password":""}