{"id":"gen9anythinggoes-1988406418","p1":"Roxaslover21","p2":"Vendetta93","format":"[Gen 9] Anything Goes","log":"|j|\u2606Roxaslover21\n|j|\u2606Vendetta93\n|t:|1699719442\n|gametype|singles\n|player|p1|Roxaslover21|cynthia-gen4|\n|player|p2|Vendetta93|lucas|\n|teamsize|p1|6\n|teamsize|p2|6\n|gen|9\n|tier|[Gen 9] Anything Goes\n|rule|HP Percentage Mod: HP is shown in percentages\n|rule|Endless Battle Clause: Forcing endless battles is banned\n|clearpoke\n|poke|p1|Maushold|\n|poke|p1|Tauros, M|\n|poke|p1|Zoroark-Hisui, M|\n|poke|p1|Arboliva, M|\n|poke|p1|Ursaluna, F|\n|poke|p1|Meloetta|\n|poke|p2|Typhlosion-Hisui, M|\n|poke|p2|Garchomp, M|\n|poke|p2|Kyogre|\n|poke|p2|Sneasler, M|\n|poke|p2|Tinkaton, F|\n|poke|p2|Kleavor, M|\n|teampreview\n|\n|t:|1699719495\n|start\n|switch|p1a: Arboliva|Arboliva, M, shiny|100\/100\n|switch|p2a: Kleavor|Kleavor, M|100\/100\n|turn|1\n|\n|t:|1699719504\n|move|p2a: Kleavor|U-turn|p1a: Arboliva\n|-supereffective|p1a: Arboliva\n|-damage|p1a: Arboliva|32\/100\n|-fieldstart|move: Grassy Terrain|[from] ability: Seed Sower|[of] p1a: Arboliva\n|\n|t:|1699719513\n|switch|p2a: Typhlosion|Typhlosion-Hisui, M|100\/100|[from] U-turn\n|-item|p1a: Arboliva|Big Root|[from] ability: Frisk|[of] p2a: Typhlosion|[identify]\n|move|p1a: Arboliva|Leech Seed|p2a: Typhlosion|[miss]\n|-miss|p1a: Arboliva|p2a: Typhlosion\n|\n|-heal|p1a: Arboliva|38\/100|[from] Grassy Terrain\n|upkeep\n|turn|2\n|\n|t:|1699719526\n|move|p2a: Typhlosion|Flamethrower|p1a: Arboliva\n|-supereffective|p1a: Arboliva\n|-damage|p1a: Arboliva|0 fnt\n|faint|p1a: Arboliva\n|\n|upkeep\n|\n|t:|1699719539\n|switch|p1a: Tauros|Tauros, M, shiny|100\/100\n|turn|3\n|\n|t:|1699719551\n|move|p1a: Tauros|Bulldoze|p2a: Typhlosion\n|-supereffective|p2a: Typhlosion\n|-damage|p2a: Typhlosion|67\/100\n|move|p2a: Typhlosion|Will-O-Wisp|p1a: Tauros|[miss]\n|-miss|p2a: Typhlosion|p1a: Tauros\n|\n|-heal|p2a: Typhlosion|73\/100|[from] Grassy Terrain\n|upkeep\n|turn|4\n|\n|t:|1699719564\n|switch|p1a: Ursaluna|Ursaluna, F, shiny|100\/100\n|move|p2a: Typhlosion|Will-O-Wisp|p1a: Ursaluna\n|-status|p1a: Ursaluna|brn\n|\n|-heal|p2a: Typhlosion|79\/100|[from] Grassy Terrain\n|-damage|p1a: Ursaluna|94\/100 brn|[from] brn\n|upkeep\n|turn|5\n|\n|t:|1699719584\n|move|p2a: Typhlosion|Extrasensory|p1a: Ursaluna\n|-damage|p1a: Ursaluna|72\/100 brn\n|move|p1a: Ursaluna|Trailblaze|p2a: Typhlosion\n|-resisted|p2a: Typhlosion\n|-damage|p2a: Typhlosion|56\/100\n|-boost|p1a: Ursaluna|spe|1\n|\n|-heal|p1a: Ursaluna|78\/100 brn|[from] Grassy Terrain\n|-heal|p2a: Typhlosion|62\/100|[from] Grassy Terrain\n|-damage|p1a: Ursaluna|72\/100 brn|[from] brn\n|-fieldend|move: Grassy Terrain\n|upkeep\n|turn|6\n|\n|t:|1699719602\n|move|p1a: Ursaluna|Play Rough|p2a: Typhlosion\n|-resisted|p2a: Typhlosion\n|-damage|p2a: Typhlosion|31\/100\n|move|p2a: Typhlosion|Flamethrower|p1a: Ursaluna\n|-crit|p1a: Ursaluna\n|-damage|p1a: Ursaluna|20\/100 brn\n|\n|-damage|p1a: Ursaluna|14\/100 brn|[from] brn\n|upkeep\n|turn|7\n|\n|t:|1699719626\n|move|p1a: Ursaluna|Play Rough|p2a: Typhlosion\n|-resisted|p2a: Typhlosion\n|-damage|p2a: Typhlosion|0 fnt\n|faint|p2a: Typhlosion\n|\n|-damage|p1a: Ursaluna|8\/100 brn|[from] brn\n|upkeep\n|\n|t:|1699719644\n|switch|p2a: Garchomp|Garchomp, M|100\/100\n|turn|8\n|\n|t:|1699719668\n|-terastallize|p1a: Ursaluna|Fairy\n|move|p2a: Garchomp|Protect|p2a: Garchomp\n|-singleturn|p2a: Garchomp|Protect\n|move|p1a: Ursaluna|Drain Punch|p2a: Garchomp\n|-activate|p2a: Garchomp|move: Protect\n|\n|-damage|p1a: Ursaluna|2\/100 brn|[from] brn\n|upkeep\n|turn|9\n|\n|t:|1699719679\n|move|p1a: Ursaluna|Drain Punch|p2a: Garchomp\n|-damage|p2a: Garchomp|70\/100\n|-heal|p1a: Ursaluna|18\/100 brn|[from] drain|[of] p2a: Garchomp\n|-damage|p1a: Ursaluna|5\/100 brn|[from] ability: Rough Skin|[of] p2a: Garchomp\n|-damage|p1a: Ursaluna|0 fnt|[from] item: Rocky Helmet|[of] p2a: Garchomp\n|faint|p1a: Ursaluna\n|move|p2a: Garchomp|Dragon Claw|p1: Ursaluna|[notarget]\n|-fail|p2a: Garchomp\n|\n|upkeep\n|\n|t:|1699719697\n|switch|p1a: Meloetta|Meloetta|100\/100\n|turn|10\n|\n|t:|1699719704\n|move|p2a: Garchomp|Swords Dance|p2a: Garchomp\n|-boost|p2a: Garchomp|atk|2\n|move|p1a: Meloetta|Relic Song|p2a: Garchomp\n|-damage|p2a: Garchomp|42\/100\n|-formechange|p1a: Meloetta|Meloetta-Pirouette|[msg]\n|\n|upkeep\n|turn|11\n|\n|t:|1699719714\n|move|p2a: Garchomp|Earthquake|p1a: Meloetta\n|-damage|p1a: Meloetta|31\/100\n|move|p1a: Meloetta|Psychic|p2a: Garchomp\n|-damage|p2a: Garchomp|27\/100\n|-unboost|p2a: Garchomp|spd|1\n|\n|upkeep\n|turn|12\n|\n|t:|1699719724\n|move|p2a: Garchomp|Earthquake|p1a: Meloetta\n|-damage|p1a: Meloetta|0 fnt\n|faint|p1a: Meloetta\n|\n|upkeep\n|\n|t:|1699719730\n|switch|p1a: Maushold|Maushold|100\/100\n|turn|13\n|\n|t:|1699719737\n|move|p2a: Garchomp|Protect|p2a: Garchomp\n|-singleturn|p2a: Garchomp|Protect\n|move|p1a: Maushold|Bitter Malice|p2a: Garchomp\n|-activate|p2a: Garchomp|move: Protect\n|\n|upkeep\n|turn|14\n|\n|t:|1699719746\n|move|p1a: Maushold|Bitter Malice|p2a: Garchomp\n|-damage|p2a: Garchomp|0 fnt\n|faint|p2a: Garchomp\n|\n|upkeep\n|\n|t:|1699719754\n|switch|p2a: Sneasler|Sneasler, M|100\/100\n|-ability|p2a: Sneasler|Pressure\n|turn|15\n|\n|t:|1699719770\n|-terastallize|p2a: Sneasler|Dark\n|move|p2a: Sneasler|Night Slash|p1a: Maushold\n|-supereffective|p1a: Maushold\n|-damage|p1a: Maushold|0 fnt\n|replace|p1a: Zoroark|Zoroark-Hisui, M, shiny\n|-end|p1a: Zoroark|Illusion\n|faint|p1a: Zoroark\n|\n|upkeep\n|\n|t:|1699719795\n|switch|p1a: Maushold|Maushold|100\/100\n|turn|16\n|\n|t:|1699719816\n|move|p2a: Sneasler|Brick Break|p1a: Maushold\n|-supereffective|p1a: Maushold\n|-damage|p1a: Maushold|0 fnt\n|faint|p1a: Maushold\n|\n|upkeep\n|\n|t:|1699719822\n|switch|p1a: Tauros|Tauros, M, shiny|100\/100\n|turn|17\n|\n|t:|1699719828\n|move|p2a: Sneasler|Brick Break|p1a: Tauros\n|-supereffective|p1a: Tauros\n|-crit|p1a: Tauros\n|-damage|p1a: Tauros|0 fnt\n|faint|p1a: Tauros\n|\n|win|Vendetta93\n|l|\u2606Vendetta93\n","uploadtime":1699722428,"views":5,"p1id":"roxaslover21","p2id":"vendetta93","formatid":"gen9anythinggoes","rating":0,"private":0,"password":""}