{"id":"gen9anythinggoes-1984752671","p1":"Thewaterycones","p2":"sub to ty998","format":"[Gen 9] Anything Goes","log":"|j|\u2606Thewaterycones\n|j|\u2606sub to ty998\n|t:|1699296160\n|gametype|singles\n|player|p1|Thewaterycones|1|1086\n|player|p2|sub to ty998|1|1072\n|teamsize|p1|6\n|teamsize|p2|6\n|gen|9\n|tier|[Gen 9] Anything Goes\n|rated|\n|rule|HP Percentage Mod: HP is shown in percentages\n|rule|Endless Battle Clause: Forcing endless battles is banned\n|clearpoke\n|poke|p1|Eelektross, M|\n|poke|p1|Azumarill, F|\n|poke|p1|Trevenant, M|\n|poke|p1|Pawmot, F|\n|poke|p1|Darkrai|\n|poke|p1|Breloom, M|\n|poke|p2|Cinderace, M|\n|poke|p2|Ceruledge, M|\n|poke|p2|Decidueye-Hisui, M|\n|poke|p2|Rayquaza|\n|poke|p2|Zacian-*|\n|poke|p2|Regieleki|\n|teampreview\n|\n|t:|1699296175\n|start\n|switch|p1a: Azumarill|Azumarill, F|100\/100\n|switch|p2a: Rayquaza|Rayquaza, shiny|100\/100\n|-ability|p2a: Rayquaza|Air Lock\n|turn|1\n|\n|t:|1699296183\n|move|p2a: Rayquaza|Blizzard|p1a: Azumarill\n|-resisted|p1a: Azumarill\n|-damage|p1a: Azumarill|80\/100\n|-status|p1a: Azumarill|frz\n|-curestatus|p1a: Azumarill|frz|[msg]\n|move|p1a: Azumarill|Play Rough|p2a: Rayquaza\n|-supereffective|p2a: Rayquaza\n|-damage|p2a: Rayquaza|11\/100\n|\n|upkeep\n|turn|2\n|\n|t:|1699296195\n|move|p2a: Rayquaza|Dragon Ascent|p1a: Azumarill\n|-damage|p1a: Azumarill|14\/100\n|-unboost|p2a: Rayquaza|def|1\n|-unboost|p2a: Rayquaza|spd|1\n|-enditem|p1a: Azumarill|Sitrus Berry|[eat]\n|-heal|p1a: Azumarill|39\/100|[from] item: Sitrus Berry\n|move|p1a: Azumarill|Belly Drum||[still]\n|-fail|p1a: Azumarill\n|\n|upkeep\n|turn|3\n|\n|t:|1699296205\n|move|p2a: Rayquaza|Dragon Ascent|p1a: Azumarill\n|-damage|p1a: Azumarill|0 fnt\n|-unboost|p2a: Rayquaza|def|1\n|-unboost|p2a: Rayquaza|spd|1\n|faint|p1a: Azumarill\n|\n|upkeep\n|\n|t:|1699296215\n|switch|p1a: Pawmot|Pawmot, F|100\/100\n|turn|4\n|\n|t:|1699296225\n|move|p1a: Pawmot|Thunder Punch|p2a: Rayquaza\n|-damage|p2a: Rayquaza|0 fnt\n|faint|p2a: Rayquaza\n|\n|upkeep\n|\n|t:|1699296230\n|switch|p2a: Decidueye|Decidueye-Hisui, M, shiny|100\/100\n|turn|5\n|\n|t:|1699296234\n|move|p1a: Pawmot|Revival Blessing|p1a: Pawmot\n|\n|t:|1699296236\n|-heal|p1: Azumarill|50\/100|[from] move: Revival Blessing\n|move|p2a: Decidueye|Aura Sphere|p1a: Pawmot\n|-damage|p1a: Pawmot|56\/100\n|-enditem|p1a: Pawmot|Eject Button\n|\n|t:|1699296244\n|switch|p1a: Breloom|Breloom, M|100\/100\n|\n|-damage|p1a: Breloom|88\/100|[from] item: Black Sludge\n|upkeep\n|turn|6\n|\n|t:|1699296253\n|move|p1a: Breloom|Rock Slide|p2a: Decidueye\n|-resisted|p2a: Decidueye\n|-damage|p2a: Decidueye|88\/100\n|move|p2a: Decidueye|Air Slash|p1a: Breloom\n|-supereffective|p1a: Breloom\n|-damage|p1a: Breloom|0 fnt\n|faint|p1a: Breloom\n|\n|upkeep\n|\n|t:|1699296264\n|switch|p1a: Eelektross|Eelektross, M|100\/100\n|turn|7\n|\n|t:|1699296268\n|move|p2a: Decidueye|Leaf Storm|p1a: Eelektross\n|-crit|p1a: Eelektross\n|-damage|p1a: Eelektross|14\/100\n|-unboost|p2a: Decidueye|spa|2\n|move|p1a: Eelektross|Zen Headbutt|p2a: Decidueye|[miss]\n|-miss|p1a: Eelektross|p2a: Decidueye\n|\n|upkeep\n|turn|8\n|\n|t:|1699296277\n|move|p2a: Decidueye|Leaf Storm|p1a: Eelektross\n|-damage|p1a: Eelektross|0 fnt\n|-unboost|p2a: Decidueye|spa|2\n|faint|p1a: Eelektross\n|\n|upkeep\n|\n|t:|1699296285\n|switch|p1a: Azumarill|Azumarill, F|50\/100\n|turn|9\n|\n|t:|1699296289\n|move|p2a: Decidueye|Leaf Storm|p1a: Azumarill\n|-supereffective|p1a: Azumarill\n|-damage|p1a: Azumarill|16\/100\n|-unboost|p2a: Decidueye|spa|2\n|move|p1a: Azumarill|Aqua Ring|p1a: Azumarill\n|-start|p1a: Azumarill|Aqua Ring\n|\n|-heal|p1a: Azumarill|23\/100|[from] Aqua Ring\n|upkeep\n|turn|10\n|\n|t:|1699296300\n|move|p2a: Decidueye|Leaf Storm|p1a: Azumarill\n|-supereffective|p1a: Azumarill\n|-damage|p1a: Azumarill|0 fnt\n|faint|p1a: Azumarill\n|\n|upkeep\n|\n|t:|1699296305\n|switch|p1a: Trevenant|Trevenant, M|100\/100\n|-item|p2a: Decidueye|Grassy Seed|[from] ability: Frisk|[of] p1a: Trevenant|[identify]\n|turn|11\n|\n|t:|1699296313\n|move|p2a: Decidueye|Air Slash|p1a: Trevenant\n|-supereffective|p1a: Trevenant\n|-damage|p1a: Trevenant|90\/100\n|move|p1a: Trevenant|Drain Punch|p2a: Decidueye\n|-damage|p2a: Decidueye|67\/100\n|-heal|p1a: Trevenant|100\/100|[from] drain|[of] p2a: Decidueye\n|\n|upkeep\n|turn|12\n|\n|t:|1699296325\n|-terastallize|p1a: Trevenant|Ghost\n|move|p2a: Decidueye|Air Slash|p1a: Trevenant\n|-damage|p1a: Trevenant|96\/100\n|cant|p1a: Trevenant|flinch\n|\n|upkeep\n|turn|13\n|\n|t:|1699296332\n|move|p2a: Decidueye|Leaf Storm|p1a: Trevenant\n|-damage|p1a: Trevenant|82\/100\n|move|p1a: Trevenant|Drain Punch|p2a: Decidueye\n|-damage|p2a: Decidueye|48\/100\n|-heal|p1a: Trevenant|94\/100|[from] drain|[of] p2a: Decidueye\n|\n|upkeep\n|turn|14\n|\n|t:|1699296345\n|move|p2a: Decidueye|Leaf Storm|p1a: Trevenant\n|-damage|p1a: Trevenant|80\/100\n|move|p1a: Trevenant|Calm Mind|p1a: Trevenant\n|-boost|p1a: Trevenant|spa|1\n|-boost|p1a: Trevenant|spd|1\n|\n|upkeep\n|turn|15\n|\n|t:|1699296356\n|move|p2a: Decidueye|Leaf Storm|p1a: Trevenant\n|-crit|p1a: Trevenant\n|-damage|p1a: Trevenant|0 fnt\n|faint|p1a: Trevenant\n|\n|upkeep\n|\n|t:|1699296362\n|switch|p1a: Darkrai|Darkrai|100\/100\n|turn|16\n|\n|t:|1699296367\n|move|p1a: Darkrai|Sludge Bomb|p2a: Decidueye\n|-supereffective|p2a: Decidueye\n|-damage|p2a: Decidueye|0 fnt\n|faint|p2a: Decidueye\n|-damage|p1a: Darkrai|91\/100|[from] item: Life Orb\n|\n|upkeep\n|\n|t:|1699296375\n|switch|p2a: Zacian|Zacian-Crowned|100\/100\n|-ability|p2a: Zacian|Intrepid Sword|boost\n|-boost|p2a: Zacian|atk|1\n|turn|17\n|\n|t:|1699296383\n|move|p1a: Darkrai|Sludge Bomb|p2a: Zacian\n|-immune|p2a: Zacian\n|move|p2a: Zacian|Dazzling Gleam|p1a: Darkrai\n|-supereffective|p1a: Darkrai\n|-damage|p1a: Darkrai|33\/100\n|\n|upkeep\n|turn|18\n|\n|t:|1699296390\n|move|p1a: Darkrai|Dark Pulse|p2a: Zacian\n|-resisted|p2a: Zacian\n|-damage|p2a: Zacian|78\/100\n|-damage|p1a: Darkrai|23\/100|[from] item: Life Orb\n|move|p2a: Zacian|Dazzling Gleam|p1a: Darkrai\n|-supereffective|p1a: Darkrai\n|-damage|p1a: Darkrai|0 fnt\n|faint|p1a: Darkrai\n|\n|upkeep\n|\n|t:|1699296398\n|switch|p1a: Pawmot|Pawmot, F|56\/100\n|turn|19\n|\n|t:|1699296403\n|move|p2a: Zacian|Behemoth Blade|p1a: Pawmot\n|-resisted|p1a: Pawmot\n|-damage|p1a: Pawmot|0 fnt\n|faint|p1a: Pawmot\n|\n|win|sub to ty998\n|raw|Thewaterycones's rating: 1086 &rarr; <strong>1062<\/strong><br \/>(-24 for losing)\n|raw|sub to ty998's rating: 1072 &rarr; <strong>1102<\/strong><br \/>(+30 for winning)\n|l|\u2606Thewaterycones\n","uploadtime":1699296413,"views":4,"p1id":"thewaterycones","p2id":"subtoty998","formatid":"gen9anythinggoes","rating":1062,"private":0,"password":""}