{"id":"gen9anythinggoes-1979935403","p1":"Bakitaladelbarrio","p2":"KeeganK9","format":"[Gen 9] Anything Goes","log":"|j|\u2606Bakitaladelbarrio\n|j|\u2606KeeganK9\n|t:|1698732404\n|gametype|singles\n|player|p1|Bakitaladelbarrio|colress|1229\n|player|p2|KeeganK9|cynthia|1144\n|teamsize|p1|6\n|teamsize|p2|6\n|gen|9\n|tier|[Gen 9] Anything Goes\n|rated|\n|rule|HP Percentage Mod: HP is shown in percentages\n|rule|Endless Battle Clause: Forcing endless battles is banned\n|clearpoke\n|poke|p1|Calyrex-Shadow|\n|poke|p1|Darkrai|\n|poke|p1|Espathra, F|\n|poke|p1|Zacian-*|\n|poke|p1|Miraidon|\n|poke|p1|Hatterene, F|\n|poke|p2|Maushold-Four|\n|poke|p2|Moltres-Galar|\n|poke|p2|Lucario, M|\n|poke|p2|Gastrodon, M|\n|poke|p2|Bruxish, M|\n|poke|p2|Gyarados, F|\n|teampreview\n|inactive|Battle timer is ON: inactive players will automatically lose when time's up. (requested by KeeganK9)\n|\n|t:|1698732409\n|start\n|switch|p1a: Darkrai|Darkrai|100\/100\n|switch|p2a: Da Bomb|Moltres-Galar, shiny|100\/100\n|turn|1\n|\n|t:|1698732415\n|move|p1a: Darkrai|Hypnosis|p2a: Da Bomb|[miss]\n|-miss|p1a: Darkrai|p2a: Da Bomb\n|move|p2a: Da Bomb|Nasty Plot|p2a: Da Bomb\n|-boost|p2a: Da Bomb|spa|2\n|\n|upkeep\n|turn|2\n|\n|t:|1698732422\n|move|p1a: Darkrai|Hypnosis|p2a: Da Bomb\n|-status|p2a: Da Bomb|slp|[from] move: Hypnosis\n|cant|p2a: Da Bomb|slp\n|\n|-damage|p2a: Da Bomb|88\/100 slp|[from] ability: Bad Dreams|[of] p1a: Darkrai\n|upkeep\n|turn|3\n|\n|t:|1698732431\n|switch|p2a: found my mom|Maushold-Four|100\/100\n|move|p1a: Darkrai|Nasty Plot|p1a: Darkrai\n|-boost|p1a: Darkrai|spa|2\n|\n|upkeep\n|turn|4\n|\n|t:|1698732438\n|move|p1a: Darkrai|Hypnosis|p2a: found my mom\n|-status|p2a: found my mom|slp|[from] move: Hypnosis\n|cant|p2a: found my mom|slp\n|\n|-damage|p2a: found my mom|88\/100 slp|[from] ability: Bad Dreams|[of] p1a: Darkrai\n|upkeep\n|turn|5\n|\n|t:|1698732447\n|move|p1a: Darkrai|Hex|p2a: found my mom\n|-immune|p2a: found my mom\n|cant|p2a: found my mom|slp\n|\n|-damage|p2a: found my mom|76\/100 slp|[from] ability: Bad Dreams|[of] p1a: Darkrai\n|upkeep\n|turn|6\n|\n|t:|1698732455\n|move|p1a: Darkrai|Dark Pulse|p2a: found my mom\n|-damage|p2a: found my mom|0 fnt\n|faint|p2a: found my mom\n|\n|upkeep\n|\n|t:|1698732462\n|switch|p2a: Da Bomb|Moltres-Galar, shiny|88\/100 slp\n|turn|7\n|\n|t:|1698732466\n|move|p1a: Darkrai|Dark Pulse|p2a: Da Bomb\n|-resisted|p2a: Da Bomb\n|-damage|p2a: Da Bomb|55\/100 slp\n|cant|p2a: Da Bomb|slp\n|\n|-damage|p2a: Da Bomb|43\/100 slp|[from] ability: Bad Dreams|[of] p1a: Darkrai\n|upkeep\n|turn|8\n|\n|t:|1698732482\n|move|p1a: Darkrai|Hex|p2a: Da Bomb\n|-resisted|p2a: Da Bomb\n|-damage|p2a: Da Bomb|9\/100 slp\n|cant|p2a: Da Bomb|slp\n|\n|-damage|p2a: Da Bomb|0 fnt|[from] ability: Bad Dreams|[of] p1a: Darkrai\n|faint|p2a: Da Bomb\n|upkeep\n|\n|t:|1698732489\n|switch|p2a: soft fists|Lucario, M|100\/100\n|turn|9\n|\n|t:|1698732495\n|-terastallize|p2a: soft fists|Fighting\n|move|p1a: Darkrai|Hypnosis|p2a: soft fists|[miss]\n|-miss|p1a: Darkrai|p2a: soft fists\n|move|p2a: soft fists|Brick Break|p1a: Darkrai\n|-supereffective|p1a: Darkrai\n|-damage|p1a: Darkrai|0 fnt\n|faint|p1a: Darkrai\n|\n|upkeep\n|\n|t:|1698732507\n|switch|p1a: Espathra|Espathra, F|100\/100\n|turn|10\n|\n|t:|1698732512\n|move|p1a: Espathra|Protect|p1a: Espathra\n|-singleturn|p1a: Espathra|Protect\n|move|p2a: soft fists|Swords Dance|p2a: soft fists\n|-boost|p2a: soft fists|atk|2\n|\n|-ability|p1a: Espathra|Speed Boost|boost\n|-boost|p1a: Espathra|spe|1\n|upkeep\n|turn|11\n|\n|t:|1698732520\n|move|p1a: Espathra|Calm Mind|p1a: Espathra\n|-boost|p1a: Espathra|spa|1\n|-boost|p1a: Espathra|spd|1\n|move|p2a: soft fists|Shadow Claw|p1a: Espathra\n|-supereffective|p1a: Espathra\n|-enditem|p1a: Espathra|Focus Sash\n|-damage|p1a: Espathra|1\/100\n|\n|-ability|p1a: Espathra|Speed Boost|boost\n|-boost|p1a: Espathra|spe|1\n|upkeep\n|turn|12\n|\n|t:|1698732531\n|move|p2a: soft fists|Bullet Punch|p1a: Espathra\n|-damage|p1a: Espathra|0 fnt\n|faint|p1a: Espathra\n|\n|upkeep\n|\n|t:|1698732537\n|switch|p1a: Calyrex|Calyrex-Shadow|100\/100\n|-ability|p1a: Calyrex|As One\n|-ability|p1a: Calyrex|Unnerve\n|turn|13\n|\n|t:|1698732544\n|move|p1a: Calyrex|Astral Barrage|p2a: soft fists\n|-damage|p2a: soft fists|0 fnt\n|faint|p2a: soft fists\n|-ability|p1a: Calyrex|Grim Neigh|boost\n|-boost|p1a: Calyrex|spa|1\n|\n|upkeep\n|\n|t:|1698732564\n|switch|p2a: Trigger|Bruxish, M, shiny|100\/100\n|turn|14\n|\n|t:|1698732569\n|move|p1a: Calyrex|Astral Barrage|p2a: Trigger\n|-supereffective|p2a: Trigger\n|-damage|p2a: Trigger|0 fnt\n|faint|p2a: Trigger\n|-ability|p1a: Calyrex|Grim Neigh|boost\n|-boost|p1a: Calyrex|spa|1\n|\n|upkeep\n|\n|t:|1698732576\n|switch|p2a: escargot|Gastrodon, M|100\/100\n|-item|p2a: escargot|Air Balloon\n|turn|15\n|\n|t:|1698732584\n|move|p1a: Calyrex|Energy Ball|p2a: escargot\n|-supereffective|p2a: escargot\n|-damage|p2a: escargot|0 fnt\n|-enditem|p2a: escargot|Air Balloon\n|faint|p2a: escargot\n|-ability|p1a: Calyrex|Grim Neigh|boost\n|-boost|p1a: Calyrex|spa|1\n|\n|upkeep\n|\n|t:|1698732592\n|switch|p2a: water wiener|Gyarados, F|100\/100\n|-ability|p2a: water wiener|Intimidate|boost\n|-unboost|p1a: Calyrex|atk|1\n|turn|16\n|c|\u2606KeeganK9|gg\n|\n|t:|1698732597\n|move|p2a: water wiener|Endure|p2a: water wiener\n|-singleturn|p2a: water wiener|move: Endure\n|move|p1a: Calyrex|Astral Barrage|p2a: water wiener\n|-activate|p2a: water wiener|move: Endure\n|-damage|p2a: water wiener|1\/100\n|\n|upkeep\n|turn|17\n|\n|t:|1698732606\n|move|p1a: Calyrex|Dark Pulse|p2a: water wiener\n|-damage|p2a: water wiener|0 fnt\n|faint|p2a: water wiener\n|\n|win|Bakitaladelbarrio\n|raw|Bakitaladelbarrio's rating: 1229 &rarr; <strong>1248<\/strong><br \/>(+19 for winning)\n|raw|KeeganK9's rating: 1144 &rarr; <strong>1125<\/strong><br \/>(-19 for losing)\n","uploadtime":1698732613,"views":9,"p1id":"bakitaladelbarrio","p2id":"keegank9","formatid":"gen9anythinggoes","rating":1125,"private":0,"password":""}