{"id":"gen9anythinggoes-1993257184","p1":"Pikamon shoodoon","p2":"papahue","format":"[Gen 9] Anything Goes","log":"|j|\u2606Pikamon shoodoon\n|j|\u2606papahue\n|t:|1700285361\n|gametype|singles\n|player|p1|Pikamon shoodoon|lucas|1314\n|player|p2|papahue|170|1441\n|teamsize|p1|6\n|teamsize|p2|6\n|gen|9\n|tier|[Gen 9] Anything Goes\n|rated|\n|rule|HP Percentage Mod: HP is shown in percentages\n|rule|Endless Battle Clause: Forcing endless battles is banned\n|clearpoke\n|poke|p1|Barraskewda, M|\n|poke|p1|Kyogre|\n|poke|p1|Gastrodon, F|\n|poke|p1|Pelipper, M|\n|poke|p1|Greninja-*, M|\n|poke|p1|Toxapex, M|\n|poke|p2|Espathra, F|\n|poke|p2|Grimmsnarl, M|\n|poke|p2|Torkoal, M|\n|poke|p2|Vaporeon, F|\n|poke|p2|Meowscarada, F|\n|poke|p2|Delphox, F|\n|teampreview\n|inactive|Battle timer is ON: inactive players will automatically lose when time's up. (requested by Pikamon shoodoon)\n|\n|t:|1700285374\n|start\n|switch|p1a: Pelipper|Pelipper, M|100\/100\n|switch|p2a: Ronald G. Snarls|Grimmsnarl, M|100\/100\n|-weather|RainDance|[from] ability: Drizzle|[of] p1a: Pelipper\n|turn|1\n|\n|t:|1700285379\n|move|p2a: Ronald G. Snarls|Light Screen|p2a: Ronald G. Snarls\n|-sidestart|p2: papahue|move: Light Screen\n|move|p1a: Pelipper|U-turn|p2a: Ronald G. Snarls\n|-damage|p2a: Ronald G. Snarls|91\/100\n|\n|t:|1700285385\n|switch|p1a: Barraskewda|Barraskewda, M|100\/100|[from] U-turn\n|\n|-weather|RainDance|[upkeep]\n|upkeep\n|turn|2\n|\n|t:|1700285396\n|move|p2a: Ronald G. Snarls|Reflect|p2a: Ronald G. Snarls\n|-sidestart|p2: papahue|Reflect\n|move|p1a: Barraskewda|Poison Jab|p2a: Ronald G. Snarls\n|-supereffective|p2a: Ronald G. Snarls\n|-damage|p2a: Ronald G. Snarls|39\/100\n|-status|p2a: Ronald G. Snarls|psn\n|\n|-weather|RainDance|[upkeep]\n|-damage|p2a: Ronald G. Snarls|26\/100 psn|[from] psn\n|upkeep\n|turn|3\n|\n|t:|1700285401\n|switch|p1a: Gastrodon|Gastrodon, F|100\/100\n|move|p2a: Ronald G. Snarls|Parting Shot|p1a: Gastrodon\n|-unboost|p1a: Gastrodon|atk|1\n|-unboost|p1a: Gastrodon|spa|1\n|\n|t:|1700285403\n|switch|p2a: Flora|Meowscarada, F|100\/100|[from] Parting Shot\n|\n|-weather|RainDance|[upkeep]\n|upkeep\n|turn|4\n|\n|t:|1700285418\n|switch|p1a: Pelipper|Pelipper, M|100\/100\n|move|p2a: Flora|Flower Trick|p1a: Pelipper\n|-crit|p1a: Pelipper\n|-damage|p1a: Pelipper|32\/100\n|-damage|p2a: Flora|91\/100|[from] item: Life Orb\n|\n|-weather|RainDance|[upkeep]\n|upkeep\n|turn|5\n|\n|t:|1700285422\n|move|p2a: Flora|Flower Trick|p1a: Pelipper\n|-crit|p1a: Pelipper\n|-damage|p1a: Pelipper|0 fnt\n|faint|p1a: Pelipper\n|-damage|p2a: Flora|81\/100|[from] item: Life Orb\n|\n|-weather|RainDance|[upkeep]\n|upkeep\n|\n|t:|1700285428\n|switch|p1a: Toxapex|Toxapex, M|100\/100\n|turn|6\n|\n|t:|1700285437\n|move|p2a: Flora|Knock Off|p1a: Toxapex\n|-damage|p1a: Toxapex|59\/100\n|-damage|p2a: Flora|64\/100|[from] item: Rocky Helmet|[of] p1a: Toxapex\n|-enditem|p1a: Toxapex|Rocky Helmet|[from] move: Knock Off|[of] p2a: Flora\n|-damage|p2a: Flora|54\/100|[from] item: Life Orb\n|move|p1a: Toxapex|Toxic|p2a: Flora\n|-status|p2a: Flora|tox\n|\n|-weather|RainDance|[upkeep]\n|-damage|p2a: Flora|48\/100 tox|[from] psn\n|upkeep\n|turn|7\n|\n|t:|1700285447\n|switch|p2a: Ronald G. Snarls|Grimmsnarl, M|26\/100 psn\n|move|p1a: Toxapex|Baneful Bunker||[still]\n|-fail|p1a: Toxapex\n|\n|-weather|RainDance|[upkeep]\n|-damage|p2a: Ronald G. Snarls|14\/100 psn|[from] psn\n|upkeep\n|turn|8\n|\n|t:|1700285458\n|switch|p2a: Flora|Meowscarada, F|48\/100 tox\n|move|p1a: Toxapex|Chilling Water|p2a: Flora\n|-resisted|p2a: Flora\n|-damage|p2a: Flora|41\/100 tox\n|-unboost|p2a: Flora|atk|1\n|\n|-weather|none\n|-damage|p2a: Flora|35\/100 tox|[from] psn\n|-sideend|p2: papahue|move: Light Screen\n|upkeep\n|turn|9\n|\n|t:|1700285464\n|move|p1a: Toxapex|Baneful Bunker|p1a: Toxapex\n|-singleturn|p1a: Toxapex|move: Protect\n|move|p2a: Flora|Flower Trick|p1a: Toxapex\n|-activate|p1a: Toxapex|move: Protect\n|\n|-damage|p2a: Flora|23\/100 tox|[from] psn\n|-sideend|p2: papahue|Reflect\n|upkeep\n|turn|10\n|\n|t:|1700285471\n|move|p2a: Flora|Flower Trick|p1a: Toxapex\n|-crit|p1a: Toxapex\n|-damage|p1a: Toxapex|0 fnt\n|faint|p1a: Toxapex\n|-damage|p2a: Flora|13\/100 tox|[from] item: Life Orb\n|\n|-damage|p2a: Flora|0 fnt|[from] psn\n|faint|p2a: Flora\n|upkeep\n|\n|t:|1700285476\n|switch|p2a: Ronald G. Snarls|Grimmsnarl, M|14\/100 psn\n|switch|p1a: Kyogre|Kyogre|100\/100\n|-weather|RainDance|[from] ability: Drizzle|[of] p1a: Kyogre\n|turn|11\n|\n|t:|1700285499\n|switch|p1a: Greninja|Greninja, M|100\/100\n|move|p2a: Ronald G. Snarls|Light Screen|p2a: Ronald G. Snarls\n|-sidestart|p2: papahue|move: Light Screen\n|\n|-weather|RainDance|[upkeep]\n|-damage|p2a: Ronald G. Snarls|2\/100 psn|[from] psn\n|upkeep\n|turn|12\n|\n|t:|1700285502\n|move|p1a: Greninja|Water Shuriken|p2a: Ronald G. Snarls\n|-crit|p2a: Ronald G. Snarls\n|-damage|p2a: Ronald G. Snarls|0 fnt\n|faint|p2a: Ronald G. Snarls\n|-ability|p1a: Greninja|Battle Bond|boost\n|-boost|p1a: Greninja|atk|1\n|-boost|p1a: Greninja|spa|1\n|-boost|p1a: Greninja|spe|1\n|-activate|p1a: Greninja|ability: Battle Bond\n|-hitcount|p2: Ronald G. Snarls|1\n|\n|-weather|RainDance|[upkeep]\n|upkeep\n|\n|t:|1700285507\n|switch|p2a: Salacia|Vaporeon, F|100\/100\n|turn|13\n|\n|t:|1700285513\n|switch|p1a: Kyogre|Kyogre|100\/100\n|move|p2a: Salacia|Haze|p2a: Salacia\n|-clearallboost\n|\n|-weather|RainDance|[upkeep]\n|upkeep\n|turn|14\n|\n|t:|1700285522\n|switch|p2a: Oog|Torkoal, M|100\/100\n|-weather|SunnyDay|[from] ability: Drought|[of] p2a: Oog\n|move|p1a: Kyogre|Thunder|p2a: Oog|[miss]\n|-miss|p1a: Kyogre|p2a: Oog\n|\n|-weather|SunnyDay|[upkeep]\n|upkeep\n|turn|15\n|\n|t:|1700285530\n|switch|p2a: Anat|Espathra, F|100\/100\n|move|p1a: Kyogre|Thunder|p2a: Anat|[miss]\n|-miss|p1a: Kyogre|p2a: Anat\n|\n|-weather|SunnyDay|[upkeep]\n|upkeep\n|turn|16\n|\n|t:|1700285539\n|switch|p1a: Barraskewda|Barraskewda, M|100\/100\n|move|p2a: Anat|Calm Mind|p2a: Anat\n|-boost|p2a: Anat|spa|1\n|-boost|p2a: Anat|spd|1\n|\n|-weather|SunnyDay|[upkeep]\n|-ability|p2a: Anat|Speed Boost|boost\n|-boost|p2a: Anat|spe|1\n|upkeep\n|turn|17\n|\n|t:|1700285544\n|move|p2a: Anat|Calm Mind|p2a: Anat\n|-boost|p2a: Anat|spa|1\n|-boost|p2a: Anat|spd|1\n|move|p1a: Barraskewda|Liquidation|p2a: Anat\n|-damage|p2a: Anat|64\/100\n|\n|-weather|SunnyDay|[upkeep]\n|-ability|p2a: Anat|Speed Boost|boost\n|-boost|p2a: Anat|spe|1\n|upkeep\n|turn|18\n|\n|t:|1700285551\n|switch|p1a: Kyogre|Kyogre|100\/100\n|-weather|RainDance|[from] ability: Drizzle|[of] p1a: Kyogre\n|move|p2a: Anat|Stored Power|p1a: Kyogre\n|-damage|p1a: Kyogre|23\/100\n|\n|-weather|RainDance|[upkeep]\n|-sideend|p2: papahue|move: Light Screen\n|-ability|p2a: Anat|Speed Boost|boost\n|-boost|p2a: Anat|spe|1\n|upkeep\n|turn|19\n|\n|t:|1700285557\n|move|p2a: Anat|Stored Power|p1a: Kyogre\n|-damage|p1a: Kyogre|0 fnt\n|faint|p1a: Kyogre\n|\n|-weather|RainDance|[upkeep]\n|-ability|p2a: Anat|Speed Boost|boost\n|-boost|p2a: Anat|spe|1\n|upkeep\n|\n|t:|1700285561\n|switch|p1a: Greninja|Greninja, M|100\/100\n|turn|20\n|\n|t:|1700285565\n|move|p2a: Anat|Protect|p2a: Anat\n|-singleturn|p2a: Anat|Protect\n|move|p1a: Greninja|Dark Pulse|p2a: Anat\n|-activate|p2a: Anat|move: Protect\n|\n|-weather|RainDance|[upkeep]\n|-ability|p2a: Anat|Speed Boost|boost\n|-boost|p2a: Anat|spe|1\n|upkeep\n|turn|21\n|\n|t:|1700285582\n|move|p2a: Anat|Baton Pass|p2a: Anat\n|\n|t:|1700285583\n|switch|p2a: Salacia|Vaporeon, F|100\/100|[from] Baton Pass\n|move|p1a: Greninja|Dark Pulse|p2a: Salacia\n|-damage|p2a: Salacia|81\/100\n|\n|-weather|RainDance|[upkeep]\n|-heal|p2a: Salacia|87\/100|[from] item: Leftovers\n|upkeep\n|turn|22\n|\n|t:|1700285591\n|move|p2a: Salacia|Substitute|p2a: Salacia\n|-start|p2a: Salacia|Substitute\n|-damage|p2a: Salacia|62\/100\n|move|p1a: Greninja|Dark Pulse|p2a: Salacia\n|-activate|p2a: Salacia|move: Substitute|[damage]\n|\n|-weather|none\n|-heal|p2a: Salacia|69\/100|[from] item: Leftovers\n|upkeep\n|turn|23\n|\n|t:|1700285596\n|switch|p1a: Gastrodon|Gastrodon, F|100\/100\n|move|p2a: Salacia|Scald|p1a: Gastrodon\n|-ability|p1a: Gastrodon|Storm Drain|boost\n|-boost|p1a: Gastrodon|spa|1\n|\n|-heal|p2a: Salacia|75\/100|[from] item: Leftovers\n|upkeep\n|turn|24\n|\n|t:|1700285599\n|move|p2a: Salacia|Ice Beam|p1a: Gastrodon\n|-damage|p1a: Gastrodon|69\/100\n|move|p1a: Gastrodon|Clear Smog|p2a: Salacia\n|-end|p2a: Salacia|Substitute\n|\n|-heal|p2a: Salacia|81\/100|[from] item: Leftovers\n|-heal|p1a: Gastrodon|75\/100|[from] item: Leftovers\n|upkeep\n|turn|25\n|\n|t:|1700285604\n|move|p2a: Salacia|Substitute|p2a: Salacia\n|-start|p2a: Salacia|Substitute\n|-damage|p2a: Salacia|56\/100\n|move|p1a: Gastrodon|Clear Smog|p2a: Salacia\n|-crit|p2a: Salacia\n|-activate|p2a: Salacia|move: Substitute|[damage]\n|\n|-heal|p2a: Salacia|62\/100|[from] item: Leftovers\n|-heal|p1a: Gastrodon|81\/100|[from] item: Leftovers\n|upkeep\n|turn|26\n|\n|t:|1700285611\n|move|p2a: Salacia|Ice Beam|p1a: Gastrodon\n|-damage|p1a: Gastrodon|49\/100\n|move|p1a: Gastrodon|Clear Smog|p2a: Salacia\n|-activate|p2a: Salacia|move: Substitute|[damage]\n|\n|-heal|p2a: Salacia|69\/100|[from] item: Leftovers\n|-heal|p1a: Gastrodon|55\/100|[from] item: Leftovers\n|upkeep\n|turn|27\n|\n|t:|1700285617\n|-terastallize|p2a: Salacia|Ground\n|move|p2a: Salacia|Ice Beam|p1a: Gastrodon\n|-damage|p1a: Gastrodon|24\/100\n|move|p1a: Gastrodon|Clear Smog|p2a: Salacia\n|-resisted|p2a: Salacia\n|-end|p2a: Salacia|Substitute\n|\n|-heal|p2a: Salacia|75\/100|[from] item: Leftovers\n|-heal|p1a: Gastrodon|30\/100|[from] item: Leftovers\n|upkeep\n|turn|28\n|\n|t:|1700285619\n|move|p2a: Salacia|Substitute|p2a: Salacia\n|-start|p2a: Salacia|Substitute\n|-damage|p2a: Salacia|50\/100\n|move|p1a: Gastrodon|Clear Smog|p2a: Salacia\n|-resisted|p2a: Salacia\n|-activate|p2a: Salacia|move: Substitute|[damage]\n|\n|-heal|p2a: Salacia|56\/100|[from] item: Leftovers\n|-heal|p1a: Gastrodon|36\/100|[from] item: Leftovers\n|upkeep\n|turn|29\n|\n|t:|1700285626\n|move|p2a: Salacia|Ice Beam|p1a: Gastrodon\n|-damage|p1a: Gastrodon|1\/100\n|move|p1a: Gastrodon|Sludge Bomb|p2a: Salacia\n|-resisted|p2a: Salacia\n|-activate|p2a: Salacia|move: Substitute|[damage]\n|\n|-heal|p2a: Salacia|62\/100|[from] item: Leftovers\n|-heal|p1a: Gastrodon|7\/100|[from] item: Leftovers\n|upkeep\n|turn|30\n|\n|t:|1700285629\n|move|p2a: Salacia|Ice Beam|p1a: Gastrodon\n|-damage|p1a: Gastrodon|0 fnt\n|faint|p1a: Gastrodon\n|\n|-heal|p2a: Salacia|69\/100|[from] item: Leftovers\n|upkeep\n|\n|t:|1700285633\n|switch|p1a: Barraskewda|Barraskewda, M|100\/100\n|turn|31\n|\n|t:|1700285636\n|move|p2a: Salacia|Scald|p1a: Barraskewda\n|-resisted|p1a: Barraskewda\n|-damage|p1a: Barraskewda|21\/100\n|-status|p1a: Barraskewda|brn\n|move|p1a: Barraskewda|Liquidation|p2a: Salacia\n|-heal|p2a: Salacia|94\/100|[from] ability: Water Absorb|[of] p1a: Barraskewda\n|\n|-heal|p2a: Salacia|99\/100|[from] item: Leftovers\n|-damage|p1a: Barraskewda|15\/100 brn|[from] brn\n|upkeep\n|turn|32\n|\n|t:|1700285640\n|move|p2a: Salacia|Scald|p1a: Barraskewda\n|-resisted|p1a: Barraskewda\n|-damage|p1a: Barraskewda|0 fnt\n|faint|p1a: Barraskewda\n|\n|-heal|p2a: Salacia|100\/100|[from] item: Leftovers\n|upkeep\n|\n|t:|1700285644\n|switch|p1a: Greninja|Greninja, M|100\/100\n|turn|33\n|\n|t:|1700285646\n|move|p2a: Salacia|Scald|p1a: Greninja\n|-resisted|p1a: Greninja\n|-damage|p1a: Greninja|46\/100\n|move|p1a: Greninja|Ice Beam|p2a: Salacia\n|-supereffective|p2a: Salacia\n|-end|p2a: Salacia|Substitute\n|\n|upkeep\n|turn|34\n|\n|t:|1700285649\n|move|p2a: Salacia|Scald|p1a: Greninja\n|-resisted|p1a: Greninja\n|-damage|p1a: Greninja|0 fnt\n|faint|p1a: Greninja\n|\n|win|papahue\n|raw|Pikamon shoodoon's rating: 1314 &rarr; <strong>1301<\/strong><br \/>(-13 for losing)\n|raw|papahue's rating: 1441 &rarr; <strong>1454<\/strong><br \/>(+13 for winning)\n|c|\u2606papahue|Gg\n|l|\u2606Pikamon shoodoon\n|l|\u2606papahue\n|j|\u2606papahue\n|player|p2|papahue|170\n","uploadtime":1700285763,"views":3,"p1id":"pikamonshoodoon","p2id":"papahue","formatid":"gen9anythinggoes","rating":1301,"private":0,"password":""}