{"id":"gen9anythinggoes-1987141478","p1":"GengarZoroark","p2":"DITTO HAS APPERARD","format":"[Gen 9] Anything Goes","log":"|j|\u2606GengarZoroark\n|j|\u2606DITTO HAS APPERARD\n|t:|1699559501\n|gametype|singles\n|player|p1|GengarZoroark|lady-gen4|1090\n|player|p2|DITTO HAS APPERARD|plasmagrunt|1137\n|teamsize|p1|6\n|teamsize|p2|6\n|gen|9\n|tier|[Gen 9] Anything Goes\n|rated|\n|rule|HP Percentage Mod: HP is shown in percentages\n|rule|Endless Battle Clause: Forcing endless battles is banned\n|clearpoke\n|poke|p1|Maushold-Four|\n|poke|p1|Maushold-Four|\n|poke|p1|Maushold-Four|\n|poke|p1|Maushold-Four|\n|poke|p1|Maushold-Four|\n|poke|p1|Kingambit, F|\n|poke|p2|Ceruledge, M|\n|poke|p2|Baxcalibur, F|\n|poke|p2|Bisharp, M|\n|poke|p2|Garchomp, F|\n|poke|p2|Zamazenta-*|\n|poke|p2|Hatterene, F|\n|teampreview\n|c|\u2606DITTO HAS APPERARD|OFC GREAT\n|c|\u2606GengarZoroark|Hello ;)\n|c|\u2606DITTO HAS APPERARD|I NOW HAVE TO DEAL WWITH THIS BULLSH8T\n|\n|t:|1699559523\n|start\n|switch|p1a: Maushold|Maushold-Four|100\/100\n|switch|p2a: Royal shield|Zamazenta|100\/100\n|-ability|p2a: Royal shield|Dauntless Shield|boost\n|-boost|p2a: Royal shield|def|1\n|turn|1\n|c|\u2606DITTO HAS APPERARD|\ud83d\ude2d\n|\n|t:|1699559534\n|-terastallize|p1a: Maushold|Normal\n|move|p1a: Maushold|Population Bomb|p2a: Royal shield\n|-damage|p2a: Royal shield|96\/100\n|-damage|p2a: Royal shield|92\/100\n|-damage|p2a: Royal shield|88\/100\n|-damage|p2a: Royal shield|83\/100\n|-hitcount|p2a: Royal shield|4\n|move|p2a: Royal shield|Reflect|p2a: Royal shield\n|-sidestart|p2: DITTO HAS APPERARD|Reflect\n|\n|upkeep\n|turn|2\n|c|\u2606DITTO HAS APPERARD|.-.\n|\n|t:|1699559547\n|switch|p2a: Her magisty|Hatterene, F|100\/100\n|move|p1a: Maushold|Population Bomb|p2a: Her magisty\n|-damage|p2a: Her magisty|96\/100\n|-damage|p2a: Her magisty|92\/100\n|-damage|p2a: Her magisty|88\/100\n|-damage|p2a: Her magisty|84\/100\n|-damage|p2a: Her magisty|80\/100\n|-damage|p2a: Her magisty|76\/100\n|-damage|p2a: Her magisty|72\/100\n|-damage|p2a: Her magisty|68\/100\n|-hitcount|p2a: Her magisty|8\n|\n|upkeep\n|turn|3\n|c|\u2606DITTO HAS APPERARD|Can you mot\n|c|\u2606DITTO HAS APPERARD|not*\n|c|\u2606GengarZoroark|Please don\u2019t talk about precious maushold in that way\n|\n|t:|1699559572\n|move|p1a: Maushold|Population Bomb|p2a: Her magisty\n|-damage|p2a: Her magisty|64\/100\n|-damage|p2a: Her magisty|60\/100\n|-damage|p2a: Her magisty|56\/100\n|-damage|p2a: Her magisty|52\/100\n|-damage|p2a: Her magisty|48\/100\n|-damage|p2a: Her magisty|43\/100\n|-damage|p2a: Her magisty|39\/100\n|-damage|p2a: Her magisty|35\/100\n|-damage|p2a: Her magisty|31\/100\n|-damage|p2a: Her magisty|27\/100\n|-hitcount|p2a: Her magisty|10\n|move|p2a: Her magisty|Swords Dance|p2a: Her magisty\n|-boost|p2a: Her magisty|atk|2\n|\n|upkeep\n|turn|4\n|c|\u2606DITTO HAS APPERARD|Fuck that family of 4\n|c|\u2606GengarZoroark|You spelled majesty wrong\n|c|\u2606DITTO HAS APPERARD|Ik\n|c|\u2606DITTO HAS APPERARD|\ud83e\uddc0\ud83d\udc00\ud83d\udc68\u200d\ud83c\udf73\n|\n|t:|1699559601\n|move|p1a: Maushold|Population Bomb|p2a: Her magisty|[miss]\n|-miss|p1a: Maushold|p2a: Her magisty\n|move|p2a: Her magisty|Trick|p1a: Maushold\n|-activate|p2a: Her magisty|move: Trick|[of] p1a: Maushold\n|-item|p1a: Maushold|Lagging Tail|[from] move: Trick\n|-item|p2a: Her magisty|Rocky Helmet|[from] move: Trick\n|\n|upkeep\n|turn|5\n|\n|t:|1699559610\n|move|p2a: Her magisty|Baton Pass|p2a: Her magisty\n|\n|t:|1699559614\n|switch|p2a: Tank ig|Garchomp, F|100\/100|[from] Baton Pass\n|move|p1a: Maushold|Population Bomb|p2a: Tank ig\n|-damage|p2a: Tank ig|97\/100\n|-damage|p1a: Maushold|88\/100|[from] ability: Rough Skin|[of] p2a: Tank ig\n|-hitcount|p2a: Tank ig|1\n|\n|upkeep\n|turn|6\n|\n|t:|1699559625\n|move|p2a: Tank ig|Thrash|p1a: Maushold\n|-damage|p1a: Maushold|0 fnt\n|faint|p1a: Maushold\n|\n|upkeep\n|\n|t:|1699559631\n|switch|p1a: Maushold|Maushold-Four|100\/100\n|turn|7\n|\n|t:|1699559634\n|move|p1a: Maushold|Population Bomb|p2a: Tank ig|[miss]\n|-miss|p1a: Maushold|p2a: Tank ig\n|move|p2a: Tank ig|Thrash|p1a: Maushold|[from]lockedmove\n|-damage|p1a: Maushold|0 fnt\n|-damage|p2a: Tank ig|81\/100|[from] item: Rocky Helmet|[of] p1a: Maushold\n|faint|p1a: Maushold\n|-start|p2a: Tank ig|confusion|[fatigue]\n|\n|upkeep\n|\n|t:|1699559644\n|switch|p1a: Maushold|Maushold-Four|100\/100\n|turn|8\n|\n|t:|1699559647\n|move|p1a: Maushold|Population Bomb|p2a: Tank ig\n|-damage|p2a: Tank ig|79\/100\n|-damage|p1a: Maushold|88\/100|[from] ability: Rough Skin|[of] p2a: Tank ig\n|-damage|p2a: Tank ig|76\/100\n|-damage|p1a: Maushold|75\/100|[from] ability: Rough Skin|[of] p2a: Tank ig\n|-hitcount|p2a: Tank ig|2\n|-activate|p2a: Tank ig|confusion\n|move|p2a: Tank ig|Sandstorm|p2a: Tank ig\n|-weather|Sandstorm\n|\n|-weather|Sandstorm|[upkeep]\n|-damage|p1a: Maushold|69\/100|[from] Sandstorm\n|-sideend|p2: DITTO HAS APPERARD|Reflect\n|upkeep\n|turn|9\n|\n|t:|1699559660\n|move|p1a: Maushold|Population Bomb|p2a: Tank ig\n|-damage|p2a: Tank ig|72\/100\n|-damage|p1a: Maushold|57\/100|[from] ability: Rough Skin|[of] p2a: Tank ig\n|-damage|p2a: Tank ig|67\/100\n|-damage|p1a: Maushold|44\/100|[from] ability: Rough Skin|[of] p2a: Tank ig\n|-damage|p2a: Tank ig|62\/100\n|-damage|p1a: Maushold|32\/100|[from] ability: Rough Skin|[of] p2a: Tank ig\n|-damage|p2a: Tank ig|58\/100\n|-damage|p1a: Maushold|19\/100|[from] ability: Rough Skin|[of] p2a: Tank ig\n|-damage|p2a: Tank ig|53\/100\n|-damage|p1a: Maushold|7\/100|[from] ability: Rough Skin|[of] p2a: Tank ig\n|-damage|p2a: Tank ig|48\/100\n|-damage|p1a: Maushold|0 fnt|[from] ability: Rough Skin|[of] p2a: Tank ig\n|faint|p1a: Maushold\n|-hitcount|p2a: Tank ig|6\n|-activate|p2a: Tank ig|confusion\n|-damage|p2a: Tank ig|27\/100|[from] confusion\n|\n|-weather|Sandstorm|[upkeep]\n|upkeep\n|\n|t:|1699559681\n|switch|p1a: Maushold|Maushold-Four|100\/100\n|turn|10\n|\n|t:|1699559685\n|move|p1a: Maushold|Population Bomb|p2a: Tank ig\n|-damage|p2a: Tank ig|22\/100\n|-damage|p1a: Maushold|88\/100|[from] ability: Rough Skin|[of] p2a: Tank ig\n|-damage|p2a: Tank ig|18\/100\n|-damage|p1a: Maushold|75\/100|[from] ability: Rough Skin|[of] p2a: Tank ig\n|-damage|p2a: Tank ig|13\/100\n|-damage|p1a: Maushold|63\/100|[from] ability: Rough Skin|[of] p2a: Tank ig\n|-damage|p2a: Tank ig|8\/100\n|-damage|p1a: Maushold|50\/100|[from] ability: Rough Skin|[of] p2a: Tank ig\n|-damage|p2a: Tank ig|4\/100\n|-damage|p1a: Maushold|38\/100|[from] ability: Rough Skin|[of] p2a: Tank ig\n|-damage|p2a: Tank ig|0 fnt\n|-damage|p1a: Maushold|25\/100|[from] ability: Rough Skin|[of] p2a: Tank ig\n|faint|p2a: Tank ig\n|-hitcount|p2: Tank ig|6\n|\n|-weather|Sandstorm|[upkeep]\n|-damage|p1a: Maushold|19\/100|[from] Sandstorm\n|upkeep\n|\n|t:|1699559706\n|switch|p2a: Raging caliber|Baxcalibur, F|100\/100\n|turn|11\n|\n|t:|1699559709\n|switch|p2a: Blade master|Ceruledge, M|100\/100\n|move|p1a: Maushold|Population Bomb|p2a: Blade master\n|-immune|p2a: Blade master\n|\n|-weather|Sandstorm|[upkeep]\n|-damage|p1a: Maushold|13\/100|[from] Sandstorm\n|-damage|p2a: Blade master|94\/100|[from] Sandstorm\n|-heal|p2a: Blade master|100\/100|[from] item: Leftovers\n|upkeep\n|turn|12\n|c|\u2606GengarZoroark|I know the type chart\n|\n|t:|1699559732\n|move|p1a: Maushold|Population Bomb|p2a: Blade master\n|-immune|p2a: Blade master\n|move|p2a: Blade master|Swords Dance|p2a: Blade master\n|-boost|p2a: Blade master|atk|2\n|\n|-weather|none\n|upkeep\n|turn|13\n|c|\u2606DITTO HAS APPERARD|Too bad\n|\n|t:|1699559745\n|move|p1a: Maushold|Population Bomb|p2a: Blade master\n|-immune|p2a: Blade master\n|move|p2a: Blade master|Swords Dance|p2a: Blade master\n|-boost|p2a: Blade master|atk|2\n|\n|upkeep\n|turn|14\n|c|\u2606GengarZoroark|Ok\n|c|\u2606DITTO HAS APPERARD|TIME FOR YOU TO PAY FOR YOUR SINS\n|\n|t:|1699559762\n|move|p1a: Maushold|Population Bomb|p2a: Blade master\n|-immune|p2a: Blade master\n|move|p2a: Blade master|Swords Dance|p2a: Blade master\n|-boost|p2a: Blade master|atk|2\n|\n|upkeep\n|turn|15\n|c|\u2606GengarZoroark|I haven\u2019t done anything wrong\n|c|\u2606DITTO HAS APPERARD|=\/ cap\n|c|\u2606GengarZoroark|maybe you just need a better team\n|c|\u2606DITTO HAS APPERARD|mouse spam\n|\n|t:|1699559789\n|move|p1a: Maushold|Population Bomb|p2a: Blade master\n|-immune|p2a: Blade master\n|move|p2a: Blade master|Bitter Blade|p1a: Maushold\n|-damage|p1a: Maushold|0 fnt\n|-damage|p2a: Blade master|84\/100|[from] item: Rocky Helmet|[of] p1a: Maushold\n|faint|p1a: Maushold\n|\n|-heal|p2a: Blade master|90\/100|[from] item: Leftovers\n|upkeep\n|c|\u2606DITTO HAS APPERARD|nlud bet\n|c|\u2606DITTO HAS APPERARD|blud\n|\n|t:|1699559799\n|switch|p1a: Maushold|Maushold-Four|100\/100\n|turn|16\n|c|\u2606DITTO HAS APPERARD|DIE\n|\n|t:|1699559805\n|move|p1a: Maushold|Population Bomb|p2a: Blade master\n|-immune|p2a: Blade master\n|move|p2a: Blade master|Bitter Blade|p1a: Maushold\n|-damage|p1a: Maushold|0 fnt\n|-heal|p2a: Blade master|100\/100|[from] drain|[of] p1a: Maushold\n|-damage|p2a: Blade master|84\/100|[from] item: Rocky Helmet|[of] p1a: Maushold\n|faint|p1a: Maushold\n|\n|-heal|p2a: Blade master|90\/100|[from] item: Leftovers\n|upkeep\n|c|\u2606GengarZoroark|Say hello to the queen\n|\n|t:|1699559822\n|switch|p1a: Kingambit|Kingambit, F, shiny|100\/100\n|-activate|p1a: Kingambit|ability: Supreme Overlord\n|-start|p1a: Kingambit|fallen5|[silent]\n|turn|17\n|c|\u2606DITTO HAS APPERARD|WHO NEEDS A BETTER TEAM NOW?!\n|c|\u2606DITTO HAS APPERARD|king*\n|\n|t:|1699559839\n|-terastallize|p2a: Blade master|Fire\n|move|p2a: Blade master|Bitter Blade|p1a: Kingambit\n|-supereffective|p1a: Kingambit\n|-damage|p1a: Kingambit|0 fnt\n|-heal|p2a: Blade master|100\/100|[from] drain|[of] p1a: Kingambit\n|faint|p1a: Kingambit\n|-end|p1a: Kingambit|fallen5|[silent]\n|\n|win|DITTO HAS APPERARD\n|raw|GengarZoroark's rating: 1090 &rarr; <strong>1070<\/strong><br \/>(-20 for losing)\n|raw|DITTO HAS APPERARD's rating: 1137 &rarr; <strong>1159<\/strong><br \/>(+22 for winning)\n","uploadtime":1699559581,"views":4,"p1id":"gengarzoroark","p2id":"dittohasapperard","formatid":"gen9anythinggoes","rating":1070,"private":0,"password":""}