{"id":"gen9anythinggoes-1977775621","p1":"p e c u 4 6","p2":"godnotagain4","format":"[Gen 9] Anything Goes","log":"|j|\u2606p e c u 4 6\n|j|\u2606godnotagain4\n|t:|1698448169\n|gametype|singles\n|player|p1|p e c u 4 6|clown|1086\n|player|p2|godnotagain4|1|1072\n|teamsize|p1|6\n|teamsize|p2|6\n|gen|9\n|tier|[Gen 9] Anything Goes\n|rated|\n|rule|HP Percentage Mod: HP is shown in percentages\n|rule|Endless Battle Clause: Forcing endless battles is banned\n|clearpoke\n|poke|p1|Rillaboom, M|\n|poke|p1|Ambipom, F|\n|poke|p1|Infernape, F|\n|poke|p1|Annihilape, M|\n|poke|p1|Passimian, M|\n|poke|p1|Oranguru, F|\n|poke|p2|Skeledirge, M|\n|poke|p2|Garganacl, F|\n|poke|p2|Garchomp, F|\n|poke|p2|Kilowattrel, M|\n|poke|p2|Flutter Mane|\n|poke|p2|Ogerpon-Hearthflame, F|\n|teampreview\n|j| BraixenAnalVore\n|\n|t:|1698448186\n|start\n|switch|p1a: Rillaboom|Rillaboom, M|100\/100\n|switch|p2a: Kilowattrel|Kilowattrel, M|100\/100\n|turn|1\n|\n|t:|1698448191\n|move|p2a: Kilowattrel|Air Slash|p1a: Rillaboom\n|-supereffective|p1a: Rillaboom\n|-damage|p1a: Rillaboom|0 fnt\n|faint|p1a: Rillaboom\n|\n|upkeep\n|\n|t:|1698448196\n|switch|p1a: Ambipom|Ambipom, F|100\/100\n|turn|2\n|\n|t:|1698448205\n|switch|p2a: Skeledirge|Skeledirge, M, shiny|100\/100\n|move|p1a: Ambipom|Smack Down|p2a: Skeledirge\n|-supereffective|p2a: Skeledirge\n|-damage|p2a: Skeledirge|62\/100\n|\n|-heal|p2a: Skeledirge|68\/100|[from] item: Leftovers\n|upkeep\n|turn|3\n|\n|t:|1698448216\n|move|p1a: Ambipom|Fire Punch|p2a: Skeledirge\n|-resisted|p2a: Skeledirge\n|-damage|p2a: Skeledirge|58\/100\n|move|p2a: Skeledirge|Will-O-Wisp|p1a: Ambipom\n|-status|p1a: Ambipom|brn\n|\n|-heal|p2a: Skeledirge|64\/100|[from] item: Leftovers\n|-damage|p1a: Ambipom|94\/100 brn|[from] brn\n|upkeep\n|turn|4\n|\n|t:|1698448228\n|move|p1a: Ambipom|Thunder|p2a: Skeledirge|[miss]\n|-miss|p1a: Ambipom|p2a: Skeledirge\n|move|p2a: Skeledirge|Slack Off|p2a: Skeledirge\n|-heal|p2a: Skeledirge|100\/100\n|\n|-damage|p1a: Ambipom|88\/100 brn|[from] brn\n|upkeep\n|turn|5\n|\n|t:|1698448235\n|move|p1a: Ambipom|Thunder|p2a: Skeledirge\n|-damage|p2a: Skeledirge|88\/100\n|-status|p2a: Skeledirge|par\n|move|p2a: Skeledirge|Torch Song|p1a: Ambipom\n|-damage|p1a: Ambipom|42\/100 brn\n|-boost|p2a: Skeledirge|spa|1\n|\n|-heal|p2a: Skeledirge|94\/100 par|[from] item: Leftovers\n|-damage|p1a: Ambipom|36\/100 brn|[from] brn\n|upkeep\n|turn|6\n|\n|t:|1698448273\n|move|p1a: Ambipom|Smack Down|p2a: Skeledirge\n|-supereffective|p2a: Skeledirge\n|-damage|p2a: Skeledirge|77\/100 par\n|cant|p2a: Skeledirge|par\n|\n|-heal|p2a: Skeledirge|84\/100 par|[from] item: Leftovers\n|-damage|p1a: Ambipom|29\/100 brn|[from] brn\n|upkeep\n|turn|7\n|\n|t:|1698448282\n|move|p1a: Ambipom|Double Hit|p2a: Skeledirge\n|-immune|p2a: Skeledirge\n|move|p2a: Skeledirge|Torch Song|p1a: Ambipom\n|-damage|p1a: Ambipom|0 fnt\n|-boost|p2a: Skeledirge|spa|1\n|faint|p1a: Ambipom\n|\n|-heal|p2a: Skeledirge|90\/100 par|[from] item: Leftovers\n|upkeep\n|\n|t:|1698448290\n|switch|p1a: Annihilape|Annihilape, M|100\/100\n|turn|8\n|l| BraixenAnalVore\n|\n|t:|1698448328\n|move|p1a: Annihilape|Phantom Force||[still]\n|-prepare|p1a: Annihilape|Phantom Force\n|move|p2a: Skeledirge|Will-O-Wisp|p1a: Annihilape|[miss]\n|-miss|p2a: Skeledirge|p1a: Annihilape\n|\n|-heal|p2a: Skeledirge|96\/100 par|[from] item: Leftovers\n|upkeep\n|turn|9\n|\n|t:|1698448334\n|move|p1a: Annihilape|Phantom Force|p2a: Skeledirge|[from]lockedmove\n|-supereffective|p2a: Skeledirge\n|-damage|p2a: Skeledirge|9\/100 par\n|move|p2a: Skeledirge|Will-O-Wisp|p1a: Annihilape|[miss]\n|-miss|p2a: Skeledirge|p1a: Annihilape\n|\n|-heal|p2a: Skeledirge|16\/100 par|[from] item: Leftovers\n|upkeep\n|turn|10\n|\n|t:|1698448351\n|switch|p2a: Garganacl|Garganacl, F, shiny|100\/100\n|move|p1a: Annihilape|Rage Fist|p2a: Garganacl\n|-damage|p2a: Garganacl|94\/100\n|\n|-heal|p2a: Garganacl|99\/100|[from] item: Leftovers\n|upkeep\n|turn|11\n|\n|t:|1698448357\n|move|p1a: Annihilape|Drain Punch|p2a: Garganacl\n|-supereffective|p2a: Garganacl\n|-damage|p2a: Garganacl|52\/100\n|move|p2a: Garganacl|Iron Defense|p2a: Garganacl\n|-boost|p2a: Garganacl|def|2\n|\n|-heal|p2a: Garganacl|58\/100|[from] item: Leftovers\n|upkeep\n|turn|12\n|\n|t:|1698448369\n|switch|p2a: Kilowattrel|Kilowattrel, M|100\/100\n|move|p1a: Annihilape|Drain Punch|p2a: Kilowattrel\n|-resisted|p2a: Kilowattrel\n|-damage|p2a: Kilowattrel|67\/100\n|\n|upkeep\n|turn|13\n|\n|t:|1698448375\n|move|p2a: Kilowattrel|Air Slash|p1a: Annihilape\n|-supereffective|p1a: Annihilape\n|-damage|p1a: Annihilape|0 fnt\n|faint|p1a: Annihilape\n|\n|upkeep\n|\n|t:|1698448381\n|switch|p1a: Passimian|Passimian, M|100\/100\n|turn|14\n|\n|t:|1698448384\n|move|p2a: Kilowattrel|Air Slash|p1a: Passimian\n|-supereffective|p1a: Passimian\n|-damage|p1a: Passimian|0 fnt\n|faint|p1a: Passimian\n|\n|upkeep\n|\n|t:|1698448388\n|switch|p1a: Infernape|Infernape, F|100\/100\n|turn|15\n|\n|t:|1698448397\n|move|p2a: Kilowattrel|Air Slash|p1a: Infernape|[miss]\n|-miss|p2a: Kilowattrel|p1a: Infernape\n|move|p1a: Infernape|Close Combat|p2a: Kilowattrel\n|-resisted|p2a: Kilowattrel\n|-damage|p2a: Kilowattrel|21\/100\n|-unboost|p1a: Infernape|def|1\n|-unboost|p1a: Infernape|spd|1\n|\n|upkeep\n|turn|16\n|\n|t:|1698448404\n|move|p2a: Kilowattrel|Air Slash|p1a: Infernape\n|-supereffective|p1a: Infernape\n|-damage|p1a: Infernape|0 fnt\n|faint|p1a: Infernape\n|\n|upkeep\n|\n|t:|1698448408\n|switch|p1a: Oranguru|Oranguru, F|100\/100\n|turn|17\n|\n|t:|1698448413\n|move|p2a: Kilowattrel|Air Slash|p1a: Oranguru\n|-damage|p1a: Oranguru|60\/100\n|move|p1a: Oranguru|Psychic|p2a: Kilowattrel\n|-damage|p2a: Kilowattrel|0 fnt\n|faint|p2a: Kilowattrel\n|\n|upkeep\n|\n|t:|1698448418\n|switch|p2a: Ogerpon|Ogerpon-Hearthflame, F|100\/100\n|-ability|p2a: Ogerpon|Mold Breaker\n|turn|18\n|\n|t:|1698448422\n|move|p2a: Ogerpon|Knock Off|p1a: Oranguru\n|-supereffective|p1a: Oranguru\n|-damage|p1a: Oranguru|0 fnt\n|-enditem|p1a: Oranguru|Twisted Spoon|[from] move: Knock Off|[of] p2a: Ogerpon\n|faint|p1a: Oranguru\n|\n|win|godnotagain4\n|raw|p e c u 4 6's rating: 1086 &rarr; <strong>1064<\/strong><br \/>(-22 for losing)\n|raw|godnotagain4's rating: 1102 &rarr; <strong>1126<\/strong><br \/>(+24 for winning)\n|l|\u2606p e c u 4 6\n","uploadtime":1698448442,"views":8,"p1id":"pecu46","p2id":"godnotagain4","formatid":"gen9anythinggoes","rating":1064,"private":0,"password":""}