{"id":"gen9anythinggoes-1992487163","p1":"Aeziolu","p2":"jacklives","format":"[Gen 9] Anything Goes","log":"|j|\u2606Aeziolu\n|j|\u2606jacklives\n|t:|1700193754\n|gametype|singles\n|player|p1|Aeziolu|wally|\n|player|p2|jacklives|eusine|\n|teamsize|p1|6\n|teamsize|p2|6\n|gen|9\n|tier|[Gen 9] Anything Goes\n|rule|HP Percentage Mod: HP is shown in percentages\n|rule|Endless Battle Clause: Forcing endless battles is banned\n|clearpoke\n|poke|p1|Amoonguss, M|\n|poke|p1|Salamence, F|\n|poke|p1|Weavile, M|\n|poke|p1|Electrode-Hisui|\n|poke|p1|Spidops, M|\n|poke|p1|Pawniard, F|\n|poke|p2|Iron Valiant|\n|poke|p2|Zoroark-Hisui, F|\n|poke|p2|Ursaring, F|\n|poke|p2|Brute Bonnet|\n|poke|p2|Basculin-White-Striped, F|\n|poke|p2|Murkrow, F|\n|teampreview\n|inactive|Battle timer is ON: inactive players will automatically lose when time's up. (requested by jacklives)\n|\n|t:|1700193766\n|start\n|switch|p1a: Weavile|Weavile, M|100\/100\n|switch|p2a: Murkrow|Murkrow, F|100\/100\n|-ability|p1a: Weavile|Pressure\n|turn|1\n|\n|t:|1700193776\n|move|p2a: Murkrow|Tailwind|p2a: Murkrow\n|-sidestart|p2: jacklives|move: Tailwind\n|move|p1a: Weavile|Ice Spinner|p2a: Murkrow\n|-supereffective|p2a: Murkrow\n|-damage|p2a: Murkrow|0 fnt\n|faint|p2a: Murkrow\n|\n|upkeep\n|\n|t:|1700193793\n|switch|p2a: Get in the EVA|Iron Valiant|100\/100\n|-enditem|p2a: Get in the EVA|Booster Energy\n|-activate|p2a: Get in the EVA|ability: Quark Drive|[fromitem]\n|-start|p2a: Get in the EVA|quarkdrivespe\n|turn|2\n|\n|t:|1700193800\n|switch|p1a: Amoonguss|Amoonguss, M|100\/100\n|move|p2a: Get in the EVA|Spirit Break|p1a: Amoonguss\n|-resisted|p1a: Amoonguss\n|-damage|p1a: Amoonguss|86\/100\n|-unboost|p1a: Amoonguss|spa|1\n|-enditem|p1a: Amoonguss|Red Card|[of] p2a: Get in the EVA\n|-end|p2a: Get in the EVA|Quark Drive|[silent]\n|drag|p2a: Basculin|Basculin-White-Striped, F|100\/100\n|\n|upkeep\n|turn|3\n|\n|t:|1700193816\n|move|p2a: Basculin|Trick|p1a: Amoonguss\n|-activate|p2a: Basculin|move: Trick|[of] p1a: Amoonguss\n|-item|p1a: Amoonguss|Master Ball|[from] move: Trick\n|-enditem|p2a: Basculin|Master Ball|[silent]|[from] move: Trick\n|move|p1a: Amoonguss|Spore|p2a: Basculin\n|-status|p2a: Basculin|slp|[from] move: Spore\n|\n|upkeep\n|turn|4\n|\n|t:|1700193824\n|cant|p2a: Basculin|slp\n|move|p1a: Amoonguss|Giga Drain|p2a: Basculin\n|-damage|p2a: Basculin|73\/100 slp\n|-heal|p1a: Amoonguss|94\/100|[from] drain|[of] p2a: Basculin\n|replace|p2a: the very best|Zoroark-Hisui, F\n|-end|p2a: the very best|Illusion\n|\n|-sideend|p2: jacklives|move: Tailwind\n|upkeep\n|turn|5\n|\n|t:|1700193836\n|switch|p2a: Brute Bonnet|Brute Bonnet|100\/100\n|-enditem|p2a: Brute Bonnet|Booster Energy\n|-activate|p2a: Brute Bonnet|ability: Protosynthesis|[fromitem]\n|-start|p2a: Brute Bonnet|protosynthesisatk\n|move|p1a: Amoonguss|Giga Drain|p2a: Brute Bonnet\n|-resisted|p2a: Brute Bonnet\n|-damage|p2a: Brute Bonnet|95\/100\n|-heal|p1a: Amoonguss|97\/100|[from] drain|[of] p2a: Brute Bonnet\n|\n|upkeep\n|turn|6\n|\n|t:|1700193845\n|move|p2a: Brute Bonnet|Taunt|p1a: Amoonguss\n|-start|p1a: Amoonguss|move: Taunt\n|move|p1a: Amoonguss|Sludge Bomb|p2a: Brute Bonnet\n|-supereffective|p2a: Brute Bonnet\n|-damage|p2a: Brute Bonnet|68\/100\n|\n|upkeep\n|turn|7\n|\n|t:|1700193850\n|move|p2a: Brute Bonnet|Sucker Punch|p1a: Amoonguss\n|-damage|p1a: Amoonguss|54\/100\n|move|p1a: Amoonguss|Sludge Bomb|p2a: Brute Bonnet\n|-supereffective|p2a: Brute Bonnet\n|-damage|p2a: Brute Bonnet|42\/100\n|\n|upkeep\n|turn|8\n|\n|t:|1700193855\n|switch|p1a: Spidops|Spidops, M|100\/100\n|move|p2a: Brute Bonnet|Synthesis|p2a: Brute Bonnet\n|-heal|p2a: Brute Bonnet|92\/100\n|\n|upkeep\n|turn|9\n|\n|t:|1700193859\n|move|p1a: Spidops|First Impression|p2a: Brute Bonnet\n|-supereffective|p2a: Brute Bonnet\n|-damage|p2a: Brute Bonnet|0 fnt\n|faint|p2a: Brute Bonnet\n|-end|p2a: Brute Bonnet|Protosynthesis|[silent]\n|\n|upkeep\n|\n|t:|1700193870\n|switch|p2a: Ursaluna Jr.|Ursaring, F|100\/100\n|turn|10\n|\n|t:|1700193874\n|move|p2a: Ursaluna Jr.|Bulk Up|p2a: Ursaluna Jr.\n|-boost|p2a: Ursaluna Jr.|atk|1\n|-boost|p2a: Ursaluna Jr.|def|1\n|move|p1a: Spidops|Sticky Web|p2a: Ursaluna Jr.\n|-sidestart|p2: jacklives|move: Sticky Web\n|\n|-status|p2a: Ursaluna Jr.|brn|[from] item: Flame Orb\n|upkeep\n|turn|11\n|\n|t:|1700193876\n|move|p2a: Ursaluna Jr.|Bulk Up|p2a: Ursaluna Jr.\n|-boost|p2a: Ursaluna Jr.|atk|1\n|-boost|p2a: Ursaluna Jr.|def|1\n|move|p1a: Spidops|Circle Throw|p2a: Ursaluna Jr.\n|-supereffective|p2a: Ursaluna Jr.\n|-crit|p2a: Ursaluna Jr.\n|-damage|p2a: Ursaluna Jr.|45\/100 brn\n|drag|p2a: Basculin|Basculin-White-Striped, F|100\/100\n|-activate|p2a: Basculin|move: Sticky Web\n|-unboost|p2a: Basculin|spe|1\n|\n|upkeep\n|turn|12\n|\n|t:|1700193883\n|move|p2a: Basculin|Wave Crash|p1a: Spidops\n|-damage|p1a: Spidops|32\/100\n|-damage|p2a: Basculin|75\/100|[from] Recoil\n|move|p1a: Spidops|Spikes|p2a: Basculin\n|-sidestart|p2: jacklives|Spikes\n|\n|upkeep\n|turn|13\n|\n|t:|1700193888\n|switch|p1a: Amoonguss|Amoonguss, M|87\/100\n|move|p2a: Basculin|Wave Crash|p1a: Amoonguss\n|-resisted|p1a: Amoonguss\n|-damage|p1a: Amoonguss|62\/100\n|-damage|p2a: Basculin|62\/100|[from] Recoil\n|\n|upkeep\n|turn|14\n|\n|t:|1700193894\n|switch|p2a: Ursaluna Jr.|Ursaring, F|73\/100 slp\n|-activate|p2a: Ursaluna Jr.|move: Sticky Web\n|-unboost|p2a: Ursaluna Jr.|spe|1\n|-damage|p2a: Ursaluna Jr.|60\/100 slp|[from] Spikes\n|switch|p1a: Salamence|Salamence, F|100\/100\n|\n|upkeep\n|turn|15\n|\n|t:|1700193905\n|move|p1a: Salamence|Substitute|p1a: Salamence\n|-start|p1a: Salamence|Substitute\n|-damage|p1a: Salamence|76\/100\n|cant|p2a: Ursaluna Jr.|slp\n|\n|upkeep\n|turn|16\n|\n|t:|1700193911\n|move|p1a: Salamence|Dragon Dance|p1a: Salamence\n|-boost|p1a: Salamence|atk|1\n|-boost|p1a: Salamence|spe|1\n|cant|p2a: Ursaluna Jr.|slp\n|\n|upkeep\n|turn|17\n|\n|t:|1700193917\n|move|p1a: Salamence|Dragon Dance|p1a: Salamence\n|-boost|p1a: Salamence|atk|1\n|-boost|p1a: Salamence|spe|1\n|-curestatus|p2a: Ursaluna Jr.|slp|[msg]\n|move|p2a: Ursaluna Jr.|Shadow Ball|p1a: Salamence\n|-end|p1a: Salamence|Substitute\n|\n|upkeep\n|turn|18\n|\n|t:|1700193922\n|move|p1a: Salamence|Dual Wingbeat|p2a: Ursaluna Jr.\n|-damage|p2a: Ursaluna Jr.|0 fnt\n|replace|p2a: the very best|Zoroark-Hisui, F\n|-end|p2a: the very best|Illusion\n|faint|p2a: the very best\n|-ability|p1a: Salamence|Moxie|boost\n|-boost|p1a: Salamence|atk|1\n|-hitcount|p2: the very best|1\n|\n|upkeep\n|\n|t:|1700193948\n|switch|p2a: Ursaluna Jr.|Ursaring, F|45\/100 brn\n|-activate|p2a: Ursaluna Jr.|move: Sticky Web\n|-unboost|p2a: Ursaluna Jr.|spe|1\n|-damage|p2a: Ursaluna Jr.|33\/100 brn|[from] Spikes\n|turn|19\n|\n|t:|1700193954\n|move|p1a: Salamence|Dual Wingbeat|p2a: Ursaluna Jr.|[miss]\n|-miss|p1a: Salamence|p2a: Ursaluna Jr.\n|move|p2a: Ursaluna Jr.|Bulk Up|p2a: Ursaluna Jr.\n|-boost|p2a: Ursaluna Jr.|atk|1\n|-boost|p2a: Ursaluna Jr.|def|1\n|\n|-damage|p2a: Ursaluna Jr.|27\/100 brn|[from] brn\n|upkeep\n|turn|20\n|\n|t:|1700193960\n|move|p1a: Salamence|Dual Wingbeat|p2a: Ursaluna Jr.\n|-damage|p2a: Ursaluna Jr.|0 fnt\n|faint|p2a: Ursaluna Jr.\n|-ability|p1a: Salamence|Moxie|boost\n|-boost|p1a: Salamence|atk|1\n|-hitcount|p2: Ursaluna Jr.|1\n|\n|upkeep\n|\n|t:|1700193965\n|switch|p2a: Basculin|Basculin-White-Striped, F|62\/100\n|-activate|p2a: Basculin|move: Sticky Web\n|-unboost|p2a: Basculin|spe|1\n|-damage|p2a: Basculin|49\/100|[from] Spikes\n|turn|21\n|\n|t:|1700193968\n|move|p1a: Salamence|Dual Wingbeat|p2a: Basculin\n|-damage|p2a: Basculin|0 fnt\n|faint|p2a: Basculin\n|-ability|p1a: Salamence|Moxie|boost\n|-boost|p1a: Salamence|atk|1\n|-hitcount|p2: Basculin|1\n|\n|upkeep\n|\n|t:|1700193971\n|switch|p2a: Get in the EVA|Iron Valiant|100\/100\n|-activate|p2a: Get in the EVA|move: Sticky Web\n|-unboost|p2a: Get in the EVA|spe|1\n|-damage|p2a: Get in the EVA|88\/100|[from] Spikes\n|turn|22\n|\n|t:|1700193974\n|move|p1a: Salamence|Roost|p1a: Salamence\n|-heal|p1a: Salamence|100\/100\n|-singleturn|p1a: Salamence|move: Roost\n|move|p2a: Get in the EVA|Moonblast|p1a: Salamence\n|-supereffective|p1a: Salamence\n|-enditem|p1a: Salamence|Roseli Berry|[eat]\n|-enditem|p1a: Salamence|Roseli Berry|[weaken]\n|-damage|p1a: Salamence|67\/100\n|\n|upkeep\n|turn|23\n|\n|t:|1700193982\n|move|p1a: Salamence|Dual Wingbeat|p2a: Get in the EVA\n|-supereffective|p2a: Get in the EVA\n|-damage|p2a: Get in the EVA|0 fnt\n|faint|p2a: Get in the EVA\n|-end|p2a: Get in the EVA|Quark Drive|[silent]\n|-hitcount|p2: Get in the EVA|1\n|\n|win|Aeziolu\n|l|\u2606jacklives\n","uploadtime":1700194003,"views":5,"p1id":"aeziolu","p2id":"jacklives","formatid":"gen9anythinggoes","rating":0,"private":0,"password":""}