{"id":"gen9anythinggoes-1975071743","p1":"cp99","p2":"PlasticTeamTester","format":"[Gen 9] Anything Goes","log":"|j|\u2606cp99\n|j|\u2606PlasticTeamTester\n|t:|1698159695\n|gametype|singles\n|player|p1|cp99|266|\n|player|p2|PlasticTeamTester|policeman-gen4|\n|teamsize|p1|6\n|teamsize|p2|6\n|gen|9\n|tier|[Gen 9] Anything Goes\n|rule|HP Percentage Mod: HP is shown in percentages\n|rule|Endless Battle Clause: Forcing endless battles is banned\n|clearpoke\n|poke|p1|Clodsire, F|\n|poke|p1|Tauros-Paldea-Blaze, M|\n|poke|p1|Noivern, M|\n|poke|p1|Iron Treads|\n|poke|p1|Iron Jugulis|\n|poke|p1|Slither Wing|\n|poke|p2|Slowking-Galar, M|\n|poke|p2|Tatsugiri, F|\n|poke|p2|Hippowdon, F|\n|poke|p2|Rotom-Heat|\n|poke|p2|Polteageist|\n|poke|p2|Enamorus-Therian, F|\n|teampreview\n|inactive|Battle timer is ON: inactive players will automatically lose when time's up. (requested by PlasticTeamTester)\n|\n|t:|1698159715\n|start\n|switch|p1a: Slither Wing|Slither Wing|100\/100\n|switch|p2a: Rotom|Rotom-Heat|100\/100\n|turn|1\n|\n|t:|1698159723\n|move|p1a: Slither Wing|U-turn|p2a: Rotom\n|-resisted|p2a: Rotom\n|-damage|p2a: Rotom|68\/100\n|\n|t:|1698159728\n|-end|p1a: Slither Wing|Protosynthesis|[silent]\n|switch|p1a: Tauros|Tauros-Paldea-Blaze, M|100\/100|[from] U-turn\n|-ability|p1a: Tauros|Intimidate|boost\n|-unboost|p2a: Rotom|atk|1\n|move|p2a: Rotom|Overheat|p1a: Tauros\n|-resisted|p1a: Tauros\n|-damage|p1a: Tauros|70\/100\n|-unboost|p2a: Rotom|spa|2\n|\n|-heal|p1a: Tauros|76\/100|[from] item: Leftovers\n|upkeep\n|turn|2\n|\n|t:|1698159740\n|switch|p2a: Hippowdon|Hippowdon, F|100\/100\n|-weather|Sandstorm|[from] ability: Sand Stream|[of] p2a: Hippowdon\n|move|p1a: Tauros|Will-O-Wisp|p2a: Hippowdon\n|-status|p2a: Hippowdon|brn\n|\n|-weather|Sandstorm|[upkeep]\n|-damage|p1a: Tauros|70\/100|[from] Sandstorm\n|-heal|p1a: Tauros|76\/100|[from] item: Leftovers\n|-damage|p2a: Hippowdon|94\/100 brn|[from] brn\n|upkeep\n|turn|3\n|\n|t:|1698159753\n|switch|p1a: Noivern|Noivern, M|100\/100\n|move|p2a: Hippowdon|Stealth Rock|p1a: Noivern\n|-sidestart|p1: cp99|move: Stealth Rock\n|\n|-weather|Sandstorm|[upkeep]\n|-damage|p1a: Noivern|94\/100|[from] Sandstorm\n|-heal|p2a: Hippowdon|100\/100 brn|[from] item: Leftovers\n|-damage|p2a: Hippowdon|94\/100 brn|[from] brn\n|upkeep\n|turn|4\n|\n|t:|1698159762\n|switch|p2a: Slowking|Slowking-Galar, M|100\/100\n|move|p1a: Noivern|Super Fang|p2a: Slowking\n|-damage|p2a: Slowking|50\/100\n|\n|-weather|Sandstorm|[upkeep]\n|-damage|p1a: Noivern|88\/100|[from] Sandstorm\n|-damage|p2a: Slowking|44\/100|[from] Sandstorm\n|upkeep\n|turn|5\n|\n|t:|1698159769\n|switch|p1a: Iron Treads|Iron Treads|100\/100\n|-damage|p1a: Iron Treads|97\/100|[from] Stealth Rock\n|-enditem|p1a: Iron Treads|Booster Energy\n|-activate|p1a: Iron Treads|ability: Quark Drive|[fromitem]\n|-start|p1a: Iron Treads|quarkdrivespe\n|move|p2a: Slowking|Sludge Bomb|p1a: Iron Treads\n|-immune|p1a: Iron Treads\n|\n|-weather|Sandstorm|[upkeep]\n|-damage|p2a: Slowking|38\/100|[from] Sandstorm\n|upkeep\n|turn|6\n|\n|t:|1698159777\n|switch|p2a: Hippowdon|Hippowdon, F|94\/100 brn\n|move|p1a: Iron Treads|Rapid Spin|p2a: Hippowdon\n|-damage|p2a: Hippowdon|86\/100 brn\n|-boost|p1a: Iron Treads|spe|1\n|-sideend|p1: cp99|Stealth Rock|[from] move: Rapid Spin|[of] p1a: Iron Treads\n|\n|-weather|none\n|-heal|p2a: Hippowdon|92\/100 brn|[from] item: Leftovers\n|-damage|p2a: Hippowdon|86\/100 brn|[from] brn\n|upkeep\n|turn|7\n|\n|t:|1698159790\n|-end|p1a: Iron Treads|Quark Drive|[silent]\n|switch|p1a: Slither Wing|Slither Wing|100\/100\n|move|p2a: Hippowdon|Stealth Rock|p1a: Slither Wing\n|-sidestart|p1: cp99|move: Stealth Rock\n|\n|-heal|p2a: Hippowdon|92\/100 brn|[from] item: Leftovers\n|-damage|p2a: Hippowdon|86\/100 brn|[from] brn\n|upkeep\n|turn|8\n|\n|t:|1698159798\n|switch|p2a: Enamorus|Enamorus-Therian, F|100\/100\n|move|p1a: Slither Wing|U-turn|p2a: Enamorus\n|-resisted|p2a: Enamorus\n|-damage|p2a: Enamorus|89\/100\n|\n|t:|1698159806\n|-end|p1a: Slither Wing|Protosynthesis|[silent]\n|switch|p1a: Iron Treads|Iron Treads|97\/100|[from] U-turn\n|-damage|p1a: Iron Treads|94\/100|[from] Stealth Rock\n|\n|-heal|p2a: Enamorus|95\/100|[from] item: Leftovers\n|upkeep\n|turn|9\n|\n|t:|1698159815\n|switch|p2a: Hippowdon|Hippowdon, F|86\/100 brn\n|-weather|Sandstorm|[from] ability: Sand Stream|[of] p2a: Hippowdon\n|move|p1a: Iron Treads|Rapid Spin|p2a: Hippowdon\n|-damage|p2a: Hippowdon|77\/100 brn\n|-boost|p1a: Iron Treads|spe|1\n|-sideend|p1: cp99|Stealth Rock|[from] move: Rapid Spin|[of] p1a: Iron Treads\n|\n|-weather|Sandstorm|[upkeep]\n|-heal|p2a: Hippowdon|83\/100 brn|[from] item: Leftovers\n|-damage|p2a: Hippowdon|77\/100 brn|[from] brn\n|upkeep\n|turn|10\n|\n|t:|1698159831\n|move|p1a: Iron Treads|Earthquake|p2a: Hippowdon\n|-damage|p2a: Hippowdon|52\/100 brn\n|move|p2a: Hippowdon|Stealth Rock|p1a: Iron Treads\n|-sidestart|p1: cp99|move: Stealth Rock\n|\n|-weather|Sandstorm|[upkeep]\n|-heal|p2a: Hippowdon|58\/100 brn|[from] item: Leftovers\n|-damage|p2a: Hippowdon|52\/100 brn|[from] brn\n|upkeep\n|turn|11\n|\n|t:|1698159837\n|move|p1a: Iron Treads|Rapid Spin|p2a: Hippowdon\n|-damage|p2a: Hippowdon|43\/100 brn\n|-boost|p1a: Iron Treads|spe|1\n|-sideend|p1: cp99|Stealth Rock|[from] move: Rapid Spin|[of] p1a: Iron Treads\n|move|p2a: Hippowdon|Earthquake|p1a: Iron Treads\n|-supereffective|p1a: Iron Treads\n|-damage|p1a: Iron Treads|60\/100\n|\n|-weather|Sandstorm|[upkeep]\n|-heal|p2a: Hippowdon|50\/100 brn|[from] item: Leftovers\n|-damage|p2a: Hippowdon|43\/100 brn|[from] brn\n|upkeep\n|turn|12\n|\n|t:|1698159843\n|move|p1a: Iron Treads|Earthquake|p2a: Hippowdon\n|-damage|p2a: Hippowdon|20\/100 brn\n|move|p2a: Hippowdon|Slack Off|p2a: Hippowdon\n|-heal|p2a: Hippowdon|70\/100 brn\n|\n|-weather|Sandstorm|[upkeep]\n|-heal|p2a: Hippowdon|76\/100 brn|[from] item: Leftovers\n|-damage|p2a: Hippowdon|70\/100 brn|[from] brn\n|upkeep\n|turn|13\n|\n|t:|1698159852\n|-end|p1a: Iron Treads|Quark Drive|[silent]\n|switch|p1a: Noivern|Noivern, M|88\/100\n|switch|p2a: Rotom|Rotom-Heat|68\/100\n|\n|-weather|none\n|upkeep\n|turn|14\n|\n|t:|1698159857\n|move|p1a: Noivern|Draco Meteor|p2a: Rotom\n|-damage|p2a: Rotom|20\/100\n|-unboost|p1a: Noivern|spa|2\n|move|p2a: Rotom|Volt Switch|p1a: Noivern\n|-damage|p1a: Noivern|52\/100\n|\n|t:|1698159861\n|switch|p2a: Enamorus|Enamorus-Therian, F|95\/100|[from] Volt Switch\n|\n|-heal|p2a: Enamorus|100\/100|[from] item: Leftovers\n|upkeep\n|turn|15\n|\n|t:|1698159866\n|move|p1a: Noivern|Super Fang|p2a: Enamorus\n|-damage|p2a: Enamorus|51\/100\n|move|p2a: Enamorus|Calm Mind|p2a: Enamorus\n|-boost|p2a: Enamorus|spa|1\n|-boost|p2a: Enamorus|spd|1\n|\n|-heal|p2a: Enamorus|57\/100|[from] item: Leftovers\n|upkeep\n|turn|16\n|\n|t:|1698159873\n|switch|p1a: Iron Treads|Iron Treads|60\/100\n|move|p2a: Enamorus|Draining Kiss|p1a: Iron Treads\n|-resisted|p1a: Iron Treads\n|-damage|p1a: Iron Treads|39\/100\n|-heal|p2a: Enamorus|71\/100|[from] drain|[of] p1a: Iron Treads\n|\n|-heal|p2a: Enamorus|77\/100|[from] item: Leftovers\n|upkeep\n|turn|17\n|\n|t:|1698159888\n|-terastallize|p2a: Enamorus|Ground\n|move|p1a: Iron Treads|Earthquake|p2a: Enamorus\n|-damage|p2a: Enamorus|43\/100\n|move|p2a: Enamorus|Iron Defense|p2a: Enamorus\n|-boost|p2a: Enamorus|def|2\n|\n|-heal|p2a: Enamorus|49\/100|[from] item: Leftovers\n|upkeep\n|turn|18\n|\n|t:|1698159901\n|-end|p1a: Iron Treads|Quark Drive|[silent]\n|switch|p1a: Iron Jugulis|Iron Jugulis|100\/100\n|-enditem|p1a: Iron Jugulis|Booster Energy\n|-activate|p1a: Iron Jugulis|ability: Quark Drive|[fromitem]\n|-start|p1a: Iron Jugulis|quarkdrivespe\n|move|p2a: Enamorus|Earth Power|p1a: Iron Jugulis\n|-immune|p1a: Iron Jugulis\n|\n|-heal|p2a: Enamorus|55\/100|[from] item: Leftovers\n|upkeep\n|turn|19\n|\n|t:|1698159909\n|-terastallize|p1a: Iron Jugulis|Fire\n|move|p1a: Iron Jugulis|Fire Blast|p2a: Enamorus\n|-damage|p2a: Enamorus|18\/100\n|move|p2a: Enamorus|Draining Kiss|p1a: Iron Jugulis\n|-resisted|p1a: Iron Jugulis\n|-damage|p1a: Iron Jugulis|81\/100\n|-heal|p2a: Enamorus|31\/100|[from] drain|[of] p1a: Iron Jugulis\n|\n|-heal|p2a: Enamorus|37\/100|[from] item: Leftovers\n|upkeep\n|turn|20\n|\n|t:|1698159917\n|move|p1a: Iron Jugulis|Fire Blast|p2a: Enamorus\n|-damage|p2a: Enamorus|1\/100\n|move|p2a: Enamorus|Draining Kiss|p1a: Iron Jugulis\n|-resisted|p1a: Iron Jugulis\n|-damage|p1a: Iron Jugulis|60\/100\n|-heal|p2a: Enamorus|16\/100|[from] drain|[of] p1a: Iron Jugulis\n|\n|-heal|p2a: Enamorus|22\/100|[from] item: Leftovers\n|upkeep\n|turn|21\n|\n|t:|1698159922\n|move|p1a: Iron Jugulis|Fire Blast|p2a: Enamorus|[miss]\n|-miss|p1a: Iron Jugulis|p2a: Enamorus\n|move|p2a: Enamorus|Earth Power|p1a: Iron Jugulis\n|-supereffective|p1a: Iron Jugulis\n|-damage|p1a: Iron Jugulis|0 fnt\n|faint|p1a: Iron Jugulis\n|-end|p1a: Iron Jugulis|Quark Drive|[silent]\n|\n|-heal|p2a: Enamorus|28\/100|[from] item: Leftovers\n|upkeep\n|c|\u2606cp99|why is fire blast so inaccurate\n|inactive|cp99 has 270 seconds left.\n|\n|t:|1698159967\n|switch|p1a: Slither Wing|Slither Wing|100\/100\n|turn|22\n|\n|t:|1698159983\n|move|p1a: Slither Wing|U-turn|p2a: Enamorus\n|-damage|p2a: Enamorus|8\/100\n|\n|t:|1698159988\n|-end|p1a: Slither Wing|Protosynthesis|[silent]\n|switch|p1a: Clodsire|Clodsire, F|100\/100|[from] U-turn\n|move|p2a: Enamorus|Draining Kiss|p1a: Clodsire\n|-resisted|p1a: Clodsire\n|-damage|p1a: Clodsire|91\/100\n|-heal|p2a: Enamorus|18\/100|[from] drain|[of] p1a: Clodsire\n|\n|-heal|p2a: Enamorus|24\/100|[from] item: Leftovers\n|upkeep\n|turn|23\n|inactive|cp99 has 270 seconds left.\n|c|\u2606cp99|and you heal so much\n|\n|t:|1698160001\n|move|p2a: Enamorus|Earth Power|p1a: Clodsire\n|-supereffective|p1a: Clodsire\n|-damage|p1a: Clodsire|22\/100\n|move|p1a: Clodsire|Haze|p1a: Clodsire\n|-clearallboost\n|\n|-heal|p2a: Enamorus|30\/100|[from] item: Leftovers\n|upkeep\n|turn|24\n|inactive|cp99 has 270 seconds left.\n|\n|t:|1698160007\n|switch|p1a: Noivern|Noivern, M|52\/100\n|move|p2a: Enamorus|Earth Power|p1a: Noivern\n|-immune|p1a: Noivern\n|\n|-heal|p2a: Enamorus|36\/100|[from] item: Leftovers\n|upkeep\n|turn|25\n|\n|t:|1698160014\n|switch|p2a: Slowking|Slowking-Galar, M|72\/100\n|move|p1a: Noivern|Draco Meteor|p2a: Slowking\n|-damage|p2a: Slowking|40\/100\n|-unboost|p1a: Noivern|spa|2\n|\n|upkeep\n|turn|26\n|\n|t:|1698160025\n|switch|p1a: Clodsire|Clodsire, F|22\/100\n|switch|p2a: Enamorus|Enamorus-Therian, F, tera:Ground|36\/100\n|\n|-heal|p2a: Enamorus|42\/100|[from] item: Leftovers\n|upkeep\n|turn|27\n|\n|t:|1698160031\n|move|p2a: Enamorus|Earth Power|p1a: Clodsire\n|-supereffective|p1a: Clodsire\n|-damage|p1a: Clodsire|0 fnt\n|faint|p1a: Clodsire\n|\n|-heal|p2a: Enamorus|48\/100|[from] item: Leftovers\n|upkeep\n|\n|t:|1698160034\n|switch|p1a: Slither Wing|Slither Wing|100\/100\n|turn|28\n|\n|t:|1698160041\n|move|p1a: Slither Wing|U-turn|p2a: Enamorus\n|-damage|p2a: Enamorus|2\/100\n|c|\u2606cp99|ffs\n|\n|t:|1698160052\n|-end|p1a: Slither Wing|Protosynthesis|[silent]\n|switch|p1a: Iron Treads|Iron Treads|39\/100|[from] U-turn\n|move|p2a: Enamorus|Draining Kiss|p1a: Iron Treads\n|-resisted|p1a: Iron Treads\n|-damage|p1a: Iron Treads|24\/100\n|-heal|p2a: Enamorus|13\/100|[from] drain|[of] p1a: Iron Treads\n|\n|-heal|p2a: Enamorus|19\/100|[from] item: Leftovers\n|upkeep\n|turn|29\n|\n|t:|1698160063\n|switch|p2a: Hippowdon|Hippowdon, F|70\/100 brn\n|-weather|Sandstorm|[from] ability: Sand Stream|[of] p2a: Hippowdon\n|move|p1a: Iron Treads|Earthquake|p2a: Hippowdon\n|-damage|p2a: Hippowdon|45\/100 brn\n|\n|-weather|Sandstorm|[upkeep]\n|-heal|p2a: Hippowdon|51\/100 brn|[from] item: Leftovers\n|-damage|p2a: Hippowdon|45\/100 brn|[from] brn\n|upkeep\n|turn|30\n|\n|t:|1698160068\n|move|p1a: Iron Treads|Knock Off|p2a: Hippowdon\n|-damage|p2a: Hippowdon|29\/100 brn\n|-enditem|p2a: Hippowdon|Leftovers|[from] move: Knock Off|[of] p1a: Iron Treads\n|move|p2a: Hippowdon|Stealth Rock|p1a: Iron Treads\n|-sidestart|p1: cp99|move: Stealth Rock\n|\n|-weather|Sandstorm|[upkeep]\n|-damage|p2a: Hippowdon|23\/100 brn|[from] brn\n|upkeep\n|turn|31\n|\n|t:|1698160076\n|move|p1a: Iron Treads|Earthquake|p2a: Hippowdon\n|-damage|p2a: Hippowdon|0 fnt\n|faint|p2a: Hippowdon\n|\n|-weather|Sandstorm|[upkeep]\n|upkeep\n|c|\u2606PlasticTeamTester|huh\n|c|\u2606PlasticTeamTester|I might have choked\n|\n|t:|1698160095\n|switch|p2a: Tatsugiri|Tatsugiri, F|100\/100\n|turn|32\n|inactive|cp99 has 270 seconds left.\n|\n|t:|1698160143\n|move|p1a: Iron Treads|Rapid Spin|p2a: Tatsugiri\n|-damage|p2a: Tatsugiri|72\/100\n|-boost|p1a: Iron Treads|spe|1\n|-sideend|p1: cp99|Stealth Rock|[from] move: Rapid Spin|[of] p1a: Iron Treads\n|move|p2a: Tatsugiri|Surf|p1a: Iron Treads\n|-supereffective|p1a: Iron Treads\n|-damage|p1a: Iron Treads|0 fnt\n|faint|p1a: Iron Treads\n|-end|p1a: Iron Treads|Quark Drive|[silent]\n|\n|-weather|Sandstorm|[upkeep]\n|-damage|p2a: Tatsugiri|65\/100|[from] Sandstorm\n|upkeep\n|\n|t:|1698160154\n|switch|p1a: Noivern|Noivern, M|52\/100\n|turn|33\n|\n|t:|1698160170\n|switch|p2a: Slowking|Slowking-Galar, M|73\/100\n|move|p1a: Noivern|Draco Meteor|p2a: Slowking\n|-damage|p2a: Slowking|43\/100\n|-unboost|p1a: Noivern|spa|2\n|\n|-weather|none\n|upkeep\n|turn|34\n|c|\u2606cp99|its so scary predicting glowking switch\n|\n|t:|1698160180\n|switch|p1a: Slither Wing|Slither Wing|100\/100\n|move|p2a: Slowking|Sludge Bomb|p1a: Slither Wing\n|-damage|p1a: Slither Wing|55\/100\n|\n|upkeep\n|turn|35\n|\n|t:|1698160193\n|move|p1a: Slither Wing|U-turn|p2a: Slowking\n|-damage|p2a: Slowking|0 fnt\n|faint|p2a: Slowking\n|\n|t:|1698160196\n|-end|p1a: Slither Wing|Protosynthesis|[silent]\n|switch|p1a: Noivern|Noivern, M|52\/100|[from] U-turn\n|\n|upkeep\n|\n|t:|1698160206\n|switch|p2a: Rotom|Rotom-Heat|20\/100\n|turn|36\n|\n|t:|1698160215\n|move|p1a: Noivern|Roost|p1a: Noivern\n|-heal|p1a: Noivern|100\/100\n|-singleturn|p1a: Noivern|move: Roost\n|move|p2a: Rotom|Discharge|p1a: Noivern\n|-resisted|p1a: Noivern\n|-damage|p1a: Noivern|80\/100\n|\n|upkeep\n|turn|37\n|\n|t:|1698160219\n|move|p1a: Noivern|Flamethrower|p2a: Rotom\n|-resisted|p2a: Rotom\n|-damage|p2a: Rotom|9\/100\n|move|p2a: Rotom|Discharge|p1a: Noivern\n|-damage|p1a: Noivern|39\/100\n|\n|upkeep\n|turn|38\n|\n|t:|1698160224\n|move|p1a: Noivern|Roost|p1a: Noivern\n|-heal|p1a: Noivern|90\/100\n|-singleturn|p1a: Noivern|move: Roost\n|move|p2a: Rotom|Discharge|p1a: Noivern\n|-resisted|p1a: Noivern\n|-damage|p1a: Noivern|71\/100\n|\n|upkeep\n|turn|39\n|\n|t:|1698160227\n|move|p1a: Noivern|Flamethrower|p2a: Rotom\n|-resisted|p2a: Rotom\n|-damage|p2a: Rotom|0 fnt\n|faint|p2a: Rotom\n|\n|upkeep\n|\n|t:|1698160239\n|switch|p2a: Polteageist|Polteageist|100\/100\n|turn|40\n|c|\u2606cp99|as long as i dont miss this is gg right\n|c|\u2606PlasticTeamTester|lets see\n|c|\u2606cp99|no\n|c|\u2606cp99|its not\n|c|\u2606cp99|this is dumb\n|c|\u2606cp99|how do i play this fucking game\n|inactive|cp99 has 270 seconds left.\n|\n|t:|1698160273\n|move|p1a: Noivern|Draco Meteor|p2a: Polteageist\n|-damage|p2a: Polteageist|29\/100\n|-unboost|p1a: Noivern|spa|2\n|move|p2a: Polteageist|Shell Smash|p2a: Polteageist\n|-unboost|p2a: Polteageist|def|1\n|-unboost|p2a: Polteageist|spd|1\n|-boost|p2a: Polteageist|atk|2\n|-boost|p2a: Polteageist|spa|2\n|-boost|p2a: Polteageist|spe|2\n|-enditem|p2a: Polteageist|White Herb\n|-clearnegativeboost|p2a: Polteageist|[silent]\n|\n|upkeep\n|turn|41\n|\n|t:|1698160279\n|move|p2a: Polteageist|Shadow Ball|p1a: Noivern\n|-damage|p1a: Noivern|0 fnt\n|faint|p1a: Noivern\n|\n|upkeep\n|\n|t:|1698160282\n|switch|p1a: Slither Wing|Slither Wing|55\/100\n|turn|42\n|\n|t:|1698160287\n|move|p1a: Slither Wing|First Impression|p2a: Polteageist\n|-resisted|p2a: Polteageist\n|-damage|p2a: Polteageist|0 fnt\n|faint|p2a: Polteageist\n|\n|upkeep\n|\n|t:|1698160292\n|switch|p2a: Tatsugiri|Tatsugiri, F|65\/100\n|turn|43\n|c|\u2606cp99|i cant win this\n|\n|t:|1698160300\n|-end|p1a: Slither Wing|Protosynthesis|[silent]\n|switch|p1a: Tauros|Tauros-Paldea-Blaze, M|76\/100\n|-ability|p1a: Tauros|Intimidate|boost\n|-unboost|p2a: Tatsugiri|atk|1\n|move|p2a: Tatsugiri|Surf|p1a: Tauros\n|-supereffective|p1a: Tauros\n|-damage|p1a: Tauros|0 fnt\n|faint|p1a: Tauros\n|\n|upkeep\n|\n|t:|1698160301\n|switch|p1a: Slither Wing|Slither Wing|55\/100\n|turn|44\n|c|\u2606PlasticTeamTester|why did you sack noivern\n|c|\u2606cp99|because i lose either way\n|\n|t:|1698160318\n|move|p1a: Slither Wing|First Impression|p2a: Tatsugiri\n|-damage|p2a: Tatsugiri|0 fnt\n|faint|p2a: Tatsugiri\n|\n|upkeep\n|\n|t:|1698160321\n|switch|p2a: Enamorus|Enamorus-Therian, F, tera:Ground|19\/100\n|turn|45\n|\n|t:|1698160324\n|move|p1a: Slither Wing|First Impression||[still]\n|-hint|First Impression only works on your first turn out.\n|-fail|p1a: Slither Wing\n|move|p2a: Enamorus|Draining Kiss|p1a: Slither Wing\n|-supereffective|p1a: Slither Wing\n|-damage|p1a: Slither Wing|8\/100\n|-heal|p2a: Enamorus|50\/100|[from] drain|[of] p1a: Slither Wing\n|\n|-heal|p2a: Enamorus|56\/100|[from] item: Leftovers\n|upkeep\n|turn|46\n|\n|t:|1698160328\n|move|p1a: Slither Wing|First Impression||[still]\n|-hint|First Impression only works on your first turn out.\n|-fail|p1a: Slither Wing\n|move|p2a: Enamorus|Draining Kiss|p1a: Slither Wing\n|-supereffective|p1a: Slither Wing\n|-damage|p1a: Slither Wing|0 fnt\n|-heal|p2a: Enamorus|61\/100|[from] drain|[of] p1a: Slither Wing\n|faint|p1a: Slither Wing\n|-end|p1a: Slither Wing|Protosynthesis|[silent]\n|\n|win|PlasticTeamTester\n","uploadtime":1698160333,"views":8,"p1id":"cp99","p2id":"plasticteamtester","formatid":"gen9anythinggoes","rating":0,"private":0,"password":""}