{"id":"gen9anythinggoes-1977773971","p1":"hfjfhfjddhdj","p2":"godnotagain4","format":"[Gen 9] Anything Goes","log":"|j|\u2606hfjfhfjddhdj\n|j|\u2606godnotagain4\n|t:|1698447978\n|gametype|singles\n|player|p1|hfjfhfjddhdj|169|1000\n|player|p2|godnotagain4|1|1000\n|teamsize|p1|6\n|teamsize|p2|6\n|gen|9\n|tier|[Gen 9] Anything Goes\n|rated|\n|rule|HP Percentage Mod: HP is shown in percentages\n|rule|Endless Battle Clause: Forcing endless battles is banned\n|clearpoke\n|poke|p1|Eevee, M|\n|poke|p1|Eevee, M|\n|poke|p1|Eevee, F|\n|poke|p1|Eevee, F|\n|poke|p1|Eevee, M|\n|poke|p1|Eevee, F|\n|poke|p2|Skeledirge, M|\n|poke|p2|Garganacl, F|\n|poke|p2|Garchomp, F|\n|poke|p2|Kilowattrel, M|\n|poke|p2|Flutter Mane|\n|poke|p2|Ogerpon-Hearthflame, F|\n|teampreview\n|\n|t:|1698447987\n|start\n|switch|p1a: Eevee|Eevee, M|100\/100\n|switch|p2a: Kilowattrel|Kilowattrel, M|100\/100\n|turn|1\n|\n|t:|1698447995\n|move|p2a: Kilowattrel|Thunderbolt|p1a: Eevee\n|-damage|p1a: Eevee|54\/100\n|move|p1a: Eevee|Curse|p1a: Eevee\n|-unboost|p1a: Eevee|spe|1\n|-boost|p1a: Eevee|atk|1\n|-boost|p1a: Eevee|def|1\n|\n|upkeep\n|turn|2\n|\n|t:|1698448001\n|switch|p2a: Skeledirge|Skeledirge, M, shiny|100\/100\n|move|p1a: Eevee|Wish|p1a: Eevee\n|\n|upkeep\n|turn|3\n|inactive|Battle timer is ON: inactive players will automatically lose when time's up. (requested by godnotagain4)\n|\n|t:|1698448010\n|move|p2a: Skeledirge|Will-O-Wisp|p1a: Eevee\n|-status|p1a: Eevee|brn\n|move|p1a: Eevee|Curse|p1a: Eevee\n|-unboost|p1a: Eevee|spe|1\n|-boost|p1a: Eevee|atk|1\n|-boost|p1a: Eevee|def|1\n|\n|-heal|p1a: Eevee|100\/100 brn|[from] move: Wish|[wisher] Eevee\n|-damage|p1a: Eevee|94\/100 brn|[from] brn\n|upkeep\n|turn|4\n|\n|t:|1698448020\n|move|p2a: Skeledirge|Torch Song|p1a: Eevee\n|-damage|p1a: Eevee|71\/100 brn\n|-boost|p2a: Skeledirge|spa|1\n|move|p1a: Eevee|Baton Pass|p1a: Eevee\n|\n|t:|1698448028\n|switch|p1a: Eevee|Eevee, M|100\/100|[from] Baton Pass\n|\n|upkeep\n|turn|5\n|\n|t:|1698448032\n|move|p2a: Skeledirge|Torch Song|p1a: Eevee\n|-damage|p1a: Eevee|0 fnt\n|-boost|p2a: Skeledirge|spa|1\n|faint|p1a: Eevee\n|\n|upkeep\n|\n|t:|1698448043\n|switch|p1a: Eevee|Eevee, F|100\/100\n|turn|6\n|\n|t:|1698448053\n|move|p2a: Skeledirge|Torch Song|p1a: Eevee\n|-damage|p1a: Eevee|43\/100\n|-boost|p2a: Skeledirge|spa|1\n|move|p1a: Eevee|Calm Mind|p1a: Eevee\n|-boost|p1a: Eevee|spa|1\n|-boost|p1a: Eevee|spd|1\n|\n|upkeep\n|turn|7\n|\n|t:|1698448071\n|move|p2a: Skeledirge|Torch Song|p1a: Eevee\n|-damage|p1a: Eevee|0 fnt\n|-boost|p2a: Skeledirge|spa|1\n|faint|p1a: Eevee\n|\n|upkeep\n|\n|t:|1698448077\n|switch|p1a: Eevee|Eevee, M|71\/100 brn\n|turn|8\n|\n|t:|1698448083\n|move|p2a: Skeledirge|Torch Song|p1a: Eevee\n|-damage|p1a: Eevee|6\/100 brn\n|-boost|p2a: Skeledirge|spa|1\n|move|p1a: Eevee|Wish|p1a: Eevee\n|\n|-damage|p1a: Eevee|0 fnt|[from] brn\n|faint|p1a: Eevee\n|upkeep\n|\n|t:|1698448091\n|switch|p1a: Eevee|Eevee, F|100\/100\n|-item|p1a: Eevee|Air Balloon\n|turn|9\n|\n|t:|1698448100\n|move|p2a: Skeledirge|Torch Song|p1a: Eevee\n|-damage|p1a: Eevee|0 fnt\n|-boost|p2a: Skeledirge|spa|1\n|-enditem|p1a: Eevee|Air Balloon\n|faint|p1a: Eevee\n|\n|upkeep\n|\n|t:|1698448111\n|switch|p1a: Eevee|Eevee, M, shiny|100\/100\n|turn|10\n|\n|t:|1698448119\n|move|p2a: Skeledirge|Torch Song|p1a: Eevee\n|-damage|p1a: Eevee|0 fnt\n|faint|p1a: Eevee\n|\n|upkeep\n|\n|t:|1698448124\n|switch|p1a: Eevee|Eevee, F|100\/100\n|turn|11\n|\n|t:|1698448129\n|move|p2a: Skeledirge|Torch Song|p1a: Eevee\n|-damage|p1a: Eevee|0 fnt\n|faint|p1a: Eevee\n|\n|win|godnotagain4\n|raw|hfjfhfjddhdj's rating: 1000 &rarr; <strong>1000<\/strong><br \/>(+0 for losing)\n|raw|godnotagain4's rating: 1000 &rarr; <strong>1040<\/strong><br \/>(+40 for winning)\n|l|\u2606hfjfhfjddhdj\n","uploadtime":1698448137,"views":3,"p1id":"hfjfhfjddhdj","p2id":"godnotagain4","formatid":"gen9anythinggoes","rating":1000,"private":0,"password":""}