{"id":"gen9anythinggoes-1974898164","p1":"Jojos is pipi","p2":"jun\u5e73\u5b89xianshen","format":"[Gen 9] Anything Goes","log":"|j|\u2606Jojos is pipi\n|j|\u2606jun\u5e73\u5b89xianshen\n|t:|1698141740\n|gametype|singles\n|player|p1|Jojos is pipi|peonia|1840\n|player|p2|jun\u5e73\u5b89xianshen|burglar|1720\n|teamsize|p1|6\n|teamsize|p2|6\n|gen|9\n|tier|[Gen 9] Anything Goes\n|rated|\n|rule|HP Percentage Mod: HP is shown in percentages\n|rule|Endless Battle Clause: Forcing endless battles is banned\n|clearpoke\n|poke|p1|Grimmsnarl, M|\n|poke|p1|Glimmora, F|\n|poke|p1|Arceus|\n|poke|p1|Arceus-Ground|\n|poke|p1|Koraidon|\n|poke|p1|Calyrex-Shadow|\n|poke|p2|Ting-Lu|\n|poke|p2|Calyrex-Shadow|\n|poke|p2|Landorus-Therian, M|\n|poke|p2|Arceus|\n|poke|p2|Kyogre|\n|poke|p2|Koraidon|\n|teampreview\n|inactive|Battle timer is ON: inactive players will automatically lose when time's up. (requested by Jojos is pipi)\n|inactive|jun\u5e73\u5b89xianshen has 120 seconds left.\n|inactive|jun\u5e73\u5b89xianshen has 90 seconds left.\n|inactive|jun\u5e73\u5b89xianshen has 60 seconds left.\n|inactive|jun\u5e73\u5b89xianshen has 30 seconds left.\n|inactive|jun\u5e73\u5b89xianshen has 20 seconds left.\n|\n|t:|1698141875\n|start\n|switch|p1a: Glimmora|Glimmora, F|100\/100\n|switch|p2a: Kyogre|Kyogre|100\/100\n|-weather|RainDance|[from] ability: Drizzle|[of] p2a: Kyogre\n|turn|1\n|c|\u2606jun\u5e73\u5b89xianshen|\u4e0d\u597d\u610f\u601d\n|\n|t:|1698141892\n|move|p1a: Glimmora|Stealth Rock|p2a: Kyogre\n|-sidestart|p2: jun\u5e73\u5b89xianshen|move: Stealth Rock\n|move|p2a: Kyogre|Ice Beam|p1a: Glimmora\n|-damage|p1a: Glimmora|60\/100\n|-status|p1a: Glimmora|frz\n|\n|-weather|RainDance|[upkeep]\n|upkeep\n|turn|2\n|\n|t:|1698141904\n|switch|p1a: Grimmsnarl|Grimmsnarl, M|100\/100\n|move|p2a: Kyogre|Ice Beam|p1a: Grimmsnarl\n|-damage|p1a: Grimmsnarl|80\/100\n|\n|-weather|RainDance|[upkeep]\n|upkeep\n|turn|3\n|\n|t:|1698141912\n|move|p2a: Kyogre|Thunder Wave|p1a: Grimmsnarl\n|-status|p1a: Grimmsnarl|par\n|move|p1a: Grimmsnarl|Spirit Break|p2a: Kyogre\n|-damage|p2a: Kyogre|82\/100\n|-unboost|p2a: Kyogre|spa|1\n|\n|-weather|RainDance|[upkeep]\n|-heal|p2a: Kyogre|88\/100|[from] item: Leftovers\n|upkeep\n|turn|4\n|inactive|jun\u5e73\u5b89xianshen has 90 seconds left.\n|\n|t:|1698141929\n|move|p2a: Kyogre|Origin Pulse|p1a: Grimmsnarl\n|-damage|p1a: Grimmsnarl|37\/100 par\n|move|p1a: Grimmsnarl|Spirit Break|p2a: Kyogre\n|-damage|p2a: Kyogre|65\/100\n|-unboost|p2a: Kyogre|spa|1\n|\n|-weather|RainDance|[upkeep]\n|-heal|p2a: Kyogre|72\/100|[from] item: Leftovers\n|upkeep\n|turn|5\n|\n|t:|1698141940\n|move|p1a: Grimmsnarl|Light Screen|p1a: Grimmsnarl\n|-sidestart|p1: Jojos is pipi|move: Light Screen\n|move|p2a: Kyogre|Origin Pulse|p1a: Grimmsnarl\n|-damage|p1a: Grimmsnarl|21\/100 par\n|\n|-weather|none\n|-heal|p2a: Kyogre|78\/100|[from] item: Leftovers\n|upkeep\n|turn|6\n|\n|t:|1698141953\n|move|p2a: Kyogre|Origin Pulse|p1a: Grimmsnarl\n|-damage|p1a: Grimmsnarl|10\/100 par\n|cant|p1a: Grimmsnarl|par\n|\n|-heal|p2a: Kyogre|84\/100|[from] item: Leftovers\n|upkeep\n|turn|7\n|\n|t:|1698141959\n|cant|p1a: Grimmsnarl|par\n|move|p2a: Kyogre|Ice Beam|p1a: Grimmsnarl\n|-damage|p1a: Grimmsnarl|5\/100 par\n|\n|-heal|p2a: Kyogre|90\/100|[from] item: Leftovers\n|upkeep\n|turn|8\n|\n|t:|1698141966\n|move|p1a: Grimmsnarl|Taunt|p2a: Kyogre\n|-start|p2a: Kyogre|move: Taunt\n|move|p2a: Kyogre|Ice Beam|p1a: Grimmsnarl\n|-damage|p1a: Grimmsnarl|0 fnt\n|faint|p1a: Grimmsnarl\n|\n|-heal|p2a: Kyogre|97\/100|[from] item: Leftovers\n|upkeep\n|\n|t:|1698141973\n|switch|p1a: Koraidon|Koraidon|100\/100\n|-weather|SunnyDay|[from] ability: Orichalcum Pulse|[of] p1a: Koraidon\n|-activate|p1a: Koraidon|Orichalcum Pulse|[source]\n|turn|9\n|\n|t:|1698141977\n|switch|p2a: Landorus|Landorus-Therian, M|100\/100\n|-damage|p2a: Landorus|88\/100|[from] Stealth Rock\n|-ability|p2a: Landorus|Intimidate|boost\n|-unboost|p1a: Koraidon|atk|1\n|move|p1a: Koraidon|Swords Dance|p1a: Koraidon\n|-boost|p1a: Koraidon|atk|2\n|\n|-weather|SunnyDay|[upkeep]\n|upkeep\n|turn|10\n|\n|t:|1698141987\n|-terastallize|p2a: Landorus|Fairy\n|move|p1a: Koraidon|Scale Shot|p2a: Landorus\n|-immune|p2a: Landorus\n|move|p2a: Landorus|Earthquake|p1a: Koraidon\n|-damage|p1a: Koraidon|59\/100\n|\n|-weather|SunnyDay|[upkeep]\n|upkeep\n|turn|11\n|\n|t:|1698141995\n|switch|p1a: Glimmora|Glimmora, F|60\/100 frz\n|move|p2a: Landorus|Stealth Rock|p1a: Glimmora\n|-sidestart|p1: Jojos is pipi|move: Stealth Rock\n|\n|-weather|SunnyDay|[upkeep]\n|upkeep\n|turn|12\n|\n|t:|1698142007\n|switch|p2a: Calyrex|Calyrex-Shadow|100\/100\n|-ability|p2a: Calyrex|As One\n|-ability|p2a: Calyrex|Unnerve\n|cant|p1a: Glimmora|frz\n|\n|-weather|SunnyDay|[upkeep]\n|-sideend|p1: Jojos is pipi|move: Light Screen\n|upkeep\n|turn|13\n|\n|t:|1698142016\n|switch|p1a: Arceus|Arceus|100\/100\n|-damage|p1a: Arceus|88\/100|[from] Stealth Rock\n|move|p2a: Calyrex|Nasty Plot|p2a: Calyrex\n|-boost|p2a: Calyrex|spa|2\n|\n|-weather|none\n|-heal|p1a: Arceus|94\/100|[from] item: Leftovers\n|upkeep\n|turn|14\n|\n|t:|1698142025\n|switch|p2a: Arceus|Arceus|100\/100\n|-damage|p2a: Arceus|88\/100|[from] Stealth Rock\n|move|p1a: Arceus|Shadow Claw|p2a: Arceus\n|-immune|p2a: Arceus\n|\n|-heal|p1a: Arceus|100\/100|[from] item: Leftovers\n|-heal|p2a: Arceus|94\/100|[from] item: Leftovers\n|upkeep\n|turn|15\n|\n|t:|1698142031\n|switch|p1a: Glimmora|Glimmora, F|60\/100 frz\n|-damage|p1a: Glimmora|48\/100 frz|[from] Stealth Rock\n|move|p2a: Arceus|Swords Dance|p2a: Arceus\n|-boost|p2a: Arceus|atk|2\n|\n|-heal|p2a: Arceus|99\/100|[from] item: Leftovers\n|upkeep\n|turn|16\n|\n|t:|1698142040\n|cant|p1a: Glimmora|frz\n|move|p2a: Arceus|Swords Dance|p2a: Arceus\n|-boost|p2a: Arceus|atk|2\n|\n|-heal|p2a: Arceus|100\/100|[from] item: Leftovers\n|upkeep\n|turn|17\n|\n|t:|1698142044\n|cant|p1a: Glimmora|frz\n|move|p2a: Arceus|Swords Dance|p2a: Arceus\n|-boost|p2a: Arceus|atk|2\n|\n|upkeep\n|turn|18\n|\n|t:|1698142053\n|cant|p1a: Glimmora|frz\n|move|p2a: Arceus|Shadow Claw|p1a: Glimmora\n|-damage|p1a: Glimmora|0 fnt\n|-activate|p1a: Glimmora|ability: Toxic Debris\n|-sidestart|p2: jun\u5e73\u5b89xianshen|move: Toxic Spikes\n|faint|p1a: Glimmora\n|\n|upkeep\n|\n|t:|1698142060\n|switch|p1a: Koraidon|Koraidon|59\/100\n|-damage|p1a: Koraidon|53\/100|[from] Stealth Rock\n|-weather|SunnyDay|[from] ability: Orichalcum Pulse|[of] p1a: Koraidon\n|-activate|p1a: Koraidon|Orichalcum Pulse|[source]\n|turn|19\n|\n|t:|1698142064\n|switch|p1a: Calyrex|Calyrex-Shadow|100\/100\n|-ability|p1a: Calyrex|As One\n|-ability|p1a: Calyrex|Unnerve\n|-damage|p1a: Calyrex|88\/100|[from] Stealth Rock\n|move|p2a: Arceus|Shadow Claw|p1a: Calyrex\n|-supereffective|p1a: Calyrex\n|-damage|p1a: Calyrex|0 fnt\n|faint|p1a: Calyrex\n|\n|-weather|SunnyDay|[upkeep]\n|upkeep\n|\n|t:|1698142073\n|switch|p1a: Koraidon|Koraidon|53\/100\n|-damage|p1a: Koraidon|47\/100|[from] Stealth Rock\n|-activate|p1a: Koraidon|ability: Orichalcum Pulse\n|turn|20\n|\n|t:|1698142080\n|-terastallize|p1a: Koraidon|Ghost\n|move|p1a: Koraidon|Scale Shot|p2a: Arceus\n|-damage|p2a: Arceus|89\/100\n|-damage|p2a: Arceus|77\/100\n|-damage|p2a: Arceus|66\/100\n|-damage|p2a: Arceus|53\/100\n|-hitcount|p2a: Arceus|4\n|-unboost|p1a: Koraidon|def|1\n|-boost|p1a: Koraidon|spe|1\n|move|p2a: Arceus|Shadow Claw|p1a: Koraidon\n|-supereffective|p1a: Koraidon\n|-crit|p1a: Koraidon\n|-damage|p1a: Koraidon|0 fnt\n|faint|p1a: Koraidon\n|\n|-weather|SunnyDay|[upkeep]\n|-heal|p2a: Arceus|59\/100|[from] item: Leftovers\n|upkeep\n|-message|Jojos is pipi forfeited.\n|\n|win|jun\u5e73\u5b89xianshen\n|raw|Jojos is pipi's rating: 1840 &rarr; <strong>1813<\/strong><br \/>(-27 for losing)\n|raw|jun\u5e73\u5b89xianshen's rating: 1720 &rarr; <strong>1747<\/strong><br \/>(+27 for winning)\n|l|\u2606Jojos is pipi\n|l|\u2606jun\u5e73\u5b89xianshen\n|j|\u2606jun\u5e73\u5b89xianshen\n|player|p2|jun\u5e73\u5b89xianshen|burglar\n","uploadtime":1698142321,"views":11,"p1id":"jojosispipi","p2id":"junxianshen","formatid":"gen9anythinggoes","rating":1747,"private":0,"password":""}