{"id":"gen9anythinggoes-1977512839","p1":"hilire","p2":"Glaceran","format":"[Gen 9] Anything Goes","log":"|j|\u2606hilire\n|j|\u2606Glaceran\n|t:|1698423415\n|gametype|singles\n|player|p1|hilire|1|1397\n|player|p2|Glaceran|wally-gen3|1387\n|teamsize|p1|6\n|teamsize|p2|6\n|gen|9\n|tier|[Gen 9] Anything Goes\n|rated|\n|rule|HP Percentage Mod: HP is shown in percentages\n|rule|Endless Battle Clause: Forcing endless battles is banned\n|clearpoke\n|poke|p1|Polteageist|\n|poke|p1|Cloyster, M|\n|poke|p1|Cloyster, M|\n|poke|p1|Cloyster, F|\n|poke|p1|Miraidon|\n|poke|p1|Avalugg, M|\n|poke|p2|Sneasler, M|\n|poke|p2|Calyrex-Shadow|\n|poke|p2|Cloyster, M|\n|poke|p2|Skeledirge, M|\n|poke|p2|Corviknight, F|\n|poke|p2|Cyclizar, F|\n|teampreview\n|\n|t:|1698423423\n|start\n|switch|p1a: Blue Leader|Cloyster, M, shiny|100\/100\n|switch|p2a: Sneasler|Sneasler, M|100\/100\n|turn|1\n|\n|t:|1698423430\n|move|p2a: Sneasler|Dire Claw|p1a: Blue Leader\n|-damage|p1a: Blue Leader|58\/100\n|move|p1a: Blue Leader|Shell Smash|p1a: Blue Leader\n|-unboost|p1a: Blue Leader|def|1\n|-unboost|p1a: Blue Leader|spd|1\n|-boost|p1a: Blue Leader|atk|2\n|-boost|p1a: Blue Leader|spa|2\n|-boost|p1a: Blue Leader|spe|2\n|-enditem|p2a: Sneasler|Mirror Herb\n|-boost|p2a: Sneasler|atk|2|[from] item: Mirror Herb\n|-boost|p2a: Sneasler|spa|2|[from] item: Mirror Herb\n|-boost|p2a: Sneasler|spe|2|[from] item: Mirror Herb\n|\n|upkeep\n|turn|2\n|c|\u2606hilire|well that's unfortunate\n|\n|t:|1698423453\n|move|p2a: Sneasler|Dire Claw|p1a: Blue Leader\n|-damage|p1a: Blue Leader|0 fnt\n|faint|p1a: Blue Leader\n|\n|upkeep\n|\n|t:|1698423462\n|switch|p1a: Ice cannon|Avalugg, M|100\/100\n|turn|3\n|\n|t:|1698423472\n|move|p2a: Sneasler|Close Combat|p1a: Ice cannon\n|-supereffective|p1a: Ice cannon\n|-ability|p1a: Ice cannon|Sturdy\n|-damage|p1a: Ice cannon|1\/100\n|-unboost|p2a: Sneasler|def|1\n|-unboost|p2a: Sneasler|spd|1\n|move|p1a: Ice cannon|Earthquake|p2a: Sneasler\n|-supereffective|p2a: Sneasler\n|-damage|p2a: Sneasler|0 fnt\n|faint|p2a: Sneasler\n|\n|upkeep\n|\n|t:|1698423477\n|switch|p2a: Cyclizar|Cyclizar, F|100\/100\n|turn|4\n|\n|t:|1698423479\n|move|p2a: Cyclizar|Shed Tail|p2a: Cyclizar\n|-start|p2a: Cyclizar|Substitute|[from] move: Shed Tail\n|-damage|p2a: Cyclizar|50\/100\n|\n|t:|1698423499\n|switch|p2a: Cloyster|Cloyster, M|100\/100|[from] Shed Tail\n|move|p1a: Ice cannon|Avalanche|p2a: Cloyster\n|-resisted|p2a: Cloyster\n|-activate|p2a: Cloyster|move: Substitute|[damage]\n|\n|upkeep\n|turn|5\n|\n|t:|1698423507\n|move|p2a: Cloyster|Shell Smash|p2a: Cloyster\n|-unboost|p2a: Cloyster|def|1\n|-unboost|p2a: Cloyster|spd|1\n|-boost|p2a: Cloyster|atk|2\n|-boost|p2a: Cloyster|spa|2\n|-boost|p2a: Cloyster|spe|2\n|-enditem|p2a: Cloyster|White Herb\n|-clearnegativeboost|p2a: Cloyster|[silent]\n|move|p1a: Ice cannon|Iron Head|p2a: Cloyster\n|-end|p2a: Cloyster|Substitute\n|\n|upkeep\n|turn|6\n|\n|t:|1698423516\n|move|p2a: Cloyster|Liquidation|p1a: Ice cannon\n|-damage|p1a: Ice cannon|0 fnt\n|faint|p1a: Ice cannon\n|\n|upkeep\n|\n|t:|1698423534\n|switch|p1a: Miraidon|Miraidon|100\/100\n|-fieldstart|move: Electric Terrain|[from] ability: Hadron Engine|[of] p1a: Miraidon\n|turn|7\n|\n|t:|1698423543\n|move|p1a: Miraidon|Electro Drift|p2a: Cloyster\n|-supereffective|p2a: Cloyster\n|-damage|p2a: Cloyster|0 fnt\n|faint|p2a: Cloyster\n|\n|upkeep\n|c|\u2606Glaceran|scarf?\n|\n|t:|1698423550\n|switch|p2a: Cyclizar|Cyclizar, F|83\/100\n|turn|8\n|\n|t:|1698423556\n|move|p1a: Miraidon|Electro Drift|p2a: Cyclizar\n|-resisted|p2a: Cyclizar\n|-damage|p2a: Cyclizar|10\/100\n|move|p2a: Cyclizar|Dragon Pulse|p1a: Miraidon\n|-supereffective|p1a: Miraidon\n|-damage|p1a: Miraidon|41\/100\n|\n|upkeep\n|turn|9\n|\n|t:|1698423562\n|move|p1a: Miraidon|Electro Drift|p2a: Cyclizar\n|-resisted|p2a: Cyclizar\n|-damage|p2a: Cyclizar|0 fnt\n|faint|p2a: Cyclizar\n|\n|upkeep\n|\n|t:|1698423564\n|switch|p2a: Calyrex|Calyrex-Shadow|100\/100\n|-ability|p2a: Calyrex|As One\n|-ability|p2a: Calyrex|Unnerve\n|turn|10\n|\n|t:|1698423567\n|move|p1a: Miraidon|Electro Drift|p2a: Calyrex\n|-damage|p2a: Calyrex|13\/100\n|move|p2a: Calyrex|Astral Barrage|p1a: Miraidon\n|-damage|p1a: Miraidon|0 fnt\n|faint|p1a: Miraidon\n|-ability|p2a: Calyrex|Grim Neigh|boost\n|-boost|p2a: Calyrex|spa|1\n|\n|upkeep\n|\n|t:|1698423573\n|switch|p1a: Last But Not Least|Cloyster, F|100\/100\n|turn|11\n|\n|t:|1698423608\n|move|p2a: Calyrex|Draining Kiss|p1a: Last But Not Least\n|-damage|p1a: Last But Not Least|12\/100\n|-heal|p2a: Calyrex|60\/100|[from] drain|[of] p1a: Last But Not Least\n|move|p1a: Last But Not Least|Shell Smash|p1a: Last But Not Least\n|-unboost|p1a: Last But Not Least|def|1\n|-unboost|p1a: Last But Not Least|spd|1\n|-boost|p1a: Last But Not Least|atk|2\n|-boost|p1a: Last But Not Least|spa|2\n|-boost|p1a: Last But Not Least|spe|2\n|\n|-fieldend|move: Electric Terrain\n|upkeep\n|turn|12\n|\n|t:|1698423623\n|move|p1a: Last But Not Least|Icicle Spear|p2a: Calyrex\n|-damage|p2a: Calyrex|33\/100\n|-damage|p2a: Calyrex|5\/100\n|-damage|p2a: Calyrex|0 fnt\n|faint|p2a: Calyrex\n|-hitcount|p2: Calyrex|3\n|\n|upkeep\n|l|\u2606Glaceran\n|player|p2|\n|inactive|Battle timer is ON: inactive players will automatically lose when time's up. (requested by hilire)\n|inactive|Glaceran has 30 seconds to reconnect!\n|inactive|Glaceran has 20 seconds to reconnect!\n|inactive|Glaceran has 15 seconds to reconnect!\n|inactive|Glaceran has 10 seconds to reconnect!\n|inactive|Glaceran has 5 seconds to reconnect!\n|-message|Glaceran lost due to inactivity.\n|\n|win|hilire\n|raw|hilire's rating: 1397 &rarr; <strong>1418<\/strong><br \/>(+21 for winning)\n|raw|Glaceran's rating: 1417 &rarr; <strong>1396<\/strong><br \/>(-21 for losing)\n|l|\u2606hilire\n","uploadtime":1698423800,"views":10,"p1id":"hilire","p2id":"glaceran","formatid":"gen9anythinggoes","rating":1396,"private":0,"password":""}