{"id":"gen9anythinggoes-1997815836","p1":"hsbshb","p2":"GaryOakdabest","format":"[Gen 9] Anything Goes","log":"|j|\u2606hsbshb\n|j|\u2606GaryOakdabest\n|t:|1700855736\n|gametype|singles\n|player|p1|hsbshb|lucas|1178\n|player|p2|GaryOakdabest|blue|1176\n|teamsize|p1|6\n|teamsize|p2|6\n|gen|9\n|tier|[Gen 9] Anything Goes\n|rated|\n|rule|HP Percentage Mod: HP is shown in percentages\n|rule|Endless Battle Clause: Forcing endless battles is banned\n|clearpoke\n|poke|p1|Lycanroc, M|\n|poke|p1|Salamence, M|\n|poke|p1|Urshifu-*, M|\n|poke|p1|Hawlucha, F|\n|poke|p1|Rillaboom, F|\n|poke|p1|Volcarona, M|\n|poke|p2|Hypno, F|\n|poke|p2|Arcanine, M|\n|poke|p2|Poliwrath, M|\n|poke|p2|Golem, F|\n|poke|p2|Dragonite, M|\n|poke|p2|Victreebel, M|\n|teampreview\n|inactive|Battle timer is ON: inactive players will automatically lose when time's up. (requested by GaryOakdabest)\n|\n|t:|1700855740\n|start\n|switch|p1a: Lycanroc|Lycanroc, M|100\/100\n|switch|p2a: Hypno|Hypno, F|100\/100\n|-activate|p2a: Hypno|ability: Forewarn|Endeavor|[of] p1a: Lycanroc\n|turn|1\n|\n|t:|1700855748\n|move|p1a: Lycanroc|Stealth Rock|p2a: Hypno\n|-sidestart|p2: GaryOakdabest|move: Stealth Rock\n|move|p2a: Hypno|Thunder Wave|p1a: Lycanroc\n|-status|p1a: Lycanroc|par\n|\n|upkeep\n|turn|2\n|\n|t:|1700855754\n|cant|p1a: Lycanroc|par\n|move|p2a: Hypno|Reflect|p2a: Hypno\n|-sidestart|p2: GaryOakdabest|Reflect\n|\n|upkeep\n|turn|3\n|\n|t:|1700855758\n|move|p1a: Lycanroc|Taunt|p2a: Hypno\n|-start|p2a: Hypno|move: Taunt\n|move|p2a: Hypno|Psychic|p1a: Lycanroc\n|-damage|p1a: Lycanroc|58\/100 par\n|\n|upkeep\n|turn|4\n|\n|t:|1700855764\n|switch|p2a: Golem|Golem, F, shiny|100\/100\n|-damage|p2a: Golem|94\/100|[from] Stealth Rock\n|move|p1a: Lycanroc|Rock Tomb|p2a: Golem\n|-resisted|p2a: Golem\n|-damage|p2a: Golem|89\/100\n|-unboost|p2a: Golem|spe|1\n|\n|upkeep\n|turn|5\n|\n|t:|1700855774\n|move|p1a: Lycanroc|Taunt|p2a: Golem\n|-start|p2a: Golem|move: Taunt\n|cant|p2a: Golem|move: Taunt|Sandstorm\n|\n|upkeep\n|turn|6\n|\n|t:|1700855784\n|switch|p1a: Salamence|Salamence, M|100\/100\n|move|p2a: Golem|Rollout|p1a: Salamence\n|-supereffective|p1a: Salamence\n|-damage|p1a: Salamence|61\/100\n|\n|-sideend|p2: GaryOakdabest|Reflect\n|upkeep\n|turn|7\n|\n|t:|1700855792\n|move|p1a: Salamence|Brick Break|p2a: Golem\n|-supereffective|p2a: Golem\n|-damage|p2a: Golem|36\/100\n|-damage|p1a: Salamence|51\/100|[from] item: Life Orb\n|move|p2a: Golem|Rollout|p1a: Salamence|[from]lockedmove\n|-supereffective|p1a: Salamence\n|-damage|p1a: Salamence|0 fnt\n|faint|p1a: Salamence\n|\n|-end|p2a: Golem|move: Taunt\n|upkeep\n|\n|t:|1700855801\n|switch|p1a: Rillaboom|Rillaboom, F|100\/100\n|-fieldstart|move: Grassy Terrain|[from] ability: Grassy Surge|[of] p1a: Rillaboom\n|turn|8\n|\n|t:|1700855807\n|move|p1a: Rillaboom|Drain Punch|p2a: Golem\n|-supereffective|p2a: Golem\n|-damage|p2a: Golem|0 fnt\n|faint|p2a: Golem\n|-damage|p1a: Rillaboom|91\/100|[from] item: Life Orb\n|\n|-heal|p1a: Rillaboom|97\/100|[from] Grassy Terrain\n|upkeep\n|\n|t:|1700855812\n|switch|p2a: Arcanine|Arcanine, M|100\/100\n|-damage|p2a: Arcanine|76\/100|[from] Stealth Rock\n|-ability|p2a: Arcanine|Intimidate|boost\n|-unboost|p1a: Rillaboom|atk|1\n|turn|9\n|\n|t:|1700855820\n|switch|p1a: Volcarona|Volcarona, M|100\/100\n|move|p2a: Arcanine|Agility|p2a: Arcanine\n|-boost|p2a: Arcanine|spe|2\n|\n|-heal|p2a: Arcanine|82\/100|[from] Grassy Terrain\n|upkeep\n|turn|10\n|\n|t:|1700855833\n|switch|p2a: Poliwrath|Poliwrath, M|100\/100\n|-damage|p2a: Poliwrath|94\/100|[from] Stealth Rock\n|-terastallize|p1a: Volcarona|Water\n|move|p1a: Volcarona|Quiver Dance|p1a: Volcarona\n|-boost|p1a: Volcarona|spa|1\n|-boost|p1a: Volcarona|spd|1\n|-boost|p1a: Volcarona|spe|1\n|\n|-heal|p2a: Poliwrath|100\/100|[from] Grassy Terrain\n|upkeep\n|turn|11\n|\n|t:|1700855846\n|move|p1a: Volcarona|Psychic|p2a: Poliwrath\n|-supereffective|p2a: Poliwrath\n|-damage|p2a: Poliwrath|0 fnt\n|faint|p2a: Poliwrath\n|\n|upkeep\n|\n|t:|1700855852\n|switch|p2a: Hypno|Hypno, F|100\/100\n|-damage|p2a: Hypno|88\/100|[from] Stealth Rock\n|-activate|p2a: Hypno|ability: Forewarn|Psychic|[of] p1a: Volcarona\n|turn|12\n|\n|t:|1700855858\n|move|p1a: Volcarona|Flamethrower|p2a: Hypno\n|-damage|p2a: Hypno|45\/100\n|move|p2a: Hypno|Thunder Wave|p1a: Volcarona\n|-status|p1a: Volcarona|par\n|\n|-heal|p2a: Hypno|51\/100|[from] Grassy Terrain\n|-fieldend|move: Grassy Terrain\n|upkeep\n|turn|13\n|\n|t:|1700855866\n|move|p1a: Volcarona|Flamethrower|p2a: Hypno\n|-damage|p2a: Hypno|5\/100\n|move|p2a: Hypno|Light Screen|p2a: Hypno\n|-sidestart|p2: GaryOakdabest|move: Light Screen\n|\n|upkeep\n|turn|14\n|\n|t:|1700855876\n|switch|p2a: Dragonite|Dragonite, M|100\/100\n|-damage|p2a: Dragonite|76\/100|[from] Stealth Rock\n|move|p1a: Volcarona|Flamethrower|p2a: Dragonite\n|-resisted|p2a: Dragonite\n|-damage|p2a: Dragonite|57\/100\n|\n|upkeep\n|turn|15\n|\n|t:|1700855884\n|move|p2a: Dragonite|Dragon Dance|p2a: Dragonite\n|-boost|p2a: Dragonite|atk|1\n|-boost|p2a: Dragonite|spe|1\n|move|p1a: Volcarona|Psychic|p2a: Dragonite\n|-damage|p2a: Dragonite|34\/100\n|-enditem|p2a: Dragonite|Sitrus Berry|[eat]\n|-heal|p2a: Dragonite|58\/100|[from] item: Sitrus Berry\n|\n|upkeep\n|turn|16\n|\n|t:|1700855894\n|switch|p1a: Lycanroc|Lycanroc, M|58\/100 par\n|move|p2a: Dragonite|Dragon Dance|p2a: Dragonite\n|-boost|p2a: Dragonite|atk|1\n|-boost|p2a: Dragonite|spe|1\n|\n|upkeep\n|turn|17\n|\n|t:|1700855903\n|move|p2a: Dragonite|Blizzard|p1a: Lycanroc\n|-damage|p1a: Lycanroc|0 fnt\n|faint|p1a: Lycanroc\n|\n|-sideend|p2: GaryOakdabest|move: Light Screen\n|upkeep\n|\n|t:|1700855909\n|switch|p1a: Rillaboom|Rillaboom, F|97\/100\n|-fieldstart|move: Grassy Terrain|[from] ability: Grassy Surge|[of] p1a: Rillaboom\n|turn|18\n|\n|t:|1700855917\n|move|p2a: Dragonite|Air Slash|p1a: Rillaboom\n|-supereffective|p1a: Rillaboom\n|-damage|p1a: Rillaboom|0 fnt\n|faint|p1a: Rillaboom\n|\n|upkeep\n|c|\u2606hsbshb|so skillfull\n|\n|t:|1700855925\n|switch|p1a: Urshifu|Urshifu-Rapid-Strike, M|100\/100\n|turn|19\n|c|\u2606hsbshb|spamming berries\n|\n|t:|1700855931\n|move|p2a: Dragonite|Air Slash|p1a: Urshifu\n|-supereffective|p1a: Urshifu\n|-damage|p1a: Urshifu|2\/100\n|move|p1a: Urshifu|Stone Edge|p2a: Dragonite\n|-supereffective|p2a: Dragonite\n|-damage|p2a: Dragonite|0 fnt\n|faint|p2a: Dragonite\n|-damage|p1a: Urshifu|0 fnt|[from] item: Life Orb\n|faint|p1a: Urshifu\n|\n|upkeep\n|\n|t:|1700855950\n|switch|p1a: Volcarona|Volcarona, M, tera:Water|100\/100 par\n|switch|p2a: Hypno|Hypno, F|5\/100\n|-damage|p2a: Hypno|0 fnt|[from] Stealth Rock\n|faint|p2a: Hypno\n|\n|t:|1700855955\n|switch|p2a: Victreebel|Victreebel, M|100\/100\n|-damage|p2a: Victreebel|88\/100|[from] Stealth Rock\n|turn|20\n|\n|t:|1700855962\n|-terastallize|p2a: Victreebel|Fire\n|move|p2a: Victreebel|Sunny Day|p2a: Victreebel\n|-weather|SunnyDay\n|move|p1a: Volcarona|Flamethrower|p2a: Victreebel|[miss]\n|-miss|p1a: Volcarona|p2a: Victreebel\n|\n|-weather|SunnyDay|[upkeep]\n|-heal|p2a: Victreebel|94\/100|[from] Grassy Terrain\n|upkeep\n|turn|21\n|\n|t:|1700855979\n|move|p2a: Victreebel|Sludge Bomb|p1a: Volcarona\n|-damage|p1a: Volcarona|51\/100 par\n|move|p1a: Volcarona|Psychic|p2a: Victreebel\n|-damage|p2a: Victreebel|49\/100\n|\n|-weather|SunnyDay|[upkeep]\n|-heal|p2a: Victreebel|55\/100|[from] Grassy Terrain\n|-heal|p1a: Volcarona|57\/100 par|[from] Grassy Terrain\n|upkeep\n|turn|22\n|\n|t:|1700855988\n|move|p2a: Victreebel|Solar Beam||[still]\n|-prepare|p2a: Victreebel|Solar Beam\n|-anim|p2a: Victreebel|Solar Beam|p1a: Volcarona\n|-supereffective|p1a: Volcarona\n|-damage|p1a: Volcarona|0 fnt\n|faint|p1a: Volcarona\n|\n|-weather|SunnyDay|[upkeep]\n|-heal|p2a: Victreebel|61\/100|[from] Grassy Terrain\n|-fieldend|move: Grassy Terrain\n|upkeep\n|\n|t:|1700855995\n|switch|p1a: Hawlucha|Hawlucha, F|100\/100\n|turn|23\n|\n|t:|1700856002\n|move|p2a: Victreebel|Sludge Bomb|p1a: Hawlucha\n|-damage|p1a: Hawlucha|33\/100\n|move|p1a: Hawlucha|Acrobatics|p2a: Victreebel|[miss]\n|-miss|p1a: Hawlucha|p2a: Victreebel\n|\n|-weather|SunnyDay|[upkeep]\n|upkeep\n|turn|24\n|n|!hsbshb|hsbshb\n|\n|t:|1700856015\n|move|p2a: Victreebel|Sludge Bomb|p1a: Hawlucha\n|-damage|p1a: Hawlucha|0 fnt\n|faint|p1a: Hawlucha\n|\n|win|GaryOakdabest\n|raw|hsbshb's rating: 1178 &rarr; <strong>1153<\/strong><br \/>(-25 for losing)\n|raw|GaryOakdabest's rating: 1176 &rarr; <strong>1201<\/strong><br \/>(+25 for winning)\n","uploadtime":1700856011,"views":9,"p1id":"hsbshb","p2id":"garyoakdabest","formatid":"gen9anythinggoes","rating":1153,"private":0,"password":""}