{"id":"gen9anythinggoes-1980267959","p1":"the maraculous","p2":"DinkyCat","format":"[Gen 9] Anything Goes","log":"|j|\u2606the maraculous\n|j|\u2606DinkyCat\n|t:|1698770984\n|gametype|singles\n|player|p1|the maraculous|dragontamer|1528\n|player|p2|DinkyCat|preschooler|1683\n|teamsize|p1|6\n|teamsize|p2|6\n|gen|9\n|tier|[Gen 9] Anything Goes\n|rated|\n|rule|HP Percentage Mod: HP is shown in percentages\n|rule|Endless Battle Clause: Forcing endless battles is banned\n|clearpoke\n|poke|p1|Toxapex, F|\n|poke|p1|Miraidon|\n|poke|p1|Miraidon|\n|poke|p1|Chien-Pao|\n|poke|p1|Spidops, M|\n|poke|p1|Annihilape, M|\n|poke|p2|Okidogi, M|\n|poke|p2|Polteageist|\n|poke|p2|Koraidon|\n|poke|p2|Arceus|\n|poke|p2|Calyrex-Shadow|\n|poke|p2|Krookodile, M|\n|teampreview\n|\n|t:|1698770996\n|start\n|switch|p1a: Chien-Pao|Chien-Pao|100\/100\n|switch|p2a: Arceus|Arceus|100\/100\n|-ability|p1a: Chien-Pao|Sword of Ruin\n|turn|1\n|\n|t:|1698771010\n|move|p1a: Chien-Pao|Sacred Sword|p2a: Arceus\n|-supereffective|p2a: Arceus\n|-damage|p2a: Arceus|61\/100\n|move|p2a: Arceus|Thunder Wave|p1a: Chien-Pao\n|-status|p1a: Chien-Pao|par\n|\n|upkeep\n|turn|2\n|\n|t:|1698771017\n|move|p2a: Arceus|Stealth Rock|p1a: Chien-Pao\n|-sidestart|p1: the maraculous|move: Stealth Rock\n|cant|p1a: Chien-Pao|par\n|\n|upkeep\n|turn|3\n|\n|t:|1698771036\n|move|p2a: Arceus|Healing Wish|p2a: Arceus\n|faint|p2a: Arceus\n|cant|p1a: Chien-Pao|par\n|\n|upkeep\n|\n|t:|1698771041\n|switch|p2a: Polteageist|Polteageist|100\/100\n|turn|4\n|\n|t:|1698771044\n|move|p2a: Polteageist|Substitute|p2a: Polteageist\n|-start|p2a: Polteageist|Substitute\n|-damage|p2a: Polteageist|76\/100\n|move|p1a: Chien-Pao|Ice Spinner|p2a: Polteageist\n|-end|p2a: Polteageist|Substitute\n|\n|upkeep\n|turn|5\n|\n|t:|1698771053\n|cant|p1a: Chien-Pao|par\n|move|p2a: Polteageist|Substitute|p2a: Polteageist\n|-start|p2a: Polteageist|Substitute\n|-damage|p2a: Polteageist|51\/100\n|\n|upkeep\n|turn|6\n|\n|t:|1698771057\n|move|p2a: Polteageist|Strength Sap|p1a: Chien-Pao\n|-unboost|p1a: Chien-Pao|atk|1\n|-heal|p2a: Polteageist|100\/100\n|move|p1a: Chien-Pao|Ice Spinner|p2a: Polteageist\n|-end|p2a: Polteageist|Substitute\n|\n|upkeep\n|turn|7\n|\n|t:|1698771068\n|move|p2a: Polteageist|Substitute|p2a: Polteageist\n|-start|p2a: Polteageist|Substitute\n|-damage|p2a: Polteageist|76\/100\n|move|p1a: Chien-Pao|Ice Spinner|p2a: Polteageist\n|-end|p2a: Polteageist|Substitute\n|\n|upkeep\n|turn|8\n|\n|t:|1698771084\n|switch|p1a: Miraidon|Miraidon|100\/100\n|-damage|p1a: Miraidon|88\/100|[from] Stealth Rock\n|-fieldstart|move: Electric Terrain|[from] ability: Hadron Engine|[of] p1a: Miraidon\n|move|p2a: Polteageist|Substitute|p2a: Polteageist\n|-start|p2a: Polteageist|Substitute\n|-damage|p2a: Polteageist|51\/100\n|\n|upkeep\n|turn|9\n|\n|t:|1698771089\n|move|p1a: Miraidon|Taunt|p2a: Polteageist\n|-start|p2a: Polteageist|move: Taunt\n|cant|p2a: Polteageist|move: Taunt|Shell Smash\n|\n|upkeep\n|turn|10\n|\n|t:|1698771142\n|switch|p2a: doge|Okidogi, M|100\/100\n|move|p1a: Miraidon|Electro Drift|p2a: doge\n|-damage|p2a: doge|0 fnt\n|faint|p2a: doge\n|\n|upkeep\n|\n|t:|1698771147\n|switch|p2a: Krookodile|Krookodile, M|100\/100\n|turn|11\n|\n|t:|1698771151\n|move|p1a: Miraidon|Draco Meteor|p2a: Krookodile\n|-damage|p2a: Krookodile|0 fnt\n|-unboost|p1a: Miraidon|spa|2\n|-enditem|p1a: Miraidon|White Herb\n|-clearnegativeboost|p1a: Miraidon|[silent]\n|faint|p2a: Krookodile\n|\n|upkeep\n|\n|t:|1698771162\n|switch|p2a: Koraidon|Koraidon|100\/100\n|-weather|SunnyDay|[from] ability: Orichalcum Pulse|[of] p2a: Koraidon\n|-activate|p2a: Koraidon|Orichalcum Pulse|[source]\n|turn|12\n|\n|t:|1698771179\n|-terastallize|p2a: Koraidon|Ghost\n|move|p1a: Miraidon|Draco Meteor|p2a: Koraidon\n|-damage|p2a: Koraidon|23\/100\n|-unboost|p1a: Miraidon|spa|2\n|move|p2a: Koraidon|Scale Shot|p1a: Miraidon\n|-supereffective|p1a: Miraidon\n|-damage|p1a: Miraidon|51\/100\n|-supereffective|p1a: Miraidon\n|-damage|p1a: Miraidon|10\/100\n|-supereffective|p1a: Miraidon\n|-damage|p1a: Miraidon|0 fnt\n|faint|p1a: Miraidon\n|-hitcount|p1: Miraidon|3\n|-unboost|p2a: Koraidon|def|1\n|-boost|p2a: Koraidon|spe|1\n|\n|-weather|SunnyDay|[upkeep]\n|-fieldend|move: Electric Terrain\n|upkeep\n|\n|t:|1698771200\n|switch|p1a: Chien-Pao|Chien-Pao|100\/100 par\n|-damage|p1a: Chien-Pao|76\/100 par|[from] Stealth Rock\n|-ability|p1a: Chien-Pao|Sword of Ruin\n|turn|13\n|\n|t:|1698771229\n|move|p1a: Chien-Pao|Ice Shard|p2a: Koraidon\n|-damage|p2a: Koraidon|0 fnt\n|faint|p2a: Koraidon\n|\n|-weather|SunnyDay|[upkeep]\n|upkeep\n|\n|t:|1698771231\n|switch|p2a: Polteageist|Polteageist|51\/100\n|-heal|p2a: Polteageist|100\/100|[from] move: Healing Wish\n|turn|14\n|\n|t:|1698771249\n|switch|p1a: Annihilape|Annihilape, M|100\/100\n|-damage|p1a: Annihilape|94\/100|[from] Stealth Rock\n|move|p2a: Polteageist|Substitute|p2a: Polteageist\n|-start|p2a: Polteageist|Substitute\n|-damage|p2a: Polteageist|76\/100\n|\n|-weather|SunnyDay|[upkeep]\n|upkeep\n|turn|15\n|\n|t:|1698771254\n|move|p2a: Polteageist|Shell Smash|p2a: Polteageist\n|-unboost|p2a: Polteageist|def|1\n|-unboost|p2a: Polteageist|spd|1\n|-boost|p2a: Polteageist|atk|2\n|-boost|p2a: Polteageist|spa|2\n|-boost|p2a: Polteageist|spe|2\n|-enditem|p2a: Polteageist|White Herb\n|-clearnegativeboost|p2a: Polteageist|[silent]\n|move|p1a: Annihilape|Ice Punch|p2a: Polteageist\n|-end|p2a: Polteageist|Substitute\n|\n|-weather|SunnyDay|[upkeep]\n|upkeep\n|turn|16\n|\n|t:|1698771269\n|-terastallize|p1a: Annihilape|Fire\n|move|p2a: Polteageist|Baton Pass|p2a: Polteageist\n|\n|t:|1698771272\n|switch|p2a: one-trick pony|Calyrex-Shadow|100\/100|[from] Baton Pass\n|-ability|p2a: one-trick pony|As One\n|-ability|p2a: one-trick pony|Unnerve\n|move|p1a: Annihilape|Rage Fist|p2a: one-trick pony\n|-supereffective|p2a: one-trick pony\n|-enditem|p2a: one-trick pony|Focus Sash\n|-damage|p2a: one-trick pony|1\/100\n|\n|-weather|none\n|upkeep\n|turn|17\n|\n|t:|1698771276\n|move|p2a: one-trick pony|Astral Barrage|p1a: Annihilape\n|-damage|p1a: Annihilape|0 fnt\n|faint|p1a: Annihilape\n|-ability|p2a: one-trick pony|Grim Neigh|boost\n|-boost|p2a: one-trick pony|spa|1\n|\n|upkeep\n|\n|t:|1698771280\n|switch|p1a: Chien-Pao|Chien-Pao|76\/100 par\n|-damage|p1a: Chien-Pao|51\/100 par|[from] Stealth Rock\n|-ability|p1a: Chien-Pao|Sword of Ruin\n|turn|18\n|j| mid ladder memes\n|\n|t:|1698771294\n|switch|p2a: Polteageist|Polteageist|76\/100\n|move|p1a: Chien-Pao|Ice Shard|p2a: Polteageist\n|-crit|p2a: Polteageist\n|-damage|p2a: Polteageist|28\/100\n|\n|upkeep\n|turn|19\n|\n|t:|1698771298\n|move|p1a: Chien-Pao|Ice Shard|p2a: Polteageist\n|-damage|p2a: Polteageist|0 fnt\n|faint|p2a: Polteageist\n|\n|upkeep\n|\n|t:|1698771301\n|switch|p2a: one-trick pony|Calyrex-Shadow|1\/100\n|-ability|p2a: one-trick pony|As One\n|-ability|p2a: one-trick pony|Unnerve\n|turn|20\n|\n|t:|1698771314\n|cant|p1a: Chien-Pao|par\n|move|p2a: one-trick pony|Grass Knot|p1a: Chien-Pao\n|-damage|p1a: Chien-Pao|0 fnt\n|faint|p1a: Chien-Pao\n|-ability|p2a: one-trick pony|Grim Neigh|boost\n|-boost|p2a: one-trick pony|spa|1\n|\n|upkeep\n|\n|t:|1698771320\n|switch|p1a: Miraidon|Miraidon|100\/100\n|-damage|p1a: Miraidon|88\/100|[from] Stealth Rock\n|-fieldstart|move: Electric Terrain|[from] ability: Hadron Engine|[of] p1a: Miraidon\n|-item|p1a: Miraidon|Air Balloon\n|turn|21\n|\n|t:|1698771344\n|move|p2a: one-trick pony|Astral Barrage|p1a: Miraidon\n|-damage|p1a: Miraidon|2\/100\n|-enditem|p1a: Miraidon|Air Balloon\n|move|p1a: Miraidon|Parabolic Charge|p2a: one-trick pony\n|-damage|p2a: one-trick pony|0 fnt\n|-heal|p1a: Miraidon|2\/100|[from] drain|[of] p2a: one-trick pony\n|faint|p2a: one-trick pony\n|\n|win|the maraculous\n|raw|the maraculous's rating: 1528 &rarr; <strong>1556<\/strong><br \/>(+28 for winning)\n|raw|DinkyCat's rating: 1683 &rarr; <strong>1655<\/strong><br \/>(-28 for losing)\n|l|\u2606DinkyCat\n","uploadtime":1698771371,"views":6,"p1id":"themaraculous","p2id":"dinkycat","formatid":"gen9anythinggoes","rating":1556,"private":0,"password":""}