{"id":"gen9anythinggoes-1991174820","p1":"Luigi3641","p2":"dgzdr","format":"[Gen 9] Anything Goes","log":"|j|\u2606Luigi3641\n|j|\u2606dgzdr\n|t:|1700053578\n|gametype|singles\n|player|p1|Luigi3641|juggler|1168\n|player|p2|dgzdr|2|1235\n|teamsize|p1|4\n|teamsize|p2|6\n|gen|9\n|tier|[Gen 9] Anything Goes\n|rated|\n|rule|HP Percentage Mod: HP is shown in percentages\n|rule|Endless Battle Clause: Forcing endless battles is banned\n|clearpoke\n|poke|p1|Lilligant, F|\n|poke|p1|Oricorio-Pa'u, M|\n|poke|p1|Magneton|\n|poke|p1|Primeape, M|\n|poke|p2|Drifblim, M|\n|poke|p2|Yanmega, M|\n|poke|p2|Hatterene, F|\n|poke|p2|Ditto|\n|poke|p2|Clefable, M|\n|poke|p2|Wigglytuff, F|\n|teampreview\n|c|\u2606Luigi3641|Glhf\n|\n|t:|1700053591\n|start\n|switch|p1a: Magneton|Magneton|100\/100\n|switch|p2a: Drifblim|Drifblim, M|100\/100\n|turn|1\n|c|\u2606dgzdr|glhf\n|\n|t:|1700053599\n|move|p2a: Drifblim|Minimize|p2a: Drifblim\n|-boost|p2a: Drifblim|evasion|2\n|move|p1a: Magneton|Light Screen|p1a: Magneton\n|-sidestart|p1: Luigi3641|move: Light Screen\n|\n|upkeep\n|turn|2\n|\n|t:|1700053603\n|move|p2a: Drifblim|Minimize|p2a: Drifblim\n|-boost|p2a: Drifblim|evasion|2\n|move|p1a: Magneton|Discharge|p2a: Drifblim|[miss]\n|-miss|p1a: Magneton|p2a: Drifblim\n|\n|upkeep\n|turn|3\n|c|\u2606Luigi3641|Oh no\n|\n|t:|1700053608\n|move|p2a: Drifblim|Minimize|p2a: Drifblim\n|-boost|p2a: Drifblim|evasion|2\n|move|p1a: Magneton|Discharge|p2a: Drifblim\n|-supereffective|p2a: Drifblim\n|-damage|p2a: Drifblim|25\/100\n|\n|upkeep\n|turn|4\n|c|\u2606dgzdr|oh yes\n|\n|t:|1700053614\n|move|p2a: Drifblim|Baton Pass|p2a: Drifblim\n|\n|t:|1700053616\n|switch|p2a: Clefable|Clefable, M|100\/100|[from] Baton Pass\n|move|p1a: Magneton|Discharge|p2a: Clefable|[miss]\n|-miss|p1a: Magneton|p2a: Clefable\n|\n|upkeep\n|turn|5\n|c|\u2606Luigi3641|Im already handycapped with the pokemon im using dang lol\n|\n|t:|1700053644\n|move|p1a: Magneton|Discharge|p2a: Clefable|[miss]\n|-miss|p1a: Magneton|p2a: Clefable\n|move|p2a: Clefable|Substitute|p2a: Clefable\n|-start|p2a: Clefable|Substitute\n|-damage|p2a: Clefable|76\/100\n|\n|-heal|p2a: Clefable|82\/100|[from] item: Leftovers\n|-sideend|p1: Luigi3641|move: Light Screen\n|upkeep\n|turn|6\n|\n|t:|1700053691\n|move|p1a: Magneton|Discharge|p2a: Clefable|[miss]\n|-miss|p1a: Magneton|p2a: Clefable\n|move|p2a: Clefable|Cosmic Power|p2a: Clefable\n|-boost|p2a: Clefable|def|1\n|-boost|p2a: Clefable|spd|1\n|\n|-heal|p2a: Clefable|88\/100|[from] item: Leftovers\n|upkeep\n|turn|7\n|\n|t:|1700053695\n|move|p1a: Magneton|Discharge|p2a: Clefable|[miss]\n|-miss|p1a: Magneton|p2a: Clefable\n|move|p2a: Clefable|Cosmic Power|p2a: Clefable\n|-boost|p2a: Clefable|def|1\n|-boost|p2a: Clefable|spd|1\n|\n|-heal|p2a: Clefable|94\/100|[from] item: Leftovers\n|upkeep\n|turn|8\n|\n|t:|1700053698\n|move|p1a: Magneton|Discharge|p2a: Clefable\n|-activate|p2a: Clefable|move: Substitute|[damage]\n|move|p2a: Clefable|Cosmic Power|p2a: Clefable\n|-boost|p2a: Clefable|def|1\n|-boost|p2a: Clefable|spd|1\n|\n|-heal|p2a: Clefable|99\/100|[from] item: Leftovers\n|upkeep\n|turn|9\n|\n|t:|1700053705\n|move|p1a: Magneton|Discharge|p2a: Clefable\n|-end|p2a: Clefable|Substitute\n|move|p2a: Clefable|Cosmic Power|p2a: Clefable\n|-boost|p2a: Clefable|def|1\n|-boost|p2a: Clefable|spd|1\n|\n|-heal|p2a: Clefable|100\/100|[from] item: Leftovers\n|upkeep\n|turn|10\n|\n|t:|1700053725\n|move|p1a: Magneton|Discharge|p2a: Clefable|[miss]\n|-miss|p1a: Magneton|p2a: Clefable\n|move|p2a: Clefable|Substitute|p2a: Clefable\n|-start|p2a: Clefable|Substitute\n|-damage|p2a: Clefable|76\/100\n|\n|-heal|p2a: Clefable|82\/100|[from] item: Leftovers\n|upkeep\n|turn|11\n|\n|t:|1700053769\n|move|p1a: Magneton|Discharge|p2a: Clefable\n|-activate|p2a: Clefable|move: Substitute|[damage]\n|move|p2a: Clefable|Cosmic Power|p2a: Clefable\n|-boost|p2a: Clefable|def|1\n|-boost|p2a: Clefable|spd|1\n|\n|-heal|p2a: Clefable|88\/100|[from] item: Leftovers\n|upkeep\n|turn|12\n|\n|t:|1700053785\n|move|p1a: Magneton|Discharge|p2a: Clefable\n|-activate|p2a: Clefable|move: Substitute|[damage]\n|move|p2a: Clefable|Cosmic Power|p2a: Clefable\n|-boost|p2a: Clefable|def|1\n|-boost|p2a: Clefable|spd|1\n|\n|-heal|p2a: Clefable|94\/100|[from] item: Leftovers\n|upkeep\n|turn|13\n|c|\u2606dgzdr|add a poke with whirlind or roar for this situation\n|c|\u2606Luigi3641|These four are already have occupied moves to make it work but i dont think they even have moves like that\n|\n|t:|1700053807\n|move|p1a: Magneton|Discharge|p2a: Clefable|[miss]\n|-miss|p1a: Magneton|p2a: Clefable\n|move|p2a: Clefable|Baton Pass|p2a: Clefable\n|c|\u2606dgzdr|i mean a new poke\n|c|\u2606Luigi3641|I cant\n|c|\u2606dgzdr|why\n|\n|t:|1700053835\n|switch|p2a: Wigglytuff|Wigglytuff, F|100\/100|[from] Baton Pass\n|\n|upkeep\n|turn|14\n|c|\u2606Luigi3641|This team is souly pokemon from PUBL\n|c|\u2606dgzdr|oh ok then\n|c|\u2606Luigi3641|thats why i have 4 pokemon instead of six\n|\n|t:|1700053869\n|move|p1a: Magneton|Discharge|p2a: Wigglytuff|[miss]\n|-miss|p1a: Magneton|p2a: Wigglytuff\n|move|p2a: Wigglytuff|Nasty Plot|p2a: Wigglytuff\n|-boost|p2a: Wigglytuff|spa|2\n|\n|upkeep\n|turn|15\n|c|\u2606dgzdr|make sense\n|c|\u2606dgzdr|trainig or testing the team?\n|\n|t:|1700053883\n|move|p1a: Magneton|Discharge|p2a: Wigglytuff|[miss]\n|-miss|p1a: Magneton|p2a: Wigglytuff\n|move|p2a: Wigglytuff|Nasty Plot|p2a: Wigglytuff\n|-boost|p2a: Wigglytuff|spa|2\n|\n|upkeep\n|turn|16\n|\n|t:|1700053886\n|move|p1a: Magneton|Discharge|p2a: Wigglytuff|[miss]\n|-miss|p1a: Magneton|p2a: Wigglytuff\n|move|p2a: Wigglytuff|Nasty Plot|p2a: Wigglytuff\n|-boost|p2a: Wigglytuff|spa|2\n|\n|upkeep\n|turn|17\n|\n|t:|1700053897\n|switch|p1a: Oricorio|Oricorio-Pa'u, M|100\/100\n|move|p2a: Wigglytuff|Baton Pass|p2a: Wigglytuff\n|\n|t:|1700053901\n|switch|p2a: Hatterene|Hatterene, F|100\/100|[from] Baton Pass\n|\n|upkeep\n|turn|18\n|\n|t:|1700053930\n|move|p1a: Oricorio|Sunny Day|p1a: Oricorio\n|-weather|SunnyDay\n|move|p2a: Hatterene|Agility|p2a: Hatterene\n|-boost|p2a: Hatterene|spe|2\n|\n|-weather|SunnyDay|[upkeep]\n|upkeep\n|turn|19\n|c|\u2606Luigi3641|Im trying to win with every tier in everything goes\n|\n|t:|1700053946\n|move|p2a: Hatterene|Agility|p2a: Hatterene\n|-boost|p2a: Hatterene|spe|2\n|move|p1a: Oricorio|Revelation Dance|p2a: Hatterene\n|-resisted|p2a: Hatterene\n|-activate|p2a: Hatterene|move: Substitute|[damage]\n|\n|-weather|SunnyDay|[upkeep]\n|upkeep\n|turn|20\n|c|\u2606Luigi3641|I managed to do ZU and PU\n|c|\u2606dgzdr|seems cool idea\n|c|\u2606Luigi3641|Yeah its fun making teams in a limited sense like this\n|c|\u2606dgzdr|probably you will be able to do it also here but minimize is too strong\n|c|\u2606dgzdr|agreed\n|\n|t:|1700054004\n|move|p2a: Hatterene|Agility|p2a: Hatterene\n|-boost|p2a: Hatterene|spe|2\n|move|p1a: Oricorio|Revelation Dance|p2a: Hatterene\n|-resisted|p2a: Hatterene\n|-end|p2a: Hatterene|Substitute\n|\n|-weather|SunnyDay|[upkeep]\n|upkeep\n|turn|21\n|\n|t:|1700054014\n|switch|p1a: Primeape|Primeape, M|100\/100\n|move|p2a: Hatterene|Baton Pass|p2a: Hatterene\n|\n|t:|1700054018\n|switch|p2a: Yanmega|Yanmega, M|100\/100|[from] Baton Pass\n|\n|-weather|SunnyDay|[upkeep]\n|upkeep\n|turn|22\n|\n|t:|1700054025\n|move|p2a: Yanmega|Shadow Ball|p1a: Primeape\n|-damage|p1a: Primeape|4\/100\n|-unboost|p1a: Primeape|spd|1\n|-ability|p1a: Primeape|Defiant|boost\n|-boost|p1a: Primeape|atk|2\n|move|p1a: Primeape|Thunder Punch|p2a: Yanmega|[miss]\n|-miss|p1a: Primeape|p2a: Yanmega\n|\n|-weather|SunnyDay|[upkeep]\n|upkeep\n|turn|23\n|c|\u2606dgzdr|im surprised thet primeape survived that\n|c|\u2606Luigi3641|Even with eviolite im suprised aswell\n|c|\u2606dgzdr|oh yea eviolite works on him now\n|c|\u2606dgzdr|thats probably what saved him\n|\n|t:|1700054084\n|move|p2a: Yanmega|Shadow Ball|p1a: Primeape\n|-damage|p1a: Primeape|0 fnt\n|faint|p1a: Primeape\n|\n|-weather|SunnyDay|[upkeep]\n|upkeep\n|c|\u2606Luigi3641|Yeah thats why he is banned from pu\n|\n|t:|1700054097\n|switch|p1a: Oricorio|Oricorio-Pa'u, M|100\/100\n|turn|24\n|\n|t:|1700054139\n|move|p2a: Yanmega|Shadow Ball|p1a: Oricorio\n|-supereffective|p1a: Oricorio\n|-damage|p1a: Oricorio|0 fnt\n|faint|p1a: Oricorio\n|\n|-weather|SunnyDay|[upkeep]\n|upkeep\n|c|\u2606dgzdr|males sense\n|c|\u2606dgzdr|makes\n|c|\u2606Luigi3641|I think for these 4 oricorio got banned for revelation dance with tera, primape for eviolite, magneton for tera and lilligant cause chlorophyll\n|\n|t:|1700054177\n|switch|p1a: Magneton|Magneton|100\/100\n|turn|25\n|c|\u2606dgzdr|is chlorophyl really that strong?\n|\n|t:|1700054232\n|-terastallize|p1a: Magneton|Normal\n|move|p2a: Yanmega|Bug Buzz|p1a: Magneton\n|-damage|p1a: Magneton|0 fnt\n|faint|p1a: Magneton\n|\n|-weather|none\n|upkeep\n|c|\u2606Luigi3641|I mean for pu it makes lilligant the fastest with solar beam\n|\n|t:|1700054262\n|switch|p1a: Lilligant|Lilligant, F|100\/100\n|turn|26\n|\n|t:|1700054296\n|move|p2a: Yanmega|Bug Buzz|p1a: Lilligant\n|-supereffective|p1a: Lilligant\n|-damage|p1a: Lilligant|0 fnt\n|faint|p1a: Lilligant\n|\n|win|dgzdr\n|raw|Luigi3641's rating: 1168 &rarr; <strong>1148<\/strong><br \/>(-20 for losing)\n|raw|dgzdr's rating: 1235 &rarr; <strong>1255<\/strong><br \/>(+20 for winning)\n|c|\u2606Luigi3641|GG\n|c|\u2606dgzdr|gg\n|l|\u2606dgzdr\n","uploadtime":1700054334,"views":5,"p1id":"luigi3641","p2id":"dgzdr","formatid":"gen9anythinggoes","rating":1148,"private":0,"password":""}