{"id":"gen9anythinggoes-1985439660","p1":"pixsylver","p2":"Dr Guzzlord","format":"[Gen 9] Anything Goes","log":"|j|\u2606pixsylver\n|j|\u2606Dr Guzzlord\n|t:|1699374824\n|gametype|singles\n|player|p1|pixsylver|hilda|1150\n|player|p2|Dr Guzzlord|roughneck|1089\n|teamsize|p1|6\n|teamsize|p2|1\n|gen|9\n|tier|[Gen 9] Anything Goes\n|rated|\n|rule|HP Percentage Mod: HP is shown in percentages\n|rule|Endless Battle Clause: Forcing endless battles is banned\n|clearpoke\n|poke|p1|Ditto|\n|poke|p1|Ditto|\n|poke|p1|Ditto|\n|poke|p1|Ditto|\n|poke|p1|Ditto|\n|poke|p1|Ditto|\n|poke|p2|Illumise, F|\n|teampreview\n|\n|t:|1699374829\n|start\n|switch|p1a: Ditto|Ditto|100\/100\n|switch|p2a: Illumise|Illumise, F|100\/100\n|-transform|p1a: Ditto|p2a: Illumise|[from] ability: Imposter\n|turn|1\n|c|\u2606pixsylver|this is awkward\n|c|\u2606pixsylver|we chiose the same pokemon\n|\n|t:|1699374849\n|move|p1a: Ditto|Metronome|p1a: Ditto\n|move|p1a: Ditto|Baton Pass|p1a: Ditto|[from]move: Metronome\n|\n|t:|1699374852\n|switch|p1a: Ditto|Ditto|100\/100|[from] Baton Pass\n|-transform|p1a: Ditto|p2a: Illumise|[from] ability: Imposter\n|move|p2a: Illumise|Substitute|p2a: Illumise\n|-start|p2a: Illumise|Substitute\n|-damage|p2a: Illumise|76\/100\n|\n|-heal|p2a: Illumise|82\/100|[from] item: Leftovers\n|upkeep\n|turn|2\n|\n|t:|1699374865\n|move|p1a: Ditto|Metronome|p1a: Ditto\n|move|p1a: Ditto|Ice Shard|p2a: Illumise|[from]move: Metronome\n|-activate|p2a: Illumise|move: Substitute|[damage]\n|move|p2a: Illumise|Growth|p2a: Illumise\n|-boost|p2a: Illumise|atk|1\n|-boost|p2a: Illumise|spa|1\n|\n|-heal|p2a: Illumise|88\/100|[from] item: Leftovers\n|upkeep\n|turn|3\n|\n|t:|1699374876\n|move|p1a: Ditto|Substitute|p1a: Ditto\n|-start|p1a: Ditto|Substitute\n|-damage|p1a: Ditto|76\/100\n|move|p2a: Illumise|Bug Buzz|p1a: Ditto\n|-damage|p1a: Ditto|31\/100\n|\n|-heal|p2a: Illumise|94\/100|[from] item: Leftovers\n|upkeep\n|turn|4\n|\n|t:|1699374885\n|move|p1a: Ditto|Growth|p1a: Ditto\n|-boost|p1a: Ditto|atk|1\n|-boost|p1a: Ditto|spa|1\n|move|p2a: Illumise|Bug Buzz|p1a: Ditto\n|-damage|p1a: Ditto|0 fnt\n|faint|p1a: Ditto\n|\n|-heal|p2a: Illumise|99\/100|[from] item: Leftovers\n|upkeep\n|\n|t:|1699374898\n|switch|p1a: Ditto|Ditto|100\/100\n|turn|5\n|\n|t:|1699374906\n|move|p2a: Illumise|Growth|p2a: Illumise\n|-boost|p2a: Illumise|atk|1\n|-boost|p2a: Illumise|spa|1\n|move|p1a: Ditto|Transform||[still]\n|-fail|p1a: Ditto\n|\n|-heal|p2a: Illumise|100\/100|[from] item: Leftovers\n|upkeep\n|turn|6\n|\n|t:|1699374914\n|move|p2a: Illumise|Bug Buzz|p1a: Ditto\n|-enditem|p1a: Ditto|Focus Sash\n|-damage|p1a: Ditto|1\/100\n|move|p1a: Ditto|Transform||[still]\n|-fail|p1a: Ditto\n|\n|upkeep\n|turn|7\n|c|\u2606pixsylver|ooooh\n|\n|t:|1699374921\n|move|p2a: Illumise|Bug Buzz|p1a: Ditto\n|-damage|p1a: Ditto|0 fnt\n|faint|p1a: Ditto\n|\n|upkeep\n|\n|t:|1699374927\n|switch|p1a: Ditto|Ditto|100\/100\n|turn|8\n|\n|t:|1699374950\n|-terastallize|p1a: Ditto|Ghost\n|move|p2a: Illumise|Bug Buzz|p1a: Ditto\n|-resisted|p1a: Ditto\n|-damage|p1a: Ditto|55\/100\n|move|p1a: Ditto|Transform||[still]\n|-fail|p1a: Ditto\n|\n|upkeep\n|turn|9\n|\n|t:|1699374957\n|move|p2a: Illumise|Bug Buzz|p1a: Ditto\n|-resisted|p1a: Ditto\n|-damage|p1a: Ditto|10\/100\n|move|p1a: Ditto|Transform||[still]\n|-fail|p1a: Ditto\n|\n|upkeep\n|turn|10\n|c|\u2606Dr Guzzlord|Yeah, it's not gonna survive long\n|\n|t:|1699374981\n|move|p2a: Illumise|Metronome|p2a: Illumise\n|move|p2a: Illumise|Will-O-Wisp|p1a: Ditto|[from]move: Metronome\n|-status|p1a: Ditto|brn\n|move|p1a: Ditto|Transform||[still]\n|-fail|p1a: Ditto\n|\n|-damage|p1a: Ditto|4\/100 brn|[from] brn\n|upkeep\n|turn|11\n|c|\u2606pixsylver|ye lol\n|\n|t:|1699374995\n|move|p2a: Illumise|Metronome|p2a: Illumise\n|move|p2a: Illumise|Earth Power|p1a: Ditto|[from]move: Metronome\n|-damage|p1a: Ditto|0 fnt\n|faint|p1a: Ditto\n|\n|upkeep\n|\n|t:|1699375001\n|switch|p1a: Ditto|Ditto|100\/100\n|turn|12\n|\n|t:|1699375004\n|move|p2a: Illumise|Bug Buzz|p1a: Ditto\n|-damage|p1a: Ditto|2\/100\n|-unboost|p1a: Ditto|spd|1\n|move|p1a: Ditto|Transform||[still]\n|-fail|p1a: Ditto\n|\n|upkeep\n|turn|13\n|\n|t:|1699375011\n|move|p2a: Illumise|Bug Buzz|p1a: Ditto\n|-damage|p1a: Ditto|0 fnt\n|faint|p1a: Ditto\n|\n|upkeep\n|\n|t:|1699375021\n|switch|p1a: Ditto|Ditto|100\/100\n|turn|14\n|\n|t:|1699375024\n|move|p2a: Illumise|Bug Buzz|p1a: Ditto\n|-enditem|p1a: Ditto|Focus Sash\n|-damage|p1a: Ditto|1\/100\n|move|p1a: Ditto|Transform||[still]\n|-fail|p1a: Ditto\n|\n|upkeep\n|turn|15\n|\n|t:|1699375031\n|move|p2a: Illumise|Bug Buzz|p1a: Ditto\n|-damage|p1a: Ditto|0 fnt\n|faint|p1a: Ditto\n|\n|upkeep\n|\n|t:|1699375037\n|switch|p1a: Ditto|Ditto, shiny|100\/100\n|turn|16\n|\n|t:|1699375044\n|move|p2a: Illumise|Bug Buzz|p1a: Ditto\n|-damage|p1a: Ditto|3\/100\n|move|p1a: Ditto|Transform||[still]\n|-fail|p1a: Ditto\n|\n|upkeep\n|turn|17\n|\n|t:|1699375054\n|move|p2a: Illumise|Metronome|p2a: Illumise\n|move|p2a: Illumise|Rollout|p1a: Ditto|[from]move: Metronome\n|-damage|p1a: Ditto|0 fnt\n|faint|p1a: Ditto\n|\n|win|Dr Guzzlord\n|raw|pixsylver's rating: 1150 &rarr; <strong>1119<\/strong><br \/>(-31 for losing)\n|raw|Dr Guzzlord's rating: 1064 &rarr; <strong>1102<\/strong><br \/>(+38 for winning)\n|c|\u2606pixsylver|gg\n|c|\u2606Dr Guzzlord|GG\n|l|\u2606pixsylver\n","uploadtime":1699375324,"views":4,"p1id":"pixsylver","p2id":"drguzzlord","formatid":"gen9anythinggoes","rating":1102,"private":0,"password":""}