{"id":"gen9anythinggoes-1982762058","p1":"TreBucet","p2":"T8745f","format":"[Gen 9] Anything Goes","log":"|j|\u2606TreBucet\n|j|\u2606T8745f\n|t:|1699042460\n|gametype|singles\n|player|p1|TreBucet|grimsley|1156\n|player|p2|T8745f|266|1194\n|teamsize|p1|6\n|teamsize|p2|6\n|gen|9\n|tier|[Gen 9] Anything Goes\n|rated|\n|rule|HP Percentage Mod: HP is shown in percentages\n|rule|Endless Battle Clause: Forcing endless battles is banned\n|clearpoke\n|poke|p1|Houndstone, M|\n|poke|p1|Tyranitar, M|\n|poke|p1|Glimmora, M|\n|poke|p1|Flutter Mane|\n|poke|p1|Eternatus|\n|poke|p1|Zoroark, F|\n|poke|p2|Regieleki|\n|poke|p2|Calyrex-Ice|\n|poke|p2|Ditto|\n|poke|p2|Maushold-Four|\n|poke|p2|Tropius, M|\n|poke|p2|Basculegion, M|\n|teampreview\n|inactive|Battle timer is ON: inactive players will automatically lose when time's up. (requested by T8745f)\n|\n|t:|1699042477\n|start\n|switch|p1a: funny rock|Glimmora, M|100\/100\n|switch|p2a: Regieleki|Regieleki|100\/100\n|turn|1\n|\n|t:|1699042497\n|move|p2a: Regieleki|Volt Switch|p1a: funny rock\n|-damage|p1a: funny rock|53\/100\n|\n|t:|1699042501\n|switch|p2a: Ditto|Ditto|100\/100|[from] Volt Switch\n|-transform|p2a: Ditto|p1a: funny rock|[from] ability: Imposter\n|move|p1a: funny rock|Mortal Spin|p2a: Ditto\n|-resisted|p2a: Ditto\n|-damage|p2a: Ditto|97\/100\n|-activate|p2a: Ditto|ability: Toxic Debris\n|-sidestart|p1: TreBucet|move: Toxic Spikes\n|-sideend|p1: TreBucet|Toxic Spikes|[from] move: Mortal Spin|[of] p1a: funny rock\n|-damage|p1a: funny rock|43\/100|[from] item: Life Orb\n|\n|-heal|p2a: Ditto|100\/100|[from] item: Leftovers\n|upkeep\n|turn|2\n|\n|t:|1699042521\n|switch|p2a: Tropius|Tropius, M|100\/100\n|move|p1a: funny rock|Earth Power|p2a: Tropius\n|-immune|p2a: Tropius\n|\n|upkeep\n|turn|3\n|\n|t:|1699042531\n|-terastallize|p2a: Tropius|Steel\n|move|p1a: funny rock|Mortal Spin|p2a: Tropius\n|-immune|p2a: Tropius\n|move|p2a: Tropius|Leech Seed|p1a: funny rock\n|-start|p1a: funny rock|move: Leech Seed\n|\n|-damage|p1a: funny rock|30\/100|[from] Leech Seed|[of] p2a: Tropius\n|upkeep\n|turn|4\n|inactive|T8745f has 120 seconds left.\n|\n|t:|1699042547\n|move|p2a: Tropius|Protect|p2a: Tropius\n|-singleturn|p2a: Tropius|Protect\n|move|p1a: funny rock|Memento|p2a: Tropius\n|-activate|p2a: Tropius|move: Protect\n|\n|-damage|p1a: funny rock|18\/100|[from] Leech Seed|[of] p2a: Tropius\n|upkeep\n|turn|5\n|inactive|T8745f has 120 seconds left.\n|\n|t:|1699042558\n|move|p1a: funny rock|Memento|p2a: Tropius\n|-unboost|p2a: Tropius|atk|2\n|-unboost|p2a: Tropius|spa|2\n|faint|p1a: funny rock\n|move|p2a: Tropius|Substitute|p2a: Tropius\n|-start|p2a: Tropius|Substitute\n|-damage|p2a: Tropius|76\/100\n|\n|upkeep\n|\n|t:|1699042567\n|switch|p1a: the hound|Houndstone, M|100\/100\n|turn|6\n|\n|t:|1699042573\n|move|p1a: the hound|Psychic|p2a: Tropius\n|-resisted|p2a: Tropius\n|-activate|p2a: Tropius|move: Substitute|[damage]\n|move|p2a: Tropius|Leech Seed|p1a: the hound|[miss]\n|-miss|p2a: Tropius|p1a: the hound\n|\n|upkeep\n|turn|7\n|\n|t:|1699042583\n|move|p1a: the hound|Flamethrower|p2a: Tropius\n|-supereffective|p2a: Tropius\n|-end|p2a: Tropius|Substitute\n|move|p2a: Tropius|Leech Seed|p1a: the hound|[miss]\n|-miss|p2a: Tropius|p1a: the hound\n|\n|upkeep\n|turn|8\n|inactive|T8745f has 120 seconds left.\n|\n|t:|1699042612\n|switch|p2a: Ditto|Ditto|100\/100\n|move|p1a: the hound|Flamethrower|p2a: Ditto\n|-damage|p2a: Ditto|34\/100\n|\n|-heal|p2a: Ditto|40\/100|[from] item: Leftovers\n|upkeep\n|turn|9\n|inactive|T8745f has 120 seconds left.\n|\n|t:|1699042639\n|switch|p2a: Maushold|Maushold-Four|100\/100\n|move|p1a: the hound|Psychic|p2a: Maushold\n|-damage|p2a: Maushold|54\/100\n|\n|upkeep\n|turn|10\n|\n|t:|1699042648\n|move|p2a: Maushold|Play Rough|p1a: the hound\n|-supereffective|p1a: the hound\n|-damage|p1a: the hound|19\/100\n|replace|p1a: uh oh|Zoroark, F\n|-end|p1a: uh oh|Illusion\n|move|p1a: uh oh|Flamethrower|p2a: Maushold\n|-damage|p2a: Maushold|13\/100\n|\n|upkeep\n|turn|11\n|\n|t:|1699042663\n|switch|p1a: hehe|Flutter Mane|100\/100\n|move|p2a: Maushold|Play Rough|p1a: hehe\n|-damage|p1a: hehe|53\/100\n|-damage|p2a: Maushold|0 fnt|[from] item: Rocky Helmet|[of] p1a: hehe\n|faint|p2a: Maushold\n|\n|upkeep\n|inactive|T8745f has 90 seconds left.\n|\n|t:|1699042685\n|switch|p2a: Regieleki|Regieleki|100\/100\n|turn|12\n|\n|t:|1699042691\n|move|p2a: Regieleki|Volt Switch|p1a: hehe\n|-damage|p1a: hehe|10\/100\n|\n|t:|1699042696\n|switch|p2a: Ditto|Ditto|40\/100|[from] Volt Switch\n|-transform|p2a: Ditto|p1a: hehe|[from] ability: Imposter\n|move|p1a: hehe|Mystical Fire|p2a: Ditto\n|-damage|p2a: Ditto|9\/100\n|-unboost|p2a: Ditto|spa|1\n|\n|-heal|p2a: Ditto|15\/100|[from] item: Leftovers\n|upkeep\n|turn|13\n|\n|t:|1699042709\n|move|p2a: Ditto|Memento|p1a: hehe\n|-unboost|p1a: hehe|atk|2\n|-unboost|p1a: hehe|spa|2\n|faint|p2a: Ditto\n|-end|p2a: Ditto|Protosynthesis|[silent]\n|move|p1a: hehe|Moonblast|p2: Ditto|[notarget]\n|-fail|p1a: hehe\n|\n|upkeep\n|\n|t:|1699042713\n|switch|p2a: Regieleki|Regieleki|100\/100\n|turn|14\n|\n|t:|1699042722\n|move|p2a: Regieleki|Thunder Cage|p1a: hehe|[miss]\n|-miss|p2a: Regieleki|p1a: hehe\n|move|p1a: hehe|Moonblast|p2a: Regieleki\n|-damage|p2a: Regieleki|65\/100\n|-unboost|p2a: Regieleki|spa|1\n|\n|upkeep\n|turn|15\n|\n|t:|1699042729\n|move|p2a: Regieleki|Ancient Power|p1a: hehe\n|-damage|p1a: hehe|0 fnt\n|faint|p1a: hehe\n|-end|p1a: hehe|Protosynthesis|[silent]\n|\n|upkeep\n|\n|t:|1699042734\n|switch|p1a: the hound|Houndstone, M|19\/100\n|turn|16\n|inactive|T8745f has 120 seconds left.\n|\n|t:|1699042750\n|move|p2a: Regieleki|Volt Switch|p1a: the hound\n|-damage|p1a: the hound|0 fnt\n|replace|p1a: uh oh|Zoroark, F\n|-end|p1a: uh oh|Illusion\n|faint|p1a: uh oh\n|\n|t:|1699042756\n|switch|p2a: Tropius|Tropius, M, tera:Steel|76\/100|[from] Volt Switch\n|\n|upkeep\n|\n|t:|1699042759\n|switch|p1a: big man|Tyranitar, M|100\/100\n|-weather|Sandstorm|[from] ability: Sand Stream|[of] p1a: big man\n|turn|17\n|\n|t:|1699042769\n|switch|p1a: the hound|Houndstone, M|100\/100\n|move|p2a: Tropius|Protect||[still]\n|-fail|p2a: Tropius\n|\n|-weather|Sandstorm|[upkeep]\n|upkeep\n|turn|18\n|\n|t:|1699042776\n|-terastallize|p1a: the hound|Normal\n|move|p1a: the hound|Last Respects|p2a: Tropius\n|-damage|p2a: Tropius|0 fnt\n|faint|p2a: Tropius\n|\n|-weather|Sandstorm|[upkeep]\n|upkeep\n|inactive|T8745f has 120 seconds left.\n|\n|t:|1699042797\n|switch|p2a: Regieleki|Regieleki|65\/100\n|turn|19\n|inactive|T8745f has 120 seconds left.\n|\n|t:|1699042805\n|move|p1a: the hound|Last Respects|p2a: Regieleki\n|-damage|p2a: Regieleki|0 fnt\n|faint|p2a: Regieleki\n|\n|-weather|Sandstorm|[upkeep]\n|upkeep\n|\n|t:|1699042808\n|switch|p2a: Calyrex|Calyrex-Ice|100\/100\n|-ability|p2a: Calyrex|As One\n|-ability|p2a: Calyrex|Unnerve\n|turn|20\n|\n|t:|1699042820\n|move|p1a: the hound|Last Respects|p2a: Calyrex\n|-supereffective|p2a: Calyrex\n|-damage|p2a: Calyrex|0 fnt\n|faint|p2a: Calyrex\n|\n|-weather|Sandstorm|[upkeep]\n|upkeep\n|\n|t:|1699042823\n|switch|p2a: Basculegion|Basculegion, M|100\/100\n|turn|21\n|c|\u2606TreBucet|gg\n|\n|t:|1699042836\n|move|p1a: the hound|Last Respects|p2a: Basculegion\n|-supereffective|p2a: Basculegion\n|-damage|p2a: Basculegion|0 fnt\n|faint|p2a: Basculegion\n|\n|win|TreBucet\n|raw|TreBucet's rating: 1156 &rarr; <strong>1184<\/strong><br \/>(+28 for winning)\n|raw|T8745f's rating: 1194 &rarr; <strong>1166<\/strong><br \/>(-28 for losing)\n","uploadtime":1699042844,"views":5,"p1id":"trebucet","p2id":"t8745f","formatid":"gen9anythinggoes","rating":1166,"private":0,"password":""}