{"id":"gen9anythinggoes-1971948634","p1":"antiatomico","p2":"Shadowkipz13","format":"[Gen 9] Anything Goes","log":"|j|\u2606antiatomico\n|j|\u2606Shadowkipz13\n|t:|1697796420\n|gametype|singles\n|player|p1|antiatomico|lucas|1248\n|player|p2|Shadowkipz13|petrel|1255\n|teamsize|p1|6\n|teamsize|p2|6\n|gen|9\n|tier|[Gen 9] Anything Goes\n|rated|\n|rule|HP Percentage Mod: HP is shown in percentages\n|rule|Endless Battle Clause: Forcing endless battles is banned\n|clearpoke\n|poke|p1|Kyogre|\n|poke|p1|Kyogre|\n|poke|p1|Kyogre|\n|poke|p1|Kyogre|\n|poke|p1|Kyogre|\n|poke|p1|Calyrex-Shadow|\n|poke|p2|Infernape, F|\n|poke|p2|Ogerpon-Wellspring, F|\n|poke|p2|Ribombee, M|\n|poke|p2|Ursaluna-Bloodmoon, M|\n|poke|p2|Dondozo, F|\n|poke|p2|Maushold|\n|teampreview\n|\n|t:|1697796437\n|start\n|switch|p1a: Kyogre|Kyogre|100\/100\n|switch|p2a: Faye|Ribombee, M|100\/100\n|-weather|RainDance|[from] ability: Drizzle|[of] p1a: Kyogre\n|turn|1\n|\n|t:|1697796445\n|-terastallize|p1a: Kyogre|Water\n|move|p1a: Kyogre|Water Spout|p2a: Faye\n|-enditem|p2a: Faye|Focus Sash\n|-damage|p2a: Faye|1\/100\n|move|p2a: Faye|Sticky Web|p1a: Kyogre\n|-sidestart|p1: antiatomico|move: Sticky Web\n|\n|-weather|RainDance|[upkeep]\n|upkeep\n|turn|2\n|\n|t:|1697796455\n|move|p1a: Kyogre|Water Spout|p2a: Faye\n|-crit|p2a: Faye\n|-damage|p2a: Faye|0 fnt\n|faint|p2a: Faye\n|\n|-weather|RainDance|[upkeep]\n|upkeep\n|\n|t:|1697796459\n|switch|p2a: Majora|Ogerpon-Wellspring, F|100\/100\n|turn|3\n|\n|t:|1697796489\n|switch|p1a: Kyogre|Kyogre|100\/100\n|-activate|p1a: Kyogre|move: Sticky Web\n|-unboost|p1a: Kyogre|spe|1\n|move|p2a: Majora|Swords Dance|p2a: Majora\n|-boost|p2a: Majora|atk|2\n|\n|-weather|RainDance|[upkeep]\n|upkeep\n|turn|4\n|\n|t:|1697796498\n|move|p2a: Majora|Horn Leech|p1a: Kyogre\n|-supereffective|p1a: Kyogre\n|-damage|p1a: Kyogre|0 fnt\n|faint|p1a: Kyogre\n|\n|-weather|RainDance|[upkeep]\n|upkeep\n|\n|t:|1697796504\n|switch|p1a: Kyogre|Kyogre|100\/100\n|-activate|p1a: Kyogre|move: Sticky Web\n|-unboost|p1a: Kyogre|spe|1\n|turn|5\n|\n|t:|1697796511\n|move|p2a: Majora|Horn Leech|p1a: Kyogre\n|-supereffective|p1a: Kyogre\n|-damage|p1a: Kyogre|0 fnt\n|faint|p1a: Kyogre\n|\n|-weather|none\n|upkeep\n|\n|t:|1697796517\n|switch|p1a: Calyrex|Calyrex-Shadow|100\/100\n|-ability|p1a: Calyrex|As One\n|-ability|p1a: Calyrex|Unnerve\n|turn|6\n|\n|t:|1697796524\n|move|p1a: Calyrex|Astral Barrage|p2a: Majora\n|-damage|p2a: Majora|12\/100\n|move|p2a: Majora|Ivy Cudgel|p1a: Calyrex\n|-damage|p1a: Calyrex|0 fnt\n|faint|p1a: Calyrex\n|\n|upkeep\n|\n|t:|1697796533\n|switch|p1a: Kyogre|Kyogre|100\/100\n|-activate|p1a: Kyogre|move: Sticky Web\n|-unboost|p1a: Kyogre|spe|1\n|-weather|RainDance|[from] ability: Drizzle|[of] p1a: Kyogre\n|turn|7\n|\n|t:|1697796544\n|move|p2a: Majora|Horn Leech|p1a: Kyogre\n|-supereffective|p1a: Kyogre\n|-damage|p1a: Kyogre|0 fnt\n|-heal|p2a: Majora|69\/100|[from] drain|[of] p1a: Kyogre\n|faint|p1a: Kyogre\n|\n|-weather|RainDance|[upkeep]\n|upkeep\n|\n|t:|1697796552\n|switch|p1a: Kyogre|Kyogre|100\/100\n|-activate|p1a: Kyogre|move: Sticky Web\n|-unboost|p1a: Kyogre|spe|1\n|turn|8\n|\n|t:|1697796557\n|move|p2a: Majora|Horn Leech|p1a: Kyogre\n|-supereffective|p1a: Kyogre\n|-damage|p1a: Kyogre|0 fnt\n|-heal|p2a: Majora|100\/100|[from] drain|[of] p1a: Kyogre\n|faint|p1a: Kyogre\n|\n|-weather|RainDance|[upkeep]\n|upkeep\n|c|\u2606antiatomico|GG bro\n|\n|t:|1697796573\n|switch|p1a: Kyogre|Kyogre, tera:Water|100\/100\n|-activate|p1a: Kyogre|move: Sticky Web\n|-unboost|p1a: Kyogre|spe|1\n|turn|9\n|c|\u2606Shadowkipz13|Gg m8\n|\n|t:|1697796584\n|move|p2a: Majora|Horn Leech|p1a: Kyogre\n|-supereffective|p1a: Kyogre\n|-damage|p1a: Kyogre|0 fnt\n|faint|p1a: Kyogre\n|\n|win|Shadowkipz13\n|raw|antiatomico's rating: 1248 &rarr; <strong>1224<\/strong><br \/>(-24 for losing)\n|raw|Shadowkipz13's rating: 1255 &rarr; <strong>1279<\/strong><br \/>(+24 for winning)\n","uploadtime":1697796593,"views":10,"p1id":"antiatomico","p2id":"shadowkipz13","formatid":"gen9anythinggoes","rating":1224,"private":0,"password":""}