{"id":"gen9anythinggoes-1978689341","p1":"Densetsunoriig","p2":"DonaldDuck999","format":"[Gen 9] Anything Goes","log":"|j|\u2606Densetsunoriig\n|j|\u2606DonaldDuck999\n|t:|1698581915\n|gametype|singles\n|player|p1|Densetsunoriig|brycenman|1111\n|player|p2|DonaldDuck999|pokekid|1264\n|teamsize|p1|6\n|teamsize|p2|5\n|gen|9\n|tier|[Gen 9] Anything Goes\n|rated|\n|rule|HP Percentage Mod: HP is shown in percentages\n|rule|Endless Battle Clause: Forcing endless battles is banned\n|clearpoke\n|poke|p1|Gliscor, F|\n|poke|p1|Glimmora, F|\n|poke|p1|Hatterene, F|\n|poke|p1|Corviknight, M|\n|poke|p1|Iron Moth|\n|poke|p1|Ting-Lu|\n|poke|p2|Quaquaval, M|\n|poke|p2|Drifblim, M|\n|poke|p2|Palafin, M|\n|poke|p2|Cloyster, M|\n|poke|p2|Vivillon-Tundra, M|\n|teampreview\n|inactive|Battle timer is ON: inactive players will automatically lose when time's up. (requested by DonaldDuck999)\n|\n|t:|1698581931\n|start\n|switch|p1a: Glimmora|Glimmora, F|100\/100\n|switch|p2a: Vivillon|Vivillon-Tundra, M, shiny|100\/100\n|turn|1\n|\n|t:|1698581937\n|move|p2a: Vivillon|Tailwind|p2a: Vivillon\n|-sidestart|p2: DonaldDuck999|move: Tailwind\n|move|p1a: Glimmora|Stealth Rock|p2a: Vivillon\n|-sidestart|p2: DonaldDuck999|move: Stealth Rock\n|\n|upkeep\n|turn|2\n|\n|t:|1698581942\n|move|p2a: Vivillon|Sleep Powder|p1a: Glimmora\n|-status|p1a: Glimmora|slp|[from] move: Sleep Powder\n|cant|p1a: Glimmora|slp\n|\n|upkeep\n|turn|3\n|\n|t:|1698581950\n|move|p2a: Vivillon|U-turn|p1a: Glimmora\n|-resisted|p1a: Glimmora\n|-crit|p1a: Glimmora\n|-damage|p1a: Glimmora|92\/100 slp\n|-activate|p1a: Glimmora|ability: Toxic Debris\n|-sidestart|p2: DonaldDuck999|move: Toxic Spikes\n|\n|t:|1698581955\n|switch|p2a: Bob|Drifblim, M|100\/100|[from] U-turn\n|-damage|p2a: Bob|76\/100|[from] Stealth Rock\n|-curestatus|p1a: Glimmora|slp|[msg]\n|move|p1a: Glimmora|Spikes|p2a: Bob\n|-sidestart|p2: DonaldDuck999|Spikes\n|\n|upkeep\n|turn|4\n|\n|t:|1698581965\n|move|p2a: Bob|Substitute|p2a: Bob\n|-start|p2a: Bob|Substitute\n|-damage|p2a: Bob|51\/100\n|move|p1a: Glimmora|Spikes|p2a: Bob\n|-sidestart|p2: DonaldDuck999|Spikes\n|\n|-sideend|p2: DonaldDuck999|move: Tailwind\n|upkeep\n|turn|5\n|\n|t:|1698581975\n|move|p1a: Glimmora|Spikes|p2a: Bob\n|-sidestart|p2: DonaldDuck999|Spikes\n|move|p2a: Bob|Minimize|p2a: Bob\n|-boost|p2a: Bob|evasion|2\n|\n|upkeep\n|turn|6\n|\n|t:|1698582004\n|switch|p1a: Hatterene|Hatterene, F|100\/100\n|move|p2a: Bob|Minimize|p2a: Bob\n|-boost|p2a: Bob|evasion|2\n|\n|upkeep\n|turn|7\n|\n|t:|1698582014\n|move|p1a: Hatterene|Draining Kiss|p2a: Bob|[miss]\n|-miss|p1a: Hatterene|p2a: Bob\n|move|p2a: Bob|Baton Pass|p2a: Bob\n|\n|t:|1698582025\n|switch|p2a: Zesty|Quaquaval, M, shiny|100\/100|[from] Baton Pass\n|-damage|p2a: Zesty|94\/100|[from] Stealth Rock\n|-status|p2a: Zesty|psn\n|-damage|p2a: Zesty|70\/100 psn|[from] Spikes\n|\n|-damage|p2a: Zesty|57\/100 psn|[from] psn\n|upkeep\n|turn|8\n|\n|t:|1698582032\n|move|p2a: Zesty|Aqua Step|p1a: Hatterene\n|-damage|p1a: Hatterene|42\/100\n|-boost|p2a: Zesty|spe|1\n|move|p1a: Hatterene|Giga Drain|p2a: Zesty|[miss]\n|-miss|p1a: Hatterene|p2a: Zesty\n|\n|-damage|p2a: Zesty|45\/100 psn|[from] psn\n|upkeep\n|turn|9\n|\n|t:|1698582045\n|move|p2a: Zesty|Aqua Step|p1a: Hatterene\n|-damage|p1a: Hatterene|0 fnt\n|-boost|p2a: Zesty|spe|1\n|faint|p1a: Hatterene\n|-ability|p2a: Zesty|Moxie|boost\n|-boost|p2a: Zesty|atk|1\n|\n|-damage|p2a: Zesty|33\/100 psn|[from] psn\n|upkeep\n|\n|t:|1698582050\n|switch|p1a: Glimmora|Glimmora, F|92\/100\n|turn|10\n|\n|t:|1698582055\n|move|p2a: Zesty|Aqua Step|p1a: Glimmora\n|-supereffective|p1a: Glimmora\n|-damage|p1a: Glimmora|0 fnt\n|-boost|p2a: Zesty|spe|1\n|-activate|p1a: Glimmora|ability: Toxic Debris\n|-sidestart|p2: DonaldDuck999|move: Toxic Spikes\n|faint|p1a: Glimmora\n|-ability|p2a: Zesty|Moxie|boost\n|-boost|p2a: Zesty|atk|1\n|\n|-damage|p2a: Zesty|21\/100 psn|[from] psn\n|upkeep\n|\n|t:|1698582066\n|switch|p1a: Corviknight|Corviknight, M|100\/100\n|-ability|p1a: Corviknight|Pressure\n|turn|11\n|\n|t:|1698582071\n|move|p2a: Zesty|Aqua Step|p1a: Corviknight\n|-damage|p1a: Corviknight|50\/100\n|-boost|p2a: Zesty|spe|1\n|-damage|p2a: Zesty|4\/100 psn|[from] item: Rocky Helmet|[of] p1a: Corviknight\n|move|p1a: Corviknight|Iron Defense|p1a: Corviknight\n|-boost|p1a: Corviknight|def|2\n|\n|-damage|p2a: Zesty|0 fnt|[from] psn\n|faint|p2a: Zesty\n|upkeep\n|\n|t:|1698582079\n|switch|p2a: Vivillon|Vivillon-Tundra, M, shiny|100\/100\n|-damage|p2a: Vivillon|51\/100|[from] Stealth Rock\n|turn|12\n|\n|t:|1698582090\n|move|p2a: Vivillon|Sleep Powder|p1a: Corviknight\n|-status|p1a: Corviknight|slp|[from] move: Sleep Powder\n|cant|p1a: Corviknight|slp\n|\n|-heal|p2a: Vivillon|57\/100|[from] item: Leftovers\n|upkeep\n|turn|13\n|\n|t:|1698582101\n|move|p2a: Vivillon|U-turn|p1a: Corviknight\n|-resisted|p1a: Corviknight\n|-damage|p1a: Corviknight|49\/100 slp\n|-damage|p2a: Vivillon|40\/100|[from] item: Rocky Helmet|[of] p1a: Corviknight\n|\n|t:|1698582105\n|switch|p2a: Cloyster|Cloyster, M|100\/100|[from] U-turn\n|-damage|p2a: Cloyster|76\/100|[from] Stealth Rock\n|-status|p2a: Cloyster|tox\n|-damage|p2a: Cloyster|51\/100 tox|[from] Spikes\n|-curestatus|p1a: Corviknight|slp|[msg]\n|move|p1a: Corviknight|Roost|p1a: Corviknight\n|-heal|p1a: Corviknight|99\/100\n|-singleturn|p1a: Corviknight|move: Roost\n|\n|-damage|p2a: Cloyster|44\/100 tox|[from] psn\n|upkeep\n|turn|14\n|\n|t:|1698582117\n|move|p2a: Cloyster|Shell Smash|p2a: Cloyster\n|-unboost|p2a: Cloyster|def|1\n|-unboost|p2a: Cloyster|spd|1\n|-boost|p2a: Cloyster|atk|2\n|-boost|p2a: Cloyster|spa|2\n|-boost|p2a: Cloyster|spe|2\n|move|p1a: Corviknight|Iron Defense|p1a: Corviknight\n|-boost|p1a: Corviknight|def|2\n|\n|-damage|p2a: Cloyster|32\/100 tox|[from] psn\n|upkeep\n|turn|15\n|\n|t:|1698582128\n|move|p2a: Cloyster|Rock Blast|p1a: Corviknight\n|-damage|p1a: Corviknight|96\/100\n|-damage|p1a: Corviknight|93\/100\n|-damage|p1a: Corviknight|89\/100\n|-damage|p1a: Corviknight|86\/100\n|-damage|p1a: Corviknight|83\/100\n|-hitcount|p1a: Corviknight|5\n|move|p1a: Corviknight|Body Press|p2a: Cloyster\n|-supereffective|p2a: Cloyster\n|-damage|p2a: Cloyster|0 fnt\n|faint|p2a: Cloyster\n|\n|upkeep\n|\n|t:|1698582134\n|switch|p2a: Bob|Drifblim, M|51\/100\n|-damage|p2a: Bob|26\/100|[from] Stealth Rock\n|turn|16\n|\n|t:|1698582148\n|move|p1a: Corviknight|Body Press|p2a: Bob\n|-immune|p2a: Bob\n|move|p2a: Bob|Hypnosis|p1a: Corviknight\n|-status|p1a: Corviknight|slp|[from] move: Hypnosis\n|\n|upkeep\n|turn|17\n|\n|t:|1698582158\n|cant|p1a: Corviknight|slp\n|move|p2a: Bob|Minimize|p2a: Bob\n|-boost|p2a: Bob|evasion|2\n|\n|upkeep\n|turn|18\n|\n|t:|1698582164\n|cant|p1a: Corviknight|slp\n|move|p2a: Bob|Minimize|p2a: Bob\n|-boost|p2a: Bob|evasion|2\n|\n|upkeep\n|turn|19\n|\n|t:|1698582169\n|-curestatus|p1a: Corviknight|slp|[msg]\n|move|p1a: Corviknight|Iron Defense|p1a: Corviknight\n|-boost|p1a: Corviknight|def|2\n|move|p2a: Bob|Minimize|p2a: Bob\n|-boost|p2a: Bob|evasion|2\n|\n|upkeep\n|turn|20\n|\n|t:|1698582177\n|move|p1a: Corviknight|Hurricane|p2a: Bob\n|-damage|p2a: Bob|10\/100\n|-start|p2a: Bob|confusion\n|-activate|p2a: Bob|confusion\n|move|p2a: Bob|Hypnosis|p1a: Corviknight\n|-status|p1a: Corviknight|slp|[from] move: Hypnosis\n|\n|upkeep\n|turn|21\n|\n|t:|1698582190\n|cant|p1a: Corviknight|slp\n|-activate|p2a: Bob|confusion\n|move|p2a: Bob|Baton Pass|p2a: Bob\n|\n|t:|1698582194\n|switch|p2a: Palafin|Palafin, M|100\/100|[from] Baton Pass\n|-damage|p2a: Palafin|88\/100|[from] Stealth Rock\n|-status|p2a: Palafin|tox\n|-damage|p2a: Palafin|63\/100 tox|[from] Spikes\n|\n|-damage|p2a: Palafin|57\/100 tox|[from] psn\n|upkeep\n|turn|22\n|\n|t:|1698582205\n|-activate|p2a: Palafin|confusion\n|move|p2a: Palafin|Jet Punch|p1a: Corviknight\n|-damage|p1a: Corviknight|79\/100 slp\n|-damage|p2a: Palafin|41\/100 tox|[from] item: Rocky Helmet|[of] p1a: Corviknight\n|cant|p1a: Corviknight|slp\n|\n|-damage|p2a: Palafin|28\/100 tox|[from] psn\n|upkeep\n|turn|23\n|\n|t:|1698582213\n|-end|p2a: Palafin|confusion\n|move|p2a: Palafin|Drain Punch|p1a: Corviknight\n|-damage|p1a: Corviknight|77\/100 slp\n|-heal|p2a: Palafin|30\/100 tox|[from] drain|[of] p1a: Corviknight\n|-damage|p2a: Palafin|14\/100 tox|[from] item: Rocky Helmet|[of] p1a: Corviknight\n|-curestatus|p1a: Corviknight|slp|[msg]\n|move|p1a: Corviknight|Body Press|p2a: Palafin|[miss]\n|-miss|p1a: Corviknight|p2a: Palafin\n|\n|-damage|p2a: Palafin|0 fnt|[from] psn\n|faint|p2a: Palafin\n|upkeep\n|\n|t:|1698582227\n|switch|p2a: Vivillon|Vivillon-Tundra, M, shiny|40\/100\n|-damage|p2a: Vivillon|0 fnt|[from] Stealth Rock\n|faint|p2a: Vivillon\n|\n|t:|1698582229\n|switch|p2a: Bob|Drifblim, M|10\/100\n|-damage|p2a: Bob|0 fnt|[from] Stealth Rock\n|faint|p2a: Bob\n|\n|win|Densetsunoriig\n|raw|Densetsunoriig's rating: 1111 &rarr; <strong>1146<\/strong><br \/>(+35 for winning)\n|raw|DonaldDuck999's rating: 1264 &rarr; <strong>1229<\/strong><br \/>(-35 for losing)\n|l|\u2606DonaldDuck999\n","uploadtime":1698582241,"views":8,"p1id":"densetsunoriig","p2id":"donaldduck999","formatid":"gen9anythinggoes","rating":1146,"private":0,"password":""}