{"id":"gen9anythinggoes-1975476475","p1":"Nasty N","p2":"monkeybicycle","format":"[Gen 9] Anything Goes","log":"|j|\u2606Nasty N\n|j|\u2606monkeybicycle\n|t:|1698195450\n|gametype|singles\n|player|p1|Nasty N|n|1263\n|player|p2|monkeybicycle|skyla|1306\n|teamsize|p1|6\n|teamsize|p2|6\n|gen|9\n|tier|[Gen 9] Anything Goes\n|rated|\n|rule|HP Percentage Mod: HP is shown in percentages\n|rule|Endless Battle Clause: Forcing endless battles is banned\n|clearpoke\n|poke|p1|Pawmot, M|\n|poke|p1|Pawmot, F|\n|poke|p1|Pawmot, M|\n|poke|p1|Pawmot, F|\n|poke|p1|Basculegion, M|\n|poke|p1|Mandibuzz, F|\n|poke|p2|Annihilape, F|\n|poke|p2|Flutter Mane|\n|poke|p2|Zoroark-Hisui, M|\n|poke|p2|Houndstone, F|\n|poke|p2|Basculegion, M|\n|poke|p2|Dragapult, F|\n|teampreview\n|inactive|Battle timer is ON: inactive players will automatically lose when time's up. (requested by monkeybicycle)\n|inactive|Nasty N also wants the timer to be on.\n|\n|t:|1698195461\n|start\n|switch|p1a: Basculegion|Basculegion, M, shiny|100\/100\n|switch|p2a: Annihilape|Annihilape, F|100\/100\n|turn|1\n|\n|t:|1698195464\n|move|p1a: Basculegion|Wave Crash|p2a: Annihilape\n|-damage|p2a: Annihilape|27\/100\n|-damage|p1a: Basculegion|73\/100|[from] Recoil\n|move|p2a: Annihilape|Rage Fist|p1a: Basculegion\n|-supereffective|p1a: Basculegion\n|-damage|p1a: Basculegion|0 fnt\n|faint|p1a: Basculegion\n|\n|upkeep\n|\n|t:|1698195473\n|switch|p1a: Pawmot|Pawmot, F|100\/100\n|turn|2\n|\n|t:|1698195476\n|move|p1a: Pawmot|Double Shock|p2a: Annihilape\n|-damage|p2a: Annihilape|0 fnt\n|-start|p1a: Pawmot|typechange|???\/Fighting|[from] move: Double Shock\n|faint|p2a: Annihilape\n|\n|upkeep\n|\n|t:|1698195482\n|switch|p2a: Flutter Mane|Flutter Mane|100\/100\n|-enditem|p2a: Flutter Mane|Booster Energy\n|-activate|p2a: Flutter Mane|ability: Protosynthesis|[fromitem]\n|-start|p2a: Flutter Mane|protosynthesisspe\n|turn|3\n|\n|t:|1698195492\n|move|p2a: Flutter Mane|Dazzling Gleam|p1a: Pawmot\n|-supereffective|p1a: Pawmot\n|-enditem|p1a: Pawmot|Focus Sash\n|-damage|p1a: Pawmot|1\/100\n|move|p1a: Pawmot|Revival Blessing|p1a: Pawmot\n|\n|t:|1698195497\n|-heal|p1: Basculegion|50\/100|[from] move: Revival Blessing\n|\n|upkeep\n|turn|4\n|\n|t:|1698195502\n|move|p2a: Flutter Mane|Dazzling Gleam|p1a: Pawmot\n|-supereffective|p1a: Pawmot\n|-damage|p1a: Pawmot|0 fnt\n|faint|p1a: Pawmot\n|\n|upkeep\n|\n|t:|1698195515\n|switch|p1a: Pawmot|Pawmot, M|100\/100\n|turn|5\n|\n|t:|1698195518\n|move|p2a: Flutter Mane|Dazzling Gleam|p1a: Pawmot\n|-supereffective|p1a: Pawmot\n|-crit|p1a: Pawmot\n|-enditem|p1a: Pawmot|Focus Sash\n|-damage|p1a: Pawmot|1\/100\n|move|p1a: Pawmot|Double Shock|p2a: Flutter Mane\n|-damage|p2a: Flutter Mane|0 fnt\n|-start|p1a: Pawmot|typechange|???\/Fighting|[from] move: Double Shock\n|faint|p2a: Flutter Mane\n|-end|p2a: Flutter Mane|Protosynthesis|[silent]\n|\n|upkeep\n|\n|t:|1698195521\n|switch|p2a: Dragapult|Dragapult, F|100\/100\n|turn|6\n|\n|t:|1698195533\n|move|p2a: Dragapult|Dragon Darts|p1a: Pawmot\n|-damage|p1a: Pawmot|0 fnt\n|faint|p1a: Pawmot\n|-damage|p2a: Dragapult|91\/100|[from] item: Life Orb\n|\n|upkeep\n|\n|t:|1698195537\n|switch|p1a: Basculegion|Basculegion, M, shiny|50\/100\n|turn|7\n|\n|t:|1698195544\n|move|p2a: Dragapult|Sucker Punch|p1a: Basculegion\n|-supereffective|p1a: Basculegion\n|-damage|p1a: Basculegion|0 fnt\n|faint|p1a: Basculegion\n|-damage|p2a: Dragapult|81\/100|[from] item: Life Orb\n|\n|upkeep\n|\n|t:|1698195553\n|switch|p1a: Mandibuzz|Mandibuzz, F|100\/100\n|turn|8\n|\n|t:|1698195558\n|move|p2a: Dragapult|Dragon Darts|p1a: Mandibuzz\n|-damage|p1a: Mandibuzz|83\/100\n|-anim|p2a: Dragapult|Dragon Darts|p1a: Mandibuzz\n|-damage|p1a: Mandibuzz|64\/100\n|-damage|p2a: Dragapult|71\/100|[from] item: Life Orb\n|move|p1a: Mandibuzz|Knock Off|p2a: Dragapult\n|-supereffective|p2a: Dragapult\n|-damage|p2a: Dragapult|1\/100\n|-enditem|p2a: Dragapult|Life Orb|[from] move: Knock Off|[of] p1a: Mandibuzz\n|\n|upkeep\n|turn|9\n|\n|t:|1698195572\n|switch|p2a: Houndstone|Houndstone, F|100\/100\n|move|p1a: Mandibuzz|Knock Off|p2a: Houndstone\n|-supereffective|p2a: Houndstone\n|-damage|p2a: Houndstone|74\/100\n|-enditem|p2a: Houndstone|Choice Scarf|[from] move: Knock Off|[of] p1a: Mandibuzz\n|\n|upkeep\n|turn|10\n|\n|t:|1698195579\n|move|p2a: Houndstone|Play Rough|p1a: Mandibuzz\n|-supereffective|p1a: Mandibuzz\n|-damage|p1a: Mandibuzz|36\/100\n|-unboost|p1a: Mandibuzz|atk|1\n|move|p1a: Mandibuzz|Toxic|p2a: Houndstone\n|-status|p2a: Houndstone|tox\n|\n|-damage|p2a: Houndstone|68\/100 tox|[from] psn\n|upkeep\n|turn|11\n|\n|t:|1698195591\n|move|p2a: Houndstone|Play Rough|p1a: Mandibuzz|[miss]\n|-miss|p2a: Houndstone|p1a: Mandibuzz\n|move|p1a: Mandibuzz|Knock Off|p2a: Houndstone\n|-supereffective|p2a: Houndstone\n|-damage|p2a: Houndstone|54\/100 tox\n|\n|-damage|p2a: Houndstone|42\/100 tox|[from] psn\n|upkeep\n|turn|12\n|\n|t:|1698195603\n|move|p2a: Houndstone|Play Rough|p1a: Mandibuzz\n|-supereffective|p1a: Mandibuzz\n|-damage|p1a: Mandibuzz|9\/100\n|move|p1a: Mandibuzz|Tailwind|p1a: Mandibuzz\n|-sidestart|p1: Nasty N|move: Tailwind\n|\n|-damage|p2a: Houndstone|24\/100 tox|[from] psn\n|upkeep\n|turn|13\n|\n|t:|1698195608\n|move|p1a: Mandibuzz|Knock Off|p2a: Houndstone\n|-supereffective|p2a: Houndstone\n|-damage|p2a: Houndstone|12\/100 tox\n|move|p2a: Houndstone|Play Rough|p1a: Mandibuzz\n|-supereffective|p1a: Mandibuzz\n|-damage|p1a: Mandibuzz|0 fnt\n|faint|p1a: Mandibuzz\n|\n|-damage|p2a: Houndstone|0 fnt|[from] psn\n|faint|p2a: Houndstone\n|upkeep\n|\n|t:|1698195612\n|switch|p2a: Basculegion|Basculegion, M|100\/100\n|switch|p1a: Pawmot|Pawmot, M|100\/100\n|turn|14\n|\n|t:|1698195615\n|move|p1a: Pawmot|Double Shock|p2a: Basculegion\n|-damage|p2a: Basculegion|0 fnt\n|-start|p1a: Pawmot|typechange|???\/Fighting|[from] move: Double Shock\n|replace|p2a: Zoroark|Zoroark-Hisui, M\n|-end|p2a: Zoroark|Illusion\n|faint|p2a: Zoroark\n|\n|upkeep\n|\n|t:|1698195619\n|switch|p2a: Dragapult|Dragapult, F|1\/100\n|turn|15\n|\n|t:|1698195623\n|move|p1a: Pawmot|Revival Blessing|p1a: Pawmot\n|\n|t:|1698195634\n|-heal|p1: Basculegion|50\/100|[from] move: Revival Blessing\n|move|p2a: Dragapult|Dragon Darts|p1a: Pawmot\n|-damage|p1a: Pawmot|57\/100\n|-anim|p2a: Dragapult|Dragon Darts|p1a: Pawmot\n|-damage|p1a: Pawmot|20\/100\n|\n|-sideend|p1: Nasty N|move: Tailwind\n|upkeep\n|turn|16\n|\n|t:|1698195641\n|move|p2a: Dragapult|Sucker Punch||[still]\n|-fail|p2a: Dragapult\n|move|p1a: Pawmot|Wish|p1a: Pawmot\n|\n|upkeep\n|turn|17\n|\n|t:|1698195661\n|-terastallize|p1a: Pawmot|Electric\n|move|p2a: Dragapult|Dragon Darts|p1a: Pawmot\n|-damage|p1a: Pawmot|0 fnt\n|faint|p1a: Pawmot\n|\n|upkeep\n|\n|t:|1698195664\n|switch|p1a: Pawmot|Pawmot, F|100\/100\n|turn|18\n|\n|t:|1698195670\n|move|p2a: Dragapult|U-turn|p1a: Pawmot\n|-resisted|p1a: Pawmot\n|-damage|p1a: Pawmot|82\/100\n|\n|t:|1698195672\n|switch|p2a: Basculegion|Basculegion, M|100\/100|[from] U-turn\n|move|p1a: Pawmot|Revival Blessing|p1a: Pawmot\n|\n|t:|1698195676\n|-heal|p1: Mandibuzz|50\/100|[from] move: Revival Blessing\n|\n|upkeep\n|turn|19\n|\n|t:|1698195682\n|move|p1a: Pawmot|Double Shock|p2a: Basculegion\n|-supereffective|p2a: Basculegion\n|-crit|p2a: Basculegion\n|-damage|p2a: Basculegion|0 fnt\n|-start|p1a: Pawmot|typechange|???\/Fighting|[from] move: Double Shock\n|faint|p2a: Basculegion\n|\n|upkeep\n|\n|t:|1698195685\n|switch|p2a: Dragapult|Dragapult, F|1\/100\n|turn|20\n|\n|t:|1698195689\n|-terastallize|p2a: Dragapult|Dragon\n|move|p2a: Dragapult|Dragon Darts|p1a: Pawmot\n|-damage|p1a: Pawmot|31\/100\n|-anim|p2a: Dragapult|Dragon Darts|p1a: Pawmot\n|-damage|p1a: Pawmot|0 fnt\n|faint|p1a: Pawmot\n|\n|upkeep\n|\n|t:|1698195693\n|switch|p1a: Mandibuzz|Mandibuzz, F|50\/100\n|turn|21\n|\n|t:|1698195698\n|move|p2a: Dragapult|Dragon Darts|p1a: Mandibuzz\n|-damage|p1a: Mandibuzz|30\/100\n|-anim|p2a: Dragapult|Dragon Darts|p1a: Mandibuzz\n|-damage|p1a: Mandibuzz|10\/100\n|move|p1a: Mandibuzz|Knock Off|p2a: Dragapult\n|-damage|p2a: Dragapult|0 fnt\n|faint|p2a: Dragapult\n|\n|win|Nasty N\n|raw|Nasty N's rating: 1263 &rarr; <strong>1291<\/strong><br \/>(+28 for winning)\n|raw|monkeybicycle's rating: 1306 &rarr; <strong>1284<\/strong><br \/>(-22 for losing)\n","uploadtime":1698195702,"views":8,"p1id":"nastyn","p2id":"monkeybicycle","formatid":"gen9anythinggoes","rating":1284,"private":0,"password":""}