{"id":"gen9anythinggoes-1979730711","p1":"jgjvg","p2":"yorkanimations","format":"[Gen 9] Anything Goes","log":"|j|\u2606jgjvg\n|j|\u2606yorkanimations\n|t:|1698707429\n|gametype|singles\n|player|p1|jgjvg|veteran|1000\n|player|p2|yorkanimations|101|1004\n|teamsize|p1|1\n|teamsize|p2|6\n|gen|9\n|tier|[Gen 9] Anything Goes\n|rated|\n|rule|HP Percentage Mod: HP is shown in percentages\n|rule|Endless Battle Clause: Forcing endless battles is banned\n|clearpoke\n|poke|p1|Furret, F|\n|poke|p2|Maushold-Four|\n|poke|p2|Maushold-Four|\n|poke|p2|Maushold-Four|\n|poke|p2|Maushold-Four|\n|poke|p2|Maushold-Four|\n|poke|p2|Maushold-Four|\n|teampreview\n|inactive|Battle timer is ON: inactive players will automatically lose when time's up. (requested by yorkanimations)\n|\n|t:|1698707433\n|start\n|switch|p1a: Furret|Furret, F|100\/100\n|switch|p2a: Maushold|Maushold-Four, shiny|100\/100\n|-item|p2a: Maushold|King's Rock|[from] ability: Frisk|[of] p1a: Furret|[identify]\n|turn|1\n|\n|t:|1698707440\n|move|p1a: Furret|Tidy Up|p1a: Furret\n|-boost|p1a: Furret|atk|1\n|-boost|p1a: Furret|spe|1\n|move|p2a: Maushold|Population Bomb|p1a: Furret\n|-damage|p1a: Furret|90\/100\n|-damage|p1a: Furret|79\/100\n|-damage|p1a: Furret|69\/100\n|-damage|p1a: Furret|59\/100\n|-damage|p1a: Furret|48\/100\n|-damage|p1a: Furret|37\/100\n|-hitcount|p1a: Furret|6\n|\n|upkeep\n|turn|2\n|\n|t:|1698707453\n|-terastallize|p1a: Furret|Normal\n|move|p1a: Furret|Last Resort|p2a: Maushold\n|-damage|p2a: Maushold|0 fnt\n|faint|p2a: Maushold\n|\n|upkeep\n|\n|t:|1698707462\n|switch|p2a: Maushold|Maushold-Four|100\/100\n|turn|3\n|\n|t:|1698707470\n|move|p1a: Furret|Last Resort|p2a: Maushold\n|-damage|p2a: Maushold|0 fnt\n|faint|p2a: Maushold\n|\n|upkeep\n|\n|t:|1698707474\n|switch|p2a: Maushold|Maushold-Four|100\/100\n|turn|4\n|\n|t:|1698707482\n|move|p1a: Furret|Last Resort|p2a: Maushold\n|-damage|p2a: Maushold|0 fnt\n|faint|p2a: Maushold\n|\n|upkeep\n|\n|t:|1698707489\n|switch|p2a: Maushold|Maushold-Four|100\/100\n|turn|5\n|\n|t:|1698707493\n|move|p1a: Furret|Last Resort|p2a: Maushold\n|-damage|p2a: Maushold|0 fnt\n|faint|p2a: Maushold\n|\n|upkeep\n|\n|t:|1698707497\n|switch|p2a: Maushold|Maushold-Four|100\/100\n|turn|6\n|\n|t:|1698707503\n|-terastallize|p2a: Maushold|Normal\n|move|p1a: Furret|Last Resort|p2a: Maushold\n|-damage|p2a: Maushold|0 fnt\n|faint|p2a: Maushold\n|\n|upkeep\n|\n|t:|1698707517\n|switch|p2a: Maushold|Maushold-Four|100\/100\n|turn|7\n|\n|t:|1698707523\n|move|p1a: Furret|Last Resort|p2a: Maushold\n|-damage|p2a: Maushold|0 fnt\n|faint|p2a: Maushold\n|\n|win|jgjvg\n|raw|jgjvg's rating: 1000 &rarr; <strong>1040<\/strong><br \/>(+40 for winning)\n|raw|yorkanimations's rating: 1004 &rarr; <strong>1000<\/strong><br \/>(-4 for losing)\n|l|\u2606yorkanimations\n","uploadtime":1698707530,"views":5,"p1id":"jgjvg","p2id":"yorkanimations","formatid":"gen9anythinggoes","rating":1000,"private":0,"password":""}