{"id":"gen9anythinggoes-1994198654","p1":"arkeis","p2":"Giga\u32dbChandelure-\u2602","format":"[Gen 9] Anything Goes","log":"|j|\u2606arkeis\n|j|\u2606Giga\u32dbChandelure-\u2602\n|inactive|Battle timer is ON: inactive players will automatically lose when time's up.\n|t:|1700418015\n|gametype|singles\n|player|p1|arkeis|drayden|\n|player|p2|Giga\u32dbChandelure-\u2602|skytrainer|\n|teamsize|p1|6\n|teamsize|p2|6\n|gen|9\n|tier|[Gen 9] Anything Goes\n|rated|Tournament battle\n|rule|HP Percentage Mod: HP is shown in percentages\n|rule|Endless Battle Clause: Forcing endless battles is banned\n|clearpoke\n|poke|p1|Regieleki|\n|poke|p1|Rayquaza|\n|poke|p1|Arceus|\n|poke|p1|Arceus-Dark|\n|poke|p1|Arceus-Poison|\n|poke|p1|Mimikyu, F|\n|poke|p2|Calyrex-Shadow|\n|poke|p2|Zamazenta-*|\n|poke|p2|Mew|\n|poke|p2|Alomomola, F|\n|poke|p2|Flutter Mane|\n|poke|p2|Flutter Mane|\n|teampreview\n|j|*Lady Monita \u2746\n|c|\u2606Giga\u32dbChandelure-\u2602|good luck & have fun!\n|\n|t:|1700418022\n|start\n|switch|p1a: Rayquaza|Rayquaza|100\/100\n|switch|p2a: Mew|Mew|100\/100\n|-ability|p1a: Rayquaza|Neutralizing Gas\n|turn|1\n|\n|t:|1700418028\n|move|p1a: Rayquaza|U-turn|p2a: Mew\n|-supereffective|p2a: Mew\n|-damage|p2a: Mew|48\/100\n|\n|t:|1700418033\n|-end|p1a: Rayquaza|ability: Neutralizing Gas\n|switch|p1a: Regieleki|Regieleki|100\/100|[from] U-turn\n|move|p2a: Mew|Stealth Rock|p1a: Regieleki\n|-sidestart|p1: arkeis|move: Stealth Rock\n|\n|-heal|p2a: Mew|54\/100|[from] item: Leftovers\n|upkeep\n|turn|2\n|\n|t:|1700418045\n|switch|p2a: Flutter Mane|Flutter Mane|100\/100\n|-ability|p2a: Flutter Mane|Neutralizing Gas\n|move|p1a: Regieleki|Thunderbolt|p2a: Flutter Mane\n|-damage|p2a: Flutter Mane|55\/100\n|\n|upkeep\n|turn|3\n|\n|t:|1700418058\n|move|p1a: Regieleki|Light Screen|p1a: Regieleki\n|-sidestart|p1: arkeis|move: Light Screen\n|move|p2a: Flutter Mane|Moonblast|p1a: Regieleki\n|-damage|p1a: Regieleki|25\/100\n|\n|upkeep\n|turn|4\n|\n|t:|1700418067\n|move|p1a: Regieleki|Volt Switch|p2a: Flutter Mane\n|-damage|p2a: Flutter Mane|22\/100\n|\n|t:|1700418079\n|switch|p1a: Arceus|Arceus-Poison|100\/100|[from] Volt Switch\n|-ability|p1a: Arceus|Neutralizing Gas\n|-damage|p1a: Arceus|88\/100|[from] Stealth Rock\n|move|p2a: Flutter Mane|Moonblast|p1a: Arceus\n|-resisted|p1a: Arceus\n|-damage|p1a: Arceus|76\/100\n|\n|-heal|p1a: Arceus|82\/100|[from] item: Black Sludge\n|upkeep\n|turn|5\n|\n|t:|1700418088\n|switch|p2a: Mew|Mew|54\/100\n|move|p1a: Arceus|Sludge Bomb|p2a: Mew\n|-damage|p2a: Mew|32\/100\n|\n|-heal|p1a: Arceus|89\/100|[from] item: Black Sludge\n|-heal|p2a: Mew|38\/100|[from] item: Leftovers\n|upkeep\n|turn|6\n|\n|t:|1700418099\n|move|p1a: Arceus|Will-O-Wisp|p2a: Mew\n|-status|p2a: Mew|brn\n|move|p2a: Mew|Spikes|p1a: Arceus\n|-sidestart|p1: arkeis|Spikes\n|\n|-heal|p1a: Arceus|95\/100|[from] item: Black Sludge\n|-heal|p2a: Mew|44\/100 brn|[from] item: Leftovers\n|-damage|p2a: Mew|38\/100 brn|[from] brn\n|upkeep\n|turn|7\n|\n|t:|1700418110\n|-end|p1a: Arceus|ability: Neutralizing Gas\n|switch|p1a: Arceus|Arceus|100\/100\n|-ability|p1a: Arceus|Neutralizing Gas\n|-damage|p1a: Arceus|88\/100|[from] Stealth Rock\n|-damage|p1a: Arceus|76\/100|[from] Spikes\n|switch|p2a: Calyrex|Calyrex-Shadow|100\/100\n|-ability|p2a: Calyrex|Neutralizing Gas\n|\n|upkeep\n|turn|8\n|inactive|Giga\u32dbChandelure-\u2602 has 120 seconds left.\n|\n|t:|1700418147\n|switch|p2a: Alomomola|Alomomola, F|100\/100\n|move|p1a: Arceus|Shadow Claw|p2a: Alomomola\n|-damage|p2a: Alomomola|83\/100\n|-damage|p1a: Arceus|66\/100|[from] item: Life Orb\n|\n|upkeep\n|turn|9\n|inactive|Giga\u32dbChandelure-\u2602 has 120 seconds left.\n|\n|t:|1700418155\n|move|p1a: Arceus|Swords Dance|p1a: Arceus\n|-boost|p1a: Arceus|atk|2\n|move|p2a: Alomomola|Wish|p2a: Alomomola\n|\n|upkeep\n|turn|10\n|\n|t:|1700418171\n|move|p1a: Arceus|Swords Dance|p1a: Arceus\n|-boost|p1a: Arceus|atk|2\n|move|p2a: Alomomola|Flip Turn|p1a: Arceus\n|-damage|p1a: Arceus|56\/100\n|\n|t:|1700418176\n|switch|p2a: Flutter Mane|Flutter Mane|22\/100|[from] Flip Turn\n|-ability|p2a: Flutter Mane|Neutralizing Gas\n|\n|-heal|p2a: Flutter Mane|100\/100|[from] move: Wish|[wisher] Alomomola\n|-sideend|p1: arkeis|move: Light Screen\n|upkeep\n|turn|11\n|\n|t:|1700418184\n|move|p2a: Flutter Mane|Moonblast|p1a: Arceus\n|-damage|p1a: Arceus|7\/100\n|move|p1a: Arceus|Recover|p1a: Arceus\n|-heal|p1a: Arceus|57\/100\n|\n|upkeep\n|turn|12\n|\n|t:|1700418195\n|move|p2a: Flutter Mane|Moonblast|p1a: Arceus\n|-damage|p1a: Arceus|7\/100\n|move|p1a: Arceus|Recover|p1a: Arceus\n|-heal|p1a: Arceus|57\/100\n|\n|upkeep\n|turn|13\n|\n|t:|1700418202\n|move|p2a: Flutter Mane|Moonblast|p1a: Arceus\n|-damage|p1a: Arceus|6\/100\n|move|p1a: Arceus|Shadow Claw|p2a: Flutter Mane\n|-supereffective|p2a: Flutter Mane\n|-damage|p2a: Flutter Mane|0 fnt\n|faint|p2a: Flutter Mane\n|-damage|p1a: Arceus|0 fnt|[from] item: Life Orb\n|faint|p1a: Arceus\n|-end|p1a: Arceus|ability: Neutralizing Gas\n|\n|upkeep\n|\n|t:|1700418209\n|switch|p2a: Zamazenta|Zamazenta|100\/100\n|switch|p1a: Rayquaza|Rayquaza|100\/100\n|-ability|p1a: Rayquaza|Neutralizing Gas\n|-ability|p2a: Zamazenta|Comatose\n|-damage|p1a: Rayquaza|76\/100|[from] Stealth Rock\n|turn|14\n|\n|t:|1700418220\n|-terastallize|p1a: Rayquaza|Steel\n|move|p2a: Zamazenta|Sleep Talk|p2a: Zamazenta\n|move|p2a: Zamazenta|Roar|p1a: Rayquaza|[from]move: Sleep Talk\n|-end|p1a: Rayquaza|ability: Neutralizing Gas\n|drag|p1a: Mimikyu|Mimikyu, F|100\/100\n|-damage|p1a: Mimikyu|88\/100|[from] Stealth Rock\n|-damage|p1a: Mimikyu|76\/100|[from] Spikes\n|\n|upkeep\n|turn|15\n|\n|t:|1700418233\n|move|p1a: Mimikyu|Shadow Sneak|p2a: Zamazenta\n|-damage|p2a: Zamazenta|82\/100\n|-damage|p1a: Mimikyu|66\/100|[from] item: Life Orb\n|move|p2a: Zamazenta|Sleep Talk|p2a: Zamazenta\n|move|p2a: Zamazenta|Roar|p1a: Mimikyu|[from]move: Sleep Talk\n|drag|p1a: Rayquaza|Rayquaza, tera:Steel|76\/100\n|-ability|p1a: Rayquaza|Neutralizing Gas\n|-damage|p1a: Rayquaza|70\/100|[from] Stealth Rock\n|-damage|p1a: Rayquaza|57\/100|[from] Spikes\n|\n|upkeep\n|turn|16\n|\n|t:|1700418242\n|move|p1a: Rayquaza|Extreme Speed|p2a: Zamazenta\n|-damage|p2a: Zamazenta|55\/100\n|move|p2a: Zamazenta|Sleep Talk|p2a: Zamazenta\n|move|p2a: Zamazenta|Roar|p1a: Rayquaza|[from]move: Sleep Talk\n|-end|p1a: Rayquaza|ability: Neutralizing Gas\n|drag|p1a: Mimikyu|Mimikyu, F|66\/100\n|-damage|p1a: Mimikyu|53\/100|[from] Stealth Rock\n|-damage|p1a: Mimikyu|41\/100|[from] Spikes\n|\n|upkeep\n|turn|17\n|\n|t:|1700418251\n|switch|p2a: Alomomola|Alomomola, F|83\/100\n|move|p1a: Mimikyu|Shadow Sneak|p2a: Alomomola\n|-immune|p2a: Alomomola|[from] ability: Wonder Guard\n|\n|upkeep\n|turn|18\n|\n|t:|1700418257\n|switch|p1a: Regieleki|Regieleki|25\/100\n|-damage|p1a: Regieleki|12\/100|[from] Stealth Rock\n|-damage|p1a: Regieleki|0 fnt|[from] Spikes\n|faint|p1a: Regieleki\n|move|p2a: Alomomola|Wish|p2a: Alomomola\n|\n|upkeep\n|-message|arkeis forfeited.\n|\n|win|Giga\u32dbChandelure-\u2602\n|n|\u2606arkeis|arkeis\n|n|\u2606Giga\u32dbChandelure-\u2602|gigachandelure\n|n|*Lady Monita \u2746|ladymonita\n|l|*Lady Monita \u2746\n|l|\u2606arkeis\n|c|\u2606Giga\u32dbChandelure-\u2602|gg\n|l|\u2606Giga\u32dbChandelure-\u2602\n|j|\u2606Giga\u32dbChandelure-\u2602\n|player|p2|Giga\u32dbChandelure-\u2602|skytrainer\n","uploadtime":1700418267,"views":1,"p1id":"arkeis","p2id":"gigachandelure","formatid":"gen9anythinggoes","rating":0,"private":0,"password":""}