{"id":"gen9anythinggoes-1976038943","p1":"Conscious Talk ENT","p2":"Gabrisabanero","format":"[Gen 9] Anything Goes","log":"|j|\u2606Conscious Talk ENT\n|j|\u2606Gabrisabanero\n|t:|1698258583\n|gametype|singles\n|player|p1|Conscious Talk ENT|170|1318\n|player|p2|Gabrisabanero|102|1297\n|teamsize|p1|6\n|teamsize|p2|6\n|gen|9\n|tier|[Gen 9] Anything Goes\n|rated|\n|rule|HP Percentage Mod: HP is shown in percentages\n|rule|Endless Battle Clause: Forcing endless battles is banned\n|clearpoke\n|poke|p1|Calyrex-Shadow|\n|poke|p1|Arceus-Dark|\n|poke|p1|Miraidon|\n|poke|p1|Koraidon|\n|poke|p1|Arceus-Fairy|\n|poke|p1|Eternatus|\n|poke|p2|Magearna|\n|poke|p2|Iron Thorns|\n|poke|p2|Calyrex-Shadow|\n|poke|p2|Furret, F|\n|poke|p2|Urshifu-*, M|\n|poke|p2|Ceruledge, F|\n|teampreview\n|c|\u2606Conscious Talk ENT|I kinda suck man\n|c|\u2606Conscious Talk ENT|Good team I'm scared\n|c|\u2606Conscious Talk ENT|Ya there?\n|\n|t:|1698258664\n|start\n|switch|p1a: Calyrex|Calyrex-Shadow|100\/100\n|switch|p2a: Magearna|Magearna|100\/100\n|-ability|p1a: Calyrex|As One\n|-ability|p1a: Calyrex|Unnerve\n|turn|1\n|inactive|Battle timer is ON: inactive players will automatically lose when time's up. (requested by Gabrisabanero)\n|\n|t:|1698258683\n|move|p1a: Calyrex|Nasty Plot|p1a: Calyrex\n|-boost|p1a: Calyrex|spa|2\n|move|p2a: Magearna|Shift Gear|p2a: Magearna\n|-boost|p2a: Magearna|spe|2\n|-boost|p2a: Magearna|atk|1\n|\n|upkeep\n|turn|2\n|\n|t:|1698258701\n|switch|p1a: Arceus|Arceus-Dark|100\/100\n|move|p2a: Magearna|Baton Pass|p2a: Magearna\n|\n|t:|1698258706\n|switch|p2a: Urshifu|Urshifu-Rapid-Strike, M|100\/100|[from] Baton Pass\n|\n|upkeep\n|turn|3\n|c|\u2606Conscious Talk ENT|Idk how but I had choice specs\n|c|\u2606Conscious Talk ENT|Wtf man\n|\n|t:|1698258725\n|move|p2a: Urshifu|Surging Strikes|p1a: Arceus\n|-crit|p1a: Arceus\n|-damage|p1a: Arceus|80\/100\n|-crit|p1a: Arceus\n|-damage|p1a: Arceus|59\/100\n|-crit|p1a: Arceus\n|-damage|p1a: Arceus|37\/100\n|-hitcount|p1a: Arceus|3\n|-damage|p2a: Urshifu|90\/100|[from] item: Life Orb\n|move|p1a: Arceus|Swords Dance|p1a: Arceus\n|-boost|p1a: Arceus|atk|2\n|\n|upkeep\n|turn|4\n|\n|t:|1698258738\n|move|p1a: Arceus|Extreme Speed|p2a: Urshifu\n|-damage|p2a: Urshifu|56\/100\n|move|p2a: Urshifu|Drain Punch|p1a: Arceus\n|-supereffective|p1a: Arceus\n|-damage|p1a: Arceus|0 fnt\n|-heal|p2a: Urshifu|77\/100|[from] drain|[of] p1a: Arceus\n|faint|p1a: Arceus\n|-damage|p2a: Urshifu|67\/100|[from] item: Life Orb\n|\n|upkeep\n|c|\u2606Conscious Talk ENT|I lost\n|\n|t:|1698258753\n|switch|p1a: Miraidon|Miraidon|100\/100\n|-fieldstart|move: Electric Terrain|[from] ability: Hadron Engine|[of] p1a: Miraidon\n|turn|5\n|\n|t:|1698258759\n|move|p2a: Urshifu|Ice Spinner|p1a: Miraidon\n|-supereffective|p1a: Miraidon\n|-enditem|p1a: Miraidon|Focus Sash\n|-damage|p1a: Miraidon|1\/100\n|-fieldend|move: Electric Terrain\n|-damage|p2a: Urshifu|57\/100|[from] item: Life Orb\n|move|p1a: Miraidon|Electro Drift|p2a: Urshifu\n|-supereffective|p2a: Urshifu\n|-damage|p2a: Urshifu|0 fnt\n|faint|p2a: Urshifu\n|\n|upkeep\n|\n|t:|1698258766\n|switch|p2a: Magearna|Magearna|100\/100\n|turn|6\n|c|\u2606Conscious Talk ENT|I suck\n|\n|t:|1698258777\n|move|p1a: Miraidon|Draco Meteor|p2a: Magearna\n|-immune|p2a: Magearna\n|move|p2a: Magearna|Draining Kiss|p1a: Miraidon\n|-supereffective|p1a: Miraidon\n|-damage|p1a: Miraidon|0 fnt\n|faint|p1a: Miraidon\n|-ability|p2a: Magearna|Soul-Heart|boost\n|-boost|p2a: Magearna|spa|1\n|\n|upkeep\n|c|\u2606Gabrisabanero|quit typing and play :\/\n|c|\u2606Conscious Talk ENT|Shut up\n|\n|t:|1698258794\n|switch|p1a: Eternatus|Eternatus|100\/100\n|-ability|p1a: Eternatus|Pressure\n|turn|7\n|\n|t:|1698258804\n|move|p1a: Eternatus|Sludge Bomb|p2a: Magearna\n|-immune|p2a: Magearna\n|move|p2a: Magearna|Shift Gear|p2a: Magearna\n|-boost|p2a: Magearna|spe|2\n|-boost|p2a: Magearna|atk|1\n|\n|upkeep\n|turn|8\n|\n|t:|1698258813\n|move|p1a: Eternatus|Flamethrower|p2a: Magearna\n|-supereffective|p2a: Magearna\n|-damage|p2a: Magearna|37\/100\n|move|p2a: Magearna|Shift Gear|p2a: Magearna\n|-boost|p2a: Magearna|spe|2\n|-boost|p2a: Magearna|atk|1\n|\n|-heal|p2a: Magearna|43\/100|[from] item: Leftovers\n|upkeep\n|turn|9\n|\n|t:|1698258827\n|move|p2a: Magearna|Baton Pass|p2a: Magearna\n|c|\u2606Conscious Talk ENT|Idk the types\n|\n|t:|1698258834\n|switch|p2a: Ceruledge|Ceruledge, F, shiny|100\/100|[from] Baton Pass\n|move|p1a: Eternatus|Flamethrower|p2a: Ceruledge\n|-resisted|p2a: Ceruledge\n|-damage|p2a: Ceruledge|85\/100\n|\n|upkeep\n|turn|10\n|c|\u2606Conscious Talk ENT|I'm a noob\n|\n|t:|1698258855\n|move|p2a: Ceruledge|Night Slash|p1a: Eternatus\n|-damage|p1a: Eternatus|64\/100\n|move|p1a: Eternatus|Draco Meteor|p2a: Ceruledge\n|-damage|p2a: Ceruledge|20\/100\n|-unboost|p1a: Eternatus|spa|2\n|\n|upkeep\n|turn|11\n|\n|t:|1698258867\n|move|p2a: Ceruledge|Bitter Blade|p1a: Eternatus\n|-resisted|p1a: Eternatus\n|-damage|p1a: Eternatus|23\/100\n|-heal|p2a: Ceruledge|46\/100|[from] drain|[of] p1a: Eternatus\n|move|p1a: Eternatus|Recover|p1a: Eternatus\n|-heal|p1a: Eternatus|73\/100\n|\n|upkeep\n|turn|12\n|\n|t:|1698258875\n|move|p2a: Ceruledge|Bitter Blade|p1a: Eternatus\n|-resisted|p1a: Eternatus\n|-damage|p1a: Eternatus|33\/100\n|-heal|p2a: Ceruledge|70\/100|[from] drain|[of] p1a: Eternatus\n|move|p1a: Eternatus|Recover|p1a: Eternatus\n|-heal|p1a: Eternatus|83\/100\n|\n|upkeep\n|turn|13\n|\n|t:|1698258884\n|move|p2a: Ceruledge|Bitter Blade|p1a: Eternatus\n|-resisted|p1a: Eternatus\n|-damage|p1a: Eternatus|42\/100\n|-heal|p2a: Ceruledge|96\/100|[from] drain|[of] p1a: Eternatus\n|move|p1a: Eternatus|Recover|p1a: Eternatus\n|-heal|p1a: Eternatus|92\/100\n|\n|upkeep\n|turn|14\n|\n|t:|1698258893\n|switch|p1a: Arceus|Arceus-Fairy|100\/100\n|move|p2a: Ceruledge|Bitter Blade|p1a: Arceus\n|-damage|p1a: Arceus|45\/100\n|-heal|p2a: Ceruledge|100\/100|[from] drain|[of] p1a: Arceus\n|\n|upkeep\n|turn|15\n|\n|t:|1698258908\n|move|p2a: Ceruledge|Bitter Blade|p1a: Arceus\n|-damage|p1a: Arceus|0 fnt\n|faint|p1a: Arceus\n|\n|upkeep\n|c|\u2606Conscious Talk ENT|I lose\n|c|\u2606Conscious Talk ENT|And you are rude\n|\n|t:|1698258924\n|switch|p1a: Koraidon|Koraidon|100\/100\n|-weather|SunnyDay|[from] ability: Orichalcum Pulse|[of] p1a: Koraidon\n|-activate|p1a: Koraidon|Orichalcum Pulse|[source]\n|turn|16\n|inactive|Conscious Talk ENT has 120 seconds left.\n|\n|t:|1698258947\n|move|p2a: Ceruledge|Shadow Sneak|p1a: Koraidon\n|-crit|p1a: Koraidon\n|-damage|p1a: Koraidon|50\/100\n|move|p1a: Koraidon|Swords Dance|p1a: Koraidon\n|-boost|p1a: Koraidon|atk|2\n|\n|-weather|SunnyDay|[upkeep]\n|upkeep\n|turn|17\n|inactive|Conscious Talk ENT has 120 seconds left.\n|\n|t:|1698258958\n|move|p2a: Ceruledge|Shadow Sneak|p1a: Koraidon\n|-damage|p1a: Koraidon|14\/100\n|move|p1a: Koraidon|Wild Charge|p2a: Ceruledge\n|-enditem|p2a: Ceruledge|Focus Sash\n|-damage|p2a: Ceruledge|1\/100\n|-ability|p2a: Ceruledge|Weak Armor|boost\n|-unboost|p2a: Ceruledge|def|1\n|-boost|p2a: Ceruledge|spe|2\n|-damage|p1a: Koraidon|0 fnt|[from] Recoil\n|faint|p1a: Koraidon\n|\n|-weather|SunnyDay|[upkeep]\n|upkeep\n|inactive|Conscious Talk ENT has 120 seconds left.\n|\n|t:|1698258972\n|switch|p1a: Calyrex|Calyrex-Shadow|100\/100\n|-ability|p1a: Calyrex|As One\n|-ability|p1a: Calyrex|Unnerve\n|turn|18\n|inactive|Conscious Talk ENT has 120 seconds left.\n|\n|t:|1698258979\n|move|p2a: Ceruledge|Night Slash|p1a: Calyrex\n|-supereffective|p1a: Calyrex\n|-damage|p1a: Calyrex|0 fnt\n|faint|p1a: Calyrex\n|\n|-weather|SunnyDay|[upkeep]\n|upkeep\n|inactive|Conscious Talk ENT has 120 seconds left.\n|\n|t:|1698258987\n|switch|p1a: Eternatus|Eternatus|92\/100\n|-ability|p1a: Eternatus|Pressure\n|turn|19\n|c|\u2606Conscious Talk ENT|F u\n|inactive|Conscious Talk ENT has 120 seconds left.\n|c|\u2606Conscious Talk ENT|For being rude\n|\n|t:|1698259008\n|move|p2a: Ceruledge|Bitter Blade|p1a: Eternatus\n|-resisted|p1a: Eternatus\n|-damage|p1a: Eternatus|39\/100\n|-heal|p2a: Ceruledge|34\/100|[from] drain|[of] p1a: Eternatus\n|move|p1a: Eternatus|Sludge Bomb|p2a: Ceruledge\n|-resisted|p2a: Ceruledge\n|-damage|p2a: Ceruledge|11\/100\n|\n|-weather|SunnyDay|[upkeep]\n|upkeep\n|turn|20\n|c|\u2606Gabrisabanero|U are just trolling there is no way you are new\n|c|\u2606Conscious Talk ENT|You seen I made misplay\n|inactive|Gabrisabanero has 120 seconds left.\n|c|\u2606Conscious Talk ENT|Tardmuffin\n|l|\u2606Gabrisabanero\n|inactive|Gabrisabanero disconnected and has a minute to reconnect!\n|player|p2|\n|j|\u2606Gabrisabanero\n|inactive|Gabrisabanero reconnected and has 100 seconds left.\n|player|p2|Gabrisabanero|102\n|\n|t:|1698259065\n|move|p2a: Ceruledge|Bitter Blade|p1a: Eternatus\n|-resisted|p1a: Eternatus\n|-damage|p1a: Eternatus|0 fnt\n|-heal|p2a: Ceruledge|35\/100|[from] drain|[of] p1a: Eternatus\n|faint|p1a: Eternatus\n|\n|win|Gabrisabanero\n|raw|Conscious Talk ENT's rating: 1318 &rarr; <strong>1297<\/strong><br \/>(-21 for losing)\n|raw|Gabrisabanero's rating: 1297 &rarr; <strong>1324<\/strong><br \/>(+27 for winning)\n","uploadtime":1698259073,"views":7,"p1id":"conscioustalkent","p2id":"gabrisabanero","formatid":"gen9anythinggoes","rating":1297,"private":0,"password":""}