{"id":"gen9anythinggoes-1974282172","p1":"Conscious Talk ENT","p2":"babysharkprimerex","format":"[Gen 9] Anything Goes","log":"|j|\u2606Conscious Talk ENT\n|j|\u2606babysharkprimerex\n|t:|1698074569\n|gametype|singles\n|player|p1|Conscious Talk ENT|265|1055\n|player|p2|babysharkprimerex|schoolkid-gen4dp|1122\n|teamsize|p1|6\n|teamsize|p2|6\n|gen|9\n|tier|[Gen 9] Anything Goes\n|rated|\n|rule|HP Percentage Mod: HP is shown in percentages\n|rule|Endless Battle Clause: Forcing endless battles is banned\n|clearpoke\n|poke|p1|Rayquaza|\n|poke|p1|Annihilape, F|\n|poke|p1|Lilligant-Hisui, F|\n|poke|p1|Arceus-Fairy|\n|poke|p1|Kyogre|\n|poke|p1|Dialga|\n|poke|p2|Arceus|\n|poke|p2|Ting-Lu|\n|poke|p2|Zacian-*|\n|poke|p2|Eternatus|\n|poke|p2|Koraidon|\n|poke|p2|Calyrex-Shadow|\n|teampreview\n|\n|t:|1698074591\n|start\n|switch|p1a: Lilligant|Lilligant-Hisui, F|100\/100\n|switch|p2a: Ting-Lu|Ting-Lu|100\/100\n|-ability|p2a: Ting-Lu|Vessel of Ruin\n|turn|1\n|\n|t:|1698074603\n|-terastallize|p2a: Ting-Lu|Ghost\n|move|p1a: Lilligant|Sleep Powder|p2a: Ting-Lu\n|-status|p2a: Ting-Lu|slp|[from] move: Sleep Powder\n|cant|p2a: Ting-Lu|slp\n|\n|upkeep\n|turn|2\n|\n|t:|1698074612\n|move|p1a: Lilligant|Leaf Blade|p2a: Ting-Lu\n|-damage|p2a: Ting-Lu|70\/100 slp\n|cant|p2a: Ting-Lu|slp\n|\n|-heal|p2a: Ting-Lu|76\/100 slp|[from] item: Leftovers\n|upkeep\n|turn|3\n|\n|t:|1698074625\n|move|p1a: Lilligant|Ice Spinner|p2a: Ting-Lu\n|-damage|p2a: Ting-Lu|56\/100 slp\n|-curestatus|p2a: Ting-Lu|slp|[msg]\n|move|p2a: Ting-Lu|Spikes|p1a: Lilligant\n|-sidestart|p1: Conscious Talk ENT|Spikes\n|\n|-heal|p2a: Ting-Lu|63\/100|[from] item: Leftovers\n|upkeep\n|turn|4\n|\n|t:|1698074636\n|move|p1a: Lilligant|Sleep Powder|p2a: Ting-Lu\n|-status|p2a: Ting-Lu|slp|[from] move: Sleep Powder\n|cant|p2a: Ting-Lu|slp\n|\n|-heal|p2a: Ting-Lu|69\/100 slp|[from] item: Leftovers\n|upkeep\n|turn|5\n|\n|t:|1698074646\n|switch|p1a: Kyogre|Kyogre|100\/100\n|-damage|p1a: Kyogre|88\/100|[from] Spikes\n|-weather|RainDance|[from] ability: Drizzle|[of] p1a: Kyogre\n|cant|p2a: Ting-Lu|slp\n|\n|-weather|RainDance|[upkeep]\n|-heal|p2a: Ting-Lu|75\/100 slp|[from] item: Leftovers\n|upkeep\n|turn|6\n|\n|t:|1698074663\n|move|p1a: Kyogre|Origin Pulse|p2a: Ting-Lu\n|-damage|p2a: Ting-Lu|26\/100 slp\n|-damage|p1a: Kyogre|78\/100|[from] item: Life Orb\n|-curestatus|p2a: Ting-Lu|slp|[msg]\n|move|p2a: Ting-Lu|Spikes|p1a: Kyogre\n|-sidestart|p1: Conscious Talk ENT|Spikes\n|\n|-weather|RainDance|[upkeep]\n|-heal|p2a: Ting-Lu|32\/100|[from] item: Leftovers\n|upkeep\n|turn|7\n|\n|t:|1698074677\n|move|p1a: Kyogre|Ice Beam|p2a: Ting-Lu\n|-damage|p2a: Ting-Lu|14\/100\n|-status|p2a: Ting-Lu|frz\n|-damage|p1a: Kyogre|69\/100|[from] item: Life Orb\n|cant|p2a: Ting-Lu|frz\n|\n|-weather|RainDance|[upkeep]\n|-heal|p2a: Ting-Lu|20\/100 frz|[from] item: Leftovers\n|upkeep\n|turn|8\n|c|\u2606Conscious Talk ENT|LOLLL\n|\n|t:|1698074705\n|move|p1a: Kyogre|Origin Pulse|p2a: Ting-Lu|[miss]\n|-miss|p1a: Kyogre|p2a: Ting-Lu\n|cant|p2a: Ting-Lu|frz\n|\n|-weather|RainDance|[upkeep]\n|-heal|p2a: Ting-Lu|26\/100 frz|[from] item: Leftovers\n|upkeep\n|turn|9\n|\n|t:|1698074716\n|move|p1a: Kyogre|Origin Pulse|p2a: Ting-Lu\n|-damage|p2a: Ting-Lu|0 fnt\n|faint|p2a: Ting-Lu\n|-damage|p1a: Kyogre|59\/100|[from] item: Life Orb\n|\n|-weather|none\n|upkeep\n|\n|t:|1698074738\n|switch|p2a: Calyrex|Calyrex-Shadow|100\/100\n|-ability|p2a: Calyrex|As One\n|-ability|p2a: Calyrex|Unnerve\n|turn|10\n|\n|t:|1698074755\n|move|p2a: Calyrex|Astral Barrage|p1a: Kyogre\n|-damage|p1a: Kyogre|8\/100\n|move|p1a: Kyogre|Calm Mind|p1a: Kyogre\n|-boost|p1a: Kyogre|spa|1\n|-boost|p1a: Kyogre|spd|1\n|\n|upkeep\n|turn|11\n|\n|t:|1698074773\n|switch|p1a: Arceus|Arceus-Fairy|100\/100\n|-damage|p1a: Arceus|84\/100|[from] Spikes\n|move|p2a: Calyrex|Astral Barrage|p1a: Arceus\n|-damage|p1a: Arceus|38\/100\n|\n|upkeep\n|turn|12\n|inactive|Battle timer is ON: inactive players will automatically lose when time's up. (requested by babysharkprimerex)\n|\n|t:|1698074789\n|move|p2a: Calyrex|Astral Barrage|p1a: Arceus\n|-damage|p1a: Arceus|0 fnt\n|faint|p1a: Arceus\n|-ability|p2a: Calyrex|Grim Neigh|boost\n|-boost|p2a: Calyrex|spa|1\n|\n|upkeep\n|c|\u2606Conscious Talk ENT|I'm dead\n|c|\u2606Conscious Talk ENT|I suck\n|inactive|Conscious Talk ENT has 120 seconds left.\n|\n|t:|1698074826\n|switch|p1a: Lilligant|Lilligant-Hisui, F|100\/100\n|-damage|p1a: Lilligant|84\/100|[from] Spikes\n|turn|13\n|\n|t:|1698074833\n|move|p2a: Calyrex|Astral Barrage|p1a: Lilligant\n|-damage|p1a: Lilligant|0 fnt\n|faint|p1a: Lilligant\n|-ability|p2a: Calyrex|Grim Neigh|boost\n|-boost|p2a: Calyrex|spa|1\n|\n|upkeep\n|inactive|Conscious Talk ENT has 120 seconds left.\n|\n|t:|1698074847\n|switch|p1a: Annihilape|Annihilape, F|100\/100\n|-damage|p1a: Annihilape|84\/100|[from] Spikes\n|turn|14\n|\n|t:|1698074856\n|move|p2a: Calyrex|Draining Kiss|p1a: Annihilape\n|-supereffective|p1a: Annihilape\n|-damage|p1a: Annihilape|12\/100\n|move|p1a: Annihilape|U-turn|p2a: Calyrex\n|-damage|p2a: Calyrex|69\/100\n|-damage|p1a: Annihilape|2\/100|[from] item: Life Orb\n|inactive|Conscious Talk ENT has 120 seconds left.\n|\n|t:|1698074871\n|switch|p1a: Dialga|Dialga|100\/100|[from] U-turn\n|-damage|p1a: Dialga|84\/100|[from] Spikes\n|-ability|p1a: Dialga|Pressure\n|\n|upkeep\n|turn|15\n|inactive|Conscious Talk ENT has 120 seconds left.\n|\n|t:|1698074883\n|move|p2a: Calyrex|Astral Barrage|p1a: Dialga\n|-damage|p1a: Dialga|0 fnt\n|faint|p1a: Dialga\n|-ability|p2a: Calyrex|Grim Neigh|boost\n|-boost|p2a: Calyrex|spa|1\n|\n|upkeep\n|inactive|Conscious Talk ENT has 120 seconds left.\n|\n|t:|1698074893\n|switch|p1a: Rayquaza|Rayquaza|100\/100\n|-ability|p1a: Rayquaza|Air Lock\n|turn|16\n|inactive|Conscious Talk ENT has 120 seconds left.\n|\n|t:|1698074900\n|move|p2a: Calyrex|Draining Kiss|p1a: Rayquaza\n|-supereffective|p1a: Rayquaza\n|-damage|p1a: Rayquaza|0 fnt\n|-heal|p2a: Calyrex|100\/100|[from] drain|[of] p1a: Rayquaza\n|faint|p1a: Rayquaza\n|-ability|p2a: Calyrex|Grim Neigh|boost\n|-boost|p2a: Calyrex|spa|1\n|\n|upkeep\n|inactive|Conscious Talk ENT has 120 seconds left.\n|\n|t:|1698074924\n|switch|p1a: Annihilape|Annihilape, F|2\/100\n|-damage|p1a: Annihilape|0 fnt|[from] Spikes\n|faint|p1a: Annihilape\n|\n|t:|1698074931\n|switch|p1a: Kyogre|Kyogre|8\/100\n|-damage|p1a: Kyogre|0 fnt|[from] Spikes\n|faint|p1a: Kyogre\n|\n|win|babysharkprimerex\n|raw|Conscious Talk ENT's rating: 1055 &rarr; <strong>1040<\/strong><br \/>(-15 for losing)\n|raw|babysharkprimerex's rating: 1122 &rarr; <strong>1142<\/strong><br \/>(+20 for winning)\n","uploadtime":1698074938,"views":9,"p1id":"conscioustalkent","p2id":"babysharkprimerex","formatid":"gen9anythinggoes","rating":1040,"private":0,"password":""}