{"id":"gen9anythinggoes-1992843751","p1":"Jodsalz","p2":"Denjamin1986","format":"[Gen 9] Anything Goes","log":"|j|\u2606Jodsalz\n|j|\u2606Denjamin1986\n|t:|1700240279\n|gametype|singles\n|player|p1|Jodsalz|wallace|\n|player|p2|Denjamin1986|gentleman-gen4dp|\n|teamsize|p1|6\n|teamsize|p2|6\n|gen|9\n|tier|[Gen 9] Anything Goes\n|rule|HP Percentage Mod: HP is shown in percentages\n|rule|Endless Battle Clause: Forcing endless battles is banned\n|clearpoke\n|poke|p1|Meowscarada, M|\n|poke|p1|Torkoal, F|\n|poke|p1|Bronzong|\n|poke|p1|Yanmega, M|\n|poke|p1|Grafaiai, F|\n|poke|p1|Dragalge, M|\n|poke|p2|Chandelure, M|\n|poke|p2|Kommo-o, F|\n|poke|p2|Muk, M|\n|poke|p2|Gliscor, M|\n|poke|p2|Ogerpon-Wellspring, F|\n|poke|p2|Bronzong|\n|teampreview\n|c|\u2606Denjamin1986|GL hf\n|c|\u2606Jodsalz|M\u00fcsstrst nur du posten  wenns ok is\n|c|\u2606Denjamin1986|Kein Ding\n|\n|t:|1700240317\n|start\n|switch|p1a: Dragalge|Dragalge, M|100\/100\n|switch|p2a: He is Back|Gliscor, M, shiny|100\/100\n|turn|1\n|\n|t:|1700240326\n|move|p2a: He is Back|U-turn|p1a: Dragalge\n|-resisted|p1a: Dragalge\n|-damage|p1a: Dragalge|92\/100\n|\n|t:|1700240330\n|switch|p2a: Chef der Chefs|Muk, M, shiny|100\/100|[from] U-turn\n|move|p1a: Dragalge|Flip Turn|p2a: Chef der Chefs\n|-damage|p2a: Chef der Chefs|91\/100\n|\n|t:|1700240340\n|switch|p1a: 750|Bronzong|100\/100|[from] Flip Turn\n|\n|upkeep\n|turn|2\n|\n|t:|1700240347\n|move|p2a: Chef der Chefs|Knock Off|p1a: 750\n|-supereffective|p1a: 750\n|-damage|p1a: 750|60\/100\n|-enditem|p1a: 750|Leftovers|[from] move: Knock Off|[of] p2a: Chef der Chefs\n|move|p1a: 750|Stealth Rock|p2a: Chef der Chefs\n|-sidestart|p2: Denjamin1986|move: Stealth Rock\n|\n|upkeep\n|turn|3\n|\n|t:|1700240364\n|switch|p2a: Die Glocke|Bronzong, shiny|100\/100\n|-damage|p2a: Die Glocke|94\/100|[from] Stealth Rock\n|move|p1a: 750|Gyro Ball|p2a: Die Glocke\n|-resisted|p2a: Die Glocke\n|-damage|p2a: Die Glocke|92\/100\n|\n|-heal|p2a: Die Glocke|98\/100|[from] item: Leftovers\n|upkeep\n|turn|4\n|\n|t:|1700240375\n|switch|p1a: 1750|Torkoal, F|100\/100\n|move|p2a: Die Glocke|Stealth Rock|p1a: 1750\n|-sidestart|p1: Jodsalz|move: Stealth Rock\n|\n|-heal|p2a: Die Glocke|100\/100|[from] item: Leftovers\n|upkeep\n|turn|5\n|\n|t:|1700240398\n|switch|p1a: Dragalge|Dragalge, M|92\/100\n|-damage|p1a: Dragalge|80\/100|[from] Stealth Rock\n|switch|p2a: Mein Buddy|Chandelure, M, shiny|100\/100\n|\n|upkeep\n|turn|6\n|\n|t:|1700240411\n|move|p2a: Mein Buddy|Will-O-Wisp|p1a: Dragalge\n|-status|p1a: Dragalge|brn\n|move|p1a: Dragalge|Flip Turn|p2a: Mein Buddy\n|-supereffective|p2a: Mein Buddy\n|-damage|p2a: Mein Buddy|87\/100\n|\n|t:|1700240421\n|switch|p1a: 500|Grafaiai, F|100\/100|[from] Flip Turn\n|-damage|p1a: 500|88\/100|[from] Stealth Rock\n|\n|-heal|p1a: 500|94\/100|[from] item: Black Sludge\n|upkeep\n|turn|7\n|\n|t:|1700240436\n|switch|p2a: He is Back|Gliscor, M, shiny|100\/100\n|-damage|p2a: He is Back|88\/100|[from] Stealth Rock\n|move|p1a: 500|Knock Off|p2a: He is Back\n|-damage|p2a: He is Back|71\/100\n|-enditem|p2a: He is Back|Toxic Orb|[from] move: Knock Off|[of] p1a: 500\n|\n|-heal|p1a: 500|99\/100|[from] item: Black Sludge\n|upkeep\n|turn|8\n|\n|t:|1700240449\n|move|p1a: 500|U-turn|p2a: He is Back\n|-resisted|p2a: He is Back\n|-damage|p2a: He is Back|64\/100\n|\n|t:|1700240453\n|switch|p1a: 750|Bronzong|60\/100|[from] U-turn\n|-damage|p1a: 750|53\/100|[from] Stealth Rock\n|move|p2a: He is Back|Spikes|p1a: 750\n|-sidestart|p1: Jodsalz|Spikes\n|\n|upkeep\n|turn|9\n|\n|t:|1700240465\n|switch|p1a: 500|Grafaiai, F|99\/100\n|-damage|p1a: 500|88\/100|[from] Stealth Rock\n|-damage|p1a: 500|75\/100|[from] Spikes\n|move|p2a: He is Back|U-turn|p1a: 500\n|-resisted|p1a: 500\n|-damage|p1a: 500|62\/100\n|\n|t:|1700240476\n|switch|p2a: So ein S\u00fc\u00dfi|Ogerpon-Wellspring, F|100\/100|[from] U-turn\n|-damage|p2a: So ein S\u00fc\u00dfi|88\/100|[from] Stealth Rock\n|\n|-heal|p1a: 500|68\/100|[from] item: Black Sludge\n|upkeep\n|turn|10\n|\n|t:|1700240487\n|move|p2a: So ein S\u00fc\u00dfi|Ivy Cudgel|p1a: 500|[anim] Ivy Cudgel Water\n|-damage|p1a: 500|0 fnt\n|faint|p1a: 500\n|\n|upkeep\n|\n|t:|1700240516\n|switch|p1a: Dragalge|Dragalge, M|80\/100 brn\n|-damage|p1a: Dragalge|68\/100 brn|[from] Stealth Rock\n|-damage|p1a: Dragalge|55\/100 brn|[from] Spikes\n|turn|11\n|\n|t:|1700240524\n|move|p2a: So ein S\u00fc\u00dfi|U-turn|p1a: Dragalge\n|-resisted|p1a: Dragalge\n|-damage|p1a: Dragalge|40\/100 brn\n|\n|t:|1700240533\n|switch|p2a: Chef der Chefs|Muk, M, shiny|91\/100|[from] U-turn\n|-damage|p2a: Chef der Chefs|78\/100|[from] Stealth Rock\n|move|p1a: Dragalge|Draco Meteor|p2a: Chef der Chefs|[miss]\n|-miss|p1a: Dragalge|p2a: Chef der Chefs\n|\n|-damage|p1a: Dragalge|34\/100 brn|[from] brn\n|upkeep\n|turn|12\n|\n|t:|1700240548\n|move|p2a: Chef der Chefs|Knock Off|p1a: Dragalge\n|-damage|p1a: Dragalge|5\/100 brn\n|-enditem|p1a: Dragalge|Choice Specs|[from] move: Knock Off|[of] p2a: Chef der Chefs\n|move|p1a: Dragalge|Draco Meteor|p2a: Chef der Chefs\n|-damage|p2a: Chef der Chefs|41\/100\n|-unboost|p1a: Dragalge|spa|2\n|\n|-damage|p1a: Dragalge|0 fnt|[from] brn\n|faint|p1a: Dragalge\n|upkeep\n|c|\u2606Jodsalz|Gg\n|\n|t:|1700240581\n|switch|p1a: 1750|Torkoal, F|100\/100\n|-damage|p1a: 1750|75\/100|[from] Stealth Rock\n|-damage|p1a: 1750|63\/100|[from] Spikes\n|turn|13\n|\n|t:|1700240590\n|switch|p2a: Mein Buddy|Chandelure, M, shiny|87\/100\n|move|p1a: 1750|Shell Smash|p1a: 1750\n|-unboost|p1a: 1750|def|1\n|-unboost|p1a: 1750|spd|1\n|-boost|p1a: 1750|atk|2\n|-boost|p1a: 1750|spa|2\n|-boost|p1a: 1750|spe|2\n|-enditem|p1a: 1750|Eject Pack\n|\n|t:|1700240598\n|switch|p1a: 1750 2|Meowscarada, M|100\/100\n|-damage|p1a: 1750 2|88\/100|[from] Stealth Rock\n|-damage|p1a: 1750 2|76\/100|[from] Spikes\n|\n|upkeep\n|turn|14\n|\n|t:|1700240621\n|switch|p2a: He is Back|Gliscor, M, shiny|64\/100\n|-damage|p2a: He is Back|51\/100|[from] Stealth Rock\n|move|p1a: 1750 2|Copycat|p1a: 1750 2\n|move|p1a: 1750 2|Shell Smash|p1a: 1750 2|[from]move: Copycat\n|-unboost|p1a: 1750 2|def|1\n|-unboost|p1a: 1750 2|spd|1\n|-boost|p1a: 1750 2|atk|2\n|-boost|p1a: 1750 2|spa|2\n|-boost|p1a: 1750 2|spe|2\n|-enditem|p1a: 1750 2|White Herb\n|-clearnegativeboost|p1a: 1750 2|[silent]\n|\n|upkeep\n|turn|15\n|\n|t:|1700240637\n|move|p1a: 1750 2|Flower Trick|p2a: He is Back\n|-crit|p2a: He is Back\n|-damage|p2a: He is Back|0 fnt\n|faint|p2a: He is Back\n|\n|upkeep\n|\n|t:|1700240660\n|switch|p2a: Macherin|Kommo-o, F, shiny|100\/100\n|-damage|p2a: Macherin|95\/100|[from] Stealth Rock\n|turn|16\n|\n|t:|1700240671\n|move|p1a: 1750 2|Acrobatics|p2a: Macherin\n|-supereffective|p2a: Macherin\n|-damage|p2a: Macherin|0 fnt\n|faint|p2a: Macherin\n|\n|upkeep\n|c|\u2606Denjamin1986|Gg f\u00fcr dich eher xD\n|\n|t:|1700240695\n|switch|p2a: So ein S\u00fc\u00dfi|Ogerpon-Wellspring, F|88\/100\n|-damage|p2a: So ein S\u00fc\u00dfi|76\/100|[from] Stealth Rock\n|turn|17\n|\n|t:|1700240709\n|switch|p2a: Die Glocke|Bronzong, shiny|100\/100\n|-damage|p2a: Die Glocke|94\/100|[from] Stealth Rock\n|move|p1a: 1750 2|Acrobatics|p2a: Die Glocke\n|-resisted|p2a: Die Glocke\n|-damage|p2a: Die Glocke|69\/100\n|\n|-heal|p2a: Die Glocke|75\/100|[from] item: Leftovers\n|upkeep\n|turn|18\n|\n|t:|1700240721\n|move|p1a: 1750 2|Knock Off|p2a: Die Glocke\n|-supereffective|p2a: Die Glocke\n|-damage|p2a: Die Glocke|0 fnt\n|-enditem|p2a: Die Glocke|Leftovers|[from] move: Knock Off|[of] p1a: 1750 2\n|faint|p2a: Die Glocke\n|\n|upkeep\n|\n|t:|1700240731\n|switch|p2a: So ein S\u00fc\u00dfi|Ogerpon-Wellspring, F|76\/100\n|-damage|p2a: So ein S\u00fc\u00dfi|64\/100|[from] Stealth Rock\n|turn|19\n|c|\u2606Jodsalz|Es klappt cd\n|\n|t:|1700240736\n|move|p1a: 1750 2|Acrobatics|p2a: So ein S\u00fc\u00dfi\n|-supereffective|p2a: So ein S\u00fc\u00dfi\n|-damage|p2a: So ein S\u00fc\u00dfi|0 fnt\n|faint|p2a: So ein S\u00fc\u00dfi\n|\n|upkeep\n|\n|t:|1700240741\n|switch|p2a: Chef der Chefs|Muk, M, shiny|41\/100\n|-damage|p2a: Chef der Chefs|29\/100|[from] Stealth Rock\n|turn|20\n|\n|t:|1700240746\n|move|p1a: 1750 2|Knock Off|p2a: Chef der Chefs\n|-damage|p2a: Chef der Chefs|0 fnt\n|-enditem|p2a: Chef der Chefs|Assault Vest|[from] move: Knock Off|[of] p1a: 1750 2\n|faint|p2a: Chef der Chefs\n|\n|upkeep\n|\n|t:|1700240751\n|switch|p2a: Mein Buddy|Chandelure, M, shiny|87\/100\n|turn|21\n|\n|t:|1700240755\n|move|p1a: 1750 2|Knock Off|p2a: Mein Buddy\n|-supereffective|p2a: Mein Buddy\n|-damage|p2a: Mein Buddy|0 fnt\n|-enditem|p2a: Mein Buddy|Heavy-Duty Boots|[from] move: Knock Off|[of] p1a: 1750 2\n|faint|p2a: Mein Buddy\n|\n|win|Jodsalz\n|c|\u2606Jodsalz|Gg\n|c|\u2606Denjamin1986|Hast mich komplett verwirrt\n|c|\u2606Denjamin1986|Gg\n|c|\u2606Denjamin1986|Ich dachte Okay Shell Smash\n|c|\u2606Denjamin1986|Dann eject Pack\n|c|\u2606Denjamin1986|Und ich so h\u00e4?\n|c|\u2606Jodsalz|Is geil die combo\n|c|\u2606Denjamin1986|Mit copycat so null gerechnet\n|c|\u2606Denjamin1986|Das du dann noch acrobatics mit hast gegen mein Team auch schlecht\n|c|\u2606Jodsalz|True\n|c|\u2606Denjamin1986|Ich dachte OK kommo o tankt ein\n|c|\u2606Jodsalz|So muss los danke f\u00fcrs posten\n|c|\u2606Denjamin1986|Kein Ding\n","uploadtime":1700240919,"views":34,"p1id":"jodsalz","p2id":"denjamin1986","formatid":"gen9anythinggoes","rating":0,"private":0,"password":""}