{"id":"gen9anythinggoes-1980970662","p1":"Shadowkipz13","p2":"Gamer Guy Man Dude","format":"[Gen 9] Anything Goes","log":"|j|\u2606Shadowkipz13\n|j|\u2606Gamer Guy Man Dude\n|t:|1698853302\n|gametype|singles\n|player|p1|Shadowkipz13|petrel|1283\n|player|p2|Gamer Guy Man Dude|102|1380\n|teamsize|p1|6\n|teamsize|p2|6\n|gen|9\n|tier|[Gen 9] Anything Goes\n|rated|\n|rule|HP Percentage Mod: HP is shown in percentages\n|rule|Endless Battle Clause: Forcing endless battles is banned\n|clearpoke\n|poke|p1|Chi-Yu|\n|poke|p1|Ogerpon, F|\n|poke|p1|Ribombee, F|\n|poke|p1|Samurott-Hisui, M|\n|poke|p1|Tyranitar, M|\n|poke|p1|Ursaluna-Bloodmoon, M|\n|poke|p2|Torterra, M|\n|poke|p2|Ribombee, F|\n|poke|p2|Quaquaval, M|\n|poke|p2|Kingambit, F|\n|poke|p2|Miraidon|\n|poke|p2|Calyrex-Shadow|\n|teampreview\n|\n|t:|1698853320\n|start\n|switch|p1a: Mountainous|Tyranitar, M|100\/100\n|switch|p2a: Torterra|Torterra, M|100\/100\n|-weather|Sandstorm|[from] ability: Sand Stream|[of] p1a: Mountainous\n|turn|1\n|\n|t:|1698853326\n|move|p2a: Torterra|Shell Smash|p2a: Torterra\n|-unboost|p2a: Torterra|def|1\n|-unboost|p2a: Torterra|spd|1\n|-boost|p2a: Torterra|atk|2\n|-boost|p2a: Torterra|spa|2\n|-boost|p2a: Torterra|spe|2\n|-enditem|p2a: Torterra|White Herb\n|-clearnegativeboost|p2a: Torterra|[silent]\n|move|p1a: Mountainous|Ice Punch|p2a: Torterra\n|-supereffective|p2a: Torterra\n|-damage|p2a: Torterra|0 fnt\n|faint|p2a: Torterra\n|\n|-weather|Sandstorm|[upkeep]\n|upkeep\n|\n|t:|1698853335\n|switch|p2a: Quaquaval|Quaquaval, M|100\/100\n|turn|2\n|\n|t:|1698853353\n|switch|p1a: Faye|Ribombee, F|100\/100\n|move|p2a: Quaquaval|Swords Dance|p2a: Quaquaval\n|-boost|p2a: Quaquaval|atk|2\n|\n|-weather|Sandstorm|[upkeep]\n|-damage|p1a: Faye|94\/100|[from] Sandstorm\n|-damage|p2a: Quaquaval|94\/100|[from] Sandstorm\n|upkeep\n|turn|3\n|\n|t:|1698853361\n|move|p1a: Faye|Sticky Web|p2a: Quaquaval\n|-sidestart|p2: Gamer Guy Man Dude|move: Sticky Web\n|move|p2a: Quaquaval|Aqua Step|p1a: Faye\n|-damage|p1a: Faye|0 fnt\n|-boost|p2a: Quaquaval|spe|1\n|faint|p1a: Faye\n|\n|-weather|Sandstorm|[upkeep]\n|-damage|p2a: Quaquaval|88\/100|[from] Sandstorm\n|upkeep\n|\n|t:|1698853387\n|switch|p1a: Majora|Ogerpon, F|100\/100\n|turn|4\n|\n|t:|1698853394\n|move|p2a: Quaquaval|Close Combat|p1a: Majora\n|-enditem|p1a: Majora|Focus Sash\n|-damage|p1a: Majora|1\/100\n|-unboost|p2a: Quaquaval|def|1\n|-unboost|p2a: Quaquaval|spd|1\n|move|p1a: Majora|Ivy Cudgel|p2a: Quaquaval\n|-supereffective|p2a: Quaquaval\n|-damage|p2a: Quaquaval|0 fnt\n|faint|p2a: Quaquaval\n|\n|-weather|Sandstorm|[upkeep]\n|-damage|p1a: Majora|0 fnt|[from] Sandstorm\n|faint|p1a: Majora\n|upkeep\n|\n|t:|1698853401\n|switch|p1a: Susanoo|Samurott-Hisui, M|100\/100\n|switch|p2a: Kingambit|Kingambit, F|100\/100\n|-activate|p2a: Kingambit|move: Sticky Web\n|-unboost|p2a: Kingambit|spe|1\n|-ability|p2a: Kingambit|Defiant|boost\n|-boost|p2a: Kingambit|atk|2\n|turn|5\n|\n|t:|1698853406\n|move|p1a: Susanoo|Sacred Sword|p2a: Kingambit\n|-supereffective|p2a: Kingambit\n|-enditem|p2a: Kingambit|Focus Sash\n|-damage|p2a: Kingambit|1\/100\n|move|p2a: Kingambit|Iron Defense|p2a: Kingambit\n|-boost|p2a: Kingambit|def|2\n|\n|-weather|none\n|upkeep\n|turn|6\n|\n|t:|1698853410\n|move|p1a: Susanoo|Aqua Jet|p2a: Kingambit\n|-damage|p2a: Kingambit|0 fnt\n|faint|p2a: Kingambit\n|\n|upkeep\n|\n|t:|1698853414\n|switch|p2a: Miraidon|Miraidon|100\/100\n|-activate|p2a: Miraidon|move: Sticky Web\n|-unboost|p2a: Miraidon|spe|1\n|-fieldstart|move: Electric Terrain|[from] ability: Hadron Engine|[of] p2a: Miraidon\n|turn|7\n|\n|t:|1698853420\n|move|p1a: Susanoo|Ceaseless Edge|p2a: Miraidon|[miss]\n|-miss|p1a: Susanoo|p2a: Miraidon\n|move|p2a: Miraidon|Electro Drift|p1a: Susanoo\n|-supereffective|p1a: Susanoo\n|-damage|p1a: Susanoo|0 fnt\n|faint|p1a: Susanoo\n|-damage|p2a: Miraidon|91\/100|[from] item: Life Orb\n|\n|upkeep\n|c|\u2606Shadowkipz13|..\n|\n|t:|1698853431\n|switch|p1a: Mountainous|Tyranitar, M|100\/100\n|-weather|Sandstorm|[from] ability: Sand Stream|[of] p1a: Mountainous\n|turn|8\n|\n|t:|1698853443\n|-terastallize|p2a: Miraidon|Ice\n|move|p2a: Miraidon|Flash Cannon|p1a: Mountainous\n|-supereffective|p1a: Mountainous\n|-damage|p1a: Mountainous|64\/100\n|-damage|p2a: Miraidon|81\/100|[from] item: Life Orb\n|move|p1a: Mountainous|Knock Off|p2a: Miraidon\n|-damage|p2a: Miraidon|28\/100\n|-enditem|p2a: Miraidon|Life Orb|[from] move: Knock Off|[of] p1a: Mountainous\n|\n|-weather|Sandstorm|[upkeep]\n|-damage|p2a: Miraidon|22\/100|[from] Sandstorm\n|upkeep\n|turn|9\n|\n|t:|1698853451\n|move|p2a: Miraidon|Tera Blast|p1a: Mountainous|[anim] Tera Blast Ice\n|-damage|p1a: Mountainous|42\/100\n|move|p1a: Mountainous|Smack Down|p2a: Miraidon\n|-supereffective|p2a: Miraidon\n|-damage|p2a: Miraidon|0 fnt\n|faint|p2a: Miraidon\n|\n|-weather|Sandstorm|[upkeep]\n|upkeep\n|\n|t:|1698853453\n|switch|p2a: Calyrex|Calyrex-Shadow|100\/100\n|-ability|p2a: Calyrex|As One\n|-ability|p2a: Calyrex|Unnerve\n|-activate|p2a: Calyrex|move: Sticky Web\n|-unboost|p2a: Calyrex|spe|1\n|turn|10\n|\n|t:|1698853456\n|move|p2a: Calyrex|Draining Kiss|p1a: Mountainous\n|-supereffective|p1a: Mountainous\n|-damage|p1a: Mountainous|22\/100\n|-damage|p2a: Calyrex|91\/100|[from] item: Life Orb\n|move|p1a: Mountainous|Knock Off|p2a: Calyrex\n|-supereffective|p2a: Calyrex\n|-damage|p2a: Calyrex|0 fnt\n|-enditem|p2a: Calyrex|Life Orb|[from] move: Knock Off|[of] p1a: Mountainous\n|faint|p2a: Calyrex\n|\n|-weather|Sandstorm|[upkeep]\n|upkeep\n|\n|t:|1698853458\n|switch|p2a: Ribombee|Ribombee, F|100\/100\n|-activate|p2a: Ribombee|move: Sticky Web\n|-unboost|p2a: Ribombee|spe|1\n|turn|11\n|-message|Gamer Guy Man Dude forfeited.\n|\n|win|Shadowkipz13\n|raw|Shadowkipz13's rating: 1283 &rarr; <strong>1315<\/strong><br \/>(+32 for winning)\n|raw|Gamer Guy Man Dude's rating: 1380 &rarr; <strong>1355<\/strong><br \/>(-25 for losing)\n|l|\u2606Gamer Guy Man Dude\n","uploadtime":1698853467,"views":10,"p1id":"shadowkipz13","p2id":"gamerguymandude","formatid":"gen9anythinggoes","rating":1315,"private":0,"password":""}