{"id":"gen9anythinggoes-1982974660","p1":"Yokehs","p2":"Sammias","format":"[Gen 9] Anything Goes","log":"|j|\u2606Yokehs\n|j|\u2606Sammias\n|t:|1699065134\n|gametype|singles\n|player|p1|Yokehs|gambler|1138\n|player|p2|Sammias|swimmerf-gen4dp|1101\n|teamsize|p1|6\n|teamsize|p2|6\n|gen|9\n|tier|[Gen 9] Anything Goes\n|rated|\n|rule|HP Percentage Mod: HP is shown in percentages\n|rule|Endless Battle Clause: Forcing endless battles is banned\n|clearpoke\n|poke|p1|Iron Bundle|\n|poke|p1|Meowscarada, M|\n|poke|p1|Jirachi|\n|poke|p1|Chandelure, F|\n|poke|p1|Okidogi, M|\n|poke|p1|Goodra-Hisui, M|\n|poke|p2|Ursaluna, F|\n|poke|p2|Calyrex-Shadow|\n|poke|p2|Ribombee, M|\n|poke|p2|Poliwrath, M|\n|poke|p2|Mew|\n|poke|p2|Clodsire, F|\n|teampreview\n|inactive|Battle timer is ON: inactive players will automatically lose when time's up. (requested by Yokehs)\n|\n|t:|1699065160\n|start\n|switch|p1a: Iron Bundle|Iron Bundle|100\/100\n|switch|p2a: Ribombee|Ribombee, M, shiny|100\/100\n|turn|1\n|\n|t:|1699065170\n|move|p1a: Iron Bundle|Flip Turn|p2a: Ribombee\n|-damage|p2a: Ribombee|75\/100\n|\n|t:|1699065179\n|-end|p1a: Iron Bundle|Quark Drive|[silent]\n|switch|p1a: Chandelure|Chandelure, F|100\/100|[from] Flip Turn\n|move|p2a: Ribombee|Sticky Web|p1a: Chandelure\n|-sidestart|p1: Yokehs|move: Sticky Web\n|\n|upkeep\n|turn|2\n|\n|t:|1699065191\n|move|p1a: Chandelure|Flamethrower|p2a: Ribombee\n|-supereffective|p2a: Ribombee\n|-damage|p2a: Ribombee|0 fnt\n|faint|p2a: Ribombee\n|\n|upkeep\n|\n|t:|1699065202\n|switch|p2a: Poliwrath|Poliwrath, M|100\/100\n|turn|3\n|\n|t:|1699065209\n|move|p1a: Chandelure|Flamethrower|p2a: Poliwrath\n|-resisted|p2a: Poliwrath\n|-damage|p2a: Poliwrath|78\/100\n|move|p2a: Poliwrath|Substitute|p2a: Poliwrath\n|-start|p2a: Poliwrath|Substitute\n|-damage|p2a: Poliwrath|53\/100\n|\n|-heal|p2a: Poliwrath|59\/100|[from] item: Leftovers\n|upkeep\n|turn|4\n|\n|t:|1699065219\n|switch|p1a: Meowscarada|Meowscarada, M|100\/100\n|move|p2a: Poliwrath|Belly Drum|p2a: Poliwrath\n|-damage|p2a: Poliwrath|9\/100\n|-setboost|p2a: Poliwrath|atk|6|[from] move: Belly Drum\n|\n|-heal|p2a: Poliwrath|15\/100|[from] item: Leftovers\n|upkeep\n|turn|5\n|\n|t:|1699065233\n|move|p2a: Poliwrath|Protect|p2a: Poliwrath\n|-singleturn|p2a: Poliwrath|Protect\n|move|p1a: Meowscarada|U-turn|p2a: Poliwrath\n|-start|p1a: Meowscarada|typechange|Bug|[from] ability: Protean\n|-activate|p2a: Poliwrath|move: Protect\n|\n|-heal|p2a: Poliwrath|22\/100|[from] item: Leftovers\n|upkeep\n|turn|6\n|\n|t:|1699065244\n|move|p1a: Meowscarada|U-turn|p2a: Poliwrath\n|-resisted|p2a: Poliwrath\n|-activate|p2a: Poliwrath|move: Substitute|[damage]\n|\n|t:|1699065248\n|switch|p1a: Chandelure|Chandelure, F|100\/100|[from] U-turn\n|-activate|p1a: Chandelure|move: Sticky Web\n|-unboost|p1a: Chandelure|spe|1\n|move|p2a: Poliwrath|Baton Pass|p2a: Poliwrath\n|\n|t:|1699065264\n|switch|p2a: Mew|Mew, shiny|100\/100|[from] Baton Pass\n|\n|upkeep\n|turn|7\n|\n|t:|1699065270\n|move|p2a: Mew|Amnesia|p2a: Mew\n|-boost|p2a: Mew|spd|2\n|move|p1a: Chandelure|Shadow Ball|p2a: Mew\n|-supereffective|p2a: Mew\n|-end|p2a: Mew|Substitute\n|\n|upkeep\n|turn|8\n|\n|t:|1699065278\n|move|p2a: Mew|Amnesia|p2a: Mew\n|-boost|p2a: Mew|spd|2\n|move|p1a: Chandelure|Shadow Ball|p2a: Mew\n|-supereffective|p2a: Mew\n|-damage|p2a: Mew|73\/100\n|\n|upkeep\n|turn|9\n|\n|t:|1699065286\n|move|p2a: Mew|Agility|p2a: Mew\n|-boost|p2a: Mew|spe|2\n|move|p1a: Chandelure|Shadow Ball|p2a: Mew\n|-supereffective|p2a: Mew\n|-damage|p2a: Mew|49\/100\n|-unboost|p2a: Mew|spd|1\n|\n|upkeep\n|turn|10\n|c|\u2606Yokehs|gg\n|\n|t:|1699065296\n|move|p2a: Mew|Amnesia|p2a: Mew\n|-boost|p2a: Mew|spd|2\n|move|p1a: Chandelure|Shadow Ball|p2a: Mew\n|-supereffective|p2a: Mew\n|-damage|p2a: Mew|26\/100\n|\n|upkeep\n|turn|11\n|\n|t:|1699065304\n|move|p2a: Mew|Agility|p2a: Mew\n|-boost|p2a: Mew|spe|2\n|move|p1a: Chandelure|Shadow Ball|p2a: Mew\n|-supereffective|p2a: Mew\n|-damage|p2a: Mew|5\/100\n|\n|upkeep\n|turn|12\n|\n|t:|1699065314\n|move|p2a: Mew|Baton Pass|p2a: Mew\n|\n|t:|1699065316\n|switch|p2a: Ursaluna|Ursaluna, F, shiny|100\/100|[from] Baton Pass\n|move|p1a: Chandelure|Shadow Ball|p2a: Ursaluna\n|-immune|p2a: Ursaluna\n|\n|-status|p2a: Ursaluna|brn|[from] item: Flame Orb\n|upkeep\n|turn|13\n|\n|t:|1699065330\n|move|p2a: Ursaluna|Rock Slide|p1a: Chandelure\n|-supereffective|p1a: Chandelure\n|-damage|p1a: Chandelure|0 fnt\n|faint|p1a: Chandelure\n|\n|-damage|p2a: Ursaluna|94\/100 brn|[from] brn\n|upkeep\n|\n|t:|1699065338\n|switch|p1a: Meowscarada|Meowscarada, M|100\/100\n|turn|14\n|\n|t:|1699065346\n|move|p2a: Ursaluna|Gunk Shot|p1a: Meowscarada\n|-supereffective|p1a: Meowscarada\n|-damage|p1a: Meowscarada|0 fnt\n|faint|p1a: Meowscarada\n|\n|-damage|p2a: Ursaluna|88\/100 brn|[from] brn\n|upkeep\n|\n|t:|1699065354\n|switch|p1a: Goodra|Goodra-Hisui, M|100\/100\n|-activate|p1a: Goodra|move: Sticky Web\n|-unboost|p1a: Goodra|spe|1\n|turn|15\n|\n|t:|1699065361\n|move|p2a: Ursaluna|Earthquake|p1a: Goodra\n|-supereffective|p1a: Goodra\n|-damage|p1a: Goodra|0 fnt\n|faint|p1a: Goodra\n|\n|-damage|p2a: Ursaluna|82\/100 brn|[from] brn\n|upkeep\n|\n|t:|1699065370\n|switch|p1a: Iron Bundle|Iron Bundle|100\/100\n|-activate|p1a: Iron Bundle|move: Sticky Web\n|-unboost|p1a: Iron Bundle|spe|1\n|turn|16\n|\n|t:|1699065381\n|-terastallize|p2a: Ursaluna|Normal\n|move|p2a: Ursaluna|Facade|p1a: Iron Bundle\n|-damage|p1a: Iron Bundle|0 fnt\n|faint|p1a: Iron Bundle\n|-end|p1a: Iron Bundle|Quark Drive|[silent]\n|\n|-damage|p2a: Ursaluna|76\/100 brn|[from] brn\n|upkeep\n|\n|t:|1699065389\n|switch|p1a: Okidogi|Okidogi, M|100\/100\n|-activate|p1a: Okidogi|move: Sticky Web\n|-unboost|p1a: Okidogi|spe|1\n|turn|17\n|c|\u2606Yokehs|Im dead\n|\n|t:|1699065405\n|move|p2a: Ursaluna|Facade|p1a: Okidogi\n|-damage|p1a: Okidogi|0 fnt\n|faint|p1a: Okidogi\n|\n|-damage|p2a: Ursaluna|69\/100 brn|[from] brn\n|upkeep\n|\n|t:|1699065413\n|switch|p1a: Jirachi|Jirachi|100\/100\n|-activate|p1a: Jirachi|move: Sticky Web\n|-unboost|p1a: Jirachi|spe|1\n|turn|18\n|\n|t:|1699065421\n|move|p2a: Ursaluna|Facade|p1a: Jirachi\n|-resisted|p1a: Jirachi\n|-damage|p1a: Jirachi|0 fnt\n|faint|p1a: Jirachi\n|\n|win|Sammias\n|raw|Yokehs's rating: 1138 &rarr; <strong>1110<\/strong><br \/>(-28 for losing)\n|raw|Sammias's rating: 1101 &rarr; <strong>1129<\/strong><br \/>(+28 for winning)\n|c|\u2606Yokehs|gg\n","uploadtime":1699065431,"views":13,"p1id":"yokehs","p2id":"sammias","formatid":"gen9anythinggoes","rating":1110,"private":0,"password":""}