{"id":"gen9anythinggoes-1973843114","p1":"Fig Jam n Crepes","p2":"8Y55A1","format":"[Gen 9] Anything Goes","log":"|j|\u2606Fig Jam n Crepes\n|j|\u26068Y55A1\n|t:|1698019596\n|gametype|singles\n|player|p1|Fig Jam n Crepes|youngn|1261\n|player|p2|8Y55A1|alder|1124\n|teamsize|p1|6\n|teamsize|p2|6\n|gen|9\n|tier|[Gen 9] Anything Goes\n|rated|\n|rule|HP Percentage Mod: HP is shown in percentages\n|rule|Endless Battle Clause: Forcing endless battles is banned\n|clearpoke\n|poke|p1|Morpeko, M|\n|poke|p1|Morpeko, F|\n|poke|p1|Morpeko, M|\n|poke|p1|Morpeko, M|\n|poke|p1|Morpeko, M|\n|poke|p1|Morpeko, F|\n|poke|p2|Calyrex-Shadow|\n|poke|p2|Gengar, M|\n|poke|p2|Magearna|\n|poke|p2|Darkrai|\n|poke|p2|Shaymin-Sky|\n|poke|p2|Maushold-Four|\n|teampreview\n|\n|t:|1698019603\n|start\n|switch|p1a: Terry|Morpeko, M|100\/100\n|switch|p2a: Marrionette|Magearna|100\/100\n|turn|1\n|\n|t:|1698019609\n|move|p1a: Terry|Aura Wheel|p2a: Marrionette\n|-damage|p2a: Marrionette|54\/100\n|-boost|p1a: Terry|spe|1\n|move|p2a: Marrionette|Shift Gear|p2a: Marrionette\n|-boost|p2a: Marrionette|spe|2\n|-boost|p2a: Marrionette|atk|1\n|\n|-heal|p2a: Marrionette|60\/100|[from] item: Leftovers\n|-formechange|p1a: Terry|Morpeko-Hangry||[from] ability: Hunger Switch\n|upkeep\n|turn|2\n|\n|t:|1698019620\n|move|p1a: Terry|Stomping Tantrum|p2a: Marrionette\n|-supereffective|p2a: Marrionette\n|-damage|p2a: Marrionette|20\/100\n|move|p2a: Marrionette|Calm Mind|p2a: Marrionette\n|-boost|p2a: Marrionette|spa|1\n|-boost|p2a: Marrionette|spd|1\n|\n|-heal|p2a: Marrionette|26\/100|[from] item: Leftovers\n|-formechange|p1a: Terry|Morpeko||[from] ability: Hunger Switch\n|upkeep\n|turn|3\n|\n|t:|1698019633\n|move|p1a: Terry|Aura Wheel|p2a: Marrionette\n|-damage|p2a: Marrionette|0 fnt\n|-boost|p1a: Terry|spe|1\n|faint|p2a: Marrionette\n|\n|-formechange|p1a: Terry|Morpeko-Hangry||[from] ability: Hunger Switch\n|upkeep\n|\n|t:|1698019642\n|switch|p2a: hi|Shaymin-Sky|100\/100\n|turn|4\n|\n|t:|1698019649\n|-terastallize|p1a: Terry|Ice\n|move|p1a: Terry|Tera Blast|p2a: hi|[anim] Tera Blast Ice\n|-supereffective|p2a: hi\n|-damage|p2a: hi|0 fnt\n|faint|p2a: hi\n|\n|upkeep\n|\n|t:|1698019664\n|switch|p2a: Ghost|Gengar, M|100\/100\n|turn|5\n|\n|t:|1698019669\n|move|p1a: Terry|Aura Wheel|p2a: Ghost\n|-supereffective|p2a: Ghost\n|-enditem|p2a: Ghost|Focus Sash\n|-damage|p2a: Ghost|1\/100\n|-boost|p1a: Terry|spe|1\n|-start|p1a: Terry|Disable|Aura Wheel|[from] ability: Cursed Body|[of] p2a: Ghost\n|move|p2a: Ghost|Destiny Bond|p2a: Ghost\n|-singlemove|p2a: Ghost|Destiny Bond\n|\n|upkeep\n|turn|6\n|\n|t:|1698019680\n|move|p1a: Terry|Protect|p1a: Terry\n|-singleturn|p1a: Terry|Protect\n|move|p2a: Ghost|Hypnosis|p1a: Terry\n|-activate|p1a: Terry|move: Protect\n|\n|upkeep\n|turn|7\n|\n|t:|1698019687\n|move|p1a: Terry|Stomping Tantrum|p2a: Ghost\n|-supereffective|p2a: Ghost\n|-damage|p2a: Ghost|0 fnt\n|faint|p2a: Ghost\n|\n|upkeep\n|\n|t:|1698019700\n|switch|p2a: hose|Calyrex-Shadow|100\/100\n|-ability|p2a: hose|As One\n|-ability|p2a: hose|Unnerve\n|turn|8\n|\n|t:|1698019707\n|move|p1a: Terry|Protect|p1a: Terry\n|-singleturn|p1a: Terry|Protect\n|move|p2a: hose|Haze|p2a: hose\n|-clearallboost\n|\n|-end|p1a: Terry|Disable\n|upkeep\n|turn|9\n|\n|t:|1698019716\n|move|p2a: hose|Astral Barrage|p1a: Terry\n|-enditem|p1a: Terry|Focus Sash\n|-damage|p1a: Terry|1\/100\n|move|p1a: Terry|Aura Wheel|p2a: hose\n|-supereffective|p2a: hose\n|-crit|p2a: hose\n|-damage|p2a: hose|0 fnt\n|-boost|p1a: Terry|spe|1\n|faint|p2a: hose\n|\n|upkeep\n|\n|t:|1698019727\n|switch|p2a: mus|Maushold-Four|100\/100\n|turn|10\n|\n|t:|1698019737\n|move|p1a: Terry|Aura Wheel|p2a: mus\n|-damage|p2a: mus|21\/100\n|-boost|p1a: Terry|spe|1\n|move|p2a: mus|Trailblaze|p1a: Terry\n|-damage|p1a: Terry|0 fnt\n|-boost|p2a: mus|spe|1\n|faint|p1a: Terry\n|\n|upkeep\n|\n|t:|1698019741\n|switch|p1a: Jerry|Morpeko, F, shiny|100\/100\n|turn|11\n|\n|t:|1698019749\n|move|p2a: mus|Population Bomb|p1a: Jerry|[miss]\n|-miss|p2a: mus|p1a: Jerry\n|move|p1a: Jerry|Aura Wheel|p2a: mus\n|-damage|p2a: mus|0 fnt\n|-boost|p1a: Jerry|spe|1\n|faint|p2a: mus\n|\n|-formechange|p1a: Jerry|Morpeko-Hangry||[from] ability: Hunger Switch\n|upkeep\n|\n|t:|1698019760\n|switch|p2a: Shade|Darkrai|100\/100\n|turn|12\n|\n|t:|1698019763\n|move|p1a: Jerry|Protect|p1a: Jerry\n|-singleturn|p1a: Jerry|Protect\n|move|p2a: Shade|Dark Void|p1a: Jerry\n|-activate|p1a: Jerry|move: Protect\n|\n|-formechange|p1a: Jerry|Morpeko||[from] ability: Hunger Switch\n|upkeep\n|turn|13\n|\n|t:|1698019772\n|move|p1a: Jerry|Aura Wheel|p2a: Shade\n|-damage|p2a: Shade|38\/100\n|-boost|p1a: Jerry|spe|1\n|move|p2a: Shade|Dark Void|p1a: Jerry\n|-status|p1a: Jerry|slp|[from] move: Dark Void\n|\n|-damage|p1a: Jerry|88\/100 slp|[from] ability: Bad Dreams|[of] p2a: Shade\n|-formechange|p1a: Jerry|Morpeko-Hangry||[from] ability: Hunger Switch\n|upkeep\n|turn|14\n|\n|t:|1698019784\n|cant|p1a: Jerry|slp\n|move|p2a: Shade|Hex|p1a: Jerry\n|-resisted|p1a: Jerry\n|-damage|p1a: Jerry|41\/100 slp\n|\n|-damage|p1a: Jerry|29\/100 slp|[from] ability: Bad Dreams|[of] p2a: Shade\n|-formechange|p1a: Jerry|Morpeko||[from] ability: Hunger Switch\n|upkeep\n|turn|15\n|\n|t:|1698019794\n|cant|p1a: Jerry|slp\n|move|p2a: Shade|Psyshock|p1a: Jerry\n|-immune|p1a: Jerry\n|\n|-damage|p1a: Jerry|16\/100 slp|[from] ability: Bad Dreams|[of] p2a: Shade\n|-formechange|p1a: Jerry|Morpeko-Hangry||[from] ability: Hunger Switch\n|upkeep\n|turn|16\n|\n|t:|1698019803\n|cant|p1a: Jerry|slp\n|move|p2a: Shade|Hex|p1a: Jerry\n|-resisted|p1a: Jerry\n|-damage|p1a: Jerry|0 fnt\n|faint|p1a: Jerry\n|\n|upkeep\n|\n|t:|1698019805\n|switch|p1a: Perry|Morpeko, M|100\/100\n|turn|17\n|\n|t:|1698019813\n|move|p2a: Shade|Dark Void|p1a: Perry\n|-status|p1a: Perry|slp|[from] move: Dark Void\n|cant|p1a: Perry|slp\n|\n|-damage|p1a: Perry|88\/100 slp|[from] ability: Bad Dreams|[of] p2a: Shade\n|-formechange|p1a: Perry|Morpeko-Hangry||[from] ability: Hunger Switch\n|upkeep\n|turn|18\n|\n|t:|1698019822\n|move|p2a: Shade|Hex|p1a: Perry\n|-resisted|p1a: Perry\n|-damage|p1a: Perry|38\/100 slp\n|-curestatus|p1a: Perry|slp|[msg]\n|move|p1a: Perry|Aura Wheel|p2a: Shade\n|-resisted|p2a: Shade\n|-damage|p2a: Shade|8\/100\n|-boost|p1a: Perry|spe|1\n|\n|-formechange|p1a: Perry|Morpeko||[from] ability: Hunger Switch\n|upkeep\n|turn|19\n|\n|t:|1698019833\n|move|p1a: Perry|Bullet Seed|p2a: Shade\n|-damage|p2a: Shade|0 fnt\n|faint|p2a: Shade\n|-hitcount|p2: Shade|1\n|\n|win|Fig Jam n Crepes\n|raw|Fig Jam n Crepes's rating: 1261 &rarr; <strong>1277<\/strong><br \/>(+16 for winning)\n|raw|8Y55A1's rating: 1124 &rarr; <strong>1108<\/strong><br \/>(-16 for losing)\n|l|\u26068Y55A1\n","uploadtime":1698019849,"views":15,"p1id":"figjamncrepes","p2id":"8y55a1","formatid":"gen9anythinggoes","rating":1108,"private":0,"password":""}