{"id":"gen9anythinggoes-1979465387","p1":"HappyCake","p2":"alcremiemonofairy","format":"[Gen 9] Anything Goes","log":"|j|\u2606HappyCake\n|j|\u2606alcremiemonofairy\n|t:|1698684827\n|gametype|singles\n|player|p1|HappyCake|unknown|1005\n|player|p2|alcremiemonofairy|maid|1085\n|teamsize|p1|6\n|teamsize|p2|6\n|gen|9\n|tier|[Gen 9] Anything Goes\n|rated|\n|rule|HP Percentage Mod: HP is shown in percentages\n|rule|Endless Battle Clause: Forcing endless battles is banned\n|clearpoke\n|poke|p1|Landorus, M|\n|poke|p1|Landorus, M|\n|poke|p1|Landorus, M|\n|poke|p1|Landorus, M|\n|poke|p1|Landorus, M|\n|poke|p1|Landorus, M|\n|poke|p2|Ceruledge, F|\n|poke|p2|Rotom-Heat|\n|poke|p2|Magcargo, F|\n|poke|p2|Torkoal, M|\n|poke|p2|Scovillain, F|\n|poke|p2|Skeledirge, F|\n|teampreview\n|\n|t:|1698684836\n|start\n|switch|p1a: Landorus|Landorus, M|100\/100\n|switch|p2a: Scovillain|Scovillain, F|100\/100\n|turn|1\n|\n|t:|1698684844\n|-terastallize|p2a: Scovillain|Grass\n|move|p1a: Landorus|Gravity|p1a: Landorus\n|-fieldstart|move: Gravity\n|move|p2a: Scovillain|Leech Seed|p1a: Landorus\n|-start|p1a: Landorus|move: Leech Seed\n|\n|-damage|p1a: Landorus|88\/100|[from] Leech Seed|[of] p2a: Scovillain\n|upkeep\n|turn|2\n|\n|t:|1698684851\n|move|p1a: Landorus|Fissure|p2a: Scovillain|[miss]\n|-miss|p1a: Landorus|p2a: Scovillain\n|move|p2a: Scovillain|Growth|p2a: Scovillain\n|-boost|p2a: Scovillain|atk|1\n|-boost|p2a: Scovillain|spa|1\n|\n|-damage|p1a: Landorus|76\/100|[from] Leech Seed|[of] p2a: Scovillain\n|upkeep\n|turn|3\n|\n|t:|1698684858\n|move|p1a: Landorus|Earthquake|p2a: Scovillain\n|-resisted|p2a: Scovillain\n|-damage|p2a: Scovillain|61\/100\n|move|p2a: Scovillain|Giga Drain|p1a: Landorus\n|-damage|p1a: Landorus|0 fnt\n|-heal|p2a: Scovillain|100\/100|[from] drain|[of] p1a: Landorus\n|faint|p1a: Landorus\n|\n|upkeep\n|\n|t:|1698684866\n|switch|p1a: Landorus|Landorus, M|100\/100\n|turn|4\n|\n|t:|1698684868\n|move|p1a: Landorus|Fissure|p2a: Scovillain\n|-damage|p2a: Scovillain|0 fnt\n|faint|p2a: Scovillain\n|-ohko\n|\n|upkeep\n|\n|t:|1698684883\n|switch|p2a: Rotom|Rotom-Heat|100\/100\n|turn|5\n|\n|t:|1698684885\n|move|p2a: Rotom|Trick|p1a: Landorus\n|-activate|p2a: Rotom|move: Trick|[of] p1a: Landorus\n|-item|p1a: Landorus|Choice Scarf|[from] move: Trick\n|-item|p2a: Rotom|Zoom Lens|[from] move: Trick\n|move|p1a: Landorus|Fissure|p2a: Rotom\n|-damage|p2a: Rotom|0 fnt\n|faint|p2a: Rotom\n|-ohko\n|\n|-fieldend|move: Gravity\n|upkeep\n|\n|t:|1698684892\n|switch|p2a: Magcargo|Magcargo, F|100\/100\n|turn|6\n|\n|t:|1698684911\n|move|p1a: Landorus|Fissure|p2a: Magcargo|[miss]\n|-miss|p1a: Landorus|p2a: Magcargo\n|move|p2a: Magcargo|Shell Smash|p2a: Magcargo\n|-unboost|p2a: Magcargo|def|1\n|-unboost|p2a: Magcargo|spd|1\n|-boost|p2a: Magcargo|atk|2\n|-boost|p2a: Magcargo|spa|2\n|-boost|p2a: Magcargo|spe|2\n|-enditem|p2a: Magcargo|White Herb\n|-clearnegativeboost|p2a: Magcargo|[silent]\n|\n|upkeep\n|turn|7\n|\n|t:|1698684924\n|move|p1a: Landorus|Fissure|p2a: Magcargo|[miss]\n|-miss|p1a: Landorus|p2a: Magcargo\n|move|p2a: Magcargo|Shell Smash|p2a: Magcargo\n|-unboost|p2a: Magcargo|def|1\n|-unboost|p2a: Magcargo|spd|1\n|-boost|p2a: Magcargo|atk|2\n|-boost|p2a: Magcargo|spa|2\n|-boost|p2a: Magcargo|spe|2\n|\n|upkeep\n|turn|8\n|\n|t:|1698684932\n|move|p1a: Landorus|Fissure|p2a: Magcargo\n|-damage|p2a: Magcargo|0 fnt\n|faint|p2a: Magcargo\n|-ohko\n|\n|upkeep\n|-message|alcremiemonofairy forfeited.\n|\n|win|HappyCake\n|raw|HappyCake's rating: 1005 &rarr; <strong>1053<\/strong><br \/>(+48 for winning)\n|raw|alcremiemonofairy's rating: 1085 &rarr; <strong>1057<\/strong><br \/>(-28 for losing)\n|l|\u2606alcremiemonofairy\n","uploadtime":1698684949,"views":3,"p1id":"happycake","p2id":"alcremiemonofairy","formatid":"gen9anythinggoes","rating":1053,"private":0,"password":""}