{"id":"gen9anythinggoes-1996871526","p1":"Arpitraj1","p2":"ringlord","format":"[Gen 9] Anything Goes","log":"|j|\u2606Arpitraj1\n|j|\u2606ringlord\n|inactive|Battle timer is ON: inactive players will automatically lose when time's up.\n|t:|1700738310\n|gametype|singles\n|player|p1|Arpitraj1|anabel|\n|player|p2|ringlord|170|\n|teamsize|p1|6\n|teamsize|p2|6\n|gen|9\n|tier|[Gen 9] Anything Goes\n|rated|Tournament battle\n|rule|HP Percentage Mod: HP is shown in percentages\n|rule|Endless Battle Clause: Forcing endless battles is banned\n|clearpoke\n|poke|p1|Calyrex-Shadow|\n|poke|p1|Zacian-*|\n|poke|p1|Landorus-Therian, M|\n|poke|p1|Ting-Lu|\n|poke|p1|Koraidon|\n|poke|p1|Arceus|\n|poke|p2|Arceus-Ground|\n|poke|p2|Arceus|\n|poke|p2|Ditto|\n|poke|p2|Eternatus|\n|poke|p2|Koraidon|\n|poke|p2|Miraidon|\n|teampreview\n|inactive|Arpitraj1 also wants the timer to be on.\n|j| ZowwyCafe\u2764\n|\n|t:|1700738315\n|start\n|switch|p1a: Suggest a name|Landorus-Therian, M|100\/100\n|switch|p2a: Eternatus|Eternatus|100\/100\n|-ability|p2a: Eternatus|Pressure\n|-ability|p1a: Suggest a name|Intimidate|boost\n|-unboost|p2a: Eternatus|atk|1\n|turn|1\n|c|\u2606ringlord|gl hf\n|\n|t:|1700738326\n|move|p2a: Eternatus|Dynamax Cannon|p1a: Suggest a name\n|-damage|p1a: Suggest a name|24\/100\n|-damage|p2a: Eternatus|91\/100|[from] item: Life Orb\n|move|p1a: Suggest a name|Earthquake|p2a: Eternatus\n|-supereffective|p2a: Eternatus\n|-damage|p2a: Eternatus|12\/100\n|\n|upkeep\n|turn|2\n|\n|t:|1700738338\n|switch|p1a: Zorrycafe|Zacian-Crowned|100\/100\n|-ability|p1a: Zorrycafe|Intrepid Sword|boost\n|-boost|p1a: Zorrycafe|atk|1\n|move|p2a: Eternatus|Flamethrower|p1a: Zorrycafe\n|-supereffective|p1a: Zorrycafe\n|-damage|p1a: Zorrycafe|20\/100\n|-damage|p2a: Eternatus|2\/100|[from] item: Life Orb\n|\n|upkeep\n|turn|3\n|j| laprasplayer\n|\n|t:|1700738348\n|move|p1a: Zorrycafe|Behemoth Blade|p2a: Eternatus\n|-damage|p2a: Eternatus|0 fnt\n|faint|p2a: Eternatus\n|\n|upkeep\n|\n|t:|1700738351\n|switch|p2a: Ditto|Ditto|100\/100\n|-transform|p2a: Ditto|p1a: Zorrycafe|[from] ability: Imposter\n|-ability|p2a: Ditto|Intrepid Sword|boost\n|-boost|p2a: Ditto|atk|1\n|turn|4\n|c| ZowwyCafe\u2764|ok what????? not going tinglu turn one hurt my soul\n|c| ZowwyCafe\u2764|;-;\n|\n|t:|1700738372\n|switch|p1a: Suggest a name|Landorus-Therian, M|24\/100\n|-ability|p1a: Suggest a name|Intimidate|boost\n|-unboost|p2a: Ditto|atk|1\n|move|p2a: Ditto|Behemoth Blade|p1a: Suggest a name\n|-damage|p1a: Suggest a name|0 fnt\n|-damage|p2a: Ditto|84\/100|[from] item: Rocky Helmet|[of] p1a: Suggest a name\n|faint|p1a: Suggest a name\n|\n|upkeep\n|\n|t:|1700738378\n|switch|p1a: TPRADO'S comeback|Ting-Lu|100\/100\n|-ability|p1a: TPRADO'S comeback|Vessel of Ruin\n|turn|5\n|inactive|ringlord has 120 seconds left.\n|\n|t:|1700738429\n|move|p2a: Ditto|Behemoth Blade|p1a: TPRADO'S comeback\n|-damage|p1a: TPRADO'S comeback|56\/100\n|move|p1a: TPRADO'S comeback|Earthquake|p2a: Ditto\n|-supereffective|p2a: Ditto\n|-damage|p2a: Ditto|11\/100\n|\n|-heal|p1a: TPRADO'S comeback|62\/100|[from] item: Leftovers\n|upkeep\n|turn|6\n|\n|t:|1700738441\n|move|p2a: Ditto|Behemoth Blade|p1a: TPRADO'S comeback\n|-damage|p1a: TPRADO'S comeback|11\/100\n|move|p1a: TPRADO'S comeback|Spikes|p2a: Ditto\n|-sidestart|p2: ringlord|Spikes\n|\n|-heal|p1a: TPRADO'S comeback|17\/100|[from] item: Leftovers\n|upkeep\n|turn|7\n|\n|t:|1700738464\n|move|p2a: Ditto|Behemoth Blade|p1a: TPRADO'S comeback\n|-damage|p1a: TPRADO'S comeback|0 fnt\n|faint|p1a: TPRADO'S comeback\n|\n|upkeep\n|\n|t:|1700738468\n|switch|p1a: Dregone|Arceus|100\/100\n|turn|8\n|c| ZowwyCafe\u2764|dre is gone\n|inactive|ringlord has 90 seconds left.\n|\n|t:|1700738509\n|switch|p2a: Arceus|Arceus-Ground|100\/100\n|-damage|p2a: Arceus|88\/100|[from] Spikes\n|move|p1a: Dregone|Extreme Speed|p2a: Arceus\n|-damage|p2a: Arceus|67\/100\n|\n|upkeep\n|turn|9\n|j| sumitvs138\n|\n|t:|1700738529\n|move|p1a: Dregone|Swords Dance|p1a: Dregone\n|-boost|p1a: Dregone|atk|2\n|move|p2a: Arceus|Recover|p2a: Arceus\n|-heal|p2a: Arceus|100\/100\n|\n|upkeep\n|turn|10\n|\n|t:|1700738533\n|move|p1a: Dregone|Extreme Speed|p2a: Arceus\n|-damage|p2a: Arceus|56\/100\n|move|p2a: Arceus|Judgment|p1a: Dregone\n|-damage|p1a: Dregone|70\/100\n|\n|upkeep\n|turn|11\n|inactive|ringlord has 90 seconds left.\n|\n|t:|1700738562\n|move|p2a: Arceus|Judgment|p1a: Dregone\n|-damage|p1a: Dregone|40\/100\n|move|p1a: Dregone|Swords Dance|p1a: Dregone\n|-boost|p1a: Dregone|atk|2\n|\n|upkeep\n|turn|12\n|j|#Wrathoftheleopard\n|inactive|Arpitraj1 has 120 seconds left.\n|l|#Wrathoftheleopard\n|\n|t:|1700738603\n|move|p1a: Dregone|Recover|p1a: Dregone\n|-heal|p1a: Dregone|90\/100\n|move|p2a: Arceus|Judgment|p1a: Dregone\n|-damage|p1a: Dregone|60\/100\n|\n|upkeep\n|turn|13\n|\n|t:|1700738611\n|move|p1a: Dregone|Extreme Speed|p2a: Arceus\n|-damage|p2a: Arceus|0 fnt\n|faint|p2a: Arceus\n|\n|upkeep\n|c|\u2606ringlord|gg\n|-message|ringlord forfeited.\n|\n|win|Arpitraj1\n|n|\u2606Arpitraj1|arpitraj1\n|n|\u2606ringlord|ringlord\n|n| ZowwyCafe\u2764|zowwycafe\n|n| laprasplayer|laprasplayer\n|n| sumitvs138|sumitvs138\n","uploadtime":1700738625,"views":3,"p1id":"arpitraj1","p2id":"ringlord","formatid":"gen9anythinggoes","rating":0,"private":0,"password":""}