{"id":"gen9anythinggoes-1973918662","p1":"Maucaholics","p2":"Slowbroski95","format":"[Gen 9] Anything Goes","log":"|j|\u2606Maucaholics\n|j|\u2606Slowbroski95\n|t:|1698028031\n|gametype|singles\n|player|p1|Maucaholics|youngcouple|\n|player|p2|Slowbroski95|169|\n|teamsize|p1|6\n|teamsize|p2|6\n|gen|9\n|tier|[Gen 9] Anything Goes\n|rule|HP Percentage Mod: HP is shown in percentages\n|rule|Endless Battle Clause: Forcing endless battles is banned\n|clearpoke\n|poke|p1|Landorus-Therian, M|\n|poke|p1|Hoopa-Unbound|\n|poke|p1|Drifblim, F|\n|poke|p1|Maushold|\n|poke|p1|Manaphy|\n|poke|p1|Chansey, F|\n|poke|p2|Meowscarada, F|\n|poke|p2|Slowking, F|\n|poke|p2|Slowking-Galar, M|\n|poke|p2|Gengar, M|\n|poke|p2|Weezing-Galar, M|\n|poke|p2|Slowbro-Galar, F|\n|teampreview\n|j| RikkaKitt\n|j| LSGodzilla95\n|j| alekbowl2023\n|c| alekbowl2023|POG\n|c| LSGodzilla95|go azim!\n|\n|t:|1698028081\n|start\n|switch|p1a: Landorus|Landorus-Therian, M|100\/100\n|switch|p2a: Meowscarada|Meowscarada, F|100\/100\n|-ability|p1a: Landorus|Intimidate|boost\n|-unboost|p2a: Meowscarada|atk|1\n|turn|1\n|\n|t:|1698028138\n|move|p2a: Meowscarada|Trick|p1a: Landorus\n|-start|p2a: Meowscarada|typechange|Psychic|[from] ability: Protean\n|-activate|p2a: Meowscarada|move: Trick|[of] p1a: Landorus\n|-item|p1a: Landorus|Choice Scarf|[from] move: Trick\n|-item|p2a: Meowscarada|Choice Scarf|[from] move: Trick\n|move|p1a: Landorus|U-turn|p2a: Meowscarada\n|-supereffective|p2a: Meowscarada\n|-damage|p2a: Meowscarada|39\/100\n|\n|t:|1698028217\n|switch|p1a: Chansey|Chansey, F|100\/100|[from] U-turn\n|\n|upkeep\n|turn|2\n|\n|t:|1698028261\n|move|p2a: Meowscarada|U-turn|p1a: Chansey\n|-damage|p1a: Chansey|91\/100\n|\n|t:|1698028282\n|switch|p2a: Slowbro|Slowbro-Galar, F|100\/100|[from] U-turn\n|move|p1a: Chansey|Seismic Toss|p2a: Slowbro\n|-damage|p2a: Slowbro|75\/100\n|\n|upkeep\n|turn|3\n|j| Mister Favourite\n|\n|t:|1698028319\n|switch|p1a: Drifblim|Drifblim, F|100\/100\n|move|p2a: Slowbro|Calm Mind|p2a: Slowbro\n|-boost|p2a: Slowbro|spa|1\n|-boost|p2a: Slowbro|spd|1\n|\n|-status|p1a: Drifblim|brn|[from] item: Flame Orb\n|upkeep\n|turn|4\n|\n|t:|1698028534\n|move|p1a: Drifblim|Shadow Ball|p2a: Slowbro\n|-supereffective|p2a: Slowbro\n|-damage|p2a: Slowbro|0 fnt\n|faint|p2a: Slowbro\n|\n|-damage|p1a: Drifblim|94\/100 brn|[from] brn\n|upkeep\n|\n|t:|1698028562\n|switch|p2a: Gengar|Gengar, M|100\/100\n|turn|5\n|\n|t:|1698028589\n|switch|p1a: Chansey|Chansey, F|91\/100\n|move|p2a: Gengar|Will-O-Wisp|p1a: Chansey|[miss]\n|-miss|p2a: Gengar|p1a: Chansey\n|\n|upkeep\n|turn|6\n|\n|t:|1698028612\n|switch|p2a: CSlowking|Slowking, F|100\/100\n|move|p1a: Chansey|Stealth Rock|p2a: CSlowking\n|-sidestart|p2: Slowbroski95|move: Stealth Rock\n|\n|upkeep\n|turn|7\n|\n|t:|1698028625\n|move|p1a: Chansey|Seismic Toss|p2a: CSlowking\n|-damage|p2a: CSlowking|75\/100\n|move|p2a: CSlowking|Nasty Plot|p2a: CSlowking\n|-boost|p2a: CSlowking|spa|2\n|\n|upkeep\n|turn|8\n|\n|t:|1698028640\n|switch|p1a: Manaphy|Manaphy|100\/100\n|move|p2a: CSlowking|Nasty Plot|p2a: CSlowking\n|-boost|p2a: CSlowking|spa|2\n|\n|upkeep\n|turn|9\n|\n|t:|1698028651\n|move|p1a: Manaphy|Heart Swap|p2a: CSlowking\n|-swapboost|p1a: Manaphy|p2a: CSlowking|[from] move: Heart Swap\n|move|p2a: CSlowking|Psychic|p1a: Manaphy\n|-damage|p1a: Manaphy|75\/100\n|\n|upkeep\n|turn|10\n|\n|t:|1698028793\n|switch|p2a: Slowking|Slowking-Galar, M|100\/100\n|-damage|p2a: Slowking|88\/100|[from] Stealth Rock\n|move|p1a: Manaphy|Shadow Ball|p2a: Slowking\n|-supereffective|p2a: Slowking\n|-damage|p2a: Slowking|41\/100\n|-unboost|p2a: Slowking|spd|1\n|\n|upkeep\n|turn|11\n|\n|t:|1698028808\n|move|p1a: Manaphy|Shadow Ball|p2a: Slowking\n|-supereffective|p2a: Slowking\n|-crit|p2a: Slowking\n|-damage|p2a: Slowking|0 fnt\n|faint|p2a: Slowking\n|\n|upkeep\n|\n|t:|1698028814\n|switch|p2a: Meowscarada|Meowscarada, F|39\/100\n|-damage|p2a: Meowscarada|27\/100|[from] Stealth Rock\n|turn|12\n|\n|t:|1698028826\n|move|p2a: Meowscarada|Flower Trick|p1a: Manaphy\n|-start|p2a: Meowscarada|typechange|Grass|[from] ability: Protean\n|-supereffective|p1a: Manaphy\n|-crit|p1a: Manaphy\n|-damage|p1a: Manaphy|0 fnt\n|faint|p1a: Manaphy\n|\n|upkeep\n|\n|t:|1698028845\n|switch|p1a: Landorus|Landorus-Therian, M|100\/100\n|-ability|p1a: Landorus|Intimidate|boost\n|-unboost|p2a: Meowscarada|atk|1\n|turn|13\n|\n|t:|1698028884\n|switch|p2a: Weezing|Weezing-Galar, M|100\/100\n|-ability|p2a: Weezing|Neutralizing Gas\n|-damage|p2a: Weezing|88\/100|[from] Stealth Rock\n|move|p1a: Landorus|U-turn|p2a: Weezing\n|-resisted|p2a: Weezing\n|-damage|p2a: Weezing|85\/100\n|-damage|p1a: Landorus|84\/100|[from] item: Rocky Helmet|[of] p2a: Weezing\n|\n|t:|1698028899\n|switch|p1a: Hoopa|Hoopa-Unbound|100\/100|[from] U-turn\n|\n|upkeep\n|turn|14\n|\n|t:|1698028909\n|move|p1a: Hoopa|Psychic|p2a: Weezing\n|-supereffective|p2a: Weezing\n|-damage|p2a: Weezing|0 fnt\n|faint|p2a: Weezing\n|-end|p2a: Weezing|ability: Neutralizing Gas\n|\n|upkeep\n|\n|t:|1698028957\n|switch|p2a: Gengar|Gengar, M|100\/100\n|-damage|p2a: Gengar|88\/100|[from] Stealth Rock\n|turn|15\n|\n|t:|1698028975\n|move|p2a: Gengar|Will-O-Wisp|p1a: Hoopa\n|-status|p1a: Hoopa|brn\n|move|p1a: Hoopa|Knock Off|p2a: Gengar\n|-supereffective|p2a: Gengar\n|-damage|p2a: Gengar|0 fnt\n|-enditem|p2a: Gengar|Black Sludge|[from] move: Knock Off|[of] p1a: Hoopa\n|faint|p2a: Gengar\n|\n|-damage|p1a: Hoopa|94\/100 brn|[from] brn\n|upkeep\n|\n|t:|1698028985\n|switch|p2a: CSlowking|Slowking, F|100\/100\n|-damage|p2a: CSlowking|88\/100|[from] Stealth Rock\n|turn|16\n|\n|t:|1698029024\n|switch|p1a: Drifblim|Drifblim, F|94\/100 brn\n|move|p2a: CSlowking|Flamethrower|p1a: Drifblim\n|-damage|p1a: Drifblim|59\/100 brn\n|\n|-damage|p1a: Drifblim|52\/100 brn|[from] brn\n|upkeep\n|turn|17\n|\n|t:|1698029105\n|-terastallize|p1a: Drifblim|Ghost\n|move|p1a: Drifblim|Shadow Ball|p2a: CSlowking\n|-supereffective|p2a: CSlowking\n|-damage|p2a: CSlowking|0 fnt\n|faint|p2a: CSlowking\n|\n|-damage|p1a: Drifblim|46\/100 brn|[from] brn\n|upkeep\n|\n|t:|1698029112\n|switch|p2a: Meowscarada|Meowscarada, F|27\/100\n|-damage|p2a: Meowscarada|14\/100|[from] Stealth Rock\n|turn|18\n|\n|t:|1698029129\n|switch|p1a: Chansey|Chansey, F|91\/100\n|move|p2a: Meowscarada|Knock Off|p1a: Chansey\n|-start|p2a: Meowscarada|typechange|Dark|[from] ability: Protean\n|-damage|p1a: Chansey|60\/100\n|-enditem|p1a: Chansey|Eviolite|[from] move: Knock Off|[of] p2a: Meowscarada\n|\n|upkeep\n|turn|19\n|\n|t:|1698029139\n|move|p2a: Meowscarada|Knock Off|p1a: Chansey\n|-damage|p1a: Chansey|34\/100\n|move|p1a: Chansey|Seismic Toss|p2a: Meowscarada\n|-damage|p2a: Meowscarada|0 fnt\n|faint|p2a: Meowscarada\n|\n|win|Maucaholics\n|l| RikkaKitt\n","uploadtime":1698029150,"views":12,"p1id":"maucaholics","p2id":"slowbroski95","formatid":"gen9anythinggoes","rating":0,"private":0,"password":""}