{"id":"gen9anythinggoes-1978213666","p1":"Helton Uzumaki","p2":"Xionicdemon","format":"[Gen 9] Anything Goes","log":"|j|\u2606Helton Uzumaki\n|j|\u2606Xionicdemon\n|t:|1698513256\n|gametype|singles\n|player|p1|Helton Uzumaki|cyrus|1067\n|player|p2|Xionicdemon|hugh|1244\n|teamsize|p1|6\n|teamsize|p2|6\n|gen|9\n|tier|[Gen 9] Anything Goes\n|rated|\n|rule|HP Percentage Mod: HP is shown in percentages\n|rule|Endless Battle Clause: Forcing endless battles is banned\n|clearpoke\n|poke|p1|Urshifu-*, M|\n|poke|p1|Lokix, M|\n|poke|p1|Cinderace, M|\n|poke|p1|Hatterene, F|\n|poke|p1|Rotom-Mow|\n|poke|p1|Gengar, M|\n|poke|p2|Meowscarada, F|\n|poke|p2|Volcarona, F|\n|poke|p2|Braviary, M|\n|poke|p2|Tinkaton, F|\n|poke|p2|Toxtricity, F|\n|poke|p2|Garchomp, F|\n|teampreview\n|\n|t:|1698513264\n|start\n|switch|p1a: Pedro|Cinderace, M|100\/100\n|switch|p2a: Volcarona|Volcarona, F|100\/100\n|turn|1\n|\n|t:|1698513282\n|switch|p2a: Garchomp|Garchomp, F|100\/100\n|move|p1a: Pedro|Gunk Shot|p2a: Garchomp\n|-start|p1a: Pedro|typechange|Poison|[from] ability: Libero\n|-resisted|p2a: Garchomp\n|-damage|p2a: Garchomp|70\/100\n|-status|p2a: Garchomp|psn\n|\n|-damage|p2a: Garchomp|57\/100 psn|[from] psn\n|upkeep\n|turn|2\n|\n|t:|1698513295\n|move|p1a: Pedro|High Jump Kick|p2a: Garchomp\n|-damage|p2a: Garchomp|13\/100 psn\n|-damage|p1a: Pedro|88\/100|[from] ability: Rough Skin|[of] p2a: Garchomp\n|-damage|p1a: Pedro|72\/100|[from] item: Rocky Helmet|[of] p2a: Garchomp\n|move|p2a: Garchomp|Earthquake|p1a: Pedro\n|-supereffective|p1a: Pedro\n|-crit|p1a: Pedro\n|-damage|p1a: Pedro|0 fnt\n|faint|p1a: Pedro\n|\n|-damage|p2a: Garchomp|1\/100 psn|[from] psn\n|upkeep\n|\n|t:|1698513309\n|switch|p1a: Rotom|Rotom-Mow, shiny|100\/100\n|turn|3\n|\n|t:|1698513315\n|move|p1a: Rotom|Leaf Storm|p2a: Garchomp\n|-damage|p2a: Garchomp|0 fnt\n|-unboost|p1a: Rotom|spa|2\n|faint|p2a: Garchomp\n|\n|upkeep\n|\n|t:|1698513324\n|switch|p2a: Volcarona|Volcarona, F|100\/100\n|turn|4\n|\n|t:|1698513344\n|switch|p1a: Urshifu|Urshifu-Rapid-Strike, M|100\/100\n|move|p2a: Volcarona|Fiery Dance|p1a: Urshifu\n|-resisted|p1a: Urshifu\n|-damage|p1a: Urshifu|67\/100\n|\n|-heal|p1a: Urshifu|73\/100|[from] item: Leftovers\n|upkeep\n|turn|5\n|\n|t:|1698513359\n|move|p1a: Urshifu|Thunder Punch|p2a: Volcarona\n|-damage|p2a: Volcarona|63\/100\n|move|p2a: Volcarona|Will-O-Wisp|p1a: Urshifu|[miss]\n|-miss|p2a: Volcarona|p1a: Urshifu\n|\n|-heal|p1a: Urshifu|79\/100|[from] item: Leftovers\n|upkeep\n|turn|6\n|\n|t:|1698513368\n|move|p1a: Urshifu|Liquidation|p2a: Volcarona\n|-supereffective|p2a: Volcarona\n|-damage|p2a: Volcarona|0 fnt\n|-status|p1a: Urshifu|brn|[from] ability: Flame Body|[of] p2a: Volcarona\n|faint|p2a: Volcarona\n|\n|-heal|p1a: Urshifu|85\/100 brn|[from] item: Leftovers\n|-damage|p1a: Urshifu|79\/100 brn|[from] brn\n|upkeep\n|\n|t:|1698513377\n|switch|p2a: Braviary|Braviary, M|100\/100\n|turn|7\n|\n|t:|1698513383\n|move|p1a: Urshifu|Rock Slide|p2a: Braviary\n|-supereffective|p2a: Braviary\n|-damage|p2a: Braviary|70\/100\n|move|p2a: Braviary|Dual Wingbeat|p1a: Urshifu\n|-supereffective|p1a: Urshifu\n|-damage|p1a: Urshifu|32\/100 brn\n|-supereffective|p1a: Urshifu\n|-damage|p1a: Urshifu|0 fnt\n|faint|p1a: Urshifu\n|-hitcount|p1: Urshifu|2\n|\n|upkeep\n|\n|t:|1698513396\n|switch|p1a: Rotom|Rotom-Mow, shiny|100\/100\n|turn|8\n|\n|t:|1698513414\n|move|p1a: Rotom|Discharge|p2a: Braviary\n|-supereffective|p2a: Braviary\n|-damage|p2a: Braviary|0 fnt\n|faint|p2a: Braviary\n|\n|upkeep\n|\n|t:|1698513423\n|switch|p2a: Toxtricity|Toxtricity, F|100\/100\n|turn|9\n|\n|t:|1698513433\n|switch|p1a: Hatterene|Hatterene, F|100\/100\n|move|p2a: Toxtricity|Sludge Bomb|p1a: Hatterene\n|-supereffective|p1a: Hatterene\n|-damage|p1a: Hatterene|6\/100\n|\n|-heal|p1a: Hatterene|12\/100|[from] item: Leftovers\n|upkeep\n|turn|10\n|\n|t:|1698513451\n|move|p2a: Toxtricity|Boomburst|p1a: Hatterene\n|-damage|p1a: Hatterene|0 fnt\n|faint|p1a: Hatterene\n|-enditem|p2a: Toxtricity|Throat Spray\n|-boost|p2a: Toxtricity|spa|1|[from] item: Throat Spray\n|\n|upkeep\n|\n|t:|1698513467\n|switch|p1a: Gengar|Gengar, M, shiny|100\/100\n|turn|11\n|\n|t:|1698513493\n|-terastallize|p1a: Gengar|Fire\n|move|p1a: Gengar|Will-O-Wisp|p2a: Toxtricity\n|-status|p2a: Toxtricity|brn\n|move|p2a: Toxtricity|Overdrive|p1a: Gengar\n|-damage|p1a: Gengar|0 fnt\n|-start|p2a: Toxtricity|Disable|Overdrive|[from] ability: Cursed Body|[of] p1a: Gengar\n|faint|p1a: Gengar\n|\n|-damage|p2a: Toxtricity|94\/100 brn|[from] brn\n|upkeep\n|\n|t:|1698513510\n|switch|p1a: Lokix|Lokix, M|100\/100\n|turn|12\n|\n|t:|1698513526\n|move|p1a: Lokix|Sucker Punch|p2a: Toxtricity\n|-damage|p2a: Toxtricity|54\/100 brn\n|move|p2a: Toxtricity|Sludge Bomb|p1a: Lokix\n|-damage|p1a: Lokix|0 fnt\n|faint|p1a: Lokix\n|\n|-damage|p2a: Toxtricity|47\/100 brn|[from] brn\n|upkeep\n|\n|t:|1698513536\n|switch|p1a: Rotom|Rotom-Mow, shiny|100\/100\n|turn|13\n|\n|t:|1698513543\n|move|p1a: Rotom|Leaf Storm|p2a: Toxtricity\n|-resisted|p2a: Toxtricity\n|-damage|p2a: Toxtricity|17\/100 brn\n|-unboost|p1a: Rotom|spa|2\n|move|p2a: Toxtricity|Sludge Bomb|p1a: Rotom\n|-supereffective|p1a: Rotom\n|-damage|p1a: Rotom|0 fnt\n|faint|p1a: Rotom\n|\n|win|Xionicdemon\n|raw|Helton Uzumaki's rating: 1067 &rarr; <strong>1056<\/strong><br \/>(-11 for losing)\n|raw|Xionicdemon's rating: 1244 &rarr; <strong>1257<\/strong><br \/>(+13 for winning)\n","uploadtime":1698513553,"views":7,"p1id":"heltonuzumaki","p2id":"xionicdemon","formatid":"gen9anythinggoes","rating":1056,"private":0,"password":""}