{"id":"gen9anythinggoes-1998433416","p1":"edgypunishment","p2":"Noodleheadboy25f","format":"[Gen 9] Anything Goes","log":"|j|\u2606edgypunishment\n|j|\u2606Noodleheadboy25f\n|t:|1700941790\n|gametype|singles\n|player|p1|edgypunishment|dawn|1000\n|player|p2|Noodleheadboy25f|102|1000\n|teamsize|p1|6\n|teamsize|p2|6\n|gen|9\n|tier|[Gen 9] Anything Goes\n|rated|\n|rule|HP Percentage Mod: HP is shown in percentages\n|rule|Endless Battle Clause: Forcing endless battles is banned\n|clearpoke\n|poke|p1|Gastly, M|\n|poke|p1|Gastly, F|\n|poke|p1|Haunter, M|\n|poke|p1|Haunter, M|\n|poke|p1|Gengar, M|\n|poke|p1|Gengar, F|\n|poke|p2|Pelipper, F|\n|poke|p2|Mew|\n|poke|p2|Sandy Shocks|\n|poke|p2|Maushold-Four|\n|poke|p2|Clefable, F|\n|poke|p2|Hatterene, F|\n|teampreview\n|inactive|Battle timer is ON: inactive players will automatically lose when time's up. (requested by Noodleheadboy25f)\n|\n|t:|1700941796\n|start\n|switch|p1a: Gastly|Gastly, M|100\/100\n|switch|p2a: Hatterene|Hatterene, F|100\/100\n|turn|1\n|\n|t:|1700941804\n|move|p1a: Gastly|Taunt|p2a: Hatterene\n|move|p2a: Hatterene|Taunt|p1a: Gastly|[from]ability: Magic Bounce\n|-start|p1a: Gastly|move: Taunt\n|move|p2a: Hatterene|Draining Kiss|p1a: Gastly\n|-resisted|p1a: Gastly\n|-damage|p1a: Gastly|68\/100\n|\n|upkeep\n|turn|2\n|\n|t:|1700941815\n|-terastallize|p2a: Hatterene|Psychic\n|-activate|p1a: Gastly|move: Struggle\n|move|p1a: Gastly|Struggle|p2a: Hatterene\n|-damage|p2a: Hatterene|95\/100\n|-damage|p1a: Gastly|43\/100|[from] recoil\n|move|p2a: Hatterene|Calm Mind|p2a: Hatterene\n|-boost|p2a: Hatterene|spa|1\n|-boost|p2a: Hatterene|spd|1\n|\n|upkeep\n|turn|3\n|\n|t:|1700941825\n|-activate|p1a: Gastly|move: Struggle\n|move|p1a: Gastly|Struggle|p2a: Hatterene\n|-damage|p2a: Hatterene|90\/100\n|-damage|p1a: Gastly|18\/100|[from] recoil\n|move|p2a: Hatterene|Dazzling Gleam|p1a: Gastly\n|-resisted|p1a: Gastly\n|-damage|p1a: Gastly|0 fnt\n|faint|p1a: Gastly\n|\n|upkeep\n|\n|t:|1700941838\n|switch|p1a: Gengar|Gengar, M, shiny|100\/100\n|turn|4\n|\n|t:|1700941842\n|move|p1a: Gengar|Poison Jab|p2a: Hatterene\n|-crit|p2a: Hatterene\n|-damage|p2a: Hatterene|34\/100\n|-status|p2a: Hatterene|psn\n|move|p2a: Hatterene|Calm Mind|p2a: Hatterene\n|-boost|p2a: Hatterene|spa|1\n|-boost|p2a: Hatterene|spd|1\n|\n|-damage|p2a: Hatterene|22\/100 psn|[from] psn\n|upkeep\n|-enditem|p2a: Hatterene|Aguav Berry|[eat]\n|-heal|p2a: Hatterene|55\/100 psn|[from] item: Aguav Berry\n|turn|5\n|\n|t:|1700941862\n|move|p1a: Gengar|Knock Off|p2a: Hatterene\n|-supereffective|p2a: Hatterene\n|-crit|p2a: Hatterene\n|-damage|p2a: Hatterene|0 fnt\n|faint|p2a: Hatterene\n|\n|upkeep\n|\n|t:|1700941865\n|switch|p2a: Clefable|Clefable, F|100\/100\n|turn|6\n|\n|t:|1700941872\n|move|p1a: Gengar|Poison Jab|p2a: Clefable\n|-supereffective|p2a: Clefable\n|-damage|p2a: Clefable|25\/100\n|-status|p2a: Clefable|psn\n|-enditem|p2a: Clefable|Aguav Berry|[eat]\n|-heal|p2a: Clefable|58\/100 psn|[from] item: Aguav Berry\n|move|p2a: Clefable|Wish|p2a: Clefable\n|\n|upkeep\n|turn|7\n|\n|t:|1700941882\n|move|p1a: Gengar|Knock Off|p2a: Clefable\n|-resisted|p2a: Clefable\n|-damage|p2a: Clefable|46\/100 psn\n|move|p2a: Clefable|Calm Mind|p2a: Clefable\n|-boost|p2a: Clefable|spa|1\n|-boost|p2a: Clefable|spd|1\n|\n|-heal|p2a: Clefable|96\/100 psn|[from] move: Wish|[wisher] Clefable\n|upkeep\n|turn|8\n|\n|t:|1700941891\n|move|p2a: Clefable|Protect|p2a: Clefable\n|-singleturn|p2a: Clefable|Protect\n|move|p1a: Gengar|Poison Jab|p2a: Clefable\n|-activate|p2a: Clefable|move: Protect\n|\n|upkeep\n|turn|9\n|\n|t:|1700941897\n|move|p1a: Gengar|Poison Jab|p2a: Clefable\n|-supereffective|p2a: Clefable\n|-damage|p2a: Clefable|18\/100 psn\n|move|p2a: Clefable|Moonblast|p1a: Gengar\n|-resisted|p1a: Gengar\n|-damage|p1a: Gengar|55\/100\n|\n|upkeep\n|turn|10\n|\n|t:|1700941907\n|switch|p2a: Maushold|Maushold-Four|100\/100\n|move|p1a: Gengar|Poison Jab|p2a: Maushold\n|-damage|p2a: Maushold|53\/100\n|\n|upkeep\n|turn|11\n|\n|t:|1700941915\n|move|p1a: Gengar|Drain Punch|p2a: Maushold\n|-supereffective|p2a: Maushold\n|-damage|p2a: Maushold|0 fnt\n|-heal|p1a: Gengar|84\/100|[from] drain|[of] p2a: Maushold\n|faint|p2a: Maushold\n|\n|upkeep\n|\n|t:|1700941920\n|switch|p2a: Pelipper|Pelipper, F|100\/100\n|-weather|RainDance|[from] ability: Drizzle|[of] p2a: Pelipper\n|turn|12\n|\n|t:|1700941928\n|switch|p1a: Gastly|Gastly, F, shiny|100\/100\n|move|p2a: Pelipper|Hydro Pump|p1a: Gastly|[miss]\n|-miss|p2a: Pelipper|p1a: Gastly\n|\n|-weather|RainDance|[upkeep]\n|upkeep\n|turn|13\n|\n|t:|1700941937\n|move|p1a: Gastly|Thunderbolt|p2a: Pelipper\n|-supereffective|p2a: Pelipper\n|-damage|p2a: Pelipper|0 fnt\n|faint|p2a: Pelipper\n|\n|-weather|RainDance|[upkeep]\n|upkeep\n|\n|t:|1700941939\n|switch|p2a: Sandy Shocks|Sandy Shocks|100\/100\n|turn|14\n|\n|t:|1700941946\n|move|p2a: Sandy Shocks|Thunder Wave|p1a: Gastly|[miss]\n|-miss|p2a: Sandy Shocks|p1a: Gastly\n|move|p1a: Gastly|Energy Ball|p2a: Sandy Shocks\n|-supereffective|p2a: Sandy Shocks\n|-damage|p2a: Sandy Shocks|28\/100\n|\n|-weather|RainDance|[upkeep]\n|upkeep\n|turn|15\n|\n|t:|1700941957\n|move|p2a: Sandy Shocks|Discharge|p1a: Gastly\n|-damage|p1a: Gastly|0 fnt\n|faint|p1a: Gastly\n|\n|-weather|RainDance|[upkeep]\n|upkeep\n|\n|t:|1700941971\n|switch|p1a: Haunter|Haunter, M, shiny|100\/100\n|turn|16\n|\n|t:|1700941977\n|move|p1a: Haunter|Hex|p2a: Sandy Shocks\n|-damage|p2a: Sandy Shocks|0 fnt\n|faint|p2a: Sandy Shocks\n|-end|p2a: Sandy Shocks|Protosynthesis|[silent]\n|\n|-weather|none\n|upkeep\n|\n|t:|1700941980\n|switch|p2a: Mew|Mew|100\/100\n|turn|17\n|\n|t:|1700941988\n|move|p1a: Haunter|Toxic|p2a: Mew\n|-status|p2a: Mew|tox\n|-activate|p2a: Mew|ability: Synchronize\n|-immune|p1a: Haunter\n|move|p2a: Mew|Air Slash|p1a: Haunter\n|-damage|p1a: Haunter|56\/100\n|\n|-damage|p2a: Mew|94\/100 tox|[from] psn\n|upkeep\n|turn|18\n|\n|t:|1700942000\n|move|p1a: Haunter|Hex|p2a: Mew\n|-supereffective|p2a: Mew\n|-damage|p2a: Mew|0 fnt\n|faint|p2a: Mew\n|\n|upkeep\n|\n|t:|1700942003\n|switch|p2a: Clefable|Clefable, F|18\/100 psn\n|turn|19\n|\n|t:|1700942008\n|move|p1a: Haunter|Hex|p2a: Clefable\n|-damage|p2a: Clefable|0 fnt\n|faint|p2a: Clefable\n|\n|win|edgypunishment\n|raw|edgypunishment's rating: 1000 &rarr; <strong>1040<\/strong><br \/>(+40 for winning)\n|raw|Noodleheadboy25f's rating: 1000 &rarr; <strong>1000<\/strong><br \/>(+0 for losing)\n|l|\u2606Noodleheadboy25f\n","uploadtime":1700942018,"views":1,"p1id":"edgypunishment","p2id":"noodleheadboy25f","formatid":"gen9anythinggoes","rating":1000,"private":0,"password":""}