{"id":"gen9anythinggoes-1994251440","p1":"jeonj23","p2":"Fenella843","format":"[Gen 9] Anything Goes","log":"|j|\u2606jeonj23\n|j|\u2606Fenella843\n|t:|1700423580\n|gametype|singles\n|player|p1|jeonj23|266|1040\n|player|p2|Fenella843|acetrainerf|1147\n|teamsize|p1|6\n|teamsize|p2|6\n|gen|9\n|tier|[Gen 9] Anything Goes\n|rated|\n|rule|HP Percentage Mod: HP is shown in percentages\n|rule|Endless Battle Clause: Forcing endless battles is banned\n|clearpoke\n|poke|p1|Amoonguss, M|\n|poke|p1|Regieleki|\n|poke|p1|Regieleki|\n|poke|p1|Regieleki|\n|poke|p1|Regieleki|\n|poke|p1|Regieleki|\n|poke|p2|Bisharp, F|\n|poke|p2|Scyther, F|\n|poke|p2|Cloyster, M|\n|poke|p2|Electrode|\n|poke|p2|Meowscarada, F|\n|poke|p2|Miraidon|\n|teampreview\n|\n|t:|1700423592\n|start\n|switch|p1a: Regieleki|Regieleki|100\/100\n|switch|p2a: Spike|Cloyster, M|100\/100\n|turn|1\n|\n|t:|1700423600\n|move|p1a: Regieleki|Explosion|p2a: Spike\n|-damage|p2a: Spike|49\/100\n|faint|p1a: Regieleki\n|move|p2a: Spike|Shell Smash|p2a: Spike\n|-unboost|p2a: Spike|def|1\n|-unboost|p2a: Spike|spd|1\n|-boost|p2a: Spike|atk|2\n|-boost|p2a: Spike|spa|2\n|-boost|p2a: Spike|spe|2\n|\n|upkeep\n|\n|t:|1700423608\n|switch|p1a: Regieleki|Regieleki|100\/100\n|turn|2\n|\n|t:|1700423612\n|move|p2a: Spike|Icicle Spear|p1a: Regieleki\n|-damage|p1a: Regieleki|67\/100\n|-damage|p1a: Regieleki|31\/100\n|-damage|p1a: Regieleki|0 fnt\n|faint|p1a: Regieleki\n|-hitcount|p1: Regieleki|3\n|\n|upkeep\n|\n|t:|1700423618\n|switch|p1a: Regieleki|Regieleki|100\/100\n|turn|3\n|\n|t:|1700423622\n|move|p2a: Spike|Icicle Spear|p1a: Regieleki\n|-damage|p1a: Regieleki|63\/100\n|-damage|p1a: Regieleki|30\/100\n|-damage|p1a: Regieleki|0 fnt\n|faint|p1a: Regieleki\n|-hitcount|p1: Regieleki|3\n|\n|upkeep\n|\n|t:|1700423628\n|switch|p1a: Regieleki|Regieleki|100\/100\n|turn|4\n|\n|t:|1700423631\n|move|p2a: Spike|Icicle Spear|p1a: Regieleki\n|-damage|p1a: Regieleki|64\/100\n|-damage|p1a: Regieleki|27\/100\n|-damage|p1a: Regieleki|0 fnt\n|faint|p1a: Regieleki\n|-hitcount|p1: Regieleki|3\n|\n|upkeep\n|\n|t:|1700423637\n|switch|p1a: Regieleki|Regieleki|100\/100\n|turn|5\n|\n|t:|1700423643\n|move|p2a: Spike|Icicle Spear|p1a: Regieleki\n|-damage|p1a: Regieleki|64\/100\n|-damage|p1a: Regieleki|31\/100\n|-crit|p1a: Regieleki\n|-damage|p1a: Regieleki|0 fnt\n|faint|p1a: Regieleki\n|-hitcount|p1: Regieleki|3\n|\n|upkeep\n|\n|t:|1700423649\n|switch|p1a: Amoonguss|Amoonguss, M|100\/100\n|turn|6\n|\n|t:|1700423653\n|-terastallize|p1a: Amoonguss|Grass\n|move|p1a: Amoonguss|Protect|p1a: Amoonguss\n|-singleturn|p1a: Amoonguss|Protect\n|move|p2a: Spike|Icicle Spear|p1a: Amoonguss\n|-activate|p1a: Amoonguss|move: Protect\n|\n|upkeep\n|turn|7\n|\n|t:|1700423660\n|move|p2a: Spike|Icicle Spear|p1a: Amoonguss\n|-supereffective|p1a: Amoonguss\n|-damage|p1a: Amoonguss|50\/100\n|-supereffective|p1a: Amoonguss\n|-crit|p1a: Amoonguss\n|-damage|p1a: Amoonguss|0 fnt\n|faint|p1a: Amoonguss\n|-hitcount|p1: Amoonguss|2\n|\n|win|Fenella843\n|raw|jeonj23's rating: 1040 &rarr; <strong>1029<\/strong><br \/>(-11 for losing)\n|raw|Fenella843's rating: 1147 &rarr; <strong>1165<\/strong><br \/>(+18 for winning)\n|l|\u2606jeonj23\n","uploadtime":1700423675,"views":37,"p1id":"jeonj23","p2id":"fenella843","formatid":"gen9anythinggoes","rating":1029,"private":0,"password":""}