{"id":"gen9anythinggoes-1972590699","p1":"FrostBv","p2":"kailoooo","format":"[Gen 9] Anything Goes","log":"|j|\u2606FrostBv\n|j|\u2606kailoooo\n|t:|1697861089\n|gametype|singles\n|player|p1|FrostBv|giovanni|1120\n|player|p2|kailoooo|pryce-gen2|1251\n|teamsize|p1|4\n|teamsize|p2|6\n|gen|9\n|tier|[Gen 9] Anything Goes\n|rated|\n|rule|HP Percentage Mod: HP is shown in percentages\n|rule|Endless Battle Clause: Forcing endless battles is banned\n|clearpoke\n|poke|p1|Drifblim, M|\n|poke|p1|Ampharos, F|\n|poke|p1|Dudunsparce-*, F|\n|poke|p1|Espathra, F|\n|poke|p2|Dragapult, F|\n|poke|p2|Arceus|\n|poke|p2|Skeledirge, M|\n|poke|p2|Clodsire, F|\n|poke|p2|Rabsca, F|\n|poke|p2|Arceus|\n|teampreview\n|\n|t:|1697861121\n|start\n|switch|p1a: Drifblim|Drifblim, M, shiny|100\/100\n|switch|p2a: Dragapult|Dragapult, F|100\/100\n|turn|1\n|\n|t:|1697861127\n|-terastallize|p1a: Drifblim|Normal\n|move|p2a: Dragapult|Dragon Darts|p1a: Drifblim\n|-crit|p1a: Drifblim\n|-damage|p1a: Drifblim|55\/100\n|-anim|p2a: Dragapult|Dragon Darts|p1a: Drifblim\n|-damage|p1a: Drifblim|22\/100\n|move|p1a: Drifblim|Minimize|p1a: Drifblim\n|-boost|p1a: Drifblim|evasion|2\n|\n|-heal|p1a: Drifblim|28\/100|[from] item: Leftovers\n|upkeep\n|turn|2\n|\n|t:|1697861136\n|move|p2a: Dragapult|Dragon Darts|p1a: Drifblim\n|-damage|p1a: Drifblim|0 fnt\n|faint|p1a: Drifblim\n|\n|upkeep\n|\n|t:|1697861142\n|switch|p1a: Dudunsparce|Dudunsparce, F, shiny|100\/100\n|turn|3\n|\n|t:|1697861157\n|-terastallize|p2a: Dragapult|Dragon\n|move|p2a: Dragapult|Dragon Dance|p2a: Dragapult\n|-boost|p2a: Dragapult|atk|1\n|-boost|p2a: Dragapult|spe|1\n|move|p1a: Dudunsparce|Glare|p2a: Dragapult\n|-status|p2a: Dragapult|par\n|\n|upkeep\n|turn|4\n|\n|t:|1697861164\n|move|p2a: Dragapult|Dragon Darts|p1a: Dudunsparce\n|-damage|p1a: Dudunsparce|51\/100\n|-anim|p2a: Dragapult|Dragon Darts|p1a: Dudunsparce\n|-damage|p1a: Dudunsparce|0 fnt\n|faint|p1a: Dudunsparce\n|\n|upkeep\n|\n|t:|1697861171\n|switch|p1a: Espathra|Espathra, F|100\/100\n|turn|5\n|\n|t:|1697861175\n|move|p1a: Espathra|Calm Mind|p1a: Espathra\n|-boost|p1a: Espathra|spa|1\n|-boost|p1a: Espathra|spd|1\n|move|p2a: Dragapult|Phantom Force||[still]\n|-prepare|p2a: Dragapult|Phantom Force\n|\n|-ability|p1a: Espathra|Speed Boost|boost\n|-boost|p1a: Espathra|spe|1\n|upkeep\n|turn|6\n|\n|t:|1697861181\n|move|p1a: Espathra|Substitute|p1a: Espathra\n|-start|p1a: Espathra|Substitute\n|-damage|p1a: Espathra|76\/100\n|move|p2a: Dragapult|Phantom Force|p1a: Espathra|[from]lockedmove\n|-supereffective|p1a: Espathra\n|-damage|p1a: Espathra|0 fnt\n|faint|p1a: Espathra\n|\n|upkeep\n|c|\u2606kailoooo|uh oh\n|\n|t:|1697861188\n|switch|p1a: Ampharos|Ampharos, F|100\/100\n|turn|7\n|c|\u2606kailoooo|sweep\n|\n|t:|1697861193\n|cant|p2a: Dragapult|par\n|move|p1a: Ampharos|Dragon Pulse|p2a: Dragapult\n|-supereffective|p2a: Dragapult\n|-damage|p2a: Dragapult|29\/100 par\n|\n|upkeep\n|turn|8\n|\n|t:|1697861198\n|cant|p2a: Dragapult|par\n|move|p1a: Ampharos|Dragon Pulse|p2a: Dragapult\n|-supereffective|p2a: Dragapult\n|-damage|p2a: Dragapult|0 fnt\n|faint|p2a: Dragapult\n|\n|upkeep\n|\n|t:|1697861206\n|switch|p2a: Clodsire|Clodsire, F|100\/100\n|turn|9\n|\n|t:|1697861216\n|move|p1a: Ampharos|Ice Punch|p2a: Clodsire\n|-supereffective|p2a: Clodsire\n|-damage|p2a: Clodsire|48\/100\n|-status|p2a: Clodsire|frz\n|-curestatus|p2a: Clodsire|frz|[msg]\n|move|p2a: Clodsire|Earthquake|p1a: Ampharos\n|-supereffective|p1a: Ampharos\n|-damage|p1a: Ampharos|33\/100\n|\n|-heal|p2a: Clodsire|55\/100|[from] item: Leftovers\n|upkeep\n|turn|10\n|\n|t:|1697861226\n|move|p1a: Ampharos|Ice Punch|p2a: Clodsire\n|-supereffective|p2a: Clodsire\n|-crit|p2a: Clodsire\n|-damage|p2a: Clodsire|0 fnt\n|faint|p2a: Clodsire\n|\n|upkeep\n|\n|t:|1697861229\n|switch|p2a: Arceus|Arceus|100\/100\n|turn|11\n|\n|t:|1697861232\n|move|p2a: Arceus|Extreme Speed|p1a: Ampharos\n|-damage|p1a: Ampharos|0 fnt\n|-status|p2a: Arceus|par|[from] ability: Static|[of] p1a: Ampharos\n|faint|p1a: Ampharos\n|\n|win|kailoooo\n|raw|FrostBv's rating: 1120 &rarr; <strong>1104<\/strong><br \/>(-16 for losing)\n|raw|kailoooo's rating: 1251 &rarr; <strong>1267<\/strong><br \/>(+16 for winning)\n|l|\u2606FrostBv\n","uploadtime":1697861241,"views":14,"p1id":"frostbv","p2id":"kailoooo","formatid":"gen9anythinggoes","rating":1104,"private":0,"password":""}