{"id":"gen9anythinggoes-1999093221","p1":"fartingpoo","p2":"pikakirbyyy","format":"[Gen 9] Anything Goes","log":"|j|\u2606fartingpoo\n|j|\u2606pikakirbyyy\n|t:|1701032405\n|gametype|singles\n|player|p1|fartingpoo|169|1026\n|player|p2|pikakirbyyy|candice|1011\n|teamsize|p1|6\n|teamsize|p2|6\n|gen|9\n|tier|[Gen 9] Anything Goes\n|rated|\n|rule|HP Percentage Mod: HP is shown in percentages\n|rule|Endless Battle Clause: Forcing endless battles is banned\n|clearpoke\n|poke|p1|Golduck, M|\n|poke|p1|Gardevoir, M|\n|poke|p1|Gardevoir, M|\n|poke|p1|Gardevoir, M|\n|poke|p1|Gardevoir, M|\n|poke|p1|Komala, F|\n|poke|p2|Jumpluff, M|\n|poke|p2|Jumpluff, F|\n|poke|p2|Jumpluff, F|\n|poke|p2|Jumpluff, M|\n|poke|p2|Jumpluff, M|\n|poke|p2|Jumpluff, F|\n|teampreview\n|c|\u2606pikakirbyyy|YOU AGAIN\n|c|\u2606fartingpoo|Hi\n|c|\u2606fartingpoo|hello\n|c|\u2606pikakirbyyy|whats with the komala this time lol\n|c|\u2606fartingpoo|are you good\n|c|\u2606pikakirbyyy|yea\n|c|\u2606fartingpoo|Rapid spin\n|c|\u2606pikakirbyyy|o h\n|\n|t:|1701032465\n|start\n|switch|p1a: Golduck|Golduck, M|100\/100\n|switch|p2a: the jumpluff one|Jumpluff, F|100\/100\n|turn|1\n|c|\u2606fartingpoo|i lost hard to s whirlwind team\n|\n|t:|1701032475\n|move|p1a: Golduck|Simple Beam|p2a: the jumpluff one\n|-endability|p2a: the jumpluff one|Leaf Guard|[from] move: Simple Beam\n|-ability|p2a: the jumpluff one|Simple|[from] move: Simple Beam\n|move|p2a: the jumpluff one|Light Screen|p2a: the jumpluff one\n|-sidestart|p2: pikakirbyyy|move: Light Screen\n|\n|upkeep\n|turn|2\n|c|\u2606pikakirbyyy|damn\n|\n|t:|1701032487\n|switch|p1a: Mixie|Gardevoir, M, shiny|100\/100\n|-ability|p1a: Mixie|Simple|[from] ability: Trace|[of] p2a: the jumpluff one\n|move|p2a: the jumpluff one|Reflect|p2a: the jumpluff one\n|-sidestart|p2: pikakirbyyy|Reflect\n|\n|upkeep\n|turn|3\n|\n|t:|1701032496\n|switch|p1a: Golduck|Golduck, M|100\/100\n|move|p2a: the jumpluff one|Acrobatics|p1a: Golduck\n|-damage|p1a: Golduck|69\/100\n|\n|upkeep\n|turn|4\n|\n|t:|1701032503\n|move|p1a: Golduck|Brick Break|p2a: the jumpluff one\n|-sideend|p2: pikakirbyyy|Reflect\n|-sideend|p2: pikakirbyyy|move: Light Screen\n|-resisted|p2a: the jumpluff one\n|-crit|p2a: the jumpluff one\n|-damage|p2a: the jumpluff one|90\/100\n|move|p2a: the jumpluff one|Acrobatics|p1a: Golduck\n|-damage|p1a: Golduck|37\/100\n|\n|upkeep\n|turn|5\n|\n|t:|1701032512\n|switch|p1a: Mixie|Gardevoir, M, shiny|100\/100\n|-ability|p1a: Mixie|Simple|[from] ability: Trace|[of] p2a: the jumpluff one\n|move|p2a: the jumpluff one|Acrobatics|p1a: Mixie\n|-damage|p1a: Mixie|62\/100\n|\n|upkeep\n|turn|6\n|\n|t:|1701032521\n|move|p1a: Mixie|Calm Mind|p1a: Mixie\n|-boost|p1a: Mixie|spa|2\n|-boost|p1a: Mixie|spd|2\n|move|p2a: the jumpluff one|Light Screen|p2a: the jumpluff one\n|-sidestart|p2: pikakirbyyy|move: Light Screen\n|\n|upkeep\n|turn|7\n|\n|t:|1701032529\n|move|p1a: Mixie|Calm Mind|p1a: Mixie\n|-boost|p1a: Mixie|spa|2\n|-boost|p1a: Mixie|spd|2\n|move|p2a: the jumpluff one|Acrobatics|p1a: Mixie\n|-damage|p1a: Mixie|18\/100\n|-enditem|p1a: Mixie|Salac Berry|[eat]\n|-boost|p1a: Mixie|spe|2|[from] item: Salac Berry\n|\n|upkeep\n|turn|8\n|\n|t:|1701032545\n|-terastallize|p1a: Mixie|Psychic\n|move|p1a: Mixie|Psychic|p2a: the jumpluff one\n|-damage|p2a: the jumpluff one|10\/100\n|move|p2a: the jumpluff one|Acrobatics|p1a: Mixie\n|-damage|p1a: Mixie|0 fnt\n|faint|p1a: Mixie\n|\n|upkeep\n|-message|fartingpoo forfeited.\n|\n|win|pikakirbyyy\n|raw|fartingpoo's rating: 1026 &rarr; <strong>1012<\/strong><br \/>(-14 for losing)\n|raw|pikakirbyyy's rating: 1011 &rarr; <strong>1051<\/strong><br \/>(+40 for winning)\n|l|\u2606fartingpoo\n|c|\u2606pikakirbyyy|OH\n|c|\u2606pikakirbyyy|GG\n","uploadtime":1701032852,"views":1,"p1id":"fartingpoo","p2id":"pikakirbyyy","formatid":"gen9anythinggoes","rating":1012,"private":0,"password":""}