{"id":"gen9anythinggoes-1985832342","p1":"specialker","p2":"notflixx","format":"[Gen 9] Anything Goes","log":"|j|\u2606specialker\n|j|\u2606notflixx\n|t:|1699411014\n|gametype|singles\n|player|p1|specialker|170|1136\n|player|p2|notflixx|1|1015\n|teamsize|p1|6\n|teamsize|p2|6\n|gen|9\n|tier|[Gen 9] Anything Goes\n|rated|\n|rule|HP Percentage Mod: HP is shown in percentages\n|rule|Endless Battle Clause: Forcing endless battles is banned\n|clearpoke\n|poke|p1|Espeon, F|\n|poke|p1|Scream Tail|\n|poke|p1|Espathra, F|\n|poke|p1|Drifblim, M|\n|poke|p1|Farigiraf, M|\n|poke|p1|Lechonk, M|\n|poke|p2|Dragapult, F|\n|poke|p2|Garganacl, M|\n|poke|p2|Gengar, M|\n|poke|p2|Skeledirge, M|\n|poke|p2|Eternatus|\n|poke|p2|Ogerpon-Wellspring, F|\n|teampreview\n|\n|t:|1699411022\n|start\n|switch|p1a: Scream Tail|Scream Tail|100\/100\n|switch|p2a: Garganacl|Garganacl, M, shiny|100\/100\n|-enditem|p1a: Scream Tail|Booster Energy\n|-activate|p1a: Scream Tail|ability: Protosynthesis|[fromitem]\n|-start|p1a: Scream Tail|protosynthesisspe\n|turn|1\n|\n|t:|1699411031\n|move|p1a: Scream Tail|Bulk Up|p1a: Scream Tail\n|-boost|p1a: Scream Tail|atk|1\n|-boost|p1a: Scream Tail|def|1\n|move|p2a: Garganacl|Salt Cure|p1a: Scream Tail\n|-damage|p1a: Scream Tail|90\/100\n|-start|p1a: Scream Tail|Salt Cure\n|\n|-damage|p1a: Scream Tail|78\/100|[from] Salt Cure\n|upkeep\n|turn|2\n|inactive|Battle timer is ON: inactive players will automatically lose when time's up. (requested by notflixx)\n|\n|t:|1699411036\n|move|p1a: Scream Tail|Bulk Up|p1a: Scream Tail\n|-boost|p1a: Scream Tail|atk|1\n|-boost|p1a: Scream Tail|def|1\n|move|p2a: Garganacl|Earthquake|p1a: Scream Tail\n|-damage|p1a: Scream Tail|65\/100\n|\n|-damage|p1a: Scream Tail|53\/100|[from] Salt Cure\n|upkeep\n|turn|3\n|\n|t:|1699411045\n|move|p1a: Scream Tail|Bulk Up|p1a: Scream Tail\n|-boost|p1a: Scream Tail|atk|1\n|-boost|p1a: Scream Tail|def|1\n|move|p2a: Garganacl|Stone Edge|p1a: Scream Tail\n|-crit|p1a: Scream Tail\n|-damage|p1a: Scream Tail|0 fnt\n|faint|p1a: Scream Tail\n|-end|p1a: Scream Tail|Protosynthesis|[silent]\n|\n|upkeep\n|\n|t:|1699411053\n|switch|p1a: Espathra|Espathra, F|100\/100\n|turn|4\n|\n|t:|1699411065\n|move|p1a: Espathra|Calm Mind|p1a: Espathra\n|-boost|p1a: Espathra|spa|1\n|-boost|p1a: Espathra|spd|1\n|move|p2a: Garganacl|Stone Edge|p1a: Espathra|[miss]\n|-miss|p2a: Garganacl|p1a: Espathra\n|\n|-ability|p1a: Espathra|Speed Boost|boost\n|-boost|p1a: Espathra|spe|1\n|upkeep\n|turn|5\n|j| swordsheildpoop\n|\n|t:|1699411074\n|move|p1a: Espathra|Protect|p1a: Espathra\n|-singleturn|p1a: Espathra|Protect\n|move|p2a: Garganacl|Earthquake|p1a: Espathra\n|-activate|p1a: Espathra|move: Protect\n|\n|-ability|p1a: Espathra|Speed Boost|boost\n|-boost|p1a: Espathra|spe|1\n|upkeep\n|turn|6\n|l| swordsheildpoop\n|\n|t:|1699411084\n|move|p1a: Espathra|Baton Pass|p1a: Espathra\n|\n|t:|1699411091\n|switch|p1a: Farigiraf|Farigiraf, M|100\/100|[from] Baton Pass\n|move|p2a: Garganacl|Body Slam|p1a: Farigiraf\n|-damage|p1a: Farigiraf|72\/100\n|\n|upkeep\n|turn|7\n|\n|t:|1699411096\n|move|p1a: Farigiraf|Stored Power|p2a: Garganacl\n|-damage|p2a: Garganacl|48\/100\n|move|p2a: Garganacl|Earthquake|p1a: Farigiraf\n|-damage|p1a: Farigiraf|39\/100\n|\n|-heal|p2a: Garganacl|54\/100|[from] item: Leftovers\n|upkeep\n|turn|8\n|\n|t:|1699411102\n|move|p1a: Farigiraf|Stored Power|p2a: Garganacl\n|-crit|p2a: Garganacl\n|-damage|p2a: Garganacl|0 fnt\n|faint|p2a: Garganacl\n|\n|upkeep\n|\n|t:|1699411105\n|switch|p2a: Dragapult|Dragapult, F, shiny|100\/100\n|turn|9\n|\n|t:|1699411113\n|move|p1a: Farigiraf|Baton Pass|p1a: Farigiraf\n|\n|t:|1699411123\n|switch|p1a: Espathra|Espathra, F|100\/100|[from] Baton Pass\n|move|p2a: Dragapult|Phantom Force||[still]\n|-prepare|p2a: Dragapult|Phantom Force\n|\n|upkeep\n|turn|10\n|\n|t:|1699411133\n|move|p1a: Espathra|Substitute|p1a: Espathra\n|-start|p1a: Espathra|Substitute\n|-damage|p1a: Espathra|76\/100\n|move|p2a: Dragapult|Phantom Force|p1a: Espathra|[from]lockedmove\n|-supereffective|p1a: Espathra\n|-end|p1a: Espathra|Substitute\n|\n|-heal|p1a: Espathra|82\/100|[from] item: Leftovers\n|-ability|p1a: Espathra|Speed Boost|boost\n|-boost|p1a: Espathra|spe|1\n|upkeep\n|turn|11\n|\n|t:|1699411146\n|move|p1a: Espathra|Calm Mind|p1a: Espathra\n|-boost|p1a: Espathra|spa|1\n|-boost|p1a: Espathra|spd|1\n|move|p2a: Dragapult|Fire Blast|p1a: Espathra|[miss]\n|-miss|p2a: Dragapult|p1a: Espathra\n|\n|-heal|p1a: Espathra|88\/100|[from] item: Leftovers\n|-ability|p1a: Espathra|Speed Boost|boost\n|-boost|p1a: Espathra|spe|1\n|upkeep\n|turn|12\n|\n|t:|1699411158\n|move|p1a: Espathra|Baton Pass|p1a: Espathra\n|\n|t:|1699411159\n|switch|p1a: Drifblim|Drifblim, M, shiny|100\/100|[from] Baton Pass\n|move|p2a: Dragapult|Dragon Darts|p1a: Drifblim\n|-damage|p1a: Drifblim|67\/100\n|-anim|p2a: Dragapult|Dragon Darts|p1a: Drifblim\n|-crit|p1a: Drifblim\n|-damage|p1a: Drifblim|18\/100\n|-enditem|p1a: Drifblim|Sitrus Berry|[eat]\n|-heal|p1a: Drifblim|43\/100|[from] item: Sitrus Berry\n|\n|upkeep\n|turn|13\n|\n|t:|1699411165\n|move|p1a: Drifblim|Minimize|p1a: Drifblim\n|-boost|p1a: Drifblim|evasion|2\n|move|p2a: Dragapult|Draco Meteor|p1a: Drifblim|[miss]\n|-miss|p2a: Dragapult|p1a: Drifblim\n|\n|upkeep\n|turn|14\n|\n|t:|1699411170\n|move|p1a: Drifblim|Minimize|p1a: Drifblim\n|-boost|p1a: Drifblim|evasion|2\n|move|p2a: Dragapult|Draco Meteor|p1a: Drifblim\n|-damage|p1a: Drifblim|17\/100\n|-unboost|p2a: Dragapult|spa|2\n|\n|upkeep\n|turn|15\n|\n|t:|1699411173\n|move|p1a: Drifblim|Minimize|p1a: Drifblim\n|-boost|p1a: Drifblim|evasion|2\n|move|p2a: Dragapult|Draco Meteor|p1a: Drifblim|[miss]\n|-miss|p2a: Dragapult|p1a: Drifblim\n|\n|upkeep\n|turn|16\n|\n|t:|1699411178\n|move|p1a: Drifblim|Baton Pass|p1a: Drifblim\n|\n|t:|1699411179\n|switch|p1a: Espeon|Espeon, F, shiny|100\/100|[from] Baton Pass\n|move|p2a: Dragapult|Dragon Darts|p1a: Espeon|[miss]\n|-miss|p2a: Dragapult|p1a: Espeon\n|\n|upkeep\n|turn|17\n|\n|t:|1699411188\n|move|p1a: Espeon|Stored Power|p2a: Dragapult\n|-damage|p2a: Dragapult|0 fnt\n|faint|p2a: Dragapult\n|\n|upkeep\n|\n|t:|1699411193\n|switch|p2a: Eternatus|Eternatus|100\/100\n|-ability|p2a: Eternatus|Pressure\n|turn|18\n|\n|t:|1699411197\n|move|p1a: Espeon|Stored Power|p2a: Eternatus\n|-supereffective|p2a: Eternatus\n|-damage|p2a: Eternatus|0 fnt\n|faint|p2a: Eternatus\n|\n|upkeep\n|\n|t:|1699411200\n|switch|p2a: Skeledirge|Skeledirge, M, shiny|100\/100\n|turn|19\n|\n|t:|1699411205\n|move|p1a: Espeon|Stored Power|p2a: Skeledirge\n|-damage|p2a: Skeledirge|0 fnt\n|faint|p2a: Skeledirge\n|\n|upkeep\n|\n|t:|1699411208\n|switch|p2a: Gengar|Gengar, M, shiny|100\/100\n|turn|20\n|\n|t:|1699411222\n|move|p1a: Espeon|Stored Power|p2a: Gengar\n|-supereffective|p2a: Gengar\n|-damage|p2a: Gengar|0 fnt\n|-start|p1a: Espeon|Disable|Stored Power|[from] ability: Cursed Body|[of] p2a: Gengar\n|faint|p2a: Gengar\n|\n|upkeep\n|\n|t:|1699411225\n|switch|p2a: Ogerpon|Ogerpon-Wellspring, F|100\/100\n|turn|21\n|\n|t:|1699411236\n|-terastallize|p2a: Ogerpon|Water\n|detailschange|p2a: Ogerpon|Ogerpon-Wellspring-Tera, F, tera:Water\n|-ability|p2a: Ogerpon|Embody Aspect (Wellspring)|boost\n|-boost|p2a: Ogerpon|spd|1\n|move|p1a: Espeon|Baton Pass|p1a: Espeon\n|\n|t:|1699411243\n|switch|p1a: Espathra|Espathra, F|88\/100|[from] Baton Pass\n|move|p2a: Ogerpon|Ivy Cudgel|p1a: Espathra\n|-damage|p1a: Espathra|8\/100\n|\n|-heal|p1a: Espathra|14\/100|[from] item: Leftovers\n|upkeep\n|turn|22\n|inactive|notflixx has 120 seconds left.\n|\n|t:|1699411275\n|move|p1a: Espathra|Protect|p1a: Espathra\n|-singleturn|p1a: Espathra|Protect\n|move|p2a: Ogerpon|Leech Seed|p1a: Espathra\n|-activate|p1a: Espathra|move: Protect\n|\n|-heal|p1a: Espathra|20\/100|[from] item: Leftovers\n|-ability|p1a: Espathra|Speed Boost|boost\n|-boost|p1a: Espathra|spe|1\n|upkeep\n|turn|23\n|\n|t:|1699411282\n|switch|p1a: Espeon|Espeon, F, shiny|100\/100\n|move|p2a: Ogerpon|Power Whip|p1a: Espeon\n|-damage|p1a: Espeon|9\/100\n|\n|-heal|p1a: Espeon|15\/100|[from] item: Leftovers\n|upkeep\n|turn|24\n|\n|t:|1699411288\n|move|p1a: Espeon|Stored Power|p2a: Ogerpon\n|-damage|p2a: Ogerpon|94\/100\n|move|p2a: Ogerpon|Power Whip|p1a: Espeon\n|-damage|p1a: Espeon|0 fnt\n|faint|p1a: Espeon\n|\n|upkeep\n|\n|t:|1699411300\n|switch|p1a: Drifblim|Drifblim, M, shiny|17\/100\n|turn|25\n|\n|t:|1699411303\n|move|p2a: Ogerpon|Power Whip|p1a: Drifblim\n|-resisted|p1a: Drifblim\n|-damage|p1a: Drifblim|0 fnt\n|faint|p1a: Drifblim\n|\n|upkeep\n|\n|t:|1699411306\n|switch|p1a: Espathra|Espathra, F|20\/100\n|turn|26\n|\n|t:|1699411309\n|move|p1a: Espathra|Protect|p1a: Espathra\n|-singleturn|p1a: Espathra|Protect\n|move|p2a: Ogerpon|Power Whip|p1a: Espathra\n|-activate|p1a: Espathra|move: Protect\n|\n|-heal|p1a: Espathra|26\/100|[from] item: Leftovers\n|-ability|p1a: Espathra|Speed Boost|boost\n|-boost|p1a: Espathra|spe|1\n|upkeep\n|turn|27\n|\n|t:|1699411312\n|move|p1a: Espathra|Calm Mind|p1a: Espathra\n|-boost|p1a: Espathra|spa|1\n|-boost|p1a: Espathra|spd|1\n|move|p2a: Ogerpon|Power Whip|p1a: Espathra\n|-damage|p1a: Espathra|0 fnt\n|faint|p1a: Espathra\n|\n|upkeep\n|\n|t:|1699411314\n|switch|p1a: Farigiraf|Farigiraf, M|39\/100\n|turn|28\n|-message|specialker forfeited.\n|\n|win|notflixx\n|raw|specialker's rating: 1136 &rarr; <strong>1103<\/strong><br \/>(-33 for losing)\n|raw|notflixx's rating: 1015 &rarr; <strong>1065<\/strong><br \/>(+50 for winning)\n|l|\u2606specialker\n|l|\u2606notflixx\n|j|\u2606notflixx\n|player|p2|notflixx|1\n|j| Mattattac\n","uploadtime":1699411329,"views":5,"p1id":"specialker","p2id":"notflixx","formatid":"gen9anythinggoes","rating":1065,"private":0,"password":""}