{"id":"gen9anythinggoes-1982131128","p1":"Kekeletanant12","p2":"LudoThePumpkinBro","format":"[Gen 9] Anything Goes","log":"|j|\u2606Kekeletanant12\n|j|\u2606LudoThePumpkinBro\n|t:|1698971049\n|gametype|singles\n|player|p1|Kekeletanant12|169|1203\n|player|p2|LudoThePumpkinBro|2|1116\n|teamsize|p1|6\n|teamsize|p2|6\n|gen|9\n|tier|[Gen 9] Anything Goes\n|rated|\n|rule|HP Percentage Mod: HP is shown in percentages\n|rule|Endless Battle Clause: Forcing endless battles is banned\n|clearpoke\n|poke|p1|Ditto|\n|poke|p1|Ditto|\n|poke|p1|Ditto|\n|poke|p1|Ditto|\n|poke|p1|Ditto|\n|poke|p1|Ditto|\n|poke|p2|Great Tusk|\n|poke|p2|Kingambit, M|\n|poke|p2|Cloyster, M|\n|poke|p2|Grafaiai, F|\n|poke|p2|Drifblim, F|\n|poke|p2|Darkrai|\n|teampreview\n|inactive|Battle timer is ON: inactive players will automatically lose when time's up. (requested by Kekeletanant12)\n|\n|t:|1698971054\n|start\n|switch|p1a: Ditto|Ditto|100\/100\n|switch|p2a: Grafaiai|Grafaiai, F, shiny|100\/100\n|-transform|p1a: Ditto|p2a: Grafaiai|[from] ability: Imposter\n|turn|1\n|c|\u2606LudoThePumpkinBro|ditto\n|inactive|Kekeletanant12 has 120 seconds left.\n|\n|t:|1698971084\n|move|p1a: Ditto|Encore||[still]\n|-fail|p1a: Ditto\n|move|p2a: Grafaiai|Nasty Plot|p2a: Grafaiai\n|-boost|p2a: Grafaiai|spa|2\n|\n|upkeep\n|turn|2\n|\n|t:|1698971103\n|move|p1a: Ditto|Encore|p2a: Grafaiai\n|-start|p2a: Grafaiai|Encore\n|move|p2a: Grafaiai|Nasty Plot|p2a: Grafaiai\n|-boost|p2a: Grafaiai|spa|2\n|\n|upkeep\n|turn|3\n|\n|t:|1698971110\n|switch|p1a: Ditto|Ditto|100\/100\n|-transform|p1a: Ditto|p2a: Grafaiai|[from] ability: Imposter\n|move|p2a: Grafaiai|Nasty Plot|p2a: Grafaiai\n|-boost|p2a: Grafaiai|spa|2\n|\n|upkeep\n|turn|4\n|\n|t:|1698971122\n|move|p1a: Ditto|Baton Pass|p1a: Ditto\n|\n|t:|1698971124\n|switch|p1a: Ditto|Ditto|100\/100|[from] Baton Pass\n|-transform|p1a: Ditto|p2a: Grafaiai|[from] ability: Imposter\n|move|p2a: Grafaiai|Nasty Plot|p2a: Grafaiai\n|-boost|p2a: Grafaiai|spa|0\n|\n|-end|p2a: Grafaiai|Encore\n|upkeep\n|turn|5\n|c|\u2606LudoThePumpkinBro|wait\n|c|\u2606LudoThePumpkinBro|i don't have an attacking move\n|c|\u2606LudoThePumpkinBro|therefore you don't either\n|c|\u2606LudoThePumpkinBro|therefore if I use all of my PP until I use struggle\n|inactive|LudoThePumpkinBro has 120 seconds left.\n|c|\u2606LudoThePumpkinBro|nahh idk about that one\n|\n|t:|1698971168\n|move|p1a: Ditto|Baton Pass|p1a: Ditto\n|\n|t:|1698971170\n|switch|p1a: Ditto|Ditto|100\/100|[from] Baton Pass\n|-transform|p1a: Ditto|p2a: Grafaiai|[from] ability: Imposter\n|move|p2a: Grafaiai|Encore||[still]\n|-fail|p2a: Grafaiai\n|\n|upkeep\n|turn|6\n|inactive|LudoThePumpkinBro has 120 seconds left.\n|\n|t:|1698971178\n|move|p1a: Ditto|Baton Pass|p1a: Ditto\n|\n|t:|1698971180\n|switch|p1a: Ditto|Ditto|100\/100|[from] Baton Pass\n|-transform|p1a: Ditto|p2a: Grafaiai|[from] ability: Imposter\n|move|p2a: Grafaiai|Baton Pass|p2a: Grafaiai\n|\n|t:|1698971186\n|switch|p2a: condom balloon|Drifblim, F, shiny|100\/100|[from] Baton Pass\n|\n|upkeep\n|turn|7\n|\n|t:|1698971192\n|move|p1a: Ditto|Baton Pass|p1a: Ditto\n|\n|t:|1698971193\n|switch|p1a: Ditto|Ditto|100\/100|[from] Baton Pass\n|-transform|p1a: Ditto|p2a: condom balloon|[from] ability: Imposter\n|move|p2a: condom balloon|Minimize|p2a: condom balloon\n|-boost|p2a: condom balloon|evasion|2\n|\n|upkeep\n|turn|8\n|\n|t:|1698971206\n|move|p1a: Ditto|Disable|p2a: condom balloon\n|-start|p2a: condom balloon|Disable|Minimize\n|move|p2a: condom balloon|Substitute|p2a: condom balloon\n|-start|p2a: condom balloon|Substitute\n|-damage|p2a: condom balloon|76\/100\n|\n|-heal|p2a: condom balloon|82\/100|[from] item: Leftovers\n|upkeep\n|turn|9\n|\n|t:|1698971218\n|switch|p1a: Ditto|Ditto|100\/100\n|move|p2a: condom balloon|Disable||[still]\n|-fail|p2a: condom balloon\n|\n|-heal|p2a: condom balloon|88\/100|[from] item: Leftovers\n|upkeep\n|turn|10\n|n|!LudoThePumpkinBro|ludothepumpkinbro\n|\n|t:|1698971234\n|move|p2a: condom balloon|Baton Pass|p2a: condom balloon\n|\n|t:|1698971237\n|switch|p2a: Night Knight|Darkrai, shiny|100\/100|[from] Baton Pass\n|move|p1a: Ditto|Transform||[still]\n|-fail|p1a: Ditto\n|\n|upkeep\n|turn|11\n|-message|Kekeletanant12 forfeited.\n|\n|win|LudoThePumpkinBro\n|raw|Kekeletanant12's rating: 1203 &rarr; <strong>1172<\/strong><br \/>(-31 for losing)\n|raw|LudoThePumpkinBro's rating: 1116 &rarr; <strong>1147<\/strong><br \/>(+31 for winning)\n","uploadtime":1698971223,"views":5,"p1id":"kekeletanant12","p2id":"ludothepumpkinbro","formatid":"gen9anythinggoes","rating":1147,"private":0,"password":""}