{"id":"gen9anythinggoes-1973360870","p1":"Arceuso","p2":"Big-Wx","format":"[Gen 9] Anything Goes","log":"|j|\u2606Arceuso\n|j|\u2606Big-Wx\n|t:|1697961621\n|gametype|singles\n|player|p1|Arceuso|169|1040\n|player|p2|Big-Wx|102|1064\n|teamsize|p1|6\n|teamsize|p2|6\n|gen|9\n|tier|[Gen 9] Anything Goes\n|rated|\n|rule|HP Percentage Mod: HP is shown in percentages\n|rule|Endless Battle Clause: Forcing endless battles is banned\n|clearpoke\n|poke|p1|Arceus|\n|poke|p1|Koraidon|\n|poke|p1|Miraidon|\n|poke|p1|Skeledirge, M|\n|poke|p1|Glimmora, F|\n|poke|p1|Arceus-Ground|\n|poke|p2|Munchlax, M|\n|poke|p2|Manaphy|\n|poke|p2|Drifblim, F|\n|poke|p2|Illumise, F|\n|poke|p2|Espathra, F|\n|poke|p2|Hawlucha, M|\n|teampreview\n|\n|t:|1697961633\n|start\n|switch|p1a: Glimmora|Glimmora, F|100\/100\n|switch|p2a: Drifblim|Drifblim, F|100\/100\n|turn|1\n|\n|t:|1697961637\n|move|p2a: Drifblim|Trick|p1a: Glimmora\n|-activate|p2a: Drifblim|move: Trick|[of] p1a: Glimmora\n|-item|p1a: Glimmora|Choice Scarf|[from] move: Trick\n|-item|p2a: Drifblim|Focus Sash|[from] move: Trick\n|move|p1a: Glimmora|Mortal Spin|p2a: Drifblim\n|-resisted|p2a: Drifblim\n|-damage|p2a: Drifblim|96\/100\n|-status|p2a: Drifblim|psn\n|\n|-damage|p2a: Drifblim|84\/100 psn|[from] psn\n|upkeep\n|turn|2\n|\n|t:|1697961643\n|switch|p1a: Skeledirge|Skeledirge, M, shiny|100\/100\n|move|p2a: Drifblim|Stockpile|p2a: Drifblim\n|-start|p2a: Drifblim|stockpile1\n|-boost|p2a: Drifblim|def|1\n|-boost|p2a: Drifblim|spd|1\n|\n|-damage|p2a: Drifblim|71\/100 psn|[from] psn\n|upkeep\n|turn|3\n|\n|t:|1697961647\n|move|p2a: Drifblim|Baton Pass|p2a: Drifblim\n|\n|t:|1697961651\n|switch|p2a: Espathra|Espathra, F|100\/100|[from] Baton Pass\n|move|p1a: Skeledirge|Hex|p2a: Espathra\n|-supereffective|p2a: Espathra\n|-damage|p2a: Espathra|20\/100\n|\n|upkeep\n|turn|4\n|\n|t:|1697961658\n|move|p2a: Espathra|Protect|p2a: Espathra\n|-singleturn|p2a: Espathra|Protect\n|move|p1a: Skeledirge|Torch Song|p2a: Espathra\n|-activate|p2a: Espathra|move: Protect\n|\n|-ability|p2a: Espathra|Speed Boost|boost\n|-boost|p2a: Espathra|spe|1\n|upkeep\n|turn|5\n|\n|t:|1697961662\n|move|p2a: Espathra|Baton Pass|p2a: Espathra\n|\n|t:|1697961664\n|switch|p2a: Manaphy|Manaphy|100\/100|[from] Baton Pass\n|move|p1a: Skeledirge|Torch Song|p2a: Manaphy\n|-resisted|p2a: Manaphy\n|-damage|p2a: Manaphy|88\/100\n|-boost|p1a: Skeledirge|spa|1\n|\n|-heal|p2a: Manaphy|94\/100|[from] item: Leftovers\n|upkeep\n|turn|6\n|\n|t:|1697961676\n|-terastallize|p1a: Skeledirge|Dark\n|move|p2a: Manaphy|Aqua Ring|p2a: Manaphy\n|-start|p2a: Manaphy|Aqua Ring\n|move|p1a: Skeledirge|Will-O-Wisp|p2a: Manaphy\n|-status|p2a: Manaphy|brn\n|\n|-heal|p2a: Manaphy|99\/100 brn|[from] item: Leftovers\n|-heal|p2a: Manaphy|100\/100 brn|[from] Aqua Ring\n|-damage|p2a: Manaphy|94\/100 brn|[from] brn\n|upkeep\n|turn|7\n|\n|t:|1697961684\n|move|p2a: Manaphy|Take Heart|p2a: Manaphy\n|-boost|p2a: Manaphy|spa|1\n|-boost|p2a: Manaphy|spd|1\n|-curestatus|p2a: Manaphy|brn|[msg]\n|move|p1a: Skeledirge|Torch Song|p2a: Manaphy\n|-resisted|p2a: Manaphy\n|-damage|p2a: Manaphy|75\/100\n|-boost|p1a: Skeledirge|spa|1\n|\n|-heal|p2a: Manaphy|81\/100|[from] item: Leftovers\n|-heal|p2a: Manaphy|87\/100|[from] Aqua Ring\n|upkeep\n|turn|8\n|\n|t:|1697961692\n|move|p2a: Manaphy|Take Heart|p2a: Manaphy\n|-boost|p2a: Manaphy|spa|1\n|-boost|p2a: Manaphy|spd|1\n|move|p1a: Skeledirge|Torch Song|p2a: Manaphy\n|-resisted|p2a: Manaphy\n|-damage|p2a: Manaphy|58\/100\n|-boost|p1a: Skeledirge|spa|1\n|\n|-heal|p2a: Manaphy|64\/100|[from] item: Leftovers\n|-heal|p2a: Manaphy|71\/100|[from] Aqua Ring\n|upkeep\n|turn|9\n|\n|t:|1697961700\n|move|p2a: Manaphy|Scald|p1a: Skeledirge\n|-damage|p1a: Skeledirge|77\/100\n|move|p1a: Skeledirge|Hex|p2a: Manaphy\n|-damage|p2a: Manaphy|12\/100\n|\n|-heal|p2a: Manaphy|18\/100|[from] item: Leftovers\n|-heal|p2a: Manaphy|24\/100|[from] Aqua Ring\n|upkeep\n|turn|10\n|\n|t:|1697961706\n|move|p2a: Manaphy|Baton Pass|p2a: Manaphy\n|\n|t:|1697961711\n|switch|p2a: Illumise|Illumise, F|100\/100|[from] Baton Pass\n|move|p1a: Skeledirge|Slack Off|p1a: Skeledirge\n|-heal|p1a: Skeledirge|100\/100\n|\n|upkeep\n|turn|11\n|\n|t:|1697961720\n|move|p2a: Illumise|Baton Pass|p2a: Illumise\n|\n|t:|1697961723\n|switch|p2a: Munchlax|Munchlax, M|100\/100|[from] Baton Pass\n|move|p1a: Skeledirge|Torch Song|p2a: Munchlax\n|-damage|p2a: Munchlax|78\/100\n|-boost|p1a: Skeledirge|spa|1\n|\n|-heal|p2a: Munchlax|84\/100|[from] Aqua Ring\n|upkeep\n|turn|12\n|\n|t:|1697961732\n|move|p1a: Skeledirge|Will-O-Wisp|p2a: Munchlax\n|-status|p2a: Munchlax|brn\n|move|p2a: Munchlax|Metronome|p2a: Munchlax\n|move|p2a: Munchlax|Astonish|p1a: Skeledirge|[from]move: Metronome\n|-resisted|p1a: Skeledirge\n|-damage|p1a: Skeledirge|99\/100\n|\n|-heal|p2a: Munchlax|90\/100 brn|[from] Aqua Ring\n|-damage|p2a: Munchlax|84\/100 brn|[from] brn\n|upkeep\n|turn|13\n|\n|t:|1697961739\n|move|p1a: Skeledirge|Torch Song|p2a: Munchlax\n|-damage|p2a: Munchlax|55\/100 brn\n|-boost|p1a: Skeledirge|spa|1\n|move|p2a: Munchlax|Rest|p2a: Munchlax\n|-status|p2a: Munchlax|slp|[from] move: Rest\n|-heal|p2a: Munchlax|100\/100 slp|[silent]\n|\n|upkeep\n|turn|14\n|-message|Big-Wx forfeited.\n|\n|win|Arceuso\n|raw|Arceuso's rating: 1040 &rarr; <strong>1076<\/strong><br \/>(+36 for winning)\n|raw|Big-Wx's rating: 1064 &rarr; <strong>1043<\/strong><br \/>(-21 for losing)\n|l|\u2606Big-Wx\n","uploadtime":1697961749,"views":11,"p1id":"arceuso","p2id":"bigwx","formatid":"gen9anythinggoes","rating":1043,"private":0,"password":""}