{"id":"gen9anythinggoes-1983269304","p1":"Botlike Coursing","p2":"lese256","format":"[Gen 9] Anything Goes","log":"|j|\u2606Botlike Coursing\n|j|\u2606lese256\n|t:|1699112499\n|gametype|singles\n|player|p1|Botlike Coursing|unknown|1559\n|player|p2|lese256|266|1776\n|teamsize|p1|6\n|teamsize|p2|6\n|gen|9\n|tier|[Gen 9] Anything Goes\n|rated|\n|rule|HP Percentage Mod: HP is shown in percentages\n|rule|Endless Battle Clause: Forcing endless battles is banned\n|clearpoke\n|poke|p1|Chansey, F|\n|poke|p1|Dondozo, M|\n|poke|p1|Alomomola, M|\n|poke|p1|Ting-Lu|\n|poke|p1|Weezing-Galar, M|\n|poke|p1|Kingambit, M|\n|poke|p2|Arceus-Ground|\n|poke|p2|Ribombee, M|\n|poke|p2|Arceus|\n|poke|p2|Koraidon|\n|poke|p2|Calyrex-Shadow|\n|poke|p2|Kingambit, M|\n|teampreview\n|inactive|Battle timer is ON: inactive players will automatically lose when time's up. (requested by Botlike Coursing)\n|\n|t:|1699112526\n|start\n|switch|p1a: Chansey|Chansey, F|100\/100\n|switch|p2a: Kingambit|Kingambit, M|100\/100\n|turn|1\n|c|\u2606Botlike Coursing|The reel team I was supposed to use last battle lol\n|\n|t:|1699112545\n|switch|p1a: Dondozo|Dondozo, M|100\/100\n|move|p2a: Kingambit|Kowtow Cleave|p1a: Dondozo\n|-damage|p1a: Dondozo|80\/100\n|\n|upkeep\n|turn|2\n|inactive|Botlike Coursing has 120 seconds left.\n|\n|t:|1699112589\n|-end|p2a: Kingambit|fallenundefined|[silent]\n|switch|p2a: Ribombee|Ribombee, M|100\/100\n|move|p1a: Dondozo|Fissure|p2a: Ribombee|[miss]\n|-miss|p1a: Dondozo|p2a: Ribombee\n|\n|upkeep\n|turn|3\n|\n|t:|1699112600\n|switch|p1a: Chansey|Chansey, F|100\/100\n|move|p2a: Ribombee|Grass Knot|p1a: Chansey\n|-damage|p1a: Chansey|97\/100\n|\n|upkeep\n|turn|4\n|\n|t:|1699112613\n|switch|p2a: Arceus|Arceus-Ground|100\/100\n|switch|p1a: Ting-Lu|Ting-Lu|100\/100\n|-ability|p1a: Ting-Lu|Vessel of Ruin\n|\n|upkeep\n|turn|5\n|\n|t:|1699112617\n|move|p2a: Arceus|Taunt|p1a: Ting-Lu\n|-start|p1a: Ting-Lu|move: Taunt\n|cant|p1a: Ting-Lu|move: Taunt|Stealth Rock\n|\n|upkeep\n|turn|6\n|\n|t:|1699112620\n|switch|p1a: Weezing|Weezing-Galar, M|100\/100\n|move|p2a: Arceus|Earthquake|p1a: Weezing\n|-immune|p1a: Weezing|[from] ability: Levitate\n|\n|upkeep\n|turn|7\n|\n|t:|1699112626\n|switch|p1a: Ting-Lu|Ting-Lu|100\/100\n|-ability|p1a: Ting-Lu|Vessel of Ruin\n|move|p2a: Arceus|Taunt|p1a: Ting-Lu\n|-start|p1a: Ting-Lu|move: Taunt\n|\n|upkeep\n|turn|8\n|\n|t:|1699112632\n|switch|p1a: Alomomola|Alomomola, M, shiny|100\/100\n|move|p2a: Arceus|Dragon Dance|p2a: Arceus\n|-boost|p2a: Arceus|atk|1\n|-boost|p2a: Arceus|spe|1\n|\n|upkeep\n|turn|9\n|\n|t:|1699112636\n|move|p2a: Arceus|Earthquake|p1a: Alomomola\n|-damage|p1a: Alomomola|47\/100\n|move|p1a: Alomomola|Flip Turn|p2a: Arceus\n|-supereffective|p2a: Arceus\n|-damage|p2a: Arceus|75\/100\n|\n|t:|1699112640\n|switch|p1a: Weezing|Weezing-Galar, M|100\/100|[from] Flip Turn\n|\n|upkeep\n|turn|10\n|\n|t:|1699112644\n|move|p2a: Arceus|Taunt|p1a: Weezing\n|-start|p1a: Weezing|move: Taunt\n|move|p1a: Weezing|Strange Steam|p2a: Arceus\n|-damage|p2a: Arceus|58\/100\n|\n|upkeep\n|turn|11\n|\n|t:|1699112650\n|move|p2a: Arceus|Shadow Claw|p1a: Weezing\n|-damage|p1a: Weezing|77\/100\n|move|p1a: Weezing|Strange Steam|p2a: Arceus\n|-damage|p2a: Arceus|39\/100\n|\n|-heal|p1a: Weezing|83\/100|[from] item: Leftovers\n|upkeep\n|turn|12\n|\n|t:|1699112661\n|switch|p2a: Arceus|Arceus|100\/100\n|move|p1a: Weezing|Strange Steam|p2a: Arceus\n|-damage|p2a: Arceus|84\/100\n|\n|-heal|p1a: Weezing|89\/100|[from] item: Leftovers\n|-end|p1a: Weezing|move: Taunt\n|upkeep\n|turn|13\n|c|\u2606Botlike Coursing|the mon of all time\n|\n|t:|1699112669\n|switch|p2a: Calyrex|Calyrex-Shadow|100\/100\n|-ability|p2a: Calyrex|As One\n|-ability|p2a: Calyrex|Unnerve\n|move|p1a: Weezing|Will-O-Wisp|p2a: Calyrex\n|-status|p2a: Calyrex|brn\n|\n|-heal|p1a: Weezing|95\/100|[from] item: Leftovers\n|-damage|p2a: Calyrex|94\/100 brn|[from] brn\n|upkeep\n|turn|14\n|\n|t:|1699112674\n|switch|p1a: Kingambit|Kingambit, M|100\/100\n|move|p2a: Calyrex|Nasty Plot|p2a: Calyrex\n|-boost|p2a: Calyrex|spa|2\n|\n|-damage|p2a: Calyrex|88\/100 brn|[from] brn\n|upkeep\n|turn|15\n|\n|t:|1699112689\n|-terastallize|p2a: Calyrex|Fighting\n|move|p1a: Kingambit|Sucker Punch|p2a: Calyrex\n|-resisted|p2a: Calyrex\n|-damage|p2a: Calyrex|63\/100 brn\n|move|p2a: Calyrex|Tera Blast|p1a: Kingambit|[anim] Tera Blast Fighting\n|-supereffective|p1a: Kingambit\n|-damage|p1a: Kingambit|0 fnt\n|faint|p1a: Kingambit\n|-end|p1a: Kingambit|fallenundefined|[silent]\n|-ability|p2a: Calyrex|Grim Neigh|boost\n|-boost|p2a: Calyrex|spa|1\n|\n|-damage|p2a: Calyrex|57\/100 brn|[from] brn\n|upkeep\n|\n|t:|1699112697\n|switch|p1a: Chansey|Chansey, F|97\/100\n|turn|16\n|\n|t:|1699112709\n|-terastallize|p1a: Chansey|Grass\n|move|p2a: Calyrex|Astral Barrage|p1a: Chansey\n|-damage|p1a: Chansey|57\/100\n|move|p1a: Chansey|Seismic Toss|p2a: Calyrex\n|-damage|p2a: Calyrex|27\/100 brn\n|\n|-damage|p2a: Calyrex|21\/100 brn|[from] brn\n|upkeep\n|turn|17\n|\n|t:|1699112727\n|move|p2a: Calyrex|Nasty Plot|p2a: Calyrex\n|-boost|p2a: Calyrex|spa|2\n|move|p1a: Chansey|Soft-Boiled|p1a: Chansey\n|-heal|p1a: Chansey|100\/100\n|\n|-damage|p2a: Calyrex|15\/100 brn|[from] brn\n|upkeep\n|turn|18\n|\n|t:|1699112733\n|move|p2a: Calyrex|Astral Barrage|p1a: Chansey\n|-damage|p1a: Chansey|46\/100\n|move|p1a: Chansey|Seismic Toss|p2a: Calyrex\n|-damage|p2a: Calyrex|0 fnt\n|faint|p2a: Calyrex\n|\n|upkeep\n|\n|t:|1699112741\n|switch|p2a: Koraidon|Koraidon|100\/100\n|-weather|SunnyDay|[from] ability: Orichalcum Pulse|[of] p2a: Koraidon\n|-activate|p2a: Koraidon|Orichalcum Pulse|[source]\n|turn|19\n|\n|t:|1699112747\n|switch|p1a: Weezing|Weezing-Galar, M|95\/100\n|move|p2a: Koraidon|Scale Shot|p1a: Weezing\n|-immune|p1a: Weezing\n|\n|-weather|SunnyDay|[upkeep]\n|-heal|p1a: Weezing|100\/100|[from] item: Leftovers\n|upkeep\n|turn|20\n|\n|t:|1699112768\n|switch|p2a: Ribombee|Ribombee, M|100\/100\n|move|p1a: Weezing|Will-O-Wisp|p2a: Ribombee\n|-status|p2a: Ribombee|brn\n|\n|-weather|SunnyDay|[upkeep]\n|-damage|p2a: Ribombee|94\/100 brn|[from] brn\n|upkeep\n|turn|21\n|\n|t:|1699112777\n|switch|p2a: Arceus|Arceus|84\/100\n|switch|p1a: Chansey|Chansey, F, tera:Grass|46\/100\n|\n|-weather|SunnyDay|[upkeep]\n|upkeep\n|turn|22\n|\n|t:|1699112783\n|switch|p1a: Alomomola|Alomomola, M, shiny|80\/100\n|move|p2a: Arceus|Extreme Speed|p1a: Alomomola\n|-crit|p1a: Alomomola\n|-damage|p1a: Alomomola|36\/100\n|-damage|p2a: Arceus|74\/100|[from] item: Life Orb\n|\n|-weather|SunnyDay|[upkeep]\n|upkeep\n|turn|23\n|\n|t:|1699112791\n|move|p2a: Arceus|Swords Dance|p2a: Arceus\n|-boost|p2a: Arceus|atk|2\n|move|p1a: Alomomola|Scald|p2a: Arceus\n|-damage|p2a: Arceus|69\/100\n|\n|-weather|none\n|upkeep\n|turn|24\n|\n|t:|1699112794\n|switch|p1a: Dondozo|Dondozo, M|80\/100\n|move|p2a: Arceus|Extreme Speed|p1a: Dondozo\n|-damage|p1a: Dondozo|55\/100\n|-damage|p2a: Arceus|59\/100|[from] item: Life Orb\n|\n|upkeep\n|turn|25\n|\n|t:|1699112802\n|move|p2a: Arceus|Extreme Speed|p1a: Dondozo\n|-damage|p1a: Dondozo|32\/100\n|-damage|p2a: Arceus|50\/100|[from] item: Life Orb\n|move|p1a: Dondozo|Rest|p1a: Dondozo\n|-status|p1a: Dondozo|slp|[from] move: Rest\n|-heal|p1a: Dondozo|100\/100 slp|[silent]\n|\n|upkeep\n|turn|26\n|\n|t:|1699112809\n|move|p2a: Arceus|Extreme Speed|p1a: Dondozo\n|-damage|p1a: Dondozo|75\/100 slp\n|-damage|p2a: Arceus|40\/100|[from] item: Life Orb\n|cant|p1a: Dondozo|slp\n|move|p1a: Dondozo|Sleep Talk|p1a: Dondozo\n|move|p1a: Dondozo|Fissure|p2a: Arceus|[from]move: Sleep Talk|[miss]\n|-miss|p1a: Dondozo|p2a: Arceus\n|\n|upkeep\n|turn|27\n|\n|t:|1699112816\n|switch|p2a: Koraidon|Koraidon|100\/100\n|-weather|SunnyDay|[from] ability: Orichalcum Pulse|[of] p2a: Koraidon\n|-activate|p2a: Koraidon|Orichalcum Pulse|[source]\n|cant|p1a: Dondozo|slp\n|move|p1a: Dondozo|Sleep Talk|p1a: Dondozo\n|move|p1a: Dondozo|Rest||[from]move: Sleep Talk|[still]\n|-fail|p1a: Dondozo\n|\n|-weather|SunnyDay|[upkeep]\n|upkeep\n|turn|28\n|\n|t:|1699112821\n|switch|p1a: Weezing|Weezing-Galar, M|100\/100\n|move|p2a: Koraidon|Flare Blitz|p1a: Weezing\n|-damage|p1a: Weezing|36\/100\n|-damage|p2a: Koraidon|82\/100|[from] Recoil\n|\n|-weather|SunnyDay|[upkeep]\n|-heal|p1a: Weezing|42\/100|[from] item: Leftovers\n|upkeep\n|turn|29\n|\n|t:|1699112828\n|switch|p1a: Alomomola|Alomomola, M, shiny|70\/100\n|move|p2a: Koraidon|Flare Blitz|p1a: Alomomola\n|-resisted|p1a: Alomomola\n|-crit|p1a: Alomomola\n|-damage|p1a: Alomomola|32\/100\n|-damage|p2a: Koraidon|64\/100|[from] Recoil\n|\n|-weather|SunnyDay|[upkeep]\n|upkeep\n|turn|30\n|\n|t:|1699112841\n|switch|p1a: Dondozo|Dondozo, M|75\/100 slp\n|move|p2a: Koraidon|Scale Shot|p1a: Dondozo\n|-damage|p1a: Dondozo|66\/100 slp\n|-damage|p1a: Dondozo|58\/100 slp\n|-damage|p1a: Dondozo|49\/100 slp\n|-damage|p1a: Dondozo|41\/100 slp\n|-hitcount|p1a: Dondozo|4\n|-unboost|p2a: Koraidon|def|1\n|-boost|p2a: Koraidon|spe|1\n|\n|-weather|SunnyDay|[upkeep]\n|upkeep\n|turn|31\n|\n|t:|1699112852\n|move|p2a: Koraidon|Scale Shot|p1a: Dondozo\n|-damage|p1a: Dondozo|32\/100 slp\n|-damage|p1a: Dondozo|23\/100 slp\n|-damage|p1a: Dondozo|15\/100 slp\n|-damage|p1a: Dondozo|6\/100 slp\n|-hitcount|p1a: Dondozo|4\n|-unboost|p2a: Koraidon|def|1\n|-boost|p2a: Koraidon|spe|1\n|-curestatus|p1a: Dondozo|slp|[msg]\n|move|p1a: Dondozo|Rest|p1a: Dondozo\n|-status|p1a: Dondozo|slp|[from] move: Rest\n|-heal|p1a: Dondozo|100\/100 slp|[silent]\n|\n|-weather|none\n|upkeep\n|turn|32\n|\n|t:|1699112862\n|switch|p2a: Ribombee|Ribombee, M|94\/100 brn\n|switch|p1a: Alomomola|Alomomola, M, shiny|65\/100\n|\n|-damage|p2a: Ribombee|88\/100 brn|[from] brn\n|upkeep\n|turn|33\n|\n|t:|1699112868\n|switch|p2a: Koraidon|Koraidon|64\/100\n|-weather|SunnyDay|[from] ability: Orichalcum Pulse|[of] p2a: Koraidon\n|-activate|p2a: Koraidon|Orichalcum Pulse|[source]\n|move|p1a: Alomomola|Protect||[still]\n|-fail|p1a: Alomomola\n|\n|-weather|SunnyDay|[upkeep]\n|upkeep\n|turn|34\n|\n|t:|1699112878\n|move|p2a: Koraidon|Flare Blitz|p1a: Alomomola\n|-resisted|p1a: Alomomola\n|-damage|p1a: Alomomola|42\/100\n|-damage|p2a: Koraidon|53\/100|[from] Recoil\n|move|p1a: Alomomola|Wish|p1a: Alomomola\n|\n|-weather|SunnyDay|[upkeep]\n|upkeep\n|turn|35\n|\n|t:|1699112886\n|move|p2a: Koraidon|Swords Dance|p2a: Koraidon\n|-boost|p2a: Koraidon|atk|2\n|move|p1a: Alomomola|Flip Turn|p2a: Koraidon\n|-resisted|p2a: Koraidon\n|-damage|p2a: Koraidon|50\/100\n|\n|t:|1699112888\n|switch|p1a: Weezing|Weezing-Galar, M|42\/100|[from] Flip Turn\n|\n|-weather|SunnyDay|[upkeep]\n|-heal|p1a: Weezing|100\/100|[from] move: Wish|[wisher] Alomomola\n|upkeep\n|turn|36\n|\n|t:|1699112894\n|switch|p1a: Dondozo|Dondozo, M|100\/100 slp\n|move|p2a: Koraidon|Flare Blitz|p1a: Dondozo\n|-resisted|p1a: Dondozo\n|-damage|p1a: Dondozo|81\/100 slp\n|-damage|p2a: Koraidon|41\/100|[from] Recoil\n|\n|-weather|SunnyDay|[upkeep]\n|upkeep\n|turn|37\n|\n|t:|1699112899\n|move|p2a: Koraidon|Scale Shot|p1a: Dondozo|[miss]\n|-miss|p2a: Koraidon|p1a: Dondozo\n|cant|p1a: Dondozo|slp\n|move|p1a: Dondozo|Sleep Talk|p1a: Dondozo\n|move|p1a: Dondozo|Avalanche|p2a: Koraidon|[from]move: Sleep Talk\n|-supereffective|p2a: Koraidon\n|-damage|p2a: Koraidon|19\/100\n|\n|-weather|none\n|upkeep\n|turn|38\n|c|\u2606Botlike Coursing|best move eva\n|\n|t:|1699112915\n|switch|p2a: Ribombee|Ribombee, M|88\/100 brn\n|cant|p1a: Dondozo|slp\n|move|p1a: Dondozo|Sleep Talk|p1a: Dondozo\n|move|p1a: Dondozo|Rest||[from]move: Sleep Talk|[still]\n|-fail|p1a: Dondozo\n|\n|-damage|p2a: Ribombee|82\/100 brn|[from] brn\n|upkeep\n|turn|39\n|\n|t:|1699112922\n|switch|p2a: Arceus|Arceus-Ground|39\/100\n|switch|p1a: Chansey|Chansey, F, tera:Grass|46\/100\n|\n|upkeep\n|turn|40\n|\n|t:|1699112930\n|move|p2a: Arceus|Taunt|p1a: Chansey\n|-start|p1a: Chansey|move: Taunt\n|cant|p1a: Chansey|move: Taunt|Soft-Boiled\n|\n|upkeep\n|turn|41\n|l|\u2606lese256\n|inactive|lese256 disconnected and has a minute to reconnect!\n|player|p2|\n|j|\u2606lese256\n|inactive|lese256 reconnected and has 125 seconds left.\n|player|p2|lese256|266\n|inactive|lese256 has 120 seconds left.\n|\n|t:|1699112967\n|switch|p2a: Kingambit|Kingambit, M|100\/100\n|-activate|p2a: Kingambit|ability: Supreme Overlord\n|-start|p2a: Kingambit|fallen1|[silent]\n|switch|p1a: Alomomola|Alomomola, M, shiny|75\/100\n|\n|upkeep\n|turn|42\n|inactive|lese256 has 120 seconds left.\n|\n|t:|1699112982\n|move|p1a: Alomomola|Scald|p2a: Kingambit\n|-damage|p2a: Kingambit|87\/100\n|move|p2a: Kingambit|Swords Dance|p2a: Kingambit\n|-boost|p2a: Kingambit|atk|2\n|\n|-heal|p2a: Kingambit|93\/100|[from] item: Leftovers\n|upkeep\n|turn|43\n|\n|t:|1699112988\n|move|p1a: Alomomola|Scald|p2a: Kingambit\n|-damage|p2a: Kingambit|79\/100\n|move|p2a: Kingambit|Kowtow Cleave|p1a: Alomomola\n|-damage|p1a: Alomomola|15\/100\n|\n|-heal|p2a: Kingambit|85\/100|[from] item: Leftovers\n|upkeep\n|turn|44\n|\n|t:|1699112999\n|move|p1a: Alomomola|Protect|p1a: Alomomola\n|-singleturn|p1a: Alomomola|Protect\n|move|p2a: Kingambit|Kowtow Cleave|p1a: Alomomola\n|-activate|p1a: Alomomola|move: Protect\n|\n|-heal|p2a: Kingambit|91\/100|[from] item: Leftovers\n|upkeep\n|turn|45\n|\n|t:|1699113003\n|switch|p1a: Weezing|Weezing-Galar, M|100\/100\n|move|p2a: Kingambit|Kowtow Cleave|p1a: Weezing\n|-resisted|p1a: Weezing\n|-damage|p1a: Weezing|62\/100\n|\n|-heal|p1a: Weezing|68\/100|[from] item: Leftovers\n|-heal|p2a: Kingambit|97\/100|[from] item: Leftovers\n|upkeep\n|turn|46\n|inactive|lese256 has 120 seconds left.\n|\n|t:|1699113033\n|move|p1a: Weezing|Will-O-Wisp|p2a: Kingambit\n|-status|p2a: Kingambit|brn\n|move|p2a: Kingambit|Kowtow Cleave|p1a: Weezing\n|-resisted|p1a: Weezing\n|-damage|p1a: Weezing|49\/100\n|\n|-heal|p1a: Weezing|55\/100|[from] item: Leftovers\n|-heal|p2a: Kingambit|100\/100 brn|[from] item: Leftovers\n|-damage|p2a: Kingambit|94\/100 brn|[from] brn\n|upkeep\n|turn|47\n|\n|t:|1699113041\n|-end|p2a: Kingambit|fallen1|[silent]\n|switch|p2a: Arceus|Arceus|40\/100\n|move|p1a: Weezing|Pain Split|p2a: Arceus\n|-sethp|p2a: Arceus|41\/100|[from] move: Pain Split|[silent]\n|-sethp|p1a: Weezing|53\/100|[from] move: Pain Split\n|\n|-heal|p1a: Weezing|59\/100|[from] item: Leftovers\n|upkeep\n|turn|48\n|\n|t:|1699113049\n|move|p2a: Arceus|Swords Dance|p2a: Arceus\n|-boost|p2a: Arceus|atk|2\n|move|p1a: Weezing|Will-O-Wisp|p2a: Arceus\n|-status|p2a: Arceus|brn\n|\n|-heal|p1a: Weezing|65\/100|[from] item: Leftovers\n|-damage|p2a: Arceus|35\/100 brn|[from] brn\n|upkeep\n|turn|49\n|\n|t:|1699113054\n|switch|p1a: Dondozo|Dondozo, M|81\/100 slp\n|move|p2a: Arceus|Extreme Speed|p1a: Dondozo\n|-damage|p1a: Dondozo|69\/100 slp\n|-damage|p2a: Arceus|25\/100 brn|[from] item: Life Orb\n|\n|-damage|p2a: Arceus|18\/100 brn|[from] brn\n|upkeep\n|turn|50\n|c|\u2606Botlike Coursing|This weezing lmao\n|\n|t:|1699113065\n|switch|p2a: Arceus|Arceus-Ground|39\/100\n|-curestatus|p1a: Dondozo|slp|[msg]\n|move|p1a: Dondozo|Avalanche|p2a: Arceus\n|-supereffective|p2a: Arceus\n|-crit|p2a: Arceus\n|-damage|p2a: Arceus|10\/100\n|\n|upkeep\n|turn|51\n|\n|t:|1699113070\n|switch|p1a: Alomomola|Alomomola, M, shiny|49\/100\n|move|p2a: Arceus|Earthquake|p1a: Alomomola\n|-damage|p1a: Alomomola|13\/100\n|\n|upkeep\n|turn|52\n|\n|t:|1699113075\n|switch|p1a: Weezing|Weezing-Galar, M|65\/100\n|move|p2a: Arceus|Earthquake|p1a: Weezing\n|-immune|p1a: Weezing|[from] ability: Levitate\n|\n|-heal|p1a: Weezing|71\/100|[from] item: Leftovers\n|upkeep\n|turn|53\n|\n|t:|1699113089\n|move|p2a: Arceus|Shadow Claw|p1a: Weezing\n|-damage|p1a: Weezing|54\/100\n|move|p1a: Weezing|Will-O-Wisp|p2a: Arceus\n|-status|p2a: Arceus|brn\n|\n|-heal|p1a: Weezing|60\/100|[from] item: Leftovers\n|-damage|p2a: Arceus|4\/100 brn|[from] brn\n|upkeep\n|turn|54\n|\n|t:|1699113096\n|switch|p1a: Alomomola|Alomomola, M, shiny|46\/100\n|move|p2a: Arceus|Shadow Claw|p1a: Alomomola\n|-crit|p1a: Alomomola\n|-damage|p1a: Alomomola|36\/100\n|\n|-damage|p2a: Arceus|0 fnt|[from] brn\n|faint|p2a: Arceus\n|upkeep\n|\n|t:|1699113101\n|switch|p2a: Koraidon|Koraidon|19\/100\n|-weather|SunnyDay|[from] ability: Orichalcum Pulse|[of] p2a: Koraidon\n|-activate|p2a: Koraidon|Orichalcum Pulse|[source]\n|turn|55\n|\n|t:|1699113108\n|switch|p1a: Weezing|Weezing-Galar, M|60\/100\n|move|p2a: Koraidon|Scale Shot|p1a: Weezing\n|-immune|p1a: Weezing\n|\n|-weather|SunnyDay|[upkeep]\n|-heal|p1a: Weezing|66\/100|[from] item: Leftovers\n|upkeep\n|turn|56\n|\n|t:|1699113116\n|move|p2a: Koraidon|Flare Blitz|p1a: Weezing\n|-damage|p1a: Weezing|0 fnt\n|faint|p1a: Weezing\n|-damage|p2a: Koraidon|0 fnt|[from] Recoil\n|faint|p2a: Koraidon\n|\n|-weather|SunnyDay|[upkeep]\n|upkeep\n|\n|t:|1699113134\n|switch|p2a: Kingambit|Kingambit, M|94\/100 brn\n|switch|p1a: Ting-Lu|Ting-Lu|100\/100\n|-activate|p2a: Kingambit|ability: Supreme Overlord\n|-start|p2a: Kingambit|fallen3|[silent]\n|-ability|p1a: Ting-Lu|Vessel of Ruin\n|turn|57\n|inactive|lese256 has 120 seconds left.\n|\n|t:|1699113177\n|move|p2a: Kingambit|Swords Dance|p2a: Kingambit\n|-boost|p2a: Kingambit|atk|2\n|move|p1a: Ting-Lu|Whirlwind|p2a: Kingambit\n|-end|p2a: Kingambit|fallen3|[silent]\n|drag|p2a: Arceus|Arceus|18\/100 brn\n|\n|-weather|SunnyDay|[upkeep]\n|-damage|p2a: Arceus|12\/100 brn|[from] brn\n|upkeep\n|turn|58\n|inactive|lese256 has 90 seconds left.\n|\n|t:|1699113207\n|move|p2a: Arceus|Recover|p2a: Arceus\n|-heal|p2a: Arceus|62\/100 brn\n|move|p1a: Ting-Lu|Stealth Rock|p2a: Arceus\n|-sidestart|p2: lese256|move: Stealth Rock\n|\n|-weather|SunnyDay|[upkeep]\n|-damage|p2a: Arceus|56\/100 brn|[from] brn\n|upkeep\n|turn|59\n|\n|t:|1699113210\n|move|p2a: Arceus|Recover|p2a: Arceus\n|-heal|p2a: Arceus|100\/100 brn\n|move|p1a: Ting-Lu|Spikes|p2a: Arceus\n|-sidestart|p2: lese256|Spikes\n|\n|-weather|none\n|-damage|p2a: Arceus|94\/100 brn|[from] brn\n|upkeep\n|turn|60\n|\n|t:|1699113214\n|move|p2a: Arceus|Swords Dance|p2a: Arceus\n|-boost|p2a: Arceus|atk|2\n|move|p1a: Ting-Lu|Whirlwind|p2a: Arceus\n|drag|p2a: Ribombee|Ribombee, M|82\/100 brn\n|-damage|p2a: Ribombee|57\/100 brn|[from] Stealth Rock\n|-damage|p2a: Ribombee|45\/100 brn|[from] Spikes\n|\n|-damage|p2a: Ribombee|39\/100 brn|[from] brn\n|upkeep\n|turn|61\n|\n|t:|1699113218\n|switch|p1a: Chansey|Chansey, F, tera:Grass|46\/100\n|move|p2a: Ribombee|Grass Knot|p1a: Chansey\n|-resisted|p1a: Chansey\n|-damage|p1a: Chansey|44\/100\n|\n|-damage|p2a: Ribombee|33\/100 brn|[from] brn\n|upkeep\n|turn|62\n|\n|t:|1699113221\n|switch|p2a: Kingambit|Kingambit, M|94\/100 brn\n|-damage|p2a: Kingambit|88\/100 brn|[from] Stealth Rock\n|-damage|p2a: Kingambit|76\/100 brn|[from] Spikes\n|-activate|p2a: Kingambit|ability: Supreme Overlord\n|-start|p2a: Kingambit|fallen3|[silent]\n|move|p1a: Chansey|Soft-Boiled|p1a: Chansey\n|-heal|p1a: Chansey|94\/100\n|\n|-heal|p2a: Kingambit|82\/100 brn|[from] item: Leftovers\n|-damage|p2a: Kingambit|76\/100 brn|[from] brn\n|upkeep\n|turn|63\n|\n|t:|1699113230\n|move|p2a: Kingambit|Swords Dance|p2a: Kingambit\n|-boost|p2a: Kingambit|atk|2\n|move|p1a: Chansey|Seismic Toss|p2a: Kingambit\n|-damage|p2a: Kingambit|50\/100 brn\n|\n|-heal|p2a: Kingambit|57\/100 brn|[from] item: Leftovers\n|-damage|p2a: Kingambit|50\/100 brn|[from] brn\n|upkeep\n|turn|64\n|\n|t:|1699113235\n|switch|p1a: Dondozo|Dondozo, M|69\/100\n|move|p2a: Kingambit|Kowtow Cleave|p1a: Dondozo\n|-damage|p1a: Dondozo|55\/100\n|\n|-heal|p2a: Kingambit|57\/100 brn|[from] item: Leftovers\n|-damage|p2a: Kingambit|50\/100 brn|[from] brn\n|upkeep\n|turn|65\n|\n|t:|1699113240\n|move|p2a: Kingambit|Kowtow Cleave|p1a: Dondozo\n|-damage|p1a: Dondozo|41\/100\n|move|p1a: Dondozo|Fissure|p2a: Kingambit|[miss]\n|-miss|p1a: Dondozo|p2a: Kingambit\n|\n|-heal|p2a: Kingambit|57\/100 brn|[from] item: Leftovers\n|-damage|p2a: Kingambit|50\/100 brn|[from] brn\n|upkeep\n|turn|66\n|\n|t:|1699113246\n|move|p2a: Kingambit|Kowtow Cleave|p1a: Dondozo\n|-damage|p1a: Dondozo|27\/100\n|move|p1a: Dondozo|Rest|p1a: Dondozo\n|-status|p1a: Dondozo|slp|[from] move: Rest\n|-heal|p1a: Dondozo|100\/100 slp|[silent]\n|\n|-heal|p2a: Kingambit|57\/100 brn|[from] item: Leftovers\n|-damage|p2a: Kingambit|50\/100 brn|[from] brn\n|upkeep\n|turn|67\n|\n|t:|1699113251\n|move|p2a: Kingambit|Kowtow Cleave|p1a: Dondozo\n|-damage|p1a: Dondozo|85\/100 slp\n|cant|p1a: Dondozo|slp\n|move|p1a: Dondozo|Sleep Talk|p1a: Dondozo\n|move|p1a: Dondozo|Fissure|p2a: Kingambit|[from]move: Sleep Talk\n|-damage|p2a: Kingambit|0 fnt\n|faint|p2a: Kingambit\n|-end|p2a: Kingambit|fallen3|[silent]\n|-ohko\n|\n|upkeep\n|-message|lese256 forfeited.\n|\n|win|Botlike Coursing\n|raw|Botlike Coursing's rating: 1574 &rarr; <strong>1605<\/strong><br \/>(+31 for winning)\n|raw|lese256's rating: 1793 &rarr; <strong>1762<\/strong><br \/>(-31 for losing)\n|l|\u2606lese256\n","uploadtime":1699113262,"views":6,"p1id":"botlikecoursing","p2id":"lese256","formatid":"gen9anythinggoes","rating":1605,"private":0,"password":""}