{"id":"gen9anythinggoes-1978391348","p1":"CarnateRiseXD136","p2":"morticrac","format":"[Gen 9] Anything Goes","log":"|j|\u2606CarnateRiseXD136\n|j|\u2606morticrac\n|t:|1698532947\n|gametype|singles\n|player|p1|CarnateRiseXD136|cynthia|1128\n|player|p2|morticrac|266|1000\n|teamsize|p1|6\n|teamsize|p2|6\n|gen|9\n|tier|[Gen 9] Anything Goes\n|rated|\n|rule|HP Percentage Mod: HP is shown in percentages\n|rule|Endless Battle Clause: Forcing endless battles is banned\n|clearpoke\n|poke|p1|Urshifu-*, F|\n|poke|p1|Ursaluna-Bloodmoon, M|\n|poke|p1|Calyrex-Shadow|\n|poke|p1|Kingambit, M|\n|poke|p1|Palafin, F|\n|poke|p1|Kyogre|\n|poke|p2|Garchomp, M|\n|poke|p2|Gholdengo|\n|poke|p2|Kyogre|\n|poke|p2|Dialga|\n|poke|p2|Giratina|\n|poke|p2|Perrserker, M|\n|teampreview\n|inactive|Battle timer is ON: inactive players will automatically lose when time's up. (requested by CarnateRiseXD136)\n|inactive|CarnateRiseXD136 has 120 seconds left.\n|\n|t:|1698532997\n|start\n|switch|p1a: Zero to the HERO|Palafin, F|100\/100\n|switch|p2a: Garchomp|Garchomp, M, shiny|100\/100\n|turn|1\n|\n|t:|1698533008\n|detailschange|p1a: Zero to the HERO|Palafin-Hero, F\n|switch|p1a: fish|Kyogre, shiny|100\/100\n|-weather|RainDance|[from] ability: Drizzle|[of] p1a: fish\n|move|p2a: Garchomp|Draco Meteor|p1a: fish\n|-damage|p1a: fish|70\/100\n|-unboost|p2a: Garchomp|spa|2\n|\n|-weather|RainDance|[upkeep]\n|upkeep\n|turn|2\n|\n|t:|1698533028\n|move|p1a: fish|Ice Beam|p2a: Garchomp\n|-supereffective|p2a: Garchomp\n|-damage|p2a: Garchomp|0 fnt\n|faint|p2a: Garchomp\n|\n|-weather|RainDance|[upkeep]\n|upkeep\n|\n|t:|1698533038\n|switch|p2a: Gholdengo|Gholdengo|100\/100\n|turn|3\n|\n|t:|1698533053\n|move|p1a: fish|Thunder|p2a: Gholdengo\n|-damage|p2a: Gholdengo|55\/100\n|-status|p2a: Gholdengo|par\n|cant|p2a: Gholdengo|par\n|\n|-weather|RainDance|[upkeep]\n|upkeep\n|turn|4\n|\n|t:|1698533070\n|move|p1a: fish|Sheer Cold|p2a: Gholdengo|[miss]\n|-miss|p1a: fish|p2a: Gholdengo\n|move|p2a: Gholdengo|Flash Cannon|p1a: fish\n|-resisted|p1a: fish\n|-damage|p1a: fish|48\/100\n|\n|-weather|RainDance|[upkeep]\n|upkeep\n|turn|5\n|c|\u2606CarnateRiseXD136|itd be funny if i hit\n|c|\u2606CarnateRiseXD136|ngl\n|\n|t:|1698533093\n|move|p1a: fish|Sheer Cold|p2a: Gholdengo|[miss]\n|-miss|p1a: fish|p2a: Gholdengo\n|move|p2a: Gholdengo|Flash Cannon|p1a: fish\n|-resisted|p1a: fish\n|-damage|p1a: fish|25\/100\n|\n|-weather|none\n|upkeep\n|turn|6\n|\n|t:|1698533102\n|move|p1a: fish|Sheer Cold|p2a: Gholdengo\n|-damage|p2a: Gholdengo|0 fnt\n|faint|p2a: Gholdengo\n|-ohko\n|\n|upkeep\n|\n|t:|1698533109\n|switch|p2a: Kyogre|Kyogre, shiny|100\/100\n|-weather|RainDance|[from] ability: Drizzle|[of] p2a: Kyogre\n|turn|7\n|inactive|CarnateRiseXD136 has 120 seconds left.\n|\n|t:|1698533149\n|move|p1a: fish|Thunder|p2a: Kyogre\n|-supereffective|p2a: Kyogre\n|-damage|p2a: Kyogre|41\/100\n|move|p2a: Kyogre|Avalanche|p1a: fish\n|-resisted|p1a: fish\n|-damage|p1a: fish|8\/100\n|\n|-weather|RainDance|[upkeep]\n|upkeep\n|turn|8\n|inactive|CarnateRiseXD136 has 120 seconds left.\n|\n|t:|1698533160\n|move|p1a: fish|Thunder|p2a: Kyogre\n|-supereffective|p2a: Kyogre\n|-crit|p2a: Kyogre\n|-damage|p2a: Kyogre|0 fnt\n|faint|p2a: Kyogre\n|\n|-weather|RainDance|[upkeep]\n|upkeep\n|\n|t:|1698533167\n|switch|p2a: Perrserker|Perrserker, M, shiny|100\/100\n|turn|9\n|inactive|CarnateRiseXD136 has 120 seconds left.\n|\n|t:|1698533192\n|move|p1a: fish|Sheer Cold|p2a: Perrserker|[miss]\n|-miss|p1a: fish|p2a: Perrserker\n|move|p2a: Perrserker|Foul Play|p1a: fish\n|-damage|p1a: fish|0 fnt\n|faint|p1a: fish\n|\n|-weather|RainDance|[upkeep]\n|upkeep\n|\n|t:|1698533200\n|switch|p1a: Zero to the HERO|Palafin-Hero, F|100\/100\n|-activate|p1a: Zero to the HERO|ability: Zero to Hero\n|turn|10\n|\n|t:|1698533219\n|move|p1a: Zero to the HERO|Drain Punch|p2a: Perrserker\n|-supereffective|p2a: Perrserker\n|-damage|p2a: Perrserker|5\/100\n|-damage|p1a: Zero to the HERO|91\/100|[from] item: Life Orb\n|move|p2a: Perrserker|Iron Head|p1a: Zero to the HERO\n|-resisted|p1a: Zero to the HERO\n|-damage|p1a: Zero to the HERO|70\/100\n|\n|-weather|RainDance|[upkeep]\n|upkeep\n|turn|11\n|\n|t:|1698533232\n|switch|p2a: Dialga|Dialga, shiny|100\/100\n|-ability|p2a: Dialga|Pressure\n|move|p1a: Zero to the HERO|Drain Punch|p2a: Dialga\n|-supereffective|p2a: Dialga\n|-damage|p2a: Dialga|39\/100\n|-heal|p1a: Zero to the HERO|100\/100|[from] drain|[of] p2a: Dialga\n|-damage|p1a: Zero to the HERO|91\/100|[from] item: Life Orb\n|\n|-weather|none\n|upkeep\n|turn|12\n|\n|t:|1698533249\n|move|p1a: Zero to the HERO|Drain Punch|p2a: Dialga\n|-supereffective|p2a: Dialga\n|-damage|p2a: Dialga|0 fnt\n|-heal|p1a: Zero to the HERO|100\/100|[from] drain|[of] p2a: Dialga\n|faint|p2a: Dialga\n|-damage|p1a: Zero to the HERO|91\/100|[from] item: Life Orb\n|\n|upkeep\n|c|\u2606CarnateRiseXD136|why not switch to giritina\n|\n|t:|1698533259\n|switch|p2a: Giratina|Giratina, shiny|100\/100\n|-ability|p2a: Giratina|Pressure\n|turn|13\n|c|\u2606CarnateRiseXD136|couldve tricked  me\n|c|\u2606CarnateRiseXD136|I have ice punch\n|c|\u2606CarnateRiseXD136|so swap\n|\n|t:|1698533272\n|-terastallize|p2a: Giratina|Ghost\n|move|p1a: Zero to the HERO|Ice Punch|p2a: Giratina\n|-damage|p2a: Giratina|75\/100\n|-damage|p1a: Zero to the HERO|81\/100|[from] item: Life Orb\n|move|p2a: Giratina|Dragon Claw|p1a: Zero to the HERO\n|-crit|p1a: Zero to the HERO\n|-damage|p1a: Zero to the HERO|26\/100\n|\n|upkeep\n|turn|14\n|\n|t:|1698533284\n|-terastallize|p1a: Zero to the HERO|Water\n|move|p1a: Zero to the HERO|Wave Crash|p2a: Giratina\n|-damage|p2a: Giratina|0 fnt\n|faint|p2a: Giratina\n|-damage|p1a: Zero to the HERO|0 fnt|[from] Recoil\n|faint|p1a: Zero to the HERO\n|\n|upkeep\n|inactive|morticrac has 120 seconds left.\n|inactive|CarnateRiseXD136 has 120 seconds left.\n|\n|t:|1698533337\n|switch|p1a: PoTHEdraginWarrior|Urshifu, F|100\/100\n|switch|p2a: Perrserker|Perrserker, M, shiny|5\/100\n|turn|15\n|\n|t:|1698533343\n|move|p1a: PoTHEdraginWarrior|Drain Punch|p2a: Perrserker\n|-supereffective|p2a: Perrserker\n|-damage|p2a: Perrserker|0 fnt\n|faint|p2a: Perrserker\n|\n|win|CarnateRiseXD136\n|raw|CarnateRiseXD136's rating: 1128 &rarr; <strong>1144<\/strong><br \/>(+16 for winning)\n|raw|morticrac's rating: 1000 &rarr; <strong>1000<\/strong><br \/>(+0 for losing)\n|c|\u2606CarnateRiseXD136|gg\n","uploadtime":1698533349,"views":6,"p1id":"carnaterisexd136","p2id":"morticrac","formatid":"gen9anythinggoes","rating":1000,"private":0,"password":""}