{"id":"gen9anythinggoes-1996586486","p1":"Fardulf07","p2":"Josharius","format":"[Gen 9] Anything Goes","log":"|j|\u2606Fardulf07\n|j|\u2606Josharius\n|t:|1700697404\n|gametype|singles\n|player|p1|Fardulf07|gardenia|\n|player|p2|Josharius|ethan|\n|teamsize|p1|6\n|teamsize|p2|6\n|gen|9\n|tier|[Gen 9] Anything Goes\n|rule|HP Percentage Mod: HP is shown in percentages\n|rule|Endless Battle Clause: Forcing endless battles is banned\n|clearpoke\n|poke|p1|Toxapex, F|\n|poke|p1|Garganacl, F|\n|poke|p1|Naclstack, M|\n|poke|p1|Roaring Moon|\n|poke|p1|Ribombee, F|\n|poke|p1|Regieleki|\n|poke|p2|Sandy Shocks|\n|poke|p2|Floatzel, M|\n|poke|p2|Iron Leaves|\n|poke|p2|Klefki, M|\n|poke|p2|Torkoal, M|\n|poke|p2|Lilligant-Hisui, F|\n|teampreview\n|j| caligulahar\n|\n|t:|1700697409\n|start\n|switch|p1a: Toxapex|Toxapex, F|100\/100\n|switch|p2a: Surfing Surprise|Floatzel, M|100\/100\n|turn|1\n|\n|t:|1700697418\n|move|p2a: Surfing Surprise|Bulk Up|p2a: Surfing Surprise\n|-boost|p2a: Surfing Surprise|atk|1\n|-boost|p2a: Surfing Surprise|def|1\n|move|p1a: Toxapex|Toxic|p2a: Surfing Surprise\n|-status|p2a: Surfing Surprise|tox\n|\n|-damage|p2a: Surfing Surprise|94\/100 tox|[from] psn\n|upkeep\n|turn|2\n|\n|t:|1700697431\n|switch|p2a: Strikes Thrice|Sandy Shocks|100\/100\n|move|p1a: Toxapex|Toxic Spikes|p2a: Strikes Thrice\n|-sidestart|p2: Josharius|move: Toxic Spikes\n|\n|upkeep\n|turn|3\n|\n|t:|1700697437\n|move|p2a: Strikes Thrice|Earth Power|p1a: Toxapex\n|-supereffective|p1a: Toxapex\n|-damage|p1a: Toxapex|0 fnt\n|faint|p1a: Toxapex\n|\n|upkeep\n|\n|t:|1700697452\n|switch|p1a: Roaring Moon|Roaring Moon|100\/100\n|-enditem|p1a: Roaring Moon|Booster Energy\n|-activate|p1a: Roaring Moon|ability: Protosynthesis|[fromitem]\n|-start|p1a: Roaring Moon|protosynthesisatk\n|turn|4\n|\n|t:|1700697457\n|-end|p2a: Strikes Thrice|Protosynthesis|[silent]\n|switch|p2a: Seta Kis|Klefki, M|100\/100\n|move|p1a: Roaring Moon|Dragon Claw|p2a: Seta Kis\n|-immune|p2a: Seta Kis\n|\n|upkeep\n|turn|5\n|\n|t:|1700697469\n|-end|p1a: Roaring Moon|Protosynthesis|[silent]\n|switch|p1a: Ribombee|Ribombee, F|100\/100\n|move|p2a: Seta Kis|Play Rough|p1a: Ribombee\n|-damage|p1a: Ribombee|37\/100\n|\n|-heal|p1a: Ribombee|43\/100|[from] item: Leftovers\n|upkeep\n|turn|6\n|\n|t:|1700697488\n|switch|p2a: Helmfire|Torkoal, M|100\/100\n|-status|p2a: Helmfire|psn\n|-weather|SunnyDay|[from] ability: Drought|[of] p2a: Helmfire\n|move|p1a: Ribombee|Substitute|p1a: Ribombee\n|-start|p1a: Ribombee|Substitute\n|-damage|p1a: Ribombee|18\/100\n|\n|-weather|SunnyDay|[upkeep]\n|-heal|p1a: Ribombee|25\/100|[from] item: Leftovers\n|-damage|p2a: Helmfire|88\/100 psn|[from] psn\n|upkeep\n|turn|7\n|\n|t:|1700697502\n|move|p1a: Ribombee|Quiver Dance|p1a: Ribombee\n|-boost|p1a: Ribombee|spa|1\n|-boost|p1a: Ribombee|spd|1\n|-boost|p1a: Ribombee|spe|1\n|move|p2a: Helmfire|Lava Plume|p1a: Ribombee\n|-supereffective|p1a: Ribombee\n|-end|p1a: Ribombee|Substitute\n|\n|-weather|SunnyDay|[upkeep]\n|-heal|p1a: Ribombee|31\/100|[from] item: Leftovers\n|-damage|p2a: Helmfire|75\/100 psn|[from] psn\n|upkeep\n|turn|8\n|\n|t:|1700697512\n|move|p1a: Ribombee|Baton Pass|p1a: Ribombee\n|\n|t:|1700697519\n|switch|p1a: Naclstack|Naclstack, M|100\/100|[from] Baton Pass\n|move|p2a: Helmfire|Lava Plume|p1a: Naclstack\n|-resisted|p1a: Naclstack\n|-damage|p1a: Naclstack|87\/100\n|\n|-weather|SunnyDay|[upkeep]\n|-damage|p2a: Helmfire|63\/100 psn|[from] psn\n|upkeep\n|turn|9\n|\n|t:|1700697532\n|switch|p2a: Lawn Motor|Iron Leaves|100\/100\n|-status|p2a: Lawn Motor|psn\n|-enditem|p2a: Lawn Motor|Booster Energy\n|-activate|p2a: Lawn Motor|ability: Quark Drive|[fromitem]\n|-start|p2a: Lawn Motor|quarkdriveatk\n|move|p1a: Naclstack|Salt Cure|p2a: Lawn Motor\n|-damage|p2a: Lawn Motor|89\/100 psn\n|-start|p2a: Lawn Motor|Salt Cure\n|\n|-weather|SunnyDay|[upkeep]\n|-damage|p2a: Lawn Motor|77\/100 psn|[from] psn\n|-damage|p2a: Lawn Motor|64\/100 psn|[from] Salt Cure\n|upkeep\n|turn|10\n|\n|t:|1700697552\n|-terastallize|p1a: Naclstack|Rock\n|move|p1a: Naclstack|Protect|p1a: Naclstack\n|-singleturn|p1a: Naclstack|Protect\n|move|p2a: Lawn Motor|Leaf Blade|p1a: Naclstack\n|-activate|p1a: Naclstack|move: Protect\n|\n|-weather|SunnyDay|[upkeep]\n|-damage|p2a: Lawn Motor|52\/100 psn|[from] psn\n|-damage|p2a: Lawn Motor|39\/100 psn|[from] Salt Cure\n|upkeep\n|turn|11\n|\n|t:|1700697568\n|move|p2a: Lawn Motor|Close Combat|p1a: Naclstack\n|-supereffective|p1a: Naclstack\n|-damage|p1a: Naclstack|25\/100\n|-unboost|p2a: Lawn Motor|def|1\n|-unboost|p2a: Lawn Motor|spd|1\n|move|p1a: Naclstack|Recover|p1a: Naclstack\n|-heal|p1a: Naclstack|75\/100\n|\n|-weather|SunnyDay|[upkeep]\n|-damage|p2a: Lawn Motor|27\/100 psn|[from] psn\n|-damage|p2a: Lawn Motor|14\/100 psn|[from] Salt Cure\n|upkeep\n|turn|12\n|\n|t:|1700697580\n|-end|p2a: Lawn Motor|Quark Drive|[silent]\n|switch|p2a: Helmfire|Torkoal, M|63\/100 psn\n|move|p1a: Naclstack|Protect||[still]\n|-fail|p1a: Naclstack\n|\n|-weather|SunnyDay|[upkeep]\n|-damage|p2a: Helmfire|50\/100 psn|[from] psn\n|upkeep\n|turn|13\n|\n|t:|1700697587\n|move|p1a: Naclstack|Recover|p1a: Naclstack\n|-heal|p1a: Naclstack|100\/100\n|move|p2a: Helmfire|Rapid Spin|p1a: Naclstack\n|-resisted|p1a: Naclstack\n|-damage|p1a: Naclstack|98\/100\n|-boost|p2a: Helmfire|spe|1\n|-sideend|p2: Josharius|Toxic Spikes|[from] move: Rapid Spin|[of] p2a: Helmfire\n|\n|-weather|none\n|-damage|p2a: Helmfire|38\/100 psn|[from] psn\n|upkeep\n|turn|14\n|\n|t:|1700697596\n|switch|p2a: Flowing Fighter|Lilligant-Hisui, F|100\/100\n|move|p1a: Naclstack|Stealth Rock|p2a: Flowing Fighter\n|-sidestart|p2: Josharius|move: Stealth Rock\n|\n|upkeep\n|turn|15\n|\n|t:|1700697607\n|move|p2a: Flowing Fighter|Close Combat|p1a: Naclstack\n|-supereffective|p1a: Naclstack\n|-damage|p1a: Naclstack|44\/100\n|-unboost|p2a: Flowing Fighter|def|1\n|-unboost|p2a: Flowing Fighter|spd|1\n|move|p1a: Naclstack|Salt Cure|p2a: Flowing Fighter\n|-resisted|p2a: Flowing Fighter\n|-damage|p2a: Flowing Fighter|77\/100\n|-start|p2a: Flowing Fighter|Salt Cure\n|\n|-heal|p2a: Flowing Fighter|83\/100|[from] item: Leftovers\n|-damage|p2a: Flowing Fighter|71\/100|[from] Salt Cure\n|upkeep\n|turn|16\n|\n|t:|1700697620\n|move|p2a: Flowing Fighter|Victory Dance|p2a: Flowing Fighter\n|-boost|p2a: Flowing Fighter|atk|1\n|-boost|p2a: Flowing Fighter|def|1\n|-boost|p2a: Flowing Fighter|spe|1\n|move|p1a: Naclstack|Recover|p1a: Naclstack\n|-heal|p1a: Naclstack|94\/100\n|\n|-heal|p2a: Flowing Fighter|77\/100|[from] item: Leftovers\n|-damage|p2a: Flowing Fighter|65\/100|[from] Salt Cure\n|upkeep\n|turn|17\n|\n|t:|1700697634\n|move|p2a: Flowing Fighter|Solar Blade||[still]\n|-prepare|p2a: Flowing Fighter|Solar Blade\n|move|p1a: Naclstack|Recover|p1a: Naclstack\n|-heal|p1a: Naclstack|100\/100\n|\n|-heal|p2a: Flowing Fighter|71\/100|[from] item: Leftovers\n|-damage|p2a: Flowing Fighter|58\/100|[from] Salt Cure\n|upkeep\n|turn|18\n|\n|t:|1700697642\n|move|p1a: Naclstack|Protect|p1a: Naclstack\n|-singleturn|p1a: Naclstack|Protect\n|move|p2a: Flowing Fighter|Solar Blade|p1a: Naclstack|[from]lockedmove\n|-activate|p1a: Naclstack|move: Protect\n|\n|-heal|p2a: Flowing Fighter|64\/100|[from] item: Leftovers\n|-damage|p2a: Flowing Fighter|52\/100|[from] Salt Cure\n|upkeep\n|turn|19\n|\n|t:|1700697652\n|move|p2a: Flowing Fighter|Victory Dance|p2a: Flowing Fighter\n|-boost|p2a: Flowing Fighter|atk|1\n|-boost|p2a: Flowing Fighter|def|1\n|-boost|p2a: Flowing Fighter|spe|1\n|move|p1a: Naclstack|Recover||[still]\n|-fail|p1a: Naclstack|heal\n|\n|-heal|p2a: Flowing Fighter|58\/100|[from] item: Leftovers\n|-damage|p2a: Flowing Fighter|45\/100|[from] Salt Cure\n|upkeep\n|turn|20\n|\n|t:|1700697661\n|move|p1a: Naclstack|Protect|p1a: Naclstack\n|-singleturn|p1a: Naclstack|Protect\n|move|p2a: Flowing Fighter|Close Combat|p1a: Naclstack\n|-activate|p1a: Naclstack|move: Protect\n|\n|-heal|p2a: Flowing Fighter|51\/100|[from] item: Leftovers\n|-damage|p2a: Flowing Fighter|39\/100|[from] Salt Cure\n|upkeep\n|turn|21\n|\n|t:|1700697676\n|switch|p2a: Strikes Thrice|Sandy Shocks|100\/100\n|-damage|p2a: Strikes Thrice|94\/100|[from] Stealth Rock\n|move|p1a: Naclstack|Recover||[still]\n|-fail|p1a: Naclstack|heal\n|\n|upkeep\n|turn|22\n|\n|t:|1700697689\n|move|p2a: Strikes Thrice|Earth Power|p1a: Naclstack\n|-supereffective|p1a: Naclstack\n|-damage|p1a: Naclstack|13\/100\n|move|p1a: Naclstack|Salt Cure|p2a: Strikes Thrice\n|-resisted|p2a: Strikes Thrice\n|-damage|p2a: Strikes Thrice|84\/100\n|-start|p2a: Strikes Thrice|Salt Cure\n|\n|-damage|p2a: Strikes Thrice|72\/100|[from] Salt Cure\n|upkeep\n|turn|23\n|\n|t:|1700697703\n|move|p1a: Naclstack|Protect|p1a: Naclstack\n|-singleturn|p1a: Naclstack|Protect\n|move|p2a: Strikes Thrice|Earth Power|p1a: Naclstack\n|-activate|p1a: Naclstack|move: Protect\n|\n|-damage|p2a: Strikes Thrice|60\/100|[from] Salt Cure\n|upkeep\n|turn|24\n|\n|t:|1700697714\n|switch|p1a: Roaring Moon|Roaring Moon|100\/100\n|move|p2a: Strikes Thrice|Earth Power|p1a: Roaring Moon\n|-damage|p1a: Roaring Moon|41\/100\n|\n|-damage|p2a: Strikes Thrice|48\/100|[from] Salt Cure\n|upkeep\n|turn|25\n|\n|t:|1700697725\n|-end|p2a: Strikes Thrice|Protosynthesis|[silent]\n|switch|p2a: Seta Kis|Klefki, M|100\/100\n|-damage|p2a: Seta Kis|95\/100|[from] Stealth Rock\n|move|p1a: Roaring Moon|Protect||[still]\n|-fail|p1a: Roaring Moon\n|\n|upkeep\n|turn|26\n|\n|t:|1700697735\n|move|p1a: Roaring Moon|Crunch|p2a: Seta Kis\n|-resisted|p2a: Seta Kis\n|-damage|p2a: Seta Kis|66\/100\n|move|p2a: Seta Kis|Play Rough|p1a: Roaring Moon\n|-supereffective|p1a: Roaring Moon\n|-damage|p1a: Roaring Moon|0 fnt\n|faint|p1a: Roaring Moon\n|-end|p1a: Roaring Moon|Protosynthesis|[silent]\n|\n|upkeep\n|\n|t:|1700697759\n|switch|p1a: Garganacl|Garganacl, F|100\/100\n|turn|27\n|\n|t:|1700697782\n|switch|p2a: Strikes Thrice|Sandy Shocks|48\/100\n|-damage|p2a: Strikes Thrice|42\/100|[from] Stealth Rock\n|move|p1a: Garganacl|Salt Cure|p2a: Strikes Thrice\n|-resisted|p2a: Strikes Thrice\n|-damage|p2a: Strikes Thrice|34\/100\n|-start|p2a: Strikes Thrice|Salt Cure\n|\n|-damage|p2a: Strikes Thrice|22\/100|[from] Salt Cure\n|upkeep\n|turn|28\n|\n|t:|1700697798\n|move|p2a: Strikes Thrice|Earth Power|p1a: Garganacl\n|-supereffective|p1a: Garganacl\n|-damage|p1a: Garganacl|0 fnt\n|faint|p1a: Garganacl\n|\n|-damage|p2a: Strikes Thrice|10\/100|[from] Salt Cure\n|upkeep\n|\n|t:|1700697822\n|switch|p1a: Naclstack|Naclstack, M, tera:Rock|13\/100\n|turn|29\n|\n|t:|1700697834\n|move|p2a: Strikes Thrice|Earth Power|p1a: Naclstack\n|-supereffective|p1a: Naclstack\n|-damage|p1a: Naclstack|0 fnt\n|faint|p1a: Naclstack\n|\n|-damage|p2a: Strikes Thrice|0 fnt|[from] Salt Cure\n|faint|p2a: Strikes Thrice\n|-end|p2a: Strikes Thrice|Protosynthesis|[silent]\n|upkeep\n|\n|t:|1700697853\n|switch|p2a: Surfing Surprise|Floatzel, M|94\/100 tox\n|switch|p1a: Regieleki|Regieleki|100\/100\n|turn|30\n|\n|t:|1700697882\n|switch|p2a: Helmfire|Torkoal, M|38\/100 psn\n|-damage|p2a: Helmfire|13\/100 psn|[from] Stealth Rock\n|-weather|SunnyDay|[from] ability: Drought|[of] p2a: Helmfire\n|move|p1a: Regieleki|Thunderbolt|p2a: Helmfire\n|-damage|p2a: Helmfire|0 fnt\n|faint|p2a: Helmfire\n|-damage|p1a: Regieleki|91\/100|[from] item: Life Orb\n|\n|-weather|SunnyDay|[upkeep]\n|upkeep\n|\n|t:|1700697895\n|switch|p2a: Seta Kis|Klefki, M|66\/100\n|-damage|p2a: Seta Kis|60\/100|[from] Stealth Rock\n|turn|31\n|\n|t:|1700697907\n|move|p2a: Seta Kis|Reflect|p2a: Seta Kis\n|-sidestart|p2: Josharius|Reflect\n|move|p1a: Regieleki|Ancient Power|p2a: Seta Kis\n|-resisted|p2a: Seta Kis\n|-damage|p2a: Seta Kis|47\/100\n|-boost|p1a: Regieleki|atk|1\n|-boost|p1a: Regieleki|def|1\n|-boost|p1a: Regieleki|spa|1\n|-boost|p1a: Regieleki|spd|1\n|-boost|p1a: Regieleki|spe|1\n|-damage|p1a: Regieleki|81\/100|[from] item: Life Orb\n|\n|-weather|SunnyDay|[upkeep]\n|upkeep\n|turn|32\n|\n|t:|1700697929\n|move|p1a: Regieleki|Acrobatics|p2a: Seta Kis\n|-resisted|p2a: Seta Kis\n|-damage|p2a: Seta Kis|41\/100\n|-damage|p1a: Regieleki|71\/100|[from] item: Life Orb\n|move|p2a: Seta Kis|Play Rough|p1a: Regieleki\n|-damage|p1a: Regieleki|22\/100\n|\n|-weather|SunnyDay|[upkeep]\n|upkeep\n|turn|33\n|\n|t:|1700697940\n|move|p1a: Regieleki|Thunderbolt|p2a: Seta Kis\n|-damage|p2a: Seta Kis|0 fnt\n|faint|p2a: Seta Kis\n|-damage|p1a: Regieleki|12\/100|[from] item: Life Orb\n|\n|-weather|SunnyDay|[upkeep]\n|upkeep\n|\n|t:|1700697946\n|switch|p2a: Flowing Fighter|Lilligant-Hisui, F|39\/100\n|-damage|p2a: Flowing Fighter|33\/100|[from] Stealth Rock\n|turn|34\n|\n|t:|1700697953\n|move|p1a: Regieleki|Acrobatics|p2a: Flowing Fighter\n|-supereffective|p2a: Flowing Fighter\n|-damage|p2a: Flowing Fighter|0 fnt\n|faint|p2a: Flowing Fighter\n|-damage|p1a: Regieleki|2\/100|[from] item: Life Orb\n|\n|-weather|SunnyDay|[upkeep]\n|upkeep\n|\n|t:|1700697960\n|switch|p2a: Lawn Motor|Iron Leaves|14\/100 psn\n|-damage|p2a: Lawn Motor|2\/100 psn|[from] Stealth Rock\n|turn|35\n|\n|t:|1700697965\n|switch|p1a: Ribombee|Ribombee, F|31\/100\n|move|p2a: Lawn Motor|Leaf Blade|p1a: Ribombee\n|-resisted|p1a: Ribombee\n|-damage|p1a: Ribombee|0 fnt\n|faint|p1a: Ribombee\n|\n|-weather|SunnyDay|[upkeep]\n|-damage|p2a: Lawn Motor|0 fnt|[from] psn\n|faint|p2a: Lawn Motor\n|-end|p2a: Lawn Motor|Quark Drive|[silent]\n|upkeep\n|\n|t:|1700697975\n|switch|p1a: Regieleki|Regieleki|2\/100\n|switch|p2a: Surfing Surprise|Floatzel, M|94\/100 tox\n|turn|36\n|\n|t:|1700697986\n|move|p1a: Regieleki|Thunderbolt|p2a: Surfing Surprise\n|-supereffective|p2a: Surfing Surprise\n|-damage|p2a: Surfing Surprise|0 fnt\n|faint|p2a: Surfing Surprise\n|-damage|p1a: Regieleki|0 fnt|[from] item: Life Orb\n|faint|p1a: Regieleki\n|\n|win|Fardulf07\n","uploadtime":1700697994,"views":9,"p1id":"fardulf07","p2id":"josharius","formatid":"gen9anythinggoes","rating":0,"private":0,"password":""}