{"id":"gen9anythinggoes-1975548809","p1":"el daner","p2":"Lilsniff","format":"[Gen 9] Anything Goes","log":"|j|\u2606el daner\n|j|\u2606Lilsniff\n|t:|1698203535\n|gametype|singles\n|player|p1|el daner|hiker-gen4|1098\n|player|p2|Lilsniff|kahili|1194\n|teamsize|p1|6\n|teamsize|p2|6\n|gen|9\n|tier|[Gen 9] Anything Goes\n|rated|\n|rule|HP Percentage Mod: HP is shown in percentages\n|rule|Endless Battle Clause: Forcing endless battles is banned\n|clearpoke\n|poke|p1|Spiritomb, F|\n|poke|p1|Milotic, M|\n|poke|p1|Garchomp, F|\n|poke|p1|Trevenant, F|\n|poke|p1|Sylveon, F|\n|poke|p1|Salazzle, F|\n|poke|p2|Hatterene, F|\n|poke|p2|Volcarona, F|\n|poke|p2|Wo-Chien|\n|poke|p2|Quaquaval, F|\n|poke|p2|Toxapex, F|\n|poke|p2|Koraidon|\n|teampreview\n|\n|t:|1698203550\n|start\n|switch|p1a: Spiritomb|Spiritomb, F|100\/100\n|switch|p2a: Bouncing Prude|Hatterene, F|100\/100\n|turn|1\n|\n|t:|1698203562\n|move|p1a: Spiritomb|Trick|p2a: Bouncing Prude\n|-activate|p1a: Spiritomb|move: Trick|[of] p2a: Bouncing Prude\n|-item|p2a: Bouncing Prude|Choice Scarf|[from] move: Trick\n|-item|p1a: Spiritomb|Focus Sash|[from] move: Trick\n|move|p2a: Bouncing Prude|Trick Room|p2a: Bouncing Prude\n|-fieldstart|move: Trick Room|[of] p2a: Bouncing Prude\n|\n|upkeep\n|turn|2\n|\n|t:|1698203576\n|switch|p2a: Dance 2 Tune|Volcarona, F|100\/100\n|move|p1a: Spiritomb|Taunt|p2a: Dance 2 Tune\n|-start|p2a: Dance 2 Tune|move: Taunt\n|\n|upkeep\n|turn|3\n|\n|t:|1698203588\n|switch|p1a: Milotic|Milotic, M|100\/100\n|move|p2a: Dance 2 Tune|Air Slash|p1a: Milotic\n|-damage|p1a: Milotic|74\/100\n|\n|-status|p1a: Milotic|brn|[from] item: Flame Orb\n|upkeep\n|turn|4\n|\n|t:|1698203602\n|-terastallize|p2a: Dance 2 Tune|Water\n|move|p1a: Milotic|Scald|p2a: Dance 2 Tune\n|-resisted|p2a: Dance 2 Tune\n|-damage|p2a: Dance 2 Tune|87\/100\n|move|p2a: Dance 2 Tune|Giga Drain|p1a: Milotic\n|-supereffective|p1a: Milotic\n|-damage|p1a: Milotic|20\/100 brn\n|-heal|p2a: Dance 2 Tune|100\/100|[from] drain|[of] p1a: Milotic\n|\n|-damage|p1a: Milotic|14\/100 brn|[from] brn\n|-end|p2a: Dance 2 Tune|move: Taunt\n|upkeep\n|turn|5\n|\n|t:|1698203613\n|move|p1a: Milotic|Facade|p2a: Dance 2 Tune\n|-damage|p2a: Dance 2 Tune|46\/100\n|move|p2a: Dance 2 Tune|Quiver Dance|p2a: Dance 2 Tune\n|-boost|p2a: Dance 2 Tune|spa|1\n|-boost|p2a: Dance 2 Tune|spd|1\n|-boost|p2a: Dance 2 Tune|spe|1\n|\n|-damage|p1a: Milotic|8\/100 brn|[from] brn\n|-fieldend|move: Trick Room\n|upkeep\n|turn|6\n|\n|t:|1698203623\n|move|p2a: Dance 2 Tune|Giga Drain|p1a: Milotic\n|-supereffective|p1a: Milotic\n|-damage|p1a: Milotic|0 fnt\n|-heal|p2a: Dance 2 Tune|50\/100|[from] drain|[of] p1a: Milotic\n|faint|p1a: Milotic\n|\n|upkeep\n|\n|t:|1698203635\n|switch|p1a: Spiritomb|Spiritomb, F|100\/100\n|turn|7\n|inactive|Battle timer is ON: inactive players will automatically lose when time's up. (requested by el daner)\n|\n|t:|1698203657\n|move|p2a: Dance 2 Tune|Air Slash|p1a: Spiritomb\n|-damage|p1a: Spiritomb|55\/100\n|cant|p1a: Spiritomb|flinch\n|\n|upkeep\n|turn|8\n|\n|t:|1698203668\n|move|p1a: Spiritomb|Sucker Punch|p2a: Dance 2 Tune\n|-damage|p2a: Dance 2 Tune|10\/100\n|move|p2a: Dance 2 Tune|Leech Life|p1a: Spiritomb\n|-damage|p1a: Spiritomb|35\/100\n|-heal|p2a: Dance 2 Tune|19\/100|[from] drain|[of] p1a: Spiritomb\n|\n|upkeep\n|turn|9\n|\n|t:|1698203674\n|move|p1a: Spiritomb|Sucker Punch||[still]\n|-fail|p1a: Spiritomb\n|move|p2a: Dance 2 Tune|Quiver Dance|p2a: Dance 2 Tune\n|-boost|p2a: Dance 2 Tune|spa|1\n|-boost|p2a: Dance 2 Tune|spd|1\n|-boost|p2a: Dance 2 Tune|spe|1\n|\n|upkeep\n|turn|10\n|\n|t:|1698203684\n|move|p1a: Spiritomb|Sucker Punch||[still]\n|-fail|p1a: Spiritomb\n|move|p2a: Dance 2 Tune|Quiver Dance|p2a: Dance 2 Tune\n|-boost|p2a: Dance 2 Tune|spa|1\n|-boost|p2a: Dance 2 Tune|spd|1\n|-boost|p2a: Dance 2 Tune|spe|1\n|\n|upkeep\n|turn|11\n|\n|t:|1698203692\n|move|p1a: Spiritomb|Sucker Punch||[still]\n|-fail|p1a: Spiritomb\n|move|p2a: Dance 2 Tune|Quiver Dance|p2a: Dance 2 Tune\n|-boost|p2a: Dance 2 Tune|spa|1\n|-boost|p2a: Dance 2 Tune|spd|1\n|-boost|p2a: Dance 2 Tune|spe|1\n|\n|upkeep\n|turn|12\n|\n|t:|1698203700\n|move|p2a: Dance 2 Tune|Air Slash|p1a: Spiritomb\n|-damage|p1a: Spiritomb|0 fnt\n|faint|p1a: Spiritomb\n|\n|upkeep\n|n|!el daner|eldaner\n|\n|t:|1698203713\n|switch|p1a: Trevenant|Trevenant, F|100\/100\n|turn|13\n|\n|t:|1698203720\n|move|p2a: Dance 2 Tune|Leech Life|p1a: Trevenant\n|-damage|p1a: Trevenant|75\/100\n|-heal|p2a: Dance 2 Tune|31\/100|[from] drain|[of] p1a: Trevenant\n|move|p1a: Trevenant|Energy Ball|p2a: Dance 2 Tune\n|-supereffective|p2a: Dance 2 Tune\n|-damage|p2a: Dance 2 Tune|8\/100\n|\n|upkeep\n|turn|14\n|\n|t:|1698203729\n|move|p2a: Dance 2 Tune|Air Slash|p1a: Trevenant|[miss]\n|-miss|p2a: Dance 2 Tune|p1a: Trevenant\n|move|p1a: Trevenant|Energy Ball|p2a: Dance 2 Tune\n|-supereffective|p2a: Dance 2 Tune\n|-damage|p2a: Dance 2 Tune|0 fnt\n|faint|p2a: Dance 2 Tune\n|\n|upkeep\n|\n|t:|1698203735\n|switch|p2a: Bouncing Prude|Hatterene, F|100\/100\n|turn|15\n|\n|t:|1698203741\n|move|p1a: Trevenant|Will-O-Wisp|p2a: Bouncing Prude\n|move|p2a: Bouncing Prude|Will-O-Wisp|p1a: Trevenant|[from]ability: Magic Bounce\n|-status|p1a: Trevenant|brn\n|move|p2a: Bouncing Prude|Mystical Fire|p1a: Trevenant\n|-supereffective|p1a: Trevenant\n|-damage|p1a: Trevenant|18\/100 brn\n|-unboost|p1a: Trevenant|spa|1\n|-enditem|p1a: Trevenant|Sitrus Berry|[eat]\n|-heal|p1a: Trevenant|43\/100 brn|[from] item: Sitrus Berry\n|\n|-damage|p1a: Trevenant|37\/100 brn|[from] brn\n|-item|p1a: Trevenant|Sitrus Berry|[from] ability: Harvest\n|upkeep\n|-enditem|p1a: Trevenant|Sitrus Berry|[eat]\n|-heal|p1a: Trevenant|62\/100 brn|[from] item: Sitrus Berry\n|turn|16\n|inactive|Lilsniff has 120 seconds left.\n|\n|t:|1698203773\n|move|p1a: Trevenant|Hex|p2a: Bouncing Prude\n|-supereffective|p2a: Bouncing Prude\n|-damage|p2a: Bouncing Prude|72\/100\n|move|p2a: Bouncing Prude|Mystical Fire|p1a: Trevenant\n|-supereffective|p1a: Trevenant\n|-damage|p1a: Trevenant|7\/100 brn\n|-unboost|p1a: Trevenant|spa|1\n|\n|-damage|p1a: Trevenant|1\/100 brn|[from] brn\n|-item|p1a: Trevenant|Sitrus Berry|[from] ability: Harvest\n|upkeep\n|-enditem|p1a: Trevenant|Sitrus Berry|[eat]\n|-heal|p1a: Trevenant|26\/100 brn|[from] item: Sitrus Berry\n|turn|17\n|-message|el daner forfeited.\n|\n|win|Lilsniff\n|raw|el daner's rating: 1098 &rarr; <strong>1080<\/strong><br \/>(-18 for losing)\n|raw|Lilsniff's rating: 1194 &rarr; <strong>1212<\/strong><br \/>(+18 for winning)\n|l|!el daner\n","uploadtime":1698203706,"views":8,"p1id":"eldaner","p2id":"lilsniff","formatid":"gen9anythinggoes","rating":1080,"private":0,"password":""}