{"id":"gen9anythinggoes-1971415462","p1":"Azrael_Meowscarada","p2":"Penguinsupporter","format":"[Gen 9] Anything Goes","log":"|j|\u2606Azrael_Meowscarada\n|j|\u2606Penguinsupporter\n|t:|1697736710\n|gametype|singles\n|player|p1|Azrael_Meowscarada|colress|1372\n|player|p2|Penguinsupporter|lucas|1358\n|teamsize|p1|6\n|teamsize|p2|6\n|gen|9\n|tier|[Gen 9] Anything Goes\n|rated|\n|rule|HP Percentage Mod: HP is shown in percentages\n|rule|Endless Battle Clause: Forcing endless battles is banned\n|clearpoke\n|poke|p1|Calyrex-Shadow|\n|poke|p1|Miraidon|\n|poke|p1|Zacian-*|\n|poke|p1|Tornadus, M|\n|poke|p1|Meowscarada, M|\n|poke|p1|Koraidon|\n|poke|p2|Koraidon|\n|poke|p2|Polteageist|\n|poke|p2|Spidops, M|\n|poke|p2|Typhlosion-Hisui, M|\n|poke|p2|Murkrow, F|\n|poke|p2|Glimmora, M|\n|teampreview\n|\n|t:|1697736715\n|start\n|switch|p1a: Tornadus|Tornadus, M|100\/100\n|switch|p2a: Spidops|Spidops, M|100\/100\n|turn|1\n|\n|t:|1697736727\n|switch|p2a: Murkrow|Murkrow, F|100\/100\n|move|p1a: Tornadus|Taunt|p2a: Murkrow\n|-hint|Since gen 7, Dark is immune to Prankster moves.\n|-immune|p2a: Murkrow\n|\n|upkeep\n|turn|2\n|\n|t:|1697736732\n|move|p1a: Tornadus|Tailwind|p1a: Tornadus\n|-sidestart|p1: Azrael_Meowscarada|move: Tailwind\n|move|p2a: Murkrow|Thunder Wave|p1a: Tornadus|[miss]\n|-miss|p2a: Murkrow|p1a: Tornadus\n|\n|upkeep\n|turn|3\n|\n|t:|1697736735\n|move|p2a: Murkrow|Thunder Wave|p1a: Tornadus\n|-status|p1a: Tornadus|par\n|cant|p1a: Tornadus|par\n|\n|upkeep\n|turn|4\n|\n|t:|1697736741\n|move|p2a: Murkrow|Taunt|p1a: Tornadus\n|-start|p1a: Tornadus|move: Taunt\n|move|p1a: Tornadus|Bleakwind Storm|p2a: Murkrow|[miss]\n|-miss|p1a: Tornadus|p2a: Murkrow\n|\n|upkeep\n|turn|5\n|\n|t:|1697736762\n|switch|p1a: Vilhelm|Zacian-Crowned, shiny|100\/100\n|-ability|p1a: Vilhelm|Intrepid Sword|boost\n|-boost|p1a: Vilhelm|atk|1\n|move|p2a: Murkrow|Thunder Wave|p1a: Vilhelm\n|-status|p1a: Vilhelm|par\n|\n|-sideend|p1: Azrael_Meowscarada|move: Tailwind\n|upkeep\n|turn|6\n|\n|t:|1697736768\n|switch|p2a: Spidops|Spidops, M|100\/100\n|move|p1a: Vilhelm|Play Rough|p2a: Spidops\n|-damage|p2a: Spidops|31\/100\n|-enditem|p2a: Spidops|Sitrus Berry|[eat]\n|-heal|p2a: Spidops|55\/100|[from] item: Sitrus Berry\n|\n|upkeep\n|turn|7\n|\n|t:|1697736773\n|move|p1a: Vilhelm|Poison Jab|p2a: Spidops\n|-damage|p2a: Spidops|10\/100\n|-status|p2a: Spidops|psn\n|move|p2a: Spidops|Sticky Web|p1a: Vilhelm\n|-sidestart|p1: Azrael_Meowscarada|move: Sticky Web\n|\n|-damage|p2a: Spidops|0 fnt|[from] psn\n|faint|p2a: Spidops\n|upkeep\n|\n|t:|1697736783\n|switch|p2a: Polteageist|Polteageist|100\/100\n|turn|8\n|\n|t:|1697736788\n|move|p2a: Polteageist|Shell Smash|p2a: Polteageist\n|-unboost|p2a: Polteageist|def|1\n|-unboost|p2a: Polteageist|spd|1\n|-boost|p2a: Polteageist|atk|2\n|-boost|p2a: Polteageist|spa|2\n|-boost|p2a: Polteageist|spe|2\n|move|p1a: Vilhelm|Behemoth Blade|p2a: Polteageist\n|-enditem|p2a: Polteageist|Focus Sash\n|-damage|p2a: Polteageist|1\/100\n|-ability|p2a: Polteageist|Weak Armor|boost\n|-unboost|p2a: Polteageist|def|1\n|-boost|p2a: Polteageist|spe|2\n|\n|upkeep\n|turn|9\n|\n|t:|1697736798\n|move|p2a: Polteageist|Shadow Ball|p1a: Vilhelm\n|-damage|p1a: Vilhelm|22\/100 par\n|cant|p1a: Vilhelm|par\n|\n|upkeep\n|turn|10\n|\n|t:|1697736806\n|move|p2a: Polteageist|Shadow Ball|p1a: Vilhelm\n|-damage|p1a: Vilhelm|0 fnt\n|faint|p1a: Vilhelm\n|\n|upkeep\n|\n|t:|1697736809\n|switch|p1a: Apocalypse|Calyrex-Shadow|100\/100\n|-ability|p1a: Apocalypse|As One\n|-ability|p1a: Apocalypse|Unnerve\n|-activate|p1a: Apocalypse|move: Sticky Web\n|-unboost|p1a: Apocalypse|spe|1\n|turn|11\n|\n|t:|1697736819\n|move|p2a: Polteageist|Stored Power|p1a: Apocalypse\n|-resisted|p1a: Apocalypse\n|-damage|p1a: Apocalypse|43\/100\n|move|p1a: Apocalypse|Psyshock|p2a: Polteageist\n|-damage|p2a: Polteageist|0 fnt\n|faint|p2a: Polteageist\n|-ability|p1a: Apocalypse|Grim Neigh|boost\n|-boost|p1a: Apocalypse|spa|1\n|\n|upkeep\n|c|\u2606Penguinsupporter|???\n|\n|t:|1697736828\n|switch|p2a: Murkrow|Murkrow, F|100\/100\n|turn|12\n|\n|t:|1697736841\n|move|p2a: Murkrow|Thunder Wave|p1a: Apocalypse\n|-status|p1a: Apocalypse|par\n|cant|p1a: Apocalypse|par\n|\n|upkeep\n|turn|13\n|\n|t:|1697736847\n|move|p2a: Murkrow|Haze|p2a: Murkrow\n|-clearallboost\n|move|p1a: Apocalypse|Astral Barrage|p2a: Murkrow\n|-resisted|p2a: Murkrow\n|-damage|p2a: Murkrow|35\/100\n|\n|upkeep\n|turn|14\n|\n|t:|1697736872\n|switch|p2a: Glimmora|Glimmora, M|100\/100\n|move|p1a: Apocalypse|Astral Barrage|p2a: Glimmora\n|-damage|p2a: Glimmora|38\/100\n|\n|upkeep\n|turn|15\n|\n|t:|1697736876\n|move|p2a: Glimmora|Light Screen|p2a: Glimmora\n|-sidestart|p2: Penguinsupporter|move: Light Screen\n|move|p1a: Apocalypse|Psyshock|p2a: Glimmora\n|-supereffective|p2a: Glimmora\n|-damage|p2a: Glimmora|0 fnt\n|faint|p2a: Glimmora\n|-ability|p1a: Apocalypse|Grim Neigh|boost\n|-boost|p1a: Apocalypse|spa|1\n|\n|upkeep\n|\n|t:|1697736881\n|switch|p2a: Typhlosion|Typhlosion-Hisui, M|100\/100\n|-item|p1a: Apocalypse|Focus Sash|[from] ability: Frisk|[of] p2a: Typhlosion|[identify]\n|turn|16\n|\n|t:|1697736889\n|move|p2a: Typhlosion|Infernal Parade|p1a: Apocalypse\n|-supereffective|p1a: Apocalypse\n|-damage|p1a: Apocalypse|0 fnt\n|faint|p1a: Apocalypse\n|\n|upkeep\n|\n|t:|1697736895\n|switch|p1a: Tornadus|Tornadus, M|100\/100 par\n|turn|17\n|\n|t:|1697736908\n|switch|p2a: Murkrow|Murkrow, F|35\/100\n|cant|p1a: Tornadus|par\n|\n|upkeep\n|turn|18\n|\n|t:|1697736911\n|move|p2a: Murkrow|Rest|p2a: Murkrow\n|-status|p2a: Murkrow|slp|[from] move: Rest\n|-heal|p2a: Murkrow|100\/100 slp|[silent]\n|-enditem|p2a: Murkrow|Chesto Berry|[eat]\n|-curestatus|p2a: Murkrow|slp|[msg]\n|move|p1a: Tornadus|Tailwind|p1a: Tornadus\n|-sidestart|p1: Azrael_Meowscarada|move: Tailwind\n|\n|upkeep\n|turn|19\n|\n|t:|1697736920\n|move|p2a: Murkrow|Taunt|p1a: Tornadus\n|-start|p1a: Tornadus|move: Taunt\n|move|p1a: Tornadus|Bleakwind Storm|p2a: Murkrow|[miss]\n|-miss|p1a: Tornadus|p2a: Murkrow\n|\n|upkeep\n|turn|20\n|\n|t:|1697736927\n|switch|p1a: Pluto|Miraidon|100\/100\n|-activate|p1a: Pluto|move: Sticky Web\n|-unboost|p1a: Pluto|spe|1\n|-fieldstart|move: Electric Terrain|[from] ability: Hadron Engine|[of] p1a: Pluto\n|switch|p2a: Koraidon|Koraidon|100\/100\n|-weather|SunnyDay|[from] ability: Orichalcum Pulse|[of] p2a: Koraidon\n|-activate|p2a: Koraidon|Orichalcum Pulse|[source]\n|\n|-weather|SunnyDay|[upkeep]\n|upkeep\n|turn|21\n|\n|t:|1697736934\n|move|p1a: Pluto|Dazzling Gleam|p2a: Koraidon\n|-supereffective|p2a: Koraidon\n|-damage|p2a: Koraidon|18\/100\n|move|p2a: Koraidon|Dragon Claw|p1a: Pluto\n|-supereffective|p1a: Pluto\n|-damage|p1a: Pluto|0 fnt\n|faint|p1a: Pluto\n|-damage|p2a: Koraidon|8\/100|[from] item: Life Orb\n|\n|-weather|SunnyDay|[upkeep]\n|-sideend|p1: Azrael_Meowscarada|move: Tailwind\n|upkeep\n|\n|t:|1697736938\n|switch|p1a: Tornadus|Tornadus, M|100\/100 par\n|turn|22\n|\n|t:|1697736948\n|move|p2a: Koraidon|Dragon Claw|p1a: Tornadus\n|-damage|p1a: Tornadus|10\/100 par\n|-damage|p2a: Koraidon|0 fnt|[from] item: Life Orb\n|faint|p2a: Koraidon\n|move|p1a: Tornadus|Bleakwind Storm|p2: Koraidon|[notarget]\n|-fail|p1a: Tornadus\n|\n|-weather|SunnyDay|[upkeep]\n|-sideend|p2: Penguinsupporter|move: Light Screen\n|upkeep\n|\n|t:|1697736957\n|switch|p2a: Typhlosion|Typhlosion-Hisui, M|100\/100\n|-item|p1a: Tornadus|Wise Glasses|[from] ability: Frisk|[of] p2a: Typhlosion|[identify]\n|turn|23\n|\n|t:|1697736960\n|move|p1a: Tornadus|Tailwind|p1a: Tornadus\n|-sidestart|p1: Azrael_Meowscarada|move: Tailwind\n|move|p2a: Typhlosion|Eruption|p1a: Tornadus\n|-damage|p1a: Tornadus|0 fnt\n|faint|p1a: Tornadus\n|\n|-weather|SunnyDay|[upkeep]\n|upkeep\n|\n|t:|1697736964\n|switch|p1a: Azrael|Meowscarada, M|100\/100\n|-activate|p1a: Azrael|move: Sticky Web\n|-unboost|p1a: Azrael|spe|1\n|turn|24\n|\n|t:|1697736972\n|switch|p2a: Murkrow|Murkrow, F|100\/100\n|move|p1a: Azrael|Night Slash|p2a: Murkrow\n|-start|p1a: Azrael|typechange|Dark|[from] ability: Protean\n|-resisted|p2a: Murkrow\n|-damage|p2a: Murkrow|78\/100\n|\n|-weather|none\n|-fieldend|move: Electric Terrain\n|upkeep\n|turn|25\n|\n|t:|1697736985\n|-terastallize|p1a: Azrael|Fairy\n|move|p2a: Murkrow|Taunt|p1a: Azrael\n|-start|p1a: Azrael|move: Taunt\n|move|p1a: Azrael|Play Rough|p2a: Murkrow\n|-supereffective|p2a: Murkrow\n|-damage|p2a: Murkrow|0 fnt\n|faint|p2a: Murkrow\n|\n|upkeep\n|\n|t:|1697736994\n|switch|p2a: Typhlosion|Typhlosion-Hisui, M|100\/100\n|-item|p1a: Azrael|Covert Cloak|[from] ability: Frisk|[of] p2a: Typhlosion|[identify]\n|turn|26\n|\n|t:|1697737000\n|-terastallize|p2a: Typhlosion|Fire\n|move|p2a: Typhlosion|Eruption|p1a: Azrael\n|-damage|p1a: Azrael|0 fnt\n|faint|p1a: Azrael\n|\n|-sideend|p1: Azrael_Meowscarada|move: Tailwind\n|upkeep\n|\n|t:|1697737008\n|switch|p1a: Apollo|Koraidon|100\/100\n|-activate|p1a: Apollo|move: Sticky Web\n|-unboost|p1a: Apollo|spe|1\n|-weather|SunnyDay|[from] ability: Orichalcum Pulse|[of] p1a: Apollo\n|-activate|p1a: Apollo|Orichalcum Pulse|[source]\n|turn|27\n|inactive|Battle timer is ON: inactive players will automatically lose when time's up. (requested by Azrael_Meowscarada)\n|\n|t:|1697737046\n|move|p2a: Typhlosion|Eruption|p1a: Apollo\n|-resisted|p1a: Apollo\n|-damage|p1a: Apollo|31\/100\n|move|p1a: Apollo|Collision Course|p2a: Typhlosion\n|-damage|p2a: Typhlosion|0 fnt\n|faint|p2a: Typhlosion\n|\n|win|Azrael_Meowscarada\n|raw|Azrael_Meowscarada's rating: 1372 &rarr; <strong>1391<\/strong><br \/>(+19 for winning)\n|raw|Penguinsupporter's rating: 1358 &rarr; <strong>1339<\/strong><br \/>(-19 for losing)\n|c|\u2606Azrael_Meowscarada|Gg\n","uploadtime":1697737059,"views":11,"p1id":"azraelmeowscarada","p2id":"penguinsupporter","formatid":"gen9anythinggoes","rating":1339,"private":0,"password":""}