{"id":"gen9anythinggoes-1989193512","p1":"dittoboys","p2":"KingClover13","format":"[Gen 9] Anything Goes","log":"|j|\u2606dittoboys\n|j|\u2606KingClover13\n|t:|1699822026\n|gametype|singles\n|player|p1|dittoboys|pokemaniac|\n|player|p2|KingClover13|palmer|\n|teamsize|p1|6\n|teamsize|p2|6\n|gen|9\n|tier|[Gen 9] Anything Goes\n|rule|HP Percentage Mod: HP is shown in percentages\n|rule|Endless Battle Clause: Forcing endless battles is banned\n|clearpoke\n|poke|p1|Iron Bundle|\n|poke|p1|Delphox, F|\n|poke|p1|Mandibuzz, F|\n|poke|p1|Slowking-Galar, M|\n|poke|p1|Vikavolt, F|\n|poke|p1|Ursaluna, M|\n|poke|p2|Iron Valiant|\n|poke|p2|Garchomp, F|\n|poke|p2|Copperajah, M|\n|poke|p2|Electrode-Hisui|\n|poke|p2|Ribombee, M|\n|poke|p2|Corviknight, F|\n|teampreview\n|j| Tredz\n|j| Ptok\n|\n|t:|1699822139\n|start\n|switch|p1a: vanilla ice|Iron Bundle|100\/100\n|switch|p2a: Electrode|Electrode-Hisui|100\/100\n|turn|1\n|\n|t:|1699822208\n|-end|p1a: vanilla ice|Quark Drive|[silent]\n|switch|p1a: tribe called quest|Slowking-Galar, M|100\/100\n|-terastallize|p2a: Electrode|Electric\n|move|p2a: Electrode|Energy Ball|p1a: tribe called quest\n|-resisted|p1a: tribe called quest\n|-damage|p1a: tribe called quest|89\/100\n|\n|-heal|p1a: tribe called quest|95\/100|[from] item: Leftovers\n|upkeep\n|turn|2\n|\n|t:|1699822242\n|move|p2a: Electrode|Volt Switch|p1a: tribe called quest\n|-damage|p1a: tribe called quest|72\/100\n|\n|t:|1699822248\n|switch|p2a: Corviknight|Corviknight, F|100\/100|[from] Volt Switch\n|move|p1a: tribe called quest|Future Sight|p2a: Corviknight\n|-start|p1a: tribe called quest|move: Future Sight\n|\n|-heal|p1a: tribe called quest|78\/100|[from] item: Leftovers\n|upkeep\n|turn|3\n|\n|t:|1699822270\n|switch|p2a: Garchomp|Garchomp, F|100\/100\n|move|p1a: tribe called quest|Chilly Reception|p1a: tribe called quest\n|-weather|Snow\n|\n|t:|1699822286\n|switch|p1a: vanilla ice|Iron Bundle|100\/100|[from] Chilly Reception\n|\n|-weather|Snow|[upkeep]\n|upkeep\n|turn|4\n|j| Amoongdrip\n|j| pogwuan\n|\n|t:|1699822307\n|switch|p2a: Copperajah|Copperajah, M|100\/100\n|move|p1a: vanilla ice|Ice Beam|p2a: Copperajah\n|-resisted|p2a: Copperajah\n|-damage|p2a: Copperajah|65\/100\n|\n|-weather|Snow|[upkeep]\n|-end|p2a: Copperajah|move: Future Sight\n|-resisted|p2a: Copperajah\n|-damage|p2a: Copperajah|43\/100\n|upkeep\n|turn|5\n|c| Amoongdrip|oh shit electrode finally got a 3d model\n|\n|t:|1699822360\n|-end|p1a: vanilla ice|Quark Drive|[silent]\n|switch|p1a: soulja boy|Mandibuzz, F|100\/100\n|move|p2a: Copperajah|Iron Head|p1a: soulja boy\n|-damage|p1a: soulja boy|57\/100\n|\n|-weather|Snow|[upkeep]\n|upkeep\n|turn|6\n|j| Raptors4thechip\n|\n|t:|1699822485\n|move|p1a: soulja boy|Roost|p1a: soulja boy\n|-heal|p1a: soulja boy|100\/100\n|-singleturn|p1a: soulja boy|move: Roost\n|move|p2a: Copperajah|Play Rough|p1a: soulja boy\n|-supereffective|p1a: soulja boy\n|-damage|p1a: soulja boy|35\/100\n|\n|-weather|Snow|[upkeep]\n|upkeep\n|turn|7\n|c| Raptors4thechip|Last person to get a win is gay\n|\n|t:|1699822513\n|move|p1a: soulja boy|U-turn|p2a: Copperajah\n|-resisted|p2a: Copperajah\n|-damage|p2a: Copperajah|38\/100\n|\n|t:|1699822526\n|switch|p1a: Black eyed peas|Ursaluna, M|100\/100|[from] U-turn\n|move|p2a: Copperajah|Play Rough|p1a: Black eyed peas\n|-damage|p1a: Black eyed peas|54\/100\n|\n|-weather|none\n|-status|p1a: Black eyed peas|brn|[from] item: Flame Orb\n|upkeep\n|turn|8\n|\n|t:|1699822551\n|switch|p2a: Corviknight|Corviknight, F|100\/100\n|move|p1a: Black eyed peas|Facade|p2a: Corviknight\n|-resisted|p2a: Corviknight\n|-damage|p2a: Corviknight|49\/100\n|-enditem|p2a: Corviknight|Sitrus Berry|[eat]\n|-heal|p2a: Corviknight|73\/100|[from] item: Sitrus Berry\n|\n|-damage|p1a: Black eyed peas|48\/100 brn|[from] brn\n|upkeep\n|turn|9\n|l| Amoongdrip\n|j| Siiroth\n|\n|t:|1699822606\n|switch|p1a: soulja boy|Mandibuzz, F|35\/100\n|move|p2a: Corviknight|Iron Defense|p2a: Corviknight\n|-boost|p2a: Corviknight|def|2\n|\n|upkeep\n|turn|10\n|\n|t:|1699822685\n|move|p1a: soulja boy|Roost|p1a: soulja boy\n|-heal|p1a: soulja boy|85\/100\n|-singleturn|p1a: soulja boy|move: Roost\n|move|p2a: Corviknight|Iron Defense|p2a: Corviknight\n|-boost|p2a: Corviknight|def|2\n|\n|upkeep\n|turn|11\n|\n|t:|1699822733\n|move|p1a: soulja boy|U-turn|p2a: Corviknight\n|-resisted|p2a: Corviknight\n|-damage|p2a: Corviknight|73\/100\n|\n|t:|1699822746\n|switch|p1a: macklemore|Delphox, F|100\/100|[from] U-turn\n|move|p2a: Corviknight|Iron Defense|p2a: Corviknight\n|-boost|p2a: Corviknight|def|2\n|\n|upkeep\n|turn|12\n|\n|t:|1699822807\n|switch|p2a: Garchomp|Garchomp, F|100\/100\n|move|p1a: macklemore|Fire Blast|p2a: Garchomp|[miss]\n|-miss|p1a: macklemore|p2a: Garchomp\n|\n|upkeep\n|turn|13\n|c|\u2606dittoboys|lol\n|\n|t:|1699822888\n|switch|p1a: soulja boy|Mandibuzz, F|85\/100\n|move|p2a: Garchomp|Rock Slide|p1a: soulja boy\n|-supereffective|p1a: soulja boy\n|-damage|p1a: soulja boy|50\/100\n|\n|upkeep\n|turn|14\n|c|\u2606KingClover13|bruh\n|c|\u2606dittoboys|what\n|c|\u2606KingClover13|thick\n|c|\u2606dittoboys|yessir\n|\n|t:|1699822949\n|move|p2a: Garchomp|Rock Slide|p1a: soulja boy\n|-supereffective|p1a: soulja boy\n|-damage|p1a: soulja boy|17\/100\n|move|p1a: soulja boy|Roost|p1a: soulja boy\n|-heal|p1a: soulja boy|67\/100\n|-singleturn|p1a: soulja boy|move: Roost\n|\n|upkeep\n|turn|15\n|l| Raptors4thechip\n|\n|t:|1699822965\n|move|p2a: Garchomp|Rock Slide|p1a: soulja boy\n|-supereffective|p1a: soulja boy\n|-damage|p1a: soulja boy|34\/100\n|move|p1a: soulja boy|Roost|p1a: soulja boy\n|-heal|p1a: soulja boy|84\/100\n|-singleturn|p1a: soulja boy|move: Roost\n|\n|upkeep\n|turn|16\n|\n|t:|1699822997\n|switch|p1a: tribe called quest|Slowking-Galar, M|100\/100\n|move|p2a: Garchomp|Rock Slide|p1a: tribe called quest\n|-damage|p1a: tribe called quest|74\/100\n|\n|-heal|p1a: tribe called quest|80\/100|[from] item: Leftovers\n|upkeep\n|turn|17\n|\n|t:|1699823068\n|switch|p1a: eminem|Vikavolt, F|100\/100\n|move|p2a: Garchomp|Rock Slide|p1a: eminem\n|-supereffective|p1a: eminem\n|-damage|p1a: eminem|42\/100\n|\n|upkeep\n|turn|18\n|\n|t:|1699823097\n|-terastallize|p1a: eminem|Fairy\n|move|p2a: Garchomp|Rock Slide|p1a: eminem\n|-damage|p1a: eminem|13\/100\n|move|p1a: eminem|Tera Blast|p2a: Garchomp|[anim] Tera Blast Fairy\n|-supereffective|p2a: Garchomp\n|-damage|p2a: Garchomp|0 fnt\n|faint|p2a: Garchomp\n|\n|upkeep\n|c|\u2606dittoboys|no scarf\n|c| pogwuan|Sheeesh\n|j| Unovajournies\n|\n|t:|1699823162\n|switch|p2a: Electrode|Electrode-Hisui, tera:Electric|100\/100\n|turn|19\n|\n|t:|1699823182\n|switch|p1a: tribe called quest|Slowking-Galar, M|100\/100\n|move|p2a: Electrode|Volt Switch|p1a: tribe called quest\n|-damage|p1a: tribe called quest|76\/100\n|\n|t:|1699823188\n|switch|p2a: Corviknight|Corviknight, F|73\/100|[from] Volt Switch\n|\n|-heal|p1a: tribe called quest|82\/100|[from] item: Leftovers\n|upkeep\n|turn|20\n|\n|t:|1699823258\n|move|p2a: Corviknight|Iron Head|p1a: tribe called quest\n|-damage|p1a: tribe called quest|58\/100\n|cant|p1a: tribe called quest|flinch\n|\n|-heal|p1a: tribe called quest|64\/100|[from] item: Leftovers\n|upkeep\n|turn|21\n|\n|t:|1699823265\n|move|p2a: Corviknight|Iron Head|p1a: tribe called quest\n|-damage|p1a: tribe called quest|38\/100\n|move|p1a: tribe called quest|Chilly Reception|p1a: tribe called quest\n|-weather|Snow\n|\n|t:|1699823269\n|switch|p1a: macklemore|Delphox, F|100\/100|[from] Chilly Reception\n|\n|-weather|Snow|[upkeep]\n|upkeep\n|turn|22\n|\n|t:|1699823322\n|switch|p2a: Copperajah|Copperajah, M|38\/100\n|move|p1a: macklemore|Fire Blast|p2a: Copperajah\n|-supereffective|p2a: Copperajah\n|-damage|p2a: Copperajah|0 fnt\n|faint|p2a: Copperajah\n|\n|-weather|Snow|[upkeep]\n|upkeep\n|\n|t:|1699823329\n|switch|p2a: Iron Valiant|Iron Valiant|100\/100\n|-enditem|p2a: Iron Valiant|Booster Energy\n|-activate|p2a: Iron Valiant|ability: Quark Drive|[fromitem]\n|-start|p2a: Iron Valiant|quarkdrivespe\n|turn|23\n|c|\u2606dittoboys|what to do what to do\n|\n|t:|1699823450\n|move|p2a: Iron Valiant|Swords Dance|p2a: Iron Valiant\n|-boost|p2a: Iron Valiant|atk|2\n|move|p1a: macklemore|Psyshock|p2a: Iron Valiant\n|-supereffective|p2a: Iron Valiant\n|-damage|p2a: Iron Valiant|0 fnt\n|faint|p2a: Iron Valiant\n|-end|p2a: Iron Valiant|Quark Drive|[silent]\n|\n|-weather|Snow|[upkeep]\n|upkeep\n|c|\u2606KingClover13|gg\n|\n|t:|1699823463\n|switch|p2a: Electrode|Electrode-Hisui, tera:Electric|100\/100\n|turn|24\n|c|\u2606dittoboys|if u got a sd there i think gg\n|c|\u2606KingClover13|I was hoping for specs delphox\n|\n|t:|1699823489\n|move|p2a: Electrode|Thunderbolt|p1a: macklemore\n|-damage|p1a: macklemore|46\/100\n|move|p1a: macklemore|Fire Blast|p2a: Electrode\n|-damage|p2a: Electrode|21\/100\n|\n|-weather|Snow|[upkeep]\n|upkeep\n|turn|25\n|c|\u2606KingClover13|and miss fire blast\n|c|\u2606dittoboys|if i missed gg\n|\n|t:|1699823511\n|switch|p1a: Black eyed peas|Ursaluna, M|48\/100 brn\n|move|p2a: Electrode|Thunderbolt|p1a: Black eyed peas\n|-immune|p1a: Black eyed peas\n|\n|-weather|none\n|-damage|p1a: Black eyed peas|42\/100 brn|[from] brn\n|upkeep\n|turn|26\n|c|\u2606dittoboys|is it speced or scarfed?? i shall see\n|\n|t:|1699823579\n|move|p2a: Electrode|Giga Drain|p1a: Black eyed peas\n|-supereffective|p1a: Black eyed peas\n|-damage|p1a: Black eyed peas|0 fnt\n|-heal|p2a: Electrode|55\/100|[from] drain|[of] p1a: Black eyed peas\n|faint|p1a: Black eyed peas\n|\n|upkeep\n|c|\u2606dittoboys|nope\n|\n|t:|1699823588\n|switch|p1a: tribe called quest|Slowking-Galar, M|71\/100\n|turn|27\n|c| Unovajournies|Lmao\n|\n|t:|1699823601\n|move|p2a: Electrode|Thunderbolt|p1a: tribe called quest\n|-damage|p1a: tribe called quest|44\/100\n|move|p1a: tribe called quest|Future Sight|p2a: Electrode\n|-start|p1a: tribe called quest|move: Future Sight\n|\n|-heal|p1a: tribe called quest|50\/100|[from] item: Leftovers\n|upkeep\n|turn|28\n|\n|t:|1699823638\n|move|p2a: Electrode|Volt Switch|p1a: tribe called quest\n|-damage|p1a: tribe called quest|28\/100\n|\n|t:|1699823651\n|switch|p2a: Corviknight|Corviknight, F|73\/100|[from] Volt Switch\n|move|p1a: tribe called quest|Sludge Bomb|p2a: Corviknight\n|-immune|p2a: Corviknight\n|\n|-heal|p1a: tribe called quest|34\/100|[from] item: Leftovers\n|upkeep\n|turn|29\n|\n|t:|1699823695\n|switch|p1a: soulja boy|Mandibuzz, F|84\/100\n|move|p2a: Corviknight|Iron Head|p1a: soulja boy\n|-damage|p1a: soulja boy|70\/100\n|\n|-end|p2a: Corviknight|move: Future Sight\n|-resisted|p2a: Corviknight\n|-damage|p2a: Corviknight|58\/100\n|upkeep\n|turn|30\n|\n|t:|1699823705\n|move|p1a: soulja boy|U-turn|p2a: Corviknight\n|-resisted|p2a: Corviknight\n|-damage|p2a: Corviknight|55\/100\n|\n|t:|1699823707\n|switch|p1a: macklemore|Delphox, F|46\/100|[from] U-turn\n|move|p2a: Corviknight|Iron Defense|p2a: Corviknight\n|-boost|p2a: Corviknight|def|2\n|\n|upkeep\n|turn|31\n|c| Unovajournies|Bruh\n|\n|t:|1699823721\n|move|p1a: macklemore|Fire Blast|p2a: Corviknight\n|-supereffective|p2a: Corviknight\n|-damage|p2a: Corviknight|0 fnt\n|faint|p2a: Corviknight\n|\n|upkeep\n|c|\u2606KingClover13|awe no miss\n|c|\u2606dittoboys|i needed that brid dead\n|c|\u2606dittoboys|i missed once thats enough\n|\n|t:|1699823746\n|switch|p2a: Electrode|Electrode-Hisui, tera:Electric|55\/100\n|turn|32\n|\n|t:|1699823762\n|switch|p1a: tribe called quest|Slowking-Galar, M|67\/100\n|move|p2a: Electrode|Thunderbolt|p1a: tribe called quest\n|-damage|p1a: tribe called quest|38\/100\n|\n|-heal|p1a: tribe called quest|44\/100|[from] item: Leftovers\n|upkeep\n|turn|33\n|c| Unovajournies|Do u not run u-turn on corv\n|\n|t:|1699823776\n|move|p2a: Electrode|Thunderbolt|p1a: tribe called quest\n|-damage|p1a: tribe called quest|15\/100\n|move|p1a: tribe called quest|Sludge Bomb|p2a: Electrode\n|-crit|p2a: Electrode\n|-damage|p2a: Electrode|0 fnt\n|faint|p2a: Electrode\n|\n|-heal|p1a: tribe called quest|21\/100|[from] item: Leftovers\n|upkeep\n|\n|t:|1699823785\n|switch|p2a: Ribombee|Ribombee, M|100\/100\n|turn|34\n|c| pogwuan|not on the iron def set ig\n|\n|t:|1699823806\n|switch|p1a: eminem|Vikavolt, F, tera:Fairy|13\/100\n|move|p2a: Ribombee|Bug Buzz|p1a: eminem\n|-resisted|p1a: eminem\n|-damage|p1a: eminem|0 fnt\n|faint|p1a: eminem\n|\n|upkeep\n|\n|t:|1699823811\n|switch|p1a: tribe called quest|Slowking-Galar, M|54\/100\n|turn|35\n|c|\u2606KingClover13|im so done with this league lol\n|\n|t:|1699823817\n|move|p2a: Ribombee|Bug Buzz|p1a: tribe called quest\n|-damage|p1a: tribe called quest|29\/100\n|move|p1a: tribe called quest|Sludge Bomb|p2a: Ribombee\n|-supereffective|p2a: Ribombee\n|-enditem|p2a: Ribombee|Focus Sash\n|-damage|p2a: Ribombee|1\/100\n|\n|-heal|p1a: tribe called quest|35\/100|[from] item: Leftovers\n|upkeep\n|turn|36\n|c| Unovajournies|D:\n|c|\u2606dittoboys|gg\n|\n|t:|1699823828\n|move|p2a: Ribombee|Bug Buzz|p1a: tribe called quest\n|-damage|p1a: tribe called quest|10\/100\n|move|p1a: tribe called quest|Sludge Bomb|p2a: Ribombee\n|-supereffective|p2a: Ribombee\n|-damage|p2a: Ribombee|0 fnt\n|faint|p2a: Ribombee\n|\n|win|dittoboys\n|c|\u2606KingClover13|gg\n|l|\u2606KingClover13\n|l| pogwuan\n|l| Unovajournies\n","uploadtime":1699823909,"views":20,"p1id":"dittoboys","p2id":"kingclover13","formatid":"gen9anythinggoes","rating":0,"private":0,"password":""}