{"id":"gen9anythinggoes-1978502013","p1":"ThatStrangerGuy","p2":"DemiShowdown","format":"[Gen 9] Anything Goes","log":"|j|\u2606ThatStrangerGuy\n|j|\u2606DemiShowdown\n|t:|1698547333\n|gametype|singles\n|player|p1|ThatStrangerGuy|266|\n|player|p2|DemiShowdown|102|\n|teamsize|p1|6\n|teamsize|p2|6\n|gen|9\n|tier|[Gen 9] Anything Goes\n|rule|HP Percentage Mod: HP is shown in percentages\n|rule|Endless Battle Clause: Forcing endless battles is banned\n|clearpoke\n|poke|p1|Ogerpon-Hearthflame, F|\n|poke|p1|Ampharos, F|\n|poke|p1|Manaphy|\n|poke|p1|Dragapult, F|\n|poke|p1|Flutter Mane|\n|poke|p1|Lucario, F|\n|poke|p2|Arceus-Steel|\n|poke|p2|Gholdengo|\n|poke|p2|Blissey, F|\n|poke|p2|Dragapult, F|\n|poke|p2|Iron Moth|\n|poke|p2|Zoroark, F|\n|teampreview\n|inactive|Battle timer is ON: inactive players will automatically lose when time's up. (requested by ThatStrangerGuy)\n|\n|t:|1698547452\n|start\n|switch|p1a: Tony Tony Chopper|Ogerpon-Hearthflame, F|100\/100\n|switch|p2a: Steel Master|Arceus-Steel|100\/100\n|-ability|p1a: Tony Tony Chopper|Mold Breaker\n|turn|1\n|\n|t:|1698547462\n|move|p2a: Steel Master|Dragon Claw|p1a: Tony Tony Chopper\n|-damage|p1a: Tony Tony Chopper|76\/100\n|move|p1a: Tony Tony Chopper|Ivy Cudgel|p2a: Steel Master\n|-supereffective|p2a: Steel Master\n|-damage|p2a: Steel Master|20\/100\n|\n|upkeep\n|turn|2\n|\n|t:|1698547477\n|switch|p2a: Team Healer|Blissey, F|100\/100\n|switch|p1a: Zoro|Flutter Mane|100\/100\n|\n|upkeep\n|turn|3\n|\n|t:|1698547501\n|move|p1a: Zoro|Moonblast|p2a: Team Healer\n|-damage|p2a: Team Healer|84\/100\n|move|p2a: Team Healer|Heal Pulse|p1a: Zoro\n|-fail|p1a: Zoro|heal\n|\n|upkeep\n|turn|4\n|\n|t:|1698547520\n|-end|p1a: Zoro|Protosynthesis|[silent]\n|switch|p1a: Tony Tony Chopper|Ogerpon-Hearthflame, F|76\/100\n|-ability|p1a: Tony Tony Chopper|Mold Breaker\n|switch|p2a: Team Healer|Blissey, F|100\/100\n|\n|upkeep\n|turn|5\n|\n|t:|1698547545\n|move|p1a: Tony Tony Chopper|Stomping Tantrum|p2a: Team Healer\n|-damage|p2a: Team Healer|51\/100\n|replace|p2a: Zoroark|Zoroark, F\n|-end|p2a: Zoroark|Illusion\n|move|p2a: Zoroark|Crunch|p1a: Tony Tony Chopper\n|-damage|p1a: Tony Tony Chopper|37\/100\n|\n|upkeep\n|turn|6\n|inactive|ThatStrangerGuy has 270 seconds left.\n|\n|t:|1698547574\n|move|p1a: Tony Tony Chopper|Wood Hammer|p2a: Zoroark\n|-damage|p2a: Zoroark|0 fnt\n|faint|p2a: Zoroark\n|-damage|p1a: Tony Tony Chopper|22\/100|[from] Recoil\n|\n|upkeep\n|\n|t:|1698547582\n|switch|p2a: Pumping power|Dragapult, F|100\/100\n|turn|7\n|inactive|ThatStrangerGuy has 270 seconds left.\n|\n|t:|1698547612\n|switch|p1a: Nico Robin|Ampharos, F|100\/100\n|move|p2a: Pumping power|Hydro Pump|p1a: Nico Robin\n|-damage|p1a: Nico Robin|73\/100\n|\n|upkeep\n|turn|8\n|\n|t:|1698547622\n|switch|p2a: Golden Boss|Gholdengo|100\/100\n|move|p1a: Nico Robin|Fire Punch|p2a: Golden Boss\n|-supereffective|p2a: Golden Boss\n|-damage|p2a: Golden Boss|73\/100\n|\n|upkeep\n|turn|9\n|\n|t:|1698547636\n|move|p2a: Golden Boss|Hyper Beam|p1a: Nico Robin\n|-damage|p1a: Nico Robin|14\/100\n|-mustrecharge|p2a: Golden Boss\n|move|p1a: Nico Robin|Thunderbolt|p2a: Golden Boss\n|-damage|p2a: Golden Boss|27\/100\n|\n|upkeep\n|turn|10\n|\n|t:|1698547648\n|switch|p1a: Tony Tony Chopper|Ogerpon-Hearthflame, F|22\/100\n|-ability|p1a: Tony Tony Chopper|Mold Breaker\n|cant|p2a: Golden Boss|recharge\n|\n|upkeep\n|turn|11\n|\n|t:|1698547659\n|move|p1a: Tony Tony Chopper|Ivy Cudgel|p2a: Golden Boss\n|-supereffective|p2a: Golden Boss\n|-damage|p2a: Golden Boss|0 fnt\n|faint|p2a: Golden Boss\n|\n|upkeep\n|\n|t:|1698547663\n|switch|p2a: Pumping power|Dragapult, F|100\/100\n|turn|12\n|\n|t:|1698547671\n|switch|p1a: Jinbe|Manaphy|100\/100\n|move|p2a: Pumping power|Hydro Pump|p1a: Jinbe|[miss]\n|-miss|p2a: Pumping power|p1a: Jinbe\n|\n|upkeep\n|turn|13\n|\n|t:|1698547678\n|switch|p2a: Fairy destroyer|Iron Moth|100\/100\n|move|p1a: Jinbe|Ice Beam|p2a: Fairy destroyer\n|-resisted|p2a: Fairy destroyer\n|-damage|p2a: Fairy destroyer|89\/100\n|\n|upkeep\n|turn|14\n|\n|t:|1698547685\n|move|p1a: Jinbe|Scald|p2a: Fairy destroyer\n|-supereffective|p2a: Fairy destroyer\n|-damage|p2a: Fairy destroyer|33\/100\n|move|p2a: Fairy destroyer|Flamethrower|p1a: Jinbe\n|-resisted|p1a: Jinbe\n|-damage|p1a: Jinbe|80\/100\n|\n|-heal|p1a: Jinbe|86\/100|[from] item: Leftovers\n|upkeep\n|turn|15\n|\n|t:|1698547698\n|switch|p1a: Monkey D Luffy|Lucario, F|100\/100\n|-item|p1a: Monkey D Luffy|Air Balloon\n|move|p2a: Fairy destroyer|Toxic Spikes|p1a: Monkey D Luffy\n|-sidestart|p1: ThatStrangerGuy|move: Toxic Spikes\n|\n|upkeep\n|turn|16\n|\n|t:|1698547706\n|move|p1a: Monkey D Luffy|High Jump Kick|p2a: Fairy destroyer\n|-resisted|p2a: Fairy destroyer\n|-crit|p2a: Fairy destroyer\n|-damage|p2a: Fairy destroyer|0 fnt\n|faint|p2a: Fairy destroyer\n|-end|p2a: Fairy destroyer|Quark Drive|[silent]\n|\n|upkeep\n|\n|t:|1698547713\n|switch|p2a: Pumping power|Dragapult, F|100\/100\n|turn|17\n|\n|t:|1698547719\n|move|p2a: Pumping power|Hydro Pump|p1a: Monkey D Luffy|[miss]\n|-miss|p2a: Pumping power|p1a: Monkey D Luffy\n|move|p1a: Monkey D Luffy|High Jump Kick|p2a: Pumping power\n|-immune|p2a: Pumping power\n|-damage|p1a: Monkey D Luffy|51\/100|[from] highjumpkick\n|\n|upkeep\n|turn|18\n|\n|t:|1698547730\n|move|p2a: Pumping power|Hydro Pump|p1a: Monkey D Luffy|[miss]\n|-miss|p2a: Pumping power|p1a: Monkey D Luffy\n|move|p1a: Monkey D Luffy|Ice Punch|p2a: Pumping power\n|-supereffective|p2a: Pumping power\n|-damage|p2a: Pumping power|51\/100\n|\n|upkeep\n|turn|19\n|\n|t:|1698547738\n|switch|p2a: Team Healer|Blissey, F|84\/100\n|move|p1a: Monkey D Luffy|Ice Punch|p2a: Team Healer\n|-damage|p2a: Team Healer|41\/100\n|\n|upkeep\n|turn|20\n|\n|t:|1698547751\n|switch|p2a: Steel Master|Arceus-Steel|20\/100\n|move|p1a: Monkey D Luffy|High Jump Kick|p2a: Steel Master\n|-supereffective|p2a: Steel Master\n|-damage|p2a: Steel Master|0 fnt\n|faint|p2a: Steel Master\n|\n|upkeep\n|\n|t:|1698547757\n|switch|p2a: Pumping power|Dragapult, F|51\/100\n|turn|21\n|\n|t:|1698547761\n|move|p2a: Pumping power|Hydro Pump|p1a: Monkey D Luffy\n|-damage|p1a: Monkey D Luffy|12\/100\n|-enditem|p1a: Monkey D Luffy|Air Balloon\n|move|p1a: Monkey D Luffy|High Jump Kick|p2a: Pumping power\n|-immune|p2a: Pumping power\n|-damage|p1a: Monkey D Luffy|0 fnt|[from] highjumpkick\n|faint|p1a: Monkey D Luffy\n|\n|upkeep\n|\n|t:|1698547771\n|switch|p1a: Nico Robin|Ampharos, F|14\/100\n|-status|p1a: Nico Robin|psn\n|turn|22\n|\n|t:|1698547775\n|move|p2a: Pumping power|Hydro Pump|p1a: Nico Robin\n|-damage|p1a: Nico Robin|0 fnt\n|faint|p1a: Nico Robin\n|\n|upkeep\n|\n|t:|1698547779\n|switch|p1a: Tony Tony Chopper|Ogerpon-Hearthflame, F|22\/100\n|-status|p1a: Tony Tony Chopper|psn\n|-ability|p1a: Tony Tony Chopper|Mold Breaker\n|turn|23\n|\n|t:|1698547785\n|move|p2a: Pumping power|Hydro Pump|p1a: Tony Tony Chopper|[miss]\n|-miss|p2a: Pumping power|p1a: Tony Tony Chopper\n|move|p1a: Tony Tony Chopper|Stomping Tantrum|p2a: Pumping power\n|-damage|p2a: Pumping power|20\/100\n|\n|-damage|p1a: Tony Tony Chopper|10\/100 psn|[from] psn\n|upkeep\n|turn|24\n|\n|t:|1698547793\n|move|p2a: Pumping power|Hydro Pump|p1a: Tony Tony Chopper|[miss]\n|-miss|p2a: Pumping power|p1a: Tony Tony Chopper\n|move|p1a: Tony Tony Chopper|Swords Dance|p1a: Tony Tony Chopper\n|-boost|p1a: Tony Tony Chopper|atk|2\n|\n|-damage|p1a: Tony Tony Chopper|0 fnt|[from] psn\n|faint|p1a: Tony Tony Chopper\n|upkeep\n|\n|t:|1698547802\n|switch|p1a: Sanji|Dragapult, F|100\/100\n|-status|p1a: Sanji|psn\n|turn|25\n|\n|t:|1698547809\n|move|p1a: Sanji|Phantom Force||[still]\n|-prepare|p1a: Sanji|Phantom Force\n|-activate|p2a: Pumping power|move: Struggle\n|move|p2a: Pumping power|Struggle|p1a: Sanji|[miss]\n|-miss|p2a: Pumping power|p1a: Sanji\n|\n|-damage|p1a: Sanji|88\/100 psn|[from] psn\n|upkeep\n|turn|26\n|\n|t:|1698547816\n|move|p1a: Sanji|Phantom Force|p2a: Pumping power|[from]lockedmove\n|-supereffective|p2a: Pumping power\n|-damage|p2a: Pumping power|0 fnt\n|faint|p2a: Pumping power\n|\n|-heal|p1a: Sanji|94\/100 psn|[from] item: Leftovers\n|-damage|p1a: Sanji|82\/100 psn|[from] psn\n|upkeep\n|\n|t:|1698547823\n|switch|p2a: Team Healer|Blissey, F|41\/100\n|turn|27\n|\n|t:|1698547835\n|switch|p1a: Zoro|Flutter Mane|100\/100\n|-status|p1a: Zoro|psn\n|move|p2a: Team Healer|Heal Pulse|p1a: Zoro\n|-fail|p1a: Zoro|heal\n|\n|-damage|p1a: Zoro|88\/100 psn|[from] psn\n|upkeep\n|turn|28\n|\n|t:|1698547848\n|move|p1a: Zoro|Moonblast|p2a: Team Healer\n|-damage|p2a: Team Healer|25\/100\n|move|p2a: Team Healer|Healing Wish||[still]\n|-fail|p2a: Team Healer\n|\n|-damage|p1a: Zoro|76\/100 psn|[from] psn\n|upkeep\n|turn|29\n|\n|t:|1698547855\n|move|p1a: Zoro|Moonblast|p2a: Team Healer\n|-damage|p2a: Team Healer|8\/100\n|move|p2a: Team Healer|Heal Bell||[still]\n|-activate|p2a: Team Healer|move: Heal Bell\n|-fail|p2a: Team Healer\n|\n|-damage|p1a: Zoro|63\/100 psn|[from] psn\n|upkeep\n|turn|30\n|\n|t:|1698547868\n|move|p1a: Zoro|Moonblast|p2a: Team Healer\n|-damage|p2a: Team Healer|0 fnt\n|faint|p2a: Team Healer\n|\n|win|ThatStrangerGuy\n","uploadtime":1698547875,"views":9,"p1id":"thatstrangerguy","p2id":"demishowdown","formatid":"gen9anythinggoes","rating":0,"private":0,"password":""}