{"id":"gen9anythinggoes-1978775060","p1":"Legobuddy22","p2":"fire2230900","format":"[Gen 9] Anything Goes","log":"|j|\u2606Legobuddy22\n|j|\u2606fire2230900\n|t:|1698593599\n|gametype|singles\n|player|p1|Legobuddy22|steven|1040\n|player|p2|fire2230900|lucas|1000\n|teamsize|p1|6\n|teamsize|p2|6\n|gen|9\n|tier|[Gen 9] Anything Goes\n|rated|\n|rule|HP Percentage Mod: HP is shown in percentages\n|rule|Endless Battle Clause: Forcing endless battles is banned\n|clearpoke\n|poke|p1|Greninja-*, F|\n|poke|p1|Cinderace, M|\n|poke|p1|Rayquaza|\n|poke|p1|Dipplin, F|\n|poke|p1|Milotic, F|\n|poke|p1|Pikachu-Original, M|\n|poke|p2|Calyrex-Shadow|\n|poke|p2|Urshifu-*, M|\n|poke|p2|Koraidon|\n|poke|p2|Rillaboom, M|\n|poke|p2|Chien-Pao|\n|poke|p2|Zapdos-Galar|\n|teampreview\n|inactive|Battle timer is ON: inactive players will automatically lose when time's up. (requested by fire2230900)\n|c|\u2606fire2230900|glhf\n|c|\u2606Legobuddy22|same\n|\n|t:|1698593619\n|start\n|switch|p1a: Dipplin|Dipplin, F, shiny|100\/100\n|switch|p2a: Zapdos|Zapdos-Galar|100\/100\n|-ability|p1a: Dipplin|Supersweet Syrup\n|-ability|p1a: Dipplin|Supersweet Syrup|boost\n|-unboost|p2a: Zapdos|evasion|1\n|-ability|p2a: Zapdos|Defiant|boost\n|-boost|p2a: Zapdos|atk|2\n|turn|1\n|\n|t:|1698593636\n|-terastallize|p2a: Zapdos|Fighting\n|move|p2a: Zapdos|Hurricane|p1a: Dipplin\n|-supereffective|p1a: Dipplin\n|-damage|p1a: Dipplin|47\/100\n|-start|p1a: Dipplin|confusion\n|-activate|p1a: Dipplin|confusion\n|move|p1a: Dipplin|Dragon Pulse|p2a: Zapdos\n|-damage|p2a: Zapdos|67\/100\n|\n|-heal|p2a: Zapdos|74\/100|[from] item: Leftovers\n|upkeep\n|turn|2\n|\n|t:|1698593649\n|-activate|p1a: Dipplin|confusion\n|move|p1a: Dipplin|Protect|p1a: Dipplin\n|-singleturn|p1a: Dipplin|Protect\n|move|p2a: Zapdos|Hurricane|p1a: Dipplin\n|-activate|p1a: Dipplin|move: Protect\n|\n|-heal|p2a: Zapdos|80\/100|[from] item: Leftovers\n|upkeep\n|turn|3\n|\n|t:|1698593659\n|move|p2a: Zapdos|Hurricane|p1a: Dipplin\n|-supereffective|p1a: Dipplin\n|-damage|p1a: Dipplin|0 fnt\n|faint|p1a: Dipplin\n|\n|-heal|p2a: Zapdos|86\/100|[from] item: Leftovers\n|upkeep\n|\n|t:|1698593668\n|switch|p1a: Rayquaza|Rayquaza, shiny|100\/100\n|-ability|p1a: Rayquaza|Air Lock\n|turn|4\n|\n|t:|1698593673\n|switch|p2a: Chien-Pao|Chien-Pao|100\/100\n|-ability|p2a: Chien-Pao|Sword of Ruin\n|move|p1a: Rayquaza|Dragon Ascent|p2a: Chien-Pao\n|-damage|p2a: Chien-Pao|18\/100\n|-unboost|p1a: Rayquaza|def|1\n|-unboost|p1a: Rayquaza|spd|1\n|\n|upkeep\n|turn|5\n|\n|t:|1698593682\n|move|p2a: Chien-Pao|Ice Fang|p1a: Rayquaza|[miss]\n|-miss|p2a: Chien-Pao|p1a: Rayquaza\n|move|p1a: Rayquaza|Earthquake|p2a: Chien-Pao\n|-damage|p2a: Chien-Pao|0 fnt\n|faint|p2a: Chien-Pao\n|\n|upkeep\n|\n|t:|1698593691\n|switch|p2a: Koraidon|Koraidon|100\/100\n|-weather|SunnyDay|[from] ability: Orichalcum Pulse|[of] p2a: Koraidon\n|-activate|p2a: Koraidon|Orichalcum Pulse|[source]\n|turn|6\n|\n|t:|1698593699\n|-terastallize|p1a: Rayquaza|Dragon\n|move|p2a: Koraidon|Breaking Swipe|p1a: Rayquaza\n|-supereffective|p1a: Rayquaza\n|-damage|p1a: Rayquaza|6\/100\n|move|p1a: Rayquaza|Dragon Pulse|p2a: Koraidon\n|-supereffective|p2a: Koraidon\n|-damage|p2a: Koraidon|6\/100\n|\n|-weather|SunnyDay|[upkeep]\n|upkeep\n|turn|7\n|\n|t:|1698593708\n|move|p1a: Rayquaza|Extreme Speed|p2a: Koraidon\n|-damage|p2a: Koraidon|0 fnt\n|faint|p2a: Koraidon\n|\n|-weather|SunnyDay|[upkeep]\n|upkeep\n|\n|t:|1698593718\n|switch|p2a: Urshifu|Urshifu-Rapid-Strike, M|100\/100\n|turn|8\n|\n|t:|1698593725\n|switch|p1a: Pikachu|Pikachu-Original, M|100\/100\n|switch|p2a: Calyrex|Calyrex-Shadow|100\/100\n|-ability|p2a: Calyrex|As One\n|-ability|p2a: Calyrex|Unnerve\n|\n|-weather|SunnyDay|[upkeep]\n|upkeep\n|turn|9\n|\n|t:|1698593735\n|move|p2a: Calyrex|Astral Barrage|p1a: Pikachu\n|-damage|p1a: Pikachu|0 fnt\n|faint|p1a: Pikachu\n|-ability|p2a: Calyrex|Grim Neigh|boost\n|-boost|p2a: Calyrex|spa|1\n|\n|-weather|SunnyDay|[upkeep]\n|upkeep\n|\n|t:|1698593743\n|switch|p1a: Cinderace|Cinderace, M|100\/100\n|turn|10\n|\n|t:|1698593749\n|move|p2a: Calyrex|Phantom Force||[still]\n|-prepare|p2a: Calyrex|Phantom Force\n|move|p1a: Cinderace|Double-Edge|p2a: Calyrex|[miss]\n|-start|p1a: Cinderace|typechange|Normal|[from] ability: Libero\n|-miss|p1a: Cinderace|p2a: Calyrex\n|\n|-weather|none\n|upkeep\n|turn|11\n|\n|t:|1698593757\n|move|p2a: Calyrex|Phantom Force|p1a: Cinderace|[from]lockedmove\n|-immune|p1a: Cinderace\n|move|p1a: Cinderace|Double-Edge|p2a: Calyrex\n|-immune|p2a: Calyrex\n|\n|upkeep\n|turn|12\n|\n|t:|1698593765\n|move|p2a: Calyrex|Psybeam|p1a: Cinderace\n|-damage|p1a: Cinderace|35\/100\n|move|p1a: Cinderace|U-turn|p2a: Calyrex\n|-damage|p2a: Calyrex|80\/100\n|\n|t:|1698593770\n|switch|p1a: Greninja|Greninja, F, shiny|100\/100|[from] U-turn\n|\n|upkeep\n|turn|13\n|\n|t:|1698593776\n|switch|p2a: Rillaboom|Rillaboom, M, shiny|100\/100\n|-fieldstart|move: Grassy Terrain|[from] ability: Grassy Surge|[of] p2a: Rillaboom\n|move|p1a: Greninja|Dark Pulse|p2a: Rillaboom\n|-damage|p2a: Rillaboom|68\/100\n|\n|-heal|p2a: Rillaboom|74\/100|[from] Grassy Terrain\n|upkeep\n|turn|14\n|\n|t:|1698593787\n|move|p2a: Rillaboom|Grassy Glide|p1a: Greninja\n|-supereffective|p1a: Greninja\n|-damage|p1a: Greninja|23\/100\n|move|p1a: Greninja|Swords Dance|p1a: Greninja\n|-boost|p1a: Greninja|atk|2\n|\n|-heal|p1a: Greninja|29\/100|[from] Grassy Terrain\n|-heal|p2a: Rillaboom|80\/100|[from] Grassy Terrain\n|upkeep\n|turn|15\n|\n|t:|1698593802\n|move|p1a: Greninja|Water Shuriken|p2a: Rillaboom\n|-resisted|p2a: Rillaboom\n|-damage|p2a: Rillaboom|75\/100\n|-resisted|p2a: Rillaboom\n|-damage|p2a: Rillaboom|71\/100\n|-hitcount|p2a: Rillaboom|2\n|move|p2a: Rillaboom|Drum Beating|p1a: Greninja\n|-supereffective|p1a: Greninja\n|-damage|p1a: Greninja|0 fnt\n|faint|p1a: Greninja\n|\n|-heal|p2a: Rillaboom|77\/100|[from] Grassy Terrain\n|upkeep\n|\n|t:|1698593813\n|switch|p1a: Milotic|Milotic, F|100\/100\n|turn|16\n|\n|t:|1698593818\n|move|p2a: Rillaboom|Grassy Glide|p1a: Milotic\n|-supereffective|p1a: Milotic\n|-damage|p1a: Milotic|36\/100\n|move|p1a: Milotic|Ice Beam|p2a: Rillaboom\n|-supereffective|p2a: Rillaboom\n|-damage|p2a: Rillaboom|28\/100\n|-enditem|p2a: Rillaboom|Sitrus Berry|[eat]\n|-heal|p2a: Rillaboom|53\/100|[from] item: Sitrus Berry\n|\n|-heal|p2a: Rillaboom|59\/100|[from] Grassy Terrain\n|-heal|p1a: Milotic|42\/100|[from] Grassy Terrain\n|-status|p1a: Milotic|brn|[from] item: Flame Orb\n|upkeep\n|turn|17\n|\n|t:|1698593833\n|move|p2a: Rillaboom|Drain Punch|p1a: Milotic\n|-damage|p1a: Milotic|28\/100 brn\n|-heal|p2a: Rillaboom|67\/100|[from] drain|[of] p1a: Milotic\n|move|p1a: Milotic|Facade|p2a: Rillaboom\n|-damage|p2a: Rillaboom|42\/100\n|\n|-heal|p2a: Rillaboom|49\/100|[from] Grassy Terrain\n|-heal|p1a: Milotic|34\/100 brn|[from] Grassy Terrain\n|-damage|p1a: Milotic|28\/100 brn|[from] brn\n|-fieldend|move: Grassy Terrain\n|upkeep\n|turn|18\n|\n|t:|1698593845\n|move|p2a: Rillaboom|Grassy Glide|p1a: Milotic\n|-supereffective|p1a: Milotic\n|-damage|p1a: Milotic|0 fnt\n|faint|p1a: Milotic\n|\n|upkeep\n|\n|t:|1698593850\n|switch|p1a: Cinderace|Cinderace, M|35\/100\n|turn|19\n|\n|t:|1698593854\n|switch|p2a: Urshifu|Urshifu-Rapid-Strike, M|100\/100\n|move|p1a: Cinderace|Bounce||[still]\n|-prepare|p1a: Cinderace|Bounce\n|-start|p1a: Cinderace|typechange|Flying|[from] ability: Libero\n|\n|upkeep\n|turn|20\n|\n|t:|1698593863\n|switch|p2a: Calyrex|Calyrex-Shadow|80\/100\n|-ability|p2a: Calyrex|As One\n|-ability|p2a: Calyrex|Unnerve\n|move|p1a: Cinderace|Bounce|p2a: Calyrex|[from]lockedmove\n|-damage|p2a: Calyrex|47\/100\n|\n|upkeep\n|turn|21\n|\n|t:|1698593872\n|move|p2a: Calyrex|Astral Barrage|p1a: Cinderace\n|-damage|p1a: Cinderace|0 fnt\n|faint|p1a: Cinderace\n|-ability|p2a: Calyrex|Grim Neigh|boost\n|-boost|p2a: Calyrex|spa|1\n|\n|upkeep\n|\n|t:|1698593879\n|switch|p1a: Rayquaza|Rayquaza, shiny, tera:Dragon|6\/100\n|-ability|p1a: Rayquaza|Air Lock\n|turn|22\n|c|\u2606fire2230900|gg\n|\n|t:|1698593883\n|move|p2a: Calyrex|Phantom Force||[still]\n|-prepare|p2a: Calyrex|Phantom Force\n|move|p1a: Rayquaza|Dragon Pulse|p2a: Calyrex|[miss]\n|-miss|p1a: Rayquaza|p2a: Calyrex\n|\n|upkeep\n|turn|23\n|\n|t:|1698593889\n|move|p2a: Calyrex|Phantom Force|p1a: Rayquaza|[from]lockedmove\n|-damage|p1a: Rayquaza|0 fnt\n|faint|p1a: Rayquaza\n|\n|win|fire2230900\n|raw|Legobuddy22's rating: 1040 &rarr; <strong>1022<\/strong><br \/>(-18 for losing)\n|raw|fire2230900's rating: 1000 &rarr; <strong>1045<\/strong><br \/>(+45 for winning)\n|l|\u2606Legobuddy22\n","uploadtime":1698593914,"views":13,"p1id":"legobuddy22","p2id":"fire2230900","formatid":"gen9anythinggoes","rating":1022,"private":0,"password":""}