{"id":"gen9anythinggoes-1974726983","p1":"NightX120","p2":"PoooBum2","format":"[Gen 9] Anything Goes","log":"|j|\u2606NightX120\n|j|\u2606PoooBum2\n|t:|1698114786\n|gametype|singles\n|player|p1|NightX120|cynthia-gen4|1178\n|player|p2|PoooBum2|lucas|1188\n|teamsize|p1|6\n|teamsize|p2|6\n|gen|9\n|tier|[Gen 9] Anything Goes\n|rated|\n|rule|HP Percentage Mod: HP is shown in percentages\n|rule|Endless Battle Clause: Forcing endless battles is banned\n|clearpoke\n|poke|p1|Mimikyu, F|\n|poke|p1|Garchomp, F|\n|poke|p1|Lucario, M|\n|poke|p1|Greninja-*, F|\n|poke|p1|Jirachi|\n|poke|p1|Talonflame, M|\n|poke|p2|Maushold-Four|\n|poke|p2|Maushold-Four|\n|poke|p2|Maushold-Four|\n|poke|p2|Maushold-Four|\n|poke|p2|Maushold-Four|\n|poke|p2|Maushold-Four|\n|teampreview\n|inactive|Battle timer is ON: inactive players will automatically lose when time's up. (requested by NightX120)\n|\n|t:|1698114795\n|start\n|switch|p1a: Nibbles|Garchomp, F, shiny|100\/100\n|switch|p2a: 1|Maushold-Four, shiny|100\/100\n|turn|1\n|c|\u2606NightX120|Ah shi\n|\n|t:|1698114809\n|move|p2a: 1|Tidy Up|p2a: 1\n|-boost|p2a: 1|atk|1\n|-boost|p2a: 1|spe|1\n|move|p1a: Nibbles|Earthquake|p2a: 1\n|-damage|p2a: 1|14\/100\n|\n|upkeep\n|turn|2\n|\n|t:|1698114815\n|move|p2a: 1|Population Bomb|p1a: Nibbles\n|-damage|p1a: Nibbles|84\/100\n|-damage|p2a: 1|2\/100|[from] ability: Rough Skin|[of] p1a: Nibbles\n|-damage|p2a: 1|0 fnt|[from] item: Rocky Helmet|[of] p1a: Nibbles\n|faint|p2a: 1\n|-hitcount|p1a: Nibbles|1\n|move|p1a: Nibbles|Earthquake|p2: 1|[notarget]\n|-fail|p1a: Nibbles\n|\n|upkeep\n|\n|t:|1698114821\n|switch|p2a: 2|Maushold-Four, shiny|100\/100\n|turn|3\n|\n|t:|1698114826\n|move|p2a: 2|Population Bomb|p1a: Nibbles\n|-damage|p1a: Nibbles|73\/100\n|-damage|p2a: 2|88\/100|[from] ability: Rough Skin|[of] p1a: Nibbles\n|-damage|p2a: 2|71\/100|[from] item: Rocky Helmet|[of] p1a: Nibbles\n|-crit|p1a: Nibbles\n|-damage|p1a: Nibbles|55\/100\n|-damage|p2a: 2|59\/100|[from] ability: Rough Skin|[of] p1a: Nibbles\n|-damage|p2a: 2|42\/100|[from] item: Rocky Helmet|[of] p1a: Nibbles\n|-damage|p1a: Nibbles|43\/100\n|-damage|p2a: 2|30\/100|[from] ability: Rough Skin|[of] p1a: Nibbles\n|-damage|p2a: 2|13\/100|[from] item: Rocky Helmet|[of] p1a: Nibbles\n|-crit|p1a: Nibbles\n|-damage|p1a: Nibbles|28\/100\n|-damage|p2a: 2|1\/100|[from] ability: Rough Skin|[of] p1a: Nibbles\n|-damage|p2a: 2|0 fnt|[from] item: Rocky Helmet|[of] p1a: Nibbles\n|faint|p2a: 2\n|-hitcount|p1a: Nibbles|4\n|move|p1a: Nibbles|Earthquake|p2: 2|[notarget]\n|-fail|p1a: Nibbles\n|\n|upkeep\n|\n|t:|1698114842\n|switch|p2a: 3|Maushold-Four, shiny|100\/100\n|turn|4\n|\n|t:|1698114851\n|move|p2a: 3|Population Bomb|p1a: Nibbles|[miss]\n|-miss|p2a: 3|p1a: Nibbles\n|move|p1a: Nibbles|Earthquake|p2a: 3\n|-damage|p2a: 3|19\/100\n|\n|upkeep\n|turn|5\n|\n|t:|1698114860\n|move|p2a: 3|Crunch|p1a: Nibbles\n|-damage|p1a: Nibbles|7\/100\n|-damage|p2a: 3|7\/100|[from] ability: Rough Skin|[of] p1a: Nibbles\n|-damage|p2a: 3|0 fnt|[from] item: Rocky Helmet|[of] p1a: Nibbles\n|faint|p2a: 3\n|move|p1a: Nibbles|Earthquake|p2: 3|[notarget]\n|-fail|p1a: Nibbles\n|\n|upkeep\n|\n|t:|1698114864\n|switch|p2a: 4|Maushold-Four, shiny|100\/100\n|turn|6\n|\n|t:|1698114868\n|move|p2a: 4|Crunch|p1a: Nibbles\n|-damage|p1a: Nibbles|0 fnt\n|-damage|p2a: 4|88\/100|[from] ability: Rough Skin|[of] p1a: Nibbles\n|-damage|p2a: 4|71\/100|[from] item: Rocky Helmet|[of] p1a: Nibbles\n|faint|p1a: Nibbles\n|\n|upkeep\n|\n|t:|1698114872\n|switch|p1a: Sleepy|Mimikyu, F, shiny|100\/100\n|turn|7\n|\n|t:|1698114879\n|move|p2a: 4|Crunch|p1a: Sleepy\n|-activate|p1a: Sleepy|ability: Disguise\n|-damage|p1a: Sleepy|100\/100\n|detailschange|p1a: Sleepy|Mimikyu-Busted, F, shiny\n|-damage|p1a: Sleepy|88\/100|[from] pokemon: Mimikyu-Busted\n|move|p1a: Sleepy|Swords Dance|p1a: Sleepy\n|-boost|p1a: Sleepy|atk|2\n|\n|upkeep\n|turn|8\n|\n|t:|1698114884\n|-terastallize|p1a: Sleepy|Normal\n|move|p2a: 4|Crunch|p1a: Sleepy\n|-damage|p1a: Sleepy|55\/100\n|move|p1a: Sleepy|Drain Punch|p2a: 4\n|-supereffective|p2a: 4\n|-damage|p2a: 4|0 fnt\n|-heal|p1a: Sleepy|96\/100|[from] drain|[of] p2a: 4\n|faint|p2a: 4\n|\n|upkeep\n|\n|t:|1698114889\n|switch|p2a: 5|Maushold-Four, shiny|100\/100\n|turn|9\n|\n|t:|1698114897\n|move|p2a: 5|Population Bomb|p1a: Sleepy\n|-damage|p1a: Sleepy|78\/100\n|-damage|p1a: Sleepy|57\/100\n|-damage|p1a: Sleepy|39\/100\n|-damage|p1a: Sleepy|21\/100\n|-damage|p1a: Sleepy|4\/100\n|-damage|p1a: Sleepy|0 fnt\n|faint|p1a: Sleepy\n|-hitcount|p1: Sleepy|6\n|\n|upkeep\n|\n|t:|1698114902\n|switch|p1a: Kamikaze|Talonflame, M|100\/100\n|turn|10\n|\n|t:|1698114912\n|-terastallize|p2a: 5|Ghost\n|move|p1a: Kamikaze|Flare Blitz|p2a: 5\n|-damage|p2a: 5|34\/100\n|-damage|p1a: Kamikaze|79\/100|[from] Recoil\n|move|p2a: 5|Tidy Up|p2a: 5\n|-boost|p2a: 5|atk|1\n|-boost|p2a: 5|spe|1\n|\n|-heal|p1a: Kamikaze|85\/100|[from] item: Leftovers\n|upkeep\n|turn|11\n|\n|t:|1698114919\n|move|p2a: 5|Population Bomb|p1a: Kamikaze\n|-damage|p1a: Kamikaze|62\/100\n|-status|p2a: 5|brn|[from] ability: Flame Body|[of] p1a: Kamikaze\n|-damage|p1a: Kamikaze|50\/100\n|-damage|p1a: Kamikaze|37\/100\n|-damage|p1a: Kamikaze|25\/100\n|-damage|p1a: Kamikaze|12\/100\n|-damage|p1a: Kamikaze|0 fnt\n|faint|p1a: Kamikaze\n|-hitcount|p1: Kamikaze|6\n|\n|-damage|p2a: 5|27\/100 brn|[from] brn\n|upkeep\n|\n|t:|1698114927\n|switch|p1a: Make-A-Wish|Jirachi, shiny|100\/100\n|turn|12\n|\n|t:|1698114934\n|move|p2a: 5|Population Bomb|p1a: Make-A-Wish\n|-resisted|p1a: Make-A-Wish\n|-damage|p1a: Make-A-Wish|97\/100\n|-damage|p2a: 5|11\/100 brn|[from] item: Rocky Helmet|[of] p1a: Make-A-Wish\n|-resisted|p1a: Make-A-Wish\n|-damage|p1a: Make-A-Wish|94\/100\n|-damage|p2a: 5|0 fnt|[from] item: Rocky Helmet|[of] p1a: Make-A-Wish\n|faint|p2a: 5\n|-hitcount|p1a: Make-A-Wish|2\n|move|p1a: Make-A-Wish|Wish|p1a: Make-A-Wish\n|\n|upkeep\n|\n|t:|1698114939\n|switch|p2a: 6|Maushold-Four, shiny|100\/100\n|turn|13\n|\n|t:|1698114945\n|move|p2a: 6|Crunch|p1a: Make-A-Wish\n|-supereffective|p1a: Make-A-Wish\n|-damage|p1a: Make-A-Wish|61\/100\n|-damage|p2a: 6|84\/100|[from] item: Rocky Helmet|[of] p1a: Make-A-Wish\n|move|p1a: Make-A-Wish|Iron Defense|p1a: Make-A-Wish\n|-boost|p1a: Make-A-Wish|def|2\n|\n|-heal|p1a: Make-A-Wish|100\/100|[from] move: Wish|[wisher] Make-A-Wish\n|upkeep\n|turn|14\n|\n|t:|1698114951\n|move|p2a: 6|Crunch|p1a: Make-A-Wish\n|-supereffective|p1a: Make-A-Wish\n|-damage|p1a: Make-A-Wish|85\/100\n|-damage|p2a: 6|67\/100|[from] item: Rocky Helmet|[of] p1a: Make-A-Wish\n|move|p1a: Make-A-Wish|Wish|p1a: Make-A-Wish\n|\n|upkeep\n|turn|15\n|\n|t:|1698114957\n|move|p2a: 6|Tidy Up|p2a: 6\n|-boost|p2a: 6|atk|1\n|-boost|p2a: 6|spe|1\n|move|p1a: Make-A-Wish|Doom Desire|p2a: 6\n|-start|p1a: Make-A-Wish|Doom Desire\n|\n|-heal|p1a: Make-A-Wish|100\/100|[from] move: Wish|[wisher] Make-A-Wish\n|upkeep\n|turn|16\n|\n|t:|1698114965\n|move|p2a: 6|Tidy Up|p2a: 6\n|-boost|p2a: 6|atk|1\n|-boost|p2a: 6|spe|1\n|move|p1a: Make-A-Wish|Iron Defense|p1a: Make-A-Wish\n|-boost|p1a: Make-A-Wish|def|2\n|\n|upkeep\n|turn|17\n|\n|t:|1698114970\n|move|p2a: 6|Tidy Up|p2a: 6\n|-boost|p2a: 6|atk|1\n|-boost|p2a: 6|spe|1\n|move|p1a: Make-A-Wish|Iron Defense|p1a: Make-A-Wish\n|-boost|p1a: Make-A-Wish|def|2\n|\n|-end|p2a: 6|move: Doom Desire\n|-damage|p2a: 6|0 fnt\n|faint|p2a: 6\n|\n|win|NightX120\n|upkeep\n|raw|NightX120's rating: 1178 &rarr; <strong>1204<\/strong><br \/>(+26 for winning)\n|raw|PoooBum2's rating: 1188 &rarr; <strong>1162<\/strong><br \/>(-26 for losing)\n|l|\u2606PoooBum2\n","uploadtime":1698115001,"views":11,"p1id":"nightx120","p2id":"pooobum2","formatid":"gen9anythinggoes","rating":1162,"private":0,"password":""}