{"id":"gen9anythinggoes-1973788739","p1":"seba 8523","p2":"Chris Hansen101","format":"[Gen 9] Anything Goes","log":"|j|\u2606seba 8523\n|j|\u2606Chris Hansen101\n|t:|1698013566\n|gametype|singles\n|player|p1|seba 8523|acetrainersnow|1255\n|player|p2|Chris Hansen101|hiker-gen4|1345\n|teamsize|p1|6\n|teamsize|p2|6\n|gen|9\n|tier|[Gen 9] Anything Goes\n|rated|\n|rule|HP Percentage Mod: HP is shown in percentages\n|rule|Endless Battle Clause: Forcing endless battles is banned\n|clearpoke\n|poke|p1|Inteleon, M|\n|poke|p1|Typhlosion, M|\n|poke|p1|Clefable, F|\n|poke|p1|Tsareena, F|\n|poke|p1|Sandslash, M|\n|poke|p1|Goodra-Hisui, F|\n|poke|p2|Chansey, F|\n|poke|p2|Ting-Lu|\n|poke|p2|Corviknight, M|\n|poke|p2|Calyrex-Shadow|\n|poke|p2|Ceruledge, M|\n|poke|p2|Appletun, M|\n|teampreview\n|inactive|Battle timer is ON: inactive players will automatically lose when time's up. (requested by Chris Hansen101)\n|\n|t:|1698013577\n|start\n|switch|p1a: \u30cc\u30e1\u30eb\u30b4\u30f3|Goodra-Hisui, F|100\/100\n|switch|p2a: Ceruledge|Ceruledge, M, shiny|100\/100\n|turn|1\n|\n|t:|1698013585\n|switch|p1a: Twinkle|Clefable, F, shiny|100\/100\n|move|p2a: Ceruledge|Bitter Blade|p1a: Twinkle\n|-damage|p1a: Twinkle|53\/100\n|\n|-status|p1a: Twinkle|tox|[from] item: Toxic Orb\n|upkeep\n|turn|2\n|\n|t:|1698013601\n|switch|p2a: Corviknight|Corviknight, M, shiny|100\/100\n|move|p1a: Twinkle|Trick|p2a: Corviknight\n|-activate|p1a: Twinkle|move: Trick|[of] p2a: Corviknight\n|-item|p2a: Corviknight|Toxic Orb|[from] move: Trick\n|-item|p1a: Twinkle|Rocky Helmet|[from] move: Trick\n|\n|upkeep\n|turn|3\n|\n|t:|1698013620\n|switch|p2a: Ceruledge|Ceruledge, M, shiny|100\/100\n|move|p1a: Twinkle|Trick|p2a: Ceruledge\n|-activate|p1a: Twinkle|move: Trick|[of] p2a: Ceruledge\n|-item|p2a: Ceruledge|Rocky Helmet|[from] move: Trick\n|-item|p1a: Twinkle|Weakness Policy|[from] move: Trick\n|\n|upkeep\n|turn|4\n|\n|t:|1698013628\n|move|p2a: Ceruledge|Bitter Blade|p1a: Twinkle\n|-damage|p1a: Twinkle|10\/100 tox\n|move|p1a: Twinkle|Moonlight|p1a: Twinkle\n|-heal|p1a: Twinkle|60\/100 tox\n|\n|upkeep\n|turn|5\n|\n|t:|1698013638\n|switch|p1a: Furnace|Typhlosion, M|100\/100\n|move|p2a: Ceruledge|Bitter Blade|p1a: Furnace\n|-start|p1a: Furnace|ability: Flash Fire\n|\n|upkeep\n|turn|6\n|\n|t:|1698013647\n|switch|p2a: Chansey|Chansey, F, shiny|100\/100\n|move|p1a: Furnace|Earthquake|p2a: Chansey\n|-damage|p2a: Chansey|84\/100\n|\n|upkeep\n|turn|7\n|\n|t:|1698013655\n|-end|p1a: Furnace|ability: Flash Fire|[silent]\n|switch|p1a: Twinkle|Clefable, F, shiny|60\/100 tox\n|move|p2a: Chansey|Defense Curl|p2a: Chansey\n|-boost|p2a: Chansey|def|1\n|\n|upkeep\n|turn|8\n|\n|t:|1698013662\n|move|p1a: Twinkle|Moonlight|p1a: Twinkle\n|-heal|p1a: Twinkle|100\/100 tox\n|move|p2a: Chansey|Defense Curl|p2a: Chansey\n|-boost|p2a: Chansey|def|1\n|\n|upkeep\n|turn|9\n|\n|t:|1698013673\n|switch|p1a: \u30cc\u30e1\u30eb\u30b4\u30f3|Goodra-Hisui, F|100\/100\n|move|p2a: Chansey|Defense Curl|p2a: Chansey\n|-boost|p2a: Chansey|def|1\n|\n|upkeep\n|turn|10\n|\n|t:|1698013679\n|move|p2a: Chansey|Defense Curl|p2a: Chansey\n|-boost|p2a: Chansey|def|1\n|move|p1a: \u30cc\u30e1\u30eb\u30b4\u30f3|Acid Armor|p1a: \u30cc\u30e1\u30eb\u30b4\u30f3\n|-boost|p1a: \u30cc\u30e1\u30eb\u30b4\u30f3|def|2\n|\n|upkeep\n|turn|11\n|\n|t:|1698013685\n|move|p2a: Chansey|Defense Curl|p2a: Chansey\n|-boost|p2a: Chansey|def|1\n|move|p1a: \u30cc\u30e1\u30eb\u30b4\u30f3|Acid Armor|p1a: \u30cc\u30e1\u30eb\u30b4\u30f3\n|-boost|p1a: \u30cc\u30e1\u30eb\u30b4\u30f3|def|2\n|\n|upkeep\n|turn|12\n|\n|t:|1698013691\n|move|p2a: Chansey|Defense Curl|p2a: Chansey\n|-boost|p2a: Chansey|def|1\n|move|p1a: \u30cc\u30e1\u30eb\u30b4\u30f3|Acid Armor|p1a: \u30cc\u30e1\u30eb\u30b4\u30f3\n|-boost|p1a: \u30cc\u30e1\u30eb\u30b4\u30f3|def|2\n|\n|upkeep\n|turn|13\n|\n|t:|1698013698\n|-terastallize|p2a: Chansey|Ghost\n|move|p2a: Chansey|Calm Mind|p2a: Chansey\n|-boost|p2a: Chansey|spa|1\n|-boost|p2a: Chansey|spd|1\n|move|p1a: \u30cc\u30e1\u30eb\u30b4\u30f3|Body Press|p2a: Chansey\n|-immune|p2a: Chansey\n|\n|upkeep\n|turn|14\n|\n|t:|1698013708\n|move|p2a: Chansey|Calm Mind|p2a: Chansey\n|-boost|p2a: Chansey|spa|1\n|-boost|p2a: Chansey|spd|1\n|move|p1a: \u30cc\u30e1\u30eb\u30b4\u30f3|Iron Tail|p2a: Chansey\n|-damage|p2a: Chansey|77\/100\n|\n|upkeep\n|turn|15\n|\n|t:|1698013716\n|switch|p1a: James Pond|Inteleon, M|100\/100\n|move|p2a: Chansey|Calm Mind|p2a: Chansey\n|-boost|p2a: Chansey|spa|1\n|-boost|p2a: Chansey|spd|1\n|\n|upkeep\n|turn|16\n|\n|t:|1698013723\n|move|p1a: James Pond|Dark Pulse|p2a: Chansey\n|-supereffective|p2a: Chansey\n|-damage|p2a: Chansey|71\/100\n|move|p2a: Chansey|Calm Mind|p2a: Chansey\n|-boost|p2a: Chansey|spa|1\n|-boost|p2a: Chansey|spd|1\n|\n|upkeep\n|turn|17\n|\n|t:|1698013730\n|move|p1a: James Pond|Dark Pulse|p2a: Chansey\n|-supereffective|p2a: Chansey\n|-crit|p2a: Chansey\n|-damage|p2a: Chansey|43\/100\n|move|p2a: Chansey|Calm Mind|p2a: Chansey\n|-boost|p2a: Chansey|spa|1\n|-boost|p2a: Chansey|spd|1\n|\n|upkeep\n|turn|18\n|\n|t:|1698013738\n|-terastallize|p1a: James Pond|Water\n|move|p1a: James Pond|Snipe Shot|p2a: Chansey\n|-damage|p2a: Chansey|39\/100\n|move|p2a: Chansey|Soft-Boiled|p2a: Chansey\n|-heal|p2a: Chansey|89\/100\n|\n|upkeep\n|turn|19\n|\n|t:|1698013746\n|move|p1a: James Pond|Snipe Shot|p2a: Chansey\n|-damage|p2a: Chansey|86\/100\n|move|p2a: Chansey|Calm Mind|p2a: Chansey\n|-boost|p2a: Chansey|spa|1\n|-boost|p2a: Chansey|spd|1\n|\n|upkeep\n|turn|20\n|\n|t:|1698013754\n|move|p1a: James Pond|Snipe Shot|p2a: Chansey\n|-crit|p2a: Chansey\n|-damage|p2a: Chansey|58\/100\n|move|p2a: Chansey|Stored Power|p1a: James Pond\n|-crit|p1a: James Pond\n|-damage|p1a: James Pond|0 fnt\n|faint|p1a: James Pond\n|\n|upkeep\n|-message|seba 8523 forfeited.\n|\n|win|Chris Hansen101\n|raw|seba 8523's rating: 1255 &rarr; <strong>1236<\/strong><br \/>(-19 for losing)\n|raw|Chris Hansen101's rating: 1345 &rarr; <strong>1360<\/strong><br \/>(+15 for winning)\n|l|\u2606seba 8523\n","uploadtime":1698013774,"views":7,"p1id":"seba8523","p2id":"chrishansen101","formatid":"gen9anythinggoes","rating":1236,"private":0,"password":""}