{"id":"gen9anythinggoes-1985469328","p1":"turtIz","p2":"vexsff","format":"[Gen 9] Anything Goes","log":"|j|\u2606turtIz\n|j|\u2606vexsff\n|t:|1699377255\n|gametype|singles\n|player|p1|turtIz|giovanni|1077\n|player|p2|vexsff|clown|1063\n|teamsize|p1|6\n|teamsize|p2|6\n|gen|9\n|tier|[Gen 9] Anything Goes\n|rated|\n|rule|HP Percentage Mod: HP is shown in percentages\n|rule|Endless Battle Clause: Forcing endless battles is banned\n|clearpoke\n|poke|p1|Muk, M|\n|poke|p1|Chansey, F|\n|poke|p1|Gliscor, F|\n|poke|p1|Avalugg, M|\n|poke|p1|Florges-Blue, F|\n|poke|p1|Kingambit, F|\n|poke|p2|Weezing-Galar, F|\n|poke|p2|Weezing-Galar, F|\n|poke|p2|Weezing-Galar, F|\n|poke|p2|Weezing-Galar, M|\n|poke|p2|Weezing-Galar, M|\n|poke|p2|Weezing-Galar, F|\n|teampreview\n|\n|t:|1699377268\n|start\n|switch|p1a: Gliscor|Gliscor, F|100\/100\n|switch|p2a: pollution|Weezing-Galar, F|100\/100\n|-fieldstart|move: Misty Terrain|[from] ability: Misty Surge|[of] p2a: pollution\n|turn|1\n|\n|t:|1699377276\n|move|p1a: Gliscor|Spikes|p2a: pollution\n|-sidestart|p2: vexsff|Spikes\n|move|p2a: pollution|Body Slam|p1a: Gliscor\n|-damage|p1a: Gliscor|89\/100\n|\n|-status|p1a: Gliscor|tox|[from] item: Toxic Orb\n|upkeep\n|turn|2\n|\n|t:|1699377290\n|switch|p1a: Chansey|Chansey, F, shiny|100\/100\n|move|p2a: pollution|Heat Wave|p1a: Chansey\n|-damage|p1a: Chansey|95\/100\n|\n|upkeep\n|turn|3\n|\n|t:|1699377296\n|move|p2a: pollution|Gunk Shot|p1a: Chansey\n|-damage|p1a: Chansey|71\/100\n|move|p1a: Chansey|Light Screen|p1a: Chansey\n|-sidestart|p1: turtIz|move: Light Screen\n|\n|upkeep\n|turn|4\n|\n|t:|1699377303\n|move|p2a: pollution|Gunk Shot|p1a: Chansey\n|-damage|p1a: Chansey|45\/100\n|move|p1a: Chansey|Calm Mind|p1a: Chansey\n|-boost|p1a: Chansey|spa|1\n|-boost|p1a: Chansey|spd|1\n|\n|upkeep\n|turn|5\n|\n|t:|1699377310\n|move|p2a: pollution|Gunk Shot|p1a: Chansey\n|-damage|p1a: Chansey|23\/100\n|move|p1a: Chansey|Soft-Boiled|p1a: Chansey\n|-heal|p1a: Chansey|73\/100\n|\n|-fieldend|Misty Terrain\n|upkeep\n|turn|6\n|\n|t:|1699377318\n|move|p2a: pollution|Gunk Shot|p1a: Chansey\n|-damage|p1a: Chansey|48\/100\n|move|p1a: Chansey|Calm Mind|p1a: Chansey\n|-boost|p1a: Chansey|spa|1\n|-boost|p1a: Chansey|spd|1\n|\n|upkeep\n|turn|7\n|\n|t:|1699377324\n|move|p2a: pollution|Gunk Shot|p1a: Chansey\n|-damage|p1a: Chansey|23\/100\n|move|p1a: Chansey|Soft-Boiled|p1a: Chansey\n|-heal|p1a: Chansey|73\/100\n|\n|-sideend|p1: turtIz|move: Light Screen\n|upkeep\n|turn|8\n|\n|t:|1699377332\n|move|p2a: pollution|Gunk Shot|p1a: Chansey|[miss]\n|-miss|p2a: pollution|p1a: Chansey\n|move|p1a: Chansey|Light Screen|p1a: Chansey\n|-sidestart|p1: turtIz|move: Light Screen\n|\n|upkeep\n|turn|9\n|\n|t:|1699377338\n|move|p2a: pollution|Gunk Shot|p1a: Chansey\n|-damage|p1a: Chansey|49\/100\n|-status|p1a: Chansey|psn\n|move|p1a: Chansey|Soft-Boiled|p1a: Chansey\n|-heal|p1a: Chansey|99\/100 psn\n|\n|-damage|p1a: Chansey|86\/100 psn|[from] psn\n|upkeep\n|turn|10\n|\n|t:|1699377348\n|move|p2a: pollution|Body Slam|p1a: Chansey\n|-damage|p1a: Chansey|75\/100 psn\n|move|p1a: Chansey|Calm Mind|p1a: Chansey\n|-boost|p1a: Chansey|spa|1\n|-boost|p1a: Chansey|spd|1\n|\n|-damage|p1a: Chansey|63\/100 psn|[from] psn\n|upkeep\n|turn|11\n|\n|t:|1699377357\n|move|p2a: pollution|Body Slam|p1a: Chansey\n|-damage|p1a: Chansey|52\/100 psn\n|move|p1a: Chansey|Soft-Boiled|p1a: Chansey\n|-heal|p1a: Chansey|100\/100 psn\n|\n|-damage|p1a: Chansey|88\/100 psn|[from] psn\n|upkeep\n|turn|12\n|\n|t:|1699377366\n|move|p2a: pollution|Heat Wave|p1a: Chansey\n|-damage|p1a: Chansey|87\/100 psn\n|move|p1a: Chansey|Stored Power|p2a: pollution\n|-supereffective|p2a: pollution\n|-damage|p2a: pollution|10\/100\n|\n|-heal|p2a: pollution|16\/100|[from] item: Leftovers\n|-damage|p1a: Chansey|74\/100 psn|[from] psn\n|-sideend|p1: turtIz|move: Light Screen\n|upkeep\n|turn|13\n|\n|t:|1699377376\n|move|p2a: pollution|Heat Wave|p1a: Chansey|[miss]\n|-miss|p2a: pollution|p1a: Chansey\n|move|p1a: Chansey|Stored Power|p2a: pollution\n|-supereffective|p2a: pollution\n|-damage|p2a: pollution|0 fnt\n|faint|p2a: pollution\n|\n|-damage|p1a: Chansey|62\/100 psn|[from] psn\n|upkeep\n|\n|t:|1699377384\n|switch|p2a: pollution|Weezing-Galar, F|100\/100\n|turn|14\n|\n|t:|1699377389\n|move|p2a: pollution|Dazzling Gleam|p1a: Chansey\n|-damage|p1a: Chansey|59\/100 psn\n|move|p1a: Chansey|Light Screen|p1a: Chansey\n|-sidestart|p1: turtIz|move: Light Screen\n|\n|-damage|p1a: Chansey|46\/100 psn|[from] psn\n|upkeep\n|turn|15\n|\n|t:|1699377397\n|move|p2a: pollution|Gunk Shot|p1a: Chansey\n|-damage|p1a: Chansey|22\/100 psn\n|move|p1a: Chansey|Soft-Boiled|p1a: Chansey\n|-heal|p1a: Chansey|72\/100 psn\n|\n|-damage|p1a: Chansey|60\/100 psn|[from] psn\n|upkeep\n|turn|16\n|\n|t:|1699377405\n|move|p2a: pollution|Gunk Shot|p1a: Chansey|[miss]\n|-miss|p2a: pollution|p1a: Chansey\n|move|p1a: Chansey|Soft-Boiled|p1a: Chansey\n|-heal|p1a: Chansey|100\/100 psn\n|\n|-damage|p1a: Chansey|88\/100 psn|[from] psn\n|upkeep\n|turn|17\n|\n|t:|1699377414\n|move|p2a: pollution|Gunk Shot|p1a: Chansey\n|-damage|p1a: Chansey|66\/100 psn\n|move|p1a: Chansey|Calm Mind|p1a: Chansey\n|-boost|p1a: Chansey|spa|1\n|-boost|p1a: Chansey|spd|1\n|\n|-damage|p1a: Chansey|53\/100 psn|[from] psn\n|upkeep\n|turn|18\n|\n|t:|1699377424\n|move|p2a: pollution|Heat Wave|p1a: Chansey\n|-damage|p1a: Chansey|52\/100 psn\n|move|p1a: Chansey|Soft-Boiled|p1a: Chansey\n|-heal|p1a: Chansey|100\/100 psn\n|\n|-damage|p1a: Chansey|88\/100 psn|[from] psn\n|-sideend|p1: turtIz|move: Light Screen\n|upkeep\n|turn|19\n|\n|t:|1699377433\n|move|p2a: pollution|Heat Wave|p1a: Chansey|[miss]\n|-miss|p2a: pollution|p1a: Chansey\n|move|p1a: Chansey|Stored Power|p2a: pollution\n|-supereffective|p2a: pollution\n|-damage|p2a: pollution|0 fnt\n|faint|p2a: pollution\n|\n|-damage|p1a: Chansey|75\/100 psn|[from] psn\n|upkeep\n|-message|vexsff forfeited.\n|\n|win|turtIz\n|raw|turtIz's rating: 1077 &rarr; <strong>1104<\/strong><br \/>(+27 for winning)\n|raw|vexsff's rating: 1063 &rarr; <strong>1044<\/strong><br \/>(-19 for losing)\n|l|\u2606vexsff\n","uploadtime":1699377449,"views":5,"p1id":"turtiz","p2id":"vexsff","formatid":"gen9anythinggoes","rating":1044,"private":0,"password":""}