{"id":"gen9anythinggoes-1972072004","p1":"cutieflyforthewin","p2":"Internet rule 72","format":"[Gen 9] Anything Goes","log":"|j|\u2606cutieflyforthewin\n|j|\u2606Internet rule 72\n|t:|1697810439\n|gametype|singles\n|player|p1|cutieflyforthewin|winona|1000\n|player|p2|Internet rule 72|musician-gen9|1000\n|teamsize|p1|1\n|teamsize|p2|6\n|gen|9\n|tier|[Gen 9] Anything Goes\n|rated|\n|rule|HP Percentage Mod: HP is shown in percentages\n|rule|Endless Battle Clause: Forcing endless battles is banned\n|clearpoke\n|poke|p1|Cutiefly, M|\n|poke|p2|Ludicolo, M|\n|poke|p2|Ludicolo, F|\n|poke|p2|Ludicolo, F|\n|poke|p2|Ludicolo, M|\n|poke|p2|Sudowoodo, F|\n|poke|p2|Meloetta|\n|teampreview\n|inactive|Battle timer is ON: inactive players will automatically lose when time's up. (requested by cutieflyforthewin)\n|c|\u2606cutieflyforthewin|oh\n|c|\u2606Internet rule 72|oh\n|c|\u2606cutieflyforthewin|interresting\n|c|\u2606Internet rule 72|very\n|c|\u2606cutieflyforthewin|interesting teamngl\n|inactive|cutieflyforthewin has 120 seconds left.\n|c|\u2606cutieflyforthewin|well can you let me win bc\n|c|\u2606cutieflyforthewin|my friend made me a bet\n|inactive|cutieflyforthewin has 90 seconds left.\n|\n|t:|1697810500\n|start\n|switch|p1a: buzz?|Cutiefly, M, shiny|100\/100\n|switch|p2a: Dancer #1|Ludicolo, M|100\/100\n|turn|1\n|c|\u2606Internet rule 72|a bet to win with a single cutiefly\n|c|\u2606cutieflyforthewin|yes\n|c|\u2606Internet rule 72|is it for money\n|c|\u2606cutieflyforthewin|well i guess\n|inactive|Internet rule 72 has 120 seconds left.\n|c|\u2606Internet rule 72|alr i can do it\n|\n|t:|1697810541\n|move|p1a: buzz?|Substitute|p1a: buzz?\n|-start|p1a: buzz?|Substitute\n|-damage|p1a: buzz?|76\/100\n|move|p2a: Dancer #1|Rain Dance|p2a: Dancer #1\n|-weather|RainDance\n|\n|-weather|RainDance|[upkeep]\n|-heal|p1a: buzz?|81\/100|[from] item: Leftovers\n|upkeep\n|turn|2\n|c|\u2606cutieflyforthewin|he said he would bet something on the line\n|\n|t:|1697810552\n|move|p2a: Dancer #1|Rain Dance||[still]\n|-fail|p2a: Dancer #1\n|move|p1a: buzz?|Quiver Dance|p1a: buzz?\n|-boost|p1a: buzz?|spa|1\n|-boost|p1a: buzz?|spd|1\n|-boost|p1a: buzz?|spe|1\n|\n|-weather|RainDance|[upkeep]\n|-heal|p1a: buzz?|87\/100|[from] item: Leftovers\n|upkeep\n|turn|3\n|\n|t:|1697810557\n|move|p2a: Dancer #1|Rain Dance||[still]\n|-fail|p2a: Dancer #1\n|move|p1a: buzz?|Quiver Dance|p1a: buzz?\n|-boost|p1a: buzz?|spa|1\n|-boost|p1a: buzz?|spd|1\n|-boost|p1a: buzz?|spe|1\n|\n|-weather|RainDance|[upkeep]\n|-heal|p1a: buzz?|93\/100|[from] item: Leftovers\n|upkeep\n|turn|4\n|c|\u2606cutieflyforthewin|wait your actually give me a chance\n|\n|t:|1697810574\n|move|p1a: buzz?|Quiver Dance|p1a: buzz?\n|-boost|p1a: buzz?|spa|1\n|-boost|p1a: buzz?|spd|1\n|-boost|p1a: buzz?|spe|1\n|move|p2a: Dancer #1|Giga Drain|p1a: buzz?\n|-resisted|p1a: buzz?\n|-activate|p1a: buzz?|move: Substitute|[damage]\n|\n|-weather|RainDance|[upkeep]\n|-heal|p1a: buzz?|99\/100|[from] item: Leftovers\n|upkeep\n|turn|5\n|\n|t:|1697810587\n|move|p1a: buzz?|Quiver Dance|p1a: buzz?\n|-boost|p1a: buzz?|spa|1\n|-boost|p1a: buzz?|spd|1\n|-boost|p1a: buzz?|spe|1\n|move|p2a: Dancer #1|Giga Drain|p1a: buzz?\n|-resisted|p1a: buzz?\n|-end|p1a: buzz?|Substitute\n|\n|-weather|RainDance|[upkeep]\n|-heal|p1a: buzz?|100\/100|[from] item: Leftovers\n|upkeep\n|turn|6\n|\n|t:|1697810591\n|move|p1a: buzz?|Bug Buzz|p2a: Dancer #1\n|-supereffective|p2a: Dancer #1\n|-damage|p2a: Dancer #1|0 fnt\n|faint|p2a: Dancer #1\n|\n|-weather|RainDance|[upkeep]\n|upkeep\n|\n|t:|1697810595\n|switch|p2a: The Star|Meloetta|100\/100\n|turn|7\n|\n|t:|1697810599\n|move|p1a: buzz?|Bug Buzz|p2a: The Star\n|-supereffective|p2a: The Star\n|-damage|p2a: The Star|0 fnt\n|faint|p2a: The Star\n|\n|-weather|RainDance|[upkeep]\n|upkeep\n|\n|t:|1697810601\n|switch|p2a: The Bouncer|Sudowoodo, F|100\/100\n|turn|8\n|\n|t:|1697810606\n|-terastallize|p1a: buzz?|Steel\n|move|p2a: The Bouncer|Sucker Punch|p1a: buzz?\n|-damage|p1a: buzz?|33\/100\n|move|p1a: buzz?|Tera Blast|p2a: The Bouncer|[anim] Tera Blast Steel\n|-supereffective|p2a: The Bouncer\n|-ability|p2a: The Bouncer|Sturdy\n|-damage|p2a: The Bouncer|1\/100\n|\n|-weather|none\n|-heal|p1a: buzz?|39\/100|[from] item: Leftovers\n|upkeep\n|turn|9\n|\n|t:|1697810613\n|move|p1a: buzz?|Substitute|p1a: buzz?\n|-start|p1a: buzz?|Substitute\n|-damage|p1a: buzz?|14\/100\n|move|p2a: The Bouncer|Counter||[still]\n|-fail|p2a: The Bouncer\n|\n|-heal|p1a: buzz?|20\/100|[from] item: Leftovers\n|upkeep\n|turn|10\n|\n|t:|1697810619\n|move|p1a: buzz?|Tera Blast|p2a: The Bouncer|[anim] Tera Blast Steel\n|-supereffective|p2a: The Bouncer\n|-damage|p2a: The Bouncer|0 fnt\n|faint|p2a: The Bouncer\n|\n|-heal|p1a: buzz?|26\/100|[from] item: Leftovers\n|upkeep\n|\n|t:|1697810626\n|switch|p2a: Dancer #2|Ludicolo, F|100\/100\n|turn|11\n|\n|t:|1697810631\n|move|p1a: buzz?|Tera Blast|p2a: Dancer #2|[anim] Tera Blast Steel\n|-resisted|p2a: Dancer #2\n|-damage|p2a: Dancer #2|53\/100\n|move|p2a: Dancer #2|Rain Dance|p2a: Dancer #2\n|-weather|RainDance\n|\n|-weather|RainDance|[upkeep]\n|-heal|p1a: buzz?|32\/100|[from] item: Leftovers\n|upkeep\n|turn|12\n|\n|t:|1697810637\n|move|p1a: buzz?|Quiver Dance|p1a: buzz?\n|-boost|p1a: buzz?|spa|1\n|-boost|p1a: buzz?|spd|1\n|-boost|p1a: buzz?|spe|1\n|move|p2a: Dancer #2|Giga Drain|p1a: buzz?\n|-resisted|p1a: buzz?\n|-activate|p1a: buzz?|move: Substitute|[damage]\n|-heal|p2a: Dancer #2|58\/100|[from] drain|[of] p1a: buzz?\n|\n|-weather|RainDance|[upkeep]\n|-heal|p1a: buzz?|38\/100|[from] item: Leftovers\n|upkeep\n|turn|13\n|\n|t:|1697810646\n|move|p1a: buzz?|Bug Buzz|p2a: Dancer #2\n|-supereffective|p2a: Dancer #2\n|-crit|p2a: Dancer #2\n|-damage|p2a: Dancer #2|0 fnt\n|faint|p2a: Dancer #2\n|\n|-weather|RainDance|[upkeep]\n|-heal|p1a: buzz?|43\/100|[from] item: Leftovers\n|upkeep\n|\n|t:|1697810653\n|switch|p2a: Dancer #3|Ludicolo, F|100\/100\n|turn|14\n|\n|t:|1697810656\n|move|p1a: buzz?|Bug Buzz|p2a: Dancer #3\n|-supereffective|p2a: Dancer #3\n|-damage|p2a: Dancer #3|0 fnt\n|faint|p2a: Dancer #3\n|\n|-weather|RainDance|[upkeep]\n|-heal|p1a: buzz?|49\/100|[from] item: Leftovers\n|upkeep\n|\n|t:|1697810664\n|switch|p2a: Dancer #4|Ludicolo, M|100\/100\n|turn|15\n|\n|t:|1697810667\n|move|p1a: buzz?|Bug Buzz|p2a: Dancer #4\n|-supereffective|p2a: Dancer #4\n|-damage|p2a: Dancer #4|0 fnt\n|faint|p2a: Dancer #4\n|\n|win|cutieflyforthewin\n|raw|cutieflyforthewin's rating: 1000 &rarr; <strong>1040<\/strong><br \/>(+40 for winning)\n|raw|Internet rule 72's rating: 1000 &rarr; <strong>1000<\/strong><br \/>(+0 for losing)\n|c|\u2606cutieflyforthewin|thx dude\n|c|\u2606Internet rule 72|np\n|l|\u2606Internet rule 72\n|c|\u2606cutieflyforthewin|you gave me some hope\n","uploadtime":1697810693,"views":8,"p1id":"cutieflyforthewin","p2id":"internetrule72","formatid":"gen9anythinggoes","rating":1000,"private":0,"password":""}