{"id":"gen9anythinggoes-1999088731","p1":"Okutum","p2":"ToniMatematico","format":"[Gen 9] Anything Goes","log":"|j|\u2606Okutum\n|j|\u2606ToniMatematico\n|t:|1701031924\n|gametype|singles\n|player|p1|Okutum|medium|\n|player|p2|ToniMatematico|worker|\n|teamsize|p1|6\n|teamsize|p2|6\n|gen|9\n|tier|[Gen 9] Anything Goes\n|rule|HP Percentage Mod: HP is shown in percentages\n|rule|Endless Battle Clause: Forcing endless battles is banned\n|clearpoke\n|poke|p1|Crocalor, M|\n|poke|p1|Avalugg, M|\n|poke|p1|Scream Tail|\n|poke|p1|Iron Moth|\n|poke|p1|Sneasler, M|\n|poke|p1|Rillaboom, M|\n|poke|p2|Dragapult, F|\n|poke|p2|Talonflame, M|\n|poke|p2|Rotom-Wash|\n|poke|p2|Glaceon, M|\n|poke|p2|Toxicroak, F|\n|poke|p2|Torterra, M|\n|teampreview\n|c|\u2606Okutum|una cosa\n|c|\u2606Okutum|quieres dejar el timer o lo quitamos?\n|\n|t:|1701032020\n|start\n|switch|p1a: mono bater\u00eda|Rillaboom, M|100\/100\n|switch|p2a: Real Betis|Torterra, M, shiny|100\/100\n|-fieldstart|move: Grassy Terrain|[from] ability: Grassy Surge|[of] p1a: mono bater\u00eda\n|turn|1\n|\n|t:|1701032032\n|move|p2a: Real Betis|Protect|p2a: Real Betis\n|-singleturn|p2a: Real Betis|Protect\n|move|p1a: mono bater\u00eda|U-turn|p2a: Real Betis\n|-activate|p2a: Real Betis|move: Protect\n|\n|upkeep\n|turn|2\n|\n|t:|1701032037\n|move|p1a: mono bater\u00eda|U-turn|p2a: Real Betis\n|-supereffective|p2a: Real Betis\n|-damage|p2a: Real Betis|25\/100\n|\n|t:|1701032046\n|switch|p1a: malphite albino|Avalugg, M|100\/100|[from] U-turn\n|move|p2a: Real Betis|Earthquake|p1a: malphite albino\n|-damage|p1a: malphite albino|86\/100\n|-damage|p2a: Real Betis|15\/100|[from] item: Life Orb\n|\n|-heal|p2a: Real Betis|21\/100|[from] Grassy Terrain\n|-heal|p1a: malphite albino|92\/100|[from] Grassy Terrain\n|upkeep\n|turn|3\n|\n|t:|1701032066\n|move|p2a: Real Betis|Stone Edge|p1a: malphite albino|[miss]\n|-miss|p2a: Real Betis|p1a: malphite albino\n|move|p1a: malphite albino|Rock Slide|p2a: Real Betis\n|-resisted|p2a: Real Betis\n|-damage|p2a: Real Betis|11\/100\n|\n|-heal|p2a: Real Betis|17\/100|[from] Grassy Terrain\n|-heal|p1a: malphite albino|98\/100|[from] Grassy Terrain\n|upkeep\n|turn|4\n|\n|t:|1701032077\n|move|p2a: Real Betis|Stone Edge|p1a: malphite albino\n|-supereffective|p1a: malphite albino\n|-damage|p1a: malphite albino|61\/100\n|-damage|p2a: Real Betis|7\/100|[from] item: Life Orb\n|move|p1a: malphite albino|Ice Spinner|p2a: Real Betis\n|-supereffective|p2a: Real Betis\n|-damage|p2a: Real Betis|0 fnt\n|-fieldend|move: Grassy Terrain\n|faint|p2a: Real Betis\n|\n|upkeep\n|\n|t:|1701032087\n|switch|p2a: Voy a tutor\u00eda|Talonflame, M|100\/100\n|turn|5\n|\n|t:|1701032093\n|move|p2a: Voy a tutor\u00eda|Flare Blitz|p1a: malphite albino\n|-supereffective|p1a: malphite albino\n|-damage|p1a: malphite albino|23\/100\n|-damage|p2a: Voy a tutor\u00eda|84\/100|[from] item: Rocky Helmet|[of] p1a: malphite albino\n|-damage|p2a: Voy a tutor\u00eda|67\/100|[from] Recoil\n|move|p1a: malphite albino|Recover|p1a: malphite albino\n|-heal|p1a: malphite albino|73\/100\n|\n|-heal|p2a: Voy a tutor\u00eda|73\/100|[from] item: Leftovers\n|upkeep\n|turn|6\n|\n|t:|1701032104\n|move|p2a: Voy a tutor\u00eda|Flare Blitz|p1a: malphite albino\n|-supereffective|p1a: malphite albino\n|-damage|p1a: malphite albino|33\/100\n|-damage|p2a: Voy a tutor\u00eda|57\/100|[from] item: Rocky Helmet|[of] p1a: malphite albino\n|-damage|p2a: Voy a tutor\u00eda|39\/100|[from] Recoil\n|move|p1a: malphite albino|Recover|p1a: malphite albino\n|-heal|p1a: malphite albino|83\/100\n|\n|-heal|p2a: Voy a tutor\u00eda|45\/100|[from] item: Leftovers\n|upkeep\n|turn|7\n|\n|t:|1701032114\n|move|p2a: Voy a tutor\u00eda|Roost|p2a: Voy a tutor\u00eda\n|-heal|p2a: Voy a tutor\u00eda|95\/100\n|-singleturn|p2a: Voy a tutor\u00eda|move: Roost\n|move|p1a: malphite albino|Recover|p1a: malphite albino\n|-heal|p1a: malphite albino|100\/100\n|\n|-heal|p2a: Voy a tutor\u00eda|100\/100|[from] item: Leftovers\n|upkeep\n|turn|8\n|\n|t:|1701032131\n|move|p2a: Voy a tutor\u00eda|Flare Blitz|p1a: malphite albino\n|-supereffective|p1a: malphite albino\n|-damage|p1a: malphite albino|62\/100\n|-status|p1a: malphite albino|brn\n|-damage|p2a: Voy a tutor\u00eda|84\/100|[from] item: Rocky Helmet|[of] p1a: malphite albino\n|-damage|p2a: Voy a tutor\u00eda|67\/100|[from] Recoil\n|move|p1a: malphite albino|Rock Slide|p2a: Voy a tutor\u00eda\n|-supereffective|p2a: Voy a tutor\u00eda\n|-damage|p2a: Voy a tutor\u00eda|9\/100\n|\n|-heal|p2a: Voy a tutor\u00eda|15\/100|[from] item: Leftovers\n|-damage|p1a: malphite albino|56\/100 brn|[from] brn\n|upkeep\n|turn|9\n|\n|t:|1701032152\n|move|p2a: Voy a tutor\u00eda|Roost|p2a: Voy a tutor\u00eda\n|-heal|p2a: Voy a tutor\u00eda|65\/100\n|-singleturn|p2a: Voy a tutor\u00eda|move: Roost\n|move|p1a: malphite albino|Recover|p1a: malphite albino\n|-heal|p1a: malphite albino|100\/100 brn\n|\n|-heal|p2a: Voy a tutor\u00eda|72\/100|[from] item: Leftovers\n|-damage|p1a: malphite albino|94\/100 brn|[from] brn\n|upkeep\n|turn|10\n|\n|t:|1701032162\n|move|p2a: Voy a tutor\u00eda|Flare Blitz|p1a: malphite albino\n|-supereffective|p1a: malphite albino\n|-damage|p1a: malphite albino|56\/100 brn\n|-damage|p2a: Voy a tutor\u00eda|55\/100|[from] item: Rocky Helmet|[of] p1a: malphite albino\n|-damage|p2a: Voy a tutor\u00eda|38\/100|[from] Recoil\n|move|p1a: malphite albino|Rock Slide|p2a: Voy a tutor\u00eda\n|-supereffective|p2a: Voy a tutor\u00eda\n|-damage|p2a: Voy a tutor\u00eda|0 fnt\n|faint|p2a: Voy a tutor\u00eda\n|\n|-damage|p1a: malphite albino|50\/100 brn|[from] brn\n|upkeep\n|\n|t:|1701032181\n|switch|p2a: ToxiLloros|Toxicroak, F|100\/100\n|turn|11\n|\n|t:|1701032211\n|move|p2a: ToxiLloros|Protect|p2a: ToxiLloros\n|-singleturn|p2a: ToxiLloros|Protect\n|move|p1a: malphite albino|Recover|p1a: malphite albino\n|-heal|p1a: malphite albino|99\/100 brn\n|\n|-damage|p1a: malphite albino|94\/100 brn|[from] brn\n|upkeep\n|turn|12\n|\n|t:|1701032223\n|move|p2a: ToxiLloros|Poison Jab|p1a: malphite albino\n|-damage|p1a: malphite albino|77\/100 brn\n|-damage|p2a: ToxiLloros|84\/100|[from] item: Rocky Helmet|[of] p1a: malphite albino\n|move|p1a: malphite albino|Ice Spinner|p2a: ToxiLloros\n|-damage|p2a: ToxiLloros|59\/100\n|\n|-heal|p2a: ToxiLloros|65\/100|[from] item: Leftovers\n|-damage|p1a: malphite albino|71\/100 brn|[from] brn\n|upkeep\n|turn|13\n|\n|t:|1701032235\n|move|p2a: ToxiLloros|Thunder Punch|p1a: malphite albino\n|-damage|p1a: malphite albino|60\/100 brn\n|-damage|p2a: ToxiLloros|49\/100|[from] item: Rocky Helmet|[of] p1a: malphite albino\n|move|p1a: malphite albino|Recover|p1a: malphite albino\n|-heal|p1a: malphite albino|100\/100 brn\n|\n|-heal|p2a: ToxiLloros|55\/100|[from] item: Leftovers\n|-damage|p1a: malphite albino|94\/100 brn|[from] brn\n|upkeep\n|turn|14\n|\n|t:|1701032247\n|switch|p2a: Lavadora Rota|Rotom-Wash, shiny|100\/100\n|move|p1a: malphite albino|Ice Spinner|p2a: Lavadora Rota\n|-resisted|p2a: Lavadora Rota\n|-damage|p2a: Lavadora Rota|92\/100\n|\n|-heal|p2a: Lavadora Rota|98\/100|[from] item: Leftovers\n|-damage|p1a: malphite albino|88\/100 brn|[from] brn\n|upkeep\n|turn|15\n|\n|t:|1701032268\n|move|p2a: Lavadora Rota|Hydro Pump|p1a: malphite albino\n|-damage|p1a: malphite albino|22\/100 brn\n|move|p1a: malphite albino|Ice Spinner|p2a: Lavadora Rota\n|-resisted|p2a: Lavadora Rota\n|-damage|p2a: Lavadora Rota|91\/100\n|\n|-heal|p2a: Lavadora Rota|97\/100|[from] item: Leftovers\n|-damage|p1a: malphite albino|16\/100 brn|[from] brn\n|upkeep\n|turn|16\n|\n|t:|1701032276\n|move|p2a: Lavadora Rota|Hydro Pump|p1a: malphite albino\n|-damage|p1a: malphite albino|0 fnt\n|faint|p1a: malphite albino\n|\n|-heal|p2a: Lavadora Rota|100\/100|[from] item: Leftovers\n|upkeep\n|\n|t:|1701032279\n|switch|p1a: mono bater\u00eda|Rillaboom, M|100\/100\n|-fieldstart|move: Grassy Terrain|[from] ability: Grassy Surge|[of] p1a: mono bater\u00eda\n|turn|17\n|\n|t:|1701032305\n|switch|p2a: Fr\u00eda ignorancia|Glaceon, M|100\/100\n|move|p1a: mono bater\u00eda|Wood Hammer|p2a: Fr\u00eda ignorancia\n|-enditem|p2a: Fr\u00eda ignorancia|Focus Sash\n|-damage|p2a: Fr\u00eda ignorancia|1\/100\n|-damage|p1a: mono bater\u00eda|77\/100|[from] Recoil\n|\n|-heal|p1a: mono bater\u00eda|83\/100|[from] Grassy Terrain\n|-heal|p2a: Fr\u00eda ignorancia|7\/100|[from] Grassy Terrain\n|upkeep\n|turn|18\n|\n|t:|1701032321\n|-terastallize|p2a: Fr\u00eda ignorancia|Ice\n|move|p1a: mono bater\u00eda|Wood Hammer|p2a: Fr\u00eda ignorancia\n|-damage|p2a: Fr\u00eda ignorancia|0 fnt\n|faint|p2a: Fr\u00eda ignorancia\n|-damage|p1a: mono bater\u00eda|82\/100|[from] Recoil\n|\n|-heal|p1a: mono bater\u00eda|88\/100|[from] Grassy Terrain\n|upkeep\n|\n|t:|1701032331\n|switch|p2a: ToxiLloros|Toxicroak, F|55\/100\n|turn|19\n|\n|t:|1701032336\n|switch|p1a: el croquetas|Crocalor, M|100\/100\n|move|p2a: ToxiLloros|Toxic|p1a: el croquetas\n|-status|p1a: el croquetas|tox\n|\n|-heal|p2a: ToxiLloros|61\/100|[from] Grassy Terrain\n|-heal|p2a: ToxiLloros|67\/100|[from] item: Leftovers\n|-damage|p1a: el croquetas|94\/100 tox|[from] psn\n|upkeep\n|turn|20\n|\n|t:|1701032348\n|switch|p2a: Lavadora Rota|Rotom-Wash, shiny|100\/100\n|move|p1a: el croquetas|Will-O-Wisp|p2a: Lavadora Rota\n|-status|p2a: Lavadora Rota|brn\n|\n|-heal|p1a: el croquetas|100\/100 tox|[from] Grassy Terrain\n|-damage|p1a: el croquetas|88\/100 tox|[from] psn\n|-damage|p2a: Lavadora Rota|94\/100 brn|[from] brn\n|upkeep\n|turn|21\n|\n|t:|1701032391\n|-terastallize|p1a: el croquetas|Fairy\n|move|p2a: Lavadora Rota|Thunderbolt|p1a: el croquetas\n|-damage|p1a: el croquetas|58\/100 tox\n|move|p1a: el croquetas|Fire Spin|p2a: Lavadora Rota\n|-resisted|p2a: Lavadora Rota\n|-damage|p2a: Lavadora Rota|89\/100 brn\n|-activate|p2a: Lavadora Rota|move: Fire Spin|[of] p1a: el croquetas\n|\n|-heal|p2a: Lavadora Rota|96\/100 brn|[from] item: Leftovers\n|-heal|p1a: el croquetas|64\/100 tox|[from] Grassy Terrain\n|-damage|p1a: el croquetas|46\/100 tox|[from] psn\n|-damage|p2a: Lavadora Rota|89\/100 brn|[from] brn\n|-damage|p2a: Lavadora Rota|77\/100 brn|[from] move: Fire Spin|[partiallytrapped]\n|-fieldend|move: Grassy Terrain\n|upkeep\n|turn|22\n|\n|t:|1701032406\n|move|p2a: Lavadora Rota|Hydro Pump|p1a: el croquetas|[miss]\n|-miss|p2a: Lavadora Rota|p1a: el croquetas\n|move|p1a: el croquetas|Slack Off|p1a: el croquetas\n|-heal|p1a: el croquetas|96\/100 tox\n|\n|-heal|p2a: Lavadora Rota|83\/100 brn|[from] item: Leftovers\n|-damage|p1a: el croquetas|72\/100 tox|[from] psn\n|-damage|p2a: Lavadora Rota|77\/100 brn|[from] brn\n|-damage|p2a: Lavadora Rota|64\/100 brn|[from] move: Fire Spin|[partiallytrapped]\n|upkeep\n|turn|23\n|\n|t:|1701032418\n|move|p2a: Lavadora Rota|Hydro Pump|p1a: el croquetas\n|-damage|p1a: el croquetas|37\/100 tox\n|move|p1a: el croquetas|Slack Off|p1a: el croquetas\n|-heal|p1a: el croquetas|87\/100 tox\n|\n|-heal|p2a: Lavadora Rota|71\/100 brn|[from] item: Leftovers\n|-damage|p1a: el croquetas|57\/100 tox|[from] psn\n|-damage|p2a: Lavadora Rota|64\/100 brn|[from] brn\n|-damage|p2a: Lavadora Rota|52\/100 brn|[from] move: Fire Spin|[partiallytrapped]\n|upkeep\n|turn|24\n|\n|t:|1701032431\n|move|p2a: Lavadora Rota|Thunderbolt|p1a: el croquetas\n|-damage|p1a: el croquetas|25\/100 tox\n|move|p1a: el croquetas|Slack Off|p1a: el croquetas\n|-heal|p1a: el croquetas|75\/100 tox\n|\n|-heal|p2a: Lavadora Rota|58\/100 brn|[from] item: Leftovers\n|-damage|p1a: el croquetas|39\/100 tox|[from] psn\n|-damage|p2a: Lavadora Rota|52\/100 brn|[from] brn\n|-damage|p2a: Lavadora Rota|39\/100 brn|[from] move: Fire Spin|[partiallytrapped]\n|upkeep\n|turn|25\n|\n|t:|1701032447\n|move|p2a: Lavadora Rota|Thunderbolt|p1a: el croquetas\n|-damage|p1a: el croquetas|9\/100 tox\n|move|p1a: el croquetas|Tera Blast|p2a: Lavadora Rota|[anim] Tera Blast Fairy\n|-damage|p2a: Lavadora Rota|16\/100 brn\n|\n|-heal|p2a: Lavadora Rota|23\/100 brn|[from] item: Leftovers\n|-damage|p1a: el croquetas|0 fnt|[from] psn\n|faint|p1a: el croquetas\n|-damage|p2a: Lavadora Rota|16\/100 brn|[from] brn\n|-end|p2a: Lavadora Rota|Fire Spin|[partiallytrapped]|[silent]\n|upkeep\n|\n|t:|1701032484\n|switch|p1a: Rng plsss|Iron Moth|100\/100\n|turn|26\n|\n|t:|1701032488\n|move|p1a: Rng plsss|Fiery Dance|p2a: Lavadora Rota\n|-resisted|p2a: Lavadora Rota\n|-damage|p2a: Lavadora Rota|0 fnt\n|-boost|p1a: Rng plsss|spa|1\n|faint|p2a: Lavadora Rota\n|\n|upkeep\n|j| pepitodechocolate\n|\n|t:|1701032494\n|switch|p2a: \u00c1lgebra B\u00e1sica|Dragapult, F, shiny|100\/100\n|turn|27\n|\n|t:|1701032504\n|-end|p1a: Rng plsss|Quark Drive|[silent]\n|switch|p1a: cringe tail|Scream Tail|100\/100\n|move|p2a: \u00c1lgebra B\u00e1sica|Dragon Darts|p1a: cringe tail\n|-immune|p1a: cringe tail\n|\n|upkeep\n|turn|28\n|\n|t:|1701032518\n|switch|p2a: ToxiLloros|Toxicroak, F|67\/100\n|move|p1a: cringe tail|Ice Beam|p2a: ToxiLloros\n|-damage|p2a: ToxiLloros|43\/100\n|\n|-heal|p2a: ToxiLloros|49\/100|[from] item: Leftovers\n|upkeep\n|turn|29\n|\n|t:|1701032525\n|move|p1a: cringe tail|Psychic|p2a: ToxiLloros\n|-supereffective|p2a: ToxiLloros\n|-damage|p2a: ToxiLloros|0 fnt\n|faint|p2a: ToxiLloros\n|\n|upkeep\n|\n|t:|1701032531\n|switch|p2a: \u00c1lgebra B\u00e1sica|Dragapult, F, shiny|100\/100\n|turn|30\n|\n|t:|1701032539\n|move|p2a: \u00c1lgebra B\u00e1sica|Phantom Force||[still]\n|-prepare|p2a: \u00c1lgebra B\u00e1sica|Phantom Force\n|move|p1a: cringe tail|Ice Beam|p2a: \u00c1lgebra B\u00e1sica|[miss]\n|-miss|p1a: cringe tail|p2a: \u00c1lgebra B\u00e1sica\n|\n|upkeep\n|turn|31\n|\n|t:|1701032548\n|move|p2a: \u00c1lgebra B\u00e1sica|Phantom Force|p1a: cringe tail|[from]lockedmove\n|-supereffective|p1a: cringe tail\n|-damage|p1a: cringe tail|44\/100\n|move|p1a: cringe tail|Ice Beam|p2a: \u00c1lgebra B\u00e1sica\n|-supereffective|p2a: \u00c1lgebra B\u00e1sica\n|-damage|p2a: \u00c1lgebra B\u00e1sica|58\/100\n|\n|-heal|p1a: cringe tail|50\/100|[from] item: Leftovers\n|upkeep\n|turn|32\n|\n|t:|1701032558\n|move|p2a: \u00c1lgebra B\u00e1sica|Phantom Force||[still]\n|-prepare|p2a: \u00c1lgebra B\u00e1sica|Phantom Force\n|move|p1a: cringe tail|Ice Beam|p2a: \u00c1lgebra B\u00e1sica|[miss]\n|-miss|p1a: cringe tail|p2a: \u00c1lgebra B\u00e1sica\n|\n|-heal|p1a: cringe tail|57\/100|[from] item: Leftovers\n|upkeep\n|turn|33\n|\n|t:|1701032565\n|move|p2a: \u00c1lgebra B\u00e1sica|Phantom Force|p1a: cringe tail|[from]lockedmove\n|-supereffective|p1a: cringe tail\n|-damage|p1a: cringe tail|0 fnt\n|faint|p1a: cringe tail\n|-end|p1a: cringe tail|Protosynthesis|[silent]\n|\n|upkeep\n|\n|t:|1701032572\n|switch|p1a: mono bater\u00eda|Rillaboom, M|88\/100\n|-fieldstart|move: Grassy Terrain|[from] ability: Grassy Surge|[of] p1a: mono bater\u00eda\n|turn|34\n|\n|t:|1701032576\n|move|p2a: \u00c1lgebra B\u00e1sica|Phantom Force||[still]\n|-prepare|p2a: \u00c1lgebra B\u00e1sica|Phantom Force\n|move|p1a: mono bater\u00eda|Knock Off|p2a: \u00c1lgebra B\u00e1sica|[miss]\n|-miss|p1a: mono bater\u00eda|p2a: \u00c1lgebra B\u00e1sica\n|\n|-heal|p1a: mono bater\u00eda|94\/100|[from] Grassy Terrain\n|upkeep\n|turn|35\n|\n|t:|1701032583\n|move|p2a: \u00c1lgebra B\u00e1sica|Phantom Force|p1a: mono bater\u00eda|[from]lockedmove\n|-damage|p1a: mono bater\u00eda|58\/100\n|move|p1a: mono bater\u00eda|Knock Off|p2a: \u00c1lgebra B\u00e1sica\n|-supereffective|p2a: \u00c1lgebra B\u00e1sica\n|-damage|p2a: \u00c1lgebra B\u00e1sica|0 fnt\n|-enditem|p2a: \u00c1lgebra B\u00e1sica|Choice Scarf|[from] move: Knock Off|[of] p1a: mono bater\u00eda\n|faint|p2a: \u00c1lgebra B\u00e1sica\n|\n|win|Okutum\n","uploadtime":1701032594,"views":28,"p1id":"okutum","p2id":"tonimatematico","formatid":"gen9anythinggoes","rating":0,"private":0,"password":""}