{"id":"gen9anythinggoes-1977755972","p1":"Tomatowhale","p2":"TreBucet","format":"[Gen 9] Anything Goes","log":"|j|\u2606Tomatowhale\n|j|\u2606TreBucet\n|t:|1698445884\n|gametype|singles\n|player|p1|Tomatowhale|n|1112\n|player|p2|TreBucet|grimsley|1055\n|teamsize|p1|6\n|teamsize|p2|6\n|gen|9\n|tier|[Gen 9] Anything Goes\n|rated|\n|rule|HP Percentage Mod: HP is shown in percentages\n|rule|Endless Battle Clause: Forcing endless battles is banned\n|clearpoke\n|poke|p1|Roaring Moon|\n|poke|p1|Iron Valiant|\n|poke|p1|Samurott-Hisui, F|\n|poke|p1|Kingambit, M|\n|poke|p1|Annihilape, M|\n|poke|p1|Conkeldurr, F|\n|poke|p2|Houndstone, M|\n|poke|p2|Tyranitar, M|\n|poke|p2|Glimmora, M|\n|poke|p2|Flutter Mane|\n|poke|p2|Eternatus|\n|poke|p2|Zoroark, M|\n|teampreview\n|\n|t:|1698445894\n|start\n|switch|p1a: Conkeldurr|Conkeldurr, F|100\/100\n|switch|p2a: funny rock|Glimmora, M|100\/100\n|turn|1\n|\n|t:|1698445902\n|move|p2a: funny rock|Mortal Spin|p1a: Conkeldurr\n|-damage|p1a: Conkeldurr|92\/100\n|-status|p1a: Conkeldurr|psn\n|-damage|p2a: funny rock|90\/100|[from] item: Life Orb\n|move|p1a: Conkeldurr|Knock Off|p2a: funny rock\n|-damage|p2a: funny rock|32\/100\n|-activate|p2a: funny rock|ability: Toxic Debris\n|-sidestart|p1: Tomatowhale|move: Toxic Spikes\n|-enditem|p2a: funny rock|Life Orb|[from] move: Knock Off|[of] p1a: Conkeldurr\n|\n|-damage|p1a: Conkeldurr|80\/100 psn|[from] psn\n|upkeep\n|turn|2\n|\n|t:|1698445915\n|move|p1a: Conkeldurr|Mach Punch|p2a: funny rock\n|-damage|p2a: funny rock|0 fnt\n|-activate|p2a: funny rock|ability: Toxic Debris\n|-sidestart|p1: Tomatowhale|move: Toxic Spikes\n|faint|p2a: funny rock\n|\n|-damage|p1a: Conkeldurr|67\/100 psn|[from] psn\n|upkeep\n|\n|t:|1698445925\n|switch|p2a: hehe|Flutter Mane|100\/100\n|turn|3\n|\n|t:|1698445931\n|move|p2a: hehe|Moonblast|p1a: Conkeldurr\n|-supereffective|p1a: Conkeldurr\n|-damage|p1a: Conkeldurr|0 fnt\n|faint|p1a: Conkeldurr\n|\n|upkeep\n|\n|t:|1698445940\n|switch|p1a: Iron Valiant|Iron Valiant|100\/100\n|-status|p1a: Iron Valiant|tox\n|-enditem|p1a: Iron Valiant|Booster Energy\n|-activate|p1a: Iron Valiant|ability: Quark Drive|[fromitem]\n|-start|p1a: Iron Valiant|quarkdrivespe\n|turn|4\n|c|\u2606TreBucet|fairy is strong against fighting?\n|\n|t:|1698445950\n|move|p1a: Iron Valiant|Poison Jab|p2a: hehe\n|-damage|p2a: hehe|39\/100\n|-status|p2a: hehe|psn\n|-damage|p1a: Iron Valiant|84\/100 tox|[from] item: Rocky Helmet|[of] p2a: hehe\n|move|p2a: hehe|Mystical Fire|p1a: Iron Valiant\n|-damage|p1a: Iron Valiant|26\/100 tox\n|-unboost|p1a: Iron Valiant|spa|1\n|\n|-damage|p1a: Iron Valiant|20\/100 tox|[from] psn\n|-damage|p2a: hehe|26\/100 psn|[from] psn\n|upkeep\n|turn|5\n|\n|t:|1698445962\n|move|p1a: Iron Valiant|Poison Jab|p2a: hehe\n|-crit|p2a: hehe\n|-damage|p2a: hehe|0 fnt\n|-damage|p1a: Iron Valiant|3\/100 tox|[from] item: Rocky Helmet|[of] p2a: hehe\n|faint|p2a: hehe\n|-end|p2a: hehe|Protosynthesis|[silent]\n|\n|-damage|p1a: Iron Valiant|0 fnt|[from] psn\n|faint|p1a: Iron Valiant\n|-end|p1a: Iron Valiant|Quark Drive|[silent]\n|upkeep\n|\n|t:|1698445973\n|switch|p2a: the hound|Houndstone, M|100\/100\n|switch|p1a: Samurott|Samurott-Hisui, F|100\/100\n|-status|p1a: Samurott|tox\n|turn|6\n|\n|t:|1698445983\n|move|p2a: the hound|Psychic|p1a: Samurott\n|-immune|p1a: Samurott\n|move|p1a: Samurott|Ceaseless Edge|p2a: the hound\n|-resisted|p2a: the hound\n|-damage|p2a: the hound|44\/100\n|replace|p2a: uh oh|Zoroark, M\n|-end|p2a: uh oh|Illusion\n|-sidestart|p2: TreBucet|Spikes\n|-damage|p1a: Samurott|91\/100 tox|[from] item: Life Orb\n|\n|-damage|p1a: Samurott|84\/100 tox|[from] psn\n|upkeep\n|turn|7\n|\n|t:|1698445995\n|move|p1a: Samurott|Sacred Sword|p2a: uh oh\n|-supereffective|p2a: uh oh\n|-damage|p2a: uh oh|0 fnt\n|faint|p2a: uh oh\n|-damage|p1a: Samurott|74\/100 tox|[from] item: Life Orb\n|\n|-damage|p1a: Samurott|62\/100 tox|[from] psn\n|upkeep\n|\n|t:|1698446002\n|switch|p2a: big man|Tyranitar, M|100\/100\n|-damage|p2a: big man|88\/100|[from] Spikes\n|-weather|Sandstorm|[from] ability: Sand Stream|[of] p2a: big man\n|turn|8\n|\n|t:|1698446009\n|switch|p2a: the hound|Houndstone, M|100\/100\n|-damage|p2a: the hound|88\/100|[from] Spikes\n|move|p1a: Samurott|Sacred Sword|p2a: the hound\n|-immune|p2a: the hound\n|\n|-weather|Sandstorm|[upkeep]\n|-damage|p1a: Samurott|56\/100 tox|[from] Sandstorm\n|-damage|p1a: Samurott|37\/100 tox|[from] psn\n|upkeep\n|turn|9\n|\n|t:|1698446020\n|-terastallize|p2a: the hound|Normal\n|move|p2a: the hound|Last Respects|p1a: Samurott\n|-resisted|p1a: Samurott\n|-damage|p1a: Samurott|0 fnt\n|faint|p1a: Samurott\n|\n|-weather|Sandstorm|[upkeep]\n|upkeep\n|\n|t:|1698446028\n|switch|p1a: Annihilape|Annihilape, M|100\/100\n|-status|p1a: Annihilape|tox\n|turn|10\n|\n|t:|1698446033\n|move|p2a: the hound|Last Respects|p1a: Annihilape\n|-supereffective|p1a: Annihilape\n|-damage|p1a: Annihilape|0 fnt\n|faint|p1a: Annihilape\n|\n|-weather|Sandstorm|[upkeep]\n|upkeep\n|\n|t:|1698446040\n|switch|p1a: Roaring Moon|Roaring Moon|100\/100\n|-status|p1a: Roaring Moon|tox\n|-enditem|p1a: Roaring Moon|Booster Energy\n|-activate|p1a: Roaring Moon|ability: Protosynthesis|[fromitem]\n|-start|p1a: Roaring Moon|protosynthesisatk\n|turn|11\n|\n|t:|1698446051\n|move|p2a: the hound|Last Respects|p1a: Roaring Moon\n|-resisted|p1a: Roaring Moon\n|-damage|p1a: Roaring Moon|40\/100 tox\n|move|p1a: Roaring Moon|Knock Off|p2a: the hound\n|-damage|p2a: the hound|4\/100\n|-enditem|p2a: the hound|Choice Scarf|[from] move: Knock Off|[of] p1a: Roaring Moon\n|\n|-weather|Sandstorm|[upkeep]\n|-damage|p1a: Roaring Moon|34\/100 tox|[from] Sandstorm\n|-damage|p1a: Roaring Moon|28\/100 tox|[from] psn\n|upkeep\n|turn|12\n|\n|t:|1698446062\n|move|p2a: the hound|Last Respects|p1a: Roaring Moon\n|-resisted|p1a: Roaring Moon\n|-damage|p1a: Roaring Moon|0 fnt\n|faint|p1a: Roaring Moon\n|-end|p1a: Roaring Moon|Protosynthesis|[silent]\n|\n|-weather|none\n|upkeep\n|\n|t:|1698446086\n|switch|p1a: Kingambit|Kingambit, M|100\/100\n|-activate|p1a: Kingambit|ability: Supreme Overlord\n|-start|p1a: Kingambit|fallen5|[silent]\n|turn|13\n|\n|t:|1698446095\n|move|p2a: the hound|Play Rough|p1a: Kingambit\n|-damage|p1a: Kingambit|82\/100\n|move|p1a: Kingambit|Kowtow Cleave|p2a: the hound\n|-damage|p2a: the hound|0 fnt\n|faint|p2a: the hound\n|\n|upkeep\n|\n|t:|1698446104\n|switch|p2a: big man|Tyranitar, M|88\/100\n|-damage|p2a: big man|76\/100|[from] Spikes\n|-weather|Sandstorm|[from] ability: Sand Stream|[of] p2a: big man\n|turn|14\n|\n|t:|1698446110\n|move|p2a: big man|Brick Break|p1a: Kingambit\n|-supereffective|p1a: Kingambit\n|-damage|p1a: Kingambit|0 fnt\n|faint|p1a: Kingambit\n|-end|p1a: Kingambit|fallen5|[silent]\n|\n|win|TreBucet\n|raw|Tomatowhale's rating: 1112 &rarr; <strong>1083<\/strong><br \/>(-29 for losing)\n|raw|TreBucet's rating: 1055 &rarr; <strong>1092<\/strong><br \/>(+37 for winning)\n|c|\u2606TreBucet|ggwp\n|c|\u2606Tomatowhale|Imagine\n|l|\u2606Tomatowhale\n|c|\u2606TreBucet|??\n|c|\u2606TreBucet|ok\n","uploadtime":1698446131,"views":4,"p1id":"tomatowhale","p2id":"trebucet","formatid":"gen9anythinggoes","rating":1083,"private":0,"password":""}