{"id":"gen9anythinggoes-1978060233","p1":"Naeval_Eco","p2":"hhlw","format":"[Gen 9] Anything Goes","log":"|j|\u2606Naeval_Eco\n|j|\u2606hhlw\n|t:|1698493148\n|gametype|singles\n|player|p1|Naeval_Eco|iris-gen5bw2|\n|player|p2|hhlw|acetrainerf|\n|teamsize|p1|6\n|teamsize|p2|6\n|gen|9\n|tier|[Gen 9] Anything Goes\n|rule|HP Percentage Mod: HP is shown in percentages\n|rule|Endless Battle Clause: Forcing endless battles is banned\n|clearpoke\n|poke|p1|Polteageist|\n|poke|p1|Dragapult, F|\n|poke|p1|Maushold|\n|poke|p1|Furret, F|\n|poke|p1|Masquerain, M|\n|poke|p1|Glimmora, M|\n|poke|p2|Corviknight, M|\n|poke|p2|Slither Wing|\n|poke|p2|Leafeon, M|\n|poke|p2|Gothitelle, M|\n|poke|p2|Cinderace, M|\n|poke|p2|Roaring Moon|\n|teampreview\n|inactive|Battle timer is ON: inactive players will automatically lose when time's up. (requested by Naeval_Eco)\n|\n|t:|1698493160\n|start\n|switch|p1a: Maushold|Maushold|100\/100\n|switch|p2a: Cinderace|Cinderace, M|100\/100\n|turn|1\n|\n|t:|1698493171\n|-terastallize|p2a: Cinderace|Fire\n|move|p1a: Maushold|Chilling Water|p2a: Cinderace\n|-supereffective|p2a: Cinderace\n|-damage|p2a: Cinderace|60\/100\n|-unboost|p2a: Cinderace|atk|1\n|move|p2a: Cinderace|Fire Blast|p1a: Maushold\n|-damage|p1a: Maushold|43\/100\n|\n|-heal|p1a: Maushold|49\/100|[from] item: Leftovers\n|upkeep\n|turn|2\n|\n|t:|1698493185\n|move|p1a: Maushold|Population Bomb|p2a: Cinderace|[miss]\n|-miss|p1a: Maushold|p2a: Cinderace\n|move|p2a: Cinderace|Double-Edge|p1a: Maushold\n|-damage|p1a: Maushold|9\/100\n|-damage|p2a: Cinderace|49\/100|[from] Recoil\n|\n|-heal|p1a: Maushold|15\/100|[from] item: Leftovers\n|upkeep\n|turn|3\n|\n|t:|1698493197\n|move|p1a: Maushold|Population Bomb|p2a: Cinderace\n|-damage|p2a: Cinderace|38\/100\n|-damage|p2a: Cinderace|27\/100\n|-damage|p2a: Cinderace|16\/100\n|-damage|p2a: Cinderace|5\/100\n|-damage|p2a: Cinderace|0 fnt\n|faint|p2a: Cinderace\n|-hitcount|p2: Cinderace|5\n|\n|-heal|p1a: Maushold|22\/100|[from] item: Leftovers\n|upkeep\n|\n|t:|1698493210\n|switch|p2a: Leafeon|Leafeon, M, shiny|100\/100\n|turn|4\n|\n|t:|1698493216\n|move|p1a: Maushold|Population Bomb|p2a: Leafeon\n|-damage|p2a: Leafeon|91\/100\n|-hitcount|p2a: Leafeon|1\n|move|p2a: Leafeon|Grass Knot|p1a: Maushold\n|-damage|p1a: Maushold|14\/100\n|\n|-heal|p1a: Maushold|20\/100|[from] item: Leftovers\n|upkeep\n|turn|5\n|\n|t:|1698493226\n|move|p2a: Leafeon|Protect|p2a: Leafeon\n|-singleturn|p2a: Leafeon|Protect\n|move|p1a: Maushold|Tidy Up|p1a: Maushold\n|-boost|p1a: Maushold|atk|1\n|-boost|p1a: Maushold|spe|1\n|\n|-heal|p1a: Maushold|26\/100|[from] item: Leftovers\n|upkeep\n|turn|6\n|\n|t:|1698493240\n|move|p1a: Maushold|Tidy Up|p1a: Maushold\n|-boost|p1a: Maushold|atk|1\n|-boost|p1a: Maushold|spe|1\n|move|p2a: Leafeon|Leaf Storm|p1a: Maushold\n|-damage|p1a: Maushold|0 fnt\n|-unboost|p2a: Leafeon|spa|2\n|faint|p1a: Maushold\n|\n|upkeep\n|\n|t:|1698493255\n|switch|p1a: Masquerain|Masquerain, M|100\/100\n|-ability|p1a: Masquerain|Intimidate|boost\n|-unboost|p2a: Leafeon|atk|1\n|turn|7\n|\n|t:|1698493278\n|switch|p2a: Corviknight|Corviknight, M, shiny|100\/100\n|-ability|p2a: Corviknight|Pressure\n|move|p1a: Masquerain|Sticky Web|p2a: Corviknight\n|-sidestart|p2: hhlw|move: Sticky Web\n|\n|upkeep\n|turn|8\n|\n|t:|1698493288\n|move|p2a: Corviknight|Sky Attack||[still]\n|-prepare|p2a: Corviknight|Sky Attack\n|move|p1a: Masquerain|Whirlwind|p2a: Corviknight\n|drag|p2a: Gothitelle|Gothitelle, M, shiny|100\/100\n|-activate|p2a: Gothitelle|move: Sticky Web\n|-unboost|p2a: Gothitelle|spe|1\n|-item|p1a: Masquerain|Focus Sash|[from] ability: Frisk|[of] p2a: Gothitelle|[identify]\n|\n|upkeep\n|turn|9\n|\n|t:|1698493300\n|move|p1a: Masquerain|Quiver Dance|p1a: Masquerain\n|-boost|p1a: Masquerain|spa|1\n|-boost|p1a: Masquerain|spd|1\n|-boost|p1a: Masquerain|spe|1\n|move|p2a: Gothitelle|Foul Play|p1a: Masquerain\n|-damage|p1a: Masquerain|84\/100\n|\n|upkeep\n|turn|10\n|\n|t:|1698493309\n|move|p1a: Masquerain|Bug Buzz|p2a: Gothitelle\n|-supereffective|p2a: Gothitelle\n|-damage|p2a: Gothitelle|9\/100\n|move|p2a: Gothitelle|Facade|p1a: Masquerain\n|-damage|p1a: Masquerain|63\/100\n|\n|upkeep\n|turn|11\n|\n|t:|1698493319\n|switch|p2a: Corviknight|Corviknight, M, shiny|100\/100\n|-ability|p2a: Corviknight|Pressure\n|move|p1a: Masquerain|Bug Buzz|p2a: Corviknight\n|-resisted|p2a: Corviknight\n|-damage|p2a: Corviknight|89\/100\n|\n|upkeep\n|turn|12\n|\n|t:|1698493331\n|move|p2a: Corviknight|Sky Attack||[still]\n|-prepare|p2a: Corviknight|Sky Attack\n|move|p1a: Masquerain|Whirlwind|p2a: Corviknight\n|drag|p2a: Roaring Moon|Roaring Moon|100\/100\n|-activate|p2a: Roaring Moon|move: Sticky Web\n|-unboost|p2a: Roaring Moon|spe|1\n|\n|upkeep\n|turn|13\n|\n|t:|1698493341\n|move|p1a: Masquerain|Bug Buzz|p2a: Roaring Moon\n|-supereffective|p2a: Roaring Moon\n|-damage|p2a: Roaring Moon|22\/100\n|-enditem|p2a: Roaring Moon|Aguav Berry|[eat]\n|-heal|p2a: Roaring Moon|55\/100|[from] item: Aguav Berry\n|move|p2a: Roaring Moon|Double-Edge|p1a: Masquerain\n|-damage|p1a: Masquerain|0 fnt\n|faint|p1a: Masquerain\n|-damage|p2a: Roaring Moon|38\/100|[from] Recoil\n|\n|upkeep\n|\n|t:|1698493355\n|switch|p1a: Polteageist|Polteageist|100\/100\n|turn|14\n|\n|t:|1698493372\n|-end|p2a: Roaring Moon|Protosynthesis|[silent]\n|switch|p2a: Slither Wing|Slither Wing|100\/100\n|-activate|p2a: Slither Wing|move: Sticky Web\n|-unboost|p2a: Slither Wing|spe|1\n|move|p1a: Polteageist|Shell Smash|p1a: Polteageist\n|-unboost|p1a: Polteageist|def|1\n|-unboost|p1a: Polteageist|spd|1\n|-boost|p1a: Polteageist|atk|2\n|-boost|p1a: Polteageist|spa|2\n|-boost|p1a: Polteageist|spe|2\n|-enditem|p1a: Polteageist|White Herb\n|-clearnegativeboost|p1a: Polteageist|[silent]\n|\n|upkeep\n|turn|15\n|\n|t:|1698493386\n|move|p1a: Polteageist|Psychic|p2a: Slither Wing\n|-supereffective|p2a: Slither Wing\n|-damage|p2a: Slither Wing|0 fnt\n|faint|p2a: Slither Wing\n|-end|p2a: Slither Wing|Protosynthesis|[silent]\n|\n|upkeep\n|\n|t:|1698493393\n|switch|p2a: Leafeon|Leafeon, M, shiny|91\/100\n|-activate|p2a: Leafeon|move: Sticky Web\n|-unboost|p2a: Leafeon|spe|1\n|turn|16\n|\n|t:|1698493401\n|move|p1a: Polteageist|Shadow Ball|p2a: Leafeon\n|-damage|p2a: Leafeon|0 fnt\n|faint|p2a: Leafeon\n|\n|upkeep\n|\n|t:|1698493410\n|switch|p2a: Corviknight|Corviknight, M, shiny|89\/100\n|-ability|p2a: Corviknight|Pressure\n|turn|17\n|\n|t:|1698493425\n|move|p1a: Polteageist|Shadow Ball|p2a: Corviknight\n|-damage|p2a: Corviknight|9\/100\n|move|p2a: Corviknight|Sky Attack||[still]\n|-prepare|p2a: Corviknight|Sky Attack\n|\n|upkeep\n|turn|18\n|\n|t:|1698493433\n|move|p1a: Polteageist|Shadow Ball|p2a: Corviknight\n|-damage|p2a: Corviknight|0 fnt\n|faint|p2a: Corviknight\n|\n|upkeep\n|\n|t:|1698493446\n|switch|p2a: Roaring Moon|Roaring Moon|38\/100\n|-activate|p2a: Roaring Moon|move: Sticky Web\n|-unboost|p2a: Roaring Moon|spe|1\n|turn|19\n|\n|t:|1698493455\n|move|p1a: Polteageist|Dark Pulse|p2a: Roaring Moon\n|-resisted|p2a: Roaring Moon\n|-damage|p2a: Roaring Moon|14\/100\n|move|p2a: Roaring Moon|Double-Edge|p1a: Polteageist\n|-immune|p1a: Polteageist\n|\n|upkeep\n|turn|20\n|\n|t:|1698493463\n|move|p1a: Polteageist|Dark Pulse|p2a: Roaring Moon\n|-resisted|p2a: Roaring Moon\n|-damage|p2a: Roaring Moon|0 fnt\n|faint|p2a: Roaring Moon\n|-end|p2a: Roaring Moon|Protosynthesis|[silent]\n|\n|upkeep\n|\n|t:|1698493468\n|switch|p2a: Gothitelle|Gothitelle, M, shiny|9\/100\n|-activate|p2a: Gothitelle|move: Sticky Web\n|-unboost|p2a: Gothitelle|spe|1\n|turn|21\n|\n|t:|1698493474\n|move|p1a: Polteageist|Dark Pulse|p2a: Gothitelle\n|-supereffective|p2a: Gothitelle\n|-damage|p2a: Gothitelle|0 fnt\n|faint|p2a: Gothitelle\n|\n|win|Naeval_Eco\n","uploadtime":1698493484,"views":11,"p1id":"naevaleco","p2id":"hhlw","formatid":"gen9anythinggoes","rating":0,"private":0,"password":""}