{"id":"gen9anythinggoes-1971750437","p1":"Rowan_Rocket","p2":"DexTrainerRed","format":"[Gen 9] Anything Goes","log":"|j|\u2606Rowan_Rocket\n|j|\u2606DexTrainerRed\n|t:|1697767944\n|gametype|singles\n|player|p1|Rowan_Rocket|rocketgrunt|1111\n|player|p2|DexTrainerRed|ash-kalos|1146\n|teamsize|p1|6\n|teamsize|p2|6\n|gen|9\n|tier|[Gen 9] Anything Goes\n|rated|\n|rule|HP Percentage Mod: HP is shown in percentages\n|rule|Endless Battle Clause: Forcing endless battles is banned\n|clearpoke\n|poke|p1|Farigiraf, M|\n|poke|p1|Wyrdeer, M|\n|poke|p1|Ursaluna, F|\n|poke|p1|Grafaiai, M|\n|poke|p1|Zoroark-Hisui, M|\n|poke|p1|Ambipom, F|\n|poke|p2|Infernape, M|\n|poke|p2|Staraptor, M|\n|poke|p2|Torterra, M|\n|poke|p2|Empoleon, M|\n|poke|p2|Gliscor, M|\n|poke|p2|Pikachu, M|\n|teampreview\n|inactive|Battle timer is ON: inactive players will automatically lose when time's up. (requested by DexTrainerRed)\n|\n|t:|1697767953\n|start\n|switch|p1a: Grafaiai|Grafaiai, M|100\/100\n|switch|p2a: Infernape|Infernape, M|100\/100\n|turn|1\n|\n|t:|1697767969\n|move|p1a: Grafaiai|Poison Jab|p2a: Infernape\n|-damage|p2a: Infernape|48\/100\n|move|p2a: Infernape|Nasty Plot|p2a: Infernape\n|-boost|p2a: Infernape|spa|2\n|\n|upkeep\n|turn|2\n|\n|t:|1697767979\n|move|p1a: Grafaiai|Encore|p2a: Infernape\n|-start|p2a: Infernape|Encore\n|move|p2a: Infernape|Nasty Plot|p2a: Infernape\n|-boost|p2a: Infernape|spa|2\n|\n|upkeep\n|turn|3\n|\n|t:|1697767986\n|switch|p2a: Gliscor|Gliscor, M|100\/100\n|move|p1a: Grafaiai|Poison Jab|p2a: Gliscor\n|-resisted|p2a: Gliscor\n|-damage|p2a: Gliscor|85\/100\n|\n|-status|p2a: Gliscor|tox|[from] item: Toxic Orb\n|upkeep\n|turn|4\n|\n|t:|1697767994\n|move|p1a: Grafaiai|Parting Shot|p2a: Gliscor\n|-unboost|p2a: Gliscor|atk|1\n|-unboost|p2a: Gliscor|spa|1\n|\n|t:|1697767999\n|switch|p1a: Ursaluna|Ursaluna, F|100\/100|[from] Parting Shot\n|move|p2a: Gliscor|Earthquake|p1a: Ursaluna\n|-damage|p1a: Ursaluna|78\/100\n|\n|-heal|p2a: Gliscor|98\/100 tox|[from] ability: Poison Heal\n|-status|p1a: Ursaluna|brn|[from] item: Flame Orb\n|upkeep\n|turn|5\n|\n|t:|1697768022\n|move|p2a: Gliscor|Earthquake|p1a: Ursaluna\n|-damage|p1a: Ursaluna|54\/100 brn\n|move|p1a: Ursaluna|Facade|p2a: Gliscor\n|-damage|p2a: Gliscor|0 fnt\n|faint|p2a: Gliscor\n|\n|-damage|p1a: Ursaluna|48\/100 brn|[from] brn\n|upkeep\n|\n|t:|1697768031\n|switch|p2a: Infernape|Infernape, M|48\/100\n|turn|6\n|\n|t:|1697768038\n|move|p2a: Infernape|Aura Sphere|p1a: Ursaluna\n|-supereffective|p1a: Ursaluna\n|-damage|p1a: Ursaluna|0 fnt\n|faint|p1a: Ursaluna\n|\n|upkeep\n|\n|t:|1697768050\n|switch|p1a: Farigiraf|Farigiraf, M|100\/100\n|turn|7\n|\n|t:|1697768053\n|move|p2a: Infernape|Aura Sphere|p1a: Farigiraf\n|-damage|p1a: Farigiraf|62\/100\n|move|p1a: Farigiraf|Twin Beam|p2a: Infernape\n|-supereffective|p2a: Infernape\n|-damage|p2a: Infernape|0 fnt\n|faint|p2a: Infernape\n|-hitcount|p2: Infernape|1\n|\n|upkeep\n|\n|t:|1697768064\n|switch|p2a: Torterra|Torterra, M|100\/100\n|turn|8\n|\n|t:|1697768092\n|move|p2a: Torterra|Shell Smash|p2a: Torterra\n|-unboost|p2a: Torterra|def|1\n|-unboost|p2a: Torterra|spd|1\n|-boost|p2a: Torterra|atk|2\n|-boost|p2a: Torterra|spa|2\n|-boost|p2a: Torterra|spe|2\n|-enditem|p2a: Torterra|White Herb\n|-clearnegativeboost|p2a: Torterra|[silent]\n|move|p1a: Farigiraf|Baton Pass|p1a: Farigiraf\n|\n|t:|1697768100\n|switch|p1a: Grafaiai|Grafaiai, M|100\/100|[from] Baton Pass\n|\n|upkeep\n|turn|9\n|inactive|Rowan_Rocket has 120 seconds left.\n|inactive|DexTrainerRed has 120 seconds left.\n|inactive|DexTrainerRed has 90 seconds left.\n|\n|t:|1697768168\n|move|p1a: Grafaiai|Encore|p2a: Torterra\n|-start|p2a: Torterra|Encore\n|move|p2a: Torterra|Shell Smash|p2a: Torterra\n|-unboost|p2a: Torterra|def|1\n|-unboost|p2a: Torterra|spd|1\n|-boost|p2a: Torterra|atk|2\n|-boost|p2a: Torterra|spa|2\n|-boost|p2a: Torterra|spe|2\n|\n|upkeep\n|turn|10\n|inactive|DexTrainerRed has 90 seconds left.\n|inactive|Rowan_Rocket has 120 seconds left.\n|\n|t:|1697768180\n|move|p1a: Grafaiai|Switcheroo|p2a: Torterra\n|-activate|p1a: Grafaiai|move: Trick|[of] p2a: Torterra\n|-item|p2a: Torterra|Black Sludge|[from] move: Switcheroo\n|-enditem|p1a: Grafaiai|Black Sludge|[silent]|[from] move: Switcheroo\n|move|p2a: Torterra|Shell Smash|p2a: Torterra\n|-unboost|p2a: Torterra|def|1\n|-unboost|p2a: Torterra|spd|1\n|-boost|p2a: Torterra|atk|2\n|-boost|p2a: Torterra|spa|2\n|-boost|p2a: Torterra|spe|2\n|\n|-damage|p2a: Torterra|88\/100|[from] item: Black Sludge\n|upkeep\n|turn|11\n|inactive|Rowan_Rocket has 120 seconds left.\n|\n|t:|1697768190\n|move|p2a: Torterra|Shell Smash|p2a: Torterra\n|-unboost|p2a: Torterra|def|1\n|-unboost|p2a: Torterra|spd|1\n|-boost|p2a: Torterra|atk|0\n|-boost|p2a: Torterra|spa|0\n|-boost|p2a: Torterra|spe|0\n|move|p1a: Grafaiai|Poison Jab|p2a: Torterra\n|-damage|p2a: Torterra|0 fnt\n|faint|p2a: Torterra\n|\n|upkeep\n|\n|t:|1697768199\n|switch|p2a: Empoleon|Empoleon, M|100\/100\n|turn|12\n|\n|t:|1697768203\n|move|p1a: Grafaiai|Switcheroo|p2a: Empoleon\n|-activate|p1a: Grafaiai|move: Trick|[of] p2a: Empoleon\n|-enditem|p2a: Empoleon|Life Orb|[silent]|[from] move: Switcheroo\n|-item|p1a: Grafaiai|Life Orb|[from] move: Switcheroo\n|move|p2a: Empoleon|Hydro Pump|p1a: Grafaiai\n|-damage|p1a: Grafaiai|11\/100\n|\n|upkeep\n|turn|13\n|\n|t:|1697768228\n|switch|p1a: Ambipom|Ambipom, F|100\/100\n|move|p2a: Empoleon|Ice Beam|p1a: Ambipom\n|-damage|p1a: Ambipom|54\/100\n|\n|upkeep\n|turn|14\n|\n|t:|1697768237\n|move|p1a: Ambipom|Fake Out|p2a: Empoleon\n|-enditem|p1a: Ambipom|Normal Gem|[from] gem\n|-resisted|p2a: Empoleon\n|-damage|p2a: Empoleon|81\/100\n|cant|p2a: Empoleon|flinch\n|\n|upkeep\n|turn|15\n|\n|t:|1697768247\n|move|p1a: Ambipom|Trailblaze|p2a: Empoleon\n|-damage|p2a: Empoleon|55\/100\n|-boost|p1a: Ambipom|spe|1\n|move|p2a: Empoleon|Agility|p2a: Empoleon\n|-boost|p2a: Empoleon|spe|2\n|\n|upkeep\n|turn|16\n|\n|t:|1697768256\n|move|p1a: Ambipom|Trailblaze|p2a: Empoleon\n|-damage|p2a: Empoleon|28\/100\n|-boost|p1a: Ambipom|spe|1\n|move|p2a: Empoleon|Ice Beam|p1a: Ambipom\n|-damage|p1a: Ambipom|2\/100\n|\n|upkeep\n|turn|17\n|\n|t:|1697768265\n|move|p1a: Ambipom|Trailblaze|p2a: Empoleon\n|-damage|p2a: Empoleon|2\/100\n|-boost|p1a: Ambipom|spe|1\n|move|p2a: Empoleon|Grass Knot|p1a: Ambipom\n|-damage|p1a: Ambipom|0 fnt\n|faint|p1a: Ambipom\n|\n|upkeep\n|\n|t:|1697768274\n|switch|p1a: Grafaiai|Grafaiai, M|100\/100\n|turn|18\n|\n|t:|1697768282\n|move|p2a: Empoleon|Hydro Pump|p1a: Grafaiai\n|-enditem|p1a: Grafaiai|Focus Sash\n|-damage|p1a: Grafaiai|1\/100\n|replace|p1a: Zoroark|Zoroark-Hisui, M\n|-end|p1a: Zoroark|Illusion\n|move|p1a: Zoroark|Hyper Voice|p2a: Empoleon\n|-resisted|p2a: Empoleon\n|-damage|p2a: Empoleon|0 fnt\n|faint|p2a: Empoleon\n|\n|upkeep\n|\n|t:|1697768291\n|switch|p2a: Pikachu|Pikachu, M|100\/100\n|turn|19\n|\n|t:|1697768296\n|switch|p1a: Farigiraf|Farigiraf, M|62\/100\n|move|p2a: Pikachu|Thunderbolt|p1a: Farigiraf\n|-damage|p1a: Farigiraf|9\/100\n|\n|upkeep\n|turn|20\n|\n|t:|1697768304\n|move|p2a: Pikachu|Thunderbolt|p1a: Farigiraf\n|-damage|p1a: Farigiraf|0 fnt\n|faint|p1a: Farigiraf\n|\n|upkeep\n|\n|t:|1697768317\n|switch|p1a: Wyrdeer|Wyrdeer, M|100\/100\n|turn|21\n|\n|t:|1697768326\n|move|p2a: Pikachu|Thunder|p1a: Wyrdeer\n|-damage|p1a: Wyrdeer|44\/100\n|-status|p1a: Wyrdeer|par\n|cant|p1a: Wyrdeer|par\n|\n|-heal|p1a: Wyrdeer|50\/100 par|[from] item: Leftovers\n|upkeep\n|turn|22\n|\n|t:|1697768336\n|move|p2a: Pikachu|Volt Tackle|p1a: Wyrdeer\n|-damage|p1a: Wyrdeer|9\/100 par\n|-damage|p2a: Pikachu|78\/100|[from] Recoil\n|move|p1a: Wyrdeer|Psyshield Bash|p2a: Pikachu\n|-damage|p2a: Pikachu|0 fnt\n|-boost|p1a: Wyrdeer|def|1\n|faint|p2a: Pikachu\n|\n|-heal|p1a: Wyrdeer|15\/100 par|[from] item: Leftovers\n|upkeep\n|\n|t:|1697768345\n|switch|p2a: Staraptor|Staraptor, M|100\/100\n|turn|23\n|\n|t:|1697768351\n|move|p2a: Staraptor|U-turn|p1a: Wyrdeer\n|-supereffective|p1a: Wyrdeer\n|-damage|p1a: Wyrdeer|0 fnt\n|faint|p1a: Wyrdeer\n|\n|upkeep\n|\n|t:|1697768358\n|switch|p1a: Grafaiai|Grafaiai, M|1\/100\n|turn|24\n|\n|t:|1697768368\n|-terastallize|p1a: Grafaiai|Normal\n|move|p1a: Grafaiai|Hyper Voice|p2a: Staraptor\n|-damage|p2a: Staraptor|7\/100\n|move|p2a: Staraptor|U-turn|p1a: Grafaiai\n|-damage|p1a: Grafaiai|0 fnt\n|replace|p1a: Zoroark|Zoroark-Hisui, M\n|-end|p1a: Zoroark|Illusion\n|faint|p1a: Zoroark\n|\n|upkeep\n|\n|t:|1697768380\n|switch|p1a: Grafaiai|Grafaiai, M|11\/100\n|turn|25\n|\n|t:|1697768395\n|move|p1a: Grafaiai|Poison Jab|p2a: Staraptor\n|-damage|p2a: Staraptor|0 fnt\n|faint|p2a: Staraptor\n|-damage|p1a: Grafaiai|1\/100|[from] item: Life Orb\n|\n|win|Rowan_Rocket\n|raw|Rowan_Rocket's rating: 1111 &rarr; <strong>1139<\/strong><br \/>(+28 for winning)\n|raw|DexTrainerRed's rating: 1146 &rarr; <strong>1118<\/strong><br \/>(-28 for losing)\n","uploadtime":1697768402,"views":8,"p1id":"rowanrocket","p2id":"dextrainerred","formatid":"gen9anythinggoes","rating":1118,"private":0,"password":""}