{"id":"gen9anythinggoes-1997109798","p1":"baum1","p2":"Roggi","format":"[Gen 9] Anything Goes","log":"|j|\u2606baum1\n|j|\u2606Roggi\n|t:|1700765476\n|gametype|singles\n|player|p1|baum1|102|\n|player|p2|Roggi|roughneck-gen4|\n|teamsize|p1|6\n|teamsize|p2|6\n|gen|9\n|tier|[Gen 9] Anything Goes\n|rule|HP Percentage Mod: HP is shown in percentages\n|rule|Endless Battle Clause: Forcing endless battles is banned\n|clearpoke\n|poke|p1|Shaymin|\n|poke|p1|Okidogi, M|\n|poke|p1|Greninja-*, F|\n|poke|p1|Iron Moth|\n|poke|p1|Scizor, F|\n|poke|p1|Meloetta|\n|poke|p2|Kilowattrel, M|\n|poke|p2|Goodra, F|\n|poke|p2|Pelipper, F|\n|poke|p2|Forretress, F|\n|poke|p2|Manaphy|\n|poke|p2|Quagsire, M|\n|teampreview\n|c|\u2606Roggi|danke dir\n|c|\u2606Roggi|hf\n|c|\u2606baum1|oh\n|c|\u2606baum1|haha\n|c|\u2606baum1|merke gerade was\n|c|\u2606baum1|egal\n|c|\u2606Roggi|wasn\n|c|\u2606Roggi|ists wichtig?\n|c|\u2606baum1|Nix, alles gut\n|c|\u2606Roggi|okay okay\n|\n|t:|1700765557\n|start\n|switch|p1a: Meloetta|Meloetta|100\/100\n|switch|p2a: Bob|Quagsire, M|100\/100\n|turn|1\n|j| Lucario0000\n|j| Roy SPL\n|\n|t:|1700765622\n|move|p1a: Meloetta|U-turn|p2a: Bob\n|-damage|p2a: Bob|89\/100\n|\n|t:|1700765628\n|switch|p1a: Shaymin|Shaymin|100\/100|[from] U-turn\n|move|p2a: Bob|Spikes|p1a: Shaymin\n|-sidestart|p1: baum1|Spikes\n|\n|upkeep\n|turn|2\n|\n|t:|1700765636\n|switch|p2a: Mexikanische Mauer|Forretress, F|100\/100\n|move|p1a: Shaymin|Baton Pass|p1a: Shaymin\n|\n|t:|1700765640\n|switch|p1a: Iron Moth|Iron Moth|100\/100|[from] Baton Pass\n|\n|upkeep\n|turn|3\n|\n|t:|1700765651\n|switch|p2a: Dauerdurchfall|Goodra, F|100\/100\n|move|p1a: Iron Moth|Sludge Wave|p2a: Dauerdurchfall\n|-damage|p2a: Dauerdurchfall|73\/100\n|\n|upkeep\n|turn|4\n|\n|t:|1700765678\n|move|p1a: Iron Moth|U-turn|p2a: Dauerdurchfall\n|-damage|p2a: Dauerdurchfall|61\/100\n|-damage|p1a: Iron Moth|84\/100|[from] item: Rocky Helmet|[of] p2a: Dauerdurchfall\n|\n|t:|1700765683\n|-end|p1a: Iron Moth|Quark Drive|[silent]\n|switch|p1a: Meloetta|Meloetta|100\/100|[from] U-turn\n|-damage|p1a: Meloetta|88\/100|[from] Spikes\n|move|p2a: Dauerdurchfall|Earthquake|p1a: Meloetta\n|-damage|p1a: Meloetta|62\/100\n|\n|upkeep\n|turn|5\n|\n|t:|1700765696\n|switch|p2a: Mexikanische Mauer|Forretress, F|100\/100\n|move|p1a: Meloetta|Psyshock|p2a: Mexikanische Mauer\n|-resisted|p2a: Mexikanische Mauer\n|-damage|p2a: Mexikanische Mauer|78\/100\n|\n|-heal|p2a: Mexikanische Mauer|85\/100|[from] item: Leftovers\n|upkeep\n|turn|6\n|\n|t:|1700765720\n|switch|p1a: Iron Moth|Iron Moth|84\/100\n|move|p2a: Mexikanische Mauer|Volt Switch|p1a: Iron Moth\n|-damage|p1a: Iron Moth|72\/100\n|\n|t:|1700765738\n|switch|p2a: Dauerdurchfall|Goodra, F|61\/100|[from] Volt Switch\n|\n|upkeep\n|turn|7\n|j| puffelmaedchen\n|\n|t:|1700765753\n|move|p1a: Iron Moth|U-turn|p2a: Dauerdurchfall\n|-damage|p2a: Dauerdurchfall|50\/100\n|-damage|p1a: Iron Moth|55\/100|[from] item: Rocky Helmet|[of] p2a: Dauerdurchfall\n|\n|t:|1700765762\n|-end|p1a: Iron Moth|Quark Drive|[silent]\n|switch|p1a: Scizor|Scizor, F|100\/100|[from] U-turn\n|-damage|p1a: Scizor|88\/100|[from] Spikes\n|move|p2a: Dauerdurchfall|Draco Meteor|p1a: Scizor|[miss]\n|-miss|p2a: Dauerdurchfall|p1a: Scizor\n|\n|-heal|p1a: Scizor|94\/100|[from] item: Leftovers\n|upkeep\n|turn|8\n|\n|t:|1700765775\n|switch|p2a: Der andere Thomas|Manaphy|100\/100\n|move|p1a: Scizor|Knock Off|p2a: Der andere Thomas\n|-damage|p2a: Der andere Thomas|75\/100\n|-damage|p1a: Scizor|78\/100|[from] item: Rocky Helmet|[of] p2a: Der andere Thomas\n|-enditem|p2a: Der andere Thomas|Rocky Helmet|[from] move: Knock Off|[of] p1a: Scizor\n|\n|-heal|p1a: Scizor|84\/100|[from] item: Leftovers\n|upkeep\n|turn|9\n|\n|t:|1700765780\n|move|p2a: Der andere Thomas|Knock Off|p1a: Scizor\n|-damage|p1a: Scizor|65\/100\n|-enditem|p1a: Scizor|Leftovers|[from] move: Knock Off|[of] p2a: Der andere Thomas\n|move|p1a: Scizor|Trailblaze|p2a: Der andere Thomas\n|-supereffective|p2a: Der andere Thomas\n|-damage|p2a: Der andere Thomas|34\/100\n|-boost|p1a: Scizor|spe|1\n|\n|upkeep\n|turn|10\n|\n|t:|1700765793\n|switch|p2a: MassGainer3000|Pelipper, F|100\/100\n|-weather|RainDance|[from] ability: Drizzle|[of] p2a: MassGainer3000\n|move|p1a: Scizor|Knock Off|p2a: MassGainer3000\n|-damage|p2a: MassGainer3000|68\/100\n|-enditem|p2a: MassGainer3000|Damp Rock|[from] move: Knock Off|[of] p1a: Scizor\n|\n|-weather|RainDance|[upkeep]\n|upkeep\n|turn|11\n|\n|t:|1700765843\n|move|p1a: Scizor|Trailblaze|p2a: MassGainer3000\n|-damage|p2a: MassGainer3000|39\/100\n|-boost|p1a: Scizor|spe|1\n|move|p2a: MassGainer3000|Hurricane|p1a: Scizor\n|-damage|p1a: Scizor|18\/100\n|-start|p1a: Scizor|confusion\n|\n|-weather|RainDance|[upkeep]\n|upkeep\n|turn|12\n|\n|t:|1700765853\n|-activate|p1a: Scizor|confusion\n|-damage|p1a: Scizor|2\/100|[from] confusion\n|move|p2a: MassGainer3000|Roost|p2a: MassGainer3000\n|-heal|p2a: MassGainer3000|89\/100\n|-singleturn|p2a: MassGainer3000|move: Roost\n|\n|-weather|RainDance|[upkeep]\n|upkeep\n|turn|13\n|\n|t:|1700765860\n|-activate|p1a: Scizor|confusion\n|move|p1a: Scizor|Knock Off|p2a: MassGainer3000\n|-damage|p2a: MassGainer3000|68\/100\n|move|p2a: MassGainer3000|U-turn|p1a: Scizor\n|-resisted|p1a: Scizor\n|-damage|p1a: Scizor|0 fnt\n|faint|p1a: Scizor\n|\n|t:|1700765868\n|switch|p2a: Budget Zapdos|Kilowattrel, M|100\/100|[from] U-turn\n|\n|-weather|RainDance|[upkeep]\n|upkeep\n|\n|t:|1700765882\n|switch|p1a: Meloetta|Meloetta|62\/100\n|-damage|p1a: Meloetta|50\/100|[from] Spikes\n|turn|14\n|\n|t:|1700765900\n|switch|p2a: Mexikanische Mauer|Forretress, F|85\/100\n|move|p1a: Meloetta|Thunder|p2a: Mexikanische Mauer\n|-damage|p2a: Mexikanische Mauer|27\/100\n|-status|p2a: Mexikanische Mauer|par\n|\n|-weather|RainDance|[upkeep]\n|-heal|p2a: Mexikanische Mauer|34\/100 par|[from] item: Leftovers\n|upkeep\n|turn|15\n|\n|t:|1700765915\n|switch|p1a: Okidogi|Okidogi, M|100\/100\n|-damage|p1a: Okidogi|88\/100|[from] Spikes\n|switch|p2a: Bob|Quagsire, M|89\/100\n|\n|-weather|RainDance|[upkeep]\n|upkeep\n|turn|16\n|j| xdRudi.exe\n|\n|t:|1700765928\n|move|p1a: Okidogi|Close Combat|p2a: Bob\n|-damage|p2a: Bob|4\/100\n|-unboost|p1a: Okidogi|def|1\n|-unboost|p1a: Okidogi|spd|1\n|-status|p2a: Bob|tox|[from] ability: Toxic Chain|[of] p1a: Okidogi\n|move|p2a: Bob|Earthquake|p1a: Okidogi\n|-supereffective|p1a: Okidogi\n|-damage|p1a: Okidogi|35\/100\n|\n|-weather|RainDance|[upkeep]\n|-damage|p2a: Bob|0 fnt|[from] psn\n|faint|p2a: Bob\n|upkeep\n|c|\u2606baum1|Da, Roy\n|\n|t:|1700765944\n|switch|p2a: Budget Zapdos|Kilowattrel, M|100\/100\n|turn|17\n|\n|t:|1700765953\n|switch|p1a: Shaymin|Shaymin|100\/100\n|-damage|p1a: Shaymin|88\/100|[from] Spikes\n|move|p2a: Budget Zapdos|Hurricane|p1a: Shaymin\n|-supereffective|p1a: Shaymin\n|-damage|p1a: Shaymin|10\/100\n|-start|p1a: Shaymin|confusion\n|-damage|p2a: Budget Zapdos|91\/100|[from] item: Life Orb\n|\n|-weather|none\n|-heal|p1a: Shaymin|16\/100|[from] item: Leftovers\n|upkeep\n|turn|18\n|\n|t:|1700765962\n|move|p2a: Budget Zapdos|Substitute|p2a: Budget Zapdos\n|-start|p2a: Budget Zapdos|Substitute\n|-damage|p2a: Budget Zapdos|66\/100\n|-activate|p1a: Shaymin|confusion\n|move|p1a: Shaymin|Synthesis|p1a: Shaymin\n|-heal|p1a: Shaymin|66\/100\n|\n|-heal|p1a: Shaymin|72\/100|[from] item: Leftovers\n|upkeep\n|turn|19\n|\n|t:|1700765967\n|move|p2a: Budget Zapdos|Hurricane|p1a: Shaymin|[miss]\n|-miss|p2a: Budget Zapdos|p1a: Shaymin\n|-activate|p1a: Shaymin|confusion\n|-damage|p1a: Shaymin|65\/100|[from] confusion\n|\n|-heal|p1a: Shaymin|71\/100|[from] item: Leftovers\n|upkeep\n|turn|20\n|\n|t:|1700765972\n|move|p2a: Budget Zapdos|Hurricane|p1a: Shaymin\n|-supereffective|p1a: Shaymin\n|-damage|p1a: Shaymin|0 fnt\n|faint|p1a: Shaymin\n|-damage|p2a: Budget Zapdos|56\/100|[from] item: Life Orb\n|\n|upkeep\n|\n|t:|1700765974\n|switch|p1a: Meloetta|Meloetta|50\/100\n|-damage|p1a: Meloetta|38\/100|[from] Spikes\n|turn|21\n|c| Roy SPL|musst noch paar mehr mit dem machen weil azu nicht dabei ist\n|c|\u2606baum1|Sorry\n|c|\u2606baum1|zu sp\u00e4t\n|c|\u2606baum1|tats\u00e4chlich fickt der Vogel\n|c| Lucario0000|Aber meloetta darf gern was holen\n|\n|t:|1700766014\n|switch|p2a: MassGainer3000|Pelipper, F|68\/100\n|-weather|RainDance|[from] ability: Drizzle|[of] p2a: MassGainer3000\n|move|p1a: Meloetta|Psyshock|p2a: MassGainer3000\n|-damage|p2a: MassGainer3000|15\/100\n|\n|-weather|RainDance|[upkeep]\n|upkeep\n|turn|22\n|c| Roy SPL|roggi ff mal damit gren keine punkte bekommt :^)\n|\n|t:|1700766062\n|switch|p2a: Der andere Thomas|Manaphy|34\/100\n|move|p1a: Meloetta|Psyshock|p2a: Der andere Thomas\n|-damage|p2a: Der andere Thomas|0 fnt\n|faint|p2a: Der andere Thomas\n|\n|-weather|RainDance|[upkeep]\n|upkeep\n|\n|t:|1700766065\n|switch|p2a: Budget Zapdos|Kilowattrel, M|56\/100\n|turn|23\n|\n|t:|1700766077\n|move|p2a: Budget Zapdos|Thunder|p1a: Meloetta\n|-damage|p1a: Meloetta|0 fnt\n|faint|p1a: Meloetta\n|-damage|p2a: Budget Zapdos|46\/100|[from] item: Life Orb\n|\n|-weather|RainDance|[upkeep]\n|upkeep\n|\n|t:|1700766094\n|switch|p1a: Iron Moth|Iron Moth|55\/100\n|turn|24\n|\n|t:|1700766132\n|move|p2a: Budget Zapdos|Thunder|p1a: Iron Moth\n|-damage|p1a: Iron Moth|0 fnt\n|faint|p1a: Iron Moth\n|-end|p1a: Iron Moth|Quark Drive|[silent]\n|-damage|p2a: Budget Zapdos|37\/100|[from] item: Life Orb\n|\n|-weather|RainDance|[upkeep]\n|upkeep\n|\n|t:|1700766143\n|switch|p1a: Okidogi|Okidogi, M|35\/100\n|-damage|p1a: Okidogi|23\/100|[from] Spikes\n|turn|25\n|\n|t:|1700766148\n|move|p2a: Budget Zapdos|Hurricane|p1a: Okidogi\n|-supereffective|p1a: Okidogi\n|-damage|p1a: Okidogi|0 fnt\n|faint|p1a: Okidogi\n|-damage|p2a: Budget Zapdos|27\/100|[from] item: Life Orb\n|\n|-weather|none\n|upkeep\n|\n|t:|1700766150\n|switch|p1a: Greninja|Greninja, F|100\/100\n|-damage|p1a: Greninja|88\/100|[from] Spikes\n|turn|26\n|\n|t:|1700766158\n|switch|p2a: Mexikanische Mauer|Forretress, F|34\/100 par\n|move|p1a: Greninja|Ice Punch|p2a: Mexikanische Mauer\n|-start|p1a: Greninja|typechange|Ice|[from] ability: Protean\n|-resisted|p2a: Mexikanische Mauer\n|-damage|p2a: Mexikanische Mauer|22\/100 par\n|\n|-heal|p2a: Mexikanische Mauer|28\/100 par|[from] item: Leftovers\n|upkeep\n|turn|27\n|c|\u2606baum1|Para\n|\n|t:|1700766196\n|switch|p2a: MassGainer3000|Pelipper, F|15\/100\n|-weather|RainDance|[from] ability: Drizzle|[of] p2a: MassGainer3000\n|move|p1a: Greninja|Night Slash|p2a: MassGainer3000\n|-damage|p2a: MassGainer3000|0 fnt\n|faint|p2a: MassGainer3000\n|\n|-weather|RainDance|[upkeep]\n|upkeep\n|\n|t:|1700766205\n|switch|p2a: Budget Zapdos|Kilowattrel, M|27\/100\n|turn|28\n|c| xdRudi.exe|SHU\n|c| xdRudi.exe|RI\n|c| xdRudi.exe|KEN\n|\n|t:|1700766218\n|move|p2a: Budget Zapdos|Thunder|p1a: Greninja\n|-damage|p1a: Greninja|0 fnt\n|faint|p1a: Greninja\n|-damage|p2a: Budget Zapdos|17\/100|[from] item: Life Orb\n|\n|win|Roggi\n|c|\u2606Roggi|gg\n|c|\u2606baum1|gg\n|l| Lucario0000\n|l| puffelmaedchen\n|l|\u2606baum1\n|l|\u2606Roggi\n|l| xdRudi.exe\n","uploadtime":1700766233,"views":27,"p1id":"baum1","p2id":"roggi","formatid":"gen9anythinggoes","rating":0,"private":0,"password":""}