{"id":"gen9anythinggoes-1976931469","p1":"Tedtosterone","p2":"toloveocean","format":"[Gen 9] Anything Goes","log":"|j|\u2606Tedtosterone\n|j|\u2606toloveocean\n|t:|1698353547\n|gametype|singles\n|player|p1|Tedtosterone|ghetsis-gen5bw|\n|player|p2|toloveocean|2|\n|teamsize|p1|6\n|teamsize|p2|6\n|gen|9\n|tier|[Gen 9] Anything Goes\n|rule|HP Percentage Mod: HP is shown in percentages\n|rule|Endless Battle Clause: Forcing endless battles is banned\n|clearpoke\n|poke|p1|Samurott-Hisui, M|\n|poke|p1|Arcanine-Hisui, M|\n|poke|p1|Baxcalibur, M|\n|poke|p1|Mimikyu, F|\n|poke|p1|Slowking-Galar, M|\n|poke|p1|Kingambit, M|\n|poke|p2|Armarouge, M|\n|poke|p2|Meowscarada, M|\n|poke|p2|Zapdos-Galar|\n|poke|p2|Magnezone|\n|poke|p2|Ninetales, F|\n|poke|p2|Walking Wake|\n|teampreview\n|j| caligulahar\n|\n|t:|1698353559\n|start\n|switch|p1a: Jin|Samurott-Hisui, M|100\/100\n|switch|p2a: Ninetales|Ninetales, F|100\/100\n|-weather|SunnyDay|[from] ability: Drought|[of] p2a: Ninetales\n|turn|1\n|\n|t:|1698353572\n|move|p2a: Ninetales|Solar Beam||[still]\n|-prepare|p2a: Ninetales|Solar Beam\n|-anim|p2a: Ninetales|Solar Beam|p1a: Jin\n|-supereffective|p1a: Jin\n|-damage|p1a: Jin|6\/100\n|move|p1a: Jin|Ceaseless Edge|p2a: Ninetales\n|-damage|p2a: Ninetales|38\/100\n|-sidestart|p2: toloveocean|Spikes\n|\n|-weather|SunnyDay|[upkeep]\n|upkeep\n|turn|2\n|\n|t:|1698353585\n|move|p1a: Jin|Aqua Jet|p2a: Ninetales\n|-supereffective|p2a: Ninetales\n|-damage|p2a: Ninetales|11\/100\n|move|p2a: Ninetales|Flamethrower|p1a: Jin\n|-resisted|p1a: Jin\n|-damage|p1a: Jin|0 fnt\n|faint|p1a: Jin\n|\n|-weather|SunnyDay|[upkeep]\n|upkeep\n|\n|t:|1698353604\n|switch|p1a: Mikey|Arcanine-Hisui, M, shiny|100\/100\n|turn|3\n|\n|t:|1698353617\n|move|p2a: Ninetales|Disable||[still]\n|-fail|p2a: Ninetales\n|move|p1a: Mikey|Head Smash|p2a: Ninetales\n|-supereffective|p2a: Ninetales\n|-damage|p2a: Ninetales|0 fnt\n|faint|p2a: Ninetales\n|\n|-weather|SunnyDay|[upkeep]\n|upkeep\n|\n|t:|1698353632\n|switch|p2a: Walking Wake|Walking Wake|100\/100\n|-damage|p2a: Walking Wake|88\/100|[from] Spikes\n|-activate|p2a: Walking Wake|ability: Protosynthesis\n|-start|p2a: Walking Wake|protosynthesisspe\n|turn|4\n|\n|t:|1698353646\n|switch|p1a: Duke|Slowking-Galar, M|100\/100\n|move|p2a: Walking Wake|Dragon Dance|p2a: Walking Wake\n|-boost|p2a: Walking Wake|atk|1\n|-boost|p2a: Walking Wake|spe|1\n|\n|-weather|SunnyDay|[upkeep]\n|upkeep\n|turn|5\n|\n|t:|1698353657\n|move|p2a: Walking Wake|Knock Off|p1a: Duke\n|-supereffective|p1a: Duke\n|-damage|p1a: Duke|0 fnt\n|-enditem|p1a: Duke|Heavy-Duty Boots|[from] move: Knock Off|[of] p2a: Walking Wake\n|faint|p1a: Duke\n|-damage|p2a: Walking Wake|78\/100|[from] item: Life Orb\n|\n|-weather|SunnyDay|[upkeep]\n|upkeep\n|\n|t:|1698353664\n|switch|p1a: Gooner|Mimikyu, F|100\/100\n|turn|6\n|\n|t:|1698353688\n|-end|p2a: Walking Wake|Protosynthesis|[silent]\n|switch|p2a: Magnezone|Magnezone|100\/100\n|-damage|p2a: Magnezone|88\/100|[from] Spikes\n|move|p1a: Gooner|Play Rough|p2a: Magnezone\n|-resisted|p2a: Magnezone\n|-damage|p2a: Magnezone|68\/100\n|-damage|p1a: Gooner|91\/100|[from] item: Life Orb\n|\n|-weather|SunnyDay|[upkeep]\n|upkeep\n|turn|7\n|\n|t:|1698353703\n|switch|p1a: Mikey|Arcanine-Hisui, M, shiny|100\/100\n|move|p2a: Magnezone|Flash Cannon|p1a: Mikey\n|-damage|p1a: Mikey|29\/100\n|\n|-weather|SunnyDay|[upkeep]\n|upkeep\n|turn|8\n|inactive|Battle timer is ON: inactive players will automatically lose when time's up. (requested by Tedtosterone)\n|\n|t:|1698353752\n|switch|p2a: Walking Wake|Walking Wake|78\/100\n|-damage|p2a: Walking Wake|66\/100|[from] Spikes\n|-activate|p2a: Walking Wake|ability: Protosynthesis\n|-start|p2a: Walking Wake|protosynthesisspe\n|move|p1a: Mikey|Flare Blitz|p2a: Walking Wake\n|-resisted|p2a: Walking Wake\n|-damage|p2a: Walking Wake|34\/100\n|\n|-weather|none\n|-end|p2a: Walking Wake|Protosynthesis\n|upkeep\n|turn|9\n|\n|t:|1698353779\n|move|p2a: Walking Wake|Liquidation|p1a: Mikey\n|-supereffective|p1a: Mikey\n|-damage|p1a: Mikey|0 fnt\n|faint|p1a: Mikey\n|-damage|p2a: Walking Wake|24\/100|[from] item: Life Orb\n|\n|upkeep\n|\n|t:|1698353786\n|switch|p1a: Gooner|Mimikyu, F|91\/100\n|turn|10\n|\n|t:|1698353806\n|move|p1a: Gooner|Swords Dance|p1a: Gooner\n|-boost|p1a: Gooner|atk|2\n|move|p2a: Walking Wake|Liquidation|p1a: Gooner\n|-activate|p1a: Gooner|ability: Disguise\n|-damage|p1a: Gooner|91\/100\n|detailschange|p1a: Gooner|Mimikyu-Busted, F\n|-damage|p1a: Gooner|78\/100|[from] pokemon: Mimikyu-Busted\n|-damage|p2a: Walking Wake|14\/100|[from] item: Life Orb\n|\n|upkeep\n|turn|11\n|inactive|toloveocean has 270 seconds left.\n|\n|t:|1698353828\n|move|p1a: Gooner|Shadow Sneak|p2a: Walking Wake\n|-damage|p2a: Walking Wake|0 fnt\n|faint|p2a: Walking Wake\n|-end|p2a: Walking Wake|Protosynthesis|[silent]\n|-damage|p1a: Gooner|68\/100|[from] item: Life Orb\n|\n|upkeep\n|inactive|toloveocean has 270 seconds left.\n|\n|t:|1698353840\n|switch|p2a: Magnezone|Magnezone|68\/100\n|-damage|p2a: Magnezone|56\/100|[from] Spikes\n|turn|12\n|inactive|toloveocean has 270 seconds left.\n|\n|t:|1698353863\n|move|p1a: Gooner|Shadow Sneak|p2a: Magnezone\n|-damage|p2a: Magnezone|15\/100\n|-damage|p1a: Gooner|58\/100|[from] item: Life Orb\n|move|p2a: Magnezone|Rest|p2a: Magnezone\n|-status|p2a: Magnezone|slp|[from] move: Rest\n|-heal|p2a: Magnezone|100\/100 slp|[silent]\n|-enditem|p2a: Magnezone|Chesto Berry|[eat]\n|-curestatus|p2a: Magnezone|slp|[msg]\n|\n|upkeep\n|turn|13\n|\n|t:|1698353874\n|move|p1a: Gooner|Shadow Sneak|p2a: Magnezone\n|-crit|p2a: Magnezone\n|-damage|p2a: Magnezone|41\/100\n|-damage|p1a: Gooner|48\/100|[from] item: Life Orb\n|move|p2a: Magnezone|Flash Cannon|p1a: Gooner\n|-supereffective|p1a: Gooner\n|-damage|p1a: Gooner|0 fnt\n|faint|p1a: Gooner\n|\n|upkeep\n|\n|t:|1698353881\n|switch|p1a: Joe|Baxcalibur, M|100\/100\n|turn|14\n|\n|t:|1698353899\n|move|p1a: Joe|Dragon Dance|p1a: Joe\n|-boost|p1a: Joe|atk|1\n|-boost|p1a: Joe|spe|1\n|move|p2a: Magnezone|Rest|p2a: Magnezone\n|-status|p2a: Magnezone|slp|[from] move: Rest\n|-heal|p2a: Magnezone|100\/100 slp|[silent]\n|\n|upkeep\n|turn|15\n|inactive|toloveocean has 270 seconds left.\n|\n|t:|1698353908\n|move|p1a: Joe|Dragon Dance|p1a: Joe\n|-boost|p1a: Joe|atk|1\n|-boost|p1a: Joe|spe|1\n|cant|p2a: Magnezone|slp\n|\n|upkeep\n|turn|16\n|inactive|toloveocean has 270 seconds left.\n|\n|t:|1698353930\n|move|p1a: Joe|Dragon Dance|p1a: Joe\n|-boost|p1a: Joe|atk|1\n|-boost|p1a: Joe|spe|1\n|cant|p2a: Magnezone|slp\n|\n|upkeep\n|turn|17\n|\n|t:|1698353935\n|move|p1a: Joe|Earthquake|p2a: Magnezone\n|-supereffective|p2a: Magnezone\n|-damage|p2a: Magnezone|0 fnt\n|faint|p2a: Magnezone\n|\n|upkeep\n|\n|t:|1698353940\n|switch|p2a: Zapdos|Zapdos-Galar|100\/100\n|turn|18\n|\n|t:|1698353945\n|move|p1a: Joe|Icicle Spear|p2a: Zapdos\n|-supereffective|p2a: Zapdos\n|-damage|p2a: Zapdos|16\/100\n|-supereffective|p2a: Zapdos\n|-damage|p2a: Zapdos|0 fnt\n|faint|p2a: Zapdos\n|-hitcount|p2: Zapdos|2\n|\n|upkeep\n|\n|t:|1698353955\n|switch|p2a: Armarouge|Armarouge, M|100\/100\n|-damage|p2a: Armarouge|88\/100|[from] Spikes\n|turn|19\n|\n|t:|1698353965\n|move|p1a: Joe|Earthquake|p2a: Armarouge\n|-supereffective|p2a: Armarouge\n|-damage|p2a: Armarouge|0 fnt\n|faint|p2a: Armarouge\n|\n|upkeep\n|\n|t:|1698353969\n|switch|p2a: Meowscarada|Meowscarada, M, shiny|100\/100\n|-damage|p2a: Meowscarada|88\/100|[from] Spikes\n|turn|20\n|\n|t:|1698353975\n|move|p1a: Joe|Icicle Spear|p2a: Meowscarada\n|-supereffective|p2a: Meowscarada\n|-damage|p2a: Meowscarada|0 fnt\n|faint|p2a: Meowscarada\n|-hitcount|p2: Meowscarada|1\n|\n|win|Tedtosterone\n","uploadtime":1698353981,"views":33,"p1id":"tedtosterone","p2id":"toloveocean","formatid":"gen9anythinggoes","rating":0,"private":0,"password":""}