{"id":"gen9anythinggoes-1979900112","p1":"drop a draco nice","p2":"God of Introverts","format":"[Gen 9] Anything Goes","log":"|j|\u2606drop a draco nice\n|j|\u2606God of Introverts\n|t:|1698726336\n|gametype|singles\n|player|p1|drop a draco nice|cynthia-gen4|1226\n|player|p2|God of Introverts|grimsley|1232\n|teamsize|p1|6\n|teamsize|p2|6\n|gen|9\n|tier|[Gen 9] Anything Goes\n|rated|\n|rule|HP Percentage Mod: HP is shown in percentages\n|rule|Endless Battle Clause: Forcing endless battles is banned\n|clearpoke\n|poke|p1|Kyogre|\n|poke|p1|Calyrex-Shadow|\n|poke|p1|Cinderace, F|\n|poke|p1|Zacian-*|\n|poke|p1|Darkrai|\n|poke|p1|Ribombee, F|\n|poke|p2|Shaymin-Sky|\n|poke|p2|Chien-Pao|\n|poke|p2|Hippowdon, F|\n|poke|p2|Weezing-Galar, M|\n|poke|p2|Magearna-Original|\n|poke|p2|Palkia-Origin|\n|teampreview\n|inactive|Battle timer is ON: inactive players will automatically lose when time's up. (requested by God of Introverts)\n|\n|t:|1698726350\n|start\n|switch|p1a: Ribombee|Ribombee, F|100\/100\n|switch|p2a: Shaman|Shaymin-Sky, shiny|100\/100\n|turn|1\n|\n|t:|1698726360\n|move|p1a: Ribombee|Protect|p1a: Ribombee\n|-singleturn|p1a: Ribombee|Protect\n|move|p2a: Shaman|Air Slash|p1a: Ribombee\n|-activate|p1a: Ribombee|move: Protect\n|\n|upkeep\n|turn|2\n|\n|t:|1698726384\n|switch|p1a: Kyogre|Kyogre, shiny|100\/100\n|-weather|RainDance|[from] ability: Drizzle|[of] p1a: Kyogre\n|move|p2a: Shaman|Air Slash|p1a: Kyogre\n|-damage|p1a: Kyogre|75\/100\n|\n|-weather|RainDance|[upkeep]\n|upkeep\n|turn|3\n|\n|t:|1698726397\n|switch|p2a: Pegasus|Palkia-Origin, shiny|100\/100\n|-ability|p2a: Pegasus|Pressure\n|move|p1a: Kyogre|Ice Beam|p2a: Pegasus\n|-damage|p2a: Pegasus|66\/100\n|\n|-weather|RainDance|[upkeep]\n|upkeep\n|turn|4\n|\n|t:|1698726408\n|move|p1a: Kyogre|Ice Beam|p2a: Pegasus\n|-damage|p2a: Pegasus|32\/100\n|move|p2a: Pegasus|Thunder Wave|p1a: Kyogre\n|-status|p1a: Kyogre|par\n|\n|-weather|RainDance|[upkeep]\n|upkeep\n|turn|5\n|\n|t:|1698726418\n|move|p2a: Pegasus|Spacial Rend|p1a: Kyogre|[miss]\n|-miss|p2a: Pegasus|p1a: Kyogre\n|move|p1a: Kyogre|Ice Beam|p2a: Pegasus\n|-damage|p2a: Pegasus|0 fnt\n|faint|p2a: Pegasus\n|\n|-weather|RainDance|[upkeep]\n|upkeep\n|\n|t:|1698726424\n|switch|p2a: Shaman|Shaymin-Sky, shiny|100\/100\n|turn|6\n|\n|t:|1698726428\n|move|p2a: Shaman|Substitute|p2a: Shaman\n|-start|p2a: Shaman|Substitute\n|-damage|p2a: Shaman|76\/100\n|move|p1a: Kyogre|Ice Beam|p2a: Shaman\n|-supereffective|p2a: Shaman\n|-end|p2a: Shaman|Substitute\n|\n|-weather|none\n|-heal|p2a: Shaman|82\/100|[from] item: Leftovers\n|upkeep\n|turn|7\n|\n|t:|1698726439\n|move|p2a: Shaman|Air Slash|p1a: Kyogre\n|-damage|p1a: Kyogre|46\/100 par\n|cant|p1a: Kyogre|par\n|\n|-heal|p2a: Shaman|88\/100|[from] item: Leftovers\n|upkeep\n|turn|8\n|\n|t:|1698726450\n|move|p2a: Shaman|Seed Flare|p1a: Kyogre\n|-supereffective|p1a: Kyogre\n|-damage|p1a: Kyogre|0 fnt\n|faint|p1a: Kyogre\n|\n|-heal|p2a: Shaman|94\/100|[from] item: Leftovers\n|upkeep\n|\n|t:|1698726464\n|switch|p1a: Cinderace|Cinderace, F|100\/100\n|turn|9\n|\n|t:|1698726472\n|move|p2a: Shaman|Air Slash|p1a: Cinderace\n|-damage|p1a: Cinderace|44\/100\n|move|p1a: Cinderace|Flare Blitz|p2a: Shaman\n|-supereffective|p2a: Shaman\n|-damage|p2a: Shaman|0 fnt\n|faint|p2a: Shaman\n|-damage|p1a: Cinderace|9\/100|[from] Recoil\n|-enditem|p1a: Cinderace|Wiki Berry|[eat]\n|-heal|p1a: Cinderace|43\/100|[from] item: Wiki Berry\n|\n|upkeep\n|\n|t:|1698726478\n|switch|p2a: Iron Maiden|Magearna-Original|100\/100\n|turn|10\n|\n|t:|1698726487\n|-terastallize|p2a: Iron Maiden|Electric\n|move|p1a: Cinderace|Flare Blitz|p2a: Iron Maiden\n|-damage|p2a: Iron Maiden|51\/100\n|-damage|p1a: Cinderace|26\/100|[from] Recoil\n|move|p2a: Iron Maiden|Shift Gear|p2a: Iron Maiden\n|-boost|p2a: Iron Maiden|spe|2\n|-boost|p2a: Iron Maiden|atk|1\n|\n|-heal|p2a: Iron Maiden|57\/100|[from] item: Leftovers\n|upkeep\n|turn|11\n|\n|t:|1698726502\n|switch|p1a: Ribombee|Ribombee, F|100\/100\n|move|p2a: Iron Maiden|Thunderbolt|p1a: Ribombee\n|-crit|p1a: Ribombee\n|-enditem|p1a: Ribombee|Focus Sash\n|-damage|p1a: Ribombee|1\/100\n|\n|-heal|p2a: Iron Maiden|63\/100|[from] item: Leftovers\n|upkeep\n|turn|12\n|\n|t:|1698726514\n|-terastallize|p1a: Ribombee|Ground\n|move|p2a: Iron Maiden|Iron Head|p1a: Ribombee\n|-damage|p1a: Ribombee|0 fnt\n|faint|p1a: Ribombee\n|-ability|p2a: Iron Maiden|Soul-Heart|boost\n|-boost|p2a: Iron Maiden|spa|1\n|\n|-heal|p2a: Iron Maiden|69\/100|[from] item: Leftovers\n|upkeep\n|\n|t:|1698726520\n|switch|p1a: Calyrex|Calyrex-Shadow|100\/100\n|-ability|p1a: Calyrex|As One\n|-ability|p1a: Calyrex|Unnerve\n|turn|13\n|\n|t:|1698726528\n|move|p1a: Calyrex|Astral Barrage|p2a: Iron Maiden\n|-damage|p2a: Iron Maiden|0 fnt\n|faint|p2a: Iron Maiden\n|-ability|p1a: Calyrex|Grim Neigh|boost\n|-boost|p1a: Calyrex|spa|1\n|\n|upkeep\n|\n|t:|1698726532\n|switch|p2a: Sabertooth|Chien-Pao|100\/100\n|-ability|p2a: Sabertooth|Sword of Ruin\n|turn|14\n|\n|t:|1698726542\n|switch|p1a: Cinderace|Cinderace, F|26\/100\n|move|p2a: Sabertooth|Sucker Punch||[still]\n|-fail|p2a: Sabertooth\n|\n|upkeep\n|turn|15\n|\n|t:|1698726549\n|move|p2a: Sabertooth|Sucker Punch|p1a: Cinderace\n|-damage|p1a: Cinderace|0 fnt\n|faint|p1a: Cinderace\n|\n|upkeep\n|\n|t:|1698726555\n|switch|p1a: Zacian|Zacian-Crowned|100\/100\n|-ability|p1a: Zacian|Intrepid Sword|boost\n|-boost|p1a: Zacian|atk|1\n|turn|16\n|\n|t:|1698726563\n|switch|p2a: Chonk|Hippowdon, F|100\/100\n|-weather|Sandstorm|[from] ability: Sand Stream|[of] p2a: Chonk\n|move|p1a: Zacian|Close Combat|p2a: Chonk\n|-damage|p2a: Chonk|61\/100\n|-unboost|p1a: Zacian|def|1\n|-unboost|p1a: Zacian|spd|1\n|-damage|p1a: Zacian|84\/100|[from] item: Rocky Helmet|[of] p2a: Chonk\n|\n|-weather|Sandstorm|[upkeep]\n|upkeep\n|turn|17\n|\n|t:|1698726576\n|move|p1a: Zacian|Moonblast|p2a: Chonk\n|-damage|p2a: Chonk|28\/100\n|move|p2a: Chonk|Slack Off|p2a: Chonk\n|-heal|p2a: Chonk|78\/100\n|\n|-weather|Sandstorm|[upkeep]\n|upkeep\n|turn|18\n|\n|t:|1698726588\n|move|p1a: Zacian|Moonblast|p2a: Chonk\n|-damage|p2a: Chonk|43\/100\n|move|p2a: Chonk|Earthquake|p1a: Zacian\n|-supereffective|p1a: Zacian\n|-damage|p1a: Zacian|0 fnt\n|faint|p1a: Zacian\n|\n|-weather|Sandstorm|[upkeep]\n|upkeep\n|\n|t:|1698726599\n|switch|p1a: Darkrai|Darkrai|100\/100\n|turn|19\n|\n|t:|1698726603\n|move|p1a: Darkrai|Hypnosis|p2a: Chonk|[miss]\n|-miss|p1a: Darkrai|p2a: Chonk\n|move|p2a: Chonk|Slack Off|p2a: Chonk\n|-heal|p2a: Chonk|93\/100\n|\n|-weather|Sandstorm|[upkeep]\n|-damage|p1a: Darkrai|94\/100|[from] Sandstorm\n|-heal|p1a: Darkrai|100\/100|[from] item: Leftovers\n|upkeep\n|turn|20\n|inactive|drop a draco nice has 120 seconds left.\n|\n|t:|1698726633\n|switch|p2a: Sabertooth|Chien-Pao|100\/100\n|-ability|p2a: Sabertooth|Sword of Ruin\n|move|p1a: Darkrai|Hypnosis|p2a: Sabertooth\n|-status|p2a: Sabertooth|slp|[from] move: Hypnosis\n|\n|-weather|none\n|-damage|p2a: Sabertooth|88\/100 slp|[from] ability: Bad Dreams|[of] p1a: Darkrai\n|upkeep\n|turn|21\n|\n|t:|1698726643\n|cant|p2a: Sabertooth|slp\n|move|p1a: Darkrai|Drain Punch|p2a: Sabertooth\n|-supereffective|p2a: Sabertooth\n|-damage|p2a: Sabertooth|3\/100 slp\n|\n|-damage|p2a: Sabertooth|0 fnt|[from] ability: Bad Dreams|[of] p1a: Darkrai\n|faint|p2a: Sabertooth\n|upkeep\n|inactive|God of Introverts has 120 seconds left.\n|c|\u2606drop a draco nice|U lost\n|c|\u2606God of Introverts|That shit shoulda been immune since dark type\n|c|\u2606drop a draco nice|Hehe\n|n|!God of Introverts|godofintroverts\n|c|\u2606drop a draco nice|Try now\n|inactive|God of Introverts has 90 seconds left.\n|-message|God of Introverts forfeited.\n|\n|win|drop a draco nice\n|raw|drop a draco nice's rating: 1226 &rarr; <strong>1251<\/strong><br \/>(+25 for winning)\n|raw|God of Introverts's rating: 1232 &rarr; <strong>1207<\/strong><br \/>(-25 for losing)\n|l|!God of Introverts\n","uploadtime":1698726699,"views":19,"p1id":"dropadraconice","p2id":"godofintroverts","formatid":"gen9anythinggoes","rating":1207,"private":0,"password":""}