{"id":"gen9anythinggoes-1979151506","p1":"Trainer gabhob","p2":"red1998poke","format":"[Gen 9] Anything Goes","log":"|j|\u2606Trainer gabhob\n|j|\u2606red1998poke\n|t:|1698639641\n|gametype|singles\n|player|p1|Trainer gabhob|170|1049\n|player|p2|red1998poke|101|1092\n|teamsize|p1|6\n|teamsize|p2|6\n|gen|9\n|tier|[Gen 9] Anything Goes\n|rated|\n|rule|HP Percentage Mod: HP is shown in percentages\n|rule|Endless Battle Clause: Forcing endless battles is banned\n|clearpoke\n|poke|p1|Gengar, M|\n|poke|p1|Flutter Mane|\n|poke|p1|Ogerpon-Hearthflame, F|\n|poke|p1|Ogerpon-Cornerstone, F|\n|poke|p1|Ribombee, M|\n|poke|p1|Miraidon|\n|poke|p2|Luvdisc, F|\n|poke|p2|Drifblim, F|\n|poke|p2|Drifloon, F|\n|poke|p2|Rillaboom, F|\n|poke|p2|Clefable, M|\n|poke|p2|Ninetales-Alola, M|\n|teampreview\n|inactive|Battle timer is ON: inactive players will automatically lose when time's up. (requested by Trainer gabhob)\n|\n|t:|1698639647\n|start\n|switch|p1a: Ribombee|Ribombee, M|100\/100\n|switch|p2a: Drifloon|Drifloon, F|100\/100\n|turn|1\n|\n|t:|1698639654\n|move|p1a: Ribombee|Sticky Web|p2a: Drifloon\n|-sidestart|p2: red1998poke|move: Sticky Web\n|move|p2a: Drifloon|Minimize|p2a: Drifloon\n|-boost|p2a: Drifloon|evasion|2\n|\n|upkeep\n|turn|2\n|\n|t:|1698639659\n|move|p1a: Ribombee|Quiver Dance|p1a: Ribombee\n|-boost|p1a: Ribombee|spa|1\n|-boost|p1a: Ribombee|spd|1\n|-boost|p1a: Ribombee|spe|1\n|move|p2a: Drifloon|Minimize|p2a: Drifloon\n|-boost|p2a: Drifloon|evasion|2\n|\n|upkeep\n|turn|3\n|\n|t:|1698639666\n|move|p1a: Ribombee|Quiver Dance|p1a: Ribombee\n|-boost|p1a: Ribombee|spa|1\n|-boost|p1a: Ribombee|spd|1\n|-boost|p1a: Ribombee|spe|1\n|move|p2a: Drifloon|Amnesia|p2a: Drifloon\n|-boost|p2a: Drifloon|spd|2\n|\n|upkeep\n|turn|4\n|\n|t:|1698639673\n|move|p1a: Ribombee|Quiver Dance|p1a: Ribombee\n|-boost|p1a: Ribombee|spa|1\n|-boost|p1a: Ribombee|spd|1\n|-boost|p1a: Ribombee|spe|1\n|move|p2a: Drifloon|Minimize|p2a: Drifloon\n|-boost|p2a: Drifloon|evasion|2\n|\n|upkeep\n|turn|5\n|\n|t:|1698639680\n|move|p1a: Ribombee|Quiver Dance|p1a: Ribombee\n|-boost|p1a: Ribombee|spa|1\n|-boost|p1a: Ribombee|spd|1\n|-boost|p1a: Ribombee|spe|1\n|move|p2a: Drifloon|Destiny Bond|p2a: Drifloon\n|-singlemove|p2a: Drifloon|Destiny Bond\n|\n|upkeep\n|turn|6\n|\n|t:|1698639686\n|move|p1a: Ribombee|Quiver Dance|p1a: Ribombee\n|-boost|p1a: Ribombee|spa|1\n|-boost|p1a: Ribombee|spd|1\n|-boost|p1a: Ribombee|spe|1\n|move|p2a: Drifloon|Amnesia|p2a: Drifloon\n|-boost|p2a: Drifloon|spd|2\n|\n|upkeep\n|turn|7\n|\n|t:|1698639693\n|move|p1a: Ribombee|Calm Mind|p1a: Ribombee\n|-boost|p1a: Ribombee|spa|1\n|-boost|p1a: Ribombee|spd|1\n|move|p2a: Drifloon|Destiny Bond|p2a: Drifloon\n|-singlemove|p2a: Drifloon|Destiny Bond\n|\n|upkeep\n|turn|8\n|\n|t:|1698639704\n|move|p1a: Ribombee|Baton Pass|p1a: Ribombee\n|\n|t:|1698639711\n|switch|p1a: Ogerpon|Ogerpon-Hearthflame, F|100\/100|[from] Baton Pass\n|-ability|p1a: Ogerpon|Mold Breaker\n|move|p2a: Drifloon|Amnesia|p2a: Drifloon\n|-boost|p2a: Drifloon|spd|2\n|\n|upkeep\n|turn|9\n|\n|t:|1698639725\n|move|p1a: Ogerpon|Zen Headbutt|p2a: Drifloon|[miss]\n|-miss|p1a: Ogerpon|p2a: Drifloon\n|move|p2a: Drifloon|Baton Pass|p2a: Drifloon\n|\n|t:|1698639746\n|switch|p2a: Clefable|Clefable, M|100\/100|[from] Baton Pass\n|-activate|p2a: Clefable|move: Sticky Web\n|-unboost|p2a: Clefable|spe|1\n|\n|upkeep\n|turn|10\n|\n|t:|1698639753\n|move|p2a: Clefable|Protect|p2a: Clefable\n|-singleturn|p2a: Clefable|Protect\n|move|p1a: Ogerpon|Ivy Cudgel|p2a: Clefable\n|-activate|p2a: Clefable|move: Protect\n|\n|upkeep\n|turn|11\n|\n|t:|1698639759\n|move|p1a: Ogerpon|Ivy Cudgel|p2a: Clefable|[miss]\n|-miss|p1a: Ogerpon|p2a: Clefable\n|move|p2a: Clefable|Substitute|p2a: Clefable\n|-start|p2a: Clefable|Substitute\n|-damage|p2a: Clefable|76\/100\n|\n|-heal|p2a: Clefable|82\/100|[from] item: Leftovers\n|upkeep\n|turn|12\n|\n|t:|1698639767\n|move|p2a: Clefable|Protect|p2a: Clefable\n|-singleturn|p2a: Clefable|Protect\n|move|p1a: Ogerpon|Horn Leech|p2a: Clefable\n|-activate|p2a: Clefable|move: Protect\n|\n|-heal|p2a: Clefable|88\/100|[from] item: Leftovers\n|upkeep\n|turn|13\n|\n|t:|1698639779\n|move|p1a: Ogerpon|Zen Headbutt|p2a: Clefable\n|-end|p2a: Clefable|Substitute\n|move|p2a: Clefable|Cosmic Power|p2a: Clefable\n|-boost|p2a: Clefable|def|1\n|-boost|p2a: Clefable|spd|0\n|\n|-heal|p2a: Clefable|94\/100|[from] item: Leftovers\n|upkeep\n|turn|14\n|\n|t:|1698639788\n|move|p2a: Clefable|Protect|p2a: Clefable\n|-singleturn|p2a: Clefable|Protect\n|move|p1a: Ogerpon|Zen Headbutt|p2a: Clefable\n|-activate|p2a: Clefable|move: Protect\n|\n|-heal|p2a: Clefable|99\/100|[from] item: Leftovers\n|upkeep\n|turn|15\n|\n|t:|1698639795\n|move|p1a: Ogerpon|Zen Headbutt|p2a: Clefable|[miss]\n|-miss|p1a: Ogerpon|p2a: Clefable\n|move|p2a: Clefable|Substitute|p2a: Clefable\n|-start|p2a: Clefable|Substitute\n|-damage|p2a: Clefable|75\/100\n|\n|-heal|p2a: Clefable|81\/100|[from] item: Leftovers\n|upkeep\n|turn|16\n|\n|t:|1698639801\n|move|p1a: Ogerpon|Zen Headbutt|p2a: Clefable|[miss]\n|-miss|p1a: Ogerpon|p2a: Clefable\n|move|p2a: Clefable|Cosmic Power|p2a: Clefable\n|-boost|p2a: Clefable|def|1\n|-boost|p2a: Clefable|spd|0\n|\n|-heal|p2a: Clefable|87\/100|[from] item: Leftovers\n|upkeep\n|turn|17\n|\n|t:|1698639818\n|move|p1a: Ogerpon|Zen Headbutt|p2a: Clefable|[miss]\n|-miss|p1a: Ogerpon|p2a: Clefable\n|move|p2a: Clefable|Cosmic Power|p2a: Clefable\n|-boost|p2a: Clefable|def|1\n|-boost|p2a: Clefable|spd|0\n|\n|-heal|p2a: Clefable|93\/100|[from] item: Leftovers\n|upkeep\n|turn|18\n|\n|t:|1698639826\n|-terastallize|p1a: Ogerpon|Fire\n|detailschange|p1a: Ogerpon|Ogerpon-Hearthflame-Tera, F, tera:Fire\n|-ability|p1a: Ogerpon|Embody Aspect (Hearthflame)|boost\n|-boost|p1a: Ogerpon|atk|1\n|move|p2a: Clefable|Protect|p2a: Clefable\n|-singleturn|p2a: Clefable|Protect\n|move|p1a: Ogerpon|Zen Headbutt|p2a: Clefable\n|-activate|p2a: Clefable|move: Protect\n|\n|-heal|p2a: Clefable|99\/100|[from] item: Leftovers\n|upkeep\n|turn|19\n|\n|t:|1698639836\n|move|p1a: Ogerpon|Zen Headbutt|p2a: Clefable\n|-activate|p2a: Clefable|move: Substitute|[damage]\n|move|p2a: Clefable|Cosmic Power|p2a: Clefable\n|-boost|p2a: Clefable|def|1\n|-boost|p2a: Clefable|spd|0\n|\n|-heal|p2a: Clefable|100\/100|[from] item: Leftovers\n|upkeep\n|turn|20\n|\n|t:|1698639848\n|move|p1a: Ogerpon|Zen Headbutt|p2a: Clefable|[miss]\n|-miss|p1a: Ogerpon|p2a: Clefable\n|move|p2a: Clefable|Cosmic Power|p2a: Clefable\n|-boost|p2a: Clefable|def|1\n|-boost|p2a: Clefable|spd|0\n|\n|upkeep\n|turn|21\n|\n|t:|1698639857\n|move|p1a: Ogerpon|Play Rough|p2a: Clefable\n|-end|p2a: Clefable|Substitute\n|move|p2a: Clefable|Cosmic Power|p2a: Clefable\n|-boost|p2a: Clefable|def|1\n|-boost|p2a: Clefable|spd|0\n|\n|upkeep\n|turn|22\n|\n|t:|1698639868\n|move|p2a: Clefable|Protect|p2a: Clefable\n|-singleturn|p2a: Clefable|Protect\n|move|p1a: Ogerpon|Horn Leech|p2a: Clefable\n|-activate|p2a: Clefable|move: Protect\n|\n|upkeep\n|turn|23\n|\n|t:|1698639879\n|move|p1a: Ogerpon|Horn Leech|p2a: Clefable\n|-damage|p2a: Clefable|80\/100\n|move|p2a: Clefable|Substitute|p2a: Clefable\n|-start|p2a: Clefable|Substitute\n|-damage|p2a: Clefable|55\/100\n|\n|-heal|p2a: Clefable|61\/100|[from] item: Leftovers\n|upkeep\n|turn|24\n|\n|t:|1698639897\n|switch|p1a: Ribombee|Ribombee, M|100\/100\n|move|p2a: Clefable|Protect||[still]\n|-fail|p2a: Clefable\n|\n|-heal|p2a: Clefable|67\/100|[from] item: Leftovers\n|upkeep\n|turn|25\n|\n|t:|1698639906\n|move|p1a: Ribombee|Quiver Dance|p1a: Ribombee\n|-boost|p1a: Ribombee|spa|1\n|-boost|p1a: Ribombee|spd|1\n|-boost|p1a: Ribombee|spe|1\n|move|p2a: Clefable|Baton Pass|p2a: Clefable\n|\n|t:|1698639908\n|switch|p2a: Ninetales|Ninetales-Alola, M|100\/100|[from] Baton Pass\n|-activate|p2a: Ninetales|move: Sticky Web\n|-unboost|p2a: Ninetales|spe|1\n|\n|upkeep\n|turn|26\n|\n|t:|1698639918\n|move|p1a: Ribombee|Baton Pass|p1a: Ribombee\n|\n|t:|1698639926\n|switch|p1a: Gengar|Gengar, M|100\/100|[from] Baton Pass\n|move|p2a: Ninetales|Agility|p2a: Ninetales\n|-boost|p2a: Ninetales|spe|2\n|\n|upkeep\n|turn|27\n|\n|t:|1698639938\n|move|p1a: Gengar|Toxic||[still]\n|-fail|p1a: Gengar\n|move|p2a: Ninetales|Agility|p2a: Ninetales\n|-boost|p2a: Ninetales|spe|2\n|\n|upkeep\n|turn|28\n|\n|t:|1698639949\n|move|p2a: Ninetales|Agility|p2a: Ninetales\n|-boost|p2a: Ninetales|spe|2\n|move|p1a: Gengar|Encore|p2a: Ninetales|[miss]\n|-miss|p1a: Gengar|p2a: Ninetales\n|\n|upkeep\n|turn|29\n|\n|t:|1698639957\n|move|p2a: Ninetales|Agility|p2a: Ninetales\n|-boost|p2a: Ninetales|spe|2\n|move|p1a: Gengar|Shadow Ball|p2a: Ninetales|[miss]\n|-miss|p1a: Gengar|p2a: Ninetales\n|\n|upkeep\n|turn|30\n|\n|t:|1698639965\n|move|p2a: Ninetales|Nasty Plot|p2a: Ninetales\n|-boost|p2a: Ninetales|spa|2\n|move|p1a: Gengar|Shadow Ball|p2a: Ninetales|[miss]\n|-miss|p1a: Gengar|p2a: Ninetales\n|\n|upkeep\n|turn|31\n|\n|t:|1698639975\n|move|p2a: Ninetales|Nasty Plot|p2a: Ninetales\n|-boost|p2a: Ninetales|spa|2\n|move|p1a: Gengar|Shadow Ball|p2a: Ninetales\n|-activate|p2a: Ninetales|move: Substitute|[damage]\n|\n|upkeep\n|turn|32\n|\n|t:|1698639992\n|switch|p1a: Miraidon|Miraidon|100\/100\n|-fieldstart|move: Electric Terrain|[from] ability: Hadron Engine|[of] p1a: Miraidon\n|move|p2a: Ninetales|Nasty Plot|p2a: Ninetales\n|-boost|p2a: Ninetales|spa|2\n|\n|upkeep\n|turn|33\n|\n|t:|1698640015\n|move|p2a: Ninetales|Agility|p2a: Ninetales\n|-boost|p2a: Ninetales|spe|0\n|move|p1a: Miraidon|Crunch|p2a: Ninetales|[miss]\n|-miss|p1a: Miraidon|p2a: Ninetales\n|\n|upkeep\n|turn|34\n|\n|t:|1698640030\n|move|p2a: Ninetales|Agility|p2a: Ninetales\n|-boost|p2a: Ninetales|spe|0\n|move|p1a: Miraidon|Volt Switch|p2a: Ninetales|[miss]\n|-miss|p1a: Miraidon|p2a: Ninetales\n|\n|upkeep\n|turn|35\n|\n|t:|1698640041\n|move|p2a: Ninetales|Agility|p2a: Ninetales\n|-boost|p2a: Ninetales|spe|0\n|move|p1a: Miraidon|Electro Drift|p2a: Ninetales|[miss]\n|-miss|p1a: Miraidon|p2a: Ninetales\n|\n|upkeep\n|turn|36\n|\n|t:|1698640051\n|move|p2a: Ninetales|Agility|p2a: Ninetales\n|-boost|p2a: Ninetales|spe|0\n|move|p1a: Miraidon|Crunch|p2a: Ninetales\n|-resisted|p2a: Ninetales\n|-activate|p2a: Ninetales|move: Substitute|[damage]\n|\n|-fieldend|move: Electric Terrain\n|upkeep\n|turn|37\n|\n|t:|1698640060\n|move|p2a: Ninetales|Nasty Plot|p2a: Ninetales\n|-boost|p2a: Ninetales|spa|0\n|move|p1a: Miraidon|Crunch|p2a: Ninetales\n|-resisted|p2a: Ninetales\n|-activate|p2a: Ninetales|move: Substitute|[damage]\n|\n|upkeep\n|turn|38\n|\n|t:|1698640069\n|switch|p1a: Ogerpon|Ogerpon-Cornerstone, F|100\/100\n|move|p2a: Ninetales|Nasty Plot|p2a: Ninetales\n|-boost|p2a: Ninetales|spa|0\n|\n|upkeep\n|turn|39\n|\n|t:|1698640076\n|switch|p1a: Flutter Mane|Flutter Mane|100\/100\n|move|p2a: Ninetales|Agility|p2a: Ninetales\n|-boost|p2a: Ninetales|spe|0\n|\n|upkeep\n|turn|40\n|\n|t:|1698640084\n|-end|p1a: Flutter Mane|Protosynthesis|[silent]\n|switch|p1a: Ogerpon|Ogerpon-Hearthflame-Tera, F, tera:Fire|100\/100\n|-ability|p1a: Ogerpon|Embody Aspect (Hearthflame)|boost\n|-boost|p1a: Ogerpon|atk|1\n|move|p2a: Ninetales|Agility|p2a: Ninetales\n|-boost|p2a: Ninetales|spe|0\n|\n|upkeep\n|turn|41\n|\n|t:|1698640092\n|switch|p1a: Miraidon|Miraidon|100\/100\n|-fieldstart|move: Electric Terrain|[from] ability: Hadron Engine|[of] p1a: Miraidon\n|move|p2a: Ninetales|Agility|p2a: Ninetales\n|-boost|p2a: Ninetales|spe|0\n|\n|upkeep\n|turn|42\n|\n|t:|1698640100\n|switch|p1a: Ribombee|Ribombee, M|100\/100\n|move|p2a: Ninetales|Agility|p2a: Ninetales\n|-boost|p2a: Ninetales|spe|0\n|\n|upkeep\n|turn|43\n|\n|t:|1698640108\n|switch|p1a: Gengar|Gengar, M|100\/100\n|move|p2a: Ninetales|Agility|p2a: Ninetales\n|-boost|p2a: Ninetales|spe|0\n|\n|upkeep\n|turn|44\n|\n|t:|1698640115\n|switch|p1a: Ogerpon|Ogerpon-Cornerstone, F|100\/100\n|move|p2a: Ninetales|Agility|p2a: Ninetales\n|-boost|p2a: Ninetales|spe|0\n|\n|upkeep\n|turn|45\n|\n|t:|1698640126\n|switch|p1a: Ribombee|Ribombee, M|100\/100\n|move|p2a: Ninetales|Baton Pass|p2a: Ninetales\n|\n|t:|1698640129\n|switch|p2a: Luvdisc|Luvdisc, F|100\/100|[from] Baton Pass\n|-activate|p2a: Luvdisc|move: Sticky Web\n|-unboost|p2a: Luvdisc|spe|1\n|\n|-fieldend|move: Electric Terrain\n|upkeep\n|turn|46\n|\n|t:|1698640142\n|switch|p1a: Ogerpon|Ogerpon-Cornerstone, F|100\/100\n|move|p2a: Luvdisc|Surf|p1a: Ogerpon\n|-damage|p1a: Ogerpon|8\/100\n|\n|upkeep\n|turn|47\n|\n|t:|1698640150\n|move|p2a: Luvdisc|Surf|p1a: Ogerpon\n|-damage|p1a: Ogerpon|0 fnt\n|faint|p1a: Ogerpon\n|\n|upkeep\n|\n|t:|1698640158\n|switch|p1a: Miraidon|Miraidon|100\/100\n|-fieldstart|move: Electric Terrain|[from] ability: Hadron Engine|[of] p1a: Miraidon\n|turn|48\n|\n|t:|1698640165\n|move|p2a: Luvdisc|Ice Beam|p1a: Miraidon\n|-supereffective|p1a: Miraidon\n|-damage|p1a: Miraidon|0 fnt\n|faint|p1a: Miraidon\n|\n|upkeep\n|\n|t:|1698640170\n|switch|p1a: Flutter Mane|Flutter Mane|100\/100\n|turn|49\n|\n|t:|1698640176\n|move|p2a: Luvdisc|Surf|p1a: Flutter Mane\n|-damage|p1a: Flutter Mane|19\/100\n|move|p1a: Flutter Mane|Pain Split||[still]\n|-fail|p1a: Flutter Mane\n|\n|-heal|p1a: Flutter Mane|25\/100|[from] item: Leftovers\n|upkeep\n|turn|50\n|\n|t:|1698640184\n|move|p2a: Luvdisc|Surf|p1a: Flutter Mane\n|-damage|p1a: Flutter Mane|0 fnt\n|faint|p1a: Flutter Mane\n|-end|p1a: Flutter Mane|Protosynthesis|[silent]\n|\n|upkeep\n|\n|t:|1698640189\n|switch|p1a: Gengar|Gengar, M|100\/100\n|turn|51\n|\n|t:|1698640197\n|move|p2a: Luvdisc|Ice Beam|p1a: Gengar\n|-damage|p1a: Gengar|0 fnt\n|-start|p2a: Luvdisc|Disable|Ice Beam|[from] ability: Cursed Body|[of] p1a: Gengar\n|faint|p1a: Gengar\n|\n|upkeep\n|\n|t:|1698640203\n|switch|p1a: Ogerpon|Ogerpon-Hearthflame-Tera, F, tera:Fire|100\/100\n|-ability|p1a: Ogerpon|Embody Aspect (Hearthflame)|boost\n|-boost|p1a: Ogerpon|atk|1\n|turn|52\n|\n|t:|1698640209\n|move|p2a: Luvdisc|Surf|p1a: Ogerpon\n|-supereffective|p1a: Ogerpon\n|-damage|p1a: Ogerpon|0 fnt\n|faint|p1a: Ogerpon\n|\n|-fieldend|move: Electric Terrain\n|upkeep\n|\n|t:|1698640215\n|switch|p1a: Ribombee|Ribombee, M|100\/100\n|turn|53\n|\n|t:|1698640223\n|switch|p2a: Drifblim|Drifblim, F|100\/100\n|move|p1a: Ribombee|Calm Mind|p1a: Ribombee\n|-boost|p1a: Ribombee|spa|1\n|-boost|p1a: Ribombee|spd|1\n|\n|upkeep\n|turn|54\n|\n|t:|1698640230\n|move|p1a: Ribombee|Sticky Web||[still]\n|-fail|p1a: Ribombee\n|move|p2a: Drifblim|Minimize|p2a: Drifblim\n|-boost|p2a: Drifblim|evasion|2\n|\n|upkeep\n|turn|55\n|\n|t:|1698640236\n|move|p1a: Ribombee|Quiver Dance|p1a: Ribombee\n|-boost|p1a: Ribombee|spa|1\n|-boost|p1a: Ribombee|spd|1\n|-boost|p1a: Ribombee|spe|1\n|move|p2a: Drifblim|Minimize|p2a: Drifblim\n|-boost|p2a: Drifblim|evasion|2\n|\n|upkeep\n|turn|56\n|\n|t:|1698640242\n|move|p1a: Ribombee|Quiver Dance|p1a: Ribombee\n|-boost|p1a: Ribombee|spa|1\n|-boost|p1a: Ribombee|spd|1\n|-boost|p1a: Ribombee|spe|1\n|move|p2a: Drifblim|Minimize|p2a: Drifblim\n|-boost|p2a: Drifblim|evasion|2\n|\n|upkeep\n|turn|57\n|\n|t:|1698640248\n|move|p1a: Ribombee|Quiver Dance|p1a: Ribombee\n|-boost|p1a: Ribombee|spa|1\n|-boost|p1a: Ribombee|spd|1\n|-boost|p1a: Ribombee|spe|1\n|move|p2a: Drifblim|Amnesia|p2a: Drifblim\n|-boost|p2a: Drifblim|spd|2\n|\n|upkeep\n|turn|58\n|\n|t:|1698640255\n|move|p1a: Ribombee|Baton Pass||[still]\n|-fail|p1a: Ribombee\n|move|p2a: Drifblim|Amnesia|p2a: Drifblim\n|-boost|p2a: Drifblim|spd|2\n|\n|upkeep\n|turn|59\n|c|\u2606red1998poke|Why quiver dance and calm mi de\n|c|\u2606red1998poke|?\n|-message|Trainer gabhob forfeited.\n|\n|win|red1998poke\n|raw|Trainer gabhob's rating: 1049 &rarr; <strong>1034<\/strong><br \/>(-15 for losing)\n|raw|red1998poke's rating: 1092 &rarr; <strong>1115<\/strong><br \/>(+23 for winning)\n|l|\u2606Trainer gabhob\n","uploadtime":1698640302,"views":8,"p1id":"trainergabhob","p2id":"red1998poke","formatid":"gen9anythinggoes","rating":1034,"private":0,"password":""}