{"id":"gen9anythinggoes-1998220890","p1":"donteatbirds96","p2":"birdeater69","format":"[Gen 9] Anything Goes","log":"|j|\u2606donteatbirds96\n|j|\u2606birdeater69\n|t:|1700915094\n|gametype|singles\n|player|p1|donteatbirds96|psychic-gen4|\n|player|p2|birdeater69|pokemaniac|\n|teamsize|p1|6\n|teamsize|p2|5\n|gen|9\n|tier|[Gen 9] Anything Goes\n|rule|HP Percentage Mod: HP is shown in percentages\n|rule|Endless Battle Clause: Forcing endless battles is banned\n|clearpoke\n|poke|p1|Cinderace, M|\n|poke|p1|Flutter Mane|\n|poke|p1|Gardevoir, M|\n|poke|p1|Sylveon, F|\n|poke|p1|Baxcalibur, F|\n|poke|p1|Gliscor, M|\n|poke|p2|Goodra-Hisui, F|\n|poke|p2|Kommo-o, M|\n|poke|p2|Corviknight, F|\n|poke|p2|Glimmora, M|\n|poke|p2|Mienshao, M|\n|teampreview\n|\n|t:|1700915112\n|start\n|switch|p1a: Someting|Cinderace, M|100\/100\n|switch|p2a: The Ribbon|Mienshao, M, shiny|100\/100\n|turn|1\n|\n|t:|1700915121\n|switch|p1a: Gardevoir|Gardevoir, M|100\/100\n|move|p2a: The Ribbon|Stone Edge|p1a: Gardevoir\n|-damage|p1a: Gardevoir|59\/100\n|\n|upkeep\n|turn|2\n|\n|t:|1700915128\n|move|p2a: The Ribbon|Acrobatics|p1a: Gardevoir\n|-crit|p1a: Gardevoir\n|-damage|p1a: Gardevoir|26\/100\n|move|p1a: Gardevoir|Misty Terrain|p1a: Gardevoir\n|-fieldstart|move: Misty Terrain\n|\n|upkeep\n|turn|3\n|\n|t:|1700915134\n|move|p2a: The Ribbon|Stone Edge|p1a: Gardevoir|[miss]\n|-miss|p2a: The Ribbon|p1a: Gardevoir\n|move|p1a: Gardevoir|Misty Explosion|p2a: The Ribbon\n|-supereffective|p2a: The Ribbon\n|-enditem|p2a: The Ribbon|Focus Sash\n|-damage|p2a: The Ribbon|1\/100\n|faint|p1a: Gardevoir\n|\n|upkeep\n|\n|t:|1700915146\n|switch|p1a: Baxcalibur|Baxcalibur, F|100\/100\n|turn|4\n|\n|t:|1700915152\n|move|p2a: The Ribbon|Reversal|p1a: Baxcalibur\n|-supereffective|p1a: Baxcalibur\n|-damage|p1a: Baxcalibur|0 fnt\n|faint|p1a: Baxcalibur\n|\n|upkeep\n|\n|t:|1700915158\n|switch|p1a: Sylveon|Sylveon, F|100\/100\n|turn|5\n|\n|t:|1700915162\n|move|p2a: The Ribbon|Reversal|p1a: Sylveon\n|-resisted|p1a: Sylveon\n|-damage|p1a: Sylveon|32\/100\n|-start|p2a: The Ribbon|Attract|[from] ability: Cute Charm|[of] p1a: Sylveon\n|move|p1a: Sylveon|Play Rough|p2a: The Ribbon\n|-supereffective|p2a: The Ribbon\n|-crit|p2a: The Ribbon\n|-damage|p2a: The Ribbon|0 fnt\n|faint|p2a: The Ribbon\n|\n|upkeep\n|\n|t:|1700915172\n|switch|p2a: BULLETCASE|Glimmora, M|100\/100\n|turn|6\n|\n|t:|1700915176\n|switch|p1a: Gliscor|Gliscor, M|100\/100\n|move|p2a: BULLETCASE|Sludge Wave|p1a: Gliscor\n|-resisted|p1a: Gliscor\n|-damage|p1a: Gliscor|61\/100\n|-damage|p2a: BULLETCASE|91\/100|[from] item: Life Orb\n|\n|-fieldend|Misty Terrain\n|upkeep\n|turn|7\n|\n|t:|1700915188\n|move|p2a: BULLETCASE|Energy Ball|p1a: Gliscor\n|-damage|p1a: Gliscor|10\/100\n|-damage|p2a: BULLETCASE|81\/100|[from] item: Life Orb\n|move|p1a: Gliscor|High Horsepower|p2a: BULLETCASE\n|-supereffective|p2a: BULLETCASE\n|-crit|p2a: BULLETCASE\n|-damage|p2a: BULLETCASE|0 fnt\n|-activate|p2a: BULLETCASE|ability: Toxic Debris\n|-sidestart|p1: donteatbirds96|move: Toxic Spikes\n|faint|p2a: BULLETCASE\n|\n|upkeep\n|\n|t:|1700915194\n|switch|p2a: The GUARD|Corviknight, F, shiny|100\/100\n|-ability|p2a: The GUARD|Pressure\n|turn|8\n|\n|t:|1700915204\n|switch|p1a: Someting|Cinderace, M|100\/100\n|-status|p1a: Someting|psn\n|move|p2a: The GUARD|Iron Head|p1a: Someting\n|-resisted|p1a: Someting\n|-damage|p1a: Someting|87\/100 psn\n|-damage|p2a: The GUARD|84\/100|[from] item: Rocky Helmet|[of] p1a: Someting\n|\n|-damage|p1a: Someting|74\/100 psn|[from] psn\n|upkeep\n|turn|9\n|\n|t:|1700915211\n|move|p1a: Someting|High Jump Kick|p2a: The GUARD\n|-start|p1a: Someting|typechange|Fighting|[from] ability: Libero\n|-damage|p2a: The GUARD|52\/100\n|move|p2a: The GUARD|Body Press|p1a: Someting\n|-damage|p1a: Someting|50\/100 psn\n|-damage|p2a: The GUARD|36\/100|[from] item: Rocky Helmet|[of] p1a: Someting\n|\n|-damage|p1a: Someting|37\/100 psn|[from] psn\n|upkeep\n|turn|10\n|\n|t:|1700915223\n|move|p1a: Someting|Flamethrower|p2a: The GUARD\n|-supereffective|p2a: The GUARD\n|-enditem|p2a: The GUARD|Occa Berry|[eat]\n|-enditem|p2a: The GUARD|Occa Berry|[weaken]\n|-damage|p2a: The GUARD|14\/100\n|move|p2a: The GUARD|Roost|p2a: The GUARD\n|-heal|p2a: The GUARD|64\/100\n|-singleturn|p2a: The GUARD|move: Roost\n|\n|-damage|p1a: Someting|25\/100 psn|[from] psn\n|upkeep\n|turn|11\n|\n|t:|1700915234\n|move|p1a: Someting|High Jump Kick|p2a: The GUARD\n|-damage|p2a: The GUARD|33\/100\n|move|p2a: The GUARD|Body Press|p1a: Someting\n|-damage|p1a: Someting|0 fnt\n|-damage|p2a: The GUARD|17\/100|[from] item: Rocky Helmet|[of] p1a: Someting\n|faint|p1a: Someting\n|\n|upkeep\n|\n|t:|1700915245\n|switch|p1a: Gliscor|Gliscor, M|10\/100\n|turn|12\n|\n|t:|1700915252\n|move|p1a: Gliscor|High Horsepower|p2a: The GUARD\n|-immune|p2a: The GUARD\n|move|p2a: The GUARD|Roost|p2a: The GUARD\n|-heal|p2a: The GUARD|67\/100\n|-singleturn|p2a: The GUARD|move: Roost\n|\n|upkeep\n|turn|13\n|\n|t:|1700915261\n|move|p1a: Gliscor|Gunk Shot|p2a: The GUARD\n|-immune|p2a: The GUARD\n|move|p2a: The GUARD|Body Press|p1a: Gliscor\n|-resisted|p1a: Gliscor\n|-damage|p1a: Gliscor|0 fnt\n|faint|p1a: Gliscor\n|\n|upkeep\n|\n|t:|1700915267\n|switch|p1a: Sylveon|Sylveon, F|32\/100\n|-status|p1a: Sylveon|psn\n|turn|14\n|\n|t:|1700915274\n|move|p2a: The GUARD|Body Press|p1a: Sylveon\n|-resisted|p1a: Sylveon\n|-damage|p1a: Sylveon|15\/100 psn\n|move|p1a: Sylveon|Play Rough|p2a: The GUARD|[miss]\n|-miss|p1a: Sylveon|p2a: The GUARD\n|\n|-damage|p1a: Sylveon|3\/100 psn|[from] psn\n|upkeep\n|turn|15\n|\n|t:|1700915286\n|move|p2a: The GUARD|Body Press|p1a: Sylveon\n|-resisted|p1a: Sylveon\n|-damage|p1a: Sylveon|0 fnt\n|faint|p1a: Sylveon\n|\n|upkeep\n|\n|t:|1700915291\n|switch|p1a: Flutter Mane|Flutter Mane, shiny|100\/100\n|-status|p1a: Flutter Mane|psn\n|turn|16\n|\n|t:|1700915297\n|-terastallize|p1a: Flutter Mane|Fairy\n|move|p1a: Flutter Mane|Moonblast|p2a: The GUARD\n|-resisted|p2a: The GUARD\n|-damage|p2a: The GUARD|32\/100\n|move|p2a: The GUARD|Body Press|p1a: Flutter Mane\n|-resisted|p1a: Flutter Mane\n|-damage|p1a: Flutter Mane|72\/100 psn\n|-damage|p2a: The GUARD|16\/100|[from] item: Rocky Helmet|[of] p1a: Flutter Mane\n|\n|-damage|p1a: Flutter Mane|60\/100 psn|[from] psn\n|upkeep\n|turn|17\n|\n|t:|1700915311\n|move|p1a: Flutter Mane|Moonblast|p2a: The GUARD\n|-resisted|p2a: The GUARD\n|-damage|p2a: The GUARD|0 fnt\n|faint|p2a: The GUARD\n|\n|-damage|p1a: Flutter Mane|48\/100 psn|[from] psn\n|upkeep\n|\n|t:|1700915314\n|switch|p2a: The Blade|Kommo-o, M|100\/100\n|turn|18\n|\n|t:|1700915320\n|move|p1a: Flutter Mane|Moonblast|p2a: The Blade\n|-supereffective|p2a: The Blade\n|-damage|p2a: The Blade|0 fnt\n|faint|p2a: The Blade\n|\n|-damage|p1a: Flutter Mane|35\/100 psn|[from] psn\n|upkeep\n|\n|t:|1700915325\n|switch|p2a: the bronze knight|Goodra-Hisui, F, shiny|100\/100\n|turn|19\n|\n|t:|1700915329\n|move|p1a: Flutter Mane|Moonblast|p2a: the bronze knight\n|-damage|p2a: the bronze knight|54\/100\n|move|p2a: the bronze knight|Body Press|p1a: Flutter Mane\n|-resisted|p1a: Flutter Mane\n|-damage|p1a: Flutter Mane|14\/100 psn\n|-damage|p2a: the bronze knight|38\/100|[from] item: Rocky Helmet|[of] p1a: Flutter Mane\n|\n|-heal|p2a: the bronze knight|44\/100|[from] item: Leftovers\n|-damage|p1a: Flutter Mane|2\/100 psn|[from] psn\n|upkeep\n|turn|20\n|\n|t:|1700915338\n|move|p1a: Flutter Mane|Moonblast|p2a: the bronze knight\n|-damage|p2a: the bronze knight|0 fnt\n|faint|p2a: the bronze knight\n|\n|win|donteatbirds96\n|l|\u2606donteatbirds96\n|j|\u2606donteatbirds96\n|player|p1|donteatbirds96|psychic-gen4\n","uploadtime":1700915492,"views":1,"p1id":"donteatbirds96","p2id":"birdeater69","formatid":"gen9anythinggoes","rating":0,"private":0,"password":""}