{"id":"gen9anythinggoes-1972770365","p1":"DR4N","p2":"snkae10","format":"[Gen 9] Anything Goes","log":"|j|\u2606DR4N\n|j|\u2606snkae10\n|t:|1697892612\n|gametype|singles\n|player|p1|DR4N|youngster-gen4dp|1048\n|player|p2|snkae10|1|1000\n|teamsize|p1|6\n|teamsize|p2|6\n|gen|9\n|tier|[Gen 9] Anything Goes\n|rated|\n|rule|HP Percentage Mod: HP is shown in percentages\n|rule|Endless Battle Clause: Forcing endless battles is banned\n|clearpoke\n|poke|p1|Scyther, M|\n|poke|p1|Lycanroc, M|\n|poke|p1|Pawmot, M|\n|poke|p1|Clodsire, M|\n|poke|p1|Gogoat, M|\n|poke|p1|Arcanine, M|\n|poke|p2|Spidops, M|\n|poke|p2|Calyrex-Shadow|\n|poke|p2|Lucario, M|\n|poke|p2|Amoonguss, M|\n|poke|p2|Koraidon|\n|poke|p2|Miraidon|\n|teampreview\n|\n|t:|1697892618\n|start\n|switch|p1a: Mick|Pawmot, M, shiny|100\/100\n|switch|p2a: Spidops|Spidops, M|100\/100\n|turn|1\n|\n|t:|1697892628\n|move|p1a: Mick|Nuzzle|p2a: Spidops\n|-damage|p2a: Spidops|91\/100\n|-status|p2a: Spidops|par\n|cant|p2a: Spidops|par\n|\n|upkeep\n|turn|2\n|\n|t:|1697892635\n|switch|p1a: Socks|Scyther, M, shiny|100\/100\n|move|p2a: Spidops|Sticky Web|p1a: Socks\n|-sidestart|p1: DR4N|move: Sticky Web\n|\n|upkeep\n|turn|3\n|\n|t:|1697892650\n|switch|p2a: Lucario|Lucario, M|100\/100\n|-terastallize|p1a: Socks|Flying\n|move|p1a: Socks|Swords Dance|p1a: Socks\n|-boost|p1a: Socks|atk|2\n|\n|upkeep\n|turn|4\n|\n|t:|1697892661\n|switch|p2a: Spidops|Spidops, M|91\/100 par\n|move|p1a: Socks|Trailblaze|p2a: Spidops\n|-resisted|p2a: Spidops\n|-damage|p2a: Spidops|63\/100 par\n|-boost|p1a: Socks|spe|1\n|\n|upkeep\n|turn|5\n|\n|t:|1697892676\n|move|p1a: Socks|Swords Dance|p1a: Socks\n|-boost|p1a: Socks|atk|2\n|move|p2a: Spidops|Toxic Spikes|p1a: Socks\n|-sidestart|p1: DR4N|move: Toxic Spikes\n|\n|upkeep\n|turn|6\n|\n|t:|1697892682\n|move|p1a: Socks|Swords Dance|p1a: Socks\n|-boost|p1a: Socks|atk|2\n|cant|p2a: Spidops|par\n|\n|upkeep\n|turn|7\n|\n|t:|1697892687\n|move|p1a: Socks|Dual Wingbeat|p2a: Spidops\n|-supereffective|p2a: Spidops\n|-damage|p2a: Spidops|0 fnt\n|faint|p2a: Spidops\n|-hitcount|p2: Spidops|1\n|\n|upkeep\n|\n|t:|1697892693\n|switch|p2a: Miraidon|Miraidon|100\/100\n|-fieldstart|move: Electric Terrain|[from] ability: Hadron Engine|[of] p2a: Miraidon\n|turn|8\n|\n|t:|1697892698\n|move|p1a: Socks|Dual Wingbeat|p2a: Miraidon\n|-resisted|p2a: Miraidon\n|-damage|p2a: Miraidon|38\/100\n|-resisted|p2a: Miraidon\n|-damage|p2a: Miraidon|0 fnt\n|faint|p2a: Miraidon\n|-hitcount|p2: Miraidon|2\n|\n|upkeep\n|\n|t:|1697892706\n|switch|p2a: Koraidon|Koraidon|100\/100\n|-weather|SunnyDay|[from] ability: Orichalcum Pulse|[of] p2a: Koraidon\n|-activate|p2a: Koraidon|Orichalcum Pulse|[source]\n|turn|9\n|c|\u2606DR4N|u can give up now if u want to :)\n|\n|t:|1697892724\n|switch|p2a: Calyrex|Calyrex-Shadow|100\/100\n|-ability|p2a: Calyrex|As One\n|-ability|p2a: Calyrex|Unnerve\n|move|p1a: Socks|Dual Wingbeat|p2a: Calyrex\n|-damage|p2a: Calyrex|0 fnt\n|faint|p2a: Calyrex\n|-hitcount|p2: Calyrex|1\n|\n|-weather|SunnyDay|[upkeep]\n|upkeep\n|\n|t:|1697892734\n|switch|p2a: Lucario|Lucario, M|100\/100\n|turn|10\n|\n|t:|1697892738\n|-terastallize|p2a: Lucario|Normal\n|move|p2a: Lucario|Extreme Speed|p1a: Socks\n|-damage|p1a: Socks|70\/100\n|move|p1a: Socks|Dual Wingbeat|p2a: Lucario\n|-damage|p2a: Lucario|0 fnt\n|faint|p2a: Lucario\n|-hitcount|p2: Lucario|1\n|\n|-weather|SunnyDay|[upkeep]\n|upkeep\n|c|\u2606DR4N|No legendary can beat my buig\n|\n|t:|1697892748\n|switch|p2a: Amoonguss|Amoonguss, M|100\/100\n|turn|11\n|c|\u2606DR4N|bug\n|\n|t:|1697892752\n|move|p2a: Amoonguss|Protect|p2a: Amoonguss\n|-singleturn|p2a: Amoonguss|Protect\n|move|p1a: Socks|Dual Wingbeat|p2a: Amoonguss\n|-activate|p2a: Amoonguss|move: Protect\n|\n|-weather|SunnyDay|[upkeep]\n|upkeep\n|turn|12\n|\n|t:|1697892760\n|move|p1a: Socks|Dual Wingbeat|p2a: Amoonguss\n|-supereffective|p2a: Amoonguss\n|-damage|p2a: Amoonguss|0 fnt\n|faint|p2a: Amoonguss\n|-hitcount|p2: Amoonguss|1\n|\n|-weather|SunnyDay|[upkeep]\n|-fieldend|move: Electric Terrain\n|upkeep\n|\n|t:|1697892767\n|switch|p2a: Koraidon|Koraidon|100\/100\n|-activate|p2a: Koraidon|ability: Orichalcum Pulse\n|turn|13\n|c|\u2606DR4N|ggs\n|\n|t:|1697892772\n|move|p1a: Socks|Dual Wingbeat|p2a: Koraidon\n|-supereffective|p2a: Koraidon\n|-damage|p2a: Koraidon|0 fnt\n|faint|p2a: Koraidon\n|-hitcount|p2: Koraidon|1\n|\n|win|DR4N\n|raw|DR4N's rating: 1048 &rarr; <strong>1076<\/strong><br \/>(+28 for winning)\n|raw|snkae10's rating: 1000 &rarr; <strong>1000<\/strong><br \/>(+0 for losing)\n|l|\u2606snkae10\n","uploadtime":1697892906,"views":9,"p1id":"dr4n","p2id":"snkae10","formatid":"gen9anythinggoes","rating":1000,"private":0,"password":""}