{"id":"gen9anythinggoes-1980291874","p1":"Kamitami","p2":"ymmwinaround","format":"[Gen 9] Anything Goes","log":"|j|\u2606Kamitami\n|j|\u2606ymmwinaround\n|t:|1698772864\n|gametype|singles\n|player|p1|Kamitami|steven|1563\n|player|p2|ymmwinaround|jogger|1710\n|teamsize|p1|6\n|teamsize|p2|6\n|gen|9\n|tier|[Gen 9] Anything Goes\n|rated|\n|rule|HP Percentage Mod: HP is shown in percentages\n|rule|Endless Battle Clause: Forcing endless battles is banned\n|clearpoke\n|poke|p1|Amoonguss, M|\n|poke|p1|Grimmsnarl, M|\n|poke|p1|Ditto|\n|poke|p1|Glalie, M|\n|poke|p1|Scovillain, M|\n|poke|p1|Miraidon|\n|poke|p2|Arceus-Fairy|\n|poke|p2|Ting-Lu|\n|poke|p2|Vivillon-Tundra, F|\n|poke|p2|Arceus|\n|poke|p2|Calyrex-Shadow|\n|poke|p2|Toxapex, F|\n|teampreview\n|inactive|Battle timer is ON: inactive players will automatically lose when time's up. (requested by Kamitami)\n|\n|t:|1698772889\n|start\n|switch|p1a: Scovillain|Scovillain, M|100\/100\n|switch|p2a: Ting-Lu|Ting-Lu|100\/100\n|-ability|p2a: Ting-Lu|Vessel of Ruin\n|turn|1\n|\n|t:|1698772897\n|move|p1a: Scovillain|Giga Drain|p2a: Ting-Lu\n|-supereffective|p2a: Ting-Lu\n|-damage|p2a: Ting-Lu|73\/100\n|move|p2a: Ting-Lu|Taunt|p1a: Scovillain\n|-start|p1a: Scovillain|move: Taunt\n|\n|-heal|p2a: Ting-Lu|80\/100|[from] item: Leftovers\n|-ability|p1a: Scovillain|Moody|boost\n|-boost|p1a: Scovillain|spe|2\n|-unboost|p1a: Scovillain|spa|1\n|upkeep\n|turn|2\n|\n|t:|1698772907\n|move|p1a: Scovillain|Giga Drain|p2a: Ting-Lu\n|-supereffective|p2a: Ting-Lu\n|-crit|p2a: Ting-Lu\n|-damage|p2a: Ting-Lu|31\/100\n|move|p2a: Ting-Lu|Spikes|p1a: Scovillain\n|-sidestart|p1: Kamitami|Spikes\n|\n|-heal|p2a: Ting-Lu|38\/100|[from] item: Leftovers\n|-ability|p1a: Scovillain|Moody|boost\n|-boost|p1a: Scovillain|spa|2\n|-unboost|p1a: Scovillain|atk|1\n|upkeep\n|turn|3\n|\n|t:|1698772918\n|switch|p2a: Toxapex|Toxapex, F|100\/100\n|move|p1a: Scovillain|Giga Drain|p2a: Toxapex\n|-damage|p2a: Toxapex|61\/100\n|\n|-ability|p1a: Scovillain|Moody|boost\n|-boost|p1a: Scovillain|spa|2\n|-unboost|p1a: Scovillain|atk|1\n|upkeep\n|turn|4\n|\n|t:|1698772928\n|move|p1a: Scovillain|Giga Drain|p2a: Toxapex\n|-damage|p2a: Toxapex|0 fnt\n|faint|p2a: Toxapex\n|\n|-end|p1a: Scovillain|move: Taunt\n|-ability|p1a: Scovillain|Moody|boost\n|-boost|p1a: Scovillain|spd|2\n|-unboost|p1a: Scovillain|spa|1\n|upkeep\n|\n|t:|1698772934\n|switch|p2a: Ting-Lu|Ting-Lu|38\/100\n|-ability|p2a: Ting-Lu|Vessel of Ruin\n|turn|5\n|\n|t:|1698772940\n|-terastallize|p2a: Ting-Lu|Grass\n|move|p1a: Scovillain|Giga Drain|p2a: Ting-Lu\n|-resisted|p2a: Ting-Lu\n|-damage|p2a: Ting-Lu|24\/100\n|move|p2a: Ting-Lu|Whirlwind|p1a: Scovillain\n|drag|p1a: Ditto|Ditto|100\/100\n|-damage|p1a: Ditto|88\/100|[from] Spikes\n|-transform|p1a: Ditto|p2a: Ting-Lu|[from] ability: Imposter\n|-ability|p1a: Ditto|Vessel of Ruin\n|\n|-heal|p2a: Ting-Lu|30\/100|[from] item: Leftovers\n|-heal|p1a: Ditto|94\/100|[from] item: Leftovers\n|upkeep\n|-start|p1a: Ditto|typechange|Dark\/Ground|[silent]\n|turn|6\n|\n|t:|1698772960\n|move|p2a: Ting-Lu|Taunt|p1a: Ditto\n|-start|p1a: Ditto|move: Taunt\n|cant|p1a: Ditto|move: Taunt|Taunt\n|\n|-heal|p2a: Ting-Lu|36\/100|[from] item: Leftovers\n|-heal|p1a: Ditto|99\/100|[from] item: Leftovers\n|upkeep\n|turn|7\n|\n|t:|1698772971\n|switch|p1a: Scovillain|Scovillain, M|100\/100\n|-damage|p1a: Scovillain|88\/100|[from] Spikes\n|move|p2a: Ting-Lu|Spikes|p1a: Scovillain\n|-sidestart|p1: Kamitami|Spikes\n|\n|-heal|p1a: Scovillain|94\/100|[from] item: Leftovers\n|-heal|p2a: Ting-Lu|43\/100|[from] item: Leftovers\n|-ability|p1a: Scovillain|Moody|boost\n|-boost|p1a: Scovillain|atk|2\n|-unboost|p1a: Scovillain|spe|1\n|upkeep\n|turn|8\n|\n|t:|1698772983\n|switch|p2a: Calyrex|Calyrex-Shadow|100\/100\n|-ability|p2a: Calyrex|As One\n|-ability|p2a: Calyrex|Unnerve\n|move|p1a: Scovillain|Flamethrower|p2a: Calyrex\n|-damage|p2a: Calyrex|56\/100\n|-status|p2a: Calyrex|brn\n|\n|-heal|p1a: Scovillain|100\/100|[from] item: Leftovers\n|-damage|p2a: Calyrex|49\/100 brn|[from] brn\n|-ability|p1a: Scovillain|Moody|boost\n|-boost|p1a: Scovillain|atk|2\n|-unboost|p1a: Scovillain|spd|1\n|upkeep\n|turn|9\n|\n|t:|1698772999\n|switch|p1a: Grimmsnarl|Grimmsnarl, M|100\/100\n|-damage|p1a: Grimmsnarl|84\/100|[from] Spikes\n|move|p2a: Calyrex|Trick|p1a: Grimmsnarl\n|-activate|p2a: Calyrex|move: Trick|[of] p1a: Grimmsnarl\n|-item|p1a: Grimmsnarl|Choice Specs|[from] move: Trick\n|-item|p2a: Calyrex|Light Clay|[from] move: Trick\n|\n|-damage|p2a: Calyrex|43\/100 brn|[from] brn\n|upkeep\n|turn|10\n|\n|t:|1698773009\n|switch|p2a: Arceus|Arceus|100\/100\n|move|p1a: Grimmsnarl|Spirit Break|p2a: Arceus\n|-damage|p2a: Arceus|81\/100\n|-unboost|p2a: Arceus|spa|1\n|\n|upkeep\n|turn|11\n|\n|t:|1698773017\n|switch|p1a: Amoonguss|Amoonguss, M|100\/100\n|-damage|p1a: Amoonguss|84\/100|[from] Spikes\n|move|p2a: Arceus|Swords Dance|p2a: Arceus\n|-boost|p2a: Arceus|atk|2\n|\n|-heal|p1a: Amoonguss|90\/100|[from] item: Black Sludge\n|upkeep\n|turn|12\n|\n|t:|1698773025\n|move|p2a: Arceus|Extreme Speed|p1a: Amoonguss\n|-damage|p1a: Amoonguss|21\/100\n|move|p1a: Amoonguss|Toxic|p2a: Arceus\n|-status|p2a: Arceus|tox\n|\n|-heal|p1a: Amoonguss|28\/100|[from] item: Black Sludge\n|-damage|p2a: Arceus|75\/100 tox|[from] psn\n|upkeep\n|turn|13\n|\n|t:|1698773035\n|move|p1a: Amoonguss|Protect|p1a: Amoonguss\n|-singleturn|p1a: Amoonguss|Protect\n|move|p2a: Arceus|Extreme Speed|p1a: Amoonguss\n|-activate|p1a: Amoonguss|move: Protect\n|\n|-heal|p1a: Amoonguss|34\/100|[from] item: Black Sludge\n|-damage|p2a: Arceus|62\/100 tox|[from] psn\n|upkeep\n|turn|14\n|\n|t:|1698773046\n|switch|p1a: Grimmsnarl|Grimmsnarl, M|84\/100\n|-damage|p1a: Grimmsnarl|67\/100|[from] Spikes\n|move|p2a: Arceus|Extreme Speed|p1a: Grimmsnarl\n|-damage|p1a: Grimmsnarl|0 fnt\n|faint|p1a: Grimmsnarl\n|\n|-damage|p2a: Arceus|44\/100 tox|[from] psn\n|upkeep\n|\n|t:|1698773059\n|switch|p1a: Ditto|Ditto|99\/100\n|-damage|p1a: Ditto|83\/100|[from] Spikes\n|-transform|p1a: Ditto|p2a: Arceus|[from] ability: Imposter\n|turn|15\n|\n|t:|1698773077\n|switch|p2a: Vivillon|Vivillon-Tundra, F|100\/100\n|move|p1a: Ditto|Extreme Speed|p2a: Vivillon\n|-damage|p2a: Vivillon|0 fnt\n|faint|p2a: Vivillon\n|\n|-heal|p1a: Ditto|89\/100|[from] item: Leftovers\n|upkeep\n|\n|t:|1698773080\n|switch|p2a: Arceus|Arceus-Fairy|100\/100\n|turn|16\n|\n|t:|1698773090\n|move|p1a: Ditto|Extreme Speed|p2a: Arceus\n|-damage|p2a: Arceus|58\/100\n|move|p2a: Arceus|Will-O-Wisp|p1a: Ditto|[miss]\n|-miss|p2a: Arceus|p1a: Ditto\n|\n|-heal|p1a: Ditto|95\/100|[from] item: Leftovers\n|upkeep\n|turn|17\n|\n|t:|1698773100\n|switch|p1a: Amoonguss|Amoonguss, M|67\/100\n|-damage|p1a: Amoonguss|50\/100|[from] Spikes\n|move|p2a: Arceus|Recover|p2a: Arceus\n|-heal|p2a: Arceus|100\/100\n|\n|-heal|p1a: Amoonguss|57\/100|[from] item: Black Sludge\n|upkeep\n|turn|18\n|\n|t:|1698773109\n|switch|p2a: Calyrex|Calyrex-Shadow|43\/100 brn\n|-ability|p2a: Calyrex|As One\n|-ability|p2a: Calyrex|Unnerve\n|move|p1a: Amoonguss|Toxic||[still]\n|-fail|p1a: Amoonguss\n|\n|-heal|p1a: Amoonguss|63\/100|[from] item: Black Sludge\n|-damage|p2a: Calyrex|37\/100 brn|[from] brn\n|upkeep\n|turn|19\n|\n|t:|1698773121\n|move|p1a: Amoonguss|Protect|p1a: Amoonguss\n|-singleturn|p1a: Amoonguss|Protect\n|move|p2a: Calyrex|Psyshock|p1a: Amoonguss\n|-activate|p1a: Amoonguss|move: Protect\n|\n|-heal|p1a: Amoonguss|69\/100|[from] item: Black Sludge\n|-damage|p2a: Calyrex|31\/100 brn|[from] brn\n|upkeep\n|turn|20\n|\n|t:|1698773131\n|move|p2a: Calyrex|Astral Barrage|p1a: Amoonguss\n|-damage|p1a: Amoonguss|12\/100\n|move|p1a: Amoonguss|Giga Drain|p2a: Calyrex\n|-damage|p2a: Calyrex|9\/100 brn\n|-heal|p1a: Amoonguss|23\/100|[from] drain|[of] p2a: Calyrex\n|\n|-heal|p1a: Amoonguss|29\/100|[from] item: Black Sludge\n|-damage|p2a: Calyrex|3\/100 brn|[from] brn\n|upkeep\n|turn|21\n|\n|t:|1698773147\n|switch|p2a: Arceus|Arceus|44\/100 tox\n|move|p1a: Amoonguss|Protect||[still]\n|-fail|p1a: Amoonguss\n|\n|-heal|p1a: Amoonguss|35\/100|[from] item: Black Sludge\n|-damage|p2a: Arceus|38\/100 tox|[from] psn\n|upkeep\n|turn|22\n|\n|t:|1698773157\n|move|p2a: Arceus|Recover|p2a: Arceus\n|-heal|p2a: Arceus|88\/100 tox\n|move|p1a: Amoonguss|Clear Smog|p2a: Arceus\n|-damage|p2a: Arceus|79\/100 tox\n|-clearboost|p2a: Arceus\n|\n|-heal|p1a: Amoonguss|41\/100|[from] item: Black Sludge\n|-damage|p2a: Arceus|66\/100 tox|[from] psn\n|upkeep\n|turn|23\n|\n|t:|1698773168\n|move|p1a: Amoonguss|Protect|p1a: Amoonguss\n|-singleturn|p1a: Amoonguss|Protect\n|move|p2a: Arceus|Swords Dance|p2a: Arceus\n|-boost|p2a: Arceus|atk|2\n|\n|-heal|p1a: Amoonguss|48\/100|[from] item: Black Sludge\n|-damage|p2a: Arceus|48\/100 tox|[from] psn\n|upkeep\n|turn|24\n|\n|t:|1698773178\n|switch|p1a: Miraidon|Miraidon|100\/100\n|-damage|p1a: Miraidon|84\/100|[from] Spikes\n|-fieldstart|move: Electric Terrain|[from] ability: Hadron Engine|[of] p1a: Miraidon\n|move|p2a: Arceus|Extreme Speed|p1a: Miraidon\n|-damage|p1a: Miraidon|0 fnt\n|faint|p1a: Miraidon\n|\n|-damage|p2a: Arceus|23\/100 tox|[from] psn\n|upkeep\n|\n|t:|1698773190\n|switch|p1a: Amoonguss|Amoonguss, M|81\/100\n|-damage|p1a: Amoonguss|64\/100|[from] Spikes\n|turn|25\n|\n|t:|1698773198\n|move|p1a: Amoonguss|Protect|p1a: Amoonguss\n|-singleturn|p1a: Amoonguss|Protect\n|move|p2a: Arceus|Recover|p2a: Arceus\n|-heal|p2a: Arceus|73\/100 tox\n|\n|-heal|p1a: Amoonguss|70\/100|[from] item: Black Sludge\n|-damage|p2a: Arceus|42\/100 tox|[from] psn\n|upkeep\n|turn|26\n|\n|t:|1698773207\n|move|p2a: Arceus|Extreme Speed|p1a: Amoonguss\n|-damage|p1a: Amoonguss|0 fnt\n|faint|p1a: Amoonguss\n|\n|-damage|p2a: Arceus|5\/100 tox|[from] psn\n|upkeep\n|\n|t:|1698773214\n|switch|p1a: Ditto|Ditto|95\/100\n|-damage|p1a: Ditto|79\/100|[from] Spikes\n|-transform|p1a: Ditto|p2a: Arceus|[from] ability: Imposter\n|turn|27\n|\n|t:|1698773222\n|move|p2a: Arceus|Extreme Speed|p1a: Ditto\n|-damage|p1a: Ditto|1\/100\n|move|p1a: Ditto|Recover|p1a: Ditto\n|-heal|p1a: Ditto|51\/100\n|\n|-heal|p1a: Ditto|57\/100|[from] item: Leftovers\n|-damage|p2a: Arceus|0 fnt|[from] psn\n|faint|p2a: Arceus\n|upkeep\n|\n|t:|1698773231\n|switch|p2a: Arceus|Arceus-Fairy|100\/100\n|turn|28\n|\n|t:|1698773238\n|switch|p1a: Scovillain|Scovillain, M|100\/100\n|-damage|p1a: Scovillain|84\/100|[from] Spikes\n|move|p2a: Arceus|Calm Mind|p2a: Arceus\n|-boost|p2a: Arceus|spa|1\n|-boost|p2a: Arceus|spd|1\n|\n|-heal|p1a: Scovillain|90\/100|[from] item: Leftovers\n|-fieldend|move: Electric Terrain\n|-ability|p1a: Scovillain|Moody|boost\n|-boost|p1a: Scovillain|spe|2\n|-unboost|p1a: Scovillain|spd|1\n|upkeep\n|turn|29\n|\n|t:|1698773251\n|move|p1a: Scovillain|Substitute|p1a: Scovillain\n|-start|p1a: Scovillain|Substitute\n|-damage|p1a: Scovillain|65\/100\n|move|p2a: Arceus|Judgment|p1a: Scovillain\n|-resisted|p1a: Scovillain\n|-crit|p1a: Scovillain\n|-end|p1a: Scovillain|Substitute\n|\n|-heal|p1a: Scovillain|71\/100|[from] item: Leftovers\n|-ability|p1a: Scovillain|Moody|boost\n|-boost|p1a: Scovillain|spe|2\n|-unboost|p1a: Scovillain|spd|1\n|upkeep\n|turn|30\n|\n|t:|1698773263\n|move|p1a: Scovillain|Protect|p1a: Scovillain\n|-singleturn|p1a: Scovillain|Protect\n|move|p2a: Arceus|Judgment|p1a: Scovillain\n|-activate|p1a: Scovillain|move: Protect\n|\n|-heal|p1a: Scovillain|78\/100|[from] item: Leftovers\n|-ability|p1a: Scovillain|Moody|boost\n|-boost|p1a: Scovillain|atk|2\n|-unboost|p1a: Scovillain|spd|1\n|upkeep\n|turn|31\n|\n|t:|1698773282\n|move|p1a: Scovillain|Substitute|p1a: Scovillain\n|-start|p1a: Scovillain|Substitute\n|-damage|p1a: Scovillain|53\/100\n|move|p2a: Arceus|Judgment|p1a: Scovillain\n|-resisted|p1a: Scovillain\n|-end|p1a: Scovillain|Substitute\n|\n|-heal|p1a: Scovillain|59\/100|[from] item: Leftovers\n|-ability|p1a: Scovillain|Moody|boost\n|-boost|p1a: Scovillain|spd|2\n|-unboost|p1a: Scovillain|atk|1\n|upkeep\n|turn|32\n|\n|t:|1698773294\n|move|p1a: Scovillain|Protect|p1a: Scovillain\n|-singleturn|p1a: Scovillain|Protect\n|move|p2a: Arceus|Calm Mind|p2a: Arceus\n|-boost|p2a: Arceus|spa|1\n|-boost|p2a: Arceus|spd|1\n|\n|-heal|p1a: Scovillain|65\/100|[from] item: Leftovers\n|-ability|p1a: Scovillain|Moody|boost\n|-boost|p1a: Scovillain|spe|2\n|-unboost|p1a: Scovillain|def|1\n|upkeep\n|turn|33\n|\n|t:|1698773305\n|move|p1a: Scovillain|Substitute|p1a: Scovillain\n|-start|p1a: Scovillain|Substitute\n|-damage|p1a: Scovillain|40\/100\n|move|p2a: Arceus|Judgment|p1a: Scovillain\n|-resisted|p1a: Scovillain\n|-end|p1a: Scovillain|Substitute\n|\n|-heal|p1a: Scovillain|46\/100|[from] item: Leftovers\n|-ability|p1a: Scovillain|Moody|boost\n|-boost|p1a: Scovillain|def|2\n|-unboost|p1a: Scovillain|spd|1\n|upkeep\n|turn|34\n|\n|t:|1698773317\n|move|p1a: Scovillain|Protect|p1a: Scovillain\n|-singleturn|p1a: Scovillain|Protect\n|move|p2a: Arceus|Judgment|p1a: Scovillain\n|-activate|p1a: Scovillain|move: Protect\n|\n|-heal|p1a: Scovillain|53\/100|[from] item: Leftovers\n|-ability|p1a: Scovillain|Moody|boost\n|-boost|p1a: Scovillain|spa|2\n|-unboost|p1a: Scovillain|spe|1\n|upkeep\n|turn|35\n|\n|t:|1698773328\n|move|p1a: Scovillain|Substitute|p1a: Scovillain\n|-start|p1a: Scovillain|Substitute\n|-damage|p1a: Scovillain|28\/100\n|move|p2a: Arceus|Judgment|p1a: Scovillain\n|-resisted|p1a: Scovillain\n|-crit|p1a: Scovillain\n|-end|p1a: Scovillain|Substitute\n|\n|-heal|p1a: Scovillain|34\/100|[from] item: Leftovers\n|-ability|p1a: Scovillain|Moody|boost\n|-boost|p1a: Scovillain|spe|1\n|-unboost|p1a: Scovillain|atk|1\n|upkeep\n|turn|36\n|\n|t:|1698773340\n|move|p1a: Scovillain|Protect|p1a: Scovillain\n|-singleturn|p1a: Scovillain|Protect\n|move|p2a: Arceus|Calm Mind|p2a: Arceus\n|-boost|p2a: Arceus|spa|1\n|-boost|p2a: Arceus|spd|1\n|\n|-heal|p1a: Scovillain|40\/100|[from] item: Leftovers\n|-ability|p1a: Scovillain|Moody|boost\n|-boost|p1a: Scovillain|spd|2\n|-unboost|p1a: Scovillain|def|1\n|upkeep\n|turn|37\n|\n|t:|1698773353\n|move|p1a: Scovillain|Flamethrower|p2a: Arceus\n|-damage|p2a: Arceus|78\/100\n|move|p2a: Arceus|Judgment|p1a: Scovillain\n|-resisted|p1a: Scovillain\n|-damage|p1a: Scovillain|0 fnt\n|faint|p1a: Scovillain\n|\n|upkeep\n|\n|t:|1698773361\n|switch|p1a: Ditto|Ditto|57\/100\n|-damage|p1a: Ditto|41\/100|[from] Spikes\n|-transform|p1a: Ditto|p2a: Arceus|[from] ability: Imposter\n|turn|38\n|\n|t:|1698773369\n|-terastallize|p1a: Ditto|Normal\n|move|p1a: Ditto|Recover|p1a: Ditto\n|-heal|p1a: Ditto|91\/100\n|move|p2a: Arceus|Judgment|p1a: Ditto\n|-crit|p1a: Ditto\n|-damage|p1a: Ditto|0 fnt\n|faint|p1a: Ditto\n|\n|upkeep\n|c|\u2606ymmwinaround|oop\n|l|\u2606Kamitami\n|inactive|Kamitami disconnected and has a minute to reconnect!\n|player|p1|\n|inactive|Kamitami has 30 seconds to reconnect!\n|inactive|Kamitami has 20 seconds to reconnect!\n|inactive|Kamitami has 15 seconds to reconnect!\n|inactive|Kamitami has 10 seconds to reconnect!\n|inactive|Kamitami has 5 seconds to reconnect!\n|-message|Kamitami lost due to inactivity.\n|\n|win|ymmwinaround\n|raw|Kamitami's rating: 1563 &rarr; <strong>1551<\/strong><br \/>(-12 for losing)\n|raw|ymmwinaround's rating: 1710 &rarr; <strong>1722<\/strong><br \/>(+12 for winning)\n","uploadtime":1698773447,"views":6,"p1id":"kamitami","p2id":"ymmwinaround","formatid":"gen9anythinggoes","rating":1551,"private":0,"password":""}