{"id":"gen9anythinggoes-1982948674","p1":"Hawkman100","p2":"Harisj","format":"[Gen 9] Anything Goes","log":"|j|\u2606Hawkman100\n|j|\u2606Harisj\n|t:|1699062063\n|gametype|singles\n|player|p1|Hawkman100|1|1277\n|player|p2|Harisj|swimmerf-gen4|1216\n|teamsize|p1|6\n|teamsize|p2|6\n|gen|9\n|tier|[Gen 9] Anything Goes\n|rated|\n|rule|HP Percentage Mod: HP is shown in percentages\n|rule|Endless Battle Clause: Forcing endless battles is banned\n|clearpoke\n|poke|p1|Iron Bundle|\n|poke|p1|Corviknight, F|\n|poke|p1|Clodsire, M|\n|poke|p1|Calyrex-Shadow|\n|poke|p1|Arceus|\n|poke|p1|Miraidon|\n|poke|p2|Baxcalibur, M|\n|poke|p2|Kingambit, M|\n|poke|p2|Calyrex-Shadow|\n|poke|p2|Tinkaton, F|\n|poke|p2|Arcanine-Hisui, F|\n|poke|p2|Corviknight, M|\n|teampreview\n|inactive|Battle timer is ON: inactive players will automatically lose when time's up. (requested by Harisj)\n|\n|t:|1699062077\n|start\n|switch|p1a: Clodsire|Clodsire, M|100\/100\n|switch|p2a: Arcanine|Arcanine-Hisui, F|100\/100\n|turn|1\n|\n|t:|1699062084\n|move|p2a: Arcanine|Stealth Rock|p1a: Clodsire\n|-sidestart|p1: Hawkman100|move: Stealth Rock\n|move|p1a: Clodsire|Yawn|p2a: Arcanine\n|-start|p2a: Arcanine|move: Yawn|[of] p1a: Clodsire\n|\n|upkeep\n|turn|2\n|\n|t:|1699062090\n|move|p2a: Arcanine|Flare Blitz|p1a: Clodsire\n|-damage|p1a: Clodsire|51\/100\n|move|p1a: Clodsire|Earthquake|p2a: Arcanine\n|-supereffective|p2a: Arcanine\n|-damage|p2a: Arcanine|0 fnt\n|faint|p2a: Arcanine\n|\n|-heal|p1a: Clodsire|57\/100|[from] item: Black Sludge\n|upkeep\n|\n|t:|1699062099\n|switch|p2a: Corviknight|Corviknight, M|100\/100\n|-ability|p2a: Corviknight|Unnerve\n|turn|3\n|\n|t:|1699062104\n|move|p2a: Corviknight|Tailwind|p2a: Corviknight\n|-sidestart|p2: Harisj|move: Tailwind\n|move|p1a: Clodsire|Yawn|p2a: Corviknight\n|-start|p2a: Corviknight|move: Yawn|[of] p1a: Clodsire\n|\n|-heal|p1a: Clodsire|64\/100|[from] item: Black Sludge\n|upkeep\n|turn|4\n|\n|t:|1699062114\n|switch|p2a: Baxcalibur|Baxcalibur, M|100\/100\n|move|p1a: Clodsire|Toxic Spikes|p2a: Baxcalibur\n|-sidestart|p2: Harisj|move: Toxic Spikes\n|\n|-heal|p1a: Clodsire|70\/100|[from] item: Black Sludge\n|upkeep\n|turn|5\n|\n|t:|1699062129\n|move|p2a: Baxcalibur|Dragon Dance|p2a: Baxcalibur\n|-boost|p2a: Baxcalibur|atk|1\n|-boost|p2a: Baxcalibur|spe|1\n|move|p1a: Clodsire|Yawn|p2a: Baxcalibur\n|-start|p2a: Baxcalibur|move: Yawn|[of] p1a: Clodsire\n|\n|-heal|p1a: Clodsire|76\/100|[from] item: Black Sludge\n|upkeep\n|turn|6\n|\n|t:|1699062137\n|move|p2a: Baxcalibur|Scale Shot|p1a: Clodsire|[miss]\n|-miss|p2a: Baxcalibur|p1a: Clodsire\n|move|p1a: Clodsire|Spikes|p2a: Baxcalibur\n|-sidestart|p2: Harisj|Spikes\n|\n|-heal|p1a: Clodsire|82\/100|[from] item: Black Sludge\n|-end|p2a: Baxcalibur|move: Yawn|[silent]\n|-status|p2a: Baxcalibur|slp\n|-sideend|p2: Harisj|move: Tailwind\n|upkeep\n|turn|7\n|\n|t:|1699062146\n|switch|p1a: Iron Bundle|Iron Bundle|100\/100\n|-damage|p1a: Iron Bundle|76\/100|[from] Stealth Rock\n|-enditem|p1a: Iron Bundle|Booster Energy\n|-activate|p1a: Iron Bundle|ability: Quark Drive|[fromitem]\n|-start|p1a: Iron Bundle|quarkdrivespe\n|cant|p2a: Baxcalibur|slp\n|\n|upkeep\n|turn|8\n|\n|t:|1699062157\n|-terastallize|p1a: Iron Bundle|Fairy\n|move|p1a: Iron Bundle|Hydro Pump|p2a: Baxcalibur\n|-resisted|p2a: Baxcalibur\n|-damage|p2a: Baxcalibur|70\/100 slp\n|cant|p2a: Baxcalibur|slp\n|\n|upkeep\n|turn|9\n|\n|t:|1699062166\n|switch|p2a: Tinkaton|Tinkaton, F|100\/100\n|-damage|p2a: Tinkaton|88\/100|[from] Spikes\n|-ability|p2a: Tinkaton|Mold Breaker\n|move|p1a: Iron Bundle|Ice Beam|p2a: Tinkaton\n|-resisted|p2a: Tinkaton\n|-crit|p2a: Tinkaton\n|-damage|p2a: Tinkaton|52\/100\n|\n|-heal|p2a: Tinkaton|58\/100|[from] item: Leftovers\n|upkeep\n|turn|10\n|\n|t:|1699062176\n|move|p1a: Iron Bundle|Hydro Pump|p2a: Tinkaton\n|-damage|p2a: Tinkaton|4\/100\n|move|p2a: Tinkaton|Gigaton Hammer|p1a: Iron Bundle\n|-supereffective|p1a: Iron Bundle\n|-damage|p1a: Iron Bundle|0 fnt\n|faint|p1a: Iron Bundle\n|-end|p1a: Iron Bundle|Quark Drive|[silent]\n|\n|-heal|p2a: Tinkaton|10\/100|[from] item: Leftovers\n|upkeep\n|\n|t:|1699062184\n|switch|p1a: Arceus|Arceus|100\/100\n|-damage|p1a: Arceus|88\/100|[from] Stealth Rock\n|turn|11\n|\n|t:|1699062188\n|move|p1a: Arceus|Extreme Speed|p2a: Tinkaton\n|-resisted|p2a: Tinkaton\n|-damage|p2a: Tinkaton|0 fnt\n|faint|p2a: Tinkaton\n|\n|-heal|p1a: Arceus|94\/100|[from] item: Leftovers\n|upkeep\n|\n|t:|1699062192\n|switch|p2a: Baxcalibur|Baxcalibur, M|70\/100 slp\n|-damage|p2a: Baxcalibur|58\/100 slp|[from] Spikes\n|turn|12\n|\n|t:|1699062198\n|-curestatus|p2a: Baxcalibur|slp|[msg]\n|move|p2a: Baxcalibur|Scale Shot|p1a: Arceus\n|-damage|p1a: Arceus|83\/100\n|-damage|p1a: Arceus|72\/100\n|-damage|p1a: Arceus|63\/100\n|-damage|p1a: Arceus|52\/100\n|-hitcount|p1a: Arceus|4\n|-unboost|p2a: Baxcalibur|def|1\n|-boost|p2a: Baxcalibur|spe|1\n|move|p1a: Arceus|Calm Mind|p1a: Arceus\n|-boost|p1a: Arceus|spa|1\n|-boost|p1a: Arceus|spd|1\n|\n|-heal|p1a: Arceus|58\/100|[from] item: Leftovers\n|upkeep\n|turn|13\n|\n|t:|1699062212\n|move|p2a: Baxcalibur|Dragon Dance|p2a: Baxcalibur\n|-boost|p2a: Baxcalibur|atk|1\n|-boost|p2a: Baxcalibur|spe|1\n|move|p1a: Arceus|Dragon Claw|p2a: Baxcalibur\n|-supereffective|p2a: Baxcalibur\n|-damage|p2a: Baxcalibur|0 fnt\n|faint|p2a: Baxcalibur\n|\n|-heal|p1a: Arceus|64\/100|[from] item: Leftovers\n|upkeep\n|\n|t:|1699062222\n|switch|p2a: Calyrex|Calyrex-Shadow|100\/100\n|-ability|p2a: Calyrex|As One\n|-ability|p2a: Calyrex|Unnerve\n|-status|p2a: Calyrex|psn\n|-damage|p2a: Calyrex|88\/100 psn|[from] Spikes\n|turn|14\n|\n|t:|1699062230\n|switch|p2a: Corviknight|Corviknight, M|100\/100\n|-ability|p2a: Corviknight|Unnerve\n|move|p1a: Arceus|Shadow Ball|p2a: Corviknight\n|-damage|p2a: Corviknight|70\/100\n|\n|-heal|p1a: Arceus|70\/100|[from] item: Leftovers\n|upkeep\n|turn|15\n|\n|t:|1699062239\n|move|p1a: Arceus|Calm Mind|p1a: Arceus\n|-boost|p1a: Arceus|spa|1\n|-boost|p1a: Arceus|spd|1\n|move|p2a: Corviknight|Tailwind|p2a: Corviknight\n|-sidestart|p2: Harisj|move: Tailwind\n|\n|-heal|p1a: Arceus|76\/100|[from] item: Leftovers\n|upkeep\n|turn|16\n|\n|t:|1699062246\n|move|p2a: Corviknight|Brave Bird|p1a: Arceus\n|-damage|p1a: Arceus|37\/100\n|-damage|p2a: Corviknight|55\/100|[from] Recoil\n|move|p1a: Arceus|Shadow Ball|p2a: Corviknight\n|-damage|p2a: Corviknight|17\/100\n|-unboost|p2a: Corviknight|spd|1\n|\n|-heal|p1a: Arceus|43\/100|[from] item: Leftovers\n|upkeep\n|turn|17\n|\n|t:|1699062256\n|move|p1a: Arceus|Extreme Speed|p2a: Corviknight\n|-resisted|p2a: Corviknight\n|-damage|p2a: Corviknight|0 fnt\n|-damage|p1a: Arceus|26\/100|[from] item: Rocky Helmet|[of] p2a: Corviknight\n|faint|p2a: Corviknight\n|\n|-heal|p1a: Arceus|32\/100|[from] item: Leftovers\n|upkeep\n|\n|t:|1699062261\n|switch|p2a: Calyrex|Calyrex-Shadow|88\/100 psn\n|-ability|p2a: Calyrex|As One\n|-ability|p2a: Calyrex|Unnerve\n|-damage|p2a: Calyrex|76\/100 psn|[from] Spikes\n|turn|18\n|\n|t:|1699062269\n|move|p2a: Calyrex|Calm Mind|p2a: Calyrex\n|-boost|p2a: Calyrex|spa|1\n|-boost|p2a: Calyrex|spd|1\n|move|p1a: Arceus|Shadow Ball|p2a: Calyrex\n|-supereffective|p2a: Calyrex\n|-damage|p2a: Calyrex|0 fnt\n|faint|p2a: Calyrex\n|\n|-heal|p1a: Arceus|39\/100|[from] item: Leftovers\n|-sideend|p2: Harisj|move: Tailwind\n|upkeep\n|\n|t:|1699062275\n|switch|p2a: Kingambit|Kingambit, M|100\/100\n|-activate|p2a: Kingambit|ability: Supreme Overlord\n|-start|p2a: Kingambit|fallen5|[silent]\n|-item|p2a: Kingambit|Air Balloon\n|turn|19\n|\n|t:|1699062282\n|move|p1a: Arceus|Calm Mind|p1a: Arceus\n|-boost|p1a: Arceus|spa|1\n|-boost|p1a: Arceus|spd|1\n|move|p2a: Kingambit|Kowtow Cleave|p1a: Arceus\n|-damage|p1a: Arceus|0 fnt\n|faint|p1a: Arceus\n|\n|upkeep\n|\n|t:|1699062290\n|switch|p1a: Clodsire|Clodsire, M|82\/100\n|-damage|p1a: Clodsire|76\/100|[from] Stealth Rock\n|turn|20\n|\n|t:|1699062295\n|move|p2a: Kingambit|Swords Dance|p2a: Kingambit\n|-boost|p2a: Kingambit|atk|2\n|move|p1a: Clodsire|Yawn|p2a: Kingambit\n|-start|p2a: Kingambit|move: Yawn|[of] p1a: Clodsire\n|\n|-heal|p1a: Clodsire|82\/100|[from] item: Black Sludge\n|upkeep\n|turn|21\n|\n|t:|1699062306\n|move|p2a: Kingambit|Kowtow Cleave|p1a: Clodsire\n|-damage|p1a: Clodsire|0 fnt\n|faint|p1a: Clodsire\n|\n|-end|p2a: Kingambit|move: Yawn|[silent]\n|-status|p2a: Kingambit|slp\n|upkeep\n|\n|t:|1699062313\n|switch|p1a: Calyrex|Calyrex-Shadow|100\/100\n|-ability|p1a: Calyrex|As One\n|-ability|p1a: Calyrex|Unnerve\n|-damage|p1a: Calyrex|88\/100|[from] Stealth Rock\n|turn|22\n|\n|t:|1699062322\n|move|p1a: Calyrex|Astral Barrage|p2a: Kingambit\n|-resisted|p2a: Kingambit\n|-damage|p2a: Kingambit|55\/100 slp\n|-enditem|p2a: Kingambit|Air Balloon\n|cant|p2a: Kingambit|slp\n|\n|-heal|p1a: Calyrex|94\/100|[from] item: Leftovers\n|upkeep\n|turn|23\n|\n|t:|1699062331\n|move|p1a: Calyrex|Astral Barrage|p2a: Kingambit\n|-resisted|p2a: Kingambit\n|-damage|p2a: Kingambit|10\/100 slp\n|cant|p2a: Kingambit|slp\n|\n|-heal|p1a: Calyrex|100\/100|[from] item: Leftovers\n|upkeep\n|turn|24\n|\n|t:|1699062340\n|move|p1a: Calyrex|Grass Knot|p2a: Kingambit\n|-resisted|p2a: Kingambit\n|-damage|p2a: Kingambit|0 fnt\n|faint|p2a: Kingambit\n|-end|p2a: Kingambit|fallen5|[silent]\n|\n|win|Hawkman100\n|raw|Hawkman100's rating: 1277 &rarr; <strong>1298<\/strong><br \/>(+21 for winning)\n|raw|Harisj's rating: 1216 &rarr; <strong>1195<\/strong><br \/>(-21 for losing)\n|l|\u2606Harisj\n","uploadtime":1699062350,"views":10,"p1id":"hawkman100","p2id":"harisj","formatid":"gen9anythinggoes","rating":1195,"private":0,"password":""}