{"id":"gen9anythinggoes-1972768549","p1":"Zoroarkblade","p2":"YoungEsq","format":"[Gen 9] Anything Goes","log":"|j|\u2606Zoroarkblade\n|j|\u2606YoungEsq\n|t:|1697892347\n|gametype|singles\n|player|p1|Zoroarkblade|2|1169\n|player|p2|YoungEsq|2|1369\n|teamsize|p1|6\n|teamsize|p2|6\n|gen|9\n|tier|[Gen 9] Anything Goes\n|rated|\n|rule|HP Percentage Mod: HP is shown in percentages\n|rule|Endless Battle Clause: Forcing endless battles is banned\n|clearpoke\n|poke|p1|Sneasler, F|\n|poke|p1|Basculegion, M|\n|poke|p1|Goodra-Hisui, F|\n|poke|p1|Meowscarada, F|\n|poke|p1|Skeledirge, F|\n|poke|p1|Iron Bundle|\n|poke|p2|Ting-Lu|\n|poke|p2|Gholdengo|\n|poke|p2|Roaring Moon|\n|poke|p2|Chi-Yu|\n|poke|p2|Samurott-Hisui, M|\n|poke|p2|Mandibuzz, F|\n|teampreview\n|\n|t:|1697892357\n|start\n|switch|p1a: Iron Bundle|Iron Bundle|100\/100\n|switch|p2a: Ting-Lu|Ting-Lu|100\/100\n|-ability|p2a: Ting-Lu|Vessel of Ruin\n|turn|1\n|\n|t:|1697892367\n|-terastallize|p2a: Ting-Lu|Water\n|move|p1a: Iron Bundle|Flip Turn|p2a: Ting-Lu\n|-resisted|p2a: Ting-Lu\n|-damage|p2a: Ting-Lu|92\/100\n|\n|t:|1697892374\n|-end|p1a: Iron Bundle|Quark Drive|[silent]\n|switch|p1a: Meowscarada|Meowscarada, F|100\/100|[from] Flip Turn\n|move|p2a: Ting-Lu|Stealth Rock|p1a: Meowscarada\n|-sidestart|p1: Zoroarkblade|move: Stealth Rock\n|\n|-heal|p2a: Ting-Lu|98\/100|[from] item: Leftovers\n|upkeep\n|turn|2\n|inactive|Battle timer is ON: inactive players will automatically lose when time's up. (requested by YoungEsq)\n|\n|t:|1697892384\n|switch|p2a: Mandibuzz|Mandibuzz, F|100\/100\n|move|p1a: Meowscarada|Knock Off|p2a: Mandibuzz\n|-resisted|p2a: Mandibuzz\n|-damage|p2a: Mandibuzz|84\/100\n|-enditem|p2a: Mandibuzz|Heavy-Duty Boots|[from] move: Knock Off|[of] p1a: Meowscarada\n|\n|upkeep\n|turn|3\n|\n|t:|1697892394\n|switch|p1a: Goodra|Goodra-Hisui, F, shiny|100\/100\n|-damage|p1a: Goodra|94\/100|[from] Stealth Rock\n|move|p2a: Mandibuzz|Toxic|p1a: Goodra\n|-immune|p1a: Goodra\n|\n|-heal|p1a: Goodra|100\/100|[from] item: Leftovers\n|upkeep\n|turn|4\n|\n|t:|1697892405\n|move|p2a: Mandibuzz|Foul Play|p1a: Goodra\n|-damage|p1a: Goodra|77\/100\n|move|p1a: Goodra|Thunderbolt|p2a: Mandibuzz\n|-supereffective|p2a: Mandibuzz\n|-damage|p2a: Mandibuzz|49\/100\n|\n|-heal|p1a: Goodra|83\/100|[from] item: Leftovers\n|upkeep\n|turn|5\n|\n|t:|1697892421\n|move|p2a: Mandibuzz|Roost|p2a: Mandibuzz\n|-heal|p2a: Mandibuzz|99\/100\n|-singleturn|p2a: Mandibuzz|move: Roost\n|move|p1a: Goodra|Dragon Pulse|p2a: Mandibuzz\n|-damage|p2a: Mandibuzz|72\/100\n|\n|-heal|p1a: Goodra|90\/100|[from] item: Leftovers\n|upkeep\n|turn|6\n|\n|t:|1697892444\n|move|p2a: Mandibuzz|Roost|p2a: Mandibuzz\n|-heal|p2a: Mandibuzz|100\/100\n|-singleturn|p2a: Mandibuzz|move: Roost\n|move|p1a: Goodra|Draco Meteor|p2a: Mandibuzz\n|-damage|p2a: Mandibuzz|57\/100\n|-unboost|p1a: Goodra|spa|2\n|\n|-heal|p1a: Goodra|96\/100|[from] item: Leftovers\n|upkeep\n|turn|7\n|\n|t:|1697892465\n|switch|p2a: Samurott|Samurott-Hisui, M|100\/100\n|switch|p1a: Skeledirge|Skeledirge, F|100\/100\n|-damage|p1a: Skeledirge|76\/100|[from] Stealth Rock\n|\n|upkeep\n|turn|8\n|\n|t:|1697892478\n|switch|p1a: Meowscarada|Meowscarada, F|100\/100\n|move|p2a: Samurott|Ceaseless Edge|p1a: Meowscarada\n|-resisted|p1a: Meowscarada\n|-damage|p1a: Meowscarada|63\/100\n|-sidestart|p1: Zoroarkblade|Spikes\n|\n|upkeep\n|turn|9\n|\n|t:|1697892492\n|switch|p2a: Mandibuzz|Mandibuzz, F|57\/100\n|move|p1a: Meowscarada|Flower Trick|p2a: Mandibuzz\n|-resisted|p2a: Mandibuzz\n|-crit|p2a: Mandibuzz\n|-damage|p2a: Mandibuzz|38\/100\n|\n|upkeep\n|turn|10\n|\n|t:|1697892503\n|switch|p2a: Roaring Moon|Roaring Moon|100\/100\n|-enditem|p2a: Roaring Moon|Booster Energy\n|-activate|p2a: Roaring Moon|ability: Protosynthesis|[fromitem]\n|-start|p2a: Roaring Moon|protosynthesisatk\n|move|p1a: Meowscarada|Chilling Water|p2a: Roaring Moon\n|-resisted|p2a: Roaring Moon\n|-damage|p2a: Roaring Moon|96\/100\n|-unboost|p2a: Roaring Moon|atk|1\n|\n|upkeep\n|turn|11\n|\n|t:|1697892514\n|move|p1a: Meowscarada|Brick Break|p2a: Roaring Moon\n|-supereffective|p2a: Roaring Moon\n|-crit|p2a: Roaring Moon\n|-damage|p2a: Roaring Moon|8\/100\n|move|p2a: Roaring Moon|Dragon Dance|p2a: Roaring Moon\n|-boost|p2a: Roaring Moon|atk|1\n|-boost|p2a: Roaring Moon|spe|1\n|\n|upkeep\n|turn|12\n|\n|t:|1697892527\n|move|p2a: Roaring Moon|Acrobatics|p1a: Meowscarada\n|-supereffective|p1a: Meowscarada\n|-damage|p1a: Meowscarada|0 fnt\n|faint|p1a: Meowscarada\n|\n|upkeep\n|\n|t:|1697892537\n|switch|p1a: Iron Bundle|Iron Bundle|100\/100\n|-damage|p1a: Iron Bundle|76\/100|[from] Stealth Rock\n|-damage|p1a: Iron Bundle|63\/100|[from] Spikes\n|turn|13\n|\n|t:|1697892544\n|move|p2a: Roaring Moon|Iron Head|p1a: Iron Bundle\n|-damage|p1a: Iron Bundle|19\/100\n|cant|p1a: Iron Bundle|flinch\n|\n|upkeep\n|turn|14\n|\n|t:|1697892553\n|move|p2a: Roaring Moon|Iron Head|p1a: Iron Bundle\n|-damage|p1a: Iron Bundle|0 fnt\n|faint|p1a: Iron Bundle\n|-end|p1a: Iron Bundle|Quark Drive|[silent]\n|\n|upkeep\n|\n|t:|1697892561\n|switch|p1a: Basculegion|Basculegion, M, shiny|100\/100\n|-damage|p1a: Basculegion|88\/100|[from] Stealth Rock\n|-damage|p1a: Basculegion|76\/100|[from] Spikes\n|turn|15\n|\n|t:|1697892572\n|-end|p2a: Roaring Moon|Protosynthesis|[silent]\n|switch|p2a: Mandibuzz|Mandibuzz, F|38\/100\n|-terastallize|p1a: Basculegion|Fairy\n|move|p1a: Basculegion|Last Respects|p2a: Mandibuzz\n|-resisted|p2a: Mandibuzz\n|-damage|p2a: Mandibuzz|2\/100\n|-damage|p1a: Basculegion|66\/100|[from] item: Life Orb\n|\n|upkeep\n|turn|16\n|\n|t:|1697892584\n|move|p1a: Basculegion|Shadow Ball|p2a: Mandibuzz\n|-resisted|p2a: Mandibuzz\n|-damage|p2a: Mandibuzz|0 fnt\n|faint|p2a: Mandibuzz\n|-damage|p1a: Basculegion|56\/100|[from] item: Life Orb\n|\n|upkeep\n|\n|t:|1697892587\n|switch|p2a: Samurott|Samurott-Hisui, M|100\/100\n|turn|17\n|\n|t:|1697892595\n|switch|p1a: Sneasler|Sneasler, F, shiny|100\/100\n|-damage|p1a: Sneasler|95\/100|[from] Stealth Rock\n|-damage|p1a: Sneasler|82\/100|[from] Spikes\n|move|p2a: Samurott|Ceaseless Edge|p1a: Sneasler\n|-resisted|p1a: Sneasler\n|-damage|p1a: Sneasler|47\/100\n|-sidestart|p1: Zoroarkblade|Spikes\n|\n|upkeep\n|turn|18\n|\n|t:|1697892611\n|move|p1a: Sneasler|Close Combat|p2a: Samurott\n|-supereffective|p2a: Samurott\n|-damage|p2a: Samurott|0 fnt\n|-unboost|p1a: Sneasler|def|1\n|-unboost|p1a: Sneasler|spd|1\n|faint|p2a: Samurott\n|\n|upkeep\n|\n|t:|1697892615\n|switch|p2a: Gholdengo|Gholdengo|100\/100\n|-item|p2a: Gholdengo|Air Balloon\n|turn|19\n|\n|t:|1697892628\n|switch|p1a: Skeledirge|Skeledirge, F|76\/100\n|-damage|p1a: Skeledirge|51\/100|[from] Stealth Rock\n|-damage|p1a: Skeledirge|34\/100|[from] Spikes\n|move|p2a: Gholdengo|Make It Rain|p1a: Skeledirge\n|-resisted|p1a: Skeledirge\n|-damage|p1a: Skeledirge|0 fnt\n|-unboost|p2a: Gholdengo|spa|1\n|faint|p1a: Skeledirge\n|\n|upkeep\n|inactive|Zoroarkblade has 120 seconds left.\n|\n|t:|1697892653\n|switch|p1a: Goodra|Goodra-Hisui, F, shiny|96\/100\n|-damage|p1a: Goodra|90\/100|[from] Stealth Rock\n|-damage|p1a: Goodra|73\/100|[from] Spikes\n|turn|20\n|\n|t:|1697892661\n|switch|p2a: Ting-Lu|Ting-Lu, tera:Water|98\/100\n|-ability|p2a: Ting-Lu|Vessel of Ruin\n|move|p1a: Goodra|Thunderbolt|p2a: Ting-Lu\n|-supereffective|p2a: Ting-Lu\n|-damage|p2a: Ting-Lu|73\/100\n|\n|-heal|p1a: Goodra|79\/100|[from] item: Leftovers\n|-heal|p2a: Ting-Lu|79\/100|[from] item: Leftovers\n|upkeep\n|turn|21\n|\n|t:|1697892675\n|move|p1a: Goodra|Draco Meteor|p2a: Ting-Lu|[miss]\n|-miss|p1a: Goodra|p2a: Ting-Lu\n|move|p2a: Ting-Lu|Earthquake|p1a: Goodra\n|-supereffective|p1a: Goodra\n|-damage|p1a: Goodra|11\/100\n|\n|-heal|p1a: Goodra|17\/100|[from] item: Leftovers\n|-heal|p2a: Ting-Lu|85\/100|[from] item: Leftovers\n|upkeep\n|turn|22\n|\n|t:|1697892687\n|move|p1a: Goodra|Draco Meteor|p2a: Ting-Lu\n|-damage|p2a: Ting-Lu|60\/100\n|-unboost|p1a: Goodra|spa|2\n|move|p2a: Ting-Lu|Earthquake|p1a: Goodra\n|-supereffective|p1a: Goodra\n|-damage|p1a: Goodra|0 fnt\n|faint|p1a: Goodra\n|\n|-heal|p2a: Ting-Lu|66\/100|[from] item: Leftovers\n|upkeep\n|inactive|Zoroarkblade has 120 seconds left.\n|\n|t:|1697892700\n|switch|p1a: Sneasler|Sneasler, F, shiny|47\/100\n|-damage|p1a: Sneasler|41\/100|[from] Stealth Rock\n|-damage|p1a: Sneasler|24\/100|[from] Spikes\n|turn|23\n|\n|t:|1697892712\n|switch|p2a: Roaring Moon|Roaring Moon|8\/100\n|move|p1a: Sneasler|Dire Claw|p2a: Roaring Moon\n|-damage|p2a: Roaring Moon|0 fnt\n|faint|p2a: Roaring Moon\n|-end|p2a: Roaring Moon|Protosynthesis|[silent]\n|\n|upkeep\n|\n|t:|1697892717\n|switch|p2a: Chi-Yu|Chi-Yu|100\/100\n|-ability|p2a: Chi-Yu|Beads of Ruin\n|turn|24\n|\n|t:|1697892724\n|move|p1a: Sneasler|Dire Claw|p2a: Chi-Yu\n|-crit|p2a: Chi-Yu\n|-damage|p2a: Chi-Yu|1\/100\n|-status|p2a: Chi-Yu|psn\n|move|p2a: Chi-Yu|Psychic|p1a: Sneasler\n|-supereffective|p1a: Sneasler\n|-damage|p1a: Sneasler|0 fnt\n|faint|p1a: Sneasler\n|\n|-damage|p2a: Chi-Yu|0 fnt|[from] psn\n|faint|p2a: Chi-Yu\n|upkeep\n|\n|t:|1697892740\n|switch|p1a: Basculegion|Basculegion, M, shiny, tera:Fairy|56\/100\n|switch|p2a: Ting-Lu|Ting-Lu, tera:Water|66\/100\n|-damage|p1a: Basculegion|44\/100|[from] Stealth Rock\n|-damage|p1a: Basculegion|27\/100|[from] Spikes\n|-ability|p2a: Ting-Lu|Vessel of Ruin\n|turn|25\n|\n|t:|1697892754\n|move|p1a: Basculegion|Last Respects|p2a: Ting-Lu\n|-damage|p2a: Ting-Lu|0 fnt\n|faint|p2a: Ting-Lu\n|-damage|p1a: Basculegion|17\/100|[from] item: Life Orb\n|\n|upkeep\n|\n|t:|1697892757\n|switch|p2a: Gholdengo|Gholdengo|100\/100\n|-item|p2a: Gholdengo|Air Balloon\n|turn|26\n|\n|t:|1697892767\n|move|p2a: Gholdengo|Make It Rain|p1a: Basculegion\n|-supereffective|p1a: Basculegion\n|-damage|p1a: Basculegion|0 fnt\n|-unboost|p2a: Gholdengo|spa|1\n|faint|p1a: Basculegion\n|\n|win|YoungEsq\n|raw|Zoroarkblade's rating: 1169 &rarr; <strong>1157<\/strong><br \/>(-12 for losing)\n|raw|YoungEsq's rating: 1369 &rarr; <strong>1379<\/strong><br \/>(+10 for winning)\n","uploadtime":1697892775,"views":7,"p1id":"zoroarkblade","p2id":"youngesq","formatid":"gen9anythinggoes","rating":1157,"private":0,"password":""}