{"id":"gen9anythinggoes-1972842826","p1":"qwer.jpg","p2":"ThreeTimesACharm\u2605","format":"[Gen 9] Anything Goes","log":"|j|\u2606qwer.jpg\n|j|\u2606ThreeTimesACharm\u2605\n|t:|1697901302\n|gametype|singles\n|player|p1|qwer.jpg|101|1410\n|player|p2|ThreeTimesACharm\u2605|alec-anime|1463\n|teamsize|p1|6\n|teamsize|p2|6\n|gen|9\n|tier|[Gen 9] Anything Goes\n|rated|\n|rule|HP Percentage Mod: HP is shown in percentages\n|rule|Endless Battle Clause: Forcing endless battles is banned\n|clearpoke\n|poke|p1|Calyrex-Shadow|\n|poke|p1|Arceus|\n|poke|p1|Koraidon|\n|poke|p1|Dondozo, F|\n|poke|p1|Corviknight, M|\n|poke|p1|Blissey, F|\n|poke|p2|Miraidon|\n|poke|p2|Koraidon|\n|poke|p2|Ogerpon-Hearthflame, F|\n|poke|p2|Calyrex-Shadow|\n|poke|p2|Great Tusk|\n|poke|p2|Ribombee, M|\n|teampreview\n|inactive|Battle timer is ON: inactive players will automatically lose when time's up. (requested by ThreeTimesACharm\u2605)\n|\n|t:|1697901319\n|start\n|switch|p1a: Corviknight|Corviknight, M|100\/100\n|switch|p2a: Koraidon|Koraidon|100\/100\n|-weather|SunnyDay|[from] ability: Orichalcum Pulse|[of] p2a: Koraidon\n|-activate|p2a: Koraidon|Orichalcum Pulse|[source]\n|-ability|p1a: Corviknight|Pressure\n|turn|1\n|\n|t:|1697901330\n|switch|p1a: Dondozo|Dondozo, F|100\/100\n|move|p2a: Koraidon|Flare Blitz|p1a: Dondozo\n|-resisted|p1a: Dondozo\n|-damage|p1a: Dondozo|81\/100\n|-damage|p2a: Koraidon|91\/100|[from] Recoil\n|\n|-weather|SunnyDay|[upkeep]\n|-heal|p1a: Dondozo|87\/100|[from] item: Leftovers\n|upkeep\n|turn|2\n|\n|t:|1697901341\n|switch|p2a: Ribombee|Ribombee, M|100\/100\n|move|p1a: Dondozo|Yawn|p2a: Ribombee\n|-start|p2a: Ribombee|move: Yawn|[of] p1a: Dondozo\n|\n|-weather|SunnyDay|[upkeep]\n|-heal|p1a: Dondozo|94\/100|[from] item: Leftovers\n|upkeep\n|turn|3\n|\n|t:|1697901355\n|switch|p2a: Miraidon|Miraidon|100\/100\n|-fieldstart|move: Electric Terrain|[from] ability: Hadron Engine|[of] p2a: Miraidon\n|switch|p1a: Corviknight|Corviknight, M|100\/100\n|-ability|p1a: Corviknight|Pressure\n|\n|-weather|SunnyDay|[upkeep]\n|upkeep\n|turn|4\n|\n|t:|1697901366\n|switch|p1a: Blissey|Blissey, F|100\/100\n|move|p2a: Miraidon|Volt Switch|p1a: Blissey\n|-damage|p1a: Blissey|81\/100\n|\n|t:|1697901378\n|switch|p2a: Ogerpon|Ogerpon-Hearthflame, F|100\/100|[from] Volt Switch\n|-ability|p2a: Ogerpon|Mold Breaker\n|\n|-weather|SunnyDay|[upkeep]\n|-heal|p1a: Blissey|88\/100|[from] item: Leftovers\n|upkeep\n|turn|5\n|\n|t:|1697901395\n|switch|p1a: Dondozo|Dondozo, F|94\/100\n|move|p2a: Ogerpon|Trailblaze|p1a: Dondozo\n|-supereffective|p1a: Dondozo\n|-damage|p1a: Dondozo|67\/100\n|-boost|p2a: Ogerpon|spe|1\n|\n|-weather|none\n|-heal|p1a: Dondozo|73\/100|[from] item: Leftovers\n|upkeep\n|turn|6\n|\n|t:|1697901407\n|move|p2a: Ogerpon|Swords Dance|p2a: Ogerpon\n|-boost|p2a: Ogerpon|atk|2\n|move|p1a: Dondozo|Yawn|p2a: Ogerpon\n|-activate|p2a: Ogerpon|move: Electric Terrain\n|\n|-heal|p1a: Dondozo|79\/100|[from] item: Leftovers\n|upkeep\n|turn|7\n|\n|t:|1697901425\n|move|p2a: Ogerpon|Horn Leech|p1a: Dondozo\n|-supereffective|p1a: Dondozo\n|-damage|p1a: Dondozo|5\/100\n|move|p1a: Dondozo|Curse|p1a: Dondozo\n|-unboost|p1a: Dondozo|spe|1\n|-boost|p1a: Dondozo|atk|1\n|-boost|p1a: Dondozo|def|1\n|\n|-heal|p1a: Dondozo|11\/100|[from] item: Leftovers\n|-fieldend|move: Electric Terrain\n|upkeep\n|turn|8\n|inactive|qwer.jpg has 120 seconds left.\n|\n|t:|1697901446\n|switch|p1a: Arceus|Arceus|100\/100\n|move|p2a: Ogerpon|Trailblaze|p1a: Arceus\n|-damage|p1a: Arceus|59\/100\n|-boost|p2a: Ogerpon|spe|1\n|\n|-heal|p1a: Arceus|65\/100|[from] item: Leftovers\n|upkeep\n|turn|9\n|inactive|qwer.jpg has 120 seconds left.\n|\n|t:|1697901459\n|move|p2a: Ogerpon|Ivy Cudgel|p1a: Arceus\n|-damage|p1a: Arceus|0 fnt\n|faint|p1a: Arceus\n|\n|upkeep\n|inactive|qwer.jpg has 120 seconds left.\n|\n|t:|1697901466\n|switch|p1a: Koraidon|Koraidon|100\/100\n|-weather|SunnyDay|[from] ability: Orichalcum Pulse|[of] p1a: Koraidon\n|-activate|p1a: Koraidon|Orichalcum Pulse|[source]\n|turn|10\n|inactive|qwer.jpg has 120 seconds left.\n|\n|t:|1697901476\n|-terastallize|p2a: Ogerpon|Fire\n|detailschange|p2a: Ogerpon|Ogerpon-Hearthflame-Tera, F, tera:Fire\n|-ability|p2a: Ogerpon|Embody Aspect (Hearthflame)|boost\n|-boost|p2a: Ogerpon|atk|1\n|-terastallize|p1a: Koraidon|Fire\n|move|p2a: Ogerpon|Ivy Cudgel|p1a: Koraidon\n|-resisted|p1a: Koraidon\n|-damage|p1a: Koraidon|0 fnt\n|faint|p1a: Koraidon\n|\n|-weather|SunnyDay|[upkeep]\n|upkeep\n|inactive|qwer.jpg has 120 seconds left.\n|inactive|qwer.jpg has 90 seconds left.\n|inactive|qwer.jpg has 60 seconds left.\n|inactive|qwer.jpg has 30 seconds left.\n|-message|qwer.jpg forfeited.\n|\n|win|ThreeTimesACharm\u2605\n|raw|qwer.jpg's rating: 1410 &rarr; <strong>1393<\/strong><br \/>(-17 for losing)\n|raw|ThreeTimesACharm\u2605's rating: 1463 &rarr; <strong>1480<\/strong><br \/>(+17 for winning)\n|l|\u2606qwer.jpg\n","uploadtime":1697901579,"views":5,"p1id":"qwerjpg","p2id":"threetimesacharm","formatid":"gen9anythinggoes","rating":1393,"private":0,"password":""}