{"id":"gen9anythinggoes-1983810990","p1":"Harisj","p2":"Frazzle99","format":"[Gen 9] Anything Goes","log":"|j|\u2606Harisj\n|j|\u2606Frazzle99\n|t:|1699185459\n|gametype|singles\n|player|p1|Harisj|swimmerf-gen4|1232\n|player|p2|Frazzle99|266|1116\n|teamsize|p1|6\n|teamsize|p2|6\n|gen|9\n|tier|[Gen 9] Anything Goes\n|rated|\n|rule|HP Percentage Mod: HP is shown in percentages\n|rule|Endless Battle Clause: Forcing endless battles is banned\n|clearpoke\n|poke|p1|Baxcalibur, F|\n|poke|p1|Kingambit, M|\n|poke|p1|Calyrex-Shadow|\n|poke|p1|Arcanine-Hisui, F|\n|poke|p1|Palafin, M|\n|poke|p1|Zacian-*|\n|poke|p2|Scream Tail|\n|poke|p2|Drifblim, F|\n|poke|p2|Maushold-Four|\n|poke|p2|Calyrex-Ice|\n|poke|p2|Annihilape, M|\n|poke|p2|Infernape, F|\n|teampreview\n|inactive|Battle timer is ON: inactive players will automatically lose when time's up. (requested by Harisj)\n|\n|t:|1699185465\n|start\n|switch|p1a: Arcanine|Arcanine-Hisui, F|100\/100\n|switch|p2a: Drifblim|Drifblim, F|100\/100\n|turn|1\n|\n|t:|1699185472\n|move|p1a: Arcanine|Head Smash|p2a: Drifblim\n|-supereffective|p2a: Drifblim\n|-crit|p2a: Drifblim\n|-enditem|p2a: Drifblim|Focus Sash\n|-damage|p2a: Drifblim|1\/100\n|move|p2a: Drifblim|Minimize|p2a: Drifblim\n|-boost|p2a: Drifblim|evasion|2\n|\n|upkeep\n|turn|2\n|\n|t:|1699185481\n|move|p1a: Arcanine|Head Smash|p2a: Drifblim|[miss]\n|-miss|p1a: Arcanine|p2a: Drifblim\n|move|p2a: Drifblim|Baton Pass|p2a: Drifblim\n|\n|t:|1699185486\n|switch|p2a: Scream Tail|Scream Tail|100\/100|[from] Baton Pass\n|-enditem|p2a: Scream Tail|Booster Energy\n|-activate|p2a: Scream Tail|ability: Protosynthesis|[fromitem]\n|-start|p2a: Scream Tail|protosynthesisspe\n|\n|upkeep\n|turn|3\n|\n|t:|1699185496\n|move|p2a: Scream Tail|Bulk Up|p2a: Scream Tail\n|-boost|p2a: Scream Tail|atk|1\n|-boost|p2a: Scream Tail|def|1\n|move|p1a: Arcanine|Head Smash|p2a: Scream Tail|[miss]\n|-miss|p1a: Arcanine|p2a: Scream Tail\n|\n|upkeep\n|turn|4\n|\n|t:|1699185503\n|move|p2a: Scream Tail|Bulk Up|p2a: Scream Tail\n|-boost|p2a: Scream Tail|atk|1\n|-boost|p2a: Scream Tail|def|1\n|move|p1a: Arcanine|Stealth Rock|p2a: Scream Tail\n|-sidestart|p2: Frazzle99|move: Stealth Rock\n|\n|upkeep\n|turn|5\n|\n|t:|1699185510\n|move|p2a: Scream Tail|Bulk Up|p2a: Scream Tail\n|-boost|p2a: Scream Tail|atk|1\n|-boost|p2a: Scream Tail|def|1\n|move|p1a: Arcanine|Flare Blitz|p2a: Scream Tail\n|-damage|p2a: Scream Tail|86\/100\n|\n|upkeep\n|turn|6\n|\n|t:|1699185518\n|move|p2a: Scream Tail|Bulk Up|p2a: Scream Tail\n|-boost|p2a: Scream Tail|atk|1\n|-boost|p2a: Scream Tail|def|1\n|move|p1a: Arcanine|Flare Blitz|p2a: Scream Tail|[miss]\n|-miss|p1a: Arcanine|p2a: Scream Tail\n|\n|upkeep\n|turn|7\n|\n|t:|1699185525\n|move|p2a: Scream Tail|Amnesia|p2a: Scream Tail\n|-boost|p2a: Scream Tail|spd|2\n|move|p1a: Arcanine|Flare Blitz|p2a: Scream Tail\n|-damage|p2a: Scream Tail|74\/100\n|\n|upkeep\n|turn|8\n|\n|t:|1699185532\n|move|p2a: Scream Tail|Amnesia|p2a: Scream Tail\n|-boost|p2a: Scream Tail|spd|2\n|move|p1a: Arcanine|Flare Blitz|p2a: Scream Tail\n|-damage|p2a: Scream Tail|62\/100\n|\n|upkeep\n|turn|9\n|\n|t:|1699185539\n|move|p2a: Scream Tail|Substitute|p2a: Scream Tail\n|-start|p2a: Scream Tail|Substitute\n|-damage|p2a: Scream Tail|37\/100\n|move|p1a: Arcanine|Flare Blitz|p2a: Scream Tail\n|-activate|p2a: Scream Tail|move: Substitute|[damage]\n|\n|upkeep\n|turn|10\n|\n|t:|1699185546\n|move|p2a: Scream Tail|Baton Pass|p2a: Scream Tail\n|\n|t:|1699185552\n|-end|p2a: Scream Tail|Protosynthesis|[silent]\n|switch|p2a: Calyrex|Calyrex-Ice|100\/100|[from] Baton Pass\n|-ability|p2a: Calyrex|As One\n|-ability|p2a: Calyrex|Unnerve\n|-damage|p2a: Calyrex|76\/100|[from] Stealth Rock\n|move|p1a: Arcanine|Flare Blitz|p2a: Calyrex\n|-supereffective|p2a: Calyrex\n|-end|p2a: Calyrex|Substitute\n|\n|-heal|p2a: Calyrex|82\/100|[from] item: Leftovers\n|upkeep\n|turn|11\n|\n|t:|1699185575\n|-terastallize|p2a: Calyrex|Psychic\n|move|p1a: Arcanine|Flare Blitz|p2a: Calyrex\n|-damage|p2a: Calyrex|73\/100\n|move|p2a: Calyrex|Stored Power|p1a: Arcanine\n|-enditem|p1a: Arcanine|Focus Sash\n|-damage|p1a: Arcanine|1\/100\n|\n|-heal|p2a: Calyrex|79\/100|[from] item: Leftovers\n|upkeep\n|turn|12\n|\n|t:|1699185587\n|move|p1a: Arcanine|Head Smash|p2a: Calyrex\n|-damage|p2a: Calyrex|68\/100\n|move|p2a: Calyrex|Psychic|p1a: Arcanine\n|-damage|p1a: Arcanine|0 fnt\n|faint|p1a: Arcanine\n|-ability|p2a: Calyrex|Chilling Neigh|boost\n|-boost|p2a: Calyrex|atk|1\n|\n|-heal|p2a: Calyrex|74\/100|[from] item: Leftovers\n|upkeep\n|\n|t:|1699185592\n|switch|p1a: Calyrex|Calyrex-Shadow|100\/100\n|-ability|p1a: Calyrex|As One\n|-ability|p1a: Calyrex|Unnerve\n|turn|13\n|\n|t:|1699185605\n|move|p1a: Calyrex|Astral Barrage|p2a: Calyrex\n|-supereffective|p2a: Calyrex\n|-damage|p2a: Calyrex|42\/100\n|move|p2a: Calyrex|Stored Power|p1a: Calyrex\n|-resisted|p1a: Calyrex\n|-damage|p1a: Calyrex|40\/100\n|\n|-heal|p2a: Calyrex|48\/100|[from] item: Leftovers\n|upkeep\n|turn|14\n|\n|t:|1699185616\n|move|p1a: Calyrex|Astral Barrage|p2a: Calyrex|[miss]\n|-miss|p1a: Calyrex|p2a: Calyrex\n|move|p2a: Calyrex|Stored Power|p1a: Calyrex\n|-resisted|p1a: Calyrex\n|-damage|p1a: Calyrex|0 fnt\n|faint|p1a: Calyrex\n|-ability|p2a: Calyrex|Chilling Neigh|boost\n|-boost|p2a: Calyrex|atk|1\n|\n|-heal|p2a: Calyrex|54\/100|[from] item: Leftovers\n|upkeep\n|\n|t:|1699185624\n|switch|p1a: Palafin|Palafin, M|100\/100\n|turn|15\n|\n|t:|1699185632\n|move|p1a: Palafin|Flip Turn|p2a: Calyrex|[miss]\n|-miss|p1a: Palafin|p2a: Calyrex\n|move|p2a: Calyrex|Giga Drain|p1a: Palafin\n|-supereffective|p1a: Palafin\n|-crit|p1a: Palafin\n|-damage|p1a: Palafin|31\/100\n|-heal|p2a: Calyrex|86\/100|[from] drain|[of] p1a: Palafin\n|\n|-heal|p1a: Palafin|37\/100|[from] item: Leftovers\n|-heal|p2a: Calyrex|92\/100|[from] item: Leftovers\n|upkeep\n|turn|16\n|\n|t:|1699185661\n|move|p1a: Palafin|Flip Turn|p2a: Calyrex|[miss]\n|-miss|p1a: Palafin|p2a: Calyrex\n|move|p2a: Calyrex|Giga Drain|p1a: Palafin\n|-supereffective|p1a: Palafin\n|-damage|p1a: Palafin|0 fnt\n|-heal|p2a: Calyrex|100\/100|[from] drain|[of] p1a: Palafin\n|faint|p1a: Palafin\n|\n|upkeep\n|\n|t:|1699185666\n|switch|p1a: Baxcalibur|Baxcalibur, F|100\/100\n|turn|17\n|\n|t:|1699185673\n|move|p1a: Baxcalibur|Scale Shot|p2a: Calyrex\n|-damage|p2a: Calyrex|98\/100\n|-damage|p2a: Calyrex|95\/100\n|-damage|p2a: Calyrex|91\/100\n|-damage|p2a: Calyrex|88\/100\n|-damage|p2a: Calyrex|85\/100\n|-hitcount|p2a: Calyrex|5\n|-unboost|p1a: Baxcalibur|def|1\n|-boost|p1a: Baxcalibur|spe|1\n|move|p2a: Calyrex|Glacial Lance|p1a: Baxcalibur\n|-damage|p1a: Baxcalibur|0 fnt\n|faint|p1a: Baxcalibur\n|\n|-heal|p2a: Calyrex|91\/100|[from] item: Leftovers\n|upkeep\n|\n|t:|1699185677\n|switch|p1a: Zacian|Zacian-Crowned|100\/100\n|-ability|p1a: Zacian|Intrepid Sword|boost\n|-boost|p1a: Zacian|atk|1\n|turn|18\n|\n|t:|1699185694\n|move|p1a: Zacian|Behemoth Blade|p2a: Calyrex\n|-damage|p2a: Calyrex|76\/100\n|move|p2a: Calyrex|Glacial Lance|p1a: Zacian\n|-resisted|p1a: Zacian\n|-damage|p1a: Zacian|0 fnt\n|faint|p1a: Zacian\n|\n|-heal|p2a: Calyrex|82\/100|[from] item: Leftovers\n|upkeep\n|\n|t:|1699185701\n|switch|p1a: Kingambit|Kingambit, M|100\/100\n|-activate|p1a: Kingambit|ability: Supreme Overlord\n|-start|p1a: Kingambit|fallen5|[silent]\n|-item|p1a: Kingambit|Air Balloon\n|turn|19\n|\n|t:|1699185710\n|move|p2a: Calyrex|Glacial Lance|p1a: Kingambit\n|-resisted|p1a: Kingambit\n|-damage|p1a: Kingambit|0 fnt\n|-enditem|p1a: Kingambit|Air Balloon\n|faint|p1a: Kingambit\n|-end|p1a: Kingambit|fallen5|[silent]\n|\n|win|Frazzle99\n|raw|Harisj's rating: 1232 &rarr; <strong>1199<\/strong><br \/>(-33 for losing)\n|raw|Frazzle99's rating: 1116 &rarr; <strong>1149<\/strong><br \/>(+33 for winning)\n|l|\u2606Harisj\n","uploadtime":1699185719,"views":7,"p1id":"harisj","p2id":"frazzle99","formatid":"gen9anythinggoes","rating":1149,"private":0,"password":""}