{"id":"gen9anythinggoes-1972226613","p1":"zeyden100","p2":"sun.pdf","format":"[Gen 9] Anything Goes","log":"|j|\u2606zeyden100\n|j|\u2606sun.pdf\n|t:|1697823101\n|gametype|singles\n|player|p1|zeyden100|266|1028\n|player|p2|sun.pdf|serena-masters|1085\n|teamsize|p1|6\n|teamsize|p2|6\n|gen|9\n|tier|[Gen 9] Anything Goes\n|rated|\n|rule|HP Percentage Mod: HP is shown in percentages\n|rule|Endless Battle Clause: Forcing endless battles is banned\n|clearpoke\n|poke|p1|Kingambit, M|\n|poke|p1|Cacnea, M|\n|poke|p1|Cacnea, M|\n|poke|p1|Cacnea, F|\n|poke|p1|Cacnea, M|\n|poke|p1|Hatterene, F|\n|poke|p2|Greninja-*, M|\n|poke|p2|Ninetales-Alola, F|\n|poke|p2|Gallade, M|\n|poke|p2|Goodra-Hisui, F|\n|poke|p2|Hatterene, F|\n|poke|p2|Mimikyu, F|\n|teampreview\n|inactive|Battle timer is ON: inactive players will automatically lose when time's up. (requested by sun.pdf)\n|inactive|sun.pdf has 120 seconds left.\n|\n|t:|1697823136\n|start\n|switch|p1a: Cacnea|Cacnea, M|100\/100\n|switch|p2a: Frostbite|Ninetales-Alola, F, shiny|100\/100\n|-weather|Snow|[from] ability: Snow Warning|[of] p2a: Frostbite\n|turn|1\n|\n|t:|1697823144\n|move|p2a: Frostbite|Aurora Veil|p2a: Frostbite\n|-sidestart|p2: sun.pdf|move: Aurora Veil\n|move|p1a: Cacnea|Destiny Bond|p1a: Cacnea\n|-singlemove|p1a: Cacnea|Destiny Bond\n|\n|-weather|Snow|[upkeep]\n|upkeep\n|turn|2\n|\n|t:|1697823150\n|move|p2a: Frostbite|Blizzard|p1a: Cacnea\n|-supereffective|p1a: Cacnea\n|-damage|p1a: Cacnea|11\/100\n|move|p1a: Cacnea|Leech Seed|p2a: Frostbite\n|-start|p2a: Frostbite|move: Leech Seed\n|\n|-weather|Snow|[upkeep]\n|-damage|p2a: Frostbite|88\/100|[from] Leech Seed|[of] p1a: Cacnea\n|-heal|p1a: Cacnea|26\/100|[silent]\n|upkeep\n|turn|3\n|\n|t:|1697823158\n|move|p2a: Frostbite|Nasty Plot|p2a: Frostbite\n|-boost|p2a: Frostbite|spa|2\n|move|p1a: Cacnea|Destiny Bond|p1a: Cacnea\n|-singlemove|p1a: Cacnea|Destiny Bond\n|\n|-weather|Snow|[upkeep]\n|-damage|p2a: Frostbite|76\/100|[from] Leech Seed|[of] p1a: Cacnea\n|-heal|p1a: Cacnea|40\/100|[silent]\n|upkeep\n|turn|4\n|\n|t:|1697823166\n|move|p1a: Cacnea|Protect|p1a: Cacnea\n|-singleturn|p1a: Cacnea|Protect\n|move|p2a: Frostbite|Nasty Plot|p2a: Frostbite\n|-boost|p2a: Frostbite|spa|2\n|\n|-weather|Snow|[upkeep]\n|-damage|p2a: Frostbite|64\/100|[from] Leech Seed|[of] p1a: Cacnea\n|-heal|p1a: Cacnea|55\/100|[silent]\n|upkeep\n|turn|5\n|\n|t:|1697823174\n|move|p2a: Frostbite|Blizzard|p1a: Cacnea\n|-supereffective|p1a: Cacnea\n|-damage|p1a: Cacnea|0 fnt\n|faint|p1a: Cacnea\n|\n|-weather|none\n|upkeep\n|\n|t:|1697823183\n|switch|p1a: Cacnea|Cacnea, M|100\/100\n|turn|6\n|\n|t:|1697823188\n|move|p2a: Frostbite|Blizzard|p1a: Cacnea\n|-supereffective|p1a: Cacnea\n|-damage|p1a: Cacnea|0 fnt\n|faint|p1a: Cacnea\n|\n|upkeep\n|\n|t:|1697823192\n|switch|p1a: Cacnea|Cacnea, M|100\/100\n|turn|7\n|\n|t:|1697823198\n|move|p2a: Frostbite|Blizzard|p1a: Cacnea\n|-supereffective|p1a: Cacnea\n|-damage|p1a: Cacnea|0 fnt\n|faint|p1a: Cacnea\n|\n|upkeep\n|\n|t:|1697823202\n|switch|p1a: Cacnea|Cacnea, F|100\/100\n|turn|8\n|\n|t:|1697823206\n|move|p2a: Frostbite|Blizzard|p1a: Cacnea\n|-supereffective|p1a: Cacnea\n|-damage|p1a: Cacnea|0 fnt\n|faint|p1a: Cacnea\n|\n|-sideend|p2: sun.pdf|move: Aurora Veil\n|upkeep\n|\n|t:|1697823213\n|switch|p1a: Hatterene|Hatterene, F, shiny|100\/100\n|turn|9\n|\n|t:|1697823224\n|move|p1a: Hatterene|Protect|p1a: Hatterene\n|-singleturn|p1a: Hatterene|Protect\n|move|p2a: Frostbite|Baton Pass|p2a: Frostbite\n|\n|t:|1697823228\n|switch|p2a: Twitter|Greninja, M|100\/100|[from] Baton Pass\n|\n|-damage|p2a: Twitter|88\/100|[from] Leech Seed|[of] p1a: Hatterene\n|upkeep\n|turn|10\n|\n|t:|1697823234\n|-terastallize|p1a: Hatterene|Dragon\n|move|p2a: Twitter|Water Shuriken|p1a: Hatterene\n|-resisted|p1a: Hatterene\n|-damage|p1a: Hatterene|89\/100\n|-resisted|p1a: Hatterene\n|-damage|p1a: Hatterene|77\/100\n|-resisted|p1a: Hatterene\n|-damage|p1a: Hatterene|65\/100\n|-resisted|p1a: Hatterene\n|-damage|p1a: Hatterene|53\/100\n|-resisted|p1a: Hatterene\n|-crit|p1a: Hatterene\n|-damage|p1a: Hatterene|34\/100\n|-hitcount|p1a: Hatterene|5\n|move|p1a: Hatterene|Calm Mind|p1a: Hatterene\n|-boost|p1a: Hatterene|spa|1\n|-boost|p1a: Hatterene|spd|1\n|\n|-damage|p2a: Twitter|76\/100|[from] Leech Seed|[of] p1a: Hatterene\n|-heal|p1a: Hatterene|45\/100|[silent]\n|upkeep\n|turn|11\n|\n|t:|1697823254\n|move|p2a: Twitter|Water Shuriken|p1a: Hatterene\n|-resisted|p1a: Hatterene\n|-damage|p1a: Hatterene|38\/100\n|-resisted|p1a: Hatterene\n|-damage|p1a: Hatterene|30\/100\n|-resisted|p1a: Hatterene\n|-damage|p1a: Hatterene|23\/100\n|-enditem|p1a: Hatterene|Mago Berry|[eat]\n|-heal|p1a: Hatterene|56\/100|[from] item: Mago Berry\n|-resisted|p1a: Hatterene\n|-damage|p1a: Hatterene|48\/100\n|-hitcount|p1a: Hatterene|4\n|move|p1a: Hatterene|Baton Pass|p1a: Hatterene\n|l|\u2606sun.pdf\n|inactive|sun.pdf disconnected and has a minute to reconnect!\n|player|p2|\n|\n|t:|1697823265\n|switch|p1a: Kingambit|Kingambit, M, shiny|100\/100|[from] Baton Pass\n|-activate|p1a: Kingambit|ability: Supreme Overlord\n|-start|p1a: Kingambit|fallen4|[silent]\n|\n|-damage|p2a: Twitter|64\/100|[from] Leech Seed|[of] p1a: Kingambit\n|upkeep\n|turn|12\n|j|\u2606sun.pdf\n|inactive|sun.pdf reconnected and has 130 seconds left.\n|player|p2|sun.pdf|serena-masters\n|inactive|sun.pdf has 120 seconds left.\n|\n|t:|1697823301\n|-terastallize|p2a: Twitter|Grass\n|move|p2a: Twitter|Water Shuriken|p1a: Kingambit\n|-damage|p1a: Kingambit|84\/100\n|-damage|p1a: Kingambit|68\/100\n|-damage|p1a: Kingambit|51\/100\n|-damage|p1a: Kingambit|33\/100\n|-hitcount|p1a: Kingambit|4\n|move|p1a: Kingambit|Swords Dance|p1a: Kingambit\n|-boost|p1a: Kingambit|atk|2\n|\n|-damage|p2a: Twitter|51\/100|[from] Leech Seed|[of] p1a: Kingambit\n|-heal|p1a: Kingambit|44\/100|[silent]\n|upkeep\n|turn|13\n|inactive|sun.pdf has 120 seconds left.\n|inactive|zeyden100 has 120 seconds left.\n|\n|t:|1697823329\n|-end|p1a: Kingambit|fallen4|[silent]\n|switch|p1a: Hatterene|Hatterene, F, shiny, tera:Dragon|48\/100\n|move|p2a: Twitter|Water Shuriken|p1a: Hatterene\n|-resisted|p1a: Hatterene\n|-damage|p1a: Hatterene|36\/100\n|-resisted|p1a: Hatterene\n|-damage|p1a: Hatterene|24\/100\n|-resisted|p1a: Hatterene\n|-damage|p1a: Hatterene|14\/100\n|-resisted|p1a: Hatterene\n|-damage|p1a: Hatterene|2\/100\n|-resisted|p1a: Hatterene\n|-damage|p1a: Hatterene|0 fnt\n|faint|p1a: Hatterene\n|-ability|p2a: Twitter|Battle Bond|boost\n|-boost|p2a: Twitter|atk|1\n|-boost|p2a: Twitter|spa|1\n|-boost|p2a: Twitter|spe|1\n|-activate|p2a: Twitter|ability: Battle Bond\n|-hitcount|p1: Hatterene|5\n|\n|upkeep\n|inactive|zeyden100 has 120 seconds left.\n|\n|t:|1697823345\n|switch|p1a: Kingambit|Kingambit, M, shiny|44\/100\n|-activate|p1a: Kingambit|ability: Supreme Overlord\n|-start|p1a: Kingambit|fallen5|[silent]\n|turn|14\n|inactive|sun.pdf has 120 seconds left.\n|\n|t:|1697823362\n|move|p2a: Twitter|Water Shuriken|p1a: Kingambit\n|-damage|p1a: Kingambit|15\/100\n|-damage|p1a: Kingambit|0 fnt\n|faint|p1a: Kingambit\n|-end|p1a: Kingambit|fallen5|[silent]\n|-hitcount|p1: Kingambit|2\n|\n|win|sun.pdf\n|raw|zeyden100's rating: 1028 &rarr; <strong>1016<\/strong><br \/>(-12 for losing)\n|raw|sun.pdf's rating: 1085 &rarr; <strong>1108<\/strong><br \/>(+23 for winning)\n|c|\u2606sun.pdf|gg\n|l|\u2606zeyden100\n","uploadtime":1697823411,"views":10,"p1id":"zeyden100","p2id":"sunpdf","formatid":"gen9anythinggoes","rating":1016,"private":0,"password":""}