{"id":"gen9anythinggoes-1999082109","p1":"demesticslot","p2":"MrMimeIsMrKetchum","format":"[Gen 9] Anything Goes","log":"|j|\u2606demesticslot\n|j|\u2606MrMimeIsMrKetchum\n|t:|1701031234\n|gametype|singles\n|player|p1|demesticslot|red|\n|player|p2|MrMimeIsMrKetchum|swimmerf-gen4|\n|teamsize|p1|6\n|teamsize|p2|6\n|gen|9\n|tier|[Gen 9] Anything Goes\n|rule|HP Percentage Mod: HP is shown in percentages\n|rule|Endless Battle Clause: Forcing endless battles is banned\n|clearpoke\n|poke|p1|Great Tusk|\n|poke|p1|Flutter Mane|\n|poke|p1|Roaring Moon|\n|poke|p1|Slither Wing|\n|poke|p1|Scream Tail|\n|poke|p1|Sandy Shocks|\n|poke|p2|Annihilape, M|\n|poke|p2|Blissey, F|\n|poke|p2|Pawmot, M|\n|poke|p2|Rabsca, M|\n|poke|p2|Pelipper, M|\n|poke|p2|Basculegion, M|\n|teampreview\n|c|\u2606MrMimeIsMrKetchum|lol\n|inactive|Battle timer is ON: inactive players will automatically lose when time's up. (requested by MrMimeIsMrKetchum)\n|\n|t:|1701031264\n|start\n|switch|p1a: Strolcarona|Slither Wing, shiny|100\/100\n|switch|p2a: Annihilape|Annihilape, M, shiny|100\/100\n|-enditem|p1a: Strolcarona|Booster Energy\n|-activate|p1a: Strolcarona|ability: Protosynthesis|[fromitem]\n|-start|p1a: Strolcarona|protosynthesisatk\n|turn|1\n|\n|t:|1701031268\n|move|p1a: Strolcarona|Protect|p1a: Strolcarona\n|-singleturn|p1a: Strolcarona|Protect\n|move|p2a: Annihilape|Final Gambit|p1a: Strolcarona\n|-activate|p1a: Strolcarona|move: Protect\n|\n|upkeep\n|turn|2\n|\n|t:|1701031272\n|move|p2a: Annihilape|Final Gambit|p1a: Strolcarona\n|-damage|p1a: Strolcarona|0 fnt\n|faint|p2a: Annihilape\n|faint|p1a: Strolcarona\n|-end|p1a: Strolcarona|Protosynthesis|[silent]\n|\n|upkeep\n|\n|t:|1701031280\n|switch|p2a: Blissey|Blissey, F, shiny|100\/100\n|switch|p1a: Donphang|Great Tusk, shiny|100\/100\n|-enditem|p1a: Donphang|Booster Energy\n|-activate|p1a: Donphang|ability: Protosynthesis|[fromitem]\n|-start|p1a: Donphang|protosynthesisatk\n|turn|3\n|\n|t:|1701031286\n|move|p2a: Blissey|Copycat|p2a: Blissey\n|move|p2a: Blissey|Final Gambit|p1a: Donphang|[from]move: Copycat\n|-damage|p1a: Donphang|0 fnt\n|faint|p2a: Blissey\n|faint|p1a: Donphang\n|-end|p1a: Donphang|Protosynthesis|[silent]\n|\n|upkeep\n|\n|t:|1701031300\n|switch|p2a: Rabsca|Rabsca, M, shiny|100\/100\n|switch|p1a: Magnefrag|Sandy Shocks, shiny|100\/100\n|-enditem|p1a: Magnefrag|Booster Energy\n|-activate|p1a: Magnefrag|ability: Protosynthesis|[fromitem]\n|-start|p1a: Magnefrag|protosynthesisspa\n|turn|4\n|\n|t:|1701031304\n|move|p1a: Magnefrag|Zap Cannon|p2a: Rabsca\n|-damage|p2a: Rabsca|39\/100\n|-status|p2a: Rabsca|par\n|-activate|p2a: Rabsca|ability: Synchronize\n|-immune|p1a: Magnefrag\n|move|p2a: Rabsca|Revival Blessing|p2a: Rabsca\n|-enditem|p2a: Rabsca|Leppa Berry|[eat]\n|-activate|p2a: Rabsca|item: Leppa Berry|Revival Blessing|[consumed]\n|\n|t:|1701031310\n|-heal|p2: Annihilape|50\/100|[from] move: Revival Blessing\n|\n|upkeep\n|turn|5\n|\n|t:|1701031312\n|move|p1a: Magnefrag|Zap Cannon|p2a: Rabsca\n|-damage|p2a: Rabsca|0 fnt\n|faint|p2a: Rabsca\n|\n|upkeep\n|\n|t:|1701031318\n|switch|p2a: Pawmot|Pawmot, M, shiny|100\/100\n|turn|6\n|\n|t:|1701031325\n|move|p2a: Pawmot|Ice Punch|p1a: Magnefrag\n|-supereffective|p1a: Magnefrag\n|-damage|p1a: Magnefrag|48\/100\n|move|p1a: Magnefrag|Earth Power|p2a: Pawmot\n|-supereffective|p2a: Pawmot\n|-damage|p2a: Pawmot|0 fnt\n|faint|p2a: Pawmot\n|\n|upkeep\n|\n|t:|1701031329\n|switch|p2a: Annihilape|Annihilape, M, shiny|50\/100\n|turn|7\n|\n|t:|1701031334\n|move|p1a: Magnefrag|Protect|p1a: Magnefrag\n|-singleturn|p1a: Magnefrag|Protect\n|move|p2a: Annihilape|Final Gambit|p1a: Magnefrag\n|-activate|p1a: Magnefrag|move: Protect\n|\n|upkeep\n|turn|8\n|\n|t:|1701031338\n|move|p2a: Annihilape|Final Gambit|p1a: Magnefrag\n|-damage|p1a: Magnefrag|0 fnt\n|faint|p2a: Annihilape\n|faint|p1a: Magnefrag\n|-end|p1a: Magnefrag|Protosynthesis|[silent]\n|\n|upkeep\n|\n|t:|1701031351\n|switch|p2a: Pelipper|Pelipper, M, shiny|100\/100\n|switch|p1a: Bigglyruff|Scream Tail, shiny|100\/100\n|-weather|RainDance|[from] ability: Drizzle|[of] p2a: Pelipper\n|-enditem|p1a: Bigglyruff|Booster Energy\n|-activate|p1a: Bigglyruff|ability: Protosynthesis|[fromitem]\n|-start|p1a: Bigglyruff|protosynthesisspd\n|turn|9\n|\n|t:|1701031365\n|move|p1a: Bigglyruff|Psychic|p2a: Pelipper\n|-damage|p2a: Pelipper|70\/100\n|move|p2a: Pelipper|Hurricane|p1a: Bigglyruff\n|-damage|p1a: Bigglyruff|78\/100\n|-start|p1a: Bigglyruff|confusion\n|\n|-weather|RainDance|[upkeep]\n|upkeep\n|turn|10\n|\n|t:|1701031371\n|-activate|p1a: Bigglyruff|confusion\n|move|p1a: Bigglyruff|Play Rough|p2a: Pelipper\n|-damage|p2a: Pelipper|46\/100\n|move|p2a: Pelipper|U-turn|p1a: Bigglyruff\n|-damage|p1a: Bigglyruff|70\/100\n|\n|t:|1701031375\n|switch|p2a: Basculegion|Basculegion, M, shiny|100\/100|[from] U-turn\n|\n|-weather|RainDance|[upkeep]\n|upkeep\n|turn|11\n|\n|t:|1701031380\n|move|p2a: Basculegion|Last Respects|p1a: Bigglyruff\n|-supereffective|p1a: Bigglyruff\n|-damage|p1a: Bigglyruff|0 fnt\n|faint|p1a: Bigglyruff\n|-end|p1a: Bigglyruff|Protosynthesis|[silent]\n|\n|-weather|RainDance|[upkeep]\n|upkeep\n|\n|t:|1701031384\n|switch|p1a: Malamence|Roaring Moon, shiny|100\/100\n|-enditem|p1a: Malamence|Booster Energy\n|-activate|p1a: Malamence|ability: Protosynthesis|[fromitem]\n|-start|p1a: Malamence|protosynthesisatk\n|turn|12\n|\n|t:|1701031390\n|-terastallize|p1a: Malamence|Dark\n|move|p1a: Malamence|Protect|p1a: Malamence\n|-singleturn|p1a: Malamence|Protect\n|move|p2a: Basculegion|Last Respects|p1a: Malamence\n|-activate|p1a: Malamence|move: Protect\n|\n|-weather|RainDance|[upkeep]\n|upkeep\n|turn|13\n|\n|t:|1701031403\n|move|p2a: Basculegion|Last Respects|p1a: Malamence\n|-resisted|p1a: Malamence\n|-damage|p1a: Malamence|0 fnt\n|faint|p1a: Malamence\n|-end|p1a: Malamence|Protosynthesis|[silent]\n|\n|-weather|RainDance|[upkeep]\n|upkeep\n|\n|t:|1701031407\n|switch|p1a: Misdactylus|Flutter Mane, shiny|100\/100\n|-enditem|p1a: Misdactylus|Booster Energy\n|-activate|p1a: Misdactylus|ability: Protosynthesis|[fromitem]\n|-start|p1a: Misdactylus|protosynthesisspa\n|turn|14\n|\n|t:|1701031412\n|move|p2a: Basculegion|Last Respects|p1a: Misdactylus\n|-supereffective|p1a: Misdactylus\n|-damage|p1a: Misdactylus|0 fnt\n|faint|p1a: Misdactylus\n|-end|p1a: Misdactylus|Protosynthesis|[silent]\n|\n|win|MrMimeIsMrKetchum\n|l|\u2606demesticslot\n|c|\u2606MrMimeIsMrKetchum|gg\n","uploadtime":1701031432,"views":1,"p1id":"demesticslot","p2id":"mrmimeismrketchum","formatid":"gen9anythinggoes","rating":0,"private":0,"password":""}