{"id":"gen9anythinggoes-1982725829","p1":"TyChittum","p2":"The_Last_Cringe","format":"[Gen 9] Anything Goes","log":"|j|\u2606TyChittum\n|j|\u2606The_Last_Cringe\n|t:|1699039173\n|gametype|singles\n|player|p1|TyChittum|silver|1054\n|player|p2|The_Last_Cringe|pokemaniac|1164\n|teamsize|p1|6\n|teamsize|p2|6\n|gen|9\n|tier|[Gen 9] Anything Goes\n|rated|\n|rule|HP Percentage Mod: HP is shown in percentages\n|rule|Endless Battle Clause: Forcing endless battles is banned\n|clearpoke\n|poke|p1|Cinderace, M|\n|poke|p1|Dragapult, M|\n|poke|p1|Gholdengo|\n|poke|p1|Meowscarada, M|\n|poke|p1|Inteleon, M|\n|poke|p1|Koraidon|\n|poke|p2|Gyarados, M|\n|poke|p2|Clodsire, F|\n|poke|p2|Garchomp, F|\n|poke|p2|Volcarona, F|\n|poke|p2|Meowscarada, F|\n|poke|p2|Mimikyu, F|\n|teampreview\n|\n|t:|1699039182\n|start\n|switch|p1a: Hot Pockets|Cinderace, M|100\/100\n|switch|p2a: Clodsire|Clodsire, F|100\/100\n|turn|1\n|\n|t:|1699039188\n|move|p1a: Hot Pockets|Protect|p1a: Hot Pockets\n|-singleturn|p1a: Hot Pockets|Protect\n|move|p2a: Clodsire|Earthquake|p1a: Hot Pockets\n|-activate|p1a: Hot Pockets|move: Protect\n|\n|upkeep\n|turn|2\n|\n|t:|1699039195\n|switch|p1a: Bacon|Inteleon, M, shiny|100\/100\n|move|p2a: Clodsire|Earthquake|p1a: Bacon\n|-damage|p1a: Bacon|48\/100\n|\n|-heal|p1a: Bacon|55\/100|[from] item: Leftovers\n|upkeep\n|turn|3\n|\n|t:|1699039204\n|move|p1a: Bacon|Snipe Shot|p2a: Clodsire\n|-immune|p2a: Clodsire|[from] ability: Water Absorb\n|move|p2a: Clodsire|Earthquake|p1a: Bacon\n|-damage|p1a: Bacon|5\/100\n|\n|-heal|p1a: Bacon|11\/100|[from] item: Leftovers\n|upkeep\n|turn|4\n|\n|t:|1699039212\n|move|p1a: Bacon|Blizzard|p2a: Clodsire|[miss]\n|-miss|p1a: Bacon|p2a: Clodsire\n|move|p2a: Clodsire|Earthquake|p1a: Bacon\n|-damage|p1a: Bacon|0 fnt\n|faint|p1a: Bacon\n|\n|upkeep\n|\n|t:|1699039220\n|switch|p1a: Hot Pockets|Cinderace, M|100\/100\n|turn|5\n|\n|t:|1699039229\n|move|p1a: Hot Pockets|High Jump Kick|p2a: Clodsire\n|-resisted|p2a: Clodsire\n|-crit|p2a: Clodsire\n|-damage|p2a: Clodsire|72\/100\n|move|p2a: Clodsire|Earthquake|p1a: Hot Pockets\n|-supereffective|p1a: Hot Pockets\n|-damage|p1a: Hot Pockets|12\/100\n|\n|upkeep\n|turn|6\n|\n|t:|1699039273\n|move|p1a: Hot Pockets|Pyro Ball|p2a: Clodsire\n|-damage|p2a: Clodsire|0 fnt\n|faint|p2a: Clodsire\n|\n|upkeep\n|n|!TyChittum|tychittum\n|\n|t:|1699039277\n|switch|p2a: Mimikyu|Mimikyu, F|100\/100\n|turn|7\n|\n|t:|1699039289\n|move|p1a: Hot Pockets|Pyro Ball|p2a: Mimikyu\n|-activate|p2a: Mimikyu|ability: Disguise\n|-damage|p2a: Mimikyu|100\/100\n|detailschange|p2a: Mimikyu|Mimikyu-Busted, F\n|-damage|p2a: Mimikyu|88\/100|[from] pokemon: Mimikyu-Busted\n|move|p2a: Mimikyu|Night Shade|p1a: Hot Pockets\n|-damage|p1a: Hot Pockets|0 fnt\n|faint|p1a: Hot Pockets\n|\n|upkeep\n|\n|t:|1699039302\n|switch|p1a: Taco|Koraidon|100\/100\n|-weather|SunnyDay|[from] ability: Orichalcum Pulse|[of] p1a: Taco\n|-activate|p1a: Taco|Orichalcum Pulse|[source]\n|turn|8\n|\n|t:|1699039359\n|move|p1a: Taco|Collision Course|p2a: Mimikyu\n|-immune|p2a: Mimikyu\n|move|p2a: Mimikyu|Play Rough|p1a: Taco\n|-supereffective|p1a: Taco\n|-damage|p1a: Taco|0 fnt\n|-damage|p2a: Mimikyu|72\/100|[from] item: Rocky Helmet|[of] p1a: Taco\n|faint|p1a: Taco\n|\n|-weather|SunnyDay|[upkeep]\n|upkeep\n|\n|t:|1699039374\n|switch|p1a: Cheese Stick|Gholdengo|100\/100\n|turn|9\n|\n|t:|1699039380\n|switch|p2a: Volcarona|Volcarona, F|100\/100\n|move|p1a: Cheese Stick|Make It Rain|p2a: Volcarona\n|-resisted|p2a: Volcarona\n|-damage|p2a: Volcarona|79\/100\n|-unboost|p1a: Cheese Stick|spa|1\n|\n|-weather|SunnyDay|[upkeep]\n|upkeep\n|turn|10\n|\n|t:|1699039390\n|switch|p1a: Burrito|Dragapult, M|100\/100\n|move|p2a: Volcarona|Fiery Dance|p1a: Burrito\n|-resisted|p1a: Burrito\n|-damage|p1a: Burrito|62\/100\n|-boost|p2a: Volcarona|spa|1\n|\n|-weather|SunnyDay|[upkeep]\n|-heal|p1a: Burrito|68\/100|[from] item: Leftovers\n|upkeep\n|turn|11\n|\n|t:|1699039401\n|-terastallize|p1a: Burrito|Dragon\n|move|p1a: Burrito|Dragon Darts|p2a: Volcarona\n|-damage|p2a: Volcarona|38\/100\n|-anim|p1a: Burrito|Dragon Darts|p2a: Volcarona\n|-damage|p2a: Volcarona|0 fnt\n|faint|p2a: Volcarona\n|\n|-weather|SunnyDay|[upkeep]\n|-heal|p1a: Burrito|74\/100|[from] item: Leftovers\n|upkeep\n|\n|t:|1699039431\n|switch|p2a: Mimikyu|Mimikyu-Busted, F|72\/100\n|turn|12\n|-message|TyChittum forfeited.\n|\n|win|The_Last_Cringe\n|raw|TyChittum's rating: 1054 &rarr; <strong>1041<\/strong><br \/>(-13 for losing)\n|raw|The_Last_Cringe's rating: 1164 &rarr; <strong>1181<\/strong><br \/>(+17 for winning)\n","uploadtime":1699039277,"views":4,"p1id":"tychittum","p2id":"thelastcringe","formatid":"gen9anythinggoes","rating":1041,"private":0,"password":""}