{"id":"gen9anythinggoes-1992399426","p1":"MexicanTortoise","p2":"Hex Offenders","format":"[Gen 9] Anything Goes","log":"|j|\u2606MexicanTortoise\n|j|\u2606Hex Offenders\n|t:|1700183072\n|gametype|singles\n|player|p1|MexicanTortoise|pokemonranger-gen4|\n|player|p2|Hex Offenders|medium|\n|teamsize|p1|6\n|teamsize|p2|6\n|gen|9\n|tier|[Gen 9] Anything Goes\n|rule|HP Percentage Mod: HP is shown in percentages\n|rule|Endless Battle Clause: Forcing endless battles is banned\n|clearpoke\n|poke|p1|Annihilape, F|\n|poke|p1|Garchomp, F|\n|poke|p1|Iron Hands|\n|poke|p1|Mew|\n|poke|p1|Sylveon, M|\n|poke|p1|Kilowattrel, M|\n|poke|p2|Electrode-Hisui|\n|poke|p2|Baxcalibur, M|\n|poke|p2|Snorlax, M|\n|poke|p2|Gengar, M|\n|poke|p2|Landorus-Therian, M|\n|poke|p2|Azumarill, F|\n|teampreview\n|\n|t:|1700183081\n|start\n|switch|p1a: Mew|Mew, shiny|100\/100\n|switch|p2a: Electrode|Electrode-Hisui, shiny|100\/100\n|turn|1\n|\n|t:|1700183124\n|move|p1a: Mew|Flamethrower|p2a: Electrode\n|-supereffective|p2a: Electrode\n|-damage|p2a: Electrode|30\/100\n|move|p2a: Electrode|Reflect|p2a: Electrode\n|-sidestart|p2: Hex Offenders|Reflect\n|\n|upkeep\n|turn|2\n|\n|t:|1700183182\n|switch|p1a: Iron Hands|Iron Hands|100\/100\n|-enditem|p1a: Iron Hands|Booster Energy\n|-activate|p1a: Iron Hands|ability: Quark Drive|[fromitem]\n|-start|p1a: Iron Hands|quarkdriveatk\n|move|p2a: Electrode|Thunder Wave|p1a: Iron Hands\n|-immune|p1a: Iron Hands\n|\n|upkeep\n|turn|3\n|\n|t:|1700183229\n|switch|p2a: Landorus|Landorus-Therian, M|100\/100\n|-ability|p2a: Landorus|Intimidate|boost\n|-unboost|p1a: Iron Hands|atk|1\n|move|p1a: Iron Hands|Close Combat|p2a: Landorus\n|-resisted|p2a: Landorus\n|-damage|p2a: Landorus|87\/100\n|-unboost|p1a: Iron Hands|def|1\n|-unboost|p1a: Iron Hands|spd|1\n|-damage|p1a: Iron Hands|84\/100|[from] item: Rocky Helmet|[of] p2a: Landorus\n|\n|upkeep\n|turn|4\n|\n|t:|1700183268\n|move|p2a: Landorus|Earthquake|p1a: Iron Hands\n|-supereffective|p1a: Iron Hands\n|-crit|p1a: Iron Hands\n|-damage|p1a: Iron Hands|0 fnt\n|faint|p1a: Iron Hands\n|-end|p1a: Iron Hands|Quark Drive|[silent]\n|\n|upkeep\n|\n|t:|1700183276\n|switch|p1a: Mew|Mew, shiny|100\/100\n|turn|5\n|\n|t:|1700183292\n|move|p1a: Mew|Ice Beam|p2a: Landorus\n|-supereffective|p2a: Landorus\n|-damage|p2a: Landorus|0 fnt\n|faint|p2a: Landorus\n|\n|upkeep\n|\n|t:|1700183302\n|switch|p2a: Baxcalibur|Baxcalibur, M|100\/100\n|turn|6\n|\n|t:|1700183337\n|switch|p1a: Sylveon|Sylveon, M, shiny|100\/100\n|move|p2a: Baxcalibur|Earthquake|p1a: Sylveon\n|-crit|p1a: Sylveon\n|-damage|p1a: Sylveon|37\/100\n|\n|-heal|p1a: Sylveon|43\/100|[from] item: Leftovers\n|upkeep\n|turn|7\n|\n|t:|1700183362\n|move|p1a: Sylveon|Protect|p1a: Sylveon\n|-singleturn|p1a: Sylveon|Protect\n|move|p2a: Baxcalibur|Earthquake|p1a: Sylveon\n|-activate|p1a: Sylveon|move: Protect\n|\n|-heal|p1a: Sylveon|49\/100|[from] item: Leftovers\n|upkeep\n|turn|8\n|\n|t:|1700183412\n|switch|p1a: Annihilape|Annihilape, F|100\/100\n|move|p2a: Baxcalibur|Earthquake|p1a: Annihilape\n|-damage|p1a: Annihilape|63\/100\n|\n|-sideend|p2: Hex Offenders|Reflect\n|upkeep\n|turn|9\n|\n|t:|1700183499\n|switch|p2a: Twinkie|Azumarill, F, shiny|100\/100\n|move|p1a: Annihilape|Drain Punch|p2a: Twinkie\n|-resisted|p2a: Twinkie\n|-damage|p2a: Twinkie|84\/100\n|-heal|p1a: Annihilape|71\/100|[from] drain|[of] p2a: Twinkie\n|\n|upkeep\n|turn|10\n|\n|t:|1700183532\n|switch|p1a: Kilowattrel|Kilowattrel, M|100\/100\n|move|p2a: Twinkie|Play Rough|p1a: Kilowattrel\n|-damage|p1a: Kilowattrel|31\/100\n|\n|upkeep\n|turn|11\n|\n|t:|1700183539\n|move|p1a: Kilowattrel|Thunderbolt|p2a: Twinkie\n|-supereffective|p2a: Twinkie\n|-damage|p2a: Twinkie|1\/100\n|-enditem|p2a: Twinkie|Sitrus Berry|[eat]\n|-heal|p2a: Twinkie|26\/100|[from] item: Sitrus Berry\n|move|p2a: Twinkie|Ice Spinner|p1a: Kilowattrel\n|-supereffective|p1a: Kilowattrel\n|-damage|p1a: Kilowattrel|0 fnt\n|faint|p1a: Kilowattrel\n|\n|upkeep\n|\n|t:|1700183549\n|switch|p1a: Mew|Mew, shiny|100\/100\n|turn|12\n|\n|t:|1700183583\n|switch|p2a: Snorlax|Snorlax, M|100\/100\n|move|p1a: Mew|Ice Beam|p2a: Snorlax\n|-damage|p2a: Snorlax|94\/100\n|\n|-heal|p2a: Snorlax|99\/100|[from] item: Leftovers\n|upkeep\n|turn|13\n|\n|t:|1700183594\n|switch|p1a: Annihilape|Annihilape, F|71\/100\n|switch|p2a: Electrode|Electrode-Hisui, shiny|30\/100\n|\n|upkeep\n|turn|14\n|\n|t:|1700183605\n|move|p2a: Electrode|Reflect|p2a: Electrode\n|-sidestart|p2: Hex Offenders|Reflect\n|move|p1a: Annihilape|Drain Punch|p2a: Electrode\n|-damage|p2a: Electrode|4\/100\n|-heal|p1a: Annihilape|81\/100|[from] drain|[of] p2a: Electrode\n|\n|upkeep\n|turn|15\n|\n|t:|1700183612\n|move|p2a: Electrode|Volt Switch|p1a: Annihilape\n|-damage|p1a: Annihilape|60\/100\n|\n|t:|1700183616\n|switch|p2a: Snorlax|Snorlax, M|99\/100|[from] Volt Switch\n|move|p1a: Annihilape|Drain Punch|p2a: Snorlax\n|-supereffective|p2a: Snorlax\n|-damage|p2a: Snorlax|71\/100\n|-heal|p1a: Annihilape|78\/100|[from] drain|[of] p2a: Snorlax\n|\n|-heal|p2a: Snorlax|78\/100|[from] item: Leftovers\n|upkeep\n|turn|16\n|\n|t:|1700183634\n|switch|p2a: Electrode|Electrode-Hisui, shiny|4\/100\n|move|p1a: Annihilape|Drain Punch|p2a: Electrode\n|-damage|p2a: Electrode|0 fnt\n|-heal|p1a: Annihilape|79\/100|[from] drain|[of] p2a: Electrode\n|-damage|p1a: Annihilape|54\/100|[from] ability: Aftermath|[of] p2a: Electrode\n|faint|p2a: Electrode\n|\n|upkeep\n|\n|t:|1700183642\n|switch|p2a: Gengar|Gengar, M|100\/100\n|turn|17\n|\n|t:|1700183668\n|move|p2a: Gengar|Shadow Ball|p1a: Annihilape\n|-supereffective|p1a: Annihilape\n|-crit|p1a: Annihilape\n|-damage|p1a: Annihilape|0 fnt\n|faint|p1a: Annihilape\n|\n|upkeep\n|\n|t:|1700183676\n|switch|p1a: Mew|Mew, shiny|100\/100\n|turn|18\n|\n|t:|1700183684\n|move|p1a: Mew|Psychic|p2a: Gengar\n|-supereffective|p2a: Gengar\n|-damage|p2a: Gengar|3\/100\n|-start|p1a: Mew|Disable|Psychic|[from] ability: Cursed Body|[of] p2a: Gengar\n|move|p2a: Gengar|Shadow Ball|p1a: Mew\n|-supereffective|p1a: Mew\n|-damage|p1a: Mew|2\/100\n|-unboost|p1a: Mew|spd|1\n|\n|upkeep\n|turn|19\n|\n|t:|1700183720\n|switch|p1a: Garchomp|Garchomp, F|100\/100\n|move|p2a: Gengar|Shadow Ball|p1a: Garchomp\n|-damage|p1a: Garchomp|45\/100\n|\n|upkeep\n|turn|20\n|\n|t:|1700183736\n|move|p2a: Gengar|Shadow Ball|p1a: Garchomp\n|-damage|p1a: Garchomp|0 fnt\n|faint|p1a: Garchomp\n|\n|upkeep\n|\n|t:|1700183744\n|switch|p1a: Mew|Mew, shiny|2\/100\n|turn|21\n|\n|t:|1700183761\n|switch|p2a: Snorlax|Snorlax, M|78\/100\n|move|p1a: Mew|Psychic|p2a: Snorlax\n|-crit|p2a: Snorlax\n|-damage|p2a: Snorlax|48\/100\n|\n|-heal|p2a: Snorlax|54\/100|[from] item: Leftovers\n|-sideend|p2: Hex Offenders|Reflect\n|upkeep\n|turn|22\n|\n|t:|1700183772\n|switch|p1a: Sylveon|Sylveon, M, shiny|49\/100\n|move|p2a: Snorlax|Rest|p2a: Snorlax\n|-status|p2a: Snorlax|slp|[from] move: Rest\n|-heal|p2a: Snorlax|100\/100 slp|[silent]\n|\n|-heal|p1a: Sylveon|55\/100|[from] item: Leftovers\n|upkeep\n|turn|23\n|\n|t:|1700183780\n|move|p1a: Sylveon|Wish|p1a: Sylveon\n|cant|p2a: Snorlax|slp\n|move|p2a: Snorlax|Sleep Talk|p2a: Snorlax\n|move|p2a: Snorlax|Body Slam|p1a: Sylveon|[from]move: Sleep Talk\n|-damage|p1a: Sylveon|10\/100\n|\n|-heal|p1a: Sylveon|16\/100|[from] item: Leftovers\n|upkeep\n|turn|24\n|\n|t:|1700183789\n|move|p1a: Sylveon|Hyper Voice|p2a: Snorlax\n|-damage|p2a: Snorlax|72\/100 slp\n|cant|p2a: Snorlax|slp\n|move|p2a: Snorlax|Sleep Talk|p2a: Snorlax\n|move|p2a: Snorlax|Body Slam|p1a: Sylveon|[from]move: Sleep Talk\n|-damage|p1a: Sylveon|0 fnt\n|faint|p1a: Sylveon\n|\n|-heal|p2a: Snorlax|78\/100 slp|[from] item: Leftovers\n|upkeep\n|\n|t:|1700183799\n|switch|p1a: Mew|Mew, shiny|2\/100\n|turn|25\n|\n|t:|1700183803\n|move|p1a: Mew|Close Combat|p2a: Snorlax\n|-supereffective|p2a: Snorlax\n|-damage|p2a: Snorlax|18\/100 slp\n|-unboost|p1a: Mew|def|1\n|-unboost|p1a: Mew|spd|1\n|-curestatus|p2a: Snorlax|slp|[msg]\n|move|p2a: Snorlax|Sleep Talk||[still]\n|-fail|p2a: Snorlax\n|\n|-heal|p2a: Snorlax|24\/100|[from] item: Leftovers\n|upkeep\n|turn|26\n|\n|t:|1700183837\n|switch|p2a: Gengar|Gengar, M|3\/100\n|move|p1a: Mew|Close Combat|p2a: Gengar\n|-immune|p2a: Gengar\n|\n|upkeep\n|turn|27\n|\n|t:|1700183847\n|move|p1a: Mew|Close Combat|p2a: Gengar\n|-immune|p2a: Gengar\n|move|p2a: Gengar|Shadow Ball|p1a: Mew\n|-supereffective|p1a: Mew\n|-damage|p1a: Mew|0 fnt\n|faint|p1a: Mew\n|\n|win|Hex Offenders\n|l|\u2606MexicanTortoise\n|l|\u2606Hex Offenders\n|j|\u2606MexicanTortoise\n|player|p1|MexicanTortoise|pokemonranger-gen4\n","uploadtime":1700183882,"views":59,"p1id":"mexicantortoise","p2id":"hexoffenders","formatid":"gen9anythinggoes","rating":0,"private":0,"password":""}