{"id":"gen9anythinggoes-1974018770","p1":"Oxygon","p2":"TransTrain","format":"[Gen 9] Anything Goes","log":"|j|\u2606Oxygon\n|j|\u2606TransTrain\n|t:|1698042804\n|gametype|singles\n|player|p1|Oxygon|aaron|\n|player|p2|TransTrain|jasmine|\n|teamsize|p1|6\n|teamsize|p2|6\n|gen|9\n|tier|[Gen 9] Anything Goes\n|rule|HP Percentage Mod: HP is shown in percentages\n|rule|Endless Battle Clause: Forcing endless battles is banned\n|clearpoke\n|poke|p1|Manaphy|\n|poke|p1|Ursaluna-Bloodmoon, M|\n|poke|p1|Espeon, M|\n|poke|p1|Goodra-Hisui, F|\n|poke|p1|Weezing-Galar, M|\n|poke|p1|Sneasler, F|\n|poke|p2|Florges, F|\n|poke|p2|Samurott-Hisui, F|\n|poke|p2|Tsareena, F|\n|poke|p2|Scizor, F|\n|poke|p2|Cinderace, F|\n|poke|p2|Passimian, F|\n|teampreview\n|\n|t:|1698042848\n|start\n|switch|p1a: Sneasler|Sneasler, F|100\/100\n|switch|p2a: Florges|Florges, F, shiny|100\/100\n|turn|1\n|\n|t:|1698042864\n|switch|p1a: Goodra|Goodra-Hisui, F|100\/100\n|move|p2a: Florges|Psychic|p1a: Goodra\n|-resisted|p1a: Goodra\n|-damage|p1a: Goodra|92\/100\n|\n|upkeep\n|turn|2\n|\n|t:|1698042889\n|switch|p2a: Samurott|Samurott-Hisui, F, shiny|100\/100\n|move|p1a: Goodra|Dragon Pulse|p2a: Samurott\n|-damage|p2a: Samurott|49\/100\n|\n|upkeep\n|turn|3\n|\n|t:|1698042913\n|move|p2a: Samurott|Ceaseless Edge|p1a: Goodra\n|-damage|p1a: Goodra|53\/100\n|-ability|p1a: Goodra|Gooey\n|-unboost|p2a: Samurott|spe|1\n|-sidestart|p1: Oxygon|Spikes\n|move|p1a: Goodra|Dragon Pulse|p2a: Samurott\n|-damage|p2a: Samurott|0 fnt\n|faint|p2a: Samurott\n|\n|upkeep\n|\n|t:|1698042935\n|switch|p2a: Tsareena|Tsareena, F, shiny|100\/100\n|turn|4\n|\n|t:|1698042941\n|switch|p1a: Weezing|Weezing-Galar, M|100\/100\n|move|p2a: Tsareena|Zen Headbutt|p1a: Weezing|[miss]\n|-miss|p2a: Tsareena|p1a: Weezing\n|\n|upkeep\n|turn|5\n|\n|t:|1698042974\n|switch|p2a: Passimian|Passimian, F, shiny|100\/100\n|move|p1a: Weezing|Defog|p2a: Passimian\n|-unboost|p2a: Passimian|evasion|1\n|-ability|p2a: Passimian|Defiant|boost\n|-boost|p2a: Passimian|atk|2\n|-sideend|p1: Oxygon|Spikes|[from] move: Defog|[of] p1a: Weezing\n|\n|upkeep\n|turn|6\n|\n|t:|1698043006\n|move|p2a: Passimian|Rock Slide|p1a: Weezing\n|-damage|p1a: Weezing|67\/100\n|move|p1a: Weezing|Clear Smog|p2a: Passimian\n|-damage|p2a: Passimian|77\/100\n|-clearboost|p2a: Passimian\n|\n|upkeep\n|turn|7\n|\n|t:|1698043051\n|move|p2a: Passimian|Rock Slide|p1a: Weezing\n|-damage|p1a: Weezing|49\/100\n|cant|p1a: Weezing|flinch\n|\n|upkeep\n|turn|8\n|\n|t:|1698043058\n|move|p2a: Passimian|Rock Slide|p1a: Weezing\n|-crit|p1a: Weezing\n|-damage|p1a: Weezing|22\/100\n|move|p1a: Weezing|Sludge Bomb|p2a: Passimian\n|-damage|p2a: Passimian|39\/100\n|\n|upkeep\n|turn|9\n|\n|t:|1698043086\n|switch|p2a: Cinderace|Cinderace, F, shiny|100\/100\n|move|p1a: Weezing|Sludge Bomb|p2a: Cinderace\n|-damage|p2a: Cinderace|61\/100\n|-status|p2a: Cinderace|psn\n|\n|-damage|p2a: Cinderace|49\/100 psn|[from] psn\n|upkeep\n|turn|10\n|\n|t:|1698043109\n|move|p2a: Cinderace|Swords Dance|p2a: Cinderace\n|-start|p2a: Cinderace|typechange|Normal|[from] ability: Libero\n|-boost|p2a: Cinderace|atk|2\n|move|p1a: Weezing|Sludge Bomb|p2a: Cinderace\n|-damage|p2a: Cinderace|13\/100 psn\n|\n|-damage|p2a: Cinderace|0 fnt|[from] psn\n|faint|p2a: Cinderace\n|upkeep\n|\n|t:|1698043142\n|switch|p2a: Florges|Florges, F, shiny|100\/100\n|turn|11\n|\n|t:|1698043155\n|move|p2a: Florges|Psychic|p1a: Weezing\n|-supereffective|p1a: Weezing\n|-damage|p1a: Weezing|0 fnt\n|faint|p1a: Weezing\n|\n|upkeep\n|\n|t:|1698043162\n|switch|p1a: Goodra|Goodra-Hisui, F|53\/100\n|turn|12\n|\n|t:|1698043178\n|switch|p2a: Scizor|Scizor, F, shiny|100\/100\n|move|p1a: Goodra|Dragon Pulse|p2a: Scizor\n|-resisted|p2a: Scizor\n|-crit|p2a: Scizor\n|-damage|p2a: Scizor|61\/100\n|\n|upkeep\n|turn|13\n|\n|t:|1698043186\n|move|p1a: Goodra|Flamethrower|p2a: Scizor\n|-supereffective|p2a: Scizor\n|-damage|p2a: Scizor|0 fnt\n|faint|p2a: Scizor\n|\n|upkeep\n|\n|t:|1698043194\n|switch|p2a: Passimian|Passimian, F, shiny|39\/100\n|turn|14\n|\n|t:|1698043201\n|-terastallize|p2a: Passimian|Fighting\n|move|p2a: Passimian|Close Combat|p1a: Goodra\n|-supereffective|p1a: Goodra\n|-damage|p1a: Goodra|0 fnt\n|-unboost|p2a: Passimian|def|1\n|-unboost|p2a: Passimian|spd|1\n|-ability|p1a: Goodra|Gooey\n|-unboost|p2a: Passimian|spe|1\n|-ability|p2a: Passimian|Defiant|boost\n|-boost|p2a: Passimian|atk|2\n|faint|p1a: Goodra\n|\n|upkeep\n|\n|t:|1698043220\n|switch|p1a: Espeon|Espeon, M|100\/100\n|turn|15\n|\n|t:|1698043238\n|switch|p2a: Florges|Florges, F, shiny|100\/100\n|-terastallize|p1a: Espeon|Electric\n|move|p1a: Espeon|Psychic|p2a: Florges\n|-damage|p2a: Florges|59\/100\n|\n|upkeep\n|turn|16\n|\n|t:|1698043266\n|move|p1a: Espeon|Psychic|p2a: Florges\n|-damage|p2a: Florges|21\/100\n|move|p2a: Florges|Psychic|p1a: Espeon\n|-damage|p1a: Espeon|62\/100\n|\n|upkeep\n|turn|17\n|\n|t:|1698043273\n|move|p1a: Espeon|Psychic|p2a: Florges\n|-crit|p2a: Florges\n|-damage|p2a: Florges|0 fnt\n|faint|p2a: Florges\n|\n|upkeep\n|\n|t:|1698043295\n|switch|p2a: Tsareena|Tsareena, F, shiny|100\/100\n|turn|18\n|\n|t:|1698043307\n|switch|p1a: Sneasler|Sneasler, F|100\/100\n|move|p2a: Tsareena|Trop Kick|p1a: Sneasler\n|-resisted|p1a: Sneasler\n|-damage|p1a: Sneasler|70\/100\n|-unboost|p1a: Sneasler|atk|1\n|\n|upkeep\n|turn|19\n|\n|t:|1698043321\n|move|p1a: Sneasler|U-turn|p2a: Tsareena\n|-supereffective|p2a: Tsareena\n|-damage|p2a: Tsareena|65\/100\n|\n|t:|1698043331\n|switch|p1a: Espeon|Espeon, M, tera:Electric|62\/100|[from] U-turn\n|move|p2a: Tsareena|Zen Headbutt|p1a: Espeon\n|-damage|p1a: Espeon|12\/100\n|\n|upkeep\n|turn|20\n|\n|t:|1698043368\n|move|p1a: Espeon|Psychic|p2a: Tsareena\n|-damage|p2a: Tsareena|19\/100\n|move|p2a: Tsareena|Rapid Spin|p1a: Espeon\n|-damage|p1a: Espeon|0 fnt\n|-boost|p2a: Tsareena|spe|1\n|faint|p1a: Espeon\n|\n|upkeep\n|\n|t:|1698043375\n|switch|p1a: Sneasler|Sneasler, F|70\/100\n|turn|21\n|\n|t:|1698043388\n|move|p1a: Sneasler|U-turn|p2a: Tsareena\n|-supereffective|p2a: Tsareena\n|-damage|p2a: Tsareena|0 fnt\n|faint|p2a: Tsareena\n|\n|t:|1698043391\n|switch|p1a: Manaphy|Manaphy|100\/100|[from] U-turn\n|\n|upkeep\n|\n|t:|1698043396\n|switch|p2a: Passimian|Passimian, F, shiny, tera:Fighting|39\/100\n|turn|22\n|\n|t:|1698043405\n|move|p2a: Passimian|Close Combat|p1a: Manaphy\n|-damage|p1a: Manaphy|22\/100\n|-unboost|p2a: Passimian|def|1\n|-unboost|p2a: Passimian|spd|1\n|move|p1a: Manaphy|Surf|p2a: Passimian\n|-damage|p2a: Passimian|0 fnt\n|faint|p2a: Passimian\n|\n|win|Oxygon\n","uploadtime":1698043415,"views":17,"p1id":"oxygon","p2id":"transtrain","formatid":"gen9anythinggoes","rating":0,"private":0,"password":""}