{"id":"gen9anythinggoes-1972745867","p1":"TaiZaiZhi","p2":"Stanv4","format":"[Gen 9] Anything Goes","log":"|j|\u2606TaiZaiZhi\n|j|\u2606Stanv4\n|t:|1697888749\n|gametype|singles\n|player|p1|TaiZaiZhi|ghetsis-gen5bw|1105\n|player|p2|Stanv4|shadowtriad|1049\n|teamsize|p1|6\n|teamsize|p2|6\n|gen|9\n|tier|[Gen 9] Anything Goes\n|rated|\n|rule|HP Percentage Mod: HP is shown in percentages\n|rule|Endless Battle Clause: Forcing endless battles is banned\n|clearpoke\n|poke|p1|Walking Wake|\n|poke|p1|Great Tusk|\n|poke|p1|Roaring Moon|\n|poke|p1|Torkoal, M|\n|poke|p1|Hatterene, F|\n|poke|p1|Corviknight, M|\n|poke|p2|Raichu-Alola, M|\n|poke|p2|Toxapex, F|\n|poke|p2|Greninja-*, M|\n|poke|p2|Scizor, F|\n|poke|p2|Overqwil, M|\n|poke|p2|Garchomp, M|\n|teampreview\n|\n|t:|1697888760\n|start\n|switch|p1a: Torkoal|Torkoal, M, shiny|100\/100\n|switch|p2a: Raichu|Raichu-Alola, M|100\/100\n|-weather|SunnyDay|[from] ability: Drought|[of] p1a: Torkoal\n|turn|1\n|\n|t:|1697888773\n|move|p2a: Raichu|Electric Terrain|p2a: Raichu\n|-fieldstart|move: Electric Terrain\n|move|p1a: Torkoal|Stealth Rock|p2a: Raichu\n|-sidestart|p2: Stanv4|move: Stealth Rock\n|\n|-weather|SunnyDay|[upkeep]\n|upkeep\n|turn|2\n|\n|t:|1697888780\n|move|p2a: Raichu|Reflect|p2a: Raichu\n|-sidestart|p2: Stanv4|Reflect\n|move|p1a: Torkoal|Lava Plume|p2a: Raichu\n|-damage|p2a: Raichu|59\/100\n|\n|-weather|SunnyDay|[upkeep]\n|upkeep\n|turn|3\n|\n|t:|1697888786\n|move|p2a: Raichu|Knock Off|p1a: Torkoal\n|-damage|p1a: Torkoal|86\/100\n|-enditem|p1a: Torkoal|Heat Rock|[from] move: Knock Off|[of] p2a: Raichu\n|-damage|p2a: Raichu|50\/100|[from] item: Life Orb\n|move|p1a: Torkoal|Lava Plume|p2a: Raichu\n|-damage|p2a: Raichu|3\/100\n|-status|p2a: Raichu|brn\n|\n|-weather|SunnyDay|[upkeep]\n|-damage|p2a: Raichu|0 fnt|[from] brn\n|faint|p2a: Raichu\n|upkeep\n|\n|t:|1697888800\n|switch|p2a: Overqwil|Overqwil, M, shiny|100\/100\n|-damage|p2a: Overqwil|88\/100|[from] Stealth Rock\n|-ability|p2a: Overqwil|Intimidate|boost\n|-unboost|p1a: Torkoal|atk|1\n|turn|4\n|\n|t:|1697888811\n|move|p2a: Overqwil|Toxic Spikes|p1a: Torkoal\n|-sidestart|p1: TaiZaiZhi|move: Toxic Spikes\n|move|p1a: Torkoal|Yawn|p2a: Overqwil\n|-activate|p2a: Overqwil|move: Electric Terrain\n|\n|-weather|SunnyDay|[upkeep]\n|-heal|p2a: Overqwil|94\/100|[from] item: Leftovers\n|upkeep\n|turn|5\n|\n|t:|1697888818\n|move|p2a: Overqwil|Aqua Jet|p1a: Torkoal\n|-supereffective|p1a: Torkoal\n|-damage|p1a: Torkoal|80\/100\n|move|p1a: Torkoal|Lava Plume|p2a: Overqwil\n|-damage|p2a: Overqwil|50\/100\n|-status|p2a: Overqwil|brn\n|\n|-weather|SunnyDay|[upkeep]\n|-heal|p2a: Overqwil|56\/100 brn|[from] item: Leftovers\n|-damage|p2a: Overqwil|50\/100 brn|[from] brn\n|-fieldend|move: Electric Terrain\n|upkeep\n|turn|6\n|\n|t:|1697888828\n|move|p2a: Overqwil|Aqua Jet|p1a: Torkoal\n|-supereffective|p1a: Torkoal\n|-damage|p1a: Torkoal|77\/100\n|move|p1a: Torkoal|Lava Plume|p2a: Overqwil\n|-damage|p2a: Overqwil|11\/100 brn\n|\n|-weather|SunnyDay|[upkeep]\n|-heal|p2a: Overqwil|17\/100 brn|[from] item: Leftovers\n|-damage|p2a: Overqwil|11\/100 brn|[from] brn\n|-sideend|p2: Stanv4|Reflect\n|upkeep\n|turn|7\n|\n|t:|1697888839\n|move|p2a: Overqwil|Destiny Bond|p2a: Overqwil\n|-singlemove|p2a: Overqwil|Destiny Bond\n|move|p1a: Torkoal|Lava Plume|p2a: Overqwil\n|-damage|p2a: Overqwil|0 fnt\n|faint|p2a: Overqwil\n|-activate|p2a: Overqwil|move: Destiny Bond\n|faint|p1a: Torkoal\n|\n|-weather|SunnyDay|[upkeep]\n|upkeep\n|\n|t:|1697888851\n|switch|p2a: Garchomp|Garchomp, M|100\/100\n|switch|p1a: Corviknight|Corviknight, M, shiny|100\/100\n|-damage|p2a: Garchomp|94\/100|[from] Stealth Rock\n|turn|8\n|\n|t:|1697888866\n|move|p2a: Garchomp|Sandstorm|p2a: Garchomp\n|-weather|Sandstorm\n|move|p1a: Corviknight|Body Press|p2a: Garchomp\n|-damage|p2a: Garchomp|79\/100\n|\n|-weather|Sandstorm|[upkeep]\n|upkeep\n|turn|9\n|\n|t:|1697888874\n|move|p1a: Corviknight|Body Press|p2a: Garchomp\n|-crit|p2a: Garchomp\n|-damage|p2a: Garchomp|56\/100\n|move|p2a: Garchomp|Dragon Tail|p1a: Corviknight\n|-resisted|p1a: Corviknight\n|-damage|p1a: Corviknight|91\/100\n|drag|p1a: Great Tusk|Great Tusk|100\/100\n|-status|p1a: Great Tusk|psn\n|\n|-weather|Sandstorm|[upkeep]\n|-damage|p1a: Great Tusk|88\/100 psn|[from] psn\n|upkeep\n|turn|10\n|\n|t:|1697888884\n|move|p1a: Great Tusk|Ice Spinner|p2a: Garchomp|[miss]\n|-miss|p1a: Great Tusk|p2a: Garchomp\n|move|p2a: Garchomp|Earthquake|p1a: Great Tusk\n|-damage|p1a: Great Tusk|49\/100 psn\n|\n|-weather|Sandstorm|[upkeep]\n|-heal|p1a: Great Tusk|55\/100 psn|[from] item: Leftovers\n|-damage|p1a: Great Tusk|43\/100 psn|[from] psn\n|upkeep\n|turn|11\n|\n|t:|1697888894\n|-end|p1a: Great Tusk|Protosynthesis|[silent]\n|switch|p1a: Corviknight|Corviknight, M, shiny|91\/100\n|move|p2a: Garchomp|Earthquake|p1a: Corviknight\n|-immune|p1a: Corviknight\n|\n|-weather|Sandstorm|[upkeep]\n|upkeep\n|turn|12\n|\n|t:|1697888900\n|move|p1a: Corviknight|Body Press|p2a: Garchomp|[miss]\n|-miss|p1a: Corviknight|p2a: Garchomp\n|move|p2a: Garchomp|Dragon Tail|p1a: Corviknight\n|-resisted|p1a: Corviknight\n|-damage|p1a: Corviknight|82\/100\n|drag|p1a: Roaring Moon|Roaring Moon|100\/100\n|-status|p1a: Roaring Moon|psn\n|\n|-weather|none\n|-damage|p1a: Roaring Moon|88\/100 psn|[from] psn\n|upkeep\n|turn|13\n|\n|t:|1697888909\n|move|p1a: Roaring Moon|Outrage|p2a: Garchomp\n|-supereffective|p2a: Garchomp\n|-damage|p2a: Garchomp|0 fnt\n|faint|p2a: Garchomp\n|\n|-damage|p1a: Roaring Moon|76\/100 psn|[from] psn\n|upkeep\n|\n|t:|1697888918\n|switch|p2a: Toxapex|Toxapex, F|100\/100\n|-damage|p2a: Toxapex|88\/100|[from] Stealth Rock\n|turn|14\n|\n|t:|1697888932\n|move|p1a: Roaring Moon|Outrage|p2a: Toxapex|[from]lockedmove\n|-damage|p2a: Toxapex|32\/100\n|-start|p1a: Roaring Moon|confusion|[fatigue]\n|move|p2a: Toxapex|Iron Defense|p2a: Toxapex\n|-boost|p2a: Toxapex|def|2\n|\n|-heal|p2a: Toxapex|38\/100|[from] item: Black Sludge\n|-damage|p1a: Roaring Moon|64\/100 psn|[from] psn\n|upkeep\n|turn|15\n|\n|t:|1697888947\n|move|p2a: Toxapex|Baneful Bunker|p2a: Toxapex\n|-singleturn|p2a: Toxapex|move: Protect\n|-activate|p1a: Roaring Moon|confusion\n|move|p1a: Roaring Moon|Outrage|p2a: Toxapex\n|-activate|p2a: Toxapex|move: Protect\n|\n|-heal|p2a: Toxapex|44\/100|[from] item: Black Sludge\n|-damage|p1a: Roaring Moon|51\/100 psn|[from] psn\n|upkeep\n|turn|16\n|\n|t:|1697888955\n|-end|p1a: Roaring Moon|Protosynthesis|[silent]\n|switch|p1a: Hatterene|Hatterene, F, shiny|100\/100\n|-status|p1a: Hatterene|psn\n|move|p2a: Toxapex|Iron Defense|p2a: Toxapex\n|-boost|p2a: Toxapex|def|2\n|\n|-heal|p2a: Toxapex|51\/100|[from] item: Black Sludge\n|-damage|p1a: Hatterene|88\/100 psn|[from] psn\n|upkeep\n|turn|17\n|\n|t:|1697888963\n|move|p2a: Toxapex|Iron Defense|p2a: Toxapex\n|-boost|p2a: Toxapex|def|2\n|move|p1a: Hatterene|Psychic|p2a: Toxapex\n|-supereffective|p2a: Toxapex\n|-damage|p2a: Toxapex|0 fnt\n|faint|p2a: Toxapex\n|\n|-damage|p1a: Hatterene|76\/100 psn|[from] psn\n|upkeep\n|\n|t:|1697888971\n|switch|p2a: Scizor|Scizor, F, shiny|100\/100\n|-damage|p2a: Scizor|88\/100|[from] Stealth Rock\n|turn|18\n|\n|t:|1697888980\n|move|p2a: Scizor|Tailwind|p2a: Scizor\n|-sidestart|p2: Stanv4|move: Tailwind\n|move|p1a: Hatterene|Nuzzle|p2a: Scizor\n|-damage|p2a: Scizor|84\/100\n|-status|p2a: Scizor|par\n|\n|-damage|p1a: Hatterene|64\/100 psn|[from] psn\n|upkeep\n|turn|19\n|-activate|p2a: Scizor|item: Quick Claw\n|\n|t:|1697888987\n|move|p2a: Scizor|Agility|p2a: Scizor\n|-boost|p2a: Scizor|spe|2\n|move|p1a: Hatterene|Draining Kiss|p2a: Scizor\n|-resisted|p2a: Scizor\n|-damage|p2a: Scizor|68\/100 par\n|-heal|p1a: Hatterene|74\/100 psn|[from] drain|[of] p2a: Scizor\n|\n|-damage|p1a: Hatterene|62\/100 psn|[from] psn\n|upkeep\n|turn|20\n|\n|t:|1697888996\n|switch|p1a: Great Tusk|Great Tusk|43\/100 psn\n|cant|p2a: Scizor|par\n|\n|-heal|p1a: Great Tusk|49\/100 psn|[from] item: Leftovers\n|-damage|p1a: Great Tusk|37\/100 psn|[from] psn\n|upkeep\n|turn|21\n|\n|t:|1697889005\n|move|p2a: Scizor|Agility|p2a: Scizor\n|-boost|p2a: Scizor|spe|2\n|move|p1a: Great Tusk|Headlong Rush|p2a: Scizor\n|-damage|p2a: Scizor|10\/100 par\n|-unboost|p1a: Great Tusk|def|1\n|-unboost|p1a: Great Tusk|spd|1\n|\n|-heal|p1a: Great Tusk|43\/100 psn|[from] item: Leftovers\n|-damage|p1a: Great Tusk|31\/100 psn|[from] psn\n|-sideend|p2: Stanv4|move: Tailwind\n|upkeep\n|turn|22\n|\n|t:|1697889016\n|move|p2a: Scizor|Baton Pass|p2a: Scizor\n|\n|t:|1697889018\n|switch|p2a: Greninja|Greninja, M|100\/100|[from] Baton Pass\n|-damage|p2a: Greninja|88\/100|[from] Stealth Rock\n|move|p1a: Great Tusk|Ice Spinner|p2a: Greninja\n|-resisted|p2a: Greninja\n|-crit|p2a: Greninja\n|-damage|p2a: Greninja|49\/100\n|\n|-heal|p1a: Great Tusk|37\/100 psn|[from] item: Leftovers\n|-damage|p1a: Great Tusk|24\/100 psn|[from] psn\n|upkeep\n|turn|23\n|\n|t:|1697889029\n|move|p2a: Greninja|Chilling Water|p1a: Great Tusk\n|-supereffective|p1a: Great Tusk\n|-damage|p1a: Great Tusk|0 fnt\n|faint|p1a: Great Tusk\n|-end|p1a: Great Tusk|Protosynthesis|[silent]\n|-ability|p2a: Greninja|Battle Bond|boost\n|-boost|p2a: Greninja|atk|1\n|-boost|p2a: Greninja|spa|1\n|-boost|p2a: Greninja|spe|1\n|-activate|p2a: Greninja|ability: Battle Bond\n|\n|upkeep\n|\n|t:|1697889031\n|switch|p1a: Hatterene|Hatterene, F, shiny|62\/100 psn\n|turn|24\n|\n|t:|1697889039\n|move|p2a: Greninja|Ice Punch|p1a: Hatterene\n|-damage|p1a: Hatterene|31\/100 psn\n|-enditem|p1a: Hatterene|Eject Button\n|\n|t:|1697889042\n|switch|p1a: Corviknight|Corviknight, M, shiny|82\/100\n|\n|upkeep\n|turn|25\n|\n|t:|1697889048\n|move|p2a: Greninja|Brick Break|p1a: Corviknight\n|-damage|p1a: Corviknight|55\/100\n|move|p1a: Corviknight|Body Press|p2a: Greninja\n|-supereffective|p2a: Greninja\n|-damage|p2a: Greninja|0 fnt\n|faint|p2a: Greninja\n|\n|upkeep\n|\n|t:|1697889054\n|switch|p2a: Scizor|Scizor, F, shiny|10\/100 par\n|-damage|p2a: Scizor|0 fnt|[from] Stealth Rock\n|faint|p2a: Scizor\n|\n|win|TaiZaiZhi\n|raw|TaiZaiZhi's rating: 1105 &rarr; <strong>1126<\/strong><br \/>(+21 for winning)\n|raw|Stanv4's rating: 1049 &rarr; <strong>1034<\/strong><br \/>(-15 for losing)\n|l|\u2606Stanv4\n","uploadtime":1697889063,"views":11,"p1id":"taizaizhi","p2id":"stanv4","formatid":"gen9anythinggoes","rating":1034,"private":0,"password":""}