{"id":"gen9anythinggoes-1989138701","p1":"Dogpraxis","p2":"The True Avian","format":"[Gen 9] Anything Goes","log":"|j|\u2606Dogpraxis\n|j|\u2606The True Avian\n|t:|1699816363\n|gametype|singles\n|player|p1|Dogpraxis|102|\n|player|p2|The True Avian|265|\n|teamsize|p1|6\n|teamsize|p2|6\n|gen|9\n|tier|[Gen 9] Anything Goes\n|rule|HP Percentage Mod: HP is shown in percentages\n|rule|Endless Battle Clause: Forcing endless battles is banned\n|clearpoke\n|poke|p1|Shaymin-Sky|\n|poke|p1|Mamoswine, M|\n|poke|p1|Skeledirge, F|\n|poke|p1|Clodsire, M|\n|poke|p1|Corviknight, M|\n|poke|p1|Urshifu-*, F|\n|poke|p2|Annihilape, M|\n|poke|p2|Pawmot, M|\n|poke|p2|Sylveon, M|\n|poke|p2|Great Tusk|\n|poke|p2|Toxapex, M|\n|poke|p2|Kingambit, M|\n|teampreview\n|inactive|Battle timer is ON: inactive players will automatically lose when time's up. (requested by Dogpraxis)\n|\n|t:|1699816379\n|start\n|switch|p1a: Shaymin|Shaymin-Sky|100\/100\n|switch|p2a: Toxapex|Toxapex, M|100\/100\n|turn|1\n|\n|t:|1699816384\n|move|p1a: Shaymin|Substitute|p1a: Shaymin\n|-start|p1a: Shaymin|Substitute\n|-damage|p1a: Shaymin|76\/100\n|move|p2a: Toxapex|Mortal Spin|p1a: Shaymin\n|-supereffective|p1a: Shaymin\n|-activate|p1a: Shaymin|move: Substitute|[damage]\n|\n|-heal|p1a: Shaymin|82\/100|[from] item: Leftovers\n|upkeep\n|turn|2\n|\n|t:|1699816398\n|-terastallize|p1a: Shaymin|Water\n|move|p1a: Shaymin|Leech Seed|p2a: Toxapex\n|-start|p2a: Toxapex|move: Leech Seed\n|move|p2a: Toxapex|Haze|p2a: Toxapex\n|-clearallboost\n|\n|-heal|p1a: Shaymin|88\/100|[from] item: Leftovers\n|-damage|p2a: Toxapex|88\/100|[from] Leech Seed|[of] p1a: Shaymin\n|-heal|p1a: Shaymin|99\/100|[silent]\n|upkeep\n|turn|3\n|\n|t:|1699816410\n|move|p1a: Shaymin|Seed Flare|p2a: Toxapex\n|-damage|p2a: Toxapex|38\/100\n|-unboost|p2a: Toxapex|spd|2\n|move|p2a: Toxapex|Mortal Spin|p1a: Shaymin\n|-end|p1a: Shaymin|Substitute\n|-end|p2a: Toxapex|Leech Seed|[from] move: Mortal Spin|[of] p2a: Toxapex\n|\n|-heal|p1a: Shaymin|100\/100|[from] item: Leftovers\n|upkeep\n|turn|4\n|\n|t:|1699816429\n|switch|p2a: Kingambit|Kingambit, M|100\/100\n|move|p1a: Shaymin|Substitute|p1a: Shaymin\n|-start|p1a: Shaymin|Substitute\n|-damage|p1a: Shaymin|76\/100\n|\n|-heal|p1a: Shaymin|82\/100|[from] item: Leftovers\n|upkeep\n|turn|5\n|\n|t:|1699816440\n|move|p1a: Shaymin|Steam Eruption|p2a: Kingambit\n|-damage|p2a: Kingambit|66\/100\n|move|p2a: Kingambit|Bitter Blade|p1a: Shaymin\n|-resisted|p1a: Shaymin\n|-activate|p1a: Shaymin|move: Substitute|[damage]\n|-heal|p2a: Kingambit|75\/100|[from] drain|[of] p1a: Shaymin\n|\n|-heal|p1a: Shaymin|88\/100|[from] item: Leftovers\n|upkeep\n|turn|6\n|\n|t:|1699816452\n|-end|p2a: Kingambit|fallenundefined|[silent]\n|switch|p2a: Toxapex|Toxapex, M|71\/100\n|move|p1a: Shaymin|Steam Eruption|p2a: Toxapex|[miss]\n|-miss|p1a: Shaymin|p2a: Toxapex\n|\n|-heal|p1a: Shaymin|94\/100|[from] item: Leftovers\n|upkeep\n|turn|7\n|\n|t:|1699816457\n|move|p1a: Shaymin|Steam Eruption|p2a: Toxapex\n|-resisted|p2a: Toxapex\n|-damage|p2a: Toxapex|49\/100\n|move|p2a: Toxapex|Teleport|p2a: Toxapex\n|inactive|The True Avian has 270 seconds left.\n|\n|t:|1699816509\n|switch|p2a: Pawmot|Pawmot, M|100\/100|[from] Teleport\n|\n|-heal|p1a: Shaymin|99\/100|[from] item: Leftovers\n|upkeep\n|turn|8\n|\n|t:|1699816520\n|switch|p2a: Toxapex|Toxapex, M|82\/100\n|move|p1a: Shaymin|Steam Eruption|p2a: Toxapex\n|-resisted|p2a: Toxapex\n|-damage|p2a: Toxapex|60\/100\n|\n|-heal|p1a: Shaymin|100\/100|[from] item: Leftovers\n|upkeep\n|turn|9\n|c|\u2606Dogpraxis|Damn it\u2019s not cloak\n|inactive|The True Avian has 240 seconds left.\n|\n|t:|1699816550\n|move|p1a: Shaymin|Seed Flare|p2a: Toxapex\n|-damage|p2a: Toxapex|15\/100\n|-unboost|p2a: Toxapex|spd|2\n|move|p2a: Toxapex|Teleport|p2a: Toxapex\n|\n|t:|1699816559\n|switch|p2a: Annihilape|Annihilape, M|100\/100|[from] Teleport\n|\n|upkeep\n|turn|10\n|inactive|The True Avian has 240 seconds left.\n|\n|t:|1699816565\n|move|p1a: Shaymin|Steam Eruption|p2a: Annihilape\n|-damage|p2a: Annihilape|50\/100\n|move|p2a: Annihilape|Parting Shot|p1a: Shaymin\n|-unboost|p1a: Shaymin|atk|1\n|-unboost|p1a: Shaymin|spa|1\n|inactive|The True Avian has 240 seconds left.\n|\n|t:|1699816576\n|switch|p2a: Toxapex|Toxapex, M|48\/100|[from] Parting Shot\n|\n|upkeep\n|turn|11\n|inactive|The True Avian has 240 seconds left.\n|\n|t:|1699816591\n|switch|p1a: Corviknight|Corviknight, M|100\/100\n|-ability|p1a: Corviknight|Pressure\n|switch|p2a: Kingambit|Kingambit, M|75\/100\n|\n|upkeep\n|turn|12\n|\n|t:|1699816605\n|switch|p1a: Shaymin|Shaymin-Sky, tera:Water|100\/100\n|-end|p2a: Kingambit|fallenundefined|[silent]\n|switch|p2a: Annihilape|Annihilape, M|50\/100\n|\n|-heal|p2a: Annihilape|56\/100|[from] item: Leftovers\n|upkeep\n|turn|13\n|\n|t:|1699816615\n|move|p1a: Shaymin|Steam Eruption|p2a: Annihilape\n|-damage|p2a: Annihilape|9\/100\n|-status|p2a: Annihilape|brn\n|move|p2a: Annihilape|Milk Drink|p2a: Annihilape\n|-heal|p2a: Annihilape|59\/100 brn\n|\n|-heal|p2a: Annihilape|65\/100 brn|[from] item: Leftovers\n|-damage|p2a: Annihilape|59\/100 brn|[from] brn\n|upkeep\n|turn|14\n|\n|t:|1699816620\n|move|p1a: Shaymin|Substitute|p1a: Shaymin\n|-start|p1a: Shaymin|Substitute\n|-damage|p1a: Shaymin|76\/100\n|move|p2a: Annihilape|Milk Drink|p2a: Annihilape\n|-heal|p2a: Annihilape|100\/100 brn\n|\n|-heal|p1a: Shaymin|82\/100|[from] item: Leftovers\n|-damage|p2a: Annihilape|94\/100 brn|[from] brn\n|upkeep\n|turn|15\n|\n|t:|1699816627\n|move|p1a: Shaymin|Seed Flare|p2a: Annihilape\n|-damage|p2a: Annihilape|41\/100 brn\n|-unboost|p2a: Annihilape|spd|2\n|-ability|p2a: Annihilape|Defiant|boost\n|-boost|p2a: Annihilape|atk|2\n|move|p2a: Annihilape|Parting Shot|p1a: Shaymin\n|-unboost|p1a: Shaymin|atk|1\n|-unboost|p1a: Shaymin|spa|1\n|\n|t:|1699816632\n|switch|p2a: Toxapex|Toxapex, M|82\/100|[from] Parting Shot\n|\n|-heal|p1a: Shaymin|88\/100|[from] item: Leftovers\n|upkeep\n|turn|16\n|\n|t:|1699816636\n|move|p1a: Shaymin|Seed Flare|p2a: Toxapex|[miss]\n|-miss|p1a: Shaymin|p2a: Toxapex\n|move|p2a: Toxapex|Teleport|p2a: Toxapex\n|\n|t:|1699816647\n|switch|p2a: Kingambit|Kingambit, M|75\/100|[from] Teleport\n|\n|-heal|p1a: Shaymin|94\/100|[from] item: Leftovers\n|upkeep\n|turn|17\n|\n|t:|1699816651\n|-end|p2a: Kingambit|fallenundefined|[silent]\n|switch|p2a: Toxapex|Toxapex, M|100\/100\n|move|p1a: Shaymin|Steam Eruption|p2a: Toxapex\n|-resisted|p2a: Toxapex\n|-crit|p2a: Toxapex\n|-damage|p2a: Toxapex|68\/100\n|-status|p2a: Toxapex|brn\n|\n|-heal|p1a: Shaymin|99\/100|[from] item: Leftovers\n|-damage|p2a: Toxapex|62\/100 brn|[from] brn\n|upkeep\n|turn|18\n|\n|t:|1699816659\n|move|p1a: Shaymin|Seed Flare|p2a: Toxapex\n|-damage|p2a: Toxapex|30\/100 brn\n|-unboost|p2a: Toxapex|spd|2\n|move|p2a: Toxapex|Teleport|p2a: Toxapex\n|\n|t:|1699816665\n|switch|p2a: Pawmot|Pawmot, M|100\/100|[from] Teleport\n|\n|-heal|p1a: Shaymin|100\/100|[from] item: Leftovers\n|upkeep\n|turn|19\n|\n|t:|1699816670\n|move|p1a: Shaymin|Seed Flare|p2a: Pawmot\n|-damage|p2a: Pawmot|43\/100\n|-unboost|p2a: Pawmot|spd|2\n|move|p2a: Pawmot|Parting Shot|p1a: Shaymin\n|-unboost|p1a: Shaymin|atk|1\n|-unboost|p1a: Shaymin|spa|1\n|\n|t:|1699816674\n|switch|p2a: Toxapex|Toxapex, M|64\/100 brn|[from] Parting Shot\n|\n|-damage|p2a: Toxapex|58\/100 brn|[from] brn\n|upkeep\n|turn|20\n|\n|t:|1699816677\n|switch|p1a: Mamoswine|Mamoswine, M|100\/100\n|move|p2a: Toxapex|Teleport|p2a: Toxapex\n|\n|t:|1699816683\n|switch|p2a: Great Tusk|Great Tusk, shiny|100\/100|[from] Teleport\n|\n|upkeep\n|turn|21\n|inactive|Dogpraxis has 270 seconds left.\n|\n|t:|1699816714\n|switch|p1a: Corviknight|Corviknight, M|100\/100\n|-ability|p1a: Corviknight|Pressure\n|move|p2a: Great Tusk|Glare|p1a: Corviknight\n|-status|p1a: Corviknight|par\n|\n|upkeep\n|turn|22\n|inactive|Dogpraxis has 270 seconds left.\n|\n|t:|1699816728\n|move|p2a: Great Tusk|Stealth Rock|p1a: Corviknight\n|-sidestart|p1: Dogpraxis|move: Stealth Rock\n|cant|p1a: Corviknight|par\n|\n|upkeep\n|turn|23\n|\n|t:|1699816743\n|-end|p2a: Great Tusk|Protosynthesis|[silent]\n|switch|p2a: Annihilape|Annihilape, M|41\/100 brn\n|cant|p1a: Corviknight|par\n|\n|-heal|p2a: Annihilape|47\/100 brn|[from] item: Leftovers\n|-damage|p2a: Annihilape|41\/100 brn|[from] brn\n|upkeep\n|turn|24\n|\n|t:|1699816759\n|move|p2a: Annihilape|Milk Drink|p2a: Annihilape\n|-heal|p2a: Annihilape|91\/100 brn\n|move|p1a: Corviknight|Ceaseless Edge|p2a: Annihilape\n|-damage|p2a: Annihilape|77\/100 brn\n|-sidestart|p2: The True Avian|Spikes\n|\n|-heal|p2a: Annihilape|83\/100 brn|[from] item: Leftovers\n|-damage|p2a: Annihilape|77\/100 brn|[from] brn\n|upkeep\n|turn|25\n|inactive|The True Avian has 270 seconds left.\n|\n|t:|1699816804\n|switch|p1a: Urshifu|Urshifu, F|100\/100\n|-damage|p1a: Urshifu|94\/100|[from] Stealth Rock\n|move|p2a: Annihilape|Milk Drink|p2a: Annihilape\n|-heal|p2a: Annihilape|100\/100 brn\n|\n|-damage|p2a: Annihilape|94\/100 brn|[from] brn\n|upkeep\n|turn|26\n|\n|t:|1699816817\n|move|p1a: Urshifu|Wicked Blow|p2a: Annihilape\n|-crit|p2a: Annihilape\n|-damage|p2a: Annihilape|22\/100 brn\n|-damage|p1a: Urshifu|84\/100|[from] item: Life Orb\n|move|p2a: Annihilape|Close Combat|p1a: Urshifu\n|-supereffective|p1a: Urshifu\n|-damage|p1a: Urshifu|31\/100\n|-unboost|p2a: Annihilape|def|1\n|-unboost|p2a: Annihilape|spd|1\n|\n|-heal|p2a: Annihilape|29\/100 brn|[from] item: Leftovers\n|-damage|p2a: Annihilape|22\/100 brn|[from] brn\n|upkeep\n|turn|27\n|inactive|The True Avian has 270 seconds left.\n|inactive|Dogpraxis has 270 seconds left.\n|inactive|The True Avian has 240 seconds left.\n|\n|t:|1699816861\n|move|p1a: Urshifu|Swords Dance|p1a: Urshifu\n|-boost|p1a: Urshifu|atk|2\n|move|p2a: Annihilape|Parting Shot|p1a: Urshifu\n|-unboost|p1a: Urshifu|atk|1\n|-unboost|p1a: Urshifu|spa|1\n|\n|t:|1699816864\n|switch|p2a: Sylveon|Sylveon, M|100\/100|[from] Parting Shot\n|-damage|p2a: Sylveon|88\/100|[from] Spikes\n|\n|upkeep\n|turn|28\n|\n|t:|1699816868\n|switch|p1a: Skeledirge|Skeledirge, F|100\/100\n|move|p2a: Sylveon|Extreme Speed|p1a: Skeledirge\n|-resisted|p1a: Skeledirge\n|-damage|p1a: Skeledirge|87\/100\n|-damage|p2a: Sylveon|78\/100|[from] item: Life Orb\n|\n|upkeep\n|turn|29\n|inactive|Dogpraxis has 270 seconds left.\n|\n|t:|1699816896\n|switch|p2a: Toxapex|Toxapex, M|91\/100 brn\n|-damage|p2a: Toxapex|79\/100 brn|[from] Spikes\n|move|p1a: Skeledirge|Stone Axe|p2a: Toxapex\n|-damage|p2a: Toxapex|72\/100 brn\n|-damage|p1a: Skeledirge|70\/100|[from] item: Rocky Helmet|[of] p2a: Toxapex\n|-sidestart|p2: The True Avian|move: Stealth Rock\n|\n|-damage|p2a: Toxapex|66\/100 brn|[from] brn\n|upkeep\n|turn|30\n|inactive|Dogpraxis has 270 seconds left.\n|inactive|The True Avian has 240 seconds left.\n|\n|t:|1699816923\n|switch|p1a: Corviknight|Corviknight, M|100\/100 par\n|-damage|p1a: Corviknight|88\/100 par|[from] Stealth Rock\n|-ability|p1a: Corviknight|Pressure\n|move|p2a: Toxapex|Teleport|p2a: Toxapex\n|\n|t:|1699816927\n|switch|p2a: Great Tusk|Great Tusk, shiny|100\/100|[from] Teleport\n|-damage|p2a: Great Tusk|88\/100|[from] Spikes\n|-damage|p2a: Great Tusk|85\/100|[from] Stealth Rock\n|\n|-heal|p2a: Great Tusk|91\/100|[from] item: Leftovers\n|-heal|p1a: Corviknight|94\/100 par|[from] item: Leftovers\n|upkeep\n|turn|31\n|\n|t:|1699816932\n|move|p2a: Great Tusk|Rapid Spin|p1a: Corviknight\n|-resisted|p1a: Corviknight\n|-damage|p1a: Corviknight|90\/100 par\n|-boost|p2a: Great Tusk|spe|1\n|-sideend|p2: The True Avian|Spikes|[from] move: Rapid Spin|[of] p2a: Great Tusk\n|-sideend|p2: The True Avian|Stealth Rock|[from] move: Rapid Spin|[of] p2a: Great Tusk\n|cant|p1a: Corviknight|par\n|\n|-heal|p2a: Great Tusk|98\/100|[from] item: Leftovers\n|-heal|p1a: Corviknight|96\/100 par|[from] item: Leftovers\n|upkeep\n|turn|32\n|inactive|Dogpraxis has 270 seconds left.\n|inactive|The True Avian has 240 seconds left.\n|\n|t:|1699816971\n|-end|p2a: Great Tusk|Protosynthesis|[silent]\n|switch|p2a: Annihilape|Annihilape, M|22\/100 brn\n|switch|p1a: Shaymin|Shaymin-Sky, tera:Water|100\/100\n|-damage|p1a: Shaymin|88\/100|[from] Stealth Rock\n|\n|-heal|p1a: Shaymin|94\/100|[from] item: Leftovers\n|-heal|p2a: Annihilape|29\/100 brn|[from] item: Leftovers\n|-damage|p2a: Annihilape|22\/100 brn|[from] brn\n|upkeep\n|turn|33\n|inactive|Dogpraxis has 270 seconds left.\n|\n|t:|1699816984\n|switch|p2a: Toxapex|Toxapex, M|99\/100 brn\n|move|p1a: Shaymin|Seed Flare|p2a: Toxapex|[miss]\n|-miss|p1a: Shaymin|p2a: Toxapex\n|\n|-heal|p1a: Shaymin|100\/100|[from] item: Leftovers\n|-damage|p2a: Toxapex|93\/100 brn|[from] brn\n|upkeep\n|turn|34\n|inactive|Dogpraxis has 270 seconds left.\n|inactive|The True Avian has 240 seconds left.\n|\n|t:|1699817009\n|move|p1a: Shaymin|Substitute|p1a: Shaymin\n|-start|p1a: Shaymin|Substitute\n|-damage|p1a: Shaymin|76\/100\n|move|p2a: Toxapex|Mortal Spin|p1a: Shaymin\n|-activate|p1a: Shaymin|move: Substitute|[damage]\n|\n|-heal|p1a: Shaymin|82\/100|[from] item: Leftovers\n|-damage|p2a: Toxapex|87\/100 brn|[from] brn\n|upkeep\n|turn|35\n|inactive|Dogpraxis has 270 seconds left.\n|\n|t:|1699817019\n|move|p1a: Shaymin|Seed Flare|p2a: Toxapex\n|-damage|p2a: Toxapex|35\/100 brn\n|-unboost|p2a: Toxapex|spd|2\n|move|p2a: Toxapex|Teleport|p2a: Toxapex\n|inactive|The True Avian has 210 seconds left.\n|\n|t:|1699817067\n|switch|p2a: Pawmot|Pawmot, M|43\/100|[from] Teleport\n|\n|-heal|p1a: Shaymin|88\/100|[from] item: Leftovers\n|upkeep\n|turn|36\n|\n|t:|1699817074\n|switch|p2a: Toxapex|Toxapex, M|69\/100 brn\n|move|p1a: Shaymin|Leech Seed|p2a: Toxapex\n|-start|p2a: Toxapex|move: Leech Seed\n|\n|-heal|p1a: Shaymin|94\/100|[from] item: Leftovers\n|-damage|p2a: Toxapex|57\/100 brn|[from] Leech Seed|[of] p1a: Shaymin\n|-heal|p1a: Shaymin|100\/100|[silent]\n|-damage|p2a: Toxapex|51\/100 brn|[from] brn\n|upkeep\n|turn|37\n|inactive|The True Avian has 210 seconds left.\n|\n|t:|1699817093\n|move|p1a: Shaymin|Steam Eruption|p2a: Toxapex\n|-resisted|p2a: Toxapex\n|-damage|p2a: Toxapex|30\/100 brn\n|move|p2a: Toxapex|Mortal Spin|p1a: Shaymin\n|-activate|p1a: Shaymin|move: Substitute|[damage]\n|-end|p2a: Toxapex|Leech Seed|[from] move: Mortal Spin|[of] p2a: Toxapex\n|\n|-damage|p2a: Toxapex|24\/100 brn|[from] brn\n|upkeep\n|turn|38\n|\n|t:|1699817106\n|switch|p1a: Mamoswine|Mamoswine, M|100\/100\n|-damage|p1a: Mamoswine|88\/100|[from] Stealth Rock\n|move|p2a: Toxapex|Teleport|p2a: Toxapex\n|inactive|The True Avian has 210 seconds left.\n|\n|t:|1699817115\n|switch|p2a: Annihilape|Annihilape, M|22\/100 brn|[from] Teleport\n|\n|-heal|p2a: Annihilape|29\/100 brn|[from] item: Leftovers\n|-damage|p2a: Annihilape|22\/100 brn|[from] brn\n|upkeep\n|turn|39\n|\n|t:|1699817120\n|move|p1a: Mamoswine|Mountain Gale|p2a: Annihilape\n|-damage|p2a: Annihilape|0 fnt\n|faint|p2a: Annihilape\n|\n|upkeep\n|inactive|The True Avian has 210 seconds left.\n|\n|t:|1699817161\n|switch|p2a: Great Tusk|Great Tusk, shiny|98\/100\n|turn|40\n|\n|t:|1699817172\n|move|p1a: Mamoswine|Mountain Gale|p2a: Great Tusk|[miss]\n|-miss|p1a: Mamoswine|p2a: Great Tusk\n|move|p2a: Great Tusk|Glare|p1a: Mamoswine\n|-status|p1a: Mamoswine|par\n|\n|-heal|p2a: Great Tusk|100\/100|[from] item: Leftovers\n|upkeep\n|turn|41\n|\n|t:|1699817180\n|move|p2a: Great Tusk|Brick Break|p1a: Mamoswine\n|-supereffective|p1a: Mamoswine\n|-damage|p1a: Mamoswine|8\/100 par\n|move|p1a: Mamoswine|Mountain Gale|p2a: Great Tusk\n|-supereffective|p2a: Great Tusk\n|-damage|p2a: Great Tusk|31\/100\n|\n|-heal|p2a: Great Tusk|38\/100|[from] item: Leftovers\n|upkeep\n|turn|42\n|c|\u2606Dogpraxis|Why not body press\n|\n|t:|1699817197\n|switch|p1a: Corviknight|Corviknight, M|96\/100 par\n|-damage|p1a: Corviknight|84\/100 par|[from] Stealth Rock\n|-ability|p1a: Corviknight|Pressure\n|move|p2a: Great Tusk|Brick Break|p1a: Corviknight\n|-damage|p1a: Corviknight|65\/100 par\n|\n|-heal|p2a: Great Tusk|44\/100|[from] item: Leftovers\n|-heal|p1a: Corviknight|71\/100 par|[from] item: Leftovers\n|upkeep\n|turn|43\n|c|\u2606The True Avian|Forgot\n|c|\u2606The True Avian|Was to beat a screen team maybe\n|\n|t:|1699817218\n|-end|p2a: Great Tusk|Protosynthesis|[silent]\n|switch|p2a: Pawmot|Pawmot, M|43\/100\n|move|p1a: Corviknight|Rapid Spin|p2a: Pawmot\n|-damage|p2a: Pawmot|31\/100\n|-boost|p1a: Corviknight|spe|1\n|-sideend|p1: Dogpraxis|Stealth Rock|[from] move: Rapid Spin|[of] p1a: Corviknight\n|\n|-heal|p1a: Corviknight|77\/100 par|[from] item: Leftovers\n|upkeep\n|turn|44\n|\n|t:|1699817225\n|switch|p1a: Skeledirge|Skeledirge, F|70\/100\n|move|p2a: Pawmot|Revival Blessing|p2a: Pawmot\n|-enditem|p2a: Pawmot|Leppa Berry|[eat]\n|-activate|p2a: Pawmot|item: Leppa Berry|Revival Blessing|[consumed]\n|\n|t:|1699817227\n|-heal|p2: Annihilape|50\/100|[from] move: Revival Blessing\n|\n|upkeep\n|turn|45\n|\n|t:|1699817232\n|move|p2a: Pawmot|Parting Shot|p1a: Skeledirge\n|-unboost|p1a: Skeledirge|atk|1\n|-unboost|p1a: Skeledirge|spa|1\n|inactive|The True Avian has 210 seconds left.\n|\n|t:|1699817249\n|switch|p2a: Toxapex|Toxapex, M|57\/100 brn|[from] Parting Shot\n|move|p1a: Skeledirge|Will-O-Wisp|p2a: Toxapex\n|-fail|p2a: Toxapex|brn\n|\n|-damage|p2a: Toxapex|51\/100 brn|[from] brn\n|upkeep\n|turn|46\n|\n|t:|1699817256\n|switch|p1a: Corviknight|Corviknight, M|77\/100 par\n|-ability|p1a: Corviknight|Pressure\n|switch|p2a: Annihilape|Annihilape, M|50\/100\n|\n|-heal|p2a: Annihilape|57\/100|[from] item: Leftovers\n|-heal|p1a: Corviknight|83\/100 par|[from] item: Leftovers\n|upkeep\n|turn|47\n|inactive|The True Avian has 210 seconds left.\n|\n|t:|1699817262\n|move|p2a: Annihilape|Rage Fist|p1a: Corviknight\n|-damage|p1a: Corviknight|0 fnt\n|faint|p1a: Corviknight\n|\n|-heal|p2a: Annihilape|63\/100|[from] item: Leftovers\n|upkeep\n|\n|t:|1699817266\n|switch|p1a: Urshifu|Urshifu, F|31\/100\n|turn|48\n|c|\u2606Dogpraxis|Gg\n|inactive|The True Avian has 210 seconds left.\n|\n|t:|1699817293\n|switch|p2a: Toxapex|Toxapex, M|84\/100 brn\n|move|p1a: Urshifu|Wicked Blow|p2a: Toxapex\n|-crit|p2a: Toxapex\n|-damage|p2a: Toxapex|36\/100 brn\n|-damage|p1a: Urshifu|15\/100|[from] item: Rocky Helmet|[of] p2a: Toxapex\n|-damage|p1a: Urshifu|5\/100|[from] item: Life Orb\n|\n|-damage|p2a: Toxapex|30\/100 brn|[from] brn\n|upkeep\n|turn|49\n|\n|t:|1699817304\n|switch|p2a: Sylveon|Sylveon, M|78\/100\n|move|p1a: Urshifu|Wicked Blow|p2a: Sylveon\n|-resisted|p2a: Sylveon\n|-crit|p2a: Sylveon\n|-damage|p2a: Sylveon|31\/100\n|-damage|p1a: Urshifu|0 fnt|[from] item: Life Orb\n|faint|p1a: Urshifu\n|\n|upkeep\n|\n|t:|1699817307\n|switch|p1a: Skeledirge|Skeledirge, F|70\/100\n|turn|50\n|-message|Dogpraxis forfeited.\n|\n|win|The True Avian\n|l|\u2606Dogpraxis\n","uploadtime":1699817350,"views":10,"p1id":"dogpraxis","p2id":"thetrueavian","formatid":"gen9anythinggoes","rating":0,"private":0,"password":""}