{"id":"gen9anythinggoes-1977800842","p1":"Hammer Enthusiest","p2":"AlexPhantom","format":"[Gen 9] Anything Goes","log":"|j|\u2606Hammer Enthusiest\n|j|\u2606AlexPhantom\n|t:|1698451220\n|gametype|singles\n|player|p1|Hammer Enthusiest|cynthia-gen4|1045\n|player|p2|AlexPhantom|mira|1148\n|teamsize|p1|6\n|teamsize|p2|6\n|gen|9\n|tier|[Gen 9] Anything Goes\n|rated|\n|rule|HP Percentage Mod: HP is shown in percentages\n|rule|Endless Battle Clause: Forcing endless battles is banned\n|clearpoke\n|poke|p1|Mimikyu, F|\n|poke|p1|Mimikyu, M|\n|poke|p1|Mimikyu, F|\n|poke|p1|Mimikyu, F|\n|poke|p1|Mimikyu, F|\n|poke|p1|Mimikyu, M|\n|poke|p2|Ogerpon-Hearthflame, F|\n|poke|p2|Landorus-Therian, M|\n|poke|p2|Great Tusk|\n|poke|p2|Regieleki|\n|poke|p2|Corviknight, M|\n|poke|p2|Gliscor, F|\n|teampreview\n|inactive|Battle timer is ON: inactive players will automatically lose when time's up. (requested by AlexPhantom)\n|c|\u2606AlexPhantom|ooooh\n|c|\u2606Hammer Enthusiest|trick or treat\n|\n|t:|1698451246\n|start\n|switch|p1a: Trick or Treat?|Mimikyu, F|100\/100\n|switch|p2a: Ogerpon|Ogerpon-Hearthflame, F|100\/100\n|-ability|p2a: Ogerpon|Mold Breaker\n|turn|1\n|c|\u2606AlexPhantom|my favorite mon :0\n|\n|t:|1698451257\n|move|p1a: Trick or Treat?|Shadow Sneak|p2a: Ogerpon\n|-damage|p2a: Ogerpon|79\/100\n|move|p2a: Ogerpon|Trailblaze|p1a: Trick or Treat?\n|-damage|p1a: Trick or Treat?|56\/100\n|-boost|p2a: Ogerpon|spe|1\n|\n|upkeep\n|turn|2\n|c|\u2606Hammer Enthusiest|Ah, a Man of Taste\n|\n|t:|1698451267\n|move|p1a: Trick or Treat?|Shadow Sneak|p2a: Ogerpon\n|-damage|p2a: Ogerpon|57\/100\n|move|p2a: Ogerpon|Horn Leech|p1a: Trick or Treat?\n|-damage|p1a: Trick or Treat?|0 fnt\n|-heal|p2a: Ogerpon|80\/100|[from] drain|[of] p1a: Trick or Treat?\n|faint|p1a: Trick or Treat?\n|\n|upkeep\n|\n|t:|1698451272\n|switch|p1a: Trick or Treat?|Mimikyu, M|100\/100\n|turn|3\n|\n|t:|1698451276\n|-terastallize|p2a: Ogerpon|Fire\n|detailschange|p2a: Ogerpon|Ogerpon-Hearthflame-Tera, F, tera:Fire\n|-ability|p2a: Ogerpon|Embody Aspect (Hearthflame)|boost\n|-boost|p2a: Ogerpon|atk|1\n|move|p2a: Ogerpon|Horn Leech|p1a: Trick or Treat?\n|-activate|p1a: Trick or Treat?|ability: Disguise\n|-damage|p1a: Trick or Treat?|100\/100\n|detailschange|p1a: Trick or Treat?|Mimikyu-Busted, M\n|-damage|p1a: Trick or Treat?|88\/100|[from] pokemon: Mimikyu-Busted\n|move|p1a: Trick or Treat?|Drain Punch|p2a: Ogerpon\n|-damage|p2a: Ogerpon|55\/100\n|-heal|p1a: Trick or Treat?|100\/100|[from] drain|[of] p2a: Ogerpon\n|\n|upkeep\n|turn|4\n|\n|t:|1698451289\n|move|p2a: Ogerpon|Ivy Cudgel|p1a: Trick or Treat?\n|-damage|p1a: Trick or Treat?|0 fnt\n|faint|p1a: Trick or Treat?\n|\n|upkeep\n|\n|t:|1698451295\n|switch|p1a: Trick or Treat?|Mimikyu, F|100\/100\n|turn|5\n|\n|t:|1698451298\n|move|p2a: Ogerpon|Ivy Cudgel|p1a: Trick or Treat?\n|-activate|p1a: Trick or Treat?|ability: Disguise\n|-damage|p1a: Trick or Treat?|100\/100\n|detailschange|p1a: Trick or Treat?|Mimikyu-Busted, F\n|-damage|p1a: Trick or Treat?|88\/100|[from] pokemon: Mimikyu-Busted\n|move|p1a: Trick or Treat?|Thunder|p2a: Ogerpon\n|-damage|p2a: Ogerpon|40\/100\n|\n|upkeep\n|turn|6\n|c|\u2606AlexPhantom|he learns thunder??\n|\n|t:|1698451310\n|move|p2a: Ogerpon|Horn Leech|p1a: Trick or Treat?\n|-damage|p1a: Trick or Treat?|0 fnt\n|-heal|p2a: Ogerpon|77\/100|[from] drain|[of] p1a: Trick or Treat?\n|faint|p1a: Trick or Treat?\n|\n|upkeep\n|c|\u2606Hammer Enthusiest|ya\n|\n|t:|1698451314\n|switch|p1a: TRICK!!!|Mimikyu, M, shiny|100\/100\n|turn|7\n|\n|t:|1698451318\n|-terastallize|p1a: TRICK!!!|Normal\n|move|p2a: Ogerpon|Trailblaze|p1a: TRICK!!!\n|-activate|p1a: TRICK!!!|ability: Disguise\n|-damage|p1a: TRICK!!!|100\/100\n|-boost|p2a: Ogerpon|spe|1\n|detailschange|p1a: TRICK!!!|Mimikyu-Busted, M, shiny, tera:Normal\n|-damage|p1a: TRICK!!!|88\/100|[from] pokemon: Mimikyu-Busted\n|move|p1a: TRICK!!!|Giga Impact|p2a: Ogerpon\n|-damage|p2a: Ogerpon|2\/100\n|-mustrecharge|p1a: TRICK!!!\n|\n|upkeep\n|turn|8\n|c|\u2606Hammer Enthusiest|ALSO GIGA IMPACT!\n|c|\u2606AlexPhantom|pfff\n|\n|t:|1698451330\n|move|p2a: Ogerpon|Horn Leech|p1a: TRICK!!!\n|-damage|p1a: TRICK!!!|0 fnt\n|-heal|p2a: Ogerpon|38\/100|[from] drain|[of] p1a: TRICK!!!\n|faint|p1a: TRICK!!!\n|\n|upkeep\n|c|\u2606Hammer Enthusiest|ARCEUS DAMN IT!\n|\n|t:|1698451337\n|switch|p1a: Trick or Treat?|Mimikyu, F|100\/100\n|turn|9\n|\n|t:|1698451340\n|move|p2a: Ogerpon|Horn Leech|p1a: Trick or Treat?\n|-activate|p1a: Trick or Treat?|ability: Disguise\n|-damage|p1a: Trick or Treat?|100\/100\n|detailschange|p1a: Trick or Treat?|Mimikyu-Busted, F\n|-damage|p1a: Trick or Treat?|88\/100|[from] pokemon: Mimikyu-Busted\n|move|p1a: Trick or Treat?|Drain Punch|p2a: Ogerpon\n|-damage|p2a: Ogerpon|13\/100\n|-heal|p1a: Trick or Treat?|100\/100|[from] drain|[of] p2a: Ogerpon\n|\n|upkeep\n|turn|10\n|\n|t:|1698451349\n|move|p1a: Trick or Treat?|Shadow Sneak|p2a: Ogerpon\n|-damage|p2a: Ogerpon|0 fnt\n|faint|p2a: Ogerpon\n|\n|upkeep\n|\n|t:|1698451356\n|switch|p2a: Corviknight|Corviknight, M|100\/100\n|turn|11\n|\n|t:|1698451360\n|move|p1a: Trick or Treat?|Burning Jealousy|p2a: Corviknight\n|-supereffective|p2a: Corviknight\n|-damage|p2a: Corviknight|82\/100\n|move|p2a: Corviknight|Tailwind|p2a: Corviknight\n|-sidestart|p2: AlexPhantom|move: Tailwind\n|\n|-heal|p2a: Corviknight|88\/100|[from] item: Leftovers\n|upkeep\n|turn|12\n|c|\u2606AlexPhantom|?????????????????\n|\n|t:|1698451366\n|move|p2a: Corviknight|Iron Head|p1a: Trick or Treat?\n|-supereffective|p1a: Trick or Treat?\n|-damage|p1a: Trick or Treat?|0 fnt\n|faint|p1a: Trick or Treat?\n|\n|-heal|p2a: Corviknight|94\/100|[from] item: Leftovers\n|upkeep\n|c|\u2606Hammer Enthusiest|Mimikyu learns alot of obscure moves\n|\n|t:|1698451380\n|switch|p1a: Trick or Treat?|Mimikyu, F|100\/100\n|turn|13\n|c|\u2606AlexPhantom|noted\n|\n|t:|1698451385\n|move|p1a: Trick or Treat?|Shadow Sneak|p2a: Corviknight\n|-damage|p2a: Corviknight|81\/100\n|move|p2a: Corviknight|Drill Peck|p1a: Trick or Treat?\n|-activate|p1a: Trick or Treat?|ability: Disguise\n|-damage|p1a: Trick or Treat?|100\/100\n|detailschange|p1a: Trick or Treat?|Mimikyu-Busted, F\n|-damage|p1a: Trick or Treat?|88\/100|[from] pokemon: Mimikyu-Busted\n|\n|-heal|p2a: Corviknight|87\/100|[from] item: Leftovers\n|upkeep\n|turn|14\n|c|\u2606AlexPhantom|gg love your team\n|\n|t:|1698451396\n|move|p1a: Trick or Treat?|Shadow Sneak|p2a: Corviknight\n|-damage|p2a: Corviknight|72\/100\n|move|p2a: Corviknight|Iron Head|p1a: Trick or Treat?\n|-supereffective|p1a: Trick or Treat?\n|-damage|p1a: Trick or Treat?|0 fnt\n|faint|p1a: Trick or Treat?\n|\n|win|AlexPhantom\n|raw|Hammer Enthusiest's rating: 1045 &rarr; <strong>1033<\/strong><br \/>(-12 for losing)\n|raw|AlexPhantom's rating: 1148 &rarr; <strong>1166<\/strong><br \/>(+18 for winning)\n|c|\u2606Hammer Enthusiest|thx\n","uploadtime":1698451405,"views":7,"p1id":"hammerenthusiest","p2id":"alexphantom","formatid":"gen9anythinggoes","rating":1033,"private":0,"password":""}