{"id":"gen9anythinggoes-1999308451","p1":"Khryce","p2":"dahstroyah","format":"[Gen 9] Anything Goes","log":"|j|\u2606Khryce\n|j|\u2606dahstroyah\n|t:|1701058128\n|gametype|singles\n|player|p1|Khryce|preschooler|1158\n|player|p2|dahstroyah|biker|1000\n|teamsize|p1|6\n|teamsize|p2|6\n|gen|9\n|tier|[Gen 9] Anything Goes\n|rated|\n|rule|HP Percentage Mod: HP is shown in percentages\n|rule|Endless Battle Clause: Forcing endless battles is banned\n|clearpoke\n|poke|p1|Sylveon, M|\n|poke|p1|Dudunsparce-*, F|\n|poke|p1|Dragapult, M|\n|poke|p1|Chandelure, M|\n|poke|p1|Seviper, M|\n|poke|p1|Skeledirge, F|\n|poke|p2|Houndoom, M|\n|poke|p2|Dusknoir, F|\n|poke|p2|Giratina-Origin|\n|poke|p2|Darkrai|\n|poke|p2|Hoopa-Unbound|\n|poke|p2|Gengar, M|\n|teampreview\n|inactive|Battle timer is ON: inactive players will automatically lose when time's up. (requested by Khryce)\n|\n|t:|1701058138\n|start\n|switch|p1a: Dudunsparce|Dudunsparce-Three-Segment, F|100\/100\n|switch|p2a: Giratina|Giratina-Origin|100\/100\n|turn|1\n|\n|t:|1701058155\n|switch|p1a: Seviper|Seviper, M|100\/100\n|move|p2a: Giratina|Dragon Tail|p1a: Seviper\n|-damage|p1a: Seviper|58\/100\n|drag|p1a: Dragapult|Dragapult, M|100\/100\n|\n|upkeep\n|turn|2\n|\n|t:|1701058166\n|-terastallize|p2a: Giratina|Ghost\n|move|p1a: Dragapult|Draco Meteor|p2a: Giratina\n|-damage|p2a: Giratina|60\/100\n|-unboost|p1a: Dragapult|spa|2\n|move|p2a: Giratina|Rest|p2a: Giratina\n|-status|p2a: Giratina|slp|[from] move: Rest\n|-heal|p2a: Giratina|100\/100 slp|[silent]\n|\n|upkeep\n|turn|3\n|\n|t:|1701058178\n|switch|p1a: Chandelure|Chandelure, M|100\/100\n|cant|p2a: Giratina|slp\n|move|p2a: Giratina|Sleep Talk|p2a: Giratina\n|move|p2a: Giratina|Rest||[from]move: Sleep Talk|[still]\n|-fail|p2a: Giratina\n|\n|upkeep\n|turn|4\n|\n|t:|1701058192\n|cant|p2a: Giratina|slp\n|move|p2a: Giratina|Sleep Talk|p2a: Giratina\n|move|p2a: Giratina|Roar|p1a: Chandelure|[from]move: Sleep Talk\n|drag|p1a: Sylveon|Sylveon, M|100\/100\n|\n|upkeep\n|turn|5\n|\n|t:|1701058205\n|-curestatus|p2a: Giratina|slp|[msg]\n|move|p2a: Giratina|Sleep Talk||[still]\n|-fail|p2a: Giratina\n|move|p1a: Sylveon|Calm Mind|p1a: Sylveon\n|-boost|p1a: Sylveon|spa|1\n|-boost|p1a: Sylveon|spd|1\n|\n|upkeep\n|turn|6\n|\n|t:|1701058214\n|move|p1a: Sylveon|Hyper Voice|p2a: Giratina\n|-damage|p2a: Giratina|42\/100\n|move|p2a: Giratina|Roar|p1a: Sylveon\n|drag|p1a: Chandelure|Chandelure, M|100\/100\n|\n|upkeep\n|turn|7\n|\n|t:|1701058227\n|switch|p1a: Dudunsparce|Dudunsparce-Three-Segment, F|100\/100\n|move|p2a: Giratina|Dragon Tail|p1a: Dudunsparce|[miss]\n|-miss|p2a: Giratina|p1a: Dudunsparce\n|\n|upkeep\n|turn|8\n|\n|t:|1701058233\n|move|p2a: Giratina|Rest|p2a: Giratina\n|-status|p2a: Giratina|slp|[from] move: Rest\n|-heal|p2a: Giratina|100\/100 slp|[silent]\n|move|p1a: Dudunsparce|Drill Run|p2a: Giratina\n|-immune|p2a: Giratina|[from] ability: Levitate\n|\n|upkeep\n|turn|9\n|\n|t:|1701058242\n|switch|p1a: Skeledirge|Skeledirge, F|100\/100\n|cant|p2a: Giratina|slp\n|move|p2a: Giratina|Sleep Talk|p2a: Giratina\n|move|p2a: Giratina|Roar|p1a: Skeledirge|[from]move: Sleep Talk\n|drag|p1a: Chandelure|Chandelure, M|100\/100\n|\n|upkeep\n|turn|10\n|\n|t:|1701058251\n|switch|p2a: Houndoom|Houndoom, M|100\/100\n|move|p1a: Chandelure|Shadow Ball|p2a: Houndoom\n|-resisted|p2a: Houndoom\n|-damage|p2a: Houndoom|62\/100\n|\n|upkeep\n|turn|11\n|\n|t:|1701058263\n|switch|p1a: Sylveon|Sylveon, M|100\/100\n|move|p2a: Houndoom|Flare Blitz|p1a: Sylveon\n|-damage|p1a: Sylveon|38\/100\n|-damage|p2a: Houndoom|35\/100|[from] Recoil\n|\n|-heal|p1a: Sylveon|44\/100|[from] item: Leftovers\n|upkeep\n|turn|12\n|\n|t:|1701058274\n|switch|p2a: Gengar|Gengar, M|100\/100\n|move|p1a: Sylveon|Hyper Voice|p2a: Gengar\n|-resisted|p2a: Gengar\n|-damage|p2a: Gengar|59\/100\n|-start|p1a: Sylveon|Disable|Hyper Voice|[from] ability: Cursed Body|[of] p2a: Gengar\n|\n|-heal|p2a: Gengar|65\/100|[from] item: Black Sludge\n|-heal|p1a: Sylveon|50\/100|[from] item: Leftovers\n|upkeep\n|turn|13\n|\n|t:|1701058286\n|switch|p1a: Seviper|Seviper, M|58\/100\n|move|p2a: Gengar|Sludge Bomb|p1a: Seviper\n|-resisted|p1a: Seviper\n|-damage|p1a: Seviper|26\/100\n|\n|-heal|p2a: Gengar|71\/100|[from] item: Black Sludge\n|-heal|p1a: Seviper|32\/100|[from] item: Leftovers\n|upkeep\n|turn|14\n|\n|t:|1701058295\n|move|p2a: Gengar|Shadow Ball|p1a: Seviper\n|-damage|p1a: Seviper|0 fnt\n|faint|p1a: Seviper\n|\n|-heal|p2a: Gengar|77\/100|[from] item: Black Sludge\n|upkeep\n|\n|t:|1701058300\n|switch|p1a: Dragapult|Dragapult, M|100\/100\n|turn|15\n|\n|t:|1701058303\n|move|p1a: Dragapult|Hex|p2a: Gengar\n|-supereffective|p2a: Gengar\n|-damage|p2a: Gengar|0 fnt\n|faint|p2a: Gengar\n|\n|upkeep\n|\n|t:|1701058309\n|switch|p2a: Darkrai|Darkrai|100\/100\n|turn|16\n|\n|t:|1701058316\n|move|p2a: Darkrai|Thunder|p1a: Dragapult|[miss]\n|-miss|p2a: Darkrai|p1a: Dragapult\n|move|p1a: Dragapult|Will-O-Wisp|p2a: Darkrai\n|-status|p2a: Darkrai|brn\n|\n|-damage|p2a: Darkrai|94\/100 brn|[from] brn\n|upkeep\n|turn|17\n|\n|t:|1701058328\n|move|p2a: Darkrai|Thunder|p1a: Dragapult\n|-resisted|p1a: Dragapult\n|-damage|p1a: Dragapult|71\/100\n|move|p1a: Dragapult|Draco Meteor|p2a: Darkrai\n|-damage|p2a: Darkrai|19\/100 brn\n|-unboost|p1a: Dragapult|spa|2\n|\n|-heal|p1a: Dragapult|77\/100|[from] item: Leftovers\n|-damage|p2a: Darkrai|13\/100 brn|[from] brn\n|upkeep\n|turn|18\n|\n|t:|1701058341\n|switch|p2a: Dusknoir|Dusknoir, F|100\/100\n|-ability|p2a: Dusknoir|Pressure\n|move|p1a: Dragapult|Draco Meteor|p2a: Dusknoir\n|-damage|p2a: Dusknoir|76\/100\n|-unboost|p1a: Dragapult|spa|2\n|\n|-heal|p1a: Dragapult|83\/100|[from] item: Leftovers\n|-heal|p2a: Dusknoir|82\/100|[from] item: Leftovers\n|upkeep\n|turn|19\n|\n|t:|1701058355\n|move|p1a: Dragapult|Will-O-Wisp|p2a: Dusknoir\n|-status|p2a: Dusknoir|brn\n|move|p2a: Dusknoir|Body Slam|p1a: Dragapult\n|-immune|p1a: Dragapult\n|\n|-heal|p1a: Dragapult|89\/100|[from] item: Leftovers\n|-heal|p2a: Dusknoir|88\/100 brn|[from] item: Leftovers\n|-damage|p2a: Dusknoir|82\/100 brn|[from] brn\n|upkeep\n|turn|20\n|\n|t:|1701058368\n|switch|p1a: Chandelure|Chandelure, M|100\/100\n|move|p2a: Dusknoir|Will-O-Wisp|p1a: Chandelure\n|-immune|p1a: Chandelure\n|\n|-heal|p2a: Dusknoir|88\/100 brn|[from] item: Leftovers\n|-damage|p2a: Dusknoir|82\/100 brn|[from] brn\n|upkeep\n|turn|21\n|\n|t:|1701058378\n|move|p1a: Chandelure|Shadow Ball|p2a: Dusknoir\n|-supereffective|p2a: Dusknoir\n|-damage|p2a: Dusknoir|0 fnt\n|faint|p2a: Dusknoir\n|\n|upkeep\n|\n|t:|1701058384\n|switch|p2a: Hoopa|Hoopa-Unbound|100\/100\n|turn|22\n|\n|t:|1701058391\n|switch|p1a: Sylveon|Sylveon, M|50\/100\n|move|p2a: Hoopa|Hyperspace Fury|p1a: Sylveon\n|-resisted|p1a: Sylveon\n|-damage|p1a: Sylveon|0 fnt\n|-unboost|p2a: Hoopa|def|1\n|faint|p1a: Sylveon\n|-damage|p2a: Hoopa|91\/100|[from] item: Life Orb\n|\n|upkeep\n|\n|t:|1701058400\n|switch|p1a: Dudunsparce|Dudunsparce-Three-Segment, F|100\/100\n|turn|23\n|\n|t:|1701058403\n|move|p2a: Hoopa|Focus Blast|p1a: Dudunsparce\n|-supereffective|p1a: Dudunsparce\n|-damage|p1a: Dudunsparce|0 fnt\n|faint|p1a: Dudunsparce\n|-damage|p2a: Hoopa|81\/100|[from] item: Life Orb\n|\n|upkeep\n|\n|t:|1701058432\n|switch|p1a: Dragapult|Dragapult, M|89\/100\n|turn|24\n|inactive|Khryce has 120 seconds left.\n|\n|t:|1701058461\n|move|p1a: Dragapult|Draco Meteor|p2a: Hoopa\n|-damage|p2a: Hoopa|31\/100\n|-unboost|p1a: Dragapult|spa|2\n|move|p2a: Hoopa|Focus Blast|p1a: Dragapult\n|-immune|p1a: Dragapult\n|\n|-heal|p1a: Dragapult|95\/100|[from] item: Leftovers\n|upkeep\n|turn|25\n|\n|t:|1701058480\n|switch|p1a: Chandelure|Chandelure, M|100\/100\n|move|p2a: Hoopa|Focus Blast|p1a: Chandelure\n|-immune|p1a: Chandelure\n|\n|upkeep\n|turn|26\n|\n|t:|1701058503\n|move|p2a: Hoopa|Dark Pulse|p1a: Chandelure\n|-supereffective|p1a: Chandelure\n|-damage|p1a: Chandelure|15\/100\n|-damage|p2a: Hoopa|21\/100|[from] item: Life Orb\n|move|p1a: Chandelure|Flamethrower|p2a: Hoopa\n|-damage|p2a: Hoopa|0 fnt\n|faint|p2a: Hoopa\n|\n|upkeep\n|\n|t:|1701058512\n|switch|p2a: Giratina|Giratina-Origin, tera:Ghost|100\/100 slp\n|turn|27\n|\n|t:|1701058520\n|cant|p2a: Giratina|slp\n|move|p1a: Chandelure|Shadow Ball|p2a: Giratina\n|-supereffective|p2a: Giratina\n|-damage|p2a: Giratina|32\/100 slp\n|\n|upkeep\n|turn|28\n|\n|t:|1701058526\n|-curestatus|p2a: Giratina|slp|[msg]\n|move|p2a: Giratina|Sleep Talk||[still]\n|-fail|p2a: Giratina\n|move|p1a: Chandelure|Shadow Ball|p2a: Giratina\n|-supereffective|p2a: Giratina\n|-damage|p2a: Giratina|0 fnt\n|faint|p2a: Giratina\n|\n|upkeep\n|\n|t:|1701058535\n|switch|p2a: Darkrai|Darkrai|13\/100 brn\n|turn|29\n|\n|t:|1701058539\n|move|p2a: Darkrai|Focus Blast|p1a: Chandelure\n|-immune|p1a: Chandelure\n|move|p1a: Chandelure|Flamethrower|p2a: Darkrai\n|-damage|p2a: Darkrai|0 fnt\n|faint|p2a: Darkrai\n|\n|upkeep\n|\n|t:|1701058547\n|switch|p2a: Houndoom|Houndoom, M|35\/100\n|turn|30\n|\n|t:|1701058553\n|move|p2a: Houndoom|Dark Pulse|p1a: Chandelure\n|-supereffective|p1a: Chandelure\n|-damage|p1a: Chandelure|0 fnt\n|faint|p1a: Chandelure\n|\n|upkeep\n|\n|t:|1701058558\n|switch|p1a: Dragapult|Dragapult, M|95\/100\n|turn|31\n|\n|t:|1701058562\n|move|p1a: Dragapult|Draco Meteor|p2a: Houndoom\n|-damage|p2a: Houndoom|0 fnt\n|-unboost|p1a: Dragapult|spa|2\n|faint|p2a: Houndoom\n|\n|win|Khryce\n|raw|Khryce's rating: 1158 &rarr; <strong>1172<\/strong><br \/>(+14 for winning)\n|raw|dahstroyah's rating: 1000 &rarr; <strong>1000<\/strong><br \/>(+0 for losing)\n","uploadtime":1701058569,"views":11,"p1id":"khryce","p2id":"dahstroyah","formatid":"gen9anythinggoes","rating":1000,"private":0,"password":""}