{"id":"gen9anythinggoes-1977787660","p1":"NottoNeisan","p2":"Nasty N","format":"[Gen 9] Anything Goes","log":"|j|\u2606NottoNeisan\n|j|\u2606Nasty N\n|t:|1698449607\n|gametype|singles\n|player|p1|NottoNeisan|juan|1444\n|player|p2|Nasty N|n|1417\n|teamsize|p1|6\n|teamsize|p2|6\n|gen|9\n|tier|[Gen 9] Anything Goes\n|rated|\n|rule|HP Percentage Mod: HP is shown in percentages\n|rule|Endless Battle Clause: Forcing endless battles is banned\n|clearpoke\n|poke|p1|Slowking, M|\n|poke|p1|Slowking-Galar, M|\n|poke|p1|Toxapex, F|\n|poke|p1|Clodsire, M|\n|poke|p1|Dondozo, M|\n|poke|p1|Palafin, M|\n|poke|p2|Calyrex-Shadow|\n|poke|p2|Arceus|\n|poke|p2|Darkrai|\n|poke|p2|Miraidon|\n|poke|p2|Kyogre|\n|poke|p2|Baxcalibur, M|\n|teampreview\n|inactive|Battle timer is ON: inactive players will automatically lose when time's up. (requested by Nasty N)\n|\n|t:|1698449628\n|start\n|switch|p1a: Palafin|Palafin, M|100\/100\n|switch|p2a: Miraidon|Miraidon|100\/100\n|-fieldstart|move: Electric Terrain|[from] ability: Hadron Engine|[of] p2a: Miraidon\n|turn|1\n|\n|t:|1698449646\n|detailschange|p1a: Palafin|Palafin-Hero, M\n|switch|p1a: Clodsire|Clodsire, M|100\/100\n|move|p2a: Miraidon|Electro Drift|p1a: Clodsire\n|-immune|p1a: Clodsire\n|\n|upkeep\n|turn|2\n|\n|t:|1698449662\n|move|p2a: Miraidon|Taunt|p1a: Clodsire\n|-start|p1a: Clodsire|move: Taunt\n|cant|p1a: Clodsire|move: Taunt|Spikes\n|\n|upkeep\n|turn|3\n|\n|t:|1698449673\n|move|p2a: Miraidon|U-turn|p1a: Clodsire\n|-resisted|p1a: Clodsire\n|-damage|p1a: Clodsire|93\/100\n|\n|t:|1698449679\n|switch|p2a: Baxcalibur|Baxcalibur, M|100\/100|[from] U-turn\n|move|p1a: Clodsire|Earthquake|p2a: Baxcalibur\n|-damage|p2a: Baxcalibur|72\/100\n|\n|-heal|p1a: Clodsire|99\/100|[from] item: Leftovers\n|upkeep\n|turn|4\n|\n|t:|1698449690\n|switch|p1a: Dondozo|Dondozo, M|100\/100\n|move|p2a: Baxcalibur|Swords Dance|p2a: Baxcalibur\n|-boost|p2a: Baxcalibur|atk|2\n|\n|upkeep\n|turn|5\n|\n|t:|1698449695\n|move|p2a: Baxcalibur|Scale Shot|p1a: Dondozo\n|-damage|p1a: Dondozo|93\/100\n|-damage|p1a: Dondozo|87\/100\n|-damage|p1a: Dondozo|81\/100\n|-damage|p1a: Dondozo|74\/100\n|-damage|p1a: Dondozo|68\/100\n|-hitcount|p1a: Dondozo|5\n|-unboost|p2a: Baxcalibur|def|1\n|-boost|p2a: Baxcalibur|spe|1\n|move|p1a: Dondozo|Body Press|p2a: Baxcalibur\n|-supereffective|p2a: Baxcalibur\n|-damage|p2a: Baxcalibur|15\/100\n|\n|-heal|p1a: Dondozo|74\/100|[from] item: Leftovers\n|-fieldend|move: Electric Terrain\n|upkeep\n|turn|6\n|inactive|Nasty N has 120 seconds left.\n|l|\u2606Nasty N\n|inactive|Nasty N disconnected and has a minute to reconnect!\n|player|p2|\n|j|\u2606Nasty N\n|inactive|Nasty N reconnected and has 110 seconds left.\n|player|p2|Nasty N|n\n|\n|t:|1698449746\n|move|p2a: Baxcalibur|Scale Shot|p1a: Dondozo\n|-damage|p1a: Dondozo|68\/100\n|-damage|p1a: Dondozo|62\/100\n|-damage|p1a: Dondozo|55\/100\n|-damage|p1a: Dondozo|49\/100\n|-damage|p1a: Dondozo|43\/100\n|-hitcount|p1a: Dondozo|5\n|-unboost|p2a: Baxcalibur|def|1\n|-boost|p2a: Baxcalibur|spe|1\n|move|p1a: Dondozo|Body Press|p2a: Baxcalibur\n|-supereffective|p2a: Baxcalibur\n|-damage|p2a: Baxcalibur|0 fnt\n|faint|p2a: Baxcalibur\n|\n|-heal|p1a: Dondozo|49\/100|[from] item: Leftovers\n|upkeep\n|inactive|Nasty N has 90 seconds left.\n|\n|t:|1698449772\n|switch|p2a: Darkrai|Darkrai|100\/100\n|turn|7\n|\n|t:|1698449775\n|move|p2a: Darkrai|Hypnosis|p1a: Dondozo\n|-status|p1a: Dondozo|slp|[from] move: Hypnosis\n|cant|p1a: Dondozo|slp\n|\n|-heal|p1a: Dondozo|55\/100 slp|[from] item: Leftovers\n|-damage|p1a: Dondozo|43\/100 slp|[from] ability: Bad Dreams|[of] p2a: Darkrai\n|upkeep\n|turn|8\n|inactive|Nasty N has 90 seconds left.\n|\n|t:|1698449795\n|move|p2a: Darkrai|Nasty Plot|p2a: Darkrai\n|-boost|p2a: Darkrai|spa|2\n|cant|p1a: Dondozo|slp\n|move|p1a: Dondozo|Sleep Talk|p1a: Dondozo\n|move|p1a: Dondozo|Fissure|p2a: Darkrai|[from]move: Sleep Talk|[miss]\n|-miss|p1a: Dondozo|p2a: Darkrai\n|\n|-heal|p1a: Dondozo|49\/100 slp|[from] item: Leftovers\n|-damage|p1a: Dondozo|36\/100 slp|[from] ability: Bad Dreams|[of] p2a: Darkrai\n|upkeep\n|turn|9\n|inactive|Nasty N has 90 seconds left.\n|\n|t:|1698449810\n|move|p2a: Darkrai|Nasty Plot|p2a: Darkrai\n|-boost|p2a: Darkrai|spa|2\n|cant|p1a: Dondozo|slp\n|\n|-heal|p1a: Dondozo|43\/100 slp|[from] item: Leftovers\n|-damage|p1a: Dondozo|30\/100 slp|[from] ability: Bad Dreams|[of] p2a: Darkrai\n|upkeep\n|turn|10\n|inactive|Nasty N has 90 seconds left.\n|\n|t:|1698449836\n|move|p2a: Darkrai|Dark Pulse|p1a: Dondozo\n|-damage|p1a: Dondozo|0 fnt\n|faint|p1a: Dondozo\n|\n|upkeep\n|\n|t:|1698449850\n|switch|p1a: Palafin|Palafin-Hero, M|100\/100\n|-activate|p1a: Palafin|ability: Zero to Hero\n|turn|11\n|\n|t:|1698449855\n|-terastallize|p1a: Palafin|Water\n|move|p1a: Palafin|Jet Punch|p2a: Darkrai\n|-damage|p2a: Darkrai|0 fnt\n|faint|p2a: Darkrai\n|\n|upkeep\n|inactive|Nasty N has 90 seconds left.\n|\n|t:|1698449863\n|switch|p2a: Miraidon|Miraidon|100\/100\n|-fieldstart|move: Electric Terrain|[from] ability: Hadron Engine|[of] p2a: Miraidon\n|turn|12\n|\n|t:|1698449868\n|switch|p1a: Clodsire|Clodsire, M|99\/100\n|move|p2a: Miraidon|Electro Drift|p1a: Clodsire\n|-immune|p1a: Clodsire\n|\n|-heal|p1a: Clodsire|100\/100|[from] item: Leftovers\n|upkeep\n|turn|13\n|\n|t:|1698449875\n|move|p2a: Miraidon|Taunt|p1a: Clodsire\n|-start|p1a: Clodsire|move: Taunt\n|move|p1a: Clodsire|Earthquake|p2a: Miraidon\n|-supereffective|p2a: Miraidon\n|-damage|p2a: Miraidon|44\/100\n|\n|upkeep\n|turn|14\n|\n|t:|1698449888\n|move|p2a: Miraidon|U-turn|p1a: Clodsire\n|-resisted|p1a: Clodsire\n|-damage|p1a: Clodsire|94\/100\n|\n|t:|1698449891\n|switch|p2a: Arceus|Arceus, shiny|100\/100|[from] U-turn\n|move|p1a: Clodsire|Earthquake|p2a: Arceus\n|-damage|p2a: Arceus|82\/100\n|\n|-heal|p1a: Clodsire|99\/100|[from] item: Leftovers\n|upkeep\n|turn|15\n|inactive|Nasty N has 120 seconds left.\n|\n|t:|1698449904\n|switch|p1a: Toxapex|Toxapex, F|100\/100\n|move|p2a: Arceus|Swords Dance|p2a: Arceus\n|-boost|p2a: Arceus|atk|2\n|\n|upkeep\n|turn|16\n|inactive|Nasty N has 120 seconds left.\n|\n|t:|1698449922\n|move|p2a: Arceus|Taunt|p1a: Toxapex\n|-start|p1a: Toxapex|move: Taunt\n|cant|p1a: Toxapex|move: Taunt|Haze\n|\n|-fieldend|move: Electric Terrain\n|upkeep\n|turn|17\n|\n|t:|1698449933\n|move|p2a: Arceus|Swords Dance|p2a: Arceus\n|-boost|p2a: Arceus|atk|2\n|move|p1a: Toxapex|Chilling Water|p2a: Arceus\n|-damage|p2a: Arceus|75\/100\n|-unboost|p2a: Arceus|atk|1\n|\n|upkeep\n|turn|18\n|inactive|Nasty N has 120 seconds left.\n|\n|t:|1698449956\n|switch|p1a: Clodsire|Clodsire, M|99\/100\n|move|p2a: Arceus|Extreme Speed|p1a: Clodsire\n|-damage|p1a: Clodsire|48\/100\n|\n|-heal|p1a: Clodsire|54\/100|[from] item: Leftovers\n|upkeep\n|turn|19\n|\n|t:|1698449973\n|move|p2a: Arceus|Taunt|p1a: Clodsire\n|-start|p1a: Clodsire|move: Taunt\n|cant|p1a: Clodsire|move: Taunt|Recover\n|\n|-heal|p1a: Clodsire|60\/100|[from] item: Leftovers\n|upkeep\n|turn|20\n|\n|t:|1698449996\n|switch|p1a: Toxapex|Toxapex, F|100\/100\n|move|p2a: Arceus|Swords Dance|p2a: Arceus\n|-boost|p2a: Arceus|atk|2\n|\n|upkeep\n|turn|21\n|inactive|NottoNeisan has 120 seconds left.\n|\n|t:|1698450018\n|move|p2a: Arceus|Taunt|p1a: Toxapex\n|-start|p1a: Toxapex|move: Taunt\n|cant|p1a: Toxapex|move: Taunt|Haze\n|\n|upkeep\n|turn|22\n|\n|t:|1698450025\n|move|p2a: Arceus|Extreme Speed|p1a: Toxapex\n|-damage|p1a: Toxapex|0 fnt\n|faint|p1a: Toxapex\n|\n|upkeep\n|inactive|NottoNeisan has 120 seconds left.\n|\n|t:|1698450041\n|switch|p1a: Slowking|Slowking, M|100\/100\n|turn|23\n|-activate|p1a: Slowking|item: Quick Claw\n|\n|t:|1698450047\n|move|p2a: Arceus|Shadow Claw|p1a: Slowking\n|-supereffective|p1a: Slowking\n|-damage|p1a: Slowking|0 fnt\n|faint|p1a: Slowking\n|\n|upkeep\n|inactive|NottoNeisan has 120 seconds left.\n|\n|t:|1698450076\n|switch|p1a: Palafin|Palafin-Hero, M, tera:Water|100\/100\n|turn|24\n|\n|t:|1698450080\n|move|p2a: Arceus|Extreme Speed|p1a: Palafin\n|-damage|p1a: Palafin|0 fnt\n|faint|p1a: Palafin\n|\n|upkeep\n|\n|t:|1698450084\n|switch|p1a: Clodsire|Clodsire, M|60\/100\n|turn|25\n|\n|t:|1698450087\n|move|p2a: Arceus|Extreme Speed|p1a: Clodsire\n|-damage|p1a: Clodsire|9\/100\n|move|p1a: Clodsire|Earthquake|p2a: Arceus\n|-damage|p2a: Arceus|57\/100\n|\n|-heal|p1a: Clodsire|15\/100|[from] item: Leftovers\n|upkeep\n|turn|26\n|\n|t:|1698450096\n|move|p2a: Arceus|Shadow Claw|p1a: Clodsire\n|-damage|p1a: Clodsire|0 fnt\n|faint|p1a: Clodsire\n|\n|upkeep\n|\n|t:|1698450100\n|switch|p1a: Slowking|Slowking-Galar, M|100\/100\n|turn|27\n|\n|t:|1698450127\n|-terastallize|p2a: Arceus|Ghost\n|move|p2a: Arceus|Shadow Claw|p1a: Slowking\n|-supereffective|p1a: Slowking\n|-damage|p1a: Slowking|0 fnt\n|faint|p1a: Slowking\n|\n|win|Nasty N\n|raw|NottoNeisan's rating: 1444 &rarr; <strong>1422<\/strong><br \/>(-22 for losing)\n|raw|Nasty N's rating: 1417 &rarr; <strong>1439<\/strong><br \/>(+22 for winning)\n","uploadtime":1698450136,"views":5,"p1id":"nottoneisan","p2id":"nastyn","formatid":"gen9anythinggoes","rating":1422,"private":0,"password":""}