{"id":"gen9anythinggoes-1975824685","p1":"Salva68","p2":"markeab","format":"[Gen 9] Anything Goes","log":"|j|\u2606Salva68\n|j|\u2606markeab\n|t:|1698241530\n|gametype|singles\n|player|p1|Salva68|hilbert|1232\n|player|p2|markeab|ghetsis|1160\n|teamsize|p1|6\n|teamsize|p2|6\n|gen|9\n|tier|[Gen 9] Anything Goes\n|rated|\n|rule|HP Percentage Mod: HP is shown in percentages\n|rule|Endless Battle Clause: Forcing endless battles is banned\n|clearpoke\n|poke|p1|Fezandipiti, M|\n|poke|p1|Ursaluna-Bloodmoon, M|\n|poke|p1|Ogerpon, F|\n|poke|p1|Arcanine-Hisui, M|\n|poke|p1|Umbreon, M|\n|poke|p1|Urshifu-*, F|\n|poke|p2|Hydreigon, M|\n|poke|p2|Dragapult, M|\n|poke|p2|Toxapex, F|\n|poke|p2|Gliscor, F|\n|poke|p2|Shaymin-Sky|\n|poke|p2|Ursaluna-Bloodmoon, M|\n|teampreview\n|inactive|Battle timer is ON: inactive players will automatically lose when time's up. (requested by markeab)\n|\n|t:|1698241536\n|start\n|switch|p1a: Umbreon|Umbreon, M|100\/100\n|switch|p2a: Hydreigon|Hydreigon, M, shiny|100\/100\n|turn|1\n|\n|t:|1698241547\n|-terastallize|p2a: Hydreigon|Electric\n|move|p2a: Hydreigon|Focus Blast|p1a: Umbreon\n|-supereffective|p1a: Umbreon\n|-damage|p1a: Umbreon|59\/100\n|move|p1a: Umbreon|Toxic|p2a: Hydreigon\n|-status|p2a: Hydreigon|tox\n|\n|-heal|p1a: Umbreon|65\/100|[from] item: Leftovers\n|-damage|p2a: Hydreigon|94\/100 tox|[from] psn\n|upkeep\n|turn|2\n|\n|t:|1698241565\n|move|p2a: Hydreigon|Focus Blast|p1a: Umbreon|[miss]\n|-miss|p2a: Hydreigon|p1a: Umbreon\n|move|p1a: Umbreon|Moonlight|p1a: Umbreon\n|-heal|p1a: Umbreon|100\/100\n|\n|-heal|p2a: Hydreigon|100\/100 tox|[from] item: Leftovers\n|-damage|p2a: Hydreigon|88\/100 tox|[from] psn\n|upkeep\n|turn|3\n|\n|t:|1698241577\n|switch|p2a: Gliscor|Gliscor, F, shiny|100\/100\n|move|p1a: Umbreon|Dark Pulse|p2a: Gliscor\n|-damage|p2a: Gliscor|79\/100\n|\n|-status|p2a: Gliscor|tox|[from] item: Toxic Orb\n|upkeep\n|turn|4\n|\n|t:|1698241589\n|switch|p1a: Urshifu|Urshifu-Rapid-Strike, F|100\/100\n|move|p2a: Gliscor|Knock Off|p1a: Urshifu\n|-resisted|p1a: Urshifu\n|-damage|p1a: Urshifu|86\/100\n|-enditem|p1a: Urshifu|Choice Scarf|[from] move: Knock Off|[of] p2a: Gliscor\n|\n|-heal|p2a: Gliscor|91\/100 tox|[from] ability: Poison Heal\n|upkeep\n|turn|5\n|\n|t:|1698241602\n|switch|p2a: Shaymin|Shaymin-Sky, shiny|100\/100\n|move|p1a: Urshifu|Surging Strikes|p2a: Shaymin\n|-resisted|p2a: Shaymin\n|-crit|p2a: Shaymin\n|-damage|p2a: Shaymin|88\/100\n|-resisted|p2a: Shaymin\n|-crit|p2a: Shaymin\n|-damage|p2a: Shaymin|76\/100\n|-resisted|p2a: Shaymin\n|-crit|p2a: Shaymin\n|-damage|p2a: Shaymin|62\/100\n|-hitcount|p2a: Shaymin|3\n|\n|upkeep\n|turn|6\n|\n|t:|1698241627\n|switch|p1a: Fezandipiti|Fezandipiti, M|100\/100\n|move|p2a: Shaymin|Leech Seed|p1a: Fezandipiti\n|-start|p1a: Fezandipiti|move: Leech Seed\n|\n|-damage|p1a: Fezandipiti|88\/100|[from] Leech Seed|[of] p2a: Shaymin\n|-heal|p2a: Shaymin|76\/100|[silent]\n|upkeep\n|turn|7\n|inactive|markeab has 120 seconds left.\n|\n|t:|1698241653\n|switch|p2a: Gliscor|Gliscor, F, shiny|91\/100 tox\n|move|p1a: Fezandipiti|Poison Jab|p2a: Gliscor\n|-resisted|p2a: Gliscor\n|-damage|p2a: Gliscor|75\/100 tox\n|\n|-damage|p1a: Fezandipiti|76\/100|[from] Leech Seed|[of] p2a: Gliscor\n|-heal|p2a: Gliscor|88\/100 tox|[silent]\n|-heal|p2a: Gliscor|99\/100 tox|[from] ability: Poison Heal\n|upkeep\n|turn|8\n|inactive|markeab has 120 seconds left.\n|\n|t:|1698241677\n|switch|p1a: Urshifu|Urshifu-Rapid-Strike, F|86\/100\n|move|p2a: Gliscor|Earthquake|p1a: Urshifu\n|-damage|p1a: Urshifu|40\/100\n|\n|-heal|p2a: Gliscor|100\/100 tox|[from] ability: Poison Heal\n|upkeep\n|turn|9\n|\n|t:|1698241692\n|move|p1a: Urshifu|Surging Strikes|p2a: Gliscor\n|-supereffective|p2a: Gliscor\n|-crit|p2a: Gliscor\n|-damage|p2a: Gliscor|65\/100 tox\n|-supereffective|p2a: Gliscor\n|-crit|p2a: Gliscor\n|-damage|p2a: Gliscor|32\/100 tox\n|-supereffective|p2a: Gliscor\n|-crit|p2a: Gliscor\n|-damage|p2a: Gliscor|0 fnt\n|faint|p2a: Gliscor\n|-hitcount|p2: Gliscor|3\n|\n|upkeep\n|\n|t:|1698241710\n|switch|p2a: Shaymin|Shaymin-Sky, shiny|76\/100\n|turn|10\n|inactive|markeab has 90 seconds left.\n|\n|t:|1698241740\n|switch|p2a: Toxapex|Toxapex, F, shiny|100\/100\n|switch|p1a: Fezandipiti|Fezandipiti, M|76\/100\n|\n|upkeep\n|turn|11\n|\n|t:|1698241750\n|move|p1a: Fezandipiti|Shadow Claw|p2a: Toxapex\n|-damage|p2a: Toxapex|83\/100\n|move|p2a: Toxapex|Toxic|p1a: Fezandipiti\n|-immune|p1a: Fezandipiti\n|\n|upkeep\n|turn|12\n|\n|t:|1698241769\n|switch|p1a: Ursaluna|Ursaluna-Bloodmoon, M|100\/100\n|move|p2a: Toxapex|Hex|p1a: Ursaluna\n|-immune|p1a: Ursaluna\n|\n|upkeep\n|turn|13\n|\n|t:|1698241777\n|move|p2a: Toxapex|Baneful Bunker|p2a: Toxapex\n|-singleturn|p2a: Toxapex|move: Protect\n|move|p1a: Ursaluna|Earth Power|p2a: Toxapex\n|-activate|p2a: Toxapex|move: Protect\n|\n|upkeep\n|turn|14\n|inactive|markeab has 90 seconds left.\n|\n|t:|1698241791\n|switch|p2a: Hydreigon|Hydreigon, M, shiny, tera:Electric|88\/100 tox\n|move|p1a: Ursaluna|Earth Power|p2a: Hydreigon\n|-immune|p2a: Hydreigon|[from] ability: Levitate\n|\n|-heal|p2a: Hydreigon|94\/100 tox|[from] item: Leftovers\n|-damage|p2a: Hydreigon|88\/100 tox|[from] psn\n|upkeep\n|turn|15\n|inactive|markeab has 90 seconds left.\n|\n|t:|1698241803\n|move|p2a: Hydreigon|Hydro Pump|p1a: Ursaluna\n|-supereffective|p1a: Ursaluna\n|-damage|p1a: Ursaluna|51\/100\n|move|p1a: Ursaluna|Blood Moon|p2a: Hydreigon\n|-damage|p2a: Hydreigon|13\/100 tox\n|\n|-heal|p2a: Hydreigon|19\/100 tox|[from] item: Leftovers\n|-damage|p2a: Hydreigon|7\/100 tox|[from] psn\n|upkeep\n|turn|16\n|inactive|markeab has 90 seconds left.\n|\n|t:|1698241818\n|move|p1a: Ursaluna|Vacuum Wave|p2a: Hydreigon\n|-damage|p2a: Hydreigon|0 fnt\n|faint|p2a: Hydreigon\n|\n|upkeep\n|\n|t:|1698241823\n|switch|p2a: Dragapult|Dragapult, M, shiny|100\/100\n|turn|17\n|inactive|markeab has 90 seconds left.\n|\n|t:|1698241834\n|move|p2a: Dragapult|Dragon Dance|p2a: Dragapult\n|-boost|p2a: Dragapult|atk|1\n|-boost|p2a: Dragapult|spe|1\n|move|p1a: Ursaluna|Moonblast|p2a: Dragapult\n|-supereffective|p2a: Dragapult\n|-damage|p2a: Dragapult|4\/100\n|\n|upkeep\n|turn|18\n|inactive|markeab has 90 seconds left.\n|\n|t:|1698241843\n|move|p2a: Dragapult|Dragon Darts|p1a: Ursaluna\n|-damage|p1a: Ursaluna|25\/100\n|-anim|p2a: Dragapult|Dragon Darts|p1a: Ursaluna\n|-damage|p1a: Ursaluna|0 fnt\n|faint|p1a: Ursaluna\n|\n|upkeep\n|\n|t:|1698241851\n|switch|p1a: Arcanine|Arcanine-Hisui, M|100\/100\n|turn|19\n|\n|t:|1698241860\n|move|p2a: Dragapult|Dragon Darts|p1a: Arcanine\n|-damage|p1a: Arcanine|50\/100\n|-anim|p2a: Dragapult|Dragon Darts|p1a: Arcanine\n|-damage|p1a: Arcanine|1\/100\n|move|p1a: Arcanine|Flare Blitz|p2a: Dragapult\n|-resisted|p2a: Dragapult\n|-crit|p2a: Dragapult\n|-damage|p2a: Dragapult|0 fnt\n|faint|p2a: Dragapult\n|\n|upkeep\n|inactive|markeab has 90 seconds left.\n|\n|t:|1698241875\n|switch|p2a: Shaymin|Shaymin-Sky, shiny|76\/100\n|turn|20\n|\n|t:|1698241879\n|move|p1a: Arcanine|Flare Blitz|p2a: Shaymin\n|-supereffective|p2a: Shaymin\n|-damage|p2a: Shaymin|0 fnt\n|faint|p2a: Shaymin\n|\n|upkeep\n|-message|markeab forfeited.\n|\n|win|Salva68\n|raw|Salva68's rating: 1232 &rarr; <strong>1252<\/strong><br \/>(+20 for winning)\n|raw|markeab's rating: 1160 &rarr; <strong>1140<\/strong><br \/>(-20 for losing)\n|l|\u2606markeab\n","uploadtime":1698241931,"views":18,"p1id":"salva68","p2id":"markeab","formatid":"gen9anythinggoes","rating":1140,"private":0,"password":""}