{"id":"gen9anythinggoes-2000015062","p1":"GildedSapphire","p2":"volk12","format":"[Gen 9] Anything Goes","log":"|j|\u2606GildedSapphire\n|j|\u2606volk12\n|t:|1701141396\n|gametype|singles\n|player|p1|GildedSapphire|wallace|1237\n|player|p2|volk12|li|1244\n|teamsize|p1|6\n|teamsize|p2|6\n|gen|9\n|tier|[Gen 9] Anything Goes\n|rated|\n|rule|HP Percentage Mod: HP is shown in percentages\n|rule|Endless Battle Clause: Forcing endless battles is banned\n|clearpoke\n|poke|p1|Houndstone, F|\n|poke|p1|Tyranitar, M|\n|poke|p1|Flutter Mane|\n|poke|p1|Glimmora, F|\n|poke|p1|Zoroark-Hisui, F|\n|poke|p1|Drifblim, F|\n|poke|p2|Scream Tail|\n|poke|p2|Drifblim, M|\n|poke|p2|Espathra, M|\n|poke|p2|Espeon, M|\n|poke|p2|Lechonk, M|\n|poke|p2|Clefable, M|\n|teampreview\n|inactive|Battle timer is ON: inactive players will automatically lose when time's up. (requested by GildedSapphire)\n|\n|t:|1701141410\n|start\n|switch|p1a: Glimmora|Glimmora, F|100\/100\n|switch|p2a: Espathra|Espathra, M, shiny|100\/100\n|turn|1\n|\n|t:|1701141417\n|move|p2a: Espathra|Substitute|p2a: Espathra\n|-start|p2a: Espathra|Substitute\n|-damage|p2a: Espathra|76\/100\n|move|p1a: Glimmora|Sludge Wave|p2a: Espathra\n|-end|p2a: Espathra|Substitute\n|\n|-heal|p2a: Espathra|82\/100|[from] item: Leftovers\n|-ability|p2a: Espathra|Speed Boost|boost\n|-boost|p2a: Espathra|spe|1\n|upkeep\n|turn|2\n|\n|t:|1701141426\n|switch|p1a: Drifblim|Drifblim, F|100\/100\n|move|p2a: Espathra|Baton Pass|p2a: Espathra\n|\n|t:|1701141438\n|switch|p2a: Espeon|Espeon, M|100\/100|[from] Baton Pass\n|\n|upkeep\n|turn|3\n|\n|t:|1701141442\n|move|p2a: Espeon|Stored Power|p1a: Drifblim\n|-damage|p1a: Drifblim|83\/100\n|move|p1a: Drifblim|Clear Smog|p2a: Espeon\n|-damage|p2a: Espeon|90\/100\n|-clearboost|p2a: Espeon\n|\n|upkeep\n|turn|4\n|\n|t:|1701141454\n|switch|p2a: Scream Tail|Scream Tail, shiny|100\/100\n|move|p1a: Drifblim|Minimize|p1a: Drifblim\n|-boost|p1a: Drifblim|evasion|2\n|\n|upkeep\n|turn|5\n|\n|t:|1701141461\n|move|p2a: Scream Tail|Bulk Up|p2a: Scream Tail\n|-boost|p2a: Scream Tail|atk|1\n|-boost|p2a: Scream Tail|def|1\n|move|p1a: Drifblim|Minimize|p1a: Drifblim\n|-boost|p1a: Drifblim|evasion|2\n|\n|upkeep\n|turn|6\n|\n|t:|1701141470\n|move|p2a: Scream Tail|Baton Pass|p2a: Scream Tail\n|\n|t:|1701141474\n|-end|p2a: Scream Tail|Protosynthesis|[silent]\n|switch|p2a: Clefable|Clefable, M, shiny|100\/100|[from] Baton Pass\n|move|p1a: Drifblim|Clear Smog|p2a: Clefable\n|-supereffective|p2a: Clefable\n|-damage|p2a: Clefable|81\/100\n|-clearboost|p2a: Clefable\n|\n|upkeep\n|turn|7\n|\n|t:|1701141482\n|-terastallize|p2a: Clefable|Steel\n|move|p1a: Drifblim|Minimize|p1a: Drifblim\n|-boost|p1a: Drifblim|evasion|2\n|move|p2a: Clefable|Calm Mind|p2a: Clefable\n|-boost|p2a: Clefable|spa|1\n|-boost|p2a: Clefable|spd|1\n|\n|upkeep\n|turn|8\n|\n|t:|1701141490\n|move|p1a: Drifblim|Baton Pass|p1a: Drifblim\n|\n|t:|1701141493\n|switch|p1a: Tyranitar|Tyranitar, M|100\/100|[from] Baton Pass\n|-weather|Sandstorm|[from] ability: Sand Stream|[of] p1a: Tyranitar\n|move|p2a: Clefable|Calm Mind|p2a: Clefable\n|-boost|p2a: Clefable|spa|1\n|-boost|p2a: Clefable|spd|1\n|\n|-weather|Sandstorm|[upkeep]\n|upkeep\n|turn|9\n|\n|t:|1701141503\n|move|p1a: Tyranitar|Brick Break|p2a: Clefable\n|-supereffective|p2a: Clefable\n|-damage|p2a: Clefable|38\/100\n|-damage|p1a: Tyranitar|84\/100|[from] item: Rocky Helmet|[of] p2a: Clefable\n|move|p2a: Clefable|Baton Pass|p2a: Clefable\n|\n|t:|1701141508\n|switch|p2a: Drifblim|Drifblim, M|100\/100|[from] Baton Pass\n|\n|-weather|Sandstorm|[upkeep]\n|-damage|p2a: Drifblim|94\/100|[from] Sandstorm\n|-heal|p2a: Drifblim|100\/100|[from] item: Leftovers\n|upkeep\n|turn|10\n|\n|t:|1701141517\n|move|p2a: Drifblim|Minimize|p2a: Drifblim\n|-boost|p2a: Drifblim|evasion|2\n|move|p1a: Tyranitar|Foul Play|p2a: Drifblim\n|-supereffective|p2a: Drifblim\n|-damage|p2a: Drifblim|51\/100\n|\n|-weather|Sandstorm|[upkeep]\n|-damage|p2a: Drifblim|45\/100|[from] Sandstorm\n|-heal|p2a: Drifblim|51\/100|[from] item: Leftovers\n|upkeep\n|turn|11\n|\n|t:|1701141526\n|move|p2a: Drifblim|Baton Pass|p2a: Drifblim\n|\n|t:|1701141529\n|switch|p2a: Scream Tail|Scream Tail, shiny|100\/100|[from] Baton Pass\n|move|p1a: Tyranitar|Knock Off|p2a: Scream Tail|[miss]\n|-miss|p1a: Tyranitar|p2a: Scream Tail\n|\n|-weather|Sandstorm|[upkeep]\n|-damage|p2a: Scream Tail|94\/100|[from] Sandstorm\n|-heal|p2a: Scream Tail|100\/100|[from] item: Leftovers\n|upkeep\n|turn|12\n|\n|t:|1701141539\n|move|p2a: Scream Tail|Baton Pass|p2a: Scream Tail\n|\n|t:|1701141541\n|-end|p2a: Scream Tail|Protosynthesis|[silent]\n|switch|p2a: Espeon|Espeon, M|90\/100|[from] Baton Pass\n|move|p1a: Tyranitar|Knock Off|p2a: Espeon\n|-supereffective|p2a: Espeon\n|-damage|p2a: Espeon|0 fnt\n|-enditem|p2a: Espeon|Heavy-Duty Boots|[from] move: Knock Off|[of] p1a: Tyranitar\n|faint|p2a: Espeon\n|\n|-weather|Sandstorm|[upkeep]\n|upkeep\n|c|\u2606GildedSapphire|LOL\n|-message|volk12 forfeited.\n|\n|win|GildedSapphire\n|raw|GildedSapphire's rating: 1237 &rarr; <strong>1263<\/strong><br \/>(+26 for winning)\n|raw|volk12's rating: 1244 &rarr; <strong>1218<\/strong><br \/>(-26 for losing)\n|l|\u2606volk12\n","uploadtime":1701141557,"views":1,"p1id":"gildedsapphire","p2id":"volk12","formatid":"gen9anythinggoes","rating":1218,"private":0,"password":""}