{"id":"gen9anythinggoes-1980448776","p1":"MelloBello","p2":"RealJuulFiend","format":"[Gen 9] Anything Goes","log":"|j|\u2606MelloBello\n|j|\u2606RealJuulFiend\n|t:|1698785908\n|gametype|singles\n|player|p1|MelloBello|170|1168\n|player|p2|RealJuulFiend|170|1256\n|teamsize|p1|6\n|teamsize|p2|6\n|gen|9\n|tier|[Gen 9] Anything Goes\n|rated|\n|rule|HP Percentage Mod: HP is shown in percentages\n|rule|Endless Battle Clause: Forcing endless battles is banned\n|clearpoke\n|poke|p1|Mamoswine, M|\n|poke|p1|Zapdos|\n|poke|p1|Clefable, M|\n|poke|p1|Shaymin-Sky|\n|poke|p1|Gliscor, F|\n|poke|p1|Darkrai|\n|poke|p2|Annihilape, F|\n|poke|p2|Shiftry, M|\n|poke|p2|Tornadus-Therian, M|\n|poke|p2|Politoed, M|\n|poke|p2|Revavroom, F|\n|poke|p2|Chi-Yu|\n|teampreview\n|inactive|Battle timer is ON: inactive players will automatically lose when time's up. (requested by RealJuulFiend)\n|\n|t:|1698785920\n|start\n|switch|p1a: Gliscor|Gliscor, F|100\/100\n|switch|p2a: Politoed|Politoed, M|100\/100\n|turn|1\n|\n|t:|1698785928\n|move|p1a: Gliscor|Toxic Spikes|p2a: Politoed\n|-sidestart|p2: RealJuulFiend|move: Toxic Spikes\n|move|p2a: Politoed|Ice Beam|p1a: Gliscor\n|-supereffective|p1a: Gliscor\n|-damage|p1a: Gliscor|2\/100\n|\n|-status|p1a: Gliscor|tox|[from] item: Toxic Orb\n|upkeep\n|turn|2\n|\n|t:|1698785938\n|move|p1a: Gliscor|Knock Off|p2a: Politoed\n|-damage|p2a: Politoed|72\/100\n|-enditem|p2a: Politoed|Mirror Herb|[from] move: Knock Off|[of] p1a: Gliscor\n|move|p2a: Politoed|Ice Beam|p1a: Gliscor\n|-supereffective|p1a: Gliscor\n|-damage|p1a: Gliscor|0 fnt\n|faint|p1a: Gliscor\n|\n|upkeep\n|\n|t:|1698785949\n|switch|p1a: Zapdos|Zapdos, shiny|100\/100\n|turn|3\n|\n|t:|1698785961\n|-terastallize|p2a: Politoed|Ground\n|move|p1a: Zapdos|Discharge|p2a: Politoed\n|-immune|p2a: Politoed\n|move|p2a: Politoed|Swagger|p1a: Zapdos\n|-boost|p1a: Zapdos|atk|2\n|-start|p1a: Zapdos|confusion\n|\n|upkeep\n|turn|4\n|\n|t:|1698785979\n|switch|p1a: Mamoswine|Mamoswine, M|100\/100\n|move|p2a: Politoed|Ice Beam|p1a: Mamoswine\n|-damage|p1a: Mamoswine|86\/100\n|\n|upkeep\n|turn|5\n|\n|t:|1698785991\n|switch|p2a: Revavroom|Revavroom, F|100\/100\n|-sideend|p2: RealJuulFiend|move: Toxic Spikes|[of] p2a: Revavroom\n|move|p1a: Mamoswine|Trailblaze|p2a: Revavroom\n|-resisted|p2a: Revavroom\n|-damage|p2a: Revavroom|95\/100\n|-boost|p1a: Mamoswine|spe|1\n|-enditem|p2a: Revavroom|Mirror Herb\n|-boost|p2a: Revavroom|spe|1|[from] item: Mirror Herb\n|\n|upkeep\n|turn|6\n|\n|t:|1698786006\n|move|p2a: Revavroom|Spin Out|p1a: Mamoswine\n|-supereffective|p1a: Mamoswine\n|-damage|p1a: Mamoswine|0 fnt\n|-unboost|p2a: Revavroom|spe|2\n|faint|p1a: Mamoswine\n|\n|upkeep\n|\n|t:|1698786018\n|switch|p1a: Shaymin|Shaymin-Sky|100\/100\n|turn|7\n|\n|t:|1698786032\n|switch|p2a: Tornadus|Tornadus-Therian, M|100\/100\n|move|p1a: Shaymin|Psychic|p2a: Tornadus\n|-damage|p2a: Tornadus|63\/100\n|\n|upkeep\n|turn|8\n|\n|t:|1698786044\n|move|p1a: Shaymin|Air Slash|p2a: Tornadus\n|-damage|p2a: Tornadus|20\/100\n|move|p2a: Tornadus|Hurricane|p1a: Shaymin|[miss]\n|-miss|p2a: Tornadus|p1a: Shaymin\n|\n|upkeep\n|turn|9\n|\n|t:|1698786051\n|switch|p2a: Chi-Yu|Chi-Yu|100\/100\n|-ability|p2a: Chi-Yu|Beads of Ruin\n|move|p1a: Shaymin|Air Slash|p2a: Chi-Yu|[miss]\n|-miss|p1a: Shaymin|p2a: Chi-Yu\n|\n|upkeep\n|turn|10\n|\n|t:|1698786060\n|move|p2a: Chi-Yu|Overheat|p1a: Shaymin\n|-supereffective|p1a: Shaymin\n|-damage|p1a: Shaymin|0 fnt\n|-unboost|p2a: Chi-Yu|spa|2\n|faint|p1a: Shaymin\n|\n|upkeep\n|\n|t:|1698786073\n|switch|p1a: Clefable|Clefable, M|100\/100\n|turn|11\n|\n|t:|1698786080\n|switch|p2a: Revavroom|Revavroom, F|95\/100\n|move|p1a: Clefable|Draining Kiss|p2a: Revavroom\n|-resisted|p2a: Revavroom\n|-damage|p2a: Revavroom|86\/100\n|\n|upkeep\n|turn|12\n|\n|t:|1698786091\n|move|p2a: Revavroom|Shift Gear|p2a: Revavroom\n|-boost|p2a: Revavroom|spe|2\n|-boost|p2a: Revavroom|atk|1\n|move|p1a: Clefable|Psychic|p2a: Revavroom\n|-damage|p2a: Revavroom|45\/100\n|\n|upkeep\n|turn|13\n|\n|t:|1698786098\n|move|p2a: Revavroom|Poison Jab|p1a: Clefable\n|-supereffective|p1a: Clefable\n|-crit|p1a: Clefable\n|-damage|p1a: Clefable|0 fnt\n|faint|p1a: Clefable\n|\n|upkeep\n|\n|t:|1698786103\n|switch|p1a: Zapdos|Zapdos, shiny|100\/100\n|turn|14\n|\n|t:|1698786107\n|move|p2a: Revavroom|Spin Out|p1a: Zapdos\n|-resisted|p1a: Zapdos\n|-damage|p1a: Zapdos|52\/100\n|-unboost|p2a: Revavroom|spe|2\n|move|p1a: Zapdos|Substitute|p1a: Zapdos\n|-start|p1a: Zapdos|Substitute\n|-damage|p1a: Zapdos|27\/100\n|\n|upkeep\n|turn|15\n|\n|t:|1698786115\n|move|p2a: Revavroom|Poison Jab|p1a: Zapdos\n|-end|p1a: Zapdos|Substitute\n|move|p1a: Zapdos|Heat Wave|p2a: Revavroom\n|-supereffective|p2a: Revavroom\n|-damage|p2a: Revavroom|0 fnt\n|faint|p2a: Revavroom\n|\n|upkeep\n|\n|t:|1698786119\n|switch|p2a: Politoed|Politoed, M, tera:Ground|72\/100\n|turn|16\n|\n|t:|1698786128\n|move|p1a: Zapdos|Drill Peck|p2a: Politoed\n|-damage|p2a: Politoed|33\/100\n|move|p2a: Politoed|Ice Beam|p1a: Zapdos\n|-supereffective|p1a: Zapdos\n|-damage|p1a: Zapdos|0 fnt\n|faint|p1a: Zapdos\n|\n|upkeep\n|\n|t:|1698786135\n|switch|p1a: Darkrai|Darkrai, shiny|100\/100\n|turn|17\n|\n|t:|1698786139\n|move|p1a: Darkrai|Shadow Ball|p2a: Politoed\n|-damage|p2a: Politoed|13\/100\n|move|p2a: Politoed|Swagger|p1a: Darkrai\n|-boost|p1a: Darkrai|atk|2\n|-start|p1a: Darkrai|confusion\n|\n|upkeep\n|turn|18\n|\n|t:|1698786147\n|-activate|p1a: Darkrai|confusion\n|move|p1a: Darkrai|Shadow Ball|p2a: Politoed\n|-damage|p2a: Politoed|0 fnt\n|faint|p2a: Politoed\n|\n|upkeep\n|\n|t:|1698786152\n|switch|p2a: Annihilape|Annihilape, F|100\/100\n|turn|19\n|\n|t:|1698786159\n|-terastallize|p1a: Darkrai|Fairy\n|-activate|p1a: Darkrai|confusion\n|move|p1a: Darkrai|Calm Mind|p1a: Darkrai\n|-boost|p1a: Darkrai|spa|1\n|-boost|p1a: Darkrai|spd|1\n|-enditem|p2a: Annihilape|Mirror Herb\n|-boost|p2a: Annihilape|spa|1|[from] item: Mirror Herb\n|-boost|p2a: Annihilape|spd|1|[from] item: Mirror Herb\n|move|p2a: Annihilape|Drain Punch|p1a: Darkrai\n|-resisted|p1a: Darkrai\n|-damage|p1a: Darkrai|78\/100\n|\n|upkeep\n|turn|20\n|\n|t:|1698786172\n|-end|p1a: Darkrai|confusion\n|move|p1a: Darkrai|Shadow Ball|p2a: Annihilape\n|-supereffective|p2a: Annihilape\n|-crit|p2a: Annihilape\n|-damage|p2a: Annihilape|0 fnt\n|faint|p2a: Annihilape\n|\n|upkeep\n|\n|t:|1698786178\n|switch|p2a: Chi-Yu|Chi-Yu|100\/100\n|-ability|p2a: Chi-Yu|Beads of Ruin\n|turn|21\n|\n|t:|1698786184\n|move|p2a: Chi-Yu|Swagger|p1a: Darkrai|[miss]\n|-miss|p2a: Chi-Yu|p1a: Darkrai\n|move|p1a: Darkrai|Sludge Bomb|p2a: Chi-Yu\n|-damage|p2a: Chi-Yu|40\/100\n|-status|p2a: Chi-Yu|psn\n|\n|-damage|p2a: Chi-Yu|28\/100 psn|[from] psn\n|upkeep\n|turn|22\n|\n|t:|1698786193\n|move|p2a: Chi-Yu|Swagger|p1a: Darkrai\n|-boost|p1a: Darkrai|atk|2\n|-start|p1a: Darkrai|confusion\n|-activate|p1a: Darkrai|confusion\n|move|p1a: Darkrai|Sludge Bomb|p2a: Chi-Yu\n|-damage|p2a: Chi-Yu|0 fnt\n|faint|p2a: Chi-Yu\n|\n|upkeep\n|\n|t:|1698786200\n|switch|p2a: Tornadus|Tornadus-Therian, M|53\/100\n|turn|23\n|\n|t:|1698786208\n|-activate|p1a: Darkrai|confusion\n|-damage|p1a: Darkrai|51\/100|[from] confusion\n|move|p2a: Tornadus|U-turn|p1a: Darkrai\n|-resisted|p1a: Darkrai\n|-damage|p1a: Darkrai|39\/100\n|\n|t:|1698786212\n|switch|p2a: Shiftry|Shiftry, M, shiny|100\/100|[from] U-turn\n|\n|upkeep\n|turn|24\n|\n|t:|1698786219\n|-activate|p1a: Darkrai|confusion\n|move|p1a: Darkrai|Sludge Bomb|p2a: Shiftry\n|-supereffective|p2a: Shiftry\n|-damage|p2a: Shiftry|0 fnt\n|faint|p2a: Shiftry\n|\n|upkeep\n|\n|t:|1698786221\n|switch|p2a: Tornadus|Tornadus-Therian, M|86\/100\n|turn|25\n|\n|t:|1698786227\n|-end|p1a: Darkrai|confusion\n|move|p1a: Darkrai|Shadow Ball|p2a: Tornadus\n|-damage|p2a: Tornadus|30\/100\n|-unboost|p2a: Tornadus|spd|1\n|move|p2a: Tornadus|Hurricane|p1a: Darkrai\n|-damage|p1a: Darkrai|1\/100\n|-start|p1a: Darkrai|confusion\n|\n|upkeep\n|turn|26\n|\n|t:|1698786238\n|-activate|p1a: Darkrai|confusion\n|-damage|p1a: Darkrai|0 fnt|[from] confusion\n|faint|p1a: Darkrai\n|\n|win|RealJuulFiend\n|raw|MelloBello's rating: 1168 &rarr; <strong>1149<\/strong><br \/>(-19 for losing)\n|raw|RealJuulFiend's rating: 1256 &rarr; <strong>1275<\/strong><br \/>(+19 for winning)\n","uploadtime":1698786249,"views":7,"p1id":"mellobello","p2id":"realjuulfiend","formatid":"gen9anythinggoes","rating":1149,"private":0,"password":""}