{"id":"gen9anythinggoes-1990834793","p1":"Drake SIV","p2":"savagewolf98420","format":"[Gen 9] Anything Goes","log":"|j|\u2606Drake SIV\n|j|\u2606savagewolf98420\n|t:|1700005731\n|gametype|singles\n|player|p1|Drake SIV|2|1279\n|player|p2|savagewolf98420|koga|1225\n|teamsize|p1|6\n|teamsize|p2|6\n|gen|9\n|tier|[Gen 9] Anything Goes\n|rated|\n|rule|HP Percentage Mod: HP is shown in percentages\n|rule|Endless Battle Clause: Forcing endless battles is banned\n|clearpoke\n|poke|p1|Cyclizar, F|\n|poke|p1|Vivillon-Monsoon, M|\n|poke|p1|Volbeat, M|\n|poke|p1|Skeledirge, M|\n|poke|p1|Gliscor, F|\n|poke|p1|Volcarona, M|\n|poke|p2|Drifblim, M|\n|poke|p2|Palkia-Origin|\n|poke|p2|Arceus|\n|poke|p2|Garganacl, F|\n|poke|p2|Chesnaught, M|\n|poke|p2|Jirachi|\n|teampreview\n|inactive|Battle timer is ON: inactive players will automatically lose when time's up. (requested by savagewolf98420)\n|\n|t:|1700005737\n|start\n|switch|p1a: Cyclizar|Cyclizar, F, shiny|100\/100\n|switch|p2a: Drifblim|Drifblim, M|100\/100\n|turn|1\n|c|\u2606Drake SIV|glhf\n|\n|t:|1700005748\n|move|p1a: Cyclizar|Shed Tail|p1a: Cyclizar\n|-start|p1a: Cyclizar|Substitute|[from] move: Shed Tail\n|-damage|p1a: Cyclizar|50\/100\n|\n|t:|1700005760\n|switch|p1a: Vivillon|Vivillon-Monsoon, M|100\/100|[from] Shed Tail\n|move|p2a: Drifblim|Minimize|p2a: Drifblim\n|-boost|p2a: Drifblim|evasion|2\n|\n|upkeep\n|turn|2\n|\n|t:|1700005768\n|move|p1a: Vivillon|Sleep Powder|p2a: Drifblim\n|-status|p2a: Drifblim|slp|[from] move: Sleep Powder\n|cant|p2a: Drifblim|slp\n|\n|upkeep\n|turn|3\n|\n|t:|1700005775\n|move|p1a: Vivillon|Quiver Dance|p1a: Vivillon\n|-boost|p1a: Vivillon|spa|1\n|-boost|p1a: Vivillon|spd|1\n|-boost|p1a: Vivillon|spe|1\n|-curestatus|p2a: Drifblim|slp|[msg]\n|move|p2a: Drifblim|Minimize|p2a: Drifblim\n|-boost|p2a: Drifblim|evasion|2\n|\n|upkeep\n|turn|4\n|\n|t:|1700005784\n|move|p1a: Vivillon|Sleep Powder|p2a: Drifblim|[miss]\n|-miss|p1a: Vivillon|p2a: Drifblim\n|move|p2a: Drifblim|Minimize|p2a: Drifblim\n|-boost|p2a: Drifblim|evasion|2\n|\n|upkeep\n|turn|5\n|\n|t:|1700005791\n|move|p1a: Vivillon|Sleep Powder|p2a: Drifblim\n|-status|p2a: Drifblim|slp|[from] move: Sleep Powder\n|cant|p2a: Drifblim|slp\n|\n|upkeep\n|turn|6\n|\n|t:|1700005798\n|move|p1a: Vivillon|Quiver Dance|p1a: Vivillon\n|-boost|p1a: Vivillon|spa|1\n|-boost|p1a: Vivillon|spd|1\n|-boost|p1a: Vivillon|spe|1\n|-curestatus|p2a: Drifblim|slp|[msg]\n|move|p2a: Drifblim|Calm Mind|p2a: Drifblim\n|-boost|p2a: Drifblim|spa|1\n|-boost|p2a: Drifblim|spd|1\n|\n|upkeep\n|turn|7\n|\n|t:|1700005807\n|move|p1a: Vivillon|Hurricane|p2a: Drifblim\n|-damage|p2a: Drifblim|22\/100\n|move|p2a: Drifblim|Calm Mind|p2a: Drifblim\n|-boost|p2a: Drifblim|spa|1\n|-boost|p2a: Drifblim|spd|1\n|\n|-heal|p2a: Drifblim|28\/100|[from] item: Leftovers\n|upkeep\n|turn|8\n|\n|t:|1700005819\n|move|p1a: Vivillon|Hurricane|p2a: Drifblim|[miss]\n|-miss|p1a: Vivillon|p2a: Drifblim\n|move|p2a: Drifblim|Clear Smog|p1a: Vivillon\n|-end|p1a: Vivillon|Substitute\n|\n|-heal|p2a: Drifblim|34\/100|[from] item: Leftovers\n|upkeep\n|turn|9\n|\n|t:|1700005833\n|move|p1a: Vivillon|Hurricane|p2a: Drifblim|[miss]\n|-miss|p1a: Vivillon|p2a: Drifblim\n|move|p2a: Drifblim|Clear Smog|p1a: Vivillon\n|-damage|p1a: Vivillon|73\/100\n|-clearboost|p1a: Vivillon\n|\n|-heal|p2a: Drifblim|40\/100|[from] item: Leftovers\n|upkeep\n|turn|10\n|\n|t:|1700005844\n|move|p1a: Vivillon|Sleep Powder|p2a: Drifblim|[miss]\n|-miss|p1a: Vivillon|p2a: Drifblim\n|move|p2a: Drifblim|Baton Pass|p2a: Drifblim\n|\n|t:|1700005851\n|switch|p2a: Palkia|Palkia-Origin|100\/100|[from] Baton Pass\n|-ability|p2a: Palkia|Pressure\n|\n|upkeep\n|turn|11\n|\n|t:|1700005864\n|move|p2a: Palkia|Ice Beam|p1a: Vivillon\n|-supereffective|p1a: Vivillon\n|-damage|p1a: Vivillon|0 fnt\n|faint|p1a: Vivillon\n|\n|upkeep\n|-message|Drake SIV forfeited.\n|\n|win|savagewolf98420\n|raw|Drake SIV's rating: 1279 &rarr; <strong>1250<\/strong><br \/>(-29 for losing)\n|raw|savagewolf98420's rating: 1225 &rarr; <strong>1254<\/strong><br \/>(+29 for winning)\n|l|\u2606Drake SIV\n","uploadtime":1700005873,"views":12,"p1id":"drakesiv","p2id":"savagewolf98420","formatid":"gen9anythinggoes","rating":1250,"private":0,"password":""}