{"id":"gen9anythinggoes-1977220858","p1":"Kotalee","p2":"Hex Offenders","format":"[Gen 9] Anything Goes","log":"|j|\u2606Kotalee\n|j|\u2606Hex Offenders\n|t:|1698388976\n|gametype|singles\n|player|p1|Kotalee|swimmer|\n|player|p2|Hex Offenders|linebacker|\n|teamsize|p1|6\n|teamsize|p2|6\n|gen|9\n|tier|[Gen 9] Anything Goes\n|rule|HP Percentage Mod: HP is shown in percentages\n|rule|Endless Battle Clause: Forcing endless battles is banned\n|clearpoke\n|poke|p1|Amoonguss, F|\n|poke|p1|Rotom-Heat|\n|poke|p1|Iron Treads|\n|poke|p1|Mienshao, M|\n|poke|p1|Furret, M|\n|poke|p1|Volcarona, M|\n|poke|p2|Corviknight, M|\n|poke|p2|Zoroark-Hisui, F|\n|poke|p2|Snorlax, M|\n|poke|p2|Infernape, M|\n|poke|p2|Baxcalibur, M|\n|poke|p2|Azumarill, M|\n|teampreview\n|\n|t:|1698389087\n|start\n|switch|p1a: Mienshao|Mienshao, M|100\/100\n|switch|p2a: Snorlax|Snorlax, M|100\/100\n|turn|1\n|\n|t:|1698389104\n|move|p1a: Mienshao|Fake Out|p2a: Snorlax\n|-damage|p2a: Snorlax|88\/100\n|cant|p2a: Snorlax|flinch\n|\n|-heal|p2a: Snorlax|94\/100|[from] item: Leftovers\n|upkeep\n|turn|2\n|\n|t:|1698389114\n|move|p1a: Mienshao|Fake Out||[still]\n|-hint|Fake Out only works on your first turn out.\n|-fail|p1a: Mienshao\n|move|p2a: Snorlax|Giga Impact|p1a: Mienshao\n|-damage|p1a: Mienshao|3\/100\n|-mustrecharge|p2a: Snorlax\n|\n|-heal|p2a: Snorlax|99\/100|[from] item: Leftovers\n|upkeep\n|turn|3\n|\n|t:|1698389121\n|move|p1a: Mienshao|Close Combat|p2a: Snorlax\n|-supereffective|p2a: Snorlax\n|-damage|p2a: Snorlax|0 fnt\n|-unboost|p1a: Mienshao|def|1\n|-unboost|p1a: Mienshao|spd|1\n|faint|p2a: Snorlax\n|\n|upkeep\n|\n|t:|1698389152\n|switch|p2a: Corviknight|Corviknight, M|100\/100\n|turn|4\n|\n|t:|1698389161\n|move|p1a: Mienshao|Close Combat|p2a: Corviknight\n|-crit|p2a: Corviknight\n|-damage|p2a: Corviknight|24\/100\n|-unboost|p1a: Mienshao|def|1\n|-unboost|p1a: Mienshao|spd|1\n|-damage|p1a: Mienshao|0 fnt|[from] item: Rocky Helmet|[of] p2a: Corviknight\n|faint|p1a: Mienshao\n|move|p2a: Corviknight|Brave Bird|p1: Mienshao|[notarget]\n|-fail|p2a: Corviknight\n|\n|upkeep\n|\n|t:|1698389173\n|switch|p1a: Volcarona|Volcarona, M|100\/100\n|turn|5\n|\n|t:|1698389187\n|switch|p2a: Infernape|Infernape, M|100\/100\n|move|p1a: Volcarona|Flamethrower|p2a: Infernape\n|-resisted|p2a: Infernape\n|-damage|p2a: Infernape|71\/100\n|\n|upkeep\n|turn|6\n|\n|t:|1698389197\n|move|p2a: Infernape|Nasty Plot|p2a: Infernape\n|-boost|p2a: Infernape|spa|2\n|move|p1a: Volcarona|Bug Buzz|p2a: Infernape\n|-resisted|p2a: Infernape\n|-damage|p2a: Infernape|55\/100\n|\n|upkeep\n|turn|7\n|\n|t:|1698389207\n|switch|p1a: Furret|Furret, M|100\/100\n|move|p2a: Infernape|Focus Blast|p1a: Furret|[miss]\n|-miss|p2a: Infernape|p1a: Furret\n|\n|upkeep\n|turn|8\n|\n|t:|1698389214\n|move|p2a: Infernape|Vacuum Wave|p1a: Furret\n|-supereffective|p1a: Furret\n|-damage|p1a: Furret|0 fnt\n|faint|p1a: Furret\n|-damage|p2a: Infernape|46\/100|[from] item: Life Orb\n|\n|upkeep\n|\n|t:|1698389251\n|switch|p1a: Rotom|Rotom-Heat|100\/100\n|turn|9\n|\n|t:|1698389278\n|switch|p2a: Azumarill|Azumarill, M|100\/100\n|move|p1a: Rotom|Discharge|p2a: Azumarill\n|-damage|p2a: Azumarill|46\/100\n|replace|p2a: Zoroark|Zoroark-Hisui, F\n|-end|p2a: Zoroark|Illusion\n|\n|upkeep\n|turn|10\n|\n|t:|1698389342\n|switch|p1a: Iron Treads|Iron Treads|100\/100\n|move|p2a: Zoroark|U-turn|p1a: Iron Treads\n|-resisted|p1a: Iron Treads\n|-damage|p1a: Iron Treads|94\/100\n|\n|t:|1698389361\n|switch|p2a: Corviknight|Corviknight, M|24\/100|[from] U-turn\n|\n|upkeep\n|turn|11\n|\n|t:|1698389384\n|move|p1a: Iron Treads|Stone Edge|p2a: Corviknight|[miss]\n|-miss|p1a: Iron Treads|p2a: Corviknight\n|move|p2a: Corviknight|Roost|p2a: Corviknight\n|-heal|p2a: Corviknight|74\/100\n|-singleturn|p2a: Corviknight|move: Roost\n|\n|upkeep\n|turn|12\n|\n|t:|1698389393\n|-end|p1a: Iron Treads|Quark Drive|[silent]\n|switch|p1a: Volcarona|Volcarona, M|100\/100\n|move|p2a: Corviknight|Substitute|p2a: Corviknight\n|-start|p2a: Corviknight|Substitute\n|-damage|p2a: Corviknight|49\/100\n|\n|upkeep\n|turn|13\n|\n|t:|1698389407\n|move|p1a: Volcarona|Bug Buzz|p2a: Corviknight\n|-resisted|p2a: Corviknight\n|-damage|p2a: Corviknight|38\/100\n|move|p2a: Corviknight|Roost|p2a: Corviknight\n|-heal|p2a: Corviknight|88\/100\n|-singleturn|p2a: Corviknight|move: Roost\n|\n|upkeep\n|turn|14\n|\n|t:|1698389418\n|move|p1a: Volcarona|Bug Buzz|p2a: Corviknight\n|-resisted|p2a: Corviknight\n|-damage|p2a: Corviknight|77\/100\n|move|p2a: Corviknight|Brave Bird|p1a: Volcarona\n|-supereffective|p1a: Volcarona\n|-damage|p1a: Volcarona|0 fnt\n|-status|p2a: Corviknight|brn|[from] ability: Flame Body|[of] p1a: Volcarona\n|faint|p1a: Volcarona\n|-damage|p2a: Corviknight|46\/100 brn|[from] Recoil\n|\n|-damage|p2a: Corviknight|40\/100 brn|[from] brn\n|upkeep\n|\n|t:|1698389431\n|switch|p1a: Rotom|Rotom-Heat|100\/100\n|turn|15\n|\n|t:|1698389445\n|switch|p2a: Infernape|Infernape, M|46\/100\n|move|p1a: Rotom|Volt Switch|p2a: Infernape\n|-damage|p2a: Infernape|6\/100\n|\n|t:|1698389458\n|switch|p1a: Iron Treads|Iron Treads|94\/100|[from] Volt Switch\n|\n|upkeep\n|turn|16\n|\n|t:|1698389465\n|move|p2a: Infernape|Vacuum Wave|p1a: Iron Treads\n|-supereffective|p1a: Iron Treads\n|-damage|p1a: Iron Treads|43\/100\n|-damage|p2a: Infernape|0 fnt|[from] item: Life Orb\n|faint|p2a: Infernape\n|move|p1a: Iron Treads|Stone Edge|p2: Infernape|[notarget]\n|-fail|p1a: Iron Treads\n|\n|upkeep\n|\n|t:|1698389496\n|switch|p2a: Azumarill|Azumarill, M|46\/100\n|turn|17\n|\n|t:|1698389499\n|move|p2a: Azumarill|U-turn|p1a: Iron Treads\n|-resisted|p1a: Iron Treads\n|-damage|p1a: Iron Treads|35\/100\n|\n|t:|1698389520\n|switch|p2a: Corviknight|Corviknight, M|40\/100 brn|[from] U-turn\n|move|p1a: Iron Treads|Stone Edge|p2a: Corviknight\n|-damage|p2a: Corviknight|17\/100 brn\n|\n|-damage|p2a: Corviknight|10\/100 brn|[from] brn\n|upkeep\n|turn|18\n|\n|t:|1698389536\n|switch|p2a: Baxcalibur|Baxcalibur, M|100\/100\n|move|p1a: Iron Treads|Stone Edge|p2a: Baxcalibur\n|-supereffective|p2a: Baxcalibur\n|-crit|p2a: Baxcalibur\n|-damage|p2a: Baxcalibur|21\/100\n|\n|upkeep\n|turn|19\n|\n|t:|1698389543\n|move|p1a: Iron Treads|Stone Edge|p2a: Baxcalibur\n|-supereffective|p2a: Baxcalibur\n|-damage|p2a: Baxcalibur|0 fnt\n|faint|p2a: Baxcalibur\n|\n|upkeep\n|\n|t:|1698389548\n|switch|p2a: Azumarill|Azumarill, M|100\/100\n|turn|20\n|\n|t:|1698389554\n|move|p1a: Iron Treads|Stone Edge|p2a: Azumarill|[miss]\n|-miss|p1a: Iron Treads|p2a: Azumarill\n|move|p2a: Azumarill|Play Rough|p1a: Iron Treads\n|-resisted|p1a: Iron Treads\n|-damage|p1a: Iron Treads|20\/100\n|\n|upkeep\n|turn|21\n|c|\u2606Kotalee|waaaaaaaaaat\n|\n|t:|1698389564\n|-end|p1a: Iron Treads|Quark Drive|[silent]\n|switch|p1a: Amoonguss|Amoonguss, F|100\/100\n|move|p2a: Azumarill|Aqua Jet|p1a: Amoonguss\n|-resisted|p1a: Amoonguss\n|-damage|p1a: Amoonguss|91\/100\n|-damage|p2a: Azumarill|84\/100|[from] item: Rocky Helmet|[of] p1a: Amoonguss\n|\n|upkeep\n|turn|22\n|\n|t:|1698389574\n|move|p2a: Azumarill|Knock Off|p1a: Amoonguss\n|-damage|p1a: Amoonguss|57\/100\n|-damage|p2a: Azumarill|68\/100|[from] item: Rocky Helmet|[of] p1a: Amoonguss\n|-enditem|p1a: Amoonguss|Rocky Helmet|[from] move: Knock Off|[of] p2a: Azumarill\n|move|p1a: Amoonguss|Spore|p2a: Azumarill\n|-status|p2a: Azumarill|slp|[from] move: Spore\n|\n|upkeep\n|turn|23\n|\n|t:|1698389587\n|cant|p2a: Azumarill|slp\n|move|p1a: Amoonguss|Sludge Bomb|p2a: Azumarill\n|-supereffective|p2a: Azumarill\n|-damage|p2a: Azumarill|5\/100 slp\n|-enditem|p2a: Azumarill|Sitrus Berry|[eat]\n|-heal|p2a: Azumarill|30\/100 slp|[from] item: Sitrus Berry\n|\n|upkeep\n|turn|24\n|\n|t:|1698389602\n|cant|p2a: Azumarill|slp\n|move|p1a: Amoonguss|Sludge Bomb|p2a: Azumarill\n|-supereffective|p2a: Azumarill\n|-damage|p2a: Azumarill|0 fnt\n|faint|p2a: Azumarill\n|\n|upkeep\n|\n|t:|1698389609\n|switch|p2a: Corviknight|Corviknight, M|46\/100\n|turn|25\n|\n|t:|1698389658\n|move|p2a: Corviknight|Flamethrower|p1a: Amoonguss\n|-supereffective|p1a: Amoonguss\n|-damage|p1a: Amoonguss|0 fnt\n|faint|p1a: Amoonguss\n|\n|upkeep\n|\n|t:|1698389671\n|switch|p1a: Rotom|Rotom-Heat|100\/100\n|turn|26\n|\n|t:|1698389689\n|switch|p2a: Corviknight|Corviknight, M|10\/100 brn\n|move|p1a: Rotom|Overheat|p2a: Corviknight\n|-supereffective|p2a: Corviknight\n|-damage|p2a: Corviknight|0 fnt\n|-unboost|p1a: Rotom|spa|2\n|faint|p2a: Corviknight\n|\n|upkeep\n|\n|t:|1698389696\n|switch|p2a: Zoroark|Zoroark-Hisui, F|46\/100\n|turn|27\n|\n|t:|1698389703\n|move|p2a: Zoroark|Shadow Ball|p1a: Rotom\n|-damage|p1a: Rotom|31\/100\n|move|p1a: Rotom|Volt Switch|p2a: Zoroark\n|-damage|p2a: Zoroark|20\/100\n|\n|t:|1698389709\n|switch|p1a: Iron Treads|Iron Treads|20\/100|[from] Volt Switch\n|\n|upkeep\n|turn|28\n|\n|t:|1698389714\n|move|p2a: Zoroark|Shadow Ball|p1a: Iron Treads\n|-damage|p1a: Iron Treads|0 fnt\n|faint|p1a: Iron Treads\n|-end|p1a: Iron Treads|Quark Drive|[silent]\n|\n|upkeep\n|\n|t:|1698389719\n|switch|p1a: Rotom|Rotom-Heat|31\/100\n|turn|29\n|\n|t:|1698389730\n|move|p2a: Zoroark|Shadow Ball|p1a: Rotom\n|-damage|p1a: Rotom|0 fnt\n|faint|p1a: Rotom\n|\n|win|Hex Offenders\n","uploadtime":1698389768,"views":7,"p1id":"kotalee","p2id":"hexoffenders","formatid":"gen9anythinggoes","rating":0,"private":0,"password":""}