{"id":"gen9anythinggoes-1988680541","p1":"weebrizz","p2":"DaSwampp","format":"[Gen 9] Anything Goes","log":"|j|\u2606weebrizz\n|j|\u2606DaSwampp\n|t:|1699749859\n|gametype|singles\n|player|p1|weebrizz|ash|1232\n|player|p2|DaSwampp|alder|1434\n|teamsize|p1|6\n|teamsize|p2|6\n|gen|9\n|tier|[Gen 9] Anything Goes\n|rated|\n|rule|HP Percentage Mod: HP is shown in percentages\n|rule|Endless Battle Clause: Forcing endless battles is banned\n|clearpoke\n|poke|p1|Tinkaton, F|\n|poke|p1|Quaquaval, M|\n|poke|p1|Skeledirge, F|\n|poke|p1|Glimmora, M|\n|poke|p1|Miraidon|\n|poke|p1|Arboliva, M|\n|poke|p2|Forretress, M|\n|poke|p2|Miraidon|\n|poke|p2|Dragonite, M|\n|poke|p2|Ursaluna-Bloodmoon, M|\n|poke|p2|Dragapult, M|\n|poke|p2|Volcarona, F|\n|teampreview\n|inactive|Battle timer is ON: inactive players will automatically lose when time's up. (requested by DaSwampp)\n|\n|t:|1699749878\n|start\n|switch|p1a: Skeledirge|Skeledirge, F, shiny|100\/100\n|switch|p2a: Forretress|Forretress, M, shiny|100\/100\n|turn|1\n|\n|t:|1699749884\n|move|p1a: Skeledirge|Torch Song|p2a: Forretress\n|-supereffective|p2a: Forretress\n|-ability|p2a: Forretress|Sturdy\n|-damage|p2a: Forretress|1\/100\n|-boost|p1a: Skeledirge|spa|1\n|move|p2a: Forretress|Stealth Rock|p1a: Skeledirge\n|-sidestart|p1: weebrizz|move: Stealth Rock\n|\n|-heal|p2a: Forretress|7\/100|[from] item: Leftovers\n|upkeep\n|turn|2\n|\n|t:|1699749893\n|move|p1a: Skeledirge|Torch Song|p2a: Forretress\n|-supereffective|p2a: Forretress\n|-damage|p2a: Forretress|0 fnt\n|-boost|p1a: Skeledirge|spa|1\n|faint|p2a: Forretress\n|\n|upkeep\n|\n|t:|1699749902\n|switch|p2a: Dragonite|Dragonite, M|100\/100\n|turn|3\n|\n|t:|1699749906\n|move|p2a: Dragonite|Earthquake|p1a: Skeledirge\n|-supereffective|p1a: Skeledirge\n|-damage|p1a: Skeledirge|19\/100\n|move|p1a: Skeledirge|Yawn|p2a: Dragonite\n|-start|p2a: Dragonite|move: Yawn|[of] p1a: Skeledirge\n|\n|upkeep\n|turn|4\n|\n|t:|1699749917\n|switch|p1a: Glimmora|Glimmora, M, shiny|100\/100\n|-damage|p1a: Glimmora|88\/100|[from] Stealth Rock\n|move|p2a: Dragonite|Earthquake|p1a: Glimmora\n|-supereffective|p1a: Glimmora\n|-crit|p1a: Glimmora\n|-damage|p1a: Glimmora|0 fnt\n|-activate|p1a: Glimmora|ability: Toxic Debris\n|-sidestart|p2: DaSwampp|move: Toxic Spikes\n|faint|p1a: Glimmora\n|\n|-end|p2a: Dragonite|move: Yawn|[silent]\n|-status|p2a: Dragonite|slp\n|upkeep\n|\n|t:|1699749928\n|switch|p1a: Skeledirge|Skeledirge, F, shiny|19\/100\n|-damage|p1a: Skeledirge|0 fnt|[from] Stealth Rock\n|faint|p1a: Skeledirge\n|\n|t:|1699749941\n|switch|p1a: Quaquaval|Quaquaval, M, shiny|100\/100\n|-damage|p1a: Quaquaval|94\/100|[from] Stealth Rock\n|turn|5\n|\n|t:|1699749952\n|cant|p2a: Dragonite|slp\n|move|p1a: Quaquaval|Ice Spinner|p2a: Dragonite\n|-supereffective|p2a: Dragonite\n|-damage|p2a: Dragonite|46\/100 slp\n|\n|upkeep\n|turn|6\n|\n|t:|1699749957\n|cant|p2a: Dragonite|slp\n|move|p1a: Quaquaval|Ice Spinner|p2a: Dragonite\n|-supereffective|p2a: Dragonite\n|-damage|p2a: Dragonite|0 fnt\n|faint|p2a: Dragonite\n|-ability|p1a: Quaquaval|Moxie|boost\n|-boost|p1a: Quaquaval|atk|1\n|\n|upkeep\n|\n|t:|1699749968\n|switch|p2a: Volcarona|Volcarona, F|100\/100\n|-status|p2a: Volcarona|psn\n|turn|7\n|\n|t:|1699749977\n|move|p1a: Quaquaval|Aqua Step|p2a: Volcarona\n|-supereffective|p2a: Volcarona\n|-enditem|p2a: Volcarona|Focus Sash\n|-damage|p2a: Volcarona|1\/100 psn\n|-boost|p1a: Quaquaval|spe|1\n|move|p2a: Volcarona|Giga Drain|p1a: Quaquaval\n|-supereffective|p1a: Quaquaval\n|-damage|p1a: Quaquaval|6\/100\n|-heal|p2a: Volcarona|45\/100 psn|[from] drain|[of] p1a: Quaquaval\n|\n|-damage|p2a: Volcarona|33\/100 psn|[from] psn\n|upkeep\n|turn|8\n|\n|t:|1699749988\n|move|p1a: Quaquaval|Aqua Step|p2a: Volcarona\n|-supereffective|p2a: Volcarona\n|-damage|p2a: Volcarona|0 fnt\n|-boost|p1a: Quaquaval|spe|1\n|faint|p2a: Volcarona\n|-ability|p1a: Quaquaval|Moxie|boost\n|-boost|p1a: Quaquaval|atk|1\n|\n|upkeep\n|\n|t:|1699749995\n|switch|p2a: Miraidon|Miraidon|100\/100\n|-status|p2a: Miraidon|psn\n|-fieldstart|move: Electric Terrain|[from] ability: Hadron Engine|[of] p2a: Miraidon\n|turn|9\n|\n|t:|1699750018\n|move|p1a: Quaquaval|Ice Spinner|p2a: Miraidon\n|-supereffective|p2a: Miraidon\n|-damage|p2a: Miraidon|0 fnt\n|-fieldend|move: Electric Terrain\n|faint|p2a: Miraidon\n|-ability|p1a: Quaquaval|Moxie|boost\n|-boost|p1a: Quaquaval|atk|1\n|\n|upkeep\n|\n|t:|1699750023\n|switch|p2a: Dragapult|Dragapult, M|100\/100\n|-status|p2a: Dragapult|psn\n|turn|10\n|\n|t:|1699750028\n|move|p1a: Quaquaval|Ice Spinner|p2a: Dragapult\n|-supereffective|p2a: Dragapult\n|-damage|p2a: Dragapult|0 fnt\n|faint|p2a: Dragapult\n|-ability|p1a: Quaquaval|Moxie|boost\n|-boost|p1a: Quaquaval|atk|1\n|\n|upkeep\n|-message|DaSwampp forfeited.\n|\n|win|weebrizz\n|raw|weebrizz's rating: 1232 &rarr; <strong>1270<\/strong><br \/>(+38 for winning)\n|raw|DaSwampp's rating: 1434 &rarr; <strong>1404<\/strong><br \/>(-30 for losing)\n|l|\u2606DaSwampp\n","uploadtime":1699750037,"views":5,"p1id":"weebrizz","p2id":"daswampp","formatid":"gen9anythinggoes","rating":1270,"private":0,"password":""}