{"id":"gen9anythinggoes-1973882314","p1":"RSmile","p2":"FelliBear","format":"[Gen 9] Anything Goes","log":"|j|\u2606RSmile\n|j|\u2606FelliBear\n|t:|1698023954\n|gametype|singles\n|player|p1|RSmile|shauna-masters|\n|player|p2|FelliBear|shauntal|\n|teamsize|p1|6\n|teamsize|p2|6\n|gen|9\n|tier|[Gen 9] Anything Goes\n|rule|HP Percentage Mod: HP is shown in percentages\n|rule|Endless Battle Clause: Forcing endless battles is banned\n|clearpoke\n|poke|p1|Miraidon|\n|poke|p1|Koraidon|\n|poke|p1|Ogerpon-Hearthflame, F|\n|poke|p1|Calyrex-Shadow|\n|poke|p1|Great Tusk|\n|poke|p1|Ditto|\n|poke|p2|Hoopa-Unbound|\n|poke|p2|Clefable, F|\n|poke|p2|Quagsire, M|\n|poke|p2|Sylveon, F|\n|poke|p2|Volcarona, M|\n|poke|p2|Koraidon|\n|teampreview\n|inactive|Battle timer is ON: inactive players will automatically lose when time's up. (requested by RSmile)\n|j| CarlosBeansGaming\n|\n|t:|1698023984\n|start\n|switch|p1a: Great Tusk|Great Tusk|100\/100\n|switch|p2a: Cleffa|Clefable, F|100\/100\n|turn|1\n|\n|t:|1698023993\n|move|p1a: Great Tusk|Knock Off|p2a: Cleffa\n|-resisted|p2a: Cleffa\n|-damage|p2a: Cleffa|88\/100\n|-damage|p1a: Great Tusk|84\/100|[from] item: Rocky Helmet|[of] p2a: Cleffa\n|-enditem|p2a: Cleffa|Rocky Helmet|[from] move: Knock Off|[of] p1a: Great Tusk\n|move|p2a: Cleffa|Stealth Rock|p1a: Great Tusk\n|-sidestart|p1: RSmile|move: Stealth Rock\n|\n|upkeep\n|turn|2\n|l|\u2606FelliBear\n|inactive|FelliBear disconnected and has 300 seconds to reconnect!\n|player|p2|\n|j|\u2606FelliBear\n|inactive|FelliBear reconnected and has 285 seconds left.\n|player|p2|FelliBear|shauntal\n|inactive|FelliBear has 270 seconds left.\n|\n|t:|1698024051\n|move|p1a: Great Tusk|Rapid Spin|p2a: Cleffa\n|-damage|p2a: Cleffa|76\/100\n|-boost|p1a: Great Tusk|spe|1\n|-sideend|p1: RSmile|Stealth Rock|[from] move: Rapid Spin|[of] p1a: Great Tusk\n|move|p2a: Cleffa|Calm Mind|p2a: Cleffa\n|-boost|p2a: Cleffa|spa|1\n|-boost|p2a: Cleffa|spd|1\n|\n|upkeep\n|turn|3\n|\n|t:|1698024060\n|-end|p1a: Great Tusk|Protosynthesis|[silent]\n|switch|p1a: Ogerpon|Ogerpon-Hearthflame, F|100\/100\n|-ability|p1a: Ogerpon|Mold Breaker\n|move|p2a: Cleffa|Calm Mind|p2a: Cleffa\n|-boost|p2a: Cleffa|spa|1\n|-boost|p2a: Cleffa|spd|1\n|\n|upkeep\n|turn|4\n|\n|t:|1698024068\n|move|p1a: Ogerpon|Swords Dance|p1a: Ogerpon\n|-boost|p1a: Ogerpon|atk|2\n|move|p2a: Cleffa|Moonblast|p1a: Ogerpon\n|-resisted|p1a: Ogerpon\n|-damage|p1a: Ogerpon|61\/100\n|\n|upkeep\n|turn|5\n|j| Ollure\n|c| Ollure|GO FELICIA\n|c| Ollure|KICK HIS BUTT\n|\n|t:|1698024081\n|move|p1a: Ogerpon|Trailblaze|p2a: Cleffa\n|-damage|p2a: Cleffa|23\/100\n|-boost|p1a: Ogerpon|spe|1\n|move|p2a: Cleffa|Moonblast|p1a: Ogerpon\n|-resisted|p1a: Ogerpon\n|-damage|p1a: Ogerpon|24\/100\n|\n|upkeep\n|turn|6\n|\n|t:|1698024091\n|move|p1a: Ogerpon|Horn Leech|p2a: Cleffa\n|-damage|p2a: Cleffa|0 fnt\n|-heal|p1a: Ogerpon|39\/100|[from] drain|[of] p2a: Cleffa\n|faint|p2a: Cleffa\n|\n|upkeep\n|\n|t:|1698024104\n|switch|p2a: PickleJoe|Quagsire, M|100\/100\n|turn|7\n|\n|t:|1698024109\n|move|p1a: Ogerpon|Horn Leech|p2a: PickleJoe\n|-supereffective|p2a: PickleJoe\n|-damage|p2a: PickleJoe|0 fnt\n|-heal|p1a: Ogerpon|98\/100|[from] drain|[of] p2a: PickleJoe\n|faint|p2a: PickleJoe\n|\n|upkeep\n|\n|t:|1698024117\n|switch|p2a: KoKo Bean|Koraidon|100\/100\n|-weather|SunnyDay|[from] ability: Orichalcum Pulse|[of] p2a: KoKo Bean\n|-activate|p2a: KoKo Bean|Orichalcum Pulse|[source]\n|turn|8\n|c| Ollure|Horn leach is such an annoying move.\n|c|\u2606RSmile|Agree\n|c|\u2606RSmile|When I first time saw Ogerpon with this moveset I was literally raging\n|c|\u2606RSmile|lmao\n|\n|t:|1698024140\n|-terastallize|p1a: Ogerpon|Fire\n|detailschange|p1a: Ogerpon|Ogerpon-Hearthflame-Tera, F, tera:Fire\n|-ability|p1a: Ogerpon|Embody Aspect (Hearthflame)|boost\n|-boost|p1a: Ogerpon|atk|1\n|-terastallize|p2a: KoKo Bean|Fairy\n|move|p1a: Ogerpon|Ivy Cudgel|p2a: KoKo Bean\n|-damage|p2a: KoKo Bean|0 fnt\n|faint|p2a: KoKo Bean\n|\n|-weather|SunnyDay|[upkeep]\n|upkeep\n|inactive|FelliBear has 270 seconds left.\n|\n|t:|1698024163\n|switch|p2a: Hoops|Hoopa-Unbound|100\/100\n|turn|9\n|\n|t:|1698024179\n|move|p1a: Ogerpon|Ivy Cudgel|p2a: Hoops\n|-damage|p2a: Hoops|0 fnt\n|faint|p2a: Hoops\n|\n|-weather|SunnyDay|[upkeep]\n|upkeep\n|\n|t:|1698024188\n|switch|p2a: SillyGirl|Sylveon, F, shiny|100\/100\n|turn|10\n|\n|t:|1698024194\n|move|p1a: Ogerpon|Ivy Cudgel|p2a: SillyGirl\n|-damage|p2a: SillyGirl|0 fnt\n|faint|p2a: SillyGirl\n|\n|-weather|SunnyDay|[upkeep]\n|upkeep\n|\n|t:|1698024200\n|switch|p2a: Thanos|Volcarona, M, shiny|100\/100\n|turn|11\n|\n|t:|1698024204\n|move|p1a: Ogerpon|Ivy Cudgel|p2a: Thanos\n|-damage|p2a: Thanos|0 fnt\n|faint|p2a: Thanos\n|\n|win|RSmile\n|c|\u2606RSmile|GG!\n","uploadtime":1698024208,"views":9,"p1id":"rsmile","p2id":"fellibear","formatid":"gen9anythinggoes","rating":0,"private":0,"password":""}