{"id":"gen9anythinggoes-1996975443","p1":"OwenWLY2","p2":"randompredicaments","format":"[Gen 9] Anything Goes","log":"|j|\u2606OwenWLY2\n|j|\u2606randompredicaments\n|t:|1700751574\n|gametype|singles\n|player|p1|OwenWLY2|bugcatcher-gen4dp|1327\n|player|p2|randompredicaments|dawn|1335\n|teamsize|p1|6\n|teamsize|p2|6\n|gen|9\n|tier|[Gen 9] Anything Goes\n|rated|\n|rule|HP Percentage Mod: HP is shown in percentages\n|rule|Endless Battle Clause: Forcing endless battles is banned\n|clearpoke\n|poke|p1|Vivillon-Fancy, F|\n|poke|p1|Gliscor, M|\n|poke|p1|Drifblim, F|\n|poke|p1|Espathra, F|\n|poke|p1|Maushold-Four|\n|poke|p1|Alomomola, M|\n|poke|p2|Zacian-*|\n|poke|p2|Zacian-*|\n|poke|p2|Zacian-*|\n|poke|p2|Zacian-*|\n|poke|p2|Zacian-*|\n|poke|p2|Zacian-*|\n|teampreview\n|inactive|Battle timer is ON: inactive players will automatically lose when time's up. (requested by randompredicaments)\n|\n|t:|1700751588\n|start\n|switch|p1a: Blimper|Drifblim, F|100\/100\n|switch|p2a: Zacian|Zacian-Crowned|100\/100\n|-ability|p2a: Zacian|Intrepid Sword|boost\n|-boost|p2a: Zacian|atk|1\n|turn|1\n|\n|t:|1700751594\n|move|p2a: Zacian|Crunch|p1a: Blimper\n|-supereffective|p1a: Blimper\n|-enditem|p1a: Blimper|Focus Sash\n|-damage|p1a: Blimper|1\/100\n|move|p1a: Blimper|Tailwind|p1a: Blimper\n|-sidestart|p1: OwenWLY2|move: Tailwind\n|\n|upkeep\n|turn|2\n|\n|t:|1700751613\n|move|p1a: Blimper|Memento|p2a: Zacian\n|-unboost|p2a: Zacian|atk|2\n|-unboost|p2a: Zacian|spa|2\n|faint|p1a: Blimper\n|move|p2a: Zacian|Behemoth Blade|p1: Blimper|[notarget]\n|-fail|p2a: Zacian\n|\n|upkeep\n|\n|t:|1700751619\n|switch|p1a: Brown Butter|Vivillon-Fancy, F|100\/100\n|turn|3\n|\n|t:|1700751631\n|move|p1a: Brown Butter|Sleep Powder|p2a: Zacian\n|-status|p2a: Zacian|slp|[from] move: Sleep Powder\n|cant|p2a: Zacian|slp\n|\n|upkeep\n|turn|4\n|\n|t:|1700751635\n|switch|p2a: Zacian|Zacian-Crowned|100\/100\n|-ability|p2a: Zacian|Intrepid Sword|boost\n|-boost|p2a: Zacian|atk|1\n|move|p1a: Brown Butter|Substitute|p1a: Brown Butter\n|-start|p1a: Brown Butter|Substitute\n|-damage|p1a: Brown Butter|76\/100\n|\n|-heal|p1a: Brown Butter|82\/100|[from] item: Leftovers\n|-sideend|p1: OwenWLY2|move: Tailwind\n|upkeep\n|turn|5\n|\n|t:|1700751637\n|move|p2a: Zacian|Quick Attack|p1a: Brown Butter\n|-end|p1a: Brown Butter|Substitute\n|move|p1a: Brown Butter|Sleep Powder|p2a: Zacian\n|-status|p2a: Zacian|slp|[from] move: Sleep Powder\n|\n|-heal|p1a: Brown Butter|88\/100|[from] item: Leftovers\n|upkeep\n|turn|6\n|\n|t:|1700751645\n|switch|p2a: Zacian|Zacian-Crowned|100\/100\n|-ability|p2a: Zacian|Intrepid Sword|boost\n|-boost|p2a: Zacian|atk|1\n|move|p1a: Brown Butter|Substitute|p1a: Brown Butter\n|-start|p1a: Brown Butter|Substitute\n|-damage|p1a: Brown Butter|63\/100\n|\n|-heal|p1a: Brown Butter|69\/100|[from] item: Leftovers\n|upkeep\n|turn|7\n|\n|t:|1700751655\n|switch|p2a: Zacian|Zacian-Crowned|100\/100 slp\n|move|p1a: Brown Butter|Sleep Powder|p2a: Zacian\n|-fail|p2a: Zacian|slp\n|\n|-heal|p1a: Brown Butter|75\/100|[from] item: Leftovers\n|upkeep\n|turn|8\n|\n|t:|1700751660\n|cant|p2a: Zacian|slp\n|move|p1a: Brown Butter|Quiver Dance|p1a: Brown Butter\n|-boost|p1a: Brown Butter|spa|1\n|-boost|p1a: Brown Butter|spd|1\n|-boost|p1a: Brown Butter|spe|1\n|\n|-heal|p1a: Brown Butter|81\/100|[from] item: Leftovers\n|upkeep\n|turn|9\n|inactive|OwenWLY2 has 120 seconds left.\n|\n|t:|1700751691\n|move|p1a: Brown Butter|Hurricane|p2a: Zacian\n|-resisted|p2a: Zacian\n|-damage|p2a: Zacian|68\/100 slp\n|-start|p2a: Zacian|confusion\n|cant|p2a: Zacian|slp\n|\n|-heal|p1a: Brown Butter|87\/100|[from] item: Leftovers\n|upkeep\n|turn|10\n|inactive|OwenWLY2 has 120 seconds left.\n|\n|t:|1700751708\n|-curestatus|p2a: Zacian|slp|[msg]\n|-activate|p2a: Zacian|confusion\n|-damage|p2a: Zacian|53\/100|[from] confusion\n|move|p1a: Brown Butter|Sleep Powder|p2a: Zacian\n|-status|p2a: Zacian|slp|[from] move: Sleep Powder\n|\n|-heal|p1a: Brown Butter|93\/100|[from] item: Leftovers\n|upkeep\n|turn|11\n|inactive|OwenWLY2 has 120 seconds left.\n|c|\u2606randompredicaments|Man I love this game\n|\n|t:|1700751731\n|cant|p2a: Zacian|slp\n|move|p1a: Brown Butter|Quiver Dance|p1a: Brown Butter\n|-boost|p1a: Brown Butter|spa|1\n|-boost|p1a: Brown Butter|spd|1\n|-boost|p1a: Brown Butter|spe|1\n|\n|-heal|p1a: Brown Butter|99\/100|[from] item: Leftovers\n|upkeep\n|turn|12\n|\n|t:|1700751735\n|switch|p2a: Zacian|Zacian-Crowned|100\/100\n|move|p1a: Brown Butter|Hurricane|p2a: Zacian|[miss]\n|-miss|p1a: Brown Butter|p2a: Zacian\n|\n|-heal|p1a: Brown Butter|100\/100|[from] item: Leftovers\n|upkeep\n|turn|13\n|\n|t:|1700751739\n|switch|p2a: Zacian|Zacian-Crowned|53\/100 slp\n|move|p1a: Brown Butter|Sleep Powder|p2a: Zacian\n|-fail|p2a: Zacian|slp\n|\n|upkeep\n|turn|14\n|\n|t:|1700751741\n|switch|p2a: Zacian|Zacian-Crowned|100\/100\n|move|p1a: Brown Butter|Hurricane|p2a: Zacian\n|-resisted|p2a: Zacian\n|-damage|p2a: Zacian|62\/100\n|-start|p2a: Zacian|confusion\n|\n|upkeep\n|turn|15\n|\n|t:|1700751752\n|switch|p2a: Zacian|Zacian-Crowned|53\/100 slp\n|move|p1a: Brown Butter|Hurricane|p2a: Zacian\n|-resisted|p2a: Zacian\n|-damage|p2a: Zacian|15\/100 slp\n|\n|upkeep\n|turn|16\n|\n|t:|1700751764\n|cant|p2a: Zacian|slp\n|move|p1a: Brown Butter|Hurricane|p2a: Zacian\n|-resisted|p2a: Zacian\n|-damage|p2a: Zacian|0 fnt\n|faint|p2a: Zacian\n|\n|upkeep\n|\n|t:|1700751767\n|switch|p2a: Zacian|Zacian-Crowned|62\/100\n|turn|17\n|\n|t:|1700751794\n|move|p2a: Zacian|Quick Attack|p1a: Brown Butter\n|-end|p1a: Brown Butter|Substitute\n|move|p1a: Brown Butter|Sleep Powder|p2a: Zacian|[miss]\n|-miss|p1a: Brown Butter|p2a: Zacian\n|\n|upkeep\n|turn|18\n|\n|t:|1700751802\n|switch|p1a: Glis To Core|Gliscor, M|100\/100\n|move|p2a: Zacian|Quick Attack|p1a: Glis To Core\n|-damage|p1a: Glis To Core|91\/100\n|\n|-status|p1a: Glis To Core|tox|[from] item: Toxic Orb\n|upkeep\n|turn|19\n|\n|t:|1700751809\n|move|p2a: Zacian|Play Rough|p1a: Glis To Core\n|-damage|p1a: Glis To Core|63\/100 tox\n|move|p1a: Glis To Core|Earthquake|p2a: Zacian\n|-supereffective|p2a: Zacian\n|-damage|p2a: Zacian|4\/100\n|\n|-heal|p1a: Glis To Core|75\/100 tox|[from] ability: Poison Heal\n|upkeep\n|turn|20\n|\n|t:|1700751819\n|move|p1a: Glis To Core|Protect|p1a: Glis To Core\n|-singleturn|p1a: Glis To Core|Protect\n|move|p2a: Zacian|Crunch|p1a: Glis To Core\n|-activate|p1a: Glis To Core|move: Protect\n|\n|-heal|p1a: Glis To Core|88\/100 tox|[from] ability: Poison Heal\n|upkeep\n|turn|21\n|\n|t:|1700751822\n|move|p2a: Zacian|Crunch|p1a: Glis To Core\n|-damage|p1a: Glis To Core|68\/100 tox\n|move|p1a: Glis To Core|Earthquake|p2a: Zacian\n|-supereffective|p2a: Zacian\n|-damage|p2a: Zacian|0 fnt\n|faint|p2a: Zacian\n|\n|-heal|p1a: Glis To Core|81\/100 tox|[from] ability: Poison Heal\n|upkeep\n|\n|t:|1700751829\n|switch|p2a: Zacian|Zacian-Crowned|100\/100\n|-ability|p2a: Zacian|Intrepid Sword|boost\n|-boost|p2a: Zacian|atk|1\n|turn|22\n|\n|t:|1700751833\n|-terastallize|p2a: Zacian|Normal\n|move|p2a: Zacian|Swords Dance|p2a: Zacian\n|-boost|p2a: Zacian|atk|2\n|move|p1a: Glis To Core|Earthquake|p2a: Zacian\n|-damage|p2a: Zacian|72\/100\n|\n|-heal|p1a: Glis To Core|93\/100 tox|[from] ability: Poison Heal\n|upkeep\n|turn|23\n|\n|t:|1700751843\n|move|p2a: Zacian|Play Rough|p1a: Glis To Core\n|-damage|p1a: Glis To Core|20\/100 tox\n|move|p1a: Glis To Core|Toxic|p2a: Zacian\n|-status|p2a: Zacian|tox\n|\n|-damage|p2a: Zacian|66\/100 tox|[from] psn\n|-heal|p1a: Glis To Core|33\/100 tox|[from] ability: Poison Heal\n|upkeep\n|turn|24\n|\n|t:|1700751855\n|move|p1a: Glis To Core|Protect|p1a: Glis To Core\n|-singleturn|p1a: Glis To Core|Protect\n|move|p2a: Zacian|Quick Attack|p1a: Glis To Core\n|-activate|p1a: Glis To Core|move: Protect\n|\n|-damage|p2a: Zacian|53\/100 tox|[from] psn\n|-heal|p1a: Glis To Core|45\/100 tox|[from] ability: Poison Heal\n|upkeep\n|turn|25\n|\n|t:|1700751874\n|switch|p1a: Finn|Alomomola, M|100\/100\n|move|p2a: Zacian|Play Rough|p1a: Finn\n|-damage|p1a: Finn|30\/100\n|\n|-heal|p1a: Finn|36\/100|[from] item: Leftovers\n|-damage|p2a: Zacian|35\/100 tox|[from] psn\n|upkeep\n|turn|26\n|\n|t:|1700751888\n|move|p1a: Finn|Protect|p1a: Finn\n|-singleturn|p1a: Finn|Protect\n|move|p2a: Zacian|Swords Dance|p2a: Zacian\n|-boost|p2a: Zacian|atk|2\n|\n|-heal|p1a: Finn|43\/100|[from] item: Leftovers\n|-damage|p2a: Zacian|10\/100 tox|[from] psn\n|upkeep\n|turn|27\n|\n|t:|1700751906\n|switch|p1a: Brown Butter|Vivillon-Fancy, F|100\/100\n|move|p2a: Zacian|Quick Attack|p1a: Brown Butter\n|-damage|p1a: Brown Butter|0 fnt\n|faint|p1a: Brown Butter\n|\n|-damage|p2a: Zacian|0 fnt|[from] psn\n|faint|p2a: Zacian\n|upkeep\n|\n|t:|1700751915\n|switch|p2a: Zacian|Zacian-Crowned|100\/100 slp\n|switch|p1a: Glis To Core|Gliscor, M|45\/100 tox\n|turn|28\n|\n|t:|1700751939\n|cant|p2a: Zacian|slp\n|move|p1a: Glis To Core|Earthquake|p2a: Zacian\n|-supereffective|p2a: Zacian\n|-damage|p2a: Zacian|38\/100 slp\n|\n|-heal|p1a: Glis To Core|58\/100 tox|[from] ability: Poison Heal\n|upkeep\n|turn|29\n|\n|t:|1700751944\n|-curestatus|p2a: Zacian|slp|[msg]\n|move|p2a: Zacian|Crunch|p1a: Glis To Core\n|-damage|p1a: Glis To Core|40\/100 tox\n|move|p1a: Glis To Core|Earthquake|p2a: Zacian\n|-supereffective|p2a: Zacian\n|-crit|p2a: Zacian\n|-damage|p2a: Zacian|0 fnt\n|faint|p2a: Zacian\n|\n|-heal|p1a: Glis To Core|53\/100 tox|[from] ability: Poison Heal\n|upkeep\n|\n|t:|1700751953\n|switch|p2a: Zacian|Zacian-Crowned|100\/100\n|-ability|p2a: Zacian|Intrepid Sword|boost\n|-boost|p2a: Zacian|atk|1\n|turn|30\n|\n|t:|1700751982\n|move|p2a: Zacian|Play Rough|p1a: Glis To Core\n|-damage|p1a: Glis To Core|4\/100 tox\n|move|p1a: Glis To Core|Earthquake|p2a: Zacian\n|-supereffective|p2a: Zacian\n|-damage|p2a: Zacian|41\/100\n|\n|-heal|p1a: Glis To Core|16\/100 tox|[from] ability: Poison Heal\n|upkeep\n|turn|31\n|\n|t:|1700751992\n|move|p2a: Zacian|Behemoth Blade|p1a: Glis To Core\n|-damage|p1a: Glis To Core|0 fnt\n|faint|p1a: Glis To Core\n|\n|upkeep\n|\n|t:|1700751996\n|switch|p1a: Psycha|Espathra, F|100\/100\n|turn|32\n|\n|t:|1700752003\n|move|p2a: Zacian|Quick Attack|p1a: Psycha\n|-damage|p1a: Psycha|67\/100\n|move|p1a: Psycha|Shadow Ball|p2a: Zacian\n|-damage|p2a: Zacian|19\/100\n|-unboost|p2a: Zacian|spd|1\n|\n|-heal|p1a: Psycha|73\/100|[from] item: Leftovers\n|-ability|p1a: Psycha|Speed Boost|boost\n|-boost|p1a: Psycha|spe|1\n|upkeep\n|turn|33\n|\n|t:|1700752020\n|move|p2a: Zacian|Quick Attack|p1a: Psycha\n|-damage|p1a: Psycha|36\/100\n|move|p1a: Psycha|Shadow Ball|p2a: Zacian\n|-damage|p2a: Zacian|0 fnt\n|faint|p2a: Zacian\n|\n|-heal|p1a: Psycha|42\/100|[from] item: Leftovers\n|-ability|p1a: Psycha|Speed Boost|boost\n|-boost|p1a: Psycha|spe|1\n|upkeep\n|\n|t:|1700752023\n|switch|p2a: Zacian|Zacian-Crowned|100\/100\n|-ability|p2a: Zacian|Intrepid Sword|boost\n|-boost|p2a: Zacian|atk|1\n|turn|34\n|\n|t:|1700752035\n|switch|p1a: Quad|Maushold-Four|100\/100\n|move|p2a: Zacian|Behemoth Blade|p1a: Quad\n|-damage|p1a: Quad|0 fnt\n|faint|p1a: Quad\n|\n|upkeep\n|\n|t:|1700752037\n|switch|p1a: Finn|Alomomola, M|76\/100\n|turn|35\n|\n|t:|1700752042\n|move|p2a: Zacian|Wild Charge|p1a: Finn\n|-supereffective|p1a: Finn\n|-damage|p1a: Finn|17\/100\n|-damage|p2a: Zacian|76\/100|[from] Recoil\n|move|p1a: Finn|Wish|p1a: Finn\n|\n|-heal|p1a: Finn|23\/100|[from] item: Leftovers\n|upkeep\n|turn|36\n|\n|t:|1700752048\n|move|p1a: Finn|Protect|p1a: Finn\n|-singleturn|p1a: Finn|Protect\n|move|p2a: Zacian|Wild Charge|p1a: Finn\n|-activate|p1a: Finn|move: Protect\n|\n|-heal|p1a: Finn|73\/100|[from] move: Wish|[wisher] Finn\n|-heal|p1a: Finn|80\/100|[from] item: Leftovers\n|upkeep\n|turn|37\n|\n|t:|1700752054\n|move|p2a: Zacian|Wild Charge|p1a: Finn\n|-supereffective|p1a: Finn\n|-damage|p1a: Finn|27\/100\n|-damage|p2a: Zacian|54\/100|[from] Recoil\n|move|p1a: Finn|Wish|p1a: Finn\n|\n|-heal|p1a: Finn|33\/100|[from] item: Leftovers\n|upkeep\n|turn|38\n|\n|t:|1700752073\n|-terastallize|p1a: Finn|Grass\n|move|p2a: Zacian|Quick Attack|p1a: Finn\n|-damage|p1a: Finn|20\/100\n|move|p1a: Finn|Flip Turn|p2a: Zacian\n|-damage|p2a: Zacian|40\/100\n|\n|t:|1700752080\n|switch|p1a: Psycha|Espathra, F|42\/100|[from] Flip Turn\n|\n|-heal|p1a: Psycha|100\/100|[from] move: Wish|[wisher] Finn\n|upkeep\n|turn|39\n|\n|t:|1700752087\n|move|p1a: Psycha|Protect|p1a: Psycha\n|-singleturn|p1a: Psycha|Protect\n|move|p2a: Zacian|Behemoth Blade|p1a: Psycha\n|-activate|p1a: Psycha|move: Protect\n|\n|-ability|p1a: Psycha|Speed Boost|boost\n|-boost|p1a: Psycha|spe|1\n|upkeep\n|turn|40\n|\n|t:|1700752091\n|move|p1a: Psycha|Shadow Ball|p2a: Zacian\n|-damage|p2a: Zacian|17\/100\n|move|p2a: Zacian|Behemoth Blade|p1a: Psycha\n|-damage|p1a: Psycha|0 fnt\n|faint|p1a: Psycha\n|\n|upkeep\n|\n|t:|1700752098\n|switch|p1a: Finn|Alomomola, M, tera:Grass|53\/100\n|turn|41\n|\n|t:|1700752107\n|move|p2a: Zacian|Behemoth Blade|p1a: Finn\n|-damage|p1a: Finn|9\/100\n|move|p1a: Finn|Scald|p2a: Zacian\n|-damage|p2a: Zacian|4\/100\n|-status|p2a: Zacian|brn\n|\n|-heal|p1a: Finn|15\/100|[from] item: Leftovers\n|-damage|p2a: Zacian|0 fnt|[from] brn\n|faint|p2a: Zacian\n|\n|win|OwenWLY2\n|upkeep\n|raw|OwenWLY2's rating: 1327 &rarr; <strong>1347<\/strong><br \/>(+20 for winning)\n|raw|randompredicaments's rating: 1335 &rarr; <strong>1315<\/strong><br \/>(-20 for losing)\n|l|\u2606randompredicaments\n","uploadtime":1700752138,"views":2,"p1id":"owenwly2","p2id":"randompredicaments","formatid":"gen9anythinggoes","rating":1315,"private":0,"password":""}