{"id":"gen9anythinggoes-1985447751","p1":"Jayrider","p2":"Dr Guzzlord","format":"[Gen 9] Anything Goes","log":"|j|\u2606Jayrider\n|j|\u2606Dr Guzzlord\n|t:|1699375485\n|gametype|singles\n|player|p1|Jayrider|marshal|1093\n|player|p2|Dr Guzzlord|roughneck|1074\n|teamsize|p1|6\n|teamsize|p2|6\n|gen|9\n|tier|[Gen 9] Anything Goes\n|rated|\n|rule|HP Percentage Mod: HP is shown in percentages\n|rule|Endless Battle Clause: Forcing endless battles is banned\n|clearpoke\n|poke|p1|Sneasler, M|\n|poke|p1|Hawlucha, M|\n|poke|p1|Medicham, F|\n|poke|p1|Kommo-o, M|\n|poke|p1|Lilligant-Hisui, F|\n|poke|p1|Iron Hands|\n|poke|p2|Espathra, M|\n|poke|p2|Hatterene, F|\n|poke|p2|Manaphy|\n|poke|p2|Drifblim, M|\n|poke|p2|Clefable, M|\n|poke|p2|Feebas, F|\n|teampreview\n|\n|t:|1699375498\n|start\n|switch|p1a: Volg|Sneasler, M, shiny|100\/100\n|switch|p2a: Manaphy|Manaphy|100\/100\n|turn|1\n|\n|t:|1699375505\n|move|p1a: Volg|Fake Out|p2a: Manaphy\n|-damage|p2a: Manaphy|92\/100\n|cant|p2a: Manaphy|flinch\n|\n|-heal|p2a: Manaphy|98\/100|[from] item: Leftovers\n|upkeep\n|turn|2\n|\n|t:|1699375513\n|move|p1a: Volg|Dire Claw|p2a: Manaphy\n|-damage|p2a: Manaphy|71\/100\n|-status|p2a: Manaphy|slp\n|cant|p2a: Manaphy|slp\n|\n|-heal|p2a: Manaphy|77\/100 slp|[from] item: Leftovers\n|upkeep\n|turn|3\n|\n|t:|1699375522\n|switch|p1a: Martinez|Hawlucha, M, shiny|100\/100\n|-curestatus|p2a: Manaphy|slp|[msg]\n|move|p2a: Manaphy|Scald|p1a: Martinez\n|-damage|p1a: Martinez|54\/100\n|\n|-heal|p2a: Manaphy|84\/100|[from] item: Leftovers\n|upkeep\n|turn|4\n|\n|t:|1699375533\n|move|p1a: Martinez|Swords Dance|p1a: Martinez\n|-boost|p1a: Martinez|atk|2\n|move|p2a: Manaphy|Acid Armor|p2a: Manaphy\n|-boost|p2a: Manaphy|def|2\n|\n|-heal|p2a: Manaphy|90\/100|[from] item: Leftovers\n|upkeep\n|turn|5\n|\n|t:|1699375550\n|move|p1a: Martinez|Swords Dance|p1a: Martinez\n|-boost|p1a: Martinez|atk|2\n|move|p2a: Manaphy|Acid Armor|p2a: Manaphy\n|-boost|p2a: Manaphy|def|2\n|\n|-heal|p2a: Manaphy|96\/100|[from] item: Leftovers\n|upkeep\n|turn|6\n|\n|t:|1699375558\n|move|p1a: Martinez|Swords Dance|p1a: Martinez\n|-boost|p1a: Martinez|atk|2\n|move|p2a: Manaphy|Acid Armor|p2a: Manaphy\n|-boost|p2a: Manaphy|def|2\n|\n|-heal|p2a: Manaphy|100\/100|[from] item: Leftovers\n|upkeep\n|turn|7\n|\n|t:|1699375568\n|move|p1a: Martinez|Acrobatics|p2a: Manaphy\n|-damage|p2a: Manaphy|85\/100\n|move|p2a: Manaphy|Baton Pass|p2a: Manaphy\n|\n|t:|1699375572\n|switch|p2a: Clefable|Clefable, M|100\/100|[from] Baton Pass\n|\n|upkeep\n|turn|8\n|\n|t:|1699375578\n|move|p1a: Martinez|Endure|p1a: Martinez\n|-singleturn|p1a: Martinez|move: Endure\n|move|p2a: Clefable|Cosmic Power|p2a: Clefable\n|-boost|p2a: Clefable|def|0\n|-boost|p2a: Clefable|spd|1\n|\n|upkeep\n|turn|9\n|\n|t:|1699375587\n|move|p1a: Martinez|Acrobatics|p2a: Clefable\n|-damage|p2a: Clefable|94\/100\n|move|p2a: Clefable|Cosmic Power|p2a: Clefable\n|-boost|p2a: Clefable|def|0\n|-boost|p2a: Clefable|spd|1\n|\n|-heal|p2a: Clefable|100\/100|[from] item: Leftovers\n|upkeep\n|turn|10\n|\n|t:|1699375596\n|move|p1a: Martinez|Close Combat|p2a: Clefable\n|-resisted|p2a: Clefable\n|-damage|p2a: Clefable|95\/100\n|-unboost|p1a: Martinez|def|1\n|-unboost|p1a: Martinez|spd|1\n|move|p2a: Clefable|Cosmic Power|p2a: Clefable\n|-boost|p2a: Clefable|def|0\n|-boost|p2a: Clefable|spd|1\n|\n|-heal|p2a: Clefable|100\/100|[from] item: Leftovers\n|upkeep\n|turn|11\n|\n|t:|1699375608\n|switch|p1a: Volg|Sneasler, M, shiny|100\/100\n|move|p2a: Clefable|Cosmic Power|p2a: Clefable\n|-boost|p2a: Clefable|def|0\n|-boost|p2a: Clefable|spd|1\n|\n|upkeep\n|turn|12\n|\n|t:|1699375614\n|move|p1a: Volg|Dire Claw|p2a: Clefable\n|-supereffective|p2a: Clefable\n|-damage|p2a: Clefable|83\/100\n|move|p2a: Clefable|Cosmic Power|p2a: Clefable\n|-boost|p2a: Clefable|def|0\n|-boost|p2a: Clefable|spd|1\n|\n|-heal|p2a: Clefable|89\/100|[from] item: Leftovers\n|upkeep\n|turn|13\n|\n|t:|1699375623\n|move|p1a: Volg|Dire Claw|p2a: Clefable\n|-supereffective|p2a: Clefable\n|-damage|p2a: Clefable|71\/100\n|move|p2a: Clefable|Cosmic Power|p2a: Clefable\n|-boost|p2a: Clefable|def|0\n|-boost|p2a: Clefable|spd|1\n|\n|-heal|p2a: Clefable|77\/100|[from] item: Leftovers\n|upkeep\n|turn|14\n|\n|t:|1699375632\n|move|p1a: Volg|Dire Claw|p2a: Clefable\n|-supereffective|p2a: Clefable\n|-damage|p2a: Clefable|57\/100\n|-status|p2a: Clefable|slp\n|cant|p2a: Clefable|slp\n|\n|-heal|p2a: Clefable|63\/100 slp|[from] item: Leftovers\n|upkeep\n|turn|15\n|\n|t:|1699375642\n|move|p1a: Volg|Dire Claw|p2a: Clefable\n|-supereffective|p2a: Clefable\n|-damage|p2a: Clefable|45\/100 slp\n|-curestatus|p2a: Clefable|slp|[msg]\n|move|p2a: Clefable|Copycat|p2a: Clefable\n|move|p2a: Clefable|Dire Claw|p1a: Volg|[from]move: Copycat\n|-resisted|p1a: Volg\n|-damage|p1a: Volg|90\/100\n|\n|-heal|p2a: Clefable|51\/100|[from] item: Leftovers\n|upkeep\n|turn|16\n|\n|t:|1699375653\n|-terastallize|p2a: Clefable|Dragon\n|move|p1a: Volg|Dire Claw|p2a: Clefable\n|-damage|p2a: Clefable|41\/100\n|move|p2a: Clefable|Copycat|p2a: Clefable\n|move|p2a: Clefable|Dire Claw|p1a: Volg|[from]move: Copycat\n|-resisted|p1a: Volg\n|-damage|p1a: Volg|79\/100\n|\n|-heal|p2a: Clefable|47\/100|[from] item: Leftovers\n|upkeep\n|turn|17\n|\n|t:|1699375667\n|-terastallize|p1a: Volg|Flying\n|move|p1a: Volg|Close Combat|p2a: Clefable\n|-damage|p2a: Clefable|34\/100\n|-unboost|p1a: Volg|def|1\n|-unboost|p1a: Volg|spd|1\n|-status|p2a: Clefable|psn|[from] ability: Poison Touch|[of] p1a: Volg\n|move|p2a: Clefable|Copycat|p2a: Clefable\n|move|p2a: Clefable|Close Combat|p1a: Volg|[from]move: Copycat\n|-resisted|p1a: Volg\n|-damage|p1a: Volg|62\/100\n|-unboost|p2a: Clefable|def|1\n|-unboost|p2a: Clefable|spd|1\n|\n|-heal|p2a: Clefable|40\/100 psn|[from] item: Leftovers\n|-damage|p2a: Clefable|28\/100 psn|[from] psn\n|upkeep\n|turn|18\n|\n|t:|1699375684\n|move|p1a: Volg|Close Combat|p2a: Clefable\n|-damage|p2a: Clefable|12\/100 psn\n|-unboost|p1a: Volg|def|1\n|-unboost|p1a: Volg|spd|1\n|move|p2a: Clefable|Moonlight|p2a: Clefable\n|-heal|p2a: Clefable|62\/100 psn\n|\n|-heal|p2a: Clefable|68\/100 psn|[from] item: Leftovers\n|-damage|p2a: Clefable|56\/100 psn|[from] psn\n|upkeep\n|turn|19\n|\n|t:|1699375697\n|move|p1a: Volg|Close Combat|p2a: Clefable\n|-damage|p2a: Clefable|40\/100 psn\n|-unboost|p1a: Volg|def|1\n|-unboost|p1a: Volg|spd|1\n|move|p2a: Clefable|Moonlight|p2a: Clefable\n|-heal|p2a: Clefable|90\/100 psn\n|\n|-heal|p2a: Clefable|96\/100 psn|[from] item: Leftovers\n|-damage|p2a: Clefable|83\/100 psn|[from] psn\n|upkeep\n|turn|20\n|\n|t:|1699375708\n|move|p1a: Volg|Close Combat|p2a: Clefable\n|-damage|p2a: Clefable|66\/100 psn\n|-unboost|p1a: Volg|def|1\n|-unboost|p1a: Volg|spd|1\n|move|p2a: Clefable|Cosmic Power|p2a: Clefable\n|-boost|p2a: Clefable|def|1\n|-boost|p2a: Clefable|spd|1\n|\n|-heal|p2a: Clefable|73\/100 psn|[from] item: Leftovers\n|-damage|p2a: Clefable|60\/100 psn|[from] psn\n|upkeep\n|turn|21\n|\n|t:|1699375719\n|move|p1a: Volg|Close Combat|p2a: Clefable\n|-damage|p2a: Clefable|47\/100 psn\n|-unboost|p1a: Volg|def|1\n|-unboost|p1a: Volg|spd|1\n|move|p2a: Clefable|Baton Pass|p2a: Clefable\n|\n|t:|1699375722\n|switch|p2a: Drifblim|Drifblim, M|100\/100|[from] Baton Pass\n|\n|upkeep\n|turn|22\n|\n|t:|1699375731\n|switch|p1a: kamogawa|Medicham, F, shiny|100\/100\n|move|p2a: Drifblim|Minimize|p2a: Drifblim\n|-boost|p2a: Drifblim|evasion|2\n|\n|upkeep\n|turn|23\n|\n|t:|1699375737\n|move|p1a: kamogawa|Ice Punch|p2a: Drifblim\n|-supereffective|p2a: Drifblim\n|-damage|p2a: Drifblim|72\/100\n|-damage|p1a: kamogawa|91\/100|[from] item: Life Orb\n|move|p2a: Drifblim|Substitute|p2a: Drifblim\n|-start|p2a: Drifblim|Substitute\n|-damage|p2a: Drifblim|47\/100\n|\n|upkeep\n|turn|24\n|\n|t:|1699375745\n|move|p1a: kamogawa|Ice Punch|p2a: Drifblim\n|-supereffective|p2a: Drifblim\n|-end|p2a: Drifblim|Substitute\n|-damage|p1a: kamogawa|81\/100|[from] item: Life Orb\n|move|p2a: Drifblim|Minimize|p2a: Drifblim\n|-boost|p2a: Drifblim|evasion|2\n|\n|upkeep\n|turn|25\n|\n|t:|1699375752\n|move|p2a: Drifblim|Strength Sap|p1a: kamogawa\n|-unboost|p1a: kamogawa|atk|1\n|-heal|p2a: Drifblim|90\/100\n|move|p1a: kamogawa|Ice Punch|p2a: Drifblim|[miss]\n|-miss|p1a: kamogawa|p2a: Drifblim\n|\n|upkeep\n|turn|26\n|\n|t:|1699375760\n|move|p2a: Drifblim|Minimize|p2a: Drifblim\n|-boost|p2a: Drifblim|evasion|2\n|move|p1a: kamogawa|Ice Punch|p2a: Drifblim\n|-supereffective|p2a: Drifblim\n|-damage|p2a: Drifblim|71\/100\n|-damage|p1a: kamogawa|71\/100|[from] item: Life Orb\n|\n|upkeep\n|turn|27\n|\n|t:|1699375768\n|move|p2a: Drifblim|Baton Pass|p2a: Drifblim\n|\n|t:|1699375770\n|switch|p2a: Espathra|Espathra, M|100\/100|[from] Baton Pass\n|move|p1a: kamogawa|Ice Punch|p2a: Espathra\n|-damage|p2a: Espathra|92\/100\n|-damage|p1a: kamogawa|61\/100|[from] item: Life Orb\n|\n|-heal|p2a: Espathra|98\/100|[from] item: Leftovers\n|upkeep\n|turn|28\n|\n|t:|1699375780\n|switch|p1a: Naomichi|Iron Hands|100\/100\n|move|p2a: Espathra|Substitute|p2a: Espathra\n|-start|p2a: Espathra|Substitute\n|-damage|p2a: Espathra|73\/100\n|\n|-heal|p2a: Espathra|79\/100|[from] item: Leftovers\n|-ability|p2a: Espathra|Speed Boost|boost\n|-boost|p2a: Espathra|spe|1\n|upkeep\n|turn|29\n|\n|t:|1699375790\n|move|p2a: Espathra|Calm Mind|p2a: Espathra\n|-boost|p2a: Espathra|spa|1\n|-boost|p2a: Espathra|spd|0\n|move|p1a: Naomichi|Earthquake|p2a: Espathra\n|-activate|p2a: Espathra|move: Substitute|[damage]\n|\n|-heal|p2a: Espathra|85\/100|[from] item: Leftovers\n|-ability|p2a: Espathra|Speed Boost|boost\n|-boost|p2a: Espathra|spe|1\n|upkeep\n|turn|30\n|c|\u2606Jayrider|imagine if i had clear fog\n|\n|t:|1699375813\n|-end|p1a: Naomichi|Quark Drive|[silent]\n|switch|p1a: Okita|Kommo-o, M|100\/100\n|move|p2a: Espathra|Substitute|p2a: Espathra\n|-fail|p2a: Espathra|move: Substitute\n|\n|-heal|p2a: Espathra|91\/100|[from] item: Leftovers\n|-ability|p2a: Espathra|Speed Boost|boost\n|-boost|p2a: Espathra|spe|1\n|upkeep\n|turn|31\n|\n|t:|1699375823\n|move|p2a: Espathra|Baton Pass|p2a: Espathra\n|\n|t:|1699375825\n|switch|p2a: Hatterene|Hatterene, F|100\/100|[from] Baton Pass\n|move|p1a: Okita|Boomburst|p2a: Hatterene|[miss]\n|-miss|p1a: Okita|p2a: Hatterene\n|\n|upkeep\n|turn|32\n|\n|t:|1699375832\n|move|p2a: Hatterene|Swords Dance|p2a: Hatterene\n|-boost|p2a: Hatterene|atk|2\n|move|p1a: Okita|Boomburst|p2a: Hatterene|[miss]\n|-miss|p1a: Okita|p2a: Hatterene\n|\n|upkeep\n|turn|33\n|\n|t:|1699375840\n|move|p2a: Hatterene|Swords Dance|p2a: Hatterene\n|-boost|p2a: Hatterene|atk|2\n|move|p1a: Okita|Boomburst|p2a: Hatterene|[miss]\n|-miss|p1a: Okita|p2a: Hatterene\n|\n|upkeep\n|turn|34\n|\n|t:|1699375849\n|move|p2a: Hatterene|Swords Dance|p2a: Hatterene\n|-boost|p2a: Hatterene|atk|2\n|move|p1a: Okita|Clanging Scales|p2a: Hatterene\n|-immune|p2a: Hatterene\n|\n|upkeep\n|turn|35\n|\n|t:|1699375862\n|switch|p1a: Volg|Sneasler, M, shiny, tera:Flying|62\/100\n|move|p2a: Hatterene|Baton Pass|p2a: Hatterene\n|\n|t:|1699375864\n|switch|p2a: Feebas|Feebas, F|100\/100|[from] Baton Pass\n|\n|upkeep\n|turn|36\n|\n|t:|1699375872\n|move|p1a: Volg|Fake Out|p2a: Feebas|[miss]\n|-miss|p1a: Volg|p2a: Feebas\n|move|p2a: Feebas|Waterfall|p1a: Volg\n|-damage|p1a: Volg|0 fnt\n|faint|p1a: Volg\n|\n|upkeep\n|\n|t:|1699375881\n|switch|p1a: Naomichi|Iron Hands|100\/100\n|turn|37\n|\n|t:|1699375884\n|move|p2a: Feebas|Waterfall|p1a: Naomichi\n|-damage|p1a: Naomichi|46\/100\n|move|p1a: Naomichi|Earthquake|p2a: Feebas|[miss]\n|-miss|p1a: Naomichi|p2a: Feebas\n|\n|upkeep\n|turn|38\n|\n|t:|1699375891\n|move|p2a: Feebas|Waterfall|p1a: Naomichi\n|-damage|p1a: Naomichi|0 fnt\n|faint|p1a: Naomichi\n|-end|p1a: Naomichi|Quark Drive|[silent]\n|\n|upkeep\n|\n|t:|1699375897\n|switch|p1a: Martinez|Hawlucha, M, shiny|54\/100\n|turn|39\n|\n|t:|1699375901\n|move|p1a: Martinez|Endure|p1a: Martinez\n|-singleturn|p1a: Martinez|move: Endure\n|move|p2a: Feebas|Facade|p1a: Martinez\n|-activate|p1a: Martinez|move: Endure\n|-damage|p1a: Martinez|1\/100\n|-enditem|p1a: Martinez|Aguav Berry|[eat]\n|-heal|p1a: Martinez|34\/100|[from] item: Aguav Berry\n|\n|upkeep\n|turn|40\n|\n|t:|1699375911\n|move|p1a: Martinez|Acrobatics|p2a: Feebas|[miss]\n|-miss|p1a: Martinez|p2a: Feebas\n|move|p2a: Feebas|Waterfall|p1a: Martinez\n|-damage|p1a: Martinez|0 fnt\n|faint|p1a: Martinez\n|\n|upkeep\n|c|\u2606Jayrider|oh i fought you earlierr\n|\n|t:|1699375931\n|switch|p1a: Okita|Kommo-o, M|100\/100\n|turn|41\n|\n|t:|1699375935\n|move|p2a: Feebas|Scale Shot|p1a: Okita\n|-supereffective|p1a: Okita\n|-damage|p1a: Okita|71\/100\n|-supereffective|p1a: Okita\n|-damage|p1a: Okita|46\/100\n|-hitcount|p1a: Okita|2\n|-unboost|p2a: Feebas|def|1\n|-boost|p2a: Feebas|spe|1\n|move|p1a: Okita|Clanging Scales|p2a: Feebas\n|-damage|p2a: Feebas|62\/100\n|-unboost|p1a: Okita|def|1\n|-enditem|p1a: Okita|Throat Spray\n|-boost|p1a: Okita|spa|1|[from] item: Throat Spray\n|\n|upkeep\n|turn|42\n|\n|t:|1699375948\n|move|p2a: Feebas|Scale Shot|p1a: Okita\n|-supereffective|p1a: Okita\n|-damage|p1a: Okita|5\/100\n|-supereffective|p1a: Okita\n|-damage|p1a: Okita|0 fnt\n|faint|p1a: Okita\n|-hitcount|p1: Okita|2\n|-unboost|p2a: Feebas|def|1\n|-boost|p2a: Feebas|spe|1\n|\n|upkeep\n|\n|t:|1699375957\n|switch|p1a: Kumi|Lilligant-Hisui, F, shiny|100\/100\n|turn|43\n|\n|t:|1699375961\n|move|p2a: Feebas|Scale Shot|p1a: Kumi\n|-damage|p1a: Kumi|80\/100\n|-damage|p1a: Kumi|57\/100\n|-damage|p1a: Kumi|37\/100\n|-damage|p1a: Kumi|17\/100\n|-hitcount|p1a: Kumi|4\n|-unboost|p2a: Feebas|def|1\n|-boost|p2a: Feebas|spe|1\n|move|p1a: Kumi|Solar Blade||[still]\n|-prepare|p1a: Kumi|Solar Blade\n|\n|-heal|p1a: Kumi|23\/100|[from] item: Leftovers\n|upkeep\n|turn|44\n|\n|t:|1699375974\n|move|p2a: Feebas|Waterfall|p1a: Kumi\n|-resisted|p1a: Kumi\n|-damage|p1a: Kumi|0 fnt\n|faint|p1a: Kumi\n|\n|upkeep\n|\n|t:|1699375980\n|switch|p1a: kamogawa|Medicham, F, shiny|61\/100\n|turn|45\n|\n|t:|1699375983\n|move|p2a: Feebas|Waterfall|p1a: kamogawa\n|-damage|p1a: kamogawa|0 fnt\n|faint|p1a: kamogawa\n|\n|win|Dr Guzzlord\n|raw|Jayrider's rating: 1093 &rarr; <strong>1068<\/strong><br \/>(-25 for losing)\n|raw|Dr Guzzlord's rating: 1074 &rarr; <strong>1104<\/strong><br \/>(+30 for winning)\n|c|\u2606Jayrider|gg\n|l|\u2606Jayrider\n|c|\u2606Dr Guzzlord|GG\n","uploadtime":1699376001,"views":4,"p1id":"jayrider","p2id":"drguzzlord","formatid":"gen9anythinggoes","rating":1068,"private":0,"password":""}