{"id":"gen9anythinggoes-1972184795","p1":"2Dave6423","p2":"grouxy","format":"[Gen 9] Anything Goes","log":"|j|\u26062Dave6423\n|j|\u2606grouxy\n|t:|1697819677\n|gametype|singles\n|player|p1|2Dave6423|170|1176\n|player|p2|grouxy|101|1234\n|teamsize|p1|6\n|teamsize|p2|6\n|gen|9\n|tier|[Gen 9] Anything Goes\n|rated|\n|rule|HP Percentage Mod: HP is shown in percentages\n|rule|Endless Battle Clause: Forcing endless battles is banned\n|clearpoke\n|poke|p1|Salazzle, F|\n|poke|p1|Zoroark-Hisui, F|\n|poke|p1|Chandelure, F|\n|poke|p1|Glimmora, M|\n|poke|p1|Gliscor, F|\n|poke|p1|Scovillain, F|\n|poke|p2|Azumarill, F|\n|poke|p2|Zoroark-Hisui, F|\n|poke|p2|Azumarill, F|\n|poke|p2|Azumarill, F|\n|poke|p2|Azumarill, F|\n|poke|p2|Azumarill, F|\n|teampreview\n|\n|t:|1697819693\n|start\n|switch|p1a: Glimmora|Glimmora, M|100\/100\n|switch|p2a: Azumarill|Azumarill, F|100\/100\n|turn|1\n|\n|t:|1697819706\n|-terastallize|p1a: Glimmora|Steel\n|move|p2a: Azumarill|Shadow Ball|p1a: Glimmora\n|-damage|p1a: Glimmora|48\/100\n|move|p1a: Glimmora|Flash Cannon|p2a: Azumarill\n|-damage|p2a: Azumarill|0 fnt\n|replace|p2a: Zoroark|Zoroark-Hisui, F\n|-end|p2a: Zoroark|Illusion\n|faint|p2a: Zoroark\n|\n|upkeep\n|inactive|Battle timer is ON: inactive players will automatically lose when time's up. (requested by grouxy)\n|\n|t:|1697819730\n|switch|p2a: Azumarill|Azumarill, F|100\/100\n|turn|2\n|\n|t:|1697819736\n|move|p1a: Glimmora|Flash Cannon|p2a: Azumarill\n|-damage|p2a: Azumarill|52\/100\n|move|p2a: Azumarill|Superpower|p1a: Glimmora\n|-supereffective|p1a: Glimmora\n|-damage|p1a: Glimmora|0 fnt\n|-unboost|p2a: Azumarill|atk|1\n|-unboost|p2a: Azumarill|def|1\n|-damage|p2a: Azumarill|35\/100|[from] item: Rocky Helmet|[of] p1a: Glimmora\n|-activate|p1a: Glimmora|ability: Toxic Debris\n|-sidestart|p2: grouxy|move: Toxic Spikes\n|-enditem|p2a: Azumarill|Sitrus Berry|[eat]\n|-heal|p2a: Azumarill|60\/100|[from] item: Sitrus Berry\n|faint|p1a: Glimmora\n|\n|upkeep\n|\n|t:|1697819759\n|switch|p1a: Gliscor|Gliscor, F|100\/100\n|turn|3\n|\n|t:|1697819774\n|switch|p2a: Azumarill|Azumarill, F|100\/100\n|-status|p2a: Azumarill|psn\n|move|p1a: Gliscor|Hyper Voice|p2a: Azumarill\n|-damage|p2a: Azumarill|49\/100 psn\n|-enditem|p2a: Azumarill|Sitrus Berry|[eat]\n|-heal|p2a: Azumarill|74\/100 psn|[from] item: Sitrus Berry\n|\n|-damage|p2a: Azumarill|61\/100 psn|[from] psn\n|upkeep\n|turn|4\n|\n|t:|1697819790\n|move|p2a: Azumarill|Aqua Jet|p1a: Gliscor\n|-damage|p1a: Gliscor|56\/100\n|replace|p1a: Zoroark|Zoroark-Hisui, F\n|-end|p1a: Zoroark|Illusion\n|move|p1a: Zoroark|Hyper Voice|p2a: Azumarill\n|-damage|p2a: Azumarill|2\/100 psn\n|\n|-damage|p2a: Azumarill|0 fnt|[from] psn\n|faint|p2a: Azumarill\n|upkeep\n|\n|t:|1697819806\n|switch|p2a: Azumarill|Azumarill, F|100\/100\n|-status|p2a: Azumarill|psn\n|turn|5\n|\n|t:|1697819810\n|move|p2a: Azumarill|Aqua Jet|p1a: Zoroark\n|-damage|p1a: Zoroark|0 fnt\n|faint|p1a: Zoroark\n|\n|-damage|p2a: Azumarill|88\/100 psn|[from] psn\n|upkeep\n|\n|t:|1697819826\n|switch|p1a: Salazzle|Salazzle, F, shiny|100\/100\n|turn|6\n|\n|t:|1697819838\n|move|p1a: Salazzle|Protect|p1a: Salazzle\n|-singleturn|p1a: Salazzle|Protect\n|move|p2a: Azumarill|Aqua Jet|p1a: Salazzle\n|-activate|p1a: Salazzle|move: Protect\n|\n|-damage|p2a: Azumarill|76\/100 psn|[from] psn\n|upkeep\n|turn|7\n|\n|t:|1697819846\n|move|p2a: Azumarill|Aqua Jet|p1a: Salazzle\n|-supereffective|p1a: Salazzle\n|-damage|p1a: Salazzle|0 fnt\n|faint|p1a: Salazzle\n|\n|-damage|p2a: Azumarill|63\/100 psn|[from] psn\n|upkeep\n|\n|t:|1697819856\n|switch|p1a: Scovillain|Scovillain, F|100\/100\n|turn|8\n|\n|t:|1697819874\n|switch|p2a: Azumarill|Azumarill, F|100\/100\n|-status|p2a: Azumarill|psn\n|move|p1a: Scovillain|Protect||[still]\n|-fail|p1a: Scovillain\n|\n|-damage|p2a: Azumarill|88\/100 psn|[from] psn\n|upkeep\n|turn|9\n|\n|t:|1697819883\n|move|p1a: Scovillain|Leech Seed|p2a: Azumarill\n|-ability|p2a: Azumarill|Sap Sipper|boost\n|-boost|p2a: Azumarill|atk|1\n|move|p2a: Azumarill|Light Screen|p2a: Azumarill\n|-sidestart|p2: grouxy|move: Light Screen\n|\n|-heal|p2a: Azumarill|94\/100 psn|[from] item: Leftovers\n|-damage|p2a: Azumarill|82\/100 psn|[from] psn\n|upkeep\n|turn|10\n|\n|t:|1697819890\n|move|p1a: Scovillain|Substitute|p1a: Scovillain\n|-start|p1a: Scovillain|Substitute\n|-damage|p1a: Scovillain|76\/100\n|move|p2a: Azumarill|Ice Beam|p1a: Scovillain\n|-activate|p1a: Scovillain|move: Substitute|[damage]\n|\n|-heal|p2a: Azumarill|88\/100 psn|[from] item: Leftovers\n|-damage|p2a: Azumarill|76\/100 psn|[from] psn\n|upkeep\n|turn|11\n|\n|t:|1697819899\n|move|p1a: Scovillain|Protect|p1a: Scovillain\n|-singleturn|p1a: Scovillain|Protect\n|move|p2a: Azumarill|Perish Song|p2a: Azumarill\n|-start|p1a: Scovillain|perish3|[silent]\n|-start|p2a: Azumarill|perish3|[silent]\n|-fieldactivate|move: Perish Song\n|\n|-heal|p2a: Azumarill|82\/100 psn|[from] item: Leftovers\n|-damage|p2a: Azumarill|70\/100 psn|[from] psn\n|-start|p1a: Scovillain|perish3\n|-start|p2a: Azumarill|perish3\n|upkeep\n|turn|12\n|\n|t:|1697819915\n|switch|p1a: Chandelure|Chandelure, F|100\/100\n|move|p2a: Azumarill|Ice Beam|p1a: Chandelure\n|-resisted|p1a: Chandelure\n|-damage|p1a: Chandelure|91\/100\n|\n|-heal|p1a: Chandelure|97\/100|[from] item: Leftovers\n|-heal|p2a: Azumarill|76\/100 psn|[from] item: Leftovers\n|-damage|p2a: Azumarill|64\/100 psn|[from] psn\n|-start|p2a: Azumarill|perish2\n|upkeep\n|turn|13\n|\n|t:|1697819934\n|move|p1a: Chandelure|Substitute|p1a: Chandelure\n|-start|p1a: Chandelure|Substitute\n|-damage|p1a: Chandelure|72\/100\n|move|p2a: Azumarill|Perish Song|p2a: Azumarill\n|-start|p1a: Chandelure|perish3|[silent]\n|-fieldactivate|move: Perish Song\n|\n|-heal|p1a: Chandelure|78\/100|[from] item: Leftovers\n|-heal|p2a: Azumarill|70\/100 psn|[from] item: Leftovers\n|-damage|p2a: Azumarill|57\/100 psn|[from] psn\n|-start|p1a: Chandelure|perish3\n|-start|p2a: Azumarill|perish1\n|-sideend|p2: grouxy|move: Light Screen\n|upkeep\n|turn|14\n|\n|t:|1697819951\n|move|p1a: Chandelure|Will-O-Wisp||[still]\n|-fail|p1a: Chandelure\n|move|p2a: Azumarill|Encore|p1a: Chandelure\n|-start|p1a: Chandelure|Encore\n|\n|-heal|p1a: Chandelure|84\/100|[from] item: Leftovers\n|-heal|p2a: Azumarill|64\/100 psn|[from] item: Leftovers\n|-damage|p2a: Azumarill|51\/100 psn|[from] psn\n|-start|p1a: Chandelure|perish2\n|-start|p2a: Azumarill|perish0\n|upkeep\n|faint|p2a: Azumarill\n|\n|t:|1697819961\n|switch|p2a: Azumarill|Azumarill, F|63\/100 psn\n|turn|15\n|\n|t:|1697819971\n|switch|p1a: Scovillain|Scovillain, F|76\/100\n|move|p2a: Azumarill|Aqua Jet|p1a: Scovillain\n|-damage|p1a: Scovillain|21\/100\n|\n|-damage|p2a: Azumarill|51\/100 psn|[from] psn\n|upkeep\n|turn|16\n|c|\u2606grouxy|ho I MISSED PLAY !\n|\n|t:|1697819983\n|move|p1a: Scovillain|Protect|p1a: Scovillain\n|-singleturn|p1a: Scovillain|Protect\n|move|p2a: Azumarill|Aqua Jet|p1a: Scovillain\n|-activate|p1a: Scovillain|move: Protect\n|\n|-damage|p2a: Azumarill|38\/100 psn|[from] psn\n|upkeep\n|turn|17\n|\n|t:|1697819996\n|move|p2a: Azumarill|Aqua Jet|p1a: Scovillain\n|-damage|p1a: Scovillain|0 fnt\n|faint|p1a: Scovillain\n|\n|-damage|p2a: Azumarill|26\/100 psn|[from] psn\n|upkeep\n|\n|t:|1697820002\n|switch|p1a: Chandelure|Chandelure, F|84\/100\n|turn|18\n|\n|t:|1697820006\n|move|p2a: Azumarill|Aqua Jet|p1a: Chandelure\n|-supereffective|p1a: Chandelure\n|-damage|p1a: Chandelure|0 fnt\n|faint|p1a: Chandelure\n|\n|-damage|p2a: Azumarill|13\/100 psn|[from] psn\n|upkeep\n|\n|t:|1697820011\n|switch|p1a: Gliscor|Gliscor, F|100\/100\n|turn|19\n|\n|t:|1697820019\n|move|p1a: Gliscor|Protect|p1a: Gliscor\n|-singleturn|p1a: Gliscor|Protect\n|move|p2a: Azumarill|Aqua Jet|p1a: Gliscor\n|-activate|p1a: Gliscor|move: Protect\n|\n|-damage|p2a: Azumarill|1\/100 psn|[from] psn\n|-status|p1a: Gliscor|tox|[from] item: Toxic Orb\n|upkeep\n|turn|20\n|\n|t:|1697820028\n|move|p2a: Azumarill|Aqua Jet|p1a: Gliscor\n|-supereffective|p1a: Gliscor\n|-damage|p1a: Gliscor|44\/100 tox\n|move|p1a: Gliscor|Facade|p2a: Azumarill\n|-damage|p2a: Azumarill|0 fnt\n|faint|p2a: Azumarill\n|\n|-heal|p1a: Gliscor|56\/100 tox|[from] ability: Poison Heal\n|upkeep\n|\n|t:|1697820033\n|switch|p2a: Azumarill|Azumarill, F|60\/100\n|-status|p2a: Azumarill|psn\n|turn|21\n|\n|t:|1697820039\n|-terastallize|p2a: Azumarill|Water\n|move|p2a: Azumarill|Aqua Jet|p1a: Gliscor\n|-supereffective|p1a: Gliscor\n|-damage|p1a: Gliscor|0 fnt\n|faint|p1a: Gliscor\n|\n|win|grouxy\n|raw|2Dave6423's rating: 1176 &rarr; <strong>1155<\/strong><br \/>(-21 for losing)\n|raw|grouxy's rating: 1234 &rarr; <strong>1255<\/strong><br \/>(+21 for winning)\n|l|\u26062Dave6423\n|c|\u2606grouxy|gg\n","uploadtime":1697820057,"views":18,"p1id":"2dave6423","p2id":"grouxy","formatid":"gen9anythinggoes","rating":1155,"private":0,"password":""}