{"id":"gen9anythinggoes-1987847684","p1":"ImATrollAtThisGame","p2":"Bakitaladelbarrio","format":"[Gen 9] Anything Goes","log":"|j|\u2606ImATrollAtThisGame\n|j|\u2606Bakitaladelbarrio\n|t:|1699642350\n|gametype|singles\n|player|p1|ImATrollAtThisGame|clown|1406\n|player|p2|Bakitaladelbarrio|colress|1611\n|teamsize|p1|6\n|teamsize|p2|6\n|gen|9\n|tier|[Gen 9] Anything Goes\n|rated|\n|rule|HP Percentage Mod: HP is shown in percentages\n|rule|Endless Battle Clause: Forcing endless battles is banned\n|clearpoke\n|poke|p1|Glimmora, F|\n|poke|p1|Donphan, L1, F|\n|poke|p1|Sneasler, M|\n|poke|p1|Sneasler, F|\n|poke|p1|Sneasler, M|\n|poke|p1|Hawlucha, F|\n|poke|p2|Calyrex-Shadow|\n|poke|p2|Darkrai|\n|poke|p2|Ditto|\n|poke|p2|Zacian-*|\n|poke|p2|Miraidon|\n|poke|p2|Glimmora, M|\n|teampreview\n|inactive|Battle timer is ON: inactive players will automatically lose when time's up. (requested by ImATrollAtThisGame)\n|\n|t:|1699642360\n|start\n|switch|p1a: Glimmora|Glimmora, F|100\/100\n|switch|p2a: Darkrai|Darkrai|100\/100\n|turn|1\n|\n|t:|1699642365\n|move|p2a: Darkrai|Hypnosis|p1a: Glimmora|[miss]\n|-miss|p2a: Darkrai|p1a: Glimmora\n|move|p1a: Glimmora|Toxic Spikes|p2a: Darkrai\n|-sidestart|p2: Bakitaladelbarrio|move: Toxic Spikes\n|\n|upkeep\n|turn|2\n|\n|t:|1699642371\n|move|p2a: Darkrai|Hypnosis|p1a: Glimmora\n|-status|p1a: Glimmora|slp|[from] move: Hypnosis\n|cant|p1a: Glimmora|slp\n|\n|-damage|p1a: Glimmora|88\/100 slp|[from] ability: Bad Dreams|[of] p2a: Darkrai\n|upkeep\n|turn|3\n|\n|t:|1699642378\n|move|p2a: Darkrai|Nasty Plot|p2a: Darkrai\n|-boost|p2a: Darkrai|spa|2\n|cant|p1a: Glimmora|slp\n|\n|-damage|p1a: Glimmora|76\/100 slp|[from] ability: Bad Dreams|[of] p2a: Darkrai\n|upkeep\n|turn|4\n|\n|t:|1699642386\n|move|p2a: Darkrai|Hex|p1a: Glimmora\n|-damage|p1a: Glimmora|0 fnt\n|faint|p1a: Glimmora\n|\n|upkeep\n|\n|t:|1699642396\n|switch|p1a: Hawlucha|Hawlucha, F|100\/100\n|turn|5\n|\n|t:|1699642399\n|switch|p2a: Glimmora|Glimmora, M|100\/100\n|-sideend|p2: Bakitaladelbarrio|move: Toxic Spikes|[of] p2a: Glimmora\n|move|p1a: Hawlucha|Low Kick|p2a: Glimmora\n|-damage|p2a: Glimmora|68\/100\n|-activate|p2a: Glimmora|ability: Toxic Debris\n|-sidestart|p1: ImATrollAtThisGame|move: Toxic Spikes\n|\n|upkeep\n|turn|6\n|\n|t:|1699642408\n|move|p1a: Hawlucha|Low Kick|p2a: Glimmora\n|-damage|p2a: Glimmora|33\/100\n|-activate|p2a: Glimmora|ability: Toxic Debris\n|-sidestart|p1: ImATrollAtThisGame|move: Toxic Spikes\n|move|p2a: Glimmora|Stealth Rock|p1a: Hawlucha\n|-sidestart|p1: ImATrollAtThisGame|move: Stealth Rock\n|\n|upkeep\n|turn|7\n|\n|t:|1699642415\n|switch|p2a: Calyrex|Calyrex-Shadow|100\/100\n|-ability|p2a: Calyrex|As One\n|-ability|p2a: Calyrex|Unnerve\n|move|p1a: Hawlucha|Low Kick|p2a: Calyrex\n|-immune|p2a: Calyrex\n|\n|upkeep\n|turn|8\n|\n|t:|1699642426\n|move|p2a: Calyrex|Psyshock|p1a: Hawlucha\n|-supereffective|p1a: Hawlucha\n|-enditem|p1a: Hawlucha|Focus Sash\n|-damage|p1a: Hawlucha|1\/100\n|move|p1a: Hawlucha|Acrobatics|p2a: Calyrex\n|-damage|p2a: Calyrex|38\/100\n|\n|upkeep\n|turn|9\n|\n|t:|1699642434\n|move|p1a: Hawlucha|Acrobatics|p2a: Calyrex\n|-damage|p2a: Calyrex|0 fnt\n|faint|p2a: Calyrex\n|\n|upkeep\n|\n|t:|1699642447\n|switch|p2a: Miraidon|Miraidon|100\/100\n|-fieldstart|move: Electric Terrain|[from] ability: Hadron Engine|[of] p2a: Miraidon\n|turn|10\n|\n|t:|1699642453\n|move|p1a: Hawlucha|Acrobatics|p2a: Miraidon\n|-resisted|p2a: Miraidon\n|-damage|p2a: Miraidon|77\/100\n|move|p2a: Miraidon|Volt Switch|p1a: Hawlucha\n|-supereffective|p1a: Hawlucha\n|-damage|p1a: Hawlucha|0 fnt\n|faint|p1a: Hawlucha\n|\n|t:|1699642463\n|switch|p2a: Darkrai|Darkrai|100\/100|[from] Volt Switch\n|\n|upkeep\n|\n|t:|1699642466\n|switch|p1a: Sneasler|Sneasler, F|100\/100\n|-sideend|p1: ImATrollAtThisGame|move: Toxic Spikes|[of] p1a: Sneasler\n|-damage|p1a: Sneasler|95\/100|[from] Stealth Rock\n|turn|11\n|\n|t:|1699642470\n|move|p1a: Sneasler|Fake Out|p2a: Darkrai\n|-enditem|p1a: Sneasler|Normal Gem|[from] gem\n|-damage|p2a: Darkrai|75\/100\n|cant|p2a: Darkrai|flinch\n|\n|upkeep\n|turn|12\n|\n|t:|1699642479\n|move|p1a: Sneasler|Dire Claw|p2a: Darkrai\n|-damage|p2a: Darkrai|10\/100\n|move|p2a: Darkrai|Hypnosis|p1a: Sneasler\n|-activate|p1a: Sneasler|move: Electric Terrain\n|\n|upkeep\n|turn|13\n|\n|t:|1699642486\n|move|p1a: Sneasler|Dire Claw|p2a: Darkrai\n|-damage|p2a: Darkrai|0 fnt\n|faint|p2a: Darkrai\n|\n|upkeep\n|\n|t:|1699642493\n|switch|p2a: Zacian|Zacian-Crowned|100\/100\n|-ability|p2a: Zacian|Intrepid Sword|boost\n|-boost|p2a: Zacian|atk|1\n|turn|14\n|\n|t:|1699642498\n|move|p1a: Sneasler|Shadow Claw|p2a: Zacian\n|-damage|p2a: Zacian|74\/100\n|move|p2a: Zacian|Behemoth Blade|p1a: Sneasler\n|-damage|p1a: Sneasler|0 fnt\n|faint|p1a: Sneasler\n|\n|-fieldend|move: Electric Terrain\n|upkeep\n|\n|t:|1699642503\n|switch|p1a: Donphan|Donphan, L1, F, shiny|100\/100\n|-damage|p1a: Donphan|93\/100|[from] Stealth Rock\n|turn|15\n|\n|t:|1699642523\n|-terastallize|p2a: Zacian|Fairy\n|move|p2a: Zacian|Swords Dance|p2a: Zacian\n|-boost|p2a: Zacian|atk|2\n|move|p1a: Donphan|Endeavor|p2a: Zacian\n|-damage|p2a: Zacian|4\/100\n|-heal|p1a: Donphan|100\/100|[from] item: Shell Bell|[of] p2a: Zacian\n|\n|upkeep\n|turn|16\n|\n|t:|1699642532\n|move|p2a: Zacian|Play Rough|p1a: Donphan\n|-ability|p1a: Donphan|Sturdy\n|-damage|p1a: Donphan|8\/100\n|move|p1a: Donphan|Encore|p2a: Zacian\n|-start|p2a: Zacian|Encore\n|\n|upkeep\n|turn|17\n|\n|t:|1699642540\n|move|p2a: Zacian|Play Rough|p1a: Donphan\n|-damage|p1a: Donphan|0 fnt\n|faint|p1a: Donphan\n|\n|upkeep\n|\n|t:|1699642543\n|switch|p1a: Sneasler|Sneasler, M|100\/100\n|-damage|p1a: Sneasler|95\/100|[from] Stealth Rock\n|turn|18\n|\n|t:|1699642548\n|move|p1a: Sneasler|Fake Out|p2a: Zacian\n|-enditem|p1a: Sneasler|Normal Gem|[from] gem\n|-damage|p2a: Zacian|0 fnt\n|faint|p2a: Zacian\n|\n|upkeep\n|\n|t:|1699642554\n|switch|p2a: Miraidon|Miraidon|77\/100\n|-fieldstart|move: Electric Terrain|[from] ability: Hadron Engine|[of] p2a: Miraidon\n|turn|19\n|\n|t:|1699642560\n|move|p1a: Sneasler|Dire Claw|p2a: Miraidon\n|-damage|p2a: Miraidon|29\/100\n|move|p2a: Miraidon|Volt Switch|p1a: Sneasler\n|-crit|p1a: Sneasler\n|-damage|p1a: Sneasler|0 fnt\n|faint|p1a: Sneasler\n|\n|t:|1699642569\n|switch|p2a: Glimmora|Glimmora, M|33\/100|[from] Volt Switch\n|\n|upkeep\n|\n|t:|1699642571\n|switch|p1a: Sneasler|Sneasler, M|100\/100\n|-damage|p1a: Sneasler|95\/100|[from] Stealth Rock\n|turn|20\n|\n|t:|1699642577\n|move|p1a: Sneasler|Fake Out|p2a: Glimmora\n|-enditem|p1a: Sneasler|Normal Gem|[from] gem\n|-resisted|p2a: Glimmora\n|-damage|p2a: Glimmora|20\/100\n|-activate|p2a: Glimmora|ability: Toxic Debris\n|-sidestart|p1: ImATrollAtThisGame|move: Toxic Spikes\n|cant|p2a: Glimmora|flinch\n|\n|upkeep\n|turn|21\n|\n|t:|1699642585\n|move|p1a: Sneasler|Dire Claw|p2a: Glimmora\n|-resisted|p2a: Glimmora\n|-damage|p2a: Glimmora|7\/100\n|-activate|p2a: Glimmora|ability: Toxic Debris\n|-sidestart|p1: ImATrollAtThisGame|move: Toxic Spikes\n|move|p2a: Glimmora|Earth Power|p1a: Sneasler\n|-supereffective|p1a: Sneasler\n|-damage|p1a: Sneasler|15\/100\n|\n|upkeep\n|turn|22\n|\n|t:|1699642594\n|move|p1a: Sneasler|Dire Claw|p2a: Glimmora\n|-resisted|p2a: Glimmora\n|-damage|p2a: Glimmora|0 fnt\n|faint|p2a: Glimmora\n|\n|upkeep\n|\n|t:|1699642600\n|switch|p2a: Ditto|Ditto|100\/100\n|-transform|p2a: Ditto|p1a: Sneasler|[from] ability: Imposter\n|turn|23\n|\n|t:|1699642608\n|move|p2a: Ditto|Fake Out|p1a: Sneasler\n|-damage|p1a: Sneasler|0 fnt\n|faint|p1a: Sneasler\n|\n|win|Bakitaladelbarrio\n|raw|ImATrollAtThisGame's rating: 1406 &rarr; <strong>1397<\/strong><br \/>(-9 for losing)\n|raw|Bakitaladelbarrio's rating: 1611 &rarr; <strong>1620<\/strong><br \/>(+9 for winning)\n","uploadtime":1699642615,"views":3,"p1id":"imatrollatthisgame","p2id":"bakitaladelbarrio","formatid":"gen9anythinggoes","rating":1397,"private":0,"password":""}