{"id":"gen9anythinggoes-1999627032","p1":"LingLing007","p2":"maxgamingshell","format":"[Gen 9] Anything Goes","log":"|j|\u2606LingLing007\n|j|\u2606maxgamingshell\n|t:|1701102482\n|gametype|singles\n|player|p1|LingLing007|proton|1290\n|player|p2|maxgamingshell|benga|1243\n|teamsize|p1|6\n|teamsize|p2|6\n|gen|9\n|tier|[Gen 9] Anything Goes\n|rated|\n|rule|HP Percentage Mod: HP is shown in percentages\n|rule|Endless Battle Clause: Forcing endless battles is banned\n|clearpoke\n|poke|p1|Hydreigon, M|\n|poke|p1|Grimmsnarl, M|\n|poke|p1|Kingambit, M|\n|poke|p1|Sableye, F|\n|poke|p1|Skuntank, M|\n|poke|p1|Lokix, F|\n|poke|p2|Ceruledge, M|\n|poke|p2|Corviknight, M|\n|poke|p2|Grimmsnarl, M|\n|poke|p2|Ursaluna, M|\n|poke|p2|Quaquaval, M|\n|poke|p2|Oinkologne-F, F|\n|teampreview\n|inactive|Battle timer is ON: inactive players will automatically lose when time's up. (requested by maxgamingshell)\n|\n|t:|1701102493\n|start\n|switch|p1a: Grimmsnarl|Grimmsnarl, M|100\/100\n|switch|p2a: Smaug|Grimmsnarl, M|100\/100\n|turn|1\n|\n|t:|1701102497\n|move|p2a: Smaug|Reflect|p2a: Smaug\n|-sidestart|p2: maxgamingshell|Reflect\n|move|p1a: Grimmsnarl|Spirit Break|p2a: Smaug\n|-supereffective|p2a: Smaug\n|-damage|p2a: Smaug|64\/100\n|-unboost|p2a: Smaug|spa|1\n|\n|upkeep\n|turn|2\n|\n|t:|1701102501\n|move|p1a: Grimmsnarl|Reflect|p1a: Grimmsnarl\n|-sidestart|p1: LingLing007|Reflect\n|move|p2a: Smaug|Light Screen|p2a: Smaug\n|-sidestart|p2: maxgamingshell|move: Light Screen\n|\n|upkeep\n|turn|3\n|\n|t:|1701102505\n|switch|p2a: Quaquaval|Quaquaval, M|100\/100\n|move|p1a: Grimmsnarl|Light Screen|p1a: Grimmsnarl\n|-sidestart|p1: LingLing007|move: Light Screen\n|\n|upkeep\n|turn|4\n|\n|t:|1701102511\n|move|p1a: Grimmsnarl|Parting Shot|p2a: Quaquaval\n|-unboost|p2a: Quaquaval|atk|1\n|-unboost|p2a: Quaquaval|spa|1\n|\n|t:|1701102516\n|switch|p1a: Skuntank|Skuntank, M|100\/100|[from] Parting Shot\n|move|p2a: Quaquaval|Swords Dance|p2a: Quaquaval\n|-boost|p2a: Quaquaval|atk|2\n|\n|upkeep\n|turn|5\n|\n|t:|1701102528\n|move|p2a: Quaquaval|Aqua Step|p1a: Skuntank\n|-damage|p1a: Skuntank|73\/100\n|-boost|p2a: Quaquaval|spe|1\n|-damage|p2a: Quaquaval|84\/100|[from] item: Rocky Helmet|[of] p1a: Skuntank\n|move|p1a: Skuntank|Taunt|p2a: Quaquaval\n|-start|p2a: Quaquaval|move: Taunt\n|\n|upkeep\n|turn|6\n|\n|t:|1701102536\n|move|p2a: Quaquaval|Aqua Step|p1a: Skuntank\n|-damage|p1a: Skuntank|49\/100\n|-boost|p2a: Quaquaval|spe|1\n|-damage|p2a: Quaquaval|68\/100|[from] item: Rocky Helmet|[of] p1a: Skuntank\n|move|p1a: Skuntank|Fire Spin|p2a: Quaquaval\n|-resisted|p2a: Quaquaval\n|-damage|p2a: Quaquaval|66\/100\n|-activate|p2a: Quaquaval|move: Fire Spin|[of] p1a: Skuntank\n|\n|-damage|p2a: Quaquaval|54\/100|[from] move: Fire Spin|[partiallytrapped]\n|upkeep\n|turn|7\n|\n|t:|1701102545\n|move|p2a: Quaquaval|Aqua Step|p1a: Skuntank\n|-damage|p1a: Skuntank|24\/100\n|-boost|p2a: Quaquaval|spe|1\n|-damage|p2a: Quaquaval|37\/100|[from] item: Rocky Helmet|[of] p1a: Skuntank\n|move|p1a: Skuntank|Toxic Spikes|p2a: Quaquaval\n|-sidestart|p2: maxgamingshell|move: Toxic Spikes\n|\n|-damage|p2a: Quaquaval|25\/100|[from] move: Fire Spin|[partiallytrapped]\n|upkeep\n|turn|8\n|\n|t:|1701102555\n|move|p2a: Quaquaval|Aqua Step|p1a: Skuntank\n|-damage|p1a: Skuntank|0 fnt\n|-boost|p2a: Quaquaval|spe|1\n|-damage|p2a: Quaquaval|0 fnt|[from] ability: Aftermath|[of] p1a: Skuntank\n|faint|p1a: Skuntank\n|faint|p2a: Quaquaval\n|\n|-sideend|p2: maxgamingshell|Reflect\n|upkeep\n|\n|t:|1701102569\n|switch|p2a: Sweeper|Ursaluna, M|100\/100\n|switch|p1a: Hydreigon|Hydreigon, M|100\/100\n|-status|p2a: Sweeper|psn\n|turn|9\n|\n|t:|1701102574\n|move|p1a: Hydreigon|Substitute|p1a: Hydreigon\n|-start|p1a: Hydreigon|Substitute\n|-damage|p1a: Hydreigon|76\/100\n|move|p2a: Sweeper|Facade|p1a: Hydreigon\n|-end|p1a: Hydreigon|Substitute\n|\n|-heal|p1a: Hydreigon|82\/100|[from] item: Leftovers\n|-damage|p2a: Sweeper|88\/100 psn|[from] psn\n|-sideend|p1: LingLing007|Reflect\n|-sideend|p2: maxgamingshell|move: Light Screen\n|upkeep\n|turn|10\n|\n|t:|1701102583\n|move|p1a: Hydreigon|Dark Pulse|p2a: Sweeper\n|-damage|p2a: Sweeper|47\/100 psn\n|move|p2a: Sweeper|Facade|p1a: Hydreigon\n|-damage|p1a: Hydreigon|0 fnt\n|faint|p1a: Hydreigon\n|\n|-damage|p2a: Sweeper|34\/100 psn|[from] psn\n|-sideend|p1: LingLing007|move: Light Screen\n|upkeep\n|\n|t:|1701102589\n|switch|p1a: Grimmsnarl|Grimmsnarl, M|100\/100\n|turn|11\n|\n|t:|1701102592\n|move|p1a: Grimmsnarl|Parting Shot|p2a: Sweeper\n|-unboost|p2a: Sweeper|atk|1\n|-unboost|p2a: Sweeper|spa|1\n|\n|t:|1701102594\n|switch|p1a: Sableye|Sableye, F|100\/100|[from] Parting Shot\n|move|p2a: Sweeper|Facade|p1a: Sableye\n|-immune|p1a: Sableye\n|\n|-damage|p2a: Sweeper|22\/100 psn|[from] psn\n|upkeep\n|turn|12\n|\n|t:|1701102599\n|move|p1a: Sableye|Encore|p2a: Sweeper\n|-start|p2a: Sweeper|Encore\n|move|p2a: Sweeper|Facade|p1a: Sableye\n|-immune|p1a: Sableye\n|\n|-damage|p2a: Sweeper|9\/100 psn|[from] psn\n|upkeep\n|turn|13\n|\n|t:|1701102602\n|move|p2a: Sweeper|Facade|p1a: Sableye\n|-immune|p1a: Sableye\n|move|p1a: Sableye|Knock Off|p2a: Sweeper\n|-damage|p2a: Sweeper|0 fnt\n|-enditem|p2a: Sweeper|Flame Orb|[from] move: Knock Off|[of] p1a: Sableye\n|faint|p2a: Sweeper\n|\n|upkeep\n|\n|t:|1701102611\n|switch|p2a: Chef|Ceruledge, M|100\/100\n|-status|p2a: Chef|psn\n|turn|14\n|\n|t:|1701102616\n|-terastallize|p2a: Chef|Fire\n|move|p2a: Chef|Bitter Blade|p1a: Sableye\n|-damage|p1a: Sableye|43\/100\n|move|p1a: Sableye|Knock Off|p2a: Chef\n|-damage|p2a: Chef|66\/100 psn\n|-enditem|p2a: Chef|Assault Vest|[from] move: Knock Off|[of] p1a: Sableye\n|\n|-heal|p1a: Sableye|49\/100|[from] item: Leftovers\n|-damage|p2a: Chef|54\/100 psn|[from] psn\n|upkeep\n|turn|15\n|\n|t:|1701102629\n|move|p1a: Sableye|Recover|p1a: Sableye\n|-heal|p1a: Sableye|99\/100\n|move|p2a: Chef|Bitter Blade|p1a: Sableye\n|-damage|p1a: Sableye|43\/100\n|-heal|p2a: Chef|83\/100 psn|[from] drain|[of] p1a: Sableye\n|\n|-heal|p1a: Sableye|49\/100|[from] item: Leftovers\n|-damage|p2a: Chef|71\/100 psn|[from] psn\n|upkeep\n|turn|16\n|\n|t:|1701102637\n|switch|p1a: Grimmsnarl|Grimmsnarl, M|100\/100\n|move|p2a: Chef|Bitter Blade|p1a: Grimmsnarl\n|-damage|p1a: Grimmsnarl|46\/100\n|-heal|p2a: Chef|100\/100 psn|[from] drain|[of] p1a: Grimmsnarl\n|\n|-damage|p2a: Chef|88\/100 psn|[from] psn\n|upkeep\n|turn|17\n|\n|t:|1701102644\n|move|p1a: Grimmsnarl|Reflect|p1a: Grimmsnarl\n|-sidestart|p1: LingLing007|Reflect\n|move|p2a: Chef|Bitter Blade|p1a: Grimmsnarl\n|-damage|p1a: Grimmsnarl|19\/100\n|-heal|p2a: Chef|100\/100 psn|[from] drain|[of] p1a: Grimmsnarl\n|\n|-damage|p2a: Chef|88\/100 psn|[from] psn\n|upkeep\n|turn|18\n|\n|t:|1701102649\n|move|p1a: Grimmsnarl|Parting Shot|p2a: Chef\n|-unboost|p2a: Chef|atk|1\n|-unboost|p2a: Chef|spa|1\n|\n|t:|1701102652\n|switch|p1a: Sableye|Sableye, F|49\/100|[from] Parting Shot\n|move|p2a: Chef|Bitter Blade|p1a: Sableye\n|-damage|p1a: Sableye|28\/100\n|-heal|p2a: Chef|99\/100 psn|[from] drain|[of] p1a: Sableye\n|\n|-heal|p1a: Sableye|35\/100|[from] item: Leftovers\n|-damage|p2a: Chef|87\/100 psn|[from] psn\n|upkeep\n|turn|19\n|\n|t:|1701102661\n|move|p1a: Sableye|Recover|p1a: Sableye\n|-heal|p1a: Sableye|85\/100\n|move|p2a: Chef|Bitter Blade|p1a: Sableye\n|-damage|p1a: Sableye|66\/100\n|-heal|p2a: Chef|97\/100 psn|[from] drain|[of] p1a: Sableye\n|\n|-heal|p1a: Sableye|72\/100|[from] item: Leftovers\n|-damage|p2a: Chef|84\/100 psn|[from] psn\n|upkeep\n|turn|20\n|\n|t:|1701102667\n|switch|p2a: Fett|Oinkologne-F, F|100\/100\n|-status|p2a: Fett|psn\n|switch|p1a: Grimmsnarl|Grimmsnarl, M|19\/100\n|\n|-damage|p2a: Fett|88\/100 psn|[from] psn\n|upkeep\n|turn|21\n|\n|t:|1701102675\n|move|p1a: Grimmsnarl|Parting Shot|p2a: Fett\n|-unboost|p2a: Fett|atk|1\n|-unboost|p2a: Fett|spa|1\n|\n|t:|1701102678\n|switch|p1a: Sableye|Sableye, F|72\/100|[from] Parting Shot\n|move|p2a: Fett|Iron Head|p1a: Sableye\n|-damage|p1a: Sableye|65\/100\n|\n|-heal|p1a: Sableye|71\/100|[from] item: Leftovers\n|-damage|p2a: Fett|76\/100 psn|[from] psn\n|upkeep\n|turn|22\n|\n|t:|1701102684\n|move|p2a: Fett|Play Rough|p1a: Sableye\n|-supereffective|p1a: Sableye\n|-damage|p1a: Sableye|53\/100\n|move|p1a: Sableye|Knock Off|p2a: Fett\n|-damage|p2a: Fett|50\/100 psn\n|-enditem|p2a: Fett|Aguav Berry|[from] move: Knock Off|[of] p1a: Sableye\n|\n|-heal|p1a: Sableye|60\/100|[from] item: Leftovers\n|-damage|p2a: Fett|37\/100 psn|[from] psn\n|upkeep\n|turn|23\n|\n|t:|1701102701\n|switch|p1a: Lokix|Lokix, F|100\/100\n|move|p2a: Fett|Thief|p1a: Lokix\n|-resisted|p1a: Lokix\n|-damage|p1a: Lokix|97\/100\n|-enditem|p1a: Lokix|Heavy-Duty Boots|[silent]|[from] move: Thief|[of] p2a: Fett\n|-item|p2a: Fett|Heavy-Duty Boots|[from] move: Thief|[of] p1a: Lokix\n|\n|-damage|p2a: Fett|25\/100 psn|[from] psn\n|upkeep\n|turn|24\n|\n|t:|1701102712\n|move|p1a: Lokix|Axe Kick|p2a: Fett\n|-supereffective|p2a: Fett\n|-damage|p2a: Fett|0 fnt\n|faint|p2a: Fett\n|\n|-sideend|p1: LingLing007|Reflect\n|upkeep\n|\n|t:|1701102720\n|switch|p2a: Chef|Ceruledge, M, tera:Fire|84\/100 psn\n|turn|25\n|\n|t:|1701102726\n|switch|p1a: Grimmsnarl|Grimmsnarl, M|19\/100\n|move|p2a: Chef|Bitter Blade|p1a: Grimmsnarl\n|-damage|p1a: Grimmsnarl|0 fnt\n|-heal|p2a: Chef|97\/100 psn|[from] drain|[of] p1a: Grimmsnarl\n|faint|p1a: Grimmsnarl\n|\n|-damage|p2a: Chef|84\/100 psn|[from] psn\n|upkeep\n|\n|t:|1701102729\n|switch|p1a: Lokix|Lokix, F|97\/100\n|turn|26\n|\n|t:|1701102733\n|move|p1a: Lokix|First Impression|p2a: Chef\n|-resisted|p2a: Chef\n|-damage|p2a: Chef|12\/100 psn\n|move|p2a: Chef|Bitter Blade|p1a: Lokix\n|-supereffective|p1a: Lokix\n|-damage|p1a: Lokix|0 fnt\n|-heal|p2a: Chef|63\/100 psn|[from] drain|[of] p1a: Lokix\n|faint|p1a: Lokix\n|\n|-damage|p2a: Chef|51\/100 psn|[from] psn\n|upkeep\n|\n|t:|1701102737\n|switch|p1a: Sableye|Sableye, F|60\/100\n|turn|27\n|\n|t:|1701102742\n|move|p1a: Sableye|Recover|p1a: Sableye\n|-heal|p1a: Sableye|100\/100\n|move|p2a: Chef|Bitter Blade|p1a: Sableye\n|-damage|p1a: Sableye|38\/100\n|-heal|p2a: Chef|83\/100 psn|[from] drain|[of] p1a: Sableye\n|\n|-heal|p1a: Sableye|44\/100|[from] item: Leftovers\n|-damage|p2a: Chef|71\/100 psn|[from] psn\n|upkeep\n|turn|28\n|\n|t:|1701102747\n|move|p1a: Sableye|Recover|p1a: Sableye\n|-heal|p1a: Sableye|94\/100\n|move|p2a: Chef|Bitter Blade|p1a: Sableye\n|-damage|p1a: Sableye|36\/100\n|-heal|p2a: Chef|100\/100 psn|[from] drain|[of] p1a: Sableye\n|\n|-heal|p1a: Sableye|42\/100|[from] item: Leftovers\n|-damage|p2a: Chef|88\/100 psn|[from] psn\n|upkeep\n|turn|29\n|\n|t:|1701102750\n|move|p1a: Sableye|Recover|p1a: Sableye\n|-heal|p1a: Sableye|92\/100\n|move|p2a: Chef|Bitter Blade|p1a: Sableye\n|-damage|p1a: Sableye|35\/100\n|-heal|p2a: Chef|100\/100 psn|[from] drain|[of] p1a: Sableye\n|\n|-heal|p1a: Sableye|41\/100|[from] item: Leftovers\n|-damage|p2a: Chef|88\/100 psn|[from] psn\n|upkeep\n|turn|30\n|\n|t:|1701102755\n|move|p1a: Sableye|Recover|p1a: Sableye\n|-heal|p1a: Sableye|91\/100\n|move|p2a: Chef|Shadow Claw|p1a: Sableye\n|-damage|p1a: Sableye|55\/100\n|\n|-heal|p1a: Sableye|61\/100|[from] item: Leftovers\n|-damage|p2a: Chef|76\/100 psn|[from] psn\n|upkeep\n|turn|31\n|\n|t:|1701102760\n|move|p1a: Sableye|Recover|p1a: Sableye\n|-heal|p1a: Sableye|100\/100\n|move|p2a: Chef|Bitter Blade|p1a: Sableye\n|-damage|p1a: Sableye|45\/100\n|-heal|p2a: Chef|100\/100 psn|[from] drain|[of] p1a: Sableye\n|\n|-heal|p1a: Sableye|51\/100|[from] item: Leftovers\n|-damage|p2a: Chef|88\/100 psn|[from] psn\n|upkeep\n|turn|32\n|\n|t:|1701102765\n|move|p2a: Chef|Dragon Claw|p1a: Sableye\n|-damage|p1a: Sableye|25\/100\n|move|p1a: Sableye|Night Shade|p2a: Chef\n|-damage|p2a: Chef|54\/100 psn\n|\n|-heal|p1a: Sableye|31\/100|[from] item: Leftovers\n|-damage|p2a: Chef|41\/100 psn|[from] psn\n|upkeep\n|turn|33\n|\n|t:|1701102770\n|move|p1a: Sableye|Recover|p1a: Sableye\n|-heal|p1a: Sableye|81\/100\n|move|p2a: Chef|Bitter Blade|p1a: Sableye\n|-damage|p1a: Sableye|22\/100\n|-heal|p2a: Chef|72\/100 psn|[from] drain|[of] p1a: Sableye\n|\n|-heal|p1a: Sableye|28\/100|[from] item: Leftovers\n|-damage|p2a: Chef|60\/100 psn|[from] psn\n|upkeep\n|turn|34\n|\n|t:|1701102774\n|move|p2a: Chef|Bitter Blade|p1a: Sableye\n|-damage|p1a: Sableye|0 fnt\n|-heal|p2a: Chef|74\/100 psn|[from] drain|[of] p1a: Sableye\n|faint|p1a: Sableye\n|\n|-damage|p2a: Chef|62\/100 psn|[from] psn\n|upkeep\n|\n|t:|1701102775\n|switch|p1a: Kingambit|Kingambit, M|100\/100\n|-activate|p1a: Kingambit|ability: Supreme Overlord\n|-start|p1a: Kingambit|fallen5|[silent]\n|turn|35\n|\n|t:|1701102781\n|-terastallize|p1a: Kingambit|Dark\n|move|p2a: Chef|Bitter Blade|p1a: Kingambit\n|-crit|p1a: Kingambit\n|-damage|p1a: Kingambit|28\/100\n|-heal|p2a: Chef|100\/100 psn|[from] drain|[of] p1a: Kingambit\n|move|p1a: Kingambit|Swords Dance|p1a: Kingambit\n|-boost|p1a: Kingambit|atk|2\n|\n|-heal|p1a: Kingambit|35\/100|[from] item: Leftovers\n|-damage|p2a: Chef|88\/100 psn|[from] psn\n|upkeep\n|turn|36\n|\n|t:|1701102788\n|move|p1a: Kingambit|Sucker Punch|p2a: Chef\n|-damage|p2a: Chef|0 fnt\n|faint|p2a: Chef\n|\n|-heal|p1a: Kingambit|41\/100|[from] item: Leftovers\n|upkeep\n|\n|t:|1701102792\n|switch|p2a: Smaug|Grimmsnarl, M|64\/100\n|-status|p2a: Smaug|psn\n|turn|37\n|\n|t:|1701102795\n|move|p2a: Smaug|Reflect|p2a: Smaug\n|-sidestart|p2: maxgamingshell|Reflect\n|move|p1a: Kingambit|Iron Head|p2a: Smaug\n|-supereffective|p2a: Smaug\n|-damage|p2a: Smaug|0 fnt\n|faint|p2a: Smaug\n|\n|-heal|p1a: Kingambit|47\/100|[from] item: Leftovers\n|upkeep\n|\n|t:|1701102798\n|switch|p2a: Iron bird|Corviknight, M|100\/100\n|turn|38\n|\n|t:|1701102802\n|move|p2a: Iron bird|Nasty Plot|p2a: Iron bird\n|-boost|p2a: Iron bird|spa|2\n|move|p1a: Kingambit|Kowtow Cleave|p2a: Iron bird\n|-damage|p2a: Iron bird|23\/100\n|\n|-heal|p2a: Iron bird|29\/100|[from] item: Leftovers\n|-heal|p1a: Kingambit|53\/100|[from] item: Leftovers\n|upkeep\n|turn|39\n|\n|t:|1701102809\n|move|p1a: Kingambit|Sucker Punch|p2a: Iron bird\n|-damage|p2a: Iron bird|0 fnt\n|faint|p2a: Iron bird\n|\n|win|LingLing007\n|raw|LingLing007's rating: 1290 &rarr; <strong>1312<\/strong><br \/>(+22 for winning)\n|raw|maxgamingshell's rating: 1243 &rarr; <strong>1221<\/strong><br \/>(-22 for losing)\n|l|\u2606maxgamingshell\n|c|\u2606LingLing007|gg\n","uploadtime":1701103852,"views":1,"p1id":"lingling007","p2id":"maxgamingshell","formatid":"gen9anythinggoes","rating":1221,"private":0,"password":""}