{"id":"gen9anythinggoes-1979426516","p1":"thegoat7265","p2":"DaiDuckYT","format":"[Gen 9] Anything Goes","log":"|j|\u2606thegoat7265\n|j|\u2606DaiDuckYT\n|t:|1698681757\n|gametype|singles\n|player|p1|thegoat7265|1|1061\n|player|p2|DaiDuckYT|2|1102\n|teamsize|p1|6\n|teamsize|p2|6\n|gen|9\n|tier|[Gen 9] Anything Goes\n|rated|\n|rule|HP Percentage Mod: HP is shown in percentages\n|rule|Endless Battle Clause: Forcing endless battles is banned\n|clearpoke\n|poke|p1|Ogerpon-Hearthflame, F|\n|poke|p1|Breloom, M|\n|poke|p1|Darkrai|\n|poke|p1|Regieleki|\n|poke|p1|Greninja-*, M|\n|poke|p1|Ursaluna-Bloodmoon, M|\n|poke|p2|Hatterene, F|\n|poke|p2|Maushold-Four|\n|poke|p2|Enamorus, F|\n|poke|p2|Lurantis, M|\n|poke|p2|Kommo-o, M|\n|poke|p2|Ursaluna-Bloodmoon, M|\n|teampreview\n|\n|t:|1698681777\n|start\n|switch|p1a: Breloom|Breloom, M|100\/100\n|switch|p2a: Hatterene|Hatterene, F|100\/100\n|turn|1\n|\n|t:|1698681790\n|move|p1a: Breloom|Spore|p2a: Hatterene\n|move|p2a: Hatterene|Spore|p1a: Breloom|[from]ability: Magic Bounce\n|-immune|p1a: Breloom\n|move|p2a: Hatterene|Calm Mind|p2a: Hatterene\n|-boost|p2a: Hatterene|spa|1\n|-boost|p2a: Hatterene|spd|1\n|\n|upkeep\n|turn|2\n|\n|t:|1698681799\n|move|p1a: Breloom|Leech Seed|p2a: Hatterene\n|move|p2a: Hatterene|Leech Seed|p1a: Breloom|[from]ability: Magic Bounce\n|-immune|p1a: Breloom\n|move|p2a: Hatterene|Calm Mind|p2a: Hatterene\n|-boost|p2a: Hatterene|spa|1\n|-boost|p2a: Hatterene|spd|1\n|\n|upkeep\n|turn|3\n|inactive|Battle timer is ON: inactive players will automatically lose when time's up. (requested by thegoat7265)\n|\n|t:|1698681828\n|switch|p1a: Ogerpon|Ogerpon-Hearthflame, F|100\/100\n|-ability|p1a: Ogerpon|Mold Breaker\n|move|p2a: Hatterene|Agility|p2a: Hatterene\n|-boost|p2a: Hatterene|spe|2\n|\n|upkeep\n|turn|4\n|\n|t:|1698681838\n|-terastallize|p1a: Ogerpon|Fire\n|detailschange|p1a: Ogerpon|Ogerpon-Hearthflame-Tera, F, tera:Fire\n|-ability|p1a: Ogerpon|Embody Aspect (Hearthflame)|boost\n|-boost|p1a: Ogerpon|atk|1\n|move|p1a: Ogerpon|Ivy Cudgel|p2a: Hatterene\n|-damage|p2a: Hatterene|0 fnt\n|faint|p2a: Hatterene\n|\n|upkeep\n|\n|t:|1698681868\n|switch|p2a: Kommo-o|Kommo-o, M|100\/100\n|turn|5\n|inactive|DaiDuckYT has 120 seconds left.\n|\n|t:|1698681883\n|move|p1a: Ogerpon|Ivy Cudgel|p2a: Kommo-o\n|-resisted|p2a: Kommo-o\n|-damage|p2a: Kommo-o|57\/100\n|move|p2a: Kommo-o|Bulk Up|p2a: Kommo-o\n|-boost|p2a: Kommo-o|atk|1\n|-boost|p2a: Kommo-o|def|1\n|\n|upkeep\n|turn|6\n|inactive|DaiDuckYT has 120 seconds left.\n|\n|t:|1698681929\n|move|p1a: Ogerpon|Swords Dance|p1a: Ogerpon\n|-boost|p1a: Ogerpon|atk|2\n|move|p2a: Kommo-o|Dragon Claw|p1a: Ogerpon\n|-damage|p1a: Ogerpon|1\/100\n|-damage|p2a: Kommo-o|47\/100|[from] item: Life Orb\n|\n|upkeep\n|turn|7\n|inactive|DaiDuckYT has 90 seconds left.\n|\n|t:|1698681947\n|move|p1a: Ogerpon|Horn Leech|p2a: Kommo-o\n|-resisted|p2a: Kommo-o\n|-damage|p2a: Kommo-o|17\/100\n|-heal|p1a: Ogerpon|15\/100|[from] drain|[of] p2a: Kommo-o\n|move|p2a: Kommo-o|Dragon Claw|p1a: Ogerpon\n|-damage|p1a: Ogerpon|0 fnt\n|faint|p1a: Ogerpon\n|-damage|p2a: Kommo-o|7\/100|[from] item: Life Orb\n|\n|upkeep\n|\n|t:|1698681955\n|switch|p1a: Regieleki|Regieleki|100\/100\n|turn|8\n|\n|t:|1698681963\n|move|p1a: Regieleki|Thunder Cage|p2a: Kommo-o\n|-resisted|p2a: Kommo-o\n|-damage|p2a: Kommo-o|0 fnt\n|faint|p2a: Kommo-o\n|\n|upkeep\n|\n|t:|1698681970\n|switch|p2a: Ursaluna|Ursaluna-Bloodmoon, M|100\/100\n|turn|9\n|\n|t:|1698681986\n|move|p1a: Regieleki|Light Screen|p1a: Regieleki\n|-sidestart|p1: thegoat7265|move: Light Screen\n|move|p2a: Ursaluna|Blood Moon|p1a: Regieleki\n|-crit|p1a: Regieleki\n|-damage|p1a: Regieleki|0 fnt\n|faint|p1a: Regieleki\n|\n|upkeep\n|\n|t:|1698681992\n|switch|p1a: Breloom|Breloom, M|100\/100\n|turn|10\n|\n|t:|1698682006\n|move|p1a: Breloom|Spore|p2a: Ursaluna\n|-status|p2a: Ursaluna|slp|[from] move: Spore\n|cant|p2a: Ursaluna|slp\n|\n|upkeep\n|turn|11\n|\n|t:|1698682021\n|switch|p2a: Lurantis|Lurantis, M, shiny|100\/100\n|-singleturn|p1a: Breloom|move: Focus Punch\n|move|p1a: Breloom|Focus Punch|p2a: Lurantis\n|-damage|p2a: Lurantis|12\/100\n|\n|upkeep\n|turn|12\n|inactive|DaiDuckYT has 90 seconds left.\n|\n|t:|1698682041\n|switch|p2a: Enamorus|Enamorus, F|100\/100\n|move|p1a: Breloom|Leech Seed|p2a: Enamorus\n|-start|p2a: Enamorus|move: Leech Seed\n|\n|-damage|p2a: Enamorus|88\/100|[from] Leech Seed|[of] p1a: Breloom\n|upkeep\n|turn|13\n|\n|t:|1698682050\n|move|p2a: Enamorus|Substitute|p2a: Enamorus\n|-start|p2a: Enamorus|Substitute\n|-damage|p2a: Enamorus|63\/100\n|move|p1a: Breloom|Spore||[still]\n|-fail|p1a: Breloom\n|\n|-damage|p2a: Enamorus|51\/100|[from] Leech Seed|[of] p1a: Breloom\n|-sideend|p1: thegoat7265|move: Light Screen\n|upkeep\n|turn|14\n|\n|t:|1698682061\n|move|p2a: Enamorus|Extrasensory|p1a: Breloom\n|-supereffective|p1a: Breloom\n|-damage|p1a: Breloom|11\/100\n|-enditem|p1a: Breloom|Aguav Berry|[eat]\n|-heal|p1a: Breloom|44\/100|[from] item: Aguav Berry\n|move|p1a: Breloom|Drain Punch|p2a: Enamorus\n|-resisted|p2a: Enamorus\n|-activate|p2a: Enamorus|move: Substitute|[damage]\n|-heal|p1a: Breloom|52\/100|[from] drain|[of] p2a: Enamorus\n|\n|-damage|p2a: Enamorus|38\/100|[from] Leech Seed|[of] p1a: Breloom\n|-heal|p1a: Breloom|63\/100|[silent]\n|upkeep\n|turn|15\n|\n|t:|1698682074\n|switch|p1a: Darkrai|Darkrai|100\/100\n|move|p2a: Enamorus|Springtide Storm|p1a: Darkrai\n|-supereffective|p1a: Darkrai\n|-damage|p1a: Darkrai|0 fnt\n|faint|p1a: Darkrai\n|\n|upkeep\n|\n|t:|1698682081\n|switch|p1a: Ursaluna|Ursaluna-Bloodmoon, M|100\/100\n|turn|16\n|inactive|DaiDuckYT has 90 seconds left.\n|\n|t:|1698682107\n|move|p2a: Enamorus|Springtide Storm|p1a: Ursaluna\n|-damage|p1a: Ursaluna|40\/100\n|move|p1a: Ursaluna|Hyper Voice|p2a: Enamorus\n|-damage|p2a: Enamorus|0 fnt\n|faint|p2a: Enamorus\n|\n|-heal|p1a: Ursaluna|47\/100|[from] item: Leftovers\n|upkeep\n|\n|t:|1698682125\n|switch|p2a: Lurantis|Lurantis, M, shiny|12\/100\n|turn|17\n|\n|t:|1698682136\n|move|p1a: Ursaluna|Blood Moon|p2a: Lurantis\n|-damage|p2a: Lurantis|0 fnt\n|faint|p2a: Lurantis\n|\n|-heal|p1a: Ursaluna|53\/100|[from] item: Leftovers\n|upkeep\n|\n|t:|1698682144\n|switch|p2a: Ursaluna|Ursaluna-Bloodmoon, M|100\/100 slp\n|turn|18\n|\n|t:|1698682152\n|move|p1a: Ursaluna|Calm Mind|p1a: Ursaluna\n|-boost|p1a: Ursaluna|spa|1\n|-boost|p1a: Ursaluna|spd|1\n|-curestatus|p2a: Ursaluna|slp|[msg]\n|move|p2a: Ursaluna|Blood Moon|p1a: Ursaluna\n|-damage|p1a: Ursaluna|0 fnt\n|faint|p1a: Ursaluna\n|\n|upkeep\n|\n|t:|1698682157\n|switch|p1a: Breloom|Breloom, M|63\/100\n|turn|19\n|\n|t:|1698682164\n|move|p1a: Breloom|Spore|p2a: Ursaluna\n|-status|p2a: Ursaluna|slp|[from] move: Spore\n|cant|p2a: Ursaluna|slp\n|\n|upkeep\n|turn|20\n|inactive|DaiDuckYT has 90 seconds left.\n|\n|t:|1698682189\n|-singleturn|p1a: Breloom|move: Focus Punch\n|cant|p2a: Ursaluna|slp\n|move|p1a: Breloom|Focus Punch|p2a: Ursaluna\n|-supereffective|p2a: Ursaluna\n|-damage|p2a: Ursaluna|0 fnt\n|faint|p2a: Ursaluna\n|\n|upkeep\n|\n|t:|1698682198\n|switch|p2a: Maushold|Maushold-Four, shiny|100\/100\n|turn|21\n|inactive|DaiDuckYT has 90 seconds left.\n|\n|t:|1698682207\n|-terastallize|p2a: Maushold|Normal\n|move|p2a: Maushold|Population Bomb|p1a: Breloom\n|-damage|p1a: Breloom|44\/100\n|-status|p2a: Maushold|par|[from] ability: Effect Spore|[of] p1a: Breloom\n|-damage|p1a: Breloom|26\/100\n|-damage|p1a: Breloom|7\/100\n|-damage|p1a: Breloom|0 fnt\n|faint|p1a: Breloom\n|-hitcount|p1: Breloom|4\n|\n|upkeep\n|\n|t:|1698682215\n|switch|p1a: Greninja|Greninja, M|100\/100\n|turn|22\n|inactive|DaiDuckYT has 90 seconds left.\n|\n|t:|1698682230\n|move|p1a: Greninja|Acrobatics|p2a: Maushold\n|-damage|p2a: Maushold|51\/100 par\n|move|p2a: Maushold|Bullet Seed|p1a: Greninja\n|-supereffective|p1a: Greninja\n|-damage|p1a: Greninja|72\/100\n|-supereffective|p1a: Greninja\n|-damage|p1a: Greninja|41\/100\n|-supereffective|p1a: Greninja\n|-damage|p1a: Greninja|12\/100\n|-supereffective|p1a: Greninja\n|-damage|p1a: Greninja|0 fnt\n|faint|p1a: Greninja\n|-hitcount|p1: Greninja|4\n|\n|win|DaiDuckYT\n|raw|thegoat7265's rating: 1061 &rarr; <strong>1044<\/strong><br \/>(-17 for losing)\n|raw|DaiDuckYT's rating: 1102 &rarr; <strong>1124<\/strong><br \/>(+22 for winning)\n|l|\u2606thegoat7265\n|c|\u2606DaiDuckYT|Gg\n","uploadtime":1698682250,"views":7,"p1id":"thegoat7265","p2id":"daiduckyt","formatid":"gen9anythinggoes","rating":1044,"private":0,"password":""}