{"id":"gen9anythinggoes-1998208938","p1":"ookanadamo","p2":"hoenn militian","format":"[Gen 9] Anything Goes","log":"|j|\u2606ookanadamo\n|j|\u2606hoenn militian\n|t:|1700912982\n|gametype|singles\n|player|p1|ookanadamo|hiker|1447\n|player|p2|hoenn militian|169|1759\n|teamsize|p1|6\n|teamsize|p2|6\n|gen|9\n|tier|[Gen 9] Anything Goes\n|rated|\n|rule|HP Percentage Mod: HP is shown in percentages\n|rule|Endless Battle Clause: Forcing endless battles is banned\n|clearpoke\n|poke|p1|Chien-Pao|\n|poke|p1|Dragonite, M|\n|poke|p1|Flutter Mane|\n|poke|p1|Ting-Lu|\n|poke|p1|Calyrex-Shadow|\n|poke|p1|Urshifu-*, M|\n|poke|p2|Miraidon|\n|poke|p2|Grimmsnarl, M|\n|poke|p2|Skeledirge, M|\n|poke|p2|Moltres|\n|poke|p2|Blissey, F|\n|poke|p2|Calyrex-Ice|\n|teampreview\n|\n|t:|1700912995\n|start\n|switch|p1a: Ting-Lu|Ting-Lu|100\/100\n|switch|p2a: Calyrex|Calyrex-Ice|100\/100\n|-ability|p2a: Calyrex|As One\n|-ability|p2a: Calyrex|Unnerve\n|-ability|p1a: Ting-Lu|Vessel of Ruin\n|turn|1\n|\n|t:|1700913031\n|-terastallize|p1a: Ting-Lu|Fairy\n|move|p2a: Calyrex|Glacial Lance|p1a: Ting-Lu\n|-damage|p1a: Ting-Lu|55\/100\n|move|p1a: Ting-Lu|Stealth Rock|p2a: Calyrex\n|-sidestart|p2: hoenn militian|move: Stealth Rock\n|\n|upkeep\n|turn|2\n|\n|t:|1700913040\n|move|p2a: Calyrex|Glacial Lance|p1a: Ting-Lu\n|-damage|p1a: Ting-Lu|11\/100\n|move|p1a: Ting-Lu|Spikes|p2a: Calyrex\n|-sidestart|p2: hoenn militian|Spikes\n|\n|upkeep\n|turn|3\n|\n|t:|1700913048\n|move|p2a: Calyrex|High Horsepower|p1a: Ting-Lu\n|-damage|p1a: Ting-Lu|0 fnt\n|faint|p1a: Ting-Lu\n|-ability|p2a: Calyrex|Chilling Neigh|boost\n|-boost|p2a: Calyrex|atk|1\n|\n|upkeep\n|\n|t:|1700913071\n|switch|p1a: Flutter Mane|Flutter Mane|100\/100\n|-enditem|p1a: Flutter Mane|Booster Energy\n|-activate|p1a: Flutter Mane|ability: Protosynthesis|[fromitem]\n|-start|p1a: Flutter Mane|protosynthesisspe\n|turn|4\n|\n|t:|1700913080\n|move|p1a: Flutter Mane|Moonblast|p2a: Calyrex\n|-damage|p2a: Calyrex|68\/100\n|move|p2a: Calyrex|Glacial Lance|p1a: Flutter Mane\n|-damage|p1a: Flutter Mane|0 fnt\n|faint|p1a: Flutter Mane\n|-end|p1a: Flutter Mane|Protosynthesis|[silent]\n|-ability|p2a: Calyrex|Chilling Neigh|boost\n|-boost|p2a: Calyrex|atk|1\n|\n|upkeep\n|\n|t:|1700913093\n|switch|p1a: Chien-Pao|Chien-Pao|100\/100\n|-ability|p1a: Chien-Pao|Sword of Ruin\n|turn|5\n|\n|t:|1700913102\n|-terastallize|p2a: Calyrex|Electric\n|move|p1a: Chien-Pao|Swords Dance|p1a: Chien-Pao\n|-boost|p1a: Chien-Pao|atk|2\n|move|p2a: Calyrex|Tera Blast|p1a: Chien-Pao|[anim] Tera Blast Electric\n|-enditem|p1a: Chien-Pao|Focus Sash\n|-damage|p1a: Chien-Pao|1\/100\n|\n|upkeep\n|turn|6\n|\n|t:|1700913113\n|move|p1a: Chien-Pao|Sucker Punch|p2a: Calyrex\n|-damage|p2a: Calyrex|13\/100\n|move|p2a: Calyrex|Tera Blast|p1a: Chien-Pao|[anim] Tera Blast Electric\n|-damage|p1a: Chien-Pao|0 fnt\n|faint|p1a: Chien-Pao\n|-ability|p2a: Calyrex|Chilling Neigh|boost\n|-boost|p2a: Calyrex|atk|1\n|\n|upkeep\n|\n|t:|1700913117\n|switch|p1a: Dragonite|Dragonite, M|100\/100\n|turn|7\n|\n|t:|1700913123\n|switch|p2a: Moltres|Moltres|100\/100\n|move|p1a: Dragonite|Extreme Speed|p2a: Moltres\n|-damage|p2a: Moltres|80\/100\n|\n|upkeep\n|turn|8\n|\n|t:|1700913134\n|move|p1a: Dragonite|Dragon Dance|p1a: Dragonite\n|-boost|p1a: Dragonite|atk|1\n|-boost|p1a: Dragonite|spe|1\n|move|p2a: Moltres|Burning Jealousy|p1a: Dragonite\n|-resisted|p1a: Dragonite\n|-damage|p1a: Dragonite|94\/100\n|-status|p1a: Dragonite|brn\n|\n|-heal|p1a: Dragonite|100\/100 brn|[from] item: Leftovers\n|-damage|p1a: Dragonite|94\/100 brn|[from] brn\n|upkeep\n|turn|9\n|\n|t:|1700913145\n|move|p1a: Dragonite|Dragon Dance|p1a: Dragonite\n|-boost|p1a: Dragonite|atk|1\n|-boost|p1a: Dragonite|spe|1\n|move|p2a: Moltres|U-turn|p1a: Dragonite\n|-resisted|p1a: Dragonite\n|-damage|p1a: Dragonite|87\/100 brn\n|\n|t:|1700913151\n|switch|p2a: Skeledirge|Skeledirge, M|100\/100|[from] U-turn\n|\n|-heal|p1a: Dragonite|93\/100 brn|[from] item: Leftovers\n|-damage|p1a: Dragonite|87\/100 brn|[from] brn\n|upkeep\n|turn|10\n|\n|t:|1700913162\n|move|p1a: Dragonite|Earthquake|p2a: Skeledirge\n|-supereffective|p2a: Skeledirge\n|-damage|p2a: Skeledirge|80\/100\n|move|p2a: Skeledirge|Torch Song|p1a: Dragonite\n|-resisted|p1a: Dragonite\n|-damage|p1a: Dragonite|74\/100 brn\n|-boost|p2a: Skeledirge|spa|1\n|\n|-heal|p1a: Dragonite|80\/100 brn|[from] item: Leftovers\n|-damage|p1a: Dragonite|74\/100 brn|[from] brn\n|upkeep\n|turn|11\n|\n|t:|1700913171\n|move|p1a: Dragonite|Roost|p1a: Dragonite\n|-heal|p1a: Dragonite|100\/100 brn\n|-singleturn|p1a: Dragonite|move: Roost\n|move|p2a: Skeledirge|Torch Song|p1a: Dragonite\n|-resisted|p1a: Dragonite\n|-damage|p1a: Dragonite|90\/100 brn\n|-boost|p2a: Skeledirge|spa|1\n|\n|-heal|p1a: Dragonite|96\/100 brn|[from] item: Leftovers\n|-damage|p1a: Dragonite|90\/100 brn|[from] brn\n|upkeep\n|turn|12\n|\n|t:|1700913187\n|move|p1a: Dragonite|Earthquake|p2a: Skeledirge\n|-supereffective|p2a: Skeledirge\n|-damage|p2a: Skeledirge|58\/100\n|move|p2a: Skeledirge|Torch Song|p1a: Dragonite\n|-resisted|p1a: Dragonite\n|-damage|p1a: Dragonite|63\/100 brn\n|-boost|p2a: Skeledirge|spa|1\n|\n|-heal|p1a: Dragonite|69\/100 brn|[from] item: Leftovers\n|-damage|p1a: Dragonite|63\/100 brn|[from] brn\n|upkeep\n|turn|13\n|\n|t:|1700913198\n|move|p1a: Dragonite|Roost|p1a: Dragonite\n|-heal|p1a: Dragonite|100\/100 brn\n|-singleturn|p1a: Dragonite|move: Roost\n|move|p2a: Skeledirge|Slack Off|p2a: Skeledirge\n|-heal|p2a: Skeledirge|100\/100\n|\n|-damage|p1a: Dragonite|94\/100 brn|[from] brn\n|upkeep\n|turn|14\n|\n|t:|1700913215\n|switch|p1a: Urshifu|Urshifu-Rapid-Strike, M|100\/100\n|move|p2a: Skeledirge|Torch Song|p1a: Urshifu\n|-resisted|p1a: Urshifu\n|-damage|p1a: Urshifu|40\/100\n|-boost|p2a: Skeledirge|spa|1\n|\n|upkeep\n|turn|15\n|\n|t:|1700913225\n|switch|p2a: Calyrex|Calyrex-Ice, tera:Electric|13\/100\n|-ability|p2a: Calyrex|As One\n|-ability|p2a: Calyrex|Unnerve\n|move|p1a: Urshifu|Surging Strikes|p2a: Calyrex\n|-crit|p2a: Calyrex\n|-damage|p2a: Calyrex|0 fnt\n|faint|p2a: Calyrex\n|-hitcount|p2: Calyrex|1\n|\n|upkeep\n|\n|t:|1700913235\n|switch|p2a: Miraidon|Miraidon|100\/100\n|-fieldstart|move: Electric Terrain|[from] ability: Hadron Engine|[of] p2a: Miraidon\n|turn|16\n|\n|t:|1700913251\n|switch|p1a: Calyrex|Calyrex-Shadow|100\/100\n|-ability|p1a: Calyrex|As One\n|-ability|p1a: Calyrex|Unnerve\n|move|p2a: Miraidon|Electro Drift|p1a: Calyrex\n|-damage|p1a: Calyrex|12\/100\n|\n|upkeep\n|turn|17\n|\n|t:|1700913262\n|switch|p2a: Grimmsnarl|Grimmsnarl, M|100\/100\n|move|p1a: Calyrex|Astral Barrage|p2a: Grimmsnarl\n|-resisted|p2a: Grimmsnarl\n|-damage|p2a: Grimmsnarl|63\/100\n|-damage|p1a: Calyrex|2\/100|[from] item: Life Orb\n|\n|upkeep\n|turn|18\n|\n|t:|1700913282\n|move|p2a: Grimmsnarl|Sucker Punch|p1a: Calyrex\n|-supereffective|p1a: Calyrex\n|-damage|p1a: Calyrex|0 fnt\n|faint|p1a: Calyrex\n|\n|upkeep\n|\n|t:|1700913288\n|switch|p1a: Dragonite|Dragonite, M|94\/100 brn\n|turn|19\n|\n|t:|1700913307\n|switch|p2a: Skeledirge|Skeledirge, M|100\/100\n|move|p1a: Dragonite|Dragon Dance|p1a: Dragonite\n|-boost|p1a: Dragonite|atk|1\n|-boost|p1a: Dragonite|spe|1\n|\n|-heal|p1a: Dragonite|100\/100 brn|[from] item: Leftovers\n|-damage|p1a: Dragonite|94\/100 brn|[from] brn\n|upkeep\n|turn|20\n|\n|t:|1700913316\n|move|p1a: Dragonite|Extreme Speed|p2a: Skeledirge\n|-immune|p2a: Skeledirge\n|move|p2a: Skeledirge|Torch Song|p1a: Dragonite\n|-resisted|p1a: Dragonite\n|-damage|p1a: Dragonite|82\/100 brn\n|-boost|p2a: Skeledirge|spa|1\n|\n|-heal|p1a: Dragonite|88\/100 brn|[from] item: Leftovers\n|-damage|p1a: Dragonite|82\/100 brn|[from] brn\n|-fieldend|move: Electric Terrain\n|upkeep\n|turn|21\n|\n|t:|1700913326\n|switch|p1a: Urshifu|Urshifu-Rapid-Strike, M|40\/100\n|move|p2a: Skeledirge|Hex|p1a: Urshifu\n|-damage|p1a: Urshifu|0 fnt\n|faint|p1a: Urshifu\n|\n|upkeep\n|\n|t:|1700913329\n|switch|p1a: Dragonite|Dragonite, M|82\/100 brn\n|turn|22\n|\n|t:|1700913336\n|move|p1a: Dragonite|Dragon Dance|p1a: Dragonite\n|-boost|p1a: Dragonite|atk|1\n|-boost|p1a: Dragonite|spe|1\n|move|p2a: Skeledirge|Torch Song|p1a: Dragonite\n|-resisted|p1a: Dragonite\n|-damage|p1a: Dragonite|63\/100 brn\n|-boost|p2a: Skeledirge|spa|1\n|\n|-heal|p1a: Dragonite|69\/100 brn|[from] item: Leftovers\n|-damage|p1a: Dragonite|63\/100 brn|[from] brn\n|upkeep\n|turn|23\n|\n|t:|1700913346\n|move|p1a: Dragonite|Dragon Dance|p1a: Dragonite\n|-boost|p1a: Dragonite|atk|1\n|-boost|p1a: Dragonite|spe|1\n|move|p2a: Skeledirge|Torch Song|p1a: Dragonite\n|-resisted|p1a: Dragonite\n|-damage|p1a: Dragonite|34\/100 brn\n|-boost|p2a: Skeledirge|spa|1\n|\n|-heal|p1a: Dragonite|40\/100 brn|[from] item: Leftovers\n|-damage|p1a: Dragonite|34\/100 brn|[from] brn\n|upkeep\n|turn|24\n|\n|t:|1700913357\n|move|p1a: Dragonite|Roost|p1a: Dragonite\n|-heal|p1a: Dragonite|84\/100 brn\n|-singleturn|p1a: Dragonite|move: Roost\n|move|p2a: Skeledirge|Torch Song|p1a: Dragonite\n|-resisted|p1a: Dragonite\n|-crit|p1a: Dragonite\n|-damage|p1a: Dragonite|30\/100 brn\n|-boost|p2a: Skeledirge|spa|1\n|\n|-heal|p1a: Dragonite|36\/100 brn|[from] item: Leftovers\n|-damage|p1a: Dragonite|30\/100 brn|[from] brn\n|upkeep\n|turn|25\n|\n|t:|1700913372\n|move|p1a: Dragonite|Earthquake|p2a: Skeledirge\n|-supereffective|p2a: Skeledirge\n|-damage|p2a: Skeledirge|78\/100\n|move|p2a: Skeledirge|Torch Song|p1a: Dragonite\n|-resisted|p1a: Dragonite\n|-damage|p1a: Dragonite|0 fnt\n|-boost|p2a: Skeledirge|spa|1\n|faint|p1a: Dragonite\n|\n|win|hoenn militian\n|raw|ookanadamo's rating: 1447 &rarr; <strong>1441<\/strong><br \/>(-6 for losing)\n|raw|hoenn militian's rating: 1759 &rarr; <strong>1765<\/strong><br \/>(+6 for winning)\n|l|\u2606ookanadamo\n","uploadtime":1700913383,"views":2,"p1id":"ookanadamo","p2id":"hoennmilitian","formatid":"gen9anythinggoes","rating":1441,"private":0,"password":""}