{"id":"gen9anythinggoes-1997712155","p1":"AnMoWuYou","p2":"shmoe6","format":"[Gen 9] Anything Goes","log":"|j|\u2606AnMoWuYou\n|j|\u2606shmoe6\n|t:|1700844577\n|gametype|singles\n|player|p1|AnMoWuYou|n|1558\n|player|p2|shmoe6|skyla-masters2|1547\n|teamsize|p1|6\n|teamsize|p2|6\n|gen|9\n|tier|[Gen 9] Anything Goes\n|rated|\n|rule|HP Percentage Mod: HP is shown in percentages\n|rule|Endless Battle Clause: Forcing endless battles is banned\n|clearpoke\n|poke|p1|Calyrex-Shadow|\n|poke|p1|Arceus|\n|poke|p1|Miraidon|\n|poke|p1|Glimmora, M|\n|poke|p1|Koraidon|\n|poke|p1|Koraidon|\n|poke|p2|Calyrex-Shadow|\n|poke|p2|Miraidon|\n|poke|p2|Eternatus|\n|poke|p2|Ting-Lu|\n|poke|p2|Arceus-Fairy|\n|poke|p2|Landorus-Therian, M|\n|teampreview\n|inactive|Battle timer is ON: inactive players will automatically lose when time's up. (requested by AnMoWuYou)\n|\n|t:|1700844617\n|start\n|switch|p1a: Glimmora|Glimmora, M|100\/100\n|switch|p2a: Ting-Lu|Ting-Lu|100\/100\n|-ability|p2a: Ting-Lu|Vessel of Ruin\n|turn|1\n|j| ODfourneau\n|inactive|AnMoWuYou has 120 seconds left.\n|l| ODfourneau\n|\n|t:|1700844669\n|move|p1a: Glimmora|Mortal Spin|p2a: Ting-Lu\n|-resisted|p2a: Ting-Lu\n|-damage|p2a: Ting-Lu|99\/100\n|-status|p2a: Ting-Lu|psn\n|move|p2a: Ting-Lu|Whirlwind|p1a: Glimmora\n|drag|p1a: Koraidon|Koraidon|100\/100\n|-weather|SunnyDay|[from] ability: Orichalcum Pulse|[of] p1a: Koraidon\n|-activate|p1a: Koraidon|Orichalcum Pulse|[source]\n|\n|-weather|SunnyDay|[upkeep]\n|-heal|p2a: Ting-Lu|100\/100 psn|[from] item: Leftovers\n|-damage|p2a: Ting-Lu|88\/100 psn|[from] psn\n|upkeep\n|turn|2\n|\n|t:|1700844687\n|switch|p2a: Arceus|Arceus-Fairy|100\/100\n|move|p1a: Koraidon|Swords Dance|p1a: Koraidon\n|-boost|p1a: Koraidon|atk|2\n|\n|-weather|SunnyDay|[upkeep]\n|upkeep\n|turn|3\n|\n|t:|1700844694\n|move|p1a: Koraidon|Flare Blitz|p2a: Arceus\n|-damage|p2a: Arceus|14\/100\n|-damage|p1a: Koraidon|64\/100|[from] Recoil\n|move|p2a: Arceus|Judgment|p1a: Koraidon\n|-supereffective|p1a: Koraidon\n|-damage|p1a: Koraidon|0 fnt\n|faint|p1a: Koraidon\n|\n|-weather|SunnyDay|[upkeep]\n|upkeep\n|\n|t:|1700844709\n|switch|p1a: Arceus|Arceus|100\/100\n|turn|4\n|\n|t:|1700844732\n|switch|p2a: Eternatus|Eternatus|100\/100\n|-ability|p2a: Eternatus|Pressure\n|move|p1a: Arceus|Swords Dance|p1a: Arceus\n|-boost|p1a: Arceus|atk|2\n|\n|-weather|SunnyDay|[upkeep]\n|upkeep\n|turn|5\n|\n|t:|1700844741\n|move|p2a: Eternatus|Dynamax Cannon|p1a: Arceus\n|-damage|p1a: Arceus|68\/100\n|move|p1a: Arceus|Swords Dance|p1a: Arceus\n|-boost|p1a: Arceus|atk|2\n|\n|-weather|none\n|-heal|p1a: Arceus|74\/100|[from] item: Leftovers\n|upkeep\n|turn|6\n|\n|t:|1700844754\n|switch|p2a: Landorus|Landorus-Therian, M|100\/100\n|-ability|p2a: Landorus|Intimidate|boost\n|-unboost|p1a: Arceus|atk|1\n|move|p1a: Arceus|Extreme Speed|p2a: Landorus\n|-damage|p2a: Landorus|19\/100\n|-damage|p1a: Arceus|58\/100|[from] item: Rocky Helmet|[of] p2a: Landorus\n|\n|-heal|p1a: Arceus|64\/100|[from] item: Leftovers\n|upkeep\n|turn|7\n|\n|t:|1700844765\n|switch|p2a: this clown|Calyrex-Shadow|100\/100\n|-ability|p2a: this clown|As One\n|-ability|p2a: this clown|Unnerve\n|move|p1a: Arceus|Extreme Speed|p2a: this clown\n|-immune|p2a: this clown\n|\n|-heal|p1a: Arceus|70\/100|[from] item: Leftovers\n|upkeep\n|turn|8\n|\n|t:|1700844778\n|move|p2a: this clown|Encore|p1a: Arceus\n|-start|p1a: Arceus|Encore\n|move|p1a: Arceus|Extreme Speed|p2a: this clown\n|-immune|p2a: this clown\n|\n|-heal|p1a: Arceus|76\/100|[from] item: Leftovers\n|upkeep\n|turn|9\n|\n|t:|1700844792\n|switch|p1a: Glimmora|Glimmora, M|100\/100\n|move|p2a: this clown|Nasty Plot|p2a: this clown\n|-boost|p2a: this clown|spa|2\n|\n|upkeep\n|turn|10\n|\n|t:|1700844800\n|move|p2a: this clown|Grass Knot|p1a: Glimmora\n|-damage|p1a: Glimmora|47\/100\n|move|p1a: Glimmora|Mortal Spin|p2a: this clown\n|-resisted|p2a: this clown\n|-damage|p2a: this clown|97\/100\n|-status|p2a: this clown|psn\n|\n|-damage|p2a: this clown|85\/100 psn|[from] psn\n|upkeep\n|turn|11\n|inactive|AnMoWuYou has 120 seconds left.\n|\n|t:|1700844814\n|move|p2a: this clown|Astral Barrage|p1a: Glimmora\n|-damage|p1a: Glimmora|0 fnt\n|faint|p1a: Glimmora\n|-ability|p2a: this clown|Grim Neigh|boost\n|-boost|p2a: this clown|spa|1\n|\n|-damage|p2a: this clown|72\/100 psn|[from] psn\n|upkeep\n|\n|t:|1700844824\n|switch|p1a: Koraidon|Koraidon|100\/100\n|-weather|SunnyDay|[from] ability: Orichalcum Pulse|[of] p1a: Koraidon\n|-activate|p1a: Koraidon|Orichalcum Pulse|[source]\n|turn|12\n|inactive|AnMoWuYou has 120 seconds left.\n|\n|t:|1700844835\n|move|p1a: Koraidon|Outrage|p2a: this clown\n|-damage|p2a: this clown|0 fnt\n|faint|p2a: this clown\n|\n|-weather|SunnyDay|[upkeep]\n|upkeep\n|\n|t:|1700844841\n|switch|p2a: Arceus|Arceus-Fairy|14\/100\n|turn|13\n|\n|t:|1700844845\n|move|p1a: Koraidon|Outrage|p2a: Arceus|[from]lockedmove\n|-immune|p2a: Arceus\n|move|p2a: Arceus|Recover|p2a: Arceus\n|-heal|p2a: Arceus|64\/100\n|\n|-weather|SunnyDay|[upkeep]\n|upkeep\n|turn|14\n|\n|t:|1700844856\n|switch|p1a: Calyrex|Calyrex-Shadow|100\/100\n|-ability|p1a: Calyrex|As One\n|-ability|p1a: Calyrex|Unnerve\n|move|p2a: Arceus|Judgment|p1a: Calyrex\n|-damage|p1a: Calyrex|49\/100\n|\n|-weather|SunnyDay|[upkeep]\n|upkeep\n|turn|15\n|\n|t:|1700844881\n|move|p1a: Calyrex|Astral Barrage|p2a: Arceus\n|-damage|p2a: Arceus|19\/100\n|move|p2a: Arceus|Judgment|p1a: Calyrex\n|-damage|p1a: Calyrex|1\/100\n|\n|-weather|SunnyDay|[upkeep]\n|upkeep\n|turn|16\n|\n|t:|1700844901\n|switch|p2a: Ting-Lu|Ting-Lu|88\/100 psn\n|-ability|p2a: Ting-Lu|Vessel of Ruin\n|move|p1a: Calyrex|Astral Barrage|p2a: Ting-Lu\n|-resisted|p2a: Ting-Lu\n|-damage|p2a: Ting-Lu|71\/100 psn\n|\n|-weather|none\n|-heal|p2a: Ting-Lu|77\/100 psn|[from] item: Leftovers\n|-damage|p2a: Ting-Lu|65\/100 psn|[from] psn\n|upkeep\n|turn|17\n|\n|t:|1700844920\n|switch|p1a: Miraidon|Miraidon|100\/100\n|-fieldstart|move: Electric Terrain|[from] ability: Hadron Engine|[of] p1a: Miraidon\n|move|p2a: Ting-Lu|Earthquake|p1a: Miraidon\n|-supereffective|p1a: Miraidon\n|-damage|p1a: Miraidon|28\/100\n|\n|-heal|p2a: Ting-Lu|71\/100 psn|[from] item: Leftovers\n|-damage|p2a: Ting-Lu|59\/100 psn|[from] psn\n|upkeep\n|turn|18\n|\n|t:|1700844931\n|move|p1a: Miraidon|Draco Meteor|p2a: Ting-Lu\n|-damage|p2a: Ting-Lu|6\/100 psn\n|-unboost|p1a: Miraidon|spa|2\n|-damage|p1a: Miraidon|18\/100|[from] item: Life Orb\n|move|p2a: Ting-Lu|Earthquake|p1a: Miraidon\n|-supereffective|p1a: Miraidon\n|-damage|p1a: Miraidon|0 fnt\n|faint|p1a: Miraidon\n|\n|-heal|p2a: Ting-Lu|12\/100 psn|[from] item: Leftovers\n|-damage|p2a: Ting-Lu|0 fnt|[from] psn\n|faint|p2a: Ting-Lu\n|upkeep\n|inactive|AnMoWuYou has 120 seconds left.\n|\n|t:|1700844950\n|switch|p1a: Calyrex|Calyrex-Shadow|1\/100\n|switch|p2a: Miraidon|Miraidon|100\/100\n|-ability|p1a: Calyrex|As One\n|-ability|p1a: Calyrex|Unnerve\n|-activate|p2a: Miraidon|ability: Hadron Engine\n|turn|19\n|\n|t:|1700844960\n|move|p1a: Calyrex|Astral Barrage|p2a: Miraidon\n|-damage|p2a: Miraidon|33\/100\n|move|p2a: Miraidon|Electro Drift|p1a: Calyrex\n|-damage|p1a: Calyrex|0 fnt\n|faint|p1a: Calyrex\n|-damage|p2a: Miraidon|23\/100|[from] item: Life Orb\n|\n|upkeep\n|inactive|AnMoWuYou has 120 seconds left.\n|\n|t:|1700844972\n|switch|p1a: Arceus|Arceus|76\/100\n|turn|20\n|\n|t:|1700844978\n|move|p1a: Arceus|Extreme Speed|p2a: Miraidon\n|-damage|p2a: Miraidon|0 fnt\n|faint|p2a: Miraidon\n|\n|-heal|p1a: Arceus|82\/100|[from] item: Leftovers\n|upkeep\n|\n|t:|1700844981\n|switch|p2a: Landorus|Landorus-Therian, M|19\/100\n|-ability|p2a: Landorus|Intimidate|boost\n|-unboost|p1a: Arceus|atk|1\n|turn|21\n|\n|t:|1700844998\n|move|p1a: Arceus|Extreme Speed|p2a: Landorus\n|-damage|p2a: Landorus|0 fnt\n|-damage|p1a: Arceus|66\/100|[from] item: Rocky Helmet|[of] p2a: Landorus\n|faint|p2a: Landorus\n|\n|-heal|p1a: Arceus|72\/100|[from] item: Leftovers\n|-fieldend|move: Electric Terrain\n|upkeep\n|\n|t:|1700845004\n|switch|p2a: Eternatus|Eternatus|100\/100\n|-ability|p2a: Eternatus|Pressure\n|turn|22\n|\n|t:|1700845015\n|move|p2a: Eternatus|Dynamax Cannon|p1a: Arceus\n|-damage|p1a: Arceus|40\/100\n|move|p1a: Arceus|Swords Dance|p1a: Arceus\n|-boost|p1a: Arceus|atk|2\n|\n|-heal|p1a: Arceus|46\/100|[from] item: Leftovers\n|upkeep\n|turn|23\n|\n|t:|1700845024\n|move|p2a: Eternatus|Dynamax Cannon|p1a: Arceus\n|-damage|p1a: Arceus|13\/100\n|move|p1a: Arceus|Recover|p1a: Arceus\n|-heal|p1a: Arceus|63\/100\n|\n|-heal|p1a: Arceus|69\/100|[from] item: Leftovers\n|upkeep\n|turn|24\n|\n|t:|1700845035\n|move|p2a: Eternatus|Toxic|p1a: Arceus\n|-status|p1a: Arceus|tox\n|move|p1a: Arceus|Swords Dance|p1a: Arceus\n|-boost|p1a: Arceus|atk|2\n|\n|-heal|p1a: Arceus|76\/100 tox|[from] item: Leftovers\n|-damage|p1a: Arceus|69\/100 tox|[from] psn\n|upkeep\n|turn|25\n|\n|t:|1700845045\n|move|p1a: Arceus|Extreme Speed|p2a: Eternatus\n|-damage|p2a: Eternatus|15\/100\n|move|p2a: Eternatus|Dynamax Cannon|p1a: Arceus\n|-damage|p1a: Arceus|39\/100 tox\n|\n|-heal|p1a: Arceus|45\/100 tox|[from] item: Leftovers\n|-damage|p1a: Arceus|33\/100 tox|[from] psn\n|upkeep\n|turn|26\n|\n|t:|1700845064\n|move|p1a: Arceus|Extreme Speed|p2a: Eternatus\n|-damage|p2a: Eternatus|0 fnt\n|faint|p2a: Eternatus\n|\n|-heal|p1a: Arceus|39\/100 tox|[from] item: Leftovers\n|-damage|p1a: Arceus|20\/100 tox|[from] psn\n|upkeep\n|c|\u2606AnMoWuYou|gg\n|\n|t:|1700845069\n|switch|p2a: Arceus|Arceus-Fairy|19\/100\n|turn|27\n|\n|t:|1700845082\n|-terastallize|p1a: Arceus|Ghost\n|move|p2a: Arceus|Recover|p2a: Arceus\n|-heal|p2a: Arceus|69\/100\n|move|p1a: Arceus|Shadow Claw|p2a: Arceus\n|-damage|p2a: Arceus|21\/100\n|\n|-heal|p1a: Arceus|27\/100 tox|[from] item: Leftovers\n|-damage|p1a: Arceus|2\/100 tox|[from] psn\n|upkeep\n|turn|28\n|\n|t:|1700845094\n|move|p2a: Arceus|Recover|p2a: Arceus\n|-heal|p2a: Arceus|71\/100\n|move|p1a: Arceus|Shadow Claw|p2a: Arceus\n|-crit|p2a: Arceus\n|-damage|p2a: Arceus|0 fnt\n|faint|p2a: Arceus\n|\n|win|AnMoWuYou\n|raw|AnMoWuYou's rating: 1558 &rarr; <strong>1577<\/strong><br \/>(+19 for winning)\n|raw|shmoe6's rating: 1547 &rarr; <strong>1528<\/strong><br \/>(-19 for losing)\n|c|\u2606shmoe6|bruh\n|c|\u2606AnMoWuYou|ct\n|l|\u2606AnMoWuYou\n|c|\u2606shmoe6|crit saved u\n","uploadtime":1700845124,"views":1,"p1id":"anmowuyou","p2id":"shmoe6","formatid":"gen9anythinggoes","rating":1528,"private":0,"password":""}