{"id":"gen9anythinggoes-1980580154","p1":"Brorn","p2":"sendfreegifttome","format":"[Gen 9] Anything Goes","log":"|j|\u2606Brorn\n|j|\u2606sendfreegifttome\n|t:|1698799618\n|gametype|singles\n|player|p1|Brorn|ninjaboy|1311\n|player|p2|sendfreegifttome|nate|1430\n|teamsize|p1|6\n|teamsize|p2|6\n|gen|9\n|tier|[Gen 9] Anything Goes\n|rated|\n|rule|HP Percentage Mod: HP is shown in percentages\n|rule|Endless Battle Clause: Forcing endless battles is banned\n|clearpoke\n|poke|p1|Arceus-Ground|\n|poke|p1|Charizard, M|\n|poke|p1|Maushold-Four|\n|poke|p1|Arceus-Bug|\n|poke|p1|Umbreon, M|\n|poke|p1|Annihilape, M|\n|poke|p2|Calyrex-Shadow|\n|poke|p2|Kyogre|\n|poke|p2|Zacian-*|\n|poke|p2|Miraidon|\n|poke|p2|Arceus-Dark|\n|poke|p2|Arceus|\n|teampreview\n|inactive|Battle timer is ON: inactive players will automatically lose when time's up. (requested by sendfreegifttome)\n|\n|t:|1698799629\n|start\n|switch|p1a: Moon Cat|Umbreon, M, shiny|100\/100\n|switch|p2a: Kyogre|Kyogre, shiny|100\/100\n|-weather|RainDance|[from] ability: Drizzle|[of] p2a: Kyogre\n|turn|1\n|\n|t:|1698799640\n|move|p2a: Kyogre|Water Spout|p1a: Moon Cat\n|-damage|p1a: Moon Cat|0 fnt\n|faint|p1a: Moon Cat\n|\n|-weather|RainDance|[upkeep]\n|upkeep\n|\n|t:|1698799647\n|switch|p1a: Fire Lizard|Charizard, M, shiny|100\/100\n|turn|2\n|\n|t:|1698799651\n|-terastallize|p1a: Fire Lizard|Grass\n|move|p1a: Fire Lizard|Tera Blast|p2a: Kyogre|[anim] Tera Blast Grass\n|-supereffective|p2a: Kyogre\n|-damage|p2a: Kyogre|41\/100\n|move|p2a: Kyogre|Thunder|p1a: Fire Lizard\n|-resisted|p1a: Fire Lizard\n|-damage|p1a: Fire Lizard|70\/100\n|\n|-weather|RainDance|[upkeep]\n|upkeep\n|turn|3\n|\n|t:|1698799661\n|move|p1a: Fire Lizard|Tera Blast|p2a: Kyogre|[anim] Tera Blast Grass\n|-supereffective|p2a: Kyogre\n|-damage|p2a: Kyogre|0 fnt\n|faint|p2a: Kyogre\n|\n|-weather|RainDance|[upkeep]\n|upkeep\n|\n|t:|1698799674\n|switch|p2a: Miraidon|Miraidon|100\/100\n|-fieldstart|move: Electric Terrain|[from] ability: Hadron Engine|[of] p2a: Miraidon\n|turn|4\n|inactive|Brorn has 120 seconds left.\n|\n|t:|1698799712\n|move|p2a: Miraidon|Agility|p2a: Miraidon\n|-boost|p2a: Miraidon|spe|2\n|move|p1a: Fire Lizard|Acrobatics|p2a: Miraidon\n|-resisted|p2a: Miraidon\n|-damage|p2a: Miraidon|91\/100\n|\n|-weather|RainDance|[upkeep]\n|upkeep\n|turn|5\n|inactive|Brorn has 120 seconds left.\n|\n|t:|1698799722\n|move|p2a: Miraidon|Dragon Pulse|p1a: Fire Lizard\n|-damage|p1a: Fire Lizard|0 fnt\n|faint|p1a: Fire Lizard\n|\n|-weather|none\n|upkeep\n|inactive|Brorn has 120 seconds left.\n|\n|t:|1698799730\n|switch|p1a: Ground Being|Arceus-Ground|100\/100\n|turn|6\n|\n|t:|1698799735\n|move|p2a: Miraidon|Dragon Pulse|p1a: Ground Being\n|-damage|p1a: Ground Being|55\/100\n|move|p1a: Ground Being|Judgment|p2a: Miraidon\n|-supereffective|p2a: Miraidon\n|-damage|p2a: Miraidon|8\/100\n|-enditem|p2a: Miraidon|Weakness Policy\n|-boost|p2a: Miraidon|atk|2|[from] item: Weakness Policy\n|-boost|p2a: Miraidon|spa|2|[from] item: Weakness Policy\n|\n|upkeep\n|turn|7\n|\n|t:|1698799747\n|move|p2a: Miraidon|Dragon Pulse|p1a: Ground Being\n|-damage|p1a: Ground Being|0 fnt\n|faint|p1a: Ground Being\n|\n|upkeep\n|\n|t:|1698799755\n|switch|p1a: Bug Being|Arceus-Bug|100\/100\n|turn|8\n|\n|t:|1698799761\n|move|p2a: Miraidon|Parabolic Charge|p1a: Bug Being\n|-damage|p1a: Bug Being|17\/100\n|-heal|p2a: Miraidon|62\/100|[from] drain|[of] p1a: Bug Being\n|move|p1a: Bug Being|Judgment|p2a: Miraidon\n|-damage|p2a: Miraidon|4\/100\n|\n|-fieldend|move: Electric Terrain\n|upkeep\n|turn|9\n|\n|t:|1698799772\n|move|p2a: Miraidon|Parabolic Charge|p1a: Bug Being\n|-damage|p1a: Bug Being|0 fnt\n|-heal|p2a: Miraidon|15\/100|[from] drain|[of] p1a: Bug Being\n|faint|p1a: Bug Being\n|\n|upkeep\n|\n|t:|1698799778\n|switch|p1a: Family Mouse|Maushold-Four|100\/100\n|turn|10\n|\n|t:|1698799782\n|move|p2a: Miraidon|Parabolic Charge|p1a: Family Mouse\n|-damage|p1a: Family Mouse|0 fnt\n|-heal|p2a: Miraidon|57\/100|[from] drain|[of] p1a: Family Mouse\n|faint|p1a: Family Mouse\n|\n|upkeep\n|-message|Brorn forfeited.\n|\n|win|sendfreegifttome\n|raw|Brorn's rating: 1311 &rarr; <strong>1298<\/strong><br \/>(-13 for losing)\n|raw|sendfreegifttome's rating: 1430 &rarr; <strong>1443<\/strong><br \/>(+13 for winning)\n|l|\u2606Brorn\n","uploadtime":1698799798,"views":11,"p1id":"brorn","p2id":"sendfreegifttome","formatid":"gen9anythinggoes","rating":1298,"private":0,"password":""}