{"id":"gen9anythinggoes-1985711546","p1":"qwertyquakk","p2":"jhiihihihihih","format":"[Gen 9] Anything Goes","log":"|j|\u2606qwertyquakk\n|j|\u2606jhiihihihihih\n|t:|1699398211\n|gametype|singles\n|player|p1|qwertyquakk|unknown|1027\n|player|p2|jhiihihihihih|101|1000\n|teamsize|p1|6\n|teamsize|p2|1\n|gen|9\n|tier|[Gen 9] Anything Goes\n|rated|\n|rule|HP Percentage Mod: HP is shown in percentages\n|rule|Endless Battle Clause: Forcing endless battles is banned\n|clearpoke\n|poke|p1|Gholdengo|\n|poke|p1|Maushold|\n|poke|p1|Cresselia, F|\n|poke|p1|Kingambit, F|\n|poke|p1|Toxapex, F|\n|poke|p1|Dragapult, F|\n|poke|p2|Snorlax, M|\n|teampreview\n|c|\u2606qwertyquakk|hii\n|inactive|Battle timer is ON: inactive players will automatically lose when time's up. (requested by jhiihihihihih)\n|c|\u2606qwertyquakk|hru?\n|\n|t:|1699398220\n|start\n|switch|p1a: Dragapult|Dragapult, F, shiny|100\/100\n|switch|p2a: Snorlax|Snorlax, M, shiny|100\/100\n|turn|1\n|\n|t:|1699398226\n|move|p1a: Dragapult|Draco Meteor|p2a: Snorlax\n|-damage|p2a: Snorlax|52\/100\n|-unboost|p1a: Dragapult|spa|2\n|-damage|p1a: Dragapult|91\/100|[from] item: Life Orb\n|move|p2a: Snorlax|Belly Drum|p2a: Snorlax\n|-damage|p2a: Snorlax|2\/100\n|-setboost|p2a: Snorlax|atk|6|[from] move: Belly Drum\n|-enditem|p2a: Snorlax|Aguav Berry|[eat]\n|-heal|p2a: Snorlax|35\/100|[from] item: Aguav Berry\n|\n|upkeep\n|turn|2\n|\n|t:|1699398237\n|move|p1a: Dragapult|Draco Meteor|p2a: Snorlax\n|-damage|p2a: Snorlax|11\/100\n|-unboost|p1a: Dragapult|spa|2\n|-damage|p1a: Dragapult|81\/100|[from] item: Life Orb\n|move|p2a: Snorlax|Recycle|p2a: Snorlax\n|-item|p2a: Snorlax|Aguav Berry|[from] move: Recycle\n|-enditem|p2a: Snorlax|Aguav Berry|[eat]\n|-heal|p2a: Snorlax|44\/100|[from] item: Aguav Berry\n|\n|upkeep\n|turn|3\n|\n|t:|1699398247\n|switch|p1a: Kingambit|Kingambit, F, shiny|100\/100\n|move|p2a: Snorlax|Recycle|p2a: Snorlax\n|-item|p2a: Snorlax|Aguav Berry|[from] move: Recycle\n|-enditem|p2a: Snorlax|Aguav Berry|[eat]\n|-heal|p2a: Snorlax|78\/100|[from] item: Aguav Berry\n|\n|upkeep\n|turn|4\n|\n|t:|1699398254\n|move|p1a: Kingambit|Swords Dance|p1a: Kingambit\n|-boost|p1a: Kingambit|atk|2\n|move|p2a: Snorlax|Recycle|p2a: Snorlax\n|-item|p2a: Snorlax|Aguav Berry|[from] move: Recycle\n|\n|upkeep\n|turn|5\n|\n|t:|1699398261\n|move|p1a: Kingambit|Swords Dance|p1a: Kingambit\n|-boost|p1a: Kingambit|atk|2\n|move|p2a: Snorlax|Earthquake|p1a: Kingambit\n|-supereffective|p1a: Kingambit\n|-damage|p1a: Kingambit|0 fnt\n|faint|p1a: Kingambit\n|-end|p1a: Kingambit|fallenundefined|[silent]\n|\n|upkeep\n|\n|t:|1699398265\n|switch|p1a: Maushold|Maushold, shiny|100\/100\n|turn|6\n|\n|t:|1699398272\n|-terastallize|p1a: Maushold|Fighting\n|-terastallize|p2a: Snorlax|Ground\n|move|p1a: Maushold|Population Bomb|p2a: Snorlax\n|-damage|p2a: Snorlax|69\/100\n|-damage|p2a: Snorlax|61\/100\n|-damage|p2a: Snorlax|54\/100\n|-damage|p2a: Snorlax|45\/100\n|-enditem|p2a: Snorlax|Aguav Berry|[eat]\n|-heal|p2a: Snorlax|78\/100|[from] item: Aguav Berry\n|-hitcount|p2a: Snorlax|4\n|move|p2a: Snorlax|Earthquake|p1a: Maushold\n|-damage|p1a: Maushold|0 fnt\n|faint|p1a: Maushold\n|\n|upkeep\n|\n|t:|1699398280\n|switch|p1a: Cresselia|Cresselia, F, shiny|100\/100\n|turn|7\n|\n|t:|1699398288\n|move|p1a: Cresselia|Calm Mind|p1a: Cresselia\n|-boost|p1a: Cresselia|spa|1\n|-boost|p1a: Cresselia|spd|1\n|move|p2a: Snorlax|Recycle|p2a: Snorlax\n|-item|p2a: Snorlax|Aguav Berry|[from] move: Recycle\n|\n|upkeep\n|turn|8\n|c|\u2606qwertyquakk|can u tell me ur strat?\n|c|\u2606qwertyquakk|please\n|c|\u2606qwertyquakk|after the battle\n|c|\u2606qwertyquakk|cuz that strat should be award winning\n|\n|t:|1699398306\n|move|p1a: Cresselia|Calm Mind|p1a: Cresselia\n|-boost|p1a: Cresselia|spa|1\n|-boost|p1a: Cresselia|spd|1\n|move|p2a: Snorlax|Earthquake|p1a: Cresselia\n|-immune|p1a: Cresselia|[from] ability: Levitate\n|\n|upkeep\n|turn|9\n|\n|t:|1699398312\n|move|p1a: Cresselia|Calm Mind|p1a: Cresselia\n|-boost|p1a: Cresselia|spa|1\n|-boost|p1a: Cresselia|spd|1\n|move|p2a: Snorlax|Body Slam|p1a: Cresselia\n|-damage|p1a: Cresselia|0 fnt\n|faint|p1a: Cresselia\n|\n|upkeep\n|\n|t:|1699398320\n|switch|p1a: Dragapult|Dragapult, F, shiny|81\/100\n|turn|10\n|\n|t:|1699398330\n|move|p1a: Dragapult|Dragon Darts|p2a: Snorlax\n|-damage|p2a: Snorlax|57\/100\n|-anim|p1a: Dragapult|Dragon Darts|p2a: Snorlax\n|-damage|p2a: Snorlax|38\/100\n|-enditem|p2a: Snorlax|Aguav Berry|[eat]\n|-heal|p2a: Snorlax|71\/100|[from] item: Aguav Berry\n|-damage|p1a: Dragapult|71\/100|[from] item: Life Orb\n|move|p2a: Snorlax|Earthquake|p1a: Dragapult\n|-damage|p1a: Dragapult|0 fnt\n|-start|p2a: Snorlax|Disable|Earthquake|[from] ability: Cursed Body|[of] p1a: Dragapult\n|faint|p1a: Dragapult\n|\n|upkeep\n|\n|t:|1699398335\n|switch|p1a: Toxapex|Toxapex, F, shiny|100\/100\n|turn|11\n|\n|t:|1699398343\n|move|p1a: Toxapex|Toxic|p2a: Snorlax\n|-status|p2a: Snorlax|tox\n|move|p2a: Snorlax|Recycle|p2a: Snorlax\n|-item|p2a: Snorlax|Aguav Berry|[from] move: Recycle\n|\n|-damage|p2a: Snorlax|65\/100 tox|[from] psn\n|upkeep\n|turn|12\n|\n|t:|1699398359\n|move|p1a: Toxapex|Sludge Bomb|p2a: Snorlax\n|-resisted|p2a: Snorlax\n|-damage|p2a: Snorlax|59\/100 tox\n|move|p2a: Snorlax|Body Slam|p1a: Toxapex\n|-crit|p1a: Toxapex\n|-damage|p1a: Toxapex|0 fnt\n|faint|p1a: Toxapex\n|\n|-damage|p2a: Snorlax|46\/100 tox|[from] psn\n|upkeep\n|-enditem|p2a: Snorlax|Aguav Berry|[eat]\n|-heal|p2a: Snorlax|80\/100 tox|[from] item: Aguav Berry\n|\n|t:|1699398362\n|switch|p1a: Gholdengo|Gholdengo, shiny|100\/100\n|turn|13\n|\n|t:|1699398371\n|move|p1a: Gholdengo|Nasty Plot|p1a: Gholdengo\n|-boost|p1a: Gholdengo|spa|2\n|move|p2a: Snorlax|Recycle|p2a: Snorlax\n|-item|p2a: Snorlax|Aguav Berry|[from] move: Recycle\n|\n|-damage|p2a: Snorlax|62\/100 tox|[from] psn\n|-end|p2a: Snorlax|Disable\n|upkeep\n|turn|14\n|c|\u2606qwertyquakk|gg\n|\n|t:|1699398379\n|move|p1a: Gholdengo|Nasty Plot|p1a: Gholdengo\n|-boost|p1a: Gholdengo|spa|2\n|move|p2a: Snorlax|Earthquake|p1a: Gholdengo\n|-supereffective|p1a: Gholdengo\n|-damage|p1a: Gholdengo|0 fnt\n|faint|p1a: Gholdengo\n|\n|win|jhiihihihihih\n|raw|qwertyquakk's rating: 1027 &rarr; <strong>1012<\/strong><br \/>(-15 for losing)\n|raw|jhiihihihihih's rating: 1000 &rarr; <strong>1043<\/strong><br \/>(+43 for winning)\n","uploadtime":1699398387,"views":5,"p1id":"qwertyquakk","p2id":"jhiihihihihih","formatid":"gen9anythinggoes","rating":1012,"private":0,"password":""}