{"id":"gen9anythinggoes-1993399670","p1":"El Barano","p2":"Dave1200","format":"[Gen 9] Anything Goes","log":"|j|\u2606El Barano\n|j|\u2606Dave1200\n|t:|1700312531\n|gametype|singles\n|player|p1|El Barano|hiker-gen4|\n|player|p2|Dave1200|cyrus|\n|teamsize|p1|6\n|teamsize|p2|6\n|gen|9\n|tier|[Gen 9] Anything Goes\n|rule|HP Percentage Mod: HP is shown in percentages\n|rule|Endless Battle Clause: Forcing endless battles is banned\n|clearpoke\n|poke|p1|Florges-White, F|\n|poke|p1|Tsareena, F|\n|poke|p1|Tyranitar, M|\n|poke|p1|Slowking, M|\n|poke|p1|Gholdengo|\n|poke|p1|Houndstone, F|\n|poke|p2|Weezing, F|\n|poke|p2|Infernape, M|\n|poke|p2|Ogerpon, F|\n|poke|p2|Iron Treads|\n|poke|p2|Greninja-*, F|\n|poke|p2|Goodra, F|\n|teampreview\n|c|\u2606El Barano|gl hf\n|c|\u2606Dave1200|hf\n|\n|t:|1700312570\n|start\n|switch|p1a: Olivia Jones|Tsareena, F, shiny|100\/100\n|switch|p2a: Greninja|Greninja, F|100\/100\n|turn|1\n|\n|t:|1700312598\n|switch|p2a: Weezing|Weezing, F, shiny|100\/100\n|switch|p1a: Nur der VFL|Florges-White, F|100\/100\n|\n|upkeep\n|turn|2\n|\n|t:|1700312616\n|switch|p1a: Take my money|Gholdengo|100\/100\n|move|p2a: Weezing|Flamethrower|p1a: Take my money\n|-supereffective|p1a: Take my money\n|-damage|p1a: Take my money|72\/100\n|-status|p1a: Take my money|brn\n|\n|-heal|p1a: Take my money|78\/100 brn|[from] item: Leftovers\n|-damage|p1a: Take my money|72\/100 brn|[from] brn\n|upkeep\n|turn|3\n|\n|t:|1700312641\n|switch|p2a: Goodra|Goodra, F|100\/100\n|move|p1a: Take my money|Make It Rain|p2a: Goodra\n|-damage|p2a: Goodra|72\/100\n|-unboost|p1a: Take my money|spa|1\n|\n|-heal|p1a: Take my money|78\/100 brn|[from] item: Leftovers\n|-heal|p2a: Goodra|78\/100|[from] item: Leftovers\n|-damage|p1a: Take my money|72\/100 brn|[from] brn\n|upkeep\n|turn|4\n|\n|t:|1700312659\n|switch|p1a: Nur der VFL|Florges-White, F|100\/100\n|-terastallize|p2a: Goodra|Water\n|move|p2a: Goodra|Knock Off|p1a: Nur der VFL\n|-resisted|p1a: Nur der VFL\n|-damage|p1a: Nur der VFL|88\/100\n|-enditem|p1a: Nur der VFL|Sitrus Berry|[from] move: Knock Off|[of] p2a: Goodra\n|\n|-heal|p2a: Goodra|85\/100|[from] item: Leftovers\n|upkeep\n|turn|5\n|\n|t:|1700312688\n|switch|p2a: Iron Treads|Iron Treads|100\/100\n|move|p1a: Nur der VFL|Moonblast|p2a: Iron Treads\n|-resisted|p2a: Iron Treads\n|-damage|p2a: Iron Treads|77\/100\n|\n|upkeep\n|turn|6\n|\n|t:|1700312704\n|switch|p1a: Olivia Jones|Tsareena, F, shiny|100\/100\n|move|p2a: Iron Treads|Iron Head|p1a: Olivia Jones\n|-damage|p1a: Olivia Jones|67\/100\n|-damage|p2a: Iron Treads|61\/100|[from] item: Rocky Helmet|[of] p1a: Olivia Jones\n|\n|upkeep\n|turn|7\n|\n|t:|1700312714\n|-end|p2a: Iron Treads|Quark Drive|[silent]\n|switch|p2a: Weezing|Weezing, F, shiny|100\/100\n|move|p1a: Olivia Jones|Low Kick|p2a: Weezing\n|-resisted|p2a: Weezing\n|-damage|p2a: Weezing|99\/100\n|\n|-heal|p2a: Weezing|100\/100|[from] item: Black Sludge\n|upkeep\n|turn|8\n|\n|t:|1700312754\n|switch|p1a: Take my money|Gholdengo|72\/100 brn\n|move|p2a: Weezing|Sludge Bomb|p1a: Take my money\n|-immune|p1a: Take my money\n|\n|-heal|p1a: Take my money|78\/100 brn|[from] item: Leftovers\n|-damage|p1a: Take my money|72\/100 brn|[from] brn\n|upkeep\n|turn|9\n|\n|t:|1700312764\n|switch|p2a: Goodra|Goodra, F, tera:Water|85\/100\n|move|p1a: Take my money|Make It Rain|p2a: Goodra\n|-resisted|p2a: Goodra\n|-damage|p2a: Goodra|72\/100\n|-unboost|p1a: Take my money|spa|1\n|\n|-heal|p1a: Take my money|78\/100 brn|[from] item: Leftovers\n|-heal|p2a: Goodra|78\/100|[from] item: Leftovers\n|-damage|p1a: Take my money|72\/100 brn|[from] brn\n|upkeep\n|turn|10\n|\n|t:|1700312783\n|switch|p1a: Nur der VFL|Florges-White, F|88\/100\n|move|p2a: Goodra|Scald|p1a: Nur der VFL\n|-damage|p1a: Nur der VFL|72\/100\n|\n|-heal|p2a: Goodra|85\/100|[from] item: Leftovers\n|upkeep\n|turn|11\n|\n|t:|1700312797\n|switch|p2a: Iron Treads|Iron Treads|61\/100\n|move|p1a: Nur der VFL|Wish|p1a: Nur der VFL\n|\n|upkeep\n|turn|12\n|\n|t:|1700312810\n|switch|p1a: Olivia Jones|Tsareena, F, shiny|67\/100\n|move|p2a: Iron Treads|Knock Off|p1a: Olivia Jones\n|-damage|p1a: Olivia Jones|40\/100\n|-damage|p2a: Iron Treads|44\/100|[from] item: Rocky Helmet|[of] p1a: Olivia Jones\n|-enditem|p1a: Olivia Jones|Rocky Helmet|[from] move: Knock Off|[of] p2a: Iron Treads\n|\n|-heal|p1a: Olivia Jones|92\/100|[from] move: Wish|[wisher] Nur der VFL\n|upkeep\n|turn|13\n|\n|t:|1700312833\n|-end|p2a: Iron Treads|Quark Drive|[silent]\n|switch|p2a: Weezing|Weezing, F, shiny|100\/100\n|move|p1a: Olivia Jones|Low Kick|p2a: Weezing\n|-resisted|p2a: Weezing\n|-damage|p2a: Weezing|99\/100\n|\n|-heal|p2a: Weezing|100\/100|[from] item: Black Sludge\n|upkeep\n|turn|14\n|\n|t:|1700312850\n|switch|p1a: G.O.A.T.|Slowking, M|100\/100\n|move|p2a: Weezing|Flamethrower|p1a: G.O.A.T.\n|-resisted|p1a: G.O.A.T.\n|-damage|p1a: G.O.A.T.|93\/100\n|\n|upkeep\n|turn|15\n|\n|t:|1700312867\n|switch|p2a: Ogerpon|Ogerpon, F|100\/100\n|move|p1a: G.O.A.T.|Thunder Wave|p2a: Ogerpon\n|-status|p2a: Ogerpon|par\n|\n|upkeep\n|turn|16\n|\n|t:|1700312896\n|switch|p1a: Olivia Jones|Tsareena, F, shiny|92\/100\n|move|p2a: Ogerpon|Ivy Cudgel|p1a: Olivia Jones\n|-resisted|p1a: Olivia Jones\n|-damage|p1a: Olivia Jones|73\/100\n|\n|upkeep\n|turn|17\n|\n|t:|1700312926\n|switch|p2a: Weezing|Weezing, F, shiny|100\/100\n|move|p1a: Olivia Jones|Low Kick|p2a: Weezing\n|-resisted|p2a: Weezing\n|-damage|p2a: Weezing|99\/100\n|\n|-heal|p2a: Weezing|100\/100|[from] item: Black Sludge\n|upkeep\n|turn|18\n|\n|t:|1700312946\n|switch|p1a: Take my money|Gholdengo|72\/100 brn\n|move|p2a: Weezing|Flamethrower|p1a: Take my money\n|-supereffective|p1a: Take my money\n|-damage|p1a: Take my money|42\/100 brn\n|\n|-heal|p1a: Take my money|48\/100 brn|[from] item: Leftovers\n|-damage|p1a: Take my money|42\/100 brn|[from] brn\n|upkeep\n|turn|19\n|\n|t:|1700312955\n|switch|p2a: Goodra|Goodra, F, tera:Water|85\/100\n|move|p1a: Take my money|Recover|p1a: Take my money\n|-heal|p1a: Take my money|92\/100 brn\n|\n|-heal|p1a: Take my money|98\/100 brn|[from] item: Leftovers\n|-heal|p2a: Goodra|91\/100|[from] item: Leftovers\n|-damage|p1a: Take my money|92\/100 brn|[from] brn\n|upkeep\n|turn|20\n|\n|t:|1700312980\n|switch|p1a: Nur der VFL|Florges-White, F|72\/100\n|move|p2a: Goodra|Knock Off|p1a: Nur der VFL\n|-resisted|p1a: Nur der VFL\n|-damage|p1a: Nur der VFL|63\/100\n|\n|-heal|p2a: Goodra|97\/100|[from] item: Leftovers\n|upkeep\n|turn|21\n|\n|t:|1700312998\n|switch|p2a: Iron Treads|Iron Treads|44\/100\n|move|p1a: Nur der VFL|Baton Pass|p1a: Nur der VFL\n|\n|t:|1700313003\n|switch|p1a: Olivia Jones|Tsareena, F, shiny|73\/100|[from] Baton Pass\n|\n|upkeep\n|turn|22\n|\n|t:|1700313024\n|-end|p2a: Iron Treads|Quark Drive|[silent]\n|switch|p2a: Weezing|Weezing, F, shiny|100\/100\n|move|p1a: Olivia Jones|Taunt|p2a: Weezing\n|-start|p2a: Weezing|move: Taunt\n|\n|upkeep\n|turn|23\n|\n|t:|1700313036\n|switch|p1a: G.O.A.T.|Slowking, M|100\/100\n|move|p2a: Weezing|Flamethrower|p1a: G.O.A.T.\n|-resisted|p1a: G.O.A.T.\n|-damage|p1a: G.O.A.T.|94\/100\n|\n|upkeep\n|turn|24\n|\n|t:|1700313052\n|switch|p2a: Ogerpon|Ogerpon, F|100\/100 par\n|move|p1a: G.O.A.T.|Chilly Reception|p1a: G.O.A.T.\n|-weather|Snow\n|\n|t:|1700313069\n|switch|p1a: Olivia Jones|Tsareena, F, shiny|73\/100|[from] Chilly Reception\n|\n|-weather|Snow|[upkeep]\n|upkeep\n|turn|25\n|\n|t:|1700313081\n|move|p1a: Olivia Jones|Synthesis|p1a: Olivia Jones\n|-heal|p1a: Olivia Jones|98\/100\n|move|p2a: Ogerpon|Swords Dance|p2a: Ogerpon\n|-boost|p2a: Ogerpon|atk|2\n|\n|-weather|Snow|[upkeep]\n|upkeep\n|turn|26\n|\n|t:|1700313110\n|move|p1a: Olivia Jones|Taunt|p2a: Ogerpon\n|-start|p2a: Ogerpon|move: Taunt\n|move|p2a: Ogerpon|Ivy Cudgel|p1a: Olivia Jones\n|-resisted|p1a: Olivia Jones\n|-damage|p1a: Olivia Jones|64\/100\n|\n|-weather|Snow|[upkeep]\n|upkeep\n|turn|27\n|\n|t:|1700313118\n|move|p1a: Olivia Jones|Low Kick|p2a: Ogerpon\n|-damage|p2a: Ogerpon|81\/100 par\n|cant|p2a: Ogerpon|par\n|\n|-weather|Snow|[upkeep]\n|upkeep\n|turn|28\n|\n|t:|1700313124\n|move|p1a: Olivia Jones|Synthesis|p1a: Olivia Jones\n|-heal|p1a: Olivia Jones|89\/100\n|cant|p2a: Ogerpon|par\n|\n|-weather|none\n|-end|p2a: Ogerpon|move: Taunt\n|upkeep\n|turn|29\n|\n|t:|1700313132\n|move|p1a: Olivia Jones|Low Kick|p2a: Ogerpon\n|-damage|p2a: Ogerpon|61\/100 par\n|move|p2a: Ogerpon|Low Kick|p1a: Olivia Jones\n|-damage|p1a: Olivia Jones|70\/100\n|\n|upkeep\n|turn|30\n|\n|t:|1700313141\n|switch|p2a: Weezing|Weezing, F, shiny|100\/100\n|move|p1a: Olivia Jones|Low Kick|p2a: Weezing\n|-resisted|p2a: Weezing\n|-damage|p2a: Weezing|99\/100\n|\n|-heal|p2a: Weezing|100\/100|[from] item: Black Sludge\n|upkeep\n|turn|31\n|\n|t:|1700313156\n|switch|p1a: G.O.A.T.|Slowking, M|100\/100\n|move|p2a: Weezing|Sludge Bomb|p1a: G.O.A.T.\n|-damage|p1a: G.O.A.T.|79\/100\n|-status|p1a: G.O.A.T.|psn\n|\n|-damage|p1a: G.O.A.T.|67\/100 psn|[from] psn\n|upkeep\n|turn|32\n|\n|t:|1700313173\n|switch|p2a: Goodra|Goodra, F, tera:Water|97\/100\n|move|p1a: G.O.A.T.|Psychic|p2a: Goodra\n|-damage|p2a: Goodra|80\/100\n|-unboost|p2a: Goodra|spd|1\n|\n|-heal|p2a: Goodra|86\/100|[from] item: Leftovers\n|-damage|p1a: G.O.A.T.|54\/100 psn|[from] psn\n|upkeep\n|turn|33\n|\n|t:|1700313191\n|switch|p1a: Nur der VFL|Florges-White, F|63\/100\n|move|p2a: Goodra|Knock Off|p1a: Nur der VFL\n|-resisted|p1a: Nur der VFL\n|-damage|p1a: Nur der VFL|56\/100\n|\n|-heal|p2a: Goodra|92\/100|[from] item: Leftovers\n|upkeep\n|turn|34\n|\n|t:|1700313207\n|switch|p2a: Iron Treads|Iron Treads|44\/100\n|move|p1a: Nur der VFL|Wish|p1a: Nur der VFL\n|\n|upkeep\n|turn|35\n|\n|t:|1700313221\n|switch|p1a: Olivia Jones|Tsareena, F, shiny|70\/100\n|move|p2a: Iron Treads|Iron Head|p1a: Olivia Jones\n|-damage|p1a: Olivia Jones|39\/100\n|\n|-heal|p1a: Olivia Jones|90\/100|[from] move: Wish|[wisher] Nur der VFL\n|upkeep\n|turn|36\n|\n|t:|1700313246\n|-end|p2a: Iron Treads|Quark Drive|[silent]\n|switch|p2a: Weezing|Weezing, F, shiny|100\/100\n|switch|p1a: Take my money|Gholdengo|92\/100 brn\n|\n|-heal|p1a: Take my money|98\/100 brn|[from] item: Leftovers\n|-damage|p1a: Take my money|92\/100 brn|[from] brn\n|upkeep\n|turn|37\n|\n|t:|1700313260\n|switch|p1a: Nur der VFL|Florges-White, F|56\/100\n|switch|p2a: Goodra|Goodra, F, tera:Water|92\/100\n|\n|-heal|p2a: Goodra|98\/100|[from] item: Leftovers\n|upkeep\n|turn|38\n|\n|t:|1700313275\n|move|p1a: Nur der VFL|Moonblast|p2a: Goodra\n|-damage|p2a: Goodra|80\/100\n|move|p2a: Goodra|Scald|p1a: Nur der VFL\n|-damage|p1a: Nur der VFL|40\/100\n|\n|-heal|p2a: Goodra|87\/100|[from] item: Leftovers\n|upkeep\n|turn|39\n|\n|t:|1700313283\n|move|p1a: Nur der VFL|Wish|p1a: Nur der VFL\n|move|p2a: Goodra|Scald|p1a: Nur der VFL\n|-damage|p1a: Nur der VFL|24\/100\n|\n|-heal|p2a: Goodra|93\/100|[from] item: Leftovers\n|upkeep\n|turn|40\n|\n|t:|1700313300\n|move|p1a: Nur der VFL|Moonblast|p2a: Goodra\n|-damage|p2a: Goodra|75\/100\n|move|p2a: Goodra|Scald|p1a: Nur der VFL\n|-damage|p1a: Nur der VFL|7\/100\n|-status|p1a: Nur der VFL|brn\n|\n|-heal|p1a: Nur der VFL|57\/100 brn|[from] move: Wish|[wisher] Nur der VFL\n|-heal|p2a: Goodra|82\/100|[from] item: Leftovers\n|-damage|p1a: Nur der VFL|51\/100 brn|[from] brn\n|upkeep\n|turn|41\n|\n|t:|1700313322\n|switch|p1a: G.O.A.T.|Slowking, M|88\/100 psn\n|move|p2a: Goodra|Scald|p1a: G.O.A.T.\n|-resisted|p1a: G.O.A.T.\n|-damage|p1a: G.O.A.T.|75\/100 psn\n|\n|-heal|p2a: Goodra|88\/100|[from] item: Leftovers\n|-damage|p1a: G.O.A.T.|63\/100 psn|[from] psn\n|upkeep\n|turn|42\n|\n|t:|1700313342\n|move|p2a: Goodra|Knock Off|p1a: G.O.A.T.\n|-supereffective|p1a: G.O.A.T.\n|-enditem|p1a: G.O.A.T.|Colbur Berry|[eat]\n|-enditem|p1a: G.O.A.T.|Colbur Berry|[weaken]\n|-damage|p1a: G.O.A.T.|46\/100 psn\n|move|p1a: G.O.A.T.|Psychic|p2a: Goodra\n|-damage|p2a: Goodra|72\/100\n|\n|-heal|p2a: Goodra|78\/100|[from] item: Leftovers\n|-damage|p1a: G.O.A.T.|34\/100 psn|[from] psn\n|upkeep\n|turn|43\n|\n|t:|1700313353\n|switch|p1a: Nur der VFL|Florges-White, F|51\/100 brn\n|move|p2a: Goodra|Knock Off|p1a: Nur der VFL\n|-resisted|p1a: Nur der VFL\n|-damage|p1a: Nur der VFL|43\/100 brn\n|\n|-heal|p2a: Goodra|85\/100|[from] item: Leftovers\n|-damage|p1a: Nur der VFL|36\/100 brn|[from] brn\n|upkeep\n|turn|44\n|\n|t:|1700313363\n|move|p1a: Nur der VFL|Wish|p1a: Nur der VFL\n|move|p2a: Goodra|Scald|p1a: Nur der VFL\n|-damage|p1a: Nur der VFL|21\/100 brn\n|\n|-heal|p2a: Goodra|91\/100|[from] item: Leftovers\n|-damage|p1a: Nur der VFL|14\/100 brn|[from] brn\n|upkeep\n|turn|45\n|\n|t:|1700313378\n|switch|p1a: Take my money|Gholdengo|92\/100 brn\n|move|p2a: Goodra|Scald|p1a: Take my money\n|-crit|p1a: Take my money\n|-damage|p1a: Take my money|52\/100 brn\n|\n|-heal|p1a: Take my money|99\/100 brn|[from] move: Wish|[wisher] Nur der VFL\n|-heal|p1a: Take my money|100\/100 brn|[from] item: Leftovers\n|-heal|p2a: Goodra|97\/100|[from] item: Leftovers\n|-damage|p1a: Take my money|94\/100 brn|[from] brn\n|upkeep\n|turn|46\n|\n|t:|1700313398\n|switch|p1a: G.O.A.T.|Slowking, M|67\/100 psn\n|move|p2a: Goodra|Flamethrower|p1a: G.O.A.T.\n|-resisted|p1a: G.O.A.T.\n|-damage|p1a: G.O.A.T.|59\/100 psn\n|\n|-heal|p2a: Goodra|100\/100|[from] item: Leftovers\n|-damage|p1a: G.O.A.T.|46\/100 psn|[from] psn\n|upkeep\n|turn|47\n|\n|t:|1700313407\n|move|p2a: Goodra|Knock Off|p1a: G.O.A.T.\n|-supereffective|p1a: G.O.A.T.\n|-damage|p1a: G.O.A.T.|24\/100 psn\n|move|p1a: G.O.A.T.|Thunder Wave|p2a: Goodra\n|-status|p2a: Goodra|par\n|\n|-damage|p1a: G.O.A.T.|11\/100 psn|[from] psn\n|upkeep\n|turn|48\n|\n|t:|1700313422\n|switch|p1a: Nur der VFL|Florges-White, F|14\/100 brn\n|move|p2a: Goodra|Knock Off|p1a: Nur der VFL\n|-resisted|p1a: Nur der VFL\n|-damage|p1a: Nur der VFL|6\/100 brn\n|\n|-damage|p1a: Nur der VFL|0 fnt|[from] brn\n|faint|p1a: Nur der VFL\n|upkeep\n|\n|t:|1700313460\n|switch|p1a: Bob|Tyranitar, M|100\/100\n|-weather|Sandstorm|[from] ability: Sand Stream|[of] p1a: Bob\n|turn|49\n|\n|t:|1700313470\n|switch|p2a: Weezing|Weezing, F, shiny|100\/100\n|move|p1a: Bob|Roar|p2a: Weezing\n|drag|p2a: Greninja|Greninja, F|100\/100\n|\n|-weather|Sandstorm|[upkeep]\n|-damage|p2a: Greninja|95\/100|[from] Sandstorm\n|upkeep\n|turn|50\n|\n|t:|1700313485\n|switch|p2a: Weezing|Weezing, F, shiny|100\/100\n|move|p1a: Bob|Low Kick|p2a: Weezing\n|-resisted|p2a: Weezing\n|-damage|p2a: Weezing|99\/100\n|\n|-weather|Sandstorm|[upkeep]\n|-damage|p2a: Weezing|93\/100|[from] Sandstorm\n|-heal|p2a: Weezing|99\/100|[from] item: Black Sludge\n|upkeep\n|turn|51\n|\n|t:|1700313506\n|switch|p1a: G.O.A.T.|Slowking, M|45\/100 psn\n|move|p2a: Weezing|Will-O-Wisp|p1a: G.O.A.T.|[miss]\n|-miss|p2a: Weezing|p1a: G.O.A.T.\n|\n|-weather|Sandstorm|[upkeep]\n|-damage|p2a: Weezing|93\/100|[from] Sandstorm\n|-damage|p1a: G.O.A.T.|38\/100 psn|[from] Sandstorm\n|-heal|p2a: Weezing|99\/100|[from] item: Black Sludge\n|-damage|p1a: G.O.A.T.|26\/100 psn|[from] psn\n|upkeep\n|turn|52\n|\n|t:|1700313517\n|switch|p2a: Goodra|Goodra, F, tera:Water|100\/100 par\n|move|p1a: G.O.A.T.|Thunder Wave|p2a: Goodra\n|-fail|p2a: Goodra|par\n|\n|-weather|Sandstorm|[upkeep]\n|-damage|p2a: Goodra|94\/100 par|[from] Sandstorm\n|-damage|p1a: G.O.A.T.|20\/100 psn|[from] Sandstorm\n|-heal|p2a: Goodra|100\/100 par|[from] item: Leftovers\n|-damage|p1a: G.O.A.T.|7\/100 psn|[from] psn\n|upkeep\n|turn|53\n|\n|t:|1700313536\n|switch|p1a: Take my money|Gholdengo|94\/100 brn\n|move|p2a: Goodra|Scald|p1a: Take my money\n|-damage|p1a: Take my money|70\/100 brn\n|\n|-weather|Sandstorm|[upkeep]\n|-damage|p2a: Goodra|94\/100 par|[from] Sandstorm\n|-heal|p1a: Take my money|76\/100 brn|[from] item: Leftovers\n|-heal|p2a: Goodra|100\/100 par|[from] item: Leftovers\n|-damage|p1a: Take my money|70\/100 brn|[from] brn\n|upkeep\n|turn|54\n|\n|t:|1700313548\n|move|p1a: Take my money|Nasty Plot|p1a: Take my money\n|-boost|p1a: Take my money|spa|2\n|move|p2a: Goodra|Flamethrower|p1a: Take my money\n|-supereffective|p1a: Take my money\n|-damage|p1a: Take my money|34\/100 brn\n|\n|-weather|Sandstorm|[upkeep]\n|-damage|p2a: Goodra|94\/100 par|[from] Sandstorm\n|-heal|p1a: Take my money|40\/100 brn|[from] item: Leftovers\n|-heal|p2a: Goodra|100\/100 par|[from] item: Leftovers\n|-damage|p1a: Take my money|34\/100 brn|[from] brn\n|upkeep\n|turn|55\n|\n|t:|1700313564\n|move|p1a: Take my money|Recover|p1a: Take my money\n|-heal|p1a: Take my money|84\/100 brn\n|cant|p2a: Goodra|par\n|\n|-weather|Sandstorm|[upkeep]\n|-damage|p2a: Goodra|94\/100 par|[from] Sandstorm\n|-heal|p1a: Take my money|90\/100 brn|[from] item: Leftovers\n|-heal|p2a: Goodra|100\/100 par|[from] item: Leftovers\n|-damage|p1a: Take my money|84\/100 brn|[from] brn\n|upkeep\n|turn|56\n|\n|t:|1700313586\n|move|p1a: Take my money|Nasty Plot|p1a: Take my money\n|-boost|p1a: Take my money|spa|2\n|move|p2a: Goodra|Flamethrower|p1a: Take my money\n|-supereffective|p1a: Take my money\n|-damage|p1a: Take my money|43\/100 brn\n|\n|-weather|none\n|-heal|p1a: Take my money|50\/100 brn|[from] item: Leftovers\n|-damage|p1a: Take my money|43\/100 brn|[from] brn\n|upkeep\n|turn|57\n|\n|t:|1700313596\n|move|p1a: Take my money|Recover|p1a: Take my money\n|-heal|p1a: Take my money|94\/100 brn\n|cant|p2a: Goodra|par\n|\n|-heal|p1a: Take my money|99\/100 brn|[from] item: Leftovers\n|-damage|p1a: Take my money|94\/100 brn|[from] brn\n|upkeep\n|turn|58\n|\n|t:|1700313607\n|move|p1a: Take my money|Make It Rain|p2a: Goodra\n|-resisted|p2a: Goodra\n|-damage|p2a: Goodra|61\/100 par\n|-unboost|p1a: Take my money|spa|1\n|cant|p2a: Goodra|par\n|\n|-heal|p1a: Take my money|99\/100 brn|[from] item: Leftovers\n|-heal|p2a: Goodra|67\/100 par|[from] item: Leftovers\n|-damage|p1a: Take my money|94\/100 brn|[from] brn\n|upkeep\n|turn|59\n|\n|t:|1700313621\n|move|p1a: Take my money|Nasty Plot|p1a: Take my money\n|-boost|p1a: Take my money|spa|2\n|move|p2a: Goodra|Rest|p2a: Goodra\n|-status|p2a: Goodra|slp|[from] move: Rest\n|-heal|p2a: Goodra|100\/100 slp|[silent]\n|\n|-heal|p1a: Take my money|99\/100 brn|[from] item: Leftovers\n|-damage|p1a: Take my money|94\/100 brn|[from] brn\n|upkeep\n|turn|60\n|\n|t:|1700313635\n|move|p1a: Take my money|Shadow Ball|p2a: Goodra\n|-damage|p2a: Goodra|39\/100 slp\n|cant|p2a: Goodra|slp\n|\n|-heal|p1a: Take my money|99\/100 brn|[from] item: Leftovers\n|-heal|p2a: Goodra|46\/100 slp|[from] item: Leftovers\n|-damage|p1a: Take my money|94\/100 brn|[from] brn\n|upkeep\n|turn|61\n|\n|t:|1700313646\n|switch|p2a: Iron Treads|Iron Treads|44\/100\n|move|p1a: Take my money|Shadow Ball|p2a: Iron Treads\n|-damage|p2a: Iron Treads|0 fnt\n|faint|p2a: Iron Treads\n|-end|p2a: Iron Treads|Quark Drive|[silent]\n|\n|-heal|p1a: Take my money|99\/100 brn|[from] item: Leftovers\n|-damage|p1a: Take my money|94\/100 brn|[from] brn\n|upkeep\n|\n|t:|1700313655\n|switch|p2a: Greninja|Greninja, F|95\/100\n|turn|62\n|j| michpanta\n|\n|t:|1700313677\n|move|p2a: Greninja|Dark Pulse|p1a: Take my money\n|-start|p2a: Greninja|typechange|Dark|[from] ability: Protean\n|-supereffective|p1a: Take my money\n|-damage|p1a: Take my money|25\/100 brn\n|move|p1a: Take my money|Make It Rain|p2a: Greninja\n|-damage|p2a: Greninja|0 fnt\n|-unboost|p1a: Take my money|spa|1\n|faint|p2a: Greninja\n|\n|-heal|p1a: Take my money|31\/100 brn|[from] item: Leftovers\n|-damage|p1a: Take my money|25\/100 brn|[from] brn\n|upkeep\n|\n|t:|1700313692\n|switch|p2a: Infernape|Infernape, M|100\/100\n|turn|63\n|\n|t:|1700313702\n|switch|p1a: G.O.A.T.|Slowking, M|41\/100 psn\n|move|p2a: Infernape|Earthquake|p1a: G.O.A.T.\n|-damage|p1a: G.O.A.T.|17\/100 psn\n|\n|-damage|p1a: G.O.A.T.|4\/100 psn|[from] psn\n|upkeep\n|turn|64\n|\n|t:|1700313711\n|move|p2a: Infernape|Earthquake|p1a: G.O.A.T.\n|-damage|p1a: G.O.A.T.|0 fnt\n|faint|p1a: G.O.A.T.\n|\n|upkeep\n|\n|t:|1700313746\n|switch|p1a: Olivia Jones|Tsareena, F, shiny|90\/100\n|turn|65\n|\n|t:|1700313764\n|move|p2a: Infernape|Flamethrower|p1a: Olivia Jones\n|-supereffective|p1a: Olivia Jones\n|-damage|p1a: Olivia Jones|33\/100\n|move|p1a: Olivia Jones|Synthesis|p1a: Olivia Jones\n|-heal|p1a: Olivia Jones|83\/100\n|\n|upkeep\n|turn|66\n|\n|t:|1700313771\n|switch|p1a: Bob|Tyranitar, M|100\/100\n|-weather|Sandstorm|[from] ability: Sand Stream|[of] p1a: Bob\n|move|p2a: Infernape|Flamethrower|p1a: Bob\n|-resisted|p1a: Bob\n|-damage|p1a: Bob|94\/100\n|\n|-weather|Sandstorm|[upkeep]\n|-damage|p2a: Infernape|94\/100|[from] Sandstorm\n|upkeep\n|turn|67\n|\n|t:|1700313782\n|switch|p2a: Weezing|Weezing, F, shiny|99\/100\n|switch|p1a: Olivia Jones|Tsareena, F, shiny|83\/100\n|\n|-weather|Sandstorm|[upkeep]\n|-damage|p1a: Olivia Jones|77\/100|[from] Sandstorm\n|-damage|p2a: Weezing|93\/100|[from] Sandstorm\n|-heal|p2a: Weezing|99\/100|[from] item: Black Sludge\n|upkeep\n|turn|68\n|\n|t:|1700313812\n|switch|p1a: Bob|Tyranitar, M|94\/100\n|move|p2a: Weezing|Flamethrower|p1a: Bob\n|-resisted|p1a: Bob\n|-damage|p1a: Bob|88\/100\n|\n|-weather|Sandstorm|[upkeep]\n|-damage|p2a: Weezing|93\/100|[from] Sandstorm\n|-heal|p2a: Weezing|99\/100|[from] item: Black Sludge\n|upkeep\n|turn|69\n|\n|t:|1700313822\n|move|p1a: Bob|Stealth Rock|p2a: Weezing\n|-sidestart|p2: Dave1200|move: Stealth Rock\n|move|p2a: Weezing|Will-O-Wisp|p1a: Bob|[miss]\n|-miss|p2a: Weezing|p1a: Bob\n|\n|-weather|Sandstorm|[upkeep]\n|-damage|p2a: Weezing|93\/100|[from] Sandstorm\n|-heal|p2a: Weezing|99\/100|[from] item: Black Sludge\n|upkeep\n|turn|70\n|\n|t:|1700313832\n|switch|p1a: Take my money|Gholdengo|25\/100 brn\n|move|p2a: Weezing|Will-O-Wisp|p1a: Take my money\n|-immune|p1a: Take my money|[from] ability: Good as Gold\n|\n|-weather|Sandstorm|[upkeep]\n|-damage|p2a: Weezing|93\/100|[from] Sandstorm\n|-heal|p1a: Take my money|31\/100 brn|[from] item: Leftovers\n|-heal|p2a: Weezing|99\/100|[from] item: Black Sludge\n|-damage|p1a: Take my money|25\/100 brn|[from] brn\n|upkeep\n|turn|71\n|\n|t:|1700313855\n|switch|p2a: Goodra|Goodra, F, tera:Water|46\/100 slp\n|-damage|p2a: Goodra|33\/100 slp|[from] Stealth Rock\n|move|p1a: Take my money|Shadow Ball|p2a: Goodra\n|-damage|p2a: Goodra|17\/100 slp\n|\n|-weather|Sandstorm|[upkeep]\n|-damage|p2a: Goodra|10\/100 slp|[from] Sandstorm\n|-heal|p1a: Take my money|31\/100 brn|[from] item: Leftovers\n|-heal|p2a: Goodra|17\/100 slp|[from] item: Leftovers\n|-damage|p1a: Take my money|25\/100 brn|[from] brn\n|upkeep\n|turn|72\n|\n|t:|1700313868\n|move|p1a: Take my money|Recover|p1a: Take my money\n|-heal|p1a: Take my money|75\/100 brn\n|cant|p2a: Goodra|slp\n|\n|-weather|Sandstorm|[upkeep]\n|-damage|p2a: Goodra|10\/100 slp|[from] Sandstorm\n|-heal|p1a: Take my money|81\/100 brn|[from] item: Leftovers\n|-heal|p2a: Goodra|17\/100 slp|[from] item: Leftovers\n|-damage|p1a: Take my money|75\/100 brn|[from] brn\n|upkeep\n|turn|73\n|\n|t:|1700313878\n|move|p1a: Take my money|Shadow Ball|p2a: Goodra\n|-damage|p2a: Goodra|0 fnt\n|faint|p2a: Goodra\n|\n|-weather|none\n|-heal|p1a: Take my money|81\/100 brn|[from] item: Leftovers\n|-damage|p1a: Take my money|75\/100 brn|[from] brn\n|upkeep\n|\n|t:|1700313888\n|switch|p2a: Infernape|Infernape, M|94\/100\n|-damage|p2a: Infernape|82\/100|[from] Stealth Rock\n|turn|74\n|\n|t:|1700313900\n|switch|p1a: Olivia Jones|Tsareena, F, shiny|77\/100\n|move|p2a: Infernape|Flamethrower|p1a: Olivia Jones\n|-supereffective|p1a: Olivia Jones\n|-damage|p1a: Olivia Jones|22\/100\n|\n|upkeep\n|turn|75\n|\n|t:|1700313915\n|move|p2a: Infernape|Swords Dance|p2a: Infernape\n|-boost|p2a: Infernape|atk|2\n|move|p1a: Olivia Jones|Synthesis|p1a: Olivia Jones\n|-heal|p1a: Olivia Jones|71\/100\n|\n|upkeep\n|turn|76\n|\n|t:|1700313922\n|move|p2a: Infernape|Flamethrower|p1a: Olivia Jones\n|-supereffective|p1a: Olivia Jones\n|-damage|p1a: Olivia Jones|9\/100\n|move|p1a: Olivia Jones|Taunt|p2a: Infernape\n|-start|p2a: Infernape|move: Taunt\n|\n|upkeep\n|turn|77\n|\n|t:|1700313929\n|move|p2a: Infernape|Flamethrower|p1a: Olivia Jones\n|-supereffective|p1a: Olivia Jones\n|-damage|p1a: Olivia Jones|0 fnt\n|faint|p1a: Olivia Jones\n|\n|upkeep\n|\n|t:|1700313937\n|switch|p1a: Bob|Tyranitar, M|88\/100\n|-weather|Sandstorm|[from] ability: Sand Stream|[of] p1a: Bob\n|turn|78\n|\n|t:|1700313947\n|move|p2a: Infernape|Mach Punch|p1a: Bob\n|-supereffective|p1a: Bob\n|-damage|p1a: Bob|0 fnt\n|faint|p1a: Bob\n|\n|-weather|Sandstorm|[upkeep]\n|-damage|p2a: Infernape|76\/100|[from] Sandstorm\n|upkeep\n|\n|t:|1700313953\n|switch|p1a: Last respect|Houndstone, F|100\/100\n|turn|79\n|\n|t:|1700313963\n|switch|p2a: Weezing|Weezing, F, shiny|99\/100\n|-damage|p2a: Weezing|86\/100|[from] Stealth Rock\n|-terastallize|p1a: Last respect|Fairy\n|move|p1a: Last respect|Poltergeist|p2a: Weezing\n|-activate|p2a: Weezing|move: Poltergeist|Black Sludge\n|-damage|p2a: Weezing|41\/100\n|-damage|p1a: Last respect|91\/100|[from] item: Life Orb\n|\n|-weather|Sandstorm|[upkeep]\n|-damage|p2a: Weezing|35\/100|[from] Sandstorm\n|-heal|p2a: Weezing|41\/100|[from] item: Black Sludge\n|upkeep\n|turn|80\n|\n|t:|1700313977\n|move|p1a: Last respect|Poltergeist|p2a: Weezing\n|-activate|p2a: Weezing|move: Poltergeist|Black Sludge\n|-damage|p2a: Weezing|0 fnt\n|faint|p2a: Weezing\n|-damage|p1a: Last respect|81\/100|[from] item: Life Orb\n|\n|-weather|Sandstorm|[upkeep]\n|upkeep\n|\n|t:|1700313986\n|switch|p2a: Ogerpon|Ogerpon, F|61\/100 par\n|-damage|p2a: Ogerpon|49\/100 par|[from] Stealth Rock\n|turn|81\n|\n|t:|1700313992\n|move|p1a: Last respect|Poltergeist|p2a: Ogerpon\n|-activate|p2a: Ogerpon|move: Poltergeist|Razor Claw\n|-damage|p2a: Ogerpon|0 fnt\n|faint|p2a: Ogerpon\n|-damage|p1a: Last respect|71\/100|[from] item: Life Orb\n|\n|-weather|Sandstorm|[upkeep]\n|upkeep\n|\n|t:|1700313999\n|switch|p2a: Infernape|Infernape, M|76\/100\n|-damage|p2a: Infernape|64\/100|[from] Stealth Rock\n|turn|82\n|\n|t:|1700314013\n|move|p1a: Last respect|Poltergeist|p2a: Infernape\n|-activate|p2a: Infernape|move: Poltergeist|Punching Glove\n|-damage|p2a: Infernape|0 fnt\n|faint|p2a: Infernape\n|-damage|p1a: Last respect|61\/100|[from] item: Life Orb\n|\n|win|El Barano\n|c|\u2606El Barano|gg\n|c|\u2606Dave1200|gg\n","uploadtime":1700314073,"views":31,"p1id":"elbarano","p2id":"dave1200","formatid":"gen9anythinggoes","rating":0,"private":0,"password":""}