{"id":"gen9anythinggoes-1978953204","p1":"gingerninja23","p2":"IUX goldynguy","format":"[Gen 9] Anything Goes","log":"|j|\u2606gingerninja23\n|j|\u2606IUX goldynguy\n|t:|1698614042\n|gametype|singles\n|player|p1|gingerninja23|brassius|\n|player|p2|IUX goldynguy|drayden|\n|teamsize|p1|6\n|teamsize|p2|6\n|gen|9\n|tier|[Gen 9] Anything Goes\n|rule|HP Percentage Mod: HP is shown in percentages\n|rule|Endless Battle Clause: Forcing endless battles is banned\n|clearpoke\n|poke|p1|Umbreon, M|\n|poke|p1|Donphan, M|\n|poke|p1|Crocalor, M|\n|poke|p1|Goodra-Hisui, M|\n|poke|p1|Lycanroc-Dusk, F|\n|poke|p1|Iron Valiant|\n|poke|p2|Mamoswine, M|\n|poke|p2|Uxie|\n|poke|p2|Toxicroak, M|\n|poke|p2|Dragapult, F|\n|poke|p2|Rotom-Wash|\n|poke|p2|Iron Treads|\n|teampreview\n|c|\u2606IUX goldynguy|good luck and have fun!\n|c|\u2606IUX goldynguy|no IUX name? :(\n|c|\u2606gingerninja23|u2\n|c|\u2606gingerninja23|whoops forgot to re-log into the main. my bad\n|\n|t:|1698614095\n|start\n|switch|p1a: Donphan|Donphan, M|100\/100\n|switch|p2a: Jinbe|Rotom-Wash|100\/100\n|turn|1\n|\n|t:|1698614115\n|switch|p1a: Umbreon|Umbreon, M|100\/100\n|move|p2a: Jinbe|Will-O-Wisp|p1a: Umbreon\n|-status|p1a: Umbreon|brn\n|-activate|p1a: Umbreon|ability: Synchronize\n|-status|p2a: Jinbe|brn\n|\n|-damage|p2a: Jinbe|94\/100 brn|[from] brn\n|-damage|p1a: Umbreon|94\/100 brn|[from] brn\n|upkeep\n|turn|2\n|\n|t:|1698614131\n|move|p2a: Jinbe|Volt Switch|p1a: Umbreon\n|-damage|p1a: Umbreon|81\/100 brn\n|\n|t:|1698614141\n|switch|p2a: Magellan|Toxicroak, M, shiny|100\/100|[from] Volt Switch\n|move|p1a: Umbreon|Wish|p1a: Umbreon\n|\n|-heal|p1a: Umbreon|87\/100 brn|[from] item: Leftovers\n|-damage|p1a: Umbreon|81\/100 brn|[from] brn\n|upkeep\n|turn|3\n|\n|t:|1698614161\n|switch|p1a: Donphan|Donphan, M|100\/100\n|move|p2a: Magellan|Substitute|p2a: Magellan\n|-start|p2a: Magellan|Substitute\n|-damage|p2a: Magellan|75\/100\n|\n|-heal|p2a: Magellan|82\/100|[from] item: Black Sludge\n|upkeep\n|turn|4\n|\n|t:|1698614171\n|move|p2a: Magellan|Toxic|p1a: Donphan\n|-status|p1a: Donphan|tox\n|move|p1a: Donphan|Earthquake|p2a: Magellan\n|-supereffective|p2a: Magellan\n|-end|p2a: Magellan|Substitute\n|\n|-heal|p2a: Magellan|88\/100|[from] item: Black Sludge\n|-damage|p1a: Donphan|94\/100 tox|[from] psn\n|upkeep\n|turn|5\n|\n|t:|1698614196\n|switch|p2a: Jinbe|Rotom-Wash|94\/100 brn\n|move|p1a: Donphan|Knock Off|p2a: Jinbe\n|-damage|p2a: Jinbe|71\/100 brn\n|-enditem|p2a: Jinbe|Leftovers|[from] move: Knock Off|[of] p1a: Donphan\n|\n|-heal|p1a: Donphan|100\/100 tox|[from] item: Leftovers\n|-damage|p1a: Donphan|88\/100 tox|[from] psn\n|-damage|p2a: Jinbe|65\/100 brn|[from] brn\n|upkeep\n|turn|6\n|\n|t:|1698614211\n|switch|p1a: Umbreon|Umbreon, M|81\/100 brn\n|move|p2a: Jinbe|Volt Switch|p1a: Umbreon\n|-damage|p1a: Umbreon|68\/100 brn\n|\n|t:|1698614257\n|switch|p2a: Vegapunk|Uxie, shiny|100\/100|[from] Volt Switch\n|\n|-heal|p1a: Umbreon|74\/100 brn|[from] item: Leftovers\n|-damage|p1a: Umbreon|68\/100 brn|[from] brn\n|upkeep\n|turn|7\n|\n|t:|1698614265\n|move|p2a: Vegapunk|U-turn|p1a: Umbreon\n|-supereffective|p1a: Umbreon\n|-damage|p1a: Umbreon|51\/100 brn\n|\n|t:|1698614269\n|switch|p2a: Whitebeard|Mamoswine, M, shiny|100\/100|[from] U-turn\n|move|p1a: Umbreon|Toxic|p2a: Whitebeard\n|-status|p2a: Whitebeard|tox\n|\n|-heal|p1a: Umbreon|57\/100 brn|[from] item: Leftovers\n|-damage|p2a: Whitebeard|94\/100 tox|[from] psn\n|-damage|p1a: Umbreon|51\/100 brn|[from] brn\n|upkeep\n|turn|8\n|\n|t:|1698614300\n|switch|p1a: Donphan|Donphan, M|88\/100 tox\n|move|p2a: Whitebeard|Earthquake|p1a: Donphan\n|-damage|p1a: Donphan|42\/100 tox\n|\n|-heal|p1a: Donphan|48\/100 tox|[from] item: Leftovers\n|-damage|p2a: Whitebeard|82\/100 tox|[from] psn\n|-damage|p1a: Donphan|42\/100 tox|[from] psn\n|upkeep\n|turn|9\n|\n|t:|1698614321\n|move|p2a: Whitebeard|Earthquake|p1a: Donphan\n|-damage|p1a: Donphan|0 fnt\n|faint|p1a: Donphan\n|\n|-damage|p2a: Whitebeard|64\/100 tox|[from] psn\n|upkeep\n|\n|t:|1698614338\n|switch|p1a: Lycanroc|Lycanroc-Dusk, F|100\/100\n|turn|10\n|\n|t:|1698614372\n|switch|p2a: Vegapunk|Uxie, shiny|100\/100\n|move|p1a: Lycanroc|Close Combat|p2a: Vegapunk\n|-resisted|p2a: Vegapunk\n|-damage|p2a: Vegapunk|80\/100\n|-unboost|p1a: Lycanroc|def|1\n|-unboost|p1a: Lycanroc|spd|1\n|-damage|p1a: Lycanroc|91\/100|[from] item: Life Orb\n|\n|upkeep\n|turn|11\n|\n|t:|1698614400\n|switch|p1a: Goodra|Goodra-Hisui, M|100\/100\n|move|p2a: Vegapunk|Stealth Rock|p1a: Goodra\n|-sidestart|p1: gingerninja23|move: Stealth Rock\n|\n|upkeep\n|turn|12\n|\n|t:|1698614414\n|move|p2a: Vegapunk|Yawn|p1a: Goodra\n|-start|p1a: Goodra|move: Yawn|[of] p2a: Vegapunk\n|move|p1a: Goodra|Acid Armor|p1a: Goodra\n|-boost|p1a: Goodra|def|2\n|\n|upkeep\n|turn|13\n|\n|t:|1698614423\n|move|p2a: Vegapunk|U-turn|p1a: Goodra\n|-resisted|p1a: Goodra\n|-damage|p1a: Goodra|98\/100\n|\n|t:|1698614432\n|switch|p2a: Magellan|Toxicroak, M, shiny|88\/100|[from] U-turn\n|move|p1a: Goodra|Acid Armor|p1a: Goodra\n|-boost|p1a: Goodra|def|2\n|\n|-heal|p2a: Magellan|94\/100|[from] item: Black Sludge\n|-end|p1a: Goodra|move: Yawn|[silent]\n|-status|p1a: Goodra|slp\n|upkeep\n|turn|14\n|\n|t:|1698614445\n|move|p2a: Magellan|Super Fang|p1a: Goodra\n|-damage|p1a: Goodra|49\/100 slp\n|cant|p1a: Goodra|slp\n|\n|-heal|p2a: Magellan|100\/100|[from] item: Black Sludge\n|upkeep\n|turn|15\n|\n|t:|1698614455\n|move|p2a: Magellan|Knock Off|p1a: Goodra\n|-damage|p1a: Goodra|42\/100 slp\n|-enditem|p1a: Goodra|Shuca Berry|[from] move: Knock Off|[of] p2a: Magellan\n|cant|p1a: Goodra|slp\n|\n|upkeep\n|turn|16\n|\n|t:|1698614467\n|move|p2a: Magellan|Super Fang|p1a: Goodra|[miss]\n|-miss|p2a: Magellan|p1a: Goodra\n|-curestatus|p1a: Goodra|slp|[msg]\n|move|p1a: Goodra|Rest|p1a: Goodra\n|-status|p1a: Goodra|slp|[from] move: Rest\n|-heal|p1a: Goodra|100\/100 slp|[silent]\n|\n|upkeep\n|turn|17\n|\n|t:|1698614477\n|move|p2a: Magellan|Super Fang|p1a: Goodra\n|-damage|p1a: Goodra|51\/100 slp\n|cant|p1a: Goodra|slp\n|\n|upkeep\n|turn|18\n|\n|t:|1698614496\n|move|p2a: Magellan|Super Fang|p1a: Goodra\n|-damage|p1a: Goodra|26\/100 slp\n|cant|p1a: Goodra|slp\n|\n|upkeep\n|turn|19\n|\n|t:|1698614524\n|switch|p2a: Franky|Iron Treads, shiny|100\/100\n|-curestatus|p1a: Goodra|slp|[msg]\n|move|p1a: Goodra|Rest|p1a: Goodra\n|-status|p1a: Goodra|slp|[from] move: Rest\n|-heal|p1a: Goodra|100\/100 slp|[silent]\n|\n|upkeep\n|turn|20\n|\n|t:|1698614533\n|move|p2a: Franky|Earthquake|p1a: Goodra\n|-supereffective|p1a: Goodra\n|-damage|p1a: Goodra|72\/100 slp\n|cant|p1a: Goodra|slp\n|\n|upkeep\n|turn|21\n|\n|t:|1698614538\n|move|p2a: Franky|Earthquake|p1a: Goodra\n|-supereffective|p1a: Goodra\n|-damage|p1a: Goodra|42\/100 slp\n|cant|p1a: Goodra|slp\n|\n|upkeep\n|turn|22\n|\n|t:|1698614552\n|-end|p2a: Franky|Quark Drive|[silent]\n|switch|p2a: Perona|Dragapult, F, shiny|100\/100\n|-curestatus|p1a: Goodra|slp|[msg]\n|move|p1a: Goodra|Acid Armor|p1a: Goodra\n|-boost|p1a: Goodra|def|2\n|\n|upkeep\n|turn|23\n|\n|t:|1698614571\n|move|p2a: Perona|Draco Meteor|p1a: Goodra\n|-damage|p1a: Goodra|0 fnt\n|-unboost|p2a: Perona|spa|2\n|faint|p1a: Goodra\n|\n|upkeep\n|\n|t:|1698614577\n|switch|p1a: Iron Valiant|Iron Valiant|100\/100\n|-damage|p1a: Iron Valiant|94\/100|[from] Stealth Rock\n|turn|24\n|\n|t:|1698614585\n|switch|p2a: Magellan|Toxicroak, M, shiny|100\/100\n|move|p1a: Iron Valiant|Spirit Break|p2a: Magellan\n|-damage|p2a: Magellan|44\/100\n|-unboost|p2a: Magellan|spa|1\n|\n|-heal|p2a: Magellan|50\/100|[from] item: Black Sludge\n|upkeep\n|turn|25\n|\n|t:|1698614656\n|move|p1a: Iron Valiant|Spirit Break|p2a: Magellan\n|-damage|p2a: Magellan|3\/100\n|-unboost|p2a: Magellan|spa|1\n|move|p2a: Magellan|Toxic|p1a: Iron Valiant\n|-status|p1a: Iron Valiant|tox\n|\n|-heal|p2a: Magellan|9\/100|[from] item: Black Sludge\n|-damage|p1a: Iron Valiant|88\/100 tox|[from] psn\n|upkeep\n|turn|26\n|c|\u2606gingerninja23|why am i getting cursed with low damage medians now lol\n|\n|t:|1698614699\n|switch|p2a: Franky|Iron Treads, shiny|100\/100\n|move|p1a: Iron Valiant|Spirit Break|p2a: Franky\n|-resisted|p2a: Franky\n|-damage|p2a: Franky|83\/100\n|-unboost|p2a: Franky|spa|1\n|\n|-damage|p1a: Iron Valiant|76\/100 tox|[from] psn\n|upkeep\n|turn|27\n|c|\u2606IUX goldynguy|no idea\n|\n|t:|1698614728\n|-end|p1a: Iron Valiant|Quark Drive|[silent]\n|switch|p1a: Umbreon|Umbreon, M|51\/100 brn\n|-damage|p1a: Umbreon|39\/100 brn|[from] Stealth Rock\n|move|p2a: Franky|Earthquake|p1a: Umbreon\n|-damage|p1a: Umbreon|0 fnt\n|faint|p1a: Umbreon\n|\n|upkeep\n|\n|t:|1698614765\n|switch|p1a: Lycanroc|Lycanroc-Dusk, F|91\/100\n|-damage|p1a: Lycanroc|78\/100|[from] Stealth Rock\n|turn|28\n|\n|t:|1698614792\n|-end|p2a: Franky|Quark Drive|[silent]\n|switch|p2a: Magellan|Toxicroak, M, shiny|9\/100\n|move|p1a: Lycanroc|Close Combat|p2a: Magellan\n|-resisted|p2a: Magellan\n|-damage|p2a: Magellan|0 fnt\n|-unboost|p1a: Lycanroc|def|1\n|-unboost|p1a: Lycanroc|spd|1\n|faint|p2a: Magellan\n|-damage|p1a: Lycanroc|68\/100|[from] item: Life Orb\n|\n|upkeep\n|\n|t:|1698614839\n|switch|p2a: Perona|Dragapult, F, shiny|100\/100\n|turn|29\n|\n|t:|1698614851\n|switch|p1a: Crocalor|Crocalor, M|100\/100\n|-damage|p1a: Crocalor|76\/100|[from] Stealth Rock\n|move|p2a: Perona|Shadow Ball|p1a: Crocalor\n|-damage|p1a: Crocalor|29\/100\n|-unboost|p1a: Crocalor|spd|1\n|\n|upkeep\n|turn|30\n|\n|t:|1698614863\n|move|p2a: Perona|Shadow Ball|p1a: Crocalor\n|-damage|p1a: Crocalor|0 fnt\n|faint|p1a: Crocalor\n|\n|upkeep\n|\n|t:|1698614873\n|switch|p1a: Iron Valiant|Iron Valiant|76\/100 tox\n|-damage|p1a: Iron Valiant|69\/100 tox|[from] Stealth Rock\n|turn|31\n|\n|t:|1698614891\n|switch|p2a: Jinbe|Rotom-Wash|65\/100 brn\n|move|p1a: Iron Valiant|Close Combat|p2a: Jinbe\n|-damage|p2a: Jinbe|16\/100 brn\n|-unboost|p1a: Iron Valiant|def|1\n|-unboost|p1a: Iron Valiant|spd|1\n|\n|-damage|p1a: Iron Valiant|63\/100 tox|[from] psn\n|-damage|p2a: Jinbe|9\/100 brn|[from] brn\n|upkeep\n|turn|32\n|\n|t:|1698614904\n|move|p1a: Iron Valiant|Close Combat|p2a: Jinbe\n|-damage|p2a: Jinbe|0 fnt\n|-unboost|p1a: Iron Valiant|def|1\n|-unboost|p1a: Iron Valiant|spd|1\n|faint|p2a: Jinbe\n|\n|-damage|p1a: Iron Valiant|51\/100 tox|[from] psn\n|upkeep\n|\n|t:|1698614914\n|switch|p2a: Perona|Dragapult, F, shiny|100\/100\n|turn|33\n|\n|t:|1698614925\n|-end|p1a: Iron Valiant|Quark Drive|[silent]\n|switch|p1a: Lycanroc|Lycanroc-Dusk, F|68\/100\n|-damage|p1a: Lycanroc|56\/100|[from] Stealth Rock\n|move|p2a: Perona|Shadow Ball|p1a: Lycanroc\n|-damage|p1a: Lycanroc|0 fnt\n|faint|p1a: Lycanroc\n|\n|upkeep\n|\n|t:|1698614933\n|switch|p1a: Iron Valiant|Iron Valiant|51\/100 tox\n|-damage|p1a: Iron Valiant|44\/100 tox|[from] Stealth Rock\n|turn|34\n|\n|t:|1698614949\n|switch|p2a: Vegapunk|Uxie, shiny|80\/100\n|move|p1a: Iron Valiant|Spirit Break|p2a: Vegapunk\n|-damage|p2a: Vegapunk|57\/100\n|-unboost|p2a: Vegapunk|spa|1\n|\n|-damage|p1a: Iron Valiant|38\/100 tox|[from] psn\n|upkeep\n|turn|35\n|\n|t:|1698614963\n|move|p1a: Iron Valiant|Spirit Break|p2a: Vegapunk\n|-damage|p2a: Vegapunk|34\/100\n|-unboost|p2a: Vegapunk|spa|1\n|move|p2a: Vegapunk|U-turn|p1a: Iron Valiant\n|-resisted|p1a: Iron Valiant\n|-damage|p1a: Iron Valiant|34\/100 tox\n|\n|t:|1698614977\n|switch|p2a: Franky|Iron Treads, shiny|83\/100|[from] U-turn\n|\n|-damage|p1a: Iron Valiant|22\/100 tox|[from] psn\n|upkeep\n|turn|36\n|c|\u2606IUX goldynguy|gg\n|\n|t:|1698614984\n|move|p1a: Iron Valiant|Spirit Break|p2a: Franky\n|-resisted|p2a: Franky\n|-damage|p2a: Franky|65\/100\n|-unboost|p2a: Franky|spa|1\n|move|p2a: Franky|Heavy Slam|p1a: Iron Valiant\n|-supereffective|p1a: Iron Valiant\n|-damage|p1a: Iron Valiant|0 fnt\n|faint|p1a: Iron Valiant\n|-end|p1a: Iron Valiant|Quark Drive|[silent]\n|\n|win|IUX goldynguy\n|c|\u2606gingerninja23|gg\n","uploadtime":1698614994,"views":23,"p1id":"gingerninja23","p2id":"iuxgoldynguy","formatid":"gen9anythinggoes","rating":0,"private":0,"password":""}