{"id":"gen9anythinggoes-1982037732","p1":"VaraDeBlaze","p2":"ResurrectedDragon","format":"[Gen 9] Anything Goes","log":"|j|\u2606VaraDeBlaze\n|j|\u2606ResurrectedDragon\n|t:|1698961782\n|gametype|singles\n|player|p1|VaraDeBlaze|cynthia-gen4|1147\n|player|p2|ResurrectedDragon|unknown|1092\n|teamsize|p1|6\n|teamsize|p2|6\n|gen|9\n|tier|[Gen 9] Anything Goes\n|rated|\n|rule|HP Percentage Mod: HP is shown in percentages\n|rule|Endless Battle Clause: Forcing endless battles is banned\n|clearpoke\n|poke|p1|Dragapult, F|\n|poke|p1|Calyrex-Shadow|\n|poke|p1|Gholdengo|\n|poke|p1|Annihilape, M|\n|poke|p1|Flutter Mane|\n|poke|p1|Houndstone, F|\n|poke|p2|Scizor, F|\n|poke|p2|Chi-Yu|\n|poke|p2|Pelipper, F|\n|poke|p2|Garganacl, M|\n|poke|p2|Zacian-*|\n|poke|p2|Toxapex, F|\n|teampreview\n|c|\u2606VaraDeBlaze|good luck\n|c|\u2606ResurrectedDragon|gl\n|\n|t:|1698961794\n|start\n|switch|p1a: Annihilape|Annihilape, M, shiny|100\/100\n|switch|p2a: Scizor|Scizor, F|100\/100\n|turn|1\n|\n|t:|1698961801\n|move|p1a: Annihilape|Bulk Up|p1a: Annihilape\n|-boost|p1a: Annihilape|atk|1\n|-boost|p1a: Annihilape|def|1\n|move|p2a: Scizor|Swords Dance|p2a: Scizor\n|-boost|p2a: Scizor|atk|2\n|\n|upkeep\n|turn|2\n|\n|t:|1698961816\n|move|p1a: Annihilape|Bulk Up|p1a: Annihilape\n|-boost|p1a: Annihilape|atk|1\n|-boost|p1a: Annihilape|def|1\n|move|p2a: Scizor|Swords Dance|p2a: Scizor\n|-boost|p2a: Scizor|atk|2\n|\n|upkeep\n|turn|3\n|\n|t:|1698961823\n|move|p1a: Annihilape|Stomping Tantrum|p2a: Scizor\n|-damage|p2a: Scizor|53\/100\n|move|p2a: Scizor|Baton Pass|p2a: Scizor\n|\n|t:|1698961826\n|switch|p2a: Zacian|Zacian-Crowned|100\/100|[from] Baton Pass\n|-ability|p2a: Zacian|Intrepid Sword|boost\n|-boost|p2a: Zacian|atk|1\n|\n|upkeep\n|turn|4\n|\n|t:|1698961840\n|-terastallize|p2a: Zacian|Fairy\n|move|p2a: Zacian|Play Rough|p1a: Annihilape\n|-supereffective|p1a: Annihilape\n|-damage|p1a: Annihilape|0 fnt\n|faint|p1a: Annihilape\n|\n|upkeep\n|\n|t:|1698961848\n|switch|p1a: Gholdengo|Gholdengo, shiny|100\/100\n|turn|5\n|\n|t:|1698961857\n|move|p2a: Zacian|Trailblaze|p1a: Gholdengo\n|-resisted|p1a: Gholdengo\n|-damage|p1a: Gholdengo|62\/100\n|-boost|p2a: Zacian|spe|1\n|move|p1a: Gholdengo|Shadow Ball|p2a: Zacian\n|-damage|p2a: Zacian|63\/100\n|\n|upkeep\n|turn|6\n|c|\u2606VaraDeBlaze|gg\n|\n|t:|1698961865\n|move|p2a: Zacian|Trailblaze|p1a: Gholdengo\n|-resisted|p1a: Gholdengo\n|-damage|p1a: Gholdengo|26\/100\n|-boost|p2a: Zacian|spe|1\n|move|p1a: Gholdengo|Shadow Ball|p2a: Zacian\n|-damage|p2a: Zacian|25\/100\n|\n|upkeep\n|turn|7\n|\n|t:|1698961872\n|move|p2a: Zacian|Trailblaze|p1a: Gholdengo\n|-resisted|p1a: Gholdengo\n|-damage|p1a: Gholdengo|0 fnt\n|-boost|p2a: Zacian|spe|1\n|faint|p1a: Gholdengo\n|\n|upkeep\n|\n|t:|1698961884\n|switch|p1a: Flutter Mane|Flutter Mane|100\/100\n|turn|8\n|\n|t:|1698961889\n|move|p2a: Zacian|Behemoth Blade|p1a: Flutter Mane\n|-supereffective|p1a: Flutter Mane\n|-damage|p1a: Flutter Mane|0 fnt\n|faint|p1a: Flutter Mane\n|-end|p1a: Flutter Mane|Protosynthesis|[silent]\n|\n|upkeep\n|-message|VaraDeBlaze forfeited.\n|\n|win|ResurrectedDragon\n|raw|VaraDeBlaze's rating: 1147 &rarr; <strong>1118<\/strong><br \/>(-29 for losing)\n|raw|ResurrectedDragon's rating: 1092 &rarr; <strong>1122<\/strong><br \/>(+30 for winning)\n|l|\u2606VaraDeBlaze\n","uploadtime":1698961922,"views":7,"p1id":"varadeblaze","p2id":"resurrecteddragon","formatid":"gen9anythinggoes","rating":1118,"private":0,"password":""}