{"id":"gen9anythinggoes-1979931555","p1":"DEX_000","p2":"baku2800","format":"[Gen 9] Anything Goes","log":"|j|\u2606DEX_000\n|j|\u2606baku2800\n|t:|1698731664\n|gametype|singles\n|player|p1|DEX_000|shadowtriad|1085\n|player|p2|baku2800|102|1075\n|teamsize|p1|6\n|teamsize|p2|6\n|gen|9\n|tier|[Gen 9] Anything Goes\n|rated|\n|rule|HP Percentage Mod: HP is shown in percentages\n|rule|Endless Battle Clause: Forcing endless battles is banned\n|clearpoke\n|poke|p1|Dragapult, M|\n|poke|p1|Groudon|\n|poke|p1|Spectrier|\n|poke|p1|Clodsire, M|\n|poke|p1|Ninetales-Alola, M|\n|poke|p1|Miraidon|\n|poke|p2|Palkia|\n|poke|p2|Giratina-Origin|\n|poke|p2|Darkrai|\n|poke|p2|Blissey, F|\n|poke|p2|Weavile, M|\n|poke|p2|Arceus-Poison|\n|teampreview\n|\n|t:|1698731681\n|start\n|switch|p1a: Clodsire|Clodsire, M|100\/100\n|switch|p2a: Weavile|Weavile, M|100\/100\n|turn|1\n|\n|t:|1698731691\n|move|p2a: Weavile|Ice Punch|p1a: Clodsire\n|-supereffective|p1a: Clodsire\n|-damage|p1a: Clodsire|25\/100\n|move|p1a: Clodsire|Curse|p1a: Clodsire\n|-unboost|p1a: Clodsire|spe|1\n|-boost|p1a: Clodsire|atk|1\n|-boost|p1a: Clodsire|def|1\n|\n|-heal|p1a: Clodsire|31\/100|[from] item: Black Sludge\n|upkeep\n|turn|2\n|\n|t:|1698731700\n|move|p2a: Weavile|Ice Punch|p1a: Clodsire\n|-supereffective|p1a: Clodsire\n|-damage|p1a: Clodsire|0 fnt\n|faint|p1a: Clodsire\n|\n|upkeep\n|\n|t:|1698731704\n|switch|p1a: Groudon|Groudon|100\/100\n|-weather|SunnyDay|[from] ability: Drought|[of] p1a: Groudon\n|turn|3\n|\n|t:|1698731717\n|switch|p2a: Palkia|Palkia|100\/100\n|-ability|p2a: Palkia|Pressure\n|move|p1a: Groudon|Fire Punch|p2a: Palkia\n|-resisted|p2a: Palkia\n|-damage|p2a: Palkia|90\/100\n|\n|-weather|SunnyDay|[upkeep]\n|upkeep\n|turn|4\n|c|\u2606DEX_000|fyck yiu\n|n|!DEX_000|dex000\n|\n|t:|1698731738\n|switch|p1a: Miraidon|Miraidon|100\/100\n|-fieldstart|move: Electric Terrain|[from] ability: Hadron Engine|[of] p1a: Miraidon\n|move|p2a: Palkia|Hydro Pump|p1a: Miraidon\n|-resisted|p1a: Miraidon\n|-damage|p1a: Miraidon|85\/100\n|\n|-weather|SunnyDay|[upkeep]\n|upkeep\n|turn|5\n|\n|t:|1698731752\n|move|p1a: Miraidon|Parabolic Charge|p2a: Palkia\n|-damage|p2a: Palkia|32\/100\n|-heal|p1a: Miraidon|100\/100|[from] drain|[of] p2a: Palkia\n|move|p2a: Palkia|Spacial Rend|p1a: Miraidon\n|-supereffective|p1a: Miraidon\n|-damage|p1a: Miraidon|0 fnt\n|faint|p1a: Miraidon\n|\n|-weather|SunnyDay|[upkeep]\n|upkeep\n|\n|t:|1698731765\n|switch|p1a: Dragapult|Dragapult, M|100\/100\n|turn|6\n|\n|t:|1698731770\n|move|p1a: Dragapult|Dragon Darts|p2a: Palkia\n|-supereffective|p2a: Palkia\n|-damage|p2a: Palkia|0 fnt\n|faint|p2a: Palkia\n|\n|-weather|SunnyDay|[upkeep]\n|upkeep\n|\n|t:|1698731772\n|switch|p2a: Weavile|Weavile, M|100\/100\n|turn|7\n|\n|t:|1698731779\n|move|p1a: Dragapult|Dragon Darts|p2a: Weavile\n|-damage|p2a: Weavile|53\/100\n|-anim|p1a: Dragapult|Dragon Darts|p2a: Weavile\n|-damage|p2a: Weavile|9\/100\n|move|p2a: Weavile|Ice Punch|p1a: Dragapult\n|-supereffective|p1a: Dragapult\n|-damage|p1a: Dragapult|0 fnt\n|faint|p1a: Dragapult\n|\n|-weather|none\n|upkeep\n|\n|t:|1698731789\n|switch|p1a: Groudon|Groudon|100\/100\n|-weather|SunnyDay|[from] ability: Drought|[of] p1a: Groudon\n|turn|8\n|\n|t:|1698731794\n|move|p2a: Weavile|Ice Punch|p1a: Groudon\n|-supereffective|p1a: Groudon\n|-damage|p1a: Groudon|54\/100\n|move|p1a: Groudon|Fire Punch|p2a: Weavile\n|-supereffective|p2a: Weavile\n|-damage|p2a: Weavile|0 fnt\n|faint|p2a: Weavile\n|\n|-weather|SunnyDay|[upkeep]\n|-fieldend|move: Electric Terrain\n|upkeep\n|\n|t:|1698731804\n|switch|p2a: Giratina|Giratina-Origin|100\/100\n|turn|9\n|\n|t:|1698731809\n|move|p2a: Giratina|Poltergeist|p1a: Groudon\n|-activate|p1a: Groudon|move: Poltergeist|Assault Vest\n|-damage|p1a: Groudon|21\/100\n|move|p1a: Groudon|Crunch|p2a: Giratina\n|-supereffective|p2a: Giratina\n|-damage|p2a: Giratina|52\/100\n|-unboost|p2a: Giratina|def|1\n|\n|-weather|SunnyDay|[upkeep]\n|upkeep\n|turn|10\n|\n|t:|1698731826\n|switch|p1a: Ninetales|Ninetales-Alola, M|100\/100\n|-weather|Snow|[from] ability: Snow Warning|[of] p1a: Ninetales\n|move|p2a: Giratina|Poltergeist|p1a: Ninetales\n|-activate|p1a: Ninetales|move: Poltergeist|Eviolite\n|-damage|p1a: Ninetales|55\/100\n|\n|-weather|Snow|[upkeep]\n|upkeep\n|turn|11\n|inactive|Battle timer is ON: inactive players will automatically lose when time's up. (requested by DEX_000)\n|\n|t:|1698731841\n|switch|p2a: Blissey|Blissey, F|100\/100\n|move|p1a: Ninetales|Moonblast|p2a: Blissey\n|-damage|p2a: Blissey|87\/100\n|\n|-weather|Snow|[upkeep]\n|-heal|p2a: Blissey|94\/100|[from] item: Leftovers\n|upkeep\n|turn|12\n|\n|t:|1698731848\n|move|p1a: Ninetales|Hypnosis|p2a: Blissey|[miss]\n|-miss|p1a: Ninetales|p2a: Blissey\n|move|p2a: Blissey|Body Slam|p1a: Ninetales\n|-damage|p1a: Ninetales|49\/100\n|\n|-weather|Snow|[upkeep]\n|-heal|p2a: Blissey|99\/100|[from] item: Leftovers\n|upkeep\n|turn|13\n|\n|t:|1698731855\n|move|p1a: Ninetales|Hypnosis|p2a: Blissey\n|-status|p2a: Blissey|slp|[from] move: Hypnosis\n|cant|p2a: Blissey|slp\n|\n|-weather|Snow|[upkeep]\n|-heal|p2a: Blissey|100\/100 slp|[from] item: Leftovers\n|upkeep\n|turn|14\n|\n|t:|1698731858\n|move|p1a: Ninetales|Calm Mind|p1a: Ninetales\n|-boost|p1a: Ninetales|spa|1\n|-boost|p1a: Ninetales|spd|1\n|cant|p2a: Blissey|slp\n|\n|-weather|none\n|upkeep\n|turn|15\n|\n|t:|1698731861\n|move|p1a: Ninetales|Calm Mind|p1a: Ninetales\n|-boost|p1a: Ninetales|spa|1\n|-boost|p1a: Ninetales|spd|1\n|-curestatus|p2a: Blissey|slp|[msg]\n|move|p2a: Blissey|Body Slam|p1a: Ninetales\n|-damage|p1a: Ninetales|40\/100\n|-status|p1a: Ninetales|par\n|\n|upkeep\n|turn|16\n|\n|t:|1698731873\n|move|p2a: Blissey|Drain Punch|p1a: Ninetales\n|-damage|p1a: Ninetales|35\/100 par\n|move|p1a: Ninetales|Baton Pass|p1a: Ninetales\n|\n|t:|1698731884\n|switch|p1a: Spectrier|Spectrier|100\/100|[from] Baton Pass\n|\n|upkeep\n|turn|17\n|\n|t:|1698731888\n|move|p1a: Spectrier|Hyper Beam|p2a: Blissey|[miss]\n|-miss|p1a: Spectrier|p2a: Blissey\n|move|p2a: Blissey|Body Slam|p1a: Spectrier\n|-immune|p1a: Spectrier\n|\n|upkeep\n|turn|18\n|\n|t:|1698731894\n|move|p1a: Spectrier|Hyper Beam|p2a: Blissey\n|-damage|p2a: Blissey|55\/100\n|-mustrecharge|p1a: Spectrier\n|-damage|p1a: Spectrier|91\/100|[from] item: Life Orb\n|move|p2a: Blissey|Charm|p1a: Spectrier\n|-unboost|p1a: Spectrier|atk|2\n|\n|-heal|p2a: Blissey|61\/100|[from] item: Leftovers\n|upkeep\n|turn|19\n|\n|t:|1698731907\n|switch|p2a: Arceus|Arceus-Poison|100\/100\n|cant|p1a: Spectrier|recharge\n|\n|upkeep\n|turn|20\n|\n|t:|1698731916\n|move|p1a: Spectrier|Hyper Beam|p2a: Arceus\n|-damage|p2a: Arceus|0 fnt\n|-mustrecharge|p1a: Spectrier\n|faint|p2a: Arceus\n|-ability|p1a: Spectrier|Grim Neigh|boost\n|-boost|p1a: Spectrier|spa|1\n|-damage|p1a: Spectrier|81\/100|[from] item: Life Orb\n|\n|upkeep\n|\n|t:|1698731919\n|switch|p2a: Darkrai|Darkrai|100\/100\n|turn|21\n|\n|t:|1698731922\n|move|p2a: Darkrai|Dark Void|p1a: Spectrier\n|-status|p1a: Spectrier|slp|[from] move: Dark Void\n|cant|p1a: Spectrier|recharge\n|\n|-damage|p1a: Spectrier|68\/100 slp|[from] ability: Bad Dreams|[of] p2a: Darkrai\n|upkeep\n|turn|22\n|\n|t:|1698731936\n|move|p2a: Darkrai|Dream Eater|p1a: Spectrier\n|-damage|p1a: Spectrier|48\/100 slp\n|cant|p1a: Spectrier|slp\n|\n|-damage|p1a: Spectrier|36\/100 slp|[from] ability: Bad Dreams|[of] p2a: Darkrai\n|upkeep\n|turn|23\n|\n|t:|1698731943\n|move|p2a: Darkrai|Dream Eater|p1a: Spectrier\n|-damage|p1a: Spectrier|17\/100 slp\n|cant|p1a: Spectrier|slp\n|\n|-damage|p1a: Spectrier|5\/100 slp|[from] ability: Bad Dreams|[of] p2a: Darkrai\n|upkeep\n|turn|24\n|\n|t:|1698731950\n|cant|p1a: Spectrier|slp\n|move|p2a: Darkrai|Dream Eater|p1a: Spectrier\n|-damage|p1a: Spectrier|0 fnt\n|faint|p1a: Spectrier\n|\n|upkeep\n|\n|t:|1698731955\n|switch|p1a: Ninetales|Ninetales-Alola, M|35\/100 par\n|-weather|Snow|[from] ability: Snow Warning|[of] p1a: Ninetales\n|turn|25\n|\n|t:|1698731959\n|move|p2a: Darkrai|Shadow Ball|p1a: Ninetales\n|-damage|p1a: Ninetales|5\/100 par\n|move|p1a: Ninetales|Moonblast|p2a: Darkrai\n|-supereffective|p2a: Darkrai\n|-damage|p2a: Darkrai|0 fnt\n|faint|p2a: Darkrai\n|\n|-weather|Snow|[upkeep]\n|upkeep\n|\n|t:|1698731967\n|switch|p2a: Giratina|Giratina-Origin|52\/100\n|turn|26\n|\n|t:|1698731972\n|move|p2a: Giratina|Dark Pulse|p1a: Ninetales\n|-resisted|p1a: Ninetales\n|-crit|p1a: Ninetales\n|-damage|p1a: Ninetales|0 fnt\n|faint|p1a: Ninetales\n|\n|-weather|Snow|[upkeep]\n|upkeep\n|\n|t:|1698731976\n|switch|p1a: Groudon|Groudon|21\/100\n|-weather|SunnyDay|[from] ability: Drought|[of] p1a: Groudon\n|turn|27\n|\n|t:|1698731984\n|move|p2a: Giratina|Draco Meteor|p1a: Groudon\n|-damage|p1a: Groudon|0 fnt\n|-unboost|p2a: Giratina|spa|2\n|faint|p1a: Groudon\n|\n|win|baku2800\n|raw|DEX_000's rating: 1085 &rarr; <strong>1062<\/strong><br \/>(-23 for losing)\n|raw|baku2800's rating: 1075 &rarr; <strong>1105<\/strong><br \/>(+30 for winning)\n","uploadtime":1698731722,"views":10,"p1id":"dex000","p2id":"baku2800","formatid":"gen9anythinggoes","rating":1062,"private":0,"password":""}