{"id":"gen9anythinggoes-1975595790","p1":"YoungsterJoey_LOL","p2":"hiya4322","format":"[Gen 9] Anything Goes","log":"|j|\u2606YoungsterJoey_LOL\n|j|\u2606hiya4322\n|t:|1698210086\n|gametype|singles\n|player|p1|YoungsterJoey_LOL|blue|\n|player|p2|hiya4322|2|\n|teamsize|p1|6\n|teamsize|p2|6\n|gen|9\n|tier|[Gen 9] Anything Goes\n|rule|HP Percentage Mod: HP is shown in percentages\n|rule|Endless Battle Clause: Forcing endless battles is banned\n|clearpoke\n|poke|p1|Espathra, M|\n|poke|p1|Scream Tail|\n|poke|p1|Maushold-Four|\n|poke|p1|Kingambit, M|\n|poke|p1|Urshifu-*, M|\n|poke|p1|Dudunsparce-*, M|\n|poke|p2|Drifblim, M|\n|poke|p2|Dudunsparce-*, M|\n|poke|p2|Polteageist-Antique|\n|poke|p2|Arceus|\n|poke|p2|Mew|\n|poke|p2|Calyrex-Ice|\n|teampreview\n|inactive|Battle timer is ON: inactive players will automatically lose when time's up. (requested by YoungsterJoey_LOL)\n|\n|t:|1698210104\n|start\n|switch|p1a: I Am Speed|Espathra, M, shiny|100\/100\n|switch|p2a: Drifblim|Drifblim, M|100\/100\n|turn|1\n|c|\u2606YoungsterJoey_LOL|New and improved\n|c|\u2606hiya4322|hiya\n|c|\u2606YoungsterJoey_LOL|I think\n|\n|t:|1698210111\n|move|p1a: I Am Speed|Substitute|p1a: I Am Speed\n|-start|p1a: I Am Speed|Substitute\n|-damage|p1a: I Am Speed|76\/100\n|move|p2a: Drifblim|Minimize|p2a: Drifblim\n|-boost|p2a: Drifblim|evasion|2\n|\n|-ability|p1a: I Am Speed|Speed Boost|boost\n|-boost|p1a: I Am Speed|spe|1\n|upkeep\n|turn|2\n|c|\u2606hiya4322|same\n|\n|t:|1698210127\n|move|p1a: I Am Speed|Calm Mind|p1a: I Am Speed\n|-boost|p1a: I Am Speed|spa|1\n|-boost|p1a: I Am Speed|spd|1\n|move|p2a: Drifblim|Minimize|p2a: Drifblim\n|-boost|p2a: Drifblim|evasion|2\n|\n|-ability|p1a: I Am Speed|Speed Boost|boost\n|-boost|p1a: I Am Speed|spe|1\n|upkeep\n|turn|3\n|\n|t:|1698210138\n|move|p1a: I Am Speed|Calm Mind|p1a: I Am Speed\n|-boost|p1a: I Am Speed|spa|1\n|-boost|p1a: I Am Speed|spd|1\n|move|p2a: Drifblim|Minimize|p2a: Drifblim\n|-boost|p2a: Drifblim|evasion|2\n|\n|-ability|p1a: I Am Speed|Speed Boost|boost\n|-boost|p1a: I Am Speed|spe|1\n|upkeep\n|turn|4\n|\n|t:|1698210152\n|move|p1a: I Am Speed|Calm Mind|p1a: I Am Speed\n|-boost|p1a: I Am Speed|spa|1\n|-boost|p1a: I Am Speed|spd|1\n|move|p2a: Drifblim|Substitute|p2a: Drifblim\n|-start|p2a: Drifblim|Substitute\n|-damage|p2a: Drifblim|76\/100\n|\n|-ability|p1a: I Am Speed|Speed Boost|boost\n|-boost|p1a: I Am Speed|spe|1\n|upkeep\n|turn|5\n|\n|t:|1698210169\n|move|p1a: I Am Speed|Baton Pass|p1a: I Am Speed\n|\n|t:|1698210171\n|switch|p1a: Fat Drill|Dudunsparce-Three-Segment, M, shiny|100\/100|[from] Baton Pass\n|move|p2a: Drifblim|Baton Pass|p2a: Drifblim\n|\n|t:|1698210184\n|switch|p2a: Calyrex|Calyrex-Ice|100\/100|[from] Baton Pass\n|-ability|p2a: Calyrex|As One\n|-ability|p2a: Calyrex|Unnerve\n|\n|upkeep\n|turn|6\n|c|\u2606YoungsterJoey_LOL|Fat drill go brrrrr\n|\n|t:|1698210192\n|move|p1a: Fat Drill|Coil|p1a: Fat Drill\n|-boost|p1a: Fat Drill|atk|1\n|-boost|p1a: Fat Drill|def|1\n|-boost|p1a: Fat Drill|accuracy|1\n|move|p2a: Calyrex|Iron Defense|p2a: Calyrex\n|-boost|p2a: Calyrex|def|2\n|\n|upkeep\n|turn|7\n|\n|t:|1698210200\n|move|p1a: Fat Drill|Coil|p1a: Fat Drill\n|-boost|p1a: Fat Drill|atk|1\n|-boost|p1a: Fat Drill|def|1\n|-boost|p1a: Fat Drill|accuracy|1\n|move|p2a: Calyrex|Iron Defense|p2a: Calyrex\n|-boost|p2a: Calyrex|def|2\n|\n|upkeep\n|turn|8\n|\n|t:|1698210208\n|move|p1a: Fat Drill|Coil|p1a: Fat Drill\n|-boost|p1a: Fat Drill|atk|1\n|-boost|p1a: Fat Drill|def|1\n|-boost|p1a: Fat Drill|accuracy|1\n|move|p2a: Calyrex|Iron Defense|p2a: Calyrex\n|-boost|p2a: Calyrex|def|2\n|\n|upkeep\n|turn|9\n|\n|t:|1698210218\n|move|p1a: Fat Drill|Coil|p1a: Fat Drill\n|-boost|p1a: Fat Drill|atk|1\n|-boost|p1a: Fat Drill|def|1\n|-boost|p1a: Fat Drill|accuracy|1\n|move|p2a: Calyrex|Baton Pass|p2a: Calyrex\n|\n|t:|1698210224\n|switch|p2a: Polteageist|Polteageist-Antique|100\/100|[from] Baton Pass\n|\n|upkeep\n|turn|10\n|\n|t:|1698210230\n|move|p1a: Fat Drill|Coil|p1a: Fat Drill\n|-boost|p1a: Fat Drill|atk|1\n|-boost|p1a: Fat Drill|def|1\n|-boost|p1a: Fat Drill|accuracy|1\n|move|p2a: Polteageist|Shell Smash|p2a: Polteageist\n|-unboost|p2a: Polteageist|def|1\n|-unboost|p2a: Polteageist|spd|1\n|-boost|p2a: Polteageist|atk|2\n|-boost|p2a: Polteageist|spa|2\n|-boost|p2a: Polteageist|spe|2\n|\n|upkeep\n|turn|11\n|\n|t:|1698210245\n|move|p2a: Polteageist|Calm Mind|p2a: Polteageist\n|-boost|p2a: Polteageist|spa|1\n|-boost|p2a: Polteageist|spd|1\n|move|p1a: Fat Drill|Coil|p1a: Fat Drill\n|-boost|p1a: Fat Drill|atk|1\n|-boost|p1a: Fat Drill|def|1\n|-boost|p1a: Fat Drill|accuracy|1\n|\n|upkeep\n|turn|12\n|\n|t:|1698210255\n|move|p2a: Polteageist|Shell Smash|p2a: Polteageist\n|-unboost|p2a: Polteageist|def|1\n|-unboost|p2a: Polteageist|spd|1\n|-boost|p2a: Polteageist|atk|2\n|-boost|p2a: Polteageist|spa|2\n|-boost|p2a: Polteageist|spe|2\n|move|p1a: Fat Drill|Baton Pass|p1a: Fat Drill\n|\n|t:|1698210263\n|switch|p1a: REEEEEEEEEEEEE|Scream Tail, shiny|100\/100|[from] Baton Pass\n|-enditem|p1a: REEEEEEEEEEEEE|Booster Energy\n|-activate|p1a: REEEEEEEEEEEEE|ability: Protosynthesis|[fromitem]\n|-start|p1a: REEEEEEEEEEEEE|protosynthesisdef\n|\n|upkeep\n|turn|13\n|\n|t:|1698210273\n|move|p1a: REEEEEEEEEEEEE|Calm Mind|p1a: REEEEEEEEEEEEE\n|-boost|p1a: REEEEEEEEEEEEE|spa|1\n|-boost|p1a: REEEEEEEEEEEEE|spd|1\n|move|p2a: Polteageist|Calm Mind|p2a: Polteageist\n|-boost|p2a: Polteageist|spa|1\n|-boost|p2a: Polteageist|spd|1\n|\n|upkeep\n|turn|14\n|\n|t:|1698210281\n|move|p1a: REEEEEEEEEEEEE|Calm Mind|p1a: REEEEEEEEEEEEE\n|-boost|p1a: REEEEEEEEEEEEE|spa|1\n|-boost|p1a: REEEEEEEEEEEEE|spd|1\n|move|p2a: Polteageist|Calm Mind|p2a: Polteageist\n|-boost|p2a: Polteageist|spa|0\n|-boost|p2a: Polteageist|spd|1\n|\n|upkeep\n|turn|15\n|\n|t:|1698210291\n|-terastallize|p1a: REEEEEEEEEEEEE|Fairy\n|move|p1a: REEEEEEEEEEEEE|Tera Blast|p2a: Polteageist|[anim] Tera Blast Fairy\n|-end|p2a: Polteageist|Substitute\n|move|p2a: Polteageist|Calm Mind|p2a: Polteageist\n|-boost|p2a: Polteageist|spa|0\n|-boost|p2a: Polteageist|spd|1\n|\n|upkeep\n|turn|16\n|\n|t:|1698210308\n|move|p1a: REEEEEEEEEEEEE|Tera Blast|p2a: Polteageist|[anim] Tera Blast Fairy\n|-damage|p2a: Polteageist|22\/100\n|-enditem|p2a: Polteageist|Aguav Berry|[eat]\n|-heal|p2a: Polteageist|56\/100|[from] item: Aguav Berry\n|move|p2a: Polteageist|Baton Pass|p2a: Polteageist\n|c|\u2606YoungsterJoey_LOL|TIME TO END YOUR CAREER\n|\n|t:|1698210320\n|switch|p2a: Arceus|Arceus|100\/100|[from] Baton Pass\n|\n|upkeep\n|turn|17\n|\n|t:|1698210329\n|move|p2a: Arceus|Substitute|p2a: Arceus\n|-start|p2a: Arceus|Substitute\n|-damage|p2a: Arceus|76\/100\n|move|p1a: REEEEEEEEEEEEE|Tera Blast|p2a: Arceus|[anim] Tera Blast Fairy\n|-end|p2a: Arceus|Substitute\n|\n|upkeep\n|turn|18\n|c|\u2606hiya4322|how do u keep hitting\n|c|\u2606YoungsterJoey_LOL|SCREAM TAIL\n|c|\u2606YoungsterJoey_LOL|its tera blast\n|\n|t:|1698210352\n|move|p2a: Arceus|Judgment|p1a: REEEEEEEEEEEEE\n|-end|p1a: REEEEEEEEEEEEE|Substitute\n|move|p1a: REEEEEEEEEEEEE|Tera Blast|p2a: Arceus|[anim] Tera Blast Fairy\n|-damage|p2a: Arceus|34\/100\n|\n|upkeep\n|turn|19\n|c|\u2606hiya4322|huh\n|c|\u2606YoungsterJoey_LOL|Oh yeah i have max accuracy\n|\n|t:|1698210368\n|move|p2a: Arceus|Judgment|p1a: REEEEEEEEEEEEE\n|-damage|p1a: REEEEEEEEEEEEE|68\/100\n|move|p1a: REEEEEEEEEEEEE|Baton Pass|p1a: REEEEEEEEEEEEE\n|c|\u2606hiya4322|ohhhh\n|\n|t:|1698210376\n|-end|p1a: REEEEEEEEEEEEE|Protosynthesis|[silent]\n|switch|p1a: Kung Fu Panda|Urshifu, M|100\/100|[from] Baton Pass\n|\n|upkeep\n|turn|20\n|\n|t:|1698210384\n|move|p2a: Arceus|Substitute|p2a: Arceus\n|-start|p2a: Arceus|Substitute\n|-damage|p2a: Arceus|9\/100\n|-enditem|p2a: Arceus|Aguav Berry|[eat]\n|-heal|p2a: Arceus|42\/100|[from] item: Aguav Berry\n|move|p1a: Kung Fu Panda|Drain Punch|p2a: Arceus\n|-supereffective|p2a: Arceus\n|-end|p2a: Arceus|Substitute\n|\n|upkeep\n|turn|21\n|c|\u2606YoungsterJoey_LOL|DIEE\n|\n|t:|1698210393\n|move|p2a: Arceus|Judgment|p1a: Kung Fu Panda\n|-damage|p1a: Kung Fu Panda|37\/100\n|move|p1a: Kung Fu Panda|Drain Punch|p2a: Arceus\n|-supereffective|p2a: Arceus\n|-damage|p2a: Arceus|0 fnt\n|-heal|p1a: Kung Fu Panda|61\/100|[from] drain|[of] p2a: Arceus\n|faint|p2a: Arceus\n|\n|upkeep\n|c|\u2606YoungsterJoey_LOL|YESSSSSSS\n|\n|t:|1698210403\n|switch|p2a: Dudunsparce|Dudunsparce-Three-Segment, M|100\/100\n|turn|22\n|c|\u2606YoungsterJoey_LOL|MY TEAM IS OP\n|c|\u2606hiya4322|nooooooo\n|c|\u2606YoungsterJoey_LOL|I NEED BLOOD\n|\n|t:|1698210415\n|move|p1a: Kung Fu Panda|Drain Punch|p2a: Dudunsparce\n|-supereffective|p2a: Dudunsparce\n|-crit|p2a: Dudunsparce\n|-damage|p2a: Dudunsparce|0 fnt\n|-heal|p1a: Kung Fu Panda|100\/100|[from] drain|[of] p2a: Dudunsparce\n|faint|p2a: Dudunsparce\n|\n|upkeep\n|c|\u2606YoungsterJoey_LOL|GIVE ME YOUR BLOOD\n|l|\u2606hiya4322\n|inactive|hiya4322 disconnected and has 300 seconds to reconnect!\n|player|p2|\n|j|\u2606hiya4322\n|inactive|hiya4322 reconnected and has 290 seconds left.\n|player|p2|hiya4322|2\n|c|\u2606YoungsterJoey_LOL|what you gonna dooooo\n|inactive|hiya4322 has 270 seconds left.\n|\n|t:|1698210465\n|switch|p2a: Mew|Mew|100\/100\n|turn|23\n|\n|t:|1698210469\n|move|p1a: Kung Fu Panda|Wicked Blow|p2a: Mew\n|-supereffective|p2a: Mew\n|-crit|p2a: Mew\n|-damage|p2a: Mew|0 fnt\n|faint|p2a: Mew\n|\n|upkeep\n|c|\u2606hiya4322|bleh\n|\n|t:|1698210476\n|switch|p2a: Drifblim|Drifblim, M|76\/100\n|turn|24\n|c|\u2606YoungsterJoey_LOL|Hee hee\n|c|\u2606YoungsterJoey_LOL|Thankx to dudunsparce\n|\n|t:|1698210491\n|move|p1a: Kung Fu Panda|Wicked Blow|p2a: Drifblim\n|-supereffective|p2a: Drifblim\n|-crit|p2a: Drifblim\n|-damage|p2a: Drifblim|0 fnt\n|-damage|p1a: Kung Fu Panda|76\/100|[from] ability: Aftermath|[of] p2a: Drifblim\n|faint|p2a: Drifblim\n|\n|upkeep\n|c|\u2606hiya4322|bleh bleh\n|\n|t:|1698210498\n|switch|p2a: Polteageist|Polteageist-Antique|56\/100\n|turn|25\n|c|\u2606YoungsterJoey_LOL|Hee hee\n|\n|t:|1698210504\n|move|p1a: Kung Fu Panda|Wicked Blow|p2a: Polteageist\n|-supereffective|p2a: Polteageist\n|-crit|p2a: Polteageist\n|-damage|p2a: Polteageist|0 fnt\n|faint|p2a: Polteageist\n|\n|upkeep\n|c|\u2606YoungsterJoey_LOL|Ye cant do nothin\n|\n|t:|1698210510\n|switch|p2a: Calyrex|Calyrex-Ice|100\/100\n|-ability|p2a: Calyrex|As One\n|-ability|p2a: Calyrex|Unnerve\n|turn|26\n|\n|t:|1698210516\n|move|p1a: Kung Fu Panda|Wicked Blow|p2a: Calyrex\n|-supereffective|p2a: Calyrex\n|-crit|p2a: Calyrex\n|-damage|p2a: Calyrex|0 fnt\n|faint|p2a: Calyrex\n|\n|win|YoungsterJoey_LOL\n|c|\u2606hiya4322|good game\n|c|\u2606YoungsterJoey_LOL|BRRRRRRR\n|c|\u2606YoungsterJoey_LOL|GGWP\n","uploadtime":1698210527,"views":10,"p1id":"youngsterjoeylol","p2id":"hiya4322","formatid":"gen9anythinggoes","rating":0,"private":0,"password":""}