{"id":"gen9anythinggoes-1999951638","p1":"Toke'sMenagrie","p2":"FerrothornFembots","format":"[Gen 9] Anything Goes","log":"|j|\u2606Toke'sMenagrie\n|j|\u2606FerrothornFembots\n|t:|1701133815\n|gametype|singles\n|player|p1|Toke'sMenagrie|benga|\n|player|p2|FerrothornFembots|skierf-gen4dp|\n|teamsize|p1|6\n|teamsize|p2|6\n|gen|9\n|tier|[Gen 9] Anything Goes\n|rule|HP Percentage Mod: HP is shown in percentages\n|rule|Endless Battle Clause: Forcing endless battles is banned\n|clearpoke\n|poke|p1|Spiritomb, M|\n|poke|p1|Victreebel, F|\n|poke|p1|Ribombee, F|\n|poke|p1|Ninetales, M|\n|poke|p1|Garganacl, M|\n|poke|p1|Lucario, F|\n|poke|p2|Bronzong|\n|poke|p2|Shaymin-Sky|\n|poke|p2|Enamorus-Therian, F|\n|poke|p2|Meloetta|\n|poke|p2|Spectrier|\n|poke|p2|Chi-Yu|\n|teampreview\n|j| Talonflameredwings\n|j| Crabbrawlers\n|\n|t:|1701133939\n|start\n|switch|p1a: ShalFly|Ribombee, F|100\/100\n|switch|p2a: LibertyBell|Bronzong, shiny|100\/100\n|turn|1\n|\n|t:|1701133996\n|move|p1a: ShalFly|Sticky Web|p2a: LibertyBell\n|-sidestart|p2: FerrothornFembots|move: Sticky Web\n|move|p2a: LibertyBell|Stealth Rock|p1a: ShalFly\n|-sidestart|p1: Toke'sMenagrie|move: Stealth Rock\n|\n|upkeep\n|turn|2\n|\n|t:|1701134035\n|switch|p1a: RootFire|Ninetales, M|100\/100\n|-damage|p1a: RootFire|76\/100|[from] Stealth Rock\n|-weather|SunnyDay|[from] ability: Drought|[of] p1a: RootFire\n|move|p2a: LibertyBell|Gyro Ball|p1a: RootFire\n|-resisted|p1a: RootFire\n|-damage|p1a: RootFire|53\/100\n|\n|-weather|SunnyDay|[upkeep]\n|upkeep\n|turn|3\n|\n|t:|1701134051\n|move|p1a: RootFire|Overheat|p2a: LibertyBell\n|-supereffective|p2a: LibertyBell\n|-damage|p2a: LibertyBell|0 fnt\n|-unboost|p1a: RootFire|spa|2\n|faint|p2a: LibertyBell\n|\n|-weather|SunnyDay|[upkeep]\n|upkeep\n|\n|t:|1701134081\n|switch|p2a: Bambi++|Shaymin-Sky, shiny|100\/100\n|turn|4\n|\n|t:|1701134101\n|move|p2a: Bambi++|Earth Power|p1a: RootFire\n|-supereffective|p1a: RootFire\n|-damage|p1a: RootFire|0 fnt\n|faint|p1a: RootFire\n|\n|-weather|SunnyDay|[upkeep]\n|upkeep\n|\n|t:|1701134133\n|switch|p1a: Lemmon-aids|Victreebel, F|100\/100\n|-damage|p1a: Lemmon-aids|88\/100|[from] Stealth Rock\n|turn|5\n|\n|t:|1701134162\n|move|p1a: Lemmon-aids|Sludge Bomb|p2a: Bambi++\n|-supereffective|p2a: Bambi++\n|-crit|p2a: Bambi++\n|-damage|p2a: Bambi++|0 fnt\n|faint|p2a: Bambi++\n|-damage|p1a: Lemmon-aids|78\/100|[from] item: Life Orb\n|\n|-weather|SunnyDay|[upkeep]\n|upkeep\n|\n|t:|1701134194\n|switch|p2a: Goldee|Chi-Yu|100\/100\n|-ability|p2a: Goldee|Beads of Ruin\n|turn|6\n|\n|t:|1701134208\n|move|p1a: Lemmon-aids|Sludge Bomb|p2a: Goldee\n|-damage|p2a: Goldee|32\/100\n|-damage|p1a: Lemmon-aids|68\/100|[from] item: Life Orb\n|move|p2a: Goldee|Flamethrower|p1a: Lemmon-aids\n|-supereffective|p1a: Lemmon-aids\n|-damage|p1a: Lemmon-aids|0 fnt\n|faint|p1a: Lemmon-aids\n|\n|-weather|SunnyDay|[upkeep]\n|upkeep\n|\n|t:|1701134232\n|switch|p1a: BlueFlash|Lucario, F|100\/100\n|-damage|p1a: BlueFlash|98\/100|[from] Stealth Rock\n|turn|7\n|\n|t:|1701134239\n|move|p1a: BlueFlash|Extreme Speed|p2a: Goldee\n|-damage|p2a: Goldee|0 fnt\n|faint|p2a: Goldee\n|\n|-weather|SunnyDay|[upkeep]\n|upkeep\n|\n|t:|1701134254\n|switch|p2a: TurtleClub|Enamorus-Therian, F|100\/100\n|turn|8\n|\n|t:|1701134277\n|switch|p1a: Desolver|Garganacl, M|100\/100\n|-damage|p1a: Desolver|88\/100|[from] Stealth Rock\n|move|p2a: TurtleClub|Mystical Fire|p1a: Desolver\n|-resisted|p1a: Desolver\n|-damage|p1a: Desolver|61\/100\n|-unboost|p1a: Desolver|spa|1\n|\n|-weather|SunnyDay|[upkeep]\n|-heal|p1a: Desolver|67\/100|[from] item: Leftovers\n|upkeep\n|turn|9\n|\n|t:|1701134310\n|switch|p2a: CardiB|Spectrier|100\/100\n|-activate|p2a: CardiB|move: Sticky Web\n|-unboost|p2a: CardiB|spe|1\n|move|p1a: Desolver|Recover|p1a: Desolver\n|-heal|p1a: Desolver|100\/100\n|\n|-weather|none\n|upkeep\n|turn|10\n|\n|t:|1701134324\n|move|p2a: CardiB|Mud Shot|p1a: Desolver\n|-supereffective|p1a: Desolver\n|-damage|p1a: Desolver|64\/100\n|-unboost|p1a: Desolver|spe|1\n|move|p1a: Desolver|Salt Cure|p2a: CardiB\n|-damage|p2a: CardiB|80\/100\n|-start|p2a: CardiB|Salt Cure\n|\n|-heal|p1a: Desolver|71\/100|[from] item: Leftovers\n|-damage|p2a: CardiB|68\/100|[from] Salt Cure\n|upkeep\n|turn|11\n|\n|t:|1701134346\n|switch|p2a: SnotHair|Meloetta|100\/100\n|-activate|p2a: SnotHair|move: Sticky Web\n|-unboost|p2a: SnotHair|spe|1\n|move|p1a: Desolver|Recover|p1a: Desolver\n|-heal|p1a: Desolver|100\/100\n|\n|upkeep\n|turn|12\n|\n|t:|1701134359\n|move|p2a: SnotHair|Relic Song|p1a: Desolver\n|-resisted|p1a: Desolver\n|-damage|p1a: Desolver|84\/100\n|-formechange|p2a: SnotHair|Meloetta-Pirouette|[msg]\n|move|p1a: Desolver|Salt Cure|p2a: SnotHair\n|-resisted|p2a: SnotHair\n|-damage|p2a: SnotHair|93\/100\n|-start|p2a: SnotHair|Salt Cure\n|\n|-heal|p1a: Desolver|90\/100|[from] item: Leftovers\n|-damage|p2a: SnotHair|81\/100|[from] Salt Cure\n|upkeep\n|turn|13\n|\n|t:|1701134394\n|switch|p1a: DarkBarnie|Spiritomb, M|100\/100\n|-ability|p1a: DarkBarnie|Pressure\n|move|p2a: SnotHair|Focus Blast|p1a: DarkBarnie\n|-immune|p1a: DarkBarnie\n|\n|-damage|p2a: SnotHair|69\/100|[from] Salt Cure\n|upkeep\n|turn|14\n|\n|t:|1701134421\n|move|p2a: SnotHair|U-turn|p1a: DarkBarnie\n|-damage|p1a: DarkBarnie|88\/100\n|\n|t:|1701134440\n|switch|p2a: TurtleClub|Enamorus-Therian, F|100\/100|[from] U-turn\n|move|p1a: DarkBarnie|Calm Mind|p1a: DarkBarnie\n|-boost|p1a: DarkBarnie|spa|1\n|-boost|p1a: DarkBarnie|spd|1\n|\n|upkeep\n|turn|15\n|\n|t:|1701134457\n|move|p2a: TurtleClub|Dazzling Gleam|p1a: DarkBarnie\n|-supereffective|p1a: DarkBarnie\n|-damage|p1a: DarkBarnie|0 fnt\n|faint|p1a: DarkBarnie\n|\n|upkeep\n|\n|t:|1701134497\n|switch|p1a: Desolver|Garganacl, M|90\/100\n|-damage|p1a: Desolver|77\/100|[from] Stealth Rock\n|turn|16\n|\n|t:|1701134517\n|switch|p2a: SnotHair|Meloetta|69\/100\n|-activate|p2a: SnotHair|move: Sticky Web\n|-unboost|p2a: SnotHair|spe|1\n|move|p1a: Desolver|Salt Cure|p2a: SnotHair\n|-damage|p2a: SnotHair|50\/100\n|-start|p2a: SnotHair|Salt Cure\n|\n|-heal|p1a: Desolver|84\/100|[from] item: Leftovers\n|-damage|p2a: SnotHair|38\/100|[from] Salt Cure\n|upkeep\n|turn|17\n|\n|t:|1701134532\n|move|p2a: SnotHair|Relic Song|p1a: Desolver\n|-resisted|p1a: Desolver\n|-damage|p1a: Desolver|65\/100\n|-formechange|p2a: SnotHair|Meloetta-Pirouette|[msg]\n|move|p1a: Desolver|Body Press|p2a: SnotHair\n|-supereffective|p2a: SnotHair\n|-damage|p2a: SnotHair|0 fnt\n|faint|p2a: SnotHair\n|\n|-heal|p1a: Desolver|72\/100|[from] item: Leftovers\n|upkeep\n|\n|t:|1701134545\n|switch|p2a: CardiB|Spectrier|68\/100\n|-activate|p2a: CardiB|move: Sticky Web\n|-unboost|p2a: CardiB|spe|1\n|turn|18\n|\n|t:|1701134565\n|move|p2a: CardiB|Shadow Ball|p1a: Desolver\n|-damage|p1a: Desolver|48\/100\n|-unboost|p1a: Desolver|spd|1\n|move|p1a: Desolver|Recover|p1a: Desolver\n|-heal|p1a: Desolver|98\/100\n|\n|-heal|p1a: Desolver|100\/100|[from] item: Leftovers\n|upkeep\n|turn|19\n|\n|t:|1701134578\n|move|p2a: CardiB|Shadow Ball|p1a: Desolver\n|-damage|p1a: Desolver|65\/100\n|move|p1a: Desolver|Salt Cure|p2a: CardiB\n|-damage|p2a: CardiB|48\/100\n|-start|p2a: CardiB|Salt Cure\n|\n|-heal|p1a: Desolver|71\/100|[from] item: Leftovers\n|-damage|p2a: CardiB|35\/100|[from] Salt Cure\n|upkeep\n|turn|20\n|\n|t:|1701134591\n|move|p2a: CardiB|Mud Shot|p1a: Desolver\n|-supereffective|p1a: Desolver\n|-damage|p1a: Desolver|16\/100\n|-unboost|p1a: Desolver|spe|1\n|move|p1a: Desolver|Recover|p1a: Desolver\n|-heal|p1a: Desolver|66\/100\n|\n|-heal|p1a: Desolver|72\/100|[from] item: Leftovers\n|-damage|p2a: CardiB|23\/100|[from] Salt Cure\n|upkeep\n|turn|21\n|\n|t:|1701134605\n|move|p2a: CardiB|Draining Kiss|p1a: Desolver\n|-crit|p1a: Desolver\n|-damage|p1a: Desolver|36\/100\n|-heal|p2a: CardiB|55\/100|[from] drain|[of] p1a: Desolver\n|move|p1a: Desolver|Recover|p1a: Desolver\n|-heal|p1a: Desolver|86\/100\n|\n|-heal|p1a: Desolver|92\/100|[from] item: Leftovers\n|-damage|p2a: CardiB|43\/100|[from] Salt Cure\n|upkeep\n|turn|22\n|\n|t:|1701134622\n|move|p2a: CardiB|Shadow Ball|p1a: Desolver\n|-damage|p1a: Desolver|60\/100\n|move|p1a: Desolver|Salt Cure|p2a: CardiB\n|-damage|p2a: CardiB|22\/100\n|\n|-heal|p1a: Desolver|66\/100|[from] item: Leftovers\n|-damage|p2a: CardiB|9\/100|[from] Salt Cure\n|upkeep\n|turn|23\n|\n|t:|1701134637\n|move|p2a: CardiB|Draining Kiss|p1a: Desolver\n|-damage|p1a: Desolver|44\/100\n|-heal|p2a: CardiB|29\/100|[from] drain|[of] p1a: Desolver\n|move|p1a: Desolver|Recover|p1a: Desolver\n|-heal|p1a: Desolver|94\/100\n|\n|-heal|p1a: Desolver|99\/100|[from] item: Leftovers\n|-damage|p2a: CardiB|17\/100|[from] Salt Cure\n|upkeep\n|turn|24\n|\n|t:|1701134646\n|move|p2a: CardiB|Draining Kiss|p1a: Desolver\n|-damage|p1a: Desolver|76\/100\n|-heal|p2a: CardiB|38\/100|[from] drain|[of] p1a: Desolver\n|move|p1a: Desolver|Salt Cure|p2a: CardiB\n|-damage|p2a: CardiB|15\/100\n|\n|-heal|p1a: Desolver|82\/100|[from] item: Leftovers\n|-damage|p2a: CardiB|3\/100|[from] Salt Cure\n|upkeep\n|turn|25\n|\n|t:|1701134656\n|move|p2a: CardiB|Draining Kiss|p1a: Desolver\n|-damage|p1a: Desolver|60\/100\n|-heal|p2a: CardiB|23\/100|[from] drain|[of] p1a: Desolver\n|move|p1a: Desolver|Salt Cure|p2a: CardiB\n|-damage|p2a: CardiB|0 fnt\n|faint|p2a: CardiB\n|\n|-heal|p1a: Desolver|66\/100|[from] item: Leftovers\n|upkeep\n|\n|t:|1701134666\n|switch|p2a: TurtleClub|Enamorus-Therian, F|100\/100\n|turn|26\n|\n|t:|1701134684\n|move|p2a: TurtleClub|Focus Blast|p1a: Desolver\n|-supereffective|p1a: Desolver\n|-damage|p1a: Desolver|0 fnt\n|faint|p1a: Desolver\n|\n|upkeep\n|\n|t:|1701134706\n|switch|p1a: BlueFlash|Lucario, F|98\/100\n|-damage|p1a: BlueFlash|95\/100|[from] Stealth Rock\n|turn|27\n|\n|t:|1701134714\n|move|p1a: BlueFlash|Meteor Mash|p2a: TurtleClub\n|-supereffective|p2a: TurtleClub\n|-damage|p2a: TurtleClub|0 fnt\n|faint|p2a: TurtleClub\n|\n|win|Toke'sMenagrie\n|c|\u2606FerrothornFembots|GG\n|c| Talonflameredwings|gg\n|c| Crabbrawlers|hghg\n|l|\u2606Toke'sMenagrie\n","uploadtime":1701134758,"views":2,"p1id":"tokesmenagrie","p2id":"ferrothornfembots","formatid":"gen9anythinggoes","rating":0,"private":0,"password":""}