{"id":"gen9anythinggoes-1988733521","p1":"Einzbern640","p2":"pdogulus","format":"[Gen 9] Anything Goes","log":"|j|\u2606Einzbern640\n|j|\u2606pdogulus\n|t:|1699756267\n|gametype|singles\n|player|p1|Einzbern640|waiter|1159\n|player|p2|pdogulus|101|1092\n|teamsize|p1|6\n|teamsize|p2|6\n|gen|9\n|tier|[Gen 9] Anything Goes\n|rated|\n|rule|HP Percentage Mod: HP is shown in percentages\n|rule|Endless Battle Clause: Forcing endless battles is banned\n|clearpoke\n|poke|p1|Empoleon, F|\n|poke|p1|Empoleon, M|\n|poke|p1|Empoleon, M|\n|poke|p1|Empoleon, M|\n|poke|p1|Empoleon, F|\n|poke|p1|Empoleon, F|\n|poke|p2|Dusknoir, F|\n|poke|p2|Glimmora, F|\n|poke|p2|Iron Valiant|\n|poke|p2|Darkrai|\n|poke|p2|Ribombee, F|\n|poke|p2|Iron Moth|\n|teampreview\n|j| usuueuur\n|inactive|Battle timer is ON: inactive players will automatically lose when time's up. (requested by Einzbern640)\n|inactive|pdogulus has 120 seconds left.\n|inactive|pdogulus has 90 seconds left.\n|\n|t:|1699756395\n|start\n|switch|p1a: Winter|Empoleon, F, shiny|100\/100\n|switch|p2a: Iron Valiant|Iron Valiant|100\/100\n|turn|1\n|\n|t:|1699756406\n|move|p2a: Iron Valiant|Drain Punch|p1a: Winter\n|-supereffective|p1a: Winter\n|-damage|p1a: Winter|37\/100\n|move|p1a: Winter|Stealth Rock|p2a: Iron Valiant\n|-sidestart|p2: pdogulus|move: Stealth Rock\n|\n|upkeep\n|turn|2\n|\n|t:|1699756421\n|move|p2a: Iron Valiant|Drain Punch|p1a: Winter\n|-supereffective|p1a: Winter\n|-damage|p1a: Winter|0 fnt\n|faint|p1a: Winter\n|\n|upkeep\n|\n|t:|1699756431\n|switch|p1a: Empress|Empoleon, F|100\/100\n|turn|3\n|\n|t:|1699756440\n|-terastallize|p1a: Empress|Fairy\n|move|p2a: Iron Valiant|Drain Punch|p1a: Empress\n|-resisted|p1a: Empress\n|-damage|p1a: Empress|85\/100\n|move|p1a: Empress|Substitute|p1a: Empress\n|-start|p1a: Empress|Substitute\n|-damage|p1a: Empress|60\/100\n|\n|-heal|p1a: Empress|66\/100|[from] item: Leftovers\n|upkeep\n|turn|4\n|\n|t:|1699756448\n|move|p2a: Iron Valiant|Knock Off|p1a: Empress\n|-resisted|p1a: Empress\n|-activate|p1a: Empress|move: Substitute|[damage]\n|move|p1a: Empress|Roar|p2a: Iron Valiant\n|-end|p2a: Iron Valiant|Quark Drive|[silent]\n|drag|p2a: Iron Moth|Iron Moth|100\/100\n|-damage|p2a: Iron Moth|76\/100|[from] Stealth Rock\n|\n|-heal|p1a: Empress|72\/100|[from] item: Leftovers\n|upkeep\n|turn|5\n|\n|t:|1699756457\n|move|p2a: Iron Moth|Whirlwind|p1a: Empress\n|drag|p1a: Emperor|Empoleon, M, shiny|100\/100\n|\n|upkeep\n|turn|6\n|\n|t:|1699756466\n|move|p2a: Iron Moth|Fiery Dance|p1a: Emperor\n|-damage|p1a: Emperor|60\/100\n|-boost|p2a: Iron Moth|spa|1\n|move|p1a: Emperor|Hydro Pump|p2a: Iron Moth\n|-supereffective|p2a: Iron Moth\n|-damage|p2a: Iron Moth|0 fnt\n|faint|p2a: Iron Moth\n|-end|p2a: Iron Moth|Quark Drive|[silent]\n|\n|upkeep\n|\n|t:|1699756480\n|switch|p2a: Iron Valiant|Iron Valiant|100\/100\n|-damage|p2a: Iron Valiant|94\/100|[from] Stealth Rock\n|turn|7\n|\n|t:|1699756484\n|move|p2a: Iron Valiant|Drain Punch|p1a: Emperor\n|-supereffective|p1a: Emperor\n|-damage|p1a: Emperor|0 fnt\n|-heal|p2a: Iron Valiant|100\/100|[from] drain|[of] p1a: Emperor\n|faint|p1a: Emperor\n|\n|upkeep\n|\n|t:|1699756493\n|switch|p1a: Empress|Empoleon, F, tera:Fairy|72\/100\n|turn|8\n|\n|t:|1699756498\n|move|p2a: Iron Valiant|Dazzling Gleam|p1a: Empress\n|-damage|p1a: Empress|45\/100\n|move|p1a: Empress|Roar|p2a: Iron Valiant\n|-end|p2a: Iron Valiant|Quark Drive|[silent]\n|drag|p2a: Darkrai|Darkrai|100\/100\n|-damage|p2a: Darkrai|88\/100|[from] Stealth Rock\n|\n|-heal|p2a: Darkrai|94\/100|[from] item: Leftovers\n|-heal|p1a: Empress|51\/100|[from] item: Leftovers\n|upkeep\n|turn|9\n|j| Treecko0813\n|\n|t:|1699756509\n|move|p2a: Darkrai|Hypnosis|p1a: Empress\n|-status|p1a: Empress|slp|[from] move: Hypnosis\n|cant|p1a: Empress|slp\n|\n|-heal|p2a: Darkrai|100\/100|[from] item: Leftovers\n|-heal|p1a: Empress|58\/100 slp|[from] item: Leftovers\n|-damage|p1a: Empress|45\/100 slp|[from] ability: Bad Dreams|[of] p2a: Darkrai\n|upkeep\n|turn|10\n|\n|t:|1699756513\n|move|p2a: Darkrai|Dream Eater|p1a: Empress\n|-damage|p1a: Empress|18\/100 slp\n|-curestatus|p1a: Empress|slp|[msg]\n|move|p1a: Empress|Roost|p1a: Empress\n|-heal|p1a: Empress|68\/100\n|\n|-heal|p1a: Empress|74\/100|[from] item: Leftovers\n|upkeep\n|turn|11\n|l| Treecko0813\n|\n|t:|1699756524\n|move|p2a: Darkrai|Hypnosis|p1a: Empress|[miss]\n|-miss|p2a: Darkrai|p1a: Empress\n|move|p1a: Empress|Roar|p2a: Darkrai\n|drag|p2a: Glimmora|Glimmora, F|100\/100\n|-damage|p2a: Glimmora|88\/100|[from] Stealth Rock\n|\n|-heal|p1a: Empress|80\/100|[from] item: Leftovers\n|upkeep\n|turn|12\n|\n|t:|1699756534\n|move|p2a: Glimmora|Spikes|p1a: Empress\n|-sidestart|p1: Einzbern640|Spikes\n|move|p1a: Empress|Substitute|p1a: Empress\n|-start|p1a: Empress|Substitute\n|-damage|p1a: Empress|56\/100\n|\n|-heal|p1a: Empress|62\/100|[from] item: Leftovers\n|upkeep\n|turn|13\n|\n|t:|1699756540\n|move|p2a: Glimmora|Stealth Rock|p1a: Empress\n|-sidestart|p1: Einzbern640|move: Stealth Rock\n|move|p1a: Empress|Roar|p2a: Glimmora\n|drag|p2a: Darkrai|Darkrai|100\/100\n|-damage|p2a: Darkrai|88\/100|[from] Stealth Rock\n|\n|-heal|p2a: Darkrai|94\/100|[from] item: Leftovers\n|-heal|p1a: Empress|68\/100|[from] item: Leftovers\n|upkeep\n|turn|14\n|\n|t:|1699756548\n|move|p2a: Darkrai|Hypnosis||[still]\n|-fail|p2a: Darkrai\n|move|p1a: Empress|Roar|p2a: Darkrai\n|drag|p2a: Iron Valiant|Iron Valiant|100\/100\n|-damage|p2a: Iron Valiant|94\/100|[from] Stealth Rock\n|\n|-heal|p1a: Empress|74\/100|[from] item: Leftovers\n|upkeep\n|turn|15\n|inactive|pdogulus has 120 seconds left.\n|inactive|pdogulus has 90 seconds left.\n|inactive|pdogulus has 60 seconds left.\n|inactive|pdogulus has 30 seconds left.\n|inactive|pdogulus has 20 seconds left.\n|inactive|pdogulus has 15 seconds left.\n|inactive|pdogulus has 10 seconds left.\n|inactive|pdogulus has 5 seconds left.\n|-message|pdogulus lost due to inactivity.\n|\n|win|Einzbern640\n|raw|Einzbern640's rating: 1159 &rarr; <strong>1179<\/strong><br \/>(+20 for winning)\n|raw|pdogulus's rating: 1092 &rarr; <strong>1073<\/strong><br \/>(-19 for losing)\n","uploadtime":1699756710,"views":4,"p1id":"einzbern640","p2id":"pdogulus","formatid":"gen9anythinggoes","rating":1073,"private":0,"password":""}