{"id":"gen9anythinggoes-1999610358","p1":"Rowan_Rocket","p2":"dvobisdum","format":"[Gen 9] Anything Goes","log":"|j|\u2606Rowan_Rocket\n|j|\u2606dvobisdum\n|t:|1701100966\n|gametype|singles\n|player|p1|Rowan_Rocket|rocketgruntf|1096\n|player|p2|dvobisdum|266|1060\n|teamsize|p1|6\n|teamsize|p2|6\n|gen|9\n|tier|[Gen 9] Anything Goes\n|rated|\n|rule|HP Percentage Mod: HP is shown in percentages\n|rule|Endless Battle Clause: Forcing endless battles is banned\n|clearpoke\n|poke|p1|Weezing-Galar, M|\n|poke|p1|Arbok, F|\n|poke|p1|Persian, M|\n|poke|p1|Persian-Alola, F|\n|poke|p1|Ariados, F|\n|poke|p1|Drifblim, M|\n|poke|p2|Garchomp, M|\n|poke|p2|Gardevoir, M|\n|poke|p2|Snorlax, F|\n|poke|p2|Breloom, F|\n|poke|p2|Corviknight, M|\n|poke|p2|Greninja-*, F|\n|teampreview\n|inactive|Battle timer is ON: inactive players will automatically lose when time's up. (requested by dvobisdum)\n|\n|t:|1701100991\n|start\n|switch|p1a: Weezing|Weezing-Galar, M|100\/100\n|switch|p2a: Snorlax|Snorlax, F|100\/100\n|turn|1\n|\n|t:|1701101001\n|move|p1a: Weezing|Toxic Spikes|p2a: Snorlax\n|-sidestart|p2: dvobisdum|move: Toxic Spikes\n|move|p2a: Snorlax|Earthquake|p1a: Weezing\n|-immune|p1a: Weezing|[from] ability: Levitate\n|\n|upkeep\n|turn|2\n|\n|t:|1701101010\n|move|p1a: Weezing|Toxic Spikes|p2a: Snorlax\n|-sidestart|p2: dvobisdum|move: Toxic Spikes\n|move|p2a: Snorlax|Body Slam|p1a: Weezing\n|-damage|p1a: Weezing|65\/100\n|-status|p1a: Weezing|par\n|-damage|p2a: Snorlax|84\/100|[from] item: Rocky Helmet|[of] p1a: Weezing\n|\n|-heal|p2a: Snorlax|90\/100|[from] item: Leftovers\n|upkeep\n|turn|3\n|\n|t:|1701101019\n|move|p2a: Snorlax|Body Slam|p1a: Weezing\n|-damage|p1a: Weezing|29\/100 par\n|-damage|p2a: Snorlax|73\/100|[from] item: Rocky Helmet|[of] p1a: Weezing\n|cant|p1a: Weezing|par\n|\n|-heal|p2a: Snorlax|80\/100|[from] item: Leftovers\n|upkeep\n|turn|4\n|\n|t:|1701101028\n|switch|p1a: Drifblim|Drifblim, M|100\/100\n|move|p2a: Snorlax|Body Slam|p1a: Drifblim\n|-immune|p1a: Drifblim\n|\n|-heal|p2a: Snorlax|86\/100|[from] item: Leftovers\n|-status|p1a: Drifblim|brn|[from] item: Flame Orb\n|upkeep\n|turn|5\n|\n|t:|1701101054\n|switch|p2a: Garchomp|Garchomp, M|100\/100\n|-status|p2a: Garchomp|tox\n|move|p1a: Drifblim|Air Slash|p2a: Garchomp\n|-damage|p2a: Garchomp|51\/100 tox\n|\n|-damage|p2a: Garchomp|45\/100 tox|[from] psn\n|-damage|p1a: Drifblim|94\/100 brn|[from] brn\n|upkeep\n|turn|6\n|inactive|Rowan_Rocket has 120 seconds left.\n|\n|t:|1701101091\n|switch|p1a: Weezing|Weezing-Galar, M|29\/100 par\n|move|p2a: Garchomp|Dragon Claw|p1a: Weezing\n|-immune|p1a: Weezing\n|\n|-damage|p2a: Garchomp|33\/100 tox|[from] psn\n|upkeep\n|turn|7\n|\n|t:|1701101106\n|move|p2a: Garchomp|Brick Break|p1a: Weezing\n|-resisted|p1a: Weezing\n|-damage|p1a: Weezing|24\/100 par\n|-damage|p2a: Garchomp|16\/100 tox|[from] item: Rocky Helmet|[of] p1a: Weezing\n|move|p1a: Weezing|Strange Steam|p2a: Garchomp\n|-supereffective|p2a: Garchomp\n|-damage|p2a: Garchomp|0 fnt\n|faint|p2a: Garchomp\n|\n|upkeep\n|\n|t:|1701101115\n|switch|p2a: Snorlax|Snorlax, F|86\/100\n|-status|p2a: Snorlax|tox\n|turn|8\n|\n|t:|1701101120\n|switch|p1a: Drifblim|Drifblim, M|94\/100 brn\n|move|p2a: Snorlax|Body Slam|p1a: Drifblim\n|-immune|p1a: Drifblim\n|\n|-heal|p2a: Snorlax|92\/100 tox|[from] item: Leftovers\n|-damage|p2a: Snorlax|86\/100 tox|[from] psn\n|-damage|p1a: Drifblim|88\/100 brn|[from] brn\n|upkeep\n|turn|9\n|inactive|Rowan_Rocket has 120 seconds left.\n|\n|t:|1701101136\n|move|p1a: Drifblim|Air Slash|p2a: Snorlax\n|-damage|p2a: Snorlax|57\/100 tox\n|move|p2a: Snorlax|Rest|p2a: Snorlax\n|-status|p2a: Snorlax|slp|[from] move: Rest\n|-heal|p2a: Snorlax|100\/100 slp|[silent]\n|\n|-damage|p1a: Drifblim|82\/100 brn|[from] brn\n|upkeep\n|turn|10\n|inactive|Rowan_Rocket has 120 seconds left.\n|\n|t:|1701101148\n|switch|p2a: Gardevoir|Gardevoir, M|100\/100\n|-status|p2a: Gardevoir|tox\n|-ability|p2a: Gardevoir|Flare Boost|[from] ability: Trace|[of] p1a: Drifblim\n|move|p1a: Drifblim|Air Slash|p2a: Gardevoir\n|-damage|p2a: Gardevoir|55\/100 tox\n|\n|-damage|p2a: Gardevoir|49\/100 tox|[from] psn\n|-damage|p1a: Drifblim|76\/100 brn|[from] brn\n|upkeep\n|turn|11\n|inactive|Rowan_Rocket has 120 seconds left.\n|\n|t:|1701101162\n|switch|p1a: Weezing|Weezing-Galar, M|24\/100 par\n|move|p2a: Gardevoir|Shadow Ball|p1a: Weezing\n|-crit|p1a: Weezing\n|-damage|p1a: Weezing|0 fnt\n|faint|p1a: Weezing\n|\n|-damage|p2a: Gardevoir|36\/100 tox|[from] psn\n|upkeep\n|inactive|Rowan_Rocket has 120 seconds left.\n|\n|t:|1701101170\n|switch|p1a: Persian|Persian-Alola, F|100\/100\n|turn|12\n|\n|t:|1701101176\n|move|p1a: Persian|Fake Out|p2a: Gardevoir\n|-damage|p2a: Gardevoir|25\/100 tox\n|cant|p2a: Gardevoir|flinch\n|\n|-damage|p2a: Gardevoir|7\/100 tox|[from] psn\n|upkeep\n|turn|13\n|\n|t:|1701101181\n|move|p1a: Persian|Foul Play|p2a: Gardevoir\n|-damage|p2a: Gardevoir|0 fnt\n|faint|p2a: Gardevoir\n|\n|upkeep\n|\n|t:|1701101190\n|switch|p2a: Greninja|Greninja, F|100\/100\n|-status|p2a: Greninja|tox\n|turn|14\n|\n|t:|1701101196\n|move|p2a: Greninja|Gunk Shot|p1a: Persian|[miss]\n|-start|p2a: Greninja|typechange|Poison|[from] ability: Protean\n|-miss|p2a: Greninja|p1a: Persian\n|move|p1a: Persian|Parting Shot|p2a: Greninja\n|-unboost|p2a: Greninja|atk|1\n|-unboost|p2a: Greninja|spa|1\n|\n|t:|1701101206\n|switch|p1a: Persian|Persian, M|100\/100|[from] Parting Shot\n|\n|-damage|p2a: Greninja|95\/100 tox|[from] psn\n|upkeep\n|turn|15\n|\n|t:|1701101214\n|move|p1a: Persian|Fake Out|p2a: Greninja\n|-enditem|p1a: Persian|Normal Gem|[from] gem\n|-damage|p2a: Greninja|45\/100 tox\n|cant|p2a: Greninja|flinch\n|\n|-damage|p2a: Greninja|33\/100 tox|[from] psn\n|upkeep\n|turn|16\n|-message|dvobisdum forfeited.\n|\n|win|Rowan_Rocket\n|raw|Rowan_Rocket's rating: 1096 &rarr; <strong>1119<\/strong><br \/>(+23 for winning)\n|raw|dvobisdum's rating: 1060 &rarr; <strong>1043<\/strong><br \/>(-17 for losing)\n|l|\u2606dvobisdum\n","uploadtime":1701101228,"views":1,"p1id":"rowanrocket","p2id":"dvobisdum","formatid":"gen9anythinggoes","rating":1043,"private":0,"password":""}