{"id":"gen9anythinggoes-1991912168","p1":"eriririririririric","p2":"Mark Zuckrberg","format":"[Gen 9] Anything Goes","log":"|j|\u2606eriririririririric\n|j|\u2606Mark Zuckrberg\n|t:|1700137255\n|gametype|singles\n|player|p1|eriririririririric|ghetsis-gen5bw|1511\n|player|p2|Mark Zuckrberg|blue|1723\n|teamsize|p1|6\n|teamsize|p2|6\n|gen|9\n|tier|[Gen 9] Anything Goes\n|rated|\n|rule|HP Percentage Mod: HP is shown in percentages\n|rule|Endless Battle Clause: Forcing endless battles is banned\n|clearpoke\n|poke|p1|Calyrex-Shadow|\n|poke|p1|Arceus|\n|poke|p1|Zacian-*|\n|poke|p1|Koraidon|\n|poke|p1|Miraidon|\n|poke|p1|Ditto|\n|poke|p2|Miraidon|\n|poke|p2|Calyrex-Shadow|\n|poke|p2|Arceus|\n|poke|p2|Muk-Alola, M|\n|poke|p2|Arceus-Fairy|\n|poke|p2|Landorus-Therian, M|\n|teampreview\n|inactive|Battle timer is ON: inactive players will automatically lose when time's up. (requested by eriririririririric)\n|\n|t:|1700137266\n|start\n|switch|p1a: E-Killer|Arceus|100\/100\n|switch|p2a: Arceus|Arceus-Fairy|100\/100\n|turn|1\n|\n|t:|1700137271\n|move|p2a: Arceus|Will-O-Wisp|p1a: E-Killer\n|-status|p1a: E-Killer|brn\n|move|p1a: E-Killer|Swords Dance|p1a: E-Killer\n|-boost|p1a: E-Killer|atk|2\n|\n|-damage|p1a: E-Killer|94\/100 brn|[from] brn\n|upkeep\n|turn|2\n|inactive|Mark Zuckrberg has 120 seconds left.\n|\n|t:|1700137327\n|move|p2a: Arceus|Judgment|p1a: E-Killer\n|-damage|p1a: E-Killer|61\/100 brn\n|move|p1a: E-Killer|Swords Dance|p1a: E-Killer\n|-boost|p1a: E-Killer|atk|2\n|\n|-damage|p1a: E-Killer|55\/100 brn|[from] brn\n|upkeep\n|turn|3\n|\n|t:|1700137335\n|move|p2a: Arceus|Judgment|p1a: E-Killer\n|-damage|p1a: E-Killer|25\/100 brn\n|move|p1a: E-Killer|Swords Dance|p1a: E-Killer\n|-boost|p1a: E-Killer|atk|2\n|\n|-damage|p1a: E-Killer|19\/100 brn|[from] brn\n|upkeep\n|turn|4\n|\n|t:|1700137340\n|switch|p2a: Calyrex|Calyrex-Shadow|100\/100\n|-ability|p2a: Calyrex|As One\n|-ability|p2a: Calyrex|Unnerve\n|move|p1a: E-Killer|Extreme Speed|p2a: Calyrex\n|-immune|p2a: Calyrex\n|\n|-damage|p1a: E-Killer|12\/100 brn|[from] brn\n|upkeep\n|turn|5\n|\n|t:|1700137343\n|move|p2a: Calyrex|Grass Knot|p1a: E-Killer\n|-damage|p1a: E-Killer|0 fnt\n|faint|p1a: E-Killer\n|-ability|p2a: Calyrex|Grim Neigh|boost\n|-boost|p2a: Calyrex|spa|1\n|\n|upkeep\n|\n|t:|1700137355\n|switch|p1a: BetterNotSetUp|Ditto|100\/100\n|-transform|p1a: BetterNotSetUp|p2a: Calyrex|[from] ability: Imposter\n|turn|6\n|inactive|Mark Zuckrberg has 120 seconds left.\n|\n|t:|1700137372\n|switch|p2a: Zark Mukerberg|Muk-Alola, M|100\/100\n|move|p1a: BetterNotSetUp|Psyshock|p2a: Zark Mukerberg\n|-immune|p2a: Zark Mukerberg\n|\n|upkeep\n|turn|7\n|\n|t:|1700137379\n|switch|p1a: imnotfast???|Miraidon|100\/100\n|-fieldstart|move: Electric Terrain|[from] ability: Hadron Engine|[of] p1a: imnotfast???\n|move|p2a: Zark Mukerberg|Knock Off|p1a: imnotfast???\n|-damage|p1a: imnotfast???|68\/100\n|-status|p1a: imnotfast???|psn|[from] ability: Poison Touch|[of] p2a: Zark Mukerberg\n|-enditem|p1a: imnotfast???|Leftovers|[from] move: Knock Off|[of] p2a: Zark Mukerberg\n|\n|-damage|p1a: imnotfast???|56\/100 psn|[from] psn\n|upkeep\n|turn|8\n|\n|t:|1700137384\n|move|p2a: Zark Mukerberg|Protect|p2a: Zark Mukerberg\n|-singleturn|p2a: Zark Mukerberg|Protect\n|move|p1a: imnotfast???|Calm Mind|p1a: imnotfast???\n|-boost|p1a: imnotfast???|spa|1\n|-boost|p1a: imnotfast???|spd|1\n|\n|-damage|p1a: imnotfast???|44\/100 psn|[from] psn\n|upkeep\n|turn|9\n|\n|t:|1700137388\n|move|p1a: imnotfast???|Parabolic Charge|p2a: Zark Mukerberg\n|-damage|p2a: Zark Mukerberg|44\/100\n|-heal|p1a: imnotfast???|73\/100 psn|[from] drain|[of] p2a: Zark Mukerberg\n|move|p2a: Zark Mukerberg|Poison Jab|p1a: imnotfast???\n|-damage|p1a: imnotfast???|50\/100 psn\n|\n|-heal|p2a: Zark Mukerberg|50\/100|[from] item: Leftovers\n|-damage|p1a: imnotfast???|37\/100 psn|[from] psn\n|upkeep\n|turn|10\n|\n|t:|1700137391\n|move|p2a: Zark Mukerberg|Protect|p2a: Zark Mukerberg\n|-singleturn|p2a: Zark Mukerberg|Protect\n|move|p1a: imnotfast???|Parabolic Charge|p2a: Zark Mukerberg\n|-activate|p2a: Zark Mukerberg|move: Protect\n|\n|-heal|p2a: Zark Mukerberg|56\/100|[from] item: Leftovers\n|-damage|p1a: imnotfast???|25\/100 psn|[from] psn\n|upkeep\n|turn|11\n|\n|t:|1700137395\n|switch|p2a: Landorus|Landorus-Therian, M, shiny|100\/100\n|-ability|p2a: Landorus|Intimidate|boost\n|-unboost|p1a: imnotfast???|atk|1\n|move|p1a: imnotfast???|Dragon Pulse|p2a: Landorus\n|-damage|p2a: Landorus|0 fnt\n|faint|p2a: Landorus\n|\n|-damage|p1a: imnotfast???|12\/100 psn|[from] psn\n|-fieldend|move: Electric Terrain\n|upkeep\n|\n|t:|1700137398\n|switch|p2a: Arceus|Arceus|100\/100\n|turn|12\n|\n|t:|1700137401\n|move|p2a: Arceus|Extreme Speed|p1a: imnotfast???\n|-damage|p1a: imnotfast???|0 fnt\n|faint|p1a: imnotfast???\n|\n|upkeep\n|\n|t:|1700137405\n|switch|p1a: OutSpeed|Koraidon|100\/100\n|-weather|SunnyDay|[from] ability: Orichalcum Pulse|[of] p1a: OutSpeed\n|-activate|p1a: OutSpeed|Orichalcum Pulse|[source]\n|turn|13\n|inactive|Mark Zuckrberg has 120 seconds left.\n|inactive|Mark Zuckrberg has 90 seconds left.\n|\n|t:|1700137479\n|switch|p2a: Arceus|Arceus-Fairy|100\/100\n|move|p1a: OutSpeed|Flare Blitz|p2a: Arceus\n|-damage|p2a: Arceus|56\/100\n|-damage|p1a: OutSpeed|81\/100|[from] Recoil\n|\n|-weather|SunnyDay|[upkeep]\n|upkeep\n|turn|14\n|\n|t:|1700137487\n|-terastallize|p1a: OutSpeed|Fire\n|move|p1a: OutSpeed|Flare Blitz|p2a: Arceus\n|-damage|p2a: Arceus|0 fnt\n|faint|p2a: Arceus\n|-damage|p1a: OutSpeed|58\/100|[from] Recoil\n|\n|-weather|SunnyDay|[upkeep]\n|upkeep\n|inactive|Mark Zuckrberg has 90 seconds left.\n|\n|t:|1700137505\n|switch|p2a: Calyrex|Calyrex-Shadow|100\/100\n|-ability|p2a: Calyrex|As One\n|-ability|p2a: Calyrex|Unnerve\n|turn|15\n|inactive|Mark Zuckrberg has 60 seconds left.\n|\n|t:|1700137545\n|move|p2a: Calyrex|Astral Barrage|p1a: OutSpeed\n|-damage|p1a: OutSpeed|0 fnt\n|faint|p1a: OutSpeed\n|-ability|p2a: Calyrex|Grim Neigh|boost\n|-boost|p2a: Calyrex|spa|1\n|\n|-weather|SunnyDay|[upkeep]\n|upkeep\n|\n|t:|1700137552\n|switch|p1a: BetterNotSetUp|Ditto|100\/100\n|-transform|p1a: BetterNotSetUp|p2a: Calyrex|[from] ability: Imposter\n|turn|16\n|inactive|Mark Zuckrberg has 60 seconds left.\n|\n|t:|1700137572\n|switch|p1a: CrownDog|Zacian-Crowned|100\/100\n|-ability|p1a: CrownDog|Intrepid Sword|boost\n|-boost|p1a: CrownDog|atk|1\n|switch|p2a: Zark Mukerberg|Muk-Alola, M|56\/100\n|\n|-weather|SunnyDay|[upkeep]\n|-heal|p2a: Zark Mukerberg|62\/100|[from] item: Leftovers\n|upkeep\n|turn|17\n|inactive|Mark Zuckrberg has 60 seconds left.\n|\n|t:|1700137593\n|move|p1a: CrownDog|Play Rough|p2a: Zark Mukerberg\n|-damage|p2a: Zark Mukerberg|0 fnt\n|faint|p2a: Zark Mukerberg\n|\n|-weather|none\n|upkeep\n|\n|t:|1700137602\n|switch|p2a: Calyrex|Calyrex-Shadow|100\/100\n|-ability|p2a: Calyrex|As One\n|-ability|p2a: Calyrex|Unnerve\n|turn|18\n|\n|t:|1700137611\n|-terastallize|p2a: Calyrex|Ghost\n|move|p2a: Calyrex|Astral Barrage|p1a: CrownDog\n|-damage|p1a: CrownDog|3\/100\n|move|p1a: CrownDog|Play Rough|p2a: Calyrex\n|-damage|p2a: Calyrex|2\/100\n|\n|upkeep\n|turn|19\n|\n|t:|1700137617\n|move|p2a: Calyrex|Astral Barrage|p1a: CrownDog\n|-damage|p1a: CrownDog|0 fnt\n|faint|p1a: CrownDog\n|-ability|p2a: Calyrex|Grim Neigh|boost\n|-boost|p2a: Calyrex|spa|1\n|\n|upkeep\n|\n|t:|1700137619\n|switch|p1a: BetterNotSetUp|Ditto|100\/100\n|-transform|p1a: BetterNotSetUp|p2a: Calyrex|[from] ability: Imposter\n|-start|p1a: BetterNotSetUp|typechange|Psychic\/Ghost|[silent]\n|turn|20\n|inactive|Mark Zuckrberg has 60 seconds left.\n|\n|t:|1700137654\n|move|p1a: BetterNotSetUp|Psyshock|p2a: Calyrex\n|-damage|p2a: Calyrex|0 fnt\n|faint|p2a: Calyrex\n|-ability|p1a: BetterNotSetUp|Grim Neigh|boost\n|-boost|p1a: BetterNotSetUp|spa|1\n|\n|upkeep\n|\n|t:|1700137657\n|switch|p2a: Arceus|Arceus|100\/100\n|turn|21\n|\n|t:|1700137659\n|move|p1a: BetterNotSetUp|Psyshock|p2a: Arceus\n|-damage|p2a: Arceus|36\/100\n|move|p2a: Arceus|Shadow Claw|p1a: BetterNotSetUp\n|-supereffective|p1a: BetterNotSetUp\n|-damage|p1a: BetterNotSetUp|0 fnt\n|faint|p1a: BetterNotSetUp\n|\n|upkeep\n|\n|t:|1700137662\n|switch|p1a: ShadowHorseRider|Calyrex-Shadow|100\/100\n|-ability|p1a: ShadowHorseRider|As One\n|-ability|p1a: ShadowHorseRider|Unnerve\n|turn|22\n|\n|t:|1700137671\n|move|p1a: ShadowHorseRider|Psychic|p2a: Arceus\n|-damage|p2a: Arceus|0 fnt\n|faint|p2a: Arceus\n|-ability|p1a: ShadowHorseRider|Grim Neigh|boost\n|-boost|p1a: ShadowHorseRider|spa|1\n|\n|upkeep\n|\n|t:|1700137673\n|switch|p2a: Miraidon|Miraidon|100\/100\n|-fieldstart|move: Electric Terrain|[from] ability: Hadron Engine|[of] p2a: Miraidon\n|turn|23\n|\n|t:|1700137690\n|move|p1a: ShadowHorseRider|Psychic|p2a: Miraidon\n|-damage|p2a: Miraidon|0 fnt\n|faint|p2a: Miraidon\n|\n|win|eriririririririric\n|raw|eriririririririric's rating: 1511 &rarr; <strong>1542<\/strong><br \/>(+31 for winning)\n|raw|Mark Zuckrberg's rating: 1723 &rarr; <strong>1692<\/strong><br \/>(-31 for losing)\n|l|\u2606Mark Zuckrberg\n|l|\u2606eriririririririric\n|j|\u2606eriririririririric\n|player|p1|eriririririririric|ghetsis-gen5bw\n","uploadtime":1700137732,"views":12,"p1id":"eriririririririric","p2id":"markzuckrberg","formatid":"gen9anythinggoes","rating":1542,"private":0,"password":""}