{"id":"gen9anythinggoes-1987398758","p1":"0-9p8p9p7","p2":"NoviceUnown","format":"[Gen 9] Anything Goes","log":"|j|\u26060-9p8p9p7\n|j|\u2606NoviceUnown\n|t:|1699586257\n|gametype|singles\n|player|p1|0-9p8p9p7|2|1099\n|player|p2|NoviceUnown|psychic-gen4|1026\n|teamsize|p1|6\n|teamsize|p2|3\n|gen|9\n|tier|[Gen 9] Anything Goes\n|rated|\n|rule|HP Percentage Mod: HP is shown in percentages\n|rule|Endless Battle Clause: Forcing endless battles is banned\n|clearpoke\n|poke|p1|Slowking, M|\n|poke|p1|Avalugg, F|\n|poke|p1|Cetitan, M|\n|poke|p1|Azumarill, F|\n|poke|p1|Cryogonal|\n|poke|p1|Basculegion, M|\n|poke|p2|Cyclizar, M|\n|poke|p2|Drifblim, F|\n|poke|p2|Chandelure, F|\n|teampreview\n|\n|t:|1699586263\n|start\n|switch|p1a: Slowking|Slowking, M|100\/100\n|switch|p2a: Cyclizar|Cyclizar, M|100\/100\n|turn|1\n|\n|t:|1699586270\n|move|p2a: Cyclizar|Shed Tail|p2a: Cyclizar\n|-start|p2a: Cyclizar|Substitute|[from] move: Shed Tail\n|-damage|p2a: Cyclizar|50\/100\n|\n|t:|1699586274\n|switch|p2a: Drifblim|Drifblim, F|100\/100|[from] Shed Tail\n|move|p1a: Slowking|Chilly Reception|p1a: Slowking\n|-weather|Snow\n|\n|t:|1699586284\n|switch|p1a: Azumarill|Azumarill, F, shiny|100\/100|[from] Chilly Reception\n|\n|-weather|Snow|[upkeep]\n|upkeep\n|turn|2\n|\n|t:|1699586291\n|move|p2a: Drifblim|Minimize|p2a: Drifblim\n|-boost|p2a: Drifblim|evasion|2\n|move|p1a: Azumarill|Perish Song|p1a: Azumarill\n|-start|p1a: Azumarill|perish3|[silent]\n|-start|p2a: Drifblim|perish3|[silent]\n|-fieldactivate|move: Perish Song\n|\n|-weather|Snow|[upkeep]\n|-start|p2a: Drifblim|perish3\n|-start|p1a: Azumarill|perish3\n|upkeep\n|turn|3\n|inactive|Battle timer is ON: inactive players will automatically lose when time's up. (requested by NoviceUnown)\n|\n|t:|1699586300\n|move|p2a: Drifblim|Minimize|p2a: Drifblim\n|-boost|p2a: Drifblim|evasion|2\n|move|p1a: Azumarill|Metronome|p1a: Azumarill\n|move|p1a: Azumarill|Thrash|p2a: Drifblim|[from]move: Metronome\n|-immune|p2a: Drifblim\n|\n|-weather|Snow|[upkeep]\n|-start|p2a: Drifblim|perish2\n|-start|p1a: Azumarill|perish2\n|upkeep\n|turn|4\n|\n|t:|1699586312\n|switch|p1a: Slowking|Slowking, M|100\/100\n|move|p2a: Drifblim|Minimize|p2a: Drifblim\n|-boost|p2a: Drifblim|evasion|2\n|\n|-weather|Snow|[upkeep]\n|-start|p2a: Drifblim|perish1\n|upkeep\n|turn|5\n|\n|t:|1699586322\n|move|p2a: Drifblim|Baton Pass|p2a: Drifblim\n|\n|t:|1699586334\n|switch|p2a: Chandelure|Chandelure, F|100\/100|[from] Baton Pass\n|move|p1a: Slowking|Scald|p2a: Chandelure\n|-supereffective|p2a: Chandelure\n|-end|p2a: Chandelure|Substitute\n|\n|-weather|Snow|[upkeep]\n|-start|p2a: Chandelure|perish0\n|upkeep\n|faint|p2a: Chandelure\n|c|\u26060-9p8p9p7|eheheh\n|c|\u2606NoviceUnown|didnt know perish song worked like that\n|inactive|NoviceUnown has 120 seconds left.\n|c|\u26060-9p8p9p7|lol\n|c|\u2606NoviceUnown|gg\n|\n|t:|1699586372\n|switch|p2a: Cyclizar|Cyclizar, M|50\/100\n|turn|6\n|\n|t:|1699586380\n|move|p1a: Slowking|Thunder Wave|p2a: Cyclizar\n|-status|p2a: Cyclizar|par\n|cant|p2a: Cyclizar|par\n|\n|-weather|Snow|[upkeep]\n|-activate|p2a: Cyclizar|ability: Shed Skin\n|-curestatus|p2a: Cyclizar|par|[msg]\n|upkeep\n|turn|7\n|c|\u26060-9p8p9p7|wait why is your cycl not regenerator\n|\n|t:|1699586403\n|move|p1a: Slowking|Scald|p2a: Cyclizar\n|-resisted|p2a: Cyclizar\n|-damage|p2a: Cyclizar|28\/100\n|move|p2a: Cyclizar|Dragon Tail|p1a: Slowking\n|-damage|p1a: Slowking|81\/100\n|drag|p1a: Cetitan|Cetitan, M|100\/100\n|\n|-weather|Snow|[upkeep]\n|upkeep\n|turn|8\n|inactive|NoviceUnown has 120 seconds left.\n|c|\u2606NoviceUnown|imma casual player\n|c|\u2606NoviceUnown|idk what some abilities do\n|c|\u26060-9p8p9p7|oh ok\n|\n|t:|1699586441\n|move|p1a: Cetitan|Icicle Crash|p2a: Cyclizar\n|-supereffective|p2a: Cyclizar\n|-damage|p2a: Cyclizar|0 fnt\n|faint|p2a: Cyclizar\n|\n|-weather|none\n|upkeep\n|\n|t:|1699586446\n|switch|p2a: Drifblim|Drifblim, F|100\/100\n|turn|9\n|\n|t:|1699586454\n|move|p1a: Cetitan|Icicle Crash|p2a: Drifblim\n|-supereffective|p2a: Drifblim\n|-damage|p2a: Drifblim|6\/100\n|move|p2a: Drifblim|Calm Mind|p2a: Drifblim\n|-boost|p2a: Drifblim|spa|1\n|-boost|p2a: Drifblim|spd|1\n|\n|upkeep\n|turn|10\n|\n|t:|1699586461\n|move|p1a: Cetitan|Play Rough|p2a: Drifblim\n|-damage|p2a: Drifblim|0 fnt\n|-damage|p1a: Cetitan|76\/100|[from] ability: Aftermath|[of] p2a: Drifblim\n|faint|p2a: Drifblim\n|\n|win|0-9p8p9p7\n|raw|0-9p8p9p7's rating: 1099 &rarr; <strong>1119<\/strong><br \/>(+20 for winning)\n|raw|NoviceUnown's rating: 1026 &rarr; <strong>1015<\/strong><br \/>(-11 for losing)\n|c|\u26060-9p8p9p7|ggs\n|c|\u2606NoviceUnown|gg\n","uploadtime":1699586471,"views":4,"p1id":"09p8p9p7","p2id":"noviceunown","formatid":"gen9anythinggoes","rating":1015,"private":0,"password":""}