{"id":"gen9anythinggoes-1986300921","p1":"Eriski","p2":"Jeremy647","format":"[Gen 9] Anything Goes","log":"|j|\u2606Eriski\n|j|\u2606Jeremy647\n|t:|1699467458\n|gametype|singles\n|player|p1|Eriski|giovanni|1374\n|player|p2|Jeremy647|ruinmaniac|1402\n|teamsize|p1|6\n|teamsize|p2|6\n|gen|9\n|tier|[Gen 9] Anything Goes\n|rated|\n|rule|HP Percentage Mod: HP is shown in percentages\n|rule|Endless Battle Clause: Forcing endless battles is banned\n|clearpoke\n|poke|p1|Garchomp, M|\n|poke|p1|Milotic, F|\n|poke|p1|Dragonite, F|\n|poke|p1|Samurott-Hisui, F|\n|poke|p1|Dragapult, M|\n|poke|p1|Zapdos-Galar|\n|poke|p2|Iron Bundle|\n|poke|p2|Miraidon|\n|poke|p2|Zacian-*|\n|poke|p2|Annihilape, M|\n|poke|p2|Roaring Moon|\n|poke|p2|Rillaboom, M|\n|teampreview\n|inactive|Battle timer is ON: inactive players will automatically lose when time's up. (requested by Jeremy647)\n|\n|t:|1699467467\n|start\n|switch|p1a: Garchomp|Garchomp, M|100\/100\n|switch|p2a: Zacian|Zacian-Crowned, shiny|100\/100\n|-ability|p2a: Zacian|Intrepid Sword|boost\n|-boost|p2a: Zacian|atk|1\n|turn|1\n|\n|t:|1699467476\n|-terastallize|p1a: Garchomp|Fairy\n|move|p2a: Zacian|Agility|p2a: Zacian\n|-boost|p2a: Zacian|spe|2\n|move|p1a: Garchomp|Swords Dance|p1a: Garchomp\n|-boost|p1a: Garchomp|atk|2\n|\n|upkeep\n|turn|2\n|\n|t:|1699467483\n|move|p2a: Zacian|Behemoth Blade|p1a: Garchomp\n|-supereffective|p1a: Garchomp\n|-damage|p1a: Garchomp|0 fnt\n|-damage|p2a: Zacian|88\/100|[from] ability: Rough Skin|[of] p1a: Garchomp\n|faint|p1a: Garchomp\n|\n|upkeep\n|c|\u2606Jeremy647|Glhf\n|c|\u2606Eriski|perhaps\n|\n|t:|1699467492\n|switch|p1a: Dragapult|Dragapult, M|100\/100\n|turn|3\n|\n|t:|1699467498\n|move|p2a: Zacian|Behemoth Blade|p1a: Dragapult\n|-enditem|p1a: Dragapult|Focus Sash\n|-damage|p1a: Dragapult|1\/100\n|move|p1a: Dragapult|Phantom Force||[still]\n|-prepare|p1a: Dragapult|Phantom Force\n|\n|upkeep\n|turn|4\n|\n|t:|1699467504\n|move|p2a: Zacian|Play Rough|p1a: Dragapult|[miss]\n|-miss|p2a: Zacian|p1a: Dragapult\n|move|p1a: Dragapult|Phantom Force|p2a: Zacian|[from]lockedmove\n|-damage|p2a: Zacian|48\/100\n|\n|upkeep\n|turn|5\n|\n|t:|1699467511\n|move|p1a: Dragapult|Quick Attack|p2a: Zacian\n|-resisted|p2a: Zacian\n|-damage|p2a: Zacian|42\/100\n|move|p2a: Zacian|Behemoth Blade|p1a: Dragapult\n|-damage|p1a: Dragapult|0 fnt\n|faint|p1a: Dragapult\n|\n|upkeep\n|c|\u2606Eriski|why doesnt intrepid sword proc\n|\n|t:|1699467526\n|switch|p1a: Dragonite|Dragonite, F|100\/100\n|turn|6\n|\n|t:|1699467530\n|move|p2a: Zacian|Behemoth Blade|p1a: Dragonite\n|-damage|p1a: Dragonite|56\/100\n|move|p1a: Dragonite|Earthquake|p2a: Zacian\n|-supereffective|p2a: Zacian\n|-damage|p2a: Zacian|0 fnt\n|faint|p2a: Zacian\n|\n|upkeep\n|\n|t:|1699467536\n|switch|p2a: Miraidon|Miraidon|100\/100\n|-fieldstart|move: Electric Terrain|[from] ability: Hadron Engine|[of] p2a: Miraidon\n|turn|7\n|\n|t:|1699467540\n|move|p2a: Miraidon|Volt Switch|p1a: Dragonite\n|-damage|p1a: Dragonite|11\/100\n|\n|t:|1699467543\n|switch|p2a: Annihilape|Annihilape, M|100\/100|[from] Volt Switch\n|move|p1a: Dragonite|Earthquake|p2a: Annihilape\n|-damage|p2a: Annihilape|63\/100\n|\n|upkeep\n|turn|8\n|\n|t:|1699467550\n|move|p2a: Annihilape|Rage Fist|p1a: Dragonite\n|-damage|p1a: Dragonite|0 fnt\n|faint|p1a: Dragonite\n|\n|upkeep\n|\n|t:|1699467555\n|switch|p1a: Zapdos|Zapdos-Galar|100\/100\n|turn|9\n|\n|t:|1699467563\n|move|p1a: Zapdos|Hurricane|p2a: Annihilape\n|-supereffective|p2a: Annihilape\n|-damage|p2a: Annihilape|0 fnt\n|faint|p2a: Annihilape\n|\n|upkeep\n|\n|t:|1699467567\n|switch|p2a: Iron Bundle|Iron Bundle, shiny|100\/100\n|-activate|p2a: Iron Bundle|ability: Quark Drive\n|-start|p2a: Iron Bundle|quarkdrivespe\n|turn|10\n|\n|t:|1699467572\n|move|p2a: Iron Bundle|Freeze-Dry|p1a: Zapdos\n|-supereffective|p1a: Zapdos\n|-damage|p1a: Zapdos|0 fnt\n|faint|p1a: Zapdos\n|\n|upkeep\n|c|\u2606Eriski|yeah gg\n|-message|Eriski forfeited.\n|\n|win|Jeremy647\n|raw|Eriski's rating: 1374 &rarr; <strong>1356<\/strong><br \/>(-18 for losing)\n|raw|Jeremy647's rating: 1402 &rarr; <strong>1420<\/strong><br \/>(+18 for winning)\n|l|\u2606Eriski\n|c|\u2606Jeremy647|Its basicallt over\n","uploadtime":1699467589,"views":4,"p1id":"eriski","p2id":"jeremy647","formatid":"gen9anythinggoes","rating":1356,"private":0,"password":""}