{"id":"gen9anythinggoes-1976302107","p1":"tee2green72","p2":"KRIII","format":"[Gen 9] Anything Goes","log":"|j|\u2606tee2green72\n|j|\u2606KRIII\n|t:|1698284149\n|gametype|singles\n|player|p1|tee2green72|2|\n|player|p2|KRIII|rood|\n|teamsize|p1|6\n|teamsize|p2|6\n|gen|9\n|tier|[Gen 9] Anything Goes\n|rule|HP Percentage Mod: HP is shown in percentages\n|rule|Endless Battle Clause: Forcing endless battles is banned\n|clearpoke\n|poke|p1|Ting-Lu|\n|poke|p1|Iron Moth|\n|poke|p1|Slowking-Galar, M|\n|poke|p1|Quaquaval, M|\n|poke|p1|Chansey, F|\n|poke|p1|Coalossal, F|\n|poke|p2|Toedscruel, F|\n|poke|p2|Heatran, F|\n|poke|p2|Dragapult, M|\n|poke|p2|Pawmot, M|\n|poke|p2|Palafin, M|\n|poke|p2|Qwilfish-Hisui, F|\n|teampreview\n|\n|t:|1698284155\n|start\n|switch|p1a: West By God|Coalossal, F, shiny|100\/100\n|switch|p2a: Brienne|Palafin, M|100\/100\n|turn|1\n|\n|t:|1698284166\n|move|p1a: West By God|Endure|p1a: West By God\n|-singleturn|p1a: West By God|move: Endure\n|move|p2a: Brienne|Flip Turn|p1a: West By God\n|-supereffective|p1a: West By God\n|-damage|p1a: West By God|7\/100\n|-ability|p1a: West By God|Steam Engine|boost\n|-boost|p1a: West By God|spe|6\n|-enditem|p1a: West By God|Weakness Policy\n|-boost|p1a: West By God|atk|2|[from] item: Weakness Policy\n|-boost|p1a: West By God|spa|2|[from] item: Weakness Policy\n|\n|t:|1698284181\n|detailschange|p2a: Brienne|Palafin-Hero, M\n|switch|p2a: Tully|Toedscruel, F|100\/100|[from] Flip Turn\n|\n|upkeep\n|turn|2\n|\n|t:|1698284188\n|move|p1a: West By God|Flamethrower|p2a: Tully\n|-supereffective|p2a: Tully\n|-damage|p2a: Tully|0 fnt\n|faint|p2a: Tully\n|\n|upkeep\n|\n|t:|1698284197\n|switch|p2a: Brienne|Palafin-Hero, M|100\/100\n|-activate|p2a: Brienne|ability: Zero to Hero\n|turn|3\n|\n|t:|1698284202\n|move|p2a: Brienne|Jet Punch|p1a: West By God\n|-supereffective|p1a: West By God\n|-damage|p1a: West By God|0 fnt\n|faint|p1a: West By God\n|\n|upkeep\n|j| garth4325\n|\n|t:|1698284214\n|switch|p1a: Whirlwind|Ting-Lu|100\/100\n|-ability|p1a: Whirlwind|Vessel of Ruin\n|turn|4\n|c| garth4325|rip\n|\n|t:|1698284244\n|-terastallize|p2a: Brienne|Water\n|move|p2a: Brienne|Wave Crash|p1a: Whirlwind\n|-supereffective|p1a: Whirlwind\n|-damage|p1a: Whirlwind|13\/100\n|-damage|p2a: Brienne|58\/100|[from] Recoil\n|move|p1a: Whirlwind|Whirlwind|p2a: Brienne\n|drag|p2a: Drogon|Dragapult, M|100\/100\n|\n|-heal|p1a: Whirlwind|19\/100|[from] item: Leftovers\n|upkeep\n|turn|5\n|\n|t:|1698284262\n|switch|p1a: Soft-Boiled|Chansey, F, shiny|100\/100\n|move|p2a: Drogon|U-turn|p1a: Soft-Boiled\n|-crit|p1a: Soft-Boiled\n|-damage|p1a: Soft-Boiled|77\/100\n|\n|t:|1698284269\n|switch|p2a: Podrick|Pawmot, M|100\/100|[from] U-turn\n|\n|upkeep\n|turn|6\n|\n|t:|1698284279\n|move|p2a: Podrick|Brick Break|p1a: Soft-Boiled\n|-supereffective|p1a: Soft-Boiled\n|-damage|p1a: Soft-Boiled|23\/100\n|move|p1a: Soft-Boiled|Stealth Rock|p2a: Podrick\n|-sidestart|p2: KRIII|move: Stealth Rock\n|\n|upkeep\n|turn|7\n|\n|t:|1698284285\n|move|p2a: Podrick|Brick Break|p1a: Soft-Boiled\n|-supereffective|p1a: Soft-Boiled\n|-damage|p1a: Soft-Boiled|0 fnt\n|faint|p1a: Soft-Boiled\n|\n|upkeep\n|\n|t:|1698284293\n|switch|p1a: Toxic|Slowking-Galar, M, shiny|100\/100\n|turn|8\n|\n|t:|1698284303\n|switch|p2a: Ghost|Qwilfish-Hisui, F|100\/100\n|-damage|p2a: Ghost|88\/100|[from] Stealth Rock\n|-ability|p2a: Ghost|Intimidate|boost\n|-unboost|p1a: Toxic|atk|1\n|move|p1a: Toxic|Toxic|p2a: Ghost\n|-immune|p2a: Ghost\n|\n|upkeep\n|turn|9\n|\n|t:|1698284316\n|switch|p1a: Whirlwind|Ting-Lu|19\/100\n|-ability|p1a: Whirlwind|Vessel of Ruin\n|move|p2a: Ghost|Crunch|p1a: Whirlwind\n|-resisted|p1a: Whirlwind\n|-damage|p1a: Whirlwind|11\/100\n|-unboost|p1a: Whirlwind|def|1\n|\n|-heal|p1a: Whirlwind|18\/100|[from] item: Leftovers\n|upkeep\n|turn|10\n|\n|t:|1698284343\n|move|p2a: Ghost|Fell Stinger|p1a: Whirlwind\n|-supereffective|p1a: Whirlwind\n|-damage|p1a: Whirlwind|0 fnt\n|faint|p1a: Whirlwind\n|-boost|p2a: Ghost|atk|3\n|\n|upkeep\n|\n|t:|1698284353\n|switch|p1a: Fiery Dance|Iron Moth, shiny|100\/100\n|-enditem|p1a: Fiery Dance|Booster Energy\n|-activate|p1a: Fiery Dance|ability: Quark Drive|[fromitem]\n|-start|p1a: Fiery Dance|quarkdrivespe\n|turn|11\n|\n|t:|1698284392\n|-terastallize|p1a: Fiery Dance|Water\n|move|p1a: Fiery Dance|Psychic|p2a: Ghost\n|-immune|p2a: Ghost\n|move|p2a: Ghost|Crunch|p1a: Fiery Dance\n|-damage|p1a: Fiery Dance|0 fnt\n|faint|p1a: Fiery Dance\n|-end|p1a: Fiery Dance|Quark Drive|[silent]\n|\n|upkeep\n|\n|t:|1698284428\n|switch|p1a: Aqua Step|Quaquaval, M, shiny|100\/100\n|turn|12\n|\n|t:|1698284439\n|move|p1a: Aqua Step|Close Combat|p2a: Ghost\n|-damage|p2a: Ghost|39\/100\n|-unboost|p1a: Aqua Step|def|1\n|-unboost|p1a: Aqua Step|spd|1\n|move|p2a: Ghost|Poison Jab|p1a: Aqua Step\n|-damage|p1a: Aqua Step|0 fnt\n|faint|p1a: Aqua Step\n|\n|upkeep\n|\n|t:|1698284472\n|switch|p1a: Toxic|Slowking-Galar, M, shiny|100\/100\n|turn|13\n|\n|t:|1698284481\n|move|p2a: Ghost|Crunch|p1a: Toxic\n|-supereffective|p1a: Toxic\n|-damage|p1a: Toxic|0 fnt\n|faint|p1a: Toxic\n|\n|win|KRIII\n|l| garth4325\n","uploadtime":1698284581,"views":16,"p1id":"tee2green72","p2id":"kriii","formatid":"gen9anythinggoes","rating":0,"private":0,"password":""}