{"id":"gen9anythinggoes-1992752455","p1":"LingLing007","p2":"Brettison","format":"[Gen 9] Anything Goes","log":"|j|\u2606LingLing007\n|j|\u2606Brettison\n|t:|1700232244\n|gametype|singles\n|player|p1|LingLing007|leon|1266\n|player|p2|Brettison|caitlin|1163\n|teamsize|p1|6\n|teamsize|p2|6\n|gen|9\n|tier|[Gen 9] Anything Goes\n|rated|\n|rule|HP Percentage Mod: HP is shown in percentages\n|rule|Endless Battle Clause: Forcing endless battles is banned\n|clearpoke\n|poke|p1|Charizard, M|\n|poke|p1|Inteleon, M|\n|poke|p1|Rillaboom, M|\n|poke|p1|Cinderace, M|\n|poke|p1|Dragapult, M|\n|poke|p1|Haxorus, M|\n|poke|p2|Froslass, F|\n|poke|p2|Slowbro, F|\n|poke|p2|Hoopa|\n|poke|p2|Goodra, F|\n|poke|p2|Bronzong|\n|poke|p2|Hatterene, F|\n|teampreview\n|\n|t:|1700232249\n|start\n|switch|p1a: Charizard|Charizard, M|100\/100\n|switch|p2a: Froslass|Froslass, F|100\/100\n|turn|1\n|\n|t:|1700232254\n|move|p2a: Froslass|Spikes|p1a: Charizard\n|-sidestart|p1: LingLing007|Spikes\n|move|p1a: Charizard|Dragon Dance|p1a: Charizard\n|-boost|p1a: Charizard|atk|1\n|-boost|p1a: Charizard|spe|1\n|\n|upkeep\n|turn|2\n|\n|t:|1700232263\n|move|p1a: Charizard|Dragon Dance|p1a: Charizard\n|-boost|p1a: Charizard|atk|1\n|-boost|p1a: Charizard|spe|1\n|move|p2a: Froslass|Destiny Bond|p2a: Froslass\n|-singlemove|p2a: Froslass|Destiny Bond\n|\n|upkeep\n|turn|3\n|\n|t:|1700232268\n|move|p1a: Charizard|Dragon Dance|p1a: Charizard\n|-boost|p1a: Charizard|atk|1\n|-boost|p1a: Charizard|spe|1\n|move|p2a: Froslass|Taunt|p1a: Charizard\n|-start|p1a: Charizard|move: Taunt\n|\n|upkeep\n|turn|4\n|\n|t:|1700232274\n|move|p1a: Charizard|Flamethrower|p2a: Froslass\n|-supereffective|p2a: Froslass\n|-enditem|p2a: Froslass|Focus Sash\n|-damage|p2a: Froslass|1\/100\n|-damage|p1a: Charizard|91\/100|[from] item: Life Orb\n|move|p2a: Froslass|Destiny Bond|p2a: Froslass\n|-singlemove|p2a: Froslass|Destiny Bond\n|\n|upkeep\n|turn|5\n|\n|t:|1700232286\n|switch|p1a: Inteleon|Inteleon, M|100\/100\n|move|p2a: Froslass|Spikes|p1a: Inteleon\n|-sidestart|p1: LingLing007|Spikes\n|\n|upkeep\n|turn|6\n|\n|t:|1700232296\n|switch|p2a: Slowbro|Slowbro, F|100\/100\n|move|p1a: Inteleon|Dark Pulse|p2a: Slowbro\n|-supereffective|p2a: Slowbro\n|-damage|p2a: Slowbro|43\/100\n|\n|upkeep\n|turn|7\n|\n|t:|1700232311\n|switch|p2a: Goodra|Goodra, F|100\/100\n|move|p1a: Inteleon|Dark Pulse|p2a: Goodra\n|-damage|p2a: Goodra|90\/100\n|\n|upkeep\n|turn|8\n|\n|t:|1700232316\n|move|p1a: Inteleon|Ice Beam|p2a: Goodra\n|-supereffective|p2a: Goodra\n|-damage|p2a: Goodra|65\/100\n|-status|p2a: Goodra|frz\n|cant|p2a: Goodra|frz\n|\n|upkeep\n|turn|9\n|\n|t:|1700232340\n|move|p1a: Inteleon|Ice Beam|p2a: Goodra\n|-supereffective|p2a: Goodra\n|-damage|p2a: Goodra|41\/100 frz\n|cant|p2a: Goodra|frz\n|\n|upkeep\n|turn|10\n|c|\u2606Brettison|epic lol\n|\n|t:|1700232349\n|move|p1a: Inteleon|Ice Beam|p2a: Goodra\n|-supereffective|p2a: Goodra\n|-damage|p2a: Goodra|16\/100 frz\n|cant|p2a: Goodra|frz\n|\n|upkeep\n|turn|11\n|\n|t:|1700232355\n|move|p1a: Inteleon|Ice Beam|p2a: Goodra\n|-supereffective|p2a: Goodra\n|-damage|p2a: Goodra|0 fnt\n|faint|p2a: Goodra\n|\n|upkeep\n|\n|t:|1700232360\n|switch|p2a: Bronzong|Bronzong|100\/100\n|turn|12\n|\n|t:|1700232364\n|move|p1a: Inteleon|Dark Pulse|p2a: Bronzong\n|-supereffective|p2a: Bronzong\n|-damage|p2a: Bronzong|61\/100\n|move|p2a: Bronzong|Iron Defense|p2a: Bronzong\n|-boost|p2a: Bronzong|def|2\n|\n|-heal|p2a: Bronzong|67\/100|[from] item: Leftovers\n|upkeep\n|turn|13\n|\n|t:|1700232372\n|-terastallize|p2a: Bronzong|Electric\n|move|p1a: Inteleon|Dark Pulse|p2a: Bronzong\n|-damage|p2a: Bronzong|46\/100\n|cant|p2a: Bronzong|flinch\n|\n|-heal|p2a: Bronzong|53\/100|[from] item: Leftovers\n|upkeep\n|turn|14\n|\n|t:|1700232379\n|move|p1a: Inteleon|Haze|p1a: Inteleon\n|-clearallboost\n|move|p2a: Bronzong|Body Press|p1a: Inteleon\n|-damage|p1a: Inteleon|62\/100\n|\n|-heal|p2a: Bronzong|59\/100|[from] item: Leftovers\n|upkeep\n|turn|15\n|\n|t:|1700232389\n|switch|p2a: Hatterene|Hatterene, F|100\/100\n|move|p1a: Inteleon|Ice Beam|p2a: Hatterene\n|-damage|p2a: Hatterene|72\/100\n|\n|-heal|p2a: Hatterene|78\/100|[from] item: Leftovers\n|upkeep\n|turn|16\n|\n|t:|1700232397\n|switch|p1a: Cinderace|Cinderace, M|100\/100\n|-damage|p1a: Cinderace|84\/100|[from] Spikes\n|move|p2a: Hatterene|Draining Kiss|p1a: Cinderace\n|-resisted|p1a: Cinderace\n|-damage|p1a: Cinderace|67\/100\n|-heal|p2a: Hatterene|90\/100|[from] drain|[of] p1a: Cinderace\n|\n|-heal|p2a: Hatterene|96\/100|[from] item: Leftovers\n|upkeep\n|turn|17\n|\n|t:|1700232406\n|move|p1a: Cinderace|Court Change|p1a: Cinderace\n|-start|p1a: Cinderace|typechange|Normal|[from] ability: Libero\n|-swapsideconditions\n|-activate|p1a: Cinderace|move: Court Change\n|move|p2a: Hatterene|Psyshock|p1a: Cinderace\n|-damage|p1a: Cinderace|12\/100\n|\n|-heal|p2a: Hatterene|100\/100|[from] item: Leftovers\n|upkeep\n|turn|18\n|\n|t:|1700232418\n|move|p1a: Cinderace|Pyro Ball|p2a: Hatterene\n|-damage|p2a: Hatterene|54\/100\n|-damage|p1a: Cinderace|2\/100|[from] item: Life Orb\n|move|p2a: Hatterene|Draining Kiss|p1a: Cinderace\n|-crit|p1a: Cinderace\n|-damage|p1a: Cinderace|0 fnt\n|-heal|p2a: Hatterene|56\/100|[from] drain|[of] p1a: Cinderace\n|faint|p1a: Cinderace\n|\n|-heal|p2a: Hatterene|62\/100|[from] item: Leftovers\n|upkeep\n|\n|t:|1700232423\n|switch|p1a: Rillaboom|Rillaboom, M|100\/100\n|-fieldstart|move: Grassy Terrain|[from] ability: Grassy Surge|[of] p1a: Rillaboom\n|-enditem|p1a: Rillaboom|Grassy Seed\n|-boost|p1a: Rillaboom|def|1|[from] item: Grassy Seed\n|turn|19\n|\n|t:|1700232432\n|move|p1a: Rillaboom|Bulk Up|p1a: Rillaboom\n|-boost|p1a: Rillaboom|atk|1\n|-boost|p1a: Rillaboom|def|1\n|move|p2a: Hatterene|Mystical Fire|p1a: Rillaboom\n|-supereffective|p1a: Rillaboom\n|-damage|p1a: Rillaboom|36\/100\n|-unboost|p1a: Rillaboom|spa|1\n|\n|-heal|p1a: Rillaboom|42\/100|[from] Grassy Terrain\n|-heal|p2a: Hatterene|67\/100|[from] Grassy Terrain\n|-heal|p2a: Hatterene|73\/100|[from] item: Leftovers\n|upkeep\n|turn|20\n|\n|t:|1700232443\n|move|p1a: Rillaboom|Acrobatics|p2a: Hatterene\n|-damage|p2a: Hatterene|19\/100\n|move|p2a: Hatterene|Mystical Fire|p1a: Rillaboom\n|-supereffective|p1a: Rillaboom\n|-damage|p1a: Rillaboom|0 fnt\n|faint|p1a: Rillaboom\n|\n|-heal|p2a: Hatterene|25\/100|[from] Grassy Terrain\n|-heal|p2a: Hatterene|31\/100|[from] item: Leftovers\n|upkeep\n|\n|t:|1700232450\n|switch|p1a: Charizard|Charizard, M|91\/100\n|turn|21\n|\n|t:|1700232457\n|switch|p2a: Slowbro|Slowbro, F|76\/100\n|move|p1a: Charizard|Earthquake|p2a: Slowbro\n|-damage|p2a: Slowbro|69\/100\n|-damage|p1a: Charizard|81\/100|[from] item: Life Orb\n|\n|-heal|p2a: Slowbro|75\/100|[from] Grassy Terrain\n|upkeep\n|turn|22\n|\n|t:|1700232470\n|move|p1a: Charizard|Dragon Dance|p1a: Charizard\n|-boost|p1a: Charizard|atk|1\n|-boost|p1a: Charizard|spe|1\n|move|p2a: Slowbro|Scald|p1a: Charizard\n|-supereffective|p1a: Charizard\n|-damage|p1a: Charizard|0 fnt\n|faint|p1a: Charizard\n|\n|-heal|p2a: Slowbro|81\/100|[from] Grassy Terrain\n|upkeep\n|\n|t:|1700232476\n|switch|p1a: Dragapult|Dragapult, M|100\/100\n|turn|23\n|\n|t:|1700232486\n|switch|p2a: Hatterene|Hatterene, F|31\/100\n|-damage|p2a: Hatterene|15\/100|[from] Spikes\n|move|p1a: Dragapult|Dragon Dance|p1a: Dragapult\n|-boost|p1a: Dragapult|atk|1\n|-boost|p1a: Dragapult|spe|1\n|\n|-heal|p2a: Hatterene|21\/100|[from] Grassy Terrain\n|-heal|p2a: Hatterene|27\/100|[from] item: Leftovers\n|-fieldend|move: Grassy Terrain\n|upkeep\n|turn|24\n|\n|t:|1700232496\n|move|p1a: Dragapult|Sucker Punch|p2a: Hatterene\n|-damage|p2a: Hatterene|0 fnt\n|faint|p2a: Hatterene\n|\n|upkeep\n|\n|t:|1700232506\n|switch|p2a: Slowbro|Slowbro, F|100\/100\n|turn|25\n|\n|t:|1700232510\n|move|p1a: Dragapult|Dragon Dance|p1a: Dragapult\n|-boost|p1a: Dragapult|atk|1\n|-boost|p1a: Dragapult|spe|1\n|move|p2a: Slowbro|Scald|p1a: Dragapult\n|-resisted|p1a: Dragapult\n|-damage|p1a: Dragapult|81\/100\n|\n|upkeep\n|turn|26\n|\n|t:|1700232516\n|move|p1a: Dragapult|Sucker Punch|p2a: Slowbro\n|-supereffective|p2a: Slowbro\n|-damage|p2a: Slowbro|40\/100\n|move|p2a: Slowbro|Scald|p1a: Dragapult\n|-resisted|p1a: Dragapult\n|-damage|p1a: Dragapult|62\/100\n|\n|upkeep\n|turn|27\n|\n|t:|1700232523\n|switch|p2a: Bronzong|Bronzong, tera:Electric|59\/100\n|move|p1a: Dragapult|Dragon Darts|p2a: Bronzong\n|-damage|p2a: Bronzong|15\/100\n|-anim|p1a: Dragapult|Dragon Darts|p2a: Bronzong\n|-damage|p2a: Bronzong|0 fnt\n|faint|p2a: Bronzong\n|\n|upkeep\n|\n|t:|1700232531\n|switch|p2a: Slowbro|Slowbro, F|73\/100\n|turn|28\n|\n|t:|1700232538\n|move|p1a: Dragapult|Dragon Darts|p2a: Slowbro\n|-damage|p2a: Slowbro|44\/100\n|-anim|p1a: Dragapult|Dragon Darts|p2a: Slowbro\n|-crit|p2a: Slowbro\n|-damage|p2a: Slowbro|0 fnt\n|faint|p2a: Slowbro\n|\n|upkeep\n|\n|t:|1700232543\n|switch|p2a: Hoopa|Hoopa|100\/100\n|-damage|p2a: Hoopa|84\/100|[from] Spikes\n|turn|29\n|c|\u2606Brettison|gg thanks freeze lol\n|\n|t:|1700232552\n|move|p1a: Dragapult|Sucker Punch||[still]\n|-fail|p1a: Dragapult\n|move|p2a: Hoopa|Substitute|p2a: Hoopa\n|-start|p2a: Hoopa|Substitute\n|-damage|p2a: Hoopa|59\/100\n|\n|-heal|p2a: Hoopa|65\/100|[from] item: Leftovers\n|upkeep\n|turn|30\n|\n|t:|1700232559\n|-terastallize|p1a: Dragapult|Normal\n|move|p1a: Dragapult|Dragon Darts|p2a: Hoopa\n|-damage|p2a: Hoopa|0 fnt\n|faint|p2a: Hoopa\n|\n|upkeep\n|\n|t:|1700232564\n|switch|p2a: Froslass|Froslass, F|1\/100\n|-damage|p2a: Froslass|0 fnt|[from] Spikes\n|faint|p2a: Froslass\n|\n|win|LingLing007\n|raw|LingLing007's rating: 1266 &rarr; <strong>1284<\/strong><br \/>(+18 for winning)\n|raw|Brettison's rating: 1163 &rarr; <strong>1145<\/strong><br \/>(-18 for losing)\n|l|\u2606Brettison\n|c|\u2606LingLing007|nice gg\n","uploadtime":1700232583,"views":6,"p1id":"lingling007","p2id":"brettison","formatid":"gen9anythinggoes","rating":1145,"private":0,"password":""}