{"id":"gen9anythinggoes-1999100200","p1":"MrMimeIsMrKetchum","p2":"ur_a_bolo","format":"[Gen 9] Anything Goes","log":"|j|\u2606MrMimeIsMrKetchum\n|j|\u2606ur_a_bolo\n|t:|1701033145\n|gametype|singles\n|player|p1|MrMimeIsMrKetchum|swimmerf-gen4|1239\n|player|p2|ur_a_bolo|crasherwake|1336\n|teamsize|p1|6\n|teamsize|p2|6\n|gen|9\n|tier|[Gen 9] Anything Goes\n|rated|\n|rule|HP Percentage Mod: HP is shown in percentages\n|rule|Endless Battle Clause: Forcing endless battles is banned\n|clearpoke\n|poke|p1|Annihilape, M|\n|poke|p1|Blissey, F|\n|poke|p1|Pawmot, M|\n|poke|p1|Rabsca, M|\n|poke|p1|Pelipper, M|\n|poke|p1|Basculegion, M|\n|poke|p2|Arceus-Flying|\n|poke|p2|Regieleki|\n|poke|p2|Quagsire, F|\n|poke|p2|Chien-Pao|\n|poke|p2|Zacian-*|\n|poke|p2|Urshifu-*, M|\n|teampreview\n|\n|t:|1701033152\n|start\n|switch|p1a: Annihilape|Annihilape, M, shiny|100\/100\n|switch|p2a: Arceus|Arceus-Flying|100\/100\n|turn|1\n|inactive|Battle timer is ON: inactive players will automatically lose when time's up. (requested by MrMimeIsMrKetchum)\n|\n|t:|1701033158\n|move|p1a: Annihilape|Final Gambit|p2a: Arceus\n|-damage|p2a: Arceus|5\/100\n|faint|p1a: Annihilape\n|move|p2a: Arceus|Taunt|p1: Annihilape|[notarget]\n|-fail|p2a: Arceus\n|\n|upkeep\n|\n|t:|1701033168\n|switch|p1a: Pawmot|Pawmot, M, shiny|100\/100\n|turn|2\n|\n|t:|1701033175\n|move|p2a: Arceus|Stealth Rock|p1a: Pawmot\n|-sidestart|p1: MrMimeIsMrKetchum|move: Stealth Rock\n|move|p1a: Pawmot|Revival Blessing|p1a: Pawmot\n|-enditem|p1a: Pawmot|Leppa Berry|[eat]\n|-activate|p1a: Pawmot|item: Leppa Berry|Revival Blessing|[consumed]\n|\n|t:|1701033183\n|-heal|p1: Annihilape|50\/100|[from] move: Revival Blessing\n|\n|upkeep\n|turn|3\n|\n|t:|1701033192\n|move|p1a: Pawmot|Mach Punch|p2a: Arceus\n|-resisted|p2a: Arceus\n|-damage|p2a: Arceus|0 fnt\n|faint|p2a: Arceus\n|\n|upkeep\n|\n|t:|1701033205\n|switch|p2a: Quagsire|Quagsire, F|100\/100\n|turn|4\n|inactive|MrMimeIsMrKetchum has 120 seconds left.\n|\n|t:|1701033242\n|move|p1a: Pawmot|Ice Punch|p2a: Quagsire\n|-damage|p2a: Quagsire|83\/100\n|-damage|p1a: Pawmot|84\/100|[from] item: Rocky Helmet|[of] p2a: Quagsire\n|move|p2a: Quagsire|Earthquake|p1a: Pawmot\n|-supereffective|p1a: Pawmot\n|-damage|p1a: Pawmot|1\/100\n|\n|upkeep\n|turn|5\n|inactive|MrMimeIsMrKetchum has 120 seconds left.\n|\n|t:|1701033253\n|move|p1a: Pawmot|Ice Punch|p2a: Quagsire\n|-damage|p2a: Quagsire|66\/100\n|-damage|p1a: Pawmot|0 fnt|[from] item: Rocky Helmet|[of] p2a: Quagsire\n|faint|p1a: Pawmot\n|move|p2a: Quagsire|Toxic|p1: Pawmot|[notarget]\n|-fail|p2a: Quagsire\n|\n|upkeep\n|\n|t:|1701033258\n|switch|p1a: Annihilape|Annihilape, M, shiny|50\/100\n|-damage|p1a: Annihilape|44\/100|[from] Stealth Rock\n|turn|6\n|\n|t:|1701033263\n|move|p1a: Annihilape|Final Gambit|p2a: Quagsire\n|-damage|p2a: Quagsire|19\/100\n|faint|p1a: Annihilape\n|move|p2a: Quagsire|Toxic|p1: Annihilape|[notarget]\n|-fail|p2a: Quagsire\n|\n|upkeep\n|\n|t:|1701033271\n|switch|p1a: Blissey|Blissey, F, shiny|100\/100\n|-damage|p1a: Blissey|88\/100|[from] Stealth Rock\n|turn|7\n|\n|t:|1701033288\n|move|p1a: Blissey|Copycat|p1a: Blissey\n|move|p1a: Blissey|Toxic|p2a: Quagsire|[from]move: Copycat\n|-status|p2a: Quagsire|tox\n|move|p2a: Quagsire|Recover|p2a: Quagsire\n|-heal|p2a: Quagsire|69\/100 tox\n|\n|-damage|p2a: Quagsire|63\/100 tox|[from] psn\n|upkeep\n|turn|8\n|\n|t:|1701033300\n|move|p1a: Blissey|Copycat|p1a: Blissey\n|move|p1a: Blissey|Recover|p1a: Blissey|[from]move: Copycat\n|-heal|p1a: Blissey|100\/100\n|move|p2a: Quagsire|Recover|p2a: Quagsire\n|-heal|p2a: Quagsire|100\/100 tox\n|\n|-damage|p2a: Quagsire|88\/100 tox|[from] psn\n|upkeep\n|turn|9\n|\n|t:|1701033308\n|move|p1a: Blissey|Copycat|p1a: Blissey\n|move|p1a: Blissey|Recover||[from]move: Copycat|[still]\n|-fail|p1a: Blissey|heal\n|move|p2a: Quagsire|Toxic|p1a: Blissey\n|-status|p1a: Blissey|tox\n|\n|-damage|p1a: Blissey|94\/100 tox|[from] psn\n|-damage|p2a: Quagsire|70\/100 tox|[from] psn\n|upkeep\n|turn|10\n|\n|t:|1701033318\n|switch|p2a: Urshifu|Urshifu, M|100\/100\n|move|p1a: Blissey|Copycat|p1a: Blissey\n|move|p1a: Blissey|Toxic|p2a: Urshifu|[from]move: Copycat\n|-status|p2a: Urshifu|tox\n|\n|-damage|p1a: Blissey|82\/100 tox|[from] psn\n|-damage|p2a: Urshifu|94\/100 tox|[from] psn\n|upkeep\n|turn|11\n|\n|t:|1701033328\n|move|p1a: Blissey|Copycat|p1a: Blissey\n|move|p1a: Blissey|Toxic|p2a: Urshifu|[from]move: Copycat\n|-fail|p2a: Urshifu|tox\n|move|p2a: Urshifu|Close Combat|p1a: Blissey\n|-supereffective|p1a: Blissey\n|-damage|p1a: Blissey|0 fnt\n|-unboost|p2a: Urshifu|def|1\n|-unboost|p2a: Urshifu|spd|1\n|faint|p1a: Blissey\n|\n|-damage|p2a: Urshifu|82\/100 tox|[from] psn\n|upkeep\n|\n|t:|1701033339\n|switch|p1a: Rabsca|Rabsca, M, shiny|100\/100\n|-damage|p1a: Rabsca|76\/100|[from] Stealth Rock\n|turn|12\n|\n|t:|1701033352\n|move|p2a: Urshifu|Wicked Blow|p1a: Rabsca\n|-supereffective|p1a: Rabsca\n|-crit|p1a: Rabsca\n|-damage|p1a: Rabsca|0 fnt\n|faint|p1a: Rabsca\n|\n|-damage|p2a: Urshifu|64\/100 tox|[from] psn\n|upkeep\n|\n|t:|1701033361\n|switch|p1a: Pelipper|Pelipper, M, shiny|100\/100\n|-damage|p1a: Pelipper|75\/100|[from] Stealth Rock\n|-weather|RainDance|[from] ability: Drizzle|[of] p1a: Pelipper\n|turn|13\n|\n|t:|1701033370\n|move|p2a: Urshifu|Swords Dance|p2a: Urshifu\n|-boost|p2a: Urshifu|atk|2\n|move|p1a: Pelipper|Hurricane|p2a: Urshifu\n|-supereffective|p2a: Urshifu\n|-damage|p2a: Urshifu|0 fnt\n|faint|p2a: Urshifu\n|\n|-weather|RainDance|[upkeep]\n|upkeep\n|\n|t:|1701033378\n|switch|p2a: Regieleki|Regieleki|100\/100\n|turn|14\n|\n|t:|1701033392\n|-terastallize|p1a: Pelipper|Ground\n|move|p2a: Regieleki|Wild Charge|p1a: Pelipper\n|-immune|p1a: Pelipper\n|move|p1a: Pelipper|Tera Blast|p2a: Regieleki|[anim] Tera Blast Ground\n|-supereffective|p2a: Regieleki\n|-damage|p2a: Regieleki|0 fnt\n|faint|p2a: Regieleki\n|\n|-weather|RainDance|[upkeep]\n|upkeep\n|\n|t:|1701033406\n|switch|p2a: Chien-Pao|Chien-Pao|100\/100\n|-ability|p2a: Chien-Pao|Sword of Ruin\n|turn|15\n|\n|t:|1701033414\n|move|p2a: Chien-Pao|Icicle Crash|p1a: Pelipper\n|-supereffective|p1a: Pelipper\n|-damage|p1a: Pelipper|0 fnt\n|faint|p1a: Pelipper\n|\n|-weather|RainDance|[upkeep]\n|upkeep\n|\n|t:|1701033420\n|switch|p1a: Basculegion|Basculegion, M, shiny|100\/100\n|-damage|p1a: Basculegion|88\/100|[from] Stealth Rock\n|turn|16\n|\n|t:|1701033439\n|move|p1a: Basculegion|Last Respects|p2a: Chien-Pao\n|-resisted|p2a: Chien-Pao\n|-damage|p2a: Chien-Pao|0 fnt\n|faint|p2a: Chien-Pao\n|\n|-weather|RainDance|[upkeep]\n|upkeep\n|\n|t:|1701033447\n|switch|p2a: Zacian|Zacian-Crowned|100\/100\n|-ability|p2a: Zacian|Intrepid Sword|boost\n|-boost|p2a: Zacian|atk|1\n|turn|17\n|\n|t:|1701033461\n|move|p1a: Basculegion|Last Respects|p2a: Zacian\n|-damage|p2a: Zacian|0 fnt\n|faint|p2a: Zacian\n|\n|-weather|RainDance|[upkeep]\n|upkeep\n|\n|t:|1701033466\n|switch|p2a: Quagsire|Quagsire, F|70\/100 tox\n|turn|18\n|\n|t:|1701033476\n|move|p1a: Basculegion|Last Respects|p2a: Quagsire\n|-damage|p2a: Quagsire|0 fnt\n|faint|p2a: Quagsire\n|\n|win|MrMimeIsMrKetchum\n|raw|MrMimeIsMrKetchum's rating: 1239 &rarr; <strong>1271<\/strong><br \/>(+32 for winning)\n|raw|ur_a_bolo's rating: 1336 &rarr; <strong>1311<\/strong><br \/>(-25 for losing)\n|c|\u2606MrMimeIsMrKetchum|gg\n|c|\u2606ur_a_bolo|Wow\n|c|\u2606ur_a_bolo|gg\n|c|\u2606MrMimeIsMrKetchum|:)\n|l|\u2606ur_a_bolo\n","uploadtime":1701033508,"views":0,"p1id":"mrmimeismrketchum","p2id":"urabolo","formatid":"gen9anythinggoes","rating":1271,"private":0,"password":""}