{"id":"gen9anythinggoes-1993351559","p1":"jerin123","p2":"BlueLabeldeJhonnyW","format":"[Gen 9] Anything Goes","log":"|j|\u2606jerin123\n|j|\u2606BlueLabeldeJhonnyW\n|inactive|Battle timer is ON: inactive players will automatically lose when time's up.\n|t:|1700304058\n|gametype|singles\n|player|p1|jerin123|ghetsis|\n|player|p2|BlueLabeldeJhonnyW|norman|\n|teamsize|p1|6\n|teamsize|p2|6\n|gen|9\n|tier|[Gen 9] Anything Goes\n|rated|Tournament battle\n|rule|HP Percentage Mod: HP is shown in percentages\n|rule|Endless Battle Clause: Forcing endless battles is banned\n|clearpoke\n|poke|p1|Koraidon|\n|poke|p1|Iron Moth|\n|poke|p1|Cloyster, F|\n|poke|p1|Great Tusk|\n|poke|p1|Chien-Pao|\n|poke|p1|Miraidon|\n|poke|p2|Koraidon|\n|poke|p2|Iron Moth|\n|poke|p2|Cloyster, M|\n|poke|p2|Great Tusk|\n|poke|p2|Chien-Pao|\n|poke|p2|Miraidon|\n|teampreview\n|j|*Lady Monita \u2746\n|inactive|jerin123 has 120 seconds left.\n|inactive|jerin123 has 90 seconds left.\n|c|\u2606jerin123|same team huh\n|\n|t:|1700304136\n|start\n|switch|p1a: Cloyster|Cloyster, F|100\/100\n|switch|p2a: Koraidon|Koraidon|100\/100\n|-weather|SunnyDay|[from] ability: Orichalcum Pulse|[of] p2a: Koraidon\n|-activate|p2a: Koraidon|Orichalcum Pulse|[source]\n|turn|1\n|\n|t:|1700304145\n|move|p2a: Koraidon|Drain Punch|p1a: Cloyster\n|-supereffective|p1a: Cloyster\n|-damage|p1a: Cloyster|11\/100\n|move|p1a: Cloyster|Icicle Spear|p2a: Koraidon\n|-supereffective|p2a: Koraidon\n|-damage|p2a: Koraidon|81\/100\n|-supereffective|p2a: Koraidon\n|-damage|p2a: Koraidon|58\/100\n|-supereffective|p2a: Koraidon\n|-damage|p2a: Koraidon|37\/100\n|-supereffective|p2a: Koraidon\n|-damage|p2a: Koraidon|17\/100\n|-supereffective|p2a: Koraidon\n|-damage|p2a: Koraidon|0 fnt\n|faint|p2a: Koraidon\n|-hitcount|p2: Koraidon|5\n|\n|-weather|SunnyDay|[upkeep]\n|upkeep\n|\n|t:|1700304155\n|switch|p2a: Chien-Pao|Chien-Pao|100\/100\n|-ability|p2a: Chien-Pao|Sword of Ruin\n|turn|2\n|\n|t:|1700304162\n|move|p2a: Chien-Pao|Crunch|p1a: Cloyster\n|-damage|p1a: Cloyster|0 fnt\n|faint|p1a: Cloyster\n|\n|-weather|SunnyDay|[upkeep]\n|upkeep\n|\n|t:|1700304169\n|switch|p1a: Koraidon|Koraidon|100\/100\n|-activate|p1a: Koraidon|ability: Orichalcum Pulse\n|turn|3\n|\n|t:|1700304198\n|move|p1a: Koraidon|Flame Charge|p2a: Chien-Pao\n|-supereffective|p2a: Chien-Pao\n|-crit|p2a: Chien-Pao\n|-enditem|p2a: Chien-Pao|Focus Sash\n|-damage|p2a: Chien-Pao|1\/100\n|-boost|p1a: Koraidon|spe|1\n|move|p2a: Chien-Pao|Ice Spinner|p1a: Koraidon\n|-supereffective|p1a: Koraidon\n|-damage|p1a: Koraidon|5\/100\n|\n|-weather|SunnyDay|[upkeep]\n|upkeep\n|turn|4\n|\n|t:|1700304203\n|move|p2a: Chien-Pao|Sucker Punch|p1a: Koraidon\n|-resisted|p1a: Koraidon\n|-damage|p1a: Koraidon|0 fnt\n|faint|p1a: Koraidon\n|\n|-weather|SunnyDay|[upkeep]\n|upkeep\n|\n|t:|1700304209\n|switch|p1a: Chien-Pao|Chien-Pao|100\/100\n|-ability|p1a: Chien-Pao|Sword of Ruin\n|turn|5\n|\n|t:|1700304212\n|move|p2a: Chien-Pao|Sucker Punch|p1a: Chien-Pao\n|-resisted|p1a: Chien-Pao\n|-damage|p1a: Chien-Pao|73\/100\n|move|p1a: Chien-Pao|Sucker Punch||[still]\n|-fail|p1a: Chien-Pao\n|\n|-weather|none\n|upkeep\n|turn|6\n|\n|t:|1700304218\n|switch|p1a: Iron Moth|Iron Moth|100\/100\n|-enditem|p1a: Iron Moth|Booster Energy\n|-activate|p1a: Iron Moth|ability: Quark Drive|[fromitem]\n|-start|p1a: Iron Moth|quarkdrivespa\n|move|p2a: Chien-Pao|Sucker Punch||[still]\n|-fail|p2a: Chien-Pao\n|\n|upkeep\n|turn|7\n|\n|t:|1700304230\n|move|p2a: Chien-Pao|Ice Spinner|p1a: Iron Moth\n|-resisted|p1a: Iron Moth\n|-damage|p1a: Iron Moth|55\/100\n|move|p1a: Iron Moth|Dazzling Gleam|p2a: Chien-Pao\n|-supereffective|p2a: Chien-Pao\n|-damage|p2a: Chien-Pao|0 fnt\n|faint|p2a: Chien-Pao\n|\n|upkeep\n|\n|t:|1700304235\n|switch|p2a: Iron Moth|Iron Moth|100\/100\n|-enditem|p2a: Iron Moth|Booster Energy\n|-activate|p2a: Iron Moth|ability: Quark Drive|[fromitem]\n|-start|p2a: Iron Moth|quarkdrivespa\n|turn|8\n|\n|t:|1700304253\n|-terastallize|p2a: Iron Moth|Fairy\n|move|p1a: Iron Moth|Dazzling Gleam|p2a: Iron Moth\n|-damage|p2a: Iron Moth|58\/100\n|move|p2a: Iron Moth|Psychic|p1a: Iron Moth\n|-supereffective|p1a: Iron Moth\n|-damage|p1a: Iron Moth|0 fnt\n|faint|p1a: Iron Moth\n|-end|p1a: Iron Moth|Quark Drive|[silent]\n|\n|upkeep\n|\n|t:|1700304258\n|switch|p1a: Great Tusk|Great Tusk|100\/100\n|turn|9\n|\n|t:|1700304263\n|move|p1a: Great Tusk|Headlong Rush|p2a: Iron Moth\n|-damage|p2a: Iron Moth|0 fnt\n|-unboost|p1a: Great Tusk|def|1\n|-unboost|p1a: Great Tusk|spd|1\n|faint|p2a: Iron Moth\n|-end|p2a: Iron Moth|Quark Drive|[silent]\n|\n|upkeep\n|\n|t:|1700304275\n|switch|p2a: Great Tusk|Great Tusk|100\/100\n|turn|10\n|\n|t:|1700304280\n|move|p1a: Great Tusk|Headlong Rush|p2a: Great Tusk\n|-damage|p2a: Great Tusk|56\/100\n|-unboost|p1a: Great Tusk|def|1\n|-unboost|p1a: Great Tusk|spd|1\n|move|p2a: Great Tusk|Headlong Rush|p1a: Great Tusk\n|-damage|p1a: Great Tusk|16\/100\n|-unboost|p2a: Great Tusk|def|1\n|-unboost|p2a: Great Tusk|spd|1\n|\n|-heal|p2a: Great Tusk|62\/100|[from] item: Leftovers\n|upkeep\n|turn|11\n|\n|t:|1700304290\n|move|p1a: Great Tusk|Headlong Rush|p2a: Great Tusk\n|-damage|p2a: Great Tusk|0 fnt\n|-unboost|p1a: Great Tusk|def|1\n|-unboost|p1a: Great Tusk|spd|1\n|faint|p2a: Great Tusk\n|-end|p2a: Great Tusk|Protosynthesis|[silent]\n|\n|upkeep\n|\n|t:|1700304295\n|switch|p2a: Cloyster|Cloyster, M|100\/100\n|turn|12\n|j|^RUMYMOME\n|\n|t:|1700304298\n|move|p1a: Great Tusk|Headlong Rush|p2a: Cloyster\n|-damage|p2a: Cloyster|52\/100\n|-unboost|p1a: Great Tusk|def|1\n|-unboost|p1a: Great Tusk|spd|1\n|move|p2a: Cloyster|Shell Smash|p2a: Cloyster\n|-unboost|p2a: Cloyster|def|1\n|-unboost|p2a: Cloyster|spd|1\n|-boost|p2a: Cloyster|atk|2\n|-boost|p2a: Cloyster|spa|2\n|-boost|p2a: Cloyster|spe|2\n|\n|upkeep\n|turn|13\n|inactive|BlueLabeldeJhonnyW has 120 seconds left.\n|\n|t:|1700304336\n|move|p2a: Cloyster|Icicle Spear|p1a: Great Tusk\n|-supereffective|p1a: Great Tusk\n|-damage|p1a: Great Tusk|0 fnt\n|faint|p1a: Great Tusk\n|-end|p1a: Great Tusk|Protosynthesis|[silent]\n|-hitcount|p1: Great Tusk|1\n|\n|upkeep\n|\n|t:|1700304341\n|switch|p1a: Chien-Pao|Chien-Pao|73\/100\n|-ability|p1a: Chien-Pao|Sword of Ruin\n|turn|14\n|inactive|BlueLabeldeJhonnyW has 120 seconds left.\n|inactive|BlueLabeldeJhonnyW has 90 seconds left.\n|\n|t:|1700304402\n|move|p1a: Chien-Pao|Sucker Punch|p2a: Cloyster\n|-damage|p2a: Cloyster|0 fnt\n|faint|p2a: Cloyster\n|\n|upkeep\n|\n|t:|1700304404\n|switch|p2a: Miraidon|Miraidon|100\/100\n|-fieldstart|move: Electric Terrain|[from] ability: Hadron Engine|[of] p2a: Miraidon\n|turn|15\n|\n|t:|1700304409\n|move|p1a: Chien-Pao|Sucker Punch|p2a: Miraidon\n|-damage|p2a: Miraidon|36\/100\n|move|p2a: Miraidon|Dazzling Gleam|p1a: Chien-Pao\n|-supereffective|p1a: Chien-Pao\n|-damage|p1a: Chien-Pao|0 fnt\n|faint|p1a: Chien-Pao\n|\n|-heal|p2a: Miraidon|42\/100|[from] item: Leftovers\n|upkeep\n|\n|t:|1700304412\n|switch|p1a: Miraidon|Miraidon|100\/100\n|-activate|p1a: Miraidon|ability: Hadron Engine\n|turn|16\n|c|\u2606jerin123|gg\n|inactive|BlueLabeldeJhonnyW has 90 seconds left.\n|\n|t:|1700304440\n|move|p1a: Miraidon|Dazzling Gleam|p2a: Miraidon\n|-supereffective|p2a: Miraidon\n|-damage|p2a: Miraidon|0 fnt\n|faint|p2a: Miraidon\n|\n|win|jerin123\n|n|\u2606jerin123|jerin123\n|n|\u2606BlueLabeldeJhonnyW|bluelabeldejhonnyw\n|n|*Lady Monita \u2746|ladymonita\n|n| RUMYMOME|rumymome\n","uploadtime":1700304442,"views":4,"p1id":"jerin123","p2id":"bluelabeldejhonnyw","formatid":"gen9anythinggoes","rating":0,"private":0,"password":""}