{"id":"gen9anythinggoes-1984094887","p1":"LiterallyJynxx","p2":"ryryy27_","format":"[Gen 9] Anything Goes","log":"|j|\u2606LiterallyJynxx\n|j|\u2606ryryy27_\n|t:|1699218122\n|gametype|singles\n|player|p1|LiterallyJynxx|zisu|\n|player|p2|ryryy27_|102|\n|teamsize|p1|6\n|teamsize|p2|6\n|gen|9\n|tier|[Gen 9] Anything Goes\n|rule|HP Percentage Mod: HP is shown in percentages\n|rule|Endless Battle Clause: Forcing endless battles is banned\n|clearpoke\n|poke|p1|Iron Bundle|\n|poke|p1|Florges, F|\n|poke|p1|Ting-Lu|\n|poke|p1|Rillaboom, F|\n|poke|p1|Gallade, M|\n|poke|p1|Pyroar, M|\n|poke|p2|Kingambit, M|\n|poke|p2|Landorus-Therian, M|\n|poke|p2|Kilowattrel, F|\n|poke|p2|Sneasler, F|\n|poke|p2|Lilligant-Hisui, F|\n|poke|p2|Dragapult, F|\n|teampreview\n|inactive|Battle timer is ON: inactive players will automatically lose when time's up. (requested by LiterallyJynxx)\n|c|\u2606LiterallyJynxx|Alr wait a bit\n|inactive|LiterallyJynxx has 270 seconds left.\n|\n|t:|1699218179\n|start\n|switch|p1a: Iron Bundle|Iron Bundle|100\/100\n|switch|p2a: Big Bird|Kilowattrel, F|100\/100\n|-enditem|p1a: Iron Bundle|Booster Energy\n|-activate|p1a: Iron Bundle|ability: Quark Drive|[fromitem]\n|-start|p1a: Iron Bundle|quarkdrivespe\n|turn|1\n|j| ZardAce1\n|j| ReeApple\n|j| Aaron123thebest\n|c| ReeApple|Bird off\n|inactive|ryryy27_ has 270 seconds left.\n|c| Aaron123thebest|GK RYRY\n|c|\u2606LiterallyJynxx|Damn do i have no supporters\n|\n|t:|1699218222\n|-terastallize|p2a: Big Bird|Steel\n|move|p1a: Iron Bundle|Blizzard|p2a: Big Bird|[miss]\n|-miss|p1a: Iron Bundle|p2a: Big Bird\n|move|p2a: Big Bird|Thunderbolt|p1a: Iron Bundle\n|-supereffective|p1a: Iron Bundle\n|-damage|p1a: Iron Bundle|0 fnt\n|faint|p1a: Iron Bundle\n|-end|p1a: Iron Bundle|Quark Drive|[silent]\n|-damage|p2a: Big Bird|91\/100|[from] item: Life Orb\n|\n|upkeep\n|\n|t:|1699218230\n|switch|p1a: Pyroar|Pyroar, M, shiny|100\/100\n|turn|2\n|inactive|ryryy27_ has 270 seconds left.\n|c| Aaron123thebest|RYRY YEAAAA\n|c|\u2606LiterallyJynxx|Damn thats smart\n|\n|t:|1699218247\n|move|p1a: Pyroar|Fire Blast|p2a: Big Bird\n|-supereffective|p2a: Big Bird\n|-damage|p2a: Big Bird|0 fnt\n|faint|p2a: Big Bird\n|\n|upkeep\n|c|\u2606ryryy27_|ty aaron\n|c|\u2606LiterallyJynxx|Alr\n|c| Aaron123thebest|Ryry you should've switched but whatever\n|\n|t:|1699218265\n|switch|p2a: Big Nugget|Sneasler, F|100\/100\n|turn|3\n|c|\u2606LiterallyJynxx|Slight disadvantage\n|c|\u2606ryryy27_|shhhhh\n|c|\u2606ryryy27_|its fineeeee\n|\n|t:|1699218278\n|-terastallize|p1a: Pyroar|Water\n|move|p1a: Pyroar|Hyper Voice|p2a: Big Nugget\n|-damage|p2a: Big Nugget|64\/100\n|-enditem|p1a: Pyroar|Throat Spray\n|-boost|p1a: Pyroar|spa|1|[from] item: Throat Spray\n|move|p2a: Big Nugget|Close Combat|p1a: Pyroar\n|-damage|p1a: Pyroar|8\/100\n|-unboost|p2a: Big Nugget|def|1\n|-unboost|p2a: Big Nugget|spd|1\n|\n|upkeep\n|turn|4\n|c| ZardAce1|yowch\n|inactive|ryryy27_ has 240 seconds left.\n|\n|t:|1699218303\n|switch|p2a: Wizard|Dragapult, F|100\/100\n|move|p1a: Pyroar|Acrobatics|p2a: Wizard\n|-damage|p2a: Wizard|84\/100\n|\n|upkeep\n|turn|5\n|inactive|ryryy27_ has 240 seconds left.\n|c| ReeApple|Was the adamant sneasler worth it\n|\n|t:|1699218320\n|switch|p1a: Florges|Florges, F|100\/100\n|move|p2a: Wizard|Dragon Darts|p1a: Florges\n|-immune|p1a: Florges\n|\n|upkeep\n|turn|6\n|c|\u2606LiterallyJynxx|My pyrosr doesnt have moxie\n|\n|t:|1699218334\n|switch|p2a: Lando|Landorus-Therian, M|100\/100\n|-ability|p2a: Lando|Intimidate|boost\n|-unboost|p1a: Florges|atk|1\n|move|p1a: Florges|Calm Mind|p1a: Florges\n|-boost|p1a: Florges|spa|1\n|-boost|p1a: Florges|spd|1\n|\n|upkeep\n|turn|7\n|\n|t:|1699218356\n|move|p2a: Lando|Stealth Rock|p1a: Florges\n|-sidestart|p1: LiterallyJynxx|move: Stealth Rock\n|move|p1a: Florges|Energy Ball|p2a: Lando\n|-damage|p2a: Lando|61\/100\n|\n|upkeep\n|turn|8\n|\n|t:|1699218367\n|move|p2a: Lando|Earthquake|p1a: Florges\n|-damage|p1a: Florges|42\/100\n|move|p1a: Florges|Psychic|p2a: Lando\n|-damage|p2a: Lando|19\/100\n|\n|-heal|p1a: Florges|48\/100|[from] item: Leftovers\n|upkeep\n|turn|9\n|\n|t:|1699218376\n|move|p2a: Lando|Earthquake|p1a: Florges\n|-damage|p1a: Florges|0 fnt\n|faint|p1a: Florges\n|\n|upkeep\n|\n|t:|1699218378\n|switch|p1a: Rillaboom|Rillaboom, F|100\/100\n|-damage|p1a: Rillaboom|88\/100|[from] Stealth Rock\n|-fieldstart|move: Grassy Terrain|[from] ability: Grassy Surge|[of] p1a: Rillaboom\n|-enditem|p1a: Rillaboom|Grassy Seed\n|-boost|p1a: Rillaboom|def|1|[from] item: Grassy Seed\n|turn|10\n|c|\u2606LiterallyJynxx|Alr\n|c|\u2606LiterallyJynxx|Ryry improved\n|inactive|ryryy27_ has 210 seconds left.\n|c| Aaron123thebest|Ngl I didn't know flying resisted grass\n|\n|t:|1699218416\n|move|p1a: Rillaboom|Grassy Glide|p2a: Lando\n|-damage|p2a: Lando|0 fnt\n|-damage|p1a: Rillaboom|72\/100|[from] item: Rocky Helmet|[of] p2a: Lando\n|faint|p2a: Lando\n|\n|-heal|p1a: Rillaboom|78\/100|[from] Grassy Terrain\n|upkeep\n|c|\u2606LiterallyJynxx|Dude i thought 1 calm mode was enough\n|c|\u2606LiterallyJynxx|To kill it\n|\n|t:|1699218443\n|switch|p2a: Wizard|Dragapult, F|84\/100\n|turn|11\n|inactive|ryryy27_ has 180 seconds left.\n|\n|t:|1699218461\n|move|p2a: Wizard|Will-O-Wisp|p1a: Rillaboom\n|-status|p1a: Rillaboom|brn\n|move|p1a: Rillaboom|Drum Beating|p2a: Wizard\n|-resisted|p2a: Wizard\n|-damage|p2a: Wizard|69\/100\n|-unboost|p2a: Wizard|spe|1\n|\n|-heal|p1a: Rillaboom|84\/100 brn|[from] Grassy Terrain\n|-heal|p2a: Wizard|75\/100|[from] Grassy Terrain\n|-damage|p1a: Rillaboom|78\/100 brn|[from] brn\n|upkeep\n|turn|12\n|inactive|ryryy27_ has 180 seconds left.\n|\n|t:|1699218474\n|switch|p1a: Ting-Lu|Ting-Lu|100\/100\n|-damage|p1a: Ting-Lu|94\/100|[from] Stealth Rock\n|-ability|p1a: Ting-Lu|Vessel of Ruin\n|move|p2a: Wizard|Hex|p1a: Ting-Lu\n|-resisted|p1a: Ting-Lu\n|-damage|p1a: Ting-Lu|88\/100\n|\n|-heal|p2a: Wizard|81\/100|[from] Grassy Terrain\n|-heal|p1a: Ting-Lu|94\/100|[from] Grassy Terrain\n|upkeep\n|turn|13\n|inactive|ryryy27_ has 180 seconds left.\n|c| Aaron123thebest|I hate tin lu\n|c| Aaron123thebest|It's so annoying\n|\n|t:|1699218491\n|move|p2a: Wizard|Will-O-Wisp|p1a: Ting-Lu\n|-status|p1a: Ting-Lu|brn\n|move|p1a: Ting-Lu|Ruination|p2a: Wizard\n|-damage|p2a: Wizard|41\/100\n|\n|-heal|p2a: Wizard|47\/100|[from] Grassy Terrain\n|-heal|p1a: Ting-Lu|99\/100 brn|[from] Grassy Terrain\n|-damage|p1a: Ting-Lu|94\/100 brn|[from] brn\n|upkeep\n|turn|14\n|inactive|ryryy27_ has 180 seconds left.\n|\n|t:|1699218514\n|switch|p2a: Spin Eternally|Lilligant-Hisui, F|100\/100\n|move|p1a: Ting-Lu|Ruination|p2a: Spin Eternally|[miss]\n|-miss|p1a: Ting-Lu|p2a: Spin Eternally\n|\n|-heal|p1a: Ting-Lu|99\/100 brn|[from] Grassy Terrain\n|-damage|p1a: Ting-Lu|94\/100 brn|[from] brn\n|-fieldend|move: Grassy Terrain\n|upkeep\n|turn|15\n|\n|t:|1699218524\n|move|p2a: Spin Eternally|Victory Dance|p2a: Spin Eternally\n|-boost|p2a: Spin Eternally|atk|1\n|-boost|p2a: Spin Eternally|def|1\n|-boost|p2a: Spin Eternally|spe|1\n|move|p1a: Ting-Lu|Fissure|p2a: Spin Eternally|[miss]\n|-miss|p1a: Ting-Lu|p2a: Spin Eternally\n|\n|-damage|p1a: Ting-Lu|88\/100 brn|[from] brn\n|upkeep\n|turn|16\n|\n|t:|1699218537\n|move|p2a: Spin Eternally|Leaf Blade|p1a: Ting-Lu\n|-supereffective|p1a: Ting-Lu\n|-damage|p1a: Ting-Lu|0 fnt\n|faint|p1a: Ting-Lu\n|\n|upkeep\n|\n|t:|1699218540\n|switch|p1a: Gallade|Gallade, M|100\/100\n|-damage|p1a: Gallade|94\/100|[from] Stealth Rock\n|turn|17\n|c| ReeApple|Dam fissure\n|\n|t:|1699218551\n|move|p2a: Spin Eternally|Leaf Blade|p1a: Gallade\n|-damage|p1a: Gallade|0 fnt\n|faint|p1a: Gallade\n|\n|upkeep\n|\n|t:|1699218562\n|switch|p1a: Rillaboom|Rillaboom, F|78\/100 brn\n|-damage|p1a: Rillaboom|66\/100 brn|[from] Stealth Rock\n|-fieldstart|move: Grassy Terrain|[from] ability: Grassy Surge|[of] p1a: Rillaboom\n|turn|18\n|inactive|ryryy27_ has 180 seconds left.\n|\n|t:|1699218571\n|move|p2a: Spin Eternally|Ice Spinner|p1a: Rillaboom\n|-supereffective|p1a: Rillaboom\n|-damage|p1a: Rillaboom|0 fnt\n|-fieldend|move: Grassy Terrain\n|faint|p1a: Rillaboom\n|\n|upkeep\n|-message|LiterallyJynxx forfeited.\n|\n|win|ryryy27_\n|l|\u2606LiterallyJynxx\n|c| Aaron123thebest|RYEY\n|l| ZardAce1\n|c| Aaron123thebest|WWWWWW\n|l| Aaron123thebest\n|l| ReeApple\n|j|\u2606LiterallyJynxx\n|player|p1|LiterallyJynxx|zisu\n","uploadtime":1699218825,"views":5,"p1id":"literallyjynxx","p2id":"ryryy27","formatid":"gen9anythinggoes","rating":0,"private":0,"password":""}