{"id":"gen9anythinggoes-1978368683","p1":"DieaPapaya444","p2":"ymoy","format":"[Gen 9] Anything Goes","log":"|j|\u2606DieaPapaya444\n|j|\u2606ymoy\n|t:|1698530254\n|gametype|singles\n|player|p1|DieaPapaya444|firebreather|\n|player|p2|ymoy|harlequin|\n|teamsize|p1|6\n|teamsize|p2|6\n|gen|9\n|tier|[Gen 9] Anything Goes\n|rule|HP Percentage Mod: HP is shown in percentages\n|rule|Endless Battle Clause: Forcing endless battles is banned\n|clearpoke\n|poke|p1|Regieleki|\n|poke|p1|Gholdengo|\n|poke|p1|Iron Moth|\n|poke|p1|Great Tusk|\n|poke|p1|Chi-Yu|\n|poke|p1|Maushold|\n|poke|p2|Ditto|\n|poke|p2|Rillaboom, F|\n|poke|p2|Zoroark-Hisui, F|\n|poke|p2|Annihilape, M|\n|poke|p2|Ursaluna-Bloodmoon, M|\n|poke|p2|Cloyster, F|\n|teampreview\n|\n|t:|1698530266\n|start\n|switch|p1a: Iron Moth|Iron Moth|100\/100\n|switch|p2a: Ursaluna|Ursaluna-Bloodmoon, M|100\/100\n|-enditem|p1a: Iron Moth|Booster Energy\n|-activate|p1a: Iron Moth|ability: Quark Drive|[fromitem]\n|-start|p1a: Iron Moth|quarkdrivespe\n|turn|1\n|\n|t:|1698530273\n|-terastallize|p1a: Iron Moth|Grass\n|move|p1a: Iron Moth|Energy Ball|p2a: Ursaluna\n|-supereffective|p2a: Ursaluna\n|-damage|p2a: Ursaluna|6\/100\n|move|p2a: Ursaluna|Earth Power|p1a: Iron Moth\n|-resisted|p1a: Iron Moth\n|-damage|p1a: Iron Moth|78\/100\n|\n|upkeep\n|turn|2\n|c|\u2606DieaPapaya444|https:\/\/pastebin.com\/d5QN1cMQ\n|\n|t:|1698530325\n|move|p1a: Iron Moth|Fiery Dance|p2a: Ursaluna\n|-damage|p2a: Ursaluna|0 fnt\n|faint|p2a: Ursaluna\n|\n|upkeep\n|\n|t:|1698530331\n|switch|p2a: Ditto|Ditto, shiny|100\/100\n|-transform|p2a: Ditto|p1a: Iron Moth|[from] ability: Imposter\n|-start|p2a: Ditto|typechange|Fire\/Poison|[silent]\n|turn|3\n|\n|t:|1698530346\n|move|p1a: Iron Moth|Substitute|p1a: Iron Moth\n|-start|p1a: Iron Moth|Substitute\n|-damage|p1a: Iron Moth|53\/100\n|move|p2a: Ditto|Sludge Wave|p1a: Iron Moth\n|-supereffective|p1a: Iron Moth\n|-end|p1a: Iron Moth|Substitute\n|\n|upkeep\n|turn|4\n|\n|t:|1698530367\n|move|p2a: Ditto|Sludge Wave|p1a: Iron Moth\n|-supereffective|p1a: Iron Moth\n|-damage|p1a: Iron Moth|0 fnt\n|faint|p1a: Iron Moth\n|-end|p1a: Iron Moth|Quark Drive|[silent]\n|\n|upkeep\n|\n|t:|1698530386\n|switch|p1a: Great Tusk|Great Tusk|100\/100\n|-enditem|p1a: Great Tusk|Booster Energy\n|-activate|p1a: Great Tusk|ability: Protosynthesis|[fromitem]\n|-start|p1a: Great Tusk|protosynthesisspe\n|turn|5\n|\n|t:|1698530394\n|-end|p2a: Ditto|Quark Drive|[silent]\n|switch|p2a: Rillaboom|Rillaboom, F|100\/100\n|-fieldstart|move: Grassy Terrain|[from] ability: Grassy Surge|[of] p2a: Rillaboom\n|move|p1a: Great Tusk|Headlong Rush|p2a: Rillaboom\n|-resisted|p2a: Rillaboom\n|-damage|p2a: Rillaboom|72\/100\n|-unboost|p1a: Great Tusk|def|1\n|-unboost|p1a: Great Tusk|spd|1\n|\n|-heal|p2a: Rillaboom|78\/100|[from] Grassy Terrain\n|upkeep\n|turn|6\n|\n|t:|1698530407\n|move|p2a: Rillaboom|Fake Out|p1a: Great Tusk\n|-damage|p1a: Great Tusk|83\/100\n|-damage|p2a: Rillaboom|68\/100|[from] item: Life Orb\n|cant|p1a: Great Tusk|flinch\n|\n|-heal|p1a: Great Tusk|89\/100|[from] Grassy Terrain\n|-heal|p2a: Rillaboom|74\/100|[from] Grassy Terrain\n|upkeep\n|turn|7\n|\n|t:|1698530460\n|move|p2a: Rillaboom|Grassy Glide|p1a: Great Tusk\n|-supereffective|p1a: Great Tusk\n|-damage|p1a: Great Tusk|0 fnt\n|faint|p1a: Great Tusk\n|-end|p1a: Great Tusk|Protosynthesis|[silent]\n|-damage|p2a: Rillaboom|64\/100|[from] item: Life Orb\n|\n|-heal|p2a: Rillaboom|70\/100|[from] Grassy Terrain\n|upkeep\n|\n|t:|1698530525\n|switch|p1a: Regieleki|Regieleki|100\/100\n|turn|8\n|\n|t:|1698530530\n|switch|p2a: Annihilape|Annihilape, M|100\/100\n|move|p1a: Regieleki|Electro Ball|p2a: Annihilape\n|-damage|p2a: Annihilape|29\/100\n|replace|p2a: Zoroark|Zoroark-Hisui, F\n|-end|p2a: Zoroark|Illusion\n|\n|-heal|p2a: Zoroark|35\/100|[from] Grassy Terrain\n|upkeep\n|turn|9\n|\n|t:|1698530542\n|move|p1a: Regieleki|Electro Ball|p2a: Zoroark\n|-damage|p2a: Zoroark|0 fnt\n|faint|p2a: Zoroark\n|\n|-fieldend|move: Grassy Terrain\n|upkeep\n|\n|t:|1698530567\n|switch|p2a: Rillaboom|Rillaboom, F|70\/100\n|-fieldstart|move: Grassy Terrain|[from] ability: Grassy Surge|[of] p2a: Rillaboom\n|turn|10\n|\n|t:|1698530574\n|move|p2a: Rillaboom|Fake Out|p1a: Regieleki\n|-damage|p1a: Regieleki|65\/100\n|-damage|p2a: Rillaboom|60\/100|[from] item: Life Orb\n|cant|p1a: Regieleki|flinch\n|\n|-heal|p1a: Regieleki|71\/100|[from] Grassy Terrain\n|-heal|p2a: Rillaboom|67\/100|[from] Grassy Terrain\n|upkeep\n|turn|11\n|\n|t:|1698530580\n|move|p2a: Rillaboom|Grassy Glide|p1a: Regieleki\n|-damage|p1a: Regieleki|0 fnt\n|faint|p1a: Regieleki\n|-damage|p2a: Rillaboom|57\/100|[from] item: Life Orb\n|\n|-heal|p2a: Rillaboom|63\/100|[from] Grassy Terrain\n|upkeep\n|\n|t:|1698530615\n|switch|p1a: Chi-Yu|Chi-Yu|100\/100\n|-ability|p1a: Chi-Yu|Beads of Ruin\n|turn|12\n|\n|t:|1698530628\n|move|p1a: Chi-Yu|Flamethrower|p2a: Rillaboom\n|-supereffective|p2a: Rillaboom\n|-damage|p2a: Rillaboom|0 fnt\n|faint|p2a: Rillaboom\n|\n|upkeep\n|\n|t:|1698530631\n|switch|p2a: Ditto|Ditto, shiny|100\/100\n|-transform|p2a: Ditto|p1a: Chi-Yu|[from] ability: Imposter\n|-ability|p2a: Ditto|Beads of Ruin\n|turn|13\n|c|\u2606DieaPapaya444|pluh\n|\n|t:|1698530679\n|move|p2a: Ditto|Fire Blast|p1a: Chi-Yu\n|-resisted|p1a: Chi-Yu\n|-damage|p1a: Chi-Yu|65\/100\n|move|p1a: Chi-Yu|Flamethrower|p2a: Ditto\n|-resisted|p2a: Ditto\n|-damage|p2a: Ditto|58\/100\n|\n|-heal|p2a: Ditto|64\/100|[from] Grassy Terrain\n|-heal|p1a: Chi-Yu|71\/100|[from] Grassy Terrain\n|upkeep\n|turn|14\n|n|\u203dDieaPapaya444|dieapapaya444\n|\n|t:|1698530687\n|move|p2a: Ditto|Fire Blast|p1a: Chi-Yu\n|-resisted|p1a: Chi-Yu\n|-damage|p1a: Chi-Yu|31\/100\n|move|p1a: Chi-Yu|Flamethrower|p2a: Ditto\n|-resisted|p2a: Ditto\n|-damage|p2a: Ditto|28\/100\n|\n|-heal|p2a: Ditto|34\/100|[from] Grassy Terrain\n|-heal|p1a: Chi-Yu|37\/100|[from] Grassy Terrain\n|-fieldend|move: Grassy Terrain\n|upkeep\n|turn|15\n|\n|t:|1698530697\n|move|p2a: Ditto|Fire Blast|p1a: Chi-Yu\n|-resisted|p1a: Chi-Yu\n|-damage|p1a: Chi-Yu|1\/100\n|move|p1a: Chi-Yu|Flamethrower|p2a: Ditto\n|-resisted|p2a: Ditto\n|-damage|p2a: Ditto|0 fnt\n|faint|p2a: Ditto\n|\n|upkeep\n|\n|t:|1698530752\n|switch|p2a: Cloyster|Cloyster, F|100\/100\n|turn|16\n|\n|t:|1698530756\n|move|p1a: Chi-Yu|Flamethrower|p2a: Cloyster\n|-damage|p2a: Cloyster|0 fnt\n|faint|p2a: Cloyster\n|\n|upkeep\n|\n|t:|1698530762\n|switch|p2a: Annihilape|Annihilape, M|100\/100\n|turn|17\n|\n|t:|1698530768\n|move|p1a: Chi-Yu|Flamethrower|p2a: Annihilape\n|-damage|p2a: Annihilape|0 fnt\n|faint|p2a: Annihilape\n|\n|win|DieaPapaya444\n","uploadtime":1698530685,"views":6,"p1id":"dieapapaya444","p2id":"ymoy","formatid":"gen9anythinggoes","rating":0,"private":0,"password":""}