{"id":"gen9anythinggoes-1994789530","p1":"0-9p8p9p7","p2":"chiyejellot","format":"[Gen 9] Anything Goes","log":"|j|\u26060-9p8p9p7\n|j|\u2606chiyejellot\n|t:|1700492950\n|gametype|singles\n|player|p1|0-9p8p9p7|170|1188\n|player|p2|chiyejellot|265|1109\n|teamsize|p1|6\n|teamsize|p2|6\n|gen|9\n|tier|[Gen 9] Anything Goes\n|rated|\n|rule|HP Percentage Mod: HP is shown in percentages\n|rule|Endless Battle Clause: Forcing endless battles is banned\n|clearpoke\n|poke|p1|Garganacl, F|\n|poke|p1|Falinks|\n|poke|p1|Thundurus, M|\n|poke|p1|Overqwil, M|\n|poke|p1|Jumpluff, F|\n|poke|p1|Barraskewda, F|\n|poke|p2|Espathra, F|\n|poke|p2|Blissey, F|\n|poke|p2|Clefable, M|\n|poke|p2|Clefable, M|\n|poke|p2|Mienshao, M|\n|poke|p2|Mienshao, M|\n|teampreview\n|\n|t:|1700492958\n|start\n|switch|p1a: da rock|Garganacl, F|100\/100\n|switch|p2a: Eenie|Mienshao, M|100\/100\n|turn|1\n|\n|t:|1700492966\n|move|p1a: da rock|Protect|p1a: da rock\n|-singleturn|p1a: da rock|Protect\n|move|p2a: Eenie|Bulk Up|p2a: Eenie\n|-boost|p2a: Eenie|atk|1\n|-boost|p2a: Eenie|def|1\n|\n|upkeep\n|turn|2\n|\n|t:|1700492975\n|move|p2a: Eenie|Bulk Up|p2a: Eenie\n|-boost|p2a: Eenie|atk|1\n|-boost|p2a: Eenie|def|1\n|move|p1a: da rock|Salt Cure|p2a: Eenie\n|-resisted|p2a: Eenie\n|-damage|p2a: Eenie|96\/100\n|-start|p2a: Eenie|Salt Cure\n|\n|-heal|p2a: Eenie|100\/100|[from] item: Leftovers\n|-damage|p2a: Eenie|88\/100|[from] Salt Cure\n|upkeep\n|turn|3\n|\n|t:|1700492985\n|move|p1a: da rock|Protect|p1a: da rock\n|-singleturn|p1a: da rock|Protect\n|move|p2a: Eenie|Substitute|p2a: Eenie\n|-start|p2a: Eenie|Substitute\n|-damage|p2a: Eenie|64\/100\n|\n|-heal|p2a: Eenie|70\/100|[from] item: Leftovers\n|-damage|p2a: Eenie|57\/100|[from] Salt Cure\n|upkeep\n|turn|4\n|\n|t:|1700493005\n|switch|p1a: Thundurus|Thundurus, M|100\/100\n|move|p2a: Eenie|Agility|p2a: Eenie\n|-boost|p2a: Eenie|spe|2\n|\n|-heal|p2a: Eenie|63\/100|[from] item: Leftovers\n|-damage|p2a: Eenie|51\/100|[from] Salt Cure\n|upkeep\n|turn|5\n|\n|t:|1700493016\n|move|p1a: Thundurus|Nasty Plot|p1a: Thundurus\n|-boost|p1a: Thundurus|spa|2\n|move|p2a: Eenie|Bulk Up|p2a: Eenie\n|-boost|p2a: Eenie|atk|1\n|-boost|p2a: Eenie|def|1\n|\n|-heal|p2a: Eenie|57\/100|[from] item: Leftovers\n|-damage|p2a: Eenie|45\/100|[from] Salt Cure\n|upkeep\n|turn|6\n|\n|t:|1700493026\n|move|p2a: Eenie|Baton Pass|p2a: Eenie\n|\n|t:|1700493028\n|switch|p2a: Meenie|Mienshao, M|100\/100|[from] Baton Pass\n|move|p1a: Thundurus|Thunderbolt|p2a: Meenie\n|-end|p2a: Meenie|Substitute\n|\n|upkeep\n|turn|7\n|\n|t:|1700493040\n|move|p2a: Meenie|Calm Mind|p2a: Meenie\n|-boost|p2a: Meenie|spa|1\n|-boost|p2a: Meenie|spd|1\n|move|p1a: Thundurus|Thunderbolt|p2a: Meenie\n|-damage|p2a: Meenie|37\/100\n|\n|-heal|p2a: Meenie|43\/100|[from] item: Leftovers\n|upkeep\n|turn|8\n|\n|t:|1700493054\n|move|p1a: Thundurus|Nasty Plot|p1a: Thundurus\n|-boost|p1a: Thundurus|spa|2\n|move|p2a: Meenie|Baton Pass|p2a: Meenie\n|\n|t:|1700493062\n|switch|p2a: Miney|Clefable, M|100\/100|[from] Baton Pass\n|\n|upkeep\n|turn|9\n|\n|t:|1700493075\n|switch|p1a: da rock|Garganacl, F|100\/100\n|move|p2a: Miney|Calm Mind|p2a: Miney\n|-boost|p2a: Miney|spa|1\n|-boost|p2a: Miney|spd|1\n|\n|upkeep\n|turn|10\n|\n|t:|1700493084\n|move|p2a: Miney|Calm Mind|p2a: Miney\n|-boost|p2a: Miney|spa|1\n|-boost|p2a: Miney|spd|1\n|move|p1a: da rock|Salt Cure|p2a: Miney\n|-damage|p2a: Miney|96\/100\n|-start|p2a: Miney|Salt Cure\n|\n|-heal|p2a: Miney|100\/100|[from] item: Leftovers\n|-damage|p2a: Miney|88\/100|[from] Salt Cure\n|upkeep\n|turn|11\n|\n|t:|1700493099\n|-terastallize|p1a: da rock|Dark\n|move|p2a: Miney|Substitute|p2a: Miney\n|-start|p2a: Miney|Substitute\n|-damage|p2a: Miney|63\/100\n|move|p1a: da rock|Salt Cure|p2a: Miney\n|-activate|p2a: Miney|move: Substitute|[damage]\n|\n|-heal|p2a: Miney|69\/100|[from] item: Leftovers\n|-damage|p2a: Miney|57\/100|[from] Salt Cure\n|upkeep\n|turn|12\n|\n|t:|1700493114\n|move|p2a: Miney|Draining Kiss|p1a: da rock\n|-supereffective|p1a: da rock\n|-damage|p1a: da rock|26\/100\n|-heal|p2a: Miney|100\/100|[from] drain|[of] p1a: da rock\n|move|p1a: da rock|Salt Cure|p2a: Miney\n|-activate|p2a: Miney|move: Substitute|[damage]\n|\n|-heal|p1a: da rock|32\/100|[from] item: Leftovers\n|-damage|p2a: Miney|88\/100|[from] Salt Cure\n|upkeep\n|turn|13\n|\n|t:|1700493127\n|move|p1a: da rock|Protect|p1a: da rock\n|-singleturn|p1a: da rock|Protect\n|move|p2a: Miney|Calm Mind|p2a: Miney\n|-boost|p2a: Miney|spa|1\n|-boost|p2a: Miney|spd|1\n|\n|-heal|p2a: Miney|94\/100|[from] item: Leftovers\n|-heal|p1a: da rock|38\/100|[from] item: Leftovers\n|-damage|p2a: Miney|82\/100|[from] Salt Cure\n|upkeep\n|turn|14\n|\n|t:|1700493138\n|move|p2a: Miney|Calm Mind|p2a: Miney\n|-boost|p2a: Miney|spa|1\n|-boost|p2a: Miney|spd|1\n|move|p1a: da rock|Recover|p1a: da rock\n|-heal|p1a: da rock|88\/100\n|\n|-heal|p2a: Miney|88\/100|[from] item: Leftovers\n|-heal|p1a: da rock|94\/100|[from] item: Leftovers\n|-damage|p2a: Miney|75\/100|[from] Salt Cure\n|upkeep\n|turn|15\n|\n|t:|1700493158\n|move|p1a: da rock|Protect|p1a: da rock\n|-singleturn|p1a: da rock|Protect\n|move|p2a: Miney|Calm Mind|p2a: Miney\n|-boost|p2a: Miney|spa|1\n|-boost|p2a: Miney|spd|1\n|\n|-heal|p2a: Miney|81\/100|[from] item: Leftovers\n|-heal|p1a: da rock|100\/100|[from] item: Leftovers\n|-damage|p2a: Miney|69\/100|[from] Salt Cure\n|upkeep\n|turn|16\n|\n|t:|1700493169\n|move|p2a: Miney|Draining Kiss|p1a: da rock\n|-supereffective|p1a: da rock\n|-damage|p1a: da rock|0 fnt\n|-heal|p2a: Miney|100\/100|[from] drain|[of] p1a: da rock\n|faint|p1a: da rock\n|\n|-damage|p2a: Miney|88\/100|[from] Salt Cure\n|upkeep\n|\n|t:|1700493173\n|switch|p1a: Overqwil|Overqwil, M|100\/100\n|turn|17\n|\n|t:|1700493182\n|move|p2a: Miney|Baton Pass|p2a: Miney\n|\n|t:|1700493185\n|switch|p2a: Eenie|Mienshao, M|78\/100|[from] Baton Pass\n|move|p1a: Overqwil|Barb Barrage|p2a: Eenie\n|-activate|p2a: Eenie|move: Substitute|[damage]\n|-damage|p1a: Overqwil|91\/100|[from] item: Life Orb\n|\n|-heal|p2a: Eenie|84\/100|[from] item: Leftovers\n|upkeep\n|turn|18\n|\n|t:|1700493197\n|move|p2a: Eenie|Bulk Up|p2a: Eenie\n|-boost|p2a: Eenie|atk|1\n|-boost|p2a: Eenie|def|1\n|move|p1a: Overqwil|Barb Barrage|p2a: Eenie\n|-end|p2a: Eenie|Substitute\n|-damage|p1a: Overqwil|81\/100|[from] item: Life Orb\n|\n|-heal|p2a: Eenie|90\/100|[from] item: Leftovers\n|upkeep\n|turn|19\n|\n|t:|1700493210\n|move|p2a: Eenie|Substitute|p2a: Eenie\n|-start|p2a: Eenie|Substitute\n|-damage|p2a: Eenie|65\/100\n|move|p1a: Overqwil|Barb Barrage|p2a: Eenie\n|-activate|p2a: Eenie|move: Substitute|[damage]\n|-damage|p1a: Overqwil|71\/100|[from] item: Life Orb\n|\n|-heal|p2a: Eenie|71\/100|[from] item: Leftovers\n|upkeep\n|turn|20\n|\n|t:|1700493233\n|move|p2a: Eenie|Bulk Up|p2a: Eenie\n|-boost|p2a: Eenie|atk|1\n|-boost|p2a: Eenie|def|1\n|move|p1a: Overqwil|Swords Dance|p1a: Overqwil\n|-boost|p1a: Overqwil|atk|2\n|\n|-heal|p2a: Eenie|77\/100|[from] item: Leftovers\n|upkeep\n|turn|21\n|\n|t:|1700493242\n|move|p2a: Eenie|Bulk Up|p2a: Eenie\n|-boost|p2a: Eenie|atk|1\n|-boost|p2a: Eenie|def|1\n|move|p1a: Overqwil|Barb Barrage|p2a: Eenie\n|-end|p2a: Eenie|Substitute\n|-damage|p1a: Overqwil|61\/100|[from] item: Life Orb\n|\n|-heal|p2a: Eenie|83\/100|[from] item: Leftovers\n|upkeep\n|turn|22\n|\n|t:|1700493253\n|move|p2a: Eenie|Substitute|p2a: Eenie\n|-start|p2a: Eenie|Substitute\n|-damage|p2a: Eenie|58\/100\n|move|p1a: Overqwil|Barb Barrage|p2a: Eenie\n|-end|p2a: Eenie|Substitute\n|-damage|p1a: Overqwil|51\/100|[from] item: Life Orb\n|\n|-heal|p2a: Eenie|64\/100|[from] item: Leftovers\n|upkeep\n|turn|23\n|\n|t:|1700493266\n|move|p2a: Eenie|Baton Pass|p2a: Eenie\n|\n|t:|1700493268\n|switch|p2a: HotelCalifornia|Blissey, F, shiny|100\/100|[from] Baton Pass\n|move|p1a: Overqwil|Barb Barrage|p2a: HotelCalifornia\n|-damage|p2a: HotelCalifornia|81\/100\n|-damage|p1a: Overqwil|41\/100|[from] item: Life Orb\n|\n|-heal|p2a: HotelCalifornia|87\/100|[from] item: Leftovers\n|upkeep\n|turn|24\n|\n|t:|1700493282\n|move|p1a: Overqwil|Barb Barrage|p2a: HotelCalifornia\n|-damage|p2a: HotelCalifornia|69\/100\n|-damage|p1a: Overqwil|31\/100|[from] item: Life Orb\n|move|p2a: HotelCalifornia|Stored Power|p1a: Overqwil\n|-immune|p1a: Overqwil\n|\n|-heal|p2a: HotelCalifornia|75\/100|[from] item: Leftovers\n|upkeep\n|turn|25\n|\n|t:|1700493305\n|switch|p2a: Miney|Clefable, M|88\/100\n|move|p1a: Overqwil|Barb Barrage|p2a: Miney\n|-supereffective|p2a: Miney\n|-damage|p2a: Miney|34\/100\n|-status|p2a: Miney|psn\n|-damage|p1a: Overqwil|21\/100|[from] item: Life Orb\n|\n|-heal|p2a: Miney|40\/100 psn|[from] item: Leftovers\n|-damage|p2a: Miney|28\/100 psn|[from] psn\n|upkeep\n|turn|26\n|\n|t:|1700493318\n|move|p1a: Overqwil|Barb Barrage|p2a: Miney\n|-supereffective|p2a: Miney\n|-damage|p2a: Miney|0 fnt\n|faint|p2a: Miney\n|-damage|p1a: Overqwil|11\/100|[from] item: Life Orb\n|\n|upkeep\n|\n|t:|1700493325\n|switch|p2a: Eenie|Mienshao, M|97\/100\n|turn|27\n|\n|t:|1700493331\n|move|p1a: Overqwil|Barb Barrage|p2a: Eenie\n|-damage|p2a: Eenie|0 fnt\n|faint|p2a: Eenie\n|-damage|p1a: Overqwil|1\/100|[from] item: Life Orb\n|\n|upkeep\n|\n|t:|1700493336\n|switch|p2a: John|Espathra, F|100\/100\n|turn|28\n|\n|t:|1700493340\n|move|p2a: John|Substitute|p2a: John\n|-start|p2a: John|Substitute\n|-damage|p2a: John|76\/100\n|move|p1a: Overqwil|Crunch|p2a: John\n|-supereffective|p2a: John\n|-end|p2a: John|Substitute\n|-damage|p1a: Overqwil|0 fnt|[from] item: Life Orb\n|faint|p1a: Overqwil\n|\n|-heal|p2a: John|82\/100|[from] item: Leftovers\n|-ability|p2a: John|Speed Boost|boost\n|-boost|p2a: John|spe|1\n|upkeep\n|\n|t:|1700493346\n|switch|p1a: Jumpluff|Jumpluff, F|100\/100\n|turn|29\n|\n|t:|1700493356\n|move|p2a: John|Reflect|p2a: John\n|-sidestart|p2: chiyejellot|Reflect\n|move|p1a: Jumpluff|Sleep Powder|p2a: John\n|-status|p2a: John|slp|[from] move: Sleep Powder\n|\n|-heal|p2a: John|88\/100 slp|[from] item: Leftovers\n|-ability|p2a: John|Speed Boost|boost\n|-boost|p2a: John|spe|1\n|upkeep\n|turn|30\n|\n|t:|1700493367\n|cant|p2a: John|slp\n|move|p1a: Jumpluff|Swords Dance|p1a: Jumpluff\n|-boost|p1a: Jumpluff|atk|2\n|\n|-heal|p2a: John|94\/100 slp|[from] item: Leftovers\n|-ability|p2a: John|Speed Boost|boost\n|-boost|p2a: John|spe|1\n|upkeep\n|turn|31\n|\n|t:|1700493378\n|-curestatus|p2a: John|slp|[msg]\n|move|p2a: John|Substitute|p2a: John\n|-start|p2a: John|Substitute\n|-damage|p2a: John|69\/100\n|move|p1a: Jumpluff|Swords Dance|p1a: Jumpluff\n|-boost|p1a: Jumpluff|atk|2\n|\n|-heal|p2a: John|75\/100|[from] item: Leftovers\n|-ability|p2a: John|Speed Boost|boost\n|-boost|p2a: John|spe|1\n|upkeep\n|turn|32\n|\n|t:|1700493391\n|move|p2a: John|Stored Power|p1a: Jumpluff\n|-damage|p1a: Jumpluff|59\/100\n|move|p1a: Jumpluff|Acrobatics|p2a: John\n|-damage|p2a: John|0 fnt\n|faint|p2a: John\n|\n|upkeep\n|\n|t:|1700493400\n|switch|p2a: Meenie|Mienshao, M|76\/100\n|turn|33\n|\n|t:|1700493406\n|move|p1a: Jumpluff|Acrobatics|p2a: Meenie\n|-supereffective|p2a: Meenie\n|-damage|p2a: Meenie|0 fnt\n|faint|p2a: Meenie\n|\n|-sideend|p2: chiyejellot|Reflect\n|upkeep\n|\n|t:|1700493413\n|switch|p2a: Moe|Clefable, M|100\/100\n|turn|34\n|\n|t:|1700493421\n|move|p1a: Jumpluff|Sleep Powder|p2a: Moe\n|-status|p2a: Moe|slp|[from] move: Sleep Powder\n|cant|p2a: Moe|slp\n|\n|upkeep\n|turn|35\n|\n|t:|1700493427\n|move|p1a: Jumpluff|Strength Sap|p2a: Moe\n|-unboost|p2a: Moe|atk|1\n|-heal|p1a: Jumpluff|100\/100\n|cant|p2a: Moe|slp\n|\n|upkeep\n|turn|36\n|-message|chiyejellot forfeited.\n|\n|win|0-9p8p9p7\n|raw|0-9p8p9p7's rating: 1188 &rarr; <strong>1207<\/strong><br \/>(+19 for winning)\n|raw|chiyejellot's rating: 1109 &rarr; <strong>1090<\/strong><br \/>(-19 for losing)\n|l|\u2606chiyejellot\n","uploadtime":1700493440,"views":0,"p1id":"09p8p9p7","p2id":"chiyejellot","formatid":"gen9anythinggoes","rating":1090,"private":0,"password":""}