{"id":"gen9anythinggoes-1988523835","p1":"Fedepoketrainer","p2":"ELGRANCRAC","format":"[Gen 9] Anything Goes","log":"|j|\u2606Fedepoketrainer\n|j|\u2606ELGRANCRAC\n|t:|1699732121\n|gametype|singles\n|player|p1|Fedepoketrainer|ash-kalos|\n|player|p2|ELGRANCRAC|red|\n|teamsize|p1|6\n|teamsize|p2|6\n|gen|9\n|tier|[Gen 9] Anything Goes\n|rule|HP Percentage Mod: HP is shown in percentages\n|rule|Endless Battle Clause: Forcing endless battles is banned\n|clearpoke\n|poke|p1|Dragonite, M|\n|poke|p1|Volcarona, M|\n|poke|p1|Samurott-Hisui, M|\n|poke|p1|Rillaboom, M|\n|poke|p1|Ursaring, M|\n|poke|p1|Thundurus, M|\n|poke|p2|Pelipper, F|\n|poke|p2|Garchomp, F|\n|poke|p2|Magneton|\n|poke|p2|Salamence, F|\n|poke|p2|Barraskewda, M|\n|poke|p2|Weavile, M|\n|teampreview\n|inactive|Battle timer is ON: inactive players will automatically lose when time's up. (requested by ELGRANCRAC)\n|\n|t:|1699732130\n|start\n|switch|p1a: Thundurus|Thundurus, M|100\/100\n|switch|p2a: When|Pelipper, F, shiny|100\/100\n|-weather|RainDance|[from] ability: Drizzle|[of] p2a: When\n|turn|1\n|\n|t:|1699732138\n|switch|p2a: Tus|Magneton, shiny|100\/100\n|move|p1a: Thundurus|Substitute|p1a: Thundurus\n|-start|p1a: Thundurus|Substitute\n|-damage|p1a: Thundurus|76\/100\n|\n|-weather|RainDance|[upkeep]\n|upkeep\n|turn|2\n|inactive|Fedepoketrainer has 270 seconds left.\n|inactive|Fedepoketrainer has 240 seconds left.\n|\n|t:|1699732201\n|move|p1a: Thundurus|Grass Knot|p2a: Tus\n|-resisted|p2a: Tus\n|-damage|p2a: Tus|84\/100\n|move|p2a: Tus|Flash Cannon|p1a: Thundurus\n|-resisted|p1a: Thundurus\n|-end|p1a: Thundurus|Substitute\n|\n|-weather|RainDance|[upkeep]\n|upkeep\n|turn|3\n|\n|t:|1699732212\n|switch|p1a: Rillaboom|Rillaboom, M|100\/100\n|-fieldstart|move: Grassy Terrain|[from] ability: Grassy Surge|[of] p1a: Rillaboom\n|move|p2a: Tus|Flash Cannon|p1a: Rillaboom\n|-damage|p1a: Rillaboom|27\/100\n|\n|-weather|RainDance|[upkeep]\n|-heal|p1a: Rillaboom|34\/100|[from] Grassy Terrain\n|-heal|p2a: Tus|90\/100|[from] Grassy Terrain\n|upkeep\n|turn|4\n|\n|t:|1699732219\n|move|p1a: Rillaboom|Drain Punch|p2a: Tus\n|-supereffective|p2a: Tus\n|-damage|p2a: Tus|11\/100\n|-heal|p1a: Rillaboom|61\/100|[from] drain|[of] p2a: Tus\n|move|p2a: Tus|Volt Switch|p1a: Rillaboom\n|-resisted|p1a: Rillaboom\n|-damage|p1a: Rillaboom|30\/100\n|\n|t:|1699732232\n|switch|p2a: Salamence|Salamence, F, shiny|100\/100|[from] Volt Switch\n|\n|-weather|RainDance|[upkeep]\n|-heal|p1a: Rillaboom|36\/100|[from] Grassy Terrain\n|upkeep\n|turn|5\n|\n|t:|1699732247\n|switch|p1a: Dragonite|Dragonite, M|100\/100\n|move|p2a: Salamence|Dual Wingbeat|p1a: Dragonite\n|-crit|p1a: Dragonite\n|-damage|p1a: Dragonite|80\/100\n|-damage|p1a: Dragonite|54\/100\n|-hitcount|p1a: Dragonite|2\n|\n|-weather|none\n|upkeep\n|turn|6\n|\n|t:|1699732254\n|switch|p2a: When|Pelipper, F, shiny|100\/100\n|-weather|RainDance|[from] ability: Drizzle|[of] p2a: When\n|move|p1a: Dragonite|Ice Spinner|p2a: When\n|-damage|p2a: When|75\/100\n|-fieldend|move: Grassy Terrain\n|\n|-weather|RainDance|[upkeep]\n|upkeep\n|turn|7\n|\n|t:|1699732266\n|switch|p2a: Tus|Magneton, shiny|11\/100\n|move|p1a: Dragonite|Dragon Dance|p1a: Dragonite\n|-boost|p1a: Dragonite|atk|1\n|-boost|p1a: Dragonite|spe|1\n|\n|-weather|RainDance|[upkeep]\n|upkeep\n|turn|8\n|inactive|Fedepoketrainer has 270 seconds left.\n|\n|t:|1699732274\n|-terastallize|p2a: Tus|Fairy\n|move|p1a: Dragonite|Extreme Speed|p2a: Tus\n|-damage|p2a: Tus|0 fnt\n|faint|p2a: Tus\n|\n|-weather|RainDance|[upkeep]\n|upkeep\n|\n|t:|1699732282\n|switch|p2a: Showdown|Weavile, M, shiny|100\/100\n|-ability|p2a: Showdown|Pressure\n|turn|9\n|\n|t:|1699732287\n|move|p1a: Dragonite|Extreme Speed|p2a: Showdown\n|-damage|p2a: Showdown|25\/100\n|move|p2a: Showdown|Ice Shard|p1a: Dragonite\n|-supereffective|p1a: Dragonite\n|-damage|p1a: Dragonite|0 fnt\n|faint|p1a: Dragonite\n|\n|-weather|RainDance|[upkeep]\n|upkeep\n|\n|t:|1699732292\n|switch|p1a: Rillaboom|Rillaboom, M|36\/100\n|-fieldstart|move: Grassy Terrain|[from] ability: Grassy Surge|[of] p1a: Rillaboom\n|turn|10\n|\n|t:|1699732295\n|move|p2a: Showdown|Ice Shard|p1a: Rillaboom\n|-supereffective|p1a: Rillaboom\n|-damage|p1a: Rillaboom|0 fnt\n|faint|p1a: Rillaboom\n|\n|-weather|none\n|-heal|p2a: Showdown|31\/100|[from] Grassy Terrain\n|upkeep\n|\n|t:|1699732300\n|switch|p1a: Thundurus|Thundurus, M|76\/100\n|turn|11\n|\n|t:|1699732302\n|move|p2a: Showdown|Ice Shard|p1a: Thundurus\n|-supereffective|p1a: Thundurus\n|-damage|p1a: Thundurus|0 fnt\n|faint|p1a: Thundurus\n|\n|-heal|p2a: Showdown|38\/100|[from] Grassy Terrain\n|upkeep\n|\n|t:|1699732306\n|switch|p1a: Samurott|Samurott-Hisui, M|100\/100\n|turn|12\n|\n|t:|1699732309\n|switch|p2a: When|Pelipper, F, shiny|75\/100\n|-weather|RainDance|[from] ability: Drizzle|[of] p2a: When\n|move|p1a: Samurott|Sacred Sword|p2a: When\n|-resisted|p2a: When\n|-damage|p2a: When|59\/100\n|\n|-weather|RainDance|[upkeep]\n|upkeep\n|turn|13\n|\n|t:|1699732317\n|move|p1a: Samurott|Ceaseless Edge|p2a: When\n|-damage|p2a: When|24\/100\n|-sidestart|p2: ELGRANCRAC|Spikes\n|move|p2a: When|U-turn|p1a: Samurott\n|-supereffective|p1a: Samurott\n|-damage|p1a: Samurott|78\/100\n|\n|t:|1699732320\n|switch|p2a: Barry Cuda|Barraskewda, M, shiny|100\/100|[from] U-turn\n|-damage|p2a: Barry Cuda|88\/100|[from] Spikes\n|\n|-weather|RainDance|[upkeep]\n|-heal|p2a: Barry Cuda|94\/100|[from] Grassy Terrain\n|-heal|p1a: Samurott|84\/100|[from] Grassy Terrain\n|upkeep\n|turn|14\n|\n|t:|1699732327\n|move|p2a: Barry Cuda|Flip Turn|p1a: Samurott\n|-resisted|p1a: Samurott\n|-damage|p1a: Samurott|37\/100\n|\n|t:|1699732330\n|switch|p2a: Showdown|Weavile, M, shiny|38\/100|[from] Flip Turn\n|-damage|p2a: Showdown|25\/100|[from] Spikes\n|-ability|p2a: Showdown|Pressure\n|move|p1a: Samurott|Ceaseless Edge|p2a: Showdown\n|-resisted|p2a: Showdown\n|-damage|p2a: Showdown|0 fnt\n|-sidestart|p2: ELGRANCRAC|Spikes\n|faint|p2a: Showdown\n|\n|-weather|RainDance|[upkeep]\n|-heal|p1a: Samurott|43\/100|[from] Grassy Terrain\n|-fieldend|move: Grassy Terrain\n|upkeep\n|\n|t:|1699732342\n|switch|p2a: Barry Cuda|Barraskewda, M, shiny|94\/100\n|-damage|p2a: Barry Cuda|78\/100|[from] Spikes\n|turn|15\n|\n|t:|1699732352\n|move|p1a: Samurott|Aqua Jet|p2a: Barry Cuda\n|-resisted|p2a: Barry Cuda\n|-damage|p2a: Barry Cuda|51\/100\n|move|p2a: Barry Cuda|Liquidation|p1a: Samurott\n|-resisted|p1a: Samurott\n|-damage|p1a: Samurott|0 fnt\n|faint|p1a: Samurott\n|\n|-weather|RainDance|[upkeep]\n|upkeep\n|\n|t:|1699732372\n|switch|p1a: Ursaring|Ursaring, M|100\/100\n|turn|16\n|\n|t:|1699732391\n|-terastallize|p1a: Ursaring|Ghost\n|move|p2a: Barry Cuda|Liquidation|p1a: Ursaring\n|-damage|p1a: Ursaring|14\/100\n|move|p1a: Ursaring|Shadow Claw|p2a: Barry Cuda\n|-damage|p2a: Barry Cuda|0 fnt\n|faint|p2a: Barry Cuda\n|\n|-weather|none\n|upkeep\n|\n|t:|1699732400\n|switch|p2a: Salamence|Salamence, F, shiny|100\/100\n|turn|17\n|\n|t:|1699732405\n|move|p2a: Salamence|Dual Wingbeat|p1a: Ursaring|[miss]\n|-miss|p2a: Salamence|p1a: Ursaring\n|move|p1a: Ursaring|Play Rough|p2a: Salamence\n|-supereffective|p2a: Salamence\n|-damage|p2a: Salamence|20\/100\n|\n|upkeep\n|turn|18\n|\n|t:|1699732413\n|move|p2a: Salamence|Dual Wingbeat|p1a: Ursaring\n|-damage|p1a: Ursaring|0 fnt\n|faint|p1a: Ursaring\n|-ability|p2a: Salamence|Moxie|boost\n|-boost|p2a: Salamence|atk|1\n|-hitcount|p1: Ursaring|1\n|\n|upkeep\n|\n|t:|1699732416\n|switch|p1a: Volcarona|Volcarona, M|100\/100\n|turn|19\n|\n|t:|1699732423\n|move|p2a: Salamence|Dual Wingbeat|p1a: Volcarona\n|-supereffective|p1a: Volcarona\n|-damage|p1a: Volcarona|0 fnt\n|faint|p1a: Volcarona\n|-hitcount|p1: Volcarona|1\n|\n|win|ELGRANCRAC\n","uploadtime":1699732433,"views":18,"p1id":"fedepoketrainer","p2id":"elgrancrac","formatid":"gen9anythinggoes","rating":0,"private":0,"password":""}