{"id":"gen9anythinggoes-1981028779","p1":"derdansl","p2":"Munaphar","format":"[Gen 9] Anything Goes","log":"|j|\u2606derdansl\n|j|\u2606Munaphar\n|t:|1698857964\n|gametype|singles\n|player|p1|derdansl|riley|\n|player|p2|Munaphar|cynthia|\n|teamsize|p1|6\n|teamsize|p2|6\n|gen|9\n|tier|[Gen 9] Anything Goes\n|rule|HP Percentage Mod: HP is shown in percentages\n|rule|Endless Battle Clause: Forcing endless battles is banned\n|rule|Item Clause: Limit one of each item\n|rule|Evasion Moves Clause: Evasion moves are banned\n|rule|Evasion Abilities Clause: Evasion abilities are banned\n|rule|Swagger Clause: Swagger is banned\n|rule|OHKO Clause: OHKO moves are banned\n|rule|Species Clause: Limit one of each Pok\u00e9mon\n|clearpoke\n|poke|p1|Dragapult, M|\n|poke|p1|Great Tusk|\n|poke|p1|Quagsire, F|\n|poke|p1|Morgrem, M|\n|poke|p1|Glaceon, F|\n|poke|p1|Rotom-Heat|\n|poke|p2|Espeon, M|\n|poke|p2|Frosmoth, F|\n|poke|p2|Carkol, F|\n|poke|p2|Roaring Moon|\n|poke|p2|Palossand, F|\n|poke|p2|Tinkaton, F|\n|teampreview\n|inactive|Battle timer is ON: inactive players will automatically lose when time's up. (requested by derdansl)\n|c|\u2606derdansl|gl hf\n|c|\u2606Munaphar|glhf\n|\n|t:|1698857990\n|start\n|switch|p1a: Rotom|Rotom-Heat|100\/100\n|switch|p2a: Sima|Espeon, M|100\/100\n|turn|1\n|inactive|derdansl has 270 seconds left.\n|\n|t:|1698858025\n|move|p1a: Rotom|Overheat|p2a: Sima\n|-damage|p2a: Sima|20\/100\n|-unboost|p1a: Rotom|spa|2\n|move|p2a: Sima|Power Gem|p1a: Rotom\n|-supereffective|p1a: Rotom\n|-crit|p1a: Rotom\n|-damage|p1a: Rotom|0 fnt\n|faint|p1a: Rotom\n|\n|upkeep\n|inactive|derdansl has 270 seconds left.\n|\n|t:|1698858049\n|switch|p1a: Claude|Dragapult, M, shiny|100\/100\n|turn|2\n|\n|t:|1698858070\n|switch|p2a: Tonatink|Tinkaton, F|100\/100\n|-ability|p2a: Tonatink|Mold Breaker\n|move|p1a: Claude|Dragon Darts|p2a: Tonatink\n|-immune|p2a: Tonatink\n|\n|upkeep\n|turn|3\n|inactive|Munaphar has 270 seconds left.\n|\n|t:|1698858092\n|move|p1a: Claude|U-turn|p2a: Tonatink\n|-resisted|p2a: Tonatink\n|-damage|p2a: Tonatink|93\/100\n|-damage|p1a: Claude|91\/100|[from] item: Life Orb\n|inactive|derdansl has 240 seconds left.\n|\n|t:|1698858120\n|switch|p1a: Edelgard|Great Tusk|100\/100|[from] U-turn\n|move|p2a: Tonatink|Play Rough|p1a: Edelgard\n|-supereffective|p1a: Edelgard\n|-damage|p1a: Edelgard|65\/100\n|\n|upkeep\n|turn|4\n|inactive|derdansl has 240 seconds left.\n|inactive|Munaphar has 270 seconds left.\n|\n|t:|1698858142\n|switch|p2a: Borga|Palossand, F|100\/100\n|move|p1a: Edelgard|Headlong Rush|p2a: Borga\n|-damage|p2a: Borga|56\/100\n|-unboost|p1a: Edelgard|def|1\n|-unboost|p1a: Edelgard|spd|1\n|\n|-heal|p2a: Borga|62\/100|[from] item: Leftovers\n|upkeep\n|turn|5\n|inactive|Munaphar has 270 seconds left.\n|\n|t:|1698858158\n|-end|p1a: Edelgard|Protosynthesis|[silent]\n|switch|p1a: Yuri|Morgrem, M|100\/100\n|move|p2a: Borga|Shore Up|p2a: Borga\n|-heal|p2a: Borga|100\/100\n|\n|upkeep\n|turn|6\n|inactive|Munaphar has 270 seconds left.\n|\n|t:|1698858177\n|move|p1a: Yuri|Light Screen|p1a: Yuri\n|-sidestart|p1: derdansl|move: Light Screen\n|move|p2a: Borga|Stealth Rock|p1a: Yuri\n|-sidestart|p1: derdansl|move: Stealth Rock\n|\n|upkeep\n|turn|7\n|inactive|Munaphar has 270 seconds left.\n|\n|t:|1698858186\n|move|p1a: Yuri|Parting Shot|p2a: Borga\n|-unboost|p2a: Borga|atk|1\n|-unboost|p2a: Borga|spa|1\n|\n|t:|1698858200\n|switch|p1a: Edelgard|Great Tusk|65\/100|[from] Parting Shot\n|-damage|p1a: Edelgard|62\/100|[from] Stealth Rock\n|move|p2a: Borga|Stealth Rock||[still]\n|-fail|p2a: Borga\n|\n|upkeep\n|turn|8\n|inactive|Munaphar has 270 seconds left.\n|\n|t:|1698858221\n|move|p1a: Edelgard|Bulk Up|p1a: Edelgard\n|-boost|p1a: Edelgard|atk|1\n|-boost|p1a: Edelgard|def|1\n|move|p2a: Borga|Shadow Ball|p1a: Edelgard\n|-damage|p1a: Edelgard|51\/100\n|\n|upkeep\n|turn|9\n|inactive|Munaphar has 270 seconds left.\n|inactive|derdansl has 210 seconds left.\n|\n|t:|1698858255\n|move|p1a: Edelgard|Bulk Up|p1a: Edelgard\n|-boost|p1a: Edelgard|atk|1\n|-boost|p1a: Edelgard|def|1\n|move|p2a: Borga|Shadow Ball|p1a: Edelgard\n|-damage|p1a: Edelgard|38\/100\n|\n|upkeep\n|turn|10\n|inactive|derdansl has 210 seconds left.\n|inactive|Munaphar has 240 seconds left.\n|\n|t:|1698858283\n|move|p1a: Edelgard|Headlong Rush|p2a: Borga\n|-damage|p2a: Borga|16\/100\n|-unboost|p1a: Edelgard|def|1\n|-unboost|p1a: Edelgard|spd|1\n|move|p2a: Borga|Shadow Ball|p1a: Edelgard\n|-damage|p1a: Edelgard|18\/100\n|-unboost|p1a: Edelgard|spd|1\n|\n|-heal|p2a: Borga|22\/100|[from] item: Leftovers\n|-sideend|p1: derdansl|move: Light Screen\n|upkeep\n|turn|11\n|inactive|Munaphar has 210 seconds left.\n|\n|t:|1698858316\n|move|p1a: Edelgard|Headlong Rush|p2a: Borga\n|-damage|p2a: Borga|0 fnt\n|-unboost|p1a: Edelgard|def|1\n|-unboost|p1a: Edelgard|spd|1\n|faint|p2a: Borga\n|\n|upkeep\n|inactive|Munaphar has 210 seconds left.\n|\n|t:|1698858323\n|switch|p2a: Sima|Espeon, M|20\/100\n|turn|12\n|inactive|derdansl has 210 seconds left.\n|inactive|Munaphar has 210 seconds left.\n|\n|t:|1698858353\n|-end|p1a: Edelgard|Protosynthesis|[silent]\n|switch|p1a: Yuri|Morgrem, M|100\/100\n|-damage|p1a: Yuri|88\/100|[from] Stealth Rock\n|move|p2a: Sima|Shadow Ball|p1a: Yuri\n|-resisted|p1a: Yuri\n|-damage|p1a: Yuri|77\/100\n|\n|upkeep\n|turn|13\n|inactive|Munaphar has 210 seconds left.\n|inactive|Munaphar has 180 seconds left.\n|\n|t:|1698858397\n|switch|p2a: Blizzy|Frosmoth, F|100\/100\n|move|p1a: Yuri|Light Screen|p1a: Yuri\n|-sidestart|p1: derdansl|move: Light Screen\n|\n|upkeep\n|turn|14\n|inactive|Munaphar has 180 seconds left.\n|\n|t:|1698858404\n|move|p1a: Yuri|Thunder Wave|p2a: Blizzy\n|-status|p2a: Blizzy|par\n|cant|p2a: Blizzy|par\n|\n|upkeep\n|turn|15\n|inactive|Munaphar has 180 seconds left.\n|\n|t:|1698858416\n|move|p1a: Yuri|Parting Shot|p2a: Blizzy\n|-unboost|p2a: Blizzy|atk|1\n|-unboost|p2a: Blizzy|spa|1\n|\n|t:|1698858419\n|switch|p1a: Marianne|Glaceon, F, shiny|100\/100|[from] Parting Shot\n|-damage|p1a: Marianne|76\/100|[from] Stealth Rock\n|move|p2a: Blizzy|Substitute|p2a: Blizzy\n|-start|p2a: Blizzy|Substitute\n|-damage|p2a: Blizzy|76\/100 par\n|\n|upkeep\n|turn|16\n|\n|t:|1698858439\n|move|p1a: Marianne|Freeze-Dry|p2a: Blizzy\n|-resisted|p2a: Blizzy\n|-activate|p2a: Blizzy|move: Substitute|[damage]\n|cant|p2a: Blizzy|par\n|\n|upkeep\n|turn|17\n|inactive|Munaphar has 180 seconds left.\n|\n|t:|1698858461\n|switch|p2a: Tonatink|Tinkaton, F|93\/100\n|-ability|p2a: Tonatink|Mold Breaker\n|move|p1a: Marianne|Wish|p1a: Marianne\n|\n|-sideend|p1: derdansl|move: Light Screen\n|upkeep\n|turn|18\n|inactive|Munaphar has 180 seconds left.\n|\n|t:|1698858485\n|switch|p1a: Edelgard|Great Tusk|18\/100\n|-damage|p1a: Edelgard|15\/100|[from] Stealth Rock\n|move|p2a: Tonatink|Ice Hammer|p1a: Edelgard\n|-supereffective|p1a: Edelgard\n|-damage|p1a: Edelgard|0 fnt\n|-unboost|p2a: Tonatink|spe|1\n|faint|p1a: Edelgard\n|-end|p1a: Edelgard|Protosynthesis|[silent]\n|\n|upkeep\n|inactive|derdansl has 180 seconds left.\n|\n|t:|1698858499\n|switch|p1a: Claude|Dragapult, M, shiny|91\/100\n|-damage|p1a: Claude|78\/100|[from] Stealth Rock\n|turn|19\n|inactive|derdansl has 180 seconds left.\n|\n|t:|1698858511\n|move|p1a: Claude|Phantom Force||[still]\n|-prepare|p1a: Claude|Phantom Force\n|move|p2a: Tonatink|Play Rough|p1a: Claude|[miss]\n|-miss|p2a: Tonatink|p1a: Claude\n|\n|upkeep\n|turn|20\n|inactive|Munaphar has 180 seconds left.\n|\n|t:|1698858539\n|switch|p2a: Roar|Roaring Moon|100\/100\n|-enditem|p2a: Roar|Booster Energy\n|-activate|p2a: Roar|ability: Protosynthesis|[fromitem]\n|-start|p2a: Roar|protosynthesisatk\n|move|p1a: Claude|Phantom Force|p2a: Roar|[from]lockedmove\n|-resisted|p2a: Roar\n|-damage|p2a: Roar|68\/100\n|-damage|p1a: Claude|68\/100|[from] item: Life Orb\n|\n|upkeep\n|turn|21\n|\n|t:|1698858568\n|-end|p2a: Roar|Protosynthesis|[silent]\n|switch|p2a: Tonatink|Tinkaton, F|93\/100\n|-ability|p2a: Tonatink|Mold Breaker\n|move|p1a: Claude|Dragon Darts|p2a: Tonatink\n|-immune|p2a: Tonatink\n|\n|upkeep\n|turn|22\n|\n|t:|1698858579\n|move|p1a: Claude|Phantom Force||[still]\n|-prepare|p1a: Claude|Phantom Force\n|move|p2a: Tonatink|Play Rough|p1a: Claude|[miss]\n|-miss|p2a: Tonatink|p1a: Claude\n|\n|upkeep\n|turn|23\n|\n|t:|1698858584\n|move|p1a: Claude|Phantom Force|p2a: Tonatink|[from]lockedmove\n|-damage|p2a: Tonatink|33\/100\n|-damage|p1a: Claude|58\/100|[from] item: Life Orb\n|move|p2a: Tonatink|Play Rough|p1a: Claude\n|-supereffective|p1a: Claude\n|-damage|p1a: Claude|0 fnt\n|faint|p1a: Claude\n|\n|upkeep\n|\n|t:|1698858603\n|switch|p1a: Yuri|Morgrem, M|77\/100\n|-damage|p1a: Yuri|65\/100|[from] Stealth Rock\n|turn|24\n|\n|t:|1698858614\n|move|p1a: Yuri|Parting Shot|p2a: Tonatink\n|-unboost|p2a: Tonatink|atk|1\n|-unboost|p2a: Tonatink|spa|1\n|\n|t:|1698858618\n|switch|p1a: Happy|Quagsire, F, shiny|100\/100|[from] Parting Shot\n|-damage|p1a: Happy|94\/100|[from] Stealth Rock\n|move|p2a: Tonatink|Gigaton Hammer|p1a: Happy\n|-resisted|p1a: Happy\n|-damage|p1a: Happy|84\/100\n|\n|-heal|p1a: Happy|90\/100|[from] item: Leftovers\n|upkeep\n|turn|25\n|inactive|Munaphar has 180 seconds left.\n|\n|t:|1698858634\n|move|p2a: Tonatink|Play Rough|p1a: Happy\n|-crit|p1a: Happy\n|-damage|p1a: Happy|61\/100\n|move|p1a: Happy|Stealth Rock|p2a: Tonatink\n|-sidestart|p2: Munaphar|move: Stealth Rock\n|\n|-heal|p1a: Happy|67\/100|[from] item: Leftovers\n|upkeep\n|turn|26\n|inactive|Munaphar has 180 seconds left.\n|\n|t:|1698858650\n|move|p2a: Tonatink|Play Rough|p1a: Happy\n|-damage|p1a: Happy|54\/100\n|move|p1a: Happy|Recover|p1a: Happy\n|-heal|p1a: Happy|100\/100\n|\n|upkeep\n|turn|27\n|inactive|Munaphar has 180 seconds left.\n|\n|t:|1698858664\n|switch|p1a: Yuri|Morgrem, M|65\/100\n|-damage|p1a: Yuri|53\/100|[from] Stealth Rock\n|move|p2a: Tonatink|Gigaton Hammer|p1a: Yuri\n|-supereffective|p1a: Yuri\n|-damage|p1a: Yuri|0 fnt\n|faint|p1a: Yuri\n|\n|upkeep\n|\n|t:|1698858675\n|switch|p1a: Happy|Quagsire, F, shiny|100\/100\n|-damage|p1a: Happy|94\/100|[from] Stealth Rock\n|turn|28\n|\n|t:|1698858684\n|move|p2a: Tonatink|Play Rough|p1a: Happy\n|-damage|p1a: Happy|81\/100\n|move|p1a: Happy|Toxic|p2a: Tonatink\n|-immune|p2a: Tonatink\n|\n|-heal|p1a: Happy|87\/100|[from] item: Leftovers\n|upkeep\n|turn|29\n|\n|t:|1698858695\n|move|p2a: Tonatink|Play Rough|p1a: Happy\n|-damage|p1a: Happy|74\/100\n|move|p1a: Happy|Toxic|p2a: Tonatink\n|-immune|p2a: Tonatink\n|\n|-heal|p1a: Happy|80\/100|[from] item: Leftovers\n|upkeep\n|turn|30\n|\n|t:|1698858703\n|move|p2a: Tonatink|Gigaton Hammer|p1a: Happy\n|-resisted|p1a: Happy\n|-damage|p1a: Happy|70\/100\n|move|p1a: Happy|Toxic|p2a: Tonatink\n|-immune|p2a: Tonatink\n|\n|-heal|p1a: Happy|76\/100|[from] item: Leftovers\n|upkeep\n|turn|31\n|\n|t:|1698858718\n|move|p2a: Tonatink|Play Rough|p1a: Happy\n|-damage|p1a: Happy|62\/100\n|move|p1a: Happy|Toxic|p2a: Tonatink|[miss]\n|-miss|p1a: Happy|p2a: Tonatink\n|\n|-heal|p1a: Happy|68\/100|[from] item: Leftovers\n|upkeep\n|turn|32\n|\n|t:|1698858728\n|move|p2a: Tonatink|Ice Hammer|p1a: Happy\n|-damage|p1a: Happy|58\/100\n|-unboost|p2a: Tonatink|spe|1\n|move|p1a: Happy|Recover|p1a: Happy\n|-heal|p1a: Happy|100\/100\n|\n|upkeep\n|turn|33\n|inactive|derdansl has 210 seconds left.\n|\n|t:|1698858737\n|move|p1a: Happy|Protect|p1a: Happy\n|-singleturn|p1a: Happy|Protect\n|move|p2a: Tonatink|Play Rough|p1a: Happy\n|-activate|p1a: Happy|move: Protect\n|\n|upkeep\n|turn|34\n|inactive|Munaphar has 210 seconds left.\n|\n|t:|1698858750\n|move|p2a: Tonatink|Play Rough|p1a: Happy\n|-crit|p1a: Happy\n|-damage|p1a: Happy|72\/100\n|move|p1a: Happy|Toxic|p2a: Tonatink\n|-immune|p2a: Tonatink\n|\n|-heal|p1a: Happy|78\/100|[from] item: Leftovers\n|upkeep\n|turn|35\n|inactive|Munaphar has 210 seconds left.\n|\n|t:|1698858771\n|move|p2a: Tonatink|Play Rough|p1a: Happy\n|-damage|p1a: Happy|64\/100\n|move|p1a: Happy|Stealth Rock||[still]\n|-fail|p1a: Happy\n|\n|-heal|p1a: Happy|71\/100|[from] item: Leftovers\n|upkeep\n|turn|36\n|\n|t:|1698858779\n|move|p2a: Tonatink|Play Rough|p1a: Happy\n|-damage|p1a: Happy|58\/100\n|move|p1a: Happy|Stealth Rock||[still]\n|-fail|p1a: Happy\n|\n|-heal|p1a: Happy|64\/100|[from] item: Leftovers\n|upkeep\n|turn|37\n|\n|t:|1698858787\n|move|p2a: Tonatink|Play Rough|p1a: Happy\n|-damage|p1a: Happy|51\/100\n|move|p1a: Happy|Recover|p1a: Happy\n|-heal|p1a: Happy|100\/100\n|\n|upkeep\n|turn|38\n|inactive|Munaphar has 210 seconds left.\n|\n|t:|1698858794\n|move|p2a: Tonatink|Gigaton Hammer|p1a: Happy\n|-resisted|p1a: Happy\n|-damage|p1a: Happy|88\/100\n|move|p1a: Happy|Stealth Rock||[still]\n|-fail|p1a: Happy\n|\n|-heal|p1a: Happy|94\/100|[from] item: Leftovers\n|upkeep\n|turn|39\n|inactive|derdansl has 240 seconds left.\n|\n|t:|1698858800\n|move|p1a: Happy|Protect|p1a: Happy\n|-singleturn|p1a: Happy|Protect\n|move|p2a: Tonatink|Ice Hammer|p1a: Happy\n|-activate|p1a: Happy|move: Protect\n|\n|-heal|p1a: Happy|100\/100|[from] item: Leftovers\n|upkeep\n|turn|40\n|\n|t:|1698858810\n|move|p2a: Tonatink|Gigaton Hammer|p1a: Happy\n|-resisted|p1a: Happy\n|-damage|p1a: Happy|89\/100\n|move|p1a: Happy|Stealth Rock||[still]\n|-fail|p1a: Happy\n|\n|-heal|p1a: Happy|95\/100|[from] item: Leftovers\n|upkeep\n|turn|41\n|\n|t:|1698858820\n|move|p2a: Tonatink|Ice Hammer|p1a: Happy\n|-damage|p1a: Happy|86\/100\n|-unboost|p2a: Tonatink|spe|1\n|move|p1a: Happy|Stealth Rock||[still]\n|-fail|p1a: Happy\n|\n|-heal|p1a: Happy|92\/100|[from] item: Leftovers\n|upkeep\n|turn|42\n|\n|t:|1698858829\n|move|p2a: Tonatink|Ice Hammer|p1a: Happy|[miss]\n|-miss|p2a: Tonatink|p1a: Happy\n|move|p1a: Happy|Stealth Rock||[still]\n|-fail|p1a: Happy\n|\n|-heal|p1a: Happy|98\/100|[from] item: Leftovers\n|upkeep\n|turn|43\n|\n|t:|1698858842\n|move|p1a: Happy|Protect|p1a: Happy\n|-singleturn|p1a: Happy|Protect\n|move|p2a: Tonatink|Ice Hammer|p1a: Happy\n|-activate|p1a: Happy|move: Protect\n|\n|-heal|p1a: Happy|100\/100|[from] item: Leftovers\n|upkeep\n|turn|44\n|inactive|Munaphar has 240 seconds left.\n|\n|t:|1698858852\n|move|p2a: Tonatink|Ice Hammer|p1a: Happy\n|-damage|p1a: Happy|91\/100\n|-unboost|p2a: Tonatink|spe|1\n|move|p1a: Happy|Stealth Rock||[still]\n|-fail|p1a: Happy\n|\n|-heal|p1a: Happy|97\/100|[from] item: Leftovers\n|upkeep\n|turn|45\n|inactive|Munaphar has 240 seconds left.\n|\n|t:|1698858890\n|switch|p2a: Wroom|Carkol, F|100\/100\n|-damage|p2a: Wroom|75\/100|[from] Stealth Rock\n|move|p1a: Happy|Protect||[still]\n|-fail|p1a: Happy\n|\n|-heal|p1a: Happy|100\/100|[from] item: Leftovers\n|upkeep\n|turn|46\n|inactive|derdansl has 270 seconds left.\n|\n|t:|1698858902\n|move|p2a: Wroom|Rapid Spin|p1a: Happy\n|-damage|p1a: Happy|95\/100\n|-boost|p2a: Wroom|spe|1\n|-sideend|p2: Munaphar|Stealth Rock|[from] move: Rapid Spin|[of] p2a: Wroom\n|move|p1a: Happy|Toxic|p2a: Wroom|[miss]\n|-miss|p1a: Happy|p2a: Wroom\n|\n|-heal|p1a: Happy|100\/100|[from] item: Leftovers\n|upkeep\n|turn|47\n|inactive|derdansl has 270 seconds left.\n|\n|t:|1698858913\n|move|p2a: Wroom|Body Press|p1a: Happy\n|-damage|p1a: Happy|85\/100\n|move|p1a: Happy|Stealth Rock|p2a: Wroom\n|-sidestart|p2: Munaphar|move: Stealth Rock\n|\n|-heal|p1a: Happy|91\/100|[from] item: Leftovers\n|upkeep\n|turn|48\n|inactive|derdansl has 270 seconds left.\n|\n|t:|1698858925\n|move|p2a: Wroom|Stone Edge|p1a: Happy\n|-resisted|p1a: Happy\n|-crit|p1a: Happy\n|-damage|p1a: Happy|78\/100\n|move|p1a: Happy|Toxic|p2a: Wroom\n|-status|p2a: Wroom|tox\n|\n|-heal|p1a: Happy|84\/100|[from] item: Leftovers\n|-damage|p2a: Wroom|69\/100 tox|[from] psn\n|upkeep\n|turn|49\n|\n|t:|1698858934\n|move|p1a: Happy|Protect|p1a: Happy\n|-singleturn|p1a: Happy|Protect\n|move|p2a: Wroom|Body Press|p1a: Happy\n|-activate|p1a: Happy|move: Protect\n|\n|-heal|p1a: Happy|90\/100|[from] item: Leftovers\n|-damage|p2a: Wroom|57\/100 tox|[from] psn\n|upkeep\n|turn|50\n|\n|t:|1698858946\n|move|p2a: Wroom|Body Press|p1a: Happy\n|-damage|p1a: Happy|73\/100\n|move|p1a: Happy|Stealth Rock||[still]\n|-fail|p1a: Happy\n|\n|-heal|p1a: Happy|79\/100|[from] item: Leftovers\n|-damage|p2a: Wroom|39\/100 tox|[from] psn\n|upkeep\n|turn|51\n|\n|t:|1698858953\n|move|p2a: Wroom|Body Press|p1a: Happy\n|-damage|p1a: Happy|62\/100\n|move|p1a: Happy|Stealth Rock||[still]\n|-fail|p1a: Happy\n|\n|-heal|p1a: Happy|68\/100|[from] item: Leftovers\n|-damage|p2a: Wroom|15\/100 tox|[from] psn\n|upkeep\n|turn|52\n|inactive|Munaphar has 240 seconds left.\n|\n|t:|1698858961\n|move|p2a: Wroom|Rapid Spin|p1a: Happy\n|-damage|p1a: Happy|63\/100\n|-boost|p2a: Wroom|spe|1\n|-sideend|p2: Munaphar|Stealth Rock|[from] move: Rapid Spin|[of] p2a: Wroom\n|move|p1a: Happy|Stealth Rock|p2a: Wroom\n|-sidestart|p2: Munaphar|move: Stealth Rock\n|\n|-heal|p1a: Happy|69\/100|[from] item: Leftovers\n|-damage|p2a: Wroom|0 fnt|[from] psn\n|faint|p2a: Wroom\n|upkeep\n|inactive|Munaphar has 240 seconds left.\n|\n|t:|1698858974\n|switch|p2a: Blizzy|Frosmoth, F|76\/100 par\n|turn|53\n|inactive|Munaphar has 240 seconds left.\n|\n|t:|1698858983\n|switch|p1a: Marianne|Glaceon, F, shiny|76\/100\n|-damage|p1a: Marianne|51\/100|[from] Stealth Rock\n|move|p2a: Blizzy|Quiver Dance|p2a: Blizzy\n|-boost|p2a: Blizzy|spa|1\n|-boost|p2a: Blizzy|spd|1\n|-boost|p2a: Blizzy|spe|1\n|\n|upkeep\n|turn|54\n|inactive|Munaphar has 240 seconds left.\n|\n|t:|1698859000\n|move|p2a: Blizzy|Substitute|p2a: Blizzy\n|-start|p2a: Blizzy|Substitute\n|-damage|p2a: Blizzy|51\/100 par\n|move|p1a: Marianne|Haze|p1a: Marianne\n|-clearallboost\n|\n|upkeep\n|turn|55\n|inactive|Munaphar has 240 seconds left.\n|\n|t:|1698859015\n|move|p1a: Marianne|Wish|p1a: Marianne\n|move|p2a: Blizzy|Tera Blast|p1a: Marianne\n|-damage|p1a: Marianne|27\/100\n|\n|upkeep\n|turn|56\n|\n|t:|1698859024\n|move|p1a: Marianne|Freeze-Dry|p2a: Blizzy\n|-resisted|p2a: Blizzy\n|-activate|p2a: Blizzy|move: Substitute|[damage]\n|move|p2a: Blizzy|Quiver Dance|p2a: Blizzy\n|-boost|p2a: Blizzy|spa|1\n|-boost|p2a: Blizzy|spd|1\n|-boost|p2a: Blizzy|spe|1\n|\n|-heal|p1a: Marianne|77\/100|[from] move: Wish|[wisher] Marianne\n|upkeep\n|turn|57\n|inactive|Munaphar has 240 seconds left.\n|\n|t:|1698859035\n|move|p2a: Blizzy|Tera Blast|p1a: Marianne\n|-damage|p1a: Marianne|43\/100\n|move|p1a: Marianne|Haze|p1a: Marianne\n|-clearallboost\n|\n|upkeep\n|turn|58\n|inactive|Munaphar has 240 seconds left.\n|\n|t:|1698859047\n|move|p1a: Marianne|Wish|p1a: Marianne\n|move|p2a: Blizzy|Tera Blast|p1a: Marianne\n|-damage|p1a: Marianne|19\/100\n|-enditem|p1a: Marianne|Wiki Berry|[eat]\n|-heal|p1a: Marianne|52\/100|[from] item: Wiki Berry\n|\n|upkeep\n|turn|59\n|inactive|Munaphar has 240 seconds left.\n|\n|t:|1698859058\n|move|p1a: Marianne|Freeze-Dry|p2a: Blizzy\n|-resisted|p2a: Blizzy\n|-activate|p2a: Blizzy|move: Substitute|[damage]\n|cant|p2a: Blizzy|par\n|\n|-heal|p1a: Marianne|100\/100|[from] move: Wish|[wisher] Marianne\n|upkeep\n|turn|60\n|inactive|Munaphar has 240 seconds left.\n|inactive|Munaphar has 210 seconds left.\n|\n|t:|1698859095\n|move|p1a: Marianne|Freeze-Dry|p2a: Blizzy\n|-resisted|p2a: Blizzy\n|-end|p2a: Blizzy|Substitute\n|cant|p2a: Blizzy|par\n|\n|upkeep\n|turn|61\n|\n|t:|1698859105\n|move|p1a: Marianne|Freeze-Dry|p2a: Blizzy\n|-resisted|p2a: Blizzy\n|-damage|p2a: Blizzy|39\/100 par\n|move|p2a: Blizzy|Tera Blast|p1a: Marianne\n|-damage|p1a: Marianne|77\/100\n|\n|upkeep\n|turn|62\n|\n|t:|1698859112\n|move|p1a: Marianne|Freeze-Dry|p2a: Blizzy\n|-resisted|p2a: Blizzy\n|-damage|p2a: Blizzy|27\/100 par\n|move|p2a: Blizzy|Tera Blast|p1a: Marianne\n|-damage|p1a: Marianne|53\/100\n|\n|upkeep\n|turn|63\n|\n|t:|1698859127\n|move|p1a: Marianne|Wish|p1a: Marianne\n|cant|p2a: Blizzy|par\n|\n|upkeep\n|turn|64\n|\n|t:|1698859136\n|move|p1a: Marianne|Freeze-Dry|p2a: Blizzy\n|-resisted|p2a: Blizzy\n|-damage|p2a: Blizzy|15\/100 par\n|move|p2a: Blizzy|Tera Blast|p1a: Marianne\n|-damage|p1a: Marianne|30\/100\n|\n|-heal|p1a: Marianne|79\/100|[from] move: Wish|[wisher] Marianne\n|upkeep\n|turn|65\n|\n|t:|1698859144\n|move|p1a: Marianne|Freeze-Dry|p2a: Blizzy\n|-resisted|p2a: Blizzy\n|-damage|p2a: Blizzy|4\/100 par\n|move|p2a: Blizzy|Tera Blast|p1a: Marianne\n|-damage|p1a: Marianne|54\/100\n|\n|upkeep\n|turn|66\n|\n|t:|1698859155\n|move|p1a: Marianne|Wish|p1a: Marianne\n|move|p2a: Blizzy|Quiver Dance|p2a: Blizzy\n|-boost|p2a: Blizzy|spa|1\n|-boost|p2a: Blizzy|spd|1\n|-boost|p2a: Blizzy|spe|1\n|\n|upkeep\n|turn|67\n|\n|t:|1698859162\n|cant|p2a: Blizzy|par\n|move|p1a: Marianne|Freeze-Dry|p2a: Blizzy\n|-resisted|p2a: Blizzy\n|-damage|p2a: Blizzy|0 fnt\n|faint|p2a: Blizzy\n|\n|-heal|p1a: Marianne|100\/100|[from] move: Wish|[wisher] Marianne\n|upkeep\n|inactive|Munaphar has 210 seconds left.\n|\n|t:|1698859210\n|switch|p2a: Roar|Roaring Moon|68\/100\n|-damage|p2a: Roar|55\/100|[from] Stealth Rock\n|turn|68\n|\n|t:|1698859234\n|move|p2a: Roar|Stone Edge|p1a: Marianne\n|-supereffective|p1a: Marianne\n|-crit|p1a: Marianne\n|-damage|p1a: Marianne|0 fnt\n|faint|p1a: Marianne\n|\n|upkeep\n|\n|t:|1698859239\n|switch|p1a: Happy|Quagsire, F, shiny|69\/100\n|-damage|p1a: Happy|63\/100|[from] Stealth Rock\n|turn|69\n|\n|t:|1698859250\n|-terastallize|p2a: Roar|Flying\n|move|p2a: Roar|Acrobatics|p1a: Happy\n|-damage|p1a: Happy|18\/100\n|move|p1a: Happy|Recover|p1a: Happy\n|-heal|p1a: Happy|68\/100\n|\n|-heal|p1a: Happy|74\/100|[from] item: Leftovers\n|upkeep\n|turn|70\n|\n|t:|1698859261\n|move|p1a: Happy|Protect|p1a: Happy\n|-singleturn|p1a: Happy|Protect\n|move|p2a: Roar|Acrobatics|p1a: Happy\n|-activate|p1a: Happy|move: Protect\n|\n|-heal|p1a: Happy|80\/100|[from] item: Leftovers\n|upkeep\n|turn|71\n|\n|t:|1698859268\n|move|p2a: Roar|Acrobatics|p1a: Happy\n|-damage|p1a: Happy|32\/100\n|move|p1a: Happy|Toxic|p2a: Roar\n|-status|p2a: Roar|tox\n|\n|-heal|p1a: Happy|39\/100|[from] item: Leftovers\n|-damage|p2a: Roar|49\/100 tox|[from] psn\n|upkeep\n|turn|72\n|inactive|Munaphar has 210 seconds left.\n|\n|t:|1698859284\n|move|p1a: Happy|Protect|p1a: Happy\n|-singleturn|p1a: Happy|Protect\n|move|p2a: Roar|Jaw Lock|p1a: Happy\n|-activate|p1a: Happy|move: Protect\n|\n|-heal|p1a: Happy|45\/100|[from] item: Leftovers\n|-damage|p2a: Roar|37\/100 tox|[from] psn\n|upkeep\n|turn|73\n|\n|t:|1698859293\n|move|p2a: Roar|Acrobatics|p1a: Happy\n|-damage|p1a: Happy|0 fnt\n|faint|p1a: Happy\n|\n|win|Munaphar\n|c|\u2606Munaphar|gg\n|c|\u2606derdansl|gg\n","uploadtime":1698859332,"views":16,"p1id":"derdansl","p2id":"munaphar","formatid":"gen9anythinggoes","rating":0,"private":0,"password":""}