{"id":"gen9anythinggoes-2000620982","p1":"umbreonluna","p2":"draquest","format":"[Gen 9] Anything Goes","log":"|j|\u2606umbreonluna\n|j|\u2606draquest\n|t:|1701211364\n|gametype|singles\n|player|p1|umbreonluna|iris-gen5bw2|\n|player|p2|draquest|1|\n|teamsize|p1|6\n|teamsize|p2|6\n|gen|9\n|tier|[Gen 9] Anything Goes\n|rule|HP Percentage Mod: HP is shown in percentages\n|rule|Endless Battle Clause: Forcing endless battles is banned\n|clearpoke\n|poke|p1|Ogerpon-Wellspring, F|\n|poke|p1|Electrode|\n|poke|p1|Cyclizar, F|\n|poke|p1|Masquerain, F|\n|poke|p1|Sylveon, F|\n|poke|p1|Annihilape, F|\n|poke|p2|Fezandipiti, M|\n|poke|p2|Vikavolt, M|\n|poke|p2|Pawmot, M|\n|poke|p2|Roaring Moon|\n|poke|p2|Gligar, M|\n|poke|p2|Furret, M|\n|teampreview\n|j| mimizukii\n|c| mimizukii|LA LEGENDARIA\n|\n|t:|1701211435\n|start\n|switch|p1a: Electrode|Electrode|100\/100\n|switch|p2a: Vikavolt|Vikavolt, M|100\/100\n|turn|1\n|j| MrBr3loom\n|\n|t:|1701211465\n|-terastallize|p1a: Electrode|Electric\n|-terastallize|p2a: Vikavolt|Electric\n|move|p1a: Electrode|Volt Switch|p2a: Vikavolt\n|-resisted|p2a: Vikavolt\n|-damage|p2a: Vikavolt|62\/100\n|\n|t:|1701211481\n|switch|p1a: Sylveon|Sylveon, F|100\/100|[from] Volt Switch\n|move|p2a: Vikavolt|Volt Switch|p1a: Sylveon\n|-damage|p1a: Sylveon|46\/100\n|\n|t:|1701211489\n|switch|p2a: Fezandipiti|Fezandipiti, M|100\/100|[from] Volt Switch\n|\n|upkeep\n|turn|2\n|\n|t:|1701211493\n|move|p2a: Fezandipiti|U-turn|p1a: Sylveon\n|-resisted|p1a: Sylveon\n|-damage|p1a: Sylveon|40\/100\n|-damage|p2a: Fezandipiti|84\/100|[from] item: Rocky Helmet|[of] p1a: Sylveon\n|-start|p2a: Fezandipiti|Attract|[from] ability: Cute Charm|[of] p1a: Sylveon\n|\n|t:|1701211503\n|switch|p2a: Pawmot|Pawmot, M|100\/100|[from] U-turn\n|move|p1a: Sylveon|Baton Pass|p1a: Sylveon\n|\n|t:|1701211517\n|switch|p1a: Annihilape|Annihilape, F|100\/100|[from] Baton Pass\n|\n|upkeep\n|turn|3\n|\n|t:|1701211522\n|move|p2a: Pawmot|Volt Switch|p1a: Annihilape\n|-damage|p1a: Annihilape|86\/100\n|\n|t:|1701211526\n|switch|p2a: Gligar|Gligar, M|100\/100|[from] Volt Switch\n|move|p1a: Annihilape|U-turn|p2a: Gligar\n|-resisted|p2a: Gligar\n|-damage|p2a: Gligar|87\/100\n|-damage|p1a: Annihilape|69\/100|[from] item: Rocky Helmet|[of] p2a: Gligar\n|\n|t:|1701211547\n|switch|p1a: Cyclizar|Cyclizar, F|100\/100|[from] U-turn\n|\n|upkeep\n|turn|4\n|\n|t:|1701211551\n|move|p1a: Cyclizar|U-turn|p2a: Gligar\n|-resisted|p2a: Gligar\n|-damage|p2a: Gligar|80\/100\n|\n|t:|1701211556\n|switch|p1a: Sylveon|Sylveon, F|40\/100|[from] U-turn\n|move|p2a: Gligar|Baton Pass|p2a: Gligar\n|\n|t:|1701211562\n|switch|p2a: Vikavolt|Vikavolt, M, tera:Electric|62\/100|[from] Baton Pass\n|\n|upkeep\n|turn|5\n|\n|t:|1701211567\n|move|p1a: Sylveon|Baton Pass|p1a: Sylveon\n|\n|t:|1701211569\n|switch|p1a: Cyclizar|Cyclizar, F|100\/100|[from] Baton Pass\n|move|p2a: Vikavolt|Volt Switch|p1a: Cyclizar\n|-resisted|p1a: Cyclizar\n|-crit|p1a: Cyclizar\n|-damage|p1a: Cyclizar|3\/100\n|\n|t:|1701211579\n|switch|p2a: Pawmot|Pawmot, M|100\/100|[from] Volt Switch\n|\n|upkeep\n|turn|6\n|c| mimizukii|:O\n|\n|t:|1701211584\n|move|p1a: Cyclizar|U-turn|p2a: Pawmot\n|-resisted|p2a: Pawmot\n|-damage|p2a: Pawmot|94\/100\n|\n|t:|1701211601\n|switch|p1a: Electrode|Electrode, tera:Electric|100\/100|[from] U-turn\n|move|p2a: Pawmot|Volt Switch|p1a: Electrode\n|-resisted|p1a: Electrode\n|-damage|p1a: Electrode|86\/100\n|\n|t:|1701211608\n|switch|p2a: Gligar|Gligar, M|80\/100|[from] Volt Switch\n|\n|upkeep\n|turn|7\n|\n|t:|1701211612\n|move|p1a: Electrode|Volt Switch|p2a: Gligar\n|-immune|p2a: Gligar\n|move|p2a: Gligar|Baton Pass|p2a: Gligar\n|\n|t:|1701211616\n|switch|p2a: Pawmot|Pawmot, M|94\/100|[from] Baton Pass\n|\n|upkeep\n|turn|8\n|\n|t:|1701211620\n|move|p1a: Electrode|Volt Switch|p2a: Pawmot\n|-heal|p2a: Pawmot|100\/100|[from] ability: Volt Absorb|[of] p1a: Electrode\n|move|p2a: Pawmot|Volt Switch|p1a: Electrode\n|-resisted|p1a: Electrode\n|-damage|p1a: Electrode|72\/100\n|\n|t:|1701211627\n|switch|p2a: Roaring Moon|Roaring Moon|100\/100|[from] Volt Switch\n|\n|upkeep\n|turn|9\n|\n|t:|1701211630\n|move|p1a: Electrode|Volt Switch|p2a: Roaring Moon\n|-resisted|p2a: Roaring Moon\n|-damage|p2a: Roaring Moon|74\/100\n|\n|t:|1701211638\n|switch|p1a: Sylveon|Sylveon, F|40\/100|[from] Volt Switch\n|move|p2a: Roaring Moon|U-turn|p1a: Sylveon\n|-resisted|p1a: Sylveon\n|-damage|p1a: Sylveon|29\/100\n|-damage|p2a: Roaring Moon|58\/100|[from] item: Rocky Helmet|[of] p1a: Sylveon\n|\n|t:|1701211645\n|-end|p2a: Roaring Moon|Protosynthesis|[silent]\n|switch|p2a: Vikavolt|Vikavolt, M, tera:Electric|62\/100|[from] U-turn\n|\n|upkeep\n|turn|10\n|\n|t:|1701211650\n|move|p1a: Sylveon|Baton Pass|p1a: Sylveon\n|\n|t:|1701211693\n|switch|p1a: Electrode|Electrode, tera:Electric|72\/100|[from] Baton Pass\n|move|p2a: Vikavolt|Volt Switch|p1a: Electrode\n|-resisted|p1a: Electrode\n|-damage|p1a: Electrode|7\/100\n|\n|t:|1701211700\n|switch|p2a: Pawmot|Pawmot, M|100\/100|[from] Volt Switch\n|\n|upkeep\n|turn|11\n|\n|t:|1701211704\n|move|p1a: Electrode|Volt Switch|p2a: Pawmot\n|-immune|p2a: Pawmot|[from] ability: Volt Absorb\n|move|p2a: Pawmot|Volt Switch|p1a: Electrode\n|-resisted|p1a: Electrode\n|-damage|p1a: Electrode|0 fnt\n|faint|p1a: Electrode\n|\n|t:|1701211717\n|switch|p2a: Fezandipiti|Fezandipiti, M|84\/100|[from] Volt Switch\n|\n|-heal|p2a: Fezandipiti|90\/100|[from] item: Black Sludge\n|upkeep\n|\n|t:|1701211724\n|switch|p1a: Cyclizar|Cyclizar, F|36\/100\n|turn|12\n|\n|t:|1701211726\n|move|p1a: Cyclizar|U-turn|p2a: Fezandipiti\n|-resisted|p2a: Fezandipiti\n|-damage|p2a: Fezandipiti|85\/100\n|\n|t:|1701211731\n|switch|p1a: Sylveon|Sylveon, F|29\/100|[from] U-turn\n|move|p2a: Fezandipiti|U-turn|p1a: Sylveon\n|-resisted|p1a: Sylveon\n|-damage|p1a: Sylveon|23\/100\n|-damage|p2a: Fezandipiti|69\/100|[from] item: Rocky Helmet|[of] p1a: Sylveon\n|j| LeunamTG\n|\n|t:|1701211738\n|switch|p2a: Vikavolt|Vikavolt, M, tera:Electric|62\/100|[from] U-turn\n|\n|upkeep\n|turn|13\n|\n|t:|1701211749\n|move|p1a: Sylveon|Baton Pass|p1a: Sylveon\n|\n|t:|1701211751\n|switch|p1a: Masquerain|Masquerain, F|100\/100|[from] Baton Pass\n|-ability|p1a: Masquerain|Intimidate|boost\n|-unboost|p2a: Vikavolt|atk|1\n|move|p2a: Vikavolt|Volt Switch|p1a: Masquerain\n|-supereffective|p1a: Masquerain\n|-damage|p1a: Masquerain|0 fnt\n|faint|p1a: Masquerain\n|\n|t:|1701211768\n|switch|p2a: Fezandipiti|Fezandipiti, M|69\/100|[from] Volt Switch\n|\n|-heal|p2a: Fezandipiti|75\/100|[from] item: Black Sludge\n|upkeep\n|\n|t:|1701211774\n|switch|p1a: Cyclizar|Cyclizar, F|69\/100\n|turn|14\n|\n|t:|1701211779\n|move|p1a: Cyclizar|U-turn|p2a: Fezandipiti\n|-resisted|p2a: Fezandipiti\n|-damage|p2a: Fezandipiti|71\/100\n|\n|t:|1701211783\n|switch|p1a: Sylveon|Sylveon, F|23\/100|[from] U-turn\n|move|p2a: Fezandipiti|U-turn|p1a: Sylveon\n|-resisted|p1a: Sylveon\n|-damage|p1a: Sylveon|16\/100\n|-damage|p2a: Fezandipiti|54\/100|[from] item: Rocky Helmet|[of] p1a: Sylveon\n|-start|p2a: Fezandipiti|Attract|[from] ability: Cute Charm|[of] p1a: Sylveon\n|\n|t:|1701211792\n|switch|p2a: Furret|Furret, M|100\/100|[from] U-turn\n|-item|p1a: Sylveon|Rocky Helmet|[from] ability: Frisk|[of] p2a: Furret|[identify]\n|\n|upkeep\n|turn|15\n|\n|t:|1701211798\n|move|p2a: Furret|U-turn|p1a: Sylveon\n|-resisted|p1a: Sylveon\n|-damage|p1a: Sylveon|11\/100\n|-damage|p2a: Furret|84\/100|[from] item: Rocky Helmet|[of] p1a: Sylveon\n|\n|t:|1701211809\n|switch|p2a: Pawmot|Pawmot, M|100\/100|[from] U-turn\n|move|p1a: Sylveon|Baton Pass|p1a: Sylveon\n|\n|t:|1701211821\n|switch|p1a: Ogerpon|Ogerpon-Wellspring, F|100\/100|[from] Baton Pass\n|\n|upkeep\n|turn|16\n|\n|t:|1701211825\n|move|p1a: Ogerpon|U-turn|p2a: Pawmot\n|-resisted|p2a: Pawmot\n|-damage|p2a: Pawmot|87\/100\n|-damage|p1a: Ogerpon|84\/100|[from] item: Rocky Helmet|[of] p2a: Pawmot\n|\n|t:|1701211834\n|switch|p1a: Annihilape|Annihilape, F|69\/100|[from] U-turn\n|move|p2a: Pawmot|Volt Switch|p1a: Annihilape\n|-damage|p1a: Annihilape|54\/100\n|\n|t:|1701211842\n|switch|p2a: Fezandipiti|Fezandipiti, M|54\/100|[from] Volt Switch\n|\n|-heal|p2a: Fezandipiti|60\/100|[from] item: Black Sludge\n|upkeep\n|turn|17\n|\n|t:|1701211847\n|move|p2a: Fezandipiti|U-turn|p1a: Annihilape\n|-resisted|p1a: Annihilape\n|-damage|p1a: Annihilape|50\/100\n|\n|t:|1701211851\n|switch|p2a: Gligar|Gligar, M|80\/100|[from] U-turn\n|move|p1a: Annihilape|U-turn|p2a: Gligar\n|-resisted|p2a: Gligar\n|-damage|p2a: Gligar|67\/100\n|-damage|p1a: Annihilape|33\/100|[from] item: Rocky Helmet|[of] p2a: Gligar\n|\n|t:|1701211858\n|switch|p1a: Cyclizar|Cyclizar, F|100\/100|[from] U-turn\n|\n|upkeep\n|turn|18\n|\n|t:|1701211869\n|move|p1a: Cyclizar|U-turn|p2a: Gligar\n|-resisted|p2a: Gligar\n|-crit|p2a: Gligar\n|-damage|p2a: Gligar|58\/100\n|\n|t:|1701211875\n|switch|p1a: Sylveon|Sylveon, F|11\/100|[from] U-turn\n|move|p2a: Gligar|Baton Pass|p2a: Gligar\n|\n|t:|1701211889\n|switch|p2a: Vikavolt|Vikavolt, M, tera:Electric|62\/100|[from] Baton Pass\n|\n|upkeep\n|turn|19\n|\n|t:|1701211894\n|move|p1a: Sylveon|Baton Pass|p1a: Sylveon\n|\n|t:|1701211901\n|switch|p1a: Cyclizar|Cyclizar, F|100\/100|[from] Baton Pass\n|move|p2a: Vikavolt|Volt Switch|p1a: Cyclizar\n|-resisted|p1a: Cyclizar\n|-damage|p1a: Cyclizar|40\/100\n|\n|t:|1701211912\n|switch|p2a: Gligar|Gligar, M|58\/100|[from] Volt Switch\n|\n|upkeep\n|turn|20\n|\n|t:|1701211916\n|move|p1a: Cyclizar|U-turn|p2a: Gligar\n|-resisted|p2a: Gligar\n|-damage|p2a: Gligar|52\/100\n|\n|t:|1701211920\n|switch|p1a: Sylveon|Sylveon, F|11\/100|[from] U-turn\n|move|p2a: Gligar|Baton Pass|p2a: Gligar\n|\n|t:|1701211925\n|switch|p2a: Vikavolt|Vikavolt, M, tera:Electric|62\/100|[from] Baton Pass\n|\n|upkeep\n|turn|21\n|\n|t:|1701211930\n|move|p1a: Sylveon|Baton Pass|p1a: Sylveon\n|\n|t:|1701211934\n|switch|p1a: Ogerpon|Ogerpon-Wellspring, F|84\/100|[from] Baton Pass\n|move|p2a: Vikavolt|Volt Switch|p1a: Ogerpon\n|-damage|p1a: Ogerpon|0 fnt\n|faint|p1a: Ogerpon\n|\n|t:|1701211941\n|switch|p2a: Furret|Furret, M|84\/100|[from] Volt Switch\n|\n|upkeep\n|\n|t:|1701211949\n|switch|p1a: Annihilape|Annihilape, F|33\/100\n|turn|22\n|\n|t:|1701211952\n|move|p1a: Annihilape|U-turn|p2a: Furret\n|-damage|p2a: Furret|30\/100\n|-enditem|p2a: Furret|Eject Button\n|\n|t:|1701211961\n|switch|p2a: Fezandipiti|Fezandipiti, M|60\/100\n|\n|-heal|p2a: Fezandipiti|66\/100|[from] item: Black Sludge\n|upkeep\n|turn|23\n|\n|t:|1701211969\n|move|p2a: Fezandipiti|U-turn|p1a: Annihilape\n|-resisted|p1a: Annihilape\n|-damage|p1a: Annihilape|29\/100\n|\n|t:|1701211975\n|switch|p2a: Pawmot|Pawmot, M|87\/100|[from] U-turn\n|move|p1a: Annihilape|U-turn|p2a: Pawmot\n|-resisted|p2a: Pawmot\n|-damage|p2a: Pawmot|71\/100\n|-damage|p1a: Annihilape|13\/100|[from] item: Rocky Helmet|[of] p2a: Pawmot\n|\n|t:|1701211984\n|switch|p1a: Cyclizar|Cyclizar, F|73\/100|[from] U-turn\n|\n|upkeep\n|turn|24\n|\n|t:|1701211988\n|move|p1a: Cyclizar|U-turn|p2a: Pawmot\n|-resisted|p2a: Pawmot\n|-damage|p2a: Pawmot|64\/100\n|\n|t:|1701211991\n|switch|p1a: Sylveon|Sylveon, F|11\/100|[from] U-turn\n|move|p2a: Pawmot|Volt Switch|p1a: Sylveon\n|-crit|p1a: Sylveon\n|-damage|p1a: Sylveon|0 fnt\n|faint|p1a: Sylveon\n|\n|t:|1701212011\n|switch|p2a: Vikavolt|Vikavolt, M, tera:Electric|62\/100|[from] Volt Switch\n|\n|upkeep\n|\n|t:|1701212015\n|switch|p1a: Annihilape|Annihilape, F|13\/100\n|turn|25\n|l| LeunamTG\n|\n|t:|1701212032\n|move|p1a: Annihilape|U-turn|p2a: Vikavolt\n|-damage|p2a: Vikavolt|24\/100\n|\n|t:|1701212035\n|switch|p1a: Cyclizar|Cyclizar, F|100\/100|[from] U-turn\n|move|p2a: Vikavolt|Volt Switch|p1a: Cyclizar\n|-resisted|p1a: Cyclizar\n|-damage|p1a: Cyclizar|42\/100\n|\n|t:|1701212049\n|switch|p2a: Fezandipiti|Fezandipiti, M|66\/100|[from] Volt Switch\n|\n|-heal|p2a: Fezandipiti|72\/100|[from] item: Black Sludge\n|upkeep\n|turn|26\n|\n|t:|1701212054\n|move|p1a: Cyclizar|U-turn|p2a: Fezandipiti\n|-resisted|p2a: Fezandipiti\n|-damage|p2a: Fezandipiti|68\/100\n|\n|t:|1701212057\n|switch|p1a: Annihilape|Annihilape, F|13\/100|[from] U-turn\n|move|p2a: Fezandipiti|U-turn|p1a: Annihilape\n|-resisted|p1a: Annihilape\n|-crit|p1a: Annihilape\n|-damage|p1a: Annihilape|7\/100\n|\n|t:|1701212072\n|switch|p2a: Pawmot|Pawmot, M|64\/100|[from] U-turn\n|\n|upkeep\n|turn|27\n|\n|t:|1701212083\n|move|p2a: Pawmot|Volt Switch|p1a: Annihilape\n|-damage|p1a: Annihilape|0 fnt\n|faint|p1a: Annihilape\n|\n|t:|1701212094\n|switch|p2a: Fezandipiti|Fezandipiti, M|68\/100|[from] Volt Switch\n|\n|-heal|p2a: Fezandipiti|74\/100|[from] item: Black Sludge\n|upkeep\n|\n|t:|1701212099\n|switch|p1a: Cyclizar|Cyclizar, F|75\/100\n|turn|28\n|\n|t:|1701212109\n|move|p1a: Cyclizar|U-turn|p2a: Fezandipiti\n|-resisted|p2a: Fezandipiti\n|-damage|p2a: Fezandipiti|70\/100\n|move|p2a: Fezandipiti|U-turn|p1a: Cyclizar\n|-damage|p1a: Cyclizar|55\/100\n|\n|t:|1701212145\n|switch|p2a: Pawmot|Pawmot, M|64\/100|[from] U-turn\n|\n|upkeep\n|turn|29\n|\n|t:|1701212149\n|move|p1a: Cyclizar|U-turn|p2a: Pawmot\n|-resisted|p2a: Pawmot\n|-damage|p2a: Pawmot|57\/100\n|move|p2a: Pawmot|Volt Switch|p1a: Cyclizar\n|-resisted|p1a: Cyclizar\n|-damage|p1a: Cyclizar|42\/100\n|\n|t:|1701212158\n|switch|p2a: Fezandipiti|Fezandipiti, M|70\/100|[from] Volt Switch\n|\n|-heal|p2a: Fezandipiti|76\/100|[from] item: Black Sludge\n|upkeep\n|turn|30\n|\n|t:|1701212163\n|move|p1a: Cyclizar|U-turn|p2a: Fezandipiti\n|-resisted|p2a: Fezandipiti\n|-damage|p2a: Fezandipiti|72\/100\n|move|p2a: Fezandipiti|U-turn|p1a: Cyclizar\n|-damage|p1a: Cyclizar|24\/100\n|\n|t:|1701212175\n|switch|p2a: Gligar|Gligar, M|52\/100|[from] U-turn\n|\n|upkeep\n|turn|31\n|\n|t:|1701212179\n|move|p1a: Cyclizar|U-turn|p2a: Gligar\n|-resisted|p2a: Gligar\n|-damage|p2a: Gligar|46\/100\n|move|p2a: Gligar|Baton Pass|p2a: Gligar\n|\n|t:|1701212184\n|switch|p2a: Fezandipiti|Fezandipiti, M|72\/100|[from] Baton Pass\n|\n|-heal|p2a: Fezandipiti|78\/100|[from] item: Black Sludge\n|upkeep\n|turn|32\n|\n|t:|1701212195\n|move|p1a: Cyclizar|U-turn|p2a: Fezandipiti\n|-resisted|p2a: Fezandipiti\n|-damage|p2a: Fezandipiti|74\/100\n|move|p2a: Fezandipiti|U-turn|p1a: Cyclizar\n|-damage|p1a: Cyclizar|4\/100\n|\n|t:|1701212207\n|switch|p2a: Gligar|Gligar, M|46\/100|[from] U-turn\n|\n|upkeep\n|turn|33\n|\n|t:|1701212220\n|move|p1a: Cyclizar|U-turn|p2a: Gligar\n|-resisted|p2a: Gligar\n|-damage|p2a: Gligar|40\/100\n|move|p2a: Gligar|Baton Pass|p2a: Gligar\n|j| MrMachaca\n|\n|t:|1701212230\n|switch|p2a: Fezandipiti|Fezandipiti, M|74\/100|[from] Baton Pass\n|\n|-heal|p2a: Fezandipiti|80\/100|[from] item: Black Sludge\n|upkeep\n|turn|34\n|\n|t:|1701212238\n|move|p1a: Cyclizar|U-turn|p2a: Fezandipiti\n|-resisted|p2a: Fezandipiti\n|-damage|p2a: Fezandipiti|76\/100\n|move|p2a: Fezandipiti|U-turn|p1a: Cyclizar\n|-damage|p1a: Cyclizar|0 fnt\n|faint|p1a: Cyclizar\n|\n|win|draquest\n|l| MrBr3loom\n|l| mimizukii\n|l| MrMachaca\n","uploadtime":1701212246,"views":10,"p1id":"umbreonluna","p2id":"draquest","formatid":"gen9anythinggoes","rating":0,"private":0,"password":""}