{"id":"gen9anythinggoes-1998685807","p1":"Cringe Bee e","p2":"YoungEsq","format":"[Gen 9] Anything Goes","log":"|j|\u2606Cringe Bee e\n|j|\u2606YoungEsq\n|t:|1700972378\n|gametype|singles\n|player|p1|Cringe Bee e|red-masters|1207\n|player|p2|YoungEsq|265|1295\n|teamsize|p1|6\n|teamsize|p2|6\n|gen|9\n|tier|[Gen 9] Anything Goes\n|rated|\n|rule|HP Percentage Mod: HP is shown in percentages\n|rule|Endless Battle Clause: Forcing endless battles is banned\n|clearpoke\n|poke|p1|Greninja-*, M|\n|poke|p1|Ninetales-Alola, M|\n|poke|p1|Arcanine-Hisui, M|\n|poke|p1|Thundurus, M|\n|poke|p1|Dragapult, F|\n|poke|p1|Lucario, F|\n|poke|p2|Ting-Lu|\n|poke|p2|Gholdengo|\n|poke|p2|Roaring Moon|\n|poke|p2|Chi-Yu|\n|poke|p2|Samurott-Hisui, M|\n|poke|p2|Mandibuzz, F|\n|teampreview\n|inactive|Battle timer is ON: inactive players will automatically lose when time's up. (requested by Cringe Bee e)\n|\n|t:|1700972383\n|start\n|switch|p1a: Dragapult|Dragapult, F|100\/100\n|switch|p2a: Ting-Lu|Ting-Lu|100\/100\n|-ability|p2a: Ting-Lu|Vessel of Ruin\n|turn|1\n|\n|t:|1700972393\n|move|p1a: Dragapult|Phantom Force||[still]\n|-prepare|p1a: Dragapult|Phantom Force\n|move|p2a: Ting-Lu|Stealth Rock|p1a: Dragapult\n|-sidestart|p1: Cringe Bee e|move: Stealth Rock\n|\n|upkeep\n|turn|2\n|\n|t:|1700972398\n|move|p1a: Dragapult|Phantom Force|p2a: Ting-Lu|[from]lockedmove\n|-resisted|p2a: Ting-Lu\n|-damage|p2a: Ting-Lu|88\/100\n|move|p2a: Ting-Lu|Whirlwind|p1a: Dragapult\n|drag|p1a: Thundurus|Thundurus, M|100\/100\n|-damage|p1a: Thundurus|76\/100|[from] Stealth Rock\n|\n|-heal|p2a: Ting-Lu|94\/100|[from] item: Leftovers\n|upkeep\n|turn|3\n|\n|t:|1700972411\n|move|p1a: Thundurus|Hammer Arm|p2a: Ting-Lu\n|-supereffective|p2a: Ting-Lu\n|-damage|p2a: Ting-Lu|59\/100\n|-unboost|p1a: Thundurus|spe|1\n|move|p2a: Ting-Lu|Ruination|p1a: Thundurus\n|-damage|p1a: Thundurus|38\/100\n|\n|-heal|p2a: Ting-Lu|65\/100|[from] item: Leftovers\n|upkeep\n|turn|4\n|\n|t:|1700972423\n|move|p1a: Thundurus|Flash Cannon|p2a: Ting-Lu\n|-damage|p2a: Ting-Lu|56\/100\n|move|p2a: Ting-Lu|Ruination|p1a: Thundurus\n|-damage|p1a: Thundurus|20\/100\n|\n|-heal|p2a: Ting-Lu|62\/100|[from] item: Leftovers\n|upkeep\n|turn|5\n|\n|t:|1700972439\n|move|p1a: Thundurus|Hammer Arm|p2a: Ting-Lu\n|-supereffective|p2a: Ting-Lu\n|-damage|p2a: Ting-Lu|29\/100\n|-unboost|p1a: Thundurus|spe|1\n|move|p2a: Ting-Lu|Whirlwind|p1a: Thundurus\n|drag|p1a: Dragapult|Dragapult, F|100\/100\n|-damage|p1a: Dragapult|88\/100|[from] Stealth Rock\n|\n|-heal|p2a: Ting-Lu|35\/100|[from] item: Leftovers\n|upkeep\n|turn|6\n|\n|t:|1700972450\n|switch|p2a: Samurott|Samurott-Hisui, M|100\/100\n|move|p1a: Dragapult|Dragon Darts|p2a: Samurott\n|-damage|p2a: Samurott|71\/100\n|-anim|p1a: Dragapult|Dragon Darts|p2a: Samurott\n|-damage|p2a: Samurott|41\/100\n|\n|upkeep\n|turn|7\n|\n|t:|1700972461\n|switch|p1a: Greninja|Greninja, M|100\/100\n|-damage|p1a: Greninja|88\/100|[from] Stealth Rock\n|move|p2a: Samurott|Ceaseless Edge|p1a: Greninja\n|-resisted|p1a: Greninja\n|-damage|p1a: Greninja|51\/100\n|-sidestart|p1: Cringe Bee e|Spikes\n|\n|upkeep\n|turn|8\n|\n|t:|1700972472\n|move|p1a: Greninja|Water Shuriken|p2a: Samurott\n|-resisted|p2a: Samurott\n|-damage|p2a: Samurott|38\/100\n|-resisted|p2a: Samurott\n|-damage|p2a: Samurott|34\/100\n|-resisted|p2a: Samurott\n|-damage|p2a: Samurott|29\/100\n|-resisted|p2a: Samurott\n|-damage|p2a: Samurott|26\/100\n|-resisted|p2a: Samurott\n|-damage|p2a: Samurott|22\/100\n|-hitcount|p2a: Samurott|5\n|move|p2a: Samurott|Ceaseless Edge|p1a: Greninja\n|-resisted|p1a: Greninja\n|-damage|p1a: Greninja|11\/100\n|-sidestart|p1: Cringe Bee e|Spikes\n|\n|upkeep\n|turn|9\n|inactive|YoungEsq has 120 seconds left.\n|\n|t:|1700972502\n|move|p1a: Greninja|Ice Punch|p2a: Samurott\n|-resisted|p2a: Samurott\n|-damage|p2a: Samurott|12\/100\n|move|p2a: Samurott|Ceaseless Edge|p1a: Greninja\n|-resisted|p1a: Greninja\n|-damage|p1a: Greninja|0 fnt\n|-sidestart|p1: Cringe Bee e|Spikes\n|faint|p1a: Greninja\n|\n|upkeep\n|\n|t:|1700972511\n|switch|p1a: Thundurus|Thundurus, M|20\/100\n|-damage|p1a: Thundurus|0 fnt|[from] Stealth Rock\n|faint|p1a: Thundurus\n|\n|t:|1700972520\n|switch|p1a: Lucario|Lucario, F|100\/100\n|-damage|p1a: Lucario|98\/100|[from] Stealth Rock\n|-damage|p1a: Lucario|73\/100|[from] Spikes\n|turn|10\n|\n|t:|1700972528\n|move|p1a: Lucario|Bullet Punch|p2a: Samurott\n|-resisted|p2a: Samurott\n|-damage|p2a: Samurott|3\/100\n|move|p2a: Samurott|Razor Shell|p1a: Lucario\n|-damage|p1a: Lucario|0 fnt\n|faint|p1a: Lucario\n|\n|upkeep\n|\n|t:|1700972540\n|switch|p1a: Arcanine|Arcanine-Hisui, M|100\/100\n|-damage|p1a: Arcanine|76\/100|[from] Stealth Rock\n|-damage|p1a: Arcanine|51\/100|[from] Spikes\n|turn|11\n|\n|t:|1700972545\n|move|p1a: Arcanine|Extreme Speed|p2a: Samurott\n|-damage|p2a: Samurott|0 fnt\n|faint|p2a: Samurott\n|\n|upkeep\n|\n|t:|1700972555\n|switch|p2a: Ting-Lu|Ting-Lu|35\/100\n|-ability|p2a: Ting-Lu|Vessel of Ruin\n|turn|12\n|\n|t:|1700972563\n|move|p1a: Arcanine|Flare Blitz|p2a: Ting-Lu\n|-damage|p2a: Ting-Lu|7\/100\n|move|p2a: Ting-Lu|Earthquake|p1a: Arcanine\n|-supereffective|p1a: Arcanine\n|-damage|p1a: Arcanine|0 fnt\n|faint|p1a: Arcanine\n|\n|-heal|p2a: Ting-Lu|13\/100|[from] item: Leftovers\n|upkeep\n|\n|t:|1700972569\n|switch|p1a: Dragapult|Dragapult, F|88\/100\n|-damage|p1a: Dragapult|76\/100|[from] Stealth Rock\n|-damage|p1a: Dragapult|51\/100|[from] Spikes\n|turn|13\n|\n|t:|1700972577\n|move|p1a: Dragapult|Dragon Darts|p2a: Ting-Lu\n|-damage|p2a: Ting-Lu|0 fnt\n|faint|p2a: Ting-Lu\n|\n|upkeep\n|\n|t:|1700972583\n|switch|p2a: Chi-Yu|Chi-Yu|100\/100\n|-ability|p2a: Chi-Yu|Beads of Ruin\n|turn|14\n|\n|t:|1700972594\n|-terastallize|p1a: Dragapult|Dragon\n|move|p2a: Chi-Yu|Dark Pulse|p1a: Dragapult\n|-damage|p1a: Dragapult|0 fnt\n|faint|p1a: Dragapult\n|\n|upkeep\n|\n|t:|1700972599\n|switch|p1a: Ninetales|Ninetales-Alola, M|100\/100\n|-damage|p1a: Ninetales|76\/100|[from] Stealth Rock\n|-damage|p1a: Ninetales|51\/100|[from] Spikes\n|-weather|Snow|[from] ability: Snow Warning|[of] p1a: Ninetales\n|turn|15\n|\n|t:|1700972604\n|switch|p2a: Gholdengo|Gholdengo|100\/100\n|-item|p2a: Gholdengo|Air Balloon\n|move|p1a: Ninetales|Moonblast|p2a: Gholdengo\n|-resisted|p2a: Gholdengo\n|-damage|p2a: Gholdengo|78\/100\n|-unboost|p2a: Gholdengo|spa|1\n|-enditem|p2a: Gholdengo|Air Balloon\n|\n|-weather|Snow|[upkeep]\n|upkeep\n|turn|16\n|\n|t:|1700972611\n|move|p1a: Ninetales|Aurora Veil|p1a: Ninetales\n|-sidestart|p1: Cringe Bee e|move: Aurora Veil\n|move|p2a: Gholdengo|Make It Rain|p1a: Ninetales\n|-supereffective|p1a: Ninetales\n|-damage|p1a: Ninetales|0 fnt\n|-unboost|p2a: Gholdengo|spa|1\n|faint|p1a: Ninetales\n|\n|win|YoungEsq\n|raw|Cringe Bee e's rating: 1207 &rarr; <strong>1188<\/strong><br \/>(-19 for losing)\n|raw|YoungEsq's rating: 1295 &rarr; <strong>1314<\/strong><br \/>(+19 for winning)\n","uploadtime":1700972615,"views":0,"p1id":"cringebeee","p2id":"youngesq","formatid":"gen9anythinggoes","rating":1188,"private":0,"password":""}