{"id":"gen9anythinggoes-1983692901","p1":"D-Side Sunky","p2":"R1212","format":"[Gen 9] Anything Goes","log":"|j|\u2606D-Side Sunky\n|j|\u2606R1212\n|t:|1699161949\n|gametype|singles\n|player|p1|D-Side Sunky|barry|1082\n|player|p2|R1212|265|1079\n|teamsize|p1|6\n|teamsize|p2|6\n|gen|9\n|tier|[Gen 9] Anything Goes\n|rated|\n|rule|HP Percentage Mod: HP is shown in percentages\n|rule|Endless Battle Clause: Forcing endless battles is banned\n|clearpoke\n|poke|p1|Darkrai|\n|poke|p1|Regidrago|\n|poke|p1|Glastrier|\n|poke|p1|Eternatus|\n|poke|p1|Dialga|\n|poke|p1|Flapple, M|\n|poke|p2|Dugtrio, F|\n|poke|p2|Brambleghast, M|\n|poke|p2|Espeon, F|\n|poke|p2|Drifblim, F|\n|poke|p2|Manaphy|\n|poke|p2|Ariados, M|\n|teampreview\n|\n|t:|1699161966\n|start\n|switch|p1a: Darkrai|Darkrai|100\/100\n|switch|p2a: Brambleghast|Brambleghast, M|100\/100\n|turn|1\n|\n|t:|1699161973\n|switch|p2a: Espeon|Espeon, F|100\/100\n|move|p1a: Darkrai|Dark Void|p2a: Espeon\n|move|p2a: Espeon|Dark Void|p1a: Darkrai|[from]ability: Magic Bounce\n|-status|p1a: Darkrai|slp|[from] move: Dark Void\n|\n|upkeep\n|turn|2\n|\n|t:|1699161982\n|switch|p1a: Regidrago|Regidrago|100\/100\n|move|p2a: Espeon|Trick|p1a: Regidrago\n|-activate|p2a: Espeon|move: Trick|[of] p1a: Regidrago\n|-item|p1a: Regidrago|Choice Scarf|[from] move: Trick\n|-item|p2a: Espeon|Dragon Fang|[from] move: Trick\n|\n|upkeep\n|turn|3\n|\n|t:|1699161993\n|move|p1a: Regidrago|Dragon Energy|p2a: Espeon\n|-damage|p2a: Espeon|0 fnt\n|faint|p2a: Espeon\n|\n|upkeep\n|\n|t:|1699161999\n|switch|p2a: Ariados|Ariados, M|100\/100\n|turn|4\n|\n|t:|1699162002\n|move|p1a: Regidrago|Dragon Energy|p2a: Ariados\n|-enditem|p2a: Ariados|Focus Sash\n|-damage|p2a: Ariados|1\/100\n|move|p2a: Ariados|Sticky Web|p1a: Regidrago\n|-sidestart|p1: D-Side Sunky|move: Sticky Web\n|\n|upkeep\n|turn|5\n|\n|t:|1699162009\n|move|p1a: Regidrago|Dragon Energy|p2a: Ariados\n|-damage|p2a: Ariados|0 fnt\n|faint|p2a: Ariados\n|\n|upkeep\n|\n|t:|1699162011\n|switch|p2a: Dugtrio|Dugtrio, F|100\/100\n|turn|6\n|\n|t:|1699162016\n|move|p1a: Regidrago|Dragon Energy|p2a: Dugtrio\n|-enditem|p2a: Dugtrio|Focus Sash\n|-damage|p2a: Dugtrio|1\/100\n|move|p2a: Dugtrio|Mud-Slap|p1a: Regidrago\n|-damage|p1a: Regidrago|96\/100\n|-unboost|p1a: Regidrago|accuracy|1\n|\n|upkeep\n|turn|7\n|\n|t:|1699162025\n|move|p1a: Regidrago|Dragon Energy|p2a: Dugtrio|[miss]\n|-miss|p1a: Regidrago|p2a: Dugtrio\n|move|p2a: Dugtrio|Mud-Slap|p1a: Regidrago\n|-damage|p1a: Regidrago|92\/100\n|-unboost|p1a: Regidrago|accuracy|1\n|\n|upkeep\n|turn|8\n|\n|t:|1699162032\n|move|p1a: Regidrago|Dragon Energy|p2a: Dugtrio|[miss]\n|-miss|p1a: Regidrago|p2a: Dugtrio\n|move|p2a: Dugtrio|Stealth Rock|p1a: Regidrago\n|-sidestart|p1: D-Side Sunky|move: Stealth Rock\n|\n|upkeep\n|turn|9\n|c|\u2606D-Side Sunky|oh god no\n|\n|t:|1699162044\n|move|p1a: Regidrago|Dragon Energy|p2a: Dugtrio|[miss]\n|-miss|p1a: Regidrago|p2a: Dugtrio\n|move|p2a: Dugtrio|Mud-Slap|p1a: Regidrago\n|-damage|p1a: Regidrago|87\/100\n|-unboost|p1a: Regidrago|accuracy|1\n|\n|upkeep\n|turn|10\n|\n|t:|1699162052\n|move|p1a: Regidrago|Dragon Energy|p2a: Dugtrio|[miss]\n|-miss|p1a: Regidrago|p2a: Dugtrio\n|move|p2a: Dugtrio|Mud-Slap|p1a: Regidrago\n|-damage|p1a: Regidrago|83\/100\n|-unboost|p1a: Regidrago|accuracy|1\n|\n|upkeep\n|turn|11\n|\n|t:|1699162064\n|-activate|p1a: Regidrago|move: Struggle\n|move|p1a: Regidrago|Struggle|p2a: Dugtrio\n|-crit|p2a: Dugtrio\n|-damage|p2a: Dugtrio|0 fnt\n|faint|p2a: Dugtrio\n|-damage|p1a: Regidrago|58\/100|[from] recoil\n|\n|upkeep\n|\n|t:|1699162070\n|switch|p2a: Drifblim|Drifblim, F|100\/100\n|turn|12\n|\n|t:|1699162080\n|-activate|p1a: Regidrago|move: Struggle\n|move|p1a: Regidrago|Struggle|p2a: Drifblim\n|-damage|p2a: Drifblim|89\/100\n|-damage|p1a: Regidrago|33\/100|[from] recoil\n|move|p2a: Drifblim|Minimize|p2a: Drifblim\n|-boost|p2a: Drifblim|evasion|2\n|\n|-heal|p2a: Drifblim|95\/100|[from] item: Leftovers\n|upkeep\n|turn|13\n|\n|t:|1699162091\n|-activate|p1a: Regidrago|move: Struggle\n|move|p1a: Regidrago|Struggle|p2a: Drifblim\n|-damage|p2a: Drifblim|84\/100\n|-damage|p1a: Regidrago|8\/100|[from] recoil\n|move|p2a: Drifblim|Minimize|p2a: Drifblim\n|-boost|p2a: Drifblim|evasion|2\n|\n|-heal|p2a: Drifblim|90\/100|[from] item: Leftovers\n|upkeep\n|turn|14\n|c|\u2606D-Side Sunky|Don\u2019t u dare use baton pass.\n|\n|t:|1699162110\n|-activate|p1a: Regidrago|move: Struggle\n|move|p1a: Regidrago|Struggle|p2a: Drifblim\n|-damage|p2a: Drifblim|78\/100\n|-damage|p1a: Regidrago|0 fnt|[from] recoil\n|faint|p1a: Regidrago\n|move|p2a: Drifblim|Minimize|p2a: Drifblim\n|-boost|p2a: Drifblim|evasion|2\n|\n|-heal|p2a: Drifblim|84\/100|[from] item: Leftovers\n|upkeep\n|\n|t:|1699162121\n|switch|p1a: Darkrai|Darkrai|100\/100 slp\n|-activate|p1a: Darkrai|move: Sticky Web\n|-unboost|p1a: Darkrai|spe|1\n|-damage|p1a: Darkrai|88\/100 slp|[from] Stealth Rock\n|turn|15\n|\n|t:|1699162134\n|cant|p1a: Darkrai|slp\n|move|p2a: Drifblim|Stockpile|p2a: Drifblim\n|-start|p2a: Drifblim|stockpile1\n|-boost|p2a: Drifblim|def|1\n|-boost|p2a: Drifblim|spd|1\n|\n|-heal|p2a: Drifblim|90\/100|[from] item: Leftovers\n|upkeep\n|turn|16\n|\n|t:|1699162146\n|-curestatus|p1a: Darkrai|slp|[msg]\n|move|p1a: Darkrai|Dark Void|p2a: Drifblim|[miss]\n|-miss|p1a: Darkrai|p2a: Drifblim\n|move|p2a: Drifblim|Stockpile|p2a: Drifblim\n|-start|p2a: Drifblim|stockpile2\n|-boost|p2a: Drifblim|def|1\n|-boost|p2a: Drifblim|spd|1\n|\n|-heal|p2a: Drifblim|96\/100|[from] item: Leftovers\n|upkeep\n|turn|17\n|\n|t:|1699162157\n|move|p1a: Darkrai|Dark Void|p2a: Drifblim|[miss]\n|-miss|p1a: Darkrai|p2a: Drifblim\n|move|p2a: Drifblim|Stockpile|p2a: Drifblim\n|-start|p2a: Drifblim|stockpile3\n|-boost|p2a: Drifblim|def|1\n|-boost|p2a: Drifblim|spd|1\n|\n|-heal|p2a: Drifblim|100\/100|[from] item: Leftovers\n|upkeep\n|turn|18\n|\n|t:|1699162168\n|move|p1a: Darkrai|Blizzard|p2a: Drifblim|[miss]\n|-miss|p1a: Darkrai|p2a: Drifblim\n|move|p2a: Drifblim|Baton Pass|p2a: Drifblim\n|\n|t:|1699162177\n|switch|p2a: Manaphy|Manaphy|100\/100|[from] Baton Pass\n|\n|upkeep\n|turn|19\n|c|\u2606D-Side Sunky|I FUNKING hate u\n|\n|t:|1699162185\n|move|p2a: Manaphy|Tail Glow|p2a: Manaphy\n|-boost|p2a: Manaphy|spa|3\n|move|p1a: Darkrai|Blizzard|p2a: Manaphy|[miss]\n|-miss|p1a: Darkrai|p2a: Manaphy\n|\n|upkeep\n|turn|20\n|c|\u2606R1212|k\n|\n|t:|1699162193\n|-terastallize|p1a: Darkrai|Dark\n|move|p2a: Manaphy|Tail Glow|p2a: Manaphy\n|-boost|p2a: Manaphy|spa|3\n|move|p1a: Darkrai|Dark Pulse|p2a: Manaphy|[miss]\n|-miss|p1a: Darkrai|p2a: Manaphy\n|\n|upkeep\n|turn|21\n|\n|t:|1699162201\n|move|p2a: Manaphy|Surf|p1a: Darkrai\n|-damage|p1a: Darkrai|0 fnt\n|faint|p1a: Darkrai\n|\n|upkeep\n|\n|t:|1699162208\n|switch|p1a: Glastrier|Glastrier|100\/100\n|-activate|p1a: Glastrier|move: Sticky Web\n|-unboost|p1a: Glastrier|spe|1\n|-damage|p1a: Glastrier|76\/100|[from] Stealth Rock\n|turn|22\n|\n|t:|1699162217\n|move|p2a: Manaphy|Stored Power|p1a: Glastrier\n|-damage|p1a: Glastrier|0 fnt\n|faint|p1a: Glastrier\n|\n|upkeep\n|\n|t:|1699162222\n|switch|p1a: Eternatus|Eternatus|100\/100\n|-activate|p1a: Eternatus|move: Sticky Web\n|-unboost|p1a: Eternatus|spe|1\n|-damage|p1a: Eternatus|88\/100|[from] Stealth Rock\n|-ability|p1a: Eternatus|Pressure\n|turn|23\n|\n|t:|1699162238\n|move|p2a: Manaphy|Stored Power|p1a: Eternatus\n|-supereffective|p1a: Eternatus\n|-damage|p1a: Eternatus|0 fnt\n|faint|p1a: Eternatus\n|\n|upkeep\n|c|\u2606D-Side Sunky|AAAAAAAAAAAA\n|\n|t:|1699162254\n|switch|p1a: Dialga|Dialga|100\/100\n|-activate|p1a: Dialga|move: Sticky Web\n|-unboost|p1a: Dialga|spe|1\n|-damage|p1a: Dialga|94\/100|[from] Stealth Rock\n|turn|24\n|\n|t:|1699162261\n|move|p2a: Manaphy|Stored Power|p1a: Dialga\n|-resisted|p1a: Dialga\n|-damage|p1a: Dialga|0 fnt\n|faint|p1a: Dialga\n|\n|upkeep\n|\n|t:|1699162266\n|switch|p1a: Flapple|Flapple, M|100\/100\n|-activate|p1a: Flapple|move: Sticky Web\n|-unboost|p1a: Flapple|spe|1\n|-damage|p1a: Flapple|88\/100|[from] Stealth Rock\n|turn|25\n|\n|t:|1699162274\n|move|p2a: Manaphy|Stored Power|p1a: Flapple\n|-damage|p1a: Flapple|0 fnt\n|faint|p1a: Flapple\n|\n|win|R1212\n|raw|D-Side Sunky's rating: 1082 &rarr; <strong>1060<\/strong><br \/>(-22 for losing)\n|raw|R1212's rating: 1079 &rarr; <strong>1107<\/strong><br \/>(+28 for winning)\n","uploadtime":1699162181,"views":7,"p1id":"dsidesunky","p2id":"r1212","formatid":"gen9anythinggoes","rating":1060,"private":0,"password":""}