{"id":"gen9anythinggoes-1992026957","p1":"KitsuneAka95","p2":"TrappisFlappis","format":"[Gen 9] Anything Goes","log":"|j|\u2606KitsuneAka95\n|j|\u2606TrappisFlappis\n|t:|1700148901\n|gametype|singles\n|player|p1|KitsuneAka95|170|1080\n|player|p2|TrappisFlappis|riley|1115\n|teamsize|p1|6\n|teamsize|p2|6\n|gen|9\n|tier|[Gen 9] Anything Goes\n|rated|\n|rule|HP Percentage Mod: HP is shown in percentages\n|rule|Endless Battle Clause: Forcing endless battles is banned\n|clearpoke\n|poke|p1|Hoopa-Unbound|\n|poke|p1|Heatran, F|\n|poke|p1|Calyrex-Shadow|\n|poke|p1|Urshifu-*, F|\n|poke|p1|Slither Wing|\n|poke|p1|Tauros-Paldea-Aqua, M|\n|poke|p2|Maushold-Four|\n|poke|p2|Flutter Mane|\n|poke|p2|Miraidon|\n|poke|p2|Rabsca, M|\n|poke|p2|Garganacl, F|\n|poke|p2|Houndstone, M|\n|teampreview\n|inactive|Battle timer is ON: inactive players will automatically lose when time's up. (requested by KitsuneAka95)\n|\n|t:|1700148920\n|start\n|switch|p1a: Tauros|Tauros-Paldea-Aqua, M|100\/100\n|switch|p2a: DeMarco|Miraidon|100\/100\n|-fieldstart|move: Electric Terrain|[from] ability: Hadron Engine|[of] p2a: DeMarco\n|-ability|p1a: Tauros|Intimidate|boost\n|-unboost|p2a: DeMarco|atk|1\n|turn|1\n|\n|t:|1700148945\n|-terastallize|p2a: DeMarco|Electric\n|move|p2a: DeMarco|Electro Drift|p1a: Tauros\n|-supereffective|p1a: Tauros\n|-damage|p1a: Tauros|0 fnt\n|faint|p1a: Tauros\n|\n|upkeep\n|\n|t:|1700148957\n|switch|p1a: Calyrex|Calyrex-Shadow|100\/100\n|-ability|p1a: Calyrex|As One\n|-ability|p1a: Calyrex|Unnerve\n|turn|2\n|\n|t:|1700148965\n|move|p2a: DeMarco|Electro Drift|p1a: Calyrex\n|-damage|p1a: Calyrex|12\/100\n|move|p1a: Calyrex|Astral Barrage|p2a: DeMarco\n|-damage|p2a: DeMarco|54\/100\n|\n|upkeep\n|turn|3\n|\n|t:|1700148974\n|move|p2a: DeMarco|Electro Drift|p1a: Calyrex\n|-damage|p1a: Calyrex|0 fnt\n|faint|p1a: Calyrex\n|\n|upkeep\n|\n|t:|1700148989\n|switch|p1a: Slither Wing|Slither Wing|100\/100\n|-enditem|p1a: Slither Wing|Booster Energy\n|-activate|p1a: Slither Wing|ability: Protosynthesis|[fromitem]\n|-start|p1a: Slither Wing|protosynthesisatk\n|turn|4\n|\n|t:|1700148997\n|move|p2a: DeMarco|Electro Drift|p1a: Slither Wing\n|-damage|p1a: Slither Wing|0 fnt\n|faint|p1a: Slither Wing\n|-end|p1a: Slither Wing|Protosynthesis|[silent]\n|\n|upkeep\n|\n|t:|1700149003\n|switch|p1a: Urshifu|Urshifu-Rapid-Strike, F|100\/100\n|turn|5\n|\n|t:|1700149009\n|move|p2a: DeMarco|Electro Drift|p1a: Urshifu\n|-supereffective|p1a: Urshifu\n|-damage|p1a: Urshifu|0 fnt\n|faint|p1a: Urshifu\n|\n|-fieldend|move: Electric Terrain\n|upkeep\n|\n|t:|1700149015\n|switch|p1a: Heatran|Heatran, F, shiny|100\/100\n|turn|6\n|\n|t:|1700149019\n|switch|p2a: Maushold|Maushold-Four|100\/100\n|move|p1a: Heatran|Magma Storm|p2a: Maushold\n|-damage|p2a: Maushold|27\/100\n|-activate|p2a: Maushold|move: Magma Storm|[of] p1a: Heatran\n|\n|-damage|p2a: Maushold|15\/100|[from] move: Magma Storm|[partiallytrapped]\n|upkeep\n|turn|7\n|\n|t:|1700149030\n|move|p2a: Maushold|Population Bomb|p1a: Heatran\n|-resisted|p1a: Heatran\n|-damage|p1a: Heatran|95\/100\n|-resisted|p1a: Heatran\n|-damage|p1a: Heatran|89\/100\n|-resisted|p1a: Heatran\n|-damage|p1a: Heatran|84\/100\n|-resisted|p1a: Heatran\n|-damage|p1a: Heatran|79\/100\n|-resisted|p1a: Heatran\n|-damage|p1a: Heatran|73\/100\n|-resisted|p1a: Heatran\n|-damage|p1a: Heatran|68\/100\n|-resisted|p1a: Heatran\n|-damage|p1a: Heatran|62\/100\n|-resisted|p1a: Heatran\n|-damage|p1a: Heatran|56\/100\n|-resisted|p1a: Heatran\n|-damage|p1a: Heatran|51\/100\n|-resisted|p1a: Heatran\n|-damage|p1a: Heatran|44\/100\n|-hitcount|p1a: Heatran|10\n|move|p1a: Heatran|Flash Cannon|p2a: Maushold\n|-damage|p2a: Maushold|0 fnt\n|faint|p2a: Maushold\n|\n|upkeep\n|\n|t:|1700149055\n|switch|p2a: DeMarco|Miraidon, tera:Electric|54\/100\n|-fieldstart|move: Electric Terrain|[from] ability: Hadron Engine|[of] p2a: DeMarco\n|turn|8\n|\n|t:|1700149067\n|move|p2a: DeMarco|Electro Drift|p1a: Heatran\n|-damage|p1a: Heatran|0 fnt\n|faint|p1a: Heatran\n|\n|upkeep\n|\n|t:|1700149073\n|switch|p1a: Hoopa|Hoopa-Unbound|100\/100\n|turn|9\n|\n|t:|1700149079\n|move|p2a: DeMarco|Electro Drift|p1a: Hoopa\n|-damage|p1a: Hoopa|3\/100\n|move|p1a: Hoopa|Hyperspace Fury|p2a: DeMarco\n|-damage|p2a: DeMarco|2\/100\n|-unboost|p1a: Hoopa|def|1\n|-item|p1a: Hoopa|Assault Vest|[from] ability: Magician|[of] p2a: DeMarco\n|\n|upkeep\n|turn|10\n|c|\u2606KitsuneAka95|gg\n|\n|t:|1700149090\n|move|p2a: DeMarco|Electro Drift|p1a: Hoopa\n|-damage|p1a: Hoopa|0 fnt\n|faint|p1a: Hoopa\n|\n|win|TrappisFlappis\n|raw|KitsuneAka95's rating: 1080 &rarr; <strong>1060<\/strong><br \/>(-20 for losing)\n|raw|TrappisFlappis's rating: 1115 &rarr; <strong>1137<\/strong><br \/>(+22 for winning)\n","uploadtime":1700149093,"views":3,"p1id":"kitsuneaka95","p2id":"trappisflappis","formatid":"gen9anythinggoes","rating":1060,"private":0,"password":""}