{"id":"gen9anythinggoes-1971396540","p1":"BonnieTheBunny20","p2":"ma3m_75","format":"[Gen 9] Anything Goes","log":"|j|\u2606BonnieTheBunny20\n|j|\u203dma3m_75\n|t:|1697735238\n|gametype|singles\n|player|p1|BonnieTheBunny20|102|1224\n|player|p2|ma3m_75|shauntal|1183\n|teamsize|p1|6\n|teamsize|p2|1\n|gen|9\n|tier|[Gen 9] Anything Goes\n|rated|\n|rule|HP Percentage Mod: HP is shown in percentages\n|rule|Endless Battle Clause: Forcing endless battles is banned\n|clearpoke\n|poke|p1|Infernape, M|\n|poke|p1|Dipplin, F|\n|poke|p1|Gliscor, F|\n|poke|p1|Samurott-Hisui, M|\n|poke|p1|Miraidon|\n|poke|p1|Flutter Mane|\n|poke|p2|Scovillain, M|\n|teampreview\n|inactive|Battle timer is ON: inactive players will automatically lose when time's up. (requested by BonnieTheBunny20)\n|c|\u2606BonnieTheBunny20|???\n|\n|t:|1697735253\n|start\n|switch|p1a: Infernape|Infernape, M|100\/100\n|switch|p2a: Scovillain|Scovillain, M|100\/100\n|turn|1\n|\n|t:|1697735264\n|move|p2a: Scovillain|Protect|p2a: Scovillain\n|-singleturn|p2a: Scovillain|Protect\n|move|p1a: Infernape|Fake Out|p2a: Scovillain\n|-activate|p2a: Scovillain|move: Protect\n|\n|-ability|p2a: Scovillain|Moody|boost\n|-boost|p2a: Scovillain|def|2\n|-unboost|p2a: Scovillain|spa|1\n|upkeep\n|turn|2\n|c|\u2606BonnieTheBunny20|Tf is your plan here\n|\n|t:|1697735272\n|move|p1a: Infernape|Mach Punch|p2a: Scovillain\n|-damage|p2a: Scovillain|83\/100\n|move|p2a: Scovillain|Substitute|p2a: Scovillain\n|-start|p2a: Scovillain|Substitute\n|-damage|p2a: Scovillain|59\/100\n|\n|-heal|p2a: Scovillain|65\/100|[from] item: Leftovers\n|-ability|p2a: Scovillain|Moody|boost\n|-boost|p2a: Scovillain|def|2\n|-unboost|p2a: Scovillain|spa|1\n|upkeep\n|turn|3\n|\n|t:|1697735284\n|move|p2a: Scovillain|Protect|p2a: Scovillain\n|-singleturn|p2a: Scovillain|Protect\n|move|p1a: Infernape|Fire Punch|p2a: Scovillain\n|-activate|p2a: Scovillain|move: Protect\n|\n|-heal|p2a: Scovillain|71\/100|[from] item: Leftovers\n|-ability|p2a: Scovillain|Moody|boost\n|-boost|p2a: Scovillain|spd|2\n|-unboost|p2a: Scovillain|spa|1\n|upkeep\n|turn|4\n|c|\u2606BonnieTheBunny20|Oh i see\n|\n|t:|1697735299\n|move|p1a: Infernape|Fire Punch|p2a: Scovillain\n|-activate|p2a: Scovillain|move: Substitute|[damage]\n|move|p2a: Scovillain|Seed Bomb|p1a: Infernape\n|-resisted|p1a: Infernape\n|-damage|p1a: Infernape|78\/100\n|\n|-heal|p2a: Scovillain|77\/100|[from] item: Leftovers\n|-ability|p2a: Scovillain|Moody|boost\n|-boost|p2a: Scovillain|spa|2\n|-unboost|p2a: Scovillain|def|1\n|upkeep\n|turn|5\n|\n|t:|1697735311\n|move|p2a: Scovillain|Protect|p2a: Scovillain\n|-singleturn|p2a: Scovillain|Protect\n|move|p1a: Infernape|Fire Punch|p2a: Scovillain\n|-activate|p2a: Scovillain|move: Protect\n|\n|-heal|p2a: Scovillain|83\/100|[from] item: Leftovers\n|-ability|p2a: Scovillain|Moody|boost\n|-boost|p2a: Scovillain|spd|2\n|-unboost|p2a: Scovillain|spe|1\n|upkeep\n|turn|6\n|\n|t:|1697735331\n|move|p1a: Infernape|Fire Punch|p2a: Scovillain\n|-end|p2a: Scovillain|Substitute\n|move|p2a: Scovillain|Seed Bomb|p1a: Infernape\n|-resisted|p1a: Infernape\n|-damage|p1a: Infernape|53\/100\n|\n|-heal|p2a: Scovillain|89\/100|[from] item: Leftovers\n|-ability|p2a: Scovillain|Moody|boost\n|-boost|p2a: Scovillain|spd|2\n|-unboost|p2a: Scovillain|spa|1\n|upkeep\n|turn|7\n|\n|t:|1697735344\n|move|p1a: Infernape|Fire Punch|p2a: Scovillain\n|-damage|p2a: Scovillain|64\/100\n|move|p2a: Scovillain|Substitute|p2a: Scovillain\n|-start|p2a: Scovillain|Substitute\n|-damage|p2a: Scovillain|39\/100\n|\n|-heal|p2a: Scovillain|45\/100|[from] item: Leftovers\n|-ability|p2a: Scovillain|Moody|boost\n|-boost|p2a: Scovillain|def|2\n|-unboost|p2a: Scovillain|spe|1\n|upkeep\n|turn|8\n|\n|t:|1697735352\n|move|p2a: Scovillain|Protect|p2a: Scovillain\n|-singleturn|p2a: Scovillain|Protect\n|move|p1a: Infernape|Mach Punch|p2a: Scovillain\n|-activate|p2a: Scovillain|move: Protect\n|\n|-heal|p2a: Scovillain|51\/100|[from] item: Leftovers\n|-ability|p2a: Scovillain|Moody|boost\n|-boost|p2a: Scovillain|def|1\n|-unboost|p2a: Scovillain|spd|1\n|upkeep\n|turn|9\n|c|\u2606BonnieTheBunny20|Do you really think this will work\n|l|\u2606BonnieTheBunny20\n|inactive|BonnieTheBunny20 disconnected and has a minute to reconnect!\n|player|p1|\n|j|\u2606BonnieTheBunny20\n|inactive|BonnieTheBunny20 reconnected.\n|player|p1|BonnieTheBunny20|102\n|\n|t:|1697735376\n|move|p1a: Infernape|Mach Punch|p2a: Scovillain\n|-activate|p2a: Scovillain|move: Substitute|[damage]\n|move|p2a: Scovillain|Seed Bomb|p1a: Infernape\n|-resisted|p1a: Infernape\n|-damage|p1a: Infernape|30\/100\n|\n|-heal|p2a: Scovillain|57\/100|[from] item: Leftovers\n|-ability|p2a: Scovillain|Moody|boost\n|-boost|p2a: Scovillain|atk|2\n|-unboost|p2a: Scovillain|spd|1\n|upkeep\n|turn|10\n|\n|t:|1697735389\n|move|p1a: Infernape|Mach Punch|p2a: Scovillain\n|-activate|p2a: Scovillain|move: Substitute|[damage]\n|move|p2a: Scovillain|Seed Bomb|p1a: Infernape\n|-resisted|p1a: Infernape\n|-damage|p1a: Infernape|0 fnt\n|faint|p1a: Infernape\n|\n|-heal|p2a: Scovillain|63\/100|[from] item: Leftovers\n|-ability|p2a: Scovillain|Moody|boost\n|-boost|p2a: Scovillain|atk|2\n|-unboost|p2a: Scovillain|spa|1\n|upkeep\n|\n|t:|1697735397\n|switch|p1a: Dipplin|Dipplin, F|100\/100\n|turn|11\n|\n|t:|1697735401\n|move|p1a: Dipplin|Body Slam|p2a: Scovillain\n|-end|p2a: Scovillain|Substitute\n|move|p2a: Scovillain|Seed Bomb|p1a: Dipplin\n|-resisted|p1a: Dipplin\n|-crit|p1a: Dipplin\n|-damage|p1a: Dipplin|83\/100\n|\n|-heal|p2a: Scovillain|69\/100|[from] item: Leftovers\n|-ability|p2a: Scovillain|Moody|boost\n|-boost|p2a: Scovillain|spd|2\n|-unboost|p2a: Scovillain|spe|1\n|upkeep\n|turn|12\n|inactive|ma3m_75 has 120 seconds left.\n|\n|t:|1697735432\n|move|p1a: Dipplin|Body Slam|p2a: Scovillain\n|-damage|p2a: Scovillain|59\/100\n|move|p2a: Scovillain|Substitute|p2a: Scovillain\n|-start|p2a: Scovillain|Substitute\n|-damage|p2a: Scovillain|35\/100\n|\n|-heal|p2a: Scovillain|41\/100|[from] item: Leftovers\n|-ability|p2a: Scovillain|Moody|boost\n|-boost|p2a: Scovillain|spa|2\n|-unboost|p2a: Scovillain|spe|1\n|upkeep\n|turn|13\n|\n|t:|1697735442\n|move|p2a: Scovillain|Protect|p2a: Scovillain\n|-singleturn|p2a: Scovillain|Protect\n|move|p1a: Dipplin|Body Slam|p2a: Scovillain\n|-activate|p2a: Scovillain|move: Protect\n|\n|-heal|p2a: Scovillain|47\/100|[from] item: Leftovers\n|-ability|p2a: Scovillain|Moody|boost\n|-boost|p2a: Scovillain|spe|2\n|-unboost|p2a: Scovillain|spd|1\n|upkeep\n|turn|14\n|l|\u2606BonnieTheBunny20\n|inactive|BonnieTheBunny20 disconnected and has a minute to reconnect!\n|player|p1|\n|\n|t:|1697735456\n|move|p1a: Dipplin|Body Slam|p2a: Scovillain\n|-crit|p2a: Scovillain\n|-end|p2a: Scovillain|Substitute\n|move|p2a: Scovillain|Fire Blast|p1a: Dipplin\n|-damage|p1a: Dipplin|63\/100\n|\n|-heal|p2a: Scovillain|53\/100|[from] item: Leftovers\n|-ability|p2a: Scovillain|Moody|boost\n|-boost|p2a: Scovillain|spa|2\n|-unboost|p2a: Scovillain|spe|1\n|upkeep\n|turn|15\n|j|\u2606BonnieTheBunny20\n|inactive|BonnieTheBunny20 reconnected and has 150 seconds left.\n|player|p1|BonnieTheBunny20|102\n|\n|t:|1697735465\n|move|p2a: Scovillain|Protect|p2a: Scovillain\n|-singleturn|p2a: Scovillain|Protect\n|move|p1a: Dipplin|Body Slam|p2a: Scovillain\n|-activate|p2a: Scovillain|move: Protect\n|\n|-heal|p2a: Scovillain|59\/100|[from] item: Leftovers\n|-ability|p2a: Scovillain|Moody|boost\n|-boost|p2a: Scovillain|spa|2\n|-unboost|p2a: Scovillain|spd|1\n|upkeep\n|turn|16\n|\n|t:|1697735476\n|move|p1a: Dipplin|Body Slam|p2a: Scovillain\n|-damage|p2a: Scovillain|49\/100\n|move|p2a: Scovillain|Substitute|p2a: Scovillain\n|-start|p2a: Scovillain|Substitute\n|-damage|p2a: Scovillain|24\/100\n|\n|-heal|p2a: Scovillain|30\/100|[from] item: Leftovers\n|-ability|p2a: Scovillain|Moody|boost\n|-boost|p2a: Scovillain|spa|2\n|-unboost|p2a: Scovillain|atk|1\n|upkeep\n|turn|17\n|\n|t:|1697735483\n|move|p2a: Scovillain|Protect|p2a: Scovillain\n|-singleturn|p2a: Scovillain|Protect\n|move|p1a: Dipplin|Body Slam|p2a: Scovillain\n|-activate|p2a: Scovillain|move: Protect\n|\n|-heal|p2a: Scovillain|36\/100|[from] item: Leftovers\n|-ability|p2a: Scovillain|Moody|boost\n|-boost|p2a: Scovillain|spa|1\n|-unboost|p2a: Scovillain|def|1\n|upkeep\n|turn|18\n|\n|t:|1697735496\n|move|p1a: Dipplin|Body Slam|p2a: Scovillain\n|-activate|p2a: Scovillain|move: Substitute|[damage]\n|move|p2a: Scovillain|Fire Blast|p1a: Dipplin|[miss]\n|-miss|p2a: Scovillain|p1a: Dipplin\n|\n|-heal|p2a: Scovillain|42\/100|[from] item: Leftovers\n|-ability|p2a: Scovillain|Moody|boost\n|-boost|p2a: Scovillain|spe|2\n|-unboost|p2a: Scovillain|def|1\n|upkeep\n|turn|19\n|\n|t:|1697735503\n|move|p2a: Scovillain|Fire Blast|p1a: Dipplin\n|-damage|p1a: Dipplin|0 fnt\n|faint|p1a: Dipplin\n|\n|-heal|p2a: Scovillain|48\/100|[from] item: Leftovers\n|-ability|p2a: Scovillain|Moody|boost\n|-boost|p2a: Scovillain|def|2\n|-unboost|p2a: Scovillain|spa|1\n|upkeep\n|\n|t:|1697735515\n|switch|p1a: Flutter Mane|Flutter Mane|100\/100\n|-enditem|p1a: Flutter Mane|Booster Energy\n|-activate|p1a: Flutter Mane|ability: Protosynthesis|[fromitem]\n|-start|p1a: Flutter Mane|protosynthesisspe\n|turn|20\n|\n|t:|1697735518\n|move|p1a: Flutter Mane|Calm Mind|p1a: Flutter Mane\n|-boost|p1a: Flutter Mane|spa|1\n|-boost|p1a: Flutter Mane|spd|1\n|move|p2a: Scovillain|Seed Bomb|p1a: Flutter Mane\n|-damage|p1a: Flutter Mane|0 fnt\n|faint|p1a: Flutter Mane\n|-end|p1a: Flutter Mane|Protosynthesis|[silent]\n|\n|-heal|p2a: Scovillain|54\/100|[from] item: Leftovers\n|-ability|p2a: Scovillain|Moody|boost\n|-boost|p2a: Scovillain|atk|2\n|-unboost|p2a: Scovillain|spa|1\n|upkeep\n|\n|t:|1697735523\n|switch|p1a: Miraidon|Miraidon|100\/100\n|-fieldstart|move: Electric Terrain|[from] ability: Hadron Engine|[of] p1a: Miraidon\n|turn|21\n|\n|t:|1697735542\n|move|p2a: Scovillain|Protect|p2a: Scovillain\n|-singleturn|p2a: Scovillain|Protect\n|move|p1a: Miraidon|Power Gem|p2a: Scovillain\n|-activate|p2a: Scovillain|move: Protect\n|\n|-heal|p2a: Scovillain|60\/100|[from] item: Leftovers\n|-ability|p2a: Scovillain|Moody|boost\n|-boost|p2a: Scovillain|spe|2\n|-unboost|p2a: Scovillain|atk|1\n|upkeep\n|turn|22\n|\n|t:|1697735559\n|move|p1a: Miraidon|Power Gem|p2a: Scovillain\n|-supereffective|p2a: Scovillain\n|-end|p2a: Scovillain|Substitute\n|-damage|p1a: Miraidon|91\/100|[from] item: Life Orb\n|move|p2a: Scovillain|Seed Bomb|p1a: Miraidon\n|-resisted|p1a: Miraidon\n|-damage|p1a: Miraidon|45\/100\n|\n|-heal|p2a: Scovillain|66\/100|[from] item: Leftovers\n|-ability|p2a: Scovillain|Moody|boost\n|-boost|p2a: Scovillain|spd|2\n|-unboost|p2a: Scovillain|spa|1\n|upkeep\n|turn|23\n|\n|t:|1697735575\n|-terastallize|p2a: Scovillain|Grass\n|move|p1a: Miraidon|Power Gem|p2a: Scovillain\n|-damage|p2a: Scovillain|54\/100\n|-damage|p1a: Miraidon|35\/100|[from] item: Life Orb\n|move|p2a: Scovillain|Substitute|p2a: Scovillain\n|-start|p2a: Scovillain|Substitute\n|-damage|p2a: Scovillain|29\/100\n|\n|-heal|p2a: Scovillain|35\/100|[from] item: Leftovers\n|-ability|p2a: Scovillain|Moody|boost\n|-boost|p2a: Scovillain|spe|2\n|-unboost|p2a: Scovillain|atk|1\n|upkeep\n|turn|24\n|\n|t:|1697735586\n|move|p2a: Scovillain|Protect|p2a: Scovillain\n|-singleturn|p2a: Scovillain|Protect\n|move|p1a: Miraidon|Dragon Pulse|p2a: Scovillain\n|-activate|p2a: Scovillain|move: Protect\n|\n|-heal|p2a: Scovillain|41\/100|[from] item: Leftovers\n|-ability|p2a: Scovillain|Moody|boost\n|-boost|p2a: Scovillain|spa|2\n|-unboost|p2a: Scovillain|spd|1\n|upkeep\n|turn|25\n|\n|t:|1697735597\n|move|p2a: Scovillain|Fire Blast|p1a: Miraidon\n|-resisted|p1a: Miraidon\n|-damage|p1a: Miraidon|0 fnt\n|faint|p1a: Miraidon\n|\n|-heal|p2a: Scovillain|47\/100|[from] item: Leftovers\n|-fieldend|move: Electric Terrain\n|-ability|p2a: Scovillain|Moody|boost\n|-boost|p2a: Scovillain|spe|2\n|-unboost|p2a: Scovillain|def|1\n|upkeep\n|\n|t:|1697735604\n|switch|p1a: Gliscor|Gliscor, F, shiny|100\/100\n|turn|26\n|\n|t:|1697735612\n|move|p2a: Scovillain|Protect|p2a: Scovillain\n|-singleturn|p2a: Scovillain|Protect\n|move|p1a: Gliscor|Protect||[still]\n|-fail|p1a: Gliscor\n|\n|-heal|p2a: Scovillain|53\/100|[from] item: Leftovers\n|-ability|p2a: Scovillain|Moody|boost\n|-boost|p2a: Scovillain|spa|1\n|-unboost|p2a: Scovillain|spe|1\n|-status|p1a: Gliscor|tox|[from] item: Toxic Orb\n|upkeep\n|turn|27\n|\n|t:|1697735619\n|move|p2a: Scovillain|Fire Blast|p1a: Gliscor\n|-damage|p1a: Gliscor|0 fnt\n|faint|p1a: Gliscor\n|\n|-heal|p2a: Scovillain|59\/100|[from] item: Leftovers\n|-ability|p2a: Scovillain|Moody|boost\n|-boost|p2a: Scovillain|spe|2\n|-unboost|p2a: Scovillain|atk|1\n|upkeep\n|\n|t:|1697735624\n|switch|p1a: Samurott|Samurott-Hisui, M|100\/100\n|turn|28\n|\n|t:|1697735633\n|move|p2a: Scovillain|Seed Bomb|p1a: Samurott\n|-supereffective|p1a: Samurott\n|-damage|p1a: Samurott|0 fnt\n|faint|p1a: Samurott\n|\n|win|ma3m_75\n|raw|BonnieTheBunny20's rating: 1224 &rarr; <strong>1196<\/strong><br \/>(-28 for losing)\n|raw|ma3m_75's rating: 1183 &rarr; <strong>1211<\/strong><br \/>(+28 for winning)\n|l|\u2606BonnieTheBunny20\n","uploadtime":1697736022,"views":9,"p1id":"bonniethebunny20","p2id":"ma3m75","formatid":"gen9anythinggoes","rating":1196,"private":0,"password":""}