{"id":"gen9anythinggoes-1975559080","p1":"PleekFRedd","p2":"TreBucet","format":"[Gen 9] Anything Goes","log":"|j|\u2606PleekFRedd\n|j|\u2606TreBucet\n|t:|1698204812\n|gametype|singles\n|player|p1|PleekFRedd|medium|1069\n|player|p2|TreBucet|grimsley|1106\n|teamsize|p1|6\n|teamsize|p2|6\n|gen|9\n|tier|[Gen 9] Anything Goes\n|rated|\n|rule|HP Percentage Mod: HP is shown in percentages\n|rule|Endless Battle Clause: Forcing endless battles is banned\n|clearpoke\n|poke|p1|Annihilape, F|\n|poke|p1|Urshifu-*, M|\n|poke|p1|Kommo-o, M|\n|poke|p1|Breloom, M|\n|poke|p1|Infernape, M|\n|poke|p1|Pawmot, F|\n|poke|p2|Baxcalibur, M|\n|poke|p2|Ninetales-Alola, F|\n|poke|p2|Dragapult, M|\n|poke|p2|Dragonite, M|\n|poke|p2|Kommo-o, F|\n|poke|p2|Basculegion-F, F|\n|teampreview\n|j| Cyclow7\n|\n|t:|1698204819\n|start\n|switch|p1a: Kommo-o|Kommo-o, M|100\/100\n|switch|p2a: Ninetales|Ninetales-Alola, F|100\/100\n|-weather|Snow|[from] ability: Snow Warning|[of] p2a: Ninetales\n|turn|1\n|inactive|Battle timer is ON: inactive players will automatically lose when time's up. (requested by TreBucet)\n|\n|t:|1698204831\n|switch|p1a: Sandy|Annihilape, F|100\/100\n|move|p2a: Ninetales|Aurora Veil|p2a: Ninetales\n|-sidestart|p2: TreBucet|move: Aurora Veil\n|\n|-weather|Snow|[upkeep]\n|upkeep\n|turn|2\n|\n|t:|1698204840\n|switch|p2a: Baxcalibur|Baxcalibur, M|100\/100\n|move|p1a: Sandy|Bulk Up|p1a: Sandy\n|-boost|p1a: Sandy|atk|1\n|-boost|p1a: Sandy|def|1\n|\n|-weather|Snow|[upkeep]\n|upkeep\n|turn|3\n|\n|t:|1698204847\n|move|p2a: Baxcalibur|Glaive Rush|p1a: Sandy\n|-damage|p1a: Sandy|54\/100\n|-singlemove|p2a: Baxcalibur|Glaive Rush|[silent]\n|-damage|p2a: Baxcalibur|84\/100|[from] item: Rocky Helmet|[of] p1a: Sandy\n|move|p1a: Sandy|Drain Punch|p2a: Baxcalibur\n|-supereffective|p2a: Baxcalibur\n|-damage|p2a: Baxcalibur|11\/100\n|-heal|p1a: Sandy|86\/100|[from] drain|[of] p2a: Baxcalibur\n|\n|-weather|Snow|[upkeep]\n|-heal|p2a: Baxcalibur|17\/100|[from] item: Leftovers\n|upkeep\n|turn|4\n|\n|t:|1698204861\n|move|p2a: Baxcalibur|Glaive Rush|p1a: Sandy\n|-damage|p1a: Sandy|42\/100\n|-singlemove|p2a: Baxcalibur|Glaive Rush|[silent]\n|-damage|p2a: Baxcalibur|1\/100|[from] item: Rocky Helmet|[of] p1a: Sandy\n|move|p1a: Sandy|Bulk Up|p1a: Sandy\n|-boost|p1a: Sandy|atk|1\n|-boost|p1a: Sandy|def|1\n|\n|-weather|Snow|[upkeep]\n|-heal|p2a: Baxcalibur|7\/100|[from] item: Leftovers\n|upkeep\n|turn|5\n|\n|t:|1698204874\n|move|p2a: Baxcalibur|Glaive Rush|p1a: Sandy\n|-damage|p1a: Sandy|9\/100\n|-singlemove|p2a: Baxcalibur|Glaive Rush|[silent]\n|-damage|p2a: Baxcalibur|0 fnt|[from] item: Rocky Helmet|[of] p1a: Sandy\n|faint|p2a: Baxcalibur\n|move|p1a: Sandy|Rest|p1a: Sandy\n|-fail|p1a: Sandy|[from] ability: Vital Spirit|[of] p1a: Sandy\n|\n|-weather|none\n|-sideend|p2: TreBucet|move: Aurora Veil\n|upkeep\n|\n|t:|1698204884\n|switch|p2a: Basculegion|Basculegion-F, F|100\/100\n|turn|6\n|\n|t:|1698204894\n|switch|p2a: Kommo-o|Kommo-o, F|100\/100\n|move|p1a: Sandy|Rage Fist|p2a: Kommo-o\n|-damage|p2a: Kommo-o|0 fnt\n|faint|p2a: Kommo-o\n|\n|upkeep\n|\n|t:|1698204900\n|switch|p2a: Dragonite|Dragonite, M|100\/100\n|turn|7\n|\n|t:|1698204904\n|move|p2a: Dragonite|Extreme Speed|p1a: Sandy\n|-immune|p1a: Sandy\n|move|p1a: Sandy|Drain Punch|p2a: Dragonite\n|-resisted|p2a: Dragonite\n|-damage|p2a: Dragonite|52\/100\n|-heal|p1a: Sandy|27\/100|[from] drain|[of] p2a: Dragonite\n|\n|-heal|p2a: Dragonite|58\/100|[from] item: Leftovers\n|upkeep\n|turn|8\n|\n|t:|1698204917\n|move|p2a: Dragonite|Air Slash|p1a: Sandy\n|-supereffective|p1a: Sandy\n|-damage|p1a: Sandy|0 fnt\n|faint|p1a: Sandy\n|\n|-heal|p2a: Dragonite|64\/100|[from] item: Leftovers\n|upkeep\n|\n|t:|1698204921\n|switch|p1a: Kommo-o|Kommo-o, M|100\/100\n|turn|9\n|\n|t:|1698204927\n|move|p2a: Dragonite|Dragon Pulse|p1a: Kommo-o\n|-supereffective|p1a: Kommo-o\n|-crit|p1a: Kommo-o\n|-damage|p1a: Kommo-o|0 fnt\n|faint|p1a: Kommo-o\n|\n|-heal|p2a: Dragonite|70\/100|[from] item: Leftovers\n|upkeep\n|\n|t:|1698204938\n|switch|p1a: Pawmot|Pawmot, F|100\/100\n|turn|10\n|\n|t:|1698204943\n|-terastallize|p1a: Pawmot|Electric\n|move|p2a: Dragonite|Extreme Speed|p1a: Pawmot\n|-damage|p1a: Pawmot|59\/100\n|move|p1a: Pawmot|Revival Blessing|p1a: Pawmot\n|\n|t:|1698204951\n|-heal|p1: Sandy|50\/100|[from] move: Revival Blessing\n|\n|-heal|p2a: Dragonite|77\/100|[from] item: Leftovers\n|upkeep\n|turn|11\n|l| Cyclow7\n|\n|t:|1698204962\n|move|p1a: Pawmot|Substitute|p1a: Pawmot\n|-start|p1a: Pawmot|Substitute\n|-damage|p1a: Pawmot|35\/100\n|move|p2a: Dragonite|Dragon Pulse|p1a: Pawmot\n|-end|p1a: Pawmot|Substitute\n|\n|-heal|p2a: Dragonite|83\/100|[from] item: Leftovers\n|upkeep\n|turn|12\n|\n|t:|1698204969\n|move|p1a: Pawmot|Substitute|p1a: Pawmot\n|-start|p1a: Pawmot|Substitute\n|-damage|p1a: Pawmot|10\/100\n|move|p2a: Dragonite|Dragon Pulse|p1a: Pawmot\n|-crit|p1a: Pawmot\n|-end|p1a: Pawmot|Substitute\n|\n|-heal|p2a: Dragonite|89\/100|[from] item: Leftovers\n|upkeep\n|turn|13\n|\n|t:|1698204976\n|move|p2a: Dragonite|Extreme Speed|p1a: Pawmot\n|-damage|p1a: Pawmot|0 fnt\n|faint|p1a: Pawmot\n|\n|-heal|p2a: Dragonite|95\/100|[from] item: Leftovers\n|upkeep\n|\n|t:|1698204981\n|switch|p1a: Urshifu|Urshifu-Rapid-Strike, M|100\/100\n|turn|14\n|\n|t:|1698204987\n|move|p1a: Urshifu|Aqua Jet|p2a: Dragonite\n|-resisted|p2a: Dragonite\n|-damage|p2a: Dragonite|83\/100\n|move|p2a: Dragonite|Air Slash|p1a: Urshifu\n|-supereffective|p1a: Urshifu\n|-damage|p1a: Urshifu|5\/100\n|\n|-heal|p1a: Urshifu|12\/100|[from] item: Leftovers\n|-heal|p2a: Dragonite|90\/100|[from] item: Leftovers\n|upkeep\n|turn|15\n|\n|t:|1698204994\n|move|p2a: Dragonite|Extreme Speed|p1a: Urshifu\n|-damage|p1a: Urshifu|0 fnt\n|faint|p1a: Urshifu\n|\n|-heal|p2a: Dragonite|96\/100|[from] item: Leftovers\n|upkeep\n|\n|t:|1698204998\n|switch|p1a: Breloom|Breloom, M|100\/100\n|turn|16\n|\n|t:|1698205002\n|move|p2a: Dragonite|Air Slash|p1a: Breloom\n|-supereffective|p1a: Breloom\n|-damage|p1a: Breloom|0 fnt\n|faint|p1a: Breloom\n|\n|-heal|p2a: Dragonite|100\/100|[from] item: Leftovers\n|upkeep\n|\n|t:|1698205005\n|switch|p1a: Infernape|Infernape, M|100\/100\n|turn|17\n|\n|t:|1698205012\n|move|p2a: Dragonite|Extreme Speed|p1a: Infernape\n|-damage|p1a: Infernape|52\/100\n|move|p1a: Infernape|Thunder Punch|p2a: Dragonite\n|-damage|p2a: Dragonite|70\/100\n|\n|-heal|p2a: Dragonite|76\/100|[from] item: Leftovers\n|upkeep\n|turn|18\n|\n|t:|1698205019\n|move|p1a: Infernape|Thunder Punch|p2a: Dragonite\n|-damage|p2a: Dragonite|43\/100\n|move|p2a: Dragonite|Dragon Pulse|p1a: Infernape\n|-damage|p1a: Infernape|7\/100\n|\n|-heal|p2a: Dragonite|49\/100|[from] item: Leftovers\n|upkeep\n|turn|19\n|\n|t:|1698205026\n|move|p2a: Dragonite|Extreme Speed|p1a: Infernape\n|-damage|p1a: Infernape|0 fnt\n|faint|p1a: Infernape\n|\n|-heal|p2a: Dragonite|55\/100|[from] item: Leftovers\n|upkeep\n|\n|t:|1698205028\n|switch|p1a: Sandy|Annihilape, F|50\/100\n|turn|20\n|c|\u2606PleekFRedd|Gg\n|c|\u2606TreBucet|gg\n|\n|t:|1698205040\n|move|p2a: Dragonite|Air Slash|p1a: Sandy\n|-supereffective|p1a: Sandy\n|-damage|p1a: Sandy|2\/100\n|move|p1a: Sandy|Rest|p1a: Sandy\n|-fail|p1a: Sandy|[from] ability: Vital Spirit|[of] p1a: Sandy\n|\n|-heal|p2a: Dragonite|61\/100|[from] item: Leftovers\n|upkeep\n|turn|21\n|\n|t:|1698205049\n|move|p2a: Dragonite|Extreme Speed|p1a: Sandy\n|-immune|p1a: Sandy\n|move|p1a: Sandy|Rest|p1a: Sandy\n|-fail|p1a: Sandy|[from] ability: Vital Spirit|[of] p1a: Sandy\n|\n|-heal|p2a: Dragonite|67\/100|[from] item: Leftovers\n|upkeep\n|turn|22\n|\n|t:|1698205058\n|move|p2a: Dragonite|Air Slash|p1a: Sandy\n|-supereffective|p1a: Sandy\n|-damage|p1a: Sandy|0 fnt\n|faint|p1a: Sandy\n|\n|win|TreBucet\n|raw|PleekFRedd's rating: 1069 &rarr; <strong>1051<\/strong><br \/>(-18 for losing)\n|raw|TreBucet's rating: 1106 &rarr; <strong>1128<\/strong><br \/>(+22 for winning)\n|l|\u2606PleekFRedd\n|c|\u2606TreBucet|why couldnt u rest with vital spirit?\n|c|\u2606TreBucet|oh\n|c|\u2606TreBucet|rip\n|c|\u2606TreBucet|I guess I'll never know\n","uploadtime":1698205086,"views":7,"p1id":"pleekfredd","p2id":"trebucet","formatid":"gen9anythinggoes","rating":1051,"private":0,"password":""}