{"id":"gen9anythinggoes-1988489006","p1":"CertifiedDumbass1","p2":"Horseygems","format":"[Gen 9] Anything Goes","log":"|j|\u2606CertifiedDumbass1\n|j|\u2606Horseygems\n|t:|1699728393\n|gametype|singles\n|player|p1|CertifiedDumbass1|266|1127\n|player|p2|Horseygems|266|1162\n|teamsize|p1|6\n|teamsize|p2|6\n|gen|9\n|tier|[Gen 9] Anything Goes\n|rated|\n|rule|HP Percentage Mod: HP is shown in percentages\n|rule|Endless Battle Clause: Forcing endless battles is banned\n|clearpoke\n|poke|p1|Chandelure, F|\n|poke|p1|Munkidori, M|\n|poke|p1|Tauros-Paldea-Blaze, M|\n|poke|p1|Talonflame, F|\n|poke|p1|Urshifu-*, F|\n|poke|p1|Torterra, M|\n|poke|p2|Dragonite, M|\n|poke|p2|Zacian-*|\n|poke|p2|Arceus-Rock|\n|poke|p2|Mewtwo|\n|poke|p2|Calyrex-Shadow|\n|poke|p2|Giratina-Origin|\n|teampreview\n|inactive|Battle timer is ON: inactive players will automatically lose when time's up. (requested by Horseygems)\n|\n|t:|1699728415\n|start\n|switch|p1a: Chandelure|Chandelure, F, shiny|100\/100\n|switch|p2a: Lace|Zacian-Crowned, shiny|100\/100\n|-ability|p2a: Lace|Intrepid Sword|boost\n|-boost|p2a: Lace|atk|1\n|turn|1\n|\n|t:|1699728422\n|move|p1a: Chandelure|Flamethrower|p2a: Lace\n|-supereffective|p2a: Lace\n|-damage|p2a: Lace|12\/100\n|move|p2a: Lace|Behemoth Blade|p1a: Chandelure\n|-resisted|p1a: Chandelure\n|-damage|p1a: Chandelure|31\/100\n|\n|upkeep\n|turn|2\n|\n|t:|1699728430\n|-terastallize|p2a: Lace|Water\n|move|p1a: Chandelure|Flamethrower|p2a: Lace\n|-resisted|p2a: Lace\n|-damage|p2a: Lace|0 fnt\n|faint|p2a: Lace\n|\n|upkeep\n|\n|t:|1699728443\n|switch|p2a: Arceus|Arceus-Rock, shiny|100\/100\n|turn|3\n|\n|t:|1699728454\n|switch|p1a: Tauros|Tauros-Paldea-Blaze, M|100\/100\n|move|p2a: Arceus|Draco Meteor|p1a: Tauros\n|-damage|p1a: Tauros|52\/100\n|-unboost|p2a: Arceus|spa|2\n|\n|upkeep\n|turn|4\n|\n|t:|1699728465\n|move|p1a: Tauros|Close Combat|p2a: Arceus\n|-supereffective|p2a: Arceus\n|-damage|p2a: Arceus|37\/100\n|-unboost|p1a: Tauros|def|1\n|-unboost|p1a: Tauros|spd|1\n|move|p2a: Arceus|Judgment|p1a: Tauros\n|-crit|p1a: Tauros\n|-damage|p1a: Tauros|0 fnt\n|faint|p1a: Tauros\n|\n|upkeep\n|\n|t:|1699728475\n|switch|p1a: Chandelure|Chandelure, F, shiny|31\/100\n|turn|5\n|\n|t:|1699728484\n|move|p1a: Chandelure|Energy Ball|p2a: Arceus\n|-supereffective|p2a: Arceus\n|-damage|p2a: Arceus|0 fnt\n|faint|p2a: Arceus\n|\n|upkeep\n|\n|t:|1699728495\n|switch|p2a: Calyrex|Calyrex-Shadow|100\/100\n|-ability|p2a: Calyrex|As One\n|-ability|p2a: Calyrex|Unnerve\n|turn|6\n|\n|t:|1699728502\n|switch|p1a: Munkidori|Munkidori, M|100\/100\n|-item|p2a: Calyrex|Leftovers|[from] ability: Frisk|[of] p1a: Munkidori|[identify]\n|move|p2a: Calyrex|Astral Barrage|p1a: Munkidori\n|-supereffective|p1a: Munkidori\n|-enditem|p1a: Munkidori|Focus Sash\n|-damage|p1a: Munkidori|1\/100\n|\n|upkeep\n|turn|7\n|\n|t:|1699728511\n|move|p2a: Calyrex|Psychic|p1a: Munkidori\n|-damage|p1a: Munkidori|0 fnt\n|faint|p1a: Munkidori\n|-ability|p2a: Calyrex|Grim Neigh|boost\n|-boost|p2a: Calyrex|spa|1\n|\n|upkeep\n|\n|t:|1699728515\n|switch|p1a: Chandelure|Chandelure, F, shiny|31\/100\n|turn|8\n|\n|t:|1699728518\n|move|p1a: Chandelure|Shadow Ball|p2a: Calyrex\n|-supereffective|p2a: Calyrex\n|-damage|p2a: Calyrex|0 fnt\n|faint|p2a: Calyrex\n|\n|upkeep\n|\n|t:|1699728523\n|switch|p2a: Mewtwo|Mewtwo, shiny|100\/100\n|-ability|p2a: Mewtwo|Pressure\n|turn|9\n|\n|t:|1699728527\n|move|p1a: Chandelure|Shadow Ball|p2a: Mewtwo\n|-supereffective|p2a: Mewtwo\n|-damage|p2a: Mewtwo|0 fnt\n|faint|p2a: Mewtwo\n|\n|upkeep\n|\n|t:|1699728532\n|switch|p2a: Draggy man|Dragonite, M, shiny|100\/100\n|turn|10\n|\n|t:|1699728541\n|move|p1a: Chandelure|Shadow Ball|p2a: Draggy man\n|-damage|p2a: Draggy man|59\/100\n|move|p2a: Draggy man|Draco Meteor|p1a: Chandelure|[miss]\n|-miss|p2a: Draggy man|p1a: Chandelure\n|\n|-heal|p2a: Draggy man|65\/100|[from] item: Leftovers\n|upkeep\n|turn|11\n|\n|t:|1699728549\n|move|p1a: Chandelure|Shadow Ball|p2a: Draggy man\n|-damage|p2a: Draggy man|19\/100\n|move|p2a: Draggy man|Draco Meteor|p1a: Chandelure\n|-damage|p1a: Chandelure|0 fnt\n|-unboost|p2a: Draggy man|spa|2\n|faint|p1a: Chandelure\n|\n|-heal|p2a: Draggy man|25\/100|[from] item: Leftovers\n|upkeep\n|\n|t:|1699728554\n|switch|p1a: Talonflame|Talonflame, F|100\/100\n|turn|12\n|\n|t:|1699728571\n|move|p1a: Talonflame|Dual Wingbeat|p2a: Draggy man\n|-damage|p2a: Draggy man|8\/100\n|-damage|p2a: Draggy man|0 fnt\n|faint|p2a: Draggy man\n|-hitcount|p2: Draggy man|2\n|\n|upkeep\n|\n|t:|1699728577\n|switch|p2a: Giratina|Giratina-Origin, shiny|100\/100\n|turn|13\n|\n|t:|1699728584\n|move|p1a: Talonflame|Defog|p2a: Giratina\n|-unboost|p2a: Giratina|evasion|1\n|move|p2a: Giratina|Draco Meteor|p1a: Talonflame|[miss]\n|-miss|p2a: Giratina|p1a: Talonflame\n|\n|upkeep\n|turn|14\n|\n|t:|1699728590\n|move|p1a: Talonflame|Dual Wingbeat|p2a: Giratina\n|-damage|p2a: Giratina|89\/100\n|-damage|p2a: Giratina|78\/100\n|-hitcount|p2a: Giratina|2\n|move|p2a: Giratina|Draco Meteor|p1a: Talonflame\n|-damage|p1a: Talonflame|0 fnt\n|-unboost|p2a: Giratina|spa|2\n|faint|p1a: Talonflame\n|\n|upkeep\n|\n|t:|1699728595\n|switch|p1a: Urshifu|Urshifu-Rapid-Strike, F|100\/100\n|turn|15\n|\n|t:|1699728608\n|move|p1a: Urshifu|Ice Punch|p2a: Giratina\n|-supereffective|p2a: Giratina\n|-damage|p2a: Giratina|25\/100\n|move|p2a: Giratina|Shadow Force||[still]\n|-prepare|p2a: Giratina|Shadow Force\n|\n|upkeep\n|turn|16\n|\n|t:|1699728614\n|switch|p1a: Torterra|Torterra, M|100\/100\n|move|p2a: Giratina|Shadow Force|p1a: Torterra|[from]lockedmove\n|-damage|p1a: Torterra|45\/100\n|\n|upkeep\n|turn|17\n|\n|t:|1699728629\n|move|p2a: Giratina|Shadow Force||[still]\n|-prepare|p2a: Giratina|Shadow Force\n|move|p1a: Torterra|Shell Smash|p1a: Torterra\n|-unboost|p1a: Torterra|def|1\n|-unboost|p1a: Torterra|spd|1\n|-boost|p1a: Torterra|atk|2\n|-boost|p1a: Torterra|spa|2\n|-boost|p1a: Torterra|spe|2\n|-enditem|p1a: Torterra|White Herb\n|-clearnegativeboost|p1a: Torterra|[silent]\n|\n|upkeep\n|turn|18\n|\n|t:|1699728637\n|-terastallize|p1a: Torterra|Dragon\n|move|p1a: Torterra|Tera Blast|p2a: Giratina|[anim] Tera Blast Dragon|[miss]\n|-miss|p1a: Torterra|p2a: Giratina\n|move|p2a: Giratina|Shadow Force|p1a: Torterra|[from]lockedmove\n|-damage|p1a: Torterra|0 fnt\n|faint|p1a: Torterra\n|\n|upkeep\n|\n|t:|1699728640\n|switch|p1a: Urshifu|Urshifu-Rapid-Strike, F|100\/100\n|turn|19\n|\n|t:|1699728646\n|move|p1a: Urshifu|Ice Punch|p2a: Giratina\n|-supereffective|p2a: Giratina\n|-damage|p2a: Giratina|0 fnt\n|faint|p2a: Giratina\n|\n|win|CertifiedDumbass1\n|raw|CertifiedDumbass1's rating: 1127 &rarr; <strong>1155<\/strong><br \/>(+28 for winning)\n|raw|Horseygems's rating: 1162 &rarr; <strong>1134<\/strong><br \/>(-28 for losing)\n","uploadtime":1699728652,"views":6,"p1id":"certifieddumbass1","p2id":"horseygems","formatid":"gen9anythinggoes","rating":1134,"private":0,"password":""}