{"id":"gen9anythinggoes-1976001443","p1":"ysaturnn","p2":"Ofin7174727728202","format":"[Gen 9] Anything Goes","log":"|j|\u2606ysaturnn\n|j|\u2606Ofin7174727728202\n|t:|1698255598\n|gametype|singles\n|player|p1|ysaturnn|bugsy|1025\n|player|p2|Ofin7174727728202|266|1013\n|teamsize|p1|6\n|teamsize|p2|4\n|gen|9\n|tier|[Gen 9] Anything Goes\n|rated|\n|rule|HP Percentage Mod: HP is shown in percentages\n|rule|Endless Battle Clause: Forcing endless battles is banned\n|clearpoke\n|poke|p1|Cramorant, M|\n|poke|p1|Cramorant, M|\n|poke|p1|Cramorant, M|\n|poke|p1|Cramorant, M|\n|poke|p1|Cramorant, M|\n|poke|p1|Cramorant, M|\n|poke|p2|Mew|\n|poke|p2|Poliwrath, M|\n|poke|p2|Drifblim, F|\n|poke|p2|Azumarill, M|\n|teampreview\n|inactive|Battle timer is ON: inactive players will automatically lose when time's up. (requested by ysaturnn)\n|c|\u2606Ofin7174727728202|Oh god\n|\n|t:|1698255609\n|start\n|switch|p1a: Cramorant|Cramorant, M|100\/100\n|switch|p2a: Drifblim|Drifblim, F|100\/100\n|turn|1\n|\n|t:|1698255616\n|move|p2a: Drifblim|Substitute|p2a: Drifblim\n|-start|p2a: Drifblim|Substitute\n|-damage|p2a: Drifblim|75\/100\n|move|p1a: Cramorant|Rain Dance|p1a: Cramorant\n|-weather|RainDance\n|\n|-weather|RainDance|[upkeep]\n|-heal|p2a: Drifblim|82\/100|[from] item: Leftovers\n|upkeep\n|turn|2\n|\n|t:|1698255624\n|move|p2a: Drifblim|Minimize|p2a: Drifblim\n|-boost|p2a: Drifblim|evasion|2\n|move|p1a: Cramorant|Surf|p2a: Drifblim\n|-formechange|p1a: Cramorant|Cramorant-Gulping|\n|-end|p2a: Drifblim|Substitute\n|\n|-weather|RainDance|[upkeep]\n|-heal|p2a: Drifblim|88\/100|[from] item: Leftovers\n|upkeep\n|turn|3\n|\n|t:|1698255633\n|move|p2a: Drifblim|Substitute|p2a: Drifblim\n|-start|p2a: Drifblim|Substitute\n|-damage|p2a: Drifblim|63\/100\n|move|p1a: Cramorant|Tailwind|p1a: Cramorant\n|-sidestart|p1: ysaturnn|move: Tailwind\n|\n|-weather|RainDance|[upkeep]\n|-heal|p2a: Drifblim|69\/100|[from] item: Leftovers\n|upkeep\n|turn|4\n|\n|t:|1698255641\n|switch|p1a: Cramorant|Cramorant, M|100\/100\n|move|p2a: Drifblim|Minimize|p2a: Drifblim\n|-boost|p2a: Drifblim|evasion|2\n|\n|-weather|RainDance|[upkeep]\n|-heal|p2a: Drifblim|75\/100|[from] item: Leftovers\n|upkeep\n|turn|5\n|\n|t:|1698255650\n|move|p1a: Cramorant|Hurricane|p2a: Drifblim\n|-end|p2a: Drifblim|Substitute\n|move|p2a: Drifblim|Minimize|p2a: Drifblim\n|-boost|p2a: Drifblim|evasion|2\n|\n|-weather|none\n|-heal|p2a: Drifblim|81\/100|[from] item: Leftovers\n|upkeep\n|turn|6\n|\n|t:|1698255659\n|move|p1a: Cramorant|Hurricane|p2a: Drifblim|[miss]\n|-miss|p1a: Cramorant|p2a: Drifblim\n|move|p2a: Drifblim|Substitute|p2a: Drifblim\n|-start|p2a: Drifblim|Substitute\n|-damage|p2a: Drifblim|56\/100\n|\n|-heal|p2a: Drifblim|62\/100|[from] item: Leftovers\n|-sideend|p1: ysaturnn|move: Tailwind\n|upkeep\n|turn|7\n|\n|t:|1698255668\n|switch|p1a: Cramorant|Cramorant, M|100\/100\n|move|p2a: Drifblim|Baton Pass|p2a: Drifblim\n|\n|t:|1698255678\n|switch|p2a: Mew|Mew|100\/100|[from] Baton Pass\n|\n|upkeep\n|turn|8\n|\n|t:|1698255691\n|move|p2a: Mew|Agility|p2a: Mew\n|-boost|p2a: Mew|spe|2\n|move|p1a: Cramorant|Rain Dance|p1a: Cramorant\n|-weather|RainDance\n|\n|-weather|RainDance|[upkeep]\n|upkeep\n|turn|9\n|\n|t:|1698255702\n|switch|p1a: Cramorant|Cramorant, M|100\/100\n|move|p2a: Mew|Baton Pass|p2a: Mew\n|\n|t:|1698255706\n|switch|p2a: Poliwrath|Poliwrath, M|100\/100|[from] Baton Pass\n|\n|-weather|RainDance|[upkeep]\n|upkeep\n|turn|10\n|\n|t:|1698255713\n|move|p1a: Cramorant|Hurricane|p2a: Poliwrath\n|-supereffective|p2a: Poliwrath\n|-end|p2a: Poliwrath|Substitute\n|move|p2a: Poliwrath|Belly Drum|p2a: Poliwrath\n|-damage|p2a: Poliwrath|50\/100\n|-setboost|p2a: Poliwrath|atk|6|[from] move: Belly Drum\n|\n|-weather|RainDance|[upkeep]\n|-heal|p2a: Poliwrath|57\/100|[from] item: Leftovers\n|upkeep\n|turn|11\n|\n|t:|1698255723\n|move|p1a: Cramorant|Hurricane|p2a: Poliwrath\n|-supereffective|p2a: Poliwrath\n|-damage|p2a: Poliwrath|0 fnt\n|faint|p2a: Poliwrath\n|\n|-weather|RainDance|[upkeep]\n|upkeep\n|\n|t:|1698255731\n|switch|p2a: Drifblim|Drifblim, F|62\/100\n|turn|12\n|\n|t:|1698255735\n|move|p1a: Cramorant|Hurricane|p2a: Drifblim\n|-damage|p2a: Drifblim|11\/100\n|move|p2a: Drifblim|Substitute|p2a: Drifblim\n|-fail|p2a: Drifblim|move: Substitute|[weak]\n|\n|-weather|none\n|-heal|p2a: Drifblim|17\/100|[from] item: Leftovers\n|upkeep\n|turn|13\n|-message|Ofin7174727728202 forfeited.\n|\n|win|ysaturnn\n|raw|ysaturnn's rating: 1025 &rarr; <strong>1060<\/strong><br \/>(+35 for winning)\n|raw|Ofin7174727728202's rating: 1013 &rarr; <strong>1001<\/strong><br \/>(-12 for losing)\n|l|\u2606Ofin7174727728202\n","uploadtime":1698255774,"views":11,"p1id":"ysaturnn","p2id":"ofin7174727728202","formatid":"gen9anythinggoes","rating":1001,"private":0,"password":""}