{"id":"gen9anythinggoes-1975454023","p1":"Pokebanana3000","p2":"chandelurecandy","format":"[Gen 9] Anything Goes","log":"|j|\u2606Pokebanana3000\n|j|\u2606chandelurecandy\n|t:|1698193042\n|gametype|singles\n|player|p1|Pokebanana3000|hiker-gen4|1068\n|player|p2|chandelurecandy|caitlin|1132\n|teamsize|p1|6\n|teamsize|p2|6\n|gen|9\n|tier|[Gen 9] Anything Goes\n|rated|\n|rule|HP Percentage Mod: HP is shown in percentages\n|rule|Endless Battle Clause: Forcing endless battles is banned\n|clearpoke\n|poke|p1|Regieleki|\n|poke|p1|Regieleki|\n|poke|p1|Regieleki|\n|poke|p1|Regieleki|\n|poke|p1|Regieleki|\n|poke|p1|Regieleki|\n|poke|p2|Chandelure, M|\n|poke|p2|Cloyster, F|\n|poke|p2|Oinkologne, M|\n|poke|p2|Espathra, M|\n|poke|p2|Moltres-Galar|\n|poke|p2|Cinderace, M|\n|teampreview\n|inactive|Battle timer is ON: inactive players will automatically lose when time's up. (requested by chandelurecandy)\n|c|\u2606chandelurecandy|oml\n|c|\u2606Pokebanana3000|hi\n|c|\u2606chandelurecandy|wth is this team\n|\n|t:|1698193068\n|start\n|switch|p1a: Regieleki|Regieleki|100\/100\n|switch|p2a: Espathra|Espathra, M|100\/100\n|turn|1\n|c|\u2606Pokebanana3000|I like it :)\n|\n|t:|1698193080\n|move|p1a: Regieleki|Explosion|p2a: Espathra\n|-damage|p2a: Espathra|0 fnt\n|faint|p1a: Regieleki\n|faint|p2a: Espathra\n|\n|upkeep\n|\n|t:|1698193086\n|switch|p1a: Regieleki|Regieleki|100\/100\n|switch|p2a: Cloyster|Cloyster, F|100\/100\n|turn|2\n|c|\u2606chandelurecandy|im confused\n|\n|t:|1698193098\n|move|p1a: Regieleki|Ancient Power|p2a: Cloyster\n|-supereffective|p2a: Cloyster\n|-crit|p2a: Cloyster\n|-enditem|p2a: Cloyster|Focus Sash\n|-damage|p2a: Cloyster|1\/100\n|move|p2a: Cloyster|Shell Smash|p2a: Cloyster\n|-unboost|p2a: Cloyster|def|1\n|-unboost|p2a: Cloyster|spd|1\n|-boost|p2a: Cloyster|atk|2\n|-boost|p2a: Cloyster|spa|2\n|-boost|p2a: Cloyster|spe|2\n|\n|upkeep\n|turn|3\n|\n|t:|1698193107\n|move|p1a: Regieleki|Extreme Speed|p2a: Cloyster\n|-damage|p2a: Cloyster|0 fnt\n|faint|p2a: Cloyster\n|\n|upkeep\n|\n|t:|1698193112\n|switch|p2a: Oinkologne|Oinkologne, M|100\/100\n|turn|4\n|\n|t:|1698193117\n|move|p1a: Regieleki|Explosion|p2a: Oinkologne\n|-damage|p2a: Oinkologne|13\/100\n|faint|p1a: Regieleki\n|move|p2a: Oinkologne|Yawn|p1: Regieleki|[notarget]\n|-fail|p2a: Oinkologne\n|\n|upkeep\n|\n|t:|1698193122\n|switch|p1a: Regieleki|Regieleki|100\/100\n|turn|5\n|c|\u2606chandelurecandy|wth\n|\n|t:|1698193127\n|move|p1a: Regieleki|Extreme Speed|p2a: Oinkologne\n|-damage|p2a: Oinkologne|0 fnt\n|-activate|p2a: Oinkologne|ability: Lingering Aroma|Transistor|[of] p1a: Regieleki\n|faint|p2a: Oinkologne\n|\n|upkeep\n|\n|t:|1698193130\n|switch|p2a: Chandelure|Chandelure, M, shiny|100\/100\n|turn|6\n|\n|t:|1698193137\n|-terastallize|p1a: Regieleki|Ghost\n|move|p1a: Regieleki|Tera Blast|p2a: Chandelure|[anim] Tera Blast Ghost\n|-supereffective|p2a: Chandelure\n|-damage|p2a: Chandelure|0 fnt\n|faint|p2a: Chandelure\n|\n|upkeep\n|\n|t:|1698193142\n|switch|p2a: Moltres-Kanto|Moltres-Galar, shiny|100\/100\n|turn|7\n|c|\u2606chandelurecandy|this gay asf\n|\n|t:|1698193152\n|-terastallize|p2a: Moltres-Kanto|Dark\n|move|p1a: Regieleki|Tera Blast|p2a: Moltres-Kanto|[anim] Tera Blast Ghost\n|-resisted|p2a: Moltres-Kanto\n|-damage|p2a: Moltres-Kanto|82\/100\n|move|p2a: Moltres-Kanto|Fiery Wrath|p1a: Regieleki\n|-supereffective|p1a: Regieleki\n|-damage|p1a: Regieleki|0 fnt\n|faint|p1a: Regieleki\n|\n|upkeep\n|\n|t:|1698193161\n|switch|p1a: Regieleki|Regieleki|100\/100\n|turn|8\n|\n|t:|1698193165\n|move|p1a: Regieleki|Ancient Power|p2a: Moltres-Kanto\n|-damage|p2a: Moltres-Kanto|69\/100\n|move|p2a: Moltres-Kanto|Ancient Power|p1a: Regieleki\n|-damage|p1a: Regieleki|72\/100\n|\n|upkeep\n|turn|9\n|\n|t:|1698193171\n|move|p1a: Regieleki|Explosion|p2a: Moltres-Kanto\n|-damage|p2a: Moltres-Kanto|0 fnt\n|faint|p1a: Regieleki\n|faint|p2a: Moltres-Kanto\n|\n|upkeep\n|\n|t:|1698193179\n|switch|p1a: Regieleki|Regieleki|100\/100\n|switch|p2a: Cinderace|Cinderace, M|100\/100\n|turn|10\n|\n|t:|1698193184\n|move|p1a: Regieleki|Wild Charge|p2a: Cinderace\n|-damage|p2a: Cinderace|24\/100\n|-damage|p1a: Regieleki|83\/100|[from] Recoil\n|move|p2a: Cinderace|Swords Dance|p2a: Cinderace\n|-start|p2a: Cinderace|typechange|Normal|[from] ability: Libero\n|-boost|p2a: Cinderace|atk|2\n|\n|upkeep\n|turn|11\n|c|\u2606chandelurecandy|ffs\n|-message|chandelurecandy forfeited.\n|\n|win|Pokebanana3000\n|raw|Pokebanana3000's rating: 1068 &rarr; <strong>1103<\/strong><br \/>(+35 for winning)\n|raw|chandelurecandy's rating: 1132 &rarr; <strong>1102<\/strong><br \/>(-30 for losing)\n|l|\u2606chandelurecandy\n|c|\u2606Pokebanana3000|gg\n","uploadtime":1698193223,"views":15,"p1id":"pokebanana3000","p2id":"chandelurecandy","formatid":"gen9anythinggoes","rating":1102,"private":0,"password":""}