{"id":"gen9anythinggoes-1986237216","p1":"ThePogger77","p2":"Dr Guzzlord","format":"[Gen 9] Anything Goes","log":"|j|\u2606ThePogger77\n|j|\u2606Dr Guzzlord\n|t:|1699462308\n|gametype|singles\n|player|p1|ThePogger77|unknown|1143\n|player|p2|Dr Guzzlord|roughneck|1195\n|teamsize|p1|6\n|teamsize|p2|6\n|gen|9\n|tier|[Gen 9] Anything Goes\n|rated|\n|rule|HP Percentage Mod: HP is shown in percentages\n|rule|Endless Battle Clause: Forcing endless battles is banned\n|clearpoke\n|poke|p1|Arceus|\n|poke|p1|Meowscarada, M|\n|poke|p1|Calyrex-Shadow|\n|poke|p1|Flutter Mane|\n|poke|p1|Clodsire, F|\n|poke|p1|Maushold-Four|\n|poke|p2|Gholdengo|\n|poke|p2|Ribombee, F|\n|poke|p2|Dugtrio, M|\n|poke|p2|Gothitelle, M|\n|poke|p2|Cinderace, F|\n|poke|p2|Monferno, F|\n|teampreview\n|\n|t:|1699462321\n|start\n|switch|p1a: Maushold|Maushold-Four|100\/100\n|switch|p2a: Ribombee|Ribombee, F|100\/100\n|turn|1\n|\n|t:|1699462327\n|move|p2a: Ribombee|Stun Spore|p1a: Maushold\n|-status|p1a: Maushold|par\n|move|p1a: Maushold|Population Bomb|p2a: Ribombee\n|-damage|p2a: Ribombee|87\/100\n|-damage|p2a: Ribombee|71\/100\n|-damage|p2a: Ribombee|58\/100\n|-damage|p2a: Ribombee|43\/100\n|-damage|p2a: Ribombee|28\/100\n|-damage|p2a: Ribombee|14\/100\n|-damage|p2a: Ribombee|0 fnt\n|faint|p2a: Ribombee\n|-hitcount|p2: Ribombee|7\n|\n|upkeep\n|\n|t:|1699462331\n|switch|p2a: Gothitelle|Gothitelle, M|100\/100\n|turn|2\n|\n|t:|1699462345\n|move|p2a: Gothitelle|Trick|p1a: Maushold\n|-activate|p2a: Gothitelle|move: Trick|[of] p1a: Maushold\n|-item|p1a: Maushold|Choice Scarf|[from] move: Trick\n|-item|p2a: Gothitelle|Leftovers|[from] move: Trick\n|move|p1a: Maushold|Crunch|p2a: Gothitelle\n|-supereffective|p2a: Gothitelle\n|-damage|p2a: Gothitelle|63\/100\n|\n|-heal|p2a: Gothitelle|69\/100|[from] item: Leftovers\n|upkeep\n|turn|3\n|\n|t:|1699462356\n|move|p2a: Gothitelle|Charm|p1a: Maushold\n|-unboost|p1a: Maushold|atk|2\n|move|p1a: Maushold|Crunch|p2a: Gothitelle\n|-supereffective|p2a: Gothitelle\n|-damage|p2a: Gothitelle|48\/100\n|\n|-heal|p2a: Gothitelle|54\/100|[from] item: Leftovers\n|upkeep\n|turn|4\n|\n|t:|1699462365\n|move|p2a: Gothitelle|Charm|p1a: Maushold\n|-unboost|p1a: Maushold|atk|2\n|move|p1a: Maushold|Crunch|p2a: Gothitelle\n|-supereffective|p2a: Gothitelle\n|-damage|p2a: Gothitelle|41\/100\n|\n|-heal|p2a: Gothitelle|47\/100|[from] item: Leftovers\n|upkeep\n|turn|5\n|\n|t:|1699462373\n|move|p2a: Gothitelle|Charm|p1a: Maushold\n|-unboost|p1a: Maushold|atk|2\n|move|p1a: Maushold|Crunch|p2a: Gothitelle\n|-supereffective|p2a: Gothitelle\n|-damage|p2a: Gothitelle|36\/100\n|-unboost|p2a: Gothitelle|def|1\n|\n|-heal|p2a: Gothitelle|42\/100|[from] item: Leftovers\n|upkeep\n|turn|6\n|\n|t:|1699462383\n|switch|p2a: Dugtrio|Dugtrio, M|100\/100\n|move|p1a: Maushold|Crunch|p2a: Dugtrio\n|-damage|p2a: Dugtrio|90\/100\n|-unboost|p2a: Dugtrio|def|1\n|\n|upkeep\n|turn|7\n|\n|t:|1699462395\n|move|p2a: Dugtrio|Stealth Rock|p1a: Maushold\n|-sidestart|p1: ThePogger77|move: Stealth Rock\n|move|p1a: Maushold|Crunch|p2a: Dugtrio\n|-damage|p2a: Dugtrio|73\/100\n|\n|upkeep\n|turn|8\n|\n|t:|1699462407\n|move|p2a: Dugtrio|Final Gambit|p1a: Maushold\n|-damage|p1a: Maushold|32\/100 par\n|faint|p2a: Dugtrio\n|move|p1a: Maushold|Crunch|p2: Dugtrio|[notarget]\n|-fail|p1a: Maushold\n|\n|upkeep\n|\n|t:|1699462412\n|switch|p2a: Monferno|Monferno, F|100\/100\n|turn|9\n|\n|t:|1699462417\n|move|p2a: Monferno|Flame Charge|p1a: Maushold\n|-damage|p1a: Maushold|2\/100 par\n|-boost|p2a: Monferno|spe|1\n|move|p1a: Maushold|Crunch|p2a: Monferno\n|-resisted|p2a: Monferno\n|-damage|p2a: Monferno|95\/100\n|\n|upkeep\n|turn|10\n|\n|t:|1699462427\n|move|p2a: Monferno|Swords Dance|p2a: Monferno\n|-boost|p2a: Monferno|atk|2\n|cant|p1a: Maushold|par\n|\n|upkeep\n|turn|11\n|\n|t:|1699462433\n|move|p2a: Monferno|Swords Dance|p2a: Monferno\n|-boost|p2a: Monferno|atk|2\n|cant|p1a: Maushold|par\n|\n|upkeep\n|turn|12\n|\n|t:|1699462439\n|move|p2a: Monferno|Swords Dance|p2a: Monferno\n|-boost|p2a: Monferno|atk|2\n|move|p1a: Maushold|Crunch|p2a: Monferno\n|-resisted|p2a: Monferno\n|-damage|p2a: Monferno|90\/100\n|\n|upkeep\n|turn|13\n|\n|t:|1699462452\n|move|p2a: Monferno|Flame Charge|p1a: Maushold\n|-damage|p1a: Maushold|0 fnt\n|-boost|p2a: Monferno|spe|1\n|faint|p1a: Maushold\n|\n|upkeep\n|\n|t:|1699462463\n|switch|p1a: Clodsire|Clodsire, F|100\/100\n|-damage|p1a: Clodsire|94\/100|[from] Stealth Rock\n|turn|14\n|\n|t:|1699462467\n|-terastallize|p2a: Monferno|Ghost\n|move|p2a: Monferno|Taunt|p1a: Clodsire\n|-start|p1a: Clodsire|move: Taunt\n|cant|p1a: Clodsire|move: Taunt|Toxic\n|\n|-heal|p1a: Clodsire|100\/100|[from] item: Leftovers\n|upkeep\n|turn|15\n|\n|t:|1699462476\n|move|p2a: Monferno|Flame Charge|p1a: Clodsire\n|-damage|p1a: Clodsire|37\/100\n|-boost|p2a: Monferno|spe|1\n|move|p1a: Clodsire|Earthquake|p2a: Monferno\n|-damage|p2a: Monferno|24\/100\n|\n|-heal|p1a: Clodsire|44\/100|[from] item: Leftovers\n|upkeep\n|turn|16\n|\n|t:|1699462486\n|move|p2a: Monferno|Flame Charge|p1a: Clodsire\n|-damage|p1a: Clodsire|0 fnt\n|-boost|p2a: Monferno|spe|1\n|faint|p1a: Clodsire\n|\n|upkeep\n|\n|t:|1699462496\n|switch|p1a: Divine lama|Arceus|100\/100\n|-damage|p1a: Divine lama|88\/100|[from] Stealth Rock\n|turn|17\n|\n|t:|1699462501\n|move|p2a: Monferno|Close Combat|p1a: Divine lama\n|-supereffective|p1a: Divine lama\n|-crit|p1a: Divine lama\n|-damage|p1a: Divine lama|0 fnt\n|-unboost|p2a: Monferno|def|1\n|-unboost|p2a: Monferno|spd|1\n|faint|p1a: Divine lama\n|\n|upkeep\n|\n|t:|1699462510\n|switch|p1a: Calyrex|Calyrex-Shadow|100\/100\n|-ability|p1a: Calyrex|As One\n|-ability|p1a: Calyrex|Unnerve\n|-damage|p1a: Calyrex|88\/100|[from] Stealth Rock\n|turn|18\n|\n|t:|1699462518\n|move|p2a: Monferno|Flame Charge|p1a: Calyrex\n|-damage|p1a: Calyrex|0 fnt\n|-boost|p2a: Monferno|spe|1\n|faint|p1a: Calyrex\n|\n|upkeep\n|\n|t:|1699462524\n|switch|p1a: Flutter Mane|Flutter Mane|100\/100\n|-damage|p1a: Flutter Mane|88\/100|[from] Stealth Rock\n|turn|19\n|\n|t:|1699462529\n|move|p2a: Monferno|Flame Charge|p1a: Flutter Mane\n|-damage|p1a: Flutter Mane|0 fnt\n|-boost|p2a: Monferno|spe|1\n|faint|p1a: Flutter Mane\n|-end|p1a: Flutter Mane|Protosynthesis|[silent]\n|\n|upkeep\n|\n|t:|1699462536\n|switch|p1a: Meowscarada|Meowscarada, M|100\/100\n|-damage|p1a: Meowscarada|88\/100|[from] Stealth Rock\n|turn|20\n|\n|t:|1699462540\n|move|p2a: Monferno|Flame Charge|p1a: Meowscarada\n|-supereffective|p1a: Meowscarada\n|-damage|p1a: Meowscarada|0 fnt\n|faint|p1a: Meowscarada\n|\n|win|Dr Guzzlord\n|raw|ThePogger77's rating: 1143 &rarr; <strong>1120<\/strong><br \/>(-23 for losing)\n|raw|Dr Guzzlord's rating: 1173 &rarr; <strong>1196<\/strong><br \/>(+23 for winning)\n|l|\u2606ThePogger77\n","uploadtime":1699462554,"views":6,"p1id":"thepogger77","p2id":"drguzzlord","formatid":"gen9anythinggoes","rating":1120,"private":0,"password":""}