{"id":"gen9anythinggoes-1983478188","p1":"Haxxhatred","p2":"Gex0n","format":"[Gen 9] Anything Goes","log":"|j|\u2606Haxxhatred\n|j|\u2606Gex0n\n|t:|1699134416\n|gametype|singles\n|player|p1|Haxxhatred|169|1274\n|player|p2|Gex0n|drayden|1171\n|teamsize|p1|6\n|teamsize|p2|6\n|gen|9\n|tier|[Gen 9] Anything Goes\n|rated|\n|rule|HP Percentage Mod: HP is shown in percentages\n|rule|Endless Battle Clause: Forcing endless battles is banned\n|clearpoke\n|poke|p1|Dragapult, F|\n|poke|p1|Iron Valiant|\n|poke|p1|Arceus|\n|poke|p1|Grimmsnarl, M|\n|poke|p1|Giratina-Origin|\n|poke|p1|Dialga|\n|poke|p2|Goodra, F|\n|poke|p2|Vaporeon, F|\n|poke|p2|Clefable, M|\n|poke|p2|Lucario, M|\n|poke|p2|Magcargo, F|\n|poke|p2|Salamence, F|\n|teampreview\n|inactive|Battle timer is ON: inactive players will automatically lose when time's up. (requested by Gex0n)\n|\n|t:|1699134442\n|start\n|switch|p1a: Giratina|Giratina-Origin|100\/100\n|switch|p2a: Magcargo|Magcargo, F|100\/100\n|turn|1\n|\n|t:|1699134451\n|move|p1a: Giratina|Draco Meteor|p2a: Magcargo\n|-damage|p2a: Magcargo|4\/100\n|-unboost|p1a: Giratina|spa|2\n|move|p2a: Magcargo|Light Screen|p2a: Magcargo\n|-sidestart|p2: Gex0n|move: Light Screen\n|\n|upkeep\n|turn|2\n|\n|t:|1699134460\n|move|p1a: Giratina|Poltergeist|p2a: Magcargo\n|-activate|p2a: Magcargo|move: Poltergeist|Rocky Helmet\n|-damage|p2a: Magcargo|0 fnt\n|faint|p2a: Magcargo\n|\n|upkeep\n|\n|t:|1699134477\n|switch|p2a: Clefable|Clefable, M|100\/100\n|turn|3\n|\n|t:|1699134497\n|move|p1a: Giratina|Poltergeist|p2a: Clefable\n|-activate|p2a: Clefable|move: Poltergeist|Leftovers\n|-crit|p2a: Clefable\n|-damage|p2a: Clefable|0 fnt\n|faint|p2a: Clefable\n|\n|upkeep\n|\n|t:|1699134507\n|switch|p2a: Vaporeon|Vaporeon, F|100\/100\n|turn|4\n|\n|t:|1699134512\n|move|p1a: Giratina|Poltergeist|p2a: Vaporeon\n|-activate|p2a: Vaporeon|move: Poltergeist|Leftovers\n|-damage|p2a: Vaporeon|55\/100\n|move|p2a: Vaporeon|Yawn|p1a: Giratina\n|-start|p1a: Giratina|move: Yawn|[of] p2a: Vaporeon\n|\n|-heal|p2a: Vaporeon|61\/100|[from] item: Leftovers\n|upkeep\n|turn|5\n|inactive|Haxxhatred has 120 seconds left.\n|\n|t:|1699134556\n|switch|p1a: Dragapult|Dragapult, F|100\/100\n|move|p2a: Vaporeon|Wish|p2a: Vaporeon\n|\n|-heal|p2a: Vaporeon|68\/100|[from] item: Leftovers\n|-sideend|p2: Gex0n|move: Light Screen\n|upkeep\n|turn|6\n|\n|t:|1699134568\n|-terastallize|p2a: Vaporeon|Fire\n|move|p1a: Dragapult|Dragon Dance|p1a: Dragapult\n|-boost|p1a: Dragapult|atk|1\n|-boost|p1a: Dragapult|spe|1\n|move|p2a: Vaporeon|Yawn|p1a: Dragapult\n|-start|p1a: Dragapult|move: Yawn|[of] p2a: Vaporeon\n|\n|-heal|p2a: Vaporeon|100\/100|[from] move: Wish|[wisher] Vaporeon\n|upkeep\n|turn|7\n|inactive|Haxxhatred has 120 seconds left.\n|inactive|Haxxhatred has 90 seconds left.\n|\n|t:|1699134613\n|move|p1a: Dragapult|Baton Pass|p1a: Dragapult\n|\n|t:|1699134615\n|switch|p1a: Grimmsnarl|Grimmsnarl, M|100\/100|[from] Baton Pass\n|move|p2a: Vaporeon|Calm Mind|p2a: Vaporeon\n|-boost|p2a: Vaporeon|spa|1\n|-boost|p2a: Vaporeon|spd|1\n|\n|upkeep\n|turn|8\n|inactive|Haxxhatred has 90 seconds left.\n|inactive|Haxxhatred has 60 seconds left.\n|\n|t:|1699134663\n|move|p1a: Grimmsnarl|Misty Terrain|p1a: Grimmsnarl\n|-fieldstart|move: Misty Terrain\n|move|p2a: Vaporeon|Yawn|p1a: Grimmsnarl\n|-start|p1a: Grimmsnarl|move: Yawn|[of] p2a: Vaporeon\n|\n|upkeep\n|turn|9\n|inactive|Haxxhatred has 60 seconds left.\n|\n|t:|1699134671\n|move|p1a: Grimmsnarl|Play Rough|p2a: Vaporeon\n|-resisted|p2a: Vaporeon\n|-damage|p2a: Vaporeon|74\/100\n|-unboost|p2a: Vaporeon|atk|1\n|move|p2a: Vaporeon|Calm Mind|p2a: Vaporeon\n|-boost|p2a: Vaporeon|spa|1\n|-boost|p2a: Vaporeon|spd|1\n|\n|-heal|p2a: Vaporeon|80\/100|[from] item: Leftovers\n|-end|p1a: Grimmsnarl|move: Yawn|[silent]\n|-activate|p1a: Grimmsnarl|move: Misty Terrain\n|upkeep\n|turn|10\n|inactive|Haxxhatred has 60 seconds left.\n|\n|t:|1699134691\n|switch|p1a: Iron Valiant|Iron Valiant, shiny|100\/100\n|move|p2a: Vaporeon|Yawn|p1a: Iron Valiant\n|-start|p1a: Iron Valiant|move: Yawn|[of] p2a: Vaporeon\n|\n|-heal|p2a: Vaporeon|86\/100|[from] item: Leftovers\n|upkeep\n|turn|11\n|\n|t:|1699134700\n|move|p1a: Iron Valiant|Trick|p2a: Vaporeon\n|-activate|p1a: Iron Valiant|move: Trick|[of] p2a: Vaporeon\n|-item|p2a: Vaporeon|Choice Scarf|[from] move: Trick\n|-item|p1a: Iron Valiant|Leftovers|[from] move: Trick\n|move|p2a: Vaporeon|Calm Mind|p2a: Vaporeon\n|-boost|p2a: Vaporeon|spa|1\n|-boost|p2a: Vaporeon|spd|1\n|\n|-end|p1a: Iron Valiant|move: Yawn|[silent]\n|-activate|p1a: Iron Valiant|move: Misty Terrain\n|upkeep\n|turn|12\n|inactive|Haxxhatred has 60 seconds left.\n|\n|t:|1699134715\n|switch|p2a: Lucario|Lucario, M|100\/100\n|move|p1a: Iron Valiant|Spirit Break|p2a: Lucario\n|-damage|p2a: Lucario|38\/100\n|-unboost|p2a: Lucario|spa|1\n|\n|-fieldend|Misty Terrain\n|upkeep\n|turn|13\n|inactive|Haxxhatred has 60 seconds left.\n|\n|t:|1699134731\n|move|p2a: Lucario|Bullet Punch|p1a: Iron Valiant\n|-supereffective|p1a: Iron Valiant\n|-damage|p1a: Iron Valiant|53\/100\n|move|p1a: Iron Valiant|Spirit Break|p2a: Lucario\n|-damage|p2a: Lucario|0 fnt\n|faint|p2a: Lucario\n|\n|-heal|p1a: Iron Valiant|59\/100|[from] item: Leftovers\n|upkeep\n|\n|t:|1699134741\n|switch|p2a: Salamence|Salamence, F|100\/100\n|turn|14\n|\n|t:|1699134752\n|switch|p2a: Vaporeon|Vaporeon, F, tera:Fire|86\/100\n|move|p1a: Iron Valiant|Spirit Break|p2a: Vaporeon\n|-resisted|p2a: Vaporeon\n|-damage|p2a: Vaporeon|72\/100\n|-unboost|p2a: Vaporeon|spa|1\n|\n|-heal|p1a: Iron Valiant|65\/100|[from] item: Leftovers\n|upkeep\n|turn|15\n|\n|t:|1699134762\n|-end|p1a: Iron Valiant|Quark Drive|[silent]\n|switch|p1a: Grimmsnarl|Grimmsnarl, M|100\/100\n|move|p2a: Vaporeon|Yawn|p1a: Grimmsnarl\n|-start|p1a: Grimmsnarl|move: Yawn|[of] p2a: Vaporeon\n|\n|upkeep\n|turn|16\n|\n|t:|1699134776\n|switch|p2a: Goodra|Goodra, F, shiny|100\/100\n|move|p1a: Grimmsnarl|Misty Terrain|p1a: Grimmsnarl\n|-fieldstart|move: Misty Terrain\n|\n|-end|p1a: Grimmsnarl|move: Yawn|[silent]\n|-activate|p1a: Grimmsnarl|move: Misty Terrain\n|upkeep\n|turn|17\n|\n|t:|1699134787\n|move|p2a: Goodra|Knock Off|p1a: Grimmsnarl\n|-resisted|p1a: Grimmsnarl\n|-crit|p1a: Grimmsnarl\n|-damage|p1a: Grimmsnarl|91\/100\n|-enditem|p1a: Grimmsnarl|Lum Berry|[from] move: Knock Off|[of] p2a: Goodra\n|move|p1a: Grimmsnarl|Play Rough|p2a: Goodra\n|-supereffective|p2a: Goodra\n|-damage|p2a: Goodra|0 fnt\n|faint|p2a: Goodra\n|\n|upkeep\n|\n|t:|1699134798\n|switch|p2a: Vaporeon|Vaporeon, F, tera:Fire|72\/100\n|turn|18\n|inactive|Haxxhatred has 90 seconds left.\n|\n|t:|1699134804\n|move|p2a: Vaporeon|Wish|p2a: Vaporeon\n|move|p1a: Grimmsnarl|False Surrender|p2a: Vaporeon\n|-damage|p2a: Vaporeon|39\/100\n|\n|upkeep\n|turn|19\n|\n|t:|1699134811\n|move|p2a: Vaporeon|Wish||[still]\n|-fail|p2a: Vaporeon\n|move|p1a: Grimmsnarl|Play Rough|p2a: Vaporeon\n|-resisted|p2a: Vaporeon\n|-damage|p2a: Vaporeon|20\/100\n|\n|-heal|p2a: Vaporeon|70\/100|[from] move: Wish|[wisher] Vaporeon\n|upkeep\n|turn|20\n|inactive|Haxxhatred has 90 seconds left.\n|\n|t:|1699134828\n|switch|p1a: Dragapult|Dragapult, F|100\/100\n|move|p2a: Vaporeon|Wish|p2a: Vaporeon\n|\n|-fieldend|Misty Terrain\n|upkeep\n|turn|21\n|\n|t:|1699134838\n|move|p1a: Dragapult|Dragon Dance|p1a: Dragapult\n|-boost|p1a: Dragapult|atk|1\n|-boost|p1a: Dragapult|spe|1\n|move|p2a: Vaporeon|Wish||[still]\n|-fail|p2a: Vaporeon\n|\n|-heal|p2a: Vaporeon|100\/100|[from] move: Wish|[wisher] Vaporeon\n|upkeep\n|turn|22\n|\n|t:|1699134846\n|switch|p2a: Salamence|Salamence, F|100\/100\n|move|p1a: Dragapult|Dragon Dance|p1a: Dragapult\n|-boost|p1a: Dragapult|atk|1\n|-boost|p1a: Dragapult|spe|1\n|\n|upkeep\n|turn|23\n|\n|t:|1699134859\n|move|p1a: Dragapult|Dragon Darts|p2a: Salamence\n|-supereffective|p2a: Salamence\n|-damage|p2a: Salamence|0 fnt\n|faint|p2a: Salamence\n|-damage|p1a: Dragapult|91\/100|[from] item: Life Orb\n|\n|upkeep\n|-message|Gex0n forfeited.\n|\n|win|Haxxhatred\n|raw|Haxxhatred's rating: 1274 &rarr; <strong>1292<\/strong><br \/>(+18 for winning)\n|raw|Gex0n's rating: 1171 &rarr; <strong>1153<\/strong><br \/>(-18 for losing)\n|l|\u2606Gex0n\n","uploadtime":1699134868,"views":8,"p1id":"haxxhatred","p2id":"gex0n","formatid":"gen9anythinggoes","rating":1153,"private":0,"password":""}