{"id":"gen9anythinggoes-1983609208","p1":"Yabadabadooba","p2":"Captain Carbs","format":"[Gen 9] Anything Goes","log":"|j|\u2606Yabadabadooba\n|j|\u2606Captain Carbs\n|t:|1699149024\n|gametype|singles\n|player|p1|Yabadabadooba|ingo|1083\n|player|p2|Captain Carbs|hiker-gen4|1104\n|teamsize|p1|6\n|teamsize|p2|6\n|gen|9\n|tier|[Gen 9] Anything Goes\n|rated|\n|rule|HP Percentage Mod: HP is shown in percentages\n|rule|Endless Battle Clause: Forcing endless battles is banned\n|clearpoke\n|poke|p1|Drifblim, F|\n|poke|p1|Cloyster, M|\n|poke|p1|Amoonguss, M|\n|poke|p1|Maushold-Four|\n|poke|p1|Shaymin-Sky|\n|poke|p1|Polteageist|\n|poke|p2|Shaymin-Sky|\n|poke|p2|Mewtwo|\n|poke|p2|Gyarados, F|\n|poke|p2|Scovillain, F|\n|poke|p2|Scizor, F|\n|poke|p2|Calyrex-Shadow|\n|teampreview\n|inactive|Battle timer is ON: inactive players will automatically lose when time's up. (requested by Captain Carbs)\n|inactive|Captain Carbs has 120 seconds left.\n|\n|t:|1699149055\n|start\n|switch|p1a: Drifblim|Drifblim, F|100\/100\n|switch|p2a: Fed Mantis|Scizor, F|100\/100\n|turn|1\n|\n|t:|1699149059\n|move|p2a: Fed Mantis|Bullet Punch|p1a: Drifblim\n|-damage|p1a: Drifblim|54\/100\n|move|p1a: Drifblim|Minimize|p1a: Drifblim\n|-boost|p1a: Drifblim|evasion|2\n|\n|upkeep\n|turn|2\n|\n|t:|1699149064\n|move|p1a: Drifblim|Minimize|p1a: Drifblim\n|-boost|p1a: Drifblim|evasion|2\n|move|p2a: Fed Mantis|Double Team|p2a: Fed Mantis\n|-boost|p2a: Fed Mantis|evasion|1\n|\n|upkeep\n|turn|3\n|\n|t:|1699149068\n|move|p2a: Fed Mantis|Bullet Punch|p1a: Drifblim|[miss]\n|-miss|p2a: Fed Mantis|p1a: Drifblim\n|move|p1a: Drifblim|Minimize|p1a: Drifblim\n|-boost|p1a: Drifblim|evasion|2\n|\n|upkeep\n|turn|4\n|\n|t:|1699149074\n|move|p1a: Drifblim|Substitute|p1a: Drifblim\n|-start|p1a: Drifblim|Substitute\n|-damage|p1a: Drifblim|29\/100\n|move|p2a: Fed Mantis|Double Team|p2a: Fed Mantis\n|-boost|p2a: Fed Mantis|evasion|1\n|\n|upkeep\n|turn|5\n|\n|t:|1699149077\n|move|p1a: Drifblim|Will-O-Wisp|p2a: Fed Mantis|[miss]\n|-miss|p1a: Drifblim|p2a: Fed Mantis\n|move|p2a: Fed Mantis|Defog||[still]\n|-fail|p2a: Fed Mantis\n|\n|upkeep\n|turn|6\n|\n|t:|1699149080\n|move|p2a: Fed Mantis|Bullet Punch|p1a: Drifblim|[miss]\n|-miss|p2a: Fed Mantis|p1a: Drifblim\n|move|p1a: Drifblim|Will-O-Wisp|p2a: Fed Mantis\n|-status|p2a: Fed Mantis|brn\n|\n|-damage|p2a: Fed Mantis|94\/100 brn|[from] brn\n|upkeep\n|turn|7\n|\n|t:|1699149086\n|move|p2a: Fed Mantis|Bullet Punch|p1a: Drifblim|[miss]\n|-miss|p2a: Fed Mantis|p1a: Drifblim\n|move|p1a: Drifblim|Baton Pass|p1a: Drifblim\n|\n|t:|1699149097\n|switch|p1a: Polteageist|Polteageist|100\/100|[from] Baton Pass\n|\n|-damage|p2a: Fed Mantis|88\/100 brn|[from] brn\n|upkeep\n|turn|8\n|\n|t:|1699149101\n|move|p2a: Fed Mantis|Bullet Punch|p1a: Polteageist|[miss]\n|-miss|p2a: Fed Mantis|p1a: Polteageist\n|move|p1a: Polteageist|Shell Smash|p1a: Polteageist\n|-unboost|p1a: Polteageist|def|1\n|-unboost|p1a: Polteageist|spd|1\n|-boost|p1a: Polteageist|atk|2\n|-boost|p1a: Polteageist|spa|2\n|-boost|p1a: Polteageist|spe|2\n|\n|-damage|p2a: Fed Mantis|82\/100 brn|[from] brn\n|upkeep\n|turn|9\n|\n|t:|1699149104\n|move|p2a: Fed Mantis|Bullet Punch|p1a: Polteageist\n|-end|p1a: Polteageist|Substitute\n|move|p1a: Polteageist|Shell Smash|p1a: Polteageist\n|-unboost|p1a: Polteageist|def|1\n|-unboost|p1a: Polteageist|spd|1\n|-boost|p1a: Polteageist|atk|2\n|-boost|p1a: Polteageist|spa|2\n|-boost|p1a: Polteageist|spe|2\n|\n|-damage|p2a: Fed Mantis|76\/100 brn|[from] brn\n|upkeep\n|turn|10\n|\n|t:|1699149113\n|move|p1a: Polteageist|Protect|p1a: Polteageist\n|-singleturn|p1a: Polteageist|Protect\n|move|p2a: Fed Mantis|Bullet Punch|p1a: Polteageist\n|-activate|p1a: Polteageist|move: Protect\n|\n|-damage|p2a: Fed Mantis|70\/100 brn|[from] brn\n|upkeep\n|turn|11\n|\n|t:|1699149118\n|move|p2a: Fed Mantis|Bullet Punch|p1a: Polteageist|[miss]\n|-miss|p2a: Fed Mantis|p1a: Polteageist\n|move|p1a: Polteageist|Stored Power|p2a: Fed Mantis|[miss]\n|-miss|p1a: Polteageist|p2a: Fed Mantis\n|\n|-damage|p2a: Fed Mantis|64\/100 brn|[from] brn\n|upkeep\n|turn|12\n|\n|t:|1699149124\n|move|p2a: Fed Mantis|Bullet Punch|p1a: Polteageist|[miss]\n|-miss|p2a: Fed Mantis|p1a: Polteageist\n|move|p1a: Polteageist|Stored Power|p2a: Fed Mantis\n|-resisted|p2a: Fed Mantis\n|-damage|p2a: Fed Mantis|0 fnt\n|faint|p2a: Fed Mantis\n|\n|upkeep\n|\n|t:|1699149130\n|switch|p2a:  |Calyrex-Shadow|100\/100\n|-ability|p2a:  |As One\n|-ability|p2a:  |Unnerve\n|turn|13\n|\n|t:|1699149152\n|-terastallize|p2a:  |Fire\n|move|p1a: Polteageist|Shell Smash|p1a: Polteageist\n|-unboost|p1a: Polteageist|def|1\n|-unboost|p1a: Polteageist|spd|1\n|-boost|p1a: Polteageist|atk|2\n|-boost|p1a: Polteageist|spa|2\n|-boost|p1a: Polteageist|spe|2\n|move|p2a:  |Substitute|p2a:  \n|-start|p2a:  |Substitute\n|-damage|p2a:  |76\/100\n|\n|upkeep\n|turn|14\n|\n|t:|1699149163\n|move|p1a: Polteageist|Stored Power|p2a:  \n|-end|p2a:  |Substitute\n|move|p2a:  |Leech Seed|p1a: Polteageist|[miss]\n|-miss|p2a:  |p1a: Polteageist\n|\n|upkeep\n|turn|15\n|\n|t:|1699149171\n|move|p2a:  |Protect|p2a:  \n|-singleturn|p2a:  |Protect\n|move|p1a: Polteageist|Stored Power|p2a:  \n|-activate|p2a:  |move: Protect\n|\n|upkeep\n|turn|16\n|\n|t:|1699149174\n|move|p1a: Polteageist|Stored Power|p2a:  \n|-damage|p2a:  |0 fnt\n|faint|p2a:  \n|\n|upkeep\n|\n|t:|1699149179\n|switch|p2a: Juicero\u2122 Juicer|Mewtwo|100\/100\n|-ability|p2a: Juicero\u2122 Juicer|Pressure\n|turn|17\n|\n|t:|1699149187\n|move|p2a: Juicero\u2122 Juicer|Protect|p2a: Juicero\u2122 Juicer\n|-singleturn|p2a: Juicero\u2122 Juicer|Protect\n|move|p1a: Polteageist|Baton Pass|p1a: Polteageist\n|\n|t:|1699149196\n|switch|p1a: Drifblim|Drifblim, F|29\/100|[from] Baton Pass\n|\n|upkeep\n|turn|18\n|\n|t:|1699149201\n|move|p1a: Drifblim|Substitute|p1a: Drifblim\n|-start|p1a: Drifblim|Substitute\n|-damage|p1a: Drifblim|4\/100\n|move|p2a: Juicero\u2122 Juicer|Knock Off|p1a: Drifblim|[miss]\n|-miss|p2a: Juicero\u2122 Juicer|p1a: Drifblim\n|\n|upkeep\n|turn|19\n|\n|t:|1699149207\n|move|p1a: Drifblim|Baton Pass|p1a: Drifblim\n|\n|t:|1699149209\n|switch|p1a: Cloyster|Cloyster, M|100\/100|[from] Baton Pass\n|move|p2a: Juicero\u2122 Juicer|Knock Off|p1a: Cloyster|[miss]\n|-miss|p2a: Juicero\u2122 Juicer|p1a: Cloyster\n|\n|upkeep\n|turn|20\n|\n|t:|1699149220\n|move|p1a: Cloyster|Ice Shard|p2a: Juicero\u2122 Juicer\n|-damage|p2a: Juicero\u2122 Juicer|45\/100\n|move|p2a: Juicero\u2122 Juicer|Knock Off|p1a: Cloyster|[miss]\n|-miss|p2a: Juicero\u2122 Juicer|p1a: Cloyster\n|\n|-heal|p2a: Juicero\u2122 Juicer|51\/100|[from] item: Leftovers\n|upkeep\n|turn|21\n|\n|t:|1699149224\n|move|p1a: Cloyster|Icicle Spear|p2a: Juicero\u2122 Juicer\n|-damage|p2a: Juicero\u2122 Juicer|13\/100\n|-crit|p2a: Juicero\u2122 Juicer\n|-damage|p2a: Juicero\u2122 Juicer|0 fnt\n|faint|p2a: Juicero\u2122 Juicer\n|-hitcount|p2: Juicero\u2122 Juicer|2\n|\n|upkeep\n|l|\u2606Captain Carbs\n|inactive|Captain Carbs disconnected and has a minute to reconnect!\n|player|p2|\n|inactive|Captain Carbs has 30 seconds to reconnect!\n|inactive|Captain Carbs has 20 seconds to reconnect!\n|inactive|Captain Carbs has 15 seconds to reconnect!\n|inactive|Captain Carbs has 10 seconds to reconnect!\n|inactive|Captain Carbs has 5 seconds to reconnect!\n|-message|Captain Carbs lost due to inactivity.\n|\n|win|Yabadabadooba\n|raw|Yabadabadooba's rating: 1083 &rarr; <strong>1112<\/strong><br \/>(+29 for winning)\n|raw|Captain Carbs's rating: 1104 &rarr; <strong>1077<\/strong><br \/>(-27 for losing)\n","uploadtime":1699149298,"views":14,"p1id":"yabadabadooba","p2id":"captaincarbs","formatid":"gen9anythinggoes","rating":1077,"private":0,"password":""}