{"id":"gen9anythinggoes-1974740786","p1":"cstaggs411","p2":"YoungEsq","format":"[Gen 9] Anything Goes","log":"|j|\u2606cstaggs411\n|j|\u2606YoungEsq\n|t:|1698116358\n|gametype|singles\n|player|p1|cstaggs411|sailor|1267\n|player|p2|YoungEsq|1|1435\n|teamsize|p1|6\n|teamsize|p2|6\n|gen|9\n|tier|[Gen 9] Anything Goes\n|rated|\n|rule|HP Percentage Mod: HP is shown in percentages\n|rule|Endless Battle Clause: Forcing endless battles is banned\n|clearpoke\n|poke|p1|Arceus-Grass|\n|poke|p1|Baxcalibur, F|\n|poke|p1|Dondozo, F|\n|poke|p1|Toxapex, M|\n|poke|p1|Torkoal, M|\n|poke|p1|Espathra, M|\n|poke|p2|Ting-Lu|\n|poke|p2|Gholdengo|\n|poke|p2|Roaring Moon|\n|poke|p2|Chi-Yu|\n|poke|p2|Samurott-Hisui, M|\n|poke|p2|Mandibuzz, F|\n|teampreview\n|inactive|Battle timer is ON: inactive players will automatically lose when time's up. (requested by YoungEsq)\n|\n|t:|1698116361\n|start\n|switch|p1a: Espathra|Espathra, M, shiny|100\/100\n|switch|p2a: Ting-Lu|Ting-Lu|100\/100\n|-ability|p2a: Ting-Lu|Vessel of Ruin\n|turn|1\n|\n|t:|1698116370\n|move|p1a: Espathra|Protect|p1a: Espathra\n|-singleturn|p1a: Espathra|Protect\n|move|p2a: Ting-Lu|Whirlwind|p1a: Espathra\n|drag|p1a: Dondozo|Dondozo, F|100\/100\n|\n|upkeep\n|turn|2\n|\n|t:|1698116377\n|move|p2a: Ting-Lu|Stealth Rock|p1a: Dondozo\n|-sidestart|p1: cstaggs411|move: Stealth Rock\n|move|p1a: Dondozo|Chilling Water|p2a: Ting-Lu\n|-supereffective|p2a: Ting-Lu\n|-damage|p2a: Ting-Lu|90\/100\n|-unboost|p2a: Ting-Lu|atk|1\n|\n|-heal|p2a: Ting-Lu|96\/100|[from] item: Leftovers\n|upkeep\n|turn|3\n|\n|t:|1698116387\n|move|p1a: Dondozo|Chilling Water|p2a: Ting-Lu\n|-supereffective|p2a: Ting-Lu\n|-damage|p2a: Ting-Lu|85\/100\n|-unboost|p2a: Ting-Lu|atk|1\n|move|p2a: Ting-Lu|Whirlwind|p1a: Dondozo\n|drag|p1a: Baxcalibur|Baxcalibur, F|100\/100\n|-damage|p1a: Baxcalibur|76\/100|[from] Stealth Rock\n|\n|-heal|p2a: Ting-Lu|91\/100|[from] item: Leftovers\n|upkeep\n|turn|4\n|\n|t:|1698116401\n|switch|p2a: Gholdengo|Gholdengo|100\/100\n|-item|p2a: Gholdengo|Air Balloon\n|move|p1a: Baxcalibur|Icicle Crash|p2a: Gholdengo\n|-resisted|p2a: Gholdengo\n|-damage|p2a: Gholdengo|70\/100\n|-enditem|p2a: Gholdengo|Air Balloon\n|\n|upkeep\n|turn|5\n|\n|t:|1698116414\n|move|p2a: Gholdengo|Nasty Plot|p2a: Gholdengo\n|-boost|p2a: Gholdengo|spa|2\n|move|p1a: Baxcalibur|Substitute|p1a: Baxcalibur\n|-start|p1a: Baxcalibur|Substitute\n|-damage|p1a: Baxcalibur|51\/100\n|\n|upkeep\n|turn|6\n|\n|t:|1698116421\n|move|p2a: Gholdengo|Make It Rain|p1a: Baxcalibur\n|-supereffective|p1a: Baxcalibur\n|-end|p1a: Baxcalibur|Substitute\n|-unboost|p2a: Gholdengo|spa|1\n|move|p1a: Baxcalibur|Dragon Dance|p1a: Baxcalibur\n|-boost|p1a: Baxcalibur|atk|1\n|-boost|p1a: Baxcalibur|spe|1\n|\n|upkeep\n|turn|7\n|\n|t:|1698116434\n|move|p1a: Baxcalibur|Glaive Rush|p2a: Gholdengo\n|-resisted|p2a: Gholdengo\n|-damage|p2a: Gholdengo|3\/100\n|-singlemove|p1a: Baxcalibur|Glaive Rush|[silent]\n|move|p2a: Gholdengo|Make It Rain|p1a: Baxcalibur\n|-supereffective|p1a: Baxcalibur\n|-damage|p1a: Baxcalibur|0 fnt\n|-unboost|p2a: Gholdengo|spa|1\n|faint|p1a: Baxcalibur\n|\n|upkeep\n|\n|t:|1698116447\n|switch|p1a: Espathra|Espathra, M, shiny|100\/100\n|-damage|p1a: Espathra|88\/100|[from] Stealth Rock\n|turn|8\n|\n|t:|1698116455\n|move|p1a: Espathra|Protect|p1a: Espathra\n|-singleturn|p1a: Espathra|Protect\n|move|p2a: Gholdengo|Shadow Ball|p1a: Espathra\n|-activate|p1a: Espathra|move: Protect\n|\n|-heal|p1a: Espathra|94\/100|[from] item: Leftovers\n|-ability|p1a: Espathra|Speed Boost|boost\n|-boost|p1a: Espathra|spe|1\n|upkeep\n|turn|9\n|\n|t:|1698116469\n|move|p1a: Espathra|Dazzling Gleam|p2a: Gholdengo\n|-resisted|p2a: Gholdengo\n|-damage|p2a: Gholdengo|0 fnt\n|faint|p2a: Gholdengo\n|\n|-heal|p1a: Espathra|99\/100|[from] item: Leftovers\n|-ability|p1a: Espathra|Speed Boost|boost\n|-boost|p1a: Espathra|spe|1\n|upkeep\n|\n|t:|1698116472\n|switch|p2a: Ting-Lu|Ting-Lu|91\/100\n|-ability|p2a: Ting-Lu|Vessel of Ruin\n|turn|10\n|\n|t:|1698116494\n|move|p1a: Espathra|Calm Mind|p1a: Espathra\n|-boost|p1a: Espathra|spa|1\n|-boost|p1a: Espathra|spd|1\n|move|p2a: Ting-Lu|Whirlwind|p1a: Espathra\n|drag|p1a: Torkoal|Torkoal, M|100\/100\n|-damage|p1a: Torkoal|76\/100|[from] Stealth Rock\n|\n|-heal|p2a: Ting-Lu|97\/100|[from] item: Leftovers\n|-heal|p1a: Torkoal|82\/100|[from] item: Leftovers\n|upkeep\n|turn|11\n|\n|t:|1698116508\n|move|p2a: Ting-Lu|Earthquake|p1a: Torkoal\n|-supereffective|p1a: Torkoal\n|-damage|p1a: Torkoal|29\/100\n|move|p1a: Torkoal|Yawn|p2a: Ting-Lu\n|-start|p2a: Ting-Lu|move: Yawn|[of] p1a: Torkoal\n|\n|-heal|p2a: Ting-Lu|100\/100|[from] item: Leftovers\n|-heal|p1a: Torkoal|35\/100|[from] item: Leftovers\n|upkeep\n|turn|12\n|\n|t:|1698116519\n|move|p2a: Ting-Lu|Earthquake|p1a: Torkoal\n|-supereffective|p1a: Torkoal\n|-damage|p1a: Torkoal|0 fnt\n|faint|p1a: Torkoal\n|\n|-end|p2a: Ting-Lu|move: Yawn|[silent]\n|-status|p2a: Ting-Lu|slp\n|upkeep\n|\n|t:|1698116526\n|switch|p1a: Espathra|Espathra, M, shiny|99\/100\n|-damage|p1a: Espathra|88\/100|[from] Stealth Rock\n|turn|13\n|\n|t:|1698116530\n|move|p1a: Espathra|Calm Mind|p1a: Espathra\n|-boost|p1a: Espathra|spa|1\n|-boost|p1a: Espathra|spd|1\n|cant|p2a: Ting-Lu|slp\n|\n|-heal|p1a: Espathra|94\/100|[from] item: Leftovers\n|-ability|p1a: Espathra|Speed Boost|boost\n|-boost|p1a: Espathra|spe|1\n|upkeep\n|turn|14\n|\n|t:|1698116540\n|move|p1a: Espathra|Calm Mind|p1a: Espathra\n|-boost|p1a: Espathra|spa|1\n|-boost|p1a: Espathra|spd|1\n|cant|p2a: Ting-Lu|slp\n|\n|-heal|p1a: Espathra|99\/100|[from] item: Leftovers\n|-ability|p1a: Espathra|Speed Boost|boost\n|-boost|p1a: Espathra|spe|1\n|upkeep\n|turn|15\n|\n|t:|1698116550\n|move|p1a: Espathra|Dazzling Gleam|p2a: Ting-Lu\n|-supereffective|p2a: Ting-Lu\n|-damage|p2a: Ting-Lu|60\/100 slp\n|cant|p2a: Ting-Lu|slp\n|\n|-heal|p1a: Espathra|100\/100|[from] item: Leftovers\n|-heal|p2a: Ting-Lu|66\/100 slp|[from] item: Leftovers\n|-ability|p1a: Espathra|Speed Boost|boost\n|-boost|p1a: Espathra|spe|1\n|upkeep\n|turn|16\n|\n|t:|1698116559\n|move|p1a: Espathra|Calm Mind|p1a: Espathra\n|-boost|p1a: Espathra|spa|1\n|-boost|p1a: Espathra|spd|1\n|-curestatus|p2a: Ting-Lu|slp|[msg]\n|move|p2a: Ting-Lu|Whirlwind|p1a: Espathra\n|drag|p1a: Arceus|Arceus-Grass|100\/100\n|-damage|p1a: Arceus|88\/100|[from] Stealth Rock\n|\n|-heal|p2a: Ting-Lu|72\/100|[from] item: Leftovers\n|upkeep\n|turn|17\n|\n|t:|1698116571\n|switch|p2a: Mandibuzz|Mandibuzz, F|100\/100\n|move|p1a: Arceus|Judgment|p2a: Mandibuzz\n|-resisted|p2a: Mandibuzz\n|-damage|p2a: Mandibuzz|80\/100\n|\n|upkeep\n|turn|18\n|\n|t:|1698116585\n|switch|p1a: Toxapex|Toxapex, M|100\/100\n|-damage|p1a: Toxapex|88\/100|[from] Stealth Rock\n|move|p2a: Mandibuzz|Toxic|p1a: Toxapex\n|-immune|p1a: Toxapex\n|\n|-heal|p1a: Toxapex|94\/100|[from] item: Black Sludge\n|upkeep\n|turn|19\n|\n|t:|1698116595\n|switch|p2a: Ting-Lu|Ting-Lu|72\/100\n|-ability|p2a: Ting-Lu|Vessel of Ruin\n|move|p1a: Toxapex|Liquidation|p2a: Ting-Lu\n|-supereffective|p2a: Ting-Lu\n|-damage|p2a: Ting-Lu|51\/100\n|-unboost|p2a: Ting-Lu|def|1\n|\n|-heal|p2a: Ting-Lu|57\/100|[from] item: Leftovers\n|-heal|p1a: Toxapex|100\/100|[from] item: Black Sludge\n|upkeep\n|turn|20\n|\n|t:|1698116619\n|switch|p2a: Samurott|Samurott-Hisui, M|100\/100\n|move|p1a: Toxapex|Liquidation|p2a: Samurott\n|-resisted|p2a: Samurott\n|-damage|p2a: Samurott|88\/100\n|\n|upkeep\n|turn|21\n|\n|t:|1698116627\n|move|p1a: Toxapex|Baneful Bunker|p1a: Toxapex\n|-singleturn|p1a: Toxapex|move: Protect\n|move|p2a: Samurott|Ceaseless Edge|p1a: Toxapex\n|-activate|p1a: Toxapex|move: Protect\n|-status|p2a: Samurott|psn\n|\n|-damage|p2a: Samurott|75\/100 psn|[from] psn\n|upkeep\n|turn|22\n|\n|t:|1698116639\n|move|p2a: Samurott|Ceaseless Edge|p1a: Toxapex\n|-damage|p1a: Toxapex|74\/100\n|-sidestart|p1: cstaggs411|Spikes\n|move|p1a: Toxapex|Liquidation|p2a: Samurott\n|-resisted|p2a: Samurott\n|-damage|p2a: Samurott|63\/100 psn\n|\n|-heal|p1a: Toxapex|80\/100|[from] item: Black Sludge\n|-damage|p2a: Samurott|50\/100 psn|[from] psn\n|upkeep\n|turn|23\n|\n|t:|1698116657\n|move|p2a: Samurott|Ceaseless Edge|p1a: Toxapex\n|-damage|p1a: Toxapex|55\/100\n|-sidestart|p1: cstaggs411|Spikes\n|move|p1a: Toxapex|Liquidation|p2a: Samurott\n|-resisted|p2a: Samurott\n|-damage|p2a: Samurott|38\/100 psn\n|\n|-heal|p1a: Toxapex|61\/100|[from] item: Black Sludge\n|-damage|p2a: Samurott|26\/100 psn|[from] psn\n|upkeep\n|turn|24\n|\n|t:|1698116674\n|move|p2a: Samurott|Knock Off|p1a: Toxapex\n|-damage|p1a: Toxapex|33\/100\n|-enditem|p1a: Toxapex|Black Sludge|[from] move: Knock Off|[of] p2a: Samurott\n|move|p1a: Toxapex|Liquidation|p2a: Samurott\n|-resisted|p2a: Samurott\n|-damage|p2a: Samurott|13\/100 psn\n|\n|-damage|p2a: Samurott|0 fnt|[from] psn\n|faint|p2a: Samurott\n|upkeep\n|\n|t:|1698116680\n|switch|p2a: Chi-Yu|Chi-Yu|100\/100\n|-ability|p2a: Chi-Yu|Beads of Ruin\n|turn|25\n|\n|t:|1698116707\n|move|p1a: Toxapex|Baneful Bunker|p1a: Toxapex\n|-singleturn|p1a: Toxapex|move: Protect\n|move|p2a: Chi-Yu|Psychic|p1a: Toxapex\n|-activate|p1a: Toxapex|move: Protect\n|\n|upkeep\n|turn|26\n|\n|t:|1698116722\n|move|p2a: Chi-Yu|Psychic|p1a: Toxapex\n|-supereffective|p1a: Toxapex\n|-damage|p1a: Toxapex|0 fnt\n|faint|p1a: Toxapex\n|\n|upkeep\n|\n|t:|1698116727\n|switch|p1a: Dondozo|Dondozo, F|100\/100\n|-damage|p1a: Dondozo|88\/100|[from] Stealth Rock\n|-damage|p1a: Dondozo|72\/100|[from] Spikes\n|turn|27\n|\n|t:|1698116734\n|-terastallize|p2a: Chi-Yu|Poison\n|move|p2a: Chi-Yu|Psychic|p1a: Dondozo\n|-damage|p1a: Dondozo|31\/100\n|move|p1a: Dondozo|Chilling Water|p2a: Chi-Yu\n|-damage|p2a: Chi-Yu|87\/100\n|-unboost|p2a: Chi-Yu|atk|1\n|\n|-heal|p1a: Dondozo|37\/100|[from] item: Leftovers\n|upkeep\n|turn|28\n|\n|t:|1698116746\n|move|p2a: Chi-Yu|Psychic|p1a: Dondozo\n|-damage|p1a: Dondozo|0 fnt\n|faint|p1a: Dondozo\n|\n|upkeep\n|\n|t:|1698116750\n|switch|p1a: Espathra|Espathra, M, shiny|100\/100\n|-damage|p1a: Espathra|88\/100|[from] Stealth Rock\n|-damage|p1a: Espathra|71\/100|[from] Spikes\n|turn|29\n|\n|t:|1698116760\n|switch|p2a: Mandibuzz|Mandibuzz, F|80\/100\n|move|p1a: Espathra|Protect||[still]\n|-fail|p1a: Espathra\n|\n|-heal|p1a: Espathra|78\/100|[from] item: Leftovers\n|-ability|p1a: Espathra|Speed Boost|boost\n|-boost|p1a: Espathra|spe|1\n|upkeep\n|turn|30\n|\n|t:|1698116770\n|move|p1a: Espathra|Protect|p1a: Espathra\n|-singleturn|p1a: Espathra|Protect\n|move|p2a: Mandibuzz|Toxic|p1a: Espathra\n|-activate|p1a: Espathra|move: Protect\n|\n|-heal|p1a: Espathra|84\/100|[from] item: Leftovers\n|-ability|p1a: Espathra|Speed Boost|boost\n|-boost|p1a: Espathra|spe|1\n|upkeep\n|turn|31\n|\n|t:|1698116779\n|-terastallize|p1a: Espathra|Steel\n|move|p1a: Espathra|Calm Mind|p1a: Espathra\n|-boost|p1a: Espathra|spa|1\n|-boost|p1a: Espathra|spd|1\n|move|p2a: Mandibuzz|Toxic|p1a: Espathra\n|-immune|p1a: Espathra\n|\n|-heal|p1a: Espathra|90\/100|[from] item: Leftovers\n|-ability|p1a: Espathra|Speed Boost|boost\n|-boost|p1a: Espathra|spe|1\n|upkeep\n|turn|32\n|\n|t:|1698116791\n|switch|p2a: Ting-Lu|Ting-Lu|57\/100\n|-ability|p2a: Ting-Lu|Vessel of Ruin\n|move|p1a: Espathra|Calm Mind|p1a: Espathra\n|-boost|p1a: Espathra|spa|1\n|-boost|p1a: Espathra|spd|1\n|\n|-heal|p1a: Espathra|96\/100|[from] item: Leftovers\n|-heal|p2a: Ting-Lu|64\/100|[from] item: Leftovers\n|-ability|p1a: Espathra|Speed Boost|boost\n|-boost|p1a: Espathra|spe|1\n|upkeep\n|turn|33\n|\n|t:|1698116804\n|move|p1a: Espathra|Dazzling Gleam|p2a: Ting-Lu\n|-supereffective|p2a: Ting-Lu\n|-damage|p2a: Ting-Lu|23\/100\n|move|p2a: Ting-Lu|Whirlwind|p1a: Espathra\n|drag|p1a: Arceus|Arceus-Grass|88\/100\n|-damage|p1a: Arceus|76\/100|[from] Stealth Rock\n|-damage|p1a: Arceus|59\/100|[from] Spikes\n|\n|-heal|p2a: Ting-Lu|29\/100|[from] item: Leftovers\n|upkeep\n|turn|34\n|\n|t:|1698116816\n|switch|p2a: Mandibuzz|Mandibuzz, F|80\/100\n|move|p1a: Arceus|Judgment|p2a: Mandibuzz\n|-resisted|p2a: Mandibuzz\n|-damage|p2a: Mandibuzz|61\/100\n|\n|upkeep\n|turn|35\n|\n|t:|1698116824\n|switch|p1a: Espathra|Espathra, M, shiny, tera:Steel|96\/100\n|-damage|p1a: Espathra|90\/100|[from] Stealth Rock\n|-damage|p1a: Espathra|73\/100|[from] Spikes\n|switch|p2a: Chi-Yu|Chi-Yu, tera:Poison|87\/100\n|-ability|p2a: Chi-Yu|Beads of Ruin\n|\n|-heal|p1a: Espathra|79\/100|[from] item: Leftovers\n|upkeep\n|turn|36\n|\n|t:|1698116836\n|move|p1a: Espathra|Protect|p1a: Espathra\n|-singleturn|p1a: Espathra|Protect\n|move|p2a: Chi-Yu|Flamethrower|p1a: Espathra\n|-activate|p1a: Espathra|move: Protect\n|\n|-heal|p1a: Espathra|85\/100|[from] item: Leftovers\n|-ability|p1a: Espathra|Speed Boost|boost\n|-boost|p1a: Espathra|spe|1\n|upkeep\n|turn|37\n|\n|t:|1698116845\n|move|p2a: Chi-Yu|Flamethrower|p1a: Espathra\n|-supereffective|p1a: Espathra\n|-damage|p1a: Espathra|0 fnt\n|faint|p1a: Espathra\n|\n|upkeep\n|-message|cstaggs411 forfeited.\n|\n|win|YoungEsq\n|raw|cstaggs411's rating: 1267 &rarr; <strong>1253<\/strong><br \/>(-14 for losing)\n|raw|YoungEsq's rating: 1435 &rarr; <strong>1446<\/strong><br \/>(+11 for winning)\n|l|\u2606cstaggs411\n","uploadtime":1698116861,"views":6,"p1id":"cstaggs411","p2id":"youngesq","formatid":"gen9anythinggoes","rating":1253,"private":0,"password":""}