{"id":"gen9anythinggoes-1977590601","p1":"hhlw","p2":"Naeval_Eco","format":"[Gen 9] Anything Goes","log":"|j|\u2606hhlw\n|j|\u2606Naeval_Eco\n|t:|1698429926\n|gametype|singles\n|player|p1|hhlw|acetrainerf|\n|player|p2|Naeval_Eco|iris-gen5bw2|\n|teamsize|p1|6\n|teamsize|p2|6\n|gen|9\n|tier|[Gen 9] Anything Goes\n|rule|HP Percentage Mod: HP is shown in percentages\n|rule|Endless Battle Clause: Forcing endless battles is banned\n|clearpoke\n|poke|p1|Corviknight, M|\n|poke|p1|Dudunsparce-*, F|\n|poke|p1|Slither Wing|\n|poke|p1|Zamazenta-*|\n|poke|p1|Kyogre|\n|poke|p1|Hoopa-Unbound|\n|poke|p2|Espeon, M|\n|poke|p2|Glimmora, M|\n|poke|p2|Leafeon, M|\n|poke|p2|Walking Wake|\n|poke|p2|Polteageist|\n|poke|p2|Snorlax, F|\n|teampreview\n|inactive|Battle timer is ON: inactive players will automatically lose when time's up. (requested by Naeval_Eco)\n|\n|t:|1698429941\n|start\n|switch|p1a: Corviknight|Corviknight, M, shiny|100\/100\n|switch|p2a: Espeon|Espeon, M|100\/100\n|-ability|p1a: Corviknight|Pressure\n|turn|1\n|\n|t:|1698429969\n|move|p2a: Espeon|Light Screen|p2a: Espeon\n|-sidestart|p2: Naeval_Eco|move: Light Screen\n|move|p1a: Corviknight|Body Press|p2a: Espeon\n|-resisted|p2a: Espeon\n|-damage|p2a: Espeon|86\/100\n|\n|upkeep\n|turn|2\n|\n|t:|1698429976\n|move|p1a: Corviknight|Protect|p1a: Corviknight\n|-singleturn|p1a: Corviknight|Protect\n|move|p2a: Espeon|Calm Mind|p2a: Espeon\n|-boost|p2a: Espeon|spa|1\n|-boost|p2a: Espeon|spd|1\n|\n|upkeep\n|turn|3\n|\n|t:|1698429984\n|move|p2a: Espeon|Calm Mind|p2a: Espeon\n|-boost|p2a: Espeon|spa|1\n|-boost|p2a: Espeon|spd|1\n|move|p1a: Corviknight|Body Slam|p2a: Espeon\n|-damage|p2a: Espeon|52\/100\n|\n|upkeep\n|turn|4\n|\n|t:|1698429993\n|move|p2a: Espeon|Reflect|p2a: Espeon\n|-sidestart|p2: Naeval_Eco|Reflect\n|move|p1a: Corviknight|Body Press|p2a: Espeon\n|-resisted|p2a: Espeon\n|-damage|p2a: Espeon|44\/100\n|\n|upkeep\n|turn|5\n|\n|t:|1698430001\n|move|p2a: Espeon|Psychic|p1a: Corviknight\n|-resisted|p1a: Corviknight\n|-damage|p1a: Corviknight|60\/100\n|move|p1a: Corviknight|Body Press|p2a: Espeon\n|-resisted|p2a: Espeon\n|-damage|p2a: Espeon|37\/100\n|\n|-sideend|p2: Naeval_Eco|move: Light Screen\n|upkeep\n|turn|6\n|\n|t:|1698430010\n|move|p1a: Corviknight|Protect|p1a: Corviknight\n|-singleturn|p1a: Corviknight|Protect\n|move|p2a: Espeon|Light Screen|p2a: Espeon\n|-sidestart|p2: Naeval_Eco|move: Light Screen\n|\n|upkeep\n|turn|7\n|\n|t:|1698430016\n|move|p2a: Espeon|Psychic|p1a: Corviknight\n|-resisted|p1a: Corviknight\n|-damage|p1a: Corviknight|17\/100\n|-enditem|p1a: Corviknight|Wiki Berry|[eat]\n|-heal|p1a: Corviknight|50\/100|[from] item: Wiki Berry\n|move|p1a: Corviknight|Roost|p1a: Corviknight\n|-heal|p1a: Corviknight|99\/100\n|-singleturn|p1a: Corviknight|move: Roost\n|\n|upkeep\n|turn|8\n|\n|t:|1698430026\n|move|p2a: Espeon|Psychic|p1a: Corviknight\n|-resisted|p1a: Corviknight\n|-damage|p1a: Corviknight|54\/100\n|move|p1a: Corviknight|Body Press|p2a: Espeon\n|-resisted|p2a: Espeon\n|-damage|p2a: Espeon|29\/100\n|\n|-sideend|p2: Naeval_Eco|Reflect\n|upkeep\n|turn|9\n|\n|t:|1698430037\n|move|p2a: Espeon|Reflect|p2a: Espeon\n|-sidestart|p2: Naeval_Eco|Reflect\n|move|p1a: Corviknight|Roost|p1a: Corviknight\n|-heal|p1a: Corviknight|100\/100\n|-singleturn|p1a: Corviknight|move: Roost\n|\n|upkeep\n|turn|10\n|\n|t:|1698430045\n|move|p1a: Corviknight|Protect|p1a: Corviknight\n|-singleturn|p1a: Corviknight|Protect\n|move|p2a: Espeon|Psychic|p1a: Corviknight\n|-activate|p1a: Corviknight|move: Protect\n|\n|-sideend|p2: Naeval_Eco|move: Light Screen\n|upkeep\n|turn|11\n|\n|t:|1698430054\n|move|p2a: Espeon|Light Screen|p2a: Espeon\n|-sidestart|p2: Naeval_Eco|move: Light Screen\n|move|p1a: Corviknight|Body Slam|p2a: Espeon\n|-damage|p2a: Espeon|12\/100\n|\n|upkeep\n|turn|12\n|\n|t:|1698430061\n|move|p2a: Espeon|Calm Mind|p2a: Espeon\n|-boost|p2a: Espeon|spa|1\n|-boost|p2a: Espeon|spd|1\n|move|p1a: Corviknight|Body Slam|p2a: Espeon\n|-damage|p2a: Espeon|0 fnt\n|faint|p2a: Espeon\n|\n|upkeep\n|\n|t:|1698430069\n|switch|p2a: Glimmora|Glimmora, M|100\/100\n|turn|13\n|\n|t:|1698430079\n|move|p1a: Corviknight|Body Press|p2a: Glimmora\n|-damage|p2a: Glimmora|91\/100\n|-activate|p2a: Glimmora|ability: Toxic Debris\n|-sidestart|p1: hhlw|move: Toxic Spikes\n|move|p2a: Glimmora|Stealth Rock|p1a: Corviknight\n|-sidestart|p1: hhlw|move: Stealth Rock\n|\n|-heal|p2a: Glimmora|97\/100|[from] item: Leftovers\n|-sideend|p2: Naeval_Eco|Reflect\n|upkeep\n|turn|14\n|\n|t:|1698430091\n|move|p1a: Corviknight|Body Slam|p2a: Glimmora\n|-resisted|p2a: Glimmora\n|-damage|p2a: Glimmora|86\/100\n|-activate|p2a: Glimmora|ability: Toxic Debris\n|-sidestart|p1: hhlw|move: Toxic Spikes\n|move|p2a: Glimmora|Spikes|p1a: Corviknight\n|-sidestart|p1: hhlw|Spikes\n|\n|-heal|p2a: Glimmora|92\/100|[from] item: Leftovers\n|upkeep\n|turn|15\n|\n|t:|1698430113\n|-terastallize|p1a: Corviknight|Flying\n|move|p1a: Corviknight|Body Slam|p2a: Glimmora\n|-resisted|p2a: Glimmora\n|-damage|p2a: Glimmora|82\/100\n|-status|p2a: Glimmora|par\n|move|p2a: Glimmora|Spikes|p1a: Corviknight\n|-sidestart|p1: hhlw|Spikes\n|\n|-heal|p2a: Glimmora|88\/100 par|[from] item: Leftovers\n|-sideend|p2: Naeval_Eco|move: Light Screen\n|upkeep\n|turn|16\n|\n|t:|1698430127\n|move|p1a: Corviknight|Body Press|p2a: Glimmora\n|-damage|p2a: Glimmora|68\/100 par\n|move|p2a: Glimmora|Toxic Spikes||[still]\n|-fail|p2a: Glimmora\n|\n|-heal|p2a: Glimmora|74\/100 par|[from] item: Leftovers\n|upkeep\n|turn|17\n|\n|t:|1698430136\n|move|p1a: Corviknight|Body Slam|p2a: Glimmora\n|-resisted|p2a: Glimmora\n|-damage|p2a: Glimmora|63\/100 par\n|cant|p2a: Glimmora|par\n|\n|-heal|p2a: Glimmora|69\/100 par|[from] item: Leftovers\n|upkeep\n|turn|18\n|\n|t:|1698430145\n|move|p1a: Corviknight|Body Press|p2a: Glimmora\n|-damage|p2a: Glimmora|48\/100 par\n|move|p2a: Glimmora|Sludge Wave|p1a: Corviknight\n|-damage|p1a: Corviknight|53\/100\n|\n|-heal|p2a: Glimmora|54\/100 par|[from] item: Leftovers\n|upkeep\n|turn|19\n|\n|t:|1698430155\n|move|p1a: Corviknight|Roost|p1a: Corviknight\n|-heal|p1a: Corviknight|100\/100\n|-hint|If a Flying Terastallized Pokemon uses Roost, it remains Flying-type.\n|move|p2a: Glimmora|Sludge Wave|p1a: Corviknight\n|-damage|p1a: Corviknight|51\/100\n|\n|-heal|p2a: Glimmora|60\/100 par|[from] item: Leftovers\n|upkeep\n|turn|20\n|\n|t:|1698430164\n|move|p1a: Corviknight|Roost|p1a: Corviknight\n|-heal|p1a: Corviknight|100\/100\n|-hint|If a Flying Terastallized Pokemon uses Roost, it remains Flying-type.\n|move|p2a: Glimmora|Sludge Wave|p1a: Corviknight\n|-damage|p1a: Corviknight|57\/100\n|\n|-heal|p2a: Glimmora|66\/100 par|[from] item: Leftovers\n|upkeep\n|turn|21\n|\n|t:|1698430174\n|move|p1a: Corviknight|Body Press|p2a: Glimmora\n|-damage|p2a: Glimmora|45\/100 par\n|cant|p2a: Glimmora|par\n|\n|-heal|p2a: Glimmora|51\/100 par|[from] item: Leftovers\n|upkeep\n|turn|22\n|\n|t:|1698430186\n|move|p1a: Corviknight|Protect|p1a: Corviknight\n|-singleturn|p1a: Corviknight|Protect\n|move|p2a: Glimmora|Sludge Wave|p1a: Corviknight\n|-activate|p1a: Corviknight|move: Protect\n|\n|-heal|p2a: Glimmora|57\/100 par|[from] item: Leftovers\n|upkeep\n|turn|23\n|\n|t:|1698430197\n|move|p1a: Corviknight|Roost|p1a: Corviknight\n|-heal|p1a: Corviknight|100\/100\n|-hint|If a Flying Terastallized Pokemon uses Roost, it remains Flying-type.\n|move|p2a: Glimmora|Spikes|p1a: Corviknight\n|-sidestart|p1: hhlw|Spikes\n|\n|-heal|p2a: Glimmora|63\/100 par|[from] item: Leftovers\n|upkeep\n|turn|24\n|\n|t:|1698430216\n|move|p1a: Corviknight|Body Press|p2a: Glimmora\n|-damage|p2a: Glimmora|45\/100 par\n|move|p2a: Glimmora|Stealth Rock||[still]\n|-fail|p2a: Glimmora\n|\n|-heal|p2a: Glimmora|51\/100 par|[from] item: Leftovers\n|upkeep\n|turn|25\n|\n|t:|1698430225\n|move|p1a: Corviknight|Protect|p1a: Corviknight\n|-singleturn|p1a: Corviknight|Protect\n|move|p2a: Glimmora|Sludge Wave|p1a: Corviknight\n|-activate|p1a: Corviknight|move: Protect\n|\n|-heal|p2a: Glimmora|57\/100 par|[from] item: Leftovers\n|upkeep\n|turn|26\n|\n|t:|1698430237\n|move|p1a: Corviknight|Body Press|p2a: Glimmora\n|-damage|p2a: Glimmora|35\/100 par\n|move|p2a: Glimmora|Sludge Wave|p1a: Corviknight\n|-damage|p1a: Corviknight|51\/100\n|\n|-heal|p2a: Glimmora|41\/100 par|[from] item: Leftovers\n|upkeep\n|turn|27\n|\n|t:|1698430246\n|move|p1a: Corviknight|Roost|p1a: Corviknight\n|-heal|p1a: Corviknight|100\/100\n|-hint|If a Flying Terastallized Pokemon uses Roost, it remains Flying-type.\n|move|p2a: Glimmora|Sludge Wave|p1a: Corviknight\n|-damage|p1a: Corviknight|56\/100\n|\n|-heal|p2a: Glimmora|47\/100 par|[from] item: Leftovers\n|upkeep\n|turn|28\n|\n|t:|1698430255\n|move|p1a: Corviknight|Body Press|p2a: Glimmora\n|-damage|p2a: Glimmora|27\/100 par\n|cant|p2a: Glimmora|par\n|\n|-heal|p2a: Glimmora|33\/100 par|[from] item: Leftovers\n|upkeep\n|turn|29\n|\n|t:|1698430263\n|move|p1a: Corviknight|Protect|p1a: Corviknight\n|-singleturn|p1a: Corviknight|Protect\n|move|p2a: Glimmora|Sludge Wave|p1a: Corviknight\n|-activate|p1a: Corviknight|move: Protect\n|\n|-heal|p2a: Glimmora|39\/100 par|[from] item: Leftovers\n|upkeep\n|turn|30\n|\n|t:|1698430275\n|switch|p2a: Walking Wake|Walking Wake|100\/100\n|move|p1a: Corviknight|Roost|p1a: Corviknight\n|-heal|p1a: Corviknight|100\/100\n|-hint|If a Flying Terastallized Pokemon uses Roost, it remains Flying-type.\n|\n|upkeep\n|turn|31\n|\n|t:|1698430286\n|move|p2a: Walking Wake|Dragon Dance|p2a: Walking Wake\n|-boost|p2a: Walking Wake|atk|1\n|-boost|p2a: Walking Wake|spe|1\n|move|p1a: Corviknight|Body Press|p2a: Walking Wake\n|-damage|p2a: Walking Wake|81\/100\n|\n|upkeep\n|turn|32\n|\n|t:|1698430308\n|move|p1a: Corviknight|Protect|p1a: Corviknight\n|-singleturn|p1a: Corviknight|Protect\n|move|p2a: Walking Wake|Flamethrower|p1a: Corviknight\n|-activate|p1a: Corviknight|move: Protect\n|\n|upkeep\n|turn|33\n|\n|t:|1698430316\n|move|p2a: Walking Wake|Flamethrower|p1a: Corviknight\n|-damage|p1a: Corviknight|67\/100\n|move|p1a: Corviknight|Body Slam|p2a: Walking Wake\n|-damage|p2a: Walking Wake|58\/100\n|-status|p2a: Walking Wake|par\n|\n|upkeep\n|turn|34\n|\n|t:|1698430326\n|move|p2a: Walking Wake|Dragon Dance|p2a: Walking Wake\n|-boost|p2a: Walking Wake|atk|1\n|-boost|p2a: Walking Wake|spe|1\n|move|p1a: Corviknight|Roost|p1a: Corviknight\n|-heal|p1a: Corviknight|100\/100\n|-hint|If a Flying Terastallized Pokemon uses Roost, it remains Flying-type.\n|\n|upkeep\n|turn|35\n|\n|t:|1698430334\n|move|p2a: Walking Wake|Dragon Dance|p2a: Walking Wake\n|-boost|p2a: Walking Wake|atk|1\n|-boost|p2a: Walking Wake|spe|1\n|move|p1a: Corviknight|Body Press|p2a: Walking Wake\n|-damage|p2a: Walking Wake|39\/100 par\n|\n|upkeep\n|turn|36\n|\n|t:|1698430342\n|move|p2a: Walking Wake|Flamethrower|p1a: Corviknight\n|-damage|p1a: Corviknight|67\/100\n|move|p1a: Corviknight|Body Slam|p2a: Walking Wake\n|-damage|p2a: Walking Wake|16\/100 par\n|\n|upkeep\n|turn|37\n|\n|t:|1698430351\n|move|p1a: Corviknight|Protect|p1a: Corviknight\n|-singleturn|p1a: Corviknight|Protect\n|move|p2a: Walking Wake|Hydro Steam|p1a: Corviknight\n|-activate|p1a: Corviknight|move: Protect\n|\n|upkeep\n|turn|38\n|\n|t:|1698430359\n|cant|p2a: Walking Wake|par\n|move|p1a: Corviknight|Body Slam|p2a: Walking Wake\n|-damage|p2a: Walking Wake|0 fnt\n|faint|p2a: Walking Wake\n|-end|p2a: Walking Wake|Protosynthesis|[silent]\n|\n|upkeep\n|\n|t:|1698430368\n|switch|p2a: Snorlax|Snorlax, F|100\/100\n|turn|39\n|\n|t:|1698430392\n|move|p1a: Corviknight|Body Press|p2a: Snorlax\n|-supereffective|p2a: Snorlax\n|-damage|p2a: Snorlax|70\/100\n|move|p2a: Snorlax|Yawn|p1a: Corviknight\n|-start|p1a: Corviknight|move: Yawn|[of] p2a: Snorlax\n|\n|-heal|p2a: Snorlax|76\/100|[from] item: Leftovers\n|upkeep\n|turn|40\n|inactive|Naeval_Eco has 270 seconds left.\n|\n|t:|1698430428\n|move|p1a: Corviknight|Body Slam|p2a: Snorlax\n|-damage|p2a: Snorlax|59\/100\n|move|p2a: Snorlax|Heat Crash|p1a: Corviknight\n|-damage|p1a: Corviknight|40\/100\n|\n|-heal|p2a: Snorlax|65\/100|[from] item: Leftovers\n|-end|p1a: Corviknight|move: Yawn|[silent]\n|-status|p1a: Corviknight|slp\n|upkeep\n|turn|41\n|inactive|Naeval_Eco has 270 seconds left.\n|\n|t:|1698430442\n|cant|p1a: Corviknight|slp\n|move|p2a: Snorlax|Heat Crash|p1a: Corviknight\n|-damage|p1a: Corviknight|11\/100 slp\n|\n|-heal|p2a: Snorlax|71\/100|[from] item: Leftovers\n|upkeep\n|turn|42\n|inactive|Naeval_Eco has 270 seconds left.\n|\n|t:|1698430451\n|cant|p1a: Corviknight|slp\n|move|p2a: Snorlax|Heat Crash|p1a: Corviknight\n|-damage|p1a: Corviknight|0 fnt\n|faint|p1a: Corviknight\n|\n|-heal|p2a: Snorlax|77\/100|[from] item: Leftovers\n|upkeep\n|\n|t:|1698430460\n|switch|p1a: Hoopa|Hoopa-Unbound|100\/100\n|-status|p1a: Hoopa|tox\n|-damage|p1a: Hoopa|88\/100 tox|[from] Stealth Rock\n|-damage|p1a: Hoopa|63\/100 tox|[from] Spikes\n|turn|43\n|\n|t:|1698430473\n|move|p1a: Hoopa|Psychic|p2a: Snorlax\n|-damage|p2a: Snorlax|37\/100\n|-damage|p1a: Hoopa|53\/100 tox|[from] item: Life Orb\n|move|p2a: Snorlax|Yawn||[still]\n|-fail|p2a: Snorlax\n|\n|-heal|p2a: Snorlax|43\/100|[from] item: Leftovers\n|-damage|p1a: Hoopa|47\/100 tox|[from] psn\n|upkeep\n|turn|44\n|\n|t:|1698430486\n|move|p1a: Hoopa|Psychic|p2a: Snorlax\n|-damage|p2a: Snorlax|6\/100\n|-unboost|p2a: Snorlax|spd|1\n|-damage|p1a: Hoopa|37\/100 tox|[from] item: Life Orb\n|move|p2a: Snorlax|Heavy Slam|p1a: Hoopa\n|-damage|p1a: Hoopa|23\/100 tox\n|\n|-heal|p2a: Snorlax|12\/100|[from] item: Leftovers\n|-damage|p1a: Hoopa|10\/100 tox|[from] psn\n|upkeep\n|turn|45\n|\n|t:|1698430498\n|move|p1a: Hoopa|Drain Punch|p2a: Snorlax\n|-supereffective|p2a: Snorlax\n|-damage|p2a: Snorlax|0 fnt\n|-heal|p1a: Hoopa|18\/100 tox|[from] drain|[of] p2a: Snorlax\n|faint|p2a: Snorlax\n|-damage|p1a: Hoopa|8\/100 tox|[from] item: Life Orb\n|\n|-damage|p1a: Hoopa|0 fnt|[from] psn\n|faint|p1a: Hoopa\n|upkeep\n|\n|t:|1698430526\n|switch|p1a: Zamazenta|Zamazenta|100\/100\n|switch|p2a: Glimmora|Glimmora, M|39\/100 par\n|-status|p1a: Zamazenta|tox\n|-damage|p1a: Zamazenta|94\/100 tox|[from] Stealth Rock\n|-damage|p1a: Zamazenta|69\/100 tox|[from] Spikes\n|-ability|p1a: Zamazenta|Dauntless Shield|boost\n|-boost|p1a: Zamazenta|def|1\n|turn|46\n|inactive|Naeval_Eco has 270 seconds left.\n|\n|t:|1698430542\n|move|p1a: Zamazenta|Brick Break|p2a: Glimmora\n|-damage|p2a: Glimmora|4\/100 par\n|move|p2a: Glimmora|Spikes||[still]\n|-fail|p2a: Glimmora\n|\n|-heal|p2a: Glimmora|10\/100 par|[from] item: Leftovers\n|-damage|p1a: Zamazenta|63\/100 tox|[from] psn\n|upkeep\n|turn|47\n|\n|t:|1698430551\n|move|p1a: Zamazenta|Brick Break|p2a: Glimmora\n|-crit|p2a: Glimmora\n|-damage|p2a: Glimmora|0 fnt\n|faint|p2a: Glimmora\n|\n|-damage|p1a: Zamazenta|50\/100 tox|[from] psn\n|upkeep\n|inactive|Naeval_Eco has 270 seconds left.\n|\n|t:|1698430563\n|switch|p2a: Polteageist|Polteageist|100\/100\n|turn|48\n|inactive|Naeval_Eco has 270 seconds left.\n|\n|t:|1698430577\n|move|p1a: Zamazenta|Stone Edge|p2a: Polteageist\n|-damage|p2a: Polteageist|49\/100\n|-ability|p2a: Polteageist|Weak Armor|boost\n|-unboost|p2a: Polteageist|def|1\n|-boost|p2a: Polteageist|spe|2\n|-enditem|p2a: Polteageist|White Herb\n|-clearnegativeboost|p2a: Polteageist|[silent]\n|move|p2a: Polteageist|Shell Smash|p2a: Polteageist\n|-unboost|p2a: Polteageist|def|1\n|-unboost|p2a: Polteageist|spd|1\n|-boost|p2a: Polteageist|atk|2\n|-boost|p2a: Polteageist|spa|2\n|-boost|p2a: Polteageist|spe|2\n|\n|-damage|p1a: Zamazenta|32\/100 tox|[from] psn\n|upkeep\n|turn|49\n|inactive|Naeval_Eco has 270 seconds left.\n|\n|t:|1698430592\n|move|p2a: Polteageist|Psychic|p1a: Zamazenta\n|-supereffective|p1a: Zamazenta\n|-damage|p1a: Zamazenta|0 fnt\n|faint|p1a: Zamazenta\n|\n|upkeep\n|\n|t:|1698430607\n|switch|p1a: Slither Wing|Slither Wing|100\/100\n|-status|p1a: Slither Wing|tox\n|-damage|p1a: Slither Wing|88\/100 tox|[from] Stealth Rock\n|-damage|p1a: Slither Wing|63\/100 tox|[from] Spikes\n|turn|50\n|\n|t:|1698430617\n|move|p1a: Slither Wing|First Impression|p2a: Polteageist\n|-resisted|p2a: Polteageist\n|-damage|p2a: Polteageist|0 fnt\n|faint|p2a: Polteageist\n|\n|-damage|p1a: Slither Wing|57\/100 tox|[from] psn\n|upkeep\n|\n|t:|1698430624\n|switch|p2a: Leafeon|Leafeon, M|100\/100\n|turn|51\n|\n|t:|1698430632\n|move|p2a: Leafeon|Calm Mind|p2a: Leafeon\n|-boost|p2a: Leafeon|spa|1\n|-boost|p2a: Leafeon|spd|1\n|move|p1a: Slither Wing|Low Kick|p2a: Leafeon\n|-crit|p2a: Leafeon\n|-damage|p2a: Leafeon|61\/100\n|\n|-damage|p1a: Slither Wing|45\/100 tox|[from] psn\n|upkeep\n|turn|52\n|\n|t:|1698430641\n|move|p1a: Slither Wing|First Impression||[still]\n|-hint|First Impression only works on your first turn out.\n|-fail|p1a: Slither Wing\n|move|p2a: Leafeon|Leech Seed|p1a: Slither Wing\n|-start|p1a: Slither Wing|move: Leech Seed\n|\n|-damage|p1a: Slither Wing|32\/100 tox|[from] Leech Seed|[of] p2a: Leafeon\n|-heal|p2a: Leafeon|75\/100|[silent]\n|-damage|p1a: Slither Wing|14\/100 tox|[from] psn\n|upkeep\n|turn|53\n|\n|t:|1698430653\n|move|p2a: Leafeon|Calm Mind|p2a: Leafeon\n|-boost|p2a: Leafeon|spa|1\n|-boost|p2a: Leafeon|spd|1\n|move|p1a: Slither Wing|Close Combat|p2a: Leafeon\n|-damage|p2a: Leafeon|21\/100\n|-unboost|p1a: Slither Wing|def|1\n|-unboost|p1a: Slither Wing|spd|1\n|-enditem|p2a: Leafeon|Salac Berry|[eat]\n|-boost|p2a: Leafeon|spe|1|[from] item: Salac Berry\n|\n|-damage|p1a: Slither Wing|2\/100 tox|[from] Leech Seed|[of] p2a: Leafeon\n|-heal|p2a: Leafeon|36\/100|[silent]\n|-damage|p1a: Slither Wing|0 fnt|[from] psn\n|faint|p1a: Slither Wing\n|-end|p1a: Slither Wing|Protosynthesis|[silent]\n|upkeep\n|\n|t:|1698430667\n|switch|p1a: Dudunsparce|Dudunsparce-Three-Segment, F|100\/100\n|-status|p1a: Dudunsparce|tox\n|-damage|p1a: Dudunsparce|88\/100 tox|[from] Stealth Rock\n|-damage|p1a: Dudunsparce|63\/100 tox|[from] Spikes\n|turn|54\n|\n|t:|1698430676\n|move|p2a: Leafeon|Leech Seed|p1a: Dudunsparce\n|-start|p1a: Dudunsparce|move: Leech Seed\n|move|p1a: Dudunsparce|Agility|p1a: Dudunsparce\n|-boost|p1a: Dudunsparce|spe|2\n|\n|-damage|p1a: Dudunsparce|51\/100 tox|[from] Leech Seed|[of] p2a: Leafeon\n|-heal|p2a: Leafeon|54\/100|[silent]\n|-damage|p1a: Dudunsparce|45\/100 tox|[from] psn\n|upkeep\n|turn|55\n|\n|t:|1698430689\n|move|p2a: Leafeon|Calm Mind|p2a: Leafeon\n|-boost|p2a: Leafeon|spa|1\n|-boost|p2a: Leafeon|spd|1\n|move|p1a: Dudunsparce|Body Slam|p2a: Leafeon\n|-damage|p2a: Leafeon|23\/100\n|-status|p2a: Leafeon|par\n|\n|-damage|p1a: Dudunsparce|33\/100 tox|[from] Leech Seed|[of] p2a: Leafeon\n|-heal|p2a: Leafeon|41\/100 par|[silent]\n|-damage|p1a: Dudunsparce|21\/100 tox|[from] psn\n|upkeep\n|-enditem|p1a: Dudunsparce|Aguav Berry|[eat]\n|-heal|p1a: Dudunsparce|54\/100 tox|[from] item: Aguav Berry\n|turn|56\n|\n|t:|1698430706\n|move|p1a: Dudunsparce|Body Slam|p2a: Leafeon\n|-crit|p2a: Leafeon\n|-damage|p2a: Leafeon|0 fnt\n|faint|p2a: Leafeon\n|\n|win|hhlw\n|l|\u2606Naeval_Eco\n","uploadtime":1698430735,"views":7,"p1id":"hhlw","p2id":"naevaleco","formatid":"gen9anythinggoes","rating":0,"private":0,"password":""}