{"id":"gen9anythinggoes-1980944803","p1":"IronDron","p2":"CharaB","format":"[Gen 9] Anything Goes","log":"|j|\u2606IronDron\n|j|\u2606CharaB\n|t:|1698851157\n|gametype|singles\n|player|p1|IronDron|170|1184\n|player|p2|CharaB|cynthia-gen4|1246\n|teamsize|p1|6\n|teamsize|p2|6\n|gen|9\n|tier|[Gen 9] Anything Goes\n|rated|\n|rule|HP Percentage Mod: HP is shown in percentages\n|rule|Endless Battle Clause: Forcing endless battles is banned\n|clearpoke\n|poke|p1|Hariyama, F|\n|poke|p1|Garchomp, M|\n|poke|p1|Lokix, M|\n|poke|p1|Forretress, M|\n|poke|p1|Gallade, M|\n|poke|p1|Volcarona, F|\n|poke|p2|Clodsire, M|\n|poke|p2|Toxapex, F|\n|poke|p2|Venomoth, M|\n|poke|p2|Vivillon-Fancy, F|\n|poke|p2|Umbreon, M|\n|poke|p2|Pawmot, F|\n|teampreview\n|inactive|Battle timer is ON: inactive players will automatically lose when time's up. (requested by CharaB)\n|\n|t:|1698851181\n|start\n|switch|p1a: Special|Volcarona, F|100\/100\n|switch|p2a: Bunker Venenoso|Toxapex, F, shiny|100\/100\n|turn|1\n|\n|t:|1698851188\n|move|p1a: Special|Quiver Dance|p1a: Special\n|-boost|p1a: Special|spa|1\n|-boost|p1a: Special|spd|1\n|-boost|p1a: Special|spe|1\n|move|p2a: Bunker Venenoso|Toxic Spikes|p1a: Special\n|-sidestart|p1: IronDron|move: Toxic Spikes\n|\n|upkeep\n|turn|2\n|\n|t:|1698851193\n|move|p1a: Special|Quiver Dance|p1a: Special\n|-boost|p1a: Special|spa|1\n|-boost|p1a: Special|spd|1\n|-boost|p1a: Special|spe|1\n|move|p2a: Bunker Venenoso|Haze|p2a: Bunker Venenoso\n|-clearallboost\n|\n|upkeep\n|turn|3\n|\n|t:|1698851208\n|switch|p2a: Umbreon|Umbreon, M|100\/100\n|move|p1a: Special|Quiver Dance|p1a: Special\n|-boost|p1a: Special|spa|1\n|-boost|p1a: Special|spd|1\n|-boost|p1a: Special|spe|1\n|\n|upkeep\n|turn|4\n|\n|t:|1698851215\n|move|p1a: Special|Bug Buzz|p2a: Umbreon\n|-supereffective|p2a: Umbreon\n|-damage|p2a: Umbreon|18\/100\n|move|p2a: Umbreon|Toxic|p1a: Special\n|-status|p1a: Special|tox\n|\n|-heal|p2a: Umbreon|24\/100|[from] item: Leftovers\n|-damage|p1a: Special|94\/100 tox|[from] psn\n|upkeep\n|turn|5\n|\n|t:|1698851224\n|move|p1a: Special|Bug Buzz|p2a: Umbreon\n|-supereffective|p2a: Umbreon\n|-damage|p2a: Umbreon|0 fnt\n|faint|p2a: Umbreon\n|\n|-damage|p1a: Special|82\/100 tox|[from] psn\n|upkeep\n|\n|t:|1698851229\n|switch|p2a: Leader P|Clodsire, M|100\/100\n|turn|6\n|\n|t:|1698851239\n|move|p1a: Special|Quiver Dance|p1a: Special\n|-boost|p1a: Special|spa|1\n|-boost|p1a: Special|spd|1\n|-boost|p1a: Special|spe|1\n|move|p2a: Leader P|Stealth Rock|p1a: Special\n|-sidestart|p1: IronDron|move: Stealth Rock\n|\n|-damage|p1a: Special|64\/100 tox|[from] psn\n|upkeep\n|turn|7\n|\n|t:|1698851245\n|move|p2a: Leader P|Protect|p2a: Leader P\n|-singleturn|p2a: Leader P|Protect\n|move|p1a: Special|Giga Drain|p2a: Leader P\n|-activate|p2a: Leader P|move: Protect\n|\n|-damage|p1a: Special|40\/100 tox|[from] psn\n|upkeep\n|turn|8\n|\n|t:|1698851249\n|move|p1a: Special|Giga Drain|p2a: Leader P\n|-damage|p2a: Leader P|70\/100\n|-heal|p1a: Special|63\/100 tox|[from] drain|[of] p2a: Leader P\n|move|p2a: Leader P|Recover|p2a: Leader P\n|-heal|p2a: Leader P|100\/100\n|\n|-damage|p1a: Special|32\/100 tox|[from] psn\n|upkeep\n|turn|9\n|\n|t:|1698851254\n|-terastallize|p1a: Special|Fire\n|move|p2a: Leader P|Protect|p2a: Leader P\n|-singleturn|p2a: Leader P|Protect\n|move|p1a: Special|Flamethrower|p2a: Leader P\n|-activate|p2a: Leader P|move: Protect\n|\n|-damage|p1a: Special|0 fnt|[from] psn\n|faint|p1a: Special\n|upkeep\n|\n|t:|1698851266\n|switch|p1a: No physical|Forretress, M|100\/100\n|turn|10\n|\n|t:|1698851277\n|switch|p2a: Revival Team|Pawmot, F|100\/100\n|move|p1a: No physical|Rapid Spin|p2a: Revival Team\n|-damage|p2a: Revival Team|80\/100\n|-boost|p1a: No physical|spe|1\n|-sideend|p1: IronDron|Toxic Spikes|[from] move: Rapid Spin|[of] p1a: No physical\n|-sideend|p1: IronDron|Stealth Rock|[from] move: Rapid Spin|[of] p1a: No physical\n|\n|upkeep\n|turn|11\n|\n|t:|1698851288\n|move|p2a: Revival Team|Fake Out|p1a: No physical\n|-resisted|p1a: No physical\n|-damage|p1a: No physical|97\/100\n|cant|p1a: No physical|flinch\n|\n|upkeep\n|turn|12\n|\n|t:|1698851303\n|move|p2a: Revival Team|Revival Blessing|p2a: Revival Team\n|\n|t:|1698851312\n|-heal|p2: Umbreon|50\/100|[from] move: Revival Blessing\n|move|p1a: No physical|Curse|p1a: No physical\n|-unboost|p1a: No physical|spe|1\n|-boost|p1a: No physical|atk|1\n|-boost|p1a: No physical|def|1\n|\n|upkeep\n|turn|13\n|c|\u2606IronDron|Me when i revive the dark type vsbtwo bugs and a fighting type\n|\n|t:|1698851335\n|move|p2a: Revival Team|Encore|p1a: No physical\n|-start|p1a: No physical|Encore\n|move|p1a: No physical|Curse|p1a: No physical\n|-unboost|p1a: No physical|spe|1\n|-boost|p1a: No physical|atk|1\n|-boost|p1a: No physical|def|1\n|\n|upkeep\n|turn|14\n|c|\u2606CharaB|relax\n|\n|t:|1698851353\n|switch|p2a: VenoBleem|Vivillon-Fancy, F, shiny|100\/100\n|switch|p1a: Lokix|Lokix, M|100\/100\n|\n|upkeep\n|turn|15\n|\n|t:|1698851359\n|move|p1a: Lokix|First Impression|p2a: VenoBleem\n|-resisted|p2a: VenoBleem\n|-damage|p2a: VenoBleem|18\/100\n|move|p2a: VenoBleem|Quiver Dance|p2a: VenoBleem\n|-boost|p2a: VenoBleem|spa|1\n|-boost|p2a: VenoBleem|spd|1\n|-boost|p2a: VenoBleem|spe|1\n|\n|-heal|p2a: VenoBleem|24\/100|[from] item: Leftovers\n|upkeep\n|turn|16\n|\n|t:|1698851372\n|switch|p1a: No physical|Forretress, M|97\/100\n|move|p2a: VenoBleem|Sleep Powder|p1a: No physical\n|-status|p1a: No physical|slp|[from] move: Sleep Powder\n|\n|-heal|p2a: VenoBleem|31\/100|[from] item: Leftovers\n|upkeep\n|turn|17\n|\n|t:|1698851393\n|switch|p1a: Lokix|Lokix, M|100\/100\n|move|p2a: VenoBleem|Quiver Dance|p2a: VenoBleem\n|-boost|p2a: VenoBleem|spa|1\n|-boost|p2a: VenoBleem|spd|1\n|-boost|p2a: VenoBleem|spe|1\n|\n|-heal|p2a: VenoBleem|37\/100|[from] item: Leftovers\n|upkeep\n|turn|18\n|c|\u2606IronDron|Bye\n|c|\u2606IronDron|Bye\n|c|\u2606IronDron|Bye\n|c|\u2606IronDron|You suck\n|\n|t:|1698851412\n|switch|p2a: Revival Team|Pawmot, F|80\/100\n|move|p1a: Lokix|First Impression|p2a: Revival Team\n|-resisted|p2a: Revival Team\n|-damage|p2a: Revival Team|24\/100\n|\n|upkeep\n|turn|19\n|c|\u2606IronDron|Get that sleep powder bs out of here\n|\n|t:|1698851435\n|switch|p1a: No physical|Forretress, M|97\/100 slp\n|move|p2a: Revival Team|Fake Out|p1a: No physical\n|-resisted|p1a: No physical\n|-damage|p1a: No physical|93\/100 slp\n|\n|upkeep\n|turn|20\n|c|\u2606CharaB|who ask for you?\n|\n|t:|1698851444\n|switch|p2a: VenoBleem|Vivillon-Fancy, F, shiny|37\/100\n|cant|p1a: No physical|slp\n|\n|-heal|p2a: VenoBleem|43\/100|[from] item: Leftovers\n|upkeep\n|turn|21\n|\n|t:|1698851448\n|move|p2a: VenoBleem|Bug Buzz|p1a: No physical\n|-resisted|p1a: No physical\n|-damage|p1a: No physical|65\/100 slp\n|cant|p1a: No physical|slp\n|\n|-heal|p2a: VenoBleem|49\/100|[from] item: Leftovers\n|upkeep\n|turn|22\n|\n|t:|1698851453\n|move|p2a: VenoBleem|Quiver Dance|p2a: VenoBleem\n|-boost|p2a: VenoBleem|spa|1\n|-boost|p2a: VenoBleem|spd|1\n|-boost|p2a: VenoBleem|spe|1\n|cant|p1a: No physical|slp\n|\n|-heal|p2a: VenoBleem|55\/100|[from] item: Leftovers\n|upkeep\n|turn|23\n|\n|t:|1698851459\n|move|p2a: VenoBleem|Bug Buzz|p1a: No physical\n|-resisted|p1a: No physical\n|-damage|p1a: No physical|23\/100 slp\n|-curestatus|p1a: No physical|slp|[msg]\n|move|p1a: No physical|Gyro Ball|p2a: VenoBleem\n|-damage|p2a: VenoBleem|0 fnt\n|faint|p2a: VenoBleem\n|\n|upkeep\n|\n|t:|1698851467\n|switch|p2a: Revival Team|Pawmot, F|24\/100\n|turn|24\n|c|\u2606IronDron|BYE YOU CHEAP BITCH\n|\n|t:|1698851478\n|move|p2a: Revival Team|Fake Out|p1a: No physical\n|-resisted|p1a: No physical\n|-damage|p1a: No physical|19\/100\n|cant|p1a: No physical|flinch\n|\n|upkeep\n|turn|25\n|\n|t:|1698851492\n|switch|p2a: Bunker Venenoso|Toxapex, F, shiny|100\/100\n|move|p1a: No physical|Gyro Ball|p2a: Bunker Venenoso\n|-resisted|p2a: Bunker Venenoso\n|-damage|p2a: Bunker Venenoso|96\/100\n|\n|-heal|p2a: Bunker Venenoso|100\/100|[from] item: Leftovers\n|upkeep\n|turn|26\n|\n|t:|1698851505\n|move|p2a: Bunker Venenoso|Baneful Bunker|p2a: Bunker Venenoso\n|-singleturn|p2a: Bunker Venenoso|move: Protect\n|move|p1a: No physical|Curse|p1a: No physical\n|-unboost|p1a: No physical|spe|1\n|-boost|p1a: No physical|atk|1\n|-boost|p1a: No physical|def|1\n|\n|upkeep\n|turn|27\n|\n|t:|1698851511\n|move|p2a: Bunker Venenoso|Haze|p2a: Bunker Venenoso\n|-clearallboost\n|move|p1a: No physical|Curse|p1a: No physical\n|-unboost|p1a: No physical|spe|1\n|-boost|p1a: No physical|atk|1\n|-boost|p1a: No physical|def|1\n|\n|upkeep\n|turn|28\n|\n|t:|1698851525\n|switch|p2a: VenoLeem|Venomoth, M, shiny|100\/100\n|move|p1a: No physical|Curse|p1a: No physical\n|-unboost|p1a: No physical|spe|1\n|-boost|p1a: No physical|atk|1\n|-boost|p1a: No physical|def|1\n|\n|upkeep\n|turn|29\n|\n|t:|1698851541\n|move|p2a: VenoLeem|Sleep Powder|p1a: No physical|[miss]\n|-miss|p2a: VenoLeem|p1a: No physical\n|move|p1a: No physical|Gyro Ball|p2a: VenoLeem\n|-damage|p2a: VenoLeem|0 fnt\n|faint|p2a: VenoLeem\n|\n|upkeep\n|c|\u2606IronDron|YOUR SO ASSS LMAO\n|\n|t:|1698851559\n|switch|p2a: Revival Team|Pawmot, F|24\/100\n|turn|30\n|\n|t:|1698851566\n|move|p2a: Revival Team|Fake Out|p1a: No physical\n|-resisted|p1a: No physical\n|-damage|p1a: No physical|17\/100\n|cant|p1a: No physical|flinch\n|\n|upkeep\n|turn|31\n|\n|t:|1698851576\n|switch|p2a: Bunker Venenoso|Toxapex, F, shiny|100\/100\n|move|p1a: No physical|Lunge|p2a: Bunker Venenoso\n|-resisted|p2a: Bunker Venenoso\n|-damage|p2a: Bunker Venenoso|77\/100\n|-unboost|p2a: Bunker Venenoso|atk|1\n|\n|-heal|p2a: Bunker Venenoso|83\/100|[from] item: Leftovers\n|upkeep\n|turn|32\n|\n|t:|1698851584\n|move|p2a: Bunker Venenoso|Recover|p2a: Bunker Venenoso\n|-heal|p2a: Bunker Venenoso|100\/100\n|move|p1a: No physical|Lunge|p2a: Bunker Venenoso\n|-resisted|p2a: Bunker Venenoso\n|-damage|p2a: Bunker Venenoso|77\/100\n|-unboost|p2a: Bunker Venenoso|atk|1\n|\n|-heal|p2a: Bunker Venenoso|83\/100|[from] item: Leftovers\n|upkeep\n|turn|33\n|\n|t:|1698851591\n|move|p2a: Bunker Venenoso|Baneful Bunker|p2a: Bunker Venenoso\n|-singleturn|p2a: Bunker Venenoso|move: Protect\n|move|p1a: No physical|Lunge|p2a: Bunker Venenoso\n|-activate|p2a: Bunker Venenoso|move: Protect\n|\n|-heal|p2a: Bunker Venenoso|89\/100|[from] item: Leftovers\n|upkeep\n|turn|34\n|\n|t:|1698851600\n|move|p2a: Bunker Venenoso|Toxic Spikes|p1a: No physical\n|-sidestart|p1: IronDron|move: Toxic Spikes\n|move|p1a: No physical|Lunge|p2a: Bunker Venenoso\n|-resisted|p2a: Bunker Venenoso\n|-damage|p2a: Bunker Venenoso|69\/100\n|-unboost|p2a: Bunker Venenoso|atk|1\n|\n|-heal|p2a: Bunker Venenoso|75\/100|[from] item: Leftovers\n|upkeep\n|turn|35\n|\n|t:|1698851610\n|move|p2a: Bunker Venenoso|Toxic Spikes|p1a: No physical\n|-sidestart|p1: IronDron|move: Toxic Spikes\n|move|p1a: No physical|Rapid Spin|p2a: Bunker Venenoso\n|-damage|p2a: Bunker Venenoso|56\/100\n|-boost|p1a: No physical|spe|1\n|-sideend|p1: IronDron|Toxic Spikes|[from] move: Rapid Spin|[of] p1a: No physical\n|\n|-heal|p2a: Bunker Venenoso|63\/100|[from] item: Leftovers\n|upkeep\n|turn|36\n|\n|t:|1698851622\n|move|p2a: Bunker Venenoso|Haze|p2a: Bunker Venenoso\n|-clearallboost\n|move|p1a: No physical|Lunge|p2a: Bunker Venenoso\n|-resisted|p2a: Bunker Venenoso\n|-damage|p2a: Bunker Venenoso|52\/100\n|-unboost|p2a: Bunker Venenoso|atk|1\n|\n|-heal|p2a: Bunker Venenoso|59\/100|[from] item: Leftovers\n|upkeep\n|turn|37\n|\n|t:|1698851628\n|move|p2a: Bunker Venenoso|Recover|p2a: Bunker Venenoso\n|-heal|p2a: Bunker Venenoso|100\/100\n|move|p1a: No physical|Curse|p1a: No physical\n|-unboost|p1a: No physical|spe|1\n|-boost|p1a: No physical|atk|1\n|-boost|p1a: No physical|def|1\n|\n|upkeep\n|turn|38\n|\n|t:|1698851635\n|move|p2a: Bunker Venenoso|Haze|p2a: Bunker Venenoso\n|-clearallboost\n|move|p1a: No physical|Curse|p1a: No physical\n|-unboost|p1a: No physical|spe|1\n|-boost|p1a: No physical|atk|1\n|-boost|p1a: No physical|def|1\n|\n|upkeep\n|turn|39\n|c|\u2606IronDron|You cant do anything\n|\n|t:|1698851648\n|move|p2a: Bunker Venenoso|Haze|p2a: Bunker Venenoso\n|-clearallboost\n|move|p1a: No physical|Lunge|p2a: Bunker Venenoso\n|-resisted|p2a: Bunker Venenoso\n|-damage|p2a: Bunker Venenoso|89\/100\n|-unboost|p2a: Bunker Venenoso|atk|1\n|\n|-heal|p2a: Bunker Venenoso|95\/100|[from] item: Leftovers\n|upkeep\n|turn|40\n|c|\u2606IronDron|You cant set spikes\n|inactive|CharaB has 120 seconds left.\n|c|\u2606IronDron|You cant attack\n|c|\u2606IronDron|Your useless\n|c|\u2606CharaB|who askou? for y\n|c|\u2606CharaB|who ask for you?\n|c|\u2606CharaB|stop man\n|\n|t:|1698851702\n|move|p2a: Bunker Venenoso|Recover|p2a: Bunker Venenoso\n|-heal|p2a: Bunker Venenoso|100\/100\n|move|p1a: No physical|Lunge|p2a: Bunker Venenoso\n|-resisted|p2a: Bunker Venenoso\n|-damage|p2a: Bunker Venenoso|91\/100\n|-unboost|p2a: Bunker Venenoso|atk|1\n|\n|-heal|p2a: Bunker Venenoso|97\/100|[from] item: Leftovers\n|upkeep\n|turn|41\n|c|\u2606IronDron|No\n|c|\u2606IronDron|Cheap tattics and a waste of my time\n|\n|t:|1698851721\n|move|p2a: Bunker Venenoso|Haze|p2a: Bunker Venenoso\n|-clearallboost\n|move|p1a: No physical|Lunge|p2a: Bunker Venenoso\n|-resisted|p2a: Bunker Venenoso\n|-damage|p2a: Bunker Venenoso|86\/100\n|-unboost|p2a: Bunker Venenoso|atk|1\n|\n|-heal|p2a: Bunker Venenoso|92\/100|[from] item: Leftovers\n|upkeep\n|turn|42\n|c|\u2606CharaB|i will waste your time\n|\n|t:|1698851737\n|switch|p1a: RAHHH|Garchomp, M|100\/100\n|move|p2a: Bunker Venenoso|Toxic Spikes|p1a: RAHHH\n|-sidestart|p1: IronDron|move: Toxic Spikes\n|\n|-heal|p2a: Bunker Venenoso|98\/100|[from] item: Leftovers\n|upkeep\n|turn|43\n|c|\u2606IronDron|Alright time to end this\n|\n|t:|1698851749\n|move|p2a: Bunker Venenoso|Baneful Bunker|p2a: Bunker Venenoso\n|-singleturn|p2a: Bunker Venenoso|move: Protect\n|move|p1a: RAHHH|Swords Dance|p1a: RAHHH\n|-boost|p1a: RAHHH|atk|2\n|\n|-heal|p2a: Bunker Venenoso|100\/100|[from] item: Leftovers\n|upkeep\n|turn|44\n|\n|t:|1698851756\n|move|p1a: RAHHH|Earthquake|p2a: Bunker Venenoso\n|-supereffective|p2a: Bunker Venenoso\n|-damage|p2a: Bunker Venenoso|0 fnt\n|faint|p2a: Bunker Venenoso\n|\n|upkeep\n|\n|t:|1698851770\n|switch|p2a: Umbreon|Umbreon, M|50\/100\n|turn|45\n|\n|t:|1698851775\n|move|p1a: RAHHH|Earthquake|p2a: Umbreon\n|-damage|p2a: Umbreon|0 fnt\n|faint|p2a: Umbreon\n|\n|upkeep\n|\n|t:|1698851785\n|switch|p2a: Leader P|Clodsire, M|100\/100\n|turn|46\n|\n|t:|1698851790\n|move|p1a: RAHHH|Earthquake|p2a: Leader P\n|-supereffective|p2a: Leader P\n|-damage|p2a: Leader P|0 fnt\n|faint|p2a: Leader P\n|\n|upkeep\n|\n|t:|1698851796\n|switch|p2a: Revival Team|Pawmot, F|24\/100\n|turn|47\n|\n|t:|1698851807\n|move|p2a: Revival Team|Fake Out|p1a: RAHHH\n|-damage|p1a: RAHHH|91\/100\n|-damage|p2a: Revival Team|12\/100|[from] ability: Rough Skin|[of] p1a: RAHHH\n|-damage|p2a: Revival Team|0 fnt|[from] item: Rocky Helmet|[of] p1a: RAHHH\n|faint|p2a: Revival Team\n|\n|win|IronDron\n|raw|IronDron's rating: 1184 &rarr; <strong>1213<\/strong><br \/>(+29 for winning)\n|raw|CharaB's rating: 1246 &rarr; <strong>1217<\/strong><br \/>(-29 for losing)\n","uploadtime":1698851475,"views":5,"p1id":"irondron","p2id":"charab","formatid":"gen9anythinggoes","rating":1213,"private":0,"password":""}