{"id":"gen9anythinggoes-1997765537","p1":"TheLegendofGroose","p2":"Kowtow kleabe","format":"[Gen 9] Anything Goes","log":"|j|\u2606TheLegendofGroose\n|j|\u2606Kowtow kleabe\n|t:|1700850298\n|gametype|singles\n|player|p1|TheLegendofGroose|102|\n|player|p2|Kowtow kleabe|turo-ai|\n|teamsize|p1|6\n|teamsize|p2|6\n|gen|9\n|tier|[Gen 9] Anything Goes\n|rule|HP Percentage Mod: HP is shown in percentages\n|rule|Endless Battle Clause: Forcing endless battles is banned\n|clearpoke\n|poke|p1|Volcarona, F|\n|poke|p1|Walking Wake|\n|poke|p1|Brute Bonnet|\n|poke|p1|Ninetales, M|\n|poke|p1|Glimmora, F|\n|poke|p1|Ogerpon-Wellspring, F|\n|poke|p2|Decidueye, F|\n|poke|p2|Rillaboom, F|\n|poke|p2|Inteleon, M|\n|poke|p2|Infernape, M|\n|poke|p2|Morpeko, F|\n|poke|p2|Weavile, M|\n|teampreview\n|\n|t:|1700850310\n|start\n|switch|p1a: Ninetales|Ninetales, M|100\/100\n|switch|p2a: Rillaboom|Rillaboom, F|100\/100\n|-weather|SunnyDay|[from] ability: Drought|[of] p1a: Ninetales\n|-fieldstart|move: Grassy Terrain|[from] ability: Grassy Surge|[of] p2a: Rillaboom\n|turn|1\n|\n|t:|1700850322\n|move|p1a: Ninetales|Fire Blast|p2a: Rillaboom\n|-supereffective|p2a: Rillaboom\n|-damage|p2a: Rillaboom|0 fnt\n|faint|p2a: Rillaboom\n|\n|-weather|SunnyDay|[upkeep]\n|upkeep\n|\n|t:|1700850325\n|switch|p2a: Inteleon|Inteleon, M|100\/100\n|turn|2\n|\n|t:|1700850341\n|move|p2a: Inteleon|Air Slash|p1a: Ninetales\n|-damage|p1a: Ninetales|61\/100\n|-damage|p2a: Inteleon|91\/100|[from] item: Life Orb\n|move|p1a: Ninetales|Solar Beam||[still]\n|-prepare|p1a: Ninetales|Solar Beam\n|-anim|p1a: Ninetales|Solar Beam|p2a: Inteleon\n|-supereffective|p2a: Inteleon\n|-crit|p2a: Inteleon\n|-damage|p2a: Inteleon|0 fnt\n|faint|p2a: Inteleon\n|\n|-weather|SunnyDay|[upkeep]\n|-heal|p1a: Ninetales|67\/100|[from] Grassy Terrain\n|upkeep\n|\n|t:|1700850357\n|switch|p2a: Weavile|Weavile, M|100\/100\n|-ability|p2a: Weavile|Pressure\n|turn|3\n|\n|t:|1700850378\n|move|p2a: Weavile|Knock Off|p1a: Ninetales\n|-damage|p1a: Ninetales|0 fnt\n|-enditem|p1a: Ninetales|Heat Rock|[from] move: Knock Off|[of] p2a: Weavile\n|faint|p1a: Ninetales\n|\n|-weather|SunnyDay|[upkeep]\n|upkeep\n|\n|t:|1700850394\n|switch|p1a: Walking Wake|Walking Wake|100\/100\n|-activate|p1a: Walking Wake|ability: Protosynthesis\n|-start|p1a: Walking Wake|protosynthesisspa\n|turn|4\n|\n|t:|1700850429\n|move|p1a: Walking Wake|Draco Meteor|p2a: Weavile\n|-enditem|p2a: Weavile|Focus Sash\n|-damage|p2a: Weavile|1\/100\n|-unboost|p1a: Walking Wake|spa|2\n|move|p2a: Weavile|Knock Off|p1a: Walking Wake\n|-damage|p1a: Walking Wake|47\/100\n|-enditem|p1a: Walking Wake|Choice Scarf|[from] move: Knock Off|[of] p2a: Weavile\n|\n|-weather|SunnyDay|[upkeep]\n|-heal|p2a: Weavile|7\/100|[from] Grassy Terrain\n|-heal|p1a: Walking Wake|53\/100|[from] Grassy Terrain\n|upkeep\n|turn|5\n|\n|t:|1700850442\n|move|p2a: Weavile|Ice Spinner|p1a: Walking Wake\n|-damage|p1a: Walking Wake|10\/100\n|-fieldend|move: Grassy Terrain\n|move|p1a: Walking Wake|Hydro Steam|p2a: Weavile\n|-damage|p2a: Weavile|0 fnt\n|faint|p2a: Weavile\n|\n|-weather|SunnyDay|[upkeep]\n|upkeep\n|\n|t:|1700850468\n|switch|p2a: Morpeko|Morpeko, F|100\/100\n|turn|6\n|\n|t:|1700850489\n|move|p1a: Walking Wake|Hydro Steam|p2a: Morpeko\n|-damage|p2a: Morpeko|6\/100\n|move|p2a: Morpeko|Aura Wheel|p1a: Walking Wake\n|-damage|p1a: Walking Wake|0 fnt\n|-boost|p2a: Morpeko|spe|1\n|faint|p1a: Walking Wake\n|-end|p1a: Walking Wake|Protosynthesis|[silent]\n|\n|-weather|SunnyDay|[upkeep]\n|-formechange|p2a: Morpeko|Morpeko-Hangry||[from] ability: Hunger Switch\n|upkeep\n|\n|t:|1700850503\n|switch|p1a: Glimmora|Glimmora, F|100\/100\n|turn|7\n|\n|t:|1700850530\n|move|p2a: Morpeko|Aura Wheel|p1a: Glimmora\n|-damage|p1a: Glimmora|37\/100\n|-boost|p2a: Morpeko|spe|1\n|-activate|p1a: Glimmora|ability: Toxic Debris\n|-sidestart|p2: Kowtow kleabe|move: Toxic Spikes\n|move|p1a: Glimmora|Earth Power|p2a: Morpeko\n|-supereffective|p2a: Morpeko\n|-damage|p2a: Morpeko|0 fnt\n|faint|p2a: Morpeko\n|\n|-weather|SunnyDay|[upkeep]\n|upkeep\n|\n|t:|1700850544\n|switch|p2a: Infernape|Infernape, M|100\/100\n|-status|p2a: Infernape|psn\n|turn|8\n|\n|t:|1700850554\n|move|p2a: Infernape|Drain Punch|p1a: Glimmora\n|-damage|p1a: Glimmora|0 fnt\n|-activate|p1a: Glimmora|ability: Toxic Debris\n|-sidestart|p2: Kowtow kleabe|move: Toxic Spikes\n|faint|p1a: Glimmora\n|\n|-weather|none\n|-damage|p2a: Infernape|88\/100 psn|[from] psn\n|upkeep\n|\n|t:|1700850570\n|switch|p1a: Ogerpon|Ogerpon-Wellspring, F|100\/100\n|turn|9\n|\n|t:|1700850593\n|move|p1a: Ogerpon|Ivy Cudgel|p2a: Infernape|[anim] Ivy Cudgel Water\n|-supereffective|p2a: Infernape\n|-damage|p2a: Infernape|0 fnt\n|faint|p2a: Infernape\n|\n|upkeep\n|\n|t:|1700850595\n|switch|p2a: Decidueye|Decidueye, F|100\/100\n|-status|p2a: Decidueye|tox\n|turn|10\n|\n|t:|1700850611\n|-terastallize|p2a: Decidueye|Flying\n|move|p1a: Ogerpon|Ivy Cudgel|p2a: Decidueye|[anim] Ivy Cudgel Water\n|-damage|p2a: Decidueye|22\/100 tox\n|move|p2a: Decidueye|Dual Wingbeat|p1a: Ogerpon\n|-supereffective|p1a: Ogerpon\n|-damage|p1a: Ogerpon|49\/100\n|-supereffective|p1a: Ogerpon\n|-damage|p1a: Ogerpon|0 fnt\n|faint|p1a: Ogerpon\n|-hitcount|p1: Ogerpon|2\n|\n|-damage|p2a: Decidueye|16\/100 tox|[from] psn\n|upkeep\n|\n|t:|1700850624\n|switch|p1a: Brute Bonnet|Brute Bonnet|100\/100\n|turn|11\n|\n|t:|1700850628\n|-terastallize|p1a: Brute Bonnet|Poison\n|move|p2a: Decidueye|Dual Wingbeat|p1a: Brute Bonnet\n|-damage|p1a: Brute Bonnet|84\/100\n|-damage|p1a: Brute Bonnet|68\/100\n|-hitcount|p1a: Brute Bonnet|2\n|move|p1a: Brute Bonnet|Crunch|p2a: Decidueye\n|-damage|p2a: Decidueye|0 fnt\n|faint|p2a: Decidueye\n|\n|win|TheLegendofGroose\n","uploadtime":1700850635,"views":6,"p1id":"thelegendofgroose","p2id":"kowtowkleabe","formatid":"gen9anythinggoes","rating":0,"private":0,"password":""}