{"id":"gen9anythinggoes-1999031137","p1":"Slender235","p2":"kromydas","format":"[Gen 9] Anything Goes","log":"|j|\u2606Slender235\n|j|\u203dkromydas\n|t:|1701025784\n|gametype|singles\n|player|p1|Slender235|ingo|1422\n|player|p2|kromydas|alec-anime|1392\n|teamsize|p1|6\n|teamsize|p2|6\n|gen|9\n|tier|[Gen 9] Anything Goes\n|rated|\n|rule|HP Percentage Mod: HP is shown in percentages\n|rule|Endless Battle Clause: Forcing endless battles is banned\n|clearpoke\n|poke|p1|Koraidon|\n|poke|p1|Chi-Yu|\n|poke|p1|Chi-Yu|\n|poke|p1|Calyrex-Shadow|\n|poke|p1|Dialga|\n|poke|p1|Sandy Shocks|\n|poke|p2|Greninja-*, M|\n|poke|p2|Manaphy|\n|poke|p2|Kyogre|\n|poke|p2|Kingambit, F|\n|poke|p2|Mew|\n|poke|p2|Clefable, M|\n|teampreview\n|\n|t:|1701025800\n|start\n|switch|p1a: Koraidon|Koraidon|100\/100\n|switch|p2a: Manaphy|Manaphy|100\/100\n|-weather|SunnyDay|[from] ability: Orichalcum Pulse|[of] p1a: Koraidon\n|-activate|p1a: Koraidon|Orichalcum Pulse|[source]\n|turn|1\n|\n|t:|1701025805\n|move|p1a: Koraidon|U-turn|p2a: Manaphy\n|-damage|p2a: Manaphy|75\/100\n|\n|t:|1701025810\n|switch|p1a: OHKO|Chi-Yu|100\/100|[from] U-turn\n|-ability|p1a: OHKO|Beads of Ruin\n|move|p2a: Manaphy|Tail Glow|p2a: Manaphy\n|-boost|p2a: Manaphy|spa|3\n|\n|-weather|SunnyDay|[upkeep]\n|-heal|p2a: Manaphy|81\/100|[from] item: Leftovers\n|upkeep\n|turn|2\n|\n|t:|1701025815\n|move|p1a: OHKO|Dark Pulse|p2a: Manaphy\n|-damage|p2a: Manaphy|23\/100\n|cant|p2a: Manaphy|flinch\n|\n|-weather|SunnyDay|[upkeep]\n|-heal|p2a: Manaphy|29\/100|[from] item: Leftovers\n|upkeep\n|turn|3\n|\n|t:|1701025838\n|switch|p2a: Kyogre|Kyogre|100\/100\n|-weather|RainDance|[from] ability: Drizzle|[of] p2a: Kyogre\n|move|p1a: OHKO|Dark Pulse|p2a: Kyogre\n|-damage|p2a: Kyogre|30\/100\n|\n|-weather|RainDance|[upkeep]\n|upkeep\n|turn|4\n|\n|t:|1701025847\n|switch|p1a: Koraidon|Koraidon|100\/100\n|-weather|SunnyDay|[from] ability: Orichalcum Pulse|[of] p1a: Koraidon\n|-activate|p1a: Koraidon|Orichalcum Pulse|[source]\n|move|p2a: Kyogre|Origin Pulse|p1a: Koraidon\n|-resisted|p1a: Koraidon\n|-damage|p1a: Koraidon|85\/100\n|\n|-weather|SunnyDay|[upkeep]\n|upkeep\n|turn|5\n|\n|t:|1701025884\n|switch|p2a: Clefable|Clefable, M|100\/100\n|move|p1a: Koraidon|Flare Blitz|p2a: Clefable\n|-damage|p2a: Clefable|8\/100\n|-damage|p1a: Koraidon|50\/100|[from] Recoil\n|\n|-weather|SunnyDay|[upkeep]\n|-heal|p2a: Clefable|14\/100|[from] item: Leftovers\n|upkeep\n|turn|6\n|\n|t:|1701025908\n|move|p1a: Koraidon|Flare Blitz|p2a: Clefable\n|-damage|p2a: Clefable|0 fnt\n|faint|p2a: Clefable\n|-damage|p1a: Koraidon|44\/100|[from] Recoil\n|\n|-weather|SunnyDay|[upkeep]\n|upkeep\n|\n|t:|1701025912\n|switch|p2a: Kyogre|Kyogre|30\/100\n|-weather|RainDance|[from] ability: Drizzle|[of] p2a: Kyogre\n|turn|7\n|\n|t:|1701025929\n|switch|p2a: Manaphy|Manaphy|29\/100\n|switch|p1a: Dialga|Dialga|100\/100\n|-ability|p1a: Dialga|Pressure\n|\n|-weather|RainDance|[upkeep]\n|-heal|p2a: Manaphy|36\/100|[from] item: Leftovers\n|upkeep\n|turn|8\n|\n|t:|1701025934\n|move|p2a: Manaphy|Rest|p2a: Manaphy\n|-status|p2a: Manaphy|slp|[from] move: Rest\n|-heal|p2a: Manaphy|100\/100 slp|[silent]\n|move|p1a: Dialga|Draco Meteor|p2a: Manaphy\n|-damage|p2a: Manaphy|60\/100 slp\n|-unboost|p1a: Dialga|spa|2\n|\n|-weather|RainDance|[upkeep]\n|-activate|p2a: Manaphy|ability: Hydration\n|-curestatus|p2a: Manaphy|slp|[msg]\n|-heal|p2a: Manaphy|66\/100|[from] item: Leftovers\n|upkeep\n|turn|9\n|\n|t:|1701025949\n|switch|p1a: Koraidon|Koraidon|44\/100\n|-weather|SunnyDay|[from] ability: Orichalcum Pulse|[of] p1a: Koraidon\n|-activate|p1a: Koraidon|Orichalcum Pulse|[source]\n|move|p2a: Manaphy|Tail Glow|p2a: Manaphy\n|-boost|p2a: Manaphy|spa|3\n|\n|-weather|SunnyDay|[upkeep]\n|-heal|p2a: Manaphy|73\/100|[from] item: Leftovers\n|upkeep\n|turn|10\n|\n|t:|1701025980\n|move|p1a: Koraidon|U-turn|p2a: Manaphy\n|-damage|p2a: Manaphy|44\/100\n|\n|t:|1701025985\n|switch|p1a: Sandy Shocks|Sandy Shocks|100\/100|[from] U-turn\n|-activate|p1a: Sandy Shocks|ability: Protosynthesis\n|-start|p1a: Sandy Shocks|protosynthesisspe\n|move|p2a: Manaphy|Baton Pass|p2a: Manaphy\n|\n|t:|1701025991\n|switch|p2a: Greninja|Greninja, M|100\/100|[from] Baton Pass\n|\n|-weather|SunnyDay|[upkeep]\n|upkeep\n|turn|11\n|\n|t:|1701026002\n|-terastallize|p2a: Greninja|Water\n|move|p2a: Greninja|Water Shuriken|p1a: Sandy Shocks\n|-supereffective|p1a: Sandy Shocks\n|-damage|p1a: Sandy Shocks|68\/100\n|-supereffective|p1a: Sandy Shocks\n|-damage|p1a: Sandy Shocks|41\/100\n|-supereffective|p1a: Sandy Shocks\n|-damage|p1a: Sandy Shocks|13\/100\n|-supereffective|p1a: Sandy Shocks\n|-damage|p1a: Sandy Shocks|0 fnt\n|faint|p1a: Sandy Shocks\n|-end|p1a: Sandy Shocks|Protosynthesis|[silent]\n|-ability|p2a: Greninja|Battle Bond|boost\n|-boost|p2a: Greninja|atk|1\n|-boost|p2a: Greninja|spa|1\n|-boost|p2a: Greninja|spe|1\n|-activate|p2a: Greninja|ability: Battle Bond\n|-hitcount|p1: Sandy Shocks|4\n|\n|-weather|SunnyDay|[upkeep]\n|upkeep\n|\n|t:|1701026013\n|switch|p1a: Dialga|Dialga|100\/100\n|-ability|p1a: Dialga|Pressure\n|turn|12\n|\n|t:|1701026038\n|-terastallize|p1a: Dialga|Fairy\n|move|p2a: Greninja|Water Shuriken|p1a: Dialga\n|-damage|p1a: Dialga|94\/100\n|-damage|p1a: Dialga|86\/100\n|-damage|p1a: Dialga|79\/100\n|-damage|p1a: Dialga|72\/100\n|-hitcount|p1a: Dialga|4\n|move|p1a: Dialga|Draco Meteor|p2a: Greninja\n|-damage|p2a: Greninja|17\/100\n|-unboost|p1a: Dialga|spa|2\n|\n|-weather|SunnyDay|[upkeep]\n|upkeep\n|turn|13\n|\n|t:|1701026053\n|move|p2a: Greninja|Water Shuriken|p1a: Dialga\n|-damage|p1a: Dialga|64\/100\n|-damage|p1a: Dialga|57\/100\n|-crit|p1a: Dialga\n|-damage|p1a: Dialga|46\/100\n|-damage|p1a: Dialga|39\/100\n|-hitcount|p1a: Dialga|4\n|move|p1a: Dialga|Flash Cannon|p2a: Greninja\n|-resisted|p2a: Greninja\n|-crit|p2a: Greninja\n|-damage|p2a: Greninja|0 fnt\n|faint|p2a: Greninja\n|\n|-weather|SunnyDay|[upkeep]\n|upkeep\n|\n|t:|1701026065\n|switch|p2a: Manaphy|Manaphy|44\/100\n|turn|14\n|\n|t:|1701026072\n|switch|p1a: Calyrex|Calyrex-Shadow|100\/100\n|-ability|p1a: Calyrex|As One\n|-ability|p1a: Calyrex|Unnerve\n|move|p2a: Manaphy|Tail Glow|p2a: Manaphy\n|-boost|p2a: Manaphy|spa|3\n|\n|-weather|SunnyDay|[upkeep]\n|-heal|p2a: Manaphy|50\/100|[from] item: Leftovers\n|upkeep\n|turn|15\n|\n|t:|1701026076\n|move|p1a: Calyrex|Astral Barrage|p2a: Manaphy\n|-damage|p2a: Manaphy|0 fnt\n|faint|p2a: Manaphy\n|-ability|p1a: Calyrex|Grim Neigh|boost\n|-boost|p1a: Calyrex|spa|1\n|-damage|p1a: Calyrex|91\/100|[from] item: Life Orb\n|\n|-weather|SunnyDay|[upkeep]\n|upkeep\n|\n|t:|1701026081\n|switch|p2a: Kyogre|Kyogre|30\/100\n|-weather|RainDance|[from] ability: Drizzle|[of] p2a: Kyogre\n|turn|16\n|\n|t:|1701026087\n|move|p2a: Kyogre|Origin Pulse|p1a: Calyrex\n|-damage|p1a: Calyrex|0 fnt\n|faint|p1a: Calyrex\n|\n|-weather|RainDance|[upkeep]\n|upkeep\n|inactive|Battle timer is ON: inactive players will automatically lose when time's up. (requested by kromydas)\n|\n|t:|1701026153\n|switch|p1a: friendly chi yu|Chi-Yu|100\/100\n|-ability|p1a: friendly chi yu|Beads of Ruin\n|turn|17\n|\n|t:|1701026164\n|move|p1a: friendly chi yu|Dark Pulse|p2a: Kyogre\n|-damage|p2a: Kyogre|0 fnt\n|faint|p2a: Kyogre\n|\n|-weather|RainDance|[upkeep]\n|upkeep\n|\n|t:|1701026171\n|switch|p2a: Kingambit|Kingambit, F|100\/100\n|-activate|p2a: Kingambit|ability: Supreme Overlord\n|-start|p2a: Kingambit|fallen4|[silent]\n|turn|18\n|\n|t:|1701026186\n|switch|p1a: OHKO|Chi-Yu|100\/100\n|-ability|p1a: OHKO|Beads of Ruin\n|-end|p2a: Kingambit|fallen4|[silent]\n|switch|p2a: Mew|Mew|100\/100\n|\n|-weather|RainDance|[upkeep]\n|upkeep\n|turn|19\n|\n|t:|1701026192\n|move|p1a: OHKO|Dark Pulse|p2a: Mew\n|-supereffective|p2a: Mew\n|-enditem|p2a: Mew|Focus Sash\n|-damage|p2a: Mew|1\/100\n|move|p2a: Mew|Imprison|p2a: Mew\n|-start|p2a: Mew|move: Imprison\n|\n|-weather|RainDance|[upkeep]\n|upkeep\n|turn|20\n|\n|t:|1701026197\n|move|p1a: OHKO|Dark Pulse|p2a: Mew\n|-supereffective|p2a: Mew\n|-damage|p2a: Mew|0 fnt\n|faint|p2a: Mew\n|\n|-weather|none\n|upkeep\n|\n|t:|1701026200\n|switch|p2a: Kingambit|Kingambit, F|100\/100\n|-activate|p2a: Kingambit|ability: Supreme Overlord\n|-start|p2a: Kingambit|fallen5|[silent]\n|turn|21\n|\n|t:|1701026213\n|switch|p1a: friendly chi yu|Chi-Yu|100\/100\n|-ability|p1a: friendly chi yu|Beads of Ruin\n|move|p2a: Kingambit|Kowtow Cleave|p1a: friendly chi yu\n|-resisted|p1a: friendly chi yu\n|-damage|p1a: friendly chi yu|34\/100\n|\n|upkeep\n|turn|22\n|\n|t:|1701026226\n|move|p2a: Kingambit|Sucker Punch|p1a: friendly chi yu\n|-resisted|p1a: friendly chi yu\n|-damage|p1a: friendly chi yu|0 fnt\n|faint|p1a: friendly chi yu\n|\n|upkeep\n|\n|t:|1701026227\n|switch|p1a: OHKO|Chi-Yu|100\/100\n|-ability|p1a: OHKO|Beads of Ruin\n|turn|23\n|inactive|Slender235 has 120 seconds left.\n|\n|t:|1701026279\n|move|p1a: OHKO|Flamethrower|p2a: Kingambit\n|-supereffective|p2a: Kingambit\n|-enditem|p2a: Kingambit|Focus Sash\n|-damage|p2a: Kingambit|1\/100\n|move|p2a: Kingambit|Kowtow Cleave|p1a: OHKO\n|-resisted|p1a: OHKO\n|-damage|p1a: OHKO|36\/100\n|\n|upkeep\n|turn|24\n|\n|t:|1701026287\n|move|p2a: Kingambit|Sucker Punch|p1a: OHKO\n|-resisted|p1a: OHKO\n|-damage|p1a: OHKO|0 fnt\n|faint|p1a: OHKO\n|\n|upkeep\n|\n|t:|1701026289\n|switch|p1a: Dialga|Dialga, tera:Fairy|39\/100\n|-ability|p1a: Dialga|Pressure\n|turn|25\n|\n|t:|1701026294\n|move|p2a: Kingambit|Sucker Punch|p1a: Dialga\n|-resisted|p1a: Dialga\n|-damage|p1a: Dialga|21\/100\n|move|p1a: Dialga|Flash Cannon|p2a: Kingambit\n|-resisted|p2a: Kingambit\n|-damage|p2a: Kingambit|0 fnt\n|faint|p2a: Kingambit\n|-end|p2a: Kingambit|fallen5|[silent]\n|\n|win|Slender235\n|raw|Slender235's rating: 1422 &rarr; <strong>1440<\/strong><br \/>(+18 for winning)\n|raw|kromydas's rating: 1392 &rarr; <strong>1374<\/strong><br \/>(-18 for losing)\n|l|\u203dkromydas\n|l|\u2606Slender235\n|j|\u2606Slender235\n|player|p1|Slender235|ingo\n","uploadtime":1701026645,"views":0,"p1id":"slender235","p2id":"kromydas","formatid":"gen9anythinggoes","rating":1374,"private":0,"password":""}