{"id":"gen9anythinggoes-1981975076","p1":"rnnesharki","p2":"dratini_the_fool","format":"[Gen 9] Anything Goes","log":"|j|\u2606rnnesharki\n|j|\u2606dratini_the_fool\n|t:|1698956321\n|gametype|singles\n|player|p1|rnnesharki|pokekid|1213\n|player|p2|dratini_the_fool|dawn-gen4pt|1105\n|teamsize|p1|6\n|teamsize|p2|6\n|gen|9\n|tier|[Gen 9] Anything Goes\n|rated|\n|rule|HP Percentage Mod: HP is shown in percentages\n|rule|Endless Battle Clause: Forcing endless battles is banned\n|clearpoke\n|poke|p1|Urshifu-*, M|\n|poke|p1|Calyrex-Shadow|\n|poke|p1|Breloom, M|\n|poke|p1|Empoleon, F|\n|poke|p1|Toxtricity-Low-Key, M|\n|poke|p1|Manaphy|\n|poke|p2|Garchomp, F|\n|poke|p2|Ceruledge, M|\n|poke|p2|Ninetales-Alola, F|\n|poke|p2|Scizor, F|\n|poke|p2|Gyarados, F|\n|poke|p2|Meowscarada, M|\n|teampreview\n|\n|t:|1698956331\n|start\n|switch|p1a: Breloom|Breloom, M|100\/100\n|switch|p2a: Meowscarada|Meowscarada, M|100\/100\n|turn|1\n|\n|t:|1698956340\n|switch|p2a: Ceruledge|Ceruledge, M|100\/100\n|move|p1a: Breloom|Leech Seed|p2a: Ceruledge\n|-start|p2a: Ceruledge|move: Leech Seed\n|\n|-damage|p2a: Ceruledge|88\/100|[from] Leech Seed|[of] p1a: Breloom\n|-status|p1a: Breloom|tox|[from] item: Toxic Orb\n|upkeep\n|turn|2\n|\n|t:|1698956350\n|move|p1a: Breloom|Protect|p1a: Breloom\n|-singleturn|p1a: Breloom|Protect\n|move|p2a: Ceruledge|Bitter Blade|p1a: Breloom\n|-activate|p1a: Breloom|move: Protect\n|\n|-heal|p2a: Ceruledge|94\/100|[from] item: Leftovers\n|-damage|p2a: Ceruledge|82\/100|[from] Leech Seed|[of] p1a: Breloom\n|upkeep\n|turn|3\n|\n|t:|1698956359\n|move|p1a: Breloom|Spore|p2a: Ceruledge\n|-status|p2a: Ceruledge|slp|[from] move: Spore\n|cant|p2a: Ceruledge|slp\n|\n|-heal|p2a: Ceruledge|88\/100 slp|[from] item: Leftovers\n|-damage|p2a: Ceruledge|75\/100 slp|[from] Leech Seed|[of] p1a: Breloom\n|upkeep\n|turn|4\n|\n|t:|1698956367\n|move|p1a: Breloom|Substitute|p1a: Breloom\n|-start|p1a: Breloom|Substitute\n|-damage|p1a: Breloom|75\/100 tox\n|-curestatus|p2a: Ceruledge|slp|[msg]\n|move|p2a: Ceruledge|Bitter Blade|p1a: Breloom\n|-supereffective|p1a: Breloom\n|-end|p1a: Breloom|Substitute\n|-heal|p2a: Ceruledge|89\/100|[from] drain|[of] p1a: Breloom\n|\n|-heal|p2a: Ceruledge|95\/100|[from] item: Leftovers\n|-damage|p2a: Ceruledge|83\/100|[from] Leech Seed|[of] p1a: Breloom\n|-heal|p1a: Breloom|87\/100 tox|[silent]\n|-heal|p1a: Breloom|99\/100 tox|[from] ability: Poison Heal\n|upkeep\n|turn|5\n|\n|t:|1698956381\n|move|p1a: Breloom|Protect|p1a: Breloom\n|-singleturn|p1a: Breloom|Protect\n|move|p2a: Ceruledge|Bitter Blade|p1a: Breloom\n|-activate|p1a: Breloom|move: Protect\n|\n|-heal|p2a: Ceruledge|89\/100|[from] item: Leftovers\n|-damage|p2a: Ceruledge|76\/100|[from] Leech Seed|[of] p1a: Breloom\n|-heal|p1a: Breloom|100\/100 tox|[silent]\n|upkeep\n|turn|6\n|\n|t:|1698956389\n|move|p1a: Breloom|Spore|p2a: Ceruledge\n|-status|p2a: Ceruledge|slp|[from] move: Spore\n|cant|p2a: Ceruledge|slp\n|\n|-heal|p2a: Ceruledge|82\/100 slp|[from] item: Leftovers\n|-damage|p2a: Ceruledge|70\/100 slp|[from] Leech Seed|[of] p1a: Breloom\n|upkeep\n|turn|7\n|\n|t:|1698956396\n|move|p1a: Breloom|Substitute|p1a: Breloom\n|-start|p1a: Breloom|Substitute\n|-damage|p1a: Breloom|75\/100 tox\n|cant|p2a: Ceruledge|slp\n|\n|-heal|p2a: Ceruledge|76\/100 slp|[from] item: Leftovers\n|-damage|p2a: Ceruledge|64\/100 slp|[from] Leech Seed|[of] p1a: Breloom\n|-heal|p1a: Breloom|87\/100 tox|[silent]\n|-heal|p1a: Breloom|99\/100 tox|[from] ability: Poison Heal\n|upkeep\n|turn|8\n|c|\u2606dratini_the_fool|bro quit doing that\n|\n|t:|1698956408\n|move|p1a: Breloom|Spore|p2a: Ceruledge\n|-fail|p2a: Ceruledge|slp\n|-curestatus|p2a: Ceruledge|slp|[msg]\n|move|p2a: Ceruledge|Bitter Blade|p1a: Breloom\n|-supereffective|p1a: Breloom\n|-end|p1a: Breloom|Substitute\n|-heal|p2a: Ceruledge|77\/100|[from] drain|[of] p1a: Breloom\n|\n|-heal|p2a: Ceruledge|83\/100|[from] item: Leftovers\n|-damage|p2a: Ceruledge|71\/100|[from] Leech Seed|[of] p1a: Breloom\n|-heal|p1a: Breloom|100\/100 tox|[silent]\n|upkeep\n|turn|9\n|c|\u2606rnnesharki|why ol\n|c|\u2606dratini_the_fool|cause then its not a really good battle\n|\n|t:|1698956438\n|move|p1a: Breloom|Spore|p2a: Ceruledge\n|-status|p2a: Ceruledge|slp|[from] move: Spore\n|cant|p2a: Ceruledge|slp\n|\n|-heal|p2a: Ceruledge|77\/100 slp|[from] item: Leftovers\n|-damage|p2a: Ceruledge|65\/100 slp|[from] Leech Seed|[of] p1a: Breloom\n|upkeep\n|turn|10\n|c|\u2606rnnesharki|lets see how long will it takes before your ceruledge dies\n|\n|t:|1698956449\n|move|p1a: Breloom|Substitute|p1a: Breloom\n|-start|p1a: Breloom|Substitute\n|-damage|p1a: Breloom|75\/100 tox\n|cant|p2a: Ceruledge|slp\n|\n|-heal|p2a: Ceruledge|71\/100 slp|[from] item: Leftovers\n|-damage|p2a: Ceruledge|58\/100 slp|[from] Leech Seed|[of] p1a: Breloom\n|-heal|p1a: Breloom|87\/100 tox|[silent]\n|-heal|p1a: Breloom|99\/100 tox|[from] ability: Poison Heal\n|upkeep\n|turn|11\n|c|\u2606rnnesharki|also im just here to test my gimicks and have MY version of fun\n|\n|t:|1698956472\n|move|p1a: Breloom|Spore|p2a: Ceruledge\n|-fail|p2a: Ceruledge|slp\n|-curestatus|p2a: Ceruledge|slp|[msg]\n|move|p2a: Ceruledge|Dragon Claw|p1a: Breloom\n|-crit|p1a: Breloom\n|-end|p1a: Breloom|Substitute\n|\n|-heal|p2a: Ceruledge|64\/100|[from] item: Leftovers\n|-damage|p2a: Ceruledge|52\/100|[from] Leech Seed|[of] p1a: Breloom\n|-heal|p1a: Breloom|100\/100 tox|[silent]\n|upkeep\n|turn|12\n|\n|t:|1698956485\n|switch|p2a: Gyarados|Gyarados, F|100\/100\n|-ability|p2a: Gyarados|Intimidate|boost\n|-unboost|p1a: Breloom|atk|1\n|move|p1a: Breloom|Spore|p2a: Gyarados\n|-status|p2a: Gyarados|slp|[from] move: Spore\n|\n|upkeep\n|turn|13\n|\n|t:|1698956494\n|move|p1a: Breloom|Leech Seed|p2a: Gyarados\n|-start|p2a: Gyarados|move: Leech Seed\n|cant|p2a: Gyarados|slp\n|\n|-damage|p2a: Gyarados|88\/100 slp|[from] Leech Seed|[of] p1a: Breloom\n|upkeep\n|turn|14\n|\n|t:|1698956500\n|move|p1a: Breloom|Substitute|p1a: Breloom\n|-start|p1a: Breloom|Substitute\n|-damage|p1a: Breloom|75\/100 tox\n|cant|p2a: Gyarados|slp\n|\n|-damage|p2a: Gyarados|76\/100 slp|[from] Leech Seed|[of] p1a: Breloom\n|-heal|p1a: Breloom|89\/100 tox|[silent]\n|-heal|p1a: Breloom|100\/100 tox|[from] ability: Poison Heal\n|upkeep\n|turn|15\n|\n|t:|1698956513\n|switch|p2a: Ceruledge|Ceruledge, M|52\/100\n|move|p1a: Breloom|Leech Seed|p2a: Ceruledge\n|-start|p2a: Ceruledge|move: Leech Seed\n|\n|-heal|p2a: Ceruledge|58\/100|[from] item: Leftovers\n|-damage|p2a: Ceruledge|46\/100|[from] Leech Seed|[of] p1a: Breloom\n|upkeep\n|turn|16\n|c|\u2606rnnesharki|ur gonna need something to outspeed me\n|\n|t:|1698956525\n|move|p1a: Breloom|Spore|p2a: Ceruledge\n|-status|p2a: Ceruledge|slp|[from] move: Spore\n|cant|p2a: Ceruledge|slp\n|\n|-heal|p2a: Ceruledge|52\/100 slp|[from] item: Leftovers\n|-damage|p2a: Ceruledge|39\/100 slp|[from] Leech Seed|[of] p1a: Breloom\n|upkeep\n|turn|17\n|c|\u2606dratini_the_fool|yea\n|c|\u2606rnnesharki|262 speed exactly good luck\n|\n|t:|1698956536\n|move|p1a: Breloom|Leech Seed||[still]\n|-fail|p1a: Breloom\n|-curestatus|p2a: Ceruledge|slp|[msg]\n|move|p2a: Ceruledge|Bitter Blade|p1a: Breloom\n|-supereffective|p1a: Breloom\n|-end|p1a: Breloom|Substitute\n|-heal|p2a: Ceruledge|53\/100|[from] drain|[of] p1a: Breloom\n|\n|-heal|p2a: Ceruledge|59\/100|[from] item: Leftovers\n|-damage|p2a: Ceruledge|47\/100|[from] Leech Seed|[of] p1a: Breloom\n|upkeep\n|turn|18\n|\n|t:|1698956548\n|move|p1a: Breloom|Spore|p2a: Ceruledge\n|-status|p2a: Ceruledge|slp|[from] move: Spore\n|cant|p2a: Ceruledge|slp\n|\n|-heal|p2a: Ceruledge|53\/100 slp|[from] item: Leftovers\n|-damage|p2a: Ceruledge|40\/100 slp|[from] Leech Seed|[of] p1a: Breloom\n|upkeep\n|turn|19\n|\n|t:|1698956559\n|move|p1a: Breloom|Substitute|p1a: Breloom\n|-start|p1a: Breloom|Substitute\n|-damage|p1a: Breloom|75\/100 tox\n|cant|p2a: Ceruledge|slp\n|\n|-heal|p2a: Ceruledge|46\/100 slp|[from] item: Leftovers\n|-damage|p2a: Ceruledge|34\/100 slp|[from] Leech Seed|[of] p1a: Breloom\n|-heal|p1a: Breloom|87\/100 tox|[silent]\n|-heal|p1a: Breloom|99\/100 tox|[from] ability: Poison Heal\n|upkeep\n|turn|20\n|c|\u2606rnnesharki|maybe you can waste my pp then you can kill my breloom\n|\n|t:|1698956585\n|switch|p2a: Frostbite|Ninetales-Alola, F, shiny|100\/100\n|move|p1a: Breloom|Leech Seed|p2a: Frostbite\n|-start|p2a: Frostbite|move: Leech Seed\n|\n|-damage|p2a: Frostbite|88\/100|[from] Leech Seed|[of] p1a: Breloom\n|-heal|p1a: Breloom|100\/100 tox|[silent]\n|upkeep\n|turn|21\n|c|\u2606dratini_the_fool|maybe\n|\n|t:|1698956594\n|move|p2a: Frostbite|Freeze-Dry|p1a: Breloom\n|-supereffective|p1a: Breloom\n|-end|p1a: Breloom|Substitute\n|move|p1a: Breloom|Spore|p2a: Frostbite\n|-status|p2a: Frostbite|slp|[from] move: Spore\n|\n|-damage|p2a: Frostbite|75\/100 slp|[from] Leech Seed|[of] p1a: Breloom\n|upkeep\n|turn|22\n|\n|t:|1698956602\n|cant|p2a: Frostbite|slp\n|move|p1a: Breloom|Substitute|p1a: Breloom\n|-start|p1a: Breloom|Substitute\n|-damage|p1a: Breloom|75\/100 tox\n|\n|-damage|p2a: Frostbite|63\/100 slp|[from] Leech Seed|[of] p1a: Breloom\n|-heal|p1a: Breloom|87\/100 tox|[silent]\n|-heal|p1a: Breloom|99\/100 tox|[from] ability: Poison Heal\n|upkeep\n|turn|23\n|\n|t:|1698956610\n|cant|p2a: Frostbite|slp\n|move|p1a: Breloom|Leech Seed|p2a: Frostbite|[miss]\n|-miss|p1a: Breloom|p2a: Frostbite\n|\n|-damage|p2a: Frostbite|50\/100 slp|[from] Leech Seed|[of] p1a: Breloom\n|-heal|p1a: Breloom|100\/100 tox|[silent]\n|upkeep\n|turn|24\n|c|\u2606dratini_the_fool|frostbite if you dont wake up im disowning you\n|\n|t:|1698956634\n|cant|p2a: Frostbite|slp\n|move|p1a: Breloom|Leech Seed||[still]\n|-fail|p1a: Breloom\n|\n|-damage|p2a: Frostbite|38\/100 slp|[from] Leech Seed|[of] p1a: Breloom\n|upkeep\n|turn|25\n|c|\u2606rnnesharki|she taking a nap\n|\n|t:|1698956648\n|-curestatus|p2a: Frostbite|slp|[msg]\n|move|p2a: Frostbite|Freeze-Dry|p1a: Breloom\n|-supereffective|p1a: Breloom\n|-end|p1a: Breloom|Substitute\n|move|p1a: Breloom|Leech Seed||[still]\n|-fail|p1a: Breloom\n|\n|-damage|p2a: Frostbite|25\/100|[from] Leech Seed|[of] p1a: Breloom\n|upkeep\n|turn|26\n|\n|t:|1698956657\n|move|p1a: Breloom|Protect|p1a: Breloom\n|-singleturn|p1a: Breloom|Protect\n|move|p2a: Frostbite|Freeze-Dry|p1a: Breloom\n|-activate|p1a: Breloom|move: Protect\n|\n|-damage|p2a: Frostbite|13\/100|[from] Leech Seed|[of] p1a: Breloom\n|upkeep\n|turn|27\n|\n|t:|1698956671\n|move|p2a: Frostbite|Freeze-Dry|p1a: Breloom\n|-supereffective|p1a: Breloom\n|-damage|p1a: Breloom|23\/100 tox\n|move|p1a: Breloom|Spore|p2a: Frostbite\n|-status|p2a: Frostbite|slp|[from] move: Spore\n|\n|-damage|p2a: Frostbite|0 fnt|[from] Leech Seed|[of] p1a: Breloom\n|-heal|p1a: Breloom|34\/100 tox|[silent]\n|faint|p2a: Frostbite\n|-heal|p1a: Breloom|47\/100 tox|[from] ability: Poison Heal\n|upkeep\n|\n|t:|1698956684\n|switch|p2a: Garchomp|Garchomp, F|100\/100\n|turn|28\n|\n|t:|1698956691\n|move|p1a: Breloom|Protect|p1a: Breloom\n|-singleturn|p1a: Breloom|Protect\n|move|p2a: Garchomp|Earthquake|p1a: Breloom\n|-activate|p1a: Breloom|move: Protect\n|\n|-heal|p1a: Breloom|59\/100 tox|[from] ability: Poison Heal\n|upkeep\n|turn|29\n|\n|t:|1698956699\n|move|p2a: Garchomp|Earthquake|p1a: Breloom\n|-resisted|p1a: Breloom\n|-damage|p1a: Breloom|31\/100 tox\n|move|p1a: Breloom|Leech Seed|p2a: Garchomp\n|-start|p2a: Garchomp|move: Leech Seed\n|\n|-damage|p2a: Garchomp|88\/100|[from] Leech Seed|[of] p1a: Breloom\n|-heal|p1a: Breloom|46\/100 tox|[silent]\n|-heal|p1a: Breloom|58\/100 tox|[from] ability: Poison Heal\n|upkeep\n|turn|30\n|\n|t:|1698956711\n|move|p1a: Breloom|Protect|p1a: Breloom\n|-singleturn|p1a: Breloom|Protect\n|move|p2a: Garchomp|Dragon Claw|p1a: Breloom\n|-activate|p1a: Breloom|move: Protect\n|\n|-heal|p2a: Garchomp|94\/100|[from] item: Leftovers\n|-damage|p2a: Garchomp|82\/100|[from] Leech Seed|[of] p1a: Breloom\n|-heal|p1a: Breloom|72\/100 tox|[silent]\n|-heal|p1a: Breloom|85\/100 tox|[from] ability: Poison Heal\n|upkeep\n|turn|31\n|\n|t:|1698956722\n|switch|p2a: Meowscarada|Meowscarada, M|100\/100\n|move|p1a: Breloom|Spore|p2a: Meowscarada\n|-immune|p2a: Meowscarada\n|\n|-heal|p1a: Breloom|97\/100 tox|[from] ability: Poison Heal\n|upkeep\n|turn|32\n|c|\u2606rnnesharki|o wait your meowscarada is immune to both spore and leech seed\n|\n|t:|1698956756\n|switch|p1a: Urshifu|Urshifu-Rapid-Strike, M|100\/100\n|move|p2a: Meowscarada|Leaf Storm|p1a: Urshifu\n|-supereffective|p1a: Urshifu\n|-damage|p1a: Urshifu|25\/100\n|-unboost|p2a: Meowscarada|spa|2\n|\n|upkeep\n|turn|33\n|\n|t:|1698956765\n|move|p2a: Meowscarada|Leaf Storm|p1a: Urshifu\n|-supereffective|p1a: Urshifu\n|-crit|p1a: Urshifu\n|-damage|p1a: Urshifu|0 fnt\n|-unboost|p2a: Meowscarada|spa|2\n|faint|p1a: Urshifu\n|\n|upkeep\n|c|\u2606dratini_the_fool|:D\n|\n|t:|1698956774\n|switch|p1a: Toxtricity|Toxtricity-Low-Key, M|100\/100\n|turn|34\n|\n|t:|1698956780\n|move|p2a: Meowscarada|Leaf Storm|p1a: Toxtricity\n|-resisted|p1a: Toxtricity\n|-damage|p1a: Toxtricity|89\/100\n|-unboost|p2a: Meowscarada|spa|2\n|move|p1a: Toxtricity|Boomburst|p2a: Meowscarada\n|-damage|p2a: Meowscarada|0 fnt\n|faint|p2a: Meowscarada\n|\n|upkeep\n|\n|t:|1698956788\n|switch|p2a: Garchomp|Garchomp, F|82\/100\n|turn|35\n|c|\u2606dratini_the_fool|D:\n|c|\u2606rnnesharki|ok ima fight normally now\n|\n|t:|1698956799\n|move|p2a: Garchomp|Earthquake|p1a: Toxtricity\n|-supereffective|p1a: Toxtricity\n|-damage|p1a: Toxtricity|0 fnt\n|faint|p1a: Toxtricity\n|\n|-heal|p2a: Garchomp|88\/100|[from] item: Leftovers\n|upkeep\n|\n|t:|1698956805\n|switch|p1a: Manaphy|Manaphy|100\/100\n|turn|36\n|c|\u2606dratini_the_fool|:D\n|\n|t:|1698956812\n|-terastallize|p1a: Manaphy|Dragon\n|move|p1a: Manaphy|Tera Blast|p2a: Garchomp|[anim] Tera Blast Dragon\n|-supereffective|p2a: Garchomp\n|-damage|p2a: Garchomp|14\/100\n|move|p2a: Garchomp|Dragon Claw|p1a: Manaphy\n|-supereffective|p1a: Manaphy\n|-damage|p1a: Manaphy|31\/100\n|\n|-heal|p2a: Garchomp|20\/100|[from] item: Leftovers\n|upkeep\n|turn|37\n|\n|t:|1698956825\n|move|p1a: Manaphy|Tera Blast|p2a: Garchomp|[anim] Tera Blast Dragon\n|-supereffective|p2a: Garchomp\n|-damage|p2a: Garchomp|0 fnt\n|faint|p2a: Garchomp\n|\n|upkeep\n|\n|t:|1698956834\n|switch|p2a: Scizor|Scizor, F|100\/100\n|turn|38\n|c|\u2606rnnesharki|poorly played on my part ngl\n|\n|t:|1698956847\n|move|p1a: Manaphy|Tera Blast|p2a: Scizor|[anim] Tera Blast Dragon\n|-resisted|p2a: Scizor\n|-damage|p2a: Scizor|78\/100\n|move|p2a: Scizor|X-Scissor|p1a: Manaphy\n|-damage|p1a: Manaphy|0 fnt\n|faint|p1a: Manaphy\n|\n|upkeep\n|\n|t:|1698956854\n|switch|p1a: Empoleon|Empoleon, F|100\/100\n|turn|39\n|\n|t:|1698956859\n|move|p1a: Empoleon|Air Slash|p2a: Scizor\n|-damage|p2a: Scizor|51\/100\n|move|p2a: Scizor|X-Scissor|p1a: Empoleon\n|-resisted|p1a: Empoleon\n|-damage|p1a: Empoleon|74\/100\n|\n|upkeep\n|turn|40\n|\n|t:|1698956866\n|move|p1a: Empoleon|Air Slash|p2a: Scizor\n|-damage|p2a: Scizor|21\/100\n|move|p2a: Scizor|X-Scissor|p1a: Empoleon\n|-resisted|p1a: Empoleon\n|-damage|p1a: Empoleon|35\/100\n|\n|upkeep\n|turn|41\n|\n|t:|1698956875\n|move|p1a: Empoleon|Air Slash|p2a: Scizor|[miss]\n|-miss|p1a: Empoleon|p2a: Scizor\n|move|p2a: Scizor|X-Scissor|p1a: Empoleon\n|-resisted|p1a: Empoleon\n|-damage|p1a: Empoleon|0 fnt\n|faint|p1a: Empoleon\n|\n|upkeep\n|\n|t:|1698956882\n|switch|p1a: Calyrex|Calyrex-Shadow|100\/100\n|-ability|p1a: Calyrex|As One\n|-ability|p1a: Calyrex|Unnerve\n|turn|42\n|c|\u2606rnnesharki|final stretch\n|\n|t:|1698956892\n|move|p1a: Calyrex|Astral Barrage|p2a: Scizor\n|-damage|p2a: Scizor|0 fnt\n|faint|p2a: Scizor\n|-ability|p1a: Calyrex|Grim Neigh|boost\n|-boost|p1a: Calyrex|spa|1\n|\n|upkeep\n|\n|t:|1698956902\n|switch|p2a: Ceruledge|Ceruledge, M|34\/100 slp\n|turn|43\n|\n|t:|1698956906\n|move|p1a: Calyrex|Astral Barrage|p2a: Ceruledge\n|-supereffective|p2a: Ceruledge\n|-crit|p2a: Ceruledge\n|-damage|p2a: Ceruledge|0 fnt\n|faint|p2a: Ceruledge\n|-ability|p1a: Calyrex|Grim Neigh|boost\n|-boost|p1a: Calyrex|spa|1\n|\n|upkeep\n|\n|t:|1698956913\n|switch|p2a: Gyarados|Gyarados, F|76\/100 slp\n|-ability|p2a: Gyarados|Intimidate|boost\n|-unboost|p1a: Calyrex|atk|1\n|turn|44\n|\n|t:|1698956920\n|move|p1a: Calyrex|Astral Barrage|p2a: Gyarados\n|-damage|p2a: Gyarados|0 fnt\n|faint|p2a: Gyarados\n|\n|win|rnnesharki\n|raw|rnnesharki's rating: 1213 &rarr; <strong>1230<\/strong><br \/>(+17 for winning)\n|raw|dratini_the_fool's rating: 1105 &rarr; <strong>1088<\/strong><br \/>(-17 for losing)\n|c|\u2606dratini_the_fool|gg\n|c|\u2606rnnesharki|welp it was close\n|c|\u2606rnnesharki|gg\n|l|\u2606dratini_the_fool\n","uploadtime":1698956931,"views":5,"p1id":"rnnesharki","p2id":"dratinithefool","formatid":"gen9anythinggoes","rating":1088,"private":0,"password":""}