{"id":"gen9anythinggoes-1994104401","p1":"Lord Rekkuza","p2":"xishuaideshuai","format":"[Gen 9] Anything Goes","log":"|j|\u2606Lord Rekkuza\n|j|\u2606xishuaideshuai\n|inactive|Battle timer is ON: inactive players will automatically lose when time's up.\n|t:|1700407349\n|gametype|singles\n|player|p1|Lord Rekkuza|lance-masters|\n|player|p2|xishuaideshuai|heroine2-conquest|\n|teamsize|p1|6\n|teamsize|p2|6\n|gen|9\n|tier|[Gen 9] Anything Goes\n|rated|Tournament battle\n|rule|HP Percentage Mod: HP is shown in percentages\n|rule|Endless Battle Clause: Forcing endless battles is banned\n|clearpoke\n|poke|p1|Toxapex, F|\n|poke|p1|Corviknight, M|\n|poke|p1|Arceus|\n|poke|p1|Clodsire, F|\n|poke|p1|Dondozo, M|\n|poke|p1|Goodra-Hisui, M|\n|poke|p2|Calyrex-Shadow|\n|poke|p2|Miraidon|\n|poke|p2|Arceus|\n|poke|p2|Ting-Lu|\n|poke|p2|Koraidon|\n|poke|p2|Giratina-Origin|\n|teampreview\n|j| ZowwyCafe\u2764\n|j| AGisgood\u82cd\u54cd\u4fa0\n|j| Coronet077\n|inactive|Lord Rekkuza has 120 seconds left.\n|\n|t:|1700407387\n|start\n|switch|p1a: Clodsire|Clodsire, F|100\/100\n|switch|p2a: Miraidon|Miraidon|100\/100\n|-fieldstart|move: Electric Terrain|[from] ability: Hadron Engine|[of] p2a: Miraidon\n|turn|1\n|\n|t:|1700407397\n|move|p2a: Miraidon|U-turn|p1a: Clodsire\n|-resisted|p1a: Clodsire\n|-damage|p1a: Clodsire|94\/100\n|\n|t:|1700407405\n|switch|p2a: Ting-Lu|Ting-Lu|100\/100|[from] U-turn\n|-ability|p2a: Ting-Lu|Vessel of Ruin\n|move|p1a: Clodsire|Earthquake|p2a: Ting-Lu\n|-damage|p2a: Ting-Lu|85\/100\n|\n|-heal|p2a: Ting-Lu|91\/100|[from] item: Leftovers\n|-heal|p1a: Clodsire|99\/100|[from] item: Leftovers\n|upkeep\n|turn|2\n|\n|t:|1700407410\n|switch|p1a: Corviknight|Corviknight, M|100\/100\n|-ability|p1a: Corviknight|Pressure\n|move|p2a: Ting-Lu|Stealth Rock|p1a: Corviknight\n|-sidestart|p1: Lord Rekkuza|move: Stealth Rock\n|\n|-heal|p2a: Ting-Lu|98\/100|[from] item: Leftovers\n|upkeep\n|turn|3\n|\n|t:|1700407417\n|switch|p2a: Miraidon|Miraidon|100\/100\n|-activate|p2a: Miraidon|ability: Hadron Engine\n|move|p1a: Corviknight|Defog|p2a: Miraidon\n|-unboost|p2a: Miraidon|evasion|1\n|-sideend|p1: Lord Rekkuza|Stealth Rock|[from] move: Defog|[of] p1a: Corviknight\n|-fieldend|move: Electric Terrain\n|\n|upkeep\n|turn|4\n|\n|t:|1700407432\n|switch|p1a: Goodra|Goodra-Hisui, M|100\/100\n|move|p2a: Miraidon|U-turn|p1a: Goodra\n|-resisted|p1a: Goodra\n|-damage|p1a: Goodra|94\/100\n|\n|t:|1700407437\n|switch|p2a: Koraidon|Koraidon|100\/100|[from] U-turn\n|-weather|SunnyDay|[from] ability: Orichalcum Pulse|[of] p2a: Koraidon\n|-activate|p2a: Koraidon|Orichalcum Pulse|[source]\n|\n|-weather|SunnyDay|[upkeep]\n|-heal|p1a: Goodra|99\/100|[from] item: Leftovers\n|upkeep\n|turn|5\n|\n|t:|1700407442\n|switch|p1a: Toxapex|Toxapex, F|100\/100\n|move|p2a: Koraidon|U-turn|p1a: Toxapex\n|-resisted|p1a: Toxapex\n|-damage|p1a: Toxapex|85\/100\n|\n|t:|1700407461\n|switch|p2a: Miraidon|Miraidon|100\/100|[from] U-turn\n|-fieldstart|move: Electric Terrain|[from] ability: Hadron Engine|[of] p2a: Miraidon\n|\n|-weather|SunnyDay|[upkeep]\n|-heal|p1a: Toxapex|91\/100|[from] item: Leftovers\n|upkeep\n|turn|6\n|\n|t:|1700407466\n|switch|p1a: Clodsire|Clodsire, F|99\/100\n|move|p2a: Miraidon|Volt Switch|p1a: Clodsire\n|-immune|p1a: Clodsire\n|\n|-weather|SunnyDay|[upkeep]\n|-heal|p1a: Clodsire|100\/100|[from] item: Leftovers\n|upkeep\n|turn|7\n|\n|t:|1700407471\n|switch|p2a: Ting-Lu|Ting-Lu|98\/100\n|-ability|p2a: Ting-Lu|Vessel of Ruin\n|move|p1a: Clodsire|Poison Jab|p2a: Ting-Lu\n|-resisted|p2a: Ting-Lu\n|-damage|p2a: Ting-Lu|92\/100\n|\n|-weather|SunnyDay|[upkeep]\n|-heal|p2a: Ting-Lu|98\/100|[from] item: Leftovers\n|upkeep\n|turn|8\n|\n|t:|1700407476\n|switch|p1a: Corviknight|Corviknight, M|100\/100\n|-ability|p1a: Corviknight|Pressure\n|move|p2a: Ting-Lu|Stealth Rock|p1a: Corviknight\n|-sidestart|p1: Lord Rekkuza|move: Stealth Rock\n|\n|-weather|none\n|-heal|p2a: Ting-Lu|100\/100|[from] item: Leftovers\n|upkeep\n|turn|9\n|\n|t:|1700407480\n|switch|p2a: Koraidon|Koraidon|100\/100\n|-weather|SunnyDay|[from] ability: Orichalcum Pulse|[of] p2a: Koraidon\n|-activate|p2a: Koraidon|Orichalcum Pulse|[source]\n|move|p1a: Corviknight|Defog|p2a: Koraidon\n|-unboost|p2a: Koraidon|evasion|1\n|-sideend|p1: Lord Rekkuza|Stealth Rock|[from] move: Defog|[of] p1a: Corviknight\n|-fieldend|move: Electric Terrain\n|\n|-weather|SunnyDay|[upkeep]\n|upkeep\n|turn|10\n|\n|t:|1700407489\n|switch|p1a: Toxapex|Toxapex, F|100\/100\n|move|p2a: Koraidon|Dragon Claw|p1a: Toxapex\n|-damage|p1a: Toxapex|46\/100\n|\n|-weather|SunnyDay|[upkeep]\n|-heal|p1a: Toxapex|52\/100|[from] item: Leftovers\n|upkeep\n|turn|11\n|\n|t:|1700407503\n|switch|p2a: Calyrex|Calyrex-Shadow|100\/100\n|-ability|p2a: Calyrex|As One\n|-ability|p2a: Calyrex|Unnerve\n|move|p1a: Toxapex|Baneful Bunker||[still]\n|-fail|p1a: Toxapex\n|\n|-weather|SunnyDay|[upkeep]\n|-heal|p1a: Toxapex|58\/100|[from] item: Leftovers\n|upkeep\n|turn|12\n|j|+Primordiallite\n|\n|t:|1700407528\n|switch|p2a: Koraidon|Koraidon|100\/100\n|-activate|p2a: Koraidon|ability: Orichalcum Pulse\n|switch|p1a: Goodra|Goodra-Hisui, M|99\/100\n|\n|-weather|SunnyDay|[upkeep]\n|-heal|p1a: Goodra|100\/100|[from] item: Leftovers\n|upkeep\n|turn|13\n|\n|t:|1700407536\n|switch|p1a: Toxapex|Toxapex, F|91\/100\n|move|p2a: Koraidon|U-turn|p1a: Toxapex\n|-resisted|p1a: Toxapex\n|-damage|p1a: Toxapex|77\/100\n|\n|t:|1700407542\n|switch|p2a: Ting-Lu|Ting-Lu|100\/100|[from] U-turn\n|-ability|p2a: Ting-Lu|Vessel of Ruin\n|\n|-weather|none\n|-heal|p1a: Toxapex|83\/100|[from] item: Leftovers\n|upkeep\n|turn|14\n|\n|t:|1700407550\n|switch|p1a: Corviknight|Corviknight, M|100\/100\n|-ability|p1a: Corviknight|Pressure\n|move|p2a: Ting-Lu|Stealth Rock|p1a: Corviknight\n|-sidestart|p1: Lord Rekkuza|move: Stealth Rock\n|\n|upkeep\n|turn|15\n|\n|t:|1700407555\n|move|p2a: Ting-Lu|Stealth Rock||[still]\n|-fail|p2a: Ting-Lu\n|move|p1a: Corviknight|Defog|p2a: Ting-Lu\n|-unboost|p2a: Ting-Lu|evasion|1\n|-sideend|p1: Lord Rekkuza|Stealth Rock|[from] move: Defog|[of] p1a: Corviknight\n|\n|upkeep\n|turn|16\n|\n|t:|1700407578\n|move|p2a: Ting-Lu|Stealth Rock|p1a: Corviknight\n|-sidestart|p1: Lord Rekkuza|move: Stealth Rock\n|move|p1a: Corviknight|Body Press|p2a: Ting-Lu\n|-supereffective|p2a: Ting-Lu\n|-damage|p2a: Ting-Lu|72\/100\n|\n|-heal|p2a: Ting-Lu|78\/100|[from] item: Leftovers\n|upkeep\n|turn|17\n|\n|t:|1700407582\n|move|p2a: Ting-Lu|Spikes|p1a: Corviknight\n|-sidestart|p1: Lord Rekkuza|Spikes\n|move|p1a: Corviknight|Defog|p2a: Ting-Lu\n|-unboost|p2a: Ting-Lu|evasion|1\n|-sideend|p1: Lord Rekkuza|Spikes|[from] move: Defog|[of] p1a: Corviknight\n|-sideend|p1: Lord Rekkuza|Stealth Rock|[from] move: Defog|[of] p1a: Corviknight\n|\n|-heal|p2a: Ting-Lu|84\/100|[from] item: Leftovers\n|upkeep\n|turn|18\n|\n|t:|1700407590\n|move|p2a: Ting-Lu|Stealth Rock|p1a: Corviknight\n|-sidestart|p1: Lord Rekkuza|move: Stealth Rock\n|move|p1a: Corviknight|Iron Defense|p1a: Corviknight\n|-boost|p1a: Corviknight|def|2\n|\n|-heal|p2a: Ting-Lu|90\/100|[from] item: Leftovers\n|upkeep\n|turn|19\n|\n|t:|1700407594\n|switch|p2a: Miraidon|Miraidon|100\/100\n|-fieldstart|move: Electric Terrain|[from] ability: Hadron Engine|[of] p2a: Miraidon\n|move|p1a: Corviknight|Defog|p2a: Miraidon\n|-unboost|p2a: Miraidon|evasion|1\n|-sideend|p1: Lord Rekkuza|Stealth Rock|[from] move: Defog|[of] p1a: Corviknight\n|-fieldend|move: Electric Terrain\n|\n|upkeep\n|turn|20\n|\n|t:|1700407600\n|switch|p1a: Goodra|Goodra-Hisui, M|100\/100\n|move|p2a: Miraidon|U-turn|p1a: Goodra\n|-resisted|p1a: Goodra\n|-damage|p1a: Goodra|95\/100\n|\n|t:|1700407609\n|switch|p2a: Koraidon|Koraidon|100\/100|[from] U-turn\n|-weather|SunnyDay|[from] ability: Orichalcum Pulse|[of] p2a: Koraidon\n|-activate|p2a: Koraidon|Orichalcum Pulse|[source]\n|\n|-weather|SunnyDay|[upkeep]\n|-heal|p1a: Goodra|100\/100|[from] item: Leftovers\n|upkeep\n|turn|21\n|\n|t:|1700407614\n|switch|p1a: Toxapex|Toxapex, F|100\/100\n|move|p2a: Koraidon|Collision Course|p1a: Toxapex\n|-resisted|p1a: Toxapex\n|-damage|p1a: Toxapex|70\/100\n|\n|-weather|SunnyDay|[upkeep]\n|-heal|p1a: Toxapex|76\/100|[from] item: Leftovers\n|upkeep\n|turn|22\n|l| AGisgood\u82cd\u54cd\u4fa0\n|\n|t:|1700407629\n|switch|p2a: Giratina|Giratina-Origin|100\/100\n|move|p1a: Toxapex|Poison Jab|p2a: Giratina\n|-resisted|p2a: Giratina\n|-damage|p2a: Giratina|96\/100\n|\n|-weather|SunnyDay|[upkeep]\n|-heal|p1a: Toxapex|82\/100|[from] item: Leftovers\n|upkeep\n|turn|23\n|j| AAAPE Reborn 3\n|\n|t:|1700407648\n|move|p1a: Toxapex|Baneful Bunker|p1a: Toxapex\n|-singleturn|p1a: Toxapex|move: Protect\n|move|p2a: Giratina|Will-O-Wisp|p1a: Toxapex\n|-activate|p1a: Toxapex|move: Protect\n|\n|-weather|SunnyDay|[upkeep]\n|-heal|p1a: Toxapex|88\/100|[from] item: Leftovers\n|upkeep\n|turn|24\n|j| AGisgood\u82cd\u54cd\u4fa0\n|inactive|Lord Rekkuza has 120 seconds left.\n|\n|t:|1700407682\n|switch|p1a: Arceus|Arceus|100\/100\n|move|p2a: Giratina|Will-O-Wisp|p1a: Arceus\n|-status|p1a: Arceus|brn\n|\n|-weather|none\n|-damage|p1a: Arceus|94\/100 brn|[from] brn\n|upkeep\n|turn|25\n|inactive|Lord Rekkuza has 120 seconds left.\n|\n|t:|1700407693\n|switch|p2a: Ting-Lu|Ting-Lu|90\/100\n|-ability|p2a: Ting-Lu|Vessel of Ruin\n|move|p1a: Arceus|Shadow Claw|p2a: Ting-Lu\n|-resisted|p2a: Ting-Lu\n|-crit|p2a: Ting-Lu\n|-damage|p2a: Ting-Lu|87\/100\n|\n|-heal|p1a: Arceus|100\/100 brn|[from] item: Leftovers\n|-heal|p2a: Ting-Lu|93\/100|[from] item: Leftovers\n|-damage|p1a: Arceus|94\/100 brn|[from] brn\n|upkeep\n|turn|26\n|j| HXH f4n\n|\n|t:|1700407703\n|switch|p1a: Corviknight|Corviknight, M|100\/100\n|-ability|p1a: Corviknight|Pressure\n|move|p2a: Ting-Lu|Stealth Rock|p1a: Corviknight\n|-sidestart|p1: Lord Rekkuza|move: Stealth Rock\n|\n|-heal|p2a: Ting-Lu|99\/100|[from] item: Leftovers\n|upkeep\n|turn|27\n|\n|t:|1700407711\n|move|p2a: Ting-Lu|Spikes|p1a: Corviknight\n|-sidestart|p1: Lord Rekkuza|Spikes\n|move|p1a: Corviknight|Defog|p2a: Ting-Lu\n|-unboost|p2a: Ting-Lu|evasion|1\n|-sideend|p1: Lord Rekkuza|Spikes|[from] move: Defog|[of] p1a: Corviknight\n|-sideend|p1: Lord Rekkuza|Stealth Rock|[from] move: Defog|[of] p1a: Corviknight\n|\n|-heal|p2a: Ting-Lu|100\/100|[from] item: Leftovers\n|upkeep\n|turn|28\n|\n|t:|1700407718\n|move|p2a: Ting-Lu|Stealth Rock|p1a: Corviknight\n|-sidestart|p1: Lord Rekkuza|move: Stealth Rock\n|move|p1a: Corviknight|Iron Defense|p1a: Corviknight\n|-boost|p1a: Corviknight|def|2\n|\n|upkeep\n|turn|29\n|l| HXH f4n\n|\n|t:|1700407724\n|switch|p2a: Calyrex|Calyrex-Shadow|100\/100\n|-ability|p2a: Calyrex|As One\n|-ability|p2a: Calyrex|Unnerve\n|move|p1a: Corviknight|Defog|p2a: Calyrex\n|-unboost|p2a: Calyrex|evasion|1\n|-sideend|p1: Lord Rekkuza|Stealth Rock|[from] move: Defog|[of] p1a: Corviknight\n|\n|upkeep\n|turn|30\n|\n|t:|1700407735\n|switch|p1a: Goodra|Goodra-Hisui, M|100\/100\n|move|p2a: Calyrex|Astral Barrage|p1a: Goodra\n|-damage|p1a: Goodra|61\/100\n|\n|-heal|p1a: Goodra|67\/100|[from] item: Leftovers\n|upkeep\n|turn|31\n|\n|t:|1700407751\n|switch|p2a: Ting-Lu|Ting-Lu|100\/100\n|-ability|p2a: Ting-Lu|Vessel of Ruin\n|move|p1a: Goodra|Dragon Tail|p2a: Ting-Lu\n|-damage|p2a: Ting-Lu|89\/100\n|drag|p2a: Miraidon|Miraidon|100\/100\n|-fieldstart|move: Electric Terrain|[from] ability: Hadron Engine|[of] p2a: Miraidon\n|\n|-heal|p1a: Goodra|73\/100|[from] item: Leftovers\n|upkeep\n|turn|32\n|\n|t:|1700407761\n|move|p1a: Goodra|Protect|p1a: Goodra\n|-singleturn|p1a: Goodra|Protect\n|move|p2a: Miraidon|Volt Switch|p1a: Goodra\n|-activate|p1a: Goodra|move: Protect\n|\n|-heal|p1a: Goodra|79\/100|[from] item: Leftovers\n|upkeep\n|turn|33\n|\n|t:|1700407767\n|switch|p2a: Ting-Lu|Ting-Lu|89\/100\n|-ability|p2a: Ting-Lu|Vessel of Ruin\n|switch|p1a: Clodsire|Clodsire, F|100\/100\n|\n|-heal|p2a: Ting-Lu|95\/100|[from] item: Leftovers\n|upkeep\n|turn|34\n|\n|t:|1700407773\n|switch|p1a: Corviknight|Corviknight, M|100\/100\n|-ability|p1a: Corviknight|Pressure\n|move|p2a: Ting-Lu|Stealth Rock|p1a: Corviknight\n|-sidestart|p1: Lord Rekkuza|move: Stealth Rock\n|\n|-heal|p2a: Ting-Lu|100\/100|[from] item: Leftovers\n|upkeep\n|turn|35\n|\n|t:|1700407783\n|switch|p2a: Miraidon|Miraidon|100\/100\n|-activate|p2a: Miraidon|ability: Hadron Engine\n|move|p1a: Corviknight|Defog|p2a: Miraidon\n|-unboost|p2a: Miraidon|evasion|1\n|-sideend|p1: Lord Rekkuza|Stealth Rock|[from] move: Defog|[of] p1a: Corviknight\n|-fieldend|move: Electric Terrain\n|\n|upkeep\n|turn|36\n|\n|t:|1700407788\n|switch|p1a: Goodra|Goodra-Hisui, M|79\/100\n|move|p2a: Miraidon|Draco Meteor|p1a: Goodra\n|-damage|p1a: Goodra|41\/100\n|-unboost|p2a: Miraidon|spa|2\n|\n|-heal|p1a: Goodra|47\/100|[from] item: Leftovers\n|upkeep\n|turn|37\n|\n|t:|1700407796\n|switch|p2a: Ting-Lu|Ting-Lu|100\/100\n|-ability|p2a: Ting-Lu|Vessel of Ruin\n|move|p1a: Goodra|Life Dew|p1a: Goodra\n|-heal|p1a: Goodra|72\/100\n|\n|-heal|p1a: Goodra|78\/100|[from] item: Leftovers\n|upkeep\n|turn|38\n|\n|t:|1700407808\n|switch|p1a: Corviknight|Corviknight, M|100\/100\n|-ability|p1a: Corviknight|Pressure\n|move|p2a: Ting-Lu|Stealth Rock|p1a: Corviknight\n|-sidestart|p1: Lord Rekkuza|move: Stealth Rock\n|\n|upkeep\n|turn|39\n|\n|t:|1700407815\n|switch|p2a: Koraidon|Koraidon|100\/100\n|-weather|SunnyDay|[from] ability: Orichalcum Pulse|[of] p2a: Koraidon\n|-activate|p2a: Koraidon|Orichalcum Pulse|[source]\n|move|p1a: Corviknight|Defog|p2a: Koraidon\n|-unboost|p2a: Koraidon|evasion|1\n|-sideend|p1: Lord Rekkuza|Stealth Rock|[from] move: Defog|[of] p1a: Corviknight\n|\n|-weather|SunnyDay|[upkeep]\n|upkeep\n|turn|40\n|\n|t:|1700407821\n|switch|p1a: Toxapex|Toxapex, F|100\/100\n|move|p2a: Koraidon|Dragon Claw|p1a: Toxapex\n|-damage|p1a: Toxapex|48\/100\n|\n|-weather|SunnyDay|[upkeep]\n|-heal|p1a: Toxapex|54\/100|[from] item: Leftovers\n|upkeep\n|turn|41\n|l|+Primordiallite\n|\n|t:|1700407833\n|switch|p2a: Calyrex|Calyrex-Shadow|100\/100\n|-ability|p2a: Calyrex|As One\n|-ability|p2a: Calyrex|Unnerve\n|move|p1a: Toxapex|Baneful Bunker||[still]\n|-fail|p1a: Toxapex\n|\n|-weather|SunnyDay|[upkeep]\n|-heal|p1a: Toxapex|60\/100|[from] item: Leftovers\n|upkeep\n|turn|42\n|\n|t:|1700407837\n|switch|p1a: Arceus|Arceus|94\/100 brn\n|move|p2a: Calyrex|Nasty Plot|p2a: Calyrex\n|-boost|p2a: Calyrex|spa|2\n|\n|-weather|SunnyDay|[upkeep]\n|-heal|p1a: Arceus|100\/100 brn|[from] item: Leftovers\n|-damage|p1a: Arceus|94\/100 brn|[from] brn\n|upkeep\n|turn|43\n|\n|t:|1700407848\n|-terastallize|p2a: Calyrex|Normal\n|move|p2a: Calyrex|Grass Knot|p1a: Arceus\n|-damage|p1a: Arceus|38\/100 brn\n|move|p1a: Arceus|Shadow Claw|p2a: Calyrex\n|-immune|p2a: Calyrex\n|\n|-weather|none\n|-heal|p1a: Arceus|44\/100 brn|[from] item: Leftovers\n|-damage|p1a: Arceus|38\/100 brn|[from] brn\n|upkeep\n|turn|44\n|\n|t:|1700407858\n|switch|p1a: Clodsire|Clodsire, F|100\/100\n|move|p2a: Calyrex|Baton Pass|p2a: Calyrex\n|\n|t:|1700407863\n|switch|p2a: Koraidon|Koraidon|100\/100|[from] Baton Pass\n|-weather|SunnyDay|[from] ability: Orichalcum Pulse|[of] p2a: Koraidon\n|-activate|p2a: Koraidon|Orichalcum Pulse|[source]\n|\n|-weather|SunnyDay|[upkeep]\n|upkeep\n|turn|45\n|\n|t:|1700407869\n|switch|p1a: Toxapex|Toxapex, F|93\/100\n|move|p2a: Koraidon|Flare Blitz|p1a: Toxapex\n|-resisted|p1a: Toxapex\n|-damage|p1a: Toxapex|58\/100\n|-damage|p2a: Koraidon|90\/100|[from] Recoil\n|\n|-weather|SunnyDay|[upkeep]\n|-heal|p1a: Toxapex|64\/100|[from] item: Leftovers\n|upkeep\n|turn|46\n|\n|t:|1700407877\n|switch|p2a: Ting-Lu|Ting-Lu|100\/100\n|-ability|p2a: Ting-Lu|Vessel of Ruin\n|move|p1a: Toxapex|Poison Jab|p2a: Ting-Lu\n|-resisted|p2a: Ting-Lu\n|-damage|p2a: Ting-Lu|95\/100\n|-status|p2a: Ting-Lu|psn\n|\n|-weather|SunnyDay|[upkeep]\n|-heal|p2a: Ting-Lu|100\/100 psn|[from] item: Leftovers\n|-heal|p1a: Toxapex|70\/100|[from] item: Leftovers\n|-damage|p2a: Ting-Lu|88\/100 psn|[from] psn\n|upkeep\n|turn|47\n|\n|t:|1700407891\n|switch|p1a: Corviknight|Corviknight, M|100\/100\n|-ability|p1a: Corviknight|Pressure\n|move|p2a: Ting-Lu|Spikes|p1a: Corviknight\n|-sidestart|p1: Lord Rekkuza|Spikes\n|\n|-weather|SunnyDay|[upkeep]\n|-heal|p2a: Ting-Lu|94\/100 psn|[from] item: Leftovers\n|-damage|p2a: Ting-Lu|82\/100 psn|[from] psn\n|upkeep\n|turn|48\n|\n|t:|1700407898\n|switch|p2a: Miraidon|Miraidon|100\/100\n|-fieldstart|move: Electric Terrain|[from] ability: Hadron Engine|[of] p2a: Miraidon\n|move|p1a: Corviknight|Defog|p2a: Miraidon\n|-unboost|p2a: Miraidon|evasion|1\n|-sideend|p1: Lord Rekkuza|Spikes|[from] move: Defog|[of] p1a: Corviknight\n|-fieldend|move: Electric Terrain\n|\n|-weather|none\n|upkeep\n|turn|49\n|\n|t:|1700407902\n|switch|p1a: Goodra|Goodra-Hisui, M|78\/100\n|move|p2a: Miraidon|Draco Meteor|p1a: Goodra\n|-damage|p1a: Goodra|42\/100\n|-unboost|p2a: Miraidon|spa|2\n|\n|-heal|p1a: Goodra|48\/100|[from] item: Leftovers\n|upkeep\n|turn|50\n|\n|t:|1700407909\n|switch|p2a: Koraidon|Koraidon|90\/100\n|-weather|SunnyDay|[from] ability: Orichalcum Pulse|[of] p2a: Koraidon\n|-activate|p2a: Koraidon|Orichalcum Pulse|[source]\n|move|p1a: Goodra|Life Dew|p1a: Goodra\n|-heal|p1a: Goodra|73\/100\n|\n|-weather|SunnyDay|[upkeep]\n|-heal|p1a: Goodra|79\/100|[from] item: Leftovers\n|upkeep\n|turn|51\n|\n|t:|1700407913\n|switch|p1a: Toxapex|Toxapex, F|100\/100\n|move|p2a: Koraidon|Dragon Claw|p1a: Toxapex\n|-damage|p1a: Toxapex|50\/100\n|\n|-weather|SunnyDay|[upkeep]\n|-heal|p1a: Toxapex|56\/100|[from] item: Leftovers\n|upkeep\n|turn|52\n|inactive|xishuaideshuai has 120 seconds left.\n|\n|t:|1700407946\n|switch|p2a: Giratina|Giratina-Origin|96\/100\n|switch|p1a: Corviknight|Corviknight, M|100\/100\n|-ability|p1a: Corviknight|Pressure\n|\n|-weather|SunnyDay|[upkeep]\n|upkeep\n|turn|53\n|\n|t:|1700407951\n|switch|p1a: Arceus|Arceus|38\/100 brn\n|move|p2a: Giratina|Roar|p1a: Arceus\n|drag|p1a: Clodsire|Clodsire, F|100\/100\n|\n|-weather|SunnyDay|[upkeep]\n|upkeep\n|turn|54\n|\n|t:|1700407964\n|switch|p2a: Ting-Lu|Ting-Lu|82\/100 psn\n|-ability|p2a: Ting-Lu|Vessel of Ruin\n|switch|p1a: Arceus|Arceus|38\/100 brn\n|\n|-weather|none\n|-heal|p1a: Arceus|44\/100 brn|[from] item: Leftovers\n|-heal|p2a: Ting-Lu|88\/100 psn|[from] item: Leftovers\n|-damage|p2a: Ting-Lu|76\/100 psn|[from] psn\n|-damage|p1a: Arceus|38\/100 brn|[from] brn\n|upkeep\n|turn|55\n|\n|t:|1700407968\n|switch|p1a: Corviknight|Corviknight, M|100\/100\n|-ability|p1a: Corviknight|Pressure\n|move|p2a: Ting-Lu|Stealth Rock|p1a: Corviknight\n|-sidestart|p1: Lord Rekkuza|move: Stealth Rock\n|\n|-heal|p2a: Ting-Lu|82\/100 psn|[from] item: Leftovers\n|-damage|p2a: Ting-Lu|69\/100 psn|[from] psn\n|upkeep\n|turn|56\n|\n|t:|1700407983\n|switch|p2a: Miraidon|Miraidon|100\/100\n|-fieldstart|move: Electric Terrain|[from] ability: Hadron Engine|[of] p2a: Miraidon\n|move|p1a: Corviknight|Defog|p2a: Miraidon\n|-unboost|p2a: Miraidon|evasion|1\n|-sideend|p1: Lord Rekkuza|Stealth Rock|[from] move: Defog|[of] p1a: Corviknight\n|-fieldend|move: Electric Terrain\n|\n|upkeep\n|turn|57\n|\n|t:|1700408007\n|switch|p1a: Goodra|Goodra-Hisui, M|79\/100\n|move|p2a: Miraidon|U-turn|p1a: Goodra\n|-resisted|p1a: Goodra\n|-damage|p1a: Goodra|73\/100\n|\n|t:|1700408019\n|switch|p2a: Koraidon|Koraidon|90\/100|[from] U-turn\n|-weather|SunnyDay|[from] ability: Orichalcum Pulse|[of] p2a: Koraidon\n|-activate|p2a: Koraidon|Orichalcum Pulse|[source]\n|\n|-weather|SunnyDay|[upkeep]\n|-heal|p1a: Goodra|79\/100|[from] item: Leftovers\n|upkeep\n|turn|58\n|\n|t:|1700408027\n|switch|p1a: Toxapex|Toxapex, F|89\/100\n|move|p2a: Koraidon|Dragon Claw|p1a: Toxapex\n|-damage|p1a: Toxapex|36\/100\n|\n|-weather|SunnyDay|[upkeep]\n|-heal|p1a: Toxapex|42\/100|[from] item: Leftovers\n|upkeep\n|turn|59\n|\n|t:|1700408035\n|switch|p2a: Arceus|Arceus|100\/100\n|move|p1a: Toxapex|Baneful Bunker||[still]\n|-fail|p1a: Toxapex\n|\n|-weather|SunnyDay|[upkeep]\n|-heal|p1a: Toxapex|48\/100|[from] item: Leftovers\n|upkeep\n|turn|60\n|\n|t:|1700408041\n|switch|p1a: Dondozo|Dondozo, M|100\/100\n|move|p2a: Arceus|Taunt|p1a: Dondozo\n|-start|p1a: Dondozo|move: Taunt\n|\n|-weather|SunnyDay|[upkeep]\n|upkeep\n|turn|61\n|\n|t:|1700408049\n|move|p2a: Arceus|Swords Dance|p2a: Arceus\n|-boost|p2a: Arceus|atk|2\n|move|p1a: Dondozo|Body Press|p2a: Arceus\n|-supereffective|p2a: Arceus\n|-damage|p2a: Arceus|60\/100\n|\n|-weather|none\n|upkeep\n|turn|62\n|\n|t:|1700408057\n|switch|p2a: Giratina|Giratina-Origin|96\/100\n|move|p1a: Dondozo|Fissure|p2a: Giratina\n|-immune|p2a: Giratina|[from] ability: Levitate\n|\n|-end|p1a: Dondozo|move: Taunt\n|upkeep\n|turn|63\n|\n|t:|1700408062\n|switch|p2a: Koraidon|Koraidon|90\/100\n|-weather|SunnyDay|[from] ability: Orichalcum Pulse|[of] p2a: Koraidon\n|-activate|p2a: Koraidon|Orichalcum Pulse|[source]\n|switch|p1a: Arceus|Arceus|38\/100 brn\n|\n|-weather|SunnyDay|[upkeep]\n|-heal|p1a: Arceus|44\/100 brn|[from] item: Leftovers\n|-damage|p1a: Arceus|38\/100 brn|[from] brn\n|upkeep\n|turn|64\n|\n|t:|1700408067\n|move|p1a: Arceus|Protect|p1a: Arceus\n|-singleturn|p1a: Arceus|Protect\n|move|p2a: Koraidon|U-turn|p1a: Arceus\n|-activate|p1a: Arceus|move: Protect\n|\n|-weather|SunnyDay|[upkeep]\n|-heal|p1a: Arceus|44\/100 brn|[from] item: Leftovers\n|-damage|p1a: Arceus|38\/100 brn|[from] brn\n|upkeep\n|turn|65\n|\n|t:|1700408075\n|switch|p1a: Corviknight|Corviknight, M|100\/100\n|-ability|p1a: Corviknight|Pressure\n|move|p2a: Koraidon|U-turn|p1a: Corviknight\n|-resisted|p1a: Corviknight\n|-damage|p1a: Corviknight|93\/100\n|\n|t:|1700408086\n|switch|p2a: Calyrex|Calyrex-Shadow, tera:Normal|100\/100|[from] U-turn\n|-ability|p2a: Calyrex|As One\n|-ability|p2a: Calyrex|Unnerve\n|\n|-weather|SunnyDay|[upkeep]\n|-heal|p1a: Corviknight|99\/100|[from] item: Leftovers\n|upkeep\n|turn|66\n|\n|t:|1700408106\n|switch|p1a: Clodsire|Clodsire, F|100\/100\n|move|p2a: Calyrex|Nasty Plot|p2a: Calyrex\n|-boost|p2a: Calyrex|spa|2\n|\n|-weather|SunnyDay|[upkeep]\n|upkeep\n|turn|67\n|\n|t:|1700408121\n|switch|p2a: Arceus|Arceus|60\/100\n|move|p1a: Clodsire|Poison Jab|p2a: Arceus\n|-damage|p2a: Arceus|44\/100\n|\n|-weather|none\n|upkeep\n|turn|68\n|\n|t:|1700408133\n|move|p2a: Arceus|Extreme Speed|p1a: Clodsire\n|-damage|p1a: Clodsire|47\/100\n|move|p1a: Clodsire|Stealth Rock|p2a: Arceus\n|-sidestart|p2: xishuaideshuai|move: Stealth Rock\n|\n|-heal|p1a: Clodsire|54\/100|[from] item: Leftovers\n|upkeep\n|turn|69\n|\n|t:|1700408143\n|switch|p1a: Corviknight|Corviknight, M|99\/100\n|-ability|p1a: Corviknight|Pressure\n|move|p2a: Arceus|Taunt|p1a: Corviknight\n|-start|p1a: Corviknight|move: Taunt\n|\n|-heal|p1a: Corviknight|100\/100|[from] item: Leftovers\n|upkeep\n|turn|70\n|\n|t:|1700408151\n|switch|p2a: Giratina|Giratina-Origin|96\/100\n|-damage|p2a: Giratina|83\/100|[from] Stealth Rock\n|move|p1a: Corviknight|Body Press|p2a: Giratina\n|-immune|p2a: Giratina\n|\n|upkeep\n|turn|71\n|\n|t:|1700408159\n|switch|p2a: Koraidon|Koraidon|90\/100\n|-damage|p2a: Koraidon|84\/100|[from] Stealth Rock\n|-weather|SunnyDay|[from] ability: Orichalcum Pulse|[of] p2a: Koraidon\n|-activate|p2a: Koraidon|Orichalcum Pulse|[source]\n|switch|p1a: Arceus|Arceus|38\/100 brn\n|\n|-weather|SunnyDay|[upkeep]\n|-heal|p1a: Arceus|44\/100 brn|[from] item: Leftovers\n|-damage|p1a: Arceus|38\/100 brn|[from] brn\n|upkeep\n|turn|72\n|\n|t:|1700408164\n|move|p1a: Arceus|Protect|p1a: Arceus\n|-singleturn|p1a: Arceus|Protect\n|move|p2a: Koraidon|Dragon Claw|p1a: Arceus\n|-activate|p1a: Arceus|move: Protect\n|\n|-weather|SunnyDay|[upkeep]\n|-heal|p1a: Arceus|44\/100 brn|[from] item: Leftovers\n|-damage|p1a: Arceus|38\/100 brn|[from] brn\n|upkeep\n|turn|73\n|\n|t:|1700408168\n|switch|p1a: Corviknight|Corviknight, M|100\/100\n|-ability|p1a: Corviknight|Pressure\n|move|p2a: Koraidon|Dragon Claw|p1a: Corviknight\n|-resisted|p1a: Corviknight\n|-damage|p1a: Corviknight|75\/100\n|\n|-weather|SunnyDay|[upkeep]\n|-heal|p1a: Corviknight|81\/100|[from] item: Leftovers\n|upkeep\n|turn|74\n|\n|t:|1700408175\n|switch|p2a: Giratina|Giratina-Origin|83\/100\n|-damage|p2a: Giratina|71\/100|[from] Stealth Rock\n|move|p1a: Corviknight|Body Press|p2a: Giratina\n|-immune|p2a: Giratina\n|\n|-weather|SunnyDay|[upkeep]\n|-heal|p1a: Corviknight|87\/100|[from] item: Leftovers\n|upkeep\n|turn|75\n|\n|t:|1700408177\n|switch|p1a: Arceus|Arceus|38\/100 brn\n|move|p2a: Giratina|Defog|p1a: Arceus\n|-unboost|p1a: Arceus|evasion|1\n|-sideend|p2: xishuaideshuai|Stealth Rock|[from] move: Defog|[of] p2a: Giratina\n|\n|-weather|none\n|-heal|p1a: Arceus|44\/100 brn|[from] item: Leftovers\n|-damage|p1a: Arceus|38\/100 brn|[from] brn\n|upkeep\n|turn|76\n|\n|t:|1700408184\n|switch|p2a: Calyrex|Calyrex-Shadow, tera:Normal|100\/100\n|-ability|p2a: Calyrex|As One\n|-ability|p2a: Calyrex|Unnerve\n|move|p1a: Arceus|Recover|p1a: Arceus\n|-heal|p1a: Arceus|88\/100 brn\n|\n|-heal|p1a: Arceus|94\/100 brn|[from] item: Leftovers\n|-damage|p1a: Arceus|88\/100 brn|[from] brn\n|upkeep\n|turn|77\n|\n|t:|1700408190\n|move|p1a: Arceus|Extreme Speed|p2a: Calyrex\n|-damage|p2a: Calyrex|80\/100\n|move|p2a: Calyrex|Grass Knot|p1a: Arceus\n|-damage|p1a: Arceus|60\/100 brn\n|\n|-heal|p1a: Arceus|66\/100 brn|[from] item: Leftovers\n|-damage|p1a: Arceus|60\/100 brn|[from] brn\n|upkeep\n|turn|78\n|j| ThotsOnDemand\n|\n|t:|1700408203\n|switch|p1a: Clodsire|Clodsire, F|54\/100\n|move|p2a: Calyrex|Astral Barrage|p1a: Clodsire\n|-damage|p1a: Clodsire|17\/100\n|\n|-heal|p1a: Clodsire|23\/100|[from] item: Leftovers\n|upkeep\n|turn|79\n|\n|t:|1700408219\n|switch|p1a: Goodra|Goodra-Hisui, M|79\/100\n|move|p2a: Calyrex|Astral Barrage|p1a: Goodra\n|-damage|p1a: Goodra|41\/100\n|\n|-heal|p1a: Goodra|47\/100|[from] item: Leftovers\n|upkeep\n|turn|80\n|\n|t:|1700408226\n|move|p2a: Calyrex|Nasty Plot|p2a: Calyrex\n|-boost|p2a: Calyrex|spa|2\n|move|p1a: Goodra|Life Dew|p1a: Goodra\n|-heal|p1a: Goodra|72\/100\n|\n|-heal|p1a: Goodra|78\/100|[from] item: Leftovers\n|upkeep\n|turn|81\n|\n|t:|1700408233\n|move|p1a: Goodra|Protect|p1a: Goodra\n|-singleturn|p1a: Goodra|Protect\n|move|p2a: Calyrex|Grass Knot|p1a: Goodra\n|-activate|p1a: Goodra|move: Protect\n|\n|-heal|p1a: Goodra|84\/100|[from] item: Leftovers\n|upkeep\n|turn|82\n|\n|t:|1700408239\n|move|p2a: Calyrex|Astral Barrage|p1a: Goodra\n|-damage|p1a: Goodra|6\/100\n|move|p1a: Goodra|Dragon Tail|p2a: Calyrex\n|-damage|p2a: Calyrex|57\/100\n|drag|p2a: Koraidon|Koraidon|84\/100\n|-weather|SunnyDay|[from] ability: Orichalcum Pulse|[of] p2a: Koraidon\n|-activate|p2a: Koraidon|Orichalcum Pulse|[source]\n|\n|-weather|SunnyDay|[upkeep]\n|-heal|p1a: Goodra|12\/100|[from] item: Leftovers\n|upkeep\n|turn|83\n|\n|t:|1700408251\n|move|p1a: Goodra|Protect|p1a: Goodra\n|-singleturn|p1a: Goodra|Protect\n|move|p2a: Koraidon|U-turn|p1a: Goodra\n|-activate|p1a: Goodra|move: Protect\n|\n|-weather|SunnyDay|[upkeep]\n|-heal|p1a: Goodra|18\/100|[from] item: Leftovers\n|upkeep\n|turn|84\n|\n|t:|1700408256\n|switch|p1a: Corviknight|Corviknight, M|87\/100\n|-ability|p1a: Corviknight|Pressure\n|move|p2a: Koraidon|U-turn|p1a: Corviknight\n|-resisted|p1a: Corviknight\n|-damage|p1a: Corviknight|80\/100\n|\n|t:|1700408264\n|switch|p2a: Miraidon|Miraidon|100\/100|[from] U-turn\n|-fieldstart|move: Electric Terrain|[from] ability: Hadron Engine|[of] p2a: Miraidon\n|\n|-weather|SunnyDay|[upkeep]\n|-heal|p1a: Corviknight|87\/100|[from] item: Leftovers\n|upkeep\n|turn|85\n|l| AAAPE Reborn 3\n|\n|t:|1700408276\n|switch|p1a: Clodsire|Clodsire, F|23\/100\n|move|p2a: Miraidon|Draco Meteor|p1a: Clodsire|[miss]\n|-miss|p2a: Miraidon|p1a: Clodsire\n|\n|-weather|SunnyDay|[upkeep]\n|-heal|p1a: Clodsire|29\/100|[from] item: Leftovers\n|upkeep\n|turn|86\n|c| ThotsOnDemand|watching this shit off the percs\n|c| ThotsOnDemand|crazy\n|inactive|Lord Rekkuza has 120 seconds left.\n|\n|t:|1700408311\n|switch|p1a: Corviknight|Corviknight, M|87\/100\n|-ability|p1a: Corviknight|Pressure\n|move|p2a: Miraidon|Draco Meteor|p1a: Corviknight\n|-resisted|p1a: Corviknight\n|-damage|p1a: Corviknight|44\/100\n|-unboost|p2a: Miraidon|spa|2\n|\n|-weather|none\n|-heal|p1a: Corviknight|50\/100|[from] item: Leftovers\n|upkeep\n|turn|87\n|\n|t:|1700408321\n|switch|p2a: Koraidon|Koraidon|84\/100\n|-weather|SunnyDay|[from] ability: Orichalcum Pulse|[of] p2a: Koraidon\n|-activate|p2a: Koraidon|Orichalcum Pulse|[source]\n|move|p1a: Corviknight|Roost|p1a: Corviknight\n|-heal|p1a: Corviknight|99\/100\n|-singleturn|p1a: Corviknight|move: Roost\n|\n|-weather|SunnyDay|[upkeep]\n|-heal|p1a: Corviknight|100\/100|[from] item: Leftovers\n|upkeep\n|turn|88\n|\n|t:|1700408332\n|move|p2a: Koraidon|U-turn|p1a: Corviknight\n|-resisted|p1a: Corviknight\n|-damage|p1a: Corviknight|93\/100\n|\n|t:|1700408337\n|switch|p2a: Giratina|Giratina-Origin|71\/100|[from] U-turn\n|move|p1a: Corviknight|Iron Defense|p1a: Corviknight\n|-boost|p1a: Corviknight|def|2\n|\n|-weather|SunnyDay|[upkeep]\n|-heal|p1a: Corviknight|99\/100|[from] item: Leftovers\n|-fieldend|move: Electric Terrain\n|upkeep\n|turn|89\n|\n|t:|1700408343\n|switch|p2a: Miraidon|Miraidon|100\/100\n|-fieldstart|move: Electric Terrain|[from] ability: Hadron Engine|[of] p2a: Miraidon\n|switch|p1a: Arceus|Arceus|60\/100 brn\n|\n|-weather|SunnyDay|[upkeep]\n|-heal|p1a: Arceus|66\/100 brn|[from] item: Leftovers\n|-damage|p1a: Arceus|60\/100 brn|[from] brn\n|upkeep\n|turn|90\n|\n|t:|1700408348\n|move|p1a: Arceus|Protect|p1a: Arceus\n|-singleturn|p1a: Arceus|Protect\n|move|p2a: Miraidon|Draco Meteor|p1a: Arceus\n|-activate|p1a: Arceus|move: Protect\n|\n|-weather|SunnyDay|[upkeep]\n|-heal|p1a: Arceus|66\/100 brn|[from] item: Leftovers\n|-damage|p1a: Arceus|60\/100 brn|[from] brn\n|upkeep\n|turn|91\n|\n|t:|1700408361\n|switch|p2a: Calyrex|Calyrex-Shadow, tera:Normal|57\/100\n|-ability|p2a: Calyrex|As One\n|-ability|p2a: Calyrex|Unnerve\n|switch|p1a: Corviknight|Corviknight, M|99\/100\n|-ability|p1a: Corviknight|Pressure\n|\n|-weather|none\n|-heal|p1a: Corviknight|100\/100|[from] item: Leftovers\n|upkeep\n|turn|92\n|\n|t:|1700408376\n|move|p2a: Calyrex|Baton Pass|p2a: Calyrex\n|\n|t:|1700408380\n|switch|p2a: Koraidon|Koraidon|84\/100|[from] Baton Pass\n|-weather|SunnyDay|[from] ability: Orichalcum Pulse|[of] p2a: Koraidon\n|-activate|p2a: Koraidon|Orichalcum Pulse|[source]\n|move|p1a: Corviknight|Body Press|p2a: Koraidon\n|-damage|p2a: Koraidon|63\/100\n|\n|-weather|SunnyDay|[upkeep]\n|upkeep\n|turn|93\n|\n|t:|1700408385\n|switch|p1a: Toxapex|Toxapex, F|82\/100\n|move|p2a: Koraidon|U-turn|p1a: Toxapex\n|-resisted|p1a: Toxapex\n|-damage|p1a: Toxapex|66\/100\n|\n|t:|1700408392\n|switch|p2a: Calyrex|Calyrex-Shadow, tera:Normal|57\/100|[from] U-turn\n|-ability|p2a: Calyrex|As One\n|-ability|p2a: Calyrex|Unnerve\n|\n|-weather|SunnyDay|[upkeep]\n|-heal|p1a: Toxapex|72\/100|[from] item: Leftovers\n|-fieldend|move: Electric Terrain\n|upkeep\n|turn|94\n|c| ThotsOnDemand|gonna go out on a limb here and say that everyone in here is unemployed\n|\n|t:|1700408415\n|switch|p1a: Arceus|Arceus|60\/100 brn\n|move|p2a: Calyrex|Nasty Plot|p2a: Calyrex\n|-boost|p2a: Calyrex|spa|2\n|\n|-weather|SunnyDay|[upkeep]\n|-heal|p1a: Arceus|66\/100 brn|[from] item: Leftovers\n|-damage|p1a: Arceus|60\/100 brn|[from] brn\n|upkeep\n|turn|95\n|\n|t:|1700408423\n|move|p2a: Calyrex|Grass Knot|p1a: Arceus\n|-crit|p1a: Arceus\n|-damage|p1a: Arceus|0 fnt\n|faint|p1a: Arceus\n|-ability|p2a: Calyrex|Grim Neigh|boost\n|-boost|p2a: Calyrex|spa|1\n|\n|-weather|SunnyDay|[upkeep]\n|upkeep\n|c|\u2606Lord Rekkuza|oof\n|inactive|Lord Rekkuza has 120 seconds left.\n|inactive|Lord Rekkuza has 90 seconds left.\n|inactive|Lord Rekkuza has 60 seconds left.\n|inactive|Lord Rekkuza has 30 seconds left.\n|inactive|Lord Rekkuza has 20 seconds left.\n|inactive|Lord Rekkuza has 15 seconds left.\n|\n|t:|1700408547\n|switch|p1a: Dondozo|Dondozo, M|100\/100\n|turn|96\n|inactive|Lord Rekkuza has 20 seconds left this turn.\n|inactive|Lord Rekkuza has 15 seconds left.\n|l| AGisgood\u82cd\u54cd\u4fa0\n|\n|t:|1700408555\n|-terastallize|p1a: Dondozo|Flying\n|move|p2a: Calyrex|Grass Knot|p1a: Dondozo\n|-resisted|p1a: Dondozo\n|-damage|p1a: Dondozo|76\/100\n|move|p1a: Dondozo|Body Press|p2a: Calyrex\n|-supereffective|p2a: Calyrex\n|-damage|p2a: Calyrex|0 fnt\n|faint|p2a: Calyrex\n|\n|-weather|none\n|-heal|p1a: Dondozo|82\/100|[from] item: Leftovers\n|upkeep\n|inactive|Lord Rekkuza has 20 seconds left this turn.\n|j| AGisgood\u82cd\u54cd\u4fa0\n|\n|t:|1700408570\n|switch|p2a: Koraidon|Koraidon|63\/100\n|-weather|SunnyDay|[from] ability: Orichalcum Pulse|[of] p2a: Koraidon\n|-activate|p2a: Koraidon|Orichalcum Pulse|[source]\n|turn|97\n|inactive|Lord Rekkuza has 25 seconds left this turn.\n|inactive|Lord Rekkuza has 20 seconds left.\n|\n|t:|1700408577\n|switch|p1a: Toxapex|Toxapex, F|100\/100\n|move|p2a: Koraidon|Dragon Claw|p1a: Toxapex\n|-damage|p1a: Toxapex|46\/100\n|\n|-weather|SunnyDay|[upkeep]\n|-heal|p1a: Toxapex|52\/100|[from] item: Leftovers\n|upkeep\n|turn|98\n|inactive|Lord Rekkuza has 25 seconds left this turn.\n|inactive|Lord Rekkuza has 20 seconds left.\n|\n|t:|1700408586\n|switch|p2a: Miraidon|Miraidon|100\/100\n|-fieldstart|move: Electric Terrain|[from] ability: Hadron Engine|[of] p2a: Miraidon\n|move|p1a: Toxapex|Baneful Bunker||[still]\n|-fail|p1a: Toxapex\n|\n|-weather|SunnyDay|[upkeep]\n|-heal|p1a: Toxapex|58\/100|[from] item: Leftovers\n|upkeep\n|turn|99\n|inactive|Lord Rekkuza has 25 seconds left this turn.\n|\n|t:|1700408593\n|move|p1a: Toxapex|Baneful Bunker|p1a: Toxapex\n|-singleturn|p1a: Toxapex|move: Protect\n|move|p2a: Miraidon|Draco Meteor|p1a: Toxapex\n|-activate|p1a: Toxapex|move: Protect\n|\n|-weather|SunnyDay|[upkeep]\n|-heal|p1a: Toxapex|64\/100|[from] item: Leftovers\n|upkeep\n|turn|100\n|inactive|Lord Rekkuza has 30 seconds left this turn.\n|\n|t:|1700408607\n|switch|p2a: Koraidon|Koraidon|63\/100\n|-activate|p2a: Koraidon|ability: Orichalcum Pulse\n|switch|p1a: Corviknight|Corviknight, M|100\/100\n|-ability|p1a: Corviknight|Pressure\n|\n|-weather|SunnyDay|[upkeep]\n|upkeep\n|turn|101\n|inactive|Lord Rekkuza has 30 seconds left this turn.\n|\n|t:|1700408613\n|switch|p1a: Toxapex|Toxapex, F|97\/100\n|move|p2a: Koraidon|Flare Blitz|p1a: Toxapex\n|-resisted|p1a: Toxapex\n|-damage|p1a: Toxapex|57\/100\n|-damage|p2a: Koraidon|51\/100|[from] Recoil\n|\n|-weather|none\n|-heal|p1a: Toxapex|63\/100|[from] item: Leftovers\n|upkeep\n|turn|102\n|inactive|Lord Rekkuza has 30 seconds left.\n|inactive|Lord Rekkuza has 20 seconds left.\n|\n|t:|1700408629\n|switch|p2a: Ting-Lu|Ting-Lu|69\/100 psn\n|-ability|p2a: Ting-Lu|Vessel of Ruin\n|move|p1a: Toxapex|Baneful Bunker||[still]\n|-fail|p1a: Toxapex\n|\n|-heal|p2a: Ting-Lu|76\/100 psn|[from] item: Leftovers\n|-heal|p1a: Toxapex|68\/100|[from] item: Leftovers\n|-damage|p2a: Ting-Lu|63\/100 psn|[from] psn\n|-fieldend|move: Electric Terrain\n|upkeep\n|turn|103\n|inactive|Lord Rekkuza has 25 seconds left this turn.\n|\n|t:|1700408635\n|switch|p1a: Corviknight|Corviknight, M|100\/100\n|-ability|p1a: Corviknight|Pressure\n|move|p2a: Ting-Lu|Stealth Rock|p1a: Corviknight\n|-sidestart|p1: Lord Rekkuza|move: Stealth Rock\n|\n|-heal|p2a: Ting-Lu|69\/100 psn|[from] item: Leftovers\n|-damage|p2a: Ting-Lu|57\/100 psn|[from] psn\n|upkeep\n|turn|104\n|inactive|Lord Rekkuza has 30 seconds left this turn.\n|\n|t:|1700408638\n|switch|p2a: Koraidon|Koraidon|51\/100\n|-weather|SunnyDay|[from] ability: Orichalcum Pulse|[of] p2a: Koraidon\n|-activate|p2a: Koraidon|Orichalcum Pulse|[source]\n|move|p1a: Corviknight|Defog|p2a: Koraidon\n|-unboost|p2a: Koraidon|evasion|1\n|-sideend|p1: Lord Rekkuza|Stealth Rock|[from] move: Defog|[of] p1a: Corviknight\n|\n|-weather|SunnyDay|[upkeep]\n|upkeep\n|turn|105\n|\n|t:|1700408641\n|switch|p1a: Toxapex|Toxapex, F|100\/100\n|move|p2a: Koraidon|Dragon Claw|p1a: Toxapex\n|-damage|p1a: Toxapex|51\/100\n|\n|-weather|SunnyDay|[upkeep]\n|-heal|p1a: Toxapex|57\/100|[from] item: Leftovers\n|upkeep\n|turn|106\n|\n|t:|1700408650\n|switch|p2a: Miraidon|Miraidon|100\/100\n|-fieldstart|move: Electric Terrain|[from] ability: Hadron Engine|[of] p2a: Miraidon\n|move|p1a: Toxapex|Recover|p1a: Toxapex\n|-heal|p1a: Toxapex|100\/100\n|\n|-weather|SunnyDay|[upkeep]\n|upkeep\n|turn|107\n|inactive|Lord Rekkuza has 30 seconds left.\n|\n|t:|1700408660\n|switch|p2a: Koraidon|Koraidon|51\/100\n|-activate|p2a: Koraidon|ability: Orichalcum Pulse\n|move|p1a: Toxapex|Baneful Bunker||[still]\n|-fail|p1a: Toxapex\n|\n|-weather|SunnyDay|[upkeep]\n|upkeep\n|turn|108\n|-message|xishuaideshuai forfeited.\n|\n|win|Lord Rekkuza\n|n|\u2606Lord Rekkuza|lordrekkuza\n|n|\u2606xishuaideshuai|xishuaideshuai\n|n| ZowwyCafe\u2764|zowwycafe\n|n| Coronet077|coronet077\n|n| ThotsOnDemand|thotsondemand\n|n| AGisgood\u82cd\u54cd\u4fa0|agisgood\n","uploadtime":1700408667,"views":10,"p1id":"lordrekkuza","p2id":"xishuaideshuai","formatid":"gen9anythinggoes","rating":0,"private":0,"password":""}