{"id":"gen9anythinggoes-1978597133","p1":"PyrosytheticBirb","p2":"Sohaibtheex0","format":"[Gen 9] Anything Goes","log":"|j|\u2606PyrosytheticBirb\n|j|\u2606Sohaibtheex0\n|t:|1698563333\n|gametype|singles\n|player|p1|PyrosytheticBirb|lady|\n|player|p2|Sohaibtheex0|266|\n|teamsize|p1|6\n|teamsize|p2|6\n|gen|9\n|tier|[Gen 9] Anything Goes\n|rule|HP Percentage Mod: HP is shown in percentages\n|rule|Endless Battle Clause: Forcing endless battles is banned\n|clearpoke\n|poke|p1|Grafaiai, M|\n|poke|p1|Gholdengo|\n|poke|p1|Maushold|\n|poke|p1|Dunsparce, M|\n|poke|p1|Clefable, M|\n|poke|p1|Glimmora, M|\n|poke|p2|Mightyena, F|\n|poke|p2|Cacturne, F|\n|poke|p2|Gyarados, M|\n|poke|p2|Nosepass, M|\n|poke|p2|Garchomp, M|\n|poke|p2|Infernape, M|\n|teampreview\n|\n|t:|1698563348\n|start\n|switch|p1a: Dunce|Dunsparce, M|100\/100\n|switch|p2a: Cacturne|Cacturne, F|100\/100\n|turn|1\n|\n|t:|1698563358\n|move|p2a: Cacturne|Spiky Shield|p2a: Cacturne\n|-singleturn|p2a: Cacturne|move: Protect\n|move|p1a: Dunce|Coil|p1a: Dunce\n|-boost|p1a: Dunce|atk|1\n|-boost|p1a: Dunce|def|1\n|-boost|p1a: Dunce|accuracy|1\n|\n|upkeep\n|turn|2\n|\n|t:|1698563364\n|move|p2a: Cacturne|Giga Drain|p1a: Dunce\n|-damage|p1a: Dunce|82\/100\n|move|p1a: Dunce|Glare|p2a: Cacturne\n|-status|p2a: Cacturne|par\n|\n|upkeep\n|turn|3\n|\n|t:|1698563377\n|move|p1a: Dunce|Substitute|p1a: Dunce\n|-start|p1a: Dunce|Substitute\n|-damage|p1a: Dunce|58\/100\n|move|p2a: Cacturne|Giga Drain|p1a: Dunce\n|-activate|p1a: Dunce|move: Substitute|[damage]\n|\n|upkeep\n|turn|4\n|\n|t:|1698563392\n|cant|p2a: Cacturne|par\n|move|p1a: Dunce|Baton Pass|p1a: Dunce\n|\n|t:|1698563396\n|switch|p1a: Three Blind Mice|Maushold|100\/100|[from] Baton Pass\n|\n|upkeep\n|turn|5\n|\n|t:|1698563403\n|move|p2a: Cacturne|Spiky Shield|p2a: Cacturne\n|-singleturn|p2a: Cacturne|move: Protect\n|move|p1a: Three Blind Mice|Encore|p2a: Cacturne\n|-activate|p2a: Cacturne|move: Protect\n|\n|upkeep\n|turn|6\n|\n|t:|1698563412\n|move|p1a: Three Blind Mice|Population Bomb|p2a: Cacturne\n|-damage|p2a: Cacturne|74\/100 par\n|-damage|p2a: Cacturne|48\/100 par\n|-damage|p2a: Cacturne|23\/100 par\n|-crit|p2a: Cacturne\n|-damage|p2a: Cacturne|0 fnt\n|faint|p2a: Cacturne\n|-hitcount|p2: Cacturne|4\n|\n|upkeep\n|\n|t:|1698563422\n|switch|p2a: Nosepass|Nosepass, M|100\/100\n|turn|7\n|\n|t:|1698563428\n|move|p1a: Three Blind Mice|Population Bomb|p2a: Nosepass\n|-resisted|p2a: Nosepass\n|-damage|p2a: Nosepass|92\/100\n|-resisted|p2a: Nosepass\n|-damage|p2a: Nosepass|83\/100\n|-resisted|p2a: Nosepass\n|-damage|p2a: Nosepass|75\/100\n|-resisted|p2a: Nosepass\n|-damage|p2a: Nosepass|65\/100\n|-resisted|p2a: Nosepass\n|-damage|p2a: Nosepass|57\/100\n|-resisted|p2a: Nosepass\n|-damage|p2a: Nosepass|47\/100\n|-resisted|p2a: Nosepass\n|-damage|p2a: Nosepass|38\/100\n|-resisted|p2a: Nosepass\n|-damage|p2a: Nosepass|29\/100\n|-resisted|p2a: Nosepass\n|-damage|p2a: Nosepass|20\/100\n|-resisted|p2a: Nosepass\n|-damage|p2a: Nosepass|12\/100\n|-hitcount|p2a: Nosepass|10\n|cant|p2a: Nosepass|flinch\n|\n|upkeep\n|turn|8\n|\n|t:|1698563450\n|move|p1a: Three Blind Mice|Play Rough|p2a: Nosepass\n|-damage|p2a: Nosepass|0 fnt\n|faint|p2a: Nosepass\n|\n|upkeep\n|\n|t:|1698563456\n|switch|p2a: Garchomp|Garchomp, M|100\/100\n|turn|9\n|\n|t:|1698563463\n|move|p1a: Three Blind Mice|Population Bomb|p2a: Garchomp\n|-damage|p2a: Garchomp|84\/100\n|-damage|p2a: Garchomp|66\/100\n|-damage|p2a: Garchomp|50\/100\n|-crit|p2a: Garchomp\n|-damage|p2a: Garchomp|24\/100\n|-damage|p2a: Garchomp|8\/100\n|-damage|p2a: Garchomp|0 fnt\n|faint|p2a: Garchomp\n|-hitcount|p2: Garchomp|6\n|\n|upkeep\n|\n|t:|1698563476\n|switch|p2a: Gyarados|Gyarados, M|100\/100\n|-ability|p2a: Gyarados|Intimidate|boost\n|-immune|p1a: Three Blind Mice\n|turn|10\n|\n|t:|1698563484\n|move|p1a: Three Blind Mice|Population Bomb|p2a: Gyarados\n|-damage|p2a: Gyarados|79\/100\n|-damage|p2a: Gyarados|57\/100\n|-damage|p2a: Gyarados|36\/100\n|-damage|p2a: Gyarados|15\/100\n|-damage|p2a: Gyarados|0 fnt\n|faint|p2a: Gyarados\n|-hitcount|p2: Gyarados|5\n|\n|upkeep\n|\n|t:|1698563493\n|switch|p2a: Mightyena|Mightyena, F|100\/100\n|-ability|p2a: Mightyena|Intimidate|boost\n|-immune|p1a: Three Blind Mice\n|turn|11\n|\n|t:|1698563501\n|move|p1a: Three Blind Mice|Play Rough|p2a: Mightyena\n|-supereffective|p2a: Mightyena\n|-damage|p2a: Mightyena|3\/100\n|move|p2a: Mightyena|Swagger||[still]\n|-fail|p2a: Mightyena\n|\n|upkeep\n|turn|12\n|\n|t:|1698563509\n|move|p1a: Three Blind Mice|Population Bomb|p2a: Mightyena\n|-damage|p2a: Mightyena|0 fnt\n|faint|p2a: Mightyena\n|-hitcount|p2: Mightyena|1\n|\n|upkeep\n|\n|t:|1698563514\n|switch|p2a: Infernape|Infernape, M|100\/100\n|turn|13\n|\n|t:|1698563519\n|move|p1a: Three Blind Mice|Population Bomb|p2a: Infernape\n|-damage|p2a: Infernape|74\/100\n|-damage|p2a: Infernape|50\/100\n|-damage|p2a: Infernape|27\/100\n|-damage|p2a: Infernape|3\/100\n|-damage|p2a: Infernape|0 fnt\n|faint|p2a: Infernape\n|-hitcount|p2: Infernape|5\n|\n|win|PyrosytheticBirb\n","uploadtime":1698563540,"views":14,"p1id":"pyrosytheticbirb","p2id":"sohaibtheex0","formatid":"gen9anythinggoes","rating":0,"private":0,"password":""}