{"id":"gen9anythinggoes-1995223237","p1":"AltaltLyly","p2":"Fergder","format":"[Gen 9] Anything Goes","log":"|j|\u2606AltaltLyly\n|j|\u2606Fergder\n|t:|1700536567\n|gametype|singles\n|player|p1|AltaltLyly|winona|\n|player|p2|Fergder|2|\n|teamsize|p1|6\n|teamsize|p2|6\n|gen|9\n|tier|[Gen 9] Anything Goes\n|rule|HP Percentage Mod: HP is shown in percentages\n|rule|Endless Battle Clause: Forcing endless battles is banned\n|clearpoke\n|poke|p1|Arceus|\n|poke|p1|Tauros-Paldea-Aqua, M|\n|poke|p1|Lurantis, M|\n|poke|p1|Klefki, F|\n|poke|p1|Corviknight, F|\n|poke|p1|Cyclizar, F|\n|poke|p2|Sableye, M|\n|poke|p2|Arcanine-Hisui, M|\n|poke|p2|Sandaconda, F|\n|poke|p2|Shaymin-Sky|\n|poke|p2|Hoopa-Unbound|\n|poke|p2|Brambleghast, F|\n|teampreview\n|\n|t:|1700536600\n|start\n|switch|p1a: Klefki|Klefki, F|100\/100\n|switch|p2a: Arcanine|Arcanine-Hisui, M|100\/100\n|turn|1\n|\n|t:|1700536613\n|move|p1a: Klefki|Reflect|p1a: Klefki\n|-sidestart|p1: AltaltLyly|Reflect\n|move|p2a: Arcanine|Flare Blitz|p1a: Klefki\n|-supereffective|p1a: Klefki\n|-damage|p1a: Klefki|46\/100\n|-damage|p2a: Arcanine|84\/100|[from] item: Rocky Helmet|[of] p1a: Klefki\n|\n|upkeep\n|turn|2\n|\n|t:|1700536627\n|switch|p1a: Tauros|Tauros-Paldea-Aqua, M|100\/100\n|-ability|p1a: Tauros|Intimidate|boost\n|-unboost|p2a: Arcanine|atk|1\n|move|p2a: Arcanine|Flare Blitz|p1a: Tauros\n|-resisted|p1a: Tauros\n|-damage|p1a: Tauros|90\/100\n|\n|-heal|p1a: Tauros|96\/100|[from] item: Leftovers\n|upkeep\n|turn|3\n|\n|t:|1700536644\n|switch|p2a: Brambleghast|Brambleghast, F|100\/100\n|move|p1a: Tauros|Bulk Up|p1a: Tauros\n|-boost|p1a: Tauros|atk|1\n|-boost|p1a: Tauros|def|1\n|\n|-heal|p1a: Tauros|100\/100|[from] item: Leftovers\n|upkeep\n|turn|4\n|\n|t:|1700536665\n|switch|p1a: Corviknight|Corviknight, F|100\/100\n|-ability|p1a: Corviknight|Pressure\n|move|p2a: Brambleghast|Seed Bomb|p1a: Corviknight\n|-resisted|p1a: Corviknight\n|-damage|p1a: Corviknight|93\/100\n|\n|-heal|p1a: Corviknight|99\/100|[from] item: Leftovers\n|upkeep\n|turn|5\n|\n|t:|1700536679\n|switch|p2a: Hoopa|Hoopa-Unbound|100\/100\n|move|p1a: Corviknight|Iron Defense|p1a: Corviknight\n|-boost|p1a: Corviknight|def|2\n|\n|-heal|p1a: Corviknight|100\/100|[from] item: Leftovers\n|-sideend|p1: AltaltLyly|Reflect\n|upkeep\n|turn|6\n|\n|t:|1700536690\n|move|p2a: Hoopa|Fling|p1a: Corviknight\n|-damage|p1a: Corviknight|67\/100\n|-enditem|p2a: Hoopa|Big Nugget|[from] move: Fling\n|move|p1a: Corviknight|Body Press|p2a: Hoopa\n|-damage|p2a: Hoopa|38\/100\n|\n|-heal|p1a: Corviknight|74\/100|[from] item: Leftovers\n|upkeep\n|turn|7\n|\n|t:|1700536704\n|move|p2a: Hoopa|Drain Punch|p1a: Corviknight\n|-crit|p1a: Corviknight\n|-damage|p1a: Corviknight|39\/100\n|-heal|p2a: Hoopa|61\/100|[from] drain|[of] p1a: Corviknight\n|-item|p2a: Hoopa|Leftovers|[from] ability: Magician|[of] p1a: Corviknight\n|move|p1a: Corviknight|Body Press|p2a: Hoopa\n|-damage|p2a: Hoopa|0 fnt\n|faint|p2a: Hoopa\n|\n|upkeep\n|\n|t:|1700536713\n|switch|p2a: Sableye|Sableye, M|100\/100\n|turn|8\n|\n|t:|1700536722\n|switch|p1a: Cyclizar|Cyclizar, F|100\/100\n|move|p2a: Sableye|Will-O-Wisp|p1a: Cyclizar\n|-status|p1a: Cyclizar|brn\n|\n|-damage|p1a: Cyclizar|94\/100 brn|[from] brn\n|upkeep\n|turn|9\n|\n|t:|1700536732\n|move|p2a: Sableye|Taunt|p1a: Cyclizar\n|-start|p1a: Cyclizar|move: Taunt\n|move|p1a: Cyclizar|U-turn|p2a: Sableye\n|-damage|p2a: Sableye|89\/100\n|\n|t:|1700536742\n|switch|p1a: Lurantis|Lurantis, M|100\/100|[from] U-turn\n|\n|upkeep\n|turn|10\n|\n|t:|1700536751\n|move|p2a: Sableye|Will-O-Wisp|p1a: Lurantis\n|-status|p1a: Lurantis|brn\n|move|p1a: Lurantis|Leaf Storm|p2a: Sableye\n|-damage|p2a: Sableye|34\/100\n|-boost|p1a: Lurantis|spa|2\n|\n|-damage|p1a: Lurantis|94\/100 brn|[from] brn\n|upkeep\n|turn|11\n|\n|t:|1700536761\n|switch|p2a: Shaymin|Shaymin-Sky|100\/100\n|move|p1a: Lurantis|Leaf Storm|p2a: Shaymin|[miss]\n|-miss|p1a: Lurantis|p2a: Shaymin\n|\n|-damage|p1a: Lurantis|88\/100 brn|[from] brn\n|upkeep\n|turn|12\n|\n|t:|1700536773\n|switch|p1a: Klefki|Klefki, F|46\/100\n|move|p2a: Shaymin|Air Slash|p1a: Klefki\n|-resisted|p1a: Klefki\n|-damage|p1a: Klefki|22\/100\n|\n|upkeep\n|turn|13\n|\n|t:|1700536786\n|switch|p2a: Sableye|Sableye, M|34\/100\n|move|p1a: Klefki|Light Screen|p1a: Klefki\n|-sidestart|p1: AltaltLyly|move: Light Screen\n|\n|upkeep\n|turn|14\n|\n|t:|1700536800\n|switch|p1a: Cyclizar|Cyclizar, F|100\/100 brn\n|move|p2a: Sableye|Recover|p2a: Sableye\n|-heal|p2a: Sableye|84\/100\n|\n|-damage|p1a: Cyclizar|94\/100 brn|[from] brn\n|upkeep\n|turn|15\n|\n|t:|1700536812\n|move|p2a: Sableye|Taunt|p1a: Cyclizar\n|-start|p1a: Cyclizar|move: Taunt\n|cant|p1a: Cyclizar|move: Taunt|Shed Tail\n|\n|-damage|p1a: Cyclizar|88\/100 brn|[from] brn\n|upkeep\n|turn|16\n|\n|t:|1700536820\n|move|p1a: Cyclizar|U-turn|p2a: Sableye\n|-damage|p2a: Sableye|73\/100\n|\n|t:|1700536826\n|switch|p1a: Lurantis|Lurantis, M|88\/100 brn|[from] U-turn\n|move|p2a: Sableye|Knock Off|p1a: Lurantis\n|-damage|p1a: Lurantis|51\/100 brn\n|-enditem|p1a: Lurantis|Choice Scarf|[from] move: Knock Off|[of] p2a: Sableye\n|\n|-damage|p1a: Lurantis|45\/100 brn|[from] brn\n|upkeep\n|turn|17\n|\n|t:|1700536842\n|switch|p2a: Shaymin|Shaymin-Sky|100\/100\n|move|p1a: Lurantis|Superpower|p2a: Shaymin\n|-resisted|p2a: Shaymin\n|-damage|p2a: Shaymin|92\/100\n|-boost|p1a: Lurantis|atk|1\n|-boost|p1a: Lurantis|def|1\n|\n|-damage|p1a: Lurantis|39\/100 brn|[from] brn\n|-sideend|p1: AltaltLyly|move: Light Screen\n|upkeep\n|turn|18\n|\n|t:|1700536863\n|switch|p1a: Corviknight|Corviknight, F|39\/100\n|-ability|p1a: Corviknight|Pressure\n|move|p2a: Shaymin|Air Slash|p1a: Corviknight\n|-resisted|p1a: Corviknight\n|-damage|p1a: Corviknight|27\/100\n|\n|upkeep\n|turn|19\n|\n|t:|1700536871\n|move|p2a: Shaymin|Seed Flare|p1a: Corviknight\n|-resisted|p1a: Corviknight\n|-damage|p1a: Corviknight|16\/100\n|move|p1a: Corviknight|Roost|p1a: Corviknight\n|-heal|p1a: Corviknight|66\/100\n|-singleturn|p1a: Corviknight|move: Roost\n|\n|upkeep\n|turn|20\n|\n|t:|1700536879\n|switch|p2a: Sableye|Sableye, M|73\/100\n|move|p1a: Corviknight|Roost|p1a: Corviknight\n|-heal|p1a: Corviknight|100\/100\n|-singleturn|p1a: Corviknight|move: Roost\n|\n|upkeep\n|turn|21\n|\n|t:|1700536896\n|switch|p1a: Lurantis|Lurantis, M|39\/100 brn\n|move|p2a: Sableye|Will-O-Wisp|p1a: Lurantis|[miss]\n|-miss|p2a: Sableye|p1a: Lurantis\n|\n|-damage|p1a: Lurantis|33\/100 brn|[from] brn\n|upkeep\n|turn|22\n|\n|t:|1700536904\n|move|p1a: Lurantis|Leaf Storm|p2a: Sableye\n|-damage|p2a: Sableye|22\/100\n|-boost|p1a: Lurantis|spa|2\n|move|p2a: Sableye|Knock Off|p1a: Lurantis\n|-damage|p1a: Lurantis|9\/100 brn\n|\n|-damage|p1a: Lurantis|3\/100 brn|[from] brn\n|upkeep\n|turn|23\n|\n|t:|1700536915\n|move|p2a: Sableye|Recover|p2a: Sableye\n|-heal|p2a: Sableye|72\/100\n|move|p1a: Lurantis|Leaf Storm|p2a: Sableye|[miss]\n|-miss|p1a: Lurantis|p2a: Sableye\n|\n|-damage|p1a: Lurantis|0 fnt|[from] brn\n|faint|p1a: Lurantis\n|upkeep\n|\n|t:|1700536927\n|switch|p1a: Klefki|Klefki, F|22\/100\n|turn|24\n|\n|t:|1700536933\n|move|p1a: Klefki|Spikes|p2a: Sableye\n|-sidestart|p2: Fergder|Spikes\n|move|p2a: Sableye|Taunt|p1a: Klefki\n|-start|p1a: Klefki|move: Taunt\n|\n|upkeep\n|turn|25\n|\n|t:|1700536943\n|switch|p1a: Corviknight|Corviknight, F|100\/100\n|-ability|p1a: Corviknight|Pressure\n|move|p2a: Sableye|Knock Off|p1a: Corviknight\n|-damage|p1a: Corviknight|85\/100\n|\n|upkeep\n|turn|26\n|\n|t:|1700536965\n|switch|p1a: Tauros|Tauros-Paldea-Aqua, M|100\/100\n|-ability|p1a: Tauros|Intimidate|boost\n|-unboost|p2a: Sableye|atk|1\n|move|p2a: Sableye|Will-O-Wisp|p1a: Tauros|[miss]\n|-miss|p2a: Sableye|p1a: Tauros\n|\n|upkeep\n|turn|27\n|\n|t:|1700536977\n|switch|p1a: Cyclizar|Cyclizar, F|100\/100 brn\n|switch|p2a: Shaymin|Shaymin-Sky|92\/100\n|\n|-damage|p1a: Cyclizar|94\/100 brn|[from] brn\n|upkeep\n|turn|28\n|\n|t:|1700536989\n|move|p1a: Cyclizar|Knock Off|p2a: Shaymin\n|-damage|p2a: Shaymin|79\/100\n|-enditem|p2a: Shaymin|Wide Lens|[from] move: Knock Off|[of] p1a: Cyclizar\n|move|p2a: Shaymin|Seed Flare|p1a: Cyclizar\n|-resisted|p1a: Cyclizar\n|-damage|p1a: Cyclizar|56\/100 brn\n|\n|-damage|p1a: Cyclizar|50\/100 brn|[from] brn\n|upkeep\n|turn|29\n|\n|t:|1700537004\n|switch|p1a: Corviknight|Corviknight, F|85\/100\n|-ability|p1a: Corviknight|Pressure\n|move|p2a: Shaymin|Earth Power|p1a: Corviknight\n|-immune|p1a: Corviknight\n|\n|upkeep\n|turn|30\n|\n|t:|1700537016\n|switch|p2a: Arcanine|Arcanine-Hisui, M|84\/100\n|-damage|p2a: Arcanine|71\/100|[from] Spikes\n|move|p1a: Corviknight|Iron Defense|p1a: Corviknight\n|-boost|p1a: Corviknight|def|2\n|\n|upkeep\n|turn|31\n|\n|t:|1700537024\n|move|p2a: Arcanine|Flare Blitz|p1a: Corviknight\n|-supereffective|p1a: Corviknight\n|-damage|p1a: Corviknight|28\/100\n|move|p1a: Corviknight|Body Press|p2a: Arcanine\n|-supereffective|p2a: Arcanine\n|-damage|p2a: Arcanine|0 fnt\n|faint|p2a: Arcanine\n|\n|upkeep\n|\n|t:|1700537034\n|switch|p2a: Sableye|Sableye, M|72\/100\n|-damage|p2a: Sableye|60\/100|[from] Spikes\n|turn|32\n|\n|t:|1700537040\n|move|p2a: Sableye|Will-O-Wisp|p1a: Corviknight\n|-status|p1a: Corviknight|brn\n|move|p1a: Corviknight|Roost|p1a: Corviknight\n|-heal|p1a: Corviknight|78\/100 brn\n|-singleturn|p1a: Corviknight|move: Roost\n|\n|-damage|p1a: Corviknight|71\/100 brn|[from] brn\n|upkeep\n|turn|33\n|\n|t:|1700537050\n|move|p2a: Sableye|Taunt|p1a: Corviknight\n|-start|p1a: Corviknight|move: Taunt\n|cant|p1a: Corviknight|move: Taunt|Roost\n|\n|-damage|p1a: Corviknight|65\/100 brn|[from] brn\n|upkeep\n|turn|34\n|\n|t:|1700537059\n|switch|p1a: Klefki|Klefki, F|22\/100\n|switch|p2a: Sandaconda|Sandaconda, F|100\/100\n|-damage|p2a: Sandaconda|88\/100|[from] Spikes\n|\n|upkeep\n|turn|35\n|\n|t:|1700537085\n|switch|p1a: Tauros|Tauros-Paldea-Aqua, M|100\/100\n|-ability|p1a: Tauros|Intimidate|boost\n|-unboost|p2a: Sandaconda|atk|1\n|move|p2a: Sandaconda|Coil|p2a: Sandaconda\n|-boost|p2a: Sandaconda|atk|1\n|-boost|p2a: Sandaconda|def|1\n|-boost|p2a: Sandaconda|accuracy|1\n|\n|upkeep\n|turn|36\n|\n|t:|1700537096\n|-terastallize|p2a: Sandaconda|Fairy\n|move|p1a: Tauros|Bulk Up|p1a: Tauros\n|-boost|p1a: Tauros|atk|1\n|-boost|p1a: Tauros|def|1\n|move|p2a: Sandaconda|Coil|p2a: Sandaconda\n|-boost|p2a: Sandaconda|atk|1\n|-boost|p2a: Sandaconda|def|1\n|-boost|p2a: Sandaconda|accuracy|1\n|\n|upkeep\n|turn|37\n|\n|t:|1700537120\n|move|p1a: Tauros|Bulk Up|p1a: Tauros\n|-boost|p1a: Tauros|atk|1\n|-boost|p1a: Tauros|def|1\n|move|p2a: Sandaconda|Coil|p2a: Sandaconda\n|-boost|p2a: Sandaconda|atk|1\n|-boost|p2a: Sandaconda|def|1\n|-boost|p2a: Sandaconda|accuracy|1\n|\n|upkeep\n|turn|38\n|\n|t:|1700537128\n|move|p1a: Tauros|Raging Bull|p2a: Sandaconda\n|-damage|p2a: Sandaconda|62\/100\n|move|p2a: Sandaconda|Scale Shot|p1a: Tauros\n|-damage|p1a: Tauros|91\/100\n|-damage|p1a: Tauros|81\/100\n|-damage|p1a: Tauros|72\/100\n|-damage|p1a: Tauros|62\/100\n|-hitcount|p1a: Tauros|4\n|-unboost|p2a: Sandaconda|def|1\n|-boost|p2a: Sandaconda|spe|1\n|\n|-heal|p1a: Tauros|69\/100|[from] item: Leftovers\n|upkeep\n|turn|39\n|\n|t:|1700537143\n|move|p1a: Tauros|Raging Bull|p2a: Sandaconda\n|-damage|p2a: Sandaconda|31\/100\n|move|p2a: Sandaconda|Coil|p2a: Sandaconda\n|-boost|p2a: Sandaconda|atk|1\n|-boost|p2a: Sandaconda|def|1\n|-boost|p2a: Sandaconda|accuracy|1\n|\n|-heal|p1a: Tauros|75\/100|[from] item: Leftovers\n|upkeep\n|turn|40\n|\n|t:|1700537153\n|move|p1a: Tauros|Raging Bull|p2a: Sandaconda\n|-damage|p2a: Sandaconda|1\/100\n|move|p2a: Sandaconda|Scale Shot|p1a: Tauros\n|-damage|p1a: Tauros|63\/100\n|-damage|p1a: Tauros|51\/100\n|-damage|p1a: Tauros|38\/100\n|-damage|p1a: Tauros|27\/100\n|-damage|p1a: Tauros|15\/100\n|-hitcount|p1a: Tauros|5\n|-unboost|p2a: Sandaconda|def|1\n|-boost|p2a: Sandaconda|spe|1\n|\n|-heal|p1a: Tauros|21\/100|[from] item: Leftovers\n|upkeep\n|turn|41\n|\n|t:|1700537168\n|move|p2a: Sandaconda|Scale Shot|p1a: Tauros\n|-damage|p1a: Tauros|10\/100\n|-damage|p1a: Tauros|0 fnt\n|faint|p1a: Tauros\n|-hitcount|p1: Tauros|2\n|-unboost|p2a: Sandaconda|def|1\n|-boost|p2a: Sandaconda|spe|1\n|\n|upkeep\n|\n|t:|1700537189\n|switch|p1a: Arceus|Arceus|100\/100\n|turn|42\n|\n|t:|1700537193\n|move|p1a: Arceus|Extreme Speed|p2a: Sandaconda\n|-damage|p2a: Sandaconda|0 fnt\n|faint|p2a: Sandaconda\n|\n|upkeep\n|\n|t:|1700537196\n|switch|p2a: Brambleghast|Brambleghast, F|100\/100\n|turn|43\n|\n|t:|1700537211\n|switch|p1a: Klefki|Klefki, F|22\/100\n|move|p2a: Brambleghast|Strength Sap|p1a: Klefki\n|-unboost|p1a: Klefki|atk|1\n|\n|upkeep\n|turn|44\n|\n|t:|1700537225\n|move|p1a: Klefki|Reflect|p1a: Klefki\n|-sidestart|p1: AltaltLyly|Reflect\n|move|p2a: Brambleghast|Rapid Spin|p1a: Klefki\n|-resisted|p1a: Klefki\n|-damage|p1a: Klefki|16\/100\n|-boost|p2a: Brambleghast|spe|1\n|-damage|p2a: Brambleghast|84\/100|[from] item: Rocky Helmet|[of] p1a: Klefki\n|-sideend|p2: Fergder|Spikes|[from] move: Rapid Spin|[of] p2a: Brambleghast\n|\n|upkeep\n|turn|45\n|\n|t:|1700537235\n|move|p1a: Klefki|Thunder Wave|p2a: Brambleghast\n|-status|p2a: Brambleghast|par\n|move|p2a: Brambleghast|Seed Bomb|p1a: Klefki\n|-resisted|p1a: Klefki\n|-damage|p1a: Klefki|0 fnt\n|faint|p1a: Klefki\n|\n|upkeep\n|\n|t:|1700537243\n|switch|p1a: Cyclizar|Cyclizar, F|83\/100 brn\n|turn|46\n|\n|t:|1700537251\n|move|p1a: Cyclizar|Shed Tail|p1a: Cyclizar\n|-start|p1a: Cyclizar|Substitute|[from] move: Shed Tail\n|-damage|p1a: Cyclizar|33\/100 brn\n|\n|t:|1700537257\n|switch|p1a: Arceus|Arceus|100\/100|[from] Shed Tail\n|move|p2a: Brambleghast|Seed Bomb|p1a: Arceus\n|-damage|p1a: Arceus|74\/100\n|\n|upkeep\n|turn|47\n|\n|t:|1700537269\n|move|p1a: Arceus|Swords Dance|p1a: Arceus\n|-boost|p1a: Arceus|atk|2\n|cant|p2a: Brambleghast|par\n|\n|upkeep\n|turn|48\n|\n|t:|1700537275\n|move|p1a: Arceus|Shadow Claw|p2a: Brambleghast\n|-supereffective|p2a: Brambleghast\n|-damage|p2a: Brambleghast|0 fnt\n|faint|p2a: Brambleghast\n|\n|-sideend|p1: AltaltLyly|Reflect\n|upkeep\n|\n|t:|1700537279\n|switch|p2a: Sableye|Sableye, M|60\/100\n|turn|49\n|\n|t:|1700537287\n|move|p1a: Arceus|Shadow Claw|p2a: Sableye\n|-damage|p2a: Sableye|0 fnt\n|faint|p2a: Sableye\n|\n|upkeep\n|\n|t:|1700537290\n|switch|p2a: Shaymin|Shaymin-Sky|79\/100\n|turn|50\n|\n|t:|1700537295\n|move|p1a: Arceus|Extreme Speed|p2a: Shaymin\n|-damage|p2a: Shaymin|0 fnt\n|faint|p2a: Shaymin\n|\n|win|AltaltLyly\n|l|\u2606Fergder\n","uploadtime":1700537305,"views":10,"p1id":"altaltlyly","p2id":"fergder","formatid":"gen9anythinggoes","rating":0,"private":0,"password":""}