{"id":"gen9anythinggoes-1977246855","p1":"Wolfey 2.0","p2":"Clodsire mega","format":"[Gen 9] Anything Goes","log":"|j|\u2606Wolfey 2.0\n|j|\u2606Clodsire mega\n|t:|1698393360\n|gametype|singles\n|player|p1|Wolfey 2.0|170|1267\n|player|p2|Clodsire mega|carmine|1317\n|teamsize|p1|6\n|teamsize|p2|6\n|gen|9\n|tier|[Gen 9] Anything Goes\n|rated|\n|rule|HP Percentage Mod: HP is shown in percentages\n|rule|Endless Battle Clause: Forcing endless battles is banned\n|clearpoke\n|poke|p1|Okidogi, M|\n|poke|p1|Ursaluna-Bloodmoon, M|\n|poke|p1|Ogerpon-Hearthflame, F|\n|poke|p1|Landorus-Therian, M|\n|poke|p1|Rotom-Wash|\n|poke|p1|Braviary-Hisui, M|\n|poke|p2|Dragapult, F|\n|poke|p2|Palafin, F|\n|poke|p2|Flutter Mane|\n|poke|p2|Zacian-*|\n|poke|p2|Iron Hands|\n|poke|p2|Hawlucha, M|\n|teampreview\n|\n|t:|1698393386\n|start\n|switch|p1a: Braviary|Braviary-Hisui, M|100\/100\n|switch|p2a: Zacian|Zacian-Crowned|100\/100\n|-ability|p2a: Zacian|Intrepid Sword|boost\n|-boost|p2a: Zacian|atk|1\n|turn|1\n|\n|t:|1698393404\n|move|p2a: Zacian|Behemoth Blade|p1a: Braviary\n|-crit|p1a: Braviary\n|-damage|p1a: Braviary|0 fnt\n|faint|p1a: Braviary\n|\n|upkeep\n|\n|t:|1698393410\n|switch|p1a: Ogerpon|Ogerpon-Hearthflame, F|100\/100\n|-ability|p1a: Ogerpon|Mold Breaker\n|turn|2\n|\n|t:|1698393417\n|move|p2a: Zacian|Close Combat|p1a: Ogerpon\n|-damage|p1a: Ogerpon|13\/100\n|-unboost|p2a: Zacian|def|1\n|-unboost|p2a: Zacian|spd|1\n|move|p1a: Ogerpon|Ivy Cudgel|p2a: Zacian\n|-supereffective|p2a: Zacian\n|-damage|p2a: Zacian|0 fnt\n|faint|p2a: Zacian\n|\n|upkeep\n|\n|t:|1698393427\n|switch|p2a: Palafin|Palafin, F|100\/100\n|turn|3\n|\n|t:|1698393430\n|move|p1a: Ogerpon|Trailblaze|p2a: Palafin\n|-supereffective|p2a: Palafin\n|-damage|p2a: Palafin|20\/100\n|-boost|p1a: Ogerpon|spe|1\n|move|p2a: Palafin|Flip Turn|p1a: Ogerpon\n|-damage|p1a: Ogerpon|0 fnt\n|faint|p1a: Ogerpon\n|\n|t:|1698393442\n|detailschange|p2a: Palafin|Palafin-Hero, F\n|switch|p2a: Hawlucha|Hawlucha, M|100\/100|[from] Flip Turn\n|\n|upkeep\n|\n|t:|1698393448\n|switch|p1a: Rotom|Rotom-Wash|100\/100\n|turn|4\n|\n|t:|1698393463\n|move|p2a: Hawlucha|Endure|p2a: Hawlucha\n|-singleturn|p2a: Hawlucha|move: Endure\n|move|p1a: Rotom|Discharge|p2a: Hawlucha\n|-supereffective|p2a: Hawlucha\n|-activate|p2a: Hawlucha|move: Endure\n|-damage|p2a: Hawlucha|1\/100\n|-enditem|p2a: Hawlucha|Weakness Policy\n|-boost|p2a: Hawlucha|atk|2|[from] item: Weakness Policy\n|-boost|p2a: Hawlucha|spa|2|[from] item: Weakness Policy\n|\n|upkeep\n|turn|5\n|\n|t:|1698393478\n|-terastallize|p2a: Hawlucha|Flying\n|move|p2a: Hawlucha|Close Combat|p1a: Rotom\n|-damage|p1a: Rotom|0 fnt\n|-unboost|p2a: Hawlucha|def|1\n|-unboost|p2a: Hawlucha|spd|1\n|faint|p1a: Rotom\n|\n|upkeep\n|\n|t:|1698393487\n|switch|p1a: Landorus|Landorus-Therian, M|100\/100\n|-ability|p1a: Landorus|Intimidate|boost\n|-unboost|p2a: Hawlucha|atk|1\n|turn|6\n|\n|t:|1698393495\n|move|p2a: Hawlucha|Acrobatics|p1a: Landorus\n|-damage|p1a: Landorus|0 fnt\n|faint|p1a: Landorus\n|\n|upkeep\n|\n|t:|1698393499\n|switch|p1a: Ursaluna|Ursaluna-Bloodmoon, M|100\/100\n|turn|7\n|\n|t:|1698393506\n|move|p2a: Hawlucha|Drain Punch|p1a: Ursaluna\n|-supereffective|p1a: Ursaluna\n|-damage|p1a: Ursaluna|27\/100\n|-heal|p2a: Hawlucha|54\/100|[from] drain|[of] p1a: Ursaluna\n|move|p1a: Ursaluna|Blood Moon|p2a: Hawlucha\n|-damage|p2a: Hawlucha|0 fnt\n|faint|p2a: Hawlucha\n|\n|-heal|p1a: Ursaluna|33\/100|[from] item: Leftovers\n|upkeep\n|\n|t:|1698393515\n|switch|p2a: Palafin|Palafin-Hero, F|20\/100\n|-activate|p2a: Palafin|ability: Zero to Hero\n|turn|8\n|\n|t:|1698393523\n|move|p2a: Palafin|Jet Punch|p1a: Ursaluna\n|-supereffective|p1a: Ursaluna\n|-crit|p1a: Ursaluna\n|-damage|p1a: Ursaluna|0 fnt\n|faint|p1a: Ursaluna\n|\n|upkeep\n|\n|t:|1698393524\n|switch|p1a: Okidogi|Okidogi, M|100\/100\n|turn|9\n|\n|t:|1698393538\n|move|p2a: Palafin|Jet Punch|p1a: Okidogi\n|-damage|p1a: Okidogi|55\/100\n|move|p1a: Okidogi|Gunk Shot|p2a: Palafin\n|-damage|p2a: Palafin|0 fnt\n|faint|p2a: Palafin\n|\n|upkeep\n|\n|t:|1698393548\n|switch|p2a: Flutter Mane|Flutter Mane, shiny|100\/100\n|-enditem|p2a: Flutter Mane|Booster Energy\n|-activate|p2a: Flutter Mane|ability: Protosynthesis|[fromitem]\n|-start|p2a: Flutter Mane|protosynthesisspe\n|turn|10\n|\n|t:|1698393555\n|move|p1a: Okidogi|Protect|p1a: Okidogi\n|-singleturn|p1a: Okidogi|Protect\n|move|p2a: Flutter Mane|Moonblast|p1a: Okidogi\n|-activate|p1a: Okidogi|move: Protect\n|\n|upkeep\n|turn|11\n|\n|t:|1698393564\n|-terastallize|p1a: Okidogi|Dark\n|move|p2a: Flutter Mane|Moonblast|p1a: Okidogi\n|-supereffective|p1a: Okidogi\n|-damage|p1a: Okidogi|0 fnt\n|faint|p1a: Okidogi\n|\n|win|Clodsire mega\n|raw|Wolfey 2.0's rating: 1267 &rarr; <strong>1246<\/strong><br \/>(-21 for losing)\n|raw|Clodsire mega's rating: 1317 &rarr; <strong>1334<\/strong><br \/>(+17 for winning)\n|l|\u2606Wolfey 2.0\n|c|\u2606Clodsire mega|gg\n","uploadtime":1698393575,"views":13,"p1id":"wolfey20","p2id":"clodsiremega","formatid":"gen9anythinggoes","rating":1246,"private":0,"password":""}