{"id":"gen9anythinggoes-1981645560","p1":"4th Acct To 1700","p2":"Glaceran","format":"[Gen 9] Anything Goes","log":"|j|\u26064th Acct To 1700\n|j|\u2606Glaceran\n|t:|1698929709\n|gametype|singles\n|player|p1|4th Acct To 1700|clown|1556\n|player|p2|Glaceran|wally-gen3|1552\n|teamsize|p1|6\n|teamsize|p2|6\n|gen|9\n|tier|[Gen 9] Anything Goes\n|rated|\n|rule|HP Percentage Mod: HP is shown in percentages\n|rule|Endless Battle Clause: Forcing endless battles is banned\n|clearpoke\n|poke|p1|Koraidon|\n|poke|p1|Calyrex-Shadow|\n|poke|p1|Arceus|\n|poke|p1|Ting-Lu|\n|poke|p1|Miraidon|\n|poke|p1|Toxapex, M|\n|poke|p2|Ceruledge, F|\n|poke|p2|Calyrex-Shadow|\n|poke|p2|Baxcalibur, M|\n|poke|p2|Skeledirge, M|\n|poke|p2|Corviknight, F|\n|poke|p2|Cyclizar, M|\n|teampreview\n|inactive|Battle timer is ON: inactive players will automatically lose when time's up. (requested by 4th Acct To 1700)\n|\n|t:|1698929729\n|start\n|switch|p1a: Toxapex|Toxapex, M|100\/100\n|switch|p2a: Corviknight|Corviknight, F|100\/100\n|-ability|p2a: Corviknight|Pressure\n|turn|1\n|j| GUESSWHOTPRADO\n|\n|t:|1698929733\n|move|p2a: Corviknight|U-turn|p1a: Toxapex\n|-resisted|p1a: Toxapex\n|-damage|p1a: Toxapex|96\/100\n|-damage|p2a: Corviknight|84\/100|[from] item: Rocky Helmet|[of] p1a: Toxapex\n|\n|t:|1698929737\n|switch|p2a: Cyclizar|Cyclizar, M|100\/100|[from] U-turn\n|move|p1a: Toxapex|Toxic Spikes|p2a: Cyclizar\n|-sidestart|p2: Glaceran|move: Toxic Spikes\n|\n|upkeep\n|turn|2\n|\n|t:|1698929744\n|switch|p1a: Ting-Lu|Ting-Lu|100\/100\n|-ability|p1a: Ting-Lu|Vessel of Ruin\n|move|p2a: Cyclizar|Shed Tail|p2a: Cyclizar\n|-start|p2a: Cyclizar|Substitute|[from] move: Shed Tail\n|-damage|p2a: Cyclizar|50\/100\n|\n|t:|1698929747\n|switch|p2a: Corviknight|Corviknight, F|84\/100|[from] Shed Tail\n|-ability|p2a: Corviknight|Pressure\n|\n|-heal|p2a: Corviknight|90\/100|[from] item: Leftovers\n|upkeep\n|turn|3\n|\n|t:|1698929753\n|move|p2a: Corviknight|Defog|p1a: Ting-Lu\n|-unboost|p1a: Ting-Lu|evasion|1\n|-sideend|p2: Glaceran|Toxic Spikes|[from] move: Defog|[of] p2a: Corviknight\n|move|p1a: Ting-Lu|Whirlwind|p2a: Corviknight\n|drag|p2a: Ceruledge|Ceruledge, F|100\/100\n|\n|upkeep\n|turn|4\n|\n|t:|1698929761\n|move|p2a: Ceruledge|Swords Dance|p2a: Ceruledge\n|-boost|p2a: Ceruledge|atk|2\n|move|p1a: Ting-Lu|Stealth Rock|p2a: Ceruledge\n|-sidestart|p2: Glaceran|move: Stealth Rock\n|\n|upkeep\n|turn|5\n|\n|t:|1698929765\n|move|p2a: Ceruledge|Close Combat|p1a: Ting-Lu\n|-supereffective|p1a: Ting-Lu\n|-crit|p1a: Ting-Lu\n|-damage|p1a: Ting-Lu|0 fnt\n|-unboost|p2a: Ceruledge|def|1\n|-unboost|p2a: Ceruledge|spd|1\n|faint|p1a: Ting-Lu\n|\n|upkeep\n|\n|t:|1698929776\n|switch|p1a: Toxapex|Toxapex, M|100\/100\n|turn|6\n|\n|t:|1698929779\n|switch|p2a: Corviknight|Corviknight, F|90\/100\n|-damage|p2a: Corviknight|78\/100|[from] Stealth Rock\n|-ability|p2a: Corviknight|Pressure\n|move|p1a: Toxapex|Toxic|p2a: Corviknight\n|-immune|p2a: Corviknight\n|\n|-heal|p2a: Corviknight|84\/100|[from] item: Leftovers\n|upkeep\n|turn|7\n|\n|t:|1698929782\n|switch|p1a: Madara Uchiha|Miraidon|100\/100\n|-fieldstart|move: Electric Terrain|[from] ability: Hadron Engine|[of] p1a: Madara Uchiha\n|move|p2a: Corviknight|Defog|p1a: Madara Uchiha\n|-unboost|p1a: Madara Uchiha|evasion|1\n|-sideend|p2: Glaceran|Stealth Rock|[from] move: Defog|[of] p2a: Corviknight\n|-fieldend|move: Electric Terrain\n|\n|-heal|p2a: Corviknight|90\/100|[from] item: Leftovers\n|upkeep\n|turn|8\n|\n|t:|1698929786\n|switch|p2a: Baxcalibur|Baxcalibur, M|100\/100\n|move|p1a: Madara Uchiha|Agility|p1a: Madara Uchiha\n|-boost|p1a: Madara Uchiha|spe|2\n|\n|upkeep\n|turn|9\n|\n|t:|1698929796\n|-terastallize|p1a: Madara Uchiha|Ice\n|-terastallize|p2a: Baxcalibur|Fire\n|move|p1a: Madara Uchiha|Tera Blast|p2a: Baxcalibur|[anim] Tera Blast Ice\n|-resisted|p2a: Baxcalibur\n|-damage|p2a: Baxcalibur|76\/100\n|move|p2a: Baxcalibur|Scale Shot|p1a: Madara Uchiha\n|-damage|p1a: Madara Uchiha|87\/100\n|-damage|p1a: Madara Uchiha|73\/100\n|-damage|p1a: Madara Uchiha|59\/100\n|-damage|p1a: Madara Uchiha|45\/100\n|-damage|p1a: Madara Uchiha|31\/100\n|-hitcount|p1a: Madara Uchiha|5\n|-unboost|p2a: Baxcalibur|def|1\n|-boost|p2a: Baxcalibur|spe|1\n|\n|upkeep\n|turn|10\n|\n|t:|1698929811\n|move|p1a: Madara Uchiha|Parabolic Charge|p2a: Baxcalibur\n|-damage|p2a: Baxcalibur|37\/100\n|-heal|p1a: Madara Uchiha|52\/100|[from] drain|[of] p2a: Baxcalibur\n|move|p2a: Baxcalibur|Brick Break|p1a: Madara Uchiha\n|-supereffective|p1a: Madara Uchiha\n|-damage|p1a: Madara Uchiha|0 fnt\n|faint|p1a: Madara Uchiha\n|\n|upkeep\n|\n|t:|1698929821\n|switch|p1a: Koraidon|Koraidon|100\/100\n|-weather|SunnyDay|[from] ability: Orichalcum Pulse|[of] p1a: Koraidon\n|-activate|p1a: Koraidon|Orichalcum Pulse|[source]\n|turn|11\n|\n|t:|1698929828\n|move|p2a: Baxcalibur|Icicle Spear|p1a: Koraidon\n|-supereffective|p1a: Koraidon\n|-damage|p1a: Koraidon|75\/100\n|-supereffective|p1a: Koraidon\n|-damage|p1a: Koraidon|52\/100\n|-supereffective|p1a: Koraidon\n|-damage|p1a: Koraidon|25\/100\n|-supereffective|p1a: Koraidon\n|-damage|p1a: Koraidon|1\/100\n|-supereffective|p1a: Koraidon\n|-damage|p1a: Koraidon|0 fnt\n|faint|p1a: Koraidon\n|-hitcount|p1: Koraidon|5\n|\n|-weather|SunnyDay|[upkeep]\n|upkeep\n|\n|t:|1698929834\n|switch|p1a: Arceus|Arceus|100\/100\n|turn|12\n|\n|t:|1698929841\n|switch|p2a: Corviknight|Corviknight, F|90\/100\n|-ability|p2a: Corviknight|Pressure\n|move|p1a: Arceus|Extreme Speed|p2a: Corviknight\n|-resisted|p2a: Corviknight\n|-damage|p2a: Corviknight|77\/100\n|\n|-weather|SunnyDay|[upkeep]\n|-heal|p2a: Corviknight|83\/100|[from] item: Leftovers\n|upkeep\n|turn|13\n|\n|t:|1698929845\n|switch|p1a: Calyrex|Calyrex-Shadow|100\/100\n|-ability|p1a: Calyrex|As One\n|-ability|p1a: Calyrex|Unnerve\n|move|p2a: Corviknight|U-turn|p1a: Calyrex\n|-damage|p1a: Calyrex|84\/100\n|\n|t:|1698929849\n|switch|p2a: Ceruledge|Ceruledge, F|100\/100|[from] U-turn\n|\n|-weather|SunnyDay|[upkeep]\n|upkeep\n|turn|14\n|\n|t:|1698929854\n|switch|p1a: Arceus|Arceus|100\/100\n|move|p2a: Ceruledge|Bitter Blade|p1a: Arceus\n|-damage|p1a: Arceus|56\/100\n|\n|-weather|SunnyDay|[upkeep]\n|upkeep\n|turn|15\n|\n|t:|1698929860\n|move|p2a: Ceruledge|Swords Dance|p2a: Ceruledge\n|-boost|p2a: Ceruledge|atk|2\n|move|p1a: Arceus|Shadow Claw|p2a: Ceruledge\n|-supereffective|p2a: Ceruledge\n|-damage|p2a: Ceruledge|32\/100\n|-ability|p2a: Ceruledge|Weak Armor|boost\n|-unboost|p2a: Ceruledge|def|1\n|-boost|p2a: Ceruledge|spe|2\n|\n|-weather|none\n|upkeep\n|turn|16\n|\n|t:|1698929870\n|switch|p1a: Toxapex|Toxapex, M|100\/100\n|move|p2a: Ceruledge|Bitter Blade|p1a: Toxapex\n|-resisted|p1a: Toxapex\n|-damage|p1a: Toxapex|71\/100\n|-heal|p2a: Ceruledge|47\/100|[from] drain|[of] p1a: Toxapex\n|-damage|p2a: Ceruledge|31\/100|[from] item: Rocky Helmet|[of] p1a: Toxapex\n|\n|upkeep\n|turn|17\n|\n|t:|1698929874\n|switch|p2a: Corviknight|Corviknight, F|83\/100\n|-ability|p2a: Corviknight|Pressure\n|move|p1a: Toxapex|Toxic|p2a: Corviknight\n|-immune|p2a: Corviknight\n|\n|-heal|p2a: Corviknight|89\/100|[from] item: Leftovers\n|upkeep\n|turn|18\n|\n|t:|1698929878\n|switch|p2a: Cyclizar|Cyclizar, M|83\/100\n|switch|p1a: Arceus|Arceus|56\/100\n|\n|upkeep\n|turn|19\n|\n|t:|1698929886\n|switch|p2a: Skeledirge|Skeledirge, M|100\/100\n|move|p1a: Arceus|Extreme Speed|p2a: Skeledirge\n|-immune|p2a: Skeledirge\n|\n|upkeep\n|turn|20\n|\n|t:|1698929891\n|switch|p1a: Toxapex|Toxapex, M|100\/100\n|move|p2a: Skeledirge|Sing|p1a: Toxapex\n|-status|p1a: Toxapex|slp|[from] move: Sing\n|\n|upkeep\n|turn|21\n|\n|t:|1698929897\n|switch|p2a: Cyclizar|Cyclizar, M|100\/100\n|cant|p1a: Toxapex|slp\n|\n|upkeep\n|turn|22\n|\n|t:|1698929901\n|switch|p1a: Arceus|Arceus|56\/100\n|move|p2a: Cyclizar|Shed Tail|p2a: Cyclizar\n|-start|p2a: Cyclizar|Substitute|[from] move: Shed Tail\n|-damage|p2a: Cyclizar|50\/100\n|\n|t:|1698929911\n|switch|p2a: Calyrex|Calyrex-Shadow|100\/100|[from] Shed Tail\n|-ability|p2a: Calyrex|As One\n|-ability|p2a: Calyrex|Unnerve\n|\n|upkeep\n|turn|23\n|\n|t:|1698929914\n|move|p2a: Calyrex|Psyshock|p1a: Arceus\n|-damage|p1a: Arceus|21\/100\n|move|p1a: Arceus|Shadow Claw|p2a: Calyrex\n|-supereffective|p2a: Calyrex\n|-end|p2a: Calyrex|Substitute\n|\n|upkeep\n|turn|24\n|\n|t:|1698929918\n|switch|p1a: Toxapex|Toxapex, M|100\/100 slp\n|move|p2a: Calyrex|Psyshock|p1a: Toxapex\n|-supereffective|p1a: Toxapex\n|-damage|p1a: Toxapex|35\/100 slp\n|\n|upkeep\n|turn|25\n|\n|t:|1698929922\n|move|p2a: Calyrex|Psyshock|p1a: Toxapex\n|-supereffective|p1a: Toxapex\n|-damage|p1a: Toxapex|0 fnt\n|faint|p1a: Toxapex\n|-ability|p2a: Calyrex|Grim Neigh|boost\n|-boost|p2a: Calyrex|spa|1\n|\n|upkeep\n|\n|t:|1698929924\n|switch|p1a: Calyrex|Calyrex-Shadow|84\/100\n|-ability|p1a: Calyrex|As One\n|-ability|p1a: Calyrex|Unnerve\n|turn|26\n|\n|t:|1698929930\n|move|p2a: Calyrex|Astral Barrage|p1a: Calyrex\n|-supereffective|p1a: Calyrex\n|-damage|p1a: Calyrex|0 fnt\n|faint|p1a: Calyrex\n|-ability|p2a: Calyrex|Grim Neigh|boost\n|-boost|p2a: Calyrex|spa|1\n|\n|upkeep\n|\n|t:|1698929932\n|switch|p1a: Arceus|Arceus|21\/100\n|turn|27\n|\n|t:|1698929940\n|move|p2a: Calyrex|Psyshock|p1a: Arceus\n|-damage|p1a: Arceus|0 fnt\n|faint|p1a: Arceus\n|\n|win|Glaceran\n|raw|4th Acct To 1700's rating: 1556 &rarr; <strong>1536<\/strong><br \/>(-20 for losing)\n|raw|Glaceran's rating: 1552 &rarr; <strong>1572<\/strong><br \/>(+20 for winning)\n|l|\u26064th Acct To 1700\n|j| SlendyPKMN\n","uploadtime":1698929992,"views":10,"p1id":"4thacctto1700","p2id":"glaceran","formatid":"gen9anythinggoes","rating":1536,"private":0,"password":""}