{"id":"gen9anythinggoes-1990144466","p1":"Penguinator7","p2":"LJimbozo","format":"[Gen 9] Anything Goes","log":"|j|\u2606Penguinator7\n|j|\u2606LJimbozo\n|t:|1699929391\n|gametype|singles\n|player|p1|Penguinator7|palmer|\n|player|p2|LJimbozo|linebacker|\n|teamsize|p1|6\n|teamsize|p2|6\n|gen|9\n|tier|[Gen 9] Anything Goes\n|rule|HP Percentage Mod: HP is shown in percentages\n|rule|Endless Battle Clause: Forcing endless battles is banned\n|clearpoke\n|poke|p1|Iron Valiant|\n|poke|p1|Amoonguss, M|\n|poke|p1|Ceruledge, M|\n|poke|p1|Empoleon, M|\n|poke|p1|Tornadus-Therian, M|\n|poke|p1|Glastrier|\n|poke|p2|Orthworm, M|\n|poke|p2|Ribombee, M|\n|poke|p2|Maushold-Four|\n|poke|p2|Dragonite, M|\n|poke|p2|Weezing-Galar, M|\n|poke|p2|Avalugg-Hisui, F|\n|teampreview\n|inactive|Battle timer is ON: inactive players will automatically lose when time's up. (requested by Penguinator7)\n|inactiveoff|Battle timer is now OFF.\n|j| FLOOR IT\n|\n|t:|1699929427\n|start\n|switch|p1a: Ryne 3|Ceruledge, M|100\/100\n|switch|p2a: Orthworm|Orthworm, M|100\/100\n|turn|1\n|j| Ryno5311\n|\n|t:|1699929448\n|switch|p2a: Avalugg|Avalugg-Hisui, F|100\/100\n|move|p1a: Ryne 3|Bitter Blade|p2a: Avalugg\n|-damage|p2a: Avalugg|80\/100\n|\n|-heal|p2a: Avalugg|87\/100|[from] item: Leftovers\n|upkeep\n|turn|2\n|\n|t:|1699929460\n|switch|p1a: Ryne 4|Empoleon, M|100\/100\n|move|p2a: Avalugg|Recover|p2a: Avalugg\n|-heal|p2a: Avalugg|100\/100\n|\n|upkeep\n|turn|3\n|j| dancingnightmare\n|j| Frosty458\n|\n|t:|1699929474\n|switch|p2a: Weezing|Weezing-Galar, M|100\/100\n|-ability|p2a: Weezing|Neutralizing Gas\n|move|p1a: Ryne 4|Surf|p2a: Weezing\n|-damage|p2a: Weezing|60\/100\n|\n|-heal|p2a: Weezing|66\/100|[from] item: Black Sludge\n|upkeep\n|turn|4\n|\n|t:|1699929478\n|move|p2a: Weezing|Toxic Spikes|p1a: Ryne 4\n|-sidestart|p1: Penguinator7|move: Toxic Spikes\n|move|p1a: Ryne 4|Flash Cannon|p2a: Weezing\n|-supereffective|p2a: Weezing\n|-damage|p2a: Weezing|0 fnt\n|faint|p2a: Weezing\n|-end|p2a: Weezing|ability: Neutralizing Gas\n|\n|upkeep\n|\n|t:|1699929482\n|switch|p2a: Orthworm|Orthworm, M|100\/100\n|turn|5\n|\n|t:|1699929488\n|move|p2a: Orthworm|Stealth Rock|p1a: Ryne 4\n|-sidestart|p1: Penguinator7|move: Stealth Rock\n|move|p1a: Ryne 4|Surf|p2a: Orthworm\n|-damage|p2a: Orthworm|31\/100\n|-enditem|p2a: Orthworm|Sitrus Berry|[eat]\n|-heal|p2a: Orthworm|56\/100|[from] item: Sitrus Berry\n|\n|upkeep\n|turn|6\n|\n|t:|1699929500\n|move|p2a: Orthworm|Shed Tail|p2a: Orthworm\n|-start|p2a: Orthworm|Substitute|[from] move: Shed Tail\n|-damage|p2a: Orthworm|6\/100\n|\n|t:|1699929514\n|switch|p2a: Dragonite|Dragonite, M|100\/100|[from] Shed Tail\n|move|p1a: Ryne 4|Surf|p2a: Dragonite\n|-resisted|p2a: Dragonite\n|-activate|p2a: Dragonite|move: Substitute|[damage]\n|\n|upkeep\n|turn|7\n|\n|t:|1699929520\n|move|p2a: Dragonite|Dragon Dance|p2a: Dragonite\n|-boost|p2a: Dragonite|atk|1\n|-boost|p2a: Dragonite|spe|1\n|move|p1a: Ryne 4|Ice Beam|p2a: Dragonite\n|-supereffective|p2a: Dragonite\n|-end|p2a: Dragonite|Substitute\n|\n|upkeep\n|turn|8\n|\n|t:|1699929527\n|move|p2a: Dragonite|Earthquake|p1a: Ryne 4\n|-supereffective|p1a: Ryne 4\n|-damage|p1a: Ryne 4|0 fnt\n|faint|p1a: Ryne 4\n|\n|upkeep\n|\n|t:|1699929549\n|switch|p1a: Ryne 5|Tornadus-Therian, M|100\/100\n|-damage|p1a: Ryne 5|76\/100|[from] Stealth Rock\n|turn|9\n|\n|t:|1699929557\n|move|p1a: Ryne 5|Icy Wind|p2a: Dragonite\n|-supereffective|p2a: Dragonite\n|-damage|p2a: Dragonite|63\/100\n|-unboost|p2a: Dragonite|spe|1\n|move|p2a: Dragonite|Ice Spinner|p1a: Ryne 5\n|-supereffective|p1a: Ryne 5\n|-damage|p1a: Ryne 5|0 fnt\n|faint|p1a: Ryne 5\n|\n|upkeep\n|\n|t:|1699929579\n|switch|p1a: Ryne 1|Iron Valiant|100\/100\n|-status|p1a: Ryne 1|psn\n|-damage|p1a: Ryne 1|94\/100 psn|[from] Stealth Rock\n|turn|10\n|\n|t:|1699929595\n|switch|p2a: Orthworm|Orthworm, M|6\/100\n|move|p1a: Ryne 1|Moonblast|p2a: Orthworm\n|-resisted|p2a: Orthworm\n|-crit|p2a: Orthworm\n|-damage|p2a: Orthworm|0 fnt\n|faint|p2a: Orthworm\n|\n|-damage|p1a: Ryne 1|82\/100 psn|[from] psn\n|upkeep\n|\n|t:|1699929606\n|switch|p2a: Ribombee|Ribombee, M|100\/100\n|turn|11\n|\n|t:|1699929609\n|move|p2a: Ribombee|Moonblast|p1a: Ryne 1\n|-supereffective|p1a: Ryne 1\n|-damage|p1a: Ryne 1|0 fnt\n|faint|p1a: Ryne 1\n|-end|p1a: Ryne 1|Quark Drive|[silent]\n|\n|upkeep\n|\n|t:|1699929617\n|switch|p1a: Ryne 3|Ceruledge, M|100\/100\n|-status|p1a: Ryne 3|psn\n|-damage|p1a: Ryne 3|76\/100 psn|[from] Stealth Rock\n|turn|12\n|\n|t:|1699929640\n|move|p2a: Ribombee|Sticky Web|p1a: Ryne 3\n|-sidestart|p1: Penguinator7|move: Sticky Web\n|move|p1a: Ryne 3|Bitter Blade|p2a: Ribombee\n|-supereffective|p2a: Ribombee\n|-enditem|p2a: Ribombee|Focus Sash\n|-damage|p2a: Ribombee|1\/100\n|-heal|p1a: Ryne 3|100\/100 psn|[from] drain|[of] p2a: Ribombee\n|\n|-damage|p1a: Ryne 3|88\/100 psn|[from] psn\n|upkeep\n|turn|13\n|\n|t:|1699929644\n|switch|p2a: Dragonite|Dragonite, M|63\/100\n|move|p1a: Ryne 3|Shadow Sneak|p2a: Dragonite\n|-damage|p2a: Dragonite|42\/100\n|\n|-damage|p1a: Ryne 3|76\/100 psn|[from] psn\n|upkeep\n|turn|14\n|\n|t:|1699929665\n|move|p1a: Ryne 3|Poltergeist|p2a: Dragonite\n|-activate|p2a: Dragonite|move: Poltergeist|Lum Berry\n|-damage|p2a: Dragonite|0 fnt\n|faint|p2a: Dragonite\n|\n|-damage|p1a: Ryne 3|63\/100 psn|[from] psn\n|upkeep\n|\n|t:|1699929675\n|switch|p2a: Maushold|Maushold-Four|100\/100\n|turn|15\n|\n|t:|1699929681\n|move|p2a: Maushold|Bite|p1a: Ryne 3\n|-supereffective|p1a: Ryne 3\n|-damage|p1a: Ryne 3|0 fnt\n|faint|p1a: Ryne 3\n|\n|upkeep\n|\n|t:|1699929690\n|switch|p1a: Ryne 6|Glastrier|100\/100\n|-status|p1a: Ryne 6|psn\n|-damage|p1a: Ryne 6|76\/100 psn|[from] Stealth Rock\n|-activate|p1a: Ryne 6|move: Sticky Web\n|-unboost|p1a: Ryne 6|spe|1\n|turn|16\n|\n|t:|1699929705\n|-terastallize|p2a: Maushold|Normal\n|-terastallize|p1a: Ryne 6|Ghost\n|move|p2a: Maushold|Population Bomb|p1a: Ryne 6\n|-immune|p1a: Ryne 6\n|move|p1a: Ryne 6|Heavy Slam|p2a: Maushold\n|-damage|p2a: Maushold|4\/100\n|-damage|p1a: Ryne 6|66\/100 psn|[from] item: Life Orb\n|\n|-damage|p1a: Ryne 6|53\/100 psn|[from] psn\n|upkeep\n|turn|17\n|\n|t:|1699929725\n|switch|p2a: Ribombee|Ribombee, M|1\/100\n|move|p1a: Ryne 6|Icicle Crash|p2a: Ribombee\n|-crit|p2a: Ribombee\n|-damage|p2a: Ribombee|0 fnt\n|faint|p2a: Ribombee\n|-ability|p1a: Ryne 6|Chilling Neigh|boost\n|-boost|p1a: Ryne 6|atk|1\n|-damage|p1a: Ryne 6|43\/100 psn|[from] item: Life Orb\n|\n|-damage|p1a: Ryne 6|31\/100 psn|[from] psn\n|upkeep\n|c| FLOOR IT|Griffin when did you draft Spectrier?\n|\n|t:|1699929737\n|switch|p2a: Avalugg|Avalugg-Hisui, F|100\/100\n|turn|18\n|\n|t:|1699929740\n|move|p1a: Ryne 6|Close Combat|p2a: Avalugg\n|-supereffective|p2a: Avalugg\n|-ability|p2a: Avalugg|Sturdy\n|-damage|p2a: Avalugg|1\/100\n|-unboost|p1a: Ryne 6|def|1\n|-unboost|p1a: Ryne 6|spd|1\n|-damage|p1a: Ryne 6|21\/100 psn|[from] item: Life Orb\n|move|p2a: Avalugg|Avalanche|p1a: Ryne 6\n|-damage|p1a: Ryne 6|0 fnt\n|faint|p1a: Ryne 6\n|\n|-heal|p2a: Avalugg|7\/100|[from] item: Leftovers\n|upkeep\n|c| Ryno5311|youre lucky its your birthday\n|c| FLOOR IT|Like that would stop you\n|\n|t:|1699929758\n|switch|p1a: Ryne 2|Amoonguss, M|100\/100\n|-sideend|p1: Penguinator7|move: Toxic Spikes|[of] p1a: Ryne 2\n|-damage|p1a: Ryne 2|88\/100|[from] Stealth Rock\n|-activate|p1a: Ryne 2|move: Sticky Web\n|-unboost|p1a: Ryne 2|spe|1\n|turn|19\n|\n|t:|1699929767\n|move|p1a: Ryne 2|Giga Drain|p2a: Avalugg\n|-supereffective|p2a: Avalugg\n|-damage|p2a: Avalugg|0 fnt\n|-heal|p1a: Ryne 2|91\/100|[from] drain|[of] p2a: Avalugg\n|faint|p2a: Avalugg\n|\n|-heal|p1a: Ryne 2|97\/100|[from] item: Black Sludge\n|upkeep\n|\n|t:|1699929773\n|switch|p2a: Maushold|Maushold-Four, tera:Normal|4\/100\n|turn|20\n|\n|t:|1699929777\n|move|p2a: Maushold|Population Bomb|p1a: Ryne 2\n|-damage|p1a: Ryne 2|86\/100\n|-damage|p1a: Ryne 2|75\/100\n|-crit|p1a: Ryne 2\n|-damage|p1a: Ryne 2|59\/100\n|-damage|p1a: Ryne 2|48\/100\n|-damage|p1a: Ryne 2|37\/100\n|-damage|p1a: Ryne 2|27\/100\n|-damage|p1a: Ryne 2|18\/100\n|-damage|p1a: Ryne 2|7\/100\n|-damage|p1a: Ryne 2|0 fnt\n|faint|p1a: Ryne 2\n|-hitcount|p1: Ryne 2|9\n|\n|win|LJimbozo\n|c|\u2606Penguinator7|ggs\n|c|\u2606LJimbozo|gg\n|l| Frosty458\n|l|\u2606Penguinator7\n","uploadtime":1699929789,"views":12,"p1id":"penguinator7","p2id":"ljimbozo","formatid":"gen9anythinggoes","rating":0,"private":0,"password":""}