{"id":"gen9anythinggoes-1999259439","p1":"Issa Kabore","p2":"Catpiss33","format":"[Gen 9] Anything Goes","log":"|j|\u2606Issa Kabore\n|j|\u2606Catpiss33\n|t:|1701051849\n|gametype|singles\n|player|p1|Issa Kabore|hoopster|\n|player|p2|Catpiss33|2|\n|teamsize|p1|3\n|teamsize|p2|3\n|gen|9\n|tier|[Gen 9] Anything Goes\n|rule|HP Percentage Mod: HP is shown in percentages\n|rule|Endless Battle Clause: Forcing endless battles is banned\n|clearpoke\n|poke|p1|Aipom, M|\n|poke|p1|Aipom, F|\n|poke|p1|Aipom, M|\n|poke|p2|Aipom, M|\n|poke|p2|Aipom, M|\n|poke|p2|Aipom, M|\n|teampreview\n|inactive|Battle timer is ON: inactive players will automatically lose when time's up. (requested by Issa Kabore)\n|j| SussyDrake\n|\n|t:|1701051864\n|start\n|switch|p1a: Yuno Miles|Aipom, M|100\/100\n|switch|p2a: Puppies|Aipom, M|100\/100\n|turn|1\n|\n|t:|1701051871\n|move|p1a: Yuno Miles|Metronome|p1a: Yuno Miles\n|move|p1a: Yuno Miles|Solar Blade||[from]move: Metronome|[still]\n|-prepare|p1a: Yuno Miles|Solar Blade\n|move|p2a: Puppies|Metronome|p2a: Puppies\n|move|p2a: Puppies|Soft-Boiled||[from]move: Metronome|[still]\n|-fail|p2a: Puppies|heal\n|\n|upkeep\n|turn|2\n|\n|t:|1701051877\n|move|p1a: Yuno Miles|Solar Blade|p2a: Puppies|[from]lockedmove\n|-damage|p2a: Puppies|51\/100\n|move|p2a: Puppies|Metronome|p2a: Puppies\n|move|p2a: Puppies|Simple Beam|p1a: Yuno Miles|[from]move: Metronome\n|-endability|p1a: Yuno Miles|Run Away|[from] move: Simple Beam\n|-ability|p1a: Yuno Miles|Simple|[from] move: Simple Beam\n|\n|upkeep\n|turn|3\n|\n|t:|1701051885\n|move|p2a: Puppies|Metronome|p2a: Puppies\n|move|p2a: Puppies|Burning Jealousy|p1a: Yuno Miles|[from]move: Metronome\n|-damage|p1a: Yuno Miles|82\/100\n|move|p1a: Yuno Miles|Metronome|p1a: Yuno Miles\n|move|p1a: Yuno Miles|Thrash|p2a: Puppies|[from]move: Metronome\n|-damage|p2a: Puppies|0 fnt\n|faint|p2a: Puppies\n|\n|upkeep\n|\n|t:|1701051893\n|switch|p2a: Saggy Chebs|Aipom, M|100\/100\n|turn|4\n|\n|t:|1701051895\n|move|p2a: Saggy Chebs|Metronome|p2a: Saggy Chebs\n|move|p2a: Saggy Chebs|Recycle||[from]move: Metronome|[still]\n|-fail|p2a: Saggy Chebs\n|move|p1a: Yuno Miles|Thrash|p2a: Saggy Chebs|[from]lockedmove\n|-damage|p2a: Saggy Chebs|31\/100\n|-start|p1a: Yuno Miles|confusion|[fatigue]\n|\n|upkeep\n|turn|5\n|\n|t:|1701051902\n|move|p2a: Saggy Chebs|Metronome|p2a: Saggy Chebs\n|move|p2a: Saggy Chebs|Heal Pulse|p1a: Yuno Miles|[from]move: Metronome\n|-heal|p1a: Yuno Miles|100\/100\n|-activate|p1a: Yuno Miles|confusion\n|move|p1a: Yuno Miles|Metronome|p1a: Yuno Miles\n|move|p1a: Yuno Miles|Smokescreen|p2a: Saggy Chebs|[from]move: Metronome\n|-unboost|p2a: Saggy Chebs|accuracy|1\n|\n|upkeep\n|turn|6\n|\n|t:|1701051909\n|move|p2a: Saggy Chebs|Metronome|p2a: Saggy Chebs\n|move|p2a: Saggy Chebs|Coaching|null|[from]move: Metronome|[notarget]\n|-fail|p2a: Saggy Chebs\n|-activate|p1a: Yuno Miles|confusion\n|move|p1a: Yuno Miles|Metronome|p1a: Yuno Miles\n|move|p1a: Yuno Miles|Gravity|p1a: Yuno Miles|[from]move: Metronome\n|-fieldstart|move: Gravity\n|\n|upkeep\n|turn|7\n|\n|t:|1701051915\n|-activate|p1a: Yuno Miles|confusion\n|move|p1a: Yuno Miles|Metronome|p1a: Yuno Miles\n|move|p1a: Yuno Miles|Happy Hour|p1a: Yuno Miles|[from]move: Metronome\n|move|p2a: Saggy Chebs|Metronome|p2a: Saggy Chebs\n|move|p2a: Saggy Chebs|Grassy Terrain|p2a: Saggy Chebs|[from]move: Metronome\n|-fieldstart|move: Grassy Terrain\n|\n|-heal|p2a: Saggy Chebs|37\/100|[from] Grassy Terrain\n|upkeep\n|turn|8\n|\n|t:|1701051922\n|move|p2a: Saggy Chebs|Metronome|p2a: Saggy Chebs\n|move|p2a: Saggy Chebs|Wish|p2a: Saggy Chebs|[from]move: Metronome\n|-activate|p1a: Yuno Miles|confusion\n|move|p1a: Yuno Miles|Metronome|p1a: Yuno Miles\n|move|p1a: Yuno Miles|Sandsear Storm|p2a: Saggy Chebs|[from]move: Metronome\n|-damage|p2a: Saggy Chebs|14\/100\n|\n|-heal|p2a: Saggy Chebs|20\/100|[from] Grassy Terrain\n|upkeep\n|turn|9\n|\n|t:|1701051929\n|move|p2a: Saggy Chebs|Metronome|p2a: Saggy Chebs\n|move|p2a: Saggy Chebs|Acid|p1a: Yuno Miles|[from]move: Metronome\n|-damage|p1a: Yuno Miles|91\/100\n|-end|p1a: Yuno Miles|confusion\n|move|p1a: Yuno Miles|Metronome|p1a: Yuno Miles\n|move|p1a: Yuno Miles|Echoed Voice|p2a: Saggy Chebs|[from]move: Metronome\n|-damage|p2a: Saggy Chebs|5\/100\n|\n|-heal|p2a: Saggy Chebs|55\/100|[from] move: Wish|[wisher] Saggy Chebs\n|-heal|p1a: Yuno Miles|97\/100|[from] Grassy Terrain\n|-heal|p2a: Saggy Chebs|61\/100|[from] Grassy Terrain\n|upkeep\n|turn|10\n|\n|t:|1701051940\n|move|p2a: Saggy Chebs|Metronome|p2a: Saggy Chebs\n|move|p2a: Saggy Chebs|Light Screen|p2a: Saggy Chebs|[from]move: Metronome\n|-sidestart|p2: Catpiss33|move: Light Screen\n|move|p1a: Yuno Miles|Metronome|p1a: Yuno Miles\n|move|p1a: Yuno Miles|Bone Rush|p2a: Saggy Chebs|[from]move: Metronome\n|-damage|p2a: Saggy Chebs|51\/100\n|-crit|p2a: Saggy Chebs\n|-damage|p2a: Saggy Chebs|36\/100\n|-hitcount|p2a: Saggy Chebs|2\n|\n|-heal|p1a: Yuno Miles|100\/100|[from] Grassy Terrain\n|-heal|p2a: Saggy Chebs|42\/100|[from] Grassy Terrain\n|-fieldend|move: Gravity\n|upkeep\n|turn|11\n|\n|t:|1701051951\n|move|p2a: Saggy Chebs|Metronome|p2a: Saggy Chebs\n|move|p2a: Saggy Chebs|Self-Destruct|p1a: Yuno Miles|[from]move: Metronome|[miss]\n|-miss|p2a: Saggy Chebs|p1a: Yuno Miles\n|faint|p2a: Saggy Chebs\n|move|p1a: Yuno Miles|Metronome|p1a: Yuno Miles\n|move|p1a: Yuno Miles|Flying Press|p2: Saggy Chebs|[from]move: Metronome|[notarget]\n|-fail|p1a: Yuno Miles\n|\n|-fieldend|move: Grassy Terrain\n|upkeep\n|\n|t:|1701051975\n|switch|p2a: Breasticles|Aipom, M|100\/100\n|turn|12\n|\n|t:|1701051991\n|move|p2a: Breasticles|Metronome|p2a: Breasticles\n|move|p2a: Breasticles|Echoed Voice|p1a: Yuno Miles|[from]move: Metronome\n|-damage|p1a: Yuno Miles|86\/100\n|move|p1a: Yuno Miles|Metronome|p1a: Yuno Miles\n|move|p1a: Yuno Miles|Power Split|p2a: Breasticles|[from]move: Metronome\n|-activate|p1a: Yuno Miles|move: Power Split|[of] p2a: Breasticles\n|\n|upkeep\n|turn|13\n|\n|t:|1701051998\n|move|p1a: Yuno Miles|Metronome|p1a: Yuno Miles\n|move|p1a: Yuno Miles|Rock Slide|p2a: Breasticles|[from]move: Metronome\n|-damage|p2a: Breasticles|73\/100\n|cant|p2a: Breasticles|flinch\n|\n|upkeep\n|turn|14\n|\n|t:|1701052003\n|move|p2a: Breasticles|Metronome|p2a: Breasticles\n|move|p2a: Breasticles|Shadow Punch|p1a: Yuno Miles|[from]move: Metronome\n|-immune|p1a: Yuno Miles\n|move|p1a: Yuno Miles|Metronome|p1a: Yuno Miles\n|move|p1a: Yuno Miles|Bulldoze|p2a: Breasticles|[from]move: Metronome\n|-crit|p2a: Breasticles\n|-damage|p2a: Breasticles|41\/100\n|-unboost|p2a: Breasticles|spe|1\n|\n|-sideend|p2: Catpiss33|move: Light Screen\n|upkeep\n|turn|15\n|\n|t:|1701052011\n|move|p1a: Yuno Miles|Metronome|p1a: Yuno Miles\n|move|p1a: Yuno Miles|Sweet Scent|p2a: Breasticles|[from]move: Metronome\n|-unboost|p2a: Breasticles|evasion|2\n|move|p2a: Breasticles|Metronome|p2a: Breasticles\n|move|p2a: Breasticles|Bone Rush|p1a: Yuno Miles|[from]move: Metronome\n|-damage|p1a: Yuno Miles|77\/100\n|-damage|p1a: Yuno Miles|67\/100\n|-damage|p1a: Yuno Miles|57\/100\n|-hitcount|p1a: Yuno Miles|3\n|\n|upkeep\n|turn|16\n|\n|t:|1701052020\n|move|p1a: Yuno Miles|Metronome|p1a: Yuno Miles\n|move|p1a: Yuno Miles|Reflect|p1a: Yuno Miles|[from]move: Metronome\n|-sidestart|p1: Issa Kabore|Reflect\n|move|p2a: Breasticles|Metronome|p2a: Breasticles\n|move|p2a: Breasticles|Horn Attack|p1a: Yuno Miles|[from]move: Metronome\n|-damage|p1a: Yuno Miles|38\/100\n|\n|upkeep\n|turn|17\n|\n|t:|1701052025\n|move|p1a: Yuno Miles|Metronome|p1a: Yuno Miles\n|move|p1a: Yuno Miles|Mega Kick|p2a: Breasticles|[from]move: Metronome\n|-damage|p2a: Breasticles|0 fnt\n|faint|p2a: Breasticles\n|\n|win|Issa Kabore\n|l|\u2606Catpiss33\n|l| SussyDrake\n","uploadtime":1701052055,"views":1,"p1id":"issakabore","p2id":"catpiss33","formatid":"gen9anythinggoes","rating":0,"private":0,"password":""}