{"id":"gen9anythinggoes-1972115752","p1":"thedreadedtigerxx","p2":"Ced20061","format":"[Gen 9] Anything Goes","log":"|j|\u2606thedreadedtigerxx\n|j|\u2606Ced20061\n|inactive|Battle timer is ON: inactive players will automatically lose when time's up.\n|t:|1697814130\n|gametype|singles\n|player|p1|thedreadedtigerxx|nate|\n|player|p2|Ced20061|baker|\n|teamsize|p1|6\n|teamsize|p2|6\n|gen|9\n|tier|[Gen 9] Anything Goes\n|rated|Tournament battle\n|rule|HP Percentage Mod: HP is shown in percentages\n|rule|Endless Battle Clause: Forcing endless battles is banned\n|clearpoke\n|poke|p1|Calyrex-Shadow|\n|poke|p1|Umbreon, F|\n|poke|p1|Koraidon|\n|poke|p1|Arceus-Poison|\n|poke|p1|Great Tusk|\n|poke|p1|Giratina-Origin|\n|poke|p2|Regieleki|\n|poke|p2|Scovillain, F|\n|poke|p2|Dragapult, M|\n|poke|p2|Kingambit, M|\n|poke|p2|Starly, L1, M|\n|poke|p2|Ditto|\n|teampreview\n|inactive|Ced20061 also wants the timer to be on.\n|c|\u2606Ced20061|Good luck\n|j|%Adhiraj8202\u2764\n|c|\u2606thedreadedtigerxx|u2\n|\n|t:|1697814150\n|start\n|switch|p1a: Giratina|Giratina-Origin|100\/100\n|switch|p2a: Speeeeeeeeed|Regieleki|100\/100\n|turn|1\n|\n|t:|1697814157\n|move|p2a: Speeeeeeeeed|Volt Switch|p1a: Giratina\n|-resisted|p1a: Giratina\n|-damage|p1a: Giratina|87\/100\n|\n|t:|1697814160\n|switch|p2a: Little bird:3|Starly, L1, M, shiny|100\/100|[from] Volt Switch\n|move|p1a: Giratina|Poltergeist|p2a: Little bird:3\n|-immune|p2a: Little bird:3\n|\n|upkeep\n|turn|2\n|\n|t:|1697814171\n|move|p2a: Little bird:3|Protect|p2a: Little bird:3\n|-singleturn|p2a: Little bird:3|Protect\n|move|p1a: Giratina|Dragon Tail|p2a: Little bird:3\n|-activate|p2a: Little bird:3|move: Protect\n|\n|upkeep\n|turn|3\n|\n|t:|1697814182\n|switch|p2a: The real king|Kingambit, M|100\/100\n|move|p1a: Giratina|Dragon Tail|p2a: The real king\n|-resisted|p2a: The real king\n|-damage|p2a: The real king|86\/100\n|-end|p2a: The real king|fallenundefined|[silent]\n|drag|p2a: Glass canon|Dragapult, M, shiny|100\/100\n|\n|upkeep\n|turn|4\n|\n|t:|1697814198\n|switch|p1a: Arceus|Arceus-Poison|100\/100\n|move|p2a: Glass canon|Draco Meteor|p1a: Arceus\n|-damage|p1a: Arceus|43\/100\n|-unboost|p2a: Glass canon|spa|2\n|\n|upkeep\n|turn|5\n|\n|t:|1697814207\n|switch|p2a: The real king|Kingambit, M|86\/100\n|move|p1a: Arceus|Recover|p1a: Arceus\n|-heal|p1a: Arceus|93\/100\n|\n|upkeep\n|turn|6\n|\n|t:|1697814220\n|move|p1a: Arceus|Will-O-Wisp|p2a: The real king\n|-status|p2a: The real king|brn\n|move|p2a: The real king|Kowtow Cleave|p1a: Arceus\n|-damage|p1a: Arceus|78\/100\n|\n|-damage|p2a: The real king|80\/100 brn|[from] brn\n|upkeep\n|turn|7\n|\n|t:|1697814230\n|switch|p1a: Great Tusk|Great Tusk|100\/100\n|-end|p2a: The real king|fallenundefined|[silent]\n|switch|p2a: The bloop|Ditto, shiny|100\/100\n|-transform|p2a: The bloop|p1a: Great Tusk|[from] ability: Imposter\n|\n|upkeep\n|turn|8\n|j| bailongzhenshuai\n|\n|t:|1697814244\n|move|p2a: The bloop|Play Rough|p1a: Great Tusk\n|-supereffective|p1a: Great Tusk\n|-damage|p1a: Great Tusk|77\/100\n|-unboost|p1a: Great Tusk|atk|1\n|-damage|p2a: The bloop|84\/100|[from] item: Rocky Helmet|[of] p1a: Great Tusk\n|move|p1a: Great Tusk|Stealth Rock|p2a: The bloop\n|-sidestart|p2: Ced20061|move: Stealth Rock\n|\n|upkeep\n|turn|9\n|\n|t:|1697814254\n|-end|p2a: The bloop|Protosynthesis|[silent]\n|switch|p2a: Pepper boi|Scovillain, F|100\/100\n|-damage|p2a: Pepper boi|76\/100|[from] Stealth Rock\n|-end|p1a: Great Tusk|Protosynthesis|[silent]\n|switch|p1a: Arceus|Arceus-Poison|78\/100\n|\n|-heal|p2a: Pepper boi|82\/100|[from] item: Leftovers\n|-ability|p2a: Pepper boi|Moody|boost\n|-boost|p2a: Pepper boi|spa|2\n|-unboost|p2a: Pepper boi|atk|1\n|upkeep\n|turn|10\n|\n|t:|1697814261\n|move|p2a: Pepper boi|Protect|p2a: Pepper boi\n|-singleturn|p2a: Pepper boi|Protect\n|move|p1a: Arceus|Poison Jab|p2a: Pepper boi\n|-activate|p2a: Pepper boi|move: Protect\n|\n|-heal|p2a: Pepper boi|88\/100|[from] item: Leftovers\n|-ability|p2a: Pepper boi|Moody|boost\n|-boost|p2a: Pepper boi|spe|2\n|-unboost|p2a: Pepper boi|spd|1\n|upkeep\n|turn|11\n|\n|t:|1697814270\n|move|p2a: Pepper boi|Substitute|p2a: Pepper boi\n|-start|p2a: Pepper boi|Substitute\n|-damage|p2a: Pepper boi|63\/100\n|move|p1a: Arceus|Poison Jab|p2a: Pepper boi\n|-supereffective|p2a: Pepper boi\n|-end|p2a: Pepper boi|Substitute\n|\n|-heal|p2a: Pepper boi|69\/100|[from] item: Leftovers\n|-ability|p2a: Pepper boi|Moody|boost\n|-boost|p2a: Pepper boi|spa|2\n|-unboost|p2a: Pepper boi|def|1\n|upkeep\n|turn|12\n|\n|t:|1697814280\n|move|p2a: Pepper boi|Protect|p2a: Pepper boi\n|-singleturn|p2a: Pepper boi|Protect\n|move|p1a: Arceus|Poison Jab|p2a: Pepper boi\n|-activate|p2a: Pepper boi|move: Protect\n|\n|-heal|p2a: Pepper boi|75\/100|[from] item: Leftovers\n|-ability|p2a: Pepper boi|Moody|boost\n|-boost|p2a: Pepper boi|spa|2\n|-unboost|p2a: Pepper boi|spe|1\n|upkeep\n|turn|13\n|\n|t:|1697814290\n|move|p2a: Pepper boi|Flamethrower|p1a: Arceus\n|-damage|p1a: Arceus|0 fnt\n|faint|p1a: Arceus\n|\n|-heal|p2a: Pepper boi|81\/100|[from] item: Leftovers\n|-ability|p2a: Pepper boi|Moody|boost\n|-boost|p2a: Pepper boi|atk|2\n|-unboost|p2a: Pepper boi|spe|1\n|upkeep\n|\n|t:|1697814298\n|switch|p1a: Koraidon|Koraidon|100\/100\n|-weather|SunnyDay|[from] ability: Orichalcum Pulse|[of] p1a: Koraidon\n|-activate|p1a: Koraidon|Orichalcum Pulse|[source]\n|turn|14\n|\n|t:|1697814306\n|move|p2a: Pepper boi|Protect|p2a: Pepper boi\n|-singleturn|p2a: Pepper boi|Protect\n|move|p1a: Koraidon|U-turn|p2a: Pepper boi\n|-activate|p2a: Pepper boi|move: Protect\n|\n|-weather|SunnyDay|[upkeep]\n|-heal|p2a: Pepper boi|86\/100|[from] item: Leftovers\n|-ability|p2a: Pepper boi|Moody|boost\n|-boost|p2a: Pepper boi|spd|2\n|-unboost|p2a: Pepper boi|def|1\n|upkeep\n|turn|15\n|\n|t:|1697814320\n|move|p1a: Koraidon|U-turn|p2a: Pepper boi\n|-damage|p2a: Pepper boi|0 fnt\n|faint|p2a: Pepper boi\n|\n|t:|1697814327\n|switch|p1a: Giratina|Giratina-Origin|87\/100|[from] U-turn\n|\n|-weather|SunnyDay|[upkeep]\n|upkeep\n|\n|t:|1697814333\n|switch|p2a: Glass canon|Dragapult, M, shiny|100\/100\n|-damage|p2a: Glass canon|88\/100|[from] Stealth Rock\n|turn|16\n|c|%Adhiraj8202\u2764|is that really\n|c|%Adhiraj8202\u2764|that weak\n|c|\u2606thedreadedtigerxx|it was -2 def\n|c|\u2606thedreadedtigerxx|and yes it it that weak\n|\n|t:|1697814346\n|switch|p1a: the night|Umbreon, F|100\/100\n|move|p2a: Glass canon|U-turn|p1a: the night\n|-supereffective|p1a: the night\n|-damage|p1a: the night|71\/100\n|\n|t:|1697814359\n|switch|p2a: Speeeeeeeeed|Regieleki|100\/100|[from] U-turn\n|\n|-weather|SunnyDay|[upkeep]\n|-heal|p1a: the night|77\/100|[from] item: Leftovers\n|upkeep\n|turn|17\n|c|\u2606Ced20061|Idk Why i  did that\n|inactive|Ced20061 has 120 seconds left.\n|\n|t:|1697814393\n|switch|p1a: Great Tusk|Great Tusk|77\/100\n|-activate|p1a: Great Tusk|ability: Protosynthesis\n|-start|p1a: Great Tusk|protosynthesisdef\n|move|p2a: Speeeeeeeeed|Rapid Spin|p1a: Great Tusk\n|-damage|p1a: Great Tusk|73\/100\n|-boost|p2a: Speeeeeeeeed|spe|1\n|-damage|p2a: Speeeeeeeeed|84\/100|[from] item: Rocky Helmet|[of] p1a: Great Tusk\n|-sideend|p2: Ced20061|Stealth Rock|[from] move: Rapid Spin|[of] p2a: Speeeeeeeeed\n|\n|-weather|SunnyDay|[upkeep]\n|upkeep\n|turn|18\n|\n|t:|1697814400\n|-terastallize|p2a: Speeeeeeeeed|Ice\n|move|p2a: Speeeeeeeeed|Tera Blast|p1a: Great Tusk|[anim] Tera Blast Ice\n|-supereffective|p1a: Great Tusk\n|-crit|p1a: Great Tusk\n|-damage|p1a: Great Tusk|0 fnt\n|faint|p1a: Great Tusk\n|-end|p1a: Great Tusk|Protosynthesis|[silent]\n|\n|-weather|none\n|upkeep\n|\n|t:|1697814404\n|switch|p1a: Koraidon|Koraidon|100\/100\n|-weather|SunnyDay|[from] ability: Orichalcum Pulse|[of] p1a: Koraidon\n|-activate|p1a: Koraidon|Orichalcum Pulse|[source]\n|turn|19\n|inactive|Ced20061 has 120 seconds left.\n|\n|t:|1697814439\n|move|p2a: Speeeeeeeeed|Tera Blast|p1a: Koraidon|[anim] Tera Blast Ice\n|-supereffective|p1a: Koraidon\n|-damage|p1a: Koraidon|28\/100\n|move|p1a: Koraidon|Flare Blitz|p2a: Speeeeeeeeed\n|-supereffective|p2a: Speeeeeeeeed\n|-crit|p2a: Speeeeeeeeed\n|-damage|p2a: Speeeeeeeeed|0 fnt\n|faint|p2a: Speeeeeeeeed\n|-damage|p1a: Koraidon|3\/100|[from] Recoil\n|\n|-weather|SunnyDay|[upkeep]\n|upkeep\n|\n|t:|1697814450\n|switch|p2a: Glass canon|Dragapult, M, shiny|88\/100\n|turn|20\n|c|\u2606thedreadedtigerxx|WHAT THE\n|c|\u2606thedreadedtigerxx|ACTUAL FUCK\n|c|\u2606thedreadedtigerxx|SCARF ELEKI\n|\n|t:|1697814461\n|move|p1a: Koraidon|Flare Blitz|p2a: Glass canon\n|-resisted|p2a: Glass canon\n|-damage|p2a: Glass canon|26\/100\n|-damage|p1a: Koraidon|0 fnt|[from] Recoil\n|faint|p1a: Koraidon\n|move|p2a: Glass canon|U-turn|p1: Koraidon|[notarget]\n|-fail|p2a: Glass canon\n|\n|-weather|SunnyDay|[upkeep]\n|upkeep\n|\n|t:|1697814464\n|switch|p1a: Giratina|Giratina-Origin|87\/100\n|turn|21\n|\n|t:|1697814471\n|switch|p2a: Little bird:3|Starly, L1, M, shiny|100\/100\n|move|p1a: Giratina|Shadow Sneak|p2a: Little bird:3\n|-immune|p2a: Little bird:3\n|\n|-weather|SunnyDay|[upkeep]\n|upkeep\n|turn|22\n|\n|t:|1697814480\n|move|p2a: Little bird:3|Astonish|p1a: Giratina\n|-supereffective|p1a: Giratina\n|-damage|p1a: Giratina|86\/100\n|cant|p1a: Giratina|flinch\n|\n|-weather|SunnyDay|[upkeep]\n|upkeep\n|turn|23\n|c| bailongzhenshuai|wow\n|inactive|Ced20061 has 120 seconds left.\n|c|\u2606Ced20061|Problem?\n|\n|t:|1697814511\n|move|p2a: Little bird:3|Protect|p2a: Little bird:3\n|-singleturn|p2a: Little bird:3|Protect\n|move|p1a: Giratina|Dragon Tail|p2a: Little bird:3\n|-activate|p2a: Little bird:3|move: Protect\n|\n|-weather|none\n|upkeep\n|turn|24\n|\n|t:|1697814519\n|switch|p2a: The real king|Kingambit, M|80\/100 brn\n|-activate|p2a: The real king|ability: Supreme Overlord\n|-start|p2a: The real king|fallen2|[silent]\n|move|p1a: Giratina|Dragon Tail|p2a: The real king\n|-resisted|p2a: The real king\n|-damage|p2a: The real king|66\/100 brn\n|-end|p2a: The real king|fallen2|[silent]\n|drag|p2a: Glass canon|Dragapult, M, shiny|26\/100\n|\n|upkeep\n|turn|25\n|inactive|Ced20061 has 120 seconds left.\n|\n|t:|1697814532\n|move|p1a: Giratina|Shadow Sneak|p2a: Glass canon\n|-supereffective|p2a: Glass canon\n|-damage|p2a: Glass canon|0 fnt\n|faint|p2a: Glass canon\n|\n|upkeep\n|\n|t:|1697814534\n|switch|p2a: The bloop|Ditto, shiny|84\/100\n|-transform|p2a: The bloop|p1a: Giratina|[from] ability: Imposter\n|turn|26\n|j|%A Bread Sandwich\n|\n|t:|1697814542\n|switch|p1a: the night|Umbreon, F|77\/100\n|move|p2a: The bloop|Poltergeist|p1a: the night\n|-activate|p1a: the night|move: Poltergeist|Leftovers\n|-resisted|p1a: the night\n|-damage|p1a: the night|55\/100\n|\n|-heal|p1a: the night|61\/100|[from] item: Leftovers\n|upkeep\n|turn|27\n|\n|t:|1697814549\n|switch|p2a: Little bird:3|Starly, L1, M, shiny|100\/100\n|move|p1a: the night|Foul Play|p2a: Little bird:3\n|-enditem|p2a: Little bird:3|Focus Sash\n|-damage|p2a: Little bird:3|9\/100\n|\n|-heal|p1a: the night|68\/100|[from] item: Leftovers\n|upkeep\n|turn|28\n|\n|t:|1697814559\n|move|p1a: the night|Foul Play|p2a: Little bird:3\n|-damage|p2a: Little bird:3|0 fnt\n|faint|p2a: Little bird:3\n|\n|-heal|p1a: the night|74\/100|[from] item: Leftovers\n|upkeep\n|\n|t:|1697814561\n|switch|p2a: The real king|Kingambit, M|66\/100 brn\n|-activate|p2a: The real king|ability: Supreme Overlord\n|-start|p2a: The real king|fallen4|[silent]\n|turn|29\n|\n|t:|1697814573\n|move|p2a: The real king|Iron Head|p1a: the night\n|-damage|p1a: the night|47\/100\n|cant|p1a: the night|flinch\n|\n|-heal|p1a: the night|54\/100|[from] item: Leftovers\n|-damage|p2a: The real king|60\/100 brn|[from] brn\n|upkeep\n|turn|30\n|\n|t:|1697814578\n|move|p2a: The real king|Swords Dance|p2a: The real king\n|-boost|p2a: The real king|atk|2\n|move|p1a: the night|Wish|p1a: the night\n|\n|-heal|p1a: the night|60\/100|[from] item: Leftovers\n|-damage|p2a: The real king|53\/100 brn|[from] brn\n|upkeep\n|turn|31\n|\n|t:|1697814584\n|move|p2a: The real king|Kowtow Cleave|p1a: the night\n|-resisted|p1a: the night\n|-damage|p1a: the night|27\/100\n|move|p1a: the night|Foul Play|p2a: The real king\n|-resisted|p2a: The real king\n|-damage|p2a: The real king|12\/100 brn\n|\n|-heal|p1a: the night|77\/100|[from] move: Wish|[wisher] the night\n|-heal|p1a: the night|83\/100|[from] item: Leftovers\n|-damage|p2a: The real king|6\/100 brn|[from] brn\n|upkeep\n|turn|32\n|\n|t:|1697814590\n|move|p1a: the night|Protect|p1a: the night\n|-singleturn|p1a: the night|Protect\n|move|p2a: The real king|Iron Head|p1a: the night\n|-activate|p1a: the night|move: Protect\n|\n|-heal|p1a: the night|89\/100|[from] item: Leftovers\n|-damage|p2a: The real king|0 fnt|[from] brn\n|faint|p2a: The real king\n|-end|p2a: The real king|fallen4|[silent]\n|upkeep\n|\n|t:|1697814593\n|switch|p2a: The bloop|Ditto, shiny|84\/100\n|-transform|p2a: The bloop|p1a: the night|[from] ability: Imposter\n|turn|33\n|\n|t:|1697814595\n|-terastallize|p1a: the night|Steel\n|move|p2a: The bloop|Toxic|p1a: the night|[miss]\n|-miss|p2a: The bloop|p1a: the night\n|move|p1a: the night|Toxic|p2a: The bloop\n|-status|p2a: The bloop|tox\n|-activate|p2a: The bloop|ability: Synchronize\n|-immune|p1a: the night\n|\n|-heal|p1a: the night|95\/100|[from] item: Leftovers\n|-damage|p2a: The bloop|78\/100 tox|[from] psn\n|upkeep\n|turn|34\n|c| bailongzhenshuai|gg\n|c|\u2606Ced20061|gg\n|c|\u2606thedreadedtigerxx|gg\n|-message|Ced20061 forfeited.\n|\n|win|thedreadedtigerxx\n|n|\u2606thedreadedtigerxx|thedreadedtigerxx\n|n|\u2606Ced20061|ced20061\n|n| Adhiraj8202\u2764|adhiraj8202\n|n| bailongzhenshuai|bailongzhenshuai\n|n| A Bread Sandwich|abreadsandwich\n|l|\u2606thedreadedtigerxx\n|l|\u2606Ced20061\n|l| bailongzhenshuai\n|l| Adhiraj8202\u2764\n","uploadtime":1697816975,"views":17,"p1id":"thedreadedtigerxx","p2id":"ced20061","formatid":"gen9anythinggoes","rating":0,"private":0,"password":""}