{"id":"gen9anythinggoes-1972700654","p1":"YouAreAPoopyFace","p2":"puissance du feu","format":"[Gen 9] Anything Goes","log":"|j|\u2606YouAreAPoopyFace\n|j|\u2606puissance du feu\n|t:|1697880492\n|gametype|singles\n|player|p1|YouAreAPoopyFace|cynthia|1611\n|player|p2|puissance du feu|blackbelt|1703\n|teamsize|p1|6\n|teamsize|p2|6\n|gen|9\n|tier|[Gen 9] Anything Goes\n|rated|\n|rule|HP Percentage Mod: HP is shown in percentages\n|rule|Endless Battle Clause: Forcing endless battles is banned\n|clearpoke\n|poke|p1|Calyrex-Shadow|\n|poke|p1|Koraidon|\n|poke|p1|Miraidon|\n|poke|p1|Zacian-*|\n|poke|p1|Volcarona, F|\n|poke|p1|Great Tusk|\n|poke|p2|Scovillain, F|\n|poke|p2|Calyrex-Shadow|\n|poke|p2|Giratina-Origin|\n|poke|p2|Arceus|\n|poke|p2|Arceus|\n|poke|p2|Koraidon|\n|teampreview\n|inactive|Battle timer is ON: inactive players will automatically lose when time's up. (requested by puissance du feu)\n|inactive|YouAreAPoopyFace also wants the timer to be on.\n|j| NANASHllll\n|inactive|puissance du feu has 120 seconds left.\n|\n|t:|1697880538\n|start\n|switch|p1a: Miraidon|Miraidon|100\/100\n|switch|p2a: Scovillain|Scovillain, F|100\/100\n|-fieldstart|move: Electric Terrain|[from] ability: Hadron Engine|[of] p1a: Miraidon\n|turn|1\n|\n|t:|1697880546\n|move|p2a: Scovillain|Protect|p2a: Scovillain\n|-singleturn|p2a: Scovillain|Protect\n|move|p1a: Miraidon|Overheat|p2a: Scovillain\n|-activate|p2a: Scovillain|move: Protect\n|\n|-ability|p2a: Scovillain|Moody|boost\n|-boost|p2a: Scovillain|atk|2\n|-unboost|p2a: Scovillain|spe|1\n|upkeep\n|turn|2\n|\n|t:|1697880561\n|switch|p2a: Arceus|Arceus|100\/100\n|move|p1a: Miraidon|Overheat|p2a: Arceus\n|-damage|p2a: Arceus|42\/100\n|-unboost|p1a: Miraidon|spa|2\n|-damage|p1a: Miraidon|91\/100|[from] item: Life Orb\n|\n|upkeep\n|turn|3\n|\n|t:|1697880573\n|switch|p1a: Volcarona|Volcarona, F|100\/100\n|move|p2a: Arceus|Extreme Speed|p1a: Volcarona\n|-damage|p1a: Volcarona|22\/100\n|-status|p2a: Arceus|brn|[from] ability: Flame Body|[of] p1a: Volcarona\n|-damage|p2a: Arceus|32\/100 brn|[from] item: Life Orb\n|\n|-damage|p2a: Arceus|26\/100 brn|[from] brn\n|upkeep\n|turn|4\n|j| GUESSWHOTPRADO\n|inactive|YouAreAPoopyFace has 120 seconds left.\n|j| Infinite_Arcisbest\n|inactive|puissance du feu has 120 seconds left.\n|l| Infinite_Arcisbest\n|\n|t:|1697880633\n|move|p2a: Arceus|Shadow Claw|p1a: Volcarona\n|-damage|p1a: Volcarona|0 fnt\n|faint|p1a: Volcarona\n|-damage|p2a: Arceus|16\/100 brn|[from] item: Life Orb\n|\n|-damage|p2a: Arceus|10\/100 brn|[from] brn\n|upkeep\n|\n|t:|1697880641\n|switch|p1a: Great Tusk|Great Tusk|100\/100\n|turn|5\n|inactive|YouAreAPoopyFace has 90 seconds left.\n|\n|t:|1697880662\n|move|p2a: Arceus|Taunt|p1a: Great Tusk\n|-start|p1a: Great Tusk|move: Taunt\n|cant|p1a: Great Tusk|move: Taunt|Stealth Rock\n|\n|-damage|p2a: Arceus|4\/100 brn|[from] brn\n|-fieldend|move: Electric Terrain\n|upkeep\n|turn|6\n|\n|t:|1697880671\n|move|p2a: Arceus|Extreme Speed|p1a: Great Tusk\n|-damage|p1a: Great Tusk|85\/100\n|-damage|p2a: Arceus|0 fnt|[from] item: Life Orb\n|faint|p2a: Arceus\n|move|p1a: Great Tusk|Rapid Spin|p2: Arceus|[notarget]\n|-fail|p1a: Great Tusk\n|\n|-heal|p1a: Great Tusk|91\/100|[from] item: Leftovers\n|upkeep\n|\n|t:|1697880674\n|switch|p2a: Scovillain|Scovillain, F|100\/100\n|turn|7\n|inactive|YouAreAPoopyFace has 90 seconds left.\n|\n|t:|1697880712\n|move|p1a: Great Tusk|Close Combat|p2a: Scovillain\n|-damage|p2a: Scovillain|51\/100\n|-unboost|p1a: Great Tusk|def|1\n|-unboost|p1a: Great Tusk|spd|1\n|move|p2a: Scovillain|Leech Seed|p1a: Great Tusk\n|-start|p1a: Great Tusk|move: Leech Seed\n|\n|-heal|p1a: Great Tusk|97\/100|[from] item: Leftovers\n|-heal|p2a: Scovillain|57\/100|[from] item: Leftovers\n|-damage|p1a: Great Tusk|85\/100|[from] Leech Seed|[of] p2a: Scovillain\n|-heal|p2a: Scovillain|74\/100|[silent]\n|-end|p1a: Great Tusk|move: Taunt\n|-ability|p2a: Scovillain|Moody|boost\n|-boost|p2a: Scovillain|def|2\n|-unboost|p2a: Scovillain|spa|1\n|upkeep\n|turn|8\n|\n|t:|1697880730\n|-end|p1a: Great Tusk|Protosynthesis|[silent]\n|switch|p1a: Miraidon|Miraidon|91\/100\n|-fieldstart|move: Electric Terrain|[from] ability: Hadron Engine|[of] p1a: Miraidon\n|move|p2a: Scovillain|Substitute|p2a: Scovillain\n|-start|p2a: Scovillain|Substitute\n|-damage|p2a: Scovillain|49\/100\n|\n|-heal|p2a: Scovillain|55\/100|[from] item: Leftovers\n|-ability|p2a: Scovillain|Moody|boost\n|-boost|p2a: Scovillain|spd|2\n|-unboost|p2a: Scovillain|atk|1\n|upkeep\n|turn|9\n|inactive|YouAreAPoopyFace has 60 seconds left.\n|c|\u2606puissance du feu|Im a poopy face, im a poopy face\n|inactive|puissance du feu has 120 seconds left.\n|\n|t:|1697880788\n|move|p2a: Scovillain|Protect|p2a: Scovillain\n|-singleturn|p2a: Scovillain|Protect\n|move|p1a: Miraidon|Volt Switch|p2a: Scovillain\n|-activate|p2a: Scovillain|move: Protect\n|\n|-heal|p2a: Scovillain|61\/100|[from] item: Leftovers\n|-ability|p2a: Scovillain|Moody|boost\n|-boost|p2a: Scovillain|spa|2\n|-unboost|p2a: Scovillain|atk|1\n|upkeep\n|turn|10\n|inactive|puissance du feu has 120 seconds left.\n|l| NANASHllll\n|inactive|YouAreAPoopyFace has 30 seconds left.\n|\n|t:|1697880821\n|move|p1a: Miraidon|Volt Switch|p2a: Scovillain\n|-resisted|p2a: Scovillain\n|-end|p2a: Scovillain|Substitute\n|-damage|p1a: Miraidon|81\/100|[from] item: Life Orb\n|inactive|YouAreAPoopyFace has 30 seconds left.\n|\n|t:|1697880827\n|switch|p1a: Calyrex|Calyrex-Shadow|100\/100|[from] Volt Switch\n|-ability|p1a: Calyrex|As One\n|-ability|p1a: Calyrex|Unnerve\n|move|p2a: Scovillain|Leech Seed|p1a: Calyrex\n|-start|p1a: Calyrex|move: Leech Seed\n|\n|-heal|p2a: Scovillain|67\/100|[from] item: Leftovers\n|-damage|p1a: Calyrex|88\/100|[from] Leech Seed|[of] p2a: Scovillain\n|-heal|p2a: Scovillain|81\/100|[silent]\n|-ability|p2a: Scovillain|Moody|boost\n|-boost|p2a: Scovillain|spa|2\n|-unboost|p2a: Scovillain|spd|1\n|upkeep\n|turn|11\n|inactive|YouAreAPoopyFace has 30 seconds left.\n|inactive|YouAreAPoopyFace has 20 seconds left.\n|\n|t:|1697880851\n|move|p2a: Scovillain|Protect|p2a: Scovillain\n|-singleturn|p2a: Scovillain|Protect\n|move|p1a: Calyrex|Astral Barrage|p2a: Scovillain\n|-activate|p2a: Scovillain|move: Protect\n|\n|-heal|p2a: Scovillain|87\/100|[from] item: Leftovers\n|-damage|p1a: Calyrex|76\/100|[from] Leech Seed|[of] p2a: Scovillain\n|-heal|p2a: Scovillain|99\/100|[silent]\n|-ability|p2a: Scovillain|Moody|boost\n|-boost|p2a: Scovillain|spe|2\n|-unboost|p2a: Scovillain|spd|1\n|upkeep\n|turn|12\n|inactive|YouAreAPoopyFace has 30 seconds left this turn.\n|inactive|puissance du feu has 120 seconds left.\n|inactive|YouAreAPoopyFace has 20 seconds left.\n|\n|t:|1697880867\n|switch|p2a: Arceus|Arceus|100\/100\n|move|p1a: Calyrex|Astral Barrage|p2a: Arceus\n|-immune|p2a: Arceus\n|\n|-damage|p1a: Calyrex|64\/100|[from] Leech Seed|[of] p2a: Arceus\n|-fieldend|move: Electric Terrain\n|upkeep\n|turn|13\n|inactive|YouAreAPoopyFace has 30 seconds left this turn.\n|inactive|YouAreAPoopyFace has 20 seconds left.\n|\n|t:|1697880881\n|switch|p1a: Great Tusk|Great Tusk|85\/100\n|switch|p2a: Scovillain|Scovillain, F|99\/100\n|\n|-heal|p1a: Great Tusk|91\/100|[from] item: Leftovers\n|-heal|p2a: Scovillain|100\/100|[from] item: Leftovers\n|-ability|p2a: Scovillain|Moody|boost\n|-boost|p2a: Scovillain|def|2\n|-unboost|p2a: Scovillain|spd|1\n|upkeep\n|turn|14\n|inactive|YouAreAPoopyFace has 30 seconds left this turn.\n|inactive|YouAreAPoopyFace has 20 seconds left.\n|inactive|YouAreAPoopyFace has 15 seconds left.\n|\n|t:|1697880898\n|move|p1a: Great Tusk|Stealth Rock|p2a: Scovillain\n|-sidestart|p2: puissance du feu|move: Stealth Rock\n|move|p2a: Scovillain|Substitute|p2a: Scovillain\n|-start|p2a: Scovillain|Substitute\n|-damage|p2a: Scovillain|76\/100\n|\n|-heal|p1a: Great Tusk|97\/100|[from] item: Leftovers\n|-heal|p2a: Scovillain|82\/100|[from] item: Leftovers\n|-ability|p2a: Scovillain|Moody|boost\n|-boost|p2a: Scovillain|spa|2\n|-unboost|p2a: Scovillain|def|1\n|upkeep\n|turn|15\n|inactive|YouAreAPoopyFace has 25 seconds left this turn.\n|inactive|YouAreAPoopyFace has 20 seconds left.\n|inactive|YouAreAPoopyFace has 15 seconds left.\n|\n|t:|1697880912\n|move|p1a: Great Tusk|Close Combat|p2a: Scovillain\n|-crit|p2a: Scovillain\n|-end|p2a: Scovillain|Substitute\n|-unboost|p1a: Great Tusk|def|1\n|-unboost|p1a: Great Tusk|spd|1\n|move|p2a: Scovillain|Leech Seed|p1a: Great Tusk\n|-start|p1a: Great Tusk|move: Leech Seed\n|\n|-heal|p1a: Great Tusk|100\/100|[from] item: Leftovers\n|-heal|p2a: Scovillain|88\/100|[from] item: Leftovers\n|-damage|p1a: Great Tusk|88\/100|[from] Leech Seed|[of] p2a: Scovillain\n|-heal|p2a: Scovillain|100\/100|[silent]\n|-ability|p2a: Scovillain|Moody|boost\n|-boost|p2a: Scovillain|spd|2\n|-unboost|p2a: Scovillain|spe|1\n|upkeep\n|turn|16\n|inactive|YouAreAPoopyFace has 25 seconds left this turn.\n|inactive|YouAreAPoopyFace has 20 seconds left.\n|inactive|YouAreAPoopyFace has 15 seconds left.\n|\n|t:|1697880926\n|-end|p1a: Great Tusk|Protosynthesis|[silent]\n|switch|p1a: Miraidon|Miraidon|81\/100\n|-fieldstart|move: Electric Terrain|[from] ability: Hadron Engine|[of] p1a: Miraidon\n|move|p2a: Scovillain|Substitute|p2a: Scovillain\n|-start|p2a: Scovillain|Substitute\n|-damage|p2a: Scovillain|76\/100\n|\n|-heal|p2a: Scovillain|82\/100|[from] item: Leftovers\n|-ability|p2a: Scovillain|Moody|boost\n|-boost|p2a: Scovillain|spe|2\n|-unboost|p2a: Scovillain|atk|1\n|upkeep\n|turn|17\n|inactive|YouAreAPoopyFace has 25 seconds left this turn.\n|inactive|YouAreAPoopyFace has 20 seconds left.\n|inactive|YouAreAPoopyFace has 15 seconds left.\n|\n|t:|1697880939\n|move|p2a: Scovillain|Protect|p2a: Scovillain\n|-singleturn|p2a: Scovillain|Protect\n|move|p1a: Miraidon|Volt Switch|p2a: Scovillain\n|-activate|p2a: Scovillain|move: Protect\n|\n|-heal|p2a: Scovillain|88\/100|[from] item: Leftovers\n|-ability|p2a: Scovillain|Moody|boost\n|-boost|p2a: Scovillain|spd|2\n|-unboost|p2a: Scovillain|spa|1\n|upkeep\n|turn|18\n|inactive|YouAreAPoopyFace has 25 seconds left this turn.\n|inactive|YouAreAPoopyFace has 20 seconds left.\n|\n|t:|1697880949\n|move|p1a: Miraidon|Volt Switch|p2a: Scovillain\n|-resisted|p2a: Scovillain\n|-end|p2a: Scovillain|Substitute\n|-damage|p1a: Miraidon|71\/100|[from] item: Life Orb\n|inactive|YouAreAPoopyFace has 25 seconds left this turn.\n|inactive|YouAreAPoopyFace has 20 seconds left.\n|\n|t:|1697880955\n|switch|p1a: Koraidon|Koraidon|100\/100|[from] Volt Switch\n|-weather|SunnyDay|[from] ability: Orichalcum Pulse|[of] p1a: Koraidon\n|-activate|p1a: Koraidon|Orichalcum Pulse|[source]\n|move|p2a: Scovillain|Leech Seed|p1a: Koraidon\n|-start|p1a: Koraidon|move: Leech Seed\n|\n|-weather|SunnyDay|[upkeep]\n|-heal|p2a: Scovillain|94\/100|[from] item: Leftovers\n|-damage|p1a: Koraidon|88\/100|[from] Leech Seed|[of] p2a: Scovillain\n|-heal|p2a: Scovillain|100\/100|[silent]\n|-ability|p2a: Scovillain|Moody|boost\n|-boost|p2a: Scovillain|spa|2\n|-unboost|p2a: Scovillain|spd|1\n|upkeep\n|turn|19\n|inactive|YouAreAPoopyFace has 30 seconds left this turn.\n|\n|t:|1697880970\n|move|p1a: Koraidon|Flare Blitz|p2a: Scovillain\n|-damage|p2a: Scovillain|41\/100\n|-damage|p1a: Koraidon|70\/100|[from] Recoil\n|move|p2a: Scovillain|Substitute|p2a: Scovillain\n|-start|p2a: Scovillain|Substitute\n|-damage|p2a: Scovillain|16\/100\n|\n|-weather|SunnyDay|[upkeep]\n|-heal|p2a: Scovillain|22\/100|[from] item: Leftovers\n|-damage|p1a: Koraidon|57\/100|[from] Leech Seed|[of] p2a: Scovillain\n|-heal|p2a: Scovillain|35\/100|[silent]\n|-ability|p2a: Scovillain|Moody|boost\n|-boost|p2a: Scovillain|def|2\n|-unboost|p2a: Scovillain|atk|1\n|upkeep\n|turn|20\n|inactive|YouAreAPoopyFace has 30 seconds left.\n|inactive|YouAreAPoopyFace has 20 seconds left.\n|\n|t:|1697880986\n|switch|p1a: Great Tusk|Great Tusk|88\/100\n|-activate|p1a: Great Tusk|ability: Protosynthesis\n|-start|p1a: Great Tusk|protosynthesisspe\n|move|p2a: Scovillain|Protect||[still]\n|-fail|p2a: Scovillain\n|\n|-weather|SunnyDay|[upkeep]\n|-heal|p1a: Great Tusk|94\/100|[from] item: Leftovers\n|-heal|p2a: Scovillain|41\/100|[from] item: Leftovers\n|-fieldend|move: Electric Terrain\n|-ability|p2a: Scovillain|Moody|boost\n|-boost|p2a: Scovillain|spa|2\n|-unboost|p2a: Scovillain|spd|1\n|upkeep\n|turn|21\n|inactive|YouAreAPoopyFace has 30 seconds left this turn.\n|inactive|YouAreAPoopyFace has 20 seconds left.\n|l| GUESSWHOTPRADO\n|\n|t:|1697881000\n|move|p1a: Great Tusk|Close Combat|p2a: Scovillain\n|-activate|p2a: Scovillain|move: Substitute|[damage]\n|-unboost|p1a: Great Tusk|def|1\n|-unboost|p1a: Great Tusk|spd|1\n|move|p2a: Scovillain|Leech Seed|p1a: Great Tusk\n|-start|p1a: Great Tusk|move: Leech Seed\n|\n|-weather|SunnyDay|[upkeep]\n|-heal|p1a: Great Tusk|100\/100|[from] item: Leftovers\n|-heal|p2a: Scovillain|47\/100|[from] item: Leftovers\n|-damage|p1a: Great Tusk|88\/100|[from] Leech Seed|[of] p2a: Scovillain\n|-heal|p2a: Scovillain|64\/100|[silent]\n|-ability|p2a: Scovillain|Moody|boost\n|-boost|p2a: Scovillain|spd|2\n|-unboost|p2a: Scovillain|def|1\n|upkeep\n|turn|22\n|inactive|YouAreAPoopyFace has 30 seconds left this turn.\n|inactive|YouAreAPoopyFace has 20 seconds left.\n|\n|t:|1697881014\n|move|p2a: Scovillain|Protect|p2a: Scovillain\n|-singleturn|p2a: Scovillain|Protect\n|move|p1a: Great Tusk|Rapid Spin|p2a: Scovillain\n|-activate|p2a: Scovillain|move: Protect\n|\n|-weather|none\n|-end|p1a: Great Tusk|Protosynthesis\n|-heal|p1a: Great Tusk|94\/100|[from] item: Leftovers\n|-heal|p2a: Scovillain|70\/100|[from] item: Leftovers\n|-damage|p1a: Great Tusk|82\/100|[from] Leech Seed|[of] p2a: Scovillain\n|-heal|p2a: Scovillain|87\/100|[silent]\n|-ability|p2a: Scovillain|Moody|boost\n|-boost|p2a: Scovillain|atk|2\n|-unboost|p2a: Scovillain|spa|1\n|upkeep\n|turn|23\n|inactive|YouAreAPoopyFace has 30 seconds left this turn.\n|inactive|YouAreAPoopyFace has 20 seconds left.\n|inactive|YouAreAPoopyFace has 15 seconds left.\n|\n|t:|1697881030\n|-end|p1a: Great Tusk|Protosynthesis|[silent]\n|switch|p1a: Miraidon|Miraidon|71\/100\n|-fieldstart|move: Electric Terrain|[from] ability: Hadron Engine|[of] p1a: Miraidon\n|move|p2a: Scovillain|Flamethrower|p1a: Miraidon\n|-resisted|p1a: Miraidon\n|-damage|p1a: Miraidon|23\/100\n|\n|-heal|p2a: Scovillain|93\/100|[from] item: Leftovers\n|-ability|p2a: Scovillain|Moody|boost\n|-boost|p2a: Scovillain|spe|2\n|-unboost|p2a: Scovillain|spd|1\n|upkeep\n|turn|24\n|inactive|YouAreAPoopyFace has 25 seconds left this turn.\n|inactive|YouAreAPoopyFace has 20 seconds left.\n|\n|t:|1697881039\n|move|p2a: Scovillain|Flamethrower|p1a: Miraidon\n|-resisted|p1a: Miraidon\n|-damage|p1a: Miraidon|0 fnt\n|faint|p1a: Miraidon\n|\n|-heal|p2a: Scovillain|99\/100|[from] item: Leftovers\n|-ability|p2a: Scovillain|Moody|boost\n|-boost|p2a: Scovillain|spa|2\n|-unboost|p2a: Scovillain|spe|1\n|upkeep\n|inactive|YouAreAPoopyFace has 25 seconds left this turn.\n|inactive|YouAreAPoopyFace has 20 seconds left.\n|-message|YouAreAPoopyFace forfeited.\n|\n|win|puissance du feu\n|inactive|YouAreAPoopyFace has 25 seconds left this turn.\n|raw|YouAreAPoopyFace's rating: 1611 &rarr; <strong>1596<\/strong><br \/>(-15 for losing)\n|raw|puissance du feu's rating: 1703 &rarr; <strong>1718<\/strong><br \/>(+15 for winning)\n|l|\u2606YouAreAPoopyFace\n|j| GUESSWHOTPRADO\n|l|\u2606puissance du feu\n|l| GUESSWHOTPRADO\n|j|\u2606puissance du feu\n|player|p2|puissance du feu|blackbelt\n","uploadtime":1697881069,"views":9,"p1id":"youareapoopyface","p2id":"puissancedufeu","formatid":"gen9anythinggoes","rating":1596,"private":0,"password":""}