{"id":"gen9anythinggoes-1971996737","p1":"PowerStar768","p2":"Akralt","format":"[Gen 9] Anything Goes","log":"|j|\u2606PowerStar768\n|j|\u2606Akralt\n|t:|1697802883\n|gametype|singles\n|player|p1|PowerStar768|lance|1085\n|player|p2|Akralt|falkner|1120\n|teamsize|p1|6\n|teamsize|p2|6\n|gen|9\n|tier|[Gen 9] Anything Goes\n|rated|\n|rule|HP Percentage Mod: HP is shown in percentages\n|rule|Endless Battle Clause: Forcing endless battles is banned\n|clearpoke\n|poke|p1|Amoonguss, M|\n|poke|p1|Regieleki|\n|poke|p1|Girafarig, M|\n|poke|p1|Drifblim, F|\n|poke|p1|Drifblim, M|\n|poke|p1|Torterra, F|\n|poke|p2|Tinkaton, F|\n|poke|p2|Tinkaton, F|\n|poke|p2|Tinkaton, F|\n|poke|p2|Tinkaton, F|\n|poke|p2|Tinkaton, F|\n|poke|p2|Flutter Mane|\n|teampreview\n|inactive|Battle timer is ON: inactive players will automatically lose when time's up. (requested by Akralt)\n|\n|t:|1697802887\n|start\n|switch|p1a: Drifblim|Drifblim, M|100\/100\n|switch|p2a: REINHARDT1|Tinkaton, F|100\/100\n|-ability|p2a: REINHARDT1|Mold Breaker\n|turn|1\n|\n|t:|1697802896\n|move|p2a: REINHARDT1|Gigaton Hammer|p1a: Drifblim\n|-damage|p1a: Drifblim|34\/100\n|move|p1a: Drifblim|Minimize|p1a: Drifblim\n|-boost|p1a: Drifblim|evasion|2\n|\n|upkeep\n|turn|2\n|\n|t:|1697802901\n|move|p2a: REINHARDT1|Play Rough|p1a: Drifblim|[miss]\n|-miss|p2a: REINHARDT1|p1a: Drifblim\n|move|p1a: Drifblim|Minimize|p1a: Drifblim\n|-boost|p1a: Drifblim|evasion|2\n|\n|upkeep\n|turn|3\n|\n|t:|1697802908\n|move|p2a: REINHARDT1|Gigaton Hammer|p1a: Drifblim|[miss]\n|-miss|p2a: REINHARDT1|p1a: Drifblim\n|move|p1a: Drifblim|Minimize|p1a: Drifblim\n|-boost|p1a: Drifblim|evasion|2\n|\n|upkeep\n|turn|4\n|\n|t:|1697802936\n|switch|p2a: :3|Tinkaton, F|100\/100\n|-ability|p2a: :3|Mold Breaker\n|move|p1a: Drifblim|Baton Pass|p1a: Drifblim\n|\n|t:|1697802942\n|switch|p1a: Drifblim|Drifblim, F|100\/100|[from] Baton Pass\n|\n|upkeep\n|turn|5\n|inactive|Akralt has 120 seconds left.\n|\n|t:|1697802985\n|move|p2a: :3|Thunder Wave|p1a: Drifblim|[miss]\n|-miss|p2a: :3|p1a: Drifblim\n|move|p1a: Drifblim|Substitute|p1a: Drifblim\n|-start|p1a: Drifblim|Substitute\n|-damage|p1a: Drifblim|76\/100\n|\n|upkeep\n|turn|6\n|\n|t:|1697803015\n|move|p2a: :3|Metronome|p2a: :3\n|move|p2a: :3|Withdraw|p2a: :3|[from]move: Metronome\n|-boost|p2a: :3|def|1\n|move|p1a: Drifblim|Calm Mind|p1a: Drifblim\n|-boost|p1a: Drifblim|spa|1\n|-boost|p1a: Drifblim|spd|1\n|\n|upkeep\n|turn|7\n|\n|t:|1697803022\n|move|p2a: :3|Metronome|p2a: :3\n|move|p2a: :3|Amnesia|p2a: :3|[from]move: Metronome\n|-boost|p2a: :3|spd|2\n|move|p1a: Drifblim|Calm Mind|p1a: Drifblim\n|-boost|p1a: Drifblim|spa|1\n|-boost|p1a: Drifblim|spd|1\n|\n|upkeep\n|turn|8\n|\n|t:|1697803029\n|move|p2a: :3|Metronome|p2a: :3\n|move|p2a: :3|Smog|p1a: Drifblim|[from]move: Metronome|[miss]\n|-miss|p2a: :3|p1a: Drifblim\n|move|p1a: Drifblim|Calm Mind|p1a: Drifblim\n|-boost|p1a: Drifblim|spa|1\n|-boost|p1a: Drifblim|spd|1\n|\n|upkeep\n|turn|9\n|\n|t:|1697803036\n|move|p2a: :3|Metronome|p2a: :3\n|move|p2a: :3|Razor Shell|p1a: Drifblim|[from]move: Metronome|[miss]\n|-miss|p2a: :3|p1a: Drifblim\n|move|p1a: Drifblim|Calm Mind|p1a: Drifblim\n|-boost|p1a: Drifblim|spa|1\n|-boost|p1a: Drifblim|spd|1\n|\n|upkeep\n|turn|10\n|\n|t:|1697803045\n|move|p2a: :3|Metronome|p2a: :3\n|move|p2a: :3|Power Swap|p1a: Drifblim|[from]move: Metronome\n|-swapboost|p2a: :3|p1a: Drifblim|atk, spa|[from] move: Power Swap\n|move|p1a: Drifblim|Baton Pass|p1a: Drifblim\n|\n|t:|1697803053\n|switch|p1a: Torterra|Torterra, F|100\/100|[from] Baton Pass\n|\n|upkeep\n|turn|11\n|\n|t:|1697803060\n|move|p2a: :3|Metronome|p2a: :3\n|move|p2a: :3|Shift Gear|p2a: :3|[from]move: Metronome\n|-boost|p2a: :3|spe|2\n|-boost|p2a: :3|atk|1\n|move|p1a: Torterra|Shell Smash|p1a: Torterra\n|-unboost|p1a: Torterra|def|1\n|-unboost|p1a: Torterra|spd|1\n|-boost|p1a: Torterra|atk|2\n|-boost|p1a: Torterra|spa|2\n|-boost|p1a: Torterra|spe|2\n|\n|upkeep\n|turn|12\n|\n|t:|1697803070\n|move|p2a: :3|Metronome|p2a: :3\n|move|p2a: :3|Fire Fang|p1a: Torterra|[from]move: Metronome|[miss]\n|-miss|p2a: :3|p1a: Torterra\n|move|p1a: Torterra|Shell Smash|p1a: Torterra\n|-unboost|p1a: Torterra|def|1\n|-unboost|p1a: Torterra|spd|1\n|-boost|p1a: Torterra|atk|2\n|-boost|p1a: Torterra|spa|2\n|-boost|p1a: Torterra|spe|2\n|\n|upkeep\n|turn|13\n|inactive|Akralt has 120 seconds left.\n|\n|t:|1697803096\n|move|p2a: :3|Metronome|p2a: :3\n|move|p2a: :3|Triple Axel|p1a: Torterra|[from]move: Metronome|[miss]\n|-miss|p2a: :3|p1a: Torterra\n|move|p1a: Torterra|Iron Defense|p1a: Torterra\n|-boost|p1a: Torterra|def|2\n|\n|upkeep\n|turn|14\n|inactive|Akralt has 120 seconds left.\n|\n|t:|1697803106\n|move|p2a: :3|Metronome|p2a: :3\n|move|p2a: :3|Noble Roar|p1a: Torterra|[from]move: Metronome|[miss]\n|-miss|p2a: :3|p1a: Torterra\n|move|p1a: Torterra|Giga Drain|p2a: :3\n|-resisted|p2a: :3\n|-damage|p2a: :3|84\/100\n|-enditem|p2a: :3|Red Card|[of] p1a: Torterra\n|drag|p1a: Drifblim|Drifblim, M|34\/100\n|\n|upkeep\n|turn|15\n|inactive|Akralt has 120 seconds left.\n|-message|PowerStar768 forfeited.\n|\n|win|Akralt\n|raw|PowerStar768's rating: 1085 &rarr; <strong>1065<\/strong><br \/>(-20 for losing)\n|raw|Akralt's rating: 1120 &rarr; <strong>1142<\/strong><br \/>(+22 for winning)\n|l|\u2606PowerStar768\n|l|\u2606Akralt\n|j|\u2606Akralt\n|player|p2|Akralt|falkner\n","uploadtime":1697803141,"views":14,"p1id":"powerstar768","p2id":"akralt","formatid":"gen9anythinggoes","rating":1065,"private":0,"password":""}