{"id":"gen9anythinggoes-1996349754","p1":"Swylv","p2":"CartierJr","format":"[Gen 9] Anything Goes","log":"|j|\u2606Swylv\n|j|\u2606CartierJr\n|t:|1700673636\n|gametype|singles\n|player|p1|Swylv|n|1270\n|player|p2|CartierJr|backpacker|1254\n|teamsize|p1|6\n|teamsize|p2|6\n|gen|9\n|tier|[Gen 9] Anything Goes\n|rated|\n|rule|HP Percentage Mod: HP is shown in percentages\n|rule|Endless Battle Clause: Forcing endless battles is banned\n|clearpoke\n|poke|p1|Miraidon|\n|poke|p1|Chien-Pao|\n|poke|p1|Mimikyu, M|\n|poke|p1|Urshifu-*, F|\n|poke|p1|Zacian-*|\n|poke|p1|Volcarona, M|\n|poke|p2|Ursaluna, M|\n|poke|p2|Maushold|\n|poke|p2|Arboliva, F|\n|poke|p2|Staraptor, M|\n|poke|p2|Ditto|\n|poke|p2|Farigiraf, F|\n|teampreview\n|inactive|Battle timer is ON: inactive players will automatically lose when time's up. (requested by CartierJr)\n|\n|t:|1700673670\n|start\n|switch|p1a: Volcarona|Volcarona, M|100\/100\n|switch|p2a: Maushold|Maushold|100\/100\n|turn|1\n|\n|t:|1700673683\n|move|p1a: Volcarona|Quiver Dance|p1a: Volcarona\n|-boost|p1a: Volcarona|spa|1\n|-boost|p1a: Volcarona|spd|1\n|-boost|p1a: Volcarona|spe|1\n|move|p2a: Maushold|Population Bomb|p1a: Volcarona\n|-damage|p1a: Volcarona|81\/100\n|-damage|p1a: Volcarona|63\/100\n|-status|p2a: Maushold|brn|[from] ability: Flame Body|[of] p1a: Volcarona\n|-damage|p1a: Volcarona|53\/100\n|-damage|p1a: Volcarona|45\/100\n|-damage|p1a: Volcarona|36\/100\n|-damage|p1a: Volcarona|27\/100\n|-hitcount|p1a: Volcarona|6\n|\n|-damage|p2a: Maushold|94\/100 brn|[from] brn\n|upkeep\n|turn|2\n|\n|t:|1700673703\n|move|p1a: Volcarona|Fiery Dance|p2a: Maushold\n|-damage|p2a: Maushold|0 fnt\n|faint|p2a: Maushold\n|\n|upkeep\n|\n|t:|1700673717\n|switch|p2a: Ditto|Ditto, shiny|100\/100\n|-transform|p2a: Ditto|p1a: Volcarona|[from] ability: Imposter\n|turn|3\n|\n|t:|1700673729\n|move|p2a: Ditto|Fiery Dance|p1a: Volcarona\n|-damage|p1a: Volcarona|0 fnt\n|faint|p1a: Volcarona\n|\n|upkeep\n|\n|t:|1700673736\n|switch|p1a: Urshifu|Urshifu-Rapid-Strike, F|100\/100\n|turn|4\n|\n|t:|1700673740\n|switch|p2a: Arboliva|Arboliva, F, shiny|100\/100\n|move|p1a: Urshifu|Surging Strikes|p2a: Arboliva\n|-resisted|p2a: Arboliva\n|-crit|p2a: Arboliva\n|-damage|p2a: Arboliva|91\/100\n|-fieldstart|move: Grassy Terrain|[from] ability: Seed Sower|[of] p2a: Arboliva\n|-resisted|p2a: Arboliva\n|-crit|p2a: Arboliva\n|-damage|p2a: Arboliva|82\/100\n|-resisted|p2a: Arboliva\n|-crit|p2a: Arboliva\n|-damage|p2a: Arboliva|73\/100\n|-hitcount|p2a: Arboliva|3\n|\n|-heal|p2a: Arboliva|79\/100|[from] Grassy Terrain\n|-heal|p2a: Arboliva|85\/100|[from] item: Leftovers\n|upkeep\n|turn|5\n|\n|t:|1700673759\n|move|p1a: Urshifu|Taunt|p2a: Arboliva\n|-start|p2a: Arboliva|move: Taunt\n|cant|p2a: Arboliva|move: Taunt|Strength Sap\n|\n|-heal|p2a: Arboliva|91\/100|[from] Grassy Terrain\n|-heal|p2a: Arboliva|97\/100|[from] item: Leftovers\n|upkeep\n|turn|6\n|\n|t:|1700673768\n|move|p1a: Urshifu|Brick Break|p2a: Arboliva\n|-supereffective|p2a: Arboliva\n|-damage|p2a: Arboliva|35\/100\n|move|p2a: Arboliva|Giga Drain|p1a: Urshifu\n|-supereffective|p1a: Urshifu\n|-damage|p1a: Urshifu|0 fnt\n|-heal|p2a: Arboliva|82\/100|[from] drain|[of] p1a: Urshifu\n|faint|p1a: Urshifu\n|\n|-heal|p2a: Arboliva|89\/100|[from] Grassy Terrain\n|-heal|p2a: Arboliva|95\/100|[from] item: Leftovers\n|upkeep\n|\n|t:|1700673780\n|switch|p1a: Chien-Pao|Chien-Pao|100\/100\n|-ability|p1a: Chien-Pao|Sword of Ruin\n|turn|7\n|\n|t:|1700673804\n|move|p1a: Chien-Pao|Ice Spinner|p2a: Arboliva\n|-supereffective|p2a: Arboliva\n|-damage|p2a: Arboliva|0 fnt\n|-fieldend|move: Grassy Terrain\n|faint|p2a: Arboliva\n|-damage|p1a: Chien-Pao|91\/100|[from] item: Life Orb\n|\n|upkeep\n|\n|t:|1700673815\n|switch|p2a: Staraptor|Staraptor, M|100\/100\n|turn|8\n|\n|t:|1700673821\n|move|p2a: Staraptor|Close Combat|p1a: Chien-Pao\n|-supereffective|p1a: Chien-Pao\n|-damage|p1a: Chien-Pao|0 fnt\n|-unboost|p2a: Staraptor|def|1\n|-unboost|p2a: Staraptor|spd|1\n|faint|p1a: Chien-Pao\n|\n|upkeep\n|\n|t:|1700673838\n|switch|p1a: Miraidon|Miraidon|100\/100\n|-fieldstart|move: Electric Terrain|[from] ability: Hadron Engine|[of] p1a: Miraidon\n|turn|9\n|\n|t:|1700673843\n|switch|p2a: Farigiraf|Farigiraf, F, shiny|100\/100\n|move|p1a: Miraidon|Electro Drift|p2a: Farigiraf\n|-damage|p2a: Farigiraf|21\/100\n|-enditem|p2a: Farigiraf|Sitrus Berry|[eat]\n|-heal|p2a: Farigiraf|46\/100|[from] item: Sitrus Berry\n|\n|upkeep\n|turn|10\n|\n|t:|1700673859\n|move|p2a: Farigiraf|Protect|p2a: Farigiraf\n|-singleturn|p2a: Farigiraf|Protect\n|move|p1a: Miraidon|Electro Drift|p2a: Farigiraf\n|-activate|p2a: Farigiraf|move: Protect\n|\n|-activate|p2a: Farigiraf|ability: Cud Chew\n|-enditem|p2a: Farigiraf|Sitrus Berry|[eat]\n|-heal|p2a: Farigiraf|71\/100|[from] item: Sitrus Berry\n|upkeep\n|turn|11\n|inactive|CartierJr has 120 seconds left.\n|\n|t:|1700673886\n|switch|p2a: Ursaluna|Ursaluna, M, shiny|100\/100\n|move|p1a: Miraidon|Electro Drift|p2a: Ursaluna\n|-immune|p2a: Ursaluna\n|\n|-status|p2a: Ursaluna|brn|[from] item: Flame Orb\n|upkeep\n|turn|12\n|inactive|CartierJr has 120 seconds left.\n|\n|t:|1700673902\n|switch|p1a: Mimikyu|Mimikyu, M|100\/100\n|move|p2a: Ursaluna|Facade|p1a: Mimikyu\n|-immune|p1a: Mimikyu\n|\n|-damage|p2a: Ursaluna|94\/100 brn|[from] brn\n|upkeep\n|turn|13\n|inactive|CartierJr has 120 seconds left.\n|\n|t:|1700673921\n|switch|p2a: Farigiraf|Farigiraf, F, shiny|71\/100\n|move|p1a: Mimikyu|Play Rough|p2a: Farigiraf|[miss]\n|-miss|p1a: Mimikyu|p2a: Farigiraf\n|\n|-fieldend|move: Electric Terrain\n|upkeep\n|turn|14\n|\n|t:|1700673939\n|switch|p1a: Zacian|Zacian-Crowned|100\/100\n|-ability|p1a: Zacian|Intrepid Sword|boost\n|-boost|p1a: Zacian|atk|1\n|move|p2a: Farigiraf|Trick Room|p2a: Farigiraf\n|-fieldstart|move: Trick Room|[of] p2a: Farigiraf\n|\n|upkeep\n|turn|15\n|\n|t:|1700673949\n|move|p2a: Farigiraf|Thunderbolt|p1a: Zacian\n|-damage|p1a: Zacian|80\/100\n|-status|p1a: Zacian|par\n|move|p1a: Zacian|Crunch|p2a: Farigiraf\n|-supereffective|p2a: Farigiraf\n|-damage|p2a: Farigiraf|0 fnt\n|faint|p2a: Farigiraf\n|\n|upkeep\n|\n|t:|1700673958\n|switch|p2a: Ursaluna|Ursaluna, M, shiny|94\/100 brn\n|turn|16\n|\n|t:|1700673984\n|move|p2a: Ursaluna|Facade|p1a: Zacian\n|-resisted|p1a: Zacian\n|-damage|p1a: Zacian|22\/100 par\n|move|p1a: Zacian|Behemoth Blade|p2a: Ursaluna\n|-damage|p2a: Ursaluna|29\/100 brn\n|\n|-damage|p2a: Ursaluna|22\/100 brn|[from] brn\n|upkeep\n|turn|17\n|inactive|CartierJr has 120 seconds left.\n|\n|t:|1700674000\n|move|p2a: Ursaluna|Facade|p1a: Zacian\n|-resisted|p1a: Zacian\n|-damage|p1a: Zacian|0 fnt\n|faint|p1a: Zacian\n|\n|-damage|p2a: Ursaluna|16\/100 brn|[from] brn\n|upkeep\n|inactive|Swylv has 120 seconds left.\n|\n|t:|1700674011\n|switch|p1a: Miraidon|Miraidon|100\/100\n|-fieldstart|move: Electric Terrain|[from] ability: Hadron Engine|[of] p1a: Miraidon\n|turn|18\n|\n|t:|1700674017\n|move|p2a: Ursaluna|Earthquake|p1a: Miraidon\n|-supereffective|p1a: Miraidon\n|-damage|p1a: Miraidon|0 fnt\n|faint|p1a: Miraidon\n|\n|-damage|p2a: Ursaluna|10\/100 brn|[from] brn\n|-fieldend|move: Trick Room\n|upkeep\n|\n|t:|1700674023\n|switch|p1a: Mimikyu|Mimikyu, M|100\/100\n|turn|19\n|\n|t:|1700674031\n|move|p1a: Mimikyu|Play Rough|p2a: Ursaluna\n|-crit|p2a: Ursaluna\n|-damage|p2a: Ursaluna|0 fnt\n|faint|p2a: Ursaluna\n|\n|upkeep\n|\n|t:|1700674037\n|switch|p2a: Staraptor|Staraptor, M|100\/100\n|turn|20\n|\n|t:|1700674064\n|-terastallize|p1a: Mimikyu|Ghost\n|move|p2a: Staraptor|Brave Bird|p1a: Mimikyu\n|-activate|p1a: Mimikyu|ability: Disguise\n|-damage|p1a: Mimikyu|100\/100\n|detailschange|p1a: Mimikyu|Mimikyu-Busted, M, tera:Ghost\n|-damage|p1a: Mimikyu|88\/100|[from] pokemon: Mimikyu-Busted\n|move|p1a: Mimikyu|Play Rough|p2a: Staraptor\n|-damage|p2a: Staraptor|50\/100\n|\n|upkeep\n|turn|21\n|\n|t:|1700674076\n|move|p2a: Staraptor|Brave Bird|p1a: Mimikyu\n|-damage|p1a: Mimikyu|0 fnt\n|faint|p1a: Mimikyu\n|-damage|p2a: Staraptor|27\/100|[from] Recoil\n|\n|win|CartierJr\n|raw|Swylv's rating: 1270 &rarr; <strong>1244<\/strong><br \/>(-26 for losing)\n|raw|CartierJr's rating: 1254 &rarr; <strong>1280<\/strong><br \/>(+26 for winning)\n","uploadtime":1700674086,"views":3,"p1id":"swylv","p2id":"cartierjr","formatid":"gen9anythinggoes","rating":1244,"private":0,"password":""}