{"id":"gen9anythinggoes-1997540932","p1":"smellynoob_321","p2":"Duv4","format":"[Gen 9] Anything Goes","log":"|j|\u2606smellynoob_321\n|j|\u2606Duv4\n|t:|1700822613\n|gametype|singles\n|player|p1|smellynoob_321|1|1035\n|player|p2|Duv4|266|1047\n|teamsize|p1|6\n|teamsize|p2|6\n|gen|9\n|tier|[Gen 9] Anything Goes\n|rated|\n|rule|HP Percentage Mod: HP is shown in percentages\n|rule|Endless Battle Clause: Forcing endless battles is banned\n|clearpoke\n|poke|p1|Zacian-*|\n|poke|p1|Great Tusk|\n|poke|p1|Annihilape, M|\n|poke|p1|Eternatus|\n|poke|p1|Miraidon|\n|poke|p1|Regieleki|\n|poke|p2|Calyrex-Shadow|\n|poke|p2|Drifblim, M|\n|poke|p2|Jumpluff, F|\n|poke|p2|Clefable, M|\n|poke|p2|Azelf|\n|poke|p2|Arceus|\n|teampreview\n|inactive|Battle timer is ON: inactive players will automatically lose when time's up. (requested by Duv4)\n|\n|t:|1700822638\n|start\n|switch|p1a: Great Tusk|Great Tusk|100\/100\n|switch|p2a: Drifblim|Drifblim, M|100\/100\n|turn|1\n|\n|t:|1700822642\n|move|p1a: Great Tusk|Rapid Spin|p2a: Drifblim\n|-immune|p2a: Drifblim\n|move|p2a: Drifblim|Minimize|p2a: Drifblim\n|-boost|p2a: Drifblim|evasion|2\n|\n|upkeep\n|turn|2\n|\n|t:|1700822650\n|move|p1a: Great Tusk|Headlong Rush|p2a: Drifblim\n|-immune|p2a: Drifblim\n|move|p2a: Drifblim|Minimize|p2a: Drifblim\n|-boost|p2a: Drifblim|evasion|2\n|\n|upkeep\n|turn|3\n|\n|t:|1700822658\n|-end|p1a: Great Tusk|Protosynthesis|[silent]\n|switch|p1a: Zacian|Zacian-Crowned|100\/100\n|-ability|p1a: Zacian|Intrepid Sword|boost\n|-boost|p1a: Zacian|atk|1\n|move|p2a: Drifblim|Minimize|p2a: Drifblim\n|-boost|p2a: Drifblim|evasion|2\n|\n|upkeep\n|turn|4\n|\n|t:|1700822670\n|-terastallize|p1a: Zacian|Fairy\n|move|p1a: Zacian|Tera Blast|p2a: Drifblim|[anim] Tera Blast Fairy|[miss]\n|-miss|p1a: Zacian|p2a: Drifblim\n|move|p2a: Drifblim|Calm Mind|p2a: Drifblim\n|-boost|p2a: Drifblim|spa|1\n|-boost|p2a: Drifblim|spd|1\n|\n|upkeep\n|turn|5\n|\n|t:|1700822687\n|switch|p1a: Annihilape|Annihilape, M|100\/100\n|move|p2a: Drifblim|Baton Pass|p2a: Drifblim\n|\n|t:|1700822699\n|switch|p2a: Jumpluff|Jumpluff, F|100\/100|[from] Baton Pass\n|\n|upkeep\n|turn|6\n|\n|t:|1700822711\n|move|p2a: Jumpluff|Cotton Guard|p2a: Jumpluff\n|-boost|p2a: Jumpluff|def|3\n|move|p1a: Annihilape|Drain Punch|p2a: Jumpluff\n|-resisted|p2a: Jumpluff\n|-damage|p2a: Jumpluff|92\/100\n|\n|upkeep\n|turn|7\n|\n|t:|1700822721\n|move|p2a: Jumpluff|Cotton Guard|p2a: Jumpluff\n|-boost|p2a: Jumpluff|def|3\n|move|p1a: Annihilape|Bulk Up|p1a: Annihilape\n|-boost|p1a: Annihilape|atk|1\n|-boost|p1a: Annihilape|def|1\n|\n|upkeep\n|turn|8\n|\n|t:|1700822731\n|move|p2a: Jumpluff|Baton Pass|p2a: Jumpluff\n|\n|t:|1700822733\n|switch|p2a: Clefable|Clefable, M|100\/100|[from] Baton Pass\n|move|p1a: Annihilape|Bulk Up|p1a: Annihilape\n|-boost|p1a: Annihilape|atk|1\n|-boost|p1a: Annihilape|def|1\n|\n|upkeep\n|turn|9\n|\n|t:|1700822741\n|move|p1a: Annihilape|Rage Fist|p2a: Clefable|[miss]\n|-miss|p1a: Annihilape|p2a: Clefable\n|move|p2a: Clefable|Amnesia|p2a: Clefable\n|-boost|p2a: Clefable|spd|2\n|\n|upkeep\n|turn|10\n|c|\u2606smellynoob_321|gad\\damit\n|\n|t:|1700822756\n|move|p1a: Annihilape|Gunk Shot|p2a: Clefable\n|-supereffective|p2a: Clefable\n|-damage|p2a: Clefable|83\/100\n|-status|p2a: Clefable|psn\n|move|p2a: Clefable|Baton Pass|p2a: Clefable\n|\n|t:|1700822762\n|switch|p2a: Calyrex|Calyrex-Shadow|100\/100|[from] Baton Pass\n|-ability|p2a: Calyrex|As One\n|-ability|p2a: Calyrex|Unnerve\n|\n|upkeep\n|turn|11\n|\n|t:|1700822774\n|move|p2a: Calyrex|Astral Barrage|p1a: Annihilape\n|-supereffective|p1a: Annihilape\n|-damage|p1a: Annihilape|0 fnt\n|faint|p1a: Annihilape\n|-ability|p2a: Calyrex|Grim Neigh|boost\n|-boost|p2a: Calyrex|spa|1\n|\n|upkeep\n|c|\u2606smellynoob_321|just whyyyyyyyyyyyyyyyyyyyyyyyyyyyyyyyyyyyyyyyyyyyyyyy\n|\n|t:|1700822788\n|switch|p1a: Regieleki|Regieleki|100\/100\n|turn|12\n|\n|t:|1700822807\n|switch|p1a: Miraidon|Miraidon|100\/100\n|-fieldstart|move: Electric Terrain|[from] ability: Hadron Engine|[of] p1a: Miraidon\n|-enditem|p1a: Miraidon|Electric Seed\n|-boost|p1a: Miraidon|def|1|[from] item: Electric Seed\n|move|p2a: Calyrex|Astral Barrage|p1a: Miraidon\n|-damage|p1a: Miraidon|0 fnt\n|faint|p1a: Miraidon\n|-ability|p2a: Calyrex|Grim Neigh|boost\n|-boost|p2a: Calyrex|spa|1\n|\n|upkeep\n|\n|t:|1700822819\n|switch|p1a: Regieleki|Regieleki|100\/100\n|turn|13\n|\n|t:|1700822827\n|move|p1a: Regieleki|Volt Switch|p2a: Calyrex|[miss]\n|-miss|p1a: Regieleki|p2a: Calyrex\n|move|p2a: Calyrex|Astral Barrage|p1a: Regieleki\n|-damage|p1a: Regieleki|0 fnt\n|faint|p1a: Regieleki\n|-ability|p2a: Calyrex|Grim Neigh|boost\n|-boost|p2a: Calyrex|spa|1\n|\n|upkeep\n|c|\u2606smellynoob_321|how in the fuuuuuuuuuuuuuuuuuuuuuuuuuuuuuuuuuuuuuuuuuuuuuuuuuuuuuuuuuuuuuuuuuuuuuuuuuuuuuuuuuuuuuuuuc\n|\n|t:|1700822847\n|switch|p1a: Great Tusk|Great Tusk|100\/100\n|turn|14\n|\n|t:|1700822855\n|move|p2a: Calyrex|Psychic|p1a: Great Tusk\n|-supereffective|p1a: Great Tusk\n|-damage|p1a: Great Tusk|0 fnt\n|faint|p1a: Great Tusk\n|-end|p1a: Great Tusk|Protosynthesis|[silent]\n|-ability|p2a: Calyrex|Grim Neigh|boost\n|-boost|p2a: Calyrex|spa|1\n|\n|upkeep\n|\n|t:|1700822862\n|switch|p1a: Zacian|Zacian-Crowned, tera:Fairy|100\/100\n|turn|15\n|\n|t:|1700822873\n|move|p2a: Calyrex|Astral Barrage|p1a: Zacian\n|-damage|p1a: Zacian|0 fnt\n|faint|p1a: Zacian\n|-ability|p2a: Calyrex|Grim Neigh|boost\n|-boost|p2a: Calyrex|spa|1\n|\n|upkeep\n|\n|t:|1700822885\n|switch|p1a: Eternatus|Eternatus|100\/100\n|-ability|p1a: Eternatus|Pressure\n|turn|16\n|c|\u2606smellynoob_321|gg\n|\n|t:|1700822894\n|move|p2a: Calyrex|Psychic|p1a: Eternatus\n|-supereffective|p1a: Eternatus\n|-damage|p1a: Eternatus|0 fnt\n|faint|p1a: Eternatus\n|\n|win|Duv4\n|raw|smellynoob_321's rating: 1035 &rarr; <strong>1020<\/strong><br \/>(-15 for losing)\n|raw|Duv4's rating: 1047 &rarr; <strong>1079<\/strong><br \/>(+32 for winning)\n|l|\u2606smellynoob_321\n","uploadtime":1700822843,"views":11,"p1id":"smellynoob321","p2id":"duv4","formatid":"gen9anythinggoes","rating":1020,"private":0,"password":""}