{"id":"gen9anythinggoes-1995990276","p1":"GryphonEX","p2":"scarman12","format":"[Gen 9] Anything Goes","log":"|j|\u2606GryphonEX\n|j|\u2606scarman12\n|t:|1700626121\n|gametype|singles\n|player|p1|GryphonEX|gardenia|\n|player|p2|scarman12|lance|\n|teamsize|p1|6\n|teamsize|p2|6\n|gen|9\n|tier|[Gen 9] Anything Goes\n|rule|HP Percentage Mod: HP is shown in percentages\n|rule|Endless Battle Clause: Forcing endless battles is banned\n|clearpoke\n|poke|p1|Pelipper, M|\n|poke|p1|Floatzel, F|\n|poke|p1|Golduck, F|\n|poke|p1|Azumarill, F|\n|poke|p1|Pawmot, M|\n|poke|p1|Toedscruel, F|\n|poke|p2|Arceus-Fairy|\n|poke|p2|Arceus-Dragon|\n|poke|p2|Arceus-Ghost|\n|poke|p2|Arceus-Water|\n|poke|p2|Arceus-Steel|\n|poke|p2|Arceus-Poison|\n|teampreview\n|\n|t:|1700626128\n|start\n|switch|p1a: Ghoti carrier|Pelipper, M|100\/100\n|switch|p2a: Arceus|Arceus-Steel, shiny|100\/100\n|-weather|RainDance|[from] ability: Drizzle|[of] p1a: Ghoti carrier\n|turn|1\n|\n|t:|1700626146\n|move|p2a: Arceus|Steel Beam|p1a: Ghoti carrier\n|-resisted|p1a: Ghoti carrier\n|-damage|p1a: Ghoti carrier|52\/100\n|-damage|p2a: Arceus|50\/100|[from] steelbeam\n|move|p1a: Ghoti carrier|U-turn|p2a: Arceus\n|-resisted|p2a: Arceus\n|-damage|p2a: Arceus|48\/100\n|j| Amazing UU Tester\n|\n|t:|1700626159\n|switch|p1a: Seaking Duck|Golduck, F|100\/100|[from] U-turn\n|\n|-weather|RainDance|[upkeep]\n|upkeep\n|turn|2\n|\n|t:|1700626168\n|move|p1a: Seaking Duck|Nasty Plot|p1a: Seaking Duck\n|-boost|p1a: Seaking Duck|spa|2\n|move|p2a: Arceus|Steel Beam|p1a: Seaking Duck\n|-resisted|p1a: Seaking Duck\n|-damage|p1a: Seaking Duck|50\/100\n|-damage|p2a: Arceus|0 fnt|[from] steelbeam\n|faint|p2a: Arceus\n|\n|-weather|RainDance|[upkeep]\n|upkeep\n|\n|t:|1700626183\n|switch|p2a: Arceus|Arceus-Ghost, shiny|100\/100\n|turn|3\n|\n|t:|1700626189\n|-terastallize|p2a: Arceus|Ghost\n|move|p1a: Seaking Duck|Surf|p2a: Arceus\n|-damage|p2a: Arceus|0 fnt\n|faint|p2a: Arceus\n|-damage|p1a: Seaking Duck|40\/100|[from] item: Life Orb\n|\n|-weather|RainDance|[upkeep]\n|upkeep\n|\n|t:|1700626200\n|switch|p2a: Arceus|Arceus-Fairy, shiny|100\/100\n|turn|4\n|\n|t:|1700626204\n|move|p1a: Seaking Duck|Surf|p2a: Arceus\n|-damage|p2a: Arceus|0 fnt\n|faint|p2a: Arceus\n|-damage|p1a: Seaking Duck|30\/100|[from] item: Life Orb\n|\n|-weather|RainDance|[upkeep]\n|upkeep\n|\n|t:|1700626211\n|switch|p2a: Arceus|Arceus-Poison, shiny|100\/100\n|turn|5\n|\n|t:|1700626219\n|move|p1a: Seaking Duck|Surf|p2a: Arceus\n|-damage|p2a: Arceus|0 fnt\n|faint|p2a: Arceus\n|-damage|p1a: Seaking Duck|20\/100|[from] item: Life Orb\n|\n|-weather|RainDance|[upkeep]\n|upkeep\n|\n|t:|1700626228\n|switch|p2a: Arceus|Arceus-Water, shiny|100\/100\n|turn|6\n|\n|t:|1700626232\n|move|p1a: Seaking Duck|Grass Knot|p2a: Arceus\n|-supereffective|p2a: Arceus\n|-damage|p2a: Arceus|0 fnt\n|faint|p2a: Arceus\n|-damage|p1a: Seaking Duck|10\/100|[from] item: Life Orb\n|\n|-weather|RainDance|[upkeep]\n|upkeep\n|\n|t:|1700626239\n|switch|p2a: Arceus|Arceus-Dragon, shiny|100\/100\n|turn|7\n|\n|t:|1700626244\n|-terastallize|p1a: Seaking Duck|Ice\n|move|p1a: Seaking Duck|Ice Beam|p2a: Arceus\n|-supereffective|p2a: Arceus\n|-damage|p2a: Arceus|0 fnt\n|faint|p2a: Arceus\n|-damage|p1a: Seaking Duck|0 fnt|[from] item: Life Orb\n|faint|p1a: Seaking Duck\n|\n|win|GryphonEX\n|l| Amazing UU Tester\n","uploadtime":1700626253,"views":11,"p1id":"gryphonex","p2id":"scarman12","formatid":"gen9anythinggoes","rating":0,"private":0,"password":""}