{"id":"gen9anythinggoes-1990385120","p1":"k1ng0r","p2":"Denjamin1986","format":"[Gen 9] Anything Goes","log":"|j|\u2606k1ng0r\n|j|\u2606Denjamin1986\n|t:|1699965251\n|gametype|singles\n|player|p1|k1ng0r|1|\n|player|p2|Denjamin1986|gentleman-gen4dp|\n|teamsize|p1|6\n|teamsize|p2|6\n|gen|9\n|tier|[Gen 9] Anything Goes\n|rule|HP Percentage Mod: HP is shown in percentages\n|rule|Endless Battle Clause: Forcing endless battles is banned\n|clearpoke\n|poke|p1|Volcanion|\n|poke|p1|Gliscor, F|\n|poke|p1|Glimmora, F|\n|poke|p1|Bronzong|\n|poke|p1|Electrode-Hisui|\n|poke|p1|Lokix, M|\n|poke|p2|Chandelure, M|\n|poke|p2|Kommo-o, F|\n|poke|p2|Muk, M|\n|poke|p2|Gliscor, M|\n|poke|p2|Ogerpon-Wellspring, F|\n|poke|p2|Bronzong|\n|teampreview\n|c|\u2606Denjamin1986|GL hf\n|c|\u2606k1ng0r|Viel erfolg\n|\n|t:|1699965376\n|start\n|switch|p1a: Electrode|Electrode-Hisui|100\/100\n|switch|p2a: He is Back|Gliscor, M, shiny|100\/100\n|turn|1\n|\n|t:|1699965389\n|move|p1a: Electrode|Substitute|p1a: Electrode\n|-start|p1a: Electrode|Substitute\n|-damage|p1a: Electrode|76\/100\n|move|p2a: He is Back|Spikes|p1a: Electrode\n|-sidestart|p1: k1ng0r|Spikes\n|\n|-heal|p1a: Electrode|82\/100|[from] item: Leftovers\n|-status|p2a: He is Back|tox|[from] item: Toxic Orb\n|upkeep\n|turn|2\n|\n|t:|1699965401\n|move|p1a: Electrode|Leech Seed|p2a: He is Back|[miss]\n|-miss|p1a: Electrode|p2a: He is Back\n|move|p2a: He is Back|Facade|p1a: Electrode\n|-end|p1a: Electrode|Substitute\n|\n|-heal|p1a: Electrode|88\/100|[from] item: Leftovers\n|upkeep\n|turn|3\n|\n|t:|1699965413\n|switch|p1a: Bronzong|Bronzong|100\/100\n|move|p2a: He is Back|U-turn|p1a: Bronzong\n|-damage|p1a: Bronzong|90\/100\n|\n|t:|1699965419\n|switch|p2a: Mein Buddy|Chandelure, M, shiny|100\/100|[from] U-turn\n|\n|upkeep\n|turn|4\n|\n|t:|1699965437\n|switch|p1a: Gliscor|Gliscor, F|100\/100\n|move|p2a: Mein Buddy|Flamethrower|p1a: Gliscor\n|-damage|p1a: Gliscor|56\/100\n|\n|-status|p1a: Gliscor|tox|[from] item: Toxic Orb\n|upkeep\n|turn|5\n|\n|t:|1699965446\n|move|p1a: Gliscor|Protect|p1a: Gliscor\n|-singleturn|p1a: Gliscor|Protect\n|move|p2a: Mein Buddy|Hex|p1a: Gliscor\n|-activate|p1a: Gliscor|move: Protect\n|\n|-heal|p1a: Gliscor|68\/100 tox|[from] ability: Poison Heal\n|upkeep\n|turn|6\n|\n|t:|1699965458\n|switch|p2a: Die Glocke|Bronzong, shiny|100\/100\n|switch|p1a: Volcanion|Volcanion|100\/100\n|-damage|p1a: Volcanion|88\/100|[from] Spikes\n|\n|upkeep\n|turn|7\n|\n|t:|1699965472\n|switch|p2a: Chef der Chefs|Muk, M, shiny|100\/100\n|move|p1a: Volcanion|Flame Charge|p2a: Chef der Chefs\n|-damage|p2a: Chef der Chefs|85\/100\n|-boost|p1a: Volcanion|spe|1\n|\n|upkeep\n|turn|8\n|\n|t:|1699965501\n|move|p1a: Volcanion|Steam Eruption|p2a: Chef der Chefs\n|-damage|p2a: Chef der Chefs|63\/100\n|move|p2a: Chef der Chefs|Knock Off|p1a: Volcanion\n|-damage|p1a: Volcanion|75\/100\n|-enditem|p1a: Volcanion|Assault Vest|[from] move: Knock Off|[of] p2a: Chef der Chefs\n|\n|upkeep\n|turn|9\n|\n|t:|1699965516\n|switch|p2a: So ein S\u00fc\u00dfi|Ogerpon-Wellspring, F|100\/100\n|move|p1a: Volcanion|Steam Eruption|p2a: So ein S\u00fc\u00dfi\n|-immune|p2a: So ein S\u00fc\u00dfi|[from] ability: Water Absorb\n|\n|upkeep\n|turn|10\n|\n|t:|1699965529\n|move|p2a: So ein S\u00fc\u00dfi|U-turn|p1a: Volcanion\n|-resisted|p1a: Volcanion\n|-damage|p1a: Volcanion|66\/100\n|\n|t:|1699965543\n|switch|p2a: Mein Buddy|Chandelure, M, shiny|100\/100|[from] U-turn\n|move|p1a: Volcanion|Flamethrower|p2a: Mein Buddy\n|-start|p2a: Mein Buddy|ability: Flash Fire\n|\n|upkeep\n|turn|11\n|\n|t:|1699965573\n|-end|p2a: Mein Buddy|ability: Flash Fire|[silent]\n|switch|p2a: So ein S\u00fc\u00dfi|Ogerpon-Wellspring, F|100\/100\n|move|p1a: Volcanion|Steam Eruption|p2a: So ein S\u00fc\u00dfi\n|-immune|p2a: So ein S\u00fc\u00dfi|[from] ability: Water Absorb\n|\n|upkeep\n|turn|12\n|\n|t:|1699965605\n|switch|p1a: Glimmora|Glimmora, F|100\/100\n|-damage|p1a: Glimmora|88\/100|[from] Spikes\n|move|p2a: So ein S\u00fc\u00dfi|U-turn|p1a: Glimmora\n|-resisted|p1a: Glimmora\n|-damage|p1a: Glimmora|71\/100\n|-activate|p1a: Glimmora|ability: Toxic Debris\n|-sidestart|p2: Denjamin1986|move: Toxic Spikes\n|\n|t:|1699965616\n|switch|p2a: Chef der Chefs|Muk, M, shiny|63\/100|[from] U-turn\n|-sideend|p2: Denjamin1986|move: Toxic Spikes|[of] p2a: Chef der Chefs\n|\n|upkeep\n|turn|13\n|\n|t:|1699965630\n|switch|p1a: Bronzong|Bronzong|90\/100\n|move|p2a: Chef der Chefs|Zen Headbutt|p1a: Bronzong\n|-resisted|p1a: Bronzong\n|-damage|p1a: Bronzong|87\/100\n|\n|upkeep\n|turn|14\n|\n|t:|1699965639\n|move|p2a: Chef der Chefs|Knock Off|p1a: Bronzong\n|-supereffective|p1a: Bronzong\n|-enditem|p1a: Bronzong|Colbur Berry|[eat]\n|-enditem|p1a: Bronzong|Colbur Berry|[weaken]\n|-damage|p1a: Bronzong|71\/100\n|move|p1a: Bronzong|Stealth Rock|p2a: Chef der Chefs\n|-sidestart|p2: Denjamin1986|move: Stealth Rock\n|\n|upkeep\n|turn|15\n|\n|t:|1699965662\n|move|p2a: Chef der Chefs|Knock Off|p1a: Bronzong\n|-supereffective|p1a: Bronzong\n|-damage|p1a: Bronzong|49\/100\n|move|p1a: Bronzong|Light Screen|p1a: Bronzong\n|-sidestart|p1: k1ng0r|move: Light Screen\n|\n|upkeep\n|turn|16\n|\n|t:|1699965670\n|move|p2a: Chef der Chefs|Knock Off|p1a: Bronzong\n|-supereffective|p1a: Bronzong\n|-damage|p1a: Bronzong|27\/100\n|move|p1a: Bronzong|Reflect|p1a: Bronzong\n|-sidestart|p1: k1ng0r|Reflect\n|\n|upkeep\n|turn|17\n|\n|t:|1699965681\n|switch|p1a: Gliscor|Gliscor, F|68\/100 tox\n|move|p2a: Chef der Chefs|Knock Off|p1a: Gliscor\n|-damage|p1a: Gliscor|59\/100 tox\n|-enditem|p1a: Gliscor|Toxic Orb|[from] move: Knock Off|[of] p2a: Chef der Chefs\n|\n|-heal|p1a: Gliscor|72\/100 tox|[from] ability: Poison Heal\n|upkeep\n|turn|18\n|\n|t:|1699965695\n|switch|p2a: Die Glocke|Bronzong, shiny|100\/100\n|-damage|p2a: Die Glocke|94\/100|[from] Stealth Rock\n|move|p1a: Gliscor|U-turn|p2a: Die Glocke\n|-damage|p2a: Die Glocke|83\/100\n|\n|t:|1699965709\n|switch|p1a: Lokix|Lokix, M|100\/100|[from] U-turn\n|\n|-heal|p2a: Die Glocke|89\/100|[from] item: Leftovers\n|upkeep\n|turn|19\n|\n|t:|1699965720\n|switch|p2a: He is Back|Gliscor, M, shiny|100\/100 tox\n|-damage|p2a: He is Back|88\/100 tox|[from] Stealth Rock\n|move|p1a: Lokix|Swords Dance|p1a: Lokix\n|-boost|p1a: Lokix|atk|2\n|\n|-heal|p2a: He is Back|100\/100 tox|[from] ability: Poison Heal\n|-sideend|p1: k1ng0r|move: Light Screen\n|upkeep\n|turn|20\n|\n|t:|1699965737\n|move|p1a: Lokix|Knock Off|p2a: He is Back\n|-damage|p2a: He is Back|36\/100 tox\n|-enditem|p2a: He is Back|Toxic Orb|[from] move: Knock Off|[of] p1a: Lokix\n|move|p2a: He is Back|U-turn|p1a: Lokix\n|-supereffective|p1a: Lokix\n|-damage|p1a: Lokix|78\/100\n|\n|t:|1699965749\n|switch|p2a: Macherin|Kommo-o, F, shiny|100\/100|[from] U-turn\n|-damage|p2a: Macherin|95\/100|[from] Stealth Rock\n|\n|-heal|p2a: Macherin|100\/100|[from] item: Leftovers\n|-sideend|p1: k1ng0r|Reflect\n|upkeep\n|turn|21\n|\n|t:|1699965788\n|switch|p1a: Gliscor|Gliscor, F|72\/100 tox\n|move|p2a: Macherin|Dragon Dance|p2a: Macherin\n|-boost|p2a: Macherin|atk|1\n|-boost|p2a: Macherin|spe|1\n|\n|-heal|p1a: Gliscor|84\/100 tox|[from] ability: Poison Heal\n|upkeep\n|turn|22\n|\n|t:|1699965799\n|move|p2a: Macherin|Dragon Claw|p1a: Gliscor\n|-damage|p1a: Gliscor|36\/100 tox\n|move|p1a: Gliscor|Earthquake|p2a: Macherin\n|-damage|p2a: Macherin|71\/100\n|\n|-heal|p2a: Macherin|77\/100|[from] item: Leftovers\n|-heal|p1a: Gliscor|49\/100 tox|[from] ability: Poison Heal\n|upkeep\n|turn|23\n|\n|t:|1699965833\n|switch|p1a: Bronzong|Bronzong|27\/100\n|move|p2a: Macherin|Dragon Claw|p1a: Bronzong\n|-resisted|p1a: Bronzong\n|-damage|p1a: Bronzong|9\/100\n|\n|-heal|p2a: Macherin|83\/100|[from] item: Leftovers\n|upkeep\n|turn|24\n|\n|t:|1699965844\n|move|p2a: Macherin|Dragon Claw|p1a: Bronzong\n|-resisted|p1a: Bronzong\n|-damage|p1a: Bronzong|0 fnt\n|faint|p1a: Bronzong\n|\n|-heal|p2a: Macherin|89\/100|[from] item: Leftovers\n|upkeep\n|\n|t:|1699965873\n|switch|p1a: Glimmora|Glimmora, F|71\/100\n|-damage|p1a: Glimmora|59\/100|[from] Spikes\n|turn|25\n|\n|t:|1699965879\n|move|p1a: Glimmora|Dazzling Gleam|p2a: Macherin\n|-supereffective|p2a: Macherin\n|-damage|p2a: Macherin|0 fnt\n|faint|p2a: Macherin\n|\n|upkeep\n|\n|t:|1699965912\n|switch|p2a: Chef der Chefs|Muk, M, shiny|63\/100\n|-damage|p2a: Chef der Chefs|51\/100|[from] Stealth Rock\n|turn|26\n|\n|t:|1699965928\n|switch|p1a: Gliscor|Gliscor, F|49\/100 tox\n|move|p2a: Chef der Chefs|Drain Punch|p1a: Gliscor\n|-resisted|p1a: Gliscor\n|-damage|p1a: Gliscor|40\/100 tox\n|-heal|p2a: Chef der Chefs|54\/100|[from] drain|[of] p1a: Gliscor\n|\n|-heal|p1a: Gliscor|53\/100 tox|[from] ability: Poison Heal\n|upkeep\n|turn|27\n|\n|t:|1699965945\n|switch|p2a: He is Back|Gliscor, M, shiny|36\/100 tox\n|-damage|p2a: He is Back|23\/100 tox|[from] Stealth Rock\n|move|p1a: Gliscor|Earthquake|p2a: He is Back\n|-immune|p2a: He is Back\n|\n|-heal|p2a: He is Back|36\/100 tox|[from] ability: Poison Heal\n|-heal|p1a: Gliscor|65\/100 tox|[from] ability: Poison Heal\n|upkeep\n|turn|28\n|\n|t:|1699965978\n|move|p2a: He is Back|Spikes|p1a: Gliscor\n|-sidestart|p1: k1ng0r|Spikes\n|move|p1a: Gliscor|U-turn|p2a: He is Back\n|-resisted|p2a: He is Back\n|-damage|p2a: He is Back|31\/100 tox\n|\n|t:|1699966038\n|switch|p1a: Lokix|Lokix, M|78\/100|[from] U-turn\n|\n|-heal|p2a: He is Back|43\/100 tox|[from] ability: Poison Heal\n|upkeep\n|turn|29\n|\n|t:|1699966051\n|move|p1a: Lokix|First Impression|p2a: He is Back\n|-resisted|p2a: He is Back\n|-damage|p2a: He is Back|14\/100 tox\n|move|p2a: He is Back|U-turn|p1a: Lokix\n|-supereffective|p1a: Lokix\n|-damage|p1a: Lokix|31\/100\n|\n|t:|1699966062\n|switch|p2a: So ein S\u00fc\u00dfi|Ogerpon-Wellspring, F|100\/100|[from] U-turn\n|-damage|p2a: So ein S\u00fc\u00dfi|88\/100|[from] Stealth Rock\n|\n|upkeep\n|turn|30\n|\n|t:|1699966069\n|switch|p1a: Volcanion|Volcanion|66\/100\n|-damage|p1a: Volcanion|49\/100|[from] Spikes\n|move|p2a: So ein S\u00fc\u00dfi|U-turn|p1a: Volcanion\n|-resisted|p1a: Volcanion\n|-damage|p1a: Volcanion|41\/100\n|\n|t:|1699966080\n|switch|p2a: He is Back|Gliscor, M, shiny|14\/100 tox|[from] U-turn\n|-damage|p2a: He is Back|1\/100 tox|[from] Stealth Rock\n|\n|-heal|p2a: He is Back|14\/100 tox|[from] ability: Poison Heal\n|upkeep\n|turn|31\n|\n|t:|1699966092\n|move|p2a: He is Back|Earthquake|p1a: Volcanion\n|-supereffective|p1a: Volcanion\n|-damage|p1a: Volcanion|0 fnt\n|faint|p1a: Volcanion\n|\n|-heal|p2a: He is Back|26\/100 tox|[from] ability: Poison Heal\n|upkeep\n|\n|t:|1699966163\n|switch|p1a: Lokix|Lokix, M|31\/100\n|turn|32\n|\n|t:|1699966176\n|switch|p2a: Die Glocke|Bronzong, shiny|89\/100\n|-damage|p2a: Die Glocke|83\/100|[from] Stealth Rock\n|move|p1a: Lokix|First Impression|p2a: Die Glocke\n|-damage|p2a: Die Glocke|51\/100\n|\n|-heal|p2a: Die Glocke|57\/100|[from] item: Leftovers\n|upkeep\n|turn|33\n|\n|t:|1699966212\n|move|p1a: Lokix|Leech Life|p2a: Die Glocke\n|-damage|p2a: Die Glocke|28\/100\n|-heal|p1a: Lokix|49\/100|[from] drain|[of] p2a: Die Glocke\n|move|p2a: Die Glocke|Stealth Rock|p1a: Lokix\n|-sidestart|p1: k1ng0r|move: Stealth Rock\n|\n|-heal|p2a: Die Glocke|34\/100|[from] item: Leftovers\n|upkeep\n|turn|34\n|\n|t:|1699966226\n|move|p1a: Lokix|Knock Off|p2a: Die Glocke\n|-supereffective|p2a: Die Glocke\n|-damage|p2a: Die Glocke|0 fnt\n|-enditem|p2a: Die Glocke|Leftovers|[from] move: Knock Off|[of] p1a: Lokix\n|faint|p2a: Die Glocke\n|\n|upkeep\n|\n|t:|1699966234\n|switch|p2a: So ein S\u00fc\u00dfi|Ogerpon-Wellspring, F|88\/100\n|-damage|p2a: So ein S\u00fc\u00dfi|76\/100|[from] Stealth Rock\n|turn|35\n|\n|t:|1699966244\n|switch|p1a: Gliscor|Gliscor, F|65\/100 tox\n|-damage|p1a: Gliscor|53\/100 tox|[from] Stealth Rock\n|move|p2a: So ein S\u00fc\u00dfi|Ivy Cudgel|p1a: Gliscor|[anim] Ivy Cudgel Water\n|-supereffective|p1a: Gliscor\n|-damage|p1a: Gliscor|0 fnt\n|faint|p1a: Gliscor\n|\n|upkeep\n|\n|t:|1699966255\n|switch|p1a: Electrode|Electrode-Hisui|88\/100\n|-damage|p1a: Electrode|71\/100|[from] Spikes\n|-damage|p1a: Electrode|59\/100|[from] Stealth Rock\n|turn|36\n|\n|t:|1699966279\n|move|p1a: Electrode|Volt Switch|p2a: So ein S\u00fc\u00dfi\n|-damage|p2a: So ein S\u00fc\u00dfi|42\/100\n|\n|t:|1699966286\n|switch|p1a: Glimmora|Glimmora, F|59\/100|[from] Volt Switch\n|-damage|p1a: Glimmora|42\/100|[from] Spikes\n|-damage|p1a: Glimmora|30\/100|[from] Stealth Rock\n|move|p2a: So ein S\u00fc\u00dfi|U-turn|p1a: Glimmora\n|-resisted|p1a: Glimmora\n|-damage|p1a: Glimmora|14\/100\n|-activate|p1a: Glimmora|ability: Toxic Debris\n|-sidestart|p2: Denjamin1986|move: Toxic Spikes\n|\n|t:|1699966297\n|switch|p2a: Chef der Chefs|Muk, M, shiny|54\/100|[from] U-turn\n|-damage|p2a: Chef der Chefs|42\/100|[from] Stealth Rock\n|-sideend|p2: Denjamin1986|move: Toxic Spikes|[of] p2a: Chef der Chefs\n|\n|upkeep\n|turn|37\n|\n|t:|1699966334\n|move|p1a: Glimmora|Earth Power|p2a: Chef der Chefs\n|-supereffective|p2a: Chef der Chefs\n|-damage|p2a: Chef der Chefs|13\/100\n|-unboost|p2a: Chef der Chefs|spd|1\n|move|p2a: Chef der Chefs|Poison Jab|p1a: Glimmora\n|-resisted|p1a: Glimmora\n|-damage|p1a: Glimmora|4\/100\n|-activate|p1a: Glimmora|ability: Toxic Debris\n|-sidestart|p2: Denjamin1986|move: Toxic Spikes\n|\n|upkeep\n|turn|38\n|\n|t:|1699966356\n|switch|p2a: He is Back|Gliscor, M, shiny|26\/100 tox\n|-damage|p2a: He is Back|14\/100 tox|[from] Stealth Rock\n|move|p1a: Glimmora|Earth Power|p2a: He is Back\n|-immune|p2a: He is Back\n|\n|-heal|p2a: He is Back|26\/100 tox|[from] ability: Poison Heal\n|upkeep\n|turn|39\n|\n|t:|1699966373\n|move|p1a: Glimmora|Earth Power|p2a: He is Back\n|-immune|p2a: He is Back\n|move|p2a: He is Back|Spikes|p1a: Glimmora\n|-sidestart|p1: k1ng0r|Spikes\n|\n|-heal|p2a: He is Back|38\/100 tox|[from] ability: Poison Heal\n|upkeep\n|turn|40\n|\n|t:|1699966392\n|switch|p1a: Electrode|Electrode-Hisui|59\/100\n|-damage|p1a: Electrode|34\/100|[from] Spikes\n|-damage|p1a: Electrode|22\/100|[from] Stealth Rock\n|move|p2a: He is Back|U-turn|p1a: Electrode\n|-supereffective|p1a: Electrode\n|-damage|p1a: Electrode|0 fnt\n|-damage|p2a: He is Back|14\/100 tox|[from] ability: Aftermath|[of] p1a: Electrode\n|faint|p1a: Electrode\n|\n|t:|1699966408\n|switch|p2a: Chef der Chefs|Muk, M, shiny|13\/100|[from] U-turn\n|-damage|p2a: Chef der Chefs|1\/100|[from] Stealth Rock\n|-sideend|p2: Denjamin1986|move: Toxic Spikes|[of] p2a: Chef der Chefs\n|\n|upkeep\n|\n|t:|1699966416\n|switch|p1a: Lokix|Lokix, M|49\/100\n|turn|41\n|\n|t:|1699966423\n|move|p1a: Lokix|Knock Off|p2a: Chef der Chefs\n|-damage|p2a: Chef der Chefs|0 fnt\n|-enditem|p2a: Chef der Chefs|Assault Vest|[from] move: Knock Off|[of] p1a: Lokix\n|faint|p2a: Chef der Chefs\n|\n|upkeep\n|\n|t:|1699966431\n|switch|p2a: So ein S\u00fc\u00dfi|Ogerpon-Wellspring, F|42\/100\n|-damage|p2a: So ein S\u00fc\u00dfi|30\/100|[from] Stealth Rock\n|turn|42\n|\n|t:|1699966441\n|move|p2a: So ein S\u00fc\u00dfi|Ivy Cudgel|p1a: Lokix|[anim] Ivy Cudgel Water\n|-damage|p1a: Lokix|0 fnt\n|faint|p1a: Lokix\n|\n|upkeep\n|\n|t:|1699966446\n|switch|p1a: Glimmora|Glimmora, F|4\/100\n|-damage|p1a: Glimmora|0 fnt|[from] Spikes\n|faint|p1a: Glimmora\n|\n|win|Denjamin1986\n|c|\u2606Denjamin1986|Gg\n|c|\u2606k1ng0r|Gg\n","uploadtime":1699966461,"views":11,"p1id":"k1ng0r","p2id":"denjamin1986","formatid":"gen9anythinggoes","rating":0,"private":0,"password":""}