{"id":"gen9anythinggoes-1995760822","p1":"Khryce","p2":"spierdolinka","format":"[Gen 9] Anything Goes","log":"|j|\u2606Khryce\n|j|\u2606spierdolinka\n|t:|1700600632\n|gametype|singles\n|player|p1|Khryce|preschooler|1255\n|player|p2|spierdolinka|cynthia|1312\n|teamsize|p1|6\n|teamsize|p2|6\n|gen|9\n|tier|[Gen 9] Anything Goes\n|rated|\n|rule|HP Percentage Mod: HP is shown in percentages\n|rule|Endless Battle Clause: Forcing endless battles is banned\n|clearpoke\n|poke|p1|Cinderace, F|\n|poke|p1|Mandibuzz, F|\n|poke|p1|Mudsdale, F|\n|poke|p1|Gholdengo|\n|poke|p1|Kommo-o, F|\n|poke|p1|Clefable, F|\n|poke|p2|Venomoth, M|\n|poke|p2|Cyclizar, F|\n|poke|p2|Mimikyu, M|\n|poke|p2|Corviknight, F|\n|poke|p2|Jirachi|\n|poke|p2|Zoroark-Hisui, F|\n|teampreview\n|inactive|Battle timer is ON: inactive players will automatically lose when time's up. (requested by Khryce)\n|\n|t:|1700600644\n|start\n|switch|p1a: Mudsdale|Mudsdale, F|100\/100\n|switch|p2a: Cyclizar|Cyclizar, F|100\/100\n|turn|1\n|\n|t:|1700600655\n|move|p2a: Cyclizar|Shed Tail|p2a: Cyclizar\n|-start|p2a: Cyclizar|Substitute|[from] move: Shed Tail\n|-damage|p2a: Cyclizar|50\/100\n|\n|t:|1700600661\n|switch|p2a: Corviknight|Corviknight, F|100\/100|[from] Shed Tail\n|move|p1a: Mudsdale|Heavy Slam|p2a: Corviknight\n|-resisted|p2a: Corviknight\n|-activate|p2a: Corviknight|move: Substitute|[damage]\n|\n|upkeep\n|turn|2\n|\n|t:|1700600689\n|switch|p1a: Mandibuzz|Mandibuzz, F|100\/100\n|move|p2a: Corviknight|Iron Defense|p2a: Corviknight\n|-boost|p2a: Corviknight|def|2\n|\n|upkeep\n|turn|3\n|\n|t:|1700600696\n|move|p2a: Corviknight|Iron Defense|p2a: Corviknight\n|-boost|p2a: Corviknight|def|2\n|move|p1a: Mandibuzz|Whirlwind|p2a: Corviknight\n|drag|p2a: Jirachi|Jirachi, shiny|100\/100\n|\n|upkeep\n|turn|4\n|\n|t:|1700600704\n|move|p2a: Jirachi|Trick|p1a: Mandibuzz\n|-activate|p2a: Jirachi|move: Trick|[of] p1a: Mandibuzz\n|-item|p1a: Mandibuzz|Choice Band|[from] move: Trick\n|-item|p2a: Jirachi|Heavy-Duty Boots|[from] move: Trick\n|move|p1a: Mandibuzz|Foul Play|p2a: Jirachi\n|-supereffective|p2a: Jirachi\n|-damage|p2a: Jirachi|0 fnt\n|faint|p2a: Jirachi\n|\n|upkeep\n|\n|t:|1700600716\n|switch|p2a: Cyclizar|Cyclizar, F|84\/100\n|turn|5\n|\n|t:|1700600722\n|switch|p1a: Kommo-o|Kommo-o, F|100\/100\n|move|p2a: Cyclizar|Shed Tail|p2a: Cyclizar\n|-start|p2a: Cyclizar|Substitute|[from] move: Shed Tail\n|-damage|p2a: Cyclizar|34\/100\n|\n|t:|1700600730\n|switch|p2a: Mimikyu|Mimikyu, M|100\/100|[from] Shed Tail\n|\n|upkeep\n|turn|6\n|\n|t:|1700600734\n|move|p2a: Mimikyu|Swords Dance|p2a: Mimikyu\n|-boost|p2a: Mimikyu|atk|2\n|move|p1a: Kommo-o|Roar|p2a: Mimikyu\n|drag|p2a: Venomoth|Venomoth, M|100\/100\n|\n|upkeep\n|turn|7\n|\n|t:|1700600745\n|switch|p1a: Gholdengo|Gholdengo|100\/100\n|move|p2a: Venomoth|Quiver Dance|p2a: Venomoth\n|-boost|p2a: Venomoth|spa|1\n|-boost|p2a: Venomoth|spd|1\n|-boost|p2a: Venomoth|spe|1\n|\n|upkeep\n|turn|8\n|\n|t:|1700600753\n|move|p2a: Venomoth|Bug Buzz|p1a: Gholdengo\n|-resisted|p1a: Gholdengo\n|-damage|p1a: Gholdengo|74\/100\n|move|p1a: Gholdengo|Make It Rain|p2a: Venomoth\n|-damage|p2a: Venomoth|30\/100\n|-unboost|p1a: Gholdengo|spa|1\n|\n|-heal|p2a: Venomoth|36\/100|[from] item: Leftovers\n|-heal|p1a: Gholdengo|80\/100|[from] item: Leftovers\n|upkeep\n|turn|9\n|\n|t:|1700600765\n|move|p2a: Venomoth|Substitute|p2a: Venomoth\n|-start|p2a: Venomoth|Substitute\n|-damage|p2a: Venomoth|11\/100\n|move|p1a: Gholdengo|Make It Rain|p2a: Venomoth\n|-end|p2a: Venomoth|Substitute\n|-unboost|p1a: Gholdengo|spa|1\n|\n|-heal|p2a: Venomoth|18\/100|[from] item: Leftovers\n|-heal|p1a: Gholdengo|86\/100|[from] item: Leftovers\n|upkeep\n|turn|10\n|\n|t:|1700600776\n|switch|p1a: Kommo-o|Kommo-o, F|100\/100\n|move|p2a: Venomoth|Bug Buzz|p1a: Kommo-o\n|-immune|p1a: Kommo-o|[from] ability: Soundproof\n|\n|-heal|p2a: Venomoth|24\/100|[from] item: Leftovers\n|upkeep\n|turn|11\n|\n|t:|1700600786\n|move|p2a: Venomoth|Sludge Bomb|p1a: Kommo-o\n|-crit|p1a: Kommo-o\n|-damage|p1a: Kommo-o|38\/100\n|move|p1a: Kommo-o|Roar|p2a: Venomoth\n|drag|p2a: Corviknight|Corviknight, F|100\/100\n|\n|-heal|p1a: Kommo-o|44\/100|[from] item: Leftovers\n|upkeep\n|turn|12\n|\n|t:|1700600802\n|switch|p1a: Cinderace|Cinderace, F|100\/100\n|move|p2a: Corviknight|Psychic|p1a: Cinderace\n|-damage|p1a: Cinderace|54\/100\n|\n|upkeep\n|turn|13\n|\n|t:|1700600814\n|-terastallize|p1a: Cinderace|Fire\n|move|p1a: Cinderace|Pyro Ball|p2a: Corviknight\n|-damage|p2a: Corviknight|0 fnt\n|replace|p2a: Zoroark|Zoroark-Hisui, F\n|-end|p2a: Zoroark|Illusion\n|faint|p2a: Zoroark\n|\n|upkeep\n|\n|t:|1700600821\n|switch|p2a: Cyclizar|Cyclizar, F|67\/100\n|turn|14\n|\n|t:|1700600828\n|move|p2a: Cyclizar|Draco Meteor|p1a: Cinderace\n|-damage|p1a: Cinderace|0 fnt\n|-unboost|p2a: Cyclizar|spa|2\n|faint|p1a: Cinderace\n|\n|upkeep\n|\n|t:|1700600835\n|switch|p1a: Clefable|Clefable, F|100\/100\n|turn|15\n|\n|t:|1700600840\n|switch|p2a: Corviknight|Corviknight, F|100\/100\n|move|p1a: Clefable|Ice Beam|p2a: Corviknight\n|-damage|p2a: Corviknight|65\/100\n|\n|-heal|p2a: Corviknight|72\/100|[from] item: Leftovers\n|upkeep\n|turn|16\n|\n|t:|1700600849\n|switch|p1a: Gholdengo|Gholdengo|86\/100\n|move|p2a: Corviknight|Iron Defense|p2a: Corviknight\n|-boost|p2a: Corviknight|def|2\n|\n|-heal|p1a: Gholdengo|92\/100|[from] item: Leftovers\n|-heal|p2a: Corviknight|78\/100|[from] item: Leftovers\n|upkeep\n|turn|17\n|\n|t:|1700600855\n|move|p1a: Gholdengo|Thunder|p2a: Corviknight\n|-supereffective|p2a: Corviknight\n|-damage|p2a: Corviknight|0 fnt\n|faint|p2a: Corviknight\n|\n|-heal|p1a: Gholdengo|98\/100|[from] item: Leftovers\n|upkeep\n|-message|spierdolinka forfeited.\n|\n|win|Khryce\n|raw|Khryce's rating: 1255 &rarr; <strong>1284<\/strong><br \/>(+29 for winning)\n|raw|spierdolinka's rating: 1312 &rarr; <strong>1289<\/strong><br \/>(-23 for losing)\n|l|\u2606spierdolinka\n","uploadtime":1700600870,"views":7,"p1id":"khryce","p2id":"spierdolinka","formatid":"gen9anythinggoes","rating":1284,"private":0,"password":""}