{"id":"gen9anythinggoes-1987356726","p1":"Blade Z Knights","p2":"rubbisheeric","format":"[Gen 9] Anything Goes","log":"|j|\u2606Blade Z Knights\n|j|\u203drubbisheeric\n|t:|1699581263\n|gametype|singles\n|player|p1|Blade Z Knights|giovanni|1260\n|player|p2|rubbisheeric|hiker-gen4|1375\n|teamsize|p1|6\n|teamsize|p2|6\n|gen|9\n|tier|[Gen 9] Anything Goes\n|rated|\n|rule|HP Percentage Mod: HP is shown in percentages\n|rule|Endless Battle Clause: Forcing endless battles is banned\n|clearpoke\n|poke|p1|Torterra, M|\n|poke|p1|Glimmora, F|\n|poke|p1|Ting-Lu|\n|poke|p1|Tyranitar, F|\n|poke|p1|Landorus, M|\n|poke|p1|Hippowdon, M|\n|poke|p2|Koraidon|\n|poke|p2|Miraidon|\n|poke|p2|Cloyster, F|\n|poke|p2|Zacian-*|\n|poke|p2|Toxapex, M|\n|poke|p2|Calyrex-Shadow|\n|teampreview\n|inactive|Battle timer is ON: inactive players will automatically lose when time's up. (requested by Blade Z Knights)\n|inactive|rubbisheeric has 120 seconds left.\n|\n|t:|1699581317\n|start\n|switch|p1a: Glimmora|Glimmora, F, shiny|100\/100\n|switch|p2a: Cloyster|Cloyster, F|100\/100\n|turn|1\n|\n|t:|1699581326\n|move|p1a: Glimmora|Mortal Spin|p2a: Cloyster\n|-damage|p2a: Cloyster|94\/100\n|-status|p2a: Cloyster|psn\n|move|p2a: Cloyster|Shell Smash|p2a: Cloyster\n|-unboost|p2a: Cloyster|def|1\n|-unboost|p2a: Cloyster|spd|1\n|-boost|p2a: Cloyster|atk|2\n|-boost|p2a: Cloyster|spa|2\n|-boost|p2a: Cloyster|spe|2\n|\n|-damage|p2a: Cloyster|82\/100 psn|[from] psn\n|upkeep\n|turn|2\n|\n|t:|1699581339\n|move|p2a: Cloyster|Drill Run|p1a: Glimmora\n|-supereffective|p1a: Glimmora\n|-enditem|p1a: Glimmora|Focus Sash\n|-damage|p1a: Glimmora|1\/100\n|-activate|p1a: Glimmora|ability: Toxic Debris\n|-sidestart|p2: rubbisheeric|move: Toxic Spikes\n|move|p1a: Glimmora|Flash Cannon|p2a: Cloyster\n|-damage|p2a: Cloyster|0 fnt\n|faint|p2a: Cloyster\n|\n|upkeep\n|\n|t:|1699581351\n|switch|p2a: Koraidon|Koraidon|100\/100\n|-status|p2a: Koraidon|psn\n|-weather|SunnyDay|[from] ability: Orichalcum Pulse|[of] p2a: Koraidon\n|-activate|p2a: Koraidon|Orichalcum Pulse|[source]\n|turn|3\n|\n|t:|1699581358\n|switch|p1a: Hippowdon|Hippowdon, M|100\/100\n|-weather|Sandstorm|[from] ability: Sand Stream|[of] p1a: Hippowdon\n|move|p2a: Koraidon|Collision Course|p1a: Hippowdon\n|-damage|p1a: Hippowdon|71\/100\n|\n|-weather|Sandstorm|[upkeep]\n|-damage|p2a: Koraidon|94\/100 psn|[from] Sandstorm\n|-damage|p2a: Koraidon|82\/100 psn|[from] psn\n|upkeep\n|turn|4\n|inactive|rubbisheeric has 120 seconds left.\n|\n|t:|1699581399\n|move|p2a: Koraidon|Collision Course|p1a: Hippowdon\n|-damage|p1a: Hippowdon|40\/100\n|move|p1a: Hippowdon|Earthquake|p2a: Koraidon\n|-damage|p2a: Koraidon|48\/100 psn\n|\n|-weather|Sandstorm|[upkeep]\n|-damage|p2a: Koraidon|42\/100 psn|[from] Sandstorm\n|-damage|p2a: Koraidon|30\/100 psn|[from] psn\n|upkeep\n|turn|5\n|\n|t:|1699581411\n|move|p2a: Koraidon|Collision Course|p1a: Hippowdon\n|-damage|p1a: Hippowdon|11\/100\n|move|p1a: Hippowdon|Slack Off|p1a: Hippowdon\n|-heal|p1a: Hippowdon|61\/100\n|\n|-weather|Sandstorm|[upkeep]\n|-damage|p2a: Koraidon|24\/100 psn|[from] Sandstorm\n|-damage|p2a: Koraidon|11\/100 psn|[from] psn\n|upkeep\n|turn|6\n|inactive|rubbisheeric has 120 seconds left.\n|\n|t:|1699581440\n|switch|p2a: Zacian|Zacian-Crowned|100\/100\n|-ability|p2a: Zacian|Intrepid Sword|boost\n|-boost|p2a: Zacian|atk|1\n|move|p1a: Hippowdon|Slack Off|p1a: Hippowdon\n|-heal|p1a: Hippowdon|100\/100\n|\n|-weather|Sandstorm|[upkeep]\n|upkeep\n|turn|7\n|\n|t:|1699581454\n|move|p2a: Zacian|Swords Dance|p2a: Zacian\n|-boost|p2a: Zacian|atk|2\n|move|p1a: Hippowdon|Yawn|p2a: Zacian\n|-start|p2a: Zacian|move: Yawn|[of] p1a: Hippowdon\n|\n|-weather|Sandstorm|[upkeep]\n|upkeep\n|turn|8\n|\n|t:|1699581465\n|move|p2a: Zacian|Swords Dance|p2a: Zacian\n|-boost|p2a: Zacian|atk|2\n|move|p1a: Hippowdon|Slack Off||[still]\n|-fail|p1a: Hippowdon|heal\n|\n|-weather|Sandstorm|[upkeep]\n|-end|p2a: Zacian|move: Yawn|[silent]\n|-status|p2a: Zacian|slp\n|upkeep\n|turn|9\n|\n|t:|1699581474\n|cant|p2a: Zacian|slp\n|move|p1a: Hippowdon|Earthquake|p2a: Zacian\n|-supereffective|p2a: Zacian\n|-damage|p2a: Zacian|27\/100 slp\n|\n|-weather|Sandstorm|[upkeep]\n|upkeep\n|turn|10\n|\n|t:|1699581481\n|cant|p2a: Zacian|slp\n|move|p1a: Hippowdon|Earthquake|p2a: Zacian\n|-supereffective|p2a: Zacian\n|-damage|p2a: Zacian|0 fnt\n|faint|p2a: Zacian\n|\n|-weather|none\n|upkeep\n|\n|t:|1699581485\n|switch|p2a: Toxapex|Toxapex, M|100\/100\n|-sideend|p2: rubbisheeric|move: Toxic Spikes|[of] p2a: Toxapex\n|turn|11\n|\n|t:|1699581493\n|move|p1a: Hippowdon|Yawn|p2a: Toxapex\n|-start|p2a: Toxapex|move: Yawn|[of] p1a: Hippowdon\n|move|p2a: Toxapex|Toxic|p1a: Hippowdon\n|-status|p1a: Hippowdon|tox\n|\n|-damage|p1a: Hippowdon|94\/100 tox|[from] psn\n|upkeep\n|turn|12\n|\n|t:|1699581504\n|move|p1a: Hippowdon|Earthquake|p2a: Toxapex\n|-supereffective|p2a: Toxapex\n|-damage|p2a: Toxapex|55\/100\n|move|p2a: Toxapex|Surf|p1a: Hippowdon\n|-supereffective|p1a: Hippowdon\n|-crit|p1a: Hippowdon\n|-damage|p1a: Hippowdon|44\/100 tox\n|\n|-heal|p2a: Toxapex|61\/100|[from] item: Black Sludge\n|-damage|p1a: Hippowdon|32\/100 tox|[from] psn\n|-end|p2a: Toxapex|move: Yawn|[silent]\n|-status|p2a: Toxapex|slp\n|upkeep\n|turn|13\n|\n|t:|1699581524\n|switch|p1a: Torterra|Torterra, M, shiny|100\/100\n|cant|p2a: Toxapex|slp\n|\n|-heal|p2a: Toxapex|68\/100 slp|[from] item: Black Sludge\n|upkeep\n|turn|14\n|\n|t:|1699581533\n|move|p1a: Torterra|Shell Smash|p1a: Torterra\n|-unboost|p1a: Torterra|def|1\n|-unboost|p1a: Torterra|spd|1\n|-boost|p1a: Torterra|atk|2\n|-boost|p1a: Torterra|spa|2\n|-boost|p1a: Torterra|spe|2\n|cant|p2a: Toxapex|slp\n|\n|-heal|p2a: Toxapex|74\/100 slp|[from] item: Black Sludge\n|upkeep\n|turn|15\n|\n|t:|1699581547\n|cant|p2a: Toxapex|slp\n|move|p1a: Torterra|Bullet Seed|p2a: Toxapex\n|-damage|p2a: Toxapex|61\/100 slp\n|-damage|p2a: Toxapex|47\/100 slp\n|-damage|p2a: Toxapex|31\/100 slp\n|-damage|p2a: Toxapex|17\/100 slp\n|-hitcount|p2a: Toxapex|4\n|\n|-heal|p2a: Toxapex|23\/100 slp|[from] item: Black Sludge\n|upkeep\n|turn|16\n|\n|t:|1699581559\n|-curestatus|p2a: Toxapex|slp|[msg]\n|move|p2a: Toxapex|Baneful Bunker|p2a: Toxapex\n|-singleturn|p2a: Toxapex|move: Protect\n|move|p1a: Torterra|Rock Blast|p2a: Toxapex\n|-activate|p2a: Toxapex|move: Protect\n|\n|-heal|p2a: Toxapex|29\/100|[from] item: Black Sludge\n|upkeep\n|turn|17\n|\n|t:|1699581569\n|switch|p2a: Calyrex|Calyrex-Shadow|100\/100\n|-ability|p2a: Calyrex|As One\n|-ability|p2a: Calyrex|Unnerve\n|move|p1a: Torterra|Rock Blast|p2a: Calyrex\n|-damage|p2a: Calyrex|81\/100\n|-damage|p2a: Calyrex|64\/100\n|-damage|p2a: Calyrex|46\/100\n|-damage|p2a: Calyrex|28\/100\n|-damage|p2a: Calyrex|11\/100\n|-hitcount|p2a: Calyrex|5\n|\n|upkeep\n|turn|18\n|\n|t:|1699581587\n|move|p2a: Calyrex|Astral Barrage|p1a: Torterra\n|-damage|p1a: Torterra|0 fnt\n|faint|p1a: Torterra\n|-ability|p2a: Calyrex|Grim Neigh|boost\n|-boost|p2a: Calyrex|spa|1\n|\n|upkeep\n|\n|t:|1699581597\n|switch|p1a: Ting-Lu|Ting-Lu|100\/100\n|-ability|p1a: Ting-Lu|Vessel of Ruin\n|turn|19\n|\n|t:|1699581608\n|move|p2a: Calyrex|Astral Barrage|p1a: Ting-Lu\n|-resisted|p1a: Ting-Lu\n|-damage|p1a: Ting-Lu|78\/100\n|move|p1a: Ting-Lu|Ruination|p2a: Calyrex\n|-damage|p2a: Calyrex|6\/100\n|\n|-heal|p1a: Ting-Lu|84\/100|[from] item: Leftovers\n|upkeep\n|turn|20\n|\n|t:|1699581618\n|-terastallize|p2a: Calyrex|Psychic\n|move|p2a: Calyrex|Astral Barrage|p1a: Ting-Lu\n|-resisted|p1a: Ting-Lu\n|-damage|p1a: Ting-Lu|62\/100\n|move|p1a: Ting-Lu|Earthquake|p2a: Calyrex\n|-damage|p2a: Calyrex|0 fnt\n|faint|p2a: Calyrex\n|\n|-heal|p1a: Ting-Lu|69\/100|[from] item: Leftovers\n|upkeep\n|\n|t:|1699581632\n|switch|p2a: Koraidon|Koraidon|11\/100 psn\n|-weather|SunnyDay|[from] ability: Orichalcum Pulse|[of] p2a: Koraidon\n|-activate|p2a: Koraidon|Orichalcum Pulse|[source]\n|turn|21\n|\n|t:|1699581647\n|switch|p1a: Glimmora|Glimmora, F, shiny|1\/100\n|move|p2a: Koraidon|Collision Course|p1a: Glimmora\n|-damage|p1a: Glimmora|0 fnt\n|-activate|p1a: Glimmora|ability: Toxic Debris\n|-sidestart|p2: rubbisheeric|move: Toxic Spikes\n|faint|p1a: Glimmora\n|\n|-weather|SunnyDay|[upkeep]\n|-damage|p2a: Koraidon|0 fnt|[from] psn\n|faint|p2a: Koraidon\n|upkeep\n|\n|t:|1699581661\n|switch|p2a: Miraidon|Miraidon|100\/100\n|switch|p1a: Tyranitar|Tyranitar, F, shiny|100\/100\n|-status|p2a: Miraidon|psn\n|-fieldstart|move: Electric Terrain|[from] ability: Hadron Engine|[of] p2a: Miraidon\n|-weather|Sandstorm|[from] ability: Sand Stream|[of] p1a: Tyranitar\n|turn|22\n|\n|t:|1699581679\n|switch|p1a: Ting-Lu|Ting-Lu|69\/100\n|-ability|p1a: Ting-Lu|Vessel of Ruin\n|move|p2a: Miraidon|Calm Mind|p2a: Miraidon\n|-boost|p2a: Miraidon|spa|1\n|-boost|p2a: Miraidon|spd|1\n|\n|-weather|Sandstorm|[upkeep]\n|-damage|p2a: Miraidon|94\/100 psn|[from] Sandstorm\n|-heal|p1a: Ting-Lu|75\/100|[from] item: Leftovers\n|-damage|p2a: Miraidon|82\/100 psn|[from] psn\n|upkeep\n|turn|23\n|\n|t:|1699581693\n|move|p2a: Miraidon|Dragon Pulse|p1a: Ting-Lu\n|-damage|p1a: Ting-Lu|36\/100\n|move|p1a: Ting-Lu|Whirlwind|p2a: Miraidon\n|drag|p2a: Toxapex|Toxapex, M|29\/100\n|-sideend|p2: rubbisheeric|move: Toxic Spikes|[of] p2a: Toxapex\n|\n|-weather|Sandstorm|[upkeep]\n|-damage|p2a: Toxapex|23\/100|[from] Sandstorm\n|-heal|p1a: Ting-Lu|42\/100|[from] item: Leftovers\n|-heal|p2a: Toxapex|29\/100|[from] item: Black Sludge\n|upkeep\n|turn|24\n|\n|t:|1699581706\n|move|p2a: Toxapex|Baneful Bunker|p2a: Toxapex\n|-singleturn|p2a: Toxapex|move: Protect\n|move|p1a: Ting-Lu|Earthquake|p2a: Toxapex\n|-activate|p2a: Toxapex|move: Protect\n|\n|-weather|Sandstorm|[upkeep]\n|-damage|p2a: Toxapex|23\/100|[from] Sandstorm\n|-heal|p1a: Ting-Lu|48\/100|[from] item: Leftovers\n|-heal|p2a: Toxapex|29\/100|[from] item: Black Sludge\n|upkeep\n|turn|25\n|\n|t:|1699581716\n|move|p1a: Ting-Lu|Earthquake|p2a: Toxapex\n|-supereffective|p2a: Toxapex\n|-crit|p2a: Toxapex\n|-damage|p2a: Toxapex|0 fnt\n|faint|p2a: Toxapex\n|\n|-weather|Sandstorm|[upkeep]\n|-heal|p1a: Ting-Lu|54\/100|[from] item: Leftovers\n|upkeep\n|\n|t:|1699581720\n|switch|p2a: Miraidon|Miraidon|82\/100 psn\n|-activate|p2a: Miraidon|ability: Hadron Engine\n|turn|26\n|-message|rubbisheeric forfeited.\n|\n|win|Blade Z Knights\n|raw|Blade Z Knights's rating: 1260 &rarr; <strong>1293<\/strong><br \/>(+33 for winning)\n|raw|rubbisheeric's rating: 1375 &rarr; <strong>1349<\/strong><br \/>(-26 for losing)\n|l|\u203drubbisheeric\n","uploadtime":1699581736,"views":21,"p1id":"bladezknights","p2id":"rubbisheeric","formatid":"gen9anythinggoes","rating":1293,"private":0,"password":""}