{"id":"gen9anythinggoes-1990749155","p1":"hawkman100","p2":"PersianPetter","format":"[Gen 9] Anything Goes","log":"|j|\u2606hawkman100\n|j|\u2606PersianPetter\n|t:|1699997219\n|gametype|singles\n|player|p1|hawkman100|2|1268\n|player|p2|PersianPetter|whitney|1186\n|teamsize|p1|6\n|teamsize|p2|6\n|gen|9\n|tier|[Gen 9] Anything Goes\n|rated|\n|rule|HP Percentage Mod: HP is shown in percentages\n|rule|Endless Battle Clause: Forcing endless battles is banned\n|clearpoke\n|poke|p1|Iron Bundle|\n|poke|p1|Corviknight, F|\n|poke|p1|Clodsire, M|\n|poke|p1|Calyrex-Shadow|\n|poke|p1|Arceus|\n|poke|p1|Ogerpon-Wellspring, F|\n|poke|p2|Chi-Yu|\n|poke|p2|Tyranitar, M|\n|poke|p2|Quaquaval, M|\n|poke|p2|Meowscarada, M|\n|poke|p2|Palafin, F|\n|poke|p2|Charmander, F|\n|teampreview\n|inactive|Battle timer is ON: inactive players will automatically lose when time's up. (requested by PersianPetter)\n|\n|t:|1699997227\n|start\n|switch|p1a: Iron Bundle|Iron Bundle|100\/100\n|switch|p2a: Shamoo|Palafin, F|100\/100\n|-enditem|p1a: Iron Bundle|Booster Energy\n|-activate|p1a: Iron Bundle|ability: Quark Drive|[fromitem]\n|-start|p1a: Iron Bundle|quarkdrivespe\n|turn|1\n|\n|t:|1699997237\n|move|p1a: Iron Bundle|Freeze-Dry|p2a: Shamoo\n|-supereffective|p2a: Shamoo\n|-damage|p2a: Shamoo|4\/100\n|move|p2a: Shamoo|Flip Turn|p1a: Iron Bundle\n|-resisted|p1a: Iron Bundle\n|-damage|p1a: Iron Bundle|78\/100\n|\n|t:|1699997246\n|detailschange|p2a: Shamoo|Palafin-Hero, F\n|switch|p2a: Demonfish|Chi-Yu|100\/100|[from] Flip Turn\n|-ability|p2a: Demonfish|Beads of Ruin\n|\n|upkeep\n|turn|2\n|\n|t:|1699997263\n|-terastallize|p1a: Iron Bundle|Fairy\n|move|p1a: Iron Bundle|Hydro Pump|p2a: Demonfish\n|-supereffective|p2a: Demonfish\n|-damage|p2a: Demonfish|0 fnt\n|faint|p2a: Demonfish\n|\n|upkeep\n|\n|t:|1699997275\n|switch|p2a: Timmy|Charmander, F|100\/100\n|turn|3\n|\n|t:|1699997283\n|move|p1a: Iron Bundle|Hydro Pump|p2a: Timmy\n|-supereffective|p2a: Timmy\n|-damage|p2a: Timmy|0 fnt\n|faint|p2a: Timmy\n|\n|upkeep\n|\n|t:|1699997289\n|switch|p2a: Cha Cha Slide|Quaquaval, M|100\/100\n|turn|4\n|\n|t:|1699997292\n|move|p1a: Iron Bundle|Freeze-Dry|p2a: Cha Cha Slide\n|-supereffective|p2a: Cha Cha Slide\n|-damage|p2a: Cha Cha Slide|5\/100\n|move|p2a: Cha Cha Slide|Aqua Step|p1a: Iron Bundle\n|-damage|p1a: Iron Bundle|0 fnt\n|-boost|p2a: Cha Cha Slide|spe|1\n|faint|p1a: Iron Bundle\n|-end|p1a: Iron Bundle|Quark Drive|[silent]\n|-ability|p2a: Cha Cha Slide|Moxie|boost\n|-boost|p2a: Cha Cha Slide|atk|1\n|\n|upkeep\n|\n|t:|1699997302\n|switch|p1a: Clodsire|Clodsire, M|100\/100\n|turn|5\n|\n|t:|1699997308\n|move|p2a: Cha Cha Slide|Aqua Step|p1a: Clodsire\n|-immune|p1a: Clodsire|[from] ability: Water Absorb\n|move|p1a: Clodsire|Earthquake|p2a: Cha Cha Slide\n|-damage|p2a: Cha Cha Slide|0 fnt\n|faint|p2a: Cha Cha Slide\n|\n|upkeep\n|\n|t:|1699997313\n|switch|p2a: Puf Puf Pass|Meowscarada, M|100\/100\n|turn|6\n|\n|t:|1699997318\n|move|p2a: Puf Puf Pass|Flower Trick|p1a: Clodsire\n|-crit|p1a: Clodsire\n|-damage|p1a: Clodsire|38\/100\n|move|p1a: Clodsire|Yawn|p2a: Puf Puf Pass\n|-start|p2a: Puf Puf Pass|move: Yawn|[of] p1a: Clodsire\n|\n|-heal|p1a: Clodsire|44\/100|[from] item: Black Sludge\n|upkeep\n|turn|7\n|\n|t:|1699997328\n|move|p2a: Puf Puf Pass|Flower Trick|p1a: Clodsire\n|-crit|p1a: Clodsire\n|-damage|p1a: Clodsire|0 fnt\n|faint|p1a: Clodsire\n|\n|-end|p2a: Puf Puf Pass|move: Yawn|[silent]\n|-status|p2a: Puf Puf Pass|slp\n|upkeep\n|\n|t:|1699997340\n|switch|p1a: Arceus|Arceus|100\/100\n|turn|8\n|\n|t:|1699997346\n|cant|p2a: Puf Puf Pass|slp\n|move|p1a: Arceus|Swords Dance|p1a: Arceus\n|-boost|p1a: Arceus|atk|2\n|\n|upkeep\n|turn|9\n|\n|t:|1699997353\n|cant|p2a: Puf Puf Pass|slp\n|move|p1a: Arceus|Swords Dance|p1a: Arceus\n|-boost|p1a: Arceus|atk|2\n|\n|upkeep\n|turn|10\n|\n|t:|1699997358\n|move|p1a: Arceus|Extreme Speed|p2a: Puf Puf Pass\n|-damage|p2a: Puf Puf Pass|0 fnt\n|faint|p2a: Puf Puf Pass\n|\n|upkeep\n|\n|t:|1699997362\n|switch|p2a: Shamoo|Palafin-Hero, F|4\/100\n|-activate|p2a: Shamoo|ability: Zero to Hero\n|turn|11\n|\n|t:|1699997368\n|move|p1a: Arceus|Extreme Speed|p2a: Shamoo\n|-damage|p2a: Shamoo|0 fnt\n|faint|p2a: Shamoo\n|\n|upkeep\n|\n|t:|1699997371\n|switch|p2a: Woah He Big|Tyranitar, M|100\/100\n|-weather|Sandstorm|[from] ability: Sand Stream|[of] p2a: Woah He Big\n|turn|12\n|\n|t:|1699997378\n|move|p1a: Arceus|Dragon Claw|p2a: Woah He Big\n|-damage|p2a: Woah He Big|37\/100\n|move|p2a: Woah He Big|Thunder Wave|p1a: Arceus\n|-status|p1a: Arceus|par\n|\n|-weather|Sandstorm|[upkeep]\n|-damage|p1a: Arceus|94\/100 par|[from] Sandstorm\n|-heal|p1a: Arceus|100\/100 par|[from] item: Leftovers\n|upkeep\n|turn|13\n|\n|t:|1699997388\n|move|p1a: Arceus|Extreme Speed|p2a: Woah He Big\n|-resisted|p2a: Woah He Big\n|-damage|p2a: Woah He Big|0 fnt\n|faint|p2a: Woah He Big\n|\n|win|hawkman100\n|raw|hawkman100's rating: 1268 &rarr; <strong>1287<\/strong><br \/>(+19 for winning)\n|raw|PersianPetter's rating: 1186 &rarr; <strong>1167<\/strong><br \/>(-19 for losing)\n|c|\u2606PersianPetter|gg\n|l|\u2606PersianPetter\n|c|\u2606hawkman100|gg dude\n","uploadtime":1699997442,"views":4,"p1id":"hawkman100","p2id":"persianpetter","formatid":"gen9anythinggoes","rating":1167,"private":0,"password":""}