{"id":"gen9anythinggoes-1979978751","p1":"tienlay","p2":"Dumbfudge","format":"[Gen 9] Anything Goes","log":"|j|\u2606tienlay\n|j|\u2606Dumbfudge\n|t:|1698740834\n|gametype|singles\n|player|p1|tienlay|101|1236\n|player|p2|Dumbfudge|blackbelt-gen4dp|1319\n|teamsize|p1|6\n|teamsize|p2|6\n|gen|9\n|tier|[Gen 9] Anything Goes\n|rated|\n|rule|HP Percentage Mod: HP is shown in percentages\n|rule|Endless Battle Clause: Forcing endless battles is banned\n|clearpoke\n|poke|p1|Iron Jugulis|\n|poke|p1|Torkoal, F|\n|poke|p1|Ariados, M|\n|poke|p1|Hydreigon, M|\n|poke|p1|Iron Treads|\n|poke|p1|Roaring Moon|\n|poke|p2|Breloom, F|\n|poke|p2|Espathra, M|\n|poke|p2|Giratina-Origin|\n|poke|p2|Calyrex-Shadow|\n|poke|p2|Zacian-*|\n|poke|p2|Miraidon|\n|teampreview\n|inactive|Battle timer is ON: inactive players will automatically lose when time's up. (requested by tienlay)\n|\n|t:|1698740843\n|start\n|switch|p1a: Ariados|Ariados, M|100\/100\n|switch|p2a: Miraidon|Miraidon|100\/100\n|-fieldstart|move: Electric Terrain|[from] ability: Hadron Engine|[of] p2a: Miraidon\n|turn|1\n|\n|t:|1698740851\n|-terastallize|p2a: Miraidon|Electric\n|move|p2a: Miraidon|Electro Drift|p1a: Ariados\n|-enditem|p1a: Ariados|Focus Sash\n|-damage|p1a: Ariados|1\/100\n|move|p1a: Ariados|Sticky Web|p2a: Miraidon\n|-sidestart|p2: Dumbfudge|move: Sticky Web\n|\n|upkeep\n|turn|2\n|\n|t:|1698740861\n|move|p2a: Miraidon|Volt Switch|p1a: Ariados\n|-damage|p1a: Ariados|0 fnt\n|faint|p1a: Ariados\n|\n|t:|1698740866\n|switch|p2a: Giratina|Giratina-Origin|100\/100|[from] Volt Switch\n|\n|upkeep\n|\n|t:|1698740869\n|switch|p1a: Torkoal|Torkoal, F|100\/100\n|-weather|SunnyDay|[from] ability: Drought|[of] p1a: Torkoal\n|turn|3\n|\n|t:|1698740874\n|move|p2a: Giratina|Defog|p1a: Torkoal\n|-unboost|p1a: Torkoal|evasion|1\n|-sideend|p2: Dumbfudge|Sticky Web|[from] move: Defog|[of] p2a: Giratina\n|-fieldend|move: Electric Terrain\n|move|p1a: Torkoal|Stealth Rock|p2a: Giratina\n|-sidestart|p2: Dumbfudge|move: Stealth Rock\n|\n|-weather|SunnyDay|[upkeep]\n|upkeep\n|turn|4\n|\n|t:|1698740886\n|switch|p1a: Iron Jugulis|Iron Jugulis|100\/100\n|move|p2a: Giratina|Outrage|p1a: Iron Jugulis\n|-damage|p1a: Iron Jugulis|27\/100\n|\n|-weather|SunnyDay|[upkeep]\n|-heal|p1a: Iron Jugulis|33\/100|[from] item: Leftovers\n|upkeep\n|turn|5\n|\n|t:|1698740895\n|move|p1a: Iron Jugulis|Dragon Pulse|p2a: Giratina\n|-supereffective|p2a: Giratina\n|-damage|p2a: Giratina|66\/100\n|move|p2a: Giratina|Outrage|p1a: Iron Jugulis|[from]lockedmove\n|-damage|p1a: Iron Jugulis|0 fnt\n|faint|p1a: Iron Jugulis\n|-end|p1a: Iron Jugulis|Quark Drive|[silent]\n|-start|p2a: Giratina|confusion|[fatigue]\n|\n|-weather|SunnyDay|[upkeep]\n|upkeep\n|\n|t:|1698740905\n|switch|p1a: Roaring Moon|Roaring Moon|100\/100\n|-activate|p1a: Roaring Moon|ability: Protosynthesis\n|-start|p1a: Roaring Moon|protosynthesisatk\n|turn|6\n|\n|t:|1698740911\n|move|p1a: Roaring Moon|Crunch|p2a: Giratina\n|-supereffective|p2a: Giratina\n|-damage|p2a: Giratina|5\/100\n|-activate|p2a: Giratina|confusion\n|move|p2a: Giratina|Destiny Bond|p2a: Giratina\n|-singlemove|p2a: Giratina|Destiny Bond\n|\n|-weather|SunnyDay|[upkeep]\n|upkeep\n|turn|7\n|\n|t:|1698740920\n|-end|p1a: Roaring Moon|Protosynthesis|[silent]\n|switch|p1a: Torkoal|Torkoal, F|100\/100\n|-activate|p2a: Giratina|confusion\n|move|p2a: Giratina|Defog|p1a: Torkoal\n|-unboost|p1a: Torkoal|evasion|1\n|-sideend|p2: Dumbfudge|Stealth Rock|[from] move: Defog|[of] p2a: Giratina\n|\n|-weather|none\n|upkeep\n|turn|8\n|\n|t:|1698740933\n|-activate|p2a: Giratina|confusion\n|move|p2a: Giratina|Destiny Bond|p2a: Giratina\n|-singlemove|p2a: Giratina|Destiny Bond\n|move|p1a: Torkoal|Ancient Power|p2a: Giratina\n|-damage|p2a: Giratina|0 fnt\n|faint|p2a: Giratina\n|-activate|p2a: Giratina|move: Destiny Bond\n|faint|p1a: Torkoal\n|\n|upkeep\n|\n|t:|1698740943\n|switch|p2a: Miraidon|Miraidon, tera:Electric|100\/100\n|switch|p1a: Roaring Moon|Roaring Moon|100\/100\n|-fieldstart|move: Electric Terrain|[from] ability: Hadron Engine|[of] p2a: Miraidon\n|turn|9\n|\n|t:|1698740962\n|-terastallize|p1a: Roaring Moon|Steel\n|move|p2a: Miraidon|Electro Drift|p1a: Roaring Moon\n|-damage|p1a: Roaring Moon|0 fnt\n|faint|p1a: Roaring Moon\n|-end|p1a: Roaring Moon|Protosynthesis|[silent]\n|\n|upkeep\n|-message|tienlay forfeited.\n|\n|win|Dumbfudge\n|raw|tienlay's rating: 1236 &rarr; <strong>1217<\/strong><br \/>(-19 for losing)\n|raw|Dumbfudge's rating: 1319 &rarr; <strong>1334<\/strong><br \/>(+15 for winning)\n|l|\u2606tienlay\n","uploadtime":1698740997,"views":6,"p1id":"tienlay","p2id":"dumbfudge","formatid":"gen9anythinggoes","rating":1217,"private":0,"password":""}