{"id":"gen9anythinggoes-1977174792","p1":"Hzozv","p2":"TheJoker321","format":"[Gen 9] Anything Goes","log":"|j|\u2606Hzozv\n|j|\u2606TheJoker321\n|t:|1698381113\n|gametype|singles\n|player|p1|Hzozv|lusamine-nihilego|1508\n|player|p2|TheJoker321|harlequin|1593\n|teamsize|p1|6\n|teamsize|p2|6\n|gen|9\n|tier|[Gen 9] Anything Goes\n|rated|\n|rule|HP Percentage Mod: HP is shown in percentages\n|rule|Endless Battle Clause: Forcing endless battles is banned\n|clearpoke\n|poke|p1|Gliscor, F|\n|poke|p1|Mew|\n|poke|p1|Drifblim, F|\n|poke|p1|Espeon, F|\n|poke|p1|Calyrex-Shadow|\n|poke|p1|Krookodile, M|\n|poke|p2|Rayquaza|\n|poke|p2|Ursaluna-Bloodmoon, M|\n|poke|p2|Koraidon|\n|poke|p2|Glimmora, M|\n|poke|p2|Toxapex, F|\n|poke|p2|Slowking-Galar, M|\n|teampreview\n|inactive|Battle timer is ON: inactive players will automatically lose when time's up. (requested by Hzozv)\n|\n|t:|1698381126\n|start\n|switch|p1a: Espeon|Espeon, F|100\/100\n|switch|p2a: Slowking|Slowking-Galar, M|100\/100\n|turn|1\n|\n|t:|1698381138\n|move|p1a: Espeon|Substitute|p1a: Espeon\n|-start|p1a: Espeon|Substitute\n|-damage|p1a: Espeon|76\/100\n|move|p2a: Slowking|Future Sight|p1a: Espeon\n|-start|p2a: Slowking|move: Future Sight\n|\n|-heal|p1a: Espeon|82\/100|[from] item: Leftovers\n|upkeep\n|turn|2\n|\n|t:|1698381144\n|move|p1a: Espeon|Baton Pass|p1a: Espeon\n|l|\u2606Hzozv\n|inactive|Hzozv disconnected and has a minute to reconnect!\n|player|p1|\n|j|\u2606Hzozv\n|inactive|Hzozv reconnected and has 125 seconds left.\n|player|p1|Hzozv|lusamine-nihilego\n|\n|t:|1698381172\n|switch|p1a: Gliscor|Gliscor, F|100\/100|[from] Baton Pass\n|move|p2a: Slowking|Ice Beam|p1a: Gliscor\n|-supereffective|p1a: Gliscor\n|-end|p1a: Gliscor|Substitute\n|\n|-status|p1a: Gliscor|tox|[from] item: Toxic Orb\n|upkeep\n|turn|3\n|\n|t:|1698381187\n|switch|p2a: Glimmora|Glimmora, M|100\/100\n|-terastallize|p1a: Gliscor|Water\n|move|p1a: Gliscor|Substitute|p1a: Gliscor\n|-start|p1a: Gliscor|Substitute\n|-damage|p1a: Gliscor|76\/100 tox\n|\n|-end|p1a: Gliscor|move: Future Sight\n|-crit|p1a: Gliscor\n|-end|p1a: Gliscor|Substitute\n|-heal|p1a: Gliscor|88\/100 tox|[from] ability: Poison Heal\n|upkeep\n|turn|4\n|\n|t:|1698381197\n|move|p1a: Gliscor|Taunt|p2a: Glimmora\n|-start|p2a: Glimmora|move: Taunt\n|cant|p2a: Glimmora|move: Taunt|Stealth Rock\n|\n|-heal|p1a: Gliscor|99\/100 tox|[from] ability: Poison Heal\n|upkeep\n|turn|5\n|\n|t:|1698381213\n|switch|p2a: Slay-Queen|Koraidon|100\/100\n|-weather|SunnyDay|[from] ability: Orichalcum Pulse|[of] p2a: Slay-Queen\n|-activate|p2a: Slay-Queen|Orichalcum Pulse|[source]\n|move|p1a: Gliscor|Substitute|p1a: Gliscor\n|-start|p1a: Gliscor|Substitute\n|-damage|p1a: Gliscor|75\/100 tox\n|\n|-weather|SunnyDay|[upkeep]\n|-heal|p1a: Gliscor|88\/100 tox|[from] ability: Poison Heal\n|upkeep\n|turn|6\n|\n|t:|1698381229\n|move|p2a: Slay-Queen|U-turn|p1a: Gliscor\n|-end|p1a: Gliscor|Substitute\n|\n|t:|1698381239\n|switch|p2a: Slowking|Slowking-Galar, M|100\/100|[from] U-turn\n|move|p1a: Gliscor|Agility|p1a: Gliscor\n|-boost|p1a: Gliscor|spe|2\n|\n|-weather|SunnyDay|[upkeep]\n|-heal|p1a: Gliscor|99\/100 tox|[from] ability: Poison Heal\n|upkeep\n|turn|7\n|\n|t:|1698381248\n|move|p1a: Gliscor|Substitute|p1a: Gliscor\n|-start|p1a: Gliscor|Substitute\n|-damage|p1a: Gliscor|75\/100 tox\n|move|p2a: Slowking|Future Sight|p1a: Gliscor\n|-start|p2a: Slowking|move: Future Sight\n|\n|-weather|SunnyDay|[upkeep]\n|-heal|p1a: Gliscor|87\/100 tox|[from] ability: Poison Heal\n|upkeep\n|turn|8\n|\n|t:|1698381254\n|switch|p2a: Slay-Queen|Koraidon|100\/100\n|-activate|p2a: Slay-Queen|ability: Orichalcum Pulse\n|move|p1a: Gliscor|Baton Pass|p1a: Gliscor\n|\n|t:|1698381266\n|switch|p1a: Mew|Mew|100\/100|[from] Baton Pass\n|\n|-weather|SunnyDay|[upkeep]\n|upkeep\n|turn|9\n|\n|t:|1698381288\n|move|p1a: Mew|Bulk Up|p1a: Mew\n|-boost|p1a: Mew|atk|1\n|-boost|p1a: Mew|def|1\n|move|p2a: Slay-Queen|U-turn|p1a: Mew\n|-supereffective|p1a: Mew\n|-end|p1a: Mew|Substitute\n|\n|t:|1698381298\n|switch|p2a: Toxapex|Toxapex, F|100\/100|[from] U-turn\n|\n|-weather|none\n|-end|p1a: Mew|move: Future Sight\n|-resisted|p1a: Mew\n|-damage|p1a: Mew|81\/100\n|-heal|p1a: Mew|88\/100|[from] item: Leftovers\n|upkeep\n|turn|10\n|\n|t:|1698381306\n|move|p1a: Mew|Taunt|p2a: Toxapex\n|-start|p2a: Toxapex|move: Taunt\n|move|p2a: Toxapex|Infestation|p1a: Mew\n|-supereffective|p1a: Mew\n|-damage|p1a: Mew|83\/100\n|-activate|p1a: Mew|move: Infestation|[of] p2a: Toxapex\n|\n|-heal|p1a: Mew|89\/100|[from] item: Leftovers\n|-damage|p1a: Mew|76\/100|[from] move: Infestation|[partiallytrapped]\n|upkeep\n|turn|11\n|\n|t:|1698381311\n|move|p1a: Mew|Calm Mind|p1a: Mew\n|-boost|p1a: Mew|spa|1\n|-boost|p1a: Mew|spd|1\n|move|p2a: Toxapex|Infestation|p1a: Mew\n|-supereffective|p1a: Mew\n|-damage|p1a: Mew|73\/100\n|\n|-heal|p1a: Mew|79\/100|[from] item: Leftovers\n|-damage|p1a: Mew|67\/100|[from] move: Infestation|[partiallytrapped]\n|upkeep\n|turn|12\n|\n|t:|1698381318\n|move|p1a: Mew|Bulk Up|p1a: Mew\n|-boost|p1a: Mew|atk|1\n|-boost|p1a: Mew|def|1\n|move|p2a: Toxapex|Infestation|p1a: Mew\n|-supereffective|p1a: Mew\n|-damage|p1a: Mew|63\/100\n|\n|-heal|p1a: Mew|70\/100|[from] item: Leftovers\n|-damage|p1a: Mew|57\/100|[from] move: Infestation|[partiallytrapped]\n|-end|p2a: Toxapex|move: Taunt\n|upkeep\n|turn|13\n|\n|t:|1698381328\n|move|p1a: Mew|Taunt|p2a: Toxapex\n|-start|p2a: Toxapex|move: Taunt\n|move|p2a: Toxapex|Infestation|p1a: Mew\n|-supereffective|p1a: Mew\n|-damage|p1a: Mew|54\/100\n|\n|-heal|p1a: Mew|60\/100|[from] item: Leftovers\n|-damage|p1a: Mew|48\/100|[from] move: Infestation|[partiallytrapped]\n|upkeep\n|turn|14\n|\n|t:|1698381335\n|move|p1a: Mew|Baton Pass|p1a: Mew\n|\n|t:|1698381339\n|switch|p1a: Krookodile|Krookodile, M|100\/100|[from] Baton Pass\n|move|p2a: Toxapex|Infestation|p1a: Krookodile\n|-supereffective|p1a: Krookodile\n|-damage|p1a: Krookodile|95\/100\n|\n|-end|p1a: Krookodile|Infestation|[partiallytrapped]\n|upkeep\n|turn|15\n|\n|t:|1698381353\n|switch|p2a: Glimmora|Glimmora, M|100\/100\n|move|p1a: Krookodile|Earthquake|p2a: Glimmora\n|-supereffective|p2a: Glimmora\n|-enditem|p2a: Glimmora|Focus Sash\n|-damage|p2a: Glimmora|1\/100\n|-activate|p2a: Glimmora|ability: Toxic Debris\n|-sidestart|p1: Hzozv|move: Toxic Spikes\n|\n|upkeep\n|turn|16\n|\n|t:|1698381363\n|move|p2a: Glimmora|Spiky Shield|p2a: Glimmora\n|-singleturn|p2a: Glimmora|move: Protect\n|move|p1a: Krookodile|Earthquake|p2a: Glimmora\n|-activate|p2a: Glimmora|move: Protect\n|\n|upkeep\n|turn|17\n|\n|t:|1698381379\n|move|p1a: Krookodile|Power Trip|p2a: Glimmora\n|-damage|p2a: Glimmora|0 fnt\n|-activate|p2a: Glimmora|ability: Toxic Debris\n|-sidestart|p1: Hzozv|move: Toxic Spikes\n|faint|p2a: Glimmora\n|-ability|p1a: Krookodile|Moxie|boost\n|-boost|p1a: Krookodile|atk|1\n|\n|upkeep\n|\n|t:|1698381389\n|switch|p2a: Toxapex|Toxapex, F|100\/100\n|turn|18\n|\n|t:|1698381400\n|move|p2a: Toxapex|Baneful Bunker|p2a: Toxapex\n|-singleturn|p2a: Toxapex|move: Protect\n|move|p1a: Krookodile|Taunt|p2a: Toxapex\n|-activate|p2a: Toxapex|move: Protect\n|\n|upkeep\n|turn|19\n|\n|t:|1698381406\n|move|p1a: Krookodile|Taunt|p2a: Toxapex\n|-start|p2a: Toxapex|move: Taunt\n|move|p2a: Toxapex|Infestation|p1a: Krookodile\n|-supereffective|p1a: Krookodile\n|-damage|p1a: Krookodile|90\/100\n|-activate|p1a: Krookodile|move: Infestation|[of] p2a: Toxapex\n|\n|-damage|p1a: Krookodile|77\/100|[from] move: Infestation|[partiallytrapped]\n|upkeep\n|turn|20\n|\n|t:|1698381411\n|switch|p2a: Noodle Boi|Rayquaza|100\/100\n|-ability|p2a: Noodle Boi|Air Lock\n|move|p1a: Krookodile|Earthquake|p2a: Noodle Boi\n|-immune|p2a: Noodle Boi\n|\n|-end|p1a: Krookodile|Infestation|[partiallytrapped]|[silent]\n|upkeep\n|turn|21\n|\n|t:|1698381426\n|move|p1a: Krookodile|Power Trip|p2a: Noodle Boi\n|-damage|p2a: Noodle Boi|0 fnt\n|faint|p2a: Noodle Boi\n|-ability|p1a: Krookodile|Moxie|boost\n|-boost|p1a: Krookodile|atk|1\n|\n|upkeep\n|\n|t:|1698381437\n|switch|p2a: Slay-Queen|Koraidon|100\/100\n|-weather|SunnyDay|[from] ability: Orichalcum Pulse|[of] p2a: Slay-Queen\n|-activate|p2a: Slay-Queen|Orichalcum Pulse|[source]\n|turn|22\n|\n|t:|1698381459\n|move|p1a: Krookodile|Aerial Ace|p2a: Slay-Queen\n|-supereffective|p2a: Slay-Queen\n|-damage|p2a: Slay-Queen|0 fnt\n|faint|p2a: Slay-Queen\n|-ability|p1a: Krookodile|Moxie|boost\n|-boost|p1a: Krookodile|atk|1\n|\n|-weather|SunnyDay|[upkeep]\n|upkeep\n|-message|TheJoker321 forfeited.\n|\n|win|Hzozv\n|raw|Hzozv's rating: 1508 &rarr; <strong>1534<\/strong><br \/>(+26 for winning)\n|raw|TheJoker321's rating: 1607 &rarr; <strong>1581<\/strong><br \/>(-26 for losing)\n|l|\u2606TheJoker321\n","uploadtime":1698381471,"views":6,"p1id":"hzozv","p2id":"thejoker321","formatid":"gen9anythinggoes","rating":1534,"private":0,"password":""}