{"id":"gen9anythinggoes-1974698657","p1":"hrrehahrea","p2":"ABB0011","format":"[Gen 9] Anything Goes","log":"|j|\u2606hrrehahrea\n|j|\u203dABB0011\n|t:|1698111721\n|gametype|singles\n|player|p1|hrrehahrea|2|1109\n|player|p2|ABB0011|265|1040\n|teamsize|p1|1\n|teamsize|p2|6\n|gen|9\n|tier|[Gen 9] Anything Goes\n|rated|\n|rule|HP Percentage Mod: HP is shown in percentages\n|rule|Endless Battle Clause: Forcing endless battles is banned\n|clearpoke\n|poke|p1|Garganacl, F|\n|poke|p2|Sinistcha|\n|poke|p2|Mewtwo|\n|poke|p2|Kingambit, F|\n|poke|p2|Moltres-Galar|\n|poke|p2|Urshifu-*, F|\n|poke|p2|Zamazenta-*|\n|teampreview\n|\n|t:|1698111730\n|start\n|switch|p1a: Garganacl|Garganacl, F, shiny|100\/100\n|switch|p2a: Urshifu|Urshifu-Rapid-Strike, F|100\/100\n|turn|1\n|\n|t:|1698111736\n|-terastallize|p1a: Garganacl|Ghost\n|move|p2a: Urshifu|Close Combat|p1a: Garganacl\n|-immune|p1a: Garganacl\n|move|p1a: Garganacl|Iron Defense|p1a: Garganacl\n|-boost|p1a: Garganacl|def|2\n|\n|upkeep\n|turn|2\n|\n|t:|1698111747\n|move|p2a: Urshifu|Close Combat|p1a: Garganacl\n|-immune|p1a: Garganacl\n|move|p1a: Garganacl|Iron Defense|p1a: Garganacl\n|-boost|p1a: Garganacl|def|2\n|\n|upkeep\n|turn|3\n|\n|t:|1698111759\n|switch|p2a: Mewtwo|Mewtwo|100\/100\n|-ability|p2a: Mewtwo|Pressure\n|move|p1a: Garganacl|Iron Defense|p1a: Garganacl\n|-boost|p1a: Garganacl|def|2\n|\n|upkeep\n|turn|4\n|\n|t:|1698111771\n|move|p2a: Mewtwo|Psystrike|p1a: Garganacl\n|-damage|p1a: Garganacl|90\/100\n|move|p1a: Garganacl|Salt Cure|p2a: Mewtwo\n|-damage|p2a: Mewtwo|88\/100\n|-start|p2a: Mewtwo|Salt Cure\n|\n|-heal|p1a: Garganacl|96\/100|[from] item: Leftovers\n|-damage|p2a: Mewtwo|75\/100|[from] Salt Cure\n|upkeep\n|turn|5\n|\n|t:|1698111785\n|move|p2a: Mewtwo|Earthquake|p1a: Garganacl\n|-damage|p1a: Garganacl|92\/100\n|move|p1a: Garganacl|Body Press|p2a: Mewtwo\n|-resisted|p2a: Mewtwo\n|-damage|p2a: Mewtwo|36\/100\n|\n|-heal|p1a: Garganacl|98\/100|[from] item: Leftovers\n|-damage|p2a: Mewtwo|24\/100|[from] Salt Cure\n|upkeep\n|turn|6\n|\n|t:|1698111799\n|switch|p2a: Zamazenta|Zamazenta-Crowned|100\/100\n|-ability|p2a: Zamazenta|Dauntless Shield|boost\n|-boost|p2a: Zamazenta|def|1\n|move|p1a: Garganacl|Body Press|p2a: Zamazenta\n|-supereffective|p2a: Zamazenta\n|-damage|p2a: Zamazenta|13\/100\n|\n|-heal|p1a: Garganacl|100\/100|[from] item: Leftovers\n|upkeep\n|turn|7\n|\n|t:|1698111811\n|move|p2a: Zamazenta|Moonblast|p1a: Garganacl\n|-damage|p1a: Garganacl|89\/100\n|move|p1a: Garganacl|Body Press|p2a: Zamazenta\n|-supereffective|p2a: Zamazenta\n|-damage|p2a: Zamazenta|0 fnt\n|faint|p2a: Zamazenta\n|\n|-heal|p1a: Garganacl|95\/100|[from] item: Leftovers\n|upkeep\n|\n|t:|1698111822\n|switch|p2a: Moltres|Moltres-Galar|100\/100\n|turn|8\n|\n|t:|1698111827\n|move|p2a: Moltres|Brave Bird|p1a: Garganacl\n|-damage|p1a: Garganacl|88\/100\n|-damage|p2a: Moltres|98\/100|[from] Recoil\n|move|p1a: Garganacl|Salt Cure|p2a: Moltres\n|-supereffective|p2a: Moltres\n|-damage|p2a: Moltres|70\/100\n|-start|p2a: Moltres|Salt Cure\n|\n|-heal|p1a: Garganacl|94\/100|[from] item: Leftovers\n|-damage|p2a: Moltres|58\/100|[from] Salt Cure\n|upkeep\n|turn|9\n|\n|t:|1698111844\n|move|p2a: Moltres|Hurricane|p1a: Garganacl\n|-damage|p1a: Garganacl|64\/100\n|move|p1a: Garganacl|Body Press|p2a: Moltres\n|-damage|p2a: Moltres|0 fnt\n|faint|p2a: Moltres\n|\n|-heal|p1a: Garganacl|70\/100|[from] item: Leftovers\n|upkeep\n|\n|t:|1698111856\n|switch|p2a: Kingambit|Kingambit, F, shiny|100\/100\n|-activate|p2a: Kingambit|ability: Supreme Overlord\n|-start|p2a: Kingambit|fallen2|[silent]\n|turn|10\n|\n|t:|1698111861\n|move|p2a: Kingambit|Kowtow Cleave|p1a: Garganacl\n|-supereffective|p1a: Garganacl\n|-damage|p1a: Garganacl|44\/100\n|move|p1a: Garganacl|Body Press|p2a: Kingambit\n|-supereffective|p2a: Kingambit\n|-damage|p2a: Kingambit|0 fnt\n|faint|p2a: Kingambit\n|-end|p2a: Kingambit|fallen2|[silent]\n|\n|-heal|p1a: Garganacl|50\/100|[from] item: Leftovers\n|upkeep\n|\n|t:|1698111872\n|switch|p2a: Sinistcha|Sinistcha, shiny|100\/100\n|turn|11\n|\n|t:|1698111878\n|move|p2a: Sinistcha|Foul Play|p1a: Garganacl\n|-supereffective|p1a: Garganacl\n|-damage|p1a: Garganacl|43\/100\n|move|p1a: Garganacl|Recover|p1a: Garganacl\n|-heal|p1a: Garganacl|93\/100\n|\n|-heal|p1a: Garganacl|99\/100|[from] item: Leftovers\n|upkeep\n|turn|12\n|\n|t:|1698111888\n|move|p2a: Sinistcha|Foul Play|p1a: Garganacl\n|-supereffective|p1a: Garganacl\n|-damage|p1a: Garganacl|92\/100\n|move|p1a: Garganacl|Salt Cure|p2a: Sinistcha\n|-damage|p2a: Sinistcha|87\/100\n|-start|p2a: Sinistcha|Salt Cure\n|\n|-heal|p1a: Garganacl|98\/100|[from] item: Leftovers\n|-damage|p2a: Sinistcha|75\/100|[from] Salt Cure\n|upkeep\n|turn|13\n|\n|t:|1698111906\n|switch|p2a: Urshifu|Urshifu-Rapid-Strike, F|100\/100\n|move|p1a: Garganacl|Salt Cure|p2a: Urshifu\n|-resisted|p2a: Urshifu\n|-damage|p2a: Urshifu|95\/100\n|-start|p2a: Urshifu|Salt Cure\n|\n|-heal|p1a: Garganacl|100\/100|[from] item: Leftovers\n|-damage|p2a: Urshifu|70\/100|[from] Salt Cure\n|upkeep\n|turn|14\n|\n|t:|1698111920\n|move|p2a: Urshifu|Surging Strikes|p1a: Garganacl\n|-crit|p1a: Garganacl\n|-damage|p1a: Garganacl|89\/100\n|-crit|p1a: Garganacl\n|-damage|p1a: Garganacl|76\/100\n|-crit|p1a: Garganacl\n|-damage|p1a: Garganacl|64\/100\n|-hitcount|p1a: Garganacl|3\n|move|p1a: Garganacl|Body Press|p2a: Urshifu\n|-damage|p2a: Urshifu|0 fnt\n|faint|p2a: Urshifu\n|\n|-heal|p1a: Garganacl|70\/100|[from] item: Leftovers\n|upkeep\n|\n|t:|1698111932\n|switch|p2a: Sinistcha|Sinistcha, shiny|75\/100\n|turn|15\n|\n|t:|1698111938\n|move|p2a: Sinistcha|Foul Play|p1a: Garganacl\n|-supereffective|p1a: Garganacl\n|-damage|p1a: Garganacl|62\/100\n|move|p1a: Garganacl|Salt Cure|p2a: Sinistcha\n|-damage|p2a: Sinistcha|62\/100\n|-start|p2a: Sinistcha|Salt Cure\n|\n|-heal|p1a: Garganacl|68\/100|[from] item: Leftovers\n|-damage|p2a: Sinistcha|50\/100|[from] Salt Cure\n|upkeep\n|turn|16\n|\n|t:|1698111950\n|move|p2a: Sinistcha|Hyper Beam|p1a: Garganacl\n|-immune|p1a: Garganacl\n|move|p1a: Garganacl|Recover|p1a: Garganacl\n|-heal|p1a: Garganacl|100\/100\n|\n|-damage|p2a: Sinistcha|37\/100|[from] Salt Cure\n|upkeep\n|turn|17\n|\n|t:|1698111961\n|move|p2a: Sinistcha|Foul Play|p1a: Garganacl\n|-supereffective|p1a: Garganacl\n|-damage|p1a: Garganacl|94\/100\n|move|p1a: Garganacl|Salt Cure|p2a: Sinistcha\n|-damage|p2a: Sinistcha|24\/100\n|\n|-heal|p1a: Garganacl|99\/100|[from] item: Leftovers\n|-damage|p2a: Sinistcha|12\/100|[from] Salt Cure\n|upkeep\n|turn|18\n|\n|t:|1698111971\n|-terastallize|p2a: Sinistcha|Grass\n|move|p2a: Sinistcha|Matcha Gotcha|p1a: Garganacl\n|-crit|p1a: Garganacl\n|-damage|p1a: Garganacl|57\/100\n|-heal|p2a: Sinistcha|39\/100|[from] drain|[of] p1a: Garganacl\n|move|p1a: Garganacl|Salt Cure|p2a: Sinistcha\n|-damage|p2a: Sinistcha|25\/100\n|\n|-heal|p1a: Garganacl|63\/100|[from] item: Leftovers\n|-damage|p2a: Sinistcha|12\/100|[from] Salt Cure\n|upkeep\n|turn|19\n|\n|t:|1698111981\n|move|p2a: Sinistcha|Matcha Gotcha|p1a: Garganacl\n|-damage|p1a: Garganacl|36\/100\n|-heal|p2a: Sinistcha|30\/100|[from] drain|[of] p1a: Garganacl\n|move|p1a: Garganacl|Recover|p1a: Garganacl\n|-heal|p1a: Garganacl|86\/100\n|\n|-heal|p1a: Garganacl|92\/100|[from] item: Leftovers\n|-damage|p2a: Sinistcha|18\/100|[from] Salt Cure\n|upkeep\n|turn|20\n|\n|t:|1698111991\n|move|p2a: Sinistcha|Matcha Gotcha|p1a: Garganacl\n|-damage|p1a: Garganacl|62\/100\n|-heal|p2a: Sinistcha|37\/100|[from] drain|[of] p1a: Garganacl\n|move|p1a: Garganacl|Salt Cure|p2a: Sinistcha\n|-damage|p2a: Sinistcha|22\/100\n|\n|-heal|p1a: Garganacl|68\/100|[from] item: Leftovers\n|-damage|p2a: Sinistcha|10\/100|[from] Salt Cure\n|upkeep\n|turn|21\n|\n|t:|1698112002\n|move|p2a: Sinistcha|Leaf Storm|p1a: Garganacl\n|-damage|p1a: Garganacl|23\/100\n|-unboost|p2a: Sinistcha|spa|2\n|move|p1a: Garganacl|Salt Cure|p2a: Sinistcha\n|-damage|p2a: Sinistcha|0 fnt\n|faint|p2a: Sinistcha\n|\n|-heal|p1a: Garganacl|29\/100|[from] item: Leftovers\n|upkeep\n|\n|t:|1698112011\n|switch|p2a: Mewtwo|Mewtwo|24\/100\n|-ability|p2a: Mewtwo|Pressure\n|turn|22\n|\n|t:|1698112020\n|move|p2a: Mewtwo|Blizzard|p1a: Garganacl\n|-damage|p1a: Garganacl|3\/100\n|move|p1a: Garganacl|Recover|p1a: Garganacl\n|-heal|p1a: Garganacl|53\/100\n|\n|-heal|p1a: Garganacl|59\/100|[from] item: Leftovers\n|upkeep\n|turn|23\n|\n|t:|1698112028\n|move|p2a: Mewtwo|Blizzard|p1a: Garganacl\n|-damage|p1a: Garganacl|34\/100\n|move|p1a: Garganacl|Recover|p1a: Garganacl\n|-heal|p1a: Garganacl|84\/100\n|\n|-heal|p1a: Garganacl|90\/100|[from] item: Leftovers\n|upkeep\n|turn|24\n|\n|t:|1698112040\n|move|p2a: Mewtwo|Fire Blast|p1a: Garganacl|[miss]\n|-miss|p2a: Mewtwo|p1a: Garganacl\n|move|p1a: Garganacl|Salt Cure|p2a: Mewtwo\n|-damage|p2a: Mewtwo|10\/100\n|-start|p2a: Mewtwo|Salt Cure\n|\n|-heal|p1a: Garganacl|96\/100|[from] item: Leftovers\n|-damage|p2a: Mewtwo|0 fnt|[from] Salt Cure\n|faint|p2a: Mewtwo\n|\n|win|hrrehahrea\n|upkeep\n|raw|hrrehahrea's rating: 1132 &rarr; <strong>1151<\/strong><br \/>(+19 for winning)\n|raw|ABB0011's rating: 1040 &rarr; <strong>1028<\/strong><br \/>(-12 for losing)\n|l|\u203dABB0011\n","uploadtime":1698112057,"views":8,"p1id":"hrrehahrea","p2id":"abb0011","formatid":"gen9anythinggoes","rating":1028,"private":0,"password":""}