{"id":"gen9anythinggoes-1971550528","p1":"AurenTheAbsolute","p2":"saltyfur","format":"[Gen 9] Anything Goes","log":"|j|\u2606AurenTheAbsolute\n|j|\u2606saltyfur\n|t:|1697747594\n|gametype|singles\n|player|p1|AurenTheAbsolute|gambler|1066\n|player|p2|saltyfur|101|1158\n|teamsize|p1|6\n|teamsize|p2|6\n|gen|9\n|tier|[Gen 9] Anything Goes\n|rated|\n|rule|HP Percentage Mod: HP is shown in percentages\n|rule|Endless Battle Clause: Forcing endless battles is banned\n|clearpoke\n|poke|p1|Pikachu, M|\n|poke|p1|Drifblim, F|\n|poke|p1|Pikachu, M|\n|poke|p1|Calyrex-Shadow|\n|poke|p1|Glimmora, M|\n|poke|p1|Ogerpon-Hearthflame, F|\n|poke|p2|Ribombee, M|\n|poke|p2|Volcarona, F|\n|poke|p2|Frosmoth, F|\n|poke|p2|Kleavor, M|\n|poke|p2|Lokix, M|\n|poke|p2|Heracross, M|\n|teampreview\n|\n|t:|1697747598\n|start\n|switch|p1a: Drifblim|Drifblim, F|100\/100\n|switch|p2a: Ribombee|Ribombee, M, shiny|100\/100\n|turn|1\n|\n|t:|1697747609\n|move|p2a: Ribombee|Sticky Web|p1a: Drifblim\n|-sidestart|p1: AurenTheAbsolute|move: Sticky Web\n|move|p1a: Drifblim|Minimize|p1a: Drifblim\n|-boost|p1a: Drifblim|evasion|2\n|\n|upkeep\n|turn|2\n|\n|t:|1697747621\n|move|p2a: Ribombee|Stun Spore|p1a: Drifblim\n|-status|p1a: Drifblim|par\n|move|p1a: Drifblim|Minimize|p1a: Drifblim\n|-boost|p1a: Drifblim|evasion|2\n|\n|upkeep\n|turn|3\n|\n|t:|1697747628\n|move|p2a: Ribombee|Moonblast|p1a: Drifblim|[miss]\n|-miss|p2a: Ribombee|p1a: Drifblim\n|move|p1a: Drifblim|Minimize|p1a: Drifblim\n|-boost|p1a: Drifblim|evasion|2\n|\n|upkeep\n|turn|4\n|\n|t:|1697747637\n|move|p2a: Ribombee|Moonblast|p1a: Drifblim\n|-damage|p1a: Drifblim|63\/100 par\n|move|p1a: Drifblim|Calm Mind|p1a: Drifblim\n|-boost|p1a: Drifblim|spa|1\n|-boost|p1a: Drifblim|spd|1\n|\n|upkeep\n|turn|5\n|\n|t:|1697747644\n|move|p2a: Ribombee|Moonblast|p1a: Drifblim\n|-damage|p1a: Drifblim|40\/100 par\n|cant|p1a: Drifblim|par\n|\n|upkeep\n|turn|6\n|\n|t:|1697747649\n|move|p2a: Ribombee|Moonblast|p1a: Drifblim|[miss]\n|-miss|p2a: Ribombee|p1a: Drifblim\n|move|p1a: Drifblim|Baton Pass|p1a: Drifblim\n|\n|t:|1697747657\n|switch|p1a: Ogerpon|Ogerpon-Hearthflame, F|100\/100|[from] Baton Pass\n|-activate|p1a: Ogerpon|move: Sticky Web\n|-unboost|p1a: Ogerpon|spe|1\n|-ability|p1a: Ogerpon|Mold Breaker\n|\n|upkeep\n|turn|7\n|\n|t:|1697747671\n|-terastallize|p1a: Ogerpon|Fire\n|detailschange|p1a: Ogerpon|Ogerpon-Hearthflame-Tera, F, tera:Fire\n|-ability|p1a: Ogerpon|Embody Aspect (Hearthflame)|boost\n|-boost|p1a: Ogerpon|atk|1\n|move|p2a: Ribombee|Stun Spore|p1a: Ogerpon|[miss]\n|-miss|p2a: Ribombee|p1a: Ogerpon\n|move|p1a: Ogerpon|Trailblaze|p2a: Ribombee\n|-resisted|p2a: Ribombee\n|-damage|p2a: Ribombee|60\/100\n|-boost|p1a: Ogerpon|spe|1\n|\n|upkeep\n|turn|8\n|\n|t:|1697747684\n|move|p2a: Ribombee|Stun Spore|p1a: Ogerpon\n|-status|p1a: Ogerpon|par\n|move|p1a: Ogerpon|Ivy Cudgel|p2a: Ribombee\n|-supereffective|p2a: Ribombee\n|-damage|p2a: Ribombee|0 fnt\n|faint|p2a: Ribombee\n|\n|upkeep\n|\n|t:|1697747692\n|switch|p2a: Kleavor|Kleavor, M|100\/100\n|turn|9\n|\n|t:|1697747701\n|move|p2a: Kleavor|Stone Axe|p1a: Ogerpon\n|-supereffective|p1a: Ogerpon\n|-damage|p1a: Ogerpon|0 fnt\n|-sidestart|p1: AurenTheAbsolute|move: Stealth Rock\n|faint|p1a: Ogerpon\n|\n|upkeep\n|\n|t:|1697747708\n|switch|p1a: Pikachu|Pikachu, M|100\/100\n|-activate|p1a: Pikachu|move: Sticky Web\n|-unboost|p1a: Pikachu|spe|1\n|-damage|p1a: Pikachu|88\/100|[from] Stealth Rock\n|turn|10\n|\n|t:|1697747721\n|switch|p2a: Frosmoth|Frosmoth, F|100\/100\n|move|p1a: Pikachu|Fake Out|p2a: Frosmoth\n|-damage|p2a: Frosmoth|79\/100\n|\n|upkeep\n|turn|11\n|\n|t:|1697747735\n|-terastallize|p2a: Frosmoth|Ground\n|move|p1a: Pikachu|Quick Attack|p2a: Frosmoth\n|-damage|p2a: Frosmoth|58\/100\n|move|p2a: Frosmoth|Tera Blast|p1a: Pikachu|[anim] Tera Blast Ground\n|-supereffective|p1a: Pikachu\n|-damage|p1a: Pikachu|0 fnt\n|faint|p1a: Pikachu\n|\n|upkeep\n|\n|t:|1697747771\n|switch|p1a: Drifblim|Drifblim, F|40\/100 par\n|-damage|p1a: Drifblim|15\/100 par|[from] Stealth Rock\n|turn|12\n|\n|t:|1697747778\n|move|p2a: Frosmoth|Ice Beam|p1a: Drifblim\n|-supereffective|p1a: Drifblim\n|-damage|p1a: Drifblim|0 fnt\n|faint|p1a: Drifblim\n|\n|upkeep\n|\n|t:|1697747782\n|switch|p1a: Calyrex|Calyrex-Shadow|100\/100\n|-ability|p1a: Calyrex|As One\n|-ability|p1a: Calyrex|Unnerve\n|-activate|p1a: Calyrex|move: Sticky Web\n|-unboost|p1a: Calyrex|spe|1\n|-damage|p1a: Calyrex|88\/100|[from] Stealth Rock\n|turn|13\n|\n|t:|1697747796\n|move|p1a: Calyrex|Leech Seed|p2a: Frosmoth\n|-start|p2a: Frosmoth|move: Leech Seed\n|move|p2a: Frosmoth|Ice Beam|p1a: Calyrex\n|-damage|p1a: Calyrex|40\/100\n|\n|-damage|p2a: Frosmoth|45\/100|[from] Leech Seed|[of] p1a: Calyrex\n|-heal|p1a: Calyrex|51\/100|[silent]\n|upkeep\n|turn|14\n|\n|t:|1697747807\n|move|p1a: Calyrex|Astral Barrage|p2a: Frosmoth\n|-damage|p2a: Frosmoth|0 fnt\n|faint|p2a: Frosmoth\n|-ability|p1a: Calyrex|Grim Neigh|boost\n|-boost|p1a: Calyrex|spa|1\n|\n|upkeep\n|\n|t:|1697747816\n|switch|p2a: Lokix|Lokix, M|100\/100\n|turn|15\n|\n|t:|1697747820\n|move|p2a: Lokix|First Impression|p1a: Calyrex\n|-damage|p1a: Calyrex|0 fnt\n|faint|p1a: Calyrex\n|\n|upkeep\n|\n|t:|1697747825\n|switch|p1a: Glimmora|Glimmora, M|100\/100\n|-activate|p1a: Glimmora|move: Sticky Web\n|-unboost|p1a: Glimmora|spe|1\n|-damage|p1a: Glimmora|88\/100|[from] Stealth Rock\n|turn|16\n|\n|t:|1697747832\n|move|p2a: Lokix|Knock Off|p1a: Glimmora\n|-crit|p1a: Glimmora\n|-damage|p1a: Glimmora|24\/100\n|-activate|p1a: Glimmora|ability: Toxic Debris\n|-sidestart|p2: saltyfur|move: Toxic Spikes\n|-enditem|p1a: Glimmora|Focus Band|[from] move: Knock Off|[of] p2a: Lokix\n|move|p1a: Glimmora|Mortal Spin|p2a: Lokix\n|-damage|p2a: Lokix|92\/100\n|-status|p2a: Lokix|psn\n|-sideend|p1: AurenTheAbsolute|Stealth Rock|[from] move: Mortal Spin|[of] p1a: Glimmora\n|-sideend|p1: AurenTheAbsolute|Sticky Web|[from] move: Mortal Spin|[of] p1a: Glimmora\n|\n|-damage|p2a: Lokix|79\/100 psn|[from] psn\n|upkeep\n|turn|17\n|\n|t:|1697747846\n|move|p2a: Lokix|U-turn|p1a: Glimmora\n|-resisted|p1a: Glimmora\n|-damage|p1a: Glimmora|0 fnt\n|-activate|p1a: Glimmora|ability: Toxic Debris\n|-sidestart|p2: saltyfur|move: Toxic Spikes\n|faint|p1a: Glimmora\n|\n|t:|1697747858\n|switch|p2a: Kleavor|Kleavor, M|100\/100|[from] U-turn\n|\n|upkeep\n|\n|t:|1697747862\n|switch|p1a: Pikachu|Pikachu, M|100\/100\n|turn|18\n|\n|t:|1697747875\n|move|p1a: Pikachu|Fake Out|p2a: Kleavor\n|-resisted|p2a: Kleavor\n|-damage|p2a: Kleavor|91\/100\n|cant|p2a: Kleavor|flinch\n|\n|upkeep\n|turn|19\n|\n|t:|1697747882\n|move|p1a: Pikachu|Quick Attack|p2a: Kleavor\n|-resisted|p2a: Kleavor\n|-damage|p2a: Kleavor|81\/100\n|move|p2a: Kleavor|Swords Dance|p2a: Kleavor\n|-boost|p2a: Kleavor|atk|2\n|\n|upkeep\n|turn|20\n|\n|t:|1697747889\n|move|p1a: Pikachu|Encore|p2a: Kleavor\n|-start|p2a: Kleavor|Encore\n|move|p2a: Kleavor|Swords Dance|p2a: Kleavor\n|-boost|p2a: Kleavor|atk|2\n|\n|upkeep\n|turn|21\n|\n|t:|1697747896\n|move|p1a: Pikachu|Electric Terrain|p1a: Pikachu\n|-fieldstart|move: Electric Terrain\n|move|p2a: Kleavor|Swords Dance|p2a: Kleavor\n|-boost|p2a: Kleavor|atk|2\n|\n|upkeep\n|turn|22\n|\n|t:|1697747901\n|move|p1a: Pikachu|Encore||[still]\n|-fail|p1a: Pikachu\n|move|p2a: Kleavor|Swords Dance|p2a: Kleavor\n|-boost|p2a: Kleavor|atk|0\n|\n|-end|p2a: Kleavor|Encore\n|upkeep\n|turn|23\n|\n|t:|1697747909\n|move|p1a: Pikachu|Quick Attack|p2a: Kleavor\n|-resisted|p2a: Kleavor\n|-damage|p2a: Kleavor|71\/100\n|move|p2a: Kleavor|Stone Axe|p1a: Pikachu\n|-damage|p1a: Pikachu|0 fnt\n|-sidestart|p1: AurenTheAbsolute|move: Stealth Rock\n|faint|p1a: Pikachu\n|\n|win|saltyfur\n|raw|AurenTheAbsolute's rating: 1066 &rarr; <strong>1051<\/strong><br \/>(-15 for losing)\n|raw|saltyfur's rating: 1158 &rarr; <strong>1177<\/strong><br \/>(+19 for winning)\n","uploadtime":1697747914,"views":7,"p1id":"aurentheabsolute","p2id":"saltyfur","formatid":"gen9anythinggoes","rating":1051,"private":0,"password":""}