{"id":"gen9anythinggoes-1973376994","p1":"jingwei1028","p2":"TheWeDawn","format":"[Gen 9] Anything Goes","log":"|j|\u2606jingwei1028\n|j|\u203dTheWeDawn\n|t:|1697964658\n|gametype|singles\n|player|p1|jingwei1028|1|\n|player|p2|TheWeDawn|2|\n|teamsize|p1|6\n|teamsize|p2|6\n|gen|9\n|tier|[Gen 9] Anything Goes\n|rule|HP Percentage Mod: HP is shown in percentages\n|rule|Endless Battle Clause: Forcing endless battles is banned\n|clearpoke\n|poke|p1|Calyrex-Shadow|\n|poke|p1|Eternatus|\n|poke|p1|Ogerpon-Hearthflame, F|\n|poke|p1|Groudon|\n|poke|p1|Palafin, M|\n|poke|p1|Enamorus, F|\n|poke|p2|Ditto|\n|poke|p2|Arceus|\n|poke|p2|Eternatus|\n|poke|p2|Calyrex-Shadow|\n|poke|p2|Ting-Lu|\n|poke|p2|Toxapex, M|\n|teampreview\n|\n|t:|1697964673\n|start\n|switch|p1a: Palafin|Palafin, M|100\/100\n|switch|p2a: Ting-Lu|Ting-Lu|100\/100\n|-ability|p2a: Ting-Lu|Vessel of Ruin\n|turn|1\n|\n|t:|1697964729\n|move|p1a: Palafin|Flip Turn|p2a: Ting-Lu\n|-supereffective|p2a: Ting-Lu\n|-crit|p2a: Ting-Lu\n|-damage|p2a: Ting-Lu|62\/100\n|\n|t:|1697964736\n|detailschange|p1a: Palafin|Palafin-Hero, M\n|switch|p1a: Enamorus|Enamorus, F|100\/100|[from] Flip Turn\n|move|p2a: Ting-Lu|Stealth Rock|p1a: Enamorus\n|-sidestart|p1: jingwei1028|move: Stealth Rock\n|\n|-heal|p2a: Ting-Lu|68\/100|[from] item: Leftovers\n|upkeep\n|turn|2\n|\n|t:|1697964761\n|switch|p2a: Toxapex|Toxapex, M|100\/100\n|move|p1a: Enamorus|Springtide Storm|p2a: Toxapex\n|-resisted|p2a: Toxapex\n|-damage|p2a: Toxapex|81\/100\n|\n|upkeep\n|turn|3\n|\n|t:|1697964769\n|move|p1a: Enamorus|Superpower|p2a: Toxapex\n|-resisted|p2a: Toxapex\n|-crit|p2a: Toxapex\n|-damage|p2a: Toxapex|66\/100\n|-boost|p1a: Enamorus|atk|1\n|-boost|p1a: Enamorus|def|1\n|-damage|p1a: Enamorus|84\/100|[from] item: Rocky Helmet|[of] p2a: Toxapex\n|move|p2a: Toxapex|Toxic|p1a: Enamorus\n|-status|p1a: Enamorus|tox\n|\n|-heal|p1a: Enamorus|90\/100 tox|[from] item: Leftovers\n|-damage|p1a: Enamorus|84\/100 tox|[from] psn\n|upkeep\n|turn|4\n|\n|t:|1697964783\n|move|p1a: Enamorus|Springtide Storm|p2a: Toxapex\n|-resisted|p2a: Toxapex\n|-damage|p2a: Toxapex|46\/100\n|move|p2a: Toxapex|Infestation|p1a: Enamorus\n|-resisted|p1a: Enamorus\n|-damage|p1a: Enamorus|83\/100 tox\n|-activate|p1a: Enamorus|move: Infestation|[of] p2a: Toxapex\n|\n|-heal|p1a: Enamorus|89\/100 tox|[from] item: Leftovers\n|-damage|p1a: Enamorus|77\/100 tox|[from] psn\n|-damage|p1a: Enamorus|65\/100 tox|[from] move: Infestation|[partiallytrapped]\n|upkeep\n|turn|5\n|\n|t:|1697964802\n|move|p1a: Enamorus|Extrasensory|p2a: Toxapex\n|-supereffective|p2a: Toxapex\n|-damage|p2a: Toxapex|8\/100\n|move|p2a: Toxapex|Recover|p2a: Toxapex\n|-heal|p2a: Toxapex|58\/100\n|\n|-heal|p1a: Enamorus|71\/100 tox|[from] item: Leftovers\n|-damage|p1a: Enamorus|52\/100 tox|[from] psn\n|-damage|p1a: Enamorus|40\/100 tox|[from] move: Infestation|[partiallytrapped]\n|upkeep\n|turn|6\n|\n|t:|1697964817\n|move|p1a: Enamorus|Extrasensory|p2a: Toxapex\n|-supereffective|p2a: Toxapex\n|-damage|p2a: Toxapex|15\/100\n|move|p2a: Toxapex|Recover|p2a: Toxapex\n|-heal|p2a: Toxapex|65\/100\n|\n|-heal|p1a: Enamorus|46\/100 tox|[from] item: Leftovers\n|-damage|p1a: Enamorus|21\/100 tox|[from] psn\n|-damage|p1a: Enamorus|8\/100 tox|[from] move: Infestation|[partiallytrapped]\n|upkeep\n|turn|7\n|\n|t:|1697964828\n|move|p1a: Enamorus|Extrasensory|p2a: Toxapex\n|-supereffective|p2a: Toxapex\n|-damage|p2a: Toxapex|28\/100\n|move|p2a: Toxapex|Recover|p2a: Toxapex\n|-heal|p2a: Toxapex|78\/100\n|\n|-heal|p1a: Enamorus|15\/100 tox|[from] item: Leftovers\n|-damage|p1a: Enamorus|0 fnt|[from] psn\n|faint|p1a: Enamorus\n|upkeep\n|\n|t:|1697964840\n|switch|p1a: Groudon|Groudon|100\/100\n|-damage|p1a: Groudon|94\/100|[from] Stealth Rock\n|-weather|SunnyDay|[from] ability: Drought|[of] p1a: Groudon\n|turn|8\n|\n|t:|1697964851\n|switch|p2a: Arceus|Arceus|100\/100\n|move|p1a: Groudon|Substitute|p1a: Groudon\n|-start|p1a: Groudon|Substitute\n|-damage|p1a: Groudon|70\/100\n|\n|-weather|SunnyDay|[upkeep]\n|upkeep\n|turn|9\n|\n|t:|1697964875\n|move|p2a: Arceus|Earthquake|p1a: Groudon\n|-end|p1a: Groudon|Substitute\n|-damage|p2a: Arceus|91\/100|[from] item: Life Orb\n|move|p1a: Groudon|Heat Crash|p2a: Arceus\n|-damage|p2a: Arceus|66\/100\n|\n|-weather|SunnyDay|[upkeep]\n|upkeep\n|turn|10\n|\n|t:|1697964885\n|move|p2a: Arceus|Swords Dance|p2a: Arceus\n|-boost|p2a: Arceus|atk|2\n|move|p1a: Groudon|Earthquake|p2a: Arceus\n|-damage|p2a: Arceus|27\/100\n|\n|-weather|SunnyDay|[upkeep]\n|upkeep\n|turn|11\n|\n|t:|1697964891\n|move|p2a: Arceus|Earthquake|p1a: Groudon\n|-crit|p1a: Groudon\n|-damage|p1a: Groudon|0 fnt\n|faint|p1a: Groudon\n|-damage|p2a: Arceus|17\/100|[from] item: Life Orb\n|\n|-weather|SunnyDay|[upkeep]\n|upkeep\n|\n|t:|1697964896\n|switch|p1a: Palafin|Palafin-Hero, M|100\/100\n|-damage|p1a: Palafin|88\/100|[from] Stealth Rock\n|-activate|p1a: Palafin|ability: Zero to Hero\n|turn|12\n|\n|t:|1697964907\n|move|p2a: Arceus|Extreme Speed|p1a: Palafin\n|-damage|p1a: Palafin|0 fnt\n|faint|p1a: Palafin\n|-damage|p2a: Arceus|7\/100|[from] item: Life Orb\n|\n|-weather|none\n|upkeep\n|\n|t:|1697964916\n|switch|p1a: Calyrex|Calyrex-Shadow|100\/100\n|-ability|p1a: Calyrex|As One\n|-ability|p1a: Calyrex|Unnerve\n|-damage|p1a: Calyrex|88\/100|[from] Stealth Rock\n|turn|13\n|\n|t:|1697964923\n|switch|p2a: Ting-Lu|Ting-Lu|68\/100\n|-ability|p2a: Ting-Lu|Vessel of Ruin\n|move|p1a: Calyrex|Nasty Plot|p1a: Calyrex\n|-boost|p1a: Calyrex|spa|2\n|\n|-heal|p2a: Ting-Lu|74\/100|[from] item: Leftovers\n|upkeep\n|turn|14\n|\n|t:|1697964939\n|move|p1a: Calyrex|Energy Ball|p2a: Ting-Lu\n|-supereffective|p2a: Ting-Lu\n|-damage|p2a: Ting-Lu|13\/100\n|move|p2a: Ting-Lu|Whirlwind|p1a: Calyrex\n|drag|p1a: Eternatus|Eternatus|100\/100\n|-damage|p1a: Eternatus|88\/100|[from] Stealth Rock\n|-ability|p1a: Eternatus|Pressure\n|\n|-heal|p2a: Ting-Lu|19\/100|[from] item: Leftovers\n|upkeep\n|turn|15\n|\n|t:|1697964959\n|move|p1a: Eternatus|Dynamax Cannon|p2a: Ting-Lu\n|-damage|p2a: Ting-Lu|0 fnt\n|faint|p2a: Ting-Lu\n|\n|upkeep\n|\n|t:|1697964965\n|switch|p2a: Arceus|Arceus|7\/100\n|turn|16\n|\n|t:|1697964970\n|move|p2a: Arceus|Extreme Speed|p1a: Eternatus\n|-damage|p1a: Eternatus|43\/100\n|-damage|p2a: Arceus|0 fnt|[from] item: Life Orb\n|faint|p2a: Arceus\n|move|p1a: Eternatus|Sludge Bomb|p2: Arceus|[notarget]\n|-fail|p1a: Eternatus\n|\n|upkeep\n|\n|t:|1697964975\n|switch|p2a: Calyrex|Calyrex-Shadow|100\/100\n|-ability|p2a: Calyrex|As One\n|-ability|p2a: Calyrex|Unnerve\n|turn|17\n|\n|t:|1697964984\n|move|p2a: Calyrex|Astral Barrage|p1a: Eternatus\n|-damage|p1a: Eternatus|9\/100\n|move|p1a: Eternatus|Dynamax Cannon|p2a: Calyrex\n|-damage|p2a: Calyrex|41\/100\n|\n|upkeep\n|turn|18\n|\n|t:|1697964998\n|move|p2a: Calyrex|Astral Barrage|p1a: Eternatus\n|-damage|p1a: Eternatus|0 fnt\n|faint|p1a: Eternatus\n|-ability|p2a: Calyrex|Grim Neigh|boost\n|-boost|p2a: Calyrex|spa|1\n|\n|upkeep\n|\n|t:|1697965004\n|switch|p1a: Ogerpon|Ogerpon-Hearthflame, F|100\/100\n|-damage|p1a: Ogerpon|76\/100|[from] Stealth Rock\n|-ability|p1a: Ogerpon|Mold Breaker\n|turn|19\n|\n|t:|1697965013\n|-terastallize|p1a: Ogerpon|Fire\n|detailschange|p1a: Ogerpon|Ogerpon-Hearthflame-Tera, F, tera:Fire\n|-ability|p1a: Ogerpon|Embody Aspect (Hearthflame)|boost\n|-boost|p1a: Ogerpon|atk|1\n|move|p2a: Calyrex|Astral Barrage|p1a: Ogerpon\n|-damage|p1a: Ogerpon|0 fnt\n|faint|p1a: Ogerpon\n|-ability|p2a: Calyrex|Grim Neigh|boost\n|-boost|p2a: Calyrex|spa|1\n|\n|upkeep\n|-message|jingwei1028 forfeited.\n|\n|win|TheWeDawn\n|l|\u2606jingwei1028\n","uploadtime":1697965047,"views":17,"p1id":"jingwei1028","p2id":"thewedawn","formatid":"gen9anythinggoes","rating":0,"private":0,"password":""}