{"id":"gen9anythinggoes-1996319400","p1":"dimincaterpiy","p2":"Luigi3641","format":"[Gen 9] Anything Goes","log":"|j|\u2606dimincaterpiy\n|j|\u2606Luigi3641\n|t:|1700670761\n|gametype|singles\n|player|p1|dimincaterpiy|bellelba|1217\n|player|p2|Luigi3641|juggler|1306\n|teamsize|p1|6\n|teamsize|p2|6\n|gen|9\n|tier|[Gen 9] Anything Goes\n|rated|\n|rule|HP Percentage Mod: HP is shown in percentages\n|rule|Endless Battle Clause: Forcing endless battles is banned\n|clearpoke\n|poke|p1|Gardevoir, F|\n|poke|p1|Meowscarada, M|\n|poke|p1|Ursaluna, M|\n|poke|p1|Basculegion, M|\n|poke|p1|Clodsire, F|\n|poke|p1|Chien-Pao|\n|poke|p2|Greninja-*, M|\n|poke|p2|Zapdos|\n|poke|p2|Rillaboom, F|\n|poke|p2|Dragonite, F|\n|poke|p2|Cinderace, F|\n|poke|p2|Ogerpon-Wellspring, F|\n|teampreview\n|inactive|Battle timer is ON: inactive players will automatically lose when time's up. (requested by dimincaterpiy)\n|\n|t:|1700670768\n|start\n|switch|p1a: TRUCK|Ursaluna, M|100\/100\n|switch|p2a: Zapdos|Zapdos|100\/100\n|turn|1\n|c|\u2606Luigi3641|Glhf\n|\n|t:|1700670775\n|move|p2a: Zapdos|Hurricane|p1a: TRUCK\n|-damage|p1a: TRUCK|56\/100\n|move|p1a: TRUCK|Facade|p2a: Zapdos\n|-damage|p2a: Zapdos|65\/100\n|\n|-status|p1a: TRUCK|brn|[from] item: Flame Orb\n|upkeep\n|turn|2\n|\n|t:|1700670788\n|move|p2a: Zapdos|Hurricane|p1a: TRUCK|[miss]\n|-miss|p2a: Zapdos|p1a: TRUCK\n|move|p1a: TRUCK|Facade|p2a: Zapdos\n|-damage|p2a: Zapdos|0 fnt\n|faint|p2a: Zapdos\n|\n|-damage|p1a: TRUCK|50\/100 brn|[from] brn\n|upkeep\n|c|\u2606dimincaterpiy|FOR BOOP\n|\n|t:|1700670793\n|switch|p2a: Greninja|Greninja, M|100\/100\n|turn|3\n|\n|t:|1700670800\n|move|p2a: Greninja|Hydro Pump|p1a: TRUCK\n|-supereffective|p1a: TRUCK\n|-damage|p1a: TRUCK|0 fnt\n|faint|p1a: TRUCK\n|-ability|p2a: Greninja|Battle Bond|boost\n|-boost|p2a: Greninja|atk|1\n|-boost|p2a: Greninja|spa|1\n|-boost|p2a: Greninja|spe|1\n|-activate|p2a: Greninja|ability: Battle Bond\n|\n|upkeep\n|\n|t:|1700670803\n|switch|p1a: BOOP THE GOD|Clodsire, F|100\/100\n|turn|4\n|\n|t:|1700670808\n|move|p2a: Greninja|Ice Beam|p1a: BOOP THE GOD\n|-supereffective|p1a: BOOP THE GOD\n|-damage|p1a: BOOP THE GOD|35\/100\n|move|p1a: BOOP THE GOD|Yawn|p2a: Greninja\n|-start|p2a: Greninja|move: Yawn|[of] p1a: BOOP THE GOD\n|\n|-heal|p1a: BOOP THE GOD|41\/100|[from] item: Black Sludge\n|upkeep\n|turn|5\n|\n|t:|1700670822\n|move|p2a: Greninja|Ice Beam|p1a: BOOP THE GOD\n|-supereffective|p1a: BOOP THE GOD\n|-damage|p1a: BOOP THE GOD|0 fnt\n|faint|p1a: BOOP THE GOD\n|\n|-end|p2a: Greninja|move: Yawn|[silent]\n|-status|p2a: Greninja|slp\n|upkeep\n|c|\u2606Luigi3641|Sorry boop\n|\n|t:|1700670828\n|switch|p1a: Crash|Chien-Pao|100\/100\n|-ability|p1a: Crash|Sword of Ruin\n|turn|6\n|\n|t:|1700670831\n|cant|p2a: Greninja|slp\n|move|p1a: Crash|Sacred Sword|p2a: Greninja\n|-supereffective|p2a: Greninja\n|-damage|p2a: Greninja|0 fnt\n|faint|p2a: Greninja\n|\n|upkeep\n|\n|t:|1700670837\n|switch|p2a: Cinderace|Cinderace, F|100\/100\n|turn|7\n|c|\u2606dimincaterpiy|FOR BOOP\n|\n|t:|1700670847\n|switch|p1a: boom|Gardevoir, F, shiny|100\/100\n|move|p2a: Cinderace|Pyro Ball|p1a: boom\n|-crit|p1a: boom\n|-damage|p1a: boom|0 fnt\n|faint|p1a: boom\n|\n|upkeep\n|\n|t:|1700670855\n|switch|p1a: Tricke|Meowscarada, M, shiny|100\/100\n|turn|8\n|\n|t:|1700670857\n|move|p2a: Cinderace|U-turn|p1a: Tricke\n|-start|p2a: Cinderace|typechange|Bug|[from] ability: Libero\n|-supereffective|p1a: Tricke\n|-damage|p1a: Tricke|0 fnt\n|faint|p1a: Tricke\n|\n|t:|1700670861\n|switch|p2a: Rillaboom|Rillaboom, F|100\/100|[from] U-turn\n|-fieldstart|move: Grassy Terrain|[from] ability: Grassy Surge|[of] p2a: Rillaboom\n|\n|upkeep\n|\n|t:|1700670864\n|switch|p1a: Crash|Chien-Pao|100\/100\n|-ability|p1a: Crash|Sword of Ruin\n|turn|9\n|\n|t:|1700670868\n|move|p2a: Rillaboom|Fake Out|p1a: Crash\n|-crit|p1a: Crash\n|-damage|p1a: Crash|63\/100\n|-damage|p2a: Rillaboom|91\/100|[from] item: Life Orb\n|cant|p1a: Crash|flinch\n|\n|-heal|p1a: Crash|69\/100|[from] Grassy Terrain\n|-heal|p2a: Rillaboom|97\/100|[from] Grassy Terrain\n|upkeep\n|turn|10\n|\n|t:|1700670871\n|-terastallize|p2a: Rillaboom|Grass\n|move|p2a: Rillaboom|Grassy Glide|p1a: Crash\n|-damage|p1a: Crash|0 fnt\n|faint|p1a: Crash\n|-damage|p2a: Rillaboom|87\/100|[from] item: Life Orb\n|\n|-heal|p2a: Rillaboom|93\/100|[from] Grassy Terrain\n|upkeep\n|\n|t:|1700670883\n|switch|p1a: LOST RESPECT|Basculegion, M|100\/100\n|turn|11\n|\n|t:|1700670886\n|-terastallize|p1a: LOST RESPECT|Ghost\n|move|p2a: Rillaboom|Grassy Glide|p1a: LOST RESPECT\n|-damage|p1a: LOST RESPECT|24\/100\n|-damage|p2a: Rillaboom|83\/100|[from] item: Life Orb\n|move|p1a: LOST RESPECT|Last Respects|p2a: Rillaboom\n|-damage|p2a: Rillaboom|0 fnt\n|faint|p2a: Rillaboom\n|-heal|p1a: LOST RESPECT|33\/100|[from] item: Shell Bell|[of] p2: Rillaboom\n|\n|-heal|p1a: LOST RESPECT|39\/100|[from] Grassy Terrain\n|upkeep\n|\n|t:|1700670896\n|switch|p2a: Cinderace|Cinderace, F|100\/100\n|turn|12\n|c|\u2606dimincaterpiy|FOR BOOOOP\n|\n|t:|1700670899\n|move|p2a: Cinderace|Pyro Ball|p1a: LOST RESPECT\n|-damage|p1a: LOST RESPECT|0 fnt\n|faint|p1a: LOST RESPECT\n|\n|win|Luigi3641\n|raw|dimincaterpiy's rating: 1217 &rarr; <strong>1198<\/strong><br \/>(-19 for losing)\n|raw|Luigi3641's rating: 1306 &rarr; <strong>1321<\/strong><br \/>(+15 for winning)\n|c|\u2606dimincaterpiy|GG\n|c|\u2606Luigi3641|gg\n|l|\u2606dimincaterpiy\n","uploadtime":1700670912,"views":0,"p1id":"dimincaterpiy","p2id":"luigi3641","formatid":"gen9anythinggoes","rating":1198,"private":0,"password":""}