{"id":"gen9anythinggoes-1992971204","p1":"slowpoke\/wooper","p2":"TreBucet","format":"[Gen 9] Anything Goes","log":"|j|\u2606slowpoke\/wooper\n|j|\u2606TreBucet\n|t:|1700251487\n|gametype|singles\n|player|p1|slowpoke\/wooper|cynthia-gen4|1250\n|player|p2|TreBucet|grimsley|1164\n|teamsize|p1|6\n|teamsize|p2|6\n|gen|9\n|tier|[Gen 9] Anything Goes\n|rated|\n|rule|HP Percentage Mod: HP is shown in percentages\n|rule|Endless Battle Clause: Forcing endless battles is banned\n|clearpoke\n|poke|p1|Sneasler, F|\n|poke|p1|Zamazenta-*|\n|poke|p1|Ribombee, M|\n|poke|p1|Urshifu-*, F|\n|poke|p1|Calyrex-Shadow|\n|poke|p1|Miraidon|\n|poke|p2|Calyrex-Shadow|\n|poke|p2|Regieleki|\n|poke|p2|Miraidon|\n|poke|p2|Ogerpon-Hearthflame, F|\n|poke|p2|Zacian-*|\n|poke|p2|Glimmora, F|\n|teampreview\n|\n|t:|1700251498\n|start\n|switch|p1a: Ribombee|Ribombee, M|100\/100\n|switch|p2a: Miraidon|Miraidon|100\/100\n|-fieldstart|move: Electric Terrain|[from] ability: Hadron Engine|[of] p2a: Miraidon\n|turn|1\n|\n|t:|1700251505\n|-terastallize|p2a: Miraidon|Electric\n|move|p2a: Miraidon|Electro Drift|p1a: Ribombee\n|-enditem|p1a: Ribombee|Focus Sash\n|-damage|p1a: Ribombee|1\/100\n|move|p1a: Ribombee|Sticky Web|p2a: Miraidon\n|-sidestart|p2: TreBucet|move: Sticky Web\n|\n|upkeep\n|turn|2\n|\n|t:|1700251514\n|switch|p2a: nah.|Glimmora, F|100\/100\n|move|p1a: Ribombee|Moonblast|p2a: nah.\n|-resisted|p2a: nah.\n|-damage|p2a: nah.|75\/100\n|-unboost|p2a: nah.|spa|1\n|\n|upkeep\n|turn|3\n|\n|t:|1700251522\n|switch|p1a: Calyrex|Calyrex-Shadow|100\/100\n|-ability|p1a: Calyrex|As One\n|-ability|p1a: Calyrex|Unnerve\n|move|p2a: nah.|Mortal Spin|p1a: Calyrex\n|-resisted|p1a: Calyrex\n|-damage|p1a: Calyrex|97\/100\n|-status|p1a: Calyrex|psn\n|-sideend|p2: TreBucet|Sticky Web|[from] move: Mortal Spin|[of] p2a: nah.\n|\n|-damage|p1a: Calyrex|84\/100 psn|[from] psn\n|upkeep\n|turn|4\n|\n|t:|1700251533\n|move|p1a: Calyrex|Astral Barrage|p2a: nah.\n|-damage|p2a: nah.|0 fnt\n|faint|p2a: nah.\n|-ability|p1a: Calyrex|Grim Neigh|boost\n|-boost|p1a: Calyrex|spa|1\n|\n|-damage|p1a: Calyrex|72\/100 psn|[from] psn\n|upkeep\n|\n|t:|1700251541\n|switch|p2a: old town road|Calyrex-Shadow|100\/100\n|-ability|p2a: old town road|As One\n|-ability|p2a: old town road|Unnerve\n|turn|5\n|inactive|Battle timer is ON: inactive players will automatically lose when time's up. (requested by slowpoke\/wooper)\n|\n|t:|1700251546\n|move|p2a: old town road|Astral Barrage|p1a: Calyrex\n|-supereffective|p1a: Calyrex\n|-damage|p1a: Calyrex|0 fnt\n|faint|p1a: Calyrex\n|-ability|p2a: old town road|Grim Neigh|boost\n|-boost|p2a: old town road|spa|1\n|\n|-fieldend|move: Electric Terrain\n|upkeep\n|\n|t:|1700251561\n|switch|p1a: Urshifu|Urshifu-Rapid-Strike, F|100\/100\n|turn|6\n|\n|t:|1700251565\n|switch|p2a: bro why u mad|Ogerpon-Hearthflame, F|100\/100\n|-ability|p2a: bro why u mad|Mold Breaker\n|-terastallize|p1a: Urshifu|Water\n|move|p1a: Urshifu|Surging Strikes|p2a: bro why u mad\n|-crit|p2a: bro why u mad\n|-damage|p2a: bro why u mad|67\/100\n|-crit|p2a: bro why u mad\n|-damage|p2a: bro why u mad|31\/100\n|-crit|p2a: bro why u mad\n|-damage|p2a: bro why u mad|0 fnt\n|faint|p2a: bro why u mad\n|-hitcount|p2: bro why u mad|3\n|\n|upkeep\n|\n|t:|1700251580\n|switch|p2a: Miraidon|Miraidon, tera:Electric|100\/100\n|-fieldstart|move: Electric Terrain|[from] ability: Hadron Engine|[of] p2a: Miraidon\n|turn|7\n|inactive|slowpoke\/wooper has 120 seconds left.\n|\n|t:|1700251614\n|switch|p1a: Ribombee|Ribombee, M|1\/100\n|move|p2a: Miraidon|Electro Drift|p1a: Ribombee\n|-damage|p1a: Ribombee|0 fnt\n|faint|p1a: Ribombee\n|\n|upkeep\n|inactive|slowpoke\/wooper has 120 seconds left.\n|\n|t:|1700251622\n|switch|p1a: Sneasler|Sneasler, F|100\/100\n|turn|8\n|\n|t:|1700251629\n|move|p1a: Sneasler|Endure|p1a: Sneasler\n|-singleturn|p1a: Sneasler|move: Endure\n|move|p2a: Miraidon|Electro Drift|p1a: Sneasler\n|-activate|p1a: Sneasler|move: Endure\n|-damage|p1a: Sneasler|1\/100\n|\n|upkeep\n|turn|9\n|inactive|slowpoke\/wooper has 120 seconds left.\n|\n|t:|1700251647\n|move|p2a: Miraidon|Electro Drift|p1a: Sneasler\n|-damage|p1a: Sneasler|0 fnt\n|faint|p1a: Sneasler\n|\n|upkeep\n|inactive|slowpoke\/wooper has 120 seconds left.\n|\n|t:|1700251653\n|switch|p1a: Miraidon|Miraidon|100\/100\n|-activate|p1a: Miraidon|ability: Hadron Engine\n|turn|10\n|\n|t:|1700251658\n|move|p2a: Miraidon|Electro Drift|p1a: Miraidon\n|-resisted|p1a: Miraidon\n|-damage|p1a: Miraidon|75\/100\n|move|p1a: Miraidon|Draco Meteor|p2a: Miraidon\n|-damage|p2a: Miraidon|16\/100\n|-unboost|p1a: Miraidon|spa|2\n|\n|upkeep\n|turn|11\n|\n|t:|1700251668\n|switch|p2a: good boye|Zacian-Crowned|100\/100\n|-ability|p2a: good boye|Intrepid Sword|boost\n|-boost|p2a: good boye|atk|1\n|move|p1a: Miraidon|Volt Switch|p2a: good boye\n|-damage|p2a: good boye|71\/100\n|\n|t:|1700251678\n|switch|p1a: Urshifu|Urshifu-Rapid-Strike, F, tera:Water|100\/100|[from] Volt Switch\n|\n|-fieldend|move: Electric Terrain\n|upkeep\n|turn|12\n|\n|t:|1700251684\n|move|p1a: Urshifu|Surging Strikes|p2a: good boye\n|-crit|p2a: good boye\n|-damage|p2a: good boye|46\/100\n|-crit|p2a: good boye\n|-damage|p2a: good boye|18\/100\n|-crit|p2a: good boye\n|-damage|p2a: good boye|0 fnt\n|faint|p2a: good boye\n|-hitcount|p2: good boye|3\n|\n|upkeep\n|\n|t:|1700251691\n|switch|p2a: i am speed|Regieleki|100\/100\n|turn|13\n|\n|t:|1700251696\n|switch|p1a: Zamazenta|Zamazenta|100\/100\n|-ability|p1a: Zamazenta|Dauntless Shield|boost\n|-boost|p1a: Zamazenta|def|1\n|move|p2a: i am speed|Thunderbolt|p1a: Zamazenta\n|-damage|p1a: Zamazenta|50\/100\n|\n|-heal|p1a: Zamazenta|57\/100|[from] item: Leftovers\n|upkeep\n|turn|14\n|\n|t:|1700251705\n|move|p2a: i am speed|Thunder|p1a: Zamazenta\n|-damage|p1a: Zamazenta|3\/100\n|move|p1a: Zamazenta|Crunch|p2a: i am speed\n|-damage|p2a: i am speed|52\/100\n|-unboost|p2a: i am speed|def|1\n|\n|-heal|p2a: i am speed|58\/100|[from] item: Leftovers\n|-heal|p1a: Zamazenta|9\/100|[from] item: Leftovers\n|upkeep\n|turn|15\n|\n|t:|1700251720\n|switch|p1a: Miraidon|Miraidon|75\/100\n|-fieldstart|move: Electric Terrain|[from] ability: Hadron Engine|[of] p1a: Miraidon\n|move|p2a: i am speed|Thunderbolt|p1a: Miraidon\n|-resisted|p1a: Miraidon\n|-damage|p1a: Miraidon|61\/100\n|\n|-heal|p2a: i am speed|64\/100|[from] item: Leftovers\n|upkeep\n|turn|16\n|\n|t:|1700251734\n|move|p2a: i am speed|Explosion|p1a: Miraidon\n|-damage|p1a: Miraidon|3\/100\n|faint|p2a: i am speed\n|move|p1a: Miraidon|Draco Meteor|p2: i am speed|[notarget]\n|-fail|p1a: Miraidon\n|\n|upkeep\n|\n|t:|1700251740\n|switch|p2a: old town road|Calyrex-Shadow|100\/100\n|-ability|p2a: old town road|As One\n|-ability|p2a: old town road|Unnerve\n|turn|17\n|\n|t:|1700251746\n|switch|p1a: Zamazenta|Zamazenta|9\/100\n|move|p2a: old town road|Astral Barrage|p1a: Zamazenta\n|-damage|p1a: Zamazenta|0 fnt\n|faint|p1a: Zamazenta\n|-ability|p2a: old town road|Grim Neigh|boost\n|-boost|p2a: old town road|spa|1\n|\n|upkeep\n|\n|t:|1700251754\n|switch|p1a: Urshifu|Urshifu-Rapid-Strike, F, tera:Water|100\/100\n|turn|18\n|\n|t:|1700251758\n|move|p2a: old town road|Astral Barrage|p1a: Urshifu\n|-damage|p1a: Urshifu|0 fnt\n|faint|p1a: Urshifu\n|-ability|p2a: old town road|Grim Neigh|boost\n|-boost|p2a: old town road|spa|1\n|\n|upkeep\n|-message|slowpoke\/wooper forfeited.\n|\n|win|TreBucet\n|raw|slowpoke&#x2f;wooper's rating: 1250 &rarr; <strong>1219<\/strong><br \/>(-31 for losing)\n|raw|TreBucet's rating: 1164 &rarr; <strong>1195<\/strong><br \/>(+31 for winning)\n|l|\u2606slowpoke\/wooper\n|c|\u2606TreBucet|yeah\n|c|\u2606TreBucet|LMAO\n","uploadtime":1700251775,"views":4,"p1id":"slowpokewooper","p2id":"trebucet","formatid":"gen9anythinggoes","rating":1195,"private":0,"password":""}