{"id":"gen9anythinggoes-1979131479","p1":"Xionicdemon","p2":"BugCatcherIshi","format":"[Gen 9] Anything Goes","log":"|j|\u2606Xionicdemon\n|j|\u2606BugCatcherIshi\n|t:|1698636505\n|gametype|singles\n|player|p1|Xionicdemon|hugh|1191\n|player|p2|BugCatcherIshi|preschooler|1056\n|teamsize|p1|6\n|teamsize|p2|6\n|gen|9\n|tier|[Gen 9] Anything Goes\n|rated|\n|rule|HP Percentage Mod: HP is shown in percentages\n|rule|Endless Battle Clause: Forcing endless battles is banned\n|clearpoke\n|poke|p1|Iron Moth|\n|poke|p1|Iron Hands|\n|poke|p1|Iron Jugulis|\n|poke|p1|Miraidon|\n|poke|p1|Iron Treads|\n|poke|p1|Iron Valiant|\n|poke|p2|Spinarak, F|\n|poke|p2|Ribombee, M|\n|poke|p2|Volcarona, F|\n|poke|p2|Forretress, M|\n|poke|p2|Vivillon-Fancy, M|\n|poke|p2|Scizor, M|\n|teampreview\n|c|\u2606BugCatcherIshi|wha?\n|\n|t:|1698636525\n|start\n|switch|p1a: Iron Treads|Iron Treads|100\/100\n|switch|p2a: Volcarona|Volcarona, F|100\/100\n|-enditem|p1a: Iron Treads|Booster Energy\n|-activate|p1a: Iron Treads|ability: Quark Drive|[fromitem]\n|-start|p1a: Iron Treads|quarkdrivespe\n|turn|1\n|c|\u2606BugCatcherIshi|very weird choice\n|\n|t:|1698636563\n|move|p1a: Iron Treads|Earthquake|p2a: Volcarona\n|-damage|p2a: Volcarona|24\/100\n|move|p2a: Volcarona|Flamethrower|p1a: Iron Treads\n|-supereffective|p1a: Iron Treads\n|-damage|p1a: Iron Treads|0 fnt\n|faint|p1a: Iron Treads\n|-end|p1a: Iron Treads|Quark Drive|[silent]\n|\n|upkeep\n|\n|t:|1698636573\n|switch|p1a: Iron Jugulis|Iron Jugulis|100\/100\n|-enditem|p1a: Iron Jugulis|Booster Energy\n|-activate|p1a: Iron Jugulis|ability: Quark Drive|[fromitem]\n|-start|p1a: Iron Jugulis|quarkdrivespe\n|turn|2\n|\n|t:|1698636581\n|move|p1a: Iron Jugulis|Acrobatics|p2a: Volcarona\n|-supereffective|p2a: Volcarona\n|-damage|p2a: Volcarona|0 fnt\n|faint|p2a: Volcarona\n|\n|upkeep\n|\n|t:|1698636587\n|switch|p2a: Forretress|Forretress, M|100\/100\n|turn|3\n|\n|t:|1698636608\n|-end|p1a: Iron Jugulis|Quark Drive|[silent]\n|switch|p1a: Iron Moth|Iron Moth|100\/100\n|-enditem|p1a: Iron Moth|Booster Energy\n|-activate|p1a: Iron Moth|ability: Quark Drive|[fromitem]\n|-start|p1a: Iron Moth|quarkdrivespa\n|move|p2a: Forretress|Stealth Rock|p1a: Iron Moth\n|-sidestart|p1: Xionicdemon|move: Stealth Rock\n|\n|upkeep\n|turn|4\n|\n|t:|1698636622\n|switch|p2a: Spinarak|Spinarak, F|100\/100\n|move|p1a: Iron Moth|Fiery Dance|p2a: Spinarak\n|-supereffective|p2a: Spinarak\n|-enditem|p2a: Spinarak|Focus Sash\n|-damage|p2a: Spinarak|1\/100\n|-boost|p1a: Iron Moth|spa|1\n|\n|upkeep\n|turn|5\n|\n|t:|1698636636\n|move|p1a: Iron Moth|Sludge Wave|p2a: Spinarak\n|-resisted|p2a: Spinarak\n|-damage|p2a: Spinarak|0 fnt\n|faint|p2a: Spinarak\n|\n|upkeep\n|\n|t:|1698636646\n|switch|p2a: Vivillon|Vivillon-Fancy, M|100\/100\n|turn|6\n|\n|t:|1698636655\n|move|p1a: Iron Moth|Fiery Dance|p2a: Vivillon\n|-supereffective|p2a: Vivillon\n|-enditem|p2a: Vivillon|Focus Sash\n|-damage|p2a: Vivillon|1\/100\n|-boost|p1a: Iron Moth|spa|1\n|move|p2a: Vivillon|Sleep Powder|p1a: Iron Moth\n|-status|p1a: Iron Moth|slp|[from] move: Sleep Powder\n|\n|upkeep\n|turn|7\n|\n|t:|1698636689\n|cant|p1a: Iron Moth|slp\n|move|p2a: Vivillon|Quiver Dance|p2a: Vivillon\n|-boost|p2a: Vivillon|spa|1\n|-boost|p2a: Vivillon|spd|1\n|-boost|p2a: Vivillon|spe|1\n|\n|upkeep\n|turn|8\n|\n|t:|1698636696\n|move|p2a: Vivillon|Psychic|p1a: Iron Moth\n|-supereffective|p1a: Iron Moth\n|-damage|p1a: Iron Moth|21\/100 slp\n|cant|p1a: Iron Moth|slp\n|\n|upkeep\n|turn|9\n|\n|t:|1698636701\n|move|p2a: Vivillon|Psychic|p1a: Iron Moth\n|-supereffective|p1a: Iron Moth\n|-damage|p1a: Iron Moth|0 fnt\n|faint|p1a: Iron Moth\n|-end|p1a: Iron Moth|Quark Drive|[silent]\n|\n|upkeep\n|\n|t:|1698636707\n|switch|p1a: Iron Serpent|Miraidon|100\/100\n|-damage|p1a: Iron Serpent|88\/100|[from] Stealth Rock\n|-fieldstart|move: Electric Terrain|[from] ability: Hadron Engine|[of] p1a: Iron Serpent\n|-enditem|p1a: Iron Serpent|Electric Seed\n|-boost|p1a: Iron Serpent|def|1|[from] item: Electric Seed\n|turn|10\n|\n|t:|1698636722\n|move|p2a: Vivillon|Psychic|p1a: Iron Serpent\n|-damage|p1a: Iron Serpent|52\/100\n|move|p1a: Iron Serpent|Tera Blast|p2a: Vivillon\n|-damage|p2a: Vivillon|0 fnt\n|faint|p2a: Vivillon\n|\n|upkeep\n|\n|t:|1698636746\n|switch|p2a: Scizor|Scizor, M|100\/100\n|turn|11\n|\n|t:|1698636778\n|move|p1a: Iron Serpent|Electro Drift|p2a: Scizor\n|-enditem|p2a: Scizor|Focus Sash\n|-damage|p2a: Scizor|1\/100\n|move|p2a: Scizor|Iron Head|p1a: Iron Serpent\n|-resisted|p1a: Iron Serpent\n|-damage|p1a: Iron Serpent|37\/100\n|\n|upkeep\n|turn|12\n|\n|t:|1698636792\n|move|p2a: Scizor|Bullet Punch|p1a: Iron Serpent\n|-resisted|p1a: Iron Serpent\n|-crit|p1a: Iron Serpent\n|-damage|p1a: Iron Serpent|9\/100\n|move|p1a: Iron Serpent|Tera Blast|p2a: Scizor\n|-resisted|p2a: Scizor\n|-damage|p2a: Scizor|0 fnt\n|faint|p2a: Scizor\n|\n|upkeep\n|\n|t:|1698636802\n|switch|p2a: Forretress|Forretress, M|100\/100\n|turn|13\n|\n|t:|1698636813\n|move|p1a: Iron Serpent|Electro Drift|p2a: Forretress\n|-ability|p2a: Forretress|Sturdy\n|-damage|p2a: Forretress|1\/100\n|-enditem|p2a: Forretress|Aguav Berry|[eat]\n|-heal|p2a: Forretress|34\/100|[from] item: Aguav Berry\n|move|p2a: Forretress|Rapid Spin|p1a: Iron Serpent\n|-damage|p1a: Iron Serpent|2\/100\n|-boost|p2a: Forretress|spe|1\n|\n|upkeep\n|turn|14\n|\n|t:|1698636824\n|move|p1a: Iron Serpent|Electro Drift|p2a: Forretress\n|-damage|p2a: Forretress|0 fnt\n|faint|p2a: Forretress\n|\n|-fieldend|move: Electric Terrain\n|upkeep\n|\n|t:|1698636831\n|switch|p2a: Ribombee|Ribombee, M|100\/100\n|turn|15\n|\n|t:|1698636838\n|move|p1a: Iron Serpent|Flash Cannon|p2a: Ribombee\n|-supereffective|p2a: Ribombee\n|-damage|p2a: Ribombee|5\/100\n|move|p2a: Ribombee|Psychic|p1a: Iron Serpent\n|-damage|p1a: Iron Serpent|0 fnt\n|faint|p1a: Iron Serpent\n|\n|upkeep\n|\n|t:|1698636853\n|switch|p1a: Iron Valiant|Iron Valiant|100\/100\n|-damage|p1a: Iron Valiant|94\/100|[from] Stealth Rock\n|-enditem|p1a: Iron Valiant|Booster Energy\n|-activate|p1a: Iron Valiant|ability: Quark Drive|[fromitem]\n|-start|p1a: Iron Valiant|quarkdrivespe\n|turn|16\n|c|\u2606BugCatcherIshi|i hope\n|\n|t:|1698636864\n|-terastallize|p1a: Iron Valiant|Fairy\n|move|p1a: Iron Valiant|Spirit Break|p2a: Ribombee\n|-damage|p2a: Ribombee|0 fnt\n|faint|p2a: Ribombee\n|\n|win|Xionicdemon\n|raw|Xionicdemon's rating: 1191 &rarr; <strong>1207<\/strong><br \/>(+16 for winning)\n|raw|BugCatcherIshi's rating: 1056 &rarr; <strong>1044<\/strong><br \/>(-12 for losing)\n|c|\u2606BugCatcherIshi|damn\n|c|\u2606BugCatcherIshi|ggs\n","uploadtime":1698636875,"views":10,"p1id":"xionicdemon","p2id":"bugcatcherishi","formatid":"gen9anythinggoes","rating":1044,"private":0,"password":""}