{"id":"gen9anythinggoes-1983943449","p1":"THE WALRUS 1234","p2":"Lucia7x","format":"[Gen 9] Anything Goes","log":"|j|\u2606THE WALRUS 1234\n|j|\u2606Lucia7x\n|t:|1699202576\n|gametype|singles\n|player|p1|THE WALRUS 1234|1|\n|player|p2|Lucia7x|cynthia-gen4|\n|teamsize|p1|6\n|teamsize|p2|6\n|gen|9\n|tier|[Gen 9] Anything Goes\n|rule|HP Percentage Mod: HP is shown in percentages\n|rule|Endless Battle Clause: Forcing endless battles is banned\n|clearpoke\n|poke|p1|Goodra-Hisui, F|\n|poke|p1|Grimmsnarl, M|\n|poke|p1|Milotic, M|\n|poke|p1|Ting-Lu|\n|poke|p1|Iron Hands|\n|poke|p1|Cloyster, F|\n|poke|p2|Salamence, F|\n|poke|p2|Gengar, F|\n|poke|p2|Rotom-Heat|\n|poke|p2|Sylveon, F|\n|poke|p2|Jirachi|\n|poke|p2|Quaquaval, F|\n|teampreview\n|\n|t:|1699202586\n|start\n|switch|p1a: Grimmsnarl|Grimmsnarl, M|100\/100\n|switch|p2a: Quaquaval|Quaquaval, F|100\/100\n|turn|1\n|\n|t:|1699202593\n|move|p1a: Grimmsnarl|Reflect|p1a: Grimmsnarl\n|-sidestart|p1: THE WALRUS 1234|Reflect\n|move|p2a: Quaquaval|Bulk Up|p2a: Quaquaval\n|-boost|p2a: Quaquaval|atk|1\n|-boost|p2a: Quaquaval|def|1\n|\n|upkeep\n|turn|2\n|\n|t:|1699202603\n|move|p1a: Grimmsnarl|Parting Shot|p2a: Quaquaval\n|-unboost|p2a: Quaquaval|atk|1\n|-unboost|p2a: Quaquaval|spa|1\n|\n|t:|1699202607\n|switch|p1a: Cloyster|Cloyster, F, shiny|100\/100|[from] Parting Shot\n|move|p2a: Quaquaval|Aqua Step|p1a: Cloyster\n|-resisted|p1a: Cloyster\n|-damage|p1a: Cloyster|90\/100\n|-boost|p2a: Quaquaval|spe|1\n|\n|upkeep\n|turn|3\n|\n|t:|1699202630\n|switch|p2a: Rotom|Rotom-Heat|100\/100\n|move|p1a: Cloyster|Shell Smash|p1a: Cloyster\n|-unboost|p1a: Cloyster|def|1\n|-unboost|p1a: Cloyster|spd|1\n|-boost|p1a: Cloyster|atk|2\n|-boost|p1a: Cloyster|spa|2\n|-boost|p1a: Cloyster|spe|2\n|-enditem|p1a: Cloyster|White Herb\n|-clearnegativeboost|p1a: Cloyster|[silent]\n|\n|upkeep\n|turn|4\n|\n|t:|1699202652\n|move|p1a: Cloyster|Rock Blast|p2a: Rotom|[miss]\n|-miss|p1a: Cloyster|p2a: Rotom\n|move|p2a: Rotom|Thunderbolt|p1a: Cloyster\n|-supereffective|p1a: Cloyster\n|-damage|p1a: Cloyster|0 fnt\n|faint|p1a: Cloyster\n|\n|upkeep\n|\n|t:|1699202692\n|switch|p1a: Iron Hands|Iron Hands|100\/100\n|-enditem|p1a: Iron Hands|Booster Energy\n|-activate|p1a: Iron Hands|ability: Quark Drive|[fromitem]\n|-start|p1a: Iron Hands|quarkdriveatk\n|turn|5\n|\n|t:|1699202722\n|switch|p2a: Gengar|Gengar, F, shiny|100\/100\n|move|p1a: Iron Hands|Fake Out|p2a: Gengar\n|-immune|p2a: Gengar\n|\n|upkeep\n|turn|6\n|\n|t:|1699202736\n|-end|p1a: Iron Hands|Quark Drive|[silent]\n|switch|p1a: Grimmsnarl|Grimmsnarl, M|100\/100\n|move|p2a: Gengar|Dazzling Gleam|p1a: Grimmsnarl\n|-supereffective|p1a: Grimmsnarl\n|-damage|p1a: Grimmsnarl|55\/100\n|\n|upkeep\n|turn|7\n|\n|t:|1699202757\n|move|p1a: Grimmsnarl|Light Screen|p1a: Grimmsnarl\n|-sidestart|p1: THE WALRUS 1234|move: Light Screen\n|move|p2a: Gengar|Dazzling Gleam|p1a: Grimmsnarl\n|-supereffective|p1a: Grimmsnarl\n|-damage|p1a: Grimmsnarl|35\/100\n|\n|upkeep\n|turn|8\n|\n|t:|1699202768\n|move|p1a: Grimmsnarl|Sucker Punch|p2a: Gengar\n|-supereffective|p2a: Gengar\n|-damage|p2a: Gengar|0 fnt\n|faint|p2a: Gengar\n|\n|-sideend|p1: THE WALRUS 1234|Reflect\n|upkeep\n|\n|t:|1699202784\n|switch|p2a: RNG POWER|Jirachi|100\/100\n|turn|9\n|\n|t:|1699202839\n|move|p1a: Grimmsnarl|Parting Shot|p2a: RNG POWER\n|-unboost|p2a: RNG POWER|atk|1\n|-unboost|p2a: RNG POWER|spa|1\n|\n|t:|1699202843\n|switch|p1a: Goodra|Goodra-Hisui, F|100\/100|[from] Parting Shot\n|move|p2a: RNG POWER|Iron Head|p1a: Goodra\n|-resisted|p1a: Goodra\n|-damage|p1a: Goodra|92\/100\n|\n|-heal|p1a: Goodra|98\/100|[from] item: Leftovers\n|upkeep\n|turn|10\n|\n|t:|1699202872\n|switch|p2a: Salamence|Salamence, F|100\/100\n|move|p1a: Goodra|Substitute|p1a: Goodra\n|-start|p1a: Goodra|Substitute\n|-damage|p1a: Goodra|73\/100\n|\n|-heal|p1a: Goodra|79\/100|[from] item: Leftovers\n|upkeep\n|turn|11\n|\n|t:|1699202884\n|move|p2a: Salamence|Dragon Dance|p2a: Salamence\n|-boost|p2a: Salamence|atk|1\n|-boost|p2a: Salamence|spe|1\n|move|p1a: Goodra|Draco Meteor|p2a: Salamence\n|-supereffective|p2a: Salamence\n|-damage|p2a: Salamence|0 fnt\n|-unboost|p1a: Goodra|spa|2\n|faint|p2a: Salamence\n|\n|-heal|p1a: Goodra|85\/100|[from] item: Leftovers\n|upkeep\n|\n|t:|1699202916\n|switch|p2a: Sylveon|Sylveon, F|100\/100\n|turn|12\n|\n|t:|1699202927\n|move|p2a: Sylveon|Hyper Voice|p1a: Goodra\n|-damage|p1a: Goodra|74\/100\n|move|p1a: Goodra|Iron Head|p2a: Sylveon\n|-supereffective|p2a: Sylveon\n|-damage|p2a: Sylveon|55\/100\n|\n|-heal|p2a: Sylveon|61\/100|[from] item: Leftovers\n|-heal|p1a: Goodra|80\/100|[from] item: Leftovers\n|upkeep\n|turn|13\n|\n|t:|1699202941\n|move|p2a: Sylveon|Wish|p2a: Sylveon\n|move|p1a: Goodra|Knock Off|p2a: Sylveon\n|-resisted|p2a: Sylveon\n|-crit|p2a: Sylveon\n|-damage|p2a: Sylveon|48\/100\n|-enditem|p2a: Sylveon|Leftovers|[from] move: Knock Off|[of] p1a: Goodra\n|\n|-heal|p1a: Goodra|86\/100|[from] item: Leftovers\n|upkeep\n|turn|14\n|\n|t:|1699202958\n|move|p2a: Sylveon|Protect|p2a: Sylveon\n|-singleturn|p2a: Sylveon|Protect\n|move|p1a: Goodra|Iron Head|p2a: Sylveon\n|-activate|p2a: Sylveon|move: Protect\n|\n|-heal|p2a: Sylveon|98\/100|[from] move: Wish|[wisher] Sylveon\n|-heal|p1a: Goodra|93\/100|[from] item: Leftovers\n|-sideend|p1: THE WALRUS 1234|move: Light Screen\n|upkeep\n|turn|15\n|\n|t:|1699202989\n|switch|p2a: Quaquaval|Quaquaval, F|100\/100\n|move|p1a: Goodra|Iron Head|p2a: Quaquaval\n|-resisted|p2a: Quaquaval\n|-damage|p2a: Quaquaval|86\/100\n|\n|-heal|p1a: Goodra|99\/100|[from] item: Leftovers\n|upkeep\n|turn|16\n|\n|t:|1699203014\n|move|p2a: Quaquaval|Close Combat|p1a: Goodra\n|-supereffective|p1a: Goodra\n|-end|p1a: Goodra|Substitute\n|-unboost|p2a: Quaquaval|def|1\n|-unboost|p2a: Quaquaval|spd|1\n|move|p1a: Goodra|Knock Off|p2a: Quaquaval\n|-resisted|p2a: Quaquaval\n|-damage|p2a: Quaquaval|67\/100\n|-enditem|p2a: Quaquaval|Muscle Band|[from] move: Knock Off|[of] p1a: Goodra\n|\n|-heal|p1a: Goodra|100\/100|[from] item: Leftovers\n|upkeep\n|turn|17\n|\n|t:|1699203033\n|switch|p2a: Sylveon|Sylveon, F|98\/100\n|switch|p1a: Milotic|Milotic, M|100\/100\n|\n|-status|p1a: Milotic|brn|[from] item: Flame Orb\n|upkeep\n|turn|18\n|\n|t:|1699203054\n|move|p1a: Milotic|Ice Beam|p2a: Sylveon\n|-damage|p2a: Sylveon|82\/100\n|move|p2a: Sylveon|Wish|p2a: Sylveon\n|\n|-damage|p1a: Milotic|94\/100 brn|[from] brn\n|upkeep\n|turn|19\n|\n|t:|1699203061\n|switch|p2a: Rotom|Rotom-Heat|100\/100\n|move|p1a: Milotic|Ice Beam|p2a: Rotom\n|-resisted|p2a: Rotom\n|-damage|p2a: Rotom|93\/100\n|\n|-heal|p2a: Rotom|100\/100|[from] move: Wish|[wisher] Sylveon\n|-damage|p1a: Milotic|88\/100 brn|[from] brn\n|upkeep\n|turn|20\n|\n|t:|1699203071\n|move|p2a: Rotom|Thunderbolt|p1a: Milotic\n|-supereffective|p1a: Milotic\n|-damage|p1a: Milotic|41\/100 brn\n|move|p1a: Milotic|Scald|p2a: Rotom\n|-supereffective|p2a: Rotom\n|-damage|p2a: Rotom|56\/100\n|\n|-heal|p2a: Rotom|62\/100|[from] item: Leftovers\n|-damage|p1a: Milotic|35\/100 brn|[from] brn\n|upkeep\n|turn|21\n|\n|t:|1699203095\n|switch|p2a: Sylveon|Sylveon, F|82\/100\n|switch|p1a: Ting-Lu|Ting-Lu|100\/100\n|-ability|p1a: Ting-Lu|Vessel of Ruin\n|\n|upkeep\n|turn|22\n|\n|t:|1699203130\n|switch|p1a: Milotic|Milotic, M|35\/100 brn\n|move|p2a: Sylveon|Wish|p2a: Sylveon\n|\n|-damage|p1a: Milotic|28\/100 brn|[from] brn\n|upkeep\n|turn|23\n|\n|t:|1699203136\n|switch|p2a: Quaquaval|Quaquaval, F|67\/100\n|move|p1a: Milotic|Recover|p1a: Milotic\n|-heal|p1a: Milotic|78\/100 brn\n|\n|-heal|p2a: Quaquaval|100\/100|[from] move: Wish|[wisher] Sylveon\n|-damage|p1a: Milotic|72\/100 brn|[from] brn\n|upkeep\n|turn|24\n|\n|t:|1699203151\n|move|p2a: Quaquaval|Aqua Step|p1a: Milotic\n|-resisted|p1a: Milotic\n|-damage|p1a: Milotic|62\/100 brn\n|-boost|p2a: Quaquaval|spe|1\n|move|p1a: Milotic|Recover|p1a: Milotic\n|-heal|p1a: Milotic|100\/100 brn\n|\n|-damage|p1a: Milotic|94\/100 brn|[from] brn\n|upkeep\n|turn|25\n|\n|t:|1699203165\n|switch|p2a: Sylveon|Sylveon, F|82\/100\n|move|p1a: Milotic|Dragon Pulse|p2a: Sylveon\n|-immune|p2a: Sylveon\n|\n|-damage|p1a: Milotic|88\/100 brn|[from] brn\n|upkeep\n|turn|26\n|\n|t:|1699203173\n|move|p1a: Milotic|Ice Beam|p2a: Sylveon\n|-damage|p2a: Sylveon|68\/100\n|move|p2a: Sylveon|Wish|p2a: Sylveon\n|\n|-damage|p1a: Milotic|82\/100 brn|[from] brn\n|upkeep\n|turn|27\n|\n|t:|1699203182\n|switch|p2a: Rotom|Rotom-Heat|62\/100\n|move|p1a: Milotic|Scald|p2a: Rotom\n|-supereffective|p2a: Rotom\n|-damage|p2a: Rotom|20\/100\n|\n|-heal|p2a: Rotom|85\/100|[from] move: Wish|[wisher] Sylveon\n|-heal|p2a: Rotom|91\/100|[from] item: Leftovers\n|-damage|p1a: Milotic|76\/100 brn|[from] brn\n|upkeep\n|turn|28\n|\n|t:|1699203194\n|move|p2a: Rotom|Thunderbolt|p1a: Milotic\n|-supereffective|p1a: Milotic\n|-damage|p1a: Milotic|27\/100 brn\n|move|p1a: Milotic|Recover|p1a: Milotic\n|-heal|p1a: Milotic|77\/100 brn\n|\n|-heal|p2a: Rotom|97\/100|[from] item: Leftovers\n|-damage|p1a: Milotic|71\/100 brn|[from] brn\n|upkeep\n|turn|29\n|\n|t:|1699203207\n|move|p2a: Rotom|Thunderbolt|p1a: Milotic\n|-supereffective|p1a: Milotic\n|-crit|p1a: Milotic\n|-damage|p1a: Milotic|0 fnt\n|faint|p1a: Milotic\n|\n|-heal|p2a: Rotom|100\/100|[from] item: Leftovers\n|upkeep\n|\n|t:|1699203223\n|switch|p1a: Grimmsnarl|Grimmsnarl, M|35\/100\n|turn|30\n|\n|t:|1699203242\n|move|p1a: Grimmsnarl|Light Screen|p1a: Grimmsnarl\n|-sidestart|p1: THE WALRUS 1234|move: Light Screen\n|move|p2a: Rotom|Thunderbolt|p1a: Grimmsnarl\n|-damage|p1a: Grimmsnarl|23\/100\n|\n|upkeep\n|turn|31\n|\n|t:|1699203256\n|switch|p2a: Sylveon|Sylveon, F|68\/100\n|move|p1a: Grimmsnarl|Parting Shot|p2a: Sylveon\n|-unboost|p2a: Sylveon|atk|1\n|-unboost|p2a: Sylveon|spa|1\n|\n|t:|1699203263\n|switch|p1a: Goodra|Goodra-Hisui, F|100\/100|[from] Parting Shot\n|\n|upkeep\n|turn|32\n|\n|t:|1699203270\n|move|p2a: Sylveon|Calm Mind|p2a: Sylveon\n|-boost|p2a: Sylveon|spa|1\n|-boost|p2a: Sylveon|spd|1\n|move|p1a: Goodra|Iron Head|p2a: Sylveon\n|-supereffective|p2a: Sylveon\n|-damage|p2a: Sylveon|22\/100\n|\n|upkeep\n|turn|33\n|\n|t:|1699203302\n|switch|p2a: RNG POWER|Jirachi|100\/100\n|move|p1a: Goodra|Iron Head|p2a: RNG POWER\n|-resisted|p2a: RNG POWER\n|-damage|p2a: RNG POWER|92\/100\n|\n|-heal|p2a: RNG POWER|99\/100|[from] item: Leftovers\n|upkeep\n|turn|34\n|\n|t:|1699203322\n|move|p2a: RNG POWER|Wish|p2a: RNG POWER\n|move|p1a: Goodra|Knock Off|p2a: RNG POWER\n|-supereffective|p2a: RNG POWER\n|-damage|p2a: RNG POWER|71\/100\n|-enditem|p2a: RNG POWER|Leftovers|[from] move: Knock Off|[of] p1a: Goodra\n|\n|upkeep\n|turn|35\n|\n|t:|1699203329\n|switch|p2a: Sylveon|Sylveon, F|22\/100\n|move|p1a: Goodra|Substitute|p1a: Goodra\n|-start|p1a: Goodra|Substitute\n|-damage|p1a: Goodra|76\/100\n|\n|-heal|p2a: Sylveon|73\/100|[from] move: Wish|[wisher] RNG POWER\n|-heal|p1a: Goodra|82\/100|[from] item: Leftovers\n|upkeep\n|turn|36\n|\n|t:|1699203340\n|move|p2a: Sylveon|Hyper Voice|p1a: Goodra\n|-damage|p1a: Goodra|71\/100\n|move|p1a: Goodra|Iron Head|p2a: Sylveon\n|-supereffective|p2a: Sylveon\n|-damage|p2a: Sylveon|28\/100\n|\n|-heal|p1a: Goodra|77\/100|[from] item: Leftovers\n|upkeep\n|turn|37\n|\n|t:|1699203349\n|switch|p2a: RNG POWER|Jirachi|71\/100\n|move|p1a: Goodra|Iron Head|p2a: RNG POWER\n|-resisted|p2a: RNG POWER\n|-damage|p2a: RNG POWER|62\/100\n|\n|-heal|p1a: Goodra|83\/100|[from] item: Leftovers\n|-sideend|p1: THE WALRUS 1234|move: Light Screen\n|upkeep\n|turn|38\n|\n|t:|1699203358\n|move|p2a: RNG POWER|Iron Head|p1a: Goodra\n|-resisted|p1a: Goodra\n|-activate|p1a: Goodra|move: Substitute|[damage]\n|move|p1a: Goodra|Iron Head|p2a: RNG POWER\n|-resisted|p2a: RNG POWER\n|-damage|p2a: RNG POWER|53\/100\n|\n|-heal|p1a: Goodra|89\/100|[from] item: Leftovers\n|upkeep\n|turn|39\n|\n|t:|1699203377\n|move|p2a: RNG POWER|Wish|p2a: RNG POWER\n|move|p1a: Goodra|Iron Head|p2a: RNG POWER\n|-resisted|p2a: RNG POWER\n|-damage|p2a: RNG POWER|45\/100\n|\n|-heal|p1a: Goodra|95\/100|[from] item: Leftovers\n|upkeep\n|turn|40\n|\n|t:|1699203395\n|move|p2a: RNG POWER|U-turn|p1a: Goodra\n|-resisted|p1a: Goodra\n|-activate|p1a: Goodra|move: Substitute|[damage]\n|\n|t:|1699203400\n|switch|p2a: Sylveon|Sylveon, F|28\/100|[from] U-turn\n|move|p1a: Goodra|Iron Head|p2a: Sylveon\n|-supereffective|p2a: Sylveon\n|-damage|p2a: Sylveon|0 fnt\n|faint|p2a: Sylveon\n|\n|-heal|p1a: Goodra|100\/100|[from] item: Leftovers\n|upkeep\n|\n|t:|1699203409\n|switch|p2a: Quaquaval|Quaquaval, F|100\/100\n|turn|41\n|\n|t:|1699203420\n|move|p2a: Quaquaval|Aqua Step|p1a: Goodra\n|-resisted|p1a: Goodra\n|-end|p1a: Goodra|Substitute\n|-boost|p2a: Quaquaval|spe|1\n|move|p1a: Goodra|Draco Meteor|p2a: Quaquaval\n|-damage|p2a: Quaquaval|41\/100\n|-unboost|p1a: Goodra|spa|2\n|\n|upkeep\n|turn|42\n|\n|t:|1699203450\n|switch|p2a: RNG POWER|Jirachi|45\/100\n|switch|p1a: Grimmsnarl|Grimmsnarl, M|23\/100\n|\n|upkeep\n|turn|43\n|\n|t:|1699203458\n|move|p1a: Grimmsnarl|Light Screen|p1a: Grimmsnarl\n|-sidestart|p1: THE WALRUS 1234|move: Light Screen\n|move|p2a: RNG POWER|Iron Head|p1a: Grimmsnarl\n|-supereffective|p1a: Grimmsnarl\n|-damage|p1a: Grimmsnarl|0 fnt\n|faint|p1a: Grimmsnarl\n|\n|upkeep\n|\n|t:|1699203499\n|switch|p1a: Ting-Lu|Ting-Lu|100\/100\n|-ability|p1a: Ting-Lu|Vessel of Ruin\n|turn|44\n|\n|t:|1699203518\n|move|p2a: RNG POWER|Wish|p2a: RNG POWER\n|move|p1a: Ting-Lu|Throat Chop|p2a: RNG POWER\n|-supereffective|p2a: RNG POWER\n|-damage|p2a: RNG POWER|0 fnt\n|faint|p2a: RNG POWER\n|\n|upkeep\n|\n|t:|1699203523\n|switch|p2a: Quaquaval|Quaquaval, F|41\/100\n|turn|45\n|\n|t:|1699203535\n|move|p2a: Quaquaval|Aqua Step|p1a: Ting-Lu\n|-supereffective|p1a: Ting-Lu\n|-damage|p1a: Ting-Lu|57\/100\n|-boost|p2a: Quaquaval|spe|1\n|move|p1a: Ting-Lu|Zen Headbutt|p2a: Quaquaval\n|-supereffective|p2a: Quaquaval\n|-damage|p2a: Quaquaval|0 fnt\n|faint|p2a: Quaquaval\n|\n|upkeep\n|\n|t:|1699203543\n|switch|p2a: Rotom|Rotom-Heat|100\/100\n|turn|46\n|\n|t:|1699203563\n|move|p2a: Rotom|Overheat|p1a: Ting-Lu\n|-damage|p1a: Ting-Lu|43\/100\n|-unboost|p2a: Rotom|spa|2\n|move|p1a: Ting-Lu|Throat Chop|p2a: Rotom\n|-damage|p2a: Rotom|59\/100\n|-start|p2a: Rotom|Throat Chop|[silent]\n|\n|-heal|p2a: Rotom|65\/100|[from] item: Leftovers\n|upkeep\n|turn|47\n|\n|t:|1699203580\n|move|p2a: Rotom|Overheat|p1a: Ting-Lu\n|-damage|p1a: Ting-Lu|36\/100\n|-unboost|p2a: Rotom|spa|2\n|move|p1a: Ting-Lu|Throat Chop|p2a: Rotom\n|-damage|p2a: Rotom|24\/100\n|\n|-heal|p2a: Rotom|30\/100|[from] item: Leftovers\n|-end|p2a: Rotom|Throat Chop|[silent]\n|upkeep\n|turn|48\n|\n|t:|1699203589\n|move|p2a: Rotom|Overheat|p1a: Ting-Lu|[miss]\n|-miss|p2a: Rotom|p1a: Ting-Lu\n|move|p1a: Ting-Lu|Throat Chop|p2a: Rotom\n|-damage|p2a: Rotom|0 fnt\n|faint|p2a: Rotom\n|\n|win|THE WALRUS 1234\n|l|\u2606Lucia7x\n","uploadtime":1699203783,"views":14,"p1id":"thewalrus1234","p2id":"lucia7x","formatid":"gen9anythinggoes","rating":0,"private":0,"password":""}