{"id":"gen9anythinggoes-1978082136","p1":"BrandNewHeree","p2":"Blaze1911","format":"[Gen 9] Anything Goes","log":"|j|\u2606BrandNewHeree\n|j|\u2606Blaze1911\n|t:|1698496653\n|gametype|singles\n|player|p1|BrandNewHeree|2|\n|player|p2|Blaze1911|169|\n|teamsize|p1|6\n|teamsize|p2|6\n|gen|9\n|tier|[Gen 9] Anything Goes\n|rule|HP Percentage Mod: HP is shown in percentages\n|rule|Endless Battle Clause: Forcing endless battles is banned\n|clearpoke\n|poke|p1|Noivern, F|\n|poke|p1|Sylveon, M|\n|poke|p1|Mesprit|\n|poke|p1|Toxicroak, F|\n|poke|p1|Houndoom, M|\n|poke|p1|Inteleon, M|\n|poke|p2|Abomasnow, F|\n|poke|p2|Ambipom, F|\n|poke|p2|Passimian, M|\n|poke|p2|Cetitan, M|\n|poke|p2|Rotom-Mow|\n|poke|p2|Glastrier|\n|teampreview\n|\n|t:|1698496681\n|start\n|switch|p1a: Noivern|Noivern, F|100\/100\n|switch|p2a: Ambipom|Ambipom, F, shiny|100\/100\n|-item|p2a: Ambipom|Life Orb|[from] ability: Frisk|[of] p1a: Noivern|[identify]\n|turn|1\n|\n|t:|1698496690\n|switch|p1a: Sylveon|Sylveon, M|100\/100\n|move|p2a: Ambipom|Fake Out|p1a: Sylveon\n|-damage|p1a: Sylveon|71\/100\n|-damage|p2a: Ambipom|84\/100|[from] item: Rocky Helmet|[of] p1a: Sylveon\n|-damage|p2a: Ambipom|74\/100|[from] item: Life Orb\n|\n|upkeep\n|turn|2\n|\n|t:|1698496701\n|move|p2a: Ambipom|Last Resort|p1a: Sylveon\n|-damage|p1a: Sylveon|5\/100\n|-damage|p2a: Ambipom|58\/100|[from] item: Rocky Helmet|[of] p1a: Sylveon\n|-damage|p2a: Ambipom|48\/100|[from] item: Life Orb\n|move|p1a: Sylveon|Wish|p1a: Sylveon\n|\n|upkeep\n|turn|3\n|\n|t:|1698496711\n|move|p1a: Sylveon|Protect|p1a: Sylveon\n|-singleturn|p1a: Sylveon|Protect\n|move|p2a: Ambipom|Last Resort|p1a: Sylveon\n|-activate|p1a: Sylveon|move: Protect\n|\n|-heal|p1a: Sylveon|55\/100|[from] move: Wish|[wisher] Sylveon\n|upkeep\n|turn|4\n|\n|t:|1698496732\n|move|p2a: Ambipom|Last Resort|p1a: Sylveon\n|-damage|p1a: Sylveon|0 fnt\n|-damage|p2a: Ambipom|31\/100|[from] item: Rocky Helmet|[of] p1a: Sylveon\n|faint|p1a: Sylveon\n|-damage|p2a: Ambipom|21\/100|[from] item: Life Orb\n|\n|upkeep\n|\n|t:|1698496744\n|switch|p1a: Toxicroak|Toxicroak, F|100\/100\n|turn|5\n|\n|t:|1698496751\n|move|p1a: Toxicroak|Vacuum Wave|p2a: Ambipom\n|-supereffective|p2a: Ambipom\n|-damage|p2a: Ambipom|0 fnt\n|faint|p2a: Ambipom\n|-damage|p1a: Toxicroak|91\/100|[from] item: Life Orb\n|\n|upkeep\n|inactive|Battle timer is ON: inactive players will automatically lose when time's up. (requested by BrandNewHeree)\n|\n|t:|1698496764\n|switch|p2a: Abomasnow|Abomasnow, F, shiny|100\/100\n|-weather|Snow|[from] ability: Snow Warning|[of] p2a: Abomasnow\n|turn|6\n|\n|t:|1698496781\n|switch|p1a: Noivern|Noivern, F|100\/100\n|-item|p2a: Abomasnow|Light Clay|[from] ability: Frisk|[of] p1a: Noivern|[identify]\n|-terastallize|p2a: Abomasnow|Water\n|move|p2a: Abomasnow|Aurora Veil|p2a: Abomasnow\n|-sidestart|p2: Blaze1911|move: Aurora Veil\n|\n|-weather|Snow|[upkeep]\n|upkeep\n|turn|7\n|\n|t:|1698496797\n|-terastallize|p1a: Noivern|Steel\n|move|p1a: Noivern|Defog|p2a: Abomasnow\n|-unboost|p2a: Abomasnow|evasion|1\n|-sideend|p2: Blaze1911|move: Aurora Veil\n|move|p2a: Abomasnow|Blizzard|p1a: Noivern\n|-resisted|p1a: Noivern\n|-damage|p1a: Noivern|73\/100\n|\n|-weather|Snow|[upkeep]\n|-heal|p1a: Noivern|79\/100|[from] item: Leftovers\n|upkeep\n|turn|8\n|\n|t:|1698496812\n|move|p1a: Noivern|Hurricane|p2a: Abomasnow\n|-damage|p2a: Abomasnow|58\/100\n|-start|p2a: Abomasnow|confusion\n|-activate|p2a: Abomasnow|confusion\n|move|p2a: Abomasnow|Earth Power|p1a: Noivern\n|-supereffective|p1a: Noivern\n|-damage|p1a: Noivern|19\/100\n|\n|-weather|Snow|[upkeep]\n|-heal|p1a: Noivern|26\/100|[from] item: Leftovers\n|upkeep\n|turn|9\n|\n|t:|1698496825\n|switch|p1a: Mesprit|Mesprit|100\/100\n|switch|p2a: Rotom|Rotom-Mow, shiny|100\/100\n|\n|-weather|Snow|[upkeep]\n|upkeep\n|turn|10\n|\n|t:|1698496835\n|move|p2a: Rotom|Trick|p1a: Mesprit\n|-activate|p2a: Rotom|move: Trick|[of] p1a: Mesprit\n|-item|p1a: Mesprit|Choice Scarf|[from] move: Trick\n|-item|p2a: Rotom|Heat Rock|[from] move: Trick\n|move|p1a: Mesprit|Stealth Rock|p2a: Rotom\n|-sidestart|p2: Blaze1911|move: Stealth Rock\n|\n|-weather|none\n|upkeep\n|turn|11\n|\n|t:|1698496848\n|switch|p1a: Houndoom|Houndoom, M, shiny|100\/100\n|move|p2a: Rotom|Volt Switch|p1a: Houndoom\n|-damage|p1a: Houndoom|52\/100\n|\n|t:|1698496857\n|switch|p2a: Passimian|Passimian, M|100\/100|[from] Volt Switch\n|-damage|p2a: Passimian|94\/100|[from] Stealth Rock\n|\n|upkeep\n|turn|12\n|\n|t:|1698496872\n|switch|p1a: Mesprit|Mesprit|100\/100\n|move|p2a: Passimian|U-turn|p1a: Mesprit\n|-supereffective|p1a: Mesprit\n|-damage|p1a: Mesprit|42\/100\n|\n|t:|1698496878\n|switch|p2a: Rotom|Rotom-Mow, shiny|100\/100|[from] U-turn\n|-damage|p2a: Rotom|88\/100|[from] Stealth Rock\n|\n|upkeep\n|turn|13\n|inactive|BrandNewHeree has 270 seconds left.\n|\n|t:|1698496911\n|move|p1a: Mesprit|U-turn|p2a: Rotom\n|-supereffective|p2a: Rotom\n|-damage|p2a: Rotom|47\/100\n|inactive|BrandNewHeree has 270 seconds left.\n|\n|t:|1698496918\n|switch|p1a: Houndoom|Houndoom, M, shiny|52\/100|[from] U-turn\n|move|p2a: Rotom|Thunderbolt|p1a: Houndoom\n|-damage|p1a: Houndoom|0 fnt\n|faint|p1a: Houndoom\n|\n|upkeep\n|inactive|BrandNewHeree has 270 seconds left.\n|\n|t:|1698496943\n|switch|p1a: Noivern|Noivern, F, tera:Steel|26\/100\n|-item|p2a: Rotom|Heat Rock|[from] ability: Frisk|[of] p1a: Noivern|[identify]\n|turn|14\n|\n|t:|1698496949\n|move|p1a: Noivern|Roost|p1a: Noivern\n|-heal|p1a: Noivern|76\/100\n|move|p2a: Rotom|Volt Switch|p1a: Noivern\n|-damage|p1a: Noivern|34\/100\n|\n|t:|1698496955\n|switch|p2a: Cetitan|Cetitan, M, shiny|100\/100|[from] Volt Switch\n|-damage|p2a: Cetitan|75\/100|[from] Stealth Rock\n|\n|-heal|p1a: Noivern|41\/100|[from] item: Leftovers\n|upkeep\n|turn|15\n|inactive|BrandNewHeree has 270 seconds left.\n|\n|t:|1698496965\n|move|p1a: Noivern|Flamethrower|p2a: Cetitan\n|-supereffective|p2a: Cetitan\n|-damage|p2a: Cetitan|44\/100\n|-enditem|p2a: Cetitan|Sitrus Berry|[eat]\n|-heal|p2a: Cetitan|69\/100|[from] item: Sitrus Berry\n|move|p2a: Cetitan|Belly Drum|p2a: Cetitan\n|-damage|p2a: Cetitan|19\/100\n|-setboost|p2a: Cetitan|atk|6|[from] move: Belly Drum\n|\n|-heal|p1a: Noivern|47\/100|[from] item: Leftovers\n|upkeep\n|turn|16\n|\n|t:|1698496978\n|move|p2a: Cetitan|Ice Shard|p1a: Noivern\n|-resisted|p1a: Noivern\n|-damage|p1a: Noivern|13\/100\n|move|p1a: Noivern|Flamethrower|p2a: Cetitan\n|-supereffective|p2a: Cetitan\n|-damage|p2a: Cetitan|0 fnt\n|faint|p2a: Cetitan\n|\n|-heal|p1a: Noivern|19\/100|[from] item: Leftovers\n|upkeep\n|\n|t:|1698496989\n|switch|p2a: Passimian|Passimian, M|94\/100\n|-damage|p2a: Passimian|88\/100|[from] Stealth Rock\n|turn|17\n|\n|t:|1698497002\n|switch|p1a: Toxicroak|Toxicroak, F|91\/100\n|move|p2a: Passimian|Close Combat|p1a: Toxicroak\n|-resisted|p1a: Toxicroak\n|-damage|p1a: Toxicroak|39\/100\n|-unboost|p2a: Passimian|def|1\n|-unboost|p2a: Passimian|spd|1\n|\n|upkeep\n|turn|18\n|inactive|BrandNewHeree has 270 seconds left.\n|\n|t:|1698497042\n|switch|p2a: Abomasnow|Abomasnow, F, shiny, tera:Water|58\/100\n|-damage|p2a: Abomasnow|46\/100|[from] Stealth Rock\n|-weather|Snow|[from] ability: Snow Warning|[of] p2a: Abomasnow\n|switch|p1a: Noivern|Noivern, F, tera:Steel|19\/100\n|-item|p2a: Abomasnow|Light Clay|[from] ability: Frisk|[of] p1a: Noivern|[identify]\n|\n|-weather|Snow|[upkeep]\n|-heal|p1a: Noivern|25\/100|[from] item: Leftovers\n|upkeep\n|turn|19\n|\n|t:|1698497057\n|move|p1a: Noivern|Hurricane|p2a: Abomasnow\n|-damage|p2a: Abomasnow|3\/100\n|move|p2a: Abomasnow|Earth Power|p1a: Noivern\n|-supereffective|p1a: Noivern\n|-damage|p1a: Noivern|0 fnt\n|faint|p1a: Noivern\n|\n|-weather|Snow|[upkeep]\n|upkeep\n|\n|t:|1698497074\n|switch|p1a: Mesprit|Mesprit|42\/100\n|turn|20\n|\n|t:|1698497078\n|move|p1a: Mesprit|U-turn|p2a: Abomasnow\n|-damage|p2a: Abomasnow|0 fnt\n|faint|p2a: Abomasnow\n|\n|t:|1698497087\n|switch|p1a: Inteleon|Inteleon, M|100\/100|[from] U-turn\n|\n|-weather|Snow|[upkeep]\n|upkeep\n|\n|t:|1698497104\n|switch|p2a: Passimian|Passimian, M|88\/100\n|-damage|p2a: Passimian|82\/100|[from] Stealth Rock\n|turn|21\n|inactive|BrandNewHeree has 270 seconds left.\n|\n|t:|1698497111\n|move|p1a: Inteleon|U-turn|p2a: Passimian\n|-resisted|p2a: Passimian\n|-damage|p2a: Passimian|75\/100\n|inactive|BrandNewHeree has 270 seconds left.\n|inactive|BrandNewHeree has 240 seconds left.\n|\n|t:|1698497147\n|switch|p1a: Toxicroak|Toxicroak, F|39\/100|[from] U-turn\n|move|p2a: Passimian|U-turn|p1a: Toxicroak\n|-resisted|p1a: Toxicroak\n|-damage|p1a: Toxicroak|29\/100\n|\n|t:|1698497157\n|switch|p2a: Glastrier|Glastrier|100\/100|[from] U-turn\n|-damage|p2a: Glastrier|75\/100|[from] Stealth Rock\n|\n|-weather|Snow|[upkeep]\n|-heal|p2a: Glastrier|82\/100|[from] item: Leftovers\n|upkeep\n|turn|22\n|inactive|BrandNewHeree has 240 seconds left.\n|\n|t:|1698497175\n|move|p1a: Toxicroak|Sludge Bomb|p2a: Glastrier\n|-damage|p2a: Glastrier|45\/100\n|-damage|p1a: Toxicroak|19\/100|[from] item: Life Orb\n|move|p2a: Glastrier|Icicle Crash|p1a: Toxicroak\n|-damage|p1a: Toxicroak|0 fnt\n|faint|p1a: Toxicroak\n|-ability|p2a: Glastrier|Chilling Neigh|boost\n|-boost|p2a: Glastrier|atk|1\n|\n|-weather|none\n|-heal|p2a: Glastrier|51\/100|[from] item: Leftovers\n|upkeep\n|inactive|BrandNewHeree has 240 seconds left.\n|\n|t:|1698497190\n|switch|p1a: Mesprit|Mesprit|42\/100\n|turn|23\n|\n|t:|1698497194\n|move|p1a: Mesprit|Mystical Power|p2a: Glastrier\n|-damage|p2a: Glastrier|25\/100\n|-boost|p1a: Mesprit|spa|1\n|move|p2a: Glastrier|Icicle Crash|p1a: Mesprit\n|-damage|p1a: Mesprit|0 fnt\n|faint|p1a: Mesprit\n|-ability|p2a: Glastrier|Chilling Neigh|boost\n|-boost|p2a: Glastrier|atk|1\n|\n|-heal|p2a: Glastrier|31\/100|[from] item: Leftovers\n|upkeep\n|\n|t:|1698497198\n|switch|p1a: Inteleon|Inteleon, M|100\/100\n|turn|24\n|\n|t:|1698497209\n|move|p1a: Inteleon|Snipe Shot|p2a: Glastrier\n|-damage|p2a: Glastrier|0 fnt\n|faint|p2a: Glastrier\n|\n|upkeep\n|\n|t:|1698497217\n|switch|p2a: Rotom|Rotom-Mow, shiny|47\/100\n|-damage|p2a: Rotom|34\/100|[from] Stealth Rock\n|turn|25\n|\n|t:|1698497224\n|move|p1a: Inteleon|Snipe Shot|p2a: Rotom\n|-resisted|p2a: Rotom\n|-damage|p2a: Rotom|9\/100\n|move|p2a: Rotom|Thunderbolt|p1a: Inteleon\n|-supereffective|p1a: Inteleon\n|-damage|p1a: Inteleon|0 fnt\n|faint|p1a: Inteleon\n|\n|win|Blaze1911\n","uploadtime":1698497233,"views":29,"p1id":"brandnewheree","p2id":"blaze1911","formatid":"gen9anythinggoes","rating":0,"private":0,"password":""}