{"id":"gen9anythinggoes-1979913961","p1":"Bakitaladelbarrio","p2":"tanakagfg","format":"[Gen 9] Anything Goes","log":"|j|\u2606Bakitaladelbarrio\n|j|\u2606tanakagfg\n|t:|1698728539\n|gametype|singles\n|player|p1|Bakitaladelbarrio|colress|1195\n|player|p2|tanakagfg|concordia|1298\n|teamsize|p1|6\n|teamsize|p2|6\n|gen|9\n|tier|[Gen 9] Anything Goes\n|rated|\n|rule|HP Percentage Mod: HP is shown in percentages\n|rule|Endless Battle Clause: Forcing endless battles is banned\n|clearpoke\n|poke|p1|Espathra, M|\n|poke|p1|Drifblim, M|\n|poke|p1|Espeon, F|\n|poke|p1|Manaphy|\n|poke|p1|Clefable, M|\n|poke|p1|Basculegion, M|\n|poke|p2|Mimikyu, M|\n|poke|p2|Bronzong|\n|poke|p2|Volcarona, M|\n|poke|p2|Garchomp, M|\n|poke|p2|Torterra, F|\n|poke|p2|Articuno|\n|teampreview\n|inactive|Battle timer is ON: inactive players will automatically lose when time's up. (requested by Bakitaladelbarrio)\n|\n|t:|1698728546\n|start\n|switch|p1a: Drifblim|Drifblim, M|100\/100\n|switch|p2a: Surtr|Volcarona, M|100\/100\n|turn|1\n|\n|t:|1698728552\n|move|p2a: Surtr|Quiver Dance|p2a: Surtr\n|-boost|p2a: Surtr|spa|1\n|-boost|p2a: Surtr|spd|1\n|-boost|p2a: Surtr|spe|1\n|move|p1a: Drifblim|Minimize|p1a: Drifblim\n|-boost|p1a: Drifblim|evasion|2\n|\n|upkeep\n|turn|2\n|\n|t:|1698728559\n|move|p2a: Surtr|Quiver Dance|p2a: Surtr\n|-boost|p2a: Surtr|spa|1\n|-boost|p2a: Surtr|spd|1\n|-boost|p2a: Surtr|spe|1\n|move|p1a: Drifblim|Minimize|p1a: Drifblim\n|-boost|p1a: Drifblim|evasion|2\n|\n|upkeep\n|turn|3\n|\n|t:|1698728566\n|move|p2a: Surtr|Bug Buzz|p1a: Drifblim|[miss]\n|-miss|p2a: Surtr|p1a: Drifblim\n|move|p1a: Drifblim|Minimize|p1a: Drifblim\n|-boost|p1a: Drifblim|evasion|2\n|\n|upkeep\n|turn|4\n|\n|t:|1698728572\n|move|p2a: Surtr|Bug Buzz|p1a: Drifblim\n|-resisted|p1a: Drifblim\n|-damage|p1a: Drifblim|72\/100\n|move|p1a: Drifblim|Baton Pass|p1a: Drifblim\n|\n|t:|1698728580\n|switch|p1a: Espathra|Espathra, M|100\/100|[from] Baton Pass\n|\n|upkeep\n|turn|5\n|\n|t:|1698728588\n|move|p1a: Espathra|Protect|p1a: Espathra\n|-singleturn|p1a: Espathra|Protect\n|move|p2a: Surtr|Fiery Dance|p1a: Espathra\n|-activate|p1a: Espathra|move: Protect\n|\n|-ability|p1a: Espathra|Speed Boost|boost\n|-boost|p1a: Espathra|spe|1\n|upkeep\n|turn|6\n|\n|t:|1698728603\n|move|p2a: Surtr|Fiery Dance|p1a: Espathra|[miss]\n|-miss|p2a: Surtr|p1a: Espathra\n|move|p1a: Espathra|Calm Mind|p1a: Espathra\n|-boost|p1a: Espathra|spa|1\n|-boost|p1a: Espathra|spd|1\n|\n|-ability|p1a: Espathra|Speed Boost|boost\n|-boost|p1a: Espathra|spe|1\n|upkeep\n|turn|7\n|l|\u2606Bakitaladelbarrio\n|inactive|Bakitaladelbarrio disconnected and has a minute to reconnect!\n|player|p1|\n|j|\u2606Bakitaladelbarrio\n|inactive|Bakitaladelbarrio reconnected and has 140 seconds left.\n|player|p1|Bakitaladelbarrio|colress\n|\n|t:|1698728622\n|move|p1a: Espathra|Calm Mind|p1a: Espathra\n|-boost|p1a: Espathra|spa|1\n|-boost|p1a: Espathra|spd|1\n|move|p2a: Surtr|Fiery Dance|p1a: Espathra\n|-damage|p1a: Espathra|30\/100\n|\n|-ability|p1a: Espathra|Speed Boost|boost\n|-boost|p1a: Espathra|spe|1\n|upkeep\n|turn|8\n|\n|t:|1698728631\n|move|p1a: Espathra|Protect|p1a: Espathra\n|-singleturn|p1a: Espathra|Protect\n|move|p2a: Surtr|Fiery Dance|p1a: Espathra\n|-activate|p1a: Espathra|move: Protect\n|\n|-ability|p1a: Espathra|Speed Boost|boost\n|-boost|p1a: Espathra|spe|1\n|upkeep\n|turn|9\n|\n|t:|1698728640\n|move|p1a: Espathra|Baton Pass|p1a: Espathra\n|\n|t:|1698728641\n|switch|p1a: Manaphy|Manaphy|100\/100|[from] Baton Pass\n|move|p2a: Surtr|Fiery Dance|p1a: Manaphy|[miss]\n|-miss|p2a: Surtr|p1a: Manaphy\n|\n|upkeep\n|turn|10\n|\n|t:|1698728650\n|move|p1a: Manaphy|Stored Power|p2a: Surtr\n|-damage|p2a: Surtr|1\/100\n|move|p2a: Surtr|Giga Drain|p1a: Manaphy\n|-supereffective|p1a: Manaphy\n|-damage|p1a: Manaphy|53\/100\n|-heal|p2a: Surtr|32\/100|[from] drain|[of] p1a: Manaphy\n|\n|-heal|p1a: Manaphy|60\/100|[from] item: Leftovers\n|upkeep\n|turn|11\n|\n|t:|1698728660\n|move|p1a: Manaphy|Stored Power|p2a: Surtr\n|-damage|p2a: Surtr|0 fnt\n|faint|p2a: Surtr\n|\n|-heal|p1a: Manaphy|66\/100|[from] item: Leftovers\n|upkeep\n|\n|t:|1698728669\n|switch|p2a: phonix|Articuno, shiny|100\/100\n|turn|12\n|\n|t:|1698728674\n|move|p1a: Manaphy|Stored Power|p2a: phonix\n|-damage|p2a: phonix|0 fnt\n|faint|p2a: phonix\n|\n|-heal|p1a: Manaphy|72\/100|[from] item: Leftovers\n|upkeep\n|\n|t:|1698728677\n|switch|p2a: Salad|Torterra, F|100\/100\n|turn|13\n|\n|t:|1698728686\n|move|p1a: Manaphy|Stored Power|p2a: Salad\n|-crit|p2a: Salad\n|-damage|p2a: Salad|0 fnt\n|faint|p2a: Salad\n|\n|-heal|p1a: Manaphy|78\/100|[from] item: Leftovers\n|upkeep\n|\n|t:|1698728690\n|switch|p2a: Psychometal|Bronzong, shiny|100\/100\n|turn|14\n|\n|t:|1698728699\n|move|p1a: Manaphy|Acid Armor|p1a: Manaphy\n|-boost|p1a: Manaphy|def|2\n|move|p2a: Psychometal|Earthquake|p1a: Manaphy|[miss]\n|-miss|p2a: Psychometal|p1a: Manaphy\n|\n|-heal|p1a: Manaphy|84\/100|[from] item: Leftovers\n|upkeep\n|turn|15\n|\n|t:|1698728710\n|move|p1a: Manaphy|Take Heart|p1a: Manaphy\n|-boost|p1a: Manaphy|spa|1\n|-boost|p1a: Manaphy|spd|1\n|move|p2a: Psychometal|Earthquake|p1a: Manaphy|[miss]\n|-miss|p2a: Psychometal|p1a: Manaphy\n|\n|-heal|p1a: Manaphy|91\/100|[from] item: Leftovers\n|upkeep\n|turn|16\n|\n|t:|1698728719\n|move|p1a: Manaphy|Scald|p2a: Psychometal\n|-damage|p2a: Psychometal|28\/100\n|move|p2a: Psychometal|Gyro Ball|p1a: Manaphy|[miss]\n|-miss|p2a: Psychometal|p1a: Manaphy\n|\n|-heal|p1a: Manaphy|97\/100|[from] item: Leftovers\n|-heal|p2a: Psychometal|34\/100|[from] item: Leftovers\n|upkeep\n|turn|17\n|\n|t:|1698728733\n|move|p1a: Manaphy|Scald|p2a: Psychometal\n|-damage|p2a: Psychometal|0 fnt\n|faint|p2a: Psychometal\n|\n|-heal|p1a: Manaphy|100\/100|[from] item: Leftovers\n|upkeep\n|\n|t:|1698728742\n|switch|p2a: Doodle|Mimikyu, M|100\/100\n|turn|18\n|\n|t:|1698728747\n|move|p2a: Doodle|Shadow Sneak|p1a: Manaphy|[miss]\n|-miss|p2a: Doodle|p1a: Manaphy\n|move|p1a: Manaphy|Scald|p2a: Doodle\n|-activate|p2a: Doodle|ability: Disguise\n|-damage|p2a: Doodle|100\/100\n|detailschange|p2a: Doodle|Mimikyu-Busted, M\n|-damage|p2a: Doodle|88\/100|[from] pokemon: Mimikyu-Busted\n|\n|upkeep\n|turn|19\n|\n|t:|1698728756\n|move|p2a: Doodle|Shadow Sneak|p1a: Manaphy\n|-damage|p1a: Manaphy|93\/100\n|move|p1a: Manaphy|Stored Power|p2a: Doodle\n|-damage|p2a: Doodle|0 fnt\n|faint|p2a: Doodle\n|\n|-heal|p1a: Manaphy|99\/100|[from] item: Leftovers\n|upkeep\n|\n|t:|1698728760\n|switch|p2a: Shork|Garchomp, M|100\/100\n|turn|20\n|\n|t:|1698728767\n|move|p1a: Manaphy|Stored Power|p2a: Shork\n|-damage|p2a: Shork|0 fnt\n|faint|p2a: Shork\n|\n|win|Bakitaladelbarrio\n|raw|Bakitaladelbarrio's rating: 1195 &rarr; <strong>1227<\/strong><br \/>(+32 for winning)\n|raw|tanakagfg's rating: 1298 &rarr; <strong>1266<\/strong><br \/>(-32 for losing)\n|l|\u2606tanakagfg\n","uploadtime":1698728774,"views":8,"p1id":"bakitaladelbarrio","p2id":"tanakagfg","formatid":"gen9anythinggoes","rating":1227,"private":0,"password":""}