{"id":"gen9anythinggoes-1991930839","p1":"JayzonAlcantara","p2":"kingdragon9571","format":"[Gen 9] Anything Goes","log":"|j|\u2606JayzonAlcantara\n|j|\u2606kingdragon9571\n|t:|1700139550\n|gametype|singles\n|player|p1|JayzonAlcantara|cynthia-gen4|1203\n|player|p2|kingdragon9571|unknown|1258\n|teamsize|p1|6\n|teamsize|p2|6\n|gen|9\n|tier|[Gen 9] Anything Goes\n|rated|\n|rule|HP Percentage Mod: HP is shown in percentages\n|rule|Endless Battle Clause: Forcing endless battles is banned\n|clearpoke\n|poke|p1|Hippowdon, M|\n|poke|p1|Ceruledge, M|\n|poke|p1|Vivillon-Icy Snow, M|\n|poke|p1|Houndstone, M|\n|poke|p1|Calyrex-Shadow|\n|poke|p1|Iron Bundle|\n|poke|p2|Mewtwo|\n|poke|p2|Dragapult, F|\n|poke|p2|Arceus-Dragon|\n|poke|p2|Dialga|\n|poke|p2|Palkia|\n|poke|p2|Giratina|\n|teampreview\n|\n|t:|1700139556\n|start\n|switch|p1a: 1 hit|Vivillon-Icy Snow, M, shiny|100\/100\n|switch|p2a: Arceus|Arceus-Dragon, shiny|100\/100\n|turn|1\n|\n|t:|1700139565\n|-terastallize|p1a: 1 hit|Bug\n|move|p2a: Arceus|Dragon Dance|p2a: Arceus\n|-boost|p2a: Arceus|atk|1\n|-boost|p2a: Arceus|spe|1\n|move|p1a: 1 hit|Sleep Powder|p2a: Arceus\n|-status|p2a: Arceus|slp|[from] move: Sleep Powder\n|\n|upkeep\n|turn|2\n|\n|t:|1700139572\n|cant|p2a: Arceus|slp\n|move|p1a: 1 hit|Quiver Dance|p1a: 1 hit\n|-boost|p1a: 1 hit|spa|1\n|-boost|p1a: 1 hit|spd|1\n|-boost|p1a: 1 hit|spe|1\n|\n|upkeep\n|turn|3\n|\n|t:|1700139578\n|cant|p2a: Arceus|slp\n|move|p1a: 1 hit|Quiver Dance|p1a: 1 hit\n|-boost|p1a: 1 hit|spa|1\n|-boost|p1a: 1 hit|spd|1\n|-boost|p1a: 1 hit|spe|1\n|\n|upkeep\n|turn|4\n|\n|t:|1700139584\n|move|p1a: 1 hit|Air Slash|p2a: Arceus\n|-damage|p2a: Arceus|49\/100 slp\n|-curestatus|p2a: Arceus|slp|[msg]\n|move|p2a: Arceus|Dragon Dance|p2a: Arceus\n|-boost|p2a: Arceus|atk|1\n|-boost|p2a: Arceus|spe|1\n|\n|upkeep\n|turn|5\n|\n|t:|1700139594\n|-terastallize|p2a: Arceus|Dragon\n|move|p2a: Arceus|Dragon Claw|p1a: 1 hit\n|-enditem|p1a: 1 hit|Focus Sash\n|-damage|p1a: 1 hit|1\/100\n|move|p1a: 1 hit|Sleep Powder|p2a: Arceus\n|-status|p2a: Arceus|slp|[from] move: Sleep Powder\n|\n|upkeep\n|turn|6\n|\n|t:|1700139602\n|cant|p2a: Arceus|slp\n|move|p1a: 1 hit|Quiver Dance|p1a: 1 hit\n|-boost|p1a: 1 hit|spa|1\n|-boost|p1a: 1 hit|spd|1\n|-boost|p1a: 1 hit|spe|1\n|\n|upkeep\n|turn|7\n|\n|t:|1700139608\n|move|p1a: 1 hit|Air Slash|p2a: Arceus\n|-damage|p2a: Arceus|0 fnt\n|faint|p2a: Arceus\n|\n|upkeep\n|\n|t:|1700139613\n|switch|p2a: Mewtwo|Mewtwo, shiny|100\/100\n|-ability|p2a: Mewtwo|Unnerve\n|turn|8\n|\n|t:|1700139617\n|move|p1a: 1 hit|Sleep Powder|p2a: Mewtwo\n|-status|p2a: Mewtwo|slp|[from] move: Sleep Powder\n|cant|p2a: Mewtwo|slp\n|\n|upkeep\n|turn|9\n|\n|t:|1700139623\n|move|p1a: 1 hit|Quiver Dance|p1a: 1 hit\n|-boost|p1a: 1 hit|spa|1\n|-boost|p1a: 1 hit|spd|1\n|-boost|p1a: 1 hit|spe|1\n|-curestatus|p2a: Mewtwo|slp|[msg]\n|move|p2a: Mewtwo|Bulk Up|p2a: Mewtwo\n|-boost|p2a: Mewtwo|atk|1\n|-boost|p2a: Mewtwo|def|1\n|\n|upkeep\n|turn|10\n|\n|t:|1700139631\n|move|p1a: 1 hit|Sleep Powder|p2a: Mewtwo\n|-status|p2a: Mewtwo|slp|[from] move: Sleep Powder\n|cant|p2a: Mewtwo|slp\n|\n|upkeep\n|turn|11\n|\n|t:|1700139637\n|move|p1a: 1 hit|Air Slash|p2a: Mewtwo\n|-damage|p2a: Mewtwo|18\/100 slp\n|cant|p2a: Mewtwo|slp\n|\n|-heal|p2a: Mewtwo|25\/100 slp|[from] item: Leftovers\n|upkeep\n|turn|12\n|\n|t:|1700139642\n|move|p1a: 1 hit|Air Slash|p2a: Mewtwo\n|-damage|p2a: Mewtwo|0 fnt\n|faint|p2a: Mewtwo\n|\n|upkeep\n|\n|t:|1700139647\n|switch|p2a: Dialga|Dialga, shiny|100\/100\n|turn|13\n|\n|t:|1700139655\n|move|p1a: 1 hit|Sleep Powder|p2a: Dialga\n|-status|p2a: Dialga|slp|[from] move: Sleep Powder\n|cant|p2a: Dialga|slp\n|\n|upkeep\n|turn|14\n|c|\u2606JayzonAlcantara|gg\n|\n|t:|1700139661\n|move|p1a: 1 hit|Quiver Dance|p1a: 1 hit\n|-boost|p1a: 1 hit|spa|1\n|-boost|p1a: 1 hit|spd|1\n|-boost|p1a: 1 hit|spe|1\n|cant|p2a: Dialga|slp\n|\n|upkeep\n|turn|15\n|\n|t:|1700139665\n|move|p1a: 1 hit|Air Slash|p2a: Dialga\n|-resisted|p2a: Dialga\n|-damage|p2a: Dialga|33\/100 slp\n|cant|p2a: Dialga|slp\n|\n|upkeep\n|turn|16\n|\n|t:|1700139670\n|move|p1a: 1 hit|Air Slash|p2a: Dialga\n|-resisted|p2a: Dialga\n|-damage|p2a: Dialga|0 fnt\n|faint|p2a: Dialga\n|\n|upkeep\n|\n|t:|1700139674\n|switch|p2a: Dragapult|Dragapult, F, shiny|100\/100\n|turn|17\n|\n|t:|1700139677\n|move|p1a: 1 hit|Sleep Powder|p2a: Dragapult\n|-status|p2a: Dragapult|slp|[from] move: Sleep Powder\n|cant|p2a: Dragapult|slp\n|\n|upkeep\n|turn|18\n|\n|t:|1700139682\n|move|p1a: 1 hit|Quiver Dance|p1a: 1 hit\n|-boost|p1a: 1 hit|spa|1\n|-boost|p1a: 1 hit|spd|1\n|-boost|p1a: 1 hit|spe|1\n|cant|p2a: Dragapult|slp\n|\n|upkeep\n|turn|19\n|\n|t:|1700139688\n|move|p1a: 1 hit|Air Slash|p2a: Dragapult\n|-damage|p2a: Dragapult|0 fnt\n|faint|p2a: Dragapult\n|\n|upkeep\n|\n|t:|1700139693\n|switch|p2a: Palkia|Palkia, shiny|100\/100\n|turn|20\n|\n|t:|1700139698\n|move|p1a: 1 hit|Sleep Powder|p2a: Palkia\n|-status|p2a: Palkia|slp|[from] move: Sleep Powder\n|cant|p2a: Palkia|slp\n|\n|upkeep\n|turn|21\n|\n|t:|1700139703\n|move|p1a: 1 hit|Air Slash|p2a: Palkia\n|-crit|p2a: Palkia\n|-damage|p2a: Palkia|0 fnt\n|faint|p2a: Palkia\n|\n|upkeep\n|\n|t:|1700139706\n|switch|p2a: Giratina|Giratina, shiny|100\/100\n|turn|22\n|\n|t:|1700139710\n|move|p1a: 1 hit|Sleep Powder|p2a: Giratina\n|-status|p2a: Giratina|slp|[from] move: Sleep Powder\n|cant|p2a: Giratina|slp\n|\n|upkeep\n|turn|23\n|\n|t:|1700139716\n|move|p1a: 1 hit|Air Slash|p2a: Giratina\n|-damage|p2a: Giratina|22\/100 slp\n|cant|p2a: Giratina|slp\n|\n|upkeep\n|turn|24\n|\n|t:|1700139720\n|move|p1a: 1 hit|Air Slash|p2a: Giratina\n|-damage|p2a: Giratina|0 fnt\n|faint|p2a: Giratina\n|\n|win|JayzonAlcantara\n|raw|JayzonAlcantara's rating: 1203 &rarr; <strong>1232<\/strong><br \/>(+29 for winning)\n|raw|kingdragon9571's rating: 1258 &rarr; <strong>1229<\/strong><br \/>(-29 for losing)\n","uploadtime":1700139726,"views":7,"p1id":"jayzonalcantara","p2id":"kingdragon9571","formatid":"gen9anythinggoes","rating":1229,"private":0,"password":""}