{"id":"gen9anythinggoes-1979458151","p1":"daddyshometonight","p2":"Sucks to lose","format":"[Gen 9] Anything Goes","log":"|j|\u2606daddyshometonight\n|j|\u2606Sucks to lose\n|t:|1698684257\n|gametype|singles\n|player|p1|daddyshometonight|firebreather|1419\n|player|p2|Sucks to lose|265|1485\n|teamsize|p1|6\n|teamsize|p2|6\n|gen|9\n|tier|[Gen 9] Anything Goes\n|rated|\n|rule|HP Percentage Mod: HP is shown in percentages\n|rule|Endless Battle Clause: Forcing endless battles is banned\n|clearpoke\n|poke|p1|Iron Bundle|\n|poke|p1|Zacian-*|\n|poke|p1|Calyrex-Shadow|\n|poke|p1|Blissey, F|\n|poke|p1|Miraidon|\n|poke|p1|Giratina-Origin|\n|poke|p2|Calyrex-Shadow|\n|poke|p2|Koraidon|\n|poke|p2|Meowscarada, M|\n|poke|p2|Zacian-*|\n|poke|p2|Skeledirge, F|\n|poke|p2|Kyogre|\n|teampreview\n|\n|t:|1698684263\n|start\n|switch|p1a: zacianed on|Zacian-Crowned|100\/100\n|switch|p2a: Koraidon|Koraidon|100\/100\n|-weather|SunnyDay|[from] ability: Orichalcum Pulse|[of] p2a: Koraidon\n|-activate|p2a: Koraidon|Orichalcum Pulse|[source]\n|-ability|p1a: zacianed on|Intrepid Sword|boost\n|-boost|p1a: zacianed on|atk|1\n|turn|1\n|inactive|Battle timer is ON: inactive players will automatically lose when time's up. (requested by Sucks to lose)\n|\n|t:|1698684284\n|move|p2a: Koraidon|Flare Blitz|p1a: zacianed on\n|-supereffective|p1a: zacianed on\n|-damage|p1a: zacianed on|0 fnt\n|faint|p1a: zacianed on\n|-damage|p2a: Koraidon|69\/100|[from] Recoil\n|\n|-weather|SunnyDay|[upkeep]\n|upkeep\n|c|\u2606daddyshometonight|I FUCKING HATE SCARF KORAIDON RAHHHH\n|\n|t:|1698684294\n|switch|p1a: miraidone|Miraidon|100\/100\n|-fieldstart|move: Electric Terrain|[from] ability: Hadron Engine|[of] p1a: miraidone\n|turn|2\n|\n|t:|1698684309\n|switch|p2a: Zacian|Zacian-Crowned|100\/100\n|-ability|p2a: Zacian|Intrepid Sword|boost\n|-boost|p2a: Zacian|atk|1\n|move|p1a: miraidone|Dazzling Gleam|p2a: Zacian\n|-resisted|p2a: Zacian\n|-damage|p2a: Zacian|78\/100\n|\n|-weather|SunnyDay|[upkeep]\n|upkeep\n|turn|3\n|\n|t:|1698684324\n|switch|p1a: calurmommy|Calyrex-Shadow|100\/100\n|-ability|p1a: calurmommy|As One\n|-ability|p1a: calurmommy|Unnerve\n|move|p2a: Zacian|Play Rough|p1a: calurmommy|[miss]\n|-miss|p2a: Zacian|p1a: calurmommy\n|\n|-weather|SunnyDay|[upkeep]\n|upkeep\n|turn|4\n|c|\u2606Sucks to lose|Calurmommy \ud83d\udc80\n|inactive|Sucks to lose has 120 seconds left.\n|c|\u2606Sucks to lose|Zoophilia at its finest\n|\n|t:|1698684358\n|switch|p2a: Meowscarada|Meowscarada, M|100\/100\n|move|p1a: calurmommy|Astral Barrage|p2a: Meowscarada\n|-resisted|p2a: Meowscarada\n|-crit|p2a: Meowscarada\n|-damage|p2a: Meowscarada|13\/100\n|\n|-weather|SunnyDay|[upkeep]\n|upkeep\n|turn|5\n|c|\u2606daddyshometonight|huh\n|\n|t:|1698684380\n|switch|p1a: miraidone|Miraidon|100\/100\n|-activate|p1a: miraidone|ability: Hadron Engine\n|move|p2a: Meowscarada|Sucker Punch||[still]\n|-fail|p2a: Meowscarada\n|\n|-weather|none\n|upkeep\n|turn|6\n|c|\u2606daddyshometonight|bros the weirdo\n|\n|t:|1698684388\n|move|p2a: Meowscarada|Sucker Punch|p1a: miraidone\n|-start|p2a: Meowscarada|typechange|Dark|[from] ability: Protean\n|-damage|p1a: miraidone|69\/100\n|move|p1a: miraidone|Electro Drift|p2a: Meowscarada\n|-damage|p2a: Meowscarada|0 fnt\n|faint|p2a: Meowscarada\n|\n|-fieldend|move: Electric Terrain\n|upkeep\n|\n|t:|1698684397\n|switch|p2a: Koraidon|Koraidon|69\/100\n|-weather|SunnyDay|[from] ability: Orichalcum Pulse|[of] p2a: Koraidon\n|-activate|p2a: Koraidon|Orichalcum Pulse|[source]\n|turn|7\n|c|\u2606daddyshometonight|cal is in call you fucking incel\n|\n|t:|1698684408\n|move|p2a: Koraidon|Dragon Claw|p1a: miraidone\n|-supereffective|p1a: miraidone\n|-damage|p1a: miraidone|0 fnt\n|faint|p1a: miraidone\n|\n|-weather|SunnyDay|[upkeep]\n|upkeep\n|\n|t:|1698684411\n|switch|p1a: calurmommy|Calyrex-Shadow|100\/100\n|-ability|p1a: calurmommy|As One\n|-ability|p1a: calurmommy|Unnerve\n|turn|8\n|c|\u2606Sucks to lose|Tfym \ud83d\udc80\n|inactive|Sucks to lose has 120 seconds left.\n|\n|t:|1698684452\n|move|p2a: Koraidon|Dragon Claw|p1a: calurmommy\n|-damage|p1a: calurmommy|35\/100\n|move|p1a: calurmommy|Astral Barrage|p2a: Koraidon\n|-damage|p2a: Koraidon|0 fnt\n|faint|p2a: Koraidon\n|-ability|p1a: calurmommy|Grim Neigh|boost\n|-boost|p1a: calurmommy|spa|1\n|\n|-weather|SunnyDay|[upkeep]\n|-heal|p1a: calurmommy|41\/100|[from] item: Leftovers\n|upkeep\n|\n|t:|1698684456\n|switch|p2a: Calyrex|Calyrex-Shadow|100\/100\n|-ability|p2a: Calyrex|As One\n|-ability|p2a: Calyrex|Unnerve\n|turn|9\n|\n|t:|1698684459\n|-terastallize|p1a: calurmommy|Normal\n|-terastallize|p2a: Calyrex|Normal\n|move|p1a: calurmommy|Astral Barrage|p2a: Calyrex\n|-immune|p2a: Calyrex\n|move|p2a: Calyrex|Astral Barrage|p1a: calurmommy\n|-immune|p1a: calurmommy\n|\n|-weather|SunnyDay|[upkeep]\n|-heal|p1a: calurmommy|47\/100|[from] item: Leftovers\n|upkeep\n|turn|10\n|\n|t:|1698684469\n|switch|p2a: Zacian|Zacian-Crowned|78\/100\n|move|p1a: calurmommy|Giga Drain|p2a: Zacian\n|-resisted|p2a: Zacian\n|-damage|p2a: Zacian|58\/100\n|-heal|p1a: calurmommy|58\/100|[from] drain|[of] p2a: Zacian\n|\n|-weather|SunnyDay|[upkeep]\n|-heal|p1a: calurmommy|64\/100|[from] item: Leftovers\n|upkeep\n|turn|11\n|\n|t:|1698684477\n|move|p1a: calurmommy|Astral Barrage|p2a: Zacian\n|-damage|p2a: Zacian|0 fnt\n|faint|p2a: Zacian\n|-ability|p1a: calurmommy|Grim Neigh|boost\n|-boost|p1a: calurmommy|spa|1\n|\n|-weather|none\n|-heal|p1a: calurmommy|70\/100|[from] item: Leftovers\n|upkeep\n|inactive|Sucks to lose has 120 seconds left.\n|\n|t:|1698684498\n|switch|p2a: Kyogre|Kyogre|100\/100\n|-weather|RainDance|[from] ability: Drizzle|[of] p2a: Kyogre\n|turn|12\n|\n|t:|1698684503\n|move|p2a: Kyogre|Water Spout|p1a: calurmommy\n|-damage|p1a: calurmommy|0 fnt\n|faint|p1a: calurmommy\n|\n|-weather|RainDance|[upkeep]\n|upkeep\n|\n|t:|1698684507\n|switch|p1a: Giratina|Giratina-Origin|100\/100\n|turn|13\n|\n|t:|1698684516\n|switch|p2a: Calyrex|Calyrex-Shadow, tera:Normal|100\/100\n|-ability|p2a: Calyrex|As One\n|-ability|p2a: Calyrex|Unnerve\n|move|p1a: Giratina|Shadow Sneak|p2a: Calyrex\n|-immune|p2a: Calyrex\n|\n|-weather|RainDance|[upkeep]\n|upkeep\n|turn|14\n|\n|t:|1698684542\n|switch|p1a: Blissey|Blissey, F|100\/100\n|move|p2a: Calyrex|Astral Barrage|p1a: Blissey\n|-immune|p1a: Blissey\n|\n|-weather|RainDance|[upkeep]\n|upkeep\n|turn|15\n|\n|t:|1698684559\n|switch|p2a: Skeledirge|Skeledirge, F|100\/100\n|move|p1a: Blissey|Flamethrower|p2a: Skeledirge\n|-resisted|p2a: Skeledirge\n|-damage|p2a: Skeledirge|97\/100\n|\n|-weather|RainDance|[upkeep]\n|upkeep\n|turn|16\n|\n|t:|1698684570\n|switch|p1a: Giratina|Giratina-Origin|100\/100\n|move|p2a: Skeledirge|Torch Song|p1a: Giratina\n|-resisted|p1a: Giratina\n|-damage|p1a: Giratina|96\/100\n|-boost|p2a: Skeledirge|spa|1\n|\n|-weather|none\n|upkeep\n|turn|17\n|\n|t:|1698684583\n|switch|p2a: Calyrex|Calyrex-Shadow, tera:Normal|100\/100\n|-ability|p2a: Calyrex|As One\n|-ability|p2a: Calyrex|Unnerve\n|move|p1a: Giratina|Shadow Sneak|p2a: Calyrex\n|-immune|p2a: Calyrex\n|\n|upkeep\n|turn|18\n|\n|t:|1698684593\n|switch|p1a: iron deez nuts|Iron Bundle|100\/100\n|move|p2a: Calyrex|Grass Knot|p1a: iron deez nuts\n|-supereffective|p1a: iron deez nuts\n|-damage|p1a: iron deez nuts|6\/100\n|\n|-heal|p1a: iron deez nuts|12\/100|[from] item: Leftovers\n|upkeep\n|turn|19\n|\n|t:|1698684597\n|move|p2a: Calyrex|Grass Knot|p1a: iron deez nuts\n|-supereffective|p1a: iron deez nuts\n|-damage|p1a: iron deez nuts|0 fnt\n|faint|p1a: iron deez nuts\n|-end|p1a: iron deez nuts|Quark Drive|[silent]\n|-ability|p2a: Calyrex|Grim Neigh|boost\n|-boost|p2a: Calyrex|spa|1\n|\n|upkeep\n|-message|daddyshometonight forfeited.\n|\n|win|Sucks to lose\n|raw|daddyshometonight's rating: 1438 &rarr; <strong>1421<\/strong><br \/>(-17 for losing)\n|raw|Sucks to lose's rating: 1485 &rarr; <strong>1502<\/strong><br \/>(+17 for winning)\n|l|\u2606daddyshometonight\n","uploadtime":1698684294,"views":3,"p1id":"daddyshometonight","p2id":"suckstolose","formatid":"gen9anythinggoes","rating":1421,"private":0,"password":""}