{"id":"gen9anythinggoes-1988312894","p1":"Pipiundkaka","p2":"dormindo","format":"[Gen 9] Anything Goes","log":"|j|\u2606Pipiundkaka\n|j|\u2606dormindo\n|t:|1699706743\n|gametype|singles\n|player|p1|Pipiundkaka|buck|1113\n|player|p2|dormindo|giovanni|1000\n|teamsize|p1|6\n|teamsize|p2|1\n|gen|9\n|tier|[Gen 9] Anything Goes\n|rated|\n|rule|HP Percentage Mod: HP is shown in percentages\n|rule|Endless Battle Clause: Forcing endless battles is banned\n|clearpoke\n|poke|p1|Scream Tail|\n|poke|p1|Torkoal, M|\n|poke|p1|Gliscor, F|\n|poke|p1|Klefki, F|\n|poke|p1|Quaquaval, F|\n|poke|p1|Amoonguss, M|\n|poke|p2|Jirachi|\n|teampreview\n|inactive|Battle timer is ON: inactive players will automatically lose when time's up. (requested by Pipiundkaka)\n|\n|t:|1699706758\n|start\n|switch|p1a: Torkoal|Torkoal, M|100\/100\n|switch|p2a: Jirachi|Jirachi|100\/100\n|-weather|SunnyDay|[from] ability: Drought|[of] p1a: Torkoal\n|turn|1\n|\n|t:|1699706767\n|switch|p1a: Scream Tail|Scream Tail|100\/100\n|-activate|p1a: Scream Tail|ability: Protosynthesis\n|-start|p1a: Scream Tail|protosynthesisspe\n|-terastallize|p2a: Jirachi|Steel\n|move|p2a: Jirachi|Iron Head|p1a: Scream Tail\n|-supereffective|p1a: Scream Tail\n|-damage|p1a: Scream Tail|32\/100\n|\n|-weather|SunnyDay|[upkeep]\n|-heal|p1a: Scream Tail|39\/100|[from] item: Leftovers\n|upkeep\n|turn|2\n|\n|t:|1699706795\n|move|p1a: Scream Tail|Encore|p2a: Jirachi\n|-start|p2a: Jirachi|Encore\n|move|p2a: Jirachi|Iron Head|p1a: Scream Tail\n|-supereffective|p1a: Scream Tail\n|-damage|p1a: Scream Tail|0 fnt\n|faint|p1a: Scream Tail\n|-end|p1a: Scream Tail|Protosynthesis|[silent]\n|\n|-weather|SunnyDay|[upkeep]\n|upkeep\n|inactive|Pipiundkaka has 120 seconds left.\n|\n|t:|1699706808\n|switch|p1a: Klefki|Klefki, F|100\/100\n|turn|3\n|inactive|Pipiundkaka has 120 seconds left.\n|\n|t:|1699706818\n|-terastallize|p1a: Klefki|Steel\n|move|p2a: Jirachi|Iron Head|p1a: Klefki\n|-resisted|p1a: Klefki\n|-damage|p1a: Klefki|75\/100\n|cant|p1a: Klefki|flinch\n|\n|-weather|SunnyDay|[upkeep]\n|-heal|p1a: Klefki|81\/100|[from] item: Leftovers\n|upkeep\n|turn|4\n|\n|t:|1699706826\n|move|p2a: Jirachi|Iron Head|p1a: Klefki\n|-resisted|p1a: Klefki\n|-damage|p1a: Klefki|54\/100\n|cant|p1a: Klefki|flinch\n|\n|-weather|SunnyDay|[upkeep]\n|-heal|p1a: Klefki|60\/100|[from] item: Leftovers\n|-end|p2a: Jirachi|Encore\n|upkeep\n|turn|5\n|c|\u2606Pipiundkaka|Porcoddiooo\n|\n|t:|1699706837\n|move|p2a: Jirachi|Iron Head|p1a: Klefki\n|-resisted|p1a: Klefki\n|-damage|p1a: Klefki|34\/100\n|cant|p1a: Klefki|flinch\n|\n|-weather|none\n|-heal|p1a: Klefki|40\/100|[from] item: Leftovers\n|upkeep\n|turn|6\n|\n|t:|1699706844\n|move|p2a: Jirachi|Iron Head|p1a: Klefki\n|-resisted|p1a: Klefki\n|-damage|p1a: Klefki|11\/100\n|move|p1a: Klefki|Stored Power|p2a: Jirachi\n|-resisted|p2a: Jirachi\n|-crit|p2a: Jirachi\n|-damage|p2a: Jirachi|96\/100\n|\n|-heal|p1a: Klefki|17\/100|[from] item: Leftovers\n|upkeep\n|turn|7\n|\n|t:|1699706852\n|switch|p1a: Torkoal|Torkoal, M|100\/100\n|-weather|SunnyDay|[from] ability: Drought|[of] p1a: Torkoal\n|move|p2a: Jirachi|Iron Head|p1a: Torkoal\n|-resisted|p1a: Torkoal\n|-damage|p1a: Torkoal|84\/100\n|\n|-weather|SunnyDay|[upkeep]\n|upkeep\n|turn|8\n|\n|t:|1699706863\n|move|p2a: Jirachi|Iron Head|p1a: Torkoal\n|-resisted|p1a: Torkoal\n|-damage|p1a: Torkoal|67\/100\n|cant|p1a: Torkoal|flinch\n|\n|-weather|SunnyDay|[upkeep]\n|upkeep\n|turn|9\n|\n|t:|1699706869\n|move|p2a: Jirachi|Iron Head|p1a: Torkoal\n|-resisted|p1a: Torkoal\n|-damage|p1a: Torkoal|50\/100\n|cant|p1a: Torkoal|flinch\n|\n|-weather|SunnyDay|[upkeep]\n|upkeep\n|turn|10\n|\n|t:|1699706875\n|move|p2a: Jirachi|Iron Head|p1a: Torkoal\n|-resisted|p1a: Torkoal\n|-crit|p1a: Torkoal\n|-damage|p1a: Torkoal|23\/100\n|cant|p1a: Torkoal|flinch\n|\n|-weather|SunnyDay|[upkeep]\n|upkeep\n|turn|11\n|\n|t:|1699706881\n|move|p2a: Jirachi|Iron Head|p1a: Torkoal\n|-resisted|p1a: Torkoal\n|-damage|p1a: Torkoal|5\/100\n|cant|p1a: Torkoal|flinch\n|\n|-weather|none\n|upkeep\n|turn|12\n|\n|t:|1699706888\n|switch|p1a: Quaquaval|Quaquaval, F|100\/100\n|move|p2a: Jirachi|Iron Head|p1a: Quaquaval\n|-resisted|p1a: Quaquaval\n|-damage|p1a: Quaquaval|70\/100\n|\n|upkeep\n|turn|13\n|\n|t:|1699706895\n|move|p2a: Jirachi|Iron Head|p1a: Quaquaval\n|-resisted|p1a: Quaquaval\n|-damage|p1a: Quaquaval|38\/100\n|cant|p1a: Quaquaval|flinch\n|\n|upkeep\n|turn|14\n|-message|Pipiundkaka forfeited.\n|\n|win|dormindo\n|raw|Pipiundkaka's rating: 1113 &rarr; <strong>1080<\/strong><br \/>(-33 for losing)\n|raw|dormindo's rating: 1000 &rarr; <strong>1053<\/strong><br \/>(+53 for winning)\n|l|\u2606Pipiundkaka\n","uploadtime":1699706914,"views":8,"p1id":"pipiundkaka","p2id":"dormindo","formatid":"gen9anythinggoes","rating":1053,"private":0,"password":""}