{"id":"gen9anythinggoes-1984304841","p1":"Infinitepi","p2":"Penny4YourThoughts","format":"[Gen 9] Anything Goes","log":"|j|\u2606Infinitepi\n|j|\u2606Penny4YourThoughts\n|t:|1699241345\n|gametype|singles\n|player|p1|Infinitepi|265|\n|player|p2|Penny4YourThoughts|katy|\n|teamsize|p1|6\n|teamsize|p2|6\n|gen|9\n|tier|[Gen 9] Anything Goes\n|rule|HP Percentage Mod: HP is shown in percentages\n|rule|Endless Battle Clause: Forcing endless battles is banned\n|clearpoke\n|poke|p1|Braixen, F|\n|poke|p1|Dugtrio-Alola, M|\n|poke|p1|Hippowdon, F|\n|poke|p1|Weezing-Galar, M|\n|poke|p1|Oricorio-Sensu, F|\n|poke|p1|Palafin, M|\n|poke|p2|Zacian-*|\n|poke|p2|Flutter Mane|\n|poke|p2|Azumarill, M|\n|poke|p2|Ribombee, M|\n|poke|p2|Klefki, F|\n|poke|p2|Hatterene, F|\n|teampreview\n|\n|t:|1699241389\n|start\n|switch|p1a: Hippowdon|Hippowdon, F|100\/100\n|switch|p2a: Peppy|Azumarill, M|100\/100\n|-weather|Sandstorm|[from] ability: Sand Stream|[of] p1a: Hippowdon\n|turn|1\n|\n|t:|1699241398\n|move|p2a: Peppy|Liquidation|p1a: Hippowdon\n|-supereffective|p1a: Hippowdon\n|-damage|p1a: Hippowdon|39\/100\n|-damage|p2a: Peppy|84\/100|[from] item: Rocky Helmet|[of] p1a: Hippowdon\n|move|p1a: Hippowdon|Whirlwind|p2a: Peppy\n|drag|p2a: Pentacle|Hatterene, F|100\/100\n|\n|-weather|Sandstorm|[upkeep]\n|-damage|p2a: Pentacle|95\/100|[from] Sandstorm\n|upkeep\n|turn|2\n|\n|t:|1699241421\n|switch|p1a: Dugtrio|Dugtrio-Alola, M|100\/100\n|switch|p2a: Peppy|Azumarill, M|84\/100\n|\n|-weather|Sandstorm|[upkeep]\n|-damage|p2a: Peppy|78\/100|[from] Sandstorm\n|upkeep\n|turn|3\n|\n|t:|1699241436\n|switch|p1a: Palafin|Palafin, M|100\/100\n|move|p2a: Peppy|Aqua Jet|p1a: Palafin\n|-resisted|p1a: Palafin\n|-damage|p1a: Palafin|84\/100\n|\n|-weather|Sandstorm|[upkeep]\n|-damage|p1a: Palafin|78\/100|[from] Sandstorm\n|-damage|p2a: Peppy|72\/100|[from] Sandstorm\n|upkeep\n|turn|4\n|\n|t:|1699241446\n|move|p1a: Palafin|Flip Turn|p2a: Peppy\n|-resisted|p2a: Peppy\n|-damage|p2a: Peppy|55\/100\n|\n|t:|1699241460\n|detailschange|p1a: Palafin|Palafin-Hero, M\n|switch|p1a: Oricorio|Oricorio-Sensu, F|100\/100|[from] Flip Turn\n|move|p2a: Peppy|Liquidation|p1a: Oricorio\n|-damage|p1a: Oricorio|56\/100\n|\n|-weather|Sandstorm|[upkeep]\n|-damage|p1a: Oricorio|50\/100|[from] Sandstorm\n|-damage|p2a: Peppy|49\/100|[from] Sandstorm\n|upkeep\n|turn|5\n|\n|t:|1699241491\n|move|p1a: Oricorio|Roost|p1a: Oricorio\n|-heal|p1a: Oricorio|99\/100\n|-singleturn|p1a: Oricorio|move: Roost\n|move|p2a: Peppy|Liquidation|p1a: Oricorio\n|-damage|p1a: Oricorio|49\/100\n|\n|-weather|none\n|upkeep\n|turn|6\n|\n|t:|1699241499\n|move|p1a: Oricorio|Quiver Dance|p1a: Oricorio\n|-boost|p1a: Oricorio|spa|1\n|-boost|p1a: Oricorio|spd|1\n|-boost|p1a: Oricorio|spe|1\n|move|p2a: Peppy|Liquidation|p1a: Oricorio\n|-damage|p1a: Oricorio|0 fnt\n|faint|p1a: Oricorio\n|\n|upkeep\n|\n|t:|1699241517\n|switch|p1a: Palafin|Palafin-Hero, M|78\/100\n|-activate|p1a: Palafin|ability: Zero to Hero\n|turn|7\n|\n|t:|1699241523\n|move|p1a: Palafin|Wave Crash|p2a: Peppy\n|-resisted|p2a: Peppy\n|-damage|p2a: Peppy|0 fnt\n|faint|p2a: Peppy\n|-damage|p1a: Palafin|59\/100|[from] Recoil\n|\n|upkeep\n|\n|t:|1699241533\n|switch|p2a: Paracelsus|Klefki, F, shiny|100\/100\n|turn|8\n|\n|t:|1699241542\n|switch|p1a: Hippowdon|Hippowdon, F|39\/100\n|-weather|Sandstorm|[from] ability: Sand Stream|[of] p1a: Hippowdon\n|move|p2a: Paracelsus|Reflect|p2a: Paracelsus\n|-sidestart|p2: Penny4YourThoughts|Reflect\n|\n|-weather|Sandstorm|[upkeep]\n|upkeep\n|turn|9\n|\n|t:|1699241552\n|move|p2a: Paracelsus|Spikes|p1a: Hippowdon\n|-sidestart|p1: Infinitepi|Spikes\n|move|p1a: Hippowdon|Slack Off|p1a: Hippowdon\n|-heal|p1a: Hippowdon|89\/100\n|\n|-weather|Sandstorm|[upkeep]\n|upkeep\n|turn|10\n|\n|t:|1699241557\n|move|p2a: Paracelsus|Spikes|p1a: Hippowdon\n|-sidestart|p1: Infinitepi|Spikes\n|move|p1a: Hippowdon|Curse|p1a: Hippowdon\n|-unboost|p1a: Hippowdon|spe|1\n|-boost|p1a: Hippowdon|atk|1\n|-boost|p1a: Hippowdon|def|1\n|\n|-weather|Sandstorm|[upkeep]\n|upkeep\n|turn|11\n|\n|t:|1699241586\n|-terastallize|p2a: Paracelsus|Flying\n|move|p2a: Paracelsus|Spikes|p1a: Hippowdon\n|-sidestart|p1: Infinitepi|Spikes\n|move|p1a: Hippowdon|Heavy Slam|p2a: Paracelsus\n|-damage|p2a: Paracelsus|81\/100\n|\n|-weather|Sandstorm|[upkeep]\n|-damage|p2a: Paracelsus|75\/100|[from] Sandstorm\n|upkeep\n|turn|12\n|\n|t:|1699241612\n|move|p2a: Paracelsus|Light Screen|p2a: Paracelsus\n|-sidestart|p2: Penny4YourThoughts|move: Light Screen\n|move|p1a: Hippowdon|Whirlwind|p2a: Paracelsus\n|drag|p2a: Puck|Ribombee, M, shiny|100\/100\n|\n|-weather|none\n|upkeep\n|turn|13\n|\n|t:|1699241627\n|move|p2a: Puck|Sticky Web|p1a: Hippowdon\n|-sidestart|p1: Infinitepi|move: Sticky Web\n|move|p1a: Hippowdon|Heavy Slam|p2a: Puck\n|-supereffective|p2a: Puck\n|-damage|p2a: Puck|5\/100\n|\n|upkeep\n|turn|14\n|\n|t:|1699241649\n|move|p2a: Puck|Bug Buzz|p1a: Hippowdon\n|-damage|p1a: Hippowdon|48\/100\n|move|p1a: Hippowdon|Whirlwind|p2a: Puck\n|drag|p2a: Paracelsus|Klefki, F, shiny, tera:Flying|75\/100\n|\n|upkeep\n|turn|15\n|\n|t:|1699241661\n|switch|p2a: Puck|Ribombee, M, shiny|5\/100\n|move|p1a: Hippowdon|Slack Off|p1a: Hippowdon\n|-heal|p1a: Hippowdon|98\/100\n|\n|-sideend|p2: Penny4YourThoughts|Reflect\n|upkeep\n|turn|16\n|\n|t:|1699241668\n|move|p2a: Puck|Bug Buzz|p1a: Hippowdon\n|-damage|p1a: Hippowdon|55\/100\n|move|p1a: Hippowdon|Heavy Slam|p2a: Puck\n|-supereffective|p2a: Puck\n|-damage|p2a: Puck|0 fnt\n|faint|p2a: Puck\n|\n|upkeep\n|\n|t:|1699241675\n|switch|p2a: Psychopomp|Flutter Mane, shiny|100\/100\n|turn|17\n|\n|t:|1699241690\n|switch|p1a: Weezing|Weezing-Galar, M|100\/100\n|move|p2a: Psychopomp|Shadow Ball|p1a: Weezing\n|-damage|p1a: Weezing|8\/100\n|\n|-heal|p1a: Weezing|14\/100|[from] item: Leftovers\n|upkeep\n|turn|18\n|\n|t:|1699241698\n|move|p2a: Psychopomp|Shadow Ball|p1a: Weezing\n|-damage|p1a: Weezing|0 fnt\n|faint|p1a: Weezing\n|\n|upkeep\n|\n|t:|1699241702\n|switch|p1a: Hippowdon|Hippowdon, F|55\/100\n|-damage|p1a: Hippowdon|30\/100|[from] Spikes\n|-activate|p1a: Hippowdon|move: Sticky Web\n|-unboost|p1a: Hippowdon|spe|1\n|-weather|Sandstorm|[from] ability: Sand Stream|[of] p1a: Hippowdon\n|turn|19\n|\n|t:|1699241708\n|move|p2a: Psychopomp|Shadow Ball|p1a: Hippowdon\n|-damage|p1a: Hippowdon|0 fnt\n|faint|p1a: Hippowdon\n|\n|-weather|Sandstorm|[upkeep]\n|-damage|p2a: Psychopomp|95\/100|[from] Sandstorm\n|-sideend|p2: Penny4YourThoughts|move: Light Screen\n|upkeep\n|\n|t:|1699241710\n|switch|p1a: Dugtrio|Dugtrio-Alola, M|100\/100\n|-damage|p1a: Dugtrio|76\/100|[from] Spikes\n|-activate|p1a: Dugtrio|move: Sticky Web\n|-unboost|p1a: Dugtrio|spe|1\n|turn|20\n|\n|t:|1699241720\n|move|p2a: Psychopomp|Shadow Ball|p1a: Dugtrio\n|-damage|p1a: Dugtrio|0 fnt\n|faint|p1a: Dugtrio\n|\n|-weather|Sandstorm|[upkeep]\n|-damage|p2a: Psychopomp|89\/100|[from] Sandstorm\n|upkeep\n|\n|t:|1699241723\n|switch|p1a: Palafin|Palafin-Hero, M|59\/100\n|-damage|p1a: Palafin|34\/100|[from] Spikes\n|-activate|p1a: Palafin|move: Sticky Web\n|-unboost|p1a: Palafin|spe|1\n|turn|21\n|\n|t:|1699241733\n|-end|p2a: Psychopomp|Protosynthesis|[silent]\n|switch|p2a: Paracelsus|Klefki, F, shiny, tera:Flying|75\/100\n|move|p1a: Palafin|Jet Punch|p2a: Paracelsus\n|-damage|p2a: Paracelsus|31\/100\n|\n|-weather|Sandstorm|[upkeep]\n|-damage|p1a: Palafin|28\/100|[from] Sandstorm\n|-damage|p2a: Paracelsus|25\/100|[from] Sandstorm\n|upkeep\n|turn|22\n|\n|t:|1699241741\n|move|p1a: Palafin|Jet Punch|p2a: Paracelsus\n|-damage|p2a: Paracelsus|0 fnt\n|faint|p2a: Paracelsus\n|\n|-weather|Sandstorm|[upkeep]\n|-damage|p1a: Palafin|22\/100|[from] Sandstorm\n|upkeep\n|\n|t:|1699241750\n|switch|p2a: Pentacle|Hatterene, F|95\/100\n|turn|23\n|\n|t:|1699241759\n|move|p1a: Palafin|Jet Punch|p2a: Pentacle\n|-damage|p2a: Pentacle|34\/100\n|move|p2a: Pentacle|Nuzzle|p1a: Palafin\n|-supereffective|p1a: Palafin\n|-damage|p1a: Palafin|14\/100\n|-status|p1a: Palafin|par\n|\n|-weather|none\n|upkeep\n|turn|24\n|\n|t:|1699241767\n|cant|p1a: Palafin|par\n|move|p2a: Pentacle|Psyshock|p1a: Palafin\n|-damage|p1a: Palafin|0 fnt\n|faint|p1a: Palafin\n|\n|upkeep\n|\n|t:|1699241769\n|switch|p1a: Braixen|Braixen, F|100\/100\n|-damage|p1a: Braixen|76\/100|[from] Spikes\n|-activate|p1a: Braixen|move: Sticky Web\n|-unboost|p1a: Braixen|spe|1\n|turn|25\n|\n|t:|1699241777\n|move|p1a: Braixen|Fire Spin|p2a: Pentacle\n|-damage|p2a: Pentacle|26\/100\n|-activate|p2a: Pentacle|move: Fire Spin|[of] p1a: Braixen\n|move|p2a: Pentacle|Nuzzle|p1a: Braixen\n|-damage|p1a: Braixen|71\/100\n|-status|p1a: Braixen|par\n|\n|-damage|p2a: Pentacle|14\/100|[from] move: Fire Spin|[partiallytrapped]\n|upkeep\n|turn|26\n|\n|t:|1699241785\n|move|p2a: Pentacle|Misty Explosion|p1a: Braixen\n|-resisted|p1a: Braixen\n|-damage|p1a: Braixen|35\/100 par\n|faint|p2a: Pentacle\n|move|p1a: Braixen|Wish|p1a: Braixen\n|\n|upkeep\n|\n|t:|1699241792\n|switch|p2a: Psychopomp|Flutter Mane, shiny|89\/100\n|turn|27\n|\n|t:|1699241795\n|move|p2a: Psychopomp|Shadow Ball|p1a: Braixen\n|-damage|p1a: Braixen|0 fnt\n|faint|p1a: Braixen\n|\n|win|Penny4YourThoughts\n","uploadtime":1699241806,"views":5,"p1id":"infinitepi","p2id":"penny4yourthoughts","formatid":"gen9anythinggoes","rating":0,"private":0,"password":""}