{"id":"gen9anythinggoes-1983675531","p1":"BewareTheMice","p2":"ThunderR3d","format":"[Gen 9] Anything Goes","log":"|j|\u2606BewareTheMice\n|j|\u2606ThunderR3d\n|t:|1699157926\n|gametype|singles\n|player|p1|BewareTheMice|lady|1105\n|player|p2|ThunderR3d|ethan|1153\n|teamsize|p1|6\n|teamsize|p2|6\n|gen|9\n|tier|[Gen 9] Anything Goes\n|rated|\n|rule|HP Percentage Mod: HP is shown in percentages\n|rule|Endless Battle Clause: Forcing endless battles is banned\n|clearpoke\n|poke|p1|Annihilape, M|\n|poke|p1|Annihilape, M|\n|poke|p1|Annihilape, M|\n|poke|p1|Annihilape, M|\n|poke|p1|Annihilape, M|\n|poke|p1|Houndstone, F|\n|poke|p2|Jolteon, M|\n|poke|p2|Typhlosion, M|\n|poke|p2|Meowscarada, F|\n|poke|p2|Dragapult, F|\n|poke|p2|Tyranitar, F|\n|poke|p2|Walking Wake|\n|teampreview\n|c|\u2606ThunderR3d|a\n|\n|t:|1699157942\n|start\n|switch|p1a: Danger is ahead|Annihilape, M|100\/100\n|switch|p2a: Dragapult|Dragapult, F|100\/100\n|turn|1\n|\n|t:|1699157952\n|move|p1a: Danger is ahead|Final Gambit|p2a: Dragapult\n|-immune|p2a: Dragapult\n|move|p2a: Dragapult|Phantom Force||[still]\n|-prepare|p2a: Dragapult|Phantom Force\n|\n|upkeep\n|turn|2\n|\n|t:|1699157964\n|move|p1a: Danger is ahead|Final Gambit|p2a: Dragapult|[miss]\n|-miss|p1a: Danger is ahead|p2a: Dragapult\n|move|p2a: Dragapult|Phantom Force|p1a: Danger is ahead|[from]lockedmove\n|-supereffective|p1a: Danger is ahead\n|-damage|p1a: Danger is ahead|5\/100\n|\n|upkeep\n|turn|3\n|\n|t:|1699157972\n|move|p1a: Danger is ahead|Final Gambit|p2a: Dragapult\n|-immune|p2a: Dragapult\n|move|p2a: Dragapult|Phantom Force||[still]\n|-prepare|p2a: Dragapult|Phantom Force\n|\n|upkeep\n|turn|4\n|inactive|Battle timer is ON: inactive players will automatically lose when time's up. (requested by ThunderR3d)\n|\n|t:|1699157978\n|move|p1a: Danger is ahead|Final Gambit|p2a: Dragapult|[miss]\n|-miss|p1a: Danger is ahead|p2a: Dragapult\n|move|p2a: Dragapult|Phantom Force|p1a: Danger is ahead|[from]lockedmove\n|-supereffective|p1a: Danger is ahead\n|-damage|p1a: Danger is ahead|0 fnt\n|faint|p1a: Danger is ahead\n|\n|upkeep\n|\n|t:|1699157987\n|switch|p1a: Danger is ahead|Annihilape, M|100\/100\n|turn|5\n|\n|t:|1699157999\n|move|p1a: Danger is ahead|Final Gambit|p2a: Dragapult\n|-immune|p2a: Dragapult\n|move|p2a: Dragapult|Flamethrower|p1a: Danger is ahead\n|-damage|p1a: Danger is ahead|72\/100\n|\n|upkeep\n|turn|6\n|\n|t:|1699158013\n|move|p1a: Danger is ahead|Final Gambit|p2a: Dragapult\n|-immune|p2a: Dragapult\n|move|p2a: Dragapult|Thunderbolt|p1a: Danger is ahead\n|-damage|p1a: Danger is ahead|43\/100\n|\n|upkeep\n|turn|7\n|\n|t:|1699158021\n|move|p1a: Danger is ahead|Final Gambit|p2a: Dragapult\n|-immune|p2a: Dragapult\n|move|p2a: Dragapult|Phantom Force||[still]\n|-prepare|p2a: Dragapult|Phantom Force\n|\n|upkeep\n|turn|8\n|inactive|BewareTheMice has 120 seconds left.\n|c|\u2606BewareTheMice|If your dragapult is normal tera I will fucking bite u\n|\n|t:|1699158057\n|move|p1a: Danger is ahead|Final Gambit|p2a: Dragapult|[miss]\n|-miss|p1a: Danger is ahead|p2a: Dragapult\n|move|p2a: Dragapult|Phantom Force|p1a: Danger is ahead|[from]lockedmove\n|-supereffective|p1a: Danger is ahead\n|-damage|p1a: Danger is ahead|0 fnt\n|faint|p1a: Danger is ahead\n|\n|upkeep\n|\n|t:|1699158067\n|switch|p1a: Danger is ahead|Annihilape, M|100\/100\n|turn|9\n|c|\u2606ThunderR3d|:c\n|\n|t:|1699158087\n|move|p1a: Danger is ahead|Final Gambit|p2a: Dragapult\n|-immune|p2a: Dragapult\n|move|p2a: Dragapult|Thunderbolt|p1a: Danger is ahead\n|-damage|p1a: Danger is ahead|73\/100\n|\n|upkeep\n|turn|10\n|\n|t:|1699158094\n|move|p1a: Danger is ahead|Final Gambit|p2a: Dragapult\n|-immune|p2a: Dragapult\n|move|p2a: Dragapult|Phantom Force||[still]\n|-prepare|p2a: Dragapult|Phantom Force\n|\n|upkeep\n|turn|11\n|\n|t:|1699158100\n|move|p1a: Danger is ahead|Final Gambit|p2a: Dragapult|[miss]\n|-miss|p1a: Danger is ahead|p2a: Dragapult\n|move|p2a: Dragapult|Phantom Force|p1a: Danger is ahead|[from]lockedmove\n|-supereffective|p1a: Danger is ahead\n|-damage|p1a: Danger is ahead|0 fnt\n|faint|p1a: Danger is ahead\n|\n|upkeep\n|\n|t:|1699158109\n|switch|p1a: Danger is ahead|Annihilape, M|100\/100\n|turn|12\n|\n|t:|1699158114\n|move|p1a: Danger is ahead|Final Gambit|p2a: Dragapult\n|-immune|p2a: Dragapult\n|move|p2a: Dragapult|Thunderbolt|p1a: Danger is ahead\n|-damage|p1a: Danger is ahead|69\/100\n|\n|upkeep\n|turn|13\n|\n|t:|1699158121\n|move|p1a: Danger is ahead|Final Gambit|p2a: Dragapult\n|-immune|p2a: Dragapult\n|move|p2a: Dragapult|Phantom Force||[still]\n|-prepare|p2a: Dragapult|Phantom Force\n|\n|upkeep\n|turn|14\n|\n|t:|1699158126\n|move|p1a: Danger is ahead|Final Gambit|p2a: Dragapult|[miss]\n|-miss|p1a: Danger is ahead|p2a: Dragapult\n|move|p2a: Dragapult|Phantom Force|p1a: Danger is ahead|[from]lockedmove\n|-supereffective|p1a: Danger is ahead\n|-damage|p1a: Danger is ahead|0 fnt\n|faint|p1a: Danger is ahead\n|\n|upkeep\n|\n|t:|1699158135\n|switch|p1a: Danger is ahead|Annihilape, M, shiny|100\/100\n|turn|15\n|\n|t:|1699158138\n|move|p1a: Danger is ahead|Final Gambit|p2a: Dragapult\n|-immune|p2a: Dragapult\n|move|p2a: Dragapult|Thunderbolt|p1a: Danger is ahead\n|-damage|p1a: Danger is ahead|68\/100\n|\n|upkeep\n|turn|16\n|\n|t:|1699158144\n|move|p1a: Danger is ahead|Final Gambit|p2a: Dragapult\n|-immune|p2a: Dragapult\n|move|p2a: Dragapult|Phantom Force||[still]\n|-prepare|p2a: Dragapult|Phantom Force\n|\n|upkeep\n|turn|17\n|\n|t:|1699158150\n|move|p1a: Danger is ahead|Final Gambit|p2a: Dragapult|[miss]\n|-miss|p1a: Danger is ahead|p2a: Dragapult\n|move|p2a: Dragapult|Phantom Force|p1a: Danger is ahead|[from]lockedmove\n|-supereffective|p1a: Danger is ahead\n|-damage|p1a: Danger is ahead|0 fnt\n|faint|p1a: Danger is ahead\n|\n|upkeep\n|c|\u2606BewareTheMice|Fingers crossed\n|\n|t:|1699158175\n|switch|p1a: Danger|Houndstone, F, shiny|100\/100\n|turn|18\n|\n|t:|1699158181\n|-terastallize|p2a: Dragapult|Dark\n|-terastallize|p1a: Danger|Ghost\n|move|p2a: Dragapult|Phantom Force||[still]\n|-prepare|p2a: Dragapult|Phantom Force\n|move|p1a: Danger|Last Respects|p2a: Dragapult|[miss]\n|-miss|p1a: Danger|p2a: Dragapult\n|\n|upkeep\n|turn|19\n|\n|t:|1699158197\n|move|p2a: Dragapult|Phantom Force|p1a: Danger|[from]lockedmove\n|-supereffective|p1a: Danger\n|-damage|p1a: Danger|52\/100\n|move|p1a: Danger|Last Respects|p2a: Dragapult\n|-resisted|p2a: Dragapult\n|-damage|p2a: Dragapult|0 fnt\n|faint|p2a: Dragapult\n|\n|upkeep\n|c|\u2606ThunderR3d|uf\n|\n|t:|1699158218\n|switch|p2a: Tyranitar|Tyranitar, F|100\/100\n|-weather|Sandstorm|[from] ability: Sand Stream|[of] p2a: Tyranitar\n|turn|20\n|\n|t:|1699158223\n|move|p2a: Tyranitar|Protect|p2a: Tyranitar\n|-singleturn|p2a: Tyranitar|Protect\n|move|p1a: Danger|Last Respects|p2a: Tyranitar\n|-activate|p2a: Tyranitar|move: Protect\n|\n|-weather|Sandstorm|[upkeep]\n|-damage|p1a: Danger|46\/100|[from] Sandstorm\n|upkeep\n|turn|21\n|\n|t:|1699158234\n|move|p1a: Danger|Last Respects|p2a: Tyranitar\n|-resisted|p2a: Tyranitar\n|-damage|p2a: Tyranitar|30\/100\n|move|p2a: Tyranitar|Crunch|p1a: Danger\n|-supereffective|p1a: Danger\n|-crit|p1a: Danger\n|-damage|p1a: Danger|0 fnt\n|faint|p1a: Danger\n|\n|win|ThunderR3d\n|raw|BewareTheMice's rating: 1105 &rarr; <strong>1083<\/strong><br \/>(-22 for losing)\n|raw|ThunderR3d's rating: 1153 &rarr; <strong>1175<\/strong><br \/>(+22 for winning)\n","uploadtime":1699158055,"views":10,"p1id":"bewarethemice","p2id":"thunderr3d","formatid":"gen9anythinggoes","rating":1083,"private":0,"password":""}