{"id":"gen9anythinggoes-1981585052","p1":"TanPadeusz","p2":"JustDaras","format":"[Gen 9] Anything Goes","log":"|j|\u2606TanPadeusz\n|j|\u2606JustDaras\n|t:|1698922286\n|gametype|singles\n|player|p1|TanPadeusz|giovanni|\n|player|p2|JustDaras|170|\n|teamsize|p1|6\n|teamsize|p2|6\n|gen|9\n|tier|[Gen 9] Anything Goes\n|rule|HP Percentage Mod: HP is shown in percentages\n|rule|Endless Battle Clause: Forcing endless battles is banned\n|clearpoke\n|poke|p1|Gallade, M|\n|poke|p1|Tinkaton, F|\n|poke|p1|Toxapex, F|\n|poke|p1|Gliscor, F|\n|poke|p1|Zoroark-Hisui, F|\n|poke|p1|Hydreigon, F|\n|poke|p2|Ceruledge, M|\n|poke|p2|Iron Valiant|\n|poke|p2|Golem, F|\n|poke|p2|Dragonite, M|\n|poke|p2|Greninja-*, M|\n|poke|p2|Slowbro-Galar, M|\n|teampreview\n|\n|t:|1698922300\n|start\n|switch|p1a: Hydreigon|Hydreigon, F|100\/100\n|switch|p2a: Slowbro|Slowbro-Galar, M|100\/100\n|turn|1\n|\n|t:|1698922308\n|move|p1a: Hydreigon|Dragon Dance|p1a: Hydreigon\n|-boost|p1a: Hydreigon|atk|1\n|-boost|p1a: Hydreigon|spe|1\n|move|p2a: Slowbro|Iron Defense|p2a: Slowbro\n|-boost|p2a: Slowbro|def|2\n|\n|upkeep\n|turn|2\n|\n|t:|1698922316\n|move|p2a: Slowbro|Protect|p2a: Slowbro\n|-singleturn|p2a: Slowbro|Protect\n|move|p1a: Hydreigon|Dragon Dance|p1a: Hydreigon\n|-boost|p1a: Hydreigon|atk|1\n|-boost|p1a: Hydreigon|spe|1\n|\n|upkeep\n|turn|3\n|\n|t:|1698922325\n|move|p1a: Hydreigon|Dragon Dance|p1a: Hydreigon\n|-boost|p1a: Hydreigon|atk|1\n|-boost|p1a: Hydreigon|spe|1\n|move|p2a: Slowbro|Iron Defense|p2a: Slowbro\n|-boost|p2a: Slowbro|def|2\n|\n|upkeep\n|turn|4\n|\n|t:|1698922331\n|move|p2a: Slowbro|Protect|p2a: Slowbro\n|-singleturn|p2a: Slowbro|Protect\n|move|p1a: Hydreigon|Dragon Dance|p1a: Hydreigon\n|-boost|p1a: Hydreigon|atk|1\n|-boost|p1a: Hydreigon|spe|1\n|\n|upkeep\n|turn|5\n|\n|t:|1698922337\n|move|p1a: Hydreigon|Earthquake|p2a: Slowbro\n|-supereffective|p2a: Slowbro\n|-damage|p2a: Slowbro|51\/100\n|move|p2a: Slowbro|Iron Defense|p2a: Slowbro\n|-boost|p2a: Slowbro|def|2\n|\n|-heal|p2a: Slowbro|57\/100|[from] item: Leftovers\n|upkeep\n|turn|6\n|\n|t:|1698922344\n|move|p1a: Hydreigon|Dragon Dance|p1a: Hydreigon\n|-boost|p1a: Hydreigon|atk|1\n|-boost|p1a: Hydreigon|spe|1\n|move|p2a: Slowbro|Disable|p1a: Hydreigon\n|-start|p1a: Hydreigon|Disable|Dragon Dance\n|\n|-heal|p2a: Slowbro|63\/100|[from] item: Leftovers\n|upkeep\n|turn|7\n|\n|t:|1698922353\n|move|p2a: Slowbro|Protect|p2a: Slowbro\n|-singleturn|p2a: Slowbro|Protect\n|move|p1a: Hydreigon|Earthquake|p2a: Slowbro\n|-activate|p2a: Slowbro|move: Protect\n|\n|-heal|p2a: Slowbro|69\/100|[from] item: Leftovers\n|upkeep\n|turn|8\n|\n|t:|1698922360\n|move|p1a: Hydreigon|Earthquake|p2a: Slowbro\n|-supereffective|p2a: Slowbro\n|-damage|p2a: Slowbro|31\/100\n|move|p2a: Slowbro|Disable||[still]\n|-fail|p2a: Slowbro\n|\n|-heal|p2a: Slowbro|37\/100|[from] item: Leftovers\n|upkeep\n|turn|9\n|\n|t:|1698922370\n|switch|p2a: Dragonite|Dragonite, M|100\/100\n|move|p1a: Hydreigon|Earthquake|p2a: Dragonite\n|-immune|p2a: Dragonite\n|\n|upkeep\n|turn|10\n|\n|t:|1698922376\n|move|p2a: Dragonite|Dragon Pulse|p1a: Hydreigon\n|-supereffective|p1a: Hydreigon\n|-damage|p1a: Hydreigon|29\/100\n|move|p1a: Hydreigon|Dragon Tail|p2a: Dragonite|[miss]\n|-miss|p1a: Hydreigon|p2a: Dragonite\n|-enditem|p1a: Hydreigon|Blunder Policy\n|-boost|p1a: Hydreigon|spe|1\n|\n|-end|p1a: Hydreigon|Disable\n|upkeep\n|turn|11\n|\n|t:|1698922386\n|move|p2a: Dragonite|Dragon Pulse|p1a: Hydreigon\n|-supereffective|p1a: Hydreigon\n|-damage|p1a: Hydreigon|0 fnt\n|faint|p1a: Hydreigon\n|\n|upkeep\n|\n|t:|1698922398\n|switch|p1a: Toxapex|Toxapex, F|100\/100\n|turn|12\n|\n|t:|1698922428\n|switch|p2a: Slowbro|Slowbro-Galar, M|37\/100\n|move|p1a: Toxapex|Toxic|p2a: Slowbro\n|-immune|p2a: Slowbro\n|\n|-heal|p2a: Slowbro|43\/100|[from] item: Leftovers\n|upkeep\n|turn|13\n|\n|t:|1698922439\n|switch|p1a: Tinkaton|Tinkaton, F|100\/100\n|move|p2a: Slowbro|Disable||[still]\n|-fail|p2a: Slowbro\n|\n|-heal|p2a: Slowbro|49\/100|[from] item: Leftovers\n|upkeep\n|turn|14\n|-activate|p2a: Slowbro|ability: Quick Draw\n|\n|t:|1698922449\n|move|p2a: Slowbro|Earthquake|p1a: Tinkaton\n|-supereffective|p1a: Tinkaton\n|-damage|p1a: Tinkaton|51\/100\n|-enditem|p1a: Tinkaton|Weakness Policy\n|-boost|p1a: Tinkaton|atk|2|[from] item: Weakness Policy\n|-boost|p1a: Tinkaton|spa|2|[from] item: Weakness Policy\n|move|p1a: Tinkaton|Gigaton Hammer|p2a: Slowbro\n|-damage|p2a: Slowbro|0 fnt\n|faint|p2a: Slowbro\n|\n|upkeep\n|\n|t:|1698922463\n|switch|p2a: Ceruledge|Ceruledge, M|100\/100\n|turn|15\n|\n|t:|1698922476\n|switch|p1a: Toxapex|Toxapex, F|100\/100\n|move|p2a: Ceruledge|Flare Blitz|p1a: Toxapex\n|-resisted|p1a: Toxapex\n|-damage|p1a: Toxapex|78\/100\n|-damage|p2a: Ceruledge|94\/100|[from] Recoil\n|\n|-heal|p1a: Toxapex|85\/100|[from] item: Black Sludge\n|upkeep\n|turn|16\n|\n|t:|1698922501\n|switch|p2a: Golem|Golem, F|100\/100\n|move|p1a: Toxapex|Toxic|p2a: Golem\n|-status|p2a: Golem|tox\n|\n|-heal|p1a: Toxapex|91\/100|[from] item: Black Sludge\n|-damage|p2a: Golem|95\/100 tox|[from] psn\n|upkeep\n|turn|17\n|\n|t:|1698922515\n|move|p1a: Toxapex|Baneful Bunker|p1a: Toxapex\n|-singleturn|p1a: Toxapex|move: Protect\n|move|p2a: Golem|Earthquake|p1a: Toxapex\n|-activate|p1a: Toxapex|move: Protect\n|\n|-heal|p1a: Toxapex|97\/100|[from] item: Black Sludge\n|-damage|p2a: Golem|83\/100 tox|[from] psn\n|upkeep\n|turn|18\n|\n|t:|1698922524\n|switch|p1a: Gliscor|Gliscor, F|100\/100\n|move|p2a: Golem|Earthquake|p1a: Gliscor\n|-immune|p1a: Gliscor\n|\n|-damage|p2a: Golem|65\/100 tox|[from] psn\n|-status|p1a: Gliscor|tox|[from] item: Toxic Orb\n|upkeep\n|turn|19\n|\n|t:|1698922536\n|switch|p2a: Greninja|Greninja, M, shiny|100\/100\n|move|p1a: Gliscor|Earthquake|p2a: Greninja\n|-damage|p2a: Greninja|52\/100\n|\n|-heal|p2a: Greninja|58\/100|[from] item: Leftovers\n|upkeep\n|turn|20\n|\n|t:|1698922543\n|switch|p1a: Tinkaton|Tinkaton, F|51\/100\n|move|p2a: Greninja|Hydro Pump|p1a: Tinkaton\n|-damage|p1a: Tinkaton|13\/100\n|\n|-heal|p2a: Greninja|64\/100|[from] item: Leftovers\n|upkeep\n|turn|21\n|\n|t:|1698922558\n|switch|p1a: Toxapex|Toxapex, F|100\/100\n|move|p2a: Greninja|Dark Pulse|p1a: Toxapex\n|-damage|p1a: Toxapex|78\/100\n|\n|-heal|p2a: Greninja|70\/100|[from] item: Leftovers\n|-heal|p1a: Toxapex|84\/100|[from] item: Black Sludge\n|upkeep\n|turn|22\n|\n|t:|1698922566\n|switch|p2a: Golem|Golem, F|65\/100 tox\n|move|p1a: Toxapex|Toxic Spikes|p2a: Golem\n|-sidestart|p2: JustDaras|move: Toxic Spikes\n|\n|-heal|p1a: Toxapex|90\/100|[from] item: Black Sludge\n|-damage|p2a: Golem|59\/100 tox|[from] psn\n|upkeep\n|turn|23\n|\n|t:|1698922575\n|switch|p2a: Greninja|Greninja, M, shiny|70\/100\n|-status|p2a: Greninja|psn\n|move|p1a: Toxapex|Baneful Bunker||[still]\n|-fail|p1a: Toxapex\n|\n|-heal|p2a: Greninja|76\/100 psn|[from] item: Leftovers\n|-heal|p1a: Toxapex|96\/100|[from] item: Black Sludge\n|-damage|p2a: Greninja|64\/100 psn|[from] psn\n|upkeep\n|turn|24\n|\n|t:|1698922594\n|move|p1a: Toxapex|Baneful Bunker|p1a: Toxapex\n|-singleturn|p1a: Toxapex|move: Protect\n|move|p2a: Greninja|Hydro Pump|p1a: Toxapex\n|-activate|p1a: Toxapex|move: Protect\n|\n|-heal|p2a: Greninja|69\/100 psn|[from] item: Leftovers\n|-heal|p1a: Toxapex|100\/100|[from] item: Black Sludge\n|-damage|p2a: Greninja|57\/100 psn|[from] psn\n|upkeep\n|turn|25\n|\n|t:|1698922613\n|switch|p2a: Golem|Golem, F|59\/100 tox\n|move|p1a: Toxapex|Recover||[still]\n|-fail|p1a: Toxapex|heal\n|\n|-damage|p2a: Golem|53\/100 tox|[from] psn\n|upkeep\n|turn|26\n|\n|t:|1698922627\n|move|p1a: Toxapex|Baneful Bunker|p1a: Toxapex\n|-singleturn|p1a: Toxapex|move: Protect\n|move|p2a: Golem|Explosion|p1a: Toxapex\n|-activate|p1a: Toxapex|move: Protect\n|faint|p2a: Golem\n|\n|upkeep\n|\n|t:|1698922641\n|switch|p2a: Iron Valiant|Iron Valiant|100\/100\n|-status|p2a: Iron Valiant|psn\n|turn|27\n|\n|t:|1698922649\n|move|p1a: Toxapex|Baneful Bunker||[still]\n|-fail|p1a: Toxapex\n|move|p2a: Iron Valiant|Dazzling Gleam|p1a: Toxapex\n|-resisted|p1a: Toxapex\n|-damage|p1a: Toxapex|86\/100\n|\n|-heal|p1a: Toxapex|92\/100|[from] item: Black Sludge\n|-damage|p2a: Iron Valiant|88\/100 psn|[from] psn\n|upkeep\n|turn|28\n|\n|t:|1698922660\n|move|p1a: Toxapex|Baneful Bunker|p1a: Toxapex\n|-singleturn|p1a: Toxapex|move: Protect\n|move|p2a: Iron Valiant|Focus Blast|p1a: Toxapex\n|-activate|p1a: Toxapex|move: Protect\n|\n|-heal|p1a: Toxapex|98\/100|[from] item: Black Sludge\n|-damage|p2a: Iron Valiant|76\/100 psn|[from] psn\n|upkeep\n|turn|29\n|\n|t:|1698922668\n|move|p2a: Iron Valiant|Focus Blast|p1a: Toxapex\n|-resisted|p1a: Toxapex\n|-damage|p1a: Toxapex|80\/100\n|move|p1a: Toxapex|Toxic Spikes|p2a: Iron Valiant\n|-sidestart|p2: JustDaras|move: Toxic Spikes\n|\n|-heal|p1a: Toxapex|86\/100|[from] item: Black Sludge\n|-damage|p2a: Iron Valiant|63\/100 psn|[from] psn\n|upkeep\n|turn|30\n|\n|t:|1698922678\n|move|p1a: Toxapex|Baneful Bunker|p1a: Toxapex\n|-singleturn|p1a: Toxapex|move: Protect\n|move|p2a: Iron Valiant|Disable|p1a: Toxapex\n|-activate|p1a: Toxapex|move: Protect\n|\n|-heal|p1a: Toxapex|93\/100|[from] item: Black Sludge\n|-damage|p2a: Iron Valiant|51\/100 psn|[from] psn\n|upkeep\n|turn|31\n|\n|t:|1698922691\n|move|p2a: Iron Valiant|Disable|p1a: Toxapex\n|-start|p1a: Toxapex|Disable|Baneful Bunker\n|move|p1a: Toxapex|Toxic Spikes||[still]\n|-fail|p1a: Toxapex\n|\n|-heal|p1a: Toxapex|99\/100|[from] item: Black Sludge\n|-damage|p2a: Iron Valiant|38\/100 psn|[from] psn\n|upkeep\n|turn|32\n|\n|t:|1698922713\n|move|p2a: Iron Valiant|Focus Blast|p1a: Toxapex|[miss]\n|-miss|p2a: Iron Valiant|p1a: Toxapex\n|move|p1a: Toxapex|Recover|p1a: Toxapex\n|-heal|p1a: Toxapex|100\/100\n|\n|-damage|p2a: Iron Valiant|26\/100 psn|[from] psn\n|upkeep\n|turn|33\n|\n|t:|1698922725\n|move|p2a: Iron Valiant|Focus Blast|p1a: Toxapex|[miss]\n|-miss|p2a: Iron Valiant|p1a: Toxapex\n|move|p1a: Toxapex|Toxic Spikes||[still]\n|-fail|p1a: Toxapex\n|\n|-damage|p2a: Iron Valiant|14\/100 psn|[from] psn\n|upkeep\n|turn|34\n|\n|t:|1698922732\n|move|p2a: Iron Valiant|Focus Blast|p1a: Toxapex\n|-resisted|p1a: Toxapex\n|-damage|p1a: Toxapex|81\/100\n|move|p1a: Toxapex|Toxic Spikes||[still]\n|-fail|p1a: Toxapex\n|\n|-heal|p1a: Toxapex|87\/100|[from] item: Black Sludge\n|-damage|p2a: Iron Valiant|1\/100 psn|[from] psn\n|-end|p1a: Toxapex|Disable\n|upkeep\n|turn|35\n|\n|t:|1698922742\n|move|p2a: Iron Valiant|Dazzling Gleam|p1a: Toxapex\n|-resisted|p1a: Toxapex\n|-damage|p1a: Toxapex|73\/100\n|move|p1a: Toxapex|Toxic Spikes||[still]\n|-fail|p1a: Toxapex\n|\n|-heal|p1a: Toxapex|79\/100|[from] item: Black Sludge\n|-damage|p2a: Iron Valiant|0 fnt|[from] psn\n|faint|p2a: Iron Valiant\n|-end|p2a: Iron Valiant|Quark Drive|[silent]\n|upkeep\n|\n|t:|1698922784\n|switch|p2a: Dragonite|Dragonite, M|100\/100\n|turn|36\n|\n|t:|1698922791\n|move|p2a: Dragonite|Dragon Dance|p2a: Dragonite\n|-boost|p2a: Dragonite|atk|1\n|-boost|p2a: Dragonite|spe|1\n|move|p1a: Toxapex|Toxic|p2a: Dragonite\n|-status|p2a: Dragonite|tox\n|\n|-heal|p1a: Toxapex|85\/100|[from] item: Black Sludge\n|-damage|p2a: Dragonite|94\/100 tox|[from] psn\n|upkeep\n|turn|37\n|\n|t:|1698922807\n|move|p2a: Dragonite|Dragon Dance|p2a: Dragonite\n|-boost|p2a: Dragonite|atk|1\n|-boost|p2a: Dragonite|spe|1\n|move|p1a: Toxapex|Recover|p1a: Toxapex\n|-heal|p1a: Toxapex|100\/100\n|\n|-heal|p2a: Dragonite|100\/100 tox|[from] item: Leftovers\n|-damage|p2a: Dragonite|88\/100 tox|[from] psn\n|upkeep\n|turn|38\n|\n|t:|1698922815\n|switch|p1a: Tinkaton|Tinkaton, F|13\/100\n|move|p2a: Dragonite|Dragon Dance|p2a: Dragonite\n|-boost|p2a: Dragonite|atk|1\n|-boost|p2a: Dragonite|spe|1\n|\n|-heal|p2a: Dragonite|94\/100 tox|[from] item: Leftovers\n|-damage|p2a: Dragonite|76\/100 tox|[from] psn\n|upkeep\n|turn|39\n|\n|t:|1698922826\n|move|p2a: Dragonite|Dragon Pulse|p1a: Tinkaton\n|-immune|p1a: Tinkaton\n|move|p1a: Tinkaton|Rest|p1a: Tinkaton\n|-status|p1a: Tinkaton|slp|[from] move: Rest\n|-heal|p1a: Tinkaton|100\/100 slp|[silent]\n|\n|-heal|p2a: Dragonite|82\/100 tox|[from] item: Leftovers\n|-damage|p2a: Dragonite|58\/100 tox|[from] psn\n|upkeep\n|turn|40\n|\n|t:|1698922837\n|move|p2a: Dragonite|Protect|p2a: Dragonite\n|-singleturn|p2a: Dragonite|Protect\n|cant|p1a: Tinkaton|slp\n|move|p1a: Tinkaton|Sleep Talk|p1a: Tinkaton\n|move|p1a: Tinkaton|Rest||[from]move: Sleep Talk|[still]\n|-fail|p1a: Tinkaton\n|\n|-heal|p2a: Dragonite|64\/100 tox|[from] item: Leftovers\n|-damage|p2a: Dragonite|34\/100 tox|[from] psn\n|upkeep\n|turn|41\n|\n|t:|1698922846\n|move|p2a: Dragonite|Fly||[still]\n|-prepare|p2a: Dragonite|Fly\n|cant|p1a: Tinkaton|slp\n|move|p1a: Tinkaton|Sleep Talk|p1a: Tinkaton\n|move|p1a: Tinkaton|Play Rough|p2a: Dragonite|[from]move: Sleep Talk|[miss]\n|-miss|p1a: Tinkaton|p2a: Dragonite\n|\n|-heal|p2a: Dragonite|40\/100 tox|[from] item: Leftovers\n|-damage|p2a: Dragonite|4\/100 tox|[from] psn\n|upkeep\n|turn|42\n|\n|t:|1698922859\n|move|p2a: Dragonite|Fly|p1a: Tinkaton|[from]lockedmove\n|-resisted|p1a: Tinkaton\n|-damage|p1a: Tinkaton|34\/100 slp\n|-curestatus|p1a: Tinkaton|slp|[msg]\n|move|p1a: Tinkaton|Sleep Talk||[still]\n|-fail|p1a: Tinkaton\n|\n|-heal|p2a: Dragonite|10\/100 tox|[from] item: Leftovers\n|-damage|p2a: Dragonite|0 fnt|[from] psn\n|faint|p2a: Dragonite\n|upkeep\n|\n|t:|1698922873\n|switch|p2a: Ceruledge|Ceruledge, M|94\/100\n|-status|p2a: Ceruledge|tox\n|turn|43\n|\n|t:|1698922878\n|switch|p1a: Toxapex|Toxapex, F|100\/100\n|move|p2a: Ceruledge|Protect||[still]\n|-fail|p2a: Ceruledge\n|\n|-damage|p2a: Ceruledge|88\/100 tox|[from] psn\n|upkeep\n|turn|44\n|\n|t:|1698922886\n|move|p2a: Ceruledge|Hex|p1a: Toxapex\n|-damage|p1a: Toxapex|88\/100\n|move|p1a: Toxapex|Toxic Spikes||[still]\n|-fail|p1a: Toxapex\n|\n|-heal|p1a: Toxapex|94\/100|[from] item: Black Sludge\n|-damage|p2a: Ceruledge|76\/100 tox|[from] psn\n|upkeep\n|turn|45\n|\n|t:|1698922897\n|move|p2a: Ceruledge|Flare Blitz|p1a: Toxapex\n|-resisted|p1a: Toxapex\n|-damage|p1a: Toxapex|72\/100\n|-damage|p2a: Ceruledge|69\/100 tox|[from] Recoil\n|move|p1a: Toxapex|Toxic Spikes||[still]\n|-fail|p1a: Toxapex\n|\n|-heal|p1a: Toxapex|78\/100|[from] item: Black Sludge\n|-damage|p2a: Ceruledge|51\/100 tox|[from] psn\n|upkeep\n|turn|46\n|\n|t:|1698922948\n|move|p2a: Ceruledge|Flare Blitz|p1a: Toxapex\n|-resisted|p1a: Toxapex\n|-damage|p1a: Toxapex|53\/100\n|-damage|p2a: Ceruledge|43\/100 tox|[from] Recoil\n|move|p1a: Toxapex|Recover|p1a: Toxapex\n|-heal|p1a: Toxapex|100\/100\n|\n|-damage|p2a: Ceruledge|19\/100 tox|[from] psn\n|upkeep\n|turn|47\n|\n|t:|1698922956\n|move|p1a: Toxapex|Baneful Bunker|p1a: Toxapex\n|-singleturn|p1a: Toxapex|move: Protect\n|move|p2a: Ceruledge|Flare Blitz|p1a: Toxapex\n|-activate|p1a: Toxapex|move: Protect\n|\n|-damage|p2a: Ceruledge|0 fnt|[from] psn\n|faint|p2a: Ceruledge\n|upkeep\n|\n|t:|1698922963\n|switch|p2a: Greninja|Greninja, M, shiny|57\/100 psn\n|turn|48\n|\n|t:|1698922968\n|move|p2a: Greninja|Hydro Pump|p1a: Toxapex\n|-resisted|p1a: Toxapex\n|-damage|p1a: Toxapex|85\/100\n|move|p1a: Toxapex|Toxic||[still]\n|-fail|p1a: Toxapex\n|\n|-heal|p2a: Greninja|63\/100 psn|[from] item: Leftovers\n|-heal|p1a: Toxapex|92\/100|[from] item: Black Sludge\n|-damage|p2a: Greninja|51\/100 psn|[from] psn\n|upkeep\n|turn|49\n|\n|t:|1698922982\n|move|p1a: Toxapex|Baneful Bunker|p1a: Toxapex\n|-singleturn|p1a: Toxapex|move: Protect\n|move|p2a: Greninja|Dark Pulse|p1a: Toxapex\n|-activate|p1a: Toxapex|move: Protect\n|\n|-heal|p2a: Greninja|57\/100 psn|[from] item: Leftovers\n|-heal|p1a: Toxapex|98\/100|[from] item: Black Sludge\n|-damage|p2a: Greninja|45\/100 psn|[from] psn\n|upkeep\n|turn|50\n|\n|t:|1698923001\n|switch|p1a: Gallade|Gallade, M|100\/100\n|move|p2a: Greninja|Dark Pulse|p1a: Gallade\n|-damage|p1a: Gallade|68\/100\n|\n|-heal|p2a: Greninja|51\/100 psn|[from] item: Leftovers\n|-damage|p2a: Greninja|38\/100 psn|[from] psn\n|upkeep\n|turn|51\n|\n|t:|1698923012\n|move|p2a: Greninja|Gunk Shot|p1a: Gallade\n|-damage|p1a: Gallade|20\/100\n|-status|p1a: Gallade|psn\n|move|p1a: Gallade|Sacred Sword|p2a: Greninja\n|-supereffective|p2a: Greninja\n|-damage|p2a: Greninja|0 fnt\n|faint|p2a: Greninja\n|-damage|p1a: Gallade|10\/100 psn|[from] item: Life Orb\n|\n|win|TanPadeusz\n","uploadtime":1698923023,"views":9,"p1id":"tanpadeusz","p2id":"justdaras","formatid":"gen9anythinggoes","rating":0,"private":0,"password":""}