{"id":"gen9anythinggoes-1984585645","p1":"MrTRB","p2":"sjkwiw","format":"[Gen 9] Anything Goes","log":"|j|\u2606MrTRB\n|j|\u2606sjkwiw\n|t:|1699282180\n|gametype|singles\n|player|p1|MrTRB|benga|1121\n|player|p2|sjkwiw|265|1070\n|teamsize|p1|6\n|teamsize|p2|6\n|gen|9\n|tier|[Gen 9] Anything Goes\n|rated|\n|rule|HP Percentage Mod: HP is shown in percentages\n|rule|Endless Battle Clause: Forcing endless battles is banned\n|clearpoke\n|poke|p1|Gholdengo|\n|poke|p1|Cyclizar, M|\n|poke|p1|Volcarona, F|\n|poke|p1|Dipplin, M|\n|poke|p1|Garganacl, F|\n|poke|p1|Glimmora, M|\n|poke|p2|Gyarados, F|\n|poke|p2|Zapdos-Galar|\n|poke|p2|Volcarona, F|\n|poke|p2|Dragonite, M|\n|poke|p2|Dragapult, F|\n|poke|p2|Garchomp, M|\n|teampreview\n|\n|t:|1699282186\n|start\n|switch|p1a: Glimmora|Glimmora, M|100\/100\n|switch|p2a: Garchomp|Garchomp, M|100\/100\n|turn|1\n|\n|t:|1699282192\n|move|p2a: Garchomp|Outrage|p1a: Glimmora\n|-damage|p1a: Glimmora|21\/100\n|-activate|p1a: Glimmora|ability: Toxic Debris\n|-sidestart|p2: sjkwiw|move: Toxic Spikes\n|move|p1a: Glimmora|Stealth Rock|p2a: Garchomp\n|-sidestart|p2: sjkwiw|move: Stealth Rock\n|\n|upkeep\n|turn|2\n|\n|t:|1699282201\n|move|p2a: Garchomp|Outrage|p1a: Glimmora|[from]lockedmove\n|-damage|p1a: Glimmora|0 fnt\n|-activate|p1a: Glimmora|ability: Toxic Debris\n|-sidestart|p2: sjkwiw|move: Toxic Spikes\n|faint|p1a: Glimmora\n|-start|p2a: Garchomp|confusion|[fatigue]\n|\n|upkeep\n|\n|t:|1699282215\n|switch|p1a: Cyclizar|Cyclizar, M|100\/100\n|turn|3\n|\n|t:|1699282229\n|switch|p2a: Gyarados|Gyarados, F|100\/100\n|-damage|p2a: Gyarados|75\/100|[from] Stealth Rock\n|move|p1a: Cyclizar|Shed Tail|p1a: Cyclizar\n|-start|p1a: Cyclizar|Substitute|[from] move: Shed Tail\n|-damage|p1a: Cyclizar|50\/100\n|-enditem|p1a: Cyclizar|Sitrus Berry|[eat]\n|-heal|p1a: Cyclizar|75\/100|[from] item: Sitrus Berry\n|\n|t:|1699282239\n|switch|p1a: Garganacl|Garganacl, F|100\/100|[from] Shed Tail\n|\n|upkeep\n|turn|4\n|\n|t:|1699282254\n|move|p2a: Gyarados|Earthquake|p1a: Garganacl\n|-supereffective|p1a: Garganacl\n|-end|p1a: Garganacl|Substitute\n|-damage|p2a: Gyarados|66\/100|[from] item: Life Orb\n|move|p1a: Garganacl|Salt Cure|p2a: Gyarados\n|-supereffective|p2a: Gyarados\n|-damage|p2a: Gyarados|32\/100\n|-start|p2a: Gyarados|Salt Cure\n|\n|-damage|p2a: Gyarados|7\/100|[from] Salt Cure\n|upkeep\n|turn|5\n|\n|t:|1699282268\n|move|p2a: Gyarados|Earthquake|p1a: Garganacl\n|-supereffective|p1a: Garganacl\n|-damage|p1a: Garganacl|42\/100\n|-damage|p2a: Gyarados|0 fnt|[from] item: Life Orb\n|faint|p2a: Gyarados\n|move|p1a: Garganacl|Iron Defense|p1a: Garganacl\n|-boost|p1a: Garganacl|def|2\n|\n|-heal|p1a: Garganacl|48\/100|[from] item: Leftovers\n|upkeep\n|\n|t:|1699282279\n|switch|p2a: Garchomp|Garchomp, M|100\/100\n|-status|p2a: Garchomp|tox\n|-damage|p2a: Garchomp|94\/100 tox|[from] Stealth Rock\n|turn|6\n|\n|t:|1699282291\n|move|p2a: Garchomp|Earthquake|p1a: Garganacl\n|-supereffective|p1a: Garganacl\n|-damage|p1a: Garganacl|15\/100\n|move|p1a: Garganacl|Salt Cure|p2a: Garchomp\n|-resisted|p2a: Garchomp\n|-damage|p2a: Garchomp|87\/100 tox\n|-start|p2a: Garchomp|Salt Cure\n|\n|-heal|p1a: Garganacl|22\/100|[from] item: Leftovers\n|-damage|p2a: Garchomp|81\/100 tox|[from] psn\n|-damage|p2a: Garchomp|69\/100 tox|[from] Salt Cure\n|upkeep\n|turn|7\n|\n|t:|1699282303\n|move|p2a: Garchomp|Earthquake|p1a: Garganacl\n|-supereffective|p1a: Garganacl\n|-damage|p1a: Garganacl|0 fnt\n|faint|p1a: Garganacl\n|\n|-damage|p2a: Garchomp|57\/100 tox|[from] psn\n|-damage|p2a: Garchomp|44\/100 tox|[from] Salt Cure\n|upkeep\n|\n|t:|1699282315\n|switch|p1a: Cyclizar|Cyclizar, M|100\/100\n|turn|8\n|\n|t:|1699282321\n|move|p2a: Garchomp|Earthquake|p1a: Cyclizar\n|-damage|p1a: Cyclizar|16\/100\n|move|p1a: Cyclizar|Shed Tail|p1a: Cyclizar\n|-fail|p1a: Cyclizar|move: Shed Tail|[weak]\n|\n|-damage|p2a: Garchomp|26\/100 tox|[from] psn\n|-damage|p2a: Garchomp|13\/100 tox|[from] Salt Cure\n|upkeep\n|turn|9\n|\n|t:|1699282336\n|switch|p1a: Dipplin|Dipplin, M|100\/100\n|move|p2a: Garchomp|Earthquake|p1a: Dipplin\n|-resisted|p1a: Dipplin\n|-damage|p1a: Dipplin|89\/100\n|\n|-damage|p2a: Garchomp|0 fnt|[from] psn\n|faint|p2a: Garchomp\n|upkeep\n|\n|t:|1699282347\n|switch|p2a: Volcarona|Volcarona, F|100\/100\n|-status|p2a: Volcarona|tox\n|-enditem|p2a: Volcarona|Lum Berry|[eat]\n|-curestatus|p2a: Volcarona|tox|[msg]\n|-damage|p2a: Volcarona|51\/100|[from] Stealth Rock\n|turn|10\n|\n|t:|1699282359\n|switch|p2a: Dragonite|Dragonite, M|100\/100\n|-damage|p2a: Dragonite|76\/100|[from] Stealth Rock\n|move|p1a: Dipplin|Dragon Pulse|p2a: Dragonite\n|-supereffective|p2a: Dragonite\n|-damage|p2a: Dragonite|18\/100\n|\n|upkeep\n|turn|11\n|\n|t:|1699282372\n|move|p2a: Dragonite|Dragon Claw|p1a: Dipplin\n|-supereffective|p1a: Dipplin\n|-damage|p1a: Dipplin|48\/100\n|move|p1a: Dipplin|Dragon Pulse|p2a: Dragonite\n|-supereffective|p2a: Dragonite\n|-damage|p2a: Dragonite|0 fnt\n|faint|p2a: Dragonite\n|\n|upkeep\n|\n|t:|1699282381\n|switch|p2a: Dragapult|Dragapult, F|100\/100\n|-status|p2a: Dragapult|tox\n|-damage|p2a: Dragapult|88\/100 tox|[from] Stealth Rock\n|turn|12\n|\n|t:|1699282388\n|move|p2a: Dragapult|Dragon Darts|p1a: Dipplin\n|-supereffective|p1a: Dipplin\n|-damage|p1a: Dipplin|28\/100\n|-anim|p2a: Dragapult|Dragon Darts|p1a: Dipplin\n|-supereffective|p1a: Dipplin\n|-damage|p1a: Dipplin|7\/100\n|move|p1a: Dipplin|Giga Drain|p2a: Dragapult\n|-resisted|p2a: Dragapult\n|-damage|p2a: Dragapult|69\/100 tox\n|-heal|p1a: Dipplin|15\/100|[from] drain|[of] p2a: Dragapult\n|\n|-damage|p2a: Dragapult|63\/100 tox|[from] psn\n|upkeep\n|turn|13\n|\n|t:|1699282399\n|move|p2a: Dragapult|Dragon Darts|p1a: Dipplin\n|-supereffective|p1a: Dipplin\n|-damage|p1a: Dipplin|0 fnt\n|faint|p1a: Dipplin\n|\n|-damage|p2a: Dragapult|51\/100 tox|[from] psn\n|upkeep\n|\n|t:|1699282410\n|switch|p1a: Volcarona|Volcarona, F|100\/100\n|turn|14\n|\n|t:|1699282424\n|-terastallize|p2a: Dragapult|Dragon\n|move|p2a: Dragapult|Dragon Darts|p1a: Volcarona\n|-damage|p1a: Volcarona|56\/100\n|-anim|p2a: Dragapult|Dragon Darts|p1a: Volcarona\n|-damage|p1a: Volcarona|15\/100\n|move|p1a: Volcarona|Quiver Dance|p1a: Volcarona\n|-boost|p1a: Volcarona|spa|1\n|-boost|p1a: Volcarona|spd|1\n|-boost|p1a: Volcarona|spe|1\n|\n|-damage|p2a: Dragapult|33\/100 tox|[from] psn\n|upkeep\n|turn|15\n|\n|t:|1699282436\n|move|p2a: Dragapult|Dragon Darts|p1a: Volcarona\n|-damage|p1a: Volcarona|0 fnt\n|faint|p1a: Volcarona\n|\n|-damage|p2a: Dragapult|9\/100 tox|[from] psn\n|upkeep\n|\n|t:|1699282438\n|switch|p1a: Cyclizar|Cyclizar, M|49\/100\n|turn|16\n|\n|t:|1699282445\n|move|p2a: Dragapult|Phantom Force||[still]\n|-prepare|p2a: Dragapult|Phantom Force\n|move|p1a: Cyclizar|Shed Tail|p1a: Cyclizar\n|-fail|p1a: Cyclizar|move: Shed Tail|[weak]\n|\n|-damage|p2a: Dragapult|0 fnt|[from] psn\n|faint|p2a: Dragapult\n|upkeep\n|\n|t:|1699282450\n|switch|p2a: Zapdos|Zapdos-Galar|100\/100\n|-damage|p2a: Zapdos|88\/100|[from] Stealth Rock\n|turn|17\n|\n|t:|1699282456\n|switch|p1a: Gholdengo|Gholdengo|100\/100\n|move|p2a: Zapdos|Brave Bird|p1a: Gholdengo\n|-resisted|p1a: Gholdengo\n|-damage|p1a: Gholdengo|68\/100\n|-damage|p2a: Zapdos|78\/100|[from] Recoil\n|\n|upkeep\n|turn|18\n|\n|t:|1699282465\n|move|p2a: Zapdos|Thunderous Kick|p1a: Gholdengo\n|-immune|p1a: Gholdengo\n|move|p1a: Gholdengo|Nasty Plot|p1a: Gholdengo\n|-boost|p1a: Gholdengo|spa|2\n|\n|upkeep\n|turn|19\n|\n|t:|1699282472\n|move|p2a: Zapdos|Brave Bird|p1a: Gholdengo\n|-resisted|p1a: Gholdengo\n|-damage|p1a: Gholdengo|36\/100\n|-damage|p2a: Zapdos|67\/100|[from] Recoil\n|move|p1a: Gholdengo|Nasty Plot|p1a: Gholdengo\n|-boost|p1a: Gholdengo|spa|2\n|\n|upkeep\n|turn|20\n|\n|t:|1699282479\n|move|p2a: Zapdos|Brave Bird|p1a: Gholdengo\n|-resisted|p1a: Gholdengo\n|-damage|p1a: Gholdengo|3\/100\n|-damage|p2a: Zapdos|56\/100|[from] Recoil\n|move|p1a: Gholdengo|Recover|p1a: Gholdengo\n|-heal|p1a: Gholdengo|53\/100\n|\n|upkeep\n|turn|21\n|\n|t:|1699282487\n|move|p2a: Zapdos|Brave Bird|p1a: Gholdengo\n|-resisted|p1a: Gholdengo\n|-damage|p1a: Gholdengo|23\/100\n|-damage|p2a: Zapdos|46\/100|[from] Recoil\n|move|p1a: Gholdengo|Recover|p1a: Gholdengo\n|-heal|p1a: Gholdengo|73\/100\n|\n|upkeep\n|turn|22\n|\n|t:|1699282496\n|move|p2a: Zapdos|Thunderous Kick|p1a: Gholdengo\n|-immune|p1a: Gholdengo\n|move|p1a: Gholdengo|Recover|p1a: Gholdengo\n|-heal|p1a: Gholdengo|100\/100\n|\n|upkeep\n|turn|23\n|\n|t:|1699282508\n|switch|p2a: Volcarona|Volcarona, F|51\/100\n|-status|p2a: Volcarona|tox\n|-damage|p2a: Volcarona|1\/100 tox|[from] Stealth Rock\n|move|p1a: Gholdengo|Make It Rain|p2a: Volcarona\n|-resisted|p2a: Volcarona\n|-damage|p2a: Volcarona|0 fnt\n|-unboost|p1a: Gholdengo|spa|1\n|faint|p2a: Volcarona\n|\n|upkeep\n|\n|t:|1699282513\n|switch|p2a: Zapdos|Zapdos-Galar|46\/100\n|-damage|p2a: Zapdos|34\/100|[from] Stealth Rock\n|turn|24\n|\n|t:|1699282518\n|move|p2a: Zapdos|Thunderous Kick|p1a: Gholdengo\n|-immune|p1a: Gholdengo\n|move|p1a: Gholdengo|Make It Rain|p2a: Zapdos\n|-damage|p2a: Zapdos|0 fnt\n|-unboost|p1a: Gholdengo|spa|1\n|faint|p2a: Zapdos\n|\n|win|MrTRB\n|raw|MrTRB's rating: 1121 &rarr; <strong>1142<\/strong><br \/>(+21 for winning)\n|raw|sjkwiw's rating: 1070 &rarr; <strong>1052<\/strong><br \/>(-18 for losing)\n","uploadtime":1699282530,"views":7,"p1id":"mrtrb","p2id":"sjkwiw","formatid":"gen9anythinggoes","rating":1052,"private":0,"password":""}