{"id":"gen9anythinggoes-1983892837","p1":"Sakuta24","p2":"eavo x","format":"[Gen 9] Anything Goes","log":"|j|\u2606Sakuta24\n|j|\u2606eavo x\n|t:|1699196961\n|gametype|singles\n|player|p1|Sakuta24|rosa|1562\n|player|p2|eavo x|erika-gen2|1534\n|teamsize|p1|6\n|teamsize|p2|6\n|gen|9\n|tier|[Gen 9] Anything Goes\n|rated|\n|rule|HP Percentage Mod: HP is shown in percentages\n|rule|Endless Battle Clause: Forcing endless battles is banned\n|clearpoke\n|poke|p1|Calyrex-Shadow|\n|poke|p1|Regieleki|\n|poke|p1|Zacian-*|\n|poke|p1|Shaymin-Sky|\n|poke|p1|Ting-Lu|\n|poke|p1|Drifblim, F|\n|poke|p2|Kingambit, F|\n|poke|p2|Ting-Lu|\n|poke|p2|Eternatus|\n|poke|p2|Calyrex-Shadow|\n|poke|p2|Landorus-Therian, M|\n|poke|p2|Koraidon|\n|teampreview\n|inactive|Battle timer is ON: inactive players will automatically lose when time's up. (requested by eavo x)\n|inactive|Sakuta24 also wants the timer to be on.\n|\n|t:|1699196979\n|start\n|switch|p1a: Spectrier|Calyrex-Shadow|100\/100\n|switch|p2a: Eternal Suffering|Eternatus, shiny|100\/100\n|-ability|p1a: Spectrier|As One\n|-ability|p1a: Spectrier|Unnerve\n|-ability|p2a: Eternal Suffering|Pressure\n|turn|1\n|j| Plasmic Cosmos\n|j| ZowwyCafe\u2764\n|\n|t:|1699196984\n|switch|p2a: Desert Anchor|Ting-Lu|100\/100\n|-ability|p2a: Desert Anchor|Vessel of Ruin\n|move|p1a: Spectrier|Psychic|p2a: Desert Anchor\n|-immune|p2a: Desert Anchor\n|\n|upkeep\n|turn|2\n|\n|t:|1699196989\n|-terastallize|p1a: Spectrier|Fighting\n|move|p1a: Spectrier|Taunt|p2a: Desert Anchor\n|-start|p2a: Desert Anchor|move: Taunt\n|move|p2a: Desert Anchor|Earthquake|p1a: Spectrier\n|-damage|p1a: Spectrier|59\/100\n|\n|upkeep\n|turn|3\n|\n|t:|1699196999\n|switch|p1a: im sorry|Drifblim, F, shiny|100\/100\n|switch|p2a: Featured Today|Koraidon|100\/100\n|-weather|SunnyDay|[from] ability: Orichalcum Pulse|[of] p2a: Featured Today\n|-activate|p2a: Featured Today|Orichalcum Pulse|[source]\n|\n|-weather|SunnyDay|[upkeep]\n|upkeep\n|turn|4\n|\n|t:|1699197006\n|switch|p2a: Desert Anchor|Ting-Lu|100\/100\n|-ability|p2a: Desert Anchor|Vessel of Ruin\n|move|p1a: im sorry|Minimize|p1a: im sorry\n|-boost|p1a: im sorry|evasion|2\n|\n|-weather|SunnyDay|[upkeep]\n|upkeep\n|turn|5\n|j| laprasplayer\n|c|\u2606Sakuta24|Hello\n|\n|t:|1699197031\n|move|p1a: im sorry|Minimize|p1a: im sorry\n|-boost|p1a: im sorry|evasion|2\n|move|p2a: Desert Anchor|Spikes|p1a: im sorry\n|-sidestart|p1: Sakuta24|Spikes\n|\n|-weather|SunnyDay|[upkeep]\n|upkeep\n|turn|6\n|c| ZowwyCafe\u2764|drifblim when gambit and tinglu lol\n|c|\u2606Sakuta24|:(\n|inactive|Sakuta24 has 120 seconds left.\n|c| laprasplayer|please tell me u changed ur set\n|\n|t:|1699197047\n|move|p1a: im sorry|Baton Pass|p1a: im sorry\n|\n|t:|1699197050\n|switch|p1a: Big dog|Zacian-Crowned|100\/100|[from] Baton Pass\n|-damage|p1a: Big dog|88\/100|[from] Spikes\n|-ability|p1a: Big dog|Intrepid Sword|boost\n|-boost|p1a: Big dog|atk|1\n|move|p2a: Desert Anchor|Spikes|p1a: Big dog\n|-sidestart|p1: Sakuta24|Spikes\n|\n|-weather|SunnyDay|[upkeep]\n|upkeep\n|turn|7\n|\n|t:|1699197057\n|switch|p2a: In The Clouds|Landorus-Therian, M, shiny|100\/100\n|-ability|p2a: In The Clouds|Intimidate|boost\n|-unboost|p1a: Big dog|atk|1\n|move|p1a: Big dog|Play Rough|p2a: In The Clouds\n|-damage|p2a: In The Clouds|67\/100\n|-damage|p1a: Big dog|72\/100|[from] item: Rocky Helmet|[of] p2a: In The Clouds\n|\n|-weather|none\n|upkeep\n|turn|8\n|\n|t:|1699197064\n|switch|p1a: ultimate life form|Shaymin-Sky|100\/100\n|move|p2a: In The Clouds|Earthquake|p1a: ultimate life form\n|-immune|p1a: ultimate life form\n|\n|upkeep\n|turn|9\n|\n|t:|1699197076\n|switch|p2a: Eternal Suffering|Eternatus, shiny|100\/100\n|-ability|p2a: Eternal Suffering|Pressure\n|move|p1a: ultimate life form|Seed Flare|p2a: Eternal Suffering\n|-resisted|p2a: Eternal Suffering\n|-damage|p2a: Eternal Suffering|92\/100\n|-unboost|p2a: Eternal Suffering|spd|2\n|\n|upkeep\n|turn|10\n|\n|t:|1699197091\n|switch|p1a: antimiradon action|Ting-Lu|100\/100\n|-damage|p1a: antimiradon action|84\/100|[from] Spikes\n|-ability|p1a: antimiradon action|Vessel of Ruin\n|switch|p2a: The Botez Gambit|Kingambit, F, shiny|100\/100\n|\n|-heal|p1a: antimiradon action|90\/100|[from] item: Leftovers\n|upkeep\n|turn|11\n|\n|t:|1699197106\n|-end|p2a: The Botez Gambit|fallenundefined|[silent]\n|switch|p2a: In The Clouds|Landorus-Therian, M, shiny|67\/100\n|-ability|p2a: In The Clouds|Intimidate|boost\n|-unboost|p1a: antimiradon action|atk|1\n|switch|p1a: Big dog|Zacian-Crowned|72\/100\n|-damage|p1a: Big dog|55\/100|[from] Spikes\n|\n|upkeep\n|turn|12\n|c| laprasplayer|what are your thoughts on gambit now\n|c|\u2606eavo x|eh\n|c|\u2606eavo x|decent mon\n|\n|t:|1699197122\n|switch|p1a: im sorry|Drifblim, F, shiny|100\/100\n|move|p2a: In The Clouds|Stealth Rock|p1a: im sorry\n|-sidestart|p1: Sakuta24|move: Stealth Rock\n|\n|upkeep\n|turn|13\n|\n|t:|1699197132\n|move|p2a: In The Clouds|Taunt|p1a: im sorry\n|-start|p1a: im sorry|move: Taunt\n|cant|p1a: im sorry|move: Taunt|Substitute\n|\n|upkeep\n|turn|14\n|c|\u2606Sakuta24|Eerm\n|\n|t:|1699197142\n|switch|p1a: Fastest thing n AG|Regieleki, shiny|100\/100\n|-damage|p1a: Fastest thing n AG|84\/100|[from] Spikes\n|-damage|p1a: Fastest thing n AG|72\/100|[from] Stealth Rock\n|move|p2a: In The Clouds|U-turn|p1a: Fastest thing n AG\n|-damage|p1a: Fastest thing n AG|31\/100\n|\n|t:|1699197147\n|switch|p2a: The Botez Gambit|Kingambit, F, shiny|100\/100|[from] U-turn\n|\n|upkeep\n|turn|15\n|\n|t:|1699197150\n|move|p2a: The Botez Gambit|Sucker Punch||[still]\n|-fail|p2a: The Botez Gambit\n|move|p1a: Fastest thing n AG|Thunder Wave|p2a: The Botez Gambit\n|-status|p2a: The Botez Gambit|par\n|\n|upkeep\n|turn|16\n|\n|t:|1699197153\n|switch|p1a: Big dog|Zacian-Crowned|55\/100\n|-damage|p1a: Big dog|39\/100|[from] Spikes\n|-damage|p1a: Big dog|32\/100|[from] Stealth Rock\n|move|p2a: The Botez Gambit|Sucker Punch||[still]\n|-fail|p2a: The Botez Gambit\n|\n|upkeep\n|turn|17\n|\n|t:|1699197162\n|-end|p2a: The Botez Gambit|fallenundefined|[silent]\n|switch|p2a: In The Clouds|Landorus-Therian, M, shiny|67\/100\n|-ability|p2a: In The Clouds|Intimidate|boost\n|-unboost|p1a: Big dog|atk|1\n|move|p1a: Big dog|Play Rough|p2a: In The Clouds\n|-damage|p2a: In The Clouds|43\/100\n|-damage|p1a: Big dog|16\/100|[from] item: Rocky Helmet|[of] p2a: In The Clouds\n|\n|upkeep\n|turn|18\n|\n|t:|1699197175\n|switch|p1a: ultimate life form|Shaymin-Sky|100\/100\n|-damage|p1a: ultimate life form|76\/100|[from] Stealth Rock\n|move|p2a: In The Clouds|Earthquake|p1a: ultimate life form\n|-immune|p1a: ultimate life form\n|\n|upkeep\n|turn|19\n|\n|t:|1699197181\n|move|p1a: ultimate life form|Substitute|p1a: ultimate life form\n|-start|p1a: ultimate life form|Substitute\n|-damage|p1a: ultimate life form|51\/100\n|move|p2a: In The Clouds|U-turn|p1a: ultimate life form\n|-end|p1a: ultimate life form|Substitute\n|\n|t:|1699197184\n|switch|p2a: Featured Today|Koraidon|100\/100|[from] U-turn\n|-weather|SunnyDay|[from] ability: Orichalcum Pulse|[of] p2a: Featured Today\n|-activate|p2a: Featured Today|Orichalcum Pulse|[source]\n|\n|-weather|SunnyDay|[upkeep]\n|upkeep\n|turn|20\n|c|\u2606Sakuta24|Choice scarf\u00bf\n|\n|t:|1699197203\n|move|p2a: Featured Today|Flare Blitz|p1a: ultimate life form\n|-supereffective|p1a: ultimate life form\n|-damage|p1a: ultimate life form|0 fnt\n|faint|p1a: ultimate life form\n|-damage|p2a: Featured Today|85\/100|[from] Recoil\n|\n|-weather|SunnyDay|[upkeep]\n|upkeep\n|c|\u2606Sakuta24|\ud83d\udc80\n|c| ZowwyCafe\u2764|fblitz time -w-\n|\n|t:|1699197219\n|switch|p1a: antimiradon action|Ting-Lu|90\/100\n|-damage|p1a: antimiradon action|74\/100|[from] Spikes\n|-damage|p1a: antimiradon action|67\/100|[from] Stealth Rock\n|-ability|p1a: antimiradon action|Vessel of Ruin\n|turn|21\n|\n|t:|1699197225\n|move|p2a: Featured Today|Flare Blitz|p1a: antimiradon action\n|-damage|p1a: antimiradon action|13\/100\n|-damage|p2a: Featured Today|59\/100|[from] Recoil\n|move|p1a: antimiradon action|Stealth Rock|p2a: Featured Today\n|-sidestart|p2: eavo x|move: Stealth Rock\n|\n|-weather|SunnyDay|[upkeep]\n|-heal|p1a: antimiradon action|19\/100|[from] item: Leftovers\n|upkeep\n|turn|22\n|c| laprasplayer|Ting lu takes this easily\n|\n|t:|1699197233\n|move|p2a: Featured Today|Flare Blitz|p1a: antimiradon action\n|-damage|p1a: antimiradon action|0 fnt\n|faint|p1a: antimiradon action\n|-damage|p2a: Featured Today|50\/100|[from] Recoil\n|\n|-weather|SunnyDay|[upkeep]\n|upkeep\n|c| laprasplayer|fr\n|\n|t:|1699197242\n|switch|p1a: im sorry|Drifblim, F, shiny|100\/100\n|-damage|p1a: im sorry|75\/100|[from] Stealth Rock\n|turn|23\n|\n|t:|1699197244\n|move|p2a: Featured Today|Flare Blitz|p1a: im sorry\n|-damage|p1a: im sorry|0 fnt\n|faint|p1a: im sorry\n|-damage|p2a: Featured Today|16\/100|[from] Recoil\n|\n|-weather|none\n|upkeep\n|\n|t:|1699197250\n|switch|p1a: Fastest thing n AG|Regieleki, shiny|31\/100\n|-damage|p1a: Fastest thing n AG|15\/100|[from] Spikes\n|-damage|p1a: Fastest thing n AG|2\/100|[from] Stealth Rock\n|turn|24\n|\n|t:|1699197258\n|switch|p2a: In The Clouds|Landorus-Therian, M, shiny|43\/100\n|-damage|p2a: In The Clouds|31\/100|[from] Stealth Rock\n|-ability|p2a: In The Clouds|Intimidate|boost\n|-unboost|p1a: Fastest thing n AG|atk|1\n|move|p1a: Fastest thing n AG|Thunderbolt|p2a: In The Clouds\n|-immune|p2a: In The Clouds\n|\n|upkeep\n|turn|25\n|\n|t:|1699197262\n|move|p1a: Fastest thing n AG|Rapid Spin|p2a: In The Clouds\n|-damage|p2a: In The Clouds|26\/100\n|-boost|p1a: Fastest thing n AG|spe|1\n|-damage|p1a: Fastest thing n AG|0 fnt|[from] item: Rocky Helmet|[of] p2a: In The Clouds\n|faint|p1a: Fastest thing n AG\n|move|p2a: In The Clouds|U-turn|p1: Fastest thing n AG|[notarget]\n|-fail|p2a: In The Clouds\n|\n|upkeep\n|c|\u2606Sakuta24|Why didnt it clean\n|c|\u2606eavo x|helmet\n|c|\u2606Sakuta24|The hazards\n|c|\u2606Sakuta24|A\n|\n|t:|1699197290\n|switch|p1a: Spectrier|Calyrex-Shadow, tera:Fighting|59\/100\n|-ability|p1a: Spectrier|As One\n|-ability|p1a: Spectrier|Unnerve\n|-damage|p1a: Spectrier|42\/100|[from] Spikes\n|-damage|p1a: Spectrier|36\/100|[from] Stealth Rock\n|turn|26\n|\n|t:|1699197307\n|switch|p2a: Desert Anchor|Ting-Lu|100\/100\n|-damage|p2a: Desert Anchor|94\/100|[from] Stealth Rock\n|-ability|p2a: Desert Anchor|Vessel of Ruin\n|move|p1a: Spectrier|Psychic|p2a: Desert Anchor\n|-immune|p2a: Desert Anchor\n|\n|-heal|p2a: Desert Anchor|100\/100|[from] item: Leftovers\n|upkeep\n|turn|27\n|\n|t:|1699197310\n|move|p1a: Spectrier|Tera Blast|p2a: Desert Anchor|[anim] Tera Blast Fighting\n|-supereffective|p2a: Desert Anchor\n|-damage|p2a: Desert Anchor|62\/100\n|move|p2a: Desert Anchor|Earthquake|p1a: Spectrier\n|-damage|p1a: Spectrier|0 fnt\n|faint|p1a: Spectrier\n|\n|-heal|p2a: Desert Anchor|68\/100|[from] item: Leftovers\n|upkeep\n|c| laprasplayer|you die to rocky helmet damage before you could spin those hazards..\n|c|\u2606Sakuta24|Mhm\n|c| laprasplayer|imagine if helm doesn't do that tho\n|\n|t:|1699197322\n|switch|p1a: Big dog|Zacian-Crowned|16\/100\n|-damage|p1a: Big dog|0 fnt|[from] Spikes\n|faint|p1a: Big dog\n|\n|win|eavo x\n|raw|Sakuta24's rating: 1562 &rarr; <strong>1540<\/strong><br \/>(-22 for losing)\n|raw|eavo x's rating: 1534 &rarr; <strong>1556<\/strong><br \/>(+22 for winning)\n|c| ZowwyCafe\u2764|preserved the 6-0 fr -w-\n|c|\u2606eavo x|gg\n|c|\u2606Sakuta24|GG WP\n","uploadtime":1699197335,"views":3,"p1id":"sakuta24","p2id":"eavox","formatid":"gen9anythinggoes","rating":1540,"private":0,"password":""}