{"id":"gen9anythinggoes-1975559784","p1":"B1rd K3eper Kyl3","p2":"YoungsterJoey_LOL","format":"[Gen 9] Anything Goes","log":"|j|\u2606B1rd K3eper Kyl3\n|j|\u2606YoungsterJoey_LOL\n|t:|1698204907\n|gametype|singles\n|player|p1|B1rd K3eper Kyl3|lady|\n|player|p2|YoungsterJoey_LOL|blue|\n|teamsize|p1|6\n|teamsize|p2|6\n|gen|9\n|tier|[Gen 9] Anything Goes\n|rule|HP Percentage Mod: HP is shown in percentages\n|rule|Endless Battle Clause: Forcing endless battles is banned\n|clearpoke\n|poke|p1|Vaporeon, F|\n|poke|p1|Flareon, F|\n|poke|p1|Sylveon, F|\n|poke|p1|Glaceon, F|\n|poke|p1|Leafeon, M|\n|poke|p1|Espeon, M|\n|poke|p2|Espathra, M|\n|poke|p2|Gliscor, M|\n|poke|p2|Scream Tail|\n|poke|p2|Maushold-Four|\n|poke|p2|Annihilape, M|\n|poke|p2|Kingambit, M|\n|teampreview\n|inactive|Battle timer is ON: inactive players will automatically lose when time's up. (requested by YoungsterJoey_LOL)\n|c|\u2606YoungsterJoey_LOL|Whaaaa\n|c|\u2606B1rd K3eper Kyl3|go my dogs\n|\n|t:|1698204919\n|start\n|switch|p1a: Sylveon|Sylveon, F, shiny|100\/100\n|switch|p2a: I Am Speed|Espathra, M, shiny|100\/100\n|turn|1\n|c|\u2606YoungsterJoey_LOL|Theyre cats\n|c|\u2606B1rd K3eper Kyl3|foxes\n|\n|t:|1698204927\n|move|p2a: I Am Speed|Substitute|p2a: I Am Speed\n|-start|p2a: I Am Speed|Substitute\n|-damage|p2a: I Am Speed|76\/100\n|move|p1a: Sylveon|Misty Terrain|p1a: Sylveon\n|-fieldstart|move: Misty Terrain\n|\n|-ability|p2a: I Am Speed|Speed Boost|boost\n|-boost|p2a: I Am Speed|spe|1\n|upkeep\n|turn|2\n|c|\u2606YoungsterJoey_LOL|Hyenas\n|c|\u2606B1rd K3eper Kyl3|fish\n|\n|t:|1698204936\n|move|p2a: I Am Speed|Calm Mind|p2a: I Am Speed\n|-boost|p2a: I Am Speed|spa|1\n|-boost|p2a: I Am Speed|spd|1\n|move|p1a: Sylveon|Hyper Voice|p2a: I Am Speed\n|-damage|p2a: I Am Speed|15\/100\n|\n|-ability|p2a: I Am Speed|Speed Boost|boost\n|-boost|p2a: I Am Speed|spe|1\n|upkeep\n|turn|3\n|c|\u2606YoungsterJoey_LOL|Horses\n|c|\u2606B1rd K3eper Kyl3|broken\n|\n|t:|1698204945\n|move|p2a: I Am Speed|Baton Pass|p2a: I Am Speed\n|\n|t:|1698204956\n|switch|p2a: Zubat on Steroids|Gliscor, M, shiny|100\/100|[from] Baton Pass\n|move|p1a: Sylveon|Hyper Voice|p2a: Zubat on Steroids\n|-damage|p2a: Zubat on Steroids|48\/100\n|\n|-status|p2a: Zubat on Steroids|tox|[from] item: Toxic Orb\n|upkeep\n|turn|4\n|\n|t:|1698204967\n|move|p2a: Zubat on Steroids|Baton Pass|p2a: Zubat on Steroids\n|\n|t:|1698204971\n|switch|p2a: Angery Monkeh|Annihilape, M, shiny|100\/100|[from] Baton Pass\n|move|p1a: Sylveon|Hyper Voice|p2a: Angery Monkeh\n|-supereffective|p2a: Angery Monkeh\n|-damage|p2a: Angery Monkeh|5\/100\n|\n|upkeep\n|turn|5\n|c|\u2606YoungsterJoey_LOL|Oh crap\n|c|\u2606YoungsterJoey_LOL|Pixilate\n|\n|t:|1698204988\n|move|p2a: Angery Monkeh|Rage Fist|p1a: Sylveon\n|-damage|p1a: Sylveon|45\/100\n|move|p1a: Sylveon|Hyper Voice|p2a: Angery Monkeh\n|-supereffective|p2a: Angery Monkeh\n|-damage|p2a: Angery Monkeh|0 fnt\n|faint|p2a: Angery Monkeh\n|\n|-fieldend|Misty Terrain\n|upkeep\n|c|\u2606B1rd K3eper Kyl3|yup\n|c|\u2606YoungsterJoey_LOL|Ramn\n|c|\u2606YoungsterJoey_LOL|Damn\n|\n|t:|1698204998\n|switch|p2a: Happy Family|Maushold-Four, shiny|100\/100\n|turn|6\n|c|\u2606B1rd K3eper Kyl3|pixilate hypervoice + misty terrain\n|c|\u2606YoungsterJoey_LOL|Oof\n|\n|t:|1698205009\n|move|p2a: Happy Family|Population Bomb|p1a: Sylveon\n|-damage|p1a: Sylveon|29\/100\n|-damage|p1a: Sylveon|13\/100\n|-damage|p1a: Sylveon|0 fnt\n|faint|p1a: Sylveon\n|-hitcount|p1: Sylveon|3\n|\n|upkeep\n|c|\u2606YoungsterJoey_LOL|Go mouse\n|c|\u2606B1rd K3eper Kyl3|BUT IM NOT DONE YET!\n|\n|t:|1698205021\n|switch|p1a: Leafeon|Leafeon, M, shiny|100\/100\n|turn|7\n|c|\u2606YoungsterJoey_LOL|Somehow a fucking mouse is the most op pokemon in gen 9\n|\n|t:|1698205032\n|move|p2a: Happy Family|Population Bomb|p1a: Leafeon\n|-damage|p1a: Leafeon|91\/100\n|-damage|p1a: Leafeon|80\/100\n|-damage|p1a: Leafeon|71\/100\n|-damage|p1a: Leafeon|61\/100\n|-damage|p1a: Leafeon|51\/100\n|-damage|p1a: Leafeon|41\/100\n|-damage|p1a: Leafeon|30\/100\n|-damage|p1a: Leafeon|20\/100\n|-damage|p1a: Leafeon|10\/100\n|-damage|p1a: Leafeon|0 fnt\n|faint|p1a: Leafeon\n|-hitcount|p1: Leafeon|10\n|\n|upkeep\n|c|\u2606B1rd K3eper Kyl3|eral\n|c|\u2606B1rd K3eper Kyl3|real\n|c|\u2606B1rd K3eper Kyl3|My dog\n|c|\u2606YoungsterJoey_LOL|Hee hee\n|\n|t:|1698205053\n|switch|p1a: Espeon|Espeon, M|100\/100\n|turn|8\n|c|\u2606YoungsterJoey_LOL|My mouse stepped on a dog\n|c|\u2606B1rd K3eper Kyl3|:(\n|c|\u2606YoungsterJoey_LOL|Wait, is jolteon amber heards dog\n|c|\u2606B1rd K3eper Kyl3|Perhaps\n|c|\u2606YoungsterJoey_LOL|Bc it looks like it stepped on a bee\n|inactive|YoungsterJoey_LOL has 270 seconds left.\n|\n|t:|1698205086\n|move|p1a: Espeon|Future Sight|p2a: Happy Family\n|-start|p1a: Espeon|move: Future Sight\n|move|p2a: Happy Family|Population Bomb|p1a: Espeon\n|-damage|p1a: Espeon|78\/100\n|-damage|p1a: Espeon|54\/100\n|-damage|p1a: Espeon|31\/100\n|-damage|p1a: Espeon|9\/100\n|-damage|p1a: Espeon|0 fnt\n|faint|p1a: Espeon\n|-hitcount|p1: Espeon|5\n|\n|upkeep\n|\n|t:|1698205100\n|switch|p1a: Flareon|Flareon, F|100\/100\n|turn|9\n|\n|t:|1698205107\n|move|p2a: Happy Family|Population Bomb|p1a: Flareon\n|-damage|p1a: Flareon|75\/100\n|-damage|p1a: Flareon|47\/100\n|-damage|p1a: Flareon|20\/100\n|-damage|p1a: Flareon|0 fnt\n|faint|p1a: Flareon\n|-hitcount|p1: Flareon|4\n|\n|upkeep\n|c|\u2606YoungsterJoey_LOL|Hehehe\n|\n|t:|1698205116\n|switch|p1a: Glaceon|Glaceon, F, shiny|100\/100\n|turn|10\n|\n|t:|1698205119\n|move|p2a: Happy Family|Population Bomb|p1a: Glaceon\n|-damage|p1a: Glaceon|89\/100\n|-damage|p1a: Glaceon|77\/100\n|-damage|p1a: Glaceon|66\/100\n|-damage|p1a: Glaceon|55\/100\n|-damage|p1a: Glaceon|44\/100\n|-damage|p1a: Glaceon|33\/100\n|-damage|p1a: Glaceon|22\/100\n|-damage|p1a: Glaceon|11\/100\n|-crit|p1a: Glaceon\n|-damage|p1a: Glaceon|0 fnt\n|faint|p1a: Glaceon\n|-hitcount|p1: Glaceon|9\n|\n|-end|p2a: Happy Family|move: Future Sight\n|-damage|p2a: Happy Family|14\/100\n|upkeep\n|c|\u2606YoungsterJoey_LOL|I sent out annihilape as a decoy\n|c|\u2606B1rd K3eper Kyl3|if only I upgraded this team\n|\n|t:|1698205134\n|switch|p1a: Vaporeon|Vaporeon, F|100\/100\n|turn|11\n|\n|t:|1698205138\n|move|p2a: Happy Family|Population Bomb|p1a: Vaporeon\n|-damage|p1a: Vaporeon|88\/100\n|-damage|p1a: Vaporeon|73\/100\n|-damage|p1a: Vaporeon|59\/100\n|-damage|p1a: Vaporeon|46\/100\n|-damage|p1a: Vaporeon|31\/100\n|-damage|p1a: Vaporeon|18\/100\n|-damage|p1a: Vaporeon|5\/100\n|-damage|p1a: Vaporeon|0 fnt\n|faint|p1a: Vaporeon\n|-hitcount|p1: Vaporeon|8\n|\n|win|YoungsterJoey_LOL\n|l|\u2606B1rd K3eper Kyl3\n|c|\u2606YoungsterJoey_LOL|BONK\n","uploadtime":1698205153,"views":5,"p1id":"b1rdk3eperkyl3","p2id":"youngsterjoeylol","formatid":"gen9anythinggoes","rating":0,"private":0,"password":""}