{"id":"gen9anythinggoes-1985397686","p1":"hfrgss","p2":"Sobblelover2763","format":"[Gen 9] Anything Goes","log":"|j|\u2606hfrgss\n|j|\u2606Sobblelover2763\n|t:|1699371317\n|gametype|singles\n|player|p1|hfrgss|266|1000\n|player|p2|Sobblelover2763|102|1000\n|teamsize|p1|6\n|teamsize|p2|5\n|gen|9\n|tier|[Gen 9] Anything Goes\n|rated|\n|rule|HP Percentage Mod: HP is shown in percentages\n|rule|Endless Battle Clause: Forcing endless battles is banned\n|clearpoke\n|poke|p1|Garganacl, F|\n|poke|p1|Garganacl, F|\n|poke|p1|Garganacl, M|\n|poke|p1|Garganacl, M|\n|poke|p1|Garganacl, M|\n|poke|p1|Garganacl, M|\n|poke|p2|Wooper, M|\n|poke|p2|Wooper, F|\n|poke|p2|Wooper, F|\n|poke|p2|Wooper, M|\n|poke|p2|Snover, L1, M|\n|teampreview\n|\n|t:|1699371321\n|start\n|switch|p1a: Garganacl|Garganacl, F|100\/100\n|switch|p2a: Snover|Snover, L1, M|100\/100\n|-weather|Snow|[from] ability: Snow Warning|[of] p2a: Snover\n|turn|1\n|\n|t:|1699371328\n|move|p1a: Garganacl|Fissure|p2a: Snover\n|-damage|p2a: Snover|0 fnt\n|faint|p2a: Snover\n|-ohko\n|\n|-weather|Snow|[upkeep]\n|upkeep\n|\n|t:|1699371334\n|switch|p2a: The leader|Wooper, M|100\/100\n|turn|2\n|\n|t:|1699371339\n|-terastallize|p2a: The leader|Water\n|move|p2a: The leader|Blizzard|p1a: Garganacl\n|-damage|p1a: Garganacl|92\/100\n|move|p1a: Garganacl|Fissure|p2a: The leader|[miss]\n|-miss|p1a: Garganacl|p2a: The leader\n|\n|-weather|Snow|[upkeep]\n|upkeep\n|turn|3\n|\n|t:|1699371347\n|move|p2a: The leader|Blizzard|p1a: Garganacl\n|-damage|p1a: Garganacl|83\/100\n|move|p1a: Garganacl|Fissure|p2a: The leader|[miss]\n|-miss|p1a: Garganacl|p2a: The leader\n|\n|-weather|Snow|[upkeep]\n|upkeep\n|turn|4\n|\n|t:|1699371353\n|move|p2a: The leader|Blizzard|p1a: Garganacl\n|-damage|p1a: Garganacl|75\/100\n|-status|p1a: Garganacl|frz\n|cant|p1a: Garganacl|frz\n|\n|-weather|Snow|[upkeep]\n|upkeep\n|turn|5\n|\n|t:|1699371361\n|move|p2a: The leader|Blizzard|p1a: Garganacl\n|-damage|p1a: Garganacl|66\/100 frz\n|cant|p1a: Garganacl|frz\n|\n|-weather|none\n|upkeep\n|turn|6\n|\n|t:|1699371367\n|switch|p1a: Garganacl|Garganacl, F|100\/100\n|move|p2a: The leader|Blizzard|p1a: Garganacl|[miss]\n|-miss|p2a: The leader|p1a: Garganacl\n|\n|upkeep\n|turn|7\n|\n|t:|1699371372\n|move|p2a: The leader|Blizzard|p1a: Garganacl\n|-damage|p1a: Garganacl|92\/100\n|move|p1a: Garganacl|Stealth Rock|p2a: The leader\n|-sidestart|p2: Sobblelover2763|move: Stealth Rock\n|\n|upkeep\n|turn|8\n|\n|t:|1699371378\n|move|p2a: The leader|Blizzard|p1a: Garganacl|[miss]\n|-miss|p2a: The leader|p1a: Garganacl\n|move|p1a: Garganacl|Fissure|p2a: The leader|[miss]\n|-miss|p1a: Garganacl|p2a: The leader\n|\n|upkeep\n|turn|9\n|\n|t:|1699371384\n|move|p2a: The leader|Blizzard|p1a: Garganacl\n|-damage|p1a: Garganacl|83\/100\n|move|p1a: Garganacl|Fissure|p2a: The leader|[miss]\n|-miss|p1a: Garganacl|p2a: The leader\n|\n|upkeep\n|turn|10\n|\n|t:|1699371390\n|-activate|p2a: The leader|move: Struggle\n|move|p2a: The leader|Struggle|p1a: Garganacl\n|-damage|p1a: Garganacl|78\/100\n|-damage|p2a: The leader|75\/100|[from] recoil\n|move|p1a: Garganacl|Fissure|p2a: The leader|[miss]\n|-miss|p1a: Garganacl|p2a: The leader\n|\n|upkeep\n|turn|11\n|\n|t:|1699371399\n|-activate|p2a: The leader|move: Struggle\n|move|p2a: The leader|Struggle|p1a: Garganacl\n|-damage|p1a: Garganacl|73\/100\n|-damage|p2a: The leader|50\/100|[from] recoil\n|move|p1a: Garganacl|Avalanche|p2a: The leader\n|-resisted|p2a: The leader\n|-damage|p2a: The leader|9\/100\n|\n|upkeep\n|turn|12\n|-message|Sobblelover2763 forfeited.\n|\n|win|hfrgss\n|raw|hfrgss's rating: 1000 &rarr; <strong>1040<\/strong><br \/>(+40 for winning)\n|raw|Sobblelover2763's rating: 1000 &rarr; <strong>1000<\/strong><br \/>(+0 for losing)\n|l|\u2606Sobblelover2763\n","uploadtime":1699371413,"views":5,"p1id":"hfrgss","p2id":"sobblelover2763","formatid":"gen9anythinggoes","rating":1000,"private":0,"password":""}