{"id":"gen9anythinggoes-2000603712","p1":"chibre bleu","p2":"MeriCaleDeezNuts","format":"[Gen 9] Anything Goes","log":"|j|\u2606chibre bleu\n|j|\u2606MeriCaleDeezNuts\n|t:|1701209592\n|gametype|singles\n|player|p1|chibre bleu|unknown|1090\n|player|p2|MeriCaleDeezNuts|cheryl|1000\n|teamsize|p1|6\n|teamsize|p2|6\n|gen|9\n|tier|[Gen 9] Anything Goes\n|rated|\n|rule|HP Percentage Mod: HP is shown in percentages\n|rule|Endless Battle Clause: Forcing endless battles is banned\n|clearpoke\n|poke|p1|Perrserker, M|\n|poke|p1|Espathra, M|\n|poke|p1|Hatterene, F|\n|poke|p1|Maushold|\n|poke|p1|Annihilape, F|\n|poke|p1|Drifblim, F|\n|poke|p2|Cinderace, M|\n|poke|p2|Dragonite, F|\n|poke|p2|Brute Bonnet|\n|poke|p2|Cramorant, M|\n|poke|p2|Clefable, M|\n|poke|p2|Kingambit, M|\n|teampreview\n|inactive|Battle timer is ON: inactive players will automatically lose when time's up. (requested by MeriCaleDeezNuts)\n|\n|t:|1701209597\n|start\n|switch|p1a: Espathra|Espathra, M|100\/100\n|switch|p2a: Cinderace|Cinderace, M|100\/100\n|turn|1\n|\n|t:|1701209603\n|move|p1a: Espathra|Protect|p1a: Espathra\n|-singleturn|p1a: Espathra|Protect\n|move|p2a: Cinderace|U-turn|p1a: Espathra\n|-start|p2a: Cinderace|typechange|Bug|[from] ability: Libero\n|-activate|p1a: Espathra|move: Protect\n|\n|-ability|p1a: Espathra|Speed Boost|boost\n|-boost|p1a: Espathra|spe|1\n|upkeep\n|turn|2\n|\n|t:|1701209621\n|move|p1a: Espathra|Substitute|p1a: Espathra\n|-start|p1a: Espathra|Substitute\n|-damage|p1a: Espathra|76\/100\n|move|p2a: Cinderace|U-turn|p1a: Espathra\n|-supereffective|p1a: Espathra\n|-end|p1a: Espathra|Substitute\n|\n|t:|1701209640\n|switch|p2a: Dragonite|Dragonite, F|100\/100|[from] U-turn\n|\n|-heal|p1a: Espathra|82\/100|[from] item: Leftovers\n|-ability|p1a: Espathra|Speed Boost|boost\n|-boost|p1a: Espathra|spe|1\n|upkeep\n|turn|3\n|\n|t:|1701209646\n|-terastallize|p2a: Dragonite|Normal\n|move|p2a: Dragonite|Extreme Speed|p1a: Espathra\n|-damage|p1a: Espathra|23\/100\n|move|p1a: Espathra|Baton Pass|p1a: Espathra\n|\n|t:|1701209651\n|switch|p1a: Drifblim|Drifblim, F|100\/100|[from] Baton Pass\n|\n|upkeep\n|turn|4\n|\n|t:|1701209658\n|move|p1a: Drifblim|Minimize|p1a: Drifblim\n|-boost|p1a: Drifblim|evasion|2\n|move|p2a: Dragonite|Thunder Wave|p1a: Drifblim|[miss]\n|-miss|p2a: Dragonite|p1a: Drifblim\n|\n|upkeep\n|turn|5\n|\n|t:|1701209666\n|switch|p2a: Clefable|Clefable, M|100\/100\n|move|p1a: Drifblim|Minimize|p1a: Drifblim\n|-boost|p1a: Drifblim|evasion|2\n|\n|upkeep\n|turn|6\n|\n|t:|1701209676\n|move|p1a: Drifblim|Baton Pass|p1a: Drifblim\n|\n|t:|1701209678\n|switch|p1a: Hatterene|Hatterene, F|100\/100|[from] Baton Pass\n|move|p2a: Clefable|Moonblast|p1a: Hatterene\n|-damage|p1a: Hatterene|67\/100\n|\n|-heal|p1a: Hatterene|73\/100|[from] item: Leftovers\n|upkeep\n|turn|7\n|\n|t:|1701209693\n|move|p1a: Hatterene|Calm Mind|p1a: Hatterene\n|-boost|p1a: Hatterene|spa|1\n|-boost|p1a: Hatterene|spd|1\n|move|p2a: Clefable|Moonblast|p1a: Hatterene\n|-crit|p1a: Hatterene\n|-damage|p1a: Hatterene|28\/100\n|\n|-heal|p1a: Hatterene|34\/100|[from] item: Leftovers\n|upkeep\n|turn|8\n|\n|t:|1701209717\n|move|p1a: Hatterene|Baton Pass|p1a: Hatterene\n|\n|t:|1701209719\n|switch|p1a: Maushold|Maushold|100\/100|[from] Baton Pass\n|move|p2a: Clefable|Moonblast|p1a: Maushold\n|-damage|p1a: Maushold|43\/100\n|\n|upkeep\n|turn|9\n|\n|t:|1701209725\n|-terastallize|p1a: Maushold|Normal\n|move|p1a: Maushold|Population Bomb|p2a: Clefable|[miss]\n|-miss|p1a: Maushold|p2a: Clefable\n|move|p2a: Clefable|Moonblast|p1a: Maushold\n|-damage|p1a: Maushold|0 fnt\n|faint|p1a: Maushold\n|\n|upkeep\n|-message|chibre bleu forfeited.\n|\n|win|MeriCaleDeezNuts\n|raw|chibre bleu's rating: 1090 &rarr; <strong>1061<\/strong><br \/>(-29 for losing)\n|raw|MeriCaleDeezNuts's rating: 1000 &rarr; <strong>1050<\/strong><br \/>(+50 for winning)\n|l|\u2606chibre bleu\n|c|\u2606MeriCaleDeezNuts|Gg crazy\n","uploadtime":1701209747,"views":0,"p1id":"chibrebleu","p2id":"mericaledeeznuts","formatid":"gen9anythinggoes","rating":1050,"private":0,"password":""}