{"id":"gen9anythinggoes-1997482795","p1":"DuzkGamer","p2":"Shobik Dadhich","format":"[Gen 9] Anything Goes","log":"|j|\u2606DuzkGamer\n|j|\u2606Shobik Dadhich\n|t:|1700813189\n|gametype|singles\n|player|p1|DuzkGamer|n|1116\n|player|p2|Shobik Dadhich|cynthia|1213\n|teamsize|p1|6\n|teamsize|p2|6\n|gen|9\n|tier|[Gen 9] Anything Goes\n|rated|\n|rule|HP Percentage Mod: HP is shown in percentages\n|rule|Endless Battle Clause: Forcing endless battles is banned\n|clearpoke\n|poke|p1|Dragonite, M|\n|poke|p1|Kingambit, F|\n|poke|p1|Heracross, M|\n|poke|p1|Breloom, F|\n|poke|p1|Cloyster, M|\n|poke|p1|Houndstone, F|\n|poke|p2|Eternatus|\n|poke|p2|Calyrex-Shadow|\n|poke|p2|Zacian-*|\n|poke|p2|Arceus-Dark|\n|poke|p2|Maushold-Four|\n|poke|p2|Koraidon|\n|teampreview\n|inactive|Battle timer is ON: inactive players will automatically lose when time's up. (requested by Shobik Dadhich)\n|\n|t:|1700813197\n|start\n|switch|p1a: Breloom|Breloom, F, shiny|100\/100\n|switch|p2a: Maushold|Maushold-Four|100\/100\n|turn|1\n|\n|t:|1700813206\n|move|p2a: Maushold|Population Bomb|p1a: Breloom\n|-damage|p1a: Breloom|89\/100\n|-damage|p1a: Breloom|77\/100\n|-damage|p1a: Breloom|64\/100\n|-damage|p1a: Breloom|53\/100\n|-damage|p1a: Breloom|42\/100\n|-damage|p1a: Breloom|29\/100\n|-damage|p1a: Breloom|17\/100\n|-damage|p1a: Breloom|4\/100\n|-damage|p1a: Breloom|0 fnt\n|faint|p1a: Breloom\n|-hitcount|p1: Breloom|9\n|\n|upkeep\n|\n|t:|1700813221\n|switch|p1a: Heracross|Heracross, M|100\/100\n|turn|2\n|\n|t:|1700813225\n|move|p2a: Maushold|Population Bomb|p1a: Heracross\n|-damage|p1a: Heracross|90\/100\n|-damage|p1a: Heracross|79\/100\n|-damage|p1a: Heracross|68\/100\n|-damage|p1a: Heracross|58\/100\n|-damage|p1a: Heracross|47\/100\n|-damage|p1a: Heracross|36\/100\n|-damage|p1a: Heracross|24\/100\n|-damage|p1a: Heracross|14\/100\n|-damage|p1a: Heracross|4\/100\n|-damage|p1a: Heracross|0 fnt\n|faint|p1a: Heracross\n|-hitcount|p1: Heracross|10\n|\n|upkeep\n|\n|t:|1700813241\n|switch|p1a: Cloyster|Cloyster, M, shiny|100\/100\n|turn|3\n|\n|t:|1700813245\n|move|p2a: Maushold|Population Bomb|p1a: Cloyster\n|-damage|p1a: Cloyster|94\/100\n|-damage|p1a: Cloyster|87\/100\n|-damage|p1a: Cloyster|81\/100\n|-damage|p1a: Cloyster|74\/100\n|-damage|p1a: Cloyster|68\/100\n|-damage|p1a: Cloyster|61\/100\n|-damage|p1a: Cloyster|54\/100\n|-damage|p1a: Cloyster|48\/100\n|-damage|p1a: Cloyster|41\/100\n|-damage|p1a: Cloyster|35\/100\n|-hitcount|p1a: Cloyster|10\n|move|p1a: Cloyster|Shell Smash|p1a: Cloyster\n|-unboost|p1a: Cloyster|def|1\n|-unboost|p1a: Cloyster|spd|1\n|-boost|p1a: Cloyster|atk|2\n|-boost|p1a: Cloyster|spa|2\n|-boost|p1a: Cloyster|spe|2\n|\n|upkeep\n|turn|4\n|\n|t:|1700813264\n|move|p1a: Cloyster|Rock Blast|p2a: Maushold\n|-damage|p2a: Maushold|78\/100\n|-damage|p2a: Maushold|56\/100\n|-damage|p2a: Maushold|34\/100\n|-damage|p2a: Maushold|13\/100\n|-damage|p2a: Maushold|0 fnt\n|faint|p2a: Maushold\n|-hitcount|p2: Maushold|5\n|\n|upkeep\n|\n|t:|1700813275\n|switch|p2a: Koraidon|Koraidon|100\/100\n|-weather|SunnyDay|[from] ability: Orichalcum Pulse|[of] p2a: Koraidon\n|-activate|p2a: Koraidon|Orichalcum Pulse|[source]\n|turn|5\n|\n|t:|1700813282\n|move|p1a: Cloyster|Icicle Spear|p2a: Koraidon\n|-supereffective|p2a: Koraidon\n|-damage|p2a: Koraidon|63\/100\n|-supereffective|p2a: Koraidon\n|-damage|p2a: Koraidon|25\/100\n|-supereffective|p2a: Koraidon\n|-damage|p2a: Koraidon|0 fnt\n|faint|p2a: Koraidon\n|-hitcount|p2: Koraidon|3\n|\n|-weather|SunnyDay|[upkeep]\n|upkeep\n|\n|t:|1700813289\n|switch|p2a: Zacian|Zacian-Crowned|100\/100\n|-ability|p2a: Zacian|Intrepid Sword|boost\n|-boost|p2a: Zacian|atk|1\n|turn|6\n|\n|t:|1700813309\n|move|p1a: Cloyster|Rock Blast|p2a: Zacian\n|-resisted|p2a: Zacian\n|-damage|p2a: Zacian|94\/100\n|-resisted|p2a: Zacian\n|-damage|p2a: Zacian|88\/100\n|-resisted|p2a: Zacian\n|-damage|p2a: Zacian|81\/100\n|-resisted|p2a: Zacian\n|-damage|p2a: Zacian|75\/100\n|-resisted|p2a: Zacian\n|-damage|p2a: Zacian|68\/100\n|-hitcount|p2a: Zacian|5\n|move|p2a: Zacian|Behemoth Blade|p1a: Cloyster\n|-damage|p1a: Cloyster|0 fnt\n|faint|p1a: Cloyster\n|\n|-weather|SunnyDay|[upkeep]\n|upkeep\n|inactive|DuzkGamer has 120 seconds left.\n|\n|t:|1700813324\n|switch|p1a: Dragonite|Dragonite, M, shiny|100\/100\n|turn|7\n|\n|t:|1700813337\n|move|p2a: Zacian|Behemoth Blade|p1a: Dragonite\n|-damage|p1a: Dragonite|65\/100\n|move|p1a: Dragonite|Earthquake|p2a: Zacian\n|-supereffective|p2a: Zacian\n|-damage|p2a: Zacian|0 fnt\n|faint|p2a: Zacian\n|\n|-weather|SunnyDay|[upkeep]\n|upkeep\n|\n|t:|1700813346\n|switch|p2a: Calyrex|Calyrex-Shadow|100\/100\n|-ability|p2a: Calyrex|As One\n|-ability|p2a: Calyrex|Unnerve\n|turn|8\n|\n|t:|1700813352\n|move|p2a: Calyrex|Astral Barrage|p1a: Dragonite\n|-damage|p1a: Dragonite|0 fnt\n|faint|p1a: Dragonite\n|-ability|p2a: Calyrex|Grim Neigh|boost\n|-boost|p2a: Calyrex|spa|1\n|\n|-weather|SunnyDay|[upkeep]\n|upkeep\n|\n|t:|1700813361\n|switch|p1a: Houndstone|Houndstone, F|100\/100\n|turn|9\n|\n|t:|1700813369\n|move|p2a: Calyrex|Foul Play|p1a: Houndstone\n|-supereffective|p1a: Houndstone\n|-damage|p1a: Houndstone|83\/100\n|move|p1a: Houndstone|Last Respects|p2a: Calyrex\n|-supereffective|p2a: Calyrex\n|-crit|p2a: Calyrex\n|-damage|p2a: Calyrex|0 fnt\n|faint|p2a: Calyrex\n|\n|-weather|none\n|-heal|p1a: Houndstone|89\/100|[from] item: Leftovers\n|upkeep\n|\n|t:|1700813377\n|switch|p2a: Arceus|Arceus-Dark|100\/100\n|turn|10\n|\n|t:|1700813384\n|move|p2a: Arceus|Judgment|p1a: Houndstone\n|-supereffective|p1a: Houndstone\n|-damage|p1a: Houndstone|0 fnt\n|faint|p1a: Houndstone\n|\n|upkeep\n|\n|t:|1700813389\n|switch|p1a: Kingambit|Kingambit, F, shiny|100\/100\n|-activate|p1a: Kingambit|ability: Supreme Overlord\n|-start|p1a: Kingambit|fallen5|[silent]\n|turn|11\n|\n|t:|1700813396\n|move|p1a: Kingambit|Sucker Punch|p2a: Arceus\n|-resisted|p2a: Arceus\n|-damage|p2a: Arceus|73\/100\n|move|p2a: Arceus|Earthquake|p1a: Kingambit\n|-supereffective|p1a: Kingambit\n|-damage|p1a: Kingambit|56\/100\n|\n|upkeep\n|turn|12\n|\n|t:|1700813404\n|move|p2a: Arceus|Earthquake|p1a: Kingambit\n|-supereffective|p1a: Kingambit\n|-damage|p1a: Kingambit|16\/100\n|move|p1a: Kingambit|Kowtow Cleave|p2a: Arceus\n|-resisted|p2a: Arceus\n|-damage|p2a: Arceus|40\/100\n|\n|upkeep\n|turn|13\n|\n|t:|1700813412\n|move|p1a: Kingambit|Sucker Punch|p2a: Arceus\n|-resisted|p2a: Arceus\n|-damage|p2a: Arceus|15\/100\n|move|p2a: Arceus|Earthquake|p1a: Kingambit\n|-supereffective|p1a: Kingambit\n|-damage|p1a: Kingambit|0 fnt\n|faint|p1a: Kingambit\n|-end|p1a: Kingambit|fallen5|[silent]\n|\n|win|Shobik Dadhich\n|raw|DuzkGamer's rating: 1116 &rarr; <strong>1098<\/strong><br \/>(-18 for losing)\n|raw|Shobik Dadhich's rating: 1213 &rarr; <strong>1231<\/strong><br \/>(+18 for winning)\n","uploadtime":1700813421,"views":2,"p1id":"duzkgamer","p2id":"shobikdadhich","formatid":"gen9anythinggoes","rating":1098,"private":0,"password":""}