{"id":"gen9anythinggoes-1984798624","p1":"vymx123","p2":"Xcro","format":"[Gen 9] Anything Goes","log":"|j|\u2606vymx123\n|j|\u2606Xcro\n|t:|1699299895\n|gametype|singles\n|player|p1|vymx123|cynthia-gen4|1141\n|player|p2|Xcro|ninjaboy|1071\n|teamsize|p1|6\n|teamsize|p2|3\n|gen|9\n|tier|[Gen 9] Anything Goes\n|rated|\n|rule|HP Percentage Mod: HP is shown in percentages\n|rule|Endless Battle Clause: Forcing endless battles is banned\n|clearpoke\n|poke|p1|Dragapult, M|\n|poke|p1|Drifblim, F|\n|poke|p1|Jumpluff, F|\n|poke|p1|Kingambit, M|\n|poke|p1|Calyrex-Shadow|\n|poke|p1|Palafin, F|\n|poke|p2|Chi-Yu|\n|poke|p2|Electrode-Hisui|\n|poke|p2|Clawitzer, F|\n|teampreview\n|\n|t:|1699299907\n|start\n|switch|p1a: Palafin|Palafin, F, shiny|100\/100\n|switch|p2a: Clawitzer|Clawitzer, F|100\/100\n|turn|1\n|\n|t:|1699299923\n|move|p2a: Clawitzer|Dark Pulse|p1a: Palafin\n|-damage|p1a: Palafin|42\/100\n|move|p1a: Palafin|Counter||[still]\n|-fail|p1a: Palafin\n|\n|-heal|p1a: Palafin|48\/100|[from] item: Leftovers\n|upkeep\n|turn|2\n|\n|t:|1699299949\n|move|p1a: Palafin|Drain Punch|p2a: Clawitzer\n|-damage|p2a: Clawitzer|78\/100\n|-heal|p1a: Palafin|57\/100|[from] drain|[of] p2a: Clawitzer\n|move|p2a: Clawitzer|Dark Pulse|p1a: Palafin\n|-damage|p1a: Palafin|2\/100\n|\n|-heal|p1a: Palafin|8\/100|[from] item: Leftovers\n|upkeep\n|turn|3\n|inactive|Battle timer is ON: inactive players will automatically lose when time's up. (requested by Xcro)\n|\n|t:|1699299960\n|detailschange|p1a: Palafin|Palafin-Hero, F, shiny\n|switch|p1a: Drifblim|Drifblim, F, shiny|100\/100\n|move|p2a: Clawitzer|Dark Pulse|p1a: Drifblim\n|-supereffective|p1a: Drifblim\n|-damage|p1a: Drifblim|10\/100\n|\n|-heal|p1a: Drifblim|17\/100|[from] item: Leftovers\n|upkeep\n|turn|4\n|\n|t:|1699299978\n|move|p1a: Drifblim|Minimize|p1a: Drifblim\n|-boost|p1a: Drifblim|evasion|2\n|move|p2a: Clawitzer|Dark Pulse|p1a: Drifblim\n|-supereffective|p1a: Drifblim\n|-damage|p1a: Drifblim|0 fnt\n|faint|p1a: Drifblim\n|\n|upkeep\n|\n|t:|1699299991\n|switch|p1a: Palafin|Palafin-Hero, F, shiny|8\/100\n|-activate|p1a: Palafin|ability: Zero to Hero\n|turn|5\n|\n|t:|1699299996\n|move|p1a: Palafin|Drain Punch|p2a: Clawitzer\n|-damage|p2a: Clawitzer|37\/100\n|-heal|p1a: Palafin|24\/100|[from] drain|[of] p2a: Clawitzer\n|move|p2a: Clawitzer|Dark Pulse|p1a: Palafin\n|-damage|p1a: Palafin|0 fnt\n|faint|p1a: Palafin\n|\n|upkeep\n|\n|t:|1699300004\n|switch|p1a: Dragapult|Dragapult, M|100\/100\n|turn|6\n|\n|t:|1699300008\n|move|p1a: Dragapult|Dragon Dance|p1a: Dragapult\n|-boost|p1a: Dragapult|atk|1\n|-boost|p1a: Dragapult|spe|1\n|move|p2a: Clawitzer|Dark Pulse|p1a: Dragapult\n|-supereffective|p1a: Dragapult\n|-damage|p1a: Dragapult|0 fnt\n|faint|p1a: Dragapult\n|\n|upkeep\n|\n|t:|1699300016\n|switch|p1a: Jumpluff|Jumpluff, F, shiny|100\/100\n|turn|7\n|\n|t:|1699300025\n|move|p1a: Jumpluff|Cotton Guard|p1a: Jumpluff\n|-boost|p1a: Jumpluff|def|3\n|move|p2a: Clawitzer|Dragon Pulse|p1a: Jumpluff\n|-damage|p1a: Jumpluff|58\/100\n|\n|-heal|p1a: Jumpluff|64\/100|[from] item: Leftovers\n|upkeep\n|turn|8\n|\n|t:|1699300032\n|switch|p2a: Chi-Yu|Chi-Yu|100\/100\n|-ability|p2a: Chi-Yu|Beads of Ruin\n|move|p1a: Jumpluff|Cotton Guard|p1a: Jumpluff\n|-boost|p1a: Jumpluff|def|3\n|\n|-heal|p1a: Jumpluff|70\/100|[from] item: Leftovers\n|upkeep\n|turn|9\n|\n|t:|1699300040\n|move|p1a: Jumpluff|Baton Pass|p1a: Jumpluff\n|\n|t:|1699300042\n|switch|p1a: Calyrex|Calyrex-Shadow|100\/100|[from] Baton Pass\n|-ability|p1a: Calyrex|As One\n|-ability|p1a: Calyrex|Unnerve\n|move|p2a: Chi-Yu|Flamethrower|p1a: Calyrex\n|-damage|p1a: Calyrex|39\/100\n|\n|-heal|p1a: Calyrex|45\/100|[from] item: Leftovers\n|upkeep\n|turn|10\n|\n|t:|1699300055\n|move|p1a: Calyrex|Draining Kiss|p2a: Chi-Yu\n|-damage|p2a: Chi-Yu|77\/100\n|-heal|p1a: Calyrex|56\/100|[from] drain|[of] p2a: Chi-Yu\n|move|p2a: Chi-Yu|Dark Pulse|p1a: Calyrex\n|-supereffective|p1a: Calyrex\n|-damage|p1a: Calyrex|0 fnt\n|faint|p1a: Calyrex\n|\n|upkeep\n|\n|t:|1699300067\n|switch|p1a: Kingambit|Kingambit, M, shiny|100\/100\n|-activate|p1a: Kingambit|ability: Supreme Overlord\n|-start|p1a: Kingambit|fallen4|[silent]\n|turn|11\n|\n|t:|1699300072\n|-end|p1a: Kingambit|fallen4|[silent]\n|switch|p1a: Jumpluff|Jumpluff, F, shiny|70\/100\n|move|p2a: Chi-Yu|Flamethrower|p1a: Jumpluff\n|-supereffective|p1a: Jumpluff\n|-damage|p1a: Jumpluff|0 fnt\n|faint|p1a: Jumpluff\n|\n|upkeep\n|\n|t:|1699300079\n|switch|p1a: Kingambit|Kingambit, M, shiny|100\/100\n|-activate|p1a: Kingambit|ability: Supreme Overlord\n|-start|p1a: Kingambit|fallen5|[silent]\n|turn|12\n|\n|t:|1699300084\n|-terastallize|p1a: Kingambit|Dark\n|move|p1a: Kingambit|Sucker Punch|p2a: Chi-Yu\n|-resisted|p2a: Chi-Yu\n|-damage|p2a: Chi-Yu|17\/100\n|-enditem|p2a: Chi-Yu|Salac Berry|[eat]\n|-boost|p2a: Chi-Yu|spe|1|[from] item: Salac Berry\n|move|p2a: Chi-Yu|Flamethrower|p1a: Kingambit\n|-damage|p1a: Kingambit|58\/100\n|\n|upkeep\n|turn|13\n|\n|t:|1699300094\n|move|p2a: Chi-Yu|Endure|p2a: Chi-Yu\n|-singleturn|p2a: Chi-Yu|move: Endure\n|move|p1a: Kingambit|Sucker Punch||[still]\n|-fail|p1a: Kingambit\n|\n|upkeep\n|turn|14\n|\n|t:|1699300102\n|switch|p2a: Clawitzer|Clawitzer, F|37\/100\n|move|p1a: Kingambit|Sucker Punch||[still]\n|-fail|p1a: Kingambit\n|\n|upkeep\n|turn|15\n|\n|t:|1699300111\n|move|p1a: Kingambit|Sucker Punch|p2a: Clawitzer\n|-damage|p2a: Clawitzer|0 fnt\n|faint|p2a: Clawitzer\n|\n|upkeep\n|\n|t:|1699300114\n|switch|p2a: Chi-Yu|Chi-Yu|17\/100\n|-ability|p2a: Chi-Yu|Beads of Ruin\n|turn|16\n|\n|t:|1699300123\n|move|p2a: Chi-Yu|Endure|p2a: Chi-Yu\n|-singleturn|p2a: Chi-Yu|move: Endure\n|move|p1a: Kingambit|Sucker Punch||[still]\n|-fail|p1a: Kingambit\n|\n|upkeep\n|turn|17\n|\n|t:|1699300129\n|move|p2a: Chi-Yu|Endure||[still]\n|-fail|p2a: Chi-Yu\n|move|p1a: Kingambit|Sucker Punch||[still]\n|-fail|p1a: Kingambit\n|\n|upkeep\n|turn|18\n|\n|t:|1699300138\n|move|p2a: Chi-Yu|Endure|p2a: Chi-Yu\n|-singleturn|p2a: Chi-Yu|move: Endure\n|move|p1a: Kingambit|Kowtow Cleave|p2a: Chi-Yu\n|-resisted|p2a: Chi-Yu\n|-activate|p2a: Chi-Yu|move: Endure\n|-damage|p2a: Chi-Yu|1\/100\n|\n|upkeep\n|turn|19\n|\n|t:|1699300147\n|switch|p2a: Electrode|Electrode-Hisui|100\/100\n|move|p1a: Kingambit|Sucker Punch||[still]\n|-fail|p1a: Kingambit\n|\n|upkeep\n|turn|20\n|\n|t:|1699300152\n|move|p1a: Kingambit|Sucker Punch|p2a: Electrode\n|-damage|p2a: Electrode|0 fnt\n|-damage|p1a: Kingambit|33\/100|[from] ability: Aftermath|[of] p2a: Electrode\n|faint|p2a: Electrode\n|\n|upkeep\n|\n|t:|1699300157\n|switch|p2a: Chi-Yu|Chi-Yu|1\/100\n|-ability|p2a: Chi-Yu|Beads of Ruin\n|turn|21\n|\n|t:|1699300164\n|move|p2a: Chi-Yu|Flamethrower|p1a: Kingambit\n|-damage|p1a: Kingambit|0 fnt\n|faint|p1a: Kingambit\n|-end|p1a: Kingambit|fallen5|[silent]\n|\n|win|Xcro\n|raw|vymx123's rating: 1141 &rarr; <strong>1111<\/strong><br \/>(-30 for losing)\n|raw|Xcro's rating: 1071 &rarr; <strong>1106<\/strong><br \/>(+35 for winning)\n|c|\u2606Xcro|Well Well Well\n","uploadtime":1699300170,"views":6,"p1id":"vymx123","p2id":"xcro","formatid":"gen9anythinggoes","rating":1106,"private":0,"password":""}