{"id":"gen9anythinggoes-1977520238","p1":"201700200b","p2":"hilire","format":"[Gen 9] Anything Goes","log":"|j|\u2606201700200b\n|j|\u2606hilire\n|t:|1698424027\n|gametype|singles\n|player|p1|201700200b|sage|1381\n|player|p2|hilire|1|1436\n|teamsize|p1|6\n|teamsize|p2|6\n|gen|9\n|tier|[Gen 9] Anything Goes\n|rated|\n|rule|HP Percentage Mod: HP is shown in percentages\n|rule|Endless Battle Clause: Forcing endless battles is banned\n|clearpoke\n|poke|p1|Koraidon|\n|poke|p1|Garchomp, M|\n|poke|p1|Gyarados, M|\n|poke|p1|Calyrex-Shadow|\n|poke|p1|Zacian-*|\n|poke|p1|Golem, M|\n|poke|p2|Polteageist|\n|poke|p2|Cloyster, M|\n|poke|p2|Cloyster, M|\n|poke|p2|Cloyster, M|\n|poke|p2|Miraidon|\n|poke|p2|Avalugg, F|\n|teampreview\n|\n|t:|1698424035\n|start\n|switch|p1a: Gyarados|Gyarados, M|100\/100\n|switch|p2a: Blue Leader|Cloyster, M, shiny|100\/100\n|-ability|p1a: Gyarados|Intimidate|boost\n|-unboost|p2a: Blue Leader|atk|1\n|turn|1\n|\n|t:|1698424041\n|move|p1a: Gyarados|Dragon Dance|p1a: Gyarados\n|-boost|p1a: Gyarados|atk|1\n|-boost|p1a: Gyarados|spe|1\n|move|p2a: Blue Leader|Shell Smash|p2a: Blue Leader\n|-unboost|p2a: Blue Leader|def|1\n|-unboost|p2a: Blue Leader|spd|1\n|-boost|p2a: Blue Leader|atk|2\n|-boost|p2a: Blue Leader|spa|2\n|-boost|p2a: Blue Leader|spe|2\n|\n|upkeep\n|turn|2\n|\n|t:|1698424050\n|move|p2a: Blue Leader|Shell Smash|p2a: Blue Leader\n|-unboost|p2a: Blue Leader|def|1\n|-unboost|p2a: Blue Leader|spd|1\n|-boost|p2a: Blue Leader|atk|2\n|-boost|p2a: Blue Leader|spa|2\n|-boost|p2a: Blue Leader|spe|2\n|move|p1a: Gyarados|Dragon Dance|p1a: Gyarados\n|-boost|p1a: Gyarados|atk|1\n|-boost|p1a: Gyarados|spe|1\n|\n|upkeep\n|turn|3\n|\n|t:|1698424097\n|move|p2a: Blue Leader|Rock Blast|p1a: Gyarados\n|-supereffective|p1a: Gyarados\n|-damage|p1a: Gyarados|55\/100\n|-supereffective|p1a: Gyarados\n|-damage|p1a: Gyarados|8\/100\n|-supereffective|p1a: Gyarados\n|-damage|p1a: Gyarados|0 fnt\n|faint|p1a: Gyarados\n|-hitcount|p1: Gyarados|3\n|\n|upkeep\n|inactive|Battle timer is ON: inactive players will automatically lose when time's up. (requested by hilire)\n|\n|t:|1698424107\n|switch|p1a: Golem|Golem, M|100\/100\n|turn|4\n|\n|t:|1698424111\n|move|p2a: Blue Leader|Icicle Spear|p1a: Golem\n|-supereffective|p1a: Golem\n|-damage|p1a: Golem|54\/100\n|-supereffective|p1a: Golem\n|-damage|p1a: Golem|10\/100\n|-supereffective|p1a: Golem\n|-damage|p1a: Golem|0 fnt\n|faint|p1a: Golem\n|-hitcount|p1: Golem|3\n|\n|upkeep\n|c|\u2606hilire|now what ?\n|\n|t:|1698424119\n|switch|p1a: Zacian|Zacian-Crowned|100\/100\n|-ability|p1a: Zacian|Intrepid Sword|boost\n|-boost|p1a: Zacian|atk|1\n|turn|5\n|\n|t:|1698424125\n|move|p2a: Blue Leader|Liquidation|p1a: Zacian\n|-damage|p1a: Zacian|15\/100\n|-unboost|p1a: Zacian|def|1\n|move|p1a: Zacian|Close Combat|p2a: Blue Leader\n|-supereffective|p2a: Blue Leader\n|-enditem|p2a: Blue Leader|Focus Sash\n|-damage|p2a: Blue Leader|1\/100\n|-unboost|p1a: Zacian|def|1\n|-unboost|p1a: Zacian|spd|1\n|\n|upkeep\n|turn|6\n|\n|t:|1698424135\n|move|p2a: Blue Leader|Icicle Spear|p1a: Zacian\n|-resisted|p1a: Zacian\n|-damage|p1a: Zacian|0 fnt\n|faint|p1a: Zacian\n|-hitcount|p1: Zacian|1\n|\n|upkeep\n|\n|t:|1698424143\n|switch|p1a: Koraidon|Koraidon|100\/100\n|-weather|SunnyDay|[from] ability: Orichalcum Pulse|[of] p1a: Koraidon\n|-activate|p1a: Koraidon|Orichalcum Pulse|[source]\n|turn|7\n|\n|t:|1698424160\n|-terastallize|p1a: Koraidon|Fire\n|move|p2a: Blue Leader|Icicle Spear|p1a: Koraidon\n|-resisted|p1a: Koraidon\n|-damage|p1a: Koraidon|86\/100\n|-resisted|p1a: Koraidon\n|-damage|p1a: Koraidon|72\/100\n|-resisted|p1a: Koraidon\n|-damage|p1a: Koraidon|58\/100\n|-resisted|p1a: Koraidon\n|-damage|p1a: Koraidon|44\/100\n|-resisted|p1a: Koraidon\n|-damage|p1a: Koraidon|30\/100\n|-hitcount|p1a: Koraidon|5\n|move|p1a: Koraidon|Scale Shot|p2a: Blue Leader\n|-damage|p2a: Blue Leader|0 fnt\n|faint|p2a: Blue Leader\n|-hitcount|p2: Blue Leader|1\n|-unboost|p1a: Koraidon|def|1\n|-boost|p1a: Koraidon|spe|1\n|\n|-weather|SunnyDay|[upkeep]\n|upkeep\n|\n|t:|1698424166\n|switch|p2a: Ice cannon|Avalugg, F|100\/100\n|turn|8\n|\n|t:|1698424182\n|move|p1a: Koraidon|Low Kick|p2a: Ice cannon\n|-supereffective|p2a: Ice cannon\n|-damage|p2a: Ice cannon|15\/100\n|move|p2a: Ice cannon|Earthquake|p1a: Koraidon\n|-supereffective|p1a: Koraidon\n|-damage|p1a: Koraidon|0 fnt\n|faint|p1a: Koraidon\n|\n|-weather|SunnyDay|[upkeep]\n|upkeep\n|\n|t:|1698424191\n|switch|p1a: Calyrex|Calyrex-Shadow|100\/100\n|-ability|p1a: Calyrex|As One\n|-ability|p1a: Calyrex|Unnerve\n|turn|9\n|\n|t:|1698424207\n|move|p1a: Calyrex|Agility|p1a: Calyrex\n|-boost|p1a: Calyrex|spe|2\n|move|p2a: Ice cannon|Avalanche|p1a: Calyrex\n|-damage|p1a: Calyrex|61\/100\n|\n|-weather|SunnyDay|[upkeep]\n|upkeep\n|turn|10\n|\n|t:|1698424220\n|switch|p2a: Last But Not Least|Cloyster, M|100\/100\n|move|p1a: Calyrex|Astral Barrage|p2a: Last But Not Least\n|-enditem|p2a: Last But Not Least|Focus Sash\n|-damage|p2a: Last But Not Least|1\/100\n|\n|-weather|SunnyDay|[upkeep]\n|upkeep\n|turn|11\n|\n|t:|1698424228\n|move|p1a: Calyrex|Giga Drain|p2a: Last But Not Least\n|-supereffective|p2a: Last But Not Least\n|-damage|p2a: Last But Not Least|0 fnt\n|-heal|p1a: Calyrex|61\/100|[from] drain|[of] p2a: Last But Not Least\n|faint|p2a: Last But Not Least\n|-ability|p1a: Calyrex|Grim Neigh|boost\n|-boost|p1a: Calyrex|spa|1\n|\n|-weather|none\n|upkeep\n|\n|t:|1698424233\n|switch|p2a: Pink Leader|Polteageist, shiny|100\/100\n|turn|12\n|\n|t:|1698424243\n|move|p1a: Calyrex|Astral Barrage|p2a: Pink Leader\n|-supereffective|p2a: Pink Leader\n|-enditem|p2a: Pink Leader|Focus Sash\n|-damage|p2a: Pink Leader|1\/100\n|move|p2a: Pink Leader|Shadow Ball|p1a: Calyrex\n|-supereffective|p1a: Calyrex\n|-damage|p1a: Calyrex|0 fnt\n|faint|p1a: Calyrex\n|\n|upkeep\n|\n|t:|1698424253\n|switch|p1a: Garchomp|Garchomp, M, shiny|100\/100\n|turn|13\n|\n|t:|1698424256\n|move|p1a: Garchomp|Iron Head|p2a: Pink Leader\n|-damage|p2a: Pink Leader|0 fnt\n|faint|p2a: Pink Leader\n|\n|upkeep\n|\n|t:|1698424261\n|switch|p2a: Miraidon|Miraidon|100\/100\n|-fieldstart|move: Electric Terrain|[from] ability: Hadron Engine|[of] p2a: Miraidon\n|turn|14\n|\n|t:|1698424272\n|-terastallize|p2a: Miraidon|Fairy\n|move|p2a: Miraidon|Dragon Pulse|p1a: Garchomp\n|-supereffective|p1a: Garchomp\n|-damage|p1a: Garchomp|0 fnt\n|faint|p1a: Garchomp\n|\n|win|hilire\n|raw|201700200b's rating: 1381 &rarr; <strong>1364<\/strong><br \/>(-17 for losing)\n|raw|hilire's rating: 1436 &rarr; <strong>1453<\/strong><br \/>(+17 for winning)\n|l|\u2606hilire\n|l|\u2606201700200b\n","uploadtime":1698424517,"views":12,"p1id":"201700200b","p2id":"hilire","formatid":"gen9anythinggoes","rating":1364,"private":0,"password":""}