{"id":"gen9anythinggoes-1981344153","p1":"Karim d'Or","p2":"Tvrtko420","format":"[Gen 9] Anything Goes","log":"|j|\u2606Karim d'Or\n|j|\u2606Tvrtko420\n|t:|1698885734\n|gametype|singles\n|player|p1|Karim d'Or|striker|1621\n|player|p2|Tvrtko420|red-masters2|1791\n|teamsize|p1|6\n|teamsize|p2|6\n|gen|9\n|tier|[Gen 9] Anything Goes\n|rated|\n|rule|HP Percentage Mod: HP is shown in percentages\n|rule|Endless Battle Clause: Forcing endless battles is banned\n|clearpoke\n|poke|p1|Pelipper, M|\n|poke|p1|Basculegion, M|\n|poke|p1|Pawmot, F|\n|poke|p1|Dondozo, M|\n|poke|p1|Iron Treads|\n|poke|p1|Dragapult, M|\n|poke|p2|Calyrex-Shadow|\n|poke|p2|Arceus|\n|poke|p2|Zacian-*|\n|poke|p2|Koraidon|\n|poke|p2|Leavanny, F|\n|poke|p2|Roaring Moon|\n|teampreview\n|\n|t:|1698885743\n|start\n|switch|p1a: Pelipper|Pelipper, M, shiny|100\/100\n|switch|p2a: Koraidon|Koraidon|100\/100\n|-weather|SunnyDay|[from] ability: Orichalcum Pulse|[of] p2a: Koraidon\n|-activate|p2a: Koraidon|Orichalcum Pulse|[source]\n|-weather|RainDance|[from] ability: Drizzle|[of] p1a: Pelipper\n|turn|1\n|inactive|Battle timer is ON: inactive players will automatically lose when time's up. (requested by Karim d'Or)\n|\n|t:|1698885759\n|move|p2a: Koraidon|U-turn|p1a: Pelipper\n|-resisted|p1a: Pelipper\n|-damage|p1a: Pelipper|90\/100\n|\n|t:|1698885763\n|switch|p2a: Leavanny|Leavanny, F, shiny|100\/100|[from] U-turn\n|move|p1a: Pelipper|Hurricane|p2a: Leavanny\n|-supereffective|p2a: Leavanny\n|-enditem|p2a: Leavanny|Focus Sash\n|-damage|p2a: Leavanny|1\/100\n|\n|-weather|RainDance|[upkeep]\n|upkeep\n|turn|2\n|\n|t:|1698885769\n|switch|p1a: Iron Treads|Iron Treads|100\/100\n|move|p2a: Leavanny|Sticky Web|p1a: Iron Treads\n|-sidestart|p1: Karim d'Or|move: Sticky Web\n|\n|-weather|RainDance|[upkeep]\n|upkeep\n|turn|3\n|\n|t:|1698885771\n|switch|p2a: Calyrex|Calyrex-Shadow|100\/100\n|-ability|p2a: Calyrex|As One\n|-ability|p2a: Calyrex|Unnerve\n|move|p1a: Iron Treads|Knock Off|p2a: Calyrex\n|-supereffective|p2a: Calyrex\n|-damage|p2a: Calyrex|0 fnt\n|-enditem|p2a: Calyrex|Leftovers|[from] move: Knock Off|[of] p1a: Iron Treads\n|faint|p2a: Calyrex\n|\n|-weather|RainDance|[upkeep]\n|upkeep\n|\n|t:|1698885785\n|switch|p2a: Arceus|Arceus|100\/100\n|turn|4\n|\n|t:|1698885792\n|-terastallize|p2a: Arceus|Ghost\n|move|p2a: Arceus|Swords Dance|p2a: Arceus\n|-boost|p2a: Arceus|atk|2\n|move|p1a: Iron Treads|Rapid Spin|p2a: Arceus\n|-immune|p2a: Arceus\n|\n|-weather|RainDance|[upkeep]\n|upkeep\n|turn|5\n|\n|t:|1698885800\n|-end|p1a: Iron Treads|Quark Drive|[silent]\n|switch|p1a: Dondozo|Dondozo, M, shiny|100\/100\n|-activate|p1a: Dondozo|move: Sticky Web\n|-unboost|p1a: Dondozo|spe|1\n|move|p2a: Arceus|Swords Dance|p2a: Arceus\n|-boost|p2a: Arceus|atk|2\n|\n|-weather|RainDance|[upkeep]\n|upkeep\n|turn|6\n|\n|t:|1698885804\n|move|p2a: Arceus|Extreme Speed|p1a: Dondozo\n|-damage|p1a: Dondozo|80\/100\n|-damage|p2a: Arceus|84\/100|[from] item: Rocky Helmet|[of] p1a: Dondozo\n|move|p1a: Dondozo|Liquidation|p2a: Arceus\n|-damage|p2a: Arceus|52\/100\n|\n|-weather|RainDance|[upkeep]\n|-heal|p2a: Arceus|58\/100|[from] item: Leftovers\n|upkeep\n|turn|7\n|\n|t:|1698885812\n|switch|p2a: Koraidon|Koraidon|100\/100\n|-weather|SunnyDay|[from] ability: Orichalcum Pulse|[of] p2a: Koraidon\n|-activate|p2a: Koraidon|Orichalcum Pulse|[source]\n|move|p1a: Dondozo|Liquidation|p2a: Koraidon\n|-resisted|p2a: Koraidon\n|-damage|p2a: Koraidon|94\/100\n|\n|-weather|SunnyDay|[upkeep]\n|upkeep\n|turn|8\n|\n|t:|1698885820\n|move|p2a: Koraidon|Close Combat|p1a: Dondozo\n|-damage|p1a: Dondozo|44\/100\n|-unboost|p2a: Koraidon|def|1\n|-unboost|p2a: Koraidon|spd|1\n|-damage|p2a: Koraidon|77\/100|[from] item: Rocky Helmet|[of] p1a: Dondozo\n|move|p1a: Dondozo|Body Press|p2a: Koraidon\n|-damage|p2a: Koraidon|53\/100\n|\n|-weather|SunnyDay|[upkeep]\n|upkeep\n|turn|9\n|\n|t:|1698885823\n|move|p2a: Koraidon|Taunt|p1a: Dondozo\n|-start|p1a: Dondozo|move: Taunt\n|cant|p1a: Dondozo|move: Taunt|Rest\n|\n|-weather|SunnyDay|[upkeep]\n|upkeep\n|turn|10\n|\n|t:|1698885837\n|switch|p1a: Pelipper|Pelipper, M, shiny|90\/100\n|-weather|RainDance|[from] ability: Drizzle|[of] p1a: Pelipper\n|move|p2a: Koraidon|U-turn|p1a: Pelipper\n|-resisted|p1a: Pelipper\n|-damage|p1a: Pelipper|80\/100\n|inactive|Tvrtko420 has 120 seconds left.\n|\n|t:|1698885863\n|switch|p2a: Roaring Moon|Roaring Moon|100\/100|[from] U-turn\n|-enditem|p2a: Roaring Moon|Booster Energy\n|-activate|p2a: Roaring Moon|ability: Protosynthesis|[fromitem]\n|-start|p2a: Roaring Moon|protosynthesisspe\n|\n|-weather|RainDance|[upkeep]\n|upkeep\n|turn|11\n|\n|t:|1698885870\n|move|p2a: Roaring Moon|Dragon Dance|p2a: Roaring Moon\n|-boost|p2a: Roaring Moon|atk|1\n|-boost|p2a: Roaring Moon|spe|1\n|move|p1a: Pelipper|U-turn|p2a: Roaring Moon\n|-supereffective|p2a: Roaring Moon\n|-damage|p2a: Roaring Moon|76\/100\n|\n|t:|1698885876\n|switch|p1a: Dondozo|Dondozo, M, shiny|44\/100|[from] U-turn\n|-activate|p1a: Dondozo|move: Sticky Web\n|-unboost|p1a: Dondozo|spe|1\n|\n|-weather|RainDance|[upkeep]\n|upkeep\n|turn|12\n|\n|t:|1698885887\n|move|p2a: Roaring Moon|Knock Off|p1a: Dondozo\n|-damage|p1a: Dondozo|22\/100\n|-damage|p2a: Roaring Moon|59\/100|[from] item: Rocky Helmet|[of] p1a: Dondozo\n|-enditem|p1a: Dondozo|Rocky Helmet|[from] move: Knock Off|[of] p2a: Roaring Moon\n|move|p1a: Dondozo|Rest|p1a: Dondozo\n|-status|p1a: Dondozo|slp|[from] move: Rest\n|-heal|p1a: Dondozo|100\/100 slp|[silent]\n|\n|-weather|RainDance|[upkeep]\n|upkeep\n|turn|13\n|\n|t:|1698885896\n|-end|p2a: Roaring Moon|Protosynthesis|[silent]\n|switch|p2a: Leavanny|Leavanny, F, shiny|1\/100\n|cant|p1a: Dondozo|slp\n|move|p1a: Dondozo|Sleep Talk|p1a: Dondozo\n|move|p1a: Dondozo|Liquidation|p2a: Leavanny|[from]move: Sleep Talk\n|-resisted|p2a: Leavanny\n|-damage|p2a: Leavanny|0 fnt\n|faint|p2a: Leavanny\n|\n|-weather|RainDance|[upkeep]\n|upkeep\n|\n|t:|1698885899\n|switch|p2a: Koraidon|Koraidon|53\/100\n|-weather|SunnyDay|[from] ability: Orichalcum Pulse|[of] p2a: Koraidon\n|-activate|p2a: Koraidon|Orichalcum Pulse|[source]\n|turn|14\n|\n|t:|1698885906\n|move|p2a: Koraidon|Close Combat|p1a: Dondozo\n|-damage|p1a: Dondozo|61\/100 slp\n|-unboost|p2a: Koraidon|def|1\n|-unboost|p2a: Koraidon|spd|1\n|cant|p1a: Dondozo|slp\n|move|p1a: Dondozo|Sleep Talk|p1a: Dondozo\n|move|p1a: Dondozo|Rest||[from]move: Sleep Talk|[still]\n|-fail|p1a: Dondozo\n|\n|-weather|SunnyDay|[upkeep]\n|upkeep\n|turn|15\n|\n|t:|1698885912\n|switch|p1a: Pelipper|Pelipper, M, shiny|80\/100\n|-weather|RainDance|[from] ability: Drizzle|[of] p1a: Pelipper\n|move|p2a: Koraidon|Close Combat|p1a: Pelipper\n|-resisted|p1a: Pelipper\n|-damage|p1a: Pelipper|56\/100\n|-unboost|p2a: Koraidon|def|1\n|-unboost|p2a: Koraidon|spd|1\n|\n|-weather|RainDance|[upkeep]\n|upkeep\n|turn|16\n|\n|t:|1698885916\n|move|p2a: Koraidon|U-turn|p1a: Pelipper\n|-resisted|p1a: Pelipper\n|-damage|p1a: Pelipper|46\/100\n|\n|t:|1698885931\n|switch|p2a: Arceus|Arceus, tera:Ghost|58\/100|[from] U-turn\n|move|p1a: Pelipper|Roost|p1a: Pelipper\n|-heal|p1a: Pelipper|96\/100\n|-singleturn|p1a: Pelipper|move: Roost\n|\n|-weather|RainDance|[upkeep]\n|-heal|p2a: Arceus|64\/100|[from] item: Leftovers\n|upkeep\n|turn|17\n|\n|t:|1698885945\n|switch|p1a: Dondozo|Dondozo, M, shiny|61\/100 slp\n|-activate|p1a: Dondozo|move: Sticky Web\n|-unboost|p1a: Dondozo|spe|1\n|move|p2a: Arceus|Swords Dance|p2a: Arceus\n|-boost|p2a: Arceus|atk|2\n|\n|-weather|RainDance|[upkeep]\n|-heal|p2a: Arceus|70\/100|[from] item: Leftovers\n|upkeep\n|turn|18\n|\n|t:|1698885952\n|move|p2a: Arceus|Taunt|p1a: Dondozo\n|-start|p1a: Dondozo|move: Taunt\n|-curestatus|p1a: Dondozo|slp|[msg]\n|move|p1a: Dondozo|Liquidation|p2a: Arceus\n|-damage|p2a: Arceus|42\/100\n|\n|-weather|RainDance|[upkeep]\n|-heal|p2a: Arceus|48\/100|[from] item: Leftovers\n|upkeep\n|turn|19\n|\n|t:|1698885963\n|switch|p2a: Koraidon|Koraidon|53\/100\n|-weather|SunnyDay|[from] ability: Orichalcum Pulse|[of] p2a: Koraidon\n|-activate|p2a: Koraidon|Orichalcum Pulse|[source]\n|move|p1a: Dondozo|Liquidation|p2a: Koraidon\n|-resisted|p2a: Koraidon\n|-damage|p2a: Koraidon|46\/100\n|\n|-weather|SunnyDay|[upkeep]\n|upkeep\n|turn|20\n|\n|t:|1698885969\n|switch|p1a: Pelipper|Pelipper, M, shiny|96\/100\n|-weather|RainDance|[from] ability: Drizzle|[of] p1a: Pelipper\n|move|p2a: Koraidon|U-turn|p1a: Pelipper\n|-resisted|p1a: Pelipper\n|-damage|p1a: Pelipper|86\/100\n|\n|t:|1698885974\n|switch|p2a: Arceus|Arceus, tera:Ghost|48\/100|[from] U-turn\n|\n|-weather|RainDance|[upkeep]\n|-heal|p2a: Arceus|54\/100|[from] item: Leftovers\n|upkeep\n|turn|21\n|\n|t:|1698885979\n|switch|p2a: Koraidon|Koraidon|46\/100\n|-weather|SunnyDay|[from] ability: Orichalcum Pulse|[of] p2a: Koraidon\n|-activate|p2a: Koraidon|Orichalcum Pulse|[source]\n|move|p1a: Pelipper|U-turn|p2a: Koraidon\n|-resisted|p2a: Koraidon\n|-damage|p2a: Koraidon|42\/100\n|\n|t:|1698885996\n|switch|p1a: Iron Treads|Iron Treads|100\/100|[from] U-turn\n|-activate|p1a: Iron Treads|move: Sticky Web\n|-unboost|p1a: Iron Treads|spe|1\n|\n|-weather|SunnyDay|[upkeep]\n|upkeep\n|turn|22\n|\n|t:|1698886009\n|-terastallize|p1a: Iron Treads|Flying\n|move|p2a: Koraidon|Flare Blitz|p1a: Iron Treads\n|-damage|p1a: Iron Treads|32\/100\n|-damage|p2a: Koraidon|18\/100|[from] Recoil\n|move|p1a: Iron Treads|Knock Off|p2a: Koraidon\n|-resisted|p2a: Koraidon\n|-damage|p2a: Koraidon|8\/100\n|-enditem|p2a: Koraidon|Focus Sash|[from] move: Knock Off|[of] p1a: Iron Treads\n|\n|-weather|SunnyDay|[upkeep]\n|-heal|p1a: Iron Treads|38\/100|[from] item: Leftovers\n|upkeep\n|turn|23\n|\n|t:|1698886021\n|-end|p1a: Iron Treads|Quark Drive|[silent]\n|switch|p1a: Pelipper|Pelipper, M, shiny|86\/100\n|-weather|RainDance|[from] ability: Drizzle|[of] p1a: Pelipper\n|move|p2a: Koraidon|Flare Blitz|p1a: Pelipper\n|-resisted|p1a: Pelipper\n|-damage|p1a: Pelipper|78\/100\n|-damage|p2a: Koraidon|5\/100|[from] Recoil\n|\n|-weather|RainDance|[upkeep]\n|upkeep\n|turn|24\n|\n|t:|1698886029\n|move|p2a: Koraidon|U-turn|p1a: Pelipper\n|-resisted|p1a: Pelipper\n|-damage|p1a: Pelipper|69\/100\n|\n|t:|1698886043\n|switch|p2a: Arceus|Arceus, tera:Ghost|54\/100|[from] U-turn\n|move|p1a: Pelipper|U-turn|p2a: Arceus\n|-resisted|p2a: Arceus\n|-damage|p2a: Arceus|51\/100\n|\n|t:|1698886050\n|switch|p1a: Iron Treads|Iron Treads, tera:Flying|38\/100|[from] U-turn\n|\n|-weather|RainDance|[upkeep]\n|-heal|p2a: Arceus|57\/100|[from] item: Leftovers\n|-heal|p1a: Iron Treads|45\/100|[from] item: Leftovers\n|upkeep\n|turn|25\n|inactive|Tvrtko420 has 120 seconds left.\n|\n|t:|1698886088\n|switch|p2a: Roaring Moon|Roaring Moon|59\/100\n|move|p1a: Iron Treads|Knock Off|p2a: Roaring Moon\n|-resisted|p2a: Roaring Moon\n|-damage|p2a: Roaring Moon|47\/100\n|\n|-weather|RainDance|[upkeep]\n|-heal|p1a: Iron Treads|51\/100|[from] item: Leftovers\n|upkeep\n|turn|26\n|\n|t:|1698886095\n|-end|p1a: Iron Treads|Quark Drive|[silent]\n|switch|p1a: Dondozo|Dondozo, M, shiny|61\/100\n|-activate|p1a: Dondozo|move: Sticky Web\n|-unboost|p1a: Dondozo|spe|1\n|move|p2a: Roaring Moon|Knock Off|p1a: Dondozo\n|-damage|p1a: Dondozo|46\/100\n|\n|-weather|RainDance|[upkeep]\n|upkeep\n|turn|27\n|\n|t:|1698886105\n|-end|p2a: Roaring Moon|Protosynthesis|[silent]\n|switch|p2a: Koraidon|Koraidon|5\/100\n|-weather|SunnyDay|[from] ability: Orichalcum Pulse|[of] p2a: Koraidon\n|-activate|p2a: Koraidon|Orichalcum Pulse|[source]\n|move|p1a: Dondozo|Rest|p1a: Dondozo\n|-status|p1a: Dondozo|slp|[from] move: Rest\n|-heal|p1a: Dondozo|100\/100 slp|[silent]\n|\n|-weather|SunnyDay|[upkeep]\n|upkeep\n|turn|28\n|\n|t:|1698886109\n|move|p2a: Koraidon|Close Combat|p1a: Dondozo\n|-damage|p1a: Dondozo|64\/100 slp\n|-unboost|p2a: Koraidon|def|1\n|-unboost|p2a: Koraidon|spd|1\n|cant|p1a: Dondozo|slp\n|move|p1a: Dondozo|Sleep Talk|p1a: Dondozo\n|move|p1a: Dondozo|Rest||[from]move: Sleep Talk|[still]\n|-fail|p1a: Dondozo\n|\n|-weather|SunnyDay|[upkeep]\n|upkeep\n|turn|29\n|\n|t:|1698886114\n|switch|p1a: Pelipper|Pelipper, M, shiny|69\/100\n|-weather|RainDance|[from] ability: Drizzle|[of] p1a: Pelipper\n|move|p2a: Koraidon|Close Combat|p1a: Pelipper\n|-resisted|p1a: Pelipper\n|-damage|p1a: Pelipper|43\/100\n|-unboost|p2a: Koraidon|def|1\n|-unboost|p2a: Koraidon|spd|1\n|\n|-weather|RainDance|[upkeep]\n|upkeep\n|turn|30\n|\n|t:|1698886118\n|move|p2a: Koraidon|U-turn|p1a: Pelipper\n|-resisted|p1a: Pelipper\n|-damage|p1a: Pelipper|33\/100\n|\n|t:|1698886126\n|switch|p2a: Arceus|Arceus, tera:Ghost|57\/100|[from] U-turn\n|move|p1a: Pelipper|Roost|p1a: Pelipper\n|-heal|p1a: Pelipper|83\/100\n|-singleturn|p1a: Pelipper|move: Roost\n|\n|-weather|RainDance|[upkeep]\n|-heal|p2a: Arceus|63\/100|[from] item: Leftovers\n|upkeep\n|turn|31\n|\n|t:|1698886138\n|move|p2a: Arceus|Extreme Speed|p1a: Pelipper\n|-damage|p1a: Pelipper|48\/100\n|move|p1a: Pelipper|Surf|p2a: Arceus\n|-damage|p2a: Arceus|34\/100\n|\n|-weather|RainDance|[upkeep]\n|-heal|p2a: Arceus|40\/100|[from] item: Leftovers\n|upkeep\n|turn|32\n|\n|t:|1698886152\n|move|p2a: Arceus|Extreme Speed|p1a: Pelipper\n|-damage|p1a: Pelipper|17\/100\n|move|p1a: Pelipper|Roost|p1a: Pelipper\n|-heal|p1a: Pelipper|67\/100\n|-singleturn|p1a: Pelipper|move: Roost\n|\n|-weather|RainDance|[upkeep]\n|-heal|p2a: Arceus|46\/100|[from] item: Leftovers\n|upkeep\n|turn|33\n|\n|t:|1698886159\n|move|p2a: Arceus|Extreme Speed|p1a: Pelipper\n|-damage|p1a: Pelipper|33\/100\n|move|p1a: Pelipper|U-turn|p2a: Arceus\n|-resisted|p2a: Arceus\n|-damage|p2a: Arceus|43\/100\n|\n|t:|1698886167\n|switch|p1a: Iron Treads|Iron Treads, tera:Flying|51\/100|[from] U-turn\n|\n|-weather|RainDance|[upkeep]\n|-heal|p2a: Arceus|49\/100|[from] item: Leftovers\n|-heal|p1a: Iron Treads|57\/100|[from] item: Leftovers\n|upkeep\n|turn|34\n|\n|t:|1698886190\n|switch|p2a: Koraidon|Koraidon|5\/100\n|-weather|SunnyDay|[from] ability: Orichalcum Pulse|[of] p2a: Koraidon\n|-activate|p2a: Koraidon|Orichalcum Pulse|[source]\n|move|p1a: Iron Treads|Rapid Spin|p2a: Koraidon\n|-damage|p2a: Koraidon|0 fnt\n|-boost|p1a: Iron Treads|spe|1\n|-sideend|p1: Karim d'Or|Sticky Web|[from] move: Rapid Spin|[of] p1a: Iron Treads\n|faint|p2a: Koraidon\n|\n|-weather|SunnyDay|[upkeep]\n|-heal|p1a: Iron Treads|63\/100|[from] item: Leftovers\n|upkeep\n|c|\u2606Tvrtko420|fuck lol\n|inactive|Tvrtko420 has 120 seconds left.\n|\n|t:|1698886214\n|switch|p2a: Roaring Moon|Roaring Moon|47\/100\n|-activate|p2a: Roaring Moon|ability: Protosynthesis\n|-start|p2a: Roaring Moon|protosynthesisspe\n|turn|35\n|\n|t:|1698886242\n|-end|p1a: Iron Treads|Quark Drive|[silent]\n|switch|p1a: Pelipper|Pelipper, M, shiny|33\/100\n|-weather|RainDance|[from] ability: Drizzle|[of] p1a: Pelipper\n|-end|p2a: Roaring Moon|Protosynthesis\n|move|p2a: Roaring Moon|Dragon Dance|p2a: Roaring Moon\n|-boost|p2a: Roaring Moon|atk|1\n|-boost|p2a: Roaring Moon|spe|1\n|\n|-weather|RainDance|[upkeep]\n|upkeep\n|turn|36\n|\n|t:|1698886257\n|move|p2a: Roaring Moon|Dragon Claw|p1a: Pelipper\n|-damage|p1a: Pelipper|0 fnt\n|faint|p1a: Pelipper\n|\n|-weather|RainDance|[upkeep]\n|upkeep\n|\n|t:|1698886259\n|switch|p1a: Pawmot|Pawmot, F, shiny|100\/100\n|turn|37\n|\n|t:|1698886265\n|move|p1a: Pawmot|Mach Punch|p2a: Roaring Moon\n|-supereffective|p2a: Roaring Moon\n|-damage|p2a: Roaring Moon|0 fnt\n|faint|p2a: Roaring Moon\n|-end|p2a: Roaring Moon|Protosynthesis|[silent]\n|\n|-weather|RainDance|[upkeep]\n|upkeep\n|\n|t:|1698886274\n|switch|p2a: Zacian|Zacian-Crowned|100\/100\n|-ability|p2a: Zacian|Intrepid Sword|boost\n|-boost|p2a: Zacian|atk|1\n|turn|38\n|\n|t:|1698886280\n|move|p2a: Zacian|Substitute|p2a: Zacian\n|-start|p2a: Zacian|Substitute\n|-damage|p2a: Zacian|76\/100\n|move|p1a: Pawmot|Revival Blessing|p1a: Pawmot\n|\n|t:|1698886283\n|-heal|p1: Pelipper|50\/100|[from] move: Revival Blessing\n|\n|-weather|RainDance|[upkeep]\n|upkeep\n|turn|39\n|\n|t:|1698886288\n|move|p2a: Zacian|Psychic Fangs|p1a: Pawmot\n|-supereffective|p1a: Pawmot\n|-enditem|p1a: Pawmot|Focus Sash\n|-damage|p1a: Pawmot|1\/100\n|move|p1a: Pawmot|Close Combat|p2a: Zacian\n|-end|p2a: Zacian|Substitute\n|-unboost|p1a: Pawmot|def|1\n|-unboost|p1a: Pawmot|spd|1\n|\n|-weather|RainDance|[upkeep]\n|upkeep\n|turn|40\n|\n|t:|1698886292\n|move|p1a: Pawmot|Mach Punch|p2a: Zacian\n|-damage|p2a: Zacian|54\/100\n|move|p2a: Zacian|Psychic Fangs|p1a: Pawmot\n|-supereffective|p1a: Pawmot\n|-crit|p1a: Pawmot\n|-damage|p1a: Pawmot|0 fnt\n|faint|p1a: Pawmot\n|\n|-weather|RainDance|[upkeep]\n|upkeep\n|\n|t:|1698886310\n|switch|p1a: Dondozo|Dondozo, M, shiny|64\/100 slp\n|turn|41\n|\n|t:|1698886326\n|switch|p2a: Arceus|Arceus, tera:Ghost|49\/100\n|cant|p1a: Dondozo|slp\n|move|p1a: Dondozo|Sleep Talk|p1a: Dondozo\n|move|p1a: Dondozo|Rest||[from]move: Sleep Talk|[still]\n|-fail|p1a: Dondozo\n|\n|-weather|RainDance|[upkeep]\n|-heal|p2a: Arceus|55\/100|[from] item: Leftovers\n|upkeep\n|turn|42\n|\n|t:|1698886331\n|move|p2a: Arceus|Taunt|p1a: Dondozo\n|-start|p1a: Dondozo|move: Taunt\n|-curestatus|p1a: Dondozo|slp|[msg]\n|move|p1a: Dondozo|Liquidation|p2a: Arceus\n|-damage|p2a: Arceus|24\/100\n|\n|-weather|none\n|-heal|p2a: Arceus|30\/100|[from] item: Leftovers\n|upkeep\n|turn|43\n|\n|t:|1698886335\n|move|p2a: Arceus|Extreme Speed|p1a: Dondozo\n|-damage|p1a: Dondozo|44\/100\n|move|p1a: Dondozo|Liquidation|p2a: Arceus\n|-damage|p2a: Arceus|9\/100\n|-unboost|p2a: Arceus|def|1\n|\n|-heal|p2a: Arceus|15\/100|[from] item: Leftovers\n|upkeep\n|turn|44\n|\n|t:|1698886338\n|move|p2a: Arceus|Extreme Speed|p1a: Dondozo\n|-damage|p1a: Dondozo|25\/100\n|move|p1a: Dondozo|Liquidation|p2a: Arceus\n|-damage|p2a: Arceus|0 fnt\n|faint|p2a: Arceus\n|\n|-end|p1a: Dondozo|move: Taunt\n|upkeep\n|\n|t:|1698886342\n|switch|p2a: Zacian|Zacian-Crowned|54\/100\n|turn|45\n|\n|t:|1698886344\n|move|p2a: Zacian|Play Rough|p1a: Dondozo\n|-damage|p1a: Dondozo|1\/100\n|move|p1a: Dondozo|Rest|p1a: Dondozo\n|-status|p1a: Dondozo|slp|[from] move: Rest\n|-heal|p1a: Dondozo|100\/100 slp|[silent]\n|\n|upkeep\n|turn|46\n|-message|Tvrtko420 forfeited.\n|\n|win|Karim d'Or\n|raw|Karim d&apos;Or's rating: 1621 &rarr; <strong>1650<\/strong><br \/>(+29 for winning)\n|raw|Tvrtko420's rating: 1791 &rarr; <strong>1762<\/strong><br \/>(-29 for losing)\n|l|\u2606Karim d'Or\n","uploadtime":1698887105,"views":8,"p1id":"karimdor","p2id":"tvrtko420","formatid":"gen9anythinggoes","rating":1650,"private":0,"password":""}