{"id":"gen9anythinggoes-1978479970","p1":"Aimama","p2":"brissacrafa","format":"[Gen 9] Anything Goes","log":"|j|\u2606Aimama\n|j|\u2606brissacrafa\n|t:|1698544378\n|gametype|singles\n|player|p1|Aimama|pokekid|1184\n|player|p2|brissacrafa|n|1294\n|teamsize|p1|6\n|teamsize|p2|6\n|gen|9\n|tier|[Gen 9] Anything Goes\n|rated|\n|rule|HP Percentage Mod: HP is shown in percentages\n|rule|Endless Battle Clause: Forcing endless battles is banned\n|clearpoke\n|poke|p1|Moltres|\n|poke|p1|Meowscarada, F|\n|poke|p1|Zapdos-Galar|\n|poke|p1|Garchomp, M|\n|poke|p1|Toxapex, M|\n|poke|p1|Crawdaunt, F|\n|poke|p2|Lilligant-Hisui, F|\n|poke|p2|Ceruledge, M|\n|poke|p2|Sylveon, F|\n|poke|p2|Ogerpon-Cornerstone, F|\n|poke|p2|Calyrex-Shadow|\n|poke|p2|Garchomp, M|\n|teampreview\n|\n|t:|1698544392\n|start\n|switch|p1a: Garchomp|Garchomp, M|100\/100\n|switch|p2a: Ceruledge|Ceruledge, M|100\/100\n|turn|1\n|\n|t:|1698544401\n|move|p2a: Ceruledge|Shadow Sneak|p1a: Garchomp\n|-damage|p1a: Garchomp|86\/100\n|-damage|p2a: Ceruledge|88\/100|[from] ability: Rough Skin|[of] p1a: Garchomp\n|move|p1a: Garchomp|Spikes|p2a: Ceruledge\n|-sidestart|p2: brissacrafa|Spikes\n|\n|upkeep\n|turn|2\n|\n|t:|1698544409\n|move|p2a: Ceruledge|Swords Dance|p2a: Ceruledge\n|-boost|p2a: Ceruledge|atk|2\n|move|p1a: Garchomp|Stealth Rock|p2a: Ceruledge\n|-sidestart|p2: brissacrafa|move: Stealth Rock\n|\n|upkeep\n|turn|3\n|\n|t:|1698544418\n|switch|p2a: calirequis come cu|Calyrex-Shadow|100\/100\n|-ability|p2a: calirequis come cu|As One\n|-ability|p2a: calirequis come cu|Unnerve\n|-damage|p2a: calirequis come cu|88\/100|[from] Spikes\n|-damage|p2a: calirequis come cu|76\/100|[from] Stealth Rock\n|move|p1a: Garchomp|Outrage|p2a: calirequis come cu\n|-damage|p2a: calirequis come cu|14\/100\n|\n|upkeep\n|turn|4\n|\n|t:|1698544436\n|move|p2a: calirequis come cu|Draining Kiss|p1a: Garchomp\n|-supereffective|p1a: Garchomp\n|-damage|p1a: Garchomp|53\/100\n|-heal|p2a: calirequis come cu|44\/100|[from] drain|[of] p1a: Garchomp\n|-damage|p2a: calirequis come cu|32\/100|[from] ability: Rough Skin|[of] p1a: Garchomp\n|move|p1a: Garchomp|Outrage|p2a: calirequis come cu|[from]lockedmove\n|-damage|p2a: calirequis come cu|0 fnt\n|faint|p2a: calirequis come cu\n|-start|p1a: Garchomp|confusion|[fatigue]\n|\n|upkeep\n|\n|t:|1698544451\n|switch|p2a: Sylveon|Sylveon, F|100\/100\n|-damage|p2a: Sylveon|88\/100|[from] Spikes\n|-damage|p2a: Sylveon|76\/100|[from] Stealth Rock\n|turn|5\n|\n|t:|1698544459\n|-activate|p1a: Garchomp|confusion\n|move|p1a: Garchomp|Spikes|p2a: Sylveon\n|-sidestart|p2: brissacrafa|Spikes\n|move|p2a: Sylveon|Hyper Voice|p1a: Garchomp\n|-supereffective|p1a: Garchomp\n|-damage|p1a: Garchomp|0 fnt\n|faint|p1a: Garchomp\n|\n|-heal|p2a: Sylveon|82\/100|[from] item: Leftovers\n|upkeep\n|\n|t:|1698544465\n|switch|p1a: Toxapex|Toxapex, M|100\/100\n|turn|6\n|c|\u2606brissacrafa|STALL\n|\n|t:|1698544471\n|move|p2a: Sylveon|Calm Mind|p2a: Sylveon\n|-boost|p2a: Sylveon|spa|1\n|-boost|p2a: Sylveon|spd|1\n|move|p1a: Toxapex|Toxic Spikes|p2a: Sylveon\n|-sidestart|p2: brissacrafa|move: Toxic Spikes\n|\n|-heal|p2a: Sylveon|88\/100|[from] item: Leftovers\n|upkeep\n|turn|7\n|\n|t:|1698544479\n|move|p2a: Sylveon|Calm Mind|p2a: Sylveon\n|-boost|p2a: Sylveon|spa|1\n|-boost|p2a: Sylveon|spd|1\n|move|p1a: Toxapex|Toxic Spikes|p2a: Sylveon\n|-sidestart|p2: brissacrafa|move: Toxic Spikes\n|\n|-heal|p2a: Sylveon|94\/100|[from] item: Leftovers\n|upkeep\n|turn|8\n|\n|t:|1698544486\n|move|p2a: Sylveon|Hyper Voice|p1a: Toxapex\n|-resisted|p1a: Toxapex\n|-damage|p1a: Toxapex|59\/100\n|move|p1a: Toxapex|Blizzard|p2a: Sylveon|[miss]\n|-miss|p1a: Toxapex|p2a: Sylveon\n|\n|-heal|p2a: Sylveon|100\/100|[from] item: Leftovers\n|upkeep\n|turn|9\n|\n|t:|1698544495\n|move|p2a: Sylveon|Hyper Voice|p1a: Toxapex\n|-resisted|p1a: Toxapex\n|-damage|p1a: Toxapex|17\/100\n|move|p1a: Toxapex|Blizzard|p2a: Sylveon\n|-damage|p2a: Sylveon|94\/100\n|\n|-heal|p2a: Sylveon|99\/100|[from] item: Leftovers\n|upkeep\n|turn|10\n|\n|t:|1698544505\n|move|p1a: Toxapex|Protect|p1a: Toxapex\n|-singleturn|p1a: Toxapex|Protect\n|move|p2a: Sylveon|Draining Kiss|p1a: Toxapex\n|-activate|p1a: Toxapex|move: Protect\n|\n|-heal|p2a: Sylveon|100\/100|[from] item: Leftovers\n|upkeep\n|turn|11\n|\n|t:|1698544513\n|move|p2a: Sylveon|Calm Mind|p2a: Sylveon\n|-boost|p2a: Sylveon|spa|1\n|-boost|p2a: Sylveon|spd|1\n|move|p1a: Toxapex|Hydro Pump|p2a: Sylveon\n|-crit|p2a: Sylveon\n|-damage|p2a: Sylveon|75\/100\n|\n|-heal|p2a: Sylveon|81\/100|[from] item: Leftovers\n|upkeep\n|turn|12\n|\n|t:|1698544524\n|move|p1a: Toxapex|Protect|p1a: Toxapex\n|-singleturn|p1a: Toxapex|Protect\n|move|p2a: Sylveon|Hyper Voice|p1a: Toxapex\n|-activate|p1a: Toxapex|move: Protect\n|\n|-heal|p2a: Sylveon|87\/100|[from] item: Leftovers\n|upkeep\n|turn|13\n|\n|t:|1698544532\n|move|p1a: Toxapex|Protect|p1a: Toxapex\n|-singleturn|p1a: Toxapex|Protect\n|move|p2a: Sylveon|Hyper Voice|p1a: Toxapex\n|-activate|p1a: Toxapex|move: Protect\n|\n|-heal|p2a: Sylveon|93\/100|[from] item: Leftovers\n|upkeep\n|turn|14\n|\n|t:|1698544540\n|move|p2a: Sylveon|Calm Mind|p2a: Sylveon\n|-boost|p2a: Sylveon|spa|1\n|-boost|p2a: Sylveon|spd|1\n|move|p1a: Toxapex|Hydro Pump|p2a: Sylveon\n|-damage|p2a: Sylveon|88\/100\n|\n|-heal|p2a: Sylveon|94\/100|[from] item: Leftovers\n|upkeep\n|turn|15\n|\n|t:|1698544552\n|move|p2a: Sylveon|Calm Mind|p2a: Sylveon\n|-boost|p2a: Sylveon|spa|1\n|-boost|p2a: Sylveon|spd|1\n|move|p1a: Toxapex|Toxic Spikes||[still]\n|-fail|p1a: Toxapex\n|\n|-heal|p2a: Sylveon|99\/100|[from] item: Leftovers\n|upkeep\n|turn|16\n|\n|t:|1698544559\n|move|p2a: Sylveon|Calm Mind|p2a: Sylveon\n|-boost|p2a: Sylveon|spa|1\n|-boost|p2a: Sylveon|spd|1\n|move|p1a: Toxapex|Toxic Spikes||[still]\n|-fail|p1a: Toxapex\n|\n|-heal|p2a: Sylveon|100\/100|[from] item: Leftovers\n|upkeep\n|turn|17\n|\n|t:|1698544569\n|move|p2a: Sylveon|Substitute|p2a: Sylveon\n|-start|p2a: Sylveon|Substitute\n|-damage|p2a: Sylveon|75\/100\n|move|p1a: Toxapex|Hydro Pump|p2a: Sylveon\n|-activate|p2a: Sylveon|move: Substitute|[damage]\n|\n|-heal|p2a: Sylveon|82\/100|[from] item: Leftovers\n|upkeep\n|turn|18\n|\n|t:|1698544576\n|switch|p1a: Meowscarada|Meowscarada, F|100\/100\n|move|p2a: Sylveon|Hyper Voice|p1a: Meowscarada\n|-supereffective|p1a: Meowscarada\n|-damage|p1a: Meowscarada|0 fnt\n|faint|p1a: Meowscarada\n|\n|-heal|p2a: Sylveon|88\/100|[from] item: Leftovers\n|upkeep\n|\n|t:|1698544590\n|switch|p1a: Crawdaunt|Crawdaunt, F|100\/100\n|turn|19\n|\n|t:|1698544595\n|move|p1a: Crawdaunt|Aqua Jet|p2a: Sylveon\n|-end|p2a: Sylveon|Substitute\n|move|p2a: Sylveon|Hyper Voice|p1a: Crawdaunt\n|-supereffective|p1a: Crawdaunt\n|-damage|p1a: Crawdaunt|0 fnt\n|faint|p1a: Crawdaunt\n|\n|-heal|p2a: Sylveon|94\/100|[from] item: Leftovers\n|upkeep\n|\n|t:|1698544602\n|switch|p1a: Toxapex|Toxapex, M|17\/100\n|turn|20\n|\n|t:|1698544607\n|move|p1a: Toxapex|Protect|p1a: Toxapex\n|-singleturn|p1a: Toxapex|Protect\n|move|p2a: Sylveon|Substitute|p2a: Sylveon\n|-start|p2a: Sylveon|Substitute\n|-damage|p2a: Sylveon|69\/100\n|\n|-heal|p2a: Sylveon|75\/100|[from] item: Leftovers\n|upkeep\n|turn|21\n|\n|t:|1698544614\n|move|p2a: Sylveon|Hyper Voice|p1a: Toxapex\n|-resisted|p1a: Toxapex\n|-damage|p1a: Toxapex|0 fnt\n|faint|p1a: Toxapex\n|\n|-heal|p2a: Sylveon|81\/100|[from] item: Leftovers\n|upkeep\n|\n|t:|1698544618\n|switch|p1a: Moltres|Moltres|100\/100\n|turn|22\n|\n|t:|1698544624\n|move|p1a: Moltres|Overheat|p2a: Sylveon\n|-activate|p2a: Sylveon|move: Substitute|[damage]\n|-unboost|p1a: Moltres|spa|2\n|move|p2a: Sylveon|Hyper Voice|p1a: Moltres\n|-resisted|p1a: Moltres\n|-damage|p1a: Moltres|8\/100\n|\n|-heal|p2a: Sylveon|88\/100|[from] item: Leftovers\n|upkeep\n|turn|23\n|\n|t:|1698544633\n|move|p1a: Moltres|Acrobatics|p2a: Sylveon\n|-end|p2a: Sylveon|Substitute\n|move|p2a: Sylveon|Hyper Voice|p1a: Moltres\n|-resisted|p1a: Moltres\n|-damage|p1a: Moltres|0 fnt\n|faint|p1a: Moltres\n|\n|-heal|p2a: Sylveon|94\/100|[from] item: Leftovers\n|upkeep\n|\n|t:|1698544643\n|switch|p1a: Zapdos|Zapdos-Galar|100\/100\n|turn|24\n|\n|t:|1698544649\n|move|p1a: Zapdos|Brave Bird|p2a: Sylveon\n|-damage|p2a: Sylveon|19\/100\n|-damage|p1a: Zapdos|75\/100|[from] Recoil\n|move|p2a: Sylveon|Substitute|p2a: Sylveon\n|-fail|p2a: Sylveon|move: Substitute|[weak]\n|\n|-heal|p2a: Sylveon|25\/100|[from] item: Leftovers\n|upkeep\n|turn|25\n|\n|t:|1698544659\n|-terastallize|p2a: Sylveon|Steel\n|move|p1a: Zapdos|Bulk Up|p1a: Zapdos\n|-boost|p1a: Zapdos|atk|1\n|-boost|p1a: Zapdos|def|1\n|move|p2a: Sylveon|Hyper Voice|p1a: Zapdos\n|-supereffective|p1a: Zapdos\n|-damage|p1a: Zapdos|0 fnt\n|faint|p1a: Zapdos\n|\n|win|brissacrafa\n|raw|Aimama's rating: 1184 &rarr; <strong>1167<\/strong><br \/>(-17 for losing)\n|raw|brissacrafa's rating: 1294 &rarr; <strong>1311<\/strong><br \/>(+17 for winning)\n|l|\u2606Aimama\n","uploadtime":1698544670,"views":10,"p1id":"aimama","p2id":"brissacrafa","formatid":"gen9anythinggoes","rating":1167,"private":0,"password":""}