{"id":"gen9anythinggoes-1976926925","p1":"LocalEspinas","p2":"UltraMeatMan","format":"[Gen 9] Anything Goes","log":"|j|\u2606LocalEspinas\n|j|\u2606UltraMeatMan\n|t:|1698353131\n|gametype|singles\n|player|p1|LocalEspinas|iris-gen5bw2|1241\n|player|p2|UltraMeatMan|backpacker|1194\n|teamsize|p1|6\n|teamsize|p2|6\n|gen|9\n|tier|[Gen 9] Anything Goes\n|rated|\n|rule|HP Percentage Mod: HP is shown in percentages\n|rule|Endless Battle Clause: Forcing endless battles is banned\n|clearpoke\n|poke|p1|Corviknight, F|\n|poke|p1|Oricorio, M|\n|poke|p1|Glimmora, F|\n|poke|p1|Iron Bundle|\n|poke|p1|Baxcalibur, M|\n|poke|p1|Orthworm, M|\n|poke|p2|Cloyster, F|\n|poke|p2|Ninetales-Alola, M|\n|poke|p2|Baxcalibur, F|\n|poke|p2|Calyrex-Ice|\n|poke|p2|Iron Bundle|\n|poke|p2|Mamoswine, F|\n|teampreview\n|\n|t:|1698353142\n|start\n|switch|p1a: Glimmora|Glimmora, F, shiny|100\/100\n|switch|p2a: Manny|Mamoswine, F|100\/100\n|turn|1\n|\n|t:|1698353153\n|-terastallize|p1a: Glimmora|Water\n|move|p2a: Manny|Knock Off|p1a: Glimmora\n|-damage|p1a: Glimmora|68\/100\n|-enditem|p1a: Glimmora|Leftovers|[from] move: Knock Off|[of] p2a: Manny\n|-damage|p2a: Manny|91\/100|[from] item: Life Orb\n|move|p1a: Glimmora|Toxic|p2a: Manny\n|-status|p2a: Manny|tox\n|\n|-damage|p2a: Manny|84\/100 tox|[from] psn\n|upkeep\n|turn|2\n|\n|t:|1698353167\n|move|p2a: Manny|Earthquake|p1a: Glimmora\n|-damage|p1a: Glimmora|17\/100\n|-damage|p2a: Manny|74\/100 tox|[from] item: Life Orb\n|move|p1a: Glimmora|Toxic Spikes|p2a: Manny\n|-sidestart|p2: UltraMeatMan|move: Toxic Spikes\n|\n|-damage|p2a: Manny|62\/100 tox|[from] psn\n|upkeep\n|turn|3\n|\n|t:|1698353178\n|move|p2a: Manny|Knock Off|p1a: Glimmora\n|-damage|p1a: Glimmora|0 fnt\n|faint|p1a: Glimmora\n|-damage|p2a: Manny|52\/100 tox|[from] item: Life Orb\n|\n|-damage|p2a: Manny|34\/100 tox|[from] psn\n|upkeep\n|\n|t:|1698353186\n|switch|p1a: Orthworm|Orthworm, M|100\/100\n|turn|4\n|\n|t:|1698353194\n|move|p2a: Manny|Knock Off|p1a: Orthworm\n|-damage|p1a: Orthworm|64\/100\n|-enditem|p1a: Orthworm|Sitrus Berry|[from] move: Knock Off|[of] p2a: Manny\n|-damage|p2a: Manny|24\/100 tox|[from] item: Life Orb\n|move|p1a: Orthworm|Iron Defense|p1a: Orthworm\n|-boost|p1a: Orthworm|def|2\n|\n|-damage|p2a: Manny|0 fnt|[from] psn\n|faint|p2a: Manny\n|upkeep\n|\n|t:|1698353218\n|switch|p2a: Bruh|Ninetales-Alola, M|100\/100\n|-status|p2a: Bruh|psn\n|-weather|Snow|[from] ability: Snow Warning|[of] p2a: Bruh\n|turn|5\n|\n|t:|1698353226\n|move|p2a: Bruh|Aurora Veil|p2a: Bruh\n|-sidestart|p2: UltraMeatMan|move: Aurora Veil\n|move|p1a: Orthworm|Shed Tail|p1a: Orthworm\n|-start|p1a: Orthworm|Substitute|[from] move: Shed Tail\n|-damage|p1a: Orthworm|14\/100\n|\n|t:|1698353231\n|switch|p1a: Oricorio|Oricorio, M|100\/100|[from] Shed Tail\n|\n|-weather|Snow|[upkeep]\n|-damage|p2a: Bruh|88\/100 psn|[from] psn\n|upkeep\n|turn|6\n|\n|t:|1698353239\n|move|p2a: Bruh|Blizzard|p1a: Oricorio\n|-end|p1a: Oricorio|Substitute\n|move|p1a: Oricorio|Quiver Dance|p1a: Oricorio\n|-boost|p1a: Oricorio|spa|1\n|-boost|p1a: Oricorio|spd|1\n|-boost|p1a: Oricorio|spe|1\n|\n|-weather|Snow|[upkeep]\n|-damage|p2a: Bruh|75\/100 psn|[from] psn\n|upkeep\n|turn|7\n|\n|t:|1698353249\n|move|p2a: Bruh|Ice Shard|p1a: Oricorio\n|-damage|p1a: Oricorio|88\/100\n|move|p1a: Oricorio|Quiver Dance|p1a: Oricorio\n|-boost|p1a: Oricorio|spa|1\n|-boost|p1a: Oricorio|spd|1\n|-boost|p1a: Oricorio|spe|1\n|\n|-weather|Snow|[upkeep]\n|-heal|p1a: Oricorio|94\/100|[from] item: Leftovers\n|-damage|p2a: Bruh|63\/100 psn|[from] psn\n|upkeep\n|turn|8\n|\n|t:|1698353260\n|move|p1a: Oricorio|Quiver Dance|p1a: Oricorio\n|-boost|p1a: Oricorio|spa|1\n|-boost|p1a: Oricorio|spd|1\n|-boost|p1a: Oricorio|spe|1\n|move|p2a: Bruh|Blizzard|p1a: Oricorio\n|-damage|p1a: Oricorio|73\/100\n|\n|-weather|Snow|[upkeep]\n|-heal|p1a: Oricorio|80\/100|[from] item: Leftovers\n|-damage|p2a: Bruh|50\/100 psn|[from] psn\n|upkeep\n|turn|9\n|\n|t:|1698353271\n|move|p1a: Oricorio|Quiver Dance|p1a: Oricorio\n|-boost|p1a: Oricorio|spa|1\n|-boost|p1a: Oricorio|spd|1\n|-boost|p1a: Oricorio|spe|1\n|move|p2a: Bruh|Blizzard|p1a: Oricorio\n|-damage|p1a: Oricorio|60\/100\n|\n|-weather|none\n|-heal|p1a: Oricorio|66\/100|[from] item: Leftovers\n|-damage|p2a: Bruh|38\/100 psn|[from] psn\n|-sideend|p2: UltraMeatMan|move: Aurora Veil\n|upkeep\n|turn|10\n|\n|t:|1698353282\n|move|p1a: Oricorio|Quiver Dance|p1a: Oricorio\n|-boost|p1a: Oricorio|spa|1\n|-boost|p1a: Oricorio|spd|1\n|-boost|p1a: Oricorio|spe|1\n|move|p2a: Bruh|Blizzard|p1a: Oricorio\n|-damage|p1a: Oricorio|49\/100\n|\n|-heal|p1a: Oricorio|56\/100|[from] item: Leftovers\n|-damage|p2a: Bruh|25\/100 psn|[from] psn\n|upkeep\n|turn|11\n|\n|t:|1698353293\n|move|p1a: Oricorio|Quiver Dance|p1a: Oricorio\n|-boost|p1a: Oricorio|spa|1\n|-boost|p1a: Oricorio|spd|1\n|-boost|p1a: Oricorio|spe|1\n|move|p2a: Bruh|Blizzard|p1a: Oricorio\n|-damage|p1a: Oricorio|42\/100\n|\n|-heal|p1a: Oricorio|48\/100|[from] item: Leftovers\n|-damage|p2a: Bruh|13\/100 psn|[from] psn\n|upkeep\n|turn|12\n|\n|t:|1698353303\n|move|p2a: Bruh|Ice Shard|p1a: Oricorio\n|-damage|p1a: Oricorio|35\/100\n|move|p1a: Oricorio|Baton Pass|p1a: Oricorio\n|\n|t:|1698353313\n|switch|p1a: UNLIMITED POWER|Corviknight, F, shiny|100\/100|[from] Baton Pass\n|\n|-damage|p2a: Bruh|0 fnt|[from] psn\n|faint|p2a: Bruh\n|upkeep\n|\n|t:|1698353330\n|switch|p2a: Santa|Iron Bundle|100\/100\n|-status|p2a: Santa|psn\n|-enditem|p2a: Santa|Booster Energy\n|-activate|p2a: Santa|ability: Quark Drive|[fromitem]\n|-start|p2a: Santa|quarkdrivespe\n|turn|13\n|\n|t:|1698353344\n|move|p1a: UNLIMITED POWER|Power Trip|p2a: Santa\n|-damage|p2a: Santa|0 fnt\n|faint|p2a: Santa\n|-end|p2a: Santa|Quark Drive|[silent]\n|\n|upkeep\n|-message|UltraMeatMan forfeited.\n|\n|win|LocalEspinas\n|raw|LocalEspinas's rating: 1241 &rarr; <strong>1263<\/strong><br \/>(+22 for winning)\n|raw|UltraMeatMan's rating: 1194 &rarr; <strong>1172<\/strong><br \/>(-22 for losing)\n|l|\u2606UltraMeatMan\n","uploadtime":1698353354,"views":10,"p1id":"localespinas","p2id":"ultrameatman","formatid":"gen9anythinggoes","rating":1172,"private":0,"password":""}