{"id":"gen9anythinggoes-1977035179","p1":"adpg.alt","p2":"LegoSheepy","format":"[Gen 9] Anything Goes","log":"|j|\u2606adpg.alt\n|j|\u2606LegoSheepy\n|inactive|Battle timer is ON: inactive players will automatically lose when time's up.\n|t:|1698364221\n|gametype|singles\n|player|p1|adpg.alt|hilbert-wonderlauncher|\n|player|p2|LegoSheepy|265|\n|teamsize|p1|6\n|teamsize|p2|6\n|gen|9\n|tier|[Gen 9] Anything Goes\n|rated|Tournament battle\n|rule|HP Percentage Mod: HP is shown in percentages\n|rule|Endless Battle Clause: Forcing endless battles is banned\n|rule|Re-Evolution Mod: Pok\u00e9mon gain the boosts they would gain from evolving again\n|rule|Sleep Moves Clause: Sleep-inducing moves are banned\n|rule|Species Clause: Limit one of each Pok\u00e9mon\n|rule|OHKO Clause: OHKO moves are banned\n|rule|Evasion Moves Clause: Evasion moves are banned\n|rule|Terastal Clause: You cannot Terastallize\n|clearpoke\n|poke|p1|Glimmora, M|\n|poke|p1|Urshifu-*, F|\n|poke|p1|Maushold|\n|poke|p1|Dragapult, F|\n|poke|p1|Kingambit, F|\n|poke|p1|Volcarona, M|\n|poke|p2|Dipplin, M|\n|poke|p2|Toxapex, M|\n|poke|p2|Slowking-Galar, M|\n|poke|p2|Clodsire, M|\n|poke|p2|Garganacl, M|\n|poke|p2|Clefable, F|\n|teampreview\n|\n|t:|1698364229\n|start\n|switch|p1a: Glimmora|Glimmora, M|100\/100\n|switch|p2a: Toxapex|Toxapex, M|100\/100\n|turn|1\n|c|\u2606LegoSheepy|glhf\n|\n|t:|1698364236\n|move|p1a: Glimmora|Stealth Rock|p2a: Toxapex\n|-sidestart|p2: LegoSheepy|move: Stealth Rock\n|move|p2a: Toxapex|Infestation|p1a: Glimmora\n|-resisted|p1a: Glimmora\n|-damage|p1a: Glimmora|99\/100\n|-activate|p1a: Glimmora|move: Infestation|[of] p2a: Toxapex\n|\n|-damage|p1a: Glimmora|87\/100|[from] move: Infestation|[partiallytrapped]\n|upkeep\n|turn|2\n|\n|t:|1698364242\n|move|p1a: Glimmora|Earth Power|p2a: Toxapex\n|-supereffective|p2a: Toxapex\n|-damage|p2a: Toxapex|63\/100\n|move|p2a: Toxapex|Infestation|p1a: Glimmora\n|-resisted|p1a: Glimmora\n|-damage|p1a: Glimmora|85\/100\n|\n|-damage|p1a: Glimmora|73\/100|[from] move: Infestation|[partiallytrapped]\n|upkeep\n|turn|3\n|\n|t:|1698364247\n|move|p1a: Glimmora|Earth Power|p2a: Toxapex\n|-supereffective|p2a: Toxapex\n|-damage|p2a: Toxapex|26\/100\n|-unboost|p2a: Toxapex|spd|1\n|move|p2a: Toxapex|Recover|p2a: Toxapex\n|-heal|p2a: Toxapex|76\/100\n|\n|-damage|p1a: Glimmora|60\/100|[from] move: Infestation|[partiallytrapped]\n|upkeep\n|turn|4\n|\n|t:|1698364253\n|switch|p2a: Dipplin|Dipplin, M|100\/100\n|-damage|p2a: Dipplin|88\/100|[from] Stealth Rock\n|move|p1a: Glimmora|Earth Power|p2a: Dipplin\n|-resisted|p2a: Dipplin\n|-damage|p2a: Dipplin|81\/100\n|\n|-end|p1a: Glimmora|Infestation|[partiallytrapped]|[silent]\n|upkeep\n|turn|5\n|\n|t:|1698364262\n|move|p1a: Glimmora|Mortal Spin|p2a: Dipplin\n|-supereffective|p2a: Dipplin\n|-damage|p2a: Dipplin|76\/100\n|-status|p2a: Dipplin|psn\n|move|p2a: Dipplin|Draco Meteor|p1a: Glimmora\n|-damage|p1a: Glimmora|4\/100\n|-unboost|p2a: Dipplin|spa|2\n|\n|-damage|p2a: Dipplin|64\/100 psn|[from] psn\n|upkeep\n|turn|6\n|\n|t:|1698364274\n|move|p1a: Glimmora|Power Gem|p2a: Dipplin\n|-damage|p2a: Dipplin|43\/100 psn\n|move|p2a: Dipplin|Recover|p2a: Dipplin\n|-heal|p2a: Dipplin|93\/100 psn\n|\n|-damage|p2a: Dipplin|81\/100 psn|[from] psn\n|upkeep\n|turn|7\n|\n|t:|1698364283\n|switch|p1a: Kingambit|Kingambit, F|100\/100\n|switch|p2a: Toxapex|Toxapex, M|100\/100\n|\n|upkeep\n|turn|8\n|\n|t:|1698364297\n|move|p1a: Kingambit|Swords Dance|p1a: Kingambit\n|-boost|p1a: Kingambit|atk|2\n|move|p2a: Toxapex|Infestation|p1a: Kingambit\n|-damage|p1a: Kingambit|98\/100\n|-activate|p1a: Kingambit|move: Infestation|[of] p2a: Toxapex\n|\n|-damage|p1a: Kingambit|86\/100|[from] move: Infestation|[partiallytrapped]\n|upkeep\n|turn|9\n|\n|t:|1698364302\n|move|p1a: Kingambit|Kowtow Cleave|p2a: Toxapex\n|-damage|p2a: Toxapex|48\/100\n|move|p2a: Toxapex|Haze|p2a: Toxapex\n|-clearallboost\n|\n|-damage|p1a: Kingambit|73\/100|[from] move: Infestation|[partiallytrapped]\n|upkeep\n|turn|10\n|\n|t:|1698364308\n|move|p1a: Kingambit|Swords Dance|p1a: Kingambit\n|-boost|p1a: Kingambit|atk|2\n|move|p2a: Toxapex|Recover|p2a: Toxapex\n|-heal|p2a: Toxapex|98\/100\n|\n|-damage|p1a: Kingambit|61\/100|[from] move: Infestation|[partiallytrapped]\n|upkeep\n|turn|11\n|\n|t:|1698364312\n|move|p1a: Kingambit|Kowtow Cleave|p2a: Toxapex\n|-damage|p2a: Toxapex|46\/100\n|move|p2a: Toxapex|Haze|p2a: Toxapex\n|-clearallboost\n|\n|-damage|p1a: Kingambit|48\/100|[from] move: Infestation|[partiallytrapped]\n|upkeep\n|turn|12\n|\n|t:|1698364323\n|move|p1a: Kingambit|Swords Dance|p1a: Kingambit\n|-boost|p1a: Kingambit|atk|2\n|move|p2a: Toxapex|Recover|p2a: Toxapex\n|-heal|p2a: Toxapex|97\/100\n|\n|-damage|p1a: Kingambit|36\/100|[from] move: Infestation|[partiallytrapped]\n|upkeep\n|turn|13\n|\n|t:|1698364327\n|move|p1a: Kingambit|Kowtow Cleave|p2a: Toxapex\n|-damage|p2a: Toxapex|45\/100\n|move|p2a: Toxapex|Haze|p2a: Toxapex\n|-clearallboost\n|\n|-end|p1a: Kingambit|Infestation|[partiallytrapped]\n|upkeep\n|turn|14\n|\n|t:|1698364335\n|-end|p1a: Kingambit|fallenundefined|[silent]\n|switch|p1a: Glimmora|Glimmora, M|4\/100\n|move|p2a: Toxapex|Infestation|p1a: Glimmora\n|-resisted|p1a: Glimmora\n|-damage|p1a: Glimmora|3\/100\n|-activate|p1a: Glimmora|move: Infestation|[of] p2a: Toxapex\n|\n|-damage|p1a: Glimmora|0 fnt|[from] move: Infestation|[partiallytrapped]\n|faint|p1a: Glimmora\n|upkeep\n|\n|t:|1698364349\n|switch|p1a: Dragapult|Dragapult, F|100\/100\n|turn|15\n|\n|t:|1698364354\n|switch|p2a: Clodsire|Clodsire, M|100\/100\n|move|p1a: Dragapult|Draco Meteor|p2a: Clodsire\n|-damage|p2a: Clodsire|73\/100\n|-unboost|p1a: Dragapult|spa|2\n|\n|upkeep\n|turn|16\n|\n|t:|1698364363\n|switch|p1a: Urshifu|Urshifu-Rapid-Strike, F|100\/100\n|move|p2a: Clodsire|Stealth Rock|p1a: Urshifu\n|-sidestart|p1: adpg.alt|move: Stealth Rock\n|\n|upkeep\n|turn|17\n|\n|t:|1698364370\n|switch|p2a: Dipplin|Dipplin, M|81\/100 psn\n|-damage|p2a: Dipplin|68\/100 psn|[from] Stealth Rock\n|move|p1a: Urshifu|U-turn|p2a: Dipplin\n|-supereffective|p2a: Dipplin\n|-damage|p2a: Dipplin|43\/100 psn\n|\n|t:|1698364382\n|switch|p1a: Volcarona|Volcarona, M|100\/100|[from] U-turn\n|\n|-damage|p2a: Dipplin|31\/100 psn|[from] psn\n|upkeep\n|turn|18\n|\n|t:|1698364388\n|move|p1a: Volcarona|Quiver Dance|p1a: Volcarona\n|-boost|p1a: Volcarona|spa|1\n|-boost|p1a: Volcarona|spd|1\n|-boost|p1a: Volcarona|spe|1\n|move|p2a: Dipplin|Draco Meteor|p1a: Volcarona|[miss]\n|-miss|p2a: Dipplin|p1a: Volcarona\n|\n|-damage|p2a: Dipplin|18\/100 psn|[from] psn\n|upkeep\n|turn|19\n|\n|t:|1698364398\n|move|p1a: Volcarona|Quiver Dance|p1a: Volcarona\n|-boost|p1a: Volcarona|spa|1\n|-boost|p1a: Volcarona|spd|1\n|-boost|p1a: Volcarona|spe|1\n|move|p2a: Dipplin|Draco Meteor|p1a: Volcarona\n|-damage|p1a: Volcarona|80\/100\n|-unboost|p2a: Dipplin|spa|2\n|\n|-damage|p2a: Dipplin|6\/100 psn|[from] psn\n|upkeep\n|turn|20\n|c|\u2606LegoSheepy|damn\n|\n|t:|1698364405\n|move|p1a: Volcarona|Giga Drain|p2a: Dipplin\n|-resisted|p2a: Dipplin\n|-damage|p2a: Dipplin|0 fnt\n|-heal|p1a: Volcarona|83\/100|[from] drain|[of] p2a: Dipplin\n|faint|p2a: Dipplin\n|\n|upkeep\n|\n|t:|1698364411\n|switch|p2a: Clodsire|Clodsire, M|73\/100\n|turn|21\n|\n|t:|1698364414\n|move|p1a: Volcarona|Fiery Dance|p2a: Clodsire\n|-damage|p2a: Clodsire|56\/100\n|-boost|p1a: Volcarona|spa|1\n|move|p2a: Clodsire|Toxic|p1a: Volcarona\n|-status|p1a: Volcarona|tox\n|\n|-damage|p1a: Volcarona|77\/100 tox|[from] psn\n|upkeep\n|turn|22\n|\n|t:|1698364419\n|switch|p1a: Urshifu|Urshifu-Rapid-Strike, F|100\/100\n|-damage|p1a: Urshifu|94\/100|[from] Stealth Rock\n|move|p2a: Clodsire|Recover|p2a: Clodsire\n|-heal|p2a: Clodsire|100\/100\n|\n|upkeep\n|turn|23\n|\n|t:|1698364424\n|switch|p2a: Clefable|Clefable, F|100\/100\n|move|p1a: Urshifu|Surging Strikes|p2a: Clefable\n|-crit|p2a: Clefable\n|-damage|p2a: Clefable|73\/100\n|-crit|p2a: Clefable\n|-damage|p2a: Clefable|43\/100\n|-crit|p2a: Clefable\n|-damage|p2a: Clefable|14\/100\n|-hitcount|p2a: Clefable|3\n|\n|upkeep\n|turn|24\n|\n|t:|1698364434\n|switch|p2a: Toxapex|Toxapex, M|78\/100\n|move|p1a: Urshifu|Surging Strikes|p2a: Toxapex\n|-resisted|p2a: Toxapex\n|-crit|p2a: Toxapex\n|-damage|p2a: Toxapex|71\/100\n|-resisted|p2a: Toxapex\n|-crit|p2a: Toxapex\n|-damage|p2a: Toxapex|63\/100\n|-resisted|p2a: Toxapex\n|-crit|p2a: Toxapex\n|-damage|p2a: Toxapex|56\/100\n|-hitcount|p2a: Toxapex|3\n|\n|upkeep\n|turn|25\n|\n|t:|1698364449\n|switch|p1a: Dragapult|Dragapult, F|100\/100\n|-damage|p1a: Dragapult|88\/100|[from] Stealth Rock\n|move|p2a: Toxapex|Toxic|p1a: Dragapult\n|-status|p1a: Dragapult|tox\n|\n|-damage|p1a: Dragapult|82\/100 tox|[from] psn\n|upkeep\n|turn|26\n|\n|t:|1698364464\n|switch|p2a: Clefable|Clefable, F|14\/100\n|move|p1a: Dragapult|Shadow Ball|p2a: Clefable\n|-damage|p2a: Clefable|0 fnt\n|faint|p2a: Clefable\n|\n|-damage|p1a: Dragapult|70\/100 tox|[from] psn\n|upkeep\n|\n|t:|1698364467\n|switch|p2a: Garganacl|Garganacl, M|100\/100\n|-damage|p2a: Garganacl|88\/100|[from] Stealth Rock\n|turn|27\n|\n|t:|1698364476\n|switch|p1a: Urshifu|Urshifu-Rapid-Strike, F|94\/100\n|-damage|p1a: Urshifu|88\/100|[from] Stealth Rock\n|move|p2a: Garganacl|Salt Cure|p1a: Urshifu\n|-resisted|p1a: Urshifu\n|-damage|p1a: Urshifu|83\/100\n|-start|p1a: Urshifu|Salt Cure\n|\n|-heal|p2a: Garganacl|94\/100|[from] item: Leftovers\n|-damage|p1a: Urshifu|58\/100|[from] Salt Cure\n|upkeep\n|turn|28\n|\n|t:|1698364484\n|switch|p2a: Toxapex|Toxapex, M|89\/100\n|move|p1a: Urshifu|U-turn|p2a: Toxapex\n|-resisted|p2a: Toxapex\n|-damage|p2a: Toxapex|79\/100\n|\n|t:|1698364493\n|switch|p1a: Maushold|Maushold|100\/100|[from] U-turn\n|-damage|p1a: Maushold|88\/100|[from] Stealth Rock\n|\n|upkeep\n|turn|29\n|\n|t:|1698364498\n|move|p1a: Maushold|Tidy Up|p1a: Maushold\n|-sideend|p1: adpg.alt|Stealth Rock\n|-sideend|p2: LegoSheepy|Stealth Rock\n|-activate|p1a: Maushold|move: Tidy Up\n|-boost|p1a: Maushold|atk|1\n|-boost|p1a: Maushold|spe|1\n|move|p2a: Toxapex|Toxic|p1a: Maushold\n|-status|p1a: Maushold|tox\n|\n|-damage|p1a: Maushold|82\/100 tox|[from] psn\n|upkeep\n|turn|30\n|\n|t:|1698364504\n|move|p1a: Maushold|Population Bomb|p2a: Toxapex\n|-damage|p2a: Toxapex|70\/100\n|-damage|p2a: Toxapex|62\/100\n|-damage|p2a: Toxapex|54\/100\n|-damage|p2a: Toxapex|46\/100\n|-damage|p2a: Toxapex|38\/100\n|-damage|p2a: Toxapex|29\/100\n|-crit|p2a: Toxapex\n|-damage|p2a: Toxapex|16\/100\n|-damage|p2a: Toxapex|8\/100\n|-damage|p2a: Toxapex|0 fnt\n|faint|p2a: Toxapex\n|-hitcount|p2: Toxapex|9\n|\n|-damage|p1a: Maushold|69\/100 tox|[from] psn\n|upkeep\n|\n|t:|1698364516\n|switch|p2a: Garganacl|Garganacl, M|94\/100\n|turn|31\n|\n|t:|1698364519\n|move|p1a: Maushold|Low Kick|p2a: Garganacl\n|-supereffective|p2a: Garganacl\n|-damage|p2a: Garganacl|55\/100\n|move|p2a: Garganacl|Salt Cure|p1a: Maushold\n|-damage|p1a: Maushold|51\/100 tox\n|-start|p1a: Maushold|Salt Cure\n|\n|-heal|p2a: Garganacl|62\/100|[from] item: Leftovers\n|-damage|p1a: Maushold|32\/100 tox|[from] psn\n|-damage|p1a: Maushold|19\/100 tox|[from] Salt Cure\n|upkeep\n|turn|32\n|\n|t:|1698364524\n|move|p1a: Maushold|Low Kick|p2a: Garganacl\n|-supereffective|p2a: Garganacl\n|-damage|p2a: Garganacl|21\/100\n|move|p2a: Garganacl|Recover|p2a: Garganacl\n|-heal|p2a: Garganacl|71\/100\n|\n|-heal|p2a: Garganacl|77\/100|[from] item: Leftovers\n|-damage|p1a: Maushold|0 fnt|[from] psn\n|faint|p1a: Maushold\n|upkeep\n|\n|t:|1698364533\n|switch|p1a: Urshifu|Urshifu-Rapid-Strike, F|58\/100\n|turn|33\n|\n|t:|1698364541\n|move|p1a: Urshifu|Surging Strikes|p2a: Garganacl\n|-supereffective|p2a: Garganacl\n|-crit|p2a: Garganacl\n|-damage|p2a: Garganacl|48\/100\n|-supereffective|p2a: Garganacl\n|-crit|p2a: Garganacl\n|-damage|p2a: Garganacl|18\/100\n|-supereffective|p2a: Garganacl\n|-crit|p2a: Garganacl\n|-damage|p2a: Garganacl|0 fnt\n|faint|p2a: Garganacl\n|-hitcount|p2: Garganacl|3\n|\n|upkeep\n|\n|t:|1698364545\n|switch|p2a: Slowking|Slowking-Galar, M|100\/100\n|turn|34\n|\n|t:|1698364567\n|move|p1a: Urshifu|Surging Strikes|p2a: Slowking\n|-crit|p2a: Slowking\n|-damage|p2a: Slowking|69\/100\n|-crit|p2a: Slowking\n|-damage|p2a: Slowking|36\/100\n|-crit|p2a: Slowking\n|-damage|p2a: Slowking|6\/100\n|-hitcount|p2a: Slowking|3\n|move|p2a: Slowking|Chilly Reception|p2a: Slowking\n|-weather|Snow\n|j|+Ataki\n|\n|t:|1698364570\n|switch|p2a: Clodsire|Clodsire, M|100\/100|[from] Chilly Reception\n|\n|-weather|Snow|[upkeep]\n|upkeep\n|turn|35\n|\n|t:|1698364576\n|move|p1a: Urshifu|Surging Strikes|p2a: Clodsire\n|-supereffective|p2a: Clodsire\n|-crit|p2a: Clodsire\n|-damage|p2a: Clodsire|48\/100\n|-supereffective|p2a: Clodsire\n|-crit|p2a: Clodsire\n|-damage|p2a: Clodsire|0 fnt\n|faint|p2a: Clodsire\n|-hitcount|p2: Clodsire|2\n|\n|-weather|Snow|[upkeep]\n|upkeep\n|\n|t:|1698364579\n|switch|p2a: Slowking|Slowking-Galar, M|39\/100\n|turn|36\n|c|\u2606LegoSheepy|gg\n|\n|t:|1698364583\n|move|p1a: Urshifu|Surging Strikes|p2a: Slowking\n|-crit|p2a: Slowking\n|-damage|p2a: Slowking|8\/100\n|-crit|p2a: Slowking\n|-damage|p2a: Slowking|0 fnt\n|faint|p2a: Slowking\n|-hitcount|p2: Slowking|2\n|\n|win|adpg.alt\n|n|\u2606adpg.alt|adpgalt\n|n|\u2606LegoSheepy|legosheepy\n|n| Ataki|ataki\n|l|\u2606LegoSheepy\n|l| Ataki\n","uploadtime":1698365332,"views":5,"p1id":"adpgalt","p2id":"legosheepy","formatid":"gen9anythinggoes","rating":0,"private":0,"password":""}