{"id":"gen9anythinggoes-1983569489","p1":"Sakuta24","p2":"spam2165846","format":"[Gen 9] Anything Goes","log":"|j|\u2606Sakuta24\n|j|\u2606spam2165846\n|t:|1699144478\n|gametype|singles\n|player|p1|Sakuta24|rosa|1519\n|player|p2|spam2165846|dawn|1574\n|teamsize|p1|6\n|teamsize|p2|6\n|gen|9\n|tier|[Gen 9] Anything Goes\n|rated|\n|rule|HP Percentage Mod: HP is shown in percentages\n|rule|Endless Battle Clause: Forcing endless battles is banned\n|clearpoke\n|poke|p1|Calyrex-Shadow|\n|poke|p1|Regieleki|\n|poke|p1|Zacian-*|\n|poke|p1|Shaymin-Sky|\n|poke|p1|Ting-Lu|\n|poke|p1|Drifblim, F|\n|poke|p2|Donphan, F|\n|poke|p2|Koraidon|\n|poke|p2|Basculegion-F, F|\n|poke|p2|Arceus|\n|poke|p2|Calyrex-Shadow|\n|poke|p2|Eternatus|\n|teampreview\n|inactive|Battle timer is ON: inactive players will automatically lose when time's up. (requested by spam2165846)\n|inactive|Sakuta24 also wants the timer to be on.\n|\n|t:|1699144486\n|start\n|switch|p1a: Spectrier|Calyrex-Shadow|100\/100\n|switch|p2a: Koraidon|Koraidon|100\/100\n|-ability|p1a: Spectrier|As One\n|-ability|p1a: Spectrier|Unnerve\n|-weather|SunnyDay|[from] ability: Orichalcum Pulse|[of] p2a: Koraidon\n|-activate|p2a: Koraidon|Orichalcum Pulse|[source]\n|turn|1\n|\n|t:|1699144495\n|switch|p2a: Arceus|Arceus|100\/100\n|move|p1a: Spectrier|Psychic|p2a: Arceus\n|-damage|p2a: Arceus|79\/100\n|\n|-weather|SunnyDay|[upkeep]\n|upkeep\n|turn|2\n|c|\u2606spam2165846|hi\n|\n|t:|1699144501\n|switch|p1a: antimiradon action|Ting-Lu|100\/100\n|-ability|p1a: antimiradon action|Vessel of Ruin\n|move|p2a: Arceus|Dark Pulse|p1a: antimiradon action\n|-resisted|p1a: antimiradon action\n|-damage|p1a: antimiradon action|96\/100\n|\n|-weather|SunnyDay|[upkeep]\n|-heal|p1a: antimiradon action|100\/100|[from] item: Leftovers\n|upkeep\n|turn|3\n|\n|t:|1699144511\n|move|p2a: Arceus|Surf|p1a: antimiradon action\n|-supereffective|p1a: antimiradon action\n|-damage|p1a: antimiradon action|91\/100\n|move|p1a: antimiradon action|Stealth Rock|p2a: Arceus\n|-sidestart|p2: spam2165846|move: Stealth Rock\n|\n|-weather|SunnyDay|[upkeep]\n|-heal|p1a: antimiradon action|97\/100|[from] item: Leftovers\n|upkeep\n|turn|4\n|\n|t:|1699144520\n|switch|p2a: Eternatus|Eternatus|100\/100\n|-damage|p2a: Eternatus|88\/100|[from] Stealth Rock\n|-ability|p2a: Eternatus|Pressure\n|move|p1a: antimiradon action|Payback|p2a: Eternatus\n|-damage|p2a: Eternatus|72\/100\n|\n|-weather|SunnyDay|[upkeep]\n|-heal|p1a: antimiradon action|100\/100|[from] item: Leftovers\n|upkeep\n|turn|5\n|c|\u2606spam2165846|gai\n|\n|t:|1699144532\n|move|p2a: Eternatus|Dynamax Cannon|p1a: antimiradon action\n|-damage|p1a: antimiradon action|74\/100\n|move|p1a: antimiradon action|Earthquake|p2a: Eternatus\n|-supereffective|p2a: Eternatus\n|-damage|p2a: Eternatus|7\/100\n|\n|-weather|none\n|-heal|p1a: antimiradon action|80\/100|[from] item: Leftovers\n|upkeep\n|turn|6\n|c|\u2606Sakuta24|Hello\n|c|\u2606spam2165846|hi dad\n|\n|t:|1699144557\n|move|p2a: Eternatus|Toxic Spikes|p1a: antimiradon action\n|-sidestart|p1: Sakuta24|move: Toxic Spikes\n|move|p1a: antimiradon action|Earthquake|p2a: Eternatus\n|-supereffective|p2a: Eternatus\n|-damage|p2a: Eternatus|0 fnt\n|faint|p2a: Eternatus\n|\n|-heal|p1a: antimiradon action|87\/100|[from] item: Leftovers\n|upkeep\n|c|\u2606spam2165846|sakuta etchi\n|\n|t:|1699144576\n|switch|p2a: Koraidon|Koraidon|100\/100\n|-damage|p2a: Koraidon|94\/100|[from] Stealth Rock\n|-weather|SunnyDay|[from] ability: Orichalcum Pulse|[of] p2a: Koraidon\n|-activate|p2a: Koraidon|Orichalcum Pulse|[source]\n|turn|7\n|c|\u2606Sakuta24|You watched bunny girl anime?\n|inactive|Sakuta24 has 120 seconds left.\n|-activate|p2a: Koraidon|item: Quick Claw\n|\n|t:|1699144601\n|switch|p1a: im sorry|Drifblim, F, shiny|100\/100\n|move|p2a: Koraidon|Collision Course|p1a: im sorry\n|-immune|p1a: im sorry\n|\n|-weather|SunnyDay|[upkeep]\n|upkeep\n|turn|8\n|c|\u2606spam2165846|nah im japanese\n|c|\u2606Sakuta24|A\n|inactive|Sakuta24 has 120 seconds left.\n|c|\u2606Sakuta24|Im brazilian\n|\n|t:|1699144617\n|move|p2a: Koraidon|Dragon Claw|p1a: im sorry\n|-damage|p1a: im sorry|14\/100\n|-enditem|p1a: im sorry|Sitrus Berry|[eat]\n|-heal|p1a: im sorry|39\/100|[from] item: Sitrus Berry\n|move|p1a: im sorry|Minimize|p1a: im sorry\n|-boost|p1a: im sorry|evasion|2\n|\n|-weather|SunnyDay|[upkeep]\n|upkeep\n|turn|9\n|inactive|Sakuta24 has 120 seconds left.\n|\n|t:|1699144625\n|move|p1a: im sorry|Minimize|p1a: im sorry\n|-boost|p1a: im sorry|evasion|2\n|move|p2a: Koraidon|Dragon Claw|p1a: im sorry|[miss]\n|-miss|p2a: Koraidon|p1a: im sorry\n|\n|-weather|SunnyDay|[upkeep]\n|upkeep\n|turn|10\n|c|\u2606spam2165846|thats gay\n|\n|t:|1699144633\n|move|p1a: im sorry|Minimize|p1a: im sorry\n|-boost|p1a: im sorry|evasion|2\n|move|p2a: Koraidon|Dragon Claw|p1a: im sorry\n|-damage|p1a: im sorry|0 fnt\n|faint|p1a: im sorry\n|\n|-weather|SunnyDay|[upkeep]\n|upkeep\n|inactive|Sakuta24 has 120 seconds left.\n|c|\u2606Sakuta24|Thats why i use it\n|\n|t:|1699144652\n|switch|p1a: Big dog|Zacian-Crowned|100\/100\n|-ability|p1a: Big dog|Intrepid Sword|boost\n|-boost|p1a: Big dog|atk|1\n|turn|11\n|inactive|spam2165846 has 120 seconds left.\n|\n|t:|1699144682\n|move|p1a: Big dog|Play Rough|p2a: Koraidon\n|-supereffective|p2a: Koraidon\n|-damage|p2a: Koraidon|0 fnt\n|faint|p2a: Koraidon\n|\n|-weather|none\n|upkeep\n|inactive|spam2165846 has 120 seconds left.\n|\n|t:|1699144692\n|switch|p2a: Calyrex|Calyrex-Shadow|100\/100\n|-ability|p2a: Calyrex|As One\n|-ability|p2a: Calyrex|Unnerve\n|-damage|p2a: Calyrex|88\/100|[from] Stealth Rock\n|turn|12\n|inactive|spam2165846 has 120 seconds left.\n|-activate|p2a: Calyrex|item: Quick Claw\n|\n|t:|1699144703\n|move|p2a: Calyrex|Astral Barrage|p1a: Big dog\n|-damage|p1a: Big dog|21\/100\n|move|p1a: Big dog|Behemoth Blade|p2a: Calyrex\n|-damage|p2a: Calyrex|0 fnt\n|faint|p2a: Calyrex\n|\n|upkeep\n|inactive|spam2165846 has 120 seconds left.\n|\n|t:|1699144712\n|switch|p2a: Arceus|Arceus|79\/100\n|-damage|p2a: Arceus|67\/100|[from] Stealth Rock\n|turn|13\n|\n|t:|1699144716\n|move|p2a: Arceus|Extreme Speed|p1a: Big dog\n|-resisted|p1a: Big dog\n|-crit|p1a: Big dog\n|-damage|p1a: Big dog|0 fnt\n|faint|p1a: Big dog\n|\n|upkeep\n|\n|t:|1699144727\n|switch|p1a: antimiradon action|Ting-Lu|87\/100\n|-status|p1a: antimiradon action|psn\n|-ability|p1a: antimiradon action|Vessel of Ruin\n|turn|14\n|\n|t:|1699144738\n|move|p2a: Arceus|Earthquake|p1a: antimiradon action\n|-damage|p1a: antimiradon action|72\/100 psn\n|move|p1a: antimiradon action|Whirlwind|p2a: Arceus\n|drag|p2a: Basculegion|Basculegion-F, F|100\/100\n|-damage|p2a: Basculegion|88\/100|[from] Stealth Rock\n|\n|-heal|p1a: antimiradon action|78\/100 psn|[from] item: Leftovers\n|-damage|p1a: antimiradon action|66\/100 psn|[from] psn\n|upkeep\n|turn|15\n|\n|t:|1699144762\n|switch|p1a: ultimate life form|Shaymin-Sky|100\/100\n|move|p2a: Basculegion|Last Respects|p1a: ultimate life form\n|-enditem|p1a: ultimate life form|Focus Sash\n|-damage|p1a: ultimate life form|1\/100\n|\n|upkeep\n|turn|16\n|c|\u2606Sakuta24|Plz dont be choice scarfed\n|\n|t:|1699144781\n|move|p2a: Basculegion|Aqua Jet|p1a: ultimate life form\n|-resisted|p1a: ultimate life form\n|-damage|p1a: ultimate life form|0 fnt\n|faint|p1a: ultimate life form\n|\n|upkeep\n|c|\u2606Sakuta24|\ud83d\ude22\n|\n|t:|1699144791\n|switch|p1a: Fastest thing n AG|Regieleki, shiny|100\/100\n|-status|p1a: Fastest thing n AG|psn\n|turn|17\n|c|\u2606spam2165846|hehehehehehe\n|\n|t:|1699144797\n|move|p1a: Fastest thing n AG|Thunderbolt|p2a: Basculegion\n|-supereffective|p2a: Basculegion\n|-damage|p2a: Basculegion|0 fnt\n|faint|p2a: Basculegion\n|\n|-damage|p1a: Fastest thing n AG|88\/100 psn|[from] psn\n|upkeep\n|\n|t:|1699144803\n|switch|p2a: Donphan|Donphan, F|100\/100\n|turn|18\n|\n|t:|1699144808\n|-terastallize|p1a: Fastest thing n AG|Ice\n|move|p1a: Fastest thing n AG|Tera Blast|p2a: Donphan|[anim] Tera Blast Ice\n|-supereffective|p2a: Donphan\n|-ability|p2a: Donphan|Sturdy\n|-damage|p2a: Donphan|1\/100\n|move|p2a: Donphan|Rapid Spin|p1a: Fastest thing n AG\n|-damage|p1a: Fastest thing n AG|57\/100 psn\n|-boost|p2a: Donphan|spe|1\n|-sideend|p2: spam2165846|Stealth Rock|[from] move: Rapid Spin|[of] p2a: Donphan\n|\n|-damage|p1a: Fastest thing n AG|45\/100 psn|[from] psn\n|upkeep\n|turn|19\n|\n|t:|1699144826\n|move|p1a: Fastest thing n AG|Rapid Spin|p2a: Donphan\n|-damage|p2a: Donphan|0 fnt\n|-boost|p1a: Fastest thing n AG|spe|1\n|-sideend|p1: Sakuta24|Toxic Spikes|[from] move: Rapid Spin|[of] p1a: Fastest thing n AG\n|faint|p2a: Donphan\n|\n|-damage|p1a: Fastest thing n AG|33\/100 psn|[from] psn\n|upkeep\n|\n|t:|1699144832\n|switch|p2a: Arceus|Arceus|67\/100\n|turn|20\n|\n|t:|1699144847\n|move|p2a: Arceus|Extreme Speed|p1a: Fastest thing n AG\n|-damage|p1a: Fastest thing n AG|0 fnt\n|faint|p1a: Fastest thing n AG\n|\n|upkeep\n|c|\u2606spam2165846|yay\n|\n|t:|1699144854\n|switch|p1a: antimiradon action|Ting-Lu|66\/100 psn\n|-ability|p1a: antimiradon action|Vessel of Ruin\n|turn|21\n|\n|t:|1699144861\n|move|p2a: Arceus|Earthquake|p1a: antimiradon action\n|-damage|p1a: antimiradon action|52\/100 psn\n|move|p1a: antimiradon action|Payback|p2a: Arceus\n|-damage|p2a: Arceus|45\/100\n|\n|-heal|p1a: antimiradon action|58\/100 psn|[from] item: Leftovers\n|-damage|p1a: antimiradon action|46\/100 psn|[from] psn\n|upkeep\n|turn|22\n|inactive|Sakuta24 has 120 seconds left.\n|c|\u2606spam2165846|hopefully u die\n|\n|t:|1699144898\n|move|p2a: Arceus|Surf|p1a: antimiradon action\n|-supereffective|p1a: antimiradon action\n|-damage|p1a: antimiradon action|26\/100 psn\n|move|p1a: antimiradon action|Earthquake|p2a: Arceus\n|-damage|p2a: Arceus|23\/100\n|\n|-heal|p1a: antimiradon action|32\/100 psn|[from] item: Leftovers\n|-damage|p1a: antimiradon action|20\/100 psn|[from] psn\n|upkeep\n|turn|23\n|inactive|Sakuta24 has 120 seconds left.\n|\n|t:|1699144910\n|move|p2a: Arceus|Surf|p1a: antimiradon action\n|-supereffective|p1a: antimiradon action\n|-damage|p1a: antimiradon action|1\/100 psn\n|move|p1a: antimiradon action|Earthquake|p2a: Arceus\n|-damage|p2a: Arceus|0 fnt\n|faint|p2a: Arceus\n|\n|win|Sakuta24\n|raw|Sakuta24's rating: 1519 &rarr; <strong>1542<\/strong><br \/>(+23 for winning)\n|raw|spam2165846's rating: 1574 &rarr; <strong>1551<\/strong><br \/>(-23 for losing)\n","uploadtime":1699144897,"views":4,"p1id":"sakuta24","p2id":"spam2165846","formatid":"gen9anythinggoes","rating":1542,"private":0,"password":""}