{"id":"gen9anythinggoes-1975515339","p1":"Great help to","p2":"Everphilix","format":"[Gen 9] Anything Goes","log":"|j|\u2606Great help to\n|j|\u2606Everphilix\n|t:|1698199659\n|gametype|singles\n|player|p1|Great help to|backpacker|1000\n|player|p2|Everphilix|lass-gen4dp|1073\n|teamsize|p1|6\n|teamsize|p2|6\n|gen|9\n|tier|[Gen 9] Anything Goes\n|rated|\n|rule|HP Percentage Mod: HP is shown in percentages\n|rule|Endless Battle Clause: Forcing endless battles is banned\n|clearpoke\n|poke|p1|Orthworm, M|\n|poke|p1|Clodsire, F|\n|poke|p1|Glimmora, M|\n|poke|p1|Garganacl, F|\n|poke|p1|Kingambit, M|\n|poke|p1|Ceruledge, F|\n|poke|p2|Ninetales, M|\n|poke|p2|Trevenant, F|\n|poke|p2|Charizard, M|\n|poke|p2|Typhlosion, M|\n|poke|p2|Scovillain, F|\n|poke|p2|Lilligant, F|\n|teampreview\n|inactive|Battle timer is ON: inactive players will automatically lose when time's up. (requested by Everphilix)\n|\n|t:|1698199664\n|start\n|switch|p1a: Glimmora|Glimmora, M, shiny|100\/100\n|switch|p2a: Trevenant|Trevenant, F|100\/100\n|turn|1\n|\n|t:|1698199674\n|move|p1a: Glimmora|Power Gem|p2a: Trevenant\n|-damage|p2a: Trevenant|72\/100\n|move|p2a: Trevenant|Substitute|p2a: Trevenant\n|-start|p2a: Trevenant|Substitute\n|-damage|p2a: Trevenant|47\/100\n|-enditem|p2a: Trevenant|Sitrus Berry|[eat]\n|-heal|p2a: Trevenant|72\/100|[from] item: Sitrus Berry\n|\n|upkeep\n|turn|2\n|\n|t:|1698199695\n|move|p1a: Glimmora|Acid Armor|p1a: Glimmora\n|-boost|p1a: Glimmora|def|2\n|move|p2a: Trevenant|Curse|p1a: Glimmora\n|-start|p1a: Glimmora|Curse|[of] p2a: Trevenant\n|-damage|p2a: Trevenant|22\/100\n|\n|-damage|p1a: Glimmora|76\/100|[from] Curse\n|upkeep\n|turn|3\n|\n|t:|1698199706\n|move|p2a: Trevenant|Protect|p2a: Trevenant\n|-singleturn|p2a: Trevenant|Protect\n|move|p1a: Glimmora|Stealth Rock|p2a: Trevenant\n|-sidestart|p2: Everphilix|move: Stealth Rock\n|\n|-heal|p1a: Glimmora|82\/100|[from] item: Black Sludge\n|-damage|p1a: Glimmora|57\/100|[from] Curse\n|-item|p2a: Trevenant|Sitrus Berry|[from] ability: Harvest\n|upkeep\n|-enditem|p2a: Trevenant|Sitrus Berry|[eat]\n|-heal|p2a: Trevenant|47\/100|[from] item: Sitrus Berry\n|turn|4\n|\n|t:|1698199720\n|switch|p1a: Ceruledge|Ceruledge, F, shiny|100\/100\n|move|p2a: Trevenant|Phantom Force||[still]\n|-prepare|p2a: Trevenant|Phantom Force\n|\n|upkeep\n|turn|5\n|\n|t:|1698199726\n|move|p1a: Ceruledge|Bitter Blade|p2a: Trevenant|[miss]\n|-miss|p1a: Ceruledge|p2a: Trevenant\n|move|p2a: Trevenant|Phantom Force|p1a: Ceruledge|[from]lockedmove\n|-supereffective|p1a: Ceruledge\n|-damage|p1a: Ceruledge|2\/100\n|-ability|p1a: Ceruledge|Weak Armor|boost\n|-unboost|p1a: Ceruledge|def|1\n|-boost|p1a: Ceruledge|spe|2\n|\n|upkeep\n|turn|6\n|\n|t:|1698199737\n|move|p2a: Trevenant|Protect|p2a: Trevenant\n|-singleturn|p2a: Trevenant|Protect\n|move|p1a: Ceruledge|Destiny Bond|p1a: Ceruledge\n|-singlemove|p1a: Ceruledge|Destiny Bond\n|\n|-item|p2a: Trevenant|Sitrus Berry|[from] ability: Harvest\n|upkeep\n|-enditem|p2a: Trevenant|Sitrus Berry|[eat]\n|-heal|p2a: Trevenant|72\/100|[from] item: Sitrus Berry\n|turn|7\n|\n|t:|1698199756\n|move|p1a: Ceruledge|Bitter Blade|p2a: Trevenant\n|-supereffective|p2a: Trevenant\n|-end|p2a: Trevenant|Substitute\n|-heal|p1a: Ceruledge|18\/100|[from] drain|[of] p2a: Trevenant\n|move|p2a: Trevenant|Phantom Force||[still]\n|-prepare|p2a: Trevenant|Phantom Force\n|\n|upkeep\n|turn|8\n|\n|t:|1698199765\n|move|p1a: Ceruledge|Destiny Bond|p1a: Ceruledge\n|-singlemove|p1a: Ceruledge|Destiny Bond\n|move|p2a: Trevenant|Phantom Force|p1a: Ceruledge|[from]lockedmove\n|-supereffective|p1a: Ceruledge\n|-damage|p1a: Ceruledge|0 fnt\n|faint|p1a: Ceruledge\n|-activate|p1a: Ceruledge|move: Destiny Bond\n|faint|p2a: Trevenant\n|\n|upkeep\n|\n|t:|1698199779\n|switch|p1a: Glimmora|Glimmora, M, shiny|57\/100\n|switch|p2a: Ninetales|Ninetales, M|100\/100\n|-damage|p2a: Ninetales|76\/100|[from] Stealth Rock\n|-weather|SunnyDay|[from] ability: Drought|[of] p2a: Ninetales\n|turn|9\n|\n|t:|1698199790\n|move|p1a: Glimmora|Spiky Shield|p1a: Glimmora\n|-singleturn|p1a: Glimmora|move: Protect\n|move|p2a: Ninetales|Solar Beam||[still]\n|-prepare|p2a: Ninetales|Solar Beam\n|-anim|p2a: Ninetales|Solar Beam|p1a: Glimmora\n|-activate|p1a: Glimmora|move: Protect\n|\n|-weather|SunnyDay|[upkeep]\n|-heal|p1a: Glimmora|63\/100|[from] item: Black Sludge\n|upkeep\n|turn|10\n|\n|t:|1698199801\n|move|p2a: Ninetales|Solar Beam||[still]\n|-prepare|p2a: Ninetales|Solar Beam\n|-anim|p2a: Ninetales|Solar Beam|p1a: Glimmora\n|-damage|p1a: Glimmora|26\/100\n|move|p1a: Glimmora|Power Gem|p2a: Ninetales\n|-supereffective|p2a: Ninetales\n|-damage|p2a: Ninetales|0 fnt\n|faint|p2a: Ninetales\n|\n|-weather|SunnyDay|[upkeep]\n|-heal|p1a: Glimmora|32\/100|[from] item: Black Sludge\n|upkeep\n|\n|t:|1698199819\n|switch|p2a: Charizard|Charizard, M|100\/100\n|turn|11\n|\n|t:|1698199829\n|move|p1a: Glimmora|Spiky Shield|p1a: Glimmora\n|-singleturn|p1a: Glimmora|move: Protect\n|move|p2a: Charizard|Fire Blast|p1a: Glimmora\n|-activate|p1a: Glimmora|move: Protect\n|\n|-weather|SunnyDay|[upkeep]\n|-damage|p2a: Charizard|88\/100|[from] ability: Solar Power|[of] p2a: Charizard\n|-heal|p1a: Glimmora|38\/100|[from] item: Black Sludge\n|upkeep\n|turn|12\n|\n|t:|1698199842\n|-terastallize|p2a: Charizard|Psychic\n|move|p2a: Charizard|Tera Blast|p1a: Glimmora|[anim] Tera Blast Psychic\n|-supereffective|p1a: Glimmora\n|-damage|p1a: Glimmora|0 fnt\n|faint|p1a: Glimmora\n|\n|-weather|SunnyDay|[upkeep]\n|-damage|p2a: Charizard|76\/100|[from] ability: Solar Power|[of] p2a: Charizard\n|upkeep\n|\n|t:|1698199850\n|switch|p1a: Kingambit|Kingambit, M, shiny|100\/100\n|-activate|p1a: Kingambit|ability: Supreme Overlord\n|-start|p1a: Kingambit|fallen2|[silent]\n|turn|13\n|\n|t:|1698199863\n|switch|p2a: Scovillain|Scovillain, F|100\/100\n|-damage|p2a: Scovillain|76\/100|[from] Stealth Rock\n|move|p1a: Kingambit|Sucker Punch||[still]\n|-fail|p1a: Kingambit\n|\n|-weather|SunnyDay|[upkeep]\n|-heal|p2a: Scovillain|82\/100|[from] item: Leftovers\n|-ability|p2a: Scovillain|Moody|boost\n|-boost|p2a: Scovillain|spd|2\n|-unboost|p2a: Scovillain|def|1\n|upkeep\n|turn|14\n|\n|t:|1698199876\n|move|p2a: Scovillain|Protect|p2a: Scovillain\n|-singleturn|p2a: Scovillain|Protect\n|move|p1a: Kingambit|Kowtow Cleave|p2a: Scovillain\n|-activate|p2a: Scovillain|move: Protect\n|\n|-weather|SunnyDay|[upkeep]\n|-heal|p2a: Scovillain|88\/100|[from] item: Leftovers\n|-ability|p2a: Scovillain|Moody|boost\n|-boost|p2a: Scovillain|atk|2\n|-unboost|p2a: Scovillain|spd|1\n|upkeep\n|turn|15\n|\n|t:|1698199888\n|move|p2a: Scovillain|Substitute|p2a: Scovillain\n|-start|p2a: Scovillain|Substitute\n|-damage|p2a: Scovillain|63\/100\n|move|p1a: Kingambit|Kowtow Cleave|p2a: Scovillain\n|-end|p2a: Scovillain|Substitute\n|\n|-weather|SunnyDay|[upkeep]\n|-heal|p2a: Scovillain|69\/100|[from] item: Leftovers\n|-ability|p2a: Scovillain|Moody|boost\n|-boost|p2a: Scovillain|spa|2\n|-unboost|p2a: Scovillain|spe|1\n|upkeep\n|turn|16\n|\n|t:|1698199900\n|move|p2a: Scovillain|Protect|p2a: Scovillain\n|-singleturn|p2a: Scovillain|Protect\n|move|p1a: Kingambit|Kowtow Cleave|p2a: Scovillain\n|-activate|p2a: Scovillain|move: Protect\n|\n|-weather|none\n|-heal|p2a: Scovillain|75\/100|[from] item: Leftovers\n|-ability|p2a: Scovillain|Moody|boost\n|-boost|p2a: Scovillain|spa|2\n|-unboost|p2a: Scovillain|atk|1\n|upkeep\n|turn|17\n|\n|t:|1698199913\n|move|p2a: Scovillain|Fire Blast|p1a: Kingambit|[miss]\n|-miss|p2a: Scovillain|p1a: Kingambit\n|move|p1a: Kingambit|Kowtow Cleave|p2a: Scovillain\n|-damage|p2a: Scovillain|0 fnt\n|faint|p2a: Scovillain\n|\n|upkeep\n|\n|t:|1698199923\n|switch|p2a: Typhlosion|Typhlosion, M|100\/100\n|-damage|p2a: Typhlosion|76\/100|[from] Stealth Rock\n|turn|18\n|\n|t:|1698199930\n|move|p2a: Typhlosion|Eruption|p1a: Kingambit\n|-supereffective|p1a: Kingambit\n|-damage|p1a: Kingambit|38\/100\n|move|p1a: Kingambit|Metal Burst|p2a: Typhlosion\n|-damage|p2a: Typhlosion|0 fnt\n|faint|p2a: Typhlosion\n|\n|upkeep\n|-message|Everphilix forfeited.\n|\n|win|Great help to\n|raw|Great help to's rating: 1000 &rarr; <strong>1048<\/strong><br \/>(+48 for winning)\n|raw|Everphilix's rating: 1073 &rarr; <strong>1048<\/strong><br \/>(-25 for losing)\n|l|\u2606Everphilix\n","uploadtime":1698199942,"views":14,"p1id":"greathelpto","p2id":"everphilix","formatid":"gen9anythinggoes","rating":1048,"private":0,"password":""}