{"id":"gen9anythinggoes-1988887472","p1":"based trans girl","p2":"question4ble","format":"[Gen 9] Anything Goes","log":"|j|\u2606based trans girl\n|j|\u2606question4ble\n|t:|1699781467\n|gametype|singles\n|player|p1|based trans girl|tate-masters|1000\n|player|p2|question4ble|ingo|1000\n|teamsize|p1|6\n|teamsize|p2|6\n|gen|9\n|tier|[Gen 9] Anything Goes\n|rated|\n|rule|HP Percentage Mod: HP is shown in percentages\n|rule|Endless Battle Clause: Forcing endless battles is banned\n|clearpoke\n|poke|p1|Maushold-Four|\n|poke|p1|Maushold-Four|\n|poke|p1|Maushold-Four|\n|poke|p1|Maushold-Four|\n|poke|p1|Maushold-Four|\n|poke|p1|Maushold-Four|\n|poke|p2|Annihilape, M|\n|poke|p2|Chi-Yu|\n|poke|p2|Drifblim, M|\n|poke|p2|Mimikyu, M|\n|poke|p2|Magearna|\n|poke|p2|Gliscor, F|\n|teampreview\n|c|\u2606question4ble|god\n|c|\u2606based trans girl|Mouse\n|c|\u2606question4ble|you monster\n|\n|t:|1699781499\n|start\n|switch|p1a: Disney Lawyers|Maushold-Four|100\/100\n|switch|p2a: Drifblim|Drifblim, M|100\/100\n|turn|1\n|c|\u2606question4ble|nice name\n|\n|t:|1699781509\n|move|p1a: Disney Lawyers|Bite|p2a: Drifblim\n|-supereffective|p2a: Drifblim\n|-damage|p2a: Drifblim|58\/100\n|move|p2a: Drifblim|Substitute|p2a: Drifblim\n|-start|p2a: Drifblim|Substitute\n|-damage|p2a: Drifblim|33\/100\n|\n|upkeep\n|turn|2\n|c|\u2606based trans girl|Yes\n|\n|t:|1699781515\n|move|p1a: Disney Lawyers|Bite|p2a: Drifblim\n|-supereffective|p2a: Drifblim\n|-end|p2a: Drifblim|Substitute\n|move|p2a: Drifblim|Minimize|p2a: Drifblim\n|-boost|p2a: Drifblim|evasion|2\n|\n|upkeep\n|turn|3\n|\n|t:|1699781521\n|move|p1a: Disney Lawyers|Bite|p2a: Drifblim|[miss]\n|-miss|p1a: Disney Lawyers|p2a: Drifblim\n|move|p2a: Drifblim|Substitute|p2a: Drifblim\n|-start|p2a: Drifblim|Substitute\n|-damage|p2a: Drifblim|8\/100\n|\n|upkeep\n|turn|4\n|\n|t:|1699781527\n|move|p1a: Disney Lawyers|Bite|p2a: Drifblim\n|-supereffective|p2a: Drifblim\n|-end|p2a: Drifblim|Substitute\n|move|p2a: Drifblim|Minimize|p2a: Drifblim\n|-boost|p2a: Drifblim|evasion|2\n|\n|upkeep\n|turn|5\n|\n|t:|1699781533\n|move|p1a: Disney Lawyers|Bite|p2a: Drifblim|[miss]\n|-miss|p1a: Disney Lawyers|p2a: Drifblim\n|move|p2a: Drifblim|Substitute|p2a: Drifblim\n|-fail|p2a: Drifblim|move: Substitute|[weak]\n|\n|upkeep\n|turn|6\n|\n|t:|1699781540\n|move|p1a: Disney Lawyers|Bite|p2a: Drifblim|[miss]\n|-miss|p1a: Disney Lawyers|p2a: Drifblim\n|move|p2a: Drifblim|Minimize|p2a: Drifblim\n|-boost|p2a: Drifblim|evasion|2\n|\n|upkeep\n|turn|7\n|\n|t:|1699781546\n|move|p1a: Disney Lawyers|Bite|p2a: Drifblim\n|-supereffective|p2a: Drifblim\n|-damage|p2a: Drifblim|0 fnt\n|-damage|p1a: Disney Lawyers|76\/100|[from] ability: Aftermath|[of] p2a: Drifblim\n|faint|p2a: Drifblim\n|\n|upkeep\n|\n|t:|1699781552\n|switch|p2a: Magearna|Magearna|100\/100\n|turn|8\n|\n|t:|1699781569\n|switch|p1a: With the fishes|Maushold-Four|100\/100\n|move|p2a: Magearna|Substitute|p2a: Magearna\n|-start|p2a: Magearna|Substitute\n|-damage|p2a: Magearna|75\/100\n|\n|upkeep\n|turn|9\n|\n|t:|1699781579\n|move|p1a: With the fishes|Encore|p2a: Magearna\n|-start|p2a: Magearna|Encore\n|move|p2a: Magearna|Substitute|p2a: Magearna\n|-fail|p2a: Magearna|move: Substitute\n|\n|upkeep\n|turn|10\n|c|\u2606question4ble|whats that name mean?\n|\n|t:|1699781591\n|switch|p2a: Chi-Yu|Chi-Yu|100\/100\n|-ability|p2a: Chi-Yu|Beads of Ruin\n|move|p1a: With the fishes|Tidy Up|p1a: With the fishes\n|-boost|p1a: With the fishes|atk|1\n|-boost|p1a: With the fishes|spe|1\n|\n|upkeep\n|turn|11\n|c|\u2606based trans girl|Sleep with the fishes\n|c|\u2606question4ble|oh\n|\n|t:|1699781603\n|move|p1a: With the fishes|Population Bomb|p2a: Chi-Yu\n|-damage|p2a: Chi-Yu|83\/100\n|-damage|p2a: Chi-Yu|64\/100\n|-damage|p2a: Chi-Yu|45\/100\n|-damage|p2a: Chi-Yu|27\/100\n|-damage|p2a: Chi-Yu|9\/100\n|-damage|p2a: Chi-Yu|0 fnt\n|faint|p2a: Chi-Yu\n|-hitcount|p2: Chi-Yu|6\n|\n|upkeep\n|\n|t:|1699781616\n|switch|p2a: Gliscor|Gliscor, F, shiny|100\/100\n|turn|12\n|c|\u2606question4ble|meet tox\n|\n|t:|1699781630\n|move|p1a: With the fishes|Taunt|p2a: Gliscor\n|-start|p2a: Gliscor|move: Taunt\n|cant|p2a: Gliscor|move: Taunt|Toxic\n|\n|-status|p2a: Gliscor|tox|[from] item: Toxic Orb\n|upkeep\n|turn|13\n|\n|t:|1699781636\n|move|p1a: With the fishes|Tidy Up|p1a: With the fishes\n|-boost|p1a: With the fishes|atk|1\n|-boost|p1a: With the fishes|spe|1\n|move|p2a: Gliscor|Dark Pulse|p1a: With the fishes\n|-damage|p1a: With the fishes|89\/100\n|\n|upkeep\n|turn|14\n|\n|t:|1699781644\n|-terastallize|p2a: Gliscor|Ground\n|move|p1a: With the fishes|Population Bomb|p2a: Gliscor\n|-damage|p2a: Gliscor|90\/100 tox\n|-damage|p2a: Gliscor|78\/100 tox\n|-damage|p2a: Gliscor|67\/100 tox\n|-damage|p2a: Gliscor|56\/100 tox\n|-hitcount|p2a: Gliscor|4\n|move|p2a: Gliscor|Dark Pulse|p1a: With the fishes\n|-damage|p1a: With the fishes|78\/100\n|\n|-heal|p2a: Gliscor|69\/100 tox|[from] ability: Poison Heal\n|-end|p2a: Gliscor|move: Taunt\n|upkeep\n|turn|15\n|c|\u2606question4ble|wait when using pop bomb\n|c|\u2606question4ble|do the mice just throw the children\n|\n|t:|1699781683\n|move|p1a: With the fishes|Population Bomb|p2a: Gliscor\n|-damage|p2a: Gliscor|57\/100 tox\n|-damage|p2a: Gliscor|46\/100 tox\n|-damage|p2a: Gliscor|35\/100 tox\n|-damage|p2a: Gliscor|23\/100 tox\n|-damage|p2a: Gliscor|11\/100 tox\n|-hitcount|p2a: Gliscor|5\n|move|p2a: Gliscor|Toxic|p1a: With the fishes\n|-status|p1a: With the fishes|tox\n|\n|-damage|p1a: With the fishes|72\/100 tox|[from] psn\n|-heal|p2a: Gliscor|24\/100 tox|[from] ability: Poison Heal\n|upkeep\n|turn|16\n|c|\u2606based trans girl|They are supposed to assault you together\n|\n|t:|1699781701\n|move|p1a: With the fishes|Population Bomb|p2a: Gliscor\n|-damage|p2a: Gliscor|13\/100 tox\n|-hitcount|p2a: Gliscor|1\n|move|p2a: Gliscor|Baton Pass|p2a: Gliscor\n|c|\u2606question4ble|nah\n|\n|t:|1699781710\n|switch|p2a: Magearna|Magearna|75\/100|[from] Baton Pass\n|\n|-damage|p1a: With the fishes|60\/100 tox|[from] psn\n|upkeep\n|turn|17\n|c|\u2606question4ble|they throw the children\n|c|\u2606based trans girl|Prolly ye\n|\n|t:|1699781732\n|move|p1a: With the fishes|Taunt|p2a: Magearna\n|-start|p2a: Magearna|move: Taunt\n|cant|p2a: Magearna|move: Taunt|Calm Mind\n|\n|-damage|p1a: With the fishes|42\/100 tox|[from] psn\n|upkeep\n|turn|18\n|\n|t:|1699781749\n|move|p1a: With the fishes|Population Bomb|p2a: Magearna\n|-resisted|p2a: Magearna\n|-damage|p2a: Magearna|69\/100\n|-resisted|p2a: Magearna\n|-damage|p2a: Magearna|62\/100\n|-resisted|p2a: Magearna\n|-damage|p2a: Magearna|54\/100\n|-resisted|p2a: Magearna\n|-damage|p2a: Magearna|48\/100\n|-resisted|p2a: Magearna\n|-damage|p2a: Magearna|41\/100\n|-resisted|p2a: Magearna\n|-damage|p2a: Magearna|34\/100\n|-resisted|p2a: Magearna\n|-damage|p2a: Magearna|28\/100\n|-resisted|p2a: Magearna\n|-damage|p2a: Magearna|21\/100\n|-resisted|p2a: Magearna\n|-damage|p2a: Magearna|14\/100\n|-resisted|p2a: Magearna\n|-damage|p2a: Magearna|7\/100\n|-hitcount|p2a: Magearna|10\n|-activate|p2a: Magearna|move: Struggle\n|move|p2a: Magearna|Struggle|p1a: With the fishes\n|-damage|p1a: With the fishes|32\/100 tox\n|-damage|p2a: Magearna|0 fnt|[from] item: Rocky Helmet|[of] p1a: With the fishes\n|faint|p2a: Magearna\n|\n|-damage|p1a: With the fishes|8\/100 tox|[from] psn\n|upkeep\n|c|\u2606based trans girl|This one is bad it's tera steel helmet just in case i face a maushold\n|c|\u2606question4ble|10 times\n|c|\u2606question4ble|ahh\n|\n|t:|1699781796\n|switch|p2a: Annihilape|Annihilape, M, shiny|100\/100\n|turn|19\n|c|\u2606question4ble|now hit this\n|c|\u2606based trans girl|10 hits is insane with no wide lens\n|c|\u2606question4ble|yah\n|\n|t:|1699781815\n|move|p1a: With the fishes|Taunt|p2a: Annihilape\n|-start|p2a: Annihilape|move: Taunt\n|move|p2a: Annihilape|Drain Punch|p1a: With the fishes\n|-supereffective|p1a: With the fishes\n|-damage|p1a: With the fishes|0 fnt\n|-damage|p2a: Annihilape|84\/100|[from] item: Rocky Helmet|[of] p1a: With the fishes\n|faint|p1a: With the fishes\n|\n|upkeep\n|\n|t:|1699781825\n|switch|p1a: El Padrino|Maushold-Four|100\/100\n|turn|20\n|\n|t:|1699781834\n|-terastallize|p1a: El Padrino|Ghost\n|move|p1a: El Padrino|Shadow Claw|p2a: Annihilape\n|-supereffective|p2a: Annihilape\n|-damage|p2a: Annihilape|34\/100\n|move|p2a: Annihilape|Drain Punch|p1a: El Padrino\n|-immune|p1a: El Padrino\n|\n|upkeep\n|turn|21\n|\n|t:|1699781842\n|move|p1a: El Padrino|Shadow Claw|p2a: Annihilape\n|-supereffective|p2a: Annihilape\n|-damage|p2a: Annihilape|0 fnt\n|faint|p2a: Annihilape\n|\n|upkeep\n|\n|t:|1699781847\n|switch|p2a: Mimikyu|Mimikyu, M, shiny|100\/100\n|turn|22\n|\n|t:|1699781851\n|move|p1a: El Padrino|Shadow Claw|p2a: Mimikyu\n|-activate|p2a: Mimikyu|ability: Disguise\n|-damage|p2a: Mimikyu|100\/100\n|detailschange|p2a: Mimikyu|Mimikyu-Busted, M, shiny\n|-damage|p2a: Mimikyu|88\/100|[from] pokemon: Mimikyu-Busted\n|move|p2a: Mimikyu|Swords Dance|p2a: Mimikyu\n|-boost|p2a: Mimikyu|atk|2\n|\n|-heal|p2a: Mimikyu|94\/100|[from] item: Leftovers\n|upkeep\n|turn|23\n|c|\u2606question4ble|im listening to undertale whileplaying so this fight is sick\n|\n|t:|1699781877\n|switch|p1a: Sicilian Mafia|Maushold-Four|100\/100\n|move|p2a: Mimikyu|Shadow Claw|p1a: Sicilian Mafia\n|-immune|p1a: Sicilian Mafia\n|\n|-heal|p2a: Mimikyu|99\/100|[from] item: Leftovers\n|upkeep\n|turn|24\n|\n|t:|1699781885\n|move|p1a: Sicilian Mafia|Beat Up|p2a: Mimikyu\n|-damage|p2a: Mimikyu|93\/100\n|-damage|p2a: Mimikyu|86\/100\n|-damage|p2a: Mimikyu|79\/100\n|-damage|p2a: Mimikyu|71\/100\n|-damage|p2a: Mimikyu|63\/100\n|-hitcount|p2a: Mimikyu|5\n|cant|p2a: Mimikyu|flinch\n|\n|-heal|p2a: Mimikyu|69\/100|[from] item: Leftovers\n|upkeep\n|turn|25\n|c|\u2606based trans girl|Undertale is sick\n|c|\u2606question4ble|yah\n|\n|t:|1699781900\n|move|p1a: Sicilian Mafia|Beat Up|p2a: Mimikyu\n|-damage|p2a: Mimikyu|62\/100\n|-damage|p2a: Mimikyu|54\/100\n|-damage|p2a: Mimikyu|46\/100\n|-crit|p2a: Mimikyu\n|-damage|p2a: Mimikyu|36\/100\n|-damage|p2a: Mimikyu|29\/100\n|-hitcount|p2a: Mimikyu|5\n|move|p2a: Mimikyu|Giga Drain|p1a: Sicilian Mafia\n|-damage|p1a: Sicilian Mafia|83\/100\n|-heal|p2a: Mimikyu|39\/100|[from] drain|[of] p1a: Sicilian Mafia\n|\n|-heal|p2a: Mimikyu|45\/100|[from] item: Leftovers\n|upkeep\n|turn|26\n|c|\u2606question4ble|this is a good team\n|c|\u2606based trans girl|Thx, i thought of everything\n|\n|t:|1699781920\n|move|p1a: Sicilian Mafia|Beat Up|p2a: Mimikyu\n|-damage|p2a: Mimikyu|37\/100\n|-damage|p2a: Mimikyu|30\/100\n|-damage|p2a: Mimikyu|22\/100\n|-damage|p2a: Mimikyu|15\/100\n|-damage|p2a: Mimikyu|8\/100\n|-hitcount|p2a: Mimikyu|5\n|move|p2a: Mimikyu|Giga Drain|p1a: Sicilian Mafia\n|-damage|p1a: Sicilian Mafia|66\/100\n|-heal|p2a: Mimikyu|18\/100|[from] drain|[of] p1a: Sicilian Mafia\n|\n|-heal|p2a: Mimikyu|24\/100|[from] item: Leftovers\n|upkeep\n|turn|27\n|c|\u2606question4ble|yah\n|\n|t:|1699781932\n|move|p1a: Sicilian Mafia|Beat Up|p2a: Mimikyu\n|-damage|p2a: Mimikyu|17\/100\n|-damage|p2a: Mimikyu|10\/100\n|-damage|p2a: Mimikyu|2\/100\n|-damage|p2a: Mimikyu|0 fnt\n|faint|p2a: Mimikyu\n|-hitcount|p2: Mimikyu|4\n|\n|upkeep\n|\n|t:|1699781941\n|switch|p2a: Gliscor|Gliscor, F, shiny, tera:Ground|13\/100 tox\n|turn|28\n|c|\u2606based trans girl|Use play rough over giga drain imo it gets boosted\n|c|\u2606question4ble|i dont got it\n|c|\u2606based trans girl|U can change it after this in the builder ^^\n|c|\u2606question4ble|yep\n|\n|t:|1699781985\n|move|p1a: Sicilian Mafia|Beat Up|p2a: Gliscor\n|-damage|p2a: Gliscor|10\/100 tox\n|-damage|p2a: Gliscor|7\/100 tox\n|-damage|p2a: Gliscor|3\/100 tox\n|-damage|p2a: Gliscor|0 fnt\n|faint|p2a: Gliscor\n|-hitcount|p2: Gliscor|4\n|\n|win|based trans girl\n|raw|based trans girl's rating: 1000 &rarr; <strong>1040<\/strong><br \/>(+40 for winning)\n|raw|question4ble's rating: 1000 &rarr; <strong>1000<\/strong><br \/>(+0 for losing)\n|c|\u2606question4ble|gg\n|c|\u2606based trans girl|gg\n","uploadtime":1699781995,"views":8,"p1id":"basedtransgirl","p2id":"question4ble","formatid":"gen9anythinggoes","rating":1000,"private":0,"password":""}