{"id":"gen9anythinggoes-1989735378","p1":"flavitoes","p2":"Jose307505","format":"[Gen 9] Anything Goes","log":"|j|\u2606flavitoes\n|j|\u2606Jose307505\n|t:|1699891273\n|gametype|singles\n|player|p1|flavitoes|ethan|\n|player|p2|Jose307505|steven|\n|teamsize|p1|6\n|teamsize|p2|6\n|gen|9\n|tier|[Gen 9] Anything Goes\n|rule|HP Percentage Mod: HP is shown in percentages\n|rule|Endless Battle Clause: Forcing endless battles is banned\n|clearpoke\n|poke|p1|Sneasler, M|\n|poke|p1|Iron Valiant|\n|poke|p1|Iron Moth|\n|poke|p1|Garganacl, F|\n|poke|p1|Alomomola, F|\n|poke|p1|Enamorus, F|\n|poke|p2|Kleavor, M|\n|poke|p2|Hawlucha, F|\n|poke|p2|Espathra, F|\n|poke|p2|Lokix, M|\n|poke|p2|Slowbro-Galar, F|\n|poke|p2|Sandy Shocks|\n|teampreview\n|inactive|Battle timer is ON: inactive players will automatically lose when time's up. (requested by Jose307505)\n|\n|t:|1699891286\n|start\n|switch|p1a: KDB|Sneasler, M|100\/100\n|switch|p2a: Kleavor|Kleavor, M, shiny|100\/100\n|turn|1\n|\n|t:|1699891296\n|move|p1a: KDB|Fake Out|p2a: Kleavor\n|-resisted|p2a: Kleavor\n|-damage|p2a: Kleavor|92\/100\n|cant|p2a: Kleavor|flinch\n|\n|upkeep\n|turn|2\n|\n|t:|1699891299\n|move|p2a: Kleavor|Stone Axe|p1a: KDB\n|-resisted|p1a: KDB\n|-damage|p1a: KDB|58\/100\n|-sidestart|p1: flavitoes|move: Stealth Rock\n|move|p1a: KDB|U-turn|p2a: Kleavor\n|-damage|p2a: Kleavor|63\/100\n|\n|t:|1699891308\n|switch|p1a: Alomomola|Alomomola, F|100\/100|[from] U-turn\n|-damage|p1a: Alomomola|88\/100|[from] Stealth Rock\n|\n|upkeep\n|turn|3\n|\n|t:|1699891318\n|move|p2a: Kleavor|Stone Axe|p1a: Alomomola\n|-damage|p1a: Alomomola|63\/100\n|-enditem|p1a: Alomomola|Red Card|[of] p2a: Kleavor\n|drag|p2a: Espathra|Espathra, F, shiny|100\/100\n|move|p1a: Alomomola|Flip Turn|p2a: Espathra\n|-damage|p2a: Espathra|75\/100\n|\n|t:|1699891330\n|switch|p1a: GVARDIOL|Garganacl, F|100\/100|[from] Flip Turn\n|-damage|p1a: GVARDIOL|88\/100|[from] Stealth Rock\n|\n|-heal|p2a: Espathra|81\/100|[from] item: Leftovers\n|-heal|p1a: GVARDIOL|94\/100|[from] item: Leftovers\n|upkeep\n|turn|4\n|\n|t:|1699891333\n|move|p2a: Espathra|Protect|p2a: Espathra\n|-singleturn|p2a: Espathra|Protect\n|move|p1a: GVARDIOL|Salt Cure|p2a: Espathra\n|-activate|p2a: Espathra|move: Protect\n|\n|-heal|p2a: Espathra|87\/100|[from] item: Leftovers\n|-heal|p1a: GVARDIOL|100\/100|[from] item: Leftovers\n|-ability|p2a: Espathra|Speed Boost|boost\n|-boost|p2a: Espathra|spe|1\n|upkeep\n|turn|5\n|\n|t:|1699891346\n|switch|p2a: Sandy Shocks|Sandy Shocks, shiny|100\/100\n|move|p1a: GVARDIOL|Salt Cure|p2a: Sandy Shocks\n|-resisted|p2a: Sandy Shocks\n|-damage|p2a: Sandy Shocks|93\/100\n|-start|p2a: Sandy Shocks|Salt Cure\n|\n|-damage|p2a: Sandy Shocks|81\/100|[from] Salt Cure\n|upkeep\n|turn|6\n|\n|t:|1699891356\n|switch|p1a: foden|Enamorus, F|100\/100\n|-damage|p1a: foden|76\/100|[from] Stealth Rock\n|move|p2a: Sandy Shocks|Thunderbolt|p1a: foden\n|-supereffective|p1a: foden\n|-damage|p1a: foden|0 fnt\n|faint|p1a: foden\n|\n|-damage|p2a: Sandy Shocks|68\/100|[from] Salt Cure\n|upkeep\n|\n|t:|1699891369\n|switch|p1a: KDB|Sneasler, M|58\/100\n|-damage|p1a: KDB|52\/100|[from] Stealth Rock\n|turn|7\n|\n|t:|1699891373\n|move|p1a: KDB|Close Combat|p2a: Sandy Shocks\n|-damage|p2a: Sandy Shocks|0 fnt\n|-unboost|p1a: KDB|def|1\n|-unboost|p1a: KDB|spd|1\n|faint|p2a: Sandy Shocks\n|-end|p2a: Sandy Shocks|Protosynthesis|[silent]\n|\n|upkeep\n|\n|t:|1699891379\n|switch|p2a: Heracles|Hawlucha, F, shiny|100\/100\n|turn|8\n|\n|t:|1699891381\n|move|p1a: KDB|Dire Claw|p2a: Heracles\n|-damage|p2a: Heracles|39\/100\n|-status|p2a: Heracles|par\n|cant|p2a: Heracles|par\n|\n|upkeep\n|turn|9\n|\n|t:|1699891387\n|move|p1a: KDB|Dire Claw|p2a: Heracles\n|-damage|p2a: Heracles|0 fnt\n|faint|p2a: Heracles\n|\n|upkeep\n|\n|t:|1699891394\n|switch|p2a: Slowbro|Slowbro-Galar, F, shiny|100\/100\n|turn|10\n|\n|t:|1699891402\n|move|p1a: KDB|U-turn|p2a: Slowbro\n|-crit|p2a: Slowbro\n|-damage|p2a: Slowbro|69\/100\n|\n|t:|1699891407\n|switch|p1a: GVARDIOL|Garganacl, F|100\/100|[from] U-turn\n|-damage|p1a: GVARDIOL|88\/100|[from] Stealth Rock\n|move|p2a: Slowbro|Calm Mind|p2a: Slowbro\n|-boost|p2a: Slowbro|spa|1\n|-boost|p2a: Slowbro|spd|1\n|\n|-heal|p1a: GVARDIOL|94\/100|[from] item: Leftovers\n|upkeep\n|turn|11\n|\n|t:|1699891412\n|move|p2a: Slowbro|Protect|p2a: Slowbro\n|-singleturn|p2a: Slowbro|Protect\n|move|p1a: GVARDIOL|Salt Cure|p2a: Slowbro\n|-activate|p2a: Slowbro|move: Protect\n|\n|-heal|p1a: GVARDIOL|100\/100|[from] item: Leftovers\n|upkeep\n|turn|12\n|-activate|p2a: Slowbro|item: Quick Claw\n|\n|t:|1699891424\n|move|p2a: Slowbro|Psychic|p1a: GVARDIOL\n|-damage|p1a: GVARDIOL|56\/100\n|move|p1a: GVARDIOL|Salt Cure|p2a: Slowbro\n|-damage|p2a: Slowbro|56\/100\n|-start|p2a: Slowbro|Salt Cure\n|\n|-heal|p1a: GVARDIOL|62\/100|[from] item: Leftovers\n|-damage|p2a: Slowbro|44\/100|[from] Salt Cure\n|upkeep\n|turn|13\n|c|\u2606flavitoes|est\u00e1 prohibido usar quick claw -.-\n|\n|t:|1699891439\n|move|p1a: GVARDIOL|Recover|p1a: GVARDIOL\n|-heal|p1a: GVARDIOL|100\/100\n|move|p2a: Slowbro|Psychic|p1a: GVARDIOL\n|-damage|p1a: GVARDIOL|60\/100\n|\n|-heal|p1a: GVARDIOL|66\/100|[from] item: Leftovers\n|-damage|p2a: Slowbro|31\/100|[from] Salt Cure\n|upkeep\n|turn|14\n|-activate|p2a: Slowbro|ability: Quick Draw\n|\n|t:|1699891446\n|move|p2a: Slowbro|Shell Side Arm|p1a: GVARDIOL|[anim] Shell Side Arm Special\n|-resisted|p1a: GVARDIOL\n|-damage|p1a: GVARDIOL|46\/100\n|-hint|Special Shell Side Arm\n|move|p1a: GVARDIOL|Iron Defense|p1a: GVARDIOL\n|-boost|p1a: GVARDIOL|def|2\n|\n|-heal|p1a: GVARDIOL|52\/100|[from] item: Leftovers\n|-damage|p2a: Slowbro|19\/100|[from] Salt Cure\n|upkeep\n|turn|15\n|\n|t:|1699891455\n|move|p1a: GVARDIOL|Recover|p1a: GVARDIOL\n|-heal|p1a: GVARDIOL|100\/100\n|move|p2a: Slowbro|Psychic|p1a: GVARDIOL\n|-damage|p1a: GVARDIOL|59\/100\n|\n|-heal|p1a: GVARDIOL|66\/100|[from] item: Leftovers\n|-damage|p2a: Slowbro|7\/100|[from] Salt Cure\n|upkeep\n|turn|16\n|-activate|p2a: Slowbro|ability: Quick Draw\n|\n|t:|1699891460\n|move|p2a: Slowbro|Psychic|p1a: GVARDIOL\n|-damage|p1a: GVARDIOL|24\/100\n|move|p1a: GVARDIOL|Recover|p1a: GVARDIOL\n|-heal|p1a: GVARDIOL|74\/100\n|\n|-heal|p1a: GVARDIOL|80\/100|[from] item: Leftovers\n|-damage|p2a: Slowbro|0 fnt|[from] Salt Cure\n|faint|p2a: Slowbro\n|upkeep\n|\n|t:|1699891463\n|switch|p2a: Espathra|Espathra, F, shiny|87\/100\n|turn|17\n|\n|t:|1699891468\n|move|p2a: Espathra|Protect|p2a: Espathra\n|-singleturn|p2a: Espathra|Protect\n|move|p1a: GVARDIOL|Salt Cure|p2a: Espathra\n|-activate|p2a: Espathra|move: Protect\n|\n|-heal|p2a: Espathra|93\/100|[from] item: Leftovers\n|-heal|p1a: GVARDIOL|86\/100|[from] item: Leftovers\n|-ability|p2a: Espathra|Speed Boost|boost\n|-boost|p2a: Espathra|spe|1\n|upkeep\n|turn|18\n|\n|t:|1699891472\n|move|p2a: Espathra|Calm Mind|p2a: Espathra\n|-boost|p2a: Espathra|spa|1\n|-boost|p2a: Espathra|spd|1\n|move|p1a: GVARDIOL|Salt Cure|p2a: Espathra\n|-damage|p2a: Espathra|72\/100\n|-start|p2a: Espathra|Salt Cure\n|\n|-heal|p2a: Espathra|79\/100|[from] item: Leftovers\n|-heal|p1a: GVARDIOL|92\/100|[from] item: Leftovers\n|-damage|p2a: Espathra|66\/100|[from] Salt Cure\n|-ability|p2a: Espathra|Speed Boost|boost\n|-boost|p2a: Espathra|spe|1\n|upkeep\n|turn|19\n|\n|t:|1699891478\n|move|p2a: Espathra|Protect|p2a: Espathra\n|-singleturn|p2a: Espathra|Protect\n|move|p1a: GVARDIOL|Iron Defense|p1a: GVARDIOL\n|-boost|p1a: GVARDIOL|def|2\n|\n|-heal|p2a: Espathra|72\/100|[from] item: Leftovers\n|-heal|p1a: GVARDIOL|99\/100|[from] item: Leftovers\n|-damage|p2a: Espathra|60\/100|[from] Salt Cure\n|-ability|p2a: Espathra|Speed Boost|boost\n|-boost|p2a: Espathra|spe|1\n|upkeep\n|turn|20\n|\n|t:|1699891486\n|move|p2a: Espathra|Stored Power|p1a: GVARDIOL\n|-damage|p1a: GVARDIOL|46\/100\n|move|p1a: GVARDIOL|Body Press|p2a: Espathra\n|-resisted|p2a: Espathra\n|-damage|p2a: Espathra|10\/100\n|\n|-heal|p2a: Espathra|16\/100|[from] item: Leftovers\n|-heal|p1a: GVARDIOL|52\/100|[from] item: Leftovers\n|-damage|p2a: Espathra|4\/100|[from] Salt Cure\n|-ability|p2a: Espathra|Speed Boost|boost\n|-boost|p2a: Espathra|spe|1\n|upkeep\n|turn|21\n|inactive|flavitoes has 270 seconds left.\n|\n|t:|1699891521\n|move|p2a: Espathra|Stored Power|p1a: GVARDIOL\n|-damage|p1a: GVARDIOL|0 fnt\n|faint|p1a: GVARDIOL\n|\n|-heal|p2a: Espathra|10\/100|[from] item: Leftovers\n|-damage|p2a: Espathra|0 fnt|[from] Salt Cure\n|faint|p2a: Espathra\n|upkeep\n|\n|t:|1699891529\n|switch|p2a: Lokix|Lokix, M, shiny|100\/100\n|switch|p1a: Alomomola|Alomomola, F|96\/100\n|-damage|p1a: Alomomola|84\/100|[from] Stealth Rock\n|turn|22\n|\n|t:|1699891537\n|move|p2a: Lokix|First Impression|p1a: Alomomola\n|-damage|p1a: Alomomola|55\/100\n|-damage|p2a: Lokix|91\/100|[from] item: Life Orb\n|move|p1a: Alomomola|Scald|p2a: Lokix\n|-damage|p2a: Lokix|63\/100\n|\n|upkeep\n|turn|23\n|\n|t:|1699891541\n|move|p2a: Lokix|U-turn|p1a: Alomomola\n|-damage|p1a: Alomomola|33\/100\n|-damage|p2a: Lokix|53\/100|[from] item: Life Orb\n|\n|t:|1699891543\n|switch|p2a: Kleavor|Kleavor, M, shiny|63\/100|[from] U-turn\n|move|p1a: Alomomola|Wish|p1a: Alomomola\n|\n|upkeep\n|turn|24\n|\n|t:|1699891552\n|move|p1a: Alomomola|Protect|p1a: Alomomola\n|-singleturn|p1a: Alomomola|Protect\n|move|p2a: Kleavor|Night Slash|p1a: Alomomola\n|-activate|p1a: Alomomola|move: Protect\n|\n|-heal|p1a: Alomomola|83\/100|[from] move: Wish|[wisher] Alomomola\n|upkeep\n|turn|25\n|\n|t:|1699891561\n|move|p2a: Kleavor|Night Slash|p1a: Alomomola\n|-damage|p1a: Alomomola|63\/100\n|move|p1a: Alomomola|Scald|p2a: Kleavor\n|-supereffective|p2a: Kleavor\n|-damage|p2a: Kleavor|16\/100\n|\n|upkeep\n|turn|26\n|l|\u2606Jose307505\n|inactive|Jose307505 disconnected and has 300 seconds to reconnect!\n|player|p2|\n|inactive|Jose307505 has 270 seconds to reconnect!\n|j|\u2606Jose307505\n|inactive|Jose307505 reconnected and has 290 seconds left.\n|player|p2|Jose307505|steven\n|\n|t:|1699891613\n|move|p2a: Kleavor|Night Slash|p1a: Alomomola\n|-damage|p1a: Alomomola|44\/100\n|move|p1a: Alomomola|Wish|p1a: Alomomola\n|\n|upkeep\n|turn|27\n|l|\u2606flavitoes\n|inactive|flavitoes disconnected and has 300 seconds to reconnect!\n|player|p1|\n|inactive|flavitoes has 270 seconds to reconnect!\n|j|\u2606flavitoes\n|inactive|flavitoes reconnected and has 300 seconds left.\n|player|p1|flavitoes|ethan\n|\n|t:|1699891651\n|switch|p1a: HAALAND|Iron Moth|100\/100\n|-damage|p1a: HAALAND|76\/100|[from] Stealth Rock\n|-enditem|p1a: HAALAND|Booster Energy\n|-activate|p1a: HAALAND|ability: Quark Drive|[fromitem]\n|-start|p1a: HAALAND|quarkdrivespe\n|move|p2a: Kleavor|Night Slash|p1a: HAALAND\n|-crit|p1a: HAALAND\n|-damage|p1a: HAALAND|0 fnt\n|faint|p1a: HAALAND\n|-end|p1a: HAALAND|Quark Drive|[silent]\n|\n|upkeep\n|c|\u2606flavitoes|noooooo\n|c|\u2606flavitoes|quer\u00eda que tenga dos kills\n|c|\u2606flavitoes|me sali\u00f3 en contra\n|inactive|flavitoes has 270 seconds left.\n|\n|t:|1699891689\n|switch|p1a: doku|Iron Valiant|100\/100\n|-damage|p1a: doku|94\/100|[from] Stealth Rock\n|-enditem|p1a: doku|Booster Energy\n|-activate|p1a: doku|ability: Quark Drive|[fromitem]\n|-start|p1a: doku|quarkdrivespe\n|turn|28\n|\n|t:|1699891693\n|switch|p2a: Lokix|Lokix, M, shiny|53\/100\n|move|p1a: doku|Spirit Break|p2a: Lokix\n|-supereffective|p2a: Lokix\n|-damage|p2a: Lokix|0 fnt\n|faint|p2a: Lokix\n|\n|upkeep\n|\n|t:|1699891696\n|switch|p2a: Kleavor|Kleavor, M, shiny|16\/100\n|turn|29\n|\n|t:|1699891705\n|move|p1a: doku|Spirit Break|p2a: Kleavor\n|-damage|p2a: Kleavor|0 fnt\n|faint|p2a: Kleavor\n|\n|win|flavitoes\n|l|\u2606Jose307505\n","uploadtime":1699891712,"views":10,"p1id":"flavitoes","p2id":"jose307505","formatid":"gen9anythinggoes","rating":0,"private":0,"password":""}