{"id":"gen9anythinggoes-1992411799","p1":"mohamed_asfar","p2":"CroaterCroater","format":"[Gen 9] Anything Goes","log":"|j|\u2606mohamed_asfar\n|j|\u2606CroaterCroater\n|t:|1700184497\n|gametype|singles\n|player|p1|mohamed_asfar|giovanni|\n|player|p2|CroaterCroater|backers|\n|teamsize|p1|6\n|teamsize|p2|6\n|gen|9\n|tier|[Gen 9] Anything Goes\n|rule|HP Percentage Mod: HP is shown in percentages\n|rule|Endless Battle Clause: Forcing endless battles is banned\n|clearpoke\n|poke|p1|Zoroark-Hisui, F|\n|poke|p1|Goodra-Hisui, M|\n|poke|p1|Typhlosion, F|\n|poke|p1|Samurott-Hisui, M|\n|poke|p1|Rotom-Wash|\n|poke|p1|Lilligant-Hisui, F|\n|poke|p2|Basculegion, M|\n|poke|p2|Orthworm, F|\n|poke|p2|Iron Valiant|\n|poke|p2|Heatran, M|\n|poke|p2|Shaymin|\n|poke|p2|Thundurus-Therian, M|\n|teampreview\n|inactive|Battle timer is ON: inactive players will automatically lose when time's up. (requested by mohamed_asfar)\n|inactiveoff|Battle timer is now OFF.\n|\n|t:|1700184535\n|start\n|switch|p1a: Rotom|Rotom-Wash|100\/100\n|switch|p2a: King Derp|Orthworm, F|100\/100\n|turn|1\n|\n|t:|1700184554\n|move|p1a: Rotom|Volt Switch|p2a: King Derp\n|-damage|p2a: King Derp|51\/100\n|\n|t:|1700184604\n|switch|p1a: Goodra|Goodra-Hisui, M|100\/100|[from] Volt Switch\n|move|p2a: King Derp|Shed Tail|p2a: King Derp\n|-start|p2a: King Derp|Substitute|[from] move: Shed Tail\n|-damage|p2a: King Derp|1\/100\n|-enditem|p2a: King Derp|Sitrus Berry|[eat]\n|-heal|p2a: King Derp|26\/100|[from] item: Sitrus Berry\n|\n|t:|1700184612\n|switch|p2a: Mr. Roboto|Iron Valiant|100\/100|[from] Shed Tail\n|-enditem|p2a: Mr. Roboto|Booster Energy\n|-activate|p2a: Mr. Roboto|ability: Quark Drive|[fromitem]\n|-start|p2a: Mr. Roboto|quarkdriveatk\n|\n|upkeep\n|turn|2\n|\n|t:|1700184673\n|switch|p1a: Lilligant|Lilligant-Hisui, F|100\/100\n|move|p2a: Mr. Roboto|Swords Dance|p2a: Mr. Roboto\n|-boost|p2a: Mr. Roboto|atk|2\n|\n|upkeep\n|turn|3\n|\n|t:|1700184704\n|switch|p1a: Goodra|Goodra-Hisui, M|100\/100\n|move|p2a: Mr. Roboto|Fire Punch|p1a: Goodra\n|-damage|p1a: Goodra|33\/100\n|\n|-heal|p1a: Goodra|39\/100|[from] item: Leftovers\n|upkeep\n|turn|4\n|\n|t:|1700184715\n|move|p2a: Mr. Roboto|Fire Punch|p1a: Goodra\n|-damage|p1a: Goodra|0 fnt\n|faint|p1a: Goodra\n|\n|upkeep\n|\n|t:|1700184740\n|switch|p1a: Samurott|Samurott-Hisui, M|100\/100\n|turn|5\n|\n|t:|1700184763\n|move|p1a: Samurott|Sucker Punch|p2a: Mr. Roboto\n|-resisted|p2a: Mr. Roboto\n|-activate|p2a: Mr. Roboto|move: Substitute|[damage]\n|-damage|p1a: Samurott|91\/100|[from] item: Life Orb\n|move|p2a: Mr. Roboto|Fire Punch|p1a: Samurott\n|-resisted|p1a: Samurott\n|-damage|p1a: Samurott|55\/100\n|-status|p1a: Samurott|brn\n|\n|-damage|p1a: Samurott|49\/100 brn|[from] brn\n|upkeep\n|turn|6\n|\n|t:|1700184777\n|move|p1a: Samurott|Sucker Punch|p2a: Mr. Roboto\n|-resisted|p2a: Mr. Roboto\n|-activate|p2a: Mr. Roboto|move: Substitute|[damage]\n|-damage|p1a: Samurott|39\/100 brn|[from] item: Life Orb\n|move|p2a: Mr. Roboto|Brick Break|p1a: Samurott\n|-supereffective|p1a: Samurott\n|-damage|p1a: Samurott|0 fnt\n|faint|p1a: Samurott\n|\n|upkeep\n|\n|t:|1700184789\n|switch|p1a: Lilligant|Lilligant-Hisui, F|100\/100\n|turn|7\n|\n|t:|1700184798\n|move|p2a: Mr. Roboto|Fire Punch|p1a: Lilligant\n|-supereffective|p1a: Lilligant\n|-damage|p1a: Lilligant|0 fnt\n|faint|p1a: Lilligant\n|\n|upkeep\n|\n|t:|1700184802\n|switch|p1a: Typhlosion|Typhlosion, F|100\/100\n|turn|8\n|\n|t:|1700184806\n|move|p2a: Mr. Roboto|Brick Break|p1a: Typhlosion\n|-immune|p1a: Typhlosion\n|move|p1a: Typhlosion|Hyper Voice|p2a: Mr. Roboto\n|-damage|p2a: Mr. Roboto|0 fnt\n|faint|p2a: Mr. Roboto\n|-end|p2a: Mr. Roboto|Quark Drive|[silent]\n|\n|upkeep\n|\n|t:|1700184819\n|switch|p2a: Better Gliscor|Thundurus-Therian, M|100\/100\n|turn|9\n|\n|t:|1700184825\n|switch|p1a: Rotom|Rotom-Wash|100\/100\n|move|p2a: Better Gliscor|Volt Switch|p1a: Rotom\n|-crit|p1a: Rotom\n|-damage|p1a: Rotom|4\/100\n|\n|t:|1700184832\n|switch|p2a: a nice flower|Shaymin, shiny|100\/100|[from] Volt Switch\n|\n|upkeep\n|turn|10\n|\n|t:|1700184848\n|move|p2a: a nice flower|Dazzling Gleam|p1a: Rotom\n|-damage|p1a: Rotom|0 fnt\n|faint|p1a: Rotom\n|\n|upkeep\n|\n|t:|1700184855\n|switch|p1a: Typhlosion|Typhlosion, F|100\/100\n|turn|11\n|\n|t:|1700184867\n|move|p1a: Typhlosion|Shadow Ball|p2a: a nice flower\n|-damage|p2a: a nice flower|69\/100\n|move|p2a: a nice flower|Earth Power|p1a: Typhlosion\n|-damage|p1a: Typhlosion|61\/100\n|replace|p1a: Zoroark|Zoroark-Hisui, F\n|-end|p1a: Zoroark|Illusion\n|\n|upkeep\n|turn|12\n|\n|t:|1700184883\n|switch|p1a: Typhlosion|Typhlosion, F|100\/100\n|move|p2a: a nice flower|Earth Power|p1a: Typhlosion\n|-supereffective|p1a: Typhlosion\n|-damage|p1a: Typhlosion|41\/100\n|-unboost|p1a: Typhlosion|spd|1\n|\n|upkeep\n|turn|13\n|\n|t:|1700184891\n|move|p1a: Typhlosion|Flamethrower|p2a: a nice flower\n|-supereffective|p2a: a nice flower\n|-damage|p2a: a nice flower|22\/100\n|move|p2a: a nice flower|Earth Power|p1a: Typhlosion\n|-supereffective|p1a: Typhlosion\n|-damage|p1a: Typhlosion|0 fnt\n|faint|p1a: Typhlosion\n|\n|upkeep\n|\n|t:|1700184893\n|switch|p1a: Zoroark|Zoroark-Hisui, F|61\/100\n|turn|14\n|\n|t:|1700184902\n|move|p1a: Zoroark|Shadow Ball|p2a: a nice flower\n|-damage|p2a: a nice flower|0 fnt\n|faint|p2a: a nice flower\n|\n|upkeep\n|\n|t:|1700184909\n|switch|p2a: Better Gliscor|Thundurus-Therian, M|100\/100\n|turn|15\n|\n|t:|1700184913\n|move|p1a: Zoroark|Shadow Ball|p2a: Better Gliscor\n|-damage|p2a: Better Gliscor|29\/100\n|move|p2a: Better Gliscor|Dark Pulse|p1a: Zoroark\n|-supereffective|p1a: Zoroark\n|-damage|p1a: Zoroark|0 fnt\n|faint|p1a: Zoroark\n|\n|win|CroaterCroater\n|l|\u2606mohamed_asfar\n|j|\u2606mohamed_asfar\n|player|p1|mohamed_asfar|giovanni\n","uploadtime":1700184967,"views":44,"p1id":"mohamedasfar","p2id":"croatercroater","formatid":"gen9anythinggoes","rating":0,"private":0,"password":""}