{"id":"gen9anythinggoes-1994558085","p1":"4stepstomakeumad","p2":"Bakitaladelbarrio","format":"[Gen 9] Anything Goes","log":"|j|\u26064stepstomakeumad\n|j|\u2606Bakitaladelbarrio\n|t:|1700459588\n|gametype|singles\n|player|p1|4stepstomakeumad|101|1393\n|player|p2|Bakitaladelbarrio|colress|1632\n|teamsize|p1|6\n|teamsize|p2|6\n|gen|9\n|tier|[Gen 9] Anything Goes\n|rated|\n|rule|HP Percentage Mod: HP is shown in percentages\n|rule|Endless Battle Clause: Forcing endless battles is banned\n|clearpoke\n|poke|p1|Calyrex-Shadow|\n|poke|p1|Eternatus|\n|poke|p1|Arceus|\n|poke|p1|Lilligant-Hisui, F|\n|poke|p1|Drifblim, M|\n|poke|p1|Furret, M|\n|poke|p2|Calyrex-Shadow|\n|poke|p2|Darkrai|\n|poke|p2|Ditto|\n|poke|p2|Zacian-*|\n|poke|p2|Miraidon|\n|poke|p2|Glimmora, F|\n|teampreview\n|inactive|Battle timer is ON: inactive players will automatically lose when time's up. (requested by 4stepstomakeumad)\n|\n|t:|1700459596\n|start\n|switch|p1a: Furret|Furret, M|100\/100\n|switch|p2a: Darkrai|Darkrai|100\/100\n|turn|1\n|\n|t:|1700459602\n|move|p2a: Darkrai|Hypnosis|p1a: Furret|[miss]\n|-miss|p2a: Darkrai|p1a: Furret\n|move|p1a: Furret|Coil|p1a: Furret\n|-boost|p1a: Furret|atk|1\n|-boost|p1a: Furret|def|1\n|-boost|p1a: Furret|accuracy|1\n|\n|upkeep\n|turn|2\n|\n|t:|1700459609\n|move|p2a: Darkrai|Hypnosis|p1a: Furret|[miss]\n|-miss|p2a: Darkrai|p1a: Furret\n|move|p1a: Furret|Tidy Up|p1a: Furret\n|-boost|p1a: Furret|atk|1\n|-boost|p1a: Furret|spe|1\n|\n|upkeep\n|turn|3\n|\n|t:|1700459615\n|move|p1a: Furret|Baton Pass|p1a: Furret\n|\n|t:|1700459616\n|switch|p1a: Lilligant|Lilligant-Hisui, F|100\/100|[from] Baton Pass\n|move|p2a: Darkrai|Hypnosis|p1a: Lilligant\n|-status|p1a: Lilligant|slp|[from] move: Hypnosis\n|\n|-damage|p1a: Lilligant|88\/100 slp|[from] ability: Bad Dreams|[of] p2a: Darkrai\n|upkeep\n|turn|4\n|\n|t:|1700459626\n|cant|p1a: Lilligant|slp\n|move|p2a: Darkrai|Nasty Plot|p2a: Darkrai\n|-boost|p2a: Darkrai|spa|2\n|\n|-damage|p1a: Lilligant|76\/100 slp|[from] ability: Bad Dreams|[of] p2a: Darkrai\n|upkeep\n|turn|5\n|\n|t:|1700459634\n|cant|p1a: Lilligant|slp\n|move|p2a: Darkrai|Hex|p1a: Lilligant\n|-damage|p1a: Lilligant|0 fnt\n|faint|p1a: Lilligant\n|\n|upkeep\n|\n|t:|1700459637\n|switch|p1a: Drifblim|Drifblim, M|100\/100\n|turn|6\n|\n|t:|1700459643\n|move|p2a: Darkrai|Hypnosis|p1a: Drifblim\n|-status|p1a: Drifblim|slp|[from] move: Hypnosis\n|cant|p1a: Drifblim|slp\n|\n|-damage|p1a: Drifblim|88\/100 slp|[from] ability: Bad Dreams|[of] p2a: Darkrai\n|upkeep\n|turn|7\n|\n|t:|1700459651\n|move|p2a: Darkrai|Hex|p1a: Drifblim\n|-supereffective|p1a: Drifblim\n|-damage|p1a: Drifblim|0 fnt\n|faint|p1a: Drifblim\n|\n|upkeep\n|\n|t:|1700459653\n|switch|p1a: Furret|Furret, M|100\/100\n|turn|8\n|\n|t:|1700459658\n|move|p2a: Darkrai|Hypnosis|p1a: Furret\n|-status|p1a: Furret|slp|[from] move: Hypnosis\n|cant|p1a: Furret|slp\n|\n|-damage|p1a: Furret|88\/100 slp|[from] ability: Bad Dreams|[of] p2a: Darkrai\n|upkeep\n|turn|9\n|\n|t:|1700459666\n|move|p2a: Darkrai|Dark Pulse|p1a: Furret\n|-damage|p1a: Furret|0 fnt\n|faint|p1a: Furret\n|\n|upkeep\n|\n|t:|1700459670\n|switch|p1a: Arceus|Arceus|100\/100\n|turn|10\n|\n|t:|1700459673\n|move|p2a: Darkrai|Hypnosis|p1a: Arceus\n|-status|p1a: Arceus|slp|[from] move: Hypnosis\n|cant|p1a: Arceus|slp\n|\n|-damage|p1a: Arceus|88\/100 slp|[from] ability: Bad Dreams|[of] p2a: Darkrai\n|upkeep\n|turn|11\n|\n|t:|1700459685\n|switch|p1a: Eternatus|Eternatus|100\/100\n|-ability|p1a: Eternatus|Pressure\n|move|p2a: Darkrai|Dark Pulse|p1a: Eternatus\n|-damage|p1a: Eternatus|48\/100\n|\n|-heal|p1a: Eternatus|54\/100|[from] item: Black Sludge\n|upkeep\n|turn|12\n|\n|t:|1700459696\n|move|p2a: Darkrai|Hypnosis|p1a: Eternatus\n|-status|p1a: Eternatus|slp|[from] move: Hypnosis\n|cant|p1a: Eternatus|slp\n|\n|-heal|p1a: Eternatus|60\/100 slp|[from] item: Black Sludge\n|-damage|p1a: Eternatus|48\/100 slp|[from] ability: Bad Dreams|[of] p2a: Darkrai\n|upkeep\n|turn|13\n|l|\u26064stepstomakeumad\n|inactive|4stepstomakeumad disconnected and has a minute to reconnect!\n|player|p1|\n|\n|t:|1700459705\n|switch|p1a: Calyrex|Calyrex-Shadow|100\/100\n|-ability|p1a: Calyrex|As One\n|-ability|p1a: Calyrex|Unnerve\n|move|p2a: Darkrai|Hex|p1a: Calyrex\n|-supereffective|p1a: Calyrex\n|-enditem|p1a: Calyrex|Focus Sash\n|-damage|p1a: Calyrex|1\/100\n|\n|upkeep\n|turn|14\n|c|\u2606Bakitaladelbarrio|Gg izi\n|inactive|4stepstomakeumad has 30 seconds to reconnect!\n|inactive|4stepstomakeumad has 20 seconds to reconnect!\n|inactive|4stepstomakeumad has 15 seconds to reconnect!\n|inactive|4stepstomakeumad has 10 seconds to reconnect!\n|inactive|4stepstomakeumad has 5 seconds to reconnect!\n|-message|4stepstomakeumad lost due to inactivity.\n|\n|win|Bakitaladelbarrio\n|raw|4stepstomakeumad's rating: 1393 &rarr; <strong>1385<\/strong><br \/>(-8 for losing)\n|raw|Bakitaladelbarrio's rating: 1632 &rarr; <strong>1640<\/strong><br \/>(+8 for winning)\n","uploadtime":1700459772,"views":2,"p1id":"4stepstomakeumad","p2id":"bakitaladelbarrio","formatid":"gen9anythinggoes","rating":1385,"private":0,"password":""}