{"id":"gen9anythinggoes-1977320404","p1":"santabarata","p2":"wettlandd","format":"[Gen 9] Anything Goes","log":"|j|\u2606santabarata\n|j|\u2606wettlandd\n|t:|1698404625\n|gametype|singles\n|player|p1|santabarata|cynthia-gen7|1223\n|player|p2|wettlandd|1|1273\n|teamsize|p1|6\n|teamsize|p2|6\n|gen|9\n|tier|[Gen 9] Anything Goes\n|rated|\n|rule|HP Percentage Mod: HP is shown in percentages\n|rule|Endless Battle Clause: Forcing endless battles is banned\n|clearpoke\n|poke|p1|Zacian-*|\n|poke|p1|Koraidon|\n|poke|p1|Arceus|\n|poke|p1|Arceus-Ground|\n|poke|p1|Ting-Lu|\n|poke|p1|Calyrex-Shadow|\n|poke|p2|Chien-Pao|\n|poke|p2|Chien-Pao|\n|poke|p2|Chien-Pao|\n|poke|p2|Dugtrio-Alola, M|\n|poke|p2|Dugtrio-Alola, M|\n|poke|p2|Iron Bundle|\n|teampreview\n|inactive|Battle timer is ON: inactive players will automatically lose when time's up. (requested by santabarata)\n|inactive|wettlandd also wants the timer to be on.\n|\n|t:|1698404633\n|start\n|switch|p1a: Calyrex|Calyrex-Shadow|100\/100\n|switch|p2a: Chien-Pao|Chien-Pao|100\/100\n|-ability|p1a: Calyrex|As One\n|-ability|p1a: Calyrex|Unnerve\n|-ability|p2a: Chien-Pao|Sword of Ruin\n|turn|1\n|\n|t:|1698404640\n|-terastallize|p1a: Calyrex|Dark\n|move|p1a: Calyrex|Astral Barrage|p2a: Chien-Pao\n|-resisted|p2a: Chien-Pao\n|-damage|p2a: Chien-Pao|36\/100\n|move|p2a: Chien-Pao|Crunch|p1a: Calyrex\n|-resisted|p1a: Calyrex\n|-damage|p1a: Calyrex|66\/100\n|-unboost|p1a: Calyrex|def|1\n|\n|upkeep\n|turn|2\n|\n|t:|1698404648\n|move|p1a: Calyrex|Astral Barrage|p2a: Chien-Pao\n|-resisted|p2a: Chien-Pao\n|-damage|p2a: Chien-Pao|0 fnt\n|faint|p2a: Chien-Pao\n|-ability|p1a: Calyrex|Grim Neigh|boost\n|-boost|p1a: Calyrex|spa|1\n|\n|upkeep\n|\n|t:|1698404656\n|switch|p2a: Dugtrio|Dugtrio-Alola, M|100\/100\n|turn|3\n|\n|t:|1698404659\n|move|p1a: Calyrex|Astral Barrage|p2a: Dugtrio\n|-enditem|p2a: Dugtrio|Focus Sash\n|-damage|p2a: Dugtrio|1\/100\n|move|p2a: Dugtrio|Earthquake|p1a: Calyrex\n|-damage|p1a: Calyrex|0 fnt\n|faint|p1a: Calyrex\n|\n|upkeep\n|\n|t:|1698404665\n|switch|p1a: Zacian|Zacian-Crowned|100\/100\n|-ability|p1a: Zacian|Intrepid Sword|boost\n|-boost|p1a: Zacian|atk|1\n|turn|4\n|\n|t:|1698404671\n|move|p1a: Zacian|Crunch|p2a: Dugtrio\n|-damage|p2a: Dugtrio|0 fnt\n|-ability|p2a: Dugtrio|Tangling Hair\n|-unboost|p1a: Zacian|spe|1\n|faint|p2a: Dugtrio\n|\n|upkeep\n|\n|t:|1698404681\n|switch|p2a: Dugtrio|Dugtrio-Alola, M|100\/100\n|turn|5\n|\n|t:|1698404686\n|move|p2a: Dugtrio|Fissure|p1a: Zacian\n|-damage|p1a: Zacian|0 fnt\n|faint|p1a: Zacian\n|-ohko\n|\n|upkeep\n|\n|t:|1698404692\n|switch|p1a: Koraidon|Koraidon|100\/100\n|-weather|SunnyDay|[from] ability: Orichalcum Pulse|[of] p1a: Koraidon\n|-activate|p1a: Koraidon|Orichalcum Pulse|[source]\n|turn|6\n|\n|t:|1698404701\n|move|p1a: Koraidon|Low Kick|p2a: Dugtrio\n|-supereffective|p2a: Dugtrio\n|-enditem|p2a: Dugtrio|Focus Sash\n|-damage|p2a: Dugtrio|1\/100\n|-ability|p2a: Dugtrio|Tangling Hair\n|-unboost|p1a: Koraidon|spe|1\n|move|p2a: Dugtrio|Fissure|p1a: Koraidon|[miss]\n|-miss|p2a: Dugtrio|p1a: Koraidon\n|\n|-weather|SunnyDay|[upkeep]\n|upkeep\n|turn|7\n|\n|t:|1698404714\n|switch|p1a: Ting-Lu|Ting-Lu|100\/100\n|-ability|p1a: Ting-Lu|Vessel of Ruin\n|move|p2a: Dugtrio|Fissure|p1a: Ting-Lu\n|-damage|p1a: Ting-Lu|0 fnt\n|faint|p1a: Ting-Lu\n|-ohko\n|\n|-weather|SunnyDay|[upkeep]\n|upkeep\n|\n|t:|1698404719\n|switch|p1a: Koraidon|Koraidon|100\/100\n|-activate|p1a: Koraidon|ability: Orichalcum Pulse\n|turn|8\n|\n|t:|1698404724\n|move|p1a: Koraidon|U-turn|p2a: Dugtrio\n|-resisted|p2a: Dugtrio\n|-damage|p2a: Dugtrio|0 fnt\n|-ability|p2a: Dugtrio|Tangling Hair\n|-unboost|p1a: Koraidon|spe|1\n|faint|p2a: Dugtrio\n|\n|t:|1698404753\n|switch|p1a: Arceus|Arceus|100\/100|[from] U-turn\n|\n|-weather|SunnyDay|[upkeep]\n|upkeep\n|\n|t:|1698404760\n|switch|p2a: Chien-Pao|Chien-Pao|100\/100\n|-ability|p2a: Chien-Pao|Sword of Ruin\n|turn|9\n|\n|t:|1698404764\n|move|p1a: Arceus|Extreme Speed|p2a: Chien-Pao\n|-damage|p2a: Chien-Pao|45\/100\n|move|p2a: Chien-Pao|Brick Break|p1a: Arceus\n|-supereffective|p1a: Arceus\n|-damage|p1a: Arceus|54\/100\n|\n|-weather|SunnyDay|[upkeep]\n|upkeep\n|turn|10\n|\n|t:|1698404770\n|move|p1a: Arceus|Extreme Speed|p2a: Chien-Pao\n|-damage|p2a: Chien-Pao|0 fnt\n|faint|p2a: Chien-Pao\n|\n|-weather|none\n|upkeep\n|\n|t:|1698404777\n|switch|p2a: Iron Bundle|Iron Bundle|100\/100\n|-enditem|p2a: Iron Bundle|Booster Energy\n|-activate|p2a: Iron Bundle|ability: Quark Drive|[fromitem]\n|-start|p2a: Iron Bundle|quarkdrivespa\n|turn|11\n|\n|t:|1698404782\n|-terastallize|p2a: Iron Bundle|Fighting\n|move|p1a: Arceus|Extreme Speed|p2a: Iron Bundle\n|-damage|p2a: Iron Bundle|54\/100\n|move|p2a: Iron Bundle|Tera Blast|p1a: Arceus|[anim] Tera Blast Fighting\n|-supereffective|p1a: Arceus\n|-damage|p1a: Arceus|0 fnt\n|faint|p1a: Arceus\n|\n|upkeep\n|\n|t:|1698404789\n|switch|p1a: Koraidon|Koraidon|100\/100\n|-weather|SunnyDay|[from] ability: Orichalcum Pulse|[of] p1a: Koraidon\n|-activate|p1a: Koraidon|Orichalcum Pulse|[source]\n|turn|12\n|\n|t:|1698404796\n|move|p1a: Koraidon|U-turn|p2a: Iron Bundle\n|-resisted|p2a: Iron Bundle\n|-damage|p2a: Iron Bundle|26\/100\n|\n|t:|1698404799\n|switch|p1a: Arceus|Arceus-Ground|100\/100|[from] U-turn\n|move|p2a: Iron Bundle|Ice Beam|p1a: Arceus\n|-supereffective|p1a: Arceus\n|-damage|p1a: Arceus|20\/100\n|\n|-weather|SunnyDay|[upkeep]\n|upkeep\n|turn|13\n|\n|t:|1698404807\n|move|p2a: Iron Bundle|Ice Beam|p1a: Arceus\n|-supereffective|p1a: Arceus\n|-damage|p1a: Arceus|0 fnt\n|faint|p1a: Arceus\n|\n|-weather|SunnyDay|[upkeep]\n|upkeep\n|\n|t:|1698404810\n|switch|p1a: Koraidon|Koraidon|100\/100\n|-activate|p1a: Koraidon|ability: Orichalcum Pulse\n|turn|14\n|\n|t:|1698404814\n|move|p1a: Koraidon|Low Kick|p2a: Iron Bundle\n|-damage|p2a: Iron Bundle|0 fnt\n|faint|p2a: Iron Bundle\n|-end|p2a: Iron Bundle|Quark Drive|[silent]\n|\n|-weather|SunnyDay|[upkeep]\n|upkeep\n|\n|t:|1698404820\n|switch|p2a: Chien-Pao|Chien-Pao|100\/100\n|-ability|p2a: Chien-Pao|Sword of Ruin\n|turn|15\n|\n|t:|1698404824\n|move|p2a: Chien-Pao|Ice Spinner|p1a: Koraidon\n|-supereffective|p1a: Koraidon\n|-damage|p1a: Koraidon|2\/100\n|move|p1a: Koraidon|Low Kick|p2a: Chien-Pao\n|-supereffective|p2a: Chien-Pao\n|-enditem|p2a: Chien-Pao|Focus Sash\n|-damage|p2a: Chien-Pao|1\/100\n|\n|-weather|SunnyDay|[upkeep]\n|upkeep\n|turn|16\n|\n|t:|1698404829\n|move|p1a: Koraidon|Low Kick|p2a: Chien-Pao\n|-supereffective|p2a: Chien-Pao\n|-damage|p2a: Chien-Pao|0 fnt\n|faint|p2a: Chien-Pao\n|\n|win|santabarata\n|raw|santabarata's rating: 1223 &rarr; <strong>1252<\/strong><br \/>(+29 for winning)\n|raw|wettlandd's rating: 1273 &rarr; <strong>1244<\/strong><br \/>(-29 for losing)\n|l|\u2606santabarata\n","uploadtime":1698404836,"views":11,"p1id":"santabarata","p2id":"wettlandd","formatid":"gen9anythinggoes","rating":1244,"private":0,"password":""}