{"id":"gen9anythinggoes-1980274628","p1":"Lucasoduncu","p2":"gabrinfinito","format":"[Gen 9] Anything Goes","log":"|j|\u2606Lucasoduncu\n|j|\u2606gabrinfinito\n|t:|1698771507\n|gametype|singles\n|player|p1|Lucasoduncu|cameraman|1140\n|player|p2|gabrinfinito|lucas|1136\n|teamsize|p1|6\n|teamsize|p2|6\n|gen|9\n|tier|[Gen 9] Anything Goes\n|rated|\n|rule|HP Percentage Mod: HP is shown in percentages\n|rule|Endless Battle Clause: Forcing endless battles is banned\n|clearpoke\n|poke|p1|Lucario, F|\n|poke|p1|Tinkaton, F|\n|poke|p1|Copperajah, F|\n|poke|p1|Corviknight, M|\n|poke|p1|Sandslash-Alola, F|\n|poke|p1|Orthworm, M|\n|poke|p2|Charizard, M|\n|poke|p2|Toxicroak, M|\n|poke|p2|Decidueye, M|\n|poke|p2|Slowking, F|\n|poke|p2|Krookodile, M|\n|poke|p2|Raichu, M|\n|teampreview\n|\n|t:|1698771515\n|start\n|switch|p1a: Tinkaton|Tinkaton, F, shiny|100\/100\n|switch|p2a: Charizard|Charizard, M, shiny|100\/100\n|-ability|p1a: Tinkaton|Mold Breaker\n|turn|1\n|inactive|Battle timer is ON: inactive players will automatically lose when time's up. (requested by gabrinfinito)\n|\n|t:|1698771522\n|move|p1a: Tinkaton|Stealth Rock|p2a: Charizard\n|-sidestart|p2: gabrinfinito|move: Stealth Rock\n|move|p2a: Charizard|Flamethrower|p1a: Tinkaton\n|-supereffective|p1a: Tinkaton\n|-damage|p1a: Tinkaton|0 fnt\n|faint|p1a: Tinkaton\n|\n|upkeep\n|\n|t:|1698771529\n|switch|p1a: Sandslash|Sandslash-Alola, F, shiny|100\/100\n|turn|2\n|\n|t:|1698771532\n|move|p1a: Sandslash|Steel Beam|p2a: Charizard\n|-resisted|p2a: Charizard\n|-damage|p2a: Charizard|84\/100\n|-damage|p1a: Sandslash|50\/100|[from] steelbeam\n|move|p2a: Charizard|Flamethrower|p1a: Sandslash\n|-supereffective|p1a: Sandslash\n|-damage|p1a: Sandslash|0 fnt\n|faint|p1a: Sandslash\n|\n|upkeep\n|\n|t:|1698771537\n|switch|p1a: Lucario|Lucario, F, shiny|100\/100\n|turn|3\n|\n|t:|1698771546\n|move|p1a: Lucario|Stone Edge|p2a: Charizard\n|-supereffective|p2a: Charizard\n|-damage|p2a: Charizard|0 fnt\n|faint|p2a: Charizard\n|\n|upkeep\n|\n|t:|1698771551\n|switch|p2a: Slowking|Slowking, F|100\/100\n|-damage|p2a: Slowking|88\/100|[from] Stealth Rock\n|turn|4\n|\n|t:|1698771555\n|move|p1a: Lucario|Stone Edge|p2a: Slowking\n|-crit|p2a: Slowking\n|-damage|p2a: Slowking|17\/100\n|move|p2a: Slowking|Psychic|p1a: Lucario\n|-damage|p1a: Lucario|28\/100\n|\n|-heal|p2a: Slowking|23\/100|[from] item: Leftovers\n|upkeep\n|turn|5\n|\n|t:|1698771567\n|move|p1a: Lucario|Stone Edge|p2a: Slowking\n|-damage|p2a: Slowking|0 fnt\n|faint|p2a: Slowking\n|\n|upkeep\n|\n|t:|1698771575\n|switch|p2a: Raichu|Raichu, M|100\/100\n|-damage|p2a: Raichu|88\/100|[from] Stealth Rock\n|turn|6\n|\n|t:|1698771583\n|move|p1a: Lucario|Stone Edge|p2a: Raichu\n|-damage|p2a: Raichu|20\/100\n|move|p2a: Raichu|Draining Kiss|p1a: Lucario\n|-damage|p1a: Lucario|6\/100\n|-heal|p2a: Raichu|37\/100|[from] drain|[of] p1a: Lucario\n|\n|upkeep\n|turn|7\n|\n|t:|1698771594\n|move|p2a: Raichu|Protect|p2a: Raichu\n|-singleturn|p2a: Raichu|Protect\n|move|p1a: Lucario|Stone Edge|p2a: Raichu\n|-activate|p2a: Raichu|move: Protect\n|\n|upkeep\n|turn|8\n|\n|t:|1698771601\n|switch|p2a: Krookodile|Krookodile, M|100\/100\n|-damage|p2a: Krookodile|94\/100|[from] Stealth Rock\n|-ability|p2a: Krookodile|Intimidate|boost\n|-fail|p1a: Lucario|unboost|Attack|[from] ability: Inner Focus|[of] p1a: Lucario\n|move|p1a: Lucario|Stone Edge|p2a: Krookodile\n|-resisted|p2a: Krookodile\n|-damage|p2a: Krookodile|66\/100\n|\n|upkeep\n|turn|9\n|\n|t:|1698771610\n|switch|p1a: Orthworm|Orthworm, M, shiny|100\/100\n|move|p2a: Krookodile|Crunch|p1a: Orthworm\n|-damage|p1a: Orthworm|74\/100\n|\n|-heal|p1a: Orthworm|80\/100|[from] item: Leftovers\n|upkeep\n|turn|10\n|\n|t:|1698771623\n|move|p2a: Krookodile|Crunch|p1a: Orthworm\n|-damage|p1a: Orthworm|53\/100\n|move|p1a: Orthworm|Shed Tail|p1a: Orthworm\n|-start|p1a: Orthworm|Substitute|[from] move: Shed Tail\n|-damage|p1a: Orthworm|3\/100\n|\n|t:|1698771627\n|switch|p1a: Lucario|Lucario, F, shiny|6\/100|[from] Shed Tail\n|\n|upkeep\n|turn|11\n|\n|t:|1698771632\n|move|p1a: Lucario|Earthquake|p2a: Krookodile\n|-crit|p2a: Krookodile\n|-damage|p2a: Krookodile|0 fnt\n|faint|p2a: Krookodile\n|\n|upkeep\n|\n|t:|1698771638\n|switch|p2a: Decidueye|Decidueye, M|100\/100\n|-damage|p2a: Decidueye|88\/100|[from] Stealth Rock\n|turn|12\n|\n|t:|1698771642\n|move|p1a: Lucario|Earthquake|p2a: Decidueye\n|-resisted|p2a: Decidueye\n|-damage|p2a: Decidueye|60\/100\n|move|p2a: Decidueye|Low Sweep|p1a: Lucario\n|-supereffective|p1a: Lucario\n|-end|p1a: Lucario|Substitute\n|\n|upkeep\n|turn|13\n|\n|t:|1698771652\n|move|p1a: Lucario|Earthquake|p2a: Decidueye\n|-resisted|p2a: Decidueye\n|-damage|p2a: Decidueye|32\/100\n|move|p2a: Decidueye|Leaf Blade|p1a: Lucario\n|-resisted|p1a: Lucario\n|-damage|p1a: Lucario|0 fnt\n|faint|p1a: Lucario\n|\n|upkeep\n|\n|t:|1698771658\n|switch|p1a: Copperajah|Copperajah, F, shiny|100\/100\n|turn|14\n|\n|t:|1698771665\n|move|p2a: Decidueye|Spirit Shackle|p1a: Copperajah\n|-damage|p1a: Copperajah|56\/100\n|-activate|p1a: Copperajah|trapped\n|move|p1a: Copperajah|Fissure|p2a: Decidueye|[miss]\n|-miss|p1a: Copperajah|p2a: Decidueye\n|\n|-heal|p1a: Copperajah|63\/100|[from] item: Leftovers\n|upkeep\n|turn|15\n|\n|t:|1698771677\n|move|p2a: Decidueye|Low Sweep|p1a: Copperajah\n|-supereffective|p1a: Copperajah\n|-damage|p1a: Copperajah|17\/100\n|-unboost|p1a: Copperajah|spe|1\n|move|p1a: Copperajah|Rest|p1a: Copperajah\n|-status|p1a: Copperajah|slp|[from] move: Rest\n|-heal|p1a: Copperajah|100\/100 slp|[silent]\n|\n|upkeep\n|turn|16\n|\n|t:|1698771686\n|move|p2a: Decidueye|Low Sweep|p1a: Copperajah\n|-supereffective|p1a: Copperajah\n|-damage|p1a: Copperajah|52\/100 slp\n|-unboost|p1a: Copperajah|spe|1\n|cant|p1a: Copperajah|slp\n|move|p1a: Copperajah|Sleep Talk|p1a: Copperajah\n|move|p1a: Copperajah|Fissure|p2a: Decidueye|[from]move: Sleep Talk|[miss]\n|-miss|p1a: Copperajah|p2a: Decidueye\n|\n|-heal|p1a: Copperajah|58\/100 slp|[from] item: Leftovers\n|upkeep\n|turn|17\n|\n|t:|1698771699\n|move|p2a: Decidueye|Low Sweep|p1a: Copperajah\n|-supereffective|p1a: Copperajah\n|-damage|p1a: Copperajah|9\/100 slp\n|-unboost|p1a: Copperajah|spe|1\n|cant|p1a: Copperajah|slp\n|move|p1a: Copperajah|Sleep Talk|p1a: Copperajah\n|move|p1a: Copperajah|Rest||[from]move: Sleep Talk|[still]\n|-fail|p1a: Copperajah\n|\n|-heal|p1a: Copperajah|15\/100 slp|[from] item: Leftovers\n|upkeep\n|turn|18\n|\n|t:|1698771710\n|move|p2a: Decidueye|Low Sweep|p1a: Copperajah\n|-supereffective|p1a: Copperajah\n|-damage|p1a: Copperajah|0 fnt\n|faint|p1a: Copperajah\n|\n|upkeep\n|\n|t:|1698771714\n|switch|p1a: Orthworm|Orthworm, M, shiny|3\/100\n|turn|19\n|\n|t:|1698771718\n|move|p2a: Decidueye|Spirit Shackle|p1a: Orthworm\n|-damage|p1a: Orthworm|0 fnt\n|faint|p1a: Orthworm\n|\n|upkeep\n|\n|t:|1698771720\n|switch|p1a: Saltynight|Corviknight, M, shiny|100\/100\n|-ability|p1a: Saltynight|Pressure\n|turn|20\n|\n|t:|1698771726\n|move|p2a: Decidueye|Low Sweep|p1a: Saltynight\n|-damage|p1a: Saltynight|80\/100\n|-unboost|p1a: Saltynight|spe|1\n|move|p1a: Saltynight|Peck|p2a: Decidueye\n|-supereffective|p2a: Decidueye\n|-damage|p2a: Decidueye|4\/100\n|\n|-heal|p1a: Saltynight|87\/100|[from] item: Leftovers\n|upkeep\n|turn|21\n|\n|t:|1698771736\n|move|p2a: Decidueye|Spirit Shackle|p1a: Saltynight\n|-damage|p1a: Saltynight|50\/100\n|-activate|p1a: Saltynight|trapped\n|move|p1a: Saltynight|Bulk Up|p1a: Saltynight\n|-boost|p1a: Saltynight|atk|1\n|-boost|p1a: Saltynight|def|1\n|\n|-heal|p1a: Saltynight|56\/100|[from] item: Leftovers\n|upkeep\n|turn|22\n|\n|t:|1698771746\n|move|p2a: Decidueye|Roost|p2a: Decidueye\n|-heal|p2a: Decidueye|54\/100\n|-singleturn|p2a: Decidueye|move: Roost\n|move|p1a: Saltynight|Roost|p1a: Saltynight\n|-heal|p1a: Saltynight|100\/100\n|-singleturn|p1a: Saltynight|move: Roost\n|\n|upkeep\n|turn|23\n|\n|t:|1698771753\n|move|p2a: Decidueye|Low Sweep|p1a: Saltynight\n|-damage|p1a: Saltynight|89\/100\n|-unboost|p1a: Saltynight|spe|1\n|move|p1a: Saltynight|Peck|p2a: Decidueye\n|-supereffective|p2a: Decidueye\n|-damage|p2a: Decidueye|15\/100\n|\n|-heal|p1a: Saltynight|95\/100|[from] item: Leftovers\n|upkeep\n|turn|24\n|\n|t:|1698771767\n|move|p2a: Decidueye|Spirit Shackle|p1a: Saltynight\n|-damage|p1a: Saltynight|73\/100\n|move|p1a: Saltynight|Peck|p2a: Decidueye\n|-supereffective|p2a: Decidueye\n|-damage|p2a: Decidueye|0 fnt\n|faint|p2a: Decidueye\n|\n|-heal|p1a: Saltynight|79\/100|[from] item: Leftovers\n|upkeep\n|\n|t:|1698771777\n|switch|p2a: Raichu|Raichu, M|37\/100\n|-damage|p2a: Raichu|24\/100|[from] Stealth Rock\n|turn|25\n|\n|t:|1698771782\n|move|p2a: Raichu|Discharge|p1a: Saltynight\n|-supereffective|p1a: Saltynight\n|-damage|p1a: Saltynight|33\/100\n|-status|p1a: Saltynight|par\n|cant|p1a: Saltynight|par\n|\n|-heal|p1a: Saltynight|39\/100 par|[from] item: Leftovers\n|upkeep\n|turn|26\n|\n|t:|1698771791\n|move|p2a: Raichu|Discharge|p1a: Saltynight\n|-supereffective|p1a: Saltynight\n|-damage|p1a: Saltynight|0 fnt\n|faint|p1a: Saltynight\n|\n|win|gabrinfinito\n|raw|Lucasoduncu's rating: 1140 &rarr; <strong>1115<\/strong><br \/>(-25 for losing)\n|raw|gabrinfinito's rating: 1136 &rarr; <strong>1161<\/strong><br \/>(+25 for winning)\n","uploadtime":1698771794,"views":18,"p1id":"lucasoduncu","p2id":"gabrinfinito","formatid":"gen9anythinggoes","rating":1115,"private":0,"password":""}