{"id":"gen9anythinggoes-1984018126","p1":"brianbass","p2":"dkohli","format":"[Gen 9] Anything Goes","log":"|j|\u2606brianbass\n|j|\u2606dkohli\n|t:|1699210277\n|gametype|singles\n|player|p1|brianbass|benga|1283\n|player|p2|dkohli|2|1368\n|teamsize|p1|6\n|teamsize|p2|6\n|gen|9\n|tier|[Gen 9] Anything Goes\n|rated|\n|rule|HP Percentage Mod: HP is shown in percentages\n|rule|Endless Battle Clause: Forcing endless battles is banned\n|clearpoke\n|poke|p1|Pelipper, F|\n|poke|p1|Kilowattrel, M|\n|poke|p1|Basculegion-F, F|\n|poke|p1|Iron Jugulis|\n|poke|p1|Brute Bonnet|\n|poke|p1|Miraidon|\n|poke|p2|Iron Valiant|\n|poke|p2|Dragapult, M|\n|poke|p2|Iron Treads|\n|poke|p2|Umbreon, M|\n|poke|p2|Electrode-Hisui|\n|poke|p2|Moltres|\n|teampreview\n|inactive|Battle timer is ON: inactive players will automatically lose when time's up. (requested by brianbass)\n|c|\u2606brianbass|uh\n|c|\u2606brianbass|ok\n|c|\u2606brianbass|i posted\n|\n|t:|1699210297\n|start\n|switch|p1a: Iron Jugulis|Iron Jugulis|100\/100\n|switch|p2a: Electrode|Electrode-Hisui|100\/100\n|-enditem|p1a: Iron Jugulis|Booster Energy\n|-activate|p1a: Iron Jugulis|ability: Quark Drive|[fromitem]\n|-start|p1a: Iron Jugulis|quarkdrivespe\n|turn|1\n|c|\u2606brianbass|nope\n|\n|t:|1699210316\n|switch|p2a: Umbreon|Umbreon, M|100\/100\n|move|p1a: Iron Jugulis|Taunt|p2a: Umbreon\n|-start|p2a: Umbreon|move: Taunt\n|\n|upkeep\n|turn|2\n|\n|t:|1699210335\n|move|p1a: Iron Jugulis|Hurricane|p2a: Umbreon\n|-damage|p2a: Umbreon|70\/100\n|move|p2a: Umbreon|Snarl|p1a: Iron Jugulis\n|-resisted|p1a: Iron Jugulis\n|-damage|p1a: Iron Jugulis|92\/100\n|-unboost|p1a: Iron Jugulis|spa|1\n|\n|-heal|p2a: Umbreon|77\/100|[from] item: Leftovers\n|upkeep\n|turn|3\n|c|\u2606brianbass|nani\n|\n|t:|1699210346\n|-end|p1a: Iron Jugulis|Quark Drive|[silent]\n|switch|p1a: Pelipper|Pelipper, F|100\/100\n|-weather|RainDance|[from] ability: Drizzle|[of] p1a: Pelipper\n|move|p2a: Umbreon|Snarl|p1a: Pelipper\n|-damage|p1a: Pelipper|83\/100\n|-unboost|p1a: Pelipper|spa|1\n|\n|-weather|RainDance|[upkeep]\n|-heal|p2a: Umbreon|83\/100|[from] item: Leftovers\n|-end|p2a: Umbreon|move: Taunt\n|upkeep\n|turn|4\n|\n|t:|1699210359\n|move|p2a: Umbreon|Toxic|p1a: Pelipper\n|-status|p1a: Pelipper|tox\n|move|p1a: Pelipper|U-turn|p2a: Umbreon\n|-supereffective|p2a: Umbreon\n|-damage|p2a: Umbreon|69\/100\n|\n|t:|1699210372\n|switch|p1a: Miraidon|Miraidon|100\/100|[from] U-turn\n|-fieldstart|move: Electric Terrain|[from] ability: Hadron Engine|[of] p1a: Miraidon\n|\n|-weather|RainDance|[upkeep]\n|-heal|p2a: Umbreon|76\/100|[from] item: Leftovers\n|upkeep\n|turn|5\n|\n|t:|1699210381\n|switch|p2a: Iron Treads|Iron Treads|100\/100\n|-activate|p2a: Iron Treads|ability: Quark Drive\n|-start|p2a: Iron Treads|quarkdrivespe\n|move|p1a: Miraidon|Electro Drift|p2a: Iron Treads\n|-immune|p2a: Iron Treads\n|\n|-weather|RainDance|[upkeep]\n|upkeep\n|turn|6\n|c|\u2606brianbass|bruh\n|\n|t:|1699210397\n|switch|p1a: Basculegion|Basculegion-F, F, shiny|100\/100\n|move|p2a: Iron Treads|Earthquake|p1a: Basculegion\n|-damage|p1a: Basculegion|37\/100\n|\n|-weather|RainDance|[upkeep]\n|upkeep\n|turn|7\n|c|\u2606brianbass|got u\n|\n|t:|1699210409\n|move|p2a: Iron Treads|Earthquake|p1a: Basculegion\n|-damage|p1a: Basculegion|0 fnt\n|faint|p1a: Basculegion\n|\n|-weather|RainDance|[upkeep]\n|upkeep\n|\n|t:|1699210427\n|switch|p1a: Kilowattrel|Kilowattrel, M|100\/100\n|turn|8\n|c|\u2606brianbass|wthh\n|\n|t:|1699210436\n|move|p2a: Iron Treads|Ice Spinner|p1a: Kilowattrel\n|-supereffective|p1a: Kilowattrel\n|-damage|p1a: Kilowattrel|12\/100\n|-fieldend|move: Electric Terrain\n|-end|p2a: Iron Treads|Quark Drive\n|move|p1a: Kilowattrel|Weather Ball|p2a: Iron Treads\n|-supereffective|p2a: Iron Treads\n|-damage|p2a: Iron Treads|0 fnt\n|faint|p2a: Iron Treads\n|-end|p2a: Iron Treads|Quark Drive|[silent]\n|-damage|p1a: Kilowattrel|2\/100|[from] item: Life Orb\n|\n|-weather|RainDance|[upkeep]\n|upkeep\n|\n|t:|1699210451\n|switch|p2a: Dragapult|Dragapult, M|100\/100\n|turn|9\n|\n|t:|1699210457\n|move|p1a: Kilowattrel|Weather Ball|p2a: Dragapult\n|-resisted|p2a: Dragapult\n|-damage|p2a: Dragapult|58\/100\n|-damage|p1a: Kilowattrel|0 fnt|[from] item: Life Orb\n|faint|p1a: Kilowattrel\n|move|p2a: Dragapult|U-turn|p1: Kilowattrel|[notarget]\n|-fail|p2a: Dragapult\n|\n|-weather|RainDance|[upkeep]\n|upkeep\n|\n|t:|1699210475\n|switch|p1a: Miraidon|Miraidon|100\/100\n|-fieldstart|move: Electric Terrain|[from] ability: Hadron Engine|[of] p1a: Miraidon\n|turn|10\n|\n|t:|1699210480\n|move|p1a: Miraidon|Dragon Pulse|p2a: Dragapult\n|-supereffective|p2a: Dragapult\n|-damage|p2a: Dragapult|0 fnt\n|faint|p2a: Dragapult\n|-damage|p1a: Miraidon|91\/100|[from] item: Life Orb\n|\n|-weather|none\n|upkeep\n|\n|t:|1699210488\n|switch|p2a: Iron Valiant|Iron Valiant|100\/100\n|-activate|p2a: Iron Valiant|ability: Quark Drive\n|-start|p2a: Iron Valiant|quarkdriveatk\n|turn|11\n|\n|t:|1699210506\n|move|p1a: Miraidon|Dazzling Gleam|p2a: Iron Valiant\n|-supereffective|p2a: Iron Valiant\n|-damage|p2a: Iron Valiant|0 fnt\n|faint|p2a: Iron Valiant\n|-end|p2a: Iron Valiant|Quark Drive|[silent]\n|-damage|p1a: Miraidon|81\/100|[from] item: Life Orb\n|\n|upkeep\n|-message|dkohli forfeited.\n|\n|win|brianbass\n|raw|brianbass's rating: 1283 &rarr; <strong>1314<\/strong><br \/>(+31 for winning)\n|raw|dkohli's rating: 1368 &rarr; <strong>1343<\/strong><br \/>(-25 for losing)\n|l|\u2606dkohli\n","uploadtime":1699210537,"views":3,"p1id":"brianbass","p2id":"dkohli","formatid":"gen9anythinggoes","rating":1314,"private":0,"password":""}