{"id":"gen9anythinggoes-1982908929","p1":"Talonflameredwings","p2":"Toke'sMenagrie","format":"[Gen 9] Anything Goes","log":"|j|\u2606Talonflameredwings\n|j|\u2606Toke'sMenagrie\n|t:|1699057465\n|gametype|singles\n|player|p1|Talonflameredwings|ghetsis-gen5bw|\n|player|p2|Toke'sMenagrie|benga|\n|teamsize|p1|6\n|teamsize|p2|6\n|gen|9\n|tier|[Gen 9] Anything Goes\n|rule|HP Percentage Mod: HP is shown in percentages\n|rule|Endless Battle Clause: Forcing endless battles is banned\n|clearpoke\n|poke|p1|Palafin, F|\n|poke|p1|Empoleon, F|\n|poke|p1|Politoed, F|\n|poke|p1|Quaquaval, M|\n|poke|p1|Greninja-*, M|\n|poke|p1|Walking Wake|\n|poke|p2|Ninetales, M|\n|poke|p2|Victreebel, F|\n|poke|p2|Ursaluna-Bloodmoon, M|\n|poke|p2|Cryogonal|\n|poke|p2|Ribombee, F|\n|poke|p2|Jolteon, F|\n|teampreview\n|j| Crabbrawlers\n|\n|t:|1699057509\n|start\n|switch|p1a: Palafin|Palafin, F|100\/100\n|switch|p2a: Toaster|Jolteon, F|100\/100\n|turn|1\n|j| BeatMidlers\n|\n|t:|1699057544\n|detailschange|p1a: Palafin|Palafin-Hero, F\n|switch|p1a: Walking Wake|Walking Wake|100\/100\n|move|p2a: Toaster|Thunderbolt|p1a: Walking Wake\n|-damage|p1a: Walking Wake|69\/100\n|\n|upkeep\n|turn|2\n|\n|t:|1699057586\n|move|p2a: Toaster|Volt Switch|p1a: Walking Wake\n|-damage|p1a: Walking Wake|45\/100\n|\n|t:|1699057596\n|switch|p2a: Lemon-aids|Victreebel, F|100\/100|[from] Volt Switch\n|move|p1a: Walking Wake|Scald|p2a: Lemon-aids\n|-resisted|p2a: Lemon-aids\n|-damage|p2a: Lemon-aids|68\/100\n|-status|p2a: Lemon-aids|brn\n|\n|-damage|p2a: Lemon-aids|62\/100 brn|[from] brn\n|upkeep\n|turn|3\n|j| FerrothornFembots\n|\n|t:|1699057613\n|-end|p1a: Walking Wake|Protosynthesis|[silent]\n|switch|p1a: Empoleon|Empoleon, F|100\/100\n|move|p2a: Lemon-aids|Sludge Bomb|p1a: Empoleon\n|-immune|p1a: Empoleon\n|\n|-damage|p2a: Lemon-aids|56\/100 brn|[from] brn\n|upkeep\n|turn|4\n|c| FerrothornFembots|GLHF\n|\n|t:|1699057634\n|switch|p2a: ShawlBearIt|Ursaluna-Bloodmoon, M|100\/100\n|move|p1a: Empoleon|Stealth Rock|p2a: ShawlBearIt\n|-sidestart|p2: Toke'sMenagrie|move: Stealth Rock\n|\n|upkeep\n|turn|5\n|\n|t:|1699057662\n|move|p2a: ShawlBearIt|Earth Power|p1a: Empoleon\n|-supereffective|p1a: Empoleon\n|-damage|p1a: Empoleon|12\/100\n|move|p1a: Empoleon|Surf|p2a: ShawlBearIt\n|-supereffective|p2a: ShawlBearIt\n|-damage|p2a: ShawlBearIt|0 fnt\n|faint|p2a: ShawlBearIt\n|\n|-heal|p1a: Empoleon|18\/100|[from] item: Leftovers\n|upkeep\n|\n|t:|1699057688\n|switch|p2a: Toaster|Jolteon, F|100\/100\n|turn|6\n|\n|t:|1699057714\n|move|p2a: Toaster|Thunderbolt|p1a: Empoleon\n|-supereffective|p1a: Empoleon\n|-damage|p1a: Empoleon|0 fnt\n|faint|p1a: Empoleon\n|\n|upkeep\n|\n|t:|1699057745\n|switch|p1a: Politoed|Politoed, F|100\/100\n|-weather|RainDance|[from] ability: Drizzle|[of] p1a: Politoed\n|turn|7\n|\n|t:|1699057758\n|-terastallize|p1a: Politoed|Ground\n|move|p2a: Toaster|Thunderbolt|p1a: Politoed\n|-immune|p1a: Politoed\n|move|p1a: Politoed|Earth Power|p2a: Toaster\n|-supereffective|p2a: Toaster\n|-damage|p2a: Toaster|24\/100\n|\n|-weather|RainDance|[upkeep]\n|upkeep\n|turn|8\n|\n|t:|1699057797\n|switch|p2a: Bongrip|Cryogonal|100\/100\n|-damage|p2a: Bongrip|76\/100|[from] Stealth Rock\n|move|p1a: Politoed|Chilling Water|p2a: Bongrip\n|-damage|p2a: Bongrip|59\/100\n|-unboost|p2a: Bongrip|atk|1\n|\n|-weather|RainDance|[upkeep]\n|upkeep\n|turn|9\n|\n|t:|1699057832\n|move|p2a: Bongrip|Freeze-Dry|p1a: Politoed\n|-supereffective|p1a: Politoed\n|-damage|p1a: Politoed|62\/100\n|move|p1a: Politoed|Weather Ball|p2a: Bongrip\n|-damage|p2a: Bongrip|26\/100\n|\n|-weather|RainDance|[upkeep]\n|upkeep\n|turn|10\n|\n|t:|1699057854\n|move|p2a: Bongrip|Recover|p2a: Bongrip\n|-heal|p2a: Bongrip|76\/100\n|move|p1a: Politoed|Weather Ball|p2a: Bongrip\n|-damage|p2a: Bongrip|43\/100\n|\n|-weather|RainDance|[upkeep]\n|upkeep\n|turn|11\n|\n|t:|1699057869\n|switch|p1a: Palafin|Palafin-Hero, F|100\/100\n|-activate|p1a: Palafin|ability: Zero to Hero\n|move|p2a: Bongrip|Recover|p2a: Bongrip\n|-heal|p2a: Bongrip|93\/100\n|\n|-weather|RainDance|[upkeep]\n|upkeep\n|turn|12\n|\n|t:|1699057884\n|move|p2a: Bongrip|Freeze-Dry|p1a: Palafin\n|-supereffective|p1a: Palafin\n|-crit|p1a: Palafin\n|-damage|p1a: Palafin|21\/100\n|move|p1a: Palafin|Drain Punch|p2a: Bongrip\n|-supereffective|p2a: Bongrip\n|-damage|p2a: Bongrip|0 fnt\n|-heal|p1a: Palafin|70\/100|[from] drain|[of] p2a: Bongrip\n|faint|p2a: Bongrip\n|\n|-weather|RainDance|[upkeep]\n|upkeep\n|\n|t:|1699057896\n|switch|p2a: Vinetales|Ninetales, M|100\/100\n|-damage|p2a: Vinetales|76\/100|[from] Stealth Rock\n|-weather|SunnyDay|[from] ability: Drought|[of] p2a: Vinetales\n|turn|13\n|\n|t:|1699057908\n|switch|p1a: Politoed|Politoed, F, tera:Ground|62\/100\n|-weather|RainDance|[from] ability: Drizzle|[of] p1a: Politoed\n|-terastallize|p2a: Vinetales|Grass\n|move|p2a: Vinetales|Solar Beam||[still]\n|-prepare|p2a: Vinetales|Solar Beam\n|\n|-weather|RainDance|[upkeep]\n|upkeep\n|turn|14\n|\n|t:|1699057926\n|move|p2a: Vinetales|Solar Beam|p1a: Politoed|[from]lockedmove\n|-supereffective|p1a: Politoed\n|-damage|p1a: Politoed|23\/100\n|move|p1a: Politoed|Earth Power|p2a: Vinetales\n|-resisted|p2a: Vinetales\n|-damage|p2a: Vinetales|62\/100\n|\n|-weather|RainDance|[upkeep]\n|upkeep\n|turn|15\n|\n|t:|1699057938\n|move|p2a: Vinetales|Solar Beam||[still]\n|-prepare|p2a: Vinetales|Solar Beam\n|move|p1a: Politoed|Weather Ball|p2a: Vinetales\n|-resisted|p2a: Vinetales\n|-damage|p2a: Vinetales|39\/100\n|\n|-weather|RainDance|[upkeep]\n|upkeep\n|turn|16\n|\n|t:|1699057961\n|switch|p1a: Walking Wake|Walking Wake|45\/100\n|move|p2a: Vinetales|Solar Beam|p1a: Walking Wake|[from]lockedmove\n|-damage|p1a: Walking Wake|30\/100\n|\n|-weather|RainDance|[upkeep]\n|upkeep\n|turn|17\n|\n|t:|1699057980\n|switch|p2a: NaviWarm|Ribombee, F|100\/100\n|-damage|p2a: NaviWarm|76\/100|[from] Stealth Rock\n|move|p1a: Walking Wake|Hurricane|p2a: NaviWarm\n|-supereffective|p2a: NaviWarm\n|-damage|p2a: NaviWarm|0 fnt\n|faint|p2a: NaviWarm\n|\n|-weather|RainDance|[upkeep]\n|upkeep\n|\n|t:|1699057993\n|switch|p2a: Toaster|Jolteon, F|24\/100\n|turn|18\n|\n|t:|1699058008\n|-end|p1a: Walking Wake|Protosynthesis|[silent]\n|switch|p1a: Politoed|Politoed, F, tera:Ground|23\/100\n|move|p2a: Toaster|Thunderbolt|p1a: Politoed\n|-immune|p1a: Politoed\n|\n|-weather|RainDance|[upkeep]\n|upkeep\n|turn|19\n|\n|t:|1699058024\n|move|p1a: Politoed|Ice Beam|p2a: Toaster\n|-damage|p2a: Toaster|0 fnt\n|faint|p2a: Toaster\n|\n|-weather|RainDance|[upkeep]\n|upkeep\n|\n|t:|1699058029\n|switch|p2a: Vinetales|Ninetales, M, tera:Grass|39\/100\n|-damage|p2a: Vinetales|27\/100|[from] Stealth Rock\n|-weather|SunnyDay|[from] ability: Drought|[of] p2a: Vinetales\n|turn|20\n|\n|t:|1699058039\n|move|p2a: Vinetales|Solar Beam||[still]\n|-prepare|p2a: Vinetales|Solar Beam\n|-anim|p2a: Vinetales|Solar Beam|p1a: Politoed\n|-supereffective|p1a: Politoed\n|-damage|p1a: Politoed|0 fnt\n|faint|p1a: Politoed\n|\n|-weather|SunnyDay|[upkeep]\n|upkeep\n|\n|t:|1699058045\n|switch|p1a: Walking Wake|Walking Wake|30\/100\n|-activate|p1a: Walking Wake|ability: Protosynthesis\n|-start|p1a: Walking Wake|protosynthesisspe\n|turn|21\n|\n|t:|1699058055\n|move|p1a: Walking Wake|Flamethrower|p2a: Vinetales\n|-supereffective|p2a: Vinetales\n|-damage|p2a: Vinetales|0 fnt\n|faint|p2a: Vinetales\n|\n|-weather|SunnyDay|[upkeep]\n|upkeep\n|\n|t:|1699058061\n|switch|p2a: Lemon-aids|Victreebel, F|56\/100 brn\n|-damage|p2a: Lemon-aids|43\/100 brn|[from] Stealth Rock\n|turn|22\n|\n|t:|1699058070\n|move|p1a: Walking Wake|Flamethrower|p2a: Lemon-aids\n|-supereffective|p2a: Lemon-aids\n|-damage|p2a: Lemon-aids|0 fnt\n|faint|p2a: Lemon-aids\n|\n|win|Talonflameredwings\n|l|\u2606Toke'sMenagrie\n","uploadtime":1699058089,"views":10,"p1id":"talonflameredwings","p2id":"tokesmenagrie","formatid":"gen9anythinggoes","rating":0,"private":0,"password":""}