{"id":"gen9anythinggoes-1986230161","p1":"Da1ba Nana","p2":"kad357","format":"[Gen 9] Anything Goes","log":"|j|\u2606Da1ba Nana\n|j|\u2606kad357\n|t:|1699461735\n|gametype|singles\n|player|p1|Da1ba Nana|baker|1112\n|player|p2|kad357|fisherman-gen4|1047\n|teamsize|p1|6\n|teamsize|p2|6\n|gen|9\n|tier|[Gen 9] Anything Goes\n|rated|\n|rule|HP Percentage Mod: HP is shown in percentages\n|rule|Endless Battle Clause: Forcing endless battles is banned\n|clearpoke\n|poke|p1|Heracross, M|\n|poke|p1|Blissey, F|\n|poke|p1|Bellibolt, M|\n|poke|p1|Infernape, M|\n|poke|p1|Sandslash-Alola, M|\n|poke|p1|Vigoroth, M|\n|poke|p2|Dragonite, F|\n|poke|p2|Torkoal, F|\n|poke|p2|Dragapult, M|\n|poke|p2|Zamazenta-*|\n|poke|p2|Cinderace, F|\n|poke|p2|Kingambit, M|\n|teampreview\n|c|\u2606kad357|hi\n|\n|t:|1699461741\n|start\n|switch|p1a: Blissey|Blissey, F|100\/100\n|switch|p2a: turt|Torkoal, F|100\/100\n|-weather|SunnyDay|[from] ability: Drought|[of] p2a: turt\n|turn|1\n|c|\u2606Da1ba Nana|hello\n|\n|t:|1699461761\n|move|p1a: Blissey|Trick|p2a: turt\n|-activate|p1a: Blissey|move: Trick|[of] p2a: turt\n|-item|p2a: turt|Choice Specs|[from] move: Trick\n|-item|p1a: Blissey|Heat Rock|[from] move: Trick\n|move|p2a: turt|Earthquake|p1a: Blissey\n|-damage|p1a: Blissey|43\/100\n|\n|-weather|SunnyDay|[upkeep]\n|upkeep\n|turn|2\n|\n|t:|1699461769\n|switch|p1a: Vigoroth|Vigoroth, M|100\/100\n|move|p2a: turt|Earthquake|p1a: Vigoroth\n|-damage|p1a: Vigoroth|78\/100\n|\n|-weather|SunnyDay|[upkeep]\n|upkeep\n|turn|3\n|\n|t:|1699461777\n|move|p1a: Vigoroth|Bulk Up|p1a: Vigoroth\n|-boost|p1a: Vigoroth|atk|1\n|-boost|p1a: Vigoroth|def|1\n|move|p2a: turt|Earthquake|p1a: Vigoroth\n|-crit|p1a: Vigoroth\n|-damage|p1a: Vigoroth|45\/100\n|\n|-weather|SunnyDay|[upkeep]\n|upkeep\n|turn|4\n|\n|t:|1699461785\n|move|p1a: Vigoroth|Slack Off|p1a: Vigoroth\n|-heal|p1a: Vigoroth|95\/100\n|move|p2a: turt|Earthquake|p1a: Vigoroth\n|-damage|p1a: Vigoroth|81\/100\n|\n|-weather|SunnyDay|[upkeep]\n|upkeep\n|turn|5\n|\n|t:|1699461793\n|move|p1a: Vigoroth|Bulk Up|p1a: Vigoroth\n|-boost|p1a: Vigoroth|atk|1\n|-boost|p1a: Vigoroth|def|1\n|move|p2a: turt|Earthquake|p1a: Vigoroth\n|-damage|p1a: Vigoroth|69\/100\n|\n|-weather|SunnyDay|[upkeep]\n|upkeep\n|turn|6\n|\n|t:|1699461805\n|switch|p2a: Dragon thing|Dragonite, F|100\/100\n|move|p1a: Vigoroth|Facade|p2a: Dragon thing\n|-damage|p2a: Dragon thing|76\/100\n|\n|-weather|SunnyDay|[upkeep]\n|upkeep\n|turn|7\n|\n|t:|1699461814\n|move|p2a: Dragon thing|Extreme Speed|p1a: Vigoroth\n|-damage|p1a: Vigoroth|56\/100\n|move|p1a: Vigoroth|Facade|p2a: Dragon thing\n|-damage|p2a: Dragon thing|30\/100\n|\n|-weather|SunnyDay|[upkeep]\n|upkeep\n|turn|8\n|\n|t:|1699461822\n|move|p2a: Dragon thing|Fire Punch|p1a: Vigoroth\n|-damage|p1a: Vigoroth|40\/100\n|move|p1a: Vigoroth|Slack Off|p1a: Vigoroth\n|-heal|p1a: Vigoroth|90\/100\n|\n|-weather|none\n|upkeep\n|turn|9\n|\n|t:|1699461832\n|move|p2a: Dragon thing|Extreme Speed|p1a: Vigoroth\n|-damage|p1a: Vigoroth|78\/100\n|move|p1a: Vigoroth|Facade|p2a: Dragon thing\n|-damage|p2a: Dragon thing|0 fnt\n|faint|p2a: Dragon thing\n|\n|upkeep\n|\n|t:|1699461846\n|switch|p2a: turt|Torkoal, F|100\/100\n|-weather|SunnyDay|[from] ability: Drought|[of] p2a: turt\n|turn|10\n|\n|t:|1699461856\n|move|p1a: Vigoroth|Facade|p2a: turt\n|-damage|p2a: turt|68\/100\n|move|p2a: turt|Stealth Rock|p1a: Vigoroth\n|-sidestart|p1: Da1ba Nana|move: Stealth Rock\n|\n|-weather|SunnyDay|[upkeep]\n|upkeep\n|turn|11\n|\n|t:|1699461865\n|switch|p1a: Bellibolt|Bellibolt, M|100\/100\n|-damage|p1a: Bellibolt|88\/100|[from] Stealth Rock\n|move|p2a: turt|Stealth Rock||[still]\n|-fail|p2a: turt\n|\n|-weather|SunnyDay|[upkeep]\n|-heal|p1a: Bellibolt|94\/100|[from] item: Leftovers\n|upkeep\n|turn|12\n|\n|t:|1699461880\n|move|p1a: Bellibolt|Thunder Wave|p2a: turt\n|-status|p2a: turt|par\n|move|p2a: turt|Stealth Rock||[still]\n|-fail|p2a: turt\n|\n|-weather|SunnyDay|[upkeep]\n|-heal|p1a: Bellibolt|100\/100|[from] item: Leftovers\n|upkeep\n|turn|13\n|\n|t:|1699461892\n|move|p1a: Bellibolt|Thunderbolt|p2a: turt\n|-crit|p2a: turt\n|-damage|p2a: turt|0 fnt\n|faint|p2a: turt\n|\n|-weather|SunnyDay|[upkeep]\n|upkeep\n|\n|t:|1699461900\n|switch|p2a: lizard|Dragapult, M|100\/100\n|turn|14\n|\n|t:|1699461905\n|move|p2a: lizard|Substitute|p2a: lizard\n|-start|p2a: lizard|Substitute\n|-damage|p2a: lizard|76\/100\n|move|p1a: Bellibolt|Thunder Wave||[still]\n|-fail|p1a: Bellibolt\n|\n|-weather|none\n|-heal|p2a: lizard|82\/100|[from] item: Leftovers\n|upkeep\n|turn|15\n|\n|t:|1699461913\n|move|p2a: lizard|Dragon Darts|p1a: Bellibolt\n|-crit|p1a: Bellibolt\n|-damage|p1a: Bellibolt|80\/100\n|-start|p1a: Bellibolt|Charge|Dragon Darts|[from] ability: Electromorphosis\n|-anim|p2a: lizard|Dragon Darts|p1a: Bellibolt\n|-damage|p1a: Bellibolt|67\/100\n|-start|p1a: Bellibolt|Charge|Dragon Darts|[from] ability: Electromorphosis\n|move|p1a: Bellibolt|Thunderbolt|p2a: lizard\n|-resisted|p2a: lizard\n|-end|p2a: lizard|Substitute\n|-end|p1a: Bellibolt|Charge|[silent]\n|\n|-heal|p2a: lizard|88\/100|[from] item: Leftovers\n|-heal|p1a: Bellibolt|73\/100|[from] item: Leftovers\n|upkeep\n|turn|16\n|\n|t:|1699461928\n|switch|p1a: Sandslash|Sandslash-Alola, M|100\/100\n|-damage|p1a: Sandslash|88\/100|[from] Stealth Rock\n|move|p2a: lizard|Substitute|p2a: lizard\n|-start|p2a: lizard|Substitute\n|-damage|p2a: lizard|63\/100\n|\n|-heal|p2a: lizard|69\/100|[from] item: Leftovers\n|upkeep\n|turn|17\n|\n|t:|1699461937\n|move|p2a: lizard|Dragon Darts|p1a: Sandslash\n|-resisted|p1a: Sandslash\n|-damage|p1a: Sandslash|77\/100\n|-anim|p2a: lizard|Dragon Darts|p1a: Sandslash\n|-resisted|p1a: Sandslash\n|-damage|p1a: Sandslash|66\/100\n|move|p1a: Sandslash|Icicle Spear|p2a: lizard\n|-supereffective|p2a: lizard\n|-end|p2a: lizard|Substitute\n|-supereffective|p2a: lizard\n|-damage|p2a: lizard|32\/100\n|-supereffective|p2a: lizard\n|-damage|p2a: lizard|0 fnt\n|faint|p2a: lizard\n|-hitcount|p2: lizard|3\n|\n|upkeep\n|c|\u2606kad357|flip yu\n|\n|t:|1699461955\n|switch|p2a: bark bark|Zamazenta|100\/100\n|-ability|p2a: bark bark|Dauntless Shield|boost\n|-boost|p2a: bark bark|def|1\n|turn|18\n|\n|t:|1699461960\n|switch|p1a: Bellibolt|Bellibolt, M|73\/100\n|-damage|p1a: Bellibolt|61\/100|[from] Stealth Rock\n|move|p2a: bark bark|Crunch|p1a: Bellibolt\n|-damage|p1a: Bellibolt|45\/100\n|-unboost|p1a: Bellibolt|def|1\n|-start|p1a: Bellibolt|Charge|Crunch|[from] ability: Electromorphosis\n|\n|-heal|p1a: Bellibolt|51\/100|[from] item: Leftovers\n|upkeep\n|turn|19\n|\n|t:|1699461974\n|move|p2a: bark bark|Stone Edge|p1a: Bellibolt\n|-crit|p1a: Bellibolt\n|-damage|p1a: Bellibolt|5\/100\n|-start|p1a: Bellibolt|Charge|Stone Edge|[from] ability: Electromorphosis\n|move|p1a: Bellibolt|Thunder Wave|p2a: bark bark|[miss]\n|-miss|p1a: Bellibolt|p2a: bark bark\n|-end|p1a: Bellibolt|Charge|[silent]\n|\n|-heal|p1a: Bellibolt|11\/100|[from] item: Leftovers\n|upkeep\n|turn|20\n|\n|t:|1699461984\n|move|p2a: bark bark|Stone Edge|p1a: Bellibolt\n|-damage|p1a: Bellibolt|0 fnt\n|faint|p1a: Bellibolt\n|\n|upkeep\n|\n|t:|1699461986\n|switch|p1a: Vigoroth|Vigoroth, M|78\/100\n|-damage|p1a: Vigoroth|66\/100|[from] Stealth Rock\n|turn|21\n|\n|t:|1699461992\n|-terastallize|p1a: Vigoroth|Ghost\n|move|p2a: bark bark|Stone Edge|p1a: Vigoroth\n|-damage|p1a: Vigoroth|40\/100\n|move|p1a: Vigoroth|Bulk Up|p1a: Vigoroth\n|-boost|p1a: Vigoroth|atk|1\n|-boost|p1a: Vigoroth|def|1\n|\n|upkeep\n|turn|22\n|\n|t:|1699462001\n|move|p2a: bark bark|Close Combat|p1a: Vigoroth\n|-immune|p1a: Vigoroth\n|move|p1a: Vigoroth|Slack Off|p1a: Vigoroth\n|-heal|p1a: Vigoroth|90\/100\n|\n|upkeep\n|turn|23\n|\n|t:|1699462008\n|move|p2a: bark bark|Heavy Slam|p1a: Vigoroth\n|-damage|p1a: Vigoroth|73\/100\n|move|p1a: Vigoroth|Bulk Up|p1a: Vigoroth\n|-boost|p1a: Vigoroth|atk|1\n|-boost|p1a: Vigoroth|def|1\n|\n|upkeep\n|turn|24\n|\n|t:|1699462016\n|move|p2a: bark bark|Stone Edge|p1a: Vigoroth\n|-damage|p1a: Vigoroth|61\/100\n|move|p1a: Vigoroth|Bulk Up|p1a: Vigoroth\n|-boost|p1a: Vigoroth|atk|1\n|-boost|p1a: Vigoroth|def|1\n|\n|upkeep\n|turn|25\n|\n|t:|1699462024\n|move|p2a: bark bark|Crunch|p1a: Vigoroth\n|-supereffective|p1a: Vigoroth\n|-damage|p1a: Vigoroth|45\/100\n|move|p1a: Vigoroth|Bulk Up|p1a: Vigoroth\n|-boost|p1a: Vigoroth|atk|1\n|-boost|p1a: Vigoroth|def|1\n|\n|upkeep\n|turn|26\n|\n|t:|1699462031\n|move|p2a: bark bark|Crunch|p1a: Vigoroth\n|-supereffective|p1a: Vigoroth\n|-damage|p1a: Vigoroth|32\/100\n|-unboost|p1a: Vigoroth|def|1\n|move|p1a: Vigoroth|Bulk Up|p1a: Vigoroth\n|-boost|p1a: Vigoroth|atk|1\n|-boost|p1a: Vigoroth|def|1\n|\n|upkeep\n|turn|27\n|\n|t:|1699462039\n|move|p2a: bark bark|Crunch|p1a: Vigoroth\n|-supereffective|p1a: Vigoroth\n|-damage|p1a: Vigoroth|18\/100\n|move|p1a: Vigoroth|Slack Off|p1a: Vigoroth\n|-heal|p1a: Vigoroth|68\/100\n|\n|upkeep\n|turn|28\n|\n|t:|1699462045\n|move|p2a: bark bark|Crunch|p1a: Vigoroth\n|-supereffective|p1a: Vigoroth\n|-damage|p1a: Vigoroth|55\/100\n|move|p1a: Vigoroth|Bulk Up|p1a: Vigoroth\n|-boost|p1a: Vigoroth|atk|1\n|-boost|p1a: Vigoroth|def|1\n|\n|upkeep\n|turn|29\n|\n|t:|1699462052\n|move|p2a: bark bark|Crunch|p1a: Vigoroth\n|-supereffective|p1a: Vigoroth\n|-damage|p1a: Vigoroth|43\/100\n|move|p1a: Vigoroth|Low Kick|p2a: bark bark\n|-damage|p2a: bark bark|43\/100\n|\n|upkeep\n|turn|30\n|\n|t:|1699462059\n|move|p2a: bark bark|Crunch|p1a: Vigoroth\n|-supereffective|p1a: Vigoroth\n|-damage|p1a: Vigoroth|31\/100\n|move|p1a: Vigoroth|Slack Off|p1a: Vigoroth\n|-heal|p1a: Vigoroth|81\/100\n|\n|upkeep\n|turn|31\n|\n|t:|1699462067\n|move|p2a: bark bark|Crunch|p1a: Vigoroth\n|-supereffective|p1a: Vigoroth\n|-damage|p1a: Vigoroth|69\/100\n|move|p1a: Vigoroth|Low Kick|p2a: bark bark\n|-damage|p2a: bark bark|0 fnt\n|faint|p2a: bark bark\n|\n|upkeep\n|\n|t:|1699462075\n|switch|p2a: bunny|Cinderace, F|100\/100\n|turn|32\n|\n|t:|1699462080\n|move|p2a: bunny|Pyro Ball|p1a: Vigoroth\n|-damage|p1a: Vigoroth|57\/100\n|move|p1a: Vigoroth|Facade|p2a: bunny\n|-damage|p2a: bunny|0 fnt\n|faint|p2a: bunny\n|\n|upkeep\n|\n|t:|1699462090\n|switch|p2a: me frfr|Kingambit, M|100\/100\n|-activate|p2a: me frfr|ability: Supreme Overlord\n|-start|p2a: me frfr|fallen5|[silent]\n|turn|33\n|\n|t:|1699462097\n|move|p1a: Vigoroth|Low Kick|p2a: me frfr\n|-supereffective|p2a: me frfr\n|-damage|p2a: me frfr|0 fnt\n|faint|p2a: me frfr\n|-end|p2a: me frfr|fallen5|[silent]\n|\n|win|Da1ba Nana\n|raw|Da1ba Nana's rating: 1112 &rarr; <strong>1132<\/strong><br \/>(+20 for winning)\n|raw|kad357's rating: 1047 &rarr; <strong>1033<\/strong><br \/>(-14 for losing)\n","uploadtime":1699462101,"views":11,"p1id":"da1banana","p2id":"kad357","formatid":"gen9anythinggoes","rating":1033,"private":0,"password":""}