{"id":"gen9anythinggoes-1988705761","p1":"ymmwinaround","p2":"AGisgood\u82cd\u54cd\u4fa0","format":"[Gen 9] Anything Goes","log":"|j|\u2606ymmwinaround\n|j|\u2606AGisgood\u82cd\u54cd\u4fa0\n|t:|1699752932\n|gametype|singles\n|player|p1|ymmwinaround|jogger|1739\n|player|p2|AGisgood\u82cd\u54cd\u4fa0|cowgirl|1757\n|teamsize|p1|6\n|teamsize|p2|6\n|gen|9\n|tier|[Gen 9] Anything Goes\n|rated|\n|rule|HP Percentage Mod: HP is shown in percentages\n|rule|Endless Battle Clause: Forcing endless battles is banned\n|clearpoke\n|poke|p1|Arceus-Fairy|\n|poke|p1|Ting-Lu|\n|poke|p1|Koraidon|\n|poke|p1|Arceus|\n|poke|p1|Calyrex-Shadow|\n|poke|p1|Toxapex, F|\n|poke|p2|Kyogre|\n|poke|p2|Calyrex-Ice|\n|poke|p2|Arceus|\n|poke|p2|Arceus-Fairy|\n|poke|p2|Koraidon|\n|poke|p2|Ursaluna-Bloodmoon, M|\n|teampreview\n|inactive|Battle timer is ON: inactive players will automatically lose when time's up. (requested by AGisgood\u82cd\u54cd\u4fa0)\n|\n|t:|1699752959\n|start\n|switch|p1a: Koraidon|Koraidon|100\/100\n|switch|p2a: Koraidon|Koraidon|100\/100\n|-weather|SunnyDay|[from] ability: Orichalcum Pulse|[of] p2a: Koraidon\n|-activate|p2a: Koraidon|Orichalcum Pulse|[source]\n|-activate|p1a: Koraidon|ability: Orichalcum Pulse\n|turn|1\n|\n|t:|1699752974\n|switch|p1a: Toxapex|Toxapex, F|100\/100\n|move|p2a: Koraidon|U-turn|p1a: Toxapex\n|-resisted|p1a: Toxapex\n|-damage|p1a: Toxapex|91\/100\n|-damage|p2a: Koraidon|84\/100|[from] item: Rocky Helmet|[of] p1a: Toxapex\n|\n|t:|1699752982\n|switch|p2a: Kyogre|Kyogre|100\/100|[from] U-turn\n|-weather|RainDance|[from] ability: Drizzle|[of] p2a: Kyogre\n|\n|-weather|RainDance|[upkeep]\n|upkeep\n|turn|2\n|\n|t:|1699752992\n|switch|p1a: Koraidon|Koraidon|100\/100\n|-weather|SunnyDay|[from] ability: Orichalcum Pulse|[of] p1a: Koraidon\n|-activate|p1a: Koraidon|Orichalcum Pulse|[source]\n|move|p2a: Kyogre|Ice Beam|p1a: Koraidon\n|-supereffective|p1a: Koraidon\n|-damage|p1a: Koraidon|0 fnt\n|faint|p1a: Koraidon\n|\n|-weather|SunnyDay|[upkeep]\n|upkeep\n|\n|t:|1699753007\n|switch|p1a: Calyrex|Calyrex-Shadow|100\/100\n|-ability|p1a: Calyrex|As One\n|-ability|p1a: Calyrex|Unnerve\n|turn|3\n|\n|t:|1699753015\n|switch|p2a: Arceus|Arceus|100\/100\n|move|p1a: Calyrex|Psyshock|p2a: Arceus\n|-damage|p2a: Arceus|61\/100\n|\n|-weather|SunnyDay|[upkeep]\n|upkeep\n|turn|4\n|\n|t:|1699753020\n|switch|p1a: Toxapex|Toxapex, F|100\/100\n|move|p2a: Arceus|Trick Room|p2a: Arceus\n|-fieldstart|move: Trick Room|[of] p2a: Arceus\n|\n|-weather|SunnyDay|[upkeep]\n|upkeep\n|turn|5\n|\n|t:|1699753028\n|move|p1a: Toxapex|Toxic|p2a: Arceus\n|-status|p2a: Arceus|tox\n|move|p2a: Arceus|Healing Wish|p2a: Arceus\n|faint|p2a: Arceus\n|\n|-weather|SunnyDay|[upkeep]\n|upkeep\n|\n|t:|1699753033\n|switch|p2a: Ursaluna|Ursaluna-Bloodmoon, M|100\/100\n|turn|6\n|\n|t:|1699753040\n|switch|p1a: Ting-Lu|Ting-Lu|100\/100\n|-ability|p1a: Ting-Lu|Vessel of Ruin\n|move|p2a: Ursaluna|Earth Power|p1a: Ting-Lu\n|-damage|p1a: Ting-Lu|69\/100\n|-unboost|p1a: Ting-Lu|spd|1\n|-damage|p2a: Ursaluna|90\/100|[from] item: Life Orb\n|\n|-weather|none\n|-heal|p1a: Ting-Lu|75\/100|[from] item: Leftovers\n|upkeep\n|turn|7\n|\n|t:|1699753048\n|switch|p1a: Arceus|Arceus|100\/100\n|move|p2a: Ursaluna|Blood Moon|p1a: Arceus\n|-damage|p1a: Arceus|37\/100\n|-damage|p2a: Ursaluna|80\/100|[from] item: Life Orb\n|\n|upkeep\n|turn|8\n|\n|t:|1699753073\n|switch|p1a: Calyrex|Calyrex-Shadow|100\/100\n|-ability|p1a: Calyrex|As One\n|-ability|p1a: Calyrex|Unnerve\n|move|p2a: Ursaluna|Hyper Voice|p1a: Calyrex\n|-damage|p1a: Calyrex|34\/100\n|-damage|p2a: Ursaluna|70\/100|[from] item: Life Orb\n|\n|-fieldend|move: Trick Room\n|upkeep\n|turn|9\n|\n|t:|1699753083\n|switch|p2a: Arceus|Arceus-Fairy|100\/100\n|move|p1a: Calyrex|Trick||[still]\n|-fail|p1a: Calyrex\n|\n|upkeep\n|turn|10\n|\n|t:|1699753089\n|switch|p1a: Toxapex|Toxapex, F|100\/100\n|move|p2a: Arceus|Judgment|p1a: Toxapex\n|-resisted|p1a: Toxapex\n|-damage|p1a: Toxapex|82\/100\n|\n|upkeep\n|turn|11\n|j| yahhhhhhhh\n|\n|t:|1699753112\n|switch|p2a: Ursaluna|Ursaluna-Bloodmoon, M|70\/100\n|-heal|p2a: Ursaluna|100\/100|[from] move: Healing Wish\n|move|p1a: Toxapex|Toxic|p2a: Ursaluna\n|-status|p2a: Ursaluna|tox\n|\n|-damage|p2a: Ursaluna|94\/100 tox|[from] psn\n|upkeep\n|turn|12\n|\n|t:|1699753121\n|switch|p1a: Ting-Lu|Ting-Lu|75\/100\n|-ability|p1a: Ting-Lu|Vessel of Ruin\n|move|p2a: Ursaluna|Earth Power|p1a: Ting-Lu\n|-damage|p1a: Ting-Lu|45\/100\n|-damage|p2a: Ursaluna|84\/100 tox|[from] item: Life Orb\n|\n|-heal|p1a: Ting-Lu|52\/100|[from] item: Leftovers\n|-damage|p2a: Ursaluna|72\/100 tox|[from] psn\n|upkeep\n|turn|13\n|\n|t:|1699753135\n|move|p1a: Ting-Lu|Spikes|p2a: Ursaluna\n|-sidestart|p2: AGisgood\u82cd\u54cd\u4fa0|Spikes\n|move|p2a: Ursaluna|Blood Moon|p1a: Ting-Lu\n|-damage|p1a: Ting-Lu|10\/100\n|-damage|p2a: Ursaluna|62\/100 tox|[from] item: Life Orb\n|\n|-heal|p1a: Ting-Lu|16\/100|[from] item: Leftovers\n|-damage|p2a: Ursaluna|44\/100 tox|[from] psn\n|upkeep\n|turn|14\n|l| yahhhhhhhh\n|\n|t:|1699753157\n|switch|p1a: Arceus|Arceus-Fairy|100\/100\n|move|p2a: Ursaluna|Hyper Voice|p1a: Arceus\n|-damage|p1a: Arceus|56\/100\n|-damage|p2a: Ursaluna|34\/100 tox|[from] item: Life Orb\n|\n|-damage|p2a: Ursaluna|10\/100 tox|[from] psn\n|upkeep\n|turn|15\n|\n|t:|1699753164\n|switch|p2a: Calyrex|Calyrex-Ice|100\/100\n|-ability|p2a: Calyrex|As One\n|-ability|p2a: Calyrex|Unnerve\n|-damage|p2a: Calyrex|88\/100|[from] Spikes\n|move|p1a: Arceus|Recover|p1a: Arceus\n|-heal|p1a: Arceus|100\/100\n|\n|upkeep\n|turn|16\n|\n|t:|1699753168\n|-terastallize|p2a: Calyrex|Ice\n|move|p1a: Arceus|Will-O-Wisp|p2a: Calyrex\n|-status|p2a: Calyrex|brn\n|move|p2a: Calyrex|Glacial Lance|p1a: Arceus\n|-damage|p1a: Arceus|59\/100\n|\n|-damage|p2a: Calyrex|82\/100 brn|[from] brn\n|upkeep\n|turn|17\n|\n|t:|1699753177\n|switch|p2a: Kyogre|Kyogre|100\/100\n|-damage|p2a: Kyogre|88\/100|[from] Spikes\n|-weather|RainDance|[from] ability: Drizzle|[of] p2a: Kyogre\n|move|p1a: Arceus|Judgment|p2a: Kyogre\n|-damage|p2a: Kyogre|55\/100\n|\n|-weather|RainDance|[upkeep]\n|upkeep\n|turn|18\n|\n|t:|1699753185\n|switch|p1a: Toxapex|Toxapex, F|100\/100\n|move|p2a: Kyogre|Origin Pulse|p1a: Toxapex\n|-resisted|p1a: Toxapex\n|-damage|p1a: Toxapex|37\/100\n|\n|-weather|RainDance|[upkeep]\n|upkeep\n|turn|19\n|\n|t:|1699753192\n|switch|p1a: Ting-Lu|Ting-Lu|16\/100\n|-ability|p1a: Ting-Lu|Vessel of Ruin\n|move|p2a: Kyogre|Origin Pulse|p1a: Ting-Lu\n|-supereffective|p1a: Ting-Lu\n|-damage|p1a: Ting-Lu|0 fnt\n|faint|p1a: Ting-Lu\n|\n|-weather|RainDance|[upkeep]\n|upkeep\n|\n|t:|1699753204\n|switch|p1a: Calyrex|Calyrex-Shadow|34\/100\n|-ability|p1a: Calyrex|As One\n|-ability|p1a: Calyrex|Unnerve\n|turn|20\n|\n|t:|1699753212\n|switch|p2a: Arceus|Arceus-Fairy|100\/100\n|-damage|p2a: Arceus|88\/100|[from] Spikes\n|move|p1a: Calyrex|Astral Barrage|p2a: Arceus\n|-damage|p2a: Arceus|29\/100\n|\n|-weather|RainDance|[upkeep]\n|upkeep\n|turn|21\n|\n|t:|1699753223\n|switch|p1a: Arceus|Arceus|37\/100\n|switch|p2a: Ursaluna|Ursaluna-Bloodmoon, M|10\/100 tox\n|-damage|p2a: Ursaluna|0 fnt|[from] Spikes\n|faint|p2a: Ursaluna\n|\n|-weather|none\n|upkeep\n|\n|t:|1699753228\n|switch|p2a: Koraidon|Koraidon|84\/100\n|-damage|p2a: Koraidon|72\/100|[from] Spikes\n|-weather|SunnyDay|[from] ability: Orichalcum Pulse|[of] p2a: Koraidon\n|-activate|p2a: Koraidon|Orichalcum Pulse|[source]\n|turn|22\n|\n|t:|1699753240\n|move|p2a: Koraidon|Flare Blitz|p1a: Arceus\n|-damage|p1a: Arceus|0 fnt\n|faint|p1a: Arceus\n|-damage|p2a: Koraidon|57\/100|[from] Recoil\n|\n|-weather|SunnyDay|[upkeep]\n|upkeep\n|\n|t:|1699753242\n|switch|p1a: Toxapex|Toxapex, F|70\/100\n|turn|23\n|\n|t:|1699753250\n|switch|p2a: Arceus|Arceus-Fairy|29\/100\n|-damage|p2a: Arceus|17\/100|[from] Spikes\n|move|p1a: Toxapex|Toxic|p2a: Arceus\n|-status|p2a: Arceus|tox\n|\n|-weather|SunnyDay|[upkeep]\n|-damage|p2a: Arceus|11\/100 tox|[from] psn\n|upkeep\n|turn|24\n|\n|t:|1699753255\n|move|p1a: Toxapex|Toxic Spikes|p2a: Arceus\n|-sidestart|p2: AGisgood\u82cd\u54cd\u4fa0|move: Toxic Spikes\n|move|p2a: Arceus|Trick Room|p2a: Arceus\n|-fieldstart|move: Trick Room|[of] p2a: Arceus\n|\n|-weather|SunnyDay|[upkeep]\n|-damage|p2a: Arceus|0 fnt|[from] psn\n|faint|p2a: Arceus\n|upkeep\n|\n|t:|1699753260\n|switch|p2a: Kyogre|Kyogre|55\/100\n|-damage|p2a: Kyogre|43\/100|[from] Spikes\n|-status|p2a: Kyogre|psn\n|-weather|RainDance|[from] ability: Drizzle|[of] p2a: Kyogre\n|turn|25\n|\n|t:|1699753272\n|-terastallize|p1a: Toxapex|Ground\n|move|p1a: Toxapex|Toxic Spikes|p2a: Kyogre\n|-sidestart|p2: AGisgood\u82cd\u54cd\u4fa0|move: Toxic Spikes\n|move|p2a: Kyogre|Origin Pulse|p1a: Toxapex\n|-supereffective|p1a: Toxapex\n|-damage|p1a: Toxapex|0 fnt\n|faint|p1a: Toxapex\n|\n|-weather|RainDance|[upkeep]\n|-damage|p2a: Kyogre|30\/100 psn|[from] psn\n|upkeep\n|\n|t:|1699753278\n|switch|p1a: Arceus|Arceus-Fairy|59\/100\n|turn|26\n|\n|t:|1699753281\n|move|p2a: Kyogre|Origin Pulse|p1a: Arceus|[miss]\n|-miss|p2a: Kyogre|p1a: Arceus\n|move|p1a: Arceus|Recover|p1a: Arceus\n|-heal|p1a: Arceus|100\/100\n|\n|-weather|RainDance|[upkeep]\n|-damage|p2a: Kyogre|18\/100 psn|[from] psn\n|upkeep\n|turn|27\n|c|\u2606ymmwinaround|rip\n|\n|t:|1699753288\n|move|p2a: Kyogre|Origin Pulse|p1a: Arceus\n|-damage|p1a: Arceus|0 fnt\n|faint|p1a: Arceus\n|\n|-weather|RainDance|[upkeep]\n|-damage|p2a: Kyogre|6\/100 psn|[from] psn\n|upkeep\n|\n|t:|1699753290\n|switch|p1a: Calyrex|Calyrex-Shadow|34\/100\n|-ability|p1a: Calyrex|As One\n|-ability|p1a: Calyrex|Unnerve\n|turn|28\n|\n|t:|1699753294\n|move|p2a: Kyogre|Origin Pulse|p1a: Calyrex|[miss]\n|-miss|p2a: Kyogre|p1a: Calyrex\n|move|p1a: Calyrex|Astral Barrage|p2a: Kyogre\n|-damage|p2a: Kyogre|0 fnt\n|faint|p2a: Kyogre\n|-ability|p1a: Calyrex|Grim Neigh|boost\n|-boost|p1a: Calyrex|spa|1\n|\n|-weather|RainDance|[upkeep]\n|-fieldend|move: Trick Room\n|upkeep\n|\n|t:|1699753297\n|switch|p2a: Koraidon|Koraidon|57\/100\n|-damage|p2a: Koraidon|44\/100|[from] Spikes\n|-status|p2a: Koraidon|tox\n|-weather|SunnyDay|[from] ability: Orichalcum Pulse|[of] p2a: Koraidon\n|-activate|p2a: Koraidon|Orichalcum Pulse|[source]\n|turn|29\n|c|\u2606ymmwinaround|oh\n|\n|t:|1699753301\n|move|p2a: Koraidon|Flare Blitz|p1a: Calyrex\n|-damage|p1a: Calyrex|0 fnt\n|faint|p1a: Calyrex\n|-damage|p2a: Koraidon|33\/100 tox|[from] Recoil\n|\n|win|AGisgood\u82cd\u54cd\u4fa0\n|raw|ymmwinaround's rating: 1739 &rarr; <strong>1720<\/strong><br \/>(-19 for losing)\n|raw|AGisgood\u82cd\u54cd\u4fa0's rating: 1757 &rarr; <strong>1776<\/strong><br \/>(+19 for winning)\n|c|\u2606AGisgood\u82cd\u54cd\u4fa0|gg\n|l|\u2606ymmwinaround\n|l|\u2606AGisgood\u82cd\u54cd\u4fa0\n","uploadtime":1699753341,"views":5,"p1id":"ymmwinaround","p2id":"agisgood","formatid":"gen9anythinggoes","rating":1720,"private":0,"password":""}