{"id":"gen9anythinggoes-1989701030","p1":"EvaLikesBirds","p2":"Spartan-912","format":"[Gen 9] Anything Goes","log":"|j|\u2606EvaLikesBirds\n|j|\u2606Spartan-912\n|t:|1699888197\n|gametype|singles\n|player|p1|EvaLikesBirds|elesa|1122\n|player|p2|Spartan-912|skyla|1056\n|teamsize|p1|6\n|teamsize|p2|6\n|gen|9\n|tier|[Gen 9] Anything Goes\n|rated|\n|rule|HP Percentage Mod: HP is shown in percentages\n|rule|Endless Battle Clause: Forcing endless battles is banned\n|clearpoke\n|poke|p1|Rayquaza|\n|poke|p1|Braviary-Hisui, M|\n|poke|p1|Yanmega, M|\n|poke|p1|Jumpluff, F|\n|poke|p1|Dragonite, F|\n|poke|p1|Starly, L1, M|\n|poke|p2|Iron Moth|\n|poke|p2|Iron Valiant|\n|poke|p2|Landorus-Therian, M|\n|poke|p2|Hatterene, F|\n|poke|p2|Dragonite, M|\n|poke|p2|Dragapult, M|\n|teampreview\n|\n|t:|1699888206\n|start\n|switch|p1a: God Himself|Starly, L1, M|100\/100\n|switch|p2a: Dragonite|Dragonite, M|100\/100\n|turn|1\n|\n|t:|1699888221\n|move|p2a: Dragonite|Earthquake|p1a: God Himself\n|-immune|p1a: God Himself\n|move|p1a: God Himself|Endeavor|p2a: Dragonite\n|-damage|p2a: Dragonite|4\/100\n|\n|upkeep\n|turn|2\n|\n|t:|1699888239\n|switch|p1a: Avadakadabra|Braviary-Hisui, M|100\/100\n|move|p2a: Dragonite|Fire Punch|p1a: Avadakadabra\n|-damage|p1a: Avadakadabra|66\/100\n|\n|upkeep\n|turn|3\n|\n|t:|1699888319\n|move|p2a: Dragonite|Extreme Speed|p1a: Avadakadabra\n|-damage|p1a: Avadakadabra|35\/100\n|move|p1a: Avadakadabra|Esper Wing|p2a: Dragonite\n|-damage|p2a: Dragonite|0 fnt\n|-boost|p1a: Avadakadabra|spe|1\n|faint|p2a: Dragonite\n|\n|upkeep\n|\n|t:|1699888338\n|switch|p2a: Landorus|Landorus-Therian, M|100\/100\n|-ability|p2a: Landorus|Intimidate|boost\n|-unboost|p1a: Avadakadabra|atk|1\n|turn|4\n|\n|t:|1699888343\n|move|p1a: Avadakadabra|Esper Wing|p2a: Landorus\n|-damage|p2a: Landorus|58\/100\n|-boost|p1a: Avadakadabra|spe|1\n|move|p2a: Landorus|Earthquake|p1a: Avadakadabra\n|-immune|p1a: Avadakadabra\n|\n|upkeep\n|turn|5\n|\n|t:|1699888360\n|move|p1a: Avadakadabra|Esper Wing|p2a: Landorus\n|-damage|p2a: Landorus|12\/100\n|-boost|p1a: Avadakadabra|spe|1\n|move|p2a: Landorus|U-turn|p1a: Avadakadabra\n|-crit|p1a: Avadakadabra\n|-damage|p1a: Avadakadabra|0 fnt\n|faint|p1a: Avadakadabra\n|\n|t:|1699888370\n|switch|p2a: Iron Valiant|Iron Valiant|100\/100|[from] U-turn\n|-enditem|p2a: Iron Valiant|Booster Energy\n|-activate|p2a: Iron Valiant|ability: Quark Drive|[fromitem]\n|-start|p2a: Iron Valiant|quarkdrivespe\n|\n|upkeep\n|\n|t:|1699888467\n|switch|p1a: God Himself|Starly, L1, M|100\/100\n|turn|6\n|\n|t:|1699888472\n|move|p2a: Iron Valiant|Close Combat|p1a: God Himself\n|-enditem|p1a: God Himself|Focus Sash\n|-damage|p1a: God Himself|9\/100\n|-unboost|p2a: Iron Valiant|def|1\n|-unboost|p2a: Iron Valiant|spd|1\n|move|p1a: God Himself|Endeavor|p2a: Iron Valiant\n|-damage|p2a: Iron Valiant|1\/100\n|\n|upkeep\n|turn|7\n|\n|t:|1699888485\n|move|p1a: God Himself|Quick Attack|p2a: Iron Valiant\n|-damage|p2a: Iron Valiant|0 fnt\n|faint|p2a: Iron Valiant\n|-end|p2a: Iron Valiant|Quark Drive|[silent]\n|\n|upkeep\n|\n|t:|1699888492\n|switch|p2a: Landorus|Landorus-Therian, M|12\/100\n|-ability|p2a: Landorus|Intimidate|boost\n|-unboost|p1a: God Himself|atk|1\n|turn|8\n|inactive|Battle timer is ON: inactive players will automatically lose when time's up. (requested by Spartan-912)\n|inactive|EvaLikesBirds has 120 seconds left.\n|inactive|EvaLikesBirds has 90 seconds left.\n|inactive|EvaLikesBirds has 60 seconds left.\n|inactive|EvaLikesBirds has 30 seconds left.\n|inactive|EvaLikesBirds has 20 seconds left.\n|inactive|EvaLikesBirds has 15 seconds left.\n|inactive|EvaLikesBirds has 10 seconds left.\n|inactive|EvaLikesBirds has 5 seconds left.\n|-message|EvaLikesBirds lost due to inactivity.\n|\n|win|Spartan-912\n|raw|EvaLikesBirds's rating: 1122 &rarr; <strong>1092<\/strong><br \/>(-30 for losing)\n|raw|Spartan-912's rating: 1056 &rarr; <strong>1094<\/strong><br \/>(+38 for winning)\n|l|\u2606EvaLikesBirds\n","uploadtime":1699888958,"views":9,"p1id":"evalikesbirds","p2id":"spartan912","formatid":"gen9anythinggoes","rating":1092,"private":0,"password":""}