{"id":"gen9anythinggoes-1993824331","p1":"grassGLEADER","p2":"brianbass","format":"[Gen 9] Anything Goes","log":"|j|\u2606grassGLEADER\n|j|\u2606brianbass\n|t:|1700361816\n|gametype|singles\n|player|p1|grassGLEADER|mallow|\n|player|p2|brianbass|richboy|\n|teamsize|p1|6\n|teamsize|p2|6\n|gen|9\n|tier|[Gen 9] Anything Goes\n|rule|HP Percentage Mod: HP is shown in percentages\n|rule|Endless Battle Clause: Forcing endless battles is banned\n|clearpoke\n|poke|p1|Meowscarada, F|\n|poke|p1|Ogerpon-Hearthflame, F|\n|poke|p1|Arceus-Grass|\n|poke|p1|Torterra, F|\n|poke|p1|Leavanny, M|\n|poke|p1|Appletun, M|\n|poke|p2|Honchkrow, F|\n|poke|p2|Hoopa|\n|poke|p2|Slowking-Galar, F|\n|poke|p2|Decidueye, F|\n|poke|p2|Walking Wake|\n|poke|p2|Kleavor, F|\n|teampreview\n|c|\u2606brianbass|wrong team\n|c|\u2606brianbass|this is my friends team\n|c|\u2606brianbass|we make teams together\n|c|\u2606grassGLEADER|oh ok\n|c|\u2606brianbass|lol\n|c|\u2606brianbass|ill show u it\n|c|\u2606brianbass|xD\n|\n|t:|1700361846\n|start\n|switch|p1a: don't kill me >.<|Leavanny, M, shiny|100\/100\n|switch|p2a: snowball|Honchkrow, F|100\/100\n|turn|1\n|c|\u2606brianbass|all r his except for my birdy\n|j| RocketGruntLudwig\n|c|\u2606grassGLEADER|ludwig!\n|c|\u2606brianbass|WTF\n|c|\u2606brianbass|im in a match\n|c|\u2606brianbass|ON accident\n|c|\u2606brianbass|ima forfeit it\n|c|\u2606brianbass|for u\n|c|\u2606brianbass|their\n|\n|t:|1700361895\n|move|p1a: don't kill me >.<|Swords Dance|p1a: don't kill me >.<\n|-boost|p1a: don't kill me >.<|atk|2\n|move|p2a: snowball|Comeuppance||[still]\n|-fail|p2a: snowball\n|\n|upkeep\n|turn|2\n|c|\u2606brianbass|nooo\n|\n|t:|1700361906\n|move|p1a: don't kill me >.<|Sticky Web|p2a: snowball\n|-sidestart|p2: brianbass|move: Sticky Web\n|move|p2a: snowball|Comeuppance||[still]\n|-fail|p2a: snowball\n|\n|upkeep\n|turn|3\n|c|\u2606brianbass|this is scarly\n|c|\u2606brianbass|scary\n|\n|t:|1700361913\n|move|p1a: don't kill me >.<|X-Scissor|p2a: snowball\n|-enditem|p2a: snowball|Focus Sash\n|-damage|p2a: snowball|1\/100\n|move|p2a: snowball|Drill Peck|p1a: don't kill me >.<\n|-supereffective|p1a: don't kill me >.<\n|-damage|p1a: don't kill me >.<|0 fnt\n|faint|p1a: don't kill me >.<\n|-ability|p2a: snowball|Moxie|boost\n|-boost|p2a: snowball|atk|1\n|\n|upkeep\n|c|\u2606brianbass|bruv\n|c|\u2606brianbass|moxie\n|c|\u2606brianbass|yay\n|c| RocketGruntLudwig|I thought don't kill me >.< had a Focus Sash?\n|c|\u2606brianbass|this isnt my team so im sorry if im not a challenge\n|j| shadowCG\n|c| shadowCG|hi\n|c|\u2606brianbass|idk\n|\n|t:|1700361938\n|switch|p1a: the MASK :|Ogerpon-Hearthflame, F|100\/100\n|-ability|p1a: the MASK :|Mold Breaker\n|turn|4\n|c|\u2606brianbass|ill use my\n|c|\u2606brianbass|real team\n|c|\u2606brianbass|dont worry abt the web\n|c|\u2606brianbass|xd\n|c|\u2606brianbass|i got backup\n|c|\u2606grassGLEADER|she did but now sliver powder ludwig\n|\n|t:|1700361968\n|move|p2a: snowball|Sucker Punch|p1a: the MASK :\n|-damage|p1a: the MASK :|20\/100\n|move|p1a: the MASK :|Play Rough|p2a: snowball\n|-supereffective|p2a: snowball\n|-damage|p2a: snowball|0 fnt\n|faint|p2a: snowball\n|\n|upkeep\n|c| RocketGruntLudwig|That is definitely a downgrade.\n|\n|t:|1700361977\n|switch|p2a: quick kills|Hoopa|100\/100\n|-activate|p2a: quick kills|move: Sticky Web\n|-unboost|p2a: quick kills|spe|1\n|turn|5\n|c|\u2606grassGLEADER|waaa?\n|c|\u2606grassGLEADER|ok true\n|\n|t:|1700361988\n|move|p1a: the MASK :|Knock Off|p2a: quick kills\n|-supereffective|p2a: quick kills\n|-damage|p2a: quick kills|0 fnt\n|-enditem|p2a: quick kills|Choice Scarf|[from] move: Knock Off|[of] p1a: the MASK :\n|faint|p2a: quick kills\n|\n|upkeep\n|\n|t:|1700361992\n|switch|p2a: Walking Wake|Walking Wake|100\/100\n|-activate|p2a: Walking Wake|move: Sticky Web\n|-unboost|p2a: Walking Wake|spe|1\n|turn|6\n|\n|t:|1700362001\n|move|p1a: the MASK :|Play Rough|p2a: Walking Wake\n|-supereffective|p2a: Walking Wake\n|-damage|p2a: Walking Wake|23\/100\n|move|p2a: Walking Wake|Draco Meteor|p1a: the MASK :\n|-damage|p1a: the MASK :|0 fnt\n|-unboost|p2a: Walking Wake|spa|2\n|faint|p1a: the MASK :\n|\n|upkeep\n|c|\u2606grassGLEADER|dang that move\n|c|\u2606brianbass|rematch me after so i can use my team\n|c|\u2606brianbass|xD\n|c|\u2606grassGLEADER|ok sure love\n|c|\u2606brianbass|i put on my old team to show\n|\n|t:|1700362024\n|switch|p1a: Little kitty|Meowscarada, F, shiny|100\/100\n|turn|7\n|c|\u2606brianbass|shadow\n|c| RocketGruntLudwig|brianbass you've been saying that the whole time.\n|c|\u2606brianbass|the sneaker\n|c|\u2606brianbass|yeah i know\n|c|\u2606grassGLEADER|ludwig be nice\n|c|\u2606brianbass|sorry if its annoying\n|c|\u2606brianbass|no my fault\n|\n|t:|1700362046\n|move|p1a: Little kitty|Thunder Punch|p2a: Walking Wake\n|-start|p1a: Little kitty|typechange|Electric|[from] ability: Protean\n|-damage|p2a: Walking Wake|0 fnt\n|faint|p2a: Walking Wake\n|-end|p2a: Walking Wake|Protosynthesis|[silent]\n|-damage|p1a: Little kitty|91\/100|[from] item: Life Orb\n|\n|upkeep\n|c|\u2606brianbass|it was annoying xd\n|\n|t:|1700362054\n|switch|p2a: Sword dance|Decidueye, F|100\/100\n|-activate|p2a: Sword dance|move: Sticky Web\n|-unboost|p2a: Sword dance|spe|1\n|turn|8\n|\n|t:|1700362068\n|switch|p1a: APPLE PIE:D|Appletun, M|100\/100\n|move|p2a: Sword dance|Knock Off|p1a: APPLE PIE:D\n|-damage|p1a: APPLE PIE:D|72\/100\n|-enditem|p1a: APPLE PIE:D|Weakness Policy|[from] move: Knock Off|[of] p2a: Sword dance\n|\n|upkeep\n|turn|9\n|l| shadowCG\n|\n|t:|1700362079\n|move|p2a: Sword dance|Shadow Sneak|p1a: APPLE PIE:D\n|-damage|p1a: APPLE PIE:D|53\/100\n|move|p1a: APPLE PIE:D|Dragon Pulse|p2a: Sword dance\n|-damage|p2a: Sword dance|67\/100\n|\n|upkeep\n|turn|10\n|c|\u2606brianbass|yo grass can u rematch me after\n|c|\u2606brianbass|can u send it\n|\n|t:|1700362088\n|move|p2a: Sword dance|Sucker Punch||[still]\n|-fail|p2a: Sword dance\n|move|p1a: APPLE PIE:D|Recover|p1a: APPLE PIE:D\n|-heal|p1a: APPLE PIE:D|100\/100\n|\n|upkeep\n|turn|11\n|\n|t:|1700362100\n|move|p2a: Sword dance|Knock Off|p1a: APPLE PIE:D\n|-damage|p1a: APPLE PIE:D|78\/100\n|move|p1a: APPLE PIE:D|Apple Acid|p2a: Sword dance\n|-resisted|p2a: Sword dance\n|-damage|p2a: Sword dance|51\/100\n|-unboost|p2a: Sword dance|spd|1\n|\n|upkeep\n|turn|12\n|\n|t:|1700362116\n|move|p2a: Sword dance|U-turn|p1a: APPLE PIE:D\n|-supereffective|p1a: APPLE PIE:D\n|-damage|p1a: APPLE PIE:D|35\/100\n|c|\u2606grassGLEADER|now this should hit harder\n|\n|t:|1700362119\n|switch|p2a: sleepy?|Slowking-Galar, F|100\/100|[from] U-turn\n|-activate|p2a: sleepy?|move: Sticky Web\n|-unboost|p2a: sleepy?|spe|1\n|move|p1a: APPLE PIE:D|Dragon Pulse|p2a: sleepy?\n|-damage|p2a: sleepy?|77\/100\n|\n|-heal|p2a: sleepy?|83\/100|[from] item: Leftovers\n|upkeep\n|turn|13\n|c|\u2606grassGLEADER|oh\n|c|\u2606brianbass|this goofy team\n|c|\u2606brianbass|xd\n|c|\u2606brianbass|oh god\n|\n|t:|1700362135\n|-terastallize|p1a: APPLE PIE:D|Steel\n|move|p1a: APPLE PIE:D|Recover|p1a: APPLE PIE:D\n|-heal|p1a: APPLE PIE:D|85\/100\n|move|p2a: sleepy?|Eerie Spell|p1a: APPLE PIE:D\n|-resisted|p1a: APPLE PIE:D\n|-damage|p1a: APPLE PIE:D|71\/100\n|-activate|p1a: APPLE PIE:D|move: Eerie Spell|Recover|3\n|\n|-heal|p2a: sleepy?|89\/100|[from] item: Leftovers\n|upkeep\n|turn|14\n|c|\u2606grassGLEADER|yeah it is\n|\n|t:|1700362142\n|move|p1a: APPLE PIE:D|Apple Acid|p2a: sleepy?\n|-resisted|p2a: sleepy?\n|-damage|p2a: sleepy?|78\/100\n|-unboost|p2a: sleepy?|spd|1\n|move|p2a: sleepy?|Yawn|p1a: APPLE PIE:D\n|-start|p1a: APPLE PIE:D|move: Yawn|[of] p2a: sleepy?\n|\n|-heal|p2a: sleepy?|84\/100|[from] item: Leftovers\n|upkeep\n|turn|15\n|c|\u2606brianbass|oh no\n|c|\u2606brianbass|lol\n|\n|t:|1700362151\n|switch|p1a: LAND 0.0|Torterra, F, shiny|100\/100\n|move|p2a: sleepy?|Chilly Reception|p2a: sleepy?\n|-weather|Snow\n|\n|t:|1700362156\n|switch|p2a: Kleavor|Kleavor, F|100\/100|[from] Chilly Reception\n|-activate|p2a: Kleavor|move: Sticky Web\n|-unboost|p2a: Kleavor|spe|1\n|\n|-weather|Snow|[upkeep]\n|upkeep\n|turn|16\n|c|\u2606brianbass|this is his stall pokemon forgot\n|\n|t:|1700362176\n|move|p2a: Kleavor|Protect|p2a: Kleavor\n|-singleturn|p2a: Kleavor|Protect\n|move|p1a: LAND 0.0|Headlong Rush|p2a: Kleavor\n|-activate|p2a: Kleavor|move: Protect\n|\n|-weather|Snow|[upkeep]\n|upkeep\n|turn|17\n|c|\u2606grassGLEADER|WA\n|c|\u2606brianbass|this team was a mistake\n|c|\u2606brianbass|xD\n|c|\u2606grassGLEADER|why did you do that!\n|c|\u2606grassGLEADER|:0\n|c|\u2606brianbass|i was so tired when i helped make this\n|c|\u2606brianbass|xd\n|c|\u2606brianbass|no reason dont worry\n|c|\u2606brianbass|only my friend can use this\n|c|\u2606brianbass|hes rlly good\n|c|\u2606brianbass|xd\n|\n|t:|1700362210\n|move|p1a: LAND 0.0|Headlong Rush|p2a: Kleavor\n|-damage|p2a: Kleavor|23\/100\n|-unboost|p1a: LAND 0.0|def|1\n|-unboost|p1a: LAND 0.0|spd|1\n|move|p2a: Kleavor|Stone Axe|p1a: LAND 0.0|[miss]\n|-miss|p2a: Kleavor|p1a: LAND 0.0\n|\n|-weather|Snow|[upkeep]\n|upkeep\n|turn|18\n|c|\u2606brianbass|bruv\n|c|\u2606brianbass|LOLLLO\n|c|\u2606grassGLEADER|twice! ahhh\n|c|\u2606brianbass|xd\n|c|\u2606brianbass|whats ur secret GAH\n|\n|t:|1700362231\n|move|p1a: LAND 0.0|Headlong Rush|p2a: Kleavor\n|-damage|p2a: Kleavor|0 fnt\n|-unboost|p1a: LAND 0.0|def|1\n|-unboost|p1a: LAND 0.0|spd|1\n|faint|p2a: Kleavor\n|\n|-weather|Snow|[upkeep]\n|upkeep\n|c|\u2606brianbass|xd\n|\n|t:|1700362235\n|switch|p2a: Sword dance|Decidueye, F|51\/100\n|-activate|p2a: Sword dance|move: Sticky Web\n|-unboost|p2a: Sword dance|spe|1\n|turn|19\n|c|\u2606brianbass|ima be dumb\n|c|\u2606brianbass|lol\n|c|\u2606grassGLEADER|i would hav used shell smas but that pokemon can one tap LAND, right ludwig\n|c|\u2606grassGLEADER|???\n|c|\u2606grassGLEADER|have*\n|c|\u2606brianbass|idk\n|c| RocketGruntLudwig|...Uh...what?\n|c|\u2606brianbass|!weakness torterra\n|c| brianbass|\/raw <div class=\"infobox\">Torterra (ignoring abilities):<br \/><span class=\"message-effect-weak\">Weaknesses<\/span>: Bug, Fire, Flying, <b>Ice<\/b><br \/><span class=\"message-effect-resist\">Resistances<\/span>: Ground, Rock<br \/><span class=\"message-effect-immune\">Immunities<\/span>: Electric, Powder moves, Sandstorm damage<\/div>\n|\n|t:|1700362280\n|-terastallize|p2a: Sword dance|Ghost\n|move|p2a: Sword dance|Sucker Punch|p1a: LAND 0.0\n|-damage|p1a: LAND 0.0|52\/100\n|move|p1a: LAND 0.0|Crunch|p2a: Sword dance\n|-supereffective|p2a: Sword dance\n|-damage|p2a: Sword dance|0 fnt\n|faint|p2a: Sword dance\n|\n|-weather|none\n|upkeep\n|\n|t:|1700362286\n|switch|p2a: sleepy?|Slowking-Galar, F|100\/100\n|-activate|p2a: sleepy?|move: Sticky Web\n|-unboost|p2a: sleepy?|spe|1\n|turn|20\n|c|\u2606brianbass|gulp\n|c|\u2606brianbass|lol\n|\n|t:|1700362296\n|move|p1a: LAND 0.0|Headlong Rush|p2a: sleepy?\n|-supereffective|p2a: sleepy?\n|-damage|p2a: sleepy?|0 fnt\n|-unboost|p1a: LAND 0.0|def|1\n|-unboost|p1a: LAND 0.0|spd|1\n|faint|p2a: sleepy?\n|\n|win|grassGLEADER\n|c|\u2606brianbass|lets go slowking\n|c|\u2606brianbass|xd\n|c|\u2606grassGLEADER|ggs!\n|c|\u2606grassGLEADER|:D\n|c|\u2606brianbass|send a rematch\n|c|\u2606brianbass|gg!\n|c|\u2606brianbass|:)\n|l|\u2606brianbass\n|j|\u2606brianbass\n|player|p2|brianbass|richboy\n|l|\u2606brianbass\n|player|p2|\n","uploadtime":1700362370,"views":2,"p1id":"grassgleader","p2id":"brianbass","formatid":"gen9anythinggoes","rating":0,"private":0,"password":""}