{"id":"gen9anythinggoes-1978539308","p1":"el-da clown","p2":"wyydg","format":"[Gen 9] Anything Goes","log":"|j|\u2606el-da clown\n|j|\u2606wyydg\n|t:|1698552658\n|gametype|singles\n|player|p1|el-da clown|harlequin|1050\n|player|p2|wyydg|hilbert|1157\n|teamsize|p1|6\n|teamsize|p2|6\n|gen|9\n|tier|[Gen 9] Anything Goes\n|rated|\n|rule|HP Percentage Mod: HP is shown in percentages\n|rule|Endless Battle Clause: Forcing endless battles is banned\n|clearpoke\n|poke|p1|Cramorant, M|\n|poke|p1|Cramorant, M|\n|poke|p1|Cramorant, M|\n|poke|p1|Cramorant, M|\n|poke|p1|Cramorant, M|\n|poke|p1|Cramorant, M|\n|poke|p2|Shaymin-Sky|\n|poke|p2|Shaymin-Sky|\n|poke|p2|Shaymin-Sky|\n|poke|p2|Jirachi|\n|poke|p2|Jirachi|\n|poke|p2|Jirachi|\n|teampreview\n|inactive|Battle timer is ON: inactive players will automatically lose when time's up. (requested by el-da clown)\n|\n|t:|1698552670\n|start\n|switch|p1a: Dodo 1|Cramorant, M|100\/100\n|switch|p2a: Shaymin|Shaymin-Sky|100\/100\n|turn|1\n|c|\u2606el-da clown|u should use chickens\n|\n|t:|1698552684\n|move|p2a: Shaymin|Air Slash|p1a: Dodo 1\n|-damage|p1a: Dodo 1|52\/100\n|move|p1a: Dodo 1|Ice Beam|p2a: Shaymin\n|-supereffective|p2a: Shaymin\n|-damage|p2a: Shaymin|0 fnt\n|faint|p2a: Shaymin\n|\n|upkeep\n|\n|t:|1698552693\n|switch|p2a: Shaymin|Shaymin-Sky|100\/100\n|turn|2\n|\n|t:|1698552699\n|-terastallize|p2a: Shaymin|Flying\n|move|p2a: Shaymin|Air Slash|p1a: Dodo 1\n|-damage|p1a: Dodo 1|0 fnt\n|faint|p1a: Dodo 1\n|\n|upkeep\n|\n|t:|1698552703\n|switch|p1a: Dodo 2|Cramorant, M|100\/100\n|turn|3\n|\n|t:|1698552706\n|move|p2a: Shaymin|Air Slash|p1a: Dodo 2\n|-damage|p1a: Dodo 2|40\/100\n|cant|p1a: Dodo 2|flinch\n|\n|upkeep\n|turn|4\n|\n|t:|1698552712\n|move|p2a: Shaymin|Air Slash|p1a: Dodo 2\n|-damage|p1a: Dodo 2|0 fnt\n|faint|p1a: Dodo 2\n|\n|upkeep\n|\n|t:|1698552714\n|switch|p1a: Dodo 3|Cramorant, M|100\/100\n|turn|5\n|\n|t:|1698552720\n|move|p2a: Shaymin|Air Slash|p1a: Dodo 3\n|-damage|p1a: Dodo 3|35\/100\n|cant|p1a: Dodo 3|flinch\n|\n|upkeep\n|turn|6\n|\n|t:|1698552723\n|move|p2a: Shaymin|Air Slash|p1a: Dodo 3\n|-damage|p1a: Dodo 3|0 fnt\n|faint|p1a: Dodo 3\n|\n|upkeep\n|\n|t:|1698552726\n|switch|p1a: Dodo 4|Cramorant, M|100\/100\n|turn|7\n|\n|t:|1698552730\n|move|p2a: Shaymin|Air Slash|p1a: Dodo 4\n|-damage|p1a: Dodo 4|39\/100\n|cant|p1a: Dodo 4|flinch\n|\n|upkeep\n|turn|8\n|c|\u2606el-da clown|uh\n|\n|t:|1698552738\n|move|p2a: Shaymin|Air Slash|p1a: Dodo 4\n|-damage|p1a: Dodo 4|0 fnt\n|faint|p1a: Dodo 4\n|\n|upkeep\n|\n|t:|1698552740\n|switch|p1a: Dodo 5|Cramorant, M|100\/100\n|turn|9\n|\n|t:|1698552742\n|move|p2a: Shaymin|Air Slash|p1a: Dodo 5\n|-damage|p1a: Dodo 5|37\/100\n|cant|p1a: Dodo 5|flinch\n|\n|upkeep\n|turn|10\n|\n|t:|1698552745\n|move|p2a: Shaymin|Air Slash|p1a: Dodo 5\n|-damage|p1a: Dodo 5|0 fnt\n|faint|p1a: Dodo 5\n|\n|upkeep\n|\n|t:|1698552746\n|switch|p1a: Dodo 0|Cramorant, M, shiny|100\/100\n|turn|11\n|\n|t:|1698552749\n|-terastallize|p1a: Dodo 0|Ground\n|move|p2a: Shaymin|Air Slash|p1a: Dodo 0\n|-damage|p1a: Dodo 0|43\/100\n|cant|p1a: Dodo 0|flinch\n|\n|upkeep\n|turn|12\n|\n|t:|1698552765\n|move|p2a: Shaymin|Air Slash|p1a: Dodo 0\n|-damage|p1a: Dodo 0|0 fnt\n|faint|p1a: Dodo 0\n|\n|win|wyydg\n|raw|el-da clown's rating: 1050 &rarr; <strong>1038<\/strong><br \/>(-12 for losing)\n|raw|wyydg's rating: 1157 &rarr; <strong>1175<\/strong><br \/>(+18 for winning)\n|c|\u2606el-da clown|\u00b0\u0414\u00b0\n|l|\u2606el-da clown\n","uploadtime":1698552774,"views":10,"p1id":"eldaclown","p2id":"wyydg","formatid":"gen9anythinggoes","rating":1038,"private":0,"password":""}