{"id":"gen9anythinggoes-1997803978","p1":"Mrslayyy","p2":"Guest 3107088","format":"[Gen 9] Anything Goes","log":"|j|\u2606Mrslayyy\n|j|\u203dGuest 3107088\n|t:|1700854460\n|gametype|singles\n|player|p1|Mrslayyy|170|1188\n|player|p2|Guest 3107088|266|1187\n|teamsize|p1|6\n|teamsize|p2|6\n|gen|9\n|tier|[Gen 9] Anything Goes\n|rated|\n|rule|HP Percentage Mod: HP is shown in percentages\n|rule|Endless Battle Clause: Forcing endless battles is banned\n|clearpoke\n|poke|p1|Ogerpon, F|\n|poke|p1|Calyrex-Shadow|\n|poke|p1|Annihilape, M|\n|poke|p1|Urshifu-*, M|\n|poke|p1|Chien-Pao|\n|poke|p1|Zacian-*|\n|poke|p2|Annihilape, F|\n|poke|p2|Annihilape, F|\n|poke|p2|Kingambit, F|\n|poke|p2|Annihilape, F|\n|poke|p2|Annihilape, M|\n|poke|p2|Annihilape, M|\n|teampreview\n|c|\u2606Mrslayyy|Relax\n|inactive|Battle timer is ON: inactive players will automatically lose when time's up. (requested by Guest 3107088)\n|\n|t:|1700854473\n|start\n|switch|p1a: Ogerpon|Ogerpon, F|100\/100\n|switch|p2a: Annihilape|Annihilape, F|100\/100\n|turn|1\n|\n|t:|1700854491\n|-terastallize|p1a: Ogerpon|Grass\n|detailschange|p1a: Ogerpon|Ogerpon-Teal-Tera, F, tera:Grass\n|-ability|p1a: Ogerpon|Embody Aspect (Teal)|boost\n|-boost|p1a: Ogerpon|spe|1\n|move|p1a: Ogerpon|Knock Off|p2a: Annihilape\n|-damage|p2a: Annihilape|72\/100\n|-enditem|p2a: Annihilape|Leftovers|[from] move: Knock Off|[of] p1a: Ogerpon\n|move|p2a: Annihilape|Stealth Rock|p1a: Ogerpon\n|-sidestart|p1: Mrslayyy|move: Stealth Rock\n|\n|upkeep\n|turn|2\n|c|\u2606Mrslayyy|Oh\n|c|\u2606Mrslayyy|ok\n|\n|t:|1700854506\n|move|p1a: Ogerpon|Swords Dance|p1a: Ogerpon\n|-boost|p1a: Ogerpon|atk|2\n|move|p2a: Annihilape|Rage Fist|p1a: Ogerpon\n|-damage|p1a: Ogerpon|30\/100\n|\n|upkeep\n|turn|3\n|c|\u2606Mrslayyy|Ohh\n|\n|t:|1700854518\n|move|p1a: Ogerpon|Ivy Cudgel|p2a: Annihilape\n|-damage|p2a: Annihilape|0 fnt\n|faint|p2a: Annihilape\n|\n|upkeep\n|\n|t:|1700854527\n|switch|p2a: Kingambit|Kingambit, F|100\/100\n|-activate|p2a: Kingambit|ability: Supreme Overlord\n|-start|p2a: Kingambit|fallen1|[silent]\n|turn|4\n|\n|t:|1700854532\n|move|p1a: Ogerpon|Ivy Cudgel|p2a: Kingambit\n|-resisted|p2a: Kingambit\n|-damage|p2a: Kingambit|42\/100\n|move|p2a: Kingambit|Kowtow Cleave|p1a: Ogerpon\n|-damage|p1a: Ogerpon|0 fnt\n|faint|p1a: Ogerpon\n|\n|upkeep\n|\n|t:|1700854541\n|switch|p1a: Calyrex|Calyrex-Shadow|100\/100\n|-ability|p1a: Calyrex|As One\n|-ability|p1a: Calyrex|Unnerve\n|-damage|p1a: Calyrex|88\/100|[from] Stealth Rock\n|turn|5\n|\n|t:|1700854570\n|move|p1a: Calyrex|Astral Barrage|p2a: Kingambit\n|-resisted|p2a: Kingambit\n|-damage|p2a: Kingambit|5\/100\n|move|p2a: Kingambit|Kowtow Cleave|p1a: Calyrex\n|-supereffective|p1a: Calyrex\n|-damage|p1a: Calyrex|0 fnt\n|faint|p1a: Calyrex\n|\n|upkeep\n|\n|t:|1700854575\n|switch|p1a: Chien-Pao|Chien-Pao|100\/100\n|-damage|p1a: Chien-Pao|76\/100|[from] Stealth Rock\n|-ability|p1a: Chien-Pao|Sword of Ruin\n|turn|6\n|inactive|Guest 3107088 has 120 seconds left.\n|\n|t:|1700854599\n|move|p1a: Chien-Pao|Dark Pulse|p2a: Kingambit\n|-resisted|p2a: Kingambit\n|-damage|p2a: Kingambit|0 fnt\n|faint|p2a: Kingambit\n|-end|p2a: Kingambit|fallen1|[silent]\n|\n|upkeep\n|\n|t:|1700854601\n|switch|p2a: Annihilape|Annihilape, F|100\/100\n|turn|7\n|\n|t:|1700854620\n|move|p1a: Chien-Pao|Dark Pulse|p2a: Annihilape\n|-damage|p2a: Annihilape|78\/100\n|move|p2a: Annihilape|Rage Fist|p1a: Chien-Pao\n|-resisted|p1a: Chien-Pao\n|-damage|p1a: Chien-Pao|51\/100\n|\n|upkeep\n|turn|8\n|\n|t:|1700854623\n|move|p1a: Chien-Pao|Dark Pulse|p2a: Annihilape\n|-damage|p2a: Annihilape|56\/100\n|move|p2a: Annihilape|Rage Fist|p1a: Chien-Pao\n|-resisted|p1a: Chien-Pao\n|-damage|p1a: Chien-Pao|8\/100\n|\n|upkeep\n|turn|9\n|\n|t:|1700854639\n|move|p1a: Chien-Pao|Dark Pulse|p2a: Annihilape\n|-damage|p2a: Annihilape|34\/100\n|move|p2a: Annihilape|Rage Fist|p1a: Chien-Pao\n|-resisted|p1a: Chien-Pao\n|-damage|p1a: Chien-Pao|0 fnt\n|faint|p1a: Chien-Pao\n|\n|upkeep\n|\n|t:|1700854642\n|switch|p1a: Annihilape|Annihilape, M|100\/100\n|-damage|p1a: Annihilape|94\/100|[from] Stealth Rock\n|turn|10\n|\n|t:|1700854655\n|move|p1a: Annihilape|Rage Fist|p2a: Annihilape\n|-supereffective|p2a: Annihilape\n|-damage|p2a: Annihilape|0 fnt\n|faint|p2a: Annihilape\n|\n|upkeep\n|\n|t:|1700854658\n|switch|p2a: Annihilape|Annihilape, F|100\/100\n|turn|11\n|\n|t:|1700854669\n|move|p1a: Annihilape|Rage Fist|p2a: Annihilape\n|-supereffective|p2a: Annihilape\n|-damage|p2a: Annihilape|57\/100\n|move|p2a: Annihilape|Rage Fist|p1a: Annihilape\n|-supereffective|p1a: Annihilape\n|-damage|p1a: Annihilape|11\/100\n|\n|upkeep\n|turn|12\n|inactive|Guest 3107088 has 120 seconds left.\n|\n|t:|1700854706\n|move|p1a: Annihilape|Rage Fist|p2a: Annihilape\n|-supereffective|p2a: Annihilape\n|-damage|p2a: Annihilape|0 fnt\n|faint|p2a: Annihilape\n|\n|upkeep\n|\n|t:|1700854709\n|switch|p2a: Annihilape|Annihilape, M|100\/100\n|turn|13\n|inactive|Mrslayyy has 120 seconds left.\n|inactive|Mrslayyy has 90 seconds left.\n|\n|t:|1700854775\n|move|p1a: Annihilape|Rage Fist|p2a: Annihilape\n|-supereffective|p2a: Annihilape\n|-damage|p2a: Annihilape|6\/100\n|move|p2a: Annihilape|Rage Fist|p1a: Annihilape\n|-supereffective|p1a: Annihilape\n|-damage|p1a: Annihilape|0 fnt\n|faint|p1a: Annihilape\n|\n|upkeep\n|\n|t:|1700854779\n|switch|p1a: Urshifu|Urshifu-Rapid-Strike, M|100\/100\n|-damage|p1a: Urshifu|94\/100|[from] Stealth Rock\n|turn|14\n|j| surging stakes\n|c| surging stakes|ok\n|c| surging stakes|oh\n|c| surging stakes|just bring zacian gg\n|\n|t:|1700854788\n|move|p2a: Annihilape|Rage Fist|p1a: Urshifu\n|-damage|p1a: Urshifu|61\/100\n|move|p1a: Urshifu|Surging Strikes|p2a: Annihilape\n|-crit|p2a: Annihilape\n|-damage|p2a: Annihilape|0 fnt\n|faint|p2a: Annihilape\n|-hitcount|p2: Annihilape|1\n|\n|-heal|p1a: Urshifu|67\/100|[from] item: Leftovers\n|upkeep\n|c|\u2606Mrslayyy|Gg\n|inactive|Guest 3107088 has 120 seconds left.\n|inactive|Guest 3107088 has 90 seconds left.\n|inactive|Guest 3107088 has 60 seconds left.\n|inactive|Guest 3107088 has 30 seconds left.\n|inactive|Guest 3107088 has 20 seconds left.\n|inactive|Guest 3107088 has 15 seconds left.\n|inactiveoff|Battle timer is now OFF.\n|c| surging stakes|hey\n|c| surging stakes|im battling the same guy\n|n| ghostlyplanets|surgingstakes\n|l| ghostlyplanets\n|\n|t:|1700855646\n|switch|p2a: Annihilape|Annihilape, M|100\/100\n|turn|15\n|inactive|Battle timer is ON: inactive players will automatically lose when time's up. (requested by Guest 3107088)\n|inactive|Guest 3107088 has 20 seconds left this turn.\n|inactive|Mrslayyy has 90 seconds left.\n|inactive|Mrslayyy has 60 seconds left.\n|c|\u2606Mrslayyy|Nice\n|\n|t:|1700855716\n|move|p2a: Annihilape|Rage Fist|p1a: Urshifu\n|-damage|p1a: Urshifu|49\/100\n|move|p1a: Urshifu|Bulk Up|p1a: Urshifu\n|-boost|p1a: Urshifu|atk|1\n|-boost|p1a: Urshifu|def|1\n|\n|-heal|p1a: Urshifu|55\/100|[from] item: Leftovers\n|upkeep\n|turn|16\n|inactive|Guest 3107088 has 30 seconds left this turn.\n|inactive|Guest 3107088 has 20 seconds left.\n|inactive|Guest 3107088 has 15 seconds left.\n|inactiveoff|Battle timer is now OFF.\n|inactive|Battle timer is ON: inactive players will automatically lose when time's up. (requested by Mrslayyy)\n|inactive|Guest 3107088 has 20 seconds left this turn.\n|inactive|Guest 3107088 has 15 seconds left.\n|c|\u2606Mrslayyy|Think youd get kff that easy\n|c|\u2606Mrslayyy|jk\n|inactive|Guest 3107088 has 10 seconds left.\n|inactiveoff|Battle timer is now OFF.\n|c|\u2606Mrslayyy|Just messin with you\n|inactive|Battle timer is ON: inactive players will automatically lose when time's up. (requested by Guest 3107088)\n|inactive|Guest 3107088 has 15 seconds left this turn.\n|inactive|Guest 3107088 has 10 seconds left.\n|inactive|Guest 3107088 has 5 seconds left.\n|-message|Guest 3107088 lost due to inactivity.\n|\n|win|Mrslayyy\n|raw|Mrslayyy's rating: 1165 &rarr; <strong>1195<\/strong><br \/>(+30 for winning)\n|raw|Guest 3107088's rating: 1239 &rarr; <strong>1209<\/strong><br \/>(-30 for losing)\n|l|\u2606Mrslayyy\n","uploadtime":1700855776,"views":6,"p1id":"mrslayyy","p2id":"guest3107088","formatid":"gen9anythinggoes","rating":1195,"private":0,"password":""}