{"id":"gen9anythinggoes-1985861530","p1":"Tysnap05","p2":"its a gambit trust","format":"[Gen 9] Anything Goes","log":"|j|\u2606Tysnap05\n|j|\u2606its a gambit trust\n|t:|1699414419\n|gametype|singles\n|player|p1|Tysnap05|102|1204\n|player|p2|its a gambit trust|acerola-masters|1196\n|teamsize|p1|6\n|teamsize|p2|6\n|gen|9\n|tier|[Gen 9] Anything Goes\n|rated|\n|rule|HP Percentage Mod: HP is shown in percentages\n|rule|Endless Battle Clause: Forcing endless battles is banned\n|clearpoke\n|poke|p1|Pawmot, M|\n|poke|p1|Miraidon|\n|poke|p1|Mimikyu, F|\n|poke|p1|Arcanine-Hisui, F|\n|poke|p1|Orthworm, M|\n|poke|p1|Glimmora, F|\n|poke|p2|Calyrex-Shadow|\n|poke|p2|Koraidon|\n|poke|p2|Palkia-Origin|\n|poke|p2|Arceus-Flying|\n|poke|p2|Miraidon|\n|poke|p2|Groudon|\n|teampreview\n|inactive|Battle timer is ON: inactive players will automatically lose when time's up. (requested by its a gambit trust)\n|\n|t:|1699414441\n|start\n|switch|p1a: Glimmora|Glimmora, F|100\/100\n|switch|p2a: Arceus|Arceus-Flying|100\/100\n|turn|1\n|\n|t:|1699414449\n|move|p2a: Arceus|Earth Power|p1a: Glimmora\n|-supereffective|p1a: Glimmora\n|-damage|p1a: Glimmora|0 fnt\n|faint|p1a: Glimmora\n|\n|upkeep\n|\n|t:|1699414453\n|switch|p1a: Pawmot|Pawmot, M|100\/100\n|turn|2\n|\n|t:|1699414460\n|move|p1a: Pawmot|Fake Out|p2a: Arceus\n|-damage|p2a: Arceus|94\/100\n|cant|p2a: Arceus|flinch\n|\n|upkeep\n|turn|3\n|\n|t:|1699414467\n|move|p1a: Pawmot|Revival Blessing|p1a: Pawmot\n|\n|t:|1699414469\n|-heal|p1: Glimmora|50\/100|[from] move: Revival Blessing\n|move|p2a: Arceus|Earth Power|p1a: Pawmot\n|-supereffective|p1a: Pawmot\n|-damage|p1a: Pawmot|7\/100\n|\n|upkeep\n|turn|4\n|\n|t:|1699414474\n|move|p1a: Pawmot|Focus Blast|p2a: Arceus|[miss]\n|-miss|p1a: Pawmot|p2a: Arceus\n|move|p2a: Arceus|Judgment|p1a: Pawmot\n|-damage|p1a: Pawmot|0 fnt\n|faint|p1a: Pawmot\n|\n|upkeep\n|\n|t:|1699414489\n|switch|p1a: Glimmora|Glimmora, F|50\/100\n|turn|5\n|\n|t:|1699414493\n|move|p2a: Arceus|Earth Power|p1a: Glimmora\n|-supereffective|p1a: Glimmora\n|-damage|p1a: Glimmora|0 fnt\n|faint|p1a: Glimmora\n|\n|upkeep\n|\n|t:|1699414502\n|switch|p1a: Orthworm|Orthworm, M|100\/100\n|turn|6\n|\n|t:|1699414507\n|move|p2a: Arceus|Stealth Rock|p1a: Orthworm\n|-sidestart|p1: Tysnap05|move: Stealth Rock\n|move|p1a: Orthworm|Wrap|p2a: Arceus\n|-damage|p2a: Arceus|92\/100\n|-activate|p2a: Arceus|move: Wrap|[of] p1a: Orthworm\n|\n|-damage|p2a: Arceus|79\/100|[from] move: Wrap|[partiallytrapped]\n|upkeep\n|turn|7\n|\n|t:|1699414519\n|move|p2a: Arceus|Judgment|p1a: Orthworm\n|-resisted|p1a: Orthworm\n|-damage|p1a: Orthworm|70\/100\n|move|p1a: Orthworm|Earthquake|p2a: Arceus\n|-immune|p2a: Arceus\n|\n|-damage|p2a: Arceus|67\/100|[from] move: Wrap|[partiallytrapped]\n|upkeep\n|turn|8\n|\n|t:|1699414524\n|move|p2a: Arceus|Judgment|p1a: Orthworm\n|-resisted|p1a: Orthworm\n|-damage|p1a: Orthworm|40\/100\n|move|p1a: Orthworm|Sand Tomb|p2a: Arceus\n|-immune|p2a: Arceus\n|\n|-damage|p2a: Arceus|54\/100|[from] move: Wrap|[partiallytrapped]\n|upkeep\n|turn|9\n|\n|t:|1699414534\n|move|p2a: Arceus|Judgment|p1a: Orthworm\n|-resisted|p1a: Orthworm\n|-crit|p1a: Orthworm\n|-damage|p1a: Orthworm|0 fnt\n|faint|p1a: Orthworm\n|\n|-end|p2a: Arceus|Wrap|[partiallytrapped]|[silent]\n|upkeep\n|\n|t:|1699414540\n|switch|p1a: Arcanine|Arcanine-Hisui, F|100\/100\n|-damage|p1a: Arcanine|76\/100|[from] Stealth Rock\n|turn|10\n|\n|t:|1699414544\n|move|p2a: Arceus|Earth Power|p1a: Arcanine\n|-supereffective|p1a: Arcanine\n|-damage|p1a: Arcanine|0 fnt\n|faint|p1a: Arcanine\n|\n|upkeep\n|\n|t:|1699414550\n|switch|p1a: Mimikyu|Mimikyu, F|100\/100\n|-damage|p1a: Mimikyu|88\/100|[from] Stealth Rock\n|turn|11\n|\n|t:|1699414558\n|move|p2a: Arceus|Earth Power|p1a: Mimikyu\n|-activate|p1a: Mimikyu|ability: Disguise\n|-damage|p1a: Mimikyu|88\/100\n|detailschange|p1a: Mimikyu|Mimikyu-Busted, F\n|-damage|p1a: Mimikyu|76\/100|[from] pokemon: Mimikyu-Busted\n|-enditem|p1a: Mimikyu|Red Card|[of] p2a: Arceus\n|drag|p2a: Miraidon|Miraidon|100\/100\n|-fieldstart|move: Electric Terrain|[from] ability: Hadron Engine|[of] p2a: Miraidon\n|move|p1a: Mimikyu|Play Rough|p2a: Miraidon\n|-supereffective|p2a: Miraidon\n|-damage|p2a: Miraidon|30\/100\n|\n|upkeep\n|turn|12\n|\n|t:|1699414571\n|move|p2a: Miraidon|U-turn|p1a: Mimikyu\n|-resisted|p1a: Mimikyu\n|-damage|p1a: Mimikyu|70\/100\n|\n|t:|1699414575\n|switch|p2a: Arceus|Arceus-Flying|54\/100|[from] U-turn\n|move|p1a: Mimikyu|Play Rough|p2a: Arceus|[miss]\n|-miss|p1a: Mimikyu|p2a: Arceus\n|\n|upkeep\n|turn|13\n|\n|t:|1699414583\n|move|p2a: Arceus|Recover|p2a: Arceus\n|-heal|p2a: Arceus|100\/100\n|move|p1a: Mimikyu|Phantom Force||[still]\n|-prepare|p1a: Mimikyu|Phantom Force\n|\n|upkeep\n|turn|14\n|\n|t:|1699414605\n|move|p2a: Arceus|Judgment|p1a: Mimikyu|[miss]\n|-miss|p2a: Arceus|p1a: Mimikyu\n|move|p1a: Mimikyu|Phantom Force|p2a: Arceus|[from]lockedmove\n|-damage|p2a: Arceus|74\/100\n|\n|upkeep\n|turn|15\n|\n|t:|1699414614\n|move|p2a: Arceus|Judgment|p1a: Mimikyu\n|-damage|p1a: Mimikyu|0 fnt\n|faint|p1a: Mimikyu\n|\n|-fieldend|move: Electric Terrain\n|upkeep\n|\n|t:|1699414617\n|switch|p1a: Miraidon|Miraidon|100\/100\n|-damage|p1a: Miraidon|88\/100|[from] Stealth Rock\n|-fieldstart|move: Electric Terrain|[from] ability: Hadron Engine|[of] p1a: Miraidon\n|-item|p1a: Miraidon|Air Balloon\n|turn|16\n|\n|t:|1699414624\n|move|p1a: Miraidon|Electro Drift|p2a: Arceus\n|-supereffective|p2a: Arceus\n|-damage|p2a: Arceus|0 fnt\n|faint|p2a: Arceus\n|\n|upkeep\n|\n|t:|1699414629\n|switch|p2a: Calyrex|Calyrex-Shadow|100\/100\n|-ability|p2a: Calyrex|As One\n|-ability|p2a: Calyrex|Unnerve\n|turn|17\n|\n|t:|1699414643\n|move|p2a: Calyrex|Nasty Plot|p2a: Calyrex\n|-boost|p2a: Calyrex|spa|2\n|move|p1a: Miraidon|Dragon Pulse|p2a: Calyrex\n|-damage|p2a: Calyrex|35\/100\n|\n|upkeep\n|turn|18\n|\n|t:|1699414647\n|move|p2a: Calyrex|Astral Barrage|p1a: Miraidon\n|-damage|p1a: Miraidon|0 fnt\n|-enditem|p1a: Miraidon|Air Balloon\n|faint|p1a: Miraidon\n|\n|win|its a gambit trust\n|raw|Tysnap05's rating: 1204 &rarr; <strong>1178<\/strong><br \/>(-26 for losing)\n|raw|its a gambit trust's rating: 1196 &rarr; <strong>1222<\/strong><br \/>(+26 for winning)\n|l|\u2606Tysnap05\n","uploadtime":1699414651,"views":4,"p1id":"tysnap05","p2id":"itsagambittrust","formatid":"gen9anythinggoes","rating":1178,"private":0,"password":""}