{"id":"gen9anythinggoes-1991342391","p1":"hoenn militian","p2":"1nsan3x","format":"[Gen 9] Anything Goes","log":"|j|\u2606hoenn militian\n|j|\u26061nsan3x\n|t:|1700069173\n|gametype|singles\n|player|p1|hoenn militian|102|1736\n|player|p2|1nsan3x|benga|1543\n|teamsize|p1|6\n|teamsize|p2|6\n|gen|9\n|tier|[Gen 9] Anything Goes\n|rated|\n|rule|HP Percentage Mod: HP is shown in percentages\n|rule|Endless Battle Clause: Forcing endless battles is banned\n|clearpoke\n|poke|p1|Miraidon|\n|poke|p1|Grimmsnarl, M|\n|poke|p1|Skeledirge, F|\n|poke|p1|Blissey, F|\n|poke|p1|Moltres|\n|poke|p1|Wo-Chien|\n|poke|p2|Zacian-*|\n|poke|p2|Calyrex-Shadow|\n|poke|p2|Groudon|\n|poke|p2|Kyogre|\n|poke|p2|Koraidon|\n|poke|p2|Miraidon|\n|teampreview\n|inactive|Battle timer is ON: inactive players will automatically lose when time's up. (requested by 1nsan3x)\n|j| Ham venom\n|\n|t:|1700069195\n|start\n|switch|p1a: Grimmsnarl|Grimmsnarl, M|100\/100\n|switch|p2a: Koraidon|Koraidon|100\/100\n|-weather|SunnyDay|[from] ability: Orichalcum Pulse|[of] p2a: Koraidon\n|-activate|p2a: Koraidon|Orichalcum Pulse|[source]\n|turn|1\n|\n|t:|1700069203\n|move|p1a: Grimmsnarl|Parting Shot|p2a: Koraidon\n|-unboost|p2a: Koraidon|atk|1\n|-unboost|p2a: Koraidon|spa|1\n|\n|t:|1700069206\n|switch|p1a: Moltres|Moltres|100\/100|[from] Parting Shot\n|move|p2a: Koraidon|Close Combat|p1a: Moltres\n|-resisted|p1a: Moltres\n|-damage|p1a: Moltres|83\/100\n|-unboost|p2a: Koraidon|def|1\n|-unboost|p2a: Koraidon|spd|1\n|-status|p2a: Koraidon|brn|[from] ability: Flame Body|[of] p1a: Moltres\n|\n|-weather|SunnyDay|[upkeep]\n|-damage|p2a: Koraidon|94\/100 brn|[from] brn\n|upkeep\n|turn|2\n|\n|t:|1700069217\n|switch|p2a: Miraidon|Miraidon|100\/100\n|-fieldstart|move: Electric Terrain|[from] ability: Hadron Engine|[of] p2a: Miraidon\n|move|p1a: Moltres|U-turn|p2a: Miraidon\n|-damage|p2a: Miraidon|86\/100\n|\n|t:|1700069225\n|switch|p1a: Blissey|Blissey, F|100\/100|[from] U-turn\n|\n|-weather|SunnyDay|[upkeep]\n|upkeep\n|turn|3\n|l| Ham venom\n|\n|t:|1700069230\n|move|p2a: Miraidon|Volt Switch|p1a: Blissey\n|-damage|p1a: Blissey|81\/100\n|\n|t:|1700069235\n|switch|p2a: Koraidon|Koraidon|94\/100 brn|[from] Volt Switch\n|-activate|p2a: Koraidon|ability: Orichalcum Pulse\n|move|p1a: Blissey|Stealth Rock|p2a: Koraidon\n|-sidestart|p2: 1nsan3x|move: Stealth Rock\n|\n|-weather|SunnyDay|[upkeep]\n|-damage|p2a: Koraidon|88\/100 brn|[from] brn\n|upkeep\n|turn|4\n|\n|t:|1700069244\n|switch|p1a: Moltres|Moltres|83\/100\n|move|p2a: Koraidon|U-turn|p1a: Moltres\n|-resisted|p1a: Moltres\n|-damage|p1a: Moltres|80\/100\n|\n|t:|1700069248\n|switch|p2a: Kyogre|Kyogre|100\/100|[from] U-turn\n|-damage|p2a: Kyogre|88\/100|[from] Stealth Rock\n|-weather|RainDance|[from] ability: Drizzle|[of] p2a: Kyogre\n|\n|-weather|RainDance|[upkeep]\n|upkeep\n|turn|5\n|\n|t:|1700069255\n|switch|p1a: Blissey|Blissey, F|81\/100\n|-terastallize|p2a: Kyogre|Water\n|move|p2a: Kyogre|Water Spout|p1a: Blissey\n|-damage|p1a: Blissey|39\/100\n|\n|-weather|RainDance|[upkeep]\n|upkeep\n|turn|6\n|\n|t:|1700069272\n|switch|p1a: Wo-Chien|Wo-Chien|100\/100\n|-ability|p1a: Wo-Chien|Tablets of Ruin\n|move|p2a: Kyogre|Water Spout|p1a: Wo-Chien\n|-resisted|p1a: Wo-Chien\n|-damage|p1a: Wo-Chien|44\/100\n|\n|-weather|RainDance|[upkeep]\n|-fieldend|move: Electric Terrain\n|upkeep\n|turn|7\n|\n|t:|1700069284\n|move|p2a: Kyogre|Water Spout|p1a: Wo-Chien\n|-resisted|p1a: Wo-Chien\n|-crit|p1a: Wo-Chien\n|-damage|p1a: Wo-Chien|0 fnt\n|faint|p1a: Wo-Chien\n|\n|-weather|RainDance|[upkeep]\n|upkeep\n|\n|t:|1700069290\n|switch|p1a: Miraidon|Miraidon|100\/100\n|-fieldstart|move: Electric Terrain|[from] ability: Hadron Engine|[of] p1a: Miraidon\n|turn|8\n|\n|t:|1700069313\n|switch|p2a: Groudon|Groudon|100\/100\n|-damage|p2a: Groudon|94\/100|[from] Stealth Rock\n|-weather|SunnyDay|[from] ability: Drought|[of] p2a: Groudon\n|move|p1a: Miraidon|Dragon Pulse|p2a: Groudon\n|-damage|p2a: Groudon|24\/100\n|\n|-weather|SunnyDay|[upkeep]\n|upkeep\n|turn|9\n|\n|t:|1700069322\n|move|p1a: Miraidon|Dragon Pulse|p2a: Groudon\n|-damage|p2a: Groudon|0 fnt\n|faint|p2a: Groudon\n|\n|-weather|SunnyDay|[upkeep]\n|upkeep\n|\n|t:|1700069327\n|switch|p2a: Zacian|Zacian-Crowned|100\/100\n|-damage|p2a: Zacian|94\/100|[from] Stealth Rock\n|-ability|p2a: Zacian|Intrepid Sword|boost\n|-boost|p2a: Zacian|atk|1\n|turn|10\n|\n|t:|1700069341\n|switch|p2a: Kyogre|Kyogre, tera:Water|88\/100\n|-damage|p2a: Kyogre|76\/100|[from] Stealth Rock\n|-weather|RainDance|[from] ability: Drizzle|[of] p2a: Kyogre\n|switch|p1a: Skeledirge|Skeledirge, F|100\/100\n|\n|-weather|RainDance|[upkeep]\n|upkeep\n|turn|11\n|\n|t:|1700069368\n|switch|p1a: Moltres|Moltres|80\/100\n|move|p2a: Kyogre|Water Spout|p1a: Moltres\n|-supereffective|p1a: Moltres\n|-damage|p1a: Moltres|0 fnt\n|faint|p1a: Moltres\n|\n|-weather|RainDance|[upkeep]\n|upkeep\n|inactive|hoenn militian has 120 seconds left.\n|\n|t:|1700069380\n|switch|p1a: Miraidon|Miraidon|100\/100\n|-activate|p1a: Miraidon|ability: Hadron Engine\n|turn|12\n|\n|t:|1700069385\n|switch|p2a: Miraidon|Miraidon|86\/100\n|-damage|p2a: Miraidon|74\/100|[from] Stealth Rock\n|-activate|p2a: Miraidon|ability: Hadron Engine\n|move|p1a: Miraidon|Electro Drift|p2a: Miraidon\n|-resisted|p2a: Miraidon\n|-damage|p2a: Miraidon|54\/100\n|\n|-weather|RainDance|[upkeep]\n|-fieldend|move: Electric Terrain\n|upkeep\n|turn|13\n|\n|t:|1700069398\n|move|p1a: Miraidon|Protect|p1a: Miraidon\n|-singleturn|p1a: Miraidon|Protect\n|move|p2a: Miraidon|Volt Switch|p1a: Miraidon\n|-activate|p1a: Miraidon|move: Protect\n|\n|-weather|RainDance|[upkeep]\n|upkeep\n|turn|14\n|\n|t:|1700069405\n|move|p2a: Miraidon|Volt Switch|p1a: Miraidon\n|-resisted|p1a: Miraidon\n|-damage|p1a: Miraidon|93\/100\n|inactive|1nsan3x has 120 seconds left.\n|\n|t:|1700069444\n|switch|p2a: Zacian|Zacian-Crowned|94\/100|[from] Volt Switch\n|-damage|p2a: Zacian|88\/100|[from] Stealth Rock\n|move|p1a: Miraidon|Dragon Pulse|p2a: Zacian\n|-immune|p2a: Zacian\n|\n|-weather|none\n|upkeep\n|turn|15\n|inactive|1nsan3x has 120 seconds left.\n|\n|t:|1700069456\n|move|p1a: Miraidon|Protect|p1a: Miraidon\n|-singleturn|p1a: Miraidon|Protect\n|move|p2a: Zacian|Play Rough|p1a: Miraidon\n|-activate|p1a: Miraidon|move: Protect\n|\n|upkeep\n|turn|16\n|inactive|1nsan3x has 120 seconds left.\n|\n|t:|1700069463\n|switch|p2a: Calyrex|Calyrex-Shadow|100\/100\n|-ability|p2a: Calyrex|As One\n|-ability|p2a: Calyrex|Unnerve\n|-damage|p2a: Calyrex|88\/100|[from] Stealth Rock\n|switch|p1a: Skeledirge|Skeledirge, F|100\/100\n|\n|upkeep\n|turn|17\n|inactive|1nsan3x has 120 seconds left.\n|\n|t:|1700069475\n|switch|p1a: Grimmsnarl|Grimmsnarl, M|100\/100\n|move|p2a: Calyrex|Psyshock|p1a: Grimmsnarl\n|-immune|p1a: Grimmsnarl\n|\n|upkeep\n|turn|18\n|\n|t:|1700069483\n|switch|p2a: Zacian|Zacian-Crowned|88\/100\n|-damage|p2a: Zacian|82\/100|[from] Stealth Rock\n|move|p1a: Grimmsnarl|Parting Shot|p2a: Zacian\n|-unboost|p2a: Zacian|atk|1\n|-unboost|p2a: Zacian|spa|1\n|\n|t:|1700069494\n|switch|p1a: Skeledirge|Skeledirge, F|100\/100|[from] Parting Shot\n|\n|upkeep\n|turn|19\n|\n|t:|1700069507\n|switch|p2a: Miraidon|Miraidon|54\/100\n|-damage|p2a: Miraidon|41\/100|[from] Stealth Rock\n|-fieldstart|move: Electric Terrain|[from] ability: Hadron Engine|[of] p2a: Miraidon\n|move|p1a: Skeledirge|Hex|p2a: Miraidon\n|-damage|p2a: Miraidon|19\/100\n|\n|upkeep\n|turn|20\n|\n|t:|1700069530\n|move|p2a: Miraidon|Electro Drift|p1a: Skeledirge\n|-damage|p1a: Skeledirge|11\/100\n|move|p1a: Skeledirge|Hex|p2a: Miraidon\n|-damage|p2a: Miraidon|0 fnt\n|faint|p2a: Miraidon\n|\n|upkeep\n|\n|t:|1700069543\n|switch|p2a: Calyrex|Calyrex-Shadow|88\/100\n|-ability|p2a: Calyrex|As One\n|-ability|p2a: Calyrex|Unnerve\n|-damage|p2a: Calyrex|76\/100|[from] Stealth Rock\n|turn|21\n|\n|t:|1700069555\n|switch|p1a: Grimmsnarl|Grimmsnarl, M|100\/100\n|move|p2a: Calyrex|Psyshock|p1a: Grimmsnarl\n|-immune|p1a: Grimmsnarl\n|\n|upkeep\n|turn|22\n|\n|t:|1700069566\n|switch|p2a: Koraidon|Koraidon|88\/100 brn\n|-damage|p2a: Koraidon|82\/100 brn|[from] Stealth Rock\n|-weather|SunnyDay|[from] ability: Orichalcum Pulse|[of] p2a: Koraidon\n|-activate|p2a: Koraidon|Orichalcum Pulse|[source]\n|move|p1a: Grimmsnarl|Spirit Break|p2a: Koraidon\n|-supereffective|p2a: Koraidon\n|-damage|p2a: Koraidon|0 fnt\n|faint|p2a: Koraidon\n|\n|-weather|SunnyDay|[upkeep]\n|upkeep\n|\n|t:|1700069579\n|switch|p2a: Zacian|Zacian-Crowned|82\/100\n|-damage|p2a: Zacian|76\/100|[from] Stealth Rock\n|turn|23\n|\n|t:|1700069591\n|move|p1a: Grimmsnarl|Parting Shot|p2a: Zacian\n|-unboost|p2a: Zacian|atk|1\n|-unboost|p2a: Zacian|spa|1\n|\n|t:|1700069601\n|switch|p1a: Skeledirge|Skeledirge, F|11\/100|[from] Parting Shot\n|move|p2a: Zacian|Swords Dance|p2a: Zacian\n|-boost|p2a: Zacian|atk|2\n|\n|-weather|SunnyDay|[upkeep]\n|-fieldend|move: Electric Terrain\n|upkeep\n|turn|24\n|\n|t:|1700069614\n|move|p2a: Zacian|Behemoth Blade|p1a: Skeledirge\n|-resisted|p1a: Skeledirge\n|-damage|p1a: Skeledirge|0 fnt\n|faint|p1a: Skeledirge\n|\n|-weather|SunnyDay|[upkeep]\n|upkeep\n|\n|t:|1700069620\n|switch|p1a: Miraidon|Miraidon|93\/100\n|-fieldstart|move: Electric Terrain|[from] ability: Hadron Engine|[of] p1a: Miraidon\n|turn|25\n|\n|t:|1700069635\n|-terastallize|p1a: Miraidon|Fairy\n|move|p2a: Zacian|Play Rough|p1a: Miraidon\n|-damage|p1a: Miraidon|20\/100\n|move|p1a: Miraidon|Electro Drift|p2a: Zacian\n|-damage|p2a: Zacian|0 fnt\n|faint|p2a: Zacian\n|\n|-weather|SunnyDay|[upkeep]\n|upkeep\n|\n|t:|1700069652\n|switch|p2a: Kyogre|Kyogre, tera:Water|76\/100\n|-damage|p2a: Kyogre|64\/100|[from] Stealth Rock\n|-weather|RainDance|[from] ability: Drizzle|[of] p2a: Kyogre\n|turn|26\n|\n|t:|1700069658\n|move|p1a: Miraidon|Protect|p1a: Miraidon\n|-singleturn|p1a: Miraidon|Protect\n|move|p2a: Kyogre|Water Spout|p1a: Miraidon\n|-activate|p1a: Miraidon|move: Protect\n|\n|-weather|RainDance|[upkeep]\n|upkeep\n|turn|27\n|\n|t:|1700069671\n|switch|p1a: Blissey|Blissey, F|39\/100\n|move|p2a: Kyogre|Water Spout|p1a: Blissey\n|-damage|p1a: Blissey|8\/100\n|\n|-weather|RainDance|[upkeep]\n|upkeep\n|turn|28\n|\n|t:|1700069682\n|move|p2a: Kyogre|Water Spout|p1a: Blissey\n|-damage|p1a: Blissey|0 fnt\n|faint|p1a: Blissey\n|\n|-weather|RainDance|[upkeep]\n|upkeep\n|\n|t:|1700069688\n|switch|p1a: Miraidon|Miraidon, tera:Fairy|20\/100\n|-activate|p1a: Miraidon|ability: Hadron Engine\n|turn|29\n|\n|t:|1700069693\n|move|p1a: Miraidon|Protect|p1a: Miraidon\n|-singleturn|p1a: Miraidon|Protect\n|move|p2a: Kyogre|Water Spout|p1a: Miraidon\n|-activate|p1a: Miraidon|move: Protect\n|\n|-weather|RainDance|[upkeep]\n|-fieldend|move: Electric Terrain\n|upkeep\n|turn|30\n|\n|t:|1700069705\n|-activate|p2a: Kyogre|move: Struggle\n|move|p2a: Kyogre|Struggle|p1a: Miraidon\n|-damage|p1a: Miraidon|11\/100\n|-damage|p2a: Kyogre|39\/100|[from] recoil\n|move|p1a: Miraidon|Electro Drift|p2a: Kyogre\n|-supereffective|p2a: Kyogre\n|-damage|p2a: Kyogre|0 fnt\n|faint|p2a: Kyogre\n|\n|-weather|none\n|upkeep\n|\n|t:|1700069710\n|switch|p2a: Calyrex|Calyrex-Shadow|76\/100\n|-ability|p2a: Calyrex|As One\n|-ability|p2a: Calyrex|Unnerve\n|-damage|p2a: Calyrex|64\/100|[from] Stealth Rock\n|turn|31\n|\n|t:|1700069719\n|move|p1a: Miraidon|Protect|p1a: Miraidon\n|-singleturn|p1a: Miraidon|Protect\n|move|p2a: Calyrex|Energy Ball|p1a: Miraidon\n|-activate|p1a: Miraidon|move: Protect\n|\n|upkeep\n|turn|32\n|\n|t:|1700069725\n|switch|p1a: Grimmsnarl|Grimmsnarl, M|100\/100\n|move|p2a: Calyrex|Energy Ball|p1a: Grimmsnarl\n|-damage|p1a: Grimmsnarl|73\/100\n|-unboost|p1a: Grimmsnarl|spd|1\n|\n|upkeep\n|turn|33\n|\n|t:|1700069733\n|move|p1a: Grimmsnarl|Sucker Punch|p2a: Calyrex\n|-supereffective|p2a: Calyrex\n|-damage|p2a: Calyrex|0 fnt\n|faint|p2a: Calyrex\n|\n|win|hoenn militian\n|raw|hoenn militian's rating: 1736 &rarr; <strong>1746<\/strong><br \/>(+10 for winning)\n|raw|1nsan3x's rating: 1543 &rarr; <strong>1533<\/strong><br \/>(-10 for losing)\n|l|\u26061nsan3x\n","uploadtime":1700069759,"views":8,"p1id":"hoennmilitian","p2id":"1nsan3x","formatid":"gen9anythinggoes","rating":1533,"private":0,"password":""}