{"id":"gen9anythinggoes-1976985698","p1":"Vee 9th 1","p2":"Lolduck","format":"[Gen 9] Anything Goes","log":"|j|\u2606Vee 9th 1\n|j|\u2606Lolduck\n|t:|1698358886\n|gametype|singles\n|player|p1|Vee 9th 1|youngster-gen4dp|1146\n|player|p2|Lolduck|dancer|1224\n|teamsize|p1|6\n|teamsize|p2|6\n|gen|9\n|tier|[Gen 9] Anything Goes\n|rated|\n|rule|HP Percentage Mod: HP is shown in percentages\n|rule|Endless Battle Clause: Forcing endless battles is banned\n|clearpoke\n|poke|p1|Meowscarada, F|\n|poke|p1|Regieleki|\n|poke|p1|Mienshao, F|\n|poke|p1|Empoleon, M|\n|poke|p1|Ceruledge, F|\n|poke|p1|Garchomp, M|\n|poke|p2|Calyrex-Shadow|\n|poke|p2|Miraidon|\n|poke|p2|Miraidon|\n|poke|p2|Miraidon|\n|poke|p2|Miraidon|\n|poke|p2|Miraidon|\n|teampreview\n|\n|t:|1698358898\n|start\n|switch|p1a: Garchomp|Garchomp, M|100\/100\n|switch|p2a: Miraidon|Miraidon|100\/100\n|-fieldstart|move: Electric Terrain|[from] ability: Hadron Engine|[of] p2a: Miraidon\n|turn|1\n|\n|t:|1698358906\n|move|p2a: Miraidon|U-turn|p1a: Garchomp\n|-damage|p1a: Garchomp|89\/100\n|-damage|p2a: Miraidon|88\/100|[from] ability: Rough Skin|[of] p1a: Garchomp\n|\n|t:|1698358909\n|switch|p2a: Miraidon|Miraidon|100\/100|[from] U-turn\n|-activate|p2a: Miraidon|ability: Hadron Engine\n|-item|p2a: Miraidon|Air Balloon\n|move|p1a: Garchomp|Earthquake|p2a: Miraidon\n|-immune|p2a: Miraidon\n|\n|upkeep\n|turn|2\n|\n|t:|1698358920\n|move|p2a: Miraidon|Dazzling Gleam|p1a: Garchomp\n|-supereffective|p1a: Garchomp\n|-damage|p1a: Garchomp|27\/100\n|move|p1a: Garchomp|Dragon Claw|p2a: Miraidon\n|-supereffective|p2a: Miraidon\n|-damage|p2a: Miraidon|30\/100\n|-enditem|p2a: Miraidon|Air Balloon\n|\n|upkeep\n|turn|3\n|\n|t:|1698358929\n|move|p2a: Miraidon|Dazzling Gleam|p1a: Garchomp\n|-supereffective|p1a: Garchomp\n|-damage|p1a: Garchomp|0 fnt\n|faint|p1a: Garchomp\n|\n|upkeep\n|\n|t:|1698358936\n|switch|p1a: Regieleki|Regieleki, shiny|100\/100\n|turn|4\n|\n|t:|1698358949\n|move|p1a: Regieleki|Extreme Speed|p2a: Miraidon\n|-damage|p2a: Miraidon|10\/100\n|move|p2a: Miraidon|Overheat|p1a: Regieleki\n|-damage|p1a: Regieleki|19\/100\n|-unboost|p2a: Miraidon|spa|2\n|\n|upkeep\n|turn|5\n|\n|t:|1698358958\n|move|p1a: Regieleki|Thunder Cage|p2a: Miraidon|[miss]\n|-miss|p1a: Regieleki|p2a: Miraidon\n|move|p2a: Miraidon|Dazzling Gleam|p1a: Regieleki\n|-damage|p1a: Regieleki|0 fnt\n|faint|p1a: Regieleki\n|\n|-fieldend|move: Electric Terrain\n|upkeep\n|\n|t:|1698358967\n|switch|p1a: Meowscarada|Meowscarada, F|100\/100\n|turn|6\n|\n|t:|1698358971\n|move|p1a: Meowscarada|U-turn|p2a: Miraidon\n|-start|p1a: Meowscarada|typechange|Bug|[from] ability: Protean\n|-damage|p2a: Miraidon|0 fnt\n|faint|p2a: Miraidon\n|\n|t:|1698358982\n|switch|p1a: Ceruledge|Ceruledge, F|100\/100|[from] U-turn\n|\n|upkeep\n|\n|t:|1698358988\n|switch|p2a: Miraidon|Miraidon|88\/100\n|-fieldstart|move: Electric Terrain|[from] ability: Hadron Engine|[of] p2a: Miraidon\n|turn|7\n|\n|t:|1698358995\n|move|p2a: Miraidon|U-turn|p1a: Ceruledge\n|-resisted|p1a: Ceruledge\n|-damage|p1a: Ceruledge|97\/100\n|\n|t:|1698358998\n|switch|p2a: Miraidon|Miraidon|100\/100|[from] U-turn\n|-activate|p2a: Miraidon|ability: Hadron Engine\n|move|p1a: Ceruledge|Swords Dance|p1a: Ceruledge\n|-boost|p1a: Ceruledge|atk|2\n|\n|upkeep\n|turn|8\n|\n|t:|1698359012\n|-terastallize|p1a: Ceruledge|Fire\n|move|p2a: Miraidon|Electro Drift|p1a: Ceruledge\n|-damage|p1a: Ceruledge|0 fnt\n|faint|p1a: Ceruledge\n|\n|upkeep\n|\n|t:|1698359023\n|switch|p1a: Empoleon|Empoleon, M|100\/100\n|turn|9\n|\n|t:|1698359029\n|move|p2a: Miraidon|Electro Drift|p1a: Empoleon\n|-supereffective|p1a: Empoleon\n|-damage|p1a: Empoleon|0 fnt\n|faint|p1a: Empoleon\n|\n|upkeep\n|-message|Vee 9th 1 forfeited.\n|\n|win|Lolduck\n|raw|Vee 9th 1's rating: 1146 &rarr; <strong>1127<\/strong><br \/>(-19 for losing)\n|raw|Lolduck's rating: 1224 &rarr; <strong>1243<\/strong><br \/>(+19 for winning)\n|l|\u2606Vee 9th 1\n","uploadtime":1698359048,"views":7,"p1id":"vee9th1","p2id":"lolduck","formatid":"gen9anythinggoes","rating":1127,"private":0,"password":""}