{"id":"gen9anythinggoes-1975485923","p1":"Bshshdhsbrjdj","p2":"Sni30","format":"[Gen 9] Anything Goes","log":"|j|\u2606Bshshdhsbrjdj\n|j|\u2606Sni30\n|t:|1698196459\n|gametype|singles\n|player|p1|Bshshdhsbrjdj|265|1000\n|player|p2|Sni30|pokemaniac|1012\n|teamsize|p1|6\n|teamsize|p2|6\n|gen|9\n|tier|[Gen 9] Anything Goes\n|rated|\n|rule|HP Percentage Mod: HP is shown in percentages\n|rule|Endless Battle Clause: Forcing endless battles is banned\n|clearpoke\n|poke|p1|Darkrai|\n|poke|p1|Ditto|\n|poke|p1|Lucario, M|\n|poke|p1|Diglett, F|\n|poke|p1|Calyrex-Ice|\n|poke|p1|Moltres-Galar|\n|poke|p2|Drifblim, F|\n|poke|p2|Medicham, F|\n|poke|p2|Krookodile, M|\n|poke|p2|Dragapult, M|\n|poke|p2|Calyrex-Shadow|\n|poke|p2|Manaphy|\n|teampreview\n|inactive|Battle timer is ON: inactive players will automatically lose when time's up. (requested by Sni30)\n|inactiveoff|Battle timer is now OFF.\n|\n|t:|1698196468\n|start\n|switch|p1a: Ditto|Ditto|100\/100\n|switch|p2a: Drifblim|Drifblim, F, shiny|100\/100\n|turn|1\n|\n|t:|1698196487\n|switch|p1a: Darkrai|Darkrai|100\/100\n|move|p2a: Drifblim|Substitute|p2a: Drifblim\n|-start|p2a: Drifblim|Substitute\n|-damage|p2a: Drifblim|75\/100\n|\n|-heal|p2a: Drifblim|82\/100|[from] item: Leftovers\n|upkeep\n|turn|2\n|\n|t:|1698196501\n|move|p1a: Darkrai|Blizzard|p2a: Drifblim|[miss]\n|-miss|p1a: Darkrai|p2a: Drifblim\n|move|p2a: Drifblim|Minimize|p2a: Drifblim\n|-boost|p2a: Drifblim|evasion|2\n|\n|-heal|p2a: Drifblim|88\/100|[from] item: Leftovers\n|upkeep\n|turn|3\n|c|\u2606Sni30|Hi\n|\n|t:|1698196514\n|switch|p1a: Ditto|Ditto|100\/100\n|move|p2a: Drifblim|Minimize|p2a: Drifblim\n|-boost|p2a: Drifblim|evasion|2\n|\n|-heal|p2a: Drifblim|94\/100|[from] item: Leftovers\n|upkeep\n|turn|4\n|\n|t:|1698196523\n|move|p2a: Drifblim|Minimize|p2a: Drifblim\n|-boost|p2a: Drifblim|evasion|2\n|-activate|p1a: Ditto|move: Struggle\n|move|p1a: Ditto|Struggle|p2a: Drifblim\n|-activate|p2a: Drifblim|move: Substitute|[damage]\n|-damage|p1a: Ditto|75\/100|[from] recoil\n|\n|-heal|p2a: Drifblim|99\/100|[from] item: Leftovers\n|upkeep\n|turn|5\n|\n|t:|1698196534\n|move|p2a: Drifblim|Baton Pass|p2a: Drifblim\n|\n|t:|1698196535\n|switch|p2a: Medicham|Medicham, F|100\/100|[from] Baton Pass\n|-activate|p1a: Ditto|move: Struggle\n|move|p1a: Ditto|Struggle|p2a: Medicham\n|-activate|p2a: Medicham|move: Substitute|[damage]\n|-damage|p1a: Ditto|50\/100|[from] recoil\n|\n|upkeep\n|turn|6\n|\n|t:|1698196547\n|move|p2a: Medicham|Bulk Up|p2a: Medicham\n|-boost|p2a: Medicham|atk|1\n|-boost|p2a: Medicham|def|1\n|-activate|p1a: Ditto|move: Struggle\n|move|p1a: Ditto|Struggle|p2a: Medicham\n|-activate|p2a: Medicham|move: Substitute|[damage]\n|-damage|p1a: Ditto|25\/100|[from] recoil\n|\n|upkeep\n|turn|7\n|\n|t:|1698196555\n|move|p2a: Medicham|Bulk Up|p2a: Medicham\n|-boost|p2a: Medicham|atk|1\n|-boost|p2a: Medicham|def|1\n|-activate|p1a: Ditto|move: Struggle\n|move|p1a: Ditto|Struggle|p2a: Medicham\n|-activate|p2a: Medicham|move: Substitute|[damage]\n|-damage|p1a: Ditto|0 fnt|[from] recoil\n|faint|p1a: Ditto\n|\n|upkeep\n|\n|t:|1698196566\n|switch|p1a: Darkrai|Darkrai|100\/100\n|turn|8\n|\n|t:|1698196572\n|-singleturn|p1a: Darkrai|move: Focus Punch\n|move|p2a: Medicham|Bulk Up|p2a: Medicham\n|-boost|p2a: Medicham|atk|1\n|-boost|p2a: Medicham|def|1\n|move|p1a: Darkrai|Focus Punch|p2a: Medicham|[miss]\n|-miss|p1a: Darkrai|p2a: Medicham\n|\n|upkeep\n|turn|9\n|\n|t:|1698196584\n|-singleturn|p1a: Darkrai|move: Focus Punch\n|move|p2a: Medicham|Bulk Up|p2a: Medicham\n|-boost|p2a: Medicham|atk|1\n|-boost|p2a: Medicham|def|1\n|move|p1a: Darkrai|Focus Punch|p2a: Medicham|[miss]\n|-miss|p1a: Darkrai|p2a: Medicham\n|\n|upkeep\n|turn|10\n|\n|t:|1698196600\n|-terastallize|p1a: Darkrai|Dark\n|move|p1a: Darkrai|Focus Blast|p2a: Medicham|[miss]\n|-miss|p1a: Darkrai|p2a: Medicham\n|move|p2a: Medicham|Acupressure|p2a: Medicham\n|-boost|p2a: Medicham|spa|2\n|\n|upkeep\n|turn|11\n|\n|t:|1698196614\n|switch|p1a: Diglett|Diglett, F|100\/100\n|move|p2a: Medicham|Acupressure|p2a: Medicham\n|-boost|p2a: Medicham|accuracy|2\n|\n|upkeep\n|turn|12\n|\n|t:|1698196620\n|move|p2a: Medicham|Acupressure|p2a: Medicham\n|-boost|p2a: Medicham|spd|2\n|move|p1a: Diglett|Dig||[still]\n|-prepare|p1a: Diglett|Dig\n|\n|upkeep\n|turn|13\n|\n|t:|1698196634\n|move|p2a: Medicham|Protect|p2a: Medicham\n|-singleturn|p2a: Medicham|Protect\n|move|p1a: Diglett|Dig|p2a: Medicham|[from]lockedmove\n|-activate|p2a: Medicham|move: Protect\n|\n|upkeep\n|turn|14\n|\n|t:|1698196643\n|move|p2a: Medicham|Acupressure|p2a: Medicham\n|-boost|p2a: Medicham|def|2\n|move|p1a: Diglett|Dig||[still]\n|-prepare|p1a: Diglett|Dig\n|\n|upkeep\n|turn|15\n|\n|t:|1698196649\n|move|p2a: Medicham|Protect|p2a: Medicham\n|-singleturn|p2a: Medicham|Protect\n|move|p1a: Diglett|Dig|p2a: Medicham|[from]lockedmove\n|-activate|p2a: Medicham|move: Protect\n|\n|upkeep\n|turn|16\n|\n|t:|1698196657\n|move|p2a: Medicham|Acupressure|p2a: Medicham\n|-boost|p2a: Medicham|spd|2\n|move|p1a: Diglett|Dig||[still]\n|-prepare|p1a: Diglett|Dig\n|\n|upkeep\n|turn|17\n|\n|t:|1698196663\n|move|p2a: Medicham|Protect|p2a: Medicham\n|-singleturn|p2a: Medicham|Protect\n|move|p1a: Diglett|Dig|p2a: Medicham|[from]lockedmove\n|-activate|p2a: Medicham|move: Protect\n|\n|upkeep\n|turn|18\n|\n|t:|1698196669\n|move|p2a: Medicham|Acupressure|p2a: Medicham\n|-boost|p2a: Medicham|atk|2\n|move|p1a: Diglett|Dig||[still]\n|-prepare|p1a: Diglett|Dig\n|\n|upkeep\n|turn|19\n|\n|t:|1698196676\n|move|p2a: Medicham|Protect|p2a: Medicham\n|-singleturn|p2a: Medicham|Protect\n|move|p1a: Diglett|Dig|p2a: Medicham|[from]lockedmove\n|-activate|p2a: Medicham|move: Protect\n|\n|upkeep\n|turn|20\n|\n|t:|1698196684\n|move|p2a: Medicham|Acupressure|p2a: Medicham\n|-boost|p2a: Medicham|spd|2\n|move|p1a: Diglett|Dig||[still]\n|-prepare|p1a: Diglett|Dig\n|\n|upkeep\n|turn|21\n|\n|t:|1698196693\n|move|p2a: Medicham|Protect|p2a: Medicham\n|-singleturn|p2a: Medicham|Protect\n|move|p1a: Diglett|Dig|p2a: Medicham|[from]lockedmove\n|-activate|p2a: Medicham|move: Protect\n|\n|upkeep\n|turn|22\n|\n|t:|1698196703\n|move|p2a: Medicham|Acupressure|p2a: Medicham\n|-boost|p2a: Medicham|spe|2\n|move|p1a: Diglett|Dig||[still]\n|-prepare|p1a: Diglett|Dig\n|\n|upkeep\n|turn|23\n|\n|t:|1698196709\n|move|p2a: Medicham|Protect|p2a: Medicham\n|-singleturn|p2a: Medicham|Protect\n|move|p1a: Diglett|Dig|p2a: Medicham|[from]lockedmove\n|-activate|p2a: Medicham|move: Protect\n|\n|upkeep\n|turn|24\n|\n|t:|1698196718\n|move|p2a: Medicham|Acupressure|p2a: Medicham\n|-boost|p2a: Medicham|spe|2\n|move|p1a: Diglett|Earthquake|p2a: Medicham\n|-end|p2a: Medicham|Substitute\n|\n|upkeep\n|turn|25\n|\n|t:|1698196746\n|move|p2a: Medicham|Baton Pass|p2a: Medicham\n|\n|t:|1698196748\n|switch|p2a: Krookodile|Krookodile, M, shiny|100\/100|[from] Baton Pass\n|move|p1a: Diglett|Dig||[still]\n|-prepare|p1a: Diglett|Dig\n|\n|upkeep\n|turn|26\n|\n|t:|1698196792\n|move|p2a: Krookodile|Brick Break|p1a: Diglett|[miss]\n|-miss|p2a: Krookodile|p1a: Diglett\n|move|p1a: Diglett|Dig|p2a: Krookodile|[from]lockedmove|[miss]\n|-miss|p1a: Diglett|p2a: Krookodile\n|\n|upkeep\n|turn|27\n|\n|t:|1698196824\n|move|p2a: Krookodile|Power Trip|p1a: Diglett\n|-damage|p1a: Diglett|0 fnt\n|faint|p1a: Diglett\n|\n|upkeep\n|\n|t:|1698196831\n|switch|p1a: Moltres|Moltres-Galar|100\/100\n|turn|28\n|inactive|Battle timer is ON: inactive players will automatically lose when time's up. (requested by Bshshdhsbrjdj)\n|\n|t:|1698196879\n|move|p2a: Krookodile|Power Trip|p1a: Moltres\n|-resisted|p1a: Moltres\n|-damage|p1a: Moltres|0 fnt\n|faint|p1a: Moltres\n|\n|upkeep\n|\n|t:|1698196886\n|switch|p1a: Calyrex|Calyrex-Ice|100\/100\n|-ability|p1a: Calyrex|As One\n|-ability|p1a: Calyrex|Unnerve\n|turn|29\n|\n|t:|1698196894\n|move|p2a: Krookodile|Power Trip|p1a: Calyrex\n|-supereffective|p1a: Calyrex\n|-damage|p1a: Calyrex|0 fnt\n|faint|p1a: Calyrex\n|\n|upkeep\n|\n|t:|1698196901\n|switch|p1a: Darkrai|Darkrai, tera:Dark|100\/100\n|turn|30\n|inactive|Sni30 has 120 seconds left.\n|inactive|Sni30 has 90 seconds left.\n|inactive|Sni30 has 60 seconds left.\n|\n|t:|1698196997\n|move|p2a: Krookodile|Power Trip|p1a: Darkrai\n|-resisted|p1a: Darkrai\n|-damage|p1a: Darkrai|0 fnt\n|faint|p1a: Darkrai\n|\n|upkeep\n|l|\u2606Bshshdhsbrjdj\n|inactive|Bshshdhsbrjdj disconnected and has a minute to reconnect!\n|player|p1|\n|inactive|Bshshdhsbrjdj has 30 seconds to reconnect!\n|inactive|Bshshdhsbrjdj has 20 seconds to reconnect!\n|inactive|Bshshdhsbrjdj has 15 seconds to reconnect!\n|inactive|Bshshdhsbrjdj has 10 seconds to reconnect!\n|inactive|Bshshdhsbrjdj has 5 seconds to reconnect!\n|-message|Bshshdhsbrjdj lost due to inactivity.\n|\n|win|Sni30\n|raw|Bshshdhsbrjdj's rating: 1000 &rarr; <strong>1000<\/strong><br \/>(+0 for losing)\n|raw|Sni30's rating: 1012 &rarr; <strong>1049<\/strong><br \/>(+37 for winning)\n","uploadtime":1698197093,"views":14,"p1id":"bshshdhsbrjdj","p2id":"sni30","formatid":"gen9anythinggoes","rating":1000,"private":0,"password":""}