{"id":"gen9anythinggoes-1985398484","p1":"raldhahah","p2":"jerry_g13","format":"[Gen 9] Anything Goes","log":"|j|\u2606raldhahah\n|j|\u2606jerry_g13\n|t:|1699371384\n|gametype|singles\n|player|p1|raldhahah|1|1160\n|player|p2|jerry_g13|sabrina|1053\n|teamsize|p1|6\n|teamsize|p2|6\n|gen|9\n|tier|[Gen 9] Anything Goes\n|rated|\n|rule|HP Percentage Mod: HP is shown in percentages\n|rule|Endless Battle Clause: Forcing endless battles is banned\n|clearpoke\n|poke|p1|Salamence, F|\n|poke|p1|Jirachi|\n|poke|p1|Diancie|\n|poke|p1|Mimikyu, M|\n|poke|p1|Jolteon, M|\n|poke|p1|Magearna|\n|poke|p2|Slowbro-Galar, F|\n|poke|p2|Slowpoke, M|\n|poke|p2|Slowbro, M|\n|poke|p2|Slowking, F|\n|poke|p2|Slowking-Galar, M|\n|poke|p2|Slowpoke-Galar, M|\n|teampreview\n|j| Squishy27\n|\n|t:|1699371410\n|start\n|switch|p1a: Jolteon|Jolteon, M|100\/100\n|switch|p2a: Slowking|Slowking, F|100\/100\n|turn|1\n|\n|t:|1699371438\n|move|p1a: Jolteon|Volt Switch|p2a: Slowking\n|-supereffective|p2a: Slowking\n|-damage|p2a: Slowking|71\/100\n|\n|t:|1699371456\n|switch|p1a: Jirachi|Jirachi|100\/100|[from] Volt Switch\n|move|p2a: Slowking|Light Screen|p2a: Slowking\n|-sidestart|p2: jerry_g13|move: Light Screen\n|\n|upkeep\n|turn|2\n|inactive|Battle timer is ON: inactive players will automatically lose when time's up. (requested by jerry_g13)\n|\n|t:|1699371462\n|move|p1a: Jirachi|Substitute|p1a: Jirachi\n|-start|p1a: Jirachi|Substitute\n|-damage|p1a: Jirachi|76\/100\n|move|p2a: Slowking|Reflect|p2a: Slowking\n|-sidestart|p2: jerry_g13|Reflect\n|\n|-heal|p1a: Jirachi|82\/100|[from] item: Leftovers\n|upkeep\n|turn|3\n|l| Squishy27\n|\n|t:|1699371469\n|move|p1a: Jirachi|Calm Mind|p1a: Jirachi\n|-boost|p1a: Jirachi|spa|1\n|-boost|p1a: Jirachi|spd|1\n|move|p2a: Slowking|Trick Room|p2a: Slowking\n|-fieldstart|move: Trick Room|[of] p2a: Slowking\n|\n|-heal|p1a: Jirachi|88\/100|[from] item: Leftovers\n|upkeep\n|turn|4\n|\n|t:|1699371477\n|move|p2a: Slowking|Chilly Reception|p2a: Slowking\n|-weather|Snow\n|\n|t:|1699371483\n|switch|p2a: Slowbro|Slowbro-Galar, F|100\/100|[from] Chilly Reception\n|move|p1a: Jirachi|Calm Mind|p1a: Jirachi\n|-boost|p1a: Jirachi|spa|1\n|-boost|p1a: Jirachi|spd|1\n|\n|-weather|Snow|[upkeep]\n|-heal|p1a: Jirachi|94\/100|[from] item: Leftovers\n|upkeep\n|turn|5\n|\n|t:|1699371493\n|move|p2a: Slowbro|Belly Drum|p2a: Slowbro\n|-damage|p2a: Slowbro|50\/100\n|-setboost|p2a: Slowbro|atk|6|[from] move: Belly Drum\n|-enditem|p2a: Slowbro|Sitrus Berry|[eat]\n|-heal|p2a: Slowbro|75\/100|[from] item: Sitrus Berry\n|move|p1a: Jirachi|Calm Mind|p1a: Jirachi\n|-boost|p1a: Jirachi|spa|1\n|-boost|p1a: Jirachi|spd|1\n|\n|-weather|Snow|[upkeep]\n|-heal|p1a: Jirachi|100\/100|[from] item: Leftovers\n|upkeep\n|turn|6\n|\n|t:|1699371505\n|-terastallize|p2a: Slowbro|Fighting\n|move|p2a: Slowbro|Drain Punch|p1a: Jirachi\n|-crit|p1a: Jirachi\n|-end|p1a: Jirachi|Substitute\n|-heal|p2a: Slowbro|88\/100|[from] drain|[of] p1a: Jirachi\n|move|p1a: Jirachi|Doom Desire|p2a: Slowbro\n|-start|p1a: Jirachi|Doom Desire\n|\n|-weather|Snow|[upkeep]\n|upkeep\n|turn|7\n|-activate|p2a: Slowbro|ability: Quick Draw\n|\n|t:|1699371522\n|move|p2a: Slowbro|Drain Punch|p1a: Jirachi\n|-damage|p1a: Jirachi|13\/100\n|-heal|p2a: Slowbro|100\/100|[from] drain|[of] p1a: Jirachi\n|move|p1a: Jirachi|Substitute|p1a: Jirachi\n|-fail|p1a: Jirachi|move: Substitute|[weak]\n|\n|-weather|Snow|[upkeep]\n|-heal|p1a: Jirachi|20\/100|[from] item: Leftovers\n|-fieldend|move: Trick Room\n|upkeep\n|turn|8\n|\n|t:|1699371537\n|move|p1a: Jirachi|Calm Mind|p1a: Jirachi\n|-boost|p1a: Jirachi|spa|1\n|-boost|p1a: Jirachi|spd|1\n|move|p2a: Slowbro|Drain Punch|p1a: Jirachi\n|-damage|p1a: Jirachi|0 fnt\n|faint|p1a: Jirachi\n|\n|-weather|none\n|-end|p2a: Slowbro|move: Doom Desire\n|-damage|p2a: Slowbro|74\/100\n|-sideend|p2: jerry_g13|move: Light Screen\n|upkeep\n|\n|t:|1699371556\n|switch|p1a: Diancie|Diancie|100\/100\n|turn|9\n|-activate|p2a: Slowbro|ability: Quick Draw\n|\n|t:|1699371561\n|move|p2a: Slowbro|Shell Side Arm|p1a: Diancie|[anim] Shell Side Arm Physical\n|-damage|p1a: Diancie|0 fnt\n|-hint|Physical Shell Side Arm\n|faint|p1a: Diancie\n|\n|-sideend|p2: jerry_g13|Reflect\n|upkeep\n|\n|t:|1699371573\n|switch|p1a: Mimikyu|Mimikyu, M|100\/100\n|turn|10\n|\n|t:|1699371577\n|move|p2a: Slowbro|Shell Side Arm|p1a: Mimikyu|[anim] Shell Side Arm Physical\n|-activate|p1a: Mimikyu|ability: Disguise\n|-damage|p1a: Mimikyu|100\/100\n|-hint|Physical Shell Side Arm\n|detailschange|p1a: Mimikyu|Mimikyu-Busted, M\n|-damage|p1a: Mimikyu|88\/100|[from] pokemon: Mimikyu-Busted\n|move|p1a: Mimikyu|Trick Room|p1a: Mimikyu\n|-fieldstart|move: Trick Room|[of] p1a: Mimikyu\n|\n|upkeep\n|turn|11\n|\n|t:|1699371587\n|move|p2a: Slowbro|Shell Side Arm|p1a: Mimikyu|[anim] Shell Side Arm Physical\n|-damage|p1a: Mimikyu|0 fnt\n|-hint|Physical Shell Side Arm\n|faint|p1a: Mimikyu\n|\n|upkeep\n|c|\u2606jerry_g13|what\n|\n|t:|1699371594\n|switch|p1a: Magearna|Magearna|100\/100\n|turn|12\n|\n|t:|1699371598\n|move|p2a: Slowbro|Drain Punch|p1a: Magearna\n|-enditem|p1a: Magearna|Focus Sash\n|-damage|p1a: Magearna|1\/100\n|-heal|p2a: Slowbro|100\/100|[from] drain|[of] p1a: Magearna\n|move|p1a: Magearna|Steel Beam|p2a: Slowbro\n|-damage|p2a: Slowbro|0 fnt\n|-damage|p1a: Magearna|0 fnt|[from] steelbeam\n|faint|p1a: Magearna\n|faint|p2a: Slowbro\n|\n|upkeep\n|\n|t:|1699371610\n|switch|p2a: Slowking|Slowking, F|100\/100\n|switch|p1a: Salamence|Salamence, F|100\/100\n|turn|13\n|\n|t:|1699371615\n|move|p2a: Slowking|Reflect|p2a: Slowking\n|-sidestart|p2: jerry_g13|Reflect\n|move|p1a: Salamence|Dragon Dance|p1a: Salamence\n|-boost|p1a: Salamence|atk|1\n|-boost|p1a: Salamence|spe|1\n|\n|upkeep\n|turn|14\n|\n|t:|1699371620\n|move|p2a: Slowking|Light Screen|p2a: Slowking\n|-sidestart|p2: jerry_g13|move: Light Screen\n|move|p1a: Salamence|Dragon Dance|p1a: Salamence\n|-boost|p1a: Salamence|atk|1\n|-boost|p1a: Salamence|spe|1\n|\n|-fieldend|move: Trick Room\n|upkeep\n|turn|15\n|\n|t:|1699371627\n|move|p1a: Salamence|Dragon Dance|p1a: Salamence\n|-boost|p1a: Salamence|atk|1\n|-boost|p1a: Salamence|spe|1\n|move|p2a: Slowking|Trick Room|p2a: Slowking\n|-fieldstart|move: Trick Room|[of] p2a: Slowking\n|\n|upkeep\n|turn|16\n|\n|t:|1699371633\n|move|p2a: Slowking|Chilly Reception|p2a: Slowking\n|-weather|Snow\n|\n|t:|1699371637\n|switch|p2a: Slowpoke|Slowpoke-Galar, M|100\/100|[from] Chilly Reception\n|move|p1a: Salamence|Substitute|p1a: Salamence\n|-start|p1a: Salamence|Substitute\n|-damage|p1a: Salamence|76\/100\n|\n|-weather|Snow|[upkeep]\n|upkeep\n|turn|17\n|\n|t:|1699371646\n|move|p2a: Slowpoke|Foul Play|p1a: Salamence\n|-end|p1a: Salamence|Substitute\n|move|p1a: Salamence|Dragon Claw|p2a: Slowpoke\n|-damage|p2a: Slowpoke|60\/100\n|\n|-weather|Snow|[upkeep]\n|-heal|p2a: Slowpoke|66\/100|[from] item: Leftovers\n|upkeep\n|turn|18\n|\n|t:|1699371655\n|move|p2a: Slowpoke|Foul Play|p1a: Salamence\n|-damage|p1a: Salamence|15\/100\n|move|p1a: Salamence|Dragon Dance|p1a: Salamence\n|-boost|p1a: Salamence|atk|1\n|-boost|p1a: Salamence|spe|1\n|\n|-weather|Snow|[upkeep]\n|-heal|p2a: Slowpoke|72\/100|[from] item: Leftovers\n|upkeep\n|turn|19\n|\n|t:|1699371664\n|move|p2a: Slowpoke|Foul Play|p1a: Salamence\n|-damage|p1a: Salamence|0 fnt\n|faint|p1a: Salamence\n|\n|-weather|Snow|[upkeep]\n|-heal|p2a: Slowpoke|79\/100|[from] item: Leftovers\n|-fieldend|move: Trick Room\n|upkeep\n|\n|t:|1699371672\n|switch|p1a: Jolteon|Jolteon, M|100\/100\n|turn|20\n|\n|t:|1699371675\n|move|p1a: Jolteon|Volt Switch|p2a: Slowpoke\n|-damage|p2a: Slowpoke|55\/100\n|move|p2a: Slowpoke|Disable|p1a: Jolteon\n|-start|p1a: Jolteon|Disable|Volt Switch\n|\n|-weather|none\n|-heal|p2a: Slowpoke|61\/100|[from] item: Leftovers\n|-sideend|p2: jerry_g13|Reflect\n|upkeep\n|turn|21\n|-message|raldhahah forfeited.\n|\n|win|jerry_g13\n|raw|raldhahah's rating: 1160 &rarr; <strong>1128<\/strong><br \/>(-32 for losing)\n|raw|jerry_g13's rating: 1053 &rarr; <strong>1095<\/strong><br \/>(+42 for winning)\n|l|\u2606raldhahah\n","uploadtime":1699371685,"views":4,"p1id":"raldhahah","p2id":"jerryg13","formatid":"gen9anythinggoes","rating":1095,"private":0,"password":""}