{"id":"gen9anythinggoes-1973633918","p1":"temp6e","p2":"TreBucet","format":"[Gen 9] Anything Goes","log":"|j|\u2606temp6e\n|j|\u2606TreBucet\n|t:|1697998221\n|gametype|singles\n|player|p1|temp6e|lucas-gen4pt|1087\n|player|p2|TreBucet|veteranf|1152\n|teamsize|p1|6\n|teamsize|p2|6\n|gen|9\n|tier|[Gen 9] Anything Goes\n|rated|\n|rule|HP Percentage Mod: HP is shown in percentages\n|rule|Endless Battle Clause: Forcing endless battles is banned\n|clearpoke\n|poke|p1|Wigglytuff, F|\n|poke|p1|Dialga|\n|poke|p1|Mamoswine, M|\n|poke|p1|Slowbro-Galar, M|\n|poke|p1|Lucario, M|\n|poke|p1|Gallade, M|\n|poke|p2|Espathra, F|\n|poke|p2|Kingambit, F|\n|poke|p2|Ribombee, F|\n|poke|p2|Houndstone, F|\n|poke|p2|Glimmora, M|\n|poke|p2|Calyrex-Shadow|\n|teampreview\n|\n|t:|1697998230\n|start\n|switch|p1a: Slowbro|Slowbro-Galar, M|100\/100\n|switch|p2a: da mora|Glimmora, M|100\/100\n|turn|1\n|\n|t:|1697998241\n|switch|p1a: Dialga|Dialga|100\/100\n|-ability|p1a: Dialga|Pressure\n|move|p2a: da mora|Gunk Shot|p1a: Dialga\n|-immune|p1a: Dialga\n|\n|upkeep\n|turn|2\n|\n|t:|1697998249\n|move|p2a: da mora|Memento|p1a: Dialga\n|-unboost|p1a: Dialga|atk|2\n|-unboost|p1a: Dialga|spa|2\n|faint|p2a: da mora\n|move|p1a: Dialga|Dragon Tail|p2: da mora|[notarget]\n|-fail|p1a: Dialga\n|\n|upkeep\n|\n|t:|1697998258\n|switch|p2a: the bee|Ribombee, F|100\/100\n|turn|3\n|\n|t:|1697998264\n|move|p2a: the bee|Draining Kiss|p1a: Dialga\n|-damage|p1a: Dialga|77\/100\n|move|p1a: Dialga|Sandstorm|p1a: Dialga\n|-weather|Sandstorm\n|\n|-weather|Sandstorm|[upkeep]\n|-damage|p2a: the bee|94\/100|[from] Sandstorm\n|upkeep\n|turn|4\n|\n|t:|1697998274\n|switch|p1a: Slowbro|Slowbro-Galar, M|100\/100\n|move|p2a: the bee|Quiver Dance|p2a: the bee\n|-boost|p2a: the bee|spa|1\n|-boost|p2a: the bee|spd|1\n|-boost|p2a: the bee|spe|1\n|\n|-weather|Sandstorm|[upkeep]\n|-damage|p2a: the bee|88\/100|[from] Sandstorm\n|-damage|p1a: Slowbro|94\/100|[from] Sandstorm\n|upkeep\n|turn|5\n|\n|t:|1697998283\n|move|p2a: the bee|Acrobatics|p1a: Slowbro\n|-damage|p1a: Slowbro|87\/100\n|move|p1a: Slowbro|Fire Blast|p2a: the bee|[miss]\n|-miss|p1a: Slowbro|p2a: the bee\n|\n|-weather|Sandstorm|[upkeep]\n|-damage|p2a: the bee|82\/100|[from] Sandstorm\n|-damage|p1a: Slowbro|81\/100|[from] Sandstorm\n|upkeep\n|turn|6\n|\n|t:|1697998293\n|move|p2a: the bee|Baton Pass|p2a: the bee\n|\n|t:|1697998295\n|switch|p2a: the pathra|Espathra, F|100\/100|[from] Baton Pass\n|move|p1a: Slowbro|Fire Blast|p2a: the pathra\n|-damage|p2a: the pathra|65\/100\n|\n|-weather|Sandstorm|[upkeep]\n|-damage|p2a: the pathra|59\/100|[from] Sandstorm\n|-damage|p1a: Slowbro|75\/100|[from] Sandstorm\n|upkeep\n|turn|7\n|\n|t:|1697998305\n|move|p2a: the pathra|Agility|p2a: the pathra\n|-boost|p2a: the pathra|spe|2\n|move|p1a: Slowbro|Toxic|p2a: the pathra\n|-status|p2a: the pathra|tox\n|\n|-weather|none\n|-damage|p2a: the pathra|53\/100 tox|[from] psn\n|upkeep\n|turn|8\n|\n|t:|1697998323\n|switch|p1a: Mamoswine|Mamoswine, M|100\/100\n|move|p2a: the pathra|Baton Pass|p2a: the pathra\n|\n|t:|1697998329\n|switch|p2a: the bee|Ribombee, F|82\/100|[from] Baton Pass\n|\n|upkeep\n|turn|9\n|\n|t:|1697998339\n|switch|p1a: Slowbro|Slowbro-Galar, M|75\/100\n|move|p2a: the bee|Acrobatics|p1a: Slowbro\n|-damage|p1a: Slowbro|68\/100\n|\n|upkeep\n|turn|10\n|\n|t:|1697998347\n|move|p2a: the bee|Draining Kiss|p1a: Slowbro\n|-resisted|p1a: Slowbro\n|-damage|p1a: Slowbro|49\/100\n|-heal|p2a: the bee|100\/100|[from] drain|[of] p1a: Slowbro\n|move|p1a: Slowbro|Fire Blast|p2a: the bee\n|-supereffective|p2a: the bee\n|-crit|p2a: the bee\n|-enditem|p2a: the bee|Focus Sash\n|-damage|p2a: the bee|1\/100\n|\n|upkeep\n|turn|11\n|-activate|p1a: Slowbro|ability: Quick Draw\n|\n|t:|1697998357\n|move|p1a: Slowbro|Psychic|p2a: the bee\n|-damage|p2a: the bee|0 fnt\n|faint|p2a: the bee\n|\n|upkeep\n|c|\u2606TreBucet|fuck\n|c|\u2606TreBucet|that was good\n|\n|t:|1697998369\n|switch|p2a: gimmick fail|Calyrex-Shadow|100\/100\n|-ability|p2a: gimmick fail|As One\n|-ability|p2a: gimmick fail|Unnerve\n|turn|12\n|\n|t:|1697998376\n|switch|p1a: Wigglytuff|Wigglytuff, F|100\/100\n|move|p2a: gimmick fail|Astral Barrage|p1a: Wigglytuff\n|-immune|p1a: Wigglytuff\n|\n|upkeep\n|turn|13\n|\n|t:|1697998385\n|move|p2a: gimmick fail|Draining Kiss|p1a: Wigglytuff\n|-damage|p1a: Wigglytuff|73\/100\n|move|p1a: Wigglytuff|Misty Terrain|p1a: Wigglytuff\n|-fieldstart|move: Misty Terrain\n|\n|upkeep\n|turn|14\n|\n|t:|1697998395\n|move|p2a: gimmick fail|Draining Kiss|p1a: Wigglytuff\n|-damage|p1a: Wigglytuff|48\/100\n|move|p1a: Wigglytuff|Perish Song|p1a: Wigglytuff\n|-start|p1a: Wigglytuff|perish3|[silent]\n|-start|p2a: gimmick fail|perish3|[silent]\n|-fieldactivate|move: Perish Song\n|\n|-start|p2a: gimmick fail|perish3\n|-start|p1a: Wigglytuff|perish3\n|upkeep\n|turn|15\n|\n|t:|1697998406\n|move|p2a: gimmick fail|Draining Kiss|p1a: Wigglytuff\n|-damage|p1a: Wigglytuff|24\/100\n|move|p1a: Wigglytuff|Dazzling Gleam|p2a: gimmick fail\n|-damage|p2a: gimmick fail|65\/100\n|\n|-start|p2a: gimmick fail|perish2\n|-start|p1a: Wigglytuff|perish2\n|upkeep\n|turn|16\n|\n|t:|1697998416\n|switch|p2a: the pathra|Espathra, F|53\/100 tox\n|-enditem|p1a: Wigglytuff|Aguav Berry|[eat]\n|-heal|p1a: Wigglytuff|58\/100|[from] item: Aguav Berry\n|move|p1a: Wigglytuff|Nasty Plot|p1a: Wigglytuff\n|-boost|p1a: Wigglytuff|spa|2\n|-ability|p2a: the pathra|Opportunist|boost\n|-boost|p2a: the pathra|spa|2\n|\n|-damage|p2a: the pathra|47\/100 tox|[from] psn\n|-start|p1a: Wigglytuff|perish1\n|upkeep\n|turn|17\n|\n|t:|1697998428\n|move|p2a: the pathra|Dazzling Gleam|p1a: Wigglytuff\n|-damage|p1a: Wigglytuff|0 fnt\n|faint|p1a: Wigglytuff\n|\n|-damage|p2a: the pathra|35\/100 tox|[from] psn\n|-fieldend|Misty Terrain\n|upkeep\n|\n|t:|1697998436\n|switch|p1a: Dialga|Dialga|77\/100\n|-ability|p1a: Dialga|Pressure\n|turn|18\n|\n|t:|1697998445\n|move|p2a: the pathra|Dazzling Gleam|p1a: Dialga\n|-damage|p1a: Dialga|22\/100\n|move|p1a: Dialga|Dragon Tail|p2a: the pathra\n|-damage|p2a: the pathra|0 fnt\n|faint|p2a: the pathra\n|\n|upkeep\n|\n|t:|1697998452\n|switch|p2a: gimmick fail|Calyrex-Shadow|65\/100\n|-ability|p2a: gimmick fail|As One\n|-ability|p2a: gimmick fail|Unnerve\n|turn|19\n|\n|t:|1697998458\n|move|p2a: gimmick fail|Draining Kiss|p1a: Dialga\n|-damage|p1a: Dialga|3\/100\n|-heal|p2a: gimmick fail|80\/100|[from] drain|[of] p1a: Dialga\n|move|p1a: Dialga|Sandstorm|p1a: Dialga\n|-weather|Sandstorm\n|\n|-weather|Sandstorm|[upkeep]\n|-damage|p2a: gimmick fail|74\/100|[from] Sandstorm\n|upkeep\n|turn|20\n|\n|t:|1697998468\n|switch|p1a: Lucario|Lucario, M|100\/100\n|move|p2a: gimmick fail|Disable||[still]\n|-fail|p2a: gimmick fail\n|\n|-weather|Sandstorm|[upkeep]\n|-damage|p2a: gimmick fail|68\/100|[from] Sandstorm\n|upkeep\n|turn|21\n|\n|t:|1697998478\n|move|p2a: gimmick fail|Draining Kiss|p1a: Lucario\n|-damage|p1a: Lucario|66\/100\n|-heal|p2a: gimmick fail|90\/100|[from] drain|[of] p1a: Lucario\n|move|p1a: Lucario|Circle Throw|p2a: gimmick fail\n|-immune|p2a: gimmick fail\n|\n|-weather|Sandstorm|[upkeep]\n|-damage|p2a: gimmick fail|83\/100|[from] Sandstorm\n|upkeep\n|turn|22\n|\n|t:|1697998487\n|move|p1a: Lucario|Bullet Punch|p2a: gimmick fail\n|-damage|p2a: gimmick fail|62\/100\n|move|p2a: gimmick fail|Astral Barrage|p1a: Lucario\n|-damage|p1a: Lucario|0 fnt\n|faint|p1a: Lucario\n|-ability|p2a: gimmick fail|Grim Neigh|boost\n|-boost|p2a: gimmick fail|spa|1\n|\n|-weather|Sandstorm|[upkeep]\n|-damage|p2a: gimmick fail|56\/100|[from] Sandstorm\n|upkeep\n|\n|t:|1697998499\n|switch|p1a: Mamoswine|Mamoswine, M|100\/100\n|turn|23\n|\n|t:|1697998506\n|move|p2a: gimmick fail|Draining Kiss|p1a: Mamoswine\n|-damage|p1a: Mamoswine|53\/100\n|-heal|p2a: gimmick fail|94\/100|[from] drain|[of] p1a: Mamoswine\n|move|p1a: Mamoswine|Blizzard|p2a: gimmick fail|[miss]\n|-miss|p1a: Mamoswine|p2a: gimmick fail\n|\n|-weather|none\n|upkeep\n|turn|24\n|\n|t:|1697998516\n|switch|p1a: Slowbro|Slowbro-Galar, M|49\/100\n|move|p2a: gimmick fail|Calm Mind|p2a: gimmick fail\n|-boost|p2a: gimmick fail|spa|1\n|-boost|p2a: gimmick fail|spd|1\n|\n|upkeep\n|turn|25\n|\n|t:|1697998523\n|move|p2a: gimmick fail|Calm Mind|p2a: gimmick fail\n|-boost|p2a: gimmick fail|spa|1\n|-boost|p2a: gimmick fail|spd|1\n|move|p1a: Slowbro|Toxic|p2a: gimmick fail\n|-status|p2a: gimmick fail|tox\n|\n|-damage|p2a: gimmick fail|88\/100 tox|[from] psn\n|upkeep\n|turn|26\n|\n|t:|1697998533\n|switch|p1a: Mamoswine|Mamoswine, M|53\/100\n|move|p2a: gimmick fail|Draining Kiss|p1a: Mamoswine\n|-damage|p1a: Mamoswine|0 fnt\n|-heal|p2a: gimmick fail|100\/100 tox|[from] drain|[of] p1a: Mamoswine\n|faint|p1a: Mamoswine\n|-ability|p2a: gimmick fail|Grim Neigh|boost\n|-boost|p2a: gimmick fail|spa|1\n|\n|-damage|p2a: gimmick fail|88\/100 tox|[from] psn\n|upkeep\n|\n|t:|1697998545\n|switch|p1a: Dialga|Dialga|3\/100\n|-ability|p1a: Dialga|Pressure\n|turn|27\n|\n|t:|1697998549\n|move|p2a: gimmick fail|Disable||[still]\n|-fail|p2a: gimmick fail\n|move|p1a: Dialga|Dragon Tail|p2a: gimmick fail\n|-damage|p2a: gimmick fail|47\/100 tox\n|drag|p2a: the hound|Houndstone, F|100\/100\n|\n|upkeep\n|turn|28\n|\n|t:|1697998557\n|move|p2a: the hound|Last Respects|p1a: Dialga\n|-damage|p1a: Dialga|0 fnt\n|faint|p1a: Dialga\n|\n|upkeep\n|\n|t:|1697998562\n|switch|p1a: Gallade|Gallade, M|100\/100\n|turn|29\n|\n|t:|1697998566\n|move|p2a: the hound|Last Respects|p1a: Gallade\n|-supereffective|p1a: Gallade\n|-damage|p1a: Gallade|0 fnt\n|faint|p1a: Gallade\n|\n|upkeep\n|\n|t:|1697998572\n|switch|p1a: Slowbro|Slowbro-Galar, M|49\/100\n|turn|30\n|\n|t:|1697998575\n|move|p2a: the hound|Last Respects|p1a: Slowbro\n|-supereffective|p1a: Slowbro\n|-damage|p1a: Slowbro|0 fnt\n|faint|p1a: Slowbro\n|\n|win|TreBucet\n|raw|temp6e's rating: 1087 &rarr; <strong>1068<\/strong><br \/>(-19 for losing)\n|raw|TreBucet's rating: 1152 &rarr; <strong>1172<\/strong><br \/>(+20 for winning)\n|c|\u2606TreBucet|ggwp\n","uploadtime":1697998585,"views":7,"p1id":"temp6e","p2id":"trebucet","formatid":"gen9anythinggoes","rating":1068,"private":0,"password":""}