{"id":"gen9anythinggoes-1972217417","p1":"6th Acct To 1700","p2":"hoenn militian","format":"[Gen 9] Anything Goes","log":"|j|\u26066th Acct To 1700\n|j|\u2606hoenn militian\n|t:|1697822347\n|gametype|singles\n|player|p1|6th Acct To 1700|clown|1753\n|player|p2|hoenn militian|170|1757\n|teamsize|p1|6\n|teamsize|p2|6\n|gen|9\n|tier|[Gen 9] Anything Goes\n|rated|\n|rule|HP Percentage Mod: HP is shown in percentages\n|rule|Endless Battle Clause: Forcing endless battles is banned\n|clearpoke\n|poke|p1|Koraidon|\n|poke|p1|Calyrex-Shadow|\n|poke|p1|Miraidon|\n|poke|p1|Arceus|\n|poke|p1|Toxapex, M|\n|poke|p1|Ting-Lu|\n|poke|p2|Miraidon|\n|poke|p2|Grimmsnarl, M|\n|poke|p2|Skeledirge, M|\n|poke|p2|Blissey, F|\n|poke|p2|Dusclops, M|\n|poke|p2|Calyrex-Ice|\n|teampreview\n|\n|t:|1697822371\n|start\n|switch|p1a: Miraidon|Miraidon|100\/100\n|switch|p2a: Dusclops|Dusclops, M|100\/100\n|-fieldstart|move: Electric Terrain|[from] ability: Hadron Engine|[of] p1a: Miraidon\n|-item|p1a: Miraidon|Choice Scarf|[from] ability: Frisk|[of] p2a: Dusclops|[identify]\n|turn|1\n|\n|t:|1697822402\n|switch|p2a: Blissey|Blissey, F|100\/100\n|move|p1a: Miraidon|Volt Switch|p2a: Blissey\n|-damage|p2a: Blissey|81\/100\n|\n|t:|1697822410\n|switch|p1a: Ting-Lu|Ting-Lu|100\/100|[from] Volt Switch\n|-ability|p1a: Ting-Lu|Vessel of Ruin\n|\n|upkeep\n|turn|2\n|j| AnimeZZZZ5\n|\n|t:|1697822418\n|switch|p2a: Dusclops|Dusclops, M|100\/100\n|-item|p1a: Ting-Lu|Leftovers|[from] ability: Frisk|[of] p2a: Dusclops|[identify]\n|move|p1a: Ting-Lu|Taunt|p2a: Dusclops\n|-start|p2a: Dusclops|move: Taunt\n|\n|upkeep\n|turn|3\n|\n|t:|1697822425\n|switch|p2a: Calyrex|Calyrex-Ice|100\/100\n|-ability|p2a: Calyrex|As One\n|-ability|p2a: Calyrex|Unnerve\n|move|p1a: Ting-Lu|Stealth Rock|p2a: Calyrex\n|-sidestart|p2: hoenn militian|move: Stealth Rock\n|\n|upkeep\n|turn|4\n|\n|t:|1697822436\n|move|p2a: Calyrex|Leech Seed|p1a: Ting-Lu\n|-start|p1a: Ting-Lu|move: Leech Seed\n|move|p1a: Ting-Lu|Whirlwind|p2a: Calyrex\n|drag|p2a: Dusclops|Dusclops, M|100\/100\n|-item|p1a: Ting-Lu|Leftovers|[from] ability: Frisk|[of] p2a: Dusclops|[identify]\n|\n|-damage|p1a: Ting-Lu|88\/100|[from] Leech Seed|[of] p2a: Dusclops\n|upkeep\n|turn|5\n|\n|t:|1697822450\n|switch|p1a: Miraidon|Miraidon|100\/100\n|-activate|p1a: Miraidon|ability: Hadron Engine\n|switch|p2a: Calyrex|Calyrex-Ice|100\/100\n|-ability|p2a: Calyrex|As One\n|-ability|p2a: Calyrex|Unnerve\n|\n|-fieldend|move: Electric Terrain\n|upkeep\n|turn|6\n|\n|t:|1697822461\n|-terastallize|p2a: Calyrex|Ground\n|move|p1a: Miraidon|Volt Switch|p2a: Calyrex\n|-immune|p2a: Calyrex\n|move|p2a: Calyrex|Glacial Lance|p1a: Miraidon\n|-supereffective|p1a: Miraidon\n|-damage|p1a: Miraidon|0 fnt\n|faint|p1a: Miraidon\n|-ability|p2a: Calyrex|Chilling Neigh|boost\n|-boost|p2a: Calyrex|atk|1\n|\n|upkeep\n|\n|t:|1697822474\n|switch|p1a: Koraidon|Koraidon|100\/100\n|-weather|SunnyDay|[from] ability: Orichalcum Pulse|[of] p1a: Koraidon\n|-activate|p1a: Koraidon|Orichalcum Pulse|[source]\n|turn|7\n|\n|t:|1697822480\n|move|p1a: Koraidon|Scale Shot|p2a: Calyrex\n|-damage|p2a: Calyrex|90\/100\n|-damage|p2a: Calyrex|79\/100\n|-damage|p2a: Calyrex|69\/100\n|-hitcount|p2a: Calyrex|3\n|-unboost|p1a: Koraidon|def|1\n|-boost|p1a: Koraidon|spe|1\n|move|p2a: Calyrex|High Horsepower|p1a: Koraidon|[miss]\n|-miss|p2a: Calyrex|p1a: Koraidon\n|\n|-weather|SunnyDay|[upkeep]\n|upkeep\n|turn|8\n|\n|t:|1697822492\n|move|p1a: Koraidon|Close Combat|p2a: Calyrex\n|-damage|p2a: Calyrex|21\/100\n|-unboost|p1a: Koraidon|def|1\n|-unboost|p1a: Koraidon|spd|1\n|move|p2a: Calyrex|High Horsepower|p1a: Koraidon\n|-enditem|p1a: Koraidon|Focus Sash\n|-damage|p1a: Koraidon|1\/100\n|\n|-weather|SunnyDay|[upkeep]\n|upkeep\n|turn|9\n|\n|t:|1697822503\n|move|p1a: Koraidon|Close Combat|p2a: Calyrex\n|-damage|p2a: Calyrex|0 fnt\n|-unboost|p1a: Koraidon|def|1\n|-unboost|p1a: Koraidon|spd|1\n|faint|p2a: Calyrex\n|\n|-weather|SunnyDay|[upkeep]\n|upkeep\n|\n|t:|1697822516\n|switch|p2a: Dusclops|Dusclops, M|100\/100\n|turn|10\n|\n|t:|1697822535\n|move|p2a: Dusclops|Shadow Sneak|p1a: Koraidon\n|-damage|p1a: Koraidon|0 fnt\n|faint|p1a: Koraidon\n|\n|-weather|SunnyDay|[upkeep]\n|upkeep\n|\n|t:|1697822540\n|switch|p1a: Ting-Lu|Ting-Lu|88\/100\n|-ability|p1a: Ting-Lu|Vessel of Ruin\n|turn|11\n|\n|t:|1697822546\n|move|p1a: Ting-Lu|Earthquake|p2a: Dusclops\n|-damage|p2a: Dusclops|67\/100\n|move|p2a: Dusclops|Will-O-Wisp|p1a: Ting-Lu\n|-status|p1a: Ting-Lu|brn\n|\n|-weather|none\n|-heal|p1a: Ting-Lu|94\/100 brn|[from] item: Leftovers\n|-damage|p1a: Ting-Lu|88\/100 brn|[from] brn\n|upkeep\n|turn|12\n|\n|t:|1697822570\n|switch|p2a: Skeledirge|Skeledirge, M|100\/100\n|move|p1a: Ting-Lu|Taunt|p2a: Skeledirge\n|-start|p2a: Skeledirge|move: Taunt\n|\n|-heal|p1a: Ting-Lu|94\/100 brn|[from] item: Leftovers\n|-damage|p1a: Ting-Lu|88\/100 brn|[from] brn\n|upkeep\n|turn|13\n|\n|t:|1697822578\n|move|p2a: Skeledirge|Torch Song|p1a: Ting-Lu\n|-damage|p1a: Ting-Lu|70\/100 brn\n|-boost|p2a: Skeledirge|spa|1\n|move|p1a: Ting-Lu|Earthquake|p2a: Skeledirge\n|-supereffective|p2a: Skeledirge\n|-damage|p2a: Skeledirge|74\/100\n|\n|-heal|p1a: Ting-Lu|76\/100 brn|[from] item: Leftovers\n|-damage|p1a: Ting-Lu|70\/100 brn|[from] brn\n|upkeep\n|turn|14\n|\n|t:|1697822589\n|move|p2a: Skeledirge|Torch Song|p1a: Ting-Lu\n|-damage|p1a: Ting-Lu|43\/100 brn\n|-boost|p2a: Skeledirge|spa|1\n|move|p1a: Ting-Lu|Earthquake|p2a: Skeledirge\n|-supereffective|p2a: Skeledirge\n|-damage|p2a: Skeledirge|47\/100\n|\n|-heal|p1a: Ting-Lu|49\/100 brn|[from] item: Leftovers\n|-damage|p1a: Ting-Lu|43\/100 brn|[from] brn\n|-end|p2a: Skeledirge|move: Taunt\n|upkeep\n|turn|15\n|\n|t:|1697822600\n|move|p2a: Skeledirge|Slack Off|p2a: Skeledirge\n|-heal|p2a: Skeledirge|97\/100\n|move|p1a: Ting-Lu|Whirlwind|p2a: Skeledirge\n|drag|p2a: Dusclops|Dusclops, M|67\/100\n|-item|p1a: Ting-Lu|Leftovers|[from] ability: Frisk|[of] p2a: Dusclops|[identify]\n|\n|-heal|p1a: Ting-Lu|49\/100 brn|[from] item: Leftovers\n|-damage|p1a: Ting-Lu|43\/100 brn|[from] brn\n|upkeep\n|turn|16\n|\n|t:|1697822612\n|move|p2a: Dusclops|Shadow Sneak|p1a: Ting-Lu\n|-resisted|p1a: Ting-Lu\n|-damage|p1a: Ting-Lu|40\/100 brn\n|move|p1a: Ting-Lu|Earthquake|p2a: Dusclops\n|-damage|p2a: Dusclops|52\/100\n|\n|-heal|p1a: Ting-Lu|46\/100 brn|[from] item: Leftovers\n|-damage|p1a: Ting-Lu|40\/100 brn|[from] brn\n|upkeep\n|turn|17\n|\n|t:|1697822625\n|move|p2a: Dusclops|Shadow Sneak|p1a: Ting-Lu\n|-resisted|p1a: Ting-Lu\n|-damage|p1a: Ting-Lu|38\/100 brn\n|move|p1a: Ting-Lu|Taunt|p2a: Dusclops\n|-start|p2a: Dusclops|move: Taunt\n|\n|-heal|p1a: Ting-Lu|44\/100 brn|[from] item: Leftovers\n|-damage|p1a: Ting-Lu|38\/100 brn|[from] brn\n|upkeep\n|turn|18\n|\n|t:|1697822640\n|switch|p1a: Toxapex|Toxapex, M|100\/100\n|switch|p2a: Blissey|Blissey, F|81\/100\n|\n|upkeep\n|turn|19\n|\n|t:|1697822646\n|move|p2a: Blissey|Stealth Rock|p1a: Toxapex\n|-sidestart|p1: 6th Acct To 1700|move: Stealth Rock\n|move|p1a: Toxapex|Toxic|p2a: Blissey\n|-status|p2a: Blissey|tox\n|\n|-damage|p2a: Blissey|75\/100 tox|[from] psn\n|upkeep\n|turn|20\n|\n|t:|1697822654\n|-curestatus|p2a: Blissey|tox|[from] ability: Natural Cure\n|switch|p2a: Miraidon|Miraidon|100\/100\n|-fieldstart|move: Electric Terrain|[from] ability: Hadron Engine|[of] p2a: Miraidon\n|move|p1a: Toxapex|Toxic|p2a: Miraidon\n|-status|p2a: Miraidon|tox\n|\n|-damage|p2a: Miraidon|94\/100 tox|[from] psn\n|upkeep\n|turn|21\n|\n|t:|1697822665\n|switch|p1a: Ting-Lu|Ting-Lu|38\/100 brn\n|-damage|p1a: Ting-Lu|32\/100 brn|[from] Stealth Rock\n|-ability|p1a: Ting-Lu|Vessel of Ruin\n|move|p2a: Miraidon|Dragon Pulse|p1a: Ting-Lu\n|-crit|p1a: Ting-Lu\n|-damage|p1a: Ting-Lu|0 fnt\n|faint|p1a: Ting-Lu\n|\n|-damage|p2a: Miraidon|82\/100 tox|[from] psn\n|upkeep\n|l| AnimeZZZZ5\n|\n|t:|1697822677\n|switch|p1a: Arceus|Arceus|100\/100\n|-damage|p1a: Arceus|88\/100|[from] Stealth Rock\n|turn|22\n|\n|t:|1697822690\n|switch|p2a: Skeledirge|Skeledirge, M|97\/100\n|move|p1a: Arceus|Swords Dance|p1a: Arceus\n|-boost|p1a: Arceus|atk|2\n|\n|upkeep\n|turn|23\n|\n|t:|1697822697\n|move|p1a: Arceus|Earthquake|p2a: Skeledirge\n|-supereffective|p2a: Skeledirge\n|-damage|p2a: Skeledirge|55\/100\n|move|p2a: Skeledirge|Will-O-Wisp|p1a: Arceus\n|-status|p1a: Arceus|brn\n|\n|-damage|p1a: Arceus|82\/100 brn|[from] brn\n|upkeep\n|turn|24\n|\n|t:|1697822707\n|move|p1a: Arceus|Shadow Claw|p2a: Skeledirge\n|-supereffective|p2a: Skeledirge\n|-damage|p2a: Skeledirge|39\/100\n|move|p2a: Skeledirge|Slack Off|p2a: Skeledirge\n|-heal|p2a: Skeledirge|89\/100\n|\n|-damage|p1a: Arceus|76\/100 brn|[from] brn\n|-fieldend|move: Electric Terrain\n|upkeep\n|turn|25\n|\n|t:|1697822716\n|move|p1a: Arceus|Shadow Claw|p2a: Skeledirge\n|-supereffective|p2a: Skeledirge\n|-damage|p2a: Skeledirge|73\/100\n|move|p2a: Skeledirge|Hex|p1a: Arceus\n|-immune|p1a: Arceus\n|\n|-damage|p1a: Arceus|70\/100 brn|[from] brn\n|upkeep\n|turn|26\n|\n|t:|1697822723\n|move|p1a: Arceus|Shadow Claw|p2a: Skeledirge\n|-supereffective|p2a: Skeledirge\n|-damage|p2a: Skeledirge|58\/100\n|move|p2a: Skeledirge|Torch Song|p1a: Arceus\n|-damage|p1a: Arceus|49\/100 brn\n|-boost|p2a: Skeledirge|spa|1\n|\n|-damage|p1a: Arceus|43\/100 brn|[from] brn\n|upkeep\n|turn|27\n|\n|t:|1697822732\n|move|p1a: Arceus|Shadow Claw|p2a: Skeledirge\n|-supereffective|p2a: Skeledirge\n|-damage|p2a: Skeledirge|43\/100\n|move|p2a: Skeledirge|Slack Off|p2a: Skeledirge\n|-heal|p2a: Skeledirge|93\/100\n|\n|-damage|p1a: Arceus|37\/100 brn|[from] brn\n|upkeep\n|turn|28\n|\n|t:|1697822740\n|move|p1a: Arceus|Shadow Claw|p2a: Skeledirge\n|-supereffective|p2a: Skeledirge\n|-damage|p2a: Skeledirge|76\/100\n|move|p2a: Skeledirge|Torch Song|p1a: Arceus\n|-damage|p1a: Arceus|8\/100 brn\n|-boost|p2a: Skeledirge|spa|1\n|\n|-damage|p1a: Arceus|2\/100 brn|[from] brn\n|upkeep\n|turn|29\n|\n|t:|1697822751\n|move|p1a: Arceus|Shadow Claw|p2a: Skeledirge\n|-supereffective|p2a: Skeledirge\n|-crit|p2a: Skeledirge\n|-damage|p2a: Skeledirge|54\/100\n|move|p2a: Skeledirge|Slack Off|p2a: Skeledirge\n|-heal|p2a: Skeledirge|100\/100\n|\n|-damage|p1a: Arceus|0 fnt|[from] brn\n|faint|p1a: Arceus\n|upkeep\n|\n|t:|1697822754\n|switch|p1a: Calyrex|Calyrex-Shadow|100\/100\n|-ability|p1a: Calyrex|As One\n|-ability|p1a: Calyrex|Unnerve\n|-damage|p1a: Calyrex|88\/100|[from] Stealth Rock\n|turn|30\n|\n|t:|1697822766\n|switch|p2a: Grimmsnarl|Grimmsnarl, M|100\/100\n|move|p1a: Calyrex|Psychic|p2a: Grimmsnarl\n|-immune|p2a: Grimmsnarl\n|\n|upkeep\n|turn|31\n|\n|t:|1697822776\n|move|p2a: Grimmsnarl|Parting Shot|p1a: Calyrex\n|-unboost|p1a: Calyrex|atk|1\n|-unboost|p1a: Calyrex|spa|1\n|\n|t:|1697822784\n|switch|p2a: Blissey|Blissey, F|75\/100|[from] Parting Shot\n|move|p1a: Calyrex|Nasty Plot|p1a: Calyrex\n|-boost|p1a: Calyrex|spa|2\n|\n|upkeep\n|turn|32\n|\n|t:|1697822796\n|switch|p2a: Grimmsnarl|Grimmsnarl, M|100\/100\n|move|p1a: Calyrex|Nasty Plot|p1a: Calyrex\n|-boost|p1a: Calyrex|spa|2\n|\n|upkeep\n|turn|33\n|\n|t:|1697822804\n|move|p2a: Grimmsnarl|Sucker Punch|p1a: Calyrex\n|-supereffective|p1a: Calyrex\n|-damage|p1a: Calyrex|0 fnt\n|faint|p1a: Calyrex\n|\n|upkeep\n|\n|t:|1697822807\n|switch|p1a: Toxapex|Toxapex, M|100\/100\n|-damage|p1a: Toxapex|88\/100|[from] Stealth Rock\n|turn|34\n|\n|t:|1697822821\n|switch|p2a: Dusclops|Dusclops, M|52\/100\n|-item|p1a: Toxapex|Rocky Helmet|[from] ability: Frisk|[of] p2a: Dusclops|[identify]\n|move|p1a: Toxapex|Toxic|p2a: Dusclops\n|-status|p2a: Dusclops|tox\n|\n|-damage|p2a: Dusclops|46\/100 tox|[from] psn\n|upkeep\n|turn|35\n|\n|t:|1697822831\n|move|p1a: Toxapex|Baneful Bunker|p1a: Toxapex\n|-singleturn|p1a: Toxapex|move: Protect\n|move|p2a: Dusclops|Will-O-Wisp|p1a: Toxapex\n|-activate|p1a: Toxapex|move: Protect\n|\n|-damage|p2a: Dusclops|34\/100 tox|[from] psn\n|upkeep\n|turn|36\n|\n|t:|1697822841\n|move|p1a: Toxapex|Baneful Bunker||[still]\n|-fail|p1a: Toxapex\n|move|p2a: Dusclops|Will-O-Wisp|p1a: Toxapex\n|-status|p1a: Toxapex|brn\n|\n|-damage|p2a: Dusclops|16\/100 tox|[from] psn\n|-damage|p1a: Toxapex|82\/100 brn|[from] brn\n|upkeep\n|turn|37\n|\n|t:|1697822855\n|move|p1a: Toxapex|Haze|p1a: Toxapex\n|-clearallboost\n|move|p2a: Dusclops|Pain Split|p1a: Toxapex\n|-sethp|p1a: Toxapex|48\/100 brn|[from] move: Pain Split|[silent]\n|-sethp|p2a: Dusclops|52\/100 tox|[from] move: Pain Split\n|\n|-damage|p2a: Dusclops|28\/100 tox|[from] psn\n|-damage|p1a: Toxapex|42\/100 brn|[from] brn\n|upkeep\n|turn|38\n|\n|t:|1697822868\n|switch|p2a: Blissey|Blissey, F|75\/100\n|move|p1a: Toxapex|Recover|p1a: Toxapex\n|-heal|p1a: Toxapex|93\/100 brn\n|\n|-damage|p1a: Toxapex|87\/100 brn|[from] brn\n|upkeep\n|turn|39\n|\n|t:|1697822875\n|move|p2a: Blissey|Seismic Toss|p1a: Toxapex\n|-damage|p1a: Toxapex|54\/100 brn\n|-damage|p2a: Blissey|59\/100|[from] item: Rocky Helmet|[of] p1a: Toxapex\n|move|p1a: Toxapex|Toxic|p2a: Blissey\n|-status|p2a: Blissey|tox\n|\n|-damage|p2a: Blissey|52\/100 tox|[from] psn\n|-damage|p1a: Toxapex|48\/100 brn|[from] brn\n|upkeep\n|turn|40\n|\n|t:|1697822885\n|move|p2a: Blissey|Heal Bell|p2a: Blissey\n|-activate|p2a: Blissey|move: Heal Bell\n|-curestatus|p2a: Blissey|tox|[msg]\n|-curestatus|p2: Miraidon|tox|[msg]\n|-curestatus|p2: Dusclops|tox|[msg]\n|move|p1a: Toxapex|Recover|p1a: Toxapex\n|-heal|p1a: Toxapex|98\/100 brn\n|\n|-damage|p1a: Toxapex|92\/100 brn|[from] brn\n|upkeep\n|turn|41\n|\n|t:|1697822896\n|move|p2a: Blissey|Soft-Boiled|p2a: Blissey\n|-heal|p2a: Blissey|100\/100\n|move|p1a: Toxapex|Toxic|p2a: Blissey\n|-status|p2a: Blissey|tox\n|\n|-damage|p2a: Blissey|94\/100 tox|[from] psn\n|-damage|p1a: Toxapex|86\/100 brn|[from] brn\n|upkeep\n|turn|42\n|\n|t:|1697822904\n|-curestatus|p2a: Blissey|tox|[from] ability: Natural Cure\n|switch|p2a: Miraidon|Miraidon|82\/100\n|-fieldstart|move: Electric Terrain|[from] ability: Hadron Engine|[of] p2a: Miraidon\n|move|p1a: Toxapex|Haze|p1a: Toxapex\n|-clearallboost\n|\n|-damage|p1a: Toxapex|80\/100 brn|[from] brn\n|upkeep\n|turn|43\n|\n|t:|1697822914\n|move|p2a: Miraidon|Dragon Pulse|p1a: Toxapex\n|-damage|p1a: Toxapex|30\/100 brn\n|move|p1a: Toxapex|Toxic|p2a: Miraidon\n|-status|p2a: Miraidon|tox\n|\n|-damage|p2a: Miraidon|76\/100 tox|[from] psn\n|-damage|p1a: Toxapex|24\/100 brn|[from] brn\n|upkeep\n|turn|44\n|\n|t:|1697822922\n|move|p2a: Miraidon|Dragon Pulse|p1a: Toxapex\n|-damage|p1a: Toxapex|0 fnt\n|faint|p1a: Toxapex\n|\n|win|hoenn militian\n|raw|6th Acct To 1700's rating: 1753 &rarr; <strong>1733<\/strong><br \/>(-20 for losing)\n|raw|hoenn militian's rating: 1757 &rarr; <strong>1777<\/strong><br \/>(+20 for winning)\n|l|\u26066th Acct To 1700\n","uploadtime":1697822968,"views":8,"p1id":"6thacctto1700","p2id":"hoennmilitian","formatid":"gen9anythinggoes","rating":1733,"private":0,"password":""}