{"id":"gen9anythinggoes-1988570689","p1":"D3MONSLAY3R160","p2":"Blade Z Knights","format":"[Gen 9] Anything Goes","log":"|j|\u2606D3MONSLAY3R160\n|j|\u2606Blade Z Knights\n|t:|1699737312\n|gametype|singles\n|player|p1|D3MONSLAY3R160|shadowtriad|1318\n|player|p2|Blade Z Knights|giovanni|1323\n|teamsize|p1|6\n|teamsize|p2|6\n|gen|9\n|tier|[Gen 9] Anything Goes\n|rated|\n|rule|HP Percentage Mod: HP is shown in percentages\n|rule|Endless Battle Clause: Forcing endless battles is banned\n|clearpoke\n|poke|p1|Weavile, F|\n|poke|p1|Empoleon, M|\n|poke|p1|Kleavor, M|\n|poke|p1|Calyrex-Shadow|\n|poke|p1|Gastrodon, M|\n|poke|p1|Annihilape, M|\n|poke|p2|Glimmora, F|\n|poke|p2|Ting-Lu|\n|poke|p2|Hippowdon, M|\n|poke|p2|Flutter Mane|\n|poke|p2|Kommo-o, F|\n|poke|p2|Arceus-Ground|\n|teampreview\n|inactive|Battle timer is ON: inactive players will automatically lose when time's up. (requested by Blade Z Knights)\n|\n|t:|1699737320\n|start\n|switch|p1a: Kleavor|Kleavor, M, shiny|100\/100\n|switch|p2a: Hippowdon|Hippowdon, M|100\/100\n|-weather|Sandstorm|[from] ability: Sand Stream|[of] p2a: Hippowdon\n|turn|1\n|\n|t:|1699737328\n|switch|p2a: Glimmora|Glimmora, F, shiny|100\/100\n|move|p1a: Kleavor|Stone Axe|p2a: Glimmora\n|-damage|p2a: Glimmora|40\/100\n|-activate|p2a: Glimmora|ability: Toxic Debris\n|-sidestart|p1: D3MONSLAY3R160|move: Toxic Spikes\n|-sidestart|p2: Blade Z Knights|move: Stealth Rock\n|\n|-weather|Sandstorm|[upkeep]\n|upkeep\n|turn|2\n|\n|t:|1699737340\n|move|p1a: Kleavor|Stone Axe|p2a: Glimmora\n|-damage|p2a: Glimmora|0 fnt\n|-activate|p2a: Glimmora|ability: Toxic Debris\n|-sidestart|p1: D3MONSLAY3R160|move: Toxic Spikes\n|faint|p2a: Glimmora\n|\n|-weather|Sandstorm|[upkeep]\n|upkeep\n|\n|t:|1699737361\n|switch|p2a: Flutter Mane|Flutter Mane, shiny|100\/100\n|-damage|p2a: Flutter Mane|88\/100|[from] Stealth Rock\n|-enditem|p2a: Flutter Mane|Booster Energy\n|-activate|p2a: Flutter Mane|ability: Protosynthesis|[fromitem]\n|-start|p2a: Flutter Mane|protosynthesisspe\n|turn|3\n|l|\u2606D3MONSLAY3R160\n|inactive|D3MONSLAY3R160 disconnected and has a minute to reconnect!\n|player|p1|\n|j|\u2606D3MONSLAY3R160\n|inactive|D3MONSLAY3R160 reconnected and has 140 seconds left.\n|player|p1|D3MONSLAY3R160|shadowtriad\n|\n|t:|1699737375\n|move|p2a: Flutter Mane|Thunder Wave|p1a: Kleavor\n|-status|p1a: Kleavor|par\n|cant|p1a: Kleavor|par\n|\n|-weather|Sandstorm|[upkeep]\n|-damage|p2a: Flutter Mane|82\/100|[from] Sandstorm\n|upkeep\n|turn|4\n|\n|t:|1699737383\n|move|p2a: Flutter Mane|Calm Mind|p2a: Flutter Mane\n|-boost|p2a: Flutter Mane|spa|1\n|-boost|p2a: Flutter Mane|spd|1\n|move|p1a: Kleavor|Stone Axe|p2a: Flutter Mane\n|-damage|p2a: Flutter Mane|0 fnt\n|faint|p2a: Flutter Mane\n|-end|p2a: Flutter Mane|Protosynthesis|[silent]\n|\n|-weather|Sandstorm|[upkeep]\n|upkeep\n|\n|t:|1699737395\n|switch|p2a: Kommo-o|Kommo-o, F|100\/100\n|-damage|p2a: Kommo-o|94\/100|[from] Stealth Rock\n|turn|5\n|\n|t:|1699737400\n|move|p2a: Kommo-o|Clangorous Soul|p2a: Kommo-o\n|-boost|p2a: Kommo-o|atk|1\n|-boost|p2a: Kommo-o|def|1\n|-boost|p2a: Kommo-o|spa|1\n|-boost|p2a: Kommo-o|spd|1\n|-boost|p2a: Kommo-o|spe|1\n|-damage|p2a: Kommo-o|61\/100\n|-enditem|p2a: Kommo-o|Throat Spray\n|-boost|p2a: Kommo-o|spa|1|[from] item: Throat Spray\n|move|p1a: Kleavor|Stone Axe|p2a: Kommo-o\n|-resisted|p2a: Kommo-o\n|-damage|p2a: Kommo-o|44\/100\n|\n|-weather|Sandstorm|[upkeep]\n|-damage|p2a: Kommo-o|38\/100|[from] Sandstorm\n|upkeep\n|turn|6\n|\n|t:|1699737415\n|move|p2a: Kommo-o|Vacuum Wave|p1a: Kleavor\n|-damage|p1a: Kleavor|64\/100 par\n|cant|p1a: Kleavor|par\n|\n|-weather|Sandstorm|[upkeep]\n|-damage|p2a: Kommo-o|31\/100|[from] Sandstorm\n|upkeep\n|turn|7\n|\n|t:|1699737426\n|move|p2a: Kommo-o|Flash Cannon|p1a: Kleavor\n|-supereffective|p1a: Kleavor\n|-damage|p1a: Kleavor|0 fnt\n|faint|p1a: Kleavor\n|\n|-weather|Sandstorm|[upkeep]\n|-damage|p2a: Kommo-o|25\/100|[from] Sandstorm\n|upkeep\n|\n|t:|1699737433\n|switch|p1a: Weavile|Weavile, F, shiny|100\/100\n|-ability|p1a: Weavile|Pressure\n|turn|8\n|\n|t:|1699737439\n|move|p2a: Kommo-o|Vacuum Wave|p1a: Weavile\n|-supereffective|p1a: Weavile\n|-damage|p1a: Weavile|0 fnt\n|faint|p1a: Weavile\n|\n|-weather|none\n|upkeep\n|\n|t:|1699737463\n|switch|p1a: Calyrex|Calyrex-Shadow|100\/100\n|-ability|p1a: Calyrex|As One\n|-ability|p1a: Calyrex|Unnerve\n|-status|p1a: Calyrex|tox\n|turn|9\n|\n|t:|1699737473\n|move|p2a: Kommo-o|Clanging Scales|p1a: Calyrex\n|-damage|p1a: Calyrex|10\/100 tox\n|-unboost|p2a: Kommo-o|def|1\n|move|p1a: Calyrex|Astral Barrage|p2a: Kommo-o\n|-damage|p2a: Kommo-o|0 fnt\n|faint|p2a: Kommo-o\n|-ability|p1a: Calyrex|Grim Neigh|boost\n|-boost|p1a: Calyrex|spa|1\n|\n|-damage|p1a: Calyrex|4\/100 tox|[from] psn\n|upkeep\n|\n|t:|1699737487\n|switch|p2a: Hippowdon|Hippowdon, M|100\/100\n|-damage|p2a: Hippowdon|94\/100|[from] Stealth Rock\n|-weather|Sandstorm|[from] ability: Sand Stream|[of] p2a: Hippowdon\n|turn|10\n|\n|t:|1699737494\n|-terastallize|p1a: Calyrex|Grass\n|move|p1a: Calyrex|Grass Knot|p2a: Hippowdon\n|-supereffective|p2a: Hippowdon\n|-damage|p2a: Hippowdon|0 fnt\n|faint|p2a: Hippowdon\n|-ability|p1a: Calyrex|Grim Neigh|boost\n|-boost|p1a: Calyrex|spa|1\n|\n|-weather|Sandstorm|[upkeep]\n|-damage|p1a: Calyrex|0 fnt|[from] Sandstorm\n|faint|p1a: Calyrex\n|upkeep\n|\n|t:|1699737512\n|switch|p1a: Empoleon|Empoleon, M, shiny|100\/100\n|switch|p2a: Arceus|Arceus-Ground|100\/100\n|-damage|p2a: Arceus|94\/100|[from] Stealth Rock\n|turn|11\n|\n|t:|1699737530\n|-terastallize|p2a: Arceus|Ground\n|move|p2a: Arceus|Judgment|p1a: Empoleon\n|-supereffective|p1a: Empoleon\n|-damage|p1a: Empoleon|9\/100\n|move|p1a: Empoleon|Surf|p2a: Arceus\n|-supereffective|p2a: Arceus\n|-damage|p2a: Arceus|53\/100\n|\n|-weather|Sandstorm|[upkeep]\n|upkeep\n|turn|12\n|\n|t:|1699737544\n|move|p2a: Arceus|Judgment|p1a: Empoleon\n|-supereffective|p1a: Empoleon\n|-damage|p1a: Empoleon|0 fnt\n|faint|p1a: Empoleon\n|\n|-weather|Sandstorm|[upkeep]\n|upkeep\n|\n|t:|1699737554\n|switch|p1a: Gastrodon|Gastrodon, M|100\/100\n|-status|p1a: Gastrodon|tox\n|turn|13\n|\n|t:|1699737558\n|move|p2a: Arceus|Recover|p2a: Arceus\n|-heal|p2a: Arceus|100\/100\n|move|p1a: Gastrodon|Spikes|p2a: Arceus\n|-sidestart|p2: Blade Z Knights|Spikes\n|\n|-weather|Sandstorm|[upkeep]\n|-damage|p1a: Gastrodon|94\/100 tox|[from] psn\n|upkeep\n|turn|14\n|\n|t:|1699737567\n|move|p2a: Arceus|Calm Mind|p2a: Arceus\n|-boost|p2a: Arceus|spa|1\n|-boost|p2a: Arceus|spd|1\n|move|p1a: Gastrodon|Spikes|p2a: Arceus\n|-sidestart|p2: Blade Z Knights|Spikes\n|\n|-weather|Sandstorm|[upkeep]\n|-damage|p1a: Gastrodon|82\/100 tox|[from] psn\n|upkeep\n|turn|15\n|\n|t:|1699737575\n|move|p2a: Arceus|Calm Mind|p2a: Arceus\n|-boost|p2a: Arceus|spa|1\n|-boost|p2a: Arceus|spd|1\n|move|p1a: Gastrodon|Ice Beam|p2a: Arceus\n|-supereffective|p2a: Arceus\n|-damage|p2a: Arceus|88\/100\n|\n|-weather|Sandstorm|[upkeep]\n|-damage|p1a: Gastrodon|64\/100 tox|[from] psn\n|upkeep\n|turn|16\n|inactive|D3MONSLAY3R160 has 120 seconds left.\n|-message|D3MONSLAY3R160 forfeited.\n|\n|win|Blade Z Knights\n|raw|D3MONSLAY3R160's rating: 1318 &rarr; <strong>1298<\/strong><br \/>(-20 for losing)\n|raw|Blade Z Knights's rating: 1323 &rarr; <strong>1343<\/strong><br \/>(+20 for winning)\n|l|\u2606D3MONSLAY3R160\n","uploadtime":1699737618,"views":6,"p1id":"d3monslay3r160","p2id":"bladezknights","formatid":"gen9anythinggoes","rating":1298,"private":0,"password":""}