{"id":"gen9anythinggoes-1991949267","p1":"DR4N","p2":"THE3Swords","format":"[Gen 9] Anything Goes","log":"|j|\u2606DR4N\n|j|\u2606THE3Swords\n|t:|1700141598\n|gametype|singles\n|player|p1|DR4N|lucas-gen4pt|1153\n|player|p2|THE3Swords|ethan|1100\n|teamsize|p1|6\n|teamsize|p2|6\n|gen|9\n|tier|[Gen 9] Anything Goes\n|rated|\n|rule|HP Percentage Mod: HP is shown in percentages\n|rule|Endless Battle Clause: Forcing endless battles is banned\n|clearpoke\n|poke|p1|Umbreon, M|\n|poke|p1|Lycanroc-Dusk, M|\n|poke|p1|Pawmot, F|\n|poke|p1|Clodsire, M|\n|poke|p1|Gogoat, M|\n|poke|p1|Arcanine, M|\n|poke|p2|Zacian-*|\n|poke|p2|Lucario, M|\n|poke|p2|Rayquaza|\n|poke|p2|Miraidon|\n|poke|p2|Greninja-*, M|\n|poke|p2|Charizard, M|\n|teampreview\n|c|\u2606DR4N|Dam\n|\n|t:|1700141629\n|start\n|switch|p1a: Bobby|Clodsire, M, shiny|100\/100\n|switch|p2a: fighting doge|Lucario, M|100\/100\n|turn|1\n|inactive|Battle timer is ON: inactive players will automatically lose when time's up. (requested by THE3Swords)\n|\n|t:|1700141649\n|move|p2a: fighting doge|Meteor Mash|p1a: Bobby\n|-damage|p1a: Bobby|60\/100\n|move|p1a: Bobby|Stealth Rock|p2a: fighting doge\n|-sidestart|p2: THE3Swords|move: Stealth Rock\n|\n|-heal|p1a: Bobby|66\/100|[from] item: Leftovers\n|upkeep\n|turn|2\n|c|\u2606DR4N|Thats 1 scary team\n|\n|t:|1700141660\n|-terastallize|p2a: fighting doge|Fighting\n|move|p2a: fighting doge|Aura Sphere|p1a: Bobby\n|-resisted|p1a: Bobby\n|-damage|p1a: Bobby|55\/100\n|move|p1a: Bobby|Toxic Spikes|p2a: fighting doge\n|-sidestart|p2: THE3Swords|move: Toxic Spikes\n|\n|-heal|p1a: Bobby|61\/100|[from] item: Leftovers\n|upkeep\n|turn|3\n|\n|t:|1700141668\n|move|p2a: fighting doge|Meteor Mash|p1a: Bobby\n|-crit|p1a: Bobby\n|-damage|p1a: Bobby|1\/100\n|move|p1a: Bobby|Toxic Spikes|p2a: fighting doge\n|-sidestart|p2: THE3Swords|move: Toxic Spikes\n|\n|-heal|p1a: Bobby|7\/100|[from] item: Leftovers\n|upkeep\n|turn|4\n|\n|t:|1700141680\n|switch|p1a: Billy|Gogoat, M, shiny|100\/100\n|move|p2a: fighting doge|Aura Sphere|p1a: Billy\n|-damage|p1a: Billy|58\/100\n|\n|upkeep\n|turn|5\n|\n|t:|1700141688\n|move|p2a: fighting doge|Meteor Mash|p1a: Billy\n|-damage|p1a: Billy|15\/100\n|-damage|p2a: fighting doge|84\/100|[from] item: Rocky Helmet|[of] p1a: Billy\n|move|p1a: Billy|Play Rough|p2a: fighting doge\n|-supereffective|p2a: fighting doge\n|-damage|p2a: fighting doge|0 fnt\n|faint|p2a: fighting doge\n|\n|upkeep\n|\n|t:|1700141704\n|switch|p2a: THE OG|Charizard, M, shiny|100\/100\n|-damage|p2a: THE OG|51\/100|[from] Stealth Rock\n|turn|6\n|\n|t:|1700141710\n|switch|p1a: Mick|Arcanine, M, shiny|100\/100\n|move|p2a: THE OG|Fire Blast|p1a: Mick\n|-start|p1a: Mick|ability: Flash Fire\n|\n|upkeep\n|turn|7\n|\n|t:|1700141721\n|move|p1a: Mick|Hyper Voice|p2a: THE OG\n|-damage|p2a: THE OG|15\/100\n|-enditem|p1a: Mick|Throat Spray\n|-boost|p1a: Mick|spa|1|[from] item: Throat Spray\n|move|p2a: THE OG|Dragon Pulse|p1a: Mick\n|-damage|p1a: Mick|70\/100\n|\n|upkeep\n|turn|8\n|\n|t:|1700141746\n|move|p1a: Mick|Flamethrower|p2a: THE OG\n|-resisted|p2a: THE OG\n|-damage|p2a: THE OG|0 fnt\n|faint|p2a: THE OG\n|\n|upkeep\n|\n|t:|1700141751\n|switch|p2a: Greninja|Greninja, M|100\/100\n|-damage|p2a: Greninja|88\/100|[from] Stealth Rock\n|-status|p2a: Greninja|tox\n|turn|9\n|\n|t:|1700141764\n|-terastallize|p1a: Mick|Normal\n|move|p2a: Greninja|Hydro Pump|p1a: Mick|[miss]\n|-miss|p2a: Greninja|p1a: Mick\n|move|p1a: Mick|Hyper Beam|p2a: Greninja\n|-damage|p2a: Greninja|0 fnt\n|-mustrecharge|p1a: Mick\n|faint|p2a: Greninja\n|\n|upkeep\n|inactive|THE3Swords has 120 seconds left.\n|-message|THE3Swords forfeited.\n|\n|win|DR4N\n|raw|DR4N's rating: 1153 &rarr; <strong>1174<\/strong><br \/>(+21 for winning)\n|raw|THE3Swords's rating: 1100 &rarr; <strong>1079<\/strong><br \/>(-21 for losing)\n|l|\u2606THE3Swords\n|c|\u2606DR4N|Lol\n","uploadtime":1700141787,"views":5,"p1id":"dr4n","p2id":"the3swords","formatid":"gen9anythinggoes","rating":1079,"private":0,"password":""}