{"id":"gen9anythinggoes-1973489532","p1":"Sunny1437","p2":"anonymous197","format":"[Gen 9] Anything Goes","log":"|j|\u2606Sunny1437\n|j|\u2606anonymous197\n|t:|1697982919\n|gametype|singles\n|player|p1|Sunny1437|lucas|1134\n|player|p2|anonymous197|ghetsis|1300\n|teamsize|p1|6\n|teamsize|p2|6\n|gen|9\n|tier|[Gen 9] Anything Goes\n|rated|\n|rule|HP Percentage Mod: HP is shown in percentages\n|rule|Endless Battle Clause: Forcing endless battles is banned\n|clearpoke\n|poke|p1|Ceruledge, M|\n|poke|p1|Armarouge, M|\n|poke|p1|Volcarona, M|\n|poke|p1|Kingambit, M|\n|poke|p1|Arcanine-Hisui, M|\n|poke|p1|Ogerpon-Hearthflame, F|\n|poke|p2|Basculegion, M|\n|poke|p2|Kyogre|\n|poke|p2|Ribombee, F|\n|poke|p2|Avalugg, F|\n|poke|p2|Miraidon|\n|poke|p2|Calyrex-Shadow|\n|teampreview\n|\n|t:|1697982933\n|start\n|switch|p1a: Ceruledge|Ceruledge, M|100\/100\n|switch|p2a: Ribombee|Ribombee, F, shiny|100\/100\n|turn|1\n|\n|t:|1697982946\n|switch|p1a: Volcarona|Volcarona, M, shiny|100\/100\n|move|p2a: Ribombee|Quiver Dance|p2a: Ribombee\n|-boost|p2a: Ribombee|spa|1\n|-boost|p2a: Ribombee|spd|1\n|-boost|p2a: Ribombee|spe|1\n|\n|upkeep\n|turn|2\n|\n|t:|1697982958\n|move|p2a: Ribombee|Quiver Dance|p2a: Ribombee\n|-boost|p2a: Ribombee|spa|1\n|-boost|p2a: Ribombee|spd|1\n|-boost|p2a: Ribombee|spe|1\n|move|p1a: Volcarona|Sunny Day|p1a: Volcarona\n|-weather|SunnyDay\n|\n|-weather|SunnyDay|[upkeep]\n|upkeep\n|turn|3\n|\n|t:|1697982969\n|move|p2a: Ribombee|Quiver Dance|p2a: Ribombee\n|-boost|p2a: Ribombee|spa|1\n|-boost|p2a: Ribombee|spd|1\n|-boost|p2a: Ribombee|spe|1\n|move|p1a: Volcarona|U-turn|p2a: Ribombee\n|-resisted|p2a: Ribombee\n|-damage|p2a: Ribombee|82\/100\n|\n|t:|1697982979\n|switch|p1a: Ceruledge|Ceruledge, M|100\/100|[from] U-turn\n|\n|-weather|SunnyDay|[upkeep]\n|upkeep\n|turn|4\n|\n|t:|1697982991\n|-terastallize|p1a: Ceruledge|Fire\n|move|p2a: Ribombee|Baton Pass|p2a: Ribombee\n|\n|t:|1697982995\n|switch|p2a: Kyogre|Kyogre|100\/100|[from] Baton Pass\n|-weather|RainDance|[from] ability: Drizzle|[of] p2a: Kyogre\n|move|p1a: Ceruledge|Swords Dance|p1a: Ceruledge\n|-boost|p1a: Ceruledge|atk|2\n|\n|-weather|RainDance|[upkeep]\n|upkeep\n|turn|5\n|\n|t:|1697983008\n|switch|p1a: Ogerpon|Ogerpon-Hearthflame, F|100\/100\n|-ability|p1a: Ogerpon|Mold Breaker\n|move|p2a: Kyogre|Water Spout|p1a: Ogerpon\n|-damage|p1a: Ogerpon|0 fnt\n|faint|p1a: Ogerpon\n|\n|-weather|RainDance|[upkeep]\n|upkeep\n|\n|t:|1697983038\n|switch|p1a: Kingambit|Kingambit, M, shiny|100\/100\n|turn|6\n|\n|t:|1697983047\n|move|p2a: Kyogre|Water Spout|p1a: Kingambit\n|-damage|p1a: Kingambit|0 fnt\n|faint|p1a: Kingambit\n|\n|-weather|RainDance|[upkeep]\n|upkeep\n|\n|t:|1697983052\n|switch|p1a: Armarouge|Armarouge, M|100\/100\n|turn|7\n|\n|t:|1697983067\n|move|p2a: Kyogre|Water Spout|p1a: Armarouge\n|-supereffective|p1a: Armarouge\n|-damage|p1a: Armarouge|0 fnt\n|faint|p1a: Armarouge\n|\n|-weather|RainDance|[upkeep]\n|upkeep\n|\n|t:|1697983072\n|switch|p1a: Volcarona|Volcarona, M, shiny|100\/100\n|turn|8\n|\n|t:|1697983080\n|move|p2a: Kyogre|Water Spout|p1a: Volcarona\n|-supereffective|p1a: Volcarona\n|-damage|p1a: Volcarona|0 fnt\n|faint|p1a: Volcarona\n|\n|-weather|RainDance|[upkeep]\n|upkeep\n|\n|t:|1697983087\n|switch|p1a: Ceruledge|Ceruledge, M, tera:Fire|100\/100\n|turn|9\n|\n|t:|1697983090\n|move|p2a: Kyogre|Water Spout|p1a: Ceruledge\n|-supereffective|p1a: Ceruledge\n|-damage|p1a: Ceruledge|0 fnt\n|faint|p1a: Ceruledge\n|\n|-weather|RainDance|[upkeep]\n|upkeep\n|\n|t:|1697983096\n|switch|p1a: Arcanine|Arcanine-Hisui, M, shiny|100\/100\n|-ability|p1a: Arcanine|Intimidate|boost\n|-unboost|p2a: Kyogre|atk|1\n|turn|10\n|\n|t:|1697983102\n|-terastallize|p2a: Kyogre|Ground\n|move|p2a: Kyogre|Tera Blast|p1a: Arcanine|[anim] Tera Blast Ground\n|-supereffective|p1a: Arcanine\n|-damage|p1a: Arcanine|0 fnt\n|faint|p1a: Arcanine\n|\n|win|anonymous197\n|raw|Sunny1437's rating: 1134 &rarr; <strong>1120<\/strong><br \/>(-14 for losing)\n|raw|anonymous197's rating: 1300 &rarr; <strong>1314<\/strong><br \/>(+14 for winning)\n|l|\u2606Sunny1437\n","uploadtime":1697983120,"views":13,"p1id":"sunny1437","p2id":"anonymous197","formatid":"gen9anythinggoes","rating":1120,"private":0,"password":""}