{"id":"gen9anythinggoes-1996934000","p1":"fzyus","p2":"AstralStudios","format":"[Gen 9] Anything Goes","log":"|j|\u2606fzyus\n|j|\u2606AstralStudios\n|t:|1700746678\n|gametype|singles\n|player|p1|fzyus|266|1409\n|player|p2|AstralStudios|cynthia-masters|1405\n|teamsize|p1|6\n|teamsize|p2|6\n|gen|9\n|tier|[Gen 9] Anything Goes\n|rated|\n|rule|HP Percentage Mod: HP is shown in percentages\n|rule|Endless Battle Clause: Forcing endless battles is banned\n|clearpoke\n|poke|p1|Calyrex-Shadow|\n|poke|p1|Kyogre|\n|poke|p1|Regieleki|\n|poke|p1|Miraidon|\n|poke|p1|Iron Bundle|\n|poke|p1|Ribombee, M|\n|poke|p2|Calyrex-Shadow|\n|poke|p2|Toedscruel, M|\n|poke|p2|Zacian-*|\n|poke|p2|Chien-Pao|\n|poke|p2|Koraidon|\n|poke|p2|Walking Wake|\n|teampreview\n|inactive|Battle timer is ON: inactive players will automatically lose when time's up. (requested by fzyus)\n|\n|t:|1700746691\n|start\n|switch|p1a: Iron Bundle|Iron Bundle|100\/100\n|switch|p2a: Toedscruel|Toedscruel, M|100\/100\n|turn|1\n|\n|t:|1700746706\n|move|p1a: Iron Bundle|Ice Beam|p2a: Toedscruel\n|-supereffective|p2a: Toedscruel\n|-damage|p2a: Toedscruel|0 fnt\n|faint|p2a: Toedscruel\n|\n|upkeep\n|\n|t:|1700746712\n|switch|p2a: Koraidon|Koraidon|100\/100\n|-weather|SunnyDay|[from] ability: Orichalcum Pulse|[of] p2a: Koraidon\n|-activate|p2a: Koraidon|Orichalcum Pulse|[source]\n|turn|2\n|inactive|fzyus has 120 seconds left.\n|\n|t:|1700746746\n|move|p1a: Iron Bundle|Flip Turn|p2a: Koraidon\n|-resisted|p2a: Koraidon\n|-damage|p2a: Koraidon|97\/100\n|inactive|fzyus has 120 seconds left.\n|\n|t:|1700746757\n|-end|p1a: Iron Bundle|Quark Drive|[silent]\n|switch|p1a: Miraidon|Miraidon|100\/100|[from] Flip Turn\n|-fieldstart|move: Electric Terrain|[from] ability: Hadron Engine|[of] p1a: Miraidon\n|move|p2a: Koraidon|Flame Charge|p1a: Miraidon\n|-resisted|p1a: Miraidon\n|-damage|p1a: Miraidon|75\/100\n|-boost|p2a: Koraidon|spe|1\n|-damage|p2a: Koraidon|87\/100|[from] item: Life Orb\n|\n|-weather|SunnyDay|[upkeep]\n|upkeep\n|turn|3\n|inactive|fzyus has 120 seconds left.\n|\n|t:|1700746788\n|move|p2a: Koraidon|Scale Shot|p1a: Miraidon\n|-supereffective|p1a: Miraidon\n|-damage|p1a: Miraidon|32\/100\n|-supereffective|p1a: Miraidon\n|-damage|p1a: Miraidon|0 fnt\n|faint|p1a: Miraidon\n|-hitcount|p1: Miraidon|2\n|-unboost|p2a: Koraidon|def|1\n|-boost|p2a: Koraidon|spe|1\n|-damage|p2a: Koraidon|77\/100|[from] item: Life Orb\n|\n|-weather|SunnyDay|[upkeep]\n|upkeep\n|inactive|fzyus has 90 seconds left.\n|\n|t:|1700746802\n|switch|p1a: Iron Bundle|Iron Bundle|100\/100\n|-activate|p1a: Iron Bundle|ability: Quark Drive\n|-start|p1a: Iron Bundle|quarkdrivespe\n|turn|4\n|\n|t:|1700746813\n|move|p2a: Koraidon|Flame Charge|p1a: Iron Bundle\n|-damage|p1a: Iron Bundle|44\/100\n|-boost|p2a: Koraidon|spe|1\n|-damage|p2a: Koraidon|67\/100|[from] item: Life Orb\n|move|p1a: Iron Bundle|Ice Beam|p2a: Koraidon\n|-supereffective|p2a: Koraidon\n|-damage|p2a: Koraidon|0 fnt\n|faint|p2a: Koraidon\n|\n|-weather|SunnyDay|[upkeep]\n|upkeep\n|\n|t:|1700746824\n|switch|p2a: Walking Wake|Walking Wake|100\/100\n|-activate|p2a: Walking Wake|ability: Protosynthesis\n|-start|p2a: Walking Wake|protosynthesisspa\n|turn|5\n|\n|t:|1700746837\n|move|p2a: Walking Wake|Protect|p2a: Walking Wake\n|-singleturn|p2a: Walking Wake|Protect\n|move|p1a: Iron Bundle|Freeze-Dry|p2a: Walking Wake\n|-activate|p2a: Walking Wake|move: Protect\n|\n|-weather|SunnyDay|[upkeep]\n|upkeep\n|turn|6\n|\n|t:|1700746848\n|-end|p2a: Walking Wake|Protosynthesis|[silent]\n|switch|p2a: Chien-Pao|Chien-Pao|100\/100\n|-ability|p2a: Chien-Pao|Sword of Ruin\n|move|p1a: Iron Bundle|Flip Turn|p2a: Chien-Pao\n|-damage|p2a: Chien-Pao|90\/100\n|\n|t:|1700746854\n|-end|p1a: Iron Bundle|Quark Drive|[silent]\n|switch|p1a: Ribombee|Ribombee, M|100\/100|[from] Flip Turn\n|\n|-weather|none\n|-fieldend|move: Electric Terrain\n|upkeep\n|turn|7\n|inactive|fzyus has 120 seconds left.\n|\n|t:|1700746865\n|move|p2a: Chien-Pao|Ice Spinner|p1a: Ribombee\n|-enditem|p1a: Ribombee|Focus Sash\n|-damage|p1a: Ribombee|1\/100\n|move|p1a: Ribombee|Sticky Web|p2a: Chien-Pao\n|-sidestart|p2: AstralStudios|move: Sticky Web\n|\n|upkeep\n|turn|8\n|inactive|fzyus has 120 seconds left.\n|\n|t:|1700746873\n|move|p2a: Chien-Pao|Ice Spinner|p1a: Ribombee\n|-damage|p1a: Ribombee|0 fnt\n|faint|p1a: Ribombee\n|\n|upkeep\n|\n|t:|1700746876\n|switch|p1a: Regieleki|Regieleki|100\/100\n|turn|9\n|\n|t:|1700746888\n|move|p1a: Regieleki|Volt Switch|p2a: Chien-Pao\n|-damage|p2a: Chien-Pao|0 fnt\n|faint|p2a: Chien-Pao\n|inactive|fzyus has 120 seconds left.\n|\n|t:|1700746899\n|switch|p1a: Calyrex|Calyrex-Shadow|100\/100|[from] Volt Switch\n|-ability|p1a: Calyrex|As One\n|-ability|p1a: Calyrex|Unnerve\n|\n|upkeep\n|\n|t:|1700746906\n|switch|p2a: Calyrex|Calyrex-Shadow|100\/100\n|-ability|p2a: Calyrex|As One\n|-ability|p2a: Calyrex|Unnerve\n|-activate|p2a: Calyrex|move: Sticky Web\n|-unboost|p2a: Calyrex|spe|1\n|turn|10\n|inactive|fzyus has 120 seconds left.\n|\n|t:|1700746934\n|switch|p1a: Kyogre|Kyogre|100\/100\n|-weather|RainDance|[from] ability: Drizzle|[of] p1a: Kyogre\n|-terastallize|p2a: Calyrex|Dark\n|move|p2a: Calyrex|Dark Pulse|p1a: Kyogre\n|-damage|p1a: Kyogre|62\/100\n|\n|-weather|RainDance|[upkeep]\n|upkeep\n|turn|11\n|\n|t:|1700746943\n|move|p2a: Calyrex|Astral Barrage|p1a: Kyogre\n|-crit|p1a: Kyogre\n|-damage|p1a: Kyogre|0 fnt\n|faint|p1a: Kyogre\n|-ability|p2a: Calyrex|Grim Neigh|boost\n|-boost|p2a: Calyrex|spa|1\n|\n|-weather|RainDance|[upkeep]\n|upkeep\n|\n|t:|1700746955\n|switch|p1a: Iron Bundle|Iron Bundle|44\/100\n|turn|12\n|\n|t:|1700746965\n|move|p1a: Iron Bundle|Ice Beam|p2a: Calyrex\n|-damage|p2a: Calyrex|57\/100\n|move|p2a: Calyrex|Dark Pulse|p1a: Iron Bundle\n|-damage|p1a: Iron Bundle|0 fnt\n|faint|p1a: Iron Bundle\n|-end|p1a: Iron Bundle|Quark Drive|[silent]\n|-ability|p2a: Calyrex|Grim Neigh|boost\n|-boost|p2a: Calyrex|spa|1\n|\n|-weather|RainDance|[upkeep]\n|upkeep\n|\n|t:|1700746968\n|switch|p1a: Regieleki|Regieleki|100\/100\n|turn|13\n|\n|t:|1700746976\n|move|p1a: Regieleki|Thunder|p2a: Calyrex\n|-damage|p2a: Calyrex|0 fnt\n|faint|p2a: Calyrex\n|\n|-weather|RainDance|[upkeep]\n|upkeep\n|\n|t:|1700746991\n|switch|p2a: Walking Wake|Walking Wake|100\/100\n|-activate|p2a: Walking Wake|move: Sticky Web\n|-unboost|p2a: Walking Wake|spe|1\n|-enditem|p2a: Walking Wake|Booster Energy\n|-activate|p2a: Walking Wake|ability: Protosynthesis|[fromitem]\n|-start|p2a: Walking Wake|protosynthesisspa\n|turn|14\n|\n|t:|1700746998\n|move|p2a: Walking Wake|Protect|p2a: Walking Wake\n|-singleturn|p2a: Walking Wake|Protect\n|move|p1a: Regieleki|Thunder|p2a: Walking Wake\n|-activate|p2a: Walking Wake|move: Protect\n|\n|-weather|none\n|upkeep\n|turn|15\n|\n|t:|1700747006\n|move|p1a: Regieleki|Thunder|p2a: Walking Wake|[miss]\n|-miss|p1a: Regieleki|p2a: Walking Wake\n|move|p2a: Walking Wake|Dragon Pulse|p1a: Regieleki\n|-damage|p1a: Regieleki|0 fnt\n|faint|p1a: Regieleki\n|\n|upkeep\n|\n|t:|1700747008\n|switch|p1a: Calyrex|Calyrex-Shadow|100\/100\n|-ability|p1a: Calyrex|As One\n|-ability|p1a: Calyrex|Unnerve\n|turn|16\n|\n|t:|1700747026\n|-terastallize|p1a: Calyrex|Ghost\n|move|p1a: Calyrex|Astral Barrage|p2a: Walking Wake\n|-damage|p2a: Walking Wake|0 fnt\n|faint|p2a: Walking Wake\n|-end|p2a: Walking Wake|Protosynthesis|[silent]\n|-ability|p1a: Calyrex|Grim Neigh|boost\n|-boost|p1a: Calyrex|spa|1\n|\n|upkeep\n|\n|t:|1700747034\n|switch|p2a: Zacian|Zacian-Crowned, shiny|100\/100\n|-activate|p2a: Zacian|move: Sticky Web\n|-unboost|p2a: Zacian|spe|1\n|-ability|p2a: Zacian|Intrepid Sword|boost\n|-boost|p2a: Zacian|atk|1\n|turn|17\n|inactive|AstralStudios has 120 seconds left.\n|\n|t:|1700747059\n|move|p1a: Calyrex|Astral Barrage|p2a: Zacian\n|-damage|p2a: Zacian|0 fnt\n|faint|p2a: Zacian\n|\n|win|fzyus\n|raw|fzyus's rating: 1439 &rarr; <strong>1457<\/strong><br \/>(+18 for winning)\n|raw|AstralStudios's rating: 1405 &rarr; <strong>1387<\/strong><br \/>(-18 for losing)\n|l|\u2606AstralStudios\n","uploadtime":1700747114,"views":0,"p1id":"fzyus","p2id":"astralstudios","formatid":"gen9anythinggoes","rating":1387,"private":0,"password":""}