{"id":"gen9anythinggoes-1989686963","p1":"imdstrbd","p2":"jmmcdonald-14","format":"[Gen 9] Anything Goes","log":"|j|\u2606imdstrbd\n|j|\u203djmmcdonald-14\n|t:|1699886870\n|gametype|singles\n|player|p1|imdstrbd|lance|1017\n|player|p2|jmmcdonald-14|2|1000\n|teamsize|p1|6\n|teamsize|p2|6\n|gen|9\n|tier|[Gen 9] Anything Goes\n|rated|\n|rule|HP Percentage Mod: HP is shown in percentages\n|rule|Endless Battle Clause: Forcing endless battles is banned\n|clearpoke\n|poke|p1|Noivern, M|\n|poke|p1|Milotic, M|\n|poke|p1|Ninetales-Alola, F|\n|poke|p1|Salamence, M|\n|poke|p1|Palkia|\n|poke|p1|Zacian-*|\n|poke|p2|Calyrex-Shadow|\n|poke|p2|Drifblim, F|\n|poke|p2|Mew|\n|poke|p2|Gliscor, F|\n|poke|p2|Shaymin-Sky|\n|poke|p2|Ditto|\n|teampreview\n|\n|t:|1699886878\n|start\n|switch|p1a: Zacian|Zacian-Crowned, shiny|100\/100\n|switch|p2a: Drifblim|Drifblim, F|100\/100\n|-ability|p1a: Zacian|Intrepid Sword|boost\n|-boost|p1a: Zacian|atk|1\n|turn|1\n|inactive|Battle timer is ON: inactive players will automatically lose when time's up. (requested by jmmcdonald-14)\n|\n|t:|1699886885\n|-terastallize|p1a: Zacian|Fire\n|move|p1a: Zacian|Behemoth Blade|p2a: Drifblim\n|-damage|p2a: Drifblim|20\/100\n|move|p2a: Drifblim|Minimize|p2a: Drifblim\n|-boost|p2a: Drifblim|evasion|2\n|\n|upkeep\n|turn|2\n|\n|t:|1699886892\n|move|p1a: Zacian|Swords Dance|p1a: Zacian\n|-boost|p1a: Zacian|atk|2\n|move|p2a: Drifblim|Minimize|p2a: Drifblim\n|-boost|p2a: Drifblim|evasion|2\n|\n|upkeep\n|turn|3\n|\n|t:|1699886897\n|move|p1a: Zacian|Behemoth Blade|p2a: Drifblim|[miss]\n|-miss|p1a: Zacian|p2a: Drifblim\n|move|p2a: Drifblim|Minimize|p2a: Drifblim\n|-boost|p2a: Drifblim|evasion|2\n|\n|upkeep\n|turn|4\n|\n|t:|1699886904\n|move|p1a: Zacian|Behemoth Blade|p2a: Drifblim\n|-damage|p2a: Drifblim|0 fnt\n|-damage|p1a: Zacian|76\/100|[from] ability: Aftermath|[of] p2a: Drifblim\n|faint|p2a: Drifblim\n|\n|upkeep\n|\n|t:|1699886925\n|switch|p2a: Gliscor|Gliscor, F|100\/100\n|turn|5\n|\n|t:|1699886928\n|move|p1a: Zacian|Behemoth Blade|p2a: Gliscor\n|-damage|p2a: Gliscor|0 fnt\n|faint|p2a: Gliscor\n|\n|upkeep\n|\n|t:|1699886936\n|switch|p2a: Calyrex|Calyrex-Shadow|100\/100\n|-ability|p2a: Calyrex|As One\n|-ability|p2a: Calyrex|Unnerve\n|turn|6\n|\n|t:|1699886941\n|move|p2a: Calyrex|Astral Barrage|p1a: Zacian\n|-damage|p1a: Zacian|4\/100\n|move|p1a: Zacian|Behemoth Blade|p2a: Calyrex\n|-enditem|p2a: Calyrex|Focus Sash\n|-damage|p2a: Calyrex|1\/100\n|\n|upkeep\n|turn|7\n|c|\u2606imdstrbd|thanks\n|\n|t:|1699886956\n|move|p2a: Calyrex|Astral Barrage|p1a: Zacian\n|-damage|p1a: Zacian|0 fnt\n|faint|p1a: Zacian\n|-ability|p2a: Calyrex|Grim Neigh|boost\n|-boost|p2a: Calyrex|spa|1\n|\n|upkeep\n|\n|t:|1699886960\n|switch|p1a: Noivern|Noivern, M|100\/100\n|turn|8\n|\n|t:|1699886968\n|move|p2a: Calyrex|Astral Barrage|p1a: Noivern\n|-damage|p1a: Noivern|0 fnt\n|faint|p1a: Noivern\n|-ability|p2a: Calyrex|Grim Neigh|boost\n|-boost|p2a: Calyrex|spa|1\n|\n|upkeep\n|\n|t:|1699886971\n|switch|p1a: Palkia|Palkia|100\/100\n|-ability|p1a: Palkia|Pressure\n|turn|9\n|\n|t:|1699886978\n|move|p2a: Calyrex|Astral Barrage|p1a: Palkia\n|-damage|p1a: Palkia|0 fnt\n|faint|p1a: Palkia\n|-ability|p2a: Calyrex|Grim Neigh|boost\n|-boost|p2a: Calyrex|spa|1\n|\n|upkeep\n|\n|t:|1699886993\n|switch|p1a: Milotic|Milotic, M|100\/100\n|turn|10\n|\n|t:|1699886999\n|move|p2a: Calyrex|Astral Barrage|p1a: Milotic\n|-crit|p1a: Milotic\n|-damage|p1a: Milotic|0 fnt\n|faint|p1a: Milotic\n|-ability|p2a: Calyrex|Grim Neigh|boost\n|-boost|p2a: Calyrex|spa|1\n|\n|upkeep\n|\n|t:|1699887003\n|switch|p1a: Salamence|Salamence, M|100\/100\n|-ability|p1a: Salamence|Intimidate|boost\n|-unboost|p2a: Calyrex|atk|1\n|turn|11\n|\n|t:|1699887011\n|move|p2a: Calyrex|Astral Barrage|p1a: Salamence\n|-damage|p1a: Salamence|0 fnt\n|faint|p1a: Salamence\n|-ability|p2a: Calyrex|Grim Neigh|boost\n|-boost|p2a: Calyrex|spa|1\n|\n|upkeep\n|n|!imdstrbd|imdstrbd\n|\n|t:|1699887029\n|switch|p1a: Ninetales|Ninetales-Alola, F|100\/100\n|-weather|Snow|[from] ability: Snow Warning|[of] p1a: Ninetales\n|turn|12\n|\n|t:|1699887035\n|move|p2a: Calyrex|Astral Barrage|p1a: Ninetales\n|-damage|p1a: Ninetales|0 fnt\n|faint|p1a: Ninetales\n|\n|win|jmmcdonald-14\n|raw|imdstrbd's rating: 1017 &rarr; <strong>1004<\/strong><br \/>(-13 for losing)\n|raw|jmmcdonald-14's rating: 1000 &rarr; <strong>1042<\/strong><br \/>(+42 for winning)\n","uploadtime":1699887019,"views":4,"p1id":"imdstrbd","p2id":"jmmcdonald14","formatid":"gen9anythinggoes","rating":1004,"private":0,"password":""}