{"id":"gen9anythinggoes-1992314981","p1":"pbrake12","p2":"strabington","format":"[Gen 9] Anything Goes","log":"|j|\u2606pbrake12\n|j|\u2606strabington\n|t:|1700173825\n|gametype|singles\n|player|p1|pbrake12|hoopster|\n|player|p2|strabington|clerkf|\n|teamsize|p1|6\n|teamsize|p2|6\n|gen|9\n|tier|[Gen 9] Anything Goes\n|rule|HP Percentage Mod: HP is shown in percentages\n|rule|Endless Battle Clause: Forcing endless battles is banned\n|clearpoke\n|poke|p1|Skeledirge, F|\n|poke|p1|Samurott-Hisui, M|\n|poke|p1|Ogerpon-Hearthflame, F|\n|poke|p1|Mandibuzz, F|\n|poke|p1|Torterra, F|\n|poke|p1|Toxicroak, M|\n|poke|p2|Sneasler, M|\n|poke|p2|Rillaboom, F|\n|poke|p2|Grimmsnarl, M|\n|poke|p2|Enamorus-Therian, F|\n|poke|p2|Arcanine-Hisui, M|\n|poke|p2|Gastrodon, M|\n|teampreview\n|\n|t:|1700173879\n|start\n|switch|p1a: Samurott|Samurott-Hisui, M|100\/100\n|switch|p2a: Rillaboom|Rillaboom, F|100\/100\n|-fieldstart|move: Grassy Terrain|[from] ability: Grassy Surge|[of] p2a: Rillaboom\n|turn|1\n|\n|t:|1700173886\n|move|p1a: Samurott|Ceaseless Edge|p2a: Rillaboom\n|-damage|p2a: Rillaboom|56\/100\n|-sidestart|p2: strabington|Spikes\n|move|p2a: Rillaboom|U-turn|p1a: Samurott\n|-supereffective|p1a: Samurott\n|-damage|p1a: Samurott|1\/100\n|\n|t:|1700173892\n|switch|p2a: Arcanine|Arcanine-Hisui, M|100\/100|[from] U-turn\n|-damage|p2a: Arcanine|88\/100|[from] Spikes\n|\n|-heal|p2a: Arcanine|94\/100|[from] Grassy Terrain\n|-heal|p1a: Samurott|7\/100|[from] Grassy Terrain\n|upkeep\n|turn|2\n|\n|t:|1700173899\n|switch|p1a: Skeledirge|Skeledirge, F|100\/100\n|move|p2a: Arcanine|Extreme Speed|p1a: Skeledirge\n|-immune|p1a: Skeledirge\n|\n|-heal|p2a: Arcanine|99\/100|[from] Grassy Terrain\n|upkeep\n|turn|3\n|\n|t:|1700173915\n|switch|p2a: Gastrodon|Gastrodon, M|100\/100\n|move|p1a: Skeledirge|Torch Song|p2a: Gastrodon\n|-resisted|p2a: Gastrodon\n|-damage|p2a: Gastrodon|90\/100\n|-boost|p1a: Skeledirge|spa|1\n|\n|-heal|p2a: Gastrodon|97\/100|[from] Grassy Terrain\n|upkeep\n|turn|4\n|\n|t:|1700173931\n|switch|p1a: Toxicroak|Toxicroak, M|100\/100\n|move|p2a: Gastrodon|Stealth Rock|p1a: Toxicroak\n|-sidestart|p1: pbrake12|move: Stealth Rock\n|\n|-heal|p2a: Gastrodon|100\/100|[from] Grassy Terrain\n|upkeep\n|turn|5\n|\n|t:|1700173989\n|move|p1a: Toxicroak|Fake Out|p2a: Gastrodon\n|-damage|p2a: Gastrodon|83\/100\n|-damage|p1a: Toxicroak|91\/100|[from] item: Life Orb\n|cant|p2a: Gastrodon|flinch\n|\n|-heal|p1a: Toxicroak|97\/100|[from] Grassy Terrain\n|-heal|p2a: Gastrodon|89\/100|[from] Grassy Terrain\n|-fieldend|move: Grassy Terrain\n|upkeep\n|turn|6\n|\n|t:|1700173997\n|switch|p1a: Mandibuzz|Mandibuzz, F|100\/100\n|move|p2a: Gastrodon|Earth Power|p1a: Mandibuzz\n|-immune|p1a: Mandibuzz\n|\n|upkeep\n|turn|7\n|\n|t:|1700174006\n|move|p1a: Mandibuzz|Foul Play|p2a: Gastrodon\n|-damage|p2a: Gastrodon|66\/100\n|move|p2a: Gastrodon|Stealth Rock||[still]\n|-fail|p2a: Gastrodon\n|\n|upkeep\n|turn|8\n|\n|t:|1700174012\n|move|p1a: Mandibuzz|Foul Play|p2a: Gastrodon\n|-damage|p2a: Gastrodon|42\/100\n|move|p2a: Gastrodon|Stealth Rock||[still]\n|-fail|p2a: Gastrodon\n|\n|upkeep\n|turn|9\n|\n|t:|1700174016\n|move|p1a: Mandibuzz|Foul Play|p2a: Gastrodon\n|-damage|p2a: Gastrodon|21\/100\n|move|p2a: Gastrodon|Ice Beam|p1a: Mandibuzz\n|-supereffective|p1a: Mandibuzz\n|-damage|p1a: Mandibuzz|69\/100\n|\n|upkeep\n|turn|10\n|\n|t:|1700174019\n|move|p1a: Mandibuzz|Foul Play|p2a: Gastrodon\n|-damage|p2a: Gastrodon|0 fnt\n|faint|p2a: Gastrodon\n|\n|upkeep\n|\n|t:|1700174029\n|switch|p2a: Arcanine|Arcanine-Hisui, M|99\/100\n|-damage|p2a: Arcanine|88\/100|[from] Spikes\n|turn|11\n|\n|t:|1700174045\n|move|p2a: Arcanine|Flare Blitz|p1a: Mandibuzz\n|-damage|p1a: Mandibuzz|38\/100\n|move|p1a: Mandibuzz|Defog|p2a: Arcanine\n|-unboost|p2a: Arcanine|evasion|1\n|-sideend|p2: strabington|Spikes|[from] move: Defog|[of] p1a: Mandibuzz\n|-sideend|p1: pbrake12|Stealth Rock|[from] move: Defog|[of] p1a: Mandibuzz\n|\n|upkeep\n|turn|12\n|\n|t:|1700174073\n|move|p2a: Arcanine|Flare Blitz|p1a: Mandibuzz\n|-damage|p1a: Mandibuzz|8\/100\n|move|p1a: Mandibuzz|Roost|p1a: Mandibuzz\n|-heal|p1a: Mandibuzz|58\/100\n|-singleturn|p1a: Mandibuzz|move: Roost\n|\n|upkeep\n|turn|13\n|\n|t:|1700174086\n|switch|p2a: Enamorus|Enamorus-Therian, F|100\/100\n|move|p1a: Mandibuzz|Roost|p1a: Mandibuzz\n|-heal|p1a: Mandibuzz|100\/100\n|-singleturn|p1a: Mandibuzz|move: Roost\n|\n|upkeep\n|turn|14\n|\n|t:|1700174097\n|move|p2a: Enamorus|Earth Power|p1a: Mandibuzz\n|-immune|p1a: Mandibuzz\n|move|p1a: Mandibuzz|Whirlwind|p2a: Enamorus\n|drag|p2a: Arcanine|Arcanine-Hisui, M|88\/100\n|\n|upkeep\n|turn|15\n|\n|t:|1700174105\n|move|p2a: Arcanine|Head Smash|p1a: Mandibuzz\n|-supereffective|p1a: Mandibuzz\n|-damage|p1a: Mandibuzz|23\/100\n|move|p1a: Mandibuzz|Foul Play|p2a: Arcanine\n|-damage|p2a: Arcanine|34\/100\n|\n|upkeep\n|turn|16\n|\n|t:|1700174125\n|switch|p2a: Enamorus|Enamorus-Therian, F|100\/100\n|switch|p1a: Toxicroak|Toxicroak, M|97\/100\n|\n|upkeep\n|turn|17\n|\n|t:|1700174136\n|move|p1a: Toxicroak|Fake Out|p2a: Enamorus\n|-damage|p2a: Enamorus|86\/100\n|-damage|p1a: Toxicroak|87\/100|[from] item: Life Orb\n|cant|p2a: Enamorus|flinch\n|\n|-heal|p2a: Enamorus|92\/100|[from] item: Leftovers\n|upkeep\n|turn|18\n|\n|t:|1700174151\n|switch|p1a: Mandibuzz|Mandibuzz, F|23\/100\n|move|p2a: Enamorus|Iron Defense|p2a: Enamorus\n|-boost|p2a: Enamorus|def|2\n|\n|-heal|p2a: Enamorus|98\/100|[from] item: Leftovers\n|upkeep\n|turn|19\n|\n|t:|1700174160\n|move|p1a: Mandibuzz|Roost|p1a: Mandibuzz\n|-heal|p1a: Mandibuzz|73\/100\n|-singleturn|p1a: Mandibuzz|move: Roost\n|move|p2a: Enamorus|Draining Kiss|p1a: Mandibuzz\n|-supereffective|p1a: Mandibuzz\n|-damage|p1a: Mandibuzz|24\/100\n|-heal|p2a: Enamorus|100\/100|[from] drain|[of] p1a: Mandibuzz\n|\n|upkeep\n|turn|20\n|\n|t:|1700174164\n|move|p1a: Mandibuzz|Roost|p1a: Mandibuzz\n|-heal|p1a: Mandibuzz|74\/100\n|-singleturn|p1a: Mandibuzz|move: Roost\n|move|p2a: Enamorus|Draining Kiss|p1a: Mandibuzz\n|-supereffective|p1a: Mandibuzz\n|-damage|p1a: Mandibuzz|28\/100\n|\n|upkeep\n|turn|21\n|\n|t:|1700174167\n|move|p1a: Mandibuzz|Roost|p1a: Mandibuzz\n|-heal|p1a: Mandibuzz|78\/100\n|-singleturn|p1a: Mandibuzz|move: Roost\n|move|p2a: Enamorus|Draining Kiss|p1a: Mandibuzz\n|-supereffective|p1a: Mandibuzz\n|-damage|p1a: Mandibuzz|29\/100\n|\n|upkeep\n|turn|22\n|\n|t:|1700174169\n|move|p1a: Mandibuzz|Roost|p1a: Mandibuzz\n|-heal|p1a: Mandibuzz|79\/100\n|-singleturn|p1a: Mandibuzz|move: Roost\n|move|p2a: Enamorus|Draining Kiss|p1a: Mandibuzz\n|-supereffective|p1a: Mandibuzz\n|-damage|p1a: Mandibuzz|26\/100\n|\n|upkeep\n|turn|23\n|\n|t:|1700174172\n|move|p1a: Mandibuzz|Roost|p1a: Mandibuzz\n|-heal|p1a: Mandibuzz|76\/100\n|-singleturn|p1a: Mandibuzz|move: Roost\n|move|p2a: Enamorus|Draining Kiss|p1a: Mandibuzz\n|-supereffective|p1a: Mandibuzz\n|-damage|p1a: Mandibuzz|24\/100\n|\n|upkeep\n|turn|24\n|\n|t:|1700174175\n|switch|p1a: Skeledirge|Skeledirge, F|100\/100\n|move|p2a: Enamorus|Draining Kiss|p1a: Skeledirge\n|-resisted|p1a: Skeledirge\n|-damage|p1a: Skeledirge|85\/100\n|\n|-heal|p1a: Skeledirge|91\/100|[from] item: Leftovers\n|upkeep\n|turn|25\n|\n|t:|1700174195\n|move|p1a: Skeledirge|Torch Song|p2a: Enamorus\n|-damage|p2a: Enamorus|71\/100\n|-boost|p1a: Skeledirge|spa|1\n|move|p2a: Enamorus|Earth Power|p1a: Skeledirge\n|-supereffective|p1a: Skeledirge\n|-damage|p1a: Skeledirge|16\/100\n|\n|-heal|p1a: Skeledirge|22\/100|[from] item: Leftovers\n|-heal|p2a: Enamorus|77\/100|[from] item: Leftovers\n|upkeep\n|turn|26\n|\n|t:|1700174205\n|move|p1a: Skeledirge|Torch Song|p2a: Enamorus\n|-damage|p2a: Enamorus|33\/100\n|-boost|p1a: Skeledirge|spa|1\n|move|p2a: Enamorus|Draining Kiss|p1a: Skeledirge\n|-resisted|p1a: Skeledirge\n|-damage|p1a: Skeledirge|7\/100\n|-heal|p2a: Enamorus|47\/100|[from] drain|[of] p1a: Skeledirge\n|\n|-heal|p1a: Skeledirge|13\/100|[from] item: Leftovers\n|-heal|p2a: Enamorus|53\/100|[from] item: Leftovers\n|upkeep\n|turn|27\n|\n|t:|1700174212\n|move|p1a: Skeledirge|Torch Song|p2a: Enamorus\n|-damage|p2a: Enamorus|0 fnt\n|-boost|p1a: Skeledirge|spa|1\n|faint|p2a: Enamorus\n|\n|-heal|p1a: Skeledirge|19\/100|[from] item: Leftovers\n|upkeep\n|\n|t:|1700174224\n|switch|p2a: Rillaboom|Rillaboom, F|56\/100\n|-fieldstart|move: Grassy Terrain|[from] ability: Grassy Surge|[of] p2a: Rillaboom\n|turn|28\n|\n|t:|1700174229\n|move|p2a: Rillaboom|Knock Off|p1a: Skeledirge\n|-supereffective|p1a: Skeledirge\n|-damage|p1a: Skeledirge|0 fnt\n|-enditem|p1a: Skeledirge|Leftovers|[from] move: Knock Off|[of] p2a: Rillaboom\n|faint|p1a: Skeledirge\n|\n|-heal|p2a: Rillaboom|62\/100|[from] Grassy Terrain\n|upkeep\n|\n|t:|1700174233\n|switch|p1a: Samurott|Samurott-Hisui, M|7\/100\n|turn|29\n|\n|t:|1700174250\n|switch|p2a: Grimmsnarl|Grimmsnarl, M|100\/100\n|move|p1a: Samurott|Aqua Jet|p2a: Grimmsnarl\n|-damage|p2a: Grimmsnarl|85\/100\n|\n|-heal|p1a: Samurott|13\/100|[from] Grassy Terrain\n|-heal|p2a: Grimmsnarl|91\/100|[from] Grassy Terrain\n|upkeep\n|turn|30\n|\n|t:|1700174256\n|move|p2a: Grimmsnarl|Reflect|p2a: Grimmsnarl\n|-sidestart|p2: strabington|Reflect\n|move|p1a: Samurott|Ceaseless Edge|p2a: Grimmsnarl\n|-resisted|p2a: Grimmsnarl\n|-damage|p2a: Grimmsnarl|87\/100\n|-sidestart|p2: strabington|Spikes\n|\n|-heal|p1a: Samurott|20\/100|[from] Grassy Terrain\n|-heal|p2a: Grimmsnarl|93\/100|[from] Grassy Terrain\n|upkeep\n|turn|31\n|\n|t:|1700174266\n|move|p2a: Grimmsnarl|Thunder Wave|p1a: Samurott\n|-hint|Since gen 7, Dark is immune to Prankster moves.\n|-immune|p1a: Samurott\n|move|p1a: Samurott|Ceaseless Edge|p2a: Grimmsnarl|[miss]\n|-miss|p1a: Samurott|p2a: Grimmsnarl\n|\n|-heal|p1a: Samurott|26\/100|[from] Grassy Terrain\n|-heal|p2a: Grimmsnarl|99\/100|[from] Grassy Terrain\n|upkeep\n|turn|32\n|\n|t:|1700174274\n|switch|p2a: Sneasler|Sneasler, M|100\/100\n|-damage|p2a: Sneasler|88\/100|[from] Spikes\n|-enditem|p2a: Sneasler|Grassy Seed\n|-boost|p2a: Sneasler|def|1|[from] item: Grassy Seed\n|move|p1a: Samurott|Ceaseless Edge|p2a: Sneasler\n|-resisted|p2a: Sneasler\n|-damage|p2a: Sneasler|76\/100\n|-sidestart|p2: strabington|Spikes\n|\n|-heal|p2a: Sneasler|82\/100|[from] Grassy Terrain\n|-heal|p1a: Samurott|32\/100|[from] Grassy Terrain\n|-fieldend|move: Grassy Terrain\n|upkeep\n|turn|33\n|\n|t:|1700174298\n|move|p2a: Sneasler|Swords Dance|p2a: Sneasler\n|-boost|p2a: Sneasler|atk|2\n|move|p1a: Samurott|Aqua Cutter|p2a: Sneasler\n|-damage|p2a: Sneasler|53\/100\n|\n|upkeep\n|turn|34\n|\n|t:|1700174305\n|move|p1a: Samurott|Aqua Jet|p2a: Sneasler\n|-damage|p2a: Sneasler|42\/100\n|move|p2a: Sneasler|Dire Claw|p1a: Samurott\n|-damage|p1a: Samurott|0 fnt\n|faint|p1a: Samurott\n|\n|upkeep\n|\n|t:|1700174319\n|switch|p1a: Ogerpon|Ogerpon-Hearthflame, F|100\/100\n|-ability|p1a: Ogerpon|Mold Breaker\n|turn|35\n|\n|t:|1700174373\n|switch|p1a: Toxicroak|Toxicroak, M|87\/100\n|move|p2a: Sneasler|Dire Claw|p1a: Toxicroak\n|-resisted|p1a: Toxicroak\n|-damage|p1a: Toxicroak|10\/100\n|\n|upkeep\n|turn|36\n|\n|t:|1700174379\n|move|p1a: Toxicroak|Fake Out|p2a: Sneasler\n|-damage|p2a: Sneasler|33\/100\n|-damage|p1a: Toxicroak|0 fnt|[from] item: Life Orb\n|faint|p1a: Toxicroak\n|cant|p2a: Sneasler|flinch\n|\n|upkeep\n|\n|t:|1700174385\n|switch|p1a: Mandibuzz|Mandibuzz, F|24\/100\n|turn|37\n|\n|t:|1700174389\n|move|p2a: Sneasler|Dire Claw|p1a: Mandibuzz\n|-damage|p1a: Mandibuzz|0 fnt\n|faint|p1a: Mandibuzz\n|\n|-sideend|p2: strabington|Reflect\n|upkeep\n|\n|t:|1700174392\n|switch|p1a: Ogerpon|Ogerpon-Hearthflame, F|100\/100\n|-ability|p1a: Ogerpon|Mold Breaker\n|turn|38\n|\n|t:|1700174411\n|move|p2a: Sneasler|Dire Claw|p1a: Ogerpon\n|-supereffective|p1a: Ogerpon\n|-damage|p1a: Ogerpon|0 fnt\n|faint|p1a: Ogerpon\n|\n|upkeep\n|\n|t:|1700174413\n|switch|p1a: Torterra|Torterra, F|100\/100\n|turn|39\n|\n|t:|1700174421\n|move|p2a: Sneasler|Dire Claw|p1a: Torterra\n|-damage|p1a: Torterra|14\/100\n|move|p1a: Torterra|Headlong Rush|p2a: Sneasler\n|-supereffective|p2a: Sneasler\n|-damage|p2a: Sneasler|0 fnt\n|-unboost|p1a: Torterra|def|1\n|-unboost|p1a: Torterra|spd|1\n|faint|p2a: Sneasler\n|\n|upkeep\n|\n|t:|1700174431\n|switch|p2a: Rillaboom|Rillaboom, F|62\/100\n|-damage|p2a: Rillaboom|45\/100|[from] Spikes\n|-fieldstart|move: Grassy Terrain|[from] ability: Grassy Surge|[of] p2a: Rillaboom\n|turn|40\n|\n|t:|1700174434\n|move|p2a: Rillaboom|Grassy Glide|p1a: Torterra\n|-damage|p1a: Torterra|0 fnt\n|faint|p1a: Torterra\n|\n|win|strabington\n|l|\u2606pbrake12\n|j|\u2606pbrake12\n|player|p1|pbrake12|hoopster\n","uploadtime":1700174447,"views":4,"p1id":"pbrake12","p2id":"strabington","formatid":"gen9anythinggoes","rating":0,"private":0,"password":""}