{"id":"gen9anythinggoes-1994465537","p1":"alexwave55","p2":"Salty Oshuwatt","format":"[Gen 9] Anything Goes","log":"|j|\u2606alexwave55\n|j|\u2606Salty Oshuwatt\n|t:|1700447077\n|gametype|singles\n|player|p1|alexwave55|rika|\n|player|p2|Salty Oshuwatt|clown|\n|teamsize|p1|6\n|teamsize|p2|6\n|gen|9\n|tier|[Gen 9] Anything Goes\n|rule|HP Percentage Mod: HP is shown in percentages\n|rule|Endless Battle Clause: Forcing endless battles is banned\n|clearpoke\n|poke|p1|Palafin, M|\n|poke|p1|Skeledirge, M|\n|poke|p1|Iron Treads|\n|poke|p1|Mandibuzz, F|\n|poke|p1|Sinistcha-Masterpiece|\n|poke|p1|Florges-White, F|\n|poke|p2|Annihilape, M|\n|poke|p2|Ursaluna-Bloodmoon, M|\n|poke|p2|Heatran, M|\n|poke|p2|Ninetales-Alola, F|\n|poke|p2|Cyclizar, F|\n|poke|p2|Volbeat, M|\n|teampreview\n|j| FLOOR IT\n|j| TheJoeyGuy\n|c|\u2606alexwave55|glhf\n|\n|t:|1700447132\n|start\n|switch|p1a: Franky|Iron Treads|100\/100\n|switch|p2a: Ninetales|Ninetales-Alola, F|100\/100\n|-weather|Snow|[from] ability: Snow Warning|[of] p2a: Ninetales\n|turn|1\n|c| FLOOR IT|Beat him up Josh\n|c|\u2606Salty Oshuwatt|glhf\n|j| Ryno5311\n|c| FLOOR IT|make him the odd one out\n|\n|t:|1700447150\n|switch|p2a: Annihilape|Annihilape, M|100\/100\n|move|p1a: Franky|Rapid Spin|p2a: Annihilape\n|-immune|p2a: Annihilape\n|\n|-weather|Snow|[upkeep]\n|upkeep\n|turn|2\n|\n|t:|1700447162\n|-end|p1a: Franky|Quark Drive|[silent]\n|switch|p1a: Babalu|Mandibuzz, F|100\/100\n|move|p2a: Annihilape|Drain Punch|p1a: Babalu\n|-damage|p1a: Babalu|75\/100\n|\n|-weather|Snow|[upkeep]\n|upkeep\n|turn|3\n|j| dancingnightmare\n|\n|t:|1700447171\n|switch|p2a: Heatran|Heatran, M|100\/100\n|move|p1a: Babalu|Toxic|p2a: Heatran|[miss]\n|-miss|p1a: Babalu|p2a: Heatran\n|\n|-weather|Snow|[upkeep]\n|upkeep\n|turn|4\n|\n|t:|1700447193\n|switch|p1a: Wave Jr.|Palafin, M|100\/100\n|move|p2a: Heatran|Magma Storm|p1a: Wave Jr.\n|-resisted|p1a: Wave Jr.\n|-damage|p1a: Wave Jr.|59\/100\n|-activate|p1a: Wave Jr.|move: Magma Storm|[of] p2a: Heatran\n|\n|-weather|Snow|[upkeep]\n|-damage|p1a: Wave Jr.|47\/100|[from] move: Magma Storm|[partiallytrapped]\n|upkeep\n|turn|5\n|\n|t:|1700447208\n|-terastallize|p2a: Heatran|Grass\n|move|p1a: Wave Jr.|Drain Punch|p2a: Heatran\n|-damage|p2a: Heatran|87\/100\n|-heal|p1a: Wave Jr.|55\/100|[from] drain|[of] p2a: Heatran\n|move|p2a: Heatran|Magma Storm|p1a: Wave Jr.\n|-resisted|p1a: Wave Jr.\n|-damage|p1a: Wave Jr.|10\/100\n|\n|-weather|none\n|-heal|p2a: Heatran|93\/100|[from] item: Leftovers\n|-damage|p1a: Wave Jr.|0 fnt|[from] move: Magma Storm|[partiallytrapped]\n|faint|p1a: Wave Jr.\n|upkeep\n|j| Goldensword3478\n|\n|t:|1700447241\n|switch|p1a: Queen|Skeledirge, M|100\/100\n|turn|6\n|c|\u2606Salty Oshuwatt|wait wave\n|c|\u2606Salty Oshuwatt|you didnt bring your bug\n|c|\u2606alexwave55|does that bug you?\n|\n|t:|1700447267\n|-terastallize|p1a: Queen|Flying\n|move|p2a: Heatran|Earth Power|p1a: Queen\n|-immune|p1a: Queen\n|move|p1a: Queen|Tera Blast|p2a: Heatran|[anim] Tera Blast Flying\n|-supereffective|p2a: Heatran\n|-damage|p2a: Heatran|40\/100\n|\n|-heal|p2a: Heatran|46\/100|[from] item: Leftovers\n|upkeep\n|turn|7\n|c|\u2606Salty Oshuwatt|extremly\n|\n|t:|1700447307\n|move|p2a: Heatran|Magma Storm|p1a: Queen\n|-damage|p1a: Queen|45\/100\n|-activate|p1a: Queen|move: Magma Storm|[of] p2a: Heatran\n|move|p1a: Queen|Tera Blast|p2a: Heatran|[anim] Tera Blast Flying\n|-supereffective|p2a: Heatran\n|-damage|p2a: Heatran|0 fnt\n|faint|p2a: Heatran\n|\n|-end|p1a: Queen|Magma Storm|[partiallytrapped]|[silent]\n|upkeep\n|\n|t:|1700447330\n|switch|p2a: Ninetales|Ninetales-Alola, F|100\/100\n|-weather|Snow|[from] ability: Snow Warning|[of] p2a: Ninetales\n|turn|8\n|\n|t:|1700447339\n|switch|p1a: Franky|Iron Treads|100\/100\n|move|p2a: Ninetales|Freeze-Dry|p1a: Franky\n|-damage|p1a: Franky|79\/100\n|\n|-weather|Snow|[upkeep]\n|upkeep\n|turn|9\n|\n|t:|1700447356\n|move|p2a: Ninetales|Aurora Veil|p2a: Ninetales\n|-sidestart|p2: Salty Oshuwatt|move: Aurora Veil\n|move|p1a: Franky|Rapid Spin|p2a: Ninetales\n|-damage|p2a: Ninetales|93\/100\n|-boost|p1a: Franky|spe|1\n|\n|-weather|Snow|[upkeep]\n|upkeep\n|turn|10\n|\n|t:|1700447387\n|-end|p1a: Franky|Quark Drive|[silent]\n|switch|p1a: Babalu|Mandibuzz, F|75\/100\n|switch|p2a: Annihilape|Annihilape, M|100\/100\n|\n|-weather|Snow|[upkeep]\n|upkeep\n|turn|11\n|\n|t:|1700447411\n|switch|p2a: Cyclizar|Cyclizar, F|100\/100\n|move|p1a: Babalu|Toxic|p2a: Cyclizar\n|-status|p2a: Cyclizar|tox\n|\n|-weather|Snow|[upkeep]\n|-damage|p2a: Cyclizar|94\/100 tox|[from] psn\n|upkeep\n|turn|12\n|\n|t:|1700447431\n|switch|p1a: Antheia|Florges-White, F, shiny|100\/100\n|move|p2a: Cyclizar|Knock Off|p1a: Antheia\n|-resisted|p1a: Antheia\n|-damage|p1a: Antheia|86\/100\n|-enditem|p1a: Antheia|Leftovers|[from] move: Knock Off|[of] p2a: Cyclizar\n|\n|-weather|none\n|-damage|p2a: Cyclizar|82\/100 tox|[from] psn\n|upkeep\n|turn|13\n|\n|t:|1700447444\n|move|p2a: Cyclizar|Shed Tail|p2a: Cyclizar\n|-start|p2a: Cyclizar|Substitute|[from] move: Shed Tail\n|-damage|p2a: Cyclizar|32\/100 tox\n|\n|t:|1700447447\n|switch|p2a: Ursaluna|Ursaluna-Bloodmoon, M|100\/100|[from] Shed Tail\n|move|p1a: Antheia|Moonblast|p2a: Ursaluna\n|-end|p2a: Ursaluna|Substitute\n|\n|upkeep\n|turn|14\n|\n|t:|1700447454\n|move|p1a: Antheia|Energy Ball|p2a: Ursaluna\n|-supereffective|p2a: Ursaluna\n|-damage|p2a: Ursaluna|76\/100\n|move|p2a: Ursaluna|Blood Moon|p1a: Antheia\n|-damage|p1a: Antheia|45\/100\n|-heal|p2a: Ursaluna|80\/100|[from] item: Shell Bell|[of] p1a: Antheia\n|\n|upkeep\n|turn|15\n|\n|t:|1700447468\n|switch|p1a: Chaji|Sinistcha-Masterpiece|100\/100\n|move|p2a: Ursaluna|Calm Mind|p2a: Ursaluna\n|-boost|p2a: Ursaluna|spa|1\n|-boost|p2a: Ursaluna|spd|1\n|\n|upkeep\n|turn|16\n|\n|t:|1700447475\n|move|p1a: Chaji|Calm Mind|p1a: Chaji\n|-boost|p1a: Chaji|spa|1\n|-boost|p1a: Chaji|spd|1\n|move|p2a: Ursaluna|Blood Moon|p1a: Chaji\n|-enditem|p1a: Chaji|Chilan Berry|[eat]\n|-enditem|p1a: Chaji|Chilan Berry|[weaken]\n|-damage|p1a: Chaji|51\/100\n|-heal|p2a: Ursaluna|85\/100|[from] item: Shell Bell|[of] p1a: Chaji\n|\n|-sideend|p2: Salty Oshuwatt|move: Aurora Veil\n|upkeep\n|turn|17\n|\n|t:|1700447494\n|move|p1a: Chaji|Matcha Gotcha|p2a: Ursaluna\n|-supereffective|p2a: Ursaluna\n|-damage|p2a: Ursaluna|14\/100\n|-heal|p1a: Chaji|95\/100|[from] drain|[of] p2a: Ursaluna\n|move|p2a: Ursaluna|Calm Mind|p2a: Ursaluna\n|-boost|p2a: Ursaluna|spa|1\n|-boost|p2a: Ursaluna|spd|1\n|\n|upkeep\n|turn|18\n|\n|t:|1700447503\n|move|p1a: Chaji|Matcha Gotcha|p2a: Ursaluna\n|-supereffective|p2a: Ursaluna\n|-damage|p2a: Ursaluna|0 fnt\n|-heal|p1a: Chaji|100\/100|[from] drain|[of] p2a: Ursaluna\n|faint|p2a: Ursaluna\n|\n|upkeep\n|\n|t:|1700447511\n|switch|p2a: Cyclizar|Cyclizar, F|65\/100 tox\n|turn|19\n|\n|t:|1700447521\n|move|p2a: Cyclizar|Knock Off|p1a: Chaji\n|-supereffective|p1a: Chaji\n|-damage|p1a: Chaji|81\/100\n|move|p1a: Chaji|Matcha Gotcha|p2a: Cyclizar\n|-resisted|p2a: Cyclizar\n|-damage|p2a: Cyclizar|30\/100 tox\n|-heal|p1a: Chaji|99\/100|[from] drain|[of] p2a: Cyclizar\n|\n|-damage|p2a: Cyclizar|23\/100 tox|[from] psn\n|upkeep\n|turn|20\n|\n|t:|1700447538\n|move|p1a: Chaji|Calm Mind|p1a: Chaji\n|-boost|p1a: Chaji|spa|1\n|-boost|p1a: Chaji|spd|1\n|move|p2a: Cyclizar|Dragon Tail|p1a: Chaji\n|-damage|p1a: Chaji|86\/100\n|drag|p1a: Babalu|Mandibuzz, F|75\/100\n|\n|-damage|p2a: Cyclizar|11\/100 tox|[from] psn\n|upkeep\n|turn|21\n|\n|t:|1700447547\n|move|p2a: Cyclizar|Knock Off|p1a: Babalu\n|-resisted|p1a: Babalu\n|-damage|p1a: Babalu|70\/100\n|-damage|p2a: Cyclizar|0 fnt|[from] item: Rocky Helmet|[of] p1a: Babalu\n|faint|p2a: Cyclizar\n|move|p1a: Babalu|Roost|p1a: Babalu\n|-heal|p1a: Babalu|100\/100\n|-singleturn|p1a: Babalu|move: Roost\n|\n|upkeep\n|\n|t:|1700447559\n|switch|p2a: Ninetales|Ninetales-Alola, F|93\/100\n|-weather|Snow|[from] ability: Snow Warning|[of] p2a: Ninetales\n|turn|22\n|\n|t:|1700447568\n|switch|p1a: Franky|Iron Treads|79\/100\n|move|p2a: Ninetales|Aurora Veil|p2a: Ninetales\n|-sidestart|p2: Salty Oshuwatt|move: Aurora Veil\n|\n|-weather|Snow|[upkeep]\n|upkeep\n|turn|23\n|\n|t:|1700447573\n|switch|p2a: Annihilape|Annihilape, M|100\/100\n|move|p1a: Franky|Iron Head|p2a: Annihilape\n|-damage|p2a: Annihilape|83\/100\n|\n|-weather|Snow|[upkeep]\n|upkeep\n|turn|24\n|\n|t:|1700447580\n|-end|p1a: Franky|Quark Drive|[silent]\n|switch|p1a: Babalu|Mandibuzz, F|100\/100\n|move|p2a: Annihilape|Drain Punch|p1a: Babalu\n|-damage|p1a: Babalu|74\/100\n|-heal|p2a: Annihilape|96\/100|[from] drain|[of] p1a: Babalu\n|\n|-weather|Snow|[upkeep]\n|upkeep\n|turn|25\n|\n|t:|1700447594\n|move|p2a: Annihilape|Stealth Rock|p1a: Babalu\n|-sidestart|p1: alexwave55|move: Stealth Rock\n|move|p1a: Babalu|Toxic|p2a: Annihilape\n|-status|p2a: Annihilape|tox\n|\n|-weather|Snow|[upkeep]\n|-damage|p2a: Annihilape|90\/100 tox|[from] psn\n|upkeep\n|turn|26\n|\n|t:|1700447601\n|switch|p2a: Ninetales|Ninetales-Alola, F|93\/100\n|move|p1a: Babalu|Roost|p1a: Babalu\n|-heal|p1a: Babalu|100\/100\n|-singleturn|p1a: Babalu|move: Roost\n|\n|-weather|none\n|upkeep\n|turn|27\n|\n|t:|1700447621\n|switch|p1a: Franky|Iron Treads|79\/100\n|-damage|p1a: Franky|76\/100|[from] Stealth Rock\n|move|p2a: Ninetales|Nasty Plot|p2a: Ninetales\n|-boost|p2a: Ninetales|spa|2\n|\n|upkeep\n|turn|28\n|\n|t:|1700447630\n|move|p2a: Ninetales|Freeze-Dry|p1a: Franky\n|-damage|p1a: Franky|27\/100\n|move|p1a: Franky|Iron Head|p2a: Ninetales\n|-supereffective|p2a: Ninetales\n|-damage|p2a: Ninetales|0 fnt\n|faint|p2a: Ninetales\n|\n|upkeep\n|\n|t:|1700447639\n|switch|p2a: Annihilape|Annihilape, M|90\/100 tox\n|turn|29\n|\n|t:|1700447654\n|move|p1a: Franky|Rapid Spin|p2a: Annihilape\n|-immune|p2a: Annihilape\n|move|p2a: Annihilape|Drain Punch|p1a: Franky\n|-supereffective|p1a: Franky\n|-damage|p1a: Franky|0 fnt\n|-heal|p2a: Annihilape|99\/100 tox|[from] drain|[of] p1a: Franky\n|faint|p1a: Franky\n|-end|p1a: Franky|Quark Drive|[silent]\n|\n|-damage|p2a: Annihilape|94\/100 tox|[from] psn\n|-sideend|p2: Salty Oshuwatt|move: Aurora Veil\n|upkeep\n|\n|t:|1700447665\n|switch|p1a: Babalu|Mandibuzz, F|100\/100\n|-damage|p1a: Babalu|75\/100|[from] Stealth Rock\n|turn|30\n|\n|t:|1700447671\n|move|p2a: Annihilape|Drain Punch|p1a: Babalu\n|-damage|p1a: Babalu|52\/100\n|-heal|p2a: Annihilape|100\/100 tox|[from] drain|[of] p1a: Babalu\n|move|p1a: Babalu|Defog|p2a: Annihilape\n|-unboost|p2a: Annihilape|evasion|1\n|-ability|p2a: Annihilape|Defiant|boost\n|-boost|p2a: Annihilape|atk|2\n|-sideend|p1: alexwave55|Stealth Rock|[from] move: Defog|[of] p1a: Babalu\n|\n|-damage|p2a: Annihilape|88\/100 tox|[from] psn\n|upkeep\n|turn|31\n|\n|t:|1700447683\n|move|p2a: Annihilape|Drain Punch|p1a: Babalu\n|-damage|p1a: Babalu|3\/100\n|-heal|p2a: Annihilape|100\/100 tox|[from] drain|[of] p1a: Babalu\n|move|p1a: Babalu|Roost|p1a: Babalu\n|-heal|p1a: Babalu|53\/100\n|-singleturn|p1a: Babalu|move: Roost\n|\n|-damage|p2a: Annihilape|82\/100 tox|[from] psn\n|upkeep\n|turn|32\n|c|\u2606alexwave55|OOPS\n|l| Goldensword3478\n|\n|t:|1700447693\n|move|p2a: Annihilape|Drain Punch|p1a: Babalu\n|-damage|p1a: Babalu|1\/100\n|-heal|p2a: Annihilape|100\/100 tox|[from] drain|[of] p1a: Babalu\n|move|p1a: Babalu|Roost|p1a: Babalu\n|-heal|p1a: Babalu|51\/100\n|-singleturn|p1a: Babalu|move: Roost\n|\n|-damage|p2a: Annihilape|76\/100 tox|[from] psn\n|upkeep\n|turn|33\n|\n|t:|1700447703\n|move|p2a: Annihilape|Drain Punch|p1a: Babalu\n|-damage|p1a: Babalu|0 fnt\n|-heal|p2a: Annihilape|100\/100 tox|[from] drain|[of] p1a: Babalu\n|faint|p1a: Babalu\n|\n|-damage|p2a: Annihilape|70\/100 tox|[from] psn\n|upkeep\n|\n|t:|1700447717\n|switch|p1a: Queen|Skeledirge, M, tera:Flying|45\/100\n|turn|34\n|\n|t:|1700447721\n|move|p2a: Annihilape|Rage Fist|p1a: Queen\n|-damage|p1a: Queen|10\/100\n|move|p1a: Queen|Slack Off|p1a: Queen\n|-heal|p1a: Queen|60\/100\n|\n|-damage|p2a: Annihilape|33\/100 tox|[from] psn\n|upkeep\n|turn|35\n|\n|t:|1700447728\n|move|p2a: Annihilape|Stealth Rock|p1a: Queen\n|-sidestart|p1: alexwave55|move: Stealth Rock\n|move|p1a: Queen|Slack Off|p1a: Queen\n|-heal|p1a: Queen|100\/100\n|\n|-damage|p2a: Annihilape|0 fnt|[from] psn\n|faint|p2a: Annihilape\n|upkeep\n|\n|t:|1700447734\n|switch|p2a: Volbeat|Volbeat, M|100\/100\n|turn|36\n|\n|t:|1700447740\n|move|p2a: Volbeat|Encore|p1a: Queen\n|-start|p1a: Queen|Encore\n|move|p1a: Queen|Slack Off||[still]\n|-fail|p1a: Queen|heal\n|\n|upkeep\n|turn|37\n|\n|t:|1700447749\n|switch|p1a: Antheia|Florges-White, F, shiny|45\/100\n|-damage|p1a: Antheia|32\/100|[from] Stealth Rock\n|move|p2a: Volbeat|Thunder Wave|p1a: Antheia\n|-status|p1a: Antheia|par\n|\n|upkeep\n|turn|38\n|\n|t:|1700447756\n|move|p2a: Volbeat|Lunge|p1a: Antheia\n|-resisted|p1a: Antheia\n|-damage|p1a: Antheia|18\/100 par\n|-unboost|p1a: Antheia|atk|1\n|move|p1a: Antheia|Baton Pass|p1a: Antheia\n|\n|t:|1700447759\n|switch|p1a: Queen|Skeledirge, M, tera:Flying|100\/100|[from] Baton Pass\n|\n|upkeep\n|turn|39\n|\n|t:|1700447764\n|move|p2a: Volbeat|Thunder Wave|p1a: Queen\n|-status|p1a: Queen|par\n|move|p1a: Queen|Torch Song|p2a: Volbeat\n|-supereffective|p2a: Volbeat\n|-damage|p2a: Volbeat|51\/100\n|-boost|p1a: Queen|spa|1\n|\n|upkeep\n|turn|40\n|\n|t:|1700447772\n|move|p1a: Queen|Torch Song|p2a: Volbeat\n|-supereffective|p2a: Volbeat\n|-damage|p2a: Volbeat|0 fnt\n|-boost|p1a: Queen|spa|1\n|faint|p2a: Volbeat\n|\n|win|alexwave55\n|c|\u2606alexwave55|ggs\n|c|\u2606Salty Oshuwatt|gg\n|c|\u2606Salty Oshuwatt|you got the replay?\n|c|\u2606alexwave55|ye\n","uploadtime":1700447818,"views":9,"p1id":"alexwave55","p2id":"saltyoshuwatt","formatid":"gen9anythinggoes","rating":0,"private":0,"password":""}