{"id":"gen9anythinggoes-1994176664","p1":"maybeimguesst","p2":"toxic456","format":"[Gen 9] Anything Goes","log":"|j|\u2606maybeimguesst\n|j|\u2606toxic456\n|t:|1700415640\n|gametype|singles\n|player|p1|maybeimguesst|veteran|\n|player|p2|toxic456|102|\n|teamsize|p1|6\n|teamsize|p2|6\n|gen|9\n|tier|[Gen 9] Anything Goes\n|rule|HP Percentage Mod: HP is shown in percentages\n|rule|Endless Battle Clause: Forcing endless battles is banned\n|clearpoke\n|poke|p1|Gengar, M|\n|poke|p1|Dragonite, M|\n|poke|p1|Infernape, M|\n|poke|p1|Magnezone|\n|poke|p1|Hatterene, F|\n|poke|p1|Groudon|\n|poke|p2|Skeledirge, M|\n|poke|p2|Azumarill, M|\n|poke|p2|Toxtricity, F|\n|poke|p2|Lycanroc-Dusk, F|\n|poke|p2|Maushold|\n|poke|p2|Donphan, F|\n|teampreview\n|\n|t:|1700415650\n|start\n|switch|p1a: Gengar|Gengar, M, shiny|100\/100\n|switch|p2a: Azumarill|Azumarill, M|100\/100\n|turn|1\n|\n|t:|1700415665\n|-terastallize|p2a: Azumarill|Water\n|move|p1a: Gengar|Shadow Ball|p2a: Azumarill\n|-damage|p2a: Azumarill|59\/100\n|move|p2a: Azumarill|Belly Drum|p2a: Azumarill\n|-damage|p2a: Azumarill|9\/100\n|-setboost|p2a: Azumarill|atk|6|[from] move: Belly Drum\n|-enditem|p2a: Azumarill|Sitrus Berry|[eat]\n|-heal|p2a: Azumarill|34\/100|[from] item: Sitrus Berry\n|\n|upkeep\n|turn|2\n|\n|t:|1700415677\n|move|p2a: Azumarill|Aqua Jet|p1a: Gengar\n|-damage|p1a: Gengar|0 fnt\n|-start|p2a: Azumarill|Disable|Aqua Jet|[from] ability: Cursed Body|[of] p1a: Gengar\n|faint|p1a: Gengar\n|\n|upkeep\n|\n|t:|1700415684\n|switch|p1a: Groudon|Groudon|100\/100\n|-weather|SunnyDay|[from] ability: Drought|[of] p1a: Groudon\n|turn|3\n|\n|t:|1700415692\n|move|p1a: Groudon|Earthquake|p2a: Azumarill\n|-damage|p2a: Azumarill|0 fnt\n|faint|p2a: Azumarill\n|\n|-weather|SunnyDay|[upkeep]\n|upkeep\n|\n|t:|1700415699\n|switch|p2a: Maushold|Maushold|100\/100\n|turn|4\n|\n|t:|1700415705\n|move|p2a: Maushold|Bullet Seed|p1a: Groudon\n|-supereffective|p1a: Groudon\n|-damage|p1a: Groudon|88\/100\n|-supereffective|p1a: Groudon\n|-damage|p1a: Groudon|77\/100\n|-hitcount|p1a: Groudon|2\n|move|p1a: Groudon|Earthquake|p2a: Maushold\n|-damage|p2a: Maushold|1\/100\n|\n|-weather|SunnyDay|[upkeep]\n|-heal|p1a: Groudon|83\/100|[from] item: Leftovers\n|upkeep\n|turn|5\n|\n|t:|1700415714\n|move|p2a: Maushold|Population Bomb|p1a: Groudon\n|-damage|p1a: Groudon|76\/100\n|-damage|p1a: Groudon|70\/100\n|-damage|p1a: Groudon|64\/100\n|-damage|p1a: Groudon|56\/100\n|-damage|p1a: Groudon|49\/100\n|-damage|p1a: Groudon|43\/100\n|-damage|p1a: Groudon|36\/100\n|-damage|p1a: Groudon|30\/100\n|-damage|p1a: Groudon|23\/100\n|-damage|p1a: Groudon|17\/100\n|-hitcount|p1a: Groudon|10\n|move|p1a: Groudon|Flamethrower|p2a: Maushold\n|-damage|p2a: Maushold|0 fnt\n|faint|p2a: Maushold\n|\n|-weather|SunnyDay|[upkeep]\n|-heal|p1a: Groudon|23\/100|[from] item: Leftovers\n|upkeep\n|\n|t:|1700415746\n|switch|p2a: Lycanroc|Lycanroc-Dusk, F|100\/100\n|turn|6\n|\n|t:|1700415753\n|move|p2a: Lycanroc|Play Rough|p1a: Groudon\n|-damage|p1a: Groudon|0 fnt\n|faint|p1a: Groudon\n|\n|-weather|SunnyDay|[upkeep]\n|upkeep\n|\n|t:|1700415761\n|switch|p1a: Infernape|Infernape, M, shiny|100\/100\n|turn|7\n|\n|t:|1700415766\n|switch|p2a: Skeledirge|Skeledirge, M|100\/100\n|move|p1a: Infernape|Close Combat|p2a: Skeledirge\n|-immune|p2a: Skeledirge\n|\n|-weather|none\n|upkeep\n|turn|8\n|\n|t:|1700415789\n|switch|p1a: Dragonite|Dragonite, M, shiny|100\/100\n|switch|p2a: Toxtricity|Toxtricity, F|100\/100\n|\n|upkeep\n|turn|9\n|\n|t:|1700415798\n|move|p1a: Dragonite|Dragon Dance|p1a: Dragonite\n|-boost|p1a: Dragonite|atk|1\n|-boost|p1a: Dragonite|spe|1\n|move|p2a: Toxtricity|Volt Switch|p1a: Dragonite\n|-damage|p1a: Dragonite|49\/100\n|\n|t:|1700415805\n|switch|p2a: Lycanroc|Lycanroc-Dusk, F|100\/100|[from] Volt Switch\n|\n|-heal|p1a: Dragonite|55\/100|[from] item: Leftovers\n|upkeep\n|turn|10\n|\n|t:|1700415812\n|move|p2a: Lycanroc|Accelerock|p1a: Dragonite\n|-supereffective|p1a: Dragonite\n|-crit|p1a: Dragonite\n|-damage|p1a: Dragonite|0 fnt\n|faint|p1a: Dragonite\n|\n|upkeep\n|\n|t:|1700415816\n|switch|p1a: Magnezone|Magnezone, shiny|100\/100\n|turn|11\n|\n|t:|1700415821\n|switch|p2a: Donphan|Donphan, F|100\/100\n|move|p1a: Magnezone|Thunder|p2a: Donphan\n|-immune|p2a: Donphan\n|\n|upkeep\n|turn|12\n|\n|t:|1700415838\n|switch|p1a: Infernape|Infernape, M, shiny|100\/100\n|move|p2a: Donphan|Knock Off|p1a: Infernape\n|-resisted|p1a: Infernape\n|-damage|p1a: Infernape|76\/100\n|-damage|p2a: Donphan|84\/100|[from] item: Rocky Helmet|[of] p1a: Infernape\n|-enditem|p1a: Infernape|Rocky Helmet|[from] move: Knock Off|[of] p2a: Donphan\n|\n|-heal|p2a: Donphan|90\/100|[from] item: Leftovers\n|upkeep\n|turn|13\n|\n|t:|1700415847\n|move|p1a: Infernape|Close Combat|p2a: Donphan\n|-damage|p2a: Donphan|48\/100\n|-unboost|p1a: Infernape|def|1\n|-unboost|p1a: Infernape|spd|1\n|move|p2a: Donphan|Earthquake|p1a: Infernape\n|-supereffective|p1a: Infernape\n|-damage|p1a: Infernape|0 fnt\n|faint|p1a: Infernape\n|\n|-heal|p2a: Donphan|54\/100|[from] item: Leftovers\n|upkeep\n|\n|t:|1700415861\n|switch|p1a: Hatterene|Hatterene, F, shiny|100\/100\n|turn|14\n|\n|t:|1700415871\n|switch|p2a: Toxtricity|Toxtricity, F|100\/100\n|move|p1a: Hatterene|Psycho Cut|p2a: Toxtricity\n|-supereffective|p2a: Toxtricity\n|-damage|p2a: Toxtricity|41\/100\n|\n|upkeep\n|turn|15\n|\n|t:|1700415896\n|move|p2a: Toxtricity|Sludge Bomb|p1a: Hatterene\n|-supereffective|p1a: Hatterene\n|-damage|p1a: Hatterene|0 fnt\n|faint|p1a: Hatterene\n|\n|upkeep\n|\n|t:|1700415899\n|switch|p1a: Magnezone|Magnezone, shiny|100\/100\n|turn|16\n|\n|t:|1700415903\n|move|p2a: Toxtricity|Sludge Bomb|p1a: Magnezone\n|-immune|p1a: Magnezone\n|move|p1a: Magnezone|Flash Cannon|p2a: Toxtricity\n|-resisted|p2a: Toxtricity\n|-damage|p2a: Toxtricity|12\/100\n|\n|upkeep\n|turn|17\n|\n|t:|1700415912\n|switch|p2a: Skeledirge|Skeledirge, M|100\/100\n|move|p1a: Magnezone|Body Slam|p2a: Skeledirge\n|-immune|p2a: Skeledirge\n|\n|upkeep\n|turn|18\n|\n|t:|1700415921\n|move|p1a: Magnezone|Flash Cannon|p2a: Skeledirge\n|-resisted|p2a: Skeledirge\n|-damage|p2a: Skeledirge|88\/100\n|move|p2a: Skeledirge|Torch Song|p1a: Magnezone\n|-supereffective|p1a: Magnezone\n|-damage|p1a: Magnezone|31\/100\n|-boost|p2a: Skeledirge|spa|1\n|\n|upkeep\n|turn|19\n|\n|t:|1700415929\n|move|p1a: Magnezone|Thunder|p2a: Skeledirge|[miss]\n|-miss|p1a: Magnezone|p2a: Skeledirge\n|move|p2a: Skeledirge|Torch Song|p1a: Magnezone\n|-supereffective|p1a: Magnezone\n|-damage|p1a: Magnezone|0 fnt\n|-boost|p2a: Skeledirge|spa|1\n|faint|p1a: Magnezone\n|\n|win|toxic456\n","uploadtime":1700415937,"views":1,"p1id":"maybeimguesst","p2id":"toxic456","formatid":"gen9anythinggoes","rating":0,"private":0,"password":""}