{"id":"gen9anythinggoes-1974521517","p1":"Yahia Sensei","p2":"Toukakiri","format":"[Gen 9] Anything Goes","log":"|j|\u2606Yahia Sensei\n|j|\u2606Toukakiri\n|t:|1698093939\n|gametype|singles\n|player|p1|Yahia Sensei|265|1131\n|player|p2|Toukakiri|riley|1192\n|teamsize|p1|6\n|teamsize|p2|6\n|gen|9\n|tier|[Gen 9] Anything Goes\n|rated|\n|rule|HP Percentage Mod: HP is shown in percentages\n|rule|Endless Battle Clause: Forcing endless battles is banned\n|clearpoke\n|poke|p1|Landorus-Therian, M|\n|poke|p1|Cinderace, F|\n|poke|p1|Dragapult, M|\n|poke|p1|Corviknight, M|\n|poke|p1|Mimikyu, M|\n|poke|p1|Toxapex, M|\n|poke|p2|Miraidon|\n|poke|p2|Calyrex-Shadow|\n|poke|p2|Chien-Pao|\n|poke|p2|Zacian-*|\n|poke|p2|Mienshao, F|\n|poke|p2|Drifblim, F|\n|teampreview\n|inactive|Battle timer is ON: inactive players will automatically lose when time's up. (requested by Toukakiri)\n|\n|t:|1698093945\n|start\n|switch|p1a: Mimikyu|Mimikyu, M|100\/100\n|switch|p2a: Drifblim|Drifblim, F|100\/100\n|turn|1\n|\n|t:|1698093951\n|move|p1a: Mimikyu|Swords Dance|p1a: Mimikyu\n|-boost|p1a: Mimikyu|atk|2\n|move|p2a: Drifblim|Minimize|p2a: Drifblim\n|-boost|p2a: Drifblim|evasion|2\n|\n|upkeep\n|turn|2\n|\n|t:|1698093957\n|move|p1a: Mimikyu|Swords Dance|p1a: Mimikyu\n|-boost|p1a: Mimikyu|atk|2\n|move|p2a: Drifblim|Minimize|p2a: Drifblim\n|-boost|p2a: Drifblim|evasion|2\n|\n|upkeep\n|turn|3\n|\n|t:|1698093960\n|move|p1a: Mimikyu|Swords Dance|p1a: Mimikyu\n|-boost|p1a: Mimikyu|atk|2\n|move|p2a: Drifblim|Minimize|p2a: Drifblim\n|-boost|p2a: Drifblim|evasion|2\n|\n|upkeep\n|turn|4\n|\n|t:|1698093962\n|move|p1a: Mimikyu|Swords Dance|p1a: Mimikyu\n|-boost|p1a: Mimikyu|atk|0\n|move|p2a: Drifblim|Calm Mind|p2a: Drifblim\n|-boost|p2a: Drifblim|spa|1\n|-boost|p2a: Drifblim|spd|1\n|\n|upkeep\n|turn|5\n|\n|t:|1698093966\n|-terastallize|p1a: Mimikyu|Ghost\n|move|p1a: Mimikyu|Shadow Sneak|p2a: Drifblim|[miss]\n|-miss|p1a: Mimikyu|p2a: Drifblim\n|move|p2a: Drifblim|Calm Mind|p2a: Drifblim\n|-boost|p2a: Drifblim|spa|1\n|-boost|p2a: Drifblim|spd|1\n|\n|upkeep\n|turn|6\n|\n|t:|1698093970\n|move|p1a: Mimikyu|Shadow Sneak|p2a: Drifblim|[miss]\n|-miss|p1a: Mimikyu|p2a: Drifblim\n|move|p2a: Drifblim|Strength Sap|p1a: Mimikyu\n|-unboost|p1a: Mimikyu|atk|1\n|\n|upkeep\n|turn|7\n|\n|t:|1698093972\n|move|p1a: Mimikyu|Shadow Sneak|p2a: Drifblim|[miss]\n|-miss|p1a: Mimikyu|p2a: Drifblim\n|move|p2a: Drifblim|Strength Sap|p1a: Mimikyu\n|-unboost|p1a: Mimikyu|atk|1\n|\n|upkeep\n|turn|8\n|-activate|p2a: Drifblim|item: Quick Claw\n|\n|t:|1698093974\n|move|p1a: Mimikyu|Shadow Sneak|p2a: Drifblim|[miss]\n|-miss|p1a: Mimikyu|p2a: Drifblim\n|move|p2a: Drifblim|Strength Sap|p1a: Mimikyu\n|-unboost|p1a: Mimikyu|atk|1\n|\n|upkeep\n|turn|9\n|-activate|p2a: Drifblim|item: Quick Claw\n|\n|t:|1698093977\n|move|p1a: Mimikyu|Shadow Sneak|p2a: Drifblim\n|-supereffective|p2a: Drifblim\n|-damage|p2a: Drifblim|0 fnt\n|-damage|p1a: Mimikyu|75\/100|[from] ability: Aftermath|[of] p2a: Drifblim\n|faint|p2a: Drifblim\n|-damage|p1a: Mimikyu|66\/100|[from] item: Life Orb\n|\n|upkeep\n|\n|t:|1698093982\n|switch|p2a: Chien-Pao|Chien-Pao|100\/100\n|-ability|p2a: Chien-Pao|Sword of Ruin\n|turn|10\n|\n|t:|1698093990\n|move|p2a: Chien-Pao|Sucker Punch|p1a: Mimikyu\n|-activate|p1a: Mimikyu|ability: Disguise\n|-damage|p1a: Mimikyu|66\/100\n|detailschange|p1a: Mimikyu|Mimikyu-Busted, M, tera:Ghost\n|-damage|p1a: Mimikyu|53\/100|[from] pokemon: Mimikyu-Busted\n|move|p1a: Mimikyu|Play Rough|p2a: Chien-Pao\n|-supereffective|p2a: Chien-Pao\n|-crit|p2a: Chien-Pao\n|-damage|p2a: Chien-Pao|0 fnt\n|faint|p2a: Chien-Pao\n|-damage|p1a: Mimikyu|43\/100|[from] item: Life Orb\n|\n|upkeep\n|\n|t:|1698093995\n|switch|p2a: Calyrex|Calyrex-Shadow|100\/100\n|-ability|p2a: Calyrex|As One\n|-ability|p2a: Calyrex|Unnerve\n|turn|11\n|\n|t:|1698093998\n|-terastallize|p2a: Calyrex|Psychic\n|move|p1a: Mimikyu|Shadow Sneak|p2a: Calyrex\n|-supereffective|p2a: Calyrex\n|-crit|p2a: Calyrex\n|-damage|p2a: Calyrex|0 fnt\n|faint|p2a: Calyrex\n|-damage|p1a: Mimikyu|33\/100|[from] item: Life Orb\n|\n|upkeep\n|\n|t:|1698094007\n|switch|p2a: Zacian|Zacian-Crowned|100\/100\n|-ability|p2a: Zacian|Intrepid Sword|boost\n|-boost|p2a: Zacian|atk|1\n|turn|12\n|\n|t:|1698094012\n|move|p1a: Mimikyu|Shadow Sneak|p2a: Zacian\n|-damage|p2a: Zacian|29\/100\n|-damage|p1a: Mimikyu|24\/100|[from] item: Life Orb\n|move|p2a: Zacian|Behemoth Blade|p1a: Mimikyu\n|-crit|p1a: Mimikyu\n|-damage|p1a: Mimikyu|0 fnt\n|faint|p1a: Mimikyu\n|\n|upkeep\n|\n|t:|1698094016\n|switch|p1a: Landorus|Landorus-Therian, M|100\/100\n|-ability|p1a: Landorus|Intimidate|boost\n|-unboost|p2a: Zacian|atk|1\n|turn|13\n|\n|t:|1698094021\n|move|p1a: Landorus|Earthquake|p2a: Zacian\n|-supereffective|p2a: Zacian\n|-damage|p2a: Zacian|0 fnt\n|faint|p2a: Zacian\n|\n|upkeep\n|\n|t:|1698094027\n|switch|p2a: Mienshao|Mienshao, F|100\/100\n|turn|14\n|\n|t:|1698094030\n|move|p2a: Mienshao|Fake Out|p1a: Landorus\n|-damage|p1a: Landorus|78\/100\n|-damage|p2a: Mienshao|91\/100|[from] item: Life Orb\n|cant|p1a: Landorus|flinch\n|\n|upkeep\n|turn|15\n|\n|t:|1698094039\n|move|p1a: Landorus|Earthquake|p2a: Mienshao\n|-damage|p2a: Mienshao|0 fnt\n|faint|p2a: Mienshao\n|\n|upkeep\n|\n|t:|1698094043\n|switch|p2a: Miraidon|Miraidon|100\/100\n|-fieldstart|move: Electric Terrain|[from] ability: Hadron Engine|[of] p2a: Miraidon\n|turn|16\n|\n|t:|1698094045\n|move|p1a: Landorus|Earthquake|p2a: Miraidon\n|-supereffective|p2a: Miraidon\n|-damage|p2a: Miraidon|0 fnt\n|faint|p2a: Miraidon\n|\n|win|Yahia Sensei\n|raw|Yahia Sensei's rating: 1131 &rarr; <strong>1160<\/strong><br \/>(+29 for winning)\n|raw|Toukakiri's rating: 1192 &rarr; <strong>1163<\/strong><br \/>(-29 for losing)\n","uploadtime":1698094062,"views":14,"p1id":"yahiasensei","p2id":"toukakiri","formatid":"gen9anythinggoes","rating":1160,"private":0,"password":""}