{"id":"gen9anythinggoes-1978805175","p1":"umbreonluna","p2":"lelouchviteselia","format":"[Gen 9] Anything Goes","log":"|j|\u2606umbreonluna\n|j|\u2606lelouchviteselia\n|t:|1698597354\n|gametype|singles\n|player|p1|umbreonluna|iris-gen5bw2|\n|player|p2|lelouchviteselia|ghetsis|\n|teamsize|p1|6\n|teamsize|p2|6\n|gen|9\n|tier|[Gen 9] Anything Goes\n|rule|HP Percentage Mod: HP is shown in percentages\n|rule|Endless Battle Clause: Forcing endless battles is banned\n|clearpoke\n|poke|p1|Electrode|\n|poke|p1|Glimmora, F|\n|poke|p1|Annihilape, F|\n|poke|p1|Orthworm, M|\n|poke|p1|Sylveon, F|\n|poke|p1|Hattrem, F|\n|poke|p2|Ogerpon-Cornerstone, F|\n|poke|p2|Iron Bundle|\n|poke|p2|Zapdos-Galar|\n|poke|p2|Glastrier|\n|poke|p2|Meloetta|\n|poke|p2|Clodsire, F|\n|teampreview\n|c|\u2606lelouchviteselia|no habia que decir los tera, no?\n|c|\u2606umbreonluna|no lo s\u00e9\n|c|\u2606umbreonluna|XD\n|c|\u2606umbreonluna|Preguntamos?\n|c|\u2606lelouchviteselia|voy a preguntar\n|c|\u2606umbreonluna|Pues tio\n|c|\u2606lelouchviteselia|pues parece que nada\n|c|\u2606umbreonluna|Oculto entonces\n|c|\u2606umbreonluna|GL\n|c|\u2606lelouchviteselia|po si\n|c|\u2606umbreonluna|^^\n|c|\u2606lelouchviteselia|GL\n|c|\u2606lelouchviteselia|vamo a da un buen comienzo de liga\n|c|\u2606umbreonluna|Esooo\n|\n|t:|1698597578\n|start\n|switch|p1a: Self-Love|Sylveon, F|100\/100\n|switch|p2a: Gapdos|Zapdos-Galar, shiny|100\/100\n|turn|1\n|\n|t:|1698597610\n|move|p2a: Gapdos|U-turn|p1a: Self-Love\n|-resisted|p1a: Self-Love\n|-damage|p1a: Self-Love|90\/100\n|\n|t:|1698597614\n|switch|p2a: nom|Clodsire, F|100\/100|[from] U-turn\n|move|p1a: Self-Love|Hyper Voice|p2a: nom\n|-resisted|p2a: nom\n|-damage|p2a: nom|90\/100\n|\n|-heal|p1a: Self-Love|96\/100|[from] item: Leftovers\n|-heal|p2a: nom|96\/100|[from] item: Black Sludge\n|upkeep\n|turn|2\n|\n|t:|1698597640\n|switch|p1a: Tengo 15|Hattrem, F|100\/100\n|move|p2a: nom|Stealth Rock|p1a: Tengo 15\n|move|p1a: Tengo 15|Stealth Rock|p2a: nom|[from]ability: Magic Bounce\n|-sidestart|p2: lelouchviteselia|move: Stealth Rock\n|\n|-heal|p2a: nom|100\/100|[from] item: Black Sludge\n|upkeep\n|turn|3\n|\n|t:|1698597699\n|switch|p2a: BONK|Ogerpon-Cornerstone, F|100\/100\n|-damage|p2a: BONK|88\/100|[from] Stealth Rock\n|move|p1a: Tengo 15|Nuzzle|p2a: BONK\n|-resisted|p2a: BONK\n|-damage|p2a: BONK|87\/100\n|-status|p2a: BONK|par\n|\n|upkeep\n|turn|4\n|\n|t:|1698597738\n|switch|p1a: 25cm|Orthworm, M|100\/100\n|move|p2a: BONK|U-turn|p1a: 25cm\n|-resisted|p1a: 25cm\n|-damage|p1a: 25cm|92\/100\n|\n|t:|1698597759\n|switch|p2a: Badgyaaaaal|Meloetta|100\/100|[from] U-turn\n|\n|-heal|p1a: 25cm|98\/100|[from] item: Leftovers\n|upkeep\n|turn|5\n|\n|t:|1698597831\n|switch|p1a: Self-Love|Sylveon, F|96\/100\n|move|p2a: Badgyaaaaal|Psychic|p1a: Self-Love\n|-damage|p1a: Self-Love|66\/100\n|\n|-heal|p1a: Self-Love|72\/100|[from] item: Leftovers\n|upkeep\n|turn|6\n|\n|t:|1698597876\n|move|p2a: Badgyaaaaal|U-turn|p1a: Self-Love\n|-resisted|p1a: Self-Love\n|-damage|p1a: Self-Love|68\/100\n|\n|t:|1698597880\n|switch|p2a: nom|Clodsire, F|100\/100|[from] U-turn\n|-damage|p2a: nom|94\/100|[from] Stealth Rock\n|move|p1a: Self-Love|Wish|p1a: Self-Love\n|\n|-heal|p1a: Self-Love|74\/100|[from] item: Leftovers\n|-heal|p2a: nom|100\/100|[from] item: Black Sludge\n|upkeep\n|turn|7\n|\n|t:|1698597924\n|switch|p1a: 25cm|Orthworm, M|98\/100\n|switch|p2a: BONK|Ogerpon-Cornerstone, F|87\/100 par\n|-damage|p2a: BONK|74\/100 par|[from] Stealth Rock\n|\n|-heal|p1a: 25cm|100\/100|[from] move: Wish|[wisher] Self-Love\n|upkeep\n|turn|8\n|j| pepitodecrema\n|l| pepitodecrema\n|j| pepitodechocolate\n|\n|t:|1698598065\n|switch|p2a: Badgyaaaaal|Meloetta|100\/100\n|move|p1a: 25cm|Heavy Slam|p2a: Badgyaaaaal\n|-damage|p2a: Badgyaaaaal|56\/100\n|\n|upkeep\n|turn|9\n|\n|t:|1698598085\n|move|p2a: Badgyaaaaal|Focus Blast|p1a: 25cm|[miss]\n|-miss|p2a: Badgyaaaaal|p1a: 25cm\n|move|p1a: 25cm|Heavy Slam|p2a: Badgyaaaaal\n|-damage|p2a: Badgyaaaaal|14\/100\n|\n|upkeep\n|turn|10\n|\n|t:|1698598110\n|switch|p1a: Tengo 15|Hattrem, F|100\/100\n|move|p2a: Badgyaaaaal|Relic Song|p1a: Tengo 15\n|-crit|p1a: Tengo 15\n|-damage|p1a: Tengo 15|58\/100\n|-formechange|p2a: Badgyaaaaal|Meloetta-Pirouette|[msg]\n|\n|upkeep\n|turn|11\n|c|\u2606lelouchviteselia|ta complicao cago en to\n|\n|t:|1698598143\n|move|p2a: Badgyaaaaal|U-turn|p1a: Tengo 15\n|-supereffective|p1a: Tengo 15\n|-damage|p1a: Tengo 15|29\/100\n|\n|t:|1698598155\n|switch|p2a: BONK|Ogerpon-Cornerstone, F|74\/100 par|[from] U-turn\n|-damage|p2a: BONK|62\/100 par|[from] Stealth Rock\n|move|p1a: Tengo 15|Psyshock|p2a: BONK\n|-damage|p2a: BONK|32\/100 par\n|\n|upkeep\n|turn|12\n|\n|t:|1698598196\n|switch|p1a: Feminismo|Annihilape, F|100\/100\n|move|p2a: BONK|U-turn|p1a: Feminismo\n|-resisted|p1a: Feminismo\n|-damage|p1a: Feminismo|93\/100\n|\n|t:|1698598211\n|switch|p2a: Badgyaaaaal|Meloetta|14\/100|[from] U-turn\n|\n|-heal|p1a: Feminismo|99\/100|[from] item: Leftovers\n|upkeep\n|turn|13\n|c|\u2606lelouchviteselia|no entiendo el mote\n|c|\u2606lelouchviteselia|i need an explanation\n|c|\u2606umbreonluna|hay que tener cuidao\n|c|\u2606umbreonluna|con el feminismo\n|c|\u2606lelouchviteselia|jajajaja\n|c|\u2606lelouchviteselia|ai de vd\n|\n|t:|1698598306\n|switch|p1a: Tengo 15|Hattrem, F|29\/100\n|move|p2a: Badgyaaaaal|Psychic|p1a: Tengo 15\n|-resisted|p1a: Tengo 15\n|-damage|p1a: Tengo 15|12\/100\n|\n|upkeep\n|turn|14\n|\n|t:|1698598330\n|move|p2a: Badgyaaaaal|Psychic|p1a: Tengo 15\n|-resisted|p1a: Tengo 15\n|-damage|p1a: Tengo 15|0 fnt\n|faint|p1a: Tengo 15\n|\n|upkeep\n|\n|t:|1698598351\n|switch|p1a: Palestina|Electrode|100\/100\n|turn|15\n|j| LeunamTG\n|c| LeunamTG|Los motes son family friendly, por lo que veo.\n|c|\u2606lelouchviteselia|si\n|c|\u2606umbreonluna|JAJAJAJAJAJA\n|\n|t:|1698598409\n|switch|p2a: BONK|Ogerpon-Cornerstone, F|32\/100 par\n|-damage|p2a: BONK|19\/100 par|[from] Stealth Rock\n|-terastallize|p1a: Palestina|Ice\n|move|p1a: Palestina|Tera Blast|p2a: BONK|[anim] Tera Blast Ice\n|-supereffective|p2a: BONK\n|-damage|p2a: BONK|0 fnt\n|faint|p2a: BONK\n|\n|upkeep\n|c| LeunamTG|En VGC te banean en 2 minutos.\n|c|\u2606umbreonluna|El groudon llamado cara al sol fue baneado?\n|c| LeunamTG|Antes no eran tan estrictos.\n|\n|t:|1698598471\n|switch|p2a: Yeeha|Glastrier|100\/100\n|-damage|p2a: Yeeha|75\/100|[from] Stealth Rock\n|turn|16\n|c|\u2606lelouchviteselia|uff\n|\n|t:|1698598486\n|switch|p1a: 25cm|Orthworm, M|100\/100\n|-terastallize|p2a: Yeeha|Fairy\n|move|p2a: Yeeha|Body Press|p1a: 25cm\n|-supereffective|p1a: 25cm\n|-damage|p1a: 25cm|64\/100\n|\n|-heal|p1a: 25cm|71\/100|[from] item: Leftovers\n|-heal|p2a: Yeeha|82\/100|[from] item: Leftovers\n|upkeep\n|turn|17\n|\n|t:|1698598501\n|move|p1a: 25cm|Body Press|p2a: Yeeha\n|-resisted|p2a: Yeeha\n|-damage|p2a: Yeeha|74\/100\n|move|p2a: Yeeha|Body Press|p1a: 25cm\n|-supereffective|p1a: 25cm\n|-damage|p1a: 25cm|35\/100\n|\n|-heal|p1a: 25cm|41\/100|[from] item: Leftovers\n|-heal|p2a: Yeeha|80\/100|[from] item: Leftovers\n|upkeep\n|turn|18\n|c|\u2606umbreonluna|se me fue\n|c|\u2606umbreonluna|JAJAJAJAJAJ\n|\n|t:|1698598518\n|move|p1a: 25cm|Protect|p1a: 25cm\n|-singleturn|p1a: 25cm|Protect\n|move|p2a: Yeeha|Body Press|p1a: 25cm\n|-activate|p1a: 25cm|move: Protect\n|\n|-heal|p1a: 25cm|47\/100|[from] item: Leftovers\n|-heal|p2a: Yeeha|86\/100|[from] item: Leftovers\n|upkeep\n|turn|19\n|\n|t:|1698598541\n|move|p1a: 25cm|Heavy Slam|p2a: Yeeha\n|-supereffective|p2a: Yeeha\n|-crit|p2a: Yeeha\n|-damage|p2a: Yeeha|69\/100\n|move|p2a: Yeeha|Icicle Crash|p1a: 25cm\n|-resisted|p1a: 25cm\n|-damage|p1a: 25cm|35\/100\n|\n|-heal|p1a: 25cm|41\/100|[from] item: Leftovers\n|-heal|p2a: Yeeha|75\/100|[from] item: Leftovers\n|upkeep\n|turn|20\n|\n|t:|1698598558\n|switch|p1a: Zafiro|Glimmora, F|100\/100\n|move|p2a: Yeeha|Body Press|p1a: Zafiro\n|-damage|p1a: Zafiro|73\/100\n|\n|-heal|p2a: Yeeha|81\/100|[from] item: Leftovers\n|upkeep\n|turn|21\n|\n|t:|1698598574\n|move|p1a: Zafiro|Toxic|p2a: Yeeha\n|-status|p2a: Yeeha|tox\n|move|p2a: Yeeha|Stomping Tantrum|p1a: Zafiro\n|-supereffective|p1a: Zafiro\n|-damage|p1a: Zafiro|0 fnt\n|faint|p1a: Zafiro\n|-ability|p2a: Yeeha|Chilling Neigh|boost\n|-boost|p2a: Yeeha|atk|1\n|\n|-heal|p2a: Yeeha|87\/100 tox|[from] item: Leftovers\n|-damage|p2a: Yeeha|81\/100 tox|[from] psn\n|upkeep\n|c|\u2606lelouchviteselia|no me acordaba del moxie que me trae\n|\n|t:|1698598612\n|switch|p1a: 25cm|Orthworm, M|41\/100\n|turn|22\n|c| LeunamTG|Zafiro es el \u00fanico que se salva por ahora.\n|j| Last Fortune\n|c|\u2606umbreonluna|Luis opina justo lo contrario\n|\n|t:|1698598675\n|switch|p2a: Sanicu|Iron Bundle|100\/100\n|move|p1a: 25cm|Protect||[still]\n|-fail|p1a: 25cm\n|\n|-heal|p1a: 25cm|48\/100|[from] item: Leftovers\n|upkeep\n|turn|23\n|c|\u2606umbreonluna|esto esquiva cosas\n|c|\u2606umbreonluna|te lo recuerdo\n|c|\u2606lelouchviteselia|jajajaja\n|c|\u2606lelouchviteselia|eso parece si\n|\n|t:|1698598721\n|move|p2a: Sanicu|Hydro Pump|p1a: 25cm\n|-damage|p1a: 25cm|0 fnt\n|faint|p1a: 25cm\n|\n|upkeep\n|c| LeunamTG|No s\u00e9 yo c\u00f3mo de \u00e1gil ser\u00e1 con 25 cm.\n|l| Last Fortune\n|c|\u2606lelouchviteselia|parece que el chorrazo le ha podido\n|\n|t:|1698598824\n|switch|p1a: Self-Love|Sylveon, F|74\/100\n|turn|24\n|\n|t:|1698598879\n|-end|p2a: Sanicu|Quark Drive|[silent]\n|switch|p2a: nom|Clodsire, F|100\/100\n|-damage|p2a: nom|94\/100|[from] Stealth Rock\n|move|p1a: Self-Love|Wish|p1a: Self-Love\n|\n|-heal|p1a: Self-Love|80\/100|[from] item: Leftovers\n|-heal|p2a: nom|100\/100|[from] item: Black Sludge\n|upkeep\n|turn|25\n|\n|t:|1698598890\n|switch|p1a: Feminismo|Annihilape, F|99\/100\n|move|p2a: nom|Yawn|p1a: Feminismo\n|-start|p1a: Feminismo|move: Yawn|[of] p2a: nom\n|\n|-heal|p1a: Feminismo|100\/100|[from] move: Wish|[wisher] Self-Love\n|upkeep\n|turn|26\n|\n|t:|1698598931\n|switch|p1a: Self-Love|Sylveon, F|80\/100\n|move|p2a: nom|Stealth Rock|p1a: Self-Love\n|-sidestart|p1: umbreonluna|move: Stealth Rock\n|\n|-heal|p1a: Self-Love|86\/100|[from] item: Leftovers\n|upkeep\n|turn|27\n|\n|t:|1698598945\n|move|p1a: Self-Love|Wish|p1a: Self-Love\n|move|p2a: nom|Poison Jab|p1a: Self-Love\n|-supereffective|p1a: Self-Love\n|-damage|p1a: Self-Love|45\/100\n|\n|-heal|p1a: Self-Love|51\/100|[from] item: Leftovers\n|upkeep\n|turn|28\n|\n|t:|1698598953\n|move|p1a: Self-Love|Protect|p1a: Self-Love\n|-singleturn|p1a: Self-Love|Protect\n|move|p2a: nom|Yawn|p1a: Self-Love\n|-activate|p1a: Self-Love|move: Protect\n|\n|-heal|p1a: Self-Love|100\/100|[from] move: Wish|[wisher] Self-Love\n|upkeep\n|turn|29\n|\n|t:|1698598976\n|move|p1a: Self-Love|Wish|p1a: Self-Love\n|move|p2a: nom|Yawn|p1a: Self-Love\n|-start|p1a: Self-Love|move: Yawn|[of] p2a: nom\n|\n|upkeep\n|turn|30\n|\n|t:|1698598984\n|switch|p1a: Feminismo|Annihilape, F|100\/100\n|-damage|p1a: Feminismo|94\/100|[from] Stealth Rock\n|move|p2a: nom|Yawn|p1a: Feminismo\n|-start|p1a: Feminismo|move: Yawn|[of] p2a: nom\n|\n|-heal|p1a: Feminismo|100\/100|[from] move: Wish|[wisher] Self-Love\n|upkeep\n|turn|31\n|\n|t:|1698599068\n|switch|p1a: Palestina|Electrode, tera:Ice|100\/100\n|-damage|p1a: Palestina|76\/100|[from] Stealth Rock\n|switch|p2a: Badgyaaaaal|Meloetta|14\/100\n|\n|upkeep\n|turn|32\n|\n|t:|1698599126\n|move|p1a: Palestina|Tera Blast|p2a: Badgyaaaaal|[anim] Tera Blast Ice\n|-damage|p2a: Badgyaaaaal|0 fnt\n|faint|p2a: Badgyaaaaal\n|\n|upkeep\n|\n|t:|1698599195\n|switch|p2a: Gapdos|Zapdos-Galar, shiny|100\/100\n|-damage|p2a: Gapdos|88\/100|[from] Stealth Rock\n|turn|33\n|\n|t:|1698599203\n|move|p1a: Palestina|Tera Blast|p2a: Gapdos|[anim] Tera Blast Ice\n|-supereffective|p2a: Gapdos\n|-damage|p2a: Gapdos|20\/100\n|move|p2a: Gapdos|Brave Bird|p1a: Palestina\n|-damage|p1a: Palestina|0 fnt\n|-damage|p2a: Gapdos|0 fnt|[from] ability: Aftermath|[of] p1a: Palestina\n|faint|p1a: Palestina\n|faint|p2a: Gapdos\n|\n|upkeep\n|c| LeunamTG|Dragon Ball.\n|c|\u2606umbreonluna|JAJAJAJAJAJAJA\n|\n|t:|1698599291\n|switch|p1a: Feminismo|Annihilape, F|100\/100\n|switch|p2a: Sanicu|Iron Bundle|100\/100\n|-damage|p1a: Feminismo|94\/100|[from] Stealth Rock\n|turn|34\n|\n|t:|1698599346\n|move|p2a: Sanicu|Ice Beam|p1a: Feminismo\n|-damage|p1a: Feminismo|63\/100\n|move|p1a: Feminismo|Bulk Up|p1a: Feminismo\n|-boost|p1a: Feminismo|atk|1\n|-boost|p1a: Feminismo|def|1\n|\n|-heal|p1a: Feminismo|69\/100|[from] item: Leftovers\n|upkeep\n|turn|35\n|\n|t:|1698599354\n|move|p2a: Sanicu|Ice Beam|p1a: Feminismo\n|-damage|p1a: Feminismo|36\/100\n|move|p1a: Feminismo|Drain Punch|p2a: Sanicu\n|-supereffective|p2a: Sanicu\n|-damage|p2a: Sanicu|1\/100\n|-heal|p1a: Feminismo|72\/100|[from] drain|[of] p2a: Sanicu\n|\n|-heal|p1a: Feminismo|78\/100|[from] item: Leftovers\n|upkeep\n|turn|36\n|\n|t:|1698599373\n|move|p2a: Sanicu|Ice Beam|p1a: Feminismo\n|-damage|p1a: Feminismo|50\/100\n|move|p1a: Feminismo|Drain Punch|p2a: Sanicu\n|-supereffective|p2a: Sanicu\n|-damage|p2a: Sanicu|0 fnt\n|-heal|p1a: Feminismo|50\/100|[from] drain|[of] p2a: Sanicu\n|faint|p2a: Sanicu\n|-end|p2a: Sanicu|Quark Drive|[silent]\n|\n|-heal|p1a: Feminismo|57\/100|[from] item: Leftovers\n|upkeep\n|\n|t:|1698599388\n|switch|p2a: Yeeha|Glastrier, tera:Fairy|81\/100 tox\n|-damage|p2a: Yeeha|69\/100 tox|[from] Stealth Rock\n|turn|37\n|\n|t:|1698599395\n|move|p1a: Feminismo|Rage Fist|p2a: Yeeha\n|-damage|p2a: Yeeha|0 fnt\n|faint|p2a: Yeeha\n|\n|-heal|p1a: Feminismo|63\/100|[from] item: Leftovers\n|upkeep\n|c|\u2606lelouchviteselia|gg\n|\n|t:|1698599401\n|switch|p2a: nom|Clodsire, F|100\/100\n|-damage|p2a: nom|94\/100|[from] Stealth Rock\n|turn|38\n|\n|t:|1698599418\n|move|p1a: Feminismo|Rage Fist|p2a: nom\n|-damage|p2a: nom|0 fnt\n|faint|p2a: nom\n|\n|win|umbreonluna\n|c| LeunamTG|Te dijo que tuvieras cuidado.\n|c|\u2606umbreonluna|XDDDD\n|c| pepitodechocolate|maldito feminismo... :(\n|c|\u2606umbreonluna|gg t\u00edo\n|c|\u2606lelouchviteselia|sisi\n|c|\u2606lelouchviteselia|si tenia que tener cuidao\n|c|\u2606lelouchviteselia|que buen combate\n|c|\u2606lelouchviteselia|g\n|c| pepitodechocolate|gg a los dos!\n|c|\u2606umbreonluna|me meo illo\n|c|\u2606umbreonluna|guapisimo\n|c|\u2606umbreonluna|suerte en la siguiente ^^\n","uploadtime":1698599438,"views":41,"p1id":"umbreonluna","p2id":"lelouchviteselia","formatid":"gen9anythinggoes","rating":0,"private":0,"password":""}