{"id":"gen9anythinggoes-1999031638","p1":"Abigeels","p2":"ThorbsIRM","format":"[Gen 9] Anything Goes","log":"|j|\u2606Abigeels\n|j|\u2606ThorbsIRM\n|t:|1701025839\n|gametype|singles\n|player|p1|Abigeels|caitlin|\n|player|p2|ThorbsIRM|ethan|\n|teamsize|p1|6\n|teamsize|p2|6\n|gen|9\n|tier|[Gen 9] Anything Goes\n|rule|HP Percentage Mod: HP is shown in percentages\n|rule|Endless Battle Clause: Forcing endless battles is banned\n|clearpoke\n|poke|p1|Sandaconda, M|\n|poke|p1|Quagsire, M|\n|poke|p1|Toxicroak, F|\n|poke|p1|Pelipper, M|\n|poke|p1|Lucario, F|\n|poke|p1|Rotom-Mow|\n|poke|p2|Crocalor, M|\n|poke|p2|Abomasnow, M|\n|poke|p2|Scream Tail|\n|poke|p2|Basculin-Blue-Striped, M|\n|poke|p2|Salamence, M|\n|poke|p2|Gastrodon, M|\n|teampreview\n|j| Silverwolf3030\n|c| Silverwolf3030|First\n|j| UltimoTheNerd\n|j| Sparkiestjolteon\n|l| Sparkiestjolteon\n|c|\u2606ThorbsIRM|thoughts abi?\n|c|\u2606Abigeels|I forgot to change Rotom nickname\n|j| Vincenrepeat\n|c|\u2606Abigeels|devastated\n|c|\u2606ThorbsIRM|2 bad loser\n|\n|t:|1701025970\n|start\n|switch|p1a: Scrotom-Mow|Rotom-Mow|100\/100\n|switch|p2a: Buttplug|Abomasnow, M|100\/100\n|-weather|Snow|[from] ability: Snow Warning|[of] p2a: Buttplug\n|turn|1\n|c|\u2606Abigeels|JBKBAUBJKEW\n|\n|t:|1701025992\n|move|p1a: Scrotom-Mow|Volt Switch|p2a: Buttplug\n|-resisted|p2a: Buttplug\n|-damage|p2a: Buttplug|80\/100\n|-damage|p1a: Scrotom-Mow|91\/100|[from] item: Life Orb\n|\n|t:|1701026021\n|switch|p1a: Rai Mamezuku|Lucario, F|100\/100|[from] Volt Switch\n|move|p2a: Buttplug|Leaf Storm|p1a: Rai Mamezuku\n|-resisted|p1a: Rai Mamezuku\n|-damage|p1a: Rai Mamezuku|70\/100\n|-unboost|p2a: Buttplug|spa|2\n|\n|-weather|Snow|[upkeep]\n|-heal|p1a: Rai Mamezuku|76\/100|[from] item: Leftovers\n|upkeep\n|turn|2\n|\n|t:|1701026106\n|switch|p1a: Edward|Sandaconda, M, shiny|100\/100\n|switch|p2a: Egghead|Crocalor, M|100\/100\n|\n|-weather|Snow|[upkeep]\n|upkeep\n|turn|3\n|\n|t:|1701026116\n|switch|p2a: Slugger|Gastrodon, M|100\/100\n|move|p1a: Edward|Sand Tomb|p2a: Slugger\n|-damage|p2a: Slugger|86\/100\n|-activate|p2a: Slugger|move: Sand Tomb|[of] p1a: Edward\n|\n|-weather|Snow|[upkeep]\n|-damage|p2a: Slugger|73\/100|[from] move: Sand Tomb|[partiallytrapped]\n|upkeep\n|turn|4\n|\n|t:|1701026132\n|switch|p1a: Scrotom-Mow|Rotom-Mow|91\/100\n|move|p2a: Slugger|Stealth Rock|p1a: Scrotom-Mow\n|-sidestart|p1: Abigeels|move: Stealth Rock\n|\n|-weather|Snow|[upkeep]\n|-end|p2a: Slugger|Sand Tomb|[partiallytrapped]|[silent]\n|upkeep\n|turn|5\n|\n|t:|1701026250\n|switch|p2a: Maybelline|Scream Tail|100\/100\n|move|p1a: Scrotom-Mow|Will-O-Wisp|p2a: Maybelline\n|-status|p2a: Maybelline|brn\n|\n|-weather|none\n|-damage|p2a: Maybelline|94\/100 brn|[from] brn\n|upkeep\n|turn|6\n|\n|t:|1701026273\n|switch|p1a: Pelican't|Pelipper, M|100\/100\n|-weather|RainDance|[from] ability: Drizzle|[of] p1a: Pelican't\n|move|p2a: Maybelline|Wish|p2a: Maybelline\n|\n|-weather|RainDance|[upkeep]\n|-heal|p2a: Maybelline|100\/100 brn|[from] item: Leftovers\n|-damage|p2a: Maybelline|94\/100 brn|[from] brn\n|upkeep\n|turn|7\n|\n|t:|1701026298\n|move|p2a: Maybelline|Thunder Wave|p1a: Pelican't\n|-status|p1a: Pelican't|par\n|cant|p1a: Pelican't|par\n|\n|-weather|RainDance|[upkeep]\n|-heal|p2a: Maybelline|100\/100 brn|[from] move: Wish|[wisher] Maybelline\n|-damage|p2a: Maybelline|94\/100 brn|[from] brn\n|upkeep\n|turn|8\n|\n|t:|1701026332\n|move|p2a: Maybelline|Wish|p2a: Maybelline\n|move|p1a: Pelican't|Seed Bomb|p2a: Maybelline\n|-damage|p2a: Maybelline|86\/100 brn\n|\n|-weather|RainDance|[upkeep]\n|-heal|p2a: Maybelline|92\/100 brn|[from] item: Leftovers\n|-damage|p2a: Maybelline|86\/100 brn|[from] brn\n|upkeep\n|turn|9\n|c|\u2606ThorbsIRM|aha\n|c|\u2606ThorbsIRM|nice\n|\n|t:|1701026422\n|switch|p1a: Ganondorf|Quagsire, M|100\/100\n|-damage|p1a: Ganondorf|94\/100|[from] Stealth Rock\n|move|p2a: Maybelline|Psychic|p1a: Ganondorf\n|-damage|p1a: Ganondorf|67\/100\n|\n|-weather|RainDance|[upkeep]\n|-heal|p2a: Maybelline|100\/100 brn|[from] move: Wish|[wisher] Maybelline\n|-heal|p1a: Ganondorf|73\/100|[from] item: Leftovers\n|-damage|p2a: Maybelline|94\/100 brn|[from] brn\n|upkeep\n|turn|10\n|\n|t:|1701026489\n|-end|p2a: Maybelline|Protosynthesis|[silent]\n|switch|p2a: Buttplug|Abomasnow, M|80\/100\n|-weather|Snow|[from] ability: Snow Warning|[of] p2a: Buttplug\n|move|p1a: Ganondorf|Stealth Rock|p2a: Buttplug\n|-sidestart|p2: ThorbsIRM|move: Stealth Rock\n|\n|-weather|Snow|[upkeep]\n|-heal|p1a: Ganondorf|79\/100|[from] item: Leftovers\n|upkeep\n|turn|11\n|\n|t:|1701026509\n|switch|p1a: Froggy chair|Toxicroak, F|100\/100\n|-damage|p1a: Froggy chair|94\/100|[from] Stealth Rock\n|move|p2a: Buttplug|Aurora Veil|p2a: Buttplug\n|-sidestart|p2: ThorbsIRM|move: Aurora Veil\n|\n|-weather|Snow|[upkeep]\n|-heal|p1a: Froggy chair|100\/100|[from] item: Black Sludge\n|upkeep\n|turn|12\n|\n|t:|1701026536\n|switch|p2a: Call it|Basculin-Blue-Striped, M|100\/100\n|-damage|p2a: Call it|88\/100|[from] Stealth Rock\n|move|p1a: Froggy chair|Poison Jab|p2a: Call it\n|-damage|p2a: Call it|66\/100\n|\n|-weather|Snow|[upkeep]\n|upkeep\n|turn|13\n|\n|t:|1701026592\n|move|p2a: Call it|Psychic Fangs|p1a: Froggy chair\n|-supereffective|p1a: Froggy chair\n|-damage|p1a: Froggy chair|0 fnt\n|faint|p1a: Froggy chair\n|\n|-weather|Snow|[upkeep]\n|upkeep\n|c|\u2606Abigeels|oh, didn't know it had that lol\n|\n|t:|1701026617\n|switch|p1a: Scrotom-Mow|Rotom-Mow|91\/100\n|-damage|p1a: Scrotom-Mow|78\/100|[from] Stealth Rock\n|turn|14\n|\n|t:|1701026633\n|switch|p2a: Maybelline|Scream Tail|94\/100 brn\n|-damage|p2a: Maybelline|82\/100 brn|[from] Stealth Rock\n|move|p1a: Scrotom-Mow|Volt Switch|p2a: Maybelline\n|-damage|p2a: Maybelline|72\/100 brn\n|-damage|p1a: Scrotom-Mow|68\/100|[from] item: Life Orb\n|c|\u2606ThorbsIRM|evidently\n|j| TBarnsley\n|\n|t:|1701026809\n|switch|p1a: Rai Mamezuku|Lucario, F|76\/100|[from] Volt Switch\n|-damage|p1a: Rai Mamezuku|73\/100|[from] Stealth Rock\n|\n|-weather|none\n|-heal|p2a: Maybelline|78\/100 brn|[from] item: Leftovers\n|-heal|p1a: Rai Mamezuku|79\/100|[from] item: Leftovers\n|-damage|p2a: Maybelline|72\/100 brn|[from] brn\n|upkeep\n|turn|15\n|\n|t:|1701026835\n|move|p2a: Maybelline|Wish|p2a: Maybelline\n|move|p1a: Rai Mamezuku|Nasty Plot|p1a: Rai Mamezuku\n|-boost|p1a: Rai Mamezuku|spa|2\n|\n|-heal|p2a: Maybelline|78\/100 brn|[from] item: Leftovers\n|-heal|p1a: Rai Mamezuku|85\/100|[from] item: Leftovers\n|-damage|p2a: Maybelline|72\/100 brn|[from] brn\n|upkeep\n|turn|16\n|\n|t:|1701026902\n|-end|p2a: Maybelline|Protosynthesis|[silent]\n|switch|p2a: Egghead|Crocalor, M|100\/100\n|-damage|p2a: Egghead|76\/100|[from] Stealth Rock\n|move|p1a: Rai Mamezuku|Flash Cannon|p2a: Egghead\n|-resisted|p2a: Egghead\n|-damage|p2a: Egghead|66\/100\n|\n|-heal|p2a: Egghead|100\/100|[from] move: Wish|[wisher] Maybelline\n|-heal|p1a: Rai Mamezuku|91\/100|[from] item: Leftovers\n|upkeep\n|turn|17\n|\n|t:|1701026919\n|switch|p1a: Edward|Sandaconda, M, shiny|100\/100\n|-damage|p1a: Edward|94\/100|[from] Stealth Rock\n|move|p2a: Egghead|Seed Bomb|p1a: Edward\n|-supereffective|p1a: Edward\n|-damage|p1a: Edward|80\/100\n|\n|upkeep\n|turn|18\n|l| Vincenrepeat\n|j| Vincenrepeat\n|\n|t:|1701026996\n|switch|p2a: Maybelline|Scream Tail|72\/100 brn\n|-damage|p2a: Maybelline|59\/100 brn|[from] Stealth Rock\n|move|p1a: Edward|Rock Slide|p2a: Maybelline\n|-damage|p2a: Maybelline|52\/100 brn\n|\n|-heal|p2a: Maybelline|58\/100 brn|[from] item: Leftovers\n|-damage|p2a: Maybelline|52\/100 brn|[from] brn\n|-sideend|p2: ThorbsIRM|move: Aurora Veil\n|upkeep\n|turn|19\n|\n|t:|1701027014\n|move|p2a: Maybelline|Wish|p2a: Maybelline\n|move|p1a: Edward|Sand Tomb|p2a: Maybelline\n|-damage|p2a: Maybelline|41\/100 brn\n|-activate|p2a: Maybelline|move: Sand Tomb|[of] p1a: Edward\n|\n|-heal|p2a: Maybelline|47\/100 brn|[from] item: Leftovers\n|-damage|p2a: Maybelline|41\/100 brn|[from] brn\n|-damage|p2a: Maybelline|28\/100 brn|[from] move: Sand Tomb|[partiallytrapped]\n|upkeep\n|turn|20\n|\n|t:|1701027032\n|move|p2a: Maybelline|Thunder Wave|p1a: Edward\n|-immune|p1a: Edward\n|move|p1a: Edward|Drill Run|p2a: Maybelline\n|-damage|p2a: Maybelline|5\/100 brn\n|\n|-heal|p2a: Maybelline|55\/100 brn|[from] move: Wish|[wisher] Maybelline\n|-heal|p2a: Maybelline|61\/100 brn|[from] item: Leftovers\n|-damage|p2a: Maybelline|55\/100 brn|[from] brn\n|-damage|p2a: Maybelline|43\/100 brn|[from] move: Sand Tomb|[partiallytrapped]\n|upkeep\n|turn|21\n|\n|t:|1701027048\n|move|p2a: Maybelline|Wish|p2a: Maybelline\n|move|p1a: Edward|Drill Run|p2a: Maybelline\n|-damage|p2a: Maybelline|19\/100 brn\n|\n|-heal|p2a: Maybelline|25\/100 brn|[from] item: Leftovers\n|-damage|p2a: Maybelline|19\/100 brn|[from] brn\n|-damage|p2a: Maybelline|6\/100 brn|[from] move: Sand Tomb|[partiallytrapped]\n|upkeep\n|turn|22\n|\n|t:|1701027056\n|move|p2a: Maybelline|Protect|p2a: Maybelline\n|-singleturn|p2a: Maybelline|Protect\n|move|p1a: Edward|Drill Run|p2a: Maybelline\n|-activate|p2a: Maybelline|move: Protect\n|\n|-heal|p2a: Maybelline|56\/100 brn|[from] move: Wish|[wisher] Maybelline\n|-heal|p2a: Maybelline|63\/100 brn|[from] item: Leftovers\n|-damage|p2a: Maybelline|56\/100 brn|[from] brn\n|-damage|p2a: Maybelline|44\/100 brn|[from] move: Sand Tomb|[partiallytrapped]\n|upkeep\n|turn|23\n|\n|t:|1701027070\n|move|p2a: Maybelline|Wish|p2a: Maybelline\n|move|p1a: Edward|Drill Run|p2a: Maybelline\n|-damage|p2a: Maybelline|20\/100 brn\n|\n|-heal|p2a: Maybelline|27\/100 brn|[from] item: Leftovers\n|-damage|p2a: Maybelline|20\/100 brn|[from] brn\n|-end|p2a: Maybelline|Sand Tomb|[partiallytrapped]\n|upkeep\n|turn|24\n|\n|t:|1701027082\n|move|p2a: Maybelline|Protect|p2a: Maybelline\n|-singleturn|p2a: Maybelline|Protect\n|move|p1a: Edward|Sand Tomb|p2a: Maybelline\n|-activate|p2a: Maybelline|move: Protect\n|\n|-heal|p2a: Maybelline|70\/100 brn|[from] move: Wish|[wisher] Maybelline\n|-heal|p2a: Maybelline|77\/100 brn|[from] item: Leftovers\n|-damage|p2a: Maybelline|70\/100 brn|[from] brn\n|upkeep\n|turn|25\n|\n|t:|1701027099\n|move|p2a: Maybelline|Wish|p2a: Maybelline\n|move|p1a: Edward|Sand Tomb|p2a: Maybelline\n|-damage|p2a: Maybelline|60\/100 brn\n|-activate|p2a: Maybelline|move: Sand Tomb|[of] p1a: Edward\n|\n|-heal|p2a: Maybelline|66\/100 brn|[from] item: Leftovers\n|-damage|p2a: Maybelline|60\/100 brn|[from] brn\n|-damage|p2a: Maybelline|48\/100 brn|[from] move: Sand Tomb|[partiallytrapped]\n|upkeep\n|turn|26\n|\n|t:|1701027119\n|move|p2a: Maybelline|Psychic|p1a: Edward\n|-damage|p1a: Edward|47\/100\n|move|p1a: Edward|Drill Run|p2a: Maybelline\n|-damage|p2a: Maybelline|24\/100 brn\n|\n|-heal|p2a: Maybelline|74\/100 brn|[from] move: Wish|[wisher] Maybelline\n|-heal|p2a: Maybelline|81\/100 brn|[from] item: Leftovers\n|-damage|p2a: Maybelline|74\/100 brn|[from] brn\n|-damage|p2a: Maybelline|62\/100 brn|[from] move: Sand Tomb|[partiallytrapped]\n|upkeep\n|turn|27\n|\n|t:|1701027145\n|move|p2a: Maybelline|Wish|p2a: Maybelline\n|move|p1a: Edward|Drill Run|p2a: Maybelline\n|-damage|p2a: Maybelline|39\/100 brn\n|\n|-heal|p2a: Maybelline|45\/100 brn|[from] item: Leftovers\n|-damage|p2a: Maybelline|39\/100 brn|[from] brn\n|-damage|p2a: Maybelline|27\/100 brn|[from] move: Sand Tomb|[partiallytrapped]\n|upkeep\n|turn|28\n|\n|t:|1701027163\n|switch|p1a: Rai Mamezuku|Lucario, F|91\/100\n|-damage|p1a: Rai Mamezuku|89\/100|[from] Stealth Rock\n|move|p2a: Maybelline|Protect||[still]\n|-fail|p2a: Maybelline\n|\n|-heal|p2a: Maybelline|77\/100 brn|[from] move: Wish|[wisher] Maybelline\n|-heal|p2a: Maybelline|83\/100 brn|[from] item: Leftovers\n|-heal|p1a: Rai Mamezuku|95\/100|[from] item: Leftovers\n|-damage|p2a: Maybelline|77\/100 brn|[from] brn\n|-end|p2a: Maybelline|Sand Tomb|[partiallytrapped]|[silent]\n|upkeep\n|turn|29\n|\n|t:|1701027334\n|move|p2a: Maybelline|Thunder Wave|p1a: Rai Mamezuku\n|-status|p1a: Rai Mamezuku|par\n|cant|p1a: Rai Mamezuku|par\n|\n|-heal|p2a: Maybelline|83\/100 brn|[from] item: Leftovers\n|-heal|p1a: Rai Mamezuku|100\/100 par|[from] item: Leftovers\n|-damage|p2a: Maybelline|77\/100 brn|[from] brn\n|upkeep\n|turn|30\n|\n|t:|1701027349\n|-end|p2a: Maybelline|Protosynthesis|[silent]\n|switch|p2a: Egghead|Crocalor, M|100\/100\n|-damage|p2a: Egghead|76\/100|[from] Stealth Rock\n|move|p1a: Rai Mamezuku|Nasty Plot|p1a: Rai Mamezuku\n|-boost|p1a: Rai Mamezuku|spa|2\n|\n|upkeep\n|turn|31\n|\n|t:|1701027360\n|-terastallize|p1a: Rai Mamezuku|Fighting\n|move|p2a: Egghead|Flamethrower|p1a: Rai Mamezuku\n|-damage|p1a: Rai Mamezuku|62\/100 par\n|cant|p1a: Rai Mamezuku|par\n|\n|-heal|p1a: Rai Mamezuku|68\/100 par|[from] item: Leftovers\n|upkeep\n|turn|32\n|\n|t:|1701027398\n|move|p2a: Egghead|Flamethrower|p1a: Rai Mamezuku\n|-damage|p1a: Rai Mamezuku|34\/100 par\n|move|p1a: Rai Mamezuku|Aura Sphere|p2a: Egghead\n|-damage|p2a: Egghead|23\/100\n|\n|-heal|p1a: Rai Mamezuku|40\/100 par|[from] item: Leftovers\n|upkeep\n|turn|33\n|\n|t:|1701027416\n|move|p1a: Rai Mamezuku|Vacuum Wave|p2a: Egghead\n|-damage|p2a: Egghead|0 fnt\n|faint|p2a: Egghead\n|\n|-heal|p1a: Rai Mamezuku|46\/100 par|[from] item: Leftovers\n|upkeep\n|\n|t:|1701027429\n|switch|p2a: Umm|Salamence, M|100\/100\n|-damage|p2a: Umm|75\/100|[from] Stealth Rock\n|turn|34\n|j| Bird.gov\n|\n|t:|1701027464\n|-terastallize|p2a: Umm|Dragon\n|cant|p1a: Rai Mamezuku|par\n|move|p2a: Umm|Dragon Claw|p1a: Rai Mamezuku\n|-damage|p1a: Rai Mamezuku|0 fnt\n|faint|p1a: Rai Mamezuku\n|-ability|p2a: Umm|Moxie|boost\n|-boost|p2a: Umm|atk|1\n|\n|upkeep\n|j| Sparkiestjolteon\n|c|\u2606Abigeels|BRUH\n|c|\u2606Abigeels|lmfao\n|\n|t:|1701027475\n|switch|p1a: Ganondorf|Quagsire, M|79\/100\n|-damage|p1a: Ganondorf|73\/100|[from] Stealth Rock\n|turn|35\n|\n|t:|1701027493\n|switch|p2a: Maybelline|Scream Tail|77\/100 brn\n|-damage|p2a: Maybelline|64\/100 brn|[from] Stealth Rock\n|move|p1a: Ganondorf|Avalanche|p2a: Maybelline\n|-damage|p2a: Maybelline|54\/100 brn\n|\n|-heal|p2a: Maybelline|61\/100 brn|[from] item: Leftovers\n|-heal|p1a: Ganondorf|79\/100|[from] item: Leftovers\n|-damage|p2a: Maybelline|54\/100 brn|[from] brn\n|upkeep\n|turn|36\n|\n|t:|1701027508\n|switch|p1a: Pelican't|Pelipper, M|100\/100 par\n|-weather|RainDance|[from] ability: Drizzle|[of] p1a: Pelican't\n|move|p2a: Maybelline|Wish|p2a: Maybelline\n|\n|-weather|RainDance|[upkeep]\n|-heal|p2a: Maybelline|61\/100 brn|[from] item: Leftovers\n|-damage|p2a: Maybelline|54\/100 brn|[from] brn\n|upkeep\n|turn|37\n|l| Vincenrepeat\n|j| Vincenrepeat\n|\n|t:|1701027572\n|move|p2a: Maybelline|Protect|p2a: Maybelline\n|-singleturn|p2a: Maybelline|Protect\n|move|p1a: Pelican't|Hurricane|p2a: Maybelline\n|-activate|p2a: Maybelline|move: Protect\n|\n|-weather|RainDance|[upkeep]\n|-heal|p2a: Maybelline|100\/100 brn|[from] move: Wish|[wisher] Maybelline\n|-damage|p2a: Maybelline|94\/100 brn|[from] brn\n|upkeep\n|turn|38\n|\n|t:|1701027618\n|move|p2a: Maybelline|Wish|p2a: Maybelline\n|cant|p1a: Pelican't|par\n|\n|-weather|RainDance|[upkeep]\n|-heal|p2a: Maybelline|100\/100 brn|[from] item: Leftovers\n|-damage|p2a: Maybelline|94\/100 brn|[from] brn\n|upkeep\n|turn|39\n|\n|t:|1701027664\n|-end|p2a: Maybelline|Protosynthesis|[silent]\n|switch|p2a: Slugger|Gastrodon, M|73\/100\n|-damage|p2a: Slugger|67\/100|[from] Stealth Rock\n|switch|p1a: Scrotom-Mow|Rotom-Mow|68\/100\n|-damage|p1a: Scrotom-Mow|56\/100|[from] Stealth Rock\n|\n|-weather|RainDance|[upkeep]\n|-heal|p2a: Slugger|100\/100|[from] move: Wish|[wisher] Maybelline\n|upkeep\n|turn|40\n|l| Vincenrepeat\n|\n|t:|1701027764\n|switch|p2a: Maybelline|Scream Tail|94\/100 brn\n|-damage|p2a: Maybelline|82\/100 brn|[from] Stealth Rock\n|move|p1a: Scrotom-Mow|Leaf Storm|p2a: Maybelline|[miss]\n|-miss|p1a: Scrotom-Mow|p2a: Maybelline\n|\n|-weather|none\n|-heal|p2a: Maybelline|88\/100 brn|[from] item: Leftovers\n|-damage|p2a: Maybelline|82\/100 brn|[from] brn\n|upkeep\n|turn|41\n|j| Vincenrepeat\n|c|\u2606ThorbsIRM|sorry for slowplay\n|c| Bird.gov|if that leaf storm had hit abi would've won 7-0\n|c| UltimoTheNerd|don't be sorry\n|c| UltimoTheNerd|your brain is functioning more now than it ever has\n|\n|t:|1701027876\n|move|p1a: Scrotom-Mow|Volt Switch|p2a: Maybelline\n|-damage|p2a: Maybelline|60\/100 brn\n|-damage|p1a: Scrotom-Mow|46\/100|[from] item: Life Orb\n|c| UltimoTheNerd|we would be fools not to appreciate that fact\n|\n|t:|1701027906\n|switch|p1a: Pelican't|Pelipper, M|100\/100 par|[from] Volt Switch\n|-weather|RainDance|[from] ability: Drizzle|[of] p1a: Pelican't\n|move|p2a: Maybelline|Psychic|p1a: Pelican't\n|-damage|p1a: Pelican't|70\/100 par\n|\n|-weather|RainDance|[upkeep]\n|-heal|p2a: Maybelline|66\/100 brn|[from] item: Leftovers\n|-damage|p2a: Maybelline|60\/100 brn|[from] brn\n|upkeep\n|turn|42\n|\n|t:|1701027930\n|move|p2a: Maybelline|Wish|p2a: Maybelline\n|move|p1a: Pelican't|Roost|p1a: Pelican't\n|-heal|p1a: Pelican't|100\/100 par\n|-singleturn|p1a: Pelican't|move: Roost\n|\n|-weather|RainDance|[upkeep]\n|-heal|p2a: Maybelline|66\/100 brn|[from] item: Leftovers\n|-damage|p2a: Maybelline|60\/100 brn|[from] brn\n|upkeep\n|turn|43\n|\n|t:|1701027947\n|move|p2a: Maybelline|Psychic|p1a: Pelican't\n|-damage|p1a: Pelican't|70\/100 par\n|move|p1a: Pelican't|Hurricane|p2a: Maybelline\n|-damage|p2a: Maybelline|41\/100 brn\n|-start|p2a: Maybelline|confusion\n|\n|-weather|RainDance|[upkeep]\n|-heal|p2a: Maybelline|91\/100 brn|[from] move: Wish|[wisher] Maybelline\n|-heal|p2a: Maybelline|97\/100 brn|[from] item: Leftovers\n|-damage|p2a: Maybelline|91\/100 brn|[from] brn\n|upkeep\n|turn|44\n|\n|t:|1701027982\n|-activate|p2a: Maybelline|confusion\n|move|p2a: Maybelline|Protect|p2a: Maybelline\n|-singleturn|p2a: Maybelline|Protect\n|cant|p1a: Pelican't|par\n|\n|-weather|RainDance|[upkeep]\n|-heal|p2a: Maybelline|97\/100 brn|[from] item: Leftovers\n|-damage|p2a: Maybelline|91\/100 brn|[from] brn\n|upkeep\n|turn|45\n|\n|t:|1701027993\n|-activate|p2a: Maybelline|confusion\n|move|p2a: Maybelline|Psychic|p1a: Pelican't\n|-damage|p1a: Pelican't|41\/100 par\n|move|p1a: Pelican't|Roost|p1a: Pelican't\n|-heal|p1a: Pelican't|91\/100 par\n|-singleturn|p1a: Pelican't|move: Roost\n|\n|-weather|none\n|-heal|p2a: Maybelline|97\/100 brn|[from] item: Leftovers\n|-damage|p2a: Maybelline|91\/100 brn|[from] brn\n|upkeep\n|turn|46\n|\n|t:|1701028007\n|-end|p2a: Maybelline|Protosynthesis|[silent]\n|switch|p2a: Slugger|Gastrodon, M|100\/100\n|-damage|p2a: Slugger|94\/100|[from] Stealth Rock\n|move|p1a: Pelican't|Hurricane|p2a: Slugger\n|-damage|p2a: Slugger|61\/100\n|\n|upkeep\n|turn|47\n|\n|t:|1701028020\n|move|p2a: Slugger|Ice Beam|p1a: Pelican't\n|-damage|p1a: Pelican't|37\/100 par\n|cant|p1a: Pelican't|par\n|\n|upkeep\n|turn|48\n|c| Vincenrepeat|Hard R Skug\n|c|\u2606Abigeels|?????????????????? on god?\n|\n|t:|1701028036\n|move|p2a: Slugger|Ice Beam|p1a: Pelican't\n|-damage|p1a: Pelican't|0 fnt\n|faint|p1a: Pelican't\n|\n|upkeep\n|\n|t:|1701028040\n|switch|p1a: Scrotom-Mow|Rotom-Mow|46\/100\n|-damage|p1a: Scrotom-Mow|33\/100|[from] Stealth Rock\n|turn|49\n|c|\u2606ThorbsIRM|ur fighting mr 1022977366 luck stat\n|\n|t:|1701028053\n|switch|p2a: Maybelline|Scream Tail|91\/100 brn\n|-damage|p2a: Maybelline|78\/100 brn|[from] Stealth Rock\n|move|p1a: Scrotom-Mow|Leaf Storm|p2a: Maybelline|[miss]\n|-miss|p1a: Scrotom-Mow|p2a: Maybelline\n|\n|-heal|p2a: Maybelline|84\/100 brn|[from] item: Leftovers\n|-damage|p2a: Maybelline|78\/100 brn|[from] brn\n|upkeep\n|turn|50\n|c| Bird.gov|6 bright powder\n|c| UltimoTheNerd|Thorbs do I have to ban you for rigging the game\n|c|\u2606Abigeels|2ND TIME IT MISSED\n|c| Vincenrepeat|Im using this match's seed next season\n|\n|t:|1701028085\n|move|p1a: Scrotom-Mow|Volt Switch|p2a: Maybelline\n|-damage|p2a: Maybelline|56\/100 brn\n|-damage|p1a: Scrotom-Mow|23\/100|[from] item: Life Orb\n|c|\u2606ThorbsIRM|this is how the Modest Minun does shit\n|\n|t:|1701028093\n|switch|p1a: Edward|Sandaconda, M, shiny|47\/100|[from] Volt Switch\n|-damage|p1a: Edward|41\/100|[from] Stealth Rock\n|move|p2a: Maybelline|Wish|p2a: Maybelline\n|\n|-heal|p2a: Maybelline|62\/100 brn|[from] item: Leftovers\n|-damage|p2a: Maybelline|56\/100 brn|[from] brn\n|upkeep\n|turn|51\n|\n|t:|1701028102\n|-end|p2a: Maybelline|Protosynthesis|[silent]\n|switch|p2a: Slugger|Gastrodon, M|61\/100\n|-damage|p2a: Slugger|55\/100|[from] Stealth Rock\n|move|p1a: Edward|Sand Tomb|p2a: Slugger\n|-damage|p2a: Slugger|42\/100\n|-activate|p2a: Slugger|move: Sand Tomb|[of] p1a: Edward\n|\n|-heal|p2a: Slugger|93\/100|[from] move: Wish|[wisher] Maybelline\n|-damage|p2a: Slugger|81\/100|[from] move: Sand Tomb|[partiallytrapped]\n|upkeep\n|turn|52\n|\n|t:|1701028137\n|move|p1a: Edward|Rock Slide|p2a: Slugger\n|-resisted|p2a: Slugger\n|-damage|p2a: Slugger|70\/100\n|move|p2a: Slugger|Surf|p1a: Edward\n|-supereffective|p1a: Edward\n|-damage|p1a: Edward|0 fnt\n|faint|p1a: Edward\n|\n|-end|p2a: Slugger|Sand Tomb|[partiallytrapped]|[silent]\n|upkeep\n|\n|t:|1701028144\n|switch|p1a: Scrotom-Mow|Rotom-Mow|23\/100\n|-damage|p1a: Scrotom-Mow|11\/100|[from] Stealth Rock\n|turn|53\n|c|\u2606ThorbsIRM|offensive slug ftw\n|\n|t:|1701028167\n|switch|p2a: Buttplug|Abomasnow, M|80\/100\n|-damage|p2a: Buttplug|55\/100|[from] Stealth Rock\n|-weather|Snow|[from] ability: Snow Warning|[of] p2a: Buttplug\n|move|p1a: Scrotom-Mow|Leaf Storm|p2a: Buttplug\n|-resisted|p2a: Buttplug\n|-crit|p2a: Buttplug\n|-damage|p2a: Buttplug|0 fnt\n|-unboost|p1a: Scrotom-Mow|spa|2\n|faint|p2a: Buttplug\n|-damage|p1a: Scrotom-Mow|1\/100|[from] item: Life Orb\n|\n|-weather|Snow|[upkeep]\n|upkeep\n|c| UltimoTheNerd|you're right, it is offensive\n|c|\u2606Abigeels|Gastrodon is girlbossing rn\n|\n|t:|1701028186\n|switch|p2a: Umm|Salamence, M, tera:Dragon|75\/100\n|-damage|p2a: Umm|63\/100|[from] Stealth Rock\n|turn|54\n|\n|t:|1701028192\n|move|p2a: Umm|Outrage|p1a: Scrotom-Mow\n|-damage|p1a: Scrotom-Mow|0 fnt\n|faint|p1a: Scrotom-Mow\n|-ability|p2a: Umm|Moxie|boost\n|-boost|p2a: Umm|atk|1\n|\n|-weather|Snow|[upkeep]\n|upkeep\n|\n|t:|1701028198\n|switch|p1a: Ganondorf|Quagsire, M|79\/100\n|-damage|p1a: Ganondorf|73\/100|[from] Stealth Rock\n|turn|55\n|\n|t:|1701028202\n|move|p2a: Umm|Outrage|p1a: Ganondorf|[from]lockedmove\n|-damage|p1a: Ganondorf|16\/100\n|-start|p2a: Umm|confusion|[fatigue]\n|move|p1a: Ganondorf|Avalanche|p2a: Umm\n|-supereffective|p2a: Umm\n|-damage|p2a: Umm|8\/100\n|\n|-weather|Snow|[upkeep]\n|-heal|p1a: Ganondorf|22\/100|[from] item: Leftovers\n|upkeep\n|turn|56\n|c| UltimoTheNerd|Ganon vs the world\n|\n|t:|1701028213\n|-activate|p2a: Umm|confusion\n|-damage|p2a: Umm|0 fnt|[from] confusion\n|faint|p2a: Umm\n|move|p1a: Ganondorf|Recover|p1a: Ganondorf\n|-heal|p1a: Ganondorf|72\/100\n|\n|-weather|Snow|[upkeep]\n|-heal|p1a: Ganondorf|78\/100|[from] item: Leftovers\n|upkeep\n|c| Bird.gov|yooooooooo\n|c|\u2606ThorbsIRM|comeback time\n|c| Bird.gov|great king of evil sweep\n|c|\u2606Abigeels|???????????????????\n|\n|t:|1701028238\n|switch|p2a: Maybelline|Scream Tail|56\/100 brn\n|-damage|p2a: Maybelline|44\/100 brn|[from] Stealth Rock\n|turn|57\n|\n|t:|1701028246\n|move|p2a: Maybelline|Wish|p2a: Maybelline\n|move|p1a: Ganondorf|Liquidation|p2a: Maybelline\n|-damage|p2a: Maybelline|23\/100 brn\n|-unboost|p2a: Maybelline|def|1\n|\n|-weather|none\n|-heal|p2a: Maybelline|29\/100 brn|[from] item: Leftovers\n|-heal|p1a: Ganondorf|85\/100|[from] item: Leftovers\n|-damage|p2a: Maybelline|23\/100 brn|[from] brn\n|upkeep\n|turn|58\n|\n|t:|1701028276\n|-end|p2a: Maybelline|Protosynthesis|[silent]\n|switch|p2a: Call it|Basculin-Blue-Striped, M|66\/100\n|-damage|p2a: Call it|53\/100|[from] Stealth Rock\n|move|p1a: Ganondorf|Avalanche|p2a: Call it\n|-resisted|p2a: Call it\n|-damage|p2a: Call it|43\/100\n|\n|-heal|p2a: Call it|100\/100|[from] move: Wish|[wisher] Maybelline\n|-heal|p1a: Ganondorf|91\/100|[from] item: Leftovers\n|upkeep\n|turn|59\n|\n|t:|1701028289\n|move|p2a: Call it|Wave Crash|p1a: Ganondorf\n|-damage|p1a: Ganondorf|26\/100\n|-damage|p2a: Call it|71\/100|[from] Recoil\n|move|p1a: Ganondorf|Liquidation|p2a: Call it\n|-resisted|p2a: Call it\n|-crit|p2a: Call it\n|-damage|p2a: Call it|37\/100\n|\n|-heal|p1a: Ganondorf|32\/100|[from] item: Leftovers\n|upkeep\n|turn|60\n|\n|t:|1701028302\n|move|p2a: Call it|Wave Crash|p1a: Ganondorf\n|-damage|p1a: Ganondorf|0 fnt\n|faint|p1a: Ganondorf\n|-damage|p2a: Call it|22\/100|[from] Recoil\n|\n|win|ThorbsIRM\n|c|\u2606ThorbsIRM|gg\n|c|\u2606Abigeels|GG\n|c| UltimoTheNerd|GG\n|c|\u2606ThorbsIRM|well earned or smthg\n|l| Silverwolf3030\n","uploadtime":1701028332,"views":11,"p1id":"abigeels","p2id":"thorbsirm","formatid":"gen9anythinggoes","rating":0,"private":0,"password":""}