{"id":"gen9anythinggoes-1972415295","p1":"MaxxEccentric","p2":"Delta09xd","format":"[Gen 9] Anything Goes","log":"|j|\u2606MaxxEccentric\n|j|\u2606Delta09xd\n|t:|1697840320\n|gametype|singles\n|player|p1|MaxxEccentric|mars|1047\n|player|p2|Delta09xd|1|1062\n|teamsize|p1|6\n|teamsize|p2|6\n|gen|9\n|tier|[Gen 9] Anything Goes\n|rated|\n|rule|HP Percentage Mod: HP is shown in percentages\n|rule|Endless Battle Clause: Forcing endless battles is banned\n|clearpoke\n|poke|p1|Okidogi, M|\n|poke|p1|Iron Moth|\n|poke|p1|Glalie, M|\n|poke|p1|Crawdaunt, M|\n|poke|p1|Dusknoir, F|\n|poke|p1|Talonflame, M|\n|poke|p2|Volcarona, F|\n|poke|p2|Dragapult, F|\n|poke|p2|Glimmora, F|\n|poke|p2|Toxapex, M|\n|poke|p2|Landorus-Therian, M|\n|poke|p2|Regieleki|\n|teampreview\n|\n|t:|1697840326\n|start\n|switch|p1a: Rodney|Glalie, M, shiny|100\/100\n|switch|p2a: Volcarona|Volcarona, F, shiny|100\/100\n|turn|1\n|\n|t:|1697840333\n|move|p2a: Volcarona|Quiver Dance|p2a: Volcarona\n|-boost|p2a: Volcarona|spa|1\n|-boost|p2a: Volcarona|spd|1\n|-boost|p2a: Volcarona|spe|1\n|move|p1a: Rodney|Sheer Cold|p2a: Volcarona|[miss]\n|-miss|p1a: Rodney|p2a: Volcarona\n|\n|-ability|p1a: Rodney|Moody|boost\n|-boost|p1a: Rodney|spd|2\n|-unboost|p1a: Rodney|spa|1\n|upkeep\n|turn|2\n|\n|t:|1697840345\n|move|p1a: Rodney|Protect|p1a: Rodney\n|-singleturn|p1a: Rodney|Protect\n|move|p2a: Volcarona|Quiver Dance|p2a: Volcarona\n|-boost|p2a: Volcarona|spa|1\n|-boost|p2a: Volcarona|spd|1\n|-boost|p2a: Volcarona|spe|1\n|\n|-ability|p1a: Rodney|Moody|boost\n|-boost|p1a: Rodney|atk|2\n|-unboost|p1a: Rodney|spa|1\n|upkeep\n|turn|3\n|\n|t:|1697840357\n|move|p2a: Volcarona|Quiver Dance|p2a: Volcarona\n|-boost|p2a: Volcarona|spa|1\n|-boost|p2a: Volcarona|spd|1\n|-boost|p2a: Volcarona|spe|1\n|move|p1a: Rodney|Sheer Cold|p2a: Volcarona\n|-damage|p2a: Volcarona|0 fnt\n|faint|p2a: Volcarona\n|-ohko\n|\n|-ability|p1a: Rodney|Moody|boost\n|-boost|p1a: Rodney|spa|2\n|-unboost|p1a: Rodney|atk|1\n|upkeep\n|\n|t:|1697840372\n|switch|p2a: Glimmora|Glimmora, F|100\/100\n|turn|4\n|\n|t:|1697840378\n|move|p1a: Rodney|Earthquake|p2a: Glimmora\n|-supereffective|p2a: Glimmora\n|-damage|p2a: Glimmora|0 fnt\n|-activate|p2a: Glimmora|ability: Toxic Debris\n|-sidestart|p1: MaxxEccentric|move: Toxic Spikes\n|faint|p2a: Glimmora\n|\n|-ability|p1a: Rodney|Moody|boost\n|-boost|p1a: Rodney|spd|2\n|-unboost|p1a: Rodney|atk|1\n|upkeep\n|\n|t:|1697840388\n|switch|p2a: Regieleki|Regieleki|100\/100\n|turn|5\n|\n|t:|1697840394\n|move|p2a: Regieleki|Volt Switch|p1a: Rodney\n|-damage|p1a: Rodney|84\/100\n|\n|t:|1697840398\n|switch|p2a: Landorus|Landorus-Therian, M|100\/100|[from] Volt Switch\n|-ability|p2a: Landorus|Intimidate|boost\n|-unboost|p1a: Rodney|atk|1\n|move|p1a: Rodney|Earthquake|p2a: Landorus\n|-immune|p2a: Landorus\n|\n|-ability|p1a: Rodney|Moody|boost\n|-boost|p1a: Rodney|spe|2\n|-unboost|p1a: Rodney|def|1\n|upkeep\n|turn|6\n|\n|t:|1697840414\n|move|p1a: Rodney|Sheer Cold|p2a: Landorus\n|-damage|p2a: Landorus|0 fnt\n|faint|p2a: Landorus\n|-ohko\n|\n|-ability|p1a: Rodney|Moody|boost\n|-boost|p1a: Rodney|spa|2\n|-unboost|p1a: Rodney|atk|1\n|upkeep\n|\n|t:|1697840423\n|switch|p2a: Dragapult|Dragapult, F|100\/100\n|turn|7\n|\n|t:|1697840429\n|move|p1a: Rodney|Dark Pulse|p2a: Dragapult\n|-supereffective|p2a: Dragapult\n|-damage|p2a: Dragapult|0 fnt\n|-start|p1a: Rodney|Disable|Dark Pulse|[from] ability: Cursed Body|[of] p2a: Dragapult\n|faint|p2a: Dragapult\n|\n|-ability|p1a: Rodney|Moody|boost\n|-boost|p1a: Rodney|spd|2\n|-unboost|p1a: Rodney|def|1\n|upkeep\n|\n|t:|1697840440\n|switch|p2a: Regieleki|Regieleki|100\/100\n|turn|8\n|\n|t:|1697840446\n|move|p1a: Rodney|Sheer Cold|p2a: Regieleki\n|-damage|p2a: Regieleki|0 fnt\n|faint|p2a: Regieleki\n|-ohko\n|\n|-ability|p1a: Rodney|Moody|boost\n|-boost|p1a: Rodney|atk|2\n|-unboost|p1a: Rodney|spe|1\n|upkeep\n|\n|t:|1697840455\n|switch|p2a: Toxapex|Toxapex, M|100\/100\n|turn|9\n|\n|t:|1697840459\n|move|p1a: Rodney|Sheer Cold|p2a: Toxapex|[miss]\n|-miss|p1a: Rodney|p2a: Toxapex\n|move|p2a: Toxapex|Haze|p2a: Toxapex\n|-clearallboost\n|\n|-ability|p1a: Rodney|Moody|boost\n|-boost|p1a: Rodney|atk|2\n|-unboost|p1a: Rodney|def|1\n|upkeep\n|turn|10\n|\n|t:|1697840470\n|move|p1a: Rodney|Sheer Cold|p2a: Toxapex|[miss]\n|-miss|p1a: Rodney|p2a: Toxapex\n|move|p2a: Toxapex|Toxic Spikes|p1a: Rodney\n|-sidestart|p1: MaxxEccentric|move: Toxic Spikes\n|\n|-end|p1a: Rodney|Disable\n|-ability|p1a: Rodney|Moody|boost\n|-boost|p1a: Rodney|spd|2\n|-unboost|p1a: Rodney|spa|1\n|upkeep\n|turn|11\n|\n|t:|1697840480\n|move|p1a: Rodney|Earthquake|p2a: Toxapex\n|-supereffective|p2a: Toxapex\n|-damage|p2a: Toxapex|44\/100\n|move|p2a: Toxapex|Haze|p2a: Toxapex\n|-clearallboost\n|\n|-heal|p2a: Toxapex|50\/100|[from] item: Black Sludge\n|-ability|p1a: Rodney|Moody|boost\n|-boost|p1a: Rodney|spd|2\n|-unboost|p1a: Rodney|atk|1\n|upkeep\n|turn|12\n|\n|t:|1697840492\n|move|p1a: Rodney|Sheer Cold|p2a: Toxapex\n|-damage|p2a: Toxapex|0 fnt\n|faint|p2a: Toxapex\n|-ohko\n|\n|win|MaxxEccentric\n|raw|MaxxEccentric's rating: 1047 &rarr; <strong>1081<\/strong><br \/>(+34 for winning)\n|raw|Delta09xd's rating: 1062 &rarr; <strong>1042<\/strong><br \/>(-20 for losing)\n|c|\u2606MaxxEccentric|gg\n","uploadtime":1697840502,"views":13,"p1id":"maxxeccentric","p2id":"delta09xd","formatid":"gen9anythinggoes","rating":1042,"private":0,"password":""}