{"id":"gen9anythinggoes-1980587612","p1":"MemeMimicks","p2":"cludblaat","format":"[Gen 9] Anything Goes","log":"|j|\u2606MemeMimicks\n|j|\u2606cludblaat\n|t:|1698800438\n|gametype|singles\n|player|p1|MemeMimicks|emmet|1097\n|player|p2|cludblaat|hoopster|1000\n|teamsize|p1|6\n|teamsize|p2|6\n|gen|9\n|tier|[Gen 9] Anything Goes\n|rated|\n|rule|HP Percentage Mod: HP is shown in percentages\n|rule|Endless Battle Clause: Forcing endless battles is banned\n|clearpoke\n|poke|p1|Glimmora, M|\n|poke|p1|Manaphy|\n|poke|p1|Annihilape, M|\n|poke|p1|Ting-Lu|\n|poke|p1|Calyrex-Shadow|\n|poke|p1|Kingambit, F|\n|poke|p2|Glimmora, F|\n|poke|p2|Donphan, L1, M|\n|poke|p2|Houndstone, M|\n|poke|p2|Carbink|\n|poke|p2|Tyranitar, F|\n|poke|p2|Calyrex-Shadow|\n|teampreview\n|\n|t:|1698800444\n|start\n|switch|p1a: Annihilape|Annihilape, M|100\/100\n|switch|p2a: Tyranitar|Tyranitar, F|100\/100\n|-weather|Sandstorm|[from] ability: Sand Stream|[of] p2a: Tyranitar\n|turn|1\n|\n|t:|1698800451\n|move|p1a: Annihilape|U-turn|p2a: Tyranitar\n|-supereffective|p2a: Tyranitar\n|-crit|p2a: Tyranitar\n|-damage|p2a: Tyranitar|62\/100\n|-enditem|p2a: Tyranitar|Red Card|[of] p1a: Annihilape\n|drag|p1a: Kingambit|Kingambit, F|100\/100\n|move|p2a: Tyranitar|Stealth Rock|p1a: Kingambit\n|-sidestart|p1: MemeMimicks|move: Stealth Rock\n|\n|-weather|Sandstorm|[upkeep]\n|upkeep\n|turn|2\n|\n|t:|1698800463\n|move|p2a: Tyranitar|Thunder Wave|p1a: Kingambit\n|-status|p1a: Kingambit|par\n|cant|p1a: Kingambit|par\n|\n|-weather|Sandstorm|[upkeep]\n|upkeep\n|turn|3\n|\n|t:|1698800477\n|move|p1a: Kingambit|Brick Break|p2a: Tyranitar\n|-supereffective|p2a: Tyranitar\n|-damage|p2a: Tyranitar|0 fnt\n|faint|p2a: Tyranitar\n|\n|-weather|Sandstorm|[upkeep]\n|upkeep\n|\n|t:|1698800484\n|switch|p2a: Donphan|Donphan, L1, M|100\/100\n|turn|4\n|\n|t:|1698800496\n|-end|p1a: Kingambit|fallenundefined|[silent]\n|switch|p1a: Glimmora|Glimmora, M|100\/100\n|-damage|p1a: Glimmora|88\/100|[from] Stealth Rock\n|move|p2a: Donphan|Endeavor|p1a: Glimmora\n|-damage|p1a: Glimmora|4\/100\n|-damage|p2a: Donphan|85\/100|[from] item: Rocky Helmet|[of] p1a: Glimmora\n|-activate|p1a: Glimmora|ability: Toxic Debris\n|-sidestart|p2: cludblaat|move: Toxic Spikes\n|-heal|p2a: Donphan|100\/100|[from] item: Shell Bell|[of] p1a: Glimmora\n|\n|-weather|Sandstorm|[upkeep]\n|upkeep\n|turn|5\n|inactive|Battle timer is ON: inactive players will automatically lose when time's up. (requested by cludblaat)\n|\n|t:|1698800511\n|switch|p2a: Glimmora|Glimmora, F|100\/100\n|-sideend|p2: cludblaat|move: Toxic Spikes|[of] p2a: Glimmora\n|move|p1a: Glimmora|Stealth Rock|p2a: Glimmora\n|-sidestart|p2: cludblaat|move: Stealth Rock\n|\n|-weather|none\n|upkeep\n|turn|6\n|\n|t:|1698800521\n|switch|p1a: Kingambit|Kingambit, F|100\/100 par\n|-damage|p1a: Kingambit|94\/100 par|[from] Stealth Rock\n|move|p2a: Glimmora|Mortal Spin|p1a: Kingambit\n|-immune|p1a: Kingambit\n|\n|upkeep\n|turn|7\n|inactive|cludblaat has 120 seconds left.\n|\n|t:|1698800552\n|switch|p2a: Donphan|Donphan, L1, M|100\/100\n|-damage|p2a: Donphan|93\/100|[from] Stealth Rock\n|move|p1a: Kingambit|Swords Dance|p1a: Kingambit\n|-boost|p1a: Kingambit|atk|2\n|\n|upkeep\n|turn|8\n|\n|t:|1698800560\n|move|p1a: Kingambit|Brick Break|p2a: Donphan\n|-damage|p2a: Donphan|0 fnt\n|faint|p2a: Donphan\n|\n|upkeep\n|\n|t:|1698800568\n|switch|p2a: Calyrex|Calyrex-Shadow|100\/100\n|-ability|p2a: Calyrex|As One\n|-ability|p2a: Calyrex|Unnerve\n|-damage|p2a: Calyrex|88\/100|[from] Stealth Rock\n|turn|9\n|\n|t:|1698800575\n|-terastallize|p2a: Calyrex|Normal\n|move|p1a: Kingambit|Sucker Punch|p2a: Calyrex\n|-damage|p2a: Calyrex|0 fnt\n|faint|p2a: Calyrex\n|\n|upkeep\n|-message|cludblaat forfeited.\n|\n|win|MemeMimicks\n|raw|MemeMimicks's rating: 1097 &rarr; <strong>1116<\/strong><br \/>(+19 for winning)\n|raw|cludblaat's rating: 1000 &rarr; <strong>1000<\/strong><br \/>(+0 for losing)\n|l|\u2606cludblaat\n","uploadtime":1698800588,"views":5,"p1id":"mememimicks","p2id":"cludblaat","formatid":"gen9anythinggoes","rating":1000,"private":0,"password":""}