{"id":"gen9anythinggoes-1989100313","p1":"islao","p2":"lucasb9650","format":"[Gen 9] Anything Goes","log":"|j|\u2606islao\n|j|\u2606lucasb9650\n|t:|1699812180\n|gametype|singles\n|player|p1|islao|winona|1247\n|player|p2|lucasb9650|lass-gen4dp|1198\n|teamsize|p1|6\n|teamsize|p2|6\n|gen|9\n|tier|[Gen 9] Anything Goes\n|rated|\n|rule|HP Percentage Mod: HP is shown in percentages\n|rule|Endless Battle Clause: Forcing endless battles is banned\n|clearpoke\n|poke|p1|Dragonite, M|\n|poke|p1|Arcanine-Hisui, F|\n|poke|p1|Walking Wake|\n|poke|p1|Ninetales, F|\n|poke|p1|Typhlosion, F|\n|poke|p1|Clefable, F|\n|poke|p2|Houndstone, F|\n|poke|p2|Blissey, F|\n|poke|p2|Garchomp, F|\n|poke|p2|Glimmora, M|\n|poke|p2|Maushold-Four|\n|poke|p2|Ninetales-Alola, M|\n|teampreview\n|\n|t:|1699812207\n|start\n|switch|p1a: Ninetales|Ninetales, F|100\/100\n|switch|p2a: Glimmora|Glimmora, M|100\/100\n|-weather|SunnyDay|[from] ability: Drought|[of] p1a: Ninetales\n|turn|1\n|\n|t:|1699812223\n|move|p1a: Ninetales|Encore||[still]\n|-fail|p1a: Ninetales\n|move|p2a: Glimmora|Spikes|p1a: Ninetales\n|-sidestart|p1: islao|Spikes\n|\n|-weather|SunnyDay|[upkeep]\n|upkeep\n|turn|2\n|\n|t:|1699812232\n|move|p1a: Ninetales|Memento|p2a: Glimmora\n|-unboost|p2a: Glimmora|atk|2\n|-unboost|p2a: Glimmora|spa|2\n|faint|p1a: Ninetales\n|move|p2a: Glimmora|Power Gem|p1: Ninetales|[notarget]\n|-fail|p2a: Glimmora\n|\n|-weather|SunnyDay|[upkeep]\n|upkeep\n|\n|t:|1699812241\n|switch|p1a: Walking Wake|Walking Wake|100\/100\n|-damage|p1a: Walking Wake|88\/100|[from] Spikes\n|-activate|p1a: Walking Wake|ability: Protosynthesis\n|-start|p1a: Walking Wake|protosynthesisspa\n|turn|3\n|\n|t:|1699812259\n|move|p1a: Walking Wake|Hydro Steam|p2a: Glimmora\n|-supereffective|p2a: Glimmora\n|-damage|p2a: Glimmora|0 fnt\n|faint|p2a: Glimmora\n|\n|-weather|SunnyDay|[upkeep]\n|upkeep\n|\n|t:|1699812267\n|switch|p2a: Maushold|Maushold-Four|100\/100\n|turn|4\n|\n|t:|1699812275\n|move|p1a: Walking Wake|Hydro Steam|p2a: Maushold\n|-damage|p2a: Maushold|0 fnt\n|faint|p2a: Maushold\n|\n|-weather|SunnyDay|[upkeep]\n|upkeep\n|\n|t:|1699812282\n|switch|p2a: Ninetales|Ninetales-Alola, M, shiny|100\/100\n|turn|5\n|\n|t:|1699812288\n|move|p1a: Walking Wake|Flamethrower|p2a: Ninetales\n|-supereffective|p2a: Ninetales\n|-damage|p2a: Ninetales|0 fnt\n|faint|p2a: Ninetales\n|\n|-weather|none\n|-end|p1a: Walking Wake|Protosynthesis\n|upkeep\n|\n|t:|1699812291\n|switch|p2a: Garchomp|Garchomp, F|100\/100\n|turn|6\n|\n|t:|1699812300\n|-terastallize|p1a: Walking Wake|Water\n|move|p1a: Walking Wake|Draco Meteor|p2a: Garchomp\n|-supereffective|p2a: Garchomp\n|-damage|p2a: Garchomp|0 fnt\n|-unboost|p1a: Walking Wake|spa|2\n|faint|p2a: Garchomp\n|\n|upkeep\n|\n|t:|1699812307\n|switch|p2a: Blissey|Blissey, F|100\/100\n|turn|7\n|\n|t:|1699812318\n|move|p1a: Walking Wake|Flamethrower|p2a: Blissey\n|-damage|p2a: Blissey|94\/100\n|move|p2a: Blissey|Calm Mind|p2a: Blissey\n|-boost|p2a: Blissey|spa|1\n|-boost|p2a: Blissey|spd|1\n|\n|upkeep\n|turn|8\n|\n|t:|1699812329\n|move|p1a: Walking Wake|Flamethrower|p2a: Blissey\n|-damage|p2a: Blissey|91\/100\n|move|p2a: Blissey|Calm Mind|p2a: Blissey\n|-boost|p2a: Blissey|spa|1\n|-boost|p2a: Blissey|spd|1\n|\n|upkeep\n|turn|9\n|\n|t:|1699812337\n|move|p1a: Walking Wake|Flamethrower|p2a: Blissey\n|-damage|p2a: Blissey|87\/100\n|move|p2a: Blissey|Calm Mind|p2a: Blissey\n|-boost|p2a: Blissey|spa|1\n|-boost|p2a: Blissey|spd|1\n|\n|upkeep\n|turn|10\n|\n|t:|1699812345\n|move|p1a: Walking Wake|Flamethrower|p2a: Blissey\n|-damage|p2a: Blissey|84\/100\n|move|p2a: Blissey|Calm Mind|p2a: Blissey\n|-boost|p2a: Blissey|spa|1\n|-boost|p2a: Blissey|spd|1\n|\n|upkeep\n|turn|11\n|\n|t:|1699812352\n|move|p1a: Walking Wake|Flamethrower|p2a: Blissey\n|-damage|p2a: Blissey|82\/100\n|-status|p2a: Blissey|brn\n|move|p2a: Blissey|Calm Mind|p2a: Blissey\n|-boost|p2a: Blissey|spa|1\n|-boost|p2a: Blissey|spd|1\n|\n|-damage|p2a: Blissey|76\/100 brn|[from] brn\n|upkeep\n|turn|12\n|\n|t:|1699812363\n|move|p1a: Walking Wake|Dragon Breath|p2a: Blissey\n|-damage|p2a: Blissey|74\/100 brn\n|move|p2a: Blissey|Calm Mind|p2a: Blissey\n|-boost|p2a: Blissey|spa|1\n|-boost|p2a: Blissey|spd|1\n|\n|-damage|p2a: Blissey|68\/100 brn|[from] brn\n|upkeep\n|turn|13\n|\n|t:|1699812371\n|move|p1a: Walking Wake|Draco Meteor|p2a: Blissey\n|-damage|p2a: Blissey|64\/100 brn\n|-unboost|p1a: Walking Wake|spa|2\n|move|p2a: Blissey|Soft-Boiled|p2a: Blissey\n|-heal|p2a: Blissey|100\/100 brn\n|\n|-damage|p2a: Blissey|94\/100 brn|[from] brn\n|upkeep\n|turn|14\n|inactive|Battle timer is ON: inactive players will automatically lose when time's up. (requested by lucasb9650)\n|\n|t:|1699812406\n|-end|p1a: Walking Wake|Protosynthesis|[silent]\n|switch|p1a: Drako|Dragonite, M|100\/100\n|move|p2a: Blissey|Defense Curl|p2a: Blissey\n|-boost|p2a: Blissey|def|1\n|\n|-damage|p2a: Blissey|88\/100 brn|[from] brn\n|upkeep\n|turn|15\n|\n|t:|1699812417\n|move|p1a: Drako|Dragon Claw|p2a: Blissey\n|-damage|p2a: Blissey|58\/100 brn\n|-damage|p1a: Drako|84\/100|[from] item: Rocky Helmet|[of] p2a: Blissey\n|move|p2a: Blissey|Defense Curl|p2a: Blissey\n|-boost|p2a: Blissey|def|1\n|\n|-damage|p2a: Blissey|52\/100 brn|[from] brn\n|upkeep\n|turn|16\n|\n|t:|1699812427\n|move|p1a: Drako|Dragon Claw|p2a: Blissey\n|-damage|p2a: Blissey|29\/100 brn\n|-damage|p1a: Drako|67\/100|[from] item: Rocky Helmet|[of] p2a: Blissey\n|move|p2a: Blissey|Defense Curl|p2a: Blissey\n|-boost|p2a: Blissey|def|1\n|\n|-damage|p2a: Blissey|23\/100 brn|[from] brn\n|upkeep\n|turn|17\n|\n|t:|1699812439\n|move|p1a: Drako|Dragon Claw|p2a: Blissey\n|-damage|p2a: Blissey|6\/100 brn\n|-damage|p1a: Drako|50\/100|[from] item: Rocky Helmet|[of] p2a: Blissey\n|move|p2a: Blissey|Soft-Boiled|p2a: Blissey\n|-heal|p2a: Blissey|56\/100 brn\n|\n|-damage|p2a: Blissey|50\/100 brn|[from] brn\n|upkeep\n|turn|18\n|\n|t:|1699812449\n|move|p1a: Drako|Dragon Claw|p2a: Blissey\n|-damage|p2a: Blissey|31\/100 brn\n|-damage|p1a: Drako|34\/100|[from] item: Rocky Helmet|[of] p2a: Blissey\n|move|p2a: Blissey|Soft-Boiled|p2a: Blissey\n|-heal|p2a: Blissey|81\/100 brn\n|\n|-damage|p2a: Blissey|75\/100 brn|[from] brn\n|upkeep\n|turn|19\n|\n|t:|1699812461\n|move|p1a: Drako|Dragon Claw|p2a: Blissey\n|-damage|p2a: Blissey|56\/100 brn\n|-damage|p1a: Drako|17\/100|[from] item: Rocky Helmet|[of] p2a: Blissey\n|-enditem|p1a: Drako|Aguav Berry|[eat]\n|-heal|p1a: Drako|50\/100|[from] item: Aguav Berry\n|move|p2a: Blissey|Soft-Boiled|p2a: Blissey\n|-heal|p2a: Blissey|100\/100 brn\n|\n|-damage|p2a: Blissey|94\/100 brn|[from] brn\n|upkeep\n|turn|20\n|\n|t:|1699812477\n|move|p1a: Drako|Extreme Speed|p2a: Blissey\n|-damage|p2a: Blissey|82\/100 brn\n|-damage|p1a: Drako|34\/100|[from] item: Rocky Helmet|[of] p2a: Blissey\n|move|p2a: Blissey|Defense Curl|p2a: Blissey\n|-boost|p2a: Blissey|def|1\n|\n|-damage|p2a: Blissey|76\/100 brn|[from] brn\n|upkeep\n|turn|21\n|\n|t:|1699812487\n|move|p1a: Drako|Protect|p1a: Drako\n|-singleturn|p1a: Drako|Protect\n|move|p2a: Blissey|Defense Curl|p2a: Blissey\n|-boost|p2a: Blissey|def|1\n|\n|-damage|p2a: Blissey|70\/100 brn|[from] brn\n|upkeep\n|turn|22\n|\n|t:|1699812497\n|move|p1a: Drako|Dragon Dance|p1a: Drako\n|-boost|p1a: Drako|atk|1\n|-boost|p1a: Drako|spe|1\n|move|p2a: Blissey|Defense Curl|p2a: Blissey\n|-boost|p2a: Blissey|def|1\n|\n|-damage|p2a: Blissey|63\/100 brn|[from] brn\n|upkeep\n|turn|23\n|\n|t:|1699812506\n|-terastallize|p2a: Blissey|Normal\n|move|p1a: Drako|Dragon Dance|p1a: Drako\n|-boost|p1a: Drako|atk|1\n|-boost|p1a: Drako|spe|1\n|move|p2a: Blissey|Tera Blast|p1a: Drako|[anim] Tera Blast Normal\n|-damage|p1a: Drako|0 fnt\n|faint|p1a: Drako\n|\n|-damage|p2a: Blissey|57\/100 brn|[from] brn\n|upkeep\n|\n|t:|1699812518\n|switch|p1a: Arcanine|Arcanine-Hisui, F|100\/100\n|-damage|p1a: Arcanine|88\/100|[from] Spikes\n|-ability|p1a: Arcanine|Intimidate|boost\n|-unboost|p2a: Blissey|atk|1\n|turn|24\n|\n|t:|1699812531\n|move|p1a: Arcanine|Rock Slide|p2a: Blissey\n|-damage|p2a: Blissey|49\/100 brn\n|cant|p2a: Blissey|flinch\n|\n|-damage|p2a: Blissey|43\/100 brn|[from] brn\n|upkeep\n|turn|25\n|\n|t:|1699812540\n|move|p1a: Arcanine|Rock Slide|p2a: Blissey\n|-damage|p2a: Blissey|35\/100 brn\n|move|p2a: Blissey|Soft-Boiled|p2a: Blissey\n|-heal|p2a: Blissey|85\/100 brn\n|\n|-damage|p2a: Blissey|78\/100 brn|[from] brn\n|upkeep\n|turn|26\n|\n|t:|1699812547\n|move|p1a: Arcanine|Rock Slide|p2a: Blissey|[miss]\n|-miss|p1a: Arcanine|p2a: Blissey\n|move|p2a: Blissey|Tera Blast|p1a: Arcanine|[anim] Tera Blast Normal\n|-resisted|p1a: Arcanine\n|-damage|p1a: Arcanine|0 fnt\n|faint|p1a: Arcanine\n|\n|-damage|p2a: Blissey|72\/100 brn|[from] brn\n|upkeep\n|\n|t:|1699812571\n|switch|p1a: Clefable|Clefable, F|100\/100\n|-damage|p1a: Clefable|88\/100|[from] Spikes\n|turn|27\n|\n|t:|1699812578\n|move|p1a: Clefable|Dazzling Gleam|p2a: Blissey\n|-damage|p2a: Blissey|58\/100 brn\n|move|p2a: Blissey|Tera Blast|p1a: Clefable|[anim] Tera Blast Normal\n|-damage|p1a: Clefable|62\/100\n|\n|-damage|p2a: Blissey|52\/100 brn|[from] brn\n|upkeep\n|turn|28\n|\n|t:|1699812593\n|move|p1a: Clefable|Blizzard|p2a: Blissey\n|-damage|p2a: Blissey|39\/100 brn\n|move|p2a: Blissey|Tera Blast|p1a: Clefable|[anim] Tera Blast Normal\n|-damage|p1a: Clefable|36\/100\n|\n|-damage|p2a: Blissey|33\/100 brn|[from] brn\n|upkeep\n|turn|29\n|\n|t:|1699812604\n|move|p1a: Clefable|Dazzling Gleam|p2a: Blissey\n|-damage|p2a: Blissey|19\/100 brn\n|move|p2a: Blissey|Soft-Boiled|p2a: Blissey\n|-heal|p2a: Blissey|69\/100 brn\n|\n|-damage|p2a: Blissey|63\/100 brn|[from] brn\n|upkeep\n|turn|30\n|\n|t:|1699812612\n|move|p1a: Clefable|Dazzling Gleam|p2a: Blissey\n|-damage|p2a: Blissey|50\/100 brn\n|move|p2a: Blissey|Tera Blast|p1a: Clefable|[anim] Tera Blast Normal\n|-damage|p1a: Clefable|11\/100\n|\n|-damage|p2a: Blissey|44\/100 brn|[from] brn\n|upkeep\n|turn|31\n|\n|t:|1699812621\n|move|p1a: Clefable|Dazzling Gleam|p2a: Blissey\n|-damage|p2a: Blissey|30\/100 brn\n|move|p2a: Blissey|Soft-Boiled|p2a: Blissey\n|-heal|p2a: Blissey|80\/100 brn\n|\n|-damage|p2a: Blissey|74\/100 brn|[from] brn\n|upkeep\n|turn|32\n|\n|t:|1699812629\n|move|p1a: Clefable|Dazzling Gleam|p2a: Blissey\n|-damage|p2a: Blissey|60\/100 brn\n|move|p2a: Blissey|Tera Blast|p1a: Clefable|[anim] Tera Blast Normal\n|-damage|p1a: Clefable|0 fnt\n|faint|p1a: Clefable\n|\n|-damage|p2a: Blissey|53\/100 brn|[from] brn\n|upkeep\n|\n|t:|1699812650\n|switch|p1a: Walking Wake|Walking Wake, tera:Water|88\/100\n|-damage|p1a: Walking Wake|76\/100|[from] Spikes\n|turn|33\n|\n|t:|1699812657\n|move|p1a: Walking Wake|Draco Meteor|p2a: Blissey\n|-damage|p2a: Blissey|46\/100 brn\n|-unboost|p1a: Walking Wake|spa|2\n|move|p2a: Blissey|Tera Blast|p1a: Walking Wake|[anim] Tera Blast Normal\n|-damage|p1a: Walking Wake|0 fnt\n|faint|p1a: Walking Wake\n|-end|p1a: Walking Wake|Protosynthesis|[silent]\n|\n|-damage|p2a: Blissey|40\/100 brn|[from] brn\n|upkeep\n|\n|t:|1699812666\n|switch|p1a: Typhlosion|Typhlosion, F|100\/100\n|-damage|p1a: Typhlosion|88\/100|[from] Spikes\n|turn|34\n|\n|t:|1699812691\n|move|p1a: Typhlosion|Extrasensory|p2a: Blissey\n|-damage|p2a: Blissey|37\/100 brn\n|move|p2a: Blissey|Soft-Boiled|p2a: Blissey\n|-heal|p2a: Blissey|87\/100 brn\n|\n|-damage|p2a: Blissey|81\/100 brn|[from] brn\n|upkeep\n|turn|35\n|\n|t:|1699812699\n|move|p1a: Typhlosion|Extrasensory|p2a: Blissey\n|-damage|p2a: Blissey|78\/100 brn\n|move|p2a: Blissey|Tera Blast|p1a: Typhlosion|[anim] Tera Blast Normal\n|-damage|p1a: Typhlosion|0 fnt\n|faint|p1a: Typhlosion\n|\n|win|lucasb9650\n|raw|islao's rating: 1247 &rarr; <strong>1218<\/strong><br \/>(-29 for losing)\n|raw|lucasb9650's rating: 1198 &rarr; <strong>1227<\/strong><br \/>(+29 for winning)\n","uploadtime":1699812710,"views":11,"p1id":"islao","p2id":"lucasb9650","formatid":"gen9anythinggoes","rating":1218,"private":0,"password":""}