{"id":"gen9anythinggoes-1999268700","p1":"Jaylek","p2":"Jxjpenguin","format":"[Gen 9] Anything Goes","log":"|j|\u2606Jaylek\n|j|\u2606Jxjpenguin\n|t:|1701052990\n|gametype|singles\n|player|p1|Jaylek|aaron|\n|player|p2|Jxjpenguin|169|\n|teamsize|p1|6\n|teamsize|p2|6\n|gen|9\n|tier|[Gen 9] Anything Goes\n|rule|HP Percentage Mod: HP is shown in percentages\n|rule|Endless Battle Clause: Forcing endless battles is banned\n|clearpoke\n|poke|p1|Iron Bundle|\n|poke|p1|Baxcalibur, M|\n|poke|p1|Clodsire, F|\n|poke|p1|Kingambit, M|\n|poke|p1|Dipplin, F|\n|poke|p1|Slowking-Galar, M|\n|poke|p2|Dragapult, M|\n|poke|p2|Samurott-Hisui, M|\n|poke|p2|Ogerpon-Hearthflame, F|\n|poke|p2|Gardevoir, F|\n|poke|p2|Mudsdale, F|\n|poke|p2|Tsareena, F|\n|teampreview\n|c|\u2606Jaylek|alright sick\n|c|\u2606Jaylek|forgot to specify the format\n|j| Lickilicky7\n|c|\u2606Jxjpenguin|UR FINE\n|c|\u2606Jxjpenguin|its okay\n|c|\u2606Jxjpenguin|*oops caps*\n|c|\u2606Jaylek|also idk why they sent anything goes to the unofficial metagames shadow realm lol\n|c|\u2606Jxjpenguin|its stupid\n|c|\u2606Jxjpenguin|like why do we need an entire sub category\n|c|\u2606Jaylek|agreed\n|c|\u2606Jxjpenguin|anyways gl\n|c|\u2606Jaylek|u2!\n|\n|t:|1701053122\n|start\n|switch|p1a: Kris Kringle|Iron Bundle|100\/100\n|switch|p2a: Samuel L. Jackson|Mudsdale, F, shiny|100\/100\n|turn|1\n|j| Ryno5311\n|j| dancingnightmare\n|\n|t:|1701053203\n|-terastallize|p2a: Samuel L. Jackson|Steel\n|move|p1a: Kris Kringle|Hydro Pump|p2a: Samuel L. Jackson\n|-damage|p2a: Samuel L. Jackson|51\/100\n|-ability|p2a: Samuel L. Jackson|Stamina|boost\n|-boost|p2a: Samuel L. Jackson|def|1\n|move|p2a: Samuel L. Jackson|Stealth Rock|p1a: Kris Kringle\n|-sidestart|p1: Jaylek|move: Stealth Rock\n|\n|-heal|p2a: Samuel L. Jackson|57\/100|[from] item: Leftovers\n|upkeep\n|turn|2\n|\n|t:|1701053217\n|move|p1a: Kris Kringle|Flip Turn|p2a: Samuel L. Jackson\n|-damage|p2a: Samuel L. Jackson|48\/100\n|-ability|p2a: Samuel L. Jackson|Stamina|boost\n|-boost|p2a: Samuel L. Jackson|def|1\n|\n|t:|1701053252\n|-end|p1a: Kris Kringle|Quark Drive|[silent]\n|switch|p1a: Dripplin|Dipplin, F|100\/100|[from] Flip Turn\n|-damage|p1a: Dripplin|88\/100|[from] Stealth Rock\n|move|p2a: Samuel L. Jackson|Body Press|p1a: Dripplin\n|-damage|p1a: Dripplin|72\/100\n|\n|-heal|p2a: Samuel L. Jackson|54\/100|[from] item: Leftovers\n|upkeep\n|turn|3\n|\n|t:|1701053368\n|move|p1a: Dripplin|Giga Drain|p2a: Samuel L. Jackson\n|-resisted|p2a: Samuel L. Jackson\n|-damage|p2a: Samuel L. Jackson|42\/100\n|-heal|p1a: Dripplin|79\/100|[from] drain|[of] p2a: Samuel L. Jackson\n|-ability|p2a: Samuel L. Jackson|Stamina|boost\n|-boost|p2a: Samuel L. Jackson|def|1\n|move|p2a: Samuel L. Jackson|Earthquake|p1a: Dripplin\n|-resisted|p1a: Dripplin\n|-damage|p1a: Dripplin|68\/100\n|\n|-heal|p2a: Samuel L. Jackson|48\/100|[from] item: Leftovers\n|upkeep\n|turn|4\n|\n|t:|1701053392\n|move|p1a: Dripplin|Dragon Pulse|p2a: Samuel L. Jackson\n|-resisted|p2a: Samuel L. Jackson\n|-damage|p2a: Samuel L. Jackson|34\/100\n|-ability|p2a: Samuel L. Jackson|Stamina|boost\n|-boost|p2a: Samuel L. Jackson|def|1\n|move|p2a: Samuel L. Jackson|Iron Head|p1a: Dripplin\n|-damage|p1a: Dripplin|49\/100\n|\n|-heal|p2a: Samuel L. Jackson|41\/100|[from] item: Leftovers\n|upkeep\n|turn|5\n|\n|t:|1701053408\n|switch|p2a: Totally Not Sus|Gardevoir, F, shiny|100\/100\n|-ability|p2a: Totally Not Sus|Sticky Hold|[from] ability: Trace|[of] p1a: Dripplin\n|move|p1a: Dripplin|Recover|p1a: Dripplin\n|-heal|p1a: Dripplin|99\/100\n|\n|upkeep\n|turn|6\n|\n|t:|1701053415\n|switch|p1a: Imperator|Slowking-Galar, M|100\/100\n|-damage|p1a: Imperator|88\/100|[from] Stealth Rock\n|move|p2a: Totally Not Sus|Moonblast|p1a: Imperator\n|-resisted|p1a: Imperator\n|-damage|p1a: Imperator|74\/100\n|\n|upkeep\n|turn|7\n|\n|t:|1701053451\n|move|p2a: Totally Not Sus|Shadow Ball|p1a: Imperator\n|-supereffective|p1a: Imperator\n|-damage|p1a: Imperator|40\/100\n|move|p1a: Imperator|Chilly Reception|p1a: Imperator\n|-weather|Snow\n|\n|t:|1701053476\n|switch|p1a: Kaiju|Baxcalibur, M|100\/100|[from] Chilly Reception\n|\n|-weather|Snow|[upkeep]\n|upkeep\n|turn|8\n|c|\u2606Jaylek|test\n|c| Ryno5311|quiz\n|c|\u2606Jxjpenguin|hey\n|c| Lickilicky7|exam\n|c|\u2606Jaylek|exam :(\n|c| dancingnightmare|pop test\n|c|\u2606Jxjpenguin|pop quiz*\n|c| dancingnightmare|no pop test\n|c|\u2606Jaylek|pop midterm\n|c| Lickilicky7|an arbitrary set of criteria used to determine our learning knowledge\n|c| Ryno5311|who is the idiot\n|\n|t:|1701053806\n|switch|p2a: ControversalFigure|Ogerpon-Hearthflame, F|100\/100\n|-ability|p2a: ControversalFigure|Mold Breaker\n|move|p1a: Kaiju|Dragon Dance|p1a: Kaiju\n|-boost|p1a: Kaiju|atk|1\n|-boost|p1a: Kaiju|spe|1\n|\n|-weather|Snow|[upkeep]\n|upkeep\n|turn|9\n|\n|t:|1701053814\n|move|p1a: Kaiju|Glaive Rush|p2a: ControversalFigure\n|-damage|p2a: ControversalFigure|0 fnt\n|-singlemove|p1a: Kaiju|Glaive Rush|[silent]\n|faint|p2a: ControversalFigure\n|\n|-weather|Snow|[upkeep]\n|upkeep\n|j| FLOOR IT\n|\n|t:|1701053831\n|switch|p2a: Samuel L. Jackson|Mudsdale, F, shiny, tera:Steel|41\/100\n|turn|10\n|l| dancingnightmare\n|c| FLOOR IT|you guys good?\n|c|\u2606Jxjpenguin|yes\n|\n|t:|1701054072\n|switch|p2a: Totally Not Sus|Gardevoir, F, shiny|100\/100\n|-ability|p2a: Totally Not Sus|Thermal Exchange|[from] ability: Trace|[of] p1a: Kaiju\n|move|p1a: Kaiju|Dragon Dance|p1a: Kaiju\n|-boost|p1a: Kaiju|atk|1\n|-boost|p1a: Kaiju|spe|1\n|\n|-weather|Snow|[upkeep]\n|upkeep\n|turn|11\n|j| dancingnightmare\n|\n|t:|1701054086\n|move|p1a: Kaiju|Icicle Crash|p2a: Totally Not Sus\n|-damage|p2a: Totally Not Sus|0 fnt\n|faint|p2a: Totally Not Sus\n|\n|-weather|none\n|upkeep\n|\n|t:|1701054102\n|switch|p2a: Samuel L. Jackson|Mudsdale, F, shiny, tera:Steel|41\/100\n|turn|12\n|\n|t:|1701054115\n|move|p1a: Kaiju|Crunch|p2a: Samuel L. Jackson\n|-damage|p2a: Samuel L. Jackson|0 fnt\n|faint|p2a: Samuel L. Jackson\n|\n|upkeep\n|\n|t:|1701054127\n|switch|p2a: Getting Milk|Dragapult, M, shiny|100\/100\n|turn|13\n|j| Craisans\n|j| LJimbozo\n|j| TheJoeyGuy\n|\n|t:|1701054231\n|move|p2a: Getting Milk|Sucker Punch|p1a: Kaiju\n|-damage|p1a: Kaiju|68\/100\n|move|p1a: Kaiju|Crunch|p2a: Getting Milk\n|-supereffective|p2a: Getting Milk\n|-damage|p2a: Getting Milk|0 fnt\n|faint|p2a: Getting Milk\n|\n|upkeep\n|\n|t:|1701054238\n|switch|p2a: YASSS QUEEEEN!!|Tsareena, F|100\/100\n|turn|14\n|\n|t:|1701054268\n|move|p1a: Kaiju|Icicle Crash|p2a: YASSS QUEEEEN!!|[miss]\n|-miss|p1a: Kaiju|p2a: YASSS QUEEEEN!!\n|move|p2a: YASSS QUEEEEN!!|Low Kick|p1a: Kaiju\n|-supereffective|p1a: Kaiju\n|-damage|p1a: Kaiju|0 fnt\n|faint|p1a: Kaiju\n|\n|upkeep\n|c| TheJoeyGuy|rip 6-0\n|c|\u2606Jxjpenguin|unlucky\n|\n|t:|1701054298\n|switch|p1a: Dripplin|Dipplin, F|99\/100\n|-damage|p1a: Dripplin|86\/100|[from] Stealth Rock\n|turn|15\n|\n|t:|1701054345\n|move|p2a: YASSS QUEEEEN!!|Knock Off|p1a: Dripplin\n|-damage|p1a: Dripplin|71\/100\n|-activate|p1a: Dripplin|ability: Sticky Hold\n|move|p1a: Dripplin|Dragon Pulse|p2a: YASSS QUEEEEN!!\n|-damage|p2a: YASSS QUEEEEN!!|70\/100\n|\n|upkeep\n|turn|16\n|\n|t:|1701054366\n|move|p2a: YASSS QUEEEEN!!|Low Kick|p1a: Dripplin\n|-damage|p1a: Dripplin|68\/100\n|move|p1a: Dripplin|Dragon Pulse|p2a: YASSS QUEEEEN!!\n|-damage|p2a: YASSS QUEEEEN!!|41\/100\n|\n|upkeep\n|turn|17\n|\n|t:|1701054389\n|move|p2a: YASSS QUEEEEN!!|Rapid Spin|p1a: Dripplin\n|-damage|p1a: Dripplin|60\/100\n|-boost|p2a: YASSS QUEEEEN!!|spe|1\n|move|p1a: Dripplin|Dragon Pulse|p2a: YASSS QUEEEEN!!\n|-damage|p2a: YASSS QUEEEEN!!|15\/100\n|\n|upkeep\n|turn|18\n|\n|t:|1701054408\n|move|p2a: YASSS QUEEEEN!!|Seed Bomb|p1a: Dripplin\n|-resisted|p1a: Dripplin\n|-damage|p1a: Dripplin|55\/100\n|move|p1a: Dripplin|Recover|p1a: Dripplin\n|-heal|p1a: Dripplin|100\/100\n|\n|upkeep\n|turn|19\n|\n|t:|1701054423\n|move|p2a: YASSS QUEEEEN!!|Rapid Spin|p1a: Dripplin\n|-crit|p1a: Dripplin\n|-damage|p1a: Dripplin|89\/100\n|-boost|p2a: YASSS QUEEEEN!!|spe|1\n|move|p1a: Dripplin|Dragon Pulse|p2a: YASSS QUEEEEN!!\n|-damage|p2a: YASSS QUEEEEN!!|0 fnt\n|faint|p2a: YASSS QUEEEEN!!\n|\n|upkeep\n|\n|t:|1701054430\n|switch|p2a: Seal Goodman|Samurott-Hisui, M, shiny|100\/100\n|turn|20\n|\n|t:|1701054456\n|move|p2a: Seal Goodman|Ceaseless Edge|p1a: Dripplin\n|-damage|p1a: Dripplin|71\/100\n|-sidestart|p1: Jaylek|Spikes\n|move|p1a: Dripplin|Giga Drain|p2a: Seal Goodman\n|-supereffective|p2a: Seal Goodman\n|-damage|p2a: Seal Goodman|27\/100\n|-heal|p1a: Dripplin|100\/100|[from] drain|[of] p2a: Seal Goodman\n|\n|upkeep\n|turn|21\n|l| Ryno5311\n|\n|t:|1701054479\n|move|p2a: Seal Goodman|Sucker Punch|p1a: Dripplin\n|-damage|p1a: Dripplin|87\/100\n|move|p1a: Dripplin|Giga Drain|p2a: Seal Goodman\n|-supereffective|p2a: Seal Goodman\n|-damage|p2a: Seal Goodman|0 fnt\n|-heal|p1a: Dripplin|99\/100|[from] drain|[of] p2a: Seal Goodman\n|faint|p2a: Seal Goodman\n|\n|win|Jaylek\n|c|\u2606Jaylek|gg\n|l| FLOOR IT\n","uploadtime":1701054491,"views":8,"p1id":"jaylek","p2id":"jxjpenguin","formatid":"gen9anythinggoes","rating":0,"private":0,"password":""}