{"id":"gen9anythinggoes-1983080414","p1":"Cooperthefurry","p2":"njrenj","format":"[Gen 9] Anything Goes","log":"|j|\u2606Cooperthefurry\n|j|\u2606njrenj\n|t:|1699081484\n|gametype|singles\n|player|p1|Cooperthefurry|101|1172\n|player|p2|njrenj|cynthia|1375\n|teamsize|p1|6\n|teamsize|p2|6\n|gen|9\n|tier|[Gen 9] Anything Goes\n|rated|\n|rule|HP Percentage Mod: HP is shown in percentages\n|rule|Endless Battle Clause: Forcing endless battles is banned\n|clearpoke\n|poke|p1|Arceus|\n|poke|p1|Basculegion, M|\n|poke|p1|Vivillon-Fancy, F|\n|poke|p1|Zoroark, M|\n|poke|p1|Gothitelle, F|\n|poke|p1|Glimmora, M|\n|poke|p2|Calyrex-Shadow|\n|poke|p2|Maushold-Four|\n|poke|p2|Arceus|\n|poke|p2|Espathra, F|\n|poke|p2|Miraidon|\n|poke|p2|Iron Bundle|\n|teampreview\n|inactive|Battle timer is ON: inactive players will automatically lose when time's up. (requested by njrenj)\n|\n|t:|1699081509\n|start\n|switch|p1a: Pikachew|Glimmora, M|100\/100\n|switch|p2a: Maushold|Maushold-Four|100\/100\n|turn|1\n|\n|t:|1699081518\n|move|p2a: Maushold|Population Bomb|p1a: Pikachew\n|-damage|p1a: Pikachew|83\/100\n|replace|p1a: sus|Zoroark, M\n|-end|p1a: sus|Illusion\n|-damage|p1a: sus|63\/100\n|-damage|p1a: sus|45\/100\n|-damage|p1a: sus|27\/100\n|-damage|p1a: sus|10\/100\n|-damage|p1a: sus|0 fnt\n|faint|p1a: sus\n|-hitcount|p1: sus|6\n|\n|upkeep\n|c|\u2606njrenj|i knew it..\n|\n|t:|1699081532\n|switch|p1a: Pikachew|Glimmora, M|100\/100\n|turn|2\n|\n|t:|1699081538\n|move|p2a: Maushold|Low Kick|p1a: Pikachew\n|-damage|p1a: Pikachew|78\/100\n|-activate|p1a: Pikachew|ability: Toxic Debris\n|-sidestart|p2: njrenj|move: Toxic Spikes\n|move|p1a: Pikachew|Confuse Ray|p2a: Maushold\n|-start|p2a: Maushold|confusion\n|\n|upkeep\n|turn|3\n|\n|t:|1699081549\n|-activate|p2a: Maushold|confusion\n|-damage|p2a: Maushold|85\/100|[from] confusion\n|move|p1a: Pikachew|Stealth Rock|p2a: Maushold\n|-sidestart|p2: njrenj|move: Stealth Rock\n|\n|upkeep\n|turn|4\n|c|\u2606Cooperthefurry|it was kinda sus\n|\n|t:|1699081558\n|-end|p2a: Maushold|confusion\n|move|p2a: Maushold|Tidy Up|p2a: Maushold\n|-sideend|p2: njrenj|Toxic Spikes\n|-sideend|p2: njrenj|Stealth Rock\n|-activate|p2a: Maushold|move: Tidy Up\n|-boost|p2a: Maushold|atk|1\n|-boost|p2a: Maushold|spe|1\n|move|p1a: Pikachew|Spikes|p2a: Maushold\n|-sidestart|p2: njrenj|Spikes\n|\n|upkeep\n|turn|5\n|\n|t:|1699081568\n|-terastallize|p2a: Maushold|Normal\n|move|p2a: Maushold|Population Bomb|p1a: Pikachew\n|-resisted|p1a: Pikachew\n|-damage|p1a: Pikachew|68\/100\n|-activate|p1a: Pikachew|ability: Toxic Debris\n|-sidestart|p2: njrenj|move: Toxic Spikes\n|-resisted|p1a: Pikachew\n|-damage|p1a: Pikachew|56\/100\n|-activate|p1a: Pikachew|ability: Toxic Debris\n|-sidestart|p2: njrenj|move: Toxic Spikes\n|-resisted|p1a: Pikachew\n|-damage|p1a: Pikachew|46\/100\n|-resisted|p1a: Pikachew\n|-damage|p1a: Pikachew|35\/100\n|-resisted|p1a: Pikachew\n|-damage|p1a: Pikachew|23\/100\n|-resisted|p1a: Pikachew\n|-damage|p1a: Pikachew|13\/100\n|-resisted|p1a: Pikachew\n|-damage|p1a: Pikachew|3\/100\n|-resisted|p1a: Pikachew\n|-damage|p1a: Pikachew|0 fnt\n|faint|p1a: Pikachew\n|-hitcount|p1: Pikachew|8\n|\n|upkeep\n|c|\u2606njrenj|ill tidy that up later..\n|\n|t:|1699081595\n|switch|p1a: Gus fring|Vivillon-Fancy, F, shiny|100\/100\n|turn|6\n|\n|t:|1699081610\n|move|p2a: Maushold|Population Bomb|p1a: Gus fring\n|-damage|p1a: Gus fring|67\/100\n|-damage|p1a: Gus fring|31\/100\n|-damage|p1a: Gus fring|0 fnt\n|faint|p1a: Gus fring\n|-hitcount|p1: Gus fring|3\n|\n|upkeep\n|c|\u2606Cooperthefurry|oops\n|\n|t:|1699081621\n|switch|p1a: shiny|Arceus, shiny|100\/100\n|turn|7\n|\n|t:|1699081635\n|move|p2a: Maushold|Population Bomb|p1a: shiny\n|-damage|p1a: shiny|85\/100\n|-damage|p1a: shiny|70\/100\n|-damage|p1a: shiny|55\/100\n|-damage|p1a: shiny|41\/100\n|-damage|p1a: shiny|25\/100\n|-crit|p1a: shiny\n|-damage|p1a: shiny|3\/100\n|-damage|p1a: shiny|0 fnt\n|faint|p1a: shiny\n|-hitcount|p1: shiny|7\n|\n|upkeep\n|c|\u2606Cooperthefurry|so fast\n|\n|t:|1699081648\n|switch|p1a: emo|Gothitelle, F, shiny|100\/100\n|turn|8\n|\n|t:|1699081656\n|move|p1a: emo|Fake Out|p2a: Maushold\n|-damage|p2a: Maushold|77\/100\n|cant|p2a: Maushold|flinch\n|\n|upkeep\n|turn|9\n|\n|t:|1699081662\n|move|p2a: Maushold|Population Bomb|p1a: emo\n|-damage|p1a: emo|73\/100\n|-damage|p1a: emo|50\/100\n|-damage|p1a: emo|26\/100\n|-damage|p1a: emo|1\/100\n|-damage|p1a: emo|0 fnt\n|faint|p1a: emo\n|-hitcount|p1: emo|5\n|\n|upkeep\n|c|\u2606Cooperthefurry|do i just\n|c|\u2606Cooperthefurry|lose\n|\n|t:|1699081676\n|switch|p1a: walter white|Basculegion, M, shiny|100\/100\n|turn|10\n|c|\u2606njrenj|to 4 mice? exactly\n|\n|t:|1699081697\n|move|p2a: Maushold|Bite|p1a: walter white\n|-supereffective|p1a: walter white\n|-damage|p1a: walter white|18\/100\n|cant|p1a: walter white|flinch\n|\n|upkeep\n|turn|11\n|c|\u2606Cooperthefurry|bro\n|c|\u2606njrenj|its 30% bro\n|c|\u2606njrenj|chill\n|c|\u2606njrenj|!dt bite\n|raw|<ul class=\"utilichart\"><li class=\"result\"><span class=\"col movenamecol\"><a href=\"https:\/\/dex.pokemonshowdown.com\/moves\/bite\">Bite<\/a><\/span> <span class=\"col typecol\"><img src=\"\/\/play.pokemonshowdown.com\/sprites\/types\/Dark.png\" alt=\"Dark\" width=\"32\" height=\"14\"><img src=\"\/\/play.pokemonshowdown.com\/sprites\/categories\/Physical.png\" alt=\"Physical\" width=\"32\" height=\"14\"><\/span> <span class=\"col labelcol\"><em>Power<\/em><br>60<\/span> <span class=\"col widelabelcol\"><em>Accuracy<\/em><br>100%<\/span> <span class=\"col pplabelcol\"><em>PP<\/em><br>40<\/span> <span class=\"col movedesccol\">30% chance to make the target flinch.<\/span> <\/li><li style=\"clear:both\"><\/li><\/ul>\n|raw|<font size=\"1\"><font color=\"#686868\">Priority:<\/font> 0&nbsp;|&ThickSpace;<font color=\"#686868\">Gen:<\/font> 1&nbsp;|&ThickSpace;&#10003; Boosted by Sheer Force&nbsp;|&ThickSpace;&#10003; Contact&nbsp;|&ThickSpace;&#10003; Bite&nbsp;|&ThickSpace;<font color=\"#686868\">Z-Power:<\/font> 120&nbsp;|&ThickSpace;<font color=\"#686868\">Dynamax Power:<\/font> 110&nbsp;|&ThickSpace;<font color=\"#686868\">Target:<\/font> One Adjacent Pok\u00e9mon<\/font>\n\n|c|\u2606Cooperthefurry|ya i see that\n|inactive|Cooperthefurry has 120 seconds left.\n|\n|t:|1699081728\n|move|p2a: Maushold|Bite|p1a: walter white\n|-supereffective|p1a: walter white\n|-damage|p1a: walter white|0 fnt\n|faint|p1a: walter white\n|\n|win|njrenj\n|raw|Cooperthefurry's rating: 1172 &rarr; <strong>1160<\/strong><br \/>(-12 for losing)\n|raw|njrenj's rating: 1375 &rarr; <strong>1384<\/strong><br \/>(+9 for winning)\n|c|\u2606njrenj|ggs\n|c|\u2606Cooperthefurry|gg\n","uploadtime":1699081743,"views":14,"p1id":"cooperthefurry","p2id":"njrenj","formatid":"gen9anythinggoes","rating":1160,"private":0,"password":""}