{"id":"gen9anythinggoes-1996263707","p1":"Untar la Manteca","p2":"Rogu-chan","format":"[Gen 9] Anything Goes","log":"|j|\u2606Untar la Manteca\n|j|\u2606Rogu-chan\n|t:|1700665351\n|gametype|singles\n|player|p1|Untar la Manteca|serena-masters2|1301\n|player|p2|Rogu-chan|turo-ai|1353\n|teamsize|p1|6\n|teamsize|p2|6\n|gen|9\n|tier|[Gen 9] Anything Goes\n|rated|\n|rule|HP Percentage Mod: HP is shown in percentages\n|rule|Endless Battle Clause: Forcing endless battles is banned\n|clearpoke\n|poke|p1|Zacian-*|\n|poke|p1|Zacian-*|\n|poke|p1|Zacian-*|\n|poke|p1|Zacian-*|\n|poke|p1|Zacian-*|\n|poke|p1|Zacian-*|\n|poke|p2|Torkoal, F|\n|poke|p2|Ninetales-Alola, F|\n|poke|p2|Ogerpon-Hearthflame, F|\n|poke|p2|Walking Wake|\n|poke|p2|Ursaluna-Bloodmoon, M|\n|poke|p2|Diancie|\n|teampreview\n|inactive|Battle timer is ON: inactive players will automatically lose when time's up. (requested by Untar la Manteca)\n|\n|t:|1700665360\n|start\n|switch|p1a: Zacian 1|Zacian-Crowned|100\/100\n|switch|p2a: SNOWGRAVE|Ninetales-Alola, F|100\/100\n|-ability|p1a: Zacian 1|Intrepid Sword|boost\n|-boost|p1a: Zacian 1|atk|1\n|-weather|Snow|[from] ability: Snow Warning|[of] p2a: SNOWGRAVE\n|turn|1\n|\n|t:|1700665370\n|switch|p2a: DAYBREAKER|Torkoal, F|100\/100\n|-weather|SunnyDay|[from] ability: Drought|[of] p2a: DAYBREAKER\n|move|p1a: Zacian 1|Behemoth Blade|p2a: DAYBREAKER\n|-resisted|p2a: DAYBREAKER\n|-damage|p2a: DAYBREAKER|76\/100\n|\n|-weather|SunnyDay|[upkeep]\n|upkeep\n|turn|2\n|\n|t:|1700665382\n|move|p1a: Zacian 1|Behemoth Blade|p2a: DAYBREAKER\n|-resisted|p2a: DAYBREAKER\n|-damage|p2a: DAYBREAKER|53\/100\n|move|p2a: DAYBREAKER|Lava Plume|p1a: Zacian 1\n|-supereffective|p1a: Zacian 1\n|-damage|p1a: Zacian 1|30\/100\n|-status|p1a: Zacian 1|brn\n|\n|-weather|SunnyDay|[upkeep]\n|-damage|p1a: Zacian 1|24\/100 brn|[from] brn\n|upkeep\n|turn|3\n|j| arnavtt\\\n|\n|t:|1700665392\n|switch|p2a: ANARCHY|Walking Wake|100\/100\n|-activate|p2a: ANARCHY|ability: Protosynthesis\n|-start|p2a: ANARCHY|protosynthesisspa\n|move|p1a: Zacian 1|Play Rough|p2a: ANARCHY\n|-supereffective|p2a: ANARCHY\n|-damage|p2a: ANARCHY|16\/100\n|\n|-weather|SunnyDay|[upkeep]\n|-damage|p1a: Zacian 1|18\/100 brn|[from] brn\n|upkeep\n|turn|4\n|\n|t:|1700665402\n|move|p1a: Zacian 1|Play Rough|p2a: ANARCHY\n|-supereffective|p2a: ANARCHY\n|-damage|p2a: ANARCHY|0 fnt\n|faint|p2a: ANARCHY\n|-end|p2a: ANARCHY|Protosynthesis|[silent]\n|\n|-weather|SunnyDay|[upkeep]\n|-damage|p1a: Zacian 1|12\/100 brn|[from] brn\n|upkeep\n|\n|t:|1700665404\n|switch|p2a: PRINCESS|Diancie|100\/100\n|turn|5\n|l| arnavtt\\\n|\n|t:|1700665418\n|-terastallize|p2a: PRINCESS|Fighting\n|move|p1a: Zacian 1|Behemoth Blade|p2a: PRINCESS\n|-damage|p2a: PRINCESS|69\/100\n|move|p2a: PRINCESS|Iron Defense|p2a: PRINCESS\n|-boost|p2a: PRINCESS|def|2\n|\n|-weather|SunnyDay|[upkeep]\n|-heal|p2a: PRINCESS|75\/100|[from] item: Leftovers\n|-damage|p1a: Zacian 1|6\/100 brn|[from] brn\n|upkeep\n|turn|6\n|\n|t:|1700665428\n|move|p1a: Zacian 1|Play Rough|p2a: PRINCESS\n|-supereffective|p2a: PRINCESS\n|-damage|p2a: PRINCESS|44\/100\n|move|p2a: PRINCESS|Iron Defense|p2a: PRINCESS\n|-boost|p2a: PRINCESS|def|2\n|\n|-weather|SunnyDay|[upkeep]\n|-heal|p2a: PRINCESS|50\/100|[from] item: Leftovers\n|-damage|p1a: Zacian 1|0 fnt|[from] brn\n|faint|p1a: Zacian 1\n|upkeep\n|\n|t:|1700665437\n|switch|p1a: Zacian 2|Zacian-Crowned|100\/100\n|-ability|p1a: Zacian 2|Intrepid Sword|boost\n|-boost|p1a: Zacian 2|atk|1\n|turn|7\n|\n|t:|1700665444\n|move|p1a: Zacian 2|Play Rough|p2a: PRINCESS\n|-supereffective|p2a: PRINCESS\n|-damage|p2a: PRINCESS|12\/100\n|move|p2a: PRINCESS|Body Press|p1a: Zacian 2\n|-damage|p1a: Zacian 2|0 fnt\n|faint|p1a: Zacian 2\n|\n|-weather|SunnyDay|[upkeep]\n|-heal|p2a: PRINCESS|18\/100|[from] item: Leftovers\n|upkeep\n|\n|t:|1700665453\n|switch|p1a: Zacian 3|Zacian-Crowned|100\/100\n|-ability|p1a: Zacian 3|Intrepid Sword|boost\n|-boost|p1a: Zacian 3|atk|1\n|turn|8\n|\n|t:|1700665457\n|move|p1a: Zacian 3|Play Rough|p2a: PRINCESS\n|-supereffective|p2a: PRINCESS\n|-damage|p2a: PRINCESS|0 fnt\n|faint|p2a: PRINCESS\n|\n|-weather|none\n|upkeep\n|c|\u2606Untar la Manteca|gg\n|\n|t:|1700665468\n|switch|p2a: DAYBREAKER|Torkoal, F|53\/100\n|-weather|SunnyDay|[from] ability: Drought|[of] p2a: DAYBREAKER\n|turn|9\n|\n|t:|1700665484\n|move|p1a: Zacian 3|Play Rough|p2a: DAYBREAKER\n|-resisted|p2a: DAYBREAKER\n|-damage|p2a: DAYBREAKER|32\/100\n|move|p2a: DAYBREAKER|Yawn|p1a: Zacian 3\n|-start|p1a: Zacian 3|move: Yawn|[of] p2a: DAYBREAKER\n|\n|-weather|SunnyDay|[upkeep]\n|upkeep\n|turn|10\n|\n|t:|1700665501\n|move|p1a: Zacian 3|Behemoth Blade|p2a: DAYBREAKER\n|-resisted|p2a: DAYBREAKER\n|-damage|p2a: DAYBREAKER|10\/100\n|move|p2a: DAYBREAKER|Lava Plume|p1a: Zacian 3\n|-supereffective|p1a: Zacian 3\n|-damage|p1a: Zacian 3|38\/100\n|\n|-weather|SunnyDay|[upkeep]\n|-end|p1a: Zacian 3|move: Yawn|[silent]\n|-status|p1a: Zacian 3|slp\n|upkeep\n|turn|11\n|\n|t:|1700665511\n|switch|p1a: Zacian 4|Zacian-Crowned|100\/100\n|-ability|p1a: Zacian 4|Intrepid Sword|boost\n|-boost|p1a: Zacian 4|atk|1\n|switch|p2a: SNOWGRAVE|Ninetales-Alola, F|100\/100\n|-weather|Snow|[from] ability: Snow Warning|[of] p2a: SNOWGRAVE\n|\n|-weather|Snow|[upkeep]\n|upkeep\n|turn|12\n|\n|t:|1700665521\n|switch|p2a: DAYBREAKER|Torkoal, F|10\/100\n|-weather|SunnyDay|[from] ability: Drought|[of] p2a: DAYBREAKER\n|move|p1a: Zacian 4|Behemoth Blade|p2a: DAYBREAKER\n|-resisted|p2a: DAYBREAKER\n|-damage|p2a: DAYBREAKER|0 fnt\n|faint|p2a: DAYBREAKER\n|\n|-weather|SunnyDay|[upkeep]\n|upkeep\n|\n|t:|1700665524\n|switch|p2a: MASKED ONE|Ogerpon-Hearthflame, F|100\/100\n|-ability|p2a: MASKED ONE|Mold Breaker\n|turn|13\n|\n|t:|1700665537\n|move|p1a: Zacian 4|Behemoth Blade|p2a: MASKED ONE\n|-resisted|p2a: MASKED ONE\n|-damage|p2a: MASKED ONE|45\/100\n|move|p2a: MASKED ONE|Trailblaze|p1a: Zacian 4\n|-resisted|p1a: Zacian 4\n|-damage|p1a: Zacian 4|88\/100\n|-boost|p2a: MASKED ONE|spe|1\n|\n|-weather|SunnyDay|[upkeep]\n|upkeep\n|turn|14\n|\n|t:|1700665545\n|move|p2a: MASKED ONE|Ivy Cudgel|p1a: Zacian 4|[anim] Ivy Cudgel Fire\n|-supereffective|p1a: Zacian 4\n|-damage|p1a: Zacian 4|0 fnt\n|faint|p1a: Zacian 4\n|\n|-weather|SunnyDay|[upkeep]\n|upkeep\n|\n|t:|1700665554\n|switch|p1a: Zacian 3|Zacian-Crowned|38\/100 slp\n|turn|15\n|\n|t:|1700665564\n|move|p2a: MASKED ONE|Ivy Cudgel|p1a: Zacian 3|[anim] Ivy Cudgel Fire\n|-supereffective|p1a: Zacian 3\n|-crit|p1a: Zacian 3\n|-damage|p1a: Zacian 3|0 fnt\n|faint|p1a: Zacian 3\n|\n|-weather|SunnyDay|[upkeep]\n|upkeep\n|c|\u2606Rogu-chan|u right\n|c|\u2606Rogu-chan|gg\n|\n|t:|1700665569\n|switch|p1a: Zacian 5|Zacian-Crowned|100\/100\n|-ability|p1a: Zacian 5|Intrepid Sword|boost\n|-boost|p1a: Zacian 5|atk|1\n|turn|16\n|\n|t:|1700665573\n|move|p2a: MASKED ONE|Ivy Cudgel|p1a: Zacian 5|[anim] Ivy Cudgel Fire\n|-supereffective|p1a: Zacian 5\n|-damage|p1a: Zacian 5|0 fnt\n|faint|p1a: Zacian 5\n|\n|-weather|SunnyDay|[upkeep]\n|upkeep\n|-message|Untar la Manteca forfeited.\n|\n|win|Rogu-chan\n|raw|Untar la Manteca's rating: 1301 &rarr; <strong>1284<\/strong><br \/>(-17 for losing)\n|raw|Rogu-chan's rating: 1353 &rarr; <strong>1370<\/strong><br \/>(+17 for winning)\n|l|\u2606Untar la Manteca\n","uploadtime":1700665588,"views":0,"p1id":"untarlamanteca","p2id":"roguchan","formatid":"gen9anythinggoes","rating":1284,"private":0,"password":""}