{"id":"gen9anythinggoes-1991713516","p1":"10Eighty","p2":"coyin","format":"[Gen 9] Anything Goes","log":"|j|\u260610Eighty\n|j|\u2606coyin\n|t:|1700105877\n|gametype|singles\n|player|p1|10Eighty|steven|1000\n|player|p2|coyin|byron|1027\n|teamsize|p1|6\n|teamsize|p2|6\n|gen|9\n|tier|[Gen 9] Anything Goes\n|rated|\n|rule|HP Percentage Mod: HP is shown in percentages\n|rule|Endless Battle Clause: Forcing endless battles is banned\n|clearpoke\n|poke|p1|Dudunsparce-*, F|\n|poke|p1|Ursaluna-Bloodmoon, M|\n|poke|p1|Annihilape, F|\n|poke|p1|Iron Valiant|\n|poke|p1|Salamence, M|\n|poke|p1|Houndstone, M|\n|poke|p2|Regieleki|\n|poke|p2|Tornadus-Therian, M|\n|poke|p2|Grafaiai, F|\n|poke|p2|Palkia-Origin|\n|poke|p2|Zacian-*|\n|poke|p2|Baxcalibur, F|\n|teampreview\n|\n|t:|1700105888\n|start\n|switch|p1a: Dududududunsparce|Dudunsparce, F|100\/100\n|switch|p2a: Regieleki|Regieleki|100\/100\n|turn|1\n|\n|t:|1700105900\n|move|p2a: Regieleki|Explosion|p1a: Dududududunsparce\n|-damage|p1a: Dududududunsparce|57\/100\n|faint|p2a: Regieleki\n|move|p1a: Dududududunsparce|Gyro Ball|p2: Regieleki|[notarget]\n|-fail|p1a: Dududududunsparce\n|\n|upkeep\n|\n|t:|1700105907\n|switch|p2a: Tornadus|Tornadus-Therian, M|100\/100\n|turn|2\n|\n|t:|1700105911\n|move|p1a: Dududududunsparce|Protect|p1a: Dududududunsparce\n|-singleturn|p1a: Dududududunsparce|Protect\n|move|p2a: Tornadus|Knock Off|p1a: Dududududunsparce\n|-activate|p1a: Dududududunsparce|move: Protect\n|\n|upkeep\n|turn|3\n|\n|t:|1700105921\n|move|p2a: Tornadus|Knock Off|p1a: Dududududunsparce\n|-damage|p1a: Dududududunsparce|37\/100\n|-enditem|p1a: Dududududunsparce|Clear Amulet|[from] move: Knock Off|[of] p2a: Tornadus\n|move|p1a: Dududududunsparce|Gyro Ball|p2a: Tornadus\n|-damage|p2a: Tornadus|67\/100\n|\n|upkeep\n|turn|4\n|\n|t:|1700105932\n|move|p2a: Tornadus|Bleakwind Storm|p1a: Dududududunsparce|[miss]\n|-miss|p2a: Tornadus|p1a: Dududududunsparce\n|move|p1a: Dududududunsparce|Gyro Ball|p2a: Tornadus\n|-damage|p2a: Tornadus|36\/100\n|\n|upkeep\n|turn|5\n|\n|t:|1700105940\n|move|p1a: Dududududunsparce|Protect|p1a: Dududududunsparce\n|-singleturn|p1a: Dududududunsparce|Protect\n|move|p2a: Tornadus|U-turn|p1a: Dududududunsparce\n|-activate|p1a: Dududududunsparce|move: Protect\n|\n|upkeep\n|turn|6\n|\n|t:|1700105946\n|move|p2a: Tornadus|U-turn|p1a: Dududududunsparce\n|-damage|p1a: Dududududunsparce|25\/100\n|\n|t:|1700105954\n|switch|p2a: Baxcalibur|Baxcalibur, F|100\/100|[from] U-turn\n|move|p1a: Dududududunsparce|Gyro Ball|p2a: Baxcalibur\n|-supereffective|p2a: Baxcalibur\n|-damage|p2a: Baxcalibur|68\/100\n|\n|upkeep\n|turn|7\n|\n|t:|1700105963\n|move|p2a: Baxcalibur|Thunder Fang|p1a: Dududududunsparce\n|-damage|p1a: Dududududunsparce|4\/100\n|move|p1a: Dududududunsparce|Drill Run|p2a: Baxcalibur\n|-damage|p2a: Baxcalibur|48\/100\n|\n|upkeep\n|turn|8\n|\n|t:|1700105969\n|move|p1a: Dududududunsparce|Protect|p1a: Dududududunsparce\n|-singleturn|p1a: Dududududunsparce|Protect\n|move|p2a: Baxcalibur|Ice Fang|p1a: Dududududunsparce\n|-activate|p1a: Dududududunsparce|move: Protect\n|\n|upkeep\n|turn|9\n|\n|t:|1700105983\n|move|p2a: Baxcalibur|Ice Fang|p1a: Dududududunsparce\n|-damage|p1a: Dududududunsparce|0 fnt\n|faint|p1a: Dududududunsparce\n|\n|upkeep\n|\n|t:|1700105998\n|switch|p1a: Bread|Salamence, M|100\/100\n|-ability|p1a: Bread|Intimidate|boost\n|-unboost|p2a: Baxcalibur|atk|1\n|turn|10\n|\n|t:|1700106005\n|move|p2a: Baxcalibur|Glaive Rush|p1a: Bread\n|-supereffective|p1a: Bread\n|-damage|p1a: Bread|0 fnt\n|-singlemove|p2a: Baxcalibur|Glaive Rush|[silent]\n|faint|p1a: Bread\n|\n|upkeep\n|\n|t:|1700106015\n|switch|p1a: \"Link...\"|Ursaluna-Bloodmoon, M|100\/100\n|turn|11\n|\n|t:|1700106024\n|move|p2a: Baxcalibur|Glaive Rush|p1a: \"Link...\"\n|-damage|p1a: \"Link...\"|72\/100\n|-singlemove|p2a: Baxcalibur|Glaive Rush|[silent]\n|move|p1a: \"Link...\"|Blood Moon|p2a: Baxcalibur\n|-damage|p2a: Baxcalibur|0 fnt\n|faint|p2a: Baxcalibur\n|\n|-heal|p1a: \"Link...\"|78\/100|[from] item: Leftovers\n|upkeep\n|\n|t:|1700106035\n|switch|p2a: Grafaiai|Grafaiai, F|100\/100\n|turn|12\n|\n|t:|1700106044\n|move|p2a: Grafaiai|Switcheroo|p1a: \"Link...\"\n|-activate|p2a: Grafaiai|move: Trick|[of] p1a: \"Link...\"\n|-item|p1a: \"Link...\"|Black Sludge|[from] move: Switcheroo\n|-item|p2a: Grafaiai|Leftovers|[from] move: Switcheroo\n|move|p1a: \"Link...\"|Trailblaze|p2a: Grafaiai\n|-resisted|p2a: Grafaiai\n|-damage|p2a: Grafaiai|92\/100\n|-boost|p1a: \"Link...\"|spe|1\n|\n|-heal|p2a: Grafaiai|98\/100|[from] item: Leftovers\n|-damage|p1a: \"Link...\"|65\/100|[from] item: Black Sludge\n|upkeep\n|turn|13\n|\n|t:|1700106058\n|move|p2a: Grafaiai|Super Fang|p1a: \"Link...\"\n|-damage|p1a: \"Link...\"|33\/100\n|move|p1a: \"Link...\"|Blood Moon|p2a: Grafaiai\n|-damage|p2a: Grafaiai|2\/100\n|\n|-heal|p2a: Grafaiai|8\/100|[from] item: Leftovers\n|-damage|p1a: \"Link...\"|20\/100|[from] item: Black Sludge\n|upkeep\n|turn|14\n|\n|t:|1700106070\n|move|p2a: Grafaiai|Poison Jab|p1a: \"Link...\"\n|-resisted|p1a: \"Link...\"\n|-damage|p1a: \"Link...\"|9\/100\n|move|p1a: \"Link...\"|Trailblaze|p2a: Grafaiai\n|-resisted|p2a: Grafaiai\n|-damage|p2a: Grafaiai|0 fnt\n|-boost|p1a: \"Link...\"|spe|1\n|faint|p2a: Grafaiai\n|\n|-damage|p1a: \"Link...\"|0 fnt|[from] item: Black Sludge\n|faint|p1a: \"Link...\"\n|upkeep\n|\n|t:|1700106083\n|switch|p2a: Tornadus|Tornadus-Therian, M|69\/100\n|switch|p1a: Death|Annihilape, F|100\/100\n|turn|15\n|\n|t:|1700106092\n|switch|p1a: Wally|Iron Valiant|100\/100\n|move|p2a: Tornadus|Knock Off|p1a: Wally\n|-resisted|p1a: Wally\n|-crit|p1a: Wally\n|-damage|p1a: Wally|91\/100\n|-enditem|p1a: Wally|Leftovers|[from] move: Knock Off|[of] p2a: Tornadus\n|\n|upkeep\n|turn|16\n|\n|t:|1700106109\n|-terastallize|p1a: Wally|Psychic\n|move|p2a: Tornadus|Bleakwind Storm|p1a: Wally\n|-damage|p1a: Wally|19\/100\n|move|p1a: Wally|Psyshock|p2a: Tornadus\n|-damage|p2a: Tornadus|23\/100\n|\n|upkeep\n|turn|17\n|\n|t:|1700106122\n|move|p2a: Tornadus|U-turn|p1a: Wally\n|-supereffective|p1a: Wally\n|-damage|p1a: Wally|0 fnt\n|faint|p1a: Wally\n|-end|p1a: Wally|Quark Drive|[silent]\n|\n|t:|1700106127\n|switch|p2a: Palkia|Palkia-Origin, shiny|100\/100|[from] U-turn\n|-ability|p2a: Palkia|Pressure\n|\n|upkeep\n|\n|t:|1700106132\n|switch|p1a: Death|Annihilape, F|100\/100\n|turn|18\n|\n|t:|1700106138\n|move|p2a: Palkia|Bulk Up|p2a: Palkia\n|-boost|p2a: Palkia|atk|1\n|-boost|p2a: Palkia|def|1\n|move|p1a: Death|Low Kick|p2a: Palkia\n|-damage|p2a: Palkia|58\/100\n|\n|upkeep\n|turn|19\n|\n|t:|1700106146\n|move|p2a: Palkia|Thunderbolt|p1a: Death\n|-crit|p1a: Death\n|-damage|p1a: Death|48\/100\n|move|p1a: Death|Low Kick|p2a: Palkia\n|-damage|p2a: Palkia|14\/100\n|\n|upkeep\n|turn|20\n|\n|t:|1700106158\n|move|p2a: Palkia|Ice Beam|p1a: Death\n|-damage|p1a: Death|17\/100\n|move|p1a: Death|Low Kick|p2a: Palkia\n|-damage|p2a: Palkia|0 fnt\n|faint|p2a: Palkia\n|\n|upkeep\n|\n|t:|1700106164\n|switch|p2a: Tornadus|Tornadus-Therian, M|56\/100\n|turn|21\n|\n|t:|1700106171\n|move|p2a: Tornadus|Knock Off|p1a: Death\n|-crit|p1a: Death\n|-damage|p1a: Death|0 fnt\n|-enditem|p1a: Death|Black Belt|[from] move: Knock Off|[of] p2a: Tornadus\n|faint|p1a: Death\n|\n|upkeep\n|\n|t:|1700106178\n|switch|p1a: Revernge|Houndstone, M|100\/100\n|turn|22\n|\n|t:|1700106193\n|move|p2a: Tornadus|U-turn|p1a: Revernge\n|-resisted|p1a: Revernge\n|-damage|p1a: Revernge|92\/100\n|-damage|p2a: Tornadus|39\/100|[from] item: Rocky Helmet|[of] p1a: Revernge\n|\n|t:|1700106198\n|switch|p2a: Zacian|Zacian-Crowned|100\/100|[from] U-turn\n|-ability|p2a: Zacian|Intrepid Sword|boost\n|-boost|p2a: Zacian|atk|1\n|move|p1a: Revernge|Last Respects|p2a: Zacian\n|-damage|p2a: Zacian|12\/100\n|\n|upkeep\n|turn|23\n|\n|t:|1700106209\n|move|p2a: Zacian|Ice Fang|p1a: Revernge\n|-damage|p1a: Revernge|52\/100\n|-damage|p2a: Zacian|0 fnt|[from] item: Rocky Helmet|[of] p1a: Revernge\n|faint|p2a: Zacian\n|move|p1a: Revernge|Sandstorm|p1a: Revernge\n|-weather|Sandstorm\n|\n|-weather|Sandstorm|[upkeep]\n|upkeep\n|\n|t:|1700106216\n|switch|p2a: Tornadus|Tornadus-Therian, M|72\/100\n|turn|24\n|\n|t:|1700106221\n|move|p1a: Revernge|Last Respects|p2a: Tornadus\n|-damage|p2a: Tornadus|0 fnt\n|faint|p2a: Tornadus\n|\n|win|10Eighty\n|raw|10Eighty's rating: 1000 &rarr; <strong>1043<\/strong><br \/>(+43 for winning)\n|raw|coyin's rating: 1027 &rarr; <strong>1012<\/strong><br \/>(-15 for losing)\n|c|\u2606coyin|gg\n|c|\u260610Eighty|gg\n","uploadtime":1700106230,"views":13,"p1id":"10eighty","p2id":"coyin","formatid":"gen9anythinggoes","rating":1012,"private":0,"password":""}