{"id":"gen9anythinggoes-1986539391","p1":"Riryokusoldier","p2":"oOo Spume oOo","format":"[Gen 9] Anything Goes","log":"|j|\u2606Riryokusoldier\n|j|\u2606oOo Spume oOo\n|t:|1699489697\n|gametype|singles\n|player|p1|Riryokusoldier|lusamine-nihilego|1346\n|player|p2|oOo Spume oOo|evelyn|1537\n|teamsize|p1|6\n|teamsize|p2|6\n|gen|9\n|tier|[Gen 9] Anything Goes\n|rated|\n|rule|HP Percentage Mod: HP is shown in percentages\n|rule|Endless Battle Clause: Forcing endless battles is banned\n|clearpoke\n|poke|p1|Cinderace, F|\n|poke|p1|Clodsire, M|\n|poke|p1|Iron Bundle|\n|poke|p1|Drifblim, M|\n|poke|p1|Cloyster, F|\n|poke|p1|Vivillon-Ocean, F|\n|poke|p2|Ditto|\n|poke|p2|Wooper-Paldea, M|\n|poke|p2|Clodsire, M|\n|poke|p2|Arceus|\n|poke|p2|Eternatus|\n|poke|p2|Calyrex-Shadow|\n|teampreview\n|inactive|Battle timer is ON: inactive players will automatically lose when time's up. (requested by Riryokusoldier)\n|\n|t:|1699489714\n|start\n|switch|p1a: Clodsire|Clodsire, M, shiny|100\/100\n|switch|p2a: God ?|Arceus, shiny|100\/100\n|turn|1\n|\n|t:|1699489721\n|switch|p2a: Clod|Clodsire, M, shiny|100\/100\n|move|p1a: Clodsire|Yawn|p2a: Clod\n|-start|p2a: Clod|move: Yawn|[of] p1a: Clodsire\n|\n|upkeep\n|turn|2\n|\n|t:|1699489729\n|switch|p2a: Blue|Ditto, shiny|100\/100\n|-transform|p2a: Blue|p1a: Clodsire|[from] ability: Imposter\n|move|p1a: Clodsire|Curse|p1a: Clodsire\n|-unboost|p1a: Clodsire|spe|1\n|-boost|p1a: Clodsire|atk|1\n|-boost|p1a: Clodsire|def|1\n|\n|upkeep\n|turn|3\n|\n|t:|1699489748\n|move|p2a: Blue|Earthquake|p1a: Clodsire\n|-supereffective|p1a: Clodsire\n|-damage|p1a: Clodsire|67\/100\n|move|p1a: Clodsire|Yawn|p2a: Blue\n|-start|p2a: Blue|move: Yawn|[of] p1a: Clodsire\n|\n|-heal|p1a: Clodsire|73\/100|[from] item: Leftovers\n|upkeep\n|turn|4\n|\n|t:|1699489771\n|switch|p2a: God ?|Arceus, shiny|100\/100\n|move|p1a: Clodsire|Earthquake|p2a: God ?\n|-damage|p2a: God ?|77\/100\n|\n|-heal|p2a: God ?|83\/100|[from] item: Leftovers\n|-heal|p1a: Clodsire|80\/100|[from] item: Leftovers\n|upkeep\n|turn|5\n|\n|t:|1699489781\n|move|p1a: Clodsire|Rock Tomb|p2a: God ?\n|-damage|p2a: God ?|74\/100\n|-unboost|p2a: God ?|spe|1\n|move|p2a: God ?|Roar|p1a: Clodsire\n|drag|p1a: Cinderace|Cinderace, F|100\/100\n|\n|-heal|p2a: God ?|80\/100|[from] item: Leftovers\n|upkeep\n|turn|6\n|\n|t:|1699489790\n|move|p2a: God ?|Extreme Speed|p1a: Cinderace\n|-damage|p1a: Cinderace|54\/100\n|move|p1a: Cinderace|Gunk Shot|p2a: God ?\n|-start|p1a: Cinderace|typechange|Poison|[from] ability: Libero\n|-damage|p2a: God ?|46\/100\n|\n|-heal|p2a: God ?|52\/100|[from] item: Leftovers\n|upkeep\n|turn|7\n|\n|t:|1699489800\n|move|p1a: Cinderace|Gunk Shot|p2a: God ?\n|-damage|p2a: God ?|19\/100\n|move|p2a: God ?|Swords Dance|p2a: God ?\n|-boost|p2a: God ?|atk|2\n|\n|-heal|p2a: God ?|25\/100|[from] item: Leftovers\n|upkeep\n|turn|8\n|\n|t:|1699489807\n|move|p2a: God ?|Extreme Speed|p1a: Cinderace\n|-damage|p1a: Cinderace|0 fnt\n|faint|p1a: Cinderace\n|\n|-heal|p2a: God ?|32\/100|[from] item: Leftovers\n|upkeep\n|\n|t:|1699489810\n|switch|p1a: Vivillon|Vivillon-Ocean, F, shiny|100\/100\n|turn|9\n|\n|t:|1699489818\n|-terastallize|p1a: Vivillon|Ghost\n|move|p2a: God ?|Extreme Speed|p1a: Vivillon\n|-immune|p1a: Vivillon\n|move|p1a: Vivillon|Sleep Powder|p2a: God ?\n|-status|p2a: God ?|slp|[from] move: Sleep Powder\n|\n|-heal|p2a: God ?|38\/100 slp|[from] item: Leftovers\n|upkeep\n|turn|10\n|\n|t:|1699489827\n|move|p1a: Vivillon|Substitute|p1a: Vivillon\n|-start|p1a: Vivillon|Substitute\n|-damage|p1a: Vivillon|76\/100\n|cant|p2a: God ?|slp\n|\n|-heal|p1a: Vivillon|82\/100|[from] item: Leftovers\n|-heal|p2a: God ?|44\/100 slp|[from] item: Leftovers\n|upkeep\n|turn|11\n|\n|t:|1699489835\n|move|p1a: Vivillon|Quiver Dance|p1a: Vivillon\n|-boost|p1a: Vivillon|spa|1\n|-boost|p1a: Vivillon|spd|1\n|-boost|p1a: Vivillon|spe|1\n|cant|p2a: God ?|slp\n|\n|-heal|p1a: Vivillon|88\/100|[from] item: Leftovers\n|-heal|p2a: God ?|50\/100 slp|[from] item: Leftovers\n|upkeep\n|turn|12\n|\n|t:|1699489843\n|move|p1a: Vivillon|Hurricane|p2a: God ?\n|-damage|p2a: God ?|12\/100 slp\n|-curestatus|p2a: God ?|slp|[msg]\n|move|p2a: God ?|Roar|p1a: Vivillon\n|drag|p1a: Iron Bundle|Iron Bundle, shiny|100\/100\n|-enditem|p1a: Iron Bundle|Booster Energy\n|-activate|p1a: Iron Bundle|ability: Quark Drive|[fromitem]\n|-start|p1a: Iron Bundle|quarkdrivespe\n|\n|-heal|p2a: God ?|18\/100|[from] item: Leftovers\n|upkeep\n|turn|13\n|\n|t:|1699489856\n|move|p2a: God ?|Extreme Speed|p1a: Iron Bundle\n|-damage|p1a: Iron Bundle|28\/100\n|move|p1a: Iron Bundle|Ice Beam|p2a: God ?\n|-damage|p2a: God ?|0 fnt\n|faint|p2a: God ?\n|\n|upkeep\n|\n|t:|1699489871\n|switch|p2a: Blue|Ditto, shiny|100\/100\n|-transform|p2a: Blue|p1a: Iron Bundle|[from] ability: Imposter\n|turn|14\n|\n|t:|1699489883\n|move|p2a: Blue|Air Cutter|p1a: Iron Bundle\n|-damage|p1a: Iron Bundle|0 fnt\n|faint|p1a: Iron Bundle\n|-end|p1a: Iron Bundle|Quark Drive|[silent]\n|\n|upkeep\n|inactive|Riryokusoldier has 120 seconds left.\n|\n|t:|1699489933\n|switch|p1a: Clodsire|Clodsire, M, shiny|80\/100\n|turn|15\n|\n|t:|1699489943\n|-end|p2a: Blue|Quark Drive|[silent]\n|switch|p2a: Clod|Clodsire, M, shiny|100\/100\n|move|p1a: Clodsire|Yawn|p2a: Clod\n|-start|p2a: Clod|move: Yawn|[of] p1a: Clodsire\n|\n|-heal|p1a: Clodsire|86\/100|[from] item: Leftovers\n|upkeep\n|turn|16\n|\n|t:|1699489956\n|switch|p2a: Wooper|Wooper-Paldea, M, shiny|100\/100\n|move|p1a: Clodsire|Curse|p1a: Clodsire\n|-unboost|p1a: Clodsire|spe|1\n|-boost|p1a: Clodsire|atk|1\n|-boost|p1a: Clodsire|def|1\n|\n|-heal|p1a: Clodsire|92\/100|[from] item: Leftovers\n|upkeep\n|turn|17\n|\n|t:|1699489969\n|move|p2a: Wooper|Spikes|p1a: Clodsire\n|-sidestart|p1: Riryokusoldier|Spikes\n|move|p1a: Clodsire|Yawn|p2a: Wooper\n|-start|p2a: Wooper|move: Yawn|[of] p1a: Clodsire\n|\n|-heal|p1a: Clodsire|98\/100|[from] item: Leftovers\n|upkeep\n|turn|18\n|\n|t:|1699489985\n|move|p2a: Wooper|Yawn|p1a: Clodsire\n|-start|p1a: Clodsire|move: Yawn|[of] p2a: Wooper\n|move|p1a: Clodsire|Earthquake|p2a: Wooper\n|-supereffective|p2a: Wooper\n|-damage|p2a: Wooper|10\/100\n|\n|-heal|p1a: Clodsire|100\/100|[from] item: Leftovers\n|-end|p2a: Wooper|move: Yawn|[silent]\n|-status|p2a: Wooper|slp\n|upkeep\n|turn|19\n|\n|t:|1699490008\n|switch|p2a: Death|Calyrex-Shadow|100\/100\n|-ability|p2a: Death|As One\n|-ability|p2a: Death|Unnerve\n|switch|p1a: Vivillon|Vivillon-Ocean, F, shiny, tera:Ghost|88\/100\n|-damage|p1a: Vivillon|75\/100|[from] Spikes\n|\n|-heal|p1a: Vivillon|81\/100|[from] item: Leftovers\n|upkeep\n|turn|20\n|-message|Riryokusoldier forfeited.\n|\n|win|oOo Spume oOo\n|raw|Riryokusoldier's rating: 1346 &rarr; <strong>1336<\/strong><br \/>(-10 for losing)\n|raw|oOo Spume oOo's rating: 1537 &rarr; <strong>1547<\/strong><br \/>(+10 for winning)\n|l|\u2606Riryokusoldier\n","uploadtime":1699490025,"views":4,"p1id":"riryokusoldier","p2id":"ooospumeooo","formatid":"gen9anythinggoes","rating":1336,"private":0,"password":""}