{"id":"gen9anythinggoes-1980795907","p1":"Dumbfudge","p2":"minhbeossss","format":"[Gen 9] Anything Goes","log":"|j|\u2606Dumbfudge\n|j|\u2606minhbeossss\n|t:|1698834573\n|gametype|singles\n|player|p1|Dumbfudge|blackbelt-gen4dp|1380\n|player|p2|minhbeossss|policeman-gen4|1266\n|teamsize|p1|6\n|teamsize|p2|6\n|gen|9\n|tier|[Gen 9] Anything Goes\n|rated|\n|rule|HP Percentage Mod: HP is shown in percentages\n|rule|Endless Battle Clause: Forcing endless battles is banned\n|clearpoke\n|poke|p1|Breloom, F|\n|poke|p1|Giratina-Origin|\n|poke|p1|Calyrex-Shadow|\n|poke|p1|Zacian-*|\n|poke|p1|Miraidon|\n|poke|p1|Shaymin-Sky|\n|poke|p2|Giratina-Origin|\n|poke|p2|Grimmsnarl, M|\n|poke|p2|Regieleki|\n|poke|p2|Glimmora, M|\n|poke|p2|Zacian-*|\n|poke|p2|Kyogre|\n|teampreview\n|inactive|Battle timer is ON: inactive players will automatically lose when time's up. (requested by Dumbfudge)\n|\n|t:|1698834587\n|start\n|switch|p1a: Whooping cough|Zacian-Crowned|100\/100\n|switch|p2a: Glimmora|Glimmora, M|100\/100\n|-ability|p1a: Whooping cough|Intrepid Sword|boost\n|-boost|p1a: Whooping cough|atk|1\n|turn|1\n|\n|t:|1698834597\n|-terastallize|p1a: Whooping cough|Steel\n|move|p2a: Glimmora|Spiky Shield|p2a: Glimmora\n|-singleturn|p2a: Glimmora|move: Protect\n|move|p1a: Whooping cough|Behemoth Blade|p2a: Glimmora\n|-activate|p2a: Glimmora|move: Protect\n|-damage|p1a: Whooping cough|88\/100|[from] Spiky Shield|[of] p2a: Glimmora\n|\n|upkeep\n|turn|2\n|\n|t:|1698834606\n|move|p1a: Whooping cough|Behemoth Blade|p2a: Glimmora\n|-supereffective|p2a: Glimmora\n|-enditem|p2a: Glimmora|Focus Sash\n|-damage|p2a: Glimmora|1\/100\n|-activate|p2a: Glimmora|ability: Toxic Debris\n|-sidestart|p1: Dumbfudge|move: Toxic Spikes\n|move|p2a: Glimmora|Stealth Rock|p1a: Whooping cough\n|-sidestart|p1: Dumbfudge|move: Stealth Rock\n|\n|upkeep\n|turn|3\n|\n|t:|1698834615\n|move|p2a: Glimmora|Spiky Shield|p2a: Glimmora\n|-singleturn|p2a: Glimmora|move: Protect\n|move|p1a: Whooping cough|Quick Attack|p2a: Glimmora\n|-activate|p2a: Glimmora|move: Protect\n|-damage|p1a: Whooping cough|76\/100|[from] Spiky Shield|[of] p2a: Glimmora\n|\n|upkeep\n|turn|4\n|\n|t:|1698834627\n|move|p1a: Whooping cough|Quick Attack|p2a: Glimmora\n|-resisted|p2a: Glimmora\n|-damage|p2a: Glimmora|0 fnt\n|-activate|p2a: Glimmora|ability: Toxic Debris\n|-sidestart|p1: Dumbfudge|move: Toxic Spikes\n|faint|p2a: Glimmora\n|\n|upkeep\n|\n|t:|1698834640\n|switch|p2a: Regieleki|Regieleki|100\/100\n|turn|5\n|\n|t:|1698834654\n|move|p2a: Regieleki|Volt Switch|p1a: Whooping cough\n|-damage|p1a: Whooping cough|32\/100\n|\n|t:|1698834657\n|switch|p2a: Grimmsnarl|Grimmsnarl, M|100\/100|[from] Volt Switch\n|move|p1a: Whooping cough|Behemoth Blade|p2a: Grimmsnarl\n|-supereffective|p2a: Grimmsnarl\n|-enditem|p2a: Grimmsnarl|Focus Sash\n|-damage|p2a: Grimmsnarl|1\/100\n|\n|upkeep\n|turn|6\n|\n|t:|1698834666\n|move|p2a: Grimmsnarl|Fake Out|p1a: Whooping cough\n|-resisted|p1a: Whooping cough\n|-damage|p1a: Whooping cough|28\/100\n|cant|p1a: Whooping cough|flinch\n|\n|upkeep\n|turn|7\n|\n|t:|1698834672\n|move|p1a: Whooping cough|Quick Attack|p2a: Grimmsnarl\n|-damage|p2a: Grimmsnarl|0 fnt\n|faint|p2a: Grimmsnarl\n|\n|upkeep\n|\n|t:|1698834675\n|switch|p2a: Regieleki|Regieleki|100\/100\n|turn|8\n|\n|t:|1698834682\n|move|p1a: Whooping cough|Quick Attack|p2a: Regieleki\n|-damage|p2a: Regieleki|55\/100\n|move|p2a: Regieleki|Volt Switch|p1a: Whooping cough\n|-damage|p1a: Whooping cough|0 fnt\n|faint|p1a: Whooping cough\n|\n|t:|1698834687\n|switch|p2a: Zacian|Zacian-Crowned|100\/100|[from] Volt Switch\n|-ability|p2a: Zacian|Intrepid Sword|boost\n|-boost|p2a: Zacian|atk|1\n|\n|upkeep\n|\n|t:|1698834694\n|switch|p1a: Giratina|Giratina-Origin|100\/100\n|-damage|p1a: Giratina|88\/100|[from] Stealth Rock\n|turn|9\n|\n|t:|1698834701\n|move|p2a: Zacian|Play Rough|p1a: Giratina\n|-supereffective|p1a: Giratina\n|-damage|p1a: Giratina|0 fnt\n|faint|p1a: Giratina\n|\n|upkeep\n|\n|t:|1698834712\n|switch|p1a: Shaymin|Shaymin-Sky|100\/100\n|-damage|p1a: Shaymin|76\/100|[from] Stealth Rock\n|turn|10\n|\n|t:|1698834720\n|move|p1a: Shaymin|Air Slash|p2a: Zacian\n|-resisted|p2a: Zacian\n|-damage|p2a: Zacian|84\/100\n|move|p2a: Zacian|Behemoth Blade|p1a: Shaymin\n|-damage|p1a: Shaymin|0 fnt\n|faint|p1a: Shaymin\n|\n|upkeep\n|\n|t:|1698834732\n|switch|p1a: Miraidon|Miraidon|100\/100\n|-status|p1a: Miraidon|tox\n|-damage|p1a: Miraidon|88\/100 tox|[from] Stealth Rock\n|-fieldstart|move: Electric Terrain|[from] ability: Hadron Engine|[of] p1a: Miraidon\n|turn|11\n|\n|t:|1698834742\n|move|p2a: Zacian|Play Rough|p1a: Miraidon\n|-supereffective|p1a: Miraidon\n|-damage|p1a: Miraidon|0 fnt\n|faint|p1a: Miraidon\n|\n|upkeep\n|\n|t:|1698834748\n|switch|p1a: Calyrex|Calyrex-Shadow|100\/100\n|-ability|p1a: Calyrex|As One\n|-ability|p1a: Calyrex|Unnerve\n|-status|p1a: Calyrex|tox\n|-damage|p1a: Calyrex|88\/100 tox|[from] Stealth Rock\n|turn|12\n|\n|t:|1698834765\n|move|p2a: Zacian|Behemoth Blade|p1a: Calyrex\n|-damage|p1a: Calyrex|0 fnt\n|faint|p1a: Calyrex\n|\n|upkeep\n|-message|Dumbfudge forfeited.\n|\n|win|minhbeossss\n|raw|Dumbfudge's rating: 1380 &rarr; <strong>1354<\/strong><br \/>(-26 for losing)\n|raw|minhbeossss's rating: 1266 &rarr; <strong>1299<\/strong><br \/>(+33 for winning)\n|l|\u2606Dumbfudge\n","uploadtime":1698834773,"views":12,"p1id":"dumbfudge","p2id":"minhbeossss","formatid":"gen9anythinggoes","rating":1299,"private":0,"password":""}