{"id":"gen9anythinggoes-1975534611","p1":"Great help to","p2":"ilikeyouruncle","format":"[Gen 9] Anything Goes","log":"|j|\u2606Great help to\n|j|\u2606ilikeyouruncle\n|t:|1698201856\n|gametype|singles\n|player|p1|Great help to|backpacker|1237\n|player|p2|ilikeyouruncle|2|1300\n|teamsize|p1|6\n|teamsize|p2|6\n|gen|9\n|tier|[Gen 9] Anything Goes\n|rated|\n|rule|HP Percentage Mod: HP is shown in percentages\n|rule|Endless Battle Clause: Forcing endless battles is banned\n|clearpoke\n|poke|p1|Orthworm, F|\n|poke|p1|Clodsire, M|\n|poke|p1|Glimmora, F|\n|poke|p1|Garganacl, M|\n|poke|p1|Kingambit, F|\n|poke|p1|Ceruledge, M|\n|poke|p2|Ninetales, M|\n|poke|p2|Tauros-Paldea-Blaze, M|\n|poke|p2|Ursaluna-Bloodmoon, M|\n|poke|p2|Shiftry, M|\n|poke|p2|Walking Wake|\n|poke|p2|Mimikyu, F|\n|teampreview\n|inactive|Battle timer is ON: inactive players will automatically lose when time's up. (requested by ilikeyouruncle)\n|\n|t:|1698201867\n|start\n|switch|p1a: Glimmora|Glimmora, F, shiny|100\/100\n|switch|p2a: Ninetales|Ninetales, M, shiny|100\/100\n|-weather|SunnyDay|[from] ability: Drought|[of] p2a: Ninetales\n|turn|1\n|\n|t:|1698201876\n|switch|p2a: Shiftry|Shiftry, M, shiny|100\/100\n|move|p1a: Glimmora|Stealth Rock|p2a: Shiftry\n|-sidestart|p2: ilikeyouruncle|move: Stealth Rock\n|\n|-weather|SunnyDay|[upkeep]\n|upkeep\n|turn|2\n|\n|t:|1698201882\n|move|p1a: Glimmora|Spiky Shield|p1a: Glimmora\n|-singleturn|p1a: Glimmora|move: Protect\n|move|p2a: Shiftry|Knock Off|p1a: Glimmora\n|-activate|p1a: Glimmora|move: Protect\n|-damage|p2a: Shiftry|88\/100|[from] Spiky Shield|[of] p1a: Glimmora\n|\n|-weather|SunnyDay|[upkeep]\n|upkeep\n|turn|3\n|\n|t:|1698201893\n|move|p2a: Shiftry|Knock Off|p1a: Glimmora\n|-damage|p1a: Glimmora|56\/100\n|-activate|p1a: Glimmora|ability: Toxic Debris\n|-sidestart|p2: ilikeyouruncle|move: Toxic Spikes\n|-enditem|p1a: Glimmora|Black Sludge|[from] move: Knock Off|[of] p2a: Shiftry\n|move|p1a: Glimmora|Power Gem|p2a: Shiftry\n|-damage|p2a: Shiftry|19\/100\n|\n|-weather|SunnyDay|[upkeep]\n|upkeep\n|turn|4\n|\n|t:|1698201902\n|move|p1a: Glimmora|Spiky Shield|p1a: Glimmora\n|-singleturn|p1a: Glimmora|move: Protect\n|move|p2a: Shiftry|Rock Slide|p1a: Glimmora\n|-activate|p1a: Glimmora|move: Protect\n|\n|-weather|SunnyDay|[upkeep]\n|upkeep\n|turn|5\n|\n|t:|1698201913\n|move|p2a: Shiftry|Rock Slide|p1a: Glimmora\n|-damage|p1a: Glimmora|30\/100\n|-activate|p1a: Glimmora|ability: Toxic Debris\n|-sidestart|p2: ilikeyouruncle|move: Toxic Spikes\n|cant|p1a: Glimmora|flinch\n|\n|-weather|SunnyDay|[upkeep]\n|upkeep\n|turn|6\n|\n|t:|1698201919\n|move|p1a: Glimmora|Spiky Shield|p1a: Glimmora\n|-singleturn|p1a: Glimmora|move: Protect\n|move|p2a: Shiftry|Energy Ball|p1a: Glimmora\n|-activate|p1a: Glimmora|move: Protect\n|\n|-weather|SunnyDay|[upkeep]\n|upkeep\n|turn|7\n|\n|t:|1698201928\n|move|p2a: Shiftry|Energy Ball|p1a: Glimmora\n|-damage|p1a: Glimmora|0 fnt\n|faint|p1a: Glimmora\n|\n|-weather|SunnyDay|[upkeep]\n|upkeep\n|\n|t:|1698201933\n|switch|p1a: Ceruledge|Ceruledge, M, shiny|100\/100\n|turn|8\n|\n|t:|1698201939\n|move|p1a: Ceruledge|Shadow Sneak|p2a: Shiftry\n|-resisted|p2a: Shiftry\n|-damage|p2a: Shiftry|1\/100\n|move|p2a: Shiftry|Knock Off|p1a: Ceruledge\n|-supereffective|p1a: Ceruledge\n|-enditem|p1a: Ceruledge|Focus Sash\n|-damage|p1a: Ceruledge|1\/100\n|-ability|p1a: Ceruledge|Weak Armor|boost\n|-unboost|p1a: Ceruledge|def|1\n|-boost|p1a: Ceruledge|spe|2\n|\n|-weather|none\n|upkeep\n|turn|9\n|\n|t:|1698201944\n|move|p1a: Ceruledge|Shadow Sneak|p2a: Shiftry\n|-resisted|p2a: Shiftry\n|-damage|p2a: Shiftry|0 fnt\n|faint|p2a: Shiftry\n|\n|upkeep\n|\n|t:|1698201947\n|switch|p2a: Mimikyu|Mimikyu, F, shiny|100\/100\n|-damage|p2a: Mimikyu|88\/100|[from] Stealth Rock\n|-status|p2a: Mimikyu|tox\n|turn|10\n|\n|t:|1698201956\n|switch|p1a: Garganacl|Garganacl, M, shiny|100\/100\n|move|p2a: Mimikyu|Shadow Sneak|p1a: Garganacl\n|-damage|p1a: Garganacl|94\/100\n|\n|-damage|p2a: Mimikyu|82\/100 tox|[from] psn\n|upkeep\n|turn|11\n|\n|t:|1698201964\n|switch|p2a: Ninetales|Ninetales, M, shiny|100\/100\n|-damage|p2a: Ninetales|76\/100|[from] Stealth Rock\n|-status|p2a: Ninetales|tox\n|-weather|SunnyDay|[from] ability: Drought|[of] p2a: Ninetales\n|move|p1a: Garganacl|Iron Defense|p1a: Garganacl\n|-boost|p1a: Garganacl|def|2\n|\n|-weather|SunnyDay|[upkeep]\n|-damage|p2a: Ninetales|70\/100 tox|[from] psn\n|upkeep\n|turn|12\n|\n|t:|1698201969\n|move|p2a: Ninetales|Energy Ball|p1a: Garganacl\n|-supereffective|p1a: Garganacl\n|-damage|p1a: Garganacl|56\/100\n|move|p1a: Garganacl|Salt Cure|p2a: Ninetales\n|-supereffective|p2a: Ninetales\n|-damage|p2a: Ninetales|25\/100 tox\n|-start|p2a: Ninetales|Salt Cure\n|\n|-weather|SunnyDay|[upkeep]\n|-damage|p2a: Ninetales|13\/100 tox|[from] psn\n|-damage|p2a: Ninetales|1\/100 tox|[from] Salt Cure\n|upkeep\n|turn|13\n|\n|t:|1698201981\n|switch|p1a: Clodsire|Clodsire, M, shiny|100\/100\n|move|p2a: Ninetales|Energy Ball|p1a: Clodsire\n|-damage|p1a: Clodsire|86\/100\n|-unboost|p1a: Clodsire|spd|1\n|\n|-weather|SunnyDay|[upkeep]\n|-damage|p2a: Ninetales|0 fnt|[from] psn\n|faint|p2a: Ninetales\n|upkeep\n|\n|t:|1698201986\n|switch|p2a: Walking Wake|Walking Wake|100\/100\n|-damage|p2a: Walking Wake|88\/100|[from] Stealth Rock\n|-status|p2a: Walking Wake|tox\n|-activate|p2a: Walking Wake|ability: Protosynthesis\n|-start|p2a: Walking Wake|protosynthesisspa\n|turn|14\n|\n|t:|1698201998\n|move|p2a: Walking Wake|Hydro Steam|p1a: Clodsire\n|-heal|p1a: Clodsire|100\/100|[from] ability: Water Absorb|[of] p2a: Walking Wake\n|move|p1a: Clodsire|Amnesia|p1a: Clodsire\n|-boost|p1a: Clodsire|spd|2\n|\n|-weather|SunnyDay|[upkeep]\n|-damage|p2a: Walking Wake|82\/100 tox|[from] psn\n|upkeep\n|turn|15\n|\n|t:|1698202006\n|move|p2a: Walking Wake|Dragon Pulse|p1a: Clodsire\n|-damage|p1a: Clodsire|79\/100\n|move|p1a: Clodsire|Earthquake|p2a: Walking Wake\n|-damage|p2a: Walking Wake|47\/100 tox\n|\n|-weather|SunnyDay|[upkeep]\n|-damage|p2a: Walking Wake|34\/100 tox|[from] psn\n|upkeep\n|turn|16\n|-message|ilikeyouruncle forfeited.\n|\n|win|Great help to\n|raw|Great help to's rating: 1237 &rarr; <strong>1266<\/strong><br \/>(+29 for winning)\n|raw|ilikeyouruncle's rating: 1300 &rarr; <strong>1271<\/strong><br \/>(-29 for losing)\n|l|\u2606ilikeyouruncle\n","uploadtime":1698202014,"views":5,"p1id":"greathelpto","p2id":"ilikeyouruncle","formatid":"gen9anythinggoes","rating":1266,"private":0,"password":""}