{"id":"gen9anythinggoes-1971574348","p1":"Lergy","p2":"BerningGamer","format":"[Gen 9] Anything Goes","log":"|j|\u2606Lergy\n|j|\u2606BerningGamer\n|t:|1697749696\n|gametype|singles\n|player|p1|Lergy|palmer|1303\n|player|p2|BerningGamer|scientist|1434\n|teamsize|p1|6\n|teamsize|p2|6\n|gen|9\n|tier|[Gen 9] Anything Goes\n|rated|\n|rule|HP Percentage Mod: HP is shown in percentages\n|rule|Endless Battle Clause: Forcing endless battles is banned\n|clearpoke\n|poke|p1|Decidueye, M|\n|poke|p1|Volcarona, M|\n|poke|p1|Great Tusk|\n|poke|p1|Kingambit, M|\n|poke|p1|Hydreigon, M|\n|poke|p1|Slowking, M|\n|poke|p2|Charjabug, F|\n|poke|p2|Crawdaunt, F|\n|poke|p2|Phione|\n|poke|p2|Jirachi|\n|poke|p2|Houndstone, M|\n|poke|p2|Kingambit, F|\n|teampreview\n|inactive|Battle timer is ON: inactive players will automatically lose when time's up. (requested by BerningGamer)\n|\n|t:|1697749717\n|start\n|switch|p1a: Reina Isabel|Kingambit, M, shiny|100\/100\n|switch|p2a: Charjabug|Charjabug, F|100\/100\n|turn|1\n|\n|t:|1697749724\n|move|p1a: Reina Isabel|Swords Dance|p1a: Reina Isabel\n|-boost|p1a: Reina Isabel|atk|2\n|move|p2a: Charjabug|Thunder Wave|p1a: Reina Isabel\n|-status|p1a: Reina Isabel|par\n|\n|upkeep\n|turn|2\n|\n|t:|1697749734\n|move|p2a: Charjabug|Sticky Web|p1a: Reina Isabel\n|-sidestart|p1: Lergy|move: Sticky Web\n|move|p1a: Reina Isabel|Iron Head|p2a: Charjabug\n|-resisted|p2a: Charjabug\n|-damage|p2a: Charjabug|67\/100\n|\n|upkeep\n|turn|3\n|\n|t:|1697749741\n|move|p2a: Charjabug|Lunge|p1a: Reina Isabel\n|-damage|p1a: Reina Isabel|85\/100 par\n|-unboost|p1a: Reina Isabel|atk|1\n|move|p1a: Reina Isabel|Iron Head|p2a: Charjabug\n|-resisted|p2a: Charjabug\n|-damage|p2a: Charjabug|42\/100\n|\n|-heal|p1a: Reina Isabel|91\/100 par|[from] item: Leftovers\n|upkeep\n|turn|4\n|\n|t:|1697749751\n|move|p2a: Charjabug|Lunge|p1a: Reina Isabel\n|-damage|p1a: Reina Isabel|75\/100 par\n|-unboost|p1a: Reina Isabel|atk|1\n|cant|p1a: Reina Isabel|par\n|\n|-heal|p1a: Reina Isabel|81\/100 par|[from] item: Leftovers\n|upkeep\n|turn|5\n|\n|t:|1697749761\n|move|p2a: Charjabug|Lunge|p1a: Reina Isabel\n|-damage|p1a: Reina Isabel|66\/100 par\n|-unboost|p1a: Reina Isabel|atk|1\n|move|p1a: Reina Isabel|Swords Dance|p1a: Reina Isabel\n|-boost|p1a: Reina Isabel|atk|2\n|\n|-heal|p1a: Reina Isabel|72\/100 par|[from] item: Leftovers\n|upkeep\n|turn|6\n|\n|t:|1697749771\n|move|p2a: Charjabug|Lunge|p1a: Reina Isabel\n|-damage|p1a: Reina Isabel|54\/100 par\n|-unboost|p1a: Reina Isabel|atk|1\n|cant|p1a: Reina Isabel|par\n|\n|-heal|p1a: Reina Isabel|61\/100 par|[from] item: Leftovers\n|upkeep\n|turn|7\n|\n|t:|1697749781\n|move|p2a: Charjabug|Lunge|p1a: Reina Isabel\n|-damage|p1a: Reina Isabel|44\/100 par\n|-unboost|p1a: Reina Isabel|atk|1\n|cant|p1a: Reina Isabel|par\n|\n|-heal|p1a: Reina Isabel|50\/100 par|[from] item: Leftovers\n|upkeep\n|turn|8\n|\n|t:|1697749797\n|move|p1a: Reina Isabel|Sucker Punch|p2a: Charjabug\n|-damage|p2a: Charjabug|22\/100\n|move|p2a: Charjabug|Lunge|p1a: Reina Isabel\n|-damage|p1a: Reina Isabel|34\/100 par\n|-unboost|p1a: Reina Isabel|atk|1\n|\n|-heal|p1a: Reina Isabel|40\/100 par|[from] item: Leftovers\n|upkeep\n|turn|9\n|\n|t:|1697749807\n|move|p2a: Charjabug|Lunge|p1a: Reina Isabel\n|-damage|p1a: Reina Isabel|25\/100 par\n|-unboost|p1a: Reina Isabel|atk|1\n|move|p1a: Reina Isabel|Swords Dance|p1a: Reina Isabel\n|-boost|p1a: Reina Isabel|atk|2\n|\n|-heal|p1a: Reina Isabel|31\/100 par|[from] item: Leftovers\n|upkeep\n|turn|10\n|\n|t:|1697749819\n|move|p2a: Charjabug|Lunge|p1a: Reina Isabel\n|-damage|p1a: Reina Isabel|15\/100 par\n|-unboost|p1a: Reina Isabel|atk|1\n|cant|p1a: Reina Isabel|par\n|\n|-heal|p1a: Reina Isabel|21\/100 par|[from] item: Leftovers\n|upkeep\n|turn|11\n|\n|t:|1697749831\n|cant|p1a: Reina Isabel|par\n|move|p2a: Charjabug|Lunge|p1a: Reina Isabel\n|-damage|p1a: Reina Isabel|5\/100 par\n|-unboost|p1a: Reina Isabel|atk|1\n|\n|-heal|p1a: Reina Isabel|12\/100 par|[from] item: Leftovers\n|upkeep\n|turn|12\n|\n|t:|1697749842\n|move|p1a: Reina Isabel|Sucker Punch|p2a: Charjabug\n|-damage|p2a: Charjabug|9\/100\n|move|p2a: Charjabug|Lunge|p1a: Reina Isabel\n|-damage|p1a: Reina Isabel|0 fnt\n|faint|p1a: Reina Isabel\n|-end|p1a: Reina Isabel|fallenundefined|[silent]\n|\n|upkeep\n|\n|t:|1697749852\n|switch|p1a: C mamut|Great Tusk, shiny|100\/100\n|-activate|p1a: C mamut|move: Sticky Web\n|-unboost|p1a: C mamut|spe|1\n|-enditem|p1a: C mamut|Booster Energy\n|-activate|p1a: C mamut|ability: Protosynthesis|[fromitem]\n|-start|p1a: C mamut|protosynthesisatk\n|turn|13\n|\n|t:|1697749862\n|switch|p2a: Houndstone|Houndstone, M|100\/100\n|move|p1a: C mamut|Rapid Spin|p2a: Houndstone\n|-immune|p2a: Houndstone\n|\n|upkeep\n|turn|14\n|\n|t:|1697749872\n|move|p2a: Houndstone|Protect|p2a: Houndstone\n|-singleturn|p2a: Houndstone|Protect\n|move|p1a: C mamut|Knock Off|p2a: Houndstone\n|-activate|p2a: Houndstone|move: Protect\n|\n|upkeep\n|turn|15\n|\n|t:|1697749884\n|switch|p2a: Phione|Phione|100\/100\n|move|p1a: C mamut|Knock Off|p2a: Phione\n|-damage|p2a: Phione|47\/100\n|-enditem|p2a: Phione|Leftovers|[from] move: Knock Off|[of] p1a: C mamut\n|\n|upkeep\n|turn|16\n|\n|t:|1697749891\n|move|p2a: Phione|Surf|p1a: C mamut\n|-supereffective|p1a: C mamut\n|-damage|p1a: C mamut|6\/100\n|move|p1a: C mamut|Rapid Spin|p2a: Phione\n|-damage|p2a: Phione|19\/100\n|-boost|p1a: C mamut|spe|1\n|-sideend|p1: Lergy|Sticky Web|[from] move: Rapid Spin|[of] p1a: C mamut\n|\n|upkeep\n|turn|17\n|\n|t:|1697749905\n|move|p1a: C mamut|Rapid Spin|p2a: Phione\n|-damage|p2a: Phione|0 fnt\n|-boost|p1a: C mamut|spe|1\n|faint|p2a: Phione\n|\n|upkeep\n|\n|t:|1697749908\n|switch|p2a: Crawdaunt|Crawdaunt, F|100\/100\n|turn|18\n|\n|t:|1697749924\n|-end|p1a: C mamut|Protosynthesis|[silent]\n|switch|p1a: Bromita XdXDxxdxD|Hydreigon, M|100\/100\n|move|p2a: Crawdaunt|Aqua Jet|p1a: Bromita XdXDxxdxD\n|-resisted|p1a: Bromita XdXDxxdxD\n|-damage|p1a: Bromita XdXDxxdxD|84\/100\n|\n|upkeep\n|turn|19\n|\n|t:|1697749947\n|move|p1a: Bromita XdXDxxdxD|U-turn|p2a: Crawdaunt\n|-supereffective|p2a: Crawdaunt\n|-damage|p2a: Crawdaunt|55\/100\n|\n|t:|1697749956\n|switch|p1a: Tu mama|Slowking, M, shiny|100\/100|[from] U-turn\n|move|p2a: Crawdaunt|Dragon Dance|p2a: Crawdaunt\n|-boost|p2a: Crawdaunt|atk|1\n|-boost|p2a: Crawdaunt|spe|1\n|\n|upkeep\n|turn|20\n|inactive|Lergy has 120 seconds left.\n|\n|t:|1697749972\n|move|p2a: Crawdaunt|Knock Off|p1a: Tu mama\n|-supereffective|p1a: Tu mama\n|-damage|p1a: Tu mama|0 fnt\n|-enditem|p1a: Tu mama|Leftovers|[from] move: Knock Off|[of] p2a: Crawdaunt\n|faint|p1a: Tu mama\n|\n|upkeep\n|inactive|Lergy has 120 seconds left.\n|\n|t:|1697749978\n|switch|p1a: Bromita XdXDxxdxD|Hydreigon, M|84\/100\n|turn|21\n|\n|t:|1697749983\n|move|p1a: Bromita XdXDxxdxD|Draco Meteor|p2a: Crawdaunt\n|-damage|p2a: Crawdaunt|0 fnt\n|-unboost|p1a: Bromita XdXDxxdxD|spa|2\n|faint|p2a: Crawdaunt\n|\n|upkeep\n|\n|t:|1697749988\n|switch|p2a: Charjabug|Charjabug, F|9\/100\n|turn|22\n|\n|t:|1697750006\n|move|p1a: Bromita XdXDxxdxD|Draco Meteor|p2a: Charjabug\n|-damage|p2a: Charjabug|0 fnt\n|-unboost|p1a: Bromita XdXDxxdxD|spa|2\n|faint|p2a: Charjabug\n|\n|upkeep\n|\n|t:|1697750014\n|switch|p2a: Jirachi|Jirachi|100\/100\n|turn|23\n|\n|t:|1697750020\n|switch|p1a: Volca nena|Volcarona, M, shiny|100\/100\n|move|p2a: Jirachi|Iron Head|p1a: Volca nena\n|-resisted|p1a: Volca nena\n|-damage|p1a: Volca nena|77\/100\n|\n|upkeep\n|turn|24\n|\n|t:|1697750028\n|move|p2a: Jirachi|Body Slam|p1a: Volca nena\n|-damage|p1a: Volca nena|45\/100\n|-status|p1a: Volca nena|par\n|move|p1a: Volca nena|Quiver Dance|p1a: Volca nena\n|-boost|p1a: Volca nena|spa|1\n|-boost|p1a: Volca nena|spd|1\n|-boost|p1a: Volca nena|spe|1\n|\n|upkeep\n|turn|25\n|\n|t:|1697750038\n|move|p2a: Jirachi|Iron Head|p1a: Volca nena\n|-resisted|p1a: Volca nena\n|-crit|p1a: Volca nena\n|-damage|p1a: Volca nena|11\/100 par\n|move|p1a: Volca nena|Fiery Dance|p2a: Jirachi\n|-supereffective|p2a: Jirachi\n|-damage|p2a: Jirachi|0 fnt\n|faint|p2a: Jirachi\n|\n|upkeep\n|\n|t:|1697750047\n|switch|p2a: Houndstone|Houndstone, M|100\/100\n|turn|26\n|\n|t:|1697750054\n|move|p1a: Volca nena|Fiery Dance|p2a: Houndstone\n|-damage|p2a: Houndstone|0 fnt\n|faint|p2a: Houndstone\n|\n|upkeep\n|\n|t:|1697750057\n|switch|p2a: Kingambit|Kingambit, F|100\/100\n|-activate|p2a: Kingambit|ability: Supreme Overlord\n|-start|p2a: Kingambit|fallen5|[silent]\n|turn|27\n|\n|t:|1697750063\n|move|p2a: Kingambit|Sucker Punch|p1a: Volca nena\n|-damage|p1a: Volca nena|0 fnt\n|faint|p1a: Volca nena\n|\n|upkeep\n|\n|t:|1697750079\n|switch|p1a: Bromita XdXDxxdxD|Hydreigon, M|84\/100\n|turn|28\n|\n|t:|1697750099\n|-terastallize|p1a: Bromita XdXDxxdxD|Steel\n|-terastallize|p2a: Kingambit|Fairy\n|move|p1a: Bromita XdXDxxdxD|Flash Cannon|p2a: Kingambit\n|-supereffective|p2a: Kingambit\n|-damage|p2a: Kingambit|10\/100\n|move|p2a: Kingambit|Iron Head|p1a: Bromita XdXDxxdxD\n|-resisted|p1a: Bromita XdXDxxdxD\n|-damage|p1a: Bromita XdXDxxdxD|43\/100\n|\n|upkeep\n|turn|29\n|\n|t:|1697750109\n|move|p2a: Kingambit|Sucker Punch|p1a: Bromita XdXDxxdxD\n|-damage|p1a: Bromita XdXDxxdxD|0 fnt\n|faint|p1a: Bromita XdXDxxdxD\n|\n|upkeep\n|\n|t:|1697750115\n|switch|p1a: Robin|Decidueye, M, shiny|100\/100\n|turn|30\n|\n|t:|1697750118\n|move|p1a: Robin|Sucker Punch|p2a: Kingambit\n|-resisted|p2a: Kingambit\n|-damage|p2a: Kingambit|0 fnt\n|faint|p2a: Kingambit\n|-end|p2a: Kingambit|fallen5|[silent]\n|-damage|p1a: Robin|91\/100|[from] item: Life Orb\n|\n|win|Lergy\n|raw|Lergy's rating: 1303 &rarr; <strong>1330<\/strong><br \/>(+27 for winning)\n|raw|BerningGamer's rating: 1434 &rarr; <strong>1407<\/strong><br \/>(-27 for losing)\n|l|\u2606BerningGamer\n|c|\u2606Lergy|gg\n|l|\u2606Lergy\n|j|\u2606Lergy\n|player|p1|Lergy|palmer\n","uploadtime":1697750183,"views":8,"p1id":"lergy","p2id":"berninggamer","formatid":"gen9anythinggoes","rating":1330,"private":0,"password":""}