{"id":"gen9anythinggoes-1978450324","p1":"Cub449","p2":"LudoThePumpkinBro","format":"[Gen 9] Anything Goes","log":"|j|\u2606Cub449\n|j|\u2606LudoThePumpkinBro\n|t:|1698540560\n|gametype|singles\n|player|p1|Cub449|hilbert|1128\n|player|p2|LudoThePumpkinBro|2|1079\n|teamsize|p1|6\n|teamsize|p2|6\n|gen|9\n|tier|[Gen 9] Anything Goes\n|rated|\n|rule|HP Percentage Mod: HP is shown in percentages\n|rule|Endless Battle Clause: Forcing endless battles is banned\n|clearpoke\n|poke|p1|Espathra, M|\n|poke|p1|Krookodile, F|\n|poke|p1|Gliscor, F|\n|poke|p1|Groudon|\n|poke|p1|Hariyama, M|\n|poke|p1|Rotom-Wash|\n|poke|p2|Trevenant, M|\n|poke|p2|Maushold|\n|poke|p2|Cloyster, M|\n|poke|p2|Klefki, F|\n|poke|p2|Drifblim, F|\n|poke|p2|Darkrai|\n|teampreview\n|inactive|Battle timer is ON: inactive players will automatically lose when time's up. (requested by Cub449)\n|\n|t:|1698540568\n|start\n|switch|p1a: Hariyama|Hariyama, M|100\/100\n|switch|p2a: Trevenant|Trevenant, M, shiny|100\/100\n|turn|1\n|\n|t:|1698540578\n|move|p2a: Trevenant|Sunny Day|p2a: Trevenant\n|-weather|SunnyDay\n|move|p1a: Hariyama|Belly Drum|p1a: Hariyama\n|-damage|p1a: Hariyama|50\/100\n|-setboost|p1a: Hariyama|atk|6|[from] move: Belly Drum\n|-enditem|p1a: Hariyama|Sitrus Berry|[eat]\n|-heal|p1a: Hariyama|75\/100|[from] item: Sitrus Berry\n|\n|-weather|SunnyDay|[upkeep]\n|upkeep\n|turn|2\n|\n|t:|1698540587\n|move|p1a: Hariyama|Bullet Punch|p2a: Trevenant\n|-damage|p2a: Trevenant|33\/100\n|-enditem|p2a: Trevenant|Sitrus Berry|[eat]\n|-heal|p2a: Trevenant|58\/100|[from] item: Sitrus Berry\n|move|p2a: Trevenant|Curse|p1a: Hariyama\n|-start|p1a: Hariyama|Curse|[of] p2a: Trevenant\n|-damage|p2a: Trevenant|8\/100\n|\n|-weather|SunnyDay|[upkeep]\n|-damage|p1a: Hariyama|50\/100|[from] Curse\n|-item|p2a: Trevenant|Sitrus Berry|[from] ability: Harvest\n|upkeep\n|-enditem|p2a: Trevenant|Sitrus Berry|[eat]\n|-heal|p2a: Trevenant|33\/100|[from] item: Sitrus Berry\n|turn|3\n|\n|t:|1698540592\n|move|p2a: Trevenant|Protect|p2a: Trevenant\n|-singleturn|p2a: Trevenant|Protect\n|move|p1a: Hariyama|Bullet Punch|p2a: Trevenant\n|-activate|p2a: Trevenant|move: Protect\n|\n|-weather|SunnyDay|[upkeep]\n|-damage|p1a: Hariyama|26\/100|[from] Curse\n|-item|p2a: Trevenant|Sitrus Berry|[from] ability: Harvest\n|upkeep\n|-enditem|p2a: Trevenant|Sitrus Berry|[eat]\n|-heal|p2a: Trevenant|58\/100|[from] item: Sitrus Berry\n|turn|4\n|\n|t:|1698540598\n|move|p1a: Hariyama|Bullet Punch|p2a: Trevenant\n|-damage|p2a: Trevenant|0 fnt\n|faint|p2a: Trevenant\n|\n|-weather|SunnyDay|[upkeep]\n|-damage|p1a: Hariyama|1\/100|[from] Curse\n|upkeep\n|\n|t:|1698540602\n|switch|p2a: Kleffy|Klefki, F, shiny|100\/100\n|turn|5\n|\n|t:|1698540610\n|move|p2a: Kleffy|Light Screen|p2a: Kleffy\n|-sidestart|p2: LudoThePumpkinBro|move: Light Screen\n|move|p1a: Hariyama|Knock Off|p2a: Kleffy\n|-resisted|p2a: Kleffy\n|-damage|p2a: Kleffy|22\/100\n|-enditem|p2a: Kleffy|Choice Specs|[from] move: Knock Off|[of] p1a: Hariyama\n|\n|-weather|none\n|-damage|p1a: Hariyama|0 fnt|[from] Curse\n|faint|p1a: Hariyama\n|upkeep\n|\n|t:|1698540628\n|switch|p1a: Krookodile|Krookodile, F|100\/100\n|-ability|p1a: Krookodile|Intimidate|boost\n|-unboost|p2a: Kleffy|atk|1\n|turn|6\n|\n|t:|1698540635\n|move|p2a: Kleffy|Reflect|p2a: Kleffy\n|-sidestart|p2: LudoThePumpkinBro|Reflect\n|move|p1a: Krookodile|Earthquake|p2a: Kleffy\n|-supereffective|p2a: Kleffy\n|-damage|p2a: Kleffy|0 fnt\n|faint|p2a: Kleffy\n|\n|upkeep\n|c|\u2606LudoThePumpkinBro|u got any dark type moves on that thing\n|inactive|LudoThePumpkinBro has 120 seconds left.\n|c|\u2606LudoThePumpkinBro|yes? no?\n|c|\u2606Cub449|nol\n|c|\u2606LudoThePumpkinBro|cool.\n|\n|t:|1698540694\n|switch|p2a: condom balloon|Drifblim, F, shiny|100\/100\n|turn|7\n|c|\u2606Cub449|racist\n|\n|t:|1698540704\n|move|p1a: Krookodile|Gunk Shot|p2a: condom balloon\n|-resisted|p2a: condom balloon\n|-damage|p2a: condom balloon|85\/100\n|move|p2a: condom balloon|Minimize|p2a: condom balloon\n|-boost|p2a: condom balloon|evasion|2\n|\n|-heal|p2a: condom balloon|91\/100|[from] item: Leftovers\n|upkeep\n|turn|8\n|c|\u2606LudoThePumpkinBro|i only have normal moves on my drifblim which are white so\n|c|\u2606LudoThePumpkinBro|most likely racist.\n|\n|t:|1698540729\n|move|p1a: Krookodile|Bulk Up|p1a: Krookodile\n|-boost|p1a: Krookodile|atk|1\n|-boost|p1a: Krookodile|def|1\n|move|p2a: condom balloon|Minimize|p2a: condom balloon\n|-boost|p2a: condom balloon|evasion|2\n|\n|-heal|p2a: condom balloon|98\/100|[from] item: Leftovers\n|upkeep\n|turn|9\n|c|\u2606Cub449|aight bet\n|\n|t:|1698540736\n|move|p1a: Krookodile|Bulk Up|p1a: Krookodile\n|-boost|p1a: Krookodile|atk|1\n|-boost|p1a: Krookodile|def|1\n|move|p2a: condom balloon|Minimize|p2a: condom balloon\n|-boost|p2a: condom balloon|evasion|2\n|\n|-heal|p2a: condom balloon|100\/100|[from] item: Leftovers\n|-sideend|p2: LudoThePumpkinBro|move: Light Screen\n|upkeep\n|turn|10\n|\n|t:|1698540743\n|move|p1a: Krookodile|Bulk Up|p1a: Krookodile\n|-boost|p1a: Krookodile|atk|1\n|-boost|p1a: Krookodile|def|1\n|move|p2a: condom balloon|Substitute|p2a: condom balloon\n|-start|p2a: condom balloon|Substitute\n|-damage|p2a: condom balloon|76\/100\n|\n|-heal|p2a: condom balloon|82\/100|[from] item: Leftovers\n|-sideend|p2: LudoThePumpkinBro|Reflect\n|upkeep\n|turn|11\n|\n|t:|1698540751\n|move|p1a: Krookodile|Bulk Up|p1a: Krookodile\n|-boost|p1a: Krookodile|atk|1\n|-boost|p1a: Krookodile|def|1\n|move|p2a: condom balloon|Baton Pass|p2a: condom balloon\n|\n|t:|1698540755\n|switch|p2a: Clitster|Cloyster, M|100\/100|[from] Baton Pass\n|\n|upkeep\n|turn|12\n|\n|t:|1698540765\n|move|p1a: Krookodile|Earthquake|p2a: Clitster|[miss]\n|-miss|p1a: Krookodile|p2a: Clitster\n|move|p2a: Clitster|Shell Smash|p2a: Clitster\n|-unboost|p2a: Clitster|def|1\n|-unboost|p2a: Clitster|spd|1\n|-boost|p2a: Clitster|atk|2\n|-boost|p2a: Clitster|spa|2\n|-boost|p2a: Clitster|spe|2\n|\n|upkeep\n|turn|13\n|\n|t:|1698540773\n|move|p2a: Clitster|Icicle Spear|p1a: Krookodile\n|-supereffective|p1a: Krookodile\n|-damage|p1a: Krookodile|86\/100\n|-supereffective|p1a: Krookodile\n|-damage|p1a: Krookodile|71\/100\n|-supereffective|p1a: Krookodile\n|-damage|p1a: Krookodile|57\/100\n|-supereffective|p1a: Krookodile\n|-damage|p1a: Krookodile|44\/100\n|-supereffective|p1a: Krookodile\n|-damage|p1a: Krookodile|30\/100\n|-hitcount|p1a: Krookodile|5\n|cant|p1a: Krookodile|flinch\n|\n|-heal|p1a: Krookodile|36\/100|[from] item: Leftovers\n|upkeep\n|turn|14\n|c|\u2606Cub449|oh uh\n|\n|t:|1698540790\n|-terastallize|p1a: Krookodile|Poison\n|move|p2a: Clitster|Icicle Spear|p1a: Krookodile\n|-damage|p1a: Krookodile|29\/100\n|-damage|p1a: Krookodile|22\/100\n|-damage|p1a: Krookodile|14\/100\n|-damage|p1a: Krookodile|7\/100\n|-damage|p1a: Krookodile|0 fnt\n|faint|p1a: Krookodile\n|-hitcount|p1: Krookodile|5\n|\n|upkeep\n|c|\u2606LudoThePumpkinBro|yes\n|inactive|Cub449 has 120 seconds left.\n|\n|t:|1698540812\n|switch|p1a: Rotom|Rotom-Wash|100\/100\n|turn|15\n|\n|t:|1698540823\n|move|p2a: Clitster|Rock Blast|p1a: Rotom\n|-damage|p1a: Rotom|92\/100\n|-damage|p1a: Rotom|82\/100\n|-damage|p1a: Rotom|73\/100\n|-damage|p1a: Rotom|64\/100\n|-damage|p1a: Rotom|55\/100\n|-hitcount|p1a: Rotom|5\n|cant|p1a: Rotom|flinch\n|\n|-heal|p1a: Rotom|61\/100|[from] item: Leftovers\n|upkeep\n|turn|16\n|\n|t:|1698540835\n|move|p2a: Clitster|Rock Blast|p1a: Rotom\n|-damage|p1a: Rotom|51\/100\n|-damage|p1a: Rotom|42\/100\n|-damage|p1a: Rotom|33\/100\n|-damage|p1a: Rotom|24\/100\n|-damage|p1a: Rotom|14\/100\n|-hitcount|p1a: Rotom|5\n|move|p1a: Rotom|Discharge|p2a: Clitster|[miss]\n|-miss|p1a: Rotom|p2a: Clitster\n|\n|-heal|p1a: Rotom|21\/100|[from] item: Leftovers\n|upkeep\n|turn|17\n|c|\u2606LudoThePumpkinBro|wow this cloyster is busted as a mothafucka\n|c|\u2606Cub449|the racism is wild\n|inactive|Cub449 has 120 seconds left.\n|c|\u2606Cub449|i know i used to use it\n|c|\u2606LudoThePumpkinBro|sorry i'll lower down the racist\n|\n|t:|1698540858\n|move|p2a: Clitster|Rock Blast|p1a: Rotom\n|-damage|p1a: Rotom|12\/100\n|-damage|p1a: Rotom|3\/100\n|-damage|p1a: Rotom|0 fnt\n|faint|p1a: Rotom\n|-hitcount|p1: Rotom|3\n|\n|upkeep\n|inactive|Cub449 has 120 seconds left.\n|\n|t:|1698540879\n|switch|p1a: Espathra|Espathra, M, shiny|100\/100\n|turn|18\n|\n|t:|1698540884\n|move|p2a: Clitster|Icicle Spear|p1a: Espathra\n|-damage|p1a: Espathra|84\/100\n|-damage|p1a: Espathra|69\/100\n|-damage|p1a: Espathra|53\/100\n|-damage|p1a: Espathra|38\/100\n|-damage|p1a: Espathra|23\/100\n|-hitcount|p1a: Espathra|5\n|cant|p1a: Espathra|flinch\n|\n|-heal|p1a: Espathra|29\/100|[from] item: Leftovers\n|-ability|p1a: Espathra|Speed Boost|boost\n|-boost|p1a: Espathra|spe|1\n|upkeep\n|turn|19\n|\n|t:|1698540897\n|move|p2a: Clitster|Icicle Spear|p1a: Espathra\n|-damage|p1a: Espathra|14\/100\n|-damage|p1a: Espathra|0 fnt\n|faint|p1a: Espathra\n|-hitcount|p1: Espathra|2\n|\n|upkeep\n|\n|t:|1698540902\n|switch|p1a: Gliscor|Gliscor, F|100\/100\n|turn|20\n|inactive|Cub449 has 120 seconds left.\n|\n|t:|1698540907\n|move|p2a: Clitster|Icicle Spear|p1a: Gliscor\n|-supereffective|p1a: Gliscor\n|-damage|p1a: Gliscor|63\/100\n|-supereffective|p1a: Gliscor\n|-damage|p1a: Gliscor|22\/100\n|-supereffective|p1a: Gliscor\n|-damage|p1a: Gliscor|0 fnt\n|faint|p1a: Gliscor\n|-hitcount|p1: Gliscor|3\n|\n|upkeep\n|\n|t:|1698540911\n|switch|p1a: Groudon|Groudon|100\/100\n|-weather|SunnyDay|[from] ability: Drought|[of] p1a: Groudon\n|turn|21\n|c|\u2606Cub449|ggs\n|\n|t:|1698540916\n|move|p2a: Clitster|Icicle Spear|p1a: Groudon\n|-supereffective|p1a: Groudon\n|-damage|p1a: Groudon|83\/100\n|-supereffective|p1a: Groudon\n|-damage|p1a: Groudon|66\/100\n|-supereffective|p1a: Groudon\n|-damage|p1a: Groudon|48\/100\n|-supereffective|p1a: Groudon\n|-damage|p1a: Groudon|31\/100\n|-supereffective|p1a: Groudon\n|-damage|p1a: Groudon|14\/100\n|-hitcount|p1a: Groudon|5\n|move|p1a: Groudon|Precipice Blades|p2a: Clitster|[miss]\n|-miss|p1a: Groudon|p2a: Clitster\n|\n|-weather|SunnyDay|[upkeep]\n|-heal|p1a: Groudon|20\/100|[from] item: Leftovers\n|upkeep\n|turn|22\n|\n|t:|1698540931\n|move|p2a: Clitster|Hydro Pump|p1a: Groudon\n|-supereffective|p1a: Groudon\n|-damage|p1a: Groudon|0 fnt\n|faint|p1a: Groudon\n|\n|win|LudoThePumpkinBro\n|raw|Cub449's rating: 1128 &rarr; <strong>1099<\/strong><br \/>(-29 for losing)\n|raw|LudoThePumpkinBro's rating: 1079 &rarr; <strong>1111<\/strong><br \/>(+32 for winning)\n","uploadtime":1698540850,"views":9,"p1id":"cub449","p2id":"ludothepumpkinbro","formatid":"gen9anythinggoes","rating":1099,"private":0,"password":""}