{"id":"gen9anythinggoes-1975873253","p1":"loch2009","p2":"Miror_B_leave it","format":"[Gen 9] Anything Goes","log":"|j|\u2606loch2009\n|j|\u2606Miror_B_leave it\n|t:|1698245553\n|gametype|singles\n|player|p1|loch2009|cynthia-gen4|1320\n|player|p2|Miror_B_leave it|musician-gen9|1243\n|teamsize|p1|6\n|teamsize|p2|6\n|gen|9\n|tier|[Gen 9] Anything Goes\n|rated|\n|rule|HP Percentage Mod: HP is shown in percentages\n|rule|Endless Battle Clause: Forcing endless battles is banned\n|clearpoke\n|poke|p1|Calyrex-Shadow|\n|poke|p1|Polteageist-Antique|\n|poke|p1|Ursaluna-Bloodmoon, M|\n|poke|p1|Kyogre|\n|poke|p1|Dragapult, F|\n|poke|p1|Drifblim, F|\n|poke|p2|Ludicolo, M|\n|poke|p2|Ludicolo, M|\n|poke|p2|Ludicolo, M|\n|poke|p2|Ludicolo, M|\n|poke|p2|Sudowoodo, M|\n|poke|p2|Meloetta|\n|teampreview\n|c|\u2606loch2009|im terrified\n|c|\u2606loch2009|have fun\n|\n|t:|1698245583\n|start\n|switch|p1a: Drifblim|Drifblim, F|100\/100\n|switch|p2a: Dancer #1|Ludicolo, M|100\/100\n|turn|1\n|c|\u2606Miror_B_leave it|ima try\n|\n|t:|1698245599\n|move|p1a: Drifblim|Minimize|p1a: Drifblim\n|-boost|p1a: Drifblim|evasion|2\n|move|p2a: Dancer #1|Rain Dance|p2a: Dancer #1\n|-weather|RainDance\n|\n|-weather|RainDance|[upkeep]\n|upkeep\n|turn|2\n|\n|t:|1698245604\n|move|p2a: Dancer #1|Ice Beam|p1a: Drifblim\n|-supereffective|p1a: Drifblim\n|-damage|p1a: Drifblim|46\/100\n|-enditem|p1a: Drifblim|Weakness Policy\n|-boost|p1a: Drifblim|atk|2|[from] item: Weakness Policy\n|-boost|p1a: Drifblim|spa|2|[from] item: Weakness Policy\n|move|p1a: Drifblim|Minimize|p1a: Drifblim\n|-boost|p1a: Drifblim|evasion|2\n|\n|-weather|RainDance|[upkeep]\n|upkeep\n|turn|3\n|\n|t:|1698245617\n|move|p1a: Drifblim|Baton Pass|p1a: Drifblim\n|c|\u2606Miror_B_leave it|i am already not having fun\n|c|\u2606loch2009|fair\n|\n|t:|1698245639\n|switch|p1a: Polteageist|Polteageist-Antique|100\/100|[from] Baton Pass\n|move|p2a: Dancer #1|Ice Beam|p1a: Polteageist|[miss]\n|-miss|p2a: Dancer #1|p1a: Polteageist\n|\n|-weather|RainDance|[upkeep]\n|upkeep\n|turn|4\n|\n|t:|1698245661\n|move|p2a: Dancer #1|Weather Ball|p1a: Polteageist\n|-damage|p1a: Polteageist|28\/100\n|move|p1a: Polteageist|Baton Pass|p1a: Polteageist\n|\n|t:|1698245666\n|switch|p1a: Calyrex|Calyrex-Shadow|100\/100|[from] Baton Pass\n|-ability|p1a: Calyrex|As One\n|-ability|p1a: Calyrex|Unnerve\n|\n|-weather|RainDance|[upkeep]\n|upkeep\n|turn|5\n|\n|t:|1698245677\n|move|p2a: Dancer #1|Weather Ball|p1a: Calyrex\n|-damage|p1a: Calyrex|37\/100\n|move|p1a: Calyrex|Astral Barrage|p2a: Dancer #1\n|-damage|p2a: Dancer #1|0 fnt\n|faint|p2a: Dancer #1\n|-ability|p1a: Calyrex|Grim Neigh|boost\n|-boost|p1a: Calyrex|spa|1\n|\n|-weather|RainDance|[upkeep]\n|upkeep\n|\n|t:|1698245684\n|switch|p2a: Dancer #4|Ludicolo, M|100\/100\n|turn|6\n|c|\u2606loch2009|the swift smiw\n|\n|t:|1698245693\n|move|p2a: Dancer #4|Weather Ball|p1a: Calyrex|[miss]\n|-miss|p2a: Dancer #4|p1a: Calyrex\n|move|p1a: Calyrex|Astral Barrage|p2a: Dancer #4\n|-damage|p2a: Dancer #4|0 fnt\n|faint|p2a: Dancer #4\n|-ability|p1a: Calyrex|Grim Neigh|boost\n|-boost|p1a: Calyrex|spa|1\n|\n|-weather|RainDance|[upkeep]\n|upkeep\n|\n|t:|1698245701\n|switch|p2a: Dancer #2|Ludicolo, M|100\/100\n|turn|7\n|\n|t:|1698245705\n|move|p2a: Dancer #2|Weather Ball|p1a: Calyrex|[miss]\n|-miss|p2a: Dancer #2|p1a: Calyrex\n|move|p1a: Calyrex|Astral Barrage|p2a: Dancer #2\n|-damage|p2a: Dancer #2|0 fnt\n|faint|p2a: Dancer #2\n|-ability|p1a: Calyrex|Grim Neigh|boost\n|-boost|p1a: Calyrex|spa|1\n|\n|-weather|RainDance|[upkeep]\n|upkeep\n|c|\u2606Miror_B_leave it|pain\n|c|\u2606loch2009|yes\n|\n|t:|1698245714\n|switch|p2a: The Bouncer|Sudowoodo, M|100\/100\n|turn|8\n|\n|t:|1698245721\n|move|p2a: The Bouncer|Sucker Punch|p1a: Calyrex|[miss]\n|-miss|p2a: The Bouncer|p1a: Calyrex\n|move|p1a: Calyrex|Draining Kiss|p2a: The Bouncer\n|-ability|p2a: The Bouncer|Sturdy\n|-damage|p2a: The Bouncer|1\/100\n|-heal|p1a: Calyrex|98\/100|[from] drain|[of] p2a: The Bouncer\n|\n|-weather|none\n|upkeep\n|turn|9\n|\n|t:|1698245736\n|move|p1a: Calyrex|Draining Kiss|p2a: The Bouncer\n|-damage|p2a: The Bouncer|0 fnt\n|-heal|p1a: Calyrex|99\/100|[from] drain|[of] p2a: The Bouncer\n|faint|p2a: The Bouncer\n|-ability|p1a: Calyrex|Grim Neigh|boost\n|-boost|p1a: Calyrex|spa|1\n|\n|upkeep\n|\n|t:|1698245739\n|switch|p2a: The Star|Meloetta|100\/100\n|turn|10\n|\n|t:|1698245747\n|move|p1a: Calyrex|Dark Pulse|p2a: The Star\n|-supereffective|p2a: The Star\n|-damage|p2a: The Star|0 fnt\n|faint|p2a: The Star\n|\n|upkeep\n|c|\u2606loch2009|gg\n|\n|t:|1698245751\n|switch|p2a: Dancer #3|Ludicolo, M|100\/100\n|turn|11\n|c|\u2606Miror_B_leave it|no it wasnt\n|c|\u2606Miror_B_leave it|dont lie\n|c|\u2606loch2009|unfair game\n|c|\u2606Miror_B_leave it|it was fun for none of us\n|\n|t:|1698245771\n|move|p1a: Calyrex|Astral Barrage|p2a: Dancer #3\n|-damage|p2a: Dancer #3|0 fnt\n|faint|p2a: Dancer #3\n|\n|win|loch2009\n|raw|loch2009's rating: 1320 &rarr; <strong>1336<\/strong><br \/>(+16 for winning)\n|raw|Miror_B_leave it's rating: 1243 &rarr; <strong>1223<\/strong><br \/>(-20 for losing)\n","uploadtime":1698245779,"views":6,"p1id":"loch2009","p2id":"mirorbleaveit","formatid":"gen9anythinggoes","rating":1223,"private":0,"password":""}