{"id":"gen9anythinggoes-1987444979","p1":"isurmomcuteaf","p2":"Namanpokemonmaster","format":"[Gen 9] Anything Goes","log":"|j|\u203disurmomcuteaf\n|j|\u2606Namanpokemonmaster\n|t:|1699592555\n|gametype|singles\n|player|p1|isurmomcuteaf|ghetsis-gen5bw|1475\n|player|p2|Namanpokemonmaster|nate|1609\n|teamsize|p1|6\n|teamsize|p2|6\n|gen|9\n|tier|[Gen 9] Anything Goes\n|rated|\n|rule|HP Percentage Mod: HP is shown in percentages\n|rule|Endless Battle Clause: Forcing endless battles is banned\n|clearpoke\n|poke|p1|Lycanroc-Dusk, M|\n|poke|p1|Dragapult, F|\n|poke|p1|Calyrex-Shadow|\n|poke|p1|Arceus|\n|poke|p1|Regieleki|\n|poke|p1|Zacian-*|\n|poke|p2|Arceus-Ground|\n|poke|p2|Arceus|\n|poke|p2|Ditto|\n|poke|p2|Eternatus|\n|poke|p2|Koraidon|\n|poke|p2|Miraidon|\n|teampreview\n|inactive|Battle timer is ON: inactive players will automatically lose when time's up. (requested by isurmomcuteaf)\n|\n|t:|1699592561\n|start\n|switch|p1a: Lycanroc|Lycanroc-Dusk, M|100\/100\n|switch|p2a: Eternatus|Eternatus|100\/100\n|-ability|p2a: Eternatus|Pressure\n|turn|1\n|\n|t:|1699592570\n|move|p2a: Eternatus|Dynamax Cannon|p1a: Lycanroc\n|-enditem|p1a: Lycanroc|Focus Sash\n|-damage|p1a: Lycanroc|1\/100\n|-damage|p2a: Eternatus|91\/100|[from] item: Life Orb\n|move|p1a: Lycanroc|Taunt|p2a: Eternatus\n|-start|p2a: Eternatus|move: Taunt\n|\n|upkeep\n|turn|2\n|\n|t:|1699592580\n|move|p1a: Lycanroc|Accelerock|p2a: Eternatus\n|-damage|p2a: Eternatus|70\/100\n|move|p2a: Eternatus|Dynamax Cannon|p1a: Lycanroc\n|-damage|p1a: Lycanroc|0 fnt\n|faint|p1a: Lycanroc\n|-damage|p2a: Eternatus|60\/100|[from] item: Life Orb\n|\n|upkeep\n|\n|t:|1699592589\n|switch|p1a: Zacian|Zacian-Crowned|100\/100\n|-ability|p1a: Zacian|Intrepid Sword|boost\n|-boost|p1a: Zacian|atk|1\n|turn|3\n|\n|t:|1699592594\n|move|p1a: Zacian|Play Rough|p2a: Eternatus\n|-damage|p2a: Eternatus|0 fnt\n|faint|p2a: Eternatus\n|\n|upkeep\n|\n|t:|1699592602\n|switch|p2a: Arceus|Arceus-Ground|100\/100\n|turn|4\n|\n|t:|1699592613\n|switch|p1a: Dragapult|Dragapult, F|100\/100\n|move|p2a: Arceus|Judgment|p1a: Dragapult\n|-damage|p1a: Dragapult|38\/100\n|\n|upkeep\n|turn|5\n|\n|t:|1699592620\n|move|p1a: Dragapult|Dragon Darts|p2a: Arceus\n|-damage|p2a: Arceus|83\/100\n|-anim|p1a: Dragapult|Dragon Darts|p2a: Arceus\n|-damage|p2a: Arceus|66\/100\n|-damage|p1a: Dragapult|28\/100|[from] item: Life Orb\n|move|p2a: Arceus|Judgment|p1a: Dragapult\n|-damage|p1a: Dragapult|0 fnt\n|faint|p1a: Dragapult\n|\n|upkeep\n|\n|t:|1699592624\n|switch|p1a: Regieleki|Regieleki|100\/100\n|turn|6\n|\n|t:|1699592633\n|move|p1a: Regieleki|Extreme Speed|p2a: Arceus\n|-damage|p2a: Arceus|56\/100\n|move|p2a: Arceus|Judgment|p1a: Regieleki\n|-supereffective|p1a: Regieleki\n|-damage|p1a: Regieleki|0 fnt\n|faint|p1a: Regieleki\n|\n|upkeep\n|\n|t:|1699592637\n|switch|p1a: Arceus|Arceus|100\/100\n|turn|7\n|\n|t:|1699592645\n|move|p2a: Arceus|Recover|p2a: Arceus\n|-heal|p2a: Arceus|100\/100\n|move|p1a: Arceus|Swords Dance|p1a: Arceus\n|-boost|p1a: Arceus|atk|2\n|\n|upkeep\n|turn|8\n|\n|t:|1699592652\n|switch|p2a: Koraidon|Koraidon|100\/100\n|-weather|SunnyDay|[from] ability: Orichalcum Pulse|[of] p2a: Koraidon\n|-activate|p2a: Koraidon|Orichalcum Pulse|[source]\n|move|p1a: Arceus|Extreme Speed|p2a: Koraidon\n|-damage|p2a: Koraidon|30\/100\n|\n|-weather|SunnyDay|[upkeep]\n|-heal|p2a: Koraidon|36\/100|[from] item: Leftovers\n|upkeep\n|turn|9\n|\n|t:|1699592663\n|move|p1a: Arceus|Extreme Speed|p2a: Koraidon\n|-damage|p2a: Koraidon|0 fnt\n|faint|p2a: Koraidon\n|\n|-weather|SunnyDay|[upkeep]\n|upkeep\n|\n|t:|1699592675\n|switch|p2a: Arceus|Arceus|100\/100\n|turn|10\n|\n|t:|1699592694\n|move|p1a: Arceus|Extreme Speed|p2a: Arceus\n|-damage|p2a: Arceus|48\/100\n|move|p2a: Arceus|Roar|p1a: Arceus\n|drag|p1a: Zacian|Zacian-Crowned|100\/100\n|\n|-weather|SunnyDay|[upkeep]\n|-heal|p2a: Arceus|54\/100|[from] item: Leftovers\n|upkeep\n|turn|11\n|\n|t:|1699592704\n|move|p1a: Zacian|Close Combat|p2a: Arceus\n|-supereffective|p2a: Arceus\n|-damage|p2a: Arceus|0 fnt\n|-unboost|p1a: Zacian|def|1\n|-unboost|p1a: Zacian|spd|1\n|faint|p2a: Arceus\n|\n|-weather|SunnyDay|[upkeep]\n|upkeep\n|\n|t:|1699592714\n|switch|p2a: Ditto|Ditto|100\/100\n|-transform|p2a: Ditto|p1a: Zacian|[from] ability: Imposter\n|-ability|p2a: Ditto|Intrepid Sword|boost\n|-boost|p2a: Ditto|atk|1\n|turn|12\n|\n|t:|1699592721\n|move|p2a: Ditto|Close Combat|p1a: Zacian\n|-damage|p1a: Zacian|2\/100\n|-unboost|p2a: Ditto|def|1\n|-unboost|p2a: Ditto|spd|1\n|move|p1a: Zacian|Behemoth Blade|p2a: Ditto\n|-damage|p2a: Ditto|0 fnt\n|faint|p2a: Ditto\n|\n|-weather|none\n|upkeep\n|\n|t:|1699592736\n|switch|p2a: Arceus|Arceus-Ground|100\/100\n|turn|13\n|\n|t:|1699592742\n|move|p1a: Zacian|Play Rough|p2a: Arceus\n|-damage|p2a: Arceus|76\/100\n|move|p2a: Arceus|Judgment|p1a: Zacian\n|-supereffective|p1a: Zacian\n|-damage|p1a: Zacian|0 fnt\n|faint|p1a: Zacian\n|\n|upkeep\n|j| itzZen\n|\n|t:|1699592749\n|switch|p1a: Arceus|Arceus|100\/100\n|turn|14\n|\n|t:|1699592760\n|move|p2a: Arceus|Ice Beam|p1a: Arceus\n|-damage|p1a: Arceus|86\/100\n|-status|p1a: Arceus|frz\n|-curestatus|p1a: Arceus|frz|[msg]\n|move|p1a: Arceus|Swords Dance|p1a: Arceus\n|-boost|p1a: Arceus|atk|2\n|\n|upkeep\n|turn|15\n|\n|t:|1699592772\n|move|p2a: Arceus|Judgment|p1a: Arceus\n|-damage|p1a: Arceus|56\/100\n|move|p1a: Arceus|Swords Dance|p1a: Arceus\n|-boost|p1a: Arceus|atk|2\n|\n|upkeep\n|turn|16\n|\n|t:|1699592780\n|move|p2a: Arceus|Judgment|p1a: Arceus\n|-damage|p1a: Arceus|23\/100\n|move|p1a: Arceus|Swords Dance|p1a: Arceus\n|-boost|p1a: Arceus|atk|2\n|\n|upkeep\n|turn|17\n|\n|t:|1699592787\n|-terastallize|p1a: Arceus|Normal\n|move|p1a: Arceus|Extreme Speed|p2a: Arceus\n|-damage|p2a: Arceus|0 fnt\n|faint|p2a: Arceus\n|\n|upkeep\n|inactive|Namanpokemonmaster has 120 seconds left.\n|j| yokodai\n|inactive|Namanpokemonmaster has 90 seconds left.\n|l| yokodai\n|inactive|Namanpokemonmaster has 60 seconds left.\n|inactive|Namanpokemonmaster has 30 seconds left.\n|inactive|Namanpokemonmaster has 20 seconds left.\n|inactive|Namanpokemonmaster has 15 seconds left.\n|inactive|Namanpokemonmaster has 10 seconds left.\n|inactive|Namanpokemonmaster has 5 seconds left.\n|-message|Namanpokemonmaster lost due to inactivity.\n|\n|win|isurmomcuteaf\n|raw|isurmomcuteaf's rating: 1475 &rarr; <strong>1502<\/strong><br \/>(+27 for winning)\n|raw|Namanpokemonmaster's rating: 1609 &rarr; <strong>1582<\/strong><br \/>(-27 for losing)\n","uploadtime":1699592946,"views":21,"p1id":"isurmomcuteaf","p2id":"namanpokemonmaster","formatid":"gen9anythinggoes","rating":1502,"private":0,"password":""}