{"id":"gen9anythinggoes-1982977067","p1":"wispkey","p2":"JadenDraft1","format":"[Gen 9] Anything Goes","log":"|j|\u2606wispkey\n|j|\u2606JadenDraft1\n|t:|1699065417\n|gametype|singles\n|player|p1|wispkey|n|\n|player|p2|JadenDraft1|pokemonranger|\n|teamsize|p1|6\n|teamsize|p2|6\n|gen|9\n|tier|[Gen 9] Anything Goes\n|rule|HP Percentage Mod: HP is shown in percentages\n|rule|Endless Battle Clause: Forcing endless battles is banned\n|clearpoke\n|poke|p1|Zapdos|\n|poke|p1|Scream Tail|\n|poke|p1|Goodra-Hisui, M|\n|poke|p1|Mismagius, M|\n|poke|p1|Samurott-Hisui, M|\n|poke|p1|Donphan, F|\n|poke|p2|Urshifu-*, F|\n|poke|p2|Enamorus-Therian, F|\n|poke|p2|Flamigo, F|\n|poke|p2|Heatran, M|\n|poke|p2|Lokix, F|\n|poke|p2|Magnezone|\n|teampreview\n|\n|t:|1699065436\n|start\n|switch|p1a: Zapdos|Zapdos|100\/100\n|switch|p2a: Flamigo|Flamigo, F|100\/100\n|turn|1\n|\n|t:|1699065444\n|switch|p2a: Magnezone|Magnezone|100\/100\n|move|p1a: Zapdos|Volt Switch|p2a: Magnezone\n|-resisted|p2a: Magnezone\n|-damage|p2a: Magnezone|92\/100\n|\n|t:|1699065450\n|switch|p1a: Donphan|Donphan, F|100\/100|[from] Volt Switch\n|\n|upkeep\n|turn|2\n|\n|t:|1699065467\n|switch|p2a: Enamorus|Enamorus-Therian, F|100\/100\n|move|p1a: Donphan|Knock Off|p2a: Enamorus\n|-resisted|p2a: Enamorus\n|-damage|p2a: Enamorus|92\/100\n|-enditem|p2a: Enamorus|Assault Vest|[from] move: Knock Off|[of] p1a: Donphan\n|\n|upkeep\n|turn|3\n|\n|t:|1699065486\n|move|p1a: Donphan|Iron Head|p2a: Enamorus\n|-supereffective|p2a: Enamorus\n|-damage|p2a: Enamorus|62\/100\n|cant|p2a: Enamorus|flinch\n|\n|upkeep\n|turn|4\n|\n|t:|1699065495\n|switch|p2a: Urshifu|Urshifu-Rapid-Strike, F|100\/100\n|move|p1a: Donphan|Iron Head|p2a: Urshifu\n|-resisted|p2a: Urshifu\n|-damage|p2a: Urshifu|89\/100\n|\n|upkeep\n|turn|5\n|\n|t:|1699065527\n|switch|p1a: Goodra|Goodra-Hisui, M|100\/100\n|move|p2a: Urshifu|Surging Strikes|p1a: Goodra\n|-resisted|p1a: Goodra\n|-damage|p1a: Goodra|96\/100\n|-resisted|p1a: Goodra\n|-damage|p1a: Goodra|91\/100\n|-resisted|p1a: Goodra\n|-damage|p1a: Goodra|86\/100\n|-hitcount|p1a: Goodra|3\n|\n|upkeep\n|turn|6\n|\n|t:|1699065539\n|switch|p2a: Heatran|Heatran, M|100\/100\n|switch|p1a: Mismagius|Mismagius, M|100\/100\n|\n|upkeep\n|turn|7\n|\n|t:|1699065554\n|switch|p1a: Donphan|Donphan, F|100\/100\n|move|p2a: Heatran|Lava Plume|p1a: Donphan\n|-damage|p1a: Donphan|70\/100\n|\n|upkeep\n|turn|8\n|j| hurriking\n|\n|t:|1699065571\n|switch|p2a: Enamorus|Enamorus-Therian, F|62\/100\n|move|p1a: Donphan|Knock Off|p2a: Enamorus\n|-resisted|p2a: Enamorus\n|-damage|p2a: Enamorus|56\/100\n|\n|upkeep\n|turn|9\n|\n|t:|1699065615\n|switch|p1a: Scream Tail|Scream Tail|100\/100\n|move|p2a: Enamorus|Moonblast|p1a: Scream Tail\n|-damage|p1a: Scream Tail|73\/100\n|\n|-heal|p1a: Scream Tail|80\/100|[from] item: Leftovers\n|upkeep\n|turn|10\n|\n|t:|1699065628\n|move|p1a: Scream Tail|Wish|p1a: Scream Tail\n|move|p2a: Enamorus|Sludge Bomb|p1a: Scream Tail\n|-supereffective|p1a: Scream Tail\n|-damage|p1a: Scream Tail|40\/100\n|\n|-heal|p1a: Scream Tail|46\/100|[from] item: Leftovers\n|upkeep\n|turn|11\n|\n|t:|1699065660\n|-end|p1a: Scream Tail|Protosynthesis|[silent]\n|switch|p1a: Goodra|Goodra-Hisui, M|86\/100\n|switch|p2a: Heatran|Heatran, M|100\/100\n|\n|-heal|p1a: Goodra|100\/100|[from] move: Wish|[wisher] Scream Tail\n|upkeep\n|turn|12\n|\n|t:|1699065696\n|switch|p2a: Flamigo|Flamigo, F|100\/100\n|move|p1a: Goodra|Body Press|p2a: Flamigo\n|-resisted|p2a: Flamigo\n|-damage|p2a: Flamigo|84\/100\n|\n|upkeep\n|turn|13\n|\n|t:|1699065790\n|switch|p1a: Zapdos|Zapdos|100\/100\n|move|p2a: Flamigo|U-turn|p1a: Zapdos\n|-resisted|p1a: Zapdos\n|-damage|p1a: Zapdos|89\/100\n|-status|p2a: Flamigo|par|[from] ability: Static|[of] p1a: Zapdos\n|\n|t:|1699065815\n|switch|p2a: Heatran|Heatran, M|100\/100|[from] U-turn\n|\n|upkeep\n|turn|14\n|\n|t:|1699065835\n|move|p1a: Zapdos|Volt Switch|p2a: Heatran\n|-damage|p2a: Heatran|83\/100\n|\n|t:|1699065850\n|switch|p1a: Goodra|Goodra-Hisui, M|100\/100|[from] Volt Switch\n|move|p2a: Heatran|Lava Plume|p1a: Goodra\n|-damage|p1a: Goodra|82\/100\n|-status|p1a: Goodra|brn\n|\n|-damage|p1a: Goodra|76\/100 brn|[from] brn\n|upkeep\n|turn|15\n|\n|t:|1699065871\n|switch|p2a: Enamorus|Enamorus-Therian, F|56\/100\n|move|p1a: Goodra|Dragon Tail|p2a: Enamorus\n|-immune|p2a: Enamorus\n|\n|-damage|p1a: Goodra|70\/100 brn|[from] brn\n|upkeep\n|turn|16\n|\n|t:|1699065906\n|switch|p1a: Zapdos|Zapdos|89\/100\n|move|p2a: Enamorus|Moonblast|p1a: Zapdos\n|-damage|p1a: Zapdos|44\/100\n|-unboost|p1a: Zapdos|spa|1\n|\n|upkeep\n|turn|17\n|\n|t:|1699065929\n|move|p1a: Zapdos|Volt Switch|p2a: Enamorus\n|-supereffective|p2a: Enamorus\n|-damage|p2a: Enamorus|15\/100\n|\n|t:|1699065950\n|switch|p1a: Goodra|Goodra-Hisui, M|70\/100 brn|[from] Volt Switch\n|move|p2a: Enamorus|Moonblast|p1a: Goodra\n|-damage|p1a: Goodra|49\/100 brn\n|-unboost|p1a: Goodra|spa|1\n|\n|-damage|p1a: Goodra|43\/100 brn|[from] brn\n|upkeep\n|turn|18\n|\n|t:|1699065973\n|move|p1a: Goodra|Knock Off|p2a: Enamorus\n|-resisted|p2a: Enamorus\n|-damage|p2a: Enamorus|12\/100\n|move|p2a: Enamorus|Superpower|p1a: Goodra\n|-supereffective|p1a: Goodra\n|-damage|p1a: Goodra|4\/100 brn\n|-unboost|p2a: Enamorus|atk|1\n|-unboost|p2a: Enamorus|def|1\n|\n|-damage|p1a: Goodra|0 fnt|[from] brn\n|faint|p1a: Goodra\n|upkeep\n|\n|t:|1699065983\n|switch|p1a: Zapdos|Zapdos|44\/100\n|turn|19\n|\n|t:|1699065988\n|move|p1a: Zapdos|Volt Switch|p2a: Enamorus\n|-supereffective|p2a: Enamorus\n|-damage|p2a: Enamorus|0 fnt\n|faint|p2a: Enamorus\n|\n|t:|1699066004\n|switch|p1a: Scream Tail|Scream Tail|46\/100|[from] Volt Switch\n|\n|-heal|p1a: Scream Tail|53\/100|[from] item: Leftovers\n|upkeep\n|\n|t:|1699066048\n|switch|p2a: Magnezone|Magnezone|92\/100\n|turn|20\n|\n|t:|1699066102\n|move|p1a: Scream Tail|Protect|p1a: Scream Tail\n|-singleturn|p1a: Scream Tail|Protect\n|move|p2a: Magnezone|Flash Cannon|p1a: Scream Tail\n|-activate|p1a: Scream Tail|move: Protect\n|\n|-heal|p1a: Scream Tail|59\/100|[from] item: Leftovers\n|upkeep\n|turn|21\n|\n|t:|1699066171\n|-end|p1a: Scream Tail|Protosynthesis|[silent]\n|switch|p1a: Samurott|Samurott-Hisui, M, shiny|100\/100\n|move|p2a: Magnezone|Flash Cannon|p1a: Samurott\n|-resisted|p1a: Samurott\n|-damage|p1a: Samurott|60\/100\n|\n|-heal|p1a: Samurott|67\/100|[from] item: Leftovers\n|upkeep\n|turn|22\n|\n|t:|1699066202\n|move|p1a: Samurott|Sacred Sword|p2a: Magnezone\n|-supereffective|p2a: Magnezone\n|-damage|p2a: Magnezone|19\/100\n|move|p2a: Magnezone|Thunderbolt|p1a: Samurott\n|-supereffective|p1a: Samurott\n|-damage|p1a: Samurott|0 fnt\n|faint|p1a: Samurott\n|\n|upkeep\n|\n|t:|1699066278\n|switch|p1a: Zapdos|Zapdos|44\/100\n|turn|23\n|\n|t:|1699066285\n|move|p1a: Zapdos|Volt Switch|p2a: Magnezone\n|-resisted|p2a: Magnezone\n|-damage|p2a: Magnezone|11\/100\n|\n|t:|1699066292\n|switch|p1a: Donphan|Donphan, F|70\/100|[from] Volt Switch\n|move|p2a: Magnezone|Volt Switch|p1a: Donphan\n|-immune|p1a: Donphan\n|\n|upkeep\n|turn|24\n|\n|t:|1699066306\n|move|p2a: Magnezone|Flash Cannon|p1a: Donphan\n|-damage|p1a: Donphan|41\/100\n|move|p1a: Donphan|Knock Off|p2a: Magnezone\n|-damage|p2a: Magnezone|0 fnt\n|-enditem|p2a: Magnezone|Assault Vest|[from] move: Knock Off|[of] p1a: Donphan\n|faint|p2a: Magnezone\n|\n|upkeep\n|\n|t:|1699066311\n|switch|p2a: Urshifu|Urshifu-Rapid-Strike, F|89\/100\n|turn|25\n|\n|t:|1699066361\n|switch|p1a: Scream Tail|Scream Tail|59\/100\n|move|p2a: Urshifu|Surging Strikes|p1a: Scream Tail\n|-crit|p1a: Scream Tail\n|-damage|p1a: Scream Tail|41\/100\n|-crit|p1a: Scream Tail\n|-damage|p1a: Scream Tail|23\/100\n|-crit|p1a: Scream Tail\n|-damage|p1a: Scream Tail|3\/100\n|-hitcount|p1a: Scream Tail|3\n|\n|-heal|p1a: Scream Tail|9\/100|[from] item: Leftovers\n|upkeep\n|turn|26\n|\n|t:|1699066372\n|move|p2a: Urshifu|Surging Strikes|p1a: Scream Tail\n|-crit|p1a: Scream Tail\n|-damage|p1a: Scream Tail|0 fnt\n|faint|p1a: Scream Tail\n|-end|p1a: Scream Tail|Protosynthesis|[silent]\n|-hitcount|p1: Scream Tail|1\n|\n|upkeep\n|\n|t:|1699066380\n|switch|p1a: Zapdos|Zapdos|44\/100\n|turn|27\n|\n|t:|1699066410\n|switch|p2a: Flamigo|Flamigo, F|84\/100 par\n|move|p1a: Zapdos|Volt Switch|p2a: Flamigo\n|-supereffective|p2a: Flamigo\n|-damage|p2a: Flamigo|0 fnt\n|faint|p2a: Flamigo\n|\n|t:|1699066418\n|switch|p1a: Mismagius|Mismagius, M|100\/100|[from] Volt Switch\n|\n|upkeep\n|\n|t:|1699066421\n|switch|p2a: Lokix|Lokix, F|100\/100\n|turn|28\n|\n|t:|1699066477\n|move|p1a: Mismagius|Will-O-Wisp|p2a: Lokix\n|-status|p2a: Lokix|brn\n|move|p2a: Lokix|Knock Off|p1a: Mismagius\n|-supereffective|p1a: Mismagius\n|-damage|p1a: Mismagius|0 fnt\n|-enditem|p1a: Mismagius|Choice Scarf|[from] move: Knock Off|[of] p2a: Lokix\n|faint|p1a: Mismagius\n|\n|-damage|p2a: Lokix|94\/100 brn|[from] brn\n|upkeep\n|\n|t:|1699066520\n|switch|p1a: Zapdos|Zapdos|44\/100\n|turn|29\n|\n|t:|1699066535\n|move|p1a: Zapdos|Hurricane|p2a: Lokix|[miss]\n|-miss|p1a: Zapdos|p2a: Lokix\n|move|p2a: Lokix|Knock Off|p1a: Zapdos\n|-damage|p1a: Zapdos|8\/100\n|-enditem|p1a: Zapdos|Choice Scarf|[from] move: Knock Off|[of] p2a: Lokix\n|\n|-damage|p2a: Lokix|88\/100 brn|[from] brn\n|upkeep\n|turn|30\n|\n|t:|1699066544\n|move|p1a: Zapdos|Roost|p1a: Zapdos\n|-heal|p1a: Zapdos|58\/100\n|-singleturn|p1a: Zapdos|move: Roost\n|move|p2a: Lokix|Knock Off|p1a: Zapdos\n|-damage|p1a: Zapdos|33\/100\n|\n|-damage|p2a: Lokix|82\/100 brn|[from] brn\n|upkeep\n|turn|31\n|\n|t:|1699066553\n|switch|p2a: Heatran|Heatran, M|83\/100\n|move|p1a: Zapdos|Hurricane|p2a: Heatran\n|-resisted|p2a: Heatran\n|-damage|p2a: Heatran|70\/100\n|\n|upkeep\n|turn|32\n|\n|t:|1699066582\n|move|p1a: Zapdos|Volt Switch|p2a: Heatran\n|-damage|p2a: Heatran|53\/100\n|\n|t:|1699066585\n|switch|p1a: Donphan|Donphan, F|41\/100|[from] Volt Switch\n|move|p2a: Heatran|Lava Plume|p1a: Donphan\n|-damage|p1a: Donphan|10\/100\n|\n|upkeep\n|turn|33\n|\n|t:|1699066595\n|switch|p2a: Lokix|Lokix, F|82\/100 brn\n|move|p1a: Donphan|Earthquake|p2a: Lokix\n|-resisted|p2a: Lokix\n|-damage|p2a: Lokix|54\/100 brn\n|\n|-damage|p2a: Lokix|47\/100 brn|[from] brn\n|upkeep\n|turn|34\n|\n|t:|1699066665\n|switch|p1a: Zapdos|Zapdos|33\/100\n|move|p2a: Lokix|U-turn|p1a: Zapdos\n|-resisted|p1a: Zapdos\n|-damage|p1a: Zapdos|6\/100\n|\n|t:|1699066667\n|switch|p2a: Urshifu|Urshifu-Rapid-Strike, F|89\/100|[from] U-turn\n|\n|upkeep\n|turn|35\n|\n|t:|1699066677\n|move|p2a: Urshifu|Surging Strikes|p1a: Zapdos\n|-crit|p1a: Zapdos\n|-damage|p1a: Zapdos|0 fnt\n|faint|p1a: Zapdos\n|-hitcount|p1: Zapdos|1\n|\n|upkeep\n|\n|t:|1699066683\n|switch|p1a: Donphan|Donphan, F|10\/100\n|turn|36\n|c|\u2606JadenDraft1|gg\n|\n|t:|1699066694\n|move|p2a: Urshifu|Surging Strikes|p1a: Donphan\n|-supereffective|p1a: Donphan\n|-crit|p1a: Donphan\n|-damage|p1a: Donphan|0 fnt\n|faint|p1a: Donphan\n|-hitcount|p1: Donphan|1\n|\n|win|JadenDraft1\n","uploadtime":1699066706,"views":31,"p1id":"wispkey","p2id":"jadendraft1","formatid":"gen9anythinggoes","rating":0,"private":0,"password":""}