{"id":"gen9anythinggoes-1992705996","p1":"Ranguuusss","p2":"Lostmyacc72","format":"[Gen 9] Anything Goes","log":"|j|\u2606Ranguuusss\n|j|\u2606Lostmyacc72\n|t:|1700227419\n|gametype|singles\n|player|p1|Ranguuusss|ingo|1188\n|player|p2|Lostmyacc72|cyclist-gen4|1264\n|teamsize|p1|6\n|teamsize|p2|6\n|gen|9\n|tier|[Gen 9] Anything Goes\n|rated|\n|rule|HP Percentage Mod: HP is shown in percentages\n|rule|Endless Battle Clause: Forcing endless battles is banned\n|clearpoke\n|poke|p1|Decidueye, F|\n|poke|p1|Slither Wing|\n|poke|p1|Garchomp, M|\n|poke|p1|Zoroark-Hisui, M|\n|poke|p1|Sneasler, M|\n|poke|p1|Lycanroc-Dusk, F|\n|poke|p2|Arceus|\n|poke|p2|Koraidon|\n|poke|p2|Ting-Lu|\n|poke|p2|Calyrex-Shadow|\n|poke|p2|Arceus-Ground|\n|poke|p2|Landorus-Therian, M|\n|teampreview\n|inactive|Battle timer is ON: inactive players will automatically lose when time's up. (requested by Lostmyacc72)\n|c|\u2606Ranguuusss|oh holy shit\n|c|\u2606Lostmyacc72|what bruh\n|c|\u2606Ranguuusss|Im bout to die\n|\n|t:|1700227448\n|start\n|switch|p1a: Lycanroc|Lycanroc-Dusk, F|100\/100\n|switch|p2a: Koraidon|Koraidon|100\/100\n|-weather|SunnyDay|[from] ability: Orichalcum Pulse|[of] p2a: Koraidon\n|-activate|p2a: Koraidon|Orichalcum Pulse|[source]\n|turn|1\n|c|\u2606Lostmyacc72|okay deal with it\n|c|\u2606Ranguuusss|ok damn the hell wrong with you, no need to be a asshole\n|\n|t:|1700227475\n|move|p2a: Koraidon|Low Kick|p1a: Lycanroc\n|-supereffective|p1a: Lycanroc\n|-enditem|p1a: Lycanroc|Focus Sash\n|-damage|p1a: Lycanroc|1\/100\n|move|p1a: Lycanroc|Stealth Rock|p2a: Koraidon\n|-sidestart|p2: Lostmyacc72|move: Stealth Rock\n|\n|-weather|SunnyDay|[upkeep]\n|upkeep\n|turn|2\n|\n|t:|1700227482\n|move|p2a: Koraidon|Low Kick|p1a: Lycanroc\n|-supereffective|p1a: Lycanroc\n|-damage|p1a: Lycanroc|0 fnt\n|faint|p1a: Lycanroc\n|\n|-weather|SunnyDay|[upkeep]\n|upkeep\n|c|\u2606Lostmyacc72|i just said deal with it calm down\n|inactive|Ranguuusss has 120 seconds left.\n|\n|t:|1700227504\n|switch|p1a: Decidueye|Decidueye, F|100\/100\n|turn|3\n|\n|t:|1700227511\n|move|p2a: Koraidon|Flare Blitz|p1a: Decidueye\n|-supereffective|p1a: Decidueye\n|-damage|p1a: Decidueye|0 fnt\n|faint|p1a: Decidueye\n|-damage|p2a: Koraidon|71\/100|[from] Recoil\n|\n|-weather|SunnyDay|[upkeep]\n|upkeep\n|\n|t:|1700227517\n|switch|p1a: Sneasler|Sneasler, M|100\/100\n|turn|4\n|\n|t:|1700227540\n|move|p2a: Koraidon|Scale Shot|p1a: Sneasler\n|-damage|p1a: Sneasler|73\/100\n|replace|p1a: Zoroark|Zoroark-Hisui, M\n|-end|p1a: Zoroark|Illusion\n|-damage|p1a: Zoroark|45\/100\n|-damage|p1a: Zoroark|16\/100\n|-damage|p1a: Zoroark|0 fnt\n|faint|p1a: Zoroark\n|-hitcount|p1: Zoroark|4\n|-unboost|p2a: Koraidon|def|1\n|-boost|p2a: Koraidon|spe|1\n|\n|-weather|SunnyDay|[upkeep]\n|upkeep\n|\n|t:|1700227552\n|switch|p1a: Slither Wing|Slither Wing|100\/100\n|-activate|p1a: Slither Wing|ability: Protosynthesis\n|-start|p1a: Slither Wing|protosynthesisatk\n|turn|5\n|inactive|Lostmyacc72 has 120 seconds left.\n|l|\u2606Lostmyacc72\n|inactive|Lostmyacc72 disconnected and has a minute to reconnect!\n|player|p2|\n|j|\u2606Lostmyacc72\n|inactive|Lostmyacc72 reconnected and has 95 seconds left.\n|player|p2|Lostmyacc72|cyclist-gen4\n|inactive|Lostmyacc72 has 90 seconds left.\n|\n|t:|1700227615\n|move|p1a: Slither Wing|First Impression|p2a: Koraidon\n|-resisted|p2a: Koraidon\n|-damage|p2a: Koraidon|37\/100\n|move|p2a: Koraidon|Flare Blitz|p1a: Slither Wing\n|-supereffective|p1a: Slither Wing\n|-damage|p1a: Slither Wing|0 fnt\n|faint|p1a: Slither Wing\n|-end|p1a: Slither Wing|Protosynthesis|[silent]\n|-damage|p2a: Koraidon|12\/100|[from] Recoil\n|\n|-weather|none\n|upkeep\n|\n|t:|1700227626\n|switch|p1a: Sneasler|Sneasler, M|100\/100\n|turn|6\n|\n|t:|1700227629\n|move|p1a: Sneasler|Fake Out|p2a: Koraidon\n|-enditem|p1a: Sneasler|Normal Gem|[from] gem\n|-damage|p2a: Koraidon|0 fnt\n|faint|p2a: Koraidon\n|\n|upkeep\n|\n|t:|1700227633\n|switch|p2a: Arceus|Arceus-Ground|100\/100\n|-damage|p2a: Arceus|94\/100|[from] Stealth Rock\n|turn|7\n|\n|t:|1700227657\n|move|p1a: Sneasler|Dire Claw|p2a: Arceus\n|-resisted|p2a: Arceus\n|-damage|p2a: Arceus|76\/100\n|-status|p2a: Arceus|slp\n|cant|p2a: Arceus|slp\n|\n|upkeep\n|turn|8\n|c|\u2606Lostmyacc72|hm\n|\n|t:|1700227670\n|move|p1a: Sneasler|Close Combat|p2a: Arceus\n|-damage|p2a: Arceus|20\/100 slp\n|-unboost|p1a: Sneasler|def|1\n|-unboost|p1a: Sneasler|spd|1\n|cant|p2a: Arceus|slp\n|\n|upkeep\n|turn|9\n|\n|t:|1700227677\n|move|p1a: Sneasler|Dire Claw|p2a: Arceus\n|-resisted|p2a: Arceus\n|-damage|p2a: Arceus|2\/100 slp\n|-curestatus|p2a: Arceus|slp|[msg]\n|move|p2a: Arceus|Recover|p2a: Arceus\n|-heal|p2a: Arceus|52\/100\n|\n|upkeep\n|turn|10\n|\n|t:|1700227684\n|move|p1a: Sneasler|Close Combat|p2a: Arceus\n|-damage|p2a: Arceus|3\/100\n|-unboost|p1a: Sneasler|def|1\n|-unboost|p1a: Sneasler|spd|1\n|move|p2a: Arceus|Judgment|p1a: Sneasler\n|-supereffective|p1a: Sneasler\n|-damage|p1a: Sneasler|0 fnt\n|faint|p1a: Sneasler\n|\n|upkeep\n|\n|t:|1700227693\n|switch|p1a: Garchomp|Garchomp, M|100\/100\n|turn|11\n|\n|t:|1700227698\n|move|p2a: Arceus|Judgment|p1a: Garchomp\n|-damage|p1a: Garchomp|36\/100\n|move|p1a: Garchomp|Earthquake|p2a: Arceus\n|-damage|p2a: Arceus|0 fnt\n|faint|p2a: Arceus\n|\n|upkeep\n|\n|t:|1700227702\n|switch|p2a: Arceus|Arceus|100\/100\n|turn|12\n|\n|t:|1700227709\n|-terastallize|p1a: Garchomp|Dragon\n|move|p2a: Arceus|Extreme Speed|p1a: Garchomp\n|-damage|p1a: Garchomp|0 fnt\n|-damage|p2a: Arceus|88\/100|[from] ability: Rough Skin|[of] p1a: Garchomp\n|-damage|p2a: Arceus|72\/100|[from] item: Rocky Helmet|[of] p1a: Garchomp\n|faint|p1a: Garchomp\n|\n|win|Lostmyacc72\n|raw|Ranguuusss's rating: 1188 &rarr; <strong>1168<\/strong><br \/>(-20 for losing)\n|raw|Lostmyacc72's rating: 1264 &rarr; <strong>1284<\/strong><br \/>(+20 for winning)\n","uploadtime":1700227473,"views":5,"p1id":"ranguuusss","p2id":"lostmyacc72","formatid":"gen9anythinggoes","rating":1168,"private":0,"password":""}