{"id":"gen9anythinggoes-1997948092","p1":"Rulersoul79","p2":"vang0","format":"[Gen 9] Anything Goes","log":"|j|\u2606Rulersoul79\n|j|\u2606vang0\n|t:|1700870914\n|gametype|singles\n|player|p1|Rulersoul79|morty|1243\n|player|p2|vang0|artist-gen4|1117\n|teamsize|p1|6\n|teamsize|p2|6\n|gen|9\n|tier|[Gen 9] Anything Goes\n|rated|\n|rule|HP Percentage Mod: HP is shown in percentages\n|rule|Endless Battle Clause: Forcing endless battles is banned\n|clearpoke\n|poke|p1|Iron Hands|\n|poke|p1|Falinks|\n|poke|p1|Tauros-Paldea-Aqua, M|\n|poke|p1|Lucario, M|\n|poke|p1|Hawlucha, M|\n|poke|p1|Quaquaval, F|\n|poke|p2|Toxtricity, M|\n|poke|p2|Rillaboom, F|\n|poke|p2|Scream Tail|\n|poke|p2|Noivern, M|\n|poke|p2|Kommo-o, F|\n|poke|p2|Gothitelle, F|\n|teampreview\n|inactive|Battle timer is ON: inactive players will automatically lose when time's up. (requested by Rulersoul79)\n|\n|t:|1700870920\n|start\n|switch|p1a: M4K|Iron Hands, shiny|100\/100\n|switch|p2a: just like me fr|Toxtricity, M|100\/100\n|-enditem|p1a: M4K|Booster Energy\n|-activate|p1a: M4K|ability: Quark Drive|[fromitem]\n|-start|p1a: M4K|quarkdriveatk\n|turn|1\n|\n|t:|1700870932\n|move|p1a: M4K|Fake Out|p2a: just like me fr\n|-damage|p2a: just like me fr|68\/100\n|cant|p2a: just like me fr|flinch\n|\n|upkeep\n|turn|2\n|\n|t:|1700870937\n|move|p2a: just like me fr|Volt Switch|p1a: M4K\n|-resisted|p1a: M4K\n|-damage|p1a: M4K|76\/100\n|\n|t:|1700870944\n|switch|p2a: hair metal|Scream Tail|100\/100|[from] Volt Switch\n|move|p1a: M4K|Earthquake|p2a: hair metal\n|-damage|p2a: hair metal|56\/100\n|\n|-heal|p2a: hair metal|62\/100|[from] item: Leftovers\n|upkeep\n|turn|3\n|\n|t:|1700870955\n|move|p2a: hair metal|Wish|p2a: hair metal\n|move|p1a: M4K|Earthquake|p2a: hair metal\n|-damage|p2a: hair metal|13\/100\n|\n|-heal|p2a: hair metal|20\/100|[from] item: Leftovers\n|upkeep\n|turn|4\n|\n|t:|1700870960\n|move|p2a: hair metal|Protect|p2a: hair metal\n|-singleturn|p2a: hair metal|Protect\n|move|p1a: M4K|Earthquake|p2a: hair metal\n|-activate|p2a: hair metal|move: Protect\n|\n|-heal|p2a: hair metal|70\/100|[from] move: Wish|[wisher] hair metal\n|-heal|p2a: hair metal|76\/100|[from] item: Leftovers\n|upkeep\n|turn|5\n|\n|t:|1700870970\n|move|p2a: hair metal|Dazzling Gleam|p1a: M4K\n|-supereffective|p1a: M4K\n|-damage|p1a: M4K|42\/100\n|move|p1a: M4K|Earthquake|p2a: hair metal\n|-crit|p2a: hair metal\n|-damage|p2a: hair metal|3\/100\n|\n|-heal|p2a: hair metal|9\/100|[from] item: Leftovers\n|upkeep\n|turn|6\n|\n|t:|1700870977\n|move|p2a: hair metal|Protect|p2a: hair metal\n|-singleturn|p2a: hair metal|Protect\n|move|p1a: M4K|Earthquake|p2a: hair metal\n|-activate|p2a: hair metal|move: Protect\n|\n|-heal|p2a: hair metal|16\/100|[from] item: Leftovers\n|upkeep\n|turn|7\n|\n|t:|1700870983\n|move|p2a: hair metal|Dazzling Gleam|p1a: M4K\n|-supereffective|p1a: M4K\n|-damage|p1a: M4K|7\/100\n|move|p1a: M4K|Earthquake|p2a: hair metal\n|-damage|p2a: hair metal|0 fnt\n|faint|p2a: hair metal\n|-end|p2a: hair metal|Protosynthesis|[silent]\n|\n|upkeep\n|\n|t:|1700870993\n|switch|p2a: feedback|Noivern, M|100\/100\n|turn|8\n|\n|t:|1700870998\n|move|p2a: feedback|Flamethrower|p1a: M4K\n|-damage|p1a: M4K|0 fnt\n|faint|p1a: M4K\n|-end|p1a: M4K|Quark Drive|[silent]\n|\n|upkeep\n|\n|t:|1700871014\n|switch|p1a: El Recio|Hawlucha, M, shiny|100\/100\n|turn|9\n|\n|t:|1700871024\n|move|p2a: feedback|Draco Meteor|p1a: El Recio\n|-damage|p1a: El Recio|9\/100\n|-unboost|p2a: feedback|spa|2\n|-enditem|p1a: El Recio|Sitrus Berry|[eat]\n|-heal|p1a: El Recio|33\/100|[from] item: Sitrus Berry\n|move|p1a: El Recio|Swords Dance|p1a: El Recio\n|-boost|p1a: El Recio|atk|2\n|\n|upkeep\n|turn|10\n|\n|t:|1700871034\n|move|p1a: El Recio|Thunder Punch|p2a: feedback\n|-damage|p2a: feedback|42\/100\n|move|p2a: feedback|U-turn|p1a: El Recio\n|-resisted|p1a: El Recio\n|-damage|p1a: El Recio|30\/100\n|\n|t:|1700871040\n|switch|p2a: just like me fr|Toxtricity, M|68\/100|[from] U-turn\n|\n|upkeep\n|turn|11\n|\n|t:|1700871047\n|move|p1a: El Recio|Close Combat|p2a: just like me fr\n|-resisted|p2a: just like me fr\n|-damage|p2a: just like me fr|0 fnt\n|-unboost|p1a: El Recio|def|1\n|-unboost|p1a: El Recio|spd|1\n|faint|p2a: just like me fr\n|\n|upkeep\n|\n|t:|1700871057\n|switch|p2a: big tiddy goth gf|Gothitelle, F|100\/100\n|turn|12\n|\n|t:|1700871061\n|move|p1a: El Recio|Acrobatics|p2a: big tiddy goth gf\n|-damage|p2a: big tiddy goth gf|0 fnt\n|faint|p2a: big tiddy goth gf\n|\n|upkeep\n|\n|t:|1700871074\n|switch|p2a: Grohlrilla|Rillaboom, F|100\/100\n|-fieldstart|move: Grassy Terrain|[from] ability: Grassy Surge|[of] p2a: Grohlrilla\n|turn|13\n|\n|t:|1700871085\n|-terastallize|p2a: Grohlrilla|Steel\n|move|p1a: El Recio|Acrobatics|p2a: Grohlrilla\n|-resisted|p2a: Grohlrilla\n|-damage|p2a: Grohlrilla|52\/100\n|move|p2a: Grohlrilla|Knock Off|p1a: El Recio\n|-resisted|p1a: El Recio\n|-damage|p1a: El Recio|2\/100\n|\n|-heal|p2a: Grohlrilla|58\/100|[from] Grassy Terrain\n|upkeep\n|turn|14\n|\n|t:|1700871096\n|move|p1a: El Recio|Close Combat|p2a: Grohlrilla\n|-supereffective|p2a: Grohlrilla\n|-damage|p2a: Grohlrilla|0 fnt\n|-unboost|p1a: El Recio|def|1\n|-unboost|p1a: El Recio|spd|1\n|faint|p2a: Grohlrilla\n|\n|upkeep\n|\n|t:|1700871103\n|switch|p2a: feedback|Noivern, M|42\/100\n|turn|15\n|\n|t:|1700871107\n|move|p1a: El Recio|Thunder Punch|p2a: feedback\n|-damage|p2a: feedback|0 fnt\n|faint|p2a: feedback\n|\n|upkeep\n|\n|t:|1700871110\n|switch|p2a: Kommo-o|Kommo-o, F|100\/100\n|turn|16\n|\n|t:|1700871113\n|move|p1a: El Recio|Acrobatics|p2a: Kommo-o\n|-supereffective|p2a: Kommo-o\n|-damage|p2a: Kommo-o|0 fnt\n|faint|p2a: Kommo-o\n|\n|win|Rulersoul79\n|raw|Rulersoul79's rating: 1243 &rarr; <strong>1259<\/strong><br \/>(+16 for winning)\n|raw|vang0's rating: 1117 &rarr; <strong>1101<\/strong><br \/>(-16 for losing)\n|c|\u2606Rulersoul79|Gg\n|l|\u2606vang0\n","uploadtime":1700871127,"views":5,"p1id":"rulersoul79","p2id":"vang0","formatid":"gen9anythinggoes","rating":1101,"private":0,"password":""}