{"id":"gen9anythinggoes-1983678451","p1":"BillTheThrill42","p2":"jeezus1023","format":"[Gen 9] Anything Goes","log":"|j|\u2606BillTheThrill42\n|j|\u2606jeezus1023\n|t:|1699159337\n|gametype|singles\n|player|p1|BillTheThrill42|red|\n|player|p2|jeezus1023|clair|\n|teamsize|p1|6\n|teamsize|p2|6\n|gen|9\n|tier|[Gen 9] Anything Goes\n|rule|HP Percentage Mod: HP is shown in percentages\n|rule|Endless Battle Clause: Forcing endless battles is banned\n|clearpoke\n|poke|p1|Iron Valiant|\n|poke|p1|Palafin, M|\n|poke|p1|Pelipper, F|\n|poke|p1|Overqwil, M|\n|poke|p1|Donphan, M|\n|poke|p1|Florges-Orange, F|\n|poke|p2|Walking Wake|\n|poke|p2|Mimikyu, M|\n|poke|p2|Garchomp, M|\n|poke|p2|Decidueye, F|\n|poke|p2|Torkoal, F|\n|poke|p2|Annihilape, M|\n|teampreview\n|j| Jojospicydong\n|\n|t:|1699159369\n|start\n|switch|p1a: Delfender|Palafin, M|100\/100\n|switch|p2a: Demon|Garchomp, M|100\/100\n|turn|1\n|\n|t:|1699159398\n|detailschange|p1a: Delfender|Palafin-Hero, M\n|switch|p1a: Radobaan|Donphan, M, shiny|100\/100\n|move|p2a: Demon|Spikes|p1a: Radobaan\n|-sidestart|p1: BillTheThrill42|Spikes\n|\n|upkeep\n|turn|2\n|\n|t:|1699159436\n|switch|p2a: Decidueye|Decidueye, F|100\/100\n|move|p1a: Radobaan|Ice Shard|p2a: Decidueye\n|-supereffective|p2a: Decidueye\n|-damage|p2a: Decidueye|69\/100\n|\n|upkeep\n|turn|3\n|\n|t:|1699159450\n|switch|p1a: Hertz|Overqwil, M|100\/100\n|-damage|p1a: Hertz|88\/100|[from] Spikes\n|move|p2a: Decidueye|Leaf Blade|p1a: Hertz\n|-resisted|p1a: Hertz\n|-damage|p1a: Hertz|63\/100\n|\n|upkeep\n|turn|4\n|\n|t:|1699159473\n|switch|p2a: Cloaca|Torkoal, F|100\/100\n|-weather|SunnyDay|[from] ability: Drought|[of] p2a: Cloaca\n|move|p1a: Hertz|Barb Barrage|p2a: Cloaca\n|-damage|p2a: Cloaca|84\/100\n|-status|p2a: Cloaca|psn\n|\n|-weather|SunnyDay|[upkeep]\n|-damage|p2a: Cloaca|72\/100 psn|[from] psn\n|upkeep\n|turn|5\n|\n|t:|1699159485\n|switch|p1a: Phyllis|Pelipper, F|100\/100\n|-weather|RainDance|[from] ability: Drizzle|[of] p1a: Phyllis\n|move|p2a: Cloaca|Yawn|p1a: Phyllis\n|-start|p1a: Phyllis|move: Yawn|[of] p2a: Cloaca\n|\n|-weather|RainDance|[upkeep]\n|-damage|p2a: Cloaca|59\/100 psn|[from] psn\n|upkeep\n|turn|6\n|\n|t:|1699159513\n|switch|p2a: Tommy Devito|Annihilape, M|100\/100\n|move|p1a: Phyllis|U-turn|p2a: Tommy Devito\n|-resisted|p2a: Tommy Devito\n|-damage|p2a: Tommy Devito|98\/100\n|\n|t:|1699159523\n|switch|p1a: Marigold|Florges-Orange, F, shiny|100\/100|[from] U-turn\n|-damage|p1a: Marigold|88\/100|[from] Spikes\n|\n|-weather|RainDance|[upkeep]\n|-heal|p2a: Tommy Devito|100\/100|[from] item: Leftovers\n|-heal|p1a: Marigold|94\/100|[from] item: Leftovers\n|upkeep\n|turn|7\n|\n|t:|1699159535\n|move|p2a: Tommy Devito|Rage Fist|p1a: Marigold\n|-damage|p1a: Marigold|62\/100\n|move|p1a: Marigold|Moonblast|p2a: Tommy Devito\n|-supereffective|p2a: Tommy Devito\n|-damage|p2a: Tommy Devito|56\/100\n|\n|-weather|RainDance|[upkeep]\n|-heal|p2a: Tommy Devito|62\/100|[from] item: Leftovers\n|-heal|p1a: Marigold|68\/100|[from] item: Leftovers\n|upkeep\n|turn|8\n|\n|t:|1699159547\n|move|p2a: Tommy Devito|Rage Fist|p1a: Marigold\n|-damage|p1a: Marigold|17\/100\n|move|p1a: Marigold|Moonblast|p2a: Tommy Devito\n|-supereffective|p2a: Tommy Devito\n|-damage|p2a: Tommy Devito|16\/100\n|-unboost|p2a: Tommy Devito|spa|1\n|-ability|p2a: Tommy Devito|Defiant|boost\n|-boost|p2a: Tommy Devito|atk|2\n|\n|-weather|RainDance|[upkeep]\n|-heal|p2a: Tommy Devito|23\/100|[from] item: Leftovers\n|-heal|p1a: Marigold|23\/100|[from] item: Leftovers\n|upkeep\n|turn|9\n|\n|t:|1699159561\n|move|p2a: Tommy Devito|Rage Fist|p1a: Marigold\n|-damage|p1a: Marigold|0 fnt\n|faint|p1a: Marigold\n|\n|-weather|RainDance|[upkeep]\n|-heal|p2a: Tommy Devito|29\/100|[from] item: Leftovers\n|upkeep\n|\n|t:|1699159589\n|switch|p1a: Hertz|Overqwil, M|63\/100\n|-damage|p1a: Hertz|51\/100|[from] Spikes\n|turn|10\n|l| Jojospicydong\n|\n|t:|1699159606\n|move|p1a: Hertz|Crunch|p2a: Tommy Devito\n|-damage|p2a: Tommy Devito|0 fnt\n|faint|p2a: Tommy Devito\n|\n|-weather|RainDance|[upkeep]\n|upkeep\n|j| Jojospicydong\n|\n|t:|1699159618\n|switch|p2a: Demon|Garchomp, M|100\/100\n|turn|11\n|\n|t:|1699159637\n|switch|p1a: Delfender|Palafin-Hero, M|100\/100\n|-damage|p1a: Delfender|88\/100|[from] Spikes\n|-activate|p1a: Delfender|ability: Zero to Hero\n|move|p2a: Demon|Dragon Claw|p1a: Delfender\n|-damage|p1a: Delfender|41\/100\n|-damage|p2a: Demon|91\/100|[from] item: Life Orb\n|\n|-weather|RainDance|[upkeep]\n|upkeep\n|turn|12\n|\n|t:|1699159676\n|move|p1a: Delfender|Jet Punch|p2a: Demon\n|-damage|p2a: Demon|46\/100\n|-damage|p1a: Delfender|28\/100|[from] ability: Rough Skin|[of] p2a: Demon\n|move|p2a: Demon|Earthquake|p1a: Delfender\n|-damage|p1a: Delfender|0 fnt\n|faint|p1a: Delfender\n|-damage|p2a: Demon|36\/100|[from] item: Life Orb\n|\n|-weather|none\n|upkeep\n|\n|t:|1699159688\n|switch|p1a: Radobaan|Donphan, M, shiny|100\/100\n|turn|13\n|\n|t:|1699159738\n|move|p1a: Radobaan|Ice Shard|p2a: Demon\n|-supereffective|p2a: Demon\n|-damage|p2a: Demon|0 fnt\n|faint|p2a: Demon\n|\n|upkeep\n|\n|t:|1699159744\n|switch|p2a: Decidueye|Decidueye, F|69\/100\n|turn|14\n|\n|t:|1699159752\n|switch|p1a: Hertz|Overqwil, M|51\/100\n|-damage|p1a: Hertz|39\/100|[from] Spikes\n|move|p2a: Decidueye|U-turn|p1a: Hertz\n|-damage|p1a: Hertz|14\/100\n|\n|t:|1699159783\n|switch|p2a: Eldritch Horror|Mimikyu, M, shiny|100\/100|[from] U-turn\n|\n|upkeep\n|turn|15\n|\n|t:|1699159789\n|move|p1a: Hertz|Aqua Jet|p2a: Eldritch Horror\n|-activate|p2a: Eldritch Horror|ability: Disguise\n|-damage|p2a: Eldritch Horror|100\/100\n|detailschange|p2a: Eldritch Horror|Mimikyu-Busted, M, shiny\n|-damage|p2a: Eldritch Horror|88\/100|[from] pokemon: Mimikyu-Busted\n|move|p2a: Eldritch Horror|Trailblaze|p1a: Hertz\n|-resisted|p1a: Hertz\n|-damage|p1a: Hertz|6\/100\n|-boost|p2a: Eldritch Horror|spe|1\n|\n|upkeep\n|turn|16\n|\n|t:|1699159802\n|move|p2a: Eldritch Horror|Shadow Sneak|p1a: Hertz\n|-resisted|p1a: Hertz\n|-damage|p1a: Hertz|0 fnt\n|faint|p1a: Hertz\n|\n|upkeep\n|\n|t:|1699159808\n|switch|p1a: Phyllis|Pelipper, F|100\/100\n|-weather|RainDance|[from] ability: Drizzle|[of] p1a: Phyllis\n|turn|17\n|\n|t:|1699159821\n|move|p2a: Eldritch Horror|Swords Dance|p2a: Eldritch Horror\n|-boost|p2a: Eldritch Horror|atk|2\n|move|p1a: Phyllis|Surf|p2a: Eldritch Horror\n|-damage|p2a: Eldritch Horror|34\/100\n|\n|-weather|RainDance|[upkeep]\n|upkeep\n|turn|18\n|\n|t:|1699159828\n|move|p2a: Eldritch Horror|Play Rough|p1a: Phyllis|[miss]\n|-miss|p2a: Eldritch Horror|p1a: Phyllis\n|move|p1a: Phyllis|Surf|p2a: Eldritch Horror\n|-damage|p2a: Eldritch Horror|0 fnt\n|faint|p2a: Eldritch Horror\n|\n|-weather|RainDance|[upkeep]\n|upkeep\n|\n|t:|1699159848\n|switch|p2a: Body Bag|Walking Wake|100\/100\n|turn|19\n|\n|t:|1699159863\n|move|p2a: Body Bag|Hydro Steam|p1a: Phyllis\n|-resisted|p1a: Phyllis\n|-damage|p1a: Phyllis|40\/100\n|move|p1a: Phyllis|Hurricane|p2a: Body Bag\n|-damage|p2a: Body Bag|60\/100\n|\n|-weather|RainDance|[upkeep]\n|upkeep\n|turn|20\n|\n|t:|1699159877\n|move|p2a: Body Bag|Hydro Steam|p1a: Phyllis\n|-resisted|p1a: Phyllis\n|-damage|p1a: Phyllis|0 fnt\n|faint|p1a: Phyllis\n|\n|-weather|RainDance|[upkeep]\n|upkeep\n|\n|t:|1699159894\n|switch|p1a: Fiora|Iron Valiant, shiny|100\/100\n|-damage|p1a: Fiora|88\/100|[from] Spikes\n|-enditem|p1a: Fiora|Booster Energy\n|-activate|p1a: Fiora|ability: Quark Drive|[fromitem]\n|-start|p1a: Fiora|quarkdrivespe\n|turn|21\n|\n|t:|1699159905\n|-end|p2a: Body Bag|Protosynthesis|[silent]\n|switch|p2a: Cloaca|Torkoal, F|59\/100 psn\n|-weather|SunnyDay|[from] ability: Drought|[of] p2a: Cloaca\n|move|p1a: Fiora|Moonblast|p2a: Cloaca\n|-resisted|p2a: Cloaca\n|-damage|p2a: Cloaca|26\/100 psn\n|-unboost|p2a: Cloaca|spa|1\n|\n|-weather|SunnyDay|[upkeep]\n|-damage|p2a: Cloaca|14\/100 psn|[from] psn\n|upkeep\n|turn|22\n|\n|t:|1699159916\n|move|p1a: Fiora|Moonblast|p2a: Cloaca\n|-resisted|p2a: Cloaca\n|-damage|p2a: Cloaca|0 fnt\n|faint|p2a: Cloaca\n|\n|-weather|SunnyDay|[upkeep]\n|upkeep\n|\n|t:|1699159927\n|switch|p2a: Decidueye|Decidueye, F|69\/100\n|turn|23\n|\n|t:|1699159945\n|move|p1a: Fiora|Moonblast|p2a: Decidueye\n|-damage|p2a: Decidueye|27\/100\n|move|p2a: Decidueye|Leaf Blade|p1a: Fiora\n|-damage|p1a: Fiora|33\/100\n|\n|-weather|SunnyDay|[upkeep]\n|upkeep\n|turn|24\n|\n|t:|1699159959\n|move|p2a: Decidueye|Shadow Sneak|p1a: Fiora\n|-damage|p1a: Fiora|7\/100\n|move|p1a: Fiora|Moonblast|p2a: Decidueye\n|-damage|p2a: Decidueye|0 fnt\n|faint|p2a: Decidueye\n|\n|-weather|SunnyDay|[upkeep]\n|upkeep\n|\n|t:|1699159966\n|switch|p2a: Body Bag|Walking Wake|60\/100\n|-activate|p2a: Body Bag|ability: Protosynthesis\n|-start|p2a: Body Bag|protosynthesisspe\n|turn|25\n|\n|t:|1699159973\n|move|p1a: Fiora|Moonblast|p2a: Body Bag\n|-supereffective|p2a: Body Bag\n|-damage|p2a: Body Bag|0 fnt\n|faint|p2a: Body Bag\n|-end|p2a: Body Bag|Protosynthesis|[silent]\n|\n|win|BillTheThrill42\n|c|\u2606jeezus1023|gg\n|c|\u2606BillTheThrill42|Gg\n","uploadtime":1699159982,"views":4,"p1id":"billthethrill42","p2id":"jeezus1023","formatid":"gen9anythinggoes","rating":0,"private":0,"password":""}