{"id":"gen9anythinggoes-1982774197","p1":"TanPadeusz","p2":"Wixu","format":"[Gen 9] Anything Goes","log":"|j|\u2606TanPadeusz\n|j|\u2606Wixu\n|t:|1699043608\n|gametype|singles\n|player|p1|TanPadeusz|giovanni|\n|player|p2|Wixu|265|\n|teamsize|p1|6\n|teamsize|p2|6\n|gen|9\n|tier|[Gen 9] Anything Goes\n|rule|HP Percentage Mod: HP is shown in percentages\n|rule|Endless Battle Clause: Forcing endless battles is banned\n|clearpoke\n|poke|p1|Gallade, M|\n|poke|p1|Tinkaton, F|\n|poke|p1|Toxapex, F|\n|poke|p1|Gliscor, F|\n|poke|p1|Zoroark-Hisui, F|\n|poke|p1|Hydreigon, M|\n|poke|p2|Moltres|\n|poke|p2|Lucario, F|\n|poke|p2|Slowbro-Galar, M|\n|poke|p2|Greninja-*, M|\n|poke|p2|Dragapult, F|\n|poke|p2|Ninetales-Alola, F|\n|teampreview\n|j| NiszczycielJaj1\n|\n|t:|1699043616\n|start\n|switch|p1a: Tinkaton|Tinkaton, F|100\/100\n|switch|p2a: Dragapult|Dragapult, F|100\/100\n|turn|1\n|\n|t:|1699043625\n|move|p2a: Dragapult|Draco Meteor|p1a: Tinkaton\n|-immune|p1a: Tinkaton\n|move|p1a: Tinkaton|Swords Dance|p1a: Tinkaton\n|-boost|p1a: Tinkaton|atk|2\n|\n|upkeep\n|turn|2\n|\n|t:|1699043635\n|move|p2a: Dragapult|Shadow Ball|p1a: Tinkaton\n|-damage|p1a: Tinkaton|67\/100\n|move|p1a: Tinkaton|Play Rough|p2a: Dragapult\n|-supereffective|p2a: Dragapult\n|-damage|p2a: Dragapult|0 fnt\n|-start|p1a: Tinkaton|Disable|Play Rough|[from] ability: Cursed Body|[of] p2a: Dragapult\n|faint|p2a: Dragapult\n|\n|upkeep\n|\n|t:|1699043649\n|switch|p2a: Slowbro|Slowbro-Galar, M|100\/100\n|turn|3\n|\n|t:|1699043658\n|move|p1a: Tinkaton|Knock Off|p2a: Slowbro\n|-supereffective|p2a: Slowbro\n|-damage|p2a: Slowbro|21\/100\n|-enditem|p2a: Slowbro|Leftovers|[from] move: Knock Off|[of] p1a: Tinkaton\n|move|p2a: Slowbro|Poison Jab|p1a: Tinkaton\n|-immune|p1a: Tinkaton\n|\n|upkeep\n|turn|4\n|\n|t:|1699043667\n|switch|p2a: Greninja|Greninja, M|100\/100\n|move|p1a: Tinkaton|Swords Dance|p1a: Tinkaton\n|-boost|p1a: Tinkaton|atk|2\n|\n|upkeep\n|turn|5\n|\n|t:|1699043680\n|-terastallize|p2a: Greninja|Water\n|move|p2a: Greninja|Hydro Pump|p1a: Tinkaton\n|-damage|p1a: Tinkaton|0 fnt\n|faint|p1a: Tinkaton\n|-ability|p2a: Greninja|Battle Bond|boost\n|-boost|p2a: Greninja|atk|1\n|-boost|p2a: Greninja|spa|1\n|-boost|p2a: Greninja|spe|1\n|-activate|p2a: Greninja|ability: Battle Bond\n|\n|upkeep\n|\n|t:|1699043689\n|switch|p1a: Toxapex|Toxapex, F|100\/100\n|turn|6\n|\n|t:|1699043696\n|move|p2a: Greninja|Ice Beam|p1a: Toxapex\n|-resisted|p1a: Toxapex\n|-damage|p1a: Toxapex|83\/100\n|move|p1a: Toxapex|Toxic|p2a: Greninja\n|-status|p2a: Greninja|tox\n|\n|-heal|p1a: Toxapex|89\/100|[from] item: Black Sludge\n|-damage|p2a: Greninja|95\/100 tox|[from] psn\n|upkeep\n|turn|7\n|\n|t:|1699043708\n|move|p1a: Toxapex|Baneful Bunker|p1a: Toxapex\n|-singleturn|p1a: Toxapex|move: Protect\n|move|p2a: Greninja|Dark Pulse|p1a: Toxapex\n|-activate|p1a: Toxapex|move: Protect\n|\n|-heal|p1a: Toxapex|95\/100|[from] item: Black Sludge\n|-damage|p2a: Greninja|83\/100 tox|[from] psn\n|upkeep\n|turn|8\n|\n|t:|1699043716\n|move|p2a: Greninja|Dark Pulse|p1a: Toxapex\n|-damage|p1a: Toxapex|49\/100\n|move|p1a: Toxapex|Toxic Spikes|p2a: Greninja\n|-sidestart|p2: Wixu|move: Toxic Spikes\n|\n|-heal|p1a: Toxapex|56\/100|[from] item: Black Sludge\n|-damage|p2a: Greninja|65\/100 tox|[from] psn\n|upkeep\n|turn|9\n|\n|t:|1699043736\n|switch|p2a: Lucario|Lucario, F|100\/100\n|move|p1a: Toxapex|Baneful Bunker||[still]\n|-fail|p1a: Toxapex\n|\n|-heal|p1a: Toxapex|62\/100|[from] item: Black Sludge\n|upkeep\n|turn|10\n|\n|t:|1699043747\n|move|p2a: Lucario|Close Combat|p1a: Toxapex\n|-resisted|p1a: Toxapex\n|-damage|p1a: Toxapex|42\/100\n|-unboost|p2a: Lucario|def|1\n|-unboost|p2a: Lucario|spd|1\n|move|p1a: Toxapex|Toxic Spikes|p2a: Lucario\n|-sidestart|p2: Wixu|move: Toxic Spikes\n|\n|-heal|p1a: Toxapex|48\/100|[from] item: Black Sludge\n|upkeep\n|turn|11\n|\n|t:|1699043762\n|switch|p1a: Gliscor|Gliscor, F|100\/100\n|move|p2a: Lucario|Swords Dance|p2a: Lucario\n|-boost|p2a: Lucario|atk|2\n|\n|-status|p1a: Gliscor|tox|[from] item: Toxic Orb\n|upkeep\n|turn|12\n|\n|t:|1699043772\n|move|p1a: Gliscor|Earthquake|p2a: Lucario\n|-supereffective|p2a: Lucario\n|-enditem|p2a: Lucario|Focus Sash\n|-damage|p2a: Lucario|1\/100\n|move|p2a: Lucario|Meteor Mash|p1a: Gliscor\n|-damage|p1a: Gliscor|17\/100 tox\n|\n|-heal|p1a: Gliscor|30\/100 tox|[from] ability: Poison Heal\n|upkeep\n|turn|13\n|\n|t:|1699043781\n|move|p1a: Gliscor|Earthquake|p2a: Lucario\n|-supereffective|p2a: Lucario\n|-damage|p2a: Lucario|0 fnt\n|faint|p2a: Lucario\n|\n|-heal|p1a: Gliscor|42\/100 tox|[from] ability: Poison Heal\n|upkeep\n|\n|t:|1699043791\n|switch|p2a: Greninja|Greninja, M, tera:Water|65\/100 tox\n|turn|14\n|\n|t:|1699043795\n|move|p1a: Gliscor|Protect|p1a: Gliscor\n|-singleturn|p1a: Gliscor|Protect\n|move|p2a: Greninja|Hydro Pump|p1a: Gliscor\n|-activate|p1a: Gliscor|move: Protect\n|\n|-damage|p2a: Greninja|59\/100 tox|[from] psn\n|-heal|p1a: Gliscor|54\/100 tox|[from] ability: Poison Heal\n|upkeep\n|turn|15\n|\n|t:|1699043809\n|switch|p1a: Hydreigon|Hydreigon, M|100\/100\n|move|p2a: Greninja|Hydro Pump|p1a: Hydreigon\n|-resisted|p1a: Hydreigon\n|-damage|p1a: Hydreigon|62\/100\n|\n|-damage|p2a: Greninja|47\/100 tox|[from] psn\n|upkeep\n|turn|16\n|\n|t:|1699043817\n|move|p2a: Greninja|Ice Beam|p1a: Hydreigon\n|-supereffective|p1a: Hydreigon\n|-damage|p1a: Hydreigon|0 fnt\n|faint|p1a: Hydreigon\n|\n|-damage|p2a: Greninja|29\/100 tox|[from] psn\n|upkeep\n|\n|t:|1699043827\n|switch|p1a: Gallade|Gallade, M|100\/100\n|turn|17\n|\n|t:|1699043831\n|move|p2a: Greninja|Ice Beam|p1a: Gallade\n|-damage|p1a: Gallade|72\/100\n|move|p1a: Gallade|Sacred Sword|p2a: Greninja\n|-damage|p2a: Greninja|0 fnt\n|faint|p2a: Greninja\n|-damage|p1a: Gallade|62\/100|[from] item: Life Orb\n|\n|upkeep\n|\n|t:|1699043839\n|switch|p2a: Slowbro|Slowbro-Galar, M|55\/100\n|-sideend|p2: Wixu|move: Toxic Spikes|[of] p2a: Slowbro\n|turn|18\n|\n|t:|1699043845\n|move|p2a: Slowbro|Protect|p2a: Slowbro\n|-singleturn|p2a: Slowbro|Protect\n|move|p1a: Gallade|Psycho Cut|p2a: Slowbro\n|-activate|p2a: Slowbro|move: Protect\n|\n|upkeep\n|turn|19\n|\n|t:|1699043850\n|move|p1a: Gallade|Psycho Cut|p2a: Slowbro\n|-damage|p2a: Slowbro|0 fnt\n|faint|p2a: Slowbro\n|-damage|p1a: Gallade|52\/100|[from] item: Life Orb\n|\n|upkeep\n|\n|t:|1699043855\n|switch|p2a: Ninetales|Ninetales-Alola, F|100\/100\n|-weather|Snow|[from] ability: Snow Warning|[of] p2a: Ninetales\n|turn|20\n|\n|t:|1699043862\n|move|p2a: Ninetales|Ice Beam|p1a: Gallade\n|-damage|p1a: Gallade|27\/100\n|-status|p1a: Gallade|frz\n|cant|p1a: Gallade|frz\n|\n|-weather|Snow|[upkeep]\n|upkeep\n|turn|21\n|\n|t:|1699043871\n|move|p2a: Ninetales|Blizzard|p1a: Gallade\n|-damage|p1a: Gallade|0 fnt\n|faint|p1a: Gallade\n|\n|-weather|Snow|[upkeep]\n|upkeep\n|\n|t:|1699043877\n|switch|p1a: Toxapex|Toxapex, F|82\/100\n|turn|22\n|\n|t:|1699043881\n|move|p2a: Ninetales|Blizzard|p1a: Toxapex\n|-resisted|p1a: Toxapex\n|-damage|p1a: Toxapex|69\/100\n|-status|p1a: Toxapex|frz\n|cant|p1a: Toxapex|frz\n|\n|-weather|Snow|[upkeep]\n|-heal|p1a: Toxapex|75\/100 frz|[from] item: Black Sludge\n|upkeep\n|turn|23\n|\n|t:|1699043892\n|move|p2a: Ninetales|Ice Beam|p1a: Toxapex\n|-resisted|p1a: Toxapex\n|-damage|p1a: Toxapex|66\/100 frz\n|-curestatus|p1a: Toxapex|frz|[msg]\n|move|p1a: Toxapex|Toxic|p2a: Ninetales\n|-status|p2a: Ninetales|tox\n|\n|-weather|Snow|[upkeep]\n|-heal|p1a: Toxapex|72\/100|[from] item: Black Sludge\n|-damage|p2a: Ninetales|94\/100 tox|[from] psn\n|upkeep\n|turn|24\n|\n|t:|1699043902\n|move|p1a: Toxapex|Baneful Bunker|p1a: Toxapex\n|-singleturn|p1a: Toxapex|move: Protect\n|move|p2a: Ninetales|Hypnosis|p1a: Toxapex\n|-activate|p1a: Toxapex|move: Protect\n|\n|-weather|none\n|-heal|p1a: Toxapex|78\/100|[from] item: Black Sludge\n|-damage|p2a: Ninetales|82\/100 tox|[from] psn\n|upkeep\n|turn|25\n|\n|t:|1699043910\n|move|p2a: Ninetales|Hypnosis|p1a: Toxapex\n|-status|p1a: Toxapex|slp|[from] move: Hypnosis\n|cant|p1a: Toxapex|slp\n|\n|-heal|p1a: Toxapex|84\/100 slp|[from] item: Black Sludge\n|-damage|p2a: Ninetales|64\/100 tox|[from] psn\n|upkeep\n|turn|26\n|\n|t:|1699043918\n|cant|p1a: Toxapex|slp\n|move|p2a: Ninetales|Blizzard|p1a: Toxapex\n|-resisted|p1a: Toxapex\n|-damage|p1a: Toxapex|72\/100 slp\n|\n|-heal|p1a: Toxapex|78\/100 slp|[from] item: Black Sludge\n|-damage|p2a: Ninetales|40\/100 tox|[from] psn\n|upkeep\n|turn|27\n|\n|t:|1699043926\n|-curestatus|p1a: Toxapex|slp|[msg]\n|move|p1a: Toxapex|Baneful Bunker|p1a: Toxapex\n|-singleturn|p1a: Toxapex|move: Protect\n|move|p2a: Ninetales|Draining Kiss|p1a: Toxapex\n|-activate|p1a: Toxapex|move: Protect\n|\n|-heal|p1a: Toxapex|84\/100|[from] item: Black Sludge\n|-damage|p2a: Ninetales|10\/100 tox|[from] psn\n|upkeep\n|turn|28\n|\n|t:|1699043935\n|move|p1a: Toxapex|Baneful Bunker|p1a: Toxapex\n|-singleturn|p1a: Toxapex|move: Protect\n|move|p2a: Ninetales|Draining Kiss|p1a: Toxapex\n|-activate|p1a: Toxapex|move: Protect\n|\n|-heal|p1a: Toxapex|90\/100|[from] item: Black Sludge\n|-damage|p2a: Ninetales|0 fnt|[from] psn\n|faint|p2a: Ninetales\n|upkeep\n|\n|t:|1699043944\n|switch|p2a: Moltres|Moltres|100\/100\n|turn|29\n|\n|t:|1699043953\n|move|p2a: Moltres|Flare Blitz|p1a: Toxapex\n|-resisted|p1a: Toxapex\n|-damage|p1a: Toxapex|66\/100\n|-damage|p2a: Moltres|93\/100|[from] Recoil\n|-damage|p2a: Moltres|83\/100|[from] item: Life Orb\n|move|p1a: Toxapex|Toxic|p2a: Moltres\n|-status|p2a: Moltres|tox\n|\n|-heal|p1a: Toxapex|73\/100|[from] item: Black Sludge\n|-damage|p2a: Moltres|77\/100 tox|[from] psn\n|upkeep\n|turn|30\n|\n|t:|1699043965\n|switch|p1a: Gliscor|Gliscor, F|54\/100 tox\n|move|p2a: Moltres|Brave Bird|p1a: Gliscor\n|-damage|p1a: Gliscor|0 fnt\n|faint|p1a: Gliscor\n|-damage|p2a: Moltres|60\/100 tox|[from] Recoil\n|-damage|p2a: Moltres|50\/100 tox|[from] item: Life Orb\n|\n|-damage|p2a: Moltres|38\/100 tox|[from] psn\n|upkeep\n|\n|t:|1699043974\n|switch|p1a: Toxapex|Toxapex, F|100\/100\n|turn|31\n|\n|t:|1699043978\n|move|p1a: Toxapex|Agility|p1a: Toxapex\n|-boost|p1a: Toxapex|spe|2\n|move|p2a: Moltres|Rest|p2a: Moltres\n|-status|p2a: Moltres|slp|[from] move: Rest\n|-heal|p2a: Moltres|100\/100 slp|[silent]\n|\n|upkeep\n|turn|32\n|\n|t:|1699043986\n|move|p1a: Toxapex|Calm Mind|p1a: Toxapex\n|-boost|p1a: Toxapex|spa|1\n|-boost|p1a: Toxapex|spd|1\n|cant|p2a: Moltres|slp\n|move|p2a: Moltres|Sleep Talk|p2a: Moltres\n|move|p2a: Moltres|Flare Blitz|p1a: Toxapex|[from]move: Sleep Talk\n|-damage|p1a: Toxapex|0 fnt\n|replace|p1a: Zoroark|Zoroark-Hisui, F\n|-end|p1a: Zoroark|Illusion\n|faint|p1a: Zoroark\n|-damage|p2a: Moltres|73\/100 slp|[from] Recoil\n|-damage|p2a: Moltres|63\/100 slp|[from] item: Life Orb\n|\n|upkeep\n|\n|t:|1699043998\n|switch|p1a: Toxapex|Toxapex, F|100\/100\n|turn|33\n|\n|t:|1699044001\n|cant|p2a: Moltres|slp\n|move|p1a: Toxapex|Toxic||[still]\n|-fail|p1a: Toxapex\n|\n|upkeep\n|turn|34\n|\n|t:|1699044007\n|-curestatus|p2a: Moltres|slp|[msg]\n|move|p2a: Moltres|Flare Blitz|p1a: Toxapex\n|-resisted|p1a: Toxapex\n|-damage|p1a: Toxapex|75\/100\n|-damage|p2a: Moltres|55\/100|[from] Recoil\n|-damage|p2a: Moltres|45\/100|[from] item: Life Orb\n|move|p1a: Toxapex|Toxic|p2a: Moltres\n|-status|p2a: Moltres|tox\n|\n|-heal|p1a: Toxapex|81\/100|[from] item: Black Sludge\n|-damage|p2a: Moltres|39\/100 tox|[from] psn\n|upkeep\n|turn|35\n|\n|t:|1699044019\n|move|p1a: Toxapex|Baneful Bunker|p1a: Toxapex\n|-singleturn|p1a: Toxapex|move: Protect\n|move|p2a: Moltres|Rest|p2a: Moltres\n|-status|p2a: Moltres|slp|[from] move: Rest\n|-heal|p2a: Moltres|100\/100 slp|[silent]\n|\n|-heal|p1a: Toxapex|87\/100|[from] item: Black Sludge\n|upkeep\n|turn|36\n|\n|t:|1699044028\n|cant|p2a: Moltres|slp\n|move|p2a: Moltres|Sleep Talk|p2a: Moltres\n|move|p2a: Moltres|Rest||[from]move: Sleep Talk|[still]\n|-fail|p2a: Moltres\n|move|p1a: Toxapex|Toxic Spikes|p2a: Moltres\n|-sidestart|p2: Wixu|move: Toxic Spikes\n|\n|-heal|p1a: Toxapex|94\/100|[from] item: Black Sludge\n|upkeep\n|turn|37\n|\n|t:|1699044036\n|cant|p2a: Moltres|slp\n|move|p2a: Moltres|Sleep Talk|p2a: Moltres\n|move|p2a: Moltres|Rest||[from]move: Sleep Talk|[still]\n|-fail|p2a: Moltres\n|move|p1a: Toxapex|Toxic Spikes|p2a: Moltres\n|-sidestart|p2: Wixu|move: Toxic Spikes\n|\n|-heal|p1a: Toxapex|99\/100|[from] item: Black Sludge\n|upkeep\n|turn|38\n|\n|t:|1699044045\n|-curestatus|p2a: Moltres|slp|[msg]\n|move|p2a: Moltres|Brave Bird|p1a: Toxapex\n|-damage|p1a: Toxapex|52\/100\n|-damage|p2a: Moltres|86\/100|[from] Recoil\n|-damage|p2a: Moltres|76\/100|[from] item: Life Orb\n|move|p1a: Toxapex|Toxic|p2a: Moltres\n|-status|p2a: Moltres|tox\n|\n|-heal|p1a: Toxapex|58\/100|[from] item: Black Sludge\n|-damage|p2a: Moltres|70\/100 tox|[from] psn\n|upkeep\n|turn|39\n|\n|t:|1699044060\n|move|p2a: Moltres|Brave Bird|p1a: Toxapex\n|-damage|p1a: Toxapex|6\/100\n|-damage|p2a: Moltres|55\/100 tox|[from] Recoil\n|-damage|p2a: Moltres|45\/100 tox|[from] item: Life Orb\n|move|p1a: Toxapex|Recover|p1a: Toxapex\n|-heal|p1a: Toxapex|56\/100\n|\n|-heal|p1a: Toxapex|63\/100|[from] item: Black Sludge\n|-damage|p2a: Moltres|32\/100 tox|[from] psn\n|upkeep\n|turn|40\n|\n|t:|1699044070\n|move|p1a: Toxapex|Baneful Bunker|p1a: Toxapex\n|-singleturn|p1a: Toxapex|move: Protect\n|move|p2a: Moltres|Rest|p2a: Moltres\n|-status|p2a: Moltres|slp|[from] move: Rest\n|-heal|p2a: Moltres|100\/100 slp|[silent]\n|\n|-heal|p1a: Toxapex|69\/100|[from] item: Black Sludge\n|upkeep\n|turn|41\n|\n|t:|1699044078\n|cant|p2a: Moltres|slp\n|move|p2a: Moltres|Sleep Talk|p2a: Moltres\n|move|p2a: Moltres|Rest||[from]move: Sleep Talk|[still]\n|-fail|p2a: Moltres\n|move|p1a: Toxapex|Toxic Spikes||[still]\n|-fail|p1a: Toxapex\n|\n|-heal|p1a: Toxapex|75\/100|[from] item: Black Sludge\n|upkeep\n|turn|42\n|\n|t:|1699044087\n|cant|p2a: Moltres|slp\n|move|p2a: Moltres|Sleep Talk|p2a: Moltres\n|move|p2a: Moltres|Flare Blitz|p1a: Toxapex|[from]move: Sleep Talk\n|-resisted|p1a: Toxapex\n|-damage|p1a: Toxapex|53\/100\n|-status|p1a: Toxapex|brn\n|-damage|p2a: Moltres|94\/100 slp|[from] Recoil\n|-damage|p2a: Moltres|84\/100 slp|[from] item: Life Orb\n|move|p1a: Toxapex|Toxic Spikes||[still]\n|-fail|p1a: Toxapex\n|\n|-heal|p1a: Toxapex|59\/100 brn|[from] item: Black Sludge\n|-damage|p1a: Toxapex|53\/100 brn|[from] brn\n|upkeep\n|turn|43\n|\n|t:|1699044100\n|-curestatus|p2a: Moltres|slp|[msg]\n|move|p2a: Moltres|Brave Bird|p1a: Toxapex\n|-damage|p1a: Toxapex|6\/100 brn\n|-damage|p2a: Moltres|70\/100|[from] Recoil\n|-damage|p2a: Moltres|60\/100|[from] item: Life Orb\n|move|p1a: Toxapex|Recover|p1a: Toxapex\n|-heal|p1a: Toxapex|56\/100 brn\n|\n|-heal|p1a: Toxapex|63\/100 brn|[from] item: Black Sludge\n|-damage|p1a: Toxapex|56\/100 brn|[from] brn\n|upkeep\n|turn|44\n|\n|t:|1699044114\n|move|p1a: Toxapex|Baneful Bunker|p1a: Toxapex\n|-singleturn|p1a: Toxapex|move: Protect\n|move|p2a: Moltres|Brave Bird|p1a: Toxapex\n|-activate|p1a: Toxapex|move: Protect\n|-status|p2a: Moltres|psn\n|\n|-heal|p1a: Toxapex|63\/100 brn|[from] item: Black Sludge\n|-damage|p2a: Moltres|48\/100 psn|[from] psn\n|-damage|p1a: Toxapex|56\/100 brn|[from] brn\n|upkeep\n|turn|45\n|\n|t:|1699044127\n|move|p2a: Moltres|Rest|p2a: Moltres\n|-status|p2a: Moltres|slp|[from] move: Rest\n|-heal|p2a: Moltres|100\/100 slp|[silent]\n|move|p1a: Toxapex|Recover|p1a: Toxapex\n|-heal|p1a: Toxapex|100\/100 brn\n|\n|-damage|p1a: Toxapex|94\/100 brn|[from] brn\n|upkeep\n|turn|46\n|\n|t:|1699044138\n|cant|p2a: Moltres|slp\n|move|p2a: Moltres|Sleep Talk|p2a: Moltres\n|move|p2a: Moltres|Brave Bird|p1a: Toxapex|[from]move: Sleep Talk\n|-damage|p1a: Toxapex|45\/100 brn\n|-damage|p2a: Moltres|86\/100 slp|[from] Recoil\n|-damage|p2a: Moltres|76\/100 slp|[from] item: Life Orb\n|move|p1a: Toxapex|Toxic Spikes||[still]\n|-fail|p1a: Toxapex\n|\n|-heal|p1a: Toxapex|52\/100 brn|[from] item: Black Sludge\n|-damage|p1a: Toxapex|45\/100 brn|[from] brn\n|upkeep\n|turn|47\n|\n|t:|1699044150\n|move|p1a: Toxapex|Baneful Bunker|p1a: Toxapex\n|-singleturn|p1a: Toxapex|move: Protect\n|cant|p2a: Moltres|slp\n|move|p2a: Moltres|Sleep Talk|p2a: Moltres\n|move|p2a: Moltres|Rest||[from]move: Sleep Talk|[still]\n|-fail|p2a: Moltres\n|\n|-heal|p1a: Toxapex|52\/100 brn|[from] item: Black Sludge\n|-damage|p1a: Toxapex|45\/100 brn|[from] brn\n|upkeep\n|turn|48\n|\n|t:|1699044160\n|-curestatus|p2a: Moltres|slp|[msg]\n|move|p2a: Moltres|Brave Bird|p1a: Toxapex\n|-damage|p1a: Toxapex|0 fnt\n|faint|p1a: Toxapex\n|-damage|p2a: Moltres|63\/100|[from] Recoil\n|-damage|p2a: Moltres|53\/100|[from] item: Life Orb\n|\n|win|Wixu\n|l|\u2606TanPadeusz\n","uploadtime":1699044171,"views":5,"p1id":"tanpadeusz","p2id":"wixu","formatid":"gen9anythinggoes","rating":0,"private":0,"password":""}