{"id":"gen9anythinggoes-1976598809","p1":"General2Roy","p2":"Tr0tpop","format":"[Gen 9] Anything Goes","log":"|j|\u2606General2Roy\n|j|\u2606Tr0tpop\n|t:|1698325907\n|gametype|singles\n|player|p1|General2Roy|170|1062\n|player|p2|Tr0tpop|169|1000\n|teamsize|p1|6\n|teamsize|p2|6\n|gen|9\n|tier|[Gen 9] Anything Goes\n|rated|\n|rule|HP Percentage Mod: HP is shown in percentages\n|rule|Endless Battle Clause: Forcing endless battles is banned\n|clearpoke\n|poke|p1|Ursaluna-Bloodmoon, M|\n|poke|p1|Fezandipiti, M|\n|poke|p1|Okidogi, M|\n|poke|p1|Munkidori, M|\n|poke|p1|Ogerpon-Hearthflame, F|\n|poke|p1|Walking Wake|\n|poke|p2|Froslass, F|\n|poke|p2|Breloom, F|\n|poke|p2|Staraptor, M|\n|poke|p2|Garchomp, M|\n|poke|p2|Abomasnow, M|\n|poke|p2|Infernape, F|\n|teampreview\n|\n|t:|1698325913\n|start\n|switch|p1a: Ursaluna|Ursaluna-Bloodmoon, M|100\/100\n|switch|p2a: Staraptor|Staraptor, M|100\/100\n|-ability|p2a: Staraptor|Intimidate|boost\n|-unboost|p1a: Ursaluna|atk|1\n|turn|1\n|\n|t:|1698325922\n|move|p2a: Staraptor|Fly||[still]\n|-prepare|p2a: Staraptor|Fly\n|move|p1a: Ursaluna|Blood Moon|p2a: Staraptor|[miss]\n|-miss|p1a: Ursaluna|p2a: Staraptor\n|\n|upkeep\n|turn|2\n|\n|t:|1698325929\n|move|p2a: Staraptor|Fly|p1a: Ursaluna|[from]lockedmove\n|-crit|p1a: Ursaluna\n|-damage|p1a: Ursaluna|60\/100\n|move|p1a: Ursaluna|Earth Power|p2a: Staraptor\n|-immune|p2a: Staraptor\n|\n|-heal|p1a: Ursaluna|67\/100|[from] item: Leftovers\n|upkeep\n|turn|3\n|c|\u2606General2Roy|oops\n|\n|t:|1698325952\n|move|p2a: Staraptor|Brave Bird|p1a: Ursaluna\n|-damage|p1a: Ursaluna|30\/100\n|-damage|p2a: Staraptor|85\/100|[from] Recoil\n|move|p1a: Ursaluna|Avalanche|p2a: Staraptor\n|-supereffective|p2a: Staraptor\n|-damage|p2a: Staraptor|52\/100\n|\n|-heal|p2a: Staraptor|58\/100|[from] item: Leftovers\n|-heal|p1a: Ursaluna|36\/100|[from] item: Leftovers\n|upkeep\n|turn|4\n|\n|t:|1698325962\n|move|p2a: Staraptor|Air Cutter|p1a: Ursaluna\n|-damage|p1a: Ursaluna|21\/100\n|move|p1a: Ursaluna|Blood Moon|p2a: Staraptor\n|-damage|p2a: Staraptor|0 fnt\n|faint|p2a: Staraptor\n|\n|-heal|p1a: Ursaluna|27\/100|[from] item: Leftovers\n|upkeep\n|\n|t:|1698325969\n|switch|p2a: Breloom|Breloom, F|100\/100\n|turn|5\n|\n|t:|1698325975\n|move|p2a: Breloom|Drain Punch|p1a: Ursaluna\n|-supereffective|p1a: Ursaluna\n|-damage|p1a: Ursaluna|0 fnt\n|faint|p1a: Ursaluna\n|\n|upkeep\n|\n|t:|1698325980\n|switch|p1a: Walking Wake|Walking Wake|100\/100\n|turn|6\n|\n|t:|1698325985\n|switch|p2a: Garchomp|Garchomp, M|100\/100\n|move|p1a: Walking Wake|Flamethrower|p2a: Garchomp\n|-resisted|p2a: Garchomp\n|-damage|p2a: Garchomp|85\/100\n|\n|upkeep\n|turn|7\n|\n|t:|1698325993\n|-terastallize|p2a: Garchomp|Dragon\n|move|p1a: Walking Wake|Hydro Steam|p2a: Garchomp\n|-resisted|p2a: Garchomp\n|-crit|p2a: Garchomp\n|-damage|p2a: Garchomp|57\/100\n|move|p2a: Garchomp|Dragon Pulse|p1a: Walking Wake\n|-supereffective|p1a: Walking Wake\n|-damage|p1a: Walking Wake|5\/100\n|\n|upkeep\n|turn|8\n|\n|t:|1698326004\n|move|p1a: Walking Wake|Dragon Pulse|p2a: Garchomp\n|-supereffective|p2a: Garchomp\n|-damage|p2a: Garchomp|0 fnt\n|faint|p2a: Garchomp\n|\n|upkeep\n|\n|t:|1698326010\n|switch|p2a: Breloom|Breloom, F|100\/100\n|turn|9\n|\n|t:|1698326013\n|move|p1a: Walking Wake|Flamethrower|p2a: Breloom\n|-supereffective|p2a: Breloom\n|-damage|p2a: Breloom|0 fnt\n|faint|p2a: Breloom\n|\n|upkeep\n|\n|t:|1698326019\n|switch|p2a: Infernape|Infernape, F|100\/100\n|turn|10\n|\n|t:|1698326023\n|move|p1a: Walking Wake|Aqua Jet|p2a: Infernape\n|-supereffective|p2a: Infernape\n|-damage|p2a: Infernape|67\/100\n|move|p2a: Infernape|Double Kick|p1a: Walking Wake\n|-damage|p1a: Walking Wake|0 fnt\n|faint|p1a: Walking Wake\n|-end|p1a: Walking Wake|Protosynthesis|[silent]\n|-hitcount|p1: Walking Wake|1\n|\n|-heal|p2a: Infernape|73\/100|[from] item: Leftovers\n|upkeep\n|\n|t:|1698326049\n|switch|p1a: Munkidori|Munkidori, M|100\/100\n|-item|p2a: Infernape|Leftovers|[from] ability: Frisk|[of] p1a: Munkidori|[identify]\n|turn|11\n|\n|t:|1698326070\n|move|p1a: Munkidori|Fake Out|p2a: Infernape\n|-damage|p2a: Infernape|64\/100\n|cant|p2a: Infernape|flinch\n|\n|-heal|p2a: Infernape|70\/100|[from] item: Leftovers\n|upkeep\n|turn|12\n|\n|t:|1698326084\n|move|p1a: Munkidori|Poltergeist|p2a: Infernape|[miss]\n|-miss|p1a: Munkidori|p2a: Infernape\n|move|p2a: Infernape|Fire Blast|p1a: Munkidori\n|-crit|p1a: Munkidori\n|-damage|p1a: Munkidori|32\/100\n|\n|-heal|p2a: Infernape|76\/100|[from] item: Leftovers\n|upkeep\n|turn|13\n|\n|t:|1698326094\n|move|p1a: Munkidori|Psyshock|p2a: Infernape\n|-supereffective|p2a: Infernape\n|-damage|p2a: Infernape|0 fnt\n|faint|p2a: Infernape\n|\n|upkeep\n|\n|t:|1698326099\n|switch|p2a: Abomasnow|Abomasnow, M|100\/100\n|-weather|Snow|[from] ability: Snow Warning|[of] p2a: Abomasnow\n|turn|14\n|\n|t:|1698326105\n|move|p1a: Munkidori|Fake Out||[still]\n|-hint|Fake Out only works on your first turn out.\n|-fail|p1a: Munkidori\n|move|p2a: Abomasnow|Facade|p1a: Munkidori\n|-damage|p1a: Munkidori|5\/100\n|\n|-weather|Snow|[upkeep]\n|upkeep\n|turn|15\n|\n|t:|1698326111\n|move|p1a: Munkidori|Psyshock|p2a: Abomasnow\n|-damage|p2a: Abomasnow|67\/100\n|move|p2a: Abomasnow|Facade|p1a: Munkidori\n|-damage|p1a: Munkidori|0 fnt\n|faint|p1a: Munkidori\n|\n|-weather|Snow|[upkeep]\n|-heal|p2a: Abomasnow|73\/100|[from] item: Leftovers\n|upkeep\n|\n|t:|1698326120\n|switch|p1a: Ogerpon|Ogerpon-Hearthflame, F|100\/100\n|-ability|p1a: Ogerpon|Mold Breaker\n|turn|16\n|\n|t:|1698326125\n|move|p1a: Ogerpon|Ivy Cudgel|p2a: Abomasnow\n|-supereffective|p2a: Abomasnow\n|-damage|p2a: Abomasnow|0 fnt\n|faint|p2a: Abomasnow\n|\n|-weather|Snow|[upkeep]\n|upkeep\n|\n|t:|1698326129\n|switch|p2a: Froslass|Froslass, F|100\/100\n|turn|17\n|\n|t:|1698326134\n|-terastallize|p1a: Ogerpon|Fire\n|detailschange|p1a: Ogerpon|Ogerpon-Hearthflame-Tera, F, tera:Fire\n|-ability|p1a: Ogerpon|Embody Aspect (Hearthflame)|boost\n|-boost|p1a: Ogerpon|atk|1\n|move|p1a: Ogerpon|Ivy Cudgel|p2a: Froslass\n|-supereffective|p2a: Froslass\n|-damage|p2a: Froslass|0 fnt\n|faint|p2a: Froslass\n|\n|win|General2Roy\n|raw|General2Roy's rating: 1062 &rarr; <strong>1087<\/strong><br \/>(+25 for winning)\n|raw|Tr0tpop's rating: 1000 &rarr; <strong>1000<\/strong><br \/>(+0 for losing)\n","uploadtime":1698326142,"views":7,"p1id":"general2roy","p2id":"tr0tpop","formatid":"gen9anythinggoes","rating":1000,"private":0,"password":""}