{"id":"gen9anythinggoes-1999176001","p1":"Mr Honey Brew","p2":"AltairSpire","format":"[Gen 9] Anything Goes","log":"|j|\u2606Mr Honey Brew\n|j|\u2606AltairSpire\n|t:|1701041652\n|gametype|singles\n|player|p1|Mr Honey Brew|102|1000\n|player|p2|AltairSpire|ingo|1040\n|teamsize|p1|6\n|teamsize|p2|6\n|gen|9\n|tier|[Gen 9] Anything Goes\n|rated|\n|rule|HP Percentage Mod: HP is shown in percentages\n|rule|Endless Battle Clause: Forcing endless battles is banned\n|clearpoke\n|poke|p1|Maushold-Four|\n|poke|p1|Flutter Mane|\n|poke|p1|Miraidon|\n|poke|p1|Rabsca, M|\n|poke|p1|Garganacl, F|\n|poke|p1|Houndstone, M|\n|poke|p2|Kingambit, F|\n|poke|p2|Kingambit, M|\n|poke|p2|Kingambit, F|\n|poke|p2|Kingambit, M|\n|poke|p2|Kingambit, F|\n|poke|p2|Kingambit, M|\n|teampreview\n|\n|t:|1701041658\n|start\n|switch|p1a: DeMarco|Miraidon|100\/100\n|switch|p2a: Fuckshitter|Kingambit, F|100\/100\n|-fieldstart|move: Electric Terrain|[from] ability: Hadron Engine|[of] p1a: DeMarco\n|turn|1\n|\n|t:|1701041671\n|-terastallize|p1a: DeMarco|Electric\n|move|p1a: DeMarco|Electro Drift|p2a: Fuckshitter\n|-damage|p2a: Fuckshitter|0 fnt\n|faint|p2a: Fuckshitter\n|\n|upkeep\n|\n|t:|1701041678\n|switch|p2a: Ballsinjaw|Kingambit, M|100\/100\n|-activate|p2a: Ballsinjaw|ability: Supreme Overlord\n|-start|p2a: Ballsinjaw|fallen1|[silent]\n|turn|2\n|\n|t:|1701041685\n|move|p1a: DeMarco|Electro Drift|p2a: Ballsinjaw\n|-damage|p2a: Ballsinjaw|0 fnt\n|faint|p2a: Ballsinjaw\n|-end|p2a: Ballsinjaw|fallen1|[silent]\n|\n|upkeep\n|\n|t:|1701041691\n|switch|p2a: Meowpower|Kingambit, F|100\/100\n|-activate|p2a: Meowpower|ability: Supreme Overlord\n|-start|p2a: Meowpower|fallen2|[silent]\n|turn|3\n|\n|t:|1701041698\n|move|p1a: DeMarco|Electro Drift|p2a: Meowpower\n|-damage|p2a: Meowpower|34\/100\n|move|p2a: Meowpower|Kowtow Cleave|p1a: DeMarco\n|-damage|p1a: DeMarco|44\/100\n|\n|upkeep\n|turn|4\n|\n|t:|1701041711\n|move|p1a: DeMarco|Electro Drift|p2a: Meowpower\n|-damage|p2a: Meowpower|0 fnt\n|faint|p2a: Meowpower\n|-end|p2a: Meowpower|fallen2|[silent]\n|\n|upkeep\n|\n|t:|1701041716\n|switch|p2a: Uwuinnydorm|Kingambit, M|100\/100\n|-activate|p2a: Uwuinnydorm|ability: Supreme Overlord\n|-start|p2a: Uwuinnydorm|fallen3|[silent]\n|turn|5\n|\n|t:|1701041722\n|move|p1a: DeMarco|Electro Drift|p2a: Uwuinnydorm\n|-damage|p2a: Uwuinnydorm|0 fnt\n|faint|p2a: Uwuinnydorm\n|-end|p2a: Uwuinnydorm|fallen3|[silent]\n|\n|-fieldend|move: Electric Terrain\n|upkeep\n|\n|t:|1701041729\n|switch|p2a: Furry101|Kingambit, F|100\/100\n|-activate|p2a: Furry101|ability: Supreme Overlord\n|-start|p2a: Furry101|fallen4|[silent]\n|turn|6\n|\n|t:|1701041737\n|move|p1a: DeMarco|Electro Drift|p2a: Furry101\n|-crit|p2a: Furry101\n|-damage|p2a: Furry101|0 fnt\n|faint|p2a: Furry101\n|-end|p2a: Furry101|fallen4|[silent]\n|\n|upkeep\n|\n|t:|1701041743\n|switch|p2a: Your mom\u2665\ufe0f|Kingambit, M|100\/100\n|-activate|p2a: Your mom\u2665\ufe0f|ability: Supreme Overlord\n|-start|p2a: Your mom\u2665\ufe0f|fallen5|[silent]\n|turn|7\n|\n|t:|1701041748\n|move|p1a: DeMarco|Electro Drift|p2a: Your mom\u2665\ufe0f\n|-damage|p2a: Your mom\u2665\ufe0f|37\/100\n|move|p2a: Your mom\u2665\ufe0f|Focus Blast|p1a: DeMarco\n|-damage|p1a: DeMarco|13\/100\n|\n|upkeep\n|turn|8\n|\n|t:|1701041756\n|move|p1a: DeMarco|Electro Drift|p2a: Your mom\u2665\ufe0f\n|-damage|p2a: Your mom\u2665\ufe0f|0 fnt\n|faint|p2a: Your mom\u2665\ufe0f\n|-end|p2a: Your mom\u2665\ufe0f|fallen5|[silent]\n|\n|win|Mr Honey Brew\n|raw|Mr Honey Brew's rating: 1000 &rarr; <strong>1045<\/strong><br \/>(+45 for winning)\n|raw|AltairSpire's rating: 1040 &rarr; <strong>1022<\/strong><br \/>(-18 for losing)\n","uploadtime":1701041761,"views":0,"p1id":"mrhoneybrew","p2id":"altairspire","formatid":"gen9anythinggoes","rating":1022,"private":0,"password":""}