{"id":"gen9anythinggoes-1982439608","p1":"xiaoqing three","p2":"eurybie","format":"[Gen 9] Anything Goes","log":"|j|\u2606xiaoqing three\n|j|\u2606eurybie\n|t:|1699014817\n|gametype|singles\n|player|p1|xiaoqing three|grusha|1707\n|player|p2|eurybie|2|1857\n|teamsize|p1|6\n|teamsize|p2|6\n|gen|9\n|tier|[Gen 9] Anything Goes\n|rated|\n|rule|HP Percentage Mod: HP is shown in percentages\n|rule|Endless Battle Clause: Forcing endless battles is banned\n|clearpoke\n|poke|p1|Ditto|\n|poke|p1|Calyrex-Shadow|\n|poke|p1|Toxapex, M|\n|poke|p1|Ting-Lu|\n|poke|p1|Eternatus|\n|poke|p1|Arceus|\n|poke|p2|Miraidon|\n|poke|p2|Grimmsnarl, M|\n|poke|p2|Skeledirge, M|\n|poke|p2|Blissey, F|\n|poke|p2|Moltres|\n|poke|p2|Calyrex-Ice|\n|teampreview\n|\n|t:|1699014829\n|start\n|switch|p1a: \u4e07\u80fd\u9996\u53d1|Ting-Lu|100\/100\n|switch|p2a: Calyrex|Calyrex-Ice|100\/100\n|-ability|p2a: Calyrex|As One\n|-ability|p2a: Calyrex|Unnerve\n|-ability|p1a: \u4e07\u80fd\u9996\u53d1|Vessel of Ruin\n|turn|1\n|\n|t:|1699014840\n|move|p2a: Calyrex|Swords Dance|p2a: Calyrex\n|-boost|p2a: Calyrex|atk|2\n|move|p1a: \u4e07\u80fd\u9996\u53d1|Stealth Rock|p2a: Calyrex\n|-sidestart|p2: eurybie|move: Stealth Rock\n|\n|upkeep\n|turn|2\n|\n|t:|1699014850\n|switch|p1a: \u574f\u574f|Toxapex, M|100\/100\n|move|p2a: Calyrex|Glacial Lance|p1a: \u574f\u574f\n|-resisted|p1a: \u574f\u574f\n|-damage|p1a: \u574f\u574f|54\/100\n|\n|upkeep\n|turn|3\n|\n|t:|1699014857\n|move|p2a: Calyrex|High Horsepower|p1a: \u574f\u574f\n|-supereffective|p1a: \u574f\u574f\n|-damage|p1a: \u574f\u574f|0 fnt\n|-damage|p2a: Calyrex|84\/100|[from] item: Rocky Helmet|[of] p1a: \u574f\u574f\n|faint|p1a: \u574f\u574f\n|-ability|p2a: Calyrex|Chilling Neigh|boost\n|-boost|p2a: Calyrex|atk|1\n|\n|upkeep\n|\n|t:|1699014869\n|switch|p1a: \uff1a\uff09|Ditto|100\/100\n|-transform|p1a: \uff1a\uff09|p2a: Calyrex|[from] ability: Imposter\n|turn|4\n|\n|t:|1699014892\n|switch|p2a: Moltres|Moltres|100\/100\n|move|p1a: \uff1a\uff09|High Horsepower|p2a: Moltres\n|-immune|p2a: Moltres\n|\n|upkeep\n|turn|5\n|\n|t:|1699014907\n|switch|p1a: \u4e07\u80fd\u9996\u53d1|Ting-Lu|100\/100\n|-ability|p1a: \u4e07\u80fd\u9996\u53d1|Vessel of Ruin\n|move|p2a: Moltres|U-turn|p1a: \u4e07\u80fd\u9996\u53d1\n|-supereffective|p1a: \u4e07\u80fd\u9996\u53d1\n|-damage|p1a: \u4e07\u80fd\u9996\u53d1|89\/100\n|\n|t:|1699014916\n|switch|p2a: Miraidon|Miraidon|100\/100|[from] U-turn\n|-fieldstart|move: Electric Terrain|[from] ability: Hadron Engine|[of] p2a: Miraidon\n|\n|-heal|p1a: \u4e07\u80fd\u9996\u53d1|95\/100|[from] item: Leftovers\n|upkeep\n|turn|6\n|\n|t:|1699014926\n|move|p2a: Miraidon|U-turn|p1a: \u4e07\u80fd\u9996\u53d1\n|-supereffective|p1a: \u4e07\u80fd\u9996\u53d1\n|-damage|p1a: \u4e07\u80fd\u9996\u53d1|85\/100\n|\n|t:|1699014930\n|switch|p2a: Moltres|Moltres|100\/100|[from] U-turn\n|move|p1a: \u4e07\u80fd\u9996\u53d1|Spikes|p2a: Moltres\n|-sidestart|p2: eurybie|Spikes\n|\n|-heal|p1a: \u4e07\u80fd\u9996\u53d1|91\/100|[from] item: Leftovers\n|upkeep\n|turn|7\n|\n|t:|1699014937\n|switch|p1a: \u9ed1\u9a6c\u738b|Calyrex-Shadow|100\/100\n|-ability|p1a: \u9ed1\u9a6c\u738b|As One\n|-ability|p1a: \u9ed1\u9a6c\u738b|Unnerve\n|move|p2a: Moltres|Will-O-Wisp|p1a: \u9ed1\u9a6c\u738b\n|-status|p1a: \u9ed1\u9a6c\u738b|brn\n|\n|-damage|p1a: \u9ed1\u9a6c\u738b|94\/100 brn|[from] brn\n|upkeep\n|turn|8\n|\n|t:|1699014948\n|switch|p2a: Grimmsnarl|Grimmsnarl, M|100\/100\n|move|p1a: \u9ed1\u9a6c\u738b|Psyshock|p2a: Grimmsnarl\n|-immune|p2a: Grimmsnarl\n|\n|-damage|p1a: \u9ed1\u9a6c\u738b|88\/100 brn|[from] brn\n|upkeep\n|turn|9\n|\n|t:|1699014956\n|switch|p1a: \u6ca1\u6709\u64cd\u4f5c\uff0c\u5168\u662f\u5f3a\u5ea6|Eternatus|100\/100\n|-ability|p1a: \u6ca1\u6709\u64cd\u4f5c\uff0c\u5168\u662f\u5f3a\u5ea6|Pressure\n|move|p2a: Grimmsnarl|Spirit Break|p1a: \u6ca1\u6709\u64cd\u4f5c\uff0c\u5168\u662f\u5f3a\u5ea6\n|-damage|p1a: \u6ca1\u6709\u64cd\u4f5c\uff0c\u5168\u662f\u5f3a\u5ea6|76\/100\n|-unboost|p1a: \u6ca1\u6709\u64cd\u4f5c\uff0c\u5168\u662f\u5f3a\u5ea6|spa|1\n|\n|-fieldend|move: Electric Terrain\n|upkeep\n|turn|10\n|\n|t:|1699014966\n|move|p2a: Grimmsnarl|Parting Shot|p1a: \u6ca1\u6709\u64cd\u4f5c\uff0c\u5168\u662f\u5f3a\u5ea6\n|-unboost|p1a: \u6ca1\u6709\u64cd\u4f5c\uff0c\u5168\u662f\u5f3a\u5ea6|atk|1\n|-unboost|p1a: \u6ca1\u6709\u64cd\u4f5c\uff0c\u5168\u662f\u5f3a\u5ea6|spa|1\n|\n|t:|1699014970\n|switch|p2a: Blissey|Blissey, F|100\/100|[from] Parting Shot\n|move|p1a: \u6ca1\u6709\u64cd\u4f5c\uff0c\u5168\u662f\u5f3a\u5ea6|Toxic Spikes|p2a: Blissey\n|-sidestart|p2: eurybie|move: Toxic Spikes\n|\n|upkeep\n|turn|11\n|\n|t:|1699014975\n|move|p1a: \u6ca1\u6709\u64cd\u4f5c\uff0c\u5168\u662f\u5f3a\u5ea6|Toxic Spikes|p2a: Blissey\n|-sidestart|p2: eurybie|move: Toxic Spikes\n|move|p2a: Blissey|Stealth Rock|p1a: \u6ca1\u6709\u64cd\u4f5c\uff0c\u5168\u662f\u5f3a\u5ea6\n|-sidestart|p1: xiaoqing three|move: Stealth Rock\n|\n|upkeep\n|turn|12\n|\n|t:|1699014982\n|switch|p1a: \u4e07\u80fd\u9996\u53d1|Ting-Lu|91\/100\n|-damage|p1a: \u4e07\u80fd\u9996\u53d1|85\/100|[from] Stealth Rock\n|-ability|p1a: \u4e07\u80fd\u9996\u53d1|Vessel of Ruin\n|move|p2a: Blissey|Seismic Toss|p1a: \u4e07\u80fd\u9996\u53d1\n|-damage|p1a: \u4e07\u80fd\u9996\u53d1|65\/100\n|\n|-heal|p1a: \u4e07\u80fd\u9996\u53d1|71\/100|[from] item: Leftovers\n|upkeep\n|turn|13\n|\n|t:|1699014992\n|switch|p2a: Moltres|Moltres|100\/100\n|move|p1a: \u4e07\u80fd\u9996\u53d1|Whirlwind|p2a: Moltres\n|drag|p2a: Calyrex|Calyrex-Ice|84\/100\n|-ability|p2a: Calyrex|As One\n|-ability|p2a: Calyrex|Unnerve\n|\n|-heal|p1a: \u4e07\u80fd\u9996\u53d1|78\/100|[from] item: Leftovers\n|upkeep\n|turn|14\n|\n|t:|1699015013\n|move|p2a: Calyrex|Glacial Lance|p1a: \u4e07\u80fd\u9996\u53d1\n|-supereffective|p1a: \u4e07\u80fd\u9996\u53d1\n|-damage|p1a: \u4e07\u80fd\u9996\u53d1|11\/100\n|move|p1a: \u4e07\u80fd\u9996\u53d1|Whirlwind|p2a: Calyrex\n|drag|p2a: Grimmsnarl|Grimmsnarl, M|100\/100\n|\n|-heal|p1a: \u4e07\u80fd\u9996\u53d1|17\/100|[from] item: Leftovers\n|upkeep\n|turn|15\n|\n|t:|1699015023\n|move|p2a: Grimmsnarl|Spirit Break|p1a: \u4e07\u80fd\u9996\u53d1\n|-supereffective|p1a: \u4e07\u80fd\u9996\u53d1\n|-damage|p1a: \u4e07\u80fd\u9996\u53d1|0 fnt\n|faint|p1a: \u4e07\u80fd\u9996\u53d1\n|\n|upkeep\n|\n|t:|1699015032\n|switch|p1a: \u7f8a\u9a7c|Arceus, shiny|100\/100\n|-damage|p1a: \u7f8a\u9a7c|88\/100|[from] Stealth Rock\n|turn|16\n|\n|t:|1699015039\n|move|p2a: Grimmsnarl|Parting Shot|p1a: \u7f8a\u9a7c\n|-unboost|p1a: \u7f8a\u9a7c|atk|1\n|-unboost|p1a: \u7f8a\u9a7c|spa|1\n|\n|t:|1699015043\n|switch|p2a: Moltres|Moltres|100\/100|[from] Parting Shot\n|move|p1a: \u7f8a\u9a7c|Swords Dance|p1a: \u7f8a\u9a7c\n|-boost|p1a: \u7f8a\u9a7c|atk|2\n|\n|-heal|p1a: \u7f8a\u9a7c|94\/100|[from] item: Leftovers\n|upkeep\n|turn|17\n|\n|t:|1699015050\n|switch|p1a: \u9ed1\u9a6c\u738b|Calyrex-Shadow|88\/100 brn\n|-ability|p1a: \u9ed1\u9a6c\u738b|As One\n|-ability|p1a: \u9ed1\u9a6c\u738b|Unnerve\n|-damage|p1a: \u9ed1\u9a6c\u738b|76\/100 brn|[from] Stealth Rock\n|move|p2a: Moltres|Burning Jealousy|p1a: \u9ed1\u9a6c\u738b\n|-damage|p1a: \u9ed1\u9a6c\u738b|49\/100 brn\n|\n|-damage|p1a: \u9ed1\u9a6c\u738b|42\/100 brn|[from] brn\n|upkeep\n|turn|18\n|\n|t:|1699015061\n|switch|p2a: Grimmsnarl|Grimmsnarl, M|100\/100\n|move|p1a: \u9ed1\u9a6c\u738b|Astral Barrage|p2a: Grimmsnarl\n|-resisted|p2a: Grimmsnarl\n|-damage|p2a: Grimmsnarl|73\/100\n|\n|-damage|p1a: \u9ed1\u9a6c\u738b|36\/100 brn|[from] brn\n|upkeep\n|turn|19\n|\n|t:|1699015071\n|switch|p1a: \u6ca1\u6709\u64cd\u4f5c\uff0c\u5168\u662f\u5f3a\u5ea6|Eternatus|76\/100\n|-ability|p1a: \u6ca1\u6709\u64cd\u4f5c\uff0c\u5168\u662f\u5f3a\u5ea6|Pressure\n|move|p2a: Grimmsnarl|Spirit Break|p1a: \u6ca1\u6709\u64cd\u4f5c\uff0c\u5168\u662f\u5f3a\u5ea6\n|-damage|p1a: \u6ca1\u6709\u64cd\u4f5c\uff0c\u5168\u662f\u5f3a\u5ea6|52\/100\n|-unboost|p1a: \u6ca1\u6709\u64cd\u4f5c\uff0c\u5168\u662f\u5f3a\u5ea6|spa|1\n|\n|upkeep\n|turn|20\n|\n|t:|1699015079\n|move|p2a: Grimmsnarl|Parting Shot|p1a: \u6ca1\u6709\u64cd\u4f5c\uff0c\u5168\u662f\u5f3a\u5ea6\n|-unboost|p1a: \u6ca1\u6709\u64cd\u4f5c\uff0c\u5168\u662f\u5f3a\u5ea6|atk|1\n|-unboost|p1a: \u6ca1\u6709\u64cd\u4f5c\uff0c\u5168\u662f\u5f3a\u5ea6|spa|1\n|\n|t:|1699015085\n|switch|p2a: Calyrex|Calyrex-Ice|84\/100|[from] Parting Shot\n|-ability|p2a: Calyrex|As One\n|-ability|p2a: Calyrex|Unnerve\n|move|p1a: \u6ca1\u6709\u64cd\u4f5c\uff0c\u5168\u662f\u5f3a\u5ea6|Sludge Bomb|p2a: Calyrex\n|-damage|p2a: Calyrex|69\/100\n|\n|upkeep\n|turn|21\n|\n|t:|1699015094\n|move|p1a: \u6ca1\u6709\u64cd\u4f5c\uff0c\u5168\u662f\u5f3a\u5ea6|Flamethrower|p2a: Calyrex\n|-supereffective|p2a: Calyrex\n|-damage|p2a: Calyrex|51\/100\n|move|p2a: Calyrex|Glacial Lance|p1a: \u6ca1\u6709\u64cd\u4f5c\uff0c\u5168\u662f\u5f3a\u5ea6\n|-supereffective|p1a: \u6ca1\u6709\u64cd\u4f5c\uff0c\u5168\u662f\u5f3a\u5ea6\n|-damage|p1a: \u6ca1\u6709\u64cd\u4f5c\uff0c\u5168\u662f\u5f3a\u5ea6|0 fnt\n|faint|p1a: \u6ca1\u6709\u64cd\u4f5c\uff0c\u5168\u662f\u5f3a\u5ea6\n|-ability|p2a: Calyrex|Chilling Neigh|boost\n|-boost|p2a: Calyrex|atk|1\n|\n|upkeep\n|\n|t:|1699015100\n|switch|p1a: \u9ed1\u9a6c\u738b|Calyrex-Shadow|36\/100 brn\n|-ability|p1a: \u9ed1\u9a6c\u738b|As One\n|-ability|p1a: \u9ed1\u9a6c\u738b|Unnerve\n|-damage|p1a: \u9ed1\u9a6c\u738b|24\/100 brn|[from] Stealth Rock\n|turn|22\n|\n|t:|1699015108\n|switch|p2a: Blissey|Blissey, F|100\/100\n|move|p1a: \u9ed1\u9a6c\u738b|Grass Knot|p2a: Blissey\n|-damage|p2a: Blissey|93\/100\n|\n|-damage|p1a: \u9ed1\u9a6c\u738b|18\/100 brn|[from] brn\n|upkeep\n|turn|23\n|\n|t:|1699015115\n|switch|p2a: Grimmsnarl|Grimmsnarl, M|73\/100\n|move|p1a: \u9ed1\u9a6c\u738b|Grass Knot|p2a: Grimmsnarl\n|-damage|p2a: Grimmsnarl|49\/100\n|\n|-damage|p1a: \u9ed1\u9a6c\u738b|12\/100 brn|[from] brn\n|upkeep\n|turn|24\n|-message|xiaoqing three forfeited.\n|\n|win|eurybie\n|raw|xiaoqing three's rating: 1707 &rarr; <strong>1695<\/strong><br \/>(-12 for losing)\n|raw|eurybie's rating: 1857 &rarr; <strong>1869<\/strong><br \/>(+12 for winning)\n|l|\u2606xiaoqing three\n","uploadtime":1699015135,"views":9,"p1id":"xiaoqingthree","p2id":"eurybie","formatid":"gen9anythinggoes","rating":1695,"private":0,"password":""}