{"id":"gen9anythinggoes-1983742204","p1":"mommy_shynx","p2":"Ecco4502","format":"[Gen 9] Anything Goes","log":"|j|\u2606mommy_shynx\n|j|\u2606Ecco4502\n|t:|1699171540\n|gametype|singles\n|player|p1|mommy_shynx|lady-gen4|1051\n|player|p2|Ecco4502|hilbert|1058\n|teamsize|p1|6\n|teamsize|p2|6\n|gen|9\n|tier|[Gen 9] Anything Goes\n|rated|\n|rule|HP Percentage Mod: HP is shown in percentages\n|rule|Endless Battle Clause: Forcing endless battles is banned\n|clearpoke\n|poke|p1|Milotic, F|\n|poke|p1|Milotic, M|\n|poke|p1|Milotic, F|\n|poke|p1|Milotic, F|\n|poke|p1|Milotic, M|\n|poke|p1|Milotic, F|\n|poke|p2|Raichu-Alola, F|\n|poke|p2|Flareon, M|\n|poke|p2|Gogoat, M|\n|poke|p2|Milotic, F|\n|poke|p2|Furret, F|\n|poke|p2|Ninetales-Alola, M|\n|teampreview\n|\n|t:|1699171563\n|start\n|switch|p1a: ice|Milotic, F|100\/100\n|switch|p2a: Frost|Ninetales-Alola, M|100\/100\n|-weather|Snow|[from] ability: Snow Warning|[of] p2a: Frost\n|turn|1\n|\n|t:|1699171586\n|move|p2a: Frost|Aurora Veil|p2a: Frost\n|-sidestart|p2: Ecco4502|move: Aurora Veil\n|move|p1a: ice|Hydro Pump|p2a: Frost\n|-damage|p2a: Frost|77\/100\n|\n|-weather|Snow|[upkeep]\n|upkeep\n|turn|2\n|\n|t:|1699171593\n|move|p2a: Frost|Freeze-Dry|p1a: ice\n|-supereffective|p1a: ice\n|-damage|p1a: ice|73\/100\n|move|p1a: ice|Hydro Pump|p2a: Frost\n|-damage|p2a: Frost|56\/100\n|\n|-weather|Snow|[upkeep]\n|-heal|p1a: ice|79\/100|[from] item: Leftovers\n|upkeep\n|turn|3\n|\n|t:|1699171603\n|move|p2a: Frost|Freeze-Dry|p1a: ice\n|-supereffective|p1a: ice\n|-damage|p1a: ice|53\/100\n|move|p1a: ice|Hydro Pump|p2a: Frost|[miss]\n|-miss|p1a: ice|p2a: Frost\n|\n|-weather|Snow|[upkeep]\n|-heal|p1a: ice|59\/100|[from] item: Leftovers\n|upkeep\n|turn|4\n|\n|t:|1699171612\n|move|p2a: Frost|Freeze-Dry|p1a: ice\n|-supereffective|p1a: ice\n|-damage|p1a: ice|29\/100\n|move|p1a: ice|Hydro Pump|p2a: Frost\n|-damage|p2a: Frost|31\/100\n|\n|-weather|Snow|[upkeep]\n|-heal|p1a: ice|35\/100|[from] item: Leftovers\n|upkeep\n|turn|5\n|\n|t:|1699171622\n|move|p2a: Frost|Freeze-Dry|p1a: ice\n|-supereffective|p1a: ice\n|-damage|p1a: ice|6\/100\n|move|p1a: ice|Hydro Pump|p2a: Frost\n|-damage|p2a: Frost|6\/100\n|\n|-weather|none\n|-heal|p1a: ice|12\/100|[from] item: Leftovers\n|upkeep\n|turn|6\n|\n|t:|1699171631\n|move|p2a: Frost|Freeze-Dry|p1a: ice\n|-supereffective|p1a: ice\n|-damage|p1a: ice|0 fnt\n|faint|p1a: ice\n|\n|upkeep\n|\n|t:|1699171640\n|switch|p1a: ghost|Milotic, F|100\/100\n|turn|7\n|\n|t:|1699171648\n|switch|p2a: Gidget|Furret, F, shiny|100\/100\n|-item|p1a: ghost|Leftovers|[from] ability: Frisk|[of] p2a: Gidget|[identify]\n|move|p1a: ghost|Hydro Pump|p2a: Gidget\n|-damage|p2a: Gidget|57\/100\n|\n|upkeep\n|turn|8\n|\n|t:|1699171665\n|move|p2a: Gidget|Knock Off|p1a: ghost\n|-damage|p1a: ghost|62\/100\n|-enditem|p1a: ghost|Leftovers|[from] move: Knock Off|[of] p2a: Gidget\n|-damage|p2a: Gidget|47\/100|[from] item: Life Orb\n|move|p1a: ghost|Hydro Pump|p2a: Gidget\n|-damage|p2a: Gidget|3\/100\n|\n|-sideend|p2: Ecco4502|move: Aurora Veil\n|upkeep\n|turn|9\n|\n|t:|1699171674\n|move|p2a: Gidget|Giga Impact|p1a: ghost|[miss]\n|-miss|p2a: Gidget|p1a: ghost\n|move|p1a: ghost|Ice Beam|p2a: Gidget\n|-damage|p2a: Gidget|0 fnt\n|faint|p2a: Gidget\n|\n|upkeep\n|\n|t:|1699171684\n|switch|p2a: Frost|Ninetales-Alola, M|6\/100\n|-weather|Snow|[from] ability: Snow Warning|[of] p2a: Frost\n|turn|10\n|\n|t:|1699171690\n|move|p2a: Frost|Aurora Veil|p2a: Frost\n|-sidestart|p2: Ecco4502|move: Aurora Veil\n|move|p1a: ghost|Ice Beam|p2a: Frost\n|-resisted|p2a: Frost\n|-damage|p2a: Frost|0 fnt\n|faint|p2a: Frost\n|\n|-weather|Snow|[upkeep]\n|upkeep\n|\n|t:|1699171698\n|switch|p2a: Psyshock|Raichu-Alola, F|100\/100\n|turn|11\n|\n|t:|1699171719\n|move|p2a: Psyshock|Electric Terrain|p2a: Psyshock\n|-fieldstart|move: Electric Terrain\n|-enditem|p2a: Psyshock|Electric Seed\n|-boost|p2a: Psyshock|def|1|[from] item: Electric Seed\n|move|p1a: ghost|Dragon Pulse|p2a: Psyshock\n|-damage|p2a: Psyshock|82\/100\n|\n|-weather|Snow|[upkeep]\n|upkeep\n|turn|12\n|\n|t:|1699171728\n|move|p2a: Psyshock|Electro Ball|p1a: ghost\n|-supereffective|p1a: ghost\n|-damage|p1a: ghost|0 fnt\n|faint|p1a: ghost\n|\n|-weather|Snow|[upkeep]\n|upkeep\n|\n|t:|1699171740\n|switch|p1a: steel|Milotic, M|100\/100\n|turn|13\n|\n|t:|1699171745\n|move|p1a: steel|Protect|p1a: steel\n|-singleturn|p1a: steel|Protect\n|move|p2a: Psyshock|Nasty Plot|p2a: Psyshock\n|-boost|p2a: Psyshock|spa|2\n|\n|-weather|Snow|[upkeep]\n|upkeep\n|turn|14\n|\n|t:|1699171755\n|move|p2a: Psyshock|Electro Ball|p1a: steel\n|-supereffective|p1a: steel\n|-damage|p1a: steel|0 fnt\n|faint|p1a: steel\n|\n|-weather|none\n|upkeep\n|\n|t:|1699171762\n|switch|p1a: grass|Milotic, M|100\/100\n|turn|15\n|\n|t:|1699171767\n|-terastallize|p1a: grass|Grass\n|move|p2a: Psyshock|Nasty Plot|p2a: Psyshock\n|-boost|p2a: Psyshock|spa|2\n|move|p1a: grass|Tera Blast|p2a: Psyshock|[anim] Tera Blast Grass\n|-damage|p2a: Psyshock|56\/100\n|\n|-fieldend|move: Electric Terrain\n|upkeep\n|turn|16\n|\n|t:|1699171781\n|move|p2a: Psyshock|Electric Terrain|p2a: Psyshock\n|-fieldstart|move: Electric Terrain\n|move|p1a: grass|Ice Beam|p2a: Psyshock\n|-damage|p2a: Psyshock|37\/100\n|\n|upkeep\n|turn|17\n|\n|t:|1699171790\n|move|p2a: Psyshock|Electro Ball|p1a: grass\n|-resisted|p1a: grass\n|-damage|p1a: grass|33\/100\n|move|p1a: grass|Ice Beam|p2a: Psyshock\n|-damage|p2a: Psyshock|19\/100\n|\n|-heal|p1a: grass|39\/100|[from] item: Leftovers\n|-sideend|p2: Ecco4502|move: Aurora Veil\n|upkeep\n|turn|18\n|\n|t:|1699171801\n|move|p2a: Psyshock|Electro Ball|p1a: grass\n|-resisted|p1a: grass\n|-damage|p1a: grass|0 fnt\n|faint|p1a: grass\n|\n|upkeep\n|\n|t:|1699171806\n|switch|p1a: rock|Milotic, F|100\/100\n|turn|19\n|\n|t:|1699171810\n|move|p2a: Psyshock|Electro Ball|p1a: rock\n|-supereffective|p1a: rock\n|-damage|p1a: rock|0 fnt\n|faint|p1a: rock\n|\n|upkeep\n|\n|t:|1699171814\n|switch|p1a: fairy|Milotic, F|100\/100\n|turn|20\n|\n|t:|1699171817\n|move|p2a: Psyshock|Electro Ball|p1a: fairy\n|-supereffective|p1a: fairy\n|-damage|p1a: fairy|0 fnt\n|faint|p1a: fairy\n|\n|win|Ecco4502\n|raw|mommy_shynx's rating: 1051 &rarr; <strong>1034<\/strong><br \/>(-17 for losing)\n|raw|Ecco4502's rating: 1058 &rarr; <strong>1089<\/strong><br \/>(+31 for winning)\n|l|\u2606mommy_shynx\n|c|\u2606Ecco4502|Gg\n","uploadtime":1699171840,"views":6,"p1id":"mommyshynx","p2id":"ecco4502","formatid":"gen9anythinggoes","rating":1034,"private":0,"password":""}