{"id":"gen9anythinggoes-1984134490","p1":"yommo64","p2":"Sylveon2023","format":"[Gen 9] Anything Goes","log":"|j|\u2606yommo64\n|j|\u2606Sylveon2023\n|t:|1699222268\n|gametype|singles\n|player|p1|yommo64|hugh|1063\n|player|p2|Sylveon2023|acerola-masters|1193\n|teamsize|p1|6\n|teamsize|p2|6\n|gen|9\n|tier|[Gen 9] Anything Goes\n|rated|\n|rule|HP Percentage Mod: HP is shown in percentages\n|rule|Endless Battle Clause: Forcing endless battles is banned\n|clearpoke\n|poke|p1|Maushold-Four|\n|poke|p1|Maushold|\n|poke|p1|Maushold|\n|poke|p1|Maushold|\n|poke|p1|Maushold-Four|\n|poke|p1|Maushold|\n|poke|p2|Vivillon-Modern, M|\n|poke|p2|Vivillon-Modern, M|\n|poke|p2|Vivillon-Modern, F|\n|poke|p2|Vivillon-Modern, M|\n|poke|p2|Vivillon-Modern, M|\n|poke|p2|Vivillon-Modern, M|\n|teampreview\n|c|\u2606yommo64|yo what are the chanses\n|c|\u2606Sylveon2023|true\n|\n|t:|1699222295\n|start\n|switch|p1a: Maushold|Maushold|100\/100\n|switch|p2a: smashable|Vivillon-Modern, M, shiny|100\/100\n|turn|1\n|\n|t:|1699222301\n|move|p1a: Maushold|Aerial Ace|p2a: smashable\n|-supereffective|p2a: smashable\n|-damage|p2a: smashable|26\/100\n|move|p2a: smashable|Sleep Powder|p1a: Maushold\n|-status|p1a: Maushold|slp|[from] move: Sleep Powder\n|\n|-heal|p2a: smashable|32\/100|[from] item: Leftovers\n|upkeep\n|turn|2\n|c|\u2606yommo64|NOOOOOOOOOOOO0000000000000000ooooooooooooooooooo,,,,,,,,...........\n|\n|t:|1699222322\n|cant|p1a: Maushold|slp\n|move|p2a: smashable|Quiver Dance|p2a: smashable\n|-boost|p2a: smashable|spa|1\n|-boost|p2a: smashable|spd|1\n|-boost|p2a: smashable|spe|1\n|\n|-heal|p2a: smashable|38\/100|[from] item: Leftovers\n|upkeep\n|turn|3\n|c|\u2606Sylveon2023|lol\n|\n|t:|1699222329\n|cant|p1a: Maushold|slp\n|move|p2a: smashable|Substitute|p2a: smashable\n|-start|p2a: smashable|Substitute\n|-damage|p2a: smashable|13\/100\n|\n|-heal|p2a: smashable|19\/100|[from] item: Leftovers\n|upkeep\n|turn|4\n|\n|t:|1699222335\n|cant|p1a: Maushold|slp\n|move|p2a: smashable|Quiver Dance|p2a: smashable\n|-boost|p2a: smashable|spa|1\n|-boost|p2a: smashable|spd|1\n|-boost|p2a: smashable|spe|1\n|\n|-heal|p2a: smashable|25\/100|[from] item: Leftovers\n|upkeep\n|turn|5\n|c|\u2606Sylveon2023|stay asleep\n|c|\u2606yommo64|bruh what is that name\n|\n|t:|1699222348\n|move|p2a: smashable|Quiver Dance|p2a: smashable\n|-boost|p2a: smashable|spa|1\n|-boost|p2a: smashable|spd|1\n|-boost|p2a: smashable|spe|1\n|-curestatus|p1a: Maushold|slp|[msg]\n|move|p1a: Maushold|Aerial Ace|p2a: smashable\n|-supereffective|p2a: smashable\n|-end|p2a: smashable|Substitute\n|\n|-heal|p2a: smashable|31\/100|[from] item: Leftovers\n|upkeep\n|turn|6\n|c|\u2606Sylveon2023|idc\n|\n|t:|1699222361\n|move|p2a: smashable|Sleep Powder|p1a: Maushold\n|-status|p1a: Maushold|slp|[from] move: Sleep Powder\n|cant|p1a: Maushold|slp\n|\n|-heal|p2a: smashable|37\/100|[from] item: Leftovers\n|upkeep\n|turn|7\n|c|\u2606Sylveon2023|i was being funny\n|\n|t:|1699222383\n|move|p2a: smashable|Substitute|p2a: smashable\n|-start|p2a: smashable|Substitute\n|-damage|p2a: smashable|12\/100\n|cant|p1a: Maushold|slp\n|\n|-heal|p2a: smashable|18\/100|[from] item: Leftovers\n|upkeep\n|turn|8\n|\n|t:|1699222391\n|move|p2a: smashable|Quiver Dance|p2a: smashable\n|-boost|p2a: smashable|spa|1\n|-boost|p2a: smashable|spd|1\n|-boost|p2a: smashable|spe|1\n|-curestatus|p1a: Maushold|slp|[msg]\n|move|p1a: Maushold|Aerial Ace|p2a: smashable\n|-supereffective|p2a: smashable\n|-end|p2a: smashable|Substitute\n|\n|-heal|p2a: smashable|24\/100|[from] item: Leftovers\n|upkeep\n|turn|9\n|c|\u2606yommo64|wait\n|c|\u2606Sylveon2023|?\n|c|\u2606Sylveon2023|????????\n|c|\u2606yommo64|why is poulation bomb a slicing move?\n|\n|t:|1699222426\n|move|p2a: smashable|Sleep Powder|p1a: Maushold\n|-status|p1a: Maushold|slp|[from] move: Sleep Powder\n|cant|p1a: Maushold|slp\n|\n|-heal|p2a: smashable|30\/100|[from] item: Leftovers\n|upkeep\n|turn|10\n|c|\u2606yommo64|like tf\n|\n|t:|1699222433\n|move|p2a: smashable|Hurricane|p1a: Maushold\n|-damage|p1a: Maushold|0 fnt\n|faint|p1a: Maushold\n|\n|-heal|p2a: smashable|36\/100|[from] item: Leftovers\n|upkeep\n|c|\u2606Sylveon2023|compound eyes\n|c|\u2606yommo64|that doesnt answer my quetion\n|\n|t:|1699222489\n|switch|p1a: Maushold|Maushold|100\/100\n|turn|11\n|c|\u2606Sylveon2023|i like vivillon\n|\n|t:|1699222497\n|move|p2a: smashable|Hurricane|p1a: Maushold\n|-damage|p1a: Maushold|0 fnt\n|faint|p1a: Maushold\n|\n|-heal|p2a: smashable|42\/100|[from] item: Leftovers\n|upkeep\n|c|\u2606yommo64|and i like maushold\n|c|\u2606Sylveon2023|this pokemon slaps\n|c|\u2606Sylveon2023|ok\n|\n|t:|1699222513\n|switch|p1a: Maushold|Maushold|100\/100\n|turn|12\n|c|\u2606Sylveon2023|and it is smashable\n|\n|t:|1699222521\n|move|p2a: smashable|Hurricane|p1a: Maushold\n|-damage|p1a: Maushold|0 fnt\n|faint|p1a: Maushold\n|\n|-heal|p2a: smashable|48\/100|[from] item: Leftovers\n|upkeep\n|\n|t:|1699222529\n|switch|p1a: Maushold|Maushold|100\/100\n|turn|13\n|\n|t:|1699222532\n|move|p2a: smashable|Hurricane|p1a: Maushold\n|-damage|p1a: Maushold|0 fnt\n|faint|p1a: Maushold\n|\n|-heal|p2a: smashable|54\/100|[from] item: Leftovers\n|upkeep\n|\n|t:|1699222538\n|switch|p1a: Maushold|Maushold-Four|100\/100\n|turn|14\n|c|\u2606Sylveon2023|vivillon sweep man is so funny\n|\n|t:|1699222549\n|move|p2a: smashable|Hurricane|p1a: Maushold\n|-damage|p1a: Maushold|0 fnt\n|faint|p1a: Maushold\n|\n|-heal|p2a: smashable|60\/100|[from] item: Leftovers\n|upkeep\n|c|\u2606yommo64|yeah\n|\n|t:|1699222557\n|switch|p1a: Maushold|Maushold-Four|100\/100\n|turn|15\n|\n|t:|1699222561\n|move|p2a: smashable|Hurricane|p1a: Maushold\n|-enditem|p1a: Maushold|Focus Sash\n|-damage|p1a: Maushold|1\/100\n|-start|p1a: Maushold|confusion\n|-activate|p1a: Maushold|confusion\n|move|p1a: Maushold|Population Bomb|p2a: smashable\n|-damage|p2a: smashable|36\/100\n|-damage|p2a: smashable|13\/100\n|-damage|p2a: smashable|0 fnt\n|faint|p2a: smashable\n|-hitcount|p2: smashable|3\n|\n|upkeep\n|\n|t:|1699222570\n|switch|p2a: smashable|Vivillon-Modern, M, shiny|100\/100\n|turn|16\n|c|\u2606yommo64|yooooooooooooo\n|c|\u2606Sylveon2023|damn sash\n|c|\u2606yommo64|are they the same or are they diffrent like my team\n|\n|t:|1699222605\n|-terastallize|p2a: smashable|Ground\n|-activate|p1a: Maushold|confusion\n|move|p1a: Maushold|Population Bomb|p2a: smashable\n|-damage|p2a: smashable|80\/100\n|-damage|p2a: smashable|58\/100\n|-crit|p2a: smashable\n|-damage|p2a: smashable|26\/100\n|-damage|p2a: smashable|4\/100\n|-damage|p2a: smashable|0 fnt\n|faint|p2a: smashable\n|-hitcount|p2: smashable|5\n|\n|upkeep\n|\n|t:|1699222612\n|switch|p2a: smashable|Vivillon-Modern, F, shiny|100\/100\n|turn|17\n|c|\u2606yommo64|yo what?\n|c|\u2606Sylveon2023|come hit in confusion\n|\n|t:|1699222626\n|-activate|p1a: Maushold|confusion\n|move|p1a: Maushold|Population Bomb|p2a: smashable\n|-crit|p2a: smashable\n|-damage|p2a: smashable|66\/100\n|-damage|p2a: smashable|45\/100\n|-damage|p2a: smashable|22\/100\n|-damage|p2a: smashable|0 fnt\n|faint|p2a: smashable\n|-hitcount|p2: smashable|4\n|\n|upkeep\n|\n|t:|1699222630\n|switch|p2a: smashable|Vivillon-Modern, M, shiny|100\/100\n|turn|18\n|c|\u2606yommo64|yo WHAT\n|c|\u2606yommo64|???\n|\n|t:|1699222642\n|-end|p1a: Maushold|confusion\n|move|p1a: Maushold|Population Bomb|p2a: smashable\n|-damage|p2a: smashable|78\/100\n|-damage|p2a: smashable|56\/100\n|-hitcount|p2a: smashable|2\n|move|p2a: smashable|Hurricane|p1a: Maushold|[miss]\n|-miss|p2a: smashable|p1a: Maushold\n|\n|-heal|p2a: smashable|62\/100|[from] item: Leftovers\n|upkeep\n|turn|19\n|c|\u2606Sylveon2023|no\n|c|\u2606yommo64|YOOOOOO WHAT!!!!!!!!11\n|\n|t:|1699222653\n|move|p1a: Maushold|Population Bomb|p2a: smashable\n|-damage|p2a: smashable|40\/100\n|-damage|p2a: smashable|17\/100\n|-damage|p2a: smashable|0 fnt\n|faint|p2a: smashable\n|-hitcount|p2: smashable|3\n|\n|upkeep\n|\n|t:|1699222659\n|switch|p2a: smashable|Vivillon-Modern, M, shiny|100\/100\n|turn|20\n|c|\u2606yommo64|YOOOOOOOOO WHAT!!!!!!11\n|c|\u2606Sylveon2023|please\n|\n|t:|1699222668\n|move|p1a: Maushold|Population Bomb|p2a: smashable\n|-damage|p2a: smashable|79\/100\n|-damage|p2a: smashable|58\/100\n|-crit|p2a: smashable\n|-damage|p2a: smashable|23\/100\n|-damage|p2a: smashable|0 fnt\n|faint|p2a: smashable\n|-hitcount|p2: smashable|4\n|\n|upkeep\n|\n|t:|1699222673\n|switch|p2a: smashable|Vivillon-Modern, M, shiny|100\/100\n|turn|21\n|c|\u2606Sylveon2023|NO\n|c|\u2606yommo64|nah this is insane\n|\n|t:|1699222681\n|move|p1a: Maushold|Population Bomb|p2a: smashable\n|-damage|p2a: smashable|78\/100\n|-damage|p2a: smashable|56\/100\n|-damage|p2a: smashable|34\/100\n|-damage|p2a: smashable|11\/100\n|-damage|p2a: smashable|0 fnt\n|faint|p2a: smashable\n|-hitcount|p2: smashable|5\n|\n|win|yommo64\n|raw|yommo64's rating: 1063 &rarr; <strong>1104<\/strong><br \/>(+41 for winning)\n|raw|Sylveon2023's rating: 1193 &rarr; <strong>1159<\/strong><br \/>(-34 for losing)\n|c|\u2606yommo64|yo\n|l|\u2606Sylveon2023\n|c|\u2606yommo64|what\n","uploadtime":1699222707,"views":4,"p1id":"yommo64","p2id":"sylveon2023","formatid":"gen9anythinggoes","rating":1104,"private":0,"password":""}