{"id":"gen9anythinggoes-1975276929","p1":"TheJesterJames","p2":"Vphil","format":"[Gen 9] Anything Goes","log":"|j|\u2606TheJesterJames\n|j|\u2606Vphil\n|t:|1698175838\n|gametype|singles\n|player|p1|TheJesterJames|clown|1206\n|player|p2|Vphil|102|1125\n|teamsize|p1|6\n|teamsize|p2|6\n|gen|9\n|tier|[Gen 9] Anything Goes\n|rated|\n|rule|HP Percentage Mod: HP is shown in percentages\n|rule|Endless Battle Clause: Forcing endless battles is banned\n|clearpoke\n|poke|p1|Infernape, M|\n|poke|p1|Munkidori, M|\n|poke|p1|Rillaboom, M|\n|poke|p1|Zarude-Dada|\n|poke|p1|Annihilape, M|\n|poke|p1|Ambipom, M|\n|poke|p2|Houndour, M|\n|poke|p2|Dachsbun, F|\n|poke|p2|Poochyena, M|\n|poke|p2|Arcanine, F|\n|poke|p2|Mabosstiff, M|\n|poke|p2|Arcanine-Hisui, F|\n|teampreview\n|\n|t:|1698175862\n|start\n|switch|p1a: Ambipom|Ambipom, M|100\/100\n|switch|p2a: Poochyena|Poochyena, M|100\/100\n|turn|1\n|inactive|Battle timer is ON: inactive players will automatically lose when time's up. (requested by TheJesterJames)\n|\n|t:|1698175926\n|move|p1a: Ambipom|Fake Out|p2a: Poochyena\n|-damage|p2a: Poochyena|42\/100\n|cant|p2a: Poochyena|flinch\n|\n|upkeep\n|turn|2\n|\n|t:|1698175934\n|move|p1a: Ambipom|Brick Break|p2a: Poochyena\n|-supereffective|p2a: Poochyena\n|-damage|p2a: Poochyena|0 fnt\n|faint|p2a: Poochyena\n|\n|upkeep\n|\n|t:|1698175945\n|switch|p2a: Houndour|Houndour, M|100\/100\n|turn|3\n|\n|t:|1698175950\n|move|p1a: Ambipom|Brick Break|p2a: Houndour\n|-supereffective|p2a: Houndour\n|-enditem|p2a: Houndour|Focus Sash\n|-damage|p2a: Houndour|1\/100\n|move|p2a: Houndour|Toxic|p1a: Ambipom\n|-status|p1a: Ambipom|tox\n|\n|-damage|p1a: Ambipom|94\/100 tox|[from] psn\n|upkeep\n|turn|4\n|\n|t:|1698175966\n|-terastallize|p2a: Houndour|Ghost\n|move|p1a: Ambipom|Brick Break|p2a: Houndour\n|-immune|p2a: Houndour\n|move|p2a: Houndour|Super Fang|p1a: Ambipom\n|-damage|p1a: Ambipom|48\/100 tox\n|\n|-heal|p1a: Ambipom|54\/100 tox|[from] item: Leftovers\n|-damage|p1a: Ambipom|41\/100 tox|[from] psn\n|upkeep\n|turn|5\n|\n|t:|1698175979\n|-terastallize|p1a: Ambipom|Ghost\n|move|p1a: Ambipom|Tera Blast|p2a: Houndour|[anim] Tera Blast Ghost\n|-supereffective|p2a: Houndour\n|-damage|p2a: Houndour|0 fnt\n|faint|p2a: Houndour\n|\n|-heal|p1a: Ambipom|48\/100 tox|[from] item: Leftovers\n|-damage|p1a: Ambipom|29\/100 tox|[from] psn\n|upkeep\n|\n|t:|1698175994\n|switch|p2a: Mabosstiff|Mabosstiff, M|100\/100\n|-ability|p2a: Mabosstiff|Intimidate|boost\n|-unboost|p1a: Ambipom|atk|1\n|turn|6\n|\n|t:|1698176000\n|move|p1a: Ambipom|U-turn|p2a: Mabosstiff\n|-supereffective|p2a: Mabosstiff\n|-damage|p2a: Mabosstiff|71\/100\n|\n|t:|1698176006\n|switch|p1a: Infernape|Infernape, M|100\/100|[from] U-turn\n|move|p2a: Mabosstiff|Lash Out|p1a: Infernape\n|-resisted|p1a: Infernape\n|-damage|p1a: Infernape|73\/100\n|\n|upkeep\n|turn|7\n|\n|t:|1698176016\n|move|p1a: Infernape|Swords Dance|p1a: Infernape\n|-boost|p1a: Infernape|atk|2\n|move|p2a: Mabosstiff|Comeuppance||[still]\n|-fail|p2a: Mabosstiff\n|\n|upkeep\n|turn|8\n|c|\u2606Vphil|Dick trying so hard\n|inactive|Vphil has 120 seconds left.\n|c|\u2606TheJesterJames|I'm just playing the game lol we both have a theme team relax\n|inactive|Vphil has 90 seconds left.\n|inactive|Vphil has 60 seconds left.\n|inactive|Vphil has 30 seconds left.\n|inactive|Vphil has 20 seconds left.\n|inactive|Vphil has 15 seconds left.\n|inactive|Vphil has 10 seconds left.\n|inactive|Vphil has 5 seconds left.\n|-message|Vphil lost due to inactivity.\n|\n|win|TheJesterJames\n|raw|TheJesterJames's rating: 1206 &rarr; <strong>1225<\/strong><br \/>(+19 for winning)\n|raw|Vphil's rating: 1125 &rarr; <strong>1106<\/strong><br \/>(-19 for losing)\n","uploadtime":1698176183,"views":13,"p1id":"thejesterjames","p2id":"vphil","formatid":"gen9anythinggoes","rating":1106,"private":0,"password":""}