{"id":"gen9anythinggoes-1993804457","p1":"FerrothornFembots","p2":"Crabbrawlers","format":"[Gen 9] Anything Goes","log":"|j|\u2606FerrothornFembots\n|j|\u2606Crabbrawlers\n|t:|1700359326\n|gametype|singles\n|player|p1|FerrothornFembots|skierf-gen4dp|\n|player|p2|Crabbrawlers|linebacker|\n|teamsize|p1|6\n|teamsize|p2|6\n|gen|9\n|tier|[Gen 9] Anything Goes\n|rule|HP Percentage Mod: HP is shown in percentages\n|rule|Endless Battle Clause: Forcing endless battles is banned\n|clearpoke\n|poke|p1|Shaymin-Sky|\n|poke|p1|Darkrai|\n|poke|p1|Armarouge, F|\n|poke|p1|Bronzong|\n|poke|p1|Samurott, F|\n|poke|p1|Lycanroc, F|\n|poke|p2|Slaking, M|\n|poke|p2|Drifblim, F|\n|poke|p2|Barraskewda, M|\n|poke|p2|Salamence, M|\n|poke|p2|Maushold-Four|\n|poke|p2|Ogerpon-Hearthflame, F|\n|teampreview\n|j| Talonflameredwings\n|\n|t:|1700359348\n|start\n|switch|p1a: TinMan|Bronzong, shiny|100\/100\n|switch|p2a: Drifblim|Drifblim, F|100\/100\n|turn|1\n|\n|t:|1700359356\n|move|p2a: Drifblim|Thunder Wave|p1a: TinMan|[miss]\n|-miss|p2a: Drifblim|p1a: TinMan\n|move|p1a: TinMan|Reflect|p1a: TinMan\n|-sidestart|p1: FerrothornFembots|Reflect\n|\n|-status|p2a: Drifblim|brn|[from] item: Flame Orb\n|upkeep\n|turn|2\n|\n|t:|1700359363\n|move|p2a: Drifblim|Thunder Wave|p1a: TinMan|[miss]\n|-miss|p2a: Drifblim|p1a: TinMan\n|move|p1a: TinMan|Light Screen|p1a: TinMan\n|-sidestart|p1: FerrothornFembots|move: Light Screen\n|\n|-damage|p2a: Drifblim|94\/100 brn|[from] brn\n|upkeep\n|turn|3\n|\n|t:|1700359373\n|move|p2a: Drifblim|Thunder Wave|p1a: TinMan\n|-status|p1a: TinMan|par\n|cant|p1a: TinMan|par\n|\n|-damage|p2a: Drifblim|88\/100 brn|[from] brn\n|upkeep\n|turn|4\n|c| Talonflameredwings|best of luck all!\n|\n|t:|1700359385\n|move|p2a: Drifblim|Hex|p1a: TinMan\n|-supereffective|p1a: TinMan\n|-damage|p1a: TinMan|18\/100 par\n|move|p1a: TinMan|Stealth Rock|p2a: Drifblim\n|-sidestart|p2: Crabbrawlers|move: Stealth Rock\n|\n|-damage|p2a: Drifblim|82\/100 brn|[from] brn\n|upkeep\n|turn|5\n|c|\u2606FerrothornFembots|GLHF!!\n|\n|t:|1700359397\n|-terastallize|p2a: Drifblim|Ghost\n|move|p2a: Drifblim|Hex|p1a: TinMan\n|-supereffective|p1a: TinMan\n|-damage|p1a: TinMan|0 fnt\n|faint|p1a: TinMan\n|\n|-damage|p2a: Drifblim|76\/100 brn|[from] brn\n|-sideend|p1: FerrothornFembots|Reflect\n|upkeep\n|\n|t:|1700359420\n|switch|p1a: AquaJetLee|Samurott, F, shiny|100\/100\n|turn|6\n|\n|t:|1700359445\n|move|p1a: AquaJetLee|Aqua Jet|p2a: Drifblim\n|-damage|p2a: Drifblim|47\/100 brn\n|move|p2a: Drifblim|Strength Sap|p1a: AquaJetLee\n|-unboost|p1a: AquaJetLee|atk|1\n|-heal|p2a: Drifblim|100\/100 brn\n|\n|-damage|p2a: Drifblim|94\/100 brn|[from] brn\n|-sideend|p1: FerrothornFembots|move: Light Screen\n|upkeep\n|turn|7\n|\n|t:|1700359486\n|move|p2a: Drifblim|Thunder Wave|p1a: AquaJetLee\n|-status|p1a: AquaJetLee|par\n|move|p1a: AquaJetLee|Megahorn|p2a: Drifblim\n|-resisted|p2a: Drifblim\n|-damage|p2a: Drifblim|75\/100 brn\n|\n|-damage|p2a: Drifblim|69\/100 brn|[from] brn\n|upkeep\n|turn|8\n|\n|t:|1700359500\n|move|p2a: Drifblim|Hex|p1a: AquaJetLee\n|-damage|p1a: AquaJetLee|0 fnt\n|faint|p1a: AquaJetLee\n|\n|-damage|p2a: Drifblim|63\/100 brn|[from] brn\n|upkeep\n|\n|t:|1700359506\n|switch|p1a: DreamCatcher|Darkrai, shiny|100\/100\n|turn|9\n|\n|t:|1700359512\n|move|p1a: DreamCatcher|Dark Pulse|p2a: Drifblim\n|-supereffective|p2a: Drifblim\n|-damage|p2a: Drifblim|0 fnt\n|faint|p2a: Drifblim\n|-damage|p1a: DreamCatcher|91\/100|[from] item: Life Orb\n|\n|upkeep\n|\n|t:|1700359522\n|switch|p2a: Barraskewda|Barraskewda, M|100\/100\n|-damage|p2a: Barraskewda|88\/100|[from] Stealth Rock\n|turn|10\n|\n|t:|1700359548\n|move|p1a: DreamCatcher|Hypnosis|p2a: Barraskewda\n|-status|p2a: Barraskewda|slp|[from] move: Hypnosis\n|cant|p2a: Barraskewda|slp\n|\n|-damage|p2a: Barraskewda|76\/100 slp|[from] ability: Bad Dreams|[of] p1a: DreamCatcher\n|upkeep\n|turn|11\n|\n|t:|1700359559\n|move|p1a: DreamCatcher|Dark Pulse|p2a: Barraskewda\n|-crit|p2a: Barraskewda\n|-damage|p2a: Barraskewda|0 fnt\n|faint|p2a: Barraskewda\n|-damage|p1a: DreamCatcher|81\/100|[from] item: Life Orb\n|\n|upkeep\n|\n|t:|1700359571\n|switch|p2a: Salamence|Salamence, M|100\/100\n|-damage|p2a: Salamence|76\/100|[from] Stealth Rock\n|turn|12\n|\n|t:|1700359594\n|move|p1a: DreamCatcher|Hypnosis|p2a: Salamence\n|-status|p2a: Salamence|slp|[from] move: Hypnosis\n|-enditem|p2a: Salamence|Lum Berry|[eat]\n|-curestatus|p2a: Salamence|slp|[msg]\n|move|p2a: Salamence|Dragon Dance|p2a: Salamence\n|-boost|p2a: Salamence|atk|1\n|-boost|p2a: Salamence|spe|1\n|\n|upkeep\n|turn|13\n|\n|t:|1700359616\n|move|p2a: Salamence|Outrage|p1a: DreamCatcher\n|-damage|p1a: DreamCatcher|0 fnt\n|faint|p1a: DreamCatcher\n|-ability|p2a: Salamence|Moxie|boost\n|-boost|p2a: Salamence|atk|1\n|\n|upkeep\n|\n|t:|1700359640\n|switch|p1a: G&P|Lycanroc, F, shiny|100\/100\n|turn|14\n|\n|t:|1700359648\n|move|p1a: G&P|Accelerock|p2a: Salamence\n|-supereffective|p2a: Salamence\n|-damage|p2a: Salamence|28\/100\n|move|p2a: Salamence|Outrage|p1a: G&P|[from]lockedmove\n|-enditem|p1a: G&P|Focus Sash\n|-damage|p1a: G&P|1\/100\n|\n|upkeep\n|turn|15\n|\n|t:|1700359659\n|move|p1a: G&P|Accelerock|p2a: Salamence\n|-supereffective|p2a: Salamence\n|-damage|p2a: Salamence|0 fnt\n|faint|p2a: Salamence\n|\n|upkeep\n|\n|t:|1700359667\n|switch|p2a: Maushold|Maushold-Four|100\/100\n|-damage|p2a: Maushold|88\/100|[from] Stealth Rock\n|turn|16\n|\n|t:|1700359676\n|move|p2a: Maushold|Tidy Up|p2a: Maushold\n|-sideend|p2: Crabbrawlers|Stealth Rock\n|-activate|p2a: Maushold|move: Tidy Up\n|-boost|p2a: Maushold|atk|1\n|-boost|p2a: Maushold|spe|1\n|move|p1a: G&P|Endeavor|p2a: Maushold\n|-damage|p2a: Maushold|1\/100\n|\n|upkeep\n|turn|17\n|\n|t:|1700359686\n|move|p1a: G&P|Accelerock|p2a: Maushold\n|-damage|p2a: Maushold|0 fnt\n|faint|p2a: Maushold\n|\n|upkeep\n|\n|t:|1700359690\n|switch|p2a: Slaking|Slaking, M|100\/100\n|turn|18\n|j| Snorlaxsleepers\n|\n|t:|1700359708\n|move|p1a: G&P|Close Combat|p2a: Slaking\n|-supereffective|p2a: Slaking\n|-damage|p2a: Slaking|34\/100\n|-unboost|p1a: G&P|def|1\n|-unboost|p1a: G&P|spd|1\n|move|p2a: Slaking|Earthquake|p1a: G&P\n|-supereffective|p1a: G&P\n|-damage|p1a: G&P|0 fnt\n|faint|p1a: G&P\n|\n|-heal|p2a: Slaking|40\/100|[from] item: Leftovers\n|upkeep\n|\n|t:|1700359727\n|switch|p1a: Transformer|Armarouge, F, shiny|100\/100\n|turn|19\n|\n|t:|1700359742\n|cant|p2a: Slaking|ability: Truant\n|move|p1a: Transformer|Aura Sphere|p2a: Slaking\n|-supereffective|p2a: Slaking\n|-damage|p2a: Slaking|0 fnt\n|faint|p2a: Slaking\n|\n|upkeep\n|\n|t:|1700359749\n|switch|p2a: Ogerpon|Ogerpon-Hearthflame, F|100\/100\n|-ability|p2a: Ogerpon|Mold Breaker\n|turn|20\n|\n|t:|1700359762\n|-terastallize|p1a: Transformer|Dragon\n|move|p2a: Ogerpon|Swords Dance|p2a: Ogerpon\n|-boost|p2a: Ogerpon|atk|2\n|move|p1a: Transformer|Aura Sphere|p2a: Ogerpon\n|-damage|p2a: Ogerpon|63\/100\n|\n|upkeep\n|turn|21\n|\n|t:|1700359777\n|move|p2a: Ogerpon|Horn Leech|p1a: Transformer\n|-resisted|p1a: Transformer\n|-damage|p1a: Transformer|44\/100\n|-heal|p2a: Ogerpon|93\/100|[from] drain|[of] p1a: Transformer\n|-ability|p1a: Transformer|Weak Armor|boost\n|-unboost|p1a: Transformer|def|1\n|-boost|p1a: Transformer|spe|2\n|move|p1a: Transformer|Aura Sphere|p2a: Ogerpon\n|-damage|p2a: Ogerpon|55\/100\n|\n|upkeep\n|turn|22\n|\n|t:|1700359788\n|move|p1a: Transformer|Aura Sphere|p2a: Ogerpon\n|-damage|p2a: Ogerpon|17\/100\n|move|p2a: Ogerpon|Horn Leech|p1a: Transformer\n|-resisted|p1a: Transformer\n|-damage|p1a: Transformer|0 fnt\n|-heal|p2a: Ogerpon|40\/100|[from] drain|[of] p1a: Transformer\n|faint|p1a: Transformer\n|\n|upkeep\n|\n|t:|1700359797\n|switch|p1a: Bambi|Shaymin-Sky, shiny|100\/100\n|turn|23\n|\n|t:|1700359803\n|move|p1a: Bambi|Air Slash|p2a: Ogerpon\n|-supereffective|p2a: Ogerpon\n|-damage|p2a: Ogerpon|0 fnt\n|faint|p2a: Ogerpon\n|\n|win|FerrothornFembots\n|c|\u2606Crabbrawlers|gg\n|l|\u2606Crabbrawlers\n|c| Talonflameredwings|gg!\n|c|\u2606FerrothornFembots|GG bud!\n|l| Snorlaxsleepers\n","uploadtime":1700359821,"views":10,"p1id":"ferrothornfembots","p2id":"crabbrawlers","formatid":"gen9anythinggoes","rating":0,"private":0,"password":""}