{"id":"gen9anythinggoes-1978331978","p1":"BigSchoenRetired","p2":"Darth Hoodie","format":"[Gen 9] Anything Goes","log":"|j|\u2606BigSchoenRetired\n|j|\u2606Darth Hoodie\n|t:|1698526061\n|gametype|singles\n|player|p1|BigSchoenRetired|101|\n|player|p2|Darth Hoodie|acetrainer|\n|teamsize|p1|6\n|teamsize|p2|6\n|gen|9\n|tier|[Gen 9] Anything Goes\n|rule|HP Percentage Mod: HP is shown in percentages\n|rule|Endless Battle Clause: Forcing endless battles is banned\n|clearpoke\n|poke|p1|Quagsire, M|\n|poke|p1|Ninetales-Alola, F|\n|poke|p1|Hoopa|\n|poke|p1|Roaring Moon|\n|poke|p1|Avalugg-Hisui, M|\n|poke|p1|Kingambit, F|\n|poke|p2|Ogerpon-Wellspring, F|\n|poke|p2|Annihilape, F|\n|poke|p2|Talonflame, F|\n|poke|p2|Cyclizar, M|\n|poke|p2|Ting-Lu|\n|poke|p2|Dragalge, F|\n|teampreview\n|c|\u2606Darth Hoodie|Got it working\n|c|\u2606BigSchoenRetired|glhf\n|c|\u2606Darth Hoodie|You too!\n|j| PorygonTheBot\n|c| PorygonTheBot|I hope I win!\n|j| BIGL56\n|\n|t:|1698526239\n|start\n|switch|p1a: Avalugg|Avalugg-Hisui, M, shiny|100\/100\n|switch|p2a: Cyclizar|Cyclizar, M|100\/100\n|turn|1\n|\n|t:|1698526283\n|move|p2a: Cyclizar|U-turn|p1a: Avalugg\n|-damage|p1a: Avalugg|92\/100\n|\n|t:|1698526288\n|switch|p2a: Annihilape|Annihilape, F|100\/100|[from] U-turn\n|move|p1a: Avalugg|Curse|p1a: Avalugg\n|-unboost|p1a: Avalugg|spe|1\n|-boost|p1a: Avalugg|atk|1\n|-boost|p1a: Avalugg|def|1\n|\n|upkeep\n|turn|2\n|j| nolansr13\n|\n|t:|1698526399\n|move|p2a: Annihilape|Bulk Up|p2a: Annihilape\n|-boost|p2a: Annihilape|atk|1\n|-boost|p2a: Annihilape|def|1\n|move|p1a: Avalugg|Gyro Ball|p2a: Annihilape\n|-damage|p2a: Annihilape|56\/100\n|\n|-heal|p2a: Annihilape|62\/100|[from] item: Leftovers\n|upkeep\n|turn|3\n|c| nolansr13|Go faster\n|\n|t:|1698526476\n|-terastallize|p1a: Avalugg|Grass\n|move|p2a: Annihilape|Drain Punch|p1a: Avalugg\n|-damage|p1a: Avalugg|79\/100\n|-heal|p2a: Annihilape|69\/100|[from] drain|[of] p1a: Avalugg\n|move|p1a: Avalugg|Curse|p1a: Avalugg\n|-unboost|p1a: Avalugg|spe|1\n|-boost|p1a: Avalugg|atk|1\n|-boost|p1a: Avalugg|def|1\n|\n|-heal|p2a: Annihilape|75\/100|[from] item: Leftovers\n|upkeep\n|turn|4\n|\n|t:|1698526513\n|move|p2a: Annihilape|Stealth Rock|p1a: Avalugg\n|-sidestart|p1: BigSchoenRetired|move: Stealth Rock\n|move|p1a: Avalugg|Gyro Ball|p2a: Annihilape\n|-damage|p2a: Annihilape|9\/100\n|\n|-heal|p2a: Annihilape|15\/100|[from] item: Leftovers\n|upkeep\n|turn|5\n|\n|t:|1698526561\n|move|p2a: Annihilape|Rage Fist|p1a: Avalugg\n|-damage|p1a: Avalugg|57\/100\n|move|p1a: Avalugg|Gyro Ball|p2a: Annihilape\n|-damage|p2a: Annihilape|0 fnt\n|faint|p2a: Annihilape\n|\n|upkeep\n|\n|t:|1698526570\n|switch|p2a: Dragalge|Dragalge, F|100\/100\n|turn|6\n|\n|t:|1698526655\n|switch|p1a: Kingambit|Kingambit, F|100\/100\n|-damage|p1a: Kingambit|94\/100|[from] Stealth Rock\n|move|p2a: Dragalge|Draco Meteor|p1a: Kingambit\n|-resisted|p1a: Kingambit\n|-damage|p1a: Kingambit|55\/100\n|-unboost|p2a: Dragalge|spa|2\n|\n|upkeep\n|turn|7\n|\n|t:|1698526741\n|switch|p2a: Ting-Lu|Ting-Lu|100\/100\n|-ability|p2a: Ting-Lu|Vessel of Ruin\n|move|p1a: Kingambit|Kowtow Cleave|p2a: Ting-Lu\n|-resisted|p2a: Ting-Lu\n|-damage|p2a: Ting-Lu|89\/100\n|\n|-heal|p2a: Ting-Lu|96\/100|[from] item: Leftovers\n|upkeep\n|turn|8\n|\n|t:|1698526761\n|-end|p1a: Kingambit|fallenundefined|[silent]\n|switch|p1a: Quagsire|Quagsire, M|100\/100\n|-damage|p1a: Quagsire|94\/100|[from] Stealth Rock\n|move|p2a: Ting-Lu|Spikes|p1a: Quagsire\n|-sidestart|p1: BigSchoenRetired|Spikes\n|\n|-heal|p2a: Ting-Lu|100\/100|[from] item: Leftovers\n|upkeep\n|turn|9\n|\n|t:|1698526782\n|switch|p2a: Dragalge|Dragalge, F|100\/100\n|move|p1a: Quagsire|Stealth Rock|p2a: Dragalge\n|-sidestart|p2: Darth Hoodie|move: Stealth Rock\n|\n|upkeep\n|turn|10\n|\n|t:|1698526845\n|switch|p1a: Hoopa|Hoopa|100\/100\n|-damage|p1a: Hoopa|88\/100|[from] Stealth Rock\n|-damage|p1a: Hoopa|76\/100|[from] Spikes\n|move|p2a: Dragalge|Draco Meteor|p1a: Hoopa\n|-damage|p1a: Hoopa|6\/100\n|-unboost|p2a: Dragalge|spa|2\n|\n|upkeep\n|turn|11\n|\n|t:|1698526867\n|switch|p2a: Cyclizar|Cyclizar, M|100\/100\n|-damage|p2a: Cyclizar|88\/100|[from] Stealth Rock\n|move|p1a: Hoopa|Sunny Day|p1a: Hoopa\n|-weather|SunnyDay\n|\n|-weather|SunnyDay|[upkeep]\n|upkeep\n|turn|12\n|\n|t:|1698526884\n|move|p2a: Cyclizar|U-turn|p1a: Hoopa\n|-damage|p1a: Hoopa|0 fnt\n|faint|p1a: Hoopa\n|\n|t:|1698526894\n|switch|p2a: Ting-Lu|Ting-Lu|100\/100|[from] U-turn\n|-damage|p2a: Ting-Lu|94\/100|[from] Stealth Rock\n|-ability|p2a: Ting-Lu|Vessel of Ruin\n|\n|-weather|SunnyDay|[upkeep]\n|-heal|p2a: Ting-Lu|100\/100|[from] item: Leftovers\n|upkeep\n|c|\u2606BigSchoenRetired|lmao fuck this thing\n|\n|t:|1698526959\n|switch|p1a: Avalugg|Avalugg-Hisui, M, shiny, tera:Grass|57\/100\n|turn|13\n|\n|t:|1698526966\n|move|p1a: Avalugg|Recover|p1a: Avalugg\n|-heal|p1a: Avalugg|100\/100\n|move|p2a: Ting-Lu|Whirlwind|p1a: Avalugg\n|drag|p1a: Quagsire|Quagsire, M|94\/100\n|-damage|p1a: Quagsire|88\/100|[from] Stealth Rock\n|-damage|p1a: Quagsire|76\/100|[from] Spikes\n|\n|-weather|SunnyDay|[upkeep]\n|upkeep\n|turn|14\n|\n|t:|1698526996\n|move|p1a: Quagsire|Liquidation|p2a: Ting-Lu\n|-supereffective|p2a: Ting-Lu\n|-crit|p2a: Ting-Lu\n|-damage|p2a: Ting-Lu|85\/100\n|move|p2a: Ting-Lu|Whirlwind|p1a: Quagsire\n|drag|p1a: Ninetales|Ninetales-Alola, F, shiny|100\/100\n|-damage|p1a: Ninetales|76\/100|[from] Stealth Rock\n|-damage|p1a: Ninetales|64\/100|[from] Spikes\n|-weather|Snow|[from] ability: Snow Warning|[of] p1a: Ninetales\n|\n|-weather|Snow|[upkeep]\n|-heal|p2a: Ting-Lu|92\/100|[from] item: Leftovers\n|upkeep\n|turn|15\n|\n|t:|1698527013\n|switch|p2a: Talonflame|Talonflame, F|100\/100\n|move|p1a: Ninetales|Blizzard|p2a: Talonflame\n|-damage|p2a: Talonflame|40\/100\n|\n|-weather|Snow|[upkeep]\n|upkeep\n|turn|16\n|\n|t:|1698527031\n|move|p1a: Ninetales|Blizzard|p2a: Talonflame\n|-damage|p2a: Talonflame|0 fnt\n|faint|p2a: Talonflame\n|\n|-weather|Snow|[upkeep]\n|upkeep\n|\n|t:|1698527121\n|switch|p2a: Dragalge|Dragalge, F|100\/100\n|-damage|p2a: Dragalge|88\/100|[from] Stealth Rock\n|turn|17\n|\n|t:|1698527152\n|switch|p1a: Kingambit|Kingambit, F|55\/100\n|-damage|p1a: Kingambit|49\/100|[from] Stealth Rock\n|-damage|p1a: Kingambit|36\/100|[from] Spikes\n|-activate|p1a: Kingambit|ability: Supreme Overlord\n|-start|p1a: Kingambit|fallen1|[silent]\n|-terastallize|p2a: Dragalge|Poison\n|move|p2a: Dragalge|Tera Blast|p1a: Kingambit|[anim] Tera Blast Poison\n|-immune|p1a: Kingambit\n|\n|-weather|Snow|[upkeep]\n|-heal|p2a: Dragalge|94\/100|[from] item: Leftovers\n|upkeep\n|turn|18\n|c| nolansr13|Whoops\n|c|\u2606Darth Hoodie|Fuck. Wrong Tera type\n|c|\u2606Darth Hoodie|Was supposed to be fire. Fuck me\n|\n|t:|1698527213\n|switch|p2a: Ting-Lu|Ting-Lu|92\/100\n|-damage|p2a: Ting-Lu|85\/100|[from] Stealth Rock\n|-ability|p2a: Ting-Lu|Vessel of Ruin\n|move|p1a: Kingambit|Kowtow Cleave|p2a: Ting-Lu\n|-resisted|p2a: Ting-Lu\n|-damage|p2a: Ting-Lu|74\/100\n|\n|-weather|none\n|-heal|p2a: Ting-Lu|80\/100|[from] item: Leftovers\n|upkeep\n|turn|19\n|\n|t:|1698527230\n|-end|p1a: Kingambit|fallen1|[silent]\n|switch|p1a: Avalugg|Avalugg-Hisui, M, shiny, tera:Grass|100\/100\n|move|p2a: Ting-Lu|Spikes|p1a: Avalugg\n|-sidestart|p1: BigSchoenRetired|Spikes\n|\n|-heal|p2a: Ting-Lu|86\/100|[from] item: Leftovers\n|upkeep\n|turn|20\n|\n|t:|1698527237\n|move|p1a: Avalugg|Tera Blast|p2a: Ting-Lu|[anim] Tera Blast Grass\n|-supereffective|p2a: Ting-Lu\n|-damage|p2a: Ting-Lu|58\/100\n|move|p2a: Ting-Lu|Whirlwind|p1a: Avalugg\n|drag|p1a: Ninetales|Ninetales-Alola, F, shiny|64\/100\n|-damage|p1a: Ninetales|39\/100|[from] Stealth Rock\n|-damage|p1a: Ninetales|22\/100|[from] Spikes\n|-weather|Snow|[from] ability: Snow Warning|[of] p1a: Ninetales\n|\n|-weather|Snow|[upkeep]\n|-heal|p2a: Ting-Lu|64\/100|[from] item: Leftovers\n|upkeep\n|turn|21\n|\n|t:|1698527255\n|switch|p2a: Dragalge|Dragalge, F, tera:Poison|94\/100\n|-damage|p2a: Dragalge|82\/100|[from] Stealth Rock\n|move|p1a: Ninetales|Blizzard|p2a: Dragalge\n|-damage|p2a: Dragalge|44\/100\n|\n|-weather|Snow|[upkeep]\n|-heal|p2a: Dragalge|50\/100|[from] item: Leftovers\n|upkeep\n|turn|22\n|c|\u2606BigSchoenRetired|i miss hail\n|\n|t:|1698527279\n|move|p1a: Ninetales|Blizzard|p2a: Dragalge\n|-damage|p2a: Dragalge|16\/100\n|move|p2a: Dragalge|Tera Blast|p1a: Ninetales|[anim] Tera Blast Poison\n|-supereffective|p1a: Ninetales\n|-damage|p1a: Ninetales|0 fnt\n|faint|p1a: Ninetales\n|\n|-weather|Snow|[upkeep]\n|-heal|p2a: Dragalge|22\/100|[from] item: Leftovers\n|upkeep\n|\n|t:|1698527293\n|switch|p1a: Quagsire|Quagsire, M|76\/100\n|-damage|p1a: Quagsire|70\/100|[from] Stealth Rock\n|-damage|p1a: Quagsire|53\/100|[from] Spikes\n|turn|23\n|\n|t:|1698527298\n|move|p2a: Dragalge|Draco Meteor|p1a: Quagsire\n|-damage|p1a: Quagsire|0 fnt\n|-unboost|p2a: Dragalge|spa|2\n|faint|p1a: Quagsire\n|\n|-weather|Snow|[upkeep]\n|-heal|p2a: Dragalge|28\/100|[from] item: Leftovers\n|upkeep\n|\n|t:|1698527305\n|switch|p1a: Roaring Moon|Roaring Moon|100\/100\n|-damage|p1a: Roaring Moon|88\/100|[from] Stealth Rock\n|-damage|p1a: Roaring Moon|72\/100|[from] Spikes\n|-enditem|p1a: Roaring Moon|Booster Energy\n|-activate|p1a: Roaring Moon|ability: Protosynthesis|[fromitem]\n|-start|p1a: Roaring Moon|protosynthesisatk\n|turn|24\n|\n|t:|1698527315\n|move|p1a: Roaring Moon|Dragon Dance|p1a: Roaring Moon\n|-boost|p1a: Roaring Moon|atk|1\n|-boost|p1a: Roaring Moon|spe|1\n|move|p2a: Dragalge|Draco Meteor|p1a: Roaring Moon\n|-supereffective|p1a: Roaring Moon\n|-damage|p1a: Roaring Moon|15\/100\n|-unboost|p2a: Dragalge|spa|2\n|\n|-weather|none\n|-heal|p2a: Dragalge|34\/100|[from] item: Leftovers\n|upkeep\n|turn|25\n|\n|t:|1698527346\n|move|p1a: Roaring Moon|Earthquake|p2a: Dragalge\n|-supereffective|p2a: Dragalge\n|-damage|p2a: Dragalge|0 fnt\n|faint|p2a: Dragalge\n|\n|upkeep\n|\n|t:|1698527353\n|switch|p2a: Cyclizar|Cyclizar, M|100\/100\n|-damage|p2a: Cyclizar|88\/100|[from] Stealth Rock\n|turn|26\n|\n|t:|1698527360\n|move|p2a: Cyclizar|U-turn|p1a: Roaring Moon\n|-supereffective|p1a: Roaring Moon\n|-damage|p1a: Roaring Moon|0 fnt\n|faint|p1a: Roaring Moon\n|-end|p1a: Roaring Moon|Protosynthesis|[silent]\n|\n|t:|1698527371\n|switch|p2a: Ogerpon|Ogerpon-Wellspring, F|100\/100|[from] U-turn\n|-damage|p2a: Ogerpon|88\/100|[from] Stealth Rock\n|\n|upkeep\n|\n|t:|1698527515\n|switch|p1a: Avalugg|Avalugg-Hisui, M, shiny, tera:Grass|100\/100\n|turn|27\n|\n|t:|1698527521\n|move|p2a: Ogerpon|U-turn|p1a: Avalugg\n|-supereffective|p1a: Avalugg\n|-damage|p1a: Avalugg|80\/100\n|\n|t:|1698527524\n|switch|p2a: Ting-Lu|Ting-Lu|64\/100|[from] U-turn\n|-damage|p2a: Ting-Lu|58\/100|[from] Stealth Rock\n|-ability|p2a: Ting-Lu|Vessel of Ruin\n|move|p1a: Avalugg|Curse|p1a: Avalugg\n|-unboost|p1a: Avalugg|spe|1\n|-boost|p1a: Avalugg|atk|1\n|-boost|p1a: Avalugg|def|1\n|\n|-heal|p2a: Ting-Lu|64\/100|[from] item: Leftovers\n|upkeep\n|turn|28\n|\n|t:|1698527537\n|move|p1a: Avalugg|Tera Blast|p2a: Ting-Lu|[anim] Tera Blast Grass\n|-supereffective|p2a: Ting-Lu\n|-damage|p2a: Ting-Lu|24\/100\n|move|p2a: Ting-Lu|Whirlwind|p1a: Avalugg\n|drag|p1a: Kingambit|Kingambit, F|36\/100\n|-damage|p1a: Kingambit|30\/100|[from] Stealth Rock\n|-damage|p1a: Kingambit|14\/100|[from] Spikes\n|-activate|p1a: Kingambit|ability: Supreme Overlord\n|-start|p1a: Kingambit|fallen4|[silent]\n|\n|-heal|p2a: Ting-Lu|31\/100|[from] item: Leftovers\n|upkeep\n|turn|29\n|-enditem|p1a: Kingambit|Custap Berry|[eat]\n|-activate|p1a: Kingambit|item: Custap Berry|[consumed]\n|\n|t:|1698527569\n|move|p1a: Kingambit|Iron Head|p2a: Ting-Lu\n|-damage|p2a: Ting-Lu|4\/100\n|move|p2a: Ting-Lu|Earthquake|p1a: Kingambit\n|-supereffective|p1a: Kingambit\n|-crit|p1a: Kingambit\n|-damage|p1a: Kingambit|0 fnt\n|faint|p1a: Kingambit\n|-end|p1a: Kingambit|fallen4|[silent]\n|\n|-heal|p2a: Ting-Lu|10\/100|[from] item: Leftovers\n|upkeep\n|\n|t:|1698527576\n|switch|p1a: Avalugg|Avalugg-Hisui, M, shiny, tera:Grass|80\/100\n|turn|30\n|\n|t:|1698527590\n|switch|p2a: Ogerpon|Ogerpon-Wellspring, F|88\/100\n|-damage|p2a: Ogerpon|76\/100|[from] Stealth Rock\n|move|p1a: Avalugg|Recover|p1a: Avalugg\n|-heal|p1a: Avalugg|100\/100\n|\n|upkeep\n|turn|31\n|\n|t:|1698527669\n|move|p2a: Ogerpon|Swords Dance|p2a: Ogerpon\n|-boost|p2a: Ogerpon|atk|2\n|move|p1a: Avalugg|Recover||[still]\n|-fail|p1a: Avalugg|heal\n|\n|upkeep\n|turn|32\n|\n|t:|1698527677\n|move|p2a: Ogerpon|Swords Dance|p2a: Ogerpon\n|-boost|p2a: Ogerpon|atk|2\n|move|p1a: Avalugg|Curse|p1a: Avalugg\n|-unboost|p1a: Avalugg|spe|1\n|-boost|p1a: Avalugg|atk|1\n|-boost|p1a: Avalugg|def|1\n|\n|upkeep\n|turn|33\n|c|\u2606BigSchoenRetired|oh shit!\n|\n|t:|1698527717\n|move|p2a: Ogerpon|U-turn|p1a: Avalugg\n|-supereffective|p1a: Avalugg\n|-damage|p1a: Avalugg|57\/100\n|\n|t:|1698527722\n|switch|p2a: Cyclizar|Cyclizar, M|100\/100|[from] U-turn\n|-damage|p2a: Cyclizar|88\/100|[from] Stealth Rock\n|move|p1a: Avalugg|Tera Blast|p2a: Cyclizar|[anim] Tera Blast Grass\n|-resisted|p2a: Cyclizar\n|-damage|p2a: Cyclizar|44\/100\n|\n|upkeep\n|turn|34\n|\n|t:|1698527734\n|move|p2a: Cyclizar|Overheat|p1a: Avalugg\n|-supereffective|p1a: Avalugg\n|-damage|p1a: Avalugg|0 fnt\n|-unboost|p2a: Cyclizar|spa|2\n|faint|p1a: Avalugg\n|\n|win|Darth Hoodie\n|l| PorygonTheBot\n|c|\u2606BigSchoenRetired|gg\n|l| BIGL56\n","uploadtime":1698527734,"views":19,"p1id":"bigschoenretired","p2id":"darthhoodie","formatid":"gen9anythinggoes","rating":0,"private":0,"password":""}