{"id":"gen9anythinggoes-1988904307","p1":"atomicbgd","p2":"AminitraboTTT","format":"[Gen 9] Anything Goes","log":"|j|\u2606atomicbgd\n|j|\u2606AminitraboTTT\n|t:|1699784863\n|gametype|singles\n|player|p1|atomicbgd|steven|\n|player|p2|AminitraboTTT|supernerd|\n|teamsize|p1|6\n|teamsize|p2|6\n|gen|9\n|tier|[Gen 9] Anything Goes\n|rule|HP Percentage Mod: HP is shown in percentages\n|rule|Endless Battle Clause: Forcing endless battles is banned\n|clearpoke\n|poke|p1|Shellos, M|\n|poke|p1|Shellos, F|\n|poke|p1|Shellos, M|\n|poke|p1|Giratina-Origin|\n|poke|p1|Kingambit, F|\n|poke|p1|Zacian-*|\n|poke|p2|Koraidon|\n|poke|p2|Miraidon|\n|poke|p2|Iron Bundle|\n|poke|p2|Flutter Mane|\n|poke|p2|Iron Valiant|\n|poke|p2|Great Tusk|\n|teampreview\n|c|\u2606AminitraboTTT|Hola, soy AminitraboTTT, el bot de la sala Espa\u00f1ol. gl hf\n|inactive|Battle timer is ON: inactive players will automatically lose when time's up. (requested by AminitraboTTT)\n|\n|t:|1699784865\n|start\n|switch|p1a: \u6211\u662f\u5151\u5b50|Shellos, M|100\/100\n|switch|p2a: Koraidon|Koraidon|100\/100\n|-weather|SunnyDay|[from] ability: Orichalcum Pulse|[of] p2a: Koraidon\n|-activate|p2a: Koraidon|Orichalcum Pulse|[source]\n|turn|1\n|\n|t:|1699784867\n|-terastallize|p2a: Koraidon|Fire\n|move|p2a: Koraidon|Close Combat|p1a: \u6211\u662f\u5151\u5b50\n|-crit|p1a: \u6211\u662f\u5151\u5b50\n|-enditem|p1a: \u6211\u662f\u5151\u5b50|Focus Sash\n|-damage|p1a: \u6211\u662f\u5151\u5b50|1\/100\n|-unboost|p2a: Koraidon|def|1\n|-unboost|p2a: Koraidon|spd|1\n|move|p1a: \u6211\u662f\u5151\u5b50|Counter|p2a: Koraidon\n|-damage|p2a: Koraidon|0 fnt\n|faint|p2a: Koraidon\n|\n|-weather|SunnyDay|[upkeep]\n|upkeep\n|\n|t:|1699784867\n|switch|p2a: Miraidon|Miraidon|100\/100\n|-fieldstart|move: Electric Terrain|[from] ability: Hadron Engine|[of] p2a: Miraidon\n|turn|2\n|\n|t:|1699784873\n|move|p2a: Miraidon|Volt Switch|p1a: \u6211\u662f\u5151\u5b50\n|-supereffective|p1a: \u6211\u662f\u5151\u5b50\n|-damage|p1a: \u6211\u662f\u5151\u5b50|0 fnt\n|faint|p1a: \u6211\u662f\u5151\u5b50\n|\n|t:|1699784873\n|switch|p2a: Iron Bundle|Iron Bundle|100\/100|[from] Volt Switch\n|-activate|p2a: Iron Bundle|ability: Quark Drive\n|-start|p2a: Iron Bundle|quarkdrivespe\n|\n|-weather|SunnyDay|[upkeep]\n|upkeep\n|\n|t:|1699784875\n|switch|p1a: \u6211\u662f\u5151\u5b50|Shellos, F|100\/100\n|turn|3\n|\n|t:|1699784878\n|move|p2a: Iron Bundle|Freeze-Dry|p1a: \u6211\u662f\u5151\u5b50\n|-supereffective|p1a: \u6211\u662f\u5151\u5b50\n|-damage|p1a: \u6211\u662f\u5151\u5b50|22\/100\n|-damage|p2a: Iron Bundle|91\/100|[from] item: Life Orb\n|move|p1a: \u6211\u662f\u5151\u5b50|Mirror Coat|p2a: Iron Bundle\n|-damage|p2a: Iron Bundle|0 fnt\n|faint|p2a: Iron Bundle\n|-end|p2a: Iron Bundle|Quark Drive|[silent]\n|\n|-weather|SunnyDay|[upkeep]\n|upkeep\n|\n|t:|1699784878\n|switch|p2a: Miraidon|Miraidon|100\/100\n|-activate|p2a: Miraidon|ability: Hadron Engine\n|turn|4\n|\n|t:|1699784885\n|move|p2a: Miraidon|Electro Drift|p1a: \u6211\u662f\u5151\u5b50\n|-supereffective|p1a: \u6211\u662f\u5151\u5b50\n|-damage|p1a: \u6211\u662f\u5151\u5b50|0 fnt\n|faint|p1a: \u6211\u662f\u5151\u5b50\n|\n|-weather|SunnyDay|[upkeep]\n|upkeep\n|\n|t:|1699784887\n|switch|p1a: \u6211\u662f\u5151\u5b50|Shellos, M|100\/100\n|turn|5\n|\n|t:|1699784889\n|move|p2a: Miraidon|Electro Drift|p1a: \u6211\u662f\u5151\u5b50\n|-supereffective|p1a: \u6211\u662f\u5151\u5b50\n|-enditem|p1a: \u6211\u662f\u5151\u5b50|Focus Sash\n|-damage|p1a: \u6211\u662f\u5151\u5b50|1\/100\n|move|p1a: \u6211\u662f\u5151\u5b50|Mirror Coat|p2a: Miraidon\n|-damage|p2a: Miraidon|0 fnt\n|faint|p2a: Miraidon\n|\n|-weather|none\n|upkeep\n|\n|t:|1699784889\n|switch|p2a: Iron Valiant|Iron Valiant|100\/100\n|-activate|p2a: Iron Valiant|ability: Quark Drive\n|-start|p2a: Iron Valiant|quarkdrivespe\n|turn|6\n|\n|t:|1699784898\n|move|p2a: Iron Valiant|Close Combat|p1a: \u6211\u662f\u5151\u5b50\n|-damage|p1a: \u6211\u662f\u5151\u5b50|0 fnt\n|-unboost|p2a: Iron Valiant|def|1\n|-unboost|p2a: Iron Valiant|spd|1\n|faint|p1a: \u6211\u662f\u5151\u5b50\n|\n|-fieldend|move: Electric Terrain\n|-end|p2a: Iron Valiant|Quark Drive\n|upkeep\n|\n|t:|1699784900\n|switch|p1a: Zacian|Zacian-Crowned|100\/100\n|-ability|p1a: Zacian|Intrepid Sword|boost\n|-boost|p1a: Zacian|atk|1\n|turn|7\n|\n|t:|1699784902\n|move|p1a: Zacian|Behemoth Blade|p2a: Iron Valiant\n|-supereffective|p2a: Iron Valiant\n|-damage|p2a: Iron Valiant|0 fnt\n|faint|p2a: Iron Valiant\n|-end|p2a: Iron Valiant|Quark Drive|[silent]\n|\n|upkeep\n|\n|t:|1699784903\n|switch|p2a: Great Tusk|Great Tusk|100\/100\n|turn|8\n|\n|t:|1699784907\n|-terastallize|p1a: Zacian|Fairy\n|move|p1a: Zacian|Play Rough|p2a: Great Tusk\n|-supereffective|p2a: Great Tusk\n|-damage|p2a: Great Tusk|0 fnt\n|-damage|p1a: Zacian|84\/100|[from] item: Rocky Helmet|[of] p2a: Great Tusk\n|faint|p2a: Great Tusk\n|-end|p2a: Great Tusk|Protosynthesis|[silent]\n|\n|upkeep\n|\n|t:|1699784907\n|switch|p2a: Flutter Mane|Flutter Mane|100\/100\n|turn|9\n|\n|t:|1699784913\n|move|p1a: Zacian|Behemoth Blade|p2a: Flutter Mane\n|-supereffective|p2a: Flutter Mane\n|-damage|p2a: Flutter Mane|0 fnt\n|faint|p2a: Flutter Mane\n|-end|p2a: Flutter Mane|Protosynthesis|[silent]\n|\n|win|atomicbgd\n|c|\u2606AminitraboTTT|:(\n|l|\u2606AminitraboTTT\n","uploadtime":1699784918,"views":4,"p1id":"atomicbgd","p2id":"aminitrabottt","formatid":"gen9anythinggoes","rating":0,"private":0,"password":""}