{"id":"gen9anythinggoes-1989673434","p1":"Dante_NightDemon","p2":"DuniFae","format":"[Gen 9] Anything Goes","log":"|j|\u2606Dante_NightDemon\n|j|\u2606DuniFae\n|t:|1699885576\n|gametype|singles\n|player|p1|Dante_NightDemon|hugh|1000\n|player|p2|DuniFae|101|1032\n|teamsize|p1|6\n|teamsize|p2|6\n|gen|9\n|tier|[Gen 9] Anything Goes\n|rated|\n|rule|HP Percentage Mod: HP is shown in percentages\n|rule|Endless Battle Clause: Forcing endless battles is banned\n|clearpoke\n|poke|p1|Mimikyu, F|\n|poke|p1|Ninetales-Alola, F|\n|poke|p1|Dachsbun, M|\n|poke|p1|Florges, F|\n|poke|p1|Grimmsnarl, M|\n|poke|p1|Azumarill, M|\n|poke|p2|Gengar, M|\n|poke|p2|Annihilape, M|\n|poke|p2|Ceruledge, M|\n|poke|p2|Mismagius, F|\n|poke|p2|Empoleon, F|\n|poke|p2|Iron Hands|\n|teampreview\n|\n|t:|1699885584\n|start\n|switch|p1a: Mimikyu|Mimikyu, F|100\/100\n|switch|p2a: misdreavus|Mismagius, F, shiny|100\/100\n|turn|1\n|\n|t:|1699885590\n|move|p2a: misdreavus|Perish Song|p2a: misdreavus\n|-start|p1a: Mimikyu|perish3|[silent]\n|-start|p2a: misdreavus|perish3|[silent]\n|-fieldactivate|move: Perish Song\n|move|p1a: Mimikyu|Shadow Claw|p2a: misdreavus\n|-supereffective|p2a: misdreavus\n|-damage|p2a: misdreavus|0 fnt\n|faint|p2a: misdreavus\n|\n|-start|p1a: Mimikyu|perish3\n|upkeep\n|\n|t:|1699885598\n|switch|p2a: Poipurple|Gengar, M|100\/100\n|turn|2\n|\n|t:|1699885601\n|move|p1a: Mimikyu|Shadow Claw|p2a: Poipurple\n|-supereffective|p2a: Poipurple\n|-crit|p2a: Poipurple\n|-damage|p2a: Poipurple|0 fnt\n|faint|p2a: Poipurple\n|\n|-start|p1a: Mimikyu|perish2\n|upkeep\n|\n|t:|1699885608\n|switch|p2a: Pai|Annihilape, M|100\/100\n|turn|3\n|\n|t:|1699885611\n|move|p1a: Mimikyu|Shadow Claw|p2a: Pai\n|-supereffective|p2a: Pai\n|-damage|p2a: Pai|26\/100\n|move|p2a: Pai|U-turn|p1a: Mimikyu\n|-activate|p1a: Mimikyu|ability: Disguise\n|-damage|p1a: Mimikyu|100\/100\n|-damage|p2a: Pai|9\/100|[from] item: Rocky Helmet|[of] p1a: Mimikyu\n|detailschange|p1a: Mimikyu|Mimikyu-Busted, F\n|-damage|p1a: Mimikyu|88\/100|[from] pokemon: Mimikyu-Busted\n|\n|t:|1699885621\n|switch|p2a: Choir|Empoleon, F|100\/100|[from] U-turn\n|\n|-start|p1a: Mimikyu|perish1\n|upkeep\n|turn|4\n|\n|t:|1699885629\n|move|p1a: Mimikyu|Drain Punch|p2a: Choir\n|-supereffective|p2a: Choir\n|-damage|p2a: Choir|54\/100\n|-heal|p1a: Mimikyu|100\/100|[from] drain|[of] p2a: Choir\n|move|p2a: Choir|Hydro Pump|p1a: Mimikyu\n|-damage|p1a: Mimikyu|31\/100\n|\n|-start|p1a: Mimikyu|perish0\n|upkeep\n|faint|p1a: Mimikyu\n|\n|t:|1699885637\n|switch|p1a: Ninetales|Ninetales-Alola, F|100\/100\n|-weather|Snow|[from] ability: Snow Warning|[of] p1a: Ninetales\n|turn|5\n|\n|t:|1699885646\n|move|p1a: Ninetales|Extrasensory|p2a: Choir\n|-resisted|p2a: Choir\n|-damage|p2a: Choir|44\/100\n|move|p2a: Choir|Ice Beam|p1a: Ninetales\n|-resisted|p1a: Ninetales\n|-damage|p1a: Ninetales|82\/100\n|\n|-weather|Snow|[upkeep]\n|upkeep\n|turn|6\n|\n|t:|1699885654\n|move|p1a: Ninetales|Dark Pulse|p2a: Choir\n|-damage|p2a: Choir|25\/100\n|move|p2a: Choir|Hydro Pump|p1a: Ninetales\n|-damage|p1a: Ninetales|22\/100\n|\n|-weather|Snow|[upkeep]\n|upkeep\n|turn|7\n|j| I'm some Guy1234\n|\n|t:|1699885661\n|move|p1a: Ninetales|Blizzard|p2a: Choir\n|-resisted|p2a: Choir\n|-damage|p2a: Choir|15\/100\n|move|p2a: Choir|Hydro Pump|p1a: Ninetales\n|-damage|p1a: Ninetales|0 fnt\n|faint|p1a: Ninetales\n|\n|-weather|Snow|[upkeep]\n|upkeep\n|\n|t:|1699885668\n|switch|p1a: Dachsbun|Dachsbun, M|100\/100\n|turn|8\n|\n|t:|1699885672\n|move|p1a: Dachsbun|Fire Fang|p2a: Choir\n|-damage|p2a: Choir|0 fnt\n|faint|p2a: Choir\n|\n|-weather|Snow|[upkeep]\n|-status|p1a: Dachsbun|tox|[from] item: Toxic Orb\n|upkeep\n|c| I'm some Guy1234|Hi hows it doin\n|\n|t:|1699885679\n|switch|p2a: Pai|Annihilape, M|9\/100\n|turn|9\n|\n|t:|1699885684\n|move|p1a: Dachsbun|Crunch|p2a: Pai\n|-damage|p2a: Pai|0 fnt\n|faint|p2a: Pai\n|\n|-weather|Snow|[upkeep]\n|-damage|p1a: Dachsbun|95\/100 tox|[from] psn\n|upkeep\n|\n|t:|1699885690\n|switch|p2a: RANDY|Iron Hands|100\/100\n|turn|10\n|c| I'm some Guy1234|Oh no\n|c|\u2606Dante_NightDemon|hello\n|c| I'm some Guy1234|Hello\n|c|\u2606DuniFae|hi hi\n|c|\u2606Dante_NightDemon|just testing my fairy type gym rematch team'\n|c| I'm some Guy1234|oh ok\n|\n|t:|1699885719\n|move|p1a: Dachsbun|Crunch|p2a: RANDY\n|-resisted|p2a: RANDY\n|-damage|p2a: RANDY|96\/100\n|-unboost|p2a: RANDY|def|1\n|-damage|p1a: Dachsbun|78\/100 tox|[from] item: Rocky Helmet|[of] p2a: RANDY\n|move|p2a: RANDY|Play Rough|p1a: Dachsbun|[miss]\n|-miss|p2a: RANDY|p1a: Dachsbun\n|\n|-weather|Snow|[upkeep]\n|-damage|p1a: Dachsbun|66\/100 tox|[from] psn\n|upkeep\n|turn|11\n|\n|t:|1699885740\n|move|p1a: Dachsbun|Stomping Tantrum|p2a: RANDY\n|-supereffective|p2a: RANDY\n|-damage|p2a: RANDY|66\/100\n|-damage|p1a: Dachsbun|50\/100 tox|[from] item: Rocky Helmet|[of] p2a: RANDY\n|move|p2a: RANDY|Swords Dance|p2a: RANDY\n|-boost|p2a: RANDY|atk|2\n|\n|-weather|Snow|[upkeep]\n|-damage|p1a: Dachsbun|32\/100 tox|[from] psn\n|upkeep\n|turn|12\n|\n|t:|1699885749\n|move|p1a: Dachsbun|Facade|p2a: RANDY\n|-damage|p2a: RANDY|39\/100\n|-damage|p1a: Dachsbun|16\/100 tox|[from] item: Rocky Helmet|[of] p2a: RANDY\n|move|p2a: RANDY|Body Press|p1a: Dachsbun\n|-resisted|p1a: Dachsbun\n|-damage|p1a: Dachsbun|0 fnt\n|faint|p1a: Dachsbun\n|\n|-weather|none\n|upkeep\n|\n|t:|1699885758\n|switch|p1a: Florges|Florges, F|100\/100\n|turn|13\n|\n|t:|1699885763\n|move|p1a: Florges|Draining Kiss|p2a: RANDY\n|-supereffective|p2a: RANDY\n|-damage|p2a: RANDY|0 fnt\n|-damage|p1a: Florges|84\/100|[from] item: Rocky Helmet|[of] p2a: RANDY\n|faint|p2a: RANDY\n|-end|p2a: RANDY|Quark Drive|[silent]\n|\n|upkeep\n|\n|t:|1699885769\n|switch|p2a: Raven|Ceruledge, M|100\/100\n|turn|14\n|\n|t:|1699885775\n|-terastallize|p2a: Raven|Fire\n|move|p2a: Raven|Bitter Blade|p1a: Florges\n|-damage|p1a: Florges|0 fnt\n|faint|p1a: Florges\n|\n|upkeep\n|\n|t:|1699885781\n|switch|p1a: Grimmsnarl|Grimmsnarl, M|100\/100\n|-item|p2a: Raven|Charcoal|[from] ability: Frisk|[of] p1a: Grimmsnarl|[identify]\n|turn|15\n|\n|t:|1699885789\n|move|p1a: Grimmsnarl|Spirit Break|p2a: Raven\n|-resisted|p2a: Raven\n|-damage|p2a: Raven|75\/100\n|-unboost|p2a: Raven|spa|1\n|move|p2a: Raven|Bitter Blade|p1a: Grimmsnarl\n|-damage|p1a: Grimmsnarl|0 fnt\n|-heal|p2a: Raven|100\/100|[from] drain|[of] p1a: Grimmsnarl\n|faint|p1a: Grimmsnarl\n|\n|upkeep\n|\n|t:|1699885799\n|switch|p1a: Azumarill|Azumarill, M|100\/100\n|turn|16\n|\n|t:|1699885804\n|-terastallize|p1a: Azumarill|Flying\n|move|p2a: Raven|Bitter Blade|p1a: Azumarill\n|-damage|p1a: Azumarill|28\/100\n|move|p1a: Azumarill|Liquidation|p2a: Raven\n|-supereffective|p2a: Raven\n|-damage|p2a: Raven|0 fnt\n|faint|p2a: Raven\n|\n|win|Dante_NightDemon\n|raw|Dante_NightDemon's rating: 1000 &rarr; <strong>1044<\/strong><br \/>(+44 for winning)\n|raw|DuniFae's rating: 1032 &rarr; <strong>1016<\/strong><br \/>(-16 for losing)\n|c|\u2606Dante_NightDemon|gg\n|c| I'm some Guy1234|Frisk Undertale reference\n|c|\u2606DuniFae|gg\n|c| I'm some Guy1234|gg\n|l|\u2606DuniFae\n|c|\u2606Dante_NightDemon|lol\n","uploadtime":1699885825,"views":4,"p1id":"dantenightdemon","p2id":"dunifae","formatid":"gen9anythinggoes","rating":1016,"private":0,"password":""}