{"id":"gen9anythinggoes-1974684115","p1":"poulpws","p2":"Simpyu","format":"[Gen 9] Anything Goes","log":"|j|\u2606poulpws\n|j|\u2606Simpyu\n|t:|1698110220\n|gametype|singles\n|player|p1|poulpws|janitor|1266\n|player|p2|Simpyu|ethan|1348\n|teamsize|p1|6\n|teamsize|p2|6\n|gen|9\n|tier|[Gen 9] Anything Goes\n|rated|\n|rule|HP Percentage Mod: HP is shown in percentages\n|rule|Endless Battle Clause: Forcing endless battles is banned\n|clearpoke\n|poke|p1|Skeledirge, M|\n|poke|p1|Krookodile, F|\n|poke|p1|Sinistcha-Masterpiece|\n|poke|p1|Azumarill, M|\n|poke|p1|Bellibolt, M|\n|poke|p1|Revavroom, M|\n|poke|p2|Espathra, F|\n|poke|p2|Cyclizar, F|\n|poke|p2|Urshifu-*, M|\n|poke|p2|Regieleki|\n|poke|p2|Zoroark-Hisui, M|\n|poke|p2|Calyrex-Shadow|\n|teampreview\n|inactive|Battle timer is ON: inactive players will automatically lose when time's up. (requested by Simpyu)\n|\n|t:|1698110230\n|start\n|switch|p1a: Krookodile|Krookodile, F|100\/100\n|switch|p2a: Espathra|Espathra, F|100\/100\n|turn|1\n|c|\u2606Simpyu|Love your team\n|\n|t:|1698110253\n|move|p2a: Espathra|Flamethrower|p1a: Krookodile\n|-damage|p1a: Krookodile|56\/100\n|-status|p1a: Krookodile|brn\n|move|p1a: Krookodile|Knock Off|p2a: Espathra\n|-supereffective|p2a: Espathra\n|-damage|p2a: Espathra|6\/100\n|replace|p2a: Zoroark|Zoroark-Hisui, M\n|-end|p2a: Zoroark|Illusion\n|-enditem|p2a: Zoroark|Focus Sash|[from] move: Knock Off|[of] p1a: Krookodile\n|\n|-damage|p1a: Krookodile|50\/100 brn|[from] brn\n|upkeep\n|turn|2\n|\n|t:|1698110267\n|move|p2a: Zoroark|Flamethrower|p1a: Krookodile\n|-damage|p1a: Krookodile|4\/100 brn\n|move|p1a: Krookodile|Scale Shot|p2a: Zoroark\n|-damage|p2a: Zoroark|0 fnt\n|faint|p2a: Zoroark\n|-ability|p1a: Krookodile|Moxie|boost\n|-boost|p1a: Krookodile|atk|1\n|-hitcount|p2: Zoroark|1\n|-unboost|p1a: Krookodile|def|1\n|-boost|p1a: Krookodile|spe|1\n|\n|-damage|p1a: Krookodile|0 fnt|[from] brn\n|faint|p1a: Krookodile\n|upkeep\n|inactive|Simpyu has 120 seconds left.\n|l|\u2606Simpyu\n|inactive|Simpyu disconnected and has a minute to reconnect!\n|player|p2|\n|inactive|Simpyu has 30 seconds to reconnect!\n|c|\u2606poulpws|Got the goofy tram\n|c|\u2606poulpws|Team\n|inactive|Simpyu has 20 seconds to reconnect!\n|c|\u2606poulpws|Its not good its just fun haha\n|inactive|Simpyu has 15 seconds to reconnect!\n|inactive|Simpyu has 10 seconds to reconnect!\n|j|\u2606Simpyu\n|inactive|Simpyu reconnected and has 65 seconds left.\n|player|p2|Simpyu|ethan\n|inactive|Simpyu has 60 seconds left.\n|c|\u2606poulpws|Join back jounback\n|\n|t:|1698110350\n|switch|p2a: Cyclizar|Cyclizar, F|100\/100\n|switch|p1a: Azumarill|Azumarill, M|100\/100\n|turn|3\n|c|\u2606poulpws|Yess\n|c|\u2606poulpws|You seem chill af\n|inactive|Simpyu has 60 seconds left.\n|c|\u2606Simpyu|Sorry, internet bugged\n|\n|t:|1698110377\n|move|p2a: Cyclizar|Taunt|p1a: Azumarill\n|-start|p1a: Azumarill|move: Taunt\n|move|p1a: Azumarill|Play Rough|p2a: Cyclizar\n|-supereffective|p2a: Cyclizar\n|-damage|p2a: Cyclizar|0 fnt\n|faint|p2a: Cyclizar\n|\n|upkeep\n|\n|t:|1698110386\n|switch|p2a: Regieleki|Regieleki|100\/100\n|turn|4\n|\n|t:|1698110393\n|switch|p1a: Bellibolt|Bellibolt, M|100\/100\n|move|p2a: Regieleki|Thunderbolt|p1a: Bellibolt\n|-resisted|p1a: Bellibolt\n|-damage|p1a: Bellibolt|78\/100\n|-start|p1a: Bellibolt|Charge|Thunderbolt|[from] ability: Electromorphosis\n|\n|-heal|p1a: Bellibolt|84\/100|[from] item: Leftovers\n|upkeep\n|turn|5\n|\n|t:|1698110405\n|move|p2a: Regieleki|Ancient Power|p1a: Bellibolt\n|-damage|p1a: Bellibolt|68\/100\n|-start|p1a: Bellibolt|Charge|Ancient Power|[from] ability: Electromorphosis\n|move|p1a: Bellibolt|Parabolic Charge|p2a: Regieleki\n|-resisted|p2a: Regieleki\n|-damage|p2a: Regieleki|57\/100\n|-heal|p1a: Bellibolt|84\/100|[from] drain|[of] p2a: Regieleki\n|-end|p1a: Bellibolt|Charge|[silent]\n|\n|-heal|p1a: Bellibolt|90\/100|[from] item: Leftovers\n|upkeep\n|turn|6\n|inactive|Simpyu has 60 seconds left.\n|\n|t:|1698110417\n|move|p2a: Regieleki|Ancient Power|p1a: Bellibolt\n|-damage|p1a: Bellibolt|76\/100\n|-start|p1a: Bellibolt|Charge|Ancient Power|[from] ability: Electromorphosis\n|move|p1a: Bellibolt|Parabolic Charge|p2a: Regieleki\n|-resisted|p2a: Regieleki\n|-damage|p2a: Regieleki|13\/100\n|-heal|p1a: Bellibolt|92\/100|[from] drain|[of] p2a: Regieleki\n|-end|p1a: Bellibolt|Charge|[silent]\n|\n|-heal|p1a: Bellibolt|98\/100|[from] item: Leftovers\n|upkeep\n|turn|7\n|inactive|Simpyu has 60 seconds left.\n|\n|t:|1698110429\n|move|p2a: Regieleki|Tera Blast|p1a: Bellibolt\n|-damage|p1a: Bellibolt|78\/100\n|-start|p1a: Bellibolt|Charge|Tera Blast|[from] ability: Electromorphosis\n|move|p1a: Bellibolt|Parabolic Charge|p2a: Regieleki\n|-resisted|p2a: Regieleki\n|-damage|p2a: Regieleki|0 fnt\n|-heal|p1a: Bellibolt|82\/100|[from] drain|[of] p2a: Regieleki\n|faint|p2a: Regieleki\n|-end|p1a: Bellibolt|Charge|[silent]\n|\n|-heal|p1a: Bellibolt|88\/100|[from] item: Leftovers\n|upkeep\n|\n|t:|1698110444\n|switch|p2a: Espathra|Espathra, F|100\/100\n|turn|8\n|\n|t:|1698110455\n|move|p2a: Espathra|Stored Power|p1a: Bellibolt\n|-damage|p1a: Bellibolt|80\/100\n|-start|p1a: Bellibolt|Charge|Stored Power|[from] ability: Electromorphosis\n|move|p1a: Bellibolt|Charge Beam|p2a: Espathra\n|-damage|p2a: Espathra|44\/100\n|-boost|p1a: Bellibolt|spa|1\n|-end|p1a: Bellibolt|Charge|[silent]\n|\n|-heal|p2a: Espathra|50\/100|[from] item: Leftovers\n|-heal|p1a: Bellibolt|87\/100|[from] item: Leftovers\n|-ability|p2a: Espathra|Speed Boost|boost\n|-boost|p2a: Espathra|spe|1\n|upkeep\n|turn|9\n|c|\u2606Simpyu|MISCLICK\n|\n|t:|1698110480\n|move|p2a: Espathra|Calm Mind|p2a: Espathra\n|-boost|p2a: Espathra|spa|1\n|-boost|p2a: Espathra|spd|1\n|move|p1a: Bellibolt|Parabolic Charge|p2a: Espathra\n|-damage|p2a: Espathra|15\/100\n|-heal|p1a: Bellibolt|100\/100|[from] drain|[of] p2a: Espathra\n|\n|-heal|p2a: Espathra|21\/100|[from] item: Leftovers\n|-ability|p2a: Espathra|Speed Boost|boost\n|-boost|p2a: Espathra|spe|1\n|upkeep\n|turn|10\n|\n|t:|1698110491\n|move|p2a: Espathra|Protect|p2a: Espathra\n|-singleturn|p2a: Espathra|Protect\n|move|p1a: Bellibolt|Parabolic Charge|p2a: Espathra\n|-activate|p2a: Espathra|move: Protect\n|\n|-heal|p2a: Espathra|27\/100|[from] item: Leftovers\n|-ability|p2a: Espathra|Speed Boost|boost\n|-boost|p2a: Espathra|spe|1\n|upkeep\n|turn|11\n|\n|t:|1698110508\n|move|p2a: Espathra|Stored Power|p1a: Bellibolt\n|-damage|p1a: Bellibolt|38\/100\n|-start|p1a: Bellibolt|Charge|Stored Power|[from] ability: Electromorphosis\n|move|p1a: Bellibolt|Parabolic Charge|p2a: Espathra\n|-damage|p2a: Espathra|0 fnt\n|-heal|p1a: Bellibolt|48\/100|[from] drain|[of] p2a: Espathra\n|faint|p2a: Espathra\n|-end|p1a: Bellibolt|Charge|[silent]\n|\n|-heal|p1a: Bellibolt|54\/100|[from] item: Leftovers\n|upkeep\n|inactive|Simpyu has 30 seconds left.\n|\n|t:|1698110526\n|switch|p2a: Calyrex|Calyrex-Shadow|100\/100\n|-ability|p2a: Calyrex|As One\n|-ability|p2a: Calyrex|Unnerve\n|turn|12\n|inactive|Simpyu has 30 seconds left.\n|\n|t:|1698110533\n|move|p2a: Calyrex|Astral Barrage|p1a: Bellibolt\n|-damage|p1a: Bellibolt|0 fnt\n|faint|p1a: Bellibolt\n|-ability|p2a: Calyrex|Grim Neigh|boost\n|-boost|p2a: Calyrex|spa|1\n|\n|upkeep\n|\n|t:|1698110542\n|switch|p1a: Azumarill|Azumarill, M|100\/100\n|turn|13\n|\n|t:|1698110550\n|-terastallize|p1a: Azumarill|Steel\n|move|p2a: Calyrex|Astral Barrage|p1a: Azumarill\n|-damage|p1a: Azumarill|14\/100\n|move|p1a: Azumarill|Knock Off|p2a: Calyrex\n|-supereffective|p2a: Calyrex\n|-damage|p2a: Calyrex|0 fnt\n|-enditem|p2a: Calyrex|Spooky Plate|[from] move: Knock Off|[of] p1a: Azumarill\n|faint|p2a: Calyrex\n|\n|upkeep\n|\n|t:|1698110561\n|switch|p2a: Urshifu|Urshifu-Rapid-Strike, M|100\/100\n|turn|14\n|\n|t:|1698110569\n|move|p2a: Urshifu|Surging Strikes|p1a: Azumarill\n|-crit|p1a: Azumarill\n|-damage|p1a: Azumarill|0 fnt\n|faint|p1a: Azumarill\n|-hitcount|p1: Azumarill|1\n|\n|upkeep\n|\n|t:|1698110574\n|switch|p1a: Sinistcha|Sinistcha-Masterpiece|100\/100\n|turn|15\n|\n|t:|1698110579\n|move|p2a: Urshifu|Swords Dance|p2a: Urshifu\n|-boost|p2a: Urshifu|atk|2\n|move|p1a: Sinistcha|Matcha Gotcha|p2a: Urshifu\n|-supereffective|p2a: Urshifu\n|-damage|p2a: Urshifu|0 fnt\n|faint|p2a: Urshifu\n|\n|win|poulpws\n|raw|poulpws's rating: 1266 &rarr; <strong>1297<\/strong><br \/>(+31 for winning)\n|raw|Simpyu's rating: 1348 &rarr; <strong>1323<\/strong><br \/>(-25 for losing)\n|c|\u2606Simpyu|Gg\n|c|\u2606poulpws|Gg dude\n|c|\u2606poulpws|Sorry about the missclick\n|c|\u2606poulpws|It was really fun!\n|c|\u2606poulpws|Bye man!\n|l|\u2606Simpyu\n","uploadtime":1698110639,"views":20,"p1id":"poulpws","p2id":"simpyu","formatid":"gen9anythinggoes","rating":1297,"private":0,"password":""}