{"id":"gen9anythinggoes-1971775738","p1":"TheJoeyGuy","p2":"gooseymoment","format":"[Gen 9] Anything Goes","log":"|j|\u2606TheJoeyGuy\n|j|\u2606gooseymoment\n|t:|1697770853\n|gametype|singles\n|player|p1|TheJoeyGuy|1|\n|player|p2|gooseymoment|101|\n|teamsize|p1|6\n|teamsize|p2|6\n|gen|9\n|tier|[Gen 9] Anything Goes\n|rule|HP Percentage Mod: HP is shown in percentages\n|rule|Endless Battle Clause: Forcing endless battles is banned\n|clearpoke\n|poke|p1|Chien-Pao|\n|poke|p1|Glimmora, F|\n|poke|p1|Hawlucha, F|\n|poke|p1|Ditto|\n|poke|p1|Hatterene, F|\n|poke|p1|Basculegion-F, F|\n|poke|p2|Zangoose, F|\n|poke|p2|Gholdengo|\n|poke|p2|Volcarona, M|\n|poke|p2|Gyarados, F|\n|poke|p2|Mimikyu, M|\n|poke|p2|Magnezone|\n|teampreview\n|j| Frosty458\n|j| FLOOR IT\n|\n|t:|1697770880\n|start\n|switch|p1a: Hatterene|Hatterene, F|100\/100\n|switch|p2a: Volcarona|Volcarona, M|100\/100\n|turn|1\n|\n|t:|1697770900\n|move|p2a: Volcarona|Quiver Dance|p2a: Volcarona\n|-boost|p2a: Volcarona|spa|1\n|-boost|p2a: Volcarona|spd|1\n|-boost|p2a: Volcarona|spe|1\n|-enditem|p1a: Hatterene|Mirror Herb\n|-boost|p1a: Hatterene|spa|1|[from] item: Mirror Herb\n|-boost|p1a: Hatterene|spd|1|[from] item: Mirror Herb\n|-boost|p1a: Hatterene|spe|1|[from] item: Mirror Herb\n|move|p1a: Hatterene|Trick Room|p1a: Hatterene\n|-fieldstart|move: Trick Room|[of] p1a: Hatterene\n|\n|upkeep\n|turn|2\n|\n|t:|1697770920\n|move|p1a: Hatterene|Calm Mind|p1a: Hatterene\n|-boost|p1a: Hatterene|spa|1\n|-boost|p1a: Hatterene|spd|1\n|move|p2a: Volcarona|Bug Buzz|p1a: Hatterene\n|-damage|p1a: Hatterene|71\/100\n|\n|upkeep\n|turn|3\n|\n|t:|1697770941\n|switch|p2a: Magnezone|Magnezone|100\/100\n|move|p1a: Hatterene|Psychic|p2a: Magnezone\n|-resisted|p2a: Magnezone\n|-damage|p2a: Magnezone|38\/100\n|\n|upkeep\n|turn|4\n|\n|t:|1697770964\n|move|p1a: Hatterene|Psychic|p2a: Magnezone\n|-resisted|p2a: Magnezone\n|-damage|p2a: Magnezone|0 fnt\n|faint|p2a: Magnezone\n|\n|upkeep\n|\n|t:|1697770983\n|switch|p2a: Zangoose|Zangoose, F|100\/100\n|turn|5\n|\n|t:|1697771000\n|-terastallize|p2a: Zangoose|Ghost\n|move|p1a: Hatterene|Dazzling Gleam|p2a: Zangoose\n|-damage|p2a: Zangoose|0 fnt\n|faint|p2a: Zangoose\n|\n|-fieldend|move: Trick Room\n|upkeep\n|\n|t:|1697771014\n|switch|p2a: Mimikyu|Mimikyu, M|100\/100\n|turn|6\n|\n|t:|1697771043\n|move|p2a: Mimikyu|Swords Dance|p2a: Mimikyu\n|-boost|p2a: Mimikyu|atk|2\n|move|p1a: Hatterene|Psychic|p2a: Mimikyu\n|-activate|p2a: Mimikyu|ability: Disguise\n|-damage|p2a: Mimikyu|100\/100\n|detailschange|p2a: Mimikyu|Mimikyu-Busted, M\n|-damage|p2a: Mimikyu|88\/100|[from] pokemon: Mimikyu-Busted\n|\n|upkeep\n|turn|7\n|\n|t:|1697771066\n|switch|p1a: Ditto|Ditto|100\/100\n|-transform|p1a: Ditto|p2a: Mimikyu|[from] ability: Imposter\n|move|p2a: Mimikyu|Shadow Claw|p1a: Ditto\n|-supereffective|p1a: Ditto\n|-damage|p1a: Ditto|0 fnt\n|faint|p1a: Ditto\n|-damage|p2a: Mimikyu|78\/100|[from] item: Life Orb\n|\n|upkeep\n|l| Frosty458\n|\n|t:|1697771091\n|switch|p1a: Chien-Pao|Chien-Pao|100\/100\n|-ability|p1a: Chien-Pao|Sword of Ruin\n|turn|8\n|\n|t:|1697771102\n|move|p1a: Chien-Pao|Icicle Crash|p2a: Mimikyu\n|-damage|p2a: Mimikyu|0 fnt\n|faint|p2a: Mimikyu\n|-damage|p1a: Chien-Pao|91\/100|[from] item: Life Orb\n|\n|upkeep\n|\n|t:|1697771109\n|switch|p2a: Gyarados|Gyarados, F|100\/100\n|-ability|p2a: Gyarados|Intimidate|boost\n|-unboost|p1a: Chien-Pao|atk|1\n|turn|9\n|\n|t:|1697771122\n|switch|p1a: Glimmora|Glimmora, F|100\/100\n|move|p2a: Gyarados|Earthquake|p1a: Glimmora\n|-supereffective|p1a: Glimmora\n|-damage|p1a: Glimmora|0 fnt\n|-activate|p1a: Glimmora|ability: Toxic Debris\n|-sidestart|p2: gooseymoment|move: Toxic Spikes\n|faint|p1a: Glimmora\n|\n|upkeep\n|\n|t:|1697771147\n|switch|p1a: Hatterene|Hatterene, F|71\/100\n|turn|10\n|\n|t:|1697771193\n|move|p2a: Gyarados|Taunt|p1a: Hatterene\n|move|p1a: Hatterene|Taunt|p2a: Gyarados|[from]ability: Magic Bounce\n|-start|p2a: Gyarados|move: Taunt\n|move|p1a: Hatterene|Psychic|p2a: Gyarados\n|-damage|p2a: Gyarados|47\/100\n|-unboost|p2a: Gyarados|spd|1\n|\n|-heal|p2a: Gyarados|53\/100|[from] item: Leftovers\n|upkeep\n|turn|11\n|\n|t:|1697771205\n|move|p2a: Gyarados|Waterfall|p1a: Hatterene\n|-damage|p1a: Hatterene|25\/100\n|move|p1a: Hatterene|Trick Room|p1a: Hatterene\n|-fieldstart|move: Trick Room|[of] p1a: Hatterene\n|\n|-heal|p2a: Gyarados|59\/100|[from] item: Leftovers\n|upkeep\n|turn|12\n|\n|t:|1697771216\n|move|p1a: Hatterene|Psychic|p2a: Gyarados\n|-damage|p2a: Gyarados|0 fnt\n|faint|p2a: Gyarados\n|\n|upkeep\n|\n|t:|1697771224\n|switch|p2a: Gholdengo|Gholdengo|100\/100\n|turn|13\n|\n|t:|1697771242\n|switch|p1a: Basculegion|Basculegion-F, F|100\/100\n|move|p2a: Gholdengo|Trick|p1a: Basculegion\n|-activate|p2a: Gholdengo|move: Trick|[of] p1a: Basculegion\n|-item|p1a: Basculegion|Choice Scarf|[from] move: Trick\n|-item|p2a: Gholdengo|Aguav Berry|[from] move: Trick\n|\n|upkeep\n|turn|14\n|\n|t:|1697771268\n|-terastallize|p1a: Basculegion|Water\n|move|p1a: Basculegion|Shadow Ball|p2a: Gholdengo\n|-supereffective|p2a: Gholdengo\n|-damage|p2a: Gholdengo|3\/100\n|-enditem|p2a: Gholdengo|Aguav Berry|[eat]\n|-heal|p2a: Gholdengo|37\/100|[from] item: Aguav Berry\n|move|p2a: Gholdengo|Shadow Ball|p1a: Basculegion\n|-damage|p1a: Basculegion|58\/100\n|\n|upkeep\n|turn|15\n|c|\u2606TheJoeyGuy|i fucked up\n|c|\u2606TheJoeyGuy|I FUCKED UP\n|c|\u2606TheJoeyGuy|WRONG TERA MON\n|c|\u2606gooseymoment|lmao\n|j| Frosty458\n|l| Frosty458\n|j| Frosty458\n|l| Frosty458\n|\n|t:|1697771563\n|switch|p1a: Hawlucha|Hawlucha, F|100\/100\n|move|p2a: Gholdengo|Make It Rain|p1a: Hawlucha\n|-damage|p1a: Hawlucha|0 fnt\n|-unboost|p2a: Gholdengo|spa|1\n|faint|p1a: Hawlucha\n|\n|-fieldend|move: Trick Room\n|upkeep\n|\n|t:|1697771577\n|switch|p1a: Hatterene|Hatterene, F|25\/100\n|turn|16\n|\n|t:|1697771588\n|move|p2a: Gholdengo|Shadow Ball|p1a: Hatterene\n|-supereffective|p1a: Hatterene\n|-damage|p1a: Hatterene|0 fnt\n|faint|p1a: Hatterene\n|\n|upkeep\n|\n|t:|1697771593\n|switch|p1a: Chien-Pao|Chien-Pao|91\/100\n|-ability|p1a: Chien-Pao|Sword of Ruin\n|turn|17\n|\n|t:|1697771602\n|move|p1a: Chien-Pao|Crunch|p2a: Gholdengo\n|-supereffective|p2a: Gholdengo\n|-damage|p2a: Gholdengo|0 fnt\n|faint|p2a: Gholdengo\n|-damage|p1a: Chien-Pao|81\/100|[from] item: Life Orb\n|\n|upkeep\n|\n|t:|1697771604\n|switch|p2a: Volcarona|Volcarona, M|100\/100\n|turn|18\n|\n|t:|1697771631\n|move|p1a: Chien-Pao|Crunch|p2a: Volcarona\n|-damage|p2a: Volcarona|33\/100\n|-damage|p1a: Chien-Pao|71\/100|[from] item: Life Orb\n|move|p2a: Volcarona|Fiery Dance|p1a: Chien-Pao\n|-supereffective|p1a: Chien-Pao\n|-damage|p1a: Chien-Pao|0 fnt\n|faint|p1a: Chien-Pao\n|\n|upkeep\n|\n|t:|1697771639\n|switch|p1a: Basculegion|Basculegion-F, F, tera:Water|58\/100\n|turn|19\n|\n|t:|1697771649\n|move|p2a: Volcarona|Bug Buzz|p1a: Basculegion\n|-damage|p1a: Basculegion|17\/100\n|move|p1a: Basculegion|Shadow Ball|p2a: Volcarona\n|-damage|p2a: Volcarona|0 fnt\n|faint|p2a: Volcarona\n|\n|win|TheJoeyGuy\n|c|\u2606gooseymoment|gg\n|l| FLOOR IT\n|c|\u2606TheJoeyGuy|ggs\n","uploadtime":1697771668,"views":23,"p1id":"thejoeyguy","p2id":"gooseymoment","formatid":"gen9anythinggoes","rating":0,"private":0,"password":""}