{"id":"gen9anythinggoes-1985882690","p1":"Dumbfudge","p2":"techninja850","format":"[Gen 9] Anything Goes","log":"|j|\u2606Dumbfudge\n|j|\u2606techninja850\n|t:|1699417143\n|gametype|singles\n|player|p1|Dumbfudge|blackbelt-gen4dp|1395\n|player|p2|techninja850|169|1307\n|teamsize|p1|6\n|teamsize|p2|6\n|gen|9\n|tier|[Gen 9] Anything Goes\n|rated|\n|rule|HP Percentage Mod: HP is shown in percentages\n|rule|Endless Battle Clause: Forcing endless battles is banned\n|clearpoke\n|poke|p1|Giratina|\n|poke|p1|Shaymin-Sky|\n|poke|p1|Zacian-*|\n|poke|p1|Espathra, M|\n|poke|p1|Darkrai|\n|poke|p1|Grimmsnarl, M|\n|poke|p2|Oshawott, M|\n|poke|p2|Greninja-*, M|\n|poke|p2|Garchomp, F|\n|poke|p2|Lokix, M|\n|poke|p2|Gengar, F|\n|poke|p2|Kingambit, M|\n|teampreview\n|c|\u2606Dumbfudge|Glhf\n|inactive|Battle timer is ON: inactive players will automatically lose when time's up. (requested by techninja850)\n|\n|t:|1699417159\n|start\n|switch|p1a: Chickenpox|Espathra, M|100\/100\n|switch|p2a: MasterBaiter|Gengar, F|100\/100\n|turn|1\n|j| Limber God\n|\n|t:|1699417166\n|move|p1a: Chickenpox|Protect|p1a: Chickenpox\n|-singleturn|p1a: Chickenpox|Protect\n|move|p2a: MasterBaiter|Taunt|p1a: Chickenpox\n|-activate|p1a: Chickenpox|move: Protect\n|\n|-ability|p1a: Chickenpox|Speed Boost|boost\n|-boost|p1a: Chickenpox|spe|1\n|upkeep\n|turn|2\n|\n|t:|1699417182\n|move|p1a: Chickenpox|Baton Pass|p1a: Chickenpox\n|\n|t:|1699417184\n|switch|p1a: Cancer|Shaymin-Sky|100\/100|[from] Baton Pass\n|move|p2a: MasterBaiter|Clear Smog|p1a: Cancer\n|-supereffective|p1a: Cancer\n|-damage|p1a: Cancer|54\/100\n|-clearboost|p1a: Cancer\n|\n|upkeep\n|turn|3\n|\n|t:|1699417202\n|-terastallize|p1a: Cancer|Flying\n|move|p1a: Cancer|Air Slash|p2a: MasterBaiter\n|-damage|p2a: MasterBaiter|14\/100\n|cant|p2a: MasterBaiter|flinch\n|\n|upkeep\n|turn|4\n|\n|t:|1699417209\n|move|p1a: Cancer|Air Slash|p2a: MasterBaiter\n|-damage|p2a: MasterBaiter|0 fnt\n|faint|p2a: MasterBaiter\n|\n|upkeep\n|\n|t:|1699417219\n|switch|p2a: Dattebayo|Greninja, M, shiny|100\/100\n|turn|5\n|\n|t:|1699417223\n|move|p1a: Cancer|Air Slash|p2a: Dattebayo\n|-damage|p2a: Dattebayo|19\/100\n|cant|p2a: Dattebayo|flinch\n|\n|upkeep\n|turn|6\n|\n|t:|1699417228\n|move|p1a: Cancer|Air Slash|p2a: Dattebayo\n|-damage|p2a: Dattebayo|0 fnt\n|faint|p2a: Dattebayo\n|\n|upkeep\n|l| Limber God\n|c|\u2606techninja850|damn that really is cancer\n|\n|t:|1699417242\n|switch|p2a: Oshiwashi :3|Oshawott, M|100\/100\n|turn|7\n|\n|t:|1699417246\n|move|p1a: Cancer|Air Slash|p2a: Oshiwashi :3\n|-enditem|p2a: Oshiwashi :3|Focus Sash\n|-damage|p2a: Oshiwashi :3|1\/100\n|cant|p2a: Oshiwashi :3|flinch\n|\n|upkeep\n|turn|8\n|\n|t:|1699417254\n|move|p2a: Oshiwashi :3|Aqua Jet|p1a: Cancer\n|-damage|p1a: Cancer|38\/100\n|move|p1a: Cancer|Air Slash|p2a: Oshiwashi :3\n|-damage|p2a: Oshiwashi :3|0 fnt\n|faint|p2a: Oshiwashi :3\n|\n|upkeep\n|\n|t:|1699417257\n|switch|p2a: HelloThere|Lokix, M|100\/100\n|turn|9\n|\n|t:|1699417264\n|-terastallize|p2a: HelloThere|Bug\n|move|p2a: HelloThere|First Impression|p1a: Cancer\n|-resisted|p1a: Cancer\n|-damage|p1a: Cancer|0 fnt\n|faint|p1a: Cancer\n|\n|upkeep\n|\n|t:|1699417272\n|switch|p1a: Ptsd|Grimmsnarl, M|100\/100\n|turn|10\n|\n|t:|1699417277\n|switch|p2a: GodChomp|Garchomp, F|100\/100\n|move|p1a: Ptsd|Reflect|p1a: Ptsd\n|-sidestart|p1: Dumbfudge|Reflect\n|\n|upkeep\n|turn|11\n|\n|t:|1699417282\n|move|p1a: Ptsd|Light Screen|p1a: Ptsd\n|-sidestart|p1: Dumbfudge|move: Light Screen\n|move|p2a: GodChomp|Poison Jab|p1a: Ptsd\n|-supereffective|p1a: Ptsd\n|-damage|p1a: Ptsd|69\/100\n|\n|upkeep\n|turn|12\n|\n|t:|1699417288\n|move|p1a: Ptsd|Parting Shot|p2a: GodChomp\n|-unboost|p2a: GodChomp|atk|1\n|-unboost|p2a: GodChomp|spa|1\n|\n|t:|1699417295\n|switch|p1a: Whooping cough|Zacian-Crowned|100\/100|[from] Parting Shot\n|-ability|p1a: Whooping cough|Intrepid Sword|boost\n|-boost|p1a: Whooping cough|atk|1\n|move|p2a: GodChomp|Poison Jab|p1a: Whooping cough\n|-immune|p1a: Whooping cough\n|\n|upkeep\n|turn|13\n|\n|t:|1699417305\n|move|p1a: Whooping cough|Behemoth Blade|p2a: GodChomp\n|-damage|p2a: GodChomp|11\/100\n|-damage|p1a: Whooping cough|88\/100|[from] ability: Rough Skin|[of] p2a: GodChomp\n|-damage|p1a: Whooping cough|72\/100|[from] item: Rocky Helmet|[of] p2a: GodChomp\n|move|p2a: GodChomp|Earthquake|p1a: Whooping cough\n|-supereffective|p1a: Whooping cough\n|-crit|p1a: Whooping cough\n|-damage|p1a: Whooping cough|0 fnt\n|faint|p1a: Whooping cough\n|\n|upkeep\n|\n|t:|1699417316\n|switch|p1a: Lice|Giratina|100\/100\n|-ability|p1a: Lice|Pressure\n|turn|14\n|\n|t:|1699417321\n|move|p1a: Lice|Shadow Sneak|p2a: GodChomp\n|-damage|p2a: GodChomp|0 fnt\n|-damage|p1a: Lice|88\/100|[from] ability: Rough Skin|[of] p2a: GodChomp\n|-damage|p1a: Lice|71\/100|[from] item: Rocky Helmet|[of] p2a: GodChomp\n|faint|p2a: GodChomp\n|\n|upkeep\n|\n|t:|1699417323\n|switch|p2a: HelloThere|Lokix, M, tera:Bug|100\/100\n|turn|15\n|\n|t:|1699417331\n|move|p2a: HelloThere|First Impression|p1a: Lice\n|-resisted|p1a: Lice\n|-damage|p1a: Lice|44\/100\n|move|p1a: Lice|Outrage|p2a: HelloThere\n|-damage|p2a: HelloThere|1\/100\n|\n|upkeep\n|turn|16\n|\n|t:|1699417338\n|move|p2a: HelloThere|First Impression||[still]\n|-hint|First Impression only works on your first turn out.\n|-fail|p2a: HelloThere\n|move|p1a: Lice|Outrage|p2a: HelloThere|[from]lockedmove\n|-damage|p2a: HelloThere|0 fnt\n|faint|p2a: HelloThere\n|\n|upkeep\n|\n|t:|1699417342\n|switch|p2a: Iguodala|Kingambit, M|100\/100\n|-activate|p2a: Iguodala|ability: Supreme Overlord\n|-start|p2a: Iguodala|fallen5|[silent]\n|-item|p2a: Iguodala|Air Balloon\n|turn|17\n|\n|t:|1699417352\n|move|p1a: Lice|Outrage|p2a: Iguodala|[from]lockedmove\n|-resisted|p2a: Iguodala\n|-damage|p2a: Iguodala|78\/100\n|-enditem|p2a: Iguodala|Air Balloon\n|-start|p1a: Lice|confusion|[fatigue]\n|move|p2a: Iguodala|Swords Dance|p2a: Iguodala\n|-boost|p2a: Iguodala|atk|2\n|\n|-sideend|p1: Dumbfudge|Reflect\n|upkeep\n|turn|18\n|\n|t:|1699417364\n|-activate|p1a: Lice|confusion\n|-damage|p1a: Lice|37\/100|[from] confusion\n|move|p2a: Iguodala|Swords Dance|p2a: Iguodala\n|-boost|p2a: Iguodala|atk|2\n|\n|-sideend|p1: Dumbfudge|move: Light Screen\n|upkeep\n|turn|19\n|\n|t:|1699417372\n|-activate|p1a: Lice|confusion\n|move|p1a: Lice|Shadow Sneak|p2a: Iguodala\n|-resisted|p2a: Iguodala\n|-damage|p2a: Iguodala|71\/100\n|move|p2a: Iguodala|Kowtow Cleave|p1a: Lice\n|-supereffective|p1a: Lice\n|-damage|p1a: Lice|0 fnt\n|faint|p1a: Lice\n|\n|upkeep\n|\n|t:|1699417381\n|switch|p1a: Ptsd|Grimmsnarl, M|69\/100\n|turn|20\n|\n|t:|1699417391\n|move|p1a: Ptsd|Parting Shot|p2a: Iguodala\n|-hint|Since gen 7, Dark is immune to Prankster moves.\n|-immune|p2a: Iguodala\n|move|p2a: Iguodala|Iron Head|p1a: Ptsd\n|-supereffective|p1a: Ptsd\n|-damage|p1a: Ptsd|0 fnt\n|faint|p1a: Ptsd\n|\n|upkeep\n|\n|t:|1699417399\n|switch|p1a: Chickenpox|Espathra, M|100\/100\n|turn|21\n|\n|t:|1699417404\n|move|p1a: Chickenpox|Protect|p1a: Chickenpox\n|-singleturn|p1a: Chickenpox|Protect\n|move|p2a: Iguodala|Kowtow Cleave|p1a: Chickenpox\n|-activate|p1a: Chickenpox|move: Protect\n|\n|-ability|p1a: Chickenpox|Speed Boost|boost\n|-boost|p1a: Chickenpox|spe|1\n|upkeep\n|turn|22\n|\n|t:|1699417417\n|move|p1a: Chickenpox|Substitute|p1a: Chickenpox\n|-start|p1a: Chickenpox|Substitute\n|-damage|p1a: Chickenpox|76\/100\n|move|p2a: Iguodala|Kowtow Cleave|p1a: Chickenpox\n|-supereffective|p1a: Chickenpox\n|-end|p1a: Chickenpox|Substitute\n|\n|-ability|p1a: Chickenpox|Speed Boost|boost\n|-boost|p1a: Chickenpox|spe|1\n|upkeep\n|turn|23\n|\n|t:|1699417427\n|move|p1a: Chickenpox|Hypnosis|p2a: Iguodala|[miss]\n|-miss|p1a: Chickenpox|p2a: Iguodala\n|move|p2a: Iguodala|Kowtow Cleave|p1a: Chickenpox\n|-supereffective|p1a: Chickenpox\n|-damage|p1a: Chickenpox|0 fnt\n|faint|p1a: Chickenpox\n|\n|upkeep\n|\n|t:|1699417435\n|switch|p1a: Narcolepsy|Darkrai|100\/100\n|turn|24\n|c|\u2606techninja850|gg?\n|\n|t:|1699417448\n|move|p2a: Iguodala|Sucker Punch||[still]\n|-fail|p2a: Iguodala\n|move|p1a: Narcolepsy|Hypnosis|p2a: Iguodala\n|-status|p2a: Iguodala|slp|[from] move: Hypnosis\n|\n|-damage|p2a: Iguodala|58\/100 slp|[from] ability: Bad Dreams|[of] p1a: Narcolepsy\n|upkeep\n|turn|25\n|c|\u2606techninja850|oh nah\n|\n|t:|1699417457\n|move|p1a: Narcolepsy|Haze|p1a: Narcolepsy\n|-clearallboost\n|cant|p2a: Iguodala|slp\n|\n|-damage|p2a: Iguodala|46\/100 slp|[from] ability: Bad Dreams|[of] p1a: Narcolepsy\n|upkeep\n|turn|26\n|\n|t:|1699417465\n|move|p1a: Narcolepsy|Substitute|p1a: Narcolepsy\n|-start|p1a: Narcolepsy|Substitute\n|-damage|p1a: Narcolepsy|76\/100\n|cant|p2a: Iguodala|slp\n|\n|-damage|p2a: Iguodala|33\/100 slp|[from] ability: Bad Dreams|[of] p1a: Narcolepsy\n|upkeep\n|turn|27\n|\n|t:|1699417473\n|move|p1a: Narcolepsy|Dark Pulse|p2a: Iguodala\n|-resisted|p2a: Iguodala\n|-damage|p2a: Iguodala|17\/100 slp\n|cant|p2a: Iguodala|slp\n|\n|-damage|p2a: Iguodala|5\/100 slp|[from] ability: Bad Dreams|[of] p1a: Narcolepsy\n|upkeep\n|turn|28\n|\n|t:|1699417482\n|move|p1a: Narcolepsy|Dark Pulse|p2a: Iguodala\n|-resisted|p2a: Iguodala\n|-damage|p2a: Iguodala|0 fnt\n|faint|p2a: Iguodala\n|-end|p2a: Iguodala|fallen5|[silent]\n|\n|win|Dumbfudge\n|raw|Dumbfudge's rating: 1395 &rarr; <strong>1410<\/strong><br \/>(+15 for winning)\n|raw|techninja850's rating: 1307 &rarr; <strong>1292<\/strong><br \/>(-15 for losing)\n|l|\u2606techninja850\n","uploadtime":1699417544,"views":5,"p1id":"dumbfudge","p2id":"techninja850","formatid":"gen9anythinggoes","rating":1292,"private":0,"password":""}