{"id":"gen9anythinggoes-1984234284","p1":"Arbucks","p2":"kingripoff","format":"[Gen 9] Anything Goes","log":"|j|\u2606Arbucks\n|j|\u2606kingripoff\n|t:|1699233234\n|gametype|singles\n|player|p1|Arbucks|adaman|\n|player|p2|kingripoff|2|\n|teamsize|p1|6\n|teamsize|p2|6\n|gen|9\n|tier|[Gen 9] Anything Goes\n|rule|HP Percentage Mod: HP is shown in percentages\n|rule|Endless Battle Clause: Forcing endless battles is banned\n|clearpoke\n|poke|p1|Walking Wake|\n|poke|p1|Gliscor, F|\n|poke|p1|Jolteon, M|\n|poke|p1|Iron Treads|\n|poke|p1|Grafaiai, F|\n|poke|p1|Annihilape, M|\n|poke|p2|Manaphy|\n|poke|p2|Torterra, F|\n|poke|p2|Infernape, F|\n|poke|p2|Corviknight, F|\n|poke|p2|Tyranitar, F|\n|poke|p2|Cyclizar, M|\n|teampreview\n|\n|t:|1699233318\n|start\n|switch|p1a: Gliscor|Gliscor, F, shiny|100\/100\n|switch|p2a: Cyclizar|Cyclizar, M|100\/100\n|turn|1\n|\n|t:|1699233323\n|move|p1a: Gliscor|Protect|p1a: Gliscor\n|-singleturn|p1a: Gliscor|Protect\n|move|p2a: Cyclizar|Ice Spinner|p1a: Gliscor\n|-activate|p1a: Gliscor|move: Protect\n|\n|-status|p1a: Gliscor|tox|[from] item: Toxic Orb\n|upkeep\n|turn|2\n|\n|t:|1699233332\n|switch|p1a: Annihilape|Annihilape, M|100\/100\n|move|p2a: Cyclizar|Ice Spinner|p1a: Annihilape\n|-damage|p1a: Annihilape|85\/100\n|\n|-heal|p1a: Annihilape|91\/100|[from] item: Leftovers\n|upkeep\n|turn|3\n|\n|t:|1699233342\n|switch|p2a: Manaphy|Manaphy|100\/100\n|move|p1a: Annihilape|Drain Punch|p2a: Manaphy\n|-damage|p2a: Manaphy|71\/100\n|-heal|p1a: Annihilape|100\/100|[from] drain|[of] p2a: Manaphy\n|\n|-heal|p2a: Manaphy|77\/100|[from] item: Leftovers\n|upkeep\n|turn|4\n|\n|t:|1699233360\n|move|p2a: Manaphy|Tail Glow|p2a: Manaphy\n|-boost|p2a: Manaphy|spa|3\n|move|p1a: Annihilape|Taunt|p2a: Manaphy\n|-start|p2a: Manaphy|move: Taunt\n|\n|-heal|p2a: Manaphy|83\/100|[from] item: Leftovers\n|upkeep\n|turn|5\n|\n|t:|1699233387\n|move|p2a: Manaphy|Dazzling Gleam|p1a: Annihilape\n|-supereffective|p1a: Annihilape\n|-damage|p1a: Annihilape|19\/100\n|move|p1a: Annihilape|Rage Fist|p2a: Manaphy\n|-damage|p2a: Manaphy|19\/100\n|\n|-heal|p2a: Manaphy|25\/100|[from] item: Leftovers\n|-heal|p1a: Annihilape|25\/100|[from] item: Leftovers\n|upkeep\n|turn|6\n|\n|t:|1699233400\n|move|p2a: Manaphy|Dazzling Gleam|p1a: Annihilape\n|-supereffective|p1a: Annihilape\n|-damage|p1a: Annihilape|0 fnt\n|faint|p1a: Annihilape\n|\n|-heal|p2a: Manaphy|31\/100|[from] item: Leftovers\n|upkeep\n|\n|t:|1699233406\n|switch|p1a: Jolteon|Jolteon, M|100\/100\n|turn|7\n|\n|t:|1699233415\n|move|p1a: Jolteon|Volt Switch|p2a: Manaphy\n|-supereffective|p2a: Manaphy\n|-damage|p2a: Manaphy|0 fnt\n|faint|p2a: Manaphy\n|\n|t:|1699233427\n|switch|p1a: Grafaiai|Grafaiai, F|100\/100|[from] Volt Switch\n|\n|upkeep\n|\n|t:|1699233440\n|switch|p2a: Torterra|Torterra, F|100\/100\n|turn|8\n|\n|t:|1699233445\n|-terastallize|p2a: Torterra|Rock\n|move|p1a: Grafaiai|Super Fang|p2a: Torterra\n|-damage|p2a: Torterra|51\/100\n|move|p2a: Torterra|Shell Smash|p2a: Torterra\n|-unboost|p2a: Torterra|def|1\n|-unboost|p2a: Torterra|spd|1\n|-boost|p2a: Torterra|atk|2\n|-boost|p2a: Torterra|spa|2\n|-boost|p2a: Torterra|spe|2\n|\n|upkeep\n|turn|9\n|\n|t:|1699233464\n|move|p1a: Grafaiai|Encore|p2a: Torterra\n|-start|p2a: Torterra|Encore\n|move|p2a: Torterra|Shell Smash|p2a: Torterra\n|-unboost|p2a: Torterra|def|1\n|-unboost|p2a: Torterra|spd|1\n|-boost|p2a: Torterra|atk|2\n|-boost|p2a: Torterra|spa|2\n|-boost|p2a: Torterra|spe|2\n|\n|upkeep\n|turn|10\n|\n|t:|1699233477\n|switch|p2a: Tyranitar|Tyranitar, F|100\/100\n|-weather|Sandstorm|[from] ability: Sand Stream|[of] p2a: Tyranitar\n|move|p1a: Grafaiai|Low Kick|p2a: Tyranitar\n|-supereffective|p2a: Tyranitar\n|-damage|p2a: Tyranitar|15\/100\n|\n|-weather|Sandstorm|[upkeep]\n|-damage|p1a: Grafaiai|94\/100|[from] Sandstorm\n|upkeep\n|turn|11\n|\n|t:|1699233505\n|switch|p2a: Corviknight|Corviknight, F|100\/100\n|move|p1a: Grafaiai|Low Kick|p2a: Corviknight\n|-damage|p2a: Corviknight|91\/100\n|-damage|p1a: Grafaiai|78\/100|[from] item: Rocky Helmet|[of] p2a: Corviknight\n|\n|-weather|Sandstorm|[upkeep]\n|-damage|p1a: Grafaiai|72\/100|[from] Sandstorm\n|upkeep\n|turn|12\n|\n|t:|1699233515\n|switch|p1a: Gliscor|Gliscor, F, shiny|100\/100 tox\n|move|p2a: Corviknight|Body Slam|p1a: Gliscor\n|-damage|p1a: Gliscor|87\/100 tox\n|\n|-weather|Sandstorm|[upkeep]\n|-heal|p1a: Gliscor|99\/100 tox|[from] ability: Poison Heal\n|upkeep\n|turn|13\n|c|\u2606Arbucks|Was that supposed to be body press?\n|\n|t:|1699233537\n|move|p1a: Gliscor|Knock Off|p2a: Corviknight\n|-damage|p2a: Corviknight|77\/100\n|-damage|p1a: Gliscor|83\/100 tox|[from] item: Rocky Helmet|[of] p2a: Corviknight\n|-enditem|p2a: Corviknight|Rocky Helmet|[from] move: Knock Off|[of] p1a: Gliscor\n|move|p2a: Corviknight|U-turn|p1a: Gliscor\n|-resisted|p1a: Gliscor\n|-damage|p1a: Gliscor|78\/100 tox\n|\n|t:|1699233553\n|switch|p2a: Cyclizar|Cyclizar, M|100\/100|[from] U-turn\n|\n|-weather|Sandstorm|[upkeep]\n|-damage|p2a: Cyclizar|94\/100|[from] Sandstorm\n|-heal|p1a: Gliscor|90\/100 tox|[from] ability: Poison Heal\n|upkeep\n|turn|14\n|\n|t:|1699233563\n|move|p1a: Gliscor|Protect|p1a: Gliscor\n|-singleturn|p1a: Gliscor|Protect\n|move|p2a: Cyclizar|Ice Spinner|p1a: Gliscor\n|-activate|p1a: Gliscor|move: Protect\n|\n|-weather|none\n|-heal|p1a: Gliscor|100\/100 tox|[from] ability: Poison Heal\n|upkeep\n|turn|15\n|\n|t:|1699233570\n|switch|p1a: Iron Treads|Iron Treads|100\/100\n|move|p2a: Cyclizar|Ice Spinner|p1a: Iron Treads\n|-damage|p1a: Iron Treads|91\/100\n|\n|-heal|p1a: Iron Treads|97\/100|[from] item: Leftovers\n|upkeep\n|turn|16\n|\n|t:|1699233583\n|move|p2a: Cyclizar|U-turn|p1a: Iron Treads\n|-resisted|p1a: Iron Treads\n|-damage|p1a: Iron Treads|93\/100\n|\n|t:|1699233591\n|switch|p2a: Infernape|Infernape, F|100\/100|[from] U-turn\n|move|p1a: Iron Treads|Body Press|p2a: Infernape\n|-damage|p2a: Infernape|59\/100\n|\n|-heal|p1a: Iron Treads|99\/100|[from] item: Leftovers\n|upkeep\n|turn|17\n|\n|t:|1699233600\n|-end|p1a: Iron Treads|Quark Drive|[silent]\n|switch|p1a: Gliscor|Gliscor, F, shiny|100\/100 tox\n|move|p2a: Infernape|Fire Blast|p1a: Gliscor\n|-damage|p1a: Gliscor|43\/100 tox\n|-damage|p2a: Infernape|49\/100|[from] item: Life Orb\n|\n|-heal|p1a: Gliscor|55\/100 tox|[from] ability: Poison Heal\n|upkeep\n|turn|18\n|\n|t:|1699233613\n|move|p1a: Gliscor|Protect|p1a: Gliscor\n|-singleturn|p1a: Gliscor|Protect\n|move|p2a: Infernape|Fire Blast|p1a: Gliscor\n|-activate|p1a: Gliscor|move: Protect\n|\n|-heal|p1a: Gliscor|68\/100 tox|[from] ability: Poison Heal\n|upkeep\n|turn|19\n|\n|t:|1699233638\n|switch|p2a: Cyclizar|Cyclizar, M|100\/100\n|move|p1a: Gliscor|Earthquake|p2a: Cyclizar\n|-damage|p2a: Cyclizar|53\/100\n|\n|-heal|p1a: Gliscor|80\/100 tox|[from] ability: Poison Heal\n|upkeep\n|turn|20\n|j| Kalas714\n|\n|t:|1699233684\n|switch|p2a: Torterra|Torterra, F, tera:Rock|51\/100\n|move|p1a: Gliscor|Protect||[still]\n|-fail|p1a: Gliscor\n|\n|-heal|p1a: Gliscor|93\/100 tox|[from] ability: Poison Heal\n|upkeep\n|turn|21\n|\n|t:|1699233693\n|move|p1a: Gliscor|Earthquake|p2a: Torterra\n|-supereffective|p2a: Torterra\n|-damage|p2a: Torterra|0 fnt\n|faint|p2a: Torterra\n|\n|-heal|p1a: Gliscor|100\/100 tox|[from] ability: Poison Heal\n|upkeep\n|\n|t:|1699233705\n|switch|p2a: Cyclizar|Cyclizar, M|86\/100\n|turn|22\n|\n|t:|1699233716\n|switch|p1a: Iron Treads|Iron Treads|99\/100\n|move|p2a: Cyclizar|Ice Spinner|p1a: Iron Treads\n|-damage|p1a: Iron Treads|89\/100\n|\n|-heal|p1a: Iron Treads|95\/100|[from] item: Leftovers\n|upkeep\n|turn|23\n|\n|t:|1699233738\n|switch|p2a: Corviknight|Corviknight, F|77\/100\n|move|p1a: Iron Treads|Stealth Rock|p2a: Corviknight\n|-sidestart|p2: kingripoff|move: Stealth Rock\n|\n|-heal|p1a: Iron Treads|100\/100|[from] item: Leftovers\n|upkeep\n|turn|24\n|c|\u2606kingripoff|it actually was it i mustve misclicked on mody slam\n|\n|t:|1699233767\n|-end|p1a: Iron Treads|Quark Drive|[silent]\n|switch|p1a: Jolteon|Jolteon, M|100\/100\n|move|p2a: Corviknight|Brave Bird|p1a: Jolteon\n|-resisted|p1a: Jolteon\n|-damage|p1a: Jolteon|68\/100\n|-damage|p2a: Corviknight|70\/100|[from] Recoil\n|\n|-heal|p1a: Jolteon|74\/100|[from] item: Leftovers\n|upkeep\n|turn|25\n|\n|t:|1699233780\n|move|p1a: Jolteon|Calm Mind|p1a: Jolteon\n|-boost|p1a: Jolteon|spa|1\n|-boost|p1a: Jolteon|spd|1\n|move|p2a: Corviknight|U-turn|p1a: Jolteon\n|-damage|p1a: Jolteon|48\/100\n|\n|t:|1699233792\n|switch|p2a: Cyclizar|Cyclizar, M|100\/100|[from] U-turn\n|\n|-heal|p1a: Jolteon|54\/100|[from] item: Leftovers\n|upkeep\n|turn|26\n|\n|t:|1699233809\n|move|p1a: Jolteon|Volt Switch|p2a: Cyclizar\n|-resisted|p2a: Cyclizar\n|-damage|p2a: Cyclizar|67\/100\n|\n|t:|1699233815\n|switch|p1a: Iron Treads|Iron Treads|100\/100|[from] Volt Switch\n|move|p2a: Cyclizar|Rapid Spin|p1a: Iron Treads\n|-resisted|p1a: Iron Treads\n|-damage|p1a: Iron Treads|96\/100\n|-boost|p2a: Cyclizar|spe|1\n|-sideend|p2: kingripoff|Stealth Rock|[from] move: Rapid Spin|[of] p2a: Cyclizar\n|\n|-heal|p1a: Iron Treads|100\/100|[from] item: Leftovers\n|upkeep\n|turn|27\n|\n|t:|1699233830\n|move|p2a: Cyclizar|Draco Meteor|p1a: Iron Treads\n|-resisted|p1a: Iron Treads\n|-damage|p1a: Iron Treads|76\/100\n|-unboost|p2a: Cyclizar|spa|2\n|move|p1a: Iron Treads|Stealth Rock|p2a: Cyclizar\n|-sidestart|p2: kingripoff|move: Stealth Rock\n|\n|-heal|p1a: Iron Treads|82\/100|[from] item: Leftovers\n|upkeep\n|turn|28\n|\n|t:|1699233849\n|switch|p2a: Infernape|Infernape, F|49\/100\n|-damage|p2a: Infernape|37\/100|[from] Stealth Rock\n|move|p1a: Iron Treads|Rapid Spin|p2a: Infernape\n|-damage|p2a: Infernape|18\/100\n|-boost|p1a: Iron Treads|spe|1\n|\n|-heal|p1a: Iron Treads|88\/100|[from] item: Leftovers\n|upkeep\n|turn|29\n|\n|t:|1699233857\n|move|p1a: Iron Treads|Body Press|p2a: Infernape\n|-damage|p2a: Infernape|0 fnt\n|faint|p2a: Infernape\n|\n|-heal|p1a: Iron Treads|95\/100|[from] item: Leftovers\n|upkeep\n|\n|t:|1699233866\n|switch|p2a: Tyranitar|Tyranitar, F|15\/100\n|-damage|p2a: Tyranitar|3\/100|[from] Stealth Rock\n|-weather|Sandstorm|[from] ability: Sand Stream|[of] p2a: Tyranitar\n|turn|30\n|\n|t:|1699233874\n|move|p1a: Iron Treads|Body Press|p2a: Tyranitar\n|-supereffective|p2a: Tyranitar\n|-damage|p2a: Tyranitar|0 fnt\n|faint|p2a: Tyranitar\n|\n|-weather|Sandstorm|[upkeep]\n|-heal|p1a: Iron Treads|100\/100|[from] item: Leftovers\n|upkeep\n|\n|t:|1699233880\n|switch|p2a: Corviknight|Corviknight, F|70\/100\n|-damage|p2a: Corviknight|57\/100|[from] Stealth Rock\n|turn|31\n|\n|t:|1699233899\n|move|p1a: Iron Treads|Iron Defense|p1a: Iron Treads\n|-boost|p1a: Iron Treads|def|2\n|move|p2a: Corviknight|Body Slam|p1a: Iron Treads\n|-resisted|p1a: Iron Treads\n|-damage|p1a: Iron Treads|98\/100\n|-status|p1a: Iron Treads|par\n|\n|-weather|Sandstorm|[upkeep]\n|-heal|p1a: Iron Treads|100\/100 par|[from] item: Leftovers\n|upkeep\n|turn|32\n|c|\u2606kingripoff|i'm throwing at this point i can't break this wall\n|\n|t:|1699233910\n|move|p1a: Iron Treads|Body Press|p2a: Corviknight\n|-damage|p2a: Corviknight|27\/100\n|move|p2a: Corviknight|U-turn|p1a: Iron Treads\n|-resisted|p1a: Iron Treads\n|-damage|p1a: Iron Treads|98\/100 par\n|\n|t:|1699233915\n|switch|p2a: Cyclizar|Cyclizar, M|100\/100|[from] U-turn\n|\n|-weather|Sandstorm|[upkeep]\n|-damage|p2a: Cyclizar|94\/100|[from] Sandstorm\n|-heal|p1a: Iron Treads|100\/100 par|[from] item: Leftovers\n|upkeep\n|turn|33\n|\n|t:|1699233924\n|move|p2a: Cyclizar|Ice Spinner|p1a: Iron Treads\n|-damage|p1a: Iron Treads|95\/100 par\n|cant|p1a: Iron Treads|par\n|\n|-weather|Sandstorm|[upkeep]\n|-damage|p2a: Cyclizar|88\/100|[from] Sandstorm\n|-heal|p1a: Iron Treads|100\/100 par|[from] item: Leftovers\n|upkeep\n|turn|34\n|\n|t:|1699233931\n|move|p2a: Cyclizar|Ice Spinner|p1a: Iron Treads\n|-damage|p1a: Iron Treads|96\/100 par\n|move|p1a: Iron Treads|Body Press|p2a: Cyclizar\n|-supereffective|p2a: Cyclizar\n|-damage|p2a: Cyclizar|0 fnt\n|faint|p2a: Cyclizar\n|\n|-weather|none\n|-heal|p1a: Iron Treads|100\/100 par|[from] item: Leftovers\n|upkeep\n|\n|t:|1699233939\n|switch|p2a: Corviknight|Corviknight, F|27\/100\n|-damage|p2a: Corviknight|15\/100|[from] Stealth Rock\n|turn|35\n|\n|t:|1699233942\n|cant|p1a: Iron Treads|par\n|move|p2a: Corviknight|Brave Bird|p1a: Iron Treads\n|-resisted|p1a: Iron Treads\n|-damage|p1a: Iron Treads|95\/100 par\n|-damage|p2a: Corviknight|13\/100|[from] Recoil\n|\n|-heal|p1a: Iron Treads|100\/100 par|[from] item: Leftovers\n|upkeep\n|turn|36\n|\n|t:|1699233950\n|cant|p1a: Iron Treads|par\n|move|p2a: Corviknight|Brave Bird|p1a: Iron Treads\n|-resisted|p1a: Iron Treads\n|-damage|p1a: Iron Treads|95\/100 par\n|-damage|p2a: Corviknight|12\/100|[from] Recoil\n|\n|-heal|p1a: Iron Treads|100\/100 par|[from] item: Leftovers\n|upkeep\n|turn|37\n|\n|t:|1699233958\n|cant|p1a: Iron Treads|par\n|move|p2a: Corviknight|Brave Bird|p1a: Iron Treads\n|-resisted|p1a: Iron Treads\n|-damage|p1a: Iron Treads|94\/100 par\n|-damage|p2a: Corviknight|10\/100|[from] Recoil\n|\n|-heal|p1a: Iron Treads|100\/100 par|[from] item: Leftovers\n|upkeep\n|turn|38\n|\n|t:|1699233965\n|move|p1a: Iron Treads|Body Press|p2a: Corviknight\n|-damage|p2a: Corviknight|0 fnt\n|faint|p2a: Corviknight\n|\n|win|Arbucks\n|l| Kalas714\n|c|\u2606Arbucks|gg\n|c|\u2606kingripoff|jesus the triple para when it was all over\n|c|\u2606kingripoff|gg\n|c|\u2606Arbucks|body slam in the clutch\n","uploadtime":1699233999,"views":8,"p1id":"arbucks","p2id":"kingripoff","formatid":"gen9anythinggoes","rating":0,"private":0,"password":""}