{"id":"gen9anythinggoes-1976697845","p1":"rrertererfgdfgtfgr","p2":"Jonathbshfg Ahbf","format":"[Gen 9] Anything Goes","log":"|j|\u2606rrertererfgdfgtfgr\n|j|\u203dJonathbshfg Ahbf\n|t:|1698334280\n|gametype|singles\n|player|p1|rrertererfgdfgtfgr|swimmerf-gen4dp|1129\n|player|p2|Jonathbshfg Ahbf|red|1037\n|teamsize|p1|6\n|teamsize|p2|3\n|gen|9\n|tier|[Gen 9] Anything Goes\n|rated|\n|rule|HP Percentage Mod: HP is shown in percentages\n|rule|Endless Battle Clause: Forcing endless battles is banned\n|clearpoke\n|poke|p1|Zoroark-Hisui, F|\n|poke|p1|Hawlucha, L99, M|\n|poke|p1|Palafin, L97, F|\n|poke|p1|Decidueye, L97, M|\n|poke|p1|Charizard, L99, M|\n|poke|p1|Torkoal, L86, M|\n|poke|p2|Arboliva, M|\n|poke|p2|Torkoal, M|\n|poke|p2|Revavroom, M|\n|teampreview\n|inactive|Battle timer is ON: inactive players will automatically lose when time's up. (requested by Jonathbshfg Ahbf)\n|\n|t:|1698334320\n|start\n|switch|p1a: Palafin|Palafin, L97, F, shiny|100\/100\n|switch|p2a: Revavroom|Revavroom, M|100\/100\n|turn|1\n|\n|t:|1698334327\n|move|p2a: Revavroom|Shift Gear|p2a: Revavroom\n|-boost|p2a: Revavroom|spe|2\n|-boost|p2a: Revavroom|atk|1\n|move|p1a: Palafin|Flip Turn|p2a: Revavroom\n|-damage|p2a: Revavroom|73\/100\n|\n|t:|1698334337\n|detailschange|p1a: Palafin|Palafin-Hero, L97, F, shiny\n|switch|p1a: Hawlucha|Hawlucha, L99, M, shiny|100\/100|[from] Flip Turn\n|-ability|p1a: Hawlucha|Mold Breaker\n|\n|upkeep\n|turn|2\n|\n|t:|1698334345\n|move|p2a: Revavroom|Gunk Shot|p1a: Hawlucha\n|-damage|p1a: Hawlucha|0 fnt\n|faint|p1a: Hawlucha\n|\n|upkeep\n|\n|t:|1698334349\n|switch|p1a: Torkoal|Torkoal, L86, M, shiny|100\/100\n|-weather|SunnyDay|[from] ability: Drought|[of] p1a: Torkoal\n|turn|3\n|\n|t:|1698334353\n|move|p2a: Revavroom|Gunk Shot|p1a: Torkoal\n|-damage|p1a: Torkoal|14\/100\n|-status|p1a: Torkoal|psn\n|move|p1a: Torkoal|Iron Defense|p1a: Torkoal\n|-boost|p1a: Torkoal|def|2\n|\n|-weather|SunnyDay|[upkeep]\n|-damage|p1a: Torkoal|1\/100 psn|[from] psn\n|upkeep\n|turn|4\n|\n|t:|1698334360\n|move|p2a: Revavroom|Shift Gear|p2a: Revavroom\n|-boost|p2a: Revavroom|spe|2\n|-boost|p2a: Revavroom|atk|1\n|move|p1a: Torkoal|Ancient Power|p2a: Revavroom\n|-resisted|p2a: Revavroom\n|-damage|p2a: Revavroom|66\/100\n|\n|-weather|SunnyDay|[upkeep]\n|-damage|p1a: Torkoal|0 fnt|[from] psn\n|faint|p1a: Torkoal\n|upkeep\n|\n|t:|1698334363\n|switch|p1a: Charizard|Charizard, L99, M, shiny|100\/100\n|turn|5\n|\n|t:|1698334367\n|-terastallize|p1a: Charizard|Fire\n|move|p2a: Revavroom|Gunk Shot|p1a: Charizard\n|-damage|p1a: Charizard|0 fnt\n|faint|p1a: Charizard\n|\n|-weather|SunnyDay|[upkeep]\n|upkeep\n|\n|t:|1698334371\n|switch|p1a: Palafin|Palafin-Hero, L97, F, shiny|100\/100\n|-activate|p1a: Palafin|ability: Zero to Hero\n|turn|6\n|\n|t:|1698334377\n|move|p2a: Revavroom|Gunk Shot|p1a: Palafin\n|-damage|p1a: Palafin|0 fnt\n|faint|p1a: Palafin\n|\n|-weather|SunnyDay|[upkeep]\n|upkeep\n|\n|t:|1698334381\n|switch|p1a: Decidueye|Decidueye, M, shiny|100\/100\n|turn|7\n|\n|t:|1698334384\n|move|p2a: Revavroom|Gunk Shot|p1a: Decidueye\n|-resisted|p1a: Decidueye\n|-damage|p1a: Decidueye|0 fnt\n|replace|p1a: Zoroark|Zoroark-Hisui, F, shiny\n|-end|p1a: Zoroark|Illusion\n|faint|p1a: Zoroark\n|\n|-weather|SunnyDay|[upkeep]\n|upkeep\n|\n|t:|1698334387\n|switch|p1a: Decidueye|Decidueye, L97, M, shiny|100\/100\n|turn|8\n|\n|t:|1698334392\n|move|p2a: Revavroom|Gunk Shot|p1a: Decidueye\n|-damage|p1a: Decidueye|0 fnt\n|faint|p1a: Decidueye\n|\n|win|Jonathbshfg Ahbf\n|raw|rrertererfgdfgtfgr's rating: 1129 &rarr; <strong>1098<\/strong><br \/>(-31 for losing)\n|raw|Jonathbshfg Ahbf's rating: 1037 &rarr; <strong>1080<\/strong><br \/>(+43 for winning)\n|l|\u2606rrertererfgdfgtfgr\n","uploadtime":1698334472,"views":13,"p1id":"rrertererfgdfgtfgr","p2id":"jonathbshfgahbf","formatid":"gen9anythinggoes","rating":1080,"private":0,"password":""}