{"id":"gen9anythinggoes-1979302272","p1":"salemxmisty","p2":"iluvtrickroom","format":"[Gen 9] Anything Goes","log":"|j|\u2606salemxmisty\n|j|\u2606iluvtrickroom\n|t:|1698668691\n|gametype|singles\n|player|p1|salemxmisty|102|1076\n|player|p2|iluvtrickroom|hilda|1129\n|teamsize|p1|6\n|teamsize|p2|6\n|gen|9\n|tier|[Gen 9] Anything Goes\n|rated|\n|rule|HP Percentage Mod: HP is shown in percentages\n|rule|Endless Battle Clause: Forcing endless battles is banned\n|clearpoke\n|poke|p1|Goodra, F|\n|poke|p1|Hawlucha, F|\n|poke|p1|Noivern, M|\n|poke|p1|Talonflame, M|\n|poke|p1|Greninja-*, M|\n|poke|p1|Pikachu, M|\n|poke|p2|Zacian-*|\n|poke|p2|Alomomola, F|\n|poke|p2|Muk-Alola, F|\n|poke|p2|Clodsire, F|\n|poke|p2|Ting-Lu|\n|poke|p2|Blissey, F|\n|teampreview\n|c|\u2606iluvtrickroom|hi ash\n|\n|t:|1698668703\n|start\n|switch|p1a: Talonflame|Talonflame, M|100\/100\n|switch|p2a: Ting-Lu|Ting-Lu|100\/100\n|-ability|p2a: Ting-Lu|Vessel of Ruin\n|turn|1\n|\n|t:|1698668710\n|move|p1a: Talonflame|Swords Dance|p1a: Talonflame\n|-boost|p1a: Talonflame|atk|2\n|move|p2a: Ting-Lu|Taunt|p1a: Talonflame\n|-start|p1a: Talonflame|move: Taunt\n|\n|upkeep\n|turn|2\n|c|\u2606salemxmisty|finally someone noticed\n|\n|t:|1698668731\n|move|p2a: Ting-Lu|Protect|p2a: Ting-Lu\n|-singleturn|p2a: Ting-Lu|Protect\n|move|p1a: Talonflame|Flamethrower|p2a: Ting-Lu\n|-activate|p2a: Ting-Lu|move: Protect\n|\n|upkeep\n|turn|3\n|c|\u2606iluvtrickroom|huh\n|\n|t:|1698668744\n|move|p1a: Talonflame|Flamethrower|p2a: Ting-Lu\n|-damage|p2a: Ting-Lu|86\/100\n|move|p2a: Ting-Lu|Ruination|p1a: Talonflame\n|-damage|p1a: Talonflame|50\/100\n|\n|-heal|p1a: Talonflame|57\/100|[from] item: Leftovers\n|-heal|p2a: Ting-Lu|92\/100|[from] item: Leftovers\n|upkeep\n|turn|4\n|\n|t:|1698668760\n|switch|p2a: Alomomola|Alomomola, F, shiny|100\/100\n|move|p1a: Talonflame|Flame Charge|p2a: Alomomola\n|-resisted|p2a: Alomomola\n|-damage|p2a: Alomomola|87\/100\n|-boost|p1a: Talonflame|spe|1\n|\n|-heal|p1a: Talonflame|63\/100|[from] item: Leftovers\n|-heal|p2a: Alomomola|93\/100|[from] item: Leftovers\n|-end|p1a: Talonflame|move: Taunt\n|upkeep\n|turn|5\n|\n|t:|1698668773\n|move|p1a: Talonflame|Air Slash|p2a: Alomomola\n|-damage|p2a: Alomomola|70\/100\n|cant|p2a: Alomomola|flinch\n|\n|-heal|p1a: Talonflame|69\/100|[from] item: Leftovers\n|-heal|p2a: Alomomola|76\/100|[from] item: Leftovers\n|upkeep\n|turn|6\n|\n|t:|1698668784\n|switch|p1a: Pikachu|Pikachu, M|100\/100\n|move|p2a: Alomomola|Flip Turn|p1a: Pikachu\n|-damage|p1a: Pikachu|48\/100\n|\n|t:|1698668790\n|switch|p2a: Clodsire|Clodsire, F|100\/100|[from] Flip Turn\n|\n|upkeep\n|turn|7\n|\n|t:|1698668804\n|move|p1a: Pikachu|Iron Tail|p2a: Clodsire|[miss]\n|-miss|p1a: Pikachu|p2a: Clodsire\n|move|p2a: Clodsire|Toxic Spikes|p1a: Pikachu\n|-sidestart|p1: salemxmisty|move: Toxic Spikes\n|\n|upkeep\n|turn|8\n|\n|t:|1698668808\n|move|p1a: Pikachu|Iron Tail|p2a: Clodsire\n|-damage|p2a: Clodsire|51\/100\n|move|p2a: Clodsire|Toxic Spikes|p1a: Pikachu\n|-sidestart|p1: salemxmisty|move: Toxic Spikes\n|\n|upkeep\n|turn|9\n|c|\u2606iluvtrickroom|ow\n|\n|t:|1698668820\n|switch|p2a: Alomomola|Alomomola, F, shiny|100\/100\n|move|p1a: Pikachu|Iron Tail|p2a: Alomomola\n|-resisted|p2a: Alomomola\n|-damage|p2a: Alomomola|86\/100\n|\n|-heal|p2a: Alomomola|92\/100|[from] item: Leftovers\n|upkeep\n|turn|10\n|\n|t:|1698668827\n|move|p2a: Alomomola|Flip Turn|p1a: Pikachu\n|-damage|p1a: Pikachu|0 fnt\n|faint|p1a: Pikachu\n|\n|t:|1698668833\n|switch|p2a: Blissey|Blissey, F, shiny|100\/100|[from] Flip Turn\n|\n|upkeep\n|\n|t:|1698668838\n|switch|p1a: Goodra|Goodra, F|100\/100\n|-status|p1a: Goodra|tox\n|turn|11\n|\n|t:|1698668849\n|move|p1a: Goodra|Body Slam|p2a: Blissey\n|-damage|p2a: Blissey|84\/100\n|move|p2a: Blissey|Seismic Toss|p1a: Goodra\n|-damage|p1a: Goodra|72\/100 tox\n|\n|-heal|p2a: Blissey|90\/100|[from] item: Leftovers\n|-damage|p1a: Goodra|66\/100 tox|[from] psn\n|upkeep\n|turn|12\n|\n|t:|1698668859\n|move|p1a: Goodra|Dragon Pulse|p2a: Blissey\n|-damage|p2a: Blissey|76\/100\n|move|p2a: Blissey|Seismic Toss|p1a: Goodra\n|-damage|p1a: Goodra|38\/100 tox\n|\n|-heal|p2a: Blissey|82\/100|[from] item: Leftovers\n|-damage|p1a: Goodra|26\/100 tox|[from] psn\n|upkeep\n|turn|13\n|\n|t:|1698668867\n|move|p1a: Goodra|Dragon Pulse|p2a: Blissey\n|-damage|p2a: Blissey|69\/100\n|move|p2a: Blissey|Seismic Toss|p1a: Goodra\n|-damage|p1a: Goodra|0 fnt\n|faint|p1a: Goodra\n|\n|-heal|p2a: Blissey|75\/100|[from] item: Leftovers\n|upkeep\n|\n|t:|1698668877\n|switch|p1a: Hawlucha|Hawlucha, F|100\/100\n|turn|14\n|\n|t:|1698668882\n|switch|p2a: Muk|Muk-Alola, F|100\/100\n|move|p1a: Hawlucha|Swords Dance|p1a: Hawlucha\n|-boost|p1a: Hawlucha|atk|2\n|\n|upkeep\n|turn|15\n|\n|t:|1698668893\n|move|p1a: Hawlucha|High Jump Kick|p2a: Muk\n|-damage|p2a: Muk|0 fnt\n|faint|p2a: Muk\n|\n|upkeep\n|\n|t:|1698668900\n|switch|p2a: Zacian|Zacian-Crowned, shiny|100\/100\n|-ability|p2a: Zacian|Intrepid Sword|boost\n|-boost|p2a: Zacian|atk|1\n|turn|16\n|\n|t:|1698668908\n|switch|p1a: Talonflame|Talonflame, M|69\/100\n|move|p2a: Zacian|Play Rough|p1a: Talonflame\n|-resisted|p1a: Talonflame\n|-damage|p1a: Talonflame|7\/100\n|-status|p2a: Zacian|brn|[from] ability: Flame Body|[of] p1a: Talonflame\n|\n|-heal|p1a: Talonflame|13\/100|[from] item: Leftovers\n|-damage|p2a: Zacian|94\/100 brn|[from] brn\n|upkeep\n|turn|17\n|\n|t:|1698668920\n|move|p2a: Zacian|Crunch|p1a: Talonflame\n|-damage|p1a: Talonflame|0 fnt\n|faint|p1a: Talonflame\n|\n|-damage|p2a: Zacian|88\/100 brn|[from] brn\n|upkeep\n|\n|t:|1698668939\n|switch|p1a: Greninja|Greninja, M|100\/100\n|-status|p1a: Greninja|tox\n|turn|18\n|\n|t:|1698668945\n|move|p1a: Greninja|Water Shuriken|p2a: Zacian\n|-crit|p2a: Zacian\n|-damage|p2a: Zacian|77\/100 brn\n|-damage|p2a: Zacian|70\/100 brn\n|-damage|p2a: Zacian|64\/100 brn\n|-damage|p2a: Zacian|57\/100 brn\n|-hitcount|p2a: Zacian|4\n|move|p2a: Zacian|Close Combat|p1a: Greninja\n|-supereffective|p1a: Greninja\n|-damage|p1a: Greninja|0 fnt\n|-unboost|p2a: Zacian|def|1\n|-unboost|p2a: Zacian|spd|1\n|faint|p1a: Greninja\n|\n|-damage|p2a: Zacian|51\/100 brn|[from] brn\n|upkeep\n|\n|t:|1698668970\n|switch|p1a: Noivern|Noivern, M|100\/100\n|-item|p2a: Zacian|Rusted Sword|[from] ability: Frisk|[of] p1a: Noivern|[identify]\n|turn|19\n|\n|t:|1698668976\n|move|p2a: Zacian|Play Rough|p1a: Noivern\n|-supereffective|p1a: Noivern\n|-damage|p1a: Noivern|0 fnt\n|faint|p1a: Noivern\n|\n|-damage|p2a: Zacian|45\/100 brn|[from] brn\n|upkeep\n|\n|t:|1698668983\n|switch|p1a: Hawlucha|Hawlucha, F|100\/100\n|turn|20\n|\n|t:|1698668987\n|move|p2a: Zacian|Play Rough|p1a: Hawlucha\n|-supereffective|p1a: Hawlucha\n|-damage|p1a: Hawlucha|0 fnt\n|faint|p1a: Hawlucha\n|\n|win|iluvtrickroom\n|raw|salemxmisty's rating: 1076 &rarr; <strong>1058<\/strong><br \/>(-18 for losing)\n|raw|iluvtrickroom's rating: 1129 &rarr; <strong>1150<\/strong><br \/>(+21 for winning)\n|l|\u2606salemxmisty\n","uploadtime":1698668994,"views":17,"p1id":"salemxmisty","p2id":"iluvtrickroom","formatid":"gen9anythinggoes","rating":1058,"private":0,"password":""}