{"id":"gen9anythinggoes-1989954499","p1":"beyondXneuxs","p2":"uber icicle miss","format":"[Gen 9] Anything Goes","log":"|j|\u2606beyondXneuxs\n|j|\u2606uber icicle miss\n|t:|1699909842\n|gametype|singles\n|player|p1|beyondXneuxs|266|1140\n|player|p2|uber icicle miss|1|1072\n|teamsize|p1|5\n|teamsize|p2|3\n|gen|9\n|tier|[Gen 9] Anything Goes\n|rated|\n|rule|HP Percentage Mod: HP is shown in percentages\n|rule|Endless Battle Clause: Forcing endless battles is banned\n|clearpoke\n|poke|p1|Drifblim, M|\n|poke|p1|Ribombee, M|\n|poke|p1|Gliscor, F|\n|poke|p1|Calyrex-Shadow|\n|poke|p1|Zacian-*|\n|poke|p2|Drifblim, M|\n|poke|p2|Clefable, M|\n|poke|p2|Turtwig, M|\n|teampreview\n|\n|t:|1699909847\n|start\n|switch|p1a: Clodsire|Drifblim, M|100\/100\n|switch|p2a: Drifblim|Drifblim, M, shiny|100\/100\n|turn|1\n|c|\u2606beyondXneuxs|oh\n|c|\u2606beyondXneuxs|ima loose\n|\n|t:|1699909857\n|move|p1a: Clodsire|Minimize|p1a: Clodsire\n|-boost|p1a: Clodsire|evasion|2\n|move|p2a: Drifblim|Substitute|p2a: Drifblim\n|-start|p2a: Drifblim|Substitute\n|-damage|p2a: Drifblim|76\/100\n|\n|upkeep\n|turn|2\n|c|\u2606uber icicle miss|turt time :)\n|\n|t:|1699909865\n|move|p2a: Drifblim|Clear Smog|p1a: Clodsire\n|-resisted|p1a: Clodsire\n|-damage|p1a: Clodsire|95\/100\n|-clearboost|p1a: Clodsire\n|move|p1a: Clodsire|Minimize|p1a: Clodsire\n|-boost|p1a: Clodsire|evasion|2\n|\n|upkeep\n|turn|3\n|\n|t:|1699909874\n|move|p2a: Drifblim|Minimize|p2a: Drifblim\n|-boost|p2a: Drifblim|evasion|2\n|move|p1a: Clodsire|Minimize|p1a: Clodsire\n|-boost|p1a: Clodsire|evasion|2\n|\n|upkeep\n|turn|4\n|\n|t:|1699909881\n|move|p1a: Clodsire|Minimize|p1a: Clodsire\n|-boost|p1a: Clodsire|evasion|2\n|move|p2a: Drifblim|Minimize|p2a: Drifblim\n|-boost|p2a: Drifblim|evasion|2\n|\n|upkeep\n|turn|5\n|\n|t:|1699909887\n|move|p2a: Drifblim|Clear Smog|p1a: Clodsire\n|-resisted|p1a: Clodsire\n|-damage|p1a: Clodsire|89\/100\n|-clearboost|p1a: Clodsire\n|move|p1a: Clodsire|Substitute|p1a: Clodsire\n|-start|p1a: Clodsire|Substitute\n|-damage|p1a: Clodsire|64\/100\n|\n|upkeep\n|turn|6\n|\n|t:|1699909896\n|move|p2a: Drifblim|Minimize|p2a: Drifblim\n|-boost|p2a: Drifblim|evasion|2\n|move|p1a: Clodsire|Minimize|p1a: Clodsire\n|-boost|p1a: Clodsire|evasion|2\n|\n|upkeep\n|turn|7\n|\n|t:|1699909913\n|move|p2a: Drifblim|Baton Pass|p2a: Drifblim\n|\n|t:|1699909915\n|switch|p2a: Clefable|Clefable, M, shiny|100\/100|[from] Baton Pass\n|move|p1a: Clodsire|Minimize|p1a: Clodsire\n|-boost|p1a: Clodsire|evasion|2\n|\n|upkeep\n|turn|8\n|\n|t:|1699909922\n|move|p1a: Clodsire|Minimize|p1a: Clodsire\n|-boost|p1a: Clodsire|evasion|2\n|move|p2a: Clefable|Cosmic Power|p2a: Clefable\n|-boost|p2a: Clefable|def|1\n|-boost|p2a: Clefable|spd|1\n|\n|upkeep\n|turn|9\n|\n|t:|1699909930\n|move|p1a: Clodsire|Calm Mind|p1a: Clodsire\n|-boost|p1a: Clodsire|spa|1\n|-boost|p1a: Clodsire|spd|1\n|move|p2a: Clefable|Cosmic Power|p2a: Clefable\n|-boost|p2a: Clefable|def|1\n|-boost|p2a: Clefable|spd|1\n|\n|upkeep\n|turn|10\n|\n|t:|1699909943\n|move|p1a: Clodsire|Calm Mind|p1a: Clodsire\n|-boost|p1a: Clodsire|spa|1\n|-boost|p1a: Clodsire|spd|1\n|move|p2a: Clefable|Cosmic Power|p2a: Clefable\n|-boost|p2a: Clefable|def|1\n|-boost|p2a: Clefable|spd|1\n|\n|upkeep\n|turn|11\n|c|\u2606uber icicle miss|+3's enough (I hope)\n|\n|t:|1699909958\n|move|p1a: Clodsire|Calm Mind|p1a: Clodsire\n|-boost|p1a: Clodsire|spa|1\n|-boost|p1a: Clodsire|spd|1\n|move|p2a: Clefable|Baton Pass|p2a: Clefable\n|\n|t:|1699909962\n|switch|p2a: Turtwig|Turtwig, M, shiny|100\/100|[from] Baton Pass\n|\n|upkeep\n|turn|12\n|c|\u2606uber icicle miss|it begins.\n|\n|t:|1699909968\n|move|p1a: Clodsire|Calm Mind|p1a: Clodsire\n|-boost|p1a: Clodsire|spa|1\n|-boost|p1a: Clodsire|spd|1\n|move|p2a: Turtwig|Shell Smash|p2a: Turtwig\n|-unboost|p2a: Turtwig|def|1\n|-unboost|p2a: Turtwig|spd|1\n|-boost|p2a: Turtwig|atk|2\n|-boost|p2a: Turtwig|spa|2\n|-boost|p2a: Turtwig|spe|2\n|\n|upkeep\n|turn|13\n|\n|t:|1699909977\n|move|p2a: Turtwig|Shell Smash|p2a: Turtwig\n|-unboost|p2a: Turtwig|def|1\n|-unboost|p2a: Turtwig|spd|1\n|-boost|p2a: Turtwig|atk|2\n|-boost|p2a: Turtwig|spa|2\n|-boost|p2a: Turtwig|spe|2\n|move|p1a: Clodsire|Baton Pass|p1a: Clodsire\n|\n|t:|1699909982\n|switch|p1a: Clodsire|Ribombee, M|100\/100|[from] Baton Pass\n|\n|upkeep\n|turn|14\n|\n|t:|1699909994\n|move|p2a: Turtwig|Shell Smash|p2a: Turtwig\n|-unboost|p2a: Turtwig|def|1\n|-unboost|p2a: Turtwig|spd|1\n|-boost|p2a: Turtwig|atk|2\n|-boost|p2a: Turtwig|spa|2\n|-boost|p2a: Turtwig|spe|2\n|move|p1a: Clodsire|Quiver Dance|p1a: Clodsire\n|-boost|p1a: Clodsire|spa|1\n|-boost|p1a: Clodsire|spd|1\n|-boost|p1a: Clodsire|spe|1\n|\n|upkeep\n|turn|15\n|\n|t:|1699910002\n|move|p2a: Turtwig|Seed Bomb|p1a: Clodsire|[miss]\n|-miss|p2a: Turtwig|p1a: Clodsire\n|move|p1a: Clodsire|Quiver Dance|p1a: Clodsire\n|-boost|p1a: Clodsire|spa|1\n|-boost|p1a: Clodsire|spd|1\n|-boost|p1a: Clodsire|spe|1\n|\n|upkeep\n|turn|16\n|\n|t:|1699910016\n|move|p1a: Clodsire|Quiver Dance|p1a: Clodsire\n|-boost|p1a: Clodsire|spa|0\n|-boost|p1a: Clodsire|spd|0\n|-boost|p1a: Clodsire|spe|1\n|move|p2a: Turtwig|Seed Bomb|p1a: Clodsire\n|-resisted|p1a: Clodsire\n|-end|p1a: Clodsire|Substitute\n|\n|upkeep\n|turn|17\n|\n|t:|1699910023\n|move|p1a: Clodsire|Quiver Dance|p1a: Clodsire\n|-boost|p1a: Clodsire|spa|0\n|-boost|p1a: Clodsire|spd|0\n|-boost|p1a: Clodsire|spe|1\n|move|p2a: Turtwig|Seed Bomb|p1a: Clodsire|[miss]\n|-miss|p2a: Turtwig|p1a: Clodsire\n|\n|upkeep\n|turn|18\n|\n|t:|1699910033\n|move|p1a: Clodsire|Substitute|p1a: Clodsire\n|-start|p1a: Clodsire|Substitute\n|-damage|p1a: Clodsire|75\/100\n|move|p2a: Turtwig|Seed Bomb|p1a: Clodsire|[miss]\n|-miss|p2a: Turtwig|p1a: Clodsire\n|\n|upkeep\n|turn|19\n|\n|t:|1699910050\n|move|p1a: Clodsire|Quiver Dance|p1a: Clodsire\n|-boost|p1a: Clodsire|spa|0\n|-boost|p1a: Clodsire|spd|0\n|-boost|p1a: Clodsire|spe|1\n|move|p2a: Turtwig|Seed Bomb|p1a: Clodsire|[miss]\n|-miss|p2a: Turtwig|p1a: Clodsire\n|\n|upkeep\n|turn|20\n|\n|t:|1699910058\n|move|p1a: Clodsire|Quiver Dance|p1a: Clodsire\n|-boost|p1a: Clodsire|spa|0\n|-boost|p1a: Clodsire|spd|0\n|-boost|p1a: Clodsire|spe|1\n|move|p2a: Turtwig|Seed Bomb|p1a: Clodsire|[miss]\n|-miss|p2a: Turtwig|p1a: Clodsire\n|\n|upkeep\n|turn|21\n|\n|t:|1699910069\n|move|p1a: Clodsire|Switcheroo|p2a: Turtwig|[miss]\n|-miss|p1a: Clodsire|p2a: Turtwig\n|move|p2a: Turtwig|Seed Bomb|p1a: Clodsire|[miss]\n|-miss|p2a: Turtwig|p1a: Clodsire\n|\n|upkeep\n|turn|22\n|\n|t:|1699910078\n|move|p1a: Clodsire|Baton Pass|p1a: Clodsire\n|\n|t:|1699910081\n|switch|p1a: Clodsire|Calyrex-Shadow|100\/100|[from] Baton Pass\n|-ability|p1a: Clodsire|As One\n|-ability|p1a: Clodsire|Unnerve\n|move|p2a: Turtwig|Seed Bomb|p1a: Clodsire|[miss]\n|-miss|p2a: Turtwig|p1a: Clodsire\n|\n|upkeep\n|turn|23\n|\n|t:|1699910097\n|move|p1a: Clodsire|Astral Barrage|p2a: Turtwig\n|-end|p2a: Turtwig|Substitute\n|move|p2a: Turtwig|Crunch|p1a: Clodsire|[miss]\n|-miss|p2a: Turtwig|p1a: Clodsire\n|\n|upkeep\n|turn|24\n|c|\u2606uber icicle miss|Why are there 6 clodsires\n|\n|t:|1699910107\n|move|p1a: Clodsire|Astral Barrage|p2a: Turtwig\n|-damage|p2a: Turtwig|0 fnt\n|faint|p2a: Turtwig\n|\n|upkeep\n|c|\u2606uber icicle miss|\ud83d\ude2d\ud83d\ude2d\ud83d\ude2d\ud83d\ude2d\ud83d\ude2d\n|c|\u2606uber icicle miss|NO MY BOY\n|c|\u2606uber icicle miss|AGH\n|c|\u2606beyondXneuxs|theres only 5\n|c|\u2606beyondXneuxs|not 6\n|c|\u2606uber icicle miss|MY HEART\n|c|\u2606uber icicle miss|I LOVED HIM\n|c|\u2606uber icicle miss|:skull:\n|-message|uber icicle miss forfeited.\n|\n|win|beyondXneuxs\n|raw|beyondXneuxs's rating: 1140 &rarr; <strong>1160<\/strong><br \/>(+20 for winning)\n|raw|uber icicle miss's rating: 1072 &rarr; <strong>1055<\/strong><br \/>(-17 for losing)\n|l|\u2606uber icicle miss\n|c|\u2606beyondXneuxs|then perish\n","uploadtime":1699910151,"views":11,"p1id":"beyondxneuxs","p2id":"ubericiclemiss","formatid":"gen9anythinggoes","rating":1055,"private":0,"password":""}