{"id":"gen9anythinggoes-1996296809","p1":"Luninho","p2":"YIPPEEEEEEEE","format":"[Gen 9] Anything Goes","log":"|j|\u2606Luninho\n|j|\u2606YIPPEEEEEEEE\n|t:|1700668621\n|gametype|singles\n|player|p1|Luninho|266|1193\n|player|p2|YIPPEEEEEEEE|brycenman|1223\n|teamsize|p1|6\n|teamsize|p2|6\n|gen|9\n|tier|[Gen 9] Anything Goes\n|rated|\n|rule|HP Percentage Mod: HP is shown in percentages\n|rule|Endless Battle Clause: Forcing endless battles is banned\n|clearpoke\n|poke|p1|Koraidon|\n|poke|p1|Miraidon|\n|poke|p1|Ogerpon-Hearthflame, F|\n|poke|p1|Landorus, M|\n|poke|p1|Calyrex-Shadow|\n|poke|p1|Arceus-Fire|\n|poke|p2|Ursaluna, M|\n|poke|p2|Eternatus|\n|poke|p2|Arcanine-Hisui, M|\n|poke|p2|Walking Wake|\n|poke|p2|Cresselia, F|\n|poke|p2|Espathra, M|\n|teampreview\n|inactive|Battle timer is ON: inactive players will automatically lose when time's up. (requested by Luninho)\n|\n|t:|1700668626\n|start\n|switch|p1a: Koraidon|Koraidon|100\/100\n|switch|p2a: Cresselia|Cresselia, F, shiny|100\/100\n|-weather|SunnyDay|[from] ability: Orichalcum Pulse|[of] p1a: Koraidon\n|-activate|p1a: Koraidon|Orichalcum Pulse|[source]\n|turn|1\n|\n|t:|1700668637\n|move|p1a: Koraidon|Swords Dance|p1a: Koraidon\n|-boost|p1a: Koraidon|atk|2\n|move|p2a: Cresselia|Trick Room|p2a: Cresselia\n|-fieldstart|move: Trick Room|[of] p2a: Cresselia\n|\n|-weather|SunnyDay|[upkeep]\n|upkeep\n|turn|2\n|\n|t:|1700668648\n|-terastallize|p1a: Koraidon|Steel\n|move|p2a: Cresselia|Moonblast|p1a: Koraidon\n|-resisted|p1a: Koraidon\n|-damage|p1a: Koraidon|92\/100\n|-unboost|p1a: Koraidon|spa|1\n|move|p1a: Koraidon|Swords Dance|p1a: Koraidon\n|-boost|p1a: Koraidon|atk|2\n|\n|-weather|SunnyDay|[upkeep]\n|upkeep\n|turn|3\n|\n|t:|1700668659\n|switch|p2a: Ursaluna|Ursaluna, M, shiny|100\/100\n|move|p1a: Koraidon|Scale Shot|p2a: Ursaluna\n|-damage|p2a: Ursaluna|63\/100\n|-damage|p2a: Ursaluna|22\/100\n|-damage|p2a: Ursaluna|0 fnt\n|faint|p2a: Ursaluna\n|-hitcount|p2: Ursaluna|3\n|-unboost|p1a: Koraidon|def|1\n|-boost|p1a: Koraidon|spe|1\n|\n|-weather|SunnyDay|[upkeep]\n|upkeep\n|c|\u2606Luninho|gg\n|\n|t:|1700668673\n|switch|p2a: Arcanine|Arcanine-Hisui, M, shiny|100\/100\n|turn|4\n|\n|t:|1700668683\n|-terastallize|p2a: Arcanine|Rock\n|move|p2a: Arcanine|Head Smash|p1a: Koraidon|[miss]\n|-miss|p2a: Arcanine|p1a: Koraidon\n|move|p1a: Koraidon|Scale Shot|p2a: Arcanine\n|-damage|p2a: Arcanine|35\/100\n|-damage|p2a: Arcanine|0 fnt\n|faint|p2a: Arcanine\n|-hitcount|p2: Arcanine|2\n|-unboost|p1a: Koraidon|def|1\n|-boost|p1a: Koraidon|spe|1\n|\n|-weather|SunnyDay|[upkeep]\n|upkeep\n|c|\u2606Luninho|AJAHAHAHHA\n|c|\u2606YIPPEEEEEEEE|Toxic much?\n|c|\u2606Luninho|ff\n|\n|t:|1700668700\n|switch|p2a: Eternatus|Eternatus|100\/100\n|-ability|p2a: Eternatus|Pressure\n|turn|5\n|\n|t:|1700668706\n|move|p2a: Eternatus|Shadow Ball|p1a: Koraidon\n|-damage|p1a: Koraidon|45\/100\n|-unboost|p1a: Koraidon|spd|1\n|move|p1a: Koraidon|Scale Shot|p2a: Eternatus\n|-supereffective|p2a: Eternatus\n|-damage|p2a: Eternatus|0 fnt\n|faint|p2a: Eternatus\n|-hitcount|p2: Eternatus|1\n|-unboost|p1a: Koraidon|def|1\n|-boost|p1a: Koraidon|spe|1\n|\n|-weather|none\n|-fieldend|move: Trick Room\n|upkeep\n|\n|t:|1700668718\n|switch|p2a: Walking Wake|Walking Wake|100\/100\n|-enditem|p2a: Walking Wake|Booster Energy\n|-activate|p2a: Walking Wake|ability: Protosynthesis|[fromitem]\n|-start|p2a: Walking Wake|protosynthesisspa\n|turn|6\n|\n|t:|1700668724\n|move|p1a: Koraidon|Scale Shot|p2a: Walking Wake\n|-supereffective|p2a: Walking Wake\n|-damage|p2a: Walking Wake|18\/100\n|-supereffective|p2a: Walking Wake\n|-damage|p2a: Walking Wake|0 fnt\n|faint|p2a: Walking Wake\n|-end|p2a: Walking Wake|Protosynthesis|[silent]\n|-hitcount|p2: Walking Wake|2\n|-unboost|p1a: Koraidon|def|1\n|-boost|p1a: Koraidon|spe|1\n|\n|upkeep\n|\n|t:|1700668733\n|switch|p2a: Espathra|Espathra, M, shiny|100\/100\n|turn|7\n|\n|t:|1700668737\n|move|p1a: Koraidon|Scale Shot|p2a: Espathra\n|-damage|p2a: Espathra|40\/100\n|-damage|p2a: Espathra|0 fnt\n|faint|p2a: Espathra\n|-hitcount|p2: Espathra|2\n|-unboost|p1a: Koraidon|def|1\n|-boost|p1a: Koraidon|spe|1\n|\n|upkeep\n|c|\u2606Luninho|ez\n|n|!YIPPEEEEEEEE|yippeeeeeeee\n|c|\u2606Luninho|6-0\n|-message|YIPPEEEEEEEE forfeited.\n|\n|win|Luninho\n|raw|Luninho's rating: 1193 &rarr; <strong>1220<\/strong><br \/>(+27 for winning)\n|raw|YIPPEEEEEEEE's rating: 1223 &rarr; <strong>1196<\/strong><br \/>(-27 for losing)\n|l|!YIPPEEEEEEEE\n","uploadtime":1700668749,"views":0,"p1id":"luninho","p2id":"yippeeeeeeee","formatid":"gen9anythinggoes","rating":1196,"private":0,"password":""}