{"id":"gen9anythinggoes-1988299617","p1":"alainkiller","p2":"AGisgood\u82cd\u54cd\u4fa0","format":"[Gen 9] Anything Goes","log":"|j|\u2606alainkiller\n|j|\u2606AGisgood\u82cd\u54cd\u4fa0\n|t:|1699704404\n|gametype|singles\n|player|p1|alainkiller|nate|1584\n|player|p2|AGisgood\u82cd\u54cd\u4fa0|cowgirl|1765\n|teamsize|p1|6\n|teamsize|p2|6\n|gen|9\n|tier|[Gen 9] Anything Goes\n|rated|\n|rule|HP Percentage Mod: HP is shown in percentages\n|rule|Endless Battle Clause: Forcing endless battles is banned\n|clearpoke\n|poke|p1|Arceus-Ground|\n|poke|p1|Arceus|\n|poke|p1|Ditto|\n|poke|p1|Koraidon|\n|poke|p1|Miraidon|\n|poke|p1|Calyrex-Shadow|\n|poke|p2|Kyogre|\n|poke|p2|Calyrex-Ice|\n|poke|p2|Arceus|\n|poke|p2|Arceus-Fairy|\n|poke|p2|Koraidon|\n|poke|p2|Ursaluna-Bloodmoon, M|\n|teampreview\n|inactive|Battle timer is ON: inactive players will automatically lose when time's up. (requested by AGisgood\u82cd\u54cd\u4fa0)\n|j| cheese miestro\n|\n|t:|1699704412\n|start\n|switch|p1a: Koraidon|Koraidon|100\/100\n|switch|p2a: Koraidon|Koraidon|100\/100\n|-weather|SunnyDay|[from] ability: Orichalcum Pulse|[of] p2a: Koraidon\n|-activate|p2a: Koraidon|Orichalcum Pulse|[source]\n|-activate|p1a: Koraidon|ability: Orichalcum Pulse\n|turn|1\n|\n|t:|1699704422\n|move|p2a: Koraidon|U-turn|p1a: Koraidon\n|-resisted|p1a: Koraidon\n|-damage|p1a: Koraidon|87\/100\n|\n|t:|1699704425\n|switch|p2a: Arceus|Arceus-Fairy|100\/100|[from] U-turn\n|move|p1a: Koraidon|Dragon Claw|p2a: Arceus\n|-immune|p2a: Arceus\n|\n|-weather|SunnyDay|[upkeep]\n|upkeep\n|turn|2\n|\n|t:|1699704441\n|switch|p1a: Arceus|Arceus-Ground|100\/100\n|move|p2a: Arceus|Trick Room|p2a: Arceus\n|-fieldstart|move: Trick Room|[of] p2a: Arceus\n|\n|-weather|SunnyDay|[upkeep]\n|upkeep\n|turn|3\n|c| cheese miestro|i agree ag is good\n|\n|t:|1699704450\n|switch|p2a: Kyogre|Kyogre|100\/100\n|-weather|RainDance|[from] ability: Drizzle|[of] p2a: Kyogre\n|move|p1a: Arceus|Judgment|p2a: Kyogre\n|-damage|p2a: Kyogre|70\/100\n|\n|-weather|RainDance|[upkeep]\n|upkeep\n|turn|4\n|c| cheese miestro|\u306f\u3044\n|\n|t:|1699704464\n|switch|p1a: Arceus|Arceus|100\/100\n|move|p2a: Kyogre|Ice Beam|p1a: Arceus\n|-damage|p1a: Arceus|61\/100\n|\n|-weather|RainDance|[upkeep]\n|upkeep\n|turn|5\n|\n|t:|1699704476\n|move|p1a: Arceus|Extreme Speed|p2a: Kyogre\n|-damage|p2a: Kyogre|14\/100\n|-damage|p1a: Arceus|51\/100|[from] item: Life Orb\n|move|p2a: Kyogre|Ice Beam|p1a: Arceus\n|-crit|p1a: Arceus\n|-damage|p1a: Arceus|0 fnt\n|faint|p1a: Arceus\n|\n|-weather|RainDance|[upkeep]\n|upkeep\n|c|\u2606AGisgood\u82cd\u54cd\u4fa0|yes it very good\n|l| cheese miestro\n|\n|t:|1699704493\n|switch|p1a: Arceus|Arceus-Ground|100\/100\n|turn|6\n|\n|t:|1699704501\n|switch|p2a: Arceus|Arceus-Fairy|100\/100\n|move|p1a: Arceus|Judgment|p2a: Arceus\n|-damage|p2a: Arceus|74\/100\n|\n|-weather|RainDance|[upkeep]\n|-fieldend|move: Trick Room\n|upkeep\n|turn|7\n|\n|t:|1699704512\n|move|p1a: Arceus|Stealth Rock|p2a: Arceus\n|-sidestart|p2: AGisgood\u82cd\u54cd\u4fa0|move: Stealth Rock\n|move|p2a: Arceus|Trick Room|p2a: Arceus\n|-fieldstart|move: Trick Room|[of] p2a: Arceus\n|\n|-weather|none\n|upkeep\n|turn|8\n|\n|t:|1699704520\n|move|p2a: Arceus|Healing Wish|p2a: Arceus\n|faint|p2a: Arceus\n|move|p1a: Arceus|Judgment|p2: Arceus|[notarget]\n|-fail|p1a: Arceus\n|\n|upkeep\n|\n|t:|1699704524\n|switch|p2a: Kyogre|Kyogre|14\/100\n|-heal|p2a: Kyogre|100\/100|[from] move: Healing Wish\n|-damage|p2a: Kyogre|88\/100|[from] Stealth Rock\n|-weather|RainDance|[from] ability: Drizzle|[of] p2a: Kyogre\n|turn|9\n|\n|t:|1699704541\n|move|p2a: Kyogre|Ice Beam|p1a: Arceus\n|-supereffective|p1a: Arceus\n|-damage|p1a: Arceus|32\/100\n|-status|p1a: Arceus|frz\n|cant|p1a: Arceus|frz\n|\n|-weather|RainDance|[upkeep]\n|upkeep\n|turn|10\n|\n|t:|1699704550\n|move|p2a: Kyogre|Ice Beam|p1a: Arceus\n|-supereffective|p1a: Arceus\n|-damage|p1a: Arceus|0 fnt\n|faint|p1a: Arceus\n|\n|-weather|RainDance|[upkeep]\n|upkeep\n|\n|t:|1699704565\n|switch|p1a: Miraidon|Miraidon|100\/100\n|-fieldstart|move: Electric Terrain|[from] ability: Hadron Engine|[of] p1a: Miraidon\n|turn|11\n|\n|t:|1699704572\n|switch|p2a: Ursaluna|Ursaluna-Bloodmoon, M|100\/100\n|-damage|p2a: Ursaluna|94\/100|[from] Stealth Rock\n|-terastallize|p1a: Miraidon|Fairy\n|move|p1a: Miraidon|Electro Drift|p2a: Ursaluna\n|-immune|p2a: Ursaluna\n|\n|-weather|RainDance|[upkeep]\n|-fieldend|move: Trick Room\n|upkeep\n|turn|12\n|\n|t:|1699704585\n|switch|p1a: Koraidon|Koraidon|87\/100\n|-weather|SunnyDay|[from] ability: Orichalcum Pulse|[of] p1a: Koraidon\n|-activate|p1a: Koraidon|Orichalcum Pulse|[source]\n|move|p2a: Ursaluna|Blood Moon|p1a: Koraidon\n|-damage|p1a: Koraidon|0 fnt\n|faint|p1a: Koraidon\n|-damage|p2a: Ursaluna|84\/100|[from] item: Life Orb\n|\n|-weather|SunnyDay|[upkeep]\n|upkeep\n|\n|t:|1699704597\n|switch|p1a: Ditto|Ditto|100\/100\n|-transform|p1a: Ditto|p2a: Ursaluna|[from] ability: Imposter\n|turn|13\n|\n|t:|1699704603\n|move|p2a: Ursaluna|Vacuum Wave|p1a: Ditto\n|-supereffective|p1a: Ditto\n|-damage|p1a: Ditto|34\/100\n|-damage|p2a: Ursaluna|74\/100|[from] item: Life Orb\n|move|p1a: Ditto|Blood Moon|p2a: Ursaluna\n|-damage|p2a: Ursaluna|0 fnt\n|faint|p2a: Ursaluna\n|\n|-weather|SunnyDay|[upkeep]\n|upkeep\n|\n|t:|1699704610\n|switch|p2a: Koraidon|Koraidon|100\/100\n|-damage|p2a: Koraidon|94\/100|[from] Stealth Rock\n|-activate|p2a: Koraidon|ability: Orichalcum Pulse\n|turn|14\n|\n|t:|1699704619\n|switch|p1a: Miraidon|Miraidon, tera:Fairy|100\/100\n|-activate|p1a: Miraidon|ability: Hadron Engine\n|move|p2a: Koraidon|Flare Blitz|p1a: Miraidon\n|-damage|p1a: Miraidon|18\/100\n|-damage|p2a: Koraidon|67\/100|[from] Recoil\n|\n|-weather|SunnyDay|[upkeep]\n|upkeep\n|turn|15\n|\n|t:|1699704629\n|move|p1a: Miraidon|Electro Drift|p2a: Koraidon\n|-resisted|p2a: Koraidon\n|-damage|p2a: Koraidon|21\/100\n|move|p2a: Koraidon|Flare Blitz|p1a: Miraidon\n|-damage|p1a: Miraidon|0 fnt\n|faint|p1a: Miraidon\n|-damage|p2a: Koraidon|16\/100|[from] Recoil\n|\n|-weather|SunnyDay|[upkeep]\n|-fieldend|move: Electric Terrain\n|upkeep\n|\n|t:|1699704642\n|switch|p1a: Ditto|Ditto|34\/100\n|-transform|p1a: Ditto|p2a: Koraidon|[from] ability: Imposter\n|-activate|p1a: Ditto|ability: Orichalcum Pulse\n|turn|16\n|\n|t:|1699704659\n|-terastallize|p2a: Koraidon|Ghost\n|move|p1a: Ditto|Outrage|p2a: Koraidon\n|-damage|p2a: Koraidon|0 fnt\n|faint|p2a: Koraidon\n|\n|-weather|none\n|upkeep\n|\n|t:|1699704666\n|switch|p2a: Arceus|Arceus|100\/100\n|-damage|p2a: Arceus|88\/100|[from] Stealth Rock\n|turn|17\n|\n|t:|1699704671\n|move|p1a: Ditto|Outrage|p2a: Arceus|[from]lockedmove\n|-damage|p2a: Arceus|56\/100\n|move|p2a: Arceus|Trick Room|p2a: Arceus\n|-fieldstart|move: Trick Room|[of] p2a: Arceus\n|\n|upkeep\n|turn|18\n|\n|t:|1699704678\n|move|p2a: Arceus|Healing Wish|p2a: Arceus\n|faint|p2a: Arceus\n|move|p1a: Ditto|Outrage|p2: Arceus|[from]lockedmove|[notarget]\n|-fail|p1a: Ditto\n|-start|p1a: Ditto|confusion|[fatigue]\n|\n|upkeep\n|\n|t:|1699704680\n|switch|p2a: Kyogre|Kyogre|88\/100\n|-heal|p2a: Kyogre|100\/100|[from] move: Healing Wish\n|-damage|p2a: Kyogre|88\/100|[from] Stealth Rock\n|-weather|RainDance|[from] ability: Drizzle|[of] p2a: Kyogre\n|turn|19\n|\n|t:|1699704690\n|move|p2a: Kyogre|Thunder|p1a: Ditto\n|-resisted|p1a: Ditto\n|-damage|p1a: Ditto|0 fnt\n|faint|p1a: Ditto\n|\n|-weather|RainDance|[upkeep]\n|upkeep\n|\n|t:|1699704697\n|switch|p1a: Calyrex|Calyrex-Shadow|100\/100\n|-ability|p1a: Calyrex|As One\n|-ability|p1a: Calyrex|Unnerve\n|turn|20\n|\n|t:|1699704705\n|move|p2a: Kyogre|Thunder|p1a: Calyrex\n|-damage|p1a: Calyrex|36\/100\n|-status|p1a: Calyrex|par\n|move|p1a: Calyrex|Nasty Plot|p1a: Calyrex\n|-boost|p1a: Calyrex|spa|2\n|\n|-weather|RainDance|[upkeep]\n|upkeep\n|turn|21\n|inactive|alainkiller has 120 seconds left.\n|inactive|alainkiller has 90 seconds left.\n|inactive|alainkiller has 60 seconds left.\n|inactive|alainkiller has 30 seconds left.\n|inactive|alainkiller has 20 seconds left.\n|inactive|alainkiller has 15 seconds left.\n|inactive|alainkiller has 10 seconds left.\n|inactive|alainkiller has 5 seconds left.\n|-message|alainkiller lost due to inactivity.\n|\n|win|AGisgood\u82cd\u54cd\u4fa0\n|raw|alainkiller's rating: 1584 &rarr; <strong>1574<\/strong><br \/>(-10 for losing)\n|raw|AGisgood\u82cd\u54cd\u4fa0's rating: 1765 &rarr; <strong>1775<\/strong><br \/>(+10 for winning)\n|l|\u2606AGisgood\u82cd\u54cd\u4fa0\n","uploadtime":1699704889,"views":6,"p1id":"alainkiller","p2id":"agisgood","formatid":"gen9anythinggoes","rating":1574,"private":0,"password":""}