{"id":"gen9anythinggoes-1973275518","p1":"arch-herobrine","p2":"Clrran","format":"[Gen 9] Anything Goes","log":"|j|\u2606arch-herobrine\n|j|\u2606Clrran\n|t:|1697947491\n|gametype|singles\n|player|p1|arch-herobrine|red|1172\n|player|p2|Clrran|waiter-gen4dp|1300\n|teamsize|p1|6\n|teamsize|p2|6\n|gen|9\n|tier|[Gen 9] Anything Goes\n|rated|\n|rule|HP Percentage Mod: HP is shown in percentages\n|rule|Endless Battle Clause: Forcing endless battles is banned\n|clearpoke\n|poke|p1|Regieleki|\n|poke|p1|Regieleki|\n|poke|p1|Regieleki|\n|poke|p1|Regieleki|\n|poke|p1|Ogerpon-Hearthflame, F|\n|poke|p1|Amoonguss, M|\n|poke|p2|Kingambit, M|\n|poke|p2|Flutter Mane|\n|poke|p2|Garchomp, F|\n|poke|p2|Ogerpon-Hearthflame, F|\n|poke|p2|Chien-Pao|\n|poke|p2|Gyarados, F|\n|teampreview\n|inactive|Battle timer is ON: inactive players will automatically lose when time's up. (requested by arch-herobrine)\n|\n|t:|1697947498\n|start\n|switch|p1a: Regieleki|Regieleki|100\/100\n|switch|p2a: Garchomp|Garchomp, F|100\/100\n|turn|1\n|\n|t:|1697947503\n|move|p2a: Garchomp|Earthquake|p1a: Regieleki\n|-supereffective|p1a: Regieleki\n|-damage|p1a: Regieleki|0 fnt\n|faint|p1a: Regieleki\n|\n|upkeep\n|\n|t:|1697947511\n|switch|p1a: Ogerpon|Ogerpon-Hearthflame, F|100\/100\n|-ability|p1a: Ogerpon|Mold Breaker\n|turn|2\n|\n|t:|1697947519\n|move|p2a: Garchomp|Earthquake|p1a: Ogerpon\n|-crit|p1a: Ogerpon\n|-damage|p1a: Ogerpon|1\/100\n|move|p1a: Ogerpon|Ivy Cudgel|p2a: Garchomp\n|-resisted|p2a: Garchomp\n|-crit|p2a: Garchomp\n|-damage|p2a: Garchomp|49\/100\n|\n|upkeep\n|turn|3\n|\n|t:|1697947529\n|switch|p1a: Amoonguss|Amoonguss, M|100\/100\n|move|p2a: Garchomp|Earthquake|p1a: Amoonguss\n|-damage|p1a: Amoonguss|61\/100\n|\n|upkeep\n|turn|4\n|\n|t:|1697947535\n|switch|p2a: Chien-Pao|Chien-Pao|100\/100\n|-ability|p2a: Chien-Pao|Sword of Ruin\n|move|p1a: Amoonguss|Spore|p2a: Chien-Pao\n|-status|p2a: Chien-Pao|slp|[from] move: Spore\n|\n|upkeep\n|turn|5\n|\n|t:|1697947543\n|switch|p1a: Ogerpon|Ogerpon-Hearthflame, F|1\/100\n|-ability|p1a: Ogerpon|Mold Breaker\n|cant|p2a: Chien-Pao|slp\n|\n|upkeep\n|turn|6\n|\n|t:|1697947550\n|cant|p2a: Chien-Pao|slp\n|move|p1a: Ogerpon|Ivy Cudgel|p2a: Chien-Pao\n|-supereffective|p2a: Chien-Pao\n|-crit|p2a: Chien-Pao\n|-enditem|p2a: Chien-Pao|Focus Sash\n|-damage|p2a: Chien-Pao|1\/100 slp\n|\n|upkeep\n|turn|7\n|\n|t:|1697947557\n|cant|p2a: Chien-Pao|slp\n|move|p1a: Ogerpon|Ivy Cudgel|p2a: Chien-Pao\n|-supereffective|p2a: Chien-Pao\n|-damage|p2a: Chien-Pao|0 fnt\n|faint|p2a: Chien-Pao\n|\n|upkeep\n|\n|t:|1697947564\n|switch|p2a: Kingambit|Kingambit, M|100\/100\n|-activate|p2a: Kingambit|ability: Supreme Overlord\n|-start|p2a: Kingambit|fallen1|[silent]\n|turn|8\n|\n|t:|1697947569\n|switch|p1a: Amoonguss|Amoonguss, M|95\/100\n|move|p2a: Kingambit|Sucker Punch||[still]\n|-fail|p2a: Kingambit\n|\n|upkeep\n|turn|9\n|\n|t:|1697947574\n|move|p2a: Kingambit|Kowtow Cleave|p1a: Amoonguss\n|-damage|p1a: Amoonguss|49\/100\n|-enditem|p1a: Amoonguss|Sitrus Berry|[eat]\n|-heal|p1a: Amoonguss|74\/100|[from] item: Sitrus Berry\n|move|p1a: Amoonguss|Spore|p2a: Kingambit\n|-status|p2a: Kingambit|slp|[from] move: Spore\n|\n|upkeep\n|turn|10\n|\n|t:|1697947584\n|switch|p1a: Ogerpon|Ogerpon-Hearthflame, F|1\/100\n|-ability|p1a: Ogerpon|Mold Breaker\n|cant|p2a: Kingambit|slp\n|\n|upkeep\n|turn|11\n|\n|t:|1697947590\n|-end|p2a: Kingambit|fallen1|[silent]\n|switch|p2a: Garchomp|Garchomp, F|49\/100\n|move|p1a: Ogerpon|Ivy Cudgel|p2a: Garchomp\n|-resisted|p2a: Garchomp\n|-damage|p2a: Garchomp|16\/100\n|\n|upkeep\n|turn|12\n|\n|t:|1697947596\n|switch|p1a: Amoonguss|Amoonguss, M|100\/100\n|move|p2a: Garchomp|Earthquake|p1a: Amoonguss\n|-damage|p1a: Amoonguss|62\/100\n|\n|upkeep\n|turn|13\n|\n|t:|1697947604\n|switch|p2a: Flutter Mane|Flutter Mane|100\/100\n|-enditem|p2a: Flutter Mane|Booster Energy\n|-activate|p2a: Flutter Mane|ability: Protosynthesis|[fromitem]\n|-start|p2a: Flutter Mane|protosynthesisspa\n|move|p1a: Amoonguss|Spore|p2a: Flutter Mane\n|-status|p2a: Flutter Mane|slp|[from] move: Spore\n|\n|upkeep\n|turn|14\n|\n|t:|1697947612\n|switch|p1a: Ogerpon|Ogerpon-Hearthflame, F|1\/100\n|-ability|p1a: Ogerpon|Mold Breaker\n|cant|p2a: Flutter Mane|slp\n|\n|upkeep\n|turn|15\n|\n|t:|1697947618\n|cant|p2a: Flutter Mane|slp\n|move|p1a: Ogerpon|Ivy Cudgel|p2a: Flutter Mane\n|-damage|p2a: Flutter Mane|0 fnt\n|faint|p2a: Flutter Mane\n|-end|p2a: Flutter Mane|Protosynthesis|[silent]\n|\n|upkeep\n|\n|t:|1697947626\n|switch|p2a: Ogerpon|Ogerpon-Hearthflame, F|100\/100\n|-ability|p2a: Ogerpon|Mold Breaker\n|turn|16\n|\n|t:|1697947633\n|switch|p1a: Regieleki|Regieleki|100\/100\n|-terastallize|p2a: Ogerpon|Fire\n|detailschange|p2a: Ogerpon|Ogerpon-Hearthflame-Tera, F, tera:Fire\n|-ability|p2a: Ogerpon|Embody Aspect (Hearthflame)|boost\n|-boost|p2a: Ogerpon|atk|1\n|move|p2a: Ogerpon|Ivy Cudgel|p1a: Regieleki\n|-damage|p1a: Regieleki|0 fnt\n|faint|p1a: Regieleki\n|\n|upkeep\n|\n|t:|1697947644\n|switch|p1a: Regieleki|Regieleki|100\/100\n|turn|17\n|\n|t:|1697947648\n|move|p1a: Regieleki|Wild Charge|p2a: Ogerpon\n|-damage|p2a: Ogerpon|0 fnt\n|faint|p2a: Ogerpon\n|-damage|p1a: Regieleki|73\/100|[from] Recoil\n|\n|upkeep\n|\n|t:|1697947657\n|switch|p2a: Garchomp|Garchomp, F|16\/100\n|turn|18\n|\n|t:|1697947662\n|switch|p1a: Amoonguss|Amoonguss, M|95\/100\n|move|p2a: Garchomp|Dragon Claw|p1a: Amoonguss\n|-damage|p1a: Amoonguss|63\/100\n|\n|upkeep\n|turn|19\n|\n|t:|1697947670\n|switch|p2a: Kingambit|Kingambit, M|100\/100 slp\n|-activate|p2a: Kingambit|ability: Supreme Overlord\n|-start|p2a: Kingambit|fallen3|[silent]\n|move|p1a: Amoonguss|Spore|p2a: Kingambit\n|-fail|p2a: Kingambit|slp\n|\n|upkeep\n|turn|20\n|\n|t:|1697947682\n|-curestatus|p2a: Kingambit|slp|[msg]\n|move|p2a: Kingambit|Kowtow Cleave|p1a: Amoonguss\n|-damage|p1a: Amoonguss|10\/100\n|move|p1a: Amoonguss|Pollen Puff|p2a: Kingambit\n|-damage|p2a: Kingambit|84\/100\n|\n|upkeep\n|turn|21\n|\n|t:|1697947694\n|move|p2a: Kingambit|Sucker Punch||[still]\n|-fail|p2a: Kingambit\n|move|p1a: Amoonguss|Spore|p2a: Kingambit\n|-status|p2a: Kingambit|slp|[from] move: Spore\n|\n|upkeep\n|turn|22\n|\n|t:|1697947700\n|switch|p1a: Ogerpon|Ogerpon-Hearthflame, F|1\/100\n|-ability|p1a: Ogerpon|Mold Breaker\n|cant|p2a: Kingambit|slp\n|\n|upkeep\n|turn|23\n|\n|t:|1697947706\n|-end|p2a: Kingambit|fallen3|[silent]\n|switch|p2a: Gyarados|Gyarados, F|100\/100\n|move|p1a: Ogerpon|Ivy Cudgel|p2a: Gyarados\n|-resisted|p2a: Gyarados\n|-damage|p2a: Gyarados|66\/100\n|\n|upkeep\n|turn|24\n|\n|t:|1697947719\n|switch|p1a: Regieleki|Regieleki|100\/100\n|move|p2a: Gyarados|Waterfall|p1a: Regieleki\n|-damage|p1a: Regieleki|48\/100\n|\n|-heal|p1a: Regieleki|53\/100|[from] item: Leftovers\n|upkeep\n|turn|25\n|\n|t:|1697947727\n|move|p1a: Regieleki|Thunder|p2a: Gyarados\n|-supereffective|p2a: Gyarados\n|-damage|p2a: Gyarados|0 fnt\n|faint|p2a: Gyarados\n|\n|-heal|p1a: Regieleki|59\/100|[from] item: Leftovers\n|upkeep\n|\n|t:|1697947730\n|switch|p2a: Garchomp|Garchomp, F|16\/100\n|turn|26\n|\n|t:|1697947736\n|move|p2a: Garchomp|Earthquake|p1a: Regieleki\n|-supereffective|p1a: Regieleki\n|-damage|p1a: Regieleki|0 fnt\n|faint|p1a: Regieleki\n|\n|upkeep\n|\n|t:|1697947740\n|switch|p1a: Amoonguss|Amoonguss, M|43\/100\n|turn|27\n|\n|t:|1697947743\n|move|p2a: Garchomp|Earthquake|p1a: Amoonguss\n|-damage|p1a: Amoonguss|3\/100\n|move|p1a: Amoonguss|Spore|p2a: Garchomp\n|-status|p2a: Garchomp|slp|[from] move: Spore\n|\n|upkeep\n|turn|28\n|\n|t:|1697947748\n|switch|p2a: Kingambit|Kingambit, M|84\/100 slp\n|-activate|p2a: Kingambit|ability: Supreme Overlord\n|-start|p2a: Kingambit|fallen4|[silent]\n|switch|p1a: Ogerpon|Ogerpon-Hearthflame, F|1\/100\n|-ability|p1a: Ogerpon|Mold Breaker\n|\n|upkeep\n|turn|29\n|\n|t:|1697947752\n|move|p1a: Ogerpon|Ivy Cudgel|p2a: Kingambit\n|-supereffective|p2a: Kingambit\n|-crit|p2a: Kingambit\n|-damage|p2a: Kingambit|0 fnt\n|faint|p2a: Kingambit\n|-end|p2a: Kingambit|fallen4|[silent]\n|\n|upkeep\n|\n|t:|1697947757\n|switch|p2a: Garchomp|Garchomp, F|16\/100 slp\n|turn|30\n|\n|t:|1697947760\n|cant|p2a: Garchomp|slp\n|move|p1a: Ogerpon|Ivy Cudgel|p2a: Garchomp\n|-resisted|p2a: Garchomp\n|-damage|p2a: Garchomp|0 fnt\n|faint|p2a: Garchomp\n|\n|win|arch-herobrine\n|raw|arch-herobrine's rating: 1172 &rarr; <strong>1206<\/strong><br \/>(+34 for winning)\n|raw|Clrran's rating: 1300 &rarr; <strong>1266<\/strong><br \/>(-34 for losing)\n","uploadtime":1697947764,"views":14,"p1id":"archherobrine","p2id":"clrran","formatid":"gen9anythinggoes","rating":1206,"private":0,"password":""}