{"id":"gen9anythinggoes-1987373379","p1":"uyufyttrdfghji","p2":"Mattattac","format":"[Gen 9] Anything Goes","log":"|j|\u2606uyufyttrdfghji\n|j|\u2606Mattattac\n|t:|1699583200\n|gametype|singles\n|player|p1|uyufyttrdfghji|pokemaniac|\n|player|p2|Mattattac|nate|\n|teamsize|p1|6\n|teamsize|p2|6\n|gen|9\n|tier|[Gen 9] Anything Goes\n|rule|HP Percentage Mod: HP is shown in percentages\n|rule|Endless Battle Clause: Forcing endless battles is banned\n|clearpoke\n|poke|p1|Zamazenta-*|\n|poke|p1|Zacian-*|\n|poke|p1|Regidrago|\n|poke|p1|Regieleki|\n|poke|p1|Eternatus|\n|poke|p1|Urshifu-*, F|\n|poke|p2|Meowscarada, M|\n|poke|p2|Dragapult, M|\n|poke|p2|Gholdengo|\n|poke|p2|Greninja-*, M|\n|poke|p2|Iron Moth|\n|poke|p2|Kingambit, M|\n|teampreview\n|c|\u2606Mattattac|ah\n|c|\u2606Mattattac|legends\n|c|\u2606Mattattac|my favorite\n|c|\u2606uyufyttrdfghji|finnaly\n|c|\u2606uyufyttrdfghji|children are yum\n|\n|t:|1699583243\n|start\n|switch|p1a: Eternatus|Eternatus, shiny|100\/100\n|switch|p2a: Iron Moth|Iron Moth, shiny|100\/100\n|-ability|p1a: Eternatus|Pressure\n|-enditem|p2a: Iron Moth|Booster Energy\n|-activate|p2a: Iron Moth|ability: Quark Drive|[fromitem]\n|-start|p2a: Iron Moth|quarkdrivespa\n|turn|1\n|c|\u2606uyufyttrdfghji|that aint shiny\n|\n|t:|1699583259\n|move|p2a: Iron Moth|Fiery Dance|p1a: Eternatus\n|-resisted|p1a: Eternatus\n|-damage|p1a: Eternatus|79\/100\n|-boost|p2a: Iron Moth|spa|1\n|move|p1a: Eternatus|Dynamax Cannon|p2a: Iron Moth\n|-damage|p2a: Iron Moth|50\/100\n|\n|-heal|p1a: Eternatus|85\/100|[from] item: Leftovers\n|upkeep\n|turn|2\n|c|\u2606Mattattac|yeah it is\n|\n|t:|1699583269\n|move|p2a: Iron Moth|Fiery Dance|p1a: Eternatus\n|-resisted|p1a: Eternatus\n|-damage|p1a: Eternatus|52\/100\n|-boost|p2a: Iron Moth|spa|1\n|move|p1a: Eternatus|Dynamax Cannon|p2a: Iron Moth\n|-damage|p2a: Iron Moth|0 fnt\n|faint|p2a: Iron Moth\n|-end|p2a: Iron Moth|Quark Drive|[silent]\n|\n|-heal|p1a: Eternatus|59\/100|[from] item: Leftovers\n|upkeep\n|c|\u2606uyufyttrdfghji|no\n|c|\u2606Mattattac|yeah it is\n|c|\u2606uyufyttrdfghji|it dead\n|c|\u2606Mattattac|that's legit what it's shiny is\n|\n|t:|1699583286\n|switch|p2a: Dragapult|Dragapult, M, shiny|100\/100\n|turn|3\n|c|\u2606uyufyttrdfghji|it aint shiny it dead\n|\n|t:|1699583297\n|move|p2a: Dragapult|Dragon Darts|p1a: Eternatus\n|-supereffective|p1a: Eternatus\n|-damage|p1a: Eternatus|24\/100\n|-anim|p2a: Dragapult|Dragon Darts|p1a: Eternatus\n|-supereffective|p1a: Eternatus\n|-damage|p1a: Eternatus|0 fnt\n|faint|p1a: Eternatus\n|\n|upkeep\n|c|\u2606Mattattac|alr\n|c|\u2606uyufyttrdfghji|oww\n|\n|t:|1699583307\n|switch|p1a: Regieleki|Regieleki, shiny|100\/100\n|turn|4\n|\n|t:|1699583313\n|-terastallize|p2a: Dragapult|Ground\n|move|p1a: Regieleki|Thunder Cage|p2a: Dragapult\n|-immune|p2a: Dragapult\n|move|p2a: Dragapult|Dragon Dance|p2a: Dragapult\n|-boost|p2a: Dragapult|atk|1\n|-boost|p2a: Dragapult|spe|1\n|\n|upkeep\n|turn|5\n|c|\u2606Mattattac|:)\n|\n|t:|1699583321\n|move|p1a: Regieleki|Extreme Speed|p2a: Dragapult\n|-damage|p2a: Dragapult|69\/100\n|move|p2a: Dragapult|Tera Blast|p1a: Regieleki|[anim] Tera Blast Ground\n|-supereffective|p1a: Regieleki\n|-damage|p1a: Regieleki|0 fnt\n|faint|p1a: Regieleki\n|\n|upkeep\n|c|\u2606uyufyttrdfghji|mean\n|\n|t:|1699583331\n|switch|p1a: Regidrago|Regidrago, shiny|100\/100\n|turn|6\n|c|\u2606Mattattac|yeah ik\n|\n|t:|1699583338\n|move|p2a: Dragapult|Dragon Darts|p1a: Regidrago\n|-supereffective|p1a: Regidrago\n|-damage|p1a: Regidrago|38\/100\n|-anim|p2a: Dragapult|Dragon Darts|p1a: Regidrago\n|-supereffective|p1a: Regidrago\n|-damage|p1a: Regidrago|0 fnt\n|faint|p1a: Regidrago\n|\n|upkeep\n|c|\u2606uyufyttrdfghji|stop it i dont like it\n|\n|t:|1699583354\n|switch|p1a: Zacian|Zacian-Crowned, shiny|100\/100\n|-ability|p1a: Zacian|Intrepid Sword|boost\n|-boost|p1a: Zacian|atk|1\n|turn|7\n|c|\u2606Mattattac|too bad\n|\n|t:|1699583360\n|move|p2a: Dragapult|Tera Blast|p1a: Zacian|[anim] Tera Blast Ground\n|-supereffective|p1a: Zacian\n|-damage|p1a: Zacian|1\/100\n|move|p1a: Zacian|Ice Fang|p2a: Dragapult\n|-supereffective|p2a: Dragapult\n|-damage|p2a: Dragapult|0 fnt\n|faint|p2a: Dragapult\n|\n|upkeep\n|c|\u2606Mattattac|LOL\n|j| Flashlava100\n|c|\u2606uyufyttrdfghji|how\n|c|\u2606Mattattac|idk\n|c|\u2606uyufyttrdfghji|uhhhh\n|c|\u2606uyufyttrdfghji|what\n|\n|t:|1699583381\n|switch|p2a: Kingambit|Kingambit, M, shiny|100\/100\n|-activate|p2a: Kingambit|ability: Supreme Overlord\n|-start|p2a: Kingambit|fallen2|[silent]\n|turn|8\n|\n|t:|1699583385\n|move|p2a: Kingambit|Sucker Punch|p1a: Zacian\n|-resisted|p1a: Zacian\n|-damage|p1a: Zacian|0 fnt\n|faint|p1a: Zacian\n|\n|upkeep\n|c|\u2606Mattattac|idek bro\n|\n|t:|1699583390\n|switch|p1a: Zamazenta|Zamazenta-Crowned, shiny|100\/100\n|-ability|p1a: Zamazenta|Dauntless Shield|boost\n|-boost|p1a: Zamazenta|def|1\n|turn|9\n|c|\u2606Mattattac|bro that's mad funny ngl\n|\n|t:|1699583398\n|-end|p2a: Kingambit|fallen2|[silent]\n|switch|p2a: Gholdengo|Gholdengo, shiny|100\/100\n|move|p1a: Zamazenta|Ice Fang|p2a: Gholdengo\n|-resisted|p2a: Gholdengo\n|-damage|p2a: Gholdengo|91\/100\n|\n|upkeep\n|turn|10\n|\n|t:|1699583408\n|move|p1a: Zamazenta|Fire Fang|p2a: Gholdengo\n|-supereffective|p2a: Gholdengo\n|-crit|p2a: Gholdengo\n|-damage|p2a: Gholdengo|33\/100\n|move|p2a: Gholdengo|Focus Blast|p1a: Zamazenta|[miss]\n|-miss|p2a: Gholdengo|p1a: Zamazenta\n|\n|upkeep\n|turn|11\n|c|\u2606uyufyttrdfghji|nom\n|c|\u2606uyufyttrdfghji|miss\n|c|\u2606Mattattac|me sad now\n|\n|t:|1699583420\n|move|p1a: Zamazenta|Fire Fang|p2a: Gholdengo\n|-supereffective|p2a: Gholdengo\n|-damage|p2a: Gholdengo|0 fnt\n|faint|p2a: Gholdengo\n|\n|upkeep\n|c|\u2606uyufyttrdfghji|munch\n|\n|t:|1699583438\n|switch|p2a: Meowscarada|Meowscarada, M, shiny|100\/100\n|turn|12\n|\n|t:|1699583440\n|move|p2a: Meowscarada|Play Rough|p1a: Zamazenta\n|-start|p2a: Meowscarada|typechange|Fairy|[from] ability: Protean\n|-damage|p1a: Zamazenta|69\/100\n|move|p1a: Zamazenta|Fire Fang|p2a: Meowscarada\n|-damage|p2a: Meowscarada|72\/100\n|\n|upkeep\n|turn|13\n|\n|t:|1699583448\n|move|p2a: Meowscarada|Play Rough|p1a: Zamazenta\n|-damage|p1a: Zamazenta|38\/100\n|move|p1a: Zamazenta|Behemoth Bash|p2a: Meowscarada\n|-supereffective|p2a: Meowscarada\n|-damage|p2a: Meowscarada|0 fnt\n|faint|p2a: Meowscarada\n|\n|upkeep\n|\n|t:|1699583459\n|switch|p2a: Greninja|Greninja, M, shiny|100\/100\n|turn|14\n|\n|t:|1699583463\n|move|p2a: Greninja|Surf|p1a: Zamazenta\n|-start|p2a: Greninja|typechange|Water|[from] ability: Protean\n|-damage|p1a: Zamazenta|8\/100\n|move|p1a: Zamazenta|Ice Fang|p2a: Greninja\n|-resisted|p2a: Greninja\n|-damage|p2a: Greninja|84\/100\n|\n|upkeep\n|turn|15\n|\n|t:|1699583473\n|move|p2a: Greninja|Surf|p1a: Zamazenta\n|-damage|p1a: Zamazenta|0 fnt\n|faint|p1a: Zamazenta\n|\n|upkeep\n|\n|t:|1699583482\n|switch|p1a: Urshifu|Urshifu-Rapid-Strike, F|100\/100\n|turn|16\n|\n|t:|1699583489\n|-terastallize|p1a: Urshifu|Electric\n|move|p2a: Greninja|Dark Pulse|p1a: Urshifu\n|-damage|p1a: Urshifu|71\/100\n|cant|p1a: Urshifu|flinch\n|\n|-heal|p1a: Urshifu|77\/100|[from] item: Leftovers\n|upkeep\n|turn|17\n|c|\u2606Mattattac|lol\n|\n|t:|1699583496\n|move|p2a: Greninja|Dark Pulse|p1a: Urshifu\n|-damage|p1a: Urshifu|47\/100\n|move|p1a: Urshifu|Thunder Punch|p2a: Greninja\n|-supereffective|p2a: Greninja\n|-damage|p2a: Greninja|0 fnt\n|faint|p2a: Greninja\n|\n|-heal|p1a: Urshifu|53\/100|[from] item: Leftovers\n|upkeep\n|\n|t:|1699583500\n|switch|p2a: Kingambit|Kingambit, M, shiny|100\/100\n|-activate|p2a: Kingambit|ability: Supreme Overlord\n|-start|p2a: Kingambit|fallen5|[silent]\n|turn|18\n|\n|t:|1699583508\n|move|p2a: Kingambit|Sucker Punch|p1a: Urshifu\n|-damage|p1a: Urshifu|0 fnt\n|faint|p1a: Urshifu\n|\n|win|Mattattac\n|c|\u2606Mattattac|gg\n|c|\u2606uyufyttrdfghji|ggwp\n|l|\u2606uyufyttrdfghji\n","uploadtime":1699583516,"views":5,"p1id":"uyufyttrdfghji","p2id":"mattattac","formatid":"gen9anythinggoes","rating":0,"private":0,"password":""}