{"id":"gen9anythinggoes-1972261161","p1":"MareeSucksAtLife","p2":"Rowan_Rocket","format":"[Gen 9] Anything Goes","log":"|j|\u203dMareeSucksAtLife\n|j|\u2606Rowan_Rocket\n|t:|1697825968\n|gametype|singles\n|player|p1|MareeSucksAtLife|265|1000\n|player|p2|Rowan_Rocket|rocketgrunt|1091\n|teamsize|p1|6\n|teamsize|p2|6\n|gen|9\n|tier|[Gen 9] Anything Goes\n|rated|\n|rule|HP Percentage Mod: HP is shown in percentages\n|rule|Endless Battle Clause: Forcing endless battles is banned\n|clearpoke\n|poke|p1|Regieleki|\n|poke|p1|Zacian-*|\n|poke|p1|Kingambit, M|\n|poke|p1|Decidueye, M|\n|poke|p1|Hariyama, M|\n|poke|p1|Hariyama, F|\n|poke|p2|Farigiraf, F|\n|poke|p2|Wyrdeer, M|\n|poke|p2|Ursaluna, M|\n|poke|p2|Grafaiai, F|\n|poke|p2|Zoroark-Hisui, F|\n|poke|p2|Ambipom, M|\n|teampreview\n|\n|t:|1697825980\n|start\n|switch|p1a: Decidueye|Decidueye, M|100\/100\n|switch|p2a: Ambipom|Ambipom, M|100\/100\n|turn|1\n|\n|t:|1697825994\n|move|p2a: Ambipom|Knock Off|p1a: Decidueye\n|-supereffective|p1a: Decidueye\n|-damage|p1a: Decidueye|30\/100\n|-enditem|p1a: Decidueye|Expert Belt|[from] move: Knock Off|[of] p2a: Ambipom\n|move|p1a: Decidueye|Tailwind|p1a: Decidueye\n|-sidestart|p1: MareeSucksAtLife|move: Tailwind\n|\n|upkeep\n|turn|2\n|\n|t:|1697826003\n|move|p2a: Ambipom|U-turn|p1a: Decidueye\n|-damage|p1a: Decidueye|7\/100\n|\n|t:|1697826012\n|switch|p2a: Grafaiai|Grafaiai, F|100\/100|[from] U-turn\n|move|p1a: Decidueye|Rest|p1a: Decidueye\n|-status|p1a: Decidueye|slp|[from] move: Rest\n|-heal|p1a: Decidueye|100\/100 slp|[silent]\n|\n|upkeep\n|turn|3\n|\n|t:|1697826027\n|switch|p1a: Regieleki|Regieleki|100\/100\n|move|p2a: Grafaiai|Poison Jab|p1a: Regieleki\n|-damage|p1a: Regieleki|40\/100\n|\n|upkeep\n|turn|4\n|\n|t:|1697826037\n|move|p2a: Grafaiai|Parting Shot|p1a: Regieleki\n|-unboost|p1a: Regieleki|atk|1\n|-unboost|p1a: Regieleki|spa|1\n|\n|t:|1697826040\n|switch|p2a: Ursaluna|Ursaluna, M|100\/100|[from] Parting Shot\n|move|p1a: Regieleki|Thunderbolt|p2a: Ursaluna\n|-immune|p2a: Ursaluna\n|\n|-sideend|p1: MareeSucksAtLife|move: Tailwind\n|-status|p2a: Ursaluna|brn|[from] item: Flame Orb\n|upkeep\n|turn|5\n|\n|t:|1697826059\n|move|p1a: Regieleki|Substitute|p1a: Regieleki\n|-start|p1a: Regieleki|Substitute\n|-damage|p1a: Regieleki|15\/100\n|move|p2a: Ursaluna|Earthquake|p1a: Regieleki\n|-supereffective|p1a: Regieleki\n|-end|p1a: Regieleki|Substitute\n|\n|-damage|p2a: Ursaluna|94\/100 brn|[from] brn\n|upkeep\n|turn|6\n|\n|t:|1697826068\n|move|p1a: Regieleki|Substitute|p1a: Regieleki\n|-fail|p1a: Regieleki|move: Substitute|[weak]\n|move|p2a: Ursaluna|Drain Punch|p1a: Regieleki\n|-damage|p1a: Regieleki|0 fnt\n|-heal|p2a: Ursaluna|99\/100 brn|[from] drain|[of] p1a: Regieleki\n|faint|p1a: Regieleki\n|\n|-damage|p2a: Ursaluna|94\/100 brn|[from] brn\n|upkeep\n|\n|t:|1697826084\n|switch|p1a: Zacian|Zacian-Crowned, shiny|100\/100\n|-ability|p1a: Zacian|Intrepid Sword|boost\n|-boost|p1a: Zacian|atk|1\n|turn|7\n|\n|t:|1697826094\n|-terastallize|p2a: Ursaluna|Ground\n|move|p1a: Zacian|Close Combat|p2a: Ursaluna\n|-damage|p2a: Ursaluna|40\/100 brn\n|-unboost|p1a: Zacian|def|1\n|-unboost|p1a: Zacian|spd|1\n|move|p2a: Ursaluna|Earthquake|p1a: Zacian\n|-supereffective|p1a: Zacian\n|-damage|p1a: Zacian|0 fnt\n|faint|p1a: Zacian\n|\n|-damage|p2a: Ursaluna|33\/100 brn|[from] brn\n|upkeep\n|\n|t:|1697826108\n|switch|p1a: Hariyama|Hariyama, M|100\/100\n|turn|8\n|\n|t:|1697826128\n|switch|p2a: Farigiraf|Farigiraf, F|100\/100\n|move|p1a: Hariyama|Brick Break|p2a: Farigiraf\n|-damage|p2a: Farigiraf|75\/100\n|\n|upkeep\n|turn|9\n|\n|t:|1697826138\n|move|p2a: Farigiraf|Wish|p2a: Farigiraf\n|move|p1a: Hariyama|Heavy Slam|p2a: Farigiraf\n|-crit|p2a: Farigiraf\n|-damage|p2a: Farigiraf|59\/100\n|\n|upkeep\n|turn|10\n|\n|t:|1697826154\n|move|p2a: Farigiraf|Twin Beam|p1a: Hariyama\n|-supereffective|p1a: Hariyama\n|-damage|p1a: Hariyama|68\/100\n|-supereffective|p1a: Hariyama\n|-damage|p1a: Hariyama|39\/100\n|-hitcount|p1a: Hariyama|2\n|move|p1a: Hariyama|Close Combat|p2a: Farigiraf\n|-damage|p2a: Farigiraf|13\/100\n|-unboost|p1a: Hariyama|def|1\n|-unboost|p1a: Hariyama|spd|1\n|\n|-heal|p2a: Farigiraf|63\/100|[from] move: Wish|[wisher] Farigiraf\n|-heal|p1a: Hariyama|45\/100|[from] item: Leftovers\n|upkeep\n|turn|11\n|\n|t:|1697826178\n|move|p2a: Farigiraf|Twin Beam|p1a: Hariyama\n|-supereffective|p1a: Hariyama\n|-damage|p1a: Hariyama|0 fnt\n|faint|p1a: Hariyama\n|-hitcount|p1: Hariyama|1\n|\n|upkeep\n|\n|t:|1697826187\n|switch|p1a: Hariyama|Hariyama, F|100\/100\n|turn|12\n|\n|t:|1697826194\n|move|p2a: Farigiraf|Twin Beam|p1a: Hariyama\n|-supereffective|p1a: Hariyama\n|-damage|p1a: Hariyama|79\/100\n|-supereffective|p1a: Hariyama\n|-damage|p1a: Hariyama|60\/100\n|-hitcount|p1a: Hariyama|2\n|move|p1a: Hariyama|Headlong Rush|p2a: Farigiraf\n|-damage|p2a: Farigiraf|42\/100\n|-unboost|p1a: Hariyama|def|1\n|-unboost|p1a: Hariyama|spd|1\n|\n|-heal|p1a: Hariyama|66\/100|[from] item: Leftovers\n|upkeep\n|turn|13\n|\n|t:|1697826231\n|move|p2a: Farigiraf|Twin Beam|p1a: Hariyama\n|-supereffective|p1a: Hariyama\n|-damage|p1a: Hariyama|37\/100\n|-supereffective|p1a: Hariyama\n|-damage|p1a: Hariyama|4\/100\n|-hitcount|p1a: Hariyama|2\n|move|p1a: Hariyama|Headlong Rush|p2a: Farigiraf\n|-damage|p2a: Farigiraf|20\/100\n|-unboost|p1a: Hariyama|def|1\n|-unboost|p1a: Hariyama|spd|1\n|\n|-heal|p1a: Hariyama|10\/100|[from] item: Leftovers\n|upkeep\n|turn|14\n|\n|t:|1697826254\n|move|p2a: Farigiraf|Twin Beam|p1a: Hariyama\n|-supereffective|p1a: Hariyama\n|-damage|p1a: Hariyama|0 fnt\n|faint|p1a: Hariyama\n|-hitcount|p1: Hariyama|1\n|\n|upkeep\n|\n|t:|1697826274\n|switch|p1a: Decidueye|Decidueye, M|100\/100 slp\n|turn|15\n|\n|t:|1697826279\n|cant|p1a: Decidueye|slp\n|move|p2a: Farigiraf|Wish|p2a: Farigiraf\n|\n|upkeep\n|turn|16\n|\n|t:|1697826296\n|switch|p2a: Ursaluna|Ursaluna, M, tera:Ground|33\/100 brn\n|cant|p1a: Decidueye|slp\n|\n|-heal|p2a: Ursaluna|89\/100 brn|[from] move: Wish|[wisher] Farigiraf\n|-damage|p2a: Ursaluna|83\/100 brn|[from] brn\n|upkeep\n|turn|17\n|\n|t:|1697826336\n|switch|p2a: Ambipom|Ambipom, M|100\/100\n|-curestatus|p1a: Decidueye|slp|[msg]\n|move|p1a: Decidueye|Energy Ball|p2a: Ambipom\n|-damage|p2a: Ambipom|25\/100\n|\n|upkeep\n|turn|18\n|\n|t:|1697826348\n|move|p2a: Ambipom|U-turn|p1a: Decidueye\n|-damage|p1a: Decidueye|78\/100\n|\n|t:|1697826351\n|switch|p2a: Wyrdeer|Wyrdeer, M|100\/100|[from] U-turn\n|move|p1a: Decidueye|Energy Ball|p2a: Wyrdeer\n|-ability|p2a: Wyrdeer|Sap Sipper|boost\n|-boost|p2a: Wyrdeer|atk|1\n|\n|upkeep\n|turn|19\n|\n|t:|1697826386\n|move|p1a: Decidueye|Energy Ball|p2a: Wyrdeer\n|-ability|p2a: Wyrdeer|Sap Sipper|boost\n|-boost|p2a: Wyrdeer|atk|1\n|move|p2a: Wyrdeer|Psyshield Bash|p1a: Decidueye\n|-damage|p1a: Decidueye|12\/100\n|-boost|p2a: Wyrdeer|def|1\n|\n|upkeep\n|turn|20\n|\n|t:|1697826397\n|move|p1a: Decidueye|Tailwind|p1a: Decidueye\n|-sidestart|p1: MareeSucksAtLife|move: Tailwind\n|move|p2a: Wyrdeer|Psyshield Bash|p1a: Decidueye\n|-damage|p1a: Decidueye|0 fnt\n|-boost|p2a: Wyrdeer|def|1\n|faint|p1a: Decidueye\n|\n|upkeep\n|\n|t:|1697826405\n|switch|p1a: Kingambit|Kingambit, M, shiny|100\/100\n|-activate|p1a: Kingambit|ability: Supreme Overlord\n|-start|p1a: Kingambit|fallen5|[silent]\n|turn|21\n|\n|t:|1697826412\n|move|p1a: Kingambit|Kowtow Cleave|p2a: Wyrdeer\n|-supereffective|p2a: Wyrdeer\n|-damage|p2a: Wyrdeer|9\/100\n|move|p2a: Wyrdeer|Lunge|p1a: Kingambit\n|-damage|p1a: Kingambit|73\/100\n|-unboost|p1a: Kingambit|atk|1\n|\n|-heal|p2a: Wyrdeer|15\/100|[from] item: Leftovers\n|upkeep\n|turn|22\n|\n|t:|1697826422\n|move|p1a: Kingambit|Kowtow Cleave|p2a: Wyrdeer\n|-supereffective|p2a: Wyrdeer\n|-damage|p2a: Wyrdeer|0 fnt\n|faint|p2a: Wyrdeer\n|\n|upkeep\n|\n|t:|1697826431\n|switch|p2a: Grafaiai|Grafaiai, F|100\/100\n|turn|23\n|\n|t:|1697826457\n|switch|p2a: Farigiraf|Farigiraf, F|100\/100\n|move|p1a: Kingambit|Kowtow Cleave|p2a: Farigiraf\n|-supereffective|p2a: Farigiraf\n|-enditem|p2a: Farigiraf|Focus Sash\n|-damage|p2a: Farigiraf|1\/100\n|replace|p2a: Zoroark|Zoroark-Hisui, F\n|-end|p2a: Zoroark|Illusion\n|\n|-sideend|p1: MareeSucksAtLife|move: Tailwind\n|upkeep\n|turn|24\n|\n|t:|1697826468\n|move|p2a: Zoroark|Curse|p1a: Kingambit\n|-start|p1a: Kingambit|Curse|[of] p2a: Zoroark\n|-damage|p2a: Zoroark|0 fnt\n|faint|p2a: Zoroark\n|move|p1a: Kingambit|Kowtow Cleave|p2: Zoroark|[notarget]\n|-fail|p1a: Kingambit\n|\n|-damage|p1a: Kingambit|48\/100|[from] Curse\n|upkeep\n|\n|t:|1697826477\n|switch|p2a: Ambipom|Ambipom, M|25\/100\n|turn|25\n|\n|t:|1697826480\n|move|p2a: Ambipom|Fake Out|p1a: Kingambit\n|-enditem|p2a: Ambipom|Normal Gem|[from] gem\n|-resisted|p1a: Kingambit\n|-damage|p1a: Kingambit|36\/100\n|cant|p1a: Kingambit|flinch\n|\n|-damage|p1a: Kingambit|11\/100|[from] Curse\n|upkeep\n|turn|26\n|-message|MareeSucksAtLife forfeited.\n|\n|win|Rowan_Rocket\n|raw|MareeSucksAtLife's rating: 1000 &rarr; <strong>1000<\/strong><br \/>(+0 for losing)\n|raw|Rowan_Rocket's rating: 1091 &rarr; <strong>1111<\/strong><br \/>(+20 for winning)\n|l|\u203dMareeSucksAtLife\n","uploadtime":1697826495,"views":10,"p1id":"mareesucksatlife","p2id":"rowanrocket","formatid":"gen9anythinggoes","rating":1000,"private":0,"password":""}