{"id":"gen9anythinggoes-1974732411","p1":"Pure Hackmons","p2":"kwesty","format":"[Gen 9] Anything Goes","log":"|j|\u2606Pure Hackmons\n|j|\u2606kwesty\n|t:|1698115408\n|gametype|singles\n|player|p1|Pure Hackmons|ethan|\n|player|p2|kwesty|swimmerf-gen6|\n|teamsize|p1|6\n|teamsize|p2|6\n|gen|9\n|tier|[Gen 9] Anything Goes\n|rated|Tournament battle\n|rule|HP Percentage Mod: HP is shown in percentages\n|rule|Endless Battle Clause: Forcing endless battles is banned\n|rule|Species Clause: Limit one of each Pok\u00e9mon\n|rule|OHKO Clause: OHKO moves are banned\n|rule|Evasion Moves Clause: Evasion moves are banned\n|rule|Tier Shift Mod: Pok\u00e9mon get stat buffs depending on their tier, excluding HP.\n|rule|Sleep Clause Mod: Limit one foe put to sleep\n|rule|1 Ability Clause: Limit 1 of each ability\n|clearpoke\n|poke|p1|Garganacl, F|\n|poke|p1|Mandibuzz, F|\n|poke|p1|Avalugg, M|\n|poke|p1|Clodsire, M|\n|poke|p1|Groudon|\n|poke|p1|Chansey, F|\n|poke|p2|Sandaconda, F|\n|poke|p2|Annihilape, M|\n|poke|p2|Gyarados, F|\n|poke|p2|Leavanny, M|\n|poke|p2|Pawmot, M|\n|poke|p2|Houndoom, F|\n|teampreview\n|j|%Iolanthe\n|inactive|Battle timer is ON: inactive players will automatically lose when time's up. (requested by kwesty)\n|c|\u2606kwesty|i already know im lose but\n|c|\u2606Pure Hackmons|rip\n|c|\u2606kwesty|glhf anyway\n|c|\u2606Pure Hackmons|hf\n|\n|t:|1698115432\n|start\n|switch|p1a: Garganacl|Garganacl, F|100\/100\n|switch|p2a: Leavanny|Leavanny, M|100\/100\n|turn|1\n|l|%Iolanthe\n|\n|t:|1698115440\n|switch|p1a: Avalugg|Avalugg, M|100\/100\n|move|p2a: Leavanny|Swords Dance|p2a: Leavanny\n|-boost|p2a: Leavanny|atk|2\n|\n|upkeep\n|turn|2\n|\n|t:|1698115455\n|move|p2a: Leavanny|Knock Off|p1a: Avalugg\n|-damage|p1a: Avalugg|89\/100\n|-enditem|p1a: Avalugg|Leftovers|[from] move: Knock Off|[of] p2a: Leavanny\n|move|p1a: Avalugg|Body Press|p2a: Leavanny\n|-resisted|p2a: Leavanny\n|-damage|p2a: Leavanny|76\/100\n|\n|upkeep\n|turn|3\n|\n|t:|1698115476\n|move|p2a: Leavanny|Leaf Blade|p1a: Avalugg\n|-damage|p1a: Avalugg|63\/100\n|move|p1a: Avalugg|Avalanche|p2a: Leavanny\n|-supereffective|p2a: Leavanny\n|-damage|p2a: Leavanny|0 fnt\n|faint|p2a: Leavanny\n|\n|upkeep\n|\n|t:|1698115486\n|switch|p2a: Annihilape|Annihilape, M|100\/100\n|turn|4\n|\n|t:|1698115497\n|switch|p1a: Groudon|Groudon|100\/100\n|move|p2a: Annihilape|Bulk Up|p2a: Annihilape\n|-boost|p2a: Annihilape|atk|1\n|-boost|p2a: Annihilape|def|1\n|\n|-status|p1a: Groudon|tox|[from] item: Toxic Orb\n|upkeep\n|turn|5\n|\n|t:|1698115506\n|move|p1a: Groudon|Will-O-Wisp|p2a: Annihilape\n|-status|p2a: Annihilape|brn\n|move|p2a: Annihilape|Bulk Up|p2a: Annihilape\n|-boost|p2a: Annihilape|atk|1\n|-boost|p2a: Annihilape|def|1\n|\n|-damage|p2a: Annihilape|94\/100 brn|[from] brn\n|upkeep\n|turn|6\n|\n|t:|1698115511\n|move|p1a: Groudon|Spikes|p2a: Annihilape\n|-sidestart|p2: kwesty|Spikes\n|move|p2a: Annihilape|Substitute|p2a: Annihilape\n|-start|p2a: Annihilape|Substitute\n|-damage|p2a: Annihilape|70\/100 brn\n|\n|-heal|p2a: Annihilape|76\/100 brn|[from] item: Leftovers\n|-damage|p2a: Annihilape|70\/100 brn|[from] brn\n|upkeep\n|turn|7\n|\n|t:|1698115515\n|switch|p1a: Avalugg|Avalugg, M|63\/100\n|move|p2a: Annihilape|Bulk Up|p2a: Annihilape\n|-boost|p2a: Annihilape|atk|1\n|-boost|p2a: Annihilape|def|1\n|\n|-heal|p2a: Annihilape|76\/100 brn|[from] item: Leftovers\n|-damage|p2a: Annihilape|70\/100 brn|[from] brn\n|upkeep\n|turn|8\n|\n|t:|1698115522\n|move|p2a: Annihilape|Drain Punch|p1a: Avalugg\n|-supereffective|p1a: Avalugg\n|-damage|p1a: Avalugg|26\/100\n|-heal|p2a: Annihilape|87\/100 brn|[from] drain|[of] p1a: Avalugg\n|move|p1a: Avalugg|Recover|p1a: Avalugg\n|-heal|p1a: Avalugg|76\/100\n|\n|-heal|p2a: Annihilape|93\/100 brn|[from] item: Leftovers\n|-damage|p2a: Annihilape|87\/100 brn|[from] brn\n|upkeep\n|turn|9\n|\n|t:|1698115531\n|switch|p1a: Groudon|Groudon|100\/100 tox\n|move|p2a: Annihilape|Bulk Up|p2a: Annihilape\n|-boost|p2a: Annihilape|atk|1\n|-boost|p2a: Annihilape|def|1\n|\n|-heal|p2a: Annihilape|93\/100 brn|[from] item: Leftovers\n|-damage|p2a: Annihilape|87\/100 brn|[from] brn\n|upkeep\n|turn|10\n|\n|t:|1698115536\n|move|p1a: Groudon|Earthquake|p2a: Annihilape\n|-activate|p2a: Annihilape|move: Substitute|[damage]\n|move|p2a: Annihilape|Drain Punch|p1a: Groudon\n|-damage|p1a: Groudon|40\/100 tox\n|-heal|p2a: Annihilape|100\/100 brn|[from] drain|[of] p1a: Groudon\n|\n|-heal|p1a: Groudon|52\/100 tox|[from] ability: Poison Heal\n|-damage|p2a: Annihilape|94\/100 brn|[from] brn\n|upkeep\n|turn|11\n|\n|t:|1698115552\n|switch|p1a: Mandibuzz|Mandibuzz, F|100\/100\n|move|p2a: Annihilape|Drain Punch|p1a: Mandibuzz\n|-damage|p1a: Mandibuzz|31\/100\n|-heal|p2a: Annihilape|100\/100 brn|[from] drain|[of] p1a: Mandibuzz\n|\n|-heal|p1a: Mandibuzz|37\/100|[from] item: Leftovers\n|-damage|p2a: Annihilape|94\/100 brn|[from] brn\n|upkeep\n|turn|12\n|\n|t:|1698115558\n|move|p1a: Mandibuzz|Knock Off|p2a: Annihilape\n|-end|p2a: Annihilape|Substitute\n|move|p2a: Annihilape|Drain Punch|p1a: Mandibuzz\n|-damage|p1a: Mandibuzz|0 fnt\n|-heal|p2a: Annihilape|100\/100 brn|[from] drain|[of] p1a: Mandibuzz\n|faint|p1a: Mandibuzz\n|\n|-damage|p2a: Annihilape|94\/100 brn|[from] brn\n|upkeep\n|\n|t:|1698115562\n|switch|p1a: Clodsire|Clodsire, M|100\/100\n|turn|13\n|\n|t:|1698115566\n|move|p2a: Annihilape|Rage Fist|p1a: Clodsire\n|-damage|p1a: Clodsire|26\/100\n|move|p1a: Clodsire|Haze|p1a: Clodsire\n|-clearallboost\n|\n|-heal|p2a: Annihilape|100\/100 brn|[from] item: Leftovers\n|-heal|p1a: Clodsire|32\/100|[from] item: Leftovers\n|-damage|p2a: Annihilape|94\/100 brn|[from] brn\n|upkeep\n|turn|14\n|\n|t:|1698115572\n|move|p2a: Annihilape|Rage Fist|p1a: Clodsire\n|-damage|p1a: Clodsire|4\/100\n|move|p1a: Clodsire|Recover|p1a: Clodsire\n|-heal|p1a: Clodsire|54\/100\n|\n|-heal|p2a: Annihilape|100\/100 brn|[from] item: Leftovers\n|-heal|p1a: Clodsire|60\/100|[from] item: Leftovers\n|-damage|p2a: Annihilape|94\/100 brn|[from] brn\n|upkeep\n|turn|15\n|\n|t:|1698115576\n|move|p2a: Annihilape|Bulk Up|p2a: Annihilape\n|-boost|p2a: Annihilape|atk|1\n|-boost|p2a: Annihilape|def|1\n|move|p1a: Clodsire|Haze|p1a: Clodsire\n|-clearallboost\n|\n|-heal|p2a: Annihilape|100\/100 brn|[from] item: Leftovers\n|-heal|p1a: Clodsire|66\/100|[from] item: Leftovers\n|-damage|p2a: Annihilape|94\/100 brn|[from] brn\n|upkeep\n|turn|16\n|\n|t:|1698115590\n|switch|p2a: Gyarados|Gyarados, F|100\/100\n|move|p1a: Clodsire|Haze|p1a: Clodsire\n|-clearallboost\n|\n|-heal|p1a: Clodsire|72\/100|[from] item: Leftovers\n|upkeep\n|turn|17\n|\n|t:|1698115594\n|switch|p1a: Avalugg|Avalugg, M|76\/100\n|move|p2a: Gyarados|Dragon Dance|p2a: Gyarados\n|-boost|p2a: Gyarados|atk|1\n|-boost|p2a: Gyarados|spe|1\n|\n|upkeep\n|turn|18\n|\n|t:|1698115598\n|move|p2a: Gyarados|Body Slam|p1a: Avalugg\n|-damage|p1a: Avalugg|60\/100\n|-status|p1a: Avalugg|par\n|move|p1a: Avalugg|Avalanche|p2a: Gyarados\n|-damage|p2a: Gyarados|42\/100\n|\n|upkeep\n|turn|19\n|\n|t:|1698115605\n|switch|p2a: Houndoom|Houndoom, F|100\/100\n|-damage|p2a: Houndoom|88\/100|[from] Spikes\n|cant|p1a: Avalugg|par\n|\n|upkeep\n|turn|20\n|j| ShionShadows\n|\n|t:|1698115612\n|switch|p1a: Chansey|Chansey, F|100\/100\n|move|p2a: Houndoom|Crunch|p1a: Chansey\n|-damage|p1a: Chansey|69\/100\n|-unboost|p1a: Chansey|def|1\n|-damage|p2a: Houndoom|78\/100|[from] item: Life Orb\n|\n|-heal|p1a: Chansey|75\/100|[from] item: Leftovers\n|upkeep\n|turn|21\n|\n|t:|1698115616\n|move|p2a: Houndoom|Crunch|p1a: Chansey\n|-damage|p1a: Chansey|29\/100\n|-damage|p2a: Houndoom|68\/100|[from] item: Life Orb\n|move|p1a: Chansey|Soft-Boiled|p1a: Chansey\n|-heal|p1a: Chansey|79\/100\n|\n|-heal|p1a: Chansey|85\/100|[from] item: Leftovers\n|upkeep\n|turn|22\n|\n|t:|1698115624\n|switch|p1a: Garganacl|Garganacl, F|100\/100\n|move|p2a: Houndoom|Crunch|p1a: Garganacl\n|-damage|p1a: Garganacl|74\/100\n|-unboost|p1a: Garganacl|def|1\n|-damage|p2a: Houndoom|58\/100|[from] item: Life Orb\n|\n|upkeep\n|turn|23\n|\n|t:|1698115633\n|switch|p2a: Sandaconda|Sandaconda, F|100\/100\n|-damage|p2a: Sandaconda|88\/100|[from] Spikes\n|move|p1a: Garganacl|Stealth Rock|p2a: Sandaconda\n|-sidestart|p2: kwesty|move: Stealth Rock\n|\n|-heal|p2a: Sandaconda|94\/100|[from] item: Leftovers\n|upkeep\n|turn|24\n|\n|t:|1698115638\n|switch|p1a: Groudon|Groudon|52\/100 tox\n|move|p2a: Sandaconda|Glare||[still]\n|-fail|p2a: Sandaconda\n|\n|-heal|p2a: Sandaconda|99\/100|[from] item: Leftovers\n|-heal|p1a: Groudon|65\/100 tox|[from] ability: Poison Heal\n|upkeep\n|turn|25\n|\n|t:|1698115643\n|switch|p2a: Houndoom|Houndoom, F|58\/100\n|-damage|p2a: Houndoom|46\/100|[from] Spikes\n|-damage|p2a: Houndoom|21\/100|[from] Stealth Rock\n|move|p1a: Groudon|Will-O-Wisp|p2a: Houndoom\n|-immune|p2a: Houndoom\n|\n|-heal|p1a: Groudon|77\/100 tox|[from] ability: Poison Heal\n|upkeep\n|turn|26\n|\n|t:|1698115647\n|switch|p1a: Garganacl|Garganacl, F|100\/100\n|move|p2a: Houndoom|Dark Pulse|p1a: Garganacl\n|-damage|p1a: Garganacl|61\/100\n|-damage|p2a: Houndoom|11\/100|[from] item: Life Orb\n|\n|upkeep\n|turn|27\n|\n|t:|1698115652\n|move|p2a: Houndoom|Dark Pulse|p1a: Garganacl\n|-damage|p1a: Garganacl|23\/100\n|-damage|p2a: Houndoom|1\/100|[from] item: Life Orb\n|cant|p1a: Garganacl|flinch\n|\n|upkeep\n|turn|28\n|\n|t:|1698115656\n|switch|p1a: Chansey|Chansey, F|85\/100\n|move|p2a: Houndoom|Crunch|p1a: Chansey\n|-damage|p1a: Chansey|55\/100\n|-damage|p2a: Houndoom|0 fnt|[from] item: Life Orb\n|faint|p2a: Houndoom\n|\n|-heal|p1a: Chansey|62\/100|[from] item: Leftovers\n|upkeep\n|\n|t:|1698115660\n|switch|p2a: Pawmot|Pawmot, M|100\/100\n|-damage|p2a: Pawmot|94\/100|[from] Stealth Rock\n|turn|29\n|\n|t:|1698115665\n|switch|p1a: Groudon|Groudon|77\/100 tox\n|move|p2a: Pawmot|Revival Blessing|p2a: Pawmot\n|-enditem|p2a: Pawmot|Leppa Berry|[eat]\n|-activate|p2a: Pawmot|item: Leppa Berry|Revival Blessing|[consumed]\n|\n|t:|1698115671\n|-heal|p2: Leavanny|50\/100|[from] move: Revival Blessing\n|\n|-heal|p1a: Groudon|90\/100 tox|[from] ability: Poison Heal\n|upkeep\n|turn|30\n|\n|t:|1698115675\n|switch|p2a: Gyarados|Gyarados, F|42\/100\n|move|p1a: Groudon|Will-O-Wisp|p2a: Gyarados\n|-status|p2a: Gyarados|brn\n|\n|-heal|p1a: Groudon|100\/100 tox|[from] ability: Poison Heal\n|-damage|p2a: Gyarados|36\/100 brn|[from] brn\n|upkeep\n|turn|31\n|\n|t:|1698115679\n|move|p2a: Gyarados|Waterfall|p1a: Groudon\n|-supereffective|p1a: Groudon\n|-damage|p1a: Groudon|79\/100 tox\n|move|p1a: Groudon|Spikes|p2a: Gyarados\n|-sidestart|p2: kwesty|Spikes\n|\n|-heal|p1a: Groudon|92\/100 tox|[from] ability: Poison Heal\n|-damage|p2a: Gyarados|30\/100 brn|[from] brn\n|upkeep\n|turn|32\n|\n|t:|1698115684\n|move|p2a: Gyarados|Waterfall|p1a: Groudon\n|-supereffective|p1a: Groudon\n|-damage|p1a: Groudon|72\/100 tox\n|cant|p1a: Groudon|flinch\n|\n|-heal|p1a: Groudon|85\/100 tox|[from] ability: Poison Heal\n|-damage|p2a: Gyarados|24\/100 brn|[from] brn\n|upkeep\n|turn|33\n|\n|t:|1698115689\n|move|p2a: Gyarados|Waterfall|p1a: Groudon\n|-supereffective|p1a: Groudon\n|-damage|p1a: Groudon|61\/100 tox\n|move|p1a: Groudon|Spikes|p2a: Gyarados\n|-sidestart|p2: kwesty|Spikes\n|\n|-heal|p1a: Groudon|74\/100 tox|[from] ability: Poison Heal\n|-damage|p2a: Gyarados|18\/100 brn|[from] brn\n|upkeep\n|turn|34\n|\n|t:|1698115695\n|switch|p1a: Avalugg|Avalugg, M|60\/100 par\n|move|p2a: Gyarados|Body Slam|p1a: Avalugg\n|-damage|p1a: Avalugg|55\/100 par\n|\n|-damage|p2a: Gyarados|12\/100 brn|[from] brn\n|upkeep\n|turn|35\n|\n|t:|1698115700\n|move|p2a: Gyarados|Body Slam|p1a: Avalugg\n|-damage|p1a: Avalugg|50\/100 par\n|move|p1a: Avalugg|Recover|p1a: Avalugg\n|-heal|p1a: Avalugg|99\/100 par\n|\n|-damage|p2a: Gyarados|6\/100 brn|[from] brn\n|upkeep\n|turn|36\n|\n|t:|1698115703\n|switch|p1a: Groudon|Groudon|74\/100 tox\n|move|p2a: Gyarados|Waterfall|p1a: Groudon\n|-supereffective|p1a: Groudon\n|-damage|p1a: Groudon|54\/100 tox\n|\n|-heal|p1a: Groudon|66\/100 tox|[from] ability: Poison Heal\n|-damage|p2a: Gyarados|0 fnt|[from] brn\n|faint|p2a: Gyarados\n|upkeep\n|\n|t:|1698115707\n|switch|p2a: Annihilape|Annihilape, M|94\/100 brn\n|-damage|p2a: Annihilape|70\/100 brn|[from] Spikes\n|-damage|p2a: Annihilape|63\/100 brn|[from] Stealth Rock\n|turn|37\n|\n|t:|1698115718\n|move|p1a: Groudon|Earthquake|p2a: Annihilape\n|-damage|p2a: Annihilape|12\/100 brn\n|move|p2a: Annihilape|Bulk Up|p2a: Annihilape\n|-boost|p2a: Annihilape|atk|1\n|-boost|p2a: Annihilape|def|1\n|\n|-heal|p2a: Annihilape|18\/100 brn|[from] item: Leftovers\n|-heal|p1a: Groudon|78\/100 tox|[from] ability: Poison Heal\n|-damage|p2a: Annihilape|12\/100 brn|[from] brn\n|upkeep\n|turn|38\n|inactive|kwesty has 120 seconds left.\n|\n|t:|1698115755\n|-terastallize|p2a: Annihilape|Fighting\n|move|p1a: Groudon|Earthquake|p2a: Annihilape\n|-damage|p2a: Annihilape|0 fnt\n|faint|p2a: Annihilape\n|\n|-heal|p1a: Groudon|91\/100 tox|[from] ability: Poison Heal\n|upkeep\n|c|\u2606kwesty|speed tie is\n|c|\u2606kwesty|crazy\n|\n|t:|1698115775\n|switch|p2a: Leavanny|Leavanny, M|50\/100\n|turn|39\n|c|\u2606Pure Hackmons|rip\n|c|\u2606Pure Hackmons|probably still killed tho\n|\n|t:|1698115788\n|move|p2a: Leavanny|Leaf Blade|p1a: Groudon\n|-supereffective|p1a: Groudon\n|-damage|p1a: Groudon|29\/100 tox\n|move|p1a: Groudon|Will-O-Wisp|p2a: Leavanny\n|-status|p2a: Leavanny|brn\n|\n|-heal|p1a: Groudon|42\/100 tox|[from] ability: Poison Heal\n|-damage|p2a: Leavanny|44\/100 brn|[from] brn\n|upkeep\n|turn|40\n|c|\u2606kwesty|ik\n|\n|t:|1698115798\n|switch|p1a: Avalugg|Avalugg, M|99\/100 par\n|move|p2a: Leavanny|Swords Dance|p2a: Leavanny\n|-boost|p2a: Leavanny|atk|2\n|\n|-damage|p2a: Leavanny|38\/100 brn|[from] brn\n|upkeep\n|turn|41\n|\n|t:|1698115804\n|move|p2a: Leavanny|Leaf Blade|p1a: Avalugg\n|-damage|p1a: Avalugg|87\/100 par\n|move|p1a: Avalugg|Avalanche|p2a: Leavanny\n|-supereffective|p2a: Leavanny\n|-damage|p2a: Leavanny|0 fnt\n|faint|p2a: Leavanny\n|\n|upkeep\n|\n|t:|1698115809\n|switch|p2a: Pawmot|Pawmot, M|94\/100\n|-damage|p2a: Pawmot|88\/100|[from] Stealth Rock\n|turn|42\n|\n|t:|1698115821\n|-terastallize|p1a: Avalugg|Fairy\n|move|p2a: Pawmot|Revival Blessing|p2a: Pawmot\n|\n|t:|1698115826\n|-heal|p2: Annihilape|50\/100|[from] move: Revival Blessing\n|move|p1a: Avalugg|Body Press|p2a: Pawmot\n|-damage|p2a: Pawmot|34\/100\n|\n|upkeep\n|turn|43\n|\n|t:|1698115832\n|move|p2a: Pawmot|Double Shock|p1a: Avalugg\n|-damage|p1a: Avalugg|76\/100 par\n|-start|p2a: Pawmot|typechange|???\/Fighting|[from] move: Double Shock\n|move|p1a: Avalugg|Recover|p1a: Avalugg\n|-heal|p1a: Avalugg|100\/100 par\n|\n|upkeep\n|turn|44\n|\n|t:|1698115838\n|move|p2a: Pawmot|Bulk Up|p2a: Pawmot\n|-boost|p2a: Pawmot|atk|1\n|-boost|p2a: Pawmot|def|1\n|move|p1a: Avalugg|Body Press|p2a: Pawmot\n|-crit|p2a: Pawmot\n|-damage|p2a: Pawmot|0 fnt\n|faint|p2a: Pawmot\n|\n|upkeep\n|\n|t:|1698115845\n|switch|p2a: Annihilape|Annihilape, M|50\/100\n|-damage|p2a: Annihilape|26\/100|[from] Spikes\n|-damage|p2a: Annihilape|19\/100|[from] Stealth Rock\n|turn|45\n|\n|t:|1698115852\n|move|p2a: Annihilape|Rage Fist|p1a: Avalugg\n|-damage|p1a: Avalugg|90\/100 par\n|move|p1a: Avalugg|Avalanche|p2a: Annihilape\n|-damage|p2a: Annihilape|0 fnt\n|faint|p2a: Annihilape\n|\n|upkeep\n|\n|t:|1698115856\n|switch|p2a: Sandaconda|Sandaconda, F|99\/100\n|-damage|p2a: Sandaconda|75\/100|[from] Spikes\n|-damage|p2a: Sandaconda|69\/100|[from] Stealth Rock\n|turn|46\n|\n|t:|1698115862\n|switch|p1a: Groudon|Groudon|42\/100 tox\n|move|p2a: Sandaconda|Coil|p2a: Sandaconda\n|-boost|p2a: Sandaconda|atk|1\n|-boost|p2a: Sandaconda|def|1\n|-boost|p2a: Sandaconda|accuracy|1\n|\n|-heal|p2a: Sandaconda|75\/100|[from] item: Leftovers\n|-heal|p1a: Groudon|54\/100 tox|[from] ability: Poison Heal\n|upkeep\n|turn|47\n|\n|t:|1698115869\n|move|p2a: Sandaconda|Earthquake|p1a: Groudon\n|-crit|p1a: Groudon\n|-damage|p1a: Groudon|10\/100 tox\n|move|p1a: Groudon|Will-O-Wisp|p2a: Sandaconda|[miss]\n|-miss|p1a: Groudon|p2a: Sandaconda\n|\n|-heal|p2a: Sandaconda|81\/100|[from] item: Leftovers\n|-heal|p1a: Groudon|22\/100 tox|[from] ability: Poison Heal\n|upkeep\n|turn|48\n|\n|t:|1698115882\n|switch|p1a: Avalugg|Avalugg, M, tera:Fairy|90\/100 par\n|move|p2a: Sandaconda|Earthquake|p1a: Avalugg\n|-damage|p1a: Avalugg|78\/100 par\n|\n|-heal|p2a: Sandaconda|87\/100|[from] item: Leftovers\n|upkeep\n|turn|49\n|\n|t:|1698115888\n|switch|p1a: Groudon|Groudon|22\/100 tox\n|move|p2a: Sandaconda|Coil|p2a: Sandaconda\n|-boost|p2a: Sandaconda|atk|1\n|-boost|p2a: Sandaconda|def|1\n|-boost|p2a: Sandaconda|accuracy|1\n|\n|-heal|p2a: Sandaconda|93\/100|[from] item: Leftovers\n|-heal|p1a: Groudon|34\/100 tox|[from] ability: Poison Heal\n|upkeep\n|turn|50\n|\n|t:|1698115893\n|switch|p1a: Avalugg|Avalugg, M, tera:Fairy|78\/100 par\n|move|p2a: Sandaconda|Earthquake|p1a: Avalugg\n|-damage|p1a: Avalugg|63\/100 par\n|\n|-heal|p2a: Sandaconda|99\/100|[from] item: Leftovers\n|upkeep\n|turn|51\n|\n|t:|1698115899\n|move|p2a: Sandaconda|Earthquake|p1a: Avalugg\n|-damage|p1a: Avalugg|48\/100 par\n|move|p1a: Avalugg|Avalanche|p2a: Sandaconda\n|-supereffective|p2a: Sandaconda\n|-damage|p2a: Sandaconda|63\/100\n|\n|-heal|p2a: Sandaconda|69\/100|[from] item: Leftovers\n|upkeep\n|turn|52\n|\n|t:|1698115902\n|move|p2a: Sandaconda|Coil|p2a: Sandaconda\n|-boost|p2a: Sandaconda|atk|1\n|-boost|p2a: Sandaconda|def|1\n|-boost|p2a: Sandaconda|accuracy|1\n|move|p1a: Avalugg|Recover|p1a: Avalugg\n|-heal|p1a: Avalugg|98\/100 par\n|\n|-heal|p2a: Sandaconda|75\/100|[from] item: Leftovers\n|upkeep\n|turn|53\n|\n|t:|1698115905\n|switch|p1a: Garganacl|Garganacl, F|56\/100\n|move|p2a: Sandaconda|Coil|p2a: Sandaconda\n|-boost|p2a: Sandaconda|atk|1\n|-boost|p2a: Sandaconda|def|1\n|-boost|p2a: Sandaconda|accuracy|1\n|\n|-heal|p2a: Sandaconda|81\/100|[from] item: Leftovers\n|upkeep\n|turn|54\n|\n|t:|1698115908\n|switch|p1a: Avalugg|Avalugg, M, tera:Fairy|98\/100 par\n|move|p2a: Sandaconda|Earthquake|p1a: Avalugg\n|-damage|p1a: Avalugg|73\/100 par\n|\n|-heal|p2a: Sandaconda|87\/100|[from] item: Leftovers\n|upkeep\n|turn|55\n|\n|t:|1698115916\n|switch|p1a: Garganacl|Garganacl, F|89\/100\n|move|p2a: Sandaconda|Coil|p2a: Sandaconda\n|-boost|p2a: Sandaconda|atk|1\n|-boost|p2a: Sandaconda|def|1\n|-boost|p2a: Sandaconda|accuracy|1\n|\n|-heal|p2a: Sandaconda|93\/100|[from] item: Leftovers\n|upkeep\n|turn|56\n|\n|t:|1698115920\n|move|p2a: Sandaconda|Earthquake|p1a: Garganacl\n|-supereffective|p1a: Garganacl\n|-damage|p1a: Garganacl|0 fnt\n|faint|p1a: Garganacl\n|\n|-heal|p2a: Sandaconda|99\/100|[from] item: Leftovers\n|upkeep\n|\n|t:|1698115925\n|switch|p1a: Chansey|Chansey, F|62\/100\n|turn|57\n|\n|t:|1698115932\n|move|p2a: Sandaconda|Stone Edge|p1a: Chansey|[miss]\n|-miss|p2a: Sandaconda|p1a: Chansey\n|move|p1a: Chansey|Soft-Boiled|p1a: Chansey\n|-heal|p1a: Chansey|100\/100\n|\n|-heal|p2a: Sandaconda|100\/100|[from] item: Leftovers\n|upkeep\n|turn|58\n|c|\u2606kwesty|:(\n|\n|t:|1698115944\n|move|p2a: Sandaconda|Earthquake|p1a: Chansey\n|-damage|p1a: Chansey|70\/100\n|move|p1a: Chansey|Heal Bell|p1a: Chansey\n|-activate|p1a: Chansey|move: Heal Bell\n|-curestatus|p1: Avalugg|par|[msg]\n|-curestatus|p1: Groudon|tox|[msg]\n|\n|-heal|p1a: Chansey|77\/100|[from] item: Leftovers\n|upkeep\n|turn|59\n|\n|t:|1698115954\n|move|p2a: Sandaconda|Glare|p1a: Chansey\n|-status|p1a: Chansey|par\n|move|p1a: Chansey|Soft-Boiled|p1a: Chansey\n|-heal|p1a: Chansey|100\/100 par\n|\n|upkeep\n|turn|60\n|\n|t:|1698115958\n|move|p2a: Sandaconda|Stone Edge|p1a: Chansey\n|-damage|p1a: Chansey|78\/100 par\n|move|p1a: Chansey|Seismic Toss|p2a: Sandaconda\n|-damage|p2a: Sandaconda|72\/100\n|\n|-heal|p2a: Sandaconda|78\/100|[from] item: Leftovers\n|-heal|p1a: Chansey|84\/100 par|[from] item: Leftovers\n|upkeep\n|turn|61\n|\n|t:|1698115963\n|move|p2a: Sandaconda|Stone Edge|p1a: Chansey\n|-damage|p1a: Chansey|64\/100 par\n|move|p1a: Chansey|Seismic Toss|p2a: Sandaconda\n|-damage|p2a: Sandaconda|49\/100\n|\n|-heal|p2a: Sandaconda|55\/100|[from] item: Leftovers\n|-heal|p1a: Chansey|71\/100 par|[from] item: Leftovers\n|upkeep\n|turn|62\n|\n|t:|1698115967\n|move|p2a: Sandaconda|Earthquake|p1a: Chansey\n|-damage|p1a: Chansey|35\/100 par\n|move|p1a: Chansey|Soft-Boiled|p1a: Chansey\n|-heal|p1a: Chansey|85\/100 par\n|\n|-heal|p2a: Sandaconda|61\/100|[from] item: Leftovers\n|-heal|p1a: Chansey|92\/100 par|[from] item: Leftovers\n|upkeep\n|turn|63\n|\n|t:|1698115973\n|move|p2a: Sandaconda|Stone Edge|p1a: Chansey\n|-damage|p1a: Chansey|69\/100 par\n|cant|p1a: Chansey|par\n|\n|-heal|p2a: Sandaconda|67\/100|[from] item: Leftovers\n|-heal|p1a: Chansey|75\/100 par|[from] item: Leftovers\n|upkeep\n|turn|64\n|\n|t:|1698115978\n|move|p2a: Sandaconda|Earthquake|p1a: Chansey\n|-damage|p1a: Chansey|44\/100 par\n|cant|p1a: Chansey|par\n|\n|-heal|p2a: Sandaconda|73\/100|[from] item: Leftovers\n|-heal|p1a: Chansey|50\/100 par|[from] item: Leftovers\n|upkeep\n|turn|65\n|\n|t:|1698115981\n|move|p2a: Sandaconda|Stone Edge|p1a: Chansey\n|-damage|p1a: Chansey|28\/100 par\n|move|p1a: Chansey|Soft-Boiled|p1a: Chansey\n|-heal|p1a: Chansey|78\/100 par\n|\n|-heal|p2a: Sandaconda|79\/100|[from] item: Leftovers\n|-heal|p1a: Chansey|84\/100 par|[from] item: Leftovers\n|upkeep\n|turn|66\n|\n|t:|1698115986\n|move|p2a: Sandaconda|Glare|p1a: Chansey\n|-fail|p1a: Chansey|par\n|cant|p1a: Chansey|par\n|\n|-heal|p2a: Sandaconda|85\/100|[from] item: Leftovers\n|-heal|p1a: Chansey|90\/100 par|[from] item: Leftovers\n|upkeep\n|turn|67\n|\n|t:|1698115989\n|move|p2a: Sandaconda|Stone Edge|p1a: Chansey\n|-damage|p1a: Chansey|70\/100 par\n|move|p1a: Chansey|Seismic Toss|p2a: Sandaconda\n|-damage|p2a: Sandaconda|57\/100\n|\n|-heal|p2a: Sandaconda|63\/100|[from] item: Leftovers\n|-heal|p1a: Chansey|76\/100 par|[from] item: Leftovers\n|upkeep\n|turn|68\n|\n|t:|1698115993\n|move|p2a: Sandaconda|Earthquake|p1a: Chansey\n|-damage|p1a: Chansey|43\/100 par\n|move|p1a: Chansey|Seismic Toss|p2a: Sandaconda\n|-damage|p2a: Sandaconda|34\/100\n|\n|-heal|p2a: Sandaconda|40\/100|[from] item: Leftovers\n|-heal|p1a: Chansey|49\/100 par|[from] item: Leftovers\n|upkeep\n|turn|69\n|\n|t:|1698115996\n|move|p2a: Sandaconda|Earthquake|p1a: Chansey\n|-damage|p1a: Chansey|16\/100 par\n|cant|p1a: Chansey|par\n|\n|-heal|p2a: Sandaconda|46\/100|[from] item: Leftovers\n|-heal|p1a: Chansey|22\/100 par|[from] item: Leftovers\n|upkeep\n|turn|70\n|\n|t:|1698116000\n|switch|p1a: Groudon|Groudon|34\/100\n|move|p2a: Sandaconda|Earthquake|p1a: Groudon\n|-damage|p1a: Groudon|0 fnt\n|faint|p1a: Groudon\n|\n|-heal|p2a: Sandaconda|52\/100|[from] item: Leftovers\n|upkeep\n|\n|t:|1698116002\n|switch|p1a: Chansey|Chansey, F|22\/100 par\n|turn|71\n|\n|t:|1698116005\n|switch|p1a: Clodsire|Clodsire, M|72\/100\n|move|p2a: Sandaconda|Earthquake|p1a: Clodsire\n|-supereffective|p1a: Clodsire\n|-damage|p1a: Clodsire|0 fnt\n|faint|p1a: Clodsire\n|\n|-heal|p2a: Sandaconda|58\/100|[from] item: Leftovers\n|upkeep\n|\n|t:|1698116006\n|switch|p1a: Avalugg|Avalugg, M, tera:Fairy|73\/100\n|turn|72\n|\n|t:|1698116010\n|move|p2a: Sandaconda|Glare|p1a: Avalugg\n|-status|p1a: Avalugg|par\n|move|p1a: Avalugg|Recover|p1a: Avalugg\n|-heal|p1a: Avalugg|100\/100 par\n|\n|-heal|p2a: Sandaconda|64\/100|[from] item: Leftovers\n|upkeep\n|turn|73\n|\n|t:|1698116014\n|move|p2a: Sandaconda|Coil|p2a: Sandaconda\n|-boost|p2a: Sandaconda|atk|1\n|-boost|p2a: Sandaconda|def|1\n|-boost|p2a: Sandaconda|accuracy|1\n|move|p1a: Avalugg|Body Press|p2a: Sandaconda\n|-damage|p2a: Sandaconda|56\/100\n|\n|-heal|p2a: Sandaconda|62\/100|[from] item: Leftovers\n|upkeep\n|turn|74\n|\n|t:|1698116019\n|move|p2a: Sandaconda|Stone Edge|p1a: Avalugg\n|-damage|p1a: Avalugg|79\/100 par\n|move|p1a: Avalugg|Rapid Spin|p2a: Sandaconda\n|-damage|p2a: Sandaconda|59\/100\n|-boost|p1a: Avalugg|spe|1\n|\n|-heal|p2a: Sandaconda|65\/100|[from] item: Leftovers\n|upkeep\n|turn|75\n|\n|t:|1698116027\n|move|p2a: Sandaconda|Coil|p2a: Sandaconda\n|-boost|p2a: Sandaconda|atk|0\n|-boost|p2a: Sandaconda|def|0\n|-boost|p2a: Sandaconda|accuracy|0\n|move|p1a: Avalugg|Recover|p1a: Avalugg\n|-heal|p1a: Avalugg|100\/100 par\n|\n|-heal|p2a: Sandaconda|71\/100|[from] item: Leftovers\n|upkeep\n|turn|76\n|\n|t:|1698116032\n|move|p2a: Sandaconda|Coil|p2a: Sandaconda\n|-boost|p2a: Sandaconda|atk|0\n|-boost|p2a: Sandaconda|def|0\n|-boost|p2a: Sandaconda|accuracy|0\n|move|p1a: Avalugg|Rapid Spin|p2a: Sandaconda\n|-damage|p2a: Sandaconda|68\/100\n|-boost|p1a: Avalugg|spe|1\n|\n|-heal|p2a: Sandaconda|74\/100|[from] item: Leftovers\n|upkeep\n|turn|77\n|\n|t:|1698116041\n|move|p2a: Sandaconda|Coil|p2a: Sandaconda\n|-boost|p2a: Sandaconda|atk|0\n|-boost|p2a: Sandaconda|def|0\n|-boost|p2a: Sandaconda|accuracy|0\n|move|p1a: Avalugg|Rapid Spin|p2a: Sandaconda\n|-damage|p2a: Sandaconda|71\/100\n|-boost|p1a: Avalugg|spe|1\n|\n|-heal|p2a: Sandaconda|78\/100|[from] item: Leftovers\n|upkeep\n|turn|78\n|\n|t:|1698116047\n|move|p2a: Sandaconda|Glare|p1a: Avalugg\n|-fail|p1a: Avalugg|par\n|move|p1a: Avalugg|Rapid Spin|p2a: Sandaconda\n|-damage|p2a: Sandaconda|74\/100\n|-boost|p1a: Avalugg|spe|1\n|\n|-heal|p2a: Sandaconda|80\/100|[from] item: Leftovers\n|upkeep\n|turn|79\n|\n|t:|1698116049\n|move|p2a: Sandaconda|Glare|p1a: Avalugg\n|-fail|p1a: Avalugg|par\n|move|p1a: Avalugg|Rapid Spin|p2a: Sandaconda\n|-damage|p2a: Sandaconda|77\/100\n|-boost|p1a: Avalugg|spe|1\n|\n|-heal|p2a: Sandaconda|83\/100|[from] item: Leftovers\n|upkeep\n|turn|80\n|\n|t:|1698116052\n|move|p1a: Avalugg|Rapid Spin|p2a: Sandaconda\n|-damage|p2a: Sandaconda|80\/100\n|-boost|p1a: Avalugg|spe|1\n|move|p2a: Sandaconda|Glare|p1a: Avalugg\n|-fail|p1a: Avalugg|par\n|\n|-heal|p2a: Sandaconda|86\/100|[from] item: Leftovers\n|upkeep\n|turn|81\n|\n|t:|1698116057\n|cant|p1a: Avalugg|par\n|move|p2a: Sandaconda|Glare|p1a: Avalugg\n|-fail|p1a: Avalugg|par\n|\n|-heal|p2a: Sandaconda|92\/100|[from] item: Leftovers\n|upkeep\n|turn|82\n|\n|t:|1698116060\n|move|p1a: Avalugg|Rapid Spin|p2a: Sandaconda\n|-damage|p2a: Sandaconda|89\/100\n|move|p2a: Sandaconda|Glare|p1a: Avalugg\n|-fail|p1a: Avalugg|par\n|\n|-heal|p2a: Sandaconda|95\/100|[from] item: Leftovers\n|upkeep\n|turn|83\n|\n|t:|1698116064\n|move|p1a: Avalugg|Rapid Spin|p2a: Sandaconda\n|-damage|p2a: Sandaconda|92\/100\n|move|p2a: Sandaconda|Glare|p1a: Avalugg\n|-fail|p1a: Avalugg|par\n|\n|-heal|p2a: Sandaconda|98\/100|[from] item: Leftovers\n|upkeep\n|turn|84\n|\n|t:|1698116067\n|move|p1a: Avalugg|Rapid Spin|p2a: Sandaconda\n|-crit|p2a: Sandaconda\n|-damage|p2a: Sandaconda|81\/100\n|move|p2a: Sandaconda|Glare|p1a: Avalugg\n|-fail|p1a: Avalugg|par\n|\n|-heal|p2a: Sandaconda|87\/100|[from] item: Leftovers\n|upkeep\n|turn|85\n|\n|t:|1698116071\n|cant|p1a: Avalugg|par\n|move|p2a: Sandaconda|Glare|p1a: Avalugg\n|-fail|p1a: Avalugg|par\n|\n|-heal|p2a: Sandaconda|93\/100|[from] item: Leftovers\n|upkeep\n|turn|86\n|\n|t:|1698116092\n|move|p1a: Avalugg|Rapid Spin|p2a: Sandaconda\n|-damage|p2a: Sandaconda|90\/100\n|move|p2a: Sandaconda|Stone Edge|p1a: Avalugg\n|-damage|p1a: Avalugg|78\/100 par\n|\n|-heal|p2a: Sandaconda|96\/100|[from] item: Leftovers\n|upkeep\n|turn|87\n|\n|t:|1698116111\n|move|p1a: Avalugg|Rapid Spin|p2a: Sandaconda\n|-damage|p2a: Sandaconda|93\/100\n|move|p2a: Sandaconda|Earthquake|p1a: Avalugg\n|-damage|p1a: Avalugg|49\/100 par\n|\n|-heal|p2a: Sandaconda|99\/100|[from] item: Leftovers\n|upkeep\n|turn|88\n|c|\u2606kwesty|gg bruh\n|c|\u2606Pure Hackmons|g_g\n|c|\u2606kwesty|i need mold breaker\n|\n|t:|1698116122\n|move|p1a: Avalugg|Recover|p1a: Avalugg\n|-heal|p1a: Avalugg|99\/100 par\n|move|p2a: Sandaconda|Earthquake|p1a: Avalugg\n|-damage|p1a: Avalugg|65\/100 par\n|\n|-heal|p2a: Sandaconda|100\/100|[from] item: Leftovers\n|upkeep\n|turn|89\n|\n|t:|1698116125\n|cant|p1a: Avalugg|par\n|move|p2a: Sandaconda|Earthquake|p1a: Avalugg\n|-damage|p1a: Avalugg|33\/100 par\n|\n|upkeep\n|turn|90\n|-message|kwesty forfeited.\n|\n|win|Pure Hackmons\n|n|\u2606Pure Hackmons|purehackmons\n|n|\u2606kwesty|kwesty\n|n| ShionShadows|shionshadows\n|l|\u2606kwesty\n","uploadtime":1698116129,"views":14,"p1id":"purehackmons","p2id":"kwesty","formatid":"gen9anythinggoes","rating":0,"private":0,"password":""}