{"id":"gen9anythinggoes-1993846332","p1":"saru_bean","p2":"4stepstomakeumad","format":"[Gen 9] Anything Goes","log":"|j|\u2606saru_bean\n|j|\u26064stepstomakeumad\n|t:|1700364610\n|gametype|singles\n|player|p1|saru_bean|erbie-unite|1290\n|player|p2|4stepstomakeumad|266|1427\n|teamsize|p1|6\n|teamsize|p2|6\n|gen|9\n|tier|[Gen 9] Anything Goes\n|rated|\n|rule|HP Percentage Mod: HP is shown in percentages\n|rule|Endless Battle Clause: Forcing endless battles is banned\n|clearpoke\n|poke|p1|Garganacl, M|\n|poke|p1|Cinderace, F|\n|poke|p1|Dragapult, F|\n|poke|p1|Kingambit, M|\n|poke|p1|Ursaluna-Bloodmoon, M|\n|poke|p1|Espathra, F|\n|poke|p2|Calyrex-Shadow|\n|poke|p2|Eternatus|\n|poke|p2|Arceus|\n|poke|p2|Lilligant-Hisui, F|\n|poke|p2|Drifblim, M|\n|poke|p2|Furret, F|\n|teampreview\n|inactive|Battle timer is ON: inactive players will automatically lose when time's up. (requested by 4stepstomakeumad)\n|\n|t:|1700364622\n|start\n|switch|p1a: Mother of 2|Dragapult, F|100\/100\n|switch|p2a: Drifblim|Drifblim, M|100\/100\n|turn|1\n|\n|t:|1700364629\n|move|p1a: Mother of 2|Dragon Dance|p1a: Mother of 2\n|-boost|p1a: Mother of 2|atk|1\n|-boost|p1a: Mother of 2|spe|1\n|move|p2a: Drifblim|Minimize|p2a: Drifblim\n|-boost|p2a: Drifblim|evasion|2\n|\n|upkeep\n|turn|2\n|\n|t:|1700364634\n|move|p1a: Mother of 2|Dragon Dance|p1a: Mother of 2\n|-boost|p1a: Mother of 2|atk|1\n|-boost|p1a: Mother of 2|spe|1\n|move|p2a: Drifblim|Minimize|p2a: Drifblim\n|-boost|p2a: Drifblim|evasion|2\n|\n|upkeep\n|turn|3\n|\n|t:|1700364641\n|move|p1a: Mother of 2|Baton Pass|p1a: Mother of 2\n|\n|t:|1700364642\n|switch|p1a: The Last Ronin|Kingambit, M|100\/100|[from] Baton Pass\n|move|p2a: Drifblim|Minimize|p2a: Drifblim\n|-boost|p2a: Drifblim|evasion|2\n|\n|upkeep\n|turn|4\n|\n|t:|1700364648\n|move|p1a: The Last Ronin|Kowtow Cleave|p2a: Drifblim\n|-supereffective|p2a: Drifblim\n|-enditem|p2a: Drifblim|Focus Sash\n|-damage|p2a: Drifblim|1\/100\n|move|p2a: Drifblim|Baton Pass|p2a: Drifblim\n|\n|t:|1700364651\n|switch|p2a: Calyrex|Calyrex-Shadow|100\/100|[from] Baton Pass\n|-ability|p2a: Calyrex|As One\n|-ability|p2a: Calyrex|Unnerve\n|\n|upkeep\n|turn|5\n|\n|t:|1700364661\n|move|p1a: The Last Ronin|Kowtow Cleave|p2a: Calyrex\n|-supereffective|p2a: Calyrex\n|-enditem|p2a: Calyrex|Focus Sash\n|-damage|p2a: Calyrex|1\/100\n|move|p2a: Calyrex|Nasty Plot|p2a: Calyrex\n|-boost|p2a: Calyrex|spa|2\n|\n|upkeep\n|turn|6\n|\n|t:|1700364669\n|move|p1a: The Last Ronin|Kowtow Cleave|p2a: Calyrex\n|-supereffective|p2a: Calyrex\n|-damage|p2a: Calyrex|0 fnt\n|faint|p2a: Calyrex\n|\n|upkeep\n|\n|t:|1700364672\n|switch|p2a: Arceus|Arceus|100\/100\n|turn|7\n|\n|t:|1700364675\n|-terastallize|p2a: Arceus|Normal\n|move|p2a: Arceus|Extreme Speed|p1a: The Last Ronin\n|-resisted|p1a: The Last Ronin\n|-damage|p1a: The Last Ronin|70\/100\n|move|p1a: The Last Ronin|Kowtow Cleave|p2a: Arceus\n|-damage|p2a: Arceus|36\/100\n|\n|upkeep\n|turn|8\n|\n|t:|1700364683\n|move|p2a: Arceus|Extreme Speed|p1a: The Last Ronin\n|-resisted|p1a: The Last Ronin\n|-damage|p1a: The Last Ronin|40\/100\n|move|p1a: The Last Ronin|Kowtow Cleave|p2a: Arceus\n|-damage|p2a: Arceus|0 fnt\n|faint|p2a: Arceus\n|\n|upkeep\n|\n|t:|1700364687\n|switch|p2a: Lilligant|Lilligant-Hisui, F|100\/100\n|turn|9\n|\n|t:|1700364694\n|-terastallize|p1a: The Last Ronin|Flying\n|move|p1a: The Last Ronin|Kowtow Cleave|p2a: Lilligant\n|-resisted|p2a: Lilligant\n|-damage|p2a: Lilligant|31\/100\n|move|p2a: Lilligant|Sleep Powder|p1a: The Last Ronin\n|-status|p1a: The Last Ronin|slp|[from] move: Sleep Powder\n|\n|upkeep\n|turn|10\n|\n|t:|1700364703\n|cant|p1a: The Last Ronin|slp\n|move|p2a: Lilligant|Victory Dance|p2a: Lilligant\n|-boost|p2a: Lilligant|atk|1\n|-boost|p2a: Lilligant|def|1\n|-boost|p2a: Lilligant|spe|1\n|\n|upkeep\n|turn|11\n|\n|t:|1700364710\n|cant|p1a: The Last Ronin|slp\n|move|p2a: Lilligant|Leaf Blade|p1a: The Last Ronin|[miss]\n|-miss|p2a: Lilligant|p1a: The Last Ronin\n|\n|upkeep\n|turn|12\n|\n|t:|1700364714\n|-curestatus|p1a: The Last Ronin|slp|[msg]\n|move|p1a: The Last Ronin|Kowtow Cleave|p2a: Lilligant\n|-resisted|p2a: Lilligant\n|-damage|p2a: Lilligant|0 fnt\n|faint|p2a: Lilligant\n|\n|upkeep\n|\n|t:|1700364720\n|switch|p2a: Furret|Furret, F|100\/100\n|turn|13\n|\n|t:|1700364723\n|move|p1a: The Last Ronin|Kowtow Cleave|p2a: Furret\n|-enditem|p2a: Furret|Focus Sash\n|-damage|p2a: Furret|1\/100\n|move|p2a: Furret|Tidy Up|p2a: Furret\n|-boost|p2a: Furret|atk|1\n|-boost|p2a: Furret|spe|1\n|\n|upkeep\n|turn|14\n|\n|t:|1700364729\n|move|p1a: The Last Ronin|Kowtow Cleave|p2a: Furret\n|-damage|p2a: Furret|0 fnt\n|faint|p2a: Furret\n|\n|upkeep\n|\n|t:|1700364731\n|switch|p2a: Eternatus|Eternatus|100\/100\n|-ability|p2a: Eternatus|Pressure\n|turn|15\n|\n|t:|1700364737\n|move|p1a: The Last Ronin|Kowtow Cleave|p2a: Eternatus\n|-damage|p2a: Eternatus|43\/100\n|move|p2a: Eternatus|Dynamax Cannon|p1a: The Last Ronin\n|-damage|p1a: The Last Ronin|0 fnt\n|faint|p1a: The Last Ronin\n|-end|p1a: The Last Ronin|fallenundefined|[silent]\n|\n|-heal|p2a: Eternatus|50\/100|[from] item: Black Sludge\n|upkeep\n|\n|t:|1700364760\n|switch|p1a: Mother of 2|Dragapult, F|100\/100\n|turn|16\n|\n|t:|1700364766\n|move|p1a: Mother of 2|Dragon Darts|p2a: Eternatus\n|-supereffective|p2a: Eternatus\n|-damage|p2a: Eternatus|11\/100\n|-anim|p1a: Mother of 2|Dragon Darts|p2a: Eternatus\n|-supereffective|p2a: Eternatus\n|-damage|p2a: Eternatus|0 fnt\n|faint|p2a: Eternatus\n|\n|upkeep\n|-message|4stepstomakeumad forfeited.\n|\n|win|saru_bean\n|raw|saru_bean's rating: 1290 &rarr; <strong>1324<\/strong><br \/>(+34 for winning)\n|raw|4stepstomakeumad's rating: 1427 &rarr; <strong>1399<\/strong><br \/>(-28 for losing)\n|l|\u26064stepstomakeumad\n","uploadtime":1700364791,"views":3,"p1id":"sarubean","p2id":"4stepstomakeumad","formatid":"gen9anythinggoes","rating":1324,"private":0,"password":""}