{"id":"gen9anythinggoes-1977027606","p1":"Ace of Cakes","p2":"NilsonArtur","format":"[Gen 9] Anything Goes","log":"|j|\u2606Ace of Cakes\n|j|\u2606NilsonArtur\n|t:|1698363377\n|gametype|singles\n|player|p1|Ace of Cakes|dancer|1053\n|player|p2|NilsonArtur|silver|1092\n|teamsize|p1|6\n|teamsize|p2|6\n|gen|9\n|tier|[Gen 9] Anything Goes\n|rated|\n|rule|HP Percentage Mod: HP is shown in percentages\n|rule|Endless Battle Clause: Forcing endless battles is banned\n|clearpoke\n|poke|p1|Calyrex-Shadow|\n|poke|p1|Miraidon|\n|poke|p1|Miraidon|\n|poke|p1|Miraidon|\n|poke|p1|Miraidon|\n|poke|p1|Miraidon|\n|poke|p2|Iron Bundle|\n|poke|p2|Ninetales-Alola, M|\n|poke|p2|Tyranitar, F|\n|poke|p2|Slowbro, F|\n|poke|p2|Ludicolo, M|\n|poke|p2|Milotic, M|\n|teampreview\n|\n|t:|1698363398\n|start\n|switch|p1a: Miraidon|Miraidon|100\/100\n|switch|p2a: Ninetales|Ninetales-Alola, M|100\/100\n|-fieldstart|move: Electric Terrain|[from] ability: Hadron Engine|[of] p1a: Miraidon\n|-weather|Snow|[from] ability: Snow Warning|[of] p2a: Ninetales\n|turn|1\n|\n|t:|1698363414\n|move|p1a: Miraidon|Electro Drift|p2a: Ninetales\n|-damage|p2a: Ninetales|0 fnt\n|faint|p2a: Ninetales\n|\n|-weather|Snow|[upkeep]\n|upkeep\n|\n|t:|1698363428\n|switch|p2a: Tyranitar|Tyranitar, F|100\/100\n|-weather|Sandstorm|[from] ability: Sand Stream|[of] p2a: Tyranitar\n|turn|2\n|\n|t:|1698363450\n|-terastallize|p1a: Miraidon|Electric\n|move|p1a: Miraidon|Electro Drift|p2a: Tyranitar\n|-damage|p2a: Tyranitar|0 fnt\n|faint|p2a: Tyranitar\n|\n|-weather|Sandstorm|[upkeep]\n|-damage|p1a: Miraidon|94\/100|[from] Sandstorm\n|upkeep\n|\n|t:|1698363463\n|switch|p2a: Milotic|Milotic, M|100\/100\n|turn|3\n|\n|t:|1698363473\n|move|p1a: Miraidon|Electro Drift|p2a: Milotic\n|-supereffective|p2a: Milotic\n|-damage|p2a: Milotic|0 fnt\n|faint|p2a: Milotic\n|\n|-weather|Sandstorm|[upkeep]\n|-damage|p1a: Miraidon|88\/100|[from] Sandstorm\n|upkeep\n|\n|t:|1698363480\n|switch|p2a: Ludicolo|Ludicolo, M|100\/100\n|turn|4\n|\n|t:|1698363487\n|move|p1a: Miraidon|Electro Drift|p2a: Ludicolo\n|-damage|p2a: Ludicolo|0 fnt\n|faint|p2a: Ludicolo\n|\n|-weather|Sandstorm|[upkeep]\n|-damage|p1a: Miraidon|82\/100|[from] Sandstorm\n|upkeep\n|\n|t:|1698363497\n|switch|p2a: Iron Bundle|Iron Bundle|100\/100\n|-activate|p2a: Iron Bundle|ability: Quark Drive\n|-start|p2a: Iron Bundle|quarkdrivespe\n|turn|5\n|\n|t:|1698363500\n|move|p2a: Iron Bundle|Hydro Pump|p1a: Miraidon\n|-damage|p1a: Miraidon|32\/100\n|move|p1a: Miraidon|Electro Drift|p2a: Iron Bundle\n|-supereffective|p2a: Iron Bundle\n|-damage|p2a: Iron Bundle|0 fnt\n|faint|p2a: Iron Bundle\n|-end|p2a: Iron Bundle|Quark Drive|[silent]\n|\n|-weather|Sandstorm|[upkeep]\n|-damage|p1a: Miraidon|25\/100|[from] Sandstorm\n|-fieldend|move: Electric Terrain\n|upkeep\n|\n|t:|1698363502\n|switch|p2a: Slowbro|Slowbro, F|100\/100\n|turn|6\n|\n|t:|1698363505\n|move|p1a: Miraidon|Electro Drift|p2a: Slowbro\n|-supereffective|p2a: Slowbro\n|-damage|p2a: Slowbro|0 fnt\n|faint|p2a: Slowbro\n|\n|win|Ace of Cakes\n|raw|Ace of Cakes's rating: 1053 &rarr; <strong>1089<\/strong><br \/>(+36 for winning)\n|raw|NilsonArtur's rating: 1092 &rarr; <strong>1066<\/strong><br \/>(-26 for losing)\n|c|\u2606Ace of Cakes|sry\n","uploadtime":1698363551,"views":9,"p1id":"aceofcakes","p2id":"nilsonartur","formatid":"gen9anythinggoes","rating":1066,"private":0,"password":""}