{"id":"gen9anythinggoes-1999878621","p1":"PEPITO.1314","p2":"Novalalexal","format":"[Gen 9] Anything Goes","log":"|j|\u2606PEPITO.1314\n|j|\u2606Novalalexal\n|t:|1701125561\n|gametype|singles\n|player|p1|PEPITO.1314|caitlin|1000\n|player|p2|Novalalexal|102|1051\n|teamsize|p1|6\n|teamsize|p2|6\n|gen|9\n|tier|[Gen 9] Anything Goes\n|rated|\n|rule|HP Percentage Mod: HP is shown in percentages\n|rule|Endless Battle Clause: Forcing endless battles is banned\n|clearpoke\n|poke|p1|Indeedee-F, F|\n|poke|p1|Lycanroc-Dusk, M|\n|poke|p1|Zoroark-Hisui, M|\n|poke|p1|Zoroark, F|\n|poke|p1|Umbreon, M|\n|poke|p1|Lycanroc-Dusk, F|\n|poke|p2|Gliscor, M|\n|poke|p2|Eelektross, M|\n|poke|p2|Garchomp, M|\n|poke|p2|Giratina-Origin|\n|poke|p2|Magcargo, F|\n|poke|p2|Leavanny, F|\n|teampreview\n|\n|t:|1701125577\n|start\n|switch|p1a: Lycanroc|Lycanroc-Dusk, F|100\/100\n|switch|p2a: Leavanny|Leavanny, F|100\/100\n|turn|1\n|\n|t:|1701125584\n|move|p2a: Leavanny|Sticky Web|p1a: Lycanroc\n|-sidestart|p1: PEPITO.1314|move: Sticky Web\n|move|p1a: Lycanroc|Shadow Claw|p2a: Leavanny\n|-damage|p2a: Leavanny|60\/100\n|\n|upkeep\n|turn|2\n|\n|t:|1701125593\n|move|p2a: Leavanny|Knock Off|p1a: Lycanroc\n|-supereffective|p1a: Lycanroc\n|-damage|p1a: Lycanroc|13\/100\n|replace|p1a: Zoroark|Zoroark-Hisui, M\n|-end|p1a: Zoroark|Illusion\n|-enditem|p1a: Zoroark|Power Herb|[from] move: Knock Off|[of] p2a: Leavanny\n|move|p1a: Zoroark|Swords Dance|p1a: Zoroark\n|-boost|p1a: Zoroark|atk|2\n|\n|upkeep\n|turn|3\n|\n|t:|1701125603\n|move|p2a: Leavanny|Knock Off|p1a: Zoroark\n|-supereffective|p1a: Zoroark\n|-damage|p1a: Zoroark|0 fnt\n|faint|p1a: Zoroark\n|\n|upkeep\n|\n|t:|1701125611\n|switch|p1a: Lycanroc|Lycanroc-Dusk, M|100\/100\n|-activate|p1a: Lycanroc|move: Sticky Web\n|-unboost|p1a: Lycanroc|spe|1\n|turn|4\n|\n|t:|1701125622\n|move|p2a: Leavanny|Knock Off|p1a: Lycanroc\n|-damage|p1a: Lycanroc|67\/100\n|-enditem|p1a: Lycanroc|Life Orb|[from] move: Knock Off|[of] p2a: Leavanny\n|move|p1a: Lycanroc|Fire Fang|p2a: Leavanny\n|-supereffective|p2a: Leavanny\n|-damage|p2a: Leavanny|0 fnt\n|faint|p2a: Leavanny\n|\n|upkeep\n|\n|t:|1701125643\n|switch|p2a: Garchomp|Garchomp, M, shiny|100\/100\n|turn|5\n|\n|t:|1701125650\n|move|p2a: Garchomp|Swords Dance|p2a: Garchomp\n|-boost|p2a: Garchomp|atk|2\n|move|p1a: Lycanroc|Psychic Fangs|p2a: Garchomp\n|-damage|p2a: Garchomp|73\/100\n|-damage|p1a: Lycanroc|55\/100|[from] ability: Rough Skin|[of] p2a: Garchomp\n|\n|upkeep\n|turn|6\n|\n|t:|1701125660\n|move|p2a: Garchomp|Scale Shot|p1a: Lycanroc\n|-damage|p1a: Lycanroc|26\/100\n|-damage|p1a: Lycanroc|0 fnt\n|faint|p1a: Lycanroc\n|-hitcount|p1: Lycanroc|2\n|-unboost|p2a: Garchomp|def|1\n|-boost|p2a: Garchomp|spe|1\n|\n|upkeep\n|\n|t:|1701125668\n|switch|p1a: Umbreon|Umbreon, M|100\/100\n|-activate|p1a: Umbreon|move: Sticky Web\n|-unboost|p1a: Umbreon|spe|1\n|turn|7\n|\n|t:|1701125674\n|-terastallize|p2a: Garchomp|Steel\n|move|p2a: Garchomp|Iron Head|p1a: Umbreon\n|-damage|p1a: Umbreon|33\/100\n|move|p1a: Umbreon|Toxic|p2a: Garchomp\n|-immune|p2a: Garchomp\n|\n|upkeep\n|turn|8\n|\n|t:|1701125683\n|move|p2a: Garchomp|Iron Head|p1a: Umbreon\n|-damage|p1a: Umbreon|0 fnt\n|faint|p1a: Umbreon\n|\n|upkeep\n|\n|t:|1701125694\n|switch|p1a: Indeedee|Indeedee-F, F|100\/100\n|-activate|p1a: Indeedee|move: Sticky Web\n|-unboost|p1a: Indeedee|spe|1\n|-fieldstart|move: Psychic Terrain|[from] ability: Psychic Surge|[of] p1a: Indeedee\n|turn|9\n|\n|t:|1701125706\n|move|p2a: Garchomp|Scale Shot|p1a: Indeedee\n|-damage|p1a: Indeedee|58\/100\n|-damage|p1a: Indeedee|15\/100\n|-enditem|p1a: Indeedee|Mago Berry|[eat]\n|-heal|p1a: Indeedee|48\/100|[from] item: Mago Berry\n|-damage|p1a: Indeedee|10\/100\n|-damage|p1a: Indeedee|0 fnt\n|faint|p1a: Indeedee\n|-hitcount|p1: Indeedee|4\n|-unboost|p2a: Garchomp|def|1\n|-boost|p2a: Garchomp|spe|1\n|\n|upkeep\n|\n|t:|1701125710\n|switch|p1a: Lycanroc|Lycanroc-Dusk, F|100\/100\n|-activate|p1a: Lycanroc|move: Sticky Web\n|-unboost|p1a: Lycanroc|spe|1\n|turn|10\n|\n|t:|1701125722\n|move|p2a: Garchomp|Iron Head|p1a: Lycanroc\n|-damage|p1a: Lycanroc|0 fnt\n|replace|p1a: Zoroark|Zoroark, F\n|-end|p1a: Zoroark|Illusion\n|faint|p1a: Zoroark\n|\n|upkeep\n|\n|t:|1701125727\n|switch|p1a: Lycanroc|Lycanroc-Dusk, F|100\/100\n|-activate|p1a: Lycanroc|move: Sticky Web\n|-unboost|p1a: Lycanroc|spe|1\n|turn|11\n|\n|t:|1701125731\n|move|p1a: Lycanroc|Quick Attack|p2a: Garchomp\n|-activate|p2a: Garchomp|move: Psychic Terrain\n|move|p2a: Garchomp|Iron Head|p1a: Lycanroc\n|-supereffective|p1a: Lycanroc\n|-crit|p1a: Lycanroc\n|-damage|p1a: Lycanroc|0 fnt\n|faint|p1a: Lycanroc\n|\n|win|Novalalexal\n|raw|PEPITO.1314's rating: 1000 &rarr; <strong>1000<\/strong><br \/>(+0 for losing)\n|raw|Novalalexal's rating: 1051 &rarr; <strong>1079<\/strong><br \/>(+28 for winning)\n","uploadtime":1701125741,"views":0,"p1id":"pepito1314","p2id":"novalalexal","formatid":"gen9anythinggoes","rating":1000,"private":0,"password":""}