{"id":"gen9anythinggoes-1974694083","p1":"yzdypxh","p2":"AstronyXx","format":"[Gen 9] Anything Goes","log":"|j|\u2606yzdypxh\n|j|\u2606AstronyXx\n|t:|1698111255\n|gametype|singles\n|player|p1|yzdypxh|102|1668\n|player|p2|AstronyXx|rei|1723\n|teamsize|p1|6\n|teamsize|p2|6\n|gen|9\n|tier|[Gen 9] Anything Goes\n|rated|\n|rule|HP Percentage Mod: HP is shown in percentages\n|rule|Endless Battle Clause: Forcing endless battles is banned\n|clearpoke\n|poke|p1|Toxapex, M|\n|poke|p1|Blissey, F|\n|poke|p1|Arceus|\n|poke|p1|Dondozo, F|\n|poke|p1|Skeledirge, F|\n|poke|p1|Ditto|\n|poke|p2|Ribombee, M|\n|poke|p2|Calyrex-Shadow|\n|poke|p2|Koraidon|\n|poke|p2|Kingambit, M|\n|poke|p2|Great Tusk|\n|poke|p2|Eternatus|\n|teampreview\n|inactive|Battle timer is ON: inactive players will automatically lose when time's up. (requested by yzdypxh)\n|c|\u2606AstronyXx|hf\n|\n|t:|1698111279\n|start\n|switch|p1a: Ditto|Ditto|100\/100\n|switch|p2a: Koraidon|Koraidon|100\/100\n|-weather|SunnyDay|[from] ability: Orichalcum Pulse|[of] p2a: Koraidon\n|-activate|p2a: Koraidon|Orichalcum Pulse|[source]\n|-transform|p1a: Ditto|p2a: Koraidon|[from] ability: Imposter\n|-activate|p1a: Ditto|ability: Orichalcum Pulse\n|turn|1\n|\n|t:|1698111288\n|-terastallize|p2a: Koraidon|Fire\n|move|p1a: Ditto|U-turn|p2a: Koraidon\n|-resisted|p2a: Koraidon\n|-damage|p2a: Koraidon|86\/100\n|\n|t:|1698111291\n|switch|p1a: Dondozo|Dondozo, F|100\/100|[from] U-turn\n|move|p2a: Koraidon|Outrage|p1a: Dondozo\n|-damage|p1a: Dondozo|65\/100\n|\n|-weather|SunnyDay|[upkeep]\n|-heal|p1a: Dondozo|72\/100|[from] item: Leftovers\n|upkeep\n|turn|2\n|\n|t:|1698111299\n|move|p2a: Koraidon|Outrage|p1a: Dondozo|[from]lockedmove\n|-damage|p1a: Dondozo|36\/100\n|move|p1a: Dondozo|Fissure|p2a: Koraidon\n|-damage|p2a: Koraidon|0 fnt\n|faint|p2a: Koraidon\n|-ohko\n|\n|-weather|SunnyDay|[upkeep]\n|-heal|p1a: Dondozo|43\/100|[from] item: Leftovers\n|upkeep\n|\n|t:|1698111309\n|switch|p2a: Calyrex|Calyrex-Shadow|100\/100\n|-ability|p2a: Calyrex|As One\n|-ability|p2a: Calyrex|Unnerve\n|turn|3\n|\n|t:|1698111320\n|move|p2a: Calyrex|Psyshock|p1a: Dondozo\n|-damage|p1a: Dondozo|10\/100\n|move|p1a: Dondozo|Rest|p1a: Dondozo\n|-status|p1a: Dondozo|slp|[from] move: Rest\n|-heal|p1a: Dondozo|100\/100 slp|[silent]\n|\n|-weather|SunnyDay|[upkeep]\n|upkeep\n|turn|4\n|\n|t:|1698111335\n|switch|p2a: Eternatus|Eternatus|100\/100\n|-ability|p2a: Eternatus|Pressure\n|switch|p1a: Arceus|Arceus|100\/100\n|\n|-weather|SunnyDay|[upkeep]\n|upkeep\n|turn|5\n|\n|t:|1698111357\n|switch|p1a: Blissey|Blissey, F|100\/100\n|move|p2a: Eternatus|Dragon Tail|p1a: Blissey\n|-damage|p1a: Blissey|66\/100\n|drag|p1a: Skeledirge|Skeledirge, F|100\/100\n|\n|-weather|none\n|upkeep\n|turn|6\n|\n|t:|1698111365\n|move|p2a: Eternatus|Dynamax Cannon|p1a: Skeledirge\n|-damage|p1a: Skeledirge|54\/100\n|move|p1a: Skeledirge|Will-O-Wisp|p2a: Eternatus\n|-status|p2a: Eternatus|brn\n|\n|-damage|p2a: Eternatus|94\/100 brn|[from] brn\n|upkeep\n|turn|7\n|\n|t:|1698111376\n|switch|p2a: Calyrex|Calyrex-Shadow|100\/100\n|-ability|p2a: Calyrex|As One\n|-ability|p2a: Calyrex|Unnerve\n|move|p1a: Skeledirge|Slack Off|p1a: Skeledirge\n|-heal|p1a: Skeledirge|100\/100\n|\n|upkeep\n|turn|8\n|\n|t:|1698111387\n|switch|p1a: Arceus|Arceus|100\/100\n|move|p2a: Calyrex|Psyshock|p1a: Arceus\n|-damage|p1a: Arceus|62\/100\n|\n|upkeep\n|turn|9\n|\n|t:|1698111394\n|switch|p2a: Ribombee|Ribombee, M|100\/100\n|move|p1a: Arceus|Snarl|p2a: Ribombee\n|-resisted|p2a: Ribombee\n|-damage|p2a: Ribombee|87\/100\n|\n|upkeep\n|turn|10\n|\n|t:|1698111402\n|move|p1a: Arceus|Extreme Speed|p2a: Ribombee\n|-damage|p2a: Ribombee|23\/100\n|move|p2a: Ribombee|Sticky Web|p1a: Arceus\n|-sidestart|p1: yzdypxh|move: Sticky Web\n|\n|upkeep\n|turn|11\n|\n|t:|1698111411\n|move|p2a: Ribombee|Stun Spore|p1a: Arceus|[miss]\n|-miss|p2a: Ribombee|p1a: Arceus\n|move|p1a: Arceus|Recover|p1a: Arceus\n|-heal|p1a: Arceus|100\/100\n|\n|upkeep\n|turn|12\n|\n|t:|1698111418\n|switch|p2a: Calyrex|Calyrex-Shadow|100\/100\n|-ability|p2a: Calyrex|As One\n|-ability|p2a: Calyrex|Unnerve\n|move|p1a: Arceus|Extreme Speed|p2a: Calyrex\n|-immune|p2a: Calyrex\n|\n|upkeep\n|turn|13\n|\n|t:|1698111429\n|switch|p2a: Great Tusk|Great Tusk|100\/100\n|move|p1a: Arceus|Snarl|p2a: Great Tusk\n|-resisted|p2a: Great Tusk\n|-damage|p2a: Great Tusk|90\/100\n|-unboost|p2a: Great Tusk|spa|1\n|\n|-heal|p2a: Great Tusk|96\/100|[from] item: Leftovers\n|upkeep\n|turn|14\n|\n|t:|1698111441\n|move|p2a: Great Tusk|Close Combat|p1a: Arceus\n|-supereffective|p1a: Arceus\n|-damage|p1a: Arceus|34\/100\n|-unboost|p2a: Great Tusk|def|1\n|-unboost|p2a: Great Tusk|spd|1\n|-damage|p2a: Great Tusk|80\/100|[from] item: Rocky Helmet|[of] p1a: Arceus\n|move|p1a: Arceus|Will-O-Wisp|p2a: Great Tusk|[miss]\n|-miss|p1a: Arceus|p2a: Great Tusk\n|\n|-heal|p2a: Great Tusk|86\/100|[from] item: Leftovers\n|upkeep\n|turn|15\n|\n|t:|1698111457\n|switch|p1a: Dondozo|Dondozo, F|100\/100 slp\n|-activate|p1a: Dondozo|move: Sticky Web\n|-unboost|p1a: Dondozo|spe|1\n|move|p2a: Great Tusk|Headlong Rush|p1a: Dondozo\n|-damage|p1a: Dondozo|72\/100 slp\n|-unboost|p2a: Great Tusk|def|1\n|-unboost|p2a: Great Tusk|spd|1\n|\n|-heal|p2a: Great Tusk|92\/100|[from] item: Leftovers\n|-heal|p1a: Dondozo|78\/100 slp|[from] item: Leftovers\n|upkeep\n|turn|16\n|\n|t:|1698111469\n|-end|p2a: Great Tusk|Protosynthesis|[silent]\n|switch|p2a: Calyrex|Calyrex-Shadow|100\/100\n|-ability|p2a: Calyrex|As One\n|-ability|p2a: Calyrex|Unnerve\n|cant|p1a: Dondozo|slp\n|move|p1a: Dondozo|Sleep Talk|p1a: Dondozo\n|move|p1a: Dondozo|Rest||[from]move: Sleep Talk|[still]\n|-fail|p1a: Dondozo\n|\n|-heal|p1a: Dondozo|84\/100 slp|[from] item: Leftovers\n|upkeep\n|turn|17\n|\n|t:|1698111481\n|switch|p1a: Blissey|Blissey, F|66\/100\n|-activate|p1a: Blissey|move: Sticky Web\n|-unboost|p1a: Blissey|spe|1\n|move|p2a: Calyrex|Astral Barrage|p1a: Blissey\n|-immune|p1a: Blissey\n|\n|-heal|p1a: Blissey|72\/100|[from] item: Leftovers\n|upkeep\n|turn|18\n|\n|t:|1698111491\n|switch|p2a: Great Tusk|Great Tusk|92\/100\n|-terastallize|p1a: Blissey|Dark\n|move|p1a: Blissey|Soft-Boiled|p1a: Blissey\n|-heal|p1a: Blissey|100\/100\n|\n|-heal|p2a: Great Tusk|98\/100|[from] item: Leftovers\n|upkeep\n|turn|19\n|\n|t:|1698111508\n|-end|p2a: Great Tusk|Protosynthesis|[silent]\n|switch|p2a: Calyrex|Calyrex-Shadow|100\/100\n|-ability|p2a: Calyrex|As One\n|-ability|p2a: Calyrex|Unnerve\n|switch|p1a: Dondozo|Dondozo, F|84\/100 slp\n|-activate|p1a: Dondozo|move: Sticky Web\n|-unboost|p1a: Dondozo|spe|1\n|\n|-heal|p1a: Dondozo|90\/100 slp|[from] item: Leftovers\n|upkeep\n|turn|20\n|\n|t:|1698111527\n|switch|p1a: Blissey|Blissey, F, tera:Dark|100\/100\n|-activate|p1a: Blissey|move: Sticky Web\n|-unboost|p1a: Blissey|spe|1\n|move|p2a: Calyrex|Astral Barrage|p1a: Blissey\n|-resisted|p1a: Blissey\n|-damage|p1a: Blissey|84\/100\n|\n|-heal|p1a: Blissey|90\/100|[from] item: Leftovers\n|upkeep\n|turn|21\n|\n|t:|1698111536\n|switch|p2a: Great Tusk|Great Tusk|98\/100\n|move|p1a: Blissey|Stealth Rock|p2a: Great Tusk\n|-sidestart|p2: AstronyXx|move: Stealth Rock\n|\n|-heal|p2a: Great Tusk|100\/100|[from] item: Leftovers\n|-heal|p1a: Blissey|96\/100|[from] item: Leftovers\n|upkeep\n|turn|22\n|\n|t:|1698111543\n|switch|p1a: Dondozo|Dondozo, F|90\/100 slp\n|-activate|p1a: Dondozo|move: Sticky Web\n|-unboost|p1a: Dondozo|spe|1\n|move|p2a: Great Tusk|Rapid Spin|p1a: Dondozo\n|-damage|p1a: Dondozo|82\/100 slp\n|-boost|p2a: Great Tusk|spe|1\n|-sideend|p2: AstronyXx|Stealth Rock|[from] move: Rapid Spin|[of] p2a: Great Tusk\n|\n|-heal|p1a: Dondozo|88\/100 slp|[from] item: Leftovers\n|upkeep\n|turn|23\n|\n|t:|1698111555\n|move|p2a: Great Tusk|Knock Off|p1a: Dondozo\n|-damage|p1a: Dondozo|71\/100 slp\n|-enditem|p1a: Dondozo|Leftovers|[from] move: Knock Off|[of] p2a: Great Tusk\n|cant|p1a: Dondozo|slp\n|move|p1a: Dondozo|Sleep Talk|p1a: Dondozo\n|move|p1a: Dondozo|Wave Crash|p2a: Great Tusk|[from]move: Sleep Talk\n|-supereffective|p2a: Great Tusk\n|-damage|p2a: Great Tusk|39\/100\n|-damage|p1a: Dondozo|56\/100 slp|[from] Recoil\n|\n|-heal|p2a: Great Tusk|45\/100|[from] item: Leftovers\n|upkeep\n|turn|24\n|\n|t:|1698111567\n|-end|p2a: Great Tusk|Protosynthesis|[silent]\n|switch|p2a: Eternatus|Eternatus|94\/100 brn\n|-ability|p2a: Eternatus|Pressure\n|-curestatus|p1a: Dondozo|slp|[msg]\n|move|p1a: Dondozo|Rest|p1a: Dondozo\n|-status|p1a: Dondozo|slp|[from] move: Rest\n|-heal|p1a: Dondozo|100\/100 slp|[silent]\n|\n|-damage|p2a: Eternatus|88\/100 brn|[from] brn\n|upkeep\n|turn|25\n|\n|t:|1698111580\n|move|p2a: Eternatus|Dynamax Cannon|p1a: Dondozo\n|-damage|p1a: Dondozo|55\/100 slp\n|cant|p1a: Dondozo|slp\n|move|p1a: Dondozo|Sleep Talk|p1a: Dondozo\n|move|p1a: Dondozo|Rest||[from]move: Sleep Talk|[still]\n|-fail|p1a: Dondozo\n|\n|-damage|p2a: Eternatus|82\/100 brn|[from] brn\n|upkeep\n|turn|26\n|\n|t:|1698111589\n|switch|p1a: Blissey|Blissey, F, tera:Dark|96\/100\n|-activate|p1a: Blissey|move: Sticky Web\n|-unboost|p1a: Blissey|spe|1\n|move|p2a: Eternatus|Dragon Tail|p1a: Blissey\n|-damage|p1a: Blissey|80\/100\n|drag|p1a: Skeledirge|Skeledirge, F|100\/100\n|\n|-damage|p2a: Eternatus|76\/100 brn|[from] brn\n|upkeep\n|turn|27\n|\n|t:|1698111600\n|move|p2a: Eternatus|Dynamax Cannon|p1a: Skeledirge\n|-damage|p1a: Skeledirge|58\/100\n|move|p1a: Skeledirge|Hex|p2a: Eternatus\n|-damage|p2a: Eternatus|58\/100 brn\n|\n|-damage|p2a: Eternatus|51\/100 brn|[from] brn\n|upkeep\n|turn|28\n|\n|t:|1698111607\n|move|p2a: Eternatus|Dynamax Cannon|p1a: Skeledirge\n|-damage|p1a: Skeledirge|16\/100\n|move|p1a: Skeledirge|Slack Off|p1a: Skeledirge\n|-heal|p1a: Skeledirge|66\/100\n|\n|-damage|p2a: Eternatus|45\/100 brn|[from] brn\n|upkeep\n|turn|29\n|\n|t:|1698111615\n|switch|p2a: Calyrex|Calyrex-Shadow|100\/100\n|-ability|p2a: Calyrex|As One\n|-ability|p2a: Calyrex|Unnerve\n|move|p1a: Skeledirge|Slack Off|p1a: Skeledirge\n|-heal|p1a: Skeledirge|100\/100\n|\n|upkeep\n|turn|30\n|\n|t:|1698111627\n|switch|p2a: Kingambit|Kingambit, M|100\/100\n|-activate|p2a: Kingambit|ability: Supreme Overlord\n|-start|p2a: Kingambit|fallen1|[silent]\n|switch|p1a: Blissey|Blissey, F, tera:Dark|80\/100\n|-activate|p1a: Blissey|move: Sticky Web\n|-unboost|p1a: Blissey|spe|1\n|\n|-heal|p1a: Blissey|86\/100|[from] item: Leftovers\n|upkeep\n|turn|31\n|\n|t:|1698111639\n|switch|p1a: Arceus|Arceus|34\/100\n|-activate|p1a: Arceus|move: Sticky Web\n|-unboost|p1a: Arceus|spe|1\n|move|p2a: Kingambit|Iron Head|p1a: Arceus\n|-damage|p1a: Arceus|9\/100\n|-damage|p2a: Kingambit|84\/100|[from] item: Rocky Helmet|[of] p1a: Arceus\n|\n|upkeep\n|turn|32\n|\n|t:|1698111650\n|-end|p2a: Kingambit|fallen1|[silent]\n|switch|p2a: Eternatus|Eternatus|45\/100 brn\n|-ability|p2a: Eternatus|Pressure\n|move|p1a: Arceus|Recover|p1a: Arceus\n|-heal|p1a: Arceus|59\/100\n|\n|-damage|p2a: Eternatus|39\/100 brn|[from] brn\n|upkeep\n|turn|33\n|c|\u2606AstronyXx|va te pendre\n|n|\u203dAstronyXx|astronyxx\n|c|&|\/log AstronyXx was locked from talking by Artemis. (\u2606AstronyXx: va te pendre)\n|c|&|\/raw <small>This action was done automatically. Want to learn more about the AI? <a href=\"https:\/\/www.smogon.com\/forums\/threads\/3570628\/#post-9056769\">Visit the information thread<\/a>.<\/small>\n|\n|t:|1698111670\n|move|p2a: Eternatus|Dynamax Cannon|p1a: Arceus\n|-damage|p1a: Arceus|27\/100\n|move|p1a: Arceus|Recover|p1a: Arceus\n|-heal|p1a: Arceus|77\/100\n|\n|-damage|p2a: Eternatus|33\/100 brn|[from] brn\n|upkeep\n|turn|34\n|-message|AstronyXx forfeited.\n|\n|win|yzdypxh\n|raw|yzdypxh's rating: 1668 &rarr; <strong>1691<\/strong><br \/>(+23 for winning)\n|raw|AstronyXx's rating: 1723 &rarr; <strong>1700<\/strong><br \/>(-23 for losing)\n","uploadtime":1698111660,"views":7,"p1id":"yzdypxh","p2id":"astronyxx","formatid":"gen9anythinggoes","rating":1691,"private":0,"password":""}