{"id":"gen9anythinggoes-1994259900","p1":"GoldLego","p2":"BruhMyNameIsDylan","format":"[Gen 9] Anything Goes","log":"|j|\u2606GoldLego\n|j|\u2606BruhMyNameIsDylan\n|t:|1700424461\n|gametype|singles\n|player|p1|GoldLego|1|1033\n|player|p2|BruhMyNameIsDylan|hugh|1000\n|teamsize|p1|6\n|teamsize|p2|6\n|gen|9\n|tier|[Gen 9] Anything Goes\n|rated|\n|rule|HP Percentage Mod: HP is shown in percentages\n|rule|Endless Battle Clause: Forcing endless battles is banned\n|clearpoke\n|poke|p1|Meowscarada, F|\n|poke|p1|Oricorio-Sensu, M|\n|poke|p1|Garchomp, M|\n|poke|p1|Tyranitar, F|\n|poke|p1|Charizard, F|\n|poke|p1|Sylveon, F|\n|poke|p2|Chespin, M|\n|poke|p2|Piplup, F|\n|poke|p2|Charmander, M|\n|poke|p2|Turtwig, M|\n|poke|p2|Grookey, M|\n|poke|p2|Fuecoco, M|\n|teampreview\n|inactive|Battle timer is ON: inactive players will automatically lose when time's up. (requested by BruhMyNameIsDylan)\n|\n|t:|1700424472\n|start\n|switch|p1a: Meowscarada|Meowscarada, F|100\/100\n|switch|p2a: Fuecoco|Fuecoco, M|100\/100\n|turn|1\n|\n|t:|1700424479\n|move|p1a: Meowscarada|Trick|p2a: Fuecoco\n|-activate|p1a: Meowscarada|move: Trick|[of] p2a: Fuecoco\n|-item|p2a: Fuecoco|Choice Scarf|[from] move: Trick\n|-item|p1a: Meowscarada|Eviolite|[from] move: Trick\n|move|p2a: Fuecoco|Sunny Day|p2a: Fuecoco\n|-weather|SunnyDay\n|\n|-weather|SunnyDay|[upkeep]\n|upkeep\n|turn|2\n|\n|t:|1700424497\n|switch|p1a: Tyranitar|Tyranitar, F|100\/100\n|-ability|p1a: Tyranitar|Unnerve\n|move|p2a: Fuecoco|Sunny Day||[still]\n|-fail|p2a: Fuecoco\n|\n|-weather|SunnyDay|[upkeep]\n|upkeep\n|turn|3\n|\n|t:|1700424507\n|switch|p2a: Chespin|Chespin, M|100\/100\n|move|p1a: Tyranitar|Sandstorm|p1a: Tyranitar\n|-weather|Sandstorm\n|\n|-weather|Sandstorm|[upkeep]\n|-damage|p2a: Chespin|94\/100|[from] Sandstorm\n|upkeep\n|turn|4\n|\n|t:|1700424515\n|move|p2a: Chespin|Leech Seed|p1a: Tyranitar|[miss]\n|-miss|p2a: Chespin|p1a: Tyranitar\n|move|p1a: Tyranitar|Dragon Tail|p2a: Chespin\n|-damage|p2a: Chespin|80\/100\n|drag|p2a: Fuecoco|Fuecoco, M|100\/100\n|\n|-weather|Sandstorm|[upkeep]\n|-damage|p2a: Fuecoco|94\/100|[from] Sandstorm\n|upkeep\n|turn|5\n|\n|t:|1700424529\n|switch|p1a: Garchomp|Garchomp, M|100\/100\n|move|p2a: Fuecoco|Sunny Day|p2a: Fuecoco\n|-weather|SunnyDay\n|\n|-weather|SunnyDay|[upkeep]\n|upkeep\n|turn|6\n|\n|t:|1700424540\n|switch|p2a: Chespin|Chespin, M|80\/100\n|move|p1a: Garchomp|Swords Dance|p1a: Garchomp\n|-boost|p1a: Garchomp|atk|2\n|\n|-weather|SunnyDay|[upkeep]\n|upkeep\n|turn|7\n|\n|t:|1700424549\n|-terastallize|p1a: Garchomp|Dragon\n|-terastallize|p2a: Chespin|Rock\n|move|p2a: Chespin|Leech Seed|p1a: Garchomp\n|-start|p1a: Garchomp|move: Leech Seed\n|move|p1a: Garchomp|Dragon Tail|p2a: Chespin\n|-damage|p2a: Chespin|26\/100\n|drag|p2a: Grookey|Grookey, M|100\/100\n|-fieldstart|move: Grassy Terrain|[from] ability: Grassy Surge|[of] p2a: Grookey\n|-enditem|p2a: Grookey|Grassy Seed\n|-boost|p2a: Grookey|def|1|[from] item: Grassy Seed\n|\n|-weather|SunnyDay|[upkeep]\n|-damage|p1a: Garchomp|88\/100|[from] Leech Seed|[of] p2a: Grookey\n|upkeep\n|turn|8\n|\n|t:|1700424565\n|move|p2a: Grookey|Fake Out|p1a: Garchomp\n|-damage|p1a: Garchomp|79\/100\n|-damage|p2a: Grookey|84\/100|[from] item: Rocky Helmet|[of] p1a: Garchomp\n|cant|p1a: Garchomp|flinch\n|\n|-weather|SunnyDay|[upkeep]\n|-heal|p1a: Garchomp|85\/100|[from] Grassy Terrain\n|-heal|p2a: Grookey|90\/100|[from] Grassy Terrain\n|-damage|p1a: Garchomp|73\/100|[from] Leech Seed|[of] p2a: Grookey\n|-heal|p2a: Grookey|100\/100|[silent]\n|upkeep\n|turn|9\n|\n|t:|1700424586\n|move|p2a: Grookey|Knock Off|p1a: Garchomp\n|-damage|p1a: Garchomp|51\/100\n|-damage|p2a: Grookey|84\/100|[from] item: Rocky Helmet|[of] p1a: Garchomp\n|-enditem|p1a: Garchomp|Rocky Helmet|[from] move: Knock Off|[of] p2a: Grookey\n|move|p1a: Garchomp|Dragon Tail|p2a: Grookey\n|-damage|p2a: Grookey|0 fnt\n|faint|p2a: Grookey\n|\n|-weather|none\n|-heal|p1a: Garchomp|57\/100|[from] Grassy Terrain\n|upkeep\n|inactive|BruhMyNameIsDylan has 120 seconds left.\n|\n|t:|1700424609\n|switch|p2a: Turtwig|Turtwig, M|100\/100\n|turn|10\n|\n|t:|1700424617\n|switch|p1a: Charizard|Charizard, F|100\/100\n|move|p2a: Turtwig|Shell Smash|p2a: Turtwig\n|-unboost|p2a: Turtwig|def|1\n|-unboost|p2a: Turtwig|spd|1\n|-boost|p2a: Turtwig|atk|2\n|-boost|p2a: Turtwig|spa|2\n|-boost|p2a: Turtwig|spe|2\n|\n|upkeep\n|turn|11\n|\n|t:|1700424628\n|move|p1a: Charizard|Air Slash|p2a: Turtwig\n|-supereffective|p2a: Turtwig\n|-damage|p2a: Turtwig|0 fnt\n|faint|p2a: Turtwig\n|\n|-fieldend|move: Grassy Terrain\n|upkeep\n|\n|t:|1700424638\n|switch|p2a: Chespin|Chespin, M, tera:Rock|26\/100\n|turn|12\n|\n|t:|1700424642\n|move|p1a: Charizard|Air Slash|p2a: Chespin|[miss]\n|-miss|p1a: Charizard|p2a: Chespin\n|move|p2a: Chespin|Leech Seed|p1a: Charizard\n|-start|p1a: Charizard|move: Leech Seed\n|\n|-damage|p1a: Charizard|88\/100|[from] Leech Seed|[of] p2a: Chespin\n|-heal|p2a: Chespin|38\/100|[silent]\n|upkeep\n|turn|13\n|\n|t:|1700424649\n|move|p2a: Chespin|Protect|p2a: Chespin\n|-singleturn|p2a: Chespin|Protect\n|move|p1a: Charizard|Air Slash|p2a: Chespin\n|-activate|p2a: Chespin|move: Protect\n|\n|-damage|p1a: Charizard|76\/100|[from] Leech Seed|[of] p2a: Chespin\n|-heal|p2a: Chespin|50\/100|[silent]\n|upkeep\n|turn|14\n|\n|t:|1700424657\n|move|p1a: Charizard|Air Slash|p2a: Chespin\n|-resisted|p2a: Chespin\n|-damage|p2a: Chespin|27\/100\n|move|p2a: Chespin|Synthesis|p2a: Chespin\n|-heal|p2a: Chespin|77\/100\n|\n|-damage|p1a: Charizard|63\/100|[from] Leech Seed|[of] p2a: Chespin\n|-heal|p2a: Chespin|89\/100|[silent]\n|upkeep\n|turn|15\n|\n|t:|1700424669\n|move|p1a: Charizard|Sunny Day|p1a: Charizard\n|-weather|SunnyDay\n|move|p2a: Chespin|Leech Seed||[still]\n|-fail|p2a: Chespin\n|\n|-weather|SunnyDay|[upkeep]\n|-damage|p1a: Charizard|51\/100|[from] ability: Solar Power|[of] p1a: Charizard\n|-damage|p1a: Charizard|38\/100|[from] Leech Seed|[of] p2a: Chespin\n|-heal|p2a: Chespin|100\/100|[silent]\n|upkeep\n|turn|16\n|\n|t:|1700424678\n|move|p2a: Chespin|Protect|p2a: Chespin\n|-singleturn|p2a: Chespin|Protect\n|move|p1a: Charizard|Fire Blast|p2a: Chespin\n|-activate|p2a: Chespin|move: Protect\n|\n|-weather|SunnyDay|[upkeep]\n|-damage|p1a: Charizard|26\/100|[from] ability: Solar Power|[of] p1a: Charizard\n|-damage|p1a: Charizard|14\/100|[from] Leech Seed|[of] p2a: Chespin\n|upkeep\n|-enditem|p1a: Charizard|Aguav Berry|[eat]\n|-heal|p1a: Charizard|47\/100|[from] item: Aguav Berry\n|turn|17\n|\n|t:|1700424692\n|move|p1a: Charizard|Fire Blast|p2a: Chespin\n|-resisted|p2a: Chespin\n|-damage|p2a: Chespin|25\/100\n|-status|p2a: Chespin|brn\n|move|p2a: Chespin|Synthesis|p2a: Chespin\n|-heal|p2a: Chespin|92\/100 brn\n|\n|-weather|SunnyDay|[upkeep]\n|-damage|p1a: Charizard|34\/100|[from] ability: Solar Power|[of] p1a: Charizard\n|-damage|p1a: Charizard|22\/100|[from] Leech Seed|[of] p2a: Chespin\n|-heal|p2a: Chespin|100\/100 brn|[silent]\n|-damage|p2a: Chespin|94\/100 brn|[from] brn\n|upkeep\n|turn|18\n|\n|t:|1700424718\n|switch|p1a: Sylveon|Sylveon, F|100\/100\n|move|p2a: Chespin|Protect||[still]\n|-fail|p2a: Chespin\n|\n|-weather|SunnyDay|[upkeep]\n|-damage|p2a: Chespin|88\/100 brn|[from] brn\n|upkeep\n|turn|19\n|\n|t:|1700424726\n|move|p1a: Sylveon|Wish|p1a: Sylveon\n|move|p2a: Chespin|Leech Seed|p1a: Sylveon\n|-start|p1a: Sylveon|move: Leech Seed\n|\n|-weather|none\n|-damage|p1a: Sylveon|88\/100|[from] Leech Seed|[of] p2a: Chespin\n|-heal|p2a: Chespin|100\/100 brn|[silent]\n|-damage|p2a: Chespin|94\/100 brn|[from] brn\n|upkeep\n|turn|20\n|\n|t:|1700424736\n|move|p1a: Sylveon|Calm Mind|p1a: Sylveon\n|-boost|p1a: Sylveon|spa|1\n|-boost|p1a: Sylveon|spd|1\n|move|p2a: Chespin|Leech Seed||[still]\n|-fail|p2a: Chespin\n|\n|-heal|p1a: Sylveon|100\/100|[from] move: Wish|[wisher] Sylveon\n|-damage|p1a: Sylveon|88\/100|[from] Leech Seed|[of] p2a: Chespin\n|-heal|p2a: Chespin|100\/100 brn|[silent]\n|-damage|p2a: Chespin|94\/100 brn|[from] brn\n|upkeep\n|turn|21\n|\n|t:|1700424747\n|switch|p2a: Charmander|Charmander, M|100\/100\n|move|p1a: Sylveon|Wish|p1a: Sylveon\n|\n|-heal|p1a: Sylveon|94\/100|[from] item: Leftovers\n|-damage|p1a: Sylveon|82\/100|[from] Leech Seed|[of] p2a: Charmander\n|upkeep\n|turn|22\n|\n|t:|1700424756\n|move|p2a: Charmander|Belly Drum|p2a: Charmander\n|-damage|p2a: Charmander|50\/100\n|-setboost|p2a: Charmander|atk|6|[from] move: Belly Drum\n|move|p1a: Sylveon|Calm Mind|p1a: Sylveon\n|-boost|p1a: Sylveon|spa|1\n|-boost|p1a: Sylveon|spd|1\n|\n|-heal|p1a: Sylveon|100\/100|[from] move: Wish|[wisher] Sylveon\n|-damage|p1a: Sylveon|88\/100|[from] Leech Seed|[of] p2a: Charmander\n|-heal|p2a: Charmander|69\/100|[silent]\n|upkeep\n|turn|23\n|\n|t:|1700424770\n|move|p1a: Sylveon|Protect|p1a: Sylveon\n|-singleturn|p1a: Sylveon|Protect\n|move|p2a: Charmander|Flame Charge|p1a: Sylveon\n|-activate|p1a: Sylveon|move: Protect\n|\n|-heal|p1a: Sylveon|94\/100|[from] item: Leftovers\n|-damage|p1a: Sylveon|82\/100|[from] Leech Seed|[of] p2a: Charmander\n|-heal|p2a: Charmander|88\/100|[silent]\n|upkeep\n|turn|24\n|\n|t:|1700424784\n|move|p2a: Charmander|Flame Charge|p1a: Sylveon\n|-damage|p1a: Sylveon|17\/100\n|-boost|p2a: Charmander|spe|1\n|move|p1a: Sylveon|Draining Kiss|p2a: Charmander\n|-resisted|p2a: Charmander\n|-damage|p2a: Charmander|36\/100\n|-heal|p1a: Sylveon|42\/100|[from] drain|[of] p2a: Charmander\n|\n|-heal|p1a: Sylveon|49\/100|[from] item: Leftovers\n|-damage|p1a: Sylveon|36\/100|[from] Leech Seed|[of] p2a: Charmander\n|-heal|p2a: Charmander|55\/100|[silent]\n|upkeep\n|turn|25\n|\n|t:|1700424803\n|switch|p1a: Tyranitar|Tyranitar, F|100\/100\n|-ability|p1a: Tyranitar|Unnerve\n|move|p2a: Charmander|Flame Charge|p1a: Tyranitar\n|-resisted|p1a: Tyranitar\n|-damage|p1a: Tyranitar|77\/100\n|-boost|p2a: Charmander|spe|1\n|\n|-heal|p1a: Tyranitar|83\/100|[from] item: Leftovers\n|upkeep\n|turn|26\n|\n|t:|1700424817\n|move|p2a: Charmander|Dragon Claw|p1a: Tyranitar\n|-damage|p1a: Tyranitar|36\/100\n|move|p1a: Tyranitar|Dragon Tail|p2a: Charmander\n|-damage|p2a: Charmander|0 fnt\n|faint|p2a: Charmander\n|\n|-heal|p1a: Tyranitar|42\/100|[from] item: Leftovers\n|upkeep\n|c|\u2606BruhMyNameIsDylan|Man\n|c|\u2606BruhMyNameIsDylan|I hate switch mechanic sometimes\n|inactive|BruhMyNameIsDylan has 120 seconds left.\n|c|\u2606BruhMyNameIsDylan|Imagine when its about to kill that one pok\u00e9mon and The person switches :\/\n|c|\u2606BruhMyNameIsDylan|Fucking coward man\n|inactive|BruhMyNameIsDylan has 90 seconds left.\n|\n|t:|1700424873\n|switch|p2a: Fuecoco|Fuecoco, M|94\/100\n|turn|27\n|c|\u2606GoldLego|I'm on phone so I can't see chats\n|\n|t:|1700424885\n|move|p1a: Tyranitar|Earthquake|p2a: Fuecoco\n|-supereffective|p2a: Fuecoco\n|-crit|p2a: Fuecoco\n|-damage|p2a: Fuecoco|0 fnt\n|faint|p2a: Fuecoco\n|\n|-heal|p1a: Tyranitar|49\/100|[from] item: Leftovers\n|upkeep\n|\n|t:|1700424890\n|switch|p2a: Piplup|Piplup, F, shiny|100\/100\n|turn|28\n|\n|t:|1700424900\n|move|p2a: Piplup|Chilling Water|p1a: Tyranitar\n|-supereffective|p1a: Tyranitar\n|-damage|p1a: Tyranitar|16\/100\n|-unboost|p1a: Tyranitar|atk|1\n|move|p1a: Tyranitar|Dragon Tail|p2a: Piplup\n|-damage|p2a: Piplup|84\/100\n|drag|p2a: Chespin|Chespin, M, tera:Rock|94\/100 brn\n|\n|-heal|p1a: Tyranitar|22\/100|[from] item: Leftovers\n|-damage|p2a: Chespin|88\/100 brn|[from] brn\n|upkeep\n|turn|29\n|\n|t:|1700424912\n|move|p1a: Tyranitar|Sandstorm|p1a: Tyranitar\n|-weather|Sandstorm\n|move|p2a: Chespin|Giga Drain|p1a: Tyranitar\n|-supereffective|p1a: Tyranitar\n|-damage|p1a: Tyranitar|3\/100\n|-heal|p2a: Chespin|99\/100 brn|[from] drain|[of] p1a: Tyranitar\n|\n|-weather|Sandstorm|[upkeep]\n|-heal|p1a: Tyranitar|9\/100|[from] item: Leftovers\n|-damage|p2a: Chespin|93\/100 brn|[from] brn\n|upkeep\n|turn|30\n|\n|t:|1700424926\n|move|p1a: Tyranitar|Earthquake|p2a: Chespin\n|-supereffective|p2a: Chespin\n|-damage|p2a: Chespin|61\/100 brn\n|move|p2a: Chespin|Giga Drain|p1a: Tyranitar\n|-supereffective|p1a: Tyranitar\n|-damage|p1a: Tyranitar|0 fnt\n|-heal|p2a: Chespin|65\/100 brn|[from] drain|[of] p1a: Tyranitar\n|faint|p1a: Tyranitar\n|\n|-weather|Sandstorm|[upkeep]\n|-damage|p2a: Chespin|59\/100 brn|[from] brn\n|upkeep\n|\n|t:|1700424938\n|switch|p1a: Garchomp|Garchomp, M, tera:Dragon|57\/100\n|turn|31\n|\n|t:|1700424943\n|move|p1a: Garchomp|Substitute|p1a: Garchomp\n|-start|p1a: Garchomp|Substitute\n|-damage|p1a: Garchomp|32\/100\n|move|p2a: Chespin|Leech Seed||[still]\n|-fail|p2a: Chespin\n|\n|-weather|Sandstorm|[upkeep]\n|-damage|p2a: Chespin|53\/100 brn|[from] brn\n|upkeep\n|turn|32\n|\n|t:|1700424951\n|move|p1a: Garchomp|Rest|p1a: Garchomp\n|-status|p1a: Garchomp|slp|[from] move: Rest\n|-heal|p1a: Garchomp|100\/100 slp|[silent]\n|move|p2a: Chespin|Synthesis|p2a: Chespin\n|-heal|p2a: Chespin|78\/100 brn\n|\n|-weather|Sandstorm|[upkeep]\n|-damage|p2a: Chespin|72\/100 brn|[from] brn\n|upkeep\n|turn|33\n|\n|t:|1700424971\n|cant|p1a: Garchomp|slp\n|move|p2a: Chespin|Giga Drain|p1a: Garchomp\n|-resisted|p1a: Garchomp\n|-activate|p1a: Garchomp|move: Substitute|[damage]\n|-heal|p2a: Chespin|77\/100 brn|[from] drain|[of] p1a: Garchomp\n|\n|-weather|none\n|-damage|p2a: Chespin|71\/100 brn|[from] brn\n|upkeep\n|turn|34\n|\n|t:|1700424980\n|cant|p1a: Garchomp|slp\n|move|p2a: Chespin|Giga Drain|p1a: Garchomp\n|-resisted|p1a: Garchomp\n|-activate|p1a: Garchomp|move: Substitute|[damage]\n|-heal|p2a: Chespin|75\/100 brn|[from] drain|[of] p1a: Garchomp\n|\n|-damage|p2a: Chespin|69\/100 brn|[from] brn\n|upkeep\n|turn|35\n|\n|t:|1700424989\n|-curestatus|p1a: Garchomp|slp|[msg]\n|move|p1a: Garchomp|Swords Dance|p1a: Garchomp\n|-boost|p1a: Garchomp|atk|2\n|move|p2a: Chespin|Giga Drain|p1a: Garchomp\n|-resisted|p1a: Garchomp\n|-activate|p1a: Garchomp|move: Substitute|[damage]\n|-heal|p2a: Chespin|74\/100 brn|[from] drain|[of] p1a: Garchomp\n|\n|-damage|p2a: Chespin|68\/100 brn|[from] brn\n|upkeep\n|turn|36\n|-message|BruhMyNameIsDylan forfeited.\n|\n|win|GoldLego\n|raw|GoldLego's rating: 1033 &rarr; <strong>1065<\/strong><br \/>(+32 for winning)\n|raw|BruhMyNameIsDylan's rating: 1000 &rarr; <strong>1000<\/strong><br \/>(+0 for losing)\n|l|\u2606BruhMyNameIsDylan\n","uploadtime":1700424862,"views":2,"p1id":"goldlego","p2id":"bruhmynameisdylan","formatid":"gen9anythinggoes","rating":1000,"private":0,"password":""}