{"id":"gen9anythinggoes-1979673737","p1":"Jeeker","p2":"kfowler42","format":"[Gen 9] Anything Goes","log":"|j|\u2606Jeeker\n|j|\u2606kfowler42\n|t:|1698702055\n|gametype|singles\n|player|p1|Jeeker|koga|\n|player|p2|kfowler42|medium|\n|teamsize|p1|6\n|teamsize|p2|6\n|gen|9\n|tier|[Gen 9] Anything Goes\n|rule|HP Percentage Mod: HP is shown in percentages\n|rule|Endless Battle Clause: Forcing endless battles is banned\n|clearpoke\n|poke|p1|Dragonite, M|\n|poke|p1|Gengar, M|\n|poke|p1|Jolteon, M|\n|poke|p1|Arcanine, M|\n|poke|p1|Articuno|\n|poke|p1|Salamence, M|\n|poke|p2|Iron Valiant|\n|poke|p2|Greninja-*, F|\n|poke|p2|Torterra, F|\n|poke|p2|Corviknight, F|\n|poke|p2|Sylveon, M|\n|poke|p2|Meowscarada, M|\n|teampreview\n|\n|t:|1698702121\n|start\n|switch|p1a: Cool Tall Dragon|Dragonite, M, shiny|100\/100\n|switch|p2a: K-pop Artist|Greninja, F|100\/100\n|turn|1\n|c|\u2606kfowler42|!weakness dragonite\n|c| kfowler42|\/raw <div class=\"infobox\">Dragonite (ignoring abilities):<br \/><span class=\"message-effect-weak\">Weaknesses<\/span>: Dragon, Fairy, <b>Ice<\/b>, Rock<br \/><span class=\"message-effect-resist\">Resistances<\/span>: Bug, Fighting, Fire, <b>Grass<\/b>, Water<br \/><span class=\"message-effect-immune\">Immunities<\/span>: Ground<\/div>\n|\n|t:|1698702145\n|move|p2a: K-pop Artist|Ice Beam|p1a: Cool Tall Dragon\n|-start|p2a: K-pop Artist|typechange|Ice|[from] ability: Protean\n|-supereffective|p1a: Cool Tall Dragon\n|-damage|p1a: Cool Tall Dragon|0 fnt\n|faint|p1a: Cool Tall Dragon\n|-damage|p2a: K-pop Artist|91\/100|[from] item: Life Orb\n|\n|upkeep\n|\n|t:|1698702188\n|switch|p1a: Cool Dog|Arcanine, M|100\/100\n|turn|2\n|\n|t:|1698702213\n|move|p2a: K-pop Artist|Hydro Pump|p1a: Cool Dog\n|-supereffective|p1a: Cool Dog\n|-damage|p1a: Cool Dog|0 fnt\n|faint|p1a: Cool Dog\n|-damage|p2a: K-pop Artist|81\/100|[from] item: Life Orb\n|\n|upkeep\n|\n|t:|1698702255\n|switch|p1a: Cool Monster|Gengar, M|100\/100\n|turn|3\n|c|\u2606kfowler42|!weakness gengar\n|c| kfowler42|\/raw <div class=\"infobox\">Gengar (ignoring abilities):<br \/><span class=\"message-effect-weak\">Weaknesses<\/span>: Dark, Ghost, Ground, Psychic<br \/><span class=\"message-effect-resist\">Resistances<\/span>: <b>Bug<\/b>, Fairy, Grass, <b>Poison<\/b><br \/><span class=\"message-effect-immune\">Immunities<\/span>: Fighting, Normal, Toxic, Trapping<\/div>\n|\n|t:|1698702269\n|move|p1a: Cool Monster|Sludge Bomb|p2a: K-pop Artist\n|-damage|p2a: K-pop Artist|12\/100\n|move|p2a: K-pop Artist|Dark Pulse|p1a: Cool Monster\n|-supereffective|p1a: Cool Monster\n|-damage|p1a: Cool Monster|0 fnt\n|faint|p1a: Cool Monster\n|-damage|p2a: K-pop Artist|2\/100|[from] item: Life Orb\n|\n|upkeep\n|\n|t:|1698702276\n|switch|p1a: Cool Puppy|Jolteon, M, shiny|100\/100\n|turn|4\n|c|\u2606kfowler42|!weakness jolteon\n|c| kfowler42|\/raw <div class=\"infobox\">Jolteon (ignoring abilities):<br \/><span class=\"message-effect-weak\">Weaknesses<\/span>: Ground<br \/><span class=\"message-effect-resist\">Resistances<\/span>: Electric, Flying, Steel<br \/><span class=\"message-effect-immune\">Immunities<\/span>: Paralysis<\/div>\n|\n|t:|1698702295\n|switch|p2a: Petsmart Fishtank|Torterra, F|100\/100\n|move|p1a: Cool Puppy|Volt Switch|p2a: Petsmart Fishtank\n|-immune|p2a: Petsmart Fishtank\n|\n|upkeep\n|turn|5\n|\n|t:|1698702310\n|switch|p1a: Cool Long Dragon|Salamence, M, shiny|100\/100\n|-ability|p1a: Cool Long Dragon|Intimidate|boost\n|-unboost|p2a: Petsmart Fishtank|atk|1\n|-enditem|p2a: Petsmart Fishtank|White Herb\n|-clearnegativeboost|p2a: Petsmart Fishtank|[silent]\n|-terastallize|p2a: Petsmart Fishtank|Ground\n|move|p2a: Petsmart Fishtank|Earthquake|p1a: Cool Long Dragon\n|-immune|p1a: Cool Long Dragon\n|\n|upkeep\n|turn|6\n|c|\u2606kfowler42|!weakness salamence\n|c| kfowler42|\/raw <div class=\"infobox\">Salamence (ignoring abilities):<br \/><span class=\"message-effect-weak\">Weaknesses<\/span>: Dragon, Fairy, <b>Ice<\/b>, Rock<br \/><span class=\"message-effect-resist\">Resistances<\/span>: Bug, Fighting, Fire, <b>Grass<\/b>, Water<br \/><span class=\"message-effect-immune\">Immunities<\/span>: Ground<\/div>\n|\n|t:|1698702359\n|move|p1a: Cool Long Dragon|Earthquake|p2a: Petsmart Fishtank\n|-damage|p2a: Petsmart Fishtank|65\/100\n|move|p2a: Petsmart Fishtank|Stone Edge|p1a: Cool Long Dragon\n|-supereffective|p1a: Cool Long Dragon\n|-crit|p1a: Cool Long Dragon\n|-damage|p1a: Cool Long Dragon|0 fnt\n|faint|p1a: Cool Long Dragon\n|\n|upkeep\n|\n|t:|1698702366\n|switch|p1a: Cool Bird|Articuno, shiny|100\/100\n|-ability|p1a: Cool Bird|Pressure\n|turn|7\n|c|\u2606kfowler42|!weakness articuno\n|c| kfowler42|\/raw <div class=\"infobox\">Articuno (ignoring abilities):<br \/><span class=\"message-effect-weak\">Weaknesses<\/span>: Electric, Fire, <b>Rock<\/b>, Steel<br \/><span class=\"message-effect-resist\">Resistances<\/span>: Bug, Grass<br \/><span class=\"message-effect-immune\">Immunities<\/span>: Ground, Frozen, Hail damage<\/div>\n|\n|t:|1698702387\n|move|p1a: Cool Bird|Ice Beam|p2a: Petsmart Fishtank\n|-supereffective|p2a: Petsmart Fishtank\n|-damage|p2a: Petsmart Fishtank|0 fnt\n|faint|p2a: Petsmart Fishtank\n|\n|upkeep\n|\n|t:|1698702396\n|switch|p2a: Abyzou|Corviknight, F|100\/100\n|-ability|p2a: Abyzou|Pressure\n|turn|8\n|\n|t:|1698702425\n|move|p1a: Cool Bird|Ice Beam|p2a: Abyzou\n|-damage|p2a: Abyzou|74\/100\n|move|p2a: Abyzou|Brave Bird|p1a: Cool Bird\n|-damage|p1a: Cool Bird|63\/100\n|-damage|p2a: Abyzou|64\/100|[from] Recoil\n|\n|-heal|p2a: Abyzou|70\/100|[from] item: Leftovers\n|upkeep\n|turn|9\n|\n|t:|1698702435\n|move|p1a: Cool Bird|Ice Beam|p2a: Abyzou\n|-damage|p2a: Abyzou|44\/100\n|-status|p2a: Abyzou|frz\n|cant|p2a: Abyzou|frz\n|\n|-heal|p2a: Abyzou|50\/100 frz|[from] item: Leftovers\n|upkeep\n|turn|10\n|\n|t:|1698702444\n|move|p1a: Cool Bird|Ice Beam|p2a: Abyzou\n|-damage|p2a: Abyzou|25\/100 frz\n|-curestatus|p2a: Abyzou|frz|[msg]\n|move|p2a: Abyzou|U-turn|p1a: Cool Bird\n|-resisted|p1a: Cool Bird\n|-damage|p1a: Cool Bird|56\/100\n|\n|t:|1698702457\n|switch|p2a: Marsha|Sylveon, M|100\/100|[from] U-turn\n|\n|upkeep\n|turn|11\n|\n|t:|1698702484\n|move|p1a: Cool Bird|Ice Beam|p2a: Marsha\n|-damage|p2a: Marsha|72\/100\n|move|p2a: Marsha|Calm Mind|p2a: Marsha\n|-boost|p2a: Marsha|spa|1\n|-boost|p2a: Marsha|spd|1\n|\n|-heal|p2a: Marsha|78\/100|[from] item: Leftovers\n|upkeep\n|turn|12\n|\n|t:|1698702495\n|move|p2a: Marsha|Protect|p2a: Marsha\n|-singleturn|p2a: Marsha|Protect\n|move|p1a: Cool Bird|Ice Beam|p2a: Marsha\n|-activate|p2a: Marsha|move: Protect\n|\n|-heal|p2a: Marsha|85\/100|[from] item: Leftovers\n|upkeep\n|turn|13\n|\n|t:|1698702502\n|move|p1a: Cool Bird|Ice Beam|p2a: Marsha\n|-damage|p2a: Marsha|68\/100\n|-status|p2a: Marsha|frz\n|cant|p2a: Marsha|frz\n|\n|-heal|p2a: Marsha|74\/100 frz|[from] item: Leftovers\n|upkeep\n|turn|14\n|\n|t:|1698702514\n|switch|p1a: Cool Puppy|Jolteon, M, shiny|100\/100\n|cant|p2a: Marsha|frz\n|\n|-heal|p2a: Marsha|80\/100 frz|[from] item: Leftovers\n|upkeep\n|turn|15\n|\n|t:|1698702524\n|cant|p2a: Marsha|frz\n|move|p1a: Cool Puppy|Thunderbolt|p2a: Marsha\n|-damage|p2a: Marsha|59\/100 frz\n|\n|-heal|p2a: Marsha|65\/100 frz|[from] item: Leftovers\n|upkeep\n|turn|16\n|\n|t:|1698702533\n|move|p1a: Cool Puppy|Trailblaze|p2a: Marsha\n|-damage|p2a: Marsha|59\/100 frz\n|-boost|p1a: Cool Puppy|spe|1\n|cant|p2a: Marsha|frz\n|\n|-heal|p2a: Marsha|65\/100 frz|[from] item: Leftovers\n|upkeep\n|turn|17\n|\n|t:|1698702546\n|move|p1a: Cool Puppy|Thunderbolt|p2a: Marsha\n|-damage|p2a: Marsha|47\/100 frz\n|cant|p2a: Marsha|frz\n|\n|-heal|p2a: Marsha|53\/100 frz|[from] item: Leftovers\n|upkeep\n|turn|18\n|\n|t:|1698702555\n|-curestatus|p2a: Marsha|frz|[msg]\n|move|p2a: Marsha|Protect|p2a: Marsha\n|-singleturn|p2a: Marsha|Protect\n|move|p1a: Cool Puppy|Thunderbolt|p2a: Marsha\n|-activate|p2a: Marsha|move: Protect\n|\n|-heal|p2a: Marsha|59\/100|[from] item: Leftovers\n|upkeep\n|turn|19\n|\n|t:|1698702563\n|move|p1a: Cool Puppy|Thunderbolt|p2a: Marsha\n|-damage|p2a: Marsha|38\/100\n|move|p2a: Marsha|Hyper Voice|p1a: Cool Puppy\n|-damage|p1a: Cool Puppy|27\/100\n|\n|-heal|p2a: Marsha|44\/100|[from] item: Leftovers\n|upkeep\n|turn|20\n|\n|t:|1698702578\n|move|p1a: Cool Puppy|Thunderbolt|p2a: Marsha\n|-damage|p2a: Marsha|25\/100\n|-status|p2a: Marsha|par\n|move|p2a: Marsha|Hyper Voice|p1a: Cool Puppy\n|-damage|p1a: Cool Puppy|0 fnt\n|faint|p1a: Cool Puppy\n|\n|-heal|p2a: Marsha|31\/100 par|[from] item: Leftovers\n|upkeep\n|\n|t:|1698702586\n|switch|p1a: Cool Bird|Articuno, shiny|56\/100\n|-ability|p1a: Cool Bird|Pressure\n|turn|21\n|\n|t:|1698702614\n|switch|p2a: Transformer Babe|Iron Valiant|100\/100\n|move|p1a: Cool Bird|Ice Beam|p2a: Transformer Babe\n|-damage|p2a: Transformer Babe|35\/100\n|-status|p2a: Transformer Babe|frz\n|\n|upkeep\n|turn|22\n|\n|t:|1698702626\n|-end|p2a: Transformer Babe|Quark Drive|[silent]\n|switch|p2a: Marsha|Sylveon, M|31\/100 par\n|move|p1a: Cool Bird|Ice Beam|p2a: Marsha\n|-damage|p2a: Marsha|4\/100 par\n|\n|-heal|p2a: Marsha|10\/100 par|[from] item: Leftovers\n|upkeep\n|turn|23\n|\n|t:|1698702641\n|move|p2a: Marsha|Protect|p2a: Marsha\n|-singleturn|p2a: Marsha|Protect\n|move|p1a: Cool Bird|Ice Beam|p2a: Marsha\n|-activate|p2a: Marsha|move: Protect\n|\n|-heal|p2a: Marsha|16\/100 par|[from] item: Leftovers\n|upkeep\n|turn|24\n|\n|t:|1698702651\n|move|p1a: Cool Bird|Ice Beam|p2a: Marsha\n|-damage|p2a: Marsha|0 fnt\n|faint|p2a: Marsha\n|\n|upkeep\n|\n|t:|1698702658\n|switch|p2a: Abyzou|Corviknight, F|25\/100\n|-ability|p2a: Abyzou|Pressure\n|turn|25\n|\n|t:|1698702667\n|move|p1a: Cool Bird|Ice Beam|p2a: Abyzou\n|-crit|p2a: Abyzou\n|-damage|p2a: Abyzou|0 fnt\n|faint|p2a: Abyzou\n|\n|upkeep\n|\n|t:|1698702682\n|switch|p2a: Transformer Babe|Iron Valiant|35\/100 frz\n|turn|26\n|\n|t:|1698702690\n|cant|p2a: Transformer Babe|frz\n|move|p1a: Cool Bird|Freeze-Dry|p2a: Transformer Babe\n|-damage|p2a: Transformer Babe|0 fnt\n|faint|p2a: Transformer Babe\n|-end|p2a: Transformer Babe|Quark Drive|[silent]\n|\n|upkeep\n|\n|t:|1698702696\n|switch|p2a: K-pop Artist|Greninja, F|2\/100\n|turn|27\n|\n|t:|1698702707\n|move|p2a: K-pop Artist|Hydro Pump|p1a: Cool Bird\n|-start|p2a: K-pop Artist|typechange|Water|[from] ability: Protean\n|-damage|p1a: Cool Bird|8\/100\n|-damage|p2a: K-pop Artist|0 fnt|[from] item: Life Orb\n|faint|p2a: K-pop Artist\n|move|p1a: Cool Bird|Freeze-Dry|p2: K-pop Artist|[notarget]\n|-fail|p1a: Cool Bird\n|\n|upkeep\n|\n|t:|1698702715\n|switch|p2a: Mutant Ninja Cat|Meowscarada, M|100\/100\n|turn|28\n|\n|t:|1698702739\n|-terastallize|p1a: Cool Bird|Fire\n|move|p2a: Mutant Ninja Cat|Play Rough|p1a: Cool Bird\n|-start|p2a: Mutant Ninja Cat|typechange|Fairy|[from] ability: Protean\n|-resisted|p1a: Cool Bird\n|-damage|p1a: Cool Bird|0 fnt\n|faint|p1a: Cool Bird\n|\n|win|kfowler42\n","uploadtime":1698702822,"views":11,"p1id":"jeeker","p2id":"kfowler42","formatid":"gen9anythinggoes","rating":0,"private":0,"password":""}