{"id":"gen9anythinggoes-1994342074","p1":"adrianpopu","p2":"trotman","format":"[Gen 9] Anything Goes","log":"|j|\u2606adrianpopu\n|j|\u2606trotman\n|t:|1700433079\n|gametype|singles\n|player|p1|adrianpopu|1|1220\n|player|p2|trotman|brycenman|1140\n|teamsize|p1|6\n|teamsize|p2|6\n|gen|9\n|tier|[Gen 9] Anything Goes\n|rated|\n|rule|HP Percentage Mod: HP is shown in percentages\n|rule|Endless Battle Clause: Forcing endless battles is banned\n|clearpoke\n|poke|p1|Sandslash, M|\n|poke|p1|Sandslash-Alola, M|\n|poke|p1|Ninetales-Alola, F|\n|poke|p1|Zoroark, F|\n|poke|p1|Dachsbun, F|\n|poke|p1|Espeon, F|\n|poke|p2|Ogerpon-Cornerstone, F|\n|poke|p2|Scream Tail|\n|poke|p2|Flutter Mane|\n|poke|p2|Amoonguss, F|\n|poke|p2|Cinderace, M|\n|poke|p2|Iron Bundle|\n|teampreview\n|\n|t:|1700433084\n|start\n|switch|p1a: Guismo|Sandslash, M|100\/100\n|switch|p2a: Amoonguss|Amoonguss, F, shiny|100\/100\n|turn|1\n|\n|t:|1700433094\n|move|p1a: Guismo|Stealth Rock|p2a: Amoonguss\n|-sidestart|p2: trotman|move: Stealth Rock\n|move|p2a: Amoonguss|Giga Drain|p1a: Guismo\n|-supereffective|p1a: Guismo\n|-damage|p1a: Guismo|34\/100\n|\n|upkeep\n|turn|2\n|\n|t:|1700433103\n|move|p1a: Guismo|Earthquake|p2a: Amoonguss\n|-damage|p2a: Amoonguss|66\/100\n|move|p2a: Amoonguss|Giga Drain|p1a: Guismo\n|-supereffective|p1a: Guismo\n|-damage|p1a: Guismo|0 fnt\n|-heal|p2a: Amoonguss|80\/100|[from] drain|[of] p1a: Guismo\n|faint|p1a: Guismo\n|\n|-heal|p2a: Amoonguss|87\/100|[from] item: Black Sludge\n|upkeep\n|\n|t:|1700433111\n|switch|p1a: Fubuki|Ninetales-Alola, F|100\/100\n|-weather|Snow|[from] ability: Snow Warning|[of] p1a: Fubuki\n|turn|3\n|\n|t:|1700433120\n|move|p1a: Fubuki|Freeze-Dry|p2a: Amoonguss\n|-supereffective|p2a: Amoonguss\n|-damage|p2a: Amoonguss|50\/100\n|move|p2a: Amoonguss|Spore|p1a: Fubuki\n|-status|p1a: Fubuki|slp|[from] move: Spore\n|\n|-weather|Snow|[upkeep]\n|-heal|p2a: Amoonguss|57\/100|[from] item: Black Sludge\n|upkeep\n|turn|4\n|\n|t:|1700433137\n|switch|p1a: Okayu|Espeon, F|100\/100\n|move|p2a: Amoonguss|Giga Drain|p1a: Okayu\n|-damage|p1a: Okayu|70\/100\n|-heal|p2a: Amoonguss|66\/100|[from] drain|[of] p1a: Okayu\n|\n|-weather|Snow|[upkeep]\n|-heal|p2a: Amoonguss|73\/100|[from] item: Black Sludge\n|upkeep\n|turn|5\n|\n|t:|1700433146\n|move|p1a: Okayu|Psyshock|p2a: Amoonguss\n|-supereffective|p2a: Amoonguss\n|-damage|p2a: Amoonguss|0 fnt\n|faint|p2a: Amoonguss\n|\n|-weather|Snow|[upkeep]\n|upkeep\n|\n|t:|1700433158\n|switch|p2a: Cinderace|Cinderace, M, shiny|100\/100\n|turn|6\n|\n|t:|1700433161\n|switch|p1a: Korone|Dachsbun, F|100\/100\n|move|p2a: Cinderace|Pyro Ball|p1a: Korone\n|-ability|p1a: Korone|Well-Baked Body|boost\n|-boost|p1a: Korone|def|2\n|\n|-weather|Snow|[upkeep]\n|upkeep\n|turn|7\n|\n|t:|1700433186\n|move|p2a: Cinderace|Court Change|p2a: Cinderace\n|-start|p2a: Cinderace|typechange|Normal|[from] ability: Libero\n|-swapsideconditions\n|-activate|p2a: Cinderace|move: Court Change\n|move|p1a: Korone|Body Press|p2a: Cinderace\n|-supereffective|p2a: Cinderace\n|-damage|p2a: Cinderace|0 fnt\n|faint|p2a: Cinderace\n|\n|-weather|none\n|upkeep\n|\n|t:|1700433198\n|switch|p2a: Ogerpon|Ogerpon-Cornerstone, F|100\/100\n|turn|8\n|\n|t:|1700433223\n|move|p2a: Ogerpon|Spiky Shield|p2a: Ogerpon\n|-singleturn|p2a: Ogerpon|move: Protect\n|move|p1a: Korone|Body Press|p2a: Ogerpon\n|-activate|p2a: Ogerpon|move: Protect\n|-damage|p1a: Korone|88\/100|[from] Spiky Shield|[of] p2a: Ogerpon\n|\n|-heal|p1a: Korone|94\/100|[from] item: Leftovers\n|upkeep\n|turn|9\n|\n|t:|1700433234\n|move|p1a: Korone|Protect|p1a: Korone\n|-singleturn|p1a: Korone|Protect\n|move|p2a: Ogerpon|Counter||[still]\n|-fail|p2a: Ogerpon\n|\n|-heal|p1a: Korone|99\/100|[from] item: Leftovers\n|upkeep\n|turn|10\n|\n|t:|1700433240\n|move|p2a: Ogerpon|Leech Seed|p1a: Korone\n|-start|p1a: Korone|move: Leech Seed\n|move|p1a: Korone|Body Press|p2a: Ogerpon\n|-supereffective|p2a: Ogerpon\n|-damage|p2a: Ogerpon|16\/100\n|\n|-heal|p1a: Korone|100\/100|[from] item: Leftovers\n|-damage|p1a: Korone|88\/100|[from] Leech Seed|[of] p2a: Ogerpon\n|-heal|p2a: Ogerpon|27\/100|[silent]\n|upkeep\n|turn|11\n|\n|t:|1700433251\n|switch|p2a: Flutter Mane|Flutter Mane, shiny|100\/100\n|-enditem|p2a: Flutter Mane|Booster Energy\n|-activate|p2a: Flutter Mane|ability: Protosynthesis|[fromitem]\n|-start|p2a: Flutter Mane|protosynthesisspe\n|move|p1a: Korone|Body Press|p2a: Flutter Mane\n|-immune|p2a: Flutter Mane\n|\n|-heal|p1a: Korone|94\/100|[from] item: Leftovers\n|-damage|p1a: Korone|82\/100|[from] Leech Seed|[of] p2a: Flutter Mane\n|upkeep\n|turn|12\n|\n|t:|1700433262\n|switch|p1a: Fubuki|Ninetales-Alola, F|100\/100 slp\n|-damage|p1a: Fubuki|76\/100 slp|[from] Stealth Rock\n|-weather|Snow|[from] ability: Snow Warning|[of] p1a: Fubuki\n|move|p2a: Flutter Mane|Moonblast|p1a: Fubuki\n|-damage|p1a: Fubuki|14\/100 slp\n|\n|-weather|Snow|[upkeep]\n|upkeep\n|turn|13\n|\n|t:|1700433277\n|move|p2a: Flutter Mane|Moonblast|p1a: Fubuki\n|-damage|p1a: Fubuki|0 fnt\n|faint|p1a: Fubuki\n|\n|-weather|Snow|[upkeep]\n|upkeep\n|\n|t:|1700433282\n|switch|p1a: Toshiro|Sandslash-Alola, M|100\/100\n|turn|14\n|\n|t:|1700433291\n|move|p2a: Flutter Mane|Mystical Fire|p1a: Toshiro\n|-supereffective|p1a: Toshiro\n|-damage|p1a: Toshiro|0 fnt\n|faint|p1a: Toshiro\n|\n|-weather|Snow|[upkeep]\n|upkeep\n|\n|t:|1700433299\n|switch|p1a: Okayu|Espeon, F|70\/100\n|-damage|p1a: Okayu|57\/100|[from] Stealth Rock\n|turn|15\n|\n|t:|1700433303\n|move|p2a: Flutter Mane|Shadow Ball|p1a: Okayu\n|-supereffective|p1a: Okayu\n|-damage|p1a: Okayu|0 fnt\n|faint|p1a: Okayu\n|\n|-weather|Snow|[upkeep]\n|upkeep\n|\n|t:|1700433314\n|switch|p1a: Korone|Dachsbun, F|82\/100\n|-damage|p1a: Korone|70\/100|[from] Stealth Rock\n|turn|16\n|\n|t:|1700433319\n|move|p1a: Korone|Protect|p1a: Korone\n|-singleturn|p1a: Korone|Protect\n|move|p2a: Flutter Mane|Moonblast|p1a: Korone\n|-activate|p1a: Korone|move: Protect\n|\n|-weather|none\n|-heal|p1a: Korone|76\/100|[from] item: Leftovers\n|upkeep\n|turn|17\n|\n|t:|1700433326\n|move|p2a: Flutter Mane|Moonblast|p1a: Korone\n|-damage|p1a: Korone|6\/100\n|-unboost|p1a: Korone|spa|1\n|move|p1a: Korone|Wish|p1a: Korone\n|\n|-heal|p1a: Korone|12\/100|[from] item: Leftovers\n|upkeep\n|turn|18\n|-message|adrianpopu forfeited.\n|\n|win|trotman\n|raw|adrianpopu's rating: 1220 &rarr; <strong>1189<\/strong><br \/>(-31 for losing)\n|raw|trotman's rating: 1140 &rarr; <strong>1171<\/strong><br \/>(+31 for winning)\n|l|\u2606adrianpopu\n","uploadtime":1700433348,"views":1,"p1id":"adrianpopu","p2id":"trotman","formatid":"gen9anythinggoes","rating":1171,"private":0,"password":""}