{"id":"gen9anythinggoes-1994309069","p1":"WinterFalling","p2":"Matsurizzzu","format":"[Gen 9] Anything Goes","log":"|j|\u2606WinterFalling\n|j|\u2606Matsurizzzu\n|t:|1700429557\n|gametype|singles\n|player|p1|WinterFalling|2|1121\n|player|p2|Matsurizzzu|dawn|1156\n|teamsize|p1|6\n|teamsize|p2|6\n|gen|9\n|tier|[Gen 9] Anything Goes\n|rated|\n|rule|HP Percentage Mod: HP is shown in percentages\n|rule|Endless Battle Clause: Forcing endless battles is banned\n|clearpoke\n|poke|p1|Froslass, F|\n|poke|p1|Abomasnow, L1, F|\n|poke|p1|Torkoal, F|\n|poke|p1|Lurantis, F|\n|poke|p1|Garchomp, M|\n|poke|p1|Ceruledge, F|\n|poke|p2|Staraptor, M|\n|poke|p2|Staraptor, M|\n|poke|p2|Staraptor, F|\n|poke|p2|Staraptor, F|\n|poke|p2|Staraptor, F|\n|poke|p2|Staraptor, M|\n|teampreview\n|inactive|Battle timer is ON: inactive players will automatically lose when time's up. (requested by WinterFalling)\n|\n|t:|1700429562\n|start\n|switch|p1a: Abomasnow|Abomasnow, L1, F|100\/100\n|switch|p2a: Staraptor|Staraptor, M|100\/100\n|-weather|Snow|[from] ability: Snow Warning|[of] p1a: Abomasnow\n|turn|1\n|c|\u2606Matsurizzzu|Glhf\n|\n|t:|1700429577\n|move|p2a: Staraptor|Brave Bird|p1a: Abomasnow\n|-supereffective|p1a: Abomasnow\n|-damage|p1a: Abomasnow|0 fnt\n|faint|p1a: Abomasnow\n|-damage|p2a: Staraptor|99\/100|[from] Recoil\n|-damage|p2a: Staraptor|89\/100|[from] item: Life Orb\n|\n|-weather|Snow|[upkeep]\n|upkeep\n|\n|t:|1700429586\n|switch|p1a: Froslass|Froslass, F|100\/100\n|turn|2\n|\n|t:|1700429590\n|move|p1a: Froslass|Double Team|p1a: Froslass\n|-boost|p1a: Froslass|evasion|1\n|move|p2a: Staraptor|Brave Bird|p1a: Froslass\n|-damage|p1a: Froslass|0 fnt\n|faint|p1a: Froslass\n|-damage|p2a: Staraptor|59\/100|[from] Recoil\n|-damage|p2a: Staraptor|49\/100|[from] item: Life Orb\n|\n|-weather|Snow|[upkeep]\n|upkeep\n|\n|t:|1700429601\n|switch|p1a: Torkoal|Torkoal, F|100\/100\n|-weather|SunnyDay|[from] ability: Drought|[of] p1a: Torkoal\n|turn|3\n|\n|t:|1700429606\n|move|p2a: Staraptor|Brave Bird|p1a: Torkoal\n|-damage|p1a: Torkoal|35\/100\n|-damage|p2a: Staraptor|25\/100|[from] Recoil\n|-damage|p2a: Staraptor|15\/100|[from] item: Life Orb\n|move|p1a: Torkoal|Eruption|p2a: Staraptor\n|-damage|p2a: Staraptor|0 fnt\n|faint|p2a: Staraptor\n|\n|-weather|SunnyDay|[upkeep]\n|upkeep\n|\n|t:|1700429610\n|switch|p2a: Staraptor|Staraptor, M|100\/100\n|turn|4\n|\n|t:|1700429622\n|move|p2a: Staraptor|Brave Bird|p1a: Torkoal\n|-damage|p1a: Torkoal|0 fnt\n|faint|p1a: Torkoal\n|-damage|p2a: Staraptor|88\/100|[from] Recoil\n|-damage|p2a: Staraptor|78\/100|[from] item: Life Orb\n|\n|-weather|SunnyDay|[upkeep]\n|upkeep\n|\n|t:|1700429632\n|switch|p1a: Lurantis|Lurantis, F|100\/100\n|turn|5\n|\n|t:|1700429637\n|move|p2a: Staraptor|Brave Bird|p1a: Lurantis\n|-supereffective|p1a: Lurantis\n|-damage|p1a: Lurantis|0 fnt\n|faint|p1a: Lurantis\n|-damage|p2a: Staraptor|42\/100|[from] Recoil\n|-damage|p2a: Staraptor|32\/100|[from] item: Life Orb\n|\n|-weather|SunnyDay|[upkeep]\n|upkeep\n|\n|t:|1700429646\n|switch|p1a: Ceruledge|Ceruledge, F|100\/100\n|turn|6\n|c|\u2606Matsurizzzu|Birb goes crazy\n|\n|t:|1700429653\n|move|p2a: Staraptor|Brave Bird|p1a: Ceruledge\n|-damage|p1a: Ceruledge|0 fnt\n|faint|p1a: Ceruledge\n|-damage|p2a: Staraptor|1\/100|[from] Recoil\n|-damage|p2a: Staraptor|0 fnt|[from] item: Life Orb\n|faint|p2a: Staraptor\n|\n|-weather|SunnyDay|[upkeep]\n|upkeep\n|\n|t:|1700429663\n|switch|p2a: Staraptor|Staraptor, F|100\/100\n|switch|p1a: Garchomp|Garchomp, M|100\/100\n|turn|7\n|\n|t:|1700429677\n|-terastallize|p1a: Garchomp|Dragon\n|move|p1a: Garchomp|Outrage|p2a: Staraptor\n|-damage|p2a: Staraptor|0 fnt\n|faint|p2a: Staraptor\n|\n|-weather|SunnyDay|[upkeep]\n|upkeep\n|\n|t:|1700429683\n|switch|p2a: Staraptor|Staraptor, F|100\/100\n|turn|8\n|\n|t:|1700429688\n|-terastallize|p2a: Staraptor|Normal\n|move|p2a: Staraptor|Quick Attack|p1a: Garchomp\n|-damage|p1a: Garchomp|67\/100\n|-damage|p2a: Staraptor|88\/100|[from] ability: Rough Skin|[of] p1a: Garchomp\n|-damage|p2a: Staraptor|72\/100|[from] item: Rocky Helmet|[of] p1a: Garchomp\n|-damage|p2a: Staraptor|62\/100|[from] item: Life Orb\n|move|p1a: Garchomp|Outrage|p2a: Staraptor|[from]lockedmove\n|-crit|p2a: Staraptor\n|-damage|p2a: Staraptor|0 fnt\n|faint|p2a: Staraptor\n|\n|-weather|SunnyDay|[upkeep]\n|upkeep\n|\n|t:|1700429695\n|switch|p2a: Staraptor|Staraptor, F|100\/100\n|turn|9\n|\n|t:|1700429704\n|move|p2a: Staraptor|Quick Attack|p1a: Garchomp\n|-damage|p1a: Garchomp|43\/100\n|-damage|p2a: Staraptor|88\/100|[from] ability: Rough Skin|[of] p1a: Garchomp\n|-damage|p2a: Staraptor|72\/100|[from] item: Rocky Helmet|[of] p1a: Garchomp\n|-damage|p2a: Staraptor|62\/100|[from] item: Life Orb\n|move|p1a: Garchomp|Outrage|p2a: Staraptor|[from]lockedmove\n|-damage|p2a: Staraptor|0 fnt\n|faint|p2a: Staraptor\n|-start|p1a: Garchomp|confusion|[fatigue]\n|\n|-weather|SunnyDay|[upkeep]\n|upkeep\n|\n|t:|1700429712\n|switch|p2a: Staraptor|Staraptor, M|100\/100\n|turn|10\n|\n|t:|1700429720\n|-activate|p1a: Garchomp|confusion\n|-damage|p1a: Garchomp|28\/100|[from] confusion\n|move|p2a: Staraptor|Brave Bird|p1a: Garchomp\n|-damage|p1a: Garchomp|0 fnt\n|-damage|p2a: Staraptor|88\/100|[from] ability: Rough Skin|[of] p1a: Garchomp\n|-damage|p2a: Staraptor|72\/100|[from] item: Rocky Helmet|[of] p1a: Garchomp\n|faint|p1a: Garchomp\n|-damage|p2a: Staraptor|62\/100|[from] Recoil\n|-damage|p2a: Staraptor|52\/100|[from] item: Life Orb\n|\n|win|Matsurizzzu\n|raw|WinterFalling's rating: 1121 &rarr; <strong>1099<\/strong><br \/>(-22 for losing)\n|raw|Matsurizzzu's rating: 1156 &rarr; <strong>1178<\/strong><br \/>(+22 for winning)\n|c|\u2606Matsurizzzu|Gg\n|l|\u2606WinterFalling\n","uploadtime":1700429734,"views":20,"p1id":"winterfalling","p2id":"matsurizzzu","formatid":"gen9anythinggoes","rating":1099,"private":0,"password":""}