{"id":"gen9anythinggoes-1997059001","p1":"not gaussfield","p2":"drohohoho","format":"[Gen 9] Anything Goes","log":"|j|\u2606not gaussfield\n|j|\u2606drohohoho\n|t:|1700760370\n|gametype|singles\n|player|p1|not gaussfield|tuli|1332\n|player|p2|drohohoho|266|1321\n|teamsize|p1|6\n|teamsize|p2|3\n|gen|9\n|tier|[Gen 9] Anything Goes\n|rated|\n|rule|HP Percentage Mod: HP is shown in percentages\n|rule|Endless Battle Clause: Forcing endless battles is banned\n|clearpoke\n|poke|p1|Calyrex-Shadow|\n|poke|p1|Groudon|\n|poke|p1|Flutter Mane|\n|poke|p1|Koraidon|\n|poke|p1|Giratina|\n|poke|p1|Toxapex, F|\n|poke|p2|Miraidon|\n|poke|p2|Ribombee, M|\n|poke|p2|Drifblim, M|\n|teampreview\n|inactive|Battle timer is ON: inactive players will automatically lose when time's up. (requested by drohohoho)\n|c|\u2606not gaussfield|holy moly\n|c|\u2606not gaussfield|just 3?\n|c|\u2606not gaussfield|you must know something that i do not\n|\n|t:|1700760389\n|start\n|switch|p1a: Giratina|Giratina|100\/100\n|switch|p2a: Drifblim|Drifblim, M, shiny|100\/100\n|-ability|p1a: Giratina|Pressure\n|turn|1\n|\n|t:|1700760396\n|move|p2a: Drifblim|Tailwind|p2a: Drifblim\n|-sidestart|p2: drohohoho|move: Tailwind\n|move|p1a: Giratina|Roar|p2a: Drifblim\n|drag|p2a: Miraidon|Miraidon|100\/100\n|-fieldstart|move: Electric Terrain|[from] ability: Hadron Engine|[of] p2a: Miraidon\n|\n|upkeep\n|turn|2\n|\n|t:|1700760403\n|switch|p2a: Drifblim|Drifblim, M, shiny|100\/100\n|move|p1a: Giratina|Protect||[still]\n|-fail|p1a: Giratina\n|\n|upkeep\n|turn|3\n|\n|t:|1700760407\n|move|p2a: Drifblim|Minimize|p2a: Drifblim\n|-boost|p2a: Drifblim|evasion|2\n|move|p1a: Giratina|Roar|p2a: Drifblim\n|drag|p2a: Ribombee|Ribombee, M, shiny|100\/100\n|\n|upkeep\n|turn|4\n|c|\u2606not gaussfield|where is it\n|c|\u2606not gaussfield|where's the tech that beats me\n|\n|t:|1700760436\n|move|p1a: Giratina|Protect|p1a: Giratina\n|-singleturn|p1a: Giratina|Protect\n|move|p2a: Ribombee|Quiver Dance|p2a: Ribombee\n|-boost|p2a: Ribombee|spa|1\n|-boost|p2a: Ribombee|spd|1\n|-boost|p2a: Ribombee|spe|1\n|\n|-sideend|p2: drohohoho|move: Tailwind\n|upkeep\n|turn|5\n|c|\u2606not gaussfield|ah, figures\n|\n|t:|1700760444\n|-terastallize|p1a: Giratina|Steel\n|move|p2a: Ribombee|Draining Kiss|p1a: Giratina\n|-resisted|p1a: Giratina\n|-damage|p1a: Giratina|95\/100\n|move|p1a: Giratina|Roar|p2a: Ribombee\n|drag|p2a: Miraidon|Miraidon|100\/100\n|-activate|p2a: Miraidon|ability: Hadron Engine\n|\n|-heal|p1a: Giratina|100\/100|[from] item: Leftovers\n|-fieldend|move: Electric Terrain\n|upkeep\n|turn|6\n|\n|t:|1700760455\n|move|p2a: Miraidon|Electro Drift|p1a: Giratina\n|-damage|p1a: Giratina|74\/100\n|move|p1a: Giratina|Dragon Tail|p2a: Miraidon\n|-supereffective|p2a: Miraidon\n|-damage|p2a: Miraidon|58\/100\n|drag|p2a: Drifblim|Drifblim, M, shiny|100\/100\n|\n|-heal|p1a: Giratina|80\/100|[from] item: Leftovers\n|upkeep\n|turn|7\n|\n|t:|1700760465\n|move|p2a: Drifblim|Substitute|p2a: Drifblim\n|-start|p2a: Drifblim|Substitute\n|-damage|p2a: Drifblim|76\/100\n|move|p1a: Giratina|Roar|p2a: Drifblim\n|drag|p2a: Ribombee|Ribombee, M, shiny|100\/100\n|\n|-heal|p1a: Giratina|87\/100|[from] item: Leftovers\n|upkeep\n|turn|8\n|\n|t:|1700760474\n|move|p2a: Ribombee|Bug Buzz|p1a: Giratina\n|-resisted|p1a: Giratina\n|-damage|p1a: Giratina|80\/100\n|move|p1a: Giratina|Shadow Force||[still]\n|-prepare|p1a: Giratina|Shadow Force\n|\n|-heal|p1a: Giratina|86\/100|[from] item: Leftovers\n|upkeep\n|turn|9\n|\n|t:|1700760480\n|move|p2a: Ribombee|Quiver Dance|p2a: Ribombee\n|-boost|p2a: Ribombee|spa|1\n|-boost|p2a: Ribombee|spd|1\n|-boost|p2a: Ribombee|spe|1\n|move|p1a: Giratina|Shadow Force|p2a: Ribombee|[from]lockedmove\n|-damage|p2a: Ribombee|47\/100\n|\n|-heal|p2a: Ribombee|54\/100|[from] item: Leftovers\n|-heal|p1a: Giratina|92\/100|[from] item: Leftovers\n|upkeep\n|turn|10\n|c|\u2606not gaussfield|don't let me with this 1v3\n|c|\u2606not gaussfield|win this*\n|inactive|drohohoho has 120 seconds left.\n|\n|t:|1700760527\n|move|p2a: Ribombee|Quiver Dance|p2a: Ribombee\n|-boost|p2a: Ribombee|spa|1\n|-boost|p2a: Ribombee|spd|1\n|-boost|p2a: Ribombee|spe|1\n|move|p1a: Giratina|Roar|p2a: Ribombee\n|drag|p2a: Miraidon|Miraidon|58\/100\n|-fieldstart|move: Electric Terrain|[from] ability: Hadron Engine|[of] p2a: Miraidon\n|\n|-heal|p1a: Giratina|99\/100|[from] item: Leftovers\n|upkeep\n|turn|11\n|c|\u2606not gaussfield|i mean really, it's one thing if you can tell me you only need 3 mons\n|c|\u2606not gaussfield|but if i only need 1?\n|\n|t:|1700760542\n|-terastallize|p2a: Miraidon|Electric\n|move|p2a: Miraidon|Electro Drift|p1a: Giratina\n|-damage|p1a: Giratina|40\/100\n|move|p1a: Giratina|Dragon Tail|p2a: Miraidon\n|-damage|p2a: Miraidon|37\/100\n|drag|p2a: Ribombee|Ribombee, M, shiny|54\/100\n|\n|-heal|p2a: Ribombee|60\/100|[from] item: Leftovers\n|-heal|p1a: Giratina|46\/100|[from] item: Leftovers\n|upkeep\n|turn|12\n|\n|t:|1700760554\n|move|p1a: Giratina|Protect|p1a: Giratina\n|-singleturn|p1a: Giratina|Protect\n|move|p2a: Ribombee|Quiver Dance|p2a: Ribombee\n|-boost|p2a: Ribombee|spa|1\n|-boost|p2a: Ribombee|spd|1\n|-boost|p2a: Ribombee|spe|1\n|\n|-heal|p2a: Ribombee|66\/100|[from] item: Leftovers\n|-heal|p1a: Giratina|52\/100|[from] item: Leftovers\n|upkeep\n|turn|13\n|\n|t:|1700760558\n|move|p2a: Ribombee|Quiver Dance|p2a: Ribombee\n|-boost|p2a: Ribombee|spa|1\n|-boost|p2a: Ribombee|spd|1\n|-boost|p2a: Ribombee|spe|1\n|move|p1a: Giratina|Roar|p2a: Ribombee\n|drag|p2a: Miraidon|Miraidon, tera:Electric|37\/100\n|-activate|p2a: Miraidon|ability: Hadron Engine\n|\n|-heal|p1a: Giratina|58\/100|[from] item: Leftovers\n|upkeep\n|turn|14\n|\n|t:|1700760562\n|move|p1a: Giratina|Protect|p1a: Giratina\n|-singleturn|p1a: Giratina|Protect\n|move|p2a: Miraidon|Electro Drift|p1a: Giratina\n|-activate|p1a: Giratina|move: Protect\n|\n|-heal|p1a: Giratina|64\/100|[from] item: Leftovers\n|-fieldend|move: Electric Terrain\n|upkeep\n|turn|15\n|\n|t:|1700760572\n|move|p2a: Miraidon|Electro Drift|p1a: Giratina\n|-damage|p1a: Giratina|28\/100\n|move|p1a: Giratina|Roar|p2a: Miraidon\n|drag|p2a: Drifblim|Drifblim, M, shiny|76\/100\n|\n|-heal|p1a: Giratina|34\/100|[from] item: Leftovers\n|-heal|p2a: Drifblim|82\/100|[from] item: Leftovers\n|upkeep\n|turn|16\n|\n|t:|1700760582\n|move|p2a: Drifblim|Tailwind|p2a: Drifblim\n|-sidestart|p2: drohohoho|move: Tailwind\n|move|p1a: Giratina|Dragon Tail|p2a: Drifblim\n|-damage|p2a: Drifblim|60\/100\n|drag|p2a: Ribombee|Ribombee, M, shiny|66\/100\n|\n|-heal|p2a: Ribombee|72\/100|[from] item: Leftovers\n|-heal|p1a: Giratina|41\/100|[from] item: Leftovers\n|upkeep\n|turn|17\n|\n|t:|1700760592\n|move|p1a: Giratina|Protect|p1a: Giratina\n|-singleturn|p1a: Giratina|Protect\n|move|p2a: Ribombee|Bug Buzz|p1a: Giratina\n|-activate|p1a: Giratina|move: Protect\n|\n|-heal|p2a: Ribombee|78\/100|[from] item: Leftovers\n|-heal|p1a: Giratina|47\/100|[from] item: Leftovers\n|upkeep\n|turn|18\n|\n|t:|1700760600\n|move|p2a: Ribombee|Quiver Dance|p2a: Ribombee\n|-boost|p2a: Ribombee|spa|1\n|-boost|p2a: Ribombee|spd|1\n|-boost|p2a: Ribombee|spe|1\n|move|p1a: Giratina|Shadow Force||[still]\n|-prepare|p1a: Giratina|Shadow Force\n|\n|-heal|p2a: Ribombee|84\/100|[from] item: Leftovers\n|-heal|p1a: Giratina|53\/100|[from] item: Leftovers\n|upkeep\n|turn|19\n|\n|t:|1700760609\n|move|p2a: Ribombee|Quiver Dance|p2a: Ribombee\n|-boost|p2a: Ribombee|spa|1\n|-boost|p2a: Ribombee|spd|1\n|-boost|p2a: Ribombee|spe|1\n|move|p1a: Giratina|Shadow Force|p2a: Ribombee|[from]lockedmove\n|-damage|p2a: Ribombee|21\/100\n|\n|-heal|p2a: Ribombee|27\/100|[from] item: Leftovers\n|-heal|p1a: Giratina|59\/100|[from] item: Leftovers\n|-sideend|p2: drohohoho|move: Tailwind\n|upkeep\n|turn|20\n|\n|t:|1700760616\n|move|p2a: Ribombee|Draining Kiss|p1a: Giratina\n|-resisted|p1a: Giratina\n|-damage|p1a: Giratina|52\/100\n|-heal|p2a: Ribombee|37\/100|[from] drain|[of] p1a: Giratina\n|move|p1a: Giratina|Roar|p2a: Ribombee\n|drag|p2a: Drifblim|Drifblim, M, shiny|60\/100\n|\n|-heal|p1a: Giratina|58\/100|[from] item: Leftovers\n|-heal|p2a: Drifblim|66\/100|[from] item: Leftovers\n|upkeep\n|turn|21\n|\n|t:|1700760627\n|move|p2a: Drifblim|Tailwind|p2a: Drifblim\n|-sidestart|p2: drohohoho|move: Tailwind\n|move|p1a: Giratina|Dragon Tail|p2a: Drifblim\n|-damage|p2a: Drifblim|45\/100\n|drag|p2a: Miraidon|Miraidon, tera:Electric|37\/100\n|-fieldstart|move: Electric Terrain|[from] ability: Hadron Engine|[of] p2a: Miraidon\n|\n|-heal|p1a: Giratina|64\/100|[from] item: Leftovers\n|upkeep\n|turn|22\n|\n|t:|1700760635\n|move|p1a: Giratina|Protect|p1a: Giratina\n|-singleturn|p1a: Giratina|Protect\n|move|p2a: Miraidon|Dragon Pulse|p1a: Giratina\n|-activate|p1a: Giratina|move: Protect\n|\n|-heal|p1a: Giratina|71\/100|[from] item: Leftovers\n|upkeep\n|turn|23\n|-message|drohohoho forfeited.\n|\n|win|not gaussfield\n|raw|not gaussfield's rating: 1332 &rarr; <strong>1351<\/strong><br \/>(+19 for winning)\n|raw|drohohoho's rating: 1321 &rarr; <strong>1302<\/strong><br \/>(-19 for losing)\n|l|\u2606drohohoho\n","uploadtime":1700760667,"views":11,"p1id":"notgaussfield","p2id":"drohohoho","formatid":"gen9anythinggoes","rating":1302,"private":0,"password":""}