{"id":"gen9anythinggoes-1994897881","p1":"dmesmd","p2":"Cooperthefurry","format":"[Gen 9] Anything Goes","log":"|j|\u2606dmesmd\n|j|\u2606Cooperthefurry\n|t:|1700502763\n|gametype|singles\n|player|p1|dmesmd|1|1163\n|player|p2|Cooperthefurry|lyra|1137\n|teamsize|p1|6\n|teamsize|p2|6\n|gen|9\n|tier|[Gen 9] Anything Goes\n|rated|\n|rule|HP Percentage Mod: HP is shown in percentages\n|rule|Endless Battle Clause: Forcing endless battles is banned\n|clearpoke\n|poke|p1|Arceus|\n|poke|p1|Calyrex-Shadow|\n|poke|p1|Koraidon|\n|poke|p1|Zacian-*|\n|poke|p1|Kyogre|\n|poke|p1|Grimmsnarl, M|\n|poke|p2|Ditto|\n|poke|p2|Ditto|\n|poke|p2|Ditto|\n|poke|p2|Ditto|\n|poke|p2|Ditto|\n|poke|p2|Basculegion, M|\n|teampreview\n|inactive|Battle timer is ON: inactive players will automatically lose when time's up. (requested by dmesmd)\n|\n|t:|1700502767\n|start\n|switch|p1a: Grimmsnarl|Grimmsnarl, M|100\/100\n|switch|p2a: Ditto|Ditto|100\/100\n|-transform|p2a: Ditto|p1a: Grimmsnarl|[from] ability: Imposter\n|turn|1\n|\n|t:|1700502777\n|move|p2a: Ditto|Taunt|p1a: Grimmsnarl\n|-hint|Since gen 7, Dark is immune to Prankster moves.\n|-immune|p1a: Grimmsnarl\n|move|p1a: Grimmsnarl|Reflect|p1a: Grimmsnarl\n|-sidestart|p1: dmesmd|Reflect\n|\n|upkeep\n|turn|2\n|\n|t:|1700502785\n|move|p2a: Ditto|Reflect|p2a: Ditto\n|-sidestart|p2: Cooperthefurry|Reflect\n|move|p1a: Grimmsnarl|Light Screen|p1a: Grimmsnarl\n|-sidestart|p1: dmesmd|move: Light Screen\n|\n|upkeep\n|turn|3\n|\n|t:|1700502791\n|move|p2a: Ditto|Light Screen|p2a: Ditto\n|-sidestart|p2: Cooperthefurry|move: Light Screen\n|move|p1a: Grimmsnarl|Parting Shot|p2a: Ditto\n|-hint|Since gen 7, Dark is immune to Prankster moves.\n|-immune|p2a: Ditto\n|\n|upkeep\n|turn|4\n|\n|t:|1700502811\n|switch|p1a: Zacian|Zacian-Crowned|100\/100\n|-ability|p1a: Zacian|Intrepid Sword|boost\n|-boost|p1a: Zacian|atk|1\n|move|p2a: Ditto|Taunt|p1a: Zacian\n|-start|p1a: Zacian|move: Taunt\n|\n|upkeep\n|turn|5\n|\n|t:|1700502819\n|move|p2a: Ditto|Parting Shot|p1a: Zacian\n|-unboost|p1a: Zacian|atk|1\n|-unboost|p1a: Zacian|spa|1\n|\n|t:|1700502823\n|switch|p2a: Ditto|Ditto|100\/100|[from] Parting Shot\n|-transform|p2a: Ditto|p1a: Zacian|[from] ability: Imposter\n|-ability|p2a: Ditto|Intrepid Sword|boost\n|-boost|p2a: Ditto|atk|1\n|move|p1a: Zacian|Behemoth Blade|p2a: Ditto\n|-crit|p2a: Ditto\n|-damage|p2a: Ditto|10\/100\n|\n|-heal|p2a: Ditto|16\/100|[from] item: Leftovers\n|upkeep\n|turn|6\n|\n|t:|1700502840\n|move|p2a: Ditto|Behemoth Blade|p1a: Zacian\n|-damage|p1a: Zacian|63\/100\n|move|p1a: Zacian|Behemoth Blade|p2a: Ditto\n|-crit|p2a: Ditto\n|-damage|p2a: Ditto|0 fnt\n|faint|p2a: Ditto\n|\n|-end|p1a: Zacian|move: Taunt\n|-sideend|p2: Cooperthefurry|Reflect\n|upkeep\n|\n|t:|1700502850\n|switch|p2a: Ditto|Ditto, shiny|100\/100\n|-transform|p2a: Ditto|p1a: Zacian|[from] ability: Imposter\n|-ability|p2a: Ditto|Intrepid Sword|boost\n|-boost|p2a: Ditto|atk|1\n|turn|7\n|\n|t:|1700502863\n|move|p2a: Ditto|Behemoth Blade|p1a: Zacian\n|-damage|p1a: Zacian|22\/100\n|move|p1a: Zacian|Behemoth Blade|p2a: Ditto\n|-damage|p2a: Ditto|39\/100\n|\n|-sideend|p2: Cooperthefurry|move: Light Screen\n|upkeep\n|turn|8\n|\n|t:|1700502871\n|move|p2a: Ditto|Behemoth Blade|p1a: Zacian\n|-damage|p1a: Zacian|0 fnt\n|faint|p1a: Zacian\n|\n|-sideend|p1: dmesmd|Reflect\n|upkeep\n|\n|t:|1700502890\n|switch|p1a: Calyrex|Calyrex-Shadow|100\/100\n|-ability|p1a: Calyrex|As One\n|-ability|p1a: Calyrex|Unnerve\n|turn|9\n|\n|t:|1700502897\n|move|p2a: Ditto|Behemoth Blade|p1a: Calyrex\n|-enditem|p1a: Calyrex|Focus Sash\n|-damage|p1a: Calyrex|1\/100\n|move|p1a: Calyrex|Astral Barrage|p2a: Ditto\n|-damage|p2a: Ditto|0 fnt\n|faint|p2a: Ditto\n|-ability|p1a: Calyrex|Grim Neigh|boost\n|-boost|p1a: Calyrex|spa|1\n|\n|-sideend|p1: dmesmd|move: Light Screen\n|upkeep\n|\n|t:|1700502908\n|switch|p2a: Ditto|Ditto|100\/100\n|-transform|p2a: Ditto|p1a: Calyrex|[from] ability: Imposter\n|turn|10\n|\n|t:|1700502916\n|-terastallize|p1a: Calyrex|Normal\n|move|p1a: Calyrex|Astral Barrage|p2a: Ditto\n|-supereffective|p2a: Ditto\n|-damage|p2a: Ditto|0 fnt\n|faint|p2a: Ditto\n|-ability|p1a: Calyrex|Grim Neigh|boost\n|-boost|p1a: Calyrex|spa|1\n|\n|upkeep\n|\n|t:|1700502925\n|switch|p2a: Ditto|Ditto|100\/100\n|-transform|p2a: Ditto|p1a: Calyrex|[from] ability: Imposter\n|-start|p2a: Ditto|typechange|Psychic\/Ghost|[silent]\n|turn|11\n|\n|t:|1700502933\n|move|p1a: Calyrex|Astral Barrage|p2a: Ditto\n|-supereffective|p2a: Ditto\n|-damage|p2a: Ditto|0 fnt\n|faint|p2a: Ditto\n|-ability|p1a: Calyrex|Grim Neigh|boost\n|-boost|p1a: Calyrex|spa|1\n|\n|upkeep\n|\n|t:|1700502939\n|switch|p2a: Ditto|Ditto|100\/100\n|-transform|p2a: Ditto|p1a: Calyrex|[from] ability: Imposter\n|-start|p2a: Ditto|typechange|Psychic\/Ghost|[silent]\n|turn|12\n|\n|t:|1700502944\n|move|p1a: Calyrex|Astral Barrage|p2a: Ditto\n|-supereffective|p2a: Ditto\n|-crit|p2a: Ditto\n|-damage|p2a: Ditto|0 fnt\n|faint|p2a: Ditto\n|-ability|p1a: Calyrex|Grim Neigh|boost\n|-boost|p1a: Calyrex|spa|1\n|\n|upkeep\n|\n|t:|1700502951\n|switch|p2a: walter white|Basculegion, M|100\/100\n|turn|13\n|\n|t:|1700502956\n|move|p1a: Calyrex|Astral Barrage|p2a: walter white\n|-supereffective|p2a: walter white\n|-enditem|p2a: walter white|Focus Sash\n|-damage|p2a: walter white|1\/100\n|move|p2a: walter white|Psychic Fangs|p1a: Calyrex\n|-damage|p1a: Calyrex|0 fnt\n|faint|p1a: Calyrex\n|\n|upkeep\n|\n|t:|1700502973\n|switch|p1a: Kyogre|Kyogre|100\/100\n|-weather|RainDance|[from] ability: Drizzle|[of] p1a: Kyogre\n|turn|14\n|-message|Cooperthefurry forfeited.\n|\n|win|dmesmd\n|raw|dmesmd's rating: 1163 &rarr; <strong>1186<\/strong><br \/>(+23 for winning)\n|raw|Cooperthefurry's rating: 1137 &rarr; <strong>1114<\/strong><br \/>(-23 for losing)\n|l|\u2606Cooperthefurry\n","uploadtime":1700502998,"views":0,"p1id":"dmesmd","p2id":"cooperthefurry","formatid":"gen9anythinggoes","rating":1114,"private":0,"password":""}