{"id":"gen9anythinggoes-1985630172","p1":"Diavolo from jjba","p2":"Cosplay Furret","format":"[Gen 9] Anything Goes","log":"|j|\u2606Diavolo from jjba\n|j|\u2606Cosplay Furret\n|t:|1699390559\n|gametype|singles\n|player|p1|Diavolo from jjba|unknown|\n|player|p2|Cosplay Furret|arven-s|\n|teamsize|p1|6\n|teamsize|p2|6\n|gen|9\n|tier|[Gen 9] Anything Goes\n|rule|HP Percentage Mod: HP is shown in percentages\n|rule|Endless Battle Clause: Forcing endless battles is banned\n|clearpoke\n|poke|p1|Maushold-Four|\n|poke|p1|Maushold-Four|\n|poke|p1|Maushold-Four|\n|poke|p1|Maushold-Four|\n|poke|p1|Maushold-Four|\n|poke|p1|Kingambit, M|\n|poke|p2|Grimmsnarl, M|\n|poke|p2|Glimmora, F|\n|poke|p2|Arceus|\n|poke|p2|Arceus-Ground|\n|poke|p2|Koraidon|\n|poke|p2|Calyrex-Shadow|\n|teampreview\n|c|\u2606Diavolo from jjba|my mice :D\n|\n|t:|1699390577\n|start\n|switch|p1a: hi friend! :)|Maushold-Four|100\/100\n|switch|p2a: Koraidon|Koraidon|100\/100\n|-weather|SunnyDay|[from] ability: Orichalcum Pulse|[of] p2a: Koraidon\n|-activate|p2a: Koraidon|Orichalcum Pulse|[source]\n|turn|1\n|\n|t:|1699390598\n|move|p2a: Koraidon|Dragon Claw|p1a: hi friend! :)\n|-damage|p1a: hi friend! :)|7\/100\n|move|p1a: hi friend! :)|Tidy Up|p1a: hi friend! :)\n|-boost|p1a: hi friend! :)|atk|1\n|-boost|p1a: hi friend! :)|spe|1\n|\n|-weather|SunnyDay|[upkeep]\n|upkeep\n|turn|2\n|\n|t:|1699390606\n|switch|p2a: Glimmora|Glimmora, F|100\/100\n|move|p1a: hi friend! :)|Population Bomb|p2a: Glimmora\n|-resisted|p2a: Glimmora\n|-damage|p2a: Glimmora|94\/100\n|-activate|p2a: Glimmora|ability: Toxic Debris\n|-sidestart|p1: Diavolo from jjba|move: Toxic Spikes\n|-resisted|p2a: Glimmora\n|-damage|p2a: Glimmora|87\/100\n|-activate|p2a: Glimmora|ability: Toxic Debris\n|-sidestart|p1: Diavolo from jjba|move: Toxic Spikes\n|-resisted|p2a: Glimmora\n|-damage|p2a: Glimmora|80\/100\n|-resisted|p2a: Glimmora\n|-damage|p2a: Glimmora|74\/100\n|-resisted|p2a: Glimmora\n|-damage|p2a: Glimmora|68\/100\n|-resisted|p2a: Glimmora\n|-damage|p2a: Glimmora|61\/100\n|-resisted|p2a: Glimmora\n|-damage|p2a: Glimmora|54\/100\n|-resisted|p2a: Glimmora\n|-damage|p2a: Glimmora|47\/100\n|-resisted|p2a: Glimmora\n|-crit|p2a: Glimmora\n|-damage|p2a: Glimmora|37\/100\n|-resisted|p2a: Glimmora\n|-damage|p2a: Glimmora|30\/100\n|-hitcount|p2a: Glimmora|10\n|\n|-weather|SunnyDay|[upkeep]\n|upkeep\n|turn|3\n|\n|t:|1699390613\n|move|p1a: hi friend! :)|Population Bomb|p2a: Glimmora\n|-resisted|p2a: Glimmora\n|-damage|p2a: Glimmora|24\/100\n|-resisted|p2a: Glimmora\n|-damage|p2a: Glimmora|17\/100\n|-resisted|p2a: Glimmora\n|-damage|p2a: Glimmora|11\/100\n|-resisted|p2a: Glimmora\n|-damage|p2a: Glimmora|4\/100\n|-resisted|p2a: Glimmora\n|-damage|p2a: Glimmora|0 fnt\n|faint|p2a: Glimmora\n|-hitcount|p2: Glimmora|5\n|\n|-weather|SunnyDay|[upkeep]\n|upkeep\n|\n|t:|1699390615\n|switch|p2a: Arceus|Arceus|100\/100\n|turn|4\n|\n|t:|1699390621\n|move|p2a: Arceus|Extreme Speed|p1a: hi friend! :)\n|-damage|p1a: hi friend! :)|0 fnt\n|faint|p1a: hi friend! :)\n|\n|-weather|SunnyDay|[upkeep]\n|upkeep\n|\n|t:|1699390624\n|switch|p1a: why did u kill me?|Maushold-Four|100\/100\n|-status|p1a: why did u kill me?|tox\n|turn|5\n|\n|t:|1699390629\n|move|p1a: why did u kill me?|Tidy Up|p1a: why did u kill me?\n|-sideend|p1: Diavolo from jjba|Toxic Spikes\n|-activate|p1a: why did u kill me?|move: Tidy Up\n|-boost|p1a: why did u kill me?|atk|1\n|-boost|p1a: why did u kill me?|spe|1\n|move|p2a: Arceus|Bulk Up|p2a: Arceus\n|-boost|p2a: Arceus|atk|1\n|-boost|p2a: Arceus|def|1\n|\n|-weather|none\n|-damage|p1a: why did u kill me?|94\/100 tox|[from] psn\n|upkeep\n|turn|6\n|\n|t:|1699390637\n|-terastallize|p2a: Arceus|Normal\n|move|p2a: Arceus|Extreme Speed|p1a: why did u kill me?\n|-damage|p1a: why did u kill me?|0 fnt\n|faint|p1a: why did u kill me?\n|\n|upkeep\n|\n|t:|1699390641\n|switch|p1a: dont be that guy.|Maushold-Four|100\/100\n|turn|7\n|\n|t:|1699390644\n|move|p2a: Arceus|Extreme Speed|p1a: dont be that guy.\n|-damage|p1a: dont be that guy.|0 fnt\n|faint|p1a: dont be that guy.\n|\n|upkeep\n|\n|t:|1699390647\n|switch|p1a: oh well..|Maushold-Four|100\/100\n|turn|8\n|\n|t:|1699390652\n|-terastallize|p1a: oh well..|Ghost\n|move|p2a: Arceus|Extreme Speed|p1a: oh well..\n|-immune|p1a: oh well..\n|move|p1a: oh well..|Tidy Up|p1a: oh well..\n|-boost|p1a: oh well..|atk|1\n|-boost|p1a: oh well..|spe|1\n|\n|upkeep\n|turn|9\n|\n|t:|1699390656\n|move|p1a: oh well..|Population Bomb|p2a: Arceus\n|-damage|p2a: Arceus|95\/100\n|-damage|p2a: Arceus|90\/100\n|-damage|p2a: Arceus|85\/100\n|-damage|p2a: Arceus|80\/100\n|-damage|p2a: Arceus|75\/100\n|-damage|p2a: Arceus|70\/100\n|-damage|p2a: Arceus|65\/100\n|-damage|p2a: Arceus|60\/100\n|-damage|p2a: Arceus|55\/100\n|-damage|p2a: Arceus|50\/100\n|-hitcount|p2a: Arceus|10\n|cant|p2a: Arceus|flinch\n|\n|-heal|p2a: Arceus|56\/100|[from] item: Leftovers\n|upkeep\n|turn|10\n|\n|t:|1699390661\n|move|p1a: oh well..|Population Bomb|p2a: Arceus\n|-damage|p2a: Arceus|50\/100\n|-damage|p2a: Arceus|45\/100\n|-hitcount|p2a: Arceus|2\n|move|p2a: Arceus|Shadow Claw|p1a: oh well..\n|-supereffective|p1a: oh well..\n|-damage|p1a: oh well..|0 fnt\n|faint|p1a: oh well..\n|\n|-heal|p2a: Arceus|52\/100|[from] item: Leftovers\n|upkeep\n|\n|t:|1699390664\n|switch|p1a: prepare for|Maushold-Four|100\/100\n|turn|11\n|\n|t:|1699390672\n|move|p2a: Arceus|Extreme Speed|p1a: prepare for\n|-damage|p1a: prepare for|0 fnt\n|faint|p1a: prepare for\n|\n|-heal|p2a: Arceus|58\/100|[from] item: Leftovers\n|upkeep\n|\n|t:|1699390676\n|switch|p1a: Maushold's Gambit|Kingambit, M|100\/100\n|-activate|p1a: Maushold's Gambit|ability: Supreme Overlord\n|-start|p1a: Maushold's Gambit|fallen5|[silent]\n|turn|12\n|\n|t:|1699390680\n|move|p2a: Arceus|Extreme Speed|p1a: Maushold's Gambit\n|-resisted|p1a: Maushold's Gambit\n|-damage|p1a: Maushold's Gambit|60\/100\n|move|p1a: Maushold's Gambit|Swords Dance|p1a: Maushold's Gambit\n|-boost|p1a: Maushold's Gambit|atk|2\n|\n|-heal|p2a: Arceus|64\/100|[from] item: Leftovers\n|upkeep\n|turn|13\n|\n|t:|1699390685\n|move|p2a: Arceus|Extreme Speed|p1a: Maushold's Gambit\n|-resisted|p1a: Maushold's Gambit\n|-damage|p1a: Maushold's Gambit|24\/100\n|move|p1a: Maushold's Gambit|Sucker Punch||[still]\n|-fail|p1a: Maushold's Gambit\n|\n|-heal|p2a: Arceus|70\/100|[from] item: Leftovers\n|upkeep\n|turn|14\n|\n|t:|1699390688\n|move|p2a: Arceus|Extreme Speed|p1a: Maushold's Gambit\n|-resisted|p1a: Maushold's Gambit\n|-damage|p1a: Maushold's Gambit|0 fnt\n|faint|p1a: Maushold's Gambit\n|-end|p1a: Maushold's Gambit|fallen5|[silent]\n|\n|win|Cosplay Furret\n|c|\u2606Diavolo from jjba|gg\n|c|\u2606Cosplay Furret|gg\n|l|\u2606Cosplay Furret\n|c|\u2606Diavolo from jjba|i made a mistake\n|l|\u2606Diavolo from jjba\n|j|\u2606Cosplay Furret\n|player|p2|Cosplay Furret|arven-s\n","uploadtime":1699390772,"views":4,"p1id":"diavolofromjjba","p2id":"cosplayfurret","formatid":"gen9anythinggoes","rating":0,"private":0,"password":""}