{"id":"gen9anythinggoes-1976054160","p1":"Atin007","p2":"Silver\/Omer","format":"[Gen 9] Anything Goes","log":"|j|\u2606Atin007\n|j|\u2606Silver\/Omer\n|t:|1698259799\n|gametype|singles\n|player|p1|Atin007|elesa|\n|player|p2|Silver\/Omer|skyla|\n|teamsize|p1|6\n|teamsize|p2|6\n|gen|9\n|tier|[Gen 9] Anything Goes\n|rule|HP Percentage Mod: HP is shown in percentages\n|rule|Endless Battle Clause: Forcing endless battles is banned\n|clearpoke\n|poke|p1|Iron Hands|\n|poke|p1|Samurott-Hisui, F|\n|poke|p1|Munkidori, M|\n|poke|p1|Braviary, M|\n|poke|p1|Garganacl, F|\n|poke|p1|Ceruledge, F|\n|poke|p2|Pelipper, F|\n|poke|p2|Altaria, M|\n|poke|p2|Golduck, M|\n|poke|p2|Zapdos|\n|poke|p2|Empoleon, F|\n|poke|p2|Staraptor, M|\n|teampreview\n|\n|t:|1698259854\n|start\n|switch|p1a: WARGLE|Braviary, M, shiny|100\/100\n|switch|p2a: Pelipper|Pelipper, F|100\/100\n|-weather|RainDance|[from] ability: Drizzle|[of] p2a: Pelipper\n|turn|1\n|\n|t:|1698259865\n|-terastallize|p1a: WARGLE|Electric\n|move|p1a: WARGLE|Tera Blast|p2a: Pelipper|[anim] Tera Blast Electric\n|-supereffective|p2a: Pelipper\n|-damage|p2a: Pelipper|0 fnt\n|faint|p2a: Pelipper\n|-damage|p1a: WARGLE|91\/100|[from] item: Life Orb\n|\n|-weather|RainDance|[upkeep]\n|upkeep\n|\n|t:|1698259882\n|switch|p2a: Zapdos|Zapdos|100\/100\n|turn|2\n|\n|t:|1698259907\n|move|p2a: Zapdos|Hurricane|p1a: WARGLE\n|-resisted|p1a: WARGLE\n|-damage|p1a: WARGLE|56\/100\n|move|p1a: WARGLE|Whirlwind|p2a: Zapdos\n|drag|p2a: Altaria|Altaria, M|100\/100\n|\n|-weather|RainDance|[upkeep]\n|upkeep\n|turn|3\n|\n|t:|1698259941\n|move|p1a: WARGLE|Brave Bird|p2a: Altaria\n|-damage|p2a: Altaria|0 fnt\n|faint|p2a: Altaria\n|-damage|p1a: WARGLE|28\/100|[from] Recoil\n|-damage|p1a: WARGLE|18\/100|[from] item: Life Orb\n|\n|-weather|RainDance|[upkeep]\n|upkeep\n|\n|t:|1698259952\n|switch|p2a: Golduck|Golduck, M|100\/100\n|turn|4\n|\n|t:|1698259963\n|move|p2a: Golduck|Liquidation|p1a: WARGLE\n|-damage|p1a: WARGLE|0 fnt\n|faint|p1a: WARGLE\n|\n|-weather|RainDance|[upkeep]\n|upkeep\n|\n|t:|1698259982\n|switch|p1a: ApprochingYou|Samurott-Hisui, F|100\/100\n|turn|5\n|\n|t:|1698259986\n|move|p2a: Golduck|Light Screen|p2a: Golduck\n|-sidestart|p2: Silver\/Omer|move: Light Screen\n|move|p1a: ApprochingYou|Ceaseless Edge|p2a: Golduck\n|-damage|p2a: Golduck|40\/100\n|-sidestart|p2: Silver\/Omer|Spikes\n|\n|-weather|none\n|upkeep\n|turn|6\n|\n|t:|1698260021\n|move|p1a: ApprochingYou|Ceaseless Edge|p2a: Golduck\n|-damage|p2a: Golduck|0 fnt\n|-sidestart|p2: Silver\/Omer|Spikes\n|faint|p2a: Golduck\n|\n|upkeep\n|\n|t:|1698260030\n|switch|p2a: Zapdos|Zapdos|100\/100\n|turn|7\n|\n|t:|1698260044\n|move|p2a: Zapdos|Thunderbolt|p1a: ApprochingYou\n|-supereffective|p1a: ApprochingYou\n|-damage|p1a: ApprochingYou|5\/100\n|move|p1a: ApprochingYou|Avalanche|p2a: Zapdos\n|-supereffective|p2a: Zapdos\n|-damage|p2a: Zapdos|13\/100\n|-status|p1a: ApprochingYou|par|[from] ability: Static|[of] p2a: Zapdos\n|\n|upkeep\n|turn|8\n|\n|t:|1698260057\n|move|p1a: ApprochingYou|Sucker Punch|p2a: Zapdos\n|-damage|p2a: Zapdos|0 fnt\n|faint|p2a: Zapdos\n|\n|upkeep\n|\n|t:|1698260062\n|switch|p2a: Empoleon|Empoleon, F|100\/100\n|-damage|p2a: Empoleon|84\/100|[from] Spikes\n|turn|9\n|\n|t:|1698260080\n|switch|p1a: CatchTheseHands|Iron Hands, shiny|100\/100\n|move|p2a: Empoleon|Flip Turn|p1a: CatchTheseHands\n|-damage|p1a: CatchTheseHands|88\/100\n|\n|t:|1698260085\n|switch|p2a: Staraptor|Staraptor, M|100\/100|[from] Flip Turn\n|\n|-heal|p1a: CatchTheseHands|95\/100|[from] item: Leftovers\n|-sideend|p2: Silver\/Omer|move: Light Screen\n|upkeep\n|turn|10\n|\n|t:|1698260126\n|-terastallize|p2a: Staraptor|Normal\n|move|p2a: Staraptor|Quick Attack|p1a: CatchTheseHands\n|-damage|p1a: CatchTheseHands|78\/100\n|move|p1a: CatchTheseHands|Thunder Punch|p2a: Staraptor\n|-damage|p2a: Staraptor|37\/100\n|\n|-heal|p1a: CatchTheseHands|84\/100|[from] item: Leftovers\n|upkeep\n|turn|11\n|\n|t:|1698260147\n|move|p2a: Staraptor|Double-Edge|p1a: CatchTheseHands\n|-damage|p1a: CatchTheseHands|28\/100\n|-damage|p2a: Staraptor|10\/100|[from] Recoil\n|move|p1a: CatchTheseHands|Drain Punch|p2a: Staraptor\n|-supereffective|p2a: Staraptor\n|-damage|p2a: Staraptor|0 fnt\n|-heal|p1a: CatchTheseHands|32\/100|[from] drain|[of] p2a: Staraptor\n|faint|p2a: Staraptor\n|\n|-heal|p1a: CatchTheseHands|38\/100|[from] item: Leftovers\n|upkeep\n|\n|t:|1698260157\n|switch|p2a: Empoleon|Empoleon, F|84\/100\n|-damage|p2a: Empoleon|67\/100|[from] Spikes\n|turn|12\n|\n|t:|1698260165\n|move|p1a: CatchTheseHands|Thunder Punch|p2a: Empoleon\n|-supereffective|p2a: Empoleon\n|-damage|p2a: Empoleon|0 fnt\n|faint|p2a: Empoleon\n|\n|win|Atin007\n","uploadtime":1698260245,"views":30,"p1id":"atin007","p2id":"silveromer","formatid":"gen9anythinggoes","rating":0,"private":0,"password":""}