{"id":"gen9anythinggoes-1981168955","p1":"tdty","p2":"americanboi69","format":"[Gen 9] Anything Goes","log":"|j|\u2606tdty\n|j|\u2606americanboi69\n|t:|1698869204\n|gametype|singles\n|player|p1|tdty|265|1430\n|player|p2|americanboi69|lucas|1467\n|teamsize|p1|6\n|teamsize|p2|6\n|gen|9\n|tier|[Gen 9] Anything Goes\n|rated|\n|rule|HP Percentage Mod: HP is shown in percentages\n|rule|Endless Battle Clause: Forcing endless battles is banned\n|clearpoke\n|poke|p1|Okidogi, M|\n|poke|p1|Clefable, M|\n|poke|p1|Flutter Mane|\n|poke|p1|Calyrex-Shadow|\n|poke|p1|Polteageist|\n|poke|p1|Magearna|\n|poke|p2|Calyrex-Shadow|\n|poke|p2|Pawmot, F|\n|poke|p2|Kyogre|\n|poke|p2|Houndstone, F|\n|poke|p2|Zacian-*|\n|poke|p2|Urshifu-*, F|\n|teampreview\n|inactive|Battle timer is ON: inactive players will automatically lose when time's up. (requested by americanboi69)\n|\n|t:|1698869217\n|start\n|switch|p1a: Calyrex|Calyrex-Shadow|100\/100\n|switch|p2a: Urshifu|Urshifu, F|100\/100\n|-ability|p1a: Calyrex|As One\n|-ability|p1a: Calyrex|Unnerve\n|turn|1\n|\n|t:|1698869235\n|move|p2a: Urshifu|Sucker Punch|p1a: Calyrex\n|-supereffective|p1a: Calyrex\n|-enditem|p1a: Calyrex|Focus Sash\n|-damage|p1a: Calyrex|1\/100\n|move|p1a: Calyrex|Grass Knot|p2a: Urshifu\n|-damage|p2a: Urshifu|39\/100\n|\n|upkeep\n|turn|2\n|\n|t:|1698869254\n|move|p2a: Urshifu|Sucker Punch||[still]\n|-fail|p2a: Urshifu\n|move|p1a: Calyrex|Encore|p2a: Urshifu\n|-start|p2a: Urshifu|Encore\n|\n|upkeep\n|turn|3\n|\n|t:|1698869263\n|switch|p1a: Magearna|Magearna|100\/100\n|move|p2a: Urshifu|Sucker Punch||[still]\n|-fail|p2a: Urshifu\n|\n|upkeep\n|turn|4\n|\n|t:|1698869270\n|switch|p2a: FAT WHALE|Kyogre|100\/100\n|-weather|RainDance|[from] ability: Drizzle|[of] p2a: FAT WHALE\n|move|p1a: Magearna|Shift Gear|p1a: Magearna\n|-boost|p1a: Magearna|spe|2\n|-boost|p1a: Magearna|atk|1\n|\n|-weather|RainDance|[upkeep]\n|upkeep\n|turn|5\n|\n|t:|1698869278\n|switch|p2a: Urshifu|Urshifu, F|39\/100\n|move|p1a: Magearna|Substitute|p1a: Magearna\n|-start|p1a: Magearna|Substitute\n|-damage|p1a: Magearna|76\/100\n|\n|-weather|RainDance|[upkeep]\n|upkeep\n|turn|6\n|\n|t:|1698869285\n|move|p1a: Magearna|Baton Pass|p1a: Magearna\n|\n|t:|1698869303\n|switch|p1a: Polteageist|Polteageist|100\/100|[from] Baton Pass\n|move|p2a: Urshifu|Taunt|p1a: Polteageist\n|-start|p1a: Polteageist|move: Taunt\n|\n|-weather|RainDance|[upkeep]\n|upkeep\n|turn|7\n|\n|t:|1698869315\n|move|p1a: Polteageist|Giga Drain|p2a: Urshifu\n|-damage|p2a: Urshifu|0 fnt\n|faint|p2a: Urshifu\n|\n|-weather|RainDance|[upkeep]\n|upkeep\n|\n|t:|1698869319\n|switch|p2a: BREAKING BAD|Houndstone, F|100\/100\n|turn|8\n|\n|t:|1698869330\n|move|p2a: BREAKING BAD|Shadow Sneak|p1a: Polteageist\n|-supereffective|p1a: Polteageist\n|-end|p1a: Polteageist|Substitute\n|move|p1a: Polteageist|Stored Power|p2a: BREAKING BAD\n|-damage|p2a: BREAKING BAD|66\/100\n|\n|-weather|none\n|-end|p1a: Polteageist|move: Taunt\n|upkeep\n|turn|9\n|\n|t:|1698869339\n|-terastallize|p1a: Polteageist|Normal\n|move|p2a: BREAKING BAD|Shadow Sneak|p1a: Polteageist\n|-immune|p1a: Polteageist\n|move|p1a: Polteageist|Shell Smash|p1a: Polteageist\n|-unboost|p1a: Polteageist|def|1\n|-unboost|p1a: Polteageist|spd|1\n|-boost|p1a: Polteageist|atk|2\n|-boost|p1a: Polteageist|spa|2\n|-boost|p1a: Polteageist|spe|2\n|\n|upkeep\n|turn|10\n|\n|t:|1698869348\n|move|p1a: Polteageist|Baton Pass|p1a: Polteageist\n|\n|t:|1698869356\n|switch|p1a: Magearna|Magearna|76\/100|[from] Baton Pass\n|-enditem|p1a: Magearna|White Herb\n|-clearnegativeboost|p1a: Magearna|[silent]\n|move|p2a: BREAKING BAD|Body Press|p1a: Magearna\n|-damage|p1a: Magearna|61\/100\n|\n|upkeep\n|turn|11\n|\n|t:|1698869365\n|move|p1a: Magearna|Substitute|p1a: Magearna\n|-start|p1a: Magearna|Substitute\n|-damage|p1a: Magearna|36\/100\n|move|p2a: BREAKING BAD|Last Respects|p1a: Magearna\n|-end|p1a: Magearna|Substitute\n|\n|upkeep\n|turn|12\n|\n|t:|1698869376\n|move|p1a: Magearna|Baton Pass|p1a: Magearna\n|\n|t:|1698869378\n|switch|p1a: Clefable|Clefable, M|100\/100|[from] Baton Pass\n|move|p2a: BREAKING BAD|Last Respects|p1a: Clefable\n|-damage|p1a: Clefable|55\/100\n|\n|upkeep\n|turn|13\n|\n|t:|1698869384\n|move|p1a: Clefable|Cosmic Power|p1a: Clefable\n|-boost|p1a: Clefable|def|1\n|-boost|p1a: Clefable|spd|1\n|move|p2a: BREAKING BAD|Body Press|p1a: Clefable\n|-resisted|p1a: Clefable\n|-damage|p1a: Clefable|49\/100\n|\n|upkeep\n|turn|14\n|\n|t:|1698869391\n|move|p1a: Clefable|Moonlight|p1a: Clefable\n|-heal|p1a: Clefable|99\/100\n|move|p2a: BREAKING BAD|Last Respects|p1a: Clefable\n|-damage|p1a: Clefable|67\/100\n|\n|upkeep\n|turn|15\n|inactive|tdty has 120 seconds left.\n|\n|t:|1698869422\n|switch|p2a: Emo Kid|Calyrex-Shadow|100\/100\n|-ability|p2a: Emo Kid|As One\n|-ability|p2a: Emo Kid|Unnerve\n|move|p1a: Clefable|Cosmic Power|p1a: Clefable\n|-boost|p1a: Clefable|def|1\n|-boost|p1a: Clefable|spd|1\n|\n|upkeep\n|turn|16\n|inactive|tdty has 120 seconds left.\n|\n|t:|1698869434\n|move|p1a: Clefable|Cosmic Power|p1a: Clefable\n|-boost|p1a: Clefable|def|1\n|-boost|p1a: Clefable|spd|1\n|move|p2a: Emo Kid|Haze|p2a: Emo Kid\n|-clearallboost\n|\n|upkeep\n|turn|17\n|\n|t:|1698869461\n|move|p2a: Emo Kid|Astral Barrage|p1a: Clefable\n|-damage|p1a: Clefable|4\/100\n|move|p1a: Clefable|Baton Pass|p1a: Clefable\n|inactive|tdty has 120 seconds left.\n|\n|t:|1698869479\n|switch|p1a: Flutter Mane|Flutter Mane|100\/100|[from] Baton Pass\n|\n|upkeep\n|turn|18\n|inactive|tdty has 120 seconds left.\n|\n|t:|1698869487\n|-terastallize|p2a: Emo Kid|Fighting\n|move|p2a: Emo Kid|Astral Barrage|p1a: Flutter Mane\n|-supereffective|p1a: Flutter Mane\n|-enditem|p1a: Flutter Mane|Focus Sash\n|-damage|p1a: Flutter Mane|1\/100\n|move|p1a: Flutter Mane|Taunt|p2a: Emo Kid\n|-start|p2a: Emo Kid|move: Taunt\n|\n|upkeep\n|turn|19\n|\n|t:|1698869497\n|move|p2a: Emo Kid|Draining Kiss|p1a: Flutter Mane\n|-damage|p1a: Flutter Mane|0 fnt\n|faint|p1a: Flutter Mane\n|-end|p1a: Flutter Mane|Protosynthesis|[silent]\n|-ability|p2a: Emo Kid|Grim Neigh|boost\n|-boost|p2a: Emo Kid|spa|1\n|\n|upkeep\n|\n|t:|1698869506\n|switch|p1a: Polteageist|Polteageist, tera:Normal|100\/100\n|turn|20\n|\n|t:|1698869529\n|move|p2a: Emo Kid|Psyshock|p1a: Polteageist\n|-enditem|p1a: Polteageist|Focus Sash\n|-damage|p1a: Polteageist|1\/100\n|move|p1a: Polteageist|Shell Smash|p1a: Polteageist\n|-unboost|p1a: Polteageist|def|1\n|-unboost|p1a: Polteageist|spd|1\n|-boost|p1a: Polteageist|atk|2\n|-boost|p1a: Polteageist|spa|2\n|-boost|p1a: Polteageist|spe|2\n|\n|upkeep\n|turn|21\n|\n|t:|1698869540\n|move|p1a: Polteageist|Stored Power|p2a: Emo Kid\n|-supereffective|p2a: Emo Kid\n|-enditem|p2a: Emo Kid|Focus Sash\n|-damage|p2a: Emo Kid|1\/100\n|move|p2a: Emo Kid|Draining Kiss|p1a: Polteageist\n|-damage|p1a: Polteageist|0 fnt\n|-heal|p2a: Emo Kid|1\/100|[from] drain|[of] p1a: Polteageist\n|faint|p1a: Polteageist\n|-ability|p2a: Emo Kid|Grim Neigh|boost\n|-boost|p2a: Emo Kid|spa|1\n|\n|-end|p2a: Emo Kid|move: Taunt\n|upkeep\n|\n|t:|1698869552\n|switch|p1a: Calyrex|Calyrex-Shadow|1\/100\n|-ability|p1a: Calyrex|As One\n|-ability|p1a: Calyrex|Unnerve\n|turn|22\n|\n|t:|1698869558\n|move|p2a: Emo Kid|Draining Kiss|p1a: Calyrex\n|-damage|p1a: Calyrex|0 fnt\n|-heal|p2a: Emo Kid|1\/100|[from] drain|[of] p1a: Calyrex\n|faint|p1a: Calyrex\n|-ability|p2a: Emo Kid|Grim Neigh|boost\n|-boost|p2a: Emo Kid|spa|1\n|\n|upkeep\n|\n|t:|1698869569\n|switch|p1a: Magearna|Magearna|36\/100\n|turn|23\n|\n|t:|1698869593\n|move|p2a: Emo Kid|Astral Barrage|p1a: Magearna\n|-damage|p1a: Magearna|0 fnt\n|faint|p1a: Magearna\n|-ability|p2a: Emo Kid|Grim Neigh|boost\n|-boost|p2a: Emo Kid|spa|1\n|\n|upkeep\n|-message|tdty forfeited.\n|\n|win|americanboi69\n|raw|tdty's rating: 1430 &rarr; <strong>1412<\/strong><br \/>(-18 for losing)\n|raw|americanboi69's rating: 1467 &rarr; <strong>1485<\/strong><br \/>(+18 for winning)\n|l|\u2606tdty\n","uploadtime":1698869621,"views":5,"p1id":"tdty","p2id":"americanboi69","formatid":"gen9anythinggoes","rating":1412,"private":0,"password":""}