{"id":"gen9anythinggoes-1984161340","p1":"kaizer1120","p2":"Miles545","format":"[Gen 9] Anything Goes","log":"|j|\u2606kaizer1120\n|j|\u2606Miles545\n|t:|1699225115\n|gametype|singles\n|player|p1|kaizer1120|101|\n|player|p2|Miles545|sailor|\n|teamsize|p1|6\n|teamsize|p2|6\n|gen|9\n|tier|[Gen 9] Anything Goes\n|rule|HP Percentage Mod: HP is shown in percentages\n|rule|Endless Battle Clause: Forcing endless battles is banned\n|clearpoke\n|poke|p1|Gholdengo|\n|poke|p1|Garchomp, F|\n|poke|p1|Meowscarada, M|\n|poke|p1|Azumarill, F|\n|poke|p1|Barraskewda, F|\n|poke|p1|Pelipper, M|\n|poke|p2|Iron Bundle|\n|poke|p2|Iron Moth|\n|poke|p2|Iron Hands|\n|poke|p2|Iron Jugulis|\n|poke|p2|Sandy Shocks|\n|poke|p2|Arcanine-Hisui, M|\n|teampreview\n|\n|t:|1699225129\n|start\n|switch|p1a: Meowscarada|Meowscarada, M|100\/100\n|switch|p2a: Sandy Shocks|Sandy Shocks|100\/100\n|-enditem|p2a: Sandy Shocks|Booster Energy\n|-activate|p2a: Sandy Shocks|ability: Protosynthesis|[fromitem]\n|-start|p2a: Sandy Shocks|protosynthesisspe\n|turn|1\n|\n|t:|1699225168\n|move|p2a: Sandy Shocks|Electric Terrain|p2a: Sandy Shocks\n|-fieldstart|move: Electric Terrain\n|move|p1a: Meowscarada|Flower Trick|p2a: Sandy Shocks\n|-start|p1a: Meowscarada|typechange|Grass|[from] ability: Protean\n|-supereffective|p2a: Sandy Shocks\n|-crit|p2a: Sandy Shocks\n|-damage|p2a: Sandy Shocks|0 fnt\n|faint|p2a: Sandy Shocks\n|-end|p2a: Sandy Shocks|Protosynthesis|[silent]\n|\n|upkeep\n|\n|t:|1699225179\n|switch|p2a: Iron Jugulis|Iron Jugulis|100\/100\n|-activate|p2a: Iron Jugulis|ability: Quark Drive\n|-start|p2a: Iron Jugulis|quarkdrivespe\n|turn|2\n|\n|t:|1699225235\n|switch|p1a: Azumarill|Azumarill, F|100\/100\n|move|p2a: Iron Jugulis|Flamethrower|p1a: Azumarill\n|-resisted|p1a: Azumarill\n|-damage|p1a: Azumarill|85\/100\n|\n|upkeep\n|turn|3\n|\n|t:|1699225309\n|-end|p2a: Iron Jugulis|Quark Drive|[silent]\n|switch|p2a: Iron Bundle|Iron Bundle|100\/100\n|-activate|p2a: Iron Bundle|ability: Quark Drive\n|-start|p2a: Iron Bundle|quarkdrivespe\n|move|p1a: Azumarill|Draining Kiss|p2a: Iron Bundle\n|-damage|p2a: Iron Bundle|78\/100\n|-heal|p1a: Azumarill|95\/100|[from] drain|[of] p2a: Iron Bundle\n|\n|upkeep\n|turn|4\n|\n|t:|1699225334\n|switch|p1a: Gholdengo|Gholdengo|100\/100\n|-item|p1a: Gholdengo|Air Balloon\n|move|p2a: Iron Bundle|Freeze-Dry|p1a: Gholdengo\n|-resisted|p1a: Gholdengo\n|-damage|p1a: Gholdengo|86\/100\n|-status|p1a: Gholdengo|frz\n|-enditem|p1a: Gholdengo|Air Balloon\n|\n|upkeep\n|turn|5\n|\n|t:|1699225361\n|move|p2a: Iron Bundle|Flip Turn|p1a: Gholdengo\n|-damage|p1a: Gholdengo|75\/100 frz\n|\n|t:|1699225364\n|-end|p2a: Iron Bundle|Quark Drive|[silent]\n|switch|p2a: Arcanine|Arcanine-Hisui, M|100\/100|[from] Flip Turn\n|cant|p1a: Gholdengo|frz\n|\n|-fieldend|move: Electric Terrain\n|upkeep\n|turn|6\n|\n|t:|1699225386\n|switch|p1a: Azumarill|Azumarill, F|95\/100\n|move|p2a: Arcanine|Flare Blitz|p1a: Azumarill\n|-resisted|p1a: Azumarill\n|-damage|p1a: Azumarill|64\/100\n|\n|upkeep\n|turn|7\n|\n|t:|1699225415\n|move|p1a: Azumarill|Aqua Jet|p2a: Arcanine\n|-supereffective|p2a: Arcanine\n|-damage|p2a: Arcanine|0 fnt\n|faint|p2a: Arcanine\n|\n|upkeep\n|\n|t:|1699225428\n|switch|p2a: Iron Bundle|Iron Bundle|78\/100\n|turn|8\n|\n|t:|1699225441\n|switch|p1a: Gholdengo|Gholdengo|75\/100 frz\n|move|p2a: Iron Bundle|Freeze-Dry|p1a: Gholdengo\n|-resisted|p1a: Gholdengo\n|-damage|p1a: Gholdengo|61\/100 frz\n|\n|upkeep\n|turn|9\n|\n|t:|1699225458\n|move|p2a: Iron Bundle|Flip Turn|p1a: Gholdengo\n|-damage|p1a: Gholdengo|49\/100 frz\n|\n|t:|1699225465\n|-end|p2a: Iron Bundle|Quark Drive|[silent]\n|switch|p2a: Iron Moth|Iron Moth|100\/100|[from] Flip Turn\n|cant|p1a: Gholdengo|frz\n|\n|upkeep\n|turn|10\n|\n|t:|1699225524\n|switch|p1a: Garchomp|Garchomp, F|100\/100\n|move|p2a: Iron Moth|Sludge Wave|p1a: Garchomp\n|-resisted|p1a: Garchomp\n|-damage|p1a: Garchomp|72\/100\n|\n|upkeep\n|turn|11\n|\n|t:|1699225598\n|move|p2a: Iron Moth|Dazzling Gleam|p1a: Garchomp\n|-supereffective|p1a: Garchomp\n|-damage|p1a: Garchomp|12\/100\n|move|p1a: Garchomp|Stone Edge|p2a: Iron Moth\n|-supereffective|p2a: Iron Moth\n|-damage|p2a: Iron Moth|0 fnt\n|faint|p2a: Iron Moth\n|-end|p2a: Iron Moth|Quark Drive|[silent]\n|\n|upkeep\n|\n|t:|1699225610\n|switch|p2a: Iron Bundle|Iron Bundle|78\/100\n|turn|12\n|\n|t:|1699225633\n|switch|p1a: Gholdengo|Gholdengo|49\/100 frz\n|move|p2a: Iron Bundle|Freeze-Dry|p1a: Gholdengo\n|-resisted|p1a: Gholdengo\n|-damage|p1a: Gholdengo|34\/100 frz\n|\n|upkeep\n|turn|13\n|\n|t:|1699225644\n|move|p2a: Iron Bundle|Flip Turn|p1a: Gholdengo\n|-damage|p1a: Gholdengo|22\/100 frz\n|\n|t:|1699225647\n|-end|p2a: Iron Bundle|Quark Drive|[silent]\n|switch|p2a: Iron Jugulis|Iron Jugulis|100\/100|[from] Flip Turn\n|cant|p1a: Gholdengo|frz\n|\n|upkeep\n|turn|14\n|\n|t:|1699225739\n|switch|p1a: Azumarill|Azumarill, F|64\/100\n|move|p2a: Iron Jugulis|Earth Power|p1a: Azumarill\n|-crit|p1a: Azumarill\n|-damage|p1a: Azumarill|19\/100\n|-unboost|p1a: Azumarill|spd|1\n|\n|upkeep\n|turn|15\n|\n|t:|1699225761\n|move|p1a: Azumarill|Aqua Jet|p2a: Iron Jugulis\n|-damage|p2a: Iron Jugulis|59\/100\n|move|p2a: Iron Jugulis|Earth Power|p1a: Azumarill\n|-damage|p1a: Azumarill|0 fnt\n|faint|p1a: Azumarill\n|\n|upkeep\n|\n|t:|1699225781\n|switch|p1a: Pelipper|Pelipper, M|100\/100\n|-weather|RainDance|[from] ability: Drizzle|[of] p1a: Pelipper\n|turn|16\n|\n|t:|1699225835\n|move|p2a: Iron Jugulis|Hurricane|p1a: Pelipper\n|-damage|p1a: Pelipper|45\/100\n|-start|p1a: Pelipper|confusion\n|-activate|p1a: Pelipper|confusion\n|move|p1a: Pelipper|U-turn|p2a: Iron Jugulis\n|-damage|p2a: Iron Jugulis|49\/100\n|\n|t:|1699225845\n|switch|p1a: Barraskewda|Barraskewda, F|100\/100|[from] U-turn\n|\n|-weather|RainDance|[upkeep]\n|upkeep\n|turn|17\n|\n|t:|1699225864\n|move|p1a: Barraskewda|Close Combat|p2a: Iron Jugulis\n|-damage|p2a: Iron Jugulis|3\/100\n|-unboost|p1a: Barraskewda|def|1\n|-unboost|p1a: Barraskewda|spd|1\n|move|p2a: Iron Jugulis|Hurricane|p1a: Barraskewda\n|-damage|p1a: Barraskewda|0 fnt\n|faint|p1a: Barraskewda\n|\n|-weather|RainDance|[upkeep]\n|upkeep\n|\n|t:|1699225987\n|switch|p1a: Meowscarada|Meowscarada, M|100\/100\n|turn|18\n|\n|t:|1699226019\n|move|p1a: Meowscarada|Flower Trick|p2a: Iron Jugulis\n|-start|p1a: Meowscarada|typechange|Grass|[from] ability: Protean\n|-resisted|p2a: Iron Jugulis\n|-crit|p2a: Iron Jugulis\n|-damage|p2a: Iron Jugulis|0 fnt\n|faint|p2a: Iron Jugulis\n|-end|p2a: Iron Jugulis|Quark Drive|[silent]\n|\n|-weather|RainDance|[upkeep]\n|upkeep\n|\n|t:|1699226034\n|switch|p2a: Iron Hands|Iron Hands|100\/100\n|turn|19\n|\n|t:|1699226172\n|switch|p1a: Gholdengo|Gholdengo|22\/100 frz\n|move|p2a: Iron Hands|Ice Punch|p1a: Gholdengo\n|-resisted|p1a: Gholdengo\n|-damage|p1a: Gholdengo|8\/100 frz\n|\n|-weather|RainDance|[upkeep]\n|upkeep\n|turn|20\n|\n|t:|1699226193\n|cant|p1a: Gholdengo|frz\n|move|p2a: Iron Hands|Ice Punch|p1a: Gholdengo\n|-resisted|p1a: Gholdengo\n|-damage|p1a: Gholdengo|0 fnt\n|faint|p1a: Gholdengo\n|\n|-weather|RainDance|[upkeep]\n|upkeep\n|\n|t:|1699226199\n|switch|p1a: Garchomp|Garchomp, F|12\/100\n|turn|21\n|\n|t:|1699226423\n|move|p1a: Garchomp|Scale Shot|p2a: Iron Hands\n|-damage|p2a: Iron Hands|90\/100\n|-damage|p2a: Iron Hands|81\/100\n|-damage|p2a: Iron Hands|72\/100\n|-damage|p2a: Iron Hands|62\/100\n|-damage|p2a: Iron Hands|52\/100\n|-hitcount|p2a: Iron Hands|5\n|-unboost|p1a: Garchomp|def|1\n|-boost|p1a: Garchomp|spe|1\n|move|p2a: Iron Hands|Ice Punch|p1a: Garchomp\n|-supereffective|p1a: Garchomp\n|-damage|p1a: Garchomp|0 fnt\n|faint|p1a: Garchomp\n|\n|-weather|RainDance|[upkeep]\n|upkeep\n|\n|t:|1699226439\n|switch|p1a: Meowscarada|Meowscarada, M|100\/100\n|turn|22\n|\n|t:|1699226447\n|move|p1a: Meowscarada|Flower Trick|p2a: Iron Hands\n|-start|p1a: Meowscarada|typechange|Grass|[from] ability: Protean\n|-crit|p2a: Iron Hands\n|-damage|p2a: Iron Hands|18\/100\n|move|p2a: Iron Hands|Ice Punch|p1a: Meowscarada\n|-supereffective|p1a: Meowscarada\n|-damage|p1a: Meowscarada|8\/100\n|\n|-weather|RainDance|[upkeep]\n|upkeep\n|turn|23\n|\n|t:|1699226458\n|move|p1a: Meowscarada|Flower Trick|p2a: Iron Hands\n|-crit|p2a: Iron Hands\n|-damage|p2a: Iron Hands|0 fnt\n|faint|p2a: Iron Hands\n|-end|p2a: Iron Hands|Quark Drive|[silent]\n|\n|-weather|none\n|upkeep\n|\n|t:|1699226465\n|switch|p2a: Iron Bundle|Iron Bundle|78\/100\n|turn|24\n|\n|t:|1699226481\n|move|p2a: Iron Bundle|Freeze-Dry|p1a: Meowscarada\n|-supereffective|p1a: Meowscarada\n|-damage|p1a: Meowscarada|0 fnt\n|faint|p1a: Meowscarada\n|\n|upkeep\n|\n|t:|1699226485\n|switch|p1a: Pelipper|Pelipper, M|45\/100\n|-weather|RainDance|[from] ability: Drizzle|[of] p1a: Pelipper\n|turn|25\n|\n|t:|1699226496\n|move|p1a: Pelipper|Protect|p1a: Pelipper\n|-singleturn|p1a: Pelipper|Protect\n|move|p2a: Iron Bundle|Freeze-Dry|p1a: Pelipper\n|-activate|p1a: Pelipper|move: Protect\n|\n|-weather|RainDance|[upkeep]\n|upkeep\n|turn|26\n|\n|t:|1699226515\n|move|p2a: Iron Bundle|Freeze-Dry|p1a: Pelipper\n|-supereffective|p1a: Pelipper\n|-damage|p1a: Pelipper|0 fnt\n|faint|p1a: Pelipper\n|\n|win|Miles545\n","uploadtime":1699226582,"views":16,"p1id":"kaizer1120","p2id":"miles545","formatid":"gen9anythinggoes","rating":0,"private":0,"password":""}