{"id":"gen9anythinggoes-1974032760","p1":"trotman","p2":"azumareelmrrik","format":"[Gen 9] Anything Goes","log":"|j|\u2606trotman\n|j|\u2606azumareelmrrik\n|t:|1698045271\n|gametype|singles\n|player|p1|trotman|brycenman|1377\n|player|p2|azumareelmrrik|ltsurge|1241\n|teamsize|p1|6\n|teamsize|p2|6\n|gen|9\n|tier|[Gen 9] Anything Goes\n|rated|\n|rule|HP Percentage Mod: HP is shown in percentages\n|rule|Endless Battle Clause: Forcing endless battles is banned\n|clearpoke\n|poke|p1|Ursaluna-Bloodmoon, M|\n|poke|p1|Cresselia, F|\n|poke|p1|Gardevoir, F|\n|poke|p1|Dondozo, F|\n|poke|p1|Kingambit, F|\n|poke|p1|Flutter Mane|\n|poke|p2|Forretress, M|\n|poke|p2|Ogerpon-Cornerstone, F|\n|poke|p2|Krookodile, F|\n|poke|p2|Haxorus, M|\n|poke|p2|Mandibuzz, F|\n|poke|p2|Snorlax, M|\n|teampreview\n|\n|t:|1698045286\n|start\n|switch|p1a: Kingambit|Kingambit, F, shiny|100\/100\n|switch|p2a: Forretress|Forretress, M|100\/100\n|turn|1\n|\n|t:|1698045304\n|move|p1a: Kingambit|Thunder Wave|p2a: Forretress\n|-status|p2a: Forretress|par\n|move|p2a: Forretress|Toxic Spikes|p1a: Kingambit\n|-sidestart|p1: trotman|move: Toxic Spikes\n|\n|upkeep\n|turn|2\n|\n|t:|1698045312\n|move|p1a: Kingambit|Swords Dance|p1a: Kingambit\n|-boost|p1a: Kingambit|atk|2\n|move|p2a: Forretress|Spikes|p1a: Kingambit\n|-sidestart|p1: trotman|Spikes\n|\n|upkeep\n|turn|3\n|\n|t:|1698045322\n|move|p1a: Kingambit|Stealth Rock|p2a: Forretress\n|-sidestart|p2: azumareelmrrik|move: Stealth Rock\n|move|p2a: Forretress|Spikes|p1a: Kingambit\n|-sidestart|p1: trotman|Spikes\n|\n|upkeep\n|turn|4\n|\n|t:|1698045327\n|move|p1a: Kingambit|Swords Dance|p1a: Kingambit\n|-boost|p1a: Kingambit|atk|2\n|cant|p2a: Forretress|par\n|\n|upkeep\n|turn|5\n|\n|t:|1698045332\n|move|p1a: Kingambit|Swords Dance|p1a: Kingambit\n|-boost|p1a: Kingambit|atk|2\n|move|p2a: Forretress|Spikes|p1a: Kingambit\n|-sidestart|p1: trotman|Spikes\n|\n|upkeep\n|turn|6\n|\n|t:|1698045337\n|move|p1a: Kingambit|Iron Head|p2a: Forretress\n|-resisted|p2a: Forretress\n|-damage|p2a: Forretress|52\/100 par\n|cant|p2a: Forretress|flinch\n|\n|upkeep\n|turn|7\n|\n|t:|1698045344\n|move|p1a: Kingambit|Iron Head|p2a: Forretress\n|-resisted|p2a: Forretress\n|-damage|p2a: Forretress|3\/100 par\n|-enditem|p2a: Forretress|Sitrus Berry|[eat]\n|-heal|p2a: Forretress|28\/100 par|[from] item: Sitrus Berry\n|move|p2a: Forretress|Explosion|p1a: Kingambit\n|-resisted|p1a: Kingambit\n|-damage|p1a: Kingambit|83\/100\n|faint|p2a: Forretress\n|\n|-heal|p1a: Kingambit|89\/100|[from] item: Leftovers\n|upkeep\n|\n|t:|1698045355\n|switch|p2a: Mandibuzz|Mandibuzz, F|100\/100\n|-damage|p2a: Mandibuzz|76\/100|[from] Stealth Rock\n|turn|8\n|\n|t:|1698045366\n|-terastallize|p2a: Mandibuzz|Dark\n|move|p2a: Mandibuzz|Toxic|p1a: Kingambit\n|-immune|p1a: Kingambit\n|move|p1a: Kingambit|Iron Head|p2a: Mandibuzz\n|-damage|p2a: Mandibuzz|0 fnt\n|faint|p2a: Mandibuzz\n|\n|-heal|p1a: Kingambit|95\/100|[from] item: Leftovers\n|upkeep\n|c|\u2606azumareelmrrik|!weak kingambit\n|c| azumareelmrrik|\/raw <div class=\"infobox\">Kingambit (ignoring abilities):<br \/><span class=\"message-effect-weak\">Weaknesses<\/span>: <b>Fighting<\/b>, Fire, Ground<br \/><span class=\"message-effect-resist\">Resistances<\/span>: Dark, Dragon, Flying, Ghost, Grass, Ice, Normal, Rock, Steel<br \/><span class=\"message-effect-immune\">Immunities<\/span>: Poison, Psychic, Prankster, Sandstorm damage, Toxic<\/div>\n|\n|t:|1698045388\n|switch|p2a: Snorlax|Snorlax, M|100\/100\n|-damage|p2a: Snorlax|88\/100|[from] Stealth Rock\n|turn|9\n|\n|t:|1698045394\n|move|p1a: Kingambit|Iron Head|p2a: Snorlax\n|-damage|p2a: Snorlax|0 fnt\n|faint|p2a: Snorlax\n|\n|-heal|p1a: Kingambit|100\/100|[from] item: Leftovers\n|upkeep\n|inactive|Battle timer is ON: inactive players will automatically lose when time's up. (requested by trotman)\n|\n|t:|1698045400\n|switch|p2a: Ogerpon|Ogerpon-Cornerstone, F|100\/100\n|-damage|p2a: Ogerpon|88\/100|[from] Stealth Rock\n|turn|10\n|\n|t:|1698045416\n|move|p2a: Ogerpon|Ivy Cudgel|p1a: Kingambit\n|-resisted|p1a: Kingambit\n|-damage|p1a: Kingambit|81\/100\n|move|p1a: Kingambit|Iron Head|p2a: Ogerpon\n|-supereffective|p2a: Ogerpon\n|-damage|p2a: Ogerpon|0 fnt\n|faint|p2a: Ogerpon\n|\n|-heal|p1a: Kingambit|87\/100|[from] item: Leftovers\n|upkeep\n|\n|t:|1698045424\n|switch|p2a: Krookodile|Krookodile, F|100\/100\n|-damage|p2a: Krookodile|94\/100|[from] Stealth Rock\n|turn|11\n|\n|t:|1698045429\n|-terastallize|p1a: Kingambit|Water\n|move|p2a: Krookodile|Earthquake|p1a: Kingambit\n|-damage|p1a: Kingambit|48\/100\n|move|p1a: Kingambit|Iron Head|p2a: Krookodile\n|-damage|p2a: Krookodile|0 fnt\n|faint|p2a: Krookodile\n|\n|-heal|p1a: Kingambit|54\/100|[from] item: Leftovers\n|upkeep\n|\n|t:|1698045437\n|switch|p2a: Haxorus|Haxorus, M|100\/100\n|-damage|p2a: Haxorus|88\/100|[from] Stealth Rock\n|-ability|p2a: Haxorus|Mold Breaker\n|turn|12\n|\n|t:|1698045444\n|move|p2a: Haxorus|First Impression|p1a: Kingambit\n|-damage|p1a: Kingambit|28\/100\n|move|p1a: Kingambit|Iron Head|p2a: Haxorus\n|-damage|p2a: Haxorus|0 fnt\n|faint|p2a: Haxorus\n|\n|win|trotman\n|raw|trotman's rating: 1377 &rarr; <strong>1390<\/strong><br \/>(+13 for winning)\n|raw|azumareelmrrik's rating: 1241 &rarr; <strong>1225<\/strong><br \/>(-16 for losing)\n|c|\u2606trotman|gg\n|l|\u2606azumareelmrrik\n","uploadtime":1698045462,"views":12,"p1id":"trotman","p2id":"azumareelmrrik","formatid":"gen9anythinggoes","rating":1225,"private":0,"password":""}