{"id":"gen9anythinggoes-1983620109","p1":"BarqsGotBite","p2":"Violated onion","format":"[Gen 9] Anything Goes","log":"|j|\u2606BarqsGotBite\n|j|\u2606Violated onion\n|t:|1699150291\n|gametype|singles\n|player|p1|BarqsGotBite|ethan|1165\n|player|p2|Violated onion|workerice|1111\n|teamsize|p1|6\n|teamsize|p2|6\n|gen|9\n|tier|[Gen 9] Anything Goes\n|rated|\n|rule|HP Percentage Mod: HP is shown in percentages\n|rule|Endless Battle Clause: Forcing endless battles is banned\n|clearpoke\n|poke|p1|Basculegion, M|\n|poke|p1|Ursaluna-Bloodmoon, M|\n|poke|p1|Flutter Mane|\n|poke|p1|Sneasler, F|\n|poke|p1|Avalugg-Hisui, M|\n|poke|p1|Volbeat, M|\n|poke|p2|Sableye, M|\n|poke|p2|Toedscruel, F|\n|poke|p2|Magnezone|\n|poke|p2|Mienshao, F|\n|poke|p2|Zarude|\n|poke|p2|Phione|\n|teampreview\n|\n|t:|1699150299\n|start\n|switch|p1a: Volbeat|Volbeat, M|100\/100\n|switch|p2a: Magnezone|Magnezone, shiny|100\/100\n|-item|p2a: Magnezone|Air Balloon\n|turn|1\n|\n|t:|1699150309\n|move|p2a: Magnezone|Flash Cannon|p1a: Volbeat\n|-damage|p1a: Volbeat|72\/100\n|-unboost|p1a: Volbeat|spd|1\n|move|p1a: Volbeat|U-turn|p2a: Magnezone\n|-resisted|p2a: Magnezone\n|-damage|p2a: Magnezone|94\/100\n|-enditem|p2a: Magnezone|Air Balloon\n|\n|t:|1699150316\n|switch|p1a: Ursaluna|Ursaluna-Bloodmoon, M|100\/100|[from] U-turn\n|\n|upkeep\n|turn|2\n|\n|t:|1699150326\n|move|p2a: Magnezone|Protect|p2a: Magnezone\n|-singleturn|p2a: Magnezone|Protect\n|move|p1a: Ursaluna|Earth Power|p2a: Magnezone\n|-activate|p2a: Magnezone|move: Protect\n|\n|upkeep\n|turn|3\n|\n|t:|1699150348\n|move|p1a: Ursaluna|Earth Power|p2a: Magnezone\n|-supereffective|p2a: Magnezone\n|-damage|p2a: Magnezone|0 fnt\n|faint|p2a: Magnezone\n|\n|upkeep\n|\n|t:|1699150353\n|switch|p2a: Zarude|Zarude|100\/100\n|turn|4\n|\n|t:|1699150362\n|switch|p1a: Volbeat|Volbeat, M|72\/100\n|move|p2a: Zarude|Seed Bomb|p1a: Volbeat\n|-resisted|p1a: Volbeat\n|-damage|p1a: Volbeat|44\/100\n|\n|upkeep\n|turn|5\n|\n|t:|1699150372\n|move|p1a: Volbeat|Trick|p2a: Zarude\n|-hint|Since gen 7, Dark is immune to Prankster moves.\n|-immune|p2a: Zarude\n|move|p2a: Zarude|U-turn|p1a: Volbeat\n|-damage|p1a: Volbeat|13\/100\n|\n|t:|1699150381\n|switch|p2a: Mienshao|Mienshao, F|100\/100|[from] U-turn\n|\n|upkeep\n|turn|6\n|\n|t:|1699150398\n|move|p1a: Volbeat|Trick|p2a: Mienshao\n|-activate|p1a: Volbeat|move: Trick|[of] p2a: Mienshao\n|-item|p2a: Mienshao|Lagging Tail|[from] move: Trick\n|-item|p1a: Volbeat|Eject Pack|[from] move: Trick\n|move|p2a: Mienshao|U-turn|p1a: Volbeat\n|-damage|p1a: Volbeat|0 fnt\n|faint|p1a: Volbeat\n|\n|t:|1699150406\n|switch|p2a: Sableye|Sableye, M|100\/100|[from] U-turn\n|\n|upkeep\n|\n|t:|1699150411\n|switch|p1a: Flutter Mane|Flutter Mane|100\/100\n|turn|7\n|\n|t:|1699150420\n|-terastallize|p2a: Sableye|Steel\n|move|p2a: Sableye|Will-O-Wisp|p1a: Flutter Mane\n|-status|p1a: Flutter Mane|brn\n|move|p1a: Flutter Mane|Moonblast|p2a: Sableye\n|-resisted|p2a: Sableye\n|-damage|p2a: Sableye|71\/100\n|-unboost|p2a: Sableye|spa|1\n|\n|-damage|p1a: Flutter Mane|94\/100 brn|[from] brn\n|upkeep\n|turn|8\n|\n|t:|1699150434\n|move|p1a: Flutter Mane|Mystical Fire|p2a: Sableye\n|-supereffective|p2a: Sableye\n|-damage|p2a: Sableye|10\/100\n|-unboost|p2a: Sableye|spa|1\n|move|p2a: Sableye|Poltergeist|p1a: Flutter Mane\n|-activate|p1a: Flutter Mane|move: Poltergeist|Assault Vest\n|-supereffective|p1a: Flutter Mane\n|-damage|p1a: Flutter Mane|0 fnt\n|faint|p1a: Flutter Mane\n|-end|p1a: Flutter Mane|Protosynthesis|[silent]\n|\n|upkeep\n|\n|t:|1699150449\n|switch|p1a: Sneasler|Sneasler, F|100\/100\n|turn|9\n|\n|t:|1699150456\n|move|p2a: Sableye|Will-O-Wisp|p1a: Sneasler\n|-status|p1a: Sneasler|brn\n|move|p1a: Sneasler|Fling|p2a: Sableye\n|-damage|p2a: Sableye|0 fnt\n|-enditem|p1a: Sneasler|Big Nugget|[from] move: Fling\n|faint|p2a: Sableye\n|\n|-damage|p1a: Sneasler|95\/100 brn|[from] brn\n|upkeep\n|\n|t:|1699150474\n|switch|p2a: Mienshao|Mienshao, F|100\/100\n|turn|10\n|\n|t:|1699150479\n|move|p2a: Mienshao|Fake Out|p1a: Sneasler\n|-damage|p1a: Sneasler|72\/100 brn\n|cant|p1a: Sneasler|flinch\n|\n|-damage|p1a: Sneasler|66\/100 brn|[from] brn\n|upkeep\n|turn|11\n|\n|t:|1699150486\n|move|p1a: Sneasler|Dire Claw|p2a: Mienshao\n|-damage|p2a: Mienshao|57\/100\n|-status|p2a: Mienshao|psn\n|move|p2a: Mienshao|Close Combat|p1a: Sneasler\n|-resisted|p1a: Sneasler\n|-damage|p1a: Sneasler|14\/100 brn\n|-unboost|p2a: Mienshao|def|1\n|-unboost|p2a: Mienshao|spd|1\n|\n|-damage|p2a: Mienshao|45\/100 psn|[from] psn\n|-damage|p1a: Sneasler|8\/100 brn|[from] brn\n|upkeep\n|turn|12\n|\n|t:|1699150498\n|move|p2a: Mienshao|Detect|p2a: Mienshao\n|-singleturn|p2a: Mienshao|Protect\n|move|p1a: Sneasler|Dire Claw|p2a: Mienshao\n|-activate|p2a: Mienshao|move: Protect\n|\n|-damage|p2a: Mienshao|33\/100 psn|[from] psn\n|-damage|p1a: Sneasler|2\/100 brn|[from] brn\n|upkeep\n|turn|13\n|\n|t:|1699150508\n|move|p1a: Sneasler|Dire Claw|p2a: Mienshao\n|-damage|p2a: Mienshao|0 fnt\n|faint|p2a: Mienshao\n|\n|-damage|p1a: Sneasler|0 fnt|[from] brn\n|faint|p1a: Sneasler\n|upkeep\n|\n|t:|1699150514\n|switch|p2a: Zarude|Zarude|100\/100\n|switch|p1a: Avalugg|Avalugg-Hisui, M, shiny|100\/100\n|turn|14\n|\n|t:|1699150522\n|move|p2a: Zarude|Close Combat|p1a: Avalugg\n|-supereffective|p1a: Avalugg\n|-damage|p1a: Avalugg|25\/100\n|-unboost|p2a: Zarude|def|1\n|-unboost|p2a: Zarude|spd|1\n|move|p1a: Avalugg|Rain Dance|p1a: Avalugg\n|-weather|RainDance\n|\n|-weather|RainDance|[upkeep]\n|upkeep\n|turn|15\n|\n|t:|1699150529\n|move|p2a: Zarude|Close Combat|p1a: Avalugg\n|-supereffective|p1a: Avalugg\n|-damage|p1a: Avalugg|0 fnt\n|-unboost|p2a: Zarude|def|1\n|-unboost|p2a: Zarude|spd|1\n|faint|p1a: Avalugg\n|\n|-weather|RainDance|[upkeep]\n|upkeep\n|\n|t:|1699150534\n|switch|p1a: Basculegion|Basculegion, M|100\/100\n|turn|16\n|\n|t:|1699150549\n|move|p1a: Basculegion|Outrage|p2a: Zarude\n|-damage|p2a: Zarude|38\/100\n|move|p2a: Zarude|Seed Bomb|p1a: Basculegion\n|-supereffective|p1a: Basculegion\n|-damage|p1a: Basculegion|0 fnt\n|faint|p1a: Basculegion\n|\n|-weather|RainDance|[upkeep]\n|upkeep\n|\n|t:|1699150555\n|switch|p1a: Ursaluna|Ursaluna-Bloodmoon, M|100\/100\n|turn|17\n|\n|t:|1699150560\n|move|p2a: Zarude|Close Combat|p1a: Ursaluna\n|-supereffective|p1a: Ursaluna\n|-damage|p1a: Ursaluna|36\/100\n|-unboost|p2a: Zarude|def|1\n|-unboost|p2a: Zarude|spd|1\n|move|p1a: Ursaluna|Blood Moon|p2a: Zarude\n|-crit|p2a: Zarude\n|-damage|p2a: Zarude|0 fnt\n|faint|p2a: Zarude\n|\n|-weather|RainDance|[upkeep]\n|-heal|p1a: Ursaluna|42\/100|[from] item: Leftovers\n|upkeep\n|\n|t:|1699150581\n|switch|p2a: Phione|Phione|100\/100\n|turn|18\n|\n|t:|1699150587\n|move|p1a: Ursaluna|Moonlight|p1a: Ursaluna\n|-heal|p1a: Ursaluna|67\/100\n|move|p2a: Phione|Scald|p1a: Ursaluna\n|-supereffective|p1a: Ursaluna\n|-damage|p1a: Ursaluna|0 fnt\n|faint|p1a: Ursaluna\n|\n|win|Violated onion\n|raw|BarqsGotBite's rating: 1165 &rarr; <strong>1136<\/strong><br \/>(-29 for losing)\n|raw|Violated onion's rating: 1111 &rarr; <strong>1140<\/strong><br \/>(+29 for winning)\n|l|\u2606BarqsGotBite\n|c|\u2606Violated onion|gg\n","uploadtime":1699150610,"views":5,"p1id":"barqsgotbite","p2id":"violatedonion","formatid":"gen9anythinggoes","rating":1136,"private":0,"password":""}