{"id":"gen9anythinggoes-1983413500","p1":"SeaMoon_OWolf","p2":"indie_10","format":"[Gen 9] Anything Goes","log":"|j|\u2606SeaMoon_OWolf\n|j|\u2606indie_10\n|t:|1699127534\n|gametype|singles\n|player|p1|SeaMoon_OWolf|ariana|1031\n|player|p2|indie_10|nate|1055\n|teamsize|p1|6\n|teamsize|p2|6\n|gen|9\n|tier|[Gen 9] Anything Goes\n|rated|\n|rule|HP Percentage Mod: HP is shown in percentages\n|rule|Endless Battle Clause: Forcing endless battles is banned\n|clearpoke\n|poke|p1|Annihilape, M|\n|poke|p1|Snorlax, M|\n|poke|p1|Urshifu-*, F|\n|poke|p1|Toxicroak, F|\n|poke|p1|Garchomp, M|\n|poke|p1|Meditite, F|\n|poke|p2|Calyrex-Shadow|\n|poke|p2|Cinderace, F|\n|poke|p2|Urshifu-*, M|\n|poke|p2|Dragapult, M|\n|poke|p2|Zacian-*|\n|poke|p2|Pincurchin, F|\n|teampreview\n|\n|t:|1699127544\n|start\n|switch|p1a: Meditite|Meditite, F|100\/100\n|switch|p2a: Spike thunder|Pincurchin, F|100\/100\n|turn|1\n|\n|t:|1699127554\n|move|p1a: Meditite|Bulk Up|p1a: Meditite\n|-boost|p1a: Meditite|atk|1\n|-boost|p1a: Meditite|def|1\n|move|p2a: Spike thunder|Spikes|p1a: Meditite\n|-sidestart|p1: SeaMoon_OWolf|Spikes\n|\n|upkeep\n|turn|2\n|\n|t:|1699127562\n|move|p1a: Meditite|Bulk Up|p1a: Meditite\n|-boost|p1a: Meditite|atk|1\n|-boost|p1a: Meditite|def|1\n|move|p2a: Spike thunder|Spikes|p1a: Meditite\n|-sidestart|p1: SeaMoon_OWolf|Spikes\n|\n|upkeep\n|turn|3\n|\n|t:|1699127569\n|move|p1a: Meditite|Bulk Up|p1a: Meditite\n|-boost|p1a: Meditite|atk|1\n|-boost|p1a: Meditite|def|1\n|move|p2a: Spike thunder|Spikes|p1a: Meditite\n|-sidestart|p1: SeaMoon_OWolf|Spikes\n|\n|upkeep\n|turn|4\n|\n|t:|1699127577\n|move|p1a: Meditite|Bulk Up|p1a: Meditite\n|-boost|p1a: Meditite|atk|1\n|-boost|p1a: Meditite|def|1\n|move|p2a: Spike thunder|Toxic Spikes|p1a: Meditite\n|-sidestart|p1: SeaMoon_OWolf|move: Toxic Spikes\n|\n|upkeep\n|turn|5\n|\n|t:|1699127584\n|-singleturn|p1a: Meditite|move: Focus Punch\n|move|p2a: Spike thunder|Toxic Spikes|p1a: Meditite\n|-sidestart|p1: SeaMoon_OWolf|move: Toxic Spikes\n|move|p1a: Meditite|Focus Punch|p2a: Spike thunder\n|-damage|p2a: Spike thunder|0 fnt\n|faint|p2a: Spike thunder\n|\n|upkeep\n|\n|t:|1699127594\n|switch|p2a: Piscou morreu|Urshifu-Rapid-Strike, M|100\/100\n|turn|6\n|\n|t:|1699127601\n|move|p2a: Piscou morreu|Surging Strikes|p1a: Meditite\n|-crit|p1a: Meditite\n|-damage|p1a: Meditite|41\/100\n|-crit|p1a: Meditite\n|-damage|p1a: Meditite|0 fnt\n|faint|p1a: Meditite\n|-hitcount|p1: Meditite|2\n|\n|upkeep\n|\n|t:|1699127608\n|switch|p1a: Urshifu|Urshifu, F|100\/100\n|-damage|p1a: Urshifu|76\/100|[from] Spikes\n|-status|p1a: Urshifu|tox\n|turn|7\n|\n|t:|1699127622\n|move|p2a: Piscou morreu|Brick Break|p1a: Urshifu\n|-supereffective|p1a: Urshifu\n|-damage|p1a: Urshifu|0 fnt\n|faint|p1a: Urshifu\n|\n|upkeep\n|\n|t:|1699127627\n|switch|p1a: Toxicroak|Toxicroak, F|100\/100\n|-damage|p1a: Toxicroak|75\/100|[from] Spikes\n|-sideend|p1: SeaMoon_OWolf|move: Toxic Spikes|[of] p1a: Toxicroak\n|turn|8\n|\n|t:|1699127634\n|-terastallize|p1a: Toxicroak|Poison\n|move|p2a: Piscou morreu|Ice Spinner|p1a: Toxicroak\n|-damage|p1a: Toxicroak|27\/100\n|move|p1a: Toxicroak|Gunk Shot|p2a: Piscou morreu\n|-damage|p2a: Piscou morreu|31\/100\n|-status|p2a: Piscou morreu|psn\n|\n|-heal|p1a: Toxicroak|34\/100|[from] item: Black Sludge\n|-damage|p2a: Piscou morreu|18\/100 psn|[from] psn\n|upkeep\n|turn|9\n|\n|t:|1699127648\n|move|p2a: Piscou morreu|Surging Strikes|p1a: Toxicroak\n|-crit|p1a: Toxicroak\n|-damage|p1a: Toxicroak|2\/100\n|-crit|p1a: Toxicroak\n|-damage|p1a: Toxicroak|0 fnt\n|faint|p1a: Toxicroak\n|-hitcount|p1: Toxicroak|2\n|\n|-damage|p2a: Piscou morreu|6\/100 psn|[from] psn\n|upkeep\n|\n|t:|1699127656\n|switch|p1a: Annihilape|Annihilape, M|100\/100\n|-damage|p1a: Annihilape|76\/100|[from] Spikes\n|turn|10\n|\n|t:|1699127662\n|move|p2a: Piscou morreu|Surging Strikes|p1a: Annihilape\n|-crit|p1a: Annihilape\n|-damage|p1a: Annihilape|53\/100\n|-crit|p1a: Annihilape\n|-damage|p1a: Annihilape|30\/100\n|-crit|p1a: Annihilape\n|-damage|p1a: Annihilape|5\/100\n|-hitcount|p1a: Annihilape|3\n|move|p1a: Annihilape|Bulk Up|p1a: Annihilape\n|-boost|p1a: Annihilape|atk|1\n|-boost|p1a: Annihilape|def|1\n|\n|-damage|p2a: Piscou morreu|0 fnt|[from] psn\n|faint|p2a: Piscou morreu\n|upkeep\n|\n|t:|1699127675\n|switch|p2a: Dark|Calyrex-Shadow|100\/100\n|-ability|p2a: Dark|As One\n|-ability|p2a: Dark|Unnerve\n|turn|11\n|\n|t:|1699127683\n|move|p2a: Dark|Astral Barrage|p1a: Annihilape\n|-supereffective|p1a: Annihilape\n|-damage|p1a: Annihilape|0 fnt\n|faint|p1a: Annihilape\n|-ability|p2a: Dark|Grim Neigh|boost\n|-boost|p2a: Dark|spa|1\n|\n|upkeep\n|\n|t:|1699127690\n|switch|p1a: Snorlax|Snorlax, M|100\/100\n|-damage|p1a: Snorlax|75\/100|[from] Spikes\n|turn|12\n|\n|t:|1699127695\n|move|p2a: Dark|Astral Barrage|p1a: Snorlax\n|-immune|p1a: Snorlax\n|move|p1a: Snorlax|Yawn|p2a: Dark\n|-start|p2a: Dark|move: Yawn|[of] p1a: Snorlax\n|\n|-heal|p1a: Snorlax|82\/100|[from] item: Leftovers\n|upkeep\n|turn|13\n|\n|t:|1699127707\n|switch|p2a: Cachorro da espada|Zacian-Crowned|100\/100\n|-ability|p2a: Cachorro da espada|Intrepid Sword|boost\n|-boost|p2a: Cachorro da espada|atk|1\n|move|p1a: Snorlax|Belly Drum|p1a: Snorlax\n|-damage|p1a: Snorlax|32\/100\n|-setboost|p1a: Snorlax|atk|6|[from] move: Belly Drum\n|\n|-heal|p1a: Snorlax|38\/100|[from] item: Leftovers\n|upkeep\n|turn|14\n|\n|t:|1699127721\n|-terastallize|p2a: Cachorro da espada|Fairy\n|move|p2a: Cachorro da espada|Sacred Sword|p1a: Snorlax\n|-supereffective|p1a: Snorlax\n|-damage|p1a: Snorlax|0 fnt\n|faint|p1a: Snorlax\n|\n|upkeep\n|\n|t:|1699127727\n|switch|p1a: Garchomp|Garchomp, M|100\/100\n|-damage|p1a: Garchomp|76\/100|[from] Spikes\n|turn|15\n|\n|t:|1699127732\n|move|p2a: Cachorro da espada|Play Rough|p1a: Garchomp\n|-supereffective|p1a: Garchomp\n|-damage|p1a: Garchomp|0 fnt\n|-damage|p2a: Cachorro da espada|88\/100|[from] ability: Rough Skin|[of] p1a: Garchomp\n|faint|p1a: Garchomp\n|\n|win|indie_10\n|raw|SeaMoon_OWolf's rating: 1031 &rarr; <strong>1017<\/strong><br \/>(-14 for losing)\n|raw|indie_10's rating: 1055 &rarr; <strong>1085<\/strong><br \/>(+30 for winning)\n|l|\u2606SeaMoon_OWolf\n|l|\u2606indie_10\n","uploadtime":1699127875,"views":9,"p1id":"seamoonowolf","p2id":"indie10","formatid":"gen9anythinggoes","rating":1017,"private":0,"password":""}