{"id":"gen9anythinggoes-1978954776","p1":"Batikan17","p2":"michpanta","format":"[Gen 9] Anything Goes","log":"|j|\u2606Batikan17\n|j|\u2606michpanta\n|t:|1698614219\n|gametype|singles\n|player|p1|Batikan17|102|\n|player|p2|michpanta|ethan|\n|teamsize|p1|6\n|teamsize|p2|6\n|gen|9\n|tier|[Gen 9] Anything Goes\n|rule|HP Percentage Mod: HP is shown in percentages\n|rule|Endless Battle Clause: Forcing endless battles is banned\n|clearpoke\n|poke|p1|Munkidori, M|\n|poke|p1|Magearna|\n|poke|p1|Mandibuzz, F|\n|poke|p1|Garchomp, M|\n|poke|p1|Rotom-Mow|\n|poke|p1|Quaquaval, M|\n|poke|p2|Avalugg, F|\n|poke|p2|Skuntank, F|\n|poke|p2|Snorlax, M|\n|poke|p2|Cetitan, M|\n|poke|p2|Ninetales-Alola, M|\n|poke|p2|Gholdengo|\n|teampreview\n|j| kai2805\n|c|\u2606michpanta|Viel Spa\u00df und viel Erfolg :)\n|c|\u2606Batikan17|gl hf\n|\n|t:|1698614358\n|start\n|switch|p1a: Toji|Rotom-Mow, shiny|100\/100\n|switch|p2a: Skuntank|Skuntank, F|100\/100\n|turn|1\n|\n|t:|1698614458\n|move|p1a: Toji|Volt Switch|p2a: Skuntank\n|-damage|p2a: Skuntank|73\/100\n|\n|t:|1698614483\n|switch|p1a: Gojo|Garchomp, M|100\/100|[from] Volt Switch\n|move|p2a: Skuntank|Taunt|p1a: Gojo\n|-start|p1a: Gojo|move: Taunt\n|\n|-heal|p2a: Skuntank|79\/100|[from] item: Black Sludge\n|upkeep\n|turn|2\n|\n|t:|1698614534\n|switch|p1a: Toji|Rotom-Mow, shiny|100\/100\n|switch|p2a: Island|Avalugg, F|100\/100\n|\n|upkeep\n|turn|3\n|\n|t:|1698614590\n|switch|p2a: Snorlax|Snorlax, M|100\/100\n|move|p1a: Toji|Volt Switch|p2a: Snorlax\n|-damage|p2a: Snorlax|84\/100\n|\n|t:|1698614635\n|switch|p1a: Fushiguro|Quaquaval, M|100\/100|[from] Volt Switch\n|\n|upkeep\n|turn|4\n|\n|t:|1698614680\n|switch|p2a: Island|Avalugg, F|100\/100\n|move|p1a: Fushiguro|Aqua Step|p2a: Island\n|-damage|p2a: Island|82\/100\n|-boost|p1a: Fushiguro|spe|1\n|-damage|p1a: Fushiguro|84\/100|[from] item: Rocky Helmet|[of] p2a: Island\n|\n|upkeep\n|turn|5\n|\n|t:|1698614729\n|-terastallize|p2a: Island|Fairy\n|move|p1a: Fushiguro|Surf|p2a: Island\n|-damage|p2a: Island|36\/100\n|move|p2a: Island|Tera Blast|p1a: Fushiguro|[anim] Tera Blast Fairy\n|-supereffective|p1a: Fushiguro\n|-damage|p1a: Fushiguro|0 fnt\n|faint|p1a: Fushiguro\n|\n|upkeep\n|\n|t:|1698614861\n|switch|p1a: Toji|Rotom-Mow, shiny|100\/100\n|turn|6\n|\n|t:|1698614894\n|switch|p2a: Snorlax|Snorlax, M|84\/100\n|move|p1a: Toji|Volt Switch|p2a: Snorlax\n|-damage|p2a: Snorlax|68\/100\n|\n|t:|1698614970\n|switch|p1a: Gojo|Garchomp, M|100\/100|[from] Volt Switch\n|\n|upkeep\n|turn|7\n|\n|t:|1698615023\n|move|p1a: Gojo|Earthquake|p2a: Snorlax\n|-damage|p2a: Snorlax|29\/100\n|move|p2a: Snorlax|Curse|p2a: Snorlax\n|-unboost|p2a: Snorlax|spe|1\n|-boost|p2a: Snorlax|atk|1\n|-boost|p2a: Snorlax|def|1\n|\n|upkeep\n|turn|8\n|\n|t:|1698615108\n|move|p1a: Gojo|Earthquake|p2a: Snorlax\n|-damage|p2a: Snorlax|3\/100\n|move|p2a: Snorlax|Rest|p2a: Snorlax\n|-status|p2a: Snorlax|slp|[from] move: Rest\n|-heal|p2a: Snorlax|100\/100 slp|[silent]\n|-enditem|p2a: Snorlax|Chesto Berry|[eat]\n|-curestatus|p2a: Snorlax|slp|[msg]\n|\n|upkeep\n|turn|9\n|j| EnOfFla\n|j| Dennis wa\n|\n|t:|1698615178\n|switch|p1a: Toji|Rotom-Mow, shiny|100\/100\n|move|p2a: Snorlax|Curse|p2a: Snorlax\n|-unboost|p2a: Snorlax|spe|1\n|-boost|p2a: Snorlax|atk|1\n|-boost|p2a: Snorlax|def|1\n|\n|upkeep\n|turn|10\n|\n|t:|1698615199\n|move|p1a: Toji|Trick|p2a: Snorlax\n|-activate|p1a: Toji|move: Trick|[of] p2a: Snorlax\n|-item|p2a: Snorlax|Choice Scarf|[from] move: Trick\n|-enditem|p1a: Toji|Choice Scarf|[silent]|[from] move: Trick\n|move|p2a: Snorlax|Body Slam|p1a: Toji\n|-damage|p1a: Toji|31\/100\n|\n|upkeep\n|turn|11\n|\n|t:|1698615210\n|move|p1a: Toji|Will-O-Wisp|p2a: Snorlax\n|-status|p2a: Snorlax|brn\n|move|p2a: Snorlax|Body Slam|p1a: Toji\n|-damage|p1a: Toji|0 fnt\n|faint|p1a: Toji\n|\n|-damage|p2a: Snorlax|94\/100 brn|[from] brn\n|upkeep\n|\n|t:|1698615244\n|switch|p1a: Gojo|Garchomp, M|100\/100\n|turn|12\n|c| EnOfFla|Batikan ist schon Sieger durch die Spitznamen \ud83d\ude02\n|\n|t:|1698615288\n|move|p1a: Gojo|Earthquake|p2a: Snorlax\n|-damage|p2a: Snorlax|75\/100 brn\n|move|p2a: Snorlax|Body Slam|p1a: Gojo\n|-damage|p1a: Gojo|75\/100\n|-status|p1a: Gojo|par\n|-damage|p2a: Snorlax|63\/100 brn|[from] ability: Rough Skin|[of] p1a: Gojo\n|\n|-heal|p1a: Gojo|81\/100 par|[from] item: Leftovers\n|-damage|p2a: Snorlax|57\/100 brn|[from] brn\n|upkeep\n|turn|13\n|\n|t:|1698615339\n|switch|p2a: Ninetales|Ninetales-Alola, M|100\/100\n|-weather|Snow|[from] ability: Snow Warning|[of] p2a: Ninetales\n|move|p1a: Gojo|Earthquake|p2a: Ninetales\n|-crit|p2a: Ninetales\n|-damage|p2a: Ninetales|43\/100\n|\n|-weather|Snow|[upkeep]\n|-heal|p1a: Gojo|87\/100 par|[from] item: Leftovers\n|upkeep\n|turn|14\n|\n|t:|1698615358\n|switch|p1a: Yuna|Magearna|100\/100\n|move|p2a: Ninetales|Aurora Veil|p2a: Ninetales\n|-sidestart|p2: michpanta|move: Aurora Veil\n|\n|-weather|Snow|[upkeep]\n|upkeep\n|turn|15\n|\n|t:|1698615378\n|move|p2a: Ninetales|Baton Pass|p2a: Ninetales\n|\n|t:|1698615382\n|switch|p2a: Gholdengo|Gholdengo|100\/100|[from] Baton Pass\n|move|p1a: Yuna|Volt Switch|p2a: Gholdengo\n|-damage|p2a: Gholdengo|92\/100\n|j| Flaggx\n|\n|t:|1698615479\n|switch|p1a: Gojo|Garchomp, M|87\/100 par|[from] Volt Switch\n|\n|-weather|Snow|[upkeep]\n|-heal|p2a: Gholdengo|98\/100|[from] item: Leftovers\n|-heal|p1a: Gojo|94\/100 par|[from] item: Leftovers\n|upkeep\n|turn|16\n|\n|t:|1698615542\n|switch|p1a: Yuna|Magearna|100\/100\n|move|p2a: Gholdengo|Nasty Plot|p2a: Gholdengo\n|-boost|p2a: Gholdengo|spa|2\n|\n|-weather|Snow|[upkeep]\n|-heal|p2a: Gholdengo|100\/100|[from] item: Leftovers\n|upkeep\n|turn|17\n|l| Flaggx\n|\n|t:|1698615591\n|move|p2a: Gholdengo|Nasty Plot|p2a: Gholdengo\n|-boost|p2a: Gholdengo|spa|2\n|move|p1a: Yuna|Volt Switch|p2a: Gholdengo\n|-damage|p2a: Gholdengo|93\/100\n|\n|t:|1698615648\n|switch|p1a: H\u00f6hlenmensch|Mandibuzz, F|100\/100|[from] Volt Switch\n|\n|-weather|Snow|[upkeep]\n|-heal|p2a: Gholdengo|99\/100|[from] item: Leftovers\n|upkeep\n|turn|18\n|\n|t:|1698615672\n|move|p2a: Gholdengo|Make It Rain|p1a: H\u00f6hlenmensch\n|-damage|p1a: H\u00f6hlenmensch|0 fnt\n|-unboost|p2a: Gholdengo|spa|1\n|faint|p1a: H\u00f6hlenmensch\n|\n|-weather|Snow|[upkeep]\n|-heal|p2a: Gholdengo|100\/100|[from] item: Leftovers\n|-sideend|p2: michpanta|move: Aurora Veil\n|upkeep\n|\n|t:|1698615719\n|switch|p1a: Yuna|Magearna|100\/100\n|turn|19\n|\n|t:|1698615753\n|move|p2a: Gholdengo|Nasty Plot|p2a: Gholdengo\n|-boost|p2a: Gholdengo|spa|2\n|move|p1a: Yuna|Shadow Ball|p2a: Gholdengo\n|-supereffective|p2a: Gholdengo\n|-damage|p2a: Gholdengo|62\/100\n|-unboost|p2a: Gholdengo|spd|1\n|\n|-weather|Snow|[upkeep]\n|-heal|p2a: Gholdengo|68\/100|[from] item: Leftovers\n|upkeep\n|turn|20\n|\n|t:|1698615803\n|switch|p1a: Gojo|Garchomp, M|94\/100 par\n|move|p2a: Gholdengo|Make It Rain|p1a: Gojo\n|-damage|p1a: Gojo|0 fnt\n|-unboost|p2a: Gholdengo|spa|1\n|faint|p1a: Gojo\n|\n|-weather|none\n|-heal|p2a: Gholdengo|74\/100|[from] item: Leftovers\n|upkeep\n|\n|t:|1698615828\n|switch|p1a: Yuji|Munkidori, M|100\/100\n|turn|21\n|\n|t:|1698615912\n|move|p1a: Yuji|Shadow Ball|p2a: Gholdengo\n|-supereffective|p2a: Gholdengo\n|-damage|p2a: Gholdengo|16\/100\n|move|p2a: Gholdengo|Shadow Ball|p1a: Yuji\n|-supereffective|p1a: Yuji\n|-enditem|p1a: Yuji|Focus Sash\n|-damage|p1a: Yuji|1\/100\n|\n|-heal|p2a: Gholdengo|22\/100|[from] item: Leftovers\n|upkeep\n|turn|22\n|\n|t:|1698615926\n|switch|p2a: Skuntank|Skuntank, F|79\/100\n|move|p1a: Yuji|Shadow Ball|p2a: Skuntank\n|-resisted|p2a: Skuntank\n|-damage|p2a: Skuntank|68\/100\n|\n|-heal|p2a: Skuntank|74\/100|[from] item: Black Sludge\n|upkeep\n|turn|23\n|\n|t:|1698615948\n|switch|p1a: Yuna|Magearna|100\/100\n|move|p2a: Skuntank|Knock Off|p1a: Yuna\n|-resisted|p1a: Yuna\n|-damage|p1a: Yuna|91\/100\n|-enditem|p1a: Yuna|Assault Vest|[from] move: Knock Off|[of] p2a: Skuntank\n|\n|-heal|p2a: Skuntank|80\/100|[from] item: Black Sludge\n|upkeep\n|turn|24\n|\n|t:|1698615961\n|move|p2a: Skuntank|Super Fang|p1a: Yuna\n|-damage|p1a: Yuna|46\/100\n|move|p1a: Yuna|Flash Cannon|p2a: Skuntank\n|-damage|p2a: Skuntank|48\/100\n|\n|-heal|p2a: Skuntank|55\/100|[from] item: Black Sludge\n|upkeep\n|turn|25\n|\n|t:|1698615973\n|move|p2a: Skuntank|Super Fang|p1a: Yuna\n|-damage|p1a: Yuna|23\/100\n|move|p1a: Yuna|Draining Kiss|p2a: Skuntank\n|-damage|p2a: Skuntank|36\/100\n|-heal|p1a: Yuna|39\/100|[from] drain|[of] p2a: Skuntank\n|\n|-heal|p2a: Skuntank|42\/100|[from] item: Black Sludge\n|upkeep\n|turn|26\n|\n|t:|1698616010\n|switch|p2a: Gholdengo|Gholdengo|22\/100\n|move|p1a: Yuna|Draining Kiss|p2a: Gholdengo\n|-resisted|p2a: Gholdengo\n|-crit|p2a: Gholdengo\n|-damage|p2a: Gholdengo|10\/100\n|-heal|p1a: Yuna|48\/100|[from] drain|[of] p2a: Gholdengo\n|\n|-heal|p2a: Gholdengo|16\/100|[from] item: Leftovers\n|upkeep\n|turn|27\n|\n|t:|1698616021\n|move|p2a: Gholdengo|Recover|p2a: Gholdengo\n|-heal|p2a: Gholdengo|66\/100\n|move|p1a: Yuna|Shadow Ball|p2a: Gholdengo\n|-supereffective|p2a: Gholdengo\n|-damage|p2a: Gholdengo|28\/100\n|\n|-heal|p2a: Gholdengo|34\/100|[from] item: Leftovers\n|upkeep\n|turn|28\n|\n|t:|1698616030\n|move|p2a: Gholdengo|Shadow Ball|p1a: Yuna\n|-damage|p1a: Yuna|19\/100\n|move|p1a: Yuna|Volt Switch|p2a: Gholdengo\n|-damage|p2a: Gholdengo|18\/100\n|\n|t:|1698616036\n|switch|p1a: Yuji|Munkidori, M|1\/100|[from] Volt Switch\n|\n|-heal|p2a: Gholdengo|24\/100|[from] item: Leftovers\n|upkeep\n|turn|29\n|\n|t:|1698616068\n|switch|p1a: Yuna|Magearna|19\/100\n|switch|p2a: Skuntank|Skuntank, F|42\/100\n|\n|-heal|p2a: Skuntank|48\/100|[from] item: Black Sludge\n|upkeep\n|turn|30\n|\n|t:|1698616076\n|switch|p2a: Snorlax|Snorlax, M|57\/100 brn\n|move|p1a: Yuna|Draining Kiss|p2a: Snorlax\n|-damage|p2a: Snorlax|46\/100 brn\n|-heal|p1a: Yuna|31\/100|[from] drain|[of] p2a: Snorlax\n|\n|-damage|p2a: Snorlax|40\/100 brn|[from] brn\n|upkeep\n|turn|31\n|\n|t:|1698616112\n|move|p2a: Snorlax|Earthquake|p1a: Yuna\n|-supereffective|p1a: Yuna\n|-damage|p1a: Yuna|15\/100\n|move|p1a: Yuna|Draining Kiss|p2a: Snorlax\n|-damage|p2a: Snorlax|29\/100 brn\n|-heal|p1a: Yuna|27\/100|[from] drain|[of] p2a: Snorlax\n|\n|-damage|p2a: Snorlax|23\/100 brn|[from] brn\n|upkeep\n|turn|32\n|\n|t:|1698616128\n|move|p2a: Snorlax|Earthquake|p1a: Yuna\n|-supereffective|p1a: Yuna\n|-damage|p1a: Yuna|13\/100\n|move|p1a: Yuna|Draining Kiss|p2a: Snorlax\n|-damage|p2a: Snorlax|11\/100 brn\n|-heal|p1a: Yuna|25\/100|[from] drain|[of] p2a: Snorlax\n|\n|-damage|p2a: Snorlax|5\/100 brn|[from] brn\n|upkeep\n|turn|33\n|\n|t:|1698616146\n|switch|p2a: Ninetales|Ninetales-Alola, M|43\/100\n|-weather|Snow|[from] ability: Snow Warning|[of] p2a: Ninetales\n|move|p1a: Yuna|Draining Kiss|p2a: Ninetales\n|-damage|p2a: Ninetales|23\/100\n|-heal|p1a: Yuna|39\/100|[from] drain|[of] p2a: Ninetales\n|\n|-weather|Snow|[upkeep]\n|upkeep\n|turn|34\n|j| Nrox\n|\n|t:|1698616161\n|move|p2a: Ninetales|Aurora Veil|p2a: Ninetales\n|-sidestart|p2: michpanta|move: Aurora Veil\n|move|p1a: Yuna|Draining Kiss|p2a: Ninetales\n|-damage|p2a: Ninetales|13\/100\n|-heal|p1a: Yuna|46\/100|[from] drain|[of] p2a: Ninetales\n|\n|-weather|Snow|[upkeep]\n|upkeep\n|turn|35\n|\n|t:|1698616200\n|move|p2a: Ninetales|Baton Pass|p2a: Ninetales\n|\n|t:|1698616203\n|switch|p2a: Gholdengo|Gholdengo|24\/100|[from] Baton Pass\n|move|p1a: Yuna|Draining Kiss|p2a: Gholdengo\n|-resisted|p2a: Gholdengo\n|-damage|p2a: Gholdengo|20\/100\n|-heal|p1a: Yuna|50\/100|[from] drain|[of] p2a: Gholdengo\n|\n|-weather|Snow|[upkeep]\n|-heal|p2a: Gholdengo|26\/100|[from] item: Leftovers\n|upkeep\n|turn|36\n|\n|t:|1698616216\n|move|p2a: Gholdengo|Recover|p2a: Gholdengo\n|-heal|p2a: Gholdengo|76\/100\n|move|p1a: Yuna|Shadow Ball|p2a: Gholdengo\n|-supereffective|p2a: Gholdengo\n|-damage|p2a: Gholdengo|58\/100\n|\n|-weather|Snow|[upkeep]\n|-heal|p2a: Gholdengo|64\/100|[from] item: Leftovers\n|upkeep\n|turn|37\n|\n|t:|1698616233\n|move|p2a: Gholdengo|Nasty Plot|p2a: Gholdengo\n|-boost|p2a: Gholdengo|spa|2\n|move|p1a: Yuna|Shadow Ball|p2a: Gholdengo\n|-supereffective|p2a: Gholdengo\n|-damage|p2a: Gholdengo|47\/100\n|\n|-weather|Snow|[upkeep]\n|-heal|p2a: Gholdengo|53\/100|[from] item: Leftovers\n|upkeep\n|turn|38\n|c|\u2606Batikan17|gg\n|\n|t:|1698616251\n|move|p2a: Gholdengo|Make It Rain|p1a: Yuna\n|-damage|p1a: Yuna|0 fnt\n|-unboost|p2a: Gholdengo|spa|1\n|faint|p1a: Yuna\n|\n|-weather|Snow|[upkeep]\n|-heal|p2a: Gholdengo|59\/100|[from] item: Leftovers\n|-sideend|p2: michpanta|move: Aurora Veil\n|upkeep\n|\n|t:|1698616260\n|switch|p1a: Yuji|Munkidori, M|1\/100\n|turn|39\n|\n|t:|1698616263\n|move|p1a: Yuji|Shadow Ball|p2a: Gholdengo\n|-supereffective|p2a: Gholdengo\n|-damage|p2a: Gholdengo|16\/100\n|move|p2a: Gholdengo|Shadow Ball|p1a: Yuji\n|-supereffective|p1a: Yuji\n|-damage|p1a: Yuji|0 fnt\n|faint|p1a: Yuji\n|\n|win|michpanta\n|c| Dennis wa|gg\n|c|\u2606michpanta|gg\n|c| EnOfFla|Gg\n|l| EnOfFla\n|l| Nrox\n","uploadtime":1698616325,"views":24,"p1id":"batikan17","p2id":"michpanta","formatid":"gen9anythinggoes","rating":0,"private":0,"password":""}