{"id":"gen9anythinggoes-1972200159","p1":"itzZen","p2":"fdsjgh","format":"[Gen 9] Anything Goes","log":"|j|\u2606itzZen\n|j|\u2606fdsjgh\n|t:|1697820924\n|gametype|singles\n|player|p1|itzZen|1|1377\n|player|p2|fdsjgh|ghetsis-gen5bw|1637\n|teamsize|p1|6\n|teamsize|p2|6\n|gen|9\n|tier|[Gen 9] Anything Goes\n|rated|\n|rule|HP Percentage Mod: HP is shown in percentages\n|rule|Endless Battle Clause: Forcing endless battles is banned\n|clearpoke\n|poke|p1|Calyrex-Shadow|\n|poke|p1|Zacian-*|\n|poke|p1|Ting-Lu|\n|poke|p1|Koraidon|\n|poke|p1|Giratina-Origin|\n|poke|p1|Arceus|\n|poke|p2|Arceus-Ground|\n|poke|p2|Calyrex-Shadow|\n|poke|p2|Arceus|\n|poke|p2|Ditto|\n|poke|p2|Arceus-Fairy|\n|poke|p2|Koraidon|\n|teampreview\n|l|\u2606fdsjgh\n|player|p2|\n|j|\u2606fdsjgh\n|player|p2|fdsjgh|ghetsis-gen5bw\n|inactive|Battle timer is ON: inactive players will automatically lose when time's up. (requested by fdsjgh)\n|inactive|fdsjgh has 120 seconds left.\n|l|\u2606fdsjgh\n|inactive|fdsjgh disconnected and has a minute to reconnect!\n|player|p2|\n|j|\u2606fdsjgh\n|inactive|fdsjgh reconnected and has 95 seconds left.\n|player|p2|fdsjgh|ghetsis-gen5bw\n|inactive|fdsjgh has 90 seconds left.\n|\n|t:|1697821003\n|start\n|switch|p1a: Ting-Lu|Ting-Lu|100\/100\n|switch|p2a: Arceus|Arceus-Fairy|100\/100\n|-ability|p1a: Ting-Lu|Vessel of Ruin\n|turn|1\n|\n|t:|1697821016\n|move|p2a: Arceus|Calm Mind|p2a: Arceus\n|-boost|p2a: Arceus|spa|1\n|-boost|p2a: Arceus|spd|1\n|move|p1a: Ting-Lu|Spikes|p2a: Arceus\n|-sidestart|p2: fdsjgh|Spikes\n|\n|upkeep\n|turn|2\n|\n|t:|1697821021\n|move|p2a: Arceus|Judgment|p1a: Ting-Lu\n|-supereffective|p1a: Ting-Lu\n|-damage|p1a: Ting-Lu|18\/100\n|move|p1a: Ting-Lu|Taunt|p2a: Arceus\n|-start|p2a: Arceus|move: Taunt\n|\n|-heal|p1a: Ting-Lu|24\/100|[from] item: Leftovers\n|upkeep\n|turn|3\n|\n|t:|1697821033\n|switch|p1a: Zacian|Zacian-Crowned|100\/100\n|-ability|p1a: Zacian|Intrepid Sword|boost\n|-boost|p1a: Zacian|atk|1\n|move|p2a: Arceus|Judgment|p1a: Zacian\n|-resisted|p1a: Zacian\n|-crit|p1a: Zacian\n|-damage|p1a: Zacian|51\/100\n|\n|upkeep\n|turn|4\n|\n|t:|1697821050\n|switch|p2a: Koraidon|Koraidon|100\/100\n|-damage|p2a: Koraidon|88\/100|[from] Spikes\n|-weather|SunnyDay|[from] ability: Orichalcum Pulse|[of] p2a: Koraidon\n|-activate|p2a: Koraidon|Orichalcum Pulse|[source]\n|move|p1a: Zacian|Behemoth Blade|p2a: Koraidon\n|-damage|p2a: Koraidon|5\/100\n|\n|-weather|SunnyDay|[upkeep]\n|upkeep\n|turn|5\n|\n|t:|1697821072\n|move|p2a: Koraidon|Flare Blitz|p1a: Zacian\n|-supereffective|p1a: Zacian\n|-damage|p1a: Zacian|0 fnt\n|faint|p1a: Zacian\n|-damage|p2a: Koraidon|0 fnt|[from] Recoil\n|faint|p2a: Koraidon\n|\n|-weather|SunnyDay|[upkeep]\n|upkeep\n|\n|t:|1697821082\n|switch|p1a: Giratina|Giratina-Origin|100\/100\n|switch|p2a: Arceus|Arceus-Fairy|100\/100\n|-damage|p2a: Arceus|88\/100|[from] Spikes\n|turn|6\n|\n|t:|1697821099\n|move|p2a: Arceus|Judgment|p1a: Giratina\n|-supereffective|p1a: Giratina\n|-damage|p1a: Giratina|39\/100\n|move|p1a: Giratina|Thunder Wave|p2a: Arceus\n|-status|p2a: Arceus|par\n|\n|-weather|SunnyDay|[upkeep]\n|upkeep\n|turn|7\n|\n|t:|1697821124\n|switch|p1a: Arceus|Arceus|100\/100\n|move|p2a: Arceus|Judgment|p1a: Arceus\n|-damage|p1a: Arceus|66\/100\n|\n|-weather|SunnyDay|[upkeep]\n|upkeep\n|turn|8\n|\n|t:|1697821144\n|move|p1a: Arceus|Swords Dance|p1a: Arceus\n|-boost|p1a: Arceus|atk|2\n|move|p2a: Arceus|Judgment|p1a: Arceus\n|-damage|p1a: Arceus|29\/100\n|\n|-weather|none\n|upkeep\n|turn|9\n|\n|t:|1697821151\n|move|p1a: Arceus|Recover|p1a: Arceus\n|-heal|p1a: Arceus|79\/100\n|move|p2a: Arceus|Judgment|p1a: Arceus\n|-damage|p1a: Arceus|43\/100\n|\n|upkeep\n|turn|10\n|\n|t:|1697821157\n|move|p1a: Arceus|Extreme Speed|p2a: Arceus\n|-crit|p2a: Arceus\n|-damage|p2a: Arceus|0 fnt\n|faint|p2a: Arceus\n|-damage|p1a: Arceus|33\/100|[from] item: Life Orb\n|\n|upkeep\n|\n|t:|1697821170\n|switch|p2a: Ditto|Ditto|100\/100\n|-damage|p2a: Ditto|88\/100|[from] Spikes\n|-transform|p2a: Ditto|p1a: Arceus|[from] ability: Imposter\n|turn|11\n|\n|t:|1697821175\n|move|p1a: Arceus|Extreme Speed|p2a: Ditto\n|-damage|p2a: Ditto|0 fnt\n|faint|p2a: Ditto\n|-damage|p1a: Arceus|23\/100|[from] item: Life Orb\n|\n|upkeep\n|\n|t:|1697821178\n|switch|p2a: Calyrex|Calyrex-Shadow|100\/100\n|-ability|p2a: Calyrex|As One\n|-ability|p2a: Calyrex|Unnerve\n|turn|12\n|\n|t:|1697821190\n|move|p2a: Calyrex|Nasty Plot|p2a: Calyrex\n|-boost|p2a: Calyrex|spa|2\n|move|p1a: Arceus|Shadow Claw|p2a: Calyrex\n|-supereffective|p2a: Calyrex\n|-damage|p2a: Calyrex|0 fnt\n|faint|p2a: Calyrex\n|-damage|p1a: Arceus|13\/100|[from] item: Life Orb\n|\n|upkeep\n|-message|fdsjgh forfeited.\n|\n|win|itzZen\n|raw|itzZen's rating: 1377 &rarr; <strong>1410<\/strong><br \/>(+33 for winning)\n|raw|fdsjgh's rating: 1637 &rarr; <strong>1604<\/strong><br \/>(-33 for losing)\n|l|\u2606fdsjgh\n|j|\u2606fdsjgh\n|player|p2|fdsjgh|ghetsis-gen5bw\n|l|\u2606fdsjgh\n|player|p2|\n|j|\u2606fdsjgh\n|player|p2|fdsjgh|ghetsis-gen5bw\n|l|\u2606fdsjgh\n|player|p2|\n","uploadtime":1697821229,"views":8,"p1id":"itzzen","p2id":"fdsjgh","formatid":"gen9anythinggoes","rating":1410,"private":0,"password":""}