{"id":"gen9anythinggoes-1990158486","p1":"dancingnightmare","p2":"Jaylek","format":"[Gen 9] Anything Goes","log":"|j|\u2606dancingnightmare\n|j|\u2606Jaylek\n|t:|1699931010\n|gametype|singles\n|player|p1|dancingnightmare|2|\n|player|p2|Jaylek|170|\n|teamsize|p1|6\n|teamsize|p2|6\n|gen|9\n|tier|[Gen 9] Anything Goes\n|rule|HP Percentage Mod: HP is shown in percentages\n|rule|Endless Battle Clause: Forcing endless battles is banned\n|clearpoke\n|poke|p1|Slither Wing|\n|poke|p1|Roaring Moon|\n|poke|p1|Iron Moth|\n|poke|p1|Leavanny, M|\n|poke|p1|Ninetales, M|\n|poke|p1|Tinkaton, F|\n|poke|p2|Typhlosion-Hisui, M|\n|poke|p2|Iron Bundle|\n|poke|p2|Baxcalibur, F|\n|poke|p2|Regieleki|\n|poke|p2|Slowking-Galar, M|\n|poke|p2|Clodsire, M|\n|teampreview\n|j| FLOOR IT\n|c|\u2606dancingnightmare|glhf!\n|j| alexwave55\n|\n|t:|1699931044\n|start\n|switch|p1a: Maki|Leavanny, M|100\/100\n|switch|p2a: Kris Kringle|Iron Bundle|100\/100\n|turn|1\n|\n|t:|1699931071\n|move|p2a: Kris Kringle|Ice Beam|p1a: Maki\n|-supereffective|p1a: Maki\n|-enditem|p1a: Maki|Focus Sash\n|-damage|p1a: Maki|1\/100\n|move|p1a: Maki|Sticky Web|p2a: Kris Kringle\n|-sidestart|p2: Jaylek|move: Sticky Web\n|\n|upkeep\n|turn|2\n|j| Ryno5311\n|c| FLOOR IT|You know Alexis. Dawn is one of the last people I'd expect you to have as your avatar\n|\n|t:|1699931086\n|move|p2a: Kris Kringle|Flip Turn|p1a: Maki\n|-resisted|p1a: Maki\n|-damage|p1a: Maki|0 fnt\n|faint|p1a: Maki\n|\n|t:|1699931089\n|-end|p2a: Kris Kringle|Quark Drive|[silent]\n|switch|p2a: Haywire|Regieleki|100\/100|[from] Flip Turn\n|-activate|p2a: Haywire|move: Sticky Web\n|-unboost|p2a: Haywire|spe|1\n|\n|upkeep\n|c| Ryno5311|she doesnt have it set so it always changes\n|\n|t:|1699931099\n|switch|p1a: Kento|Slither Wing|100\/100\n|turn|3\n|\n|t:|1699931103\n|-terastallize|p1a: Kento|Ground\n|move|p1a: Kento|Earthquake|p2a: Haywire\n|-supereffective|p2a: Haywire\n|-damage|p2a: Haywire|0 fnt\n|faint|p2a: Haywire\n|\n|upkeep\n|c| FLOOR IT|Lame\n|\n|t:|1699931116\n|switch|p2a: Kaiju|Baxcalibur, F|100\/100\n|-activate|p2a: Kaiju|move: Sticky Web\n|-unboost|p2a: Kaiju|spe|1\n|turn|4\n|\n|t:|1699931127\n|-end|p1a: Kento|Protosynthesis|[silent]\n|switch|p1a: Momo|Ninetales, M|100\/100\n|-weather|SunnyDay|[from] ability: Drought|[of] p1a: Momo\n|move|p2a: Kaiju|Swords Dance|p2a: Kaiju\n|-boost|p2a: Kaiju|atk|2\n|\n|-weather|SunnyDay|[upkeep]\n|upkeep\n|turn|5\n|\n|t:|1699931140\n|move|p1a: Momo|Dark Pulse|p2a: Kaiju\n|-damage|p2a: Kaiju|67\/100\n|cant|p2a: Kaiju|flinch\n|\n|-weather|SunnyDay|[upkeep]\n|upkeep\n|turn|6\n|\n|t:|1699931145\n|move|p1a: Momo|Dark Pulse|p2a: Kaiju\n|-damage|p2a: Kaiju|34\/100\n|cant|p2a: Kaiju|flinch\n|\n|-weather|SunnyDay|[upkeep]\n|upkeep\n|turn|7\n|c| alexwave55|no way\n|\n|t:|1699931151\n|move|p1a: Momo|Dark Pulse|p2a: Kaiju\n|-damage|p2a: Kaiju|2\/100\n|move|p2a: Kaiju|Scale Shot|p1a: Momo\n|-damage|p1a: Momo|58\/100\n|-damage|p1a: Momo|19\/100\n|-damage|p1a: Momo|0 fnt\n|faint|p1a: Momo\n|-hitcount|p1: Momo|3\n|-unboost|p2a: Kaiju|def|1\n|-boost|p2a: Kaiju|spe|1\n|\n|-weather|SunnyDay|[upkeep]\n|upkeep\n|\n|t:|1699931166\n|switch|p1a: Kento|Slither Wing, tera:Ground|100\/100\n|-activate|p1a: Kento|ability: Protosynthesis\n|-start|p1a: Kento|protosynthesisatk\n|turn|8\n|\n|t:|1699931174\n|move|p1a: Kento|U-turn|p2a: Kaiju\n|-damage|p2a: Kaiju|0 fnt\n|faint|p2a: Kaiju\n|\n|t:|1699931191\n|-end|p1a: Kento|Protosynthesis|[silent]\n|switch|p1a: Gojo|Roaring Moon|100\/100|[from] U-turn\n|-activate|p1a: Gojo|ability: Protosynthesis\n|-start|p1a: Gojo|protosynthesisatk\n|\n|-weather|none\n|-end|p1a: Gojo|Protosynthesis\n|upkeep\n|\n|t:|1699931200\n|switch|p2a: Pompeii|Typhlosion-Hisui, M|100\/100\n|-activate|p2a: Pompeii|move: Sticky Web\n|-unboost|p2a: Pompeii|spe|1\n|-item|p1a: Gojo|Expert Belt|[from] ability: Frisk|[of] p2a: Pompeii|[identify]\n|turn|9\n|\n|t:|1699931206\n|-terastallize|p2a: Pompeii|Fairy\n|move|p1a: Gojo|Earthquake|p2a: Pompeii\n|-damage|p2a: Pompeii|44\/100\n|move|p2a: Pompeii|Tera Blast|p1a: Gojo|[anim] Tera Blast Fairy\n|-supereffective|p1a: Gojo\n|-damage|p1a: Gojo|0 fnt\n|faint|p1a: Gojo\n|-end|p1a: Gojo|Protosynthesis|[silent]\n|-damage|p2a: Pompeii|35\/100|[from] item: Life Orb\n|\n|upkeep\n|\n|t:|1699931216\n|switch|p1a: Shoko|Iron Moth|100\/100\n|turn|10\n|\n|t:|1699931230\n|switch|p2a: Clod Bod|Clodsire, M|100\/100\n|-activate|p2a: Clod Bod|move: Sticky Web\n|-unboost|p2a: Clod Bod|spe|1\n|move|p1a: Shoko|Sludge Wave|p2a: Clod Bod\n|-resisted|p2a: Clod Bod\n|-damage|p2a: Clod Bod|90\/100\n|\n|-heal|p2a: Clod Bod|96\/100|[from] item: Leftovers\n|upkeep\n|turn|11\n|\n|t:|1699931239\n|-end|p1a: Shoko|Quark Drive|[silent]\n|switch|p1a: Kento|Slither Wing, tera:Ground|100\/100\n|move|p2a: Clod Bod|Earthquake|p1a: Kento\n|-damage|p1a: Kento|67\/100\n|\n|-heal|p2a: Clod Bod|100\/100|[from] item: Leftovers\n|upkeep\n|turn|12\n|\n|t:|1699931246\n|move|p1a: Kento|Earthquake|p2a: Clod Bod\n|-supereffective|p2a: Clod Bod\n|-damage|p2a: Clod Bod|17\/100\n|move|p2a: Clod Bod|Toxic|p1a: Kento\n|-status|p1a: Kento|tox\n|\n|-heal|p2a: Clod Bod|24\/100|[from] item: Leftovers\n|-damage|p1a: Kento|61\/100 tox|[from] psn\n|upkeep\n|turn|13\n|\n|t:|1699931257\n|switch|p2a: Kris Kringle|Iron Bundle|100\/100\n|move|p1a: Kento|Earthquake|p2a: Kris Kringle\n|-damage|p2a: Kris Kringle|41\/100\n|\n|-damage|p1a: Kento|49\/100 tox|[from] psn\n|upkeep\n|turn|14\n|\n|t:|1699931266\n|move|p1a: Kento|Earthquake|p2a: Kris Kringle\n|-damage|p2a: Kris Kringle|0 fnt\n|faint|p2a: Kris Kringle\n|-end|p2a: Kris Kringle|Quark Drive|[silent]\n|\n|-damage|p1a: Kento|30\/100 tox|[from] psn\n|upkeep\n|\n|t:|1699931269\n|switch|p2a: Imperator|Slowking-Galar, M|100\/100\n|-activate|p2a: Imperator|move: Sticky Web\n|-unboost|p2a: Imperator|spe|1\n|turn|15\n|\n|t:|1699931281\n|move|p1a: Kento|Earthquake|p2a: Imperator\n|-supereffective|p2a: Imperator\n|-damage|p2a: Imperator|0 fnt\n|faint|p2a: Imperator\n|\n|-damage|p1a: Kento|5\/100 tox|[from] psn\n|upkeep\n|\n|t:|1699931289\n|switch|p2a: Pompeii|Typhlosion-Hisui, M, tera:Fairy|35\/100\n|-activate|p2a: Pompeii|move: Sticky Web\n|-unboost|p2a: Pompeii|spe|1\n|-item|p1a: Kento|Choice Scarf|[from] ability: Frisk|[of] p2a: Pompeii|[identify]\n|turn|16\n|\n|t:|1699931294\n|move|p1a: Kento|Earthquake|p2a: Pompeii\n|-damage|p2a: Pompeii|0 fnt\n|faint|p2a: Pompeii\n|\n|-damage|p1a: Kento|0 fnt|[from] psn\n|faint|p1a: Kento\n|-end|p1a: Kento|Protosynthesis|[silent]\n|upkeep\n|\n|t:|1699931306\n|switch|p2a: Clod Bod|Clodsire, M|24\/100\n|switch|p1a: Nobara|Tinkaton, F|100\/100\n|-ability|p1a: Nobara|Mold Breaker\n|-activate|p2a: Clod Bod|move: Sticky Web\n|-unboost|p2a: Clod Bod|spe|1\n|turn|17\n|\n|t:|1699931313\n|move|p1a: Nobara|Knock Off|p2a: Clod Bod\n|-damage|p2a: Clod Bod|5\/100\n|-enditem|p2a: Clod Bod|Leftovers|[from] move: Knock Off|[of] p1a: Nobara\n|move|p2a: Clod Bod|Recover|p2a: Clod Bod\n|-heal|p2a: Clod Bod|55\/100\n|\n|upkeep\n|turn|18\n|\n|t:|1699931319\n|move|p1a: Nobara|Gigaton Hammer|p2a: Clod Bod\n|-damage|p2a: Clod Bod|17\/100\n|move|p2a: Clod Bod|Recover|p2a: Clod Bod\n|-heal|p2a: Clod Bod|67\/100\n|\n|upkeep\n|turn|19\n|\n|t:|1699931329\n|move|p1a: Nobara|Knock Off|p2a: Clod Bod\n|-damage|p2a: Clod Bod|55\/100\n|move|p2a: Clod Bod|Recover|p2a: Clod Bod\n|-heal|p2a: Clod Bod|100\/100\n|\n|upkeep\n|turn|20\n|\n|t:|1699931333\n|move|p1a: Nobara|Gigaton Hammer|p2a: Clod Bod\n|-damage|p2a: Clod Bod|58\/100\n|move|p2a: Clod Bod|Recover|p2a: Clod Bod\n|-heal|p2a: Clod Bod|100\/100\n|\n|upkeep\n|turn|21\n|\n|t:|1699931339\n|move|p1a: Nobara|Knock Off|p2a: Clod Bod\n|-damage|p2a: Clod Bod|89\/100\n|move|p2a: Clod Bod|Earthquake|p1a: Nobara\n|-supereffective|p1a: Nobara\n|-damage|p1a: Nobara|32\/100\n|\n|-heal|p1a: Nobara|38\/100|[from] item: Leftovers\n|upkeep\n|turn|22\n|\n|t:|1699931346\n|move|p1a: Nobara|Gigaton Hammer|p2a: Clod Bod\n|-damage|p2a: Clod Bod|47\/100\n|move|p2a: Clod Bod|Recover|p2a: Clod Bod\n|-heal|p2a: Clod Bod|97\/100\n|\n|-heal|p1a: Nobara|44\/100|[from] item: Leftovers\n|upkeep\n|turn|23\n|\n|t:|1699931353\n|move|p1a: Nobara|Knock Off|p2a: Clod Bod\n|-damage|p2a: Clod Bod|85\/100\n|move|p2a: Clod Bod|Earthquake|p1a: Nobara\n|-supereffective|p1a: Nobara\n|-damage|p1a: Nobara|0 fnt\n|faint|p1a: Nobara\n|\n|upkeep\n|\n|t:|1699931359\n|switch|p1a: Shoko|Iron Moth|100\/100\n|turn|24\n|\n|t:|1699931364\n|move|p1a: Shoko|Fiery Dance|p2a: Clod Bod\n|-damage|p2a: Clod Bod|47\/100\n|move|p2a: Clod Bod|Earthquake|p1a: Shoko\n|-supereffective|p1a: Shoko\n|-damage|p1a: Shoko|0 fnt\n|faint|p1a: Shoko\n|-end|p1a: Shoko|Quark Drive|[silent]\n|\n|win|Jaylek\n|c|\u2606Jaylek|gg\n|c|\u2606dancingnightmare|gg\n","uploadtime":1699931381,"views":24,"p1id":"dancingnightmare","p2id":"jaylek","formatid":"gen9anythinggoes","rating":0,"private":0,"password":""}