{"id":"gen9anythinggoes-1988867512","p1":"ibury","p2":"SirJay603","format":"[Gen 9] Anything Goes","log":"|j|\u2606ibury\n|j|\u2606SirJay603\n|t:|1699777174\n|gametype|singles\n|player|p1|ibury|169|1167\n|player|p2|SirJay603|cynthia-gen4|1248\n|teamsize|p1|6\n|teamsize|p2|6\n|gen|9\n|tier|[Gen 9] Anything Goes\n|rated|\n|rule|HP Percentage Mod: HP is shown in percentages\n|rule|Endless Battle Clause: Forcing endless battles is banned\n|clearpoke\n|poke|p1|Blissey, F|\n|poke|p1|Toxapex, F|\n|poke|p1|Corviknight, F|\n|poke|p1|Clodsire, F|\n|poke|p1|Iron Treads|\n|poke|p1|Flutter Mane|\n|poke|p2|Ditto|\n|poke|p2|Ditto|\n|poke|p2|Ditto|\n|poke|p2|Ditto|\n|poke|p2|Ditto|\n|poke|p2|Ditto|\n|teampreview\n|inactive|Battle timer is ON: inactive players will automatically lose when time's up. (requested by SirJay603)\n|c|\u2606ibury|ok\n|c|\u2606SirJay603|gl\n|c|\u2606ibury|u too\n|\n|t:|1699777191\n|start\n|switch|p1a: HeadCrab!|Toxapex, F, shiny|100\/100\n|switch|p2a: Concentrate|Ditto|100\/100\n|-transform|p2a: Concentrate|p1a: HeadCrab!|[from] ability: Imposter\n|turn|1\n|\n|t:|1699777206\n|move|p1a: HeadCrab!|Toxic Spikes|p2a: Concentrate\n|-sidestart|p2: SirJay603|move: Toxic Spikes\n|move|p2a: Concentrate|Toxic Spikes|p1a: HeadCrab!\n|-sidestart|p1: ibury|move: Toxic Spikes\n|\n|upkeep\n|turn|2\n|\n|t:|1699777211\n|move|p1a: HeadCrab!|Toxic Spikes|p2a: Concentrate\n|-sidestart|p2: SirJay603|move: Toxic Spikes\n|move|p2a: Concentrate|Toxic Spikes|p1a: HeadCrab!\n|-sidestart|p1: ibury|move: Toxic Spikes\n|\n|upkeep\n|turn|3\n|\n|t:|1699777220\n|switch|p1a: Flop Flop|Clodsire, F, shiny|100\/100\n|-sideend|p1: ibury|move: Toxic Spikes|[of] p1a: Flop Flop\n|move|p2a: Concentrate|Toxic Spikes|p1a: Flop Flop\n|-sidestart|p1: ibury|move: Toxic Spikes\n|\n|upkeep\n|turn|4\n|\n|t:|1699777226\n|move|p2a: Concentrate|Toxic Spikes|p1a: Flop Flop\n|-sidestart|p1: ibury|move: Toxic Spikes\n|move|p1a: Flop Flop|Earthquake|p2a: Concentrate\n|-supereffective|p2a: Concentrate\n|-damage|p2a: Concentrate|64\/100\n|\n|upkeep\n|turn|5\n|\n|t:|1699777233\n|move|p2a: Concentrate|Toxic Spikes||[still]\n|-fail|p2a: Concentrate\n|move|p1a: Flop Flop|Earthquake|p2a: Concentrate\n|-supereffective|p2a: Concentrate\n|-damage|p2a: Concentrate|28\/100\n|\n|upkeep\n|turn|6\n|c|\u2606ibury|what items do your ditto have?\n|\n|t:|1699777246\n|move|p2a: Concentrate|Recover|p2a: Concentrate\n|-heal|p2a: Concentrate|78\/100\n|move|p1a: Flop Flop|Earthquake|p2a: Concentrate\n|-supereffective|p2a: Concentrate\n|-damage|p2a: Concentrate|39\/100\n|\n|upkeep\n|turn|7\n|c|\u2606SirJay603|youll see\n|\n|t:|1699777257\n|move|p2a: Concentrate|Recover|p2a: Concentrate\n|-heal|p2a: Concentrate|89\/100\n|move|p1a: Flop Flop|Curse|p1a: Flop Flop\n|-unboost|p1a: Flop Flop|spe|1\n|-boost|p1a: Flop Flop|atk|1\n|-boost|p1a: Flop Flop|def|1\n|\n|upkeep\n|turn|8\n|c|\u2606ibury|:(\n|\n|t:|1699777264\n|move|p2a: Concentrate|Recover|p2a: Concentrate\n|-heal|p2a: Concentrate|100\/100\n|move|p1a: Flop Flop|Earthquake|p2a: Concentrate\n|-supereffective|p2a: Concentrate\n|-damage|p2a: Concentrate|46\/100\n|\n|upkeep\n|turn|9\n|\n|t:|1699777269\n|move|p2a: Concentrate|Recover|p2a: Concentrate\n|-heal|p2a: Concentrate|96\/100\n|move|p1a: Flop Flop|Earthquake|p2a: Concentrate\n|-supereffective|p2a: Concentrate\n|-damage|p2a: Concentrate|36\/100\n|\n|upkeep\n|turn|10\n|\n|t:|1699777278\n|move|p2a: Concentrate|Recover|p2a: Concentrate\n|-heal|p2a: Concentrate|86\/100\n|move|p1a: Flop Flop|Curse|p1a: Flop Flop\n|-unboost|p1a: Flop Flop|spe|1\n|-boost|p1a: Flop Flop|atk|1\n|-boost|p1a: Flop Flop|def|1\n|\n|upkeep\n|turn|11\n|\n|t:|1699777284\n|move|p2a: Concentrate|Baneful Bunker|p2a: Concentrate\n|-singleturn|p2a: Concentrate|move: Protect\n|move|p1a: Flop Flop|Earthquake|p2a: Concentrate\n|-activate|p2a: Concentrate|move: Protect\n|\n|upkeep\n|turn|12\n|\n|t:|1699777290\n|move|p2a: Concentrate|Baneful Bunker||[still]\n|-fail|p2a: Concentrate\n|move|p1a: Flop Flop|Earthquake|p2a: Concentrate\n|-supereffective|p2a: Concentrate\n|-damage|p2a: Concentrate|2\/100\n|\n|upkeep\n|turn|13\n|c|\u2606ibury|i'm so confused\n|\n|t:|1699777301\n|move|p2a: Concentrate|Baneful Bunker|p2a: Concentrate\n|-singleturn|p2a: Concentrate|move: Protect\n|move|p1a: Flop Flop|Earthquake|p2a: Concentrate\n|-activate|p2a: Concentrate|move: Protect\n|\n|upkeep\n|turn|14\n|c|\u2606SirJay603|:)\n|\n|t:|1699777312\n|move|p2a: Concentrate|Baneful Bunker||[still]\n|-fail|p2a: Concentrate\n|move|p1a: Flop Flop|Earthquake|p2a: Concentrate\n|-supereffective|p2a: Concentrate\n|-damage|p2a: Concentrate|0 fnt\n|faint|p2a: Concentrate\n|\n|upkeep\n|c|\u2606ibury|fighting through adversity\n|\n|t:|1699777319\n|switch|p2a: Experiment|Ditto|100\/100\n|-status|p2a: Experiment|tox\n|-transform|p2a: Experiment|p1a: Flop Flop|[from] ability: Imposter\n|-enditem|p2a: Experiment|White Herb\n|-clearnegativeboost|p2a: Experiment|[silent]\n|turn|15\n|c|\u2606ibury|YES\n|c|\u2606ibury|IT WORKED\n|\n|t:|1699777336\n|move|p2a: Experiment|Earthquake|p1a: Flop Flop\n|-supereffective|p1a: Flop Flop\n|-damage|p1a: Flop Flop|54\/100\n|move|p1a: Flop Flop|Spikes|p2a: Experiment\n|-sidestart|p2: SirJay603|Spikes\n|\n|-heal|p1a: Flop Flop|60\/100|[from] item: Black Sludge\n|-damage|p2a: Experiment|94\/100 tox|[from] psn\n|upkeep\n|turn|16\n|\n|t:|1699777346\n|move|p2a: Experiment|Earthquake|p1a: Flop Flop\n|-supereffective|p1a: Flop Flop\n|-damage|p1a: Flop Flop|14\/100\n|move|p1a: Flop Flop|Recover|p1a: Flop Flop\n|-heal|p1a: Flop Flop|64\/100\n|\n|-heal|p1a: Flop Flop|70\/100|[from] item: Black Sludge\n|-damage|p2a: Experiment|82\/100 tox|[from] psn\n|upkeep\n|turn|17\n|\n|t:|1699777354\n|move|p2a: Experiment|Earthquake|p1a: Flop Flop\n|-supereffective|p1a: Flop Flop\n|-damage|p1a: Flop Flop|19\/100\n|move|p1a: Flop Flop|Recover|p1a: Flop Flop\n|-heal|p1a: Flop Flop|69\/100\n|\n|-heal|p1a: Flop Flop|75\/100|[from] item: Black Sludge\n|-damage|p2a: Experiment|64\/100 tox|[from] psn\n|upkeep\n|turn|18\n|\n|t:|1699777362\n|move|p2a: Experiment|Earthquake|p1a: Flop Flop\n|-supereffective|p1a: Flop Flop\n|-damage|p1a: Flop Flop|23\/100\n|move|p1a: Flop Flop|Recover|p1a: Flop Flop\n|-heal|p1a: Flop Flop|73\/100\n|\n|-heal|p1a: Flop Flop|79\/100|[from] item: Black Sludge\n|-damage|p2a: Experiment|40\/100 tox|[from] psn\n|upkeep\n|turn|19\n|\n|t:|1699777371\n|move|p2a: Experiment|Earthquake|p1a: Flop Flop\n|-supereffective|p1a: Flop Flop\n|-damage|p1a: Flop Flop|25\/100\n|move|p1a: Flop Flop|Recover|p1a: Flop Flop\n|-heal|p1a: Flop Flop|75\/100\n|\n|-heal|p1a: Flop Flop|81\/100|[from] item: Black Sludge\n|-damage|p2a: Experiment|10\/100 tox|[from] psn\n|upkeep\n|turn|20\n|\n|t:|1699777379\n|move|p2a: Experiment|Spikes|p1a: Flop Flop\n|-sidestart|p1: ibury|Spikes\n|move|p1a: Flop Flop|Spikes|p2a: Experiment\n|-sidestart|p2: SirJay603|Spikes\n|\n|-heal|p1a: Flop Flop|88\/100|[from] item: Black Sludge\n|-damage|p2a: Experiment|0 fnt|[from] psn\n|faint|p2a: Experiment\n|upkeep\n|\n|t:|1699777386\n|switch|p2a: Decision|Ditto|100\/100\n|-status|p2a: Decision|tox\n|-damage|p2a: Decision|84\/100 tox|[from] Spikes\n|-transform|p2a: Decision|p1a: Flop Flop|[from] ability: Imposter\n|turn|21\n|\n|t:|1699777393\n|move|p2a: Decision|Earthquake|p1a: Flop Flop\n|-supereffective|p1a: Flop Flop\n|-damage|p1a: Flop Flop|41\/100\n|move|p1a: Flop Flop|Spikes|p2a: Decision\n|-sidestart|p2: SirJay603|Spikes\n|\n|-heal|p1a: Flop Flop|48\/100|[from] item: Black Sludge\n|-damage|p2a: Decision|78\/100 tox|[from] psn\n|upkeep\n|turn|22\n|\n|t:|1699777408\n|switch|p1a: HeadCrab!|Toxapex, F, shiny|100\/100\n|-sideend|p1: ibury|move: Toxic Spikes|[of] p1a: HeadCrab!\n|-damage|p1a: HeadCrab!|88\/100|[from] Spikes\n|move|p2a: Decision|Earthquake|p1a: HeadCrab!\n|-supereffective|p1a: HeadCrab!\n|-damage|p1a: HeadCrab!|7\/100\n|\n|-damage|p2a: Decision|66\/100 tox|[from] psn\n|upkeep\n|turn|23\n|inactive|ibury has 120 seconds left.\n|\n|t:|1699777448\n|move|p1a: HeadCrab!|Recover|p1a: HeadCrab!\n|-heal|p1a: HeadCrab!|57\/100\n|move|p2a: Decision|Earthquake|p1a: HeadCrab!\n|-supereffective|p1a: HeadCrab!\n|-damage|p1a: HeadCrab!|0 fnt\n|faint|p1a: HeadCrab!\n|\n|-damage|p2a: Decision|48\/100 tox|[from] psn\n|upkeep\n|c|\u2606ibury|:(\n|\n|t:|1699777461\n|switch|p1a: Flop Flop|Clodsire, F, shiny|48\/100\n|-damage|p1a: Flop Flop|35\/100|[from] Spikes\n|turn|24\n|\n|t:|1699777468\n|move|p1a: Flop Flop|Recover|p1a: Flop Flop\n|-heal|p1a: Flop Flop|85\/100\n|move|p2a: Decision|Earthquake|p1a: Flop Flop\n|-supereffective|p1a: Flop Flop\n|-damage|p1a: Flop Flop|0 fnt\n|faint|p1a: Flop Flop\n|\n|-damage|p2a: Decision|24\/100 tox|[from] psn\n|upkeep\n|\n|t:|1699777480\n|switch|p1a: GottaGoFast|Iron Treads, shiny|100\/100\n|-damage|p1a: GottaGoFast|88\/100|[from] Spikes\n|turn|25\n|c|\u2606ibury|wait\n|\n|t:|1699777488\n|move|p1a: GottaGoFast|Knock Off|p2a: Decision\n|-damage|p2a: Decision|10\/100 tox\n|-enditem|p2a: Decision|Choice Scarf|[from] move: Knock Off|[of] p1a: GottaGoFast\n|move|p2a: Decision|Earthquake|p1a: GottaGoFast\n|-supereffective|p1a: GottaGoFast\n|-damage|p1a: GottaGoFast|23\/100\n|\n|-damage|p2a: Decision|0 fnt|[from] psn\n|faint|p2a: Decision\n|upkeep\n|c|\u2606ibury|CHOICE SCARF\n|\n|t:|1699777498\n|switch|p2a: Doody|Ditto|100\/100\n|-transform|p2a: Doody|p1a: GottaGoFast|[from] ability: Imposter\n|turn|26\n|inactive|ibury has 120 seconds left.\n|c|\u2606ibury|hmm\n|c|\u2606ibury|boots\n|\n|t:|1699777511\n|move|p2a: Doody|Rapid Spin|p1a: GottaGoFast\n|-resisted|p1a: GottaGoFast\n|-damage|p1a: GottaGoFast|20\/100\n|-boost|p2a: Doody|spe|1\n|-sideend|p2: SirJay603|Spikes|[from] move: Rapid Spin|[of] p2a: Doody\n|-sideend|p2: SirJay603|Toxic Spikes|[from] move: Rapid Spin|[of] p2a: Doody\n|move|p1a: GottaGoFast|Knock Off|p2a: Doody\n|-damage|p2a: Doody|81\/100\n|-enditem|p2a: Doody|Heavy-Duty Boots|[from] move: Knock Off|[of] p1a: GottaGoFast\n|\n|upkeep\n|turn|27\n|inactive|ibury has 120 seconds left.\n|c|\u2606ibury|fuck\n|\n|t:|1699777524\n|move|p2a: Doody|Earthquake|p1a: GottaGoFast\n|-supereffective|p1a: GottaGoFast\n|-damage|p1a: GottaGoFast|0 fnt\n|faint|p1a: GottaGoFast\n|-end|p1a: GottaGoFast|Quark Drive|[silent]\n|\n|upkeep\n|c|\u2606ibury|ok fair enough FUCK\n|c|\u2606ibury|ggs\n|c|\u2606SirJay603|first one was sash\n|\n|t:|1699777544\n|switch|p1a: Misleadvus|Flutter Mane, shiny|100\/100\n|-damage|p1a: Misleadvus|88\/100|[from] Spikes\n|turn|28\n|\n|t:|1699777556\n|move|p2a: Doody|Knock Off|p1a: Misleadvus\n|-damage|p1a: Misleadvus|34\/100\n|-enditem|p1a: Misleadvus|Assault Vest|[from] move: Knock Off|[of] p2a: Doody\n|move|p1a: Misleadvus|Mystical Fire|p2a: Doody\n|-supereffective|p2a: Doody\n|-damage|p2a: Doody|0 fnt\n|faint|p2a: Doody\n|-end|p2a: Doody|Quark Drive|[silent]\n|\n|upkeep\n|c|\u2606ibury|hmm\n|\n|t:|1699777570\n|switch|p2a: borb|Ditto|100\/100\n|-transform|p2a: borb|p1a: Misleadvus|[from] ability: Imposter\n|turn|29\n|c|\u2606ibury|sash scarf boots\n|c|\u2606ibury|let me infer the others\n|inactive|ibury has 120 seconds left.\n|c|\u2606ibury|leftovers\n|c|\u2606ibury|rocky helmet\n|c|\u2606SirJay603|white herb\n|inactive|SirJay603 has 120 seconds left.\n|c|\u2606ibury|whaaaaaaaaaaaa\n|c|\u2606ibury|for setup types?\n|inactive|ibury has 90 seconds left.\n|c|\u2606SirJay603|;)\n|inactive|SirJay603 has 90 seconds left.\n|\n|t:|1699777655\n|-end|p1a: Misleadvus|Protosynthesis|[silent]\n|switch|p1a: The Egg Man|Blissey, F, shiny|100\/100\n|move|p2a: borb|Moonblast|p1a: The Egg Man\n|-damage|p1a: The Egg Man|79\/100\n|-damage|p2a: borb|91\/100|[from] item: Life Orb\n|\n|upkeep\n|turn|30\n|c|\u2606ibury|LIFE ORB\n|inactive|ibury has 90 seconds left.\n|c|\u2606ibury|prob no rocky helmet\n|c|\u2606SirJay603|indeed\n|\n|t:|1699777682\n|-end|p2a: borb|Protosynthesis|[silent]\n|switch|p2a: Righty|Ditto|100\/100\n|-transform|p2a: Righty|p1a: The Egg Man|[from] ability: Imposter\n|move|p1a: The Egg Man|Thunder Wave|p2a: Righty|[miss]\n|-miss|p1a: The Egg Man|p2a: Righty\n|\n|upkeep\n|turn|31\n|\n|t:|1699777694\n|move|p1a: The Egg Man|Thunder Wave|p2a: Righty\n|-status|p2a: Righty|par\n|cant|p2a: Righty|par\n|\n|upkeep\n|turn|32\n|\n|t:|1699777701\n|move|p1a: The Egg Man|Seismic Toss|p2a: Righty\n|-damage|p2a: Righty|67\/100 par\n|move|p2a: Righty|Stealth Rock|p1a: The Egg Man\n|-sidestart|p1: ibury|move: Stealth Rock\n|\n|-heal|p2a: Righty|73\/100 par|[from] item: Leftovers\n|upkeep\n|turn|33\n|\n|t:|1699777708\n|move|p1a: The Egg Man|Seismic Toss|p2a: Righty\n|-damage|p2a: Righty|40\/100 par\n|move|p2a: Righty|Thunder Wave|p1a: The Egg Man|[miss]\n|-miss|p2a: Righty|p1a: The Egg Man\n|\n|-heal|p2a: Righty|46\/100 par|[from] item: Leftovers\n|upkeep\n|turn|34\n|c|\u2606ibury|get fucked blissey\n|inactive|ibury has 90 seconds left.\n|\n|t:|1699777715\n|move|p1a: The Egg Man|Seismic Toss|p2a: Righty\n|-damage|p2a: Righty|12\/100 par\n|move|p2a: Righty|Soft-Boiled|p2a: Righty\n|-heal|p2a: Righty|62\/100 par\n|\n|-heal|p2a: Righty|68\/100 par|[from] item: Leftovers\n|upkeep\n|turn|35\n|\n|t:|1699777722\n|move|p1a: The Egg Man|Seismic Toss|p2a: Righty\n|-damage|p2a: Righty|35\/100 par\n|move|p2a: Righty|Soft-Boiled|p2a: Righty\n|-heal|p2a: Righty|85\/100 par\n|\n|-heal|p2a: Righty|91\/100 par|[from] item: Leftovers\n|upkeep\n|turn|36\n|\n|t:|1699777730\n|move|p1a: The Egg Man|Seismic Toss|p2a: Righty\n|-damage|p2a: Righty|58\/100 par\n|cant|p2a: Righty|par\n|\n|-heal|p2a: Righty|64\/100 par|[from] item: Leftovers\n|upkeep\n|turn|37\n|c|\u2606ibury|wait this is weird\n|c|\u2606ibury|u only have 5\/5 pp per move\n|\n|t:|1699777746\n|move|p1a: The Egg Man|Seismic Toss|p2a: Righty\n|-damage|p2a: Righty|30\/100 par\n|move|p2a: Righty|Thunder Wave|p1a: The Egg Man\n|-status|p1a: The Egg Man|par\n|\n|-heal|p2a: Righty|36\/100 par|[from] item: Leftovers\n|upkeep\n|turn|38\n|c|\u2606ibury|exploitable\n|\n|t:|1699777756\n|-curestatus|p2a: Righty|par|[from] ability: Natural Cure\n|switch|p2a: borb|Ditto|91\/100\n|-transform|p2a: borb|p1a: The Egg Man|[from] ability: Imposter\n|cant|p1a: The Egg Man|par\n|\n|upkeep\n|turn|39\n|\n|t:|1699777772\n|move|p2a: borb|Seismic Toss|p1a: The Egg Man\n|-damage|p1a: The Egg Man|65\/100 par\n|-damage|p2a: borb|81\/100|[from] item: Life Orb\n|move|p1a: The Egg Man|Seismic Toss|p2a: borb\n|-damage|p2a: borb|48\/100\n|\n|upkeep\n|turn|40\n|\n|t:|1699777779\n|move|p2a: borb|Soft-Boiled|p2a: borb\n|-heal|p2a: borb|98\/100\n|move|p1a: The Egg Man|Soft-Boiled|p1a: The Egg Man\n|-heal|p1a: The Egg Man|100\/100 par\n|\n|upkeep\n|turn|41\n|\n|t:|1699777789\n|move|p2a: borb|Seismic Toss|p1a: The Egg Man\n|-damage|p1a: The Egg Man|86\/100 par\n|-damage|p2a: borb|88\/100|[from] item: Life Orb\n|move|p1a: The Egg Man|Seismic Toss|p2a: borb\n|-damage|p2a: borb|55\/100\n|\n|upkeep\n|turn|42\n|c|\u2606ibury|i wonder if it resets when u switch back in\n|\n|t:|1699777796\n|move|p2a: borb|Soft-Boiled|p2a: borb\n|-heal|p2a: borb|100\/100\n|cant|p1a: The Egg Man|par\n|\n|upkeep\n|turn|43\n|\n|t:|1699777801\n|switch|p2a: Righty|Ditto|36\/100\n|-transform|p2a: Righty|p1a: The Egg Man|[from] ability: Imposter\n|move|p1a: The Egg Man|Thunder Wave|p2a: Righty\n|-status|p2a: Righty|par\n|\n|-heal|p2a: Righty|42\/100 par|[from] item: Leftovers\n|upkeep\n|turn|44\n|\n|t:|1699777810\n|move|p2a: Righty|Soft-Boiled|p2a: Righty\n|-heal|p2a: Righty|92\/100 par\n|move|p1a: The Egg Man|Seismic Toss|p2a: Righty\n|-damage|p2a: Righty|59\/100 par\n|\n|-heal|p2a: Righty|65\/100 par|[from] item: Leftovers\n|upkeep\n|turn|45\n|c|\u2606ibury|damn it does reset\n|\n|t:|1699777818\n|-curestatus|p2a: Righty|par|[from] ability: Natural Cure\n|switch|p2a: borb|Ditto|100\/100\n|-transform|p2a: borb|p1a: The Egg Man|[from] ability: Imposter\n|move|p1a: The Egg Man|Stealth Rock|p2a: borb\n|-sidestart|p2: SirJay603|move: Stealth Rock\n|\n|upkeep\n|turn|46\n|\n|t:|1699777830\n|move|p2a: borb|Seismic Toss|p1a: The Egg Man\n|-damage|p1a: The Egg Man|72\/100 par\n|-damage|p2a: borb|91\/100|[from] item: Life Orb\n|move|p1a: The Egg Man|Thunder Wave|p2a: borb\n|-status|p2a: borb|par\n|\n|upkeep\n|turn|47\n|\n|t:|1699777839\n|move|p2a: borb|Seismic Toss|p1a: The Egg Man\n|-damage|p1a: The Egg Man|58\/100 par\n|-damage|p2a: borb|81\/100 par|[from] item: Life Orb\n|move|p1a: The Egg Man|Seismic Toss|p2a: borb\n|-damage|p2a: borb|48\/100 par\n|\n|upkeep\n|turn|48\n|c|\u2606ibury|i gotta be efficient\n|\n|t:|1699777848\n|cant|p2a: borb|par\n|cant|p1a: The Egg Man|par\n|\n|upkeep\n|turn|49\n|\n|t:|1699777852\n|cant|p2a: borb|par\n|move|p1a: The Egg Man|Seismic Toss|p2a: borb\n|-damage|p2a: borb|14\/100 par\n|\n|upkeep\n|turn|50\n|\n|t:|1699777860\n|move|p1a: The Egg Man|Seismic Toss|p2a: borb\n|-damage|p2a: borb|0 fnt\n|faint|p2a: borb\n|\n|upkeep\n|\n|t:|1699777861\n|switch|p2a: Righty|Ditto|65\/100\n|-damage|p2a: Righty|53\/100|[from] Stealth Rock\n|-transform|p2a: Righty|p1a: The Egg Man|[from] ability: Imposter\n|turn|51\n|c|\u2606ibury|ok now i win i think\n|c|\u2606SirJay603|gg\n|\n|t:|1699777869\n|move|p2a: Righty|Soft-Boiled|p2a: Righty\n|-heal|p2a: Righty|100\/100\n|move|p1a: The Egg Man|Thunder Wave|p2a: Righty\n|-status|p2a: Righty|par\n|\n|upkeep\n|turn|52\n|c|\u2606ibury|<3\n|\n|t:|1699777874\n|move|p2a: Righty|Seismic Toss|p1a: The Egg Man\n|-damage|p1a: The Egg Man|44\/100 par\n|cant|p1a: The Egg Man|par\n|\n|upkeep\n|turn|53\n|\n|t:|1699777879\n|move|p2a: Righty|Seismic Toss|p1a: The Egg Man\n|-damage|p1a: The Egg Man|30\/100 par\n|move|p1a: The Egg Man|Soft-Boiled|p1a: The Egg Man\n|-heal|p1a: The Egg Man|80\/100 par\n|\n|upkeep\n|turn|54\n|\n|t:|1699777885\n|move|p1a: The Egg Man|Seismic Toss|p2a: Righty\n|-damage|p2a: Righty|67\/100 par\n|move|p2a: Righty|Seismic Toss|p1a: The Egg Man\n|-damage|p1a: The Egg Man|66\/100 par\n|\n|-heal|p2a: Righty|73\/100 par|[from] item: Leftovers\n|upkeep\n|turn|55\n|\n|t:|1699777893\n|move|p2a: Righty|Seismic Toss|p1a: The Egg Man\n|-damage|p1a: The Egg Man|52\/100 par\n|move|p1a: The Egg Man|Seismic Toss|p2a: Righty\n|-damage|p2a: Righty|40\/100 par\n|\n|-heal|p2a: Righty|46\/100 par|[from] item: Leftovers\n|upkeep\n|turn|56\n|\n|t:|1699777901\n|move|p2a: Righty|Soft-Boiled|p2a: Righty\n|-heal|p2a: Righty|96\/100 par\n|move|p1a: The Egg Man|Seismic Toss|p2a: Righty\n|-damage|p2a: Righty|62\/100 par\n|\n|-heal|p2a: Righty|68\/100 par|[from] item: Leftovers\n|upkeep\n|turn|57\n|c|\u2606ibury|i think it would be funny if we took extra stealth rock damage when we fell back down\n|\n|t:|1699777923\n|move|p1a: The Egg Man|Seismic Toss|p2a: Righty\n|-damage|p2a: Righty|35\/100 par\n|cant|p2a: Righty|par\n|\n|-heal|p2a: Righty|41\/100 par|[from] item: Leftovers\n|upkeep\n|turn|58\n|\n|t:|1699777931\n|move|p1a: The Egg Man|Seismic Toss|p2a: Righty\n|-damage|p2a: Righty|8\/100 par\n|move|p2a: Righty|Seismic Toss|p1a: The Egg Man\n|-damage|p1a: The Egg Man|38\/100 par\n|\n|-heal|p2a: Righty|14\/100 par|[from] item: Leftovers\n|upkeep\n|turn|59\n|\n|t:|1699777939\n|move|p1a: The Egg Man|Soft-Boiled|p1a: The Egg Man\n|-heal|p1a: The Egg Man|88\/100 par\n|move|p2a: Righty|Soft-Boiled|p2a: Righty\n|-heal|p2a: Righty|64\/100 par\n|\n|-heal|p2a: Righty|70\/100 par|[from] item: Leftovers\n|upkeep\n|turn|60\n|\n|t:|1699777949\n|move|p2a: Righty|Stealth Rock||[still]\n|-fail|p2a: Righty\n|move|p1a: The Egg Man|Seismic Toss|p2a: Righty\n|-damage|p2a: Righty|36\/100 par\n|\n|-heal|p2a: Righty|42\/100 par|[from] item: Leftovers\n|upkeep\n|turn|61\n|\n|t:|1699777956\n|move|p1a: The Egg Man|Seismic Toss|p2a: Righty\n|-damage|p2a: Righty|9\/100 par\n|move|p2a: Righty|Stealth Rock||[still]\n|-fail|p2a: Righty\n|\n|-heal|p2a: Righty|15\/100 par|[from] item: Leftovers\n|upkeep\n|turn|62\n|\n|t:|1699777965\n|cant|p2a: Righty|par\n|move|p1a: The Egg Man|Seismic Toss|p2a: Righty\n|-damage|p2a: Righty|0 fnt\n|faint|p2a: Righty\n|\n|win|ibury\n|raw|ibury's rating: 1167 &rarr; <strong>1198<\/strong><br \/>(+31 for winning)\n|raw|SirJay603's rating: 1248 &rarr; <strong>1217<\/strong><br \/>(-31 for losing)\n","uploadtime":1699777713,"views":5,"p1id":"ibury","p2id":"sirjay603","formatid":"gen9anythinggoes","rating":1198,"private":0,"password":""}