{"id":"gen9anythinggoes-1995822390","p1":"Violeteyelights","p2":"yuiptial","format":"[Gen 9] Anything Goes","log":"|j|\u2606Violeteyelights\n|j|\u2606yuiptial\n|t:|1700606565\n|gametype|singles\n|player|p1|Violeteyelights|flannery|1381\n|player|p2|yuiptial|aromalady|1258\n|teamsize|p1|6\n|teamsize|p2|6\n|gen|9\n|tier|[Gen 9] Anything Goes\n|rated|\n|rule|HP Percentage Mod: HP is shown in percentages\n|rule|Endless Battle Clause: Forcing endless battles is banned\n|clearpoke\n|poke|p1|Espathra, M|\n|poke|p1|Garchomp, F|\n|poke|p1|Arceus|\n|poke|p1|Shaymin-Sky|\n|poke|p1|Golem-Alola, F|\n|poke|p1|Eternatus|\n|poke|p2|Zacian-*|\n|poke|p2|Glimmora, F|\n|poke|p2|Kyogre|\n|poke|p2|Koraidon|\n|poke|p2|Miraidon|\n|poke|p2|Muk-Alola, F|\n|teampreview\n|inactive|Battle timer is ON: inactive players will automatically lose when time's up. (requested by Violeteyelights)\n|\n|t:|1700606578\n|start\n|switch|p1a: Arceus|Arceus, shiny|100\/100\n|switch|p2a: Glimmora|Glimmora, F|100\/100\n|turn|1\n|\n|t:|1700606588\n|switch|p1a: Eternatus|Eternatus|100\/100\n|-ability|p1a: Eternatus|Pressure\n|move|p2a: Glimmora|Spikes|p1a: Eternatus\n|-sidestart|p1: Violeteyelights|Spikes\n|\n|upkeep\n|turn|2\n|\n|t:|1700606593\n|move|p2a: Glimmora|Spikes|p1a: Eternatus\n|-sidestart|p1: Violeteyelights|Spikes\n|move|p1a: Eternatus|Cosmic Power|p1a: Eternatus\n|-boost|p1a: Eternatus|def|1\n|-boost|p1a: Eternatus|spd|1\n|\n|upkeep\n|turn|3\n|\n|t:|1700606602\n|move|p2a: Glimmora|Spikes|p1a: Eternatus\n|-sidestart|p1: Violeteyelights|Spikes\n|move|p1a: Eternatus|Cosmic Power|p1a: Eternatus\n|-boost|p1a: Eternatus|def|1\n|-boost|p1a: Eternatus|spd|1\n|\n|upkeep\n|turn|4\n|\n|t:|1700606604\n|switch|p2a: Muk|Muk-Alola, F|100\/100\n|move|p1a: Eternatus|Cosmic Power|p1a: Eternatus\n|-boost|p1a: Eternatus|def|1\n|-boost|p1a: Eternatus|spd|1\n|\n|upkeep\n|turn|5\n|\n|t:|1700606608\n|move|p1a: Eternatus|Fire Spin|p2a: Muk\n|-damage|p2a: Muk|94\/100\n|-activate|p2a: Muk|move: Fire Spin|[of] p1a: Eternatus\n|move|p2a: Muk|Clear Smog|p1a: Eternatus\n|-resisted|p1a: Eternatus\n|-damage|p1a: Eternatus|99\/100\n|-clearboost|p1a: Eternatus\n|\n|-heal|p1a: Eternatus|100\/100|[from] item: Leftovers\n|-damage|p2a: Muk|82\/100|[from] move: Fire Spin|[partiallytrapped]\n|upkeep\n|turn|6\n|inactive|yuiptial has 120 seconds left.\n|\n|t:|1700606644\n|move|p1a: Eternatus|Cosmic Power|p1a: Eternatus\n|-boost|p1a: Eternatus|def|1\n|-boost|p1a: Eternatus|spd|1\n|move|p2a: Muk|Gunk Shot|p1a: Eternatus\n|-resisted|p1a: Eternatus\n|-damage|p1a: Eternatus|89\/100\n|\n|-heal|p1a: Eternatus|95\/100|[from] item: Leftovers\n|-damage|p2a: Muk|69\/100|[from] move: Fire Spin|[partiallytrapped]\n|upkeep\n|turn|7\n|inactive|yuiptial has 120 seconds left.\n|\n|t:|1700606649\n|move|p1a: Eternatus|Fire Spin|p2a: Muk\n|-damage|p2a: Muk|64\/100\n|move|p2a: Muk|Clear Smog|p1a: Eternatus\n|-resisted|p1a: Eternatus\n|-damage|p1a: Eternatus|93\/100\n|-clearboost|p1a: Eternatus\n|\n|-heal|p1a: Eternatus|99\/100|[from] item: Leftovers\n|-damage|p2a: Muk|51\/100|[from] move: Fire Spin|[partiallytrapped]\n|upkeep\n|turn|8\n|\n|t:|1700606655\n|move|p1a: Eternatus|Cosmic Power|p1a: Eternatus\n|-boost|p1a: Eternatus|def|1\n|-boost|p1a: Eternatus|spd|1\n|move|p2a: Muk|Clear Smog|p1a: Eternatus\n|-resisted|p1a: Eternatus\n|-crit|p1a: Eternatus\n|-damage|p1a: Eternatus|94\/100\n|-clearboost|p1a: Eternatus\n|\n|-heal|p1a: Eternatus|99\/100|[from] item: Leftovers\n|-damage|p2a: Muk|39\/100|[from] move: Fire Spin|[partiallytrapped]\n|upkeep\n|turn|9\n|\n|t:|1700606663\n|move|p1a: Eternatus|Cosmic Power|p1a: Eternatus\n|-boost|p1a: Eternatus|def|1\n|-boost|p1a: Eternatus|spd|1\n|move|p2a: Muk|Clear Smog|p1a: Eternatus\n|-resisted|p1a: Eternatus\n|-damage|p1a: Eternatus|98\/100\n|-clearboost|p1a: Eternatus\n|\n|-heal|p1a: Eternatus|100\/100|[from] item: Leftovers\n|-damage|p2a: Muk|26\/100|[from] move: Fire Spin|[partiallytrapped]\n|upkeep\n|turn|10\n|\n|t:|1700606675\n|move|p1a: Eternatus|Fire Spin|p2a: Muk\n|-damage|p2a: Muk|20\/100\n|move|p2a: Muk|Clear Smog|p1a: Eternatus\n|-resisted|p1a: Eternatus\n|-damage|p1a: Eternatus|97\/100\n|-clearboost|p1a: Eternatus\n|\n|-heal|p1a: Eternatus|100\/100|[from] item: Leftovers\n|-end|p2a: Muk|Fire Spin|[partiallytrapped]\n|upkeep\n|turn|11\n|\n|t:|1700606682\n|switch|p2a: Kyogre|Kyogre|100\/100\n|-weather|RainDance|[from] ability: Drizzle|[of] p2a: Kyogre\n|move|p1a: Eternatus|Cosmic Power|p1a: Eternatus\n|-boost|p1a: Eternatus|def|1\n|-boost|p1a: Eternatus|spd|1\n|\n|-weather|RainDance|[upkeep]\n|upkeep\n|turn|12\n|\n|t:|1700606692\n|move|p1a: Eternatus|Cosmic Power|p1a: Eternatus\n|-boost|p1a: Eternatus|def|1\n|-boost|p1a: Eternatus|spd|1\n|move|p2a: Kyogre|Roar|p1a: Eternatus\n|drag|p1a: Espathra|Espathra, M|100\/100\n|-damage|p1a: Espathra|76\/100|[from] Spikes\n|\n|-weather|RainDance|[upkeep]\n|upkeep\n|turn|13\n|\n|t:|1700606699\n|move|p1a: Espathra|Hypnosis|p2a: Kyogre|[miss]\n|-miss|p1a: Espathra|p2a: Kyogre\n|move|p2a: Kyogre|Roar|p1a: Espathra\n|drag|p1a: Arceus|Arceus, shiny|100\/100\n|-damage|p1a: Arceus|76\/100|[from] Spikes\n|\n|-weather|RainDance|[upkeep]\n|upkeep\n|turn|14\n|\n|t:|1700606705\n|move|p1a: Arceus|Extreme Speed|p2a: Kyogre\n|-damage|p2a: Kyogre|44\/100\n|move|p2a: Kyogre|Roar|p1a: Arceus\n|drag|p1a: Espathra|Espathra, M|76\/100\n|-damage|p1a: Espathra|51\/100|[from] Spikes\n|\n|-weather|RainDance|[upkeep]\n|upkeep\n|turn|15\n|\n|t:|1700606713\n|move|p1a: Espathra|Hypnosis|p2a: Kyogre|[miss]\n|-miss|p1a: Espathra|p2a: Kyogre\n|move|p2a: Kyogre|Roar|p1a: Espathra\n|drag|p1a: Eternatus|Eternatus|100\/100\n|-damage|p1a: Eternatus|75\/100|[from] Spikes\n|-ability|p1a: Eternatus|Pressure\n|\n|-weather|none\n|-heal|p1a: Eternatus|82\/100|[from] item: Leftovers\n|upkeep\n|turn|16\n|\n|t:|1700606716\n|move|p1a: Eternatus|Toxic|p2a: Kyogre\n|-status|p2a: Kyogre|tox\n|move|p2a: Kyogre|Roar|p1a: Eternatus\n|drag|p1a: Shaymin|Shaymin-Sky|100\/100\n|\n|-damage|p2a: Kyogre|38\/100 tox|[from] psn\n|upkeep\n|turn|17\n|\n|t:|1700606727\n|move|p1a: Shaymin|Seed Flare|p2a: Kyogre\n|-supereffective|p2a: Kyogre\n|-damage|p2a: Kyogre|0 fnt\n|faint|p2a: Kyogre\n|\n|upkeep\n|\n|t:|1700606733\n|switch|p2a: Glimmora|Glimmora, F|100\/100\n|turn|18\n|\n|t:|1700606737\n|switch|p1a: Golem|Golem-Alola, F, shiny|100\/100\n|-damage|p1a: Golem|76\/100|[from] Spikes\n|move|p2a: Glimmora|Mortal Spin|p1a: Golem\n|-resisted|p1a: Golem\n|-crit|p1a: Golem\n|-damage|p1a: Golem|71\/100\n|-status|p1a: Golem|psn\n|\n|-damage|p1a: Golem|59\/100 psn|[from] psn\n|upkeep\n|turn|19\n|\n|t:|1700606755\n|move|p2a: Glimmora|Spiky Shield|p2a: Glimmora\n|-singleturn|p2a: Glimmora|move: Protect\n|move|p1a: Golem|Explosion|p2a: Glimmora\n|-activate|p2a: Glimmora|move: Protect\n|faint|p1a: Golem\n|\n|upkeep\n|\n|t:|1700606761\n|switch|p1a: Eternatus|Eternatus|82\/100\n|-damage|p1a: Eternatus|57\/100|[from] Spikes\n|-ability|p1a: Eternatus|Pressure\n|turn|20\n|\n|t:|1700606786\n|switch|p2a: Zacian|Zacian-Crowned|100\/100\n|-ability|p2a: Zacian|Intrepid Sword|boost\n|-boost|p2a: Zacian|atk|1\n|move|p1a: Eternatus|Cosmic Power|p1a: Eternatus\n|-boost|p1a: Eternatus|def|1\n|-boost|p1a: Eternatus|spd|1\n|\n|-heal|p1a: Eternatus|63\/100|[from] item: Leftovers\n|upkeep\n|turn|21\n|inactive|yuiptial has 120 seconds left.\n|\n|t:|1700606802\n|move|p2a: Zacian|Behemoth Blade|p1a: Eternatus\n|-damage|p1a: Eternatus|26\/100\n|move|p1a: Eternatus|Recover|p1a: Eternatus\n|-heal|p1a: Eternatus|76\/100\n|\n|-heal|p1a: Eternatus|82\/100|[from] item: Leftovers\n|upkeep\n|turn|22\n|\n|t:|1700606812\n|switch|p2a: Koraidon|Koraidon|100\/100\n|-weather|SunnyDay|[from] ability: Orichalcum Pulse|[of] p2a: Koraidon\n|-activate|p2a: Koraidon|Orichalcum Pulse|[source]\n|move|p1a: Eternatus|Fire Spin|p2a: Koraidon\n|-resisted|p2a: Koraidon\n|-damage|p2a: Koraidon|92\/100\n|-activate|p2a: Koraidon|move: Fire Spin|[of] p1a: Eternatus\n|\n|-weather|SunnyDay|[upkeep]\n|-heal|p1a: Eternatus|88\/100|[from] item: Leftovers\n|-damage|p2a: Koraidon|80\/100|[from] move: Fire Spin|[partiallytrapped]\n|upkeep\n|turn|23\n|\n|t:|1700606827\n|move|p2a: Koraidon|Breaking Swipe|p1a: Eternatus\n|-supereffective|p1a: Eternatus\n|-damage|p1a: Eternatus|35\/100\n|-unboost|p1a: Eternatus|atk|1\n|move|p1a: Eternatus|Recover|p1a: Eternatus\n|-heal|p1a: Eternatus|85\/100\n|\n|-weather|SunnyDay|[upkeep]\n|-heal|p1a: Eternatus|92\/100|[from] item: Leftovers\n|-damage|p2a: Koraidon|68\/100|[from] move: Fire Spin|[partiallytrapped]\n|upkeep\n|turn|24\n|\n|t:|1700606837\n|move|p2a: Koraidon|Breaking Swipe|p1a: Eternatus\n|-supereffective|p1a: Eternatus\n|-damage|p1a: Eternatus|41\/100\n|-unboost|p1a: Eternatus|atk|1\n|move|p1a: Eternatus|Recover|p1a: Eternatus\n|-heal|p1a: Eternatus|91\/100\n|\n|-weather|SunnyDay|[upkeep]\n|-heal|p1a: Eternatus|97\/100|[from] item: Leftovers\n|-damage|p2a: Koraidon|55\/100|[from] move: Fire Spin|[partiallytrapped]\n|upkeep\n|turn|25\n|\n|t:|1700606851\n|move|p2a: Koraidon|Breaking Swipe|p1a: Eternatus\n|-supereffective|p1a: Eternatus\n|-damage|p1a: Eternatus|43\/100\n|-unboost|p1a: Eternatus|atk|1\n|move|p1a: Eternatus|Cosmic Power|p1a: Eternatus\n|-boost|p1a: Eternatus|def|1\n|-boost|p1a: Eternatus|spd|1\n|\n|-weather|SunnyDay|[upkeep]\n|-heal|p1a: Eternatus|49\/100|[from] item: Leftovers\n|-damage|p2a: Koraidon|43\/100|[from] move: Fire Spin|[partiallytrapped]\n|upkeep\n|turn|26\n|\n|t:|1700606860\n|move|p2a: Koraidon|Breaking Swipe|p1a: Eternatus\n|-supereffective|p1a: Eternatus\n|-damage|p1a: Eternatus|11\/100\n|-unboost|p1a: Eternatus|atk|1\n|move|p1a: Eternatus|Recover|p1a: Eternatus\n|-heal|p1a: Eternatus|61\/100\n|\n|-weather|none\n|-heal|p1a: Eternatus|67\/100|[from] item: Leftovers\n|-damage|p2a: Koraidon|31\/100|[from] move: Fire Spin|[partiallytrapped]\n|upkeep\n|turn|27\n|\n|t:|1700606870\n|move|p2a: Koraidon|Breaking Swipe|p1a: Eternatus\n|-supereffective|p1a: Eternatus\n|-damage|p1a: Eternatus|39\/100\n|-unboost|p1a: Eternatus|atk|1\n|move|p1a: Eternatus|Recover|p1a: Eternatus\n|-heal|p1a: Eternatus|89\/100\n|\n|-heal|p1a: Eternatus|95\/100|[from] item: Leftovers\n|-end|p2a: Koraidon|Fire Spin|[partiallytrapped]\n|upkeep\n|turn|28\n|\n|t:|1700606877\n|move|p2a: Koraidon|Breaking Swipe|p1a: Eternatus\n|-supereffective|p1a: Eternatus\n|-damage|p1a: Eternatus|65\/100\n|-unboost|p1a: Eternatus|atk|1\n|move|p1a: Eternatus|Toxic|p2a: Koraidon\n|-status|p2a: Koraidon|tox\n|\n|-heal|p1a: Eternatus|71\/100|[from] item: Leftovers\n|-damage|p2a: Koraidon|25\/100 tox|[from] psn\n|upkeep\n|turn|29\n|\n|t:|1700606886\n|move|p2a: Koraidon|Breaking Swipe|p1a: Eternatus\n|-supereffective|p1a: Eternatus\n|-damage|p1a: Eternatus|39\/100\n|move|p1a: Eternatus|Cosmic Power|p1a: Eternatus\n|-boost|p1a: Eternatus|def|1\n|-boost|p1a: Eternatus|spd|1\n|\n|-heal|p1a: Eternatus|45\/100|[from] item: Leftovers\n|-damage|p2a: Koraidon|12\/100 tox|[from] psn\n|upkeep\n|turn|30\n|\n|t:|1700606895\n|move|p2a: Koraidon|Breaking Swipe|p1a: Eternatus\n|-supereffective|p1a: Eternatus\n|-damage|p1a: Eternatus|22\/100\n|move|p1a: Eternatus|Recover|p1a: Eternatus\n|-heal|p1a: Eternatus|72\/100\n|\n|-heal|p1a: Eternatus|78\/100|[from] item: Leftovers\n|-damage|p2a: Koraidon|0 fnt|[from] psn\n|faint|p2a: Koraidon\n|upkeep\n|\n|t:|1700606912\n|switch|p2a: Miraidon|Miraidon|100\/100\n|-fieldstart|move: Electric Terrain|[from] ability: Hadron Engine|[of] p2a: Miraidon\n|turn|31\n|\n|t:|1700606917\n|move|p2a: Miraidon|Dazzling Gleam|p1a: Eternatus\n|-damage|p1a: Eternatus|67\/100\n|move|p1a: Eternatus|Recover|p1a: Eternatus\n|-heal|p1a: Eternatus|100\/100\n|\n|upkeep\n|turn|32\n|\n|t:|1700606923\n|switch|p2a: Muk|Muk-Alola, F|20\/100\n|move|p1a: Eternatus|Fire Spin|p2a: Muk\n|-damage|p2a: Muk|15\/100\n|-activate|p2a: Muk|move: Fire Spin|[of] p1a: Eternatus\n|\n|-damage|p2a: Muk|2\/100|[from] move: Fire Spin|[partiallytrapped]\n|upkeep\n|turn|33\n|\n|t:|1700606930\n|move|p1a: Eternatus|Fire Spin|p2a: Muk\n|-damage|p2a: Muk|0 fnt\n|faint|p2a: Muk\n|\n|upkeep\n|\n|t:|1700606939\n|switch|p2a: Miraidon|Miraidon|100\/100\n|-activate|p2a: Miraidon|ability: Hadron Engine\n|turn|34\n|\n|t:|1700606942\n|move|p2a: Miraidon|Dragon Pulse|p1a: Eternatus\n|-supereffective|p1a: Eternatus\n|-damage|p1a: Eternatus|67\/100\n|move|p1a: Eternatus|Fire Spin|p2a: Miraidon\n|-resisted|p2a: Miraidon\n|-damage|p2a: Miraidon|96\/100\n|-activate|p2a: Miraidon|move: Fire Spin|[of] p1a: Eternatus\n|\n|-heal|p1a: Eternatus|73\/100|[from] item: Leftovers\n|-damage|p2a: Miraidon|84\/100|[from] move: Fire Spin|[partiallytrapped]\n|upkeep\n|turn|35\n|\n|t:|1700606952\n|move|p2a: Miraidon|Dragon Pulse|p1a: Eternatus\n|-supereffective|p1a: Eternatus\n|-damage|p1a: Eternatus|38\/100\n|move|p1a: Eternatus|Recover|p1a: Eternatus\n|-heal|p1a: Eternatus|88\/100\n|\n|-heal|p1a: Eternatus|94\/100|[from] item: Leftovers\n|-damage|p2a: Miraidon|71\/100|[from] move: Fire Spin|[partiallytrapped]\n|-fieldend|move: Electric Terrain\n|upkeep\n|turn|36\n|\n|t:|1700606960\n|move|p2a: Miraidon|Dragon Pulse|p1a: Eternatus\n|-supereffective|p1a: Eternatus\n|-damage|p1a: Eternatus|67\/100\n|move|p1a: Eternatus|Toxic|p2a: Miraidon\n|-status|p2a: Miraidon|tox\n|\n|-heal|p1a: Eternatus|73\/100|[from] item: Leftovers\n|-damage|p2a: Miraidon|65\/100 tox|[from] psn\n|-damage|p2a: Miraidon|53\/100 tox|[from] move: Fire Spin|[partiallytrapped]\n|upkeep\n|turn|37\n|\n|t:|1700606969\n|move|p2a: Miraidon|Dragon Pulse|p1a: Eternatus\n|-supereffective|p1a: Eternatus\n|-damage|p1a: Eternatus|47\/100\n|move|p1a: Eternatus|Fire Spin|p2a: Miraidon|[miss]\n|-miss|p1a: Eternatus|p2a: Miraidon\n|\n|-heal|p1a: Eternatus|53\/100|[from] item: Leftovers\n|-damage|p2a: Miraidon|40\/100 tox|[from] psn\n|-damage|p2a: Miraidon|28\/100 tox|[from] move: Fire Spin|[partiallytrapped]\n|upkeep\n|turn|38\n|\n|t:|1700606975\n|move|p2a: Miraidon|Dragon Pulse|p1a: Eternatus\n|-supereffective|p1a: Eternatus\n|-damage|p1a: Eternatus|29\/100\n|move|p1a: Eternatus|Cosmic Power|p1a: Eternatus\n|-boost|p1a: Eternatus|def|1\n|-boost|p1a: Eternatus|spd|1\n|\n|-heal|p1a: Eternatus|35\/100|[from] item: Leftovers\n|-damage|p2a: Miraidon|9\/100 tox|[from] psn\n|-end|p2a: Miraidon|Fire Spin|[partiallytrapped]\n|upkeep\n|turn|39\n|\n|t:|1700606985\n|move|p2a: Miraidon|Dragon Pulse|p1a: Eternatus\n|-supereffective|p1a: Eternatus\n|-damage|p1a: Eternatus|11\/100\n|move|p1a: Eternatus|Cosmic Power|p1a: Eternatus\n|-boost|p1a: Eternatus|def|1\n|-boost|p1a: Eternatus|spd|1\n|\n|-heal|p1a: Eternatus|17\/100|[from] item: Leftovers\n|-damage|p2a: Miraidon|0 fnt|[from] psn\n|faint|p2a: Miraidon\n|upkeep\n|\n|t:|1700606993\n|switch|p2a: Zacian|Zacian-Crowned|100\/100\n|turn|40\n|\n|t:|1700607009\n|move|p2a: Zacian|Behemoth Blade|p1a: Eternatus\n|-damage|p1a: Eternatus|6\/100\n|move|p1a: Eternatus|Fire Spin|p2a: Zacian\n|-supereffective|p2a: Zacian\n|-damage|p2a: Zacian|78\/100\n|-activate|p2a: Zacian|move: Fire Spin|[of] p1a: Eternatus\n|\n|-heal|p1a: Eternatus|12\/100|[from] item: Leftovers\n|-damage|p2a: Zacian|66\/100|[from] move: Fire Spin|[partiallytrapped]\n|upkeep\n|turn|41\n|\n|t:|1700607023\n|move|p2a: Zacian|Behemoth Blade|p1a: Eternatus\n|-damage|p1a: Eternatus|1\/100\n|move|p1a: Eternatus|Fire Spin|p2a: Zacian\n|-supereffective|p2a: Zacian\n|-damage|p2a: Zacian|45\/100\n|\n|-heal|p1a: Eternatus|7\/100|[from] item: Leftovers\n|-damage|p2a: Zacian|32\/100|[from] move: Fire Spin|[partiallytrapped]\n|upkeep\n|turn|42\n|\n|t:|1700607034\n|move|p2a: Zacian|Behemoth Blade|p1a: Eternatus\n|-damage|p1a: Eternatus|0 fnt\n|faint|p1a: Eternatus\n|\n|-end|p2a: Zacian|Fire Spin|[partiallytrapped]|[silent]\n|upkeep\n|\n|t:|1700607042\n|switch|p1a: Shaymin|Shaymin-Sky|100\/100\n|turn|43\n|\n|t:|1700607048\n|move|p1a: Shaymin|Air Slash|p2a: Zacian\n|-resisted|p2a: Zacian\n|-damage|p2a: Zacian|13\/100\n|cant|p2a: Zacian|flinch\n|\n|upkeep\n|turn|44\n|\n|t:|1700607052\n|move|p1a: Shaymin|Air Slash|p2a: Zacian\n|-resisted|p2a: Zacian\n|-damage|p2a: Zacian|0 fnt\n|faint|p2a: Zacian\n|\n|upkeep\n|\n|t:|1700607054\n|switch|p2a: Glimmora|Glimmora, F|100\/100\n|turn|45\n|\n|t:|1700607058\n|switch|p1a: Espathra|Espathra, M|51\/100\n|-damage|p1a: Espathra|26\/100|[from] Spikes\n|move|p2a: Glimmora|Mortal Spin|p1a: Espathra\n|-damage|p1a: Espathra|19\/100\n|-status|p1a: Espathra|psn\n|\n|-damage|p1a: Espathra|7\/100 psn|[from] psn\n|upkeep\n|turn|46\n|\n|t:|1700607067\n|move|p1a: Espathra|Hypnosis|p2a: Glimmora|[miss]\n|-miss|p1a: Espathra|p2a: Glimmora\n|move|p2a: Glimmora|Toxic Spikes|p1a: Espathra\n|-sidestart|p1: Violeteyelights|move: Toxic Spikes\n|\n|-damage|p1a: Espathra|0 fnt|[from] psn\n|faint|p1a: Espathra\n|upkeep\n|\n|t:|1700607071\n|switch|p1a: Garchomp|Garchomp, F|100\/100\n|-damage|p1a: Garchomp|76\/100|[from] Spikes\n|-status|p1a: Garchomp|psn\n|turn|47\n|\n|t:|1700607076\n|move|p2a: Glimmora|Spiky Shield|p2a: Glimmora\n|-singleturn|p2a: Glimmora|move: Protect\n|move|p1a: Garchomp|Earthquake|p2a: Glimmora\n|-activate|p2a: Glimmora|move: Protect\n|\n|-damage|p1a: Garchomp|63\/100 psn|[from] psn\n|upkeep\n|turn|48\n|\n|t:|1700607085\n|-terastallize|p2a: Glimmora|Rock\n|move|p2a: Glimmora|Spiky Shield||[still]\n|-fail|p2a: Glimmora\n|move|p1a: Garchomp|Earthquake|p2a: Glimmora\n|-supereffective|p2a: Glimmora\n|-damage|p2a: Glimmora|0 fnt\n|-activate|p2a: Glimmora|ability: Toxic Debris\n|-sidestart|p1: Violeteyelights|move: Toxic Spikes\n|faint|p2a: Glimmora\n|\n|win|Violeteyelights\n|raw|Violeteyelights's rating: 1381 &rarr; <strong>1394<\/strong><br \/>(+13 for winning)\n|raw|yuiptial's rating: 1258 &rarr; <strong>1241<\/strong><br \/>(-17 for losing)\n|c|\u2606Violeteyelights|Ggg\n","uploadtime":1700607103,"views":13,"p1id":"violeteyelights","p2id":"yuiptial","formatid":"gen9anythinggoes","rating":1241,"private":0,"password":""}