{"id":"gen9anythinggoes-1976889479","p1":"Lucasoduncu","p2":"cake4923","format":"[Gen 9] Anything Goes","log":"|j|\u2606Lucasoduncu\n|j|\u2606cake4923\n|t:|1698349754\n|gametype|singles\n|player|p1|Lucasoduncu|cameraman|1000\n|player|p2|cake4923|265|1036\n|teamsize|p1|5\n|teamsize|p2|6\n|gen|9\n|tier|[Gen 9] Anything Goes\n|rated|\n|rule|HP Percentage Mod: HP is shown in percentages\n|rule|Endless Battle Clause: Forcing endless battles is banned\n|clearpoke\n|poke|p1|Cyndaquil, M|\n|poke|p1|Quilava, F|\n|poke|p1|Typhlosion, F|\n|poke|p1|Typhlosion-Hisui, F|\n|poke|p1|Magikarp, F|\n|poke|p2|Gastrodon-East, F|\n|poke|p2|Rotom-Heat|\n|poke|p2|Meowscarada, F|\n|poke|p2|Enamorus, F|\n|poke|p2|Glimmora, M|\n|poke|p2|Baxcalibur, F|\n|teampreview\n|inactive|Battle timer is ON: inactive players will automatically lose when time's up. (requested by Lucasoduncu)\n|\n|t:|1698349784\n|start\n|switch|p1a: Quilava|Quilava, F, shiny|100\/100\n|switch|p2a: Gastrodon|Gastrodon-East, F|100\/100\n|turn|1\n|\n|t:|1698349795\n|move|p1a: Quilava|Smokescreen|p2a: Gastrodon\n|-unboost|p2a: Gastrodon|accuracy|1\n|move|p2a: Gastrodon|Earth Power|p1a: Quilava|[miss]\n|-miss|p2a: Gastrodon|p1a: Quilava\n|\n|upkeep\n|turn|2\n|\n|t:|1698349804\n|move|p1a: Quilava|Defense Curl|p1a: Quilava\n|-boost|p1a: Quilava|def|1\n|move|p2a: Gastrodon|Water Pulse|p1a: Quilava|[miss]\n|-miss|p2a: Gastrodon|p1a: Quilava\n|\n|upkeep\n|turn|3\n|\n|t:|1698349815\n|switch|p2a: Enamorus|Enamorus, F|100\/100\n|move|p1a: Quilava|Rollout|p2a: Enamorus\n|-supereffective|p2a: Enamorus\n|-damage|p2a: Enamorus|58\/100\n|\n|-heal|p2a: Enamorus|64\/100|[from] item: Leftovers\n|upkeep\n|turn|4\n|\n|t:|1698349826\n|move|p2a: Enamorus|Earth Power|p1a: Quilava\n|-supereffective|p1a: Quilava\n|-damage|p1a: Quilava|20\/100\n|move|p1a: Quilava|Rollout|p2a: Enamorus|[from]lockedmove|[miss]\n|-miss|p1a: Quilava|p2a: Enamorus\n|\n|-heal|p2a: Enamorus|70\/100|[from] item: Leftovers\n|upkeep\n|turn|5\n|\n|t:|1698349835\n|move|p2a: Enamorus|Earth Power|p1a: Quilava\n|-supereffective|p1a: Quilava\n|-damage|p1a: Quilava|0 fnt\n|faint|p1a: Quilava\n|\n|-heal|p2a: Enamorus|76\/100|[from] item: Leftovers\n|upkeep\n|\n|t:|1698349837\n|switch|p1a: Cyndaquil|Cyndaquil, M, shiny|100\/100\n|turn|6\n|\n|t:|1698349846\n|move|p2a: Enamorus|Mystical Fire|p1a: Cyndaquil\n|-resisted|p1a: Cyndaquil\n|-damage|p1a: Cyndaquil|61\/100\n|-unboost|p1a: Cyndaquil|spa|1\n|move|p1a: Cyndaquil|Iron Head|p2a: Enamorus\n|-supereffective|p2a: Enamorus\n|-damage|p2a: Enamorus|17\/100\n|\n|-heal|p2a: Enamorus|23\/100|[from] item: Leftovers\n|upkeep\n|turn|7\n|\n|t:|1698349861\n|move|p2a: Enamorus|Earth Power|p1a: Cyndaquil\n|-supereffective|p1a: Cyndaquil\n|-damage|p1a: Cyndaquil|0 fnt\n|faint|p1a: Cyndaquil\n|\n|-heal|p2a: Enamorus|29\/100|[from] item: Leftovers\n|upkeep\n|\n|t:|1698349866\n|switch|p1a: Typhlosion|Typhlosion-Hisui, F, shiny|100\/100\n|-item|p2a: Enamorus|Leftovers|[from] ability: Frisk|[of] p1a: Typhlosion|[identify]\n|turn|8\n|\n|t:|1698349878\n|-terastallize|p2a: Enamorus|Fairy\n|move|p2a: Enamorus|Springtide Storm|p1a: Typhlosion|[miss]\n|-miss|p2a: Enamorus|p1a: Typhlosion\n|move|p1a: Typhlosion|Lava Plume|p2a: Enamorus\n|-damage|p2a: Enamorus|0 fnt\n|faint|p2a: Enamorus\n|\n|upkeep\n|\n|t:|1698349892\n|switch|p2a: Glimmora|Glimmora, M|100\/100\n|turn|9\n|\n|t:|1698349899\n|-terastallize|p1a: Typhlosion|Ghost\n|move|p1a: Typhlosion|Calm Mind|p1a: Typhlosion\n|-boost|p1a: Typhlosion|spa|1\n|-boost|p1a: Typhlosion|spd|1\n|move|p2a: Glimmora|Acid Armor|p2a: Glimmora\n|-boost|p2a: Glimmora|def|2\n|\n|upkeep\n|turn|10\n|-message|cake4923 forfeited.\n|\n|win|Lucasoduncu\n|raw|Lucasoduncu's rating: 1000 &rarr; <strong>1044<\/strong><br \/>(+44 for winning)\n|raw|cake4923's rating: 1036 &rarr; <strong>1019<\/strong><br \/>(-17 for losing)\n|l|\u2606cake4923\n","uploadtime":1698349909,"views":4,"p1id":"lucasoduncu","p2id":"cake4923","formatid":"gen9anythinggoes","rating":1019,"private":0,"password":""}