{"id":"gen9anythinggoes-1978735980","p1":"Dumbfudge","p2":"AGisgood\u82cd\u54cd\u4fa0","format":"[Gen 9] Anything Goes","log":"|j|\u2606Dumbfudge\n|j|\u2606AGisgood\u82cd\u54cd\u4fa0\n|t:|1698588843\n|gametype|singles\n|player|p1|Dumbfudge|blackbelt-gen4dp|1392\n|player|p2|AGisgood\u82cd\u54cd\u4fa0|cynthia-masters|1760\n|teamsize|p1|6\n|teamsize|p2|6\n|gen|9\n|tier|[Gen 9] Anything Goes\n|rated|\n|rule|HP Percentage Mod: HP is shown in percentages\n|rule|Endless Battle Clause: Forcing endless battles is banned\n|clearpoke\n|poke|p1|Zacian-*|\n|poke|p1|Calyrex-Shadow|\n|poke|p1|Breloom, M|\n|poke|p1|Espathra, F|\n|poke|p1|Hoopa-Unbound|\n|poke|p1|Grimmsnarl, M|\n|poke|p2|Arceus|\n|poke|p2|Calyrex-Shadow|\n|poke|p2|Koraidon|\n|poke|p2|Ting-Lu|\n|poke|p2|Dondozo, M|\n|poke|p2|Zacian-*|\n|teampreview\n|inactive|Battle timer is ON: inactive players will automatically lose when time's up. (requested by AGisgood\u82cd\u54cd\u4fa0)\n|\n|t:|1698588858\n|start\n|switch|p1a: Grimmsnarl|Grimmsnarl, M|100\/100\n|switch|p2a: Koraidon|Koraidon|100\/100\n|-weather|SunnyDay|[from] ability: Orichalcum Pulse|[of] p2a: Koraidon\n|-activate|p2a: Koraidon|Orichalcum Pulse|[source]\n|turn|1\n|\n|t:|1698588866\n|move|p1a: Grimmsnarl|Reflect|p1a: Grimmsnarl\n|-sidestart|p1: Dumbfudge|Reflect\n|move|p2a: Koraidon|U-turn|p1a: Grimmsnarl\n|-damage|p1a: Grimmsnarl|86\/100\n|\n|t:|1698588869\n|switch|p2a: Zacian|Zacian-Crowned|100\/100|[from] U-turn\n|-ability|p2a: Zacian|Intrepid Sword|boost\n|-boost|p2a: Zacian|atk|1\n|\n|-weather|SunnyDay|[upkeep]\n|upkeep\n|turn|2\n|\n|t:|1698588876\n|move|p1a: Grimmsnarl|Light Screen|p1a: Grimmsnarl\n|-sidestart|p1: Dumbfudge|move: Light Screen\n|move|p2a: Zacian|Swords Dance|p2a: Zacian\n|-boost|p2a: Zacian|atk|2\n|\n|-weather|SunnyDay|[upkeep]\n|upkeep\n|turn|3\n|\n|t:|1698588882\n|move|p1a: Grimmsnarl|Taunt|p2a: Zacian\n|-start|p2a: Zacian|move: Taunt\n|move|p2a: Zacian|Behemoth Blade|p1a: Grimmsnarl\n|-supereffective|p1a: Grimmsnarl\n|-damage|p1a: Grimmsnarl|0 fnt\n|faint|p1a: Grimmsnarl\n|\n|-weather|SunnyDay|[upkeep]\n|upkeep\n|\n|t:|1698588893\n|switch|p1a: Espathra|Espathra, F|100\/100\n|turn|4\n|\n|t:|1698588897\n|move|p1a: Espathra|Protect|p1a: Espathra\n|-singleturn|p1a: Espathra|Protect\n|move|p2a: Zacian|Behemoth Blade|p1a: Espathra\n|-activate|p1a: Espathra|move: Protect\n|\n|-weather|SunnyDay|[upkeep]\n|-ability|p1a: Espathra|Speed Boost|boost\n|-boost|p1a: Espathra|spe|1\n|upkeep\n|turn|5\n|\n|t:|1698588906\n|move|p1a: Espathra|Substitute|p1a: Espathra\n|-start|p1a: Espathra|Substitute\n|-damage|p1a: Espathra|76\/100\n|move|p2a: Zacian|Play Rough|p1a: Espathra\n|-end|p1a: Espathra|Substitute\n|\n|-weather|none\n|-end|p2a: Zacian|move: Taunt\n|-ability|p1a: Espathra|Speed Boost|boost\n|-boost|p1a: Espathra|spe|1\n|upkeep\n|turn|6\n|\n|t:|1698588930\n|move|p1a: Espathra|Protect|p1a: Espathra\n|-singleturn|p1a: Espathra|Protect\n|move|p2a: Zacian|Play Rough|p1a: Espathra\n|-activate|p1a: Espathra|move: Protect\n|\n|-ability|p1a: Espathra|Speed Boost|boost\n|-boost|p1a: Espathra|spe|1\n|upkeep\n|turn|7\n|\n|t:|1698588939\n|move|p1a: Espathra|Substitute|p1a: Espathra\n|-start|p1a: Espathra|Substitute\n|-damage|p1a: Espathra|51\/100\n|move|p2a: Zacian|Play Rough|p1a: Espathra|[miss]\n|-miss|p2a: Zacian|p1a: Espathra\n|\n|-ability|p1a: Espathra|Speed Boost|boost\n|-boost|p1a: Espathra|spe|1\n|upkeep\n|turn|8\n|\n|t:|1698588951\n|move|p1a: Espathra|Baton Pass|p1a: Espathra\n|\n|t:|1698588953\n|switch|p1a: Hoopa|Hoopa-Unbound|100\/100|[from] Baton Pass\n|move|p2a: Zacian|Play Rough|p1a: Hoopa|[miss]\n|-miss|p2a: Zacian|p1a: Hoopa\n|\n|-sideend|p1: Dumbfudge|Reflect\n|upkeep\n|turn|9\n|\n|t:|1698588965\n|move|p1a: Hoopa|Zen Headbutt|p2a: Zacian\n|-resisted|p2a: Zacian\n|-damage|p2a: Zacian|74\/100\n|move|p2a: Zacian|Play Rough|p1a: Hoopa\n|-supereffective|p1a: Hoopa\n|-end|p1a: Hoopa|Substitute\n|\n|-sideend|p1: Dumbfudge|move: Light Screen\n|upkeep\n|turn|10\n|\n|t:|1698588975\n|move|p1a: Hoopa|Destiny Bond|p1a: Hoopa\n|-singlemove|p1a: Hoopa|Destiny Bond\n|move|p2a: Zacian|Behemoth Blade|p1a: Hoopa\n|-damage|p1a: Hoopa|0 fnt\n|faint|p1a: Hoopa\n|-activate|p1a: Hoopa|move: Destiny Bond\n|faint|p2a: Zacian\n|\n|upkeep\n|\n|t:|1698588994\n|switch|p2a: Koraidon|Koraidon|100\/100\n|switch|p1a: Zacian|Zacian-Crowned|100\/100\n|-weather|SunnyDay|[from] ability: Orichalcum Pulse|[of] p2a: Koraidon\n|-activate|p2a: Koraidon|Orichalcum Pulse|[source]\n|-ability|p1a: Zacian|Intrepid Sword|boost\n|-boost|p1a: Zacian|atk|1\n|turn|11\n|\n|t:|1698589003\n|-terastallize|p2a: Koraidon|Fire\n|-terastallize|p1a: Zacian|Steel\n|move|p2a: Koraidon|Flare Blitz|p1a: Zacian\n|-supereffective|p1a: Zacian\n|-damage|p1a: Zacian|0 fnt\n|faint|p1a: Zacian\n|-damage|p2a: Koraidon|69\/100|[from] Recoil\n|\n|-weather|SunnyDay|[upkeep]\n|upkeep\n|\n|t:|1698589022\n|switch|p1a: Calyrex|Calyrex-Shadow|100\/100\n|-ability|p1a: Calyrex|As One\n|-ability|p1a: Calyrex|Unnerve\n|turn|12\n|\n|t:|1698589028\n|move|p2a: Koraidon|Flare Blitz|p1a: Calyrex\n|-enditem|p1a: Calyrex|Focus Sash\n|-damage|p1a: Calyrex|1\/100\n|-damage|p2a: Koraidon|36\/100|[from] Recoil\n|move|p1a: Calyrex|Astral Barrage|p2a: Koraidon\n|-damage|p2a: Koraidon|0 fnt\n|faint|p2a: Koraidon\n|-ability|p1a: Calyrex|Grim Neigh|boost\n|-boost|p1a: Calyrex|spa|1\n|\n|-weather|SunnyDay|[upkeep]\n|upkeep\n|\n|t:|1698589033\n|switch|p2a: Calyrex|Calyrex-Shadow|100\/100\n|-ability|p2a: Calyrex|As One\n|-ability|p2a: Calyrex|Unnerve\n|turn|13\n|\n|t:|1698589048\n|move|p2a: Calyrex|Astral Barrage|p1a: Calyrex\n|-supereffective|p1a: Calyrex\n|-damage|p1a: Calyrex|0 fnt\n|faint|p1a: Calyrex\n|-ability|p2a: Calyrex|Grim Neigh|boost\n|-boost|p2a: Calyrex|spa|1\n|\n|-weather|SunnyDay|[upkeep]\n|upkeep\n|\n|t:|1698589056\n|switch|p1a: Espathra|Espathra, F|51\/100\n|turn|14\n|\n|t:|1698589061\n|move|p1a: Espathra|Protect|p1a: Espathra\n|-singleturn|p1a: Espathra|Protect\n|move|p2a: Calyrex|Astral Barrage|p1a: Espathra\n|-activate|p1a: Espathra|move: Protect\n|\n|-weather|SunnyDay|[upkeep]\n|-ability|p1a: Espathra|Speed Boost|boost\n|-boost|p1a: Espathra|spe|1\n|upkeep\n|turn|15\n|\n|t:|1698589071\n|move|p1a: Espathra|Substitute|p1a: Espathra\n|-start|p1a: Espathra|Substitute\n|-damage|p1a: Espathra|26\/100\n|move|p2a: Calyrex|Tera Blast|p1a: Espathra\n|-end|p1a: Espathra|Substitute\n|\n|-weather|none\n|-ability|p1a: Espathra|Speed Boost|boost\n|-boost|p1a: Espathra|spe|1\n|upkeep\n|turn|16\n|\n|t:|1698589080\n|move|p1a: Espathra|Protect|p1a: Espathra\n|-singleturn|p1a: Espathra|Protect\n|move|p2a: Calyrex|Tera Blast|p1a: Espathra\n|-activate|p1a: Espathra|move: Protect\n|\n|-ability|p1a: Espathra|Speed Boost|boost\n|-boost|p1a: Espathra|spe|1\n|upkeep\n|turn|17\n|\n|t:|1698589089\n|move|p1a: Espathra|Hypnosis|p2a: Calyrex\n|-status|p2a: Calyrex|slp|[from] move: Hypnosis\n|cant|p2a: Calyrex|slp\n|\n|-ability|p1a: Espathra|Speed Boost|boost\n|-boost|p1a: Espathra|spe|1\n|upkeep\n|turn|18\n|\n|t:|1698589101\n|switch|p2a: Arceus|Arceus|100\/100\n|move|p1a: Espathra|Substitute|p1a: Espathra\n|-start|p1a: Espathra|Substitute\n|-damage|p1a: Espathra|1\/100\n|\n|-ability|p1a: Espathra|Speed Boost|boost\n|-boost|p1a: Espathra|spe|1\n|upkeep\n|turn|19\n|\n|t:|1698589110\n|move|p2a: Arceus|Extreme Speed|p1a: Espathra\n|-end|p1a: Espathra|Substitute\n|move|p1a: Espathra|Baton Pass|p1a: Espathra\n|\n|t:|1698589115\n|switch|p1a: Breloom|Breloom, M|100\/100|[from] Baton Pass\n|\n|upkeep\n|turn|20\n|\n|t:|1698589119\n|move|p2a: Arceus|Extreme Speed|p1a: Breloom\n|-damage|p1a: Breloom|45\/100\n|-damage|p2a: Arceus|84\/100|[from] item: Rocky Helmet|[of] p1a: Breloom\n|move|p1a: Breloom|Spore|p2a: Arceus\n|-status|p2a: Arceus|slp|[from] move: Spore\n|\n|-heal|p2a: Arceus|90\/100 slp|[from] item: Leftovers\n|upkeep\n|turn|21\n|\n|t:|1698589130\n|cant|p2a: Arceus|slp\n|move|p1a: Breloom|Substitute|p1a: Breloom\n|-start|p1a: Breloom|Substitute\n|-damage|p1a: Breloom|20\/100\n|\n|-heal|p2a: Arceus|96\/100 slp|[from] item: Leftovers\n|upkeep\n|turn|22\n|\n|t:|1698589138\n|cant|p2a: Arceus|slp\n|move|p1a: Breloom|Leech Seed|p2a: Arceus\n|-start|p2a: Arceus|move: Leech Seed\n|\n|-heal|p2a: Arceus|100\/100 slp|[from] item: Leftovers\n|-damage|p2a: Arceus|88\/100 slp|[from] Leech Seed|[of] p1a: Breloom\n|-heal|p1a: Breloom|41\/100|[silent]\n|upkeep\n|turn|23\n|\n|t:|1698589146\n|switch|p2a: Calyrex|Calyrex-Shadow|100\/100 slp\n|-ability|p2a: Calyrex|As One\n|-ability|p2a: Calyrex|Unnerve\n|-singleturn|p1a: Breloom|move: Focus Punch\n|move|p1a: Breloom|Focus Punch|p2a: Calyrex\n|-immune|p2a: Calyrex\n|\n|upkeep\n|turn|24\n|\n|t:|1698589156\n|move|p1a: Breloom|Leech Seed|p2a: Calyrex\n|-start|p2a: Calyrex|move: Leech Seed\n|cant|p2a: Calyrex|slp\n|\n|-damage|p2a: Calyrex|88\/100 slp|[from] Leech Seed|[of] p1a: Breloom\n|-heal|p1a: Breloom|57\/100|[silent]\n|upkeep\n|turn|25\n|\n|t:|1698589170\n|switch|p2a: Dondozo|Dondozo, M|100\/100\n|-singleturn|p1a: Breloom|move: Focus Punch\n|move|p1a: Breloom|Focus Punch|p2a: Dondozo\n|-damage|p2a: Dondozo|77\/100\n|\n|-heal|p2a: Dondozo|83\/100|[from] item: Leftovers\n|upkeep\n|turn|26\n|\n|t:|1698589179\n|switch|p2a: Calyrex|Calyrex-Shadow|88\/100 slp\n|-ability|p2a: Calyrex|As One\n|-ability|p2a: Calyrex|Unnerve\n|move|p1a: Breloom|Spore|p2a: Calyrex\n|-fail|p2a: Calyrex|slp\n|\n|upkeep\n|turn|27\n|\n|t:|1698589188\n|switch|p2a: Dondozo|Dondozo, M|83\/100\n|move|p1a: Breloom|Leech Seed|p2a: Dondozo\n|-start|p2a: Dondozo|move: Leech Seed\n|\n|-heal|p2a: Dondozo|89\/100|[from] item: Leftovers\n|-damage|p2a: Dondozo|76\/100|[from] Leech Seed|[of] p1a: Breloom\n|-heal|p1a: Breloom|81\/100|[silent]\n|upkeep\n|turn|28\n|\n|t:|1698589199\n|switch|p2a: Calyrex|Calyrex-Shadow|88\/100 slp\n|-ability|p2a: Calyrex|As One\n|-ability|p2a: Calyrex|Unnerve\n|move|p1a: Breloom|Spore|p2a: Calyrex\n|-fail|p2a: Calyrex|slp\n|\n|upkeep\n|turn|29\n|\n|t:|1698589213\n|switch|p2a: Dondozo|Dondozo, M|76\/100\n|move|p1a: Breloom|Leech Seed|p2a: Dondozo\n|-start|p2a: Dondozo|move: Leech Seed\n|\n|-heal|p2a: Dondozo|83\/100|[from] item: Leftovers\n|-damage|p2a: Dondozo|70\/100|[from] Leech Seed|[of] p1a: Breloom\n|-heal|p1a: Breloom|100\/100|[silent]\n|upkeep\n|turn|30\n|\n|t:|1698589223\n|move|p1a: Breloom|Leech Seed||[still]\n|-fail|p1a: Breloom\n|move|p2a: Dondozo|Curse|p2a: Dondozo\n|-unboost|p2a: Dondozo|spe|1\n|-boost|p2a: Dondozo|atk|1\n|-boost|p2a: Dondozo|def|1\n|\n|-heal|p2a: Dondozo|76\/100|[from] item: Leftovers\n|-damage|p2a: Dondozo|64\/100|[from] Leech Seed|[of] p1a: Breloom\n|upkeep\n|turn|31\n|\n|t:|1698589233\n|move|p1a: Breloom|Spore|p2a: Dondozo\n|-status|p2a: Dondozo|slp|[from] move: Spore\n|cant|p2a: Dondozo|slp\n|\n|-heal|p2a: Dondozo|70\/100 slp|[from] item: Leftovers\n|-damage|p2a: Dondozo|57\/100 slp|[from] Leech Seed|[of] p1a: Breloom\n|upkeep\n|turn|32\n|\n|t:|1698589249\n|-singleturn|p1a: Breloom|move: Focus Punch\n|cant|p2a: Dondozo|slp\n|move|p2a: Dondozo|Sleep Talk|p2a: Dondozo\n|move|p2a: Dondozo|Rest||[from]move: Sleep Talk|[still]\n|-fail|p2a: Dondozo\n|move|p1a: Breloom|Focus Punch|p2a: Dondozo\n|-damage|p2a: Dondozo|40\/100 slp\n|\n|-heal|p2a: Dondozo|46\/100 slp|[from] item: Leftovers\n|-damage|p2a: Dondozo|33\/100 slp|[from] Leech Seed|[of] p1a: Breloom\n|upkeep\n|turn|33\n|\n|t:|1698589264\n|-singleturn|p1a: Breloom|move: Focus Punch\n|-curestatus|p2a: Dondozo|slp|[msg]\n|move|p2a: Dondozo|Sleep Talk||[still]\n|-fail|p2a: Dondozo\n|move|p1a: Breloom|Focus Punch|p2a: Dondozo\n|-damage|p2a: Dondozo|16\/100\n|\n|-heal|p2a: Dondozo|23\/100|[from] item: Leftovers\n|-damage|p2a: Dondozo|10\/100|[from] Leech Seed|[of] p1a: Breloom\n|upkeep\n|turn|34\n|\n|t:|1698589276\n|move|p1a: Breloom|Spore|p2a: Dondozo\n|-status|p2a: Dondozo|slp|[from] move: Spore\n|cant|p2a: Dondozo|slp\n|\n|-heal|p2a: Dondozo|16\/100 slp|[from] item: Leftovers\n|-damage|p2a: Dondozo|4\/100 slp|[from] Leech Seed|[of] p1a: Breloom\n|upkeep\n|turn|35\n|\n|t:|1698589289\n|-singleturn|p1a: Breloom|move: Focus Punch\n|cant|p2a: Dondozo|slp\n|move|p2a: Dondozo|Sleep Talk|p2a: Dondozo\n|move|p2a: Dondozo|Rest||[from]move: Sleep Talk|[still]\n|-fail|p2a: Dondozo\n|move|p1a: Breloom|Focus Punch|p2a: Dondozo\n|-damage|p2a: Dondozo|0 fnt\n|faint|p2a: Dondozo\n|\n|upkeep\n|-message|AGisgood\u82cd\u54cd\u4fa0 forfeited.\n|\n|win|Dumbfudge\n|raw|Dumbfudge's rating: 1392 &rarr; <strong>1428<\/strong><br \/>(+36 for winning)\n|raw|AGisgood\u82cd\u54cd\u4fa0's rating: 1760 &rarr; <strong>1724<\/strong><br \/>(-36 for losing)\n|l|\u2606AGisgood\u82cd\u54cd\u4fa0\n","uploadtime":1698589325,"views":8,"p1id":"dumbfudge","p2id":"agisgood","formatid":"gen9anythinggoes","rating":1428,"private":0,"password":""}