{"id":"gen9anythinggoes-1985659063","p1":"champgenix","p2":"ninvefcive2cc","format":"[Gen 9] Anything Goes","log":"|j|\u2606champgenix\n|j|\u2606ninvefcive2cc\n|t:|1699393149\n|gametype|singles\n|player|p1|champgenix|n|1137\n|player|p2|ninvefcive2cc|giovanni|1069\n|teamsize|p1|5\n|teamsize|p2|6\n|gen|9\n|tier|[Gen 9] Anything Goes\n|rated|\n|rule|HP Percentage Mod: HP is shown in percentages\n|rule|Endless Battle Clause: Forcing endless battles is banned\n|clearpoke\n|poke|p1|Gliscor, M|\n|poke|p1|Scream Tail|\n|poke|p1|Vivillon-Pokeball, M|\n|poke|p1|Amoonguss, M|\n|poke|p1|Drifblim, M|\n|poke|p2|Overqwil, M|\n|poke|p2|Sneasler, M|\n|poke|p2|Toxtricity, M|\n|poke|p2|Gengar, M|\n|poke|p2|Amoonguss, M|\n|poke|p2|Toxicroak, M|\n|teampreview\n|\n|t:|1699393155\n|start\n|switch|p1a: Amoonguss|Amoonguss, M|100\/100\n|switch|p2a: spooky goober|Gengar, M, shiny|100\/100\n|turn|1\n|inactive|Battle timer is ON: inactive players will automatically lose when time's up. (requested by champgenix)\n|c|\u2606champgenix|glhf\n|\n|t:|1699393167\n|move|p2a: spooky goober|Knock Off|p1a: Amoonguss\n|-damage|p1a: Amoonguss|80\/100\n|-damage|p2a: spooky goober|84\/100|[from] item: Rocky Helmet|[of] p1a: Amoonguss\n|-enditem|p1a: Amoonguss|Rocky Helmet|[from] move: Knock Off|[of] p2a: spooky goober\n|move|p1a: Amoonguss|Spore|p2a: spooky goober\n|-status|p2a: spooky goober|slp|[from] move: Spore\n|\n|-heal|p2a: spooky goober|90\/100 slp|[from] item: Leftovers\n|upkeep\n|turn|2\n|c|\u2606ninvefcive2cc|ty\n|\n|t:|1699393181\n|switch|p1a: Drifblim|Drifblim, M|100\/100\n|cant|p2a: spooky goober|slp\n|\n|-heal|p2a: spooky goober|96\/100 slp|[from] item: Leftovers\n|upkeep\n|turn|3\n|c|\u2606champgenix|bruh wtf\n|c|\u2606ninvefcive2cc|what\n|c|\u2606champgenix|where are his moves\n|c|\u2606champgenix|i added them\n|c|\u2606champgenix|yea but they aint here\n|inactive|champgenix has 120 seconds left.\n|c|\u2606champgenix|makes no since\n|inactiveoff|Battle timer is now OFF.\n|c|\u2606champgenix|all there is is struggle\n|\n|t:|1699393228\n|cant|p2a: spooky goober|slp\n|-activate|p1a: Drifblim|move: Struggle\n|move|p1a: Drifblim|Struggle|p2a: spooky goober\n|-damage|p2a: spooky goober|73\/100 slp\n|-damage|p1a: Drifblim|76\/100|[from] recoil\n|\n|-heal|p2a: spooky goober|79\/100 slp|[from] item: Leftovers\n|upkeep\n|turn|4\n|c|\u2606champgenix|stupid shit\n|\n|t:|1699393237\n|-curestatus|p2a: spooky goober|slp|[msg]\n|move|p2a: spooky goober|Shadow Ball|p1a: Drifblim\n|-supereffective|p1a: Drifblim\n|-damage|p1a: Drifblim|17\/100\n|-activate|p1a: Drifblim|move: Struggle\n|move|p1a: Drifblim|Struggle|p2a: spooky goober\n|-crit|p2a: spooky goober\n|-damage|p2a: spooky goober|46\/100\n|-damage|p1a: Drifblim|0 fnt|[from] recoil\n|faint|p1a: Drifblim\n|\n|-heal|p2a: spooky goober|52\/100|[from] item: Leftovers\n|upkeep\n|\n|t:|1699393243\n|switch|p1a: Amoonguss|Amoonguss, M|80\/100\n|turn|5\n|\n|t:|1699393251\n|move|p2a: spooky goober|Thunderbolt|p1a: Amoonguss\n|-resisted|p1a: Amoonguss\n|-damage|p1a: Amoonguss|61\/100\n|move|p1a: Amoonguss|Spore|p2a: spooky goober\n|-status|p2a: spooky goober|slp|[from] move: Spore\n|\n|-heal|p2a: spooky goober|58\/100 slp|[from] item: Leftovers\n|upkeep\n|turn|6\n|\n|t:|1699393257\n|switch|p1a: Scream Tail|Scream Tail|100\/100\n|cant|p2a: spooky goober|slp\n|\n|-heal|p2a: spooky goober|64\/100 slp|[from] item: Leftovers\n|upkeep\n|turn|7\n|\n|t:|1699393265\n|-terastallize|p1a: Scream Tail|Fairy\n|cant|p2a: spooky goober|slp\n|move|p1a: Scream Tail|Substitute|p1a: Scream Tail\n|-start|p1a: Scream Tail|Substitute\n|-damage|p1a: Scream Tail|75\/100\n|\n|-heal|p2a: spooky goober|70\/100 slp|[from] item: Leftovers\n|-heal|p1a: Scream Tail|82\/100|[from] item: Leftovers\n|upkeep\n|turn|8\n|\n|t:|1699393297\n|cant|p2a: spooky goober|slp\n|move|p1a: Scream Tail|Calm Mind|p1a: Scream Tail\n|-boost|p1a: Scream Tail|spa|1\n|-boost|p1a: Scream Tail|spd|1\n|\n|-heal|p2a: spooky goober|76\/100 slp|[from] item: Leftovers\n|-heal|p1a: Scream Tail|88\/100|[from] item: Leftovers\n|upkeep\n|turn|9\n|\n|t:|1699393302\n|-curestatus|p2a: spooky goober|slp|[msg]\n|move|p2a: spooky goober|Destiny Bond|p2a: spooky goober\n|-singlemove|p2a: spooky goober|Destiny Bond\n|move|p1a: Scream Tail|Calm Mind|p1a: Scream Tail\n|-boost|p1a: Scream Tail|spa|1\n|-boost|p1a: Scream Tail|spd|1\n|\n|-heal|p2a: spooky goober|82\/100|[from] item: Leftovers\n|-heal|p1a: Scream Tail|94\/100|[from] item: Leftovers\n|upkeep\n|turn|10\n|\n|t:|1699393341\n|move|p2a: spooky goober|Destiny Bond||[still]\n|-fail|p2a: spooky goober\n|move|p1a: Scream Tail|Calm Mind|p1a: Scream Tail\n|-boost|p1a: Scream Tail|spa|1\n|-boost|p1a: Scream Tail|spd|1\n|\n|-heal|p2a: spooky goober|89\/100|[from] item: Leftovers\n|-heal|p1a: Scream Tail|99\/100|[from] item: Leftovers\n|upkeep\n|turn|11\n|\n|t:|1699393351\n|move|p2a: spooky goober|Knock Off|p1a: Scream Tail\n|-resisted|p1a: Scream Tail\n|-activate|p1a: Scream Tail|move: Substitute|[damage]\n|move|p1a: Scream Tail|Calm Mind|p1a: Scream Tail\n|-boost|p1a: Scream Tail|spa|1\n|-boost|p1a: Scream Tail|spd|1\n|\n|-heal|p2a: spooky goober|95\/100|[from] item: Leftovers\n|-heal|p1a: Scream Tail|100\/100|[from] item: Leftovers\n|upkeep\n|turn|12\n|\n|t:|1699393359\n|move|p2a: spooky goober|Knock Off|p1a: Scream Tail\n|-resisted|p1a: Scream Tail\n|-activate|p1a: Scream Tail|move: Substitute|[damage]\n|move|p1a: Scream Tail|Calm Mind|p1a: Scream Tail\n|-boost|p1a: Scream Tail|spa|1\n|-boost|p1a: Scream Tail|spd|1\n|\n|-heal|p2a: spooky goober|100\/100|[from] item: Leftovers\n|upkeep\n|turn|13\n|c|\u2606ninvefcive2cc|nooooooo\n|\n|t:|1699393368\n|switch|p2a: SUS|Amoonguss, M, shiny|100\/100\n|move|p1a: Scream Tail|Calm Mind|p1a: Scream Tail\n|-boost|p1a: Scream Tail|spa|1\n|-boost|p1a: Scream Tail|spd|1\n|\n|upkeep\n|turn|14\n|c|\u2606champgenix|lol last one\n|\n|t:|1699393380\n|move|p1a: Scream Tail|Baton Pass|p1a: Scream Tail\n|c|\u2606champgenix|its over\n|\n|t:|1699393384\n|-end|p1a: Scream Tail|Protosynthesis|[silent]\n|switch|p1a: Vivillon|Vivillon-Pokeball, M|100\/100|[from] Baton Pass\n|move|p2a: SUS|Clear Smog|p1a: Vivillon\n|-activate|p1a: Vivillon|move: Substitute|[damage]\n|\n|upkeep\n|turn|15\n|c|\u2606ninvefcive2cc|nooo\n|\n|t:|1699393395\n|move|p2a: SUS|Protect|p2a: SUS\n|-singleturn|p2a: SUS|Protect\n|move|p1a: Vivillon|Air Slash|p2a: SUS\n|-activate|p2a: SUS|move: Protect\n|\n|upkeep\n|turn|16\n|\n|t:|1699393410\n|move|p1a: Vivillon|Quiver Dance|p1a: Vivillon\n|-boost|p1a: Vivillon|spa|0\n|-boost|p1a: Vivillon|spd|0\n|-boost|p1a: Vivillon|spe|1\n|move|p2a: SUS|Clear Smog|p1a: Vivillon\n|-activate|p1a: Vivillon|move: Substitute|[damage]\n|\n|upkeep\n|turn|17\n|c|\u2606ninvefcive2cc|bruh\n|\n|t:|1699393417\n|move|p1a: Vivillon|Quiver Dance|p1a: Vivillon\n|-boost|p1a: Vivillon|spa|0\n|-boost|p1a: Vivillon|spd|0\n|-boost|p1a: Vivillon|spe|1\n|move|p2a: SUS|Spore||[still]\n|-fail|p2a: SUS\n|\n|upkeep\n|turn|18\n|c|\u2606ninvefcive2cc|i cant\n|\n|t:|1699393438\n|switch|p2a: jimi hendrix|Toxtricity, M, shiny|100\/100\n|move|p1a: Vivillon|Quiver Dance|p1a: Vivillon\n|-boost|p1a: Vivillon|spa|0\n|-boost|p1a: Vivillon|spd|0\n|-boost|p1a: Vivillon|spe|1\n|\n|upkeep\n|turn|19\n|c|\u2606champgenix|oh im faster than your entire team i can start now\n|c|\u2606champgenix|so ig gg\n|\n|t:|1699393456\n|move|p1a: Vivillon|Air Slash|p2a: jimi hendrix\n|-resisted|p2a: jimi hendrix\n|-damage|p2a: jimi hendrix|36\/100\n|move|p2a: jimi hendrix|Boomburst|p1a: Vivillon\n|-crit|p1a: Vivillon\n|-damage|p1a: Vivillon|0 fnt\n|faint|p1a: Vivillon\n|\n|upkeep\n|c|\u2606champgenix|AHHHHHH\n|c|\u2606ninvefcive2cc|oops\n|c|\u2606champgenix|LAMO\n|c|\u2606champgenix|i forgot boomburst dose that lol\n|c|\u2606ninvefcive2cc|RAHHHHHHHHH\n|c|\u2606ninvefcive2cc|THE COMEBACk\n|c|\u2606champgenix|i shouyld have used sleep powder lol\n|\n|t:|1699393492\n|switch|p1a: Amoonguss|Amoonguss, M|61\/100\n|turn|20\n|\n|t:|1699393497\n|move|p2a: jimi hendrix|Nuzzle|p1a: Amoonguss\n|-resisted|p1a: Amoonguss\n|-damage|p1a: Amoonguss|57\/100\n|-status|p1a: Amoonguss|par\n|cant|p1a: Amoonguss|par\n|\n|upkeep\n|turn|21\n|c|\u2606champgenix|oh well still got another trick up my sleeve\n|c|\u2606ninvefcive2cc|RAHHHHHHh\n|\n|t:|1699393513\n|move|p2a: jimi hendrix|Boomburst|p1a: Amoonguss\n|-damage|p1a: Amoonguss|0 fnt\n|faint|p1a: Amoonguss\n|\n|upkeep\n|\n|t:|1699393517\n|switch|p1a: Scream Tail|Scream Tail, tera:Fairy|100\/100\n|turn|22\n|c|\u2606ninvefcive2cc|nuh uh\n|c|\u2606champgenix|sure do\n|\n|t:|1699393530\n|move|p1a: Scream Tail|Calm Mind|p1a: Scream Tail\n|-boost|p1a: Scream Tail|spa|1\n|-boost|p1a: Scream Tail|spd|1\n|move|p2a: jimi hendrix|Sludge Bomb|p1a: Scream Tail\n|-supereffective|p1a: Scream Tail\n|-damage|p1a: Scream Tail|58\/100\n|\n|-heal|p1a: Scream Tail|64\/100|[from] item: Leftovers\n|upkeep\n|turn|23\n|\n|t:|1699393539\n|move|p1a: Scream Tail|Baton Pass|p1a: Scream Tail\n|\n|t:|1699393540\n|-end|p1a: Scream Tail|Protosynthesis|[silent]\n|switch|p1a: Gliscor|Gliscor, M|100\/100|[from] Baton Pass\n|move|p2a: jimi hendrix|Nuzzle|p1a: Gliscor\n|-immune|p1a: Gliscor\n|\n|-status|p1a: Gliscor|tox|[from] item: Toxic Orb\n|upkeep\n|turn|24\n|c|\u2606ninvefcive2cc|nuh uh\n|c|\u2606champgenix|yea huh\n|\n|t:|1699393555\n|move|p1a: Gliscor|Crabhammer|p2a: jimi hendrix\n|-damage|p2a: jimi hendrix|0 fnt\n|faint|p2a: jimi hendrix\n|\n|upkeep\n|c|\u2606ninvefcive2cc|nuh uh\n|\n|t:|1699393566\n|switch|p2a: SUS|Amoonguss, M, shiny|100\/100\n|turn|25\n|\n|t:|1699393574\n|move|p1a: Gliscor|Substitute|p1a: Gliscor\n|-start|p1a: Gliscor|Substitute\n|-damage|p1a: Gliscor|76\/100 tox\n|move|p2a: SUS|Giga Drain|p1a: Gliscor\n|-activate|p1a: Gliscor|move: Substitute|[damage]\n|\n|-heal|p1a: Gliscor|88\/100 tox|[from] ability: Poison Heal\n|upkeep\n|turn|26\n|\n|t:|1699393586\n|switch|p2a: puffer|Overqwil, M, shiny|100\/100\n|move|p1a: Gliscor|Crabhammer|p2a: puffer\n|-damage|p2a: puffer|73\/100\n|\n|-heal|p2a: puffer|79\/100|[from] item: Leftovers\n|-heal|p1a: Gliscor|99\/100 tox|[from] ability: Poison Heal\n|upkeep\n|turn|27\n|c|\u2606champgenix|but this one isint as reliable\n|c|\u2606champgenix|soooo im still prolly gonna lose\n|\n|t:|1699393602\n|move|p2a: puffer|Aqua Jet|p1a: Gliscor\n|-supereffective|p1a: Gliscor\n|-end|p1a: Gliscor|Substitute\n|move|p1a: Gliscor|Crabhammer|p2a: puffer\n|-damage|p2a: puffer|49\/100\n|\n|-heal|p2a: puffer|55\/100|[from] item: Leftovers\n|-heal|p1a: Gliscor|100\/100 tox|[from] ability: Poison Heal\n|upkeep\n|turn|28\n|\n|t:|1699393610\n|move|p1a: Gliscor|Protect|p1a: Gliscor\n|-singleturn|p1a: Gliscor|Protect\n|move|p2a: puffer|Aqua Jet|p1a: Gliscor\n|-activate|p1a: Gliscor|move: Protect\n|\n|-heal|p2a: puffer|61\/100|[from] item: Leftovers\n|upkeep\n|turn|29\n|c|\u2606ninvefcive2cc|I shall claim this victory\n|\n|t:|1699393623\n|switch|p1a: Scream Tail|Scream Tail, tera:Fairy|64\/100\n|move|p2a: puffer|Aqua Jet|p1a: Scream Tail\n|-damage|p1a: Scream Tail|53\/100\n|\n|-heal|p2a: puffer|67\/100|[from] item: Leftovers\n|-heal|p1a: Scream Tail|59\/100|[from] item: Leftovers\n|upkeep\n|turn|30\n|\n|t:|1699393632\n|move|p2a: puffer|Barb Barrage|p1a: Scream Tail\n|-supereffective|p1a: Scream Tail\n|-damage|p1a: Scream Tail|16\/100\n|move|p1a: Scream Tail|Substitute|p1a: Scream Tail\n|-fail|p1a: Scream Tail|move: Substitute|[weak]\n|\n|-heal|p2a: puffer|73\/100|[from] item: Leftovers\n|-heal|p1a: Scream Tail|22\/100|[from] item: Leftovers\n|upkeep\n|turn|31\n|\n|t:|1699393639\n|move|p2a: puffer|Barb Barrage|p1a: Scream Tail\n|-supereffective|p1a: Scream Tail\n|-damage|p1a: Scream Tail|0 fnt\n|faint|p1a: Scream Tail\n|-end|p1a: Scream Tail|Protosynthesis|[silent]\n|\n|-heal|p2a: puffer|80\/100|[from] item: Leftovers\n|upkeep\n|\n|t:|1699393641\n|switch|p1a: Gliscor|Gliscor, M|100\/100 tox\n|turn|32\n|c|\u2606ninvefcive2cc|gg\n|c|\u2606champgenix|you shall\n|c|\u2606champgenix|and all because of a slip up lolo]\n|\n|t:|1699393661\n|move|p1a: Gliscor|Protect|p1a: Gliscor\n|-singleturn|p1a: Gliscor|Protect\n|move|p2a: puffer|Aqua Jet|p1a: Gliscor\n|-activate|p1a: Gliscor|move: Protect\n|\n|-heal|p2a: puffer|86\/100|[from] item: Leftovers\n|upkeep\n|turn|33\n|c|\u2606ninvefcive2cc|I shall prevail\n|\n|t:|1699393668\n|move|p1a: Gliscor|Protect||[still]\n|-fail|p1a: Gliscor\n|move|p2a: puffer|Aqua Jet|p1a: Gliscor\n|-supereffective|p1a: Gliscor\n|-damage|p1a: Gliscor|75\/100 tox\n|\n|-heal|p2a: puffer|92\/100|[from] item: Leftovers\n|-heal|p1a: Gliscor|88\/100 tox|[from] ability: Poison Heal\n|upkeep\n|turn|34\n|\n|t:|1699393676\n|move|p2a: puffer|Barb Barrage|p1a: Gliscor\n|-resisted|p1a: Gliscor\n|-damage|p1a: Gliscor|63\/100 tox\n|move|p1a: Gliscor|Substitute|p1a: Gliscor\n|-start|p1a: Gliscor|Substitute\n|-damage|p1a: Gliscor|38\/100 tox\n|\n|-heal|p2a: puffer|98\/100|[from] item: Leftovers\n|-heal|p1a: Gliscor|50\/100 tox|[from] ability: Poison Heal\n|upkeep\n|turn|35\n|c|\u2606champgenix|:\\\n|c|\u2606champgenix|im not so scared of the fish anymore\n|\n|t:|1699393697\n|move|p1a: Gliscor|Protect|p1a: Gliscor\n|-singleturn|p1a: Gliscor|Protect\n|move|p2a: puffer|Aqua Jet|p1a: Gliscor\n|-activate|p1a: Gliscor|move: Protect\n|\n|-heal|p2a: puffer|100\/100|[from] item: Leftovers\n|-heal|p1a: Gliscor|63\/100 tox|[from] ability: Poison Heal\n|upkeep\n|turn|36\n|c|\u2606ninvefcive2cc|fishy\n|\n|t:|1699393708\n|move|p2a: puffer|Aqua Jet|p1a: Gliscor\n|-supereffective|p1a: Gliscor\n|-activate|p1a: Gliscor|move: Substitute|[damage]\n|move|p1a: Gliscor|Crabhammer|p2a: puffer\n|-crit|p2a: puffer\n|-damage|p2a: puffer|57\/100\n|\n|-heal|p2a: puffer|63\/100|[from] item: Leftovers\n|-heal|p1a: Gliscor|75\/100 tox|[from] ability: Poison Heal\n|upkeep\n|turn|37\n|c|\u2606ninvefcive2cc|his name is puffer\n|\n|t:|1699393722\n|move|p2a: puffer|Aqua Jet|p1a: Gliscor\n|-supereffective|p1a: Gliscor\n|-end|p1a: Gliscor|Substitute\n|move|p1a: Gliscor|Crabhammer|p2a: puffer\n|-damage|p2a: puffer|34\/100\n|\n|-heal|p2a: puffer|40\/100|[from] item: Leftovers\n|-heal|p1a: Gliscor|87\/100 tox|[from] ability: Poison Heal\n|upkeep\n|turn|38\n|c|\u2606champgenix|but im gonna run out off pp soooo :P\n|c|\u2606champgenix|wanna rematch after this\n|\n|t:|1699393746\n|switch|p2a: boxer|Toxicroak, M, shiny|100\/100\n|move|p1a: Gliscor|Crabhammer|p2a: boxer\n|-damage|p2a: boxer|63\/100\n|\n|-heal|p2a: boxer|69\/100|[from] item: Leftovers\n|-heal|p1a: Gliscor|99\/100 tox|[from] ability: Poison Heal\n|upkeep\n|turn|39\n|c|\u2606ninvefcive2cc|sure im pretty bad though\n|\n|t:|1699393760\n|move|p2a: boxer|Bulk Up|p2a: boxer\n|-boost|p2a: boxer|atk|1\n|-boost|p2a: boxer|def|1\n|move|p1a: Gliscor|Crabhammer|p2a: boxer\n|-crit|p2a: boxer\n|-damage|p2a: boxer|13\/100\n|\n|-heal|p2a: boxer|19\/100|[from] item: Leftovers\n|-heal|p1a: Gliscor|100\/100 tox|[from] ability: Poison Heal\n|upkeep\n|turn|40\n|c|\u2606champgenix|lol nah\n|\n|t:|1699393772\n|move|p2a: boxer|Shadow Claw|p1a: Gliscor\n|-damage|p1a: Gliscor|73\/100 tox\n|move|p1a: Gliscor|Crabhammer|p2a: boxer\n|-damage|p2a: boxer|0 fnt\n|faint|p2a: boxer\n|\n|-heal|p1a: Gliscor|86\/100 tox|[from] ability: Poison Heal\n|upkeep\n|c|\u2606ninvefcive2cc|im bad\n|\n|t:|1699393781\n|switch|p2a: honey badger|Sneasler, M, shiny|100\/100\n|turn|41\n|c|\u2606champgenix|your not youve wiped my entire team lol\n|\n|t:|1699393794\n|move|p2a: honey badger|Acrobatics|p1a: Gliscor\n|-damage|p1a: Gliscor|55\/100 tox\n|move|p1a: Gliscor|Crabhammer|p2a: honey badger\n|-crit|p2a: honey badger\n|-damage|p2a: honey badger|29\/100\n|\n|-heal|p1a: Gliscor|67\/100 tox|[from] ability: Poison Heal\n|upkeep\n|turn|42\n|c|\u2606ninvefcive2cc|I only use mons I like\n|\n|t:|1699393806\n|move|p1a: Gliscor|Protect|p1a: Gliscor\n|-singleturn|p1a: Gliscor|Protect\n|move|p2a: honey badger|Acrobatics|p1a: Gliscor\n|-activate|p1a: Gliscor|move: Protect\n|\n|-heal|p1a: Gliscor|79\/100 tox|[from] ability: Poison Heal\n|upkeep\n|turn|43\n|c|\u2606champgenix|thats ok\n|\n|t:|1699393814\n|move|p2a: honey badger|Acrobatics|p1a: Gliscor\n|-damage|p1a: Gliscor|49\/100 tox\n|move|p1a: Gliscor|Crabhammer|p2a: honey badger\n|-damage|p2a: honey badger|0 fnt\n|faint|p2a: honey badger\n|\n|-heal|p1a: Gliscor|61\/100 tox|[from] ability: Poison Heal\n|upkeep\n|\n|t:|1699393830\n|switch|p2a: spooky goober|Gengar, M, shiny|100\/100\n|turn|44\n|\n|t:|1699393837\n|move|p2a: spooky goober|Destiny Bond|p2a: spooky goober\n|-singlemove|p2a: spooky goober|Destiny Bond\n|move|p1a: Gliscor|Substitute|p1a: Gliscor\n|-start|p1a: Gliscor|Substitute\n|-damage|p1a: Gliscor|37\/100 tox\n|\n|-heal|p1a: Gliscor|49\/100 tox|[from] ability: Poison Heal\n|upkeep\n|turn|45\n|c|\u2606champgenix|had a feeling you would use destiny bond\n|\n|t:|1699393851\n|move|p1a: Gliscor|Protect|p1a: Gliscor\n|-singleturn|p1a: Gliscor|Protect\n|move|p2a: spooky goober|Knock Off|p1a: Gliscor\n|-activate|p1a: Gliscor|move: Protect\n|\n|-heal|p1a: Gliscor|61\/100 tox|[from] ability: Poison Heal\n|upkeep\n|turn|46\n|\n|t:|1699393860\n|move|p2a: spooky goober|Destiny Bond|p2a: spooky goober\n|-singlemove|p2a: spooky goober|Destiny Bond\n|move|p1a: Gliscor|Crabhammer|p2a: spooky goober\n|-damage|p2a: spooky goober|44\/100\n|\n|-heal|p2a: spooky goober|50\/100|[from] item: Leftovers\n|-heal|p1a: Gliscor|73\/100 tox|[from] ability: Poison Heal\n|upkeep\n|turn|47\n|c|\u2606ninvefcive2cc|barely remembered\\\n|\n|t:|1699393872\n|move|p2a: spooky goober|Shadow Ball|p1a: Gliscor\n|-end|p1a: Gliscor|Substitute\n|move|p1a: Gliscor|Crabhammer|p2a: spooky goober\n|-damage|p2a: spooky goober|0 fnt\n|-start|p1a: Gliscor|Disable|Crabhammer|[from] ability: Cursed Body|[of] p2a: spooky goober\n|faint|p2a: spooky goober\n|\n|-heal|p1a: Gliscor|86\/100 tox|[from] ability: Poison Heal\n|upkeep\n|l|\u2606ninvefcive2cc\n|player|p2|\n|c|\u2606champgenix|lol\n|c|\u2606champgenix|NOOOO\n|inactive|Battle timer is ON: inactive players will automatically lose when time's up. (requested by champgenix)\n|inactive|ninvefcive2cc has 30 seconds to reconnect!\n|inactive|ninvefcive2cc has 20 seconds to reconnect!\n|inactive|ninvefcive2cc has 15 seconds to reconnect!\n|inactive|ninvefcive2cc has 10 seconds to reconnect!\n|inactive|ninvefcive2cc has 5 seconds to reconnect!\n|-message|ninvefcive2cc lost due to inactivity.\n|\n|win|champgenix\n|raw|champgenix's rating: 1137 &rarr; <strong>1157<\/strong><br \/>(+20 for winning)\n|raw|ninvefcive2cc's rating: 1069 &rarr; <strong>1053<\/strong><br \/>(-16 for losing)\n","uploadtime":1699393236,"views":3,"p1id":"champgenix","p2id":"ninvefcive2cc","formatid":"gen9anythinggoes","rating":1053,"private":0,"password":""}