{"id":"gen9anythinggoes-1977838375","p1":"mouli00","p2":"elimolly","format":"[Gen 9] Anything Goes","log":"|j|\u2606mouli00\n|j|\u2606elimolly\n|t:|1698455840\n|gametype|singles\n|player|p1|mouli00|alder|1202\n|player|p2|elimolly|2|1275\n|teamsize|p1|6\n|teamsize|p2|6\n|gen|9\n|tier|[Gen 9] Anything Goes\n|rated|\n|rule|HP Percentage Mod: HP is shown in percentages\n|rule|Endless Battle Clause: Forcing endless battles is banned\n|clearpoke\n|poke|p1|Decidueye-Hisui, M|\n|poke|p1|Zoroark-Hisui, F|\n|poke|p1|Braviary-Hisui, M|\n|poke|p1|Samurott-Hisui, F|\n|poke|p1|Goodra-Hisui, F|\n|poke|p1|Arcanine-Hisui, M|\n|poke|p2|Maushold-Four|\n|poke|p2|Gliscor, M|\n|poke|p2|Ceruledge, F|\n|poke|p2|Ursaluna-Bloodmoon, M|\n|poke|p2|Amoonguss, M|\n|poke|p2|Dragapult, M|\n|teampreview\n|\n|t:|1698455851\n|start\n|switch|p1a: Samurott|Samurott-Hisui, F|100\/100\n|switch|p2a: Maushold|Maushold-Four|100\/100\n|turn|1\n|\n|t:|1698455861\n|switch|p1a: Arcanine|Arcanine-Hisui, M|100\/100\n|move|p2a: Maushold|Population Bomb|p1a: Arcanine\n|-immune|p1a: Arcanine\n|\n|upkeep\n|turn|2\n|\n|t:|1698455871\n|move|p2a: Maushold|Tidy Up|p2a: Maushold\n|-boost|p2a: Maushold|atk|1\n|-boost|p2a: Maushold|spe|1\n|move|p1a: Arcanine|Focus Blast|p2a: Maushold|[miss]\n|-miss|p1a: Arcanine|p2a: Maushold\n|\n|upkeep\n|turn|3\n|\n|t:|1698455879\n|move|p2a: Maushold|Encore|p1a: Arcanine\n|-start|p1a: Arcanine|Encore\n|move|p1a: Arcanine|Focus Blast|p2a: Maushold\n|-supereffective|p2a: Maushold\n|-damage|p2a: Maushold|0 fnt\n|faint|p2a: Maushold\n|-damage|p1a: Arcanine|91\/100|[from] item: Life Orb\n|\n|upkeep\n|\n|t:|1698455899\n|switch|p2a: Dragapult|Dragapult, M, shiny|100\/100\n|turn|4\n|\n|t:|1698455908\n|switch|p1a: Samurott|Samurott-Hisui, F|100\/100\n|move|p2a: Dragapult|Dragon Darts|p1a: Samurott\n|-damage|p1a: Samurott|64\/100\n|-anim|p2a: Dragapult|Dragon Darts|p1a: Samurott\n|-damage|p1a: Samurott|27\/100\n|\n|upkeep\n|turn|5\n|\n|t:|1698455919\n|move|p2a: Dragapult|Dragon Darts|p1a: Samurott\n|-damage|p1a: Samurott|0 fnt\n|faint|p1a: Samurott\n|\n|upkeep\n|\n|t:|1698455929\n|switch|p1a: Goodra|Goodra-Hisui, F|100\/100\n|turn|6\n|\n|t:|1698455935\n|move|p2a: Dragapult|Dragon Darts|p1a: Goodra\n|-damage|p1a: Goodra|77\/100\n|-anim|p2a: Dragapult|Dragon Darts|p1a: Goodra\n|-damage|p1a: Goodra|52\/100\n|move|p1a: Goodra|Shelter|p1a: Goodra\n|-boost|p1a: Goodra|def|2\n|\n|-heal|p1a: Goodra|58\/100|[from] item: Leftovers\n|upkeep\n|turn|7\n|\n|t:|1698455947\n|-terastallize|p2a: Dragapult|Dragon\n|move|p2a: Dragapult|Dragon Darts|p1a: Goodra\n|-damage|p1a: Goodra|43\/100\n|-anim|p2a: Dragapult|Dragon Darts|p1a: Goodra\n|-damage|p1a: Goodra|27\/100\n|move|p1a: Goodra|Dragon Claw|p2a: Dragapult\n|-supereffective|p2a: Dragapult\n|-damage|p2a: Dragapult|27\/100\n|\n|-heal|p1a: Goodra|33\/100|[from] item: Leftovers\n|upkeep\n|turn|8\n|\n|t:|1698455961\n|move|p2a: Dragapult|Dragon Darts|p1a: Goodra\n|-damage|p1a: Goodra|18\/100\n|-anim|p2a: Dragapult|Dragon Darts|p1a: Goodra\n|-damage|p1a: Goodra|4\/100\n|move|p1a: Goodra|Dragon Claw|p2a: Dragapult\n|-supereffective|p2a: Dragapult\n|-damage|p2a: Dragapult|0 fnt\n|faint|p2a: Dragapult\n|\n|-heal|p1a: Goodra|10\/100|[from] item: Leftovers\n|upkeep\n|\n|t:|1698455973\n|switch|p2a: Ceruledge|Ceruledge, F|100\/100\n|turn|9\n|\n|t:|1698455978\n|move|p2a: Ceruledge|Bitter Blade|p1a: Goodra\n|-damage|p1a: Goodra|0 fnt\n|faint|p1a: Goodra\n|\n|upkeep\n|\n|t:|1698455984\n|switch|p1a: Arcanine|Arcanine-Hisui, M|100\/100\n|turn|10\n|\n|t:|1698455994\n|switch|p2a: Ursaluna|Ursaluna-Bloodmoon, M|100\/100\n|move|p1a: Arcanine|Head Smash|p2a: Ursaluna\n|-resisted|p2a: Ursaluna\n|-damage|p2a: Ursaluna|77\/100\n|\n|upkeep\n|turn|11\n|\n|t:|1698456008\n|switch|p1a: Braviary|Braviary-Hisui, M|100\/100\n|move|p2a: Ursaluna|Earth Power|p1a: Braviary\n|-immune|p1a: Braviary\n|\n|upkeep\n|turn|12\n|\n|t:|1698456018\n|move|p1a: Braviary|Esper Wing|p2a: Ursaluna\n|-damage|p2a: Ursaluna|28\/100\n|move|p2a: Ursaluna|Blood Moon|p1a: Braviary\n|-damage|p1a: Braviary|5\/100\n|\n|upkeep\n|turn|13\n|\n|t:|1698456032\n|switch|p2a: Ceruledge|Ceruledge, F|100\/100\n|move|p1a: Braviary|Esper Wing|p2a: Ceruledge\n|-damage|p2a: Ceruledge|37\/100\n|\n|upkeep\n|turn|14\n|\n|t:|1698456042\n|move|p2a: Ceruledge|Bitter Blade|p1a: Braviary\n|-damage|p1a: Braviary|0 fnt\n|-heal|p2a: Ceruledge|40\/100|[from] drain|[of] p1a: Braviary\n|faint|p1a: Braviary\n|\n|upkeep\n|\n|t:|1698456051\n|switch|p1a: Arcanine|Arcanine-Hisui, M|100\/100\n|turn|15\n|\n|t:|1698456061\n|switch|p2a: Gliscor|Gliscor, M|100\/100\n|move|p1a: Arcanine|Head Smash|p2a: Gliscor\n|-damage|p2a: Gliscor|37\/100\n|\n|-status|p2a: Gliscor|tox|[from] item: Toxic Orb\n|upkeep\n|turn|16\n|\n|t:|1698456078\n|move|p1a: Arcanine|Head Smash|p2a: Gliscor|[miss]\n|-miss|p1a: Arcanine|p2a: Gliscor\n|move|p2a: Gliscor|Stealth Rock|p1a: Arcanine\n|-sidestart|p1: mouli00|move: Stealth Rock\n|\n|-heal|p2a: Gliscor|49\/100 tox|[from] ability: Poison Heal\n|upkeep\n|turn|17\n|\n|t:|1698456090\n|move|p1a: Arcanine|Head Smash|p2a: Gliscor|[miss]\n|-miss|p1a: Arcanine|p2a: Gliscor\n|move|p2a: Gliscor|Facade|p1a: Arcanine\n|-resisted|p1a: Arcanine\n|-damage|p1a: Arcanine|74\/100\n|\n|-heal|p2a: Gliscor|61\/100 tox|[from] ability: Poison Heal\n|upkeep\n|turn|18\n|\n|t:|1698456100\n|move|p1a: Arcanine|Head Smash|p2a: Gliscor\n|-damage|p2a: Gliscor|0 fnt\n|faint|p2a: Gliscor\n|\n|upkeep\n|\n|t:|1698456109\n|switch|p2a: Ursaluna|Ursaluna-Bloodmoon, M|28\/100\n|turn|19\n|\n|t:|1698456120\n|move|p1a: Arcanine|Flare Blitz|p2a: Ursaluna\n|-damage|p2a: Ursaluna|0 fnt\n|faint|p2a: Ursaluna\n|\n|upkeep\n|\n|t:|1698456125\n|switch|p2a: Amoonguss|Amoonguss, M|100\/100\n|turn|20\n|\n|t:|1698456129\n|switch|p2a: Ceruledge|Ceruledge, F|40\/100\n|move|p1a: Arcanine|Flare Blitz|p2a: Ceruledge\n|-start|p2a: Ceruledge|ability: Flash Fire\n|\n|upkeep\n|turn|21\n|\n|t:|1698456138\n|move|p2a: Ceruledge|Poltergeist|p1a: Arcanine\n|-activate|p1a: Arcanine|move: Poltergeist|Heavy-Duty Boots\n|-damage|p1a: Arcanine|7\/100\n|move|p1a: Arcanine|Head Smash|p2a: Ceruledge|[miss]\n|-miss|p1a: Arcanine|p2a: Ceruledge\n|\n|upkeep\n|turn|22\n|\n|t:|1698456152\n|switch|p1a: Decidueye|Decidueye-Hisui, M|91\/100\n|-damage|p1a: Decidueye|78\/100|[from] Stealth Rock\n|move|p2a: Ceruledge|Poltergeist|p1a: Decidueye\n|-immune|p1a: Decidueye\n|\n|upkeep\n|turn|23\n|\n|t:|1698456162\n|-end|p2a: Ceruledge|ability: Flash Fire|[silent]\n|switch|p2a: Amoonguss|Amoonguss, M|100\/100\n|move|p1a: Decidueye|Bitter Malice|p2a: Amoonguss\n|-damage|p2a: Amoonguss|49\/100\n|-unboost|p2a: Amoonguss|atk|1\n|-damage|p1a: Decidueye|68\/100|[from] item: Life Orb\n|\n|upkeep\n|turn|24\n|\n|t:|1698456174\n|move|p1a: Decidueye|Bitter Malice|p2a: Amoonguss\n|-damage|p2a: Amoonguss|0 fnt\n|faint|p2a: Amoonguss\n|-damage|p1a: Decidueye|58\/100|[from] item: Life Orb\n|\n|upkeep\n|\n|t:|1698456181\n|switch|p2a: Ceruledge|Ceruledge, F|40\/100\n|turn|25\n|\n|t:|1698456186\n|move|p2a: Ceruledge|Bitter Blade|p1a: Decidueye\n|-damage|p1a: Decidueye|0 fnt\n|-heal|p2a: Ceruledge|65\/100|[from] drain|[of] p1a: Decidueye\n|replace|p1a: Zoroark|Zoroark-Hisui, F\n|-end|p1a: Zoroark|Illusion\n|faint|p1a: Zoroark\n|\n|upkeep\n|\n|t:|1698456194\n|switch|p1a: Arcanine|Arcanine-Hisui, M|7\/100\n|turn|26\n|\n|t:|1698456198\n|move|p2a: Ceruledge|Bitter Blade|p1a: Arcanine\n|-resisted|p1a: Arcanine\n|-damage|p1a: Arcanine|0 fnt\n|-heal|p2a: Ceruledge|69\/100|[from] drain|[of] p1a: Arcanine\n|faint|p1a: Arcanine\n|\n|upkeep\n|\n|t:|1698456206\n|switch|p1a: Decidueye|Decidueye-Hisui, M|100\/100\n|turn|27\n|\n|t:|1698456212\n|-terastallize|p1a: Decidueye|Flying\n|move|p2a: Ceruledge|Bitter Blade|p1a: Decidueye\n|-damage|p1a: Decidueye|41\/100\n|-heal|p2a: Ceruledge|100\/100|[from] drain|[of] p1a: Decidueye\n|move|p1a: Decidueye|Triple Arrows|p2a: Ceruledge\n|-damage|p2a: Ceruledge|36\/100\n|\n|upkeep\n|turn|28\n|inactive|Battle timer is ON: inactive players will automatically lose when time's up. (requested by elimolly)\n|\n|t:|1698456232\n|move|p2a: Ceruledge|Bitter Blade|p1a: Decidueye\n|-damage|p1a: Decidueye|0 fnt\n|-heal|p2a: Ceruledge|58\/100|[from] drain|[of] p1a: Decidueye\n|faint|p1a: Decidueye\n|\n|win|elimolly\n|raw|mouli00's rating: 1202 &rarr; <strong>1182<\/strong><br \/>(-20 for losing)\n|raw|elimolly's rating: 1275 &rarr; <strong>1295<\/strong><br \/>(+20 for winning)\n|c|\u2606elimolly|Ggs\n|l|\u2606mouli00\n","uploadtime":1698456396,"views":10,"p1id":"mouli00","p2id":"elimolly","formatid":"gen9anythinggoes","rating":1182,"private":0,"password":""}