{"id":"gen9anythinggoes-1980267221","p1":"Rip_DE5TR0Y3R11","p2":"Matsurizzzu","format":"[Gen 9] Anything Goes","log":"|j|\u2606Rip_DE5TR0Y3R11\n|j|\u2606Matsurizzzu\n|t:|1698770927\n|gametype|singles\n|player|p1|Rip_DE5TR0Y3R11|hilda|1142\n|player|p2|Matsurizzzu|dawn|1123\n|teamsize|p1|6\n|teamsize|p2|6\n|gen|9\n|tier|[Gen 9] Anything Goes\n|rated|\n|rule|HP Percentage Mod: HP is shown in percentages\n|rule|Endless Battle Clause: Forcing endless battles is banned\n|clearpoke\n|poke|p1|Palafin, M|\n|poke|p1|Regieleki|\n|poke|p1|Gholdengo|\n|poke|p1|Ogerpon-Hearthflame, F|\n|poke|p1|Ursaluna-Bloodmoon, M|\n|poke|p1|Koraidon|\n|poke|p2|Noivern, F|\n|poke|p2|Noivern, F|\n|poke|p2|Noivern, M|\n|poke|p2|Noivern, M|\n|poke|p2|Noivern, M|\n|poke|p2|Noivern, M|\n|teampreview\n|inactive|Battle timer is ON: inactive players will automatically lose when time's up. (requested by Matsurizzzu)\n|inactive|Rip_DE5TR0Y3R11 also wants the timer to be on.\n|\n|t:|1698770935\n|start\n|switch|p1a: Koraidon|Koraidon|100\/100\n|switch|p2a: Dragonite|Noivern, F|100\/100\n|-weather|SunnyDay|[from] ability: Orichalcum Pulse|[of] p1a: Koraidon\n|-activate|p1a: Koraidon|Orichalcum Pulse|[source]\n|turn|1\n|\n|t:|1698770942\n|-terastallize|p2a: Dragonite|Normal\n|move|p1a: Koraidon|Ice Fang|p2a: Dragonite\n|-damage|p2a: Dragonite|62\/100\n|move|p2a: Dragonite|Dragon Pulse|p1a: Koraidon\n|-supereffective|p1a: Koraidon\n|-damage|p1a: Koraidon|0 fnt\n|faint|p1a: Koraidon\n|-damage|p2a: Dragonite|52\/100|[from] item: Life Orb\n|\n|-weather|SunnyDay|[upkeep]\n|upkeep\n|\n|t:|1698770954\n|switch|p1a: Palafin|Palafin, M, shiny|100\/100\n|turn|2\n|\n|t:|1698770962\n|move|p2a: Dragonite|Dragon Pulse|p1a: Palafin\n|-damage|p1a: Palafin|30\/100\n|-damage|p2a: Dragonite|42\/100|[from] item: Life Orb\n|move|p1a: Palafin|Drain Punch|p2a: Dragonite\n|-supereffective|p2a: Dragonite\n|-damage|p2a: Dragonite|0 fnt\n|-heal|p1a: Palafin|49\/100|[from] drain|[of] p2a: Dragonite\n|faint|p2a: Dragonite\n|\n|-weather|SunnyDay|[upkeep]\n|upkeep\n|\n|t:|1698770968\n|switch|p2a: Dragonite|Noivern, F|100\/100\n|turn|3\n|\n|t:|1698770983\n|move|p2a: Dragonite|Dragon Pulse|p1a: Palafin\n|-damage|p1a: Palafin|0 fnt\n|faint|p1a: Palafin\n|-damage|p2a: Dragonite|91\/100|[from] item: Life Orb\n|\n|-weather|SunnyDay|[upkeep]\n|upkeep\n|\n|t:|1698770990\n|switch|p1a: Regieleki|Regieleki|100\/100\n|-item|p1a: Regieleki|Air Balloon\n|turn|4\n|\n|t:|1698770995\n|move|p1a: Regieleki|Thunderbolt|p2a: Dragonite\n|-damage|p2a: Dragonite|18\/100\n|-status|p2a: Dragonite|par\n|cant|p2a: Dragonite|par\n|\n|-weather|SunnyDay|[upkeep]\n|upkeep\n|turn|5\n|\n|t:|1698771002\n|move|p1a: Regieleki|Extreme Speed|p2a: Dragonite\n|-damage|p2a: Dragonite|0 fnt\n|faint|p2a: Dragonite\n|\n|-weather|none\n|upkeep\n|\n|t:|1698771004\n|switch|p2a: Dragonite|Noivern, M|100\/100\n|turn|6\n|\n|t:|1698771010\n|move|p1a: Regieleki|Thunder Cage|p2a: Dragonite\n|-crit|p2a: Dragonite\n|-damage|p2a: Dragonite|19\/100\n|-activate|p2a: Dragonite|move: Thunder Cage|[of] p1a: Regieleki\n|move|p2a: Dragonite|Dragon Pulse|p1a: Regieleki\n|-damage|p1a: Regieleki|0 fnt\n|-enditem|p1a: Regieleki|Air Balloon\n|faint|p1a: Regieleki\n|-damage|p2a: Dragonite|9\/100|[from] item: Life Orb\n|\n|-end|p2a: Dragonite|Thunder Cage|[partiallytrapped]|[silent]\n|upkeep\n|\n|t:|1698771022\n|switch|p1a: Ursaluna|Ursaluna-Bloodmoon, M|100\/100\n|turn|7\n|\n|t:|1698771026\n|-terastallize|p1a: Ursaluna|Normal\n|move|p2a: Dragonite|Dragon Pulse|p1a: Ursaluna\n|-crit|p1a: Ursaluna\n|-damage|p1a: Ursaluna|0 fnt\n|faint|p1a: Ursaluna\n|-damage|p2a: Dragonite|0 fnt|[from] item: Life Orb\n|faint|p2a: Dragonite\n|\n|upkeep\n|\n|t:|1698771037\n|switch|p2a: Dragonite|Noivern, M|100\/100\n|switch|p1a: Ogerpon|Ogerpon-Hearthflame, F|100\/100\n|-ability|p1a: Ogerpon|Mold Breaker\n|turn|8\n|\n|t:|1698771062\n|move|p2a: Dragonite|Dragon Pulse|p1a: Ogerpon\n|-damage|p1a: Ogerpon|38\/100\n|-damage|p2a: Dragonite|91\/100|[from] item: Life Orb\n|move|p1a: Ogerpon|Play Rough|p2a: Dragonite\n|-supereffective|p2a: Dragonite\n|-damage|p2a: Dragonite|0 fnt\n|faint|p2a: Dragonite\n|\n|upkeep\n|\n|t:|1698771068\n|switch|p2a: Dragonite|Noivern, M|100\/100\n|turn|9\n|\n|t:|1698771077\n|move|p2a: Dragonite|Dragon Pulse|p1a: Ogerpon\n|-damage|p1a: Ogerpon|0 fnt\n|faint|p1a: Ogerpon\n|-damage|p2a: Dragonite|91\/100|[from] item: Life Orb\n|\n|upkeep\n|\n|t:|1698771082\n|switch|p1a: Gholdengo|Gholdengo|100\/100\n|turn|10\n|\n|t:|1698771085\n|move|p2a: Dragonite|Shadow Ball|p1a: Gholdengo\n|-supereffective|p1a: Gholdengo\n|-damage|p1a: Gholdengo|29\/100\n|-unboost|p1a: Gholdengo|spd|1\n|-damage|p2a: Dragonite|81\/100|[from] item: Life Orb\n|move|p1a: Gholdengo|Thunder Wave|p2a: Dragonite|[miss]\n|-miss|p1a: Gholdengo|p2a: Dragonite\n|\n|upkeep\n|turn|11\n|c|\u2606Matsurizzzu|Gg\n|\n|t:|1698771094\n|move|p2a: Dragonite|Shadow Ball|p1a: Gholdengo\n|-supereffective|p1a: Gholdengo\n|-damage|p1a: Gholdengo|0 fnt\n|faint|p1a: Gholdengo\n|-damage|p2a: Dragonite|71\/100|[from] item: Life Orb\n|\n|win|Matsurizzzu\n|raw|Rip_DE5TR0Y3R11's rating: 1142 &rarr; <strong>1116<\/strong><br \/>(-26 for losing)\n|raw|Matsurizzzu's rating: 1123 &rarr; <strong>1149<\/strong><br \/>(+26 for winning)\n|l|\u2606Rip_DE5TR0Y3R11\n","uploadtime":1698771102,"views":10,"p1id":"ripde5tr0y3r11","p2id":"matsurizzzu","formatid":"gen9anythinggoes","rating":1116,"private":0,"password":""}