{"id":"gen9anythinggoes-1983209368","p1":"aQuinnn","p2":"himdieu","format":"[Gen 9] Anything Goes","log":"|j|\u2606aQuinnn\n|j|\u2606himdieu\n|t:|1699105464\n|gametype|singles\n|player|p1|aQuinnn|ghetsis-gen5bw|1258\n|player|p2|himdieu|maid|1379\n|teamsize|p1|6\n|teamsize|p2|6\n|gen|9\n|tier|[Gen 9] Anything Goes\n|rated|\n|rule|HP Percentage Mod: HP is shown in percentages\n|rule|Endless Battle Clause: Forcing endless battles is banned\n|clearpoke\n|poke|p1|Eternatus|\n|poke|p1|Calyrex-Shadow|\n|poke|p1|Arceus|\n|poke|p1|Zacian-*|\n|poke|p1|Kingambit, F|\n|poke|p1|Ribombee, M|\n|poke|p2|Cyclizar, M|\n|poke|p2|Espathra, M|\n|poke|p2|Koraidon|\n|poke|p2|Miraidon|\n|poke|p2|Flutter Mane|\n|poke|p2|Dragapult, F|\n|teampreview\n|\n|t:|1699105472\n|start\n|switch|p1a: Ribombee|Ribombee, M|100\/100\n|switch|p2a: Cyclizar|Cyclizar, M|100\/100\n|-item|p1a: Ribombee|Air Balloon\n|turn|1\n|\n|t:|1699105483\n|move|p1a: Ribombee|Substitute|p1a: Ribombee\n|-start|p1a: Ribombee|Substitute\n|-damage|p1a: Ribombee|76\/100\n|move|p2a: Cyclizar|Taunt|p1a: Ribombee\n|-start|p1a: Ribombee|move: Taunt\n|\n|upkeep\n|turn|2\n|\n|t:|1699105488\n|-activate|p1a: Ribombee|move: Struggle\n|move|p1a: Ribombee|Struggle|p2a: Cyclizar\n|-damage|p2a: Cyclizar|93\/100\n|-damage|p1a: Ribombee|51\/100|[from] recoil\n|move|p2a: Cyclizar|Shed Tail|p2a: Cyclizar\n|-start|p2a: Cyclizar|Substitute|[from] move: Shed Tail\n|-damage|p2a: Cyclizar|43\/100\n|-enditem|p2a: Cyclizar|Sitrus Berry|[eat]\n|-heal|p2a: Cyclizar|68\/100|[from] item: Sitrus Berry\n|\n|t:|1699105503\n|switch|p2a: Koraidon|Koraidon|100\/100|[from] Shed Tail\n|-weather|SunnyDay|[from] ability: Orichalcum Pulse|[of] p2a: Koraidon\n|-activate|p2a: Koraidon|Orichalcum Pulse|[source]\n|\n|-weather|SunnyDay|[upkeep]\n|upkeep\n|turn|3\n|\n|t:|1699105518\n|switch|p1a: Eternatus|Eternatus|100\/100\n|-ability|p1a: Eternatus|Pressure\n|move|p2a: Koraidon|Flame Charge|p1a: Eternatus\n|-resisted|p1a: Eternatus\n|-damage|p1a: Eternatus|87\/100\n|-boost|p2a: Koraidon|spe|1\n|\n|-weather|SunnyDay|[upkeep]\n|-heal|p1a: Eternatus|93\/100|[from] item: Leftovers\n|upkeep\n|turn|4\n|\n|t:|1699105532\n|move|p2a: Koraidon|Swords Dance|p2a: Koraidon\n|-boost|p2a: Koraidon|atk|2\n|move|p1a: Eternatus|Dynamax Cannon|p2a: Koraidon\n|-supereffective|p2a: Koraidon\n|-end|p2a: Koraidon|Substitute\n|\n|-weather|SunnyDay|[upkeep]\n|-heal|p1a: Eternatus|99\/100|[from] item: Leftovers\n|upkeep\n|turn|5\n|\n|t:|1699105541\n|-terastallize|p2a: Koraidon|Fairy\n|-terastallize|p1a: Eternatus|Water\n|move|p2a: Koraidon|Swords Dance|p2a: Koraidon\n|-boost|p2a: Koraidon|atk|2\n|move|p1a: Eternatus|Dynamax Cannon|p2a: Koraidon\n|-immune|p2a: Koraidon\n|\n|-weather|SunnyDay|[upkeep]\n|-heal|p1a: Eternatus|100\/100|[from] item: Leftovers\n|upkeep\n|turn|6\n|\n|t:|1699105550\n|move|p2a: Koraidon|Collision Course|p1a: Eternatus\n|-damage|p1a: Eternatus|0 fnt\n|faint|p1a: Eternatus\n|\n|-weather|SunnyDay|[upkeep]\n|upkeep\n|\n|t:|1699105557\n|switch|p1a: Ribombee|Ribombee, M|51\/100\n|-item|p1a: Ribombee|Air Balloon\n|turn|7\n|\n|t:|1699105562\n|move|p2a: Koraidon|Flame Charge|p1a: Ribombee\n|-supereffective|p1a: Ribombee\n|-damage|p1a: Ribombee|0 fnt\n|-boost|p2a: Koraidon|spe|1\n|-enditem|p1a: Ribombee|Air Balloon\n|faint|p1a: Ribombee\n|\n|-weather|SunnyDay|[upkeep]\n|upkeep\n|\n|t:|1699105573\n|switch|p1a: Calyrex|Calyrex-Shadow|100\/100\n|-ability|p1a: Calyrex|As One\n|-ability|p1a: Calyrex|Unnerve\n|turn|8\n|\n|t:|1699105578\n|move|p2a: Koraidon|Dragon Claw|p1a: Calyrex\n|-damage|p1a: Calyrex|0 fnt\n|faint|p1a: Calyrex\n|\n|-weather|SunnyDay|[upkeep]\n|upkeep\n|\n|t:|1699105583\n|switch|p1a: Arceus|Arceus|100\/100\n|turn|9\n|\n|t:|1699105587\n|move|p2a: Koraidon|Collision Course|p1a: Arceus\n|-supereffective|p1a: Arceus\n|-damage|p1a: Arceus|0 fnt\n|faint|p1a: Arceus\n|\n|-weather|none\n|upkeep\n|\n|t:|1699105594\n|switch|p1a: Kingambit|Kingambit, F|100\/100\n|-activate|p1a: Kingambit|ability: Supreme Overlord\n|-start|p1a: Kingambit|fallen4|[silent]\n|turn|10\n|\n|t:|1699105598\n|move|p1a: Kingambit|Sucker Punch|p2a: Koraidon\n|-resisted|p2a: Koraidon\n|-damage|p2a: Koraidon|74\/100\n|move|p2a: Koraidon|Collision Course|p1a: Kingambit\n|-supereffective|p1a: Kingambit\n|-enditem|p1a: Kingambit|Focus Sash\n|-damage|p1a: Kingambit|1\/100\n|\n|upkeep\n|turn|11\n|\n|t:|1699105606\n|-end|p1a: Kingambit|fallen4|[silent]\n|switch|p1a: Zacian|Zacian-Crowned|100\/100\n|-ability|p1a: Zacian|Intrepid Sword|boost\n|-boost|p1a: Zacian|atk|1\n|move|p2a: Koraidon|Flame Charge|p1a: Zacian\n|-supereffective|p1a: Zacian\n|-damage|p1a: Zacian|17\/100\n|-boost|p2a: Koraidon|spe|1\n|\n|upkeep\n|turn|12\n|\n|t:|1699105614\n|move|p2a: Koraidon|Flame Charge|p1a: Zacian\n|-supereffective|p1a: Zacian\n|-damage|p1a: Zacian|0 fnt\n|-boost|p2a: Koraidon|spe|1\n|faint|p1a: Zacian\n|\n|upkeep\n|\n|t:|1699105621\n|switch|p1a: Kingambit|Kingambit, F|1\/100\n|-activate|p1a: Kingambit|ability: Supreme Overlord\n|-start|p1a: Kingambit|fallen5|[silent]\n|turn|13\n|\n|t:|1699105629\n|move|p1a: Kingambit|Sucker Punch|p2a: Koraidon\n|-resisted|p2a: Koraidon\n|-damage|p2a: Koraidon|47\/100\n|move|p2a: Koraidon|Flame Charge|p1a: Kingambit\n|-supereffective|p1a: Kingambit\n|-damage|p1a: Kingambit|0 fnt\n|-boost|p2a: Koraidon|spe|1\n|faint|p1a: Kingambit\n|-end|p1a: Kingambit|fallen5|[silent]\n|\n|win|himdieu\n|raw|aQuinnn's rating: 1258 &rarr; <strong>1241<\/strong><br \/>(-17 for losing)\n|raw|himdieu's rating: 1379 &rarr; <strong>1392<\/strong><br \/>(+13 for winning)\n|c|\u2606himdieu|gg\n|l|\u2606aQuinnn\n","uploadtime":1699105641,"views":8,"p1id":"aquinnn","p2id":"himdieu","formatid":"gen9anythinggoes","rating":1241,"private":0,"password":""}