{"id":"gen9anythinggoes-1982769672","p1":"TanPadeusz","p2":"NiszczycielJaj1","format":"[Gen 9] Anything Goes","log":"|j|\u2606TanPadeusz\n|j|\u2606NiszczycielJaj1\n|t:|1699043173\n|gametype|singles\n|player|p1|TanPadeusz|giovanni|\n|player|p2|NiszczycielJaj1|gentleman-gen4|\n|teamsize|p1|6\n|teamsize|p2|6\n|gen|9\n|tier|[Gen 9] Anything Goes\n|rule|HP Percentage Mod: HP is shown in percentages\n|rule|Endless Battle Clause: Forcing endless battles is banned\n|clearpoke\n|poke|p1|Gallade, M|\n|poke|p1|Tinkaton, F|\n|poke|p1|Toxapex, M|\n|poke|p1|Gliscor, M|\n|poke|p1|Zoroark-Hisui, M|\n|poke|p1|Hydreigon, M|\n|poke|p2|Zapdos|\n|poke|p2|Slowbro-Galar, M|\n|poke|p2|Heracross, M|\n|poke|p2|Sylveon, M|\n|poke|p2|Kingambit, F|\n|poke|p2|Garchomp, F|\n|teampreview\n|\n|t:|1699043183\n|start\n|switch|p1a: Toxapex|Toxapex, M|100\/100\n|switch|p2a: Garchomp|Garchomp, F|100\/100\n|turn|1\n|\n|t:|1699043197\n|move|p2a: Garchomp|Earthquake|p1a: Toxapex\n|-supereffective|p1a: Toxapex\n|-damage|p1a: Toxapex|22\/100\n|move|p1a: Toxapex|Toxic|p2a: Garchomp\n|-status|p2a: Garchomp|tox\n|\n|-heal|p1a: Toxapex|28\/100|[from] item: Black Sludge\n|-damage|p2a: Garchomp|94\/100 tox|[from] psn\n|upkeep\n|turn|2\n|\n|t:|1699043206\n|move|p1a: Toxapex|Baneful Bunker|p1a: Toxapex\n|-singleturn|p1a: Toxapex|move: Protect\n|move|p2a: Garchomp|Dragon Claw|p1a: Toxapex\n|-activate|p1a: Toxapex|move: Protect\n|\n|-heal|p1a: Toxapex|34\/100|[from] item: Black Sludge\n|-damage|p2a: Garchomp|82\/100 tox|[from] psn\n|upkeep\n|turn|3\n|\n|t:|1699043225\n|switch|p1a: Gliscor|Gliscor, M|100\/100\n|move|p2a: Garchomp|Swords Dance|p2a: Garchomp\n|-boost|p2a: Garchomp|atk|2\n|\n|-damage|p2a: Garchomp|64\/100 tox|[from] psn\n|-status|p1a: Gliscor|tox|[from] item: Toxic Orb\n|upkeep\n|turn|4\n|\n|t:|1699043236\n|move|p2a: Garchomp|Fire Fang|p1a: Gliscor\n|-damage|p1a: Gliscor|52\/100 tox\n|move|p1a: Gliscor|Dual Wingbeat|p2a: Garchomp\n|-damage|p2a: Garchomp|48\/100 tox\n|-damage|p1a: Gliscor|40\/100 tox|[from] ability: Rough Skin|[of] p2a: Garchomp\n|-damage|p1a: Gliscor|23\/100 tox|[from] item: Rocky Helmet|[of] p2a: Garchomp\n|-damage|p2a: Garchomp|32\/100 tox\n|-damage|p1a: Gliscor|11\/100 tox|[from] ability: Rough Skin|[of] p2a: Garchomp\n|-damage|p1a: Gliscor|0 fnt|[from] item: Rocky Helmet|[of] p2a: Garchomp\n|faint|p1a: Gliscor\n|-hitcount|p2a: Garchomp|2\n|\n|-damage|p2a: Garchomp|8\/100 tox|[from] psn\n|upkeep\n|\n|t:|1699043253\n|switch|p1a: Toxapex|Toxapex, M|67\/100\n|turn|5\n|\n|t:|1699043256\n|move|p1a: Toxapex|Baneful Bunker|p1a: Toxapex\n|-singleturn|p1a: Toxapex|move: Protect\n|move|p2a: Garchomp|Earthquake|p1a: Toxapex\n|-activate|p1a: Toxapex|move: Protect\n|\n|-heal|p1a: Toxapex|74\/100|[from] item: Black Sludge\n|-damage|p2a: Garchomp|0 fnt|[from] psn\n|faint|p2a: Garchomp\n|upkeep\n|\n|t:|1699043271\n|switch|p2a: Zapdos|Zapdos|100\/100\n|turn|6\n|\n|t:|1699043296\n|switch|p1a: Hydreigon|Hydreigon, M|100\/100\n|move|p2a: Zapdos|Wild Charge|p1a: Hydreigon\n|-resisted|p1a: Hydreigon\n|-damage|p1a: Hydreigon|74\/100\n|-damage|p2a: Zapdos|94\/100|[from] Recoil\n|-damage|p2a: Zapdos|84\/100|[from] item: Life Orb\n|\n|upkeep\n|turn|7\n|\n|t:|1699043309\n|move|p2a: Zapdos|Rest|p2a: Zapdos\n|-status|p2a: Zapdos|slp|[from] move: Rest\n|-heal|p2a: Zapdos|100\/100 slp|[silent]\n|move|p1a: Hydreigon|Dragon Dance|p1a: Hydreigon\n|-boost|p1a: Hydreigon|atk|1\n|-boost|p1a: Hydreigon|spe|1\n|\n|upkeep\n|turn|8\n|\n|t:|1699043316\n|move|p1a: Hydreigon|Dragon Dance|p1a: Hydreigon\n|-boost|p1a: Hydreigon|atk|1\n|-boost|p1a: Hydreigon|spe|1\n|cant|p2a: Zapdos|slp\n|\n|upkeep\n|turn|9\n|\n|t:|1699043322\n|move|p1a: Hydreigon|Dragon Dance|p1a: Hydreigon\n|-boost|p1a: Hydreigon|atk|1\n|-boost|p1a: Hydreigon|spe|1\n|cant|p2a: Zapdos|slp\n|\n|upkeep\n|turn|10\n|\n|t:|1699043330\n|move|p1a: Hydreigon|Crunch|p2a: Zapdos\n|-damage|p2a: Zapdos|0 fnt\n|faint|p2a: Zapdos\n|\n|upkeep\n|\n|t:|1699043343\n|switch|p2a: Slowbro|Slowbro-Galar, M|100\/100\n|turn|11\n|\n|t:|1699043348\n|move|p1a: Hydreigon|Earthquake|p2a: Slowbro\n|-supereffective|p2a: Slowbro\n|-damage|p2a: Slowbro|0 fnt\n|faint|p2a: Slowbro\n|\n|upkeep\n|\n|t:|1699043354\n|switch|p2a: Miko\u0142aj|Sylveon, M|100\/100\n|turn|12\n|\n|t:|1699043363\n|move|p1a: Hydreigon|Earthquake|p2a: Miko\u0142aj\n|-damage|p2a: Miko\u0142aj|2\/100\n|move|p2a: Miko\u0142aj|Psychic|p1a: Hydreigon\n|-immune|p1a: Hydreigon\n|\n|upkeep\n|turn|13\n|\n|t:|1699043369\n|move|p1a: Hydreigon|Earthquake|p2a: Miko\u0142aj\n|-damage|p2a: Miko\u0142aj|0 fnt\n|faint|p2a: Miko\u0142aj\n|\n|upkeep\n|\n|t:|1699043373\n|switch|p2a: Moxr34|Heracross, M|100\/100\n|turn|14\n|\n|t:|1699043381\n|move|p2a: Moxr34|Megahorn|p1a: Hydreigon\n|-supereffective|p1a: Hydreigon\n|-damage|p1a: Hydreigon|0 fnt\n|faint|p1a: Hydreigon\n|-ability|p2a: Moxr34|Moxie|boost\n|-boost|p2a: Moxr34|atk|1\n|\n|upkeep\n|\n|t:|1699043387\n|switch|p1a: Toxapex|Toxapex, M|100\/100\n|turn|15\n|\n|t:|1699043393\n|move|p2a: Moxr34|Megahorn|p1a: Toxapex\n|-resisted|p1a: Toxapex\n|-damage|p1a: Toxapex|70\/100\n|move|p1a: Toxapex|Toxic|p2a: Moxr34\n|-status|p2a: Moxr34|tox\n|\n|-heal|p1a: Toxapex|77\/100|[from] item: Black Sludge\n|-damage|p2a: Moxr34|95\/100 tox|[from] psn\n|upkeep\n|turn|16\n|\n|t:|1699043405\n|move|p2a: Moxr34|Earthquake|p1a: Toxapex\n|-supereffective|p1a: Toxapex\n|-damage|p1a: Toxapex|8\/100\n|move|p1a: Toxapex|Toxic Spikes|p2a: Moxr34\n|-sidestart|p2: NiszczycielJaj1|move: Toxic Spikes\n|\n|-heal|p2a: Moxr34|100\/100 tox|[from] item: Leftovers\n|-heal|p1a: Toxapex|14\/100|[from] item: Black Sludge\n|-damage|p2a: Moxr34|89\/100 tox|[from] psn\n|upkeep\n|turn|17\n|\n|t:|1699043413\n|move|p1a: Toxapex|Baneful Bunker|p1a: Toxapex\n|-singleturn|p1a: Toxapex|move: Protect\n|move|p2a: Moxr34|Close Combat|p1a: Toxapex\n|-activate|p1a: Toxapex|move: Protect\n|\n|-heal|p2a: Moxr34|95\/100 tox|[from] item: Leftovers\n|-heal|p1a: Toxapex|20\/100|[from] item: Black Sludge\n|-damage|p2a: Moxr34|77\/100 tox|[from] psn\n|upkeep\n|turn|18\n|\n|t:|1699043436\n|switch|p1a: Gallade|Gallade, M|100\/100\n|move|p2a: Moxr34|Close Combat|p1a: Gallade\n|-resisted|p1a: Gallade\n|-damage|p1a: Gallade|27\/100\n|-unboost|p2a: Moxr34|def|1\n|-unboost|p2a: Moxr34|spd|1\n|\n|-heal|p2a: Moxr34|83\/100 tox|[from] item: Leftovers\n|-damage|p2a: Moxr34|59\/100 tox|[from] psn\n|upkeep\n|turn|19\n|\n|t:|1699043449\n|switch|p1a: Toxapex|Toxapex, M|53\/100\n|move|p2a: Moxr34|Earthquake|p1a: Toxapex\n|-supereffective|p1a: Toxapex\n|-damage|p1a: Toxapex|0 fnt\n|faint|p1a: Toxapex\n|-ability|p2a: Moxr34|Moxie|boost\n|-boost|p2a: Moxr34|atk|1\n|\n|-heal|p2a: Moxr34|65\/100 tox|[from] item: Leftovers\n|-damage|p2a: Moxr34|35\/100 tox|[from] psn\n|upkeep\n|\n|t:|1699043461\n|switch|p1a: Gallade|Gallade, M|100\/100\n|turn|20\n|\n|t:|1699043470\n|move|p2a: Moxr34|Protect|p2a: Moxr34\n|-singleturn|p2a: Moxr34|Protect\n|move|p1a: Gallade|Agility|p1a: Gallade\n|-boost|p1a: Gallade|spe|2\n|\n|-heal|p2a: Moxr34|41\/100 tox|[from] item: Leftovers\n|-damage|p2a: Moxr34|5\/100 tox|[from] psn\n|upkeep\n|turn|21\n|\n|t:|1699043478\n|move|p1a: Gallade|Calm Mind|p1a: Gallade\n|-boost|p1a: Gallade|spa|1\n|-boost|p1a: Gallade|spd|1\n|move|p2a: Moxr34|Earthquake|p1a: Gallade\n|-damage|p1a: Gallade|0 fnt\n|replace|p1a: Zoroark|Zoroark-Hisui, M\n|-end|p1a: Zoroark|Illusion\n|faint|p1a: Zoroark\n|-ability|p2a: Moxr34|Moxie|boost\n|-boost|p2a: Moxr34|atk|1\n|\n|-heal|p2a: Moxr34|11\/100 tox|[from] item: Leftovers\n|-damage|p2a: Moxr34|0 fnt|[from] psn\n|faint|p2a: Moxr34\n|upkeep\n|\n|t:|1699043492\n|switch|p1a: Tinkaton|Tinkaton, F|100\/100\n|switch|p2a: Kingambit|Kingambit, F|100\/100\n|-activate|p2a: Kingambit|ability: Supreme Overlord\n|-start|p2a: Kingambit|fallen5|[silent]\n|turn|22\n|\n|t:|1699043503\n|move|p1a: Tinkaton|Play Rough|p2a: Kingambit\n|-damage|p2a: Kingambit|72\/100\n|move|p2a: Kingambit|Poison Jab|p1a: Tinkaton\n|-immune|p1a: Tinkaton\n|\n|upkeep\n|turn|23\n|\n|t:|1699043510\n|move|p1a: Tinkaton|Swords Dance|p1a: Tinkaton\n|-boost|p1a: Tinkaton|atk|2\n|move|p2a: Kingambit|Kowtow Cleave|p1a: Tinkaton\n|-resisted|p1a: Tinkaton\n|-damage|p1a: Tinkaton|60\/100\n|\n|upkeep\n|turn|24\n|\n|t:|1699043516\n|move|p1a: Tinkaton|Play Rough|p2a: Kingambit\n|-damage|p2a: Kingambit|23\/100\n|move|p2a: Kingambit|Kowtow Cleave|p1a: Tinkaton\n|-resisted|p1a: Tinkaton\n|-damage|p1a: Tinkaton|12\/100\n|\n|upkeep\n|turn|25\n|\n|t:|1699043524\n|move|p1a: Tinkaton|Play Rough|p2a: Kingambit\n|-damage|p2a: Kingambit|0 fnt\n|faint|p2a: Kingambit\n|-end|p2a: Kingambit|fallen5|[silent]\n|\n|win|TanPadeusz\n","uploadtime":1699043541,"views":8,"p1id":"tanpadeusz","p2id":"niszczycieljaj1","formatid":"gen9anythinggoes","rating":0,"private":0,"password":""}