{"id":"gen9anythinggoes-1980735057","p1":"Xtremebiom","p2":"SoraCasburn12","format":"[Gen 9] Anything Goes","log":"|j|\u2606Xtremebiom\n|j|\u2606SoraCasburn12\n|t:|1698822233\n|gametype|singles\n|player|p1|Xtremebiom|ninjaboy|1134\n|player|p2|SoraCasburn12|gardenia|1011\n|teamsize|p1|6\n|teamsize|p2|6\n|gen|9\n|tier|[Gen 9] Anything Goes\n|rated|\n|rule|HP Percentage Mod: HP is shown in percentages\n|rule|Endless Battle Clause: Forcing endless battles is banned\n|clearpoke\n|poke|p1|Gyarados, F|\n|poke|p1|Blissey, F|\n|poke|p1|Hoopa-Unbound|\n|poke|p1|Cinderace, M|\n|poke|p1|Gholdengo|\n|poke|p1|Maushold-Four|\n|poke|p2|Ampharos, F|\n|poke|p2|Floatzel, M|\n|poke|p2|Cyclizar, F|\n|poke|p2|Tinkaton, F|\n|poke|p2|Electrode|\n|poke|p2|Politoed, M|\n|teampreview\n|\n|t:|1698822237\n|start\n|switch|p1a: Blissey|Blissey, F|100\/100\n|switch|p2a: Sugar Rush|Cyclizar, F|100\/100\n|turn|1\n|\n|t:|1698822241\n|move|p2a: Sugar Rush|Taunt|p1a: Blissey\n|-start|p1a: Blissey|move: Taunt\n|cant|p1a: Blissey|move: Taunt|Stealth Rock\n|\n|upkeep\n|turn|2\n|\n|t:|1698822248\n|switch|p1a: Gyarados|Gyarados, F|100\/100\n|move|p2a: Sugar Rush|Shift Gear|p2a: Sugar Rush\n|-boost|p2a: Sugar Rush|spe|2\n|-boost|p2a: Sugar Rush|atk|1\n|\n|upkeep\n|turn|3\n|\n|t:|1698822259\n|move|p2a: Sugar Rush|Bite|p1a: Gyarados\n|-damage|p1a: Gyarados|75\/100\n|cant|p1a: Gyarados|flinch\n|\n|upkeep\n|turn|4\n|\n|t:|1698822266\n|move|p2a: Sugar Rush|Breaking Swipe|p1a: Gyarados\n|-damage|p1a: Gyarados|38\/100\n|-unboost|p1a: Gyarados|atk|1\n|move|p1a: Gyarados|Outrage|p2a: Sugar Rush\n|-supereffective|p2a: Sugar Rush\n|-damage|p2a: Sugar Rush|14\/100\n|\n|upkeep\n|turn|5\n|\n|t:|1698822273\n|move|p2a: Sugar Rush|Breaking Swipe|p1a: Gyarados\n|-damage|p1a: Gyarados|0 fnt\n|faint|p1a: Gyarados\n|\n|upkeep\n|\n|t:|1698822285\n|switch|p1a: Maushold|Maushold-Four|100\/100\n|turn|6\n|\n|t:|1698822288\n|move|p2a: Sugar Rush|Taunt|p1a: Maushold\n|-start|p1a: Maushold|move: Taunt\n|move|p1a: Maushold|Population Bomb|p2a: Sugar Rush\n|-damage|p2a: Sugar Rush|0 fnt\n|faint|p2a: Sugar Rush\n|-hitcount|p2: Sugar Rush|1\n|\n|upkeep\n|\n|t:|1698822295\n|switch|p2a: Bonnie|Tinkaton, F|100\/100\n|turn|7\n|\n|t:|1698822299\n|move|p1a: Maushold|Grass Knot|p2a: Bonnie\n|-resisted|p2a: Bonnie\n|-damage|p2a: Bonnie|91\/100\n|move|p2a: Bonnie|Rock Smash|p1a: Maushold\n|-supereffective|p1a: Maushold\n|-damage|p1a: Maushold|65\/100\n|\n|-heal|p2a: Bonnie|97\/100|[from] item: Leftovers\n|upkeep\n|turn|8\n|\n|t:|1698822308\n|switch|p1a: Blissey|Blissey, F|100\/100\n|-terastallize|p2a: Bonnie|Steel\n|move|p2a: Bonnie|Rock Smash|p1a: Blissey\n|-supereffective|p1a: Blissey\n|-damage|p1a: Blissey|56\/100\n|\n|-heal|p2a: Bonnie|100\/100|[from] item: Leftovers\n|-heal|p1a: Blissey|62\/100|[from] item: Leftovers\n|upkeep\n|turn|9\n|\n|t:|1698822317\n|move|p2a: Bonnie|Gigaton Hammer|p1a: Blissey\n|-damage|p1a: Blissey|0 fnt\n|faint|p1a: Blissey\n|\n|upkeep\n|\n|t:|1698822320\n|switch|p1a: Cinderace|Cinderace, M|100\/100\n|turn|10\n|\n|t:|1698822323\n|switch|p2a: Sid|Politoed, M|100\/100\n|-weather|RainDance|[from] ability: Drizzle|[of] p2a: Sid\n|move|p1a: Cinderace|Pyro Ball|p2a: Sid\n|-resisted|p2a: Sid\n|-damage|p2a: Sid|83\/100\n|\n|-weather|RainDance|[upkeep]\n|upkeep\n|turn|11\n|\n|t:|1698822332\n|switch|p1a: Maushold|Maushold-Four|65\/100\n|move|p2a: Sid|Hydro Pump|p1a: Maushold\n|-damage|p1a: Maushold|0 fnt\n|faint|p1a: Maushold\n|\n|-weather|RainDance|[upkeep]\n|upkeep\n|\n|t:|1698822344\n|switch|p1a: Hoopa|Hoopa-Unbound|100\/100\n|turn|12\n|\n|t:|1698822350\n|move|p1a: Hoopa|Zen Headbutt|p2a: Sid\n|-damage|p2a: Sid|28\/100\n|move|p2a: Sid|Blizzard|p1a: Hoopa\n|-damage|p1a: Hoopa|70\/100\n|\n|-weather|RainDance|[upkeep]\n|upkeep\n|turn|13\n|\n|t:|1698822356\n|move|p1a: Hoopa|Zen Headbutt|p2a: Sid\n|-damage|p2a: Sid|0 fnt\n|faint|p2a: Sid\n|\n|-weather|RainDance|[upkeep]\n|upkeep\n|\n|t:|1698822361\n|switch|p2a: Sergeant|Floatzel, M|100\/100\n|turn|14\n|\n|t:|1698822365\n|move|p2a: Sergeant|Liquidation|p1a: Hoopa\n|-damage|p1a: Hoopa|0 fnt\n|faint|p1a: Hoopa\n|\n|-weather|none\n|upkeep\n|\n|t:|1698822369\n|switch|p1a: Gholdengo|Gholdengo|100\/100\n|turn|15\n|\n|t:|1698822373\n|move|p2a: Sergeant|Wave Crash|p1a: Gholdengo\n|-damage|p1a: Gholdengo|39\/100\n|-damage|p2a: Sergeant|76\/100|[from] Recoil\n|move|p1a: Gholdengo|Flash Cannon|p2a: Sergeant\n|-resisted|p2a: Sergeant\n|-damage|p2a: Sergeant|20\/100\n|-damage|p1a: Gholdengo|29\/100|[from] item: Life Orb\n|\n|upkeep\n|turn|16\n|\n|t:|1698822381\n|move|p2a: Sergeant|Wave Crash|p1a: Gholdengo\n|-damage|p1a: Gholdengo|0 fnt\n|faint|p1a: Gholdengo\n|-damage|p2a: Sergeant|8\/100|[from] Recoil\n|\n|upkeep\n|\n|t:|1698822395\n|switch|p1a: Cinderace|Cinderace, M|100\/100\n|turn|17\n|\n|t:|1698822406\n|move|p2a: Sergeant|Aqua Jet|p1a: Cinderace\n|-supereffective|p1a: Cinderace\n|-damage|p1a: Cinderace|51\/100\n|move|p1a: Cinderace|Pyro Ball|p2a: Sergeant\n|-resisted|p2a: Sergeant\n|-damage|p2a: Sergeant|0 fnt\n|faint|p2a: Sergeant\n|\n|upkeep\n|\n|t:|1698822412\n|switch|p2a: Granad Eppler|Electrode|100\/100\n|turn|18\n|\n|t:|1698822418\n|move|p2a: Granad Eppler|Self-Destruct|p1a: Cinderace\n|-enditem|p2a: Granad Eppler|Normal Gem|[from] gem\n|-damage|p1a: Cinderace|0 fnt\n|faint|p2a: Granad Eppler\n|faint|p1a: Cinderace\n|\n|win|SoraCasburn12\n|raw|Xtremebiom's rating: 1134 &rarr; <strong>1101<\/strong><br \/>(-33 for losing)\n|raw|SoraCasburn12's rating: 1011 &rarr; <strong>1062<\/strong><br \/>(+51 for winning)\n|l|\u2606Xtremebiom\n|c|\u2606SoraCasburn12|boom\n","uploadtime":1698822430,"views":7,"p1id":"xtremebiom","p2id":"soracasburn12","formatid":"gen9anythinggoes","rating":1062,"private":0,"password":""}