{"id":"gen9anythinggoes-1997499980","p1":"tooosie sliders","p2":"Sansitive","format":"[Gen 9] Anything Goes","log":"|j|\u2606tooosie sliders\n|j|\u2606Sansitive\n|t:|1700816038\n|gametype|singles\n|player|p1|tooosie sliders|dawn|1084\n|player|p2|Sansitive|170|1000\n|teamsize|p1|6\n|teamsize|p2|4\n|gen|9\n|tier|[Gen 9] Anything Goes\n|rated|\n|rule|HP Percentage Mod: HP is shown in percentages\n|rule|Endless Battle Clause: Forcing endless battles is banned\n|clearpoke\n|poke|p1|Zacian-*|\n|poke|p1|Zacian-*|\n|poke|p1|Zacian-*|\n|poke|p1|Zacian-*|\n|poke|p1|Zacian-*|\n|poke|p1|Calyrex-Shadow|\n|poke|p2|Maushold-Four|\n|poke|p2|Ceruledge, F|\n|poke|p2|Dondozo, M|\n|poke|p2|Dragapult, M|\n|teampreview\n|inactive|Battle timer is ON: inactive players will automatically lose when time's up. (requested by tooosie sliders)\n|c|\u2606tooosie sliders|lol what r u gonna do with FOUR pokemons\n|c|\u2606Sansitive|best team\n|\n|t:|1700816054\n|start\n|switch|p1a: Calyrex|Calyrex-Shadow|100\/100\n|switch|p2a: Maushold|Maushold-Four|100\/100\n|-ability|p1a: Calyrex|As One\n|-ability|p1a: Calyrex|Unnerve\n|turn|1\n|\n|t:|1700816063\n|move|p1a: Calyrex|Psyshock|p2a: Maushold\n|-damage|p2a: Maushold|9\/100\n|move|p2a: Maushold|Population Bomb|p1a: Calyrex\n|-immune|p1a: Calyrex\n|\n|upkeep\n|turn|2\n|c|\u2606tooosie sliders|embarrassment\n|\n|t:|1700816073\n|-terastallize|p2a: Maushold|Normal\n|move|p1a: Calyrex|Psyshock|p2a: Maushold\n|-damage|p2a: Maushold|0 fnt\n|faint|p2a: Maushold\n|-ability|p1a: Calyrex|Grim Neigh|boost\n|-boost|p1a: Calyrex|spa|1\n|\n|upkeep\n|\n|t:|1700816081\n|switch|p2a: Ceruledge|Ceruledge, F|100\/100\n|turn|3\n|\n|t:|1700816088\n|move|p1a: Calyrex|Psyshock|p2a: Ceruledge\n|-damage|p2a: Ceruledge|0 fnt\n|faint|p2a: Ceruledge\n|-ability|p1a: Calyrex|Grim Neigh|boost\n|-boost|p1a: Calyrex|spa|1\n|\n|upkeep\n|\n|t:|1700816094\n|switch|p2a: Dragapult|Dragapult, M|100\/100\n|turn|4\n|\n|t:|1700816100\n|move|p1a: Calyrex|Psyshock|p2a: Dragapult\n|-damage|p2a: Dragapult|0 fnt\n|faint|p2a: Dragapult\n|-ability|p1a: Calyrex|Grim Neigh|boost\n|-boost|p1a: Calyrex|spa|1\n|\n|upkeep\n|c|\u2606tooosie sliders|all 1 shot\n|\n|t:|1700816106\n|switch|p2a: Dondozo|Dondozo, M|100\/100\n|turn|5\n|\n|t:|1700816112\n|move|p1a: Calyrex|Psyshock|p2a: Dondozo\n|-damage|p2a: Dondozo|51\/100\n|move|p2a: Dondozo|Earthquake|p1a: Calyrex\n|-damage|p1a: Calyrex|68\/100\n|\n|upkeep\n|turn|6\n|c|\u2606tooosie sliders|lol\n|c|\u2606tooosie sliders|you know ur dead right\n|c|\u2606Sansitive|am i?\n|c|\u2606tooosie sliders|but anyways i will do the honoraries with zacian\n|\n|t:|1700816135\n|switch|p1a: Zacian|Zacian-Crowned|100\/100\n|-ability|p1a: Zacian|Intrepid Sword|boost\n|-boost|p1a: Zacian|atk|1\n|move|p2a: Dondozo|Rest|p2a: Dondozo\n|-status|p2a: Dondozo|slp|[from] move: Rest\n|-heal|p2a: Dondozo|100\/100 slp|[silent]\n|\n|upkeep\n|turn|7\n|\n|t:|1700816144\n|move|p1a: Zacian|Play Rough|p2a: Dondozo\n|-damage|p2a: Dondozo|62\/100 slp\n|-unboost|p2a: Dondozo|atk|1\n|cant|p2a: Dondozo|slp\n|move|p2a: Dondozo|Sleep Talk|p2a: Dondozo\n|move|p2a: Dondozo|Earthquake|p1a: Zacian|[from]move: Sleep Talk\n|-supereffective|p1a: Zacian\n|-damage|p1a: Zacian|63\/100\n|\n|upkeep\n|turn|8\n|\n|t:|1700816154\n|move|p1a: Zacian|Crunch|p2a: Dondozo\n|-damage|p2a: Dondozo|40\/100 slp\n|cant|p2a: Dondozo|slp\n|move|p2a: Dondozo|Sleep Talk|p2a: Dondozo\n|move|p2a: Dondozo|Earthquake|p1a: Zacian|[from]move: Sleep Talk\n|-supereffective|p1a: Zacian\n|-damage|p1a: Zacian|27\/100\n|\n|upkeep\n|turn|9\n|c|\u2606tooosie sliders|weak\n|\n|t:|1700816167\n|move|p1a: Zacian|Play Rough|p2a: Dondozo|[miss]\n|-miss|p1a: Zacian|p2a: Dondozo\n|-curestatus|p2a: Dondozo|slp|[msg]\n|move|p2a: Dondozo|Rest|p2a: Dondozo\n|-status|p2a: Dondozo|slp|[from] move: Rest\n|-heal|p2a: Dondozo|100\/100 slp|[silent]\n|\n|upkeep\n|turn|10\n|\n|t:|1700816175\n|move|p1a: Zacian|Play Rough|p2a: Dondozo\n|-damage|p2a: Dondozo|66\/100 slp\n|-unboost|p2a: Dondozo|atk|1\n|cant|p2a: Dondozo|slp\n|move|p2a: Dondozo|Sleep Talk|p2a: Dondozo\n|move|p2a: Dondozo|Earthquake|p1a: Zacian|[from]move: Sleep Talk\n|-supereffective|p1a: Zacian\n|-damage|p1a: Zacian|0 fnt\n|faint|p1a: Zacian\n|\n|upkeep\n|c|\u2606tooosie sliders|goodbye kid\n|\n|t:|1700816181\n|switch|p1a: Calyrex|Calyrex-Shadow|68\/100\n|-ability|p1a: Calyrex|As One\n|-ability|p1a: Calyrex|Unnerve\n|turn|11\n|\n|t:|1700816191\n|move|p1a: Calyrex|Will-O-Wisp|p2a: Dondozo|[miss]\n|-miss|p1a: Calyrex|p2a: Dondozo\n|cant|p2a: Dondozo|slp\n|\n|upkeep\n|turn|12\n|\n|t:|1700816197\n|move|p1a: Calyrex|Will-O-Wisp|p2a: Dondozo|[miss]\n|-miss|p1a: Calyrex|p2a: Dondozo\n|-curestatus|p2a: Dondozo|slp|[msg]\n|move|p2a: Dondozo|Sleep Talk||[still]\n|-fail|p2a: Dondozo\n|\n|upkeep\n|turn|13\n|c|\u2606tooosie sliders|wtf\n|\n|t:|1700816204\n|move|p1a: Calyrex|Will-O-Wisp|p2a: Dondozo\n|-status|p2a: Dondozo|brn\n|move|p2a: Dondozo|Rest|p2a: Dondozo\n|-status|p2a: Dondozo|slp|[from] move: Rest\n|-heal|p2a: Dondozo|100\/100 slp|[silent]\n|\n|upkeep\n|turn|14\n|\n|t:|1700816218\n|switch|p1a: Zacian|Zacian-Crowned|100\/100\n|-ability|p1a: Zacian|Intrepid Sword|boost\n|-boost|p1a: Zacian|atk|1\n|cant|p2a: Dondozo|slp\n|move|p2a: Dondozo|Sleep Talk|p2a: Dondozo\n|move|p2a: Dondozo|Body Slam|p1a: Zacian|[from]move: Sleep Talk\n|-resisted|p1a: Zacian\n|-damage|p1a: Zacian|94\/100\n|\n|upkeep\n|turn|15\n|c|\u2606tooosie sliders|die\n|j| dameas\n|\n|t:|1700816231\n|move|p1a: Zacian|Sacred Sword|p2a: Dondozo\n|-damage|p2a: Dondozo|77\/100 slp\n|cant|p2a: Dondozo|slp\n|move|p2a: Dondozo|Sleep Talk|p2a: Dondozo\n|move|p2a: Dondozo|Earthquake|p1a: Zacian|[from]move: Sleep Talk\n|-supereffective|p1a: Zacian\n|-damage|p1a: Zacian|68\/100\n|\n|upkeep\n|turn|16\n|\n|t:|1700816240\n|move|p1a: Zacian|Behemoth Blade|p2a: Dondozo\n|-resisted|p2a: Dondozo\n|-damage|p2a: Dondozo|59\/100 slp\n|-curestatus|p2a: Dondozo|slp|[msg]\n|move|p2a: Dondozo|Sleep Talk||[still]\n|-fail|p2a: Dondozo\n|\n|upkeep\n|turn|17\n|c|\u2606tooosie sliders|fuk u dude\n|c| dameas|SALTY LEGENDARY SPAMMER LOSES TO DONDOZO\n|c|\u2606tooosie sliders|shut up\n|c|\u2606Sansitive|lol\n|\n|t:|1700816256\n|move|p1a: Zacian|Sacred Sword|p2a: Dondozo\n|-damage|p2a: Dondozo|34\/100\n|move|p2a: Dondozo|Rest|p2a: Dondozo\n|-status|p2a: Dondozo|slp|[from] move: Rest\n|-heal|p2a: Dondozo|100\/100 slp|[silent]\n|\n|upkeep\n|turn|18\n|c|\u2606tooosie sliders|i am not legendary spammer\n|c|\u2606tooosie sliders|:\/\n|c| dameas|erm......\n|c| dameas|lets count!\n|c| dameas|1\n|\n|t:|1700816271\n|move|p1a: Zacian|Sacred Sword|p2a: Dondozo\n|-damage|p2a: Dondozo|78\/100 slp\n|cant|p2a: Dondozo|slp\n|move|p2a: Dondozo|Sleep Talk|p2a: Dondozo\n|move|p2a: Dondozo|Body Slam|p1a: Zacian|[from]move: Sleep Talk\n|-resisted|p1a: Zacian\n|-damage|p1a: Zacian|63\/100\n|-status|p1a: Zacian|par\n|\n|upkeep\n|turn|19\n|c| dameas|2\n|c| dameas|3\n|c| dameas|4\n|c| dameas|5\n|c| dameas|6\n|c|\u2606tooosie sliders|sbhut up\n|c| dameas|SEEMS LIKE A LEGENDARY SPAMMER TO ME!!\n|\n|t:|1700816283\n|move|p1a: Zacian|Play Rough|p2a: Dondozo\n|-damage|p2a: Dondozo|45\/100 slp\n|cant|p2a: Dondozo|slp\n|move|p2a: Dondozo|Sleep Talk|p2a: Dondozo\n|move|p2a: Dondozo|Earthquake|p1a: Zacian|[from]move: Sleep Talk\n|-supereffective|p1a: Zacian\n|-damage|p1a: Zacian|35\/100 par\n|\n|upkeep\n|turn|20\n|c|\u2606Sansitive|fr\n|\n|t:|1700816299\n|move|p1a: Zacian|Play Rough|p2a: Dondozo\n|-damage|p2a: Dondozo|11\/100 slp\n|-enditem|p2a: Dondozo|Iapapa Berry|[eat]\n|-heal|p2a: Dondozo|44\/100 slp|[from] item: Iapapa Berry\n|-curestatus|p2a: Dondozo|slp|[msg]\n|move|p2a: Dondozo|Rest|p2a: Dondozo\n|-status|p2a: Dondozo|slp|[from] move: Rest\n|-heal|p2a: Dondozo|100\/100 slp|[silent]\n|\n|upkeep\n|turn|21\n|c|\u2606tooosie sliders|stop\n|c|\u2606tooosie sliders|using\n|c|\u2606tooosie sliders|rest\n|c|\u2606Sansitive|no\n|c|\u2606tooosie sliders|fucking spammer\n|c|\u2606Sansitive|i will never stop\n|c| dameas|chad\n|c|\u2606tooosie sliders|oh yeah i forgot\n|\n|t:|1700816324\n|switch|p1a: Zacian|Zacian-Crowned|100\/100\n|-ability|p1a: Zacian|Intrepid Sword|boost\n|-boost|p1a: Zacian|atk|1\n|cant|p2a: Dondozo|slp\n|move|p2a: Dondozo|Sleep Talk|p2a: Dondozo\n|move|p2a: Dondozo|Rest||[from]move: Sleep Talk|[still]\n|-fail|p2a: Dondozo\n|\n|upkeep\n|turn|22\n|c|\u2606Sansitive|you can't stop me\n|c|\u2606tooosie sliders|die\n|\n|t:|1700816336\n|move|p1a: Zacian|Wild Charge|p2a: Dondozo\n|-supereffective|p2a: Dondozo\n|-damage|p2a: Dondozo|53\/100 slp\n|-damage|p1a: Zacian|84\/100|[from] Recoil\n|cant|p2a: Dondozo|slp\n|move|p2a: Dondozo|Sleep Talk|p2a: Dondozo\n|move|p2a: Dondozo|Rest||[from]move: Sleep Talk|[still]\n|-fail|p2a: Dondozo\n|\n|upkeep\n|turn|23\n|c|\u2606tooosie sliders|ONLY 47\n|c|\u2606tooosie sliders|WOW\n|\n|t:|1700816350\n|move|p1a: Zacian|Wild Charge|p2a: Dondozo\n|-supereffective|p2a: Dondozo\n|-damage|p2a: Dondozo|7\/100 slp\n|-damage|p1a: Zacian|68\/100|[from] Recoil\n|-curestatus|p2a: Dondozo|slp|[msg]\n|move|p2a: Dondozo|Rest|p2a: Dondozo\n|-status|p2a: Dondozo|slp|[from] move: Rest\n|-heal|p2a: Dondozo|100\/100 slp|[silent]\n|\n|upkeep\n|turn|24\n|c|\u2606tooosie sliders|...\n|c|\u2606tooosie sliders|stop\n|c|\u2606tooosie sliders|using\n|c|\u2606tooosie sliders|REST\n|c|\u2606Sansitive|i won't\n|inactive|tooosie sliders has 120 seconds left.\n|c|\u2606Sansitive|give up\n|c|\u2606Sansitive|or lose\n|c|\u2606tooosie sliders|no\n|\n|t:|1700816381\n|move|p1a: Zacian|Wild Charge|p2a: Dondozo\n|-supereffective|p2a: Dondozo\n|-damage|p2a: Dondozo|51\/100 slp\n|-damage|p1a: Zacian|52\/100|[from] Recoil\n|cant|p2a: Dondozo|slp\n|move|p2a: Dondozo|Sleep Talk|p2a: Dondozo\n|move|p2a: Dondozo|Earthquake|p1a: Zacian|[from]move: Sleep Talk\n|-supereffective|p1a: Zacian\n|-crit|p1a: Zacian\n|-damage|p1a: Zacian|0 fnt\n|faint|p1a: Zacian\n|\n|upkeep\n|c|\u2606tooosie sliders|BRO\n|c|\u2606tooosie sliders|I HATE YOU\n|\n|t:|1700816394\n|switch|p1a: Zacian|Zacian-Crowned|35\/100 par\n|turn|25\n|c|\u2606Sansitive|lol\n|c|\u2606tooosie sliders|please crit\n|\n|t:|1700816402\n|cant|p1a: Zacian|par\n|cant|p2a: Dondozo|slp\n|move|p2a: Dondozo|Sleep Talk|p2a: Dondozo\n|move|p2a: Dondozo|Body Slam|p1a: Zacian|[from]move: Sleep Talk\n|-resisted|p1a: Zacian\n|-damage|p1a: Zacian|29\/100 par\n|\n|upkeep\n|turn|26\n|j|@aQrator\n|n|\u203dtooosie sliders|tooosiesliders\n|c|@aQrator|\/log tooosie sliders was locked from talking by aQrator. (Battle harassment)\n|l|@aQrator\n|inactive|tooosie sliders has 120 seconds left.\n|c| dameas|nooo\n|\n|t:|1700816420\n|switch|p1a: Calyrex|Calyrex-Shadow|68\/100\n|-ability|p1a: Calyrex|As One\n|-ability|p1a: Calyrex|Unnerve\n|-curestatus|p2a: Dondozo|slp|[msg]\n|move|p2a: Dondozo|Rest|p2a: Dondozo\n|-status|p2a: Dondozo|slp|[from] move: Rest\n|-heal|p2a: Dondozo|100\/100 slp|[silent]\n|\n|upkeep\n|turn|27\n|c| dameas|free my boy!\n|\n|t:|1700816434\n|move|p1a: Calyrex|Astral Barrage|p2a: Dondozo\n|-damage|p2a: Dondozo|0 fnt\n|faint|p2a: Dondozo\n|\n|win|tooosie sliders\n|raw|tooosie sliders's rating: 1084 &rarr; <strong>1105<\/strong><br \/>(+21 for winning)\n|raw|Sansitive's rating: 1000 &rarr; <strong>1000<\/strong><br \/>(+0 for losing)\n","uploadtime":1700816244,"views":0,"p1id":"tooosiesliders","p2id":"sansitive","formatid":"gen9anythinggoes","rating":1000,"private":0,"password":""}