{"id":"gen9anythinggoes-1996244218","p1":"RuneStone_hi","p2":"Very_epikname1987","format":"[Gen 9] Anything Goes","log":"|j|\u2606RuneStone_hi\n|j|\u2606Very_epikname1987\n|t:|1700663351\n|gametype|singles\n|player|p1|RuneStone_hi|colress|1100\n|player|p2|Very_epikname1987|will|1071\n|teamsize|p1|6\n|teamsize|p2|6\n|gen|9\n|tier|[Gen 9] Anything Goes\n|rated|\n|rule|HP Percentage Mod: HP is shown in percentages\n|rule|Endless Battle Clause: Forcing endless battles is banned\n|clearpoke\n|poke|p1|Zacian-*|\n|poke|p1|Dragapult, M|\n|poke|p1|Greninja-*, M|\n|poke|p1|Zapdos|\n|poke|p1|Quagsire, M|\n|poke|p1|Kingambit, M|\n|poke|p2|Ogerpon-Hearthflame, F|\n|poke|p2|Ogerpon, F|\n|poke|p2|Ogerpon-Cornerstone, F|\n|poke|p2|Ogerpon-Wellspring, F|\n|poke|p2|Calyrex-Shadow|\n|poke|p2|Brambleghast, F|\n|teampreview\n|\n|t:|1700663365\n|start\n|switch|p1a: Greninja|Greninja, M|100\/100\n|switch|p2a: Brambler|Brambleghast, F|100\/100\n|turn|1\n|\n|t:|1700663382\n|move|p1a: Greninja|Spikes|p2a: Brambler\n|-sidestart|p2: Very_epikname1987|Spikes\n|move|p2a: Brambler|Curse|p1a: Greninja\n|-start|p1a: Greninja|Curse|[of] p2a: Brambler\n|-damage|p2a: Brambler|50\/100\n|\n|-damage|p1a: Greninja|76\/100|[from] Curse\n|upkeep\n|turn|2\n|\n|t:|1700663392\n|move|p1a: Greninja|Toxic Spikes|p2a: Brambler\n|-sidestart|p2: Very_epikname1987|move: Toxic Spikes\n|move|p2a: Brambler|Giga Drain|p1a: Greninja\n|-supereffective|p1a: Greninja\n|-damage|p1a: Greninja|17\/100\n|-heal|p2a: Brambler|88\/100|[from] drain|[of] p1a: Greninja\n|\n|-damage|p1a: Greninja|0 fnt|[from] Curse\n|faint|p1a: Greninja\n|upkeep\n|\n|t:|1700663407\n|switch|p1a: Zapdos|Zapdos|100\/100\n|turn|3\n|\n|t:|1700663418\n|move|p1a: Zapdos|Heat Wave|p2a: Brambler\n|-ability|p2a: Brambler|Wind Rider|boost\n|-boost|p2a: Brambler|atk|1\n|move|p2a: Brambler|Curse|p1a: Zapdos\n|-start|p1a: Zapdos|Curse|[of] p2a: Brambler\n|-damage|p2a: Brambler|38\/100\n|\n|-damage|p1a: Zapdos|76\/100|[from] Curse\n|upkeep\n|turn|4\n|\n|t:|1700663429\n|move|p1a: Zapdos|Hurricane|p2a: Brambler\n|-ability|p2a: Brambler|Wind Rider|boost\n|-boost|p2a: Brambler|atk|1\n|move|p2a: Brambler|Giga Drain|p1a: Zapdos\n|-resisted|p1a: Zapdos\n|-damage|p1a: Zapdos|64\/100\n|-heal|p2a: Brambler|45\/100|[from] drain|[of] p1a: Zapdos\n|\n|-heal|p1a: Zapdos|70\/100|[from] item: Leftovers\n|-damage|p1a: Zapdos|45\/100|[from] Curse\n|upkeep\n|turn|5\n|\n|t:|1700663441\n|move|p1a: Zapdos|Zap Cannon|p2a: Brambler|[miss]\n|-miss|p1a: Zapdos|p2a: Brambler\n|move|p2a: Brambler|Leech Seed|p1a: Zapdos\n|-start|p1a: Zapdos|move: Leech Seed\n|\n|-heal|p1a: Zapdos|51\/100|[from] item: Leftovers\n|-damage|p1a: Zapdos|39\/100|[from] Leech Seed|[of] p2a: Brambler\n|-heal|p2a: Brambler|60\/100|[silent]\n|-damage|p1a: Zapdos|14\/100|[from] Curse\n|upkeep\n|turn|6\n|\n|t:|1700663451\n|move|p1a: Zapdos|Zap Cannon|p2a: Brambler\n|-resisted|p2a: Brambler\n|-damage|p2a: Brambler|10\/100\n|-status|p2a: Brambler|par\n|move|p2a: Brambler|Giga Drain|p1a: Zapdos\n|-resisted|p1a: Zapdos\n|-damage|p1a: Zapdos|2\/100\n|-heal|p2a: Brambler|18\/100 par|[from] drain|[of] p1a: Zapdos\n|\n|-heal|p1a: Zapdos|8\/100|[from] item: Leftovers\n|-damage|p1a: Zapdos|0 fnt|[from] Leech Seed|[of] p2a: Brambler\n|-heal|p2a: Brambler|26\/100 par|[silent]\n|faint|p1a: Zapdos\n|upkeep\n|\n|t:|1700663470\n|switch|p1a: Dragapult|Dragapult, M, shiny|100\/100\n|turn|7\n|\n|t:|1700663477\n|move|p1a: Dragapult|Draco Meteor|p2a: Brambler\n|-damage|p2a: Brambler|0 fnt\n|-unboost|p1a: Dragapult|spa|2\n|faint|p2a: Brambler\n|\n|upkeep\n|\n|t:|1700663484\n|switch|p2a: Death|Calyrex-Shadow|100\/100\n|-ability|p2a: Death|As One\n|-ability|p2a: Death|Unnerve\n|-damage|p2a: Death|88\/100|[from] Spikes\n|-status|p2a: Death|psn\n|turn|8\n|\n|t:|1700663507\n|move|p1a: Dragapult|Dragon Dance|p1a: Dragapult\n|-boost|p1a: Dragapult|atk|1\n|-boost|p1a: Dragapult|spe|1\n|move|p2a: Death|Astral Barrage|p1a: Dragapult\n|-supereffective|p1a: Dragapult\n|-enditem|p1a: Dragapult|Focus Sash\n|-damage|p1a: Dragapult|1\/100\n|\n|-damage|p2a: Death|76\/100 psn|[from] psn\n|upkeep\n|turn|9\n|\n|t:|1700663519\n|move|p1a: Dragapult|Baton Pass|p1a: Dragapult\n|\n|t:|1700663521\n|switch|p1a: Zacian|Zacian-Crowned|100\/100|[from] Baton Pass\n|-ability|p1a: Zacian|Intrepid Sword|boost\n|-boost|p1a: Zacian|atk|1\n|move|p2a: Death|Astral Barrage|p1a: Zacian\n|-damage|p1a: Zacian|22\/100\n|\n|-damage|p2a: Death|63\/100 psn|[from] psn\n|upkeep\n|turn|10\n|\n|t:|1700663534\n|move|p1a: Zacian|Rest|p1a: Zacian\n|-status|p1a: Zacian|slp|[from] move: Rest\n|-heal|p1a: Zacian|100\/100 slp|[silent]\n|move|p2a: Death|Astral Barrage|p1a: Zacian\n|-damage|p1a: Zacian|22\/100 slp\n|\n|-damage|p2a: Death|51\/100 psn|[from] psn\n|upkeep\n|turn|11\n|\n|t:|1700663552\n|switch|p1a: Quagsire|Quagsire, M|100\/100\n|move|p2a: Death|Astral Barrage|p1a: Quagsire\n|-damage|p1a: Quagsire|0 fnt\n|faint|p1a: Quagsire\n|-ability|p2a: Death|Grim Neigh|boost\n|-boost|p2a: Death|spa|1\n|\n|-damage|p2a: Death|38\/100 psn|[from] psn\n|upkeep\n|\n|t:|1700663564\n|switch|p1a: Dragapult|Dragapult, M, shiny|1\/100\n|turn|12\n|\n|t:|1700663569\n|move|p1a: Dragapult|Draco Meteor|p2a: Death\n|-damage|p2a: Death|0 fnt\n|-unboost|p1a: Dragapult|spa|2\n|faint|p2a: Death\n|\n|upkeep\n|\n|t:|1700663575\n|switch|p2a: Thwompon|Ogerpon-Cornerstone, F|100\/100\n|-damage|p2a: Thwompon|88\/100|[from] Spikes\n|-status|p2a: Thwompon|psn\n|turn|13\n|\n|t:|1700663582\n|move|p1a: Dragapult|Draco Meteor|p2a: Thwompon\n|-damage|p2a: Thwompon|59\/100 psn\n|-unboost|p1a: Dragapult|spa|2\n|move|p2a: Thwompon|Ivy Cudgel|p1a: Dragapult|[anim] Ivy Cudgel Rock\n|-damage|p1a: Dragapult|0 fnt\n|faint|p1a: Dragapult\n|\n|-damage|p2a: Thwompon|46\/100 psn|[from] psn\n|upkeep\n|\n|t:|1700663593\n|switch|p1a: Zacian|Zacian-Crowned|22\/100 slp\n|turn|14\n|\n|t:|1700663601\n|-terastallize|p1a: Zacian|Fighting\n|cant|p1a: Zacian|slp\n|move|p1a: Zacian|Sleep Talk|p1a: Zacian\n|move|p1a: Zacian|Sacred Sword|p2a: Thwompon|[from]move: Sleep Talk\n|-supereffective|p2a: Thwompon\n|-damage|p2a: Thwompon|0 fnt\n|faint|p2a: Thwompon\n|\n|upkeep\n|\n|t:|1700663610\n|switch|p2a: Ponyo|Ogerpon-Hearthflame, F|100\/100\n|-damage|p2a: Ponyo|88\/100|[from] Spikes\n|-status|p2a: Ponyo|psn\n|-ability|p2a: Ponyo|Mold Breaker\n|turn|15\n|\n|t:|1700663619\n|cant|p1a: Zacian|slp\n|move|p1a: Zacian|Sleep Talk|p1a: Zacian\n|move|p1a: Zacian|Sacred Sword|p2a: Ponyo|[from]move: Sleep Talk\n|-damage|p2a: Ponyo|11\/100 psn\n|move|p2a: Ponyo|Ivy Cudgel|p1a: Zacian|[anim] Ivy Cudgel Fire\n|-damage|p1a: Zacian|0 fnt\n|faint|p1a: Zacian\n|\n|-damage|p2a: Ponyo|0 fnt|[from] psn\n|faint|p2a: Ponyo\n|upkeep\n|\n|t:|1700663633\n|switch|p1a: Kingambit|Kingambit, M|100\/100\n|switch|p2a: Waterpon|Ogerpon-Wellspring, F|100\/100\n|-damage|p2a: Waterpon|88\/100|[from] Spikes\n|-status|p2a: Waterpon|psn\n|-activate|p1a: Kingambit|ability: Supreme Overlord\n|-start|p1a: Kingambit|fallen5|[silent]\n|turn|16\n|\n|t:|1700663653\n|-terastallize|p2a: Waterpon|Water\n|detailschange|p2a: Waterpon|Ogerpon-Wellspring-Tera, F, tera:Water\n|-ability|p2a: Waterpon|Embody Aspect (Wellspring)|boost\n|-boost|p2a: Waterpon|spd|1\n|move|p2a: Waterpon|Substitute|p2a: Waterpon\n|-start|p2a: Waterpon|Substitute\n|-damage|p2a: Waterpon|63\/100 psn\n|move|p1a: Kingambit|Iron Head|p2a: Waterpon\n|-resisted|p2a: Waterpon\n|-end|p2a: Waterpon|Substitute\n|\n|-damage|p2a: Waterpon|51\/100 psn|[from] psn\n|upkeep\n|turn|17\n|\n|t:|1700663666\n|move|p1a: Kingambit|Sucker Punch|p2a: Waterpon\n|-damage|p2a: Waterpon|0 fnt\n|faint|p2a: Waterpon\n|\n|upkeep\n|\n|t:|1700663671\n|switch|p2a: PonPon|Ogerpon, F|100\/100\n|-damage|p2a: PonPon|88\/100|[from] Spikes\n|-status|p2a: PonPon|psn\n|turn|18\n|\n|t:|1700663684\n|move|p2a: PonPon|Grassy Terrain|p2a: PonPon\n|-fieldstart|move: Grassy Terrain\n|-enditem|p2a: PonPon|Grassy Seed\n|-boost|p2a: PonPon|def|1|[from] item: Grassy Seed\n|move|p1a: Kingambit|Poison Jab|p2a: PonPon\n|-supereffective|p2a: PonPon\n|-damage|p2a: PonPon|19\/100 psn\n|\n|-heal|p2a: PonPon|25\/100 psn|[from] Grassy Terrain\n|-damage|p2a: PonPon|13\/100 psn|[from] psn\n|upkeep\n|turn|19\n|\n|t:|1700663696\n|move|p1a: Kingambit|Sucker Punch|p2a: PonPon\n|-damage|p2a: PonPon|0 fnt\n|faint|p2a: PonPon\n|\n|win|RuneStone_hi\n|raw|RuneStone_hi's rating: 1100 &rarr; <strong>1123<\/strong><br \/>(+23 for winning)\n|raw|Very_epikname1987's rating: 1071 &rarr; <strong>1052<\/strong><br \/>(-19 for losing)\n|l|\u2606Very_epikname1987\n|c|\u2606RuneStone_hi|Gg\n","uploadtime":1700663717,"views":9,"p1id":"runestonehi","p2id":"veryepikname1987","formatid":"gen9anythinggoes","rating":1052,"private":0,"password":""}