{"id":"gen9anythinggoes-1998902096","p1":"Rinkablu","p2":"darksilver324","format":"[Gen 9] Anything Goes","log":"|j|\u2606Rinkablu\n|j|\u2606darksilver324\n|t:|1701010847\n|gametype|singles\n|player|p1|Rinkablu|cheren|1151\n|player|p2|darksilver324|lance|1089\n|teamsize|p1|6\n|teamsize|p2|6\n|gen|9\n|tier|[Gen 9] Anything Goes\n|rated|\n|rule|HP Percentage Mod: HP is shown in percentages\n|rule|Endless Battle Clause: Forcing endless battles is banned\n|clearpoke\n|poke|p1|Salazzle, F|\n|poke|p1|Ribombee, F|\n|poke|p1|Salazzle, F|\n|poke|p1|Salazzle, F|\n|poke|p1|Salazzle, F|\n|poke|p1|Salazzle, F|\n|poke|p2|Koraidon|\n|poke|p2|Toxapex, F|\n|poke|p2|Kingambit, M|\n|poke|p2|Mimikyu, F|\n|poke|p2|Gliscor, M|\n|poke|p2|Arcanine-Hisui, F|\n|teampreview\n|inactive|Battle timer is ON: inactive players will automatically lose when time's up. (requested by Rinkablu)\n|\n|t:|1701010870\n|start\n|switch|p1a: Ribombee|Ribombee, F|100\/100\n|switch|p2a: Arcanine|Arcanine-Hisui, F|100\/100\n|turn|1\n|\n|t:|1701010878\n|move|p1a: Ribombee|Tailwind|p1a: Ribombee\n|-sidestart|p1: Rinkablu|move: Tailwind\n|move|p2a: Arcanine|Heat Crash|p1a: Ribombee\n|-supereffective|p1a: Ribombee\n|-enditem|p1a: Ribombee|Focus Sash\n|-damage|p1a: Ribombee|1\/100\n|\n|upkeep\n|turn|2\n|\n|t:|1701010888\n|move|p1a: Ribombee|Sticky Web|p2a: Arcanine\n|-sidestart|p2: darksilver324|move: Sticky Web\n|move|p2a: Arcanine|Head Smash|p1a: Ribombee\n|-supereffective|p1a: Ribombee\n|-damage|p1a: Ribombee|0 fnt\n|faint|p1a: Ribombee\n|\n|upkeep\n|\n|t:|1701010895\n|switch|p1a: Salazzle|Salazzle, F|100\/100\n|turn|3\n|\n|t:|1701010900\n|-terastallize|p1a: Salazzle|Water\n|move|p1a: Salazzle|Substitute|p1a: Salazzle\n|-start|p1a: Salazzle|Substitute\n|-damage|p1a: Salazzle|76\/100\n|move|p2a: Arcanine|Head Smash|p1a: Salazzle|[miss]\n|-miss|p2a: Arcanine|p1a: Salazzle\n|\n|-heal|p1a: Salazzle|82\/100|[from] item: Leftovers\n|upkeep\n|turn|4\n|\n|t:|1701010909\n|move|p1a: Salazzle|Toxic|p2a: Arcanine\n|-status|p2a: Arcanine|tox\n|move|p2a: Arcanine|Heat Crash|p1a: Salazzle\n|-resisted|p1a: Salazzle\n|-end|p1a: Salazzle|Substitute\n|\n|-heal|p1a: Salazzle|88\/100|[from] item: Leftovers\n|-damage|p2a: Arcanine|94\/100 tox|[from] psn\n|-sideend|p1: Rinkablu|move: Tailwind\n|upkeep\n|turn|5\n|\n|t:|1701010919\n|move|p1a: Salazzle|Substitute|p1a: Salazzle\n|-start|p1a: Salazzle|Substitute\n|-damage|p1a: Salazzle|63\/100\n|move|p2a: Arcanine|Stone Edge|p1a: Salazzle\n|-end|p1a: Salazzle|Substitute\n|\n|-heal|p1a: Salazzle|70\/100|[from] item: Leftovers\n|-damage|p2a: Arcanine|82\/100 tox|[from] psn\n|upkeep\n|turn|6\n|\n|t:|1701010928\n|move|p1a: Salazzle|Substitute|p1a: Salazzle\n|-start|p1a: Salazzle|Substitute\n|-damage|p1a: Salazzle|45\/100\n|move|p2a: Arcanine|Stone Edge|p1a: Salazzle\n|-end|p1a: Salazzle|Substitute\n|\n|-heal|p1a: Salazzle|51\/100|[from] item: Leftovers\n|-damage|p2a: Arcanine|64\/100 tox|[from] psn\n|upkeep\n|turn|7\n|\n|t:|1701010937\n|move|p1a: Salazzle|Protect|p1a: Salazzle\n|-singleturn|p1a: Salazzle|Protect\n|move|p2a: Arcanine|Heat Crash|p1a: Salazzle\n|-activate|p1a: Salazzle|move: Protect\n|\n|-heal|p1a: Salazzle|57\/100|[from] item: Leftovers\n|-damage|p2a: Arcanine|40\/100 tox|[from] psn\n|upkeep\n|turn|8\n|\n|t:|1701010952\n|move|p1a: Salazzle|Substitute|p1a: Salazzle\n|-start|p1a: Salazzle|Substitute\n|-damage|p1a: Salazzle|32\/100\n|move|p2a: Arcanine|Head Smash|p1a: Salazzle\n|-end|p1a: Salazzle|Substitute\n|\n|-heal|p1a: Salazzle|39\/100|[from] item: Leftovers\n|-damage|p2a: Arcanine|10\/100 tox|[from] psn\n|upkeep\n|turn|9\n|\n|t:|1701010961\n|move|p1a: Salazzle|Protect|p1a: Salazzle\n|-singleturn|p1a: Salazzle|Protect\n|move|p2a: Arcanine|Head Smash|p1a: Salazzle\n|-activate|p1a: Salazzle|move: Protect\n|\n|-heal|p1a: Salazzle|45\/100|[from] item: Leftovers\n|-damage|p2a: Arcanine|0 fnt|[from] psn\n|faint|p2a: Arcanine\n|upkeep\n|\n|t:|1701010979\n|switch|p2a: Koraidon|Koraidon|100\/100\n|-activate|p2a: Koraidon|move: Sticky Web\n|-unboost|p2a: Koraidon|spe|1\n|-weather|SunnyDay|[from] ability: Orichalcum Pulse|[of] p2a: Koraidon\n|-activate|p2a: Koraidon|Orichalcum Pulse|[source]\n|turn|10\n|\n|t:|1701010988\n|-terastallize|p2a: Koraidon|Bug\n|move|p1a: Salazzle|Toxic|p2a: Koraidon\n|-status|p2a: Koraidon|tox\n|move|p2a: Koraidon|Drain Punch|p1a: Salazzle\n|-damage|p1a: Salazzle|0 fnt\n|faint|p1a: Salazzle\n|\n|-weather|SunnyDay|[upkeep]\n|-damage|p2a: Koraidon|94\/100 tox|[from] psn\n|upkeep\n|\n|t:|1701010995\n|switch|p1a: Salazzle|Salazzle, F|100\/100\n|turn|11\n|\n|t:|1701010999\n|move|p1a: Salazzle|Substitute|p1a: Salazzle\n|-start|p1a: Salazzle|Substitute\n|-damage|p1a: Salazzle|76\/100\n|move|p2a: Koraidon|Collision Course|p1a: Salazzle\n|-resisted|p1a: Salazzle\n|-end|p1a: Salazzle|Substitute\n|\n|-weather|SunnyDay|[upkeep]\n|-heal|p1a: Salazzle|82\/100|[from] item: Leftovers\n|-damage|p2a: Koraidon|82\/100 tox|[from] psn\n|upkeep\n|turn|12\n|\n|t:|1701011009\n|move|p1a: Salazzle|Protect|p1a: Salazzle\n|-singleturn|p1a: Salazzle|Protect\n|move|p2a: Koraidon|Collision Course|p1a: Salazzle\n|-activate|p1a: Salazzle|move: Protect\n|\n|-weather|SunnyDay|[upkeep]\n|-heal|p1a: Salazzle|88\/100|[from] item: Leftovers\n|-damage|p2a: Koraidon|64\/100 tox|[from] psn\n|upkeep\n|turn|13\n|c|\u2606darksilver324|i hate this\n|\n|t:|1701011022\n|move|p1a: Salazzle|Substitute|p1a: Salazzle\n|-start|p1a: Salazzle|Substitute\n|-damage|p1a: Salazzle|63\/100\n|move|p2a: Koraidon|Draco Meteor|p1a: Salazzle\n|-end|p1a: Salazzle|Substitute\n|-unboost|p2a: Koraidon|spa|2\n|\n|-weather|SunnyDay|[upkeep]\n|-heal|p1a: Salazzle|70\/100|[from] item: Leftovers\n|-damage|p2a: Koraidon|39\/100 tox|[from] psn\n|upkeep\n|turn|14\n|c|\u2606Rinkablu|<3\n|j| me bean 2\n|\n|t:|1701011035\n|move|p1a: Salazzle|Substitute|p1a: Salazzle\n|-start|p1a: Salazzle|Substitute\n|-damage|p1a: Salazzle|45\/100\n|move|p2a: Koraidon|Scale Shot|p1a: Salazzle\n|-end|p1a: Salazzle|Substitute\n|-damage|p1a: Salazzle|17\/100\n|-damage|p1a: Salazzle|0 fnt\n|faint|p1a: Salazzle\n|-hitcount|p1: Salazzle|3\n|-unboost|p2a: Koraidon|def|1\n|-boost|p2a: Koraidon|spe|1\n|\n|-weather|none\n|-damage|p2a: Koraidon|8\/100 tox|[from] psn\n|upkeep\n|\n|t:|1701011039\n|switch|p1a: Salazzle|Salazzle, F|100\/100\n|turn|15\n|\n|t:|1701011049\n|move|p1a: Salazzle|Protect|p1a: Salazzle\n|-singleturn|p1a: Salazzle|Protect\n|move|p2a: Koraidon|Scale Shot|p1a: Salazzle\n|-activate|p1a: Salazzle|move: Protect\n|\n|-damage|p2a: Koraidon|0 fnt|[from] psn\n|faint|p2a: Koraidon\n|upkeep\n|\n|t:|1701011057\n|switch|p2a: Gliscor|Gliscor, M|100\/100\n|turn|16\n|\n|t:|1701011066\n|move|p1a: Salazzle|Substitute|p1a: Salazzle\n|-start|p1a: Salazzle|Substitute\n|-damage|p1a: Salazzle|76\/100\n|move|p2a: Gliscor|Earthquake|p1a: Salazzle\n|-supereffective|p1a: Salazzle\n|-end|p1a: Salazzle|Substitute\n|\n|-heal|p1a: Salazzle|82\/100|[from] item: Leftovers\n|-status|p2a: Gliscor|tox|[from] item: Toxic Orb\n|upkeep\n|turn|17\n|\n|t:|1701011076\n|move|p1a: Salazzle|Protect|p1a: Salazzle\n|-singleturn|p1a: Salazzle|Protect\n|move|p2a: Gliscor|Earthquake|p1a: Salazzle\n|-activate|p1a: Salazzle|move: Protect\n|\n|-heal|p1a: Salazzle|88\/100|[from] item: Leftovers\n|upkeep\n|turn|18\n|\n|t:|1701011085\n|move|p1a: Salazzle|Substitute|p1a: Salazzle\n|-start|p1a: Salazzle|Substitute\n|-damage|p1a: Salazzle|63\/100\n|move|p2a: Gliscor|Earthquake|p1a: Salazzle\n|-supereffective|p1a: Salazzle\n|-end|p1a: Salazzle|Substitute\n|\n|-heal|p1a: Salazzle|70\/100|[from] item: Leftovers\n|upkeep\n|turn|19\n|\n|t:|1701011094\n|move|p1a: Salazzle|Sand Attack|p2a: Gliscor\n|-unboost|p2a: Gliscor|accuracy|1\n|move|p2a: Gliscor|Spikes|p1a: Salazzle\n|-sidestart|p1: Rinkablu|Spikes\n|\n|-heal|p1a: Salazzle|76\/100|[from] item: Leftovers\n|upkeep\n|turn|20\n|\n|t:|1701011103\n|move|p1a: Salazzle|Substitute|p1a: Salazzle\n|-start|p1a: Salazzle|Substitute\n|-damage|p1a: Salazzle|51\/100\n|move|p2a: Gliscor|Wing Attack|p1a: Salazzle|[miss]\n|-miss|p2a: Gliscor|p1a: Salazzle\n|\n|-heal|p1a: Salazzle|57\/100|[from] item: Leftovers\n|upkeep\n|turn|21\n|\n|t:|1701011125\n|move|p1a: Salazzle|Sand Attack|p2a: Gliscor\n|-unboost|p2a: Gliscor|accuracy|1\n|move|p2a: Gliscor|Wing Attack|p1a: Salazzle\n|-end|p1a: Salazzle|Substitute\n|\n|-heal|p1a: Salazzle|63\/100|[from] item: Leftovers\n|upkeep\n|turn|22\n|\n|t:|1701011135\n|move|p1a: Salazzle|Substitute|p1a: Salazzle\n|-start|p1a: Salazzle|Substitute\n|-damage|p1a: Salazzle|39\/100\n|move|p2a: Gliscor|Earthquake|p1a: Salazzle\n|-supereffective|p1a: Salazzle\n|-end|p1a: Salazzle|Substitute\n|\n|-heal|p1a: Salazzle|45\/100|[from] item: Leftovers\n|upkeep\n|turn|23\n|\n|t:|1701011144\n|move|p1a: Salazzle|Substitute|p1a: Salazzle\n|-start|p1a: Salazzle|Substitute\n|-damage|p1a: Salazzle|20\/100\n|move|p2a: Gliscor|Aerial Ace|p1a: Salazzle\n|-end|p1a: Salazzle|Substitute\n|\n|-heal|p1a: Salazzle|26\/100|[from] item: Leftovers\n|upkeep\n|turn|24\n|\n|t:|1701011152\n|move|p1a: Salazzle|Protect|p1a: Salazzle\n|-singleturn|p1a: Salazzle|Protect\n|move|p2a: Gliscor|Wing Attack|p1a: Salazzle\n|-activate|p1a: Salazzle|move: Protect\n|\n|-heal|p1a: Salazzle|32\/100|[from] item: Leftovers\n|upkeep\n|turn|25\n|l| me bean 2\n|\n|t:|1701011168\n|move|p1a: Salazzle|Substitute|p1a: Salazzle\n|-start|p1a: Salazzle|Substitute\n|-damage|p1a: Salazzle|8\/100\n|move|p2a: Gliscor|Earthquake|p1a: Salazzle\n|-supereffective|p1a: Salazzle\n|-end|p1a: Salazzle|Substitute\n|\n|-heal|p1a: Salazzle|14\/100|[from] item: Leftovers\n|upkeep\n|turn|26\n|\n|t:|1701011180\n|switch|p2a: Toxapex|Toxapex, F, shiny|100\/100\n|-activate|p2a: Toxapex|move: Sticky Web\n|-unboost|p2a: Toxapex|spe|1\n|move|p1a: Salazzle|Sand Attack|p2a: Toxapex\n|-unboost|p2a: Toxapex|accuracy|1\n|\n|-heal|p1a: Salazzle|20\/100|[from] item: Leftovers\n|upkeep\n|turn|27\n|\n|t:|1701011189\n|move|p1a: Salazzle|Toxic|p2a: Toxapex\n|-status|p2a: Toxapex|tox\n|move|p2a: Toxapex|Toxic Spikes|p1a: Salazzle\n|-sidestart|p1: Rinkablu|move: Toxic Spikes\n|\n|-heal|p1a: Salazzle|26\/100|[from] item: Leftovers\n|-damage|p2a: Toxapex|95\/100 tox|[from] psn\n|upkeep\n|turn|28\n|\n|t:|1701011197\n|move|p1a: Salazzle|Substitute|p1a: Salazzle\n|-start|p1a: Salazzle|Substitute\n|-damage|p1a: Salazzle|1\/100\n|move|p2a: Toxapex|Toxic Spikes|p1a: Salazzle\n|-sidestart|p1: Rinkablu|move: Toxic Spikes\n|\n|-heal|p1a: Salazzle|8\/100|[from] item: Leftovers\n|-heal|p2a: Toxapex|100\/100 tox|[from] item: Black Sludge\n|-damage|p2a: Toxapex|89\/100 tox|[from] psn\n|upkeep\n|turn|29\n|\n|t:|1701011205\n|move|p1a: Salazzle|Sand Attack|p2a: Toxapex\n|-unboost|p2a: Toxapex|accuracy|1\n|move|p2a: Toxapex|Gunk Shot|p1a: Salazzle|[miss]\n|-miss|p2a: Toxapex|p1a: Salazzle\n|\n|-heal|p1a: Salazzle|14\/100|[from] item: Leftovers\n|-heal|p2a: Toxapex|95\/100 tox|[from] item: Black Sludge\n|-damage|p2a: Toxapex|77\/100 tox|[from] psn\n|upkeep\n|turn|30\n|\n|t:|1701011215\n|move|p1a: Salazzle|Protect|p1a: Salazzle\n|-singleturn|p1a: Salazzle|Protect\n|move|p2a: Toxapex|Surf|p1a: Salazzle\n|-activate|p1a: Salazzle|move: Protect\n|\n|-heal|p1a: Salazzle|20\/100|[from] item: Leftovers\n|-heal|p2a: Toxapex|83\/100 tox|[from] item: Black Sludge\n|-damage|p2a: Toxapex|59\/100 tox|[from] psn\n|upkeep\n|turn|31\n|\n|t:|1701011225\n|move|p1a: Salazzle|Sand Attack|p2a: Toxapex\n|-unboost|p2a: Toxapex|accuracy|1\n|move|p2a: Toxapex|Hydro Pump|p1a: Salazzle\n|-supereffective|p1a: Salazzle\n|-end|p1a: Salazzle|Substitute\n|\n|-heal|p1a: Salazzle|26\/100|[from] item: Leftovers\n|-heal|p2a: Toxapex|65\/100 tox|[from] item: Black Sludge\n|-damage|p2a: Toxapex|35\/100 tox|[from] psn\n|upkeep\n|turn|32\n|c|\u2606darksilver324|i hate you\n|c|\u2606Rinkablu|<3\n|\n|t:|1701011236\n|move|p1a: Salazzle|Substitute|p1a: Salazzle\n|-start|p1a: Salazzle|Substitute\n|-damage|p1a: Salazzle|1\/100\n|move|p2a: Toxapex|Gunk Shot|p1a: Salazzle\n|-resisted|p1a: Salazzle\n|-activate|p1a: Salazzle|move: Substitute|[damage]\n|\n|-heal|p1a: Salazzle|8\/100|[from] item: Leftovers\n|-heal|p2a: Toxapex|41\/100 tox|[from] item: Black Sludge\n|-damage|p2a: Toxapex|5\/100 tox|[from] psn\n|upkeep\n|turn|33\n|\n|t:|1701011246\n|move|p1a: Salazzle|Protect|p1a: Salazzle\n|-singleturn|p1a: Salazzle|Protect\n|move|p2a: Toxapex|Gunk Shot|p1a: Salazzle\n|-activate|p1a: Salazzle|move: Protect\n|\n|-heal|p1a: Salazzle|14\/100|[from] item: Leftovers\n|-heal|p2a: Toxapex|11\/100 tox|[from] item: Black Sludge\n|-damage|p2a: Toxapex|0 fnt|[from] psn\n|faint|p2a: Toxapex\n|upkeep\n|\n|t:|1701011260\n|switch|p2a: Gliscor|Gliscor, M|100\/100 tox\n|turn|34\n|\n|t:|1701011264\n|move|p1a: Salazzle|Sand Attack|p2a: Gliscor\n|-unboost|p2a: Gliscor|accuracy|1\n|move|p2a: Gliscor|Earthquake|p1a: Salazzle\n|-supereffective|p1a: Salazzle\n|-end|p1a: Salazzle|Substitute\n|\n|-heal|p1a: Salazzle|20\/100|[from] item: Leftovers\n|upkeep\n|turn|35\n|\n|t:|1701011274\n|move|p1a: Salazzle|Protect|p1a: Salazzle\n|-singleturn|p1a: Salazzle|Protect\n|move|p2a: Gliscor|Earthquake|p1a: Salazzle\n|-activate|p1a: Salazzle|move: Protect\n|\n|-heal|p1a: Salazzle|26\/100|[from] item: Leftovers\n|upkeep\n|turn|36\n|\n|t:|1701011282\n|move|p1a: Salazzle|Substitute|p1a: Salazzle\n|-start|p1a: Salazzle|Substitute\n|-damage|p1a: Salazzle|1\/100\n|move|p2a: Gliscor|Earthquake|p1a: Salazzle\n|-supereffective|p1a: Salazzle\n|-end|p1a: Salazzle|Substitute\n|\n|-heal|p1a: Salazzle|8\/100|[from] item: Leftovers\n|upkeep\n|turn|37\n|\n|t:|1701011303\n|move|p1a: Salazzle|Sand Attack|p2a: Gliscor\n|-unboost|p2a: Gliscor|accuracy|1\n|move|p2a: Gliscor|Aerial Ace|p1a: Salazzle\n|-damage|p1a: Salazzle|0 fnt\n|faint|p1a: Salazzle\n|\n|upkeep\n|\n|t:|1701011309\n|switch|p1a: Salazzle|Salazzle, F|100\/100\n|-damage|p1a: Salazzle|88\/100|[from] Spikes\n|-sideend|p1: Rinkablu|move: Toxic Spikes|[of] p1a: Salazzle\n|turn|38\n|\n|t:|1701011314\n|move|p1a: Salazzle|Substitute|p1a: Salazzle\n|-start|p1a: Salazzle|Substitute\n|-damage|p1a: Salazzle|63\/100\n|move|p2a: Gliscor|Wing Attack|p1a: Salazzle|[miss]\n|-miss|p2a: Gliscor|p1a: Salazzle\n|\n|-heal|p1a: Salazzle|70\/100|[from] item: Leftovers\n|upkeep\n|turn|39\n|\n|t:|1701011322\n|move|p1a: Salazzle|Protect|p1a: Salazzle\n|-singleturn|p1a: Salazzle|Protect\n|move|p2a: Gliscor|Earthquake|p1a: Salazzle\n|-activate|p1a: Salazzle|move: Protect\n|\n|-heal|p1a: Salazzle|76\/100|[from] item: Leftovers\n|upkeep\n|turn|40\n|\n|t:|1701011335\n|move|p1a: Salazzle|Sand Attack|p2a: Gliscor\n|-unboost|p2a: Gliscor|accuracy|1\n|move|p2a: Gliscor|Earthquake|p1a: Salazzle|[miss]\n|-miss|p2a: Gliscor|p1a: Salazzle\n|\n|-heal|p1a: Salazzle|82\/100|[from] item: Leftovers\n|upkeep\n|turn|41\n|\n|t:|1701011353\n|move|p1a: Salazzle|Protect|p1a: Salazzle\n|-singleturn|p1a: Salazzle|Protect\n|move|p2a: Gliscor|Spikes|p1a: Salazzle\n|-sidestart|p1: Rinkablu|Spikes\n|\n|-heal|p1a: Salazzle|88\/100|[from] item: Leftovers\n|upkeep\n|turn|42\n|\n|t:|1701011360\n|move|p1a: Salazzle|Sand Attack|p2a: Gliscor\n|-unboost|p2a: Gliscor|accuracy|1\n|move|p2a: Gliscor|Earthquake|p1a: Salazzle|[miss]\n|-miss|p2a: Gliscor|p1a: Salazzle\n|\n|-heal|p1a: Salazzle|94\/100|[from] item: Leftovers\n|upkeep\n|turn|43\n|\n|t:|1701011370\n|move|p1a: Salazzle|Sand Attack|p2a: Gliscor\n|-unboost|p2a: Gliscor|accuracy|1\n|move|p2a: Gliscor|Earthquake|p1a: Salazzle|[miss]\n|-miss|p2a: Gliscor|p1a: Salazzle\n|\n|-heal|p1a: Salazzle|100\/100|[from] item: Leftovers\n|upkeep\n|turn|44\n|\n|t:|1701011381\n|switch|p2a: Mimikyu|Mimikyu, F, shiny|100\/100\n|-activate|p2a: Mimikyu|move: Sticky Web\n|-unboost|p2a: Mimikyu|spe|1\n|move|p1a: Salazzle|Sand Attack|p2a: Mimikyu\n|-unboost|p2a: Mimikyu|accuracy|1\n|\n|upkeep\n|turn|45\n|\n|t:|1701011391\n|move|p1a: Salazzle|Toxic|p2a: Mimikyu\n|-status|p2a: Mimikyu|tox\n|move|p2a: Mimikyu|Draining Kiss|p1a: Salazzle\n|-resisted|p1a: Salazzle\n|-activate|p1a: Salazzle|move: Substitute|[damage]\n|\n|-damage|p2a: Mimikyu|95\/100 tox|[from] psn\n|upkeep\n|turn|46\n|\n|t:|1701011407\n|move|p1a: Salazzle|Sand Attack|p2a: Mimikyu\n|-unboost|p2a: Mimikyu|accuracy|1\n|move|p2a: Mimikyu|Draining Kiss|p1a: Salazzle|[miss]\n|-miss|p2a: Mimikyu|p1a: Salazzle\n|\n|-heal|p2a: Mimikyu|100\/100 tox|[from] item: Leftovers\n|-damage|p2a: Mimikyu|89\/100 tox|[from] psn\n|upkeep\n|turn|47\n|\n|t:|1701011423\n|move|p1a: Salazzle|Protect|p1a: Salazzle\n|-singleturn|p1a: Salazzle|Protect\n|move|p2a: Mimikyu|Shadow Claw|p1a: Salazzle\n|-activate|p1a: Salazzle|move: Protect\n|\n|-heal|p2a: Mimikyu|95\/100 tox|[from] item: Leftovers\n|-damage|p2a: Mimikyu|77\/100 tox|[from] psn\n|upkeep\n|turn|48\n|\n|t:|1701011431\n|move|p1a: Salazzle|Sand Attack|p2a: Mimikyu\n|-unboost|p2a: Mimikyu|accuracy|1\n|move|p2a: Mimikyu|Night Shade|p1a: Salazzle|[miss]\n|-miss|p2a: Mimikyu|p1a: Salazzle\n|\n|-heal|p2a: Mimikyu|83\/100 tox|[from] item: Leftovers\n|-damage|p2a: Mimikyu|59\/100 tox|[from] psn\n|upkeep\n|turn|49\n|\n|t:|1701011440\n|move|p1a: Salazzle|Protect|p1a: Salazzle\n|-singleturn|p1a: Salazzle|Protect\n|move|p2a: Mimikyu|Shadow Claw|p1a: Salazzle\n|-activate|p1a: Salazzle|move: Protect\n|\n|-heal|p2a: Mimikyu|65\/100 tox|[from] item: Leftovers\n|-damage|p2a: Mimikyu|35\/100 tox|[from] psn\n|upkeep\n|turn|50\n|c|\u2606darksilver324|stop\n|j| Gloomply\n|c|\u2606Rinkablu|nah\n|j| YoshiXP2002\n|l| Gloomply\n|\n|t:|1701011460\n|move|p1a: Salazzle|Sand Attack|p2a: Mimikyu\n|-unboost|p2a: Mimikyu|accuracy|1\n|move|p2a: Mimikyu|Night Shade|p1a: Salazzle|[miss]\n|-miss|p2a: Mimikyu|p1a: Salazzle\n|\n|-heal|p2a: Mimikyu|41\/100 tox|[from] item: Leftovers\n|-damage|p2a: Mimikyu|5\/100 tox|[from] psn\n|upkeep\n|turn|51\n|\n|t:|1701011470\n|move|p1a: Salazzle|Protect|p1a: Salazzle\n|-singleturn|p1a: Salazzle|Protect\n|move|p2a: Mimikyu|Night Shade|p1a: Salazzle\n|-activate|p1a: Salazzle|move: Protect\n|\n|-heal|p2a: Mimikyu|11\/100 tox|[from] item: Leftovers\n|-damage|p2a: Mimikyu|0 fnt|[from] psn\n|faint|p2a: Mimikyu\n|upkeep\n|\n|t:|1701011480\n|switch|p2a: Kingambit|Kingambit, M|100\/100\n|-activate|p2a: Kingambit|move: Sticky Web\n|-unboost|p2a: Kingambit|spe|1\n|-activate|p2a: Kingambit|ability: Supreme Overlord\n|-start|p2a: Kingambit|fallen4|[silent]\n|turn|52\n|j| me bean 2\n|\n|t:|1701011489\n|move|p1a: Salazzle|Toxic|p2a: Kingambit\n|-status|p2a: Kingambit|tox\n|move|p2a: Kingambit|Kowtow Cleave|p1a: Salazzle\n|-end|p1a: Salazzle|Substitute\n|\n|-damage|p2a: Kingambit|94\/100 tox|[from] psn\n|upkeep\n|turn|53\n|\n|t:|1701011502\n|move|p1a: Salazzle|Substitute|p1a: Salazzle\n|-start|p1a: Salazzle|Substitute\n|-damage|p1a: Salazzle|76\/100\n|move|p2a: Kingambit|Kowtow Cleave|p1a: Salazzle\n|-end|p1a: Salazzle|Substitute\n|\n|-heal|p1a: Salazzle|82\/100|[from] item: Leftovers\n|-damage|p2a: Kingambit|82\/100 tox|[from] psn\n|upkeep\n|turn|54\n|\n|t:|1701011511\n|move|p1a: Salazzle|Protect|p1a: Salazzle\n|-singleturn|p1a: Salazzle|Protect\n|move|p2a: Kingambit|Kowtow Cleave|p1a: Salazzle\n|-activate|p1a: Salazzle|move: Protect\n|\n|-heal|p1a: Salazzle|88\/100|[from] item: Leftovers\n|-damage|p2a: Kingambit|63\/100 tox|[from] psn\n|upkeep\n|turn|55\n|j| Darkside55\n|\n|t:|1701011529\n|move|p1a: Salazzle|Substitute|p1a: Salazzle\n|-start|p1a: Salazzle|Substitute\n|-damage|p1a: Salazzle|63\/100\n|move|p2a: Kingambit|Night Slash|p1a: Salazzle\n|-end|p1a: Salazzle|Substitute\n|\n|-heal|p1a: Salazzle|70\/100|[from] item: Leftovers\n|-damage|p2a: Kingambit|39\/100 tox|[from] psn\n|upkeep\n|turn|56\n|\n|t:|1701011543\n|move|p2a: Kingambit|Sucker Punch||[still]\n|-fail|p2a: Kingambit\n|move|p1a: Salazzle|Substitute|p1a: Salazzle\n|-start|p1a: Salazzle|Substitute\n|-damage|p1a: Salazzle|45\/100\n|\n|-heal|p1a: Salazzle|51\/100|[from] item: Leftovers\n|-damage|p2a: Kingambit|8\/100 tox|[from] psn\n|upkeep\n|turn|57\n|c|\u2606darksilver324|just play the game normaly\n|\n|t:|1701011556\n|move|p1a: Salazzle|Protect|p1a: Salazzle\n|-singleturn|p1a: Salazzle|Protect\n|move|p2a: Kingambit|Night Slash|p1a: Salazzle\n|-activate|p1a: Salazzle|move: Protect\n|\n|-heal|p1a: Salazzle|57\/100|[from] item: Leftovers\n|-damage|p2a: Kingambit|0 fnt|[from] psn\n|faint|p2a: Kingambit\n|-end|p2a: Kingambit|fallen4|[silent]\n|upkeep\n|c|\u2606Rinkablu|i am tho\n|\n|t:|1701011565\n|switch|p2a: Gliscor|Gliscor, M|100\/100 tox\n|turn|58\n|\n|t:|1701011569\n|move|p1a: Salazzle|Sand Attack|p2a: Gliscor\n|-unboost|p2a: Gliscor|accuracy|1\n|move|p2a: Gliscor|Earthquake|p1a: Salazzle\n|-supereffective|p1a: Salazzle\n|-end|p1a: Salazzle|Substitute\n|\n|-heal|p1a: Salazzle|63\/100|[from] item: Leftovers\n|upkeep\n|turn|59\n|c| me bean 2|how did you beat gliscor?\n|c|\u2606Rinkablu|pp stall\n|c|\u2606darksilver324|he cant\n|inactive|darksilver324 has 120 seconds left.\n|c| me bean 2|oh.\n|c|\u2606darksilver324|he has to stall\n|c| me bean 2|im...\n|c| me bean 2|sorry\n|c|\u2606Rinkablu|i cant hurt it physically but i can hurt it mentally\n|c|\u2606darksilver324|and i dont have that time\n|inactive|darksilver324 has 90 seconds left.\n|\n|t:|1701011631\n|move|p1a: Salazzle|Substitute|p1a: Salazzle\n|-start|p1a: Salazzle|Substitute\n|-damage|p1a: Salazzle|39\/100\n|move|p2a: Gliscor|Wing Attack|p1a: Salazzle|[miss]\n|-miss|p2a: Gliscor|p1a: Salazzle\n|\n|-heal|p1a: Salazzle|45\/100|[from] item: Leftovers\n|upkeep\n|turn|60\n|inactive|darksilver324 has 90 seconds left.\n|c|\u2606darksilver324|i have like 123pp combined\n|\n|t:|1701011647\n|move|p1a: Salazzle|Protect|p1a: Salazzle\n|-singleturn|p1a: Salazzle|Protect\n|move|p2a: Gliscor|Wing Attack|p1a: Salazzle\n|-activate|p1a: Salazzle|move: Protect\n|\n|-heal|p1a: Salazzle|51\/100|[from] item: Leftovers\n|upkeep\n|turn|61\n|inactive|darksilver324 has 90 seconds left.\n|c|\u2606Rinkablu|yeah and i got 2 more lizards\n|\n|t:|1701011658\n|move|p1a: Salazzle|Sand Attack|p2a: Gliscor\n|-unboost|p2a: Gliscor|accuracy|1\n|move|p2a: Gliscor|Wing Attack|p1a: Salazzle|[miss]\n|-miss|p2a: Gliscor|p1a: Salazzle\n|\n|-heal|p1a: Salazzle|57\/100|[from] item: Leftovers\n|upkeep\n|turn|62\n|j| HalaMadridSiuuu7\n|c| me bean 2|also since ur gonna tera inly 1 salazzle\n|inactive|darksilver324 has 90 seconds left.\n|c|\u2606darksilver324|he did\n|\n|t:|1701011677\n|move|p1a: Salazzle|Sand Attack|p2a: Gliscor\n|-unboost|p2a: Gliscor|accuracy|1\n|move|p2a: Gliscor|Aerial Ace|p1a: Salazzle\n|-end|p1a: Salazzle|Substitute\n|\n|-heal|p1a: Salazzle|63\/100|[from] item: Leftovers\n|upkeep\n|turn|63\n|c| me bean 2|why not run black sluge on the others?\n|inactive|darksilver324 has 90 seconds left.\n|c|\u2606Rinkablu|they all have diff teras for diff needs\n|c| HalaMadridSiuuu7|Hi everyone my name is elon ma-\n|c|\u2606darksilver324|poisin heal is the best\n|c|\u2606Rinkablu|hope ya like sand too\n|inactive|darksilver324 has 60 seconds left.\n|c|\u2606darksilver324|imma destroy this web\n|j| 0 Morien 0\n|inactive|darksilver324 has 30 seconds left.\n|c|\u2606darksilver324|why did that bad fairy live\n|\n|t:|1701011745\n|move|p1a: Salazzle|Substitute|p1a: Salazzle\n|-start|p1a: Salazzle|Substitute\n|-damage|p1a: Salazzle|39\/100\n|move|p2a: Gliscor|Wing Attack|p1a: Salazzle|[miss]\n|-miss|p2a: Gliscor|p1a: Salazzle\n|\n|-heal|p1a: Salazzle|45\/100|[from] item: Leftovers\n|upkeep\n|turn|64\n|\n|t:|1701011754\n|move|p1a: Salazzle|Sand Attack|p2a: Gliscor\n|-unboost|p2a: Gliscor|accuracy|1\n|move|p2a: Gliscor|Earthquake|p1a: Salazzle|[miss]\n|-miss|p2a: Gliscor|p1a: Salazzle\n|\n|-heal|p1a: Salazzle|51\/100|[from] item: Leftovers\n|upkeep\n|turn|65\n|c| HalaMadridSiuuu7|Rip that gliscor\n|inactive|darksilver324 has 30 seconds left.\n|c|\u2606darksilver324|well i have 2 nore earthquakes\n|\n|t:|1701011772\n|move|p1a: Salazzle|Sand Attack|p2a: Gliscor\n|-unboost|p2a: Gliscor|accuracy|1\n|move|p2a: Gliscor|Earthquake|p1a: Salazzle|[miss]\n|-miss|p2a: Gliscor|p1a: Salazzle\n|\n|-heal|p1a: Salazzle|57\/100|[from] item: Leftovers\n|upkeep\n|turn|66\n|c| me bean 2|also what about taunt?\n|c| HalaMadridSiuuu7|Can't hit\n|c| me bean 2|it destroyed you\n|\n|t:|1701011789\n|move|p1a: Salazzle|Sand Attack|p2a: Gliscor\n|-unboost|p2a: Gliscor|accuracy|1\n|move|p2a: Gliscor|Earthquake|p1a: Salazzle\n|-supereffective|p1a: Salazzle\n|-end|p1a: Salazzle|Substitute\n|\n|-heal|p1a: Salazzle|63\/100|[from] item: Leftovers\n|upkeep\n|turn|67\n|c|\u2606darksilver324|last move\n|c|\u2606Rinkablu|rip eq\n|inactive|darksilver324 has 30 seconds left.\n|c|\u2606darksilver324|aerial ace and wing attack\n|inactive|darksilver324 has 20 seconds left.\n|\n|t:|1701011815\n|move|p1a: Salazzle|Substitute|p1a: Salazzle\n|-start|p1a: Salazzle|Substitute\n|-damage|p1a: Salazzle|39\/100\n|move|p2a: Gliscor|Aerial Ace|p1a: Salazzle\n|-end|p1a: Salazzle|Substitute\n|\n|-heal|p1a: Salazzle|45\/100|[from] item: Leftovers\n|upkeep\n|turn|68\n|inactive|darksilver324 has 30 seconds left this turn.\n|c|\u2606darksilver324|have alot of pp\n|c|\u2606Rinkablu|last time i fought a gliscor i went to turn 250+\n|\n|t:|1701011828\n|move|p1a: Salazzle|Substitute|p1a: Salazzle\n|-start|p1a: Salazzle|Substitute\n|-damage|p1a: Salazzle|20\/100\n|move|p2a: Gliscor|Aerial Ace|p1a: Salazzle\n|-end|p1a: Salazzle|Substitute\n|\n|-heal|p1a: Salazzle|26\/100|[from] item: Leftovers\n|upkeep\n|turn|69\n|inactive|darksilver324 has 30 seconds left.\n|\n|t:|1701011836\n|move|p1a: Salazzle|Protect|p1a: Salazzle\n|-singleturn|p1a: Salazzle|Protect\n|move|p2a: Gliscor|Aerial Ace|p1a: Salazzle\n|-activate|p1a: Salazzle|move: Protect\n|\n|-heal|p1a: Salazzle|32\/100|[from] item: Leftovers\n|upkeep\n|turn|70\n|inactive|darksilver324 has 30 seconds left.\n|c|\u2606darksilver324|till we meet  again bye\n|inactive|darksilver324 has 20 seconds left.\n|c| HalaMadridSiuuu7|I was about to type in turn 69 (nice)\n|c|\u2606darksilver324|gliscor will get revenge\n|\n|t:|1701011859\n|move|p1a: Salazzle|Substitute|p1a: Salazzle\n|-start|p1a: Salazzle|Substitute\n|-damage|p1a: Salazzle|8\/100\n|move|p2a: Gliscor|Wing Attack|p1a: Salazzle|[miss]\n|-miss|p2a: Gliscor|p1a: Salazzle\n|\n|-heal|p1a: Salazzle|14\/100|[from] item: Leftovers\n|upkeep\n|turn|71\n|inactive|darksilver324 has 30 seconds left this turn.\n|c|\u2606darksilver324|for his friends\n|inactive|darksilver324 has 20 seconds left.\n|\n|t:|1701011871\n|move|p1a: Salazzle|Protect|p1a: Salazzle\n|-singleturn|p1a: Salazzle|Protect\n|move|p2a: Gliscor|Wing Attack|p1a: Salazzle\n|-activate|p1a: Salazzle|move: Protect\n|\n|-heal|p1a: Salazzle|20\/100|[from] item: Leftovers\n|upkeep\n|turn|72\n|inactive|darksilver324 has 30 seconds left this turn.\n|c|\u2606darksilver324|bye\n|c|\u2606Rinkablu|xd\n|\n|t:|1701011880\n|move|p1a: Salazzle|Sand Attack|p2a: Gliscor\n|-unboost|p2a: Gliscor|accuracy|0\n|move|p2a: Gliscor|Aerial Ace|p1a: Salazzle\n|-end|p1a: Salazzle|Substitute\n|\n|-heal|p1a: Salazzle|26\/100|[from] item: Leftovers\n|upkeep\n|turn|73\n|inactive|darksilver324 has 30 seconds left.\n|c|\u2606darksilver324|gg\n|-message|darksilver324 forfeited.\n|\n|win|Rinkablu\n|raw|Rinkablu's rating: 1151 &rarr; <strong>1172<\/strong><br \/>(+21 for winning)\n|raw|darksilver324's rating: 1089 &rarr; <strong>1070<\/strong><br \/>(-19 for losing)\n|c|\u2606Rinkablu|gg\n|l|\u2606darksilver324\n","uploadtime":1701011897,"views":3,"p1id":"rinkablu","p2id":"darksilver324","formatid":"gen9anythinggoes","rating":1070,"private":0,"password":""}