{"id":"gen9anythinggoes-1999573303","p1":"redpikmin5","p2":"tris3123e","format":"[Gen 9] Anything Goes","log":"|j|\u2606redpikmin5\n|j|\u2606tris3123e\n|t:|1701097495\n|gametype|singles\n|player|p1|redpikmin5|265|\n|player|p2|tris3123e|pokekid|\n|teamsize|p1|6\n|teamsize|p2|6\n|gen|9\n|tier|[Gen 9] Anything Goes\n|rule|HP Percentage Mod: HP is shown in percentages\n|rule|Endless Battle Clause: Forcing endless battles is banned\n|clearpoke\n|poke|p1|Regieleki|\n|poke|p1|Iron Moth|\n|poke|p1|Dipplin, F|\n|poke|p1|Magearna-Original|\n|poke|p1|Ursaluna-Bloodmoon, M|\n|poke|p1|Houndstone, F|\n|poke|p2|Arcanine-Hisui, F|\n|poke|p2|Samurott-Hisui, M|\n|poke|p2|Sneasler, F|\n|poke|p2|Braviary-Hisui, M|\n|poke|p2|Decidueye-Hisui, F|\n|poke|p2|Goodra-Hisui, F|\n|teampreview\n|inactive|Battle timer is ON: inactive players will automatically lose when time's up. (requested by tris3123e)\n|\n|t:|1701097504\n|start\n|switch|p1a: Little Zoom Orb|Regieleki|100\/100\n|switch|p2a: Arcanine|Arcanine-Hisui, F, shiny|100\/100\n|turn|1\n|c|\u2606redpikmin5|fast\n|\n|t:|1701097516\n|move|p1a: Little Zoom Orb|Rapid Spin|p2a: Arcanine\n|-resisted|p2a: Arcanine\n|-damage|p2a: Arcanine|93\/100\n|-boost|p1a: Little Zoom Orb|spe|1\n|move|p2a: Arcanine|Head Smash|p1a: Little Zoom Orb\n|-damage|p1a: Little Zoom Orb|0 fnt\n|faint|p1a: Little Zoom Orb\n|\n|upkeep\n|c|\u2606redpikmin5|welp nvm\n|\n|t:|1701097528\n|switch|p1a: Buck Bumble|Iron Moth|100\/100\n|-enditem|p1a: Buck Bumble|Booster Energy\n|-activate|p1a: Buck Bumble|ability: Quark Drive|[fromitem]\n|-start|p1a: Buck Bumble|quarkdrivespa\n|turn|2\n|c|\u2606redpikmin5|time for buck bumble\n|\n|t:|1701097540\n|move|p2a: Arcanine|Extreme Speed|p1a: Buck Bumble\n|-crit|p1a: Buck Bumble\n|-damage|p1a: Buck Bumble|36\/100\n|move|p1a: Buck Bumble|Fire Blast|p2a: Arcanine\n|-resisted|p2a: Arcanine\n|-damage|p2a: Arcanine|70\/100\n|\n|upkeep\n|turn|3\n|\n|t:|1701097551\n|move|p2a: Arcanine|Extreme Speed|p1a: Buck Bumble\n|-damage|p1a: Buck Bumble|0 fnt\n|faint|p1a: Buck Bumble\n|-end|p1a: Buck Bumble|Quark Drive|[silent]\n|\n|upkeep\n|c|\u2606redpikmin5|welp there goes buck bumble\n|\n|t:|1701097560\n|switch|p1a: Cande Appl|Dipplin, F|100\/100\n|-ability|p1a: Cande Appl|Supersweet Syrup\n|-ability|p1a: Cande Appl|Supersweet Syrup|boost\n|-unboost|p2a: Arcanine|evasion|1\n|turn|4\n|c|\u2606redpikmin5|but i have an apple\n|\n|t:|1701097568\n|move|p2a: Arcanine|Flare Blitz|p1a: Cande Appl\n|-damage|p1a: Cande Appl|34\/100\n|move|p1a: Cande Appl|Giga Drain|p2a: Arcanine\n|-damage|p2a: Arcanine|37\/100\n|-heal|p1a: Cande Appl|57\/100|[from] drain|[of] p2a: Arcanine\n|\n|upkeep\n|turn|5\n|\n|t:|1701097576\n|move|p2a: Arcanine|Flare Blitz|p1a: Cande Appl\n|-damage|p1a: Cande Appl|0 fnt\n|faint|p1a: Cande Appl\n|\n|upkeep\n|c|\u2606redpikmin5|and there goes my apple\n|\n|t:|1701097587\n|switch|p1a: Magearna|Magearna-Original|100\/100\n|turn|6\n|\n|t:|1701097593\n|move|p2a: Arcanine|Flare Blitz|p1a: Magearna\n|-supereffective|p1a: Magearna\n|-damage|p1a: Magearna|0 fnt\n|faint|p1a: Magearna\n|\n|upkeep\n|c|\u2606redpikmin5|welp\n|\n|t:|1701097600\n|switch|p1a: Ursaluna|Ursaluna-Bloodmoon, M|100\/100\n|turn|7\n|c|\u2606redpikmin5|take this\n|\n|t:|1701097608\n|move|p2a: Arcanine|Extreme Speed|p1a: Ursaluna\n|-damage|p1a: Ursaluna|82\/100\n|-damage|p2a: Arcanine|21\/100|[from] item: Rocky Helmet|[of] p1a: Ursaluna\n|move|p1a: Ursaluna|Blood Moon|p2a: Arcanine\n|-resisted|p2a: Arcanine\n|-damage|p2a: Arcanine|0 fnt\n|faint|p2a: Arcanine\n|\n|upkeep\n|\n|t:|1701097611\n|switch|p2a: Samurott|Samurott-Hisui, M, shiny|100\/100\n|turn|8\n|\n|t:|1701097622\n|move|p2a: Samurott|Ceaseless Edge|p1a: Ursaluna\n|-damage|p1a: Ursaluna|49\/100\n|-damage|p2a: Samurott|84\/100|[from] item: Rocky Helmet|[of] p1a: Ursaluna\n|-sidestart|p1: redpikmin5|Spikes\n|move|p1a: Ursaluna|Trailblaze|p2a: Samurott\n|-supereffective|p2a: Samurott\n|-damage|p2a: Samurott|63\/100\n|-boost|p1a: Ursaluna|spe|1\n|\n|upkeep\n|turn|9\n|\n|t:|1701097631\n|move|p1a: Ursaluna|Trailblaze|p2a: Samurott\n|-supereffective|p2a: Samurott\n|-damage|p2a: Samurott|43\/100\n|-boost|p1a: Ursaluna|spe|1\n|move|p2a: Samurott|Aqua Cutter|p1a: Ursaluna\n|-supereffective|p1a: Ursaluna\n|-damage|p1a: Ursaluna|0 fnt\n|faint|p1a: Ursaluna\n|\n|upkeep\n|c|\u2606redpikmin5|welp\n|\n|t:|1701097643\n|switch|p1a: NYEH HEH HEH!|Houndstone, F|100\/100\n|-damage|p1a: NYEH HEH HEH!|88\/100|[from] Spikes\n|turn|10\n|c|\u2606redpikmin5|tiem for my [SPECIL] ATTACK\n|\n|t:|1701097659\n|-terastallize|p1a: NYEH HEH HEH!|Ghost\n|move|p2a: Samurott|Ceaseless Edge|p1a: NYEH HEH HEH!\n|-supereffective|p1a: NYEH HEH HEH!\n|-damage|p1a: NYEH HEH HEH!|0 fnt\n|-sidestart|p1: redpikmin5|Spikes\n|faint|p1a: NYEH HEH HEH!\n|\n|win|tris3123e\n|l|\u2606tris3123e\n|c|\u2606redpikmin5|welp\n","uploadtime":1701097669,"views":1,"p1id":"redpikmin5","p2id":"tris3123e","formatid":"gen9anythinggoes","rating":0,"private":0,"password":""}