{"id":"gen9anythinggoes-1987639437","p1":"Zukeeny","p2":"gg169","format":"[Gen 9] Anything Goes","log":"|j|\u2606Zukeeny\n|j|\u2606gg169\n|t:|1699622786\n|gametype|singles\n|player|p1|Zukeeny|ethan|1058\n|player|p2|gg169|lucas|1000\n|teamsize|p1|6\n|teamsize|p2|6\n|gen|9\n|tier|[Gen 9] Anything Goes\n|rated|\n|rule|HP Percentage Mod: HP is shown in percentages\n|rule|Endless Battle Clause: Forcing endless battles is banned\n|clearpoke\n|poke|p1|Dachsbun, M|\n|poke|p1|Skeledirge, M|\n|poke|p1|Glaceon, F|\n|poke|p1|Slowking, F|\n|poke|p1|Toxicroak, F|\n|poke|p1|Lycanroc-Dusk, F|\n|poke|p2|Greninja-*, M|\n|poke|p2|Landorus-Therian, M|\n|poke|p2|Dragapult, M|\n|poke|p2|Chesnaught, M|\n|poke|p2|Charizard, M|\n|poke|p2|Bellibolt, M|\n|teampreview\n|\n|t:|1699622805\n|start\n|switch|p1a: Lycanroc|Lycanroc-Dusk, F, shiny|100\/100\n|switch|p2a: Charizard|Charizard, M, shiny|100\/100\n|-item|p1a: Lycanroc|Air Balloon\n|turn|1\n|\n|t:|1699622816\n|switch|p2a: Landorus|Landorus-Therian, M|100\/100\n|-ability|p2a: Landorus|Intimidate|boost\n|-unboost|p1a: Lycanroc|atk|1\n|move|p1a: Lycanroc|Stealth Rock|p2a: Landorus\n|-sidestart|p2: gg169|move: Stealth Rock\n|\n|upkeep\n|turn|2\n|\n|t:|1699622830\n|switch|p1a: Slowking|Slowking, F|100\/100\n|move|p2a: Landorus|Earth Power|p1a: Slowking\n|-damage|p1a: Slowking|71\/100\n|\n|upkeep\n|turn|3\n|\n|t:|1699622837\n|switch|p2a: Bellibolt|Bellibolt, M|100\/100\n|-damage|p2a: Bellibolt|88\/100|[from] Stealth Rock\n|move|p1a: Slowking|Trick Room|p1a: Slowking\n|-fieldstart|move: Trick Room|[of] p1a: Slowking\n|\n|upkeep\n|turn|4\n|\n|t:|1699622850\n|move|p1a: Slowking|Chilly Reception|p1a: Slowking\n|-weather|Snow\n|\n|t:|1699622853\n|switch|p1a: Glaceon|Glaceon, F|100\/100|[from] Chilly Reception\n|move|p2a: Bellibolt|Parabolic Charge|p1a: Glaceon\n|-damage|p1a: Glaceon|77\/100\n|-heal|p2a: Bellibolt|99\/100|[from] drain|[of] p1a: Glaceon\n|\n|-weather|Snow|[upkeep]\n|-heal|p1a: Glaceon|83\/100|[from] ability: Ice Body\n|-heal|p1a: Glaceon|89\/100|[from] item: Leftovers\n|upkeep\n|turn|5\n|\n|t:|1699622864\n|move|p1a: Glaceon|Calm Mind|p1a: Glaceon\n|-boost|p1a: Glaceon|spa|1\n|-boost|p1a: Glaceon|spd|1\n|move|p2a: Bellibolt|Parabolic Charge|p1a: Glaceon\n|-damage|p1a: Glaceon|74\/100\n|-heal|p2a: Bellibolt|100\/100|[from] drain|[of] p1a: Glaceon\n|\n|-weather|Snow|[upkeep]\n|-heal|p1a: Glaceon|80\/100|[from] ability: Ice Body\n|-heal|p1a: Glaceon|86\/100|[from] item: Leftovers\n|upkeep\n|turn|6\n|\n|t:|1699622873\n|move|p1a: Glaceon|Calm Mind|p1a: Glaceon\n|-boost|p1a: Glaceon|spa|1\n|-boost|p1a: Glaceon|spd|1\n|move|p2a: Bellibolt|Parabolic Charge|p1a: Glaceon\n|-damage|p1a: Glaceon|75\/100\n|\n|-weather|Snow|[upkeep]\n|-heal|p1a: Glaceon|81\/100|[from] ability: Ice Body\n|-heal|p1a: Glaceon|87\/100|[from] item: Leftovers\n|upkeep\n|turn|7\n|\n|t:|1699622883\n|move|p1a: Glaceon|Freeze-Dry|p2a: Bellibolt\n|-damage|p2a: Bellibolt|54\/100\n|-start|p2a: Bellibolt|Charge|Freeze-Dry|[from] ability: Electromorphosis\n|move|p2a: Bellibolt|Discharge|p1a: Glaceon\n|-damage|p1a: Glaceon|59\/100\n|-status|p1a: Glaceon|par\n|-end|p2a: Bellibolt|Charge|[silent]\n|\n|-weather|Snow|[upkeep]\n|-heal|p1a: Glaceon|65\/100 par|[from] ability: Ice Body\n|-heal|p1a: Glaceon|71\/100 par|[from] item: Leftovers\n|-fieldend|move: Trick Room\n|upkeep\n|turn|8\n|\n|t:|1699622897\n|move|p2a: Bellibolt|Parabolic Charge|p1a: Glaceon\n|-damage|p1a: Glaceon|59\/100 par\n|-heal|p2a: Bellibolt|59\/100|[from] drain|[of] p1a: Glaceon\n|move|p1a: Glaceon|Curse|p1a: Glaceon\n|-unboost|p1a: Glaceon|spe|1\n|-boost|p1a: Glaceon|atk|1\n|-boost|p1a: Glaceon|def|1\n|\n|-weather|none\n|-heal|p1a: Glaceon|65\/100 par|[from] item: Leftovers\n|upkeep\n|turn|9\n|\n|t:|1699622907\n|move|p2a: Bellibolt|Parabolic Charge|p1a: Glaceon\n|-damage|p1a: Glaceon|55\/100 par\n|-heal|p2a: Bellibolt|64\/100|[from] drain|[of] p1a: Glaceon\n|move|p1a: Glaceon|Calm Mind|p1a: Glaceon\n|-boost|p1a: Glaceon|spa|1\n|-boost|p1a: Glaceon|spd|1\n|\n|-heal|p1a: Glaceon|61\/100 par|[from] item: Leftovers\n|upkeep\n|turn|10\n|\n|t:|1699622917\n|switch|p2a: Charizard|Charizard, M, shiny|100\/100\n|-damage|p2a: Charizard|51\/100|[from] Stealth Rock\n|move|p1a: Glaceon|Curse|p1a: Glaceon\n|-unboost|p1a: Glaceon|spe|1\n|-boost|p1a: Glaceon|atk|1\n|-boost|p1a: Glaceon|def|1\n|\n|-heal|p1a: Glaceon|67\/100 par|[from] item: Leftovers\n|upkeep\n|turn|11\n|\n|t:|1699622936\n|-terastallize|p1a: Glaceon|Ghost\n|move|p2a: Charizard|Flamethrower|p1a: Glaceon\n|-damage|p1a: Glaceon|53\/100 par\n|move|p1a: Glaceon|Stored Power|p2a: Charizard\n|-damage|p2a: Charizard|0 fnt\n|faint|p2a: Charizard\n|\n|-heal|p1a: Glaceon|59\/100 par|[from] item: Leftovers\n|upkeep\n|\n|t:|1699622959\n|switch|p2a: Greninja|Greninja, M|100\/100\n|-damage|p2a: Greninja|88\/100|[from] Stealth Rock\n|turn|12\n|\n|t:|1699622965\n|move|p2a: Greninja|Dark Pulse|p1a: Glaceon\n|-supereffective|p1a: Glaceon\n|-damage|p1a: Glaceon|41\/100 par\n|move|p1a: Glaceon|Freeze-Dry|p2a: Greninja\n|-supereffective|p2a: Greninja\n|-damage|p2a: Greninja|0 fnt\n|faint|p2a: Greninja\n|\n|-heal|p1a: Glaceon|47\/100 par|[from] item: Leftovers\n|upkeep\n|\n|t:|1699622974\n|switch|p2a: Landorus|Landorus-Therian, M|100\/100\n|-damage|p2a: Landorus|88\/100|[from] Stealth Rock\n|-ability|p2a: Landorus|Intimidate|boost\n|-unboost|p1a: Glaceon|atk|1\n|turn|13\n|\n|t:|1699622982\n|move|p2a: Landorus|Psychic|p1a: Glaceon\n|-damage|p1a: Glaceon|41\/100 par\n|move|p1a: Glaceon|Freeze-Dry|p2a: Landorus\n|-supereffective|p2a: Landorus\n|-damage|p2a: Landorus|0 fnt\n|faint|p2a: Landorus\n|\n|-heal|p1a: Glaceon|47\/100 par|[from] item: Leftovers\n|upkeep\n|-message|gg169 forfeited.\n|\n|win|Zukeeny\n|raw|Zukeeny's rating: 1058 &rarr; <strong>1084<\/strong><br \/>(+26 for winning)\n|raw|gg169's rating: 1000 &rarr; <strong>1000<\/strong><br \/>(+0 for losing)\n|l|\u2606gg169\n","uploadtime":1699622995,"views":12,"p1id":"zukeeny","p2id":"gg169","formatid":"gen9anythinggoes","rating":1000,"private":0,"password":""}