{"id":"gen9anythinggoes-1980332855","p1":"AGisgood","p2":"MrCatKing07","format":"[Gen 9] Anything Goes","log":"|j|\u2606AGisgood\n|j|\u2606MrCatKing07\n|inactive|Battle timer is ON: inactive players will automatically lose when time's up.\n|t:|1698776066\n|gametype|singles\n|player|p1|AGisgood|cynthia-masters|\n|player|p2|MrCatKing07|erbie-unite|\n|teamsize|p1|6\n|teamsize|p2|6\n|gen|9\n|tier|[Gen 9] Anything Goes\n|rated|Tournament battle\n|rule|HP Percentage Mod: HP is shown in percentages\n|rule|Endless Battle Clause: Forcing endless battles is banned\n|clearpoke\n|poke|p1|Arceus|\n|poke|p1|Koraidon|\n|poke|p1|Calyrex-Ice|\n|poke|p1|Rayquaza|\n|poke|p1|Ursaluna-Bloodmoon, M|\n|poke|p1|Arceus-Fairy|\n|poke|p2|Koraidon|\n|poke|p2|Calyrex-Shadow|\n|poke|p2|Zacian-*|\n|poke|p2|Ribombee, M|\n|poke|p2|Miraidon|\n|poke|p2|Arceus|\n|teampreview\n|inactive|MrCatKing07 also wants the timer to be on.\n|inactive|AGisgood also wants the timer to be on.\n|\n|t:|1698776072\n|start\n|switch|p1a: Rayquaza|Rayquaza|100\/100\n|switch|p2a: \u26a0\ufe0fHAZARD\u26a0\ufe0f|Ribombee, M, shiny|100\/100\n|-ability|p1a: Rayquaza|Air Lock\n|turn|1\n|\n|t:|1698776075\n|move|p2a: \u26a0\ufe0fHAZARD\u26a0\ufe0f|Sticky Web|p1a: Rayquaza\n|-sidestart|p1: AGisgood|move: Sticky Web\n|move|p1a: Rayquaza|Stealth Rock|p2a: \u26a0\ufe0fHAZARD\u26a0\ufe0f\n|-sidestart|p2: MrCatKing07|move: Stealth Rock\n|\n|upkeep\n|turn|2\n|\n|t:|1698776079\n|move|p2a: \u26a0\ufe0fHAZARD\u26a0\ufe0f|Moonblast|p1a: Rayquaza\n|-supereffective|p1a: Rayquaza\n|-damage|p1a: Rayquaza|12\/100\n|move|p1a: Rayquaza|Dragon Ascent|p2a: \u26a0\ufe0fHAZARD\u26a0\ufe0f\n|-supereffective|p2a: \u26a0\ufe0fHAZARD\u26a0\ufe0f\n|-enditem|p2a: \u26a0\ufe0fHAZARD\u26a0\ufe0f|Focus Sash\n|-damage|p2a: \u26a0\ufe0fHAZARD\u26a0\ufe0f|1\/100\n|-unboost|p1a: Rayquaza|def|1\n|-unboost|p1a: Rayquaza|spd|1\n|\n|upkeep\n|turn|3\n|j| pokenerddude\n|\n|t:|1698776081\n|move|p1a: Rayquaza|Extreme Speed|p2a: \u26a0\ufe0fHAZARD\u26a0\ufe0f\n|-damage|p2a: \u26a0\ufe0fHAZARD\u26a0\ufe0f|0 fnt\n|faint|p2a: \u26a0\ufe0fHAZARD\u26a0\ufe0f\n|\n|upkeep\n|\n|t:|1698776091\n|switch|p2a: Ghastly Horseman|Calyrex-Shadow|100\/100\n|-ability|p2a: Ghastly Horseman|As One\n|-ability|p2a: Ghastly Horseman|Unnerve\n|-damage|p2a: Ghastly Horseman|88\/100|[from] Stealth Rock\n|turn|4\n|\n|t:|1698776096\n|switch|p1a: Arceus|Arceus|100\/100\n|-activate|p1a: Arceus|move: Sticky Web\n|-unboost|p1a: Arceus|spe|1\n|move|p2a: Ghastly Horseman|Encore||[still]\n|-fail|p2a: Ghastly Horseman\n|\n|upkeep\n|turn|5\n|\n|t:|1698776100\n|move|p2a: Ghastly Horseman|Nasty Plot|p2a: Ghastly Horseman\n|-boost|p2a: Ghastly Horseman|spa|2\n|move|p1a: Arceus|Trick Room|p1a: Arceus\n|-fieldstart|move: Trick Room|[of] p1a: Arceus\n|\n|upkeep\n|turn|6\n|\n|t:|1698776110\n|-terastallize|p2a: Ghastly Horseman|Normal\n|move|p1a: Arceus|Snarl|p2a: Ghastly Horseman\n|-damage|p2a: Ghastly Horseman|74\/100\n|-unboost|p2a: Ghastly Horseman|spa|1\n|move|p2a: Ghastly Horseman|Nasty Plot|p2a: Ghastly Horseman\n|-boost|p2a: Ghastly Horseman|spa|2\n|\n|upkeep\n|turn|7\n|\n|t:|1698776116\n|switch|p1a: Rayquaza|Rayquaza|12\/100\n|-ability|p1a: Rayquaza|Air Lock\n|move|p2a: Ghastly Horseman|Grass Knot|p1a: Rayquaza\n|-resisted|p1a: Rayquaza\n|-damage|p1a: Rayquaza|0 fnt\n|faint|p1a: Rayquaza\n|-ability|p2a: Ghastly Horseman|Grim Neigh|boost\n|-boost|p2a: Ghastly Horseman|spa|1\n|\n|upkeep\n|\n|t:|1698776118\n|switch|p1a: Calyrex|Calyrex-Ice|100\/100\n|-ability|p1a: Calyrex|As One\n|-ability|p1a: Calyrex|Unnerve\n|-activate|p1a: Calyrex|move: Sticky Web\n|-unboost|p1a: Calyrex|spe|1\n|turn|8\n|\n|t:|1698776120\n|-terastallize|p1a: Calyrex|Ice\n|move|p1a: Calyrex|Glacial Lance|p2a: Ghastly Horseman\n|-damage|p2a: Ghastly Horseman|0 fnt\n|faint|p2a: Ghastly Horseman\n|-ability|p1a: Calyrex|Chilling Neigh|boost\n|-boost|p1a: Calyrex|atk|1\n|\n|upkeep\n|\n|t:|1698776125\n|switch|p2a: GOD|Arceus|100\/100\n|turn|9\n|\n|t:|1698776128\n|move|p2a: GOD|Extreme Speed|p1a: Calyrex\n|-damage|p1a: Calyrex|76\/100\n|move|p1a: Calyrex|Glacial Lance|p2a: GOD\n|-damage|p2a: GOD|0 fnt\n|faint|p2a: GOD\n|-ability|p1a: Calyrex|Chilling Neigh|boost\n|-boost|p1a: Calyrex|atk|1\n|\n|-fieldend|move: Trick Room\n|upkeep\n|\n|t:|1698776132\n|switch|p2a: dogelord|Zacian-Crowned, shiny|100\/100\n|-damage|p2a: dogelord|94\/100|[from] Stealth Rock\n|-ability|p2a: dogelord|Intrepid Sword|boost\n|-boost|p2a: dogelord|atk|1\n|turn|10\n|\n|t:|1698776139\n|switch|p1a: Arceus|Arceus-Fairy|100\/100\n|-activate|p1a: Arceus|move: Sticky Web\n|-unboost|p1a: Arceus|spe|1\n|move|p2a: dogelord|Behemoth Blade|p1a: Arceus\n|-supereffective|p1a: Arceus\n|-damage|p1a: Arceus|0 fnt\n|faint|p1a: Arceus\n|\n|upkeep\n|\n|t:|1698776140\n|switch|p1a: Arceus|Arceus|100\/100\n|-activate|p1a: Arceus|move: Sticky Web\n|-unboost|p1a: Arceus|spe|1\n|turn|11\n|\n|t:|1698776143\n|move|p2a: dogelord|Close Combat|p1a: Arceus\n|-supereffective|p1a: Arceus\n|-enditem|p1a: Arceus|Chople Berry|[eat]\n|-enditem|p1a: Arceus|Chople Berry|[weaken]\n|-damage|p1a: Arceus|66\/100\n|-unboost|p2a: dogelord|def|1\n|-unboost|p2a: dogelord|spd|1\n|move|p1a: Arceus|Trick Room|p1a: Arceus\n|-fieldstart|move: Trick Room|[of] p1a: Arceus\n|\n|upkeep\n|turn|12\n|\n|t:|1698776148\n|move|p1a: Arceus|Healing Wish|p1a: Arceus\n|faint|p1a: Arceus\n|move|p2a: dogelord|Behemoth Blade|p1: Arceus|[notarget]\n|-fail|p2a: dogelord\n|\n|upkeep\n|\n|t:|1698776151\n|switch|p1a: Calyrex|Calyrex-Ice, tera:Ice|76\/100\n|-ability|p1a: Calyrex|As One\n|-ability|p1a: Calyrex|Unnerve\n|-heal|p1a: Calyrex|100\/100|[from] move: Healing Wish\n|-activate|p1a: Calyrex|move: Sticky Web\n|-unboost|p1a: Calyrex|spe|1\n|turn|13\n|\n|t:|1698776160\n|move|p1a: Calyrex|Glacial Lance|p2a: dogelord\n|-resisted|p2a: dogelord\n|-damage|p2a: dogelord|0 fnt\n|faint|p2a: dogelord\n|-ability|p1a: Calyrex|Chilling Neigh|boost\n|-boost|p1a: Calyrex|atk|1\n|\n|upkeep\n|j|#Frozoid\n|c|\u2606AGisgood|gg\n|j| keldeo_53\n|l|#Frozoid\n|c|\u2606MrCatKing07|gg\n|c|\u2606MrCatKing07|i was so close\n|\n|t:|1698776179\n|switch|p2a: Harley Davidson|Koraidon|100\/100\n|-damage|p2a: Harley Davidson|94\/100|[from] Stealth Rock\n|-weather|SunnyDay|[from] ability: Orichalcum Pulse|[of] p2a: Harley Davidson\n|-activate|p2a: Harley Davidson|Orichalcum Pulse|[source]\n|turn|14\n|\n|t:|1698776182\n|move|p1a: Calyrex|Glacial Lance|p2a: Harley Davidson\n|-supereffective|p2a: Harley Davidson\n|-damage|p2a: Harley Davidson|0 fnt\n|faint|p2a: Harley Davidson\n|-ability|p1a: Calyrex|Chilling Neigh|boost\n|-boost|p1a: Calyrex|atk|1\n|\n|-weather|SunnyDay|[upkeep]\n|upkeep\n|\n|t:|1698776185\n|switch|p2a: drop a draco|Miraidon|100\/100\n|-damage|p2a: drop a draco|88\/100|[from] Stealth Rock\n|-fieldstart|move: Electric Terrain|[from] ability: Hadron Engine|[of] p2a: drop a draco\n|turn|15\n|\n|t:|1698776192\n|move|p1a: Calyrex|Glacial Lance|p2a: drop a draco\n|-supereffective|p2a: drop a draco\n|-damage|p2a: drop a draco|0 fnt\n|faint|p2a: drop a draco\n|\n|win|AGisgood\n|n|\u2606AGisgood|agisgood\n|n|\u2606MrCatKing07|mrcatking07\n|n| pokenerddude|pokenerddude\n|n| keldeo_53|keldeo53\n","uploadtime":1698776195,"views":8,"p1id":"agisgood","p2id":"mrcatking07","formatid":"gen9anythinggoes","rating":0,"private":0,"password":""}