{"id":"gen9anythinggoes-1995611122","p1":"phluph9764","p2":"Jeremy647","format":"[Gen 9] Anything Goes","log":"|j|\u2606phluph9764\n|j|\u2606Jeremy647\n|t:|1700587349\n|gametype|singles\n|player|p1|phluph9764|101|1416\n|player|p2|Jeremy647|ruinmaniac|1392\n|teamsize|p1|6\n|teamsize|p2|6\n|gen|9\n|tier|[Gen 9] Anything Goes\n|rated|\n|rule|HP Percentage Mod: HP is shown in percentages\n|rule|Endless Battle Clause: Forcing endless battles is banned\n|clearpoke\n|poke|p1|Annihilape, F|\n|poke|p1|Espathra, M|\n|poke|p1|Glimmora, M|\n|poke|p1|Volcarona, F|\n|poke|p1|Zamazenta-*|\n|poke|p1|Palafin, M|\n|poke|p2|Regieleki|\n|poke|p2|Espathra, F|\n|poke|p2|Palafin, M|\n|poke|p2|Rayquaza|\n|poke|p2|Ogerpon-Hearthflame, F|\n|poke|p2|Ursaluna-Bloodmoon, M|\n|teampreview\n|inactive|Battle timer is ON: inactive players will automatically lose when time's up. (requested by Jeremy647)\n|l|\u2606Jeremy647\n|inactive|Jeremy647 disconnected and has a minute to reconnect!\n|player|p2|\n|j|\u2606Jeremy647\n|inactive|Jeremy647 reconnected and has 130 seconds left.\n|player|p2|Jeremy647|ruinmaniac\n|inactive|Jeremy647 has 120 seconds left.\n|\n|t:|1700587382\n|start\n|switch|p1a: Espathra|Espathra, M|100\/100\n|switch|p2a: Palafin|Palafin, M|100\/100\n|turn|1\n|\n|t:|1700587409\n|move|p2a: Palafin|Flip Turn|p1a: Espathra\n|-damage|p1a: Espathra|67\/100\n|\n|t:|1700587424\n|detailschange|p2a: Palafin|Palafin-Hero, M\n|switch|p2a: Regieleki|Regieleki|100\/100|[from] Flip Turn\n|move|p1a: Espathra|Lumina Crash|p2a: Regieleki\n|-damage|p2a: Regieleki|19\/100\n|-unboost|p2a: Regieleki|spd|2\n|\n|-heal|p1a: Espathra|73\/100|[from] item: Leftovers\n|-ability|p1a: Espathra|Speed Boost|boost\n|-boost|p1a: Espathra|spe|1\n|upkeep\n|turn|2\n|\n|t:|1700587439\n|move|p2a: Regieleki|Volt Switch|p1a: Espathra\n|-damage|p1a: Espathra|0 fnt\n|faint|p1a: Espathra\n|\n|t:|1700587450\n|switch|p2a: Ursaluna|Ursaluna-Bloodmoon, M|100\/100|[from] Volt Switch\n|\n|upkeep\n|\n|t:|1700587454\n|switch|p1a: Zamazenta|Zamazenta-Crowned|100\/100\n|-ability|p1a: Zamazenta|Dauntless Shield|boost\n|-boost|p1a: Zamazenta|def|1\n|turn|3\n|\n|t:|1700587461\n|move|p1a: Zamazenta|Trailblaze|p2a: Ursaluna\n|-supereffective|p2a: Ursaluna\n|-damage|p2a: Ursaluna|78\/100\n|-boost|p1a: Zamazenta|spe|1\n|move|p2a: Ursaluna|Earth Power|p1a: Zamazenta\n|-supereffective|p1a: Zamazenta\n|-crit|p1a: Zamazenta\n|-damage|p1a: Zamazenta|0 fnt\n|faint|p1a: Zamazenta\n|-damage|p2a: Ursaluna|68\/100|[from] item: Life Orb\n|\n|upkeep\n|\n|t:|1700587470\n|switch|p1a: Palafin|Palafin, M|100\/100\n|turn|4\n|\n|t:|1700587481\n|move|p1a: Palafin|Flip Turn|p2a: Ursaluna\n|-supereffective|p2a: Ursaluna\n|-damage|p2a: Ursaluna|22\/100\n|\n|t:|1700587484\n|detailschange|p1a: Palafin|Palafin-Hero, M\n|switch|p1a: Glimmora|Glimmora, M|100\/100|[from] Flip Turn\n|move|p2a: Ursaluna|Blood Moon|p1a: Glimmora\n|-resisted|p1a: Glimmora\n|-damage|p1a: Glimmora|35\/100\n|-damage|p2a: Ursaluna|12\/100|[from] item: Life Orb\n|\n|upkeep\n|turn|5\n|\n|t:|1700587507\n|move|p1a: Glimmora|Stealth Rock|p2a: Ursaluna\n|-sidestart|p2: Jeremy647|move: Stealth Rock\n|move|p2a: Ursaluna|Hyper Voice|p1a: Glimmora\n|-resisted|p1a: Glimmora\n|-damage|p1a: Glimmora|0 fnt\n|faint|p1a: Glimmora\n|-damage|p2a: Ursaluna|2\/100|[from] item: Life Orb\n|\n|upkeep\n|\n|t:|1700587513\n|switch|p1a: Volcarona|Volcarona, F|100\/100\n|turn|6\n|inactive|Jeremy647 has 120 seconds left.\n|\n|t:|1700587545\n|move|p1a: Volcarona|Fiery Dance|p2a: Ursaluna\n|-damage|p2a: Ursaluna|0 fnt\n|faint|p2a: Ursaluna\n|\n|upkeep\n|\n|t:|1700587549\n|switch|p2a: Regieleki|Regieleki|19\/100\n|-damage|p2a: Regieleki|6\/100|[from] Stealth Rock\n|turn|7\n|\n|t:|1700587554\n|move|p2a: Regieleki|Ancient Power|p1a: Volcarona\n|-supereffective|p1a: Volcarona\n|-damage|p1a: Volcarona|0 fnt\n|faint|p1a: Volcarona\n|\n|upkeep\n|\n|t:|1700587558\n|switch|p1a: Annihilape|Annihilape, F|100\/100\n|turn|8\n|\n|t:|1700587563\n|move|p2a: Regieleki|Ancient Power|p1a: Annihilape\n|-resisted|p1a: Annihilape\n|-damage|p1a: Annihilape|89\/100\n|move|p1a: Annihilape|Drain Punch|p2a: Regieleki\n|-damage|p2a: Regieleki|0 fnt\n|-heal|p1a: Annihilape|91\/100|[from] drain|[of] p2a: Regieleki\n|faint|p2a: Regieleki\n|\n|-heal|p1a: Annihilape|97\/100|[from] item: Leftovers\n|upkeep\n|\n|t:|1700587574\n|switch|p2a: Espathra|Espathra, F|100\/100\n|-damage|p2a: Espathra|88\/100|[from] Stealth Rock\n|turn|9\n|\n|t:|1700587577\n|move|p2a: Espathra|Protect|p2a: Espathra\n|-singleturn|p2a: Espathra|Protect\n|move|p1a: Annihilape|Rage Fist|p2a: Espathra\n|-activate|p2a: Espathra|move: Protect\n|\n|-heal|p2a: Espathra|94\/100|[from] item: Leftovers\n|-heal|p1a: Annihilape|100\/100|[from] item: Leftovers\n|-ability|p2a: Espathra|Speed Boost|boost\n|-boost|p2a: Espathra|spe|1\n|upkeep\n|turn|10\n|\n|t:|1700587585\n|move|p2a: Espathra|Lumina Crash|p1a: Annihilape\n|-supereffective|p1a: Annihilape\n|-damage|p1a: Annihilape|35\/100\n|-unboost|p1a: Annihilape|spd|2\n|-ability|p1a: Annihilape|Defiant|boost\n|-boost|p1a: Annihilape|atk|2\n|move|p1a: Annihilape|Rage Fist|p2a: Espathra\n|-supereffective|p2a: Espathra\n|-damage|p2a: Espathra|0 fnt\n|faint|p2a: Espathra\n|\n|-heal|p1a: Annihilape|41\/100|[from] item: Leftovers\n|upkeep\n|\n|t:|1700587590\n|switch|p2a: Palafin|Palafin-Hero, M|100\/100\n|-damage|p2a: Palafin|88\/100|[from] Stealth Rock\n|-activate|p2a: Palafin|ability: Zero to Hero\n|turn|11\n|\n|t:|1700587594\n|-terastallize|p2a: Palafin|Water\n|move|p2a: Palafin|Jet Punch|p1a: Annihilape\n|-damage|p1a: Annihilape|0 fnt\n|faint|p1a: Annihilape\n|\n|upkeep\n|\n|t:|1700587598\n|switch|p1a: Palafin|Palafin-Hero, M|100\/100\n|-activate|p1a: Palafin|ability: Zero to Hero\n|turn|12\n|inactive|Jeremy647 has 120 seconds left.\n|\n|t:|1700587630\n|switch|p2a: Ogerpon|Ogerpon-Hearthflame, F|100\/100\n|-damage|p2a: Ogerpon|76\/100|[from] Stealth Rock\n|-ability|p2a: Ogerpon|Mold Breaker\n|-terastallize|p1a: Palafin|Water\n|move|p1a: Palafin|Jet Punch|p2a: Ogerpon\n|-damage|p2a: Ogerpon|0 fnt\n|faint|p2a: Ogerpon\n|\n|upkeep\n|\n|t:|1700587632\n|switch|p2a: Rayquaza|Rayquaza|100\/100\n|-damage|p2a: Rayquaza|75\/100|[from] Stealth Rock\n|-ability|p2a: Rayquaza|Air Lock\n|turn|13\n|\n|t:|1700587634\n|move|p1a: Palafin|Jet Punch|p2a: Rayquaza\n|-resisted|p2a: Rayquaza\n|-crit|p2a: Rayquaza\n|-damage|p2a: Rayquaza|18\/100\n|move|p2a: Rayquaza|Swords Dance|p2a: Rayquaza\n|-boost|p2a: Rayquaza|atk|2\n|\n|upkeep\n|turn|14\n|\n|t:|1700587637\n|move|p2a: Rayquaza|Extreme Speed|p1a: Palafin\n|-damage|p1a: Palafin|23\/100\n|-damage|p2a: Rayquaza|8\/100|[from] item: Life Orb\n|move|p1a: Palafin|Jet Punch|p2a: Rayquaza\n|-resisted|p2a: Rayquaza\n|-damage|p2a: Rayquaza|0 fnt\n|faint|p2a: Rayquaza\n|\n|upkeep\n|\n|t:|1700587643\n|switch|p2a: Palafin|Palafin-Hero, M, tera:Water|88\/100\n|-damage|p2a: Palafin|76\/100|[from] Stealth Rock\n|turn|15\n|\n|t:|1700587646\n|move|p2a: Palafin|Jet Punch|p1a: Palafin\n|-resisted|p1a: Palafin\n|-damage|p1a: Palafin|0 fnt\n|faint|p1a: Palafin\n|\n|win|Jeremy647\n|raw|phluph9764's rating: 1416 &rarr; <strong>1395<\/strong><br \/>(-21 for losing)\n|raw|Jeremy647's rating: 1392 &rarr; <strong>1413<\/strong><br \/>(+21 for winning)\n|l|\u2606phluph9764\n|l|\u2606Jeremy647\n|j|\u2606Jeremy647\n|player|p2|Jeremy647|ruinmaniac\n","uploadtime":1700588087,"views":0,"p1id":"phluph9764","p2id":"jeremy647","formatid":"gen9anythinggoes","rating":1395,"private":0,"password":""}