{"id":"gen9anythinggoes-1993122852","p1":"voqgz on tiktok","p2":"olala10","format":"[Gen 9] Anything Goes","log":"|j|\u2606voqgz on tiktok\n|j|\u2606olala10\n|t:|1700267449\n|gametype|singles\n|player|p1|voqgz on tiktok|265|1164\n|player|p2|olala10|ltsurge|1150\n|teamsize|p1|6\n|teamsize|p2|6\n|gen|9\n|tier|[Gen 9] Anything Goes\n|rated|\n|rule|HP Percentage Mod: HP is shown in percentages\n|rule|Endless Battle Clause: Forcing endless battles is banned\n|clearpoke\n|poke|p1|Houndstone, M|\n|poke|p1|Slowbro-Galar, M|\n|poke|p1|Chi-Yu|\n|poke|p1|Ursaluna-Bloodmoon, M|\n|poke|p1|Gliscor, F|\n|poke|p1|Tyranitar, F|\n|poke|p2|Gyarados, M|\n|poke|p2|Forretress, F|\n|poke|p2|Delphox, F|\n|poke|p2|Corviknight, M|\n|poke|p2|Dragapult, F|\n|poke|p2|Ursaluna-Bloodmoon, M|\n|teampreview\n|\n|t:|1700267453\n|start\n|switch|p1a: Tyranitar|Tyranitar, F|100\/100\n|switch|p2a: Forretress|Forretress, F|100\/100\n|-weather|Sandstorm|[from] ability: Sand Stream|[of] p1a: Tyranitar\n|turn|1\n|\n|t:|1700267461\n|move|p1a: Tyranitar|Earthquake|p2a: Forretress\n|-damage|p2a: Forretress|82\/100\n|move|p2a: Forretress|Toxic Spikes|p1a: Tyranitar\n|-sidestart|p1: voqgz on tiktok|move: Toxic Spikes\n|\n|-weather|Sandstorm|[upkeep]\n|upkeep\n|turn|2\n|\n|t:|1700267468\n|move|p1a: Tyranitar|Knock Off|p2a: Forretress\n|-damage|p2a: Forretress|59\/100\n|-damage|p1a: Tyranitar|84\/100|[from] item: Rocky Helmet|[of] p2a: Forretress\n|-enditem|p2a: Forretress|Rocky Helmet|[from] move: Knock Off|[of] p1a: Tyranitar\n|move|p2a: Forretress|Gyro Ball|p1a: Tyranitar\n|-supereffective|p1a: Tyranitar\n|-damage|p1a: Tyranitar|60\/100\n|\n|-weather|Sandstorm|[upkeep]\n|upkeep\n|turn|3\n|\n|t:|1700267477\n|move|p1a: Tyranitar|Fire Punch|p2a: Forretress\n|-supereffective|p2a: Forretress\n|-damage|p2a: Forretress|3\/100\n|move|p2a: Forretress|Stealth Rock|p1a: Tyranitar\n|-sidestart|p1: voqgz on tiktok|move: Stealth Rock\n|\n|-weather|Sandstorm|[upkeep]\n|upkeep\n|turn|4\n|\n|t:|1700267483\n|move|p1a: Tyranitar|Fire Punch|p2a: Forretress\n|-supereffective|p2a: Forretress\n|-damage|p2a: Forretress|0 fnt\n|faint|p2a: Forretress\n|\n|-weather|Sandstorm|[upkeep]\n|upkeep\n|\n|t:|1700267489\n|switch|p2a: Ursaluna|Ursaluna-Bloodmoon, M|100\/100\n|turn|5\n|\n|t:|1700267499\n|move|p1a: Tyranitar|Knock Off|p2a: Ursaluna\n|-damage|p2a: Ursaluna|66\/100\n|-enditem|p2a: Ursaluna|Quick Claw|[from] move: Knock Off|[of] p1a: Tyranitar\n|move|p2a: Ursaluna|Calm Mind|p2a: Ursaluna\n|-boost|p2a: Ursaluna|spa|1\n|-boost|p2a: Ursaluna|spd|1\n|\n|-weather|Sandstorm|[upkeep]\n|upkeep\n|turn|6\n|\n|t:|1700267513\n|switch|p1a: Gliscor|Gliscor, F|100\/100\n|-damage|p1a: Gliscor|88\/100|[from] Stealth Rock\n|move|p2a: Ursaluna|Earth Power|p1a: Gliscor\n|-immune|p1a: Gliscor\n|\n|-weather|Sandstorm|[upkeep]\n|-status|p1a: Gliscor|tox|[from] item: Toxic Orb\n|upkeep\n|turn|7\n|\n|t:|1700267523\n|move|p1a: Gliscor|Toxic|p2a: Ursaluna\n|-status|p2a: Ursaluna|tox\n|move|p2a: Ursaluna|Blood Moon|p1a: Gliscor\n|-damage|p1a: Gliscor|0 fnt\n|faint|p1a: Gliscor\n|\n|-weather|Sandstorm|[upkeep]\n|-damage|p2a: Ursaluna|60\/100 tox|[from] psn\n|upkeep\n|\n|t:|1700267536\n|switch|p1a: Slowbro|Slowbro-Galar, M|100\/100\n|-sideend|p1: voqgz on tiktok|move: Toxic Spikes|[of] p1a: Slowbro\n|-damage|p1a: Slowbro|88\/100|[from] Stealth Rock\n|turn|8\n|\n|t:|1700267544\n|move|p2a: Ursaluna|Earth Power|p1a: Slowbro\n|-supereffective|p1a: Slowbro\n|-damage|p1a: Slowbro|0 fnt\n|faint|p1a: Slowbro\n|\n|-weather|none\n|-damage|p2a: Ursaluna|48\/100 tox|[from] psn\n|upkeep\n|\n|t:|1700267552\n|switch|p1a: Chi-Yu|Chi-Yu|100\/100\n|-damage|p1a: Chi-Yu|76\/100|[from] Stealth Rock\n|-ability|p1a: Chi-Yu|Beads of Ruin\n|turn|9\n|\n|t:|1700267561\n|-terastallize|p1a: Chi-Yu|Water\n|move|p1a: Chi-Yu|Tera Blast|p2a: Ursaluna|[anim] Tera Blast Water\n|-supereffective|p2a: Ursaluna\n|-damage|p2a: Ursaluna|0 fnt\n|faint|p2a: Ursaluna\n|\n|upkeep\n|inactive|Battle timer is ON: inactive players will automatically lose when time's up. (requested by voqgz on tiktok)\n|\n|t:|1700267582\n|switch|p2a: Gyarados|Gyarados, M|100\/100\n|turn|10\n|\n|t:|1700267592\n|move|p1a: Chi-Yu|Reflect|p1a: Chi-Yu\n|-sidestart|p1: voqgz on tiktok|Reflect\n|move|p2a: Gyarados|Dragon Dance|p2a: Gyarados\n|-boost|p2a: Gyarados|atk|1\n|-boost|p2a: Gyarados|spe|1\n|\n|upkeep\n|turn|11\n|\n|t:|1700267597\n|move|p2a: Gyarados|Dragon Dance|p2a: Gyarados\n|-boost|p2a: Gyarados|atk|1\n|-boost|p2a: Gyarados|spe|1\n|move|p1a: Chi-Yu|Dark Pulse|p2a: Gyarados\n|-damage|p2a: Gyarados|46\/100\n|\n|-heal|p2a: Gyarados|52\/100|[from] item: Leftovers\n|upkeep\n|turn|12\n|\n|t:|1700267606\n|move|p2a: Gyarados|Earthquake|p1a: Chi-Yu\n|-damage|p1a: Chi-Yu|32\/100\n|move|p1a: Chi-Yu|Dark Pulse|p2a: Gyarados\n|-damage|p2a: Gyarados|0 fnt\n|faint|p2a: Gyarados\n|\n|upkeep\n|\n|t:|1700267617\n|switch|p2a: Delphox|Delphox, F|100\/100\n|turn|13\n|\n|t:|1700267622\n|move|p2a: Delphox|Psychic|p1a: Chi-Yu\n|-damage|p1a: Chi-Yu|0 fnt\n|faint|p1a: Chi-Yu\n|\n|upkeep\n|\n|t:|1700267635\n|switch|p1a: Ursaluna|Ursaluna-Bloodmoon, M|100\/100\n|-damage|p1a: Ursaluna|94\/100|[from] Stealth Rock\n|turn|14\n|\n|t:|1700267648\n|-terastallize|p2a: Delphox|Fighting\n|move|p2a: Delphox|Calm Mind|p2a: Delphox\n|-boost|p2a: Delphox|spa|1\n|-boost|p2a: Delphox|spd|1\n|move|p1a: Ursaluna|Earth Power|p2a: Delphox\n|-damage|p2a: Delphox|65\/100\n|-unboost|p2a: Delphox|spd|1\n|\n|-sideend|p1: voqgz on tiktok|Reflect\n|upkeep\n|turn|15\n|\n|t:|1700267659\n|move|p2a: Delphox|Tera Blast|p1a: Ursaluna|[anim] Tera Blast Fighting\n|-supereffective|p1a: Ursaluna\n|-damage|p1a: Ursaluna|0 fnt\n|faint|p1a: Ursaluna\n|\n|upkeep\n|\n|t:|1700267667\n|switch|p1a: Tyranitar|Tyranitar, F|60\/100\n|-damage|p1a: Tyranitar|48\/100|[from] Stealth Rock\n|-weather|Sandstorm|[from] ability: Sand Stream|[of] p1a: Tyranitar\n|turn|16\n|\n|t:|1700267674\n|move|p2a: Delphox|Tera Blast|p1a: Tyranitar|[anim] Tera Blast Fighting\n|-supereffective|p1a: Tyranitar\n|-damage|p1a: Tyranitar|0 fnt\n|faint|p1a: Tyranitar\n|\n|-weather|Sandstorm|[upkeep]\n|-damage|p2a: Delphox|59\/100|[from] Sandstorm\n|upkeep\n|\n|t:|1700267680\n|switch|p1a: Houndstone|Houndstone, M|100\/100\n|-damage|p1a: Houndstone|88\/100|[from] Stealth Rock\n|turn|17\n|\n|t:|1700267686\n|move|p1a: Houndstone|Last Respects|p2a: Delphox\n|-damage|p2a: Delphox|0 fnt\n|faint|p2a: Delphox\n|\n|-weather|Sandstorm|[upkeep]\n|upkeep\n|\n|t:|1700267695\n|switch|p2a: Corviknight|Corviknight, M|100\/100\n|turn|18\n|\n|t:|1700267702\n|move|p1a: Houndstone|Last Respects|p2a: Corviknight\n|-damage|p2a: Corviknight|11\/100\n|move|p2a: Corviknight|Iron Head|p1a: Houndstone\n|-damage|p1a: Houndstone|65\/100\n|\n|-weather|Sandstorm|[upkeep]\n|-heal|p2a: Corviknight|17\/100|[from] item: Leftovers\n|upkeep\n|turn|19\n|\n|t:|1700267709\n|move|p1a: Houndstone|Last Respects|p2a: Corviknight\n|-damage|p2a: Corviknight|0 fnt\n|faint|p2a: Corviknight\n|\n|-weather|Sandstorm|[upkeep]\n|upkeep\n|\n|t:|1700267715\n|switch|p2a: Dragapult|Dragapult, F|100\/100\n|turn|20\n|\n|t:|1700267719\n|move|p1a: Houndstone|Last Respects|p2a: Dragapult\n|-supereffective|p2a: Dragapult\n|-enditem|p2a: Dragapult|Focus Sash\n|-damage|p2a: Dragapult|1\/100\n|move|p2a: Dragapult|Phantom Force||[still]\n|-prepare|p2a: Dragapult|Phantom Force\n|\n|-weather|Sandstorm|[upkeep]\n|-damage|p2a: Dragapult|0 fnt|[from] Sandstorm\n|faint|p2a: Dragapult\n|\n|win|voqgz on tiktok\n|upkeep\n|raw|voqgz on tiktok's rating: 1164 &rarr; <strong>1188<\/strong><br \/>(+24 for winning)\n|raw|olala10's rating: 1150 &rarr; <strong>1126<\/strong><br \/>(-24 for losing)\n|l|\u2606olala10\n","uploadtime":1700267737,"views":35,"p1id":"voqgzontiktok","p2id":"olala10","formatid":"gen9anythinggoes","rating":1126,"private":0,"password":""}