{"id":"gen9anythinggoes-1989155869","p1":"JokeTeamMaker","p2":"seu minino","format":"[Gen 9] Anything Goes","log":"|j|\u2606JokeTeamMaker\n|j|\u2606seu minino\n|t:|1699818160\n|gametype|singles\n|player|p1|JokeTeamMaker|maid|1012\n|player|p2|seu minino|wattson|1085\n|teamsize|p1|6\n|teamsize|p2|6\n|gen|9\n|tier|[Gen 9] Anything Goes\n|rated|\n|rule|HP Percentage Mod: HP is shown in percentages\n|rule|Endless Battle Clause: Forcing endless battles is banned\n|clearpoke\n|poke|p1|Ribombee, F|\n|poke|p1|Ogerpon-Cornerstone, F|\n|poke|p1|Glimmora, M|\n|poke|p1|Empoleon, M|\n|poke|p1|Walking Wake|\n|poke|p1|Samurott-Hisui, M|\n|poke|p2|Zoroark-Hisui, M|\n|poke|p2|Eelektross, F|\n|poke|p2|Ninetales-Alola, F|\n|poke|p2|Gallade, M|\n|poke|p2|Tyranitar, M|\n|poke|p2|Quagsire, F|\n|teampreview\n|inactive|Battle timer is ON: inactive players will automatically lose when time's up. (requested by seu minino)\n|c|\u2606seu minino|nice team\n|\n|t:|1699818180\n|start\n|switch|p1a: Random Ribombee|Ribombee, F|100\/100\n|switch|p2a: Bah!|Quagsire, F, shiny|100\/100\n|turn|1\n|c|\u2606JokeTeamMaker|Thanks, it's randomized\n|\n|t:|1699818196\n|move|p1a: Random Ribombee|Stun Spore|p2a: Bah!\n|-status|p2a: Bah!|par\n|move|p2a: Bah!|Trick|p1a: Random Ribombee\n|-activate|p2a: Bah!|move: Trick|[of] p1a: Random Ribombee\n|-item|p1a: Random Ribombee|Flame Orb|[from] move: Trick\n|-item|p2a: Bah!|Focus Sash|[from] move: Trick\n|\n|-status|p1a: Random Ribombee|brn|[from] item: Flame Orb\n|upkeep\n|turn|2\n|c|\u2606seu minino|ooh thats cool\n|\n|t:|1699818223\n|move|p1a: Random Ribombee|Psychic|p2a: Bah!\n|-damage|p2a: Bah!|52\/100 par\n|replace|p2a: E-Boy|Zoroark-Hisui, M, shiny\n|-end|p2a: E-Boy|Illusion\n|move|p2a: E-Boy|Bitter Malice|p1a: Random Ribombee\n|-damage|p1a: Random Ribombee|49\/100 brn\n|\n|-damage|p1a: Random Ribombee|43\/100 brn|[from] brn\n|upkeep\n|turn|3\n|\n|t:|1699818237\n|move|p1a: Random Ribombee|Psychic|p2a: E-Boy\n|-damage|p2a: E-Boy|0 fnt\n|faint|p2a: E-Boy\n|\n|-damage|p1a: Random Ribombee|37\/100 brn|[from] brn\n|upkeep\n|\n|t:|1699818248\n|switch|p2a: Kairoju II|Tyranitar, M, shiny|100\/100\n|-weather|Sandstorm|[from] ability: Sand Stream|[of] p2a: Kairoju II\n|turn|4\n|\n|t:|1699818267\n|move|p1a: Random Ribombee|Moonblast|p2a: Kairoju II\n|-supereffective|p2a: Kairoju II\n|-damage|p2a: Kairoju II|57\/100\n|-unboost|p2a: Kairoju II|spa|1\n|move|p2a: Kairoju II|Stealth Rock|p1a: Random Ribombee\n|-sidestart|p1: JokeTeamMaker|move: Stealth Rock\n|\n|-weather|Sandstorm|[upkeep]\n|-damage|p1a: Random Ribombee|30\/100 brn|[from] Sandstorm\n|-heal|p2a: Kairoju II|64\/100|[from] item: Leftovers\n|-damage|p1a: Random Ribombee|24\/100 brn|[from] brn\n|upkeep\n|turn|5\n|\n|t:|1699818280\n|switch|p2a: Bah!|Quagsire, F, shiny|100\/100\n|move|p1a: Random Ribombee|Moonblast|p2a: Bah!\n|-damage|p2a: Bah!|47\/100\n|\n|-weather|Sandstorm|[upkeep]\n|-damage|p1a: Random Ribombee|18\/100 brn|[from] Sandstorm\n|-heal|p2a: Bah!|53\/100|[from] item: Leftovers\n|-damage|p1a: Random Ribombee|12\/100 brn|[from] brn\n|upkeep\n|turn|6\n|\n|t:|1699818291\n|move|p1a: Random Ribombee|Moonblast|p2a: Bah!\n|-damage|p2a: Bah!|6\/100\n|-unboost|p2a: Bah!|spa|1\n|move|p2a: Bah!|Toxic Spikes|p1a: Random Ribombee\n|-sidestart|p1: JokeTeamMaker|move: Toxic Spikes\n|\n|-weather|Sandstorm|[upkeep]\n|-damage|p1a: Random Ribombee|6\/100 brn|[from] Sandstorm\n|-heal|p2a: Bah!|12\/100|[from] item: Leftovers\n|-damage|p1a: Random Ribombee|0 fnt|[from] brn\n|faint|p1a: Random Ribombee\n|upkeep\n|\n|t:|1699818303\n|switch|p1a: Random Ogerpon|Ogerpon-Cornerstone, F|100\/100\n|-damage|p1a: Random Ogerpon|88\/100|[from] Stealth Rock\n|-status|p1a: Random Ogerpon|psn\n|turn|7\n|\n|t:|1699818312\n|move|p1a: Random Ogerpon|Taunt|p2a: Bah!\n|-start|p2a: Bah!|move: Taunt\n|cant|p2a: Bah!|move: Taunt|Toxic Spikes\n|\n|-weather|Sandstorm|[upkeep]\n|-heal|p2a: Bah!|18\/100|[from] item: Leftovers\n|-damage|p1a: Random Ogerpon|76\/100 psn|[from] psn\n|upkeep\n|turn|8\n|\n|t:|1699818324\n|move|p1a: Random Ogerpon|Power Whip|p2a: Bah!\n|-supereffective|p2a: Bah!\n|-damage|p2a: Bah!|0 fnt\n|faint|p2a: Bah!\n|\n|-weather|none\n|-damage|p1a: Random Ogerpon|64\/100 psn|[from] psn\n|upkeep\n|\n|t:|1699818331\n|switch|p2a: Lua|Ninetales-Alola, F, shiny|100\/100\n|-weather|Snow|[from] ability: Snow Warning|[of] p2a: Lua\n|turn|9\n|\n|t:|1699818352\n|-terastallize|p1a: Random Ogerpon|Rock\n|detailschange|p1a: Random Ogerpon|Ogerpon-Cornerstone-Tera, F, tera:Rock\n|-ability|p1a: Random Ogerpon|Embody Aspect (Cornerstone)|boost\n|-boost|p1a: Random Ogerpon|def|1\n|move|p1a: Random Ogerpon|Ivy Cudgel|p2a: Lua\n|-supereffective|p2a: Lua\n|-crit|p2a: Lua\n|-damage|p2a: Lua|0 fnt\n|faint|p2a: Lua\n|\n|-weather|Snow|[upkeep]\n|-damage|p1a: Random Ogerpon|51\/100 psn|[from] psn\n|upkeep\n|\n|t:|1699818370\n|switch|p2a: Guerreiro Azul|Gallade, M, shiny|100\/100\n|turn|10\n|\n|t:|1699818386\n|move|p1a: Random Ogerpon|Taunt|p2a: Guerreiro Azul\n|-start|p2a: Guerreiro Azul|move: Taunt\n|move|p2a: Guerreiro Azul|Leaf Blade|p1a: Random Ogerpon\n|-supereffective|p1a: Random Ogerpon\n|-crit|p1a: Random Ogerpon\n|-damage|p1a: Random Ogerpon|0 fnt\n|faint|p1a: Random Ogerpon\n|\n|-weather|Snow|[upkeep]\n|upkeep\n|\n|t:|1699818395\n|switch|p1a: Random Glimmora|Glimmora, M|100\/100\n|-damage|p1a: Random Glimmora|88\/100|[from] Stealth Rock\n|-sideend|p1: JokeTeamMaker|move: Toxic Spikes|[of] p1a: Random Glimmora\n|turn|11\n|inactive|JokeTeamMaker has 120 seconds left.\n|\n|t:|1699818416\n|move|p1a: Random Glimmora|Mortal Spin|p2a: Guerreiro Azul\n|-damage|p2a: Guerreiro Azul|89\/100\n|-status|p2a: Guerreiro Azul|psn\n|-sideend|p1: JokeTeamMaker|Stealth Rock|[from] move: Mortal Spin|[of] p1a: Random Glimmora\n|move|p2a: Guerreiro Azul|Drain Punch|p1a: Random Glimmora\n|-damage|p1a: Random Glimmora|46\/100\n|-heal|p2a: Guerreiro Azul|100\/100 psn|[from] drain|[of] p1a: Random Glimmora\n|-activate|p1a: Random Glimmora|ability: Toxic Debris\n|-sidestart|p2: seu minino|move: Toxic Spikes\n|\n|-weather|Snow|[upkeep]\n|-damage|p2a: Guerreiro Azul|88\/100 psn|[from] psn\n|upkeep\n|turn|12\n|inactive|JokeTeamMaker has 120 seconds left.\n|\n|t:|1699818431\n|move|p1a: Random Glimmora|Energy Ball|p2a: Guerreiro Azul\n|-damage|p2a: Guerreiro Azul|54\/100 psn\n|move|p2a: Guerreiro Azul|Drain Punch|p1a: Random Glimmora\n|-damage|p1a: Random Glimmora|0 fnt\n|-heal|p2a: Guerreiro Azul|79\/100 psn|[from] drain|[of] p1a: Random Glimmora\n|-activate|p1a: Random Glimmora|ability: Toxic Debris\n|-sidestart|p2: seu minino|move: Toxic Spikes\n|faint|p1a: Random Glimmora\n|\n|-weather|Snow|[upkeep]\n|-heal|p2a: Guerreiro Azul|85\/100 psn|[from] item: Leftovers\n|-damage|p2a: Guerreiro Azul|73\/100 psn|[from] psn\n|-end|p2a: Guerreiro Azul|move: Taunt\n|upkeep\n|\n|t:|1699818447\n|switch|p1a: Random Penguin|Empoleon, M|100\/100\n|turn|13\n|\n|t:|1699818470\n|move|p2a: Guerreiro Azul|Drain Punch|p1a: Random Penguin\n|-supereffective|p1a: Random Penguin\n|-damage|p1a: Random Penguin|19\/100\n|-heal|p2a: Guerreiro Azul|100\/100 psn|[from] drain|[of] p1a: Random Penguin\n|move|p1a: Random Penguin|Stealth Rock|p2a: Guerreiro Azul\n|-sidestart|p2: seu minino|move: Stealth Rock\n|\n|-weather|none\n|-heal|p1a: Random Penguin|25\/100|[from] item: Leftovers\n|-damage|p2a: Guerreiro Azul|88\/100 psn|[from] psn\n|upkeep\n|turn|14\n|\n|t:|1699818481\n|move|p2a: Guerreiro Azul|Drain Punch|p1a: Random Penguin\n|-supereffective|p1a: Random Penguin\n|-damage|p1a: Random Penguin|0 fnt\n|-heal|p2a: Guerreiro Azul|100\/100 psn|[from] drain|[of] p1a: Random Penguin\n|faint|p1a: Random Penguin\n|\n|-damage|p2a: Guerreiro Azul|88\/100 psn|[from] psn\n|upkeep\n|\n|t:|1699818489\n|switch|p1a: Random Wake|Walking Wake|100\/100\n|-enditem|p1a: Random Wake|Booster Energy\n|-activate|p1a: Random Wake|ability: Protosynthesis|[fromitem]\n|-start|p1a: Random Wake|protosynthesisspa\n|turn|15\n|\n|t:|1699818498\n|move|p1a: Random Wake|Substitute|p1a: Random Wake\n|-start|p1a: Random Wake|Substitute\n|-damage|p1a: Random Wake|76\/100\n|move|p2a: Guerreiro Azul|Leaf Blade|p1a: Random Wake\n|-end|p1a: Random Wake|Substitute\n|\n|-heal|p2a: Guerreiro Azul|94\/100 psn|[from] item: Leftovers\n|-damage|p2a: Guerreiro Azul|82\/100 psn|[from] psn\n|upkeep\n|turn|16\n|\n|t:|1699818507\n|move|p1a: Random Wake|Dragon Pulse|p2a: Guerreiro Azul\n|-damage|p2a: Guerreiro Azul|12\/100 psn\n|move|p2a: Guerreiro Azul|Leaf Blade|p1a: Random Wake\n|-damage|p1a: Random Wake|24\/100\n|\n|-heal|p2a: Guerreiro Azul|18\/100 psn|[from] item: Leftovers\n|-damage|p2a: Guerreiro Azul|6\/100 psn|[from] psn\n|upkeep\n|turn|17\n|\n|t:|1699818517\n|move|p1a: Random Wake|Dragon Pulse|p2a: Guerreiro Azul\n|-damage|p2a: Guerreiro Azul|0 fnt\n|faint|p2a: Guerreiro Azul\n|\n|upkeep\n|\n|t:|1699818521\n|switch|p2a: Jararaca|Eelektross, F, shiny|100\/100\n|-damage|p2a: Jararaca|88\/100|[from] Stealth Rock\n|turn|18\n|\n|t:|1699818533\n|move|p1a: Random Wake|Agility|p1a: Random Wake\n|-boost|p1a: Random Wake|spe|2\n|move|p2a: Jararaca|Dragon Tail|p1a: Random Wake\n|-supereffective|p1a: Random Wake\n|-damage|p1a: Random Wake|0 fnt\n|faint|p1a: Random Wake\n|-end|p1a: Random Wake|Protosynthesis|[silent]\n|\n|-heal|p2a: Jararaca|94\/100|[from] item: Leftovers\n|upkeep\n|\n|t:|1699818542\n|switch|p1a: Random Samurott|Samurott-Hisui, M|100\/100\n|turn|19\n|\n|t:|1699818555\n|-terastallize|p2a: Jararaca|Electric\n|move|p1a: Random Samurott|Knock Off|p2a: Jararaca\n|-crit|p2a: Jararaca\n|-damage|p2a: Jararaca|20\/100\n|-enditem|p2a: Jararaca|Leftovers|[from] move: Knock Off|[of] p1a: Random Samurott\n|move|p2a: Jararaca|Discharge|p1a: Random Samurott\n|-supereffective|p1a: Random Samurott\n|-enditem|p1a: Random Samurott|Focus Sash\n|-damage|p1a: Random Samurott|1\/100\n|\n|upkeep\n|turn|20\n|\n|t:|1699818567\n|move|p1a: Random Samurott|Knock Off|p2a: Jararaca\n|-damage|p2a: Jararaca|0 fnt\n|faint|p2a: Jararaca\n|\n|upkeep\n|\n|t:|1699818571\n|switch|p2a: Kairoju II|Tyranitar, M, shiny|64\/100\n|-status|p2a: Kairoju II|tox\n|-damage|p2a: Kairoju II|51\/100 tox|[from] Stealth Rock\n|-weather|Sandstorm|[from] ability: Sand Stream|[of] p2a: Kairoju II\n|turn|21\n|inactive|JokeTeamMaker has 120 seconds left.\n|c|\u2606JokeTeamMaker|Welp, gg\n|\n|t:|1699818580\n|move|p1a: Random Samurott|Aqua Jet|p2a: Kairoju II\n|-supereffective|p2a: Kairoju II\n|-damage|p2a: Kairoju II|23\/100 tox\n|move|p2a: Kairoju II|Body Press|p1a: Random Samurott\n|-supereffective|p1a: Random Samurott\n|-damage|p1a: Random Samurott|0 fnt\n|faint|p1a: Random Samurott\n|\n|win|seu minino\n|raw|JokeTeamMaker's rating: 1012 &rarr; <strong>1003<\/strong><br \/>(-9 for losing)\n|raw|seu minino's rating: 1085 &rarr; <strong>1107<\/strong><br \/>(+22 for winning)\n|c|\u2606seu minino|gg\n","uploadtime":1699818589,"views":6,"p1id":"joketeammaker","p2id":"seuminino","formatid":"gen9anythinggoes","rating":1003,"private":0,"password":""}