{"id":"gen9anythinggoes-1977417623","p1":"hoenn militian","p2":"Main Ubers","format":"[Gen 9] Anything Goes","log":"|j|\u2606hoenn militian\n|j|\u2606Main Ubers\n|t:|1698415325\n|gametype|singles\n|player|p1|hoenn militian|169|1690\n|player|p2|Main Ubers|peonia|1837\n|teamsize|p1|6\n|teamsize|p2|6\n|gen|9\n|tier|[Gen 9] Anything Goes\n|rated|\n|rule|HP Percentage Mod: HP is shown in percentages\n|rule|Endless Battle Clause: Forcing endless battles is banned\n|clearpoke\n|poke|p1|Miraidon|\n|poke|p1|Grimmsnarl, M|\n|poke|p1|Skeledirge, F|\n|poke|p1|Blissey, F|\n|poke|p1|Azumarill, M|\n|poke|p1|Calyrex-Ice|\n|poke|p2|Grimmsnarl, M|\n|poke|p2|Glimmora, F|\n|poke|p2|Arceus|\n|poke|p2|Arceus-Ground|\n|poke|p2|Koraidon|\n|poke|p2|Calyrex-Shadow|\n|teampreview\n|inactive|Battle timer is ON: inactive players will automatically lose when time's up. (requested by Main Ubers)\n|\n|t:|1698415334\n|start\n|switch|p1a: Miraidon|Miraidon|100\/100\n|switch|p2a: Glimmora|Glimmora, F|100\/100\n|-fieldstart|move: Electric Terrain|[from] ability: Hadron Engine|[of] p1a: Miraidon\n|turn|1\n|\n|t:|1698415344\n|move|p1a: Miraidon|Dragon Pulse|p2a: Glimmora\n|-damage|p2a: Glimmora|26\/100\n|move|p2a: Glimmora|Mud Shot|p1a: Miraidon\n|-supereffective|p1a: Miraidon\n|-damage|p1a: Miraidon|66\/100\n|-unboost|p1a: Miraidon|spe|1\n|\n|upkeep\n|turn|2\n|\n|t:|1698415357\n|move|p2a: Glimmora|Stealth Rock|p1a: Miraidon\n|-sidestart|p1: hoenn militian|move: Stealth Rock\n|move|p1a: Miraidon|Dragon Pulse|p2a: Glimmora\n|-damage|p2a: Glimmora|0 fnt\n|faint|p2a: Glimmora\n|\n|upkeep\n|\n|t:|1698415364\n|switch|p2a: Arceus|Arceus-Ground|100\/100\n|turn|3\n|\n|t:|1698415374\n|move|p1a: Miraidon|Protect|p1a: Miraidon\n|-singleturn|p1a: Miraidon|Protect\n|move|p2a: Arceus|Dragon Dance|p2a: Arceus\n|-boost|p2a: Arceus|atk|1\n|-boost|p2a: Arceus|spe|1\n|\n|upkeep\n|turn|4\n|\n|t:|1698415396\n|switch|p1a: Skeledirge|Skeledirge, F|100\/100\n|move|p2a: Arceus|Dragon Dance|p2a: Arceus\n|-boost|p2a: Arceus|atk|1\n|-boost|p2a: Arceus|spe|1\n|\n|upkeep\n|turn|5\n|\n|t:|1698415405\n|-terastallize|p1a: Skeledirge|Flying\n|move|p2a: Arceus|Taunt|p1a: Skeledirge\n|-start|p1a: Skeledirge|move: Taunt\n|cant|p1a: Skeledirge|move: Taunt|Will-O-Wisp\n|\n|-fieldend|move: Electric Terrain\n|upkeep\n|turn|6\n|\n|t:|1698415428\n|move|p2a: Arceus|Tera Blast|p1a: Skeledirge\n|-damage|p1a: Skeledirge|82\/100\n|move|p1a: Skeledirge|Torch Song|p2a: Arceus\n|-damage|p2a: Arceus|81\/100\n|-boost|p1a: Skeledirge|spa|1\n|\n|upkeep\n|turn|7\n|\n|t:|1698415436\n|move|p2a: Arceus|Tera Blast|p1a: Skeledirge\n|-damage|p1a: Skeledirge|60\/100\n|move|p1a: Skeledirge|Torch Song|p2a: Arceus\n|-damage|p2a: Arceus|49\/100\n|-boost|p1a: Skeledirge|spa|1\n|\n|-end|p1a: Skeledirge|move: Taunt\n|upkeep\n|turn|8\n|\n|t:|1698415443\n|move|p2a: Arceus|Tera Blast|p1a: Skeledirge\n|-damage|p1a: Skeledirge|39\/100\n|move|p1a: Skeledirge|Torch Song|p2a: Arceus\n|-damage|p2a: Arceus|10\/100\n|-boost|p1a: Skeledirge|spa|1\n|\n|upkeep\n|turn|9\n|\n|t:|1698415450\n|move|p2a: Arceus|Taunt|p1a: Skeledirge\n|-start|p1a: Skeledirge|move: Taunt\n|move|p1a: Skeledirge|Torch Song|p2a: Arceus\n|-damage|p2a: Arceus|0 fnt\n|-boost|p1a: Skeledirge|spa|1\n|faint|p2a: Arceus\n|\n|upkeep\n|\n|t:|1698415457\n|switch|p2a: Calyrex|Calyrex-Shadow|100\/100\n|-ability|p2a: Calyrex|As One\n|-ability|p2a: Calyrex|Unnerve\n|turn|10\n|\n|t:|1698415464\n|switch|p1a: Grimmsnarl|Grimmsnarl, M|100\/100\n|move|p2a: Calyrex|Astral Barrage|p1a: Grimmsnarl\n|-resisted|p1a: Grimmsnarl\n|-damage|p1a: Grimmsnarl|77\/100\n|\n|upkeep\n|turn|11\n|\n|t:|1698415472\n|move|p1a: Grimmsnarl|Parting Shot|p2a: Calyrex\n|-unboost|p2a: Calyrex|atk|1\n|-unboost|p2a: Calyrex|spa|1\n|\n|t:|1698415483\n|switch|p1a: Calyrex|Calyrex-Ice|100\/100|[from] Parting Shot\n|-ability|p1a: Calyrex|As One\n|-ability|p1a: Calyrex|Unnerve\n|move|p2a: Calyrex|Encore||[still]\n|-fail|p2a: Calyrex\n|\n|upkeep\n|turn|12\n|\n|t:|1698415496\n|switch|p2a: Grimmsnarl|Grimmsnarl, M|100\/100\n|move|p1a: Calyrex|Glacial Lance|p2a: Grimmsnarl\n|-damage|p2a: Grimmsnarl|7\/100\n|\n|upkeep\n|turn|13\n|\n|t:|1698415503\n|move|p2a: Grimmsnarl|Taunt|p1a: Calyrex\n|-start|p1a: Calyrex|move: Taunt\n|move|p1a: Calyrex|Glacial Lance|p2a: Grimmsnarl\n|-damage|p2a: Grimmsnarl|0 fnt\n|faint|p2a: Grimmsnarl\n|-ability|p1a: Calyrex|Chilling Neigh|boost\n|-boost|p1a: Calyrex|atk|1\n|\n|upkeep\n|\n|t:|1698415508\n|switch|p2a: Calyrex|Calyrex-Shadow|100\/100\n|-ability|p2a: Calyrex|As One\n|-ability|p2a: Calyrex|Unnerve\n|turn|14\n|\n|t:|1698415521\n|switch|p1a: Blissey|Blissey, F|100\/100\n|move|p2a: Calyrex|Astral Barrage|p1a: Blissey\n|-immune|p1a: Blissey\n|\n|upkeep\n|turn|15\n|\n|t:|1698415528\n|switch|p1a: Grimmsnarl|Grimmsnarl, M|77\/100\n|move|p2a: Calyrex|Nasty Plot|p2a: Calyrex\n|-boost|p2a: Calyrex|spa|2\n|\n|upkeep\n|turn|16\n|\n|t:|1698415535\n|move|p2a: Calyrex|Draining Kiss|p1a: Grimmsnarl\n|-supereffective|p1a: Grimmsnarl\n|-damage|p1a: Grimmsnarl|27\/100\n|move|p1a: Grimmsnarl|Foul Play|p2a: Calyrex\n|-supereffective|p2a: Calyrex\n|-damage|p2a: Calyrex|19\/100\n|\n|-heal|p2a: Calyrex|25\/100|[from] item: Leftovers\n|upkeep\n|turn|17\n|\n|t:|1698415551\n|move|p1a: Grimmsnarl|Sucker Punch|p2a: Calyrex\n|-supereffective|p2a: Calyrex\n|-damage|p2a: Calyrex|0 fnt\n|faint|p2a: Calyrex\n|\n|upkeep\n|\n|t:|1698415563\n|switch|p2a: Arceus|Arceus|100\/100\n|turn|18\n|inactive|Main Ubers has 120 seconds left.\n|\n|t:|1698415605\n|move|p1a: Grimmsnarl|Parting Shot|p2a: Arceus\n|-unboost|p2a: Arceus|atk|1\n|-unboost|p2a: Arceus|spa|1\n|\n|t:|1698415622\n|switch|p1a: Azumarill|Azumarill, M|100\/100|[from] Parting Shot\n|move|p2a: Arceus|Bulk Up|p2a: Arceus\n|-boost|p2a: Arceus|atk|1\n|-boost|p2a: Arceus|def|1\n|\n|upkeep\n|turn|19\n|inactive|Main Ubers has 120 seconds left.\n|\n|t:|1698415631\n|move|p2a: Arceus|Extreme Speed|p1a: Azumarill\n|-damage|p1a: Azumarill|69\/100\n|move|p1a: Azumarill|Encore|p2a: Arceus\n|-start|p2a: Arceus|Encore\n|\n|upkeep\n|turn|20\n|inactive|Main Ubers has 120 seconds left.\n|\n|t:|1698415654\n|switch|p1a: Blissey|Blissey, F|100\/100\n|move|p2a: Arceus|Extreme Speed|p1a: Blissey\n|-damage|p1a: Blissey|9\/100\n|\n|upkeep\n|turn|21\n|inactive|Main Ubers has 120 seconds left.\n|\n|t:|1698415668\n|switch|p2a: Koraidon|Koraidon|100\/100\n|-weather|SunnyDay|[from] ability: Orichalcum Pulse|[of] p2a: Koraidon\n|-activate|p2a: Koraidon|Orichalcum Pulse|[source]\n|move|p1a: Blissey|Stealth Rock|p2a: Koraidon\n|-sidestart|p2: Main Ubers|move: Stealth Rock\n|\n|-weather|SunnyDay|[upkeep]\n|upkeep\n|turn|22\n|inactive|Main Ubers has 120 seconds left.\n|\n|t:|1698415678\n|switch|p1a: Grimmsnarl|Grimmsnarl, M|27\/100\n|move|p2a: Koraidon|Swords Dance|p2a: Koraidon\n|-boost|p2a: Koraidon|atk|2\n|\n|-weather|SunnyDay|[upkeep]\n|upkeep\n|turn|23\n|inactive|Main Ubers has 120 seconds left.\n|\n|t:|1698415688\n|switch|p1a: Blissey|Blissey, F|9\/100\n|move|p2a: Koraidon|Low Kick|p1a: Blissey\n|-supereffective|p1a: Blissey\n|-damage|p1a: Blissey|0 fnt\n|faint|p1a: Blissey\n|\n|-weather|SunnyDay|[upkeep]\n|upkeep\n|\n|t:|1698415700\n|switch|p1a: Azumarill|Azumarill, M|69\/100\n|turn|24\n|\n|t:|1698415709\n|move|p2a: Koraidon|Flare Blitz|p1a: Azumarill\n|-resisted|p1a: Azumarill\n|-damage|p1a: Azumarill|37\/100\n|-damage|p2a: Koraidon|88\/100|[from] Recoil\n|move|p1a: Azumarill|Perish Song|p1a: Azumarill\n|-start|p1a: Azumarill|perish3|[silent]\n|-start|p2a: Koraidon|perish3|[silent]\n|-fieldactivate|move: Perish Song\n|\n|-weather|SunnyDay|[upkeep]\n|-start|p2a: Koraidon|perish3\n|-start|p1a: Azumarill|perish3\n|upkeep\n|turn|25\n|\n|t:|1698415718\n|switch|p2a: Arceus|Arceus|100\/100\n|-damage|p2a: Arceus|88\/100|[from] Stealth Rock\n|move|p1a: Azumarill|Rest|p1a: Azumarill\n|-status|p1a: Azumarill|slp|[from] move: Rest\n|-heal|p1a: Azumarill|100\/100 slp|[silent]\n|\n|-weather|none\n|-heal|p2a: Arceus|94\/100|[from] item: Leftovers\n|-start|p1a: Azumarill|perish2\n|upkeep\n|turn|26\n|\n|t:|1698415739\n|switch|p2a: Koraidon|Koraidon|88\/100\n|-damage|p2a: Koraidon|81\/100|[from] Stealth Rock\n|-weather|SunnyDay|[from] ability: Orichalcum Pulse|[of] p2a: Koraidon\n|-activate|p2a: Koraidon|Orichalcum Pulse|[source]\n|switch|p1a: Calyrex|Calyrex-Ice|100\/100\n|-ability|p1a: Calyrex|As One\n|-ability|p1a: Calyrex|Unnerve\n|\n|-weather|SunnyDay|[upkeep]\n|upkeep\n|turn|27\n|\n|t:|1698415753\n|move|p2a: Koraidon|Flare Blitz|p1a: Calyrex\n|-supereffective|p1a: Calyrex\n|-damage|p1a: Calyrex|6\/100\n|-damage|p2a: Koraidon|44\/100|[from] Recoil\n|move|p1a: Calyrex|Glacial Lance|p2a: Koraidon\n|-supereffective|p2a: Koraidon\n|-damage|p2a: Koraidon|0 fnt\n|faint|p2a: Koraidon\n|-ability|p1a: Calyrex|Chilling Neigh|boost\n|-boost|p1a: Calyrex|atk|1\n|\n|-weather|SunnyDay|[upkeep]\n|upkeep\n|\n|t:|1698415760\n|switch|p2a: Arceus|Arceus|94\/100\n|-damage|p2a: Arceus|82\/100|[from] Stealth Rock\n|turn|28\n|j| GUESSWHOTPRADO\n|\n|t:|1698415767\n|move|p2a: Arceus|Extreme Speed|p1a: Calyrex\n|-damage|p1a: Calyrex|0 fnt\n|faint|p1a: Calyrex\n|\n|-weather|SunnyDay|[upkeep]\n|-heal|p2a: Arceus|88\/100|[from] item: Leftovers\n|upkeep\n|\n|t:|1698415785\n|switch|p1a: Azumarill|Azumarill, M|100\/100 slp\n|turn|29\n|\n|t:|1698415790\n|move|p2a: Arceus|Bulk Up|p2a: Arceus\n|-boost|p2a: Arceus|atk|1\n|-boost|p2a: Arceus|def|1\n|cant|p1a: Azumarill|slp\n|\n|-weather|SunnyDay|[upkeep]\n|-heal|p2a: Arceus|94\/100|[from] item: Leftovers\n|upkeep\n|turn|30\n|\n|t:|1698415799\n|move|p2a: Arceus|Bulk Up|p2a: Arceus\n|-boost|p2a: Arceus|atk|1\n|-boost|p2a: Arceus|def|1\n|cant|p1a: Azumarill|slp\n|\n|-weather|none\n|-heal|p2a: Arceus|100\/100|[from] item: Leftovers\n|upkeep\n|turn|31\n|\n|t:|1698415807\n|-terastallize|p2a: Arceus|Normal\n|move|p2a: Arceus|Extreme Speed|p1a: Azumarill\n|-damage|p1a: Azumarill|6\/100 slp\n|-curestatus|p1a: Azumarill|slp|[msg]\n|move|p1a: Azumarill|Perish Song|p1a: Azumarill\n|-start|p1a: Azumarill|perish3|[silent]\n|-start|p2a: Arceus|perish3|[silent]\n|-fieldactivate|move: Perish Song\n|\n|-start|p2a: Arceus|perish3\n|-start|p1a: Azumarill|perish3\n|upkeep\n|turn|32\n|\n|t:|1698415826\n|move|p2a: Arceus|Shadow Claw|p1a: Azumarill\n|-damage|p1a: Azumarill|0 fnt\n|faint|p1a: Azumarill\n|\n|-start|p2a: Arceus|perish2\n|upkeep\n|j| Scorpion257\n|\n|t:|1698415833\n|switch|p1a: Skeledirge|Skeledirge, F, tera:Flying|39\/100\n|turn|33\n|-message|Main Ubers forfeited.\n|\n|win|hoenn militian\n|raw|hoenn militian's rating: 1690 &rarr; <strong>1718<\/strong><br \/>(+28 for winning)\n|raw|Main Ubers's rating: 1837 &rarr; <strong>1809<\/strong><br \/>(-28 for losing)\n|l|\u2606Main Ubers\n|l| Scorpion257\n|l| GUESSWHOTPRADO\n","uploadtime":1698415839,"views":28,"p1id":"hoennmilitian","p2id":"mainubers","formatid":"gen9anythinggoes","rating":1718,"private":0,"password":""}