{"id":"gen9anythinggoes-1992858626","p1":"CertifiedDumbass1","p2":"Frosty458","format":"[Gen 9] Anything Goes","log":"|j|\u2606CertifiedDumbass1\n|j|\u2606Frosty458\n|t:|1700241577\n|gametype|singles\n|player|p1|CertifiedDumbass1|drayden|\n|player|p2|Frosty458|steven|\n|teamsize|p1|6\n|teamsize|p2|6\n|gen|9\n|tier|[Gen 9] Anything Goes\n|rule|HP Percentage Mod: HP is shown in percentages\n|rule|Endless Battle Clause: Forcing endless battles is banned\n|clearpoke\n|poke|p1|Urshifu-*, F|\n|poke|p1|Sliggoo-Hisui, F|\n|poke|p1|Ting-Lu|\n|poke|p1|Torterra, M|\n|poke|p1|Munkidori, M|\n|poke|p1|Chandelure, M|\n|poke|p2|Mimikyu, F|\n|poke|p2|Volcanion|\n|poke|p2|Jolteon, F|\n|poke|p2|Lycanroc, M|\n|poke|p2|Cinderace, F|\n|poke|p2|Moltres-Galar|\n|teampreview\n|c|\u2606Frosty458|hello!!\n|j| dancingnightmare\n|j| Nuwyrm\n|c|\u2606CertifiedDumbass1|glhf\n|c|\u2606Frosty458|you too!\n|j| FLOOR IT\n|c| Nuwyrm|kick his ass Deakota\n|\n|t:|1700241626\n|start\n|switch|p1a: Sliggoo|Sliggoo-Hisui, F|100\/100\n|switch|p2a: Lycanroc|Lycanroc, M|100\/100\n|turn|1\n|c| FLOOR IT|Beat him up Deakota\n|\n|t:|1700241641\n|move|p2a: Lycanroc|Swords Dance|p2a: Lycanroc\n|-boost|p2a: Lycanroc|atk|2\n|move|p1a: Sliggoo|Flash Cannon|p2a: Lycanroc\n|-supereffective|p2a: Lycanroc\n|-enditem|p2a: Lycanroc|Focus Sash\n|-damage|p2a: Lycanroc|1\/100\n|\n|upkeep\n|turn|2\n|\n|t:|1700241650\n|move|p2a: Lycanroc|Close Combat|p1a: Sliggoo\n|-supereffective|p1a: Sliggoo\n|-damage|p1a: Sliggoo|0 fnt\n|-unboost|p2a: Lycanroc|def|1\n|-unboost|p2a: Lycanroc|spd|1\n|-ability|p1a: Sliggoo|Gooey\n|-unboost|p2a: Lycanroc|spe|1\n|faint|p1a: Sliggoo\n|\n|upkeep\n|\n|t:|1700241658\n|switch|p1a: Chandelure|Chandelure, M, shiny|100\/100\n|turn|3\n|\n|t:|1700241674\n|-terastallize|p1a: Chandelure|Ground\n|move|p2a: Lycanroc|Accelerock|p1a: Chandelure\n|-resisted|p1a: Chandelure\n|-damage|p1a: Chandelure|70\/100\n|move|p1a: Chandelure|Shadow Ball|p2a: Lycanroc\n|-damage|p2a: Lycanroc|0 fnt\n|faint|p2a: Lycanroc\n|\n|upkeep\n|\n|t:|1700241698\n|switch|p2a: Volcanion|Volcanion|100\/100\n|turn|4\n|\n|t:|1700241717\n|switch|p1a: Mast-Ur Shifu|Urshifu-Rapid-Strike, F|100\/100\n|move|p2a: Volcanion|Steam Eruption|p1a: Mast-Ur Shifu\n|-resisted|p1a: Mast-Ur Shifu\n|-damage|p1a: Mast-Ur Shifu|37\/100\n|\n|upkeep\n|turn|5\n|\n|t:|1700241723\n|move|p1a: Mast-Ur Shifu|Drain Punch|p2a: Volcanion\n|-damage|p2a: Volcanion|68\/100\n|-heal|p1a: Mast-Ur Shifu|54\/100|[from] drain|[of] p2a: Volcanion\n|move|p2a: Volcanion|Steam Eruption|p1a: Mast-Ur Shifu|[miss]\n|-miss|p2a: Volcanion|p1a: Mast-Ur Shifu\n|\n|upkeep\n|turn|6\n|\n|t:|1700241731\n|move|p1a: Mast-Ur Shifu|Swords Dance|p1a: Mast-Ur Shifu\n|-boost|p1a: Mast-Ur Shifu|atk|2\n|move|p2a: Volcanion|Steam Eruption|p1a: Mast-Ur Shifu\n|-resisted|p1a: Mast-Ur Shifu\n|-damage|p1a: Mast-Ur Shifu|0 fnt\n|faint|p1a: Mast-Ur Shifu\n|\n|upkeep\n|\n|t:|1700241742\n|switch|p1a: Lou|Ting-Lu|100\/100\n|-ability|p1a: Lou|Vessel of Ruin\n|turn|7\n|\n|t:|1700241746\n|move|p2a: Volcanion|Steam Eruption|p1a: Lou\n|-supereffective|p1a: Lou\n|-damage|p1a: Lou|29\/100\n|move|p1a: Lou|Fissure|p2a: Volcanion|[miss]\n|-miss|p1a: Lou|p2a: Volcanion\n|\n|upkeep\n|turn|8\n|c|\u2606Frosty458|lol\n|\n|t:|1700241755\n|move|p2a: Volcanion|Steam Eruption|p1a: Lou\n|-supereffective|p1a: Lou\n|-damage|p1a: Lou|0 fnt\n|faint|p1a: Lou\n|\n|upkeep\n|\n|t:|1700241757\n|switch|p1a: Torterra|Torterra, M|100\/100\n|turn|9\n|c| Nuwyrm|karma\n|\n|t:|1700241761\n|switch|p2a: Doodle-Bob|Mimikyu, F|100\/100\n|move|p1a: Torterra|Earthquake|p2a: Doodle-Bob\n|-activate|p2a: Doodle-Bob|ability: Disguise\n|-damage|p2a: Doodle-Bob|100\/100\n|detailschange|p2a: Doodle-Bob|Mimikyu-Busted, F\n|-damage|p2a: Doodle-Bob|88\/100|[from] pokemon: Mimikyu-Busted\n|\n|upkeep\n|turn|10\n|\n|t:|1700241770\n|-terastallize|p2a: Doodle-Bob|Flying\n|move|p2a: Doodle-Bob|Swords Dance|p2a: Doodle-Bob\n|-boost|p2a: Doodle-Bob|atk|2\n|move|p1a: Torterra|Iron Head|p2a: Doodle-Bob\n|-damage|p2a: Doodle-Bob|46\/100\n|\n|upkeep\n|turn|11\n|\n|t:|1700241782\n|move|p2a: Doodle-Bob|Tera Blast|p1a: Torterra|[anim] Tera Blast Flying\n|-supereffective|p1a: Torterra\n|-damage|p1a: Torterra|0 fnt\n|faint|p1a: Torterra\n|\n|upkeep\n|\n|t:|1700241786\n|switch|p1a: Chandelure|Chandelure, M, shiny, tera:Ground|70\/100\n|turn|12\n|\n|t:|1700241793\n|move|p1a: Chandelure|Shadow Ball|p2a: Doodle-Bob\n|-damage|p2a: Doodle-Bob|0 fnt\n|faint|p2a: Doodle-Bob\n|\n|upkeep\n|\n|t:|1700241800\n|switch|p2a: Moltres|Moltres-Galar|100\/100\n|turn|13\n|\n|t:|1700241803\n|switch|p1a: Munkidori|Munkidori, M|100\/100\n|move|p2a: Moltres|Fiery Wrath|p1a: Munkidori\n|-supereffective|p1a: Munkidori\n|-enditem|p1a: Munkidori|Focus Sash\n|-damage|p1a: Munkidori|1\/100\n|\n|upkeep\n|turn|14\n|\n|t:|1700241811\n|move|p1a: Munkidori|Venoshock|p2a: Moltres\n|-damage|p2a: Moltres|73\/100\n|move|p2a: Moltres|Fiery Wrath|p1a: Munkidori\n|-supereffective|p1a: Munkidori\n|-damage|p1a: Munkidori|0 fnt\n|faint|p1a: Munkidori\n|\n|upkeep\n|\n|t:|1700241813\n|switch|p1a: Chandelure|Chandelure, M, shiny, tera:Ground|70\/100\n|turn|15\n|\n|t:|1700241819\n|move|p1a: Chandelure|Flamethrower|p2a: Moltres\n|-damage|p2a: Moltres|32\/100\n|-ability|p2a: Moltres|Berserk|boost\n|-boost|p2a: Moltres|spa|1\n|-enditem|p2a: Moltres|Sitrus Berry|[eat]\n|-heal|p2a: Moltres|57\/100|[from] item: Sitrus Berry\n|move|p2a: Moltres|Fiery Wrath|p1a: Chandelure\n|-damage|p1a: Chandelure|0 fnt\n|faint|p1a: Chandelure\n|\n|win|Frosty458\n|c|\u2606CertifiedDumbass1|ggwp\n|l|\u2606CertifiedDumbass1\n|c|\u2606Frosty458|gg\n|l| Nuwyrm\n|l| FLOOR IT\n","uploadtime":1700241836,"views":31,"p1id":"certifieddumbass1","p2id":"frosty458","formatid":"gen9anythinggoes","rating":0,"private":0,"password":""}