{"id":"gen9anythinggoes-1999719371","p1":"victorintre","p2":"Pablo331","format":"[Gen 9] Anything Goes","log":"|j|\u2606victorintre\n|j|\u2606Pablo331\n|t:|1701110666\n|gametype|singles\n|player|p1|victorintre|medium|\n|player|p2|Pablo331|wally|\n|teamsize|p1|6\n|teamsize|p2|6\n|gen|9\n|tier|[Gen 9] Anything Goes\n|rule|HP Percentage Mod: HP is shown in percentages\n|rule|Endless Battle Clause: Forcing endless battles is banned\n|clearpoke\n|poke|p1|Slowking-Galar, M|\n|poke|p1|Crocalor, M|\n|poke|p1|Regieleki|\n|poke|p1|Cryogonal|\n|poke|p1|Baxcalibur, M|\n|poke|p1|Gliscor, F|\n|poke|p2|Naclstack, M|\n|poke|p2|Goodra, F|\n|poke|p2|Iron Valiant|\n|poke|p2|Vaporeon, M|\n|poke|p2|Braviary, M|\n|poke|p2|Sandy Shocks|\n|teampreview\n|c|\u2606Pablo331|Suerte\n|c|\u2606victorintre|Buena suertes\n|c|\u2606victorintre|:)))\n|j| mimizukii\n|c| mimizukii|Suerte sexyx\n|\n|t:|1701110704\n|start\n|switch|p1a: Rayo Mcqueer|Regieleki|100\/100\n|switch|p2a: Terr\u00f3n de az\u00facar|Naclstack, M|100\/100\n|turn|1\n|\n|t:|1701110715\n|move|p1a: Rayo Mcqueer|Volt Switch|p2a: Terr\u00f3n de az\u00facar\n|-damage|p2a: Terr\u00f3n de az\u00facar|59\/100\n|\n|t:|1701110719\n|switch|p1a: el nene|Gliscor, F|100\/100|[from] Volt Switch\n|move|p2a: Terr\u00f3n de az\u00facar|Salt Cure|p1a: el nene\n|-damage|p1a: el nene|93\/100\n|-start|p1a: el nene|Salt Cure\n|\n|-damage|p1a: el nene|81\/100|[from] Salt Cure\n|-status|p1a: el nene|tox|[from] item: Toxic Orb\n|upkeep\n|turn|2\n|\n|t:|1701110737\n|switch|p2a: Dua lipa|Vaporeon, M|100\/100\n|move|p1a: el nene|Knock Off|p2a: Dua lipa\n|-damage|p2a: Dua lipa|85\/100\n|-enditem|p2a: Dua lipa|Leftovers|[from] move: Knock Off|[of] p1a: el nene\n|\n|-heal|p1a: el nene|93\/100 tox|[from] ability: Poison Heal\n|-damage|p1a: el nene|81\/100 tox|[from] Salt Cure\n|upkeep\n|turn|3\n|\n|t:|1701110760\n|switch|p1a: Tarot cloth|Slowking-Galar, M|100\/100\n|move|p2a: Dua lipa|Scald|p1a: Tarot cloth\n|-damage|p1a: Tarot cloth|80\/100\n|\n|-heal|p1a: Tarot cloth|86\/100|[from] item: Leftovers\n|upkeep\n|turn|4\n|\n|t:|1701110775\n|move|p2a: Dua lipa|Flip Turn|p1a: Tarot cloth\n|-damage|p1a: Tarot cloth|76\/100\n|\n|t:|1701110792\n|switch|p2a: Best pseudo|Goodra, F|100\/100|[from] Flip Turn\n|move|p1a: Tarot cloth|Toxic|p2a: Best pseudo\n|-status|p2a: Best pseudo|tox\n|\n|-heal|p1a: Tarot cloth|82\/100|[from] item: Leftovers\n|-damage|p2a: Best pseudo|94\/100 tox|[from] psn\n|upkeep\n|turn|5\n|\n|t:|1701110827\n|switch|p1a: el nene|Gliscor, F|81\/100 tox\n|move|p2a: Best pseudo|Knock Off|p1a: el nene\n|-damage|p1a: el nene|66\/100 tox\n|-enditem|p1a: el nene|Toxic Orb|[from] move: Knock Off|[of] p2a: Best pseudo\n|\n|-heal|p1a: el nene|78\/100 tox|[from] ability: Poison Heal\n|-damage|p2a: Best pseudo|82\/100 tox|[from] psn\n|upkeep\n|turn|6\n|\n|t:|1701110843\n|switch|p2a: Dua lipa|Vaporeon, M|85\/100\n|move|p1a: el nene|Protect||[still]\n|-fail|p1a: el nene\n|\n|-heal|p1a: el nene|91\/100 tox|[from] ability: Poison Heal\n|upkeep\n|turn|7\n|\n|t:|1701110853\n|switch|p1a: Tarot cloth|Slowking-Galar, M|100\/100\n|move|p2a: Dua lipa|Flip Turn|p1a: Tarot cloth\n|-damage|p1a: Tarot cloth|90\/100\n|\n|t:|1701110858\n|switch|p2a: Best pseudo|Goodra, F|82\/100 tox|[from] Flip Turn\n|\n|-heal|p1a: Tarot cloth|96\/100|[from] item: Leftovers\n|-damage|p2a: Best pseudo|75\/100 tox|[from] psn\n|upkeep\n|turn|8\n|\n|t:|1701110874\n|move|p2a: Best pseudo|Draco Meteor|p1a: Tarot cloth\n|-damage|p1a: Tarot cloth|64\/100\n|-unboost|p2a: Best pseudo|spa|2\n|move|p1a: Tarot cloth|Chilly Reception|p1a: Tarot cloth\n|-weather|Snow\n|\n|t:|1701110913\n|switch|p1a: Papi Azucarado|Baxcalibur, M|100\/100|[from] Chilly Reception\n|\n|-weather|Snow|[upkeep]\n|-damage|p2a: Best pseudo|63\/100 tox|[from] psn\n|upkeep\n|turn|9\n|\n|t:|1701110923\n|switch|p2a: Enby|Iron Valiant|100\/100\n|-enditem|p2a: Enby|Booster Energy\n|-activate|p2a: Enby|ability: Quark Drive|[fromitem]\n|-start|p2a: Enby|quarkdrivespe\n|move|p1a: Papi Azucarado|Icicle Crash|p2a: Enby\n|-damage|p2a: Enby|34\/100\n|\n|-weather|Snow|[upkeep]\n|upkeep\n|turn|10\n|c| mimizukii|Aqui copiandome nombres\n|\n|t:|1701110954\n|switch|p1a: Croqueto|Crocalor, M|100\/100\n|move|p2a: Enby|Close Combat|p1a: Croqueto\n|-damage|p1a: Croqueto|70\/100\n|-unboost|p2a: Enby|def|1\n|-unboost|p2a: Enby|spd|1\n|\n|-weather|Snow|[upkeep]\n|upkeep\n|turn|11\n|\n|t:|1701110986\n|-end|p2a: Enby|Quark Drive|[silent]\n|switch|p2a: Metallica|Sandy Shocks|100\/100\n|move|p1a: Croqueto|Slack Off|p1a: Croqueto\n|-heal|p1a: Croqueto|100\/100\n|\n|-weather|Snow|[upkeep]\n|upkeep\n|turn|12\n|\n|t:|1701110996\n|switch|p1a: el nene|Gliscor, F|91\/100 tox\n|move|p2a: Metallica|Flash Cannon|p1a: el nene\n|-damage|p1a: el nene|61\/100 tox\n|-damage|p2a: Metallica|91\/100|[from] item: Life Orb\n|\n|-weather|none\n|-heal|p1a: el nene|73\/100 tox|[from] ability: Poison Heal\n|upkeep\n|turn|13\n|\n|t:|1701111019\n|-end|p2a: Metallica|Protosynthesis|[silent]\n|switch|p2a: Dua lipa|Vaporeon, M|85\/100\n|move|p1a: el nene|Spikes|p2a: Dua lipa\n|-sidestart|p2: Pablo331|Spikes\n|\n|-heal|p1a: el nene|86\/100 tox|[from] ability: Poison Heal\n|upkeep\n|turn|14\n|\n|t:|1701111028\n|move|p1a: el nene|Protect|p1a: el nene\n|-singleturn|p1a: el nene|Protect\n|move|p2a: Dua lipa|Wish|p2a: Dua lipa\n|\n|-heal|p1a: el nene|98\/100 tox|[from] ability: Poison Heal\n|upkeep\n|turn|15\n|\n|t:|1701111036\n|switch|p1a: Tarot cloth|Slowking-Galar, M|97\/100\n|move|p2a: Dua lipa|Flip Turn|p1a: Tarot cloth\n|-damage|p1a: Tarot cloth|87\/100\n|\n|t:|1701111042\n|switch|p2a: Terr\u00f3n de az\u00facar|Naclstack, M|59\/100|[from] Flip Turn\n|-damage|p2a: Terr\u00f3n de az\u00facar|46\/100|[from] Spikes\n|\n|-heal|p2a: Terr\u00f3n de az\u00facar|100\/100|[from] move: Wish|[wisher] Dua lipa\n|-heal|p1a: Tarot cloth|93\/100|[from] item: Leftovers\n|upkeep\n|turn|16\n|\n|t:|1701111066\n|move|p2a: Terr\u00f3n de az\u00facar|Iron Defense|p2a: Terr\u00f3n de az\u00facar\n|-boost|p2a: Terr\u00f3n de az\u00facar|def|2\n|move|p1a: Tarot cloth|Future Sight|p2a: Terr\u00f3n de az\u00facar\n|-start|p1a: Tarot cloth|move: Future Sight\n|\n|-heal|p1a: Tarot cloth|99\/100|[from] item: Leftovers\n|upkeep\n|turn|17\n|\n|t:|1701111074\n|switch|p1a: Croqueto|Crocalor, M|100\/100\n|move|p2a: Terr\u00f3n de az\u00facar|Salt Cure|p1a: Croqueto\n|-supereffective|p1a: Croqueto\n|-damage|p1a: Croqueto|89\/100\n|-start|p1a: Croqueto|Salt Cure\n|\n|-damage|p1a: Croqueto|77\/100|[from] Salt Cure\n|upkeep\n|turn|18\n|\n|t:|1701111086\n|move|p2a: Terr\u00f3n de az\u00facar|Body Press|p1a: Croqueto\n|-damage|p1a: Croqueto|65\/100\n|move|p1a: Croqueto|Roar|p2a: Terr\u00f3n de az\u00facar\n|drag|p2a: Metallica|Sandy Shocks|91\/100\n|-damage|p2a: Metallica|78\/100|[from] Spikes\n|\n|-end|p2a: Metallica|move: Future Sight\n|-damage|p2a: Metallica|25\/100\n|-damage|p1a: Croqueto|52\/100|[from] Salt Cure\n|upkeep\n|turn|19\n|\n|t:|1701111104\n|switch|p1a: el nene|Gliscor, F|98\/100 tox\n|move|p2a: Metallica|Flash Cannon|p1a: el nene\n|-damage|p1a: el nene|65\/100 tox\n|-damage|p2a: Metallica|15\/100|[from] item: Life Orb\n|\n|-heal|p1a: el nene|77\/100 tox|[from] ability: Poison Heal\n|upkeep\n|turn|20\n|\n|t:|1701111114\n|-end|p2a: Metallica|Protosynthesis|[silent]\n|switch|p2a: Dua lipa|Vaporeon, M|85\/100\n|-damage|p2a: Dua lipa|72\/100|[from] Spikes\n|move|p1a: el nene|Spikes|p2a: Dua lipa\n|-sidestart|p2: Pablo331|Spikes\n|\n|-heal|p1a: el nene|89\/100 tox|[from] ability: Poison Heal\n|upkeep\n|turn|21\n|\n|t:|1701111127\n|switch|p1a: Tarot cloth|Slowking-Galar, M|100\/100\n|move|p2a: Dua lipa|Wish|p2a: Dua lipa\n|\n|upkeep\n|turn|22\n|\n|t:|1701111136\n|move|p2a: Dua lipa|Flip Turn|p1a: Tarot cloth\n|-damage|p1a: Tarot cloth|90\/100\n|\n|t:|1701111139\n|switch|p2a: Best pseudo|Goodra, F|63\/100 tox|[from] Flip Turn\n|-damage|p2a: Best pseudo|46\/100 tox|[from] Spikes\n|move|p1a: Tarot cloth|Future Sight|p2a: Best pseudo\n|-start|p1a: Tarot cloth|move: Future Sight\n|\n|-heal|p2a: Best pseudo|100\/100 tox|[from] move: Wish|[wisher] Dua lipa\n|-heal|p1a: Tarot cloth|96\/100|[from] item: Leftovers\n|-damage|p2a: Best pseudo|94\/100 tox|[from] psn\n|upkeep\n|turn|23\n|\n|t:|1701111170\n|switch|p2a: Terr\u00f3n de az\u00facar|Naclstack, M|100\/100\n|-damage|p2a: Terr\u00f3n de az\u00facar|84\/100|[from] Spikes\n|move|p1a: Tarot cloth|Toxic Spikes|p2a: Terr\u00f3n de az\u00facar\n|-sidestart|p2: Pablo331|move: Toxic Spikes\n|\n|-heal|p1a: Tarot cloth|100\/100|[from] item: Leftovers\n|upkeep\n|turn|24\n|\n|t:|1701111188\n|move|p2a: Terr\u00f3n de az\u00facar|Salt Cure|p1a: Tarot cloth\n|-damage|p1a: Tarot cloth|93\/100\n|-start|p1a: Tarot cloth|Salt Cure\n|move|p1a: Tarot cloth|Toxic Spikes|p2a: Terr\u00f3n de az\u00facar\n|-sidestart|p2: Pablo331|move: Toxic Spikes\n|\n|-end|p2a: Terr\u00f3n de az\u00facar|move: Future Sight\n|-damage|p2a: Terr\u00f3n de az\u00facar|51\/100\n|-heal|p1a: Tarot cloth|99\/100|[from] item: Leftovers\n|-damage|p1a: Tarot cloth|86\/100|[from] Salt Cure\n|upkeep\n|turn|25\n|\n|t:|1701111198\n|move|p2a: Terr\u00f3n de az\u00facar|Recover|p2a: Terr\u00f3n de az\u00facar\n|-heal|p2a: Terr\u00f3n de az\u00facar|100\/100\n|move|p1a: Tarot cloth|Chilly Reception|p1a: Tarot cloth\n|-weather|Snow\n|\n|t:|1701111204\n|switch|p1a: Croqueto|Crocalor, M|52\/100|[from] Chilly Reception\n|\n|-weather|Snow|[upkeep]\n|upkeep\n|turn|26\n|\n|t:|1701111213\n|-terastallize|p2a: Terr\u00f3n de az\u00facar|Ghost\n|move|p1a: Croqueto|Slack Off|p1a: Croqueto\n|-heal|p1a: Croqueto|100\/100\n|move|p2a: Terr\u00f3n de az\u00facar|Salt Cure|p1a: Croqueto\n|-supereffective|p1a: Croqueto\n|-damage|p1a: Croqueto|88\/100\n|-start|p1a: Croqueto|Salt Cure\n|\n|-weather|Snow|[upkeep]\n|-damage|p1a: Croqueto|76\/100|[from] Salt Cure\n|upkeep\n|turn|27\n|\n|t:|1701111224\n|move|p2a: Terr\u00f3n de az\u00facar|Iron Defense|p2a: Terr\u00f3n de az\u00facar\n|-boost|p2a: Terr\u00f3n de az\u00facar|def|2\n|move|p1a: Croqueto|Roar|p2a: Terr\u00f3n de az\u00facar\n|drag|p2a: Revali|Braviary, M, shiny|100\/100\n|\n|-weather|Snow|[upkeep]\n|-damage|p1a: Croqueto|63\/100|[from] Salt Cure\n|upkeep\n|turn|28\n|\n|t:|1701111236\n|switch|p1a: el nene|Gliscor, F|89\/100 tox\n|move|p2a: Revali|Rock Slide|p1a: el nene\n|-damage|p1a: el nene|63\/100 tox\n|\n|-weather|Snow|[upkeep]\n|-heal|p1a: el nene|76\/100 tox|[from] ability: Poison Heal\n|upkeep\n|turn|29\n|\n|t:|1701111251\n|switch|p2a: Dua lipa|Vaporeon, M|72\/100\n|-damage|p2a: Dua lipa|56\/100|[from] Spikes\n|-status|p2a: Dua lipa|tox\n|move|p1a: el nene|Protect||[still]\n|-fail|p1a: el nene\n|\n|-weather|none\n|-heal|p1a: el nene|88\/100 tox|[from] ability: Poison Heal\n|-damage|p2a: Dua lipa|50\/100 tox|[from] psn\n|upkeep\n|turn|30\n|\n|t:|1701111279\n|move|p1a: el nene|Protect|p1a: el nene\n|-singleturn|p1a: el nene|Protect\n|move|p2a: Dua lipa|Wish|p2a: Dua lipa\n|\n|-heal|p1a: el nene|100\/100 tox|[from] ability: Poison Heal\n|-damage|p2a: Dua lipa|38\/100 tox|[from] psn\n|upkeep\n|turn|31\n|\n|t:|1701111290\n|switch|p1a: Tarot cloth|Slowking-Galar, M|100\/100\n|move|p2a: Dua lipa|Scald|p1a: Tarot cloth\n|-damage|p1a: Tarot cloth|80\/100\n|-status|p1a: Tarot cloth|brn\n|\n|-heal|p2a: Dua lipa|88\/100 tox|[from] move: Wish|[wisher] Dua lipa\n|-heal|p1a: Tarot cloth|86\/100 brn|[from] item: Leftovers\n|-damage|p2a: Dua lipa|69\/100 tox|[from] psn\n|-damage|p1a: Tarot cloth|80\/100 brn|[from] brn\n|upkeep\n|turn|32\n|\n|t:|1701111309\n|move|p2a: Dua lipa|Wish|p2a: Dua lipa\n|move|p1a: Tarot cloth|Future Sight|p2a: Dua lipa\n|-start|p1a: Tarot cloth|move: Future Sight\n|\n|-heal|p1a: Tarot cloth|86\/100 brn|[from] item: Leftovers\n|-damage|p2a: Dua lipa|45\/100 tox|[from] psn\n|-damage|p1a: Tarot cloth|80\/100 brn|[from] brn\n|upkeep\n|turn|33\n|\n|t:|1701111322\n|move|p2a: Dua lipa|Protect|p2a: Dua lipa\n|-singleturn|p2a: Dua lipa|Protect\n|move|p1a: Tarot cloth|Chilly Reception|p1a: Tarot cloth\n|-weather|Snow\n|\n|t:|1701111350\n|switch|p1a: Rayo Mcqueer|Regieleki|100\/100|[from] Chilly Reception\n|\n|-weather|Snow|[upkeep]\n|-heal|p2a: Dua lipa|95\/100 tox|[from] move: Wish|[wisher] Dua lipa\n|-damage|p2a: Dua lipa|65\/100 tox|[from] psn\n|upkeep\n|turn|34\n|\n|t:|1701111369\n|switch|p2a: Terr\u00f3n de az\u00facar|Naclstack, M, tera:Ghost|100\/100\n|-damage|p2a: Terr\u00f3n de az\u00facar|84\/100|[from] Spikes\n|move|p1a: Rayo Mcqueer|Thunderbolt|p2a: Terr\u00f3n de az\u00facar\n|-damage|p2a: Terr\u00f3n de az\u00facar|32\/100\n|\n|-weather|Snow|[upkeep]\n|-end|p2a: Terr\u00f3n de az\u00facar|move: Future Sight\n|-damage|p2a: Terr\u00f3n de az\u00facar|0 fnt\n|faint|p2a: Terr\u00f3n de az\u00facar\n|upkeep\n|\n|t:|1701111380\n|switch|p2a: Best pseudo|Goodra, F|94\/100 tox\n|-damage|p2a: Best pseudo|78\/100 tox|[from] Spikes\n|turn|35\n|\n|t:|1701111390\n|switch|p1a: Tarot cloth|Slowking-Galar, M|100\/100 brn\n|move|p2a: Best pseudo|Draco Meteor|p1a: Tarot cloth\n|-damage|p1a: Tarot cloth|67\/100 brn\n|-unboost|p2a: Best pseudo|spa|2\n|\n|-weather|Snow|[upkeep]\n|-heal|p1a: Tarot cloth|73\/100 brn|[from] item: Leftovers\n|-damage|p2a: Best pseudo|71\/100 tox|[from] psn\n|-damage|p1a: Tarot cloth|67\/100 brn|[from] brn\n|upkeep\n|turn|36\n|\n|t:|1701111412\n|switch|p2a: Revali|Braviary, M, shiny|100\/100\n|move|p1a: Tarot cloth|Future Sight|p2a: Revali\n|-start|p1a: Tarot cloth|move: Future Sight\n|\n|-weather|Snow|[upkeep]\n|-heal|p1a: Tarot cloth|73\/100 brn|[from] item: Leftovers\n|-damage|p1a: Tarot cloth|67\/100 brn|[from] brn\n|upkeep\n|turn|37\n|c|\u2606Pablo331|Me mor\u00ed creo\n|l| mimizukii\n|\n|t:|1701111433\n|switch|p1a: el nene|Gliscor, F|100\/100 tox\n|move|p2a: Revali|U-turn|p1a: el nene\n|-resisted|p1a: el nene\n|-damage|p1a: el nene|92\/100 tox\n|\n|t:|1701111446\n|switch|p2a: Dua lipa|Vaporeon, M|65\/100 tox|[from] U-turn\n|-damage|p2a: Dua lipa|48\/100 tox|[from] Spikes\n|\n|-weather|none\n|-heal|p1a: el nene|100\/100 tox|[from] ability: Poison Heal\n|-damage|p2a: Dua lipa|42\/100 tox|[from] psn\n|upkeep\n|turn|38\n|j| mimizukii\n|\n|t:|1701111462\n|move|p1a: el nene|Spikes|p2a: Dua lipa\n|-sidestart|p2: Pablo331|Spikes\n|move|p2a: Dua lipa|Wish|p2a: Dua lipa\n|\n|-end|p2a: Dua lipa|move: Future Sight\n|-damage|p2a: Dua lipa|10\/100 tox\n|-damage|p2a: Dua lipa|0 fnt|[from] psn\n|faint|p2a: Dua lipa\n|upkeep\n|\n|t:|1701111474\n|switch|p2a: Metallica|Sandy Shocks|15\/100\n|-damage|p2a: Metallica|0 fnt|[from] Spikes\n|faint|p2a: Metallica\n|-end|p2a: Metallica|Protosynthesis|[silent]\n|\n|t:|1701111479\n|switch|p2a: Enby|Iron Valiant|34\/100\n|-damage|p2a: Enby|9\/100|[from] Spikes\n|-status|p2a: Enby|tox\n|turn|39\n|\n|t:|1701111490\n|switch|p1a: Tarot cloth|Slowking-Galar, M|99\/100 brn\n|move|p2a: Enby|Shadow Ball|p1a: Tarot cloth\n|-supereffective|p1a: Tarot cloth\n|-damage|p1a: Tarot cloth|59\/100 brn\n|\n|-heal|p2a: Enby|89\/100 tox|[from] move: Wish|[wisher] Dua lipa\n|-heal|p1a: Tarot cloth|65\/100 brn|[from] item: Leftovers\n|-damage|p2a: Enby|83\/100 tox|[from] psn\n|-damage|p1a: Tarot cloth|59\/100 brn|[from] brn\n|upkeep\n|turn|40\n|l| mimizukii\n|\n|t:|1701111504\n|move|p2a: Enby|Shadow Ball|p1a: Tarot cloth\n|-supereffective|p1a: Tarot cloth\n|-damage|p1a: Tarot cloth|18\/100 brn\n|-unboost|p1a: Tarot cloth|spd|1\n|move|p1a: Tarot cloth|Chilly Reception|p1a: Tarot cloth\n|-weather|Snow\n|\n|t:|1701111512\n|switch|p1a: Rayo Mcqueer|Regieleki|100\/100|[from] Chilly Reception\n|\n|-weather|Snow|[upkeep]\n|-damage|p2a: Enby|70\/100 tox|[from] psn\n|upkeep\n|turn|41\n|j| mimizukii\n|\n|t:|1701111523\n|move|p1a: Rayo Mcqueer|Thunderbolt|p2a: Enby\n|-damage|p2a: Enby|0 fnt\n|faint|p2a: Enby\n|-end|p2a: Enby|Quark Drive|[silent]\n|\n|-weather|Snow|[upkeep]\n|upkeep\n|\n|t:|1701111529\n|switch|p2a: Revali|Braviary, M, shiny|100\/100\n|turn|42\n|\n|t:|1701111536\n|switch|p1a: el nene|Gliscor, F|100\/100 tox\n|move|p2a: Revali|Rock Slide|p1a: el nene\n|-damage|p1a: el nene|76\/100 tox\n|\n|-weather|Snow|[upkeep]\n|-heal|p1a: el nene|89\/100 tox|[from] ability: Poison Heal\n|upkeep\n|turn|43\n|\n|t:|1701111545\n|move|p2a: Revali|Rock Slide|p1a: el nene\n|-damage|p1a: el nene|65\/100 tox\n|move|p1a: el nene|Knock Off|p2a: Revali\n|-damage|p2a: Revali|70\/100\n|-enditem|p2a: Revali|Choice Scarf|[from] move: Knock Off|[of] p1a: el nene\n|\n|-weather|Snow|[upkeep]\n|-heal|p1a: el nene|77\/100 tox|[from] ability: Poison Heal\n|upkeep\n|turn|44\n|\n|t:|1701111558\n|move|p1a: el nene|Protect|p1a: el nene\n|-singleturn|p1a: el nene|Protect\n|move|p2a: Revali|Brave Bird|p1a: el nene\n|-activate|p1a: el nene|move: Protect\n|\n|-weather|none\n|-heal|p1a: el nene|89\/100 tox|[from] ability: Poison Heal\n|upkeep\n|turn|45\n|\n|t:|1701111570\n|move|p2a: Revali|Brave Bird|p1a: el nene\n|-damage|p1a: el nene|43\/100 tox\n|-damage|p2a: Revali|54\/100|[from] Recoil\n|move|p1a: el nene|Knock Off|p2a: Revali\n|-damage|p2a: Revali|34\/100\n|\n|-heal|p1a: el nene|55\/100 tox|[from] ability: Poison Heal\n|upkeep\n|turn|46\n|\n|t:|1701111580\n|move|p1a: el nene|Protect|p1a: el nene\n|-singleturn|p1a: el nene|Protect\n|move|p2a: Revali|Brave Bird|p1a: el nene\n|-activate|p1a: el nene|move: Protect\n|\n|-heal|p1a: el nene|68\/100 tox|[from] ability: Poison Heal\n|upkeep\n|turn|47\n|c|\u2606Pablo331|Gg\n|-message|Pablo331 forfeited.\n|\n|win|victorintre\n|l|\u2606Pablo331\n|l| mimizukii\n|c|\u2606victorintre|bien jugado Pablo\n","uploadtime":1701111730,"views":19,"p1id":"victorintre","p2id":"pablo331","formatid":"gen9anythinggoes","rating":0,"private":0,"password":""}