{"id":"gen9anythinggoes-1980696958","p1":"Phantonomia_6649","p2":"Andrew514","format":"[Gen 9] Anything Goes","log":"|j|\u2606Phantonomia_6649\n|j|\u2606Andrew514\n|t:|1698814620\n|gametype|singles\n|player|p1|Phantonomia_6649|hilbert-wonderlauncher|\n|player|p2|Andrew514|steven|\n|teamsize|p1|6\n|teamsize|p2|6\n|gen|9\n|tier|[Gen 9] Anything Goes\n|rule|HP Percentage Mod: HP is shown in percentages\n|rule|Endless Battle Clause: Forcing endless battles is banned\n|clearpoke\n|poke|p1|Cloyster, F|\n|poke|p1|Dragapult, F|\n|poke|p1|Volcarona, M|\n|poke|p1|Sneasler, M|\n|poke|p1|Samurott-Hisui, M|\n|poke|p1|Dugtrio-Alola, F|\n|poke|p2|Spiritomb, M|\n|poke|p2|Charizard, F|\n|poke|p2|Gastrodon, F|\n|poke|p2|Torterra, M|\n|poke|p2|Jirachi|\n|poke|p2|Lucario, F|\n|teampreview\n|\n|t:|1698814679\n|start\n|switch|p1a: Cloyster|Cloyster, F|100\/100\n|switch|p2a: Lucario|Lucario, F|100\/100\n|turn|1\n|\n|t:|1698814709\n|switch|p2a: Jirachi|Jirachi|100\/100\n|move|p1a: Cloyster|Shell Smash|p1a: Cloyster\n|-unboost|p1a: Cloyster|def|1\n|-unboost|p1a: Cloyster|spd|1\n|-boost|p1a: Cloyster|atk|2\n|-boost|p1a: Cloyster|spa|2\n|-boost|p1a: Cloyster|spe|2\n|-enditem|p1a: Cloyster|White Herb\n|-clearnegativeboost|p1a: Cloyster|[silent]\n|\n|upkeep\n|turn|2\n|\n|t:|1698814727\n|move|p1a: Cloyster|Iron Defense|p1a: Cloyster\n|-boost|p1a: Cloyster|def|2\n|move|p2a: Jirachi|Thunderbolt|p1a: Cloyster\n|-supereffective|p1a: Cloyster\n|-damage|p1a: Cloyster|0 fnt\n|faint|p1a: Cloyster\n|\n|upkeep\n|\n|t:|1698814737\n|switch|p1a: Dragapult|Dragapult, F|100\/100\n|turn|3\n|\n|t:|1698814749\n|move|p1a: Dragapult|Fly||[still]\n|-prepare|p1a: Dragapult|Fly\n|move|p2a: Jirachi|Play Rough|p1a: Dragapult|[miss]\n|-miss|p2a: Jirachi|p1a: Dragapult\n|\n|upkeep\n|turn|4\n|\n|t:|1698814763\n|switch|p2a: Gastrodon|Gastrodon, F|100\/100\n|move|p1a: Dragapult|Fly|p2a: Gastrodon|[from]lockedmove\n|-damage|p2a: Gastrodon|69\/100\n|\n|-heal|p2a: Gastrodon|75\/100|[from] item: Leftovers\n|upkeep\n|turn|5\n|\n|t:|1698814774\n|move|p1a: Dragapult|Fly||[still]\n|-prepare|p1a: Dragapult|Fly\n|move|p2a: Gastrodon|Ice Beam|p1a: Dragapult|[miss]\n|-miss|p2a: Gastrodon|p1a: Dragapult\n|\n|-heal|p2a: Gastrodon|82\/100|[from] item: Leftovers\n|upkeep\n|turn|6\n|\n|t:|1698814784\n|move|p1a: Dragapult|Fly|p2a: Gastrodon|[from]lockedmove\n|-damage|p2a: Gastrodon|47\/100\n|move|p2a: Gastrodon|Ice Beam|p1a: Dragapult\n|-supereffective|p1a: Dragapult\n|-damage|p1a: Dragapult|42\/100\n|-status|p1a: Dragapult|frz\n|\n|-heal|p1a: Dragapult|48\/100 frz|[from] item: Leftovers\n|-heal|p2a: Gastrodon|53\/100|[from] item: Leftovers\n|upkeep\n|turn|7\n|inactive|Battle timer is ON: inactive players will automatically lose when time's up. (requested by Phantonomia_6649)\n|\n|t:|1698814800\n|switch|p1a: Sneasler|Sneasler, M|100\/100\n|move|p2a: Gastrodon|Earthquake|p1a: Sneasler\n|-supereffective|p1a: Sneasler\n|-enditem|p1a: Sneasler|Focus Sash\n|-damage|p1a: Sneasler|1\/100\n|\n|-heal|p2a: Gastrodon|59\/100|[from] item: Leftovers\n|upkeep\n|turn|8\n|\n|t:|1698814818\n|switch|p1a: Dugtrio|Dugtrio-Alola, F|100\/100\n|move|p2a: Gastrodon|Surf|p1a: Dugtrio\n|-supereffective|p1a: Dugtrio\n|-enditem|p1a: Dugtrio|Focus Sash\n|-damage|p1a: Dugtrio|1\/100\n|\n|-heal|p2a: Gastrodon|65\/100|[from] item: Leftovers\n|upkeep\n|turn|9\n|\n|t:|1698814838\n|switch|p1a: Volcarona|Volcarona, M|100\/100\n|move|p2a: Gastrodon|Earthquake|p1a: Volcarona\n|-damage|p1a: Volcarona|58\/100\n|\n|-heal|p1a: Volcarona|64\/100|[from] item: Leftovers\n|-heal|p2a: Gastrodon|71\/100|[from] item: Leftovers\n|upkeep\n|turn|10\n|\n|t:|1698814847\n|move|p1a: Volcarona|Substitute|p1a: Volcarona\n|-start|p1a: Volcarona|Substitute\n|-damage|p1a: Volcarona|39\/100\n|move|p2a: Gastrodon|Surf|p1a: Volcarona\n|-supereffective|p1a: Volcarona\n|-end|p1a: Volcarona|Substitute\n|\n|-heal|p1a: Volcarona|45\/100|[from] item: Leftovers\n|-heal|p2a: Gastrodon|78\/100|[from] item: Leftovers\n|upkeep\n|turn|11\n|\n|t:|1698814858\n|move|p1a: Volcarona|Leech Life|p2a: Gastrodon\n|-damage|p2a: Gastrodon|56\/100\n|-heal|p1a: Volcarona|59\/100|[from] drain|[of] p2a: Gastrodon\n|move|p2a: Gastrodon|Surf|p1a: Volcarona\n|-supereffective|p1a: Volcarona\n|-damage|p1a: Volcarona|0 fnt\n|faint|p1a: Volcarona\n|\n|-heal|p2a: Gastrodon|62\/100|[from] item: Leftovers\n|upkeep\n|\n|t:|1698814866\n|switch|p1a: Samurott|Samurott-Hisui, M|100\/100\n|turn|12\n|\n|t:|1698814882\n|switch|p2a: Jirachi|Jirachi|100\/100\n|move|p1a: Samurott|Ceaseless Edge|p2a: Jirachi|[miss]\n|-miss|p1a: Samurott|p2a: Jirachi\n|\n|upkeep\n|turn|13\n|\n|t:|1698814892\n|move|p1a: Samurott|Aqua Jet|p2a: Jirachi\n|-damage|p2a: Jirachi|86\/100\n|move|p2a: Jirachi|Thunderbolt|p1a: Samurott\n|-supereffective|p1a: Samurott\n|-damage|p1a: Samurott|43\/100\n|\n|-heal|p1a: Samurott|50\/100|[from] item: Leftovers\n|-heal|p2a: Jirachi|92\/100|[from] item: Leftovers\n|upkeep\n|turn|14\n|\n|t:|1698814905\n|move|p1a: Samurott|Razor Shell|p2a: Jirachi\n|-damage|p2a: Jirachi|55\/100\n|-unboost|p2a: Jirachi|def|1\n|move|p2a: Jirachi|Thunderbolt|p1a: Samurott\n|-supereffective|p1a: Samurott\n|-damage|p1a: Samurott|0 fnt\n|faint|p1a: Samurott\n|\n|-heal|p2a: Jirachi|61\/100|[from] item: Leftovers\n|upkeep\n|\n|t:|1698814909\n|switch|p1a: Dragapult|Dragapult, F|48\/100 frz\n|turn|15\n|\n|t:|1698814925\n|cant|p1a: Dragapult|frz\n|move|p2a: Jirachi|Play Rough|p1a: Dragapult\n|-supereffective|p1a: Dragapult\n|-damage|p1a: Dragapult|0 fnt\n|-start|p2a: Jirachi|Disable|Play Rough|[from] ability: Cursed Body|[of] p1a: Dragapult\n|faint|p1a: Dragapult\n|\n|-heal|p2a: Jirachi|67\/100|[from] item: Leftovers\n|upkeep\n|\n|t:|1698814929\n|switch|p1a: Dugtrio|Dugtrio-Alola, F|1\/100\n|turn|16\n|\n|t:|1698814940\n|move|p1a: Dugtrio|Ancient Power|p2a: Jirachi\n|-resisted|p2a: Jirachi\n|-damage|p2a: Jirachi|64\/100\n|-boost|p1a: Dugtrio|atk|1\n|-boost|p1a: Dugtrio|def|1\n|-boost|p1a: Dugtrio|spa|1\n|-boost|p1a: Dugtrio|spd|1\n|-boost|p1a: Dugtrio|spe|1\n|move|p2a: Jirachi|Psychic|p1a: Dugtrio\n|-resisted|p1a: Dugtrio\n|-damage|p1a: Dugtrio|0 fnt\n|faint|p1a: Dugtrio\n|\n|-heal|p2a: Jirachi|70\/100|[from] item: Leftovers\n|upkeep\n|\n|t:|1698814946\n|switch|p1a: Sneasler|Sneasler, M|1\/100\n|turn|17\n|\n|t:|1698814961\n|-terastallize|p1a: Sneasler|Fighting\n|move|p1a: Sneasler|Close Combat|p2a: Jirachi\n|-damage|p2a: Jirachi|0 fnt\n|-unboost|p1a: Sneasler|def|1\n|-unboost|p1a: Sneasler|spd|1\n|faint|p2a: Jirachi\n|\n|upkeep\n|\n|t:|1698814970\n|switch|p2a: Gastrodon|Gastrodon, F|62\/100\n|turn|18\n|\n|t:|1698814996\n|move|p1a: Sneasler|Close Combat|p2a: Gastrodon\n|-damage|p2a: Gastrodon|0 fnt\n|-unboost|p1a: Sneasler|def|1\n|-unboost|p1a: Sneasler|spd|1\n|faint|p2a: Gastrodon\n|\n|upkeep\n|\n|t:|1698815010\n|switch|p2a: Torterra|Torterra, M|100\/100\n|turn|19\n|\n|t:|1698815028\n|move|p1a: Sneasler|Close Combat|p2a: Torterra\n|-damage|p2a: Torterra|35\/100\n|-unboost|p1a: Sneasler|def|1\n|-unboost|p1a: Sneasler|spd|1\n|move|p2a: Torterra|Earthquake|p1a: Sneasler\n|-damage|p1a: Sneasler|0 fnt\n|faint|p1a: Sneasler\n|\n|win|Andrew514\n|l|\u2606Phantonomia_6649\n","uploadtime":1698815059,"views":17,"p1id":"phantonomia6649","p2id":"andrew514","formatid":"gen9anythinggoes","rating":0,"private":0,"password":""}