{"id":"gen9anythinggoes-1972667180","p1":"The sixth maushold","p2":"FeioNando","format":"[Gen 9] Anything Goes","log":"|j|\u2606The sixth maushold\n|j|\u2606FeioNando\n|t:|1697873908\n|gametype|singles\n|player|p1|The sixth maushold|265|1033\n|player|p2|FeioNando|swimmer-gen4dp|1050\n|teamsize|p1|1\n|teamsize|p2|3\n|gen|9\n|tier|[Gen 9] Anything Goes\n|rated|\n|rule|HP Percentage Mod: HP is shown in percentages\n|rule|Endless Battle Clause: Forcing endless battles is banned\n|clearpoke\n|poke|p1|Numel, M|\n|poke|p2|Cinderace, F|\n|poke|p2|Raboot, M|\n|poke|p2|Scorbunny, F|\n|teampreview\n|inactive|Battle timer is ON: inactive players will automatically lose when time's up. (requested by The sixth maushold)\n|\n|t:|1697873920\n|start\n|switch|p1a: Numel|Numel, M, shiny|100\/100\n|switch|p2a: Scorbunny|Scorbunny, F|100\/100\n|turn|1\n|\n|t:|1697873929\n|move|p2a: Scorbunny|Super Fang|p1a: Numel\n|-start|p2a: Scorbunny|typechange|Normal|[from] ability: Libero\n|-damage|p1a: Numel|51\/100\n|move|p1a: Numel|Stockpile|p1a: Numel\n|-start|p1a: Numel|stockpile1\n|-boost|p1a: Numel|def|2\n|-boost|p1a: Numel|spd|2\n|\n|upkeep\n|turn|2\n|\n|t:|1697873940\n|move|p2a: Scorbunny|Double Kick|p1a: Numel\n|-damage|p1a: Numel|46\/100\n|-damage|p1a: Numel|41\/100\n|-hitcount|p1a: Numel|2\n|move|p1a: Numel|Stockpile|p1a: Numel\n|-start|p1a: Numel|stockpile2\n|-boost|p1a: Numel|def|2\n|-boost|p1a: Numel|spd|2\n|\n|upkeep\n|turn|3\n|\n|t:|1697873949\n|move|p2a: Scorbunny|Super Fang|p1a: Numel\n|-damage|p1a: Numel|21\/100\n|move|p1a: Numel|Stockpile|p1a: Numel\n|-start|p1a: Numel|stockpile3\n|-boost|p1a: Numel|def|2\n|-boost|p1a: Numel|spd|2\n|\n|upkeep\n|turn|4\n|\n|t:|1697873956\n|move|p2a: Scorbunny|Super Fang|p1a: Numel\n|-damage|p1a: Numel|11\/100\n|move|p1a: Numel|Rest|p1a: Numel\n|-status|p1a: Numel|slp|[from] move: Rest\n|-heal|p1a: Numel|100\/100 slp|[silent]\n|\n|upkeep\n|turn|5\n|c|\u2606FeioNando|Omg\n|\n|t:|1697873968\n|move|p2a: Scorbunny|Super Fang|p1a: Numel\n|-damage|p1a: Numel|51\/100 slp\n|cant|p1a: Numel|slp\n|\n|upkeep\n|turn|6\n|\n|t:|1697873974\n|move|p2a: Scorbunny|Super Fang|p1a: Numel\n|-damage|p1a: Numel|26\/100 slp\n|cant|p1a: Numel|slp\n|\n|upkeep\n|turn|7\n|\n|t:|1697873980\n|move|p2a: Scorbunny|Super Fang|p1a: Numel\n|-damage|p1a: Numel|13\/100 slp\n|-curestatus|p1a: Numel|slp|[msg]\n|move|p1a: Numel|Rest|p1a: Numel\n|-status|p1a: Numel|slp|[from] move: Rest\n|-heal|p1a: Numel|100\/100 slp|[silent]\n|\n|upkeep\n|turn|8\n|\n|t:|1697873988\n|move|p2a: Scorbunny|Super Fang|p1a: Numel\n|-damage|p1a: Numel|51\/100 slp\n|cant|p1a: Numel|slp\n|\n|upkeep\n|turn|9\n|\n|t:|1697873996\n|move|p2a: Scorbunny|Super Fang|p1a: Numel\n|-damage|p1a: Numel|26\/100 slp\n|cant|p1a: Numel|slp\n|\n|upkeep\n|turn|10\n|\n|t:|1697874002\n|move|p2a: Scorbunny|Quick Attack|p1a: Numel\n|-damage|p1a: Numel|21\/100 slp\n|-curestatus|p1a: Numel|slp|[msg]\n|move|p1a: Numel|Rest|p1a: Numel\n|-status|p1a: Numel|slp|[from] move: Rest\n|-heal|p1a: Numel|100\/100 slp|[silent]\n|\n|upkeep\n|turn|11\n|\n|t:|1697874013\n|switch|p2a: Cinderace|Cinderace, F|100\/100\n|cant|p1a: Numel|slp\n|\n|upkeep\n|turn|12\n|\n|t:|1697874021\n|move|p2a: Cinderace|Snarl|p1a: Numel\n|-start|p2a: Cinderace|typechange|Dark|[from] ability: Libero\n|-damage|p1a: Numel|92\/100 slp\n|-unboost|p1a: Numel|spa|2\n|cant|p1a: Numel|slp\n|\n|upkeep\n|turn|13\n|\n|t:|1697874030\n|move|p2a: Cinderace|Snarl|p1a: Numel\n|-damage|p1a: Numel|84\/100 slp\n|-unboost|p1a: Numel|spa|2\n|-curestatus|p1a: Numel|slp|[msg]\n|move|p1a: Numel|Growth|p1a: Numel\n|-boost|p1a: Numel|atk|2\n|-boost|p1a: Numel|spa|2\n|\n|upkeep\n|turn|14\n|\n|t:|1697874039\n|move|p2a: Cinderace|Snarl|p1a: Numel\n|-crit|p1a: Numel\n|-damage|p1a: Numel|37\/100\n|-unboost|p1a: Numel|spa|2\n|move|p1a: Numel|Growth|p1a: Numel\n|-boost|p1a: Numel|atk|2\n|-boost|p1a: Numel|spa|2\n|\n|upkeep\n|turn|15\n|\n|t:|1697874047\n|move|p2a: Cinderace|Snarl|p1a: Numel\n|-damage|p1a: Numel|28\/100\n|-unboost|p1a: Numel|spa|2\n|move|p1a: Numel|Growth|p1a: Numel\n|-boost|p1a: Numel|atk|2\n|-boost|p1a: Numel|spa|2\n|\n|upkeep\n|turn|16\n|\n|t:|1697874058\n|move|p2a: Cinderace|Snarl|p1a: Numel\n|-damage|p1a: Numel|21\/100\n|-unboost|p1a: Numel|spa|2\n|move|p1a: Numel|Rest|p1a: Numel\n|-status|p1a: Numel|slp|[from] move: Rest\n|-heal|p1a: Numel|100\/100 slp|[silent]\n|\n|upkeep\n|turn|17\n|\n|t:|1697874066\n|switch|p2a: Scorbunny|Scorbunny, F|100\/100\n|cant|p1a: Numel|slp\n|\n|upkeep\n|turn|18\n|\n|t:|1697874072\n|move|p2a: Scorbunny|Super Fang|p1a: Numel\n|-start|p2a: Scorbunny|typechange|Normal|[from] ability: Libero\n|-damage|p1a: Numel|51\/100 slp\n|cant|p1a: Numel|slp\n|\n|upkeep\n|turn|19\n|\n|t:|1697874087\n|move|p2a: Scorbunny|Super Fang|p1a: Numel\n|-damage|p1a: Numel|26\/100 slp\n|-curestatus|p1a: Numel|slp|[msg]\n|move|p1a: Numel|Rest|p1a: Numel\n|-status|p1a: Numel|slp|[from] move: Rest\n|-heal|p1a: Numel|100\/100 slp|[silent]\n|\n|upkeep\n|turn|20\n|\n|t:|1697874095\n|move|p2a: Scorbunny|Super Fang|p1a: Numel\n|-damage|p1a: Numel|51\/100 slp\n|cant|p1a: Numel|slp\n|\n|upkeep\n|turn|21\n|\n|t:|1697874100\n|move|p2a: Scorbunny|Super Fang|p1a: Numel\n|-damage|p1a: Numel|26\/100 slp\n|cant|p1a: Numel|slp\n|\n|upkeep\n|turn|22\n|\n|t:|1697874106\n|switch|p2a: Raboot|Raboot, M|100\/100\n|-curestatus|p1a: Numel|slp|[msg]\n|move|p1a: Numel|Rest|p1a: Numel\n|-status|p1a: Numel|slp|[from] move: Rest\n|-heal|p1a: Numel|100\/100 slp|[silent]\n|\n|upkeep\n|turn|23\n|\n|t:|1697874117\n|move|p2a: Raboot|Bulk Up|p2a: Raboot\n|-start|p2a: Raboot|typechange|Fighting|[from] ability: Libero\n|-boost|p2a: Raboot|atk|1\n|-boost|p2a: Raboot|def|1\n|cant|p1a: Numel|slp\n|\n|upkeep\n|turn|24\n|\n|t:|1697874124\n|move|p2a: Raboot|Bulk Up|p2a: Raboot\n|-boost|p2a: Raboot|atk|1\n|-boost|p2a: Raboot|def|1\n|cant|p1a: Numel|slp\n|\n|upkeep\n|turn|25\n|\n|t:|1697874130\n|move|p2a: Raboot|Bulk Up|p2a: Raboot\n|-boost|p2a: Raboot|atk|1\n|-boost|p2a: Raboot|def|1\n|-curestatus|p1a: Numel|slp|[msg]\n|move|p1a: Numel|Trailblaze|p2a: Raboot\n|-damage|p2a: Raboot|86\/100\n|-boost|p1a: Numel|spe|2\n|\n|upkeep\n|turn|26\n|\n|t:|1697874140\n|move|p2a: Raboot|Bulk Up|p2a: Raboot\n|-boost|p2a: Raboot|atk|1\n|-boost|p2a: Raboot|def|1\n|move|p1a: Numel|Trailblaze|p2a: Raboot\n|-damage|p2a: Raboot|75\/100\n|-boost|p1a: Numel|spe|2\n|\n|upkeep\n|turn|27\n|\n|t:|1697874149\n|move|p1a: Numel|Trailblaze|p2a: Raboot\n|-damage|p2a: Raboot|62\/100\n|-boost|p1a: Numel|spe|2\n|move|p2a: Raboot|Bulk Up|p2a: Raboot\n|-boost|p2a: Raboot|atk|1\n|-boost|p2a: Raboot|def|1\n|\n|upkeep\n|turn|28\n|\n|t:|1697874158\n|move|p1a: Numel|Growth|p1a: Numel\n|-boost|p1a: Numel|atk|0\n|-boost|p1a: Numel|spa|2\n|move|p2a: Raboot|Bulk Up|p2a: Raboot\n|-boost|p2a: Raboot|atk|1\n|-boost|p2a: Raboot|def|1\n|\n|upkeep\n|turn|29\n|\n|t:|1697874166\n|move|p1a: Numel|Growth|p1a: Numel\n|-boost|p1a: Numel|atk|0\n|-boost|p1a: Numel|spa|2\n|move|p2a: Raboot|Flame Charge|p1a: Numel\n|-resisted|p1a: Numel\n|-damage|p1a: Numel|94\/100\n|-boost|p2a: Raboot|spe|1\n|\n|upkeep\n|turn|30\n|\n|t:|1697874175\n|move|p1a: Numel|Growth|p1a: Numel\n|-boost|p1a: Numel|atk|0\n|-boost|p1a: Numel|spa|2\n|move|p2a: Raboot|High Jump Kick|p1a: Numel\n|-damage|p1a: Numel|38\/100\n|\n|upkeep\n|turn|31\n|\n|t:|1697874182\n|move|p1a: Numel|Growth|p1a: Numel\n|-boost|p1a: Numel|atk|0\n|-boost|p1a: Numel|spa|2\n|move|p2a: Raboot|High Jump Kick|p1a: Numel\n|-damage|p1a: Numel|0 fnt\n|faint|p1a: Numel\n|\n|win|FeioNando\n|raw|The sixth maushold's rating: 1033 &rarr; <strong>1019<\/strong><br \/>(-14 for losing)\n|raw|FeioNando's rating: 1050 &rarr; <strong>1081<\/strong><br \/>(+31 for winning)\n|l|\u2606The sixth maushold\n","uploadtime":1697874191,"views":11,"p1id":"thesixthmaushold","p2id":"feionando","formatid":"gen9anythinggoes","rating":1019,"private":0,"password":""}