{"id":"gen9anythinggoes-1971686889","p1":"Nuclearstomp","p2":"raiden_731","format":"[Gen 9] Anything Goes","log":"|j|\u2606Nuclearstomp\n|j|\u2606raiden_731\n|t:|1697761137\n|gametype|singles\n|player|p1|Nuclearstomp|burglar-gen1rb|1236\n|player|p2|raiden_731|265|1195\n|teamsize|p1|6\n|teamsize|p2|6\n|gen|9\n|tier|[Gen 9] Anything Goes\n|rated|\n|rule|HP Percentage Mod: HP is shown in percentages\n|rule|Endless Battle Clause: Forcing endless battles is banned\n|clearpoke\n|poke|p1|Chesnaught, M|\n|poke|p1|Corviknight, F|\n|poke|p1|Umbreon, M|\n|poke|p1|Urshifu-*, F|\n|poke|p1|Sylveon, M|\n|poke|p1|Hippowdon, F|\n|poke|p2|Greninja-*, F|\n|poke|p2|Masquerain, M|\n|poke|p2|Kingambit, M|\n|poke|p2|Skeledirge, F|\n|poke|p2|Dragonite, M|\n|poke|p2|Goodra, F|\n|teampreview\n|inactive|Battle timer is ON: inactive players will automatically lose when time's up. (requested by Nuclearstomp)\n|\n|t:|1697761149\n|start\n|switch|p1a: Hippowdon|Hippowdon, F|100\/100\n|switch|p2a: Masquerain|Masquerain, M|100\/100\n|-ability|p2a: Masquerain|Intimidate|boost\n|-unboost|p1a: Hippowdon|atk|1\n|-weather|Sandstorm|[from] ability: Sand Stream|[of] p1a: Hippowdon\n|turn|1\n|\n|t:|1697761160\n|move|p2a: Masquerain|Sticky Web|p1a: Hippowdon\n|-sidestart|p1: Nuclearstomp|move: Sticky Web\n|move|p1a: Hippowdon|Stealth Rock|p2a: Masquerain\n|-sidestart|p2: raiden_731|move: Stealth Rock\n|\n|-weather|Sandstorm|[upkeep]\n|-damage|p2a: Masquerain|94\/100|[from] Sandstorm\n|upkeep\n|turn|2\n|\n|t:|1697761168\n|move|p2a: Masquerain|Bug Buzz|p1a: Hippowdon\n|-damage|p1a: Hippowdon|61\/100\n|move|p1a: Hippowdon|Yawn|p2a: Masquerain\n|-start|p2a: Masquerain|move: Yawn|[of] p1a: Hippowdon\n|\n|-weather|Sandstorm|[upkeep]\n|-damage|p2a: Masquerain|88\/100|[from] Sandstorm\n|upkeep\n|turn|3\n|\n|t:|1697761179\n|switch|p2a: Dragonite|Dragonite, M|100\/100\n|-damage|p2a: Dragonite|76\/100|[from] Stealth Rock\n|move|p1a: Hippowdon|Slack Off|p1a: Hippowdon\n|-heal|p1a: Hippowdon|100\/100\n|\n|-weather|Sandstorm|[upkeep]\n|-damage|p2a: Dragonite|69\/100|[from] Sandstorm\n|upkeep\n|turn|4\n|\n|t:|1697761193\n|switch|p1a: Umbreon|Umbreon, M|100\/100\n|-activate|p1a: Umbreon|move: Sticky Web\n|-unboost|p1a: Umbreon|spe|1\n|move|p2a: Dragonite|Dragon Claw|p1a: Umbreon\n|-damage|p1a: Umbreon|70\/100\n|\n|-weather|Sandstorm|[upkeep]\n|-damage|p2a: Dragonite|63\/100|[from] Sandstorm\n|-damage|p1a: Umbreon|64\/100|[from] Sandstorm\n|-heal|p1a: Umbreon|70\/100|[from] item: Leftovers\n|upkeep\n|turn|5\n|\n|t:|1697761206\n|move|p2a: Dragonite|Dragon Dance|p2a: Dragonite\n|-boost|p2a: Dragonite|atk|1\n|-boost|p2a: Dragonite|spe|1\n|move|p1a: Umbreon|Wish|p1a: Umbreon\n|\n|-weather|none\n|-heal|p1a: Umbreon|76\/100|[from] item: Leftovers\n|upkeep\n|turn|6\n|\n|t:|1697761214\n|move|p2a: Dragonite|Dragon Dance|p2a: Dragonite\n|-boost|p2a: Dragonite|atk|1\n|-boost|p2a: Dragonite|spe|1\n|move|p1a: Umbreon|Foul Play|p2a: Dragonite\n|-damage|p2a: Dragonite|4\/100\n|\n|-heal|p1a: Umbreon|100\/100|[from] move: Wish|[wisher] Umbreon\n|upkeep\n|turn|7\n|\n|t:|1697761224\n|switch|p1a: Hippowdon|Hippowdon, F|100\/100\n|-weather|Sandstorm|[from] ability: Sand Stream|[of] p1a: Hippowdon\n|move|p2a: Dragonite|Dragon Claw|p1a: Hippowdon\n|-damage|p1a: Hippowdon|62\/100\n|\n|-weather|Sandstorm|[upkeep]\n|-damage|p2a: Dragonite|0 fnt|[from] Sandstorm\n|faint|p2a: Dragonite\n|upkeep\n|\n|t:|1697761235\n|switch|p2a: Greninja|Greninja, F|100\/100\n|-damage|p2a: Greninja|88\/100|[from] Stealth Rock\n|turn|8\n|\n|t:|1697761245\n|-terastallize|p1a: Hippowdon|Water\n|move|p2a: Greninja|Hydro Pump|p1a: Hippowdon|[miss]\n|-start|p2a: Greninja|typechange|Water|[from] ability: Protean\n|-miss|p2a: Greninja|p1a: Hippowdon\n|move|p1a: Hippowdon|Yawn|p2a: Greninja\n|-start|p2a: Greninja|move: Yawn|[of] p1a: Hippowdon\n|\n|-weather|Sandstorm|[upkeep]\n|-damage|p2a: Greninja|82\/100|[from] Sandstorm\n|-damage|p1a: Hippowdon|56\/100|[from] Sandstorm\n|upkeep\n|turn|9\n|\n|t:|1697761260\n|switch|p2a: Goodra|Goodra, F|100\/100\n|-damage|p2a: Goodra|88\/100|[from] Stealth Rock\n|move|p1a: Hippowdon|Slack Off|p1a: Hippowdon\n|-heal|p1a: Hippowdon|100\/100\n|\n|-weather|Sandstorm|[upkeep]\n|-damage|p2a: Goodra|82\/100|[from] Sandstorm\n|-damage|p1a: Hippowdon|94\/100|[from] Sandstorm\n|upkeep\n|turn|10\n|\n|t:|1697761271\n|switch|p1a: Corviknight|Corviknight, F|100\/100\n|-ability|p1a: Corviknight|Pressure\n|move|p2a: Goodra|Thunderbolt|p1a: Corviknight\n|-supereffective|p1a: Corviknight\n|-damage|p1a: Corviknight|53\/100\n|\n|-weather|Sandstorm|[upkeep]\n|-damage|p2a: Goodra|75\/100|[from] Sandstorm\n|-heal|p1a: Corviknight|59\/100|[from] item: Leftovers\n|upkeep\n|turn|11\n|\n|t:|1697761285\n|move|p2a: Goodra|Flamethrower|p1a: Corviknight\n|-supereffective|p1a: Corviknight\n|-damage|p1a: Corviknight|11\/100\n|move|p1a: Corviknight|Defog|p2a: Goodra\n|-unboost|p2a: Goodra|evasion|1\n|-sideend|p2: raiden_731|Stealth Rock|[from] move: Defog|[of] p1a: Corviknight\n|-sideend|p1: Nuclearstomp|Sticky Web|[from] move: Defog|[of] p1a: Corviknight\n|\n|-weather|none\n|-heal|p1a: Corviknight|17\/100|[from] item: Leftovers\n|upkeep\n|turn|12\n|\n|t:|1697761296\n|switch|p1a: Umbreon|Umbreon, M|100\/100\n|move|p2a: Goodra|Thunderbolt|p1a: Umbreon\n|-damage|p1a: Umbreon|89\/100\n|\n|-heal|p1a: Umbreon|95\/100|[from] item: Leftovers\n|upkeep\n|turn|13\n|\n|t:|1697761309\n|move|p2a: Goodra|Thunderbolt|p1a: Umbreon\n|-damage|p1a: Umbreon|83\/100\n|move|p1a: Umbreon|Thunder Wave|p2a: Goodra\n|-status|p2a: Goodra|par\n|\n|-heal|p1a: Umbreon|89\/100|[from] item: Leftovers\n|upkeep\n|turn|14\n|\n|t:|1697761323\n|switch|p2a: Masquerain|Masquerain, M|88\/100\n|-ability|p2a: Masquerain|Intimidate|boost\n|-unboost|p1a: Umbreon|atk|1\n|move|p1a: Umbreon|Foul Play|p2a: Masquerain\n|-damage|p2a: Masquerain|57\/100\n|\n|-heal|p1a: Umbreon|95\/100|[from] item: Leftovers\n|upkeep\n|turn|15\n|\n|t:|1697761336\n|switch|p1a: Urshifu|Urshifu-Rapid-Strike, F|100\/100\n|move|p2a: Masquerain|Sticky Web|p1a: Urshifu\n|-sidestart|p1: Nuclearstomp|move: Sticky Web\n|\n|upkeep\n|turn|16\n|\n|t:|1697761345\n|move|p1a: Urshifu|Surging Strikes|p2a: Masquerain\n|-crit|p2a: Masquerain\n|-damage|p2a: Masquerain|6\/100\n|-crit|p2a: Masquerain\n|-damage|p2a: Masquerain|0 fnt\n|faint|p2a: Masquerain\n|-hitcount|p2: Masquerain|2\n|\n|upkeep\n|\n|t:|1697761353\n|switch|p2a: Goodra|Goodra, F|75\/100 par\n|turn|17\n|\n|t:|1697761358\n|switch|p1a: Sylveon|Sylveon, M|100\/100\n|-activate|p1a: Sylveon|move: Sticky Web\n|-unboost|p1a: Sylveon|spe|1\n|cant|p2a: Goodra|par\n|\n|upkeep\n|turn|18\n|\n|t:|1697761368\n|move|p1a: Sylveon|Wish|p1a: Sylveon\n|move|p2a: Goodra|Sludge Bomb|p1a: Sylveon\n|-supereffective|p1a: Sylveon\n|-damage|p1a: Sylveon|70\/100\n|\n|-heal|p1a: Sylveon|76\/100|[from] item: Leftovers\n|upkeep\n|turn|19\n|\n|t:|1697761376\n|switch|p2a: Kingambit|Kingambit, M|100\/100\n|move|p1a: Sylveon|Moonblast|p2a: Kingambit\n|-damage|p2a: Kingambit|62\/100\n|-unboost|p2a: Kingambit|spa|1\n|-ability|p2a: Kingambit|Defiant|boost\n|-boost|p2a: Kingambit|atk|2\n|\n|-heal|p1a: Sylveon|100\/100|[from] move: Wish|[wisher] Sylveon\n|upkeep\n|turn|20\n|\n|t:|1697761389\n|switch|p1a: Chesnaught|Chesnaught, M|100\/100\n|-activate|p1a: Chesnaught|move: Sticky Web\n|-unboost|p1a: Chesnaught|spe|1\n|move|p2a: Kingambit|Iron Head|p1a: Chesnaught\n|-damage|p1a: Chesnaught|20\/100\n|\n|-heal|p1a: Chesnaught|26\/100|[from] item: Leftovers\n|upkeep\n|turn|21\n|\n|t:|1697761400\n|move|p1a: Chesnaught|Spiky Shield|p1a: Chesnaught\n|-singleturn|p1a: Chesnaught|move: Protect\n|move|p2a: Kingambit|Iron Head|p1a: Chesnaught\n|-activate|p1a: Chesnaught|move: Protect\n|-damage|p2a: Kingambit|50\/100|[from] Spiky Shield|[of] p1a: Chesnaught\n|\n|-heal|p1a: Chesnaught|32\/100|[from] item: Leftovers\n|upkeep\n|turn|22\n|\n|t:|1697761410\n|move|p2a: Kingambit|Iron Head|p1a: Chesnaught\n|-damage|p1a: Chesnaught|0 fnt\n|faint|p1a: Chesnaught\n|\n|upkeep\n|\n|t:|1697761412\n|switch|p1a: Urshifu|Urshifu-Rapid-Strike, F|100\/100\n|-activate|p1a: Urshifu|move: Sticky Web\n|-unboost|p1a: Urshifu|spe|1\n|turn|23\n|\n|t:|1697761420\n|move|p1a: Urshifu|Surging Strikes|p2a: Kingambit\n|-crit|p2a: Kingambit\n|-damage|p2a: Kingambit|24\/100\n|-crit|p2a: Kingambit\n|-damage|p2a: Kingambit|0 fnt\n|faint|p2a: Kingambit\n|-hitcount|p2: Kingambit|2\n|\n|upkeep\n|\n|t:|1697761429\n|switch|p2a: Goodra|Goodra, F|75\/100 par\n|turn|24\n|\n|t:|1697761433\n|switch|p1a: Umbreon|Umbreon, M|95\/100\n|-activate|p1a: Umbreon|move: Sticky Web\n|-unboost|p1a: Umbreon|spe|1\n|cant|p2a: Goodra|par\n|\n|-heal|p1a: Umbreon|100\/100|[from] item: Leftovers\n|upkeep\n|turn|25\n|\n|t:|1697761444\n|move|p1a: Umbreon|Foul Play|p2a: Goodra\n|-damage|p2a: Goodra|31\/100 par\n|move|p2a: Goodra|Draco Meteor|p1a: Umbreon\n|-damage|p1a: Umbreon|75\/100\n|-unboost|p2a: Goodra|spa|2\n|\n|-heal|p1a: Umbreon|81\/100|[from] item: Leftovers\n|upkeep\n|turn|26\n|\n|t:|1697761455\n|move|p1a: Umbreon|Wish|p1a: Umbreon\n|cant|p2a: Goodra|par\n|\n|-heal|p1a: Umbreon|88\/100|[from] item: Leftovers\n|upkeep\n|turn|27\n|\n|t:|1697761462\n|switch|p1a: Corviknight|Corviknight, F|17\/100\n|-ability|p1a: Corviknight|Pressure\n|cant|p2a: Goodra|par\n|\n|-heal|p1a: Corviknight|67\/100|[from] move: Wish|[wisher] Umbreon\n|-heal|p1a: Corviknight|73\/100|[from] item: Leftovers\n|upkeep\n|turn|28\n|\n|t:|1697761475\n|move|p1a: Corviknight|Defog|p2a: Goodra\n|-unboost|p2a: Goodra|evasion|1\n|-sideend|p1: Nuclearstomp|Sticky Web|[from] move: Defog|[of] p1a: Corviknight\n|cant|p2a: Goodra|par\n|\n|-heal|p1a: Corviknight|79\/100|[from] item: Leftovers\n|upkeep\n|turn|29\n|\n|t:|1697761483\n|move|p1a: Corviknight|U-turn|p2a: Goodra\n|-damage|p2a: Goodra|13\/100 par\n|\n|t:|1697761485\n|switch|p1a: Hippowdon|Hippowdon, F, tera:Water|94\/100|[from] U-turn\n|-weather|Sandstorm|[from] ability: Sand Stream|[of] p1a: Hippowdon\n|move|p2a: Goodra|Thunderbolt|p1a: Hippowdon\n|-supereffective|p1a: Hippowdon\n|-damage|p1a: Hippowdon|70\/100\n|\n|-weather|Sandstorm|[upkeep]\n|-damage|p1a: Hippowdon|64\/100|[from] Sandstorm\n|-damage|p2a: Goodra|7\/100 par|[from] Sandstorm\n|upkeep\n|turn|30\n|\n|t:|1697761497\n|move|p1a: Hippowdon|Slack Off|p1a: Hippowdon\n|-heal|p1a: Hippowdon|100\/100\n|move|p2a: Goodra|Thunderbolt|p1a: Hippowdon\n|-supereffective|p1a: Hippowdon\n|-damage|p1a: Hippowdon|78\/100\n|\n|-weather|Sandstorm|[upkeep]\n|-damage|p1a: Hippowdon|71\/100|[from] Sandstorm\n|-damage|p2a: Goodra|0 fnt|[from] Sandstorm\n|faint|p2a: Goodra\n|upkeep\n|\n|t:|1697761510\n|switch|p2a: Skeledirge|Skeledirge, F|100\/100\n|turn|31\n|\n|t:|1697761516\n|switch|p1a: Urshifu|Urshifu-Rapid-Strike, F|100\/100\n|move|p2a: Skeledirge|Will-O-Wisp|p1a: Urshifu|[miss]\n|-miss|p2a: Skeledirge|p1a: Urshifu\n|\n|-weather|Sandstorm|[upkeep]\n|-damage|p1a: Urshifu|94\/100|[from] Sandstorm\n|-damage|p2a: Skeledirge|94\/100|[from] Sandstorm\n|upkeep\n|turn|32\n|\n|t:|1697761526\n|move|p1a: Urshifu|Surging Strikes|p2a: Skeledirge\n|-supereffective|p2a: Skeledirge\n|-crit|p2a: Skeledirge\n|-damage|p2a: Skeledirge|41\/100\n|-damage|p1a: Urshifu|78\/100|[from] item: Rocky Helmet|[of] p2a: Skeledirge\n|-supereffective|p2a: Skeledirge\n|-crit|p2a: Skeledirge\n|-damage|p2a: Skeledirge|0 fnt\n|-damage|p1a: Urshifu|61\/100|[from] item: Rocky Helmet|[of] p2a: Skeledirge\n|faint|p2a: Skeledirge\n|-hitcount|p2: Skeledirge|2\n|\n|-weather|Sandstorm|[upkeep]\n|-damage|p1a: Urshifu|55\/100|[from] Sandstorm\n|upkeep\n|\n|t:|1697761538\n|switch|p2a: Greninja|Greninja, F|82\/100\n|turn|33\n|\n|t:|1697761545\n|switch|p1a: Corviknight|Corviknight, F|79\/100\n|-ability|p1a: Corviknight|Pressure\n|-terastallize|p2a: Greninja|Water\n|move|p2a: Greninja|Hydro Pump|p1a: Corviknight\n|-damage|p1a: Corviknight|8\/100\n|-damage|p2a: Greninja|72\/100|[from] item: Life Orb\n|\n|-weather|none\n|-heal|p1a: Corviknight|14\/100|[from] item: Leftovers\n|upkeep\n|turn|34\n|\n|t:|1697761560\n|move|p2a: Greninja|Hydro Pump|p1a: Corviknight\n|-damage|p1a: Corviknight|0 fnt\n|faint|p1a: Corviknight\n|-damage|p2a: Greninja|63\/100|[from] item: Life Orb\n|\n|upkeep\n|\n|t:|1697761561\n|switch|p1a: Umbreon|Umbreon, M|88\/100\n|turn|35\n|\n|t:|1697761570\n|move|p1a: Umbreon|Protect|p1a: Umbreon\n|-singleturn|p1a: Umbreon|Protect\n|move|p2a: Greninja|Hydro Pump|p1a: Umbreon\n|-activate|p1a: Umbreon|move: Protect\n|\n|-heal|p1a: Umbreon|94\/100|[from] item: Leftovers\n|upkeep\n|turn|36\n|\n|t:|1697761579\n|move|p2a: Greninja|Hydro Pump|p1a: Umbreon|[miss]\n|-miss|p2a: Greninja|p1a: Umbreon\n|move|p1a: Umbreon|Thunder Wave|p2a: Greninja\n|-status|p2a: Greninja|par\n|\n|-heal|p1a: Umbreon|99\/100|[from] item: Leftovers\n|upkeep\n|turn|37\n|\n|t:|1697761588\n|move|p1a: Umbreon|Protect|p1a: Umbreon\n|-singleturn|p1a: Umbreon|Protect\n|move|p2a: Greninja|Hydro Pump|p1a: Umbreon\n|-activate|p1a: Umbreon|move: Protect\n|\n|-heal|p1a: Umbreon|100\/100|[from] item: Leftovers\n|upkeep\n|turn|38\n|\n|t:|1697761601\n|cant|p2a: Greninja|par\n|move|p1a: Umbreon|Foul Play|p2a: Greninja\n|-damage|p2a: Greninja|8\/100 par\n|\n|upkeep\n|turn|39\n|\n|t:|1697761613\n|move|p2a: Greninja|Ice Beam|p1a: Umbreon\n|-damage|p1a: Umbreon|83\/100\n|-damage|p2a: Greninja|0 fnt|[from] item: Life Orb\n|faint|p2a: Greninja\n|\n|win|Nuclearstomp\n|raw|Nuclearstomp's rating: 1236 &rarr; <strong>1258<\/strong><br \/>(+22 for winning)\n|raw|raiden_731's rating: 1195 &rarr; <strong>1173<\/strong><br \/>(-22 for losing)\n","uploadtime":1697761618,"views":8,"p1id":"nuclearstomp","p2id":"raiden731","formatid":"gen9anythinggoes","rating":1173,"private":0,"password":""}