{"id":"gen9anythinggoes-1994988582","p1":"Hubbardchicken","p2":"SonicSpeedKaleb","format":"[Gen 9] Anything Goes","log":"|j|\u2606Hubbardchicken\n|j|\u2606SonicSpeedKaleb\n|t:|1700510925\n|gametype|singles\n|player|p1|Hubbardchicken|rancher|1126\n|player|p2|SonicSpeedKaleb|1|1256\n|teamsize|p1|6\n|teamsize|p2|6\n|gen|9\n|tier|[Gen 9] Anything Goes\n|rated|\n|rule|HP Percentage Mod: HP is shown in percentages\n|rule|Endless Battle Clause: Forcing endless battles is banned\n|clearpoke\n|poke|p1|Electrode|\n|poke|p1|Electrode|\n|poke|p1|Electrode-Hisui|\n|poke|p1|Electrode-Hisui|\n|poke|p1|Electrode|\n|poke|p1|Electrode-Hisui|\n|poke|p2|Skeledirge, M|\n|poke|p2|Pawmot, M|\n|poke|p2|Gardevoir, F|\n|poke|p2|Gliscor, F|\n|poke|p2|Lycanroc, M|\n|poke|p2|Koraidon|\n|teampreview\n|c|\u2606SonicSpeedKaleb|FAIR STRATS ONLY! NO UNFAIR STRATS!\n|\n|t:|1700510932\n|start\n|switch|p1a: Electrode|Electrode|100\/100\n|switch|p2a: Gliscor|Gliscor, F|100\/100\n|turn|1\n|inactive|Battle timer is ON: inactive players will automatically lose when time's up. (requested by SonicSpeedKaleb)\n|\n|t:|1700510941\n|move|p1a: Electrode|Taunt|p2a: Gliscor\n|-start|p2a: Gliscor|move: Taunt\n|cant|p2a: Gliscor|move: Taunt|Swords Dance\n|\n|upkeep\n|turn|2\n|\n|t:|1700510952\n|switch|p1a: Electrode|Electrode-Hisui|100\/100\n|move|p2a: Gliscor|Earthquake|p1a: Electrode\n|-damage|p1a: Electrode|46\/100\n|\n|-heal|p1a: Electrode|52\/100|[from] item: Leftovers\n|upkeep\n|turn|3\n|c|\u2606SonicSpeedKaleb|TAUNT F U C K E R!\n|\n|t:|1700510962\n|move|p1a: Electrode|Leech Seed|p2a: Gliscor\n|-start|p2a: Gliscor|move: Leech Seed\n|move|p2a: Gliscor|Earthquake|p1a: Electrode\n|-damage|p1a: Electrode|0 fnt\n|faint|p1a: Electrode\n|\n|-end|p2a: Gliscor|move: Taunt\n|upkeep\n|\n|t:|1700510982\n|switch|p1a: Electrode|Electrode-Hisui|100\/100\n|turn|4\n|\n|t:|1700510986\n|-terastallize|p1a: Electrode|Ice\n|move|p1a: Electrode|Tera Blast|p2a: Gliscor|[anim] Tera Blast Ice\n|-supereffective|p2a: Gliscor\n|-enditem|p2a: Gliscor|Focus Sash\n|-damage|p2a: Gliscor|1\/100\n|move|p2a: Gliscor|Swords Dance|p2a: Gliscor\n|-boost|p2a: Gliscor|atk|2\n|\n|-damage|p2a: Gliscor|0 fnt|[from] Leech Seed|[of] p1a: Electrode\n|faint|p2a: Gliscor\n|upkeep\n|\n|t:|1700510995\n|switch|p2a: Pawmot|Pawmot, M|100\/100\n|turn|5\n|\n|t:|1700511002\n|switch|p1a: Electrode|Electrode|100\/100\n|move|p2a: Pawmot|Agility|p2a: Pawmot\n|-boost|p2a: Pawmot|spe|2\n|\n|upkeep\n|turn|6\n|c|\u2606SonicSpeedKaleb|I hope every element of your cheapness dies.\n|\n|t:|1700511010\n|move|p2a: Pawmot|Baton Pass|p2a: Pawmot\n|\n|t:|1700511012\n|switch|p2a: Koraidon|Koraidon|100\/100|[from] Baton Pass\n|-weather|SunnyDay|[from] ability: Orichalcum Pulse|[of] p2a: Koraidon\n|-activate|p2a: Koraidon|Orichalcum Pulse|[source]\n|move|p1a: Electrode|Taunt|p2a: Koraidon\n|-start|p2a: Koraidon|move: Taunt\n|\n|-weather|SunnyDay|[upkeep]\n|upkeep\n|turn|7\n|\n|t:|1700511027\n|move|p2a: Koraidon|Collision Course|p1a: Electrode\n|-damage|p1a: Electrode|0 fnt\n|-damage|p2a: Koraidon|76\/100|[from] ability: Aftermath|[of] p1a: Electrode\n|faint|p1a: Electrode\n|\n|-weather|SunnyDay|[upkeep]\n|upkeep\n|inactive|Hubbardchicken has 120 seconds left.\n|\n|t:|1700511065\n|switch|p1a: Electrode|Electrode|100\/100\n|turn|8\n|\n|t:|1700511071\n|move|p2a: Koraidon|Collision Course|p1a: Electrode\n|-damage|p1a: Electrode|0 fnt\n|-damage|p2a: Koraidon|51\/100|[from] ability: Aftermath|[of] p1a: Electrode\n|faint|p1a: Electrode\n|\n|-weather|SunnyDay|[upkeep]\n|-end|p2a: Koraidon|move: Taunt\n|upkeep\n|inactive|Hubbardchicken has 120 seconds left.\n|\n|t:|1700511081\n|switch|p1a: Electrode|Electrode-Hisui|100\/100\n|turn|9\n|\n|t:|1700511088\n|move|p2a: Koraidon|Collision Course|p1a: Electrode\n|-damage|p1a: Electrode|31\/100\n|move|p1a: Electrode|Foul Play|p2a: Koraidon\n|-resisted|p2a: Koraidon\n|-crit|p2a: Koraidon\n|-damage|p2a: Koraidon|28\/100\n|\n|-weather|SunnyDay|[upkeep]\n|upkeep\n|turn|10\n|\n|t:|1700511100\n|move|p2a: Koraidon|Collision Course|p1a: Electrode\n|-damage|p1a: Electrode|0 fnt\n|faint|p1a: Electrode\n|\n|-weather|none\n|upkeep\n|\n|t:|1700511107\n|switch|p1a: Electrode|Electrode|100\/100\n|turn|11\n|\n|t:|1700511111\n|move|p2a: Koraidon|Collision Course|p1a: Electrode\n|-damage|p1a: Electrode|14\/100\n|move|p1a: Electrode|Explosion|p2a: Koraidon\n|-damage|p2a: Koraidon|0 fnt\n|faint|p1a: Electrode\n|faint|p2a: Koraidon\n|\n|upkeep\n|\n|t:|1700511120\n|switch|p2a: Skeledirge|Skeledirge, M|100\/100\n|switch|p1a: Electrode|Electrode-Hisui, tera:Ice|100\/100\n|turn|12\n|-activate|p2a: Skeledirge|item: Quick Claw\n|\n|t:|1700511126\n|move|p2a: Skeledirge|Torch Song|p1a: Electrode\n|-supereffective|p1a: Electrode\n|-damage|p1a: Electrode|0 fnt\n|-boost|p2a: Skeledirge|spa|1\n|faint|p1a: Electrode\n|\n|win|SonicSpeedKaleb\n|raw|Hubbardchicken's rating: 1126 &rarr; <strong>1110<\/strong><br \/>(-16 for losing)\n|raw|SonicSpeedKaleb's rating: 1256 &rarr; <strong>1272<\/strong><br \/>(+16 for winning)\n","uploadtime":1700510954,"views":0,"p1id":"hubbardchicken","p2id":"sonicspeedkaleb","formatid":"gen9anythinggoes","rating":1110,"private":0,"password":""}