{"id":"gen9anythinggoes-1995045771","p1":"01jara123","p2":"draquest","format":"[Gen 9] Anything Goes","log":"|j|\u260601jara123\n|j|\u2606draquest\n|t:|1700516715\n|gametype|singles\n|player|p1|01jara123|101|\n|player|p2|draquest|1|\n|teamsize|p1|6\n|teamsize|p2|6\n|gen|9\n|tier|[Gen 9] Anything Goes\n|rule|HP Percentage Mod: HP is shown in percentages\n|rule|Endless Battle Clause: Forcing endless battles is banned\n|clearpoke\n|poke|p1|Kleavor, F|\n|poke|p1|Spidops, F|\n|poke|p1|Ogerpon-Hearthflame, F|\n|poke|p1|Gholdengo|\n|poke|p1|Gliscor, M|\n|poke|p1|Alomomola, M|\n|poke|p2|Jirachi|\n|poke|p2|Roaring Moon|\n|poke|p2|Vikavolt, M|\n|poke|p2|Gligar, M|\n|poke|p2|Tsareena, F|\n|poke|p2|Infernape, F|\n|teampreview\n|c|\u260601jara123|Paso link\n|j| lelouchviteselia\n|l| lelouchviteselia\n|j| Sppregaladog01\n|j| pepitodecrema\n|c|\u260601jara123|Suerte!\n|\n|t:|1700516820\n|start\n|switch|p1a: Kleavor|Kleavor, F|100\/100\n|switch|p2a: Simio|Infernape, F|100\/100\n|turn|1\n|j| Red Krow\n|j| lelouchviteselia\n|j| mimizukii\n|\n|t:|1700516852\n|move|p1a: Kleavor|Stone Axe|p2a: Simio\n|-damage|p2a: Simio|26\/100\n|-sidestart|p2: draquest|move: Stealth Rock\n|move|p2a: Simio|Overheat|p1a: Kleavor\n|-damage|p1a: Kleavor|0 fnt\n|-unboost|p2a: Simio|spa|2\n|faint|p1a: Kleavor\n|\n|upkeep\n|c| mimizukii|:O\n|l| lelouchviteselia\n|\n|t:|1700516896\n|switch|p1a: Alomomola|Alomomola, M|100\/100\n|turn|2\n|c|\u260601jara123|Ard\u00ed\n|j| LeunamTG\n|\n|t:|1700516904\n|switch|p2a: Se\u00f1ora|Tsareena, F|100\/100\n|move|p1a: Alomomola|Flip Turn|p2a: Se\u00f1ora\n|-resisted|p2a: Se\u00f1ora\n|-damage|p2a: Se\u00f1ora|90\/100\n|\n|t:|1700516922\n|switch|p1a: Gholdengo|Gholdengo|100\/100|[from] Flip Turn\n|\n|upkeep\n|turn|3\n|\n|t:|1700516962\n|move|p1a: Gholdengo|Thunder Wave|p2a: Se\u00f1ora|[miss]\n|-miss|p1a: Gholdengo|p2a: Se\u00f1ora\n|move|p2a: Se\u00f1ora|Knock Off|p1a: Gholdengo\n|-supereffective|p1a: Gholdengo\n|-enditem|p1a: Gholdengo|Colbur Berry|[eat]\n|-enditem|p1a: Gholdengo|Colbur Berry|[weaken]\n|-damage|p1a: Gholdengo|60\/100\n|\n|upkeep\n|turn|4\n|c| mimizukii|ostia pelea familiar me meo\n|\n|t:|1700517039\n|move|p1a: Gholdengo|Recover|p1a: Gholdengo\n|-heal|p1a: Gholdengo|100\/100\n|move|p2a: Se\u00f1ora|U-turn|p1a: Gholdengo\n|-resisted|p1a: Gholdengo\n|-damage|p1a: Gholdengo|94\/100\n|\n|t:|1700517045\n|switch|p2a: Remp\u00e1lago|Vikavolt, M|100\/100|[from] U-turn\n|-damage|p2a: Remp\u00e1lago|76\/100|[from] Stealth Rock\n|\n|-heal|p2a: Remp\u00e1lago|82\/100|[from] item: Leftovers\n|upkeep\n|turn|5\n|c|\u260601jara123|Como xD?\n|c| LeunamTG|Gligar vs Gliscor\n|c| mimizukii|yesss\n|\n|t:|1700517072\n|-terastallize|p2a: Remp\u00e1lago|Water\n|move|p1a: Gholdengo|Shadow Ball|p2a: Remp\u00e1lago\n|-damage|p2a: Remp\u00e1lago|34\/100\n|-unboost|p2a: Remp\u00e1lago|spd|1\n|move|p2a: Remp\u00e1lago|Sticky Web|p1a: Gholdengo\n|-sidestart|p1: 01jara123|move: Sticky Web\n|\n|-heal|p2a: Remp\u00e1lago|40\/100|[from] item: Leftovers\n|upkeep\n|turn|6\n|\n|t:|1700517094\n|move|p1a: Gholdengo|Shadow Ball|p2a: Remp\u00e1lago\n|-damage|p2a: Remp\u00e1lago|0 fnt\n|faint|p2a: Remp\u00e1lago\n|\n|upkeep\n|\n|t:|1700517100\n|switch|p2a: Tenacitas|Gligar, M|100\/100\n|-damage|p2a: Tenacitas|88\/100|[from] Stealth Rock\n|turn|7\n|\n|t:|1700517141\n|switch|p1a: Spidops|Spidops, F|100\/100\n|-activate|p1a: Spidops|move: Sticky Web\n|-unboost|p1a: Spidops|spe|1\n|move|p2a: Tenacitas|Toxic Spikes|p1a: Spidops\n|-sidestart|p1: 01jara123|move: Toxic Spikes\n|\n|upkeep\n|turn|8\n|\n|t:|1700517156\n|switch|p2a: Se\u00f1ora|Tsareena, F|90\/100\n|move|p1a: Spidops|Sticky Web|p2a: Se\u00f1ora\n|-sidestart|p2: draquest|move: Sticky Web\n|\n|upkeep\n|turn|9\n|\n|t:|1700517181\n|move|p2a: Se\u00f1ora|U-turn|p1a: Spidops\n|-damage|p1a: Spidops|72\/100\n|\n|t:|1700517186\n|switch|p2a: Tenacitas|Gligar, M|88\/100|[from] U-turn\n|-damage|p2a: Tenacitas|76\/100|[from] Stealth Rock\n|move|p1a: Spidops|U-turn|p2a: Tenacitas\n|-resisted|p2a: Tenacitas\n|-damage|p2a: Tenacitas|62\/100\n|\n|t:|1700517199\n|switch|p1a: Alomomola|Alomomola, M|100\/100|[from] U-turn\n|-activate|p1a: Alomomola|move: Sticky Web\n|-unboost|p1a: Alomomola|spe|1\n|-status|p1a: Alomomola|psn\n|\n|-damage|p1a: Alomomola|88\/100 psn|[from] psn\n|upkeep\n|turn|10\n|\n|t:|1700517235\n|move|p2a: Tenacitas|Spikes|p1a: Alomomola\n|-sidestart|p1: 01jara123|Spikes\n|move|p1a: Alomomola|Flip Turn|p2a: Tenacitas\n|-supereffective|p2a: Tenacitas\n|-damage|p2a: Tenacitas|47\/100\n|\n|t:|1700517257\n|switch|p1a: Gliscor|Gliscor, M|100\/100|[from] Flip Turn\n|\n|-status|p1a: Gliscor|tox|[from] item: Toxic Orb\n|upkeep\n|turn|11\n|\n|t:|1700517267\n|move|p1a: Gliscor|Swords Dance|p1a: Gliscor\n|-boost|p1a: Gliscor|atk|2\n|move|p2a: Tenacitas|Spikes|p1a: Gliscor\n|-sidestart|p1: 01jara123|Spikes\n|\n|upkeep\n|turn|12\n|\n|t:|1700517277\n|move|p1a: Gliscor|Swords Dance|p1a: Gliscor\n|-boost|p1a: Gliscor|atk|2\n|move|p2a: Tenacitas|U-turn|p1a: Gliscor\n|-resisted|p1a: Gliscor\n|-damage|p1a: Gliscor|95\/100 tox\n|c|\u260601jara123|Nos estamos llenando de mierda el uno al otro xD\n|\n|t:|1700517332\n|switch|p2a: Se\u00f1ora|Tsareena, F|90\/100|[from] U-turn\n|\n|-heal|p1a: Gliscor|100\/100 tox|[from] ability: Poison Heal\n|upkeep\n|turn|13\n|\n|t:|1700517349\n|move|p1a: Gliscor|Facade|p2a: Se\u00f1ora\n|-damage|p2a: Se\u00f1ora|0 fnt\n|faint|p2a: Se\u00f1ora\n|\n|upkeep\n|\n|t:|1700517363\n|switch|p2a: Cabesa|Jirachi|100\/100\n|-damage|p2a: Cabesa|95\/100|[from] Stealth Rock\n|-activate|p2a: Cabesa|move: Sticky Web\n|-unboost|p2a: Cabesa|spe|1\n|turn|14\n|\n|t:|1700517375\n|move|p2a: Cabesa|Iron Head|p1a: Gliscor\n|-damage|p1a: Gliscor|71\/100 tox\n|move|p1a: Gliscor|Earthquake|p2a: Cabesa\n|-supereffective|p2a: Cabesa\n|-damage|p2a: Cabesa|0 fnt\n|faint|p2a: Cabesa\n|\n|-heal|p1a: Gliscor|84\/100 tox|[from] ability: Poison Heal\n|upkeep\n|c|\u2606draquest|gg\n|j| Kiworco\n|\n|t:|1700517387\n|switch|p2a: Desdentao|Roaring Moon|100\/100\n|-damage|p2a: Desdentao|88\/100|[from] Stealth Rock\n|-activate|p2a: Desdentao|move: Sticky Web\n|-unboost|p2a: Desdentao|spe|1\n|turn|15\n|c|\u260601jara123|gg\n|\n|t:|1700517399\n|move|p1a: Gliscor|Earthquake|p2a: Desdentao\n|-damage|p2a: Desdentao|0 fnt\n|faint|p2a: Desdentao\n|-end|p2a: Desdentao|Protosynthesis|[silent]\n|\n|-heal|p1a: Gliscor|96\/100 tox|[from] ability: Poison Heal\n|upkeep\n|l| Red Krow\n|\n|t:|1700517407\n|switch|p2a: Simio|Infernape, F|26\/100\n|-damage|p2a: Simio|13\/100|[from] Stealth Rock\n|-activate|p2a: Simio|move: Sticky Web\n|-unboost|p2a: Simio|spe|1\n|turn|16\n|\n|t:|1700517417\n|move|p1a: Gliscor|Facade|p2a: Simio\n|-damage|p2a: Simio|0 fnt\n|faint|p2a: Simio\n|\n|-heal|p1a: Gliscor|100\/100 tox|[from] ability: Poison Heal\n|upkeep\n|l| LeunamTG\n|\n|t:|1700517431\n|switch|p2a: Tenacitas|Gligar, M|47\/100\n|-damage|p2a: Tenacitas|34\/100|[from] Stealth Rock\n|turn|17\n|\n|t:|1700517438\n|move|p1a: Gliscor|Facade|p2a: Tenacitas\n|-damage|p2a: Tenacitas|0 fnt\n|faint|p2a: Tenacitas\n|\n|win|01jara123\n|l|\u2606draquest\n","uploadtime":1700517450,"views":21,"p1id":"01jara123","p2id":"draquest","formatid":"gen9anythinggoes","rating":0,"private":0,"password":""}