{"id":"gen9anythinggoes-1998701889","p1":"MrMimeIsMrKetchum","p2":"Nemitration","format":"[Gen 9] Anything Goes","log":"|j|\u2606MrMimeIsMrKetchum\n|j|\u2606Nemitration\n|t:|1700974694\n|gametype|singles\n|player|p1|MrMimeIsMrKetchum|swimmerf-gen4|\n|player|p2|Nemitration|1|\n|teamsize|p1|6\n|teamsize|p2|6\n|gen|9\n|tier|[Gen 9] Anything Goes\n|rule|HP Percentage Mod: HP is shown in percentages\n|rule|Endless Battle Clause: Forcing endless battles is banned\n|clearpoke\n|poke|p1|Flutter Mane|\n|poke|p1|Dugtrio, F|\n|poke|p1|Wugtrio, M|\n|poke|p1|Glimmora, M|\n|poke|p1|Tyranitar, F|\n|poke|p1|Houndstone, F|\n|poke|p2|Iron Bundle|\n|poke|p2|Dondozo, F|\n|poke|p2|Toxapex, F|\n|poke|p2|Gholdengo|\n|poke|p2|Iron Treads|\n|poke|p2|Dragapult, F|\n|teampreview\n|\n|t:|1700974715\n|start\n|switch|p1a: Glimmora|Glimmora, M|100\/100\n|switch|p2a: Iron Bundle|Iron Bundle|100\/100\n|turn|1\n|\n|t:|1700974732\n|move|p2a: Iron Bundle|Chilling Water|p1a: Glimmora\n|-supereffective|p1a: Glimmora\n|-damage|p1a: Glimmora|14\/100\n|-unboost|p1a: Glimmora|atk|1\n|move|p1a: Glimmora|Memento|p2a: Iron Bundle\n|-unboost|p2a: Iron Bundle|atk|2\n|-unboost|p2a: Iron Bundle|spa|2\n|faint|p1a: Glimmora\n|\n|upkeep\n|\n|t:|1700974749\n|switch|p1a: Flutter Mane|Flutter Mane|100\/100\n|-enditem|p1a: Flutter Mane|Booster Energy\n|-activate|p1a: Flutter Mane|ability: Protosynthesis|[fromitem]\n|-start|p1a: Flutter Mane|protosynthesisspe\n|turn|2\n|\n|t:|1700974761\n|-end|p2a: Iron Bundle|Quark Drive|[silent]\n|switch|p2a: Toxapex|Toxapex, F|100\/100\n|move|p1a: Flutter Mane|Mystical Fire|p2a: Toxapex\n|-resisted|p2a: Toxapex\n|-damage|p2a: Toxapex|90\/100\n|-unboost|p2a: Toxapex|spa|1\n|\n|-heal|p2a: Toxapex|96\/100|[from] item: Black Sludge\n|upkeep\n|turn|3\n|\n|t:|1700974770\n|move|p1a: Flutter Mane|Memento|p2a: Toxapex\n|-unboost|p2a: Toxapex|atk|2\n|-unboost|p2a: Toxapex|spa|2\n|faint|p1a: Flutter Mane\n|-end|p1a: Flutter Mane|Protosynthesis|[silent]\n|move|p2a: Toxapex|Toxic|p1: Flutter Mane|[notarget]\n|-fail|p2a: Toxapex\n|\n|-heal|p2a: Toxapex|100\/100|[from] item: Black Sludge\n|upkeep\n|\n|t:|1700974786\n|switch|p1a: Wugtrio|Wugtrio, M|100\/100\n|turn|4\n|\n|t:|1700974794\n|move|p1a: Wugtrio|Foul Play|p2a: Toxapex\n|-damage|p2a: Toxapex|96\/100\n|move|p2a: Toxapex|Toxic|p1a: Wugtrio\n|-status|p1a: Wugtrio|tox\n|\n|-heal|p2a: Toxapex|100\/100|[from] item: Black Sludge\n|-damage|p1a: Wugtrio|94\/100 tox|[from] psn\n|upkeep\n|turn|5\n|\n|t:|1700974813\n|switch|p1a: Dugtrio|Dugtrio, F|100\/100\n|switch|p2a: Iron Bundle|Iron Bundle|100\/100\n|\n|upkeep\n|turn|6\n|\n|t:|1700974820\n|move|p1a: Dugtrio|Memento|p2a: Iron Bundle\n|-unboost|p2a: Iron Bundle|atk|2\n|-unboost|p2a: Iron Bundle|spa|2\n|faint|p1a: Dugtrio\n|move|p2a: Iron Bundle|Chilling Water|p1: Dugtrio|[notarget]\n|-fail|p2a: Iron Bundle\n|\n|upkeep\n|\n|t:|1700974822\n|switch|p1a: Wugtrio|Wugtrio, M|94\/100 tox\n|turn|7\n|\n|t:|1700974834\n|-end|p2a: Iron Bundle|Quark Drive|[silent]\n|switch|p2a: Gholdengo|Gholdengo|100\/100\n|move|p1a: Wugtrio|Memento|p2a: Gholdengo\n|-immune|p2a: Gholdengo|[from] ability: Good as Gold\n|\n|-damage|p1a: Wugtrio|88\/100 tox|[from] psn\n|upkeep\n|turn|8\n|\n|t:|1700974851\n|switch|p2a: Dondozo|Dondozo, F|100\/100\n|move|p1a: Wugtrio|Memento|p2a: Dondozo\n|-unboost|p2a: Dondozo|atk|2\n|-unboost|p2a: Dondozo|spa|2\n|faint|p1a: Wugtrio\n|\n|upkeep\n|\n|t:|1700974858\n|switch|p1a: Tyranitar|Tyranitar, F|100\/100\n|-weather|Sandstorm|[from] ability: Sand Stream|[of] p1a: Tyranitar\n|turn|9\n|\n|t:|1700974874\n|switch|p2a: Dragapult|Dragapult, F|100\/100\n|move|p1a: Tyranitar|Thunder Wave|p2a: Dragapult\n|-status|p2a: Dragapult|par\n|\n|-weather|Sandstorm|[upkeep]\n|-damage|p2a: Dragapult|95\/100 par|[from] Sandstorm\n|upkeep\n|turn|10\n|\n|t:|1700974888\n|switch|p2a: Iron Treads|Iron Treads|100\/100\n|move|p1a: Tyranitar|Screech|p2a: Iron Treads\n|-unboost|p2a: Iron Treads|def|2\n|\n|-weather|Sandstorm|[upkeep]\n|upkeep\n|turn|11\n|\n|t:|1700974894\n|-end|p2a: Iron Treads|Quark Drive|[silent]\n|switch|p2a: Gholdengo|Gholdengo|100\/100\n|switch|p1a: Houndstone|Houndstone, F|100\/100\n|\n|-weather|Sandstorm|[upkeep]\n|upkeep\n|turn|12\n|\n|t:|1700974908\n|-terastallize|p2a: Gholdengo|Steel\n|move|p1a: Houndstone|Last Respects|p2a: Gholdengo\n|-damage|p2a: Gholdengo|0 fnt\n|faint|p2a: Gholdengo\n|\n|-weather|Sandstorm|[upkeep]\n|upkeep\n|\n|t:|1700974937\n|switch|p2a: Iron Bundle|Iron Bundle|100\/100\n|turn|13\n|\n|t:|1700974952\n|move|p1a: Houndstone|Last Respects|p2a: Iron Bundle\n|-damage|p2a: Iron Bundle|0 fnt\n|faint|p2a: Iron Bundle\n|-end|p2a: Iron Bundle|Quark Drive|[silent]\n|\n|-weather|Sandstorm|[upkeep]\n|upkeep\n|\n|t:|1700974957\n|switch|p2a: Toxapex|Toxapex, F|100\/100\n|turn|14\n|\n|t:|1700974961\n|move|p2a: Toxapex|Baneful Bunker|p2a: Toxapex\n|-singleturn|p2a: Toxapex|move: Protect\n|move|p1a: Houndstone|Last Respects|p2a: Toxapex\n|-activate|p2a: Toxapex|move: Protect\n|\n|-weather|Sandstorm|[upkeep]\n|-damage|p2a: Toxapex|94\/100|[from] Sandstorm\n|-heal|p2a: Toxapex|100\/100|[from] item: Black Sludge\n|upkeep\n|turn|15\n|\n|t:|1700974979\n|switch|p2a: Dragapult|Dragapult, F|95\/100 par\n|move|p1a: Houndstone|Last Respects|p2a: Dragapult\n|-supereffective|p2a: Dragapult\n|-damage|p2a: Dragapult|0 fnt\n|faint|p2a: Dragapult\n|\n|-weather|Sandstorm|[upkeep]\n|upkeep\n|\n|t:|1700974987\n|switch|p2a: Dondozo|Dondozo, F|100\/100\n|turn|16\n|\n|t:|1700974994\n|move|p1a: Houndstone|Last Respects|p2a: Dondozo\n|-damage|p2a: Dondozo|0 fnt\n|faint|p2a: Dondozo\n|\n|-weather|none\n|upkeep\n|\n|t:|1700975000\n|switch|p2a: Iron Treads|Iron Treads|100\/100\n|turn|17\n|\n|t:|1700975004\n|switch|p1a: Tyranitar|Tyranitar, F|100\/100\n|-weather|Sandstorm|[from] ability: Sand Stream|[of] p1a: Tyranitar\n|move|p2a: Iron Treads|Iron Head|p1a: Tyranitar\n|-supereffective|p1a: Tyranitar\n|-damage|p1a: Tyranitar|0 fnt\n|faint|p1a: Tyranitar\n|\n|-weather|Sandstorm|[upkeep]\n|upkeep\n|\n|t:|1700975011\n|switch|p1a: Houndstone|Houndstone, F|100\/100\n|turn|18\n|-activate|p2a: Iron Treads|item: Quick Claw\n|\n|t:|1700975015\n|move|p2a: Iron Treads|Iron Head|p1a: Houndstone\n|-damage|p1a: Houndstone|53\/100\n|move|p1a: Houndstone|Last Respects|p2a: Iron Treads\n|-damage|p2a: Iron Treads|0 fnt\n|faint|p2a: Iron Treads\n|-end|p2a: Iron Treads|Quark Drive|[silent]\n|\n|-weather|Sandstorm|[upkeep]\n|upkeep\n|\n|t:|1700975022\n|switch|p2a: Toxapex|Toxapex, F|100\/100\n|turn|19\n|\n|t:|1700975027\n|move|p2a: Toxapex|Baneful Bunker|p2a: Toxapex\n|-singleturn|p2a: Toxapex|move: Protect\n|move|p1a: Houndstone|Last Respects|p2a: Toxapex\n|-activate|p2a: Toxapex|move: Protect\n|\n|-weather|Sandstorm|[upkeep]\n|-damage|p2a: Toxapex|94\/100|[from] Sandstorm\n|-heal|p2a: Toxapex|100\/100|[from] item: Black Sludge\n|upkeep\n|turn|20\n|\n|t:|1700975053\n|move|p2a: Toxapex|Baneful Bunker||[still]\n|-fail|p2a: Toxapex\n|move|p1a: Houndstone|Last Respects|p2a: Toxapex\n|-damage|p2a: Toxapex|0 fnt\n|faint|p2a: Toxapex\n|\n|win|MrMimeIsMrKetchum\n","uploadtime":1700975076,"views":4,"p1id":"mrmimeismrketchum","p2id":"nemitration","formatid":"gen9anythinggoes","rating":0,"private":0,"password":""}