{"id":"gen9anythinggoes-1997206948","p1":"gatesofdoom","p2":"YIPPEEEEEEEE","format":"[Gen 9] Anything Goes","log":"|j|\u2606gatesofdoom\n|j|\u2606YIPPEEEEEEEE\n|t:|1700775566\n|gametype|singles\n|player|p1|gatesofdoom|101|1173\n|player|p2|YIPPEEEEEEEE|cynthia|1249\n|teamsize|p1|6\n|teamsize|p2|6\n|gen|9\n|tier|[Gen 9] Anything Goes\n|rated|\n|rule|HP Percentage Mod: HP is shown in percentages\n|rule|Endless Battle Clause: Forcing endless battles is banned\n|clearpoke\n|poke|p1|Sneasler, F|\n|poke|p1|Kingambit, M|\n|poke|p1|Great Tusk|\n|poke|p1|Calyrex-Shadow|\n|poke|p1|Palafin, F|\n|poke|p1|Zacian-*|\n|poke|p2|Eternatus|\n|poke|p2|Gliscor, F|\n|poke|p2|Zacian-*|\n|poke|p2|Arcanine-Hisui, F|\n|poke|p2|Kyogre|\n|poke|p2|Urshifu-*, M|\n|teampreview\n|\n|t:|1700775575\n|start\n|switch|p1a: Sneasler|Sneasler, F|100\/100\n|switch|p2a: Ye|Arcanine-Hisui, F, shiny|100\/100\n|turn|1\n|\n|t:|1700775584\n|move|p1a: Sneasler|Fake Out|p2a: Ye\n|-resisted|p2a: Ye\n|-damage|p2a: Ye|91\/100\n|-status|p2a: Ye|psn|[from] ability: Poison Touch|[of] p1a: Sneasler\n|cant|p2a: Ye|flinch\n|\n|-damage|p2a: Ye|78\/100 psn|[from] psn\n|upkeep\n|turn|2\n|\n|t:|1700775593\n|move|p1a: Sneasler|Close Combat|p2a: Ye\n|-supereffective|p2a: Ye\n|-damage|p2a: Ye|0 fnt\n|-unboost|p1a: Sneasler|def|1\n|-unboost|p1a: Sneasler|spd|1\n|faint|p2a: Ye\n|\n|upkeep\n|\n|t:|1700775603\n|switch|p2a: ORPHAN HERO|Gliscor, F|100\/100\n|turn|3\n|\n|t:|1700775614\n|move|p1a: Sneasler|U-turn|p2a: ORPHAN HERO\n|-resisted|p2a: ORPHAN HERO\n|-damage|p2a: ORPHAN HERO|89\/100\n|-status|p2a: ORPHAN HERO|psn|[from] ability: Poison Touch|[of] p1a: Sneasler\n|\n|t:|1700775624\n|switch|p1a: Great Tusk|Great Tusk|100\/100|[from] U-turn\n|move|p2a: ORPHAN HERO|Stealth Rock|p1a: Great Tusk\n|-sidestart|p1: gatesofdoom|move: Stealth Rock\n|\n|-heal|p2a: ORPHAN HERO|100\/100 psn|[from] ability: Poison Heal\n|upkeep\n|turn|4\n|\n|t:|1700775634\n|move|p2a: ORPHAN HERO|Earthquake|p1a: Great Tusk\n|-damage|p1a: Great Tusk|73\/100\n|move|p1a: Great Tusk|Rapid Spin|p2a: ORPHAN HERO\n|-damage|p2a: ORPHAN HERO|85\/100 psn\n|-boost|p1a: Great Tusk|spe|1\n|-sideend|p1: gatesofdoom|Stealth Rock|[from] move: Rapid Spin|[of] p1a: Great Tusk\n|\n|-heal|p2a: ORPHAN HERO|97\/100 psn|[from] ability: Poison Heal\n|upkeep\n|turn|5\n|\n|t:|1700775644\n|move|p2a: ORPHAN HERO|Earthquake|p1a: Great Tusk\n|-damage|p1a: Great Tusk|43\/100\n|move|p1a: Great Tusk|Play Rough|p2a: ORPHAN HERO\n|-damage|p2a: ORPHAN HERO|68\/100 psn\n|\n|-heal|p2a: ORPHAN HERO|80\/100 psn|[from] ability: Poison Heal\n|upkeep\n|turn|6\n|\n|t:|1700775655\n|move|p2a: ORPHAN HERO|Earthquake|p1a: Great Tusk\n|-damage|p1a: Great Tusk|15\/100\n|move|p1a: Great Tusk|Play Rough|p2a: ORPHAN HERO\n|-damage|p2a: ORPHAN HERO|54\/100 psn\n|-unboost|p2a: ORPHAN HERO|atk|1\n|\n|-heal|p2a: ORPHAN HERO|66\/100 psn|[from] ability: Poison Heal\n|upkeep\n|turn|7\n|\n|t:|1700775666\n|move|p2a: ORPHAN HERO|Brick Break|p1a: Great Tusk\n|-damage|p1a: Great Tusk|6\/100\n|move|p1a: Great Tusk|Rapid Spin|p2a: ORPHAN HERO\n|-damage|p2a: ORPHAN HERO|50\/100 psn\n|-boost|p1a: Great Tusk|spe|1\n|\n|-heal|p2a: ORPHAN HERO|62\/100 psn|[from] ability: Poison Heal\n|upkeep\n|turn|8\n|\n|t:|1700775676\n|move|p1a: Great Tusk|Play Rough|p2a: ORPHAN HERO\n|-damage|p2a: ORPHAN HERO|36\/100 psn\n|move|p2a: ORPHAN HERO|Brick Break|p1a: Great Tusk\n|-damage|p1a: Great Tusk|0 fnt\n|faint|p1a: Great Tusk\n|-end|p1a: Great Tusk|Protosynthesis|[silent]\n|\n|-heal|p2a: ORPHAN HERO|48\/100 psn|[from] ability: Poison Heal\n|upkeep\n|\n|t:|1700775687\n|switch|p1a: Palafin|Palafin, F|100\/100\n|turn|9\n|\n|t:|1700775693\n|detailschange|p1a: Palafin|Palafin-Hero, F\n|switch|p1a: Zacian|Zacian-Crowned|100\/100\n|-ability|p1a: Zacian|Intrepid Sword|boost\n|-boost|p1a: Zacian|atk|1\n|move|p2a: ORPHAN HERO|Poison Jab|p1a: Zacian\n|-immune|p1a: Zacian\n|\n|-heal|p2a: ORPHAN HERO|61\/100 psn|[from] ability: Poison Heal\n|upkeep\n|turn|10\n|\n|t:|1700775707\n|move|p1a: Zacian|Swords Dance|p1a: Zacian\n|-boost|p1a: Zacian|atk|2\n|move|p2a: ORPHAN HERO|Earthquake|p1a: Zacian\n|-supereffective|p1a: Zacian\n|-damage|p1a: Zacian|50\/100\n|\n|-heal|p2a: ORPHAN HERO|73\/100 psn|[from] ability: Poison Heal\n|upkeep\n|turn|11\n|\n|t:|1700775720\n|move|p1a: Zacian|Play Rough|p2a: ORPHAN HERO\n|-damage|p2a: ORPHAN HERO|0 fnt\n|faint|p2a: ORPHAN HERO\n|\n|upkeep\n|\n|t:|1700775728\n|switch|p2a: Feesh|Kyogre, shiny|100\/100\n|-weather|RainDance|[from] ability: Drizzle|[of] p2a: Feesh\n|turn|12\n|\n|t:|1700775736\n|move|p1a: Zacian|Close Combat|p2a: Feesh\n|-damage|p2a: Feesh|0 fnt\n|-unboost|p1a: Zacian|def|1\n|-unboost|p1a: Zacian|spd|1\n|faint|p2a: Feesh\n|\n|-weather|RainDance|[upkeep]\n|upkeep\n|inactive|Battle timer is ON: inactive players will automatically lose when time's up. (requested by gatesofdoom)\n|c|\u2606YIPPEEEEEEEE|Go to hell after you commit die you motherfucker\n|-message|YIPPEEEEEEEE forfeited.\n|\n|win|gatesofdoom\n|raw|gatesofdoom's rating: 1173 &rarr; <strong>1203<\/strong><br \/>(+30 for winning)\n|raw|YIPPEEEEEEEE's rating: 1249 &rarr; <strong>1219<\/strong><br \/>(-30 for losing)\n|l|\u2606YIPPEEEEEEEE\n","uploadtime":1700775760,"views":0,"p1id":"gatesofdoom","p2id":"yippeeeeeeee","formatid":"gen9anythinggoes","rating":1203,"private":0,"password":""}