{"id":"gen9anythinggoes-1981391227","p1":"NottoNeisan","p2":"Tvrtko420","format":"[Gen 9] Anything Goes","log":"|j|\u2606NottoNeisan\n|j|\u2606Tvrtko420\n|t:|1698890647\n|gametype|singles\n|player|p1|NottoNeisan|juan|1417\n|player|p2|Tvrtko420|red-masters2|1691\n|teamsize|p1|6\n|teamsize|p2|6\n|gen|9\n|tier|[Gen 9] Anything Goes\n|rated|\n|rule|HP Percentage Mod: HP is shown in percentages\n|rule|Endless Battle Clause: Forcing endless battles is banned\n|clearpoke\n|poke|p1|Slowking, M|\n|poke|p1|Slowking-Galar, M|\n|poke|p1|Toxapex, F|\n|poke|p1|Clodsire, F|\n|poke|p1|Dondozo, M|\n|poke|p1|Palafin, M|\n|poke|p2|Calyrex-Shadow|\n|poke|p2|Arceus|\n|poke|p2|Zacian-*|\n|poke|p2|Koraidon|\n|poke|p2|Leavanny, F|\n|poke|p2|Chien-Pao|\n|teampreview\n|inactive|Battle timer is ON: inactive players will automatically lose when time's up. (requested by NottoNeisan)\n|inactive|Tvrtko420 has 120 seconds left.\n|inactive|Tvrtko420 has 90 seconds left.\n|\n|t:|1698890717\n|start\n|switch|p1a: Justice|Palafin, M|100\/100\n|switch|p2a: Koraidon|Koraidon|100\/100\n|-weather|SunnyDay|[from] ability: Orichalcum Pulse|[of] p2a: Koraidon\n|-activate|p2a: Koraidon|Orichalcum Pulse|[source]\n|turn|1\n|\n|t:|1698890727\n|detailschange|p1a: Justice|Palafin-Hero, M\n|switch|p1a: The Fool|Dondozo, M|100\/100\n|move|p2a: Koraidon|U-turn|p1a: The Fool\n|-damage|p1a: The Fool|84\/100\n|\n|t:|1698890747\n|switch|p2a: Calyrex|Calyrex-Shadow|100\/100|[from] U-turn\n|-ability|p2a: Calyrex|As One\n|-ability|p2a: Calyrex|Unnerve\n|\n|-weather|SunnyDay|[upkeep]\n|-heal|p1a: The Fool|91\/100|[from] item: Leftovers\n|upkeep\n|turn|2\n|\n|t:|1698890775\n|switch|p1a: The Star|Toxapex, F|100\/100\n|move|p2a: Calyrex|Taunt|p1a: The Star\n|-start|p1a: The Star|move: Taunt\n|\n|-weather|SunnyDay|[upkeep]\n|upkeep\n|turn|3\n|\n|t:|1698890786\n|switch|p1a: The Hermit|Clodsire, F|100\/100\n|move|p2a: Calyrex|Nasty Plot|p2a: Calyrex\n|-boost|p2a: Calyrex|spa|2\n|\n|-weather|SunnyDay|[upkeep]\n|upkeep\n|turn|4\n|\n|t:|1698890799\n|-terastallize|p2a: Calyrex|Grass\n|move|p2a: Calyrex|Taunt|p1a: The Hermit\n|-start|p1a: The Hermit|move: Taunt\n|cant|p1a: The Hermit|move: Taunt|Yawn\n|\n|-weather|SunnyDay|[upkeep]\n|upkeep\n|turn|5\n|\n|t:|1698890808\n|move|p2a: Calyrex|Astral Barrage|p1a: The Hermit\n|-damage|p1a: The Hermit|62\/100\n|move|p1a: The Hermit|Gunk Shot|p2a: Calyrex\n|-supereffective|p2a: Calyrex\n|-damage|p2a: Calyrex|25\/100\n|-status|p2a: Calyrex|psn\n|\n|-weather|none\n|-heal|p2a: Calyrex|31\/100 psn|[from] item: Leftovers\n|-heal|p1a: The Hermit|68\/100|[from] item: Leftovers\n|-damage|p2a: Calyrex|19\/100 psn|[from] psn\n|upkeep\n|turn|6\n|\n|t:|1698890828\n|switch|p2a: Koraidon|Koraidon|100\/100\n|-weather|SunnyDay|[from] ability: Orichalcum Pulse|[of] p2a: Koraidon\n|-activate|p2a: Koraidon|Orichalcum Pulse|[source]\n|move|p1a: The Hermit|Gunk Shot|p2a: Koraidon\n|-damage|p2a: Koraidon|72\/100\n|\n|-weather|SunnyDay|[upkeep]\n|-heal|p1a: The Hermit|74\/100|[from] item: Leftovers\n|-end|p1a: The Hermit|move: Taunt\n|upkeep\n|turn|7\n|\n|t:|1698890839\n|switch|p1a: The Fool|Dondozo, M|91\/100\n|move|p2a: Koraidon|Taunt|p1a: The Fool\n|-start|p1a: The Fool|move: Taunt\n|\n|-weather|SunnyDay|[upkeep]\n|-heal|p1a: The Fool|97\/100|[from] item: Leftovers\n|upkeep\n|turn|8\n|\n|t:|1698890846\n|move|p2a: Koraidon|Close Combat|p1a: The Fool\n|-damage|p1a: The Fool|61\/100\n|-unboost|p2a: Koraidon|def|1\n|-unboost|p2a: Koraidon|spd|1\n|move|p1a: The Fool|Fissure|p2a: Koraidon\n|-damage|p2a: Koraidon|0 fnt\n|faint|p2a: Koraidon\n|-ohko\n|\n|-weather|SunnyDay|[upkeep]\n|-heal|p1a: The Fool|68\/100|[from] item: Leftovers\n|upkeep\n|inactive|Tvrtko420 has 120 seconds left.\n|inactive|Tvrtko420 has 90 seconds left.\n|\n|t:|1698890915\n|switch|p2a: Calyrex|Calyrex-Shadow, tera:Grass|19\/100 psn\n|-ability|p2a: Calyrex|As One\n|-ability|p2a: Calyrex|Unnerve\n|turn|9\n|\n|t:|1698890922\n|switch|p1a: The Hermit|Clodsire, F|74\/100\n|move|p2a: Calyrex|Astral Barrage|p1a: The Hermit\n|-damage|p1a: The Hermit|35\/100\n|\n|-weather|SunnyDay|[upkeep]\n|-heal|p2a: Calyrex|25\/100 psn|[from] item: Leftovers\n|-heal|p1a: The Hermit|42\/100|[from] item: Leftovers\n|-damage|p2a: Calyrex|12\/100 psn|[from] psn\n|upkeep\n|turn|10\n|inactive|Tvrtko420 has 90 seconds left.\n|\n|t:|1698890934\n|switch|p2a: Arceus|Arceus|100\/100\n|move|p1a: The Hermit|Recover|p1a: The Hermit\n|-heal|p1a: The Hermit|92\/100\n|\n|-weather|none\n|-heal|p1a: The Hermit|98\/100|[from] item: Leftovers\n|upkeep\n|turn|11\n|\n|t:|1698890943\n|switch|p1a: The Fool|Dondozo, M|68\/100\n|move|p2a: Arceus|Extreme Speed|p1a: The Fool\n|-damage|p1a: The Fool|47\/100\n|\n|-heal|p1a: The Fool|53\/100|[from] item: Leftovers\n|upkeep\n|turn|12\n|\n|t:|1698890953\n|move|p2a: Arceus|Taunt|p1a: The Fool\n|-start|p1a: The Fool|move: Taunt\n|move|p1a: The Fool|Body Press|p2a: Arceus\n|-supereffective|p2a: Arceus\n|-damage|p2a: Arceus|59\/100\n|\n|-heal|p2a: Arceus|65\/100|[from] item: Leftovers\n|-heal|p1a: The Fool|60\/100|[from] item: Leftovers\n|upkeep\n|turn|13\n|\n|t:|1698890961\n|move|p2a: Arceus|Extreme Speed|p1a: The Fool\n|-damage|p1a: The Fool|42\/100\n|move|p1a: The Fool|Body Press|p2a: Arceus\n|-supereffective|p2a: Arceus\n|-damage|p2a: Arceus|25\/100\n|\n|-heal|p2a: Arceus|31\/100|[from] item: Leftovers\n|-heal|p1a: The Fool|48\/100|[from] item: Leftovers\n|upkeep\n|turn|14\n|\n|t:|1698890970\n|move|p2a: Arceus|Extreme Speed|p1a: The Fool\n|-damage|p1a: The Fool|27\/100\n|move|p1a: The Fool|Body Press|p2a: Arceus\n|-supereffective|p2a: Arceus\n|-crit|p2a: Arceus\n|-damage|p2a: Arceus|0 fnt\n|faint|p2a: Arceus\n|\n|-heal|p1a: The Fool|33\/100|[from] item: Leftovers\n|-end|p1a: The Fool|move: Taunt\n|upkeep\n|inactive|Tvrtko420 has 90 seconds left.\n|\n|t:|1698891005\n|switch|p2a: Calyrex|Calyrex-Shadow, tera:Grass|12\/100 psn\n|-ability|p2a: Calyrex|As One\n|-ability|p2a: Calyrex|Unnerve\n|turn|15\n|\n|t:|1698891011\n|switch|p1a: The Hermit|Clodsire, F|98\/100\n|move|p2a: Calyrex|Giga Drain|p1a: The Hermit\n|-damage|p1a: The Hermit|76\/100\n|-heal|p2a: Calyrex|27\/100 psn|[from] drain|[of] p1a: The Hermit\n|\n|-heal|p2a: Calyrex|33\/100 psn|[from] item: Leftovers\n|-heal|p1a: The Hermit|82\/100|[from] item: Leftovers\n|-damage|p2a: Calyrex|21\/100 psn|[from] psn\n|upkeep\n|turn|16\n|\n|t:|1698891023\n|switch|p2a: Leavanny|Leavanny, F, shiny|100\/100\n|move|p1a: The Hermit|Gunk Shot|p2a: Leavanny\n|-supereffective|p2a: Leavanny\n|-damage|p2a: Leavanny|7\/100\n|-status|p2a: Leavanny|psn\n|\n|-heal|p1a: The Hermit|88\/100|[from] item: Leftovers\n|-damage|p2a: Leavanny|0 fnt|[from] psn\n|faint|p2a: Leavanny\n|upkeep\n|\n|t:|1698891025\n|switch|p2a: Chien-Pao|Chien-Pao|100\/100\n|-ability|p2a: Chien-Pao|Sword of Ruin\n|turn|17\n|\n|t:|1698891044\n|switch|p1a: The Star|Toxapex, F|100\/100\n|move|p2a: Chien-Pao|Lash Out|p1a: The Star\n|-damage|p1a: The Star|61\/100\n|-enditem|p1a: The Star|Red Card|[of] p2a: Chien-Pao\n|drag|p2a: Zacian|Zacian-Crowned|100\/100\n|-ability|p2a: Zacian|Intrepid Sword|boost\n|-boost|p2a: Zacian|atk|1\n|\n|upkeep\n|turn|18\n|\n|t:|1698891059\n|switch|p1a: The Fool|Dondozo, M|33\/100\n|move|p2a: Zacian|Psychic Fangs|p1a: The Fool\n|-damage|p1a: The Fool|18\/100\n|\n|-heal|p1a: The Fool|24\/100|[from] item: Leftovers\n|upkeep\n|turn|19\n|\n|t:|1698891066\n|move|p2a: Zacian|Play Rough|p1a: The Fool\n|-damage|p1a: The Fool|0 fnt\n|faint|p1a: The Fool\n|\n|upkeep\n|\n|t:|1698891077\n|switch|p1a: The Emperor|Slowking, M|100\/100\n|turn|20\n|inactive|Tvrtko420 has 120 seconds left.\n|\n|t:|1698891096\n|move|p2a: Zacian|Substitute|p2a: Zacian\n|-start|p2a: Zacian|Substitute\n|-damage|p2a: Zacian|76\/100\n|move|p1a: The Emperor|Reflect|p1a: The Emperor\n|-sidestart|p1: NottoNeisan|Reflect\n|\n|upkeep\n|turn|21\n|\n|t:|1698891108\n|move|p2a: Zacian|Psychic Fangs|p1a: The Emperor\n|-sideend|p1: NottoNeisan|Reflect\n|-resisted|p1a: The Emperor\n|-damage|p1a: The Emperor|76\/100\n|move|p1a: The Emperor|Chilly Reception|p1a: The Emperor\n|-weather|Snow\n|\n|t:|1698891118\n|switch|p1a: The Hierophant|Slowking-Galar, M|100\/100|[from] Chilly Reception\n|\n|-weather|Snow|[upkeep]\n|upkeep\n|turn|22\n|inactive|Tvrtko420 has 120 seconds left.\n|\n|t:|1698891131\n|move|p2a: Zacian|Behemoth Blade|p1a: The Hierophant\n|-damage|p1a: The Hierophant|5\/100\n|move|p1a: The Hierophant|Flamethrower|p2a: Zacian\n|-supereffective|p2a: Zacian\n|-end|p2a: Zacian|Substitute\n|\n|-weather|Snow|[upkeep]\n|upkeep\n|turn|23\n|\n|t:|1698891139\n|move|p2a: Zacian|Behemoth Blade|p1a: The Hierophant\n|-damage|p1a: The Hierophant|0 fnt\n|faint|p1a: The Hierophant\n|\n|-weather|Snow|[upkeep]\n|upkeep\n|\n|t:|1698891144\n|switch|p1a: Justice|Palafin-Hero, M|100\/100\n|-activate|p1a: Justice|ability: Zero to Hero\n|turn|24\n|\n|t:|1698891154\n|-terastallize|p1a: Justice|Water\n|move|p1a: Justice|Jet Punch|p2a: Zacian\n|-damage|p2a: Zacian|4\/100\n|move|p2a: Zacian|Play Rough|p1a: Justice\n|-damage|p1a: Justice|23\/100\n|\n|-weather|Snow|[upkeep]\n|upkeep\n|turn|25\n|\n|t:|1698891164\n|switch|p2a: Calyrex|Calyrex-Shadow, tera:Grass|21\/100 psn\n|-ability|p2a: Calyrex|As One\n|-ability|p2a: Calyrex|Unnerve\n|move|p1a: Justice|Jet Punch|p2a: Calyrex\n|-resisted|p2a: Calyrex\n|-damage|p2a: Calyrex|0 fnt\n|faint|p2a: Calyrex\n|\n|-weather|none\n|upkeep\n|\n|t:|1698891168\n|switch|p2a: Chien-Pao|Chien-Pao|100\/100\n|-ability|p2a: Chien-Pao|Sword of Ruin\n|turn|26\n|\n|t:|1698891189\n|move|p1a: Justice|Jet Punch|p2a: Chien-Pao\n|-crit|p2a: Chien-Pao\n|-damage|p2a: Chien-Pao|0 fnt\n|faint|p2a: Chien-Pao\n|\n|upkeep\n|\n|t:|1698891193\n|switch|p2a: Zacian|Zacian-Crowned|4\/100\n|turn|27\n|\n|t:|1698891196\n|move|p1a: Justice|Jet Punch|p2a: Zacian\n|-damage|p2a: Zacian|0 fnt\n|faint|p2a: Zacian\n|\n|win|NottoNeisan\n|raw|NottoNeisan's rating: 1417 &rarr; <strong>1450<\/strong><br \/>(+33 for winning)\n|raw|Tvrtko420's rating: 1691 &rarr; <strong>1658<\/strong><br \/>(-33 for losing)\n|l|\u2606Tvrtko420\n","uploadtime":1698891209,"views":5,"p1id":"nottoneisan","p2id":"tvrtko420","formatid":"gen9anythinggoes","rating":1450,"private":0,"password":""}