{"id":"gen9anythinggoes-1981825267","p1":"handsome Chinese","p2":"AnimeZZZZ5","format":"[Gen 9] Anything Goes","log":"|j|\u2606handsome Chinese\n|j|\u2606AnimeZZZZ5\n|t:|1698944445\n|gametype|singles\n|player|p1|handsome Chinese|sabrina|1733\n|player|p2|AnimeZZZZ5|170|1970\n|teamsize|p1|6\n|teamsize|p2|6\n|gen|9\n|tier|[Gen 9] Anything Goes\n|rated|\n|rule|HP Percentage Mod: HP is shown in percentages\n|rule|Endless Battle Clause: Forcing endless battles is banned\n|clearpoke\n|poke|p1|Koraidon|\n|poke|p1|Koraidon|\n|poke|p1|Leavanny, F|\n|poke|p1|Koraidon|\n|poke|p1|Ditto|\n|poke|p1|Arceus-Fairy|\n|poke|p2|Rayquaza|\n|poke|p2|Miraidon|\n|poke|p2|Ditto|\n|poke|p2|Miraidon|\n|poke|p2|Glimmora, F|\n|poke|p2|Ogerpon-Hearthflame, F|\n|teampreview\n|\n|t:|1698944459\n|start\n|switch|p1a: Koraidon|Koraidon|100\/100\n|switch|p2a: Glimmora|Glimmora, F|100\/100\n|-weather|SunnyDay|[from] ability: Orichalcum Pulse|[of] p1a: Koraidon\n|-activate|p1a: Koraidon|Orichalcum Pulse|[source]\n|turn|1\n|\n|t:|1698944466\n|move|p1a: Koraidon|Close Combat|p2a: Glimmora\n|-enditem|p2a: Glimmora|Focus Sash\n|-damage|p2a: Glimmora|1\/100\n|-unboost|p1a: Koraidon|def|1\n|-unboost|p1a: Koraidon|spd|1\n|-enditem|p1a: Koraidon|Eject Pack\n|-activate|p2a: Glimmora|ability: Toxic Debris\n|-sidestart|p1: handsome Chinese|move: Toxic Spikes\n|\n|t:|1698944478\n|switch|p1a: Ditto|Ditto|100\/100\n|-status|p1a: Ditto|psn\n|-transform|p1a: Ditto|p2a: Glimmora|[from] ability: Imposter\n|move|p2a: Glimmora|Stealth Rock|p1a: Ditto\n|-sidestart|p1: handsome Chinese|move: Stealth Rock\n|\n|-weather|SunnyDay|[upkeep]\n|-damage|p1a: Ditto|88\/100 psn|[from] psn\n|upkeep\n|turn|2\n|j| Tianelfik\n|\n|t:|1698944486\n|move|p1a: Ditto|Mortal Spin|p2a: Glimmora\n|-resisted|p2a: Glimmora\n|-damage|p2a: Glimmora|0 fnt\n|-activate|p2a: Glimmora|ability: Toxic Debris\n|-sidestart|p1: handsome Chinese|move: Toxic Spikes\n|-sideend|p1: handsome Chinese|Toxic Spikes|[from] move: Mortal Spin|[of] p1a: Ditto\n|-sideend|p1: handsome Chinese|Stealth Rock|[from] move: Mortal Spin|[of] p1a: Ditto\n|faint|p2a: Glimmora\n|\n|-weather|SunnyDay|[upkeep]\n|-damage|p1a: Ditto|76\/100 psn|[from] psn\n|upkeep\n|\n|t:|1698944490\n|switch|p2a: Rayquaza|Rayquaza|100\/100\n|-ability|p2a: Rayquaza|Air Lock\n|turn|3\n|\n|t:|1698944509\n|switch|p1a: Koraidon|Koraidon|100\/100\n|move|p2a: Rayquaza|Swords Dance|p2a: Rayquaza\n|-boost|p2a: Rayquaza|atk|2\n|\n|-weather|SunnyDay|[upkeep]\n|upkeep\n|turn|4\n|\n|t:|1698944519\n|-terastallize|p2a: Rayquaza|Flying\n|move|p1a: Koraidon|Scale Shot|p2a: Rayquaza\n|-damage|p2a: Rayquaza|87\/100\n|-crit|p2a: Rayquaza\n|-damage|p2a: Rayquaza|64\/100\n|-hitcount|p2a: Rayquaza|2\n|-unboost|p1a: Koraidon|def|1\n|-boost|p1a: Koraidon|spe|1\n|move|p2a: Rayquaza|Scale Shot|p1a: Koraidon\n|-supereffective|p1a: Koraidon\n|-damage|p1a: Koraidon|1\/100\n|-supereffective|p1a: Koraidon\n|-damage|p1a: Koraidon|0 fnt\n|faint|p1a: Koraidon\n|-hitcount|p1: Koraidon|2\n|-unboost|p2a: Rayquaza|def|1\n|-boost|p2a: Rayquaza|spe|1\n|-damage|p2a: Rayquaza|54\/100|[from] item: Life Orb\n|\n|-weather|SunnyDay|[upkeep]\n|upkeep\n|\n|t:|1698944530\n|switch|p1a: Ditto|Ditto|76\/100 psn\n|-transform|p1a: Ditto|p2a: Rayquaza|[from] ability: Imposter\n|-start|p1a: Ditto|typechange|Dragon\/Flying|[silent]\n|turn|5\n|\n|t:|1698944549\n|move|p1a: Ditto|Extreme Speed|p2a: Rayquaza\n|-damage|p2a: Rayquaza|0 fnt\n|faint|p2a: Rayquaza\n|\n|-weather|none\n|-damage|p1a: Ditto|63\/100 psn|[from] psn\n|upkeep\n|\n|t:|1698944555\n|switch|p2a: Miraidon|Miraidon|100\/100\n|-fieldstart|move: Electric Terrain|[from] ability: Hadron Engine|[of] p2a: Miraidon\n|-enditem|p2a: Miraidon|Electric Seed\n|-boost|p2a: Miraidon|def|1|[from] item: Electric Seed\n|turn|6\n|\n|t:|1698944573\n|switch|p1a: Koraidon|Koraidon|100\/100\n|-weather|SunnyDay|[from] ability: Orichalcum Pulse|[of] p1a: Koraidon\n|-activate|p1a: Koraidon|Orichalcum Pulse|[source]\n|move|p2a: Miraidon|Calm Mind|p2a: Miraidon\n|-boost|p2a: Miraidon|spa|1\n|-boost|p2a: Miraidon|spd|1\n|\n|-weather|SunnyDay|[upkeep]\n|upkeep\n|turn|7\n|\n|t:|1698944580\n|move|p2a: Miraidon|Dragon Pulse|p1a: Koraidon\n|-supereffective|p1a: Koraidon\n|-damage|p1a: Koraidon|0 fnt\n|faint|p1a: Koraidon\n|\n|-weather|SunnyDay|[upkeep]\n|upkeep\n|\n|t:|1698944585\n|switch|p1a: Leavanny|Leavanny, F, shiny|100\/100\n|turn|8\n|\n|t:|1698944589\n|move|p1a: Leavanny|Sticky Web|p2a: Miraidon\n|-sidestart|p2: AnimeZZZZ5|move: Sticky Web\n|move|p2a: Miraidon|Agility|p2a: Miraidon\n|-boost|p2a: Miraidon|spe|2\n|\n|-weather|SunnyDay|[upkeep]\n|upkeep\n|turn|9\n|\n|t:|1698944595\n|move|p2a: Miraidon|Calm Mind|p2a: Miraidon\n|-boost|p2a: Miraidon|spa|1\n|-boost|p2a: Miraidon|spd|1\n|move|p1a: Leavanny|Knock Off|p2a: Miraidon\n|-damage|p2a: Miraidon|89\/100\n|\n|-weather|SunnyDay|[upkeep]\n|upkeep\n|turn|10\n|\n|t:|1698944614\n|move|p2a: Miraidon|Parabolic Charge|p1a: Leavanny\n|-resisted|p1a: Leavanny\n|-enditem|p1a: Leavanny|Focus Sash\n|-damage|p1a: Leavanny|1\/100\n|-heal|p2a: Miraidon|100\/100|[from] drain|[of] p1a: Leavanny\n|move|p1a: Leavanny|Leaf Blade|p2a: Miraidon\n|-resisted|p2a: Miraidon\n|-damage|p2a: Miraidon|88\/100\n|\n|-weather|none\n|-fieldend|move: Electric Terrain\n|upkeep\n|turn|11\n|\n|t:|1698944619\n|move|p2a: Miraidon|Parabolic Charge|p1a: Leavanny\n|-resisted|p1a: Leavanny\n|-damage|p1a: Leavanny|0 fnt\n|-heal|p2a: Miraidon|88\/100|[from] drain|[of] p1a: Leavanny\n|faint|p1a: Leavanny\n|\n|upkeep\n|\n|t:|1698944628\n|switch|p1a: Ditto|Ditto|63\/100 psn\n|-transform|p1a: Ditto|p2a: Miraidon|[from] ability: Imposter\n|-fieldstart|move: Electric Terrain|[from] ability: Hadron Engine|[of] p1a: Ditto\n|turn|12\n|\n|t:|1698944641\n|move|p1a: Ditto|Dragon Pulse|p2a: Miraidon\n|-supereffective|p2a: Miraidon\n|-damage|p2a: Miraidon|0 fnt\n|faint|p2a: Miraidon\n|\n|-damage|p1a: Ditto|51\/100 psn|[from] psn\n|upkeep\n|\n|t:|1698944647\n|switch|p2a: Ogerpon|Ogerpon-Hearthflame, F|100\/100\n|-activate|p2a: Ogerpon|move: Sticky Web\n|-unboost|p2a: Ogerpon|spe|1\n|-ability|p2a: Ogerpon|Mold Breaker\n|turn|13\n|\n|t:|1698944663\n|move|p1a: Ditto|Dragon Pulse|p2a: Ogerpon\n|-crit|p2a: Ogerpon\n|-damage|p2a: Ogerpon|0 fnt\n|faint|p2a: Ogerpon\n|\n|-damage|p1a: Ditto|39\/100 psn|[from] psn\n|upkeep\n|\n|t:|1698944665\n|switch|p2a: Miraidon|Miraidon|100\/100\n|-activate|p2a: Miraidon|move: Sticky Web\n|-unboost|p2a: Miraidon|spe|1\n|-activate|p2a: Miraidon|ability: Hadron Engine\n|turn|14\n|\n|t:|1698944667\n|move|p1a: Ditto|Dragon Pulse|p2a: Miraidon\n|-supereffective|p2a: Miraidon\n|-enditem|p2a: Miraidon|Focus Sash\n|-damage|p2a: Miraidon|1\/100\n|move|p2a: Miraidon|Draco Meteor|p1a: Ditto\n|-supereffective|p1a: Ditto\n|-damage|p1a: Ditto|0 fnt\n|-unboost|p2a: Miraidon|spa|2\n|faint|p1a: Ditto\n|\n|upkeep\n|\n|t:|1698944681\n|switch|p1a: Arceus|Arceus-Fairy|100\/100\n|turn|15\n|\n|t:|1698944685\n|move|p1a: Arceus|Judgment|p2a: Miraidon\n|-supereffective|p2a: Miraidon\n|-damage|p2a: Miraidon|0 fnt\n|faint|p2a: Miraidon\n|\n|upkeep\n|\n|t:|1698944691\n|switch|p2a: Ditto|Ditto|100\/100\n|-activate|p2a: Ditto|move: Sticky Web\n|-unboost|p2a: Ditto|spe|1\n|-transform|p2a: Ditto|p1a: Arceus|[from] ability: Imposter\n|turn|16\n|-message|AnimeZZZZ5 forfeited.\n|\n|win|handsome Chinese\n|raw|handsome Chinese's rating: 1733 &rarr; <strong>1765<\/strong><br \/>(+32 for winning)\n|raw|AnimeZZZZ5's rating: 1970 &rarr; <strong>1938<\/strong><br \/>(-32 for losing)\n|l|\u2606AnimeZZZZ5\n","uploadtime":1698944702,"views":6,"p1id":"handsomechinese","p2id":"animezzzz5","formatid":"gen9anythinggoes","rating":1765,"private":0,"password":""}