{"id":"gen9anythinggoes-1994721587","p1":"Fiercetri","p2":"TheShinySigilyph","format":"[Gen 9] Anything Goes","log":"|j|\u2606Fiercetri\n|j|\u2606TheShinySigilyph\n|t:|1700485658\n|gametype|singles\n|player|p1|Fiercetri|170|1058\n|player|p2|TheShinySigilyph|iris-gen5bw2|1129\n|teamsize|p1|6\n|teamsize|p2|6\n|gen|9\n|tier|[Gen 9] Anything Goes\n|rated|\n|rule|HP Percentage Mod: HP is shown in percentages\n|rule|Endless Battle Clause: Forcing endless battles is banned\n|clearpoke\n|poke|p1|Sandslash-Alola, M|\n|poke|p1|Ceruledge, F|\n|poke|p1|Urshifu-*, F|\n|poke|p1|Pawmot, M|\n|poke|p1|Munkidori, M|\n|poke|p1|Dipplin, M|\n|poke|p2|Glimmora, M|\n|poke|p2|Espathra, F|\n|poke|p2|Gliscor, F|\n|poke|p2|Calyrex-Shadow|\n|poke|p2|Giratina-Origin|\n|poke|p2|Manaphy|\n|teampreview\n|\n|t:|1700485662\n|start\n|switch|p1a: Ceruledge|Ceruledge, F|100\/100\n|switch|p2a: Glimmora|Glimmora, M|100\/100\n|turn|1\n|\n|t:|1700485686\n|move|p1a: Ceruledge|Swords Dance|p1a: Ceruledge\n|-boost|p1a: Ceruledge|atk|2\n|move|p2a: Glimmora|Stealth Rock|p1a: Ceruledge\n|-sidestart|p1: Fiercetri|move: Stealth Rock\n|\n|upkeep\n|turn|2\n|\n|t:|1700485693\n|move|p2a: Glimmora|Spiky Shield|p2a: Glimmora\n|-singleturn|p2a: Glimmora|move: Protect\n|move|p1a: Ceruledge|Swords Dance|p1a: Ceruledge\n|-boost|p1a: Ceruledge|atk|2\n|\n|upkeep\n|turn|3\n|\n|t:|1700485698\n|move|p1a: Ceruledge|Swords Dance|p1a: Ceruledge\n|-boost|p1a: Ceruledge|atk|2\n|move|p2a: Glimmora|Mortal Spin|p1a: Ceruledge\n|-resisted|p1a: Ceruledge\n|-damage|p1a: Ceruledge|96\/100\n|-status|p1a: Ceruledge|psn\n|-ability|p1a: Ceruledge|Weak Armor|boost\n|-unboost|p1a: Ceruledge|def|1\n|-boost|p1a: Ceruledge|spe|2\n|\n|-damage|p1a: Ceruledge|84\/100 psn|[from] psn\n|upkeep\n|turn|4\n|\n|t:|1700485708\n|move|p2a: Glimmora|Spiky Shield|p2a: Glimmora\n|-singleturn|p2a: Glimmora|move: Protect\n|move|p1a: Ceruledge|Shadow Ball|p2a: Glimmora\n|-activate|p2a: Glimmora|move: Protect\n|\n|-damage|p1a: Ceruledge|71\/100 psn|[from] psn\n|upkeep\n|turn|5\n|c|\u2606TheShinySigilyph|Bruh\n|c|\u2606TheShinySigilyph|WHY\n|\n|t:|1700485721\n|move|p1a: Ceruledge|Shadow Ball|p2a: Glimmora\n|-damage|p2a: Glimmora|80\/100\n|move|p2a: Glimmora|Spikes|p1a: Ceruledge\n|-sidestart|p1: Fiercetri|Spikes\n|\n|-heal|p2a: Glimmora|86\/100|[from] item: Black Sludge\n|-damage|p1a: Ceruledge|59\/100 psn|[from] psn\n|upkeep\n|turn|6\n|c|\u2606Fiercetri|why not\n|c|\u2606TheShinySigilyph|Because shadow ball is special????\n|\n|t:|1700485741\n|move|p1a: Ceruledge|Shadow Ball|p2a: Glimmora\n|-damage|p2a: Glimmora|65\/100\n|move|p2a: Glimmora|Spikes|p1a: Ceruledge\n|-sidestart|p1: Fiercetri|Spikes\n|\n|-heal|p2a: Glimmora|71\/100|[from] item: Black Sludge\n|-damage|p1a: Ceruledge|47\/100 psn|[from] psn\n|upkeep\n|turn|7\n|\n|t:|1700485756\n|move|p2a: Glimmora|Spiky Shield|p2a: Glimmora\n|-singleturn|p2a: Glimmora|move: Protect\n|move|p1a: Ceruledge|Shadow Ball|p2a: Glimmora\n|-activate|p2a: Glimmora|move: Protect\n|\n|-heal|p2a: Glimmora|77\/100|[from] item: Black Sludge\n|-damage|p1a: Ceruledge|34\/100 psn|[from] psn\n|upkeep\n|turn|8\n|c|\u2606TheShinySigilyph|Why would you go to +6 with Swords Dance only to use a special move\n|\n|t:|1700485780\n|move|p1a: Ceruledge|Destiny Bond|p1a: Ceruledge\n|-singlemove|p1a: Ceruledge|Destiny Bond\n|move|p2a: Glimmora|Spikes|p1a: Ceruledge\n|-sidestart|p1: Fiercetri|Spikes\n|\n|-heal|p2a: Glimmora|83\/100|[from] item: Black Sludge\n|-damage|p1a: Ceruledge|22\/100 psn|[from] psn\n|upkeep\n|turn|9\n|\n|t:|1700485793\n|move|p2a: Glimmora|Spiky Shield|p2a: Glimmora\n|-singleturn|p2a: Glimmora|move: Protect\n|move|p1a: Ceruledge|Shadow Ball|p2a: Glimmora\n|-activate|p2a: Glimmora|move: Protect\n|\n|-heal|p2a: Glimmora|89\/100|[from] item: Black Sludge\n|-damage|p1a: Ceruledge|9\/100 psn|[from] psn\n|upkeep\n|turn|10\n|\n|t:|1700485802\n|move|p2a: Glimmora|Spiky Shield||[still]\n|-fail|p2a: Glimmora\n|move|p1a: Ceruledge|Destiny Bond|p1a: Ceruledge\n|-singlemove|p1a: Ceruledge|Destiny Bond\n|\n|-heal|p2a: Glimmora|96\/100|[from] item: Black Sludge\n|-damage|p1a: Ceruledge|0 fnt|[from] psn\n|faint|p1a: Ceruledge\n|upkeep\n|\n|t:|1700485819\n|switch|p1a: Urshifu|Urshifu-Rapid-Strike, F|100\/100\n|-damage|p1a: Urshifu|94\/100|[from] Stealth Rock\n|-damage|p1a: Urshifu|69\/100|[from] Spikes\n|turn|11\n|\n|t:|1700485827\n|move|p1a: Urshifu|Surging Strikes|p2a: Glimmora\n|-supereffective|p2a: Glimmora\n|-crit|p2a: Glimmora\n|-damage|p2a: Glimmora|66\/100\n|-activate|p2a: Glimmora|ability: Toxic Debris\n|-sidestart|p1: Fiercetri|move: Toxic Spikes\n|-supereffective|p2a: Glimmora\n|-crit|p2a: Glimmora\n|-damage|p2a: Glimmora|35\/100\n|-activate|p2a: Glimmora|ability: Toxic Debris\n|-sidestart|p1: Fiercetri|move: Toxic Spikes\n|-supereffective|p2a: Glimmora\n|-crit|p2a: Glimmora\n|-damage|p2a: Glimmora|4\/100\n|-hitcount|p2a: Glimmora|3\n|move|p2a: Glimmora|Mortal Spin|p1a: Urshifu\n|-damage|p1a: Urshifu|62\/100\n|-status|p1a: Urshifu|psn\n|\n|-heal|p2a: Glimmora|10\/100|[from] item: Black Sludge\n|-damage|p1a: Urshifu|50\/100 psn|[from] psn\n|upkeep\n|turn|12\n|\n|t:|1700485846\n|move|p1a: Urshifu|Surging Strikes|p2a: Glimmora\n|-supereffective|p2a: Glimmora\n|-crit|p2a: Glimmora\n|-damage|p2a: Glimmora|0 fnt\n|faint|p2a: Glimmora\n|-hitcount|p2: Glimmora|1\n|\n|-damage|p1a: Urshifu|38\/100 psn|[from] psn\n|upkeep\n|\n|t:|1700485856\n|switch|p2a: Limu Emu|Espathra, F|100\/100\n|turn|13\n|\n|t:|1700485863\n|move|p2a: Limu Emu|Calm Mind|p2a: Limu Emu\n|-boost|p2a: Limu Emu|spa|1\n|-boost|p2a: Limu Emu|spd|1\n|move|p1a: Urshifu|Surging Strikes|p2a: Limu Emu\n|-crit|p2a: Limu Emu\n|-damage|p2a: Limu Emu|66\/100\n|-crit|p2a: Limu Emu\n|-damage|p2a: Limu Emu|29\/100\n|-crit|p2a: Limu Emu\n|-damage|p2a: Limu Emu|0 fnt\n|faint|p2a: Limu Emu\n|-hitcount|p2: Limu Emu|3\n|\n|-damage|p1a: Urshifu|25\/100 psn|[from] psn\n|upkeep\n|\n|t:|1700485876\n|switch|p2a: Ran out of ideas|Giratina-Origin|100\/100\n|turn|14\n|\n|t:|1700485895\n|move|p1a: Urshifu|Surging Strikes|p2a: Ran out of ideas\n|-resisted|p2a: Ran out of ideas\n|-crit|p2a: Ran out of ideas\n|-damage|p2a: Ran out of ideas|93\/100\n|-resisted|p2a: Ran out of ideas\n|-crit|p2a: Ran out of ideas\n|-damage|p2a: Ran out of ideas|86\/100\n|-resisted|p2a: Ran out of ideas\n|-crit|p2a: Ran out of ideas\n|-damage|p2a: Ran out of ideas|78\/100\n|-hitcount|p2a: Ran out of ideas|3\n|move|p2a: Ran out of ideas|Shadow Ball|p1a: Urshifu\n|-damage|p1a: Urshifu|0 fnt\n|faint|p1a: Urshifu\n|\n|upkeep\n|c|\u2606TheShinySigilyph|Do you even Pok\u00e9mon\n|\n|t:|1700485903\n|switch|p1a: Pawmot|Pawmot, M, shiny|100\/100\n|-damage|p1a: Pawmot|94\/100|[from] Stealth Rock\n|-damage|p1a: Pawmot|70\/100|[from] Spikes\n|-status|p1a: Pawmot|tox\n|turn|15\n|\n|t:|1700485915\n|move|p1a: Pawmot|Revival Blessing|p1a: Pawmot\n|-enditem|p1a: Pawmot|Leppa Berry|[eat]\n|-activate|p1a: Pawmot|item: Leppa Berry|Revival Blessing|[consumed]\n|c|\u2606Fiercetri|no i rainbow six seige\n|\n|t:|1700485924\n|-heal|p1: Urshifu|50\/100|[from] move: Revival Blessing\n|move|p2a: Ran out of ideas|Shadow Ball|p1a: Pawmot\n|-damage|p1a: Pawmot|0 fnt\n|faint|p1a: Pawmot\n|\n|upkeep\n|\n|t:|1700485927\n|switch|p1a: Dipplin|Dipplin, M|100\/100\n|-damage|p1a: Dipplin|88\/100|[from] Stealth Rock\n|-damage|p1a: Dipplin|63\/100|[from] Spikes\n|-status|p1a: Dipplin|tox\n|turn|16\n|c|\u2606TheShinySigilyph|I can tell\n|\n|t:|1700485935\n|move|p2a: Ran out of ideas|Dragon Pulse|p1a: Dipplin\n|-supereffective|p1a: Dipplin\n|-damage|p1a: Dipplin|0 fnt\n|faint|p1a: Dipplin\n|\n|upkeep\n|c|\u2606Fiercetri|cardiac jonson deployed\n|\n|t:|1700485946\n|switch|p1a: Munkidori|Munkidori, M|100\/100\n|-damage|p1a: Munkidori|88\/100|[from] Stealth Rock\n|-damage|p1a: Munkidori|63\/100|[from] Spikes\n|-sideend|p1: Fiercetri|move: Toxic Spikes|[of] p1a: Munkidori\n|turn|17\n|\n|t:|1700485958\n|move|p1a: Munkidori|U-turn|p2a: Ran out of ideas\n|-resisted|p2a: Ran out of ideas\n|-damage|p2a: Ran out of ideas|72\/100\n|\n|t:|1700485962\n|switch|p1a: Sandslash|Sandslash-Alola, M, shiny|100\/100|[from] U-turn\n|-damage|p1a: Sandslash|88\/100|[from] Stealth Rock\n|-damage|p1a: Sandslash|63\/100|[from] Spikes\n|move|p2a: Ran out of ideas|Shadow Ball|p1a: Sandslash\n|-damage|p1a: Sandslash|0 fnt\n|faint|p1a: Sandslash\n|\n|upkeep\n|\n|t:|1700485964\n|switch|p1a: Urshifu|Urshifu-Rapid-Strike, F|50\/100\n|-damage|p1a: Urshifu|44\/100|[from] Stealth Rock\n|-damage|p1a: Urshifu|19\/100|[from] Spikes\n|turn|18\n|\n|t:|1700485975\n|move|p1a: Urshifu|Surging Strikes|p2a: Ran out of ideas\n|-resisted|p2a: Ran out of ideas\n|-crit|p2a: Ran out of ideas\n|-damage|p2a: Ran out of ideas|64\/100\n|-resisted|p2a: Ran out of ideas\n|-crit|p2a: Ran out of ideas\n|-damage|p2a: Ran out of ideas|57\/100\n|-resisted|p2a: Ran out of ideas\n|-crit|p2a: Ran out of ideas\n|-damage|p2a: Ran out of ideas|50\/100\n|-hitcount|p2a: Ran out of ideas|3\n|move|p2a: Ran out of ideas|Shadow Ball|p1a: Urshifu\n|-damage|p1a: Urshifu|0 fnt\n|faint|p1a: Urshifu\n|\n|upkeep\n|\n|t:|1700485988\n|switch|p1a: Munkidori|Munkidori, M|63\/100\n|-damage|p1a: Munkidori|51\/100|[from] Stealth Rock\n|-damage|p1a: Munkidori|26\/100|[from] Spikes\n|turn|19\n|\n|t:|1700485994\n|move|p1a: Munkidori|U-turn|p2a: Ran out of ideas\n|-resisted|p2a: Ran out of ideas\n|-damage|p2a: Ran out of ideas|44\/100\n|move|p2a: Ran out of ideas|Shadow Ball|p1a: Munkidori\n|-supereffective|p1a: Munkidori\n|-damage|p1a: Munkidori|0 fnt\n|faint|p1a: Munkidori\n|\n|win|TheShinySigilyph\n|raw|Fiercetri's rating: 1058 &rarr; <strong>1043<\/strong><br \/>(-15 for losing)\n|raw|TheShinySigilyph's rating: 1129 &rarr; <strong>1149<\/strong><br \/>(+20 for winning)\n|c|\u2606Fiercetri|buh buye\n|l|\u2606Fiercetri\n","uploadtime":1700486014,"views":4,"p1id":"fiercetri","p2id":"theshinysigilyph","formatid":"gen9anythinggoes","rating":1043,"private":0,"password":""}