{"id":"gen9anythinggoes-1980193979","p1":"KenshuTepes","p2":"Skiddo1234","format":"[Gen 9] Anything Goes","log":"|j|\u2606KenshuTepes\n|j|\u2606Skiddo1234\n|t:|1698765290\n|gametype|singles\n|player|p1|KenshuTepes|gambler|1307\n|player|p2|Skiddo1234|n|1236\n|teamsize|p1|6\n|teamsize|p2|6\n|gen|9\n|tier|[Gen 9] Anything Goes\n|rated|\n|rule|HP Percentage Mod: HP is shown in percentages\n|rule|Endless Battle Clause: Forcing endless battles is banned\n|clearpoke\n|poke|p1|Ariados, M|\n|poke|p1|Volcarona, F|\n|poke|p1|Iron Moth|\n|poke|p1|Garchomp, M|\n|poke|p1|Haxorus, M|\n|poke|p1|Hydreigon, F|\n|poke|p2|Cyclizar, M|\n|poke|p2|Volbeat, M|\n|poke|p2|Mewtwo|\n|poke|p2|Calyrex-Shadow|\n|poke|p2|Ogerpon-Hearthflame, F|\n|poke|p2|Cloyster, F|\n|teampreview\n|inactive|Battle timer is ON: inactive players will automatically lose when time's up. (requested by KenshuTepes)\n|\n|t:|1698765297\n|start\n|switch|p1a: Ariados|Ariados, M, shiny|100\/100\n|switch|p2a: Cyclizar|Cyclizar, M, shiny|100\/100\n|turn|1\n|\n|t:|1698765305\n|move|p2a: Cyclizar|Dragon Claw|p1a: Ariados\n|-damage|p1a: Ariados|52\/100\n|move|p1a: Ariados|Sticky Web|p2a: Cyclizar\n|-sidestart|p2: Skiddo1234|move: Sticky Web\n|\n|upkeep\n|turn|2\n|\n|t:|1698765311\n|move|p2a: Cyclizar|Dragon Claw|p1a: Ariados\n|-damage|p1a: Ariados|7\/100\n|move|p1a: Ariados|Toxic Spikes|p2a: Cyclizar\n|-sidestart|p2: Skiddo1234|move: Toxic Spikes\n|\n|upkeep\n|turn|3\n|\n|t:|1698765322\n|move|p2a: Cyclizar|Dragon Claw|p1a: Ariados\n|-damage|p1a: Ariados|0 fnt\n|faint|p1a: Ariados\n|\n|upkeep\n|\n|t:|1698765326\n|switch|p1a: Hydreigon|Hydreigon, F|100\/100\n|turn|4\n|\n|t:|1698765331\n|move|p2a: Cyclizar|Shed Tail|p2a: Cyclizar\n|-start|p2a: Cyclizar|Substitute|[from] move: Shed Tail\n|-damage|p2a: Cyclizar|50\/100\n|\n|t:|1698765334\n|switch|p2a: Volbeat|Volbeat, M, shiny|100\/100|[from] Shed Tail\n|-activate|p2a: Volbeat|move: Sticky Web\n|-unboost|p2a: Volbeat|spe|1\n|-status|p2a: Volbeat|psn\n|move|p1a: Hydreigon|Nasty Plot|p1a: Hydreigon\n|-boost|p1a: Hydreigon|spa|2\n|\n|-damage|p2a: Volbeat|88\/100 psn|[from] psn\n|upkeep\n|turn|5\n|\n|t:|1698765344\n|move|p2a: Volbeat|Tail Glow|p2a: Volbeat\n|-boost|p2a: Volbeat|spa|3\n|move|p1a: Hydreigon|Roar|p2a: Volbeat\n|drag|p2a: Ogerpon|Ogerpon-Hearthflame, F|100\/100\n|-activate|p2a: Ogerpon|move: Sticky Web\n|-unboost|p2a: Ogerpon|spe|1\n|-status|p2a: Ogerpon|psn\n|-ability|p2a: Ogerpon|Mold Breaker\n|\n|-damage|p2a: Ogerpon|88\/100 psn|[from] psn\n|upkeep\n|turn|6\n|-message|Skiddo1234 forfeited.\n|\n|win|KenshuTepes\n|raw|KenshuTepes's rating: 1307 &rarr; <strong>1325<\/strong><br \/>(+18 for winning)\n|raw|Skiddo1234's rating: 1268 &rarr; <strong>1246<\/strong><br \/>(-22 for losing)\n|l|\u2606Skiddo1234\n","uploadtime":1698765359,"views":6,"p1id":"kenshutepes","p2id":"skiddo1234","formatid":"gen9anythinggoes","rating":1246,"private":0,"password":""}