{"id":"gen9anythinggoes-1973581250","p1":"wWeizol","p2":"JAYTHEHART","format":"[Gen 9] Anything Goes","log":"|j|\u203dwWeizol\n|j|\u2606JAYTHEHART\n|t:|1697992966\n|gametype|singles\n|player|p1|wWeizol|169|1049\n|player|p2|JAYTHEHART|riley|1067\n|teamsize|p1|6\n|teamsize|p2|5\n|gen|9\n|tier|[Gen 9] Anything Goes\n|rated|\n|rule|HP Percentage Mod: HP is shown in percentages\n|rule|Endless Battle Clause: Forcing endless battles is banned\n|clearpoke\n|poke|p1|Ogerpon-Hearthflame, F|\n|poke|p1|Flapple, F|\n|poke|p1|Calyrex|\n|poke|p1|Sinistcha-Masterpiece|\n|poke|p1|Cacturne, M|\n|poke|p1|Breloom, M|\n|poke|p2|Typhlosion-Hisui, M|\n|poke|p2|Urshifu-*, M|\n|poke|p2|Great Tusk|\n|poke|p2|Ursaluna-Bloodmoon, M|\n|poke|p2|Snorlax, M|\n|teampreview\n|\n|t:|1697992978\n|start\n|switch|p1a: Cacturne|Cacturne, M|100\/100\n|switch|p2a: Ursaluna|Ursaluna-Bloodmoon, M|100\/100\n|turn|1\n|\n|t:|1697992984\n|move|p2a: Ursaluna|Calm Mind|p2a: Ursaluna\n|-boost|p2a: Ursaluna|spa|1\n|-boost|p2a: Ursaluna|spd|1\n|move|p1a: Cacturne|Toxic Spikes|p2a: Ursaluna\n|-sidestart|p2: JAYTHEHART|move: Toxic Spikes\n|\n|upkeep\n|turn|2\n|\n|t:|1697992994\n|move|p2a: Ursaluna|Calm Mind|p2a: Ursaluna\n|-boost|p2a: Ursaluna|spa|1\n|-boost|p2a: Ursaluna|spd|1\n|move|p1a: Cacturne|Grass Knot|p2a: Ursaluna\n|-supereffective|p2a: Ursaluna\n|-damage|p2a: Ursaluna|27\/100\n|\n|upkeep\n|turn|3\n|\n|t:|1697993001\n|move|p2a: Ursaluna|Blood Moon|p1a: Cacturne\n|-damage|p1a: Cacturne|0 fnt\n|faint|p1a: Cacturne\n|\n|upkeep\n|\n|t:|1697993016\n|switch|p1a: Flapple|Flapple, F|100\/100\n|turn|4\n|\n|t:|1697993031\n|move|p1a: Flapple|Sucker Punch||[still]\n|-fail|p1a: Flapple\n|move|p2a: Ursaluna|Moonlight|p2a: Ursaluna\n|-heal|p2a: Ursaluna|77\/100\n|\n|upkeep\n|turn|5\n|\n|t:|1697993045\n|move|p1a: Flapple|Sucker Punch|p2a: Ursaluna\n|-damage|p2a: Ursaluna|50\/100\n|move|p2a: Ursaluna|Earth Power|p1a: Flapple\n|-resisted|p1a: Flapple\n|-damage|p1a: Flapple|25\/100\n|\n|upkeep\n|turn|6\n|\n|t:|1697993053\n|move|p1a: Flapple|Sucker Punch|p2a: Ursaluna\n|-crit|p2a: Ursaluna\n|-damage|p2a: Ursaluna|6\/100\n|move|p2a: Ursaluna|Earth Power|p1a: Flapple\n|-resisted|p1a: Flapple\n|-damage|p1a: Flapple|0 fnt\n|faint|p1a: Flapple\n|\n|upkeep\n|\n|t:|1697993066\n|switch|p1a: Calyrex|Calyrex|100\/100\n|-ability|p1a: Calyrex|Unnerve\n|turn|7\n|\n|t:|1697993072\n|switch|p2a: Snorlax|Snorlax, M|100\/100\n|-status|p2a: Snorlax|psn\n|move|p1a: Calyrex|Metronome|p1a: Calyrex\n|move|p1a: Calyrex|Lumina Crash|p2a: Snorlax|[from]move: Metronome\n|-damage|p2a: Snorlax|84\/100 psn\n|-unboost|p2a: Snorlax|spd|2\n|\n|-heal|p2a: Snorlax|91\/100 psn|[from] item: Leftovers\n|-damage|p2a: Snorlax|78\/100 psn|[from] psn\n|upkeep\n|turn|8\n|\n|t:|1697993084\n|move|p1a: Calyrex|Metronome|p1a: Calyrex\n|move|p1a: Calyrex|Smog|p2a: Snorlax|[from]move: Metronome\n|-damage|p2a: Snorlax|70\/100 psn\n|move|p2a: Snorlax|Rest|p2a: Snorlax\n|-status|p2a: Snorlax|slp|[from] move: Rest\n|-heal|p2a: Snorlax|100\/100 slp|[silent]\n|\n|upkeep\n|turn|9\n|\n|t:|1697993095\n|switch|p1a: Breloom|Breloom, M|100\/100\n|cant|p2a: Snorlax|slp\n|move|p2a: Snorlax|Sleep Talk|p2a: Snorlax\n|move|p2a: Snorlax|Earthquake|p1a: Breloom|[from]move: Sleep Talk\n|-resisted|p1a: Breloom\n|-damage|p1a: Breloom|88\/100\n|\n|upkeep\n|turn|10\n|\n|t:|1697993110\n|switch|p2a: Typhlosion|Typhlosion-Hisui, M|100\/100\n|-status|p2a: Typhlosion|psn\n|move|p1a: Breloom|Leech Seed|p2a: Typhlosion\n|-start|p2a: Typhlosion|move: Leech Seed\n|\n|-damage|p2a: Typhlosion|88\/100 psn|[from] Leech Seed|[of] p1a: Breloom\n|-heal|p1a: Breloom|99\/100|[silent]\n|-damage|p2a: Typhlosion|76\/100 psn|[from] psn\n|upkeep\n|turn|11\n|\n|t:|1697993124\n|-terastallize|p2a: Typhlosion|Fire\n|move|p2a: Typhlosion|Flamethrower|p1a: Breloom\n|-supereffective|p1a: Breloom\n|-damage|p1a: Breloom|0 fnt\n|faint|p1a: Breloom\n|\n|-heal|p2a: Typhlosion|82\/100 psn|[from] item: Leftovers\n|-damage|p2a: Typhlosion|69\/100 psn|[from] psn\n|upkeep\n|\n|t:|1697993136\n|switch|p1a: Ogerpon|Ogerpon-Hearthflame, F|100\/100\n|-ability|p1a: Ogerpon|Mold Breaker\n|turn|12\n|\n|t:|1697993146\n|move|p1a: Ogerpon|Fling||[still]\n|-fail|p1a: Ogerpon\n|move|p2a: Typhlosion|Shadow Ball|p1a: Ogerpon\n|-damage|p1a: Ogerpon|53\/100\n|\n|-heal|p2a: Typhlosion|75\/100 psn|[from] item: Leftovers\n|-damage|p2a: Typhlosion|63\/100 psn|[from] Leech Seed|[of] p1a: Ogerpon\n|-heal|p1a: Ogerpon|66\/100|[silent]\n|-damage|p2a: Typhlosion|50\/100 psn|[from] psn\n|upkeep\n|turn|13\n|\n|t:|1697993155\n|move|p1a: Ogerpon|Fling||[still]\n|-fail|p1a: Ogerpon\n|move|p2a: Typhlosion|Shadow Ball|p1a: Ogerpon\n|-damage|p1a: Ogerpon|24\/100\n|\n|-heal|p2a: Typhlosion|56\/100 psn|[from] item: Leftovers\n|-damage|p2a: Typhlosion|44\/100 psn|[from] Leech Seed|[of] p1a: Ogerpon\n|-heal|p1a: Ogerpon|37\/100|[silent]\n|-damage|p2a: Typhlosion|31\/100 psn|[from] psn\n|upkeep\n|turn|14\n|\n|t:|1697993170\n|move|p1a: Ogerpon|Horn Leech|p2a: Typhlosion\n|-resisted|p2a: Typhlosion\n|-damage|p2a: Typhlosion|6\/100 psn\n|-heal|p1a: Ogerpon|50\/100|[from] drain|[of] p2a: Typhlosion\n|move|p2a: Typhlosion|Flamethrower|p1a: Ogerpon\n|-damage|p1a: Ogerpon|0 fnt\n|faint|p1a: Ogerpon\n|\n|-heal|p2a: Typhlosion|12\/100 psn|[from] item: Leftovers\n|-damage|p2a: Typhlosion|0 fnt|[from] psn\n|faint|p2a: Typhlosion\n|upkeep\n|\n|t:|1697993184\n|switch|p1a: Calyrex|Calyrex|100\/100\n|switch|p2a: Urshifu|Urshifu, M|100\/100\n|-ability|p1a: Calyrex|Unnerve\n|turn|15\n|\n|t:|1697993191\n|switch|p2a: Great Tusk|Great Tusk|100\/100\n|-status|p2a: Great Tusk|psn\n|move|p1a: Calyrex|Gravity|p1a: Calyrex\n|-fieldstart|move: Gravity\n|\n|-damage|p2a: Great Tusk|88\/100 psn|[from] psn\n|upkeep\n|turn|16\n|\n|t:|1697993200\n|-end|p2a: Great Tusk|Protosynthesis|[silent]\n|switch|p2a: Urshifu|Urshifu, M|100\/100\n|move|p1a: Calyrex|Gravity||[still]\n|-fail|p1a: Calyrex\n|\n|upkeep\n|turn|17\n|c|\u2606JAYTHEHART|Didn't mean to do that\n|\n|t:|1697993211\n|move|p1a: Calyrex|Gravity||[still]\n|-fail|p1a: Calyrex\n|move|p2a: Urshifu|Swords Dance|p2a: Urshifu\n|-boost|p2a: Urshifu|atk|2\n|\n|upkeep\n|turn|18\n|\n|t:|1697993217\n|move|p1a: Calyrex|Gravity||[still]\n|-fail|p1a: Calyrex\n|move|p2a: Urshifu|Swords Dance|p2a: Urshifu\n|-boost|p2a: Urshifu|atk|2\n|\n|upkeep\n|turn|19\n|\n|t:|1697993229\n|move|p1a: Calyrex|Gravity||[still]\n|-fail|p1a: Calyrex\n|move|p2a: Urshifu|Swords Dance|p2a: Urshifu\n|-boost|p2a: Urshifu|atk|2\n|\n|-fieldend|move: Gravity\n|upkeep\n|turn|20\n|\n|t:|1697993235\n|move|p1a: Calyrex|Gravity|p1a: Calyrex\n|-fieldstart|move: Gravity\n|move|p2a: Urshifu|Wicked Blow|p1a: Calyrex\n|-supereffective|p1a: Calyrex\n|-crit|p1a: Calyrex\n|-damage|p1a: Calyrex|0 fnt\n|faint|p1a: Calyrex\n|\n|upkeep\n|\n|t:|1697993240\n|switch|p1a: Sinistcha|Sinistcha-Masterpiece|100\/100\n|turn|21\n|\n|t:|1697993250\n|move|p2a: Urshifu|Sucker Punch|p1a: Sinistcha\n|-supereffective|p1a: Sinistcha\n|-damage|p1a: Sinistcha|0 fnt\n|faint|p1a: Sinistcha\n|\n|win|JAYTHEHART\n|raw|wWeizol's rating: 1049 &rarr; <strong>1033<\/strong><br \/>(-16 for losing)\n|raw|JAYTHEHART's rating: 1067 &rarr; <strong>1095<\/strong><br \/>(+28 for winning)\n","uploadtime":1697993258,"views":6,"p1id":"wweizol","p2id":"jaythehart","formatid":"gen9anythinggoes","rating":1033,"private":0,"password":""}