{"id":"gen9anythinggoes-1972300554","p1":"Chris Hansen101","p2":"DanWatcher","format":"[Gen 9] Anything Goes","log":"|j|\u2606Chris Hansen101\n|j|\u2606DanWatcher\n|t:|1697829337\n|gametype|singles\n|player|p1|Chris Hansen101|hiker-gen4|1401\n|player|p2|DanWatcher|scientist-gen4|1378\n|teamsize|p1|6\n|teamsize|p2|6\n|gen|9\n|tier|[Gen 9] Anything Goes\n|rated|\n|rule|HP Percentage Mod: HP is shown in percentages\n|rule|Endless Battle Clause: Forcing endless battles is banned\n|clearpoke\n|poke|p1|Ting-Lu|\n|poke|p1|Toxapex, M|\n|poke|p1|Clefable, F|\n|poke|p1|Corviknight, F|\n|poke|p1|Shaymin-Sky|\n|poke|p1|Palafin, F|\n|poke|p2|Drifblim, M|\n|poke|p2|Ribombee, F|\n|poke|p2|Calyrex-Shadow|\n|poke|p2|Toxapex, F|\n|poke|p2|Illumise, F|\n|poke|p2|Shaymin-Sky|\n|teampreview\n|inactive|Battle timer is ON: inactive players will automatically lose when time's up. (requested by Chris Hansen101)\n|\n|t:|1697829359\n|start\n|switch|p1a: Shaymin|Shaymin-Sky, shiny|100\/100\n|switch|p2a: Calyrex|Calyrex-Shadow|100\/100\n|-ability|p2a: Calyrex|As One\n|-ability|p2a: Calyrex|Unnerve\n|turn|1\n|\n|t:|1697829371\n|switch|p1a: Ting-Lu|Ting-Lu|100\/100\n|-ability|p1a: Ting-Lu|Vessel of Ruin\n|move|p2a: Calyrex|Astral Barrage|p1a: Ting-Lu\n|-resisted|p1a: Ting-Lu\n|-damage|p1a: Ting-Lu|81\/100\n|\n|-heal|p1a: Ting-Lu|88\/100|[from] item: Leftovers\n|upkeep\n|turn|2\n|\n|t:|1697829381\n|move|p2a: Calyrex|Giga Drain|p1a: Ting-Lu\n|-supereffective|p1a: Ting-Lu\n|-damage|p1a: Ting-Lu|58\/100\n|move|p1a: Ting-Lu|Stealth Rock|p2a: Calyrex\n|-sidestart|p2: DanWatcher|move: Stealth Rock\n|\n|-heal|p1a: Ting-Lu|64\/100|[from] item: Leftovers\n|upkeep\n|turn|3\n|\n|t:|1697829392\n|switch|p2a: Toxapex|Toxapex, F|100\/100\n|-damage|p2a: Toxapex|88\/100|[from] Stealth Rock\n|move|p1a: Ting-Lu|Earthquake|p2a: Toxapex\n|-supereffective|p2a: Toxapex\n|-damage|p2a: Toxapex|28\/100\n|\n|-heal|p1a: Ting-Lu|71\/100|[from] item: Leftovers\n|-heal|p2a: Toxapex|35\/100|[from] item: Leftovers\n|upkeep\n|turn|4\n|\n|t:|1697829413\n|switch|p2a: Shaymin|Shaymin-Sky|100\/100\n|-damage|p2a: Shaymin|76\/100|[from] Stealth Rock\n|move|p1a: Ting-Lu|Whirlwind|p2a: Shaymin\n|drag|p2a: Illumise|Illumise, F|100\/100\n|-damage|p2a: Illumise|76\/100|[from] Stealth Rock\n|\n|-heal|p2a: Illumise|82\/100|[from] item: Leftovers\n|-heal|p1a: Ting-Lu|77\/100|[from] item: Leftovers\n|upkeep\n|turn|5\n|\n|t:|1697829429\n|move|p2a: Illumise|Substitute|p2a: Illumise\n|-start|p2a: Illumise|Substitute\n|-damage|p2a: Illumise|57\/100\n|move|p1a: Ting-Lu|Spikes|p2a: Illumise\n|-sidestart|p2: DanWatcher|Spikes\n|\n|-heal|p2a: Illumise|63\/100|[from] item: Leftovers\n|-heal|p1a: Ting-Lu|83\/100|[from] item: Leftovers\n|upkeep\n|turn|6\n|\n|t:|1697829438\n|move|p2a: Illumise|Tailwind|p2a: Illumise\n|-sidestart|p2: DanWatcher|move: Tailwind\n|move|p1a: Ting-Lu|Whirlwind|p2a: Illumise\n|drag|p2a: Calyrex|Calyrex-Shadow|100\/100\n|-ability|p2a: Calyrex|As One\n|-ability|p2a: Calyrex|Unnerve\n|-damage|p2a: Calyrex|88\/100|[from] Stealth Rock\n|-damage|p2a: Calyrex|76\/100|[from] Spikes\n|\n|-heal|p2a: Calyrex|82\/100|[from] item: Leftovers\n|-heal|p1a: Ting-Lu|89\/100|[from] item: Leftovers\n|upkeep\n|turn|7\n|inactive|DanWatcher has 120 seconds left.\n|\n|t:|1697829464\n|switch|p2a: Shaymin|Shaymin-Sky|76\/100\n|-damage|p2a: Shaymin|51\/100|[from] Stealth Rock\n|move|p1a: Ting-Lu|Earthquake|p2a: Shaymin\n|-immune|p2a: Shaymin\n|\n|-heal|p2a: Shaymin|57\/100|[from] item: Leftovers\n|-heal|p1a: Ting-Lu|95\/100|[from] item: Leftovers\n|upkeep\n|turn|8\n|inactive|DanWatcher has 120 seconds left.\n|\n|t:|1697829474\n|move|p2a: Shaymin|Leech Seed|p1a: Ting-Lu\n|-start|p1a: Ting-Lu|move: Leech Seed\n|move|p1a: Ting-Lu|Whirlwind|p2a: Shaymin\n|drag|p2a: Calyrex|Calyrex-Shadow|82\/100\n|-ability|p2a: Calyrex|As One\n|-ability|p2a: Calyrex|Unnerve\n|-damage|p2a: Calyrex|70\/100|[from] Stealth Rock\n|-damage|p2a: Calyrex|57\/100|[from] Spikes\n|\n|-heal|p2a: Calyrex|64\/100|[from] item: Leftovers\n|-heal|p1a: Ting-Lu|100\/100|[from] item: Leftovers\n|-damage|p1a: Ting-Lu|88\/100|[from] Leech Seed|[of] p2a: Calyrex\n|-heal|p2a: Calyrex|82\/100|[silent]\n|upkeep\n|turn|9\n|inactive|DanWatcher has 120 seconds left.\n|\n|t:|1697829494\n|switch|p2a: Toxapex|Toxapex, F|68\/100\n|-damage|p2a: Toxapex|55\/100|[from] Stealth Rock\n|-damage|p2a: Toxapex|43\/100|[from] Spikes\n|move|p1a: Ting-Lu|Spikes|p2a: Toxapex\n|-sidestart|p2: DanWatcher|Spikes\n|\n|-heal|p2a: Toxapex|49\/100|[from] item: Leftovers\n|-heal|p1a: Ting-Lu|94\/100|[from] item: Leftovers\n|-damage|p1a: Ting-Lu|82\/100|[from] Leech Seed|[of] p2a: Toxapex\n|-heal|p2a: Toxapex|76\/100|[silent]\n|-sideend|p2: DanWatcher|move: Tailwind\n|upkeep\n|turn|10\n|inactive|Chris Hansen101 has 120 seconds left.\n|\n|t:|1697829515\n|move|p1a: Ting-Lu|Spikes|p2a: Toxapex\n|-sidestart|p2: DanWatcher|Spikes\n|move|p2a: Toxapex|Toxic Spikes|p1a: Ting-Lu\n|-sidestart|p1: Chris Hansen101|move: Toxic Spikes\n|\n|-heal|p1a: Ting-Lu|88\/100|[from] item: Leftovers\n|-heal|p2a: Toxapex|82\/100|[from] item: Leftovers\n|-damage|p1a: Ting-Lu|76\/100|[from] Leech Seed|[of] p2a: Toxapex\n|-heal|p2a: Toxapex|100\/100|[silent]\n|upkeep\n|turn|11\n|\n|t:|1697829525\n|switch|p2a: Shaymin|Shaymin-Sky|57\/100\n|-damage|p2a: Shaymin|32\/100|[from] Stealth Rock\n|move|p1a: Ting-Lu|Whirlwind|p2a: Shaymin\n|drag|p2a: Ribombee|Ribombee, F, shiny|100\/100\n|-damage|p2a: Ribombee|76\/100|[from] Stealth Rock\n|-damage|p2a: Ribombee|51\/100|[from] Spikes\n|\n|-heal|p2a: Ribombee|57\/100|[from] item: Leftovers\n|-heal|p1a: Ting-Lu|82\/100|[from] item: Leftovers\n|-damage|p1a: Ting-Lu|69\/100|[from] Leech Seed|[of] p2a: Ribombee\n|-heal|p2a: Ribombee|81\/100|[silent]\n|upkeep\n|turn|12\n|inactive|DanWatcher has 120 seconds left.\n|\n|t:|1697829539\n|move|p2a: Ribombee|Moonblast|p1a: Ting-Lu\n|-supereffective|p1a: Ting-Lu\n|-damage|p1a: Ting-Lu|29\/100\n|move|p1a: Ting-Lu|Earthquake|p2a: Ribombee\n|-resisted|p2a: Ribombee\n|-damage|p2a: Ribombee|43\/100\n|\n|-heal|p2a: Ribombee|50\/100|[from] item: Leftovers\n|-heal|p1a: Ting-Lu|35\/100|[from] item: Leftovers\n|-damage|p1a: Ting-Lu|22\/100|[from] Leech Seed|[of] p2a: Ribombee\n|-heal|p2a: Ribombee|74\/100|[silent]\n|upkeep\n|turn|13\n|inactive|DanWatcher has 120 seconds left.\n|\n|t:|1697829553\n|switch|p1a: Toxapex|Toxapex, M, shiny|100\/100\n|-sideend|p1: Chris Hansen101|move: Toxic Spikes|[of] p1a: Toxapex\n|move|p2a: Ribombee|Moonblast|p1a: Toxapex\n|-resisted|p1a: Toxapex\n|-damage|p1a: Toxapex|84\/100\n|\n|-heal|p2a: Ribombee|80\/100|[from] item: Leftovers\n|upkeep\n|turn|14\n|inactive|DanWatcher has 120 seconds left.\n|\n|t:|1697829565\n|switch|p1a: Palafin|Palafin, F, shiny|100\/100\n|move|p2a: Ribombee|Sticky Web|p1a: Palafin\n|-sidestart|p1: Chris Hansen101|move: Sticky Web\n|\n|-heal|p2a: Ribombee|86\/100|[from] item: Leftovers\n|upkeep\n|turn|15\n|inactive|DanWatcher has 120 seconds left.\n|\n|t:|1697829581\n|detailschange|p1a: Palafin|Palafin-Hero, F, shiny\n|switch|p1a: Ting-Lu|Ting-Lu|22\/100\n|-activate|p1a: Ting-Lu|move: Sticky Web\n|-unboost|p1a: Ting-Lu|spe|1\n|-ability|p1a: Ting-Lu|Vessel of Ruin\n|move|p2a: Ribombee|Substitute|p2a: Ribombee\n|-start|p2a: Ribombee|Substitute\n|-damage|p2a: Ribombee|61\/100\n|\n|-heal|p2a: Ribombee|68\/100|[from] item: Leftovers\n|-heal|p1a: Ting-Lu|29\/100|[from] item: Leftovers\n|upkeep\n|turn|16\n|inactive|DanWatcher has 120 seconds left.\n|\n|t:|1697829593\n|move|p2a: Ribombee|Moonblast|p1a: Ting-Lu\n|-supereffective|p1a: Ting-Lu\n|-damage|p1a: Ting-Lu|0 fnt\n|faint|p1a: Ting-Lu\n|\n|-heal|p2a: Ribombee|74\/100|[from] item: Leftovers\n|upkeep\n|\n|t:|1697829606\n|switch|p1a: Corviknight|Corviknight, F, shiny|100\/100\n|turn|17\n|inactive|DanWatcher has 120 seconds left.\n|\n|t:|1697829633\n|switch|p2a: Illumise|Illumise, F|63\/100\n|-damage|p2a: Illumise|38\/100|[from] Stealth Rock\n|-damage|p2a: Illumise|13\/100|[from] Spikes\n|move|p1a: Corviknight|Defog|p2a: Illumise\n|-unboost|p2a: Illumise|evasion|1\n|-sideend|p2: DanWatcher|Spikes|[from] move: Defog|[of] p1a: Corviknight\n|-sideend|p2: DanWatcher|Stealth Rock|[from] move: Defog|[of] p1a: Corviknight\n|-sideend|p1: Chris Hansen101|Sticky Web|[from] move: Defog|[of] p1a: Corviknight\n|\n|-heal|p2a: Illumise|19\/100|[from] item: Leftovers\n|upkeep\n|turn|18\n|\n|t:|1697829648\n|switch|p1a: Shaymin|Shaymin-Sky, shiny|100\/100\n|move|p2a: Illumise|Tailwind|p2a: Illumise\n|-sidestart|p2: DanWatcher|move: Tailwind\n|\n|-heal|p2a: Illumise|25\/100|[from] item: Leftovers\n|upkeep\n|turn|19\n|\n|t:|1697829666\n|switch|p2a: Calyrex|Calyrex-Shadow|82\/100\n|-ability|p2a: Calyrex|As One\n|-ability|p2a: Calyrex|Unnerve\n|move|p1a: Shaymin|Seed Flare|p2a: Calyrex\n|-damage|p2a: Calyrex|24\/100\n|-unboost|p2a: Calyrex|spd|2\n|\n|-heal|p2a: Calyrex|30\/100|[from] item: Leftovers\n|upkeep\n|turn|20\n|inactive|Chris Hansen101 has 120 seconds left.\n|\n|t:|1697829689\n|move|p2a: Calyrex|Astral Barrage|p1a: Shaymin\n|-damage|p1a: Shaymin|3\/100\n|move|p1a: Shaymin|Earth Power|p2a: Calyrex\n|-damage|p2a: Calyrex|0 fnt\n|faint|p2a: Calyrex\n|\n|upkeep\n|j| WvWvWmWMmWMvmV\u23df\u23dc\u23dd\u23de\n|inactive|DanWatcher has 90 seconds left.\n|\n|t:|1697829705\n|switch|p2a: Ribombee|Ribombee, F, shiny|74\/100\n|turn|21\n|l| WvWvWmWMmWMvmV\u23df\u23dc\u23dd\u23de\n|\n|t:|1697829714\n|move|p2a: Ribombee|Moonblast|p1a: Shaymin\n|-damage|p1a: Shaymin|0 fnt\n|faint|p1a: Shaymin\n|\n|-heal|p2a: Ribombee|80\/100|[from] item: Leftovers\n|-sideend|p2: DanWatcher|move: Tailwind\n|upkeep\n|\n|t:|1697829726\n|switch|p1a: Palafin|Palafin-Hero, F, shiny|100\/100\n|-activate|p1a: Palafin|ability: Zero to Hero\n|turn|22\n|\n|t:|1697829750\n|switch|p2a: Toxapex|Toxapex, F|100\/100\n|-terastallize|p1a: Palafin|Normal\n|move|p1a: Palafin|Boomburst|p2a: Toxapex\n|-damage|p2a: Toxapex|26\/100\n|\n|-heal|p2a: Toxapex|32\/100|[from] item: Leftovers\n|upkeep\n|turn|23\n|inactive|DanWatcher has 90 seconds left.\n|\n|t:|1697829766\n|switch|p2a: Illumise|Illumise, F|25\/100\n|move|p1a: Palafin|Boomburst|p2a: Illumise\n|-damage|p2a: Illumise|0 fnt\n|faint|p2a: Illumise\n|\n|upkeep\n|inactive|DanWatcher has 90 seconds left.\n|\n|t:|1697829777\n|switch|p2a: Drifblim|Drifblim, M|100\/100\n|turn|24\n|inactive|DanWatcher has 90 seconds left.\n|\n|t:|1697829784\n|switch|p1a: Clefable|Clefable, F, shiny|100\/100\n|move|p2a: Drifblim|Substitute|p2a: Drifblim\n|-start|p2a: Drifblim|Substitute\n|-damage|p2a: Drifblim|76\/100\n|\n|-heal|p2a: Drifblim|82\/100|[from] item: Leftovers\n|upkeep\n|turn|25\n|inactive|DanWatcher has 90 seconds left.\n|\n|t:|1697829795\n|move|p2a: Drifblim|Clear Smog|p1a: Clefable\n|-supereffective|p1a: Clefable\n|-damage|p1a: Clefable|84\/100\n|-clearboost|p1a: Clefable\n|-enditem|p1a: Clefable|Weakness Policy\n|-boost|p1a: Clefable|atk|2|[from] item: Weakness Policy\n|-boost|p1a: Clefable|spa|2|[from] item: Weakness Policy\n|move|p1a: Clefable|Cosmic Power|p1a: Clefable\n|-boost|p1a: Clefable|def|1\n|-boost|p1a: Clefable|spd|1\n|\n|-heal|p2a: Drifblim|88\/100|[from] item: Leftovers\n|upkeep\n|turn|26\n|inactive|DanWatcher has 90 seconds left.\n|\n|t:|1697829809\n|move|p2a: Drifblim|Clear Smog|p1a: Clefable\n|-supereffective|p1a: Clefable\n|-damage|p1a: Clefable|73\/100\n|-clearboost|p1a: Clefable\n|move|p1a: Clefable|Moonblast|p2a: Drifblim\n|-end|p2a: Drifblim|Substitute\n|\n|-heal|p2a: Drifblim|94\/100|[from] item: Leftovers\n|upkeep\n|turn|27\n|inactive|DanWatcher has 90 seconds left.\n|\n|t:|1697829819\n|move|p2a: Drifblim|Substitute|p2a: Drifblim\n|-start|p2a: Drifblim|Substitute\n|-damage|p2a: Drifblim|69\/100\n|move|p1a: Clefable|Moonblast|p2a: Drifblim\n|-end|p2a: Drifblim|Substitute\n|\n|-heal|p2a: Drifblim|75\/100|[from] item: Leftovers\n|upkeep\n|turn|28\n|inactive|DanWatcher has 90 seconds left.\n|\n|t:|1697829832\n|move|p2a: Drifblim|Minimize|p2a: Drifblim\n|-boost|p2a: Drifblim|evasion|2\n|move|p1a: Clefable|Moonblast|p2a: Drifblim\n|-damage|p2a: Drifblim|41\/100\n|\n|-heal|p2a: Drifblim|47\/100|[from] item: Leftovers\n|upkeep\n|turn|29\n|\n|t:|1697829840\n|move|p2a: Drifblim|Minimize|p2a: Drifblim\n|-boost|p2a: Drifblim|evasion|2\n|move|p1a: Clefable|Moonblast|p2a: Drifblim\n|-damage|p2a: Drifblim|15\/100\n|\n|-heal|p2a: Drifblim|21\/100|[from] item: Leftovers\n|upkeep\n|turn|30\n|\n|t:|1697829848\n|move|p2a: Drifblim|Minimize|p2a: Drifblim\n|-boost|p2a: Drifblim|evasion|2\n|move|p1a: Clefable|Moonblast|p2a: Drifblim\n|-damage|p2a: Drifblim|0 fnt\n|faint|p2a: Drifblim\n|\n|upkeep\n|inactive|DanWatcher has 90 seconds left.\n|\n|t:|1697829867\n|switch|p2a: Shaymin|Shaymin-Sky|32\/100\n|turn|31\n|\n|t:|1697829873\n|move|p2a: Shaymin|Leech Seed|p1a: Clefable\n|-start|p1a: Clefable|move: Leech Seed\n|move|p1a: Clefable|Moonblast|p2a: Shaymin\n|-damage|p2a: Shaymin|0 fnt\n|faint|p2a: Shaymin\n|\n|upkeep\n|inactive|DanWatcher has 90 seconds left.\n|c|\u2606DanWatcher|All right, gg\n|\n|t:|1697829895\n|switch|p2a: Ribombee|Ribombee, F, shiny|80\/100\n|turn|32\n|\n|t:|1697829903\n|switch|p1a: Corviknight|Corviknight, F, shiny|100\/100\n|move|p2a: Ribombee|Moonblast|p1a: Corviknight\n|-resisted|p1a: Corviknight\n|-damage|p1a: Corviknight|86\/100\n|-ability|p1a: Corviknight|Mirror Armor\n|-unboost|p2a: Ribombee|spa|1\n|\n|-heal|p2a: Ribombee|86\/100|[from] item: Leftovers\n|upkeep\n|turn|33\n|\n|t:|1697829915\n|switch|p1a: Palafin|Palafin-Hero, F, shiny, tera:Normal|100\/100\n|move|p2a: Ribombee|Moonblast|p1a: Palafin\n|-damage|p1a: Palafin|70\/100\n|\n|-heal|p2a: Ribombee|92\/100|[from] item: Leftovers\n|upkeep\n|turn|34\n|\n|t:|1697829926\n|move|p2a: Ribombee|Moonblast|p1a: Palafin\n|-damage|p1a: Palafin|38\/100\n|move|p1a: Palafin|Boomburst|p2a: Ribombee\n|-damage|p2a: Ribombee|0 fnt\n|faint|p2a: Ribombee\n|\n|upkeep\n|\n|t:|1697829932\n|switch|p2a: Toxapex|Toxapex, F|65\/100\n|turn|35\n|\n|t:|1697829938\n|move|p2a: Toxapex|Baneful Bunker|p2a: Toxapex\n|-singleturn|p2a: Toxapex|move: Protect\n|move|p1a: Palafin|Boomburst|p2a: Toxapex\n|-activate|p2a: Toxapex|move: Protect\n|\n|-heal|p2a: Toxapex|71\/100|[from] item: Leftovers\n|upkeep\n|turn|36\n|\n|t:|1697829946\n|move|p1a: Palafin|Boomburst|p2a: Toxapex\n|-damage|p2a: Toxapex|0 fnt\n|faint|p2a: Toxapex\n|\n|win|Chris Hansen101\n|raw|Chris Hansen101's rating: 1401 &rarr; <strong>1420<\/strong><br \/>(+19 for winning)\n|raw|DanWatcher's rating: 1378 &rarr; <strong>1359<\/strong><br \/>(-19 for losing)\n|l|\u2606DanWatcher\n","uploadtime":1697829959,"views":13,"p1id":"chrishansen101","p2id":"danwatcher","formatid":"gen9anythinggoes","rating":1359,"private":0,"password":""}