{"id":"gen9anythinggoes-1978520184","p1":"Terra_Spectrum8293","p2":"BugCatcherIshi","format":"[Gen 9] Anything Goes","log":"|j|\u2606Terra_Spectrum8293\n|j|\u2606BugCatcherIshi\n|t:|1698549835\n|gametype|singles\n|player|p1|Terra_Spectrum8293|nessa|1148\n|player|p2|BugCatcherIshi|preschooler|1000\n|teamsize|p1|6\n|teamsize|p2|6\n|gen|9\n|tier|[Gen 9] Anything Goes\n|rated|\n|rule|HP Percentage Mod: HP is shown in percentages\n|rule|Endless Battle Clause: Forcing endless battles is banned\n|clearpoke\n|poke|p1|Dragapult, M|\n|poke|p1|Salamence, M|\n|poke|p1|Azumarill, F|\n|poke|p1|Dudunsparce-*, M|\n|poke|p1|Lucario, M|\n|poke|p1|Zoroark-Hisui, F|\n|poke|p2|Spinarak, M|\n|poke|p2|Ribombee, M|\n|poke|p2|Volcarona, M|\n|poke|p2|Forretress, F|\n|poke|p2|Vivillon-Fancy, M|\n|poke|p2|Scizor, M|\n|teampreview\n|inactive|Battle timer is ON: inactive players will automatically lose when time's up. (requested by Terra_Spectrum8293)\n|c|\u2606BugCatcherIshi|uhhh\n|\n|t:|1698549862\n|start\n|switch|p1a: Dragapult|Dragapult, M, shiny|100\/100\n|switch|p2a: Volcarona|Volcarona, M|100\/100\n|turn|1\n|c|\u2606Terra_Spectrum8293|Scared?\n|\n|t:|1698549876\n|move|p1a: Dragapult|Taunt|p2a: Volcarona\n|-start|p2a: Volcarona|move: Taunt\n|cant|p2a: Volcarona|move: Taunt|Quiver Dance\n|\n|upkeep\n|turn|2\n|\n|t:|1698549880\n|move|p1a: Dragapult|Agility|p1a: Dragapult\n|-boost|p1a: Dragapult|spe|2\n|move|p2a: Volcarona|Flamethrower|p1a: Dragapult\n|-damage|p1a: Dragapult|0 fnt\n|replace|p1a: Zoroark|Zoroark-Hisui, F\n|-end|p1a: Zoroark|Illusion\n|faint|p1a: Zoroark\n|\n|upkeep\n|c|\u2606BugCatcherIshi|y-yeah\n|\n|t:|1698549889\n|switch|p1a: Salamence|Salamence, M, shiny|100\/100\n|turn|3\n|\n|t:|1698549894\n|move|p2a: Volcarona|Flamethrower|p1a: Salamence\n|-resisted|p1a: Salamence\n|-damage|p1a: Salamence|68\/100\n|-status|p1a: Salamence|brn\n|-enditem|p1a: Salamence|Lum Berry|[eat]\n|-curestatus|p1a: Salamence|brn|[msg]\n|move|p1a: Salamence|Dragon Dance|p1a: Salamence\n|-boost|p1a: Salamence|atk|1\n|-boost|p1a: Salamence|spe|1\n|\n|-end|p2a: Volcarona|move: Taunt\n|upkeep\n|turn|4\n|\n|t:|1698549905\n|move|p1a: Salamence|Dragon Dance|p1a: Salamence\n|-boost|p1a: Salamence|atk|1\n|-boost|p1a: Salamence|spe|1\n|move|p2a: Volcarona|Flamethrower|p1a: Salamence\n|-resisted|p1a: Salamence\n|-damage|p1a: Salamence|38\/100\n|\n|upkeep\n|turn|5\n|\n|t:|1698549916\n|move|p1a: Salamence|Earthquake|p2a: Volcarona\n|-enditem|p2a: Volcarona|Focus Sash\n|-damage|p2a: Volcarona|1\/100\n|move|p2a: Volcarona|Flamethrower|p1a: Salamence\n|-resisted|p1a: Salamence\n|-damage|p1a: Salamence|5\/100\n|-status|p1a: Salamence|brn\n|\n|-damage|p1a: Salamence|0 fnt|[from] brn\n|faint|p1a: Salamence\n|upkeep\n|\n|t:|1698549926\n|switch|p1a: Azumarill|Azumarill, F, shiny|100\/100\n|turn|6\n|c|\u2606Terra_Spectrum8293|-_-\n|\n|t:|1698549934\n|move|p1a: Azumarill|Aqua Jet|p2a: Volcarona\n|-supereffective|p2a: Volcarona\n|-damage|p2a: Volcarona|0 fnt\n|faint|p2a: Volcarona\n|\n|upkeep\n|c|\u2606Terra_Spectrum8293|Got 'em!\n|\n|t:|1698549945\n|switch|p2a: Vivillon|Vivillon-Fancy, M|100\/100\n|turn|7\n|\n|t:|1698549951\n|move|p2a: Vivillon|Sleep Powder|p1a: Azumarill\n|-status|p1a: Azumarill|slp|[from] move: Sleep Powder\n|cant|p1a: Azumarill|slp\n|\n|upkeep\n|turn|8\n|\n|t:|1698549956\n|move|p2a: Vivillon|Quiver Dance|p2a: Vivillon\n|-boost|p2a: Vivillon|spa|1\n|-boost|p2a: Vivillon|spd|1\n|-boost|p2a: Vivillon|spe|1\n|-curestatus|p1a: Azumarill|slp|[msg]\n|move|p1a: Azumarill|Ice Spinner|p2a: Vivillon\n|-supereffective|p2a: Vivillon\n|-enditem|p2a: Vivillon|Focus Sash\n|-damage|p2a: Vivillon|1\/100\n|\n|upkeep\n|turn|9\n|\n|t:|1698549973\n|move|p1a: Azumarill|Aqua Jet|p2a: Vivillon\n|-damage|p2a: Vivillon|0 fnt\n|faint|p2a: Vivillon\n|\n|upkeep\n|\n|t:|1698549981\n|switch|p2a: Forretress|Forretress, F|100\/100\n|turn|10\n|c|\u2606BugCatcherIshi|now i\u2019m mad\n|c|\u2606BugCatcherIshi|>:(\n|\n|t:|1698549993\n|move|p1a: Azumarill|Belly Drum|p1a: Azumarill\n|-damage|p1a: Azumarill|50\/100\n|-setboost|p1a: Azumarill|atk|6|[from] move: Belly Drum\n|move|p2a: Forretress|Counter||[still]\n|-fail|p2a: Forretress\n|\n|upkeep\n|turn|11\n|\n|t:|1698550003\n|move|p1a: Azumarill|Aqua Jet|p2a: Forretress\n|-damage|p2a: Forretress|47\/100\n|move|p2a: Forretress|Counter|p1a: Azumarill\n|-damage|p1a: Azumarill|0 fnt\n|faint|p1a: Azumarill\n|\n|upkeep\n|\n|t:|1698550010\n|switch|p1a: Dudunsparce|Dudunsparce-Three-Segment, M, shiny|100\/100\n|turn|12\n|c|\u2606Terra_Spectrum8293|-_-\n|inactive|BugCatcherIshi has 120 seconds left.\n|c|\u2606BugCatcherIshi|back\n|c|\u2606BugCatcherIshi|i opened the door\n|inactive|BugCatcherIshi has 90 seconds left.\n|\n|t:|1698550072\n|move|p1a: Dudunsparce|Coil|p1a: Dudunsparce\n|-boost|p1a: Dudunsparce|atk|1\n|-boost|p1a: Dudunsparce|def|1\n|-boost|p1a: Dudunsparce|accuracy|1\n|move|p2a: Forretress|Stealth Rock|p1a: Dudunsparce\n|-sidestart|p1: Terra_Spectrum8293|move: Stealth Rock\n|\n|upkeep\n|turn|13\n|c|\u2606Terra_Spectrum8293|This is why you specialize in lots of types other than bug\n|\n|t:|1698550080\n|move|p1a: Dudunsparce|Coil|p1a: Dudunsparce\n|-boost|p1a: Dudunsparce|atk|1\n|-boost|p1a: Dudunsparce|def|1\n|-boost|p1a: Dudunsparce|accuracy|1\n|move|p2a: Forretress|Spikes|p1a: Dudunsparce\n|-sidestart|p1: Terra_Spectrum8293|Spikes\n|\n|upkeep\n|turn|14\n|\n|t:|1698550088\n|move|p1a: Dudunsparce|Earthquake|p2a: Forretress\n|-damage|p2a: Forretress|12\/100\n|-enditem|p2a: Forretress|Aguav Berry|[eat]\n|-heal|p2a: Forretress|45\/100|[from] item: Aguav Berry\n|move|p2a: Forretress|Spikes|p1a: Dudunsparce\n|-sidestart|p1: Terra_Spectrum8293|Spikes\n|\n|upkeep\n|turn|15\n|\n|t:|1698550095\n|move|p1a: Dudunsparce|Coil|p1a: Dudunsparce\n|-boost|p1a: Dudunsparce|atk|1\n|-boost|p1a: Dudunsparce|def|1\n|-boost|p1a: Dudunsparce|accuracy|1\n|move|p2a: Forretress|Counter||[still]\n|-fail|p2a: Forretress\n|\n|upkeep\n|turn|16\n|\n|t:|1698550114\n|-terastallize|p2a: Forretress|Bug\n|move|p1a: Dudunsparce|Coil|p1a: Dudunsparce\n|-boost|p1a: Dudunsparce|atk|1\n|-boost|p1a: Dudunsparce|def|1\n|-boost|p1a: Dudunsparce|accuracy|1\n|move|p2a: Forretress|Counter||[still]\n|-fail|p2a: Forretress\n|\n|upkeep\n|turn|17\n|\n|t:|1698550122\n|move|p1a: Dudunsparce|Headbutt|p2a: Forretress\n|-damage|p2a: Forretress|0 fnt\n|faint|p2a: Forretress\n|\n|upkeep\n|\n|t:|1698550131\n|switch|p2a: Scizor|Scizor, M|100\/100\n|turn|18\n|\n|t:|1698550134\n|move|p1a: Dudunsparce|Earthquake|p2a: Scizor\n|-enditem|p2a: Scizor|Focus Sash\n|-damage|p2a: Scizor|1\/100\n|move|p2a: Scizor|Counter|p1a: Dudunsparce\n|-damage|p1a: Dudunsparce|0 fnt\n|faint|p1a: Dudunsparce\n|\n|upkeep\n|c|\u2606BugCatcherIshi|i have counter\n|\n|t:|1698550143\n|switch|p1a: Dragapult|Dragapult, M, shiny|100\/100\n|-damage|p1a: Dragapult|88\/100|[from] Stealth Rock\n|-damage|p1a: Dragapult|72\/100|[from] Spikes\n|turn|19\n|c|\u2606BugCatcherIshi|on every pokemon\n|\n|t:|1698550151\n|move|p2a: Scizor|Bullet Punch|p1a: Dragapult\n|-damage|p1a: Dragapult|28\/100\n|move|p1a: Dragapult|Dragon Dance|p1a: Dragapult\n|-boost|p1a: Dragapult|atk|1\n|-boost|p1a: Dragapult|spe|1\n|\n|upkeep\n|turn|20\n|\n|t:|1698550159\n|move|p2a: Scizor|Bullet Punch|p1a: Dragapult\n|-damage|p1a: Dragapult|0 fnt\n|faint|p1a: Dragapult\n|\n|upkeep\n|\n|t:|1698550163\n|switch|p1a: Lucario|Lucario, M, shiny|100\/100\n|-damage|p1a: Lucario|98\/100|[from] Stealth Rock\n|-damage|p1a: Lucario|81\/100|[from] Spikes\n|turn|21\n|\n|t:|1698550173\n|move|p1a: Lucario|Detect|p1a: Lucario\n|-singleturn|p1a: Lucario|Protect\n|move|p2a: Scizor|Bullet Punch|p1a: Lucario\n|-activate|p1a: Lucario|move: Protect\n|\n|upkeep\n|turn|22\n|\n|t:|1698550178\n|move|p2a: Scizor|Bullet Punch|p1a: Lucario\n|-resisted|p1a: Lucario\n|-damage|p1a: Lucario|48\/100\n|move|p1a: Lucario|Calm Mind|p1a: Lucario\n|-boost|p1a: Lucario|spa|1\n|-boost|p1a: Lucario|spd|1\n|\n|upkeep\n|turn|23\n|c|\u2606Terra_Spectrum8293|Yeah, you win actually\n|c|\u2606BugCatcherIshi|n-no?\n|c|\u2606Terra_Spectrum8293|I'm actually being impressed!!!\n|inactive|Terra_Spectrum8293 has 120 seconds left.\n|\n|t:|1698550209\n|move|p2a: Scizor|Bullet Punch|p1a: Lucario\n|-resisted|p1a: Lucario\n|-damage|p1a: Lucario|17\/100\n|move|p1a: Lucario|Aura Sphere|p2a: Scizor\n|-crit|p2a: Scizor\n|-damage|p2a: Scizor|0 fnt\n|faint|p2a: Scizor\n|\n|upkeep\n|c|\u2606BugCatcherIshi|s-spinark go!\n|\n|t:|1698550223\n|switch|p2a: Spinarak|Spinarak, M|100\/100\n|turn|24\n|\n|t:|1698550228\n|move|p2a: Spinarak|Shadow Sneak|p1a: Lucario\n|-damage|p1a: Lucario|5\/100\n|move|p1a: Lucario|Flash Cannon|p2a: Spinarak\n|-enditem|p2a: Spinarak|Focus Sash\n|-damage|p2a: Spinarak|1\/100\n|\n|upkeep\n|turn|25\n|c|\u2606BugCatcherIshi|SPIRANKKK\n|\n|t:|1698550237\n|move|p2a: Spinarak|Shadow Sneak|p1a: Lucario\n|-damage|p1a: Lucario|0 fnt\n|faint|p1a: Lucario\n|\n|win|BugCatcherIshi\n|raw|Terra_Spectrum8293's rating: 1148 &rarr; <strong>1113<\/strong><br \/>(-35 for losing)\n|raw|BugCatcherIshi's rating: 1000 &rarr; <strong>1056<\/strong><br \/>(+56 for winning)\n|c|\u2606Terra_Spectrum8293|Good one...\n|c|\u2606BugCatcherIshi|YEAHHH\n|c|\u2606BugCatcherIshi|good game!\n","uploadtime":1698550245,"views":8,"p1id":"terraspectrum8293","p2id":"bugcatcherishi","formatid":"gen9anythinggoes","rating":1056,"private":0,"password":""}