{"id":"gen9anythinggoes-1992674916","p1":"nnoubuvuitci","p2":"Josephiroth4","format":"[Gen 9] Anything Goes","log":"|j|\u2606nnoubuvuitci\n|j|\u2606Josephiroth4\n|t:|1700223765\n|gametype|singles\n|player|p1|nnoubuvuitci|266|1040\n|player|p2|Josephiroth4|benga|1053\n|teamsize|p1|6\n|teamsize|p2|6\n|gen|9\n|tier|[Gen 9] Anything Goes\n|rated|\n|rule|HP Percentage Mod: HP is shown in percentages\n|rule|Endless Battle Clause: Forcing endless battles is banned\n|clearpoke\n|poke|p1|Ceruledge, F|\n|poke|p1|Annihilape, M|\n|poke|p1|Iron Valiant|\n|poke|p1|Koraidon|\n|poke|p1|Quaquaval, M|\n|poke|p1|Giratina-Origin|\n|poke|p2|Gardevoir, F|\n|poke|p2|Gholdengo|\n|poke|p2|Dewott, M|\n|poke|p2|Farigiraf, M|\n|poke|p2|Noivern, M|\n|poke|p2|Ursaluna, M|\n|teampreview\n|\n|t:|1700223783\n|start\n|switch|p1a: Iron Valiant|Iron Valiant, shiny|100\/100\n|switch|p2a: Farigiraf|Farigiraf, M|100\/100\n|turn|1\n|\n|t:|1700223793\n|move|p1a: Iron Valiant|Aura Sphere|p2a: Farigiraf\n|-damage|p2a: Farigiraf|66\/100\n|move|p2a: Farigiraf|Trick Room|p2a: Farigiraf\n|-fieldstart|move: Trick Room|[of] p2a: Farigiraf\n|\n|upkeep\n|turn|2\n|\n|t:|1700223799\n|move|p2a: Farigiraf|Light Screen|p2a: Farigiraf\n|-sidestart|p2: Josephiroth4|move: Light Screen\n|move|p1a: Iron Valiant|Focus Blast|p2a: Farigiraf\n|-damage|p2a: Farigiraf|42\/100\n|\n|upkeep\n|turn|3\n|\n|t:|1700223804\n|move|p2a: Farigiraf|Psychic|p1a: Iron Valiant\n|-supereffective|p1a: Iron Valiant\n|-damage|p1a: Iron Valiant|0 fnt\n|faint|p1a: Iron Valiant\n|-end|p1a: Iron Valiant|Quark Drive|[silent]\n|\n|upkeep\n|\n|t:|1700223810\n|switch|p1a: Annihilape|Annihilape, M|100\/100\n|turn|4\n|\n|t:|1700223817\n|move|p2a: Farigiraf|Thunder Wave|p1a: Annihilape\n|-status|p1a: Annihilape|par\n|move|p1a: Annihilape|Cross Chop|p2a: Farigiraf|[miss]\n|-miss|p1a: Annihilape|p2a: Farigiraf\n|\n|upkeep\n|turn|5\n|\n|t:|1700223825\n|switch|p2a: Gholdengo|Gholdengo|100\/100\n|move|p1a: Annihilape|Earthquake|p2a: Gholdengo\n|-supereffective|p2a: Gholdengo\n|-damage|p2a: Gholdengo|38\/100\n|-enditem|p2a: Gholdengo|Weakness Policy\n|-boost|p2a: Gholdengo|atk|2|[from] item: Weakness Policy\n|-boost|p2a: Gholdengo|spa|2|[from] item: Weakness Policy\n|\n|-fieldend|move: Trick Room\n|upkeep\n|turn|6\n|\n|t:|1700223836\n|move|p2a: Gholdengo|Hex|p1a: Annihilape\n|-supereffective|p1a: Annihilape\n|-damage|p1a: Annihilape|0 fnt\n|faint|p1a: Annihilape\n|\n|upkeep\n|\n|t:|1700223841\n|switch|p1a: Ceruledge|Ceruledge, F|100\/100\n|turn|7\n|\n|t:|1700223847\n|move|p1a: Ceruledge|Fire Blast|p2a: Gholdengo|[miss]\n|-miss|p1a: Ceruledge|p2a: Gholdengo\n|move|p2a: Gholdengo|Hex|p1a: Ceruledge\n|-supereffective|p1a: Ceruledge\n|-damage|p1a: Ceruledge|0 fnt\n|faint|p1a: Ceruledge\n|\n|upkeep\n|\n|t:|1700223854\n|switch|p1a: Koraidon|Koraidon|100\/100\n|-weather|SunnyDay|[from] ability: Orichalcum Pulse|[of] p1a: Koraidon\n|-activate|p1a: Koraidon|Orichalcum Pulse|[source]\n|turn|8\n|\n|t:|1700223864\n|switch|p2a: Gardevoir|Gardevoir, F|100\/100\n|-activate|p2a: Gardevoir|ability: Orichalcum Pulse\n|-ability|p2a: Gardevoir|Orichalcum Pulse|[from] ability: Trace|[of] p1a: Koraidon\n|move|p1a: Koraidon|Draco Meteor|p2a: Gardevoir\n|-immune|p2a: Gardevoir\n|\n|-weather|SunnyDay|[upkeep]\n|upkeep\n|turn|9\n|\n|t:|1700223874\n|move|p1a: Koraidon|Zen Headbutt|p2a: Gardevoir\n|-resisted|p2a: Gardevoir\n|-damage|p2a: Gardevoir|75\/100\n|move|p2a: Gardevoir|Moonblast|p1a: Koraidon\n|-supereffective|p1a: Koraidon\n|-damage|p1a: Koraidon|0 fnt\n|faint|p1a: Koraidon\n|\n|-weather|SunnyDay|[upkeep]\n|-sideend|p2: Josephiroth4|move: Light Screen\n|upkeep\n|-message|nnoubuvuitci forfeited.\n|\n|win|Josephiroth4\n|raw|nnoubuvuitci's rating: 1040 &rarr; <strong>1025<\/strong><br \/>(-15 for losing)\n|raw|Josephiroth4's rating: 1053 &rarr; <strong>1084<\/strong><br \/>(+31 for winning)\n|l|\u2606nnoubuvuitci\n","uploadtime":1700223922,"views":6,"p1id":"nnoubuvuitci","p2id":"josephiroth4","formatid":"gen9anythinggoes","rating":1025,"private":0,"password":""}