{"id":"gen9anythinggoes-1992568542","p1":"Sargenbob","p2":"123abc678","format":"[Gen 9] Anything Goes","log":"|j|\u2606Sargenbob\n|j|\u2606123abc678\n|t:|1700207368\n|gametype|singles\n|player|p1|Sargenbob|red|1049\n|player|p2|123abc678|266|1153\n|teamsize|p1|6\n|teamsize|p2|6\n|gen|9\n|tier|[Gen 9] Anything Goes\n|rated|\n|rule|HP Percentage Mod: HP is shown in percentages\n|rule|Endless Battle Clause: Forcing endless battles is banned\n|clearpoke\n|poke|p1|Maushold-Four|\n|poke|p1|Annihilape, M|\n|poke|p1|Dragapult, M|\n|poke|p1|Electrode-Hisui|\n|poke|p1|Basculegion-F, F|\n|poke|p1|Garganacl, M|\n|poke|p2|Jirachi|\n|poke|p2|Dondozo, F|\n|poke|p2|Amoonguss, M|\n|poke|p2|Drifblim, M|\n|poke|p2|Arceus-Fire|\n|poke|p2|Gengar, M|\n|teampreview\n|inactive|Battle timer is ON: inactive players will automatically lose when time's up. (requested by Sargenbob)\n|\n|t:|1700207373\n|start\n|switch|p1a: Ken|Electrode-Hisui, shiny|100\/100\n|switch|p2a: Drifblim|Drifblim, M|100\/100\n|turn|1\n|\n|t:|1700207380\n|move|p1a: Ken|Leech Seed|p2a: Drifblim\n|-start|p2a: Drifblim|move: Leech Seed\n|move|p2a: Drifblim|Minimize|p2a: Drifblim\n|-boost|p2a: Drifblim|evasion|2\n|\n|-damage|p2a: Drifblim|88\/100|[from] Leech Seed|[of] p1a: Ken\n|upkeep\n|turn|2\n|\n|t:|1700207389\n|move|p1a: Ken|Giga Drain|p2a: Drifblim|[miss]\n|-miss|p1a: Ken|p2a: Drifblim\n|move|p2a: Drifblim|Minimize|p2a: Drifblim\n|-boost|p2a: Drifblim|evasion|2\n|\n|-damage|p2a: Drifblim|76\/100|[from] Leech Seed|[of] p1a: Ken\n|upkeep\n|turn|3\n|\n|t:|1700207397\n|move|p1a: Ken|Substitute|p1a: Ken\n|-start|p1a: Ken|Substitute\n|-damage|p1a: Ken|76\/100\n|move|p2a: Drifblim|Minimize|p2a: Drifblim\n|-boost|p2a: Drifblim|evasion|2\n|\n|-heal|p1a: Ken|82\/100|[from] item: Leftovers\n|-damage|p2a: Drifblim|63\/100|[from] Leech Seed|[of] p1a: Ken\n|-heal|p1a: Ken|100\/100|[silent]\n|upkeep\n|turn|4\n|\n|t:|1700207407\n|move|p1a: Ken|Giga Drain|p2a: Drifblim\n|-resisted|p2a: Drifblim\n|-damage|p2a: Drifblim|52\/100\n|move|p2a: Drifblim|Baton Pass|p2a: Drifblim\n|\n|t:|1700207413\n|switch|p2a: Jirachi|Jirachi|100\/100|[from] Baton Pass\n|\n|-damage|p2a: Jirachi|88\/100|[from] Leech Seed|[of] p1a: Ken\n|upkeep\n|turn|5\n|\n|t:|1700207423\n|-terastallize|p2a: Jirachi|Steel\n|move|p1a: Ken|Giga Drain|p2a: Jirachi\n|-resisted|p2a: Jirachi\n|-damage|p2a: Jirachi|78\/100\n|move|p2a: Jirachi|Iron Head|p1a: Ken\n|-resisted|p1a: Ken\n|-end|p1a: Ken|Substitute\n|\n|-damage|p2a: Jirachi|65\/100|[from] Leech Seed|[of] p1a: Ken\n|upkeep\n|turn|6\n|\n|t:|1700207434\n|move|p1a: Ken|Substitute|p1a: Ken\n|-start|p1a: Ken|Substitute\n|-damage|p1a: Ken|76\/100\n|move|p2a: Jirachi|Iron Head|p1a: Ken\n|-resisted|p1a: Ken\n|-end|p1a: Ken|Substitute\n|\n|-heal|p1a: Ken|82\/100|[from] item: Leftovers\n|-damage|p2a: Jirachi|53\/100|[from] Leech Seed|[of] p1a: Ken\n|-heal|p1a: Ken|98\/100|[silent]\n|upkeep\n|turn|7\n|\n|t:|1700207445\n|move|p1a: Ken|Substitute|p1a: Ken\n|-start|p1a: Ken|Substitute\n|-damage|p1a: Ken|73\/100\n|move|p2a: Jirachi|Iron Head|p1a: Ken\n|-resisted|p1a: Ken\n|-end|p1a: Ken|Substitute\n|\n|-heal|p1a: Ken|79\/100|[from] item: Leftovers\n|-damage|p2a: Jirachi|40\/100|[from] Leech Seed|[of] p1a: Ken\n|-heal|p1a: Ken|95\/100|[silent]\n|upkeep\n|turn|8\n|\n|t:|1700207456\n|move|p1a: Ken|Protect|p1a: Ken\n|-singleturn|p1a: Ken|Protect\n|move|p2a: Jirachi|Iron Head|p1a: Ken\n|-activate|p1a: Ken|move: Protect\n|\n|-heal|p1a: Ken|100\/100|[from] item: Leftovers\n|-damage|p2a: Jirachi|28\/100|[from] Leech Seed|[of] p1a: Ken\n|upkeep\n|turn|9\n|\n|t:|1700207466\n|move|p1a: Ken|Substitute|p1a: Ken\n|-start|p1a: Ken|Substitute\n|-damage|p1a: Ken|76\/100\n|move|p2a: Jirachi|Iron Head|p1a: Ken\n|-resisted|p1a: Ken\n|-end|p1a: Ken|Substitute\n|\n|-heal|p1a: Ken|82\/100|[from] item: Leftovers\n|-damage|p2a: Jirachi|15\/100|[from] Leech Seed|[of] p1a: Ken\n|-heal|p1a: Ken|98\/100|[silent]\n|upkeep\n|turn|10\n|\n|t:|1700207475\n|move|p1a: Ken|Substitute|p1a: Ken\n|-start|p1a: Ken|Substitute\n|-damage|p1a: Ken|73\/100\n|move|p2a: Jirachi|Iron Head|p1a: Ken\n|-resisted|p1a: Ken\n|-end|p1a: Ken|Substitute\n|\n|-heal|p1a: Ken|79\/100|[from] item: Leftovers\n|-damage|p2a: Jirachi|3\/100|[from] Leech Seed|[of] p1a: Ken\n|-heal|p1a: Ken|95\/100|[silent]\n|upkeep\n|turn|11\n|\n|t:|1700207486\n|move|p1a: Ken|Protect|p1a: Ken\n|-singleturn|p1a: Ken|Protect\n|move|p2a: Jirachi|Encore|p1a: Ken\n|-activate|p1a: Ken|move: Protect\n|\n|-heal|p1a: Ken|100\/100|[from] item: Leftovers\n|-damage|p2a: Jirachi|0 fnt|[from] Leech Seed|[of] p1a: Ken\n|faint|p2a: Jirachi\n|upkeep\n|\n|t:|1700207495\n|switch|p2a: Gengar|Gengar, M|100\/100\n|turn|12\n|\n|t:|1700207501\n|move|p1a: Ken|Substitute|p1a: Ken\n|-start|p1a: Ken|Substitute\n|-damage|p1a: Ken|76\/100\n|move|p2a: Gengar|Encore|p1a: Ken\n|-start|p1a: Ken|Encore\n|\n|-heal|p1a: Ken|82\/100|[from] item: Leftovers\n|upkeep\n|turn|13\n|\n|t:|1700207509\n|switch|p1a: Jon|Annihilape, M|100\/100\n|move|p2a: Gengar|Mean Look||[still]\n|-fail|p2a: Gengar\n|\n|upkeep\n|turn|14\n|\n|t:|1700207517\n|move|p2a: Gengar|Protect|p2a: Gengar\n|-singleturn|p2a: Gengar|Protect\n|move|p1a: Jon|Rage Fist|p2a: Gengar\n|-activate|p2a: Gengar|move: Protect\n|\n|upkeep\n|turn|15\n|\n|t:|1700207535\n|-terastallize|p1a: Jon|Water\n|move|p2a: Gengar|Encore|p1a: Jon\n|-start|p1a: Jon|Encore\n|move|p1a: Jon|Rage Fist|p2a: Gengar\n|-supereffective|p2a: Gengar\n|-damage|p2a: Gengar|25\/100\n|\n|-heal|p2a: Gengar|31\/100|[from] item: Leftovers\n|upkeep\n|turn|16\n|\n|t:|1700207552\n|switch|p2a: Amoonguss|Amoonguss, M|100\/100\n|move|p1a: Jon|Rage Fist|p2a: Amoonguss\n|-damage|p2a: Amoonguss|81\/100\n|-status|p1a: Jon|slp|[from] ability: Effect Spore|[of] p2a: Amoonguss\n|-enditem|p1a: Jon|Chesto Berry|[eat]\n|-curestatus|p1a: Jon|slp|[msg]\n|\n|-heal|p2a: Amoonguss|87\/100|[from] item: Leftovers\n|upkeep\n|turn|17\n|\n|t:|1700207564\n|switch|p1a: Garganacl|Garganacl, M, shiny|100\/100\n|move|p2a: Amoonguss|Spore|p1a: Garganacl\n|-immune|p1a: Garganacl|[from] ability: Purifying Salt\n|\n|-heal|p2a: Amoonguss|93\/100|[from] item: Leftovers\n|upkeep\n|turn|18\n|\n|t:|1700207576\n|switch|p2a: Dondozo|Dondozo, F|100\/100\n|move|p1a: Garganacl|Salt Cure|p2a: Dondozo\n|-damage|p2a: Dondozo|91\/100\n|-start|p2a: Dondozo|Salt Cure\n|\n|-heal|p2a: Dondozo|98\/100|[from] item: Leftovers\n|-damage|p2a: Dondozo|73\/100|[from] Salt Cure\n|upkeep\n|turn|19\n|\n|t:|1700207587\n|switch|p1a: Ken|Electrode-Hisui, shiny|82\/100\n|move|p2a: Dondozo|Curse|p2a: Dondozo\n|-unboost|p2a: Dondozo|spe|1\n|-boost|p2a: Dondozo|atk|1\n|-boost|p2a: Dondozo|def|1\n|\n|-heal|p1a: Ken|88\/100|[from] item: Leftovers\n|-heal|p2a: Dondozo|79\/100|[from] item: Leftovers\n|-damage|p2a: Dondozo|54\/100|[from] Salt Cure\n|upkeep\n|turn|20\n|\n|t:|1700207600\n|move|p1a: Ken|Substitute|p1a: Ken\n|-start|p1a: Ken|Substitute\n|-damage|p1a: Ken|63\/100\n|move|p2a: Dondozo|Crunch|p1a: Ken\n|-end|p1a: Ken|Substitute\n|\n|-heal|p1a: Ken|69\/100|[from] item: Leftovers\n|-heal|p2a: Dondozo|60\/100|[from] item: Leftovers\n|-damage|p2a: Dondozo|35\/100|[from] Salt Cure\n|upkeep\n|turn|21\n|\n|t:|1700207611\n|move|p1a: Ken|Protect|p1a: Ken\n|-singleturn|p1a: Ken|Protect\n|move|p2a: Dondozo|Rest|p2a: Dondozo\n|-status|p2a: Dondozo|slp|[from] move: Rest\n|-heal|p2a: Dondozo|100\/100 slp|[silent]\n|\n|-heal|p1a: Ken|75\/100|[from] item: Leftovers\n|-damage|p2a: Dondozo|76\/100 slp|[from] Salt Cure\n|upkeep\n|turn|22\n|\n|t:|1700207623\n|move|p1a: Ken|Leech Seed|p2a: Dondozo\n|-start|p2a: Dondozo|move: Leech Seed\n|cant|p2a: Dondozo|slp\n|move|p2a: Dondozo|Sleep Talk|p2a: Dondozo\n|move|p2a: Dondozo|Crunch|p1a: Ken|[from]move: Sleep Talk\n|-damage|p1a: Ken|33\/100\n|\n|-heal|p1a: Ken|39\/100|[from] item: Leftovers\n|-heal|p2a: Dondozo|82\/100 slp|[from] item: Leftovers\n|-damage|p2a: Dondozo|69\/100 slp|[from] Leech Seed|[of] p1a: Ken\n|-heal|p1a: Ken|59\/100|[silent]\n|-damage|p2a: Dondozo|44\/100 slp|[from] Salt Cure\n|upkeep\n|turn|23\n|\n|t:|1700207637\n|move|p1a: Ken|Substitute|p1a: Ken\n|-start|p1a: Ken|Substitute\n|-damage|p1a: Ken|35\/100\n|cant|p2a: Dondozo|slp\n|\n|-heal|p1a: Ken|41\/100|[from] item: Leftovers\n|-heal|p2a: Dondozo|51\/100 slp|[from] item: Leftovers\n|-damage|p2a: Dondozo|38\/100 slp|[from] Leech Seed|[of] p1a: Ken\n|-heal|p1a: Ken|62\/100|[silent]\n|-damage|p2a: Dondozo|13\/100 slp|[from] Salt Cure\n|upkeep\n|turn|24\n|\n|t:|1700207648\n|move|p1a: Ken|Giga Drain|p2a: Dondozo\n|-supereffective|p2a: Dondozo\n|-damage|p2a: Dondozo|0 fnt\n|-heal|p1a: Ken|72\/100|[from] drain|[of] p2a: Dondozo\n|faint|p2a: Dondozo\n|\n|-heal|p1a: Ken|79\/100|[from] item: Leftovers\n|upkeep\n|\n|t:|1700207653\n|switch|p2a: Amoonguss|Amoonguss, M|93\/100\n|turn|25\n|\n|t:|1700207659\n|switch|p1a: Garganacl|Garganacl, M, shiny|100\/100\n|move|p2a: Amoonguss|Spore|p1a: Garganacl\n|-immune|p1a: Garganacl|[from] ability: Purifying Salt\n|\n|-heal|p2a: Amoonguss|99\/100|[from] item: Leftovers\n|upkeep\n|turn|26\n|\n|t:|1700207664\n|switch|p2a: Gengar|Gengar, M|31\/100\n|move|p1a: Garganacl|Salt Cure|p2a: Gengar\n|-damage|p2a: Gengar|6\/100\n|-start|p2a: Gengar|Salt Cure\n|\n|-heal|p2a: Gengar|12\/100|[from] item: Leftovers\n|-damage|p2a: Gengar|0 fnt|[from] Salt Cure\n|faint|p2a: Gengar\n|upkeep\n|\n|t:|1700207666\n|switch|p2a: Drifblim|Drifblim, M|52\/100\n|turn|27\n|\n|t:|1700207673\n|move|p2a: Drifblim|Minimize|p2a: Drifblim\n|-boost|p2a: Drifblim|evasion|2\n|move|p1a: Garganacl|Salt Cure|p2a: Drifblim\n|-supereffective|p2a: Drifblim\n|-damage|p2a: Drifblim|13\/100\n|-start|p2a: Drifblim|Salt Cure\n|\n|-damage|p2a: Drifblim|1\/100|[from] Salt Cure\n|upkeep\n|turn|28\n|\n|t:|1700207684\n|move|p2a: Drifblim|Baton Pass|p2a: Drifblim\n|\n|t:|1700207685\n|switch|p2a: Arceus|Arceus-Fire|100\/100|[from] Baton Pass\n|move|p1a: Garganacl|Iron Defense|p1a: Garganacl\n|-boost|p1a: Garganacl|def|2\n|\n|upkeep\n|turn|29\n|\n|t:|1700207693\n|move|p2a: Arceus|Bulk Up|p2a: Arceus\n|-boost|p2a: Arceus|atk|1\n|-boost|p2a: Arceus|def|1\n|move|p1a: Garganacl|Salt Cure|p2a: Arceus\n|-supereffective|p2a: Arceus\n|-damage|p2a: Arceus|85\/100\n|-start|p2a: Arceus|Salt Cure\n|\n|-damage|p2a: Arceus|73\/100|[from] Salt Cure\n|upkeep\n|turn|30\n|\n|t:|1700207701\n|move|p2a: Arceus|Reflect|p2a: Arceus\n|-sidestart|p2: 123abc678|Reflect\n|move|p1a: Garganacl|Iron Defense|p1a: Garganacl\n|-boost|p1a: Garganacl|def|2\n|\n|-damage|p2a: Arceus|60\/100|[from] Salt Cure\n|upkeep\n|turn|31\n|\n|t:|1700207709\n|move|p2a: Arceus|Bulk Up|p2a: Arceus\n|-boost|p2a: Arceus|atk|1\n|-boost|p2a: Arceus|def|1\n|move|p1a: Garganacl|Iron Defense|p1a: Garganacl\n|-boost|p1a: Garganacl|def|2\n|\n|-damage|p2a: Arceus|48\/100|[from] Salt Cure\n|upkeep\n|turn|32\n|\n|t:|1700207718\n|move|p2a: Arceus|Recover|p2a: Arceus\n|-heal|p2a: Arceus|98\/100\n|move|p1a: Garganacl|Salt Cure|p2a: Arceus\n|-supereffective|p2a: Arceus\n|-crit|p2a: Arceus\n|-damage|p2a: Arceus|66\/100\n|\n|-damage|p2a: Arceus|54\/100|[from] Salt Cure\n|upkeep\n|turn|33\n|\n|t:|1700207723\n|move|p2a: Arceus|Bulk Up|p2a: Arceus\n|-boost|p2a: Arceus|atk|1\n|-boost|p2a: Arceus|def|1\n|move|p1a: Garganacl|Salt Cure|p2a: Arceus\n|-supereffective|p2a: Arceus\n|-damage|p2a: Arceus|49\/100\n|\n|-damage|p2a: Arceus|37\/100|[from] Salt Cure\n|upkeep\n|turn|34\n|\n|t:|1700207733\n|move|p2a: Arceus|Recover|p2a: Arceus\n|-heal|p2a: Arceus|87\/100\n|move|p1a: Garganacl|Salt Cure|p2a: Arceus\n|-supereffective|p2a: Arceus\n|-damage|p2a: Arceus|83\/100\n|\n|-damage|p2a: Arceus|70\/100|[from] Salt Cure\n|-sideend|p2: 123abc678|Reflect\n|upkeep\n|turn|35\n|\n|t:|1700207742\n|move|p2a: Arceus|Reflect|p2a: Arceus\n|-sidestart|p2: 123abc678|Reflect\n|move|p1a: Garganacl|Salt Cure|p2a: Arceus|[miss]\n|-miss|p1a: Garganacl|p2a: Arceus\n|\n|-damage|p2a: Arceus|58\/100|[from] Salt Cure\n|upkeep\n|turn|36\n|\n|t:|1700207749\n|move|p2a: Arceus|Recover|p2a: Arceus\n|-heal|p2a: Arceus|100\/100\n|move|p1a: Garganacl|Salt Cure|p2a: Arceus|[miss]\n|-miss|p1a: Garganacl|p2a: Arceus\n|\n|-damage|p2a: Arceus|88\/100|[from] Salt Cure\n|upkeep\n|turn|37\n|\n|t:|1700207758\n|move|p2a: Arceus|Bulk Up|p2a: Arceus\n|-boost|p2a: Arceus|atk|1\n|-boost|p2a: Arceus|def|1\n|move|p1a: Garganacl|Salt Cure|p2a: Arceus\n|-supereffective|p2a: Arceus\n|-damage|p2a: Arceus|84\/100\n|\n|-damage|p2a: Arceus|72\/100|[from] Salt Cure\n|upkeep\n|turn|38\n|\n|t:|1700207767\n|move|p2a: Arceus|Bulk Up|p2a: Arceus\n|-boost|p2a: Arceus|atk|1\n|-boost|p2a: Arceus|def|1\n|move|p1a: Garganacl|Salt Cure|p2a: Arceus\n|-supereffective|p2a: Arceus\n|-damage|p2a: Arceus|68\/100\n|\n|-damage|p2a: Arceus|56\/100|[from] Salt Cure\n|upkeep\n|turn|39\n|\n|t:|1700207776\n|switch|p1a: Ken|Electrode-Hisui, shiny|79\/100\n|move|p2a: Arceus|Recover|p2a: Arceus\n|-heal|p2a: Arceus|100\/100\n|\n|-heal|p1a: Ken|85\/100|[from] item: Leftovers\n|-damage|p2a: Arceus|88\/100|[from] Salt Cure\n|-sideend|p2: 123abc678|Reflect\n|upkeep\n|turn|40\n|\n|t:|1700207788\n|move|p1a: Ken|Leech Seed|p2a: Arceus|[miss]\n|-miss|p1a: Ken|p2a: Arceus\n|move|p2a: Arceus|Judgment|p1a: Ken\n|-supereffective|p1a: Ken\n|-damage|p1a: Ken|0 fnt\n|faint|p1a: Ken\n|\n|-damage|p2a: Arceus|76\/100|[from] Salt Cure\n|upkeep\n|\n|t:|1700207796\n|switch|p1a: Jon|Annihilape, M, tera:Water|100\/100\n|turn|41\n|\n|t:|1700207801\n|move|p2a: Arceus|Reflect|p2a: Arceus\n|-sidestart|p2: 123abc678|Reflect\n|move|p1a: Jon|Bulk Up|p1a: Jon\n|-boost|p1a: Jon|atk|1\n|-boost|p1a: Jon|def|1\n|\n|-damage|p2a: Arceus|63\/100|[from] Salt Cure\n|upkeep\n|turn|42\n|\n|t:|1700207809\n|move|p2a: Arceus|Recover|p2a: Arceus\n|-heal|p2a: Arceus|100\/100\n|move|p1a: Jon|Bulk Up|p1a: Jon\n|-boost|p1a: Jon|atk|1\n|-boost|p1a: Jon|def|1\n|\n|-damage|p2a: Arceus|88\/100|[from] Salt Cure\n|upkeep\n|turn|43\n|\n|t:|1700207818\n|move|p2a: Arceus|Bulk Up|p2a: Arceus\n|-boost|p2a: Arceus|atk|1\n|-boost|p2a: Arceus|def|1\n|move|p1a: Jon|Rage Fist|p2a: Arceus|[miss]\n|-miss|p1a: Jon|p2a: Arceus\n|\n|-damage|p2a: Arceus|76\/100|[from] Salt Cure\n|upkeep\n|turn|44\n|\n|t:|1700207827\n|move|p2a: Arceus|Judgment|p1a: Jon\n|-resisted|p1a: Jon\n|-damage|p1a: Jon|76\/100\n|move|p1a: Jon|Rage Fist|p2a: Arceus|[miss]\n|-miss|p1a: Jon|p2a: Arceus\n|\n|-damage|p2a: Arceus|63\/100|[from] Salt Cure\n|upkeep\n|turn|45\n|\n|t:|1700207837\n|move|p2a: Arceus|Judgment|p1a: Jon\n|-resisted|p1a: Jon\n|-damage|p1a: Jon|54\/100\n|move|p1a: Jon|Rage Fist|p2a: Arceus|[miss]\n|-miss|p1a: Jon|p2a: Arceus\n|\n|-damage|p2a: Arceus|51\/100|[from] Salt Cure\n|-sideend|p2: 123abc678|Reflect\n|upkeep\n|turn|46\n|c|\u2606Sargenbob|bro\n|\n|t:|1700207847\n|move|p2a: Arceus|Judgment|p1a: Jon\n|-resisted|p1a: Jon\n|-damage|p1a: Jon|29\/100\n|move|p1a: Jon|Rage Fist|p2a: Arceus\n|-damage|p2a: Arceus|23\/100\n|\n|-damage|p2a: Arceus|10\/100|[from] Salt Cure\n|upkeep\n|turn|47\n|\n|t:|1700207856\n|move|p2a: Arceus|Recover|p2a: Arceus\n|-heal|p2a: Arceus|60\/100\n|move|p1a: Jon|Rest|p1a: Jon\n|-status|p1a: Jon|slp|[from] move: Rest\n|-heal|p1a: Jon|100\/100 slp|[silent]\n|\n|-damage|p2a: Arceus|48\/100|[from] Salt Cure\n|upkeep\n|turn|48\n|\n|t:|1700207865\n|switch|p1a: Mickey|Maushold-Four|100\/100\n|move|p2a: Arceus|Recover|p2a: Arceus\n|-heal|p2a: Arceus|98\/100\n|\n|-damage|p2a: Arceus|85\/100|[from] Salt Cure\n|upkeep\n|turn|49\n|\n|t:|1700207873\n|move|p2a: Arceus|Reflect|p2a: Arceus\n|-sidestart|p2: 123abc678|Reflect\n|move|p1a: Mickey|Population Bomb|p2a: Arceus\n|-damage|p2a: Arceus|84\/100\n|-damage|p2a: Arceus|84\/100\n|-hitcount|p2a: Arceus|2\n|\n|-damage|p2a: Arceus|71\/100|[from] Salt Cure\n|upkeep\n|turn|50\n|\n|t:|1700207884\n|move|p2a: Arceus|Judgment|p1a: Mickey\n|-damage|p1a: Mickey|41\/100\n|move|p1a: Mickey|Population Bomb|p2a: Arceus\n|-damage|p2a: Arceus|70\/100\n|-hitcount|p2a: Arceus|1\n|\n|-damage|p2a: Arceus|58\/100|[from] Salt Cure\n|upkeep\n|turn|51\n|\n|t:|1700207895\n|move|p2a: Arceus|Judgment|p1a: Mickey\n|-damage|p1a: Mickey|0 fnt\n|faint|p1a: Mickey\n|\n|-damage|p2a: Arceus|45\/100|[from] Salt Cure\n|upkeep\n|\n|t:|1700207898\n|switch|p1a: Garganacl|Garganacl, M, shiny|100\/100\n|turn|52\n|\n|t:|1700207905\n|move|p2a: Arceus|Recover|p2a: Arceus\n|-heal|p2a: Arceus|95\/100\n|move|p1a: Garganacl|Iron Defense|p1a: Garganacl\n|-boost|p1a: Garganacl|def|2\n|\n|-damage|p2a: Arceus|83\/100|[from] Salt Cure\n|upkeep\n|turn|53\n|c|\u2606Sargenbob|oh no, no more recover pp\n|\n|t:|1700207916\n|move|p2a: Arceus|Judgment|p1a: Garganacl\n|-resisted|p1a: Garganacl\n|-damage|p1a: Garganacl|78\/100\n|move|p1a: Garganacl|Iron Defense|p1a: Garganacl\n|-boost|p1a: Garganacl|def|2\n|\n|-heal|p1a: Garganacl|84\/100|[from] item: Leftovers\n|-damage|p2a: Arceus|70\/100|[from] Salt Cure\n|-sideend|p2: 123abc678|Reflect\n|upkeep\n|turn|54\n|\n|t:|1700207928\n|move|p2a: Arceus|Judgment|p1a: Garganacl\n|-resisted|p1a: Garganacl\n|-damage|p1a: Garganacl|62\/100\n|move|p1a: Garganacl|Iron Defense|p1a: Garganacl\n|-boost|p1a: Garganacl|def|2\n|\n|-heal|p1a: Garganacl|68\/100|[from] item: Leftovers\n|-damage|p2a: Arceus|58\/100|[from] Salt Cure\n|upkeep\n|turn|55\n|c|\u2606Sargenbob|how sad\n|\n|t:|1700207938\n|move|p2a: Arceus|Judgment|p1a: Garganacl\n|-resisted|p1a: Garganacl\n|-damage|p1a: Garganacl|42\/100\n|move|p1a: Garganacl|Salt Cure|p2a: Arceus\n|-supereffective|p2a: Arceus\n|-damage|p2a: Arceus|53\/100\n|\n|-heal|p1a: Garganacl|48\/100|[from] item: Leftovers\n|-damage|p2a: Arceus|40\/100|[from] Salt Cure\n|upkeep\n|turn|56\n|\n|t:|1700207948\n|move|p2a: Arceus|Judgment|p1a: Garganacl\n|-resisted|p1a: Garganacl\n|-damage|p1a: Garganacl|25\/100\n|move|p1a: Garganacl|Recover|p1a: Garganacl\n|-heal|p1a: Garganacl|75\/100\n|\n|-heal|p1a: Garganacl|81\/100|[from] item: Leftovers\n|-damage|p2a: Arceus|28\/100|[from] Salt Cure\n|upkeep\n|turn|57\n|\n|t:|1700207957\n|move|p1a: Garganacl|Protect|p1a: Garganacl\n|-singleturn|p1a: Garganacl|Protect\n|move|p2a: Arceus|Judgment|p1a: Garganacl\n|-activate|p1a: Garganacl|move: Protect\n|\n|-heal|p1a: Garganacl|87\/100|[from] item: Leftovers\n|-damage|p2a: Arceus|16\/100|[from] Salt Cure\n|upkeep\n|turn|58\n|\n|t:|1700207962\n|move|p2a: Arceus|Judgment|p1a: Garganacl\n|-resisted|p1a: Garganacl\n|-damage|p1a: Garganacl|61\/100\n|move|p1a: Garganacl|Recover|p1a: Garganacl\n|-heal|p1a: Garganacl|100\/100\n|\n|-damage|p2a: Arceus|3\/100|[from] Salt Cure\n|upkeep\n|turn|59\n|\n|t:|1700207967\n|move|p1a: Garganacl|Protect|p1a: Garganacl\n|-singleturn|p1a: Garganacl|Protect\n|move|p2a: Arceus|Judgment|p1a: Garganacl\n|-activate|p1a: Garganacl|move: Protect\n|\n|-damage|p2a: Arceus|0 fnt|[from] Salt Cure\n|faint|p2a: Arceus\n|upkeep\n|\n|t:|1700207970\n|switch|p2a: Drifblim|Drifblim, M|1\/100\n|turn|60\n|\n|t:|1700207975\n|move|p2a: Drifblim|Minimize|p2a: Drifblim\n|-boost|p2a: Drifblim|evasion|2\n|move|p1a: Garganacl|Salt Cure|p2a: Drifblim\n|-supereffective|p2a: Drifblim\n|-damage|p2a: Drifblim|0 fnt\n|faint|p2a: Drifblim\n|\n|upkeep\n|\n|t:|1700207980\n|switch|p2a: Amoonguss|Amoonguss, M|99\/100\n|turn|61\n|\n|t:|1700207983\n|move|p1a: Garganacl|Salt Cure|p2a: Amoonguss\n|-damage|p2a: Amoonguss|85\/100\n|-start|p2a: Amoonguss|Salt Cure\n|move|p2a: Amoonguss|Rollout|p1a: Garganacl\n|-damage|p1a: Garganacl|99\/100\n|\n|-heal|p1a: Garganacl|100\/100|[from] item: Leftovers\n|-heal|p2a: Amoonguss|91\/100|[from] item: Leftovers\n|-damage|p2a: Amoonguss|78\/100|[from] Salt Cure\n|upkeep\n|turn|62\n|\n|t:|1700207991\n|move|p1a: Garganacl|Salt Cure|p2a: Amoonguss\n|-damage|p2a: Amoonguss|64\/100\n|move|p2a: Amoonguss|Rollout|p1a: Garganacl|[from]lockedmove\n|-damage|p1a: Garganacl|98\/100\n|\n|-heal|p1a: Garganacl|100\/100|[from] item: Leftovers\n|-heal|p2a: Amoonguss|71\/100|[from] item: Leftovers\n|-damage|p2a: Amoonguss|58\/100|[from] Salt Cure\n|upkeep\n|turn|63\n|\n|t:|1700207996\n|move|p1a: Garganacl|Salt Cure|p2a: Amoonguss\n|-damage|p2a: Amoonguss|43\/100\n|move|p2a: Amoonguss|Rollout|p1a: Garganacl|[from]lockedmove\n|-damage|p1a: Garganacl|96\/100\n|\n|-heal|p1a: Garganacl|100\/100|[from] item: Leftovers\n|-heal|p2a: Amoonguss|49\/100|[from] item: Leftovers\n|-damage|p2a: Amoonguss|36\/100|[from] Salt Cure\n|upkeep\n|turn|64\n|c|\u2606Sargenbob|finally\n|\n|t:|1700208001\n|move|p1a: Garganacl|Salt Cure|p2a: Amoonguss\n|-damage|p2a: Amoonguss|21\/100\n|move|p2a: Amoonguss|Rollout|p1a: Garganacl|[from]lockedmove\n|-damage|p1a: Garganacl|92\/100\n|\n|-heal|p1a: Garganacl|98\/100|[from] item: Leftovers\n|-heal|p2a: Amoonguss|27\/100|[from] item: Leftovers\n|-damage|p2a: Amoonguss|15\/100|[from] Salt Cure\n|upkeep\n|turn|65\n|\n|t:|1700208005\n|move|p1a: Garganacl|Salt Cure|p2a: Amoonguss\n|-damage|p2a: Amoonguss|1\/100\n|move|p2a: Amoonguss|Rollout|p1a: Garganacl|[from]lockedmove\n|-damage|p1a: Garganacl|81\/100\n|\n|-heal|p1a: Garganacl|87\/100|[from] item: Leftovers\n|-heal|p2a: Amoonguss|7\/100|[from] item: Leftovers\n|-damage|p2a: Amoonguss|0 fnt|[from] Salt Cure\n|faint|p2a: Amoonguss\n|\n|win|Sargenbob\n|upkeep\n|raw|Sargenbob's rating: 1049 &rarr; <strong>1091<\/strong><br \/>(+42 for winning)\n|raw|123abc678's rating: 1153 &rarr; <strong>1121<\/strong><br \/>(-32 for losing)\n|l|\u2606123abc678\n|c|\u2606Sargenbob|bye\n","uploadtime":1700208014,"views":21,"p1id":"sargenbob","p2id":"123abc678","formatid":"gen9anythinggoes","rating":1091,"private":0,"password":""}