{"id":"gen9anythinggoes-1995577161","p1":"yuiptial","p2":"Purple Slushie","format":"[Gen 9] Anything Goes","log":"|j|\u2606yuiptial\n|j|\u2606Purple Slushie\n|t:|1700584389\n|gametype|singles\n|player|p1|yuiptial|aromalady|1267\n|player|p2|Purple Slushie|1|1231\n|teamsize|p1|6\n|teamsize|p2|6\n|gen|9\n|tier|[Gen 9] Anything Goes\n|rated|\n|rule|HP Percentage Mod: HP is shown in percentages\n|rule|Endless Battle Clause: Forcing endless battles is banned\n|clearpoke\n|poke|p1|Koraidon|\n|poke|p1|Espathra, F|\n|poke|p1|Drifblim, F|\n|poke|p1|Drifblim, M|\n|poke|p1|Clefable, M|\n|poke|p1|Grimmsnarl, M|\n|poke|p2|Palafin, M|\n|poke|p2|Gardevoir, M|\n|poke|p2|Ursaluna-Bloodmoon, M|\n|poke|p2|Skeledirge, M|\n|poke|p2|Dragapult, F|\n|poke|p2|Garganacl, M|\n|teampreview\n|inactive|Battle timer is ON: inactive players will automatically lose when time's up. (requested by Purple Slushie)\n|\n|t:|1700584414\n|start\n|switch|p1a: Grimmsnarl|Grimmsnarl, M|100\/100\n|switch|p2a: Gardevoir|Gardevoir, M|100\/100\n|turn|1\n|\n|t:|1700584419\n|move|p1a: Grimmsnarl|Light Screen|p1a: Grimmsnarl\n|-sidestart|p1: yuiptial|move: Light Screen\n|move|p2a: Gardevoir|Moonblast|p1a: Grimmsnarl\n|-supereffective|p1a: Grimmsnarl\n|-damage|p1a: Grimmsnarl|52\/100\n|\n|upkeep\n|turn|2\n|\n|t:|1700584424\n|move|p1a: Grimmsnarl|Reflect|p1a: Grimmsnarl\n|-sidestart|p1: yuiptial|Reflect\n|move|p2a: Gardevoir|Moonblast|p1a: Grimmsnarl\n|-supereffective|p1a: Grimmsnarl\n|-damage|p1a: Grimmsnarl|4\/100\n|-unboost|p1a: Grimmsnarl|spa|1\n|\n|upkeep\n|turn|3\n|\n|t:|1700584430\n|move|p1a: Grimmsnarl|Parting Shot|p2a: Gardevoir\n|-unboost|p2a: Gardevoir|atk|1\n|-unboost|p2a: Gardevoir|spa|1\n|\n|t:|1700584440\n|switch|p1a: Clefable|Clefable, M|100\/100|[from] Parting Shot\n|move|p2a: Gardevoir|Moonblast|p1a: Clefable\n|-damage|p1a: Clefable|80\/100\n|\n|-heal|p1a: Clefable|86\/100|[from] item: Leftovers\n|upkeep\n|turn|4\n|\n|t:|1700584454\n|switch|p2a: Ursaluna|Ursaluna-Bloodmoon, M|100\/100\n|move|p1a: Clefable|Cosmic Power|p1a: Clefable\n|-boost|p1a: Clefable|def|1\n|-boost|p1a: Clefable|spd|1\n|\n|-heal|p1a: Clefable|92\/100|[from] item: Leftovers\n|upkeep\n|turn|5\n|\n|t:|1700584461\n|move|p1a: Clefable|Cosmic Power|p1a: Clefable\n|-boost|p1a: Clefable|def|1\n|-boost|p1a: Clefable|spd|1\n|move|p2a: Ursaluna|Calm Mind|p2a: Ursaluna\n|-boost|p2a: Ursaluna|spa|1\n|-boost|p2a: Ursaluna|spd|1\n|\n|-heal|p1a: Clefable|98\/100|[from] item: Leftovers\n|upkeep\n|turn|6\n|\n|t:|1700584463\n|move|p1a: Clefable|Cosmic Power|p1a: Clefable\n|-boost|p1a: Clefable|def|1\n|-boost|p1a: Clefable|spd|1\n|move|p2a: Ursaluna|Calm Mind|p2a: Ursaluna\n|-boost|p2a: Ursaluna|spa|1\n|-boost|p2a: Ursaluna|spd|1\n|\n|-heal|p1a: Clefable|100\/100|[from] item: Leftovers\n|upkeep\n|turn|7\n|\n|t:|1700584468\n|move|p1a: Clefable|Cosmic Power|p1a: Clefable\n|-boost|p1a: Clefable|def|1\n|-boost|p1a: Clefable|spd|1\n|move|p2a: Ursaluna|Calm Mind|p2a: Ursaluna\n|-boost|p2a: Ursaluna|spa|1\n|-boost|p2a: Ursaluna|spd|1\n|\n|upkeep\n|turn|8\n|\n|t:|1700584471\n|move|p1a: Clefable|Cosmic Power|p1a: Clefable\n|-boost|p1a: Clefable|def|1\n|-boost|p1a: Clefable|spd|1\n|move|p2a: Ursaluna|Calm Mind|p2a: Ursaluna\n|-boost|p2a: Ursaluna|spa|1\n|-boost|p2a: Ursaluna|spd|1\n|\n|-sideend|p1: yuiptial|move: Light Screen\n|upkeep\n|turn|9\n|\n|t:|1700584473\n|move|p1a: Clefable|Cosmic Power|p1a: Clefable\n|-boost|p1a: Clefable|def|1\n|-boost|p1a: Clefable|spd|1\n|move|p2a: Ursaluna|Calm Mind|p2a: Ursaluna\n|-boost|p2a: Ursaluna|spa|1\n|-boost|p2a: Ursaluna|spd|1\n|\n|-sideend|p1: yuiptial|Reflect\n|upkeep\n|turn|10\n|\n|t:|1700584475\n|move|p1a: Clefable|Substitute|p1a: Clefable\n|-start|p1a: Clefable|Substitute\n|-damage|p1a: Clefable|76\/100\n|move|p2a: Ursaluna|Calm Mind|p2a: Ursaluna\n|-boost|p2a: Ursaluna|spa|1\n|-boost|p2a: Ursaluna|spd|1\n|\n|-heal|p1a: Clefable|82\/100|[from] item: Leftovers\n|upkeep\n|turn|11\n|\n|t:|1700584478\n|move|p1a: Clefable|Baton Pass|p1a: Clefable\n|\n|t:|1700584482\n|switch|p1a: Drifblim|Drifblim, F|100\/100|[from] Baton Pass\n|move|p2a: Ursaluna|Blood Moon|p1a: Drifblim\n|-end|p1a: Drifblim|Substitute\n|\n|upkeep\n|turn|12\n|\n|t:|1700584501\n|move|p2a: Ursaluna|Vacuum Wave|p1a: Drifblim\n|-resisted|p1a: Drifblim\n|-damage|p1a: Drifblim|92\/100\n|move|p1a: Drifblim|Minimize|p1a: Drifblim\n|-boost|p1a: Drifblim|evasion|2\n|\n|upkeep\n|turn|13\n|\n|t:|1700584506\n|move|p1a: Drifblim|Minimize|p1a: Drifblim\n|-boost|p1a: Drifblim|evasion|2\n|move|p2a: Ursaluna|Blood Moon|p1a: Drifblim\n|-damage|p1a: Drifblim|3\/100\n|\n|upkeep\n|turn|14\n|inactive|yuiptial has 120 seconds left.\n|c|\u2606Purple Slushie|BAH!\n|\n|t:|1700584554\n|move|p2a: Ursaluna|Vacuum Wave|p1a: Drifblim\n|-resisted|p1a: Drifblim\n|-damage|p1a: Drifblim|0 fnt\n|faint|p1a: Drifblim\n|\n|upkeep\n|\n|t:|1700584562\n|switch|p1a: Grimmsnarl|Grimmsnarl, M|4\/100\n|turn|15\n|\n|t:|1700584564\n|move|p1a: Grimmsnarl|Parting Shot|p2a: Ursaluna\n|-unboost|p2a: Ursaluna|atk|1\n|-unboost|p2a: Ursaluna|spa|1\n|\n|t:|1700584570\n|switch|p1a: Clefable|Clefable, M|82\/100|[from] Parting Shot\n|move|p2a: Ursaluna|Vacuum Wave|p1a: Clefable\n|-resisted|p1a: Clefable\n|-damage|p1a: Clefable|75\/100\n|\n|-heal|p1a: Clefable|81\/100|[from] item: Leftovers\n|upkeep\n|turn|16\n|inactive|yuiptial has 120 seconds left.\n|\n|t:|1700584580\n|move|p1a: Clefable|Cosmic Power|p1a: Clefable\n|-boost|p1a: Clefable|def|1\n|-boost|p1a: Clefable|spd|1\n|move|p2a: Ursaluna|Blood Moon|p1a: Clefable\n|-damage|p1a: Clefable|32\/100\n|\n|-heal|p1a: Clefable|38\/100|[from] item: Leftovers\n|upkeep\n|turn|17\n|inactive|yuiptial has 120 seconds left.\n|\n|t:|1700584590\n|move|p1a: Clefable|Encore|p2a: Ursaluna\n|-start|p2a: Ursaluna|Encore\n|move|p2a: Ursaluna|Blood Moon|p1a: Clefable\n|-damage|p1a: Clefable|0 fnt\n|faint|p1a: Clefable\n|-hint|Some effects can force a Pokemon to use Blood Moon again in a row.\n|\n|upkeep\n|inactive|yuiptial has 120 seconds left.\n|\n|t:|1700584597\n|switch|p1a: Grimmsnarl|Grimmsnarl, M|4\/100\n|turn|18\n|\n|t:|1700584601\n|move|p1a: Grimmsnarl|Parting Shot|p2a: Ursaluna\n|-unboost|p2a: Ursaluna|atk|1\n|-unboost|p2a: Ursaluna|spa|1\n|\n|t:|1700584605\n|switch|p1a: Drifblim|Drifblim, M|100\/100|[from] Parting Shot\n|-activate|p2a: Ursaluna|move: Struggle\n|move|p2a: Ursaluna|Struggle|p1a: Drifblim\n|-damage|p1a: Drifblim|98\/100\n|-damage|p2a: Ursaluna|75\/100|[from] recoil\n|\n|-heal|p2a: Ursaluna|81\/100|[from] item: Leftovers\n|upkeep\n|turn|19\n|\n|t:|1700584611\n|move|p1a: Drifblim|Minimize|p1a: Drifblim\n|-boost|p1a: Drifblim|evasion|2\n|move|p2a: Ursaluna|Blood Moon|p1a: Drifblim\n|-crit|p1a: Drifblim\n|-damage|p1a: Drifblim|0 fnt\n|faint|p1a: Drifblim\n|\n|-heal|p2a: Ursaluna|87\/100|[from] item: Leftovers\n|-end|p2a: Ursaluna|Encore\n|upkeep\n|\n|t:|1700584619\n|switch|p1a: Koraidon|Koraidon|100\/100\n|-weather|SunnyDay|[from] ability: Orichalcum Pulse|[of] p1a: Koraidon\n|-activate|p1a: Koraidon|Orichalcum Pulse|[source]\n|turn|20\n|\n|t:|1700584633\n|-terastallize|p2a: Ursaluna|Fighting\n|move|p2a: Ursaluna|Vacuum Wave|p1a: Koraidon\n|-damage|p1a: Koraidon|39\/100\n|move|p1a: Koraidon|Collision Course|p2a: Ursaluna\n|-damage|p2a: Ursaluna|43\/100\n|\n|-weather|SunnyDay|[upkeep]\n|-heal|p1a: Koraidon|45\/100|[from] item: Leftovers\n|-heal|p2a: Ursaluna|49\/100|[from] item: Leftovers\n|upkeep\n|turn|21\n|\n|t:|1700584648\n|move|p2a: Ursaluna|Vacuum Wave|p1a: Koraidon\n|-damage|p1a: Koraidon|0 fnt\n|faint|p1a: Koraidon\n|\n|-weather|SunnyDay|[upkeep]\n|-heal|p2a: Ursaluna|55\/100|[from] item: Leftovers\n|upkeep\n|c|\u2606yuiptial|u stink\n|c|\u2606yuiptial|byebye\n|-message|yuiptial forfeited.\n|\n|win|Purple Slushie\n|raw|yuiptial's rating: 1267 &rarr; <strong>1239<\/strong><br \/>(-28 for losing)\n|raw|Purple Slushie's rating: 1231 &rarr; <strong>1259<\/strong><br \/>(+28 for winning)\n|l|\u2606yuiptial\n","uploadtime":1700584710,"views":2,"p1id":"yuiptial","p2id":"purpleslushie","formatid":"gen9anythinggoes","rating":1239,"private":0,"password":""}