{"id":"gen9anythinggoes-1975023585","p1":"dowlet","p2":"oosugsagnjkd","format":"[Gen 9] Anything Goes","log":"|j|\u2606dowlet\n|j|\u2606oosugsagnjkd\n|t:|1698155789\n|gametype|singles\n|player|p1|dowlet|brawly|1222\n|player|p2|oosugsagnjkd|pokemonrangerf|1160\n|teamsize|p1|6\n|teamsize|p2|6\n|gen|9\n|tier|[Gen 9] Anything Goes\n|rated|\n|rule|HP Percentage Mod: HP is shown in percentages\n|rule|Endless Battle Clause: Forcing endless battles is banned\n|clearpoke\n|poke|p1|Clodsire, F|\n|poke|p1|Scizor, F|\n|poke|p1|Noivern, M|\n|poke|p1|Garganacl, F|\n|poke|p1|Zoroark-Hisui, F|\n|poke|p1|Decidueye-Hisui, F|\n|poke|p2|Sandaconda, F|\n|poke|p2|Gliscor, M|\n|poke|p2|Cinderace, M|\n|poke|p2|Gholdengo|\n|poke|p2|Espathra, M|\n|poke|p2|Drifblim, F|\n|teampreview\n|inactive|Battle timer is ON: inactive players will automatically lose when time's up. (requested by oosugsagnjkd)\n|\n|t:|1698155818\n|start\n|switch|p1a: Garganacl|Garganacl, F|100\/100\n|switch|p2a: oh no|Drifblim, F|100\/100\n|turn|1\n|\n|t:|1698155823\n|move|p2a: oh no|Minimize|p2a: oh no\n|-boost|p2a: oh no|evasion|2\n|move|p1a: Garganacl|Stealth Rock|p2a: oh no\n|-sidestart|p2: oosugsagnjkd|move: Stealth Rock\n|\n|upkeep\n|turn|2\n|c|\u2606dowlet|minimize, youre so cringe\n|\n|t:|1698155832\n|move|p2a: oh no|Minimize|p2a: oh no\n|-boost|p2a: oh no|evasion|2\n|move|p1a: Garganacl|Stone Edge|p2a: oh no\n|-supereffective|p2a: oh no\n|-damage|p2a: oh no|5\/100\n|\n|-heal|p2a: oh no|11\/100|[from] item: Leftovers\n|upkeep\n|turn|3\n|\n|t:|1698155840\n|move|p2a: oh no|Minimize|p2a: oh no\n|-boost|p2a: oh no|evasion|2\n|move|p1a: Garganacl|Stone Edge|p2a: oh no|[miss]\n|-miss|p1a: Garganacl|p2a: oh no\n|\n|-heal|p2a: oh no|17\/100|[from] item: Leftovers\n|upkeep\n|turn|4\n|\n|t:|1698155848\n|move|p2a: oh no|Calm Mind|p2a: oh no\n|-boost|p2a: oh no|spa|1\n|-boost|p2a: oh no|spd|1\n|move|p1a: Garganacl|Stone Edge|p2a: oh no\n|-supereffective|p2a: oh no\n|-damage|p2a: oh no|0 fnt\n|faint|p2a: oh no\n|\n|upkeep\n|\n|t:|1698155852\n|switch|p2a: oh god|Espathra, M|100\/100\n|-damage|p2a: oh god|88\/100|[from] Stealth Rock\n|turn|5\n|c|\u2606dowlet|thats waht you get or such a cringe startegy\n|\n|t:|1698155867\n|move|p2a: oh god|Agility|p2a: oh god\n|-boost|p2a: oh god|spe|2\n|move|p1a: Garganacl|Earthquake|p2a: oh god\n|-damage|p2a: oh god|53\/100\n|\n|-ability|p2a: oh god|Speed Boost|boost\n|-boost|p2a: oh god|spe|1\n|upkeep\n|turn|6\n|\n|t:|1698155878\n|move|p2a: oh god|Baton Pass|p2a: oh god\n|\n|t:|1698155880\n|switch|p2a: always beats me|Gholdengo|100\/100|[from] Baton Pass\n|-damage|p2a: always beats me|95\/100|[from] Stealth Rock\n|move|p1a: Garganacl|Stone Edge|p2a: always beats me|[miss]\n|-miss|p1a: Garganacl|p2a: always beats me\n|\n|-heal|p2a: always beats me|100\/100|[from] item: Leftovers\n|upkeep\n|turn|7\n|\n|t:|1698155888\n|move|p2a: always beats me|Make It Rain|p1a: Garganacl\n|-supereffective|p1a: Garganacl\n|-enditem|p1a: Garganacl|Focus Sash\n|-damage|p1a: Garganacl|1\/100\n|-unboost|p2a: always beats me|spa|1\n|move|p1a: Garganacl|Earthquake|p2a: always beats me\n|-supereffective|p2a: always beats me\n|-damage|p2a: always beats me|39\/100\n|\n|-heal|p2a: always beats me|45\/100|[from] item: Leftovers\n|upkeep\n|turn|8\n|\n|t:|1698155900\n|move|p2a: always beats me|Shadow Ball|p1a: Garganacl\n|-damage|p1a: Garganacl|0 fnt\n|faint|p1a: Garganacl\n|\n|-heal|p2a: always beats me|51\/100|[from] item: Leftovers\n|upkeep\n|\n|t:|1698155909\n|switch|p1a: Clodsire|Clodsire, F|100\/100\n|turn|9\n|\n|t:|1698155915\n|move|p2a: always beats me|Psychic|p1a: Clodsire\n|-damage|p1a: Clodsire|82\/100\n|replace|p1a: Zoroark|Zoroark-Hisui, F\n|-end|p1a: Zoroark|Illusion\n|move|p1a: Zoroark|Bitter Malice|p2a: always beats me\n|-supereffective|p2a: always beats me\n|-damage|p2a: always beats me|0 fnt\n|faint|p2a: always beats me\n|\n|upkeep\n|\n|t:|1698155918\n|switch|p2a: Cinderace|Cinderace, M|100\/100\n|-damage|p2a: Cinderace|76\/100|[from] Stealth Rock\n|turn|10\n|\n|t:|1698155928\n|move|p2a: Cinderace|Court Change|p2a: Cinderace\n|-start|p2a: Cinderace|typechange|Normal|[from] ability: Libero\n|-swapsideconditions\n|-activate|p2a: Cinderace|move: Court Change\n|move|p1a: Zoroark|Bitter Malice|p2a: Cinderace\n|-immune|p2a: Cinderace\n|\n|upkeep\n|turn|11\n|\n|t:|1698155937\n|move|p2a: Cinderace|Acrobatics|p1a: Zoroark\n|-damage|p1a: Zoroark|14\/100\n|move|p1a: Zoroark|Focus Blast|p2a: Cinderace\n|-supereffective|p2a: Cinderace\n|-damage|p2a: Cinderace|0 fnt\n|faint|p2a: Cinderace\n|\n|upkeep\n|\n|t:|1698155946\n|switch|p2a: Gliscor|Gliscor, M|100\/100\n|turn|12\n|\n|t:|1698155950\n|move|p2a: Gliscor|Knock Off|p1a: Zoroark\n|-supereffective|p1a: Zoroark\n|-damage|p1a: Zoroark|0 fnt\n|-enditem|p1a: Zoroark|Assault Vest|[from] move: Knock Off|[of] p2a: Gliscor\n|faint|p1a: Zoroark\n|\n|-status|p2a: Gliscor|tox|[from] item: Toxic Orb\n|upkeep\n|\n|t:|1698155959\n|switch|p1a: Clodsire|Clodsire, F|100\/100\n|-damage|p1a: Clodsire|94\/100|[from] Stealth Rock\n|turn|13\n|\n|t:|1698155964\n|-terastallize|p1a: Clodsire|Water\n|move|p2a: Gliscor|Substitute|p2a: Gliscor\n|-start|p2a: Gliscor|Substitute\n|-damage|p2a: Gliscor|76\/100 tox\n|move|p1a: Clodsire|Liquidation|p2a: Gliscor\n|-supereffective|p2a: Gliscor\n|-end|p2a: Gliscor|Substitute\n|\n|-heal|p2a: Gliscor|88\/100 tox|[from] ability: Poison Heal\n|upkeep\n|turn|14\n|\n|t:|1698155975\n|-terastallize|p2a: Gliscor|Water\n|move|p2a: Gliscor|Substitute|p2a: Gliscor\n|-start|p2a: Gliscor|Substitute\n|-damage|p2a: Gliscor|63\/100 tox\n|move|p1a: Clodsire|Liquidation|p2a: Gliscor\n|-resisted|p2a: Gliscor\n|-activate|p2a: Gliscor|move: Substitute|[damage]\n|\n|-heal|p2a: Gliscor|75\/100 tox|[from] ability: Poison Heal\n|upkeep\n|turn|15\n|\n|t:|1698155992\n|move|p2a: Gliscor|Knock Off|p1a: Clodsire\n|-damage|p1a: Clodsire|69\/100\n|-enditem|p1a: Clodsire|Expert Belt|[from] move: Knock Off|[of] p2a: Gliscor\n|move|p1a: Clodsire|Earthquake|p2a: Gliscor\n|-end|p2a: Gliscor|Substitute\n|\n|-heal|p2a: Gliscor|88\/100 tox|[from] ability: Poison Heal\n|upkeep\n|turn|16\n|\n|t:|1698156001\n|move|p2a: Gliscor|Earthquake|p1a: Clodsire\n|-damage|p1a: Clodsire|29\/100\n|move|p1a: Clodsire|Earthquake|p2a: Gliscor\n|-damage|p2a: Gliscor|61\/100 tox\n|\n|-heal|p2a: Gliscor|73\/100 tox|[from] ability: Poison Heal\n|upkeep\n|turn|17\n|\n|t:|1698156008\n|move|p2a: Gliscor|Earthquake|p1a: Clodsire\n|-damage|p1a: Clodsire|0 fnt\n|faint|p1a: Clodsire\n|\n|-heal|p2a: Gliscor|85\/100 tox|[from] ability: Poison Heal\n|upkeep\n|\n|t:|1698156024\n|switch|p1a: Decidueye|Decidueye-Hisui, F|100\/100\n|-damage|p1a: Decidueye|95\/100|[from] Stealth Rock\n|turn|18\n|\n|t:|1698156034\n|switch|p2a: oh god|Espathra, M|53\/100\n|move|p1a: Decidueye|Leaf Blade|p2a: oh god\n|-damage|p2a: oh god|1\/100\n|\n|-heal|p1a: Decidueye|100\/100|[from] item: Leftovers\n|upkeep\n|turn|19\n|\n|t:|1698156044\n|move|p1a: Decidueye|Sucker Punch|p2a: oh god\n|-supereffective|p2a: oh god\n|-damage|p2a: oh god|0 fnt\n|faint|p2a: oh god\n|\n|upkeep\n|\n|t:|1698156048\n|switch|p2a: destiny bond me|Sandaconda, F|100\/100\n|turn|20\n|\n|t:|1698156052\n|move|p2a: destiny bond me|Minimize|p2a: destiny bond me\n|-boost|p2a: destiny bond me|evasion|2\n|move|p1a: Decidueye|Leaf Blade|p2a: destiny bond me|[miss]\n|-miss|p1a: Decidueye|p2a: destiny bond me\n|\n|upkeep\n|turn|21\n|c|\u2606dowlet|again with the cringe\n|\n|t:|1698156068\n|move|p2a: destiny bond me|Minimize|p2a: destiny bond me\n|-boost|p2a: destiny bond me|evasion|2\n|move|p1a: Decidueye|Leaf Blade|p2a: destiny bond me|[miss]\n|-miss|p1a: Decidueye|p2a: destiny bond me\n|\n|upkeep\n|turn|22\n|\n|t:|1698156075\n|move|p2a: destiny bond me|Coil|p2a: destiny bond me\n|-boost|p2a: destiny bond me|atk|1\n|-boost|p2a: destiny bond me|def|1\n|-boost|p2a: destiny bond me|accuracy|1\n|move|p1a: Decidueye|Leaf Blade|p2a: destiny bond me|[miss]\n|-miss|p1a: Decidueye|p2a: destiny bond me\n|\n|upkeep\n|turn|23\n|\n|t:|1698156082\n|move|p2a: destiny bond me|Minimize|p2a: destiny bond me\n|-boost|p2a: destiny bond me|evasion|2\n|move|p1a: Decidueye|Leaf Blade|p2a: destiny bond me|[miss]\n|-miss|p1a: Decidueye|p2a: destiny bond me\n|\n|upkeep\n|turn|24\n|\n|t:|1698156089\n|move|p2a: destiny bond me|Coil|p2a: destiny bond me\n|-boost|p2a: destiny bond me|atk|1\n|-boost|p2a: destiny bond me|def|1\n|-boost|p2a: destiny bond me|accuracy|1\n|move|p1a: Decidueye|Leaf Blade|p2a: destiny bond me|[miss]\n|-miss|p1a: Decidueye|p2a: destiny bond me\n|\n|upkeep\n|turn|25\n|inactive|dowlet has 120 seconds left.\n|c|\u2606dowlet|you have no fucking skill so you need to minimize, why dont you minimize your d***?pus***, o wait, you dont need to , its already small\n|\n|t:|1698156148\n|move|p2a: destiny bond me|Coil|p2a: destiny bond me\n|-boost|p2a: destiny bond me|atk|1\n|-boost|p2a: destiny bond me|def|1\n|-boost|p2a: destiny bond me|accuracy|1\n|move|p1a: Decidueye|Leaf Blade|p2a: destiny bond me|[miss]\n|-miss|p1a: Decidueye|p2a: destiny bond me\n|\n|upkeep\n|turn|26\n|inactive|dowlet has 90 seconds left.\n|\n|t:|1698156172\n|move|p2a: destiny bond me|Coil|p2a: destiny bond me\n|-boost|p2a: destiny bond me|atk|1\n|-boost|p2a: destiny bond me|def|1\n|-boost|p2a: destiny bond me|accuracy|1\n|move|p1a: Decidueye|Leaf Blade|p2a: destiny bond me|[miss]\n|-miss|p1a: Decidueye|p2a: destiny bond me\n|\n|upkeep\n|turn|27\n|inactive|dowlet has 90 seconds left.\n|\n|t:|1698156180\n|move|p2a: destiny bond me|Earthquake|p1a: Decidueye\n|-resisted|p1a: Decidueye\n|-damage|p1a: Decidueye|16\/100\n|move|p1a: Decidueye|Leaf Blade|p2a: destiny bond me|[miss]\n|-miss|p1a: Decidueye|p2a: destiny bond me\n|\n|-heal|p1a: Decidueye|22\/100|[from] item: Leftovers\n|upkeep\n|turn|28\n|inactive|dowlet has 90 seconds left.\n|\n|t:|1698156190\n|move|p2a: destiny bond me|Iron Head|p1a: Decidueye\n|-damage|p1a: Decidueye|0 fnt\n|faint|p1a: Decidueye\n|\n|upkeep\n|\n|t:|1698156195\n|switch|p1a: Noivern|Noivern, M|100\/100\n|-damage|p1a: Noivern|76\/100|[from] Stealth Rock\n|-item|p2a: destiny bond me|Leftovers|[from] ability: Frisk|[of] p1a: Noivern|[identify]\n|turn|29\n|\n|t:|1698156206\n|move|p1a: Noivern|Boomburst|p2a: destiny bond me|[miss]\n|-miss|p1a: Noivern|p2a: destiny bond me\n|move|p2a: destiny bond me|Iron Head|p1a: Noivern\n|-crit|p1a: Noivern\n|-damage|p1a: Noivern|0 fnt\n|faint|p1a: Noivern\n|\n|upkeep\n|inactive|dowlet has 90 seconds left.\n|\n|t:|1698156217\n|switch|p1a: Scizor|Scizor, F|100\/100\n|-damage|p1a: Scizor|88\/100|[from] Stealth Rock\n|turn|30\n|\n|t:|1698156223\n|move|p2a: destiny bond me|Earthquake|p1a: Scizor\n|-damage|p1a: Scizor|0 fnt\n|faint|p1a: Scizor\n|\n|win|oosugsagnjkd\n|raw|dowlet's rating: 1222 &rarr; <strong>1193<\/strong><br \/>(-29 for losing)\n|raw|oosugsagnjkd's rating: 1160 &rarr; <strong>1189<\/strong><br \/>(+29 for winning)\n","uploadtime":1698156143,"views":5,"p1id":"dowlet","p2id":"oosugsagnjkd","formatid":"gen9anythinggoes","rating":1189,"private":0,"password":""}