{"id":"gen9anythinggoes-1975746876","p1":"Deathdarkgon","p2":"2937sentia.in","format":"[Gen 9] Anything Goes","log":"|j|\u2606Deathdarkgon\n|j|\u26062937sentia.in\n|t:|1698233465\n|gametype|singles\n|player|p1|Deathdarkgon|richboy-gen4|1327\n|player|p2|2937sentia.in|170|1499\n|teamsize|p1|6\n|teamsize|p2|6\n|gen|9\n|tier|[Gen 9] Anything Goes\n|rated|\n|rule|HP Percentage Mod: HP is shown in percentages\n|rule|Endless Battle Clause: Forcing endless battles is banned\n|clearpoke\n|poke|p1|Skeledirge, F|\n|poke|p1|Lokix, F|\n|poke|p1|Garganacl, M|\n|poke|p1|Corviknight, F|\n|poke|p1|Clodsire, M|\n|poke|p1|Ogerpon-Wellspring, F|\n|poke|p2|Zacian-*|\n|poke|p2|Zacian-*|\n|poke|p2|Calyrex-Shadow|\n|poke|p2|Arceus|\n|poke|p2|Kyogre|\n|poke|p2|Miraidon|\n|teampreview\n|c|\u2606Deathdarkgon|Glhf\n|\n|t:|1698233475\n|start\n|switch|p1a: Hefestus|Lokix, F|100\/100\n|switch|p2a: Zacian|Zacian-Crowned|100\/100\n|-ability|p2a: Zacian|Intrepid Sword|boost\n|-boost|p2a: Zacian|atk|1\n|turn|1\n|\n|t:|1698233484\n|switch|p1a: DeVito|Skeledirge, F|100\/100\n|move|p2a: Zacian|Sacred Sword|p1a: DeVito\n|-immune|p1a: DeVito\n|\n|upkeep\n|turn|2\n|\n|t:|1698233492\n|move|p2a: Zacian|Behemoth Blade|p1a: DeVito\n|-resisted|p1a: DeVito\n|-damage|p1a: DeVito|76\/100\n|move|p1a: DeVito|Will-O-Wisp|p2a: Zacian\n|-status|p2a: Zacian|brn\n|\n|-damage|p2a: Zacian|94\/100 brn|[from] brn\n|upkeep\n|turn|3\n|\n|t:|1698233502\n|switch|p2a: Arceus|Arceus|100\/100\n|move|p1a: DeVito|Torch Song|p2a: Arceus\n|-damage|p2a: Arceus|70\/100\n|-boost|p1a: DeVito|spa|1\n|\n|-heal|p2a: Arceus|76\/100|[from] item: Leftovers\n|upkeep\n|turn|4\n|\n|t:|1698233514\n|move|p2a: Arceus|Earthquake|p1a: DeVito\n|-supereffective|p1a: DeVito\n|-damage|p1a: DeVito|22\/100\n|-enditem|p1a: DeVito|Sitrus Berry|[eat]\n|-heal|p1a: DeVito|47\/100|[from] item: Sitrus Berry\n|move|p1a: DeVito|Torch Song|p2a: Arceus\n|-damage|p2a: Arceus|30\/100\n|-boost|p1a: DeVito|spa|1\n|\n|-heal|p2a: Arceus|36\/100|[from] item: Leftovers\n|upkeep\n|turn|5\n|\n|t:|1698233526\n|switch|p1a: Ogerpon|Ogerpon-Wellspring, F|100\/100\n|move|p2a: Arceus|Draco Meteor|p1a: Ogerpon|[miss]\n|-miss|p2a: Arceus|p1a: Ogerpon\n|\n|-heal|p2a: Arceus|42\/100|[from] item: Leftovers\n|upkeep\n|turn|6\n|\n|t:|1698233537\n|move|p1a: Ogerpon|Swords Dance|p1a: Ogerpon\n|-boost|p1a: Ogerpon|atk|2\n|move|p2a: Arceus|Draco Meteor|p1a: Ogerpon\n|-damage|p1a: Ogerpon|55\/100\n|-unboost|p2a: Arceus|spa|2\n|\n|-heal|p2a: Arceus|48\/100|[from] item: Leftovers\n|upkeep\n|turn|7\n|\n|t:|1698233547\n|move|p1a: Ogerpon|Horn Leech|p2a: Arceus\n|-damage|p2a: Arceus|0 fnt\n|-heal|p1a: Ogerpon|85\/100|[from] drain|[of] p2a: Arceus\n|faint|p2a: Arceus\n|\n|upkeep\n|\n|t:|1698233571\n|switch|p2a: Zacian|Zacian-Crowned|100\/100\n|-ability|p2a: Zacian|Intrepid Sword|boost\n|-boost|p2a: Zacian|atk|1\n|turn|8\n|\n|t:|1698233578\n|move|p2a: Zacian|Behemoth Blade|p1a: Ogerpon\n|-resisted|p1a: Ogerpon\n|-damage|p1a: Ogerpon|29\/100\n|move|p1a: Ogerpon|Ivy Cudgel|p2a: Zacian\n|-damage|p2a: Zacian|0 fnt\n|faint|p2a: Zacian\n|\n|upkeep\n|\n|t:|1698233585\n|switch|p2a: Calyrex|Calyrex-Shadow|100\/100\n|-ability|p2a: Calyrex|As One\n|-ability|p2a: Calyrex|Unnerve\n|turn|9\n|\n|t:|1698233595\n|switch|p1a: Talus|Garganacl, M|100\/100\n|move|p2a: Calyrex|Astral Barrage|p1a: Talus\n|-damage|p1a: Talus|62\/100\n|\n|-heal|p1a: Talus|69\/100|[from] item: Leftovers\n|upkeep\n|turn|10\n|\n|t:|1698233606\n|move|p2a: Calyrex|Astral Barrage|p1a: Talus\n|-damage|p1a: Talus|29\/100\n|move|p1a: Talus|Salt Cure|p2a: Calyrex\n|-damage|p2a: Calyrex|79\/100\n|-start|p2a: Calyrex|Salt Cure\n|\n|-heal|p1a: Talus|35\/100|[from] item: Leftovers\n|-damage|p2a: Calyrex|67\/100|[from] Salt Cure\n|upkeep\n|turn|11\n|\n|t:|1698233618\n|switch|p1a: Big Mac|Clodsire, M|100\/100\n|move|p2a: Calyrex|Astral Barrage|p1a: Big Mac\n|-damage|p1a: Big Mac|45\/100\n|\n|-heal|p1a: Big Mac|52\/100|[from] item: Black Sludge\n|-damage|p2a: Calyrex|55\/100|[from] Salt Cure\n|upkeep\n|turn|12\n|\n|t:|1698233629\n|move|p2a: Calyrex|Astral Barrage|p1a: Big Mac\n|-damage|p1a: Big Mac|0 fnt\n|faint|p1a: Big Mac\n|-ability|p2a: Calyrex|Grim Neigh|boost\n|-boost|p2a: Calyrex|spa|1\n|\n|-damage|p2a: Calyrex|42\/100|[from] Salt Cure\n|upkeep\n|\n|t:|1698233641\n|switch|p1a: Ares|Corviknight, F|100\/100\n|turn|13\n|\n|t:|1698233649\n|move|p2a: Calyrex|Astral Barrage|p1a: Ares\n|-crit|p1a: Ares\n|-damage|p1a: Ares|0 fnt\n|faint|p1a: Ares\n|-ability|p2a: Calyrex|Grim Neigh|boost\n|-boost|p2a: Calyrex|spa|1\n|\n|-damage|p2a: Calyrex|30\/100|[from] Salt Cure\n|upkeep\n|\n|t:|1698233660\n|switch|p1a: Ogerpon|Ogerpon-Wellspring, F|29\/100\n|turn|14\n|\n|t:|1698233664\n|move|p2a: Calyrex|Astral Barrage|p1a: Ogerpon\n|-damage|p1a: Ogerpon|0 fnt\n|faint|p1a: Ogerpon\n|-ability|p2a: Calyrex|Grim Neigh|boost\n|-boost|p2a: Calyrex|spa|1\n|\n|-damage|p2a: Calyrex|18\/100|[from] Salt Cure\n|upkeep\n|\n|t:|1698233674\n|switch|p1a: DeVito|Skeledirge, F|47\/100\n|turn|15\n|\n|t:|1698233681\n|-terastallize|p1a: DeVito|Fire\n|move|p2a: Calyrex|Astral Barrage|p1a: DeVito\n|-damage|p1a: DeVito|0 fnt\n|faint|p1a: DeVito\n|-ability|p2a: Calyrex|Grim Neigh|boost\n|-boost|p2a: Calyrex|spa|1\n|\n|-damage|p2a: Calyrex|5\/100|[from] Salt Cure\n|upkeep\n|\n|t:|1698233693\n|switch|p1a: Hefestus|Lokix, F|100\/100\n|turn|16\n|\n|t:|1698233699\n|move|p2a: Calyrex|Astral Barrage|p1a: Hefestus\n|-resisted|p1a: Hefestus\n|-damage|p1a: Hefestus|0 fnt\n|faint|p1a: Hefestus\n|-ability|p2a: Calyrex|Grim Neigh|boost\n|-boost|p2a: Calyrex|spa|1\n|\n|-damage|p2a: Calyrex|0 fnt|[from] Salt Cure\n|faint|p2a: Calyrex\n|upkeep\n|\n|t:|1698233710\n|switch|p2a: Kyogre|Kyogre|100\/100\n|switch|p1a: Talus|Garganacl, M|35\/100\n|-weather|RainDance|[from] ability: Drizzle|[of] p2a: Kyogre\n|turn|17\n|\n|t:|1698233719\n|move|p2a: Kyogre|Origin Pulse|p1a: Talus\n|-supereffective|p1a: Talus\n|-damage|p1a: Talus|0 fnt\n|faint|p1a: Talus\n|\n|win|2937sentia.in\n|raw|Deathdarkgon's rating: 1327 &rarr; <strong>1316<\/strong><br \/>(-11 for losing)\n|raw|2937sentia.in's rating: 1499 &rarr; <strong>1510<\/strong><br \/>(+11 for winning)\n|c|\u2606Deathdarkgon|Gg\n","uploadtime":1698233729,"views":9,"p1id":"deathdarkgon","p2id":"2937sentiain","formatid":"gen9anythinggoes","rating":1316,"private":0,"password":""}