{"id":"gen9anythinggoes-1971534179","p1":"Bobadilla4301","p2":"MemeMimicks","format":"[Gen 9] Anything Goes","log":"|j|\u2606Bobadilla4301\n|j|\u2606MemeMimicks\n|t:|1697746187\n|gametype|singles\n|player|p1|Bobadilla4301|lucas|1260\n|player|p2|MemeMimicks|emmet|1292\n|teamsize|p1|6\n|teamsize|p2|6\n|gen|9\n|tier|[Gen 9] Anything Goes\n|rated|\n|rule|HP Percentage Mod: HP is shown in percentages\n|rule|Endless Battle Clause: Forcing endless battles is banned\n|clearpoke\n|poke|p1|Kyogre|\n|poke|p1|Greninja-*, M|\n|poke|p1|Samurott-Hisui, F|\n|poke|p1|Ogerpon-Wellspring, F|\n|poke|p1|Gyarados, M|\n|poke|p1|Milotic, F|\n|poke|p2|Cyclizar, M|\n|poke|p2|Annihilape, M|\n|poke|p2|Staraptor, M|\n|poke|p2|Calyrex-Shadow|\n|poke|p2|Ogerpon-Hearthflame, F|\n|poke|p2|Ursaluna-Bloodmoon, M|\n|teampreview\n|inactive|Battle timer is ON: inactive players will automatically lose when time's up. (requested by Bobadilla4301)\n|\n|t:|1697746206\n|start\n|switch|p1a: Greninja|Greninja, M|100\/100\n|switch|p2a: Annihilape|Annihilape, M|100\/100\n|turn|1\n|\n|t:|1697746218\n|move|p2a: Annihilape|U-turn|p1a: Greninja\n|-supereffective|p1a: Greninja\n|-damage|p1a: Greninja|38\/100\n|\n|t:|1697746224\n|switch|p2a: Cyclizar|Cyclizar, M|100\/100|[from] U-turn\n|move|p1a: Greninja|Extrasensory|p2a: Cyclizar\n|-damage|p2a: Cyclizar|67\/100\n|\n|-heal|p2a: Cyclizar|73\/100|[from] item: Leftovers\n|upkeep\n|turn|2\n|\n|t:|1697746231\n|move|p2a: Cyclizar|Protect|p2a: Cyclizar\n|-singleturn|p2a: Cyclizar|Protect\n|move|p1a: Greninja|Ice Beam|p2a: Cyclizar\n|-activate|p2a: Cyclizar|move: Protect\n|\n|-heal|p2a: Cyclizar|79\/100|[from] item: Leftovers\n|upkeep\n|turn|3\n|\n|t:|1697746239\n|switch|p2a: Ogerpon|Ogerpon-Hearthflame, F|100\/100\n|-ability|p2a: Ogerpon|Mold Breaker\n|move|p1a: Greninja|Ice Beam|p2a: Ogerpon\n|-damage|p2a: Ogerpon|67\/100\n|\n|upkeep\n|turn|4\n|\n|t:|1697746249\n|move|p1a: Greninja|Water Shuriken|p2a: Ogerpon\n|-damage|p2a: Ogerpon|59\/100\n|-damage|p2a: Ogerpon|52\/100\n|-damage|p2a: Ogerpon|43\/100\n|-hitcount|p2a: Ogerpon|3\n|move|p2a: Ogerpon|Horn Leech|p1a: Greninja\n|-supereffective|p1a: Greninja\n|-damage|p1a: Greninja|0 fnt\n|-heal|p2a: Ogerpon|61\/100|[from] drain|[of] p1a: Greninja\n|faint|p1a: Greninja\n|\n|upkeep\n|\n|t:|1697746257\n|switch|p1a: Ogerpon|Ogerpon-Wellspring, F|100\/100\n|turn|5\n|\n|t:|1697746268\n|switch|p2a: Staraptor|Staraptor, M|100\/100\n|-ability|p2a: Staraptor|Intimidate|boost\n|-unboost|p1a: Ogerpon|atk|1\n|move|p1a: Ogerpon|Ivy Cudgel|p2a: Staraptor\n|-damage|p2a: Staraptor|50\/100\n|\n|upkeep\n|turn|6\n|\n|t:|1697746280\n|move|p1a: Ogerpon|Spiky Shield|p1a: Ogerpon\n|-singleturn|p1a: Ogerpon|move: Protect\n|move|p2a: Staraptor|Endeavor|p1a: Ogerpon\n|-activate|p1a: Ogerpon|move: Protect\n|-damage|p2a: Staraptor|38\/100|[from] Spiky Shield|[of] p1a: Ogerpon\n|\n|upkeep\n|turn|7\n|\n|t:|1697746287\n|move|p2a: Staraptor|Endeavor|p1a: Ogerpon\n|-damage|p1a: Ogerpon|47\/100\n|move|p1a: Ogerpon|Ivy Cudgel|p2a: Staraptor\n|-damage|p2a: Staraptor|0 fnt\n|faint|p2a: Staraptor\n|\n|upkeep\n|\n|t:|1697746296\n|switch|p2a: Cyclizar|Cyclizar, M|100\/100\n|turn|8\n|\n|t:|1697746304\n|move|p1a: Ogerpon|Leech Seed|p2a: Cyclizar\n|-start|p2a: Cyclizar|move: Leech Seed\n|move|p2a: Cyclizar|Dragon Tail|p1a: Ogerpon\n|-crit|p1a: Ogerpon\n|-damage|p1a: Ogerpon|10\/100\n|drag|p1a: Milotic|Milotic, F|100\/100\n|\n|-damage|p2a: Cyclizar|88\/100|[from] Leech Seed|[of] p1a: Milotic\n|-status|p1a: Milotic|brn|[from] item: Flame Orb\n|upkeep\n|turn|9\n|\n|t:|1697746313\n|move|p2a: Cyclizar|Shed Tail|p2a: Cyclizar\n|-start|p2a: Cyclizar|Substitute|[from] move: Shed Tail\n|-damage|p2a: Cyclizar|38\/100\n|\n|t:|1697746320\n|switch|p2a: Ogerpon|Ogerpon-Hearthflame, F|61\/100|[from] Shed Tail\n|-ability|p2a: Ogerpon|Mold Breaker\n|move|p1a: Milotic|Avalanche|p2a: Ogerpon\n|-activate|p2a: Ogerpon|move: Substitute|[damage]\n|\n|-damage|p1a: Milotic|94\/100 brn|[from] brn\n|upkeep\n|turn|10\n|\n|t:|1697746330\n|move|p2a: Ogerpon|Horn Leech|p1a: Milotic\n|-supereffective|p1a: Milotic\n|-damage|p1a: Milotic|13\/100 brn\n|-heal|p2a: Ogerpon|100\/100|[from] drain|[of] p1a: Milotic\n|move|p1a: Milotic|Dragon Tail|p2a: Ogerpon\n|-activate|p2a: Ogerpon|move: Substitute|[damage]\n|\n|-damage|p1a: Milotic|7\/100 brn|[from] brn\n|upkeep\n|turn|11\n|\n|t:|1697746345\n|move|p2a: Ogerpon|Swords Dance|p2a: Ogerpon\n|-boost|p2a: Ogerpon|atk|2\n|move|p1a: Milotic|Dragon Tail|p2a: Ogerpon\n|-activate|p2a: Ogerpon|move: Substitute|[damage]\n|\n|-damage|p1a: Milotic|1\/100 brn|[from] brn\n|upkeep\n|turn|12\n|\n|t:|1697746352\n|move|p2a: Ogerpon|Swords Dance|p2a: Ogerpon\n|-boost|p2a: Ogerpon|atk|2\n|move|p1a: Milotic|Dragon Tail|p2a: Ogerpon\n|-end|p2a: Ogerpon|Substitute\n|\n|-damage|p1a: Milotic|0 fnt|[from] brn\n|faint|p1a: Milotic\n|upkeep\n|\n|t:|1697746361\n|switch|p1a: Samurott|Samurott-Hisui, F|100\/100\n|turn|13\n|\n|t:|1697746368\n|move|p1a: Samurott|Aqua Jet|p2a: Ogerpon\n|-damage|p2a: Ogerpon|76\/100\n|move|p2a: Ogerpon|Horn Leech|p1a: Samurott\n|-supereffective|p1a: Samurott\n|-enditem|p1a: Samurott|Focus Sash\n|-damage|p1a: Samurott|1\/100\n|-heal|p2a: Ogerpon|100\/100|[from] drain|[of] p1a: Samurott\n|\n|upkeep\n|turn|14\n|\n|t:|1697746377\n|move|p1a: Samurott|Sucker Punch|p2a: Ogerpon\n|-damage|p2a: Ogerpon|58\/100\n|move|p2a: Ogerpon|Stomping Tantrum|p1a: Samurott\n|-damage|p1a: Samurott|0 fnt\n|faint|p1a: Samurott\n|\n|upkeep\n|\n|t:|1697746384\n|switch|p1a: Ogerpon|Ogerpon-Wellspring, F|10\/100\n|turn|15\n|\n|t:|1697746388\n|move|p1a: Ogerpon|Spiky Shield|p1a: Ogerpon\n|-singleturn|p1a: Ogerpon|move: Protect\n|move|p2a: Ogerpon|Horn Leech|p1a: Ogerpon\n|-activate|p1a: Ogerpon|move: Protect\n|-damage|p2a: Ogerpon|46\/100|[from] Spiky Shield|[of] p1a: Ogerpon\n|\n|upkeep\n|turn|16\n|\n|t:|1697746398\n|move|p2a: Ogerpon|Horn Leech|p1a: Ogerpon\n|-damage|p1a: Ogerpon|0 fnt\n|-heal|p2a: Ogerpon|51\/100|[from] drain|[of] p1a: Ogerpon\n|faint|p1a: Ogerpon\n|\n|upkeep\n|\n|t:|1697746402\n|switch|p1a: Gyarados|Gyarados, M, shiny|100\/100\n|turn|17\n|\n|t:|1697746415\n|move|p2a: Ogerpon|Horn Leech|p1a: Gyarados\n|-damage|p1a: Gyarados|0 fnt\n|-heal|p2a: Ogerpon|100\/100|[from] drain|[of] p1a: Gyarados\n|faint|p1a: Gyarados\n|\n|upkeep\n|\n|t:|1697746418\n|switch|p1a: Kyogre|Kyogre|100\/100\n|-weather|RainDance|[from] ability: Drizzle|[of] p1a: Kyogre\n|turn|18\n|\n|t:|1697746423\n|-terastallize|p1a: Kyogre|Steel\n|move|p1a: Kyogre|Water Spout|p2a: Ogerpon\n|-damage|p2a: Ogerpon|0 fnt\n|faint|p2a: Ogerpon\n|\n|-weather|RainDance|[upkeep]\n|upkeep\n|\n|t:|1697746430\n|switch|p2a: Annihilape|Annihilape, M|100\/100\n|turn|19\n|\n|t:|1697746433\n|move|p2a: Annihilape|Final Gambit|p1a: Kyogre\n|-damage|p1a: Kyogre|0 fnt\n|faint|p2a: Annihilape\n|faint|p1a: Kyogre\n|\n|win|MemeMimicks\n|raw|Bobadilla4301's rating: 1260 &rarr; <strong>1237<\/strong><br \/>(-23 for losing)\n|raw|MemeMimicks's rating: 1292 &rarr; <strong>1315<\/strong><br \/>(+23 for winning)\n|l|\u2606Bobadilla4301\n|c|\u2606MemeMimicks|gg\\\n","uploadtime":1697746447,"views":9,"p1id":"bobadilla4301","p2id":"mememimicks","formatid":"gen9anythinggoes","rating":1237,"private":0,"password":""}