{"id":"gen9anythinggoes-1980478682","p1":"Fretscorch","p2":"Vphil","format":"[Gen 9] Anything Goes","log":"|j|\u2606Fretscorch\n|j|\u203dVphil\n|t:|1698788777\n|gametype|singles\n|player|p1|Fretscorch|guzma-masters|1135\n|player|p2|Vphil|265|1003\n|teamsize|p1|6\n|teamsize|p2|6\n|gen|9\n|tier|[Gen 9] Anything Goes\n|rated|\n|rule|HP Percentage Mod: HP is shown in percentages\n|rule|Endless Battle Clause: Forcing endless battles is banned\n|clearpoke\n|poke|p1|Ogerpon-Hearthflame, F|\n|poke|p1|Calyrex-Shadow|\n|poke|p1|Arceus|\n|poke|p1|Groudon|\n|poke|p1|Urshifu-*, M|\n|poke|p1|Zacian-*|\n|poke|p2|Trevenant, F|\n|poke|p2|Haunter, M|\n|poke|p2|Duskull, M|\n|poke|p2|Chandelure, M|\n|poke|p2|Shuppet, M|\n|poke|p2|Houndstone, F|\n|teampreview\n|n|\u2606Vphil|vphil\n|\n|t:|1698788807\n|start\n|switch|p1a: Ogerpon|Ogerpon-Hearthflame, F|100\/100\n|switch|p2a: Duskull|Duskull, M|100\/100\n|-ability|p1a: Ogerpon|Mold Breaker\n|turn|1\n|c|\u2606Vphil|You want Ubers\n|c|\u2606Fretscorch|This is literally Super Ubers\n|\n|t:|1698788829\n|move|p1a: Ogerpon|Knock Off|p2a: Duskull\n|-supereffective|p2a: Duskull\n|-enditem|p2a: Duskull|Focus Sash\n|-damage|p2a: Duskull|1\/100\n|move|p2a: Duskull|Curse|p1a: Ogerpon\n|-start|p1a: Ogerpon|Curse|[of] p2a: Duskull\n|-damage|p2a: Duskull|0 fnt\n|faint|p2a: Duskull\n|\n|-damage|p1a: Ogerpon|76\/100|[from] Curse\n|upkeep\n|c|\u2606Vphil|Do mine look like Ubers, no point doing stuff you can do in other tiers but whatever\n|\n|t:|1698788874\n|switch|p2a: Trevenant|Trevenant, F|100\/100\n|turn|2\n|\n|t:|1698788884\n|-terastallize|p2a: Trevenant|Poison\n|move|p1a: Ogerpon|Ivy Cudgel|p2a: Trevenant\n|-damage|p2a: Trevenant|25\/100\n|-enditem|p2a: Trevenant|Sitrus Berry|[eat]\n|-heal|p2a: Trevenant|50\/100|[from] item: Sitrus Berry\n|move|p2a: Trevenant|Poison Jab|p1a: Ogerpon\n|-supereffective|p1a: Ogerpon\n|-damage|p1a: Ogerpon|0 fnt\n|faint|p1a: Ogerpon\n|\n|upkeep\n|\n|t:|1698788892\n|switch|p1a: Calyrex|Calyrex-Shadow|100\/100\n|-ability|p1a: Calyrex|As One\n|-ability|p1a: Calyrex|Unnerve\n|turn|3\n|\n|t:|1698788901\n|move|p1a: Calyrex|Psychic|p2a: Trevenant\n|-supereffective|p2a: Trevenant\n|-damage|p2a: Trevenant|0 fnt\n|faint|p2a: Trevenant\n|-ability|p1a: Calyrex|Grim Neigh|boost\n|-boost|p1a: Calyrex|spa|1\n|-damage|p1a: Calyrex|91\/100|[from] item: Life Orb\n|\n|upkeep\n|\n|t:|1698788909\n|switch|p2a: Shuppet|Shuppet, M|100\/100\n|turn|4\n|\n|t:|1698788913\n|move|p2a: Shuppet|Shadow Sneak|p1a: Calyrex\n|-supereffective|p1a: Calyrex\n|-damage|p1a: Calyrex|26\/100\n|move|p1a: Calyrex|Shadow Ball|p2a: Shuppet\n|-supereffective|p2a: Shuppet\n|-enditem|p2a: Shuppet|Focus Sash\n|-damage|p2a: Shuppet|1\/100\n|-damage|p1a: Calyrex|16\/100|[from] item: Life Orb\n|\n|upkeep\n|turn|5\n|j| ChimeBliss\n|\n|t:|1698788924\n|switch|p1a: Arceus|Arceus|100\/100\n|move|p2a: Shuppet|Shadow Sneak|p1a: Arceus\n|-immune|p1a: Arceus\n|\n|upkeep\n|turn|6\n|\n|t:|1698788933\n|switch|p2a: Houndstone|Houndstone, F|100\/100\n|move|p1a: Arceus|Liquidation|p2a: Houndstone\n|-crit|p2a: Houndstone\n|-damage|p2a: Houndstone|64\/100\n|\n|upkeep\n|turn|7\n|\n|t:|1698788944\n|move|p1a: Arceus|Liquidation|p2a: Houndstone\n|-damage|p2a: Houndstone|43\/100\n|move|p2a: Houndstone|Play Rough|p1a: Arceus\n|-damage|p1a: Arceus|72\/100\n|\n|upkeep\n|turn|8\n|\n|t:|1698788954\n|switch|p1a: Groudon|Groudon|100\/100\n|-weather|SunnyDay|[from] ability: Drought|[of] p1a: Groudon\n|move|p2a: Houndstone|Play Rough|p1a: Groudon\n|-damage|p1a: Groudon|74\/100\n|\n|-weather|SunnyDay|[upkeep]\n|-heal|p1a: Groudon|80\/100|[from] item: Leftovers\n|upkeep\n|turn|9\n|\n|t:|1698789003\n|move|p2a: Houndstone|Play Rough|p1a: Groudon\n|-damage|p1a: Groudon|56\/100\n|move|p1a: Groudon|Heat Crash|p2a: Houndstone\n|-damage|p2a: Houndstone|0 fnt\n|faint|p2a: Houndstone\n|\n|-weather|SunnyDay|[upkeep]\n|-heal|p1a: Groudon|63\/100|[from] item: Leftovers\n|upkeep\n|\n|t:|1698789019\n|switch|p2a: Haunter|Haunter, M|100\/100\n|turn|10\n|\n|t:|1698789026\n|move|p2a: Haunter|Toxic|p1a: Groudon\n|-status|p1a: Groudon|tox\n|move|p1a: Groudon|Heat Crash|p2a: Haunter\n|-damage|p2a: Haunter|0 fnt\n|faint|p2a: Haunter\n|\n|-weather|SunnyDay|[upkeep]\n|-heal|p1a: Groudon|69\/100 tox|[from] item: Leftovers\n|-damage|p1a: Groudon|63\/100 tox|[from] psn\n|upkeep\n|\n|t:|1698789037\n|switch|p2a: Chandelure|Chandelure, M|100\/100\n|turn|11\n|\n|t:|1698789041\n|move|p2a: Chandelure|Shadow Ball|p1a: Groudon\n|-damage|p1a: Groudon|22\/100 tox\n|move|p1a: Groudon|Precipice Blades|p2a: Chandelure\n|-supereffective|p2a: Chandelure\n|-damage|p2a: Chandelure|0 fnt\n|faint|p2a: Chandelure\n|\n|-weather|SunnyDay|[upkeep]\n|-heal|p1a: Groudon|28\/100 tox|[from] item: Leftovers\n|-damage|p1a: Groudon|16\/100 tox|[from] psn\n|upkeep\n|c|\u2606Vphil|Really proved a lot this........\n|c|\u2606Fretscorch|You want Monotype\n|\n|t:|1698789063\n|switch|p2a: Shuppet|Shuppet, M|1\/100\n|turn|12\n|inactive|Battle timer is ON: inactive players will automatically lose when time's up. (requested by Fretscorch)\n|inactive|Vphil has 120 seconds left.\n|inactive|Vphil has 90 seconds left.\n|inactive|Vphil has 60 seconds left.\n|inactive|Vphil has 30 seconds left.\n|inactive|Vphil has 20 seconds left.\n|inactive|Vphil has 15 seconds left.\n|inactive|Vphil has 10 seconds left.\n|inactive|Vphil has 5 seconds left.\n|-message|Vphil lost due to inactivity.\n|\n|win|Fretscorch\n|raw|Fretscorch's rating: 1135 &rarr; <strong>1151<\/strong><br \/>(+16 for winning)\n|raw|Vphil's rating: 1003 &rarr; <strong>1000<\/strong><br \/>(-3 for losing)\n|c|\u2606Fretscorch|GG\n","uploadtime":1698789280,"views":6,"p1id":"fretscorch","p2id":"vphil","formatid":"gen9anythinggoes","rating":1000,"private":0,"password":""}