{"id":"gen9anythinggoes-1978459538","p1":"jgblol","p2":"thereal1v1main","format":"[Gen 9] Anything Goes","log":"|j|\u2606jgblol\n|j|\u2606thereal1v1main\n|t:|1698541748\n|gametype|singles\n|player|p1|jgblol|benga|1107\n|player|p2|thereal1v1main|ghetsis|1000\n|teamsize|p1|6\n|teamsize|p2|6\n|gen|9\n|tier|[Gen 9] Anything Goes\n|rated|\n|rule|HP Percentage Mod: HP is shown in percentages\n|rule|Endless Battle Clause: Forcing endless battles is banned\n|clearpoke\n|poke|p1|Scovillain, M|\n|poke|p1|Calyrex-Shadow|\n|poke|p1|Zacian-*|\n|poke|p1|Urshifu-*, M|\n|poke|p1|Gliscor, F|\n|poke|p1|Baxcalibur, M|\n|poke|p2|Golem-Alola, M|\n|poke|p2|Golem-Alola, F|\n|poke|p2|Golem-Alola, F|\n|poke|p2|Golem-Alola, M|\n|poke|p2|Golem-Alola, F|\n|poke|p2|Golem-Alola, M|\n|teampreview\n|inactive|Battle timer is ON: inactive players will automatically lose when time's up. (requested by thereal1v1main)\n|\n|t:|1698541760\n|start\n|switch|p1a: Teenager|Scovillain, M|100\/100\n|switch|p2a: leader|Golem-Alola, F|100\/100\n|turn|1\n|\n|t:|1698541772\n|move|p1a: Teenager|Giga Drain|p2a: leader\n|-supereffective|p2a: leader\n|-damage|p2a: leader|11\/100\n|move|p2a: leader|Explosion|p1a: Teenager\n|-resisted|p1a: Teenager\n|-crit|p1a: Teenager\n|-damage|p1a: Teenager|0 fnt\n|faint|p2a: leader\n|faint|p1a: Teenager\n|\n|upkeep\n|\n|t:|1698541781\n|switch|p1a: Jacky Chan|Urshifu-Rapid-Strike, M|100\/100\n|switch|p2a: boma|Golem-Alola, M|100\/100\n|turn|2\n|\n|t:|1698541786\n|switch|p1a: Death|Calyrex-Shadow|100\/100\n|-ability|p1a: Death|As One\n|-ability|p1a: Death|Unnerve\n|move|p2a: boma|Explosion|p1a: Death\n|-damage|p1a: Death|0 fnt\n|faint|p2a: boma\n|faint|p1a: Death\n|\n|upkeep\n|\n|t:|1698541797\n|switch|p1a: Arthur|Zacian-Crowned|100\/100\n|switch|p2a: boma|Golem-Alola, F|100\/100\n|-ability|p1a: Arthur|Intrepid Sword|boost\n|-boost|p1a: Arthur|atk|1\n|turn|3\n|\n|t:|1698541807\n|move|p1a: Arthur|Behemoth Blade|p2a: boma\n|-damage|p2a: boma|32\/100\n|move|p2a: boma|Explosion|p1a: Arthur\n|-damage|p1a: Arthur|0 fnt\n|faint|p2a: boma\n|faint|p1a: Arthur\n|\n|upkeep\n|\n|t:|1698541817\n|switch|p1a: Murder|Baxcalibur, M|100\/100\n|switch|p2a: boma|Golem-Alola, M|100\/100\n|turn|4\n|\n|t:|1698541829\n|move|p1a: Murder|Protect|p1a: Murder\n|-singleturn|p1a: Murder|Protect\n|move|p2a: boma|Explosion|p1a: Murder\n|-activate|p1a: Murder|move: Protect\n|faint|p2a: boma\n|\n|upkeep\n|\n|t:|1698541834\n|switch|p2a: boma|Golem-Alola, F|100\/100\n|turn|5\n|\n|t:|1698541849\n|move|p1a: Murder|Icicle Spear|p2a: boma\n|-damage|p2a: boma|90\/100\n|-damage|p2a: boma|79\/100\n|-damage|p2a: boma|67\/100\n|-damage|p2a: boma|57\/100\n|-hitcount|p2a: boma|4\n|move|p2a: boma|Stone Edge|p1a: Murder\n|-supereffective|p1a: Murder\n|-damage|p1a: Murder|0 fnt\n|faint|p1a: Murder\n|\n|upkeep\n|\n|t:|1698541860\n|switch|p1a: Run child run|Gliscor, F, shiny|100\/100\n|turn|6\n|\n|t:|1698541864\n|move|p1a: Run child run|Earthquake|p2a: boma\n|-supereffective|p2a: boma\n|-damage|p2a: boma|0 fnt\n|faint|p2a: boma\n|\n|-status|p1a: Run child run|tox|[from] item: Toxic Orb\n|upkeep\n|\n|t:|1698541869\n|switch|p2a: boma|Golem-Alola, M|100\/100\n|turn|7\n|\n|t:|1698541877\n|move|p1a: Run child run|Facade|p2a: boma\n|-resisted|p2a: boma\n|-damage|p2a: boma|86\/100\n|move|p2a: boma|Heavy Slam|p1a: Run child run\n|-damage|p1a: Run child run|43\/100 tox\n|\n|-heal|p1a: Run child run|55\/100 tox|[from] ability: Poison Heal\n|upkeep\n|turn|8\n|\n|t:|1698541888\n|move|p1a: Run child run|Facade|p2a: boma\n|-resisted|p2a: boma\n|-damage|p2a: boma|72\/100\n|move|p2a: boma|Heavy Slam|p1a: Run child run\n|-damage|p1a: Run child run|0 fnt\n|faint|p1a: Run child run\n|\n|upkeep\n|\n|t:|1698541896\n|switch|p1a: Jacky Chan|Urshifu-Rapid-Strike, M|100\/100\n|turn|9\n|\n|t:|1698541900\n|-terastallize|p2a: boma|Electric\n|move|p1a: Jacky Chan|Surging Strikes|p2a: boma\n|-crit|p2a: boma\n|-damage|p2a: boma|53\/100\n|-crit|p2a: boma\n|-damage|p2a: boma|33\/100\n|-crit|p2a: boma\n|-damage|p2a: boma|13\/100\n|-hitcount|p2a: boma|3\n|-damage|p1a: Jacky Chan|91\/100|[from] item: Life Orb\n|move|p2a: boma|Heavy Slam|p1a: Jacky Chan\n|-resisted|p1a: Jacky Chan\n|-crit|p1a: Jacky Chan\n|-damage|p1a: Jacky Chan|59\/100\n|\n|upkeep\n|turn|10\n|c|\u2606thereal1v1main|gg\n|\n|t:|1698541919\n|move|p1a: Jacky Chan|Surging Strikes|p2a: boma\n|-crit|p2a: boma\n|-damage|p2a: boma|0 fnt\n|faint|p2a: boma\n|-hitcount|p2: boma|1\n|-damage|p1a: Jacky Chan|49\/100|[from] item: Life Orb\n|\n|win|jgblol\n|raw|jgblol's rating: 1107 &rarr; <strong>1125<\/strong><br \/>(+18 for winning)\n|raw|thereal1v1main's rating: 1000 &rarr; <strong>1000<\/strong><br \/>(+0 for losing)\n","uploadtime":1698541927,"views":13,"p1id":"jgblol","p2id":"thereal1v1main","formatid":"gen9anythinggoes","rating":1000,"private":0,"password":""}