{"id":"gen9anythinggoes-1993464190","p1":"Hawkman100","p2":"Boyko Luc","format":"[Gen 9] Anything Goes","log":"|j|\u2606Hawkman100\n|j|\u2606Boyko Luc\n|t:|1700321087\n|gametype|singles\n|player|p1|Hawkman100|102|1269\n|player|p2|Boyko Luc|265|1176\n|teamsize|p1|6\n|teamsize|p2|6\n|gen|9\n|tier|[Gen 9] Anything Goes\n|rated|\n|rule|HP Percentage Mod: HP is shown in percentages\n|rule|Endless Battle Clause: Forcing endless battles is banned\n|clearpoke\n|poke|p1|Iron Bundle|\n|poke|p1|Corviknight, F|\n|poke|p1|Clodsire, M|\n|poke|p1|Calyrex-Shadow|\n|poke|p1|Arceus|\n|poke|p1|Eternatus|\n|poke|p2|Slowking-Galar, F|\n|poke|p2|Ting-Lu|\n|poke|p2|Volcanion|\n|poke|p2|Iron Valiant|\n|poke|p2|Rayquaza|\n|poke|p2|Miraidon|\n|teampreview\n|inactive|Battle timer is ON: inactive players will automatically lose when time's up. (requested by Hawkman100)\n|\n|t:|1700321127\n|start\n|switch|p1a: Iron Bundle|Iron Bundle|100\/100\n|switch|p2a: Rayquaza|Rayquaza, shiny|100\/100\n|-ability|p2a: Rayquaza|Air Lock\n|-enditem|p1a: Iron Bundle|Booster Energy\n|-activate|p1a: Iron Bundle|ability: Quark Drive|[fromitem]\n|-start|p1a: Iron Bundle|quarkdrivespe\n|turn|1\n|\n|t:|1700321139\n|-terastallize|p1a: Iron Bundle|Fairy\n|move|p1a: Iron Bundle|Taunt|p2a: Rayquaza\n|-start|p2a: Rayquaza|move: Taunt\n|move|p2a: Rayquaza|Dragon Ascent|p1a: Iron Bundle\n|-damage|p1a: Iron Bundle|10\/100\n|-unboost|p2a: Rayquaza|def|1\n|-unboost|p2a: Rayquaza|spd|1\n|\n|upkeep\n|turn|2\n|\n|t:|1700321150\n|move|p2a: Rayquaza|Extreme Speed|p1a: Iron Bundle\n|-damage|p1a: Iron Bundle|0 fnt\n|faint|p1a: Iron Bundle\n|-end|p1a: Iron Bundle|Quark Drive|[silent]\n|\n|upkeep\n|\n|t:|1700321163\n|switch|p1a: Arceus|Arceus|100\/100\n|turn|3\n|\n|t:|1700321169\n|switch|p2a: Iron Valiant|Iron Valiant, shiny|100\/100\n|move|p1a: Arceus|Calm Mind|p1a: Arceus\n|-boost|p1a: Arceus|spa|1\n|-boost|p1a: Arceus|spd|1\n|\n|upkeep\n|turn|4\n|\n|t:|1700321182\n|switch|p1a: Calyrex|Calyrex-Shadow|100\/100\n|-ability|p1a: Calyrex|As One\n|-ability|p1a: Calyrex|Unnerve\n|move|p2a: Iron Valiant|Psyshock|p1a: Calyrex\n|-resisted|p1a: Calyrex\n|-damage|p1a: Calyrex|77\/100\n|\n|upkeep\n|turn|5\n|\n|t:|1700321196\n|-end|p2a: Iron Valiant|Quark Drive|[silent]\n|switch|p2a: Ting-Lu|Ting-Lu|100\/100\n|-ability|p2a: Ting-Lu|Vessel of Ruin\n|move|p1a: Calyrex|Psychic|p2a: Ting-Lu\n|-immune|p2a: Ting-Lu\n|\n|upkeep\n|turn|6\n|\n|t:|1700321208\n|move|p1a: Calyrex|Astral Barrage|p2a: Ting-Lu\n|-resisted|p2a: Ting-Lu\n|-damage|p2a: Ting-Lu|85\/100\n|move|p2a: Ting-Lu|Ruination|p1a: Calyrex\n|-damage|p1a: Calyrex|39\/100\n|\n|-heal|p2a: Ting-Lu|91\/100|[from] item: Leftovers\n|upkeep\n|turn|7\n|\n|t:|1700321217\n|move|p1a: Calyrex|Grass Knot|p2a: Ting-Lu\n|-supereffective|p2a: Ting-Lu\n|-damage|p2a: Ting-Lu|51\/100\n|move|p2a: Ting-Lu|Earthquake|p1a: Calyrex\n|-damage|p1a: Calyrex|0 fnt\n|faint|p1a: Calyrex\n|\n|-heal|p2a: Ting-Lu|58\/100|[from] item: Leftovers\n|upkeep\n|\n|t:|1700321226\n|switch|p1a: Clodsire|Clodsire, M|100\/100\n|turn|8\n|\n|t:|1700321231\n|move|p2a: Ting-Lu|Stealth Rock|p1a: Clodsire\n|-sidestart|p1: Hawkman100|move: Stealth Rock\n|move|p1a: Clodsire|Yawn|p2a: Ting-Lu\n|-start|p2a: Ting-Lu|move: Yawn|[of] p1a: Clodsire\n|\n|-heal|p2a: Ting-Lu|64\/100|[from] item: Leftovers\n|upkeep\n|turn|9\n|\n|t:|1700321253\n|switch|p2a: Rayquaza|Rayquaza, shiny|100\/100\n|-ability|p2a: Rayquaza|Air Lock\n|move|p1a: Clodsire|Toxic Spikes|p2a: Rayquaza\n|-sidestart|p2: Boyko Luc|move: Toxic Spikes\n|\n|upkeep\n|turn|10\n|\n|t:|1700321261\n|move|p2a: Rayquaza|Dragon Dance|p2a: Rayquaza\n|-boost|p2a: Rayquaza|atk|1\n|-boost|p2a: Rayquaza|spe|1\n|move|p1a: Clodsire|Yawn|p2a: Rayquaza\n|-start|p2a: Rayquaza|move: Yawn|[of] p1a: Clodsire\n|\n|upkeep\n|turn|11\n|\n|t:|1700321272\n|switch|p2a: Slowking|Slowking-Galar, F, shiny|100\/100\n|-sideend|p2: Boyko Luc|move: Toxic Spikes|[of] p2a: Slowking\n|move|p1a: Clodsire|Spikes|p2a: Slowking\n|-sidestart|p2: Boyko Luc|Spikes\n|\n|upkeep\n|turn|12\n|\n|t:|1700321286\n|move|p1a: Clodsire|Yawn|p2a: Slowking\n|-start|p2a: Slowking|move: Yawn|[of] p1a: Clodsire\n|move|p2a: Slowking|Future Sight|p1a: Clodsire\n|-start|p2a: Slowking|move: Future Sight\n|\n|upkeep\n|turn|13\n|\n|t:|1700321298\n|switch|p2a: Rayquaza|Rayquaza, shiny|100\/100\n|-ability|p2a: Rayquaza|Air Lock\n|move|p1a: Clodsire|Toxic Spikes|p2a: Rayquaza\n|-sidestart|p2: Boyko Luc|move: Toxic Spikes\n|\n|upkeep\n|turn|14\n|\n|t:|1700321311\n|switch|p2a: Slowking|Slowking-Galar, F, shiny|100\/100\n|-sideend|p2: Boyko Luc|move: Toxic Spikes|[of] p2a: Slowking\n|move|p1a: Clodsire|Yawn|p2a: Slowking\n|-start|p2a: Slowking|move: Yawn|[of] p1a: Clodsire\n|\n|-end|p1a: Clodsire|move: Future Sight\n|-supereffective|p1a: Clodsire\n|-damage|p1a: Clodsire|49\/100\n|-heal|p1a: Clodsire|55\/100|[from] item: Black Sludge\n|upkeep\n|turn|15\n|\n|t:|1700321321\n|move|p1a: Clodsire|Yawn||[still]\n|-fail|p1a: Clodsire\n|move|p2a: Slowking|Future Sight|p1a: Clodsire\n|-start|p2a: Slowking|move: Future Sight\n|\n|-heal|p1a: Clodsire|61\/100|[from] item: Black Sludge\n|-end|p2a: Slowking|move: Yawn|[silent]\n|-status|p2a: Slowking|slp\n|upkeep\n|turn|16\n|\n|t:|1700321330\n|move|p1a: Clodsire|Toxic Spikes|p2a: Slowking\n|-sidestart|p2: Boyko Luc|move: Toxic Spikes\n|cant|p2a: Slowking|slp\n|\n|-heal|p1a: Clodsire|68\/100|[from] item: Black Sludge\n|upkeep\n|turn|17\n|\n|t:|1700321336\n|switch|p2a: Rayquaza|Rayquaza, shiny|100\/100\n|-ability|p2a: Rayquaza|Air Lock\n|move|p1a: Clodsire|Spikes|p2a: Rayquaza\n|-sidestart|p2: Boyko Luc|Spikes\n|\n|-end|p1a: Clodsire|move: Future Sight\n|-supereffective|p1a: Clodsire\n|-damage|p1a: Clodsire|17\/100\n|-heal|p1a: Clodsire|23\/100|[from] item: Black Sludge\n|upkeep\n|turn|18\n|\n|t:|1700321346\n|move|p2a: Rayquaza|Extreme Speed|p1a: Clodsire\n|-damage|p1a: Clodsire|0 fnt\n|faint|p1a: Clodsire\n|\n|upkeep\n|\n|t:|1700321351\n|switch|p1a: Arceus|Arceus|100\/100\n|-damage|p1a: Arceus|88\/100|[from] Stealth Rock\n|turn|19\n|\n|t:|1700321360\n|move|p1a: Arceus|Calm Mind|p1a: Arceus\n|-boost|p1a: Arceus|spa|1\n|-boost|p1a: Arceus|spd|1\n|move|p2a: Rayquaza|Dragon Dance|p2a: Rayquaza\n|-boost|p2a: Rayquaza|atk|1\n|-boost|p2a: Rayquaza|spe|1\n|\n|-heal|p1a: Arceus|94\/100|[from] item: Leftovers\n|upkeep\n|turn|20\n|\n|t:|1700321368\n|move|p2a: Rayquaza|Dragon Dance|p2a: Rayquaza\n|-boost|p2a: Rayquaza|atk|1\n|-boost|p2a: Rayquaza|spe|1\n|move|p1a: Arceus|Dragon Claw|p2a: Rayquaza\n|-supereffective|p2a: Rayquaza\n|-damage|p2a: Rayquaza|40\/100\n|\n|-heal|p1a: Arceus|99\/100|[from] item: Leftovers\n|upkeep\n|turn|21\n|\n|t:|1700321376\n|move|p1a: Arceus|Extreme Speed|p2a: Rayquaza\n|-damage|p2a: Rayquaza|0 fnt\n|faint|p2a: Rayquaza\n|\n|-heal|p1a: Arceus|100\/100|[from] item: Leftovers\n|upkeep\n|\n|t:|1700321383\n|switch|p2a: Slowking|Slowking-Galar, F, shiny|100\/100 slp\n|-sideend|p2: Boyko Luc|move: Toxic Spikes|[of] p2a: Slowking\n|turn|22\n|\n|t:|1700321400\n|move|p1a: Arceus|Shadow Ball|p2a: Slowking\n|-supereffective|p2a: Slowking\n|-damage|p2a: Slowking|55\/100 slp\n|cant|p2a: Slowking|slp\n|\n|upkeep\n|turn|23\n|\n|t:|1700321406\n|move|p1a: Arceus|Calm Mind|p1a: Arceus\n|-boost|p1a: Arceus|spa|1\n|-boost|p1a: Arceus|spd|1\n|cant|p2a: Slowking|slp\n|\n|upkeep\n|turn|24\n|\n|t:|1700321422\n|switch|p2a: Ting-Lu|Ting-Lu|64\/100\n|-damage|p2a: Ting-Lu|47\/100|[from] Spikes\n|-ability|p2a: Ting-Lu|Vessel of Ruin\n|move|p1a: Arceus|Shadow Ball|p2a: Ting-Lu\n|-resisted|p2a: Ting-Lu\n|-crit|p2a: Ting-Lu\n|-damage|p2a: Ting-Lu|33\/100\n|\n|-heal|p2a: Ting-Lu|39\/100|[from] item: Leftovers\n|upkeep\n|turn|25\n|\n|t:|1700321438\n|move|p1a: Arceus|Extreme Speed|p2a: Ting-Lu\n|-damage|p2a: Ting-Lu|16\/100\n|move|p2a: Ting-Lu|Whirlwind|p1a: Arceus\n|drag|p1a: Corviknight|Corviknight, F|100\/100\n|-damage|p1a: Corviknight|88\/100|[from] Stealth Rock\n|-ability|p1a: Corviknight|Pressure\n|\n|-heal|p2a: Ting-Lu|23\/100|[from] item: Leftovers\n|upkeep\n|turn|26\n|\n|t:|1700321452\n|switch|p2a: Volcanion|Volcanion|100\/100\n|-damage|p2a: Volcanion|84\/100|[from] Spikes\n|move|p1a: Corviknight|Bulk Up|p1a: Corviknight\n|-boost|p1a: Corviknight|atk|1\n|-boost|p1a: Corviknight|def|1\n|\n|-heal|p2a: Volcanion|90\/100|[from] item: Leftovers\n|upkeep\n|turn|27\n|\n|t:|1700321466\n|move|p2a: Volcanion|Fire Blast|p1a: Corviknight\n|-supereffective|p1a: Corviknight\n|-damage|p1a: Corviknight|0 fnt\n|faint|p1a: Corviknight\n|\n|-heal|p2a: Volcanion|96\/100|[from] item: Leftovers\n|upkeep\n|\n|t:|1700321474\n|switch|p1a: Eternatus|Eternatus|100\/100\n|-damage|p1a: Eternatus|88\/100|[from] Stealth Rock\n|-ability|p1a: Eternatus|Pressure\n|turn|28\n|\n|t:|1700321487\n|move|p1a: Eternatus|Cosmic Power|p1a: Eternatus\n|-boost|p1a: Eternatus|def|1\n|-boost|p1a: Eternatus|spd|1\n|move|p2a: Volcanion|Steam Eruption|p1a: Eternatus\n|-resisted|p1a: Eternatus\n|-damage|p1a: Eternatus|74\/100\n|-status|p1a: Eternatus|brn\n|\n|-heal|p1a: Eternatus|80\/100 brn|[from] item: Leftovers\n|-heal|p2a: Volcanion|100\/100|[from] item: Leftovers\n|-damage|p1a: Eternatus|74\/100 brn|[from] brn\n|upkeep\n|turn|29\n|\n|t:|1700321509\n|switch|p2a: Iron Valiant|Iron Valiant, shiny|100\/100\n|-damage|p2a: Iron Valiant|84\/100|[from] Spikes\n|move|p1a: Eternatus|Fire Spin|p2a: Iron Valiant\n|-damage|p2a: Iron Valiant|62\/100\n|-activate|p2a: Iron Valiant|move: Fire Spin|[of] p1a: Eternatus\n|\n|-heal|p1a: Eternatus|80\/100 brn|[from] item: Leftovers\n|-damage|p1a: Eternatus|74\/100 brn|[from] brn\n|-damage|p2a: Iron Valiant|50\/100|[from] move: Fire Spin|[partiallytrapped]\n|upkeep\n|turn|30\n|\n|t:|1700321523\n|move|p1a: Eternatus|Cosmic Power|p1a: Eternatus\n|-boost|p1a: Eternatus|def|1\n|-boost|p1a: Eternatus|spd|1\n|move|p2a: Iron Valiant|Moonblast|p1a: Eternatus\n|-damage|p1a: Eternatus|47\/100 brn\n|-unboost|p1a: Eternatus|spa|1\n|\n|-heal|p1a: Eternatus|53\/100 brn|[from] item: Leftovers\n|-damage|p1a: Eternatus|47\/100 brn|[from] brn\n|-damage|p2a: Iron Valiant|38\/100|[from] move: Fire Spin|[partiallytrapped]\n|upkeep\n|turn|31\n|\n|t:|1700321541\n|-terastallize|p2a: Iron Valiant|Ghost\n|move|p1a: Eternatus|Recover|p1a: Eternatus\n|-heal|p1a: Eternatus|97\/100 brn\n|move|p2a: Iron Valiant|Moonblast|p1a: Eternatus\n|-damage|p1a: Eternatus|70\/100 brn\n|\n|-heal|p1a: Eternatus|76\/100 brn|[from] item: Leftovers\n|-damage|p1a: Eternatus|70\/100 brn|[from] brn\n|-damage|p2a: Iron Valiant|25\/100|[from] move: Fire Spin|[partiallytrapped]\n|upkeep\n|turn|32\n|\n|t:|1700321552\n|move|p1a: Eternatus|Sludge Bomb|p2a: Iron Valiant\n|-resisted|p2a: Iron Valiant\n|-damage|p2a: Iron Valiant|2\/100\n|-status|p2a: Iron Valiant|psn\n|move|p2a: Iron Valiant|Moonblast|p1a: Eternatus\n|-damage|p1a: Eternatus|43\/100 brn\n|\n|-heal|p1a: Eternatus|49\/100 brn|[from] item: Leftovers\n|-damage|p2a: Iron Valiant|0 fnt|[from] psn\n|faint|p2a: Iron Valiant\n|-end|p2a: Iron Valiant|Quark Drive|[silent]\n|-damage|p1a: Eternatus|43\/100 brn|[from] brn\n|upkeep\n|inactive|Boyko Luc has 120 seconds left.\n|\n|t:|1700321572\n|switch|p2a: Slowking|Slowking-Galar, F, shiny|88\/100 slp\n|turn|33\n|inactive|Boyko Luc has 120 seconds left.\n|\n|t:|1700321578\n|move|p1a: Eternatus|Recover|p1a: Eternatus\n|-heal|p1a: Eternatus|93\/100 brn\n|-curestatus|p2a: Slowking|slp|[msg]\n|move|p2a: Slowking|Future Sight|p1a: Eternatus\n|-start|p2a: Slowking|move: Future Sight\n|\n|-heal|p1a: Eternatus|99\/100 brn|[from] item: Leftovers\n|-damage|p1a: Eternatus|93\/100 brn|[from] brn\n|upkeep\n|turn|34\n|\n|t:|1700321587\n|move|p1a: Eternatus|Fire Spin|p2a: Slowking\n|-damage|p2a: Slowking|83\/100\n|-activate|p2a: Slowking|move: Fire Spin|[of] p1a: Eternatus\n|move|p2a: Slowking|Thunder Wave||[still]\n|-fail|p2a: Slowking\n|\n|-heal|p1a: Eternatus|99\/100 brn|[from] item: Leftovers\n|-damage|p1a: Eternatus|93\/100 brn|[from] brn\n|-damage|p2a: Slowking|71\/100|[from] move: Fire Spin|[partiallytrapped]\n|upkeep\n|turn|35\n|\n|t:|1700321599\n|move|p1a: Eternatus|Sludge Bomb|p2a: Slowking\n|-resisted|p2a: Slowking\n|-damage|p2a: Slowking|61\/100\n|move|p2a: Slowking|Thunder Wave||[still]\n|-fail|p2a: Slowking\n|\n|-end|p1a: Eternatus|move: Future Sight\n|-supereffective|p1a: Eternatus\n|-damage|p1a: Eternatus|61\/100 brn\n|-heal|p1a: Eternatus|67\/100 brn|[from] item: Leftovers\n|-damage|p1a: Eternatus|61\/100 brn|[from] brn\n|-damage|p2a: Slowking|49\/100|[from] move: Fire Spin|[partiallytrapped]\n|upkeep\n|turn|36\n|\n|t:|1700321611\n|move|p1a: Eternatus|Cosmic Power|p1a: Eternatus\n|-boost|p1a: Eternatus|def|1\n|-boost|p1a: Eternatus|spd|1\n|move|p2a: Slowking|Future Sight|p1a: Eternatus\n|-start|p2a: Slowking|move: Future Sight\n|\n|-heal|p1a: Eternatus|67\/100 brn|[from] item: Leftovers\n|-damage|p1a: Eternatus|61\/100 brn|[from] brn\n|-damage|p2a: Slowking|37\/100|[from] move: Fire Spin|[partiallytrapped]\n|upkeep\n|turn|37\n|\n|t:|1700321621\n|move|p1a: Eternatus|Recover|p1a: Eternatus\n|-heal|p1a: Eternatus|100\/100 brn\n|move|p2a: Slowking|Chilly Reception|p2a: Slowking\n|-weather|Snow\n|inactive|Boyko Luc has 120 seconds left.\n|\n|t:|1700321635\n|switch|p2a: Miraidon|Miraidon|100\/100|[from] Chilly Reception\n|-damage|p2a: Miraidon|84\/100|[from] Spikes\n|-fieldstart|move: Electric Terrain|[from] ability: Hadron Engine|[of] p2a: Miraidon\n|\n|-weather|Snow|[upkeep]\n|-heal|p2a: Miraidon|90\/100|[from] item: Leftovers\n|-damage|p1a: Eternatus|94\/100 brn|[from] brn\n|upkeep\n|turn|38\n|inactive|Boyko Luc has 120 seconds left.\n|\n|t:|1700321648\n|move|p2a: Miraidon|Dragon Pulse|p1a: Eternatus\n|-supereffective|p1a: Eternatus\n|-damage|p1a: Eternatus|63\/100 brn\n|move|p1a: Eternatus|Sludge Bomb|p2a: Miraidon\n|-damage|p2a: Miraidon|67\/100\n|\n|-weather|Snow|[upkeep]\n|-end|p1a: Eternatus|move: Future Sight\n|-supereffective|p1a: Eternatus\n|-damage|p1a: Eternatus|35\/100 brn\n|-heal|p2a: Miraidon|73\/100|[from] item: Leftovers\n|-heal|p1a: Eternatus|41\/100 brn|[from] item: Leftovers\n|-damage|p1a: Eternatus|35\/100 brn|[from] brn\n|upkeep\n|turn|39\n|inactive|Boyko Luc has 120 seconds left.\n|\n|t:|1700321660\n|move|p2a: Miraidon|Dragon Pulse|p1a: Eternatus\n|-supereffective|p1a: Eternatus\n|-damage|p1a: Eternatus|6\/100 brn\n|move|p1a: Eternatus|Recover|p1a: Eternatus\n|-heal|p1a: Eternatus|56\/100 brn\n|\n|-weather|Snow|[upkeep]\n|-heal|p2a: Miraidon|79\/100|[from] item: Leftovers\n|-heal|p1a: Eternatus|62\/100 brn|[from] item: Leftovers\n|-damage|p1a: Eternatus|56\/100 brn|[from] brn\n|upkeep\n|turn|40\n|\n|t:|1700321671\n|move|p2a: Miraidon|Calm Mind|p2a: Miraidon\n|-boost|p2a: Miraidon|spa|1\n|-boost|p2a: Miraidon|spd|1\n|move|p1a: Eternatus|Recover|p1a: Eternatus\n|-heal|p1a: Eternatus|100\/100 brn\n|\n|-weather|Snow|[upkeep]\n|-heal|p2a: Miraidon|85\/100|[from] item: Leftovers\n|-damage|p1a: Eternatus|94\/100 brn|[from] brn\n|upkeep\n|turn|41\n|\n|t:|1700321680\n|move|p2a: Miraidon|Calm Mind|p2a: Miraidon\n|-boost|p2a: Miraidon|spa|1\n|-boost|p2a: Miraidon|spd|1\n|move|p1a: Eternatus|Fire Spin|p2a: Miraidon\n|-resisted|p2a: Miraidon\n|-damage|p2a: Miraidon|84\/100\n|-activate|p2a: Miraidon|move: Fire Spin|[of] p1a: Eternatus\n|\n|-weather|none\n|-heal|p2a: Miraidon|90\/100|[from] item: Leftovers\n|-heal|p1a: Eternatus|100\/100 brn|[from] item: Leftovers\n|-damage|p1a: Eternatus|94\/100 brn|[from] brn\n|-damage|p2a: Miraidon|77\/100|[from] move: Fire Spin|[partiallytrapped]\n|-fieldend|move: Electric Terrain\n|upkeep\n|turn|42\n|\n|t:|1700321694\n|move|p2a: Miraidon|Calm Mind|p2a: Miraidon\n|-boost|p2a: Miraidon|spa|1\n|-boost|p2a: Miraidon|spd|1\n|move|p1a: Eternatus|Sludge Bomb|p2a: Miraidon\n|-damage|p2a: Miraidon|69\/100\n|\n|-heal|p2a: Miraidon|75\/100|[from] item: Leftovers\n|-heal|p1a: Eternatus|100\/100 brn|[from] item: Leftovers\n|-damage|p1a: Eternatus|94\/100 brn|[from] brn\n|-damage|p2a: Miraidon|62\/100|[from] move: Fire Spin|[partiallytrapped]\n|upkeep\n|turn|43\n|\n|t:|1700321708\n|move|p2a: Miraidon|Parabolic Charge|p1a: Eternatus\n|-resisted|p1a: Eternatus\n|-damage|p1a: Eternatus|84\/100 brn\n|-heal|p2a: Miraidon|69\/100|[from] drain|[of] p1a: Eternatus\n|move|p1a: Eternatus|Cosmic Power|p1a: Eternatus\n|-boost|p1a: Eternatus|def|1\n|-boost|p1a: Eternatus|spd|1\n|\n|-heal|p2a: Miraidon|75\/100|[from] item: Leftovers\n|-heal|p1a: Eternatus|90\/100 brn|[from] item: Leftovers\n|-damage|p1a: Eternatus|84\/100 brn|[from] brn\n|-damage|p2a: Miraidon|62\/100|[from] move: Fire Spin|[partiallytrapped]\n|upkeep\n|turn|44\n|\n|t:|1700321722\n|move|p2a: Miraidon|Calm Mind|p2a: Miraidon\n|-boost|p2a: Miraidon|spa|1\n|-boost|p2a: Miraidon|spd|1\n|move|p1a: Eternatus|Sludge Bomb|p2a: Miraidon\n|-damage|p2a: Miraidon|54\/100\n|\n|-heal|p2a: Miraidon|60\/100|[from] item: Leftovers\n|-heal|p1a: Eternatus|90\/100 brn|[from] item: Leftovers\n|-damage|p1a: Eternatus|84\/100 brn|[from] brn\n|-damage|p2a: Miraidon|47\/100|[from] move: Fire Spin|[partiallytrapped]\n|upkeep\n|turn|45\n|\n|t:|1700321735\n|move|p2a: Miraidon|Dazzling Gleam|p1a: Eternatus\n|-damage|p1a: Eternatus|65\/100 brn\n|move|p1a: Eternatus|Sludge Bomb|p2a: Miraidon\n|-damage|p2a: Miraidon|40\/100\n|\n|-heal|p2a: Miraidon|46\/100|[from] item: Leftovers\n|-heal|p1a: Eternatus|72\/100 brn|[from] item: Leftovers\n|-damage|p1a: Eternatus|65\/100 brn|[from] brn\n|-damage|p2a: Miraidon|34\/100|[from] move: Fire Spin|[partiallytrapped]\n|upkeep\n|turn|46\n|\n|t:|1700321747\n|move|p2a: Miraidon|Parabolic Charge|p1a: Eternatus\n|-resisted|p1a: Eternatus\n|-damage|p1a: Eternatus|54\/100 brn\n|-heal|p2a: Miraidon|41\/100|[from] drain|[of] p1a: Eternatus\n|move|p1a: Eternatus|Fire Spin|p2a: Miraidon\n|-resisted|p2a: Miraidon\n|-damage|p2a: Miraidon|40\/100\n|\n|-heal|p2a: Miraidon|46\/100|[from] item: Leftovers\n|-heal|p1a: Eternatus|60\/100 brn|[from] item: Leftovers\n|-damage|p1a: Eternatus|54\/100 brn|[from] brn\n|-end|p2a: Miraidon|Fire Spin|[partiallytrapped]\n|upkeep\n|turn|47\n|\n|t:|1700321760\n|move|p2a: Miraidon|Parabolic Charge|p1a: Eternatus\n|-resisted|p1a: Eternatus\n|-damage|p1a: Eternatus|44\/100 brn\n|-heal|p2a: Miraidon|53\/100|[from] drain|[of] p1a: Eternatus\n|move|p1a: Eternatus|Fire Spin|p2a: Miraidon\n|-resisted|p2a: Miraidon\n|-damage|p2a: Miraidon|52\/100\n|-activate|p2a: Miraidon|move: Fire Spin|[of] p1a: Eternatus\n|\n|-heal|p2a: Miraidon|58\/100|[from] item: Leftovers\n|-heal|p1a: Eternatus|50\/100 brn|[from] item: Leftovers\n|-damage|p1a: Eternatus|44\/100 brn|[from] brn\n|-damage|p2a: Miraidon|45\/100|[from] move: Fire Spin|[partiallytrapped]\n|upkeep\n|turn|48\n|\n|t:|1700321780\n|move|p2a: Miraidon|Calm Mind|p2a: Miraidon\n|-boost|p2a: Miraidon|spa|1\n|-boost|p2a: Miraidon|spd|1\n|move|p1a: Eternatus|Recover|p1a: Eternatus\n|-heal|p1a: Eternatus|94\/100 brn\n|\n|-heal|p2a: Miraidon|52\/100|[from] item: Leftovers\n|-heal|p1a: Eternatus|99\/100 brn|[from] item: Leftovers\n|-damage|p1a: Eternatus|94\/100 brn|[from] brn\n|-damage|p2a: Miraidon|39\/100|[from] move: Fire Spin|[partiallytrapped]\n|upkeep\n|turn|49\n|\n|t:|1700321790\n|move|p2a: Miraidon|Parabolic Charge|p1a: Eternatus\n|-resisted|p1a: Eternatus\n|-damage|p1a: Eternatus|81\/100 brn\n|-heal|p2a: Miraidon|47\/100|[from] drain|[of] p1a: Eternatus\n|move|p1a: Eternatus|Sludge Bomb|p2a: Miraidon\n|-damage|p2a: Miraidon|41\/100\n|\n|-heal|p2a: Miraidon|47\/100|[from] item: Leftovers\n|-heal|p1a: Eternatus|87\/100 brn|[from] item: Leftovers\n|-damage|p1a: Eternatus|81\/100 brn|[from] brn\n|-damage|p2a: Miraidon|35\/100|[from] move: Fire Spin|[partiallytrapped]\n|upkeep\n|turn|50\n|\n|t:|1700321803\n|move|p2a: Miraidon|Calm Mind|p2a: Miraidon\n|-boost|p2a: Miraidon|spa|1\n|-boost|p2a: Miraidon|spd|1\n|move|p1a: Eternatus|Sludge Bomb|p2a: Miraidon\n|-damage|p2a: Miraidon|29\/100\n|\n|-heal|p2a: Miraidon|35\/100|[from] item: Leftovers\n|-heal|p1a: Eternatus|87\/100 brn|[from] item: Leftovers\n|-damage|p1a: Eternatus|81\/100 brn|[from] brn\n|-damage|p2a: Miraidon|23\/100|[from] move: Fire Spin|[partiallytrapped]\n|upkeep\n|turn|51\n|\n|t:|1700321816\n|move|p2a: Miraidon|Parabolic Charge|p1a: Eternatus\n|-resisted|p1a: Eternatus\n|-damage|p1a: Eternatus|67\/100 brn\n|-heal|p2a: Miraidon|31\/100|[from] drain|[of] p1a: Eternatus\n|move|p1a: Eternatus|Sludge Bomb|p2a: Miraidon\n|-damage|p2a: Miraidon|25\/100\n|-status|p2a: Miraidon|psn\n|\n|-heal|p2a: Miraidon|32\/100 psn|[from] item: Leftovers\n|-heal|p1a: Eternatus|74\/100 brn|[from] item: Leftovers\n|-damage|p2a: Miraidon|19\/100 psn|[from] psn\n|-damage|p1a: Eternatus|67\/100 brn|[from] brn\n|-damage|p2a: Miraidon|7\/100 psn|[from] move: Fire Spin|[partiallytrapped]\n|upkeep\n|turn|52\n|\n|t:|1700321830\n|move|p2a: Miraidon|Dragon Pulse|p1a: Eternatus\n|-supereffective|p1a: Eternatus\n|-damage|p1a: Eternatus|0 fnt\n|faint|p1a: Eternatus\n|\n|-heal|p2a: Miraidon|13\/100 psn|[from] item: Leftovers\n|-damage|p2a: Miraidon|0 fnt|[from] psn\n|faint|p2a: Miraidon\n|upkeep\n|c|\u2606Boyko Luc|phew\n|c|\u2606Hawkman100|Oh lucky shot\n|\n|t:|1700321849\n|switch|p2a: Slowking|Slowking-Galar, F, shiny|70\/100\n|switch|p1a: Arceus|Arceus|100\/100\n|-damage|p1a: Arceus|88\/100|[from] Stealth Rock\n|turn|53\n|c|\u2606Boyko Luc|yep\n|inactive|Boyko Luc has 120 seconds left.\n|c|\u2606Boyko Luc|woulda defenitely lost\n|\n|t:|1700321887\n|move|p1a: Arceus|Calm Mind|p1a: Arceus\n|-boost|p1a: Arceus|spa|1\n|-boost|p1a: Arceus|spd|1\n|move|p2a: Slowking|Future Sight|p1a: Arceus\n|-start|p2a: Slowking|move: Future Sight\n|\n|-heal|p1a: Arceus|94\/100|[from] item: Leftovers\n|upkeep\n|turn|54\n|c|\u2606Hawkman100|Yep\n|\n|t:|1700321896\n|move|p1a: Arceus|Calm Mind|p1a: Arceus\n|-boost|p1a: Arceus|spa|1\n|-boost|p1a: Arceus|spd|1\n|move|p2a: Slowking|Thunder Wave|p1a: Arceus\n|-status|p1a: Arceus|par\n|\n|-heal|p1a: Arceus|99\/100 par|[from] item: Leftovers\n|upkeep\n|turn|55\n|\n|t:|1700321904\n|move|p1a: Arceus|Extreme Speed|p2a: Slowking\n|-damage|p2a: Slowking|36\/100\n|move|p2a: Slowking|Sludge Bomb|p1a: Arceus\n|-damage|p1a: Arceus|90\/100 par\n|\n|-end|p1a: Arceus|move: Future Sight\n|-damage|p1a: Arceus|75\/100 par\n|-heal|p1a: Arceus|82\/100 par|[from] item: Leftovers\n|upkeep\n|turn|56\n|\n|t:|1700321915\n|cant|p1a: Arceus|par\n|move|p2a: Slowking|Sludge Bomb|p1a: Arceus\n|-damage|p1a: Arceus|71\/100 par\n|\n|-heal|p1a: Arceus|77\/100 par|[from] item: Leftovers\n|upkeep\n|turn|57\n|\n|t:|1700321922\n|cant|p1a: Arceus|par\n|move|p2a: Slowking|Sludge Bomb|p1a: Arceus\n|-damage|p1a: Arceus|66\/100 par\n|\n|-heal|p1a: Arceus|72\/100 par|[from] item: Leftovers\n|upkeep\n|turn|58\n|inactive|Boyko Luc has 120 seconds left.\n|\n|t:|1700321936\n|switch|p2a: Volcanion|Volcanion|100\/100\n|-damage|p2a: Volcanion|84\/100|[from] Spikes\n|move|p1a: Arceus|Shadow Ball|p2a: Volcanion\n|-damage|p2a: Volcanion|38\/100\n|\n|-heal|p2a: Volcanion|44\/100|[from] item: Leftovers\n|-heal|p1a: Arceus|78\/100 par|[from] item: Leftovers\n|upkeep\n|turn|59\n|inactive|Boyko Luc has 120 seconds left.\n|\n|t:|1700321950\n|move|p1a: Arceus|Extreme Speed|p2a: Volcanion\n|-damage|p2a: Volcanion|12\/100\n|move|p2a: Volcanion|Steam Eruption|p1a: Arceus\n|-damage|p1a: Arceus|59\/100 par\n|\n|-heal|p2a: Volcanion|18\/100|[from] item: Leftovers\n|-heal|p1a: Arceus|65\/100 par|[from] item: Leftovers\n|upkeep\n|turn|60\n|inactive|Boyko Luc has 120 seconds left.\n|\n|t:|1700321963\n|move|p2a: Volcanion|Steam Eruption|p1a: Arceus|[miss]\n|-miss|p2a: Volcanion|p1a: Arceus\n|move|p1a: Arceus|Shadow Ball|p2a: Volcanion\n|-damage|p2a: Volcanion|0 fnt\n|faint|p2a: Volcanion\n|\n|-heal|p1a: Arceus|71\/100 par|[from] item: Leftovers\n|upkeep\n|\n|t:|1700321971\n|switch|p2a: Slowking|Slowking-Galar, F, shiny|69\/100\n|turn|61\n|inactive|Boyko Luc has 120 seconds left.\n|\n|t:|1700321981\n|move|p1a: Arceus|Shadow Ball|p2a: Slowking\n|-supereffective|p2a: Slowking\n|-damage|p2a: Slowking|8\/100\n|move|p2a: Slowking|Sludge Bomb|p1a: Arceus\n|-damage|p1a: Arceus|59\/100 par\n|\n|-heal|p1a: Arceus|65\/100 par|[from] item: Leftovers\n|upkeep\n|turn|62\n|inactive|Boyko Luc has 120 seconds left.\n|\n|t:|1700321992\n|move|p1a: Arceus|Extreme Speed|p2a: Slowking\n|-damage|p2a: Slowking|0 fnt\n|faint|p2a: Slowking\n|\n|-heal|p1a: Arceus|71\/100 par|[from] item: Leftovers\n|upkeep\n|inactive|Boyko Luc has 120 seconds left.\n|\n|t:|1700321998\n|switch|p2a: Ting-Lu|Ting-Lu|23\/100\n|-damage|p2a: Ting-Lu|6\/100|[from] Spikes\n|-ability|p2a: Ting-Lu|Vessel of Ruin\n|turn|63\n|c|\u2606Boyko Luc|gg\n|inactive|Boyko Luc has 120 seconds left.\n|\n|t:|1700322008\n|move|p1a: Arceus|Extreme Speed|p2a: Ting-Lu\n|-damage|p2a: Ting-Lu|0 fnt\n|faint|p2a: Ting-Lu\n|\n|win|Hawkman100\n|raw|Hawkman100's rating: 1269 &rarr; <strong>1287<\/strong><br \/>(+18 for winning)\n|raw|Boyko Luc's rating: 1176 &rarr; <strong>1158<\/strong><br \/>(-18 for losing)\n|c|\u2606Hawkman100|Gg dude wsa close dude\n|c|\u2606Boyko Luc|noice\n|c|\u2606Boyko Luc|yep\n","uploadtime":1700322033,"views":2,"p1id":"hawkman100","p2id":"boykoluc","formatid":"gen9anythinggoes","rating":1158,"private":0,"password":""}