{"id":"gen9anythinggoes-1993613249","p1":"Macacazx12","p2":"ValterCDS","format":"[Gen 9] Anything Goes","log":"|j|\u2606Macacazx12\n|j|\u2606ValterCDS\n|t:|1700337537\n|gametype|singles\n|player|p1|Macacazx12|170|\n|player|p2|ValterCDS|101|\n|teamsize|p1|6\n|teamsize|p2|6\n|gen|9\n|tier|[Gen 9] Anything Goes\n|rule|HP Percentage Mod: HP is shown in percentages\n|rule|Endless Battle Clause: Forcing endless battles is banned\n|clearpoke\n|poke|p1|Darkrai|\n|poke|p1|Rayquaza|\n|poke|p1|Gengar, M|\n|poke|p1|Lucario, F|\n|poke|p1|Hydreigon, F|\n|poke|p1|Lycanroc-Midnight, M|\n|poke|p2|Mamoswine, M|\n|poke|p2|Pelipper, M|\n|poke|p2|Jirachi|\n|poke|p2|Garchomp, M|\n|poke|p2|Ludicolo, F|\n|poke|p2|Infernape, M|\n|teampreview\n|\n|t:|1700337545\n|start\n|switch|p1a: Rayquaza|Rayquaza, shiny|100\/100\n|switch|p2a: lima mei|Garchomp, M|100\/100\n|-ability|p1a: Rayquaza|Air Lock\n|turn|1\n|\n|t:|1700337552\n|move|p2a: lima mei|Stealth Rock|p1a: Rayquaza\n|-sidestart|p1: Macacazx12|move: Stealth Rock\n|move|p1a: Rayquaza|Outrage|p2a: lima mei\n|-supereffective|p2a: lima mei\n|-damage|p2a: lima mei|0 fnt\n|-damage|p1a: Rayquaza|88\/100|[from] ability: Rough Skin|[of] p2a: lima mei\n|faint|p2a: lima mei\n|\n|-heal|p1a: Rayquaza|94\/100|[from] item: Leftovers\n|upkeep\n|\n|t:|1700337558\n|switch|p2a: Shu passeios|Mamoswine, M|100\/100\n|turn|2\n|\n|t:|1700337563\n|move|p2a: Shu passeios|Icicle Crash|p1a: Rayquaza\n|-supereffective|p1a: Rayquaza\n|-damage|p1a: Rayquaza|0 fnt\n|faint|p1a: Rayquaza\n|-damage|p2a: Shu passeios|91\/100|[from] item: Life Orb\n|\n|upkeep\n|\n|t:|1700337573\n|switch|p1a: Gengar|Gengar, M|100\/100\n|-damage|p1a: Gengar|88\/100|[from] Stealth Rock\n|turn|3\n|\n|t:|1700337580\n|move|p1a: Gengar|Sunny Day|p1a: Gengar\n|-weather|SunnyDay\n|move|p2a: Shu passeios|Knock Off|p1a: Gengar\n|-supereffective|p1a: Gengar\n|-damage|p1a: Gengar|0 fnt\n|-enditem|p1a: Gengar|Focus Sash|[from] move: Knock Off|[of] p2a: Shu passeios\n|faint|p1a: Gengar\n|-damage|p2a: Shu passeios|81\/100|[from] item: Life Orb\n|\n|-weather|SunnyDay|[upkeep]\n|upkeep\n|c|\u2606ValterCDS|peido\n|\n|t:|1700337609\n|switch|p1a: Lycanroc|Lycanroc-Midnight, M|100\/100\n|-damage|p1a: Lycanroc|88\/100|[from] Stealth Rock\n|turn|4\n|\n|t:|1700337619\n|move|p2a: Shu passeios|Ice Shard|p1a: Lycanroc\n|-damage|p1a: Lycanroc|50\/100\n|-damage|p2a: Shu passeios|71\/100|[from] item: Life Orb\n|move|p1a: Lycanroc|Fire Punch|p2a: Shu passeios\n|-supereffective|p2a: Shu passeios\n|-damage|p2a: Shu passeios|14\/100\n|\n|-weather|SunnyDay|[upkeep]\n|upkeep\n|turn|5\n|\n|t:|1700337627\n|move|p2a: Shu passeios|Ice Shard|p1a: Lycanroc\n|-crit|p1a: Lycanroc\n|-damage|p1a: Lycanroc|0 fnt\n|faint|p1a: Lycanroc\n|-damage|p2a: Shu passeios|4\/100|[from] item: Life Orb\n|\n|-weather|SunnyDay|[upkeep]\n|upkeep\n|\n|t:|1700337634\n|switch|p1a: Hydreigon|Hydreigon, F|100\/100\n|-damage|p1a: Hydreigon|88\/100|[from] Stealth Rock\n|turn|6\n|\n|t:|1700337639\n|move|p1a: Hydreigon|U-turn|p2a: Shu passeios\n|-damage|p2a: Shu passeios|0 fnt\n|faint|p2a: Shu passeios\n|\n|t:|1700337643\n|switch|p1a: Darkrai|Darkrai, shiny|100\/100|[from] U-turn\n|-damage|p1a: Darkrai|88\/100|[from] Stealth Rock\n|\n|-weather|SunnyDay|[upkeep]\n|upkeep\n|\n|t:|1700337646\n|switch|p2a: Pelipper|Pelipper, M|100\/100\n|-weather|RainDance|[from] ability: Drizzle|[of] p2a: Pelipper\n|turn|7\n|\n|t:|1700337653\n|move|p1a: Darkrai|Hypnosis|p2a: Pelipper\n|-status|p2a: Pelipper|slp|[from] move: Hypnosis\n|cant|p2a: Pelipper|slp\n|\n|-weather|RainDance|[upkeep]\n|-damage|p2a: Pelipper|88\/100 slp|[from] ability: Bad Dreams|[of] p1a: Darkrai\n|upkeep\n|turn|8\n|\n|t:|1700337659\n|move|p1a: Darkrai|Calm Mind|p1a: Darkrai\n|-boost|p1a: Darkrai|spa|1\n|-boost|p1a: Darkrai|spd|1\n|cant|p2a: Pelipper|slp\n|\n|-weather|RainDance|[upkeep]\n|-damage|p2a: Pelipper|76\/100 slp|[from] ability: Bad Dreams|[of] p1a: Darkrai\n|upkeep\n|turn|9\n|\n|t:|1700337665\n|move|p1a: Darkrai|Dream Eater|p2a: Pelipper\n|-damage|p2a: Pelipper|9\/100 slp\n|-heal|p1a: Darkrai|100\/100|[from] drain|[of] p2a: Pelipper\n|-curestatus|p2a: Pelipper|slp|[msg]\n|move|p2a: Pelipper|U-turn|p1a: Darkrai\n|-supereffective|p1a: Darkrai\n|-damage|p1a: Darkrai|81\/100\n|\n|t:|1700337670\n|switch|p2a: ticomia|Ludicolo, F|100\/100|[from] U-turn\n|\n|-weather|RainDance|[upkeep]\n|upkeep\n|turn|10\n|\n|t:|1700337685\n|move|p2a: ticomia|Hydro Pump|p1a: Darkrai|[miss]\n|-miss|p2a: ticomia|p1a: Darkrai\n|move|p1a: Darkrai|Hypnosis|p2a: ticomia|[miss]\n|-miss|p1a: Darkrai|p2a: ticomia\n|\n|-weather|RainDance|[upkeep]\n|upkeep\n|turn|11\n|\n|t:|1700337691\n|move|p2a: ticomia|Hydro Pump|p1a: Darkrai\n|-damage|p1a: Darkrai|11\/100\n|-damage|p2a: ticomia|91\/100|[from] item: Life Orb\n|move|p1a: Darkrai|Hypnosis|p2a: ticomia|[miss]\n|-miss|p1a: Darkrai|p2a: ticomia\n|\n|-weather|RainDance|[upkeep]\n|upkeep\n|turn|12\n|\n|t:|1700337703\n|move|p2a: ticomia|Ice Beam|p1a: Darkrai\n|-damage|p1a: Darkrai|0 fnt\n|faint|p1a: Darkrai\n|-damage|p2a: ticomia|81\/100|[from] item: Life Orb\n|\n|-weather|RainDance|[upkeep]\n|upkeep\n|\n|t:|1700337709\n|switch|p1a: Hydreigon|Hydreigon, F|88\/100\n|-damage|p1a: Hydreigon|75\/100|[from] Stealth Rock\n|turn|13\n|\n|t:|1700337722\n|move|p2a: ticomia|Ice Beam|p1a: Hydreigon\n|-supereffective|p1a: Hydreigon\n|-damage|p1a: Hydreigon|2\/100\n|-damage|p2a: ticomia|71\/100|[from] item: Life Orb\n|move|p1a: Hydreigon|Hydro Pump|p2a: ticomia|[miss]\n|-miss|p1a: Hydreigon|p2a: ticomia\n|\n|-weather|RainDance|[upkeep]\n|-heal|p1a: Hydreigon|8\/100|[from] item: Leftovers\n|upkeep\n|turn|14\n|\n|t:|1700337732\n|move|p2a: ticomia|Ice Beam|p1a: Hydreigon\n|-supereffective|p1a: Hydreigon\n|-damage|p1a: Hydreigon|0 fnt\n|faint|p1a: Hydreigon\n|-damage|p2a: ticomia|62\/100|[from] item: Life Orb\n|\n|-weather|none\n|upkeep\n|\n|t:|1700337741\n|switch|p1a: Lucario|Lucario, F, shiny|100\/100\n|-damage|p1a: Lucario|98\/100|[from] Stealth Rock\n|turn|15\n|\n|t:|1700337747\n|-terastallize|p1a: Lucario|Fighting\n|move|p1a: Lucario|Swords Dance|p1a: Lucario\n|-boost|p1a: Lucario|atk|2\n|move|p2a: ticomia|Rain Dance|p2a: ticomia\n|-weather|RainDance\n|\n|-weather|RainDance|[upkeep]\n|upkeep\n|turn|16\n|\n|t:|1700337755\n|move|p2a: ticomia|Hydro Pump|p1a: Lucario\n|-damage|p1a: Lucario|0 fnt\n|faint|p1a: Lucario\n|-damage|p2a: ticomia|52\/100|[from] item: Life Orb\n|\n|win|ValterCDS\n","uploadtime":1700337761,"views":4,"p1id":"macacazx12","p2id":"valtercds","formatid":"gen9anythinggoes","rating":0,"private":0,"password":""}