{"id":"gen9anythinggoes-1976892520","p1":"fishy145","p2":"RiverWater46","format":"[Gen 9] Anything Goes","log":"|j|\u2606fishy145\n|j|\u2606RiverWater46\n|t:|1698350021\n|gametype|singles\n|player|p1|fishy145|265|1225\n|player|p2|RiverWater46|roark|1215\n|teamsize|p1|6\n|teamsize|p2|6\n|gen|9\n|tier|[Gen 9] Anything Goes\n|rated|\n|rule|HP Percentage Mod: HP is shown in percentages\n|rule|Endless Battle Clause: Forcing endless battles is banned\n|clearpoke\n|poke|p1|Azumarill, M|\n|poke|p1|Cloyster, M|\n|poke|p1|Gholdengo|\n|poke|p1|Clodsire, F|\n|poke|p1|Gliscor, M|\n|poke|p1|Chi-Yu|\n|poke|p2|Meowscarada, F|\n|poke|p2|Lucario, F|\n|poke|p2|Lycanroc-Dusk, F|\n|poke|p2|Iron Bundle|\n|poke|p2|Zoroark-Hisui, F|\n|poke|p2|Dachsbun, F|\n|teampreview\n|\n|t:|1698350033\n|start\n|switch|p1a: Clodsire|Clodsire, F|100\/100\n|switch|p2a: Meowscarada|Meowscarada, F, shiny|100\/100\n|turn|1\n|\n|t:|1698350041\n|move|p2a: Meowscarada|Flower Trick|p1a: Clodsire\n|-start|p2a: Meowscarada|typechange|Grass|[from] ability: Protean\n|-crit|p1a: Clodsire\n|-damage|p1a: Clodsire|47\/100\n|move|p1a: Clodsire|Toxic|p2a: Meowscarada\n|-status|p2a: Meowscarada|tox\n|\n|-heal|p1a: Clodsire|53\/100|[from] item: Leftovers\n|-damage|p2a: Meowscarada|94\/100 tox|[from] psn\n|upkeep\n|turn|2\n|\n|t:|1698350052\n|move|p2a: Meowscarada|Flower Trick|p1a: Clodsire\n|-crit|p1a: Clodsire\n|-damage|p1a: Clodsire|0 fnt\n|faint|p1a: Clodsire\n|\n|-damage|p2a: Meowscarada|82\/100 tox|[from] psn\n|upkeep\n|\n|t:|1698350058\n|switch|p1a: Chi-Yu|Chi-Yu|100\/100\n|-ability|p1a: Chi-Yu|Beads of Ruin\n|turn|3\n|\n|t:|1698350074\n|-terastallize|p1a: Chi-Yu|Fire\n|move|p1a: Chi-Yu|Fire Blast|p2a: Meowscarada\n|-supereffective|p2a: Meowscarada\n|-damage|p2a: Meowscarada|0 fnt\n|faint|p2a: Meowscarada\n|\n|upkeep\n|\n|t:|1698350090\n|switch|p2a: Lycanroc|Lycanroc-Dusk, F, shiny|100\/100\n|turn|4\n|\n|t:|1698350094\n|move|p1a: Chi-Yu|Fire Blast|p2a: Lycanroc\n|-resisted|p2a: Lycanroc\n|-damage|p2a: Lycanroc|3\/100\n|move|p2a: Lycanroc|Stone Edge|p1a: Chi-Yu\n|-supereffective|p1a: Chi-Yu\n|-damage|p1a: Chi-Yu|0 fnt\n|faint|p1a: Chi-Yu\n|-damage|p2a: Lycanroc|0 fnt|[from] item: Life Orb\n|faint|p2a: Lycanroc\n|\n|upkeep\n|\n|t:|1698350109\n|switch|p2a: Iron Bundle|Iron Bundle|100\/100\n|switch|p1a: Gliscor|Gliscor, M|100\/100\n|-enditem|p2a: Iron Bundle|Booster Energy\n|-activate|p2a: Iron Bundle|ability: Quark Drive|[fromitem]\n|-start|p2a: Iron Bundle|quarkdrivespa\n|turn|5\n|\n|t:|1698350126\n|switch|p1a: Cloyster|Cloyster, M|100\/100\n|move|p2a: Iron Bundle|Ice Beam|p1a: Cloyster\n|-resisted|p1a: Cloyster\n|-damage|p1a: Cloyster|54\/100\n|\n|upkeep\n|turn|6\n|\n|t:|1698350137\n|move|p2a: Iron Bundle|Ice Beam|p1a: Cloyster\n|-resisted|p1a: Cloyster\n|-damage|p1a: Cloyster|15\/100\n|-enditem|p1a: Cloyster|Sitrus Berry|[eat]\n|-heal|p1a: Cloyster|40\/100|[from] item: Sitrus Berry\n|move|p1a: Cloyster|Rock Blast|p2a: Iron Bundle\n|-supereffective|p2a: Iron Bundle\n|-damage|p2a: Iron Bundle|80\/100\n|-supereffective|p2a: Iron Bundle\n|-damage|p2a: Iron Bundle|61\/100\n|-supereffective|p2a: Iron Bundle\n|-damage|p2a: Iron Bundle|44\/100\n|-supereffective|p2a: Iron Bundle\n|-damage|p2a: Iron Bundle|25\/100\n|-supereffective|p2a: Iron Bundle\n|-damage|p2a: Iron Bundle|4\/100\n|-hitcount|p2a: Iron Bundle|5\n|\n|upkeep\n|turn|7\n|\n|t:|1698350152\n|move|p2a: Iron Bundle|Freeze-Dry|p1a: Cloyster\n|-damage|p1a: Cloyster|0 fnt\n|faint|p1a: Cloyster\n|\n|upkeep\n|\n|t:|1698350160\n|switch|p1a: Gholdengo|Gholdengo|100\/100\n|turn|8\n|c|\u2606RiverWater46|!data gholdengo\n|raw|<div class=\"message\"><ul class=\"utilichart\"><li class=\"result\"><span class=\"col numcol\">OU<\/span> <span class=\"col iconcol\"><psicon pokemon=\"gholdengo\"\/><\/span> <span class=\"col pokemonnamecol\" style=\"white-space:nowrap\"><a href=\"https:\/\/dex.pokemonshowdown.com\/pokemon\/gholdengo\" target=\"_blank\">Gholdengo<\/a><\/span> <span class=\"col typecol\"><img src=\"https:\/\/play.pokemonshowdown.com\/sprites\/types\/Steel.png\" alt=\"Steel\" height=\"14\" width=\"32\"><img src=\"https:\/\/play.pokemonshowdown.com\/sprites\/types\/Ghost.png\" alt=\"Ghost\" height=\"14\" width=\"32\"><\/span> <span style=\"float:left;min-height:26px\"><span class=\"col abilitycol\">Good as Gold<\/span><span class=\"col abilitycol\"><\/span><\/span><span style=\"float:left;min-height:26px\"><span class=\"col statcol\"><em>HP<\/em><br \/>87<\/span> <span class=\"col statcol\"><em>Atk<\/em><br \/>60<\/span> <span class=\"col statcol\"><em>Def<\/em><br \/>95<\/span> <span class=\"col statcol\"><em>SpA<\/em><br \/>133<\/span> <span class=\"col statcol\"><em>SpD<\/em><br \/>91<\/span> <span class=\"col statcol\"><em>Spe<\/em><br \/>84<\/span> <span class=\"col bstcol\"><em>BST<br \/>550<\/em><\/span> <\/span><\/li><li style=\"clear:both\"><\/li><\/ul><\/div>\n\n|\n|t:|1698350186\n|move|p2a: Iron Bundle|Ice Beam|p1a: Gholdengo\n|-resisted|p1a: Gholdengo\n|-damage|p1a: Gholdengo|60\/100\n|move|p1a: Gholdengo|Focus Blast|p2a: Iron Bundle\n|-supereffective|p2a: Iron Bundle\n|-damage|p2a: Iron Bundle|0 fnt\n|faint|p2a: Iron Bundle\n|-end|p2a: Iron Bundle|Quark Drive|[silent]\n|\n|upkeep\n|\n|t:|1698350193\n|switch|p2a: Dachsbun|Dachsbun, F, shiny|100\/100\n|turn|9\n|\n|t:|1698350201\n|move|p2a: Dachsbun|Bitter Malice|p1a: Gholdengo\n|-supereffective|p1a: Gholdengo\n|-damage|p1a: Gholdengo|0 fnt\n|faint|p1a: Gholdengo\n|\n|upkeep\n|\n|t:|1698350209\n|switch|p1a: Gliscor|Gliscor, M|100\/100\n|turn|10\n|\n|t:|1698350223\n|move|p2a: Dachsbun|Bitter Malice|p1a: Gliscor\n|-damage|p1a: Gliscor|52\/100\n|-unboost|p1a: Gliscor|atk|1\n|move|p1a: Gliscor|Swords Dance|p1a: Gliscor\n|-boost|p1a: Gliscor|atk|2\n|\n|-status|p1a: Gliscor|tox|[from] item: Toxic Orb\n|upkeep\n|turn|11\n|\n|t:|1698350235\n|move|p2a: Dachsbun|Bitter Malice|p1a: Gliscor\n|-damage|p1a: Gliscor|10\/100 tox\n|-unboost|p1a: Gliscor|atk|1\n|move|p1a: Gliscor|Earthquake|p2a: Dachsbun\n|-damage|p2a: Dachsbun|27\/100\n|replace|p2a: Zoroark|Zoroark-Hisui, F, shiny\n|-end|p2a: Zoroark|Illusion\n|\n|-heal|p1a: Gliscor|22\/100 tox|[from] ability: Poison Heal\n|upkeep\n|turn|12\n|\n|t:|1698350248\n|move|p2a: Zoroark|Sludge Bomb|p1a: Gliscor\n|-resisted|p1a: Gliscor\n|-crit|p1a: Gliscor\n|-damage|p1a: Gliscor|0 fnt\n|faint|p1a: Gliscor\n|\n|upkeep\n|\n|t:|1698350253\n|switch|p1a: Azumarill|Azumarill, M|100\/100\n|turn|13\n|\n|t:|1698350259\n|move|p1a: Azumarill|Aqua Jet|p2a: Zoroark\n|-damage|p2a: Zoroark|0 fnt\n|faint|p2a: Zoroark\n|\n|upkeep\n|\n|t:|1698350275\n|switch|p2a: Lucario|Lucario, F, shiny|100\/100\n|turn|14\n|\n|t:|1698350282\n|-terastallize|p2a: Lucario|Steel\n|move|p2a: Lucario|Flash Cannon|p1a: Azumarill\n|-damage|p1a: Azumarill|34\/100\n|-enditem|p1a: Azumarill|Sitrus Berry|[eat]\n|-heal|p1a: Azumarill|59\/100|[from] item: Sitrus Berry\n|move|p1a: Azumarill|Belly Drum|p1a: Azumarill\n|-damage|p1a: Azumarill|9\/100\n|-setboost|p1a: Azumarill|atk|6|[from] move: Belly Drum\n|\n|upkeep\n|turn|15\n|\n|t:|1698350293\n|move|p1a: Azumarill|Aqua Jet|p2a: Lucario\n|-crit|p2a: Lucario\n|-damage|p2a: Lucario|0 fnt\n|faint|p2a: Lucario\n|\n|upkeep\n|\n|t:|1698350297\n|switch|p2a: Dachsbun|Dachsbun, F, shiny|100\/100\n|turn|16\n|\n|t:|1698350309\n|move|p1a: Azumarill|Aqua Jet|p2a: Dachsbun\n|-damage|p2a: Dachsbun|15\/100\n|move|p2a: Dachsbun|Play Rough|p1a: Azumarill|[miss]\n|-miss|p2a: Dachsbun|p1a: Azumarill\n|\n|-heal|p2a: Dachsbun|21\/100|[from] item: Leftovers\n|upkeep\n|turn|17\n|c|\u2606fishy145|What\n|c|\u2606RiverWater46|damn\n|\n|t:|1698350325\n|move|p2a: Dachsbun|Protect|p2a: Dachsbun\n|-singleturn|p2a: Dachsbun|Protect\n|move|p1a: Azumarill|Aqua Jet|p2a: Dachsbun\n|-activate|p2a: Dachsbun|move: Protect\n|\n|-heal|p2a: Dachsbun|27\/100|[from] item: Leftovers\n|upkeep\n|turn|18\n|c|\u2606RiverWater46|u got lucky\n|c|\u2606fishy145|Fr\n|c|\u2606RiverWater46|gg\n|\n|t:|1698350341\n|move|p1a: Azumarill|Aqua Jet|p2a: Dachsbun\n|-damage|p2a: Dachsbun|0 fnt\n|faint|p2a: Dachsbun\n|\n|win|fishy145\n|raw|fishy145's rating: 1225 &rarr; <strong>1249<\/strong><br \/>(+24 for winning)\n|raw|RiverWater46's rating: 1215 &rarr; <strong>1191<\/strong><br \/>(-24 for losing)\n|c|\u2606fishy145|Was in the middle of typing gg when it missed\n|c|\u2606fishy145|GG\n","uploadtime":1698350367,"views":8,"p1id":"fishy145","p2id":"riverwater46","formatid":"gen9anythinggoes","rating":1191,"private":0,"password":""}