{"id":"gen9anythinggoes-1973867272","p1":"Fluuu2","p2":"babyball","format":"[Gen 9] Anything Goes","log":"|j|\u2606Fluuu2\n|j|\u2606babyball\n|t:|1698022268\n|gametype|singles\n|player|p1|Fluuu2|caitlin|\n|player|p2|babyball|265|\n|teamsize|p1|6\n|teamsize|p2|6\n|gen|9\n|tier|[Gen 9] Anything Goes\n|rule|HP Percentage Mod: HP is shown in percentages\n|rule|Endless Battle Clause: Forcing endless battles is banned\n|clearpoke\n|poke|p1|Bronzong|\n|poke|p1|Zoroark, F|\n|poke|p1|Ursaluna-Bloodmoon, M|\n|poke|p1|Milotic, F|\n|poke|p1|Chandelure, F|\n|poke|p1|Garganacl, F|\n|poke|p2|Chi-Yu|\n|poke|p2|Wyrdeer, M|\n|poke|p2|Ogerpon, F|\n|poke|p2|Scream Tail|\n|poke|p2|Haxorus, F|\n|poke|p2|Quaquaval, M|\n|teampreview\n|j| Sam00769\n|\n|t:|1698022369\n|start\n|switch|p1a: WALL|Milotic, F|100\/100\n|switch|p2a: Ogerpon|Ogerpon, F|100\/100\n|turn|1\n|c| Sam00769|3\n|c| Sam00769|2\n|c| Sam00769|1\n|c| Sam00769|fight\n|\n|t:|1698022422\n|move|p2a: Ogerpon|U-turn|p1a: WALL\n|-damage|p1a: WALL|72\/100\n|\n|t:|1698022435\n|switch|p2a: Quaquaval|Quaquaval, M|100\/100|[from] U-turn\n|move|p1a: WALL|Ice Beam|p2a: Quaquaval\n|-resisted|p2a: Quaquaval\n|-damage|p2a: Quaquaval|86\/100\n|\n|-heal|p1a: WALL|78\/100|[from] item: Leftovers\n|upkeep\n|turn|2\n|\n|t:|1698022516\n|move|p2a: Quaquaval|Aqua Step|p1a: WALL\n|-resisted|p1a: WALL\n|-damage|p1a: WALL|55\/100\n|-boost|p2a: Quaquaval|spe|1\n|-damage|p2a: Quaquaval|76\/100|[from] item: Life Orb\n|move|p1a: WALL|Flip Turn|p2a: Quaquaval\n|-resisted|p2a: Quaquaval\n|-damage|p2a: Quaquaval|67\/100\n|\n|t:|1698022526\n|switch|p1a: :)|Chandelure, F|100\/100|[from] Flip Turn\n|\n|upkeep\n|turn|3\n|\n|t:|1698022533\n|move|p2a: Quaquaval|Aqua Step|p1a: :)\n|-enditem|p1a: :)|Focus Sash\n|-damage|p1a: :)|1\/100\n|-boost|p2a: Quaquaval|spe|1\n|replace|p1a: Zoroark|Zoroark, F, shiny\n|-end|p1a: Zoroark|Illusion\n|-damage|p2a: Quaquaval|57\/100|[from] item: Life Orb\n|move|p1a: Zoroark|Grass Knot|p2a: Quaquaval\n|-supereffective|p2a: Quaquaval\n|-damage|p2a: Quaquaval|0 fnt\n|faint|p2a: Quaquaval\n|\n|upkeep\n|\n|t:|1698022542\n|switch|p2a: Ogerpon|Ogerpon, F|100\/100\n|turn|4\n|j| Memek1p\n|\n|t:|1698022557\n|move|p2a: Ogerpon|U-turn|p1a: Zoroark\n|-supereffective|p1a: Zoroark\n|-damage|p1a: Zoroark|0 fnt\n|faint|p1a: Zoroark\n|\n|t:|1698022565\n|switch|p2a: Wyrdeer|Wyrdeer, M|100\/100|[from] U-turn\n|\n|upkeep\n|j| Nathanore5450\n|\n|t:|1698022598\n|switch|p1a: WALL|Garganacl, F|100\/100\n|turn|5\n|\n|t:|1698022611\n|move|p2a: Wyrdeer|Psychic|p1a: WALL\n|-damage|p1a: WALL|75\/100\n|move|p1a: WALL|Stealth Rock|p2a: Wyrdeer\n|-sidestart|p2: babyball|move: Stealth Rock\n|\n|-heal|p1a: WALL|81\/100|[from] item: Leftovers\n|upkeep\n|turn|6\n|\n|t:|1698022618\n|switch|p2a: Ogerpon|Ogerpon, F|100\/100\n|-damage|p2a: Ogerpon|88\/100|[from] Stealth Rock\n|move|p1a: WALL|Recover|p1a: WALL\n|-heal|p1a: WALL|100\/100\n|\n|upkeep\n|turn|7\n|\n|t:|1698022625\n|move|p2a: Ogerpon|Ivy Cudgel|p1a: WALL\n|-supereffective|p1a: WALL\n|-damage|p1a: WALL|15\/100\n|move|p1a: WALL|Salt Cure|p2a: Ogerpon\n|-damage|p2a: Ogerpon|68\/100\n|-start|p2a: Ogerpon|Salt Cure\n|\n|-heal|p1a: WALL|22\/100|[from] item: Leftovers\n|-damage|p2a: Ogerpon|56\/100|[from] Salt Cure\n|upkeep\n|turn|8\n|\n|t:|1698022685\n|switch|p1a: WALL|Milotic, F|55\/100\n|move|p2a: Ogerpon|Ivy Cudgel|p1a: WALL\n|-supereffective|p1a: WALL\n|-damage|p1a: WALL|0 fnt\n|faint|p1a: WALL\n|\n|-damage|p2a: Ogerpon|44\/100|[from] Salt Cure\n|upkeep\n|\n|t:|1698022722\n|switch|p1a: WALL|Bronzong|100\/100\n|turn|9\n|\n|t:|1698022749\n|move|p2a: Ogerpon|Ivy Cudgel|p1a: WALL\n|-resisted|p1a: WALL\n|-damage|p1a: WALL|75\/100\n|move|p1a: WALL|Gyro Ball|p2a: Ogerpon\n|-damage|p2a: Ogerpon|0 fnt\n|faint|p2a: Ogerpon\n|\n|upkeep\n|\n|t:|1698022761\n|switch|p2a: Chi-Yu|Chi-Yu|100\/100\n|-damage|p2a: Chi-Yu|76\/100|[from] Stealth Rock\n|-ability|p2a: Chi-Yu|Beads of Ruin\n|turn|10\n|\n|t:|1698022803\n|switch|p1a: Ursaluna|Ursaluna-Bloodmoon, M|100\/100\n|move|p2a: Chi-Yu|Nasty Plot|p2a: Chi-Yu\n|-boost|p2a: Chi-Yu|spa|2\n|\n|upkeep\n|turn|11\n|\n|t:|1698022818\n|move|p1a: Ursaluna|Vacuum Wave|p2a: Chi-Yu\n|-supereffective|p2a: Chi-Yu\n|-damage|p2a: Chi-Yu|37\/100\n|move|p2a: Chi-Yu|Fire Blast|p1a: Ursaluna\n|-damage|p1a: Ursaluna|0 fnt\n|faint|p1a: Ursaluna\n|-damage|p2a: Chi-Yu|27\/100|[from] item: Life Orb\n|\n|upkeep\n|n| Sam00769|sam00769\n|\n|t:|1698022896\n|switch|p1a: :)|Chandelure, F|100\/100\n|turn|12\n|\n|t:|1698022911\n|move|p1a: :)|Shadow Ball|p2a: Chi-Yu\n|-resisted|p2a: Chi-Yu\n|-damage|p2a: Chi-Yu|0 fnt\n|faint|p2a: Chi-Yu\n|\n|upkeep\n|\n|t:|1698022923\n|switch|p2a: Wyrdeer|Wyrdeer, M|100\/100\n|-damage|p2a: Wyrdeer|88\/100|[from] Stealth Rock\n|-ability|p2a: Wyrdeer|Intimidate|boost\n|-unboost|p1a: :)|atk|1\n|turn|13\n|\n|t:|1698022936\n|switch|p1a: WALL|Bronzong|75\/100\n|move|p2a: Wyrdeer|Earthquake|p1a: WALL\n|-immune|p1a: WALL|[from] ability: Levitate\n|\n|-heal|p2a: Wyrdeer|94\/100|[from] item: Leftovers\n|upkeep\n|turn|14\n|\n|t:|1698022947\n|move|p2a: Wyrdeer|Thunder Wave|p1a: WALL\n|-status|p1a: WALL|par\n|move|p1a: WALL|Reflect|p1a: WALL\n|-sidestart|p1: Fluuu2|Reflect\n|\n|-heal|p2a: Wyrdeer|99\/100|[from] item: Leftovers\n|upkeep\n|turn|15\n|\n|t:|1698022955\n|-terastallize|p2a: Wyrdeer|Normal\n|move|p2a: Wyrdeer|Body Slam|p1a: WALL\n|-resisted|p1a: WALL\n|-damage|p1a: WALL|65\/100 par\n|move|p1a: WALL|Body Press|p2a: Wyrdeer\n|-supereffective|p2a: Wyrdeer\n|-damage|p2a: Wyrdeer|43\/100\n|\n|-heal|p2a: Wyrdeer|49\/100|[from] item: Leftovers\n|upkeep\n|turn|16\n|\n|t:|1698022982\n|move|p2a: Wyrdeer|Body Slam|p1a: WALL\n|-resisted|p1a: WALL\n|-damage|p1a: WALL|55\/100 par\n|move|p1a: WALL|Body Press|p2a: Wyrdeer\n|-supereffective|p2a: Wyrdeer\n|-damage|p2a: Wyrdeer|0 fnt\n|faint|p2a: Wyrdeer\n|\n|upkeep\n|\n|t:|1698022998\n|switch|p2a: Scream Tail|Scream Tail|100\/100\n|-damage|p2a: Scream Tail|88\/100|[from] Stealth Rock\n|turn|17\n|\n|t:|1698023008\n|move|p2a: Scream Tail|Encore|p1a: WALL\n|-start|p1a: WALL|Encore\n|move|p1a: WALL|Body Press|p2a: Scream Tail\n|-resisted|p2a: Scream Tail\n|-damage|p2a: Scream Tail|83\/100\n|\n|-heal|p2a: Scream Tail|89\/100|[from] item: Leftovers\n|upkeep\n|turn|18\n|\n|t:|1698023033\n|move|p2a: Scream Tail|Play Rough|p1a: WALL\n|-resisted|p1a: WALL\n|-damage|p1a: WALL|51\/100 par\n|cant|p1a: WALL|par\n|\n|-heal|p2a: Scream Tail|95\/100|[from] item: Leftovers\n|upkeep\n|turn|19\n|\n|t:|1698023042\n|move|p2a: Scream Tail|Play Rough|p1a: WALL\n|-resisted|p1a: WALL\n|-damage|p1a: WALL|47\/100 par\n|move|p1a: WALL|Body Press|p2a: Scream Tail\n|-resisted|p2a: Scream Tail\n|-damage|p2a: Scream Tail|90\/100\n|\n|-heal|p2a: Scream Tail|96\/100|[from] item: Leftovers\n|-end|p1a: WALL|Encore\n|upkeep\n|turn|20\n|\n|t:|1698023067\n|move|p2a: Scream Tail|Encore|p1a: WALL\n|-start|p1a: WALL|Encore\n|cant|p1a: WALL|par\n|\n|-heal|p2a: Scream Tail|100\/100|[from] item: Leftovers\n|upkeep\n|turn|21\n|\n|t:|1698023073\n|move|p2a: Scream Tail|Wish|p2a: Scream Tail\n|move|p1a: WALL|Body Press|p2a: Scream Tail\n|-resisted|p2a: Scream Tail\n|-damage|p2a: Scream Tail|95\/100\n|\n|-heal|p2a: Scream Tail|100\/100|[from] item: Leftovers\n|-sideend|p1: Fluuu2|Reflect\n|upkeep\n|turn|22\n|\n|t:|1698023080\n|-end|p2a: Scream Tail|Protosynthesis|[silent]\n|switch|p2a: Haxorus|Haxorus, F|100\/100\n|-damage|p2a: Haxorus|88\/100|[from] Stealth Rock\n|-ability|p2a: Haxorus|Mold Breaker\n|cant|p1a: WALL|par\n|\n|-heal|p2a: Haxorus|100\/100|[from] move: Wish|[wisher] Scream Tail\n|-end|p1a: WALL|Encore\n|upkeep\n|turn|23\n|\n|t:|1698023090\n|move|p2a: Haxorus|Swords Dance|p2a: Haxorus\n|-boost|p2a: Haxorus|atk|2\n|cant|p1a: WALL|par\n|\n|upkeep\n|turn|24\n|\n|t:|1698023096\n|move|p2a: Haxorus|Scale Shot|p1a: WALL\n|-resisted|p1a: WALL\n|-damage|p1a: WALL|37\/100 par\n|-resisted|p1a: WALL\n|-damage|p1a: WALL|27\/100 par\n|-resisted|p1a: WALL\n|-damage|p1a: WALL|18\/100 par\n|-resisted|p1a: WALL\n|-damage|p1a: WALL|7\/100 par\n|-hitcount|p1a: WALL|4\n|-unboost|p2a: Haxorus|def|1\n|-boost|p2a: Haxorus|spe|1\n|move|p1a: WALL|Reflect|p1a: WALL\n|-sidestart|p1: Fluuu2|Reflect\n|\n|upkeep\n|turn|25\n|\n|t:|1698023128\n|move|p2a: Haxorus|Iron Head|p1a: WALL\n|-resisted|p1a: WALL\n|-damage|p1a: WALL|0 fnt\n|faint|p1a: WALL\n|\n|upkeep\n|\n|t:|1698023136\n|switch|p1a: :)|Chandelure, F|100\/100\n|turn|26\n|\n|t:|1698023140\n|move|p2a: Haxorus|Scale Shot|p1a: :)|[miss]\n|-miss|p2a: Haxorus|p1a: :)\n|move|p1a: :)|Fire Blast|p2a: Haxorus\n|-resisted|p2a: Haxorus\n|-damage|p2a: Haxorus|56\/100\n|\n|upkeep\n|turn|27\n|\n|t:|1698023162\n|move|p2a: Haxorus|Scale Shot|p1a: :)\n|-damage|p1a: :)|79\/100\n|-damage|p1a: :)|59\/100\n|-damage|p1a: :)|40\/100\n|-damage|p1a: :)|19\/100\n|-hitcount|p1a: :)|4\n|-unboost|p2a: Haxorus|def|1\n|-boost|p2a: Haxorus|spe|1\n|move|p1a: :)|Fire Blast|p2a: Haxorus\n|-resisted|p2a: Haxorus\n|-damage|p2a: Haxorus|7\/100\n|\n|upkeep\n|turn|28\n|\n|t:|1698023180\n|move|p2a: Haxorus|Scale Shot|p1a: :)\n|-damage|p1a: :)|0 fnt\n|faint|p1a: :)\n|-hitcount|p1: :)|1\n|-unboost|p2a: Haxorus|def|1\n|-boost|p2a: Haxorus|spe|1\n|\n|upkeep\n|\n|t:|1698023187\n|switch|p1a: WALL|Garganacl, F|22\/100\n|turn|29\n|\n|t:|1698023191\n|move|p2a: Haxorus|Iron Head|p1a: WALL\n|-supereffective|p1a: WALL\n|-damage|p1a: WALL|0 fnt\n|faint|p1a: WALL\n|\n|win|babyball\n","uploadtime":1698023200,"views":20,"p1id":"fluuu2","p2id":"babyball","formatid":"gen9anythinggoes","rating":0,"private":0,"password":""}