{"id":"gen9anythinggoes-1972824603","p1":"Exploke","p2":"FROSTBITE900","format":"[Gen 9] Anything Goes","log":"|j|\u2606Exploke\n|j|\u2606FROSTBITE900\n|t:|1697899396\n|gametype|singles\n|player|p1|Exploke|rocketgrunt|\n|player|p2|FROSTBITE900|265|\n|teamsize|p1|6\n|teamsize|p2|6\n|gen|9\n|tier|[Gen 9] Anything Goes\n|rule|HP Percentage Mod: HP is shown in percentages\n|rule|Endless Battle Clause: Forcing endless battles is banned\n|clearpoke\n|poke|p1|Baxcalibur, F|\n|poke|p1|Gengar, M|\n|poke|p1|Slowking, M|\n|poke|p1|Gliscor, M|\n|poke|p1|Clefable, M|\n|poke|p1|Rotom-Fan|\n|poke|p2|Manaphy|\n|poke|p2|Zapdos|\n|poke|p2|Iron Treads|\n|poke|p2|Politoed, M|\n|poke|p2|Basculegion, M|\n|poke|p2|Goodra, F|\n|teampreview\n|\n|t:|1697899407\n|start\n|switch|p1a: Gengar|Gengar, M|100\/100\n|switch|p2a: Frogger|Politoed, M|100\/100\n|-weather|RainDance|[from] ability: Drizzle|[of] p2a: Frogger\n|turn|1\n|\n|t:|1697899475\n|switch|p2a: Ooey Gooey|Goodra, F, shiny|100\/100\n|move|p1a: Gengar|Toxic Spikes|p2a: Ooey Gooey\n|-sidestart|p2: FROSTBITE900|move: Toxic Spikes\n|\n|-weather|RainDance|[upkeep]\n|upkeep\n|turn|2\n|\n|t:|1697899502\n|switch|p1a: Baxcalibur|Baxcalibur, F|100\/100\n|-terastallize|p2a: Ooey Gooey|Water\n|move|p2a: Ooey Gooey|Aqua Tail|p1a: Baxcalibur\n|-resisted|p1a: Baxcalibur\n|-damage|p1a: Baxcalibur|77\/100\n|\n|-weather|RainDance|[upkeep]\n|upkeep\n|turn|3\n|\n|t:|1697899515\n|move|p1a: Baxcalibur|Scale Shot|p2a: Ooey Gooey\n|-damage|p2a: Ooey Gooey|82\/100\n|-damage|p2a: Ooey Gooey|63\/100\n|-damage|p2a: Ooey Gooey|44\/100\n|-damage|p2a: Ooey Gooey|25\/100\n|-hitcount|p2a: Ooey Gooey|4\n|-unboost|p1a: Baxcalibur|def|1\n|-boost|p1a: Baxcalibur|spe|1\n|move|p2a: Ooey Gooey|Dragon Tail|p1a: Baxcalibur\n|-supereffective|p1a: Baxcalibur\n|-damage|p1a: Baxcalibur|14\/100\n|drag|p1a: Rotom|Rotom-Fan|100\/100\n|\n|-weather|RainDance|[upkeep]\n|-heal|p2a: Ooey Gooey|31\/100|[from] item: Leftovers\n|upkeep\n|turn|4\n|\n|t:|1697899541\n|switch|p2a: Dumbo|Iron Treads|100\/100\n|-terastallize|p1a: Rotom|Electric\n|move|p1a: Rotom|Volt Switch|p2a: Dumbo\n|-immune|p2a: Dumbo\n|\n|-weather|RainDance|[upkeep]\n|upkeep\n|turn|5\n|\n|t:|1697899622\n|switch|p1a: Slowking|Slowking, M|100\/100\n|move|p2a: Dumbo|Rapid Spin|p1a: Slowking\n|-damage|p1a: Slowking|87\/100\n|-boost|p2a: Dumbo|spe|1\n|-sideend|p2: FROSTBITE900|Toxic Spikes|[from] move: Rapid Spin|[of] p2a: Dumbo\n|\n|-weather|RainDance|[upkeep]\n|upkeep\n|turn|6\n|\n|t:|1697899638\n|move|p2a: Dumbo|Volt Switch|p1a: Slowking\n|-supereffective|p1a: Slowking\n|-crit|p1a: Slowking\n|-damage|p1a: Slowking|67\/100\n|\n|t:|1697899644\n|-end|p2a: Dumbo|Quark Drive|[silent]\n|switch|p2a: Bug Zapper|Zapdos|100\/100|[from] Volt Switch\n|move|p1a: Slowking|Scald|p2a: Bug Zapper\n|-damage|p2a: Bug Zapper|32\/100\n|\n|-weather|RainDance|[upkeep]\n|upkeep\n|turn|7\n|\n|t:|1697899687\n|switch|p1a: Baxcalibur|Baxcalibur, F|14\/100\n|move|p2a: Bug Zapper|Roost|p2a: Bug Zapper\n|-heal|p2a: Bug Zapper|82\/100\n|-singleturn|p2a: Bug Zapper|move: Roost\n|\n|-weather|RainDance|[upkeep]\n|upkeep\n|turn|8\n|\n|t:|1697899705\n|switch|p2a: Ooey Gooey|Goodra, F, shiny, tera:Water|31\/100\n|move|p1a: Baxcalibur|Icicle Spear|p2a: Ooey Gooey\n|-resisted|p2a: Ooey Gooey\n|-crit|p2a: Ooey Gooey\n|-damage|p2a: Ooey Gooey|18\/100\n|-resisted|p2a: Ooey Gooey\n|-damage|p2a: Ooey Gooey|8\/100\n|-resisted|p2a: Ooey Gooey\n|-damage|p2a: Ooey Gooey|0 fnt\n|faint|p2a: Ooey Gooey\n|-hitcount|p2: Ooey Gooey|3\n|\n|-weather|none\n|upkeep\n|\n|t:|1697899735\n|switch|p2a: Man-a-feet|Manaphy|100\/100\n|turn|9\n|\n|t:|1697899768\n|switch|p2a: Dumbo|Iron Treads|100\/100\n|switch|p1a: Rotom|Rotom-Fan, tera:Electric|100\/100\n|\n|upkeep\n|turn|10\n|\n|t:|1697899859\n|switch|p1a: Slowking|Slowking, M|100\/100\n|-end|p2a: Dumbo|Quark Drive|[silent]\n|switch|p2a: Frogger|Politoed, M|100\/100\n|-weather|RainDance|[from] ability: Drizzle|[of] p2a: Frogger\n|\n|-weather|RainDance|[upkeep]\n|upkeep\n|turn|11\n|\n|t:|1697899883\n|switch|p2a: \u00bfLast Respects?|Basculegion, M, shiny|100\/100\n|move|p1a: Slowking|Grass Knot|p2a: \u00bfLast Respects?\n|-supereffective|p2a: \u00bfLast Respects?\n|-damage|p2a: \u00bfLast Respects?|30\/100\n|\n|-weather|RainDance|[upkeep]\n|upkeep\n|turn|12\n|\n|t:|1697899957\n|switch|p1a: Rotom|Rotom-Fan, tera:Electric|100\/100\n|move|p2a: \u00bfLast Respects?|Phantom Force||[still]\n|-prepare|p2a: \u00bfLast Respects?|Phantom Force\n|\n|-weather|RainDance|[upkeep]\n|upkeep\n|turn|13\n|l|\u2606FROSTBITE900\n|player|p2|\n|j|\u2606FROSTBITE900\n|player|p2|FROSTBITE900|265\n|l|\u2606FROSTBITE900\n|player|p2|\n|j|\u2606FROSTBITE900\n|player|p2|FROSTBITE900|265\n|\n|t:|1697900046\n|move|p2a: \u00bfLast Respects?|Phantom Force|p1a: Rotom|[from]lockedmove\n|-damage|p1a: Rotom|4\/100\n|move|p1a: Rotom|Thunderbolt|p2a: \u00bfLast Respects?\n|-supereffective|p2a: \u00bfLast Respects?\n|-damage|p2a: \u00bfLast Respects?|0 fnt\n|faint|p2a: \u00bfLast Respects?\n|\n|-weather|RainDance|[upkeep]\n|-heal|p1a: Rotom|10\/100|[from] item: Leftovers\n|upkeep\n|\n|t:|1697900075\n|switch|p2a: Dumbo|Iron Treads|100\/100\n|turn|14\n|\n|t:|1697900087\n|move|p1a: Rotom|Shadow Ball|p2a: Dumbo\n|-damage|p2a: Dumbo|72\/100\n|-enditem|p2a: Dumbo|Red Card|[of] p1a: Rotom\n|drag|p1a: Gengar|Gengar, M|100\/100\n|move|p2a: Dumbo|Stealth Rock|p1a: Gengar\n|-sidestart|p1: Exploke|move: Stealth Rock\n|\n|-weather|RainDance|[upkeep]\n|upkeep\n|turn|15\n|\n|t:|1697900121\n|switch|p1a: Slowking|Slowking, M|100\/100\n|-damage|p1a: Slowking|88\/100|[from] Stealth Rock\n|move|p2a: Dumbo|Knock Off|p1a: Slowking\n|-supereffective|p1a: Slowking\n|-damage|p1a: Slowking|34\/100\n|-enditem|p1a: Slowking|Assault Vest|[from] move: Knock Off|[of] p2a: Dumbo\n|\n|-weather|RainDance|[upkeep]\n|upkeep\n|turn|16\n|\n|t:|1697900137\n|move|p2a: Dumbo|Volt Switch|p1a: Slowking\n|-supereffective|p1a: Slowking\n|-damage|p1a: Slowking|14\/100\n|\n|t:|1697900143\n|-end|p2a: Dumbo|Quark Drive|[silent]\n|switch|p2a: Man-a-feet|Manaphy|100\/100|[from] Volt Switch\n|move|p1a: Slowking|Scald|p2a: Man-a-feet\n|-resisted|p2a: Man-a-feet\n|-damage|p2a: Man-a-feet|77\/100\n|\n|-weather|RainDance|[upkeep]\n|-heal|p2a: Man-a-feet|84\/100|[from] item: Leftovers\n|upkeep\n|turn|17\n|\n|t:|1697900154\n|move|p2a: Man-a-feet|Calm Mind|p2a: Man-a-feet\n|-boost|p2a: Man-a-feet|spa|1\n|-boost|p2a: Man-a-feet|spd|1\n|move|p1a: Slowking|Grass Knot|p2a: Man-a-feet\n|-supereffective|p2a: Man-a-feet\n|-damage|p2a: Man-a-feet|77\/100\n|\n|-weather|none\n|-heal|p2a: Man-a-feet|83\/100|[from] item: Leftovers\n|upkeep\n|turn|18\n|\n|t:|1697900194\n|switch|p2a: Dumbo|Iron Treads|72\/100\n|switch|p1a: Rotom|Rotom-Fan, tera:Electric|10\/100\n|-damage|p1a: Rotom|0 fnt|[from] Stealth Rock\n|faint|p1a: Rotom\n|\n|upkeep\n|\n|t:|1697900255\n|switch|p1a: Gliscor|Gliscor, M|100\/100\n|-damage|p1a: Gliscor|88\/100|[from] Stealth Rock\n|turn|19\n|\n|t:|1697900261\n|move|p2a: Dumbo|Knock Off|p1a: Gliscor\n|-damage|p1a: Gliscor|74\/100\n|-enditem|p1a: Gliscor|Toxic Orb|[from] move: Knock Off|[of] p2a: Dumbo\n|move|p1a: Gliscor|Earthquake|p2a: Dumbo\n|-supereffective|p2a: Dumbo\n|-damage|p2a: Dumbo|36\/100\n|\n|upkeep\n|turn|20\n|\n|t:|1697900272\n|move|p2a: Dumbo|Rapid Spin|p1a: Gliscor\n|-damage|p1a: Gliscor|66\/100\n|-boost|p2a: Dumbo|spe|1\n|move|p1a: Gliscor|Earthquake|p2a: Dumbo\n|-supereffective|p2a: Dumbo\n|-damage|p2a: Dumbo|0 fnt\n|faint|p2a: Dumbo\n|-end|p2a: Dumbo|Quark Drive|[silent]\n|\n|upkeep\n|\n|t:|1697900281\n|switch|p2a: Frogger|Politoed, M|100\/100\n|-weather|RainDance|[from] ability: Drizzle|[of] p2a: Frogger\n|turn|21\n|\n|t:|1697900324\n|switch|p1a: Slowking|Slowking, M|47\/100\n|-damage|p1a: Slowking|35\/100|[from] Stealth Rock\n|move|p2a: Frogger|Ice Beam|p1a: Slowking\n|-resisted|p1a: Slowking\n|-damage|p1a: Slowking|28\/100\n|\n|-weather|RainDance|[upkeep]\n|upkeep\n|turn|22\n|\n|t:|1697900337\n|switch|p2a: Bug Zapper|Zapdos|82\/100\n|move|p1a: Slowking|Grass Knot|p2a: Bug Zapper\n|-resisted|p2a: Bug Zapper\n|-damage|p2a: Bug Zapper|68\/100\n|-status|p1a: Slowking|par|[from] ability: Static|[of] p2a: Bug Zapper\n|\n|-weather|RainDance|[upkeep]\n|upkeep\n|turn|23\n|\n|t:|1697900365\n|move|p2a: Bug Zapper|Hurricane|p1a: Slowking\n|-damage|p1a: Slowking|0 fnt\n|faint|p1a: Slowking\n|\n|-weather|RainDance|[upkeep]\n|upkeep\n|\n|t:|1697900425\n|switch|p1a: Clefable|Clefable, M|100\/100\n|turn|24\n|\n|t:|1697900429\n|switch|p2a: Man-a-feet|Manaphy|83\/100\n|move|p1a: Clefable|Moonblast|p2a: Man-a-feet\n|-damage|p2a: Man-a-feet|55\/100\n|-unboost|p2a: Man-a-feet|spa|1\n|\n|-weather|RainDance|[upkeep]\n|-heal|p2a: Man-a-feet|61\/100|[from] item: Leftovers\n|upkeep\n|turn|25\n|\n|t:|1697900457\n|switch|p1a: Gengar|Gengar, M|100\/100\n|-damage|p1a: Gengar|88\/100|[from] Stealth Rock\n|move|p2a: Man-a-feet|Calm Mind|p2a: Man-a-feet\n|-boost|p2a: Man-a-feet|spa|1\n|-boost|p2a: Man-a-feet|spd|1\n|\n|-weather|RainDance|[upkeep]\n|-heal|p1a: Gengar|94\/100|[from] item: Leftovers\n|-heal|p2a: Man-a-feet|68\/100|[from] item: Leftovers\n|upkeep\n|turn|26\n|\n|t:|1697900475\n|move|p1a: Gengar|Sludge Bomb|p2a: Man-a-feet\n|-damage|p2a: Man-a-feet|43\/100\n|move|p2a: Man-a-feet|Calm Mind|p2a: Man-a-feet\n|-boost|p2a: Man-a-feet|spa|1\n|-boost|p2a: Man-a-feet|spd|1\n|\n|-weather|RainDance|[upkeep]\n|-heal|p1a: Gengar|100\/100|[from] item: Leftovers\n|-heal|p2a: Man-a-feet|49\/100|[from] item: Leftovers\n|upkeep\n|turn|27\n|\n|t:|1697900526\n|move|p1a: Gengar|Sludge Bomb|p2a: Man-a-feet\n|-damage|p2a: Man-a-feet|27\/100\n|move|p2a: Man-a-feet|Stored Power|p1a: Gengar\n|-supereffective|p1a: Gengar\n|-damage|p1a: Gengar|4\/100\n|\n|-weather|RainDance|[upkeep]\n|-heal|p1a: Gengar|10\/100|[from] item: Leftovers\n|-heal|p2a: Man-a-feet|34\/100|[from] item: Leftovers\n|upkeep\n|turn|28\n|\n|t:|1697900546\n|move|p1a: Gengar|Will-O-Wisp|p2a: Man-a-feet\n|-status|p2a: Man-a-feet|brn\n|move|p2a: Man-a-feet|Stored Power|p1a: Gengar\n|-supereffective|p1a: Gengar\n|-damage|p1a: Gengar|0 fnt\n|faint|p1a: Gengar\n|\n|-weather|none\n|-heal|p2a: Man-a-feet|40\/100 brn|[from] item: Leftovers\n|-damage|p2a: Man-a-feet|34\/100 brn|[from] brn\n|upkeep\n|\n|t:|1697900568\n|switch|p1a: Baxcalibur|Baxcalibur, F|14\/100\n|-damage|p1a: Baxcalibur|0 fnt|[from] Stealth Rock\n|faint|p1a: Baxcalibur\n|\n|t:|1697900578\n|switch|p1a: Clefable|Clefable, M|100\/100\n|turn|29\n|\n|t:|1697900600\n|move|p1a: Clefable|Protect|p1a: Clefable\n|-singleturn|p1a: Clefable|Protect\n|move|p2a: Man-a-feet|Stored Power|p1a: Clefable\n|-activate|p1a: Clefable|move: Protect\n|\n|-heal|p2a: Man-a-feet|40\/100 brn|[from] item: Leftovers\n|-damage|p2a: Man-a-feet|34\/100 brn|[from] brn\n|upkeep\n|turn|30\n|\n|t:|1697900614\n|move|p2a: Man-a-feet|Stored Power|p1a: Clefable\n|-damage|p1a: Clefable|74\/100\n|move|p1a: Clefable|Moonblast|p2a: Man-a-feet\n|-damage|p2a: Man-a-feet|21\/100 brn\n|\n|-heal|p2a: Man-a-feet|27\/100 brn|[from] item: Leftovers\n|-heal|p1a: Clefable|80\/100|[from] item: Leftovers\n|-damage|p2a: Man-a-feet|21\/100 brn|[from] brn\n|upkeep\n|turn|31\n|\n|t:|1697900625\n|move|p2a: Man-a-feet|Stored Power|p1a: Clefable\n|-damage|p1a: Clefable|53\/100\n|move|p1a: Clefable|Moonblast|p2a: Man-a-feet\n|-damage|p2a: Man-a-feet|8\/100 brn\n|\n|-heal|p2a: Man-a-feet|14\/100 brn|[from] item: Leftovers\n|-heal|p1a: Clefable|59\/100|[from] item: Leftovers\n|-damage|p2a: Man-a-feet|8\/100 brn|[from] brn\n|upkeep\n|turn|32\n|\n|t:|1697900636\n|move|p2a: Man-a-feet|Stored Power|p1a: Clefable\n|-damage|p1a: Clefable|31\/100\n|move|p1a: Clefable|Moonblast|p2a: Man-a-feet\n|-damage|p2a: Man-a-feet|0 fnt\n|faint|p2a: Man-a-feet\n|\n|-heal|p1a: Clefable|38\/100|[from] item: Leftovers\n|upkeep\n|\n|t:|1697900646\n|switch|p2a: Frogger|Politoed, M|100\/100\n|-weather|RainDance|[from] ability: Drizzle|[of] p2a: Frogger\n|turn|33\n|\n|t:|1697900661\n|move|p2a: Frogger|Ice Beam|p1a: Clefable\n|-damage|p1a: Clefable|20\/100\n|move|p1a: Clefable|Moonblast|p2a: Frogger\n|-damage|p2a: Frogger|73\/100\n|\n|-weather|RainDance|[upkeep]\n|-heal|p1a: Clefable|26\/100|[from] item: Leftovers\n|upkeep\n|turn|34\n|\n|t:|1697900670\n|move|p1a: Clefable|Protect|p1a: Clefable\n|-singleturn|p1a: Clefable|Protect\n|move|p2a: Frogger|Ice Beam|p1a: Clefable\n|-activate|p1a: Clefable|move: Protect\n|\n|-weather|RainDance|[upkeep]\n|-heal|p1a: Clefable|32\/100|[from] item: Leftovers\n|upkeep\n|turn|35\n|\n|t:|1697900678\n|move|p2a: Frogger|Ice Beam|p1a: Clefable\n|-damage|p1a: Clefable|14\/100\n|-status|p1a: Clefable|frz\n|-curestatus|p1a: Clefable|frz|[msg]\n|move|p1a: Clefable|Moonblast|p2a: Frogger\n|-crit|p2a: Frogger\n|-damage|p2a: Frogger|29\/100\n|\n|-weather|RainDance|[upkeep]\n|-heal|p1a: Clefable|21\/100|[from] item: Leftovers\n|upkeep\n|turn|36\n|\n|t:|1697900690\n|switch|p2a: Bug Zapper|Zapdos|68\/100\n|move|p1a: Clefable|Protect||[still]\n|-fail|p1a: Clefable\n|\n|-weather|RainDance|[upkeep]\n|-heal|p1a: Clefable|27\/100|[from] item: Leftovers\n|upkeep\n|turn|37\n|\n|t:|1697900701\n|move|p2a: Bug Zapper|Hurricane|p1a: Clefable\n|-damage|p1a: Clefable|0 fnt\n|faint|p1a: Clefable\n|\n|-weather|RainDance|[upkeep]\n|upkeep\n|\n|t:|1697900748\n|switch|p1a: Gliscor|Gliscor, M|66\/100\n|-damage|p1a: Gliscor|54\/100|[from] Stealth Rock\n|turn|38\n|\n|t:|1697900766\n|move|p2a: Bug Zapper|Hurricane|p1a: Gliscor\n|-damage|p1a: Gliscor|0 fnt\n|faint|p1a: Gliscor\n|\n|win|FROSTBITE900\n|c|\u2606FROSTBITE900|Gg\n|c|\u2606Exploke|Gg\n|l|\u2606FROSTBITE900\n|l|\u2606Exploke\n|j|\u2606FROSTBITE900\n|player|p2|FROSTBITE900|265\n","uploadtime":1697900863,"views":20,"p1id":"exploke","p2id":"frostbite900","formatid":"gen9anythinggoes","rating":0,"private":0,"password":""}