{"id":"gen9anythinggoes-1995676677","p1":"BlastFilms","p2":"jb291","format":"[Gen 9] Anything Goes","log":"|j|\u2606BlastFilms\n|j|\u2606jb291\n|inactive|Battle timer is ON: inactive players will automatically lose when time's up.\n|t:|1700593062\n|gametype|singles\n|player|p1|BlastFilms|unknown|\n|player|p2|jb291|korrina-masters|\n|teamsize|p1|6\n|teamsize|p2|6\n|gen|9\n|tier|[Gen 9] Anything Goes\n|rated|Tournament battle\n|rule|HP Percentage Mod: HP is shown in percentages\n|rule|Endless Battle Clause: Forcing endless battles is banned\n|rule|Re-Evolution Mod: Pok\u00e9mon gain the boosts they would gain from evolving again\n|rule|Sleep Moves Clause: Sleep-inducing moves are banned\n|rule|Species Clause: Limit one of each Pok\u00e9mon\n|rule|OHKO Clause: OHKO moves are banned\n|rule|Evasion Moves Clause: Evasion moves are banned\n|rule|Terastal Clause: You cannot Terastallize\n|clearpoke\n|poke|p1|Garganacl, M|\n|poke|p1|Slowking, F|\n|poke|p1|Ninetales-Alola, F|\n|poke|p1|Baxcalibur, M|\n|poke|p1|Dragonite, M|\n|poke|p1|Glaceon, F|\n|poke|p2|Umbreon, M|\n|poke|p2|Clodsire, F|\n|poke|p2|Toxapex, M|\n|poke|p2|Garganacl, M|\n|poke|p2|Corviknight, F|\n|poke|p2|Dipplin, M|\n|teampreview\n|inactive|jb291 also wants the timer to be on.\n|j|#KaenSoul\n|j| AAAPE Reborn 3\n|c|\u2606BlastFilms|gl hf\n|inactive|BlastFilms has 120 seconds left.\n|\n|t:|1700593107\n|start\n|switch|p1a: Slowking|Slowking, F|100\/100\n|switch|p2a: Toxapex|Toxapex, M|100\/100\n|turn|1\n|\n|t:|1700593113\n|move|p1a: Slowking|Thunder Wave|p2a: Toxapex\n|-status|p2a: Toxapex|par\n|move|p2a: Toxapex|Toxic Spikes|p1a: Slowking\n|-sidestart|p1: BlastFilms|move: Toxic Spikes\n|\n|upkeep\n|turn|2\n|\n|t:|1700593116\n|move|p1a: Slowking|Chilly Reception|p1a: Slowking\n|-weather|Snow\n|\n|t:|1700593122\n|switch|p1a: Dragonite|Dragonite, M|100\/100|[from] Chilly Reception\n|move|p2a: Toxapex|Toxic Spikes|p1a: Dragonite\n|-sidestart|p1: BlastFilms|move: Toxic Spikes\n|\n|-weather|Snow|[upkeep]\n|upkeep\n|turn|3\n|\n|t:|1700593126\n|switch|p2a: Umbreon|Umbreon, M|100\/100\n|move|p1a: Dragonite|Dragon Dance|p1a: Dragonite\n|-boost|p1a: Dragonite|atk|1\n|-boost|p1a: Dragonite|spe|1\n|\n|-weather|Snow|[upkeep]\n|upkeep\n|turn|4\n|inactive|BlastFilms has 120 seconds left.\n|\n|t:|1700593172\n|move|p1a: Dragonite|Earthquake|p2a: Umbreon\n|-damage|p2a: Umbreon|76\/100\n|move|p2a: Umbreon|Toxic|p1a: Dragonite\n|-status|p1a: Dragonite|tox\n|\n|-weather|Snow|[upkeep]\n|-heal|p2a: Umbreon|82\/100|[from] item: Leftovers\n|-damage|p1a: Dragonite|94\/100 tox|[from] psn\n|upkeep\n|turn|5\n|\n|t:|1700593184\n|switch|p1a: Garganacl|Garganacl, M|100\/100\n|move|p2a: Umbreon|Foul Play|p1a: Garganacl\n|-damage|p1a: Garganacl|86\/100\n|-damage|p2a: Umbreon|66\/100|[from] item: Rocky Helmet|[of] p1a: Garganacl\n|\n|-weather|Snow|[upkeep]\n|-heal|p2a: Umbreon|72\/100|[from] item: Leftovers\n|upkeep\n|turn|6\n|\n|t:|1700593193\n|move|p2a: Umbreon|Protect|p2a: Umbreon\n|-singleturn|p2a: Umbreon|Protect\n|move|p1a: Garganacl|Salt Cure|p2a: Umbreon\n|-activate|p2a: Umbreon|move: Protect\n|\n|-weather|none\n|-heal|p2a: Umbreon|78\/100|[from] item: Leftovers\n|upkeep\n|turn|7\n|inactive|BlastFilms has 120 seconds left.\n|\n|t:|1700593204\n|switch|p2a: Garganacl|Garganacl, M|100\/100\n|move|p1a: Garganacl|Salt Cure|p2a: Garganacl\n|-damage|p2a: Garganacl|93\/100\n|-start|p2a: Garganacl|Salt Cure\n|\n|-heal|p2a: Garganacl|99\/100|[from] item: Leftovers\n|-damage|p2a: Garganacl|87\/100|[from] Salt Cure\n|upkeep\n|turn|8\n|inactive|BlastFilms has 120 seconds left.\n|\n|t:|1700593212\n|move|p2a: Garganacl|Stealth Rock|p1a: Garganacl\n|-sidestart|p1: BlastFilms|move: Stealth Rock\n|move|p1a: Garganacl|Iron Defense|p1a: Garganacl\n|-boost|p1a: Garganacl|def|2\n|\n|-heal|p2a: Garganacl|93\/100|[from] item: Leftovers\n|-damage|p2a: Garganacl|80\/100|[from] Salt Cure\n|upkeep\n|turn|9\n|\n|t:|1700593217\n|switch|p2a: Toxapex|Toxapex, M|100\/100 par\n|move|p1a: Garganacl|Iron Defense|p1a: Garganacl\n|-boost|p1a: Garganacl|def|2\n|\n|upkeep\n|turn|10\n|\n|t:|1700593220\n|move|p1a: Garganacl|Salt Cure|p2a: Toxapex\n|-damage|p2a: Toxapex|94\/100 par\n|-start|p2a: Toxapex|Salt Cure\n|move|p2a: Toxapex|Toxic Spikes||[still]\n|-fail|p2a: Toxapex\n|\n|-damage|p2a: Toxapex|69\/100 par|[from] Salt Cure\n|upkeep\n|turn|11\n|\n|t:|1700593223\n|switch|p2a: Clodsire|Clodsire, F|100\/100\n|move|p1a: Garganacl|Iron Defense|p1a: Garganacl\n|-boost|p1a: Garganacl|def|2\n|\n|upkeep\n|turn|12\n|\n|t:|1700593226\n|move|p1a: Garganacl|Salt Cure|p2a: Clodsire\n|-resisted|p2a: Clodsire\n|-damage|p2a: Clodsire|95\/100\n|-start|p2a: Clodsire|Salt Cure\n|move|p2a: Clodsire|Spikes|p1a: Garganacl\n|-sidestart|p1: BlastFilms|Spikes\n|\n|-heal|p2a: Clodsire|100\/100|[from] item: Leftovers\n|-damage|p2a: Clodsire|88\/100|[from] Salt Cure\n|upkeep\n|turn|13\n|\n|t:|1700593231\n|move|p1a: Garganacl|Salt Cure|p2a: Clodsire\n|-resisted|p2a: Clodsire\n|-damage|p2a: Clodsire|82\/100\n|move|p2a: Clodsire|Spikes|p1a: Garganacl\n|-sidestart|p1: BlastFilms|Spikes\n|\n|-heal|p2a: Clodsire|88\/100|[from] item: Leftovers\n|-damage|p2a: Clodsire|76\/100|[from] Salt Cure\n|upkeep\n|turn|14\n|\n|t:|1700593235\n|move|p1a: Garganacl|Body Press|p2a: Clodsire\n|-resisted|p2a: Clodsire\n|-damage|p2a: Clodsire|63\/100\n|move|p2a: Clodsire|Spikes|p1a: Garganacl\n|-sidestart|p1: BlastFilms|Spikes\n|\n|-heal|p2a: Clodsire|69\/100|[from] item: Leftovers\n|-damage|p2a: Clodsire|56\/100|[from] Salt Cure\n|upkeep\n|turn|15\n|\n|t:|1700593239\n|move|p1a: Garganacl|Salt Cure|p2a: Clodsire\n|-resisted|p2a: Clodsire\n|-damage|p2a: Clodsire|51\/100\n|move|p2a: Clodsire|Recover|p2a: Clodsire\n|-heal|p2a: Clodsire|100\/100\n|\n|-damage|p2a: Clodsire|88\/100|[from] Salt Cure\n|upkeep\n|turn|16\n|\n|t:|1700593243\n|switch|p2a: Toxapex|Toxapex, M|100\/100 par\n|move|p1a: Garganacl|Iron Defense|p1a: Garganacl\n|-boost|p1a: Garganacl|def|0\n|\n|upkeep\n|turn|17\n|\n|t:|1700593247\n|move|p1a: Garganacl|Salt Cure|p2a: Toxapex\n|-damage|p2a: Toxapex|93\/100 par\n|-start|p2a: Toxapex|Salt Cure\n|move|p2a: Toxapex|Haze|p2a: Toxapex\n|-clearallboost\n|\n|-damage|p2a: Toxapex|68\/100 par|[from] Salt Cure\n|upkeep\n|turn|18\n|\n|t:|1700593253\n|switch|p2a: Dipplin|Dipplin, M|100\/100\n|move|p1a: Garganacl|Iron Defense|p1a: Garganacl\n|-boost|p1a: Garganacl|def|2\n|\n|upkeep\n|turn|19\n|\n|t:|1700593255\n|move|p2a: Dipplin|Infestation|p1a: Garganacl\n|-damage|p1a: Garganacl|81\/100\n|-activate|p1a: Garganacl|move: Infestation|[of] p2a: Dipplin\n|-damage|p2a: Dipplin|84\/100|[from] item: Rocky Helmet|[of] p1a: Garganacl\n|move|p1a: Garganacl|Salt Cure|p2a: Dipplin\n|-damage|p2a: Dipplin|79\/100\n|-start|p2a: Dipplin|Salt Cure\n|\n|-damage|p2a: Dipplin|66\/100|[from] Salt Cure\n|-damage|p1a: Garganacl|69\/100|[from] move: Infestation|[partiallytrapped]\n|upkeep\n|turn|20\n|\n|t:|1700593258\n|move|p1a: Garganacl|Recover|p1a: Garganacl\n|-heal|p1a: Garganacl|100\/100\n|move|p2a: Dipplin|Dragon Tail|p1a: Garganacl\n|-damage|p1a: Garganacl|96\/100\n|-damage|p2a: Dipplin|50\/100|[from] item: Rocky Helmet|[of] p1a: Garganacl\n|drag|p1a: Slowking|Slowking, F|100\/100\n|\n|-damage|p2a: Dipplin|37\/100|[from] Salt Cure\n|upkeep\n|turn|21\n|\n|t:|1700593262\n|move|p2a: Dipplin|Recover|p2a: Dipplin\n|-heal|p2a: Dipplin|87\/100\n|move|p1a: Slowking|Chilly Reception|p1a: Slowking\n|-weather|Snow\n|\n|t:|1700593266\n|switch|p1a: Glaceon|Glaceon, F|100\/100|[from] Chilly Reception\n|-status|p1a: Glaceon|tox\n|-damage|p1a: Glaceon|76\/100 tox|[from] Stealth Rock\n|-damage|p1a: Glaceon|51\/100 tox|[from] Spikes\n|\n|-weather|Snow|[upkeep]\n|-heal|p1a: Glaceon|57\/100 tox|[from] ability: Ice Body\n|-heal|p1a: Glaceon|63\/100 tox|[from] item: Leftovers\n|-damage|p1a: Glaceon|57\/100 tox|[from] psn\n|-damage|p2a: Dipplin|75\/100|[from] Salt Cure\n|upkeep\n|turn|22\n|\n|t:|1700593271\n|switch|p2a: Garganacl|Garganacl, M|80\/100\n|move|p1a: Glaceon|Freeze-Dry|p2a: Garganacl\n|-damage|p2a: Garganacl|57\/100\n|\n|-weather|Snow|[upkeep]\n|-heal|p1a: Glaceon|63\/100 tox|[from] ability: Ice Body\n|-heal|p1a: Glaceon|69\/100 tox|[from] item: Leftovers\n|-heal|p2a: Garganacl|64\/100|[from] item: Leftovers\n|-damage|p1a: Glaceon|57\/100 tox|[from] psn\n|upkeep\n|turn|23\n|\n|t:|1700593274\n|move|p1a: Glaceon|Wish|p1a: Glaceon\n|move|p2a: Garganacl|Recover|p2a: Garganacl\n|-heal|p2a: Garganacl|100\/100\n|\n|-weather|Snow|[upkeep]\n|-heal|p1a: Glaceon|63\/100 tox|[from] ability: Ice Body\n|-heal|p1a: Glaceon|69\/100 tox|[from] item: Leftovers\n|-damage|p1a: Glaceon|51\/100 tox|[from] psn\n|upkeep\n|turn|24\n|\n|t:|1700593278\n|move|p1a: Glaceon|Calm Mind|p1a: Glaceon\n|-boost|p1a: Glaceon|spa|1\n|-boost|p1a: Glaceon|spd|1\n|move|p2a: Garganacl|Salt Cure|p1a: Glaceon\n|-supereffective|p1a: Glaceon\n|-crit|p1a: Glaceon\n|-damage|p1a: Glaceon|33\/100 tox\n|-start|p1a: Glaceon|Salt Cure\n|\n|-weather|Snow|[upkeep]\n|-heal|p1a: Glaceon|39\/100 tox|[from] ability: Ice Body\n|-heal|p1a: Glaceon|89\/100 tox|[from] move: Wish|[wisher] Glaceon\n|-heal|p1a: Glaceon|96\/100 tox|[from] item: Leftovers\n|-damage|p1a: Glaceon|71\/100 tox|[from] psn\n|-damage|p1a: Glaceon|58\/100 tox|[from] Salt Cure\n|upkeep\n|turn|25\n|\n|t:|1700593283\n|switch|p2a: Umbreon|Umbreon, M|78\/100\n|move|p1a: Glaceon|Freeze-Dry|p2a: Umbreon\n|-damage|p2a: Umbreon|51\/100\n|\n|-weather|none\n|-heal|p1a: Glaceon|65\/100 tox|[from] item: Leftovers\n|-heal|p2a: Umbreon|57\/100|[from] item: Leftovers\n|-damage|p1a: Glaceon|34\/100 tox|[from] psn\n|-damage|p1a: Glaceon|21\/100 tox|[from] Salt Cure\n|upkeep\n|turn|26\n|\n|t:|1700593292\n|switch|p1a: Garganacl|Garganacl, M|96\/100\n|-damage|p1a: Garganacl|84\/100|[from] Stealth Rock\n|-damage|p1a: Garganacl|59\/100|[from] Spikes\n|move|p2a: Umbreon|Wish|p2a: Umbreon\n|\n|-heal|p2a: Umbreon|63\/100|[from] item: Leftovers\n|upkeep\n|turn|27\n|\n|t:|1700593304\n|move|p2a: Umbreon|Protect|p2a: Umbreon\n|-singleturn|p2a: Umbreon|Protect\n|move|p1a: Garganacl|Iron Defense|p1a: Garganacl\n|-boost|p1a: Garganacl|def|2\n|\n|-heal|p2a: Umbreon|100\/100|[from] move: Wish|[wisher] Umbreon\n|upkeep\n|turn|28\n|\n|t:|1700593309\n|switch|p2a: Toxapex|Toxapex, M|100\/100 par\n|move|p1a: Garganacl|Body Press|p2a: Toxapex\n|-resisted|p2a: Toxapex\n|-damage|p2a: Toxapex|85\/100 par\n|-damage|p1a: Garganacl|42\/100|[from] item: Rocky Helmet|[of] p2a: Toxapex\n|\n|upkeep\n|turn|29\n|\n|t:|1700593314\n|move|p1a: Garganacl|Recover|p1a: Garganacl\n|-heal|p1a: Garganacl|92\/100\n|move|p2a: Toxapex|Haze|p2a: Toxapex\n|-clearallboost\n|\n|upkeep\n|turn|30\n|\n|t:|1700593317\n|switch|p2a: Clodsire|Clodsire, F|88\/100\n|move|p1a: Garganacl|Salt Cure|p2a: Clodsire\n|-resisted|p2a: Clodsire\n|-damage|p2a: Clodsire|82\/100\n|-start|p2a: Clodsire|Salt Cure\n|\n|-heal|p2a: Clodsire|88\/100|[from] item: Leftovers\n|-damage|p2a: Clodsire|76\/100|[from] Salt Cure\n|upkeep\n|turn|31\n|\n|t:|1700593320\n|move|p1a: Garganacl|Iron Defense|p1a: Garganacl\n|-boost|p1a: Garganacl|def|2\n|move|p2a: Clodsire|Recover|p2a: Clodsire\n|-heal|p2a: Clodsire|100\/100\n|\n|-damage|p2a: Clodsire|88\/100|[from] Salt Cure\n|upkeep\n|turn|32\n|\n|t:|1700593324\n|switch|p2a: Toxapex|Toxapex, M|100\/100 par\n|move|p1a: Garganacl|Iron Defense|p1a: Garganacl\n|-boost|p1a: Garganacl|def|2\n|\n|upkeep\n|turn|33\n|\n|t:|1700593326\n|move|p1a: Garganacl|Salt Cure|p2a: Toxapex\n|-damage|p2a: Toxapex|93\/100 par\n|-start|p2a: Toxapex|Salt Cure\n|cant|p2a: Toxapex|par\n|\n|-damage|p2a: Toxapex|68\/100 par|[from] Salt Cure\n|upkeep\n|turn|34\n|c|\u2606BlastFilms|ugh lol\n|\n|t:|1700593334\n|move|p1a: Garganacl|Salt Cure|p2a: Toxapex\n|-damage|p2a: Toxapex|61\/100 par\n|move|p2a: Toxapex|Haze|p2a: Toxapex\n|-clearallboost\n|\n|-damage|p2a: Toxapex|36\/100 par|[from] Salt Cure\n|upkeep\n|turn|35\n|\n|t:|1700593336\n|switch|p2a: Dipplin|Dipplin, M|75\/100\n|move|p1a: Garganacl|Salt Cure|p2a: Dipplin\n|-damage|p2a: Dipplin|70\/100\n|-start|p2a: Dipplin|Salt Cure\n|\n|-damage|p2a: Dipplin|58\/100|[from] Salt Cure\n|upkeep\n|turn|36\n|\n|t:|1700593341\n|move|p1a: Garganacl|Iron Defense|p1a: Garganacl\n|-boost|p1a: Garganacl|def|2\n|move|p2a: Dipplin|Dragon Tail|p1a: Garganacl\n|-damage|p1a: Garganacl|87\/100\n|-damage|p2a: Dipplin|41\/100|[from] item: Rocky Helmet|[of] p1a: Garganacl\n|drag|p1a: Glaceon|Glaceon, F|21\/100 tox\n|-damage|p1a: Glaceon|0 fnt|[from] Stealth Rock\n|faint|p1a: Glaceon\n|\n|-damage|p2a: Dipplin|29\/100|[from] Salt Cure\n|upkeep\n|\n|t:|1700593354\n|switch|p1a: Ninetales|Ninetales-Alola, F|100\/100\n|-status|p1a: Ninetales|tox\n|-damage|p1a: Ninetales|76\/100 tox|[from] Stealth Rock\n|-damage|p1a: Ninetales|51\/100 tox|[from] Spikes\n|-weather|Snow|[from] ability: Snow Warning|[of] p1a: Ninetales\n|turn|37\n|\n|t:|1700593359\n|switch|p2a: Umbreon|Umbreon, M|100\/100\n|move|p1a: Ninetales|Encore||[still]\n|-fail|p1a: Ninetales\n|\n|-weather|Snow|[upkeep]\n|-damage|p1a: Ninetales|44\/100 tox|[from] psn\n|upkeep\n|turn|38\n|\n|t:|1700593362\n|move|p1a: Ninetales|Moonblast|p2a: Umbreon\n|-supereffective|p2a: Umbreon\n|-damage|p2a: Umbreon|62\/100\n|move|p2a: Umbreon|Wish|p2a: Umbreon\n|\n|-weather|Snow|[upkeep]\n|-heal|p2a: Umbreon|69\/100|[from] item: Leftovers\n|-damage|p1a: Ninetales|32\/100 tox|[from] psn\n|upkeep\n|turn|39\n|\n|t:|1700593366\n|move|p1a: Ninetales|Encore|p2a: Umbreon\n|-start|p2a: Umbreon|Encore\n|move|p2a: Umbreon|Wish||[still]\n|-fail|p2a: Umbreon\n|\n|-weather|Snow|[upkeep]\n|-heal|p2a: Umbreon|100\/100|[from] move: Wish|[wisher] Umbreon\n|-damage|p1a: Ninetales|14\/100 tox|[from] psn\n|upkeep\n|turn|40\n|\n|t:|1700593369\n|move|p1a: Ninetales|Aurora Veil|p1a: Ninetales\n|-sidestart|p1: BlastFilms|move: Aurora Veil\n|move|p2a: Umbreon|Wish|p2a: Umbreon\n|\n|-weather|Snow|[upkeep]\n|-damage|p1a: Ninetales|0 fnt|[from] psn\n|faint|p1a: Ninetales\n|upkeep\n|\n|t:|1700593372\n|switch|p1a: Garganacl|Garganacl, M|87\/100\n|-damage|p1a: Garganacl|75\/100|[from] Stealth Rock\n|-damage|p1a: Garganacl|50\/100|[from] Spikes\n|turn|41\n|\n|t:|1700593375\n|switch|p2a: Dipplin|Dipplin, M|29\/100\n|move|p1a: Garganacl|Recover|p1a: Garganacl\n|-heal|p1a: Garganacl|99\/100\n|\n|-weather|none\n|-heal|p2a: Dipplin|82\/100|[from] move: Wish|[wisher] Umbreon\n|upkeep\n|turn|42\n|\n|t:|1700593380\n|move|p1a: Garganacl|Salt Cure|p2a: Dipplin\n|-damage|p2a: Dipplin|77\/100\n|-start|p2a: Dipplin|Salt Cure\n|move|p2a: Dipplin|Dragon Tail|p1a: Garganacl|[miss]\n|-miss|p2a: Dipplin|p1a: Garganacl\n|\n|-damage|p2a: Dipplin|64\/100|[from] Salt Cure\n|upkeep\n|turn|43\n|c|\u2606BlastFilms|i lose this psure\n|\n|t:|1700593389\n|move|p1a: Garganacl|Iron Defense|p1a: Garganacl\n|-boost|p1a: Garganacl|def|2\n|move|p2a: Dipplin|Dragon Tail|p1a: Garganacl\n|-damage|p1a: Garganacl|98\/100\n|-damage|p2a: Dipplin|48\/100|[from] item: Rocky Helmet|[of] p1a: Garganacl\n|drag|p1a: Slowking|Slowking, F|100\/100\n|\n|-damage|p2a: Dipplin|35\/100|[from] Salt Cure\n|upkeep\n|turn|44\n|\n|t:|1700593394\n|switch|p2a: Garganacl|Garganacl, M|100\/100\n|move|p1a: Slowking|Thunder Wave|p2a: Garganacl\n|-immune|p2a: Garganacl|[from] ability: Purifying Salt\n|\n|upkeep\n|turn|45\n|\n|t:|1700593422\n|move|p1a: Slowking|Chilly Reception|p1a: Slowking\n|-weather|Snow\n|c|\u2606BlastFilms|what slowking is faster\n|inactive|BlastFilms has 120 seconds left.\n|c|\u2606BlastFilms|!reevo slowking\n|raw|<div class=\"message\"><ul class=\"utilichart\"><li class=\"result\"><span class=\"col numcol\">UU<\/span> <span class=\"col iconcol\"><psicon pokemon=\"slowking\"\/><\/span> <span class=\"col pokemonnamecol\" style=\"white-space:nowrap\"><a href=\"https:\/\/dex.pokemonshowdown.com\/pokemon\/slowking\" target=\"_blank\">Slowking<\/a><\/span> <span class=\"col typecol\"><img src=\"https:\/\/play.pokemonshowdown.com\/sprites\/types\/Water.png\" alt=\"Water\" height=\"14\" width=\"32\"><img src=\"https:\/\/play.pokemonshowdown.com\/sprites\/types\/Psychic.png\" alt=\"Psychic\" height=\"14\" width=\"32\"><\/span> <span style=\"float:left;min-height:26px\"><span class=\"col twoabilitycol\">Oblivious<br \/>Own Tempo<\/span><span class=\"col abilitycol\"><em>Regenerator<\/em><\/span><\/span><span style=\"float:left;min-height:26px\"><span class=\"col statcol\"><em>HP<\/em><br \/>100<\/span> <span class=\"col statcol\"><em>Atk<\/em><br \/>85<\/span> <span class=\"col statcol\"><em>Def<\/em><br \/>95<\/span> <span class=\"col statcol\"><em>SpA<\/em><br \/>160<\/span> <span class=\"col statcol\"><em>SpD<\/em><br \/>180<\/span> <span class=\"col statcol\"><em>Spe<\/em><br \/>45<\/span> <span class=\"col bstcol\"><em>BST<br \/>665<\/em><\/span> <\/span><\/li><li style=\"clear:both\"><\/li><\/ul><\/div>\n|c|\u2606BlastFilms|!reevo gargnacl\n|error|Error: Pok\u00e9mon gargnacl not found.\n|c|\u2606BlastFilms|!reevo garganacl\n|raw|<div class=\"message\"><ul class=\"utilichart\"><li class=\"result\"><span class=\"col numcol\">UUBL<\/span> <span class=\"col iconcol\"><psicon pokemon=\"garganacl\"\/><\/span> <span class=\"col pokemonnamecol\" style=\"white-space:nowrap\"><a href=\"https:\/\/dex.pokemonshowdown.com\/pokemon\/garganacl\" target=\"_blank\">Garganacl<\/a><\/span> <span class=\"col typecol\"><img src=\"https:\/\/play.pokemonshowdown.com\/sprites\/types\/Rock.png\" alt=\"Rock\" height=\"14\" width=\"32\"><\/span> <span style=\"float:left;min-height:26px\"><span class=\"col twoabilitycol\">Purifying Salt<br \/>Sturdy<\/span><span class=\"col abilitycol\"><em>Clear Body<\/em><\/span><\/span><span style=\"float:left;min-height:26px\"><span class=\"col statcol\"><em>HP<\/em><br \/>140<\/span> <span class=\"col statcol\"><em>Atk<\/em><br \/>140<\/span> <span class=\"col statcol\"><em>Def<\/em><br \/>160<\/span> <span class=\"col statcol\"><em>SpA<\/em><br \/>55<\/span> <span class=\"col statcol\"><em>SpD<\/em><br \/>115<\/span> <span class=\"col statcol\"><em>Spe<\/em><br \/>35<\/span> <span class=\"col bstcol\"><em>BST<br \/>645<\/em><\/span> <\/span><\/li><li style=\"clear:both\"><\/li><\/ul><\/div>\n|c|\u2606BlastFilms|damn\n|\n|t:|1700593449\n|switch|p1a: Dragonite|Dragonite, M|94\/100 tox|[from] Chilly Reception\n|move|p2a: Garganacl|Salt Cure|p1a: Dragonite\n|-supereffective|p1a: Dragonite\n|-damage|p1a: Dragonite|80\/100 tox\n|-start|p1a: Dragonite|Salt Cure\n|\n|-weather|Snow|[upkeep]\n|-damage|p1a: Dragonite|74\/100 tox|[from] psn\n|-damage|p1a: Dragonite|62\/100 tox|[from] Salt Cure\n|upkeep\n|turn|46\n|\n|t:|1700593457\n|switch|p2a: Umbreon|Umbreon, M|100\/100\n|move|p1a: Dragonite|Roost|p1a: Dragonite\n|-heal|p1a: Dragonite|100\/100 tox\n|-singleturn|p1a: Dragonite|move: Roost\n|\n|-weather|Snow|[upkeep]\n|-damage|p1a: Dragonite|88\/100 tox|[from] psn\n|-damage|p1a: Dragonite|76\/100 tox|[from] Salt Cure\n|upkeep\n|turn|47\n|\n|t:|1700593461\n|switch|p1a: Slowking|Slowking, F|100\/100\n|move|p2a: Umbreon|Foul Play|p1a: Slowking\n|-supereffective|p1a: Slowking\n|-damage|p1a: Slowking|83\/100\n|\n|-weather|Snow|[upkeep]\n|-sideend|p1: BlastFilms|move: Aurora Veil\n|upkeep\n|turn|48\n|\n|t:|1700593468\n|switch|p2a: Toxapex|Toxapex, M|69\/100 par\n|move|p1a: Slowking|Scald|p2a: Toxapex\n|-resisted|p2a: Toxapex\n|-damage|p2a: Toxapex|60\/100 par\n|\n|-weather|Snow|[upkeep]\n|upkeep\n|turn|49\n|\n|t:|1700593472\n|switch|p2a: Dipplin|Dipplin, M|35\/100\n|move|p1a: Slowking|Chilly Reception|p1a: Slowking\n|\n|t:|1700593475\n|switch|p1a: Baxcalibur|Baxcalibur, M|100\/100|[from] Chilly Reception\n|-status|p1a: Baxcalibur|tox\n|-damage|p1a: Baxcalibur|76\/100 tox|[from] Stealth Rock\n|-damage|p1a: Baxcalibur|51\/100 tox|[from] Spikes\n|\n|-weather|none\n|-damage|p1a: Baxcalibur|44\/100 tox|[from] psn\n|upkeep\n|turn|50\n|\n|t:|1700593479\n|switch|p2a: Umbreon|Umbreon, M|100\/100\n|move|p1a: Baxcalibur|Icicle Spear|p2a: Umbreon\n|-damage|p2a: Umbreon|94\/100\n|-damage|p2a: Umbreon|87\/100\n|-damage|p2a: Umbreon|81\/100\n|-damage|p2a: Umbreon|75\/100\n|-damage|p2a: Umbreon|68\/100\n|-hitcount|p2a: Umbreon|5\n|\n|-heal|p2a: Umbreon|74\/100|[from] item: Leftovers\n|-damage|p1a: Baxcalibur|32\/100 tox|[from] psn\n|upkeep\n|turn|51\n|\n|t:|1700593483\n|move|p1a: Baxcalibur|Scale Shot|p2a: Umbreon\n|-damage|p2a: Umbreon|68\/100\n|-damage|p2a: Umbreon|62\/100\n|-damage|p2a: Umbreon|56\/100\n|-damage|p2a: Umbreon|50\/100\n|-hitcount|p2a: Umbreon|4\n|-unboost|p1a: Baxcalibur|def|1\n|-boost|p1a: Baxcalibur|spe|1\n|move|p2a: Umbreon|Wish|p2a: Umbreon\n|\n|-heal|p2a: Umbreon|56\/100|[from] item: Leftovers\n|-damage|p1a: Baxcalibur|14\/100 tox|[from] psn\n|upkeep\n|turn|52\n|\n|t:|1700593491\n|move|p1a: Baxcalibur|Dragon Dance|p1a: Baxcalibur\n|-boost|p1a: Baxcalibur|atk|1\n|-boost|p1a: Baxcalibur|spe|1\n|move|p2a: Umbreon|Foul Play|p1a: Baxcalibur\n|-damage|p1a: Baxcalibur|0 fnt\n|faint|p1a: Baxcalibur\n|\n|-heal|p2a: Umbreon|100\/100|[from] move: Wish|[wisher] Umbreon\n|upkeep\n|-message|BlastFilms forfeited.\n|\n|win|jb291\n|n|\u2606BlastFilms|blastfilms\n|n|\u2606jb291|jb291\n|n|+KaenSoul|kaensoul\n|n| AAAPE Reborn 3|aaapereborn3\n","uploadtime":1700593497,"views":1,"p1id":"blastfilms","p2id":"jb291","formatid":"gen9anythinggoes","rating":0,"private":0,"password":""}