{"id":"gen9anythinggoes-1977794365","p1":"Flacko2nice","p2":"artanjules","format":"[Gen 9] Anything Goes","log":"|j|\u2606Flacko2nice\n|j|\u2606artanjules\n|t:|1698450427\n|gametype|singles\n|player|p1|Flacko2nice|hoopster|\n|player|p2|artanjules|2|\n|teamsize|p1|6\n|teamsize|p2|6\n|gen|9\n|tier|[Gen 9] Anything Goes\n|rule|HP Percentage Mod: HP is shown in percentages\n|rule|Endless Battle Clause: Forcing endless battles is banned\n|clearpoke\n|poke|p1|Annihilape, F|\n|poke|p1|Hatterene, F|\n|poke|p1|Raichu, M|\n|poke|p1|Grimmsnarl, M|\n|poke|p1|Volcarona, F|\n|poke|p1|Greninja-*, M|\n|poke|p2|Electrode-Hisui|\n|poke|p2|Moltres-Galar|\n|poke|p2|Sylveon, F|\n|poke|p2|Dragalge, F|\n|poke|p2|Gholdengo|\n|poke|p2|Gligar, F|\n|teampreview\n|j| caligulahar\n|\n|t:|1698450453\n|start\n|switch|p1a: Pain 1993|Grimmsnarl, M, shiny|100\/100\n|switch|p2a: Electronics|Gligar, F|100\/100\n|turn|1\n|\n|t:|1698450462\n|switch|p1a: Take Care|Hatterene, F|100\/100\n|move|p2a: Electronics|Toxic|p1a: Take Care\n|move|p1a: Take Care|Toxic|p2a: Electronics|[from]ability: Magic Bounce\n|-immune|p2a: Electronics|[from] ability: Immunity\n|\n|upkeep\n|turn|2\n|\n|t:|1698450475\n|move|p2a: Electronics|U-turn|p1a: Take Care\n|-damage|p1a: Take Care|89\/100\n|\n|t:|1698450480\n|switch|p2a: Volleyball|Gholdengo|100\/100|[from] U-turn\n|move|p1a: Take Care|Calm Mind|p1a: Take Care\n|-boost|p1a: Take Care|spa|1\n|-boost|p1a: Take Care|spd|1\n|\n|-heal|p1a: Take Care|95\/100|[from] item: Leftovers\n|upkeep\n|turn|3\n|\n|t:|1698450506\n|switch|p1a: 21 Savage|Greninja, M|100\/100\n|move|p2a: Volleyball|Make It Rain|p1a: 21 Savage\n|-resisted|p1a: 21 Savage\n|-damage|p1a: 21 Savage|44\/100\n|-unboost|p2a: Volleyball|spa|1\n|\n|upkeep\n|turn|4\n|inactive|Battle timer is ON: inactive players will automatically lose when time's up. (requested by artanjules)\n|\n|t:|1698450557\n|move|p1a: 21 Savage|Ice Beam|p2a: Volleyball\n|-resisted|p2a: Volleyball\n|-damage|p2a: Volleyball|86\/100\n|move|p2a: Volleyball|Recover|p2a: Volleyball\n|-heal|p2a: Volleyball|100\/100\n|\n|upkeep\n|turn|5\n|\n|t:|1698450571\n|switch|p1a: Hotline Bling|Volcarona, F|100\/100\n|move|p2a: Volleyball|Nasty Plot|p2a: Volleyball\n|-boost|p2a: Volleyball|spa|2\n|\n|upkeep\n|turn|6\n|\n|t:|1698450577\n|switch|p2a: Poltergeist|Dragalge, F|100\/100\n|move|p1a: Hotline Bling|Fiery Dance|p2a: Poltergeist\n|-resisted|p2a: Poltergeist\n|-damage|p2a: Poltergeist|86\/100\n|-boost|p1a: Hotline Bling|spa|1\n|\n|-heal|p2a: Poltergeist|92\/100|[from] item: Leftovers\n|upkeep\n|turn|7\n|\n|t:|1698450598\n|switch|p1a: Take Care|Hatterene, F|95\/100\n|move|p2a: Poltergeist|Haze|p2a: Poltergeist\n|-clearallboost\n|\n|-heal|p2a: Poltergeist|98\/100|[from] item: Leftovers\n|-heal|p1a: Take Care|100\/100|[from] item: Leftovers\n|upkeep\n|turn|8\n|inactive|Flacko2nice has 270 seconds left.\n|\n|t:|1698450624\n|switch|p2a: Stronghold|Moltres-Galar|100\/100\n|move|p1a: Take Care|Calm Mind|p1a: Take Care\n|-boost|p1a: Take Care|spa|1\n|-boost|p1a: Take Care|spd|1\n|\n|upkeep\n|turn|9\n|inactive|Flacko2nice has 270 seconds left.\n|\n|t:|1698450647\n|switch|p2a: Volleyball|Gholdengo|100\/100\n|move|p1a: Take Care|Dazzling Gleam|p2a: Volleyball\n|-resisted|p2a: Volleyball\n|-damage|p2a: Volleyball|63\/100\n|\n|upkeep\n|turn|10\n|\n|t:|1698450666\n|switch|p1a: Hotline Bling|Volcarona, F|100\/100\n|move|p2a: Volleyball|Make It Rain|p1a: Hotline Bling\n|-resisted|p1a: Hotline Bling\n|-damage|p1a: Hotline Bling|64\/100\n|-unboost|p2a: Volleyball|spa|1\n|\n|upkeep\n|turn|11\n|\n|t:|1698450678\n|switch|p2a: Poltergeist|Dragalge, F|98\/100\n|move|p1a: Hotline Bling|Bug Buzz|p2a: Poltergeist\n|-resisted|p2a: Poltergeist\n|-damage|p2a: Poltergeist|80\/100\n|\n|-heal|p2a: Poltergeist|86\/100|[from] item: Leftovers\n|upkeep\n|turn|12\n|\n|t:|1698450697\n|switch|p1a: Take Care|Hatterene, F|100\/100\n|move|p2a: Poltergeist|Toxic Spikes|p1a: Take Care\n|move|p1a: Take Care|Toxic Spikes|p2a: Poltergeist|[from]ability: Magic Bounce\n|-sidestart|p2: artanjules|move: Toxic Spikes\n|\n|-heal|p2a: Poltergeist|92\/100|[from] item: Leftovers\n|upkeep\n|turn|13\n|inactive|Flacko2nice has 240 seconds left.\n|\n|t:|1698450725\n|move|p2a: Poltergeist|Haze|p2a: Poltergeist\n|-clearallboost\n|move|p1a: Take Care|Psychic|p2a: Poltergeist\n|-supereffective|p2a: Poltergeist\n|-damage|p2a: Poltergeist|32\/100\n|\n|-heal|p2a: Poltergeist|38\/100|[from] item: Leftovers\n|upkeep\n|turn|14\n|\n|t:|1698450744\n|switch|p2a: Volleyball|Gholdengo|63\/100\n|move|p1a: Take Care|Calm Mind|p1a: Take Care\n|-boost|p1a: Take Care|spa|1\n|-boost|p1a: Take Care|spd|1\n|\n|upkeep\n|turn|15\n|\n|t:|1698450752\n|switch|p1a: Hotline Bling|Volcarona, F|64\/100\n|move|p2a: Volleyball|Make It Rain|p1a: Hotline Bling\n|-resisted|p1a: Hotline Bling\n|-damage|p1a: Hotline Bling|27\/100\n|-unboost|p2a: Volleyball|spa|1\n|\n|upkeep\n|turn|16\n|\n|t:|1698450768\n|switch|p2a: Electronics|Gligar, F|100\/100\n|move|p1a: Hotline Bling|Morning Sun|p1a: Hotline Bling\n|-heal|p1a: Hotline Bling|77\/100\n|\n|upkeep\n|turn|17\n|inactive|Flacko2nice has 240 seconds left.\n|\n|t:|1698450781\n|switch|p1a: Take Care|Hatterene, F|100\/100\n|move|p2a: Electronics|Knock Off|p1a: Take Care\n|-damage|p1a: Take Care|86\/100\n|-enditem|p1a: Take Care|Leftovers|[from] move: Knock Off|[of] p2a: Electronics\n|\n|upkeep\n|turn|18\n|inactive|Flacko2nice has 240 seconds left.\n|\n|t:|1698450791\n|move|p2a: Electronics|U-turn|p1a: Take Care\n|-damage|p1a: Take Care|75\/100\n|\n|t:|1698450796\n|switch|p2a: Volleyball|Gholdengo|63\/100|[from] U-turn\n|move|p1a: Take Care|Calm Mind|p1a: Take Care\n|-boost|p1a: Take Care|spa|1\n|-boost|p1a: Take Care|spd|1\n|\n|upkeep\n|turn|19\n|\n|t:|1698450803\n|move|p2a: Volleyball|Make It Rain|p1a: Take Care\n|-supereffective|p1a: Take Care\n|-damage|p1a: Take Care|0 fnt\n|-unboost|p2a: Volleyball|spa|1\n|faint|p1a: Take Care\n|\n|upkeep\n|\n|t:|1698450812\n|switch|p1a: Hotline Bling|Volcarona, F|77\/100\n|turn|20\n|\n|t:|1698450817\n|switch|p2a: Electronics|Gligar, F|100\/100\n|move|p1a: Hotline Bling|Fiery Dance|p2a: Electronics\n|-damage|p2a: Electronics|56\/100\n|\n|upkeep\n|turn|21\n|\n|t:|1698450832\n|move|p1a: Hotline Bling|Quiver Dance|p1a: Hotline Bling\n|-boost|p1a: Hotline Bling|spa|1\n|-boost|p1a: Hotline Bling|spd|1\n|-boost|p1a: Hotline Bling|spe|1\n|move|p2a: Electronics|Stealth Rock|p1a: Hotline Bling\n|-sidestart|p1: Flacko2nice|move: Stealth Rock\n|\n|upkeep\n|turn|22\n|\n|t:|1698450847\n|switch|p2a: Poltergeist|Dragalge, F|38\/100\n|-sideend|p2: artanjules|move: Toxic Spikes|[of] p2a: Poltergeist\n|move|p1a: Hotline Bling|Fiery Dance|p2a: Poltergeist\n|-resisted|p2a: Poltergeist\n|-damage|p2a: Poltergeist|15\/100\n|\n|-heal|p2a: Poltergeist|21\/100|[from] item: Leftovers\n|upkeep\n|turn|23\n|inactive|artanjules has 270 seconds left.\n|\n|t:|1698450889\n|switch|p2a: Pencil|Sylveon, F|100\/100\n|move|p1a: Hotline Bling|Fiery Dance|p2a: Pencil\n|-damage|p2a: Pencil|44\/100\n|\n|upkeep\n|turn|24\n|\n|t:|1698450916\n|move|p1a: Hotline Bling|Quiver Dance|p1a: Hotline Bling\n|-boost|p1a: Hotline Bling|spa|1\n|-boost|p1a: Hotline Bling|spd|1\n|-boost|p1a: Hotline Bling|spe|1\n|move|p2a: Pencil|Wish|p2a: Pencil\n|\n|upkeep\n|turn|25\n|\n|t:|1698450921\n|move|p1a: Hotline Bling|Fiery Dance|p2a: Pencil\n|-damage|p2a: Pencil|0 fnt\n|-boost|p1a: Hotline Bling|spa|1\n|faint|p2a: Pencil\n|\n|upkeep\n|l|\u2606artanjules\n|inactive|artanjules disconnected and has 300 seconds to reconnect!\n|player|p2|\n|inactive|artanjules has 270 seconds to reconnect!\n|inactive|artanjules has 240 seconds to reconnect!\n|inactive|artanjules has 210 seconds to reconnect!\n|inactive|artanjules has 180 seconds to reconnect!\n|inactive|artanjules has 150 seconds to reconnect!\n|j|\u2606artanjules\n|inactive|artanjules reconnected and has 260 seconds left.\n|player|p2|artanjules|2\n|\n|t:|1698451096\n|switch|p2a: Stronghold|Moltres-Galar|100\/100\n|turn|26\n|\n|t:|1698451103\n|move|p1a: Hotline Bling|Fiery Dance|p2a: Stronghold\n|-damage|p2a: Stronghold|3\/100\n|-boost|p1a: Hotline Bling|spa|1\n|-ability|p2a: Stronghold|Berserk|boost\n|-boost|p2a: Stronghold|spa|1\n|move|p2a: Stronghold|Hurricane|p1a: Hotline Bling\n|-supereffective|p1a: Hotline Bling\n|-damage|p1a: Hotline Bling|0 fnt\n|faint|p1a: Hotline Bling\n|\n|upkeep\n|\n|t:|1698451115\n|switch|p1a: 21 Savage|Greninja, M|44\/100\n|-damage|p1a: 21 Savage|32\/100|[from] Stealth Rock\n|turn|27\n|\n|t:|1698451135\n|switch|p2a: Volleyball|Gholdengo|63\/100\n|move|p1a: 21 Savage|Water Shuriken|p2a: Volleyball\n|-damage|p2a: Volleyball|56\/100\n|-crit|p2a: Volleyball\n|-damage|p2a: Volleyball|43\/100\n|-damage|p2a: Volleyball|35\/100\n|-crit|p2a: Volleyball\n|-damage|p2a: Volleyball|22\/100\n|-damage|p2a: Volleyball|14\/100\n|-hitcount|p2a: Volleyball|5\n|\n|upkeep\n|turn|28\n|inactive|Flacko2nice has 270 seconds left.\n|inactive|artanjules has 240 seconds left.\n|\n|t:|1698451161\n|move|p1a: 21 Savage|Water Shuriken|p2a: Volleyball\n|-damage|p2a: Volleyball|7\/100\n|-damage|p2a: Volleyball|0 fnt\n|faint|p2a: Volleyball\n|-ability|p1a: 21 Savage|Battle Bond|boost\n|-boost|p1a: 21 Savage|atk|1\n|-boost|p1a: 21 Savage|spa|1\n|-boost|p1a: 21 Savage|spe|1\n|-activate|p1a: 21 Savage|ability: Battle Bond\n|-hitcount|p2: Volleyball|2\n|\n|upkeep\n|\n|t:|1698451170\n|switch|p2a: Baby|Electrode-Hisui|100\/100\n|turn|29\n|inactive|Flacko2nice has 270 seconds left.\n|inactive|Flacko2nice has 240 seconds left.\n|\n|t:|1698451211\n|switch|p1a: Pain 1993|Grimmsnarl, M, shiny|100\/100\n|-damage|p1a: Pain 1993|88\/100|[from] Stealth Rock\n|-terastallize|p2a: Baby|Electric\n|move|p2a: Baby|Thunderbolt|p1a: Pain 1993\n|-damage|p1a: Pain 1993|54\/100\n|\n|upkeep\n|turn|30\n|inactive|Flacko2nice has 240 seconds left.\n|inactive|artanjules has 240 seconds left.\n|\n|t:|1698451221\n|move|p1a: Pain 1993|Light Screen|p1a: Pain 1993\n|-sidestart|p1: Flacko2nice|move: Light Screen\n|move|p2a: Baby|Taunt|p1a: Pain 1993\n|-start|p1a: Pain 1993|move: Taunt\n|\n|upkeep\n|turn|31\n|inactive|artanjules has 240 seconds left.\n|inactive|Flacko2nice has 240 seconds left.\n|\n|t:|1698451235\n|move|p2a: Baby|Thunderbolt|p1a: Pain 1993\n|-damage|p1a: Pain 1993|36\/100\n|move|p1a: Pain 1993|Play Rough|p2a: Baby\n|-crit|p2a: Baby\n|-damage|p2a: Baby|33\/100\n|\n|upkeep\n|turn|32\n|inactive|artanjules has 240 seconds left.\n|\n|t:|1698451250\n|switch|p2a: Electronics|Gligar, F|56\/100\n|move|p1a: Pain 1993|Play Rough|p2a: Electronics\n|-damage|p2a: Electronics|39\/100\n|\n|upkeep\n|turn|33\n|inactive|artanjules has 240 seconds left.\n|inactive|Flacko2nice has 240 seconds left.\n|\n|t:|1698451266\n|switch|p1a: Papi's Home|Raichu, M|100\/100\n|-damage|p1a: Papi's Home|88\/100|[from] Stealth Rock\n|move|p2a: Electronics|Toxic|p1a: Papi's Home\n|-status|p1a: Papi's Home|tox\n|\n|-damage|p1a: Papi's Home|82\/100 tox|[from] psn\n|upkeep\n|turn|34\n|inactive|artanjules has 240 seconds left.\n|\n|t:|1698451284\n|switch|p2a: Poltergeist|Dragalge, F|21\/100\n|move|p1a: Papi's Home|Surf|p2a: Poltergeist\n|-resisted|p2a: Poltergeist\n|-damage|p2a: Poltergeist|9\/100\n|-damage|p1a: Papi's Home|72\/100 tox|[from] item: Life Orb\n|\n|-heal|p2a: Poltergeist|15\/100|[from] item: Leftovers\n|-damage|p1a: Papi's Home|60\/100 tox|[from] psn\n|upkeep\n|turn|35\n|inactive|artanjules has 240 seconds left.\n|inactive|Flacko2nice has 240 seconds left.\n|\n|t:|1698451312\n|switch|p1a: For All The Apes|Annihilape, F|100\/100\n|-damage|p1a: For All The Apes|94\/100|[from] Stealth Rock\n|move|p2a: Poltergeist|Draco Meteor|p1a: For All The Apes\n|-damage|p1a: For All The Apes|71\/100\n|-unboost|p2a: Poltergeist|spa|2\n|\n|-heal|p1a: For All The Apes|77\/100|[from] item: Leftovers\n|-heal|p2a: Poltergeist|21\/100|[from] item: Leftovers\n|upkeep\n|turn|36\n|\n|t:|1698451325\n|switch|p2a: Electronics|Gligar, F|39\/100\n|move|p1a: For All The Apes|Rage Fist|p2a: Electronics\n|-damage|p2a: Electronics|19\/100\n|\n|-heal|p1a: For All The Apes|83\/100|[from] item: Leftovers\n|upkeep\n|turn|37\n|inactive|Flacko2nice has 210 seconds left.\n|j| lyyl\n|l| lyyl\n|\n|t:|1698451366\n|switch|p1a: Papi's Home|Raichu, M|60\/100 tox\n|-damage|p1a: Papi's Home|48\/100 tox|[from] Stealth Rock\n|move|p2a: Electronics|Toxic|p1a: Papi's Home\n|-fail|p1a: Papi's Home|tox\n|\n|-damage|p1a: Papi's Home|42\/100 tox|[from] psn\n|-sideend|p1: Flacko2nice|move: Light Screen\n|upkeep\n|turn|38\n|\n|t:|1698451379\n|switch|p2a: Poltergeist|Dragalge, F|21\/100\n|move|p1a: Papi's Home|Surf|p2a: Poltergeist\n|-resisted|p2a: Poltergeist\n|-damage|p2a: Poltergeist|10\/100\n|-damage|p1a: Papi's Home|32\/100 tox|[from] item: Life Orb\n|\n|-heal|p2a: Poltergeist|16\/100|[from] item: Leftovers\n|-damage|p1a: Papi's Home|20\/100 tox|[from] psn\n|upkeep\n|turn|39\n|inactive|Flacko2nice has 180 seconds left.\n|\n|t:|1698451409\n|switch|p1a: Pain 1993|Grimmsnarl, M, shiny|36\/100\n|-damage|p1a: Pain 1993|23\/100|[from] Stealth Rock\n|move|p2a: Poltergeist|Draco Meteor|p1a: Pain 1993\n|-immune|p1a: Pain 1993\n|\n|-heal|p2a: Poltergeist|22\/100|[from] item: Leftovers\n|upkeep\n|turn|40\n|inactive|Flacko2nice has 180 seconds left.\n|inactive|artanjules has 210 seconds left.\n|\n|t:|1698451434\n|move|p1a: Pain 1993|Play Rough|p2a: Poltergeist\n|-damage|p2a: Poltergeist|0 fnt\n|faint|p2a: Poltergeist\n|\n|upkeep\n|inactive|artanjules has 210 seconds left.\n|\n|t:|1698451440\n|switch|p2a: Electronics|Gligar, F|19\/100\n|turn|41\n|inactive|Flacko2nice has 180 seconds left.\n|\n|t:|1698451451\n|move|p2a: Electronics|U-turn|p1a: Pain 1993\n|-damage|p1a: Pain 1993|8\/100\n|inactive|artanjules has 210 seconds left.\n|\n|t:|1698451466\n|switch|p2a: Baby|Electrode-Hisui, tera:Electric|33\/100|[from] U-turn\n|move|p1a: Pain 1993|Play Rough|p2a: Baby\n|-damage|p2a: Baby|0 fnt\n|-damage|p1a: Pain 1993|0 fnt|[from] ability: Aftermath|[of] p2a: Baby\n|faint|p2a: Baby\n|faint|p1a: Pain 1993\n|\n|upkeep\n|inactive|Flacko2nice has 180 seconds left.\n|inactive|artanjules has 210 seconds left.\n|\n|t:|1698451483\n|switch|p2a: Electronics|Gligar, F|19\/100\n|switch|p1a: 21 Savage|Greninja, M|32\/100\n|-damage|p1a: 21 Savage|19\/100|[from] Stealth Rock\n|turn|42\n|inactive|Flacko2nice has 180 seconds left.\n|inactive|artanjules has 210 seconds left.\n|\n|t:|1698451500\n|move|p1a: 21 Savage|Ice Beam|p2a: Electronics\n|-supereffective|p2a: Electronics\n|-damage|p2a: Electronics|0 fnt\n|faint|p2a: Electronics\n|\n|upkeep\n|\n|t:|1698451505\n|switch|p2a: Stronghold|Moltres-Galar|3\/100\n|turn|43\n|\n|t:|1698451512\n|move|p1a: 21 Savage|Ice Beam|p2a: Stronghold\n|-supereffective|p2a: Stronghold\n|-damage|p2a: Stronghold|0 fnt\n|faint|p2a: Stronghold\n|\n|win|Flacko2nice\n","uploadtime":1698451518,"views":8,"p1id":"flacko2nice","p2id":"artanjules","formatid":"gen9anythinggoes","rating":0,"private":0,"password":""}