{"id":"gen9anythinggoes-2000154823","p1":"wwwyyy","p2":"arafatr871","format":"[Gen 9] Anything Goes","log":"|j|\u2606wwwyyy\n|j|\u2606arafatr871\n|t:|1701164287\n|gametype|singles\n|player|p1|wwwyyy|erika|1625\n|player|p2|arafatr871|ingo|1690\n|teamsize|p1|6\n|teamsize|p2|6\n|gen|9\n|tier|[Gen 9] Anything Goes\n|rated|\n|rule|HP Percentage Mod: HP is shown in percentages\n|rule|Endless Battle Clause: Forcing endless battles is banned\n|clearpoke\n|poke|p1|Calyrex-Shadow|\n|poke|p1|Arceus-Ground|\n|poke|p1|Koraidon|\n|poke|p1|Arceus|\n|poke|p1|Eternatus|\n|poke|p1|Arceus-Fairy|\n|poke|p2|Calyrex-Shadow|\n|poke|p2|Koraidon|\n|poke|p2|Miraidon|\n|poke|p2|Ting-Lu|\n|poke|p2|Arceus|\n|poke|p2|Clodsire, M|\n|teampreview\n|inactive|Battle timer is ON: inactive players will automatically lose when time's up. (requested by arafatr871)\n|\n|t:|1701164296\n|start\n|switch|p1a: Arceus|Arceus-Ground|100\/100\n|switch|p2a: Koraidon|Koraidon|100\/100\n|-weather|SunnyDay|[from] ability: Orichalcum Pulse|[of] p2a: Koraidon\n|-activate|p2a: Koraidon|Orichalcum Pulse|[source]\n|turn|1\n|\n|t:|1701164302\n|move|p2a: Koraidon|Swords Dance|p2a: Koraidon\n|-boost|p2a: Koraidon|atk|2\n|move|p1a: Arceus|Stealth Rock|p2a: Koraidon\n|-sidestart|p2: arafatr871|move: Stealth Rock\n|\n|-weather|SunnyDay|[upkeep]\n|upkeep\n|turn|2\n|\n|t:|1701164307\n|move|p2a: Koraidon|Scale Shot|p1a: Arceus\n|-damage|p1a: Arceus|74\/100\n|-damage|p1a: Arceus|49\/100\n|-hitcount|p1a: Arceus|2\n|-unboost|p2a: Koraidon|def|1\n|-boost|p2a: Koraidon|spe|1\n|move|p1a: Arceus|Judgment|p2a: Koraidon\n|-damage|p2a: Koraidon|45\/100\n|\n|-weather|SunnyDay|[upkeep]\n|upkeep\n|turn|3\n|\n|t:|1701164318\n|switch|p1a: Arceus|Arceus-Fairy|100\/100\n|move|p2a: Koraidon|Scale Shot|p1a: Arceus\n|-immune|p1a: Arceus\n|\n|-weather|SunnyDay|[upkeep]\n|upkeep\n|turn|4\n|\n|t:|1701164323\n|-terastallize|p2a: Koraidon|Fire\n|move|p2a: Koraidon|Iron Head|p1a: Arceus\n|-supereffective|p1a: Arceus\n|-damage|p1a: Arceus|2\/100\n|move|p1a: Arceus|Judgment|p2a: Koraidon\n|-resisted|p2a: Koraidon\n|-damage|p2a: Koraidon|22\/100\n|\n|-weather|SunnyDay|[upkeep]\n|upkeep\n|turn|5\n|\n|t:|1701164330\n|move|p2a: Koraidon|Flame Charge|p1a: Arceus\n|-damage|p1a: Arceus|0 fnt\n|-boost|p2a: Koraidon|spe|1\n|faint|p1a: Arceus\n|\n|-weather|none\n|upkeep\n|\n|t:|1701164332\n|switch|p1a: Arceus|Arceus|100\/100\n|turn|6\n|\n|t:|1701164338\n|switch|p2a: Ting-Lu|Ting-Lu|100\/100\n|-damage|p2a: Ting-Lu|94\/100|[from] Stealth Rock\n|-ability|p2a: Ting-Lu|Vessel of Ruin\n|move|p1a: Arceus|Extreme Speed|p2a: Ting-Lu\n|-crit|p2a: Ting-Lu\n|-damage|p2a: Ting-Lu|67\/100\n|\n|-heal|p2a: Ting-Lu|73\/100|[from] item: Leftovers\n|upkeep\n|turn|7\n|\n|t:|1701164345\n|switch|p1a: Koraidon|Koraidon|100\/100\n|-weather|SunnyDay|[from] ability: Orichalcum Pulse|[of] p1a: Koraidon\n|-activate|p1a: Koraidon|Orichalcum Pulse|[source]\n|move|p2a: Ting-Lu|Stealth Rock|p1a: Koraidon\n|-sidestart|p1: wwwyyy|move: Stealth Rock\n|\n|-weather|SunnyDay|[upkeep]\n|-heal|p2a: Ting-Lu|79\/100|[from] item: Leftovers\n|upkeep\n|turn|8\n|\n|t:|1701164354\n|move|p1a: Koraidon|U-turn|p2a: Ting-Lu\n|-supereffective|p2a: Ting-Lu\n|-damage|p2a: Ting-Lu|50\/100\n|\n|t:|1701164357\n|switch|p1a: Arceus|Arceus-Ground|49\/100|[from] U-turn\n|-damage|p1a: Arceus|43\/100|[from] Stealth Rock\n|move|p2a: Ting-Lu|Spikes|p1a: Arceus\n|-sidestart|p1: wwwyyy|Spikes\n|\n|-weather|SunnyDay|[upkeep]\n|-heal|p2a: Ting-Lu|56\/100|[from] item: Leftovers\n|upkeep\n|turn|9\n|\n|t:|1701164365\n|move|p1a: Arceus|Taunt|p2a: Ting-Lu\n|-start|p2a: Ting-Lu|move: Taunt\n|move|p2a: Ting-Lu|Ruination|p1a: Arceus\n|-damage|p1a: Arceus|22\/100\n|\n|-weather|SunnyDay|[upkeep]\n|-heal|p2a: Ting-Lu|62\/100|[from] item: Leftovers\n|upkeep\n|turn|10\n|\n|t:|1701164374\n|move|p1a: Arceus|Icy Wind|p2a: Ting-Lu\n|-supereffective|p2a: Ting-Lu\n|-damage|p2a: Ting-Lu|42\/100\n|-unboost|p2a: Ting-Lu|spe|1\n|move|p2a: Ting-Lu|Ruination|p1a: Arceus\n|-damage|p1a: Arceus|11\/100\n|\n|-weather|SunnyDay|[upkeep]\n|-heal|p2a: Ting-Lu|48\/100|[from] item: Leftovers\n|upkeep\n|turn|11\n|\n|t:|1701164384\n|move|p1a: Arceus|Icy Wind|p2a: Ting-Lu|[miss]\n|-miss|p1a: Arceus|p2a: Ting-Lu\n|move|p2a: Ting-Lu|Ruination|p1a: Arceus\n|-damage|p1a: Arceus|6\/100\n|\n|-weather|none\n|-heal|p2a: Ting-Lu|54\/100|[from] item: Leftovers\n|-end|p2a: Ting-Lu|move: Taunt\n|upkeep\n|turn|12\n|\n|t:|1701164390\n|move|p1a: Arceus|Taunt|p2a: Ting-Lu\n|-start|p2a: Ting-Lu|move: Taunt\n|move|p2a: Ting-Lu|Ruination|p1a: Arceus\n|-damage|p1a: Arceus|3\/100\n|\n|-heal|p2a: Ting-Lu|60\/100|[from] item: Leftovers\n|upkeep\n|turn|13\n|\n|t:|1701164397\n|move|p1a: Arceus|Judgment|p2a: Ting-Lu\n|-damage|p2a: Ting-Lu|24\/100\n|move|p2a: Ting-Lu|Ruination|p1a: Arceus\n|-damage|p1a: Arceus|2\/100\n|\n|-heal|p2a: Ting-Lu|30\/100|[from] item: Leftovers\n|upkeep\n|turn|14\n|\n|t:|1701164412\n|move|p1a: Arceus|Judgment|p2a: Ting-Lu\n|-damage|p2a: Ting-Lu|0 fnt\n|faint|p2a: Ting-Lu\n|\n|upkeep\n|\n|t:|1701164417\n|switch|p2a: Koraidon|Koraidon, tera:Fire|22\/100\n|-damage|p2a: Koraidon|0 fnt|[from] Stealth Rock\n|faint|p2a: Koraidon\n|\n|t:|1701164427\n|switch|p2a: Calyrex|Calyrex-Shadow|100\/100\n|-ability|p2a: Calyrex|As One\n|-ability|p2a: Calyrex|Unnerve\n|-damage|p2a: Calyrex|88\/100|[from] Stealth Rock\n|turn|15\n|\n|t:|1701164432\n|switch|p1a: Arceus|Arceus|100\/100\n|move|p2a: Calyrex|Psychic|p1a: Arceus\n|-damage|p1a: Arceus|64\/100\n|\n|upkeep\n|turn|16\n|\n|t:|1701164438\n|move|p2a: Calyrex|Psychic|p1a: Arceus\n|-damage|p1a: Arceus|25\/100\n|move|p1a: Arceus|Shadow Claw|p2a: Calyrex\n|-supereffective|p2a: Calyrex\n|-damage|p2a: Calyrex|0 fnt\n|faint|p2a: Calyrex\n|\n|upkeep\n|\n|t:|1701164443\n|switch|p2a: Clodsire|Clodsire, M|100\/100\n|-damage|p2a: Clodsire|94\/100|[from] Stealth Rock\n|turn|17\n|\n|t:|1701164447\n|move|p1a: Arceus|Swords Dance|p1a: Arceus\n|-boost|p1a: Arceus|atk|2\n|move|p2a: Clodsire|Toxic Spikes|p1a: Arceus\n|-sidestart|p1: wwwyyy|move: Toxic Spikes\n|\n|-heal|p2a: Clodsire|100\/100|[from] item: Leftovers\n|upkeep\n|turn|18\n|\n|t:|1701164452\n|move|p1a: Arceus|Extreme Speed|p2a: Clodsire\n|-damage|p2a: Clodsire|52\/100\n|move|p2a: Clodsire|Toxic|p1a: Arceus\n|-status|p1a: Arceus|tox\n|\n|-heal|p2a: Clodsire|58\/100|[from] item: Leftovers\n|-damage|p1a: Arceus|19\/100 tox|[from] psn\n|upkeep\n|turn|19\n|\n|t:|1701164460\n|move|p1a: Arceus|Extreme Speed|p2a: Clodsire\n|-damage|p2a: Clodsire|9\/100\n|move|p2a: Clodsire|Toxic Spikes|p1a: Arceus\n|-sidestart|p1: wwwyyy|move: Toxic Spikes\n|\n|-heal|p2a: Clodsire|15\/100|[from] item: Leftovers\n|-damage|p1a: Arceus|7\/100 tox|[from] psn\n|upkeep\n|turn|20\n|\n|t:|1701164467\n|move|p1a: Arceus|Extreme Speed|p2a: Clodsire\n|-damage|p2a: Clodsire|0 fnt\n|faint|p2a: Clodsire\n|\n|-damage|p1a: Arceus|0 fnt|[from] psn\n|faint|p1a: Arceus\n|upkeep\n|\n|t:|1701164473\n|switch|p1a: Eternatus|Eternatus|100\/100\n|switch|p2a: Arceus|Arceus, shiny|100\/100\n|-damage|p1a: Eternatus|88\/100|[from] Stealth Rock\n|-damage|p1a: Eternatus|76\/100|[from] Spikes\n|-sideend|p1: wwwyyy|move: Toxic Spikes|[of] p1a: Eternatus\n|-ability|p1a: Eternatus|Pressure\n|turn|21\n|\n|t:|1701164480\n|-terastallize|p1a: Eternatus|Dragon\n|move|p2a: Arceus|Extreme Speed|p1a: Eternatus\n|-damage|p1a: Eternatus|43\/100\n|move|p1a: Eternatus|Dynamax Cannon|p2a: Arceus\n|-damage|p2a: Arceus|33\/100\n|-damage|p1a: Eternatus|33\/100|[from] item: Life Orb\n|\n|upkeep\n|turn|22\n|\n|t:|1701164489\n|move|p2a: Arceus|Extreme Speed|p1a: Eternatus\n|-damage|p1a: Eternatus|1\/100\n|move|p1a: Eternatus|Dynamax Cannon|p2a: Arceus\n|-damage|p2a: Arceus|0 fnt\n|faint|p2a: Arceus\n|-damage|p1a: Eternatus|0 fnt|[from] item: Life Orb\n|faint|p1a: Eternatus\n|\n|upkeep\n|\n|t:|1701164498\n|switch|p1a: Koraidon|Koraidon|100\/100\n|switch|p2a: Miraidon|Miraidon|100\/100\n|-damage|p1a: Koraidon|94\/100|[from] Stealth Rock\n|-damage|p1a: Koraidon|82\/100|[from] Spikes\n|-weather|SunnyDay|[from] ability: Orichalcum Pulse|[of] p1a: Koraidon\n|-activate|p1a: Koraidon|Orichalcum Pulse|[source]\n|-damage|p2a: Miraidon|88\/100|[from] Stealth Rock\n|-fieldstart|move: Electric Terrain|[from] ability: Hadron Engine|[of] p2a: Miraidon\n|turn|23\n|\n|t:|1701164503\n|move|p1a: Koraidon|Outrage|p2a: Miraidon\n|-supereffective|p2a: Miraidon\n|-damage|p2a: Miraidon|0 fnt\n|faint|p2a: Miraidon\n|\n|win|wwwyyy\n|raw|wwwyyy's rating: 1625 &rarr; <strong>1649<\/strong><br \/>(+24 for winning)\n|raw|arafatr871's rating: 1690 &rarr; <strong>1666<\/strong><br \/>(-24 for losing)\n|l|\u2606wwwyyy\n|l|\u2606arafatr871\n","uploadtime":1701164553,"views":0,"p1id":"wwwyyy","p2id":"arafatr871","formatid":"gen9anythinggoes","rating":1649,"private":0,"password":""}