{"id":"gen9anythinggoes-1978428382","p1":"i'm drunk xd","p2":"Bidoofisyes","format":"[Gen 9] Anything Goes","log":"|j|\u2606i'm drunk xd\n|j|\u2606Bidoofisyes\n|t:|1698537674\n|gametype|singles\n|player|p1|i'm drunk xd|cynthia|1319\n|player|p2|Bidoofisyes|riley|1263\n|teamsize|p1|6\n|teamsize|p2|6\n|gen|9\n|tier|[Gen 9] Anything Goes\n|rated|\n|rule|HP Percentage Mod: HP is shown in percentages\n|rule|Endless Battle Clause: Forcing endless battles is banned\n|clearpoke\n|poke|p1|Ogerpon, F|\n|poke|p1|Tinkaton, F|\n|poke|p1|Iron Valiant|\n|poke|p1|Gholdengo|\n|poke|p1|Grimmsnarl, M|\n|poke|p1|Miraidon|\n|poke|p2|Armarouge, M|\n|poke|p2|Annihilape, M|\n|poke|p2|Palafin, F|\n|poke|p2|Miraidon|\n|poke|p2|Fezandipiti, M|\n|poke|p2|Kingambit, F|\n|teampreview\n|l|\u2606Bidoofisyes\n|player|p2|\n|j|\u2606Bidoofisyes\n|player|p2|Bidoofisyes|riley\n|\n|t:|1698537686\n|start\n|switch|p1a: Drinkaton|Tinkaton, F|100\/100\n|switch|p2a: W glow up|Palafin, F, shiny|100\/100\n|turn|1\n|\n|t:|1698537693\n|move|p2a: W glow up|Flip Turn|p1a: Drinkaton\n|-damage|p1a: Drinkaton|70\/100\n|\n|t:|1698537702\n|detailschange|p2a: W glow up|Palafin-Hero, F, shiny\n|switch|p2a: Cuban link|Fezandipiti, M|100\/100|[from] Flip Turn\n|move|p1a: Drinkaton|Stealth Rock|p2a: Cuban link\n|-sidestart|p2: Bidoofisyes|move: Stealth Rock\n|\n|upkeep\n|turn|2\n|\n|t:|1698537716\n|switch|p2a: Mega man|Armarouge, M, shiny|100\/100\n|-damage|p2a: Mega man|76\/100|[from] Stealth Rock\n|move|p1a: Drinkaton|Knock Off|p2a: Mega man\n|-supereffective|p2a: Mega man\n|-damage|p2a: Mega man|21\/100\n|-ability|p2a: Mega man|Weak Armor|boost\n|-unboost|p2a: Mega man|def|1\n|-boost|p2a: Mega man|spe|2\n|-enditem|p2a: Mega man|Life Orb|[from] move: Knock Off|[of] p1a: Drinkaton\n|\n|upkeep\n|turn|3\n|\n|t:|1698537730\n|switch|p1a: e621|Miraidon|100\/100\n|-fieldstart|move: Electric Terrain|[from] ability: Hadron Engine|[of] p1a: e621\n|move|p2a: Mega man|Armor Cannon|p1a: e621\n|-resisted|p1a: e621\n|-damage|p1a: e621|73\/100\n|-unboost|p2a: Mega man|def|1\n|-unboost|p2a: Mega man|spd|1\n|\n|upkeep\n|turn|4\n|\n|t:|1698537745\n|move|p1a: e621|Volt Switch|p2a: Mega man\n|-damage|p2a: Mega man|0 fnt\n|faint|p2a: Mega man\n|\n|t:|1698537750\n|switch|p1a: Murder Drone|Iron Valiant, shiny|100\/100|[from] Volt Switch\n|-activate|p1a: Murder Drone|ability: Quark Drive\n|-start|p1a: Murder Drone|quarkdrivespe\n|\n|upkeep\n|\n|t:|1698537763\n|switch|p2a: Cuban link|Fezandipiti, M|100\/100\n|-damage|p2a: Cuban link|88\/100|[from] Stealth Rock\n|turn|5\n|\n|t:|1698537767\n|move|p1a: Murder Drone|Thunderbolt|p2a: Cuban link\n|-damage|p2a: Cuban link|55\/100\n|move|p2a: Cuban link|Play Rough|p1a: Murder Drone\n|-supereffective|p1a: Murder Drone\n|-enditem|p1a: Murder Drone|Focus Sash\n|-damage|p1a: Murder Drone|1\/100\n|-unboost|p1a: Murder Drone|atk|1\n|\n|upkeep\n|turn|6\n|\n|t:|1698537778\n|switch|p2a: Pls clutch|Kingambit, F, shiny|100\/100\n|-damage|p2a: Pls clutch|94\/100|[from] Stealth Rock\n|-activate|p2a: Pls clutch|ability: Supreme Overlord\n|-start|p2a: Pls clutch|fallen1|[silent]\n|move|p1a: Murder Drone|Destiny Bond|p1a: Murder Drone\n|-singlemove|p1a: Murder Drone|Destiny Bond\n|\n|upkeep\n|turn|7\n|\n|t:|1698537796\n|-end|p2a: Pls clutch|fallen1|[silent]\n|switch|p2a: W glow up|Palafin-Hero, F, shiny|100\/100\n|-damage|p2a: W glow up|88\/100|[from] Stealth Rock\n|-activate|p2a: W glow up|ability: Zero to Hero\n|move|p1a: Murder Drone|Close Combat|p2a: W glow up\n|-damage|p2a: W glow up|55\/100\n|-unboost|p1a: Murder Drone|def|1\n|-unboost|p1a: Murder Drone|spd|1\n|\n|-fieldend|move: Electric Terrain\n|-end|p1a: Murder Drone|Quark Drive\n|upkeep\n|turn|8\n|\n|t:|1698537809\n|-end|p1a: Murder Drone|Quark Drive|[silent]\n|switch|p1a: e621|Miraidon|73\/100\n|-fieldstart|move: Electric Terrain|[from] ability: Hadron Engine|[of] p1a: e621\n|switch|p2a: Cuban link|Fezandipiti, M|55\/100\n|-damage|p2a: Cuban link|42\/100|[from] Stealth Rock\n|\n|upkeep\n|turn|9\n|\n|t:|1698537818\n|move|p1a: e621|Volt Switch|p2a: Cuban link\n|-damage|p2a: Cuban link|0 fnt\n|faint|p2a: Cuban link\n|\n|t:|1698537826\n|switch|p1a: Kain|Grimmsnarl, M, shiny|100\/100|[from] Volt Switch\n|\n|upkeep\n|\n|t:|1698537837\n|switch|p2a: Electro drift|Miraidon|100\/100\n|-damage|p2a: Electro drift|88\/100|[from] Stealth Rock\n|-activate|p2a: Electro drift|ability: Hadron Engine\n|turn|10\n|\n|t:|1698537843\n|-terastallize|p2a: Electro drift|Fairy\n|move|p1a: Kain|Light Screen|p1a: Kain\n|-sidestart|p1: i'm drunk xd|move: Light Screen\n|move|p2a: Electro drift|Dazzling Gleam|p1a: Kain\n|-supereffective|p1a: Kain\n|-crit|p1a: Kain\n|-damage|p1a: Kain|0 fnt\n|faint|p1a: Kain\n|\n|-heal|p2a: Electro drift|94\/100|[from] item: Leftovers\n|upkeep\n|\n|t:|1698537852\n|switch|p1a: Pawn Shop|Gholdengo, shiny|100\/100\n|turn|11\n|\n|t:|1698537858\n|move|p1a: Pawn Shop|Make It Rain|p2a: Electro drift\n|-supereffective|p2a: Electro drift\n|-crit|p2a: Electro drift\n|-damage|p2a: Electro drift|0 fnt\n|-unboost|p1a: Pawn Shop|spa|1\n|faint|p2a: Electro drift\n|\n|upkeep\n|\n|t:|1698537870\n|switch|p2a: He a lil mad|Annihilape, M|100\/100\n|-damage|p2a: He a lil mad|94\/100|[from] Stealth Rock\n|turn|12\n|\n|t:|1698537884\n|switch|p1a: e621|Miraidon|73\/100\n|-activate|p1a: e621|ability: Hadron Engine\n|move|p2a: He a lil mad|Rage Fist|p1a: e621\n|-damage|p1a: e621|53\/100\n|\n|-fieldend|move: Electric Terrain\n|upkeep\n|turn|13\n|\n|t:|1698537899\n|move|p1a: e621|Electro Drift|p2a: He a lil mad\n|-damage|p2a: He a lil mad|41\/100\n|move|p2a: He a lil mad|Rage Fist|p1a: e621\n|-damage|p1a: e621|16\/100\n|\n|upkeep\n|turn|14\n|\n|t:|1698537908\n|move|p1a: e621|Electro Drift|p2a: He a lil mad\n|-damage|p2a: He a lil mad|0 fnt\n|faint|p2a: He a lil mad\n|\n|upkeep\n|\n|t:|1698537914\n|switch|p2a: W glow up|Palafin-Hero, F, shiny|55\/100\n|-damage|p2a: W glow up|42\/100|[from] Stealth Rock\n|turn|15\n|\n|t:|1698537922\n|switch|p1a: Drinkaton|Tinkaton, F|70\/100\n|move|p2a: W glow up|Jet Punch|p1a: Drinkaton\n|-damage|p1a: Drinkaton|23\/100\n|\n|upkeep\n|turn|16\n|\n|t:|1698537930\n|move|p2a: W glow up|Jet Punch|p1a: Drinkaton\n|-damage|p1a: Drinkaton|0 fnt\n|faint|p1a: Drinkaton\n|\n|upkeep\n|\n|t:|1698537938\n|switch|p1a: Cannapon|Ogerpon, F|100\/100\n|turn|17\n|\n|t:|1698537962\n|move|p1a: Cannapon|Swords Dance|p1a: Cannapon\n|-boost|p1a: Cannapon|atk|2\n|move|p2a: W glow up|Flip Turn|p1a: Cannapon\n|-resisted|p1a: Cannapon\n|-damage|p1a: Cannapon|79\/100\n|\n|t:|1698537968\n|switch|p2a: Pls clutch|Kingambit, F, shiny|94\/100|[from] Flip Turn\n|-damage|p2a: Pls clutch|88\/100|[from] Stealth Rock\n|-activate|p2a: Pls clutch|ability: Supreme Overlord\n|-start|p2a: Pls clutch|fallen4|[silent]\n|\n|-sideend|p1: i'm drunk xd|move: Light Screen\n|upkeep\n|turn|18\n|\n|t:|1698537978\n|move|p2a: Pls clutch|Sucker Punch||[still]\n|-fail|p2a: Pls clutch\n|move|p1a: Cannapon|Swords Dance|p1a: Cannapon\n|-boost|p1a: Cannapon|atk|2\n|\n|upkeep\n|turn|19\n|\n|t:|1698537985\n|move|p2a: Pls clutch|Sucker Punch||[still]\n|-fail|p2a: Pls clutch\n|move|p1a: Cannapon|Swords Dance|p1a: Cannapon\n|-boost|p1a: Cannapon|atk|2\n|\n|upkeep\n|turn|20\n|\n|t:|1698537993\n|move|p2a: Pls clutch|Sucker Punch||[still]\n|-fail|p2a: Pls clutch\n|move|p1a: Cannapon|Swords Dance|p1a: Cannapon\n|-boost|p1a: Cannapon|atk|0\n|\n|upkeep\n|turn|21\n|\n|t:|1698537999\n|move|p2a: Pls clutch|Sucker Punch||[still]\n|-fail|p2a: Pls clutch\n|move|p1a: Cannapon|Swords Dance|p1a: Cannapon\n|-boost|p1a: Cannapon|atk|0\n|\n|upkeep\n|turn|22\n|\n|t:|1698538005\n|move|p1a: Cannapon|Swords Dance|p1a: Cannapon\n|-boost|p1a: Cannapon|atk|0\n|move|p2a: Pls clutch|Kowtow Cleave|p1a: Cannapon\n|-damage|p1a: Cannapon|0 fnt\n|faint|p1a: Cannapon\n|\n|upkeep\n|\n|t:|1698538012\n|switch|p1a: Pawn Shop|Gholdengo, shiny|100\/100\n|turn|23\n|\n|t:|1698538021\n|move|p2a: Pls clutch|Sucker Punch|p1a: Pawn Shop\n|-supereffective|p1a: Pawn Shop\n|-damage|p1a: Pawn Shop|0 fnt\n|faint|p1a: Pawn Shop\n|\n|upkeep\n|\n|t:|1698538026\n|switch|p1a: Murder Drone|Iron Valiant, shiny|1\/100\n|turn|24\n|\n|t:|1698538029\n|move|p2a: Pls clutch|Sucker Punch||[still]\n|-fail|p2a: Pls clutch\n|move|p1a: Murder Drone|Destiny Bond|p1a: Murder Drone\n|-singlemove|p1a: Murder Drone|Destiny Bond\n|\n|upkeep\n|turn|25\n|\n|t:|1698538035\n|move|p2a: Pls clutch|Sucker Punch|p1a: Murder Drone\n|-resisted|p1a: Murder Drone\n|-damage|p1a: Murder Drone|0 fnt\n|faint|p1a: Murder Drone\n|-activate|p1a: Murder Drone|move: Destiny Bond\n|-end|p1a: Murder Drone|Quark Drive|[silent]\n|faint|p2a: Pls clutch\n|-end|p2a: Pls clutch|fallen4|[silent]\n|\n|upkeep\n|\n|t:|1698538044\n|switch|p1a: e621|Miraidon|16\/100\n|switch|p2a: W glow up|Palafin-Hero, F, shiny|42\/100\n|-fieldstart|move: Electric Terrain|[from] ability: Hadron Engine|[of] p1a: e621\n|-damage|p2a: W glow up|30\/100|[from] Stealth Rock\n|turn|26\n|\n|t:|1698538051\n|move|p2a: W glow up|Jet Punch|p1a: e621\n|-resisted|p1a: e621\n|-damage|p1a: e621|0 fnt\n|faint|p1a: e621\n|\n|win|Bidoofisyes\n|raw|i&apos;m drunk xd's rating: 1319 &rarr; <strong>1296<\/strong><br \/>(-23 for losing)\n|raw|Bidoofisyes's rating: 1263 &rarr; <strong>1292<\/strong><br \/>(+29 for winning)\n|c|\u2606i'm drunk xd|Good game haha\n|c|\u2606Bidoofisyes|Fr lol\n|l|\u2606Bidoofisyes\n|c|\u2606i'm drunk xd|legit priority moves are my kriptonite\n","uploadtime":1698538122,"views":13,"p1id":"imdrunkxd","p2id":"bidoofisyes","formatid":"gen9anythinggoes","rating":1292,"private":0,"password":""}