{"id":"gen9anythinggoes-1999137459","p1":"BelugaCatSylveon","p2":"Orangeisan","format":"[Gen 9] Anything Goes","log":"|j|\u2606BelugaCatSylveon\n|j|\u2606Orangeisan\n|t:|1701037219\n|gametype|singles\n|player|p1|BelugaCatSylveon|caitlin|1000\n|player|p2|Orangeisan|hilbert-wonderlauncher|1112\n|teamsize|p1|4\n|teamsize|p2|6\n|gen|9\n|tier|[Gen 9] Anything Goes\n|rated|\n|rule|HP Percentage Mod: HP is shown in percentages\n|rule|Endless Battle Clause: Forcing endless battles is banned\n|clearpoke\n|poke|p1|Arceus-Psychic|\n|poke|p1|Arceus-Fairy|\n|poke|p1|Arceus-Ice|\n|poke|p1|Arceus-Rock|\n|poke|p2|Koraidon|\n|poke|p2|Gliscor, F|\n|poke|p2|Volcarona, F|\n|poke|p2|Regieleki|\n|poke|p2|Arceus|\n|poke|p2|Espathra, F|\n|teampreview\n|inactive|Battle timer is ON: inactive players will automatically lose when time's up. (requested by Orangeisan)\n|\n|t:|1701037228\n|start\n|switch|p1a: God of Rock|Arceus-Rock|100\/100\n|switch|p2a: Arceus|Arceus|100\/100\n|turn|1\n|\n|t:|1701037245\n|move|p2a: Arceus|Will-O-Wisp|p1a: God of Rock\n|-status|p1a: God of Rock|brn\n|move|p1a: God of Rock|Zen Headbutt|p2a: Arceus\n|-damage|p2a: Arceus|93\/100\n|\n|-damage|p1a: God of Rock|94\/100 brn|[from] brn\n|upkeep\n|turn|2\n|\n|t:|1701037253\n|move|p2a: Arceus|Tailwind|p2a: Arceus\n|-sidestart|p2: Orangeisan|move: Tailwind\n|move|p1a: God of Rock|Power Gem|p2a: Arceus\n|-damage|p2a: Arceus|70\/100\n|\n|-damage|p1a: God of Rock|88\/100 brn|[from] brn\n|upkeep\n|turn|3\n|\n|t:|1701037263\n|switch|p2a: Regieleki|Regieleki|100\/100\n|move|p1a: God of Rock|Aura Sphere|p2a: Regieleki\n|-damage|p2a: Regieleki|65\/100\n|\n|-damage|p1a: God of Rock|82\/100 brn|[from] brn\n|upkeep\n|turn|4\n|\n|t:|1701037277\n|move|p2a: Regieleki|Light Screen|p2a: Regieleki\n|-sidestart|p2: Orangeisan|move: Light Screen\n|move|p1a: God of Rock|Power Gem|p2a: Regieleki\n|-damage|p2a: Regieleki|36\/100\n|\n|-damage|p1a: God of Rock|76\/100 brn|[from] brn\n|upkeep\n|turn|5\n|\n|t:|1701037286\n|move|p2a: Regieleki|Reflect|p2a: Regieleki\n|-sidestart|p2: Orangeisan|Reflect\n|move|p1a: God of Rock|Zen Headbutt|p2a: Regieleki\n|-damage|p2a: Regieleki|28\/100\n|\n|-damage|p1a: God of Rock|70\/100 brn|[from] brn\n|-sideend|p2: Orangeisan|move: Tailwind\n|upkeep\n|turn|6\n|\n|t:|1701037300\n|switch|p2a: Espathra|Espathra, F|100\/100\n|switch|p1a: God of Ice|Arceus-Ice|100\/100\n|\n|upkeep\n|turn|7\n|\n|t:|1701037310\n|move|p1a: God of Ice|Dazzling Gleam|p2a: Espathra\n|-damage|p2a: Espathra|86\/100\n|move|p2a: Espathra|Calm Mind|p2a: Espathra\n|-boost|p2a: Espathra|spa|1\n|-boost|p2a: Espathra|spd|1\n|\n|-heal|p2a: Espathra|92\/100|[from] item: Leftovers\n|-ability|p2a: Espathra|Speed Boost|boost\n|-boost|p2a: Espathra|spe|1\n|upkeep\n|turn|8\n|\n|t:|1701037319\n|move|p2a: Espathra|Calm Mind|p2a: Espathra\n|-boost|p2a: Espathra|spa|1\n|-boost|p2a: Espathra|spd|1\n|move|p1a: God of Ice|Shadow Claw|p2a: Espathra\n|-supereffective|p2a: Espathra\n|-damage|p2a: Espathra|77\/100\n|\n|-heal|p2a: Espathra|83\/100|[from] item: Leftovers\n|-ability|p2a: Espathra|Speed Boost|boost\n|-boost|p2a: Espathra|spe|1\n|upkeep\n|turn|9\n|\n|t:|1701037329\n|move|p2a: Espathra|Calm Mind|p2a: Espathra\n|-boost|p2a: Espathra|spa|1\n|-boost|p2a: Espathra|spd|1\n|move|p1a: God of Ice|Dazzling Gleam|p2a: Espathra\n|-damage|p2a: Espathra|77\/100\n|\n|-heal|p2a: Espathra|83\/100|[from] item: Leftovers\n|-ability|p2a: Espathra|Speed Boost|boost\n|-boost|p2a: Espathra|spe|1\n|upkeep\n|turn|10\n|\n|t:|1701037339\n|move|p2a: Espathra|Calm Mind|p2a: Espathra\n|-boost|p2a: Espathra|spa|1\n|-boost|p2a: Espathra|spd|1\n|move|p1a: God of Ice|Shadow Claw|p2a: Espathra\n|-supereffective|p2a: Espathra\n|-damage|p2a: Espathra|68\/100\n|\n|-heal|p2a: Espathra|74\/100|[from] item: Leftovers\n|-ability|p2a: Espathra|Speed Boost|boost\n|-boost|p2a: Espathra|spe|1\n|upkeep\n|turn|11\n|\n|t:|1701037349\n|move|p2a: Espathra|Stored Power|p1a: God of Ice\n|-damage|p1a: God of Ice|0 fnt\n|faint|p1a: God of Ice\n|\n|-heal|p2a: Espathra|80\/100|[from] item: Leftovers\n|-sideend|p2: Orangeisan|move: Light Screen\n|-ability|p2a: Espathra|Speed Boost|boost\n|-boost|p2a: Espathra|spe|1\n|upkeep\n|\n|t:|1701037360\n|switch|p1a: God of Psychic|Arceus-Psychic|100\/100\n|turn|12\n|\n|t:|1701037379\n|-terastallize|p2a: Espathra|Psychic\n|move|p2a: Espathra|Stored Power|p1a: God of Psychic\n|-resisted|p1a: God of Psychic\n|-damage|p1a: God of Psychic|0 fnt\n|faint|p1a: God of Psychic\n|\n|-heal|p2a: Espathra|86\/100|[from] item: Leftovers\n|-sideend|p2: Orangeisan|Reflect\n|-ability|p2a: Espathra|Speed Boost|boost\n|-boost|p2a: Espathra|spe|1\n|upkeep\n|\n|t:|1701037387\n|switch|p1a: God of Rock|Arceus-Rock|70\/100 brn\n|turn|13\n|\n|t:|1701037392\n|move|p2a: Espathra|Stored Power|p1a: God of Rock\n|-damage|p1a: God of Rock|0 fnt\n|faint|p1a: God of Rock\n|\n|-heal|p2a: Espathra|92\/100|[from] item: Leftovers\n|upkeep\n|\n|t:|1701037398\n|switch|p1a: God of Fairy|Arceus-Fairy|100\/100\n|turn|14\n|\n|t:|1701037403\n|move|p2a: Espathra|Protect|p2a: Espathra\n|-singleturn|p2a: Espathra|Protect\n|move|p1a: God of Fairy|Stored Power|p2a: Espathra\n|-activate|p2a: Espathra|move: Protect\n|\n|-heal|p2a: Espathra|98\/100|[from] item: Leftovers\n|upkeep\n|turn|15\n|\n|t:|1701037411\n|move|p2a: Espathra|Calm Mind|p2a: Espathra\n|-boost|p2a: Espathra|spa|1\n|-boost|p2a: Espathra|spd|1\n|move|p1a: God of Fairy|Stored Power|p2a: Espathra\n|-resisted|p2a: Espathra\n|-damage|p2a: Espathra|97\/100\n|\n|-heal|p2a: Espathra|100\/100|[from] item: Leftovers\n|upkeep\n|turn|16\n|\n|t:|1701037420\n|move|p2a: Espathra|Calm Mind|p2a: Espathra\n|-boost|p2a: Espathra|spa|1\n|-boost|p2a: Espathra|spd|1\n|move|p1a: God of Fairy|Dazzling Gleam|p2a: Espathra\n|-damage|p2a: Espathra|87\/100\n|\n|-heal|p2a: Espathra|93\/100|[from] item: Leftovers\n|upkeep\n|turn|17\n|\n|t:|1701037430\n|move|p2a: Espathra|Roost|p2a: Espathra\n|-heal|p2a: Espathra|100\/100\n|move|p1a: God of Fairy|Zen Headbutt|p2a: Espathra\n|-resisted|p2a: Espathra\n|-damage|p2a: Espathra|92\/100\n|\n|-heal|p2a: Espathra|98\/100|[from] item: Leftovers\n|upkeep\n|turn|18\n|\n|t:|1701037437\n|move|p2a: Espathra|Stored Power|p1a: God of Fairy\n|-damage|p1a: God of Fairy|0 fnt\n|faint|p1a: God of Fairy\n|\n|win|Orangeisan\n|raw|BelugaCatSylveon's rating: 1000 &rarr; <strong>1000<\/strong><br \/>(+0 for losing)\n|raw|Orangeisan's rating: 1112 &rarr; <strong>1129<\/strong><br \/>(+17 for winning)\n|l|\u2606Orangeisan\n","uploadtime":1701037447,"views":1,"p1id":"belugacatsylveon","p2id":"orangeisan","formatid":"gen9anythinggoes","rating":1000,"private":0,"password":""}