{"id":"gen9anythinggoes-1973371341","p1":"palmtree331","p2":"Arceuso","format":"[Gen 9] Anything Goes","log":"|j|\u2606palmtree331\n|j|\u2606Arceuso\n|t:|1697963610\n|gametype|singles\n|player|p1|palmtree331|dawn-gen4pt|1202\n|player|p2|Arceuso|hero2-conquest|1184\n|teamsize|p1|6\n|teamsize|p2|6\n|gen|9\n|tier|[Gen 9] Anything Goes\n|rated|\n|rule|HP Percentage Mod: HP is shown in percentages\n|rule|Endless Battle Clause: Forcing endless battles is banned\n|clearpoke\n|poke|p1|Azumarill, M|\n|poke|p1|Zoroark, M|\n|poke|p1|Gastly, M|\n|poke|p1|Gholdengo|\n|poke|p1|Spidops, M|\n|poke|p1|Kleavor, M|\n|poke|p2|Arceus|\n|poke|p2|Koraidon|\n|poke|p2|Miraidon|\n|poke|p2|Skeledirge, M|\n|poke|p2|Glimmora, F|\n|poke|p2|Arceus-Ground|\n|teampreview\n|inactive|Battle timer is ON: inactive players will automatically lose when time's up. (requested by Arceuso)\n|\n|t:|1697963618\n|start\n|switch|p1a: Gastly|Gastly, M|100\/100\n|switch|p2a: Glimmora|Glimmora, F|100\/100\n|turn|1\n|\n|t:|1697963633\n|move|p1a: Gastly|Mean Look|p2a: Glimmora\n|-activate|p2a: Glimmora|trapped\n|move|p2a: Glimmora|Stealth Rock|p1a: Gastly\n|-sidestart|p1: palmtree331|move: Stealth Rock\n|\n|upkeep\n|turn|2\n|\n|t:|1697963663\n|switch|p1a: Spidops|Spidops, M|100\/100\n|-damage|p1a: Spidops|76\/100|[from] Stealth Rock\n|move|p2a: Glimmora|Memento|p1a: Spidops\n|-unboost|p1a: Spidops|atk|2\n|-unboost|p1a: Spidops|spa|2\n|faint|p2a: Glimmora\n|\n|upkeep\n|\n|t:|1697963668\n|switch|p2a: Koraidon|Koraidon|100\/100\n|-weather|SunnyDay|[from] ability: Orichalcum Pulse|[of] p2a: Koraidon\n|-activate|p2a: Koraidon|Orichalcum Pulse|[source]\n|turn|3\n|\n|t:|1697963690\n|move|p2a: Koraidon|Flare Blitz|p1a: Spidops\n|-supereffective|p1a: Spidops\n|-crit|p1a: Spidops\n|-damage|p1a: Spidops|0 fnt\n|faint|p1a: Spidops\n|-damage|p2a: Koraidon|82\/100|[from] Recoil\n|\n|-weather|SunnyDay|[upkeep]\n|upkeep\n|\n|t:|1697963698\n|switch|p1a: Gastly|Gastly, M|100\/100\n|-damage|p1a: Gastly|88\/100|[from] Stealth Rock\n|turn|4\n|\n|t:|1697963704\n|move|p1a: Gastly|Destiny Bond|p1a: Gastly\n|-singlemove|p1a: Gastly|Destiny Bond\n|move|p2a: Koraidon|Scale Shot|p1a: Gastly\n|-damage|p1a: Gastly|10\/100\n|-damage|p1a: Gastly|0 fnt\n|faint|p1a: Gastly\n|-activate|p1a: Gastly|move: Destiny Bond\n|faint|p2a: Koraidon\n|-hitcount|p1: Gastly|2\n|\n|-weather|SunnyDay|[upkeep]\n|upkeep\n|\n|t:|1697963717\n|switch|p2a: Miraidon|Miraidon|100\/100\n|switch|p1a: Azumarill|Azumarill, M|100\/100\n|-fieldstart|move: Electric Terrain|[from] ability: Hadron Engine|[of] p2a: Miraidon\n|-enditem|p2a: Miraidon|Electric Seed\n|-boost|p2a: Miraidon|def|1|[from] item: Electric Seed\n|-damage|p1a: Azumarill|88\/100|[from] Stealth Rock\n|turn|5\n|\n|t:|1697963728\n|move|p1a: Azumarill|Protect|p1a: Azumarill\n|-singleturn|p1a: Azumarill|Protect\n|move|p2a: Miraidon|Calm Mind|p2a: Miraidon\n|-boost|p2a: Miraidon|spa|1\n|-boost|p2a: Miraidon|spd|1\n|\n|-weather|SunnyDay|[upkeep]\n|-heal|p1a: Azumarill|94\/100|[from] item: Leftovers\n|upkeep\n|turn|6\n|\n|t:|1697963737\n|move|p2a: Miraidon|Parabolic Charge|p1a: Azumarill\n|-supereffective|p1a: Azumarill\n|-damage|p1a: Azumarill|0 fnt\n|faint|p1a: Azumarill\n|\n|-weather|SunnyDay|[upkeep]\n|upkeep\n|\n|t:|1697963743\n|switch|p1a: Kleavor|Kleavor, M|100\/100\n|-damage|p1a: Kleavor|76\/100|[from] Stealth Rock\n|turn|7\n|\n|t:|1697963750\n|move|p2a: Miraidon|Dragon Pulse|p1a: Kleavor\n|-damage|p1a: Kleavor|0 fnt\n|faint|p1a: Kleavor\n|\n|-weather|none\n|upkeep\n|\n|t:|1697963757\n|switch|p1a: Gholdengo|Gholdengo|100\/100\n|-damage|p1a: Gholdengo|94\/100|[from] Stealth Rock\n|turn|8\n|\n|t:|1697963765\n|move|p2a: Miraidon|Parabolic Charge|p1a: Gholdengo\n|-crit|p1a: Gholdengo\n|-damage|p1a: Gholdengo|0 fnt\n|faint|p1a: Gholdengo\n|\n|upkeep\n|\n|t:|1697963770\n|switch|p1a: Zoroark|Zoroark, M|100\/100\n|-damage|p1a: Zoroark|88\/100|[from] Stealth Rock\n|turn|9\n|\n|t:|1697963774\n|move|p2a: Miraidon|Dragon Pulse|p1a: Zoroark\n|-damage|p1a: Zoroark|0 fnt\n|faint|p1a: Zoroark\n|\n|win|Arceuso\n|raw|palmtree331's rating: 1202 &rarr; <strong>1176<\/strong><br \/>(-26 for losing)\n|raw|Arceuso's rating: 1184 &rarr; <strong>1210<\/strong><br \/>(+26 for winning)\n","uploadtime":1697963781,"views":12,"p1id":"palmtree331","p2id":"arceuso","formatid":"gen9anythinggoes","rating":1176,"private":0,"password":""}